{"version":"2e43f5cf5a5277b33d1f8220c3c7d2fc","result":{"pages":2,"data":[{"SECUCODE":"01228.HK","SECURITY_CODE":"01228","SECURITY_NAME_ABBR":"北海康成-B","ORG_CODE":"10000226235","STD_REPORT_DATE":"2024-06-30 00:00:00","REPORT_DATE":"2024-06-30 00:00:00","DATE_TYPE_CODE":"002","REPORT_TYPE":"2024年中报","PER_NETCASH_OPERATE":-0.254918153334,"PER_OI":0.105437758063,"BPS":-0.659634469885,"BASIC_EPS":-0.58,"DILUTED_EPS":-0.58,"OPERATE_INCOME":44794000,"OPERATE_INCOME_YOY":4.0486864417,"GROSS_PROFIT":29437000,"GROSS_PROFIT_YOY":10.345990928515,"HOLDER_PROFIT":-247269000,"HOLDER_PROFIT_YOY":-13.3424397578,"GROSS_PROFIT_RATIO":65.716390588025,"EPS_TTM":-0.96023588456,"OPERATE_INCOME_QOQ":1.694355066054,"NET_PROFIT_RATIO":-552.0136625441,"ROE_AVG":154.530569391237,"GROSS_PROFIT_QOQ":4.301477463999,"ROA":-76.754786911249,"HOLDER_PROFIT_QOQ":-7.683515601697,"ROE_YEARLY":309.061138782474,"ROIC_YEARLY":-216.087564449882,"TOTAL_ASSETS":248947000,"TOTAL_LIABILITIES":529185000,"TAX_EBT":null,"OCF_SALES":-241.771219359736,"TOTAL_PARENT_EQUITY":-280238000,"DEBT_ASSET_RATIO":212.5693420688,"OPERATE_PROFIT":-242700000,"PRETAX_PROFIT":-247269000,"NETCASH_OPERATE":-108299000,"NETCASH_INVEST":14003000,"NETCASH_FINANCE":11912000,"END_CASH":42913000,"DIVI_RATIO":null,"DIVIDEND_RATE":null,"CURRENT_RATIO":0.244992665177,"COMMON_ACS":5000000000,"CURRENTDEBT_DEBT":78.835945841246,"ISSUED_COMMON_SHARES":424838320,"HK_COMMON_SHARES":424838320,"PER_SHARES":1000,"TOTAL_MARKET_CAP":60327041.44,"HKSK_MARKET_CAP":60327041.44,"PE_TTM":-0.133365145093,"PB_TTM":-0.196473298344,"REPORT_DATE_SQ":"2023-06-30 00:00:00","REPORT_TYPE_SQ":"2023年中报","OPERATE_INCOME_SQ":43051000,"DPS_HKD":null,"OPERATE_INCOME_QOQ_SQ":10.539178442992,"NET_PROFIT_RATIO_SQ":-506.7501335625,"HOLDER_PROFIT_SQ":-218161000,"HOLDER_PROFIT_QOQ_SQ":6.381095196236,"ROE_AVG_SQ":-101.001398161094,"PE_TTM_SQ":-0.423366053538,"PB_TTM_SQ":1.5389605611,"ROA_SQ":-34.326547566974,"START_DATE":"2024-01-01 00:00:00","FISCAL_YEAR":"12-31","CURRENCY":"HKD","IS_CNY_CODE":0,"DPS_HKD_LY":null,"ORG_TYPE":"一般企业","PREMIUM_INCOME":null,"PREMIUM_INCOME_YOY":null,"NET_INTEREST_INCOME":null,"NET_INTEREST_INCOME_YOY":null,"FEE_COMMISSION_INCOME":null,"FEE_COMMISSION_INCOME_YOY":null,"ACCOUNTS_RECE_TDAYS":1.500837633184,"INVENTORY_TDAYS":1.431487695749,"CURRENT_ASSETS_TDAYS":0.287074777615,"TOTAL_ASSETS_TDAYS":0.13904508551,"PREMIUM_EXPENSE":null,"LOAN_DEPOSIT":null,"LOAN_EQUITY":null,"LOAN_ASSETS":null,"DEPOSIT_EQUITY":null,"DEPOSIT_ASSETS":null,"EQUITY_MULTIPLIER":-0.888341338434,"EQUITY_RATIO":-1.888341338434},{"SECUCODE":"01228.HK","SECURITY_CODE":"01228","SECURITY_NAME_ABBR":"北海康成-B","ORG_CODE":"10000226235","STD_REPORT_DATE":"2023-12-31 00:00:00","REPORT_DATE":"2023-12-31 00:00:00","DATE_TYPE_CODE":"001","REPORT_TYPE":"2023年年报","PER_NETCASH_OPERATE":-0.655336373391,"PER_OI":0.242299053905,"BPS":-0.093654451887,"BASIC_EPS":-0.89,"DILUTED_EPS":-0.89,"OPERATE_INCOME":102871000,"OPERATE_INCOME_YOY":30.2626247278,"GROSS_PROFIT":64164000,"GROSS_PROFIT_YOY":31.230825868205,"HOLDER_PROFIT":-378837000,"HOLDER_PROFIT_YOY":21.6428977713,"GROSS_PROFIT_RATIO":62.373263601987,"EPS_TTM":-0.892300518944,"OPERATE_INCOME_QOQ":17.842946331405,"NET_PROFIT_RATIO":-368.2641366371,"ROE_AVG":-281.907377021733,"GROSS_PROFIT_QOQ":20.148303497865,"ROA":-69.042205854346,"HOLDER_PROFIT_QOQ":16.30205203436,"ROE_YEARLY":-281.907377021733,"ROIC_YEARLY":-152.508106737197,"TOTAL_ASSETS":395362000,"TOTAL_LIABILITIES":435150000,"TAX_EBT":null,"OCF_SALES":-270.465923340883,"TOTAL_PARENT_EQUITY":-39788000,"DEBT_ASSET_RATIO":110.0636884678,"OPERATE_PROFIT":-369889000,"PRETAX_PROFIT":-378837000,"NETCASH_OPERATE":-278231000,"NETCASH_INVEST":-26855000,"NETCASH_FINANCE":-28017000,"END_CASH":124901000,"DIVI_RATIO":null,"DIVIDEND_RATE":null,"CURRENT_RATIO":0.639936574731,"COMMON_ACS":5000000000,"CURRENTDEBT_DEBT":75.363667700793,"ISSUED_COMMON_SHARES":424838320,"HK_COMMON_SHARES":424838320,"PER_SHARES":1000,"TOTAL_MARKET_CAP":55228981.6,"HKSK_MARKET_CAP":55228981.6,"PE_TTM":-0.122094851142,"PB_TTM":-0.17986992102,"REPORT_DATE_SQ":"2022-12-31 00:00:00","REPORT_TYPE_SQ":"2022年年报","OPERATE_INCOME_SQ":78972000,"DPS_HKD":null,"OPERATE_INCOME_QOQ_SQ":47.069668696575,"NET_PROFIT_RATIO_SQ":-612.2106569417,"HOLDER_PROFIT_SQ":-483475000,"HOLDER_PROFIT_QOQ_SQ":50.757016342183,"ROE_AVG_SQ":-96.507196994648,"PE_TTM_SQ":-0.671711184002,"PB_TTM_SQ":2.441709749728,"ROA_SQ":-60.640286673436,"START_DATE":"2023-01-01 00:00:00","FISCAL_YEAR":"12-31","CURRENCY":"HKD","IS_CNY_CODE":0,"DPS_HKD_LY":null,"ORG_TYPE":"一般企业","PREMIUM_INCOME":null,"PREMIUM_INCOME_YOY":null,"NET_INTEREST_INCOME":null,"NET_INTEREST_INCOME_YOY":null,"FEE_COMMISSION_INCOME":null,"FEE_COMMISSION_INCOME_YOY":null,"ACCOUNTS_RECE_TDAYS":4.091762459727,"INVENTORY_TDAYS":4.160477239748,"CURRENT_ASSETS_TDAYS":0.287741390499,"TOTAL_ASSETS_TDAYS":0.1874801236,"PREMIUM_EXPENSE":null,"LOAN_DEPOSIT":null,"LOAN_EQUITY":null,"LOAN_ASSETS":null,"DEPOSIT_EQUITY":null,"DEPOSIT_ASSETS":null,"EQUITY_MULTIPLIER":-9.936714587297,"EQUITY_RATIO":-10.936714587313},{"SECUCODE":"01228.HK","SECURITY_CODE":"01228","SECURITY_NAME_ABBR":"北海康成-B","ORG_CODE":"10000226235","STD_REPORT_DATE":"2023-06-30 00:00:00","REPORT_DATE":"2023-06-30 00:00:00","DATE_TYPE_CODE":"002","REPORT_TYPE":"2023年中报","PER_NETCASH_OPERATE":-0.400576899351,"PER_OI":0.101441371831,"BPS":0.290559947605,"BASIC_EPS":-0.51,"DILUTED_EPS":-0.51,"OPERATE_INCOME":43051000,"OPERATE_INCOME_YOY":23.9662520157,"GROSS_PROFIT":26677000,"GROSS_PROFIT_YOY":20.345558713403,"HOLDER_PROFIT":-218161000,"HOLDER_PROFIT_YOY":12.3893627616,"GROSS_PROFIT_RATIO":61.96604027781,"EPS_TTM":-1.06652109088,"OPERATE_INCOME_QOQ":10.539178442992,"NET_PROFIT_RATIO":-506.7501335625,"ROE_AVG":-101.001398161094,"GROSS_PROFIT_QOQ":9.224035668998,"ROA":-34.326547566974,"HOLDER_PROFIT_QOQ":6.381095196236,"ROE_YEARLY":-202.002796322188,"ROIC_YEARLY":-166.399517950067,"TOTAL_ASSETS":569047000,"TOTAL_LIABILITIES":445606000,"TAX_EBT":null,"OCF_SALES":-394.885136233769,"TOTAL_PARENT_EQUITY":123441000,"DEBT_ASSET_RATIO":78.3074157319,"OPERATE_PROFIT":-213702000,"PRETAX_PROFIT":-218161000,"NETCASH_OPERATE":-170002000,"NETCASH_INVEST":-3391000,"NETCASH_FINANCE":-14930000,"END_CASH":271160000,"DIVI_RATIO":null,"DIVIDEND_RATE":null,"CURRENT_RATIO":1.035639609653,"COMMON_ACS":5000000000,"CURRENTDEBT_DEBT":74.163049869167,"ISSUED_COMMON_SHARES":424838320,"HK_COMMON_SHARES":424838320,"PER_SHARES":1000,"TOTAL_MARKET_CAP":55228981.6,"HKSK_MARKET_CAP":55228981.6,"PE_TTM":-0.122094851142,"PB_TTM":-0.17986992102,"REPORT_DATE_SQ":"2022-06-30 00:00:00","REPORT_TYPE_SQ":"2022年中报","OPERATE_INCOME_SQ":34728000,"DPS_HKD":null,"OPERATE_INCOME_QOQ_SQ":72.321170694137,"NET_PROFIT_RATIO_SQ":-717.0352453352,"HOLDER_PROFIT_SQ":-249012000,"HOLDER_PROFIT_QOQ_SQ":8.838483722468,"ROE_AVG_SQ":-41.495222447,"PE_TTM_SQ":-0.671711184002,"PB_TTM_SQ":2.441709749728,"ROA_SQ":-28.705016565109,"START_DATE":"2023-01-01 00:00:00","FISCAL_YEAR":"12-31","CURRENCY":"HKD","IS_CNY_CODE":0,"DPS_HKD_LY":null,"ORG_TYPE":"一般企业","PREMIUM_INCOME":null,"PREMIUM_INCOME_YOY":null,"NET_INTEREST_INCOME":null,"NET_INTEREST_INCOME_YOY":null,"FEE_COMMISSION_INCOME":null,"FEE_COMMISSION_INCOME_YOY":null,"ACCOUNTS_RECE_TDAYS":1.894808652979,"INVENTORY_TDAYS":1.102366445619,"CURRENT_ASSETS_TDAYS":0.101605710557,"TOTAL_ASSETS_TDAYS":0.06773860586,"PREMIUM_EXPENSE":null,"LOAN_DEPOSIT":null,"LOAN_EQUITY":null,"LOAN_ASSETS":null,"DEPOSIT_EQUITY":null,"DEPOSIT_ASSETS":null,"EQUITY_MULTIPLIER":4.609870302408,"EQUITY_RATIO":3.609870302412},{"SECUCODE":"01228.HK","SECURITY_CODE":"01228","SECURITY_NAME_ABBR":"北海康成-B","ORG_CODE":"10000226235","STD_REPORT_DATE":"2022-12-31 00:00:00","REPORT_DATE":"2022-12-31 00:00:00","DATE_TYPE_CODE":"001","REPORT_TYPE":"2022年年报","PER_NETCASH_OPERATE":-0.662230381385,"PER_OI":0.186126570593,"BPS":0.726288061774,"BASIC_EPS":-1.14,"DILUTED_EPS":-1.14,"OPERATE_INCOME":78972000,"OPERATE_INCOME_YOY":153.4321748339,"GROSS_PROFIT":48894000,"GROSS_PROFIT_YOY":160.406902428632,"HOLDER_PROFIT":-483475000,"HOLDER_PROFIT_YOY":55.1093494372,"GROSS_PROFIT_RATIO":61.913083118067,"EPS_TTM":-1.139486700572,"OPERATE_INCOME_QOQ":47.069668696575,"NET_PROFIT_RATIO":-612.2106569417,"ROE_AVG":-96.507196994648,"GROSS_PROFIT_QOQ":43.367346938776,"ROA":-60.640286673436,"HOLDER_PROFIT_QOQ":50.757016342183,"ROE_YEARLY":-96.507196994648,"ROIC_YEARLY":-250.735780316094,"TOTAL_ASSETS":702045000,"TOTAL_LIABILITIES":393490000,"TAX_EBT":null,"OCF_SALES":-355.795725067112,"TOTAL_PARENT_EQUITY":308555000,"DEBT_ASSET_RATIO":56.0491136608,"OPERATE_PROFIT":-476612000,"PRETAX_PROFIT":-483475000,"NETCASH_OPERATE":-280979000,"NETCASH_INVEST":-34786000,"NETCASH_FINANCE":-20704000,"END_CASH":451157000,"DIVI_RATIO":null,"DIVIDEND_RATE":null,"CURRENT_RATIO":1.816436238112,"COMMON_ACS":5000000000,"CURRENTDEBT_DEBT":70.676510203563,"ISSUED_COMMON_SHARES":424838320,"HK_COMMON_SHARES":424838320,"PER_SHARES":1000,"TOTAL_MARKET_CAP":55228981.6,"HKSK_MARKET_CAP":55228981.6,"PE_TTM":-0.122094851142,"PB_TTM":-0.17986992102,"REPORT_DATE_SQ":"2021-12-31 00:00:00","REPORT_TYPE_SQ":"2021年年报","OPERATE_INCOME_SQ":31161000,"DPS_HKD":null,"OPERATE_INCOME_QOQ_SQ":39.860861759425,"NET_PROFIT_RATIO_SQ":-3456.2626359873,"HOLDER_PROFIT_SQ":-1077006000,"HOLDER_PROFIT_QOQ_SQ":-4.207965817655,"ROE_AVG_SQ":204.663528003307,"PE_TTM_SQ":-0.671711184002,"PB_TTM_SQ":2.441709749728,"ROA_SQ":-145.651574164232,"START_DATE":"2022-01-01 00:00:00","FISCAL_YEAR":"12-31","CURRENCY":"HKD","IS_CNY_CODE":0,"DPS_HKD_LY":null,"ORG_TYPE":"一般企业","PREMIUM_INCOME":null,"PREMIUM_INCOME_YOY":null,"NET_INTEREST_INCOME":null,"NET_INTEREST_INCOME_YOY":null,"FEE_COMMISSION_INCOME":null,"FEE_COMMISSION_INCOME_YOY":null,"ACCOUNTS_RECE_TDAYS":5.601844298635,"INVENTORY_TDAYS":2.584908903403,"CURRENT_ASSETS_TDAYS":0.119938855059,"TOTAL_ASSETS_TDAYS":0.09905134121,"PREMIUM_EXPENSE":null,"LOAN_DEPOSIT":null,"LOAN_EQUITY":null,"LOAN_ASSETS":null,"DEPOSIT_EQUITY":null,"DEPOSIT_ASSETS":null,"EQUITY_MULTIPLIER":2.275266970232,"EQUITY_RATIO":1.275266970232},{"SECUCODE":"01228.HK","SECURITY_CODE":"01228","SECURITY_NAME_ABBR":"北海康成-B","ORG_CODE":"10000226235","STD_REPORT_DATE":"2022-06-30 00:00:00","REPORT_DATE":"2022-06-30 00:00:00","DATE_TYPE_CODE":"002","REPORT_TYPE":"2022年中报","PER_NETCASH_OPERATE":-0.347043385456,"PER_OI":0.081868603249,"BPS":1.192936173931,"BASIC_EPS":-0.59,"DILUTED_EPS":-0.59,"OPERATE_INCOME":34728000,"OPERATE_INCOME_YOY":184.842519685,"GROSS_PROFIT":22167000,"GROSS_PROFIT_YOY":224.126334259395,"HOLDER_PROFIT":-249012000,"HOLDER_PROFIT_YOY":27.6554823752,"GROSS_PROFIT_RATIO":63.830338631652,"EPS_TTM":-2.31455375199,"OPERATE_INCOME_QOQ":72.321170694137,"NET_PROFIT_RATIO":-717.0352453352,"ROE_AVG":-41.495222447,"GROSS_PROFIT_QOQ":81.636131231359,"ROA":-28.705016565109,"HOLDER_PROFIT_QOQ":8.838483722468,"ROE_YEARLY":-82.990444894001,"ROIC_YEARLY":-259.022574965998,"TOTAL_ASSETS":842450000,"TOTAL_LIABILITIES":335645000,"TAX_EBT":null,"OCF_SALES":-423.902902557015,"TOTAL_PARENT_EQUITY":506805000,"DEBT_ASSET_RATIO":39.8415336222,"OPERATE_PROFIT":-246530000,"PRETAX_PROFIT":-249012000,"NETCASH_OPERATE":-147213000,"NETCASH_INVEST":-27150000,"NETCASH_FINANCE":-1505000,"END_CASH":593101000,"DIVI_RATIO":null,"DIVIDEND_RATE":null,"CURRENT_RATIO":3.047445782571,"COMMON_ACS":5000000000,"CURRENTDEBT_DEBT":63.950006703511,"ISSUED_COMMON_SHARES":424838320,"HK_COMMON_SHARES":424838320,"PER_SHARES":1000,"TOTAL_MARKET_CAP":55228981.6,"HKSK_MARKET_CAP":55228981.6,"PE_TTM":-0.122094851142,"PB_TTM":-0.17986992102,"REPORT_DATE_SQ":"2021-06-30 00:00:00","REPORT_TYPE_SQ":"2021年中报","OPERATE_INCOME_SQ":12192000,"DPS_HKD":null,"OPERATE_INCOME_QOQ_SQ":24.852899971981,"NET_PROFIT_RATIO_SQ":-2823.187335958,"HOLDER_PROFIT_SQ":-344203000,"HOLDER_PROFIT_QOQ_SQ":-24.839167123658,"ROE_AVG_SQ":18.065297977723,"PE_TTM_SQ":-0.671711184002,"PB_TTM_SQ":2.441709749728,"ROA_SQ":-60.507027596203,"START_DATE":"2022-01-01 00:00:00","FISCAL_YEAR":"12-31","CURRENCY":"HKD","IS_CNY_CODE":0,"DPS_HKD_LY":null,"ORG_TYPE":"一般企业","PREMIUM_INCOME":null,"PREMIUM_INCOME_YOY":null,"NET_INTEREST_INCOME":null,"NET_INTEREST_INCOME_YOY":null,"FEE_COMMISSION_INCOME":null,"FEE_COMMISSION_INCOME_YOY":null,"ACCOUNTS_RECE_TDAYS":2.931375031654,"INVENTORY_TDAYS":1.08989154013,"CURRENT_ASSETS_TDAYS":0.047383393709,"TOTAL_ASSETS_TDAYS":0.040032922722,"PREMIUM_EXPENSE":null,"LOAN_DEPOSIT":null,"LOAN_EQUITY":null,"LOAN_ASSETS":null,"DEPOSIT_EQUITY":null,"DEPOSIT_ASSETS":null,"EQUITY_MULTIPLIER":1.662276417952,"EQUITY_RATIO":0.662276417952},{"SECUCODE":"01228.HK","SECURITY_CODE":"01228","SECURITY_NAME_ABBR":"北海康成-B","ORG_CODE":"10000226235","STD_REPORT_DATE":"2021-12-31 00:00:00","REPORT_DATE":"2021-12-31 00:00:00","DATE_TYPE_CODE":"001","REPORT_TYPE":"2021年年报","PER_NETCASH_OPERATE":-1.383972613151,"PER_OI":0.073459673631,"BPS":1.63212913562,"BASIC_EPS":-11.43,"DILUTED_EPS":-11.43,"OPERATE_INCOME":31161000,"OPERATE_INCOME_YOY":158.984375,"GROSS_PROFIT":18776000,"GROSS_PROFIT_YOY":172.986333236406,"HOLDER_PROFIT":-1077006000,"HOLDER_PROFIT_YOY":-27.2992034684,"GROSS_PROFIT_RATIO":60.254805686595,"EPS_TTM":-2.538959252218,"OPERATE_INCOME_QOQ":39.860861759425,"NET_PROFIT_RATIO":-3456.2626359873,"ROE_AVG":204.663528003307,"GROSS_PROFIT_QOQ":48.885893267782,"ROA":-145.651574164232,"HOLDER_PROFIT_QOQ":-4.207965817655,"ROE_YEARLY":204.663528003307,"ROIC_YEARLY":-578.629509940606,"TOTAL_ASSETS":892522000,"TOTAL_LIABILITIES":199131000,"TAX_EBT":null,"OCF_SALES":-1883.9896023876,"TOTAL_PARENT_EQUITY":693391000,"DEBT_ASSET_RATIO":22.3110466745,"OPERATE_PROFIT":-1073927000,"PRETAX_PROFIT":-1077006000,"NETCASH_OPERATE":-587070000,"NETCASH_INVEST":126094000,"NETCASH_FINANCE":854310000,"END_CASH":745815000,"DIVI_RATIO":null,"DIVIDEND_RATE":null,"CURRENT_RATIO":4.369205511896,"COMMON_ACS":5000000000,"CURRENTDEBT_DEBT":93.295368375592,"ISSUED_COMMON_SHARES":424838320,"HK_COMMON_SHARES":424838320,"PER_SHARES":1000,"TOTAL_MARKET_CAP":55228981.6,"HKSK_MARKET_CAP":55228981.6,"PE_TTM":-0.122094851142,"PB_TTM":-0.17986992102,"REPORT_DATE_SQ":"2020-12-31 00:00:00","REPORT_TYPE_SQ":"2020年年报","OPERATE_INCOME_SQ":12032000,"DPS_HKD":null,"OPERATE_INCOME_QOQ_SQ":719.060585432267,"NET_PROFIT_RATIO_SQ":-7031.6073803191,"HOLDER_PROFIT_SQ":-846043000,"HOLDER_PROFIT_QOQ_SQ":-288.67256230619,"ROE_AVG_SQ":61.833903282366,"PE_TTM_SQ":-0.671711184002,"PB_TTM_SQ":2.441709749728,"ROA_SQ":-250.713578739621,"START_DATE":"2021-01-01 00:00:00","FISCAL_YEAR":"12-31","CURRENCY":"HKD","IS_CNY_CODE":0,"DPS_HKD_LY":null,"ORG_TYPE":"一般企业","PREMIUM_INCOME":null,"PREMIUM_INCOME_YOY":null,"NET_INTEREST_INCOME":null,"NET_INTEREST_INCOME_YOY":null,"FEE_COMMISSION_INCOME":null,"FEE_COMMISSION_INCOME_YOY":null,"ACCOUNTS_RECE_TDAYS":3.851554292071,"INVENTORY_TDAYS":1.769159345761,"CURRENT_ASSETS_TDAYS":0.051815995929,"TOTAL_ASSETS_TDAYS":0.042141350211,"PREMIUM_EXPENSE":null,"LOAN_DEPOSIT":null,"LOAN_EQUITY":null,"LOAN_ASSETS":null,"DEPOSIT_EQUITY":null,"DEPOSIT_ASSETS":null,"EQUITY_MULTIPLIER":1.287184287076,"EQUITY_RATIO":0.287184287076},{"SECUCODE":"01228.HK","SECURITY_CODE":"01228","SECURITY_NAME_ABBR":"北海康成-B","ORG_CODE":"10000226235","STD_REPORT_DATE":"2021-06-30 00:00:00","REPORT_DATE":"2021-06-30 00:00:00","DATE_TYPE_CODE":"002","REPORT_TYPE":"2021年中报","PER_NETCASH_OPERATE":-4.6662465118,"PER_OI":0.1575230784,"BPS":-4.860197168655,"BASIC_EPS":-4.68,"DILUTED_EPS":-4.68,"OPERATE_INCOME":12192000,"OPERATE_INCOME_YOY":527.1604938272,"GROSS_PROFIT":6839000,"GROSS_PROFIT_YOY":518.354430379747,"HOLDER_PROFIT":-344203000,"HOLDER_PROFIT_YOY":-119.6152619154,"GROSS_PROFIT_RATIO":56.094160104987,"EPS_TTM":-13.3532334232,"OPERATE_INCOME_QOQ":24.852899971981,"NET_PROFIT_RATIO":-2823.187335958,"ROE_AVG":18.065297977723,"GROSS_PROFIT_QOQ":25.022305938336,"ROA":-60.507027596203,"HOLDER_PROFIT_QOQ":-24.839167123658,"ROE_YEARLY":36.130595955445,"ROIC_YEARLY":-411.203464496379,"TOTAL_ASSETS":551371000,"TOTAL_LIABILITIES":2616169000,"TAX_EBT":null,"OCF_SALES":-2962.26213910761,"TOTAL_PARENT_EQUITY":-2064798000,"DEBT_ASSET_RATIO":474.484330877,"OPERATE_PROFIT":-342645000,"PRETAX_PROFIT":-344203000,"NETCASH_OPERATE":-361159000,"NETCASH_INVEST":128581000,"NETCASH_FINANCE":315383000,"END_CASH":442100000,"DIVI_RATIO":null,"DIVIDEND_RATE":null,"CURRENT_RATIO":4.760287342086,"COMMON_ACS":5000000000,"CURRENTDEBT_DEBT":3.857740077189,"ISSUED_COMMON_SHARES":424838320,"HK_COMMON_SHARES":424838320,"PER_SHARES":1000,"TOTAL_MARKET_CAP":55228981.6,"HKSK_MARKET_CAP":55228981.6,"PE_TTM":-0.122094851142,"PB_TTM":-0.17986992102,"REPORT_DATE_SQ":"2020-06-30 00:00:00","REPORT_TYPE_SQ":"2020年中报","OPERATE_INCOME_SQ":1944000,"DPS_HKD":null,"OPERATE_INCOME_QOQ_SQ":0,"NET_PROFIT_RATIO_SQ":-8062.2427983539,"HOLDER_PROFIT_SQ":-156730000,"HOLDER_PROFIT_QOQ_SQ":0,"ROE_AVG_SQ":null,"PE_TTM_SQ":-0.671711184002,"PB_TTM_SQ":2.441709749728,"ROA_SQ":null,"START_DATE":"2021-01-01 00:00:00","FISCAL_YEAR":"12-31","CURRENCY":"HKD","IS_CNY_CODE":0,"DPS_HKD_LY":null,"ORG_TYPE":"一般企业","PREMIUM_INCOME":null,"PREMIUM_INCOME_YOY":null,"NET_INTEREST_INCOME":null,"NET_INTEREST_INCOME_YOY":null,"FEE_COMMISSION_INCOME":null,"FEE_COMMISSION_INCOME_YOY":null,"ACCOUNTS_RECE_TDAYS":1.721061547149,"INVENTORY_TDAYS":5.875960482986,"CURRENT_ASSETS_TDAYS":0.027980084385,"TOTAL_ASSETS_TDAYS":0.021432168821,"PREMIUM_EXPENSE":null,"LOAN_DEPOSIT":null,"LOAN_EQUITY":null,"LOAN_ASSETS":null,"DEPOSIT_EQUITY":null,"DEPOSIT_ASSETS":null,"EQUITY_MULTIPLIER":-0.267033869657,"EQUITY_RATIO":-1.267033869657},{"SECUCODE":"01228.HK","SECURITY_CODE":"01228","SECURITY_NAME_ABBR":"北海康成-B","ORG_CODE":"10000226235","STD_REPORT_DATE":"2021-03-31 00:00:00","REPORT_DATE":"2021-03-31 00:00:00","DATE_TYPE_CODE":"003","REPORT_TYPE":"2021年一季报","PER_NETCASH_OPERATE":-0.9141466856,"PER_OI":0.086149743,"BPS":-4.402234713667,"BASIC_EPS":null,"DILUTED_EPS":null,"OPERATE_INCOME":6555000,"OPERATE_INCOME_YOY":783.423180593,"GROSS_PROFIT":3664000,"GROSS_PROFIT_YOY":705.274725274725,"HOLDER_PROFIT":-112363000,"HOLDER_PROFIT_YOY":13.9165543025,"GROSS_PROFIT_RATIO":55.896262395118,"EPS_TTM":-10.8804694028,"OPERATE_INCOME_QOQ":48.312832446809,"NET_PROFIT_RATIO":-1714.1571319603,"ROE_AVG":6.214606146853,"GROSS_PROFIT_QOQ":46.656004652515,"ROA":-20.695479201009,"HOLDER_PROFIT_QOQ":2.147053991346,"ROE_YEARLY":24.858424587414,"ROIC_YEARLY":-284.045313067796,"TOTAL_ASSETS":499512000,"TOTAL_LIABILITIES":2369750000,"TAX_EBT":null,"OCF_SALES":-1061.11365369947,"TOTAL_PARENT_EQUITY":-1870238000,"DEBT_ASSET_RATIO":474.4130271145,"OPERATE_PROFIT":null,"PRETAX_PROFIT":-112363000,"NETCASH_OPERATE":-69556000,"NETCASH_INVEST":130169000,"NETCASH_FINANCE":-12794000,"END_CASH":408601000,"DIVI_RATIO":null,"DIVIDEND_RATE":null,"CURRENT_RATIO":3.615513520376,"COMMON_ACS":5000000000,"CURRENTDEBT_DEBT":4.98596898407,"ISSUED_COMMON_SHARES":424838320,"HK_COMMON_SHARES":424838320,"PER_SHARES":1000,"TOTAL_MARKET_CAP":62026394.72,"HKSK_MARKET_CAP":62026394.72,"PE_TTM":-0.137121909744,"PB_TTM":-0.202007757453,"REPORT_DATE_SQ":"2020-03-31 00:00:00","REPORT_TYPE_SQ":"2020年一季报","OPERATE_INCOME_SQ":742000,"DPS_HKD":null,"OPERATE_INCOME_QOQ_SQ":0,"NET_PROFIT_RATIO_SQ":-17591.3746630728,"HOLDER_PROFIT_SQ":-130528000,"HOLDER_PROFIT_QOQ_SQ":0,"ROE_AVG_SQ":null,"PE_TTM_SQ":-0.662973607913,"PB_TTM_SQ":2.409948145584,"ROA_SQ":null,"START_DATE":"2021-01-01 00:00:00","FISCAL_YEAR":"12-31","CURRENCY":"HKD","IS_CNY_CODE":0,"DPS_HKD_LY":null,"ORG_TYPE":"一般企业","PREMIUM_INCOME":null,"PREMIUM_INCOME_YOY":null,"NET_INTEREST_INCOME":null,"NET_INTEREST_INCOME_YOY":null,"FEE_COMMISSION_INCOME":null,"FEE_COMMISSION_INCOME_YOY":null,"ACCOUNTS_RECE_TDAYS":0.998704959244,"INVENTORY_TDAYS":2.464620630861,"CURRENT_ASSETS_TDAYS":0.016022272303,"TOTAL_ASSETS_TDAYS":0.012073268439,"PREMIUM_EXPENSE":null,"LOAN_DEPOSIT":null,"LOAN_EQUITY":null,"LOAN_ASSETS":null,"DEPOSIT_EQUITY":null,"DEPOSIT_ASSETS":null,"EQUITY_MULTIPLIER":-0.267084723976,"EQUITY_RATIO":-1.267084723976},{"SECUCODE":"01228.HK","SECURITY_CODE":"01228","SECURITY_NAME_ABBR":"北海康成-B","ORG_CODE":"10000226235","STD_REPORT_DATE":"2020-12-31 00:00:00","REPORT_DATE":"2020-12-31 00:00:00","DATE_TYPE_CODE":"001","REPORT_TYPE":"2020年年报","PER_NETCASH_OPERATE":-1.9789760704,"PER_OI":0.1570151936,"BPS":-4.109459805792,"BASIC_EPS":-12.33,"DILUTED_EPS":-12.33,"OPERATE_INCOME":12032000,"OPERATE_INCOME_YOY":719.0605854323,"GROSS_PROFIT":6878000,"GROSS_PROFIT_YOY":612.746113989637,"HOLDER_PROFIT":-846043000,"HOLDER_PROFIT_YOY":-288.6725623062,"GROSS_PROFIT_RATIO":57.164228723404,"EPS_TTM":-11.0406919414,"OPERATE_INCOME_QOQ":719.060585432267,"NET_PROFIT_RATIO":-7031.6073803191,"ROE_AVG":61.833903282366,"GROSS_PROFIT_QOQ":612.746113989637,"ROA":-250.713578739621,"HOLDER_PROFIT_QOQ":-288.67256230619,"ROE_YEARLY":61.833903282366,"ROIC_YEARLY":-563.59469874863,"TOTAL_ASSETS":586358000,"TOTAL_LIABILITIES":2332214000,"TAX_EBT":null,"OCF_SALES":-1260.37234042553,"TOTAL_PARENT_EQUITY":-1745856000,"DEBT_ASSET_RATIO":397.7457457731,"OPERATE_PROFIT":-842170000,"PRETAX_PROFIT":-846043000,"NETCASH_OPERATE":-151648000,"NETCASH_INVEST":-153483000,"NETCASH_FINANCE":679263000,"END_CASH":360804000,"DIVI_RATIO":null,"DIVIDEND_RATE":null,"CURRENT_RATIO":3.617337169181,"COMMON_ACS":5000000000,"CURRENTDEBT_DEBT":4.6352092904,"ISSUED_COMMON_SHARES":424838320,"HK_COMMON_SHARES":424838320,"PER_SHARES":1000,"TOTAL_MARKET_CAP":55228981.6,"HKSK_MARKET_CAP":55228981.6,"PE_TTM":-0.122094851142,"PB_TTM":-0.17986992102,"REPORT_DATE_SQ":"2019-12-31 00:00:00","REPORT_TYPE_SQ":"2019年年报","OPERATE_INCOME_SQ":1469000,"DPS_HKD":null,"OPERATE_INCOME_QOQ_SQ":null,"NET_PROFIT_RATIO_SQ":-14817.9033356025,"HOLDER_PROFIT_SQ":-217675000,"HOLDER_PROFIT_QOQ_SQ":null,"ROE_AVG_SQ":21.973035776655,"PE_TTM_SQ":-0.671711184002,"PB_TTM_SQ":2.441709749728,"ROA_SQ":-245.821569734613,"START_DATE":"2020-01-01 00:00:00","FISCAL_YEAR":"12-31","CURRENCY":"HKD","IS_CNY_CODE":0,"DPS_HKD_LY":null,"ORG_TYPE":"一般企业","PREMIUM_INCOME":null,"PREMIUM_INCOME_YOY":null,"NET_INTEREST_INCOME":null,"NET_INTEREST_INCOME_YOY":null,"FEE_COMMISSION_INCOME":null,"FEE_COMMISSION_INCOME_YOY":null,"ACCOUNTS_RECE_TDAYS":3.15262675226,"INVENTORY_TDAYS":5.154,"CURRENT_ASSETS_TDAYS":0.056099778529,"TOTAL_ASSETS_TDAYS":0.035655230046,"PREMIUM_EXPENSE":null,"LOAN_DEPOSIT":null,"LOAN_EQUITY":null,"LOAN_ASSETS":null,"DEPOSIT_EQUITY":null,"DEPOSIT_ASSETS":null,"EQUITY_MULTIPLIER":-0.335857023718,"EQUITY_RATIO":-1.335857023718}],"count":12},"success":true,"message":"ok","code":0}