{"version":"e2b51a9b3d97eda7848850ea28ae1eaa","result":{"pages":6,"data":[{"SECUCODE":"01222.HK","SECURITY_CODE":"01222","SECURITY_NAME_ABBR":"WANG ON GROUP","ORG_CODE":"10021342","STD_REPORT_DATE":"2024-06-30 00:00:00","REPORT_DATE":"2024-09-30 00:00:00","DATE_TYPE_CODE":"002","REPORT_TYPE":"2024年中报","PER_NETCASH_OPERATE":0.038635274575,"PER_OI":0.07829922411,"BPS":0.341158458856,"BASIC_EPS":0.005500919,"DILUTED_EPS":0.005500919,"OPERATE_INCOME":1109241378.76,"OPERATE_INCOME_YOY":8.2671797585,"GROSS_PROFIT":385879548.16,"GROSS_PROFIT_YOY":-3.260795842913,"HOLDER_PROFIT":77347430.09,"HOLDER_PROFIT_YOY":-22.7065460313,"GROSS_PROFIT_RATIO":34.78769865143,"EPS_TTM":-0.048239896756,"OPERATE_INCOME_QOQ":0,"NET_PROFIT_RATIO":10.7172588948,"ROE_AVG":1.614400047131,"GROSS_PROFIT_QOQ":0,"ROA":0.508805111792,"HOLDER_PROFIT_QOQ":0,"ROE_YEARLY":3.228800094262,"ROIC_YEARLY":1.328650657287,"TOTAL_ASSETS":14547705137.28,"TOTAL_LIABILITIES":7155187826.12,"TAX_EBT":-12.60239337849,"OCF_SALES":49.343112929294,"TOTAL_PARENT_EQUITY":4833088495.81,"DEBT_ASSET_RATIO":49.184306106,"OPERATE_PROFIT":-11014463.06,"PRETAX_PROFIT":105575260.67,"NETCASH_OPERATE":547334226.18,"NETCASH_INVEST":540680819.56,"NETCASH_FINANCE":-1254601810.65,"END_CASH":909649099.85,"DIVI_RATIO":null,"DIVIDEND_RATE":null,"CURRENT_RATIO":1.420391635458,"COMMON_ACS":40000000000,"CURRENTDEBT_DEBT":62.22108260356,"ISSUED_COMMON_SHARES":14166696942,"HK_COMMON_SHARES":14166696942,"PER_SHARES":20000,"TOTAL_MARKET_CAP":311667332.724,"HKSK_MARKET_CAP":311667332.724,"PE_TTM":-0.400063838145,"PB_TTM":0.058152976967,"REPORT_DATE_SQ":"2023-06-30 00:00:00","REPORT_TYPE_SQ":"2023年中报","OPERATE_INCOME_SQ":1042536877.97,"DPS_HKD":null,"OPERATE_INCOME_QOQ_SQ":0,"NET_PROFIT_RATIO_SQ":16.6984268373,"HOLDER_PROFIT_SQ":101827565.84,"HOLDER_PROFIT_QOQ_SQ":0,"ROE_AVG_SQ":1.878079997969,"PE_TTM_SQ":3.542427860062,"PB_TTM_SQ":0.088466625859,"ROA_SQ":0.60225123474,"START_DATE":"2024-04-01 00:00:00","FISCAL_YEAR":"3-31","CURRENCY":"HKD","IS_CNY_CODE":0,"DPS_HKD_LY":null,"ORG_TYPE":"一般企业","PREMIUM_INCOME":null,"PREMIUM_INCOME_YOY":null,"NET_INTEREST_INCOME":null,"NET_INTEREST_INCOME_YOY":null,"FEE_COMMISSION_INCOME":null,"FEE_COMMISSION_INCOME_YOY":null,"ACCOUNTS_RECE_TDAYS":10.858487193181,"INVENTORY_TDAYS":0.157638213481,"CURRENT_ASSETS_TDAYS":0.158360779944,"TOTAL_ASSETS_TDAYS":0.072967865004,"PREMIUM_EXPENSE":null,"LOAN_DEPOSIT":null,"LOAN_EQUITY":null,"LOAN_ASSETS":null,"DEPOSIT_EQUITY":null,"DEPOSIT_ASSETS":null,"EQUITY_MULTIPLIER":1.967895985217,"EQUITY_RATIO":1.480458682336},{"SECUCODE":"01222.HK","SECURITY_CODE":"01222","SECURITY_NAME_ABBR":"WANG ON GROUP","ORG_CODE":"10021342","STD_REPORT_DATE":"2023-12-31 00:00:00","REPORT_DATE":"2024-03-31 00:00:00","DATE_TYPE_CODE":"001","REPORT_TYPE":"2023年年报","PER_NETCASH_OPERATE":-0.010313027531,"PER_OI":0.117097945475,"BPS":0.336999366242,"BASIC_EPS":-0.05004156,"DILUTED_EPS":-0.05004156,"OPERATE_INCOME":1797900782.7,"OPERATE_INCOME_YOY":-44.9630327313,"GROSS_PROFIT":746671748.55,"GROSS_PROFIT_YOY":-19.504775023924,"HOLDER_PROFIT":-683399997.85,"HOLDER_PROFIT_YOY":-5996.8006883605,"GROSS_PROFIT_RATIO":41.530197646874,"EPS_TTM":0.008751916369,"OPERATE_INCOME_QOQ":0,"NET_PROFIT_RATIO":-46.2106841654,"ROE_AVG":-13.482486335258,"GROSS_PROFIT_QOQ":0,"ROA":-4.191565042981,"HOLDER_PROFIT_QOQ":0,"ROE_YEARLY":-13.482486335258,"ROIC_YEARLY":-5.60684930111,"TOTAL_ASSETS":15939546824.75,"TOTAL_LIABILITIES":8579258309.25,"TAX_EBT":-4.363025990945,"OCF_SALES":-8.807180594927,"TOTAL_PARENT_EQUITY":4774167891.2,"DEBT_ASSET_RATIO":53.8237278862,"OPERATE_PROFIT":-711394261.85,"PRETAX_PROFIT":-796088695.6,"NETCASH_OPERATE":-158344368.85,"NETCASH_INVEST":392816273.95,"NETCASH_FINANCE":-325392524.25,"END_CASH":1084196631.45,"DIVI_RATIO":null,"DIVIDEND_RATE":null,"CURRENT_RATIO":1.421939575186,"COMMON_ACS":40000000000,"CURRENTDEBT_DEBT":63.331880403249,"ISSUED_COMMON_SHARES":14166696942,"HK_COMMON_SHARES":14166696942,"PER_SHARES":20000,"TOTAL_MARKET_CAP":325834029.666,"HKSK_MARKET_CAP":325834029.666,"PE_TTM":-0.418248558061,"PB_TTM":0.060796294102,"REPORT_DATE_SQ":"2022-12-31 00:00:00","REPORT_TYPE_SQ":"2022年年报","OPERATE_INCOME_SQ":3154503167.78,"DPS_HKD":null,"OPERATE_INCOME_QOQ_SQ":0,"NET_PROFIT_RATIO_SQ":2.7405342313,"HOLDER_PROFIT_SQ":11191241.44,"HOLDER_PROFIT_QOQ_SQ":0,"ROE_AVG_SQ":0.214710670485,"PE_TTM_SQ":3.646616914769,"PB_TTM_SQ":0.091068585443,"ROA_SQ":0.066507962838,"START_DATE":"2023-04-01 00:00:00","FISCAL_YEAR":"3-31","CURRENCY":"HKD","IS_CNY_CODE":0,"DPS_HKD_LY":0.0004,"ORG_TYPE":"一般企业","PREMIUM_INCOME":null,"PREMIUM_INCOME_YOY":null,"NET_INTEREST_INCOME":null,"NET_INTEREST_INCOME_YOY":null,"FEE_COMMISSION_INCOME":null,"FEE_COMMISSION_INCOME_YOY":null,"ACCOUNTS_RECE_TDAYS":19.653493211773,"INVENTORY_TDAYS":0.246580917826,"CURRENT_ASSETS_TDAYS":0.255985471344,"TOTAL_ASSETS_TDAYS":0.110272433351,"PREMIUM_EXPENSE":null,"LOAN_DEPOSIT":null,"LOAN_EQUITY":null,"LOAN_ASSETS":null,"DEPOSIT_EQUITY":null,"DEPOSIT_ASSETS":null,"EQUITY_MULTIPLIER":2.165614403726,"EQUITY_RATIO":1.797016465438},{"SECUCODE":"01222.HK","SECURITY_CODE":"01222","SECURITY_NAME_ABBR":"WANG ON GROUP","ORG_CODE":"10021342","STD_REPORT_DATE":"2023-06-30 00:00:00","REPORT_DATE":"2023-09-30 00:00:00","DATE_TYPE_CODE":"002","REPORT_TYPE":"2023年中报","PER_NETCASH_OPERATE":-0.023120375388,"PER_OI":0.06790081392,"BPS":0.382221312774,"BASIC_EPS":0.007432803,"DILUTED_EPS":0.007432803,"OPERATE_INCOME":1042536877.97,"OPERATE_INCOME_YOY":-44.5925074092,"GROSS_PROFIT":398886419.96,"GROSS_PROFIT_YOY":-17.124289971372,"HOLDER_PROFIT":101827565.84,"HOLDER_PROFIT_YOY":569.9445220853,"GROSS_PROFIT_RATIO":38.261132856681,"EPS_TTM":0.00072888971,"OPERATE_INCOME_QOQ":0,"NET_PROFIT_RATIO":16.6984268373,"ROE_AVG":1.878079997969,"GROSS_PROFIT_QOQ":0,"ROA":0.60225123474,"HOLDER_PROFIT_QOQ":0,"ROE_YEARLY":3.756159995938,"ROIC_YEARLY":1.623137461172,"TOTAL_ASSETS":16943116649.48,"TOTAL_LIABILITIES":8454618874.94,"TAX_EBT":8.970778753419,"OCF_SALES":-34.050218331002,"TOTAL_PARENT_EQUITY":5414813502.84,"DEBT_ASSET_RATIO":49.9000216421,"OPERATE_PROFIT":2643692.03,"PRETAX_PROFIT":191243268.3,"NETCASH_OPERATE":-354986083.13,"NETCASH_INVEST":269312475.81,"NETCASH_FINANCE":-65159988.67,"END_CASH":1017465391.11,"DIVI_RATIO":null,"DIVIDEND_RATE":null,"CURRENT_RATIO":1.343300631596,"COMMON_ACS":40000000000,"CURRENTDEBT_DEBT":55.06053157864,"ISSUED_COMMON_SHARES":14166696942,"HK_COMMON_SHARES":14166696942,"PER_SHARES":20000,"TOTAL_MARKET_CAP":325834029.666,"HKSK_MARKET_CAP":325834029.666,"PE_TTM":-0.418248558061,"PB_TTM":0.060796294102,"REPORT_DATE_SQ":"2022-06-30 00:00:00","REPORT_TYPE_SQ":"2022年中报","OPERATE_INCOME_SQ":1854535226.76,"DPS_HKD":null,"OPERATE_INCOME_QOQ_SQ":0,"NET_PROFIT_RATIO_SQ":0.1279213296,"HOLDER_PROFIT_SQ":-21356541.72,"HOLDER_PROFIT_QOQ_SQ":0,"ROE_AVG_SQ":-0.400757591894,"PE_TTM_SQ":3.646616914769,"PB_TTM_SQ":0.091068585443,"ROA_SQ":-0.121875105243,"START_DATE":"2023-04-01 00:00:00","FISCAL_YEAR":"3-31","CURRENCY":"HKD","IS_CNY_CODE":0,"DPS_HKD_LY":0.0004,"ORG_TYPE":"一般企业","PREMIUM_INCOME":null,"PREMIUM_INCOME_YOY":null,"NET_INTEREST_INCOME":null,"NET_INTEREST_INCOME_YOY":null,"FEE_COMMISSION_INCOME":null,"FEE_COMMISSION_INCOME_YOY":null,"ACCOUNTS_RECE_TDAYS":12.006414727453,"INVENTORY_TDAYS":0.162175003537,"CURRENT_ASSETS_TDAYS":0.16480901202,"TOTAL_ASSETS_TDAYS":0.061660034475,"PREMIUM_EXPENSE":null,"LOAN_DEPOSIT":null,"LOAN_EQUITY":null,"LOAN_ASSETS":null,"DEPOSIT_EQUITY":null,"DEPOSIT_ASSETS":null,"EQUITY_MULTIPLIER":1.996008846264,"EQUITY_RATIO":1.561386901046},{"SECUCODE":"01222.HK","SECURITY_CODE":"01222","SECURITY_NAME_ABBR":"WANG ON GROUP","ORG_CODE":"10021342","STD_REPORT_DATE":"2022-12-31 00:00:00","REPORT_DATE":"2023-03-31 00:00:00","DATE_TYPE_CODE":"001","REPORT_TYPE":"2022年年报","PER_NETCASH_OPERATE":0.050331231407,"PER_OI":0.197433841954,"BPS":0.365589405355,"BASIC_EPS":0.000787869,"DILUTED_EPS":0.000787869,"OPERATE_INCOME":3154503167.78,"OPERATE_INCOME_YOY":94.1475430769,"GROSS_PROFIT":927597567.15,"GROSS_PROFIT_YOY":41.952413055071,"HOLDER_PROFIT":11191241.44,"HOLDER_PROFIT_YOY":104.1883718949,"GROSS_PROFIT_RATIO":29.405504379405,"EPS_TTM":-0.019253937452,"OPERATE_INCOME_QOQ":0,"NET_PROFIT_RATIO":2.7405342313,"ROE_AVG":0.214710670485,"GROSS_PROFIT_QOQ":0,"ROA":0.066507962838,"HOLDER_PROFIT_QOQ":0,"ROE_YEARLY":0.214710670485,"ROIC_YEARLY":0.090185415542,"TOTAL_ASSETS":16096224948.7,"TOTAL_LIABILITIES":7885434158.64,"TAX_EBT":-0.535488862646,"OCF_SALES":25.492707282838,"TOTAL_PARENT_EQUITY":5179194310.87,"DEBT_ASSET_RATIO":48.9893387038,"OPERATE_PROFIT":58096584.65,"PRETAX_PROFIT":85989773.48,"NETCASH_OPERATE":804168258.79,"NETCASH_INVEST":280805265.7,"NETCASH_FINANCE":-1193870151.44,"END_CASH":1149765244.82,"DIVI_RATIO":null,"DIVIDEND_RATE":null,"CURRENT_RATIO":1.487712640399,"COMMON_ACS":40000000000,"CURRENTDEBT_DEBT":52.030206587606,"ISSUED_COMMON_SHARES":14166696942,"HK_COMMON_SHARES":14166696942,"PER_SHARES":20000,"TOTAL_MARKET_CAP":325834029.666,"HKSK_MARKET_CAP":325834029.666,"PE_TTM":-0.418248558061,"PB_TTM":0.060796294102,"REPORT_DATE_SQ":"2021-12-31 00:00:00","REPORT_TYPE_SQ":"2021年年报","OPERATE_INCOME_SQ":1505267811.41,"DPS_HKD":null,"OPERATE_INCOME_QOQ_SQ":0,"NET_PROFIT_RATIO_SQ":-13.6183952833,"HOLDER_PROFIT_SQ":-247541338.26,"HOLDER_PROFIT_QOQ_SQ":0,"ROE_AVG_SQ":-4.911170416291,"PE_TTM_SQ":3.646616914769,"PB_TTM_SQ":0.091068585443,"ROA_SQ":-1.507201210715,"START_DATE":"2022-04-01 00:00:00","FISCAL_YEAR":"3-31","CURRENCY":"HKD","IS_CNY_CODE":0,"DPS_HKD_LY":null,"ORG_TYPE":"一般企业","PREMIUM_INCOME":null,"PREMIUM_INCOME_YOY":null,"NET_INTEREST_INCOME":null,"NET_INTEREST_INCOME_YOY":null,"FEE_COMMISSION_INCOME":null,"FEE_COMMISSION_INCOME_YOY":null,"ACCOUNTS_RECE_TDAYS":36.407943460184,"INVENTORY_TDAYS":0.525996674272,"CURRENT_ASSETS_TDAYS":0.445710118436,"TOTAL_ASSETS_TDAYS":0.18746765547,"PREMIUM_EXPENSE":null,"LOAN_DEPOSIT":null,"LOAN_EQUITY":null,"LOAN_ASSETS":null,"DEPOSIT_EQUITY":null,"DEPOSIT_ASSETS":null,"EQUITY_MULTIPLIER":1.960374507191,"EQUITY_RATIO":1.522521397216},{"SECUCODE":"01222.HK","SECURITY_CODE":"01222","SECURITY_NAME_ABBR":"WANG ON GROUP","ORG_CODE":"10021342","STD_REPORT_DATE":"2022-06-30 00:00:00","REPORT_DATE":"2022-09-30 00:00:00","DATE_TYPE_CODE":"002","REPORT_TYPE":"2022年中报","PER_NETCASH_OPERATE":0.018972469692,"PER_OI":0.116071531834,"BPS":0.369800465433,"BASIC_EPS":-0.001537548,"DILUTED_EPS":-0.001537548,"OPERATE_INCOME":1854535226.76,"OPERATE_INCOME_YOY":128.7179172569,"GROSS_PROFIT":481306790.4,"GROSS_PROFIT_YOY":27.447478214586,"HOLDER_PROFIT":-21356541.72,"HOLDER_PROFIT_YOY":-150.7871983482,"GROSS_PROFIT_RATIO":25.95296025953,"EPS_TTM":-0.015493101403,"OPERATE_INCOME_QOQ":0,"NET_PROFIT_RATIO":0.1279213296,"ROE_AVG":-0.400757591894,"GROSS_PROFIT_QOQ":0,"ROA":-0.121875105243,"HOLDER_PROFIT_QOQ":0,"ROE_YEARLY":-0.801515183787,"ROIC_YEARLY":-0.329209294359,"TOTAL_ASSETS":16906749377.52,"TOTAL_LIABILITIES":8675961894.96,"TAX_EBT":92.746930649265,"OCF_SALES":16.345497808073,"TOTAL_PARENT_EQUITY":5238851122.8,"DEBT_ASSET_RATIO":51.3165582646,"OPERATE_PROFIT":52448475.6,"PRETAX_PROFIT":32708168.16,"NETCASH_OPERATE":303133014.84,"NETCASH_INVEST":98523362.52,"NETCASH_FINANCE":-145453849.68,"END_CASH":1532008305,"DIVI_RATIO":null,"DIVIDEND_RATE":null,"CURRENT_RATIO":2.022477598585,"COMMON_ACS":40000000000,"CURRENTDEBT_DEBT":40.914226478358,"ISSUED_COMMON_SHARES":14166696942,"HK_COMMON_SHARES":14166696942,"PER_SHARES":20000,"TOTAL_MARKET_CAP":325834029.666,"HKSK_MARKET_CAP":325834029.666,"PE_TTM":-0.418248558061,"PB_TTM":0.060796294102,"REPORT_DATE_SQ":"2021-06-30 00:00:00","REPORT_TYPE_SQ":"2021年中报","OPERATE_INCOME_SQ":746846620.6,"DPS_HKD":null,"OPERATE_INCOME_QOQ_SQ":0,"NET_PROFIT_RATIO_SQ":12.3660506116,"HOLDER_PROFIT_SQ":38732291.64,"HOLDER_PROFIT_QOQ_SQ":0,"ROE_AVG_SQ":0.723975841001,"PE_TTM_SQ":3.646616914769,"PB_TTM_SQ":0.091068585443,"ROA_SQ":0.225724039569,"START_DATE":"2022-04-01 00:00:00","FISCAL_YEAR":"3-31","CURRENCY":"HKD","IS_CNY_CODE":0,"DPS_HKD_LY":null,"ORG_TYPE":"一般企业","PREMIUM_INCOME":null,"PREMIUM_INCOME_YOY":null,"NET_INTEREST_INCOME":null,"NET_INTEREST_INCOME_YOY":null,"FEE_COMMISSION_INCOME":null,"FEE_COMMISSION_INCOME_YOY":null,"ACCOUNTS_RECE_TDAYS":21.08331619643,"INVENTORY_TDAYS":0.302033814115,"CURRENT_ASSETS_TDAYS":0.239335959344,"TOTAL_ASSETS_TDAYS":0.105832526119,"PREMIUM_EXPENSE":null,"LOAN_DEPOSIT":null,"LOAN_EQUITY":null,"LOAN_ASSETS":null,"DEPOSIT_EQUITY":null,"DEPOSIT_ASSETS":null,"EQUITY_MULTIPLIER":2.054086490916,"EQUITY_RATIO":1.656081016924},{"SECUCODE":"01222.HK","SECURITY_CODE":"01222","SECURITY_NAME_ABBR":"WANG ON GROUP","ORG_CODE":"10021342","STD_REPORT_DATE":"2021-12-31 00:00:00","REPORT_DATE":"2022-03-31 00:00:00","DATE_TYPE_CODE":"001","REPORT_TYPE":"2021年年报","PER_NETCASH_OPERATE":-0.140517921273,"PER_OI":0.094211605242,"BPS":0.343017053234,"BASIC_EPS":-0.016706806,"DILUTED_EPS":-0.016706806,"OPERATE_INCOME":1505267811.41,"OPERATE_INCOME_YOY":-3.2451768317,"GROSS_PROFIT":653456709.32,"GROSS_PROFIT_YOY":0.599028740592,"HOLDER_PROFIT":-247541338.26,"HOLDER_PROFIT_YOY":-346.3804849698,"GROSS_PROFIT_RATIO":43.411325504124,"EPS_TTM":0.003182143362,"OPERATE_INCOME_QOQ":0,"NET_PROFIT_RATIO":-13.6183952833,"ROE_AVG":-4.911170416291,"GROSS_PROFIT_QOQ":0,"ROA":-1.507201210715,"HOLDER_PROFIT_QOQ":0,"ROE_YEARLY":-4.911170416291,"ROIC_YEARLY":-2.021090521184,"TOTAL_ASSETS":16265979081.47,"TOTAL_LIABILITIES":8480450149.53,"TAX_EBT":-30.089707100912,"OCF_SALES":-149.151392668589,"TOTAL_PARENT_EQUITY":4859418639.11,"DEBT_ASSET_RATIO":52.1361186256,"OPERATE_PROFIT":-335722455.56,"PRETAX_PROFIT":-157578431.99,"NETCASH_OPERATE":-2244204163.72,"NETCASH_INVEST":2607942959.73,"NETCASH_FINANCE":-597209921.78,"END_CASH":1178749508.34,"DIVI_RATIO":null,"DIVIDEND_RATE":null,"CURRENT_RATIO":1.687097762401,"COMMON_ACS":40000000000,"CURRENTDEBT_DEBT":52.1331251979,"ISSUED_COMMON_SHARES":14166696942,"HK_COMMON_SHARES":14166696942,"PER_SHARES":20000,"TOTAL_MARKET_CAP":325834029.666,"HKSK_MARKET_CAP":325834029.666,"PE_TTM":-0.418248558061,"PB_TTM":0.060796294102,"REPORT_DATE_SQ":"2020-12-31 00:00:00","REPORT_TYPE_SQ":"2020年年报","OPERATE_INCOME_SQ":1621302877.74,"DPS_HKD":null,"OPERATE_INCOME_QOQ_SQ":0,"NET_PROFIT_RATIO_SQ":5.375940346,"HOLDER_PROFIT_SQ":104704279.12,"HOLDER_PROFIT_QOQ_SQ":0,"ROE_AVG_SQ":1.982156844376,"PE_TTM_SQ":3.646616914769,"PB_TTM_SQ":0.091068585443,"ROA_SQ":0.626709366314,"START_DATE":"2021-04-01 00:00:00","FISCAL_YEAR":"3-31","CURRENCY":"HKD","IS_CNY_CODE":0,"DPS_HKD_LY":0.003,"ORG_TYPE":"一般企业","PREMIUM_INCOME":null,"PREMIUM_INCOME_YOY":null,"NET_INTEREST_INCOME":null,"NET_INTEREST_INCOME_YOY":null,"FEE_COMMISSION_INCOME":null,"FEE_COMMISSION_INCOME_YOY":null,"ACCOUNTS_RECE_TDAYS":21.07520935646,"INVENTORY_TDAYS":0.183442704338,"CURRENT_ASSETS_TDAYS":0.196460674015,"TOTAL_ASSETS_TDAYS":0.091651014079,"PREMIUM_EXPENSE":null,"LOAN_DEPOSIT":null,"LOAN_EQUITY":null,"LOAN_ASSETS":null,"DEPOSIT_EQUITY":null,"DEPOSIT_ASSETS":null,"EQUITY_MULTIPLIER":2.089258061163,"EQUITY_RATIO":1.745157348922},{"SECUCODE":"01222.HK","SECURITY_CODE":"01222","SECURITY_NAME_ABBR":"WANG ON GROUP","ORG_CODE":"10021342","STD_REPORT_DATE":"2021-06-30 00:00:00","REPORT_DATE":"2021-09-30 00:00:00","DATE_TYPE_CODE":"002","REPORT_TYPE":"2021年中报","PER_NETCASH_OPERATE":-0.060014805448,"PER_OI":0.044835402779,"BPS":0.376700184731,"BASIC_EPS":0.002582486,"DILUTED_EPS":0.002582486,"OPERATE_INCOME":746846620.6,"OPERATE_INCOME_YOY":-9.6929494687,"GROSS_PROFIT":377651089.8,"GROSS_PROFIT_YOY":-13.540778575553,"HOLDER_PROFIT":38732291.64,"HOLDER_PROFIT_YOY":-54.8211561446,"GROSS_PROFIT_RATIO":51.779453172639,"EPS_TTM":0.006285706325,"OPERATE_INCOME_QOQ":0,"NET_PROFIT_RATIO":12.3660506116,"ROE_AVG":0.723975841001,"GROSS_PROFIT_QOQ":0,"ROA":0.225724039569,"HOLDER_PROFIT_QOQ":0,"ROE_YEARLY":1.447951682001,"ROIC_YEARLY":0.603195089125,"TOTAL_ASSETS":17285600129.56,"TOTAL_LIABILITIES":8966383061.4,"TAX_EBT":17.492334156009,"OCF_SALES":-134.513320958427,"TOTAL_PARENT_EQUITY":5336597355.08,"DEBT_ASSET_RATIO":51.8719801117,"OPERATE_PROFIT":27244394.24,"PRETAX_PROFIT":111388452.6,"NETCASH_OPERATE":-1000989067.86,"NETCASH_INVEST":622252500.88,"NETCASH_FINANCE":240394458.08,"END_CASH":1287620022.06,"DIVI_RATIO":null,"DIVIDEND_RATE":null,"CURRENT_RATIO":1.932756566856,"COMMON_ACS":40000000000,"CURRENTDEBT_DEBT":48.216393095356,"ISSUED_COMMON_SHARES":14166696942,"HK_COMMON_SHARES":14166696942,"PER_SHARES":20000,"TOTAL_MARKET_CAP":325834029.666,"HKSK_MARKET_CAP":325834029.666,"PE_TTM":-0.418248558061,"PB_TTM":0.060796294102,"REPORT_DATE_SQ":"2020-06-30 00:00:00","REPORT_TYPE_SQ":"2020年中报","OPERATE_INCOME_SQ":868072549.76,"DPS_HKD":null,"OPERATE_INCOME_QOQ_SQ":0,"NET_PROFIT_RATIO_SQ":9.3475644383,"HOLDER_PROFIT_SQ":90429953.92,"HOLDER_PROFIT_QOQ_SQ":0,"ROE_AVG_SQ":1.6303835472,"PE_TTM_SQ":3.646616914769,"PB_TTM_SQ":0.091068585443,"ROA_SQ":0.507879021456,"START_DATE":"2021-04-01 00:00:00","FISCAL_YEAR":"3-31","CURRENCY":"HKD","IS_CNY_CODE":0,"DPS_HKD_LY":0.003,"ORG_TYPE":"一般企业","PREMIUM_INCOME":null,"PREMIUM_INCOME_YOY":null,"NET_INTEREST_INCOME":null,"NET_INTEREST_INCOME_YOY":null,"FEE_COMMISSION_INCOME":null,"FEE_COMMISSION_INCOME_YOY":null,"ACCOUNTS_RECE_TDAYS":10.438675647825,"INVENTORY_TDAYS":0.07257234287,"CURRENT_ASSETS_TDAYS":0.090442597745,"TOTAL_ASSETS_TDAYS":0.043311983476,"PREMIUM_EXPENSE":null,"LOAN_DEPOSIT":null,"LOAN_EQUITY":null,"LOAN_ASSETS":null,"DEPOSIT_EQUITY":null,"DEPOSIT_ASSETS":null,"EQUITY_MULTIPLIER":2.07779169457,"EQUITY_RATIO":1.680168554007},{"SECUCODE":"01222.HK","SECURITY_CODE":"01222","SECURITY_NAME_ABBR":"WANG ON GROUP","ORG_CODE":"10021342","STD_REPORT_DATE":"2020-12-31 00:00:00","REPORT_DATE":"2021-03-31 00:00:00","DATE_TYPE_CODE":"001","REPORT_TYPE":"2020年年报","PER_NETCASH_OPERATE":-0.051686544596,"PER_OI":0.097331587965,"BPS":0.384092144947,"BASIC_EPS":0.006507886,"DILUTED_EPS":0.006507886,"OPERATE_INCOME":1621302877.74,"OPERATE_INCOME_YOY":-44.9654912645,"GROSS_PROFIT":649565624.54,"GROSS_PROFIT_YOY":-55.870693414367,"HOLDER_PROFIT":104704279.12,"HOLDER_PROFIT_YOY":-73.9114686434,"GROSS_PROFIT_RATIO":40.026774610065,"EPS_TTM":-0.001982265466,"OPERATE_INCOME_QOQ":0,"NET_PROFIT_RATIO":5.375940346,"ROE_AVG":1.982156844376,"GROSS_PROFIT_QOQ":0,"ROA":0.626709366314,"HOLDER_PROFIT_QOQ":0,"ROE_YEARLY":1.982156844376,"ROIC_YEARLY":0.838721154024,"TOTAL_ASSETS":17280473368.62,"TOTAL_LIABILITIES":8854890007.04,"TAX_EBT":57.893300022336,"OCF_SALES":-53.796475996589,"TOTAL_PARENT_EQUITY":5441317015.26,"DEBT_ASSET_RATIO":51.2421727007,"OPERATE_PROFIT":-91412978.44,"PRETAX_PROFIT":204332407.16,"NETCASH_OPERATE":-860969652.76,"NETCASH_INVEST":740442758.86,"NETCASH_FINANCE":205792033.02,"END_CASH":1443562368.92,"DIVI_RATIO":null,"DIVIDEND_RATE":null,"CURRENT_RATIO":1.781518908093,"COMMON_ACS":40000000000,"CURRENTDEBT_DEBT":51.957424924558,"ISSUED_COMMON_SHARES":14166696942,"HK_COMMON_SHARES":14166696942,"PER_SHARES":20000,"TOTAL_MARKET_CAP":325834029.666,"HKSK_MARKET_CAP":325834029.666,"PE_TTM":-0.418248558061,"PB_TTM":0.060796294102,"REPORT_DATE_SQ":"2019-12-31 00:00:00","REPORT_TYPE_SQ":"2019年年报","OPERATE_INCOME_SQ":3143788605.1,"DPS_HKD":null,"OPERATE_INCOME_QOQ_SQ":0,"NET_PROFIT_RATIO_SQ":12.7793489915,"HOLDER_PROFIT_SQ":433879582,"HOLDER_PROFIT_QOQ_SQ":0,"ROE_AVG_SQ":4.69301428221,"PE_TTM_SQ":3.646616914769,"PB_TTM_SQ":0.091068585443,"ROA_SQ":1.553537870517,"START_DATE":"2020-04-01 00:00:00","FISCAL_YEAR":"3-31","CURRENCY":"HKD","IS_CNY_CODE":0,"DPS_HKD_LY":0.006,"ORG_TYPE":"一般企业","PREMIUM_INCOME":null,"PREMIUM_INCOME_YOY":null,"NET_INTEREST_INCOME":null,"NET_INTEREST_INCOME_YOY":null,"FEE_COMMISSION_INCOME":null,"FEE_COMMISSION_INCOME_YOY":null,"ACCOUNTS_RECE_TDAYS":23.981510304349,"INVENTORY_TDAYS":0.210407622108,"CURRENT_ASSETS_TDAYS":0.215404893538,"TOTAL_ASSETS_TDAYS":0.095793440268,"PREMIUM_EXPENSE":null,"LOAN_DEPOSIT":null,"LOAN_EQUITY":null,"LOAN_ASSETS":null,"DEPOSIT_EQUITY":null,"DEPOSIT_ASSETS":null,"EQUITY_MULTIPLIER":2.050952750338,"EQUITY_RATIO":1.627343156483},{"SECUCODE":"01222.HK","SECURITY_CODE":"01222","SECURITY_NAME_ABBR":"WANG ON GROUP","ORG_CODE":"10021342","STD_REPORT_DATE":"2020-06-30 00:00:00","REPORT_DATE":"2020-09-30 00:00:00","DATE_TYPE_CODE":"002","REPORT_TYPE":"2020年中报","PER_NETCASH_OPERATE":-0.028530751653,"PER_OI":0.049896338525,"BPS":0.379328223012,"BASIC_EPS":0.00527232,"DILUTED_EPS":0.00527232,"OPERATE_INCOME":868072549.76,"OPERATE_INCOME_YOY":-63.4714716491,"GROSS_PROFIT":436796773.76,"GROSS_PROFIT_YOY":-60.524408855307,"HOLDER_PROFIT":90429953.92,"HOLDER_PROFIT_YOY":-75.9459839299,"GROSS_PROFIT_RATIO":50.318003245324,"EPS_TTM":0.014484997162,"OPERATE_INCOME_QOQ":0,"NET_PROFIT_RATIO":9.3475644383,"ROE_AVG":1.6303835472,"GROSS_PROFIT_QOQ":0,"ROA":0.507879021456,"HOLDER_PROFIT_QOQ":0,"ROE_YEARLY":3.2607670944,"ROIC_YEARLY":1.339518271884,"TOTAL_ASSETS":17576815601.28,"TOTAL_LIABILITIES":9365874904.96,"TAX_EBT":38.9716530355,"OCF_SALES":-57.180050674017,"TOTAL_PARENT_EQUITY":5373827976.96,"DEBT_ASSET_RATIO":53.285390923,"OPERATE_PROFIT":209212687.36,"PRETAX_PROFIT":149878876.8,"NETCASH_OPERATE":-528188047.36,"NETCASH_INVEST":249309559.68,"NETCASH_FINANCE":158859395.2,"END_CASH":1287360827.52,"DIVI_RATIO":null,"DIVIDEND_RATE":null,"CURRENT_RATIO":1.608352806334,"COMMON_ACS":40000000000,"CURRENTDEBT_DEBT":47.501736400557,"ISSUED_COMMON_SHARES":14166696942,"HK_COMMON_SHARES":14166696942,"PER_SHARES":20000,"TOTAL_MARKET_CAP":325834029.666,"HKSK_MARKET_CAP":325834029.666,"PE_TTM":-0.418248558061,"PB_TTM":0.060796294102,"REPORT_DATE_SQ":"2019-06-30 00:00:00","REPORT_TYPE_SQ":"2019年中报","OPERATE_INCOME_SQ":2439409374.15,"DPS_HKD":null,"OPERATE_INCOME_QOQ_SQ":0,"NET_PROFIT_RATIO_SQ":21.0074267448,"HOLDER_PROFIT_SQ":372252310.92,"HOLDER_PROFIT_QOQ_SQ":0,"ROE_AVG_SQ":6.89999709081,"PE_TTM_SQ":3.646616914769,"PB_TTM_SQ":0.091068585443,"ROA_SQ":2.569296633786,"START_DATE":"2020-04-01 00:00:00","FISCAL_YEAR":"3-31","CURRENCY":"HKD","IS_CNY_CODE":0,"DPS_HKD_LY":0.006,"ORG_TYPE":"一般企业","PREMIUM_INCOME":null,"PREMIUM_INCOME_YOY":null,"NET_INTEREST_INCOME":null,"NET_INTEREST_INCOME_YOY":null,"FEE_COMMISSION_INCOME":null,"FEE_COMMISSION_INCOME_YOY":null,"ACCOUNTS_RECE_TDAYS":11.305078732949,"INVENTORY_TDAYS":0.100604395047,"CURRENT_ASSETS_TDAYS":0.123277805994,"TOTAL_ASSETS_TDAYS":0.050541966913,"PREMIUM_EXPENSE":null,"LOAN_DEPOSIT":null,"LOAN_EQUITY":null,"LOAN_ASSETS":null,"DEPOSIT_EQUITY":null,"DEPOSIT_ASSETS":null,"EQUITY_MULTIPLIER":2.140657964946,"EQUITY_RATIO":1.742868388254}],"count":49},"success":true,"message":"ok","code":0}