{"version":"b28fb462e71f9a258e3af9b54b8dd1d9","result":{"pages":6,"data":[{"SECUCODE":"01224.HK","SECURITY_CODE":"01224","SECURITY_NAME_ABBR":"中渝置地","ORG_CODE":"10010563","STD_REPORT_DATE":"2024-06-30 00:00:00","REPORT_DATE":"2024-06-30 00:00:00","DATE_TYPE_CODE":"002","REPORT_TYPE":"2024年中报","PER_NETCASH_OPERATE":-0.069661430929,"PER_OI":0.057382688071,"BPS":3.206996951217,"BASIC_EPS":0.021356712,"DILUTED_EPS":0.021356712,"OPERATE_INCOME":222778799.24,"OPERATE_INCOME_YOY":1.8403551372,"GROSS_PROFIT":208762772.48,"GROSS_PROFIT_YOY":-1.044605994428,"HOLDER_PROFIT":83059356.08,"HOLDER_PROFIT_YOY":106.7420391768,"GROSS_PROFIT_RATIO":93.70854551339,"EPS_TTM":-0.110240608268,"OPERATE_INCOME_QOQ":0.419199379868,"NET_PROFIT_RATIO":37.2833305339,"ROE_AVG":0.669807858411,"GROSS_PROFIT_QOQ":-0.552479237322,"ROA":0.366497565368,"HOLDER_PROFIT_QOQ":75.620909449145,"ROE_YEARLY":1.339615716822,"ROIC_YEARLY":0.797192071685,"TOTAL_ASSETS":22178764701.36,"TOTAL_LIABILITIES":9728129257.48,"TAX_EBT":23.286493412346,"OCF_SALES":-121.397991749046,"TOTAL_PARENT_EQUITY":12450635443.88,"DEBT_ASSET_RATIO":43.8623583796,"OPERATE_PROFIT":175308487.08,"PRETAX_PROFIT":108272141.08,"NETCASH_OPERATE":-270448988.32,"NETCASH_INVEST":131709763.48,"NETCASH_FINANCE":-919105267.2,"END_CASH":1289277323.04,"DIVI_RATIO":null,"DIVIDEND_RATE":null,"CURRENT_RATIO":3.627108028517,"COMMON_ACS":20000000000,"CURRENTDEBT_DEBT":7.085259860317,"ISSUED_COMMON_SHARES":3882334668,"HK_COMMON_SHARES":3882334668,"PER_SHARES":1000,"TOTAL_MARKET_CAP":4658801601.6,"HKSK_MARKET_CAP":4658801601.6,"PE_TTM":-9.385081942366,"PB_TTM":0.341508276016,"REPORT_DATE_SQ":"2023-06-30 00:00:00","REPORT_TYPE_SQ":"2023年中报","OPERATE_INCOME_SQ":220982010.36,"DPS_HKD":null,"OPERATE_INCOME_QOQ_SQ":-1.198312997476,"NET_PROFIT_RATIO_SQ":-563.1749568178,"HOLDER_PROFIT_SQ":-1244515341.42,"HOLDER_PROFIT_QOQ_SQ":-83.690285814019,"ROE_AVG_SQ":-9.252004083735,"PE_TTM_SQ":-1.374334191422,"PB_TTM_SQ":0.339658354847,"ROA_SQ":-5.179020758687,"START_DATE":"2024-01-01 00:00:00","FISCAL_YEAR":"12-31","CURRENCY":"HKD","IS_CNY_CODE":0,"DPS_HKD_LY":null,"ORG_TYPE":"一般企业","PREMIUM_INCOME":null,"PREMIUM_INCOME_YOY":null,"NET_INTEREST_INCOME":null,"NET_INTEREST_INCOME_YOY":null,"FEE_COMMISSION_INCOME":null,"FEE_COMMISSION_INCOME_YOY":null,"ACCOUNTS_RECE_TDAYS":24.023719305152,"INVENTORY_TDAYS":null,"CURRENT_ASSETS_TDAYS":0.072505739212,"TOTAL_ASSETS_TDAYS":0.009830065075,"PREMIUM_EXPENSE":null,"LOAN_DEPOSIT":null,"LOAN_EQUITY":null,"LOAN_ASSETS":null,"DEPOSIT_EQUITY":null,"DEPOSIT_ASSETS":null,"EQUITY_MULTIPLIER":1.781335964845,"EQUITY_RATIO":0.781335964845},{"SECUCODE":"01224.HK","SECURITY_CODE":"01224","SECURITY_NAME_ABBR":"中渝置地","ORG_CODE":"10010563","STD_REPORT_DATE":"2023-12-31 00:00:00","REPORT_DATE":"2023-12-31 00:00:00","DATE_TYPE_CODE":"001","REPORT_TYPE":"2023年年报","PER_NETCASH_OPERATE":-0.124393532856,"PER_OI":0.110403654567,"BPS":3.15864020068,"BASIC_EPS":-0.45220378,"DILUTED_EPS":-0.45220378,"OPERATE_INCOME":428623935.6,"OPERATE_INCOME_YOY":-5.0942275588,"GROSS_PROFIT":398887232.52,"GROSS_PROFIT_YOY":-5.856077915251,"HOLDER_PROFIT":-1755565632.8,"HOLDER_PROFIT_YOY":0.1598172692,"GROSS_PROFIT_RATIO":93.062285931752,"EPS_TTM":-0.452193276193,"OPERATE_INCOME_QOQ":-2.550601634265,"NET_PROFIT_RATIO":-409.581800499,"ROE_AVG":-13.63128172425,"GROSS_PROFIT_QOQ":-4.364866936808,"ROA":-7.514672500464,"HOLDER_PROFIT_QOQ":44.8595798038,"ROE_YEARLY":-13.63128172425,"ROIC_YEARLY":-8.203981355851,"TOTAL_ASSETS":22983404832.36,"TOTAL_LIABILITIES":10720506477.52,"TAX_EBT":-1.099747568975,"OCF_SALES":-112.671571736648,"TOTAL_PARENT_EQUITY":12262898354.84,"DEBT_ASSET_RATIO":46.6445531274,"OPERATE_PROFIT":-1844409629.16,"PRETAX_PROFIT":-1736468858.74,"NETCASH_OPERATE":-482937325.08,"NETCASH_INVEST":1110829070.26,"NETCASH_FINANCE":95057946.9,"END_CASH":2344063088.36,"DIVI_RATIO":null,"DIVIDEND_RATE":null,"CURRENT_RATIO":1.550469254376,"COMMON_ACS":20000000000,"CURRENTDEBT_DEBT":21.77441496626,"ISSUED_COMMON_SHARES":3882334668,"HK_COMMON_SHARES":3882334668,"PER_SHARES":1000,"TOTAL_MARKET_CAP":4658801601.6,"HKSK_MARKET_CAP":4658801601.6,"PE_TTM":-9.385081942366,"PB_TTM":0.341508276016,"REPORT_DATE_SQ":"2022-12-31 00:00:00","REPORT_TYPE_SQ":"2022年年报","OPERATE_INCOME_SQ":445177183.36,"DPS_HKD":null,"OPERATE_INCOME_QOQ_SQ":-5.35333293996,"NET_PROFIT_RATIO_SQ":-389.3390025042,"HOLDER_PROFIT_SQ":-1733248405.07,"HOLDER_PROFIT_QOQ_SQ":-517.774931486556,"ROE_AVG_SQ":-11.642530212832,"PE_TTM_SQ":-1.374334191422,"PB_TTM_SQ":0.339658354847,"ROA_SQ":-6.672448553759,"START_DATE":"2023-01-01 00:00:00","FISCAL_YEAR":"12-31","CURRENCY":"HKD","IS_CNY_CODE":0,"DPS_HKD_LY":0.02,"ORG_TYPE":"一般企业","PREMIUM_INCOME":null,"PREMIUM_INCOME_YOY":null,"NET_INTEREST_INCOME":null,"NET_INTEREST_INCOME_YOY":null,"FEE_COMMISSION_INCOME":null,"FEE_COMMISSION_INCOME_YOY":null,"ACCOUNTS_RECE_TDAYS":47.643414756988,"INVENTORY_TDAYS":null,"CURRENT_ASSETS_TDAYS":0.128241036101,"TOTAL_ASSETS_TDAYS":0.018347183618,"PREMIUM_EXPENSE":null,"LOAN_DEPOSIT":null,"LOAN_EQUITY":null,"LOAN_ASSETS":null,"DEPOSIT_EQUITY":null,"DEPOSIT_ASSETS":null,"EQUITY_MULTIPLIER":1.874222893096,"EQUITY_RATIO":0.874222893097},{"SECUCODE":"01224.HK","SECURITY_CODE":"01224","SECURITY_NAME_ABBR":"中渝置地","ORG_CODE":"10010563","STD_REPORT_DATE":"2023-06-30 00:00:00","REPORT_DATE":"2023-06-30 00:00:00","DATE_TYPE_CODE":"002","REPORT_TYPE":"2023年中报","PER_NETCASH_OPERATE":-0.052579677265,"PER_OI":0.056919876635,"BPS":3.393041812613,"BASIC_EPS":-0.320572446,"DILUTED_EPS":-0.320572446,"OPERATE_INCOME":220982010.36,"OPERATE_INCOME_YOY":-9.4305827939,"GROSS_PROFIT":210966541.62,"GROSS_PROFIT_YOY":-3.036506025419,"HOLDER_PROFIT":-1244515341.42,"HOLDER_PROFIT_YOY":-660.2461244734,"GROSS_PROFIT_RATIO":95.467744761809,"EPS_TTM":-0.820075861925,"OPERATE_INCOME_QOQ":-1.198312997476,"NET_PROFIT_RATIO":-563.1749568178,"ROE_AVG":-9.252004083735,"GROSS_PROFIT_QOQ":-1.559271086555,"ROA":-5.179020758687,"HOLDER_PROFIT_QOQ":-83.690285814019,"ROE_YEARLY":-18.50400816747,"ROIC_YEARLY":-11.161736919304,"TOTAL_ASSETS":23906733954.5,"TOTAL_LIABILITIES":10733810095.42,"TAX_EBT":-2.224381407346,"OCF_SALES":-92.374896738178,"TOTAL_PARENT_EQUITY":13172923859.08,"DEBT_ASSET_RATIO":44.8986888625,"OPERATE_PROFIT":-1231816910.88,"PRETAX_PROFIT":-1217434944.86,"NETCASH_OPERATE":-204131903.88,"NETCASH_INVEST":489478260.02,"NETCASH_FINANCE":-61882375.62,"END_CASH":1851300804.76,"DIVI_RATIO":null,"DIVIDEND_RATE":null,"CURRENT_RATIO":3.383503075527,"COMMON_ACS":20000000000,"CURRENTDEBT_DEBT":8.944111510876,"ISSUED_COMMON_SHARES":3882334668,"HK_COMMON_SHARES":3882334668,"PER_SHARES":1000,"TOTAL_MARKET_CAP":4658801601.6,"HKSK_MARKET_CAP":4658801601.6,"PE_TTM":-9.385081942366,"PB_TTM":0.341508276016,"REPORT_DATE_SQ":"2022-06-30 00:00:00","REPORT_TYPE_SQ":"2022年中报","OPERATE_INCOME_SQ":226316626.41,"DPS_HKD":null,"OPERATE_INCOME_QOQ_SQ":-11.227693412991,"NET_PROFIT_RATIO_SQ":91.042892393,"HOLDER_PROFIT_SQ":206045202.65,"HOLDER_PROFIT_QOQ_SQ":3.540785764785,"ROE_AVG_SQ":1.351852272147,"PE_TTM_SQ":-1.374334191422,"PB_TTM_SQ":0.339658354847,"ROA_SQ":0.789239482009,"START_DATE":"2023-01-01 00:00:00","FISCAL_YEAR":"12-31","CURRENCY":"HKD","IS_CNY_CODE":0,"DPS_HKD_LY":0.02,"ORG_TYPE":"一般企业","PREMIUM_INCOME":null,"PREMIUM_INCOME_YOY":null,"NET_INTEREST_INCOME":null,"NET_INTEREST_INCOME_YOY":null,"FEE_COMMISSION_INCOME":null,"FEE_COMMISSION_INCOME_YOY":null,"ACCOUNTS_RECE_TDAYS":40.28268907563,"INVENTORY_TDAYS":null,"CURRENT_ASSETS_TDAYS":0.0694150266,"TOTAL_ASSETS_TDAYS":0.009196113385,"PREMIUM_EXPENSE":null,"LOAN_DEPOSIT":null,"LOAN_EQUITY":null,"LOAN_ASSETS":null,"DEPOSIT_EQUITY":null,"DEPOSIT_ASSETS":null,"EQUITY_MULTIPLIER":1.814838847491,"EQUITY_RATIO":0.814838847491},{"SECUCODE":"01224.HK","SECURITY_CODE":"01224","SECURITY_NAME_ABBR":"中渝置地","ORG_CODE":"10010563","STD_REPORT_DATE":"2022-12-31 00:00:00","REPORT_DATE":"2022-12-31 00:00:00","DATE_TYPE_CODE":"001","REPORT_TYPE":"2022年年报","PER_NETCASH_OPERATE":-0.052201401577,"PER_OI":0.114667389968,"BPS":3.426327913748,"BASIC_EPS":-0.446456346,"DILUTED_EPS":-0.446456346,"OPERATE_INCOME":445177183.36,"OPERATE_INCOME_YOY":-23.0974105433,"GROSS_PROFIT":423699399.48,"GROSS_PROFIT_YOY":-17.398679911361,"HOLDER_PROFIT":-1733248405.07,"HOLDER_PROFIT_YOY":-495.9241265184,"GROSS_PROFIT_RATIO":95.17545267754,"EPS_TTM":-0.446444872297,"OPERATE_INCOME_QOQ":-5.35333293996,"NET_PROFIT_RATIO":-389.3390025042,"ROE_AVG":-11.642530212832,"GROSS_PROFIT_QOQ":-6.546656926,"ROA":-6.672448553759,"HOLDER_PROFIT_QOQ":-517.774931486556,"ROE_YEARLY":-11.642530212832,"ROIC_YEARLY":-7.454730221826,"TOTAL_ASSETS":23401020094.83,"TOTAL_LIABILITIES":10098868451.35,"TAX_EBT":-1.816207865861,"OCF_SALES":-45.524190959291,"TOTAL_PARENT_EQUITY":13302151643.48,"DEBT_ASSET_RATIO":43.1556761647,"OPERATE_PROFIT":-2130262256.57,"PRETAX_PROFIT":-1702330543.83,"NETCASH_OPERATE":-202663311.06,"NETCASH_INVEST":-815875300.66,"NETCASH_FINANCE":-1296618029.07,"END_CASH":1559116137.81,"DIVI_RATIO":null,"DIVIDEND_RATE":null,"CURRENT_RATIO":4.539103176563,"COMMON_ACS":20000000000,"CURRENTDEBT_DEBT":6.591549868847,"ISSUED_COMMON_SHARES":3882334668,"HK_COMMON_SHARES":3882334668,"PER_SHARES":1000,"TOTAL_MARKET_CAP":4658801601.6,"HKSK_MARKET_CAP":4658801601.6,"PE_TTM":-9.385081942366,"PB_TTM":0.341508276016,"REPORT_DATE_SQ":"2021-12-31 00:00:00","REPORT_TYPE_SQ":"2021年年报","OPERATE_INCOME_SQ":529846497.6,"DPS_HKD":null,"OPERATE_INCOME_QOQ_SQ":0.358909372248,"NET_PROFIT_RATIO_SQ":75.6235234573,"HOLDER_PROFIT_SQ":400688590.4,"HOLDER_PROFIT_QOQ_SQ":-41.810177786798,"ROE_AVG_SQ":2.522624292312,"PE_TTM_SQ":-1.374334191422,"PB_TTM_SQ":0.339658354847,"ROA_SQ":1.482767415182,"START_DATE":"2022-01-01 00:00:00","FISCAL_YEAR":"12-31","CURRENCY":"HKD","IS_CNY_CODE":0,"DPS_HKD_LY":0.02,"ORG_TYPE":"一般企业","PREMIUM_INCOME":null,"PREMIUM_INCOME_YOY":null,"NET_INTEREST_INCOME":null,"NET_INTEREST_INCOME_YOY":null,"FEE_COMMISSION_INCOME":null,"FEE_COMMISSION_INCOME_YOY":null,"ACCOUNTS_RECE_TDAYS":32.351054852321,"INVENTORY_TDAYS":null,"CURRENT_ASSETS_TDAYS":0.095648500665,"TOTAL_ASSETS_TDAYS":0.01713788886,"PREMIUM_EXPENSE":null,"LOAN_DEPOSIT":null,"LOAN_EQUITY":null,"LOAN_ASSETS":null,"DEPOSIT_EQUITY":null,"DEPOSIT_ASSETS":null,"EQUITY_MULTIPLIER":1.759190597284,"EQUITY_RATIO":0.759190597282},{"SECUCODE":"01224.HK","SECURITY_CODE":"01224","SECURITY_NAME_ABBR":"中渝置地","ORG_CODE":"10010563","STD_REPORT_DATE":"2022-06-30 00:00:00","REPORT_DATE":"2022-06-30 00:00:00","DATE_TYPE_CODE":"002","REPORT_TYPE":"2022年中报","PER_NETCASH_OPERATE":-0.013334483263,"PER_OI":0.058293950873,"BPS":3.789813676455,"BASIC_EPS":0.053107299,"DILUTED_EPS":0.053107299,"OPERATE_INCOME":226316626.41,"OPERATE_INCOME_YOY":-22.9544898743,"GROSS_PROFIT":217573163.85,"GROSS_PROFIT_YOY":-21.49271791763,"HOLDER_PROFIT":206045202.65,"HOLDER_PROFIT_YOY":4.4926618555,"GROSS_PROFIT_RATIO":96.136623853627,"EPS_TTM":0.106862532586,"OPERATE_INCOME_QOQ":-11.227693412991,"NET_PROFIT_RATIO":91.042892393,"ROE_AVG":1.351852272147,"GROSS_PROFIT_QOQ":-11.612236254371,"ROA":0.789239482009,"HOLDER_PROFIT_QOQ":3.540785764785,"ROE_YEARLY":2.703704544293,"ROIC_YEARLY":1.785771926014,"TOTAL_ASSETS":24879374766.61,"TOTAL_LIABILITIES":10166049745.25,"TAX_EBT":5.893588101116,"OCF_SALES":-22.874557415952,"TOTAL_PARENT_EQUITY":14713325021.36,"DEBT_ASSET_RATIO":40.8613554023,"OPERATE_PROFIT":43633504.18,"PRETAX_PROFIT":218949164.56,"NETCASH_OPERATE":-51768926.65,"NETCASH_INVEST":-599988476.15,"NETCASH_FINANCE":-729271824.4,"END_CASH":2334270181.46,"DIVI_RATIO":null,"DIVIDEND_RATE":null,"CURRENT_RATIO":2.248685309835,"COMMON_ACS":20000000000,"CURRENTDEBT_DEBT":21.345828277241,"ISSUED_COMMON_SHARES":3882334668,"HK_COMMON_SHARES":3882334668,"PER_SHARES":1000,"TOTAL_MARKET_CAP":4658801601.6,"HKSK_MARKET_CAP":4658801601.6,"PE_TTM":-9.385081942366,"PB_TTM":0.341508276016,"REPORT_DATE_SQ":"2021-06-30 00:00:00","REPORT_TYPE_SQ":"2021年中报","OPERATE_INCOME_SQ":285806166.72,"DPS_HKD":null,"OPERATE_INCOME_QOQ_SQ":6.534163963383,"NET_PROFIT_RATIO_SQ":67.1285998766,"HOLDER_PROFIT_SQ":191857678.08,"HOLDER_PROFIT_QOQ_SQ":39.101619267733,"ROE_AVG_SQ":1.123238740552,"PE_TTM_SQ":-1.374334191422,"PB_TTM_SQ":0.339658354847,"ROA_SQ":0.660163815258,"START_DATE":"2022-01-01 00:00:00","FISCAL_YEAR":"12-31","CURRENCY":"HKD","IS_CNY_CODE":0,"DPS_HKD_LY":0.02,"ORG_TYPE":"一般企业","PREMIUM_INCOME":null,"PREMIUM_INCOME_YOY":null,"NET_INTEREST_INCOME":null,"NET_INTEREST_INCOME_YOY":null,"FEE_COMMISSION_INCOME":null,"FEE_COMMISSION_INCOME_YOY":null,"ACCOUNTS_RECE_TDAYS":14.181014387911,"INVENTORY_TDAYS":null,"CURRENT_ASSETS_TDAYS":0.041530762133,"TOTAL_ASSETS_TDAYS":0.00866887531,"PREMIUM_EXPENSE":null,"LOAN_DEPOSIT":null,"LOAN_EQUITY":null,"LOAN_ASSETS":null,"DEPOSIT_EQUITY":null,"DEPOSIT_ASSETS":null,"EQUITY_MULTIPLIER":1.690941696082,"EQUITY_RATIO":0.690941696081},{"SECUCODE":"01224.HK","SECURITY_CODE":"01224","SECURITY_NAME_ABBR":"中渝置地","ORG_CODE":"10010563","STD_REPORT_DATE":"2021-12-31 00:00:00","REPORT_DATE":"2021-12-31 00:00:00","DATE_TYPE_CODE":"001","REPORT_TYPE":"2021年年报","PER_NETCASH_OPERATE":0.071806764084,"PER_OI":0.136476255375,"BPS":3.883459602046,"BASIC_EPS":0.10318112,"DILUTED_EPS":0.10318112,"OPERATE_INCOME":529846497.6,"OPERATE_INCOME_YOY":10.0602056673,"GROSS_PROFIT":512945070.4,"GROSS_PROFIT_YOY":4.112684527755,"HOLDER_PROFIT":400688590.4,"HOLDER_PROFIT_YOY":-16.6770378531,"GROSS_PROFIT_RATIO":96.810127597982,"EPS_TTM":0.103208152997,"OPERATE_INCOME_QOQ":0.358909372248,"NET_PROFIT_RATIO":75.6235234573,"ROE_AVG":2.522624292312,"GROSS_PROFIT_QOQ":-0.901462758558,"ROA":1.482767415182,"HOLDER_PROFIT_QOQ":-41.810177786798,"ROE_YEARLY":2.522624292312,"ROIC_YEARLY":1.743211025235,"TOTAL_ASSETS":26132752576,"TOTAL_LIABILITIES":11055862731.2,"TAX_EBT":626.66652337915,"OCF_SALES":52.614840498665,"TOTAL_PARENT_EQUITY":15076889844.8,"DEBT_ASSET_RATIO":42.3065373579,"OPERATE_PROFIT":100500209.6,"PRETAX_PROFIT":-76080132.8,"NETCASH_OPERATE":278777889.6,"NETCASH_INVEST":-1654651521.6,"NETCASH_FINANCE":414273832,"END_CASH":3562893947.2,"DIVI_RATIO":null,"DIVIDEND_RATE":null,"CURRENT_RATIO":0.723985273103,"COMMON_ACS":20000000000,"CURRENTDEBT_DEBT":71.892395523052,"ISSUED_COMMON_SHARES":3882334668,"HK_COMMON_SHARES":3882334668,"PER_SHARES":1000,"TOTAL_MARKET_CAP":4658801601.6,"HKSK_MARKET_CAP":4658801601.6,"PE_TTM":-9.385081942366,"PB_TTM":0.341508276016,"REPORT_DATE_SQ":"2020-12-31 00:00:00","REPORT_TYPE_SQ":"2020年年报","OPERATE_INCOME_SQ":495570256.6,"DPS_HKD":null,"OPERATE_INCOME_QOQ_SQ":-3.54370062221,"NET_PROFIT_RATIO_SQ":99.8901182884,"HOLDER_PROFIT_SQ":495025715.52,"HOLDER_PROFIT_QOQ_SQ":67.918718308583,"ROE_AVG_SQ":3.102097824719,"PE_TTM_SQ":-1.374334191422,"PB_TTM_SQ":0.339658354847,"ROA_SQ":1.849019094189,"START_DATE":"2021-01-01 00:00:00","FISCAL_YEAR":"12-31","CURRENCY":"HKD","IS_CNY_CODE":0,"DPS_HKD_LY":0.02,"ORG_TYPE":"一般企业","PREMIUM_INCOME":null,"PREMIUM_INCOME_YOY":null,"NET_INTEREST_INCOME":null,"NET_INTEREST_INCOME_YOY":null,"FEE_COMMISSION_INCOME":null,"FEE_COMMISSION_INCOME_YOY":null,"ACCOUNTS_RECE_TDAYS":36.771980594093,"INVENTORY_TDAYS":null,"CURRENT_ASSETS_TDAYS":0.082691688461,"TOTAL_ASSETS_TDAYS":0.019607224676,"PREMIUM_EXPENSE":null,"LOAN_DEPOSIT":null,"LOAN_EQUITY":null,"LOAN_ASSETS":null,"DEPOSIT_EQUITY":null,"DEPOSIT_ASSETS":null,"EQUITY_MULTIPLIER":1.733298634203,"EQUITY_RATIO":0.733298634202},{"SECUCODE":"01224.HK","SECURITY_CODE":"01224","SECURITY_NAME_ABBR":"中渝置地","ORG_CODE":"10010563","STD_REPORT_DATE":"2021-06-30 00:00:00","REPORT_DATE":"2021-06-30 00:00:00","DATE_TYPE_CODE":"002","REPORT_TYPE":"2021年中报","PER_NETCASH_OPERATE":0.02194169987,"PER_OI":0.073617086408,"BPS":4.423937368627,"BASIC_EPS":0.049425552,"DILUTED_EPS":0.049425552,"OPERATE_INCOME":285806166.72,"OPERATE_INCOME_YOY":23.8047866205,"GROSS_PROFIT":277137557.28,"GROSS_PROFIT_YOY":9.884084957218,"HOLDER_PROFIT":191857678.08,"HOLDER_PROFIT_YOY":12450.0803427959,"GROSS_PROFIT_RATIO":96.966962071014,"EPS_TTM":0.17736461304,"OPERATE_INCOME_QOQ":6.534163963383,"NET_PROFIT_RATIO":67.1285998766,"ROE_AVG":1.123238740552,"GROSS_PROFIT_QOQ":5.059759130548,"ROA":0.660163815258,"HOLDER_PROFIT_QOQ":39.101619267733,"ROE_YEARLY":2.246477481103,"ROIC_YEARLY":1.550642680852,"TOTAL_ASSETS":29716613892,"TOTAL_LIABILITIES":12541408476.72,"TAX_EBT":4.256582526046,"OCF_SALES":29.805172875593,"TOTAL_PARENT_EQUITY":17175205415.28,"DEBT_ASSET_RATIO":42.2033564197,"OPERATE_PROFIT":297289702.8,"PRETAX_PROFIT":200387330.16,"NETCASH_OPERATE":85185022.08,"NETCASH_INVEST":-1731716575.2,"NETCASH_FINANCE":1082357182.8,"END_CASH":4041389261.76,"DIVI_RATIO":null,"DIVIDEND_RATE":null,"CURRENT_RATIO":0.670763459452,"COMMON_ACS":20000000000,"CURRENTDEBT_DEBT":78.932766927858,"ISSUED_COMMON_SHARES":3882334668,"HK_COMMON_SHARES":3882334668,"PER_SHARES":1000,"TOTAL_MARKET_CAP":4658801601.6,"HKSK_MARKET_CAP":4658801601.6,"PE_TTM":-9.385081942366,"PB_TTM":0.341508276016,"REPORT_DATE_SQ":"2020-06-30 00:00:00","REPORT_TYPE_SQ":"2020年中报","OPERATE_INCOME_SQ":253424793.6,"DPS_HKD":null,"OPERATE_INCOME_QOQ_SQ":1.579181895047,"NET_PROFIT_RATIO_SQ":-0.672938293,"HOLDER_PROFIT_SQ":-1705392.48,"HOLDER_PROFIT_QOQ_SQ":-20.511771219728,"ROE_AVG_SQ":-0.01084152315,"PE_TTM_SQ":-1.374334191422,"PB_TTM_SQ":0.339658354847,"ROA_SQ":-0.006314910054,"START_DATE":"2021-01-01 00:00:00","FISCAL_YEAR":"12-31","CURRENCY":"HKD","IS_CNY_CODE":0,"DPS_HKD_LY":0.02,"ORG_TYPE":"一般企业","PREMIUM_INCOME":null,"PREMIUM_INCOME_YOY":null,"NET_INTEREST_INCOME":null,"NET_INTEREST_INCOME_YOY":null,"FEE_COMMISSION_INCOME":null,"FEE_COMMISSION_INCOME_YOY":null,"ACCOUNTS_RECE_TDAYS":30.29226563189,"INVENTORY_TDAYS":null,"CURRENT_ASSETS_TDAYS":0.041344372173,"TOTAL_ASSETS_TDAYS":0.009834315277,"PREMIUM_EXPENSE":null,"LOAN_DEPOSIT":null,"LOAN_EQUITY":null,"LOAN_ASSETS":null,"DEPOSIT_EQUITY":null,"DEPOSIT_ASSETS":null,"EQUITY_MULTIPLIER":1.730204278404,"EQUITY_RATIO":0.730204278405},{"SECUCODE":"01224.HK","SECURITY_CODE":"01224","SECURITY_NAME_ABBR":"中渝置地","ORG_CODE":"10010563","STD_REPORT_DATE":"2020-12-31 00:00:00","REPORT_DATE":"2020-12-31 00:00:00","DATE_TYPE_CODE":"001","REPORT_TYPE":"2020年年报","PER_NETCASH_OPERATE":0.160200666729,"PER_OI":0.127647485078,"BPS":4.425550653667,"BASIC_EPS":0.12750846,"DILUTED_EPS":0.12750846,"OPERATE_INCOME":495570256.6,"OPERATE_INCOME_YOY":4.2822278424,"GROSS_PROFIT":492682589.76,"GROSS_PROFIT_YOY":-0.952825540923,"HOLDER_PROFIT":495025715.52,"HOLDER_PROFIT_YOY":42.0616729022,"GROSS_PROFIT_RATIO":99.417304246665,"EPS_TTM":0.127507223836,"OPERATE_INCOME_QOQ":-3.54370062221,"NET_PROFIT_RATIO":99.8901182884,"ROE_AVG":3.102097824719,"GROSS_PROFIT_QOQ":-3.26482394796,"ROA":1.849019094189,"HOLDER_PROFIT_QOQ":67.918718308583,"ROE_YEARLY":3.102097824719,"ROIC_YEARLY":2.259073089753,"TOTAL_ASSETS":28734033144.28,"TOTAL_LIABILITIES":11552564416.56,"TAX_EBT":5.46977584414,"OCF_SALES":125.502407377529,"TOTAL_PARENT_EQUITY":17181468727.72,"DEBT_ASSET_RATIO":40.2051614493,"OPERATE_PROFIT":764844558.2,"PRETAX_PROFIT":523669249.64,"NETCASH_OPERATE":621845714,"NETCASH_INVEST":-2026686794.44,"NETCASH_FINANCE":949752024.56,"END_CASH":4653132986,"DIVI_RATIO":null,"DIVIDEND_RATE":null,"CURRENT_RATIO":4.873586006686,"COMMON_ACS":20000000000,"CURRENTDEBT_DEBT":12.909071914304,"ISSUED_COMMON_SHARES":3882334668,"HK_COMMON_SHARES":3882334668,"PER_SHARES":1000,"TOTAL_MARKET_CAP":4658801601.6,"HKSK_MARKET_CAP":4658801601.6,"PE_TTM":-9.385081942366,"PB_TTM":0.341508276016,"REPORT_DATE_SQ":"2019-12-31 00:00:00","REPORT_TYPE_SQ":"2019年年报","OPERATE_INCOME_SQ":505789636.08,"DPS_HKD":null,"OPERATE_INCOME_QOQ_SQ":-9.434032552679,"NET_PROFIT_RATIO_SQ":73.3256469655,"HOLDER_PROFIT_SQ":370873522.94,"HOLDER_PROFIT_QOQ_SQ":122.525026882096,"ROE_AVG_SQ":2.391131727348,"PE_TTM_SQ":-1.374334191422,"PB_TTM_SQ":0.339658354847,"ROA_SQ":1.429691933007,"START_DATE":"2020-01-01 00:00:00","FISCAL_YEAR":"12-31","CURRENCY":"HKD","IS_CNY_CODE":0,"DPS_HKD_LY":0.02,"ORG_TYPE":"一般企业","PREMIUM_INCOME":null,"PREMIUM_INCOME_YOY":null,"NET_INTEREST_INCOME":null,"NET_INTEREST_INCOME_YOY":null,"FEE_COMMISSION_INCOME":null,"FEE_COMMISSION_INCOME_YOY":null,"ACCOUNTS_RECE_TDAYS":51.187950969312,"INVENTORY_TDAYS":null,"CURRENT_ASSETS_TDAYS":0.064348746458,"TOTAL_ASSETS_TDAYS":0.01851053063,"PREMIUM_EXPENSE":null,"LOAN_DEPOSIT":null,"LOAN_EQUITY":null,"LOAN_ASSETS":null,"DEPOSIT_EQUITY":null,"DEPOSIT_ASSETS":null,"EQUITY_MULTIPLIER":1.67238514935,"EQUITY_RATIO":0.672385149351},{"SECUCODE":"01224.HK","SECURITY_CODE":"01224","SECURITY_NAME_ABBR":"中渝置地","ORG_CODE":"10010563","STD_REPORT_DATE":"2020-06-30 00:00:00","REPORT_DATE":"2020-06-30 00:00:00","DATE_TYPE_CODE":"002","REPORT_TYPE":"2020年中报","PER_NETCASH_OPERATE":0.202188349085,"PER_OI":0.065276390438,"BPS":3.984548373943,"BASIC_EPS":-0.00045672,"DILUTED_EPS":-0.00045672,"OPERATE_INCOME":253424793.6,"OPERATE_INCOME_YOY":-0.5641293985,"GROSS_PROFIT":252209004.96,"GROSS_PROFIT_YOY":4.946949292585,"HOLDER_PROFIT":-1705392.48,"HOLDER_PROFIT_YOY":-102.2083959262,"GROSS_PROFIT_RATIO":99.520256632065,"EPS_TTM":0.075933895352,"OPERATE_INCOME_QOQ":1.579181895047,"NET_PROFIT_RATIO":-0.672938293,"ROE_AVG":-0.01084152315,"GROSS_PROFIT_QOQ":2.390028634251,"ROA":-0.006314910054,"HOLDER_PROFIT_QOQ":-20.511771219728,"ROE_YEARLY":-0.0216830463,"ROIC_YEARLY":-0.016254715837,"TOTAL_ASSETS":27084377469.6,"TOTAL_LIABILITIES":11615027181.12,"TAX_EBT":120.460273972603,"OCF_SALES":309.741926182238,"TOTAL_PARENT_EQUITY":15469350288.48,"DEBT_ASSET_RATIO":42.884600889,"OPERATE_PROFIT":258687121.44,"PRETAX_PROFIT":8335140,"NETCASH_OPERATE":784786543.2,"NETCASH_INVEST":-811522932,"NETCASH_FINANCE":1078159721.76,"END_CASH":6546673805.76,"DIVI_RATIO":null,"DIVIDEND_RATE":null,"CURRENT_RATIO":7.245534720412,"COMMON_ACS":20000000000,"CURRENTDEBT_DEBT":10.350190764203,"ISSUED_COMMON_SHARES":3882334668,"HK_COMMON_SHARES":3882334668,"PER_SHARES":1000,"TOTAL_MARKET_CAP":4658801601.6,"HKSK_MARKET_CAP":4658801601.6,"PE_TTM":-9.385081942366,"PB_TTM":0.341508276016,"REPORT_DATE_SQ":"2019-06-30 00:00:00","REPORT_TYPE_SQ":"2019年中报","OPERATE_INCOME_SQ":245437455.24,"DPS_HKD":null,"OPERATE_INCOME_QOQ_SQ":-2.107079969957,"NET_PROFIT_RATIO_SQ":30.299913266,"HOLDER_PROFIT_SQ":74367336.06,"HOLDER_PROFIT_QOQ_SQ":11.17221211656,"ROE_AVG_SQ":0.496906975812,"PE_TTM_SQ":-1.374334191422,"PB_TTM_SQ":0.339658354847,"ROA_SQ":0.292773497739,"START_DATE":"2020-01-01 00:00:00","FISCAL_YEAR":"12-31","CURRENCY":"HKD","IS_CNY_CODE":0,"DPS_HKD_LY":0.02,"ORG_TYPE":"一般企业","PREMIUM_INCOME":null,"PREMIUM_INCOME_YOY":null,"NET_INTEREST_INCOME":null,"NET_INTEREST_INCOME_YOY":null,"FEE_COMMISSION_INCOME":null,"FEE_COMMISSION_INCOME_YOY":null,"ACCOUNTS_RECE_TDAYS":29.9368761802,"INVENTORY_TDAYS":null,"CURRENT_ASSETS_TDAYS":0.028898610759,"TOTAL_ASSETS_TDAYS":0.009384084871,"PREMIUM_EXPENSE":null,"LOAN_DEPOSIT":null,"LOAN_EQUITY":null,"LOAN_ASSETS":null,"DEPOSIT_EQUITY":null,"DEPOSIT_ASSETS":null,"EQUITY_MULTIPLIER":1.750841306486,"EQUITY_RATIO":0.750841306488}],"count":50},"success":true,"message":"ok","code":0}