{"version":"85a4ab86d0ccded80f08e0944c41726f","result":{"pages":6,"data":[{"SECUCODE":"01221.HK","SECURITY_CODE":"01221","SECURITY_NAME_ABBR":"SINO HOTELS","ORG_CODE":"10010561","STD_REPORT_DATE":"2023-12-31 00:00:00","REPORT_DATE":"2024-06-30 00:00:00","DATE_TYPE_CODE":"001","REPORT_TYPE":"2023年年报","PER_NETCASH_OPERATE":0.019640014092,"PER_OI":0.105799516644,"BPS":3.222809505433,"BASIC_EPS":0.051292616,"DILUTED_EPS":null,"OPERATE_INCOME":122018927.24,"OPERATE_INCOME_YOY":-1.9529760333,"GROSS_PROFIT":72145528.64,"GROSS_PROFIT_YOY":2.795007915004,"HOLDER_PROFIT":58689887.4,"HOLDER_PROFIT_YOY":429.989223585,"GROSS_PROFIT_RATIO":59.126506249392,"EPS_TTM":0.047356463973,"OPERATE_INCOME_QOQ":-1.105293752355,"NET_PROFIT_RATIO":48.0990029396,"ROE_AVG":1.557536193552,"GROSS_PROFIT_QOQ":4.045565109881,"ROA":1.549334739696,"HOLDER_PROFIT_QOQ":401.182452217749,"ROE_YEARLY":1.557536193552,"ROIC_YEARLY":2.094197713328,"TOTAL_ASSETS":3774415520.4,"TOTAL_LIABILITIES":19441909.36,"TAX_EBT":0.459738088604,"OCF_SALES":18.563425160629,"TOTAL_PARENT_EQUITY":3754973611.04,"DEBT_ASSET_RATIO":0.5150972185,"OPERATE_PROFIT":-45299046.44,"PRETAX_PROFIT":58960953.36,"NETCASH_OPERATE":22650892.24,"NETCASH_INVEST":-16587046.32,"NETCASH_FINANCE":-2418602,"END_CASH":72387388.84,"DIVI_RATIO":0.576130431014,"DIVIDEND_RATE":2.142857142857,"CURRENT_RATIO":63.84015585391,"COMMON_ACS":3000000000,"CURRENTDEBT_DEBT":100,"ISSUED_COMMON_SHARES":1165124282,"HK_COMMON_SHARES":1165124282,"PER_SHARES":2000,"TOTAL_MARKET_CAP":1631173994.8,"HKSK_MARKET_CAP":1631173994.8,"PE_TTM":25.366207834539,"PB_TTM":0.396471463127,"REPORT_DATE_SQ":"2022-12-31 00:00:00","REPORT_TYPE_SQ":"2022年年报","OPERATE_INCOME_SQ":125717504.88,"DPS_HKD":0.03,"OPERATE_INCOME_QOQ_SQ":9.100485907639,"NET_PROFIT_RATIO_SQ":-14.2913093097,"HOLDER_PROFIT_SQ":-17966624.26,"HOLDER_PROFIT_QOQ_SQ":-0.759501268343,"ROE_AVG_SQ":-0.467614042912,"PE_TTM_SQ":-100.855676137937,"PB_TTM_SQ":0.47438026499,"ROA_SQ":-0.4655402975,"START_DATE":"2023-07-01 00:00:00","FISCAL_YEAR":"6-30","CURRENCY":"HKD","IS_CNY_CODE":0,"DPS_HKD_LY":0.015,"ORG_TYPE":"一般企业","PREMIUM_INCOME":null,"PREMIUM_INCOME_YOY":null,"NET_INTEREST_INCOME":null,"NET_INTEREST_INCOME_YOY":null,"FEE_COMMISSION_INCOME":null,"FEE_COMMISSION_INCOME_YOY":null,"ACCOUNTS_RECE_TDAYS":4.563835597733,"INVENTORY_TDAYS":763.76367981886,"CURRENT_ASSETS_TDAYS":0.116340725627,"TOTAL_ASSETS_TDAYS":0.032211369155,"PREMIUM_EXPENSE":null,"LOAN_DEPOSIT":null,"LOAN_EQUITY":null,"LOAN_ASSETS":null,"DEPOSIT_EQUITY":null,"DEPOSIT_ASSETS":null,"EQUITY_MULTIPLIER":1.005177642075,"EQUITY_RATIO":0.005177642075},{"SECUCODE":"01221.HK","SECURITY_CODE":"01221","SECURITY_NAME_ABBR":"SINO HOTELS","ORG_CODE":"10010561","STD_REPORT_DATE":"2023-06-30 00:00:00","REPORT_DATE":"2023-12-31 00:00:00","DATE_TYPE_CODE":"002","REPORT_TYPE":"2023年中报","PER_NETCASH_OPERATE":0.01554596289,"PER_OI":0.052149053921,"BPS":3.175520562707,"BASIC_EPS":0.022836744,"DILUTED_EPS":null,"OPERATE_INCOME":59588731.7172,"OPERATE_INCOME_YOY":-3.6752052389,"GROSS_PROFIT":34159812.46748,"GROSS_PROFIT_YOY":9.065376420792,"HOLDER_PROFIT":26100857.818,"HOLDER_PROFIT_YOY":155.956649979,"GROSS_PROFIT_RATIO":57.32595993081,"EPS_TTM":-0.015723513646,"OPERATE_INCOME_QOQ":4.606713525573,"NET_PROFIT_RATIO":43.8016669693,"ROE_AVG":0.700281948005,"GROSS_PROFIT_QOQ":9.669554312075,"ROA":0.695912153072,"HOLDER_PROFIT_QOQ":77.438811430552,"ROE_YEARLY":1.400563896009,"ROIC_YEARLY":1.855350101582,"TOTAL_ASSETS":3726377239.91764,"TOTAL_LIABILITIES":26501124.31736,"TAX_EBT":0.509554373348,"OCF_SALES":29.810632639883,"TOTAL_PARENT_EQUITY":3699876115.60028,"DEBT_ASSET_RATIO":0.7111766365,"OPERATE_PROFIT":-30764020.35238,"PRETAX_PROFIT":26234537.04886,"NETCASH_OPERATE":17763777.90698,"NETCASH_INVEST":93535747.41672,"NETCASH_FINANCE":-177508.56116,"END_CASH":179377322.733,"DIVI_RATIO":-1.735203760101,"DIVIDEND_RATE":2.205882352941,"CURRENT_RATIO":43.653642911397,"COMMON_ACS":3000000000,"CURRENTDEBT_DEBT":100,"ISSUED_COMMON_SHARES":1165124282,"HK_COMMON_SHARES":1165124282,"PER_SHARES":2000,"TOTAL_MARKET_CAP":1584569023.52,"HKSK_MARKET_CAP":1584569023.52,"PE_TTM":24.641459039266,"PB_TTM":0.385143707038,"REPORT_DATE_SQ":"2022-06-30 00:00:00","REPORT_TYPE_SQ":"2022年中报","OPERATE_INCOME_SQ":60978277.96662,"DPS_HKD":0.03,"OPERATE_INCOME_QOQ_SQ":9.740627890394,"NET_PROFIT_RATIO_SQ":-75.4009859882,"HOLDER_PROFIT_SQ":-45978222.82543,"HOLDER_PROFIT_QOQ_SQ":8.549032184052,"ROE_AVG_SQ":-1.224987221226,"PE_TTM_SQ":-98.51019529752,"PB_TTM_SQ":0.463348165804,"ROA_SQ":-1.219114336188,"START_DATE":"2023-07-01 00:00:00","FISCAL_YEAR":"6-30","CURRENCY":"HKD","IS_CNY_CODE":0,"DPS_HKD_LY":0.015,"ORG_TYPE":"一般企业","PREMIUM_INCOME":null,"PREMIUM_INCOME_YOY":null,"NET_INTEREST_INCOME":null,"NET_INTEREST_INCOME_YOY":null,"FEE_COMMISSION_INCOME":null,"FEE_COMMISSION_INCOME_YOY":null,"ACCOUNTS_RECE_TDAYS":1.901905397682,"INVENTORY_TDAYS":354.665512272808,"CURRENT_ASSETS_TDAYS":0.059373577259,"TOTAL_ASSETS_TDAYS":0.015887800653,"PREMIUM_EXPENSE":null,"LOAN_DEPOSIT":null,"LOAN_EQUITY":null,"LOAN_ASSETS":null,"DEPOSIT_EQUITY":null,"DEPOSIT_ASSETS":null,"EQUITY_MULTIPLIER":1.007162705856,"EQUITY_RATIO":0.007162705855},{"SECUCODE":"01221.HK","SECURITY_CODE":"01221","SECURITY_NAME_ABBR":"SINO HOTELS","ORG_CODE":"10010561","STD_REPORT_DATE":"2022-12-31 00:00:00","REPORT_DATE":"2023-06-30 00:00:00","DATE_TYPE_CODE":"001","REPORT_TYPE":"2022年年报","PER_NETCASH_OPERATE":0.029811383156,"PER_OI":0.110021622408,"BPS":3.278451690602,"BASIC_EPS":-0.015765858,"DILUTED_EPS":null,"OPERATE_INCOME":125717504.88,"OPERATE_INCOME_YOY":5.8588950109,"GROSS_PROFIT":70183883.54,"GROSS_PROFIT_YOY":13.100057580198,"HOLDER_PROFIT":-17966624.26,"HOLDER_PROFIT_YOY":78.9142478052,"GROSS_PROFIT_RATIO":55.826439576064,"EPS_TTM":-0.069692753985,"OPERATE_INCOME_QOQ":9.100485907639,"NET_PROFIT_RATIO":-14.2913093097,"ROE_AVG":-0.467614042912,"GROSS_PROFIT_QOQ":3.127519955137,"ROA":-0.4655402975,"HOLDER_PROFIT_QOQ":-0.759501268343,"ROE_YEARLY":-0.467614042912,"ROIC_YEARLY":-0.588628267804,"TOTAL_ASSETS":3840463434.96,"TOTAL_LIABILITIES":20659727.84,"TAX_EBT":-1.494791666667,"OCF_SALES":27.095960052467,"TOTAL_PARENT_EQUITY":3819803707.12,"DEBT_ASSET_RATIO":0.5379530303,"OPERATE_PROFIT":-53118033.74,"PRETAX_PROFIT":-17702016,"NETCASH_OPERATE":34064395.06,"NETCASH_INVEST":-30605126.1,"NETCASH_FINANCE":-185317.98,"END_CASH":69442611.62,"DIVI_RATIO":-0.391482592381,"DIVIDEND_RATE":2.205882352941,"CURRENT_RATIO":41.876587724052,"COMMON_ACS":3000000000,"CURRENTDEBT_DEBT":100,"ISSUED_COMMON_SHARES":1165124282,"HK_COMMON_SHARES":1165124282,"PER_SHARES":2000,"TOTAL_MARKET_CAP":1584569023.52,"HKSK_MARKET_CAP":1584569023.52,"PE_TTM":24.641459039266,"PB_TTM":0.385143707038,"REPORT_DATE_SQ":"2021-12-31 00:00:00","REPORT_TYPE_SQ":"2021年年报","OPERATE_INCOME_SQ":110156226.00773,"DPS_HKD":0.03,"OPERATE_INCOME_QOQ_SQ":7.36018462657,"NET_PROFIT_RATIO_SQ":-71.7480788833,"HOLDER_PROFIT_SQ":-79034975.93089,"HOLDER_PROFIT_QOQ_SQ":-8.946694273881,"ROE_AVG_SQ":-2.157288394505,"PE_TTM_SQ":-98.51019529752,"PB_TTM_SQ":0.463348165804,"ROA_SQ":-2.150857802499,"START_DATE":"2022-07-01 00:00:00","FISCAL_YEAR":"6-30","CURRENCY":"HKD","IS_CNY_CODE":0,"DPS_HKD_LY":null,"ORG_TYPE":"一般企业","PREMIUM_INCOME":null,"PREMIUM_INCOME_YOY":null,"NET_INTEREST_INCOME":null,"NET_INTEREST_INCOME_YOY":null,"FEE_COMMISSION_INCOME":null,"FEE_COMMISSION_INCOME_YOY":null,"ACCOUNTS_RECE_TDAYS":6.680925703805,"INVENTORY_TDAYS":449.067774054179,"CURRENT_ASSETS_TDAYS":0.152032646286,"TOTAL_ASSETS_TDAYS":0.032575062747,"PREMIUM_EXPENSE":null,"LOAN_DEPOSIT":null,"LOAN_EQUITY":null,"LOAN_ASSETS":null,"DEPOSIT_EQUITY":null,"DEPOSIT_ASSETS":null,"EQUITY_MULTIPLIER":1.005408626171,"EQUITY_RATIO":0.00540858364},{"SECUCODE":"01221.HK","SECURITY_CODE":"01221","SECURITY_NAME_ABBR":"SINO HOTELS","ORG_CODE":"10010561","STD_REPORT_DATE":"2022-06-30 00:00:00","REPORT_DATE":"2022-12-31 00:00:00","DATE_TYPE_CODE":"002","REPORT_TYPE":"2022年中报","PER_NETCASH_OPERATE":0.017022461735,"PER_OI":0.053365114746,"BPS":3.229248372534,"BASIC_EPS":-0.04019715,"DILUTED_EPS":null,"OPERATE_INCOME":60978277.96662,"OPERATE_INCOME_YOY":9.5365469106,"GROSS_PROFIT":31320491.97326,"GROSS_PROFIT_YOY":6.605824270279,"HOLDER_PROFIT":-45978222.82543,"HOLDER_PROFIT_YOY":7.2603545481,"GROSS_PROFIT_RATIO":51.363359244755,"EPS_TTM":-0.069167426503,"OPERATE_INCOME_QOQ":9.740627890394,"NET_PROFIT_RATIO":-75.4009859882,"ROE_AVG":-1.224987221226,"GROSS_PROFIT_QOQ":4.861364044195,"ROA":-1.219114336188,"HOLDER_PROFIT_QOQ":8.549032184052,"ROE_YEARLY":-2.449974442451,"ROIC_YEARLY":-3.056421837694,"TOTAL_ASSETS":3785490506.25851,"TOTAL_LIABILITIES":23014814.81033,"TAX_EBT":-0.248790171874,"OCF_SALES":31.898107623353,"TOTAL_PARENT_EQUITY":3762475691.44818,"DEBT_ASSET_RATIO":0.6079744427,"OPERATE_PROFIT":-39401217.84536,"PRETAX_PROFIT":-45864117.4089,"NETCASH_OPERATE":19450916.73266,"NETCASH_INVEST":400553760.81182,"NETCASH_FINANCE":373242.15026,"END_CASH":484485774.46598,"DIVI_RATIO":-0.394455907635,"DIVIDEND_RATE":2.205882352941,"CURRENT_RATIO":34.466420443274,"COMMON_ACS":3000000000,"CURRENTDEBT_DEBT":100,"ISSUED_COMMON_SHARES":1165124282,"HK_COMMON_SHARES":1165124282,"PER_SHARES":2000,"TOTAL_MARKET_CAP":1584569023.52,"HKSK_MARKET_CAP":1584569023.52,"PE_TTM":24.641459039266,"PB_TTM":0.385143707038,"REPORT_DATE_SQ":"2021-06-30 00:00:00","REPORT_TYPE_SQ":"2021年中报","OPERATE_INCOME_SQ":50953526.1424,"DPS_HKD":0.03,"OPERATE_INCOME_QOQ_SQ":0.205914487962,"NET_PROFIT_RATIO_SQ":-89.0575287253,"HOLDER_PROFIT_SQ":-45377951.1808,"HOLDER_PROFIT_QOQ_SQ":30.307228084602,"ROE_AVG_SQ":-1.293257901696,"PE_TTM_SQ":-98.51019529752,"PB_TTM_SQ":0.463348165804,"ROA_SQ":-1.289261713548,"START_DATE":"2022-07-01 00:00:00","FISCAL_YEAR":"6-30","CURRENCY":"HKD","IS_CNY_CODE":0,"DPS_HKD_LY":null,"ORG_TYPE":"一般企业","PREMIUM_INCOME":null,"PREMIUM_INCOME_YOY":null,"NET_INTEREST_INCOME":null,"NET_INTEREST_INCOME_YOY":null,"FEE_COMMISSION_INCOME":null,"FEE_COMMISSION_INCOME_YOY":null,"ACCOUNTS_RECE_TDAYS":4.163247420646,"INVENTORY_TDAYS":193.527968593803,"CURRENT_ASSETS_TDAYS":0.078311061408,"TOTAL_ASSETS_TDAYS":0.016168413718,"PREMIUM_EXPENSE":null,"LOAN_DEPOSIT":null,"LOAN_EQUITY":null,"LOAN_ASSETS":null,"DEPOSIT_EQUITY":null,"DEPOSIT_ASSETS":null,"EQUITY_MULTIPLIER":1.006116933821,"EQUITY_RATIO":0.006116933822},{"SECUCODE":"01221.HK","SECURITY_CODE":"01221","SECURITY_NAME_ABBR":"SINO HOTELS","ORG_CODE":"10010561","STD_REPORT_DATE":"2021-12-31 00:00:00","REPORT_DATE":"2022-06-30 00:00:00","DATE_TYPE_CODE":"001","REPORT_TYPE":"2021年年报","PER_NETCASH_OPERATE":0.019982328697,"PER_OI":0.096403175638,"BPS":3.076611040769,"BASIC_EPS":-0.069184871,"DILUTED_EPS":null,"OPERATE_INCOME":110156226.00773,"OPERATE_INCOME_YOY":14.6339242658,"GROSS_PROFIT":62054684.18107,"GROSS_PROFIT_YOY":31.785071371279,"HOLDER_PROFIT":-79034975.93089,"HOLDER_PROFIT_YOY":3.0595943823,"GROSS_PROFIT_RATIO":56.333342589928,"EPS_TTM":-0.075633345556,"OPERATE_INCOME_QOQ":7.36018462657,"NET_PROFIT_RATIO":-71.7480788833,"ROE_AVG":-2.157288394505,"GROSS_PROFIT_QOQ":25.675526513022,"ROA":-2.150857802499,"HOLDER_PROFIT_QOQ":-8.946694273881,"ROE_YEARLY":-2.157288394505,"ROIC_YEARLY":-2.718131719339,"TOTAL_ASSETS":3597221369.54047,"TOTAL_LIABILITIES":12587139.6707,"TAX_EBT":-0.30118454511,"OCF_SALES":20.727873915894,"TOTAL_PARENT_EQUITY":3584634229.86977,"DEBT_ASSET_RATIO":0.349912846,"OPERATE_PROFIT":-26908457.56872,"PRETAX_PROFIT":-78797649.58842,"NETCASH_OPERATE":22833043.63739,"NETCASH_INVEST":-214583002.27728,"NETCASH_FINANCE":447629.53613,"END_CASH":61374944.10628,"DIVI_RATIO":-0.360733745139,"DIVIDEND_RATE":2.205882352941,"CURRENT_RATIO":58.11672605892,"COMMON_ACS":3000000000,"CURRENTDEBT_DEBT":100,"ISSUED_COMMON_SHARES":1165124282,"HK_COMMON_SHARES":1165124282,"PER_SHARES":2000,"TOTAL_MARKET_CAP":1584569023.52,"HKSK_MARKET_CAP":1584569023.52,"PE_TTM":24.641459039266,"PB_TTM":0.385143707038,"REPORT_DATE_SQ":"2020-12-31 00:00:00","REPORT_TYPE_SQ":"2020年年报","OPERATE_INCOME_SQ":93497146.81392,"DPS_HKD":0.03,"OPERATE_INCOME_QOQ_SQ":-36.451082621173,"NET_PROFIT_RATIO_SQ":-84.8435055384,"HOLDER_PROFIT_SQ":-79326256.93536,"HOLDER_PROFIT_QOQ_SQ":-63.179689680574,"ROE_AVG_SQ":-2.179912251396,"PE_TTM_SQ":-98.51019529752,"PB_TTM_SQ":0.463348165804,"ROA_SQ":-2.169144938309,"START_DATE":"2021-07-01 00:00:00","FISCAL_YEAR":"6-30","CURRENCY":"HKD","IS_CNY_CODE":0,"DPS_HKD_LY":null,"ORG_TYPE":"一般企业","PREMIUM_INCOME":null,"PREMIUM_INCOME_YOY":null,"NET_INTEREST_INCOME":null,"NET_INTEREST_INCOME_YOY":null,"FEE_COMMISSION_INCOME":null,"FEE_COMMISSION_INCOME_YOY":null,"ACCOUNTS_RECE_TDAYS":10.276280615257,"INVENTORY_TDAYS":263.288633203983,"CURRENT_ASSETS_TDAYS":0.141226266202,"TOTAL_ASSETS_TDAYS":0.029977914893,"PREMIUM_EXPENSE":null,"LOAN_DEPOSIT":null,"LOAN_EQUITY":null,"LOAN_ASSETS":null,"DEPOSIT_EQUITY":null,"DEPOSIT_ASSETS":null,"EQUITY_MULTIPLIER":1.003511415353,"EQUITY_RATIO":0.003511415353},{"SECUCODE":"01221.HK","SECURITY_CODE":"01221","SECURITY_NAME_ABBR":"SINO HOTELS","ORG_CODE":"10010561","STD_REPORT_DATE":"2021-06-30 00:00:00","REPORT_DATE":"2021-12-31 00:00:00","DATE_TYPE_CODE":"002","REPORT_TYPE":"2021年中报","PER_NETCASH_OPERATE":0.007509654129,"PER_OI":0.044591957333,"BPS":2.952052458251,"BASIC_EPS":-0.03973536,"DILUTED_EPS":null,"OPERATE_INCOME":50953526.1424,"OPERATE_INCOME_YOY":19.0138018991,"GROSS_PROFIT":29379719.3424,"GROSS_PROFIT_YOY":69.926333110783,"HOLDER_PROFIT":-45377951.1808,"HOLDER_PROFIT_YOY":-22.0249194068,"GROSS_PROFIT_RATIO":57.659835474963,"EPS_TTM":-0.069422340954,"OPERATE_INCOME_QOQ":0.205914487962,"NET_PROFIT_RATIO":-89.0575287253,"ROE_AVG":-1.293257901696,"GROSS_PROFIT_QOQ":55.418900273721,"ROA":-1.289261713548,"HOLDER_PROFIT_QOQ":30.307228084602,"ROE_YEARLY":-2.586515803392,"ROIC_YEARLY":-3.282507464433,"TOTAL_ASSETS":3452349687.5728,"TOTAL_LIABILITIES":12841686.7264,"TAX_EBT":-0.342147194074,"OCF_SALES":16.840826414287,"TOTAL_PARENT_EQUITY":3439508000.8464,"DEBT_ASSET_RATIO":0.3719694668,"OPERATE_PROFIT":-16833503.4448,"PRETAX_PROFIT":-45223221.1984,"NETCASH_OPERATE":8580994.8896,"NETCASH_INVEST":-233450145.6,"NETCASH_FINANCE":332132.0128,"END_CASH":17033788.464,"DIVI_RATIO":-0.39300749046,"DIVIDEND_RATE":2.205882352941,"CURRENT_RATIO":57.795790791672,"COMMON_ACS":3000000000,"CURRENTDEBT_DEBT":100,"ISSUED_COMMON_SHARES":1165124282,"HK_COMMON_SHARES":1165124282,"PER_SHARES":2000,"TOTAL_MARKET_CAP":1584569023.52,"HKSK_MARKET_CAP":1584569023.52,"PE_TTM":24.641459039266,"PB_TTM":0.385143707038,"REPORT_DATE_SQ":"2020-06-30 00:00:00","REPORT_TYPE_SQ":"2020年中报","OPERATE_INCOME_SQ":44071963.51632,"DPS_HKD":0.03,"OPERATE_INCOME_QOQ_SQ":-38.920106026632,"NET_PROFIT_RATIO_SQ":-86.8599228162,"HOLDER_PROFIT_SQ":-38280873.49388,"HOLDER_PROFIT_QOQ_SQ":-174.521639374071,"ROE_AVG_SQ":-1.049063662299,"PE_TTM_SQ":-98.51019529752,"PB_TTM_SQ":0.463348165804,"ROA_SQ":-1.043394658825,"START_DATE":"2021-07-01 00:00:00","FISCAL_YEAR":"6-30","CURRENCY":"HKD","IS_CNY_CODE":0,"DPS_HKD_LY":null,"ORG_TYPE":"一般企业","PREMIUM_INCOME":null,"PREMIUM_INCOME_YOY":null,"NET_INTEREST_INCOME":null,"NET_INTEREST_INCOME_YOY":null,"FEE_COMMISSION_INCOME":null,"FEE_COMMISSION_INCOME_YOY":null,"ACCOUNTS_RECE_TDAYS":5.173951105085,"INVENTORY_TDAYS":114.189056147343,"CURRENT_ASSETS_TDAYS":0.06642129406,"TOTAL_ASSETS_TDAYS":0.014476729054,"PREMIUM_EXPENSE":null,"LOAN_DEPOSIT":null,"LOAN_EQUITY":null,"LOAN_ASSETS":null,"DEPOSIT_EQUITY":null,"DEPOSIT_ASSETS":null,"EQUITY_MULTIPLIER":1.003733582455,"EQUITY_RATIO":0.003733582455},{"SECUCODE":"01221.HK","SECURITY_CODE":"01221","SECURITY_NAME_ABBR":"SINO HOTELS","ORG_CODE":"10010561","STD_REPORT_DATE":"2020-12-31 00:00:00","REPORT_DATE":"2021-06-30 00:00:00","DATE_TYPE_CODE":"001","REPORT_TYPE":"2020年年报","PER_NETCASH_OPERATE":0.010524258219,"PER_OI":0.081823989371,"BPS":3.125400401625,"BASIC_EPS":-0.069395472,"DILUTED_EPS":null,"OPERATE_INCOME":93497146.81392,"OPERATE_INCOME_YOY":-30.0936777883,"GROSS_PROFIT":47087794.94928,"GROSS_PROFIT_YOY":-26.936580152959,"HOLDER_PROFIT":-79326256.93536,"HOLDER_PROFIT_YOY":-24.8443186244,"GROSS_PROFIT_RATIO":50.362814860003,"EPS_TTM":-0.099611966988,"OPERATE_INCOME_QOQ":-36.451082621173,"NET_PROFIT_RATIO":-84.8435055384,"ROE_AVG":-2.179912251396,"GROSS_PROFIT_QOQ":-52.989359905157,"ROA":-2.169144938309,"HOLDER_PROFIT_QOQ":-63.179689680574,"ROE_YEARLY":-2.179912251396,"ROIC_YEARLY":-2.775874847197,"TOTAL_ASSETS":3650547781.93368,"TOTAL_LIABILITIES":9067883.028,"TAX_EBT":3.370310748499,"OCF_SALES":12.862069302472,"TOTAL_PARENT_EQUITY":3641479898.90568,"DEBT_ASSET_RATIO":0.2483978726,"OPERATE_PROFIT":-19167169.15584,"PRETAX_PROFIT":-82093047.74736,"NETCASH_OPERATE":12025667.81904,"NETCASH_INVEST":174934596.23304,"NETCASH_FINANCE":-3361877.7864,"END_CASH":245849115.97728,"DIVI_RATIO":-0.273897813937,"DIVIDEND_RATE":2.013422818792,"CURRENT_RATIO":88.894500016058,"COMMON_ACS":3000000000,"CURRENTDEBT_DEBT":100,"ISSUED_COMMON_SHARES":1165124282,"HK_COMMON_SHARES":1165124282,"PER_SHARES":2000,"TOTAL_MARKET_CAP":1736035180.18,"HKSK_MARKET_CAP":1736035180.18,"PE_TTM":26.996892623902,"PB_TTM":0.421958914329,"REPORT_DATE_SQ":"2019-12-31 00:00:00","REPORT_TYPE_SQ":"2019年年报","OPERATE_INCOME_SQ":146823930.46464,"DPS_HKD":0.03,"OPERATE_INCOME_QOQ_SQ":-14.778710993392,"NET_PROFIT_RATIO_SQ":-47.5079483079,"HOLDER_PROFIT_SQ":-69753036.9888,"HOLDER_PROFIT_QOQ_SQ":-45.79599203946,"ROE_AVG_SQ":-1.67418243985,"PE_TTM_SQ":-99.682935717729,"PB_TTM_SQ":0.468864215397,"ROA_SQ":-1.658129278709,"START_DATE":"2020-07-01 00:00:00","FISCAL_YEAR":"6-30","CURRENCY":"HKD","IS_CNY_CODE":0,"DPS_HKD_LY":null,"ORG_TYPE":"一般企业","PREMIUM_INCOME":null,"PREMIUM_INCOME_YOY":null,"NET_INTEREST_INCOME":null,"NET_INTEREST_INCOME_YOY":null,"FEE_COMMISSION_INCOME":null,"FEE_COMMISSION_INCOME_YOY":null,"ACCOUNTS_RECE_TDAYS":7.822297440149,"INVENTORY_TDAYS":195.347423537962,"CURRENT_ASSETS_TDAYS":0.110087915629,"TOTAL_ASSETS_TDAYS":0.025566422846,"PREMIUM_EXPENSE":null,"LOAN_DEPOSIT":null,"LOAN_EQUITY":null,"LOAN_ASSETS":null,"DEPOSIT_EQUITY":null,"DEPOSIT_ASSETS":null,"EQUITY_MULTIPLIER":1.002490164241,"EQUITY_RATIO":0.002490164241},{"SECUCODE":"01221.HK","SECURITY_CODE":"01221","SECURITY_NAME_ABBR":"SINO HOTELS","ORG_CODE":"10010561","STD_REPORT_DATE":"2020-06-30 00:00:00","REPORT_DATE":"2020-12-31 00:00:00","DATE_TYPE_CODE":"002","REPORT_TYPE":"2020年中报","PER_NETCASH_OPERATE":-0.01116412645,"PER_OI":0.038569560646,"BPS":3.10685442262,"BASIC_EPS":-0.033497272,"DILUTED_EPS":null,"OPERATE_INCOME":44071963.51632,"OPERATE_INCOME_YOY":-51.9350849783,"GROSS_PROFIT":17289680.0658,"GROSS_PROFIT_YOY":-66.388762655333,"HOLDER_PROFIT":-38280873.49388,"HOLDER_PROFIT_YOY":-803.8212493863,"GROSS_PROFIT_RATIO":39.230564482106,"EPS_TTM":-0.061044341476,"OPERATE_INCOME_QOQ":-38.920106026632,"NET_PROFIT_RATIO":-86.8599228162,"ROE_AVG":-1.049063662299,"GROSS_PROFIT_QOQ":-54.922364176495,"ROA":-1.043394658825,"HOLDER_PROFIT_QOQ":-174.521639374071,"ROE_YEARLY":-2.098127324597,"ROIC_YEARLY":-2.675519394413,"TOTAL_ASSETS":3632154232.38328,"TOTAL_LIABILITIES":12282703.94936,"TAX_EBT":7.417849991189,"OCF_SALES":-28.945433297148,"TOTAL_PARENT_EQUITY":3619871528.43392,"DEBT_ASSET_RATIO":0.3381658147,"OPERATE_PROFIT":-13013011.81016,"PRETAX_PROFIT":-41348006.59764,"NETCASH_OPERATE":-12756820.80236,"NETCASH_INVEST":230731898.5758,"NETCASH_FINANCE":-2067161.26204,"END_CASH":278873862.2792,"DIVI_RATIO":-0.446945602824,"DIVIDEND_RATE":2.205882352941,"CURRENT_RATIO":73.162758036407,"COMMON_ACS":3000000000,"CURRENTDEBT_DEBT":100,"ISSUED_COMMON_SHARES":1165124282,"HK_COMMON_SHARES":1165124282,"PER_SHARES":2000,"TOTAL_MARKET_CAP":1584569023.52,"HKSK_MARKET_CAP":1584569023.52,"PE_TTM":24.641459039266,"PB_TTM":0.385143707038,"REPORT_DATE_SQ":"2019-06-30 00:00:00","REPORT_TYPE_SQ":"2019年中报","OPERATE_INCOME_SQ":97590875.71764,"DPS_HKD":0.03,"OPERATE_INCOME_QOQ_SQ":3.870014715029,"NET_PROFIT_RATIO_SQ":5.9317828392,"HOLDER_PROFIT_SQ":5788878.81842,"HOLDER_PROFIT_QOQ_SQ":6.577786177815,"ROE_AVG_SQ":0.138193907705,"PE_TTM_SQ":-98.51019529752,"PB_TTM_SQ":0.463348165804,"ROA_SQ":0.136305621207,"START_DATE":"2020-07-01 00:00:00","FISCAL_YEAR":"6-30","CURRENCY":"HKD","IS_CNY_CODE":0,"DPS_HKD_LY":null,"ORG_TYPE":"一般企业","PREMIUM_INCOME":null,"PREMIUM_INCOME_YOY":null,"NET_INTEREST_INCOME":null,"NET_INTEREST_INCOME_YOY":null,"FEE_COMMISSION_INCOME":null,"FEE_COMMISSION_INCOME_YOY":null,"ACCOUNTS_RECE_TDAYS":2.425281636893,"INVENTORY_TDAYS":99.578464306669,"CURRENT_ASSETS_TDAYS":0.048930889662,"TOTAL_ASSETS_TDAYS":0.012012382984,"PREMIUM_EXPENSE":null,"LOAN_DEPOSIT":null,"LOAN_EQUITY":null,"LOAN_ASSETS":null,"DEPOSIT_EQUITY":null,"DEPOSIT_ASSETS":null,"EQUITY_MULTIPLIER":1.003393132561,"EQUITY_RATIO":0.003393132561},{"SECUCODE":"01221.HK","SECURITY_CODE":"01221","SECURITY_NAME_ABBR":"SINO HOTELS","ORG_CODE":"10010561","STD_REPORT_DATE":"2019-12-31 00:00:00","REPORT_DATE":"2020-06-30 00:00:00","DATE_TYPE_CODE":"001","REPORT_TYPE":"2019年年报","PER_NETCASH_OPERATE":-0.027622316265,"PER_OI":0.128492902031,"BPS":3.426261173457,"BASIC_EPS":-0.0616572,"DILUTED_EPS":null,"OPERATE_INCOME":146823930.46464,"OPERATE_INCOME_YOY":-49.8719060179,"GROSS_PROFIT":64447838.66928,"GROSS_PROFIT_YOY":-63.390883374386,"HOLDER_PROFIT":-69753036.9888,"HOLDER_PROFIT_YOY":-138.8999120192,"GROSS_PROFIT_RATIO":43.894642014642,"EPS_TTM":0.082214135693,"OPERATE_INCOME_QOQ":-14.778710993392,"NET_PROFIT_RATIO":-47.5079483079,"ROE_AVG":-1.67418243985,"GROSS_PROFIT_QOQ":-18.7865202848,"ROA":-1.658129278709,"HOLDER_PROFIT_QOQ":-45.79599203946,"ROE_YEARLY":-1.67418243985,"ROIC_YEARLY":-2.16938719318,"TOTAL_ASSETS":4021724548.29024,"TOTAL_LIABILITIES":29704458.62208,"TAX_EBT":-0.501164588181,"OCF_SALES":-21.497153405958,"TOTAL_PARENT_EQUITY":3992020089.66816,"DEBT_ASSET_RATIO":0.7386000276,"OPERATE_PROFIT":-44553087.15264,"PRETAX_PROFIT":-69405202.69056,"NETCASH_OPERATE":-31562965.56864,"NETCASH_INVEST":76944904.52352,"NETCASH_FINANCE":-3259997.93856,"END_CASH":68337547.5288,"DIVI_RATIO":0.331858989576,"DIVIDEND_RATE":2.205882352941,"CURRENT_RATIO":37.209686660447,"COMMON_ACS":3000000000,"CURRENTDEBT_DEBT":88.64377656958,"ISSUED_COMMON_SHARES":1165124282,"HK_COMMON_SHARES":1165124282,"PER_SHARES":2000,"TOTAL_MARKET_CAP":1584569023.52,"HKSK_MARKET_CAP":1584569023.52,"PE_TTM":24.641459039266,"PB_TTM":0.385143707038,"REPORT_DATE_SQ":"2018-12-31 00:00:00","REPORT_TYPE_SQ":"2018年年报","OPERATE_INCOME_SQ":282065826.45942,"DPS_HKD":0.03,"OPERATE_INCOME_QOQ_SQ":2.68560230219,"NET_PROFIT_RATIO_SQ":61.2207785072,"HOLDER_PROFIT_SQ":172682894.86128,"HOLDER_PROFIT_QOQ_SQ":-1.511613995387,"ROE_AVG_SQ":4.18169863831,"PE_TTM_SQ":-98.51019529752,"PB_TTM_SQ":0.463348165804,"ROA_SQ":4.134179414441,"START_DATE":"2019-07-01 00:00:00","FISCAL_YEAR":"6-30","CURRENCY":"HKD","IS_CNY_CODE":0,"DPS_HKD_LY":0.06,"ORG_TYPE":"一般企业","PREMIUM_INCOME":null,"PREMIUM_INCOME_YOY":null,"NET_INTEREST_INCOME":null,"NET_INTEREST_INCOME_YOY":null,"FEE_COMMISSION_INCOME":null,"FEE_COMMISSION_INCOME_YOY":null,"ACCOUNTS_RECE_TDAYS":6.788619545675,"INVENTORY_TDAYS":279.980903535066,"CURRENT_ASSETS_TDAYS":0.133641345424,"TOTAL_ASSETS_TDAYS":0.034902144541,"PREMIUM_EXPENSE":null,"LOAN_DEPOSIT":null,"LOAN_EQUITY":null,"LOAN_ASSETS":null,"DEPOSIT_EQUITY":null,"DEPOSIT_ASSETS":null,"EQUITY_MULTIPLIER":1.007440959203,"EQUITY_RATIO":0.007440959202}],"count":47},"success":true,"message":"ok","code":0}