{"version":"19e11a24f617b0712c37765fb4ff09c4","result":{"pages":6,"data":[{"SECUCODE":"01229.HK","SECURITY_CODE":"01229","SECURITY_NAME_ABBR":"南南资源","ORG_CODE":"10010568","STD_REPORT_DATE":"2024-06-30 00:00:00","REPORT_DATE":"2024-09-30 00:00:00","DATE_TYPE_CODE":"002","REPORT_TYPE":"2024年中报","PER_NETCASH_OPERATE":0.141277454567,"PER_OI":0.209966202805,"BPS":0.229464815015,"BASIC_EPS":0.055730622,"DILUTED_EPS":0.025971552,"OPERATE_INCOME":160702585.16,"OPERATE_INCOME_YOY":229.3974121996,"GROSS_PROFIT":86726046.09,"GROSS_PROFIT_YOY":1119.18098199126,"HOLDER_PROFIT":42685327.86,"HOLDER_PROFIT_YOY":160.420334507,"GROSS_PROFIT_RATIO":53.966802091985,"EPS_TTM":0.046306239189,"OPERATE_INCOME_QOQ":0,"NET_PROFIT_RATIO":26.4545128055,"ROE_AVG":25.854765630761,"GROSS_PROFIT_QOQ":0,"ROA":8.235423071503,"HOLDER_PROFIT_QOQ":0,"ROE_YEARLY":51.709531261522,"ROIC_YEARLY":26.68846820687,"TOTAL_ASSETS":563194908.7,"TOTAL_LIABILITIES":387332331.85,"TAX_EBT":28.723484676676,"OCF_SALES":67.285807277053,"TOTAL_PARENT_EQUITY":175626307.87,"DEBT_ASSET_RATIO":68.7741181368,"OPERATE_PROFIT":62208179.57,"PRETAX_PROFIT":59645292.39,"NETCASH_OPERATE":108130031.74,"NETCASH_INVEST":-50793321.75,"NETCASH_FINANCE":-606904.67,"END_CASH":225581866.71,"DIVI_RATIO":null,"DIVIDEND_RATE":null,"CURRENT_RATIO":2.16623791509,"COMMON_ACS":5000000000,"CURRENTDEBT_DEBT":27.694026983924,"ISSUED_COMMON_SHARES":765373584,"HK_COMMON_SHARES":765373584,"PER_SHARES":2000,"TOTAL_MARKET_CAP":114806037.6,"HKSK_MARKET_CAP":114806037.6,"PE_TTM":1.682065808096,"PB_TTM":0.589495605202,"REPORT_DATE_SQ":"2023-06-30 00:00:00","REPORT_TYPE_SQ":"2023年中报","OPERATE_INCOME_SQ":49643783,"DPS_HKD":null,"OPERATE_INCOME_QOQ_SQ":0,"NET_PROFIT_RATIO_SQ":32.1090573013,"HOLDER_PROFIT_SQ":16678842.88,"HOLDER_PROFIT_QOQ_SQ":0,"ROE_AVG_SQ":14.549529717831,"PE_TTM_SQ":0.582015786959,"PB_TTM_SQ":0.9413205443,"ROA_SQ":3.312780340573,"START_DATE":"2024-04-01 00:00:00","FISCAL_YEAR":"3-31","CURRENCY":"HKD","IS_CNY_CODE":0,"DPS_HKD_LY":null,"ORG_TYPE":"一般企业","PREMIUM_INCOME":null,"PREMIUM_INCOME_YOY":null,"NET_INTEREST_INCOME":null,"NET_INTEREST_INCOME_YOY":null,"FEE_COMMISSION_INCOME":null,"FEE_COMMISSION_INCOME_YOY":null,"ACCOUNTS_RECE_TDAYS":24.057239284509,"INVENTORY_TDAYS":55.241077441077,"CURRENT_ASSETS_TDAYS":0.779475156427,"TOTAL_ASSETS_TDAYS":0.310048872488,"PREMIUM_EXPENSE":null,"LOAN_DEPOSIT":null,"LOAN_EQUITY":null,"LOAN_ASSETS":null,"DEPOSIT_EQUITY":null,"DEPOSIT_ASSETS":null,"EQUITY_MULTIPLIER":3.202471604744,"EQUITY_RATIO":2.205434576104},{"SECUCODE":"01229.HK","SECURITY_CODE":"01229","SECURITY_NAME_ABBR":"南南资源","ORG_CODE":"10010568","STD_REPORT_DATE":"2023-12-31 00:00:00","REPORT_DATE":"2024-03-31 00:00:00","DATE_TYPE_CODE":"001","REPORT_TYPE":"2023年年报","PER_NETCASH_OPERATE":-0.001845379733,"PER_OI":0.137478421192,"BPS":0.203015459703,"BASIC_EPS":0.046324705,"DILUTED_EPS":-0.00507668,"OPERATE_INCOME":105222351.95,"OPERATE_INCOME_YOY":-51.6149337602,"GROSS_PROFIT":39106753.9,"GROSS_PROFIT_YOY":-66.619715628849,"HOLDER_PROFIT":35441572.25,"HOLDER_PROFIT_YOY":167.0261281031,"GROSS_PROFIT_RATIO":37.165823777236,"EPS_TTM":0.240284273673,"OPERATE_INCOME_QOQ":0,"NET_PROFIT_RATIO":32.4780949263,"ROE_AVG":26.340079771466,"GROSS_PROFIT_QOQ":0,"ROA":7.053001697627,"HOLDER_PROFIT_QOQ":0,"ROE_YEARLY":26.340079771466,"ROIC_YEARLY":11.448962140381,"TOTAL_ASSETS":475931497.6,"TOTAL_LIABILITIES":320209777.9,"TAX_EBT":2.045005716661,"OCF_SALES":-1.342305008228,"TOTAL_PARENT_EQUITY":155382670,"DEBT_ASSET_RATIO":67.2806442765,"OPERATE_PROFIT":38298111.3,"PRETAX_PROFIT":34887670.2,"NETCASH_OPERATE":-1412404.9,"NETCASH_INVEST":-26424119.4,"NETCASH_FINANCE":-4980585.7,"END_CASH":171616260.85,"DIVI_RATIO":null,"DIVIDEND_RATE":null,"CURRENT_RATIO":2.608003031847,"COMMON_ACS":5000000000,"CURRENTDEBT_DEBT":21.663958235424,"ISSUED_COMMON_SHARES":765373584,"HK_COMMON_SHARES":765373584,"PER_SHARES":2000,"TOTAL_MARKET_CAP":122459773.44,"HKSK_MARKET_CAP":122459773.44,"PE_TTM":1.794203528636,"PB_TTM":0.628795312216,"REPORT_DATE_SQ":"2022-12-31 00:00:00","REPORT_TYPE_SQ":"2022年年报","OPERATE_INCOME_SQ":209998603.26,"DPS_HKD":null,"OPERATE_INCOME_QOQ_SQ":0,"NET_PROFIT_RATIO_SQ":-24.6108568237,"HOLDER_PROFIT_SQ":-51060914.48,"HOLDER_PROFIT_QOQ_SQ":0,"ROE_AVG_SQ":-33.619800222487,"PE_TTM_SQ":0.437462846407,"PB_TTM_SQ":0.707528513689,"ROA_SQ":-9.722273153071,"START_DATE":"2023-04-01 00:00:00","FISCAL_YEAR":"3-31","CURRENCY":"HKD","IS_CNY_CODE":0,"DPS_HKD_LY":null,"ORG_TYPE":"一般企业","PREMIUM_INCOME":null,"PREMIUM_INCOME_YOY":null,"NET_INTEREST_INCOME":null,"NET_INTEREST_INCOME_YOY":null,"FEE_COMMISSION_INCOME":null,"FEE_COMMISSION_INCOME_YOY":null,"ACCOUNTS_RECE_TDAYS":12.742232956417,"INVENTORY_TDAYS":16.498359914037,"CURRENT_ASSETS_TDAYS":0.515313699418,"TOTAL_ASSETS_TDAYS":0.209396304909,"PREMIUM_EXPENSE":null,"LOAN_DEPOSIT":null,"LOAN_EQUITY":null,"LOAN_ASSETS":null,"DEPOSIT_EQUITY":null,"DEPOSIT_ASSETS":null,"EQUITY_MULTIPLIER":3.056294899113,"EQUITY_RATIO":2.060781796966},{"SECUCODE":"01229.HK","SECURITY_CODE":"01229","SECURITY_NAME_ABBR":"南南资源","ORG_CODE":"10010568","STD_REPORT_DATE":"2023-06-30 00:00:00","REPORT_DATE":"2023-09-30 00:00:00","DATE_TYPE_CODE":"002","REPORT_TYPE":"2023年中报","PER_NETCASH_OPERATE":-0.02003653233,"PER_OI":0.06486215887,"BPS":0.149149395336,"BASIC_EPS":0.021839594,"DILUTED_EPS":-0.003303468,"OPERATE_INCOME":49643783,"OPERATE_INCOME_YOY":-51.1344750343,"GROSS_PROFIT":7113467.76,"GROSS_PROFIT_YOY":-87.046162226164,"HOLDER_PROFIT":16678842.88,"HOLDER_PROFIT_YOY":107.5308780086,"GROSS_PROFIT_RATIO":14.329020332717,"EPS_TTM":-0.066713714123,"OPERATE_INCOME_QOQ":0,"NET_PROFIT_RATIO":32.1090573013,"ROE_AVG":14.549529717831,"GROSS_PROFIT_QOQ":0,"ROA":3.312780340573,"HOLDER_PROFIT_QOQ":0,"ROE_YEARLY":29.099059435661,"ROIC_YEARLY":10.704862419902,"TOTAL_ASSETS":471397542.56,"TOTAL_LIABILITIES":356183590.28,"TAX_EBT":-17.3240578144,"OCF_SALES":-30.890942698706,"TOTAL_PARENT_EQUITY":114155007.26,"DEBT_ASSET_RATIO":75.559068116,"OPERATE_PROFIT":16428329.89,"PRETAX_PROFIT":13586429.78,"NETCASH_OPERATE":-15335432.56,"NETCASH_INVEST":-13233142.23,"NETCASH_FINANCE":-4109147.14,"END_CASH":166112135.49,"DIVI_RATIO":null,"DIVIDEND_RATE":null,"CURRENT_RATIO":3.329436952881,"COMMON_ACS":5000000000,"CURRENTDEBT_DEBT":14.921062665526,"ISSUED_COMMON_SHARES":765373584,"HK_COMMON_SHARES":765373584,"PER_SHARES":2000,"TOTAL_MARKET_CAP":122459773.44,"HKSK_MARKET_CAP":122459773.44,"PE_TTM":1.794203528636,"PB_TTM":0.628795312216,"REPORT_DATE_SQ":"2022-06-30 00:00:00","REPORT_TYPE_SQ":"2022年中报","OPERATE_INCOME_SQ":100132361.28,"DPS_HKD":null,"OPERATE_INCOME_QOQ_SQ":0,"NET_PROFIT_RATIO_SQ":-218.3367656623,"HOLDER_PROFIT_SQ":-218289307.32,"HOLDER_PROFIT_QOQ_SQ":0,"ROE_AVG_SQ":-297.685519231837,"PE_TTM_SQ":0.437462846407,"PB_TTM_SQ":0.707528513689,"ROA_SQ":-41.610649159436,"START_DATE":"2023-04-01 00:00:00","FISCAL_YEAR":"3-31","CURRENCY":"HKD","IS_CNY_CODE":0,"DPS_HKD_LY":null,"ORG_TYPE":"一般企业","PREMIUM_INCOME":null,"PREMIUM_INCOME_YOY":null,"NET_INTEREST_INCOME":null,"NET_INTEREST_INCOME_YOY":null,"FEE_COMMISSION_INCOME":null,"FEE_COMMISSION_INCOME_YOY":null,"ACCOUNTS_RECE_TDAYS":5.914830809599,"INVENTORY_TDAYS":8.987395772736,"CURRENT_ASSETS_TDAYS":0.243834832324,"TOTAL_ASSETS_TDAYS":0.0986033321,"PREMIUM_EXPENSE":null,"LOAN_DEPOSIT":null,"LOAN_EQUITY":null,"LOAN_ASSETS":null,"DEPOSIT_EQUITY":null,"DEPOSIT_ASSETS":null,"EQUITY_MULTIPLIER":4.091497021252,"EQUITY_RATIO":3.120174916802},{"SECUCODE":"01229.HK","SECURITY_CODE":"01229","SECURITY_NAME_ABBR":"南南资源","ORG_CODE":"10010568","STD_REPORT_DATE":"2022-12-31 00:00:00","REPORT_DATE":"2023-03-31 00:00:00","DATE_TYPE_CODE":"001","REPORT_TYPE":"2022年年报","PER_NETCASH_OPERATE":0.07417222684,"PER_OI":0.274373988925,"BPS":0.143483438645,"BASIC_EPS":-0.066706242,"DILUTED_EPS":-0.066706242,"OPERATE_INCOME":209998603.26,"OPERATE_INCOME_YOY":-20.1021845784,"GROSS_PROFIT":117155244.89,"GROSS_PROFIT_YOY":-11.156497897603,"HOLDER_PROFIT":-51060914.48,"HOLDER_PROFIT_YOY":-187.590100913,"GROSS_PROFIT_RATIO":55.788582910216,"EPS_TTM":-0.182381259111,"OPERATE_INCOME_QOQ":0,"NET_PROFIT_RATIO":-24.6108568237,"ROE_AVG":-33.619800222487,"GROSS_PROFIT_QOQ":0,"ROA":-9.722273153071,"HOLDER_PROFIT_QOQ":0,"ROE_YEARLY":-33.619800222487,"ROIC_YEARLY":-16.653271453635,"TOTAL_ASSETS":510901531.74,"TOTAL_LIABILITIES":399447832.18,"TAX_EBT":-82.120492334269,"OCF_SALES":27.033257463962,"TOTAL_PARENT_EQUITY":109818433.68,"DEBT_ASSET_RATIO":78.1848961814,"OPERATE_PROFIT":-22062958.23,"PRETAX_PROFIT":-28378165.97,"NETCASH_OPERATE":56769463.09,"NETCASH_INVEST":-35965344.44,"NETCASH_FINANCE":-28823749.66,"END_CASH":204944861.33,"DIVI_RATIO":null,"DIVIDEND_RATE":null,"CURRENT_RATIO":3.045048543689,"COMMON_ACS":5000000000,"CURRENTDEBT_DEBT":18.058374132694,"ISSUED_COMMON_SHARES":765373584,"HK_COMMON_SHARES":765373584,"PER_SHARES":2000,"TOTAL_MARKET_CAP":122459773.44,"HKSK_MARKET_CAP":122459773.44,"PE_TTM":1.794203528636,"PB_TTM":0.628795312216,"REPORT_DATE_SQ":"2021-12-31 00:00:00","REPORT_TYPE_SQ":"2021年年报","OPERATE_INCOME_SQ":243498453.41,"DPS_HKD":null,"OPERATE_INCOME_QOQ_SQ":0,"NET_PROFIT_RATIO_SQ":21.9823408528,"HOLDER_PROFIT_SQ":54006777.92,"HOLDER_PROFIT_QOQ_SQ":0,"ROE_AVG_SQ":36.206554391116,"PE_TTM_SQ":0.437462846407,"PB_TTM_SQ":0.707528513689,"ROA_SQ":11.320761132144,"START_DATE":"2022-04-01 00:00:00","FISCAL_YEAR":"3-31","CURRENCY":"HKD","IS_CNY_CODE":0,"DPS_HKD_LY":null,"ORG_TYPE":"一般企业","PREMIUM_INCOME":null,"PREMIUM_INCOME_YOY":null,"NET_INTEREST_INCOME":null,"NET_INTEREST_INCOME_YOY":null,"FEE_COMMISSION_INCOME":null,"FEE_COMMISSION_INCOME_YOY":null,"ACCOUNTS_RECE_TDAYS":22.6009044658,"INVENTORY_TDAYS":21.777618069815,"CURRENT_ASSETS_TDAYS":0.912402012803,"TOTAL_ASSETS_TDAYS":0.399848652036,"PREMIUM_EXPENSE":null,"LOAN_DEPOSIT":null,"LOAN_EQUITY":null,"LOAN_ASSETS":null,"DEPOSIT_EQUITY":null,"DEPOSIT_ASSETS":null,"EQUITY_MULTIPLIER":4.583980018227,"EQUITY_RATIO":3.637347745679},{"SECUCODE":"01229.HK","SECURITY_CODE":"01229","SECURITY_NAME_ABBR":"南南资源","ORG_CODE":"10010568","STD_REPORT_DATE":"2022-06-30 00:00:00","REPORT_DATE":"2022-09-30 00:00:00","DATE_TYPE_CODE":"002","REPORT_TYPE":"2022年中报","PER_NETCASH_OPERATE":0.031377611956,"PER_OI":0.130828086275,"BPS":-0.070175102098,"BASIC_EPS":-0.285169932,"DILUTED_EPS":-0.285169932,"OPERATE_INCOME":100132361.28,"OPERATE_INCOME_YOY":-6.1722954362,"GROSS_PROFIT":54913979.04,"GROSS_PROFIT_YOY":52.37020036502,"HOLDER_PROFIT":-218289307.32,"HOLDER_PROFIT_YOY":-714.2539050639,"GROSS_PROFIT_RATIO":54.841390273864,"EPS_TTM":0.070562636403,"OPERATE_INCOME_QOQ":0,"NET_PROFIT_RATIO":-218.3367656623,"ROE_AVG":-297.685519231837,"GROSS_PROFIT_QOQ":0,"ROA":-41.610649159436,"HOLDER_PROFIT_QOQ":0,"ROE_YEARLY":-595.371038463673,"ROIC_YEARLY":-139.650256687694,"TOTAL_ASSETS":491820000.96,"TOTAL_LIABILITIES":543523218,"TAX_EBT":-3.953434366023,"OCF_SALES":23.983849989161,"TOTAL_PARENT_EQUITY":-53710169.4,"DEBT_ASSET_RATIO":110.5126300149,"OPERATE_PROFIT":-206723328.6,"PRETAX_PROFIT":-210311242.08,"NETCASH_OPERATE":24015595.32,"NETCASH_INVEST":-28040353.32,"NETCASH_FINANCE":-29110305.84,"END_CASH":183713470.56,"DIVI_RATIO":null,"DIVIDEND_RATE":null,"CURRENT_RATIO":0.425660018921,"COMMON_ACS":5000000000,"CURRENTDEBT_DEBT":86.89275314086,"ISSUED_COMMON_SHARES":765373584,"HK_COMMON_SHARES":765373584,"PER_SHARES":2000,"TOTAL_MARKET_CAP":122459773.44,"HKSK_MARKET_CAP":122459773.44,"PE_TTM":1.794203528636,"PB_TTM":0.628795312216,"REPORT_DATE_SQ":"2021-06-30 00:00:00","REPORT_TYPE_SQ":"2021年中报","OPERATE_INCOME_SQ":98296914.7,"DPS_HKD":null,"OPERATE_INCOME_QOQ_SQ":0,"NET_PROFIT_RATIO_SQ":-25.3400567821,"HOLDER_PROFIT_SQ":-24692731.46,"HOLDER_PROFIT_QOQ_SQ":0,"ROE_AVG_SQ":-22.079779507617,"PE_TTM_SQ":0.437462846407,"PB_TTM_SQ":0.707528513689,"ROA_SQ":-5.222563744755,"START_DATE":"2022-04-01 00:00:00","FISCAL_YEAR":"3-31","CURRENCY":"HKD","IS_CNY_CODE":0,"DPS_HKD_LY":null,"ORG_TYPE":"一般企业","PREMIUM_INCOME":null,"PREMIUM_INCOME_YOY":null,"NET_INTEREST_INCOME":null,"NET_INTEREST_INCOME_YOY":null,"FEE_COMMISSION_INCOME":null,"FEE_COMMISSION_INCOME_YOY":null,"ACCOUNTS_RECE_TDAYS":9.48079640334,"INVENTORY_TDAYS":10.037341899217,"CURRENT_ASSETS_TDAYS":0.445347288986,"TOTAL_ASSETS_TDAYS":0.190873873113,"PREMIUM_EXPENSE":null,"LOAN_DEPOSIT":null,"LOAN_EQUITY":null,"LOAN_ASSETS":null,"DEPOSIT_EQUITY":null,"DEPOSIT_ASSETS":null,"EQUITY_MULTIPLIER":-9.512367491129,"EQUITY_RATIO":-10.119558811148},{"SECUCODE":"01229.HK","SECURITY_CODE":"01229","SECURITY_NAME_ABBR":"南南资源","ORG_CODE":"10010568","STD_REPORT_DATE":"2021-12-31 00:00:00","REPORT_DATE":"2022-03-31 00:00:00","DATE_TYPE_CODE":"001","REPORT_TYPE":"2021年年报","PER_NETCASH_OPERATE":0.13183023066,"PER_OI":0.318143268203,"BPS":0.234747497348,"BASIC_EPS":0.07055787,"DILUTED_EPS":0.033008107,"OPERATE_INCOME":243498453.41,"OPERATE_INCOME_YOY":130.032715042,"GROSS_PROFIT":131866981.96,"GROSS_PROFIT_YOY":185.718615597659,"HOLDER_PROFIT":54006777.92,"HOLDER_PROFIT_YOY":2368.1198910082,"GROSS_PROFIT_RATIO":54.155162019844,"EPS_TTM":-0.011232632795,"OPERATE_INCOME_QOQ":0,"NET_PROFIT_RATIO":21.9823408528,"ROE_AVG":36.206554391116,"GROSS_PROFIT_QOQ":0,"ROA":11.320761132144,"HOLDER_PROFIT_QOQ":0,"ROE_YEARLY":36.206554391116,"ROIC_YEARLY":18.872635500405,"TOTAL_ASSETS":499801132.7,"TOTAL_LIABILITIES":317981611.81,"TAX_EBT":25.792669215201,"OCF_SALES":41.43737863916,"TOTAL_PARENT_EQUITY":179669533.38,"DEBT_ASSET_RATIO":63.6216268843,"OPERATE_PROFIT":80518694.82,"PRETAX_PROFIT":72131229.4,"NETCASH_OPERATE":100899376.12,"NETCASH_INVEST":-37430544.53,"NETCASH_FINANCE":-22315751.16,"END_CASH":211473290.53,"DIVI_RATIO":null,"DIVIDEND_RATE":null,"CURRENT_RATIO":0.895540571354,"COMMON_ACS":5000000000,"CURRENTDEBT_DEBT":78.297596670076,"ISSUED_COMMON_SHARES":765373584,"HK_COMMON_SHARES":765373584,"PER_SHARES":2000,"TOTAL_MARKET_CAP":122459773.44,"HKSK_MARKET_CAP":122459773.44,"PE_TTM":1.794203528636,"PB_TTM":0.628795312216,"REPORT_DATE_SQ":"2020-12-31 00:00:00","REPORT_TYPE_SQ":"2020年年报","OPERATE_INCOME_SQ":110313738.78,"DPS_HKD":null,"OPERATE_INCOME_QOQ_SQ":0,"NET_PROFIT_RATIO_SQ":-1.6916817983,"HOLDER_PROFIT_SQ":-2481448.48,"HOLDER_PROFIT_QOQ_SQ":0,"ROE_AVG_SQ":-1.978056774811,"PE_TTM_SQ":0.437462846407,"PB_TTM_SQ":0.707528513689,"ROA_SQ":-0.54394848052,"START_DATE":"2021-04-01 00:00:00","FISCAL_YEAR":"3-31","CURRENCY":"HKD","IS_CNY_CODE":0,"DPS_HKD_LY":null,"ORG_TYPE":"一般企业","PREMIUM_INCOME":null,"PREMIUM_INCOME_YOY":null,"NET_INTEREST_INCOME":null,"NET_INTEREST_INCOME_YOY":null,"FEE_COMMISSION_INCOME":null,"FEE_COMMISSION_INCOME_YOY":null,"ACCOUNTS_RECE_TDAYS":26.714209449239,"INVENTORY_TDAYS":10.509257491888,"CURRENT_ASSETS_TDAYS":1.165387063719,"TOTAL_ASSETS_TDAYS":0.510415161442,"PREMIUM_EXPENSE":null,"LOAN_DEPOSIT":null,"LOAN_EQUITY":null,"LOAN_ASSETS":null,"DEPOSIT_EQUITY":null,"DEPOSIT_ASSETS":null,"EQUITY_MULTIPLIER":2.748885984592,"EQUITY_RATIO":1.769813756556},{"SECUCODE":"01229.HK","SECURITY_CODE":"01229","SECURITY_NAME_ABBR":"南南资源","ORG_CODE":"10010568","STD_REPORT_DATE":"2021-06-30 00:00:00","REPORT_DATE":"2021-09-30 00:00:00","DATE_TYPE_CODE":"002","REPORT_TYPE":"2021年中报","PER_NETCASH_OPERATE":0.042034301696,"PER_OI":0.128429980803,"BPS":0.132988349883,"BASIC_EPS":-0.032239422,"DILUTED_EPS":-0.032239422,"OPERATE_INCOME":98296914.7,"OPERATE_INCOME_YOY":370.4369667491,"GROSS_PROFIT":36039841.72,"GROSS_PROFIT_YOY":1093.07560171167,"HOLDER_PROFIT":-24692731.46,"HOLDER_PROFIT_YOY":-40.2062343314,"GROSS_PROFIT_RATIO":36.664265434976,"EPS_TTM":-0.00324214022,"OPERATE_INCOME_QOQ":0,"NET_PROFIT_RATIO":-25.3400567821,"ROE_AVG":-22.079779507617,"GROSS_PROFIT_QOQ":0,"ROA":-5.222563744755,"HOLDER_PROFIT_QOQ":0,"ROE_YEARLY":-44.159559015233,"ROIC_YEARLY":-16.738124111488,"TOTAL_ASSETS":478947020.5,"TOTAL_LIABILITIES":374667068.88,"TAX_EBT":-0.090382619757,"OCF_SALES":32.729352938684,"TOTAL_PARENT_EQUITY":101785769.98,"DEBT_ASSET_RATIO":78.2272470322,"OPERATE_PROFIT":-20177546.26,"PRETAX_PROFIT":-24886001.38,"NETCASH_OPERATE":32171944.14,"NETCASH_INVEST":-22055263.5,"NETCASH_FINANCE":-1541994.06,"END_CASH":180288346.02,"DIVI_RATIO":null,"DIVIDEND_RATE":null,"CURRENT_RATIO":1.638055383052,"COMMON_ACS":5000000000,"CURRENTDEBT_DEBT":31.507421934061,"ISSUED_COMMON_SHARES":765373584,"HK_COMMON_SHARES":765373584,"PER_SHARES":2000,"TOTAL_MARKET_CAP":122459773.44,"HKSK_MARKET_CAP":122459773.44,"PE_TTM":1.794203528636,"PB_TTM":0.628795312216,"REPORT_DATE_SQ":"2020-06-30 00:00:00","REPORT_TYPE_SQ":"2020年中报","OPERATE_INCOME_SQ":22040055.04,"DPS_HKD":null,"OPERATE_INCOME_QOQ_SQ":0,"NET_PROFIT_RATIO_SQ":-82.8522446376,"HOLDER_PROFIT_SQ":-18577019.52,"HOLDER_PROFIT_QOQ_SQ":0,"ROE_AVG_SQ":-14.557310674397,"PE_TTM_SQ":0.437462846407,"PB_TTM_SQ":0.707528513689,"ROA_SQ":-4.153083184443,"START_DATE":"2021-04-01 00:00:00","FISCAL_YEAR":"3-31","CURRENCY":"HKD","IS_CNY_CODE":0,"DPS_HKD_LY":null,"ORG_TYPE":"一般企业","PREMIUM_INCOME":null,"PREMIUM_INCOME_YOY":null,"NET_INTEREST_INCOME":null,"NET_INTEREST_INCOME_YOY":null,"FEE_COMMISSION_INCOME":null,"FEE_COMMISSION_INCOME_YOY":null,"ACCOUNTS_RECE_TDAYS":9.585296506905,"INVENTORY_TDAYS":5.607007540233,"CURRENT_ASSETS_TDAYS":0.499490963275,"TOTAL_ASSETS_TDAYS":0.207900006431,"PREMIUM_EXPENSE":null,"LOAN_DEPOSIT":null,"LOAN_EQUITY":null,"LOAN_ASSETS":null,"DEPOSIT_EQUITY":null,"DEPOSIT_ASSETS":null,"EQUITY_MULTIPLIER":4.59289645861,"EQUITY_RATIO":3.680937609978},{"SECUCODE":"01229.HK","SECURITY_CODE":"01229","SECURITY_NAME_ABBR":"南南资源","ORG_CODE":"10010568","STD_REPORT_DATE":"2020-12-31 00:00:00","REPORT_DATE":"2021-03-31 00:00:00","DATE_TYPE_CODE":"001","REPORT_TYPE":"2020年年报","PER_NETCASH_OPERATE":0.034455469736,"PER_OI":0.144130580263,"BPS":0.161562605302,"BASIC_EPS":-0.003211684,"DILUTED_EPS":-0.003211684,"OPERATE_INCOME":110313738.78,"OPERATE_INCOME_YOY":1.9782950097,"GROSS_PROFIT":46152744.26,"GROSS_PROFIT_YOY":-3.259809179152,"HOLDER_PROFIT":-2481448.48,"HOLDER_PROFIT_YOY":88.3980083775,"GROSS_PROFIT_RATIO":41.837711939075,"EPS_TTM":-0.093341459574,"OPERATE_INCOME_QOQ":0,"NET_PROFIT_RATIO":-1.6916817983,"ROE_AVG":-1.978056774811,"GROSS_PROFIT_QOQ":0,"ROA":-0.54394848052,"HOLDER_PROFIT_QOQ":0,"ROE_YEARLY":-1.978056774811,"ROIC_YEARLY":-0.829052998964,"TOTAL_ASSETS":473459693.84,"TOTAL_LIABILITIES":347035133.9,"TAX_EBT":86.645699770171,"OCF_SALES":23.905731644716,"TOTAL_PARENT_EQUITY":123655750.26,"DEBT_ASSET_RATIO":73.2977143388,"OPERATE_PROFIT":-5838503.44,"PRETAX_PROFIT":-13974206.12,"NETCASH_OPERATE":26371306.36,"NETCASH_INVEST":-55994020.18,"NETCASH_FINANCE":55375348.42,"END_CASH":172483489.22,"DIVI_RATIO":null,"DIVIDEND_RATE":null,"CURRENT_RATIO":1.573619149883,"COMMON_ACS":5000000000,"CURRENTDEBT_DEBT":37.196819327578,"ISSUED_COMMON_SHARES":765373584,"HK_COMMON_SHARES":765373584,"PER_SHARES":2000,"TOTAL_MARKET_CAP":122459773.44,"HKSK_MARKET_CAP":122459773.44,"PE_TTM":1.794203528636,"PB_TTM":0.628795312216,"REPORT_DATE_SQ":"2019-12-31 00:00:00","REPORT_TYPE_SQ":"2019年年报","OPERATE_INCOME_SQ":116943549.3,"DPS_HKD":null,"OPERATE_INCOME_QOQ_SQ":0,"NET_PROFIT_RATIO_SQ":-19.2235270219,"HOLDER_PROFIT_SQ":-23122092.2,"HOLDER_PROFIT_QOQ_SQ":0,"ROE_AVG_SQ":-15.144723494789,"PE_TTM_SQ":0.437462846407,"PB_TTM_SQ":0.707528513689,"ROA_SQ":-4.795209716998,"START_DATE":"2020-04-01 00:00:00","FISCAL_YEAR":"3-31","CURRENCY":"HKD","IS_CNY_CODE":0,"DPS_HKD_LY":null,"ORG_TYPE":"一般企业","PREMIUM_INCOME":null,"PREMIUM_INCOME_YOY":null,"NET_INTEREST_INCOME":null,"NET_INTEREST_INCOME_YOY":null,"FEE_COMMISSION_INCOME":null,"FEE_COMMISSION_INCOME_YOY":null,"ACCOUNTS_RECE_TDAYS":null,"INVENTORY_TDAYS":4.82852054446,"CURRENT_ASSETS_TDAYS":0.522046412658,"TOTAL_ASSETS_TDAYS":0.241814372023,"PREMIUM_EXPENSE":null,"LOAN_DEPOSIT":null,"LOAN_EQUITY":null,"LOAN_ASSETS":null,"DEPOSIT_EQUITY":null,"DEPOSIT_ASSETS":null,"EQUITY_MULTIPLIER":3.744997760447,"EQUITY_RATIO":2.806461755077},{"SECUCODE":"01229.HK","SECURITY_CODE":"01229","SECURITY_NAME_ABBR":"南南资源","ORG_CODE":"10010568","STD_REPORT_DATE":"2020-06-30 00:00:00","REPORT_DATE":"2020-09-30 00:00:00","DATE_TYPE_CODE":"002","REPORT_TYPE":"2020年中报","PER_NETCASH_OPERATE":-0.025052535808,"PER_OI":0.028796466851,"BPS":0.160620496983,"BASIC_EPS":-0.024252672,"DILUTED_EPS":-0.024252672,"OPERATE_INCOME":22040055.04,"OPERATE_INCOME_YOY":-60.6031571507,"GROSS_PROFIT":-3629113.6,"GROSS_PROFIT_YOY":-113.209110390663,"HOLDER_PROFIT":-18577019.52,"HOLDER_PROFIT_YOY":-164.1160949868,"GROSS_PROFIT_RATIO":-16.465991547724,"EPS_TTM":-0.030210204119,"OPERATE_INCOME_QOQ":0,"NET_PROFIT_RATIO":-82.8522446376,"ROE_AVG":-14.557310674397,"GROSS_PROFIT_QOQ":0,"ROA":-4.153083184443,"HOLDER_PROFIT_QOQ":0,"ROE_YEARLY":-29.114621348794,"ROIC_YEARLY":-12.161952263431,"TOTAL_ASSETS":438271265.92,"TOTAL_LIABILITIES":312768081.92,"TAX_EBT":27.534260905953,"OCF_SALES":-86.998644446216,"TOTAL_PARENT_EQUITY":122934685.44,"DEBT_ASSET_RATIO":71.3640400913,"OPERATE_PROFIT":-20634103.04,"PRETAX_PROFIT":-25199053.44,"NETCASH_OPERATE":-19174549.12,"NETCASH_INVEST":1598391.68,"NETCASH_FINANCE":7675619.2,"END_CASH":137051322.24,"DIVI_RATIO":null,"DIVIDEND_RATE":null,"CURRENT_RATIO":1.57350324761,"COMMON_ACS":5000000000,"CURRENTDEBT_DEBT":33.003405106536,"ISSUED_COMMON_SHARES":765373584,"HK_COMMON_SHARES":765373584,"PER_SHARES":2000,"TOTAL_MARKET_CAP":122459773.44,"HKSK_MARKET_CAP":122459773.44,"PE_TTM":1.794203528636,"PB_TTM":0.628795312216,"REPORT_DATE_SQ":"2019-06-30 00:00:00","REPORT_TYPE_SQ":"2019年中报","OPERATE_INCOME_SQ":57426466.65,"DPS_HKD":null,"OPERATE_INCOME_QOQ_SQ":0,"NET_PROFIT_RATIO_SQ":50.9306526349,"HOLDER_PROFIT_SQ":29741975.73,"HOLDER_PROFIT_QOQ_SQ":0,"ROE_AVG_SQ":16.827810057491,"PE_TTM_SQ":0.437462846407,"PB_TTM_SQ":0.707528513689,"ROA_SQ":6.015927895712,"START_DATE":"2020-04-01 00:00:00","FISCAL_YEAR":"3-31","CURRENCY":"HKD","IS_CNY_CODE":0,"DPS_HKD_LY":null,"ORG_TYPE":"一般企业","PREMIUM_INCOME":null,"PREMIUM_INCOME_YOY":null,"NET_INTEREST_INCOME":null,"NET_INTEREST_INCOME_YOY":null,"FEE_COMMISSION_INCOME":null,"FEE_COMMISSION_INCOME_YOY":null,"ACCOUNTS_RECE_TDAYS":1.522612760274,"INVENTORY_TDAYS":2.850507416081,"CURRENT_ASSETS_TDAYS":0.112846007626,"TOTAL_ASSETS_TDAYS":0.049272802815,"PREMIUM_EXPENSE":null,"LOAN_DEPOSIT":null,"LOAN_EQUITY":null,"LOAN_ASSETS":null,"DEPOSIT_EQUITY":null,"DEPOSIT_ASSETS":null,"EQUITY_MULTIPLIER":3.492112725358,"EQUITY_RATIO":2.544180926649}],"count":48},"success":true,"message":"ok","code":0}