{"version":"f9d76af98080c6103589f40e4a8617e9","result":{"pages":5,"data":[{"SECUCODE":"01225.HK","SECURITY_CODE":"01225","SECURITY_NAME_ABBR":"隆成金融","ORG_CODE":"10010564","STD_REPORT_DATE":"2024-06-30 00:00:00","REPORT_DATE":"2024-06-30 00:00:00","DATE_TYPE_CODE":"002","REPORT_TYPE":"2024年中报","PER_NETCASH_OPERATE":0.418714113072,"PER_OI":0.383383400902,"BPS":1.554943634773,"BASIC_EPS":-0.139274968,"DILUTED_EPS":-0.139274968,"OPERATE_INCOME":88301790,"OPERATE_INCOME_YOY":21.2375629683,"GROSS_PROFIT":60683180.52,"GROSS_PROFIT_YOY":32.415254378014,"HOLDER_PROFIT":-32074313.24,"HOLDER_PROFIT_YOY":-72.7947684138,"GROSS_PROFIT_RATIO":68.722480620155,"EPS_TTM":-1.157424321184,"OPERATE_INCOME_QOQ":8.489020739863,"NET_PROFIT_RATIO":-36.3235142119,"ROE_AVG":-8.56118998665,"GROSS_PROFIT_QOQ":12.419151270542,"ROA":-2.68580451091,"HOLDER_PROFIT_QOQ":-5.26068314211,"ROE_YEARLY":-17.1223799733,"ROIC_YEARLY":-6.029486889688,"TOTAL_ASSETS":1131657487.04,"TOTAL_LIABILITIES":773822126.76,"TAX_EBT":-0.082588141482,"OCF_SALES":109.215503875969,"TOTAL_PARENT_EQUITY":358138370.04,"DEBT_ASSET_RATIO":68.3795349407,"OPERATE_PROFIT":-19821584.24,"PRETAX_PROFIT":-32047845.52,"NETCASH_OPERATE":96439244.88,"NETCASH_INVEST":473680.92,"NETCASH_FINANCE":-91632159.32,"END_CASH":120996725.64,"DIVI_RATIO":null,"DIVIDEND_RATE":null,"CURRENT_RATIO":2.726632916488,"COMMON_ACS":500000000000,"CURRENTDEBT_DEBT":50.392577993695,"ISSUED_COMMON_SHARES":230322413,"HK_COMMON_SHARES":230322413,"PER_SHARES":10000,"TOTAL_MARKET_CAP":32475460.233,"HKSK_MARKET_CAP":32475460.233,"PE_TTM":-0.110359023597,"PB_TTM":0.08276047898,"REPORT_DATE_SQ":"2023-06-30 00:00:00","REPORT_TYPE_SQ":"2023年中报","OPERATE_INCOME_SQ":73575847.96,"DPS_HKD":null,"OPERATE_INCOME_QOQ_SQ":1.239058391798,"NET_PROFIT_RATIO_SQ":-25.4053783113,"HOLDER_PROFIT_SQ":-18751229.24,"HOLDER_PROFIT_QOQ_SQ":20.558397365014,"ROE_AVG_SQ":-3.020525703355,"PE_TTM_SQ":-0.160693792646,"PB_TTM_SQ":0.069218791238,"ROA_SQ":-1.200792695581,"START_DATE":"2024-01-01 00:00:00","FISCAL_YEAR":"12-31","CURRENCY":"HKD","IS_CNY_CODE":0,"DPS_HKD_LY":null,"ORG_TYPE":"一般企业","PREMIUM_INCOME":null,"PREMIUM_INCOME_YOY":null,"NET_INTEREST_INCOME":null,"NET_INTEREST_INCOME_YOY":null,"FEE_COMMISSION_INCOME":null,"FEE_COMMISSION_INCOME_YOY":null,"ACCOUNTS_RECE_TDAYS":0.815014805049,"INVENTORY_TDAYS":2.405676126878,"CURRENT_ASSETS_TDAYS":0.078466039614,"TOTAL_ASSETS_TDAYS":0.07394120776,"PREMIUM_EXPENSE":null,"LOAN_DEPOSIT":null,"LOAN_EQUITY":null,"LOAN_ASSETS":null,"DEPOSIT_EQUITY":null,"DEPOSIT_ASSETS":null,"EQUITY_MULTIPLIER":3.162508831305,"EQUITY_RATIO":2.1606791997},{"SECUCODE":"01225.HK","SECURITY_CODE":"01225","SECURITY_NAME_ABBR":"隆成金融","ORG_CODE":"10010564","STD_REPORT_DATE":"2023-12-31 00:00:00","REPORT_DATE":"2023-12-31 00:00:00","DATE_TYPE_CODE":"001","REPORT_TYPE":"2023年年报","PER_NETCASH_OPERATE":-0.067001817926,"PER_OI":0.75316354401,"BPS":1.686282584318,"BASIC_EPS":-1.099607348,"DILUTED_EPS":-1.099607348,"OPERATE_INCOME":173470444.84,"OPERATE_INCOME_YOY":-12.2875026347,"GROSS_PROFIT":119615602.68,"GROSS_PROFIT_YOY":-7.886280612747,"HOLDER_PROFIT":-253257678.52,"HOLDER_PROFIT_YOY":23.8663699046,"GROSS_PROFIT_RATIO":68.954456645527,"EPS_TTM":-1.099578956391,"OPERATE_INCOME_QOQ":-12.10497918938,"NET_PROFIT_RATIO":-145.9576224258,"ROE_AVG":-50.365895527163,"GROSS_PROFIT_QOQ":-11.607789683021,"ROA":-18.267727652893,"HOLDER_PROFIT_QOQ":2.774668009181,"ROE_YEARLY":-50.365895527163,"ROIC_YEARLY":-20.393924279348,"TOTAL_ASSETS":1247879439.52,"TOTAL_LIABILITIES":859791630.74,"TAX_EBT":-0.41402658827,"OCF_SALES":-8.896051655505,"TOTAL_PARENT_EQUITY":388388673.82,"DEBT_ASSET_RATIO":68.9002161195,"OPERATE_PROFIT":-180007009.7,"PRETAX_PROFIT":-252149371.46,"NETCASH_OPERATE":-15432020.38,"NETCASH_INVEST":110558.84,"NETCASH_FINANCE":-50438392.76,"END_CASH":115834852.84,"DIVI_RATIO":null,"DIVIDEND_RATE":null,"CURRENT_RATIO":3.042992796333,"COMMON_ACS":500000000000,"CURRENTDEBT_DEBT":45.064805162911,"ISSUED_COMMON_SHARES":230322413,"HK_COMMON_SHARES":230322413,"PER_SHARES":10000,"TOTAL_MARKET_CAP":32705782.646,"HKSK_MARKET_CAP":32705782.646,"PE_TTM":-0.111141711708,"PB_TTM":0.083347432731,"REPORT_DATE_SQ":"2022-12-31 00:00:00","REPORT_TYPE_SQ":"2022年年报","OPERATE_INCOME_SQ":194945458.26,"DPS_HKD":null,"OPERATE_INCOME_QOQ_SQ":20.845388124761,"NET_PROFIT_RATIO_SQ":-168.4569140113,"HOLDER_PROFIT_SQ":-327895298.71,"HOLDER_PROFIT_QOQ_SQ":-146.319983834416,"ROE_AVG_SQ":-42.273006279806,"PE_TTM_SQ":-0.166318075389,"PB_TTM_SQ":0.071641448932,"ROA_SQ":-19.768464153088,"START_DATE":"2023-01-01 00:00:00","FISCAL_YEAR":"12-31","CURRENCY":"HKD","IS_CNY_CODE":0,"DPS_HKD_LY":null,"ORG_TYPE":"一般企业","PREMIUM_INCOME":null,"PREMIUM_INCOME_YOY":null,"NET_INTEREST_INCOME":null,"NET_INTEREST_INCOME_YOY":null,"FEE_COMMISSION_INCOME":null,"FEE_COMMISSION_INCOME_YOY":null,"ACCOUNTS_RECE_TDAYS":1.488819581094,"INVENTORY_TDAYS":4.429471173555,"CURRENT_ASSETS_TDAYS":0.13217419164,"TOTAL_ASSETS_TDAYS":0.125125953167,"PREMIUM_EXPENSE":null,"LOAN_DEPOSIT":null,"LOAN_EQUITY":null,"LOAN_ASSETS":null,"DEPOSIT_EQUITY":null,"DEPOSIT_ASSETS":null,"EQUITY_MULTIPLIER":3.215456428387,"EQUITY_RATIO":2.213740226468},{"SECUCODE":"01225.HK","SECURITY_CODE":"01225","SECURITY_NAME_ABBR":"隆成金融","ORG_CODE":"10010564","STD_REPORT_DATE":"2023-06-30 00:00:00","REPORT_DATE":"2023-06-30 00:00:00","DATE_TYPE_CODE":"002","REPORT_TYPE":"2023年中报","PER_NETCASH_OPERATE":0.074331657076,"PER_OI":0.319447191446,"BPS":2.663958683778,"BASIC_EPS":-0.081410834,"DILUTED_EPS":-0.081410834,"OPERATE_INCOME":73575847.96,"OPERATE_INCOME_YOY":-4.0956615791,"GROSS_PROFIT":45827937.88,"GROSS_PROFIT_YOY":13.545966514219,"HOLDER_PROFIT":-18751229.24,"HOLDER_PROFIT_YOY":79.813599865,"GROSS_PROFIT_RATIO":62.286659482219,"EPS_TTM":-1.130959322921,"OPERATE_INCOME_QOQ":1.239058391798,"NET_PROFIT_RATIO":-25.4053783113,"ROE_AVG":-3.020525703355,"GROSS_PROFIT_QOQ":4.210222888339,"ROA":-1.200792695581,"HOLDER_PROFIT_QOQ":20.558397365014,"ROE_YEARLY":-6.04105140671,"ROIC_YEARLY":-2.690047960045,"TOTAL_ASSETS":1571769376.48,"TOTAL_LIABILITIES":958512535.52,"TAX_EBT":-5.319756870487,"OCF_SALES":23.26884037994,"TOTAL_PARENT_EQUITY":613569392.18,"DEBT_ASSET_RATIO":60.9830265091,"OPERATE_PROFIT":9733342.86,"PRETAX_PROFIT":-17747193.02,"NETCASH_OPERATE":17120246.62,"NETCASH_INVEST":-13627786.38,"NETCASH_FINANCE":-11457445.46,"END_CASH":157787657.2,"DIVI_RATIO":null,"DIVIDEND_RATE":null,"CURRENT_RATIO":6.528271307797,"COMMON_ACS":500000000000,"CURRENTDEBT_DEBT":23.858914376736,"ISSUED_COMMON_SHARES":230322413,"HK_COMMON_SHARES":230322413,"PER_SHARES":10000,"TOTAL_MARKET_CAP":32705782.646,"HKSK_MARKET_CAP":32705782.646,"PE_TTM":-0.111141711708,"PB_TTM":0.083347432731,"REPORT_DATE_SQ":"2022-06-30 00:00:00","REPORT_TYPE_SQ":"2022年中报","OPERATE_INCOME_SQ":71160359.9,"DPS_HKD":null,"OPERATE_INCOME_QOQ_SQ":-8.35171298597,"NET_PROFIT_RATIO_SQ":-118.493656205,"HOLDER_PROFIT_SQ":-86161247.69,"HOLDER_PROFIT_QOQ_SQ":-147.782027244806,"ROE_AVG_SQ":-9.983466750431,"PE_TTM_SQ":-0.166318075389,"PB_TTM_SQ":0.071641448932,"ROA_SQ":-5.031127765407,"START_DATE":"2023-01-01 00:00:00","FISCAL_YEAR":"12-31","CURRENCY":"HKD","IS_CNY_CODE":0,"DPS_HKD_LY":null,"ORG_TYPE":"一般企业","PREMIUM_INCOME":null,"PREMIUM_INCOME_YOY":null,"NET_INTEREST_INCOME":null,"NET_INTEREST_INCOME_YOY":null,"FEE_COMMISSION_INCOME":null,"FEE_COMMISSION_INCOME_YOY":null,"ACCOUNTS_RECE_TDAYS":null,"INVENTORY_TDAYS":2.069805027337,"CURRENT_ASSETS_TDAYS":0.049647545479,"TOTAL_ASSETS_TDAYS":0.047116559491,"PREMIUM_EXPENSE":null,"LOAN_DEPOSIT":null,"LOAN_EQUITY":null,"LOAN_ASSETS":null,"DEPOSIT_EQUITY":null,"DEPOSIT_ASSETS":null,"EQUITY_MULTIPLIER":2.562987106709,"EQUITY_RATIO":1.562190923694},{"SECUCODE":"01225.HK","SECURITY_CODE":"01225","SECURITY_NAME_ABBR":"隆成金融","ORG_CODE":"10010564","STD_REPORT_DATE":"2022-12-31 00:00:00","REPORT_DATE":"2022-12-31 00:00:00","DATE_TYPE_CODE":"001","REPORT_TYPE":"2022年年报","PER_NETCASH_OPERATE":0.269195993097,"PER_OI":0.84640246566,"BPS":2.641781890936,"BASIC_EPS":-1.423604399,"DILUTED_EPS":-1.423604399,"OPERATE_INCOME":194945458.26,"OPERATE_INCOME_YOY":1.3707283765,"GROSS_PROFIT":129856446.44,"GROSS_PROFIT_YOY":7.55056863656,"HOLDER_PROFIT":-327895298.71,"HOLDER_PROFIT_YOY":-458.6342814531,"GROSS_PROFIT_RATIO":66.611680825521,"EPS_TTM":-1.423636086645,"OPERATE_INCOME_QOQ":20.845388124761,"NET_PROFIT_RATIO":-168.4569140113,"ROE_AVG":-42.273006279806,"GROSS_PROFIT_QOQ":36.645670049618,"ROA":-19.768464153088,"HOLDER_PROFIT_QOQ":-146.319983834416,"ROE_YEARLY":-42.273006279806,"ROIC_YEARLY":-21.778776382974,"TOTAL_ASSETS":1503063445.31,"TOTAL_LIABILITIES":894961853.38,"TAX_EBT":-6.387836660754,"OCF_SALES":31.804726949477,"TOTAL_PARENT_EQUITY":608461579.74,"DEBT_ASSET_RATIO":59.5425200561,"OPERATE_PROFIT":-199125961.86,"PRETAX_PROFIT":-308681061.01,"NETCASH_OPERATE":62001870.7,"NETCASH_INVEST":-2377884.74,"NETCASH_FINANCE":-27639560.34,"END_CASH":156340115.4,"DIVI_RATIO":null,"DIVIDEND_RATE":null,"CURRENT_RATIO":8.045146032514,"COMMON_ACS":500000000000,"CURRENTDEBT_DEBT":19.793710711912,"ISSUED_COMMON_SHARES":230322413,"HK_COMMON_SHARES":230322413,"PER_SHARES":10000,"TOTAL_MARKET_CAP":32705782.646,"HKSK_MARKET_CAP":32705782.646,"PE_TTM":-0.111141711708,"PB_TTM":0.083347432731,"REPORT_DATE_SQ":"2021-12-31 00:00:00","REPORT_TYPE_SQ":"2021年年报","OPERATE_INCOME_SQ":176018651.2,"DPS_HKD":null,"OPERATE_INCOME_QOQ_SQ":1.891412264299,"NET_PROFIT_RATIO_SQ":-30.6251654768,"HOLDER_PROFIT_SQ":-53723678.4,"HOLDER_PROFIT_QOQ_SQ":-308.490883760126,"ROE_AVG_SQ":-6.057164612014,"PE_TTM_SQ":-0.166318075389,"PB_TTM_SQ":0.071641448932,"ROA_SQ":-3.171077939197,"START_DATE":"2022-01-01 00:00:00","FISCAL_YEAR":"12-31","CURRENCY":"HKD","IS_CNY_CODE":0,"DPS_HKD_LY":null,"ORG_TYPE":"一般企业","PREMIUM_INCOME":null,"PREMIUM_INCOME_YOY":null,"NET_INTEREST_INCOME":null,"NET_INTEREST_INCOME_YOY":null,"FEE_COMMISSION_INCOME":null,"FEE_COMMISSION_INCOME_YOY":null,"ACCOUNTS_RECE_TDAYS":2.048221492257,"INVENTORY_TDAYS":3.452792190869,"CURRENT_ASSETS_TDAYS":0.123834571747,"TOTAL_ASSETS_TDAYS":0.117530575113,"PREMIUM_EXPENSE":null,"LOAN_DEPOSIT":null,"LOAN_EQUITY":null,"LOAN_ASSETS":null,"DEPOSIT_EQUITY":null,"DEPOSIT_ASSETS":null,"EQUITY_MULTIPLIER":2.4717308181,"EQUITY_RATIO":1.470860089083},{"SECUCODE":"01225.HK","SECURITY_CODE":"01225","SECURITY_NAME_ABBR":"隆成金融","ORG_CODE":"10010564","STD_REPORT_DATE":"2022-06-30 00:00:00","REPORT_DATE":"2022-06-30 00:00:00","DATE_TYPE_CODE":"002","REPORT_TYPE":"2022年中报","PER_NETCASH_OPERATE":0.014168855725,"PER_OI":0.308959770667,"BPS":3.575040674787,"BASIC_EPS":-0.374060106,"DILUTED_EPS":-0.374060106,"OPERATE_INCOME":71160359.9,"OPERATE_INCOME_YOY":-19.0119263357,"GROSS_PROFIT":40360692.05,"GROSS_PROFIT_YOY":-40.56465040513,"HOLDER_PROFIT":-86161247.69,"HOLDER_PROFIT_YOY":-1138.7925734661,"GROSS_PROFIT_RATIO":57.807612554037,"EPS_TTM":-0.577962073756,"OPERATE_INCOME_QOQ":-8.35171298597,"NET_PROFIT_RATIO":-118.493656205,"ROE_AVG":-9.983466750431,"GROSS_PROFIT_QOQ":-21.292369822252,"ROA":-5.031127765407,"HOLDER_PROFIT_QOQ":-147.782027244806,"ROE_YEARLY":-19.966933500862,"ROIC_YEARLY":-10.951484319016,"TOTAL_ASSETS":1688175846.84,"TOTAL_LIABILITIES":864963111.32,"TAX_EBT":-1.286801522131,"OCF_SALES":4.470530348294,"TOTAL_PARENT_EQUITY":823411994.79,"DEBT_ASSET_RATIO":51.2365529301,"OPERATE_PROFIT":-65096207.61,"PRETAX_PROFIT":-85399273.4,"NETCASH_OPERATE":3263405.04,"NETCASH_INVEST":-7334109.44,"NETCASH_FINANCE":5697275.78,"END_CASH":134523952.57,"DIVI_RATIO":null,"DIVIDEND_RATE":null,"CURRENT_RATIO":9.185244697007,"COMMON_ACS":500000000000,"CURRENTDEBT_DEBT":20.182356035229,"ISSUED_COMMON_SHARES":230322413,"HK_COMMON_SHARES":230322413,"PER_SHARES":10000,"TOTAL_MARKET_CAP":32705782.646,"HKSK_MARKET_CAP":32705782.646,"PE_TTM":-0.111141711708,"PB_TTM":0.083347432731,"REPORT_DATE_SQ":"2021-06-30 00:00:00","REPORT_TYPE_SQ":"2021年中报","OPERATE_INCOME_SQ":87698735.76,"DPS_HKD":null,"OPERATE_INCOME_QOQ_SQ":-1.7366325888,"NET_PROFIT_RATIO_SQ":-8.1985034866,"HOLDER_PROFIT_SQ":-6767306.64,"HOLDER_PROFIT_QOQ_SQ":-13.357493290342,"ROE_AVG_SQ":-0.73224488473,"PE_TTM_SQ":-0.166318075389,"PB_TTM_SQ":0.071641448932,"ROA_SQ":-0.388152403152,"START_DATE":"2022-01-01 00:00:00","FISCAL_YEAR":"12-31","CURRENCY":"HKD","IS_CNY_CODE":0,"DPS_HKD_LY":null,"ORG_TYPE":"一般企业","PREMIUM_INCOME":null,"PREMIUM_INCOME_YOY":null,"NET_INTEREST_INCOME":null,"NET_INTEREST_INCOME_YOY":null,"FEE_COMMISSION_INCOME":null,"FEE_COMMISSION_INCOME_YOY":null,"ACCOUNTS_RECE_TDAYS":null,"INVENTORY_TDAYS":1.592351055599,"CURRENT_ASSETS_TDAYS":0.044876130492,"TOTAL_ASSETS_TDAYS":0.042625089074,"PREMIUM_EXPENSE":null,"LOAN_DEPOSIT":null,"LOAN_EQUITY":null,"LOAN_ASSETS":null,"DEPOSIT_EQUITY":null,"DEPOSIT_ASSETS":null,"EQUITY_MULTIPLIER":2.050716387147,"EQUITY_RATIO":1.050462121991},{"SECUCODE":"01225.HK","SECURITY_CODE":"01225","SECURITY_NAME_ABBR":"隆成金融","ORG_CODE":"10010564","STD_REPORT_DATE":"2021-12-31 00:00:00","REPORT_DATE":"2021-12-31 00:00:00","DATE_TYPE_CODE":"001","REPORT_TYPE":"2021年年报","PER_NETCASH_OPERATE":-0.027655122477,"PER_OI":0.07642271908,"BPS":3.746877563323,"BASIC_EPS":-0.23326128,"DILUTED_EPS":-0.23326128,"OPERATE_INCOME":176018651.2,"OPERATE_INCOME_YOY":3.5875302529,"GROSS_PROFIT":120739897.6,"GROSS_PROFIT_YOY":-10.773242224664,"HOLDER_PROFIT":-53723678.4,"HOLDER_PROFIT_YOY":-376.6702937976,"GROSS_PROFIT_RATIO":68.594945352019,"EPS_TTM":-0.023325423495,"OPERATE_INCOME_QOQ":1.891412264299,"NET_PROFIT_RATIO":-30.6251654768,"ROE_AVG":-6.057164612014,"GROSS_PROFIT_QOQ":-7.703270541097,"ROA":-3.171077939197,"HOLDER_PROFIT_QOQ":-308.490883760126,"ROE_YEARLY":-6.057164612014,"ROIC_YEARLY":-3.525145814825,"TOTAL_ASSETS":1660602832,"TOTAL_LIABILITIES":797481316.8,"TAX_EBT":-0.069958978599,"OCF_SALES":-36.187043342143,"TOTAL_PARENT_EQUITY":862989881.6,"DEBT_ASSET_RATIO":48.0236033224,"OPERATE_PROFIT":-1433252.8,"PRETAX_PROFIT":-51422134.4,"NETCASH_OPERATE":-63695945.6,"NETCASH_INVEST":6582497.6,"NETCASH_FINANCE":-6001184,"END_CASH":122463398.4,"DIVI_RATIO":null,"DIVIDEND_RATE":null,"CURRENT_RATIO":11.285558012472,"COMMON_ACS":500000000000,"CURRENTDEBT_DEBT":17.525858807681,"ISSUED_COMMON_SHARES":230322413,"HK_COMMON_SHARES":230322413,"PER_SHARES":10000,"TOTAL_MARKET_CAP":32705782.646,"HKSK_MARKET_CAP":32705782.646,"PE_TTM":-0.111141711708,"PB_TTM":0.083347432731,"REPORT_DATE_SQ":"2020-12-31 00:00:00","REPORT_TYPE_SQ":"2020年年报","OPERATE_INCOME_SQ":174918882.84,"DPS_HKD":null,"OPERATE_INCOME_QOQ_SQ":-16.26181195144,"NET_PROFIT_RATIO_SQ":-6.6941780806,"HOLDER_PROFIT_SQ":-11602007.4,"HOLDER_PROFIT_QOQ_SQ":85.394742713874,"ROE_AVG_SQ":-1.24093380156,"PE_TTM_SQ":-0.166318075389,"PB_TTM_SQ":0.071641448932,"ROA_SQ":-0.659006384737,"START_DATE":"2021-01-01 00:00:00","FISCAL_YEAR":"12-31","CURRENCY":"HKD","IS_CNY_CODE":0,"DPS_HKD_LY":null,"ORG_TYPE":"一般企业","PREMIUM_INCOME":null,"PREMIUM_INCOME_YOY":null,"NET_INTEREST_INCOME":null,"NET_INTEREST_INCOME_YOY":null,"FEE_COMMISSION_INCOME":null,"FEE_COMMISSION_INCOME_YOY":null,"ACCOUNTS_RECE_TDAYS":null,"INVENTORY_TDAYS":3.21559022163,"CURRENT_ASSETS_TDAYS":0.111012593445,"TOTAL_ASSETS_TDAYS":0.103896248048,"PREMIUM_EXPENSE":null,"LOAN_DEPOSIT":null,"LOAN_EQUITY":null,"LOAN_ASSETS":null,"DEPOSIT_EQUITY":null,"DEPOSIT_ASSETS":null,"EQUITY_MULTIPLIER":1.923950223412,"EQUITY_RATIO":0.924091155416},{"SECUCODE":"01225.HK","SECURITY_CODE":"01225","SECURITY_NAME_ABBR":"隆成金融","ORG_CODE":"10010564","STD_REPORT_DATE":"2021-06-30 00:00:00","REPORT_DATE":"2021-06-30 00:00:00","DATE_TYPE_CODE":"002","REPORT_TYPE":"2021年中报","PER_NETCASH_OPERATE":-0.012777308542,"PER_OI":0.038076509512,"BPS":4.000224598203,"BASIC_EPS":-0.029372424,"DILUTED_EPS":-0.029372424,"OPERATE_INCOME":87698735.76,"OPERATE_INCOME_YOY":5.9697774826,"GROSS_PROFIT":67906880.88,"GROSS_PROFIT_YOY":-3.750803045167,"HOLDER_PROFIT":-6767306.64,"HOLDER_PROFIT_YOY":-42.3844537815,"GROSS_PROFIT_RATIO":76.704144793544,"EPS_TTM":-0.005710145421,"OPERATE_INCOME_QOQ":-1.7366325888,"NET_PROFIT_RATIO":-8.1985034866,"ROE_AVG":-0.73224488473,"GROSS_PROFIT_QOQ":-3.954636246844,"ROA":-0.388152403152,"HOLDER_PROFIT_QOQ":-13.357493290342,"ROE_YEARLY":-1.464489769459,"ROIC_YEARLY":-0.871306582232,"TOTAL_ASSETS":1728582129.84,"TOTAL_LIABILITIES":807119264.16,"TAX_EBT":-120.116375727348,"OCF_SALES":-34.639191412677,"TOTAL_PARENT_EQUITY":921341382,"DEBT_ASSET_RATIO":46.6925609276,"OPERATE_PROFIT":23982209.76,"PRETAX_PROFIT":-2001984.48,"NETCASH_OPERATE":-29429005.44,"NETCASH_INVEST":-1383749.04,"NETCASH_FINANCE":-2398054.56,"END_CASH":158942257.44,"DIVI_RATIO":null,"DIVIDEND_RATE":null,"CURRENT_RATIO":11.671536454921,"COMMON_ACS":500000000000,"CURRENTDEBT_DEBT":17.309861216781,"ISSUED_COMMON_SHARES":230322413,"HK_COMMON_SHARES":230322413,"PER_SHARES":10000,"TOTAL_MARKET_CAP":32705782.646,"HKSK_MARKET_CAP":32705782.646,"PE_TTM":-0.111141711708,"PB_TTM":0.083347432731,"REPORT_DATE_SQ":"2020-06-30 00:00:00","REPORT_TYPE_SQ":"2020年中报","OPERATE_INCOME_SQ":88011770.88,"DPS_HKD":null,"OPERATE_INCOME_QOQ_SQ":-5.339687269779,"NET_PROFIT_RATIO_SQ":-5.5154877485,"HOLDER_PROFIT_SQ":-5217569.28,"HOLDER_PROFIT_QOQ_SQ":-2.912107373717,"ROE_AVG_SQ":-0.517650598534,"PE_TTM_SQ":-0.166318075389,"PB_TTM_SQ":0.071641448932,"ROA_SQ":-0.274327736157,"START_DATE":"2021-01-01 00:00:00","FISCAL_YEAR":"12-31","CURRENCY":"HKD","IS_CNY_CODE":0,"DPS_HKD_LY":null,"ORG_TYPE":"一般企业","PREMIUM_INCOME":null,"PREMIUM_INCOME_YOY":null,"NET_INTEREST_INCOME":null,"NET_INTEREST_INCOME_YOY":null,"FEE_COMMISSION_INCOME":null,"FEE_COMMISSION_INCOME_YOY":null,"ACCOUNTS_RECE_TDAYS":0.489038089449,"INVENTORY_TDAYS":1.355211805259,"CURRENT_ASSETS_TDAYS":0.05223906751,"TOTAL_ASSETS_TDAYS":0.048729758971,"PREMIUM_EXPENSE":null,"LOAN_DEPOSIT":null,"LOAN_EQUITY":null,"LOAN_ASSETS":null,"DEPOSIT_EQUITY":null,"DEPOSIT_ASSETS":null,"EQUITY_MULTIPLIER":1.875910787314,"EQUITY_RATIO":0.876026280734},{"SECUCODE":"01225.HK","SECURITY_CODE":"01225","SECURITY_NAME_ABBR":"隆成金融","ORG_CODE":"10010564","STD_REPORT_DATE":"2020-12-31 00:00:00","REPORT_DATE":"2020-12-31 00:00:00","DATE_TYPE_CODE":"001","REPORT_TYPE":"2020年年报","PER_NETCASH_OPERATE":-0.017091705096,"PER_OI":0.075945228269,"BPS":4.07117159423,"BASIC_EPS":-0.050330072,"DILUTED_EPS":-0.050330072,"OPERATE_INCOME":174918882.84,"OPERATE_INCOME_YOY":-15.6341885037,"GROSS_PROFIT":135318037.56,"GROSS_PROFIT_YOY":-10.441629101003,"HOLDER_PROFIT":-11602007.4,"HOLDER_PROFIT_YOY":84.0025530927,"GROSS_PROFIT_RATIO":77.474471354778,"EPS_TTM":-0.005037289777,"OPERATE_INCOME_QOQ":-16.26181195144,"NET_PROFIT_RATIO":-6.6941780806,"ROE_AVG":-1.24093380156,"GROSS_PROFIT_QOQ":-8.305655733844,"ROA":-0.659006384737,"HOLDER_PROFIT_QOQ":85.394742713874,"ROE_YEARLY":-1.24093380156,"ROIC_YEARLY":-0.767222859178,"TOTAL_ASSETS":1778552806.36,"TOTAL_LIABILITIES":840547551.28,"TAX_EBT":41.643679254257,"OCF_SALES":-22.391961049966,"TOTAL_PARENT_EQUITY":937682065.32,"DEBT_ASSET_RATIO":47.2601965078,"OPERATE_PROFIT":35747817.36,"PRETAX_PROFIT":-17696322.64,"NETCASH_OPERATE":-39366027.72,"NETCASH_INVEST":-47973.48,"NETCASH_FINANCE":-1871807.36,"END_CASH":189573518.52,"DIVI_RATIO":null,"DIVIDEND_RATE":null,"CURRENT_RATIO":9.661416464291,"COMMON_ACS":500000000000,"CURRENTDEBT_DEBT":20.203223784472,"ISSUED_COMMON_SHARES":230322413,"HK_COMMON_SHARES":230322413,"PER_SHARES":10000,"TOTAL_MARKET_CAP":32705782.646,"HKSK_MARKET_CAP":32705782.646,"PE_TTM":-0.111141711708,"PB_TTM":0.083347432731,"REPORT_DATE_SQ":"2019-12-31 00:00:00","REPORT_TYPE_SQ":"2019年年报","OPERATE_INCOME_SQ":221787961.76,"DPS_HKD":null,"OPERATE_INCOME_QOQ_SQ":-1.937831400926,"NET_PROFIT_RATIO_SQ":-34.8226113929,"HOLDER_PROFIT_SQ":-77189362.6,"HOLDER_PROFIT_QOQ_SQ":-80.137606505967,"ROE_AVG_SQ":-7.488166402925,"PE_TTM_SQ":-0.166318075389,"PB_TTM_SQ":0.071641448932,"ROA_SQ":-4.038798147037,"START_DATE":"2020-01-01 00:00:00","FISCAL_YEAR":"12-31","CURRENCY":"HKD","IS_CNY_CODE":0,"DPS_HKD_LY":null,"ORG_TYPE":"一般企业","PREMIUM_INCOME":null,"PREMIUM_INCOME_YOY":null,"NET_INTEREST_INCOME":null,"NET_INTEREST_INCOME_YOY":null,"FEE_COMMISSION_INCOME":null,"FEE_COMMISSION_INCOME_YOY":null,"ACCOUNTS_RECE_TDAYS":null,"INVENTORY_TDAYS":3.418482999128,"CURRENT_ASSETS_TDAYS":0.108172420882,"TOTAL_ASSETS_TDAYS":0.099858709222,"PREMIUM_EXPENSE":null,"LOAN_DEPOSIT":null,"LOAN_EQUITY":null,"LOAN_ASSETS":null,"DEPOSIT_EQUITY":null,"DEPOSIT_ASSETS":null,"EQUITY_MULTIPLIER":1.896101111086,"EQUITY_RATIO":0.896409969186},{"SECUCODE":"01225.HK","SECURITY_CODE":"01225","SECURITY_NAME_ABBR":"隆成金融","ORG_CODE":"10010564","STD_REPORT_DATE":"2020-06-30 00:00:00","REPORT_DATE":"2020-06-30 00:00:00","DATE_TYPE_CODE":"002","REPORT_TYPE":"2020年中报","PER_NETCASH_OPERATE":-0.013724062149,"PER_OI":0.038212421217,"BPS":4.359706833742,"BASIC_EPS":-0.0022836,"DILUTED_EPS":-0.0022836,"OPERATE_INCOME":88011770.88,"OPERATE_INCOME_YOY":-14.0069653165,"GROSS_PROFIT":70553192.16,"GROSS_PROFIT_YOY":-5.895728824798,"HOLDER_PROFIT":-5217569.28,"HOLDER_PROFIT_YOY":-69.1943127962,"GROSS_PROFIT_RATIO":73.307443365696,"EPS_TTM":-0.034489565494,"OPERATE_INCOME_QOQ":-5.339687269779,"NET_PROFIT_RATIO":-5.5154877485,"ROE_AVG":-0.517650598534,"GROSS_PROFIT_QOQ":-1.690377029751,"ROA":-0.274327736157,"HOLDER_PROFIT_QOQ":-2.912107373717,"ROE_YEARLY":-1.035301197067,"ROIC_YEARLY":-0.648183820029,"TOTAL_ASSETS":1912734225.6,"TOTAL_LIABILITIES":908295505.92,"TAX_EBT":-587.308868501529,"OCF_SALES":-31.997226074896,"TOTAL_PARENT_EQUITY":1004138197.92,"DEBT_ASSET_RATIO":47.4867597266,"OPERATE_PROFIT":28504808.64,"PRETAX_PROFIT":-597389.76,"NETCASH_OPERATE":-31609591.2,"NETCASH_INVEST":-3393429.6,"NETCASH_FINANCE":-3838274.88,"END_CASH":207375542.88,"DIVI_RATIO":null,"DIVIDEND_RATE":null,"CURRENT_RATIO":9.397690690414,"COMMON_ACS":500000000000,"CURRENTDEBT_DEBT":20.711547435155,"ISSUED_COMMON_SHARES":230322413,"HK_COMMON_SHARES":230322413,"PER_SHARES":10000,"TOTAL_MARKET_CAP":32705782.646,"HKSK_MARKET_CAP":32705782.646,"PE_TTM":-0.111141711708,"PB_TTM":0.083347432731,"REPORT_DATE_SQ":"2019-06-30 00:00:00","REPORT_TYPE_SQ":"2019年中报","OPERATE_INCOME_SQ":110631319.56,"DPS_HKD":null,"OPERATE_INCOME_QOQ_SQ":4.796286586414,"NET_PROFIT_RATIO_SQ":-2.7415994784,"HOLDER_PROFIT_SQ":-2969732.16,"HOLDER_PROFIT_QOQ_SQ":28.176513395187,"ROE_AVG_SQ":-0.283242624659,"PE_TTM_SQ":-0.166318075389,"PB_TTM_SQ":0.071641448932,"ROA_SQ":-0.153707079199,"START_DATE":"2020-01-01 00:00:00","FISCAL_YEAR":"12-31","CURRENCY":"HKD","IS_CNY_CODE":0,"DPS_HKD_LY":null,"ORG_TYPE":"一般企业","PREMIUM_INCOME":null,"PREMIUM_INCOME_YOY":null,"NET_INTEREST_INCOME":null,"NET_INTEREST_INCOME_YOY":null,"FEE_COMMISSION_INCOME":null,"FEE_COMMISSION_INCOME_YOY":null,"ACCOUNTS_RECE_TDAYS":null,"INVENTORY_TDAYS":2.192867180675,"CURRENT_ASSETS_TDAYS":0.056209572571,"TOTAL_ASSETS_TDAYS":0.051940729456,"PREMIUM_EXPENSE":null,"LOAN_DEPOSIT":null,"LOAN_EQUITY":null,"LOAN_ASSETS":null,"DEPOSIT_EQUITY":null,"DEPOSIT_ASSETS":null,"EQUITY_MULTIPLIER":1.904281653148,"EQUITY_RATIO":0.904552289517}],"count":45},"success":true,"message":"ok","code":0}