{"version":"1dc91788988cf9f143be9894240ddf94","result":{"pages":4,"data":[{"SECUCODE":"01239.HK","SECURITY_CODE":"01239","SECURITY_NAME_ABBR":"TEAMWAY INTL GP","ORG_CODE":"10204440","STD_REPORT_DATE":"2024-06-30 00:00:00","REPORT_DATE":"2024-06-30 00:00:00","DATE_TYPE_CODE":"002","REPORT_TYPE":"2024年中报","PER_NETCASH_OPERATE":0.003479810186,"PER_OI":0.361117111932,"BPS":-0.624039201408,"BASIC_EPS":-0.1647,"DILUTED_EPS":-0.1647,"OPERATE_INCOME":142483000,"OPERATE_INCOME_YOY":-22.5252706502,"GROSS_PROFIT":-3897000,"GROSS_PROFIT_YOY":-145.408995572128,"HOLDER_PROFIT":-43695000,"HOLDER_PROFIT_YOY":-87.0345004709,"GROSS_PROFIT_RATIO":-2.735063130338,"EPS_TTM":-0.224623901773,"OPERATE_INCOME_QOQ":-12.151309112455,"NET_PROFIT_RATIO":-31.3356681148,"ROE_AVG":19.309165390658,"GROSS_PROFIT_QOQ":-136.233624454148,"ROA":-14.278455201531,"HOLDER_PROFIT_QOQ":-29.772311296581,"ROE_YEARLY":38.618330781315,"ROIC_YEARLY":-31.279921111173,"TOTAL_ASSETS":292912000,"TOTAL_LIABILITIES":532108000,"TAX_EBT":1.7343075975,"OCF_SALES":0.96362373055,"TOTAL_PARENT_EQUITY":-246222000,"DEBT_ASSET_RATIO":181.6613863549,"OPERATE_PROFIT":-42136000,"PRETAX_PROFIT":-45436000,"NETCASH_OPERATE":1373000,"NETCASH_INVEST":-8128000,"NETCASH_FINANCE":4890000,"END_CASH":19025000,"DIVI_RATIO":null,"DIVIDEND_RATE":null,"CURRENT_RATIO":0.491232660102,"COMMON_ACS":20000000000,"CURRENTDEBT_DEBT":65.367369030347,"ISSUED_COMMON_SHARES":394561751,"HK_COMMON_SHARES":394561751,"PER_SHARES":20000,"TOTAL_MARKET_CAP":63524441.911,"HKSK_MARKET_CAP":63524441.911,"PE_TTM":-0.648877080731,"PB_TTM":-0.235468348252,"REPORT_DATE_SQ":"2023-06-30 00:00:00","REPORT_TYPE_SQ":"2023年中报","OPERATE_INCOME_SQ":183909000,"DPS_HKD":null,"OPERATE_INCOME_QOQ_SQ":-2.219579762334,"NET_PROFIT_RATIO_SQ":-12.6829029574,"HOLDER_PROFIT_SQ":-23362000,"HOLDER_PROFIT_QOQ_SQ":-4.374911796133,"ROE_AVG_SQ":14.663662212291,"PE_TTM_SQ":-0.351750670002,"PB_TTM_SQ":-0.104949221778,"ROA_SQ":-6.581132415641,"START_DATE":"2024-01-01 00:00:00","FISCAL_YEAR":"12-31","CURRENCY":"HKD","IS_CNY_CODE":0,"DPS_HKD_LY":null,"ORG_TYPE":"一般企业","PREMIUM_INCOME":null,"PREMIUM_INCOME_YOY":null,"NET_INTEREST_INCOME":null,"NET_INTEREST_INCOME_YOY":null,"FEE_COMMISSION_INCOME":null,"FEE_COMMISSION_INCOME_YOY":null,"ACCOUNTS_RECE_TDAYS":1.214419651228,"INVENTORY_TDAYS":4.913646967993,"CURRENT_ASSETS_TDAYS":0.765436807667,"TOTAL_ASSETS_TDAYS":0.465599526829,"PREMIUM_EXPENSE":null,"LOAN_DEPOSIT":null,"LOAN_EQUITY":null,"LOAN_ASSETS":null,"DEPOSIT_EQUITY":null,"DEPOSIT_ASSETS":null,"EQUITY_MULTIPLIER":-1.224568972726,"EQUITY_RATIO":-2.161090398096},{"SECUCODE":"01239.HK","SECURITY_CODE":"01239","SECURITY_NAME_ABBR":"TEAMWAY INTL GP","ORG_CODE":"10204440","STD_REPORT_DATE":"2023-12-31 00:00:00","REPORT_DATE":"2023-12-31 00:00:00","DATE_TYPE_CODE":"001","REPORT_TYPE":"2023年年报","PER_NETCASH_OPERATE":-0.205106748472,"PER_OI":1.728068961933,"BPS":-0.523013189892,"BASIC_EPS":-0.3685,"DILUTED_EPS":-0.3685,"OPERATE_INCOME":340918000,"OPERATE_INCOME_YOY":-11.4873443192,"GROSS_PROFIT":9160000,"GROSS_PROFIT_YOY":-84.161018121455,"HOLDER_PROFIT":-68295000,"HOLDER_PROFIT_YOY":-37.6887562751,"GROSS_PROFIT_RATIO":2.686863116644,"EPS_TTM":-0.346178464485,"OPERATE_INCOME_QOQ":-9.478139421264,"NET_PROFIT_RATIO":-20.1678996122,"ROE_AVG":38.838623089915,"GROSS_PROFIT_QOQ":-74.653421511387,"ROA":-20.442463572036,"HOLDER_PROFIT_QOQ":-31.917482760619,"ROE_YEARLY":38.838623089915,"ROIC_YEARLY":-22.477512613671,"TOTAL_ASSETS":319129000,"TOTAL_LIABILITIES":517551000,"TAX_EBT":2.26859222197,"OCF_SALES":-11.869129820074,"TOTAL_PARENT_EQUITY":-206361000,"DEBT_ASSET_RATIO":162.176110601,"OPERATE_PROFIT":-64306000,"PRETAX_PROFIT":-70352000,"NETCASH_OPERATE":-40464000,"NETCASH_INVEST":-16554000,"NETCASH_FINANCE":39336000,"END_CASH":19290000,"DIVI_RATIO":null,"DIVIDEND_RATE":null,"CURRENT_RATIO":0.622689979659,"COMMON_ACS":20000000000,"CURRENTDEBT_DEBT":62.502439373125,"ISSUED_COMMON_SHARES":394561751,"HK_COMMON_SHARES":394561751,"PER_SHARES":20000,"TOTAL_MARKET_CAP":63129880.16,"HKSK_MARKET_CAP":63129880.16,"PE_TTM":-0.644846788304,"PB_TTM":-0.234005811928,"REPORT_DATE_SQ":"2022-12-31 00:00:00","REPORT_TYPE_SQ":"2022年年报","OPERATE_INCOME_SQ":385163000,"DPS_HKD":null,"OPERATE_INCOME_QOQ_SQ":-4.192598341368,"NET_PROFIT_RATIO_SQ":-12.8779244112,"HOLDER_PROFIT_SQ":-49601000,"HOLDER_PROFIT_QOQ_SQ":-31.424710527013,"ROE_AVG_SQ":44.632910708983,"PE_TTM_SQ":-0.351750670002,"PB_TTM_SQ":-0.104949221778,"ROA_SQ":-14.254082519703,"START_DATE":"2023-01-01 00:00:00","FISCAL_YEAR":"12-31","CURRENCY":"HKD","IS_CNY_CODE":0,"DPS_HKD_LY":null,"ORG_TYPE":"一般企业","PREMIUM_INCOME":null,"PREMIUM_INCOME_YOY":null,"NET_INTEREST_INCOME":null,"NET_INTEREST_INCOME_YOY":null,"FEE_COMMISSION_INCOME":null,"FEE_COMMISSION_INCOME_YOY":null,"ACCOUNTS_RECE_TDAYS":2.074114182809,"INVENTORY_TDAYS":15.536833231864,"CURRENT_ASSETS_TDAYS":1.528492391568,"TOTAL_ASSETS_TDAYS":1.020455933238,"PREMIUM_EXPENSE":null,"LOAN_DEPOSIT":null,"LOAN_EQUITY":null,"LOAN_ASSETS":null,"DEPOSIT_EQUITY":null,"DEPOSIT_ASSETS":null,"EQUITY_MULTIPLIER":-1.608334761267,"EQUITY_RATIO":-2.507988428046},{"SECUCODE":"01239.HK","SECURITY_CODE":"01239","SECURITY_NAME_ABBR":"TEAMWAY INTL GP","ORG_CODE":"10204440","STD_REPORT_DATE":"2023-06-30 00:00:00","REPORT_DATE":"2023-06-30 00:00:00","DATE_TYPE_CODE":"002","REPORT_TYPE":"2023年中报","PER_NETCASH_OPERATE":-0.031956689671,"PER_OI":0.233052694132,"BPS":-0.439254437514,"BASIC_EPS":-0.119,"DILUTED_EPS":-0.119,"OPERATE_INCOME":183909000,"OPERATE_INCOME_YOY":-4.4420081264,"GROSS_PROFIT":8582000,"GROSS_PROFIT_YOY":-71.653179190751,"HOLDER_PROFIT":-23362000,"HOLDER_PROFIT_YOY":-10.2397130993,"GROSS_PROFIT_RATIO":4.666438292851,"EPS_TTM":-0.065605114638,"OPERATE_INCOME_QOQ":-2.219579762334,"NET_PROFIT_RATIO":-12.6829029574,"ROE_AVG":14.663662212291,"GROSS_PROFIT_QOQ":-37.51037487896,"ROA":-6.581132415641,"HOLDER_PROFIT_QOQ":-4.374911796133,"ROE_YEARLY":29.327324424582,"ROIC_YEARLY":-14.54224031547,"TOTAL_ASSETS":360930000,"TOTAL_LIABILITIES":530706000,"TAX_EBT":19.914163090129,"OCF_SALES":-13.712216367878,"TOTAL_PARENT_EQUITY":-173313000,"DEBT_ASSET_RATIO":147.0384839165,"OPERATE_PROFIT":-26335000,"PRETAX_PROFIT":-29125000,"NETCASH_OPERATE":-25218000,"NETCASH_INVEST":-14349000,"NETCASH_FINANCE":35643000,"END_CASH":30570000,"DIVI_RATIO":null,"DIVIDEND_RATE":null,"CURRENT_RATIO":0.717256743018,"COMMON_ACS":20000000000,"CURRENTDEBT_DEBT":63.014173572562,"ISSUED_COMMON_SHARES":394561751,"HK_COMMON_SHARES":394561751,"PER_SHARES":20000,"TOTAL_MARKET_CAP":63129880.16,"HKSK_MARKET_CAP":63129880.16,"PE_TTM":-0.644846788304,"PB_TTM":-0.234005811928,"REPORT_DATE_SQ":"2022-06-30 00:00:00","REPORT_TYPE_SQ":"2022年中报","OPERATE_INCOME_SQ":192458000,"DPS_HKD":null,"OPERATE_INCOME_QOQ_SQ":6.521641207721,"NET_PROFIT_RATIO_SQ":-11.0112336198,"HOLDER_PROFIT_SQ":-21192000,"HOLDER_PROFIT_QOQ_SQ":13.02714661013,"ROE_AVG_SQ":22.51940641089,"PE_TTM_SQ":-0.351750670002,"PB_TTM_SQ":-0.104949221778,"ROA_SQ":-6.221577647884,"START_DATE":"2023-01-01 00:00:00","FISCAL_YEAR":"12-31","CURRENCY":"HKD","IS_CNY_CODE":0,"DPS_HKD_LY":null,"ORG_TYPE":"一般企业","PREMIUM_INCOME":null,"PREMIUM_INCOME_YOY":null,"NET_INTEREST_INCOME":null,"NET_INTEREST_INCOME_YOY":null,"FEE_COMMISSION_INCOME":null,"FEE_COMMISSION_INCOME_YOY":null,"ACCOUNTS_RECE_TDAYS":1.066618335774,"INVENTORY_TDAYS":7.657371213941,"CURRENT_ASSETS_TDAYS":0.759138941633,"TOTAL_ASSETS_TDAYS":0.518076141353,"PREMIUM_EXPENSE":null,"LOAN_DEPOSIT":null,"LOAN_EQUITY":null,"LOAN_ASSETS":null,"DEPOSIT_EQUITY":null,"DEPOSIT_ASSETS":null,"EQUITY_MULTIPLIER":-2.125918857791,"EQUITY_RATIO":-3.062124595385},{"SECUCODE":"01239.HK","SECURITY_CODE":"01239","SECURITY_NAME_ABBR":"TEAMWAY INTL GP","ORG_CODE":"10204440","STD_REPORT_DATE":"2022-12-31 00:00:00","REPORT_DATE":"2022-12-31 00:00:00","DATE_TYPE_CODE":"001","REPORT_TYPE":"2022年年报","PER_NETCASH_OPERATE":-0.021976761946,"PER_OI":0.584735808321,"BPS":-0.368320040226,"BASIC_EPS":-0.3012,"DILUTED_EPS":-0.3012,"OPERATE_INCOME":385163000,"OPERATE_INCOME_YOY":2.0556166452,"GROSS_PROFIT":57832000,"GROSS_PROFIT_YOY":9.211768704914,"HOLDER_PROFIT":-49601000,"HOLDER_PROFIT_YOY":-14.3038208047,"GROSS_PROFIT_RATIO":15.014941725971,"EPS_TTM":-0.075301835401,"OPERATE_INCOME_QOQ":-4.192598341368,"NET_PROFIT_RATIO":-12.8779244112,"ROE_AVG":44.632910708983,"GROSS_PROFIT_QOQ":-8.137558573584,"ROA":-14.254082519703,"HOLDER_PROFIT_QOQ":-31.424710527013,"ROE_YEARLY":44.632910708983,"ROIC_YEARLY":-16.262116425882,"TOTAL_ASSETS":349039000,"TOTAL_LIABILITIES":494364000,"TAX_EBT":1.092743624,"OCF_SALES":-3.758408777582,"TOTAL_PARENT_EQUITY":-145325000,"DEBT_ASSET_RATIO":141.6357484407,"OPERATE_PROFIT":-10762000,"PRETAX_PROFIT":-50149000,"NETCASH_OPERATE":-14476000,"NETCASH_INVEST":-7242000,"NETCASH_FINANCE":-3502000,"END_CASH":33265000,"DIVI_RATIO":null,"DIVIDEND_RATE":null,"CURRENT_RATIO":0.743666124595,"COMMON_ACS":20000000000,"CURRENTDEBT_DEBT":66.547119126797,"ISSUED_COMMON_SHARES":394561751,"HK_COMMON_SHARES":394561751,"PER_SHARES":20000,"TOTAL_MARKET_CAP":63129880.16,"HKSK_MARKET_CAP":63129880.16,"PE_TTM":-0.644846788304,"PB_TTM":-0.234005811928,"REPORT_DATE_SQ":"2021-12-31 00:00:00","REPORT_TYPE_SQ":"2021年年报","OPERATE_INCOME_SQ":377405000,"DPS_HKD":null,"OPERATE_INCOME_QOQ_SQ":-4.510998547696,"NET_PROFIT_RATIO_SQ":-11.4979928724,"HOLDER_PROFIT_SQ":-43394000,"HOLDER_PROFIT_QOQ_SQ":-15.045467801373,"ROE_AVG_SQ":74.260924625008,"PE_TTM_SQ":-0.351750670002,"PB_TTM_SQ":-0.104949221778,"ROA_SQ":-11.182781289702,"START_DATE":"2022-01-01 00:00:00","FISCAL_YEAR":"12-31","CURRENCY":"HKD","IS_CNY_CODE":0,"DPS_HKD_LY":null,"ORG_TYPE":"一般企业","PREMIUM_INCOME":null,"PREMIUM_INCOME_YOY":null,"NET_INTEREST_INCOME":null,"NET_INTEREST_INCOME_YOY":null,"FEE_COMMISSION_INCOME":null,"FEE_COMMISSION_INCOME_YOY":null,"ACCOUNTS_RECE_TDAYS":2.146669750618,"INVENTORY_TDAYS":20.984774177004,"CURRENT_ASSETS_TDAYS":1.5719912169,"TOTAL_ASSETS_TDAYS":1.106861794225,"PREMIUM_EXPENSE":null,"LOAN_DEPOSIT":null,"LOAN_EQUITY":null,"LOAN_ASSETS":null,"DEPOSIT_EQUITY":null,"DEPOSIT_ASSETS":null,"EQUITY_MULTIPLIER":-2.401782212284,"EQUITY_RATIO":-3.401782212283},{"SECUCODE":"01239.HK","SECURITY_CODE":"01239","SECURITY_NAME_ABBR":"TEAMWAY INTL GP","ORG_CODE":"10204440","STD_REPORT_DATE":"2022-06-30 00:00:00","REPORT_DATE":"2022-06-30 00:00:00","DATE_TYPE_CODE":"002","REPORT_TYPE":"2022年中报","PER_NETCASH_OPERATE":-0.006723893248,"PER_OI":0.292180412443,"BPS":-0.282019226947,"BASIC_EPS":-0.0322,"DILUTED_EPS":-0.0322,"OPERATE_INCOME":192458000,"OPERATE_INCOME_YOY":14.6641246388,"GROSS_PROFIT":30275000,"GROSS_PROFIT_YOY":49.329190095689,"HOLDER_PROFIT":-21192000,"HOLDER_PROFIT_YOY":21.0579251257,"GROSS_PROFIT_RATIO":15.730704881065,"EPS_TTM":-0.05729655793,"OPERATE_INCOME_QOQ":6.521641207721,"NET_PROFIT_RATIO":-11.0112336198,"ROE_AVG":22.51940641089,"GROSS_PROFIT_QOQ":18.886203119689,"ROA":-6.221577647884,"HOLDER_PROFIT_QOQ":13.02714661013,"ROE_YEARLY":45.03881282178,"ROIC_YEARLY":-14.374206195112,"TOTAL_ASSETS":334326000,"TOTAL_LIABILITIES":445600000,"TAX_EBT":-3.907820544251,"OCF_SALES":-2.301281318521,"TOTAL_PARENT_EQUITY":-111274000,"DEBT_ASSET_RATIO":133.2830829789,"OPERATE_PROFIT":-1994000,"PRETAX_PROFIT":-20395000,"NETCASH_OPERATE":-4429000,"NETCASH_INVEST":-3686000,"NETCASH_FINANCE":-7938000,"END_CASH":38848000,"DIVI_RATIO":null,"DIVIDEND_RATE":null,"CURRENT_RATIO":0.807508229799,"COMMON_ACS":20000000000,"CURRENTDEBT_DEBT":64.286131059246,"ISSUED_COMMON_SHARES":394561751,"HK_COMMON_SHARES":394561751,"PER_SHARES":20000,"TOTAL_MARKET_CAP":63129880.16,"HKSK_MARKET_CAP":63129880.16,"PE_TTM":-0.644846788304,"PB_TTM":-0.234005811928,"REPORT_DATE_SQ":"2021-06-30 00:00:00","REPORT_TYPE_SQ":"2021年中报","OPERATE_INCOME_SQ":167845000,"DPS_HKD":null,"OPERATE_INCOME_QOQ_SQ":8.930003610476,"NET_PROFIT_RATIO_SQ":-15.9939229646,"HOLDER_PROFIT_SQ":-26845000,"HOLDER_PROFIT_QOQ_SQ":1.834790755778,"ROE_AVG_SQ":51.393236271047,"PE_TTM_SQ":-0.351750670002,"PB_TTM_SQ":-0.104949221778,"ROA_SQ":-6.823175667862,"START_DATE":"2022-01-01 00:00:00","FISCAL_YEAR":"12-31","CURRENCY":"HKD","IS_CNY_CODE":0,"DPS_HKD_LY":null,"ORG_TYPE":"一般企业","PREMIUM_INCOME":null,"PREMIUM_INCOME_YOY":null,"NET_INTEREST_INCOME":null,"NET_INTEREST_INCOME_YOY":null,"FEE_COMMISSION_INCOME":null,"FEE_COMMISSION_INCOME_YOY":null,"ACCOUNTS_RECE_TDAYS":1.142509438891,"INVENTORY_TDAYS":10.575657787487,"CURRENT_ASSETS_TDAYS":0.807468087561,"TOTAL_ASSETS_TDAYS":0.565020947035,"PREMIUM_EXPENSE":null,"LOAN_DEPOSIT":null,"LOAN_EQUITY":null,"LOAN_ASSETS":null,"DEPOSIT_EQUITY":null,"DEPOSIT_ASSETS":null,"EQUITY_MULTIPLIER":-3.004529359957,"EQUITY_RATIO":-4.004529359958},{"SECUCODE":"01239.HK","SECURITY_CODE":"01239","SECURITY_NAME_ABBR":"TEAMWAY INTL GP","ORG_CODE":"10204440","STD_REPORT_DATE":"2021-12-31 00:00:00","REPORT_DATE":"2021-12-31 00:00:00","DATE_TYPE_CODE":"001","REPORT_TYPE":"2021年年报","PER_NETCASH_OPERATE":0.02014890747,"PER_OI":0.572957988538,"BPS":-0.194993558816,"BASIC_EPS":-0.0659,"DILUTED_EPS":-0.0659,"OPERATE_INCOME":377405000,"OPERATE_INCOME_YOY":4.0161727296,"GROSS_PROFIT":52954000,"GROSS_PROFIT_YOY":-17.980886885678,"HOLDER_PROFIT":-43394000,"HOLDER_PROFIT_YOY":-12.9346241932,"GROSS_PROFIT_RATIO":14.031080669308,"EPS_TTM":-0.065878668684,"OPERATE_INCOME_QOQ":-4.510998547696,"NET_PROFIT_RATIO":-11.4979928724,"ROE_AVG":74.260924625008,"GROSS_PROFIT_QOQ":-14.42884152352,"ROA":-11.182781289702,"HOLDER_PROFIT_QOQ":-15.045467801373,"ROE_YEARLY":74.260924625008,"ROIC_YEARLY":-12.406544928481,"TOTAL_ASSETS":346916000,"TOTAL_LIABILITIES":423853000,"TAX_EBT":-4.715250965251,"OCF_SALES":3.51664657331,"TOTAL_PARENT_EQUITY":-76937000,"DEBT_ASSET_RATIO":122.1774147056,"OPERATE_PROFIT":-5166000,"PRETAX_PROFIT":-41440000,"NETCASH_OPERATE":13272000,"NETCASH_INVEST":27457000,"NETCASH_FINANCE":-8439000,"END_CASH":52671000,"DIVI_RATIO":null,"DIVIDEND_RATE":null,"CURRENT_RATIO":0.898681882941,"COMMON_ACS":20000000000,"CURRENTDEBT_DEBT":64.418796139228,"ISSUED_COMMON_SHARES":394561751,"HK_COMMON_SHARES":394561751,"PER_SHARES":20000,"TOTAL_MARKET_CAP":63129880.16,"HKSK_MARKET_CAP":63129880.16,"PE_TTM":-0.644846788304,"PB_TTM":-0.234005811928,"REPORT_DATE_SQ":"2020-12-31 00:00:00","REPORT_TYPE_SQ":"2020年年报","OPERATE_INCOME_SQ":362833000,"DPS_HKD":null,"OPERATE_INCOME_QOQ_SQ":15.282795258203,"NET_PROFIT_RATIO_SQ":-10.5899959485,"HOLDER_PROFIT_SQ":-38424000,"HOLDER_PROFIT_QOQ_SQ":46.646671665417,"ROE_AVG_SQ":77.693303138143,"PE_TTM_SQ":-0.351750670002,"PB_TTM_SQ":-0.104949221778,"ROA_SQ":-8.816858133806,"START_DATE":"2021-01-01 00:00:00","FISCAL_YEAR":"12-31","CURRENCY":"HKD","IS_CNY_CODE":0,"DPS_HKD_LY":null,"ORG_TYPE":"一般企业","PREMIUM_INCOME":null,"PREMIUM_INCOME_YOY":null,"NET_INTEREST_INCOME":null,"NET_INTEREST_INCOME_YOY":null,"FEE_COMMISSION_INCOME":null,"FEE_COMMISSION_INCOME_YOY":null,"ACCOUNTS_RECE_TDAYS":1.914498046974,"INVENTORY_TDAYS":19.255252225519,"CURRENT_ASSETS_TDAYS":1.458274166594,"TOTAL_ASSETS_TDAYS":0.97258551243,"PREMIUM_EXPENSE":null,"LOAN_DEPOSIT":null,"LOAN_EQUITY":null,"LOAN_ASSETS":null,"DEPOSIT_EQUITY":null,"DEPOSIT_ASSETS":null,"EQUITY_MULTIPLIER":-4.50909185437,"EQUITY_RATIO":-5.509091854374},{"SECUCODE":"01239.HK","SECURITY_CODE":"01239","SECURITY_NAME_ABBR":"TEAMWAY INTL GP","ORG_CODE":"10204440","STD_REPORT_DATE":"2021-06-30 00:00:00","REPORT_DATE":"2021-06-30 00:00:00","DATE_TYPE_CODE":"002","REPORT_TYPE":"2021年中报","PER_NETCASH_OPERATE":0.00925009744,"PER_OI":0.25481414816,"BPS":-0.163566285471,"BASIC_EPS":-0.0408,"DILUTED_EPS":-0.0408,"OPERATE_INCOME":167845000,"OPERATE_INCOME_YOY":23.9220637311,"GROSS_PROFIT":20274000,"GROSS_PROFIT_YOY":-11.675524962969,"HOLDER_PROFIT":-26845000,"HOLDER_PROFIT_YOY":2.5589836661,"GROSS_PROFIT_RATIO":12.07900145968,"EPS_TTM":-0.057263158595,"OPERATE_INCOME_QOQ":8.930003610476,"NET_PROFIT_RATIO":-15.9939229646,"ROE_AVG":51.393236271047,"GROSS_PROFIT_QOQ":-4.150984309899,"ROA":-6.823175667862,"HOLDER_PROFIT_QOQ":1.834790755778,"ROE_YEARLY":102.786472542094,"ROIC_YEARLY":-15.167759259495,"TOTAL_ASSETS":357707000,"TOTAL_LIABILITIES":422244000,"TAX_EBT":-4.842804139816,"OCF_SALES":3.630134945932,"TOTAL_PARENT_EQUITY":-64537000,"DEBT_ASSET_RATIO":118.0418610762,"OPERATE_PROFIT":-6909000,"PRETAX_PROFIT":-25605000,"NETCASH_OPERATE":6093000,"NETCASH_INVEST":31339000,"NETCASH_FINANCE":-5290000,"END_CASH":55047000,"DIVI_RATIO":null,"DIVIDEND_RATE":null,"CURRENT_RATIO":0.950106661656,"COMMON_ACS":20000000000,"CURRENTDEBT_DEBT":64.280131866883,"ISSUED_COMMON_SHARES":394561751,"HK_COMMON_SHARES":394561751,"PER_SHARES":20000,"TOTAL_MARKET_CAP":63129880.16,"HKSK_MARKET_CAP":63129880.16,"PE_TTM":-0.644846788304,"PB_TTM":-0.234005811928,"REPORT_DATE_SQ":"2020-06-30 00:00:00","REPORT_TYPE_SQ":"2020年中报","OPERATE_INCOME_SQ":135444000,"DPS_HKD":null,"OPERATE_INCOME_QOQ_SQ":-17.498151963637,"NET_PROFIT_RATIO_SQ":-20.340509731,"HOLDER_PROFIT_SQ":-27550000,"HOLDER_PROFIT_QOQ_SQ":-88.361144531046,"ROE_AVG_SQ":36.661720772092,"PE_TTM_SQ":-0.351750670002,"PB_TTM_SQ":-0.104949221778,"ROA_SQ":-6.449943870271,"START_DATE":"2021-01-01 00:00:00","FISCAL_YEAR":"12-31","CURRENCY":"HKD","IS_CNY_CODE":0,"DPS_HKD_LY":null,"ORG_TYPE":"一般企业","PREMIUM_INCOME":null,"PREMIUM_INCOME_YOY":null,"NET_INTEREST_INCOME":null,"NET_INTEREST_INCOME_YOY":null,"FEE_COMMISSION_INCOME":null,"FEE_COMMISSION_INCOME_YOY":null,"ACCOUNTS_RECE_TDAYS":0.876939996917,"INVENTORY_TDAYS":5.921552104651,"CURRENT_ASSETS_TDAYS":0.633251902925,"TOTAL_ASSETS_TDAYS":0.426610512189,"PREMIUM_EXPENSE":null,"LOAN_DEPOSIT":null,"LOAN_EQUITY":null,"LOAN_ASSETS":null,"DEPOSIT_EQUITY":null,"DEPOSIT_ASSETS":null,"EQUITY_MULTIPLIER":-5.542665447741,"EQUITY_RATIO":-6.542665447728},{"SECUCODE":"01239.HK","SECURITY_CODE":"01239","SECURITY_NAME_ABBR":"TEAMWAY INTL GP","ORG_CODE":"10204440","STD_REPORT_DATE":"2020-12-31 00:00:00","REPORT_DATE":"2020-12-31 00:00:00","DATE_TYPE_CODE":"001","REPORT_TYPE":"2020年年报","PER_NETCASH_OPERATE":0.001162904093,"PER_OI":0.550835484043,"BPS":-0.101205958,"BASIC_EPS":-0.0766,"DILUTED_EPS":-0.0766,"OPERATE_INCOME":362833000,"OPERATE_INCOME_YOY":-4.889563444,"GROSS_PROFIT":64563000,"GROSS_PROFIT_YOY":10.809233673732,"HOLDER_PROFIT":-38424000,"HOLDER_PROFIT_YOY":-0.4969398964,"GROSS_PROFIT_RATIO":17.794136696497,"EPS_TTM":-0.058333455443,"OPERATE_INCOME_QOQ":15.282795258203,"NET_PROFIT_RATIO":-10.5899959485,"ROE_AVG":77.693303138143,"GROSS_PROFIT_QOQ":32.673694593428,"ROA":-8.816858133806,"HOLDER_PROFIT_QOQ":46.646671665417,"ROE_YEARLY":77.693303138143,"ROIC_YEARLY":-9.593396675118,"TOTAL_ASSETS":429170000,"TOTAL_LIABILITIES":469102000,"TAX_EBT":-9.075425100065,"OCF_SALES":0.211116408926,"TOTAL_PARENT_EQUITY":-39932000,"DEBT_ASSET_RATIO":109.3044714216,"OPERATE_PROFIT":4288000,"PRETAX_PROFIT":-35227000,"NETCASH_OPERATE":766000,"NETCASH_INVEST":-9957000,"NETCASH_FINANCE":-9844000,"END_CASH":23881000,"DIVI_RATIO":null,"DIVIDEND_RATE":null,"CURRENT_RATIO":1.377295678307,"COMMON_ACS":20000000000,"CURRENTDEBT_DEBT":42.134546431267,"ISSUED_COMMON_SHARES":394561751,"HK_COMMON_SHARES":394561751,"PER_SHARES":20000,"TOTAL_MARKET_CAP":63129880.16,"HKSK_MARKET_CAP":63129880.16,"PE_TTM":-0.644846788304,"PB_TTM":-0.234005811928,"REPORT_DATE_SQ":"2019-12-31 00:00:00","REPORT_TYPE_SQ":"2019年年报","OPERATE_INCOME_SQ":381486000,"DPS_HKD":null,"OPERATE_INCOME_QOQ_SQ":-5.016980549552,"NET_PROFIT_RATIO_SQ":-10.0223861426,"HOLDER_PROFIT_SQ":-38234000,"HOLDER_PROFIT_QOQ_SQ":85.878277056725,"ROE_AVG_SQ":77.39754450956,"PE_TTM_SQ":-0.351750670002,"PB_TTM_SQ":-0.104949221778,"ROA_SQ":-8.770533356884,"START_DATE":"2020-01-01 00:00:00","FISCAL_YEAR":"12-31","CURRENCY":"HKD","IS_CNY_CODE":0,"DPS_HKD_LY":null,"ORG_TYPE":"一般企业","PREMIUM_INCOME":null,"PREMIUM_INCOME_YOY":null,"NET_INTEREST_INCOME":null,"NET_INTEREST_INCOME_YOY":null,"FEE_COMMISSION_INCOME":null,"FEE_COMMISSION_INCOME_YOY":null,"ACCOUNTS_RECE_TDAYS":1.663574112409,"INVENTORY_TDAYS":15.470034490807,"CURRENT_ASSETS_TDAYS":1.306411745114,"TOTAL_ASSETS_TDAYS":0.832564825959,"PREMIUM_EXPENSE":null,"LOAN_DEPOSIT":null,"LOAN_EQUITY":null,"LOAN_ASSETS":null,"DEPOSIT_EQUITY":null,"DEPOSIT_ASSETS":null,"EQUITY_MULTIPLIER":-10.747520785313,"EQUITY_RATIO":-11.747520785335},{"SECUCODE":"01239.HK","SECURITY_CODE":"01239","SECURITY_NAME_ABBR":"TEAMWAY INTL GP","ORG_CODE":"10204440","STD_REPORT_DATE":"2020-06-30 00:00:00","REPORT_DATE":"2020-06-30 00:00:00","DATE_TYPE_CODE":"002","REPORT_TYPE":"2020年中报","PER_NETCASH_OPERATE":0.012012415381,"PER_OI":0.097812287414,"BPS":-0.231428920235,"BASIC_EPS":-0.0565,"DILUTED_EPS":-0.0565,"OPERATE_INCOME":135444000,"OPERATE_INCOME_YOY":-33.0138429354,"GROSS_PROFIT":22954000,"GROSS_PROFIT_YOY":-29.493795306549,"HOLDER_PROFIT":-27550000,"HOLDER_PROFIT_YOY":-541.9313442413,"GROSS_PROFIT_RATIO":16.947225421576,"EPS_TTM":-0.052008544601,"OPERATE_INCOME_QOQ":-17.498151963637,"NET_PROFIT_RATIO":-20.340509731,"ROE_AVG":36.661720772092,"GROSS_PROFIT_QOQ":-16.479876426671,"ROA":-6.449943870271,"HOLDER_PROFIT_QOQ":-88.361144531046,"ROE_YEARLY":73.323441544184,"ROIC_YEARLY":-14.269177282227,"TOTAL_ASSETS":411838000,"TOTAL_LIABILITIES":503151000,"TAX_EBT":-4.880462920664,"OCF_SALES":12.281090339919,"TOTAL_PARENT_EQUITY":-91313000,"DEBT_ASSET_RATIO":122.1720676577,"OPERATE_PROFIT":-7232000,"PRETAX_PROFIT":-26268000,"NETCASH_OPERATE":16634000,"NETCASH_INVEST":-3143000,"NETCASH_FINANCE":-26148000,"END_CASH":35306000,"DIVI_RATIO":null,"DIVIDEND_RATE":null,"CURRENT_RATIO":0.80820524556,"COMMON_ACS":20000000000,"CURRENTDEBT_DEBT":62.531526321124,"ISSUED_COMMON_SHARES":394561751,"HK_COMMON_SHARES":394561751,"PER_SHARES":20000,"TOTAL_MARKET_CAP":63129880.16,"HKSK_MARKET_CAP":63129880.16,"PE_TTM":-0.644846788304,"PB_TTM":-0.234005811928,"REPORT_DATE_SQ":"2019-06-30 00:00:00","REPORT_TYPE_SQ":"2019年中报","OPERATE_INCOME_SQ":202197000,"DPS_HKD":null,"OPERATE_INCOME_QOQ_SQ":1.427842679718,"NET_PROFIT_RATIO_SQ":3.0831317972,"HOLDER_PROFIT_SQ":6234000,"HOLDER_PROFIT_QOQ_SQ":15.47428756962,"ROE_AVG_SQ":-19.627845470861,"PE_TTM_SQ":-0.351750670002,"PB_TTM_SQ":-0.104949221778,"ROA_SQ":1.386408570202,"START_DATE":"2020-01-01 00:00:00","FISCAL_YEAR":"12-31","CURRENCY":"HKD","IS_CNY_CODE":0,"DPS_HKD_LY":null,"ORG_TYPE":"一般企业","PREMIUM_INCOME":null,"PREMIUM_INCOME_YOY":null,"NET_INTEREST_INCOME":null,"NET_INTEREST_INCOME_YOY":null,"FEE_COMMISSION_INCOME":null,"FEE_COMMISSION_INCOME_YOY":null,"ACCOUNTS_RECE_TDAYS":0.688635860985,"INVENTORY_TDAYS":4.082454771453,"CURRENT_ASSETS_TDAYS":0.503957984897,"TOTAL_ASSETS_TDAYS":0.317098438318,"PREMIUM_EXPENSE":null,"LOAN_DEPOSIT":null,"LOAN_EQUITY":null,"LOAN_ASSETS":null,"DEPOSIT_EQUITY":null,"DEPOSIT_ASSETS":null,"EQUITY_MULTIPLIER":-4.510179273482,"EQUITY_RATIO":-5.510179273488}],"count":31},"success":true,"message":"ok","code":0}