{"version":"78aa00c7c98218d40877532d5622cbba","result":{"pages":4,"data":[{"SECUCODE":"01234.HK","SECURITY_CODE":"01234","SECURITY_NAME_ABBR":"中国利郎","ORG_CODE":"10144879","STD_REPORT_DATE":"2024-06-30 00:00:00","REPORT_DATE":"2024-06-30 00:00:00","DATE_TYPE_CODE":"002","REPORT_TYPE":"2024年中报","PER_NETCASH_OPERATE":0.183401057095,"PER_OI":1.336169645741,"BPS":3.385038037377,"BASIC_EPS":0.234,"DILUTED_EPS":0.234,"OPERATE_INCOME":1600043000,"OPERATE_INCOME_YOY":7.3088076702,"GROSS_PROFIT":800528000,"GROSS_PROFIT_YOY":3.620708401721,"HOLDER_PROFIT":280142000,"HOLDER_PROFIT_YOY":3.5779121143,"GROSS_PROFIT_RATIO":50.031655399261,"EPS_TTM":0.45103198498,"OPERATE_INCOME_QOQ":3.075206099676,"NET_PROFIT_RATIO":17.5084044616,"ROE_AVG":6.98528000016,"GROSS_PROFIT_QOQ":1.638822733305,"ROA":4.322681703826,"HOLDER_PROFIT_QOQ":1.824379226548,"ROE_YEARLY":13.970560000319,"ROIC_YEARLY":10.399550521672,"TOTAL_ASSETS":6458823000,"TOTAL_LIABILITIES":2405291000,"TAX_EBT":18.006099595507,"OCF_SALES":13.725881116945,"TOTAL_PARENT_EQUITY":4053532000,"DEBT_ASSET_RATIO":37.2403919414,"OPERATE_PROFIT":313826000,"PRETAX_PROFIT":341662000,"NETCASH_OPERATE":219620000,"NETCASH_INVEST":-124822000,"NETCASH_FINANCE":-265813000,"END_CASH":906470000,"DIVI_RATIO":0.201637584536,"DIVIDEND_RATE":2.463054187192,"CURRENT_RATIO":1.764861381905,"COMMON_ACS":100000000000,"CURRENTDEBT_DEBT":69.813506972753,"ISSUED_COMMON_SHARES":1197484919,"HK_COMMON_SHARES":1197484919,"PER_SHARES":1000,"TOTAL_MARKET_CAP":4861788771.14,"HKSK_MARKET_CAP":4861788771.14,"PE_TTM":8.117726216702,"PB_TTM":1.094664449582,"REPORT_DATE_SQ":"2023-06-30 00:00:00","REPORT_TYPE_SQ":"2023年中报","OPERATE_INCOME_SQ":1491064000,"DPS_HKD":0.1,"OPERATE_INCOME_QOQ_SQ":3.023501469449,"NET_PROFIT_RATIO_SQ":18.1390604293,"HOLDER_PROFIT_SQ":270465000,"HOLDER_PROFIT_QOQ_SQ":3.003608883612,"ROE_AVG_SQ":7.034180136286,"PE_TTM_SQ":9.930146457129,"PB_TTM_SQ":1.158361411099,"ROA_SQ":4.657183895354,"START_DATE":"2024-01-01 00:00:00","FISCAL_YEAR":"12-31","CURRENCY":"HKD","IS_CNY_CODE":0,"DPS_HKD_LY":0.1,"ORG_TYPE":"一般企业","PREMIUM_INCOME":null,"PREMIUM_INCOME_YOY":null,"NET_INTEREST_INCOME":null,"NET_INTEREST_INCOME_YOY":null,"FEE_COMMISSION_INCOME":null,"FEE_COMMISSION_INCOME_YOY":null,"ACCOUNTS_RECE_TDAYS":2.118632274244,"INVENTORY_TDAYS":0.965130413894,"CURRENT_ASSETS_TDAYS":0.567281701686,"TOTAL_ASSETS_TDAYS":0.246891812061,"PREMIUM_EXPENSE":null,"LOAN_DEPOSIT":null,"LOAN_EQUITY":null,"LOAN_ASSETS":null,"DEPOSIT_EQUITY":null,"DEPOSIT_ASSETS":null,"EQUITY_MULTIPLIER":1.593381525051,"EQUITY_RATIO":0.59338152505},{"SECUCODE":"01234.HK","SECURITY_CODE":"01234","SECURITY_NAME_ABBR":"中国利郎","ORG_CODE":"10144879","STD_REPORT_DATE":"2023-12-31 00:00:00","REPORT_DATE":"2023-12-31 00:00:00","DATE_TYPE_CODE":"001","REPORT_TYPE":"2023年年报","PER_NETCASH_OPERATE":0.919213246476,"PER_OI":2.959365035644,"BPS":3.313103937303,"BASIC_EPS":0.443,"DILUTED_EPS":0.443,"OPERATE_INCOME":3543795000,"OPERATE_INCOME_YOY":14.8275057595,"GROSS_PROFIT":1706835000,"GROSS_PROFIT_YOY":20.181451399964,"HOLDER_PROFIT":530427000,"HOLDER_PROFIT_YOY":18.3827648468,"GROSS_PROFIT_RATIO":48.164044477742,"EPS_TTM":0.442950881121,"OPERATE_INCOME_QOQ":11.457584067437,"NET_PROFIT_RATIO":14.9677676051,"ROE_AVG":13.68910461838,"GROSS_PROFIT_QOQ":12.929082678431,"ROA":8.854935937282,"HOLDER_PROFIT_QOQ":14.930696244358,"ROE_YEARLY":13.68910461838,"ROIC_YEARLY":10.669323133894,"TOTAL_ASSETS":6502668000,"TOTAL_LIABILITIES":2535276000,"TAX_EBT":19.365323077157,"OCF_SALES":31.061164655405,"TOTAL_PARENT_EQUITY":3967392000,"DEBT_ASSET_RATIO":38.9882429797,"OPERATE_PROFIT":610643000,"PRETAX_PROFIT":657815000,"NETCASH_OPERATE":1100744000,"NETCASH_INVEST":-1211965000,"NETCASH_FINANCE":227994000,"END_CASH":1077225000,"DIVI_RATIO":0.205316218742,"DIVIDEND_RATE":2.551020408163,"CURRENT_RATIO":1.650004960797,"COMMON_ACS":100000000000,"CURRENTDEBT_DEBT":64.005772941487,"ISSUED_COMMON_SHARES":1197484919,"HK_COMMON_SHARES":1197484919,"PER_SHARES":1000,"TOTAL_MARKET_CAP":4694140882.48,"HKSK_MARKET_CAP":4694140882.48,"PE_TTM":7.837804623023,"PB_TTM":1.056917399597,"REPORT_DATE_SQ":"2022-12-31 00:00:00","REPORT_TYPE_SQ":"2022年年报","OPERATE_INCOME_SQ":3086190000,"DPS_HKD":0.1,"OPERATE_INCOME_QOQ_SQ":-9.837875927494,"NET_PROFIT_RATIO_SQ":14.5182571391,"HOLDER_PROFIT_SQ":448061000,"HOLDER_PROFIT_QOQ_SQ":-1.238102795375,"ROE_AVG_SQ":12.019417837741,"PE_TTM_SQ":10.027025934759,"PB_TTM_SQ":1.169662498037,"ROA_SQ":8.546333945451,"START_DATE":"2023-01-01 00:00:00","FISCAL_YEAR":"12-31","CURRENCY":"HKD","IS_CNY_CODE":0,"DPS_HKD_LY":0.1,"ORG_TYPE":"一般企业","PREMIUM_INCOME":null,"PREMIUM_INCOME_YOY":null,"NET_INTEREST_INCOME":null,"NET_INTEREST_INCOME_YOY":null,"FEE_COMMISSION_INCOME":null,"FEE_COMMISSION_INCOME_YOY":null,"ACCOUNTS_RECE_TDAYS":4.498155065858,"INVENTORY_TDAYS":2.147471493069,"CURRENT_ASSETS_TDAYS":1.300653741101,"TOTAL_ASSETS_TDAYS":0.591600308805,"PREMIUM_EXPENSE":null,"LOAN_DEPOSIT":null,"LOAN_EQUITY":null,"LOAN_ASSETS":null,"DEPOSIT_EQUITY":null,"DEPOSIT_ASSETS":null,"EQUITY_MULTIPLIER":1.639028359185,"EQUITY_RATIO":0.639028359184},{"SECUCODE":"01234.HK","SECURITY_CODE":"01234","SECURITY_NAME_ABBR":"中国利郎","ORG_CODE":"10144879","STD_REPORT_DATE":"2023-06-30 00:00:00","REPORT_DATE":"2023-06-30 00:00:00","DATE_TYPE_CODE":"002","REPORT_TYPE":"2023年中报","PER_NETCASH_OPERATE":0.499921118422,"PER_OI":1.245163071653,"BPS":3.263332120511,"BASIC_EPS":0.226,"DILUTED_EPS":0.226,"OPERATE_INCOME":1491064000,"OPERATE_INCOME_YOY":6.6757860652,"GROSS_PROFIT":772556000,"GROSS_PROFIT_YOY":13.386238183369,"HOLDER_PROFIT":270465000,"HOLDER_PROFIT_YOY":5.2364332489,"GROSS_PROFIT_RATIO":51.812397053379,"EPS_TTM":0.385406941396,"OPERATE_INCOME_QOQ":3.023501469449,"NET_PROFIT_RATIO":18.1390604293,"ROE_AVG":7.034180136286,"GROSS_PROFIT_QOQ":6.422055815493,"ROA":4.657183895354,"HOLDER_PROFIT_QOQ":3.003608883612,"ROE_YEARLY":14.068360272571,"ROIC_YEARLY":11.131864011521,"TOTAL_ASSETS":6137258000,"TOTAL_LIABILITIES":2229467000,"TAX_EBT":17.46919570113,"OCF_SALES":40.149047928191,"TOTAL_PARENT_EQUITY":3907791000,"DEBT_ASSET_RATIO":36.3267602568,"OPERATE_PROFIT":305394000,"PRETAX_PROFIT":327714000,"NETCASH_OPERATE":598648000,"NETCASH_INVEST":-1045842000,"NETCASH_FINANCE":422935000,"END_CASH":936257000,"DIVI_RATIO":0.235971359702,"DIVIDEND_RATE":2.551020408163,"CURRENT_RATIO":1.841235409721,"COMMON_ACS":100000000000,"CURRENTDEBT_DEBT":59.386301748355,"ISSUED_COMMON_SHARES":1197484919,"HK_COMMON_SHARES":1197484919,"PER_SHARES":1000,"TOTAL_MARKET_CAP":4694140882.48,"HKSK_MARKET_CAP":4694140882.48,"PE_TTM":7.837804623023,"PB_TTM":1.056917399597,"REPORT_DATE_SQ":"2022-06-30 00:00:00","REPORT_TYPE_SQ":"2022年中报","OPERATE_INCOME_SQ":1397753000,"DPS_HKD":0.1,"OPERATE_INCOME_QOQ_SQ":1.285819120101,"NET_PROFIT_RATIO_SQ":18.3871542397,"HOLDER_PROFIT_SQ":257007000,"HOLDER_PROFIT_QOQ_SQ":-3.086555571458,"ROE_AVG_SQ":6.899372308446,"PE_TTM_SQ":10.027025934759,"PB_TTM_SQ":1.169662498037,"ROA_SQ":4.882045304716,"START_DATE":"2023-01-01 00:00:00","FISCAL_YEAR":"12-31","CURRENCY":"HKD","IS_CNY_CODE":0,"DPS_HKD_LY":0.1,"ORG_TYPE":"一般企业","PREMIUM_INCOME":null,"PREMIUM_INCOME_YOY":null,"NET_INTEREST_INCOME":null,"NET_INTEREST_INCOME_YOY":null,"FEE_COMMISSION_INCOME":null,"FEE_COMMISSION_INCOME_YOY":null,"ACCOUNTS_RECE_TDAYS":2.003887994054,"INVENTORY_TDAYS":0.85639587099,"CURRENT_ASSETS_TDAYS":0.572435624392,"TOTAL_ASSETS_TDAYS":0.256748904581,"PREMIUM_EXPENSE":null,"LOAN_DEPOSIT":null,"LOAN_EQUITY":null,"LOAN_ASSETS":null,"DEPOSIT_EQUITY":null,"DEPOSIT_ASSETS":null,"EQUITY_MULTIPLIER":1.57051848474,"EQUITY_RATIO":0.57051848474},{"SECUCODE":"01234.HK","SECURITY_CODE":"01234","SECURITY_NAME_ABBR":"中国利郎","ORG_CODE":"10144879","STD_REPORT_DATE":"2022-12-31 00:00:00","REPORT_DATE":"2022-12-31 00:00:00","DATE_TYPE_CODE":"001","REPORT_TYPE":"2022年年报","PER_NETCASH_OPERATE":0.545886624231,"PER_OI":2.577226611403,"BPS":3.158479025488,"BASIC_EPS":0.3742,"DILUTED_EPS":0.3742,"OPERATE_INCOME":3086190000,"OPERATE_INCOME_YOY":-8.6785540971,"GROSS_PROFIT":1420215000,"GROSS_PROFIT_YOY":0.368196578811,"HOLDER_PROFIT":448061000,"HOLDER_PROFIT_YOY":-4.286443636,"GROSS_PROFIT_RATIO":46.018391609071,"EPS_TTM":0.3741683865,"OPERATE_INCOME_QOQ":-9.837875927494,"NET_PROFIT_RATIO":14.5182571391,"ROE_AVG":12.019417837741,"GROSS_PROFIT_QOQ":-0.373123334835,"ROA":8.546333945451,"HOLDER_PROFIT_QOQ":-1.238102795375,"ROE_YEARLY":12.019417837741,"ROIC_YEARLY":11.266700043074,"TOTAL_ASSETS":5477701000,"TOTAL_LIABILITIES":1695470000,"TAX_EBT":18.055509833829,"OCF_SALES":21.181165125932,"TOTAL_PARENT_EQUITY":3782231000,"DEBT_ASSET_RATIO":30.9522188232,"OPERATE_PROFIT":519058000,"PRETAX_PROFIT":546786000,"NETCASH_OPERATE":653691000,"NETCASH_INVEST":-1175068000,"NETCASH_FINANCE":-90433000,"END_CASH":960114000,"DIVI_RATIO":0.243059016425,"DIVIDEND_RATE":2.551020408163,"CURRENT_RATIO":1.926053604969,"COMMON_ACS":100000000000,"CURRENTDEBT_DEBT":84.878116392505,"ISSUED_COMMON_SHARES":1197484919,"HK_COMMON_SHARES":1197484919,"PER_SHARES":1000,"TOTAL_MARKET_CAP":4694140882.48,"HKSK_MARKET_CAP":4694140882.48,"PE_TTM":7.837804623023,"PB_TTM":1.056917399597,"REPORT_DATE_SQ":"2021-12-31 00:00:00","REPORT_TYPE_SQ":"2021年年报","OPERATE_INCOME_SQ":3379480000,"DPS_HKD":0.1,"OPERATE_INCOME_QOQ_SQ":14.878043971748,"NET_PROFIT_RATIO_SQ":13.852042326,"HOLDER_PROFIT_SQ":468127000,"HOLDER_PROFIT_QOQ_SQ":-16.369453833456,"ROE_AVG_SQ":12.778287390611,"PE_TTM_SQ":10.027025934759,"PB_TTM_SQ":1.169662498037,"ROA_SQ":9.34464966821,"START_DATE":"2022-01-01 00:00:00","FISCAL_YEAR":"12-31","CURRENCY":"HKD","IS_CNY_CODE":0,"DPS_HKD_LY":0.1,"ORG_TYPE":"一般企业","PREMIUM_INCOME":null,"PREMIUM_INCOME_YOY":null,"NET_INTEREST_INCOME":null,"NET_INTEREST_INCOME_YOY":null,"FEE_COMMISSION_INCOME":null,"FEE_COMMISSION_INCOME_YOY":null,"ACCOUNTS_RECE_TDAYS":3.76892973748,"INVENTORY_TDAYS":1.873061630386,"CURRENT_ASSETS_TDAYS":1.021192408633,"TOTAL_ASSETS_TDAYS":0.588661150136,"PREMIUM_EXPENSE":null,"LOAN_DEPOSIT":null,"LOAN_EQUITY":null,"LOAN_ASSETS":null,"DEPOSIT_EQUITY":null,"DEPOSIT_ASSETS":null,"EQUITY_MULTIPLIER":1.448272461413,"EQUITY_RATIO":0.448272461412},{"SECUCODE":"01234.HK","SECURITY_CODE":"01234","SECURITY_NAME_ABBR":"中国利郎","ORG_CODE":"10144879","STD_REPORT_DATE":"2022-06-30 00:00:00","REPORT_DATE":"2022-06-30 00:00:00","DATE_TYPE_CODE":"002","REPORT_TYPE":"2022年中报","PER_NETCASH_OPERATE":0.206021801265,"PER_OI":1.167240587186,"BPS":3.153916963859,"BASIC_EPS":0.215,"DILUTED_EPS":0.215,"OPERATE_INCOME":1397753000,"OPERATE_INCOME_YOY":3.2085972152,"GROSS_PROFIT":681349000,"GROSS_PROFIT_YOY":1.569571569124,"HOLDER_PROFIT":257007000,"HOLDER_PROFIT_YOY":-5.3227779088,"GROSS_PROFIT_RATIO":48.746023081331,"EPS_TTM":0.378859051001,"OPERATE_INCOME_QOQ":1.285819120101,"NET_PROFIT_RATIO":18.3871542397,"ROE_AVG":6.899372308446,"GROSS_PROFIT_QOQ":0.744096310614,"ROA":4.882045304716,"HOLDER_PROFIT_QOQ":-3.086555571458,"ROE_YEARLY":13.798744616891,"ROIC_YEARLY":14.129279385146,"TOTAL_ASSETS":5520907000,"TOTAL_LIABILITIES":1744139000,"TAX_EBT":17.798531928164,"OCF_SALES":17.650328777688,"TOTAL_PARENT_EQUITY":3776768000,"DEBT_ASSET_RATIO":31.5915301598,"OPERATE_PROFIT":293929000,"PRETAX_PROFIT":312655000,"NETCASH_OPERATE":246708000,"NETCASH_INVEST":-504264000,"NETCASH_FINANCE":367779000,"END_CASH":1681172000,"DIVI_RATIO":0.240049695948,"DIVIDEND_RATE":2.551020408163,"CURRENT_RATIO":2.22597154742,"COMMON_ACS":100000000000,"CURRENTDEBT_DEBT":85.319461350271,"ISSUED_COMMON_SHARES":1197484919,"HK_COMMON_SHARES":1197484919,"PER_SHARES":1000,"TOTAL_MARKET_CAP":4694140882.48,"HKSK_MARKET_CAP":4694140882.48,"PE_TTM":7.837804623023,"PB_TTM":1.056917399597,"REPORT_DATE_SQ":"2021-06-30 00:00:00","REPORT_TYPE_SQ":"2021年中报","OPERATE_INCOME_SQ":1354299000,"DPS_HKD":0.1,"OPERATE_INCOME_QOQ_SQ":9.734392456082,"NET_PROFIT_RATIO_SQ":20.0440227749,"HOLDER_PROFIT_SQ":271456000,"HOLDER_PROFIT_QOQ_SQ":0.45115048758,"ROE_AVG_SQ":7.428901551236,"PE_TTM_SQ":10.027025934759,"PB_TTM_SQ":1.169662498037,"ROA_SQ":5.679263145232,"START_DATE":"2022-01-01 00:00:00","FISCAL_YEAR":"12-31","CURRENCY":"HKD","IS_CNY_CODE":0,"DPS_HKD_LY":0.1,"ORG_TYPE":"一般企业","PREMIUM_INCOME":null,"PREMIUM_INCOME_YOY":null,"NET_INTEREST_INCOME":null,"NET_INTEREST_INCOME_YOY":null,"FEE_COMMISSION_INCOME":null,"FEE_COMMISSION_INCOME_YOY":null,"ACCOUNTS_RECE_TDAYS":1.799171565492,"INVENTORY_TDAYS":0.83306084194,"CURRENT_ASSETS_TDAYS":0.4245275082,"TOTAL_ASSETS_TDAYS":0.265513914827,"PREMIUM_EXPENSE":null,"LOAN_DEPOSIT":null,"LOAN_EQUITY":null,"LOAN_ASSETS":null,"DEPOSIT_EQUITY":null,"DEPOSIT_ASSETS":null,"EQUITY_MULTIPLIER":1.461807291313,"EQUITY_RATIO":0.461807291314},{"SECUCODE":"01234.HK","SECURITY_CODE":"01234","SECURITY_NAME_ABBR":"中国利郎","ORG_CODE":"10144879","STD_REPORT_DATE":"2021-12-31 00:00:00","REPORT_DATE":"2021-12-31 00:00:00","DATE_TYPE_CODE":"001","REPORT_TYPE":"2021年年报","PER_NETCASH_OPERATE":0.499838445147,"PER_OI":2.822148276257,"BPS":3.067586022768,"BASIC_EPS":0.3909,"DILUTED_EPS":0.3904,"OPERATE_INCOME":3379480000,"OPERATE_INCOME_YOY":26.0607236178,"GROSS_PROFIT":1415005000,"GROSS_PROFIT_YOY":17.544467371765,"HOLDER_PROFIT":468127000,"HOLDER_PROFIT_YOY":-15.9921542167,"GROSS_PROFIT_RATIO":41.870494869033,"EPS_TTM":0.390925173731,"OPERATE_INCOME_QOQ":14.878043971748,"NET_PROFIT_RATIO":13.852042326,"ROE_AVG":12.778287390611,"GROSS_PROFIT_QOQ":-1.983663539853,"ROA":9.34464966821,"HOLDER_PROFIT_QOQ":-16.369453833456,"ROE_YEARLY":12.778287390611,"ROIC_YEARLY":13.956043235302,"TOTAL_ASSETS":5007754000,"TOTAL_LIABILITIES":1334366000,"TAX_EBT":16.587166817826,"OCF_SALES":17.711275107413,"TOTAL_PARENT_EQUITY":3673388000,"DEBT_ASSET_RATIO":26.6459973873,"OPERATE_PROFIT":532753000,"PRETAX_PROFIT":561217000,"NETCASH_OPERATE":598549000,"NETCASH_INVEST":-280045000,"NETCASH_FINANCE":-482916000,"END_CASH":1571619000,"DIVI_RATIO":0.232640428684,"DIVIDEND_RATE":2.551020408163,"CURRENT_RATIO":2.594232424814,"COMMON_ACS":100000000000,"CURRENTDEBT_DEBT":94.536731301607,"ISSUED_COMMON_SHARES":1197484919,"HK_COMMON_SHARES":1197484919,"PER_SHARES":1000,"TOTAL_MARKET_CAP":4694140882.48,"HKSK_MARKET_CAP":4694140882.48,"PE_TTM":7.837804623023,"PB_TTM":1.056917399597,"REPORT_DATE_SQ":"2020-12-31 00:00:00","REPORT_TYPE_SQ":"2020年年报","OPERATE_INCOME_SQ":2680835000,"DPS_HKD":0.1,"OPERATE_INCOME_QOQ_SQ":-16.532059453007,"NET_PROFIT_RATIO_SQ":20.786135663,"HOLDER_PROFIT_SQ":557242000,"HOLDER_PROFIT_QOQ_SQ":-19.542878594272,"ROE_AVG_SQ":15.351433730167,"PE_TTM_SQ":10.027025934759,"PB_TTM_SQ":1.169662498037,"ROA_SQ":11.639862395947,"START_DATE":"2021-01-01 00:00:00","FISCAL_YEAR":"12-31","CURRENCY":"HKD","IS_CNY_CODE":0,"DPS_HKD_LY":0.24,"ORG_TYPE":"一般企业","PREMIUM_INCOME":null,"PREMIUM_INCOME_YOY":null,"NET_INTEREST_INCOME":null,"NET_INTEREST_INCOME_YOY":null,"FEE_COMMISSION_INCOME":null,"FEE_COMMISSION_INCOME_YOY":null,"ACCOUNTS_RECE_TDAYS":3.370642176214,"INVENTORY_TDAYS":2.517281301596,"CURRENT_ASSETS_TDAYS":0.980923899651,"TOTAL_ASSETS_TDAYS":0.674604469743,"PREMIUM_EXPENSE":null,"LOAN_DEPOSIT":null,"LOAN_EQUITY":null,"LOAN_ASSETS":null,"DEPOSIT_EQUITY":null,"DEPOSIT_ASSETS":null,"EQUITY_MULTIPLIER":1.363252125831,"EQUITY_RATIO":0.36325212583},{"SECUCODE":"01234.HK","SECURITY_CODE":"01234","SECURITY_NAME_ABBR":"中国利郎","ORG_CODE":"10144879","STD_REPORT_DATE":"2021-06-30 00:00:00","REPORT_DATE":"2021-06-30 00:00:00","DATE_TYPE_CODE":"002","REPORT_TYPE":"2021年中报","PER_NETCASH_OPERATE":0.103040128558,"PER_OI":1.130952865052,"BPS":3.051880605772,"BASIC_EPS":0.227,"DILUTED_EPS":0.226,"OPERATE_INCOME":1354299000,"OPERATE_INCOME_YOY":23.8685088573,"GROSS_PROFIT":670820000,"GROSS_PROFIT_YOY":55.649191845599,"HOLDER_PROFIT":271456000,"HOLDER_PROFIT_YOY":0.9347740405,"GROSS_PROFIT_RATIO":49.532636441436,"EPS_TTM":0.467443047606,"OPERATE_INCOME_QOQ":9.734392456082,"NET_PROFIT_RATIO":20.0440227749,"ROE_AVG":7.428901551236,"GROSS_PROFIT_QOQ":19.923343002682,"ROA":5.679263145232,"HOLDER_PROFIT_QOQ":0.45115048758,"ROE_YEARLY":14.857803102473,"ROIC_YEARLY":16.790502519448,"TOTAL_ASSETS":4548159000,"TOTAL_LIABILITIES":893578000,"TAX_EBT":17.039970905801,"OCF_SALES":9.110912730497,"TOTAL_PARENT_EQUITY":3654581000,"DEBT_ASSET_RATIO":19.6470264122,"OPERATE_PROFIT":307828000,"PRETAX_PROFIT":327213000,"NETCASH_OPERATE":123389000,"NETCASH_INVEST":-156296000,"NETCASH_FINANCE":-351634000,"END_CASH":1353722000,"DIVI_RATIO":0.194558461112,"DIVIDEND_RATE":2.551020408163,"CURRENT_RATIO":3.670340244231,"COMMON_ACS":100000000000,"CURRENTDEBT_DEBT":91.065245563342,"ISSUED_COMMON_SHARES":1197484919,"HK_COMMON_SHARES":1197484919,"PER_SHARES":1000,"TOTAL_MARKET_CAP":4694140882.48,"HKSK_MARKET_CAP":4694140882.48,"PE_TTM":7.837804623023,"PB_TTM":1.056917399597,"REPORT_DATE_SQ":"2020-06-30 00:00:00","REPORT_TYPE_SQ":"2020年中报","OPERATE_INCOME_SQ":1093336000,"DPS_HKD":0.1,"OPERATE_INCOME_QOQ_SQ":-12.208843530535,"NET_PROFIT_RATIO_SQ":24.5982936627,"HOLDER_PROFIT_SQ":268942000,"HOLDER_PROFIT_QOQ_SQ":-14.723952818341,"ROE_AVG_SQ":7.52625417164,"PE_TTM_SQ":10.027025934759,"PB_TTM_SQ":1.169662498037,"ROA_SQ":5.908639326982,"START_DATE":"2021-01-01 00:00:00","FISCAL_YEAR":"12-31","CURRENCY":"HKD","IS_CNY_CODE":0,"DPS_HKD_LY":0.24,"ORG_TYPE":"一般企业","PREMIUM_INCOME":null,"PREMIUM_INCOME_YOY":null,"NET_INTEREST_INCOME":null,"NET_INTEREST_INCOME_YOY":null,"FEE_COMMISSION_INCOME":null,"FEE_COMMISSION_INCOME_YOY":null,"ACCOUNTS_RECE_TDAYS":1.394823504694,"INVENTORY_TDAYS":0.871631013929,"CURRENT_ASSETS_TDAYS":0.410109976963,"TOTAL_ASSETS_TDAYS":0.283339487737,"PREMIUM_EXPENSE":null,"LOAN_DEPOSIT":null,"LOAN_EQUITY":null,"LOAN_ASSETS":null,"DEPOSIT_EQUITY":null,"DEPOSIT_ASSETS":null,"EQUITY_MULTIPLIER":1.24450901485,"EQUITY_RATIO":0.24450901485},{"SECUCODE":"01234.HK","SECURITY_CODE":"01234","SECURITY_NAME_ABBR":"中国利郎","ORG_CODE":"10144879","STD_REPORT_DATE":"2020-12-31 00:00:00","REPORT_DATE":"2020-12-31 00:00:00","DATE_TYPE_CODE":"001","REPORT_TYPE":"2020年年报","PER_NETCASH_OPERATE":0.645765961417,"PER_OI":2.238721304514,"BPS":3.050998757505,"BASIC_EPS":0.4653,"DILUTED_EPS":0.4651,"OPERATE_INCOME":2680835000,"OPERATE_INCOME_YOY":-26.7225297125,"GROSS_PROFIT":1203804000,"GROSS_PROFIT_YOY":-14.208318159369,"HOLDER_PROFIT":557242000,"HOLDER_PROFIT_YOY":-31.389347189,"GROSS_PROFIT_RATIO":44.904069068033,"EPS_TTM":0.465343647472,"OPERATE_INCOME_QOQ":-16.532059453007,"NET_PROFIT_RATIO":20.786135663,"ROE_AVG":15.351433730167,"GROSS_PROFIT_QOQ":0.656632253328,"ROA":11.639862395947,"HOLDER_PROFIT_QOQ":-19.542878594272,"ROE_YEARLY":15.351433730167,"ROIC_YEARLY":18.314740332037,"TOTAL_ASSETS":5011391000,"TOTAL_LIABILITIES":1357866000,"TAX_EBT":19.79659924063,"OCF_SALES":28.845303795273,"TOTAL_PARENT_EQUITY":3653525000,"DEBT_ASSET_RATIO":27.095590825,"OPERATE_PROFIT":651385000,"PRETAX_PROFIT":694786000,"NETCASH_OPERATE":773295000,"NETCASH_INVEST":-190785000,"NETCASH_FINANCE":-590330000,"END_CASH":1738934000,"DIVI_RATIO":0.195436212558,"DIVIDEND_RATE":2.551020408163,"CURRENT_RATIO":2.808952333776,"COMMON_ACS":100000000000,"CURRENTDEBT_DEBT":94.853026734597,"ISSUED_COMMON_SHARES":1197484919,"HK_COMMON_SHARES":1197484919,"PER_SHARES":1000,"TOTAL_MARKET_CAP":4694140882.48,"HKSK_MARKET_CAP":4694140882.48,"PE_TTM":7.837804623023,"PB_TTM":1.056917399597,"REPORT_DATE_SQ":"2019-12-31 00:00:00","REPORT_TYPE_SQ":"2019年年报","OPERATE_INCOME_SQ":3658471000,"DPS_HKD":0.1,"OPERATE_INCOME_QOQ_SQ":7.136736668494,"NET_PROFIT_RATIO_SQ":22.1999846384,"HOLDER_PROFIT_SQ":812180000,"HOLDER_PROFIT_QOQ_SQ":1.642565280237,"ROE_AVG_SQ":23.184813088181,"PE_TTM_SQ":10.027025934759,"PB_TTM_SQ":1.169662498037,"ROA_SQ":18.097230556418,"START_DATE":"2020-01-01 00:00:00","FISCAL_YEAR":"12-31","CURRENCY":"HKD","IS_CNY_CODE":0,"DPS_HKD_LY":0.15,"ORG_TYPE":"一般企业","PREMIUM_INCOME":null,"PREMIUM_INCOME_YOY":null,"NET_INTEREST_INCOME":null,"NET_INTEREST_INCOME_YOY":null,"FEE_COMMISSION_INCOME":null,"FEE_COMMISSION_INCOME_YOY":null,"ACCOUNTS_RECE_TDAYS":2.339280206037,"INVENTORY_TDAYS":2.178034751975,"CURRENT_ASSETS_TDAYS":0.750039903404,"TOTAL_ASSETS_TDAYS":0.559982027669,"PREMIUM_EXPENSE":null,"LOAN_DEPOSIT":null,"LOAN_EQUITY":null,"LOAN_ASSETS":null,"DEPOSIT_EQUITY":null,"DEPOSIT_ASSETS":null,"EQUITY_MULTIPLIER":1.371659151094,"EQUITY_RATIO":0.371659151094},{"SECUCODE":"01234.HK","SECURITY_CODE":"01234","SECURITY_NAME_ABBR":"中国利郎","ORG_CODE":"10144879","STD_REPORT_DATE":"2020-06-30 00:00:00","REPORT_DATE":"2020-06-30 00:00:00","DATE_TYPE_CODE":"002","REPORT_TYPE":"2020年中报","PER_NETCASH_OPERATE":0.097926076679,"PER_OI":0.913026947273,"BPS":2.956605084394,"BASIC_EPS":0.225,"DILUTED_EPS":0.225,"OPERATE_INCOME":1093336000,"OPERATE_INCOME_YOY":-29.0038331343,"GROSS_PROFIT":430982000,"GROSS_PROFIT_YOY":-32.46934356207,"HOLDER_PROFIT":268942000,"HOLDER_PROFIT_YOY":-30.7790706952,"GROSS_PROFIT_RATIO":39.418989221978,"EPS_TTM":0.578374716049,"OPERATE_INCOME_QOQ":-12.208843530535,"NET_PROFIT_RATIO":24.5982936627,"ROE_AVG":7.52625417164,"GROSS_PROFIT_QOQ":-14.76797909877,"ROA":5.908639326982,"HOLDER_PROFIT_QOQ":-14.723952818341,"ROE_YEARLY":15.052508343281,"ROIC_YEARLY":19.144463672131,"TOTAL_ASSETS":4540021000,"TOTAL_LIABILITIES":999531000,"TAX_EBT":17.638123704205,"OCF_SALES":10.725431157485,"TOTAL_PARENT_EQUITY":3540490000,"DEBT_ASSET_RATIO":22.0159994855,"OPERATE_PROFIT":306698000,"PRETAX_PROFIT":326537000,"NETCASH_OPERATE":117265000,"NETCASH_INVEST":-63333000,"NETCASH_FINANCE":-71656000,"END_CASH":1733527000,"DIVI_RATIO":0.157242350809,"DIVIDEND_RATE":2.551020408163,"CURRENT_RATIO":3.607911336063,"COMMON_ACS":100000000000,"CURRENTDEBT_DEBT":94.405075980635,"ISSUED_COMMON_SHARES":1197484919,"HK_COMMON_SHARES":1197484919,"PER_SHARES":1000,"TOTAL_MARKET_CAP":4694140882.48,"HKSK_MARKET_CAP":4694140882.48,"PE_TTM":7.837804623023,"PB_TTM":1.056917399597,"REPORT_DATE_SQ":"2019-06-30 00:00:00","REPORT_TYPE_SQ":"2019年中报","OPERATE_INCOME_SQ":1539993000,"DPS_HKD":0.1,"OPERATE_INCOME_QOQ_SQ":7.793749242394,"NET_PROFIT_RATIO_SQ":25.2291406519,"HOLDER_PROFIT_SQ":388527000,"HOLDER_PROFIT_QOQ_SQ":6.371323519623,"ROE_AVG_SQ":11.323862850591,"PE_TTM_SQ":10.027025934759,"PB_TTM_SQ":1.169662498037,"ROA_SQ":8.717859195154,"START_DATE":"2020-01-01 00:00:00","FISCAL_YEAR":"12-31","CURRENCY":"HKD","IS_CNY_CODE":0,"DPS_HKD_LY":0.15,"ORG_TYPE":"一般企业","PREMIUM_INCOME":null,"PREMIUM_INCOME_YOY":null,"NET_INTEREST_INCOME":null,"NET_INTEREST_INCOME_YOY":null,"FEE_COMMISSION_INCOME":null,"FEE_COMMISSION_INCOME_YOY":null,"ACCOUNTS_RECE_TDAYS":1.043345160004,"INVENTORY_TDAYS":0.986287947883,"CURRENT_ASSETS_TDAYS":0.315304997,"TOTAL_ASSETS_TDAYS":0.240205251958,"PREMIUM_EXPENSE":null,"LOAN_DEPOSIT":null,"LOAN_EQUITY":null,"LOAN_ASSETS":null,"DEPOSIT_EQUITY":null,"DEPOSIT_ASSETS":null,"EQUITY_MULTIPLIER":1.282314312426,"EQUITY_RATIO":0.282314312426}],"count":35},"success":true,"message":"ok","code":0}