{"version":"b8ec2551634caf999a99fb271ed47e1f","result":{"pages":4,"data":[{"SECUCODE":"01237.HK","SECURITY_CODE":"01237","SECURITY_NAME_ABBR":"中科生物","ORG_CODE":"10266549","STD_REPORT_DATE":"2024-06-30 00:00:00","REPORT_DATE":"2024-06-30 00:00:00","DATE_TYPE_CODE":"002","REPORT_TYPE":"2024年中报","PER_NETCASH_OPERATE":0.225870046568,"PER_OI":2.024060874273,"BPS":9.514891029017,"BASIC_EPS":-0.0183,"DILUTED_EPS":-0.0183,"OPERATE_INCOME":186491000,"OPERATE_INCOME_YOY":3.9427701946,"GROSS_PROFIT":13381000,"GROSS_PROFIT_YOY":-38.438535149062,"HOLDER_PROFIT":-1715000,"HOLDER_PROFIT_YOY":-173.6367539717,"GROSS_PROFIT_RATIO":7.175145181269,"EPS_TTM":-0.069548568469,"OPERATE_INCOME_QOQ":2.377575370551,"NET_PROFIT_RATIO":-0.9196154238,"ROE_AVG":-0.196106906279,"GROSS_PROFIT_QOQ":-41.406482307464,"ROA":-0.156216126605,"HOLDER_PROFIT_QOQ":-171.065989847716,"ROE_YEARLY":-0.392213812558,"ROIC_YEARLY":-0.444257070714,"TOTAL_ASSETS":1140935000,"TOTAL_LIABILITIES":264261000,"TAX_EBT":-45.093062605753,"OCF_SALES":11.159251652895,"TOTAL_PARENT_EQUITY":876674000,"DEBT_ASSET_RATIO":23.1617927402,"OPERATE_PROFIT":7622000,"PRETAX_PROFIT":-1182000,"NETCASH_OPERATE":20811000,"NETCASH_INVEST":-76011000,"NETCASH_FINANCE":36296000,"END_CASH":13615000,"DIVI_RATIO":null,"DIVIDEND_RATE":null,"CURRENT_RATIO":2.920258559741,"COMMON_ACS":200000000,"CURRENTDEBT_DEBT":93.666867225962,"ISSUED_COMMON_SHARES":92137051,"HK_COMMON_SHARES":92137051,"PER_SHARES":10000,"TOTAL_MARKET_CAP":27180430.045,"HKSK_MARKET_CAP":27180430.045,"PE_TTM":-3.875276184294,"PB_TTM":0.028296761274,"REPORT_DATE_SQ":"2023-06-30 00:00:00","REPORT_TYPE_SQ":"2023年中报","OPERATE_INCOME_SQ":179417000,"DPS_HKD":null,"OPERATE_INCOME_QOQ_SQ":-26.115126323282,"NET_PROFIT_RATIO_SQ":1.523267026,"HOLDER_PROFIT_SQ":2329000,"HOLDER_PROFIT_QOQ_SQ":3.766392192742,"ROE_AVG_SQ":0.26460631999,"PE_TTM_SQ":-4.19380888505,"PB_TTM_SQ":0.031824665307,"ROA_SQ":0.22413335983,"START_DATE":"2024-01-01 00:00:00","FISCAL_YEAR":"12-31","CURRENCY":"HKD","IS_CNY_CODE":0,"DPS_HKD_LY":null,"ORG_TYPE":"一般企业","PREMIUM_INCOME":null,"PREMIUM_INCOME_YOY":null,"NET_INTEREST_INCOME":null,"NET_INTEREST_INCOME_YOY":null,"FEE_COMMISSION_INCOME":null,"FEE_COMMISSION_INCOME_YOY":null,"ACCOUNTS_RECE_TDAYS":1.472334176775,"INVENTORY_TDAYS":1.532190968473,"CURRENT_ASSETS_TDAYS":0.301291009462,"TOTAL_ASSETS_TDAYS":0.169871146745,"PREMIUM_EXPENSE":null,"LOAN_DEPOSIT":null,"LOAN_EQUITY":null,"LOAN_ASSETS":null,"DEPOSIT_EQUITY":null,"DEPOSIT_ASSETS":null,"EQUITY_MULTIPLIER":1.301435881526,"EQUITY_RATIO":0.301435881525},{"SECUCODE":"01237.HK","SECURITY_CODE":"01237","SECURITY_NAME_ABBR":"中科生物","ORG_CODE":"10266549","STD_REPORT_DATE":"2023-12-31 00:00:00","REPORT_DATE":"2023-12-31 00:00:00","DATE_TYPE_CODE":"001","REPORT_TYPE":"2023年年报","PER_NETCASH_OPERATE":0.026492056868,"PER_OI":0.322921122529,"BPS":9.468199714792,"BASIC_EPS":-0.03,"DILUTED_EPS":-0.03,"OPERATE_INCOME":297530000,"OPERATE_INCOME_YOY":-36.0201446337,"GROSS_PROFIT":20178000,"GROSS_PROFIT_YOY":-62.545245299129,"HOLDER_PROFIT":-2364000,"HOLDER_PROFIT_YOY":63.9524245197,"GROSS_PROFIT_RATIO":6.781837125668,"EPS_TTM":-0.002565743063,"OPERATE_INCOME_QOQ":-13.406016438101,"NET_PROFIT_RATIO":-0.7945417269,"ROE_AVG":-0.26988380954,"GROSS_PROFIT_QOQ":-57.162873641304,"ROA":-0.22825891745,"HOLDER_PROFIT_QOQ":62.541594042149,"ROE_YEARLY":-0.26988380954,"ROIC_YEARLY":-0.295081169166,"TOTAL_ASSETS":1054741000,"TOTAL_LIABILITIES":182369000,"TAX_EBT":-24.552160168599,"OCF_SALES":8.203878600477,"TOTAL_PARENT_EQUITY":872372000,"DEBT_ASSET_RATIO":17.2904058911,"OPERATE_PROFIT":-539000,"PRETAX_PROFIT":-1898000,"NETCASH_OPERATE":24409000,"NETCASH_INVEST":-143728000,"NETCASH_FINANCE":36801000,"END_CASH":32499000,"DIVI_RATIO":null,"DIVIDEND_RATE":null,"CURRENT_RATIO":3.11811209511,"COMMON_ACS":200000000,"CURRENTDEBT_DEBT":90.58502267381,"ISSUED_COMMON_SHARES":92137051,"HK_COMMON_SHARES":92137051,"PER_SHARES":10000,"TOTAL_MARKET_CAP":26719744.79,"HKSK_MARKET_CAP":26719744.79,"PE_TTM":-3.809593537103,"PB_TTM":0.027817155151,"REPORT_DATE_SQ":"2022-12-31 00:00:00","REPORT_TYPE_SQ":"2022年年报","OPERATE_INCOME_SQ":465037000,"DPS_HKD":null,"OPERATE_INCOME_QOQ_SQ":-29.199577362719,"NET_PROFIT_RATIO_SQ":-1.4588086539,"HOLDER_PROFIT_SQ":-6558000,"HOLDER_PROFIT_QOQ_SQ":-114.597662771285,"ROE_AVG_SQ":-0.749757769248,"PE_TTM_SQ":-7.625107080278,"PB_TTM_SQ":0.057863027956,"ROA_SQ":-0.653849566742,"START_DATE":"2023-01-01 00:00:00","FISCAL_YEAR":"12-31","CURRENCY":"HKD","IS_CNY_CODE":0,"DPS_HKD_LY":null,"ORG_TYPE":"一般企业","PREMIUM_INCOME":null,"PREMIUM_INCOME_YOY":null,"NET_INTEREST_INCOME":null,"NET_INTEREST_INCOME_YOY":null,"FEE_COMMISSION_INCOME":null,"FEE_COMMISSION_INCOME_YOY":null,"ACCOUNTS_RECE_TDAYS":2.520394073647,"INVENTORY_TDAYS":2.695171368323,"CURRENT_ASSETS_TDAYS":0.552156347488,"TOTAL_ASSETS_TDAYS":0.287283738194,"PREMIUM_EXPENSE":null,"LOAN_DEPOSIT":null,"LOAN_EQUITY":null,"LOAN_ASSETS":null,"DEPOSIT_EQUITY":null,"DEPOSIT_ASSETS":null,"EQUITY_MULTIPLIER":1.209049579766,"EQUITY_RATIO":0.209049579766},{"SECUCODE":"01237.HK","SECURITY_CODE":"01237","SECURITY_NAME_ABBR":"中科生物","ORG_CODE":"10266549","STD_REPORT_DATE":"2023-06-30 00:00:00","REPORT_DATE":"2023-06-30 00:00:00","DATE_TYPE_CODE":"002","REPORT_TYPE":"2023年中报","PER_NETCASH_OPERATE":-0.034014546365,"PER_OI":0.194728393912,"BPS":9.560301642387,"BASIC_EPS":0.0297,"DILUTED_EPS":0.0297,"OPERATE_INCOME":179417000,"OPERATE_INCOME_YOY":-40.3656826053,"GROSS_PROFIT":21736000,"GROSS_PROFIT_YOY":-23.746711103315,"HOLDER_PROFIT":2329000,"HOLDER_PROFIT_YOY":11.8635926993,"GROSS_PROFIT_RATIO":12.114794027322,"EPS_TTM":-0.00684957888,"OPERATE_INCOME_QOQ":-26.115126323282,"NET_PROFIT_RATIO":1.523267026,"ROE_AVG":0.26460631999,"GROSS_PROFIT_QOQ":-12.564735581831,"ROA":0.22413335983,"HOLDER_PROFIT_QOQ":3.766392192742,"ROE_YEARLY":0.529212639979,"ROIC_YEARLY":0.619229618798,"TOTAL_ASSETS":1061636000,"TOTAL_LIABILITIES":179490000,"TAX_EBT":14.486858573217,"OCF_SALES":-17.467687008478,"TOTAL_PARENT_EQUITY":880858000,"DEBT_ASSET_RATIO":16.906924784,"OPERATE_PROFIT":6248000,"PRETAX_PROFIT":3196000,"NETCASH_OPERATE":-31340000,"NETCASH_INVEST":-82516000,"NETCASH_FINANCE":37300000,"END_CASH":36567000,"DIVI_RATIO":null,"DIVIDEND_RATE":null,"CURRENT_RATIO":3.337207690975,"COMMON_ACS":200000000,"CURRENTDEBT_DEBT":96.490055156276,"ISSUED_COMMON_SHARES":92137051,"HK_COMMON_SHARES":92137051,"PER_SHARES":10000,"TOTAL_MARKET_CAP":26719744.79,"HKSK_MARKET_CAP":26719744.79,"PE_TTM":-3.809593537103,"PB_TTM":0.027817155151,"REPORT_DATE_SQ":"2022-06-30 00:00:00","REPORT_TYPE_SQ":"2022年中报","OPERATE_INCOME_SQ":300862000,"DPS_HKD":null,"OPERATE_INCOME_QOQ_SQ":8.017774152488,"NET_PROFIT_RATIO_SQ":0.7112895613,"HOLDER_PROFIT_SQ":2082000,"HOLDER_PROFIT_QOQ_SQ":-4.601630850251,"ROE_AVG_SQ":0.238554510909,"PE_TTM_SQ":-7.625107080278,"PB_TTM_SQ":0.057863027956,"ROA_SQ":0.212302642413,"START_DATE":"2023-01-01 00:00:00","FISCAL_YEAR":"12-31","CURRENCY":"HKD","IS_CNY_CODE":0,"DPS_HKD_LY":null,"ORG_TYPE":"一般企业","PREMIUM_INCOME":null,"PREMIUM_INCOME_YOY":null,"NET_INTEREST_INCOME":null,"NET_INTEREST_INCOME_YOY":null,"FEE_COMMISSION_INCOME":null,"FEE_COMMISSION_INCOME_YOY":null,"ACCOUNTS_RECE_TDAYS":1.186530125024,"INVENTORY_TDAYS":1.823228439778,"CURRENT_ASSETS_TDAYS":0.314611017006,"TOTAL_ASSETS_TDAYS":0.172663525207,"PREMIUM_EXPENSE":null,"LOAN_DEPOSIT":null,"LOAN_EQUITY":null,"LOAN_ASSETS":null,"DEPOSIT_EQUITY":null,"DEPOSIT_ASSETS":null,"EQUITY_MULTIPLIER":1.203469720432,"EQUITY_RATIO":0.203767236036},{"SECUCODE":"01237.HK","SECURITY_CODE":"01237","SECURITY_NAME_ABBR":"中科生物","ORG_CODE":"10266549","STD_REPORT_DATE":"2022-12-31 00:00:00","REPORT_DATE":"2022-12-31 00:00:00","DATE_TYPE_CODE":"001","REPORT_TYPE":"2022年年报","PER_NETCASH_OPERATE":0.222483786197,"PER_OI":0.504723120551,"BPS":9.545486755377,"BASIC_EPS":-0.08,"DILUTED_EPS":-0.08,"OPERATE_INCOME":465037000,"OPERATE_INCOME_YOY":-23.5229593767,"GROSS_PROFIT":53873000,"GROSS_PROFIT_YOY":-55.727129285691,"HOLDER_PROFIT":-6558000,"HOLDER_PROFIT_YOY":-113.9259322178,"GROSS_PROFIT_RATIO":11.584669606935,"EPS_TTM":-0.007117657788,"OPERATE_INCOME_QOQ":-29.199577362719,"NET_PROFIT_RATIO":-1.4588086539,"ROE_AVG":-0.749757769248,"GROSS_PROFIT_QOQ":-52.457309270617,"ROA":-0.653849566742,"HOLDER_PROFIT_QOQ":-114.597662771285,"ROE_YEARLY":-0.749757769248,"ROIC_YEARLY":-0.788792839041,"TOTAL_ASSETS":1016591000,"TOTAL_LIABILITIES":136214000,"TAX_EBT":5.02589948201,"OCF_SALES":44.080363497958,"TOTAL_PARENT_EQUITY":879493000,"DEBT_ASSET_RATIO":13.3990956048,"OPERATE_PROFIT":-6130000,"PRETAX_PROFIT":-7143000,"NETCASH_OPERATE":204990000,"NETCASH_INVEST":-160443000,"NETCASH_FINANCE":-547000,"END_CASH":113914000,"DIVI_RATIO":null,"DIVIDEND_RATE":null,"CURRENT_RATIO":4.343676652254,"COMMON_ACS":200000000,"CURRENTDEBT_DEBT":95.08567401295,"ISSUED_COMMON_SHARES":92137051,"HK_COMMON_SHARES":92137051,"PER_SHARES":10000,"TOTAL_MARKET_CAP":26719744.79,"HKSK_MARKET_CAP":26719744.79,"PE_TTM":-3.809593537103,"PB_TTM":0.027817155151,"REPORT_DATE_SQ":"2021-12-31 00:00:00","REPORT_TYPE_SQ":"2021年年报","OPERATE_INCOME_SQ":608074000,"DPS_HKD":null,"OPERATE_INCOME_QOQ_SQ":32.651685540326,"NET_PROFIT_RATIO_SQ":7.8464134299,"HOLDER_PROFIT_SQ":47092000,"HOLDER_PROFIT_QOQ_SQ":177.38013079628,"ROE_AVG_SQ":5.597946833057,"PE_TTM_SQ":-7.625107080278,"PB_TTM_SQ":0.057863027956,"ROA_SQ":5.041287234652,"START_DATE":"2022-01-01 00:00:00","FISCAL_YEAR":"12-31","CURRENCY":"HKD","IS_CNY_CODE":0,"DPS_HKD_LY":null,"ORG_TYPE":"一般企业","PREMIUM_INCOME":null,"PREMIUM_INCOME_YOY":null,"NET_INTEREST_INCOME":null,"NET_INTEREST_INCOME_YOY":null,"FEE_COMMISSION_INCOME":null,"FEE_COMMISSION_INCOME_YOY":null,"ACCOUNTS_RECE_TDAYS":2.658258093466,"INVENTORY_TDAYS":3.680620890606,"CURRENT_ASSETS_TDAYS":0.855746432143,"TOTAL_ASSETS_TDAYS":0.463653920356,"PREMIUM_EXPENSE":null,"LOAN_DEPOSIT":null,"LOAN_EQUITY":null,"LOAN_ASSETS":null,"DEPOSIT_EQUITY":null,"DEPOSIT_ASSETS":null,"EQUITY_MULTIPLIER":1.154722351901,"EQUITY_RATIO":0.154877867135},{"SECUCODE":"01237.HK","SECURITY_CODE":"01237","SECURITY_NAME_ABBR":"中科生物","ORG_CODE":"10266549","STD_REPORT_DATE":"2022-06-30 00:00:00","REPORT_DATE":"2022-06-30 00:00:00","DATE_TYPE_CODE":"002","REPORT_TYPE":"2022年中报","PER_NETCASH_OPERATE":0.172121867706,"PER_OI":0.353801945532,"BPS":9.503679469837,"BASIC_EPS":0.0025,"DILUTED_EPS":0.0025,"OPERATE_INCOME":300862000,"OPERATE_INCOME_YOY":19.3385374522,"GROSS_PROFIT":28505000,"GROSS_PROFIT_YOY":-22.696208710745,"HOLDER_PROFIT":2082000,"HOLDER_PROFIT_YOY":-51.0002353495,"GROSS_PROFIT_RATIO":9.474443432537,"EPS_TTM":0.05283004302,"OPERATE_INCOME_QOQ":8.017774152488,"NET_PROFIT_RATIO":0.7112895613,"ROE_AVG":0.238554510909,"GROSS_PROFIT_QOQ":-6.877650307353,"ROA":0.212302642413,"HOLDER_PROFIT_QOQ":-4.601630850251,"ROE_YEARLY":0.477109021818,"ROIC_YEARLY":0.471187037151,"TOTAL_ASSETS":971976000,"TOTAL_LIABILITIES":95166000,"TAX_EBT":-42.1926910299,"OCF_SALES":48.649214590078,"TOTAL_PARENT_EQUITY":875641000,"DEBT_ASSET_RATIO":9.7909824934,"OPERATE_PROFIT":2178000,"PRETAX_PROFIT":1505000,"NETCASH_OPERATE":146367000,"NETCASH_INVEST":-84739000,"NETCASH_FINANCE":-43579000,"END_CASH":80095000,"DIVI_RATIO":null,"DIVIDEND_RATE":null,"CURRENT_RATIO":5.551200954461,"COMMON_ACS":200000000,"CURRENTDEBT_DEBT":93.358972742366,"ISSUED_COMMON_SHARES":92137051,"HK_COMMON_SHARES":92137051,"PER_SHARES":10000,"TOTAL_MARKET_CAP":26719744.79,"HKSK_MARKET_CAP":26719744.79,"PE_TTM":-3.809593537103,"PB_TTM":0.027817155151,"REPORT_DATE_SQ":"2021-06-30 00:00:00","REPORT_TYPE_SQ":"2021年中报","OPERATE_INCOME_SQ":252108000,"DPS_HKD":null,"OPERATE_INCOME_QOQ_SQ":-6.940877689108,"NET_PROFIT_RATIO_SQ":1.6853888016,"HOLDER_PROFIT_SQ":4249000,"HOLDER_PROFIT_QOQ_SQ":34.630876808559,"ROE_AVG_SQ":0.519425270424,"PE_TTM_SQ":-7.625107080278,"PB_TTM_SQ":0.057863027956,"ROA_SQ":0.466438698275,"START_DATE":"2022-01-01 00:00:00","FISCAL_YEAR":"12-31","CURRENCY":"HKD","IS_CNY_CODE":0,"DPS_HKD_LY":null,"ORG_TYPE":"一般企业","PREMIUM_INCOME":null,"PREMIUM_INCOME_YOY":null,"NET_INTEREST_INCOME":null,"NET_INTEREST_INCOME_YOY":null,"FEE_COMMISSION_INCOME":null,"FEE_COMMISSION_INCOME_YOY":null,"ACCOUNTS_RECE_TDAYS":1.425626129829,"INVENTORY_TDAYS":2.664341684357,"CURRENT_ASSETS_TDAYS":0.591394700167,"TOTAL_ASSETS_TDAYS":0.306790574456,"PREMIUM_EXPENSE":null,"LOAN_DEPOSIT":null,"LOAN_EQUITY":null,"LOAN_ASSETS":null,"DEPOSIT_EQUITY":null,"DEPOSIT_ASSETS":null,"EQUITY_MULTIPLIER":1.108536627091,"EQUITY_RATIO":0.108681525876},{"SECUCODE":"01237.HK","SECURITY_CODE":"01237","SECURITY_NAME_ABBR":"中科生物","ORG_CODE":"10266549","STD_REPORT_DATE":"2021-12-31 00:00:00","REPORT_DATE":"2021-12-31 00:00:00","DATE_TYPE_CODE":"001","REPORT_TYPE":"2021年年报","PER_NETCASH_OPERATE":-0.115622826707,"PER_OI":0.715071242721,"BPS":9.4410662221,"BASIC_EPS":0.057,"DILUTED_EPS":0.057,"OPERATE_INCOME":608074000,"OPERATE_INCOME_YOY":23.4444942944,"GROSS_PROFIT":121684000,"GROSS_PROFIT_YOY":1556.01524224279,"HOLDER_PROFIT":47092000,"HOLDER_PROFIT_YOY":150.5827130259,"GROSS_PROFIT_RATIO":20.011380193858,"EPS_TTM":0.05537835027,"OPERATE_INCOME_QOQ":32.651685540326,"NET_PROFIT_RATIO":7.8464134299,"ROE_AVG":5.597946833057,"GROSS_PROFIT_QOQ":170.715700015573,"ROA":5.041287234652,"HOLDER_PROFIT_QOQ":177.38013079628,"ROE_YEARLY":5.597946833057,"ROIC_YEARLY":5.663182996982,"TOTAL_ASSETS":989375000,"TOTAL_LIABILITIES":113983000,"TAX_EBT":-26.598726782112,"OCF_SALES":-16.169413591109,"TOTAL_PARENT_EQUITY":869872000,"DEBT_ASSET_RATIO":11.5207075174,"OPERATE_PROFIT":39416000,"PRETAX_PROFIT":38171000,"NETCASH_OPERATE":-35877000,"NETCASH_INVEST":-106220000,"NETCASH_FINANCE":57914000,"END_CASH":61671000,"DIVI_RATIO":null,"DIVIDEND_RATE":null,"CURRENT_RATIO":4.920679913274,"COMMON_ACS":200000000,"CURRENTDEBT_DEBT":93.472710842845,"ISSUED_COMMON_SHARES":92137051,"HK_COMMON_SHARES":92137051,"PER_SHARES":10000,"TOTAL_MARKET_CAP":26719744.79,"HKSK_MARKET_CAP":26719744.79,"PE_TTM":-3.809593537103,"PB_TTM":0.027817155151,"REPORT_DATE_SQ":"2020-12-31 00:00:00","REPORT_TYPE_SQ":"2020年年报","OPERATE_INCOME_SQ":492589000,"DPS_HKD":null,"OPERATE_INCOME_QOQ_SQ":-17.398099409566,"NET_PROFIT_RATIO_SQ":-18.8999348341,"HOLDER_PROFIT_SQ":-93099000,"HOLDER_PROFIT_QOQ_SQ":-19.679907443116,"ROE_AVG_SQ":-10.964206956046,"PE_TTM_SQ":-7.625107080278,"PB_TTM_SQ":0.057863027956,"ROA_SQ":-10.008907055388,"START_DATE":"2021-01-01 00:00:00","FISCAL_YEAR":"12-31","CURRENCY":"HKD","IS_CNY_CODE":0,"DPS_HKD_LY":null,"ORG_TYPE":"一般企业","PREMIUM_INCOME":null,"PREMIUM_INCOME_YOY":null,"NET_INTEREST_INCOME":null,"NET_INTEREST_INCOME_YOY":null,"FEE_COMMISSION_INCOME":null,"FEE_COMMISSION_INCOME_YOY":null,"ACCOUNTS_RECE_TDAYS":3.362069632816,"INVENTORY_TDAYS":3.911758437516,"CURRENT_ASSETS_TDAYS":1.28346578017,"TOTAL_ASSETS_TDAYS":0.650954661922,"PREMIUM_EXPENSE":null,"LOAN_DEPOSIT":null,"LOAN_EQUITY":null,"LOAN_ASSETS":null,"DEPOSIT_EQUITY":null,"DEPOSIT_ASSETS":null,"EQUITY_MULTIPLIER":1.130207952552,"EQUITY_RATIO":0.131034221127},{"SECUCODE":"01237.HK","SECURITY_CODE":"01237","SECURITY_NAME_ABBR":"中科生物","ORG_CODE":"10266549","STD_REPORT_DATE":"2021-06-30 00:00:00","REPORT_DATE":"2021-06-30 00:00:00","DATE_TYPE_CODE":"002","REPORT_TYPE":"2021年中报","PER_NETCASH_OPERATE":-0.041697221267,"PER_OI":0.296469148261,"BPS":8.937088728833,"BASIC_EPS":0.0053,"DILUTED_EPS":0.0053,"OPERATE_INCOME":252108000,"OPERATE_INCOME_YOY":-11.942102285,"GROSS_PROFIT":36874000,"GROSS_PROFIT_YOY":1113.85757492439,"HOLDER_PROFIT":4249000,"HOLDER_PROFIT_YOY":115.1793369534,"GROSS_PROFIT_RATIO":14.626271280562,"EPS_TTM":-0.071566627893,"OPERATE_INCOME_QOQ":-6.940877689108,"NET_PROFIT_RATIO":1.6853888016,"ROE_AVG":0.519425270424,"GROSS_PROFIT_QOQ":912.821090581343,"ROA":0.466438698275,"HOLDER_PROFIT_QOQ":34.630876808559,"ROE_YEARLY":1.038850540849,"ROIC_YEARLY":1.11979338244,"TOTAL_ASSETS":943012000,"TOTAL_LIABILITIES":118875000,"TAX_EBT":21.619627375023,"OCF_SALES":-14.064607231821,"TOTAL_PARENT_EQUITY":823437000,"DEBT_ASSET_RATIO":12.6058841245,"OPERATE_PROFIT":5530000,"PRETAX_PROFIT":5421000,"NETCASH_OPERATE":-35458000,"NETCASH_INVEST":6648000,"NETCASH_FINANCE":56330000,"END_CASH":165441000,"DIVI_RATIO":null,"DIVIDEND_RATE":null,"CURRENT_RATIO":4.490639359563,"COMMON_ACS":200000000,"CURRENTDEBT_DEBT":93.73207150368,"ISSUED_COMMON_SHARES":92137051,"HK_COMMON_SHARES":92137051,"PER_SHARES":10000,"TOTAL_MARKET_CAP":26719744.79,"HKSK_MARKET_CAP":26719744.79,"PE_TTM":-3.809593537103,"PB_TTM":0.027817155151,"REPORT_DATE_SQ":"2020-06-30 00:00:00","REPORT_TYPE_SQ":"2020年中报","OPERATE_INCOME_SQ":286298000,"DPS_HKD":null,"OPERATE_INCOME_QOQ_SQ":-14.078339951473,"NET_PROFIT_RATIO_SQ":-9.7772251291,"HOLDER_PROFIT_SQ":-27992000,"HOLDER_PROFIT_QOQ_SQ":-20.65890090118,"ROE_AVG_SQ":-3.185756509052,"PE_TTM_SQ":-7.625107080278,"PB_TTM_SQ":0.057863027956,"ROA_SQ":-2.884808123468,"START_DATE":"2021-01-01 00:00:00","FISCAL_YEAR":"12-31","CURRENCY":"HKD","IS_CNY_CODE":0,"DPS_HKD_LY":null,"ORG_TYPE":"一般企业","PREMIUM_INCOME":null,"PREMIUM_INCOME_YOY":null,"NET_INTEREST_INCOME":null,"NET_INTEREST_INCOME_YOY":null,"FEE_COMMISSION_INCOME":null,"FEE_COMMISSION_INCOME_YOY":null,"ACCOUNTS_RECE_TDAYS":1.451566098572,"INVENTORY_TDAYS":2.048715947381,"CURRENT_ASSETS_TDAYS":0.545894499113,"TOTAL_ASSETS_TDAYS":0.276754359484,"PREMIUM_EXPENSE":null,"LOAN_DEPOSIT":null,"LOAN_EQUITY":null,"LOAN_ASSETS":null,"DEPOSIT_EQUITY":null,"DEPOSIT_ASSETS":null,"EQUITY_MULTIPLIER":1.14424179475,"EQUITY_RATIO":0.144364414035},{"SECUCODE":"01237.HK","SECURITY_CODE":"01237","SECURITY_NAME_ABBR":"中科生物","ORG_CODE":"10266549","STD_REPORT_DATE":"2020-12-31 00:00:00","REPORT_DATE":"2020-12-31 00:00:00","DATE_TYPE_CODE":"001","REPORT_TYPE":"2020年年报","PER_NETCASH_OPERATE":0.115228011367,"PER_OI":0.628502390557,"BPS":8.819492171504,"BASIC_EPS":-0.128,"DILUTED_EPS":-0.128,"OPERATE_INCOME":492589000,"OPERATE_INCOME_YOY":-29.0270757811,"GROSS_PROFIT":7348000,"GROSS_PROFIT_YOY":-14.795918367347,"HOLDER_PROFIT":-93099000,"HOLDER_PROFIT_YOY":-44.4044609204,"GROSS_PROFIT_RATIO":0.900953939288,"EPS_TTM":-0.118786542246,"OPERATE_INCOME_QOQ":-17.398099409566,"NET_PROFIT_RATIO":-18.8999348341,"ROE_AVG":-10.964206956046,"GROSS_PROFIT_QOQ":153.463438139983,"ROA":-10.008907055388,"HOLDER_PROFIT_QOQ":-19.679907443116,"ROE_YEARLY":-10.964206956046,"ROIC_YEARLY":-11.309883194742,"TOTAL_ASSETS":878878000,"TOTAL_LIABILITIES":66276000,"TAX_EBT":4.211053632404,"OCF_SALES":18.333742734815,"TOTAL_PARENT_EQUITY":812602000,"DEBT_ASSET_RATIO":7.5409783838,"OPERATE_PROFIT":-57949000,"PRETAX_PROFIT":-97814000,"NETCASH_OPERATE":60726000,"NETCASH_INVEST":-789000,"NETCASH_FINANCE":-385000,"END_CASH":137969000,"DIVI_RATIO":null,"DIVIDEND_RATE":null,"CURRENT_RATIO":7.082743503506,"COMMON_ACS":200000000,"CURRENTDEBT_DEBT":82.523085279739,"ISSUED_COMMON_SHARES":92137051,"HK_COMMON_SHARES":92137051,"PER_SHARES":10000,"TOTAL_MARKET_CAP":26719744.79,"HKSK_MARKET_CAP":26719744.79,"PE_TTM":-3.809593537103,"PB_TTM":0.027817155151,"REPORT_DATE_SQ":"2019-12-31 00:00:00","REPORT_TYPE_SQ":"2019年年报","OPERATE_INCOME_SQ":694052000,"DPS_HKD":null,"OPERATE_INCOME_QOQ_SQ":-1.511836141597,"NET_PROFIT_RATIO_SQ":-9.2890734412,"HOLDER_PROFIT_SQ":-64471000,"HOLDER_PROFIT_QOQ_SQ":69.317348968694,"ROE_AVG_SQ":-7.022292464632,"PE_TTM_SQ":-7.625107080278,"PB_TTM_SQ":0.057863027956,"ROA_SQ":-5.999182999694,"START_DATE":"2020-01-01 00:00:00","FISCAL_YEAR":"12-31","CURRENCY":"HKD","IS_CNY_CODE":0,"DPS_HKD_LY":null,"ORG_TYPE":"一般企业","PREMIUM_INCOME":null,"PREMIUM_INCOME_YOY":null,"NET_INTEREST_INCOME":null,"NET_INTEREST_INCOME_YOY":null,"FEE_COMMISSION_INCOME":null,"FEE_COMMISSION_INCOME_YOY":null,"ACCOUNTS_RECE_TDAYS":3.523148446161,"INVENTORY_TDAYS":2.8669231221,"CURRENT_ASSETS_TDAYS":1.121739714594,"TOTAL_ASSETS_TDAYS":0.529573627805,"PREMIUM_EXPENSE":null,"LOAN_DEPOSIT":null,"LOAN_EQUITY":null,"LOAN_ASSETS":null,"DEPOSIT_EQUITY":null,"DEPOSIT_ASSETS":null,"EQUITY_MULTIPLIER":1.081560222594,"EQUITY_RATIO":0.081560222594},{"SECUCODE":"01237.HK","SECURITY_CODE":"01237","SECURITY_NAME_ABBR":"中科生物","ORG_CODE":"10266549","STD_REPORT_DATE":"2020-06-30 00:00:00","REPORT_DATE":"2020-06-30 00:00:00","DATE_TYPE_CODE":"002","REPORT_TYPE":"2020年中报","PER_NETCASH_OPERATE":0.089823211105,"PER_OI":0.386262608601,"BPS":9.460786844589,"BASIC_EPS":-0.0394,"DILUTED_EPS":-0.0394,"OPERATE_INCOME":286298000,"OPERATE_INCOME_YOY":-25.44497655,"GROSS_PROFIT":-3637000,"GROSS_PROFIT_YOY":-127.370559903672,"HOLDER_PROFIT":-27992000,"HOLDER_PROFIT_YOY":-90.7721665644,"GROSS_PROFIT_RATIO":-1.270354665419,"EPS_TTM":-0.104951373475,"OPERATE_INCOME_QOQ":-14.078339951473,"NET_PROFIT_RATIO":-9.7772251291,"ROE_AVG":-3.185756509052,"GROSS_PROFIT_QOQ":-196.254638218924,"ROA":-2.884808123468,"HOLDER_PROFIT_QOQ":-20.65890090118,"ROE_YEARLY":-6.371513018104,"ROIC_YEARLY":-6.404206020416,"TOTAL_ASSETS":959204000,"TOTAL_LIABILITIES":87515000,"TAX_EBT":2.095064880557,"OCF_SALES":23.254441176676,"TOTAL_PARENT_EQUITY":871689000,"DEBT_ASSET_RATIO":9.1237109103,"OPERATE_PROFIT":-26922000,"PRETAX_PROFIT":-28591000,"NETCASH_OPERATE":66577000,"NETCASH_INVEST":-3905000,"NETCASH_FINANCE":-22782000,"END_CASH":116274000,"DIVI_RATIO":null,"DIVIDEND_RATE":null,"CURRENT_RATIO":5.49337744257,"COMMON_ACS":200000000,"CURRENTDEBT_DEBT":92.568131177512,"ISSUED_COMMON_SHARES":92137051,"HK_COMMON_SHARES":92137051,"PER_SHARES":10000,"TOTAL_MARKET_CAP":26719744.79,"HKSK_MARKET_CAP":26719744.79,"PE_TTM":-3.809593537103,"PB_TTM":0.027817155151,"REPORT_DATE_SQ":"2019-06-30 00:00:00","REPORT_TYPE_SQ":"2019年中报","OPERATE_INCOME_SQ":384009000,"DPS_HKD":null,"OPERATE_INCOME_QOQ_SQ":11.032226959473,"NET_PROFIT_RATIO_SQ":-3.8210041952,"HOLDER_PROFIT_SQ":-14673000,"HOLDER_PROFIT_QOQ_SQ":-13.621837333925,"ROE_AVG_SQ":-1.55700034699,"PE_TTM_SQ":-7.625107080278,"PB_TTM_SQ":0.057863027956,"ROA_SQ":-1.317086897844,"START_DATE":"2020-01-01 00:00:00","FISCAL_YEAR":"12-31","CURRENCY":"HKD","IS_CNY_CODE":0,"DPS_HKD_LY":null,"ORG_TYPE":"一般企业","PREMIUM_INCOME":null,"PREMIUM_INCOME_YOY":null,"NET_INTEREST_INCOME":null,"NET_INTEREST_INCOME_YOY":null,"FEE_COMMISSION_INCOME":null,"FEE_COMMISSION_INCOME_YOY":null,"ACCOUNTS_RECE_TDAYS":1.889606103807,"INVENTORY_TDAYS":1.601541138454,"CURRENT_ASSETS_TDAYS":0.636219898511,"TOTAL_ASSETS_TDAYS":0.295053871153,"PREMIUM_EXPENSE":null,"LOAN_DEPOSIT":null,"LOAN_EQUITY":null,"LOAN_ASSETS":null,"DEPOSIT_EQUITY":null,"DEPOSIT_ASSETS":null,"EQUITY_MULTIPLIER":1.100397045277,"EQUITY_RATIO":0.100397045276}],"count":29},"success":true,"message":"ok","code":0}