{"version":"b7e46aa6c3557a5992dad6c77c033d96","result":{"pages":3,"data":[{"SECUCODE":"01233.HK","SECURITY_CODE":"01233","SECURITY_NAME_ABBR":"时代中国控股","ORG_CODE":"10356103","STD_REPORT_DATE":"2024-06-30 00:00:00","REPORT_DATE":"2024-06-30 00:00:00","DATE_TYPE_CODE":"002","REPORT_TYPE":"2024年中报","PER_NETCASH_OPERATE":0.301150523288,"PER_OI":2.89797388876,"BPS":-1.189048876603,"BASIC_EPS":-1.44,"DILUTED_EPS":-1.44,"OPERATE_INCOME":6091008000,"OPERATE_INCOME_YOY":-38.6741861755,"GROSS_PROFIT":537287000,"GROSS_PROFIT_YOY":-29.298946498549,"HOLDER_PROFIT":-3017883000,"HOLDER_PROFIT_YOY":-78.6279210171,"GROSS_PROFIT_RATIO":8.820986608456,"EPS_TTM":-2.776204906485,"OPERATE_INCOME_QOQ":-18.282019834263,"NET_PROFIT_RATIO":-46.4842929118,"ROE_AVG":323.498442205642,"GROSS_PROFIT_QOQ":-8.60431253222,"ROA":-2.555646046829,"HOLDER_PROFIT_QOQ":-29.476382667553,"ROE_YEARLY":646.996884411283,"ROIC_YEARLY":-5.676325114871,"TOTAL_ASSETS":115066605000,"TOTAL_LIABILITIES":107354921000,"TAX_EBT":-6.470278998442,"OCF_SALES":10.391761100954,"TOTAL_PARENT_EQUITY":-2499162000,"DEBT_ASSET_RATIO":93.2980694095,"OPERATE_PROFIT":-2020045000,"PRETAX_PROFIT":-2659298000,"NETCASH_OPERATE":632963000,"NETCASH_INVEST":-54006000,"NETCASH_FINANCE":-770651000,"END_CASH":1541204000,"DIVI_RATIO":null,"DIVIDEND_RATE":null,"CURRENT_RATIO":1.022484600131,"COMMON_ACS":10000000000,"CURRENTDEBT_DEBT":81.264090353157,"ISSUED_COMMON_SHARES":2101816039,"HK_COMMON_SHARES":2101816039,"PER_SHARES":1000,"TOTAL_MARKET_CAP":609526651.31,"HKSK_MARKET_CAP":609526651.31,"PE_TTM":-0.094541150837,"PB_TTM":-0.222595727735,"REPORT_DATE_SQ":"2023-06-30 00:00:00","REPORT_TYPE_SQ":"2023年中报","OPERATE_INCOME_SQ":9932209000,"DPS_HKD":null,"OPERATE_INCOME_QOQ_SQ":14.060512113129,"NET_PROFIT_RATIO_SQ":-14.1929655326,"HOLDER_PROFIT_SQ":-1689480000,"HOLDER_PROFIT_QOQ_SQ":-17.242176805297,"ROE_AVG_SQ":-39.457504850213,"PE_TTM_SQ":-0.040308344718,"PB_TTM_SQ":0.169201635193,"ROA_SQ":-1.171956745731,"START_DATE":"2024-01-01 00:00:00","FISCAL_YEAR":"12-31","CURRENCY":"HKD","IS_CNY_CODE":0,"DPS_HKD_LY":null,"ORG_TYPE":"一般企业","PREMIUM_INCOME":null,"PREMIUM_INCOME_YOY":null,"NET_INTEREST_INCOME":null,"NET_INTEREST_INCOME_YOY":null,"FEE_COMMISSION_INCOME":null,"FEE_COMMISSION_INCOME_YOY":null,"ACCOUNTS_RECE_TDAYS":6.843241002318,"INVENTORY_TDAYS":0.089984489696,"CURRENT_ASSETS_TDAYS":0.066505341291,"TOTAL_ASSETS_TDAYS":0.051580728996,"PREMIUM_EXPENSE":null,"LOAN_DEPOSIT":null,"LOAN_EQUITY":null,"LOAN_ASSETS":null,"DEPOSIT_EQUITY":null,"DEPOSIT_ASSETS":null,"EQUITY_MULTIPLIER":14.921073659245,"EQUITY_RATIO":-42.956367374344},{"SECUCODE":"01233.HK","SECURITY_CODE":"01233","SECURITY_NAME_ABBR":"时代中国控股","ORG_CODE":"10356103","STD_REPORT_DATE":"2023-12-31 00:00:00","REPORT_DATE":"2023-12-31 00:00:00","DATE_TYPE_CODE":"001","REPORT_TYPE":"2023年年报","PER_NETCASH_OPERATE":2.021301065921,"PER_OI":9.9965042659,"BPS":0.301350350481,"BASIC_EPS":-2.14,"DILUTED_EPS":-2.14,"OPERATE_INCOME":21010813000,"OPERATE_INCOME_YOY":-13.9736866294,"GROSS_PROFIT":2587714000,"GROSS_PROFIT_YOY":-23.045441514614,"HOLDER_PROFIT":-4506669000,"HOLDER_PROFIT_YOY":54.3061296436,"GROSS_PROFIT_RATIO":12.316105997421,"EPS_TTM":-2.144178613341,"OPERATE_INCOME_QOQ":-24.578356017522,"NET_PROFIT_RATIO":-20.6778338373,"ROE_AVG":-142.050199379749,"GROSS_PROFIT_QOQ":-20.684603081872,"ROA":-3.325531301499,"HOLDER_PROFIT_QOQ":61.314545374324,"ROE_YEARLY":-142.050199379749,"ROIC_YEARLY":-3.718663001948,"TOTAL_ASSETS":121107180000,"TOTAL_LIABILITIES":110449472000,"TAX_EBT":-12.041135053922,"OCF_SALES":20.220079061196,"TOTAL_PARENT_EQUITY":633383000,"DEBT_ASSET_RATIO":91.1997719706,"OPERATE_PROFIT":-3044238000,"PRETAX_PROFIT":-3877666000,"NETCASH_OPERATE":4248403000,"NETCASH_INVEST":56453000,"NETCASH_FINANCE":-5310543000,"END_CASH":1732847000,"DIVI_RATIO":null,"DIVIDEND_RATE":null,"CURRENT_RATIO":1.085827560692,"COMMON_ACS":10000000000,"CURRENTDEBT_DEBT":78.355406714846,"ISSUED_COMMON_SHARES":2101816039,"HK_COMMON_SHARES":2101816039,"PER_SHARES":1000,"TOTAL_MARKET_CAP":651562972.09,"HKSK_MARKET_CAP":651562972.09,"PE_TTM":-0.101061230205,"PB_TTM":-0.237947157234,"REPORT_DATE_SQ":"2022-12-31 00:00:00","REPORT_TYPE_SQ":"2022年年报","OPERATE_INCOME_SQ":24423705000,"DPS_HKD":null,"OPERATE_INCOME_QOQ_SQ":-33.076363082762,"NET_PROFIT_RATIO_SQ":-39.3860882286,"HOLDER_PROFIT_SQ":-9862743000,"HOLDER_PROFIT_QOQ_SQ":-700.356239785144,"ROE_AVG_SQ":-79.456258473621,"PE_TTM_SQ":-0.042089034646,"PB_TTM_SQ":0.176676406226,"ROA_SQ":-5.705256523108,"START_DATE":"2023-01-01 00:00:00","FISCAL_YEAR":"12-31","CURRENCY":"HKD","IS_CNY_CODE":0,"DPS_HKD_LY":null,"ORG_TYPE":"一般企业","PREMIUM_INCOME":null,"PREMIUM_INCOME_YOY":null,"NET_INTEREST_INCOME":null,"NET_INTEREST_INCOME_YOY":null,"FEE_COMMISSION_INCOME":null,"FEE_COMMISSION_INCOME_YOY":null,"ACCOUNTS_RECE_TDAYS":21.708558637445,"INVENTORY_TDAYS":0.259450905802,"CURRENT_ASSETS_TDAYS":0.198141732568,"TOTAL_ASSETS_TDAYS":0.155041597911,"PREMIUM_EXPENSE":null,"LOAN_DEPOSIT":null,"LOAN_EQUITY":null,"LOAN_ASSETS":null,"DEPOSIT_EQUITY":null,"DEPOSIT_ASSETS":null,"EQUITY_MULTIPLIER":11.363341911814,"EQUITY_RATIO":174.380228076851},{"SECUCODE":"01233.HK","SECURITY_CODE":"01233","SECURITY_NAME_ABBR":"时代中国控股","ORG_CODE":"10356103","STD_REPORT_DATE":"2023-06-30 00:00:00","REPORT_DATE":"2023-06-30 00:00:00","DATE_TYPE_CODE":"002","REPORT_TYPE":"2023年中报","PER_NETCASH_OPERATE":1.227179711326,"PER_OI":4.725536781385,"BPS":1.356801426521,"BASIC_EPS":-0.8,"DILUTED_EPS":-0.8,"OPERATE_INCOME":9932209000,"OPERATE_INCOME_YOY":52.8476352589,"GROSS_PROFIT":759942000,"GROSS_PROFIT_YOY":-11.637939053431,"HOLDER_PROFIT":-1689480000,"HOLDER_PROFIT_YOY":-7213.0010104412,"GROSS_PROFIT_RATIO":7.651288852258,"EPS_TTM":-5.54259639466,"OPERATE_INCOME_QOQ":14.060512113129,"NET_PROFIT_RATIO":-14.1929655326,"ROE_AVG":-39.457504850213,"GROSS_PROFIT_QOQ":-2.976519723123,"ROA":-1.171956745731,"HOLDER_PROFIT_QOQ":-17.242176805297,"ROE_YEARLY":-78.915009700425,"ROIC_YEARLY":-2.626612316162,"TOTAL_ASSETS":138390462000,"TOTAL_LIABILITIES":123573324000,"TAX_EBT":-24.797268345887,"OCF_SALES":25.969107174446,"TOTAL_PARENT_EQUITY":2851747000,"DEBT_ASSET_RATIO":89.2932375643,"OPERATE_PROFIT":-504790000,"PRETAX_PROFIT":-1129572000,"NETCASH_OPERATE":2579306000,"NETCASH_INVEST":71823000,"NETCASH_FINANCE":-3220119000,"END_CASH":2169667000,"DIVI_RATIO":null,"DIVIDEND_RATE":null,"CURRENT_RATIO":1.136894759818,"COMMON_ACS":10000000000,"CURRENTDEBT_DEBT":77.781707158739,"ISSUED_COMMON_SHARES":2101816039,"HK_COMMON_SHARES":2101816039,"PER_SHARES":1000,"TOTAL_MARKET_CAP":651562972.09,"HKSK_MARKET_CAP":651562972.09,"PE_TTM":-0.101061230205,"PB_TTM":-0.237947157234,"REPORT_DATE_SQ":"2022-06-30 00:00:00","REPORT_TYPE_SQ":"2022年中报","OPERATE_INCOME_SQ":6498111000,"DPS_HKD":null,"OPERATE_INCOME_QOQ_SQ":-16.36369044839,"NET_PROFIT_RATIO_SQ":0.4792931361,"HOLDER_PROFIT_SQ":23752000,"HOLDER_PROFIT_QOQ_SQ":-49.234093718464,"ROE_AVG_SQ":0.125742070519,"PE_TTM_SQ":-0.042089034646,"PB_TTM_SQ":0.176676406226,"ROA_SQ":0.012426573343,"START_DATE":"2023-01-01 00:00:00","FISCAL_YEAR":"12-31","CURRENCY":"HKD","IS_CNY_CODE":0,"DPS_HKD_LY":null,"ORG_TYPE":"一般企业","PREMIUM_INCOME":null,"PREMIUM_INCOME_YOY":null,"NET_INTEREST_INCOME":null,"NET_INTEREST_INCOME_YOY":null,"FEE_COMMISSION_INCOME":null,"FEE_COMMISSION_INCOME_YOY":null,"ACCOUNTS_RECE_TDAYS":8.685971821034,"INVENTORY_TDAYS":0.120911379508,"CURRENT_ASSETS_TDAYS":0.087361005514,"TOTAL_ASSETS_TDAYS":0.06889764506,"PREMIUM_EXPENSE":null,"LOAN_DEPOSIT":null,"LOAN_EQUITY":null,"LOAN_ASSETS":null,"DEPOSIT_EQUITY":null,"DEPOSIT_ASSETS":null,"EQUITY_MULTIPLIER":9.339891549902,"EQUITY_RATIO":43.332498990969},{"SECUCODE":"01233.HK","SECURITY_CODE":"01233","SECURITY_NAME_ABBR":"时代中国控股","ORG_CODE":"10356103","STD_REPORT_DATE":"2022-12-31 00:00:00","REPORT_DATE":"2022-12-31 00:00:00","DATE_TYPE_CODE":"001","REPORT_TYPE":"2022年年报","PER_NETCASH_OPERATE":-0.242952756343,"PER_OI":11.620286717205,"BPS":2.735092840349,"BASIC_EPS":-4.72,"DILUTED_EPS":-4.72,"OPERATE_INCOME":24423705000,"OPERATE_INCOME_YOY":-44.0275398647,"GROSS_PROFIT":3362652000,"GROSS_PROFIT_YOY":-72.101455678165,"HOLDER_PROFIT":-9862743000,"HOLDER_PROFIT_YOY":-404.7762860447,"GROSS_PROFIT_RATIO":13.767984832768,"EPS_TTM":-4.727476532498,"OPERATE_INCOME_QOQ":-33.076363082762,"NET_PROFIT_RATIO":-39.3860882286,"ROE_AVG":-79.456258473621,"GROSS_PROFIT_QOQ":-59.802129022101,"ROA":-5.705256523108,"HOLDER_PROFIT_QOQ":-700.356239785144,"ROE_YEARLY":-79.456258473621,"ROIC_YEARLY":-6.775207096934,"TOTAL_ASSETS":149906947000,"TOTAL_LIABILITIES":130037359000,"TAX_EBT":-10.555414198925,"OCF_SALES":-2.090763870592,"TOTAL_PARENT_EQUITY":5711795000,"DEBT_ASSET_RATIO":86.722598958,"OPERATE_PROFIT":-7177736000,"PRETAX_PROFIT":-8634583000,"NETCASH_OPERATE":-510642000,"NETCASH_INVEST":1574730000,"NETCASH_FINANCE":-13045246000,"END_CASH":2738415000,"DIVI_RATIO":null,"DIVIDEND_RATE":null,"CURRENT_RATIO":1.048596181564,"COMMON_ACS":10000000000,"CURRENTDEBT_DEBT":86.616736810227,"ISSUED_COMMON_SHARES":2101816039,"HK_COMMON_SHARES":2101816039,"PER_SHARES":1000,"TOTAL_MARKET_CAP":651562972.09,"HKSK_MARKET_CAP":651562972.09,"PE_TTM":-0.101061230205,"PB_TTM":-0.237947157234,"REPORT_DATE_SQ":"2021-12-31 00:00:00","REPORT_TYPE_SQ":"2021年年报","OPERATE_INCOME_SQ":43635218000,"DPS_HKD":null,"OPERATE_INCOME_QOQ_SQ":17.013934095003,"NET_PROFIT_RATIO_SQ":10.8946424881,"HOLDER_PROFIT_SQ":3260190000,"HOLDER_PROFIT_QOQ_SQ":-35.230260883662,"ROE_AVG_SQ":17.140950417144,"PE_TTM_SQ":-0.042089034646,"PB_TTM_SQ":0.176676406226,"ROA_SQ":1.672340687959,"START_DATE":"2022-01-01 00:00:00","FISCAL_YEAR":"12-31","CURRENCY":"HKD","IS_CNY_CODE":0,"DPS_HKD_LY":0.0917,"ORG_TYPE":"一般企业","PREMIUM_INCOME":null,"PREMIUM_INCOME_YOY":null,"NET_INTEREST_INCOME":null,"NET_INTEREST_INCOME_YOY":null,"FEE_COMMISSION_INCOME":null,"FEE_COMMISSION_INCOME_YOY":null,"ACCOUNTS_RECE_TDAYS":7.462133583704,"INVENTORY_TDAYS":0.249354039868,"CURRENT_ASSETS_TDAYS":0.178156814269,"TOTAL_ASSETS_TDAYS":0.140237008345,"PREMIUM_EXPENSE":null,"LOAN_DEPOSIT":null,"LOAN_EQUITY":null,"LOAN_ASSETS":null,"DEPOSIT_EQUITY":null,"DEPOSIT_ASSETS":null,"EQUITY_MULTIPLIER":7.531594450124,"EQUITY_RATIO":22.766461156256},{"SECUCODE":"01233.HK","SECURITY_CODE":"01233","SECURITY_NAME_ABBR":"时代中国控股","ORG_CODE":"10356103","STD_REPORT_DATE":"2022-06-30 00:00:00","REPORT_DATE":"2022-06-30 00:00:00","DATE_TYPE_CODE":"002","REPORT_TYPE":"2022年中报","PER_NETCASH_OPERATE":-1.757434490679,"PER_OI":3.091664959932,"BPS":8.809942286295,"BASIC_EPS":0.01,"DILUTED_EPS":0.01,"OPERATE_INCOME":6498111000,"OPERATE_INCOME_YOY":-52.3544513109,"GROSS_PROFIT":860032000,"GROSS_PROFIT_YOY":-81.089586290724,"HOLDER_PROFIT":23752000,"HOLDER_PROFIT_YOY":-98.5418174607,"GROSS_PROFIT_RATIO":13.235107864424,"EPS_TTM":0.787445223221,"OPERATE_INCOME_QOQ":-16.36369044839,"NET_PROFIT_RATIO":0.4792931361,"ROE_AVG":0.125742070519,"GROSS_PROFIT_QOQ":-30.596960378391,"ROA":0.012426573343,"HOLDER_PROFIT_QOQ":-49.234093718464,"ROE_YEARLY":0.251484141038,"ROIC_YEARLY":0.030131312334,"TOTAL_ASSETS":183884501000,"TOTAL_LIABILITIES":142156229000,"TAX_EBT":57.648322658725,"OCF_SALES":-56.844273666609,"TOTAL_PARENT_EQUITY":18516878000,"DEBT_ASSET_RATIO":77.3073468546,"OPERATE_PROFIT":227010000,"PRETAX_PROFIT":73539000,"NETCASH_OPERATE":-3693804000,"NETCASH_INVEST":-255668000,"NETCASH_FINANCE":-5185109000,"END_CASH":5641916000,"DIVI_RATIO":null,"DIVIDEND_RATE":null,"CURRENT_RATIO":1.352315965532,"COMMON_ACS":10000000000,"CURRENTDEBT_DEBT":73.275502405174,"ISSUED_COMMON_SHARES":2101816039,"HK_COMMON_SHARES":2101816039,"PER_SHARES":1000,"TOTAL_MARKET_CAP":651562972.09,"HKSK_MARKET_CAP":651562972.09,"PE_TTM":-0.101061230205,"PB_TTM":-0.237947157234,"REPORT_DATE_SQ":"2021-06-30 00:00:00","REPORT_TYPE_SQ":"2021年中报","OPERATE_INCOME_SQ":13638443000,"DPS_HKD":null,"OPERATE_INCOME_QOQ_SQ":-3.333818600422,"NET_PROFIT_RATIO_SQ":14.1021669409,"HOLDER_PROFIT_SQ":1628877000,"HOLDER_PROFIT_QOQ_SQ":1.86833536051,"ROE_AVG_SQ":8.529189848262,"PE_TTM_SQ":-0.042089034646,"PB_TTM_SQ":0.176676406226,"ROA_SQ":0.808445545719,"START_DATE":"2022-01-01 00:00:00","FISCAL_YEAR":"12-31","CURRENCY":"HKD","IS_CNY_CODE":0,"DPS_HKD_LY":0.0917,"ORG_TYPE":"一般企业","PREMIUM_INCOME":null,"PREMIUM_INCOME_YOY":null,"NET_INTEREST_INCOME":null,"NET_INTEREST_INCOME_YOY":null,"FEE_COMMISSION_INCOME":null,"FEE_COMMISSION_INCOME_YOY":null,"ACCOUNTS_RECE_TDAYS":1.503166415237,"INVENTORY_TDAYS":0.063038094025,"CURRENT_ASSETS_TDAYS":0.043767264575,"TOTAL_ASSETS_TDAYS":0.033996822555,"PREMIUM_EXPENSE":null,"LOAN_DEPOSIT":null,"LOAN_EQUITY":null,"LOAN_ASSETS":null,"DEPOSIT_EQUITY":null,"DEPOSIT_ASSETS":null,"EQUITY_MULTIPLIER":4.40671257606,"EQUITY_RATIO":7.677116466394},{"SECUCODE":"01233.HK","SECURITY_CODE":"01233","SECURITY_NAME_ABBR":"时代中国控股","ORG_CODE":"10356103","STD_REPORT_DATE":"2021-12-31 00:00:00","REPORT_DATE":"2021-12-31 00:00:00","DATE_TYPE_CODE":"001","REPORT_TYPE":"2021年年报","PER_NETCASH_OPERATE":0.06500325458,"PER_OI":21.992271188933,"BPS":9.164477120064,"BASIC_EPS":1.66,"DILUTED_EPS":1.66,"OPERATE_INCOME":43635218000,"OPERATE_INCOME_YOY":13.1129017951,"GROSS_PROFIT":12053145000,"GROSS_PROFIT_YOY":8.56296891694,"HOLDER_PROFIT":3260190000,"HOLDER_PROFIT_YOY":-34.0201449448,"GROSS_PROFIT_RATIO":27.622515831134,"EPS_TTM":1.643144824152,"OPERATE_INCOME_QOQ":17.013934095003,"NET_PROFIT_RATIO":10.8946424881,"ROE_AVG":17.140950417144,"GROSS_PROFIT_QOQ":3.651609229277,"ROA":1.672340687959,"HOLDER_PROFIT_QOQ":-35.230260883662,"ROE_YEARLY":17.140950417144,"ROIC_YEARLY":2.165182119026,"TOTAL_ASSETS":198393048000,"TOTAL_LIABILITIES":155738236000,"TAX_EBT":47.991669741757,"OCF_SALES":0.295573176694,"TOTAL_PARENT_EQUITY":19262045000,"DEBT_ASSET_RATIO":78.499845418,"OPERATE_PROFIT":9620646000,"PRETAX_PROFIT":9140653000,"NETCASH_OPERATE":128974000,"NETCASH_INVEST":-12918086000,"NETCASH_FINANCE":-5991956000,"END_CASH":14718289000,"DIVI_RATIO":null,"DIVIDEND_RATE":null,"CURRENT_RATIO":1.432017585088,"COMMON_ACS":10000000000,"CURRENTDEBT_DEBT":69.982276542544,"ISSUED_COMMON_SHARES":2101816039,"HK_COMMON_SHARES":2101816039,"PER_SHARES":1000,"TOTAL_MARKET_CAP":651562972.09,"HKSK_MARKET_CAP":651562972.09,"PE_TTM":-0.101061230205,"PB_TTM":-0.237947157234,"REPORT_DATE_SQ":"2020-12-31 00:00:00","REPORT_TYPE_SQ":"2020年年报","OPERATE_INCOME_SQ":38576694000,"DPS_HKD":null,"OPERATE_INCOME_QOQ_SQ":-6.854203397679,"NET_PROFIT_RATIO_SQ":13.9099789111,"HOLDER_PROFIT_SQ":4941190000,"HOLDER_PROFIT_QOQ_SQ":-4.153350294493,"ROE_AVG_SQ":26.099003907834,"PE_TTM_SQ":-0.042089034646,"PB_TTM_SQ":0.176676406226,"ROA_SQ":2.802713215888,"START_DATE":"2021-01-01 00:00:00","FISCAL_YEAR":"12-31","CURRENCY":"HKD","IS_CNY_CODE":0,"DPS_HKD_LY":0.9257,"ORG_TYPE":"一般企业","PREMIUM_INCOME":null,"PREMIUM_INCOME_YOY":null,"NET_INTEREST_INCOME":null,"NET_INTEREST_INCOME_YOY":null,"FEE_COMMISSION_INCOME":null,"FEE_COMMISSION_INCOME_YOY":null,"ACCOUNTS_RECE_TDAYS":7.378063546563,"INVENTORY_TDAYS":0.373988112826,"CURRENT_ASSETS_TDAYS":0.270910479599,"TOTAL_ASSETS_TDAYS":0.223830361081,"PREMIUM_EXPENSE":null,"LOAN_DEPOSIT":null,"LOAN_EQUITY":null,"LOAN_ASSETS":null,"DEPOSIT_EQUITY":null,"DEPOSIT_ASSETS":null,"EQUITY_MULTIPLIER":4.651129349727,"EQUITY_RATIO":8.085238924527},{"SECUCODE":"01233.HK","SECURITY_CODE":"01233","SECURITY_NAME_ABBR":"时代中国控股","ORG_CODE":"10356103","STD_REPORT_DATE":"2021-06-30 00:00:00","REPORT_DATE":"2021-06-30 00:00:00","DATE_TYPE_CODE":"002","REPORT_TYPE":"2021年中报","PER_NETCASH_OPERATE":-0.638679106542,"PER_OI":7.034414285161,"BPS":9.238494064037,"BASIC_EPS":0.84,"DILUTED_EPS":0.84,"OPERATE_INCOME":13638443000,"OPERATE_INCOME_YOY":-8.6172084596,"GROSS_PROFIT":4547928000,"GROSS_PROFIT_YOY":13.08030096545,"HOLDER_PROFIT":1628877000,"HOLDER_PROFIT_YOY":6.0080999168,"GROSS_PROFIT_RATIO":33.346387120583,"EPS_TTM":2.596174693818,"OPERATE_INCOME_QOQ":-3.333818600422,"NET_PROFIT_RATIO":14.1021669409,"ROE_AVG":8.529189848262,"GROSS_PROFIT_QOQ":4.738334237338,"ROA":0.808445545719,"HOLDER_PROFIT_QOQ":1.86833536051,"ROE_YEARLY":17.058379696524,"ROIC_YEARLY":2.110448245215,"TOTAL_ASSETS":211462787000,"TOTAL_LIABILITIES":170602946000,"TAX_EBT":41.895953142541,"OCF_SALES":-9.079350186821,"TOTAL_PARENT_EQUITY":19417615000,"DEBT_ASSET_RATIO":80.6775264907,"OPERATE_PROFIT":3814051000,"PRETAX_PROFIT":3310124000,"NETCASH_OPERATE":-1238282000,"NETCASH_INVEST":-11231289000,"NETCASH_FINANCE":1107673000,"END_CASH":22159260000,"DIVI_RATIO":null,"DIVIDEND_RATE":null,"CURRENT_RATIO":1.511712925103,"COMMON_ACS":10000000000,"CURRENTDEBT_DEBT":71.528696813946,"ISSUED_COMMON_SHARES":2101816039,"HK_COMMON_SHARES":2101816039,"PER_SHARES":1000,"TOTAL_MARKET_CAP":651562972.09,"HKSK_MARKET_CAP":651562972.09,"PE_TTM":-0.101061230205,"PB_TTM":-0.237947157234,"REPORT_DATE_SQ":"2020-06-30 00:00:00","REPORT_TYPE_SQ":"2020年中报","OPERATE_INCOME_SQ":14924520000,"DPS_HKD":null,"OPERATE_INCOME_QOQ_SQ":-2.399040397038,"NET_PROFIT_RATIO_SQ":12.1330401246,"HOLDER_PROFIT_SQ":1536559000,"HOLDER_PROFIT_QOQ_SQ":-1.099542399287,"ROE_AVG_SQ":8.325939029211,"PE_TTM_SQ":-0.042089034646,"PB_TTM_SQ":0.176676406226,"ROA_SQ":0.924861811675,"START_DATE":"2021-01-01 00:00:00","FISCAL_YEAR":"12-31","CURRENCY":"HKD","IS_CNY_CODE":0,"DPS_HKD_LY":0.9257,"ORG_TYPE":"一般企业","PREMIUM_INCOME":null,"PREMIUM_INCOME_YOY":null,"NET_INTEREST_INCOME":null,"NET_INTEREST_INCOME_YOY":null,"FEE_COMMISSION_INCOME":null,"FEE_COMMISSION_INCOME_YOY":null,"ACCOUNTS_RECE_TDAYS":2.666582788762,"INVENTORY_TDAYS":0.101992292535,"CURRENT_ASSETS_TDAYS":0.077814443906,"TOTAL_ASSETS_TDAYS":0.067690430241,"PREMIUM_EXPENSE":null,"LOAN_DEPOSIT":null,"LOAN_EQUITY":null,"LOAN_ASSETS":null,"DEPOSIT_EQUITY":null,"DEPOSIT_ASSETS":null,"EQUITY_MULTIPLIER":5.175320848641,"EQUITY_RATIO":8.785988701496},{"SECUCODE":"01233.HK","SECURITY_CODE":"01233","SECURITY_NAME_ABBR":"时代中国控股","ORG_CODE":"10356103","STD_REPORT_DATE":"2020-12-31 00:00:00","REPORT_DATE":"2020-12-31 00:00:00","DATE_TYPE_CODE":"001","REPORT_TYPE":"2020年年报","PER_NETCASH_OPERATE":0.673494929936,"PER_OI":19.866285638136,"BPS":8.934053052966,"BASIC_EPS":2.54,"DILUTED_EPS":null,"OPERATE_INCOME":38576694000,"OPERATE_INCOME_YOY":-9.0888086863,"GROSS_PROFIT":11102446000,"GROSS_PROFIT_YOY":-10.720729464844,"HOLDER_PROFIT":4941190000,"HOLDER_PROFIT_YOY":-5.2072248463,"GROSS_PROFIT_RATIO":28.780190443484,"EPS_TTM":2.544621680964,"OPERATE_INCOME_QOQ":-6.854203397679,"NET_PROFIT_RATIO":13.9099789111,"ROE_AVG":26.099003907834,"GROSS_PROFIT_QOQ":-1.489251961507,"ROA":2.802713215888,"HOLDER_PROFIT_QOQ":-4.153350294493,"ROE_YEARLY":26.099003907834,"ROIC_YEARLY":3.808663671394,"TOTAL_ASSETS":191502387000,"TOTAL_LIABILITIES":155618973000,"TAX_EBT":41.178153567485,"OCF_SALES":3.390140171161,"TOTAL_PARENT_EQUITY":18777736000,"DEBT_ASSET_RATIO":81.2621583667,"OPERATE_PROFIT":10343524000,"PRETAX_PROFIT":9122478000,"NETCASH_OPERATE":1307804000,"NETCASH_INVEST":-7745028000,"NETCASH_FINANCE":14295428000,"END_CASH":33531747000,"DIVI_RATIO":null,"DIVIDEND_RATE":null,"CURRENT_RATIO":1.536065882307,"COMMON_ACS":10000000000,"CURRENTDEBT_DEBT":69.47057091811,"ISSUED_COMMON_SHARES":2101816039,"HK_COMMON_SHARES":2101816039,"PER_SHARES":1000,"TOTAL_MARKET_CAP":651562972.09,"HKSK_MARKET_CAP":651562972.09,"PE_TTM":-0.101061230205,"PB_TTM":-0.237947157234,"REPORT_DATE_SQ":"2019-12-31 00:00:00","REPORT_TYPE_SQ":"2019年年报","OPERATE_INCOME_SQ":42433383000,"DPS_HKD":null,"OPERATE_INCOME_QOQ_SQ":6.506846177596,"NET_PROFIT_RATIO_SQ":13.1039775924,"HOLDER_PROFIT_SQ":5212623000,"HOLDER_PROFIT_QOQ_SQ":8.396479074307,"ROE_AVG_SQ":28.927407848818,"PE_TTM_SQ":-0.042089034646,"PB_TTM_SQ":0.176676406226,"ROA_SQ":3.593050717928,"START_DATE":"2020-01-01 00:00:00","FISCAL_YEAR":"12-31","CURRENCY":"HKD","IS_CNY_CODE":0,"DPS_HKD_LY":0.9229,"ORG_TYPE":"一般企业","PREMIUM_INCOME":null,"PREMIUM_INCOME_YOY":null,"NET_INTEREST_INCOME":null,"NET_INTEREST_INCOME_YOY":null,"FEE_COMMISSION_INCOME":null,"FEE_COMMISSION_INCOME_YOY":null,"ACCOUNTS_RECE_TDAYS":6.185765906902,"INVENTORY_TDAYS":0.390980366165,"CURRENT_ASSETS_TDAYS":0.251052705789,"TOTAL_ASSETS_TDAYS":0.218812492738,"PREMIUM_EXPENSE":null,"LOAN_DEPOSIT":null,"LOAN_EQUITY":null,"LOAN_ASSETS":null,"DEPOSIT_EQUITY":null,"DEPOSIT_ASSETS":null,"EQUITY_MULTIPLIER":5.336793957223,"EQUITY_RATIO":8.287419367276},{"SECUCODE":"01233.HK","SECURITY_CODE":"01233","SECURITY_NAME_ABBR":"时代中国控股","ORG_CODE":"10356103","STD_REPORT_DATE":"2020-06-30 00:00:00","REPORT_DATE":"2020-06-30 00:00:00","DATE_TYPE_CODE":"002","REPORT_TYPE":"2020年中报","PER_NETCASH_OPERATE":1.372359395929,"PER_OI":7.68585243028,"BPS":8.479777806092,"BASIC_EPS":0.79,"DILUTED_EPS":0.79,"OPERATE_INCOME":14924520000,"OPERATE_INCOME_YOY":-6.38540446,"GROSS_PROFIT":4021857000,"GROSS_PROFIT_YOY":-22.465817333227,"HOLDER_PROFIT":1536559000,"HOLDER_PROFIT_YOY":-3.5959555147,"GROSS_PROFIT_RATIO":26.947982246665,"EPS_TTM":2.65488850031,"OPERATE_INCOME_QOQ":-2.399040397038,"NET_PROFIT_RATIO":12.1330401246,"ROE_AVG":8.325939029211,"GROSS_PROFIT_QOQ":-9.371035838373,"ROA":0.924861811675,"HOLDER_PROFIT_QOQ":-1.099542399287,"ROE_YEARLY":16.651878058422,"ROIC_YEARLY":2.535829040657,"TOTAL_ASSETS":171180529000,"TOTAL_LIABILITIES":137110351000,"TAX_EBT":40.560214361611,"OCF_SALES":17.855656329316,"TOTAL_PARENT_EQUITY":17822933000,"DEBT_ASSET_RATIO":80.0969314682,"OPERATE_PROFIT":3998922000,"PRETAX_PROFIT":3046441000,"NETCASH_OPERATE":2664871000,"NETCASH_INVEST":-2861833000,"NETCASH_FINANCE":5264971000,"END_CASH":31163579000,"DIVI_RATIO":null,"DIVIDEND_RATE":null,"CURRENT_RATIO":1.503094488089,"COMMON_ACS":10000000000,"CURRENTDEBT_DEBT":72.769605119018,"ISSUED_COMMON_SHARES":2101816039,"HK_COMMON_SHARES":2101816039,"PER_SHARES":1000,"TOTAL_MARKET_CAP":651562972.09,"HKSK_MARKET_CAP":651562972.09,"PE_TTM":-0.101061230205,"PB_TTM":-0.237947157234,"REPORT_DATE_SQ":"2019-06-30 00:00:00","REPORT_TYPE_SQ":"2019年中报","OPERATE_INCOME_SQ":15942514000,"DPS_HKD":null,"OPERATE_INCOME_QOQ_SQ":15.901031010609,"NET_PROFIT_RATIO_SQ":10.6624965172,"HOLDER_PROFIT_SQ":1593874000,"HOLDER_PROFIT_QOQ_SQ":9.312146099623,"ROE_AVG_SQ":9.203467567916,"PE_TTM_SQ":-0.042089034646,"PB_TTM_SQ":0.176676406226,"ROA_SQ":1.161439000123,"START_DATE":"2020-01-01 00:00:00","FISCAL_YEAR":"12-31","CURRENCY":"HKD","IS_CNY_CODE":0,"DPS_HKD_LY":0.9229,"ORG_TYPE":"一般企业","PREMIUM_INCOME":null,"PREMIUM_INCOME_YOY":null,"NET_INTEREST_INCOME":null,"NET_INTEREST_INCOME_YOY":null,"FEE_COMMISSION_INCOME":null,"FEE_COMMISSION_INCOME_YOY":null,"ACCOUNTS_RECE_TDAYS":2.578964648472,"INVENTORY_TDAYS":0.175506376014,"CURRENT_ASSETS_TDAYS":0.10249403899,"TOTAL_ASSETS_TDAYS":0.089831360889,"PREMIUM_EXPENSE":null,"LOAN_DEPOSIT":null,"LOAN_EQUITY":null,"LOAN_ASSETS":null,"DEPOSIT_EQUITY":null,"DEPOSIT_ASSETS":null,"EQUITY_MULTIPLIER":5.024350885404,"EQUITY_RATIO":7.692917377852}],"count":27},"success":true,"message":"ok","code":0}