{"version":"4ddb82c6a640329fd3fae1e6bddf77b0","result":{"pages":4,"data":[{"SECUCODE":"01235.HK","SECURITY_CODE":"01235","SECURITY_NAME_ABBR":"专业旅运","ORG_CODE":"10190981","STD_REPORT_DATE":"2024-06-30 00:00:00","REPORT_DATE":"2024-09-30 00:00:00","DATE_TYPE_CODE":"002","REPORT_TYPE":"2024年中报","PER_NETCASH_OPERATE":0.064290646453,"PER_OI":0.202498998939,"BPS":0.113237779798,"BASIC_EPS":0.00450895,"DILUTED_EPS":0.00450895,"OPERATE_INCOME":103245937.1,"OPERATE_INCOME_YOY":99.5642321771,"GROSS_PROFIT":37921171.29,"GROSS_PROFIT_YOY":36.892545224128,"HOLDER_PROFIT":2237340.99,"HOLDER_PROFIT_YOY":54.1951522685,"GROSS_PROFIT_RATIO":36.728971962617,"EPS_TTM":0.016050372456,"OPERATE_INCOME_QOQ":0,"NET_PROFIT_RATIO":2.1670014848,"ROE_AVG":3.741714613198,"GROSS_PROFIT_QOQ":0,"ROA":1.474254033995,"HOLDER_PROFIT_QOQ":0,"ROE_YEARLY":7.483429226396,"ROIC_YEARLY":7.161464910698,"TOTAL_ASSETS":165345000.08,"TOTAL_LIABILITIES":107455492.82,"TAX_EBT":null,"OCF_SALES":31.748624334003,"TOTAL_PARENT_EQUITY":57735301.17,"DEBT_ASSET_RATIO":64.9886557005,"OPERATE_PROFIT":3036326.93,"PRETAX_PROFIT":2668396.61,"NETCASH_OPERATE":32779164.71,"NETCASH_INVEST":-3839821.82,"NETCASH_FINANCE":-10481505.17,"END_CASH":63162273.39,"DIVI_RATIO":0.395370887338,"DIVIDEND_RATE":4.191616766467,"CURRENT_RATIO":1.43113092969,"COMMON_ACS":2000000000,"CURRENTDEBT_DEBT":94.665066550295,"ISSUED_COMMON_SHARES":509859000,"HK_COMMON_SHARES":509859000,"PER_SHARES":5000,"TOTAL_MARKET_CAP":85146453,"HKSK_MARKET_CAP":85146453,"PE_TTM":8.601520658652,"PB_TTM":1.329935382597,"REPORT_DATE_SQ":"2023-06-30 00:00:00","REPORT_TYPE_SQ":"2023年中报","OPERATE_INCOME_SQ":52644433.1,"DPS_HKD":0.007,"OPERATE_INCOME_QOQ_SQ":0,"NET_PROFIT_RATIO_SQ":2.6969386556,"HOLDER_PROFIT_SQ":1476466.67,"HOLDER_PROFIT_QOQ_SQ":0,"ROE_AVG_SQ":2.670362133634,"PE_TTM_SQ":20.171569530558,"PB_TTM_SQ":1.118404694866,"ROA_SQ":1.303240281383,"START_DATE":"2024-04-01 00:00:00","FISCAL_YEAR":"3-31","CURRENCY":"HKD","IS_CNY_CODE":0,"DPS_HKD_LY":0.007,"ORG_TYPE":"一般企业","PREMIUM_INCOME":null,"PREMIUM_INCOME_YOY":null,"NET_INTEREST_INCOME":null,"NET_INTEREST_INCOME_YOY":null,"FEE_COMMISSION_INCOME":null,"FEE_COMMISSION_INCOME_YOY":null,"ACCOUNTS_RECE_TDAYS":50.380638063806,"INVENTORY_TDAYS":53.519763575914,"CURRENT_ASSETS_TDAYS":0.785668700205,"TOTAL_ASSETS_TDAYS":0.680319807949,"PREMIUM_EXPENSE":null,"LOAN_DEPOSIT":null,"LOAN_EQUITY":null,"LOAN_ASSETS":null,"DEPOSIT_EQUITY":null,"DEPOSIT_ASSETS":null,"EQUITY_MULTIPLIER":2.856217091939,"EQUITY_RATIO":1.861174890274},{"SECUCODE":"01235.HK","SECURITY_CODE":"01235","SECURITY_NAME_ABBR":"专业旅运","ORG_CODE":"10190981","STD_REPORT_DATE":"2023-12-31 00:00:00","REPORT_DATE":"2024-03-31 00:00:00","DATE_TYPE_CODE":"001","REPORT_TYPE":"2023年年报","PER_NETCASH_OPERATE":0.049155710304,"PER_OI":0.28841063088,"BPS":0.121955804448,"BASIC_EPS":0.0163179,"DILUTED_EPS":0.0163179,"OPERATE_INCOME":147048755.85,"OPERATE_INCOME_YOY":302.7986093866,"GROSS_PROFIT":61482221,"GROSS_PROFIT_YOY":218.283723792458,"HOLDER_PROFIT":8183426.85,"HOLDER_PROFIT_YOY":509.5735027223,"GROSS_PROFIT_RATIO":41.810772654694,"EPS_TTM":0.006175321236,"OPERATE_INCOME_QOQ":0,"NET_PROFIT_RATIO":5.5626452619,"ROE_AVG":14.103585657371,"GROSS_PROFIT_QOQ":0,"ROA":6.981816494319,"HOLDER_PROFIT_QOQ":0,"ROE_YEARLY":14.103585657371,"ROIC_YEARLY":18.261450072827,"TOTAL_ASSETS":138906123.75,"TOTAL_LIABILITIES":76570839.2,"TAX_EBT":-50.458562614641,"OCF_SALES":17.043654096309,"TOTAL_PARENT_EQUITY":62180264.5,"DEBT_ASSET_RATIO":55.1241638114,"OPERATE_PROFIT":6056660.55,"PRETAX_PROFIT":5436580.35,"NETCASH_OPERATE":25062481.3,"NETCASH_INVEST":-19588732.4,"NETCASH_FINANCE":-7055678.65,"END_CASH":44940403.15,"DIVI_RATIO":1.027614557626,"DIVIDEND_RATE":4.375,"CURRENT_RATIO":1.716252607123,"COMMON_ACS":2000000000,"CURRENTDEBT_DEBT":89.687914377723,"ISSUED_COMMON_SHARES":509859000,"HK_COMMON_SHARES":509859000,"PER_SHARES":5000,"TOTAL_MARKET_CAP":81577440,"HKSK_MARKET_CAP":81577440,"PE_TTM":8.240977876553,"PB_TTM":1.274189588117,"REPORT_DATE_SQ":"2022-12-31 00:00:00","REPORT_TYPE_SQ":"2022年年报","OPERATE_INCOME_SQ":35252760.7,"DPS_HKD":0.007,"OPERATE_INCOME_QOQ_SQ":0,"NET_PROFIT_RATIO_SQ":-5.4755401043,"HOLDER_PROFIT_SQ":-1929403.64,"HOLDER_PROFIT_QOQ_SQ":0,"ROE_AVG_SQ":-3.661068753011,"PE_TTM_SQ":-29.148019056261,"PB_TTM_SQ":1.051634265322,"ROA_SQ":-2.25648586113,"START_DATE":"2023-04-01 00:00:00","FISCAL_YEAR":"3-31","CURRENCY":"HKD","IS_CNY_CODE":0,"DPS_HKD_LY":null,"ORG_TYPE":"一般企业","PREMIUM_INCOME":null,"PREMIUM_INCOME_YOY":null,"NET_INTEREST_INCOME":null,"NET_INTEREST_INCOME_YOY":null,"FEE_COMMISSION_INCOME":null,"FEE_COMMISSION_INCOME_YOY":null,"ACCOUNTS_RECE_TDAYS":3728.89655172414,"INVENTORY_TDAYS":54.606306045704,"CURRENT_ASSETS_TDAYS":1.436413548816,"TOTAL_ASSETS_TDAYS":1.254569079533,"PREMIUM_EXPENSE":null,"LOAN_DEPOSIT":null,"LOAN_EQUITY":null,"LOAN_ASSETS":null,"DEPOSIT_EQUITY":null,"DEPOSIT_ASSETS":null,"EQUITY_MULTIPLIER":2.22837073341,"EQUITY_RATIO":1.231433153521},{"SECUCODE":"01235.HK","SECURITY_CODE":"01235","SECURITY_NAME_ABBR":"专业旅运","ORG_CODE":"10190981","STD_REPORT_DATE":"2023-06-30 00:00:00","REPORT_DATE":"2023-09-30 00:00:00","DATE_TYPE_CODE":"002","REPORT_TYPE":"2023年中报","PER_NETCASH_OPERATE":0.044580354765,"PER_OI":0.103252925024,"BPS":0.109944477669,"BASIC_EPS":0.00275289,"DILUTED_EPS":0.00275289,"OPERATE_INCOME":52644433.1,"OPERATE_INCOME_YOY":562.53894081,"GROSS_PROFIT":27701414.44,"GROSS_PROFIT_YOY":368.680183795816,"HOLDER_PROFIT":1476466.67,"HOLDER_PROFIT_YOY":140.4068307383,"GROSS_PROFIT_RATIO":50.385396900032,"EPS_TTM":-0.00378419061,"OPERATE_INCOME_QOQ":0,"NET_PROFIT_RATIO":2.6969386556,"ROE_AVG":2.670362133634,"GROSS_PROFIT_QOQ":0,"ROA":1.303240281383,"HOLDER_PROFIT_QOQ":0,"ROE_YEARLY":5.340724267269,"ROIC_YEARLY":7.923766374471,"TOTAL_ASSETS":129901538.06,"TOTAL_LIABILITIES":73687524.26,"TAX_EBT":null,"OCF_SALES":41.59599657425,"TOTAL_PARENT_EQUITY":56056181.44,"DEBT_ASSET_RATIO":56.7256749693,"OPERATE_PROFIT":1963728.2,"PRETAX_PROFIT":1752673.3,"NETCASH_OPERATE":22729695.1,"NETCASH_INVEST":-20206212.6,"NETCASH_FINANCE":-3197022.92,"END_CASH":46415560.66,"DIVI_RATIO":-1.676937198662,"DIVIDEND_RATE":4.375,"CURRENT_RATIO":1.681608780996,"COMMON_ACS":2000000000,"CURRENTDEBT_DEBT":93.259196533088,"ISSUED_COMMON_SHARES":509859000,"HK_COMMON_SHARES":509859000,"PER_SHARES":5000,"TOTAL_MARKET_CAP":81577440,"HKSK_MARKET_CAP":81577440,"PE_TTM":8.240977876553,"PB_TTM":1.274189588117,"REPORT_DATE_SQ":"2022-06-30 00:00:00","REPORT_TYPE_SQ":"2022年中报","OPERATE_INCOME_SQ":8129106.72,"DPS_HKD":0.007,"OPERATE_INCOME_QOQ_SQ":0,"NET_PROFIT_RATIO_SQ":-44.3146417445,"HOLDER_PROFIT_SQ":-3601480.08,"HOLDER_PROFIT_QOQ_SQ":0,"ROE_AVG_SQ":-6.722433716837,"PE_TTM_SQ":-29.148019056261,"PB_TTM_SQ":1.051634265322,"ROA_SQ":-4.373781475684,"START_DATE":"2023-04-01 00:00:00","FISCAL_YEAR":"3-31","CURRENCY":"HKD","IS_CNY_CODE":0,"DPS_HKD_LY":null,"ORG_TYPE":"一般企业","PREMIUM_INCOME":null,"PREMIUM_INCOME_YOY":null,"NET_INTEREST_INCOME":null,"NET_INTEREST_INCOME_YOY":null,"FEE_COMMISSION_INCOME":null,"FEE_COMMISSION_INCOME_YOY":null,"ACCOUNTS_RECE_TDAYS":null,"INVENTORY_TDAYS":15.336101738905,"CURRENT_ASSETS_TDAYS":0.537031442344,"TOTAL_ASSETS_TDAYS":0.482328499168,"PREMIUM_EXPENSE":null,"LOAN_DEPOSIT":null,"LOAN_EQUITY":null,"LOAN_ASSETS":null,"DEPOSIT_EQUITY":null,"DEPOSIT_ASSETS":null,"EQUITY_MULTIPLIER":2.310839046688,"EQUITY_RATIO":1.314529858565},{"SECUCODE":"01235.HK","SECURITY_CODE":"01235","SECURITY_NAME_ABBR":"专业旅运","ORG_CODE":"10190981","STD_REPORT_DATE":"2022-12-31 00:00:00","REPORT_DATE":"2023-03-31 00:00:00","DATE_TYPE_CODE":"001","REPORT_TYPE":"2022年年报","PER_NETCASH_OPERATE":0.030211714141,"PER_OI":0.069142175974,"BPS":0.102022053548,"BASIC_EPS":-0.00350164,"DILUTED_EPS":-0.00350164,"OPERATE_INCOME":35252760.7,"OPERATE_INCOME_YOY":291.8077446974,"GROSS_PROFIT":19316797.06,"GROSS_PROFIT_YOY":329.079415779748,"HOLDER_PROFIT":-1929403.64,"HOLDER_PROFIT_YOY":87.7015791529,"GROSS_PROFIT_RATIO":54.795132853241,"EPS_TTM":-0.023866169882,"OPERATE_INCOME_QOQ":0,"NET_PROFIT_RATIO":-5.4755401043,"ROE_AVG":-3.661068753011,"GROSS_PROFIT_QOQ":0,"ROA":-2.25648586113,"HOLDER_PROFIT_QOQ":0,"ROE_YEARLY":-3.661068753011,"ROIC_YEARLY":-8.452216597638,"TOTAL_ASSETS":92234073.01,"TOTAL_LIABILITIES":40064014.06,"TAX_EBT":0.80971659919,"OCF_SALES":43.695058356096,"TOTAL_PARENT_EQUITY":52016862.2,"DEBT_ASSET_RATIO":43.4373250064,"OPERATE_PROFIT":-1721931.47,"PRETAX_PROFIT":-1946036.43,"NETCASH_OPERATE":15403714.36,"NETCASH_INVEST":-23925830.71,"NETCASH_FINANCE":-4506610.68,"END_CASH":44929542.84,"DIVI_RATIO":-0.265893104394,"DIVIDEND_RATE":4.375,"CURRENT_RATIO":2.20532940608,"COMMON_ACS":2000000000,"CURRENTDEBT_DEBT":94.954769916532,"ISSUED_COMMON_SHARES":509859000,"HK_COMMON_SHARES":509859000,"PER_SHARES":5000,"TOTAL_MARKET_CAP":81577440,"HKSK_MARKET_CAP":81577440,"PE_TTM":8.240977876553,"PB_TTM":1.274189588117,"REPORT_DATE_SQ":"2021-12-31 00:00:00","REPORT_TYPE_SQ":"2021年年报","OPERATE_INCOME_SQ":8335560.78,"DPS_HKD":0.007,"OPERATE_INCOME_QOQ_SQ":0,"NET_PROFIT_RATIO_SQ":-174.3821755205,"HOLDER_PROFIT_SQ":-14534110.21,"HOLDER_PROFIT_QOQ_SQ":0,"ROE_AVG_SQ":-25.73728466692,"PE_TTM_SQ":-30.536019963702,"PB_TTM_SQ":1.10171208748,"ROA_SQ":-17.69040556348,"START_DATE":"2022-04-01 00:00:00","FISCAL_YEAR":"3-31","CURRENCY":"HKD","IS_CNY_CODE":0,"DPS_HKD_LY":null,"ORG_TYPE":"一般企业","PREMIUM_INCOME":null,"PREMIUM_INCOME_YOY":null,"NET_INTEREST_INCOME":null,"NET_INTEREST_INCOME_YOY":null,"FEE_COMMISSION_INCOME":null,"FEE_COMMISSION_INCOME_YOY":null,"ACCOUNTS_RECE_TDAYS":248.58024691358,"INVENTORY_TDAYS":8.402492499423,"CURRENT_ASSETS_TDAYS":0.444182173151,"TOTAL_ASSETS_TDAYS":0.412289862195,"PREMIUM_EXPENSE":null,"LOAN_DEPOSIT":null,"LOAN_EQUITY":null,"LOAN_ASSETS":null,"DEPOSIT_EQUITY":null,"DEPOSIT_ASSETS":null,"EQUITY_MULTIPLIER":1.767950331403,"EQUITY_RATIO":0.770212049815},{"SECUCODE":"01235.HK","SECURITY_CODE":"01235","SECURITY_NAME_ABBR":"专业旅运","ORG_CODE":"10190981","STD_REPORT_DATE":"2022-06-30 00:00:00","REPORT_DATE":"2022-09-30 00:00:00","DATE_TYPE_CODE":"002","REPORT_TYPE":"2022年中报","PER_NETCASH_OPERATE":0.002295429442,"PER_OI":0.015943832942,"BPS":0.10197631557,"BASIC_EPS":-0.00723552,"DILUTED_EPS":-0.00723552,"OPERATE_INCOME":8129106.72,"OPERATE_INCOME_YOY":132.6086956522,"GROSS_PROFIT":5910515.4,"GROSS_PROFIT_YOY":110.345260070088,"HOLDER_PROFIT":-3601480.08,"HOLDER_PROFIT_YOY":44.4087672763,"GROSS_PROFIT_RATIO":72.708055184691,"EPS_TTM":-0.028506136422,"OPERATE_INCOME_QOQ":0,"NET_PROFIT_RATIO":-44.3146417445,"ROE_AVG":-6.722433716837,"GROSS_PROFIT_QOQ":0,"ROA":-4.373781475684,"HOLDER_PROFIT_QOQ":0,"ROE_YEARLY":-13.444867433675,"ROIC_YEARLY":-32.923375844891,"TOTAL_ASSETS":83297115.12,"TOTAL_LIABILITIES":31145295.84,"TAX_EBT":null,"OCF_SALES":14.396973742768,"TOTAL_PARENT_EQUITY":51993542.28,"DEBT_ASSET_RATIO":37.3906056592,"OPERATE_PROFIT":-3502896.12,"PRETAX_PROFIT":-3602384.52,"NETCASH_OPERATE":1170345.36,"NETCASH_INVEST":-7966307.52,"NETCASH_FINANCE":-2608404.96,"END_CASH":50465943.12,"DIVI_RATIO":-0.222613471922,"DIVIDEND_RATE":4.375,"CURRENT_RATIO":2.681732815826,"COMMON_ACS":2000000000,"CURRENTDEBT_DEBT":92.775002903938,"ISSUED_COMMON_SHARES":509859000,"HK_COMMON_SHARES":509859000,"PER_SHARES":5000,"TOTAL_MARKET_CAP":81577440,"HKSK_MARKET_CAP":81577440,"PE_TTM":8.240977876553,"PB_TTM":1.274189588117,"REPORT_DATE_SQ":"2021-06-30 00:00:00","REPORT_TYPE_SQ":"2021年中报","OPERATE_INCOME_SQ":3218943.84,"DPS_HKD":0.007,"OPERATE_INCOME_QOQ_SQ":0,"NET_PROFIT_RATIO_SQ":-185.4037267081,"HOLDER_PROFIT_SQ":-5967208.78,"HOLDER_PROFIT_QOQ_SQ":0,"ROE_AVG_SQ":-9.588124272157,"PE_TTM_SQ":-30.536019963702,"PB_TTM_SQ":1.10171208748,"ROA_SQ":-6.559313575114,"START_DATE":"2022-04-01 00:00:00","FISCAL_YEAR":"3-31","CURRENCY":"HKD","IS_CNY_CODE":0,"DPS_HKD_LY":null,"ORG_TYPE":"一般企业","PREMIUM_INCOME":null,"PREMIUM_INCOME_YOY":null,"NET_INTEREST_INCOME":null,"NET_INTEREST_INCOME_YOY":null,"FEE_COMMISSION_INCOME":null,"FEE_COMMISSION_INCOME_YOY":null,"ACCOUNTS_RECE_TDAYS":64.895306859206,"INVENTORY_TDAYS":1.078241758242,"CURRENT_ASSETS_TDAYS":0.105023924843,"TOTAL_ASSETS_TDAYS":0.098723123816,"PREMIUM_EXPENSE":null,"LOAN_DEPOSIT":null,"LOAN_EQUITY":null,"LOAN_ASSETS":null,"DEPOSIT_EQUITY":null,"DEPOSIT_ASSETS":null,"EQUITY_MULTIPLIER":1.597204398044,"EQUITY_RATIO":0.59902238767},{"SECUCODE":"01235.HK","SECURITY_CODE":"01235","SECURITY_NAME_ABBR":"专业旅运","ORG_CODE":"10190981","STD_REPORT_DATE":"2021-12-31 00:00:00","REPORT_DATE":"2022-03-31 00:00:00","DATE_TYPE_CODE":"001","REPORT_TYPE":"2021年年报","PER_NETCASH_OPERATE":-0.012162151614,"PER_OI":0.016348756774,"BPS":0.097001351001,"BASIC_EPS":-0.02838535,"DILUTED_EPS":-0.02838535,"OPERATE_INCOME":8335560.78,"OPERATE_INCOME_YOY":60.0186828585,"GROSS_PROFIT":4501916.51,"GROSS_PROFIT_YOY":-7.97205959472,"HOLDER_PROFIT":-14534110.21,"HOLDER_PROFIT_YOY":45.5123137732,"GROSS_PROFIT_RATIO":54.008561977038,"EPS_TTM":-0.032749839505,"OPERATE_INCOME_QOQ":0,"NET_PROFIT_RATIO":-174.3821755205,"ROE_AVG":-25.73728466692,"GROSS_PROFIT_QOQ":0,"ROA":-17.69040556348,"HOLDER_PROFIT_QOQ":0,"ROE_YEARLY":-25.73728466692,"ROIC_YEARLY":-62.814581142657,"TOTAL_ASSETS":72980356.87,"TOTAL_LIABILITIES":23380607.29,"TAX_EBT":1.179908474389,"OCF_SALES":-74.391905039891,"TOTAL_PARENT_EQUITY":49457011.82,"DEBT_ASSET_RATIO":32.0368497672,"OPERATE_PROFIT":-14389750.43,"PRETAX_PROFIT":-14709288.37,"NETCASH_OPERATE":-6200982.46,"NETCASH_INVEST":25287291.8,"NETCASH_FINANCE":-7182304.56,"END_CASH":53724546.44,"DIVI_RATIO":-0.193767361794,"DIVIDEND_RATE":4.375,"CURRENT_RATIO":3.448783636584,"COMMON_ACS":2000000000,"CURRENTDEBT_DEBT":85.979395747338,"ISSUED_COMMON_SHARES":509859000,"HK_COMMON_SHARES":509859000,"PER_SHARES":5000,"TOTAL_MARKET_CAP":81577440,"HKSK_MARKET_CAP":81577440,"PE_TTM":8.240977876553,"PB_TTM":1.274189588117,"REPORT_DATE_SQ":"2020-12-31 00:00:00","REPORT_TYPE_SQ":"2020年年报","OPERATE_INCOME_SQ":5428591.14,"DPS_HKD":0.007,"OPERATE_INCOME_QOQ_SQ":0,"NET_PROFIT_RATIO_SQ":-512.0971508641,"HOLDER_PROFIT_SQ":-27797970.2,"HOLDER_PROFIT_QOQ_SQ":0,"ROE_AVG_SQ":-34.780309839793,"PE_TTM_SQ":-30.536019963702,"PB_TTM_SQ":1.10171208748,"ROA_SQ":-21.113718139245,"START_DATE":"2021-04-01 00:00:00","FISCAL_YEAR":"3-31","CURRENCY":"HKD","IS_CNY_CODE":0,"DPS_HKD_LY":null,"ORG_TYPE":"一般企业","PREMIUM_INCOME":null,"PREMIUM_INCOME_YOY":null,"NET_INTEREST_INCOME":null,"NET_INTEREST_INCOME_YOY":null,"FEE_COMMISSION_INCOME":null,"FEE_COMMISSION_INCOME_YOY":null,"ACCOUNTS_RECE_TDAYS":70.156996587031,"INVENTORY_TDAYS":2.037939211037,"CURRENT_ASSETS_TDAYS":0.104933229877,"TOTAL_ASSETS_TDAYS":0.101457501468,"PREMIUM_EXPENSE":null,"LOAN_DEPOSIT":null,"LOAN_EQUITY":null,"LOAN_ASSETS":null,"DEPOSIT_EQUITY":null,"DEPOSIT_ASSETS":null,"EQUITY_MULTIPLIER":1.471385591419,"EQUITY_RATIO":0.472746056213},{"SECUCODE":"01235.HK","SECURITY_CODE":"01235","SECURITY_NAME_ABBR":"专业旅运","ORG_CODE":"10190981","STD_REPORT_DATE":"2021-06-30 00:00:00","REPORT_DATE":"2021-09-30 00:00:00","DATE_TYPE_CODE":"002","REPORT_TYPE":"2021年中报","PER_NETCASH_OPERATE":-0.01169384167,"PER_OI":0.006313400058,"BPS":0.116227669022,"BASIC_EPS":-0.01166284,"DILUTED_EPS":null,"OPERATE_INCOME":3218943.84,"OPERATE_INCOME_YOY":50,"GROSS_PROFIT":2809911.38,"GROSS_PROFIT_YOY":28.474582591663,"HOLDER_PROFIT":-5967208.78,"HOLDER_PROFIT_YOY":63.1210420635,"GROSS_PROFIT_RATIO":87.292960662526,"EPS_TTM":-0.054520897346,"OPERATE_INCOME_QOQ":0,"NET_PROFIT_RATIO":-185.4037267081,"ROE_AVG":-9.588124272157,"GROSS_PROFIT_QOQ":0,"ROA":-6.559313575114,"HOLDER_PROFIT_QOQ":0,"ROE_YEARLY":-19.176248544313,"ROIC_YEARLY":-40.903380539059,"TOTAL_ASSETS":88126918.22,"TOTAL_LIABILITIES":28719743.5,"TAX_EBT":2.887352582351,"OCF_SALES":-185.222567287785,"TOTAL_PARENT_EQUITY":59259723.1,"DEBT_ASSET_RATIO":32.5890704907,"OPERATE_PROFIT":-5975539.38,"PRETAX_PROFIT":-6145483.62,"NETCASH_OPERATE":-5962210.42,"NETCASH_INVEST":21566257.28,"NETCASH_FINANCE":-4038674.88,"END_CASH":54513780.28,"DIVI_RATIO":-0.116392985239,"DIVIDEND_RATE":4.375,"CURRENT_RATIO":3.459160913436,"COMMON_ACS":2000000000,"CURRENTDEBT_DEBT":81.928934010152,"ISSUED_COMMON_SHARES":509859000,"HK_COMMON_SHARES":509859000,"PER_SHARES":5000,"TOTAL_MARKET_CAP":81577440,"HKSK_MARKET_CAP":81577440,"PE_TTM":8.240977876553,"PB_TTM":1.274189588117,"REPORT_DATE_SQ":"2020-06-30 00:00:00","REPORT_TYPE_SQ":"2020年中报","OPERATE_INCOME_SQ":2263582.72,"DPS_HKD":0.007,"OPERATE_INCOME_QOQ_SQ":0,"NET_PROFIT_RATIO_SQ":-754.0760869565,"HOLDER_PROFIT_SQ":-17067378.56,"HOLDER_PROFIT_QOQ_SQ":0,"ROE_AVG_SQ":-19.188990263734,"PE_TTM_SQ":-30.536019963702,"PB_TTM_SQ":1.10171208748,"ROA_SQ":-11.590596477409,"START_DATE":"2021-04-01 00:00:00","FISCAL_YEAR":"3-31","CURRENCY":"HKD","IS_CNY_CODE":0,"DPS_HKD_LY":null,"ORG_TYPE":"一般企业","PREMIUM_INCOME":null,"PREMIUM_INCOME_YOY":null,"NET_INTEREST_INCOME":null,"NET_INTEREST_INCOME_YOY":null,"FEE_COMMISSION_INCOME":null,"FEE_COMMISSION_INCOME_YOY":null,"ACCOUNTS_RECE_TDAYS":15.394422310757,"INVENTORY_TDAYS":0.208492569002,"CURRENT_ASSETS_TDAYS":0.037133315715,"TOTAL_ASSETS_TDAYS":0.035383481299,"PREMIUM_EXPENSE":null,"LOAN_DEPOSIT":null,"LOAN_EQUITY":null,"LOAN_ASSETS":null,"DEPOSIT_EQUITY":null,"DEPOSIT_ASSETS":null,"EQUITY_MULTIPLIER":1.483438972403,"EQUITY_RATIO":0.484641878119},{"SECUCODE":"01235.HK","SECURITY_CODE":"01235","SECURITY_NAME_ABBR":"专业旅运","ORG_CODE":"10190981","STD_REPORT_DATE":"2020-12-31 00:00:00","REPORT_DATE":"2021-03-31 00:00:00","DATE_TYPE_CODE":"001","REPORT_TYPE":"2020年年报","PER_NETCASH_OPERATE":-0.066913668053,"PER_OI":0.010647240002,"BPS":0.129761061823,"BASIC_EPS":-0.0549367,"DILUTED_EPS":null,"OPERATE_INCOME":5428591.14,"OPERATE_INCOME_YOY":-97.7632990208,"GROSS_PROFIT":4891901.84,"GROSS_PROFIT_YOY":-96.741616603602,"HOLDER_PROFIT":-27797970.2,"HOLDER_PROFIT_YOY":27.4127695262,"GROSS_PROFIT_RATIO":90.113654055737,"EPS_TTM":-0.093105610257,"OPERATE_INCOME_QOQ":0,"NET_PROFIT_RATIO":-512.0971508641,"ROE_AVG":-34.780309839793,"GROSS_PROFIT_QOQ":0,"ROA":-21.113718139245,"HOLDER_PROFIT_QOQ":0,"ROE_YEARLY":-34.780309839793,"ROIC_YEARLY":-34.526558891455,"TOTAL_ASSETS":95184171.6,"TOTAL_LIABILITIES":28873884.34,"TAX_EBT":0.703396226415,"OCF_SALES":-628.460221080492,"TOTAL_PARENT_EQUITY":66159845.22,"DEBT_ASSET_RATIO":30.3347540401,"OPERATE_PROFIT":-27429471.72,"PRETAX_PROFIT":-27996587.5,"NETCASH_OPERATE":-34116535.88,"NETCASH_INVEST":56416610.18,"NETCASH_FINANCE":-16289999.32,"END_CASH":43568183.82,"DIVI_RATIO":-0.068157546924,"DIVIDEND_RATE":4.375,"CURRENT_RATIO":3.953840644584,"COMMON_ACS":2000000000,"CURRENTDEBT_DEBT":81.740479466089,"ISSUED_COMMON_SHARES":509859000,"HK_COMMON_SHARES":509859000,"PER_SHARES":5000,"TOTAL_MARKET_CAP":81577440,"HKSK_MARKET_CAP":81577440,"PE_TTM":8.240977876553,"PB_TTM":1.274189588117,"REPORT_DATE_SQ":"2019-12-31 00:00:00","REPORT_TYPE_SQ":"2019年年报","OPERATE_INCOME_SQ":262381746.8,"DPS_HKD":0.007,"OPERATE_INCOME_QOQ_SQ":0,"NET_PROFIT_RATIO_SQ":-15.6917301612,"HOLDER_PROFIT_SQ":-41400660.7,"HOLDER_PROFIT_QOQ_SQ":0,"ROE_AVG_SQ":-32.52938959384,"PE_TTM_SQ":-30.536019963702,"PB_TTM_SQ":1.10171208748,"ROA_SQ":-17.003942230653,"START_DATE":"2020-04-01 00:00:00","FISCAL_YEAR":"3-31","CURRENCY":"HKD","IS_CNY_CODE":0,"DPS_HKD_LY":null,"ORG_TYPE":"一般企业","PREMIUM_INCOME":null,"PREMIUM_INCOME_YOY":null,"NET_INTEREST_INCOME":null,"NET_INTEREST_INCOME_YOY":null,"FEE_COMMISSION_INCOME":null,"FEE_COMMISSION_INCOME_YOY":null,"ACCOUNTS_RECE_TDAYS":5.737382760161,"INVENTORY_TDAYS":0.2176520994,"CURRENT_ASSETS_TDAYS":0.06691810008,"TOTAL_ASSETS_TDAYS":0.041232414597,"PREMIUM_EXPENSE":null,"LOAN_DEPOSIT":null,"LOAN_EQUITY":null,"LOAN_ASSETS":null,"DEPOSIT_EQUITY":null,"DEPOSIT_ASSETS":null,"EQUITY_MULTIPLIER":1.435435971296,"EQUITY_RATIO":0.436426116838},{"SECUCODE":"01235.HK","SECURITY_CODE":"01235","SECURITY_NAME_ABBR":"专业旅运","ORG_CODE":"10190981","STD_REPORT_DATE":"2020-06-30 00:00:00","REPORT_DATE":"2020-09-30 00:00:00","DATE_TYPE_CODE":"002","REPORT_TYPE":"2020年中报","PER_NETCASH_OPERATE":-0.057068827578,"PER_OI":0.004439624916,"BPS":0.157847968478,"BASIC_EPS":-0.03339136,"DILUTED_EPS":null,"OPERATE_INCOME":2263582.72,"OPERATE_INCOME_YOY":-98.3715578931,"GROSS_PROFIT":2187134.08,"GROSS_PROFIT_YOY":-97.450305745493,"HOLDER_PROFIT":-17067378.56,"HOLDER_PROFIT_YOY":-59.3093832021,"GROSS_PROFIT_RATIO":96.622670807453,"EPS_TTM":-0.08120021555,"OPERATE_INCOME_QOQ":0,"NET_PROFIT_RATIO":-754.0760869565,"ROE_AVG":-19.188990263734,"GROSS_PROFIT_QOQ":0,"ROA":-11.590596477409,"HOLDER_PROFIT_QOQ":0,"ROE_YEARLY":-38.377980527468,"ROIC_YEARLY":-30.020556731943,"TOTAL_ASSETS":119699238.4,"TOTAL_LIABILITIES":39062618.88,"TAX_EBT":-0.15467904099,"OCF_SALES":-1285.44254658385,"TOTAL_PARENT_EQUITY":80480207.36,"DEBT_ASSET_RATIO":32.6339744531,"OPERATE_PROFIT":-16714133.12,"PRETAX_PROFIT":-17042774.4,"NETCASH_OPERATE":-29097055.36,"NETCASH_INVEST":29299160.96,"NETCASH_FINANCE":-11103505.92,"END_CASH":28012714.88,"DIVI_RATIO":-0.078150654614,"DIVIDEND_RATE":4.375,"CURRENT_RATIO":3.186843439832,"COMMON_ACS":2000000000,"CURRENTDEBT_DEBT":93.150222702119,"ISSUED_COMMON_SHARES":509859000,"HK_COMMON_SHARES":509859000,"PER_SHARES":5000,"TOTAL_MARKET_CAP":81577440,"HKSK_MARKET_CAP":81577440,"PE_TTM":8.240977876553,"PB_TTM":1.274189588117,"REPORT_DATE_SQ":"2019-06-30 00:00:00","REPORT_TYPE_SQ":"2019年中报","OPERATE_INCOME_SQ":142687157.88,"DPS_HKD":0.007,"OPERATE_INCOME_QOQ_SQ":0,"NET_PROFIT_RATIO_SQ":-7.5505095203,"HOLDER_PROFIT_SQ":-10997305.92,"HOLDER_PROFIT_QOQ_SQ":0,"ROE_AVG_SQ":-7.796069353813,"PE_TTM_SQ":-30.536019963702,"PB_TTM_SQ":1.10171208748,"ROA_SQ":-3.78133277093,"START_DATE":"2020-04-01 00:00:00","FISCAL_YEAR":"3-31","CURRENCY":"HKD","IS_CNY_CODE":0,"DPS_HKD_LY":null,"ORG_TYPE":"一般企业","PREMIUM_INCOME":null,"PREMIUM_INCOME_YOY":null,"NET_INTEREST_INCOME":null,"NET_INTEREST_INCOME_YOY":null,"FEE_COMMISSION_INCOME":null,"FEE_COMMISSION_INCOME_YOY":null,"ACCOUNTS_RECE_TDAYS":2.152046783626,"INVENTORY_TDAYS":0.029769033362,"CURRENT_ASSETS_TDAYS":0.024129000229,"TOTAL_ASSETS_TDAYS":0.015372175527,"PREMIUM_EXPENSE":null,"LOAN_DEPOSIT":null,"LOAN_EQUITY":null,"LOAN_ASSETS":null,"DEPOSIT_EQUITY":null,"DEPOSIT_ASSETS":null,"EQUITY_MULTIPLIER":1.484427783711,"EQUITY_RATIO":0.485369262349}],"count":31},"success":true,"message":"ok","code":0}