{"version":"c6c8f298b221c5cdc54e8fcc52c4c914","result":{"pages":4,"data":[{"SECUCODE":"01231.HK","SECURITY_CODE":"01231","SECURITY_NAME_ABBR":"新矿资源","ORG_CODE":"10160415","STD_REPORT_DATE":"2024-06-30 00:00:00","REPORT_DATE":"2024-06-30 00:00:00","DATE_TYPE_CODE":"002","REPORT_TYPE":"2024年中报","PER_NETCASH_OPERATE":0.005077845,"PER_OI":0.3113645469,"BPS":0.0549761352,"BASIC_EPS":0.00285072,"DILUTED_EPS":0.00285072,"OPERATE_INCOME":1245458187.6,"OPERATE_INCOME_YOY":-18.8953501863,"GROSS_PROFIT":35491464,"GROSS_PROFIT_YOY":-22.355841089925,"HOLDER_PROFIT":10127182.8,"HOLDER_PROFIT_YOY":-50.035161744,"GROSS_PROFIT_RATIO":2.849671257804,"EPS_TTM":0.001596063675,"OPERATE_INCOME_QOQ":-8.359191860429,"NET_PROFIT_RATIO":0.8051179638,"ROE_AVG":4.713491997678,"GROSS_PROFIT_QOQ":-14.506372873426,"ROA":1.550895229988,"HOLDER_PROFIT_QOQ":-62.014869764127,"ROE_YEARLY":9.426983995356,"ROIC_YEARLY":3.624491461657,"TOTAL_ASSETS":527924836.8,"TOTAL_LIABILITIES":301705951.2,"TAX_EBT":18.951612903226,"OCF_SALES":1.630835960791,"TOTAL_PARENT_EQUITY":219904540.8,"DEBT_ASSET_RATIO":57.1494141152,"OPERATE_PROFIT":16555556.4,"PRETAX_PROFIT":12372124.8,"NETCASH_OPERATE":20311380,"NETCASH_INVEST":-7126.8,"NETCASH_FINANCE":-12429139.2,"END_CASH":91736169.6,"DIVI_RATIO":null,"DIVIDEND_RATE":null,"CURRENT_RATIO":1.554920394954,"COMMON_ACS":10000000000,"CURRENTDEBT_DEBT":100,"ISSUED_COMMON_SHARES":4000000000,"HK_COMMON_SHARES":4000000000,"PER_SHARES":2000,"TOTAL_MARKET_CAP":1120000000,"HKSK_MARKET_CAP":1120000000,"PE_TTM":152.309279560669,"PB_TTM":4.648387872382,"REPORT_DATE_SQ":"2023-06-30 00:00:00","REPORT_TYPE_SQ":"2023年中报","OPERATE_INCOME_SQ":1556950351.8,"DPS_HKD":null,"OPERATE_INCOME_QOQ_SQ":58.987435780791,"NET_PROFIT_RATIO_SQ":1.3254683925,"HOLDER_PROFIT_SQ":20550175.2,"HOLDER_PROFIT_QOQ_SQ":127.3121019396,"ROE_AVG_SQ":9.982274793352,"PE_TTM_SQ":490.425711616265,"PB_TTM_SQ":7.84993416764,"ROA_SQ":4.350186993797,"START_DATE":"2024-01-01 00:00:00","FISCAL_YEAR":"12-31","CURRENCY":"HKD","IS_CNY_CODE":0,"DPS_HKD_LY":null,"ORG_TYPE":"一般企业","PREMIUM_INCOME":null,"PREMIUM_INCOME_YOY":null,"NET_INTEREST_INCOME":null,"NET_INTEREST_INCOME_YOY":null,"FEE_COMMISSION_INCOME":null,"FEE_COMMISSION_INCOME_YOY":null,"ACCOUNTS_RECE_TDAYS":3.76388111135,"INVENTORY_TDAYS":null,"CURRENT_ASSETS_TDAYS":2.116816967774,"TOTAL_ASSETS_TDAYS":1.907317365988,"PREMIUM_EXPENSE":null,"LOAN_DEPOSIT":null,"LOAN_EQUITY":null,"LOAN_ASSETS":null,"DEPOSIT_EQUITY":null,"DEPOSIT_ASSETS":null,"EQUITY_MULTIPLIER":2.333690378676,"EQUITY_RATIO":1.371985999481},{"SECUCODE":"01231.HK","SECURITY_CODE":"01231","SECURITY_NAME_ABBR":"新矿资源","ORG_CODE":"10160415","STD_REPORT_DATE":"2023-12-31 00:00:00","REPORT_DATE":"2023-12-31 00:00:00","DATE_TYPE_CODE":"001","REPORT_TYPE":"2023年年报","PER_NETCASH_OPERATE":-0.016129078575,"PER_OI":0.931585760325,"BPS":0.052126901325,"BASIC_EPS":0.00424962,"DILUTED_EPS":0.00424962,"OPERATE_INCOME":3726343041.3,"OPERATE_INCOME_YOY":161.118087023,"GROSS_PROFIT":70444534.2,"GROSS_PROFIT_YOY":261.108752117084,"HOLDER_PROFIT":16807247.1,"HOLDER_PROFIT_YOY":211.095505618,"GROSS_PROFIT_RATIO":1.890446838073,"EPS_TTM":0.004201811775,"OPERATE_INCOME_QOQ":67.023207228953,"NET_PROFIT_RATIO":0.450088288,"ROE_AVG":8.398216308041,"GROSS_PROFIT_QOQ":66.51375019342,"ROA":2.791042318459,"HOLDER_PROFIT_QOQ":313.660481860244,"ROE_YEARLY":8.398216308041,"ROIC_YEARLY":3.274142141645,"TOTAL_ASSETS":773239607.1,"TOTAL_LIABILITIES":558357571.8,"TAX_EBT":9.583810614738,"OCF_SALES":-1.731357354515,"TOTAL_PARENT_EQUITY":208507605.3,"DEBT_ASSET_RATIO":72.2101618532,"OPERATE_PROFIT":25625208.6,"PRETAX_PROFIT":18549591.3,"NETCASH_OPERATE":-64516314.3,"NETCASH_INVEST":null,"NETCASH_FINANCE":66364899,"END_CASH":83356296.3,"DIVI_RATIO":null,"DIVIDEND_RATE":null,"CURRENT_RATIO":1.259443894766,"COMMON_ACS":10000000000,"CURRENTDEBT_DEBT":100,"ISSUED_COMMON_SHARES":4000000000,"HK_COMMON_SHARES":4000000000,"PER_SHARES":2000,"TOTAL_MARKET_CAP":1140000000,"HKSK_MARKET_CAP":1140000000,"PE_TTM":155.029088124253,"PB_TTM":4.731394798675,"REPORT_DATE_SQ":"2022-12-31 00:00:00","REPORT_TYPE_SQ":"2022年年报","OPERATE_INCOME_SQ":1403276360.2,"DPS_HKD":null,"OPERATE_INCOME_QOQ_SQ":41.683339386162,"NET_PROFIT_RATIO_SQ":-1.102800677,"HOLDER_PROFIT_SQ":-14876385.6,"HOLDER_PROFIT_QOQ_SQ":15.411130229542,"ROE_AVG_SQ":-7.586709051839,"PE_TTM_SQ":501.087140129662,"PB_TTM_SQ":8.020584910415,"ROA_SQ":-4.331690697816,"START_DATE":"2023-01-01 00:00:00","FISCAL_YEAR":"12-31","CURRENCY":"HKD","IS_CNY_CODE":0,"DPS_HKD_LY":null,"ORG_TYPE":"一般企业","PREMIUM_INCOME":null,"PREMIUM_INCOME_YOY":null,"NET_INTEREST_INCOME":null,"NET_INTEREST_INCOME_YOY":null,"FEE_COMMISSION_INCOME":null,"FEE_COMMISSION_INCOME_YOY":null,"ACCOUNTS_RECE_TDAYS":12.413297627615,"INVENTORY_TDAYS":null,"CURRENT_ASSETS_TDAYS":7.20646791724,"TOTAL_ASSETS_TDAYS":6.188033685399,"PREMIUM_EXPENSE":null,"LOAN_DEPOSIT":null,"LOAN_EQUITY":null,"LOAN_ASSETS":null,"DEPOSIT_EQUITY":null,"DEPOSIT_ASSETS":null,"EQUITY_MULTIPLIER":3.598437654503,"EQUITY_RATIO":2.677876286559},{"SECUCODE":"01231.HK","SECURITY_CODE":"01231","SECURITY_NAME_ABBR":"新矿资源","ORG_CODE":"10160415","STD_REPORT_DATE":"2023-06-30 00:00:00","REPORT_DATE":"2023-06-30 00:00:00","DATE_TYPE_CODE":"002","REPORT_TYPE":"2023年中报","PER_NETCASH_OPERATE":-0.00188774025,"PER_OI":0.38923758795,"BPS":0.0540273066,"BASIC_EPS":0.00505806,"DILUTED_EPS":0.00505806,"OPERATE_INCOME":1556950351.8,"OPERATE_INCOME_YOY":98.3166129775,"GROSS_PROFIT":45710410.8,"GROSS_PROFIT_YOY":99.497971423698,"HOLDER_PROFIT":20550175.2,"HOLDER_PROFIT_YOY":1085,"GROSS_PROFIT_RATIO":2.935893925401,"EPS_TTM":0.0010157634,"OPERATE_INCOME_QOQ":58.987435780791,"NET_PROFIT_RATIO":1.3254683925,"ROE_AVG":9.982274793352,"GROSS_PROFIT_QOQ":116.864223944043,"ROA":4.350186993797,"HOLDER_PROFIT_QOQ":127.3121019396,"ROE_YEARLY":19.964549586704,"ROIC_YEARLY":10.622047097051,"TOTAL_ASSETS":504953355.6,"TOTAL_LIABILITIES":282218070.6,"TAX_EBT":10.55433761353,"OCF_SALES":-0.48498405818,"TOTAL_PARENT_EQUITY":216109226.4,"DEBT_ASSET_RATIO":55.889928737,"OPERATE_PROFIT":25918944.6,"PRETAX_PROFIT":23071979.4,"NETCASH_OPERATE":-7550961,"NETCASH_INVEST":null,"NETCASH_FINANCE":-989934.6,"END_CASH":74548578.6,"DIVI_RATIO":null,"DIVIDEND_RATE":null,"CURRENT_RATIO":1.475555327553,"COMMON_ACS":10000000000,"CURRENTDEBT_DEBT":99.818214404588,"ISSUED_COMMON_SHARES":4000000000,"HK_COMMON_SHARES":4000000000,"PER_SHARES":2000,"TOTAL_MARKET_CAP":1140000000,"HKSK_MARKET_CAP":1140000000,"PE_TTM":155.029088124253,"PB_TTM":4.731394798675,"REPORT_DATE_SQ":"2022-06-30 00:00:00","REPORT_TYPE_SQ":"2022年中报","OPERATE_INCOME_SQ":729193610,"DPS_HKD":null,"OPERATE_INCOME_QOQ_SQ":-46.958326835107,"NET_PROFIT_RATIO_SQ":0.1711919006,"HOLDER_PROFIT_SQ":1610736,"HOLDER_PROFIT_QOQ_SQ":-54.618508960346,"ROE_AVG_SQ":0.817480457108,"PE_TTM_SQ":501.087140129662,"PB_TTM_SQ":8.020584910415,"ROA_SQ":0.46218285109,"START_DATE":"2023-01-01 00:00:00","FISCAL_YEAR":"12-31","CURRENCY":"HKD","IS_CNY_CODE":0,"DPS_HKD_LY":null,"ORG_TYPE":"一般企业","PREMIUM_INCOME":null,"PREMIUM_INCOME_YOY":null,"NET_INTEREST_INCOME":null,"NET_INTEREST_INCOME_YOY":null,"FEE_COMMISSION_INCOME":null,"FEE_COMMISSION_INCOME_YOY":null,"ACCOUNTS_RECE_TDAYS":8.462786222065,"INVENTORY_TDAYS":null,"CURRENT_ASSETS_TDAYS":4.133656908261,"TOTAL_ASSETS_TDAYS":3.295847896415,"PREMIUM_EXPENSE":null,"LOAN_DEPOSIT":null,"LOAN_EQUITY":null,"LOAN_ASSETS":null,"DEPOSIT_EQUITY":null,"DEPOSIT_ASSETS":null,"EQUITY_MULTIPLIER":2.26705596107,"EQUITY_RATIO":1.305904774642},{"SECUCODE":"01231.HK","SECURITY_CODE":"01231","SECURITY_NAME_ABBR":"新矿资源","ORG_CODE":"10160415","STD_REPORT_DATE":"2022-12-31 00:00:00","REPORT_DATE":"2022-12-31 00:00:00","DATE_TYPE_CODE":"001","REPORT_TYPE":"2022年年报","PER_NETCASH_OPERATE":-0.0023401056,"PER_OI":0.35081909005,"BPS":0.04713815395,"BASIC_EPS":-0.0034823,"DILUTED_EPS":-0.0034823,"OPERATE_INCOME":1403276360.2,"OPERATE_INCOME_YOY":-31.203286066,"GROSS_PROFIT":19507844.6,"GROSS_PROFIT_YOY":-43.328059161748,"HOLDER_PROFIT":-14876385.6,"HOLDER_PROFIT_YOY":-19.730941704,"GROSS_PROFIT_RATIO":1.390164129696,"EPS_TTM":-0.0037190964,"OPERATE_INCOME_QOQ":41.683339386162,"NET_PROFIT_RATIO":-1.102800677,"ROE_AVG":-7.586709051839,"GROSS_PROFIT_QOQ":1178.09663766444,"ROA":-4.331690697816,"HOLDER_PROFIT_QOQ":15.411130229542,"ROE_YEARLY":-7.586709051839,"ROIC_YEARLY":-6.042176428157,"TOTAL_ASSETS":423942166.6,"TOTAL_LIABILITIES":229086587.8,"TAX_EBT":0.089928057554,"OCF_SALES":-0.667040553485,"TOTAL_PARENT_EQUITY":188552615.8,"DEBT_ASSET_RATIO":54.0372262654,"OPERATE_PROFIT":-10272785,"PRETAX_PROFIT":-15489270.4,"NETCASH_OPERATE":-9360422.4,"NETCASH_INVEST":-41787.6,"NETCASH_FINANCE":-11136395.4,"END_CASH":80204333.6,"DIVI_RATIO":null,"DIVIDEND_RATE":null,"CURRENT_RATIO":1.428187180976,"COMMON_ACS":10000000000,"CURRENTDEBT_DEBT":99.464931748396,"ISSUED_COMMON_SHARES":4000000000,"HK_COMMON_SHARES":4000000000,"PER_SHARES":2000,"TOTAL_MARKET_CAP":1140000000,"HKSK_MARKET_CAP":1140000000,"PE_TTM":155.029088124253,"PB_TTM":4.731394798675,"REPORT_DATE_SQ":"2021-12-31 00:00:00","REPORT_TYPE_SQ":"2021年年报","OPERATE_INCOME_SQ":1867270386.1,"DPS_HKD":null,"OPERATE_INCOME_QOQ_SQ":-46.468217270261,"NET_PROFIT_RATIO_SQ":-0.6081134143,"HOLDER_PROFIT_SQ":-11374248.8,"HOLDER_PROFIT_QOQ_SQ":-298.609394469371,"ROE_AVG_SQ":-5.916885012106,"PE_TTM_SQ":501.087140129662,"PB_TTM_SQ":8.020584910415,"ROA_SQ":-2.057290465427,"START_DATE":"2022-01-01 00:00:00","FISCAL_YEAR":"12-31","CURRENCY":"HKD","IS_CNY_CODE":0,"DPS_HKD_LY":null,"ORG_TYPE":"一般企业","PREMIUM_INCOME":null,"PREMIUM_INCOME_YOY":null,"NET_INTEREST_INCOME":null,"NET_INTEREST_INCOME_YOY":null,"FEE_COMMISSION_INCOME":null,"FEE_COMMISSION_INCOME_YOY":null,"ACCOUNTS_RECE_TDAYS":16.545842742763,"INVENTORY_TDAYS":null,"CURRENT_ASSETS_TDAYS":5.884722100529,"TOTAL_ASSETS_TDAYS":4.086045709882,"PREMIUM_EXPENSE":null,"LOAN_DEPOSIT":null,"LOAN_EQUITY":null,"LOAN_ASSETS":null,"DEPOSIT_EQUITY":null,"DEPOSIT_ASSETS":null,"EQUITY_MULTIPLIER":2.175673743657,"EQUITY_RATIO":1.214974328667},{"SECUCODE":"01231.HK","SECURITY_CODE":"01231","SECURITY_NAME_ABBR":"新矿资源","ORG_CODE":"10160415","STD_REPORT_DATE":"2022-06-30 00:00:00","REPORT_DATE":"2022-06-30 00:00:00","DATE_TYPE_CODE":"002","REPORT_TYPE":"2022年中报","PER_NETCASH_OPERATE":-0.00104865625,"PER_OI":0.1822984025,"BPS":0.04946469585,"BASIC_EPS":0.00067114,"DILUTED_EPS":0.00067114,"OPERATE_INCOME":729193610,"OPERATE_INCOME_YOY":-56.2966598018,"GROSS_PROFIT":22912719.6,"GROSS_PROFIT_YOY":-58.944256105084,"HOLDER_PROFIT":1610736,"HOLDER_PROFIT_YOY":-80.1816680429,"GROSS_PROFIT_RATIO":3.142199723884,"EPS_TTM":-0.004396673475,"OPERATE_INCOME_QOQ":-46.958326835107,"NET_PROFIT_RATIO":0.1711919006,"ROE_AVG":0.817480457108,"GROSS_PROFIT_QOQ":-95.565911123762,"ROA":0.46218285109,"HOLDER_PROFIT_QOQ":-54.618508960346,"ROE_YEARLY":1.634960914216,"ROIC_YEARLY":1.285760205722,"TOTAL_ASSETS":443650385.6,"TOTAL_LIABILITIES":239449329.2,"TAX_EBT":47.605633802817,"OCF_SALES":-0.575241601473,"TOTAL_PARENT_EQUITY":197858783.4,"DEBT_ASSET_RATIO":53.9725281375,"OPERATE_PROFIT":5422811.2,"PRETAX_PROFIT":2382547,"NETCASH_OPERATE":-4194625,"NETCASH_INVEST":-33557,"NETCASH_FINANCE":-7295291.8,"END_CASH":85556927.2,"DIVI_RATIO":null,"DIVIDEND_RATE":null,"CURRENT_RATIO":1.434171306451,"COMMON_ACS":10000000000,"CURRENTDEBT_DEBT":99.674869667582,"ISSUED_COMMON_SHARES":4000000000,"HK_COMMON_SHARES":4000000000,"PER_SHARES":2000,"TOTAL_MARKET_CAP":1140000000,"HKSK_MARKET_CAP":1140000000,"PE_TTM":155.029088124253,"PB_TTM":4.731394798675,"REPORT_DATE_SQ":"2021-06-30 00:00:00","REPORT_TYPE_SQ":"2021年中报","OPERATE_INCOME_SQ":1606032540.8,"DPS_HKD":null,"OPERATE_INCOME_QOQ_SQ":14.352239025319,"NET_PROFIT_RATIO_SQ":0.4661957781,"HOLDER_PROFIT_SQ":7823181.1,"HOLDER_PROFIT_QOQ_SQ":5.620459504578,"ROE_AVG_SQ":3.825136612022,"PE_TTM_SQ":501.087140129662,"PB_TTM_SQ":8.020584910415,"ROA_SQ":0.857314785317,"START_DATE":"2022-01-01 00:00:00","FISCAL_YEAR":"12-31","CURRENCY":"HKD","IS_CNY_CODE":0,"DPS_HKD_LY":null,"ORG_TYPE":"一般企业","PREMIUM_INCOME":null,"PREMIUM_INCOME_YOY":null,"NET_INTEREST_INCOME":null,"NET_INTEREST_INCOME_YOY":null,"FEE_COMMISSION_INCOME":null,"FEE_COMMISSION_INCOME_YOY":null,"ACCOUNTS_RECE_TDAYS":11.62716036171,"INVENTORY_TDAYS":null,"CURRENT_ASSETS_TDAYS":2.98677735932,"TOTAL_ASSETS_TDAYS":2.092340282124,"PREMIUM_EXPENSE":null,"LOAN_DEPOSIT":null,"LOAN_EQUITY":null,"LOAN_ASSETS":null,"DEPOSIT_EQUITY":null,"DEPOSIT_ASSETS":null,"EQUITY_MULTIPLIER":2.172615526196,"EQUITY_RATIO":1.21020318171},{"SECUCODE":"01231.HK","SECURITY_CODE":"01231","SECURITY_NAME_ABBR":"新矿资源","ORG_CODE":"10160415","STD_REPORT_DATE":"2021-12-31 00:00:00","REPORT_DATE":"2021-12-31 00:00:00","DATE_TYPE_CODE":"001","REPORT_TYPE":"2021年年报","PER_NETCASH_OPERATE":0.0252668991,"PER_OI":0.466817596525,"BPS":0.0465999913,"BASIC_EPS":-0.00255028,"DILUTED_EPS":-0.00255028,"OPERATE_INCOME":1867270386.1,"OPERATE_INCOME_YOY":-37.3526989593,"GROSS_PROFIT":34422404.3,"GROSS_PROFIT_YOY":-20.977454886122,"HOLDER_PROFIT":-11374248.8,"HOLDER_PROFIT_YOY":-314.6811070999,"GROSS_PROFIT_RATIO":1.843461158932,"EPS_TTM":-0.0028435622,"OPERATE_INCOME_QOQ":-46.468217270261,"NET_PROFIT_RATIO":-0.6081134143,"ROE_AVG":-5.916885012106,"GROSS_PROFIT_QOQ":-49.007023514866,"ROA":-2.057290465427,"HOLDER_PROFIT_QOQ":-298.609394469371,"ROE_YEARLY":-5.916885012106,"ROIC_YEARLY":-2.516912267831,"TOTAL_ASSETS":240689050.7,"TOTAL_LIABILITIES":47951639.7,"TAX_EBT":-2.533103051238,"OCF_SALES":5.412584977106,"TOTAL_PARENT_EQUITY":186399965.2,"DEBT_ASSET_RATIO":19.9226510556,"OPERATE_PROFIT":-4558625.5,"PRETAX_PROFIT":-11074590.9,"NETCASH_OPERATE":101067596.4,"NETCASH_INVEST":-1141250.3,"NETCASH_FINANCE":-104306452,"END_CASH":92473152.8,"DIVI_RATIO":null,"DIVIDEND_RATE":null,"CURRENT_RATIO":2.954230612522,"COMMON_ACS":10000000000,"CURRENTDEBT_DEBT":97.89921552985,"ISSUED_COMMON_SHARES":4000000000,"HK_COMMON_SHARES":4000000000,"PER_SHARES":2000,"TOTAL_MARKET_CAP":1140000000,"HKSK_MARKET_CAP":1140000000,"PE_TTM":155.029088124253,"PB_TTM":4.731394798675,"REPORT_DATE_SQ":"2020-12-31 00:00:00","REPORT_TYPE_SQ":"2020年年报","OPERATE_INCOME_SQ":3050358125.5,"DPS_HKD":null,"OPERATE_INCOME_QOQ_SQ":11.999055848657,"NET_PROFIT_RATIO_SQ":0.1805366902,"HOLDER_PROFIT_SQ":5422191.9,"HOLDER_PROFIT_QOQ_SQ":111.340650673471,"ROE_AVG_SQ":2.685149282668,"PE_TTM_SQ":501.087140129662,"PB_TTM_SQ":8.020584910415,"ROA_SQ":0.13298500118,"START_DATE":"2021-01-01 00:00:00","FISCAL_YEAR":"12-31","CURRENCY":"HKD","IS_CNY_CODE":0,"DPS_HKD_LY":null,"ORG_TYPE":"一般企业","PREMIUM_INCOME":null,"PREMIUM_INCOME_YOY":null,"NET_INTEREST_INCOME":null,"NET_INTEREST_INCOME_YOY":null,"FEE_COMMISSION_INCOME":null,"FEE_COMMISSION_INCOME_YOY":null,"ACCOUNTS_RECE_TDAYS":6.026627432017,"INVENTORY_TDAYS":null,"CURRENT_ASSETS_TDAYS":4.165393750622,"TOTAL_ASSETS_TDAYS":3.377381336778,"PREMIUM_EXPENSE":null,"LOAN_DEPOSIT":null,"LOAN_EQUITY":null,"LOAN_ASSETS":null,"DEPOSIT_EQUITY":null,"DEPOSIT_ASSETS":null,"EQUITY_MULTIPLIER":1.248792590142,"EQUITY_RATIO":0.257251333972},{"SECUCODE":"01231.HK","SECURITY_CODE":"01231","SECURITY_NAME_ABBR":"新矿资源","ORG_CODE":"10160415","STD_REPORT_DATE":"2021-06-30 00:00:00","REPORT_DATE":"2021-06-30 00:00:00","DATE_TYPE_CODE":"002","REPORT_TYPE":"2021年中报","PER_NETCASH_OPERATE":0.020570573425,"PER_OI":0.4015081352,"BPS":0.0520877863,"BASIC_EPS":0.00193803,"DILUTED_EPS":0.00193803,"OPERATE_INCOME":1606032540.8,"OPERATE_INCOME_YOY":50.6559930189,"GROSS_PROFIT":55808803.9,"GROSS_PROFIT_YOY":75.142327059996,"HOLDER_PROFIT":7823181.1,"HOLDER_PROFIT_YOY":14.0301318267,"GROSS_PROFIT_RATIO":3.474948513322,"EPS_TTM":0.001431736,"OPERATE_INCOME_QOQ":14.352239025319,"NET_PROFIT_RATIO":0.4661957781,"ROE_AVG":3.825136612022,"GROSS_PROFIT_QOQ":54.967508391897,"ROA":0.857314785317,"HOLDER_PROFIT_QOQ":5.620459504578,"ROE_YEARLY":7.650273224044,"ROIC_YEARLY":1.916662380159,"TOTAL_ASSETS":948530022.9,"TOTAL_LIABILITIES":734164524.6,"TAX_EBT":35.539488320356,"OCF_SALES":5.123326682971,"TOTAL_PARENT_EQUITY":208351145.2,"DEBT_ASSET_RATIO":77.4002410968,"OPERATE_PROFIT":34283750.7,"PRETAX_PROFIT":11615259.8,"NETCASH_OPERATE":82282293.7,"NETCASH_INVEST":-665390.3,"NETCASH_FINANCE":-97909275.6,"END_CASH":81881767.5,"DIVI_RATIO":null,"DIVIDEND_RATE":null,"CURRENT_RATIO":1.149033933366,"COMMON_ACS":10000000000,"CURRENTDEBT_DEBT":99.963923059325,"ISSUED_COMMON_SHARES":4000000000,"HK_COMMON_SHARES":4000000000,"PER_SHARES":2000,"TOTAL_MARKET_CAP":1140000000,"HKSK_MARKET_CAP":1140000000,"PE_TTM":155.029088124253,"PB_TTM":4.731394798675,"REPORT_DATE_SQ":"2020-06-30 00:00:00","REPORT_TYPE_SQ":"2020年中报","OPERATE_INCOME_SQ":1168237851.5,"DPS_HKD":null,"OPERATE_INCOME_QOQ_SQ":41.792846730529,"NET_PROFIT_RATIO_SQ":0.6277481193,"HOLDER_PROFIT_SQ":7518429,"HOLDER_PROFIT_QOQ_SQ":31.387406004248,"ROE_AVG_SQ":5.825250374576,"PE_TTM_SQ":501.087140129662,"PB_TTM_SQ":8.020584910415,"ROA_SQ":0.891998398822,"START_DATE":"2021-01-01 00:00:00","FISCAL_YEAR":"12-31","CURRENCY":"HKD","IS_CNY_CODE":0,"DPS_HKD_LY":null,"ORG_TYPE":"一般企业","PREMIUM_INCOME":null,"PREMIUM_INCOME_YOY":null,"NET_INTEREST_INCOME":null,"NET_INTEREST_INCOME_YOY":null,"FEE_COMMISSION_INCOME":null,"FEE_COMMISSION_INCOME_YOY":null,"ACCOUNTS_RECE_TDAYS":2.518684369159,"INVENTORY_TDAYS":null,"CURRENT_ASSETS_TDAYS":1.99360079549,"TOTAL_ASSETS_TDAYS":1.759994336484,"PREMIUM_EXPENSE":null,"LOAN_DEPOSIT":null,"LOAN_EQUITY":null,"LOAN_ASSETS":null,"DEPOSIT_EQUITY":null,"DEPOSIT_ASSETS":null,"EQUITY_MULTIPLIER":4.424825965105,"EQUITY_RATIO":3.523688453429},{"SECUCODE":"01231.HK","SECURITY_CODE":"01231","SECURITY_NAME_ABBR":"新矿资源","ORG_CODE":"10160415","STD_REPORT_DATE":"2020-12-31 00:00:00","REPORT_DATE":"2020-12-31 00:00:00","DATE_TYPE_CODE":"001","REPORT_TYPE":"2020年年报","PER_NETCASH_OPERATE":0.02037400025,"PER_OI":0.762589531375,"BPS":0.05067563585,"BASIC_EPS":0.00130498,"DILUTED_EPS":0.00130498,"OPERATE_INCOME":3050358125.5,"OPERATE_INCOME_YOY":69.8950092126,"GROSS_PROFIT":43560232.4,"GROSS_PROFIT_YOY":42.267494920349,"HOLDER_PROFIT":5422191.9,"HOLDER_PROFIT_YOY":108.3050169898,"GROSS_PROFIT_RATIO":1.428036663494,"EPS_TTM":0.001355547975,"OPERATE_INCOME_QOQ":11.999055848657,"NET_PROFIT_RATIO":0.1805366902,"ROE_AVG":2.685149282668,"GROSS_PROFIT_QOQ":5.184923574723,"ROA":0.13298500118,"HOLDER_PROFIT_QOQ":111.340650673471,"ROE_YEARLY":2.685149282668,"ROIC_YEARLY":0.14463681973,"TOTAL_ASSETS":885304956.9,"TOTAL_LIABILITIES":676188436.8,"TAX_EBT":20.151371807001,"OCF_SALES":2.671686328196,"TOTAL_PARENT_EQUITY":202702543.4,"DEBT_ASSET_RATIO":76.3791540452,"OPERATE_PROFIT":17976099.5,"PRETAX_PROFIT":6896819.3,"NETCASH_OPERATE":81496001,"NETCASH_INVEST":89084459.7,"NETCASH_FINANCE":-156238730.5,"END_CASH":99113231,"DIVI_RATIO":null,"DIVIDEND_RATE":null,"CURRENT_RATIO":1.148158522568,"COMMON_ACS":10000000000,"CURRENTDEBT_DEBT":99.90253975606,"ISSUED_COMMON_SHARES":4000000000,"HK_COMMON_SHARES":4000000000,"PER_SHARES":2000,"TOTAL_MARKET_CAP":1140000000,"HKSK_MARKET_CAP":1140000000,"PE_TTM":155.029088124253,"PB_TTM":4.731394798675,"REPORT_DATE_SQ":"2019-12-31 00:00:00","REPORT_TYPE_SQ":"2019年年报","OPERATE_INCOME_SQ":1919620025.4,"DPS_HKD":null,"OPERATE_INCOME_QOQ_SQ":242.798605819081,"NET_PROFIT_RATIO_SQ":-3.6529050396,"HOLDER_PROFIT_SQ":-69803857.2,"HOLDER_PROFIT_QOQ_SQ":-89.941941287104,"ROE_AVG_SQ":-27.899714132428,"PE_TTM_SQ":501.087140129662,"PB_TTM_SQ":8.020584910415,"ROA_SQ":-8.079341817237,"START_DATE":"2020-01-01 00:00:00","FISCAL_YEAR":"12-31","CURRENCY":"HKD","IS_CNY_CODE":0,"DPS_HKD_LY":null,"ORG_TYPE":"一般企业","PREMIUM_INCOME":null,"PREMIUM_INCOME_YOY":null,"NET_INTEREST_INCOME":null,"NET_INTEREST_INCOME_YOY":null,"FEE_COMMISSION_INCOME":null,"FEE_COMMISSION_INCOME_YOY":null,"ACCOUNTS_RECE_TDAYS":6.776615714669,"INVENTORY_TDAYS":null,"CURRENT_ASSETS_TDAYS":0.84776514025,"TOTAL_ASSETS_TDAYS":0.748132648938,"PREMIUM_EXPENSE":null,"LOAN_DEPOSIT":null,"LOAN_EQUITY":null,"LOAN_ASSETS":null,"DEPOSIT_EQUITY":null,"DEPOSIT_ASSETS":null,"EQUITY_MULTIPLIER":4.233548628671,"EQUITY_RATIO":3.335865576515},{"SECUCODE":"01231.HK","SECURITY_CODE":"01231","SECURITY_NAME_ABBR":"新矿资源","ORG_CODE":"10160415","STD_REPORT_DATE":"2020-06-30 00:00:00","REPORT_DATE":"2020-06-30 00:00:00","DATE_TYPE_CODE":"002","REPORT_TYPE":"2020年中报","PER_NETCASH_OPERATE":0.1050125,"PER_OI":0.292059462875,"BPS":0.0556975,"BASIC_EPS":0.00212385,"DILUTED_EPS":0.00212385,"OPERATE_INCOME":1168237851.5,"OPERATE_INCOME_YOY":223.5008658756,"GROSS_PROFIT":31864829.5,"GROSS_PROFIT_YOY":55.559605057606,"HOLDER_PROFIT":7518429,"HOLDER_PROFIT_YOY":150.9975837073,"GROSS_PROFIT_RATIO":2.727614634604,"EPS_TTM":-0.011953,"OPERATE_INCOME_QOQ":41.792846730529,"NET_PROFIT_RATIO":0.6277481193,"ROE_AVG":5.825250374576,"GROSS_PROFIT_QOQ":37.110978678321,"ROA":0.891998398822,"HOLDER_PROFIT_QOQ":31.387406004248,"ROE_YEARLY":11.650500749152,"ROIC_YEARLY":2.076056981258,"TOTAL_ASSETS":542197000,"TOTAL_LIABILITIES":319407000,"TAX_EBT":19.80122324159,"OCF_SALES":36.151027900968,"TOTAL_PARENT_EQUITY":222790000,"DEBT_ASSET_RATIO":58.9097689585,"OPERATE_PROFIT":19475704.5,"PRETAX_PROFIT":9259986,"NETCASH_OPERATE":192328776.5,"NETCASH_INVEST":93548513,"NETCASH_FINANCE":-229128017.5,"END_CASH":148499592,"DIVI_RATIO":null,"DIVIDEND_RATE":null,"CURRENT_RATIO":1.543460628215,"COMMON_ACS":10000000000,"CURRENTDEBT_DEBT":84.532586950192,"ISSUED_COMMON_SHARES":4000000000,"HK_COMMON_SHARES":4000000000,"PER_SHARES":2000,"TOTAL_MARKET_CAP":1140000000,"HKSK_MARKET_CAP":1140000000,"PE_TTM":155.029088124253,"PB_TTM":4.731394798675,"REPORT_DATE_SQ":"2019-06-30 00:00:00","REPORT_TYPE_SQ":"2019年中报","OPERATE_INCOME_SQ":359174000,"DPS_HKD":null,"OPERATE_INCOME_QOQ_SQ":76.130423439253,"NET_PROFIT_RATIO_SQ":-4.0950122995,"HOLDER_PROFIT_SQ":-14485000,"HOLDER_PROFIT_QOQ_SQ":65.391581608588,"ROE_AVG_SQ":-5.226223120219,"PE_TTM_SQ":501.087140129662,"PB_TTM_SQ":8.020584910415,"ROA_SQ":-1.839229618644,"START_DATE":"2020-01-01 00:00:00","FISCAL_YEAR":"12-31","CURRENCY":"HKD","IS_CNY_CODE":0,"DPS_HKD_LY":null,"ORG_TYPE":"一般企业","PREMIUM_INCOME":null,"PREMIUM_INCOME_YOY":null,"NET_INTEREST_INCOME":null,"NET_INTEREST_INCOME_YOY":null,"FEE_COMMISSION_INCOME":null,"FEE_COMMISSION_INCOME_YOY":null,"ACCOUNTS_RECE_TDAYS":1.366379756478,"INVENTORY_TDAYS":null,"CURRENT_ASSETS_TDAYS":1.659004381202,"TOTAL_ASSETS_TDAYS":1.403060229514,"PREMIUM_EXPENSE":null,"LOAN_DEPOSIT":null,"LOAN_EQUITY":null,"LOAN_ASSETS":null,"DEPOSIT_EQUITY":null,"DEPOSIT_ASSETS":null,"EQUITY_MULTIPLIER":2.43366847704,"EQUITY_RATIO":1.433668477041}],"count":31},"success":true,"message":"ok","code":0}