{"version":"2be2e3fc17e5a19e18b2ba84422de1fd","result":{"pages":4,"data":[{"SECUCODE":"01238.HK","SECURITY_CODE":"01238","SECURITY_NAME_ABBR":"宝龙地产","ORG_CODE":"10145140","STD_REPORT_DATE":"2024-06-30 00:00:00","REPORT_DATE":"2024-06-30 00:00:00","DATE_TYPE_CODE":"002","REPORT_TYPE":"2024年中报","PER_NETCASH_OPERATE":0.188452186901,"PER_OI":3.780125992566,"BPS":8.6520191392,"BASIC_EPS":-0.633,"DILUTED_EPS":-0.633,"OPERATE_INCOME":15651245000,"OPERATE_INCOME_YOY":27.2532294748,"GROSS_PROFIT":2017122000,"GROSS_PROFIT_YOY":-43.141398535522,"HOLDER_PROFIT":-2622869000,"HOLDER_PROFIT_YOY":-2883.5641588929,"GROSS_PROFIT_RATIO":12.887933196369,"EPS_TTM":-1.297019879466,"OPERATE_INCOME_QOQ":14.634895177216,"NET_PROFIT_RATIO":-13.0769916387,"ROE_AVG":-7.061067107057,"GROSS_PROFIT_QOQ":-62.383282708966,"ROA":-1.245402857532,"HOLDER_PROFIT_QOQ":-102.412546280958,"ROE_YEARLY":-14.122134214115,"ROIC_YEARLY":-2.810310635034,"TOTAL_ASSETS":206402304000,"TOTAL_LIABILITIES":153702569000,"TAX_EBT":-113.398115951851,"OCF_SALES":4.985341421721,"TOTAL_PARENT_EQUITY":35822846000,"DEBT_ASSET_RATIO":74.4674676694,"OPERATE_PROFIT":164805000,"PRETAX_PROFIT":-959105000,"NETCASH_OPERATE":780268000,"NETCASH_INVEST":-82474000,"NETCASH_FINANCE":-2008085000,"END_CASH":6424847000,"DIVI_RATIO":null,"DIVIDEND_RATE":null,"CURRENT_RATIO":0.927621212666,"COMMON_ACS":30000000000,"CURRENTDEBT_DEBT":74.588764355656,"ISSUED_COMMON_SHARES":4140403000,"HK_COMMON_SHARES":4140403000,"PER_SHARES":1000,"TOTAL_MARKET_CAP":1945989410,"HKSK_MARKET_CAP":1945989410,"PE_TTM":-0.329624558964,"PB_TTM":0.049579132119,"REPORT_DATE_SQ":"2023-06-30 00:00:00","REPORT_TYPE_SQ":"2023年中报","OPERATE_INCOME_SQ":12299291000,"DPS_HKD":null,"OPERATE_INCOME_QOQ_SQ":-14.653435382792,"NET_PROFIT_RATIO_SQ":2.3734701456,"HOLDER_PROFIT_SQ":94227000,"HOLDER_PROFIT_QOQ_SQ":-148.090859818172,"ROE_AVG_SQ":0.228960740524,"PE_TTM_SQ":-10.929569023659,"PB_TTM_SQ":0.063000728308,"ROA_SQ":0.040999670896,"START_DATE":"2024-01-01 00:00:00","FISCAL_YEAR":"12-31","CURRENCY":"HKD","IS_CNY_CODE":0,"DPS_HKD_LY":null,"ORG_TYPE":"一般企业","PREMIUM_INCOME":null,"PREMIUM_INCOME_YOY":null,"NET_INTEREST_INCOME":null,"NET_INTEREST_INCOME_YOY":null,"FEE_COMMISSION_INCOME":null,"FEE_COMMISSION_INCOME_YOY":null,"ACCOUNTS_RECE_TDAYS":8.714411906113,"INVENTORY_TDAYS":0.18635024642,"CURRENT_ASSETS_TDAYS":0.140480029648,"TOTAL_ASSETS_TDAYS":0.074315969448,"PREMIUM_EXPENSE":null,"LOAN_DEPOSIT":null,"LOAN_EQUITY":null,"LOAN_ASSETS":null,"DEPOSIT_EQUITY":null,"DEPOSIT_ASSETS":null,"EQUITY_MULTIPLIER":3.916571952409,"EQUITY_RATIO":4.290629756218},{"SECUCODE":"01238.HK","SECURITY_CODE":"01238","SECURITY_NAME_ABBR":"宝龙地产","ORG_CODE":"10145140","STD_REPORT_DATE":"2023-12-31 00:00:00","REPORT_DATE":"2023-12-31 00:00:00","DATE_TYPE_CODE":"001","REPORT_TYPE":"2023年年报","PER_NETCASH_OPERATE":1.342391066763,"PER_OI":5.531791712063,"BPS":9.290922405379,"BASIC_EPS":-0.641,"DILUTED_EPS":-0.641,"OPERATE_INCOME":22903847000,"OPERATE_INCOME_YOY":-27.0063376221,"GROSS_PROFIT":2453364000,"GROSS_PROFIT_YOY":-75.162563377698,"HOLDER_PROFIT":-2653089000,"HOLDER_PROFIT_YOY":-750.6671996743,"GROSS_PROFIT_RATIO":10.711580460697,"EPS_TTM":-0.640780378142,"OPERATE_INCOME_QOQ":-14.473813087513,"NET_PROFIT_RATIO":-11.2526074768,"ROE_AVG":-6.668253622603,"GROSS_PROFIT_QOQ":-70.05370491664,"ROA":-1.182945300199,"HOLDER_PROFIT_QOQ":-1252.99556326177,"ROE_YEARLY":-6.668253622603,"ROIC_YEARLY":-1.35056745525,"TOTAL_ASSETS":214805819000,"TOTAL_LIABILITIES":159486979000,"TAX_EBT":-31.469730049583,"OCF_SALES":24.266840413316,"TOTAL_PARENT_EQUITY":38468163000,"DEBT_ASSET_RATIO":74.2470477487,"OPERATE_PROFIT":-1845823000,"PRETAX_PROFIT":-1960360000,"NETCASH_OPERATE":5558040000,"NETCASH_INVEST":3906905000,"NETCASH_FINANCE":-11321148000,"END_CASH":7734844000,"DIVI_RATIO":null,"DIVIDEND_RATE":null,"CURRENT_RATIO":0.970802182185,"COMMON_ACS":30000000000,"CURRENTDEBT_DEBT":75.229588491986,"ISSUED_COMMON_SHARES":4140403000,"HK_COMMON_SHARES":4140403000,"PER_SHARES":1000,"TOTAL_MARKET_CAP":2318625680,"HKSK_MARKET_CAP":2318625680,"PE_TTM":-0.392744155361,"PB_TTM":0.059073008482,"REPORT_DATE_SQ":"2022-12-31 00:00:00","REPORT_TYPE_SQ":"2022年年报","OPERATE_INCOME_SQ":31377857000,"DPS_HKD":null,"OPERATE_INCOME_QOQ_SQ":-13.00745719511,"NET_PROFIT_RATIO_SQ":5.1423747645,"HOLDER_PROFIT_SQ":407749000,"HOLDER_PROFIT_QOQ_SQ":-85.345294812779,"ROE_AVG_SQ":0.996950765732,"PE_TTM_SQ":-10.768840067429,"PB_TTM_SQ":0.06207424701,"ROA_SQ":0.170318683077,"START_DATE":"2023-01-01 00:00:00","FISCAL_YEAR":"12-31","CURRENCY":"HKD","IS_CNY_CODE":0,"DPS_HKD_LY":null,"ORG_TYPE":"一般企业","PREMIUM_INCOME":null,"PREMIUM_INCOME_YOY":null,"NET_INTEREST_INCOME":null,"NET_INTEREST_INCOME_YOY":null,"FEE_COMMISSION_INCOME":null,"FEE_COMMISSION_INCOME_YOY":null,"ACCOUNTS_RECE_TDAYS":8.825684439213,"INVENTORY_TDAYS":0.249484008803,"CURRENT_ASSETS_TDAYS":0.182901231876,"TOTAL_ASSETS_TDAYS":0.102122462402,"PREMIUM_EXPENSE":null,"LOAN_DEPOSIT":null,"LOAN_EQUITY":null,"LOAN_ASSETS":null,"DEPOSIT_EQUITY":null,"DEPOSIT_ASSETS":null,"EQUITY_MULTIPLIER":3.883049951873,"EQUITY_RATIO":4.145947364318},{"SECUCODE":"01238.HK","SECURITY_CODE":"01238","SECURITY_NAME_ABBR":"宝龙地产","ORG_CODE":"10145140","STD_REPORT_DATE":"2023-06-30 00:00:00","REPORT_DATE":"2023-06-30 00:00:00","DATE_TYPE_CODE":"002","REPORT_TYPE":"2023年中报","PER_NETCASH_OPERATE":0.32883803823,"PER_OI":2.970554074084,"BPS":9.951415115872,"BASIC_EPS":0.023,"DILUTED_EPS":0.023,"OPERATE_INCOME":12299291000,"OPERATE_INCOME_YOY":-27.2111781668,"GROSS_PROFIT":3547611000,"GROSS_PROFIT_YOY":-32.203710820561,"HOLDER_PROFIT":94227000,"HOLDER_PROFIT_YOY":-86.5017061424,"GROSS_PROFIT_RATIO":28.844028489122,"EPS_TTM":-0.047360124123,"OPERATE_INCOME_QOQ":-14.653435382792,"NET_PROFIT_RATIO":2.3734701456,"ROE_AVG":0.228960740524,"GROSS_PROFIT_QOQ":-17.060068522121,"ROA":0.040999670896,"HOLDER_PROFIT_QOQ":-148.090859818172,"ROE_YEARLY":0.457921481048,"ROIC_YEARLY":0.094571343482,"TOTAL_ASSETS":225896914000,"TOTAL_LIABILITIES":163622896000,"TAX_EBT":73.048056850947,"OCF_SALES":11.069922648387,"TOTAL_PARENT_EQUITY":41202869000,"DEBT_ASSET_RATIO":72.4325503623,"OPERATE_PROFIT":1905967000,"PRETAX_PROFIT":1083113000,"NETCASH_OPERATE":1361522000,"NETCASH_INVEST":1699775000,"NETCASH_FINANCE":-3707116000,"END_CASH":8946984000,"DIVI_RATIO":null,"DIVIDEND_RATE":null,"CURRENT_RATIO":1.186795760537,"COMMON_ACS":30000000000,"CURRENTDEBT_DEBT":64.494114564505,"ISSUED_COMMON_SHARES":4140403000,"HK_COMMON_SHARES":4140403000,"PER_SHARES":1000,"TOTAL_MARKET_CAP":2318625680,"HKSK_MARKET_CAP":2318625680,"PE_TTM":-0.392744155361,"PB_TTM":0.059073008482,"REPORT_DATE_SQ":"2022-06-30 00:00:00","REPORT_TYPE_SQ":"2022年中报","OPERATE_INCOME_SQ":16897225000,"DPS_HKD":null,"OPERATE_INCOME_QOQ_SQ":-9.605590492276,"NET_PROFIT_RATIO_SQ":7.180362456,"HOLDER_PROFIT_SQ":698066000,"HOLDER_PROFIT_QOQ_SQ":-53.565920723272,"ROE_AVG_SQ":1.697129860705,"PE_TTM_SQ":-10.768840067429,"PB_TTM_SQ":0.06207424701,"ROA_SQ":0.288650082198,"START_DATE":"2023-01-01 00:00:00","FISCAL_YEAR":"12-31","CURRENCY":"HKD","IS_CNY_CODE":0,"DPS_HKD_LY":null,"ORG_TYPE":"一般企业","PREMIUM_INCOME":null,"PREMIUM_INCOME_YOY":null,"NET_INTEREST_INCOME":null,"NET_INTEREST_INCOME_YOY":null,"FEE_COMMISSION_INCOME":null,"FEE_COMMISSION_INCOME_YOY":null,"ACCOUNTS_RECE_TDAYS":4.803230378161,"INVENTORY_TDAYS":0.103944997023,"CURRENT_ASSETS_TDAYS":0.094897764082,"TOTAL_ASSETS_TDAYS":0.053516177237,"PREMIUM_EXPENSE":null,"LOAN_DEPOSIT":null,"LOAN_EQUITY":null,"LOAN_ASSETS":null,"DEPOSIT_EQUITY":null,"DEPOSIT_ASSETS":null,"EQUITY_MULTIPLIER":3.627466498143,"EQUITY_RATIO":3.971152979663},{"SECUCODE":"01238.HK","SECURITY_CODE":"01238","SECURITY_NAME_ABBR":"宝龙地产","ORG_CODE":"10145140","STD_REPORT_DATE":"2022-12-31 00:00:00","REPORT_DATE":"2022-12-31 00:00:00","DATE_TYPE_CODE":"001","REPORT_TYPE":"2022年年报","PER_NETCASH_OPERATE":1.072500913558,"PER_OI":7.578454802588,"BPS":9.927914021896,"BASIC_EPS":0.099,"DILUTED_EPS":0.099,"OPERATE_INCOME":31377857000,"OPERATE_INCOME_YOY":-21.3636046158,"GROSS_PROFIT":9877686000,"GROSS_PROFIT_YOY":-21.09875749358,"HOLDER_PROFIT":407749000,"HOLDER_PROFIT_YOY":-93.1952225756,"GROSS_PROFIT_RATIO":31.479797998952,"EPS_TTM":0.098480510231,"OPERATE_INCOME_QOQ":-13.00745719511,"NET_PROFIT_RATIO":5.1423747645,"ROE_AVG":0.996950765732,"GROSS_PROFIT_QOQ":-5.561593189663,"ROA":0.170318683077,"HOLDER_PROFIT_QOQ":-85.345294812779,"ROE_YEARLY":0.996950765732,"ROIC_YEARLY":0.200565051794,"TOTAL_ASSETS":233750678000,"TOTAL_LIABILITIES":171149084000,"TAX_EBT":61.315691367896,"OCF_SALES":14.151973476073,"TOTAL_PARENT_EQUITY":41105565000,"DEBT_ASSET_RATIO":73.218647092,"OPERATE_PROFIT":5963642000,"PRETAX_PROFIT":4171115000,"NETCASH_OPERATE":4440586000,"NETCASH_INVEST":-1645884000,"NETCASH_FINANCE":-12552424000,"END_CASH":9589869000,"DIVI_RATIO":null,"DIVIDEND_RATE":null,"CURRENT_RATIO":1.143288926271,"COMMON_ACS":30000000000,"CURRENTDEBT_DEBT":68.467462554459,"ISSUED_COMMON_SHARES":4140403000,"HK_COMMON_SHARES":4140403000,"PER_SHARES":1000,"TOTAL_MARKET_CAP":2318625680,"HKSK_MARKET_CAP":2318625680,"PE_TTM":-0.392744155361,"PB_TTM":0.059073008482,"REPORT_DATE_SQ":"2021-12-31 00:00:00","REPORT_TYPE_SQ":"2021年年报","OPERATE_INCOME_SQ":39902461000,"DPS_HKD":null,"OPERATE_INCOME_QOQ_SQ":2.168810205948,"NET_PROFIT_RATIO_SQ":18.3851442145,"HOLDER_PROFIT_SQ":5992099000,"HOLDER_PROFIT_QOQ_SQ":-22.995183423162,"ROE_AVG_SQ":15.58118943618,"PE_TTM_SQ":-10.768840067429,"PB_TTM_SQ":0.06207424701,"ROA_SQ":2.722518316187,"START_DATE":"2022-01-01 00:00:00","FISCAL_YEAR":"12-31","CURRENCY":"HKD","IS_CNY_CODE":0,"DPS_HKD_LY":0.1,"ORG_TYPE":"一般企业","PREMIUM_INCOME":null,"PREMIUM_INCOME_YOY":null,"NET_INTEREST_INCOME":null,"NET_INTEREST_INCOME_YOY":null,"FEE_COMMISSION_INCOME":null,"FEE_COMMISSION_INCOME_YOY":null,"ACCOUNTS_RECE_TDAYS":10.267930797012,"INVENTORY_TDAYS":0.246141059778,"CURRENT_ASSETS_TDAYS":0.222167086532,"TOTAL_ASSETS_TDAYS":0.131066790649,"PREMIUM_EXPENSE":null,"LOAN_DEPOSIT":null,"LOAN_EQUITY":null,"LOAN_ASSETS":null,"DEPOSIT_EQUITY":null,"DEPOSIT_ASSETS":null,"EQUITY_MULTIPLIER":3.733941311461,"EQUITY_RATIO":4.163647525584},{"SECUCODE":"01238.HK","SECURITY_CODE":"01238","SECURITY_NAME_ABBR":"宝龙地产","ORG_CODE":"10145140","STD_REPORT_DATE":"2022-06-30 00:00:00","REPORT_DATE":"2022-06-30 00:00:00","DATE_TYPE_CODE":"002","REPORT_TYPE":"2022年中报","PER_NETCASH_OPERATE":1.663870401021,"PER_OI":4.081058051595,"BPS":10.040240044266,"BASIC_EPS":0.169,"DILUTED_EPS":0.169,"OPERATE_INCOME":16897225000,"OPERATE_INCOME_YOY":-18.4893873119,"GROSS_PROFIT":5232751000,"GROSS_PROFIT_YOY":-28.243833379546,"HOLDER_PROFIT":698066000,"HOLDER_PROFIT_YOY":-82.1365483141,"GROSS_PROFIT_RATIO":30.968108668731,"EPS_TTM":0.6720060825,"OPERATE_INCOME_QOQ":-9.605590492276,"NET_PROFIT_RATIO":7.180362456,"ROE_AVG":1.697129860705,"GROSS_PROFIT_QOQ":-16.452166897648,"ROA":0.288650082198,"HOLDER_PROFIT_QOQ":-53.565920723272,"ROE_YEARLY":3.39425972141,"ROIC_YEARLY":0.686427818828,"TOTAL_ASSETS":238619834000,"TOTAL_LIABILITIES":175981964000,"TAX_EBT":52.44209711003,"OCF_SALES":40.770564397408,"TOTAL_PARENT_EQUITY":41570640000,"DEBT_ASSET_RATIO":73.7499314495,"OPERATE_PROFIT":3313101000,"PRETAX_PROFIT":2551168000,"NETCASH_OPERATE":6889094000,"NETCASH_INVEST":-2859526000,"NETCASH_FINANCE":-8727216000,"END_CASH":14706191000,"DIVI_RATIO":null,"DIVIDEND_RATE":null,"CURRENT_RATIO":1.231346607454,"COMMON_ACS":30000000000,"CURRENTDEBT_DEBT":64.28120270325,"ISSUED_COMMON_SHARES":4140403000,"HK_COMMON_SHARES":4140403000,"PER_SHARES":1000,"TOTAL_MARKET_CAP":2318625680,"HKSK_MARKET_CAP":2318625680,"PE_TTM":-0.392744155361,"PB_TTM":0.059073008482,"REPORT_DATE_SQ":"2021-06-30 00:00:00","REPORT_TYPE_SQ":"2021年中报","OPERATE_INCOME_SQ":20730092000,"DPS_HKD":null,"OPERATE_INCOME_QOQ_SQ":10.029843387716,"NET_PROFIT_RATIO_SQ":24.4914204915,"HOLDER_PROFIT_SQ":3907789000,"HOLDER_PROFIT_QOQ_SQ":27.706944903972,"ROE_AVG_SQ":10.368097964183,"PE_TTM_SQ":-10.768840067429,"PB_TTM_SQ":0.06207424701,"ROA_SQ":1.894406011948,"START_DATE":"2022-01-01 00:00:00","FISCAL_YEAR":"12-31","CURRENCY":"HKD","IS_CNY_CODE":0,"DPS_HKD_LY":0.1,"ORG_TYPE":"一般企业","PREMIUM_INCOME":null,"PREMIUM_INCOME_YOY":null,"NET_INTEREST_INCOME":null,"NET_INTEREST_INCOME_YOY":null,"FEE_COMMISSION_INCOME":null,"FEE_COMMISSION_INCOME_YOY":null,"ACCOUNTS_RECE_TDAYS":5.737282023875,"INVENTORY_TDAYS":0.133706625288,"CURRENT_ASSETS_TDAYS":0.117426411758,"TOTAL_ASSETS_TDAYS":0.069869974833,"PREMIUM_EXPENSE":null,"LOAN_DEPOSIT":null,"LOAN_EQUITY":null,"LOAN_ASSETS":null,"DEPOSIT_EQUITY":null,"DEPOSIT_ASSETS":null,"EQUITY_MULTIPLIER":3.809513861178,"EQUITY_RATIO":4.233323422492},{"SECUCODE":"01238.HK","SECURITY_CODE":"01238","SECURITY_NAME_ABBR":"宝龙地产","ORG_CODE":"10145140","STD_REPORT_DATE":"2021-12-31 00:00:00","REPORT_DATE":"2021-12-31 00:00:00","DATE_TYPE_CODE":"001","REPORT_TYPE":"2021年年报","PER_NETCASH_OPERATE":0.469301659766,"PER_OI":9.637337476569,"BPS":9.828429744641,"BASIC_EPS":1.447,"DILUTED_EPS":1.447,"OPERATE_INCOME":39902461000,"OPERATE_INCOME_YOY":12.4161818607,"GROSS_PROFIT":12519050000,"GROSS_PROFIT_YOY":-2.315394467417,"HOLDER_PROFIT":5992099000,"HOLDER_PROFIT_YOY":-1.6595013208,"GROSS_PROFIT_RATIO":31.374130031729,"EPS_TTM":1.447226030896,"OPERATE_INCOME_QOQ":2.168810205948,"NET_PROFIT_RATIO":18.3851442145,"ROE_AVG":15.58118943618,"GROSS_PROFIT_QOQ":-8.921005966709,"ROA":2.722518316187,"HOLDER_PROFIT_QOQ":-22.995183423162,"ROE_YEARLY":15.58118943618,"ROIC_YEARLY":3.346158423978,"TOTAL_ASSETS":245056453000,"TOTAL_LIABILITIES":182649001000,"TAX_EBT":39.609321112826,"OCF_SALES":4.869619445277,"TOTAL_PARENT_EQUITY":40693660000,"DEBT_ASSET_RATIO":74.5334386277,"OPERATE_PROFIT":12074592000,"PRETAX_PROFIT":12147777000,"NETCASH_OPERATE":1943098000,"NETCASH_INVEST":-22863173000,"NETCASH_FINANCE":15101270000,"END_CASH":19407192000,"DIVI_RATIO":null,"DIVIDEND_RATE":null,"CURRENT_RATIO":1.229749524424,"COMMON_ACS":30000000000,"CURRENTDEBT_DEBT":66.113215149751,"ISSUED_COMMON_SHARES":4140403000,"HK_COMMON_SHARES":4140403000,"PER_SHARES":1000,"TOTAL_MARKET_CAP":2318625680,"HKSK_MARKET_CAP":2318625680,"PE_TTM":-0.392744155361,"PB_TTM":0.059073008482,"REPORT_DATE_SQ":"2020-12-31 00:00:00","REPORT_TYPE_SQ":"2020年年报","OPERATE_INCOME_SQ":35495300000,"DPS_HKD":null,"OPERATE_INCOME_QOQ_SQ":14.648505575255,"NET_PROFIT_RATIO_SQ":24.8352598795,"HOLDER_PROFIT_SQ":6093216000,"HOLDER_PROFIT_QOQ_SQ":36.694497394641,"ROE_AVG_SQ":17.905141026418,"PE_TTM_SQ":-10.768840067429,"PB_TTM_SQ":0.06207424701,"ROA_SQ":3.407567654821,"START_DATE":"2021-01-01 00:00:00","FISCAL_YEAR":"12-31","CURRENCY":"HKD","IS_CNY_CODE":0,"DPS_HKD_LY":0.51,"ORG_TYPE":"一般企业","PREMIUM_INCOME":null,"PREMIUM_INCOME_YOY":null,"NET_INTEREST_INCOME":null,"NET_INTEREST_INCOME_YOY":null,"FEE_COMMISSION_INCOME":null,"FEE_COMMISSION_INCOME_YOY":null,"ACCOUNTS_RECE_TDAYS":15.427420877967,"INVENTORY_TDAYS":0.362675155793,"CURRENT_ASSETS_TDAYS":0.295587478549,"TOTAL_ASSETS_TDAYS":0.181297373313,"PREMIUM_EXPENSE":null,"LOAN_DEPOSIT":null,"LOAN_EQUITY":null,"LOAN_ASSETS":null,"DEPOSIT_EQUITY":null,"DEPOSIT_ASSETS":null,"EQUITY_MULTIPLIER":3.926717806071,"EQUITY_RATIO":4.488389616466},{"SECUCODE":"01238.HK","SECURITY_CODE":"01238","SECURITY_NAME_ABBR":"宝龙地产","ORG_CODE":"10145140","STD_REPORT_DATE":"2021-06-30 00:00:00","REPORT_DATE":"2021-06-30 00:00:00","DATE_TYPE_CODE":"002","REPORT_TYPE":"2021年中报","PER_NETCASH_OPERATE":-1.278718173968,"PER_OI":5.004363892166,"BPS":9.458053720858,"BASIC_EPS":0.943,"DILUTED_EPS":0.943,"OPERATE_INCOME":20730092000,"OPERATE_INCOME_YOY":20.7345918912,"GROSS_PROFIT":7292406000,"GROSS_PROFIT_YOY":14.607744927412,"HOLDER_PROFIT":3907789000,"HOLDER_PROFIT_YOY":76.0626164372,"GROSS_PROFIT_RATIO":35.177875718062,"EPS_TTM":1.878489369576,"OPERATE_INCOME_QOQ":10.029843387716,"NET_PROFIT_RATIO":24.4914204915,"ROE_AVG":10.368097964183,"GROSS_PROFIT_QOQ":7.252617982229,"ROA":1.894406011948,"HOLDER_PROFIT_QOQ":27.706944903972,"ROE_YEARLY":20.736195928365,"ROIC_YEARLY":4.727676970538,"TOTAL_ASSETS":217429361000,"TOTAL_LIABILITIES":159773354000,"TAX_EBT":34.437945896359,"OCF_SALES":-25.552062190559,"TOTAL_PARENT_EQUITY":39160154000,"DEBT_ASSET_RATIO":73.4828788831,"OPERATE_PROFIT":7501917000,"PRETAX_PROFIT":7743952000,"NETCASH_OPERATE":-5296966000,"NETCASH_INVEST":-6883180000,"NETCASH_FINANCE":9367334000,"END_CASH":22515199000,"DIVI_RATIO":null,"DIVIDEND_RATE":null,"CURRENT_RATIO":1.361313188737,"COMMON_ACS":30000000000,"CURRENTDEBT_DEBT":62.831926905659,"ISSUED_COMMON_SHARES":4140403000,"HK_COMMON_SHARES":4140403000,"PER_SHARES":1000,"TOTAL_MARKET_CAP":2318625680,"HKSK_MARKET_CAP":2318625680,"PE_TTM":-0.392744155361,"PB_TTM":0.059073008482,"REPORT_DATE_SQ":"2020-06-30 00:00:00","REPORT_TYPE_SQ":"2020年中报","OPERATE_INCOME_SQ":17169969000,"DPS_HKD":null,"OPERATE_INCOME_QOQ_SQ":18.886969142333,"NET_PROFIT_RATIO_SQ":20.3540553859,"HOLDER_PROFIT_SQ":2219545000,"HOLDER_PROFIT_QOQ_SQ":10.304752449571,"ROE_AVG_SQ":6.89520518023,"PE_TTM_SQ":-10.768840067429,"PB_TTM_SQ":0.06207424701,"ROA_SQ":1.323035830771,"START_DATE":"2021-01-01 00:00:00","FISCAL_YEAR":"12-31","CURRENCY":"HKD","IS_CNY_CODE":0,"DPS_HKD_LY":0.51,"ORG_TYPE":"一般企业","PREMIUM_INCOME":null,"PREMIUM_INCOME_YOY":null,"NET_INTEREST_INCOME":null,"NET_INTEREST_INCOME_YOY":null,"FEE_COMMISSION_INCOME":null,"FEE_COMMISSION_INCOME_YOY":null,"ACCOUNTS_RECE_TDAYS":6.620859126916,"INVENTORY_TDAYS":0.189397890347,"CURRENT_ASSETS_TDAYS":0.160605409515,"TOTAL_ASSETS_TDAYS":0.100494706631,"PREMIUM_EXPENSE":null,"LOAN_DEPOSIT":null,"LOAN_EQUITY":null,"LOAN_ASSETS":null,"DEPOSIT_EQUITY":null,"DEPOSIT_ASSETS":null,"EQUITY_MULTIPLIER":3.771148442516,"EQUITY_RATIO":4.079998102153},{"SECUCODE":"01238.HK","SECURITY_CODE":"01238","SECURITY_NAME_ABBR":"宝龙地产","ORG_CODE":"10145140","STD_REPORT_DATE":"2020-12-31 00:00:00","REPORT_DATE":"2020-12-31 00:00:00","DATE_TYPE_CODE":"001","REPORT_TYPE":"2020年年报","PER_NETCASH_OPERATE":-2.900044008272,"PER_OI":8.568770348998,"BPS":8.748149878164,"BASIC_EPS":1.471,"DILUTED_EPS":1.471,"OPERATE_INCOME":35495300000,"OPERATE_INCOME_YOY":36.3021334454,"GROSS_PROFIT":12815786000,"GROSS_PROFIT_YOY":35.144264376796,"HOLDER_PROFIT":6093216000,"HOLDER_PROFIT_YOY":50.7805269633,"GROSS_PROFIT_RATIO":36.105585809952,"EPS_TTM":1.470937521048,"OPERATE_INCOME_QOQ":14.648505575255,"NET_PROFIT_RATIO":24.8352598795,"ROE_AVG":17.905141026418,"GROSS_PROFIT_QOQ":15.525847897802,"ROA":3.407567654821,"HOLDER_PROFIT_QOQ":36.694497394641,"ROE_YEARLY":17.905141026418,"ROIC_YEARLY":4.211845905779,"TOTAL_ASSETS":195131513000,"TOTAL_LIABILITIES":143330347000,"TAX_EBT":33.636278157069,"OCF_SALES":-33.844342772142,"TOTAL_PARENT_EQUITY":36220866000,"DEBT_ASSET_RATIO":73.4532033275,"OPERATE_PROFIT":12303964000,"PRETAX_PROFIT":13283387000,"NETCASH_OPERATE":-12013151000,"NETCASH_INVEST":-5238014000,"NETCASH_FINANCE":22360584000,"END_CASH":25338726000,"DIVI_RATIO":null,"DIVIDEND_RATE":null,"CURRENT_RATIO":1.359999376694,"COMMON_ACS":30000000000,"CURRENTDEBT_DEBT":62.324650619872,"ISSUED_COMMON_SHARES":4140403000,"HK_COMMON_SHARES":4140403000,"PER_SHARES":1000,"TOTAL_MARKET_CAP":2318625680,"HKSK_MARKET_CAP":2318625680,"PE_TTM":-0.392744155361,"PB_TTM":0.059073008482,"REPORT_DATE_SQ":"2019-12-31 00:00:00","REPORT_TYPE_SQ":"2019年年报","OPERATE_INCOME_SQ":26041632000,"DPS_HKD":null,"OPERATE_INCOME_QOQ_SQ":15.425577440767,"NET_PROFIT_RATIO_SQ":23.1087552424,"HOLDER_PROFIT_SQ":4041116000,"HOLDER_PROFIT_QOQ_SQ":22.093814060779,"ROE_AVG_SQ":13.669118333012,"PE_TTM_SQ":-10.768840067429,"PB_TTM_SQ":0.06207424701,"ROA_SQ":2.743911382965,"START_DATE":"2020-01-01 00:00:00","FISCAL_YEAR":"12-31","CURRENCY":"HKD","IS_CNY_CODE":0,"DPS_HKD_LY":0.16,"ORG_TYPE":"一般企业","PREMIUM_INCOME":null,"PREMIUM_INCOME_YOY":null,"NET_INTEREST_INCOME":null,"NET_INTEREST_INCOME_YOY":null,"FEE_COMMISSION_INCOME":null,"FEE_COMMISSION_INCOME_YOY":null,"ACCOUNTS_RECE_TDAYS":17.104033761569,"INVENTORY_TDAYS":0.410960109732,"CURRENT_ASSETS_TDAYS":0.3210687422,"TOTAL_ASSETS_TDAYS":0.198503772356,"PREMIUM_EXPENSE":null,"LOAN_DEPOSIT":null,"LOAN_EQUITY":null,"LOAN_ASSETS":null,"DEPOSIT_EQUITY":null,"DEPOSIT_ASSETS":null,"EQUITY_MULTIPLIER":3.766932833127,"EQUITY_RATIO":3.957120931344},{"SECUCODE":"01238.HK","SECURITY_CODE":"01238","SECURITY_NAME_ABBR":"宝龙地产","ORG_CODE":"10145140","STD_REPORT_DATE":"2020-06-30 00:00:00","REPORT_DATE":"2020-06-30 00:00:00","DATE_TYPE_CODE":"002","REPORT_TYPE":"2020年中报","PER_NETCASH_OPERATE":0.26066826429,"PER_OI":4.144929645908,"BPS":7.858936195341,"BASIC_EPS":0.536,"DILUTED_EPS":0.536,"OPERATE_INCOME":17169969000,"OPERATE_INCOME_YOY":40.1459201629,"GROSS_PROFIT":6362926000,"GROSS_PROFIT_YOY":33.884997278292,"HOLDER_PROFIT":2219545000,"HOLDER_PROFIT_YOY":23.0948279591,"GROSS_PROFIT_RATIO":37.058459453247,"EPS_TTM":1.076076615433,"OPERATE_INCOME_QOQ":18.886969142333,"NET_PROFIT_RATIO":20.3540553859,"ROE_AVG":6.89520518023,"GROSS_PROFIT_QOQ":16.981841584361,"ROA":1.323035830771,"HOLDER_PROFIT_QOQ":10.304752449571,"ROE_YEARLY":13.790410360461,"ROIC_YEARLY":3.202346317852,"TOTAL_ASSETS":173026082000,"TOTAL_LIABILITIES":131981576000,"TAX_EBT":41.898401567427,"OCF_SALES":6.288846531989,"TOTAL_PARENT_EQUITY":32539163000,"DEBT_ASSET_RATIO":76.2784283586,"OPERATE_PROFIT":6635431000,"PRETAX_PROFIT":6014955000,"NETCASH_OPERATE":1079793000,"NETCASH_INVEST":-4185905000,"NETCASH_FINANCE":5136005000,"END_CASH":22405487000,"DIVI_RATIO":null,"DIVIDEND_RATE":null,"CURRENT_RATIO":1.208822144521,"COMMON_ACS":30000000000,"CURRENTDEBT_DEBT":66.734020512075,"ISSUED_COMMON_SHARES":4140403000,"HK_COMMON_SHARES":4140403000,"PER_SHARES":1000,"TOTAL_MARKET_CAP":2318625680,"HKSK_MARKET_CAP":2318625680,"PE_TTM":-0.392744155361,"PB_TTM":0.059073008482,"REPORT_DATE_SQ":"2019-06-30 00:00:00","REPORT_TYPE_SQ":"2019年中报","OPERATE_INCOME_SQ":12251494000,"DPS_HKD":null,"OPERATE_INCOME_QOQ_SQ":15.145691568604,"NET_PROFIT_RATIO_SQ":19.9822568578,"HOLDER_PROFIT_SQ":1803118000,"HOLDER_PROFIT_QOQ_SQ":16.666790036119,"ROE_AVG_SQ":6.490421558409,"PE_TTM_SQ":-10.768840067429,"PB_TTM_SQ":0.06207424701,"ROA_SQ":1.315124900573,"START_DATE":"2020-01-01 00:00:00","FISCAL_YEAR":"12-31","CURRENCY":"HKD","IS_CNY_CODE":0,"DPS_HKD_LY":0.16,"ORG_TYPE":"一般企业","PREMIUM_INCOME":null,"PREMIUM_INCOME_YOY":null,"NET_INTEREST_INCOME":null,"NET_INTEREST_INCOME_YOY":null,"FEE_COMMISSION_INCOME":null,"FEE_COMMISSION_INCOME_YOY":null,"ACCOUNTS_RECE_TDAYS":7.004771167543,"INVENTORY_TDAYS":0.212555355113,"CURRENT_ASSETS_TDAYS":0.16662819913,"TOTAL_ASSETS_TDAYS":0.10234748203,"PREMIUM_EXPENSE":null,"LOAN_DEPOSIT":null,"LOAN_EQUITY":null,"LOAN_ASSETS":null,"DEPOSIT_EQUITY":null,"DEPOSIT_ASSETS":null,"EQUITY_MULTIPLIER":4.215572286344,"EQUITY_RATIO":4.056083925699}],"count":35},"success":true,"message":"ok","code":0}