{"version":"35734593811b53b12a2ddbb6ba03f64b","result":{"pages":4,"data":[{"SECUCODE":"01232.HK","SECURITY_CODE":"01232","SECURITY_NAME_ABBR":"金轮天地控股","ORG_CODE":"10325930","STD_REPORT_DATE":"2024-06-30 00:00:00","REPORT_DATE":"2024-06-30 00:00:00","DATE_TYPE_CODE":"002","REPORT_TYPE":"2024年中报","PER_NETCASH_OPERATE":0.001142844438,"PER_OI":0.238878945204,"BPS":0.096407488522,"BASIC_EPS":-0.312,"DILUTED_EPS":-0.312,"OPERATE_INCOME":429748000,"OPERATE_INCOME_YOY":-32.6922293816,"GROSS_PROFIT":74635000,"GROSS_PROFIT_YOY":188.172055713729,"HOLDER_PROFIT":-560500000,"HOLDER_PROFIT_YOY":-9.3361995478,"GROSS_PROFIT_RATIO":17.367154704618,"EPS_TTM":-0.601972740714,"OPERATE_INCOME_QOQ":-8.742712102935,"NET_PROFIT_RATIO":-118.137140836,"ROE_AVG":-123.671032846188,"GROSS_PROFIT_QOQ":223.22784987527,"ROA":-5.907266248394,"HOLDER_PROFIT_QOQ":-4.623804463337,"ROE_YEARLY":-247.342065692376,"ROIC_YEARLY":-12.380246515999,"TOTAL_ASSETS":8978889000,"TOTAL_LIABILITIES":8518823000,"TAX_EBT":4.43084916138,"OCF_SALES":0.478419911204,"TOTAL_PARENT_EQUITY":173439000,"DEBT_ASSET_RATIO":94.8761366802,"OPERATE_PROFIT":-388500000,"PRETAX_PROFIT":-531230000,"NETCASH_OPERATE":2056000,"NETCASH_INVEST":136325000,"NETCASH_FINANCE":-210309000,"END_CASH":137426000,"DIVI_RATIO":null,"DIVIDEND_RATE":null,"CURRENT_RATIO":0.518362979166,"COMMON_ACS":3000000000,"CURRENTDEBT_DEBT":86.528901938683,"ISSUED_COMMON_SHARES":1799020000,"HK_COMMON_SHARES":1799020000,"PER_SHARES":2000,"TOTAL_MARKET_CAP":124132380,"HKSK_MARKET_CAP":124132380,"PE_TTM":-0.10341582243,"PB_TTM":0.653216062007,"REPORT_DATE_SQ":"2023-06-30 00:00:00","REPORT_TYPE_SQ":"2023年中报","OPERATE_INCOME_SQ":638482000,"DPS_HKD":null,"OPERATE_INCOME_QOQ_SQ":-30.777203747745,"NET_PROFIT_RATIO_SQ":-81.2654076387,"HOLDER_PROFIT_SQ":-512639000,"HOLDER_PROFIT_QOQ_SQ":-9.48635053722,"ROE_AVG_SQ":-33.461398627051,"PE_TTM_SQ":-0.047371227372,"PB_TTM_SQ":0.0429204751,"ROA_SQ":-4.267046337755,"START_DATE":"2024-01-01 00:00:00","FISCAL_YEAR":"12-31","CURRENCY":"HKD","IS_CNY_CODE":0,"DPS_HKD_LY":null,"ORG_TYPE":"一般企业","PREMIUM_INCOME":null,"PREMIUM_INCOME_YOY":null,"NET_INTEREST_INCOME":null,"NET_INTEREST_INCOME_YOY":null,"FEE_COMMISSION_INCOME":null,"FEE_COMMISSION_INCOME_YOY":null,"ACCOUNTS_RECE_TDAYS":0.794253624521,"INVENTORY_TDAYS":0.111073490206,"CURRENT_ASSETS_TDAYS":0.101823677059,"TOTAL_ASSETS_TDAYS":0.045292343545,"PREMIUM_EXPENSE":null,"LOAN_DEPOSIT":null,"LOAN_EQUITY":null,"LOAN_ASSETS":null,"DEPOSIT_EQUITY":null,"DEPOSIT_ASSETS":null,"EQUITY_MULTIPLIER":19.516523716309,"EQUITY_RATIO":49.117113221363},{"SECUCODE":"01232.HK","SECURITY_CODE":"01232","SECURITY_NAME_ABBR":"金轮天地控股","ORG_CODE":"10325930","STD_REPORT_DATE":"2023-12-31 00:00:00","REPORT_DATE":"2023-12-31 00:00:00","DATE_TYPE_CODE":"001","REPORT_TYPE":"2023年年报","PER_NETCASH_OPERATE":0.2128453269,"PER_OI":1.327122544496,"BPS":0.407442941157,"BASIC_EPS":-0.575,"DILUTED_EPS":-0.575,"OPERATE_INCOME":2387520000,"OPERATE_INCOME_YOY":-10.2417868633,"GROSS_PROFIT":71354000,"GROSS_PROFIT_YOY":154.050737427375,"HOLDER_PROFIT":-1035100000,"HOLDER_PROFIT_YOY":1.7792837887,"GROSS_PROFIT_RATIO":2.988624179064,"EPS_TTM":-0.575368811909,"OPERATE_INCOME_QOQ":29.665685288947,"NET_PROFIT_RATIO":-39.1621431444,"ROE_AVG":-82.09293767567,"GROSS_PROFIT_QOQ":123.409106566977,"ROA":-9.279963249517,"HOLDER_PROFIT_QOQ":10.289533143298,"ROE_YEARLY":-82.09293767567,"ROIC_YEARLY":-9.613498537032,"TOTAL_ASSETS":9997740000,"TOTAL_LIABILITIES":9030923000,"TAX_EBT":-8.72910752972,"OCF_SALES":16.038106487066,"TOTAL_PARENT_EQUITY":732998000,"DEBT_ASSET_RATIO":90.3296444997,"OPERATE_PROFIT":-482585000,"PRETAX_PROFIT":-859939000,"NETCASH_OPERATE":382913000,"NETCASH_INVEST":6358000,"NETCASH_FINANCE":-373479000,"END_CASH":209263000,"DIVI_RATIO":null,"DIVIDEND_RATE":null,"CURRENT_RATIO":0.593827694144,"COMMON_ACS":3000000000,"CURRENTDEBT_DEBT":86.149632767326,"ISSUED_COMMON_SHARES":1799020000,"HK_COMMON_SHARES":1799020000,"PER_SHARES":2000,"TOTAL_MARKET_CAP":107941200,"HKSK_MARKET_CAP":107941200,"PE_TTM":-0.089926802113,"PB_TTM":0.568013966962,"REPORT_DATE_SQ":"2022-12-31 00:00:00","REPORT_TYPE_SQ":"2022年年报","OPERATE_INCOME_SQ":2659946000,"DPS_HKD":null,"OPERATE_INCOME_QOQ_SQ":33.442464060105,"NET_PROFIT_RATIO_SQ":-37.4185415794,"HOLDER_PROFIT_SQ":-1053851000,"HOLDER_PROFIT_QOQ_SQ":54.507993091489,"ROE_AVG_SQ":-45.490622491646,"PE_TTM_SQ":-0.041629260418,"PB_TTM_SQ":0.037717993269,"ROA_SQ":-8.060088732403,"START_DATE":"2023-01-01 00:00:00","FISCAL_YEAR":"12-31","CURRENCY":"HKD","IS_CNY_CODE":0,"DPS_HKD_LY":null,"ORG_TYPE":"一般企业","PREMIUM_INCOME":null,"PREMIUM_INCOME_YOY":null,"NET_INTEREST_INCOME":null,"NET_INTEREST_INCOME_YOY":null,"FEE_COMMISSION_INCOME":null,"FEE_COMMISSION_INCOME_YOY":null,"ACCOUNTS_RECE_TDAYS":4.727893446551,"INVENTORY_TDAYS":0.533793493648,"CURRENT_ASSETS_TDAYS":0.420868708043,"TOTAL_ASSETS_TDAYS":0.214047897377,"PREMIUM_EXPENSE":null,"LOAN_DEPOSIT":null,"LOAN_EQUITY":null,"LOAN_ASSETS":null,"DEPOSIT_EQUITY":null,"DEPOSIT_ASSETS":null,"EQUITY_MULTIPLIER":10.340881469859,"EQUITY_RATIO":12.320528841825},{"SECUCODE":"01232.HK","SECURITY_CODE":"01232","SECURITY_NAME_ABBR":"金轮天地控股","ORG_CODE":"10325930","STD_REPORT_DATE":"2023-06-30 00:00:00","REPORT_DATE":"2023-06-30 00:00:00","DATE_TYPE_CODE":"002","REPORT_TYPE":"2023年中报","PER_NETCASH_OPERATE":0.019197674289,"PER_OI":0.354905448522,"BPS":0.708877055286,"BASIC_EPS":-0.285,"DILUTED_EPS":-0.285,"OPERATE_INCOME":638482000,"OPERATE_INCOME_YOY":-56.1824918556,"GROSS_PROFIT":-84647000,"GROSS_PROFIT_YOY":-196.022823953808,"HOLDER_PROFIT":-512639000,"HOLDER_PROFIT_YOY":-24.2258285736,"GROSS_PROFIT_RATIO":-13.257538975257,"EPS_TTM":-0.641361963736,"OPERATE_INCOME_QOQ":-30.777203747745,"NET_PROFIT_RATIO":-81.2654076387,"ROE_AVG":-33.461398627051,"GROSS_PROFIT_QOQ":-130.896199616704,"ROA":-4.267046337755,"HOLDER_PROFIT_QOQ":-9.48635053722,"ROE_YEARLY":-66.922797254103,"ROIC_YEARLY":-8.754185927769,"TOTAL_ASSETS":11717277000,"TOTAL_LIABILITIES":10314544000,"TAX_EBT":-7.013364682589,"OCF_SALES":5.409236282307,"TOTAL_PARENT_EQUITY":1275284000,"DEBT_ASSET_RATIO":88.0285069645,"OPERATE_PROFIT":-312679000,"PRETAX_PROFIT":-484860000,"NETCASH_OPERATE":34537000,"NETCASH_INVEST":163527000,"NETCASH_FINANCE":-246149000,"END_CASH":145754000,"DIVI_RATIO":null,"DIVIDEND_RATE":null,"CURRENT_RATIO":0.678882640018,"COMMON_ACS":3000000000,"CURRENTDEBT_DEBT":88.179681040674,"ISSUED_COMMON_SHARES":1799020000,"HK_COMMON_SHARES":1799020000,"PER_SHARES":2000,"TOTAL_MARKET_CAP":107941200,"HKSK_MARKET_CAP":107941200,"PE_TTM":-0.089926802113,"PB_TTM":0.568013966962,"REPORT_DATE_SQ":"2022-06-30 00:00:00","REPORT_TYPE_SQ":"2022年中报","OPERATE_INCOME_SQ":1457139000,"DPS_HKD":null,"OPERATE_INCOME_QOQ_SQ":11.827971466961,"NET_PROFIT_RATIO_SQ":-24.7069771655,"HOLDER_PROFIT_SQ":-412667000,"HOLDER_PROFIT_QOQ_SQ":-16.98660990458,"ROE_AVG_SQ":-15.641815846574,"PE_TTM_SQ":-0.041629260418,"PB_TTM_SQ":0.037717993269,"ROA_SQ":-3.00456589288,"START_DATE":"2023-01-01 00:00:00","FISCAL_YEAR":"12-31","CURRENCY":"HKD","IS_CNY_CODE":0,"DPS_HKD_LY":null,"ORG_TYPE":"一般企业","PREMIUM_INCOME":null,"PREMIUM_INCOME_YOY":null,"NET_INTEREST_INCOME":null,"NET_INTEREST_INCOME_YOY":null,"FEE_COMMISSION_INCOME":null,"FEE_COMMISSION_INCOME_YOY":null,"ACCOUNTS_RECE_TDAYS":1.275028506727,"INVENTORY_TDAYS":0.1434773499,"CURRENT_ASSETS_TDAYS":0.09898718603,"TOTAL_ASSETS_TDAYS":0.053145240214,"PREMIUM_EXPENSE":null,"LOAN_DEPOSIT":null,"LOAN_EQUITY":null,"LOAN_ASSETS":null,"DEPOSIT_EQUITY":null,"DEPOSIT_ASSETS":null,"EQUITY_MULTIPLIER":8.353176976628,"EQUITY_RATIO":8.088036860809},{"SECUCODE":"01232.HK","SECURITY_CODE":"01232","SECURITY_NAME_ABBR":"金轮天地控股","ORG_CODE":"10325930","STD_REPORT_DATE":"2022-12-31 00:00:00","REPORT_DATE":"2022-12-31 00:00:00","DATE_TYPE_CODE":"001","REPORT_TYPE":"2022年年报","PER_NETCASH_OPERATE":-0.10762303921,"PER_OI":1.478552767618,"BPS":0.994306900424,"BASIC_EPS":-0.586,"DILUTED_EPS":-0.586,"OPERATE_INCOME":2659946000,"OPERATE_INCOME_YOY":49.2260006339,"GROSS_PROFIT":-132013000,"GROSS_PROFIT_YOY":-379.524155466764,"HOLDER_PROFIT":-1053851000,"HOLDER_PROFIT_YOY":46.7804433402,"GROSS_PROFIT_RATIO":-4.962995489382,"EPS_TTM":-0.585791708819,"OPERATE_INCOME_QOQ":33.442464060105,"NET_PROFIT_RATIO":-37.4185415794,"ROE_AVG":-45.490622491646,"GROSS_PROFIT_QOQ":-379.038258296343,"ROA":-8.060088732403,"HOLDER_PROFIT_QOQ":54.507993091489,"ROE_YEARLY":-45.490622491646,"ROIC_YEARLY":-8.302598281033,"TOTAL_ASSETS":12310538000,"TOTAL_LIABILITIES":10384085000,"TAX_EBT":-8.388599580521,"OCF_SALES":-7.278944760533,"TOTAL_PARENT_EQUITY":1788778000,"DEBT_ASSET_RATIO":84.351187576,"OPERATE_PROFIT":-621576000,"PRETAX_PROFIT":-918282000,"NETCASH_OPERATE":-193616000,"NETCASH_INVEST":587032000,"NETCASH_FINANCE":-549144000,"END_CASH":193217000,"DIVI_RATIO":null,"DIVIDEND_RATE":null,"CURRENT_RATIO":0.745398250136,"COMMON_ACS":3000000000,"CURRENTDEBT_DEBT":86.891353450978,"ISSUED_COMMON_SHARES":1799020000,"HK_COMMON_SHARES":1799020000,"PER_SHARES":2000,"TOTAL_MARKET_CAP":107941200,"HKSK_MARKET_CAP":107941200,"PE_TTM":-0.089926802113,"PB_TTM":0.568013966962,"REPORT_DATE_SQ":"2021-12-31 00:00:00","REPORT_TYPE_SQ":"2021年年报","OPERATE_INCOME_SQ":1782495000,"DPS_HKD":null,"OPERATE_INCOME_QOQ_SQ":-18.871775172463,"NET_PROFIT_RATIO_SQ":-111.4777320553,"HOLDER_PROFIT_SQ":-1980195000,"HOLDER_PROFIT_QOQ_SQ":-1894.77662669603,"ROE_AVG_SQ":-51.624452407789,"PE_TTM_SQ":-0.041629260418,"PB_TTM_SQ":0.037717993269,"ROA_SQ":-12.776020764022,"START_DATE":"2022-01-01 00:00:00","FISCAL_YEAR":"12-31","CURRENCY":"HKD","IS_CNY_CODE":0,"DPS_HKD_LY":null,"ORG_TYPE":"一般企业","PREMIUM_INCOME":null,"PREMIUM_INCOME_YOY":null,"NET_INTEREST_INCOME":null,"NET_INTEREST_INCOME_YOY":null,"FEE_COMMISSION_INCOME":null,"FEE_COMMISSION_INCOME_YOY":null,"ACCOUNTS_RECE_TDAYS":5.463483267229,"INVENTORY_TDAYS":0.49781906757,"CURRENT_ASSETS_TDAYS":0.361975769177,"TOTAL_ASSETS_TDAYS":0.203438633957,"PREMIUM_EXPENSE":null,"LOAN_DEPOSIT":null,"LOAN_EQUITY":null,"LOAN_ASSETS":null,"DEPOSIT_EQUITY":null,"DEPOSIT_ASSETS":null,"EQUITY_MULTIPLIER":6.390261272902,"EQUITY_RATIO":5.805127858236},{"SECUCODE":"01232.HK","SECURITY_CODE":"01232","SECURITY_NAME_ABBR":"金轮天地控股","ORG_CODE":"10325930","STD_REPORT_DATE":"2022-06-30 00:00:00","REPORT_DATE":"2022-06-30 00:00:00","DATE_TYPE_CODE":"002","REPORT_TYPE":"2022年中报","PER_NETCASH_OPERATE":-0.048500294605,"PER_OI":0.80996264633,"BPS":1.351830441018,"BASIC_EPS":-0.229,"DILUTED_EPS":-0.229,"OPERATE_INCOME":1457139000,"OPERATE_INCOME_YOY":16.916632031,"GROSS_PROFIT":88153000,"GROSS_PROFIT_YOY":562.157289867047,"HOLDER_PROFIT":-412667000,"HOLDER_PROFIT_YOY":-440.8550570781,"GROSS_PROFIT_RATIO":6.04973170027,"EPS_TTM":-1.287680514947,"OPERATE_INCOME_QOQ":11.827971466961,"NET_PROFIT_RATIO":-24.7069771655,"ROE_AVG":-15.641815846574,"GROSS_PROFIT_QOQ":271.84889211769,"ROA":-3.00456589288,"HOLDER_PROFIT_QOQ":-16.98660990458,"ROE_YEARLY":-31.283631693149,"ROIC_YEARLY":-6.193597286426,"TOTAL_ASSETS":13630003000,"TOTAL_LIABILITIES":11066244000,"TAX_EBT":-24.586028259087,"OCF_SALES":-5.987966830893,"TOTAL_PARENT_EQUITY":2431970000,"DEBT_ASSET_RATIO":81.1903269574,"OPERATE_PROFIT":-137069000,"PRETAX_PROFIT":-288969000,"NETCASH_OPERATE":-87253000,"NETCASH_INVEST":520902000,"NETCASH_FINANCE":-529274000,"END_CASH":253421000,"DIVI_RATIO":null,"DIVIDEND_RATE":null,"CURRENT_RATIO":1.192005833448,"COMMON_ACS":3000000000,"CURRENTDEBT_DEBT":59.559106052605,"ISSUED_COMMON_SHARES":1799020000,"HK_COMMON_SHARES":1799020000,"PER_SHARES":2000,"TOTAL_MARKET_CAP":107941200,"HKSK_MARKET_CAP":107941200,"PE_TTM":-0.089926802113,"PB_TTM":0.568013966962,"REPORT_DATE_SQ":"2021-06-30 00:00:00","REPORT_TYPE_SQ":"2021年中报","OPERATE_INCOME_SQ":1246306000,"DPS_HKD":null,"OPERATE_INCOME_QOQ_SQ":58.167370830001,"NET_PROFIT_RATIO_SQ":-6.1969532362,"HOLDER_PROFIT_SQ":-76299000,"HOLDER_PROFIT_QOQ_SQ":217.152466367713,"ROE_AVG_SQ":-1.593747415087,"PE_TTM_SQ":-0.041629260418,"PB_TTM_SQ":0.037717993269,"ROA_SQ":-0.443159053379,"START_DATE":"2022-01-01 00:00:00","FISCAL_YEAR":"12-31","CURRENCY":"HKD","IS_CNY_CODE":0,"DPS_HKD_LY":null,"ORG_TYPE":"一般企业","PREMIUM_INCOME":null,"PREMIUM_INCOME_YOY":null,"NET_INTEREST_INCOME":null,"NET_INTEREST_INCOME_YOY":null,"FEE_COMMISSION_INCOME":null,"FEE_COMMISSION_INCOME_YOY":null,"ACCOUNTS_RECE_TDAYS":3.133662583831,"INVENTORY_TDAYS":0.223308071315,"CURRENT_ASSETS_TDAYS":0.184125836045,"TOTAL_ASSETS_TDAYS":0.106092082492,"PREMIUM_EXPENSE":null,"LOAN_DEPOSIT":null,"LOAN_EQUITY":null,"LOAN_ASSETS":null,"DEPOSIT_EQUITY":null,"DEPOSIT_ASSETS":null,"EQUITY_MULTIPLIER":5.316413516254,"EQUITY_RATIO":4.550320933235},{"SECUCODE":"01232.HK","SECURITY_CODE":"01232","SECURITY_NAME_ABBR":"金轮天地控股","ORG_CODE":"10325930","STD_REPORT_DATE":"2021-12-31 00:00:00","REPORT_DATE":"2021-12-31 00:00:00","DATE_TYPE_CODE":"001","REPORT_TYPE":"2021年年报","PER_NETCASH_OPERATE":0.568876388256,"PER_OI":0.990814443419,"BPS":1.581132505475,"BASIC_EPS":-1.1,"DILUTED_EPS":-1.1,"OPERATE_INCOME":1782495000,"OPERATE_INCOME_YOY":28.3183802108,"GROSS_PROFIT":-27530000,"GROSS_PROFIT_YOY":-111.808254197013,"HOLDER_PROFIT":-1980195000,"HOLDER_PROFIT_YOY":-5792.1783373577,"GROSS_PROFIT_RATIO":-1.544464360349,"EPS_TTM":-1.100707607475,"OPERATE_INCOME_QOQ":-18.871775172463,"NET_PROFIT_RATIO":-111.4777320553,"ROE_AVG":-51.624452407789,"GROSS_PROFIT_QOQ":-123.178668552617,"ROA":-12.776020764022,"HOLDER_PROFIT_QOQ":-1894.77662669603,"ROE_YEARLY":-51.624452407789,"ROIC_YEARLY":-13.36899758629,"TOTAL_ASSETS":13839323000,"TOTAL_LIABILITIES":10908828000,"TAX_EBT":4.487271923247,"OCF_SALES":57.41502781214,"TOTAL_PARENT_EQUITY":2844489000,"DEBT_ASSET_RATIO":78.8248673725,"OPERATE_PROFIT":-1839058000,"PRETAX_PROFIT":-2080440000,"NETCASH_OPERATE":1023420000,"NETCASH_INVEST":206956000,"NETCASH_FINANCE":-1729548000,"END_CASH":346910000,"DIVI_RATIO":null,"DIVIDEND_RATE":null,"CURRENT_RATIO":0.858416660241,"COMMON_ACS":3000000000,"CURRENTDEBT_DEBT":85.122948129717,"ISSUED_COMMON_SHARES":1799020000,"HK_COMMON_SHARES":1799020000,"PER_SHARES":2000,"TOTAL_MARKET_CAP":107941200,"HKSK_MARKET_CAP":107941200,"PE_TTM":-0.089926802113,"PB_TTM":0.568013966962,"REPORT_DATE_SQ":"2020-12-31 00:00:00","REPORT_TYPE_SQ":"2020年年报","OPERATE_INCOME_SQ":1389119000,"DPS_HKD":null,"OPERATE_INCOME_QOQ_SQ":-6.302047148494,"NET_PROFIT_RATIO_SQ":3.6170407287,"HOLDER_PROFIT_SQ":34788000,"HOLDER_PROFIT_QOQ_SQ":126.349355429991,"ROE_AVG_SQ":0.721424907512,"PE_TTM_SQ":-0.041629260418,"PB_TTM_SQ":0.037717993269,"ROA_SQ":0.20837894443,"START_DATE":"2021-01-01 00:00:00","FISCAL_YEAR":"12-31","CURRENCY":"HKD","IS_CNY_CODE":0,"DPS_HKD_LY":null,"ORG_TYPE":"一般企业","PREMIUM_INCOME":null,"PREMIUM_INCOME_YOY":null,"NET_INTEREST_INCOME":null,"NET_INTEREST_INCOME_YOY":null,"FEE_COMMISSION_INCOME":null,"FEE_COMMISSION_INCOME_YOY":null,"ACCOUNTS_RECE_TDAYS":3.572599637227,"INVENTORY_TDAYS":0.274192391478,"CURRENT_ASSETS_TDAYS":0.209659206091,"TOTAL_ASSETS_TDAYS":0.115004800698,"PREMIUM_EXPENSE":null,"LOAN_DEPOSIT":null,"LOAN_EQUITY":null,"LOAN_ASSETS":null,"DEPOSIT_EQUITY":null,"DEPOSIT_ASSETS":null,"EQUITY_MULTIPLIER":4.722520598059,"EQUITY_RATIO":3.835074770899},{"SECUCODE":"01232.HK","SECURITY_CODE":"01232","SECURITY_NAME_ABBR":"金轮天地控股","ORG_CODE":"10325930","STD_REPORT_DATE":"2021-06-30 00:00:00","REPORT_DATE":"2021-06-30 00:00:00","DATE_TYPE_CODE":"002","REPORT_TYPE":"2021年中报","PER_NETCASH_OPERATE":0.707588020144,"PER_OI":0.692769396672,"BPS":2.639071272137,"BASIC_EPS":-0.042,"DILUTED_EPS":-0.042,"OPERATE_INCOME":1246306000,"OPERATE_INCOME_YOY":184.3551787393,"GROSS_PROFIT":13313000,"GROSS_PROFIT_YOY":-89.57331495434,"HOLDER_PROFIT":-76299000,"HOLDER_PROFIT_YOY":49.7510570198,"GROSS_PROFIT_RATIO":1.068196734991,"EPS_TTM":0.061328389901,"OPERATE_INCOME_QOQ":58.167370830001,"NET_PROFIT_RATIO":-6.1969532362,"ROE_AVG":-1.593747415087,"GROSS_PROFIT_QOQ":-49.055511233497,"ROA":-0.443159053379,"HOLDER_PROFIT_QOQ":217.152466367713,"ROE_YEARLY":-3.187494830175,"ROIC_YEARLY":-0.941253246395,"TOTAL_ASSETS":17274842000,"TOTAL_LIABILITIES":12435138000,"TAX_EBT":-139.052247121456,"OCF_SALES":102.139041294834,"TOTAL_PARENT_EQUITY":4747742000,"DEBT_ASSET_RATIO":71.9840910846,"OPERATE_PROFIT":77532000,"PRETAX_PROFIT":-32308000,"NETCASH_OPERATE":1272965000,"NETCASH_INVEST":-583681000,"NETCASH_FINANCE":-561309000,"END_CASH":975730000,"DIVI_RATIO":null,"DIVIDEND_RATE":null,"CURRENT_RATIO":1.001551003184,"COMMON_ACS":3000000000,"CURRENTDEBT_DEBT":76.720314643875,"ISSUED_COMMON_SHARES":1799020000,"HK_COMMON_SHARES":1799020000,"PER_SHARES":2000,"TOTAL_MARKET_CAP":107941200,"HKSK_MARKET_CAP":107941200,"PE_TTM":-0.089926802113,"PB_TTM":0.568013966962,"REPORT_DATE_SQ":"2020-06-30 00:00:00","REPORT_TYPE_SQ":"2020年中报","OPERATE_INCOME_SQ":438292000,"DPS_HKD":null,"OPERATE_INCOME_QOQ_SQ":-7.655059522326,"NET_PROFIT_RATIO_SQ":-31.9145683699,"HOLDER_PROFIT_SQ":-151842000,"HOLDER_PROFIT_QOQ_SQ":-152.274895965727,"ROE_AVG_SQ":-3.211671853697,"PE_TTM_SQ":-0.041629260418,"PB_TTM_SQ":0.037717993269,"ROA_SQ":-0.913896897068,"START_DATE":"2021-01-01 00:00:00","FISCAL_YEAR":"12-31","CURRENCY":"HKD","IS_CNY_CODE":0,"DPS_HKD_LY":null,"ORG_TYPE":"一般企业","PREMIUM_INCOME":null,"PREMIUM_INCOME_YOY":null,"NET_INTEREST_INCOME":null,"NET_INTEREST_INCOME_YOY":null,"FEE_COMMISSION_INCOME":null,"FEE_COMMISSION_INCOME_YOY":null,"ACCOUNTS_RECE_TDAYS":1.863724320267,"INVENTORY_TDAYS":0.181996247432,"CURRENT_ASSETS_TDAYS":0.134100610804,"TOTAL_ASSETS_TDAYS":0.072387814674,"PREMIUM_EXPENSE":null,"LOAN_DEPOSIT":null,"LOAN_EQUITY":null,"LOAN_ASSETS":null,"DEPOSIT_EQUITY":null,"DEPOSIT_ASSETS":null,"EQUITY_MULTIPLIER":3.569400525322,"EQUITY_RATIO":2.619168859639},{"SECUCODE":"01232.HK","SECURITY_CODE":"01232","SECURITY_NAME_ABBR":"金轮天地控股","ORG_CODE":"10325930","STD_REPORT_DATE":"2020-12-31 00:00:00","REPORT_DATE":"2020-12-31 00:00:00","DATE_TYPE_CODE":"001","REPORT_TYPE":"2020年年报","PER_NETCASH_OPERATE":0.297719334064,"PER_OI":0.77068122606,"BPS":2.683155273427,"BASIC_EPS":0.019,"DILUTED_EPS":0.019,"OPERATE_INCOME":1389119000,"OPERATE_INCOME_YOY":-13.4746812105,"GROSS_PROFIT":233142000,"GROSS_PROFIT_YOY":-56.123532068654,"HOLDER_PROFIT":34788000,"HOLDER_PROFIT_YOY":-86.2259018613,"GROSS_PROFIT_RATIO":16.783443319111,"EPS_TTM":0.019300332435,"OPERATE_INCOME_QOQ":-6.302047148494,"NET_PROFIT_RATIO":3.6170407287,"ROE_AVG":0.721424907512,"GROSS_PROFIT_QOQ":-39.493770096985,"ROA":0.20837894443,"HOLDER_PROFIT_QOQ":126.349355429991,"ROE_YEARLY":0.721424907512,"ROIC_YEARLY":0.221195646144,"TOTAL_ASSETS":17159296000,"TOTAL_LIABILITIES":12239350000,"TAX_EBT":60.363977722733,"OCF_SALES":38.630671670318,"TOTAL_PARENT_EQUITY":4827050000,"DEBT_ASSET_RATIO":71.327809719,"OPERATE_PROFIT":406136000,"PRETAX_PROFIT":126766000,"NETCASH_OPERATE":536626000,"NETCASH_INVEST":-408522000,"NETCASH_FINANCE":-249147000,"END_CASH":849120000,"DIVI_RATIO":null,"DIVIDEND_RATE":null,"CURRENT_RATIO":1.166247061158,"COMMON_ACS":3000000000,"CURRENTDEBT_DEBT":63.279283622088,"ISSUED_COMMON_SHARES":1799020000,"HK_COMMON_SHARES":1799020000,"PER_SHARES":2000,"TOTAL_MARKET_CAP":107941200,"HKSK_MARKET_CAP":107941200,"PE_TTM":-0.089926802113,"PB_TTM":0.568013966962,"REPORT_DATE_SQ":"2019-12-31 00:00:00","REPORT_TYPE_SQ":"2019年年报","OPERATE_INCOME_SQ":1605448000,"DPS_HKD":null,"OPERATE_INCOME_QOQ_SQ":38.40558157659,"NET_PROFIT_RATIO_SQ":15.7294412525,"HOLDER_PROFIT_SQ":252561000,"HOLDER_PROFIT_QOQ_SQ":-22.799869173562,"ROE_AVG_SQ":5.359099744406,"PE_TTM_SQ":-0.041629260418,"PB_TTM_SQ":0.037717993269,"ROA_SQ":1.675675031927,"START_DATE":"2020-01-01 00:00:00","FISCAL_YEAR":"12-31","CURRENCY":"HKD","IS_CNY_CODE":0,"DPS_HKD_LY":0.016,"ORG_TYPE":"一般企业","PREMIUM_INCOME":null,"PREMIUM_INCOME_YOY":null,"NET_INTEREST_INCOME":null,"NET_INTEREST_INCOME_YOY":null,"FEE_COMMISSION_INCOME":null,"FEE_COMMISSION_INCOME_YOY":null,"ACCOUNTS_RECE_TDAYS":3.143813170747,"INVENTORY_TDAYS":0.171741166947,"CURRENT_ASSETS_TDAYS":0.160511916353,"TOTAL_ASSETS_TDAYS":0.083207758683,"PREMIUM_EXPENSE":null,"LOAN_DEPOSIT":null,"LOAN_EQUITY":null,"LOAN_ASSETS":null,"DEPOSIT_EQUITY":null,"DEPOSIT_ASSETS":null,"EQUITY_MULTIPLIER":3.487700068253,"EQUITY_RATIO":2.535575558571},{"SECUCODE":"01232.HK","SECURITY_CODE":"01232","SECURITY_NAME_ABBR":"金轮天地控股","ORG_CODE":"10325930","STD_REPORT_DATE":"2020-06-30 00:00:00","REPORT_DATE":"2020-06-30 00:00:00","DATE_TYPE_CODE":"002","REPORT_TYPE":"2020年中报","PER_NETCASH_OPERATE":-0.117597322764,"PER_OI":0.243163772098,"BPS":2.578314304455,"BASIC_EPS":-0.084,"DILUTED_EPS":-0.084,"OPERATE_INCOME":438292000,"OPERATE_INCOME_YOY":-21.8995349169,"GROSS_PROFIT":127682000,"GROSS_PROFIT_YOY":-53.353572772474,"HOLDER_PROFIT":-151842000,"HOLDER_PROFIT_YOY":-165.2396399493,"GROSS_PROFIT_RATIO":29.131720405574,"EPS_TTM":-0.073247835176,"OPERATE_INCOME_QOQ":-7.655059522326,"NET_PROFIT_RATIO":-31.9145683699,"ROE_AVG":-3.211671853697,"GROSS_PROFIT_QOQ":-27.484379704908,"ROA":-0.913896897068,"HOLDER_PROFIT_QOQ":-152.274895965727,"ROE_YEARLY":-6.423343707393,"ROIC_YEARLY":-1.937779948421,"TOTAL_ASSETS":16999695000,"TOTAL_LIABILITIES":12271854000,"TAX_EBT":-32.981261943016,"OCF_SALES":-48.361366395006,"TOTAL_PARENT_EQUITY":4638439000,"DEBT_ASSET_RATIO":72.1886716203,"OPERATE_PROFIT":-19725000,"PRETAX_PROFIT":-105187000,"NETCASH_OPERATE":-211964000,"NETCASH_INVEST":37927000,"NETCASH_FINANCE":-1918000,"END_CASH":804023000,"DIVI_RATIO":null,"DIVIDEND_RATE":null,"CURRENT_RATIO":1.016818553795,"COMMON_ACS":3000000000,"CURRENTDEBT_DEBT":70.519205981427,"ISSUED_COMMON_SHARES":1799020000,"HK_COMMON_SHARES":1799020000,"PER_SHARES":2000,"TOTAL_MARKET_CAP":107941200,"HKSK_MARKET_CAP":107941200,"PE_TTM":-0.089926802113,"PB_TTM":0.568013966962,"REPORT_DATE_SQ":"2019-06-30 00:00:00","REPORT_TYPE_SQ":"2019年中报","OPERATE_INCOME_SQ":561190000,"DPS_HKD":null,"OPERATE_INCOME_QOQ_SQ":-19.801169008417,"NET_PROFIT_RATIO_SQ":41.4734760063,"HOLDER_PROFIT_SQ":232745000,"HOLDER_PROFIT_QOQ_SQ":-4.413363096629,"ROE_AVG_SQ":4.958281370564,"PE_TTM_SQ":-0.041629260418,"PB_TTM_SQ":0.037717993269,"ROA_SQ":1.574695643358,"START_DATE":"2020-01-01 00:00:00","FISCAL_YEAR":"12-31","CURRENCY":"HKD","IS_CNY_CODE":0,"DPS_HKD_LY":0.016,"ORG_TYPE":"一般企业","PREMIUM_INCOME":null,"PREMIUM_INCOME_YOY":null,"NET_INTEREST_INCOME":null,"NET_INTEREST_INCOME_YOY":null,"FEE_COMMISSION_INCOME":null,"FEE_COMMISSION_INCOME_YOY":null,"ACCOUNTS_RECE_TDAYS":1.318857631189,"INVENTORY_TDAYS":0.045746550912,"CURRENT_ASSETS_TDAYS":0.051335415718,"TOTAL_ASSETS_TDAYS":0.026379637966,"PREMIUM_EXPENSE":null,"LOAN_DEPOSIT":null,"LOAN_EQUITY":null,"LOAN_ASSETS":null,"DEPOSIT_EQUITY":null,"DEPOSIT_ASSETS":null,"EQUITY_MULTIPLIER":3.595657087455,"EQUITY_RATIO":2.645686188823}],"count":29},"success":true,"message":"ok","code":0}