{"version":"4342d5787166bac70648ce7551ee3501","result":{"pages":4,"data":[{"SECUCODE":"01240.HK","SECURITY_CODE":"01240","SECURITY_NAME_ABBR":"青建国际","ORG_CODE":"10288804","STD_REPORT_DATE":"2024-06-30 00:00:00","REPORT_DATE":"2024-06-30 00:00:00","DATE_TYPE_CODE":"002","REPORT_TYPE":"2024年中报","PER_NETCASH_OPERATE":0.07001749585,"PER_OI":2.935570674728,"BPS":1.43168226551,"BASIC_EPS":0.01277752,"DILUTED_EPS":0.01277752,"OPERATE_INCOME":4457135754.92,"OPERATE_INCOME_YOY":15.4915398055,"GROSS_PROFIT":256171935.08,"GROSS_PROFIT_YOY":254.341466957452,"HOLDER_PROFIT":21750077.08,"HOLDER_PROFIT_YOY":116.1826120614,"GROSS_PROFIT_RATIO":5.74745641968,"EPS_TTM":-0.188911270492,"OPERATE_INCOME_QOQ":5.913445303235,"NET_PROFIT_RATIO":0.6066874452,"ROE_AVG":1.000895644313,"GROSS_PROFIT_QOQ":76.239150975448,"ROA":0.221352073751,"HOLDER_PROFIT_QOQ":35.450236816715,"ROE_YEARLY":2.001791288625,"ROIC_YEARLY":0.527301475895,"TOTAL_ASSETS":9501766363.88,"TOTAL_LIABILITIES":6898166865.92,"TAX_EBT":45.433449361843,"OCF_SALES":2.385140867263,"TOTAL_PARENT_EQUITY":2174891797.64,"DEBT_ASSET_RATIO":72.5987842865,"OPERATE_PROFIT":186475126.88,"PRETAX_PROFIT":49555785.96,"NETCASH_OPERATE":106308966.4,"NETCASH_INVEST":-137060806.32,"NETCASH_FINANCE":-572273177,"END_CASH":851251159.92,"DIVI_RATIO":null,"DIVIDEND_RATE":null,"CURRENT_RATIO":1.48620358059,"COMMON_ACS":6000000000,"CURRENTDEBT_DEBT":68.311942720329,"ISSUED_COMMON_SHARES":1518320030,"HK_COMMON_SHARES":1518320030,"PER_SHARES":2500,"TOTAL_MARKET_CAP":273297605.4,"HKSK_MARKET_CAP":273297605.4,"PE_TTM":-0.856085544777,"PB_TTM":0.114747806799,"REPORT_DATE_SQ":"2023-06-30 00:00:00","REPORT_TYPE_SQ":"2023年中报","OPERATE_INCOME_SQ":3898599805.84,"DPS_HKD":null,"OPERATE_INCOME_QOQ_SQ":8.318833312164,"NET_PROFIT_RATIO_SQ":-3.2664476454,"HOLDER_PROFIT_SQ":-135773540.74,"HOLDER_PROFIT_QOQ_SQ":-39.891115816864,"ROE_AVG_SQ":-5.315345410104,"PE_TTM_SQ":-0.28833107685,"PB_TTM_SQ":0.087929903698,"ROA_SQ":-1.248410218936,"START_DATE":"2024-01-01 00:00:00","FISCAL_YEAR":"12-31","CURRENCY":"HKD","IS_CNY_CODE":0,"DPS_HKD_LY":null,"ORG_TYPE":"一般企业","PREMIUM_INCOME":null,"PREMIUM_INCOME_YOY":null,"NET_INTEREST_INCOME":null,"NET_INTEREST_INCOME_YOY":null,"FEE_COMMISSION_INCOME":null,"FEE_COMMISSION_INCOME_YOY":null,"ACCOUNTS_RECE_TDAYS":2.303681663854,"INVENTORY_TDAYS":3.270283462251,"CURRENT_ASSETS_TDAYS":0.611706201544,"TOTAL_ASSETS_TDAYS":0.453605860206,"PREMIUM_EXPENSE":null,"LOAN_DEPOSIT":null,"LOAN_EQUITY":null,"LOAN_ASSETS":null,"DEPOSIT_EQUITY":null,"DEPOSIT_ASSETS":null,"EQUITY_MULTIPLIER":3.649473112638,"EQUITY_RATIO":3.17172876067},{"SECUCODE":"01240.HK","SECURITY_CODE":"01240","SECURITY_NAME_ABBR":"青建国际","ORG_CODE":"10288804","STD_REPORT_DATE":"2023-12-31 00:00:00","REPORT_DATE":"2023-12-31 00:00:00","DATE_TYPE_CODE":"001","REPORT_TYPE":"2023年年报","PER_NETCASH_OPERATE":-0.072265063064,"PER_OI":6.220814129943,"BPS":1.419154744906,"BASIC_EPS":-0.27005356,"DILUTED_EPS":-0.27005356,"OPERATE_INCOME":9445186696.4,"OPERATE_INCOME_YOY":25.9969328305,"GROSS_PROFIT":241184109.46,"GROSS_PROFIT_YOY":769.148336974287,"HOLDER_PROFIT":-444351383.7,"HOLDER_PROFIT_YOY":16.6072828636,"GROSS_PROFIT_RATIO":2.553513416012,"EPS_TTM":-0.292659897071,"OPERATE_INCOME_QOQ":18.006761898193,"NET_PROFIT_RATIO":-3.5619738607,"ROE_AVG":-18.768620631646,"GROSS_PROFIT_QOQ":267.567531022655,"ROA":-4.208739252838,"HOLDER_PROFIT_QOQ":39.523188742563,"ROE_YEARLY":-18.768620631646,"ROIC_YEARLY":-5.049820029969,"TOTAL_ASSETS":10078409733.84,"TOTAL_LIABILITIES":7516560230.2,"TAX_EBT":-13.659631269249,"OCF_SALES":-1.161665684828,"TOTAL_PARENT_EQUITY":2155862943.64,"DEBT_ASSET_RATIO":74.5808161079,"OPERATE_PROFIT":-77318690.4,"PRETAX_PROFIT":-296002263.48,"NETCASH_OPERATE":-109721492.72,"NETCASH_INVEST":993981063.46,"NETCASH_FINANCE":-799229854.36,"END_CASH":1453659346.02,"DIVI_RATIO":null,"DIVIDEND_RATE":null,"CURRENT_RATIO":1.175998132832,"COMMON_ACS":6000000000,"CURRENTDEBT_DEBT":85.025854762424,"ISSUED_COMMON_SHARES":1518320030,"HK_COMMON_SHARES":1518320030,"PER_SHARES":2500,"TOTAL_MARKET_CAP":182198403.6,"HKSK_MARKET_CAP":182198403.6,"PE_TTM":-0.570723696518,"PB_TTM":0.076498537866,"REPORT_DATE_SQ":"2022-12-31 00:00:00","REPORT_TYPE_SQ":"2022年年报","OPERATE_INCOME_SQ":7389238418.94,"DPS_HKD":null,"OPERATE_INCOME_QOQ_SQ":23.690438935598,"NET_PROFIT_RATIO_SQ":-6.2020361885,"HOLDER_PROFIT_SQ":-525227574.41,"HOLDER_PROFIT_QOQ_SQ":-444.647866330716,"ROE_AVG_SQ":-18.432837481939,"PE_TTM_SQ":-0.280937972316,"PB_TTM_SQ":0.085675290783,"ROA_SQ":-4.868755707549,"START_DATE":"2023-01-01 00:00:00","FISCAL_YEAR":"12-31","CURRENCY":"HKD","IS_CNY_CODE":0,"DPS_HKD_LY":null,"ORG_TYPE":"一般企业","PREMIUM_INCOME":null,"PREMIUM_INCOME_YOY":null,"NET_INTEREST_INCOME":null,"NET_INTEREST_INCOME_YOY":null,"FEE_COMMISSION_INCOME":null,"FEE_COMMISSION_INCOME_YOY":null,"ACCOUNTS_RECE_TDAYS":3.779799691962,"INVENTORY_TDAYS":4.371058119948,"CURRENT_ASSETS_TDAYS":1.180331180865,"TOTAL_ASSETS_TDAYS":0.894614700387,"PREMIUM_EXPENSE":null,"LOAN_DEPOSIT":null,"LOAN_EQUITY":null,"LOAN_ASSETS":null,"DEPOSIT_EQUITY":null,"DEPOSIT_ASSETS":null,"EQUITY_MULTIPLIER":3.934036608905,"EQUITY_RATIO":3.486566830408},{"SECUCODE":"01240.HK","SECURITY_CODE":"01240","SECURITY_NAME_ABBR":"青建国际","ORG_CODE":"10288804","STD_REPORT_DATE":"2023-06-30 00:00:00","REPORT_DATE":"2023-06-30 00:00:00","DATE_TYPE_CODE":"002","REPORT_TYPE":"2023年中报","PER_NETCASH_OPERATE":-0.224652161666,"PER_OI":2.567706233738,"BPS":1.635722023466,"BASIC_EPS":-0.0829782,"DILUTED_EPS":-0.0829782,"OPERATE_INCOME":3898599805.84,"OPERATE_INCOME_YOY":10.1183421628,"GROSS_PROFIT":72295217.74,"GROSS_PROFIT_YOY":-59.877062001072,"HOLDER_PROFIT":-135773540.74,"HOLDER_PROFIT_YOY":-270.7733698236,"GROSS_PROFIT_RATIO":1.854389302326,"EPS_TTM":-0.483920846661,"OPERATE_INCOME_QOQ":8.318833312164,"NET_PROFIT_RATIO":-3.2664476454,"ROE_AVG":-5.315345410104,"GROSS_PROFIT_QOQ":-299.330546252315,"ROA":-1.248410218936,"HOLDER_PROFIT_QOQ":-39.891115816864,"ROE_YEARLY":-10.630690820207,"ROIC_YEARLY":-2.89976086715,"TOTAL_ASSETS":10522239656.9,"TOTAL_LIABILITIES":7733155192.96,"TAX_EBT":-6.003883375928,"OCF_SALES":-8.749137993827,"TOTAL_PARENT_EQUITY":2484701064.76,"DEBT_ASSET_RATIO":73.493433386,"OPERATE_PROFIT":-13919132.06,"PRETAX_PROFIT":-120133072.02,"NETCASH_OPERATE":-341093876.84,"NETCASH_INVEST":316335025.92,"NETCASH_FINANCE":-331742233.7,"END_CASH":1031990653.6,"DIVI_RATIO":null,"DIVIDEND_RATE":null,"CURRENT_RATIO":1.722069849079,"COMMON_ACS":6000000000,"CURRENTDEBT_DEBT":59.41834995479,"ISSUED_COMMON_SHARES":1518320030,"HK_COMMON_SHARES":1518320030,"PER_SHARES":2500,"TOTAL_MARKET_CAP":182198403.6,"HKSK_MARKET_CAP":182198403.6,"PE_TTM":-0.570723696518,"PB_TTM":0.076498537866,"REPORT_DATE_SQ":"2022-06-30 00:00:00","REPORT_TYPE_SQ":"2022年中报","OPERATE_INCOME_SQ":3283901378.73,"DPS_HKD":null,"OPERATE_INCOME_QOQ_SQ":19.808767372685,"NET_PROFIT_RATIO_SQ":2.5969494009,"HOLDER_PROFIT_SQ":73745599.27,"HOLDER_PROFIT_QOQ_SQ":-28.047519846846,"ROE_AVG_SQ":2.461731442237,"PE_TTM_SQ":-0.280937972316,"PB_TTM_SQ":0.085675290783,"ROA_SQ":0.73636658047,"START_DATE":"2023-01-01 00:00:00","FISCAL_YEAR":"12-31","CURRENCY":"HKD","IS_CNY_CODE":0,"DPS_HKD_LY":null,"ORG_TYPE":"一般企业","PREMIUM_INCOME":null,"PREMIUM_INCOME_YOY":null,"NET_INTEREST_INCOME":null,"NET_INTEREST_INCOME_YOY":null,"FEE_COMMISSION_INCOME":null,"FEE_COMMISSION_INCOME_YOY":null,"ACCOUNTS_RECE_TDAYS":null,"INVENTORY_TDAYS":1.504361551791,"CURRENT_ASSETS_TDAYS":0.47116245536,"TOTAL_ASSETS_TDAYS":0.358468359198,"PREMIUM_EXPENSE":null,"LOAN_DEPOSIT":null,"LOAN_EQUITY":null,"LOAN_ASSETS":null,"DEPOSIT_EQUITY":null,"DEPOSIT_ASSETS":null,"EQUITY_MULTIPLIER":3.77265005522,"EQUITY_RATIO":3.112308077071},{"SECUCODE":"01240.HK","SECURITY_CODE":"01240","SECURITY_NAME_ABBR":"青建国际","ORG_CODE":"10288804","STD_REPORT_DATE":"2022-12-31 00:00:00","REPORT_DATE":"2022-12-31 00:00:00","DATE_TYPE_CODE":"001","REPORT_TYPE":"2022年年报","PER_NETCASH_OPERATE":-0.143882642278,"PER_OI":4.866719975327,"BPS":1.673698677874,"BASIC_EPS":-0.31979066,"DILUTED_EPS":-0.31979066,"OPERATE_INCOME":7389238418.94,"OPERATE_INCOME_YOY":35.6384645467,"GROSS_PROFIT":-36043444.5,"GROSS_PROFIT_YOY":-122.719609030222,"HOLDER_PROFIT":-525227574.41,"HOLDER_PROFIT_YOY":-326.9757692501,"GROSS_PROFIT_RATIO":-0.487782941306,"EPS_TTM":-0.345926790158,"OPERATE_INCOME_QOQ":23.690438935598,"NET_PROFIT_RATIO":-6.2020361885,"ROE_AVG":-18.432837481939,"GROSS_PROFIT_QOQ":-116.027343610675,"ROA":-4.868755707549,"HOLDER_PROFIT_QOQ":-444.647866330716,"ROE_YEARLY":-18.432837481939,"ROIC_YEARLY":-5.543995017426,"TOTAL_ASSETS":10879519436.1,"TOTAL_LIABILITIES":8049415865.33,"TAX_EBT":-6.063111934374,"OCF_SALES":-2.956460264972,"TOTAL_PARENT_EQUITY":2542325921.03,"DEBT_ASSET_RATIO":73.9868696647,"OPERATE_PROFIT":-202739239.01,"PRETAX_PROFIT":-432085418.24,"NETCASH_OPERATE":-218459897.74,"NETCASH_INVEST":288344876.19,"NETCASH_FINANCE":443328114.46,"END_CASH":1345844352.23,"DIVI_RATIO":null,"DIVIDEND_RATE":null,"CURRENT_RATIO":1.343231315305,"COMMON_ACS":6000000000,"CURRENTDEBT_DEBT":77.386188866074,"ISSUED_COMMON_SHARES":1518320030,"HK_COMMON_SHARES":1518320030,"PER_SHARES":2500,"TOTAL_MARKET_CAP":182198403.6,"HKSK_MARKET_CAP":182198403.6,"PE_TTM":-0.570723696518,"PB_TTM":0.076498537866,"REPORT_DATE_SQ":"2021-12-31 00:00:00","REPORT_TYPE_SQ":"2021年年报","OPERATE_INCOME_SQ":4986260328,"DPS_HKD":null,"OPERATE_INCOME_QOQ_SQ":8.387635524798,"NET_PROFIT_RATIO_SQ":4.1590317865,"HOLDER_PROFIT_SQ":211800097.6,"HOLDER_PROFIT_QOQ_SQ":-24.832648312232,"ROE_AVG_SQ":7.467075670398,"PE_TTM_SQ":-0.280937972316,"PB_TTM_SQ":0.085675290783,"ROA_SQ":2.088409982037,"START_DATE":"2022-01-01 00:00:00","FISCAL_YEAR":"12-31","CURRENCY":"HKD","IS_CNY_CODE":0,"DPS_HKD_LY":0.06,"ORG_TYPE":"一般企业","PREMIUM_INCOME":null,"PREMIUM_INCOME_YOY":null,"NET_INTEREST_INCOME":null,"NET_INTEREST_INCOME_YOY":null,"FEE_COMMISSION_INCOME":null,"FEE_COMMISSION_INCOME_YOY":null,"ACCOUNTS_RECE_TDAYS":2.825165735261,"INVENTORY_TDAYS":2.274516531926,"CURRENT_ASSETS_TDAYS":0.903964973185,"TOTAL_ASSETS_TDAYS":0.6849677831,"PREMIUM_EXPENSE":null,"LOAN_DEPOSIT":null,"LOAN_EQUITY":null,"LOAN_ASSETS":null,"DEPOSIT_EQUITY":null,"DEPOSIT_ASSETS":null,"EQUITY_MULTIPLIER":3.844212469281,"EQUITY_RATIO":3.166162056071},{"SECUCODE":"01240.HK","SECURITY_CODE":"01240","SECURITY_NAME_ABBR":"青建国际","ORG_CODE":"10288804","STD_REPORT_DATE":"2022-06-30 00:00:00","REPORT_DATE":"2022-06-30 00:00:00","DATE_TYPE_CODE":"002","REPORT_TYPE":"2022年中报","PER_NETCASH_OPERATE":-0.140043048533,"PER_OI":2.162851911221,"BPS":1.955025402464,"BASIC_EPS":0.04446988,"DILUTED_EPS":0.04446988,"OPERATE_INCOME":3283901378.73,"OPERATE_INCOME_YOY":39.1508175906,"GROSS_PROFIT":180184257.05,"GROSS_PROFIT_YOY":58.137228222994,"HOLDER_PROFIT":73745599.27,"HOLDER_PROFIT_YOY":-46.1114478725,"GROSS_PROFIT_RATIO":5.486896111347,"EPS_TTM":0.100371081313,"OPERATE_INCOME_QOQ":19.808767372685,"NET_PROFIT_RATIO":2.5969494009,"ROE_AVG":2.461731442237,"GROSS_PROFIT_QOQ":41.75530008036,"ROA":0.73636658047,"HOLDER_PROFIT_QOQ":-28.047519846846,"ROE_YEARLY":4.923462884473,"ROIC_YEARLY":1.625905200844,"TOTAL_ASSETS":9789640432.32,"TOTAL_LIABILITIES":6635096803.37,"TAX_EBT":15.686324244346,"OCF_SALES":-6.474925435557,"TOTAL_PARENT_EQUITY":2969422360.03,"DEBT_ASSET_RATIO":67.7767161035,"OPERATE_PROFIT":99999077.08,"PRETAX_PROFIT":101147597.25,"NETCASH_OPERATE":-212630165.65,"NETCASH_INVEST":196161771.82,"NETCASH_FINANCE":-11710971.86,"END_CASH":750002485.19,"DIVI_RATIO":null,"DIVIDEND_RATE":null,"CURRENT_RATIO":1.923580967392,"COMMON_ACS":6000000000,"CURRENTDEBT_DEBT":55.0837307084,"ISSUED_COMMON_SHARES":1518320030,"HK_COMMON_SHARES":1518320030,"PER_SHARES":2500,"TOTAL_MARKET_CAP":182198403.6,"HKSK_MARKET_CAP":182198403.6,"PE_TTM":-0.570723696518,"PB_TTM":0.076498537866,"REPORT_DATE_SQ":"2021-06-30 00:00:00","REPORT_TYPE_SQ":"2021年中报","OPERATE_INCOME_SQ":2296184669.76,"DPS_HKD":null,"OPERATE_INCOME_QOQ_SQ":6.57242827756,"NET_PROFIT_RATIO_SQ":5.2247594917,"HOLDER_PROFIT_SQ":133150273.68,"HOLDER_PROFIT_QOQ_SQ":53.532565169594,"ROE_AVG_SQ":4.673260745702,"PE_TTM_SQ":-0.280937972316,"PB_TTM_SQ":0.085675290783,"ROA_SQ":1.26531797518,"START_DATE":"2022-01-01 00:00:00","FISCAL_YEAR":"12-31","CURRENCY":"HKD","IS_CNY_CODE":0,"DPS_HKD_LY":0.06,"ORG_TYPE":"一般企业","PREMIUM_INCOME":null,"PREMIUM_INCOME_YOY":null,"NET_INTEREST_INCOME":null,"NET_INTEREST_INCOME_YOY":null,"FEE_COMMISSION_INCOME":null,"FEE_COMMISSION_INCOME_YOY":null,"ACCOUNTS_RECE_TDAYS":null,"INVENTORY_TDAYS":0.900398549695,"CURRENT_ASSETS_TDAYS":0.447656941683,"TOTAL_ASSETS_TDAYS":0.327905021153,"PREMIUM_EXPENSE":null,"LOAN_DEPOSIT":null,"LOAN_EQUITY":null,"LOAN_ASSETS":null,"DEPOSIT_EQUITY":null,"DEPOSIT_ASSETS":null,"EQUITY_MULTIPLIER":3.103346025228,"EQUITY_RATIO":2.234473914079},{"SECUCODE":"01240.HK","SECURITY_CODE":"01240","SECURITY_NAME_ABBR":"青建国际","ORG_CODE":"10288804","STD_REPORT_DATE":"2021-12-31 00:00:00","REPORT_DATE":"2021-12-31 00:00:00","DATE_TYPE_CODE":"001","REPORT_TYPE":"2021年年报","PER_NETCASH_OPERATE":0.179094740125,"PER_OI":3.284064116575,"BPS":1.902159566188,"BASIC_EPS":0.1291808,"DILUTED_EPS":0.1291808,"OPERATE_INCOME":4986260328,"OPERATE_INCOME_YOY":18.9077300636,"GROSS_PROFIT":158644651.2,"GROSS_PROFIT_YOY":-25.073868283965,"HOLDER_PROFIT":211800097.6,"HOLDER_PROFIT_YOY":18.7996716455,"GROSS_PROFIT_RATIO":3.181635950878,"EPS_TTM":0.139496346893,"OPERATE_INCOME_QOQ":8.387635524798,"NET_PROFIT_RATIO":4.1590317865,"ROE_AVG":7.467075670398,"GROSS_PROFIT_QOQ":-23.131294485158,"ROA":2.088409982037,"HOLDER_PROFIT_QOQ":-24.832648312232,"ROE_YEARLY":7.467075670398,"ROIC_YEARLY":2.319891418217,"TOTAL_ASSETS":9789850011.2,"TOTAL_LIABILITIES":6741208476.8,"TAX_EBT":2.713266006697,"OCF_SALES":5.453448342298,"TOTAL_PARENT_EQUITY":2889108152,"DEBT_ASSET_RATIO":68.859159937,"OPERATE_PROFIT":-5690496,"PRETAX_PROFIT":213163854.4,"NETCASH_OPERATE":271923131.2,"NETCASH_INVEST":-324660784,"NETCASH_FINANCE":-152931262.4,"END_CASH":750438248,"DIVI_RATIO":null,"DIVIDEND_RATE":null,"CURRENT_RATIO":1.911026851158,"COMMON_ACS":6000000000,"CURRENTDEBT_DEBT":56.706016821106,"ISSUED_COMMON_SHARES":1518320030,"HK_COMMON_SHARES":1518320030,"PER_SHARES":2500,"TOTAL_MARKET_CAP":182198403.6,"HKSK_MARKET_CAP":182198403.6,"PE_TTM":-0.570723696518,"PB_TTM":0.076498537866,"REPORT_DATE_SQ":"2020-12-31 00:00:00","REPORT_TYPE_SQ":"2020年年报","OPERATE_INCOME_SQ":4316684871.08,"DPS_HKD":null,"OPERATE_INCOME_QOQ_SQ":-7.122388265541,"NET_PROFIT_RATIO_SQ":3.7855507724,"HOLDER_PROFIT_SQ":183525493.48,"HOLDER_PROFIT_QOQ_SQ":137.916958940756,"ROE_AVG_SQ":6.573238538651,"PE_TTM_SQ":-0.280937972316,"PB_TTM_SQ":0.085675290783,"ROA_SQ":1.69213472064,"START_DATE":"2021-01-01 00:00:00","FISCAL_YEAR":"12-31","CURRENCY":"HKD","IS_CNY_CODE":0,"DPS_HKD_LY":0.08,"ORG_TYPE":"一般企业","PREMIUM_INCOME":null,"PREMIUM_INCOME_YOY":null,"NET_INTEREST_INCOME":null,"NET_INTEREST_INCOME_YOY":null,"FEE_COMMISSION_INCOME":null,"FEE_COMMISSION_INCOME_YOY":null,"ACCOUNTS_RECE_TDAYS":null,"INVENTORY_TDAYS":1.285935819484,"CURRENT_ASSETS_TDAYS":0.678071264552,"TOTAL_ASSETS_TDAYS":0.491659633779,"PREMIUM_EXPENSE":null,"LOAN_DEPOSIT":null,"LOAN_EQUITY":null,"LOAN_ASSETS":null,"DEPOSIT_EQUITY":null,"DEPOSIT_ASSETS":null,"EQUITY_MULTIPLIER":3.211217160414,"EQUITY_RATIO":2.333318145994},{"SECUCODE":"01240.HK","SECURITY_CODE":"01240","SECURITY_NAME_ABBR":"青建国际","ORG_CODE":"10288804","STD_REPORT_DATE":"2021-06-30 00:00:00","REPORT_DATE":"2021-06-30 00:00:00","DATE_TYPE_CODE":"002","REPORT_TYPE":"2021年中报","PER_NETCASH_OPERATE":0.219178916687,"PER_OI":1.512319289998,"BPS":1.886459348152,"BASIC_EPS":0.08071176,"DILUTED_EPS":0.08071176,"OPERATE_INCOME":2296184669.76,"OPERATE_INCOME_YOY":25.2539850335,"GROSS_PROFIT":113941706.88,"GROSS_PROFIT_YOY":-4.485458631384,"HOLDER_PROFIT":133150273.68,"HOLDER_PROFIT_YOY":318.7715900764,"GROSS_PROFIT_RATIO":4.962218778854,"EPS_TTM":0.185581031872,"OPERATE_INCOME_QOQ":6.57242827756,"NET_PROFIT_RATIO":5.2247594917,"ROE_AVG":4.673260745702,"GROSS_PROFIT_QOQ":-2.527132187014,"ROA":1.26531797518,"HOLDER_PROFIT_QOQ":53.532565169594,"ROE_YEARLY":9.346521491404,"ROIC_YEARLY":2.851475275519,"TOTAL_ASSETS":10366759075.92,"TOTAL_LIABILITIES":7364502937.2,"TAX_EBT":-0.739224303571,"OCF_SALES":14.492899623565,"TOTAL_PARENT_EQUITY":2865288282,"DEBT_ASSET_RATIO":71.0395880069,"OPERATE_PROFIT":-53055917.04,"PRETAX_PROFIT":119089785.84,"NETCASH_OPERATE":332783739.36,"NETCASH_INVEST":-73359501.12,"NETCASH_FINANCE":-123226055.52,"END_CASH":1097423655.36,"DIVI_RATIO":null,"DIVIDEND_RATE":null,"CURRENT_RATIO":1.733844926703,"COMMON_ACS":6000000000,"CURRENTDEBT_DEBT":58.373509936768,"ISSUED_COMMON_SHARES":1518320030,"HK_COMMON_SHARES":1518320030,"PER_SHARES":2500,"TOTAL_MARKET_CAP":182198403.6,"HKSK_MARKET_CAP":182198403.6,"PE_TTM":-0.570723696518,"PB_TTM":0.076498537866,"REPORT_DATE_SQ":"2020-06-30 00:00:00","REPORT_TYPE_SQ":"2020年中报","OPERATE_INCOME_SQ":2012473652.64,"DPS_HKD":null,"OPERATE_INCOME_QOQ_SQ":-34.101275730791,"NET_PROFIT_RATIO_SQ":1.0349127012,"HOLDER_PROFIT_SQ":34904369.28,"HOLDER_PROFIT_QOQ_SQ":-63.945544637502,"ROE_AVG_SQ":1.199803444741,"PE_TTM_SQ":-0.280937972316,"PB_TTM_SQ":0.085675290783,"ROA_SQ":0.304248495189,"START_DATE":"2021-01-01 00:00:00","FISCAL_YEAR":"12-31","CURRENCY":"HKD","IS_CNY_CODE":0,"DPS_HKD_LY":0.08,"ORG_TYPE":"一般企业","PREMIUM_INCOME":null,"PREMIUM_INCOME_YOY":null,"NET_INTEREST_INCOME":null,"NET_INTEREST_INCOME_YOY":null,"FEE_COMMISSION_INCOME":null,"FEE_COMMISSION_INCOME_YOY":null,"ACCOUNTS_RECE_TDAYS":1.412302138281,"INVENTORY_TDAYS":0.547327894912,"CURRENT_ASSETS_TDAYS":0.306429448306,"TOTAL_ASSETS_TDAYS":0.218204864074,"PREMIUM_EXPENSE":null,"LOAN_DEPOSIT":null,"LOAN_EQUITY":null,"LOAN_ASSETS":null,"DEPOSIT_EQUITY":null,"DEPOSIT_ASSETS":null,"EQUITY_MULTIPLIER":3.452989550833,"EQUITY_RATIO":2.570248509884},{"SECUCODE":"01240.HK","SECURITY_CODE":"01240","SECURITY_NAME_ABBR":"青建国际","ORG_CODE":"10288804","STD_REPORT_DATE":"2020-12-31 00:00:00","REPORT_DATE":"2020-12-31 00:00:00","DATE_TYPE_CODE":"001","REPORT_TYPE":"2020年年报","PER_NETCASH_OPERATE":0.665494366771,"PER_OI":2.843066537876,"BPS":1.88668996936,"BASIC_EPS":0.11193812,"DILUTED_EPS":0.11193812,"OPERATE_INCOME":4316684871.08,"OPERATE_INCOME_YOY":-34.8577071459,"GROSS_PROFIT":211734741.36,"GROSS_PROFIT_YOY":-55.322305032832,"HOLDER_PROFIT":183525493.48,"HOLDER_PROFIT_YOY":-8.7024057745,"GROSS_PROFIT_RATIO":4.905031237711,"EPS_TTM":0.120874051487,"OPERATE_INCOME_QOQ":-7.122388265541,"NET_PROFIT_RATIO":3.7855507724,"ROE_AVG":6.573238538651,"GROSS_PROFIT_QOQ":-40.817930411114,"ROA":1.69213472064,"HOLDER_PROFIT_QOQ":137.916958940756,"ROE_YEARLY":6.573238538651,"ROIC_YEARLY":1.902034789154,"TOTAL_ASSETS":10802075711.84,"TOTAL_LIABILITIES":7777809858.2,"TAX_EBT":7.063672133031,"OCF_SALES":23.407625460211,"TOTAL_PARENT_EQUITY":2865650379.24,"DEBT_ASSET_RATIO":72.0029193063,"OPERATE_PROFIT":92256368.6,"PRETAX_PROFIT":175830378.96,"NETCASH_OPERATE":1010433426.92,"NETCASH_INVEST":-372442532.8,"NETCASH_FINANCE":-726267147.16,"END_CASH":988065160.64,"DIVI_RATIO":null,"DIVIDEND_RATE":null,"CURRENT_RATIO":1.767313301665,"COMMON_ACS":6000000000,"CURRENTDEBT_DEBT":55.432103107208,"ISSUED_COMMON_SHARES":1518320030,"HK_COMMON_SHARES":1518320030,"PER_SHARES":2500,"TOTAL_MARKET_CAP":182198403.6,"HKSK_MARKET_CAP":182198403.6,"PE_TTM":-0.570723696518,"PB_TTM":0.076498537866,"REPORT_DATE_SQ":"2019-12-31 00:00:00","REPORT_TYPE_SQ":"2019年年报","OPERATE_INCOME_SQ":7052811857.5,"DPS_HKD":null,"OPERATE_INCOME_QOQ_SQ":5.84227038302,"NET_PROFIT_RATIO_SQ":3.0897423278,"HOLDER_PROFIT_SQ":213949886.76,"HOLDER_PROFIT_QOQ_SQ":20.453109185385,"ROE_AVG_SQ":7.433762675908,"PE_TTM_SQ":-0.280937972316,"PB_TTM_SQ":0.085675290783,"ROA_SQ":2.114437715573,"START_DATE":"2020-01-01 00:00:00","FISCAL_YEAR":"12-31","CURRENCY":"HKD","IS_CNY_CODE":0,"DPS_HKD_LY":0.04,"ORG_TYPE":"一般企业","PREMIUM_INCOME":null,"PREMIUM_INCOME_YOY":null,"NET_INTEREST_INCOME":null,"NET_INTEREST_INCOME_YOY":null,"FEE_COMMISSION_INCOME":null,"FEE_COMMISSION_INCOME_YOY":null,"ACCOUNTS_RECE_TDAYS":2.770612550495,"INVENTORY_TDAYS":0.964988587396,"CURRENT_ASSETS_TDAYS":0.542228060797,"TOTAL_ASSETS_TDAYS":0.398005323942,"PREMIUM_EXPENSE":null,"LOAN_DEPOSIT":null,"LOAN_EQUITY":null,"LOAN_ASSETS":null,"DEPOSIT_EQUITY":null,"DEPOSIT_ASSETS":null,"EQUITY_MULTIPLIER":3.571800970753,"EQUITY_RATIO":2.714151703413},{"SECUCODE":"01240.HK","SECURITY_CODE":"01240","SECURITY_NAME_ABBR":"青建国际","ORG_CODE":"10288804","STD_REPORT_DATE":"2020-06-30 00:00:00","REPORT_DATE":"2020-06-30 00:00:00","DATE_TYPE_CODE":"002","REPORT_TYPE":"2020年中报","PER_NETCASH_OPERATE":0.21876969387,"PER_OI":1.325460780913,"BPS":1.888227572997,"BASIC_EPS":0.02192256,"DILUTED_EPS":0.02192256,"OPERATE_INCOME":2012473652.64,"OPERATE_INCOME_YOY":-56.128615632,"GROSS_PROFIT":119292523.68,"GROSS_PROFIT_YOY":-49.332117221819,"HOLDER_PROFIT":34904369.28,"HOLDER_PROFIT_YOY":-80.4248823044,"GROSS_PROFIT_RATIO":5.927656420421,"EPS_TTM":0.050805143116,"OPERATE_INCOME_QOQ":-34.101275730791,"NET_PROFIT_RATIO":1.0349127012,"ROE_AVG":1.199803444741,"GROSS_PROFIT_QOQ":-24.508055771748,"ROA":0.304248495189,"HOLDER_PROFIT_QOQ":-63.945544637502,"ROE_YEARLY":2.399606889482,"ROIC_YEARLY":0.702008362666,"TOTAL_ASSETS":11126146785.6,"TOTAL_LIABILITIES":8036303536.8,"TAX_EBT":22.300221502811,"OCF_SALES":16.505180464065,"TOTAL_PARENT_EQUITY":2868074631.84,"DEBT_ASSET_RATIO":72.2289907877,"OPERATE_PROFIT":61571336.64,"PRETAX_PROFIT":26804896.8,"NETCASH_OPERATE":332162408.16,"NETCASH_INVEST":-160543474.08,"NETCASH_FINANCE":175187744.16,"END_CASH":1481087240.16,"DIVI_RATIO":null,"DIVIDEND_RATE":null,"CURRENT_RATIO":2.126340478694,"COMMON_ACS":6000000000,"CURRENTDEBT_DEBT":48.10242735579,"ISSUED_COMMON_SHARES":1518320030,"HK_COMMON_SHARES":1518320030,"PER_SHARES":2500,"TOTAL_MARKET_CAP":182198403.6,"HKSK_MARKET_CAP":182198403.6,"PE_TTM":-0.570723696518,"PB_TTM":0.076498537866,"REPORT_DATE_SQ":"2019-06-30 00:00:00","REPORT_TYPE_SQ":"2019年中报","OPERATE_INCOME_SQ":4417572470.94,"DPS_HKD":null,"OPERATE_INCOME_QOQ_SQ":1.293585404042,"NET_PROFIT_RATIO_SQ":3.9712587385,"HOLDER_PROFIT_SQ":171715789.62,"HOLDER_PROFIT_QOQ_SQ":-9.858154250766,"ROE_AVG_SQ":6.024830237514,"PE_TTM_SQ":-0.280937972316,"PB_TTM_SQ":0.085675290783,"ROA_SQ":1.748830847267,"START_DATE":"2020-01-01 00:00:00","FISCAL_YEAR":"12-31","CURRENCY":"HKD","IS_CNY_CODE":0,"DPS_HKD_LY":0.04,"ORG_TYPE":"一般企业","PREMIUM_INCOME":null,"PREMIUM_INCOME_YOY":null,"NET_INTEREST_INCOME":null,"NET_INTEREST_INCOME_YOY":null,"FEE_COMMISSION_INCOME":null,"FEE_COMMISSION_INCOME_YOY":null,"ACCOUNTS_RECE_TDAYS":1.368500428747,"INVENTORY_TDAYS":0.402820660432,"CURRENT_ASSETS_TDAYS":0.23359561644,"TOTAL_ASSETS_TDAYS":0.175419895289,"PREMIUM_EXPENSE":null,"LOAN_DEPOSIT":null,"LOAN_EQUITY":null,"LOAN_ASSETS":null,"DEPOSIT_EQUITY":null,"DEPOSIT_ASSETS":null,"EQUITY_MULTIPLIER":3.600877419885,"EQUITY_RATIO":2.801985501906}],"count":29},"success":true,"message":"ok","code":0}