{"version":"2e84d1156cf1467c6ddafff663b06c18","result":{"pages":3,"data":[{"SECUCODE":"01245.HK","SECURITY_CODE":"01245","SECURITY_NAME_ABBR":"NIRAKU","ORG_CODE":"10433546","STD_REPORT_DATE":"2024-06-30 00:00:00","REPORT_DATE":"2024-09-30 00:00:00","DATE_TYPE_CODE":"002","REPORT_TYPE":"2024年中报","PER_NETCASH_OPERATE":0.135512139202,"PER_OI":0.581035998431,"BPS":0.836465300185,"BASIC_EPS":0.01864926,"DILUTED_EPS":0.01864926,"OPERATE_INCOME":694832166,"OPERATE_INCOME_YOY":7.3470316173,"GROSS_PROFIT":168088725,"GROSS_PROFIT_YOY":34.666578357067,"HOLDER_PROFIT":22133727,"HOLDER_PROFIT_YOY":11.3580246914,"GROSS_PROFIT_RATIO":24.191269953383,"EPS_TTM":0.016365399065,"OPERATE_INCOME_QOQ":0,"NET_PROFIT_RATIO":3.1854781749,"ROE_AVG":2.224688617585,"GROSS_PROFIT_QOQ":0,"ROA":0.691521577467,"HOLDER_PROFIT_QOQ":0,"ROE_YEARLY":4.449377235171,"ROIC_YEARLY":1.654014009609,"TOTAL_ASSETS":3174153129,"TOTAL_LIABILITIES":2231383959,"TAX_EBT":51.764705882353,"OCF_SALES":23.322503178415,"TOTAL_PARENT_EQUITY":1000287414,"DEBT_ASSET_RATIO":70.2985605393,"OPERATE_PROFIT":67579029,"PRETAX_PROFIT":45886995,"NETCASH_OPERATE":162052254,"NETCASH_INVEST":-112484484,"NETCASH_FINANCE":-157488093,"END_CASH":498131550,"DIVI_RATIO":0.718671750885,"DIVIDEND_RATE":5.803571428571,"CURRENT_RATIO":0.902216046222,"COMMON_ACS":2000000000,"CURRENTDEBT_DEBT":30.072360173313,"ISSUED_COMMON_SHARES":1195850460,"HK_COMMON_SHARES":1195850460,"PER_SHARES":2000,"TOTAL_MARKET_CAP":267870503.04,"HKSK_MARKET_CAP":267870503.04,"PE_TTM":10.813652729149,"PB_TTM":0.241493537479,"REPORT_DATE_SQ":"2023-06-30 00:00:00","REPORT_TYPE_SQ":"2023年中报","OPERATE_INCOME_SQ":638321222,"DPS_HKD":0.013,"OPERATE_INCOME_QOQ_SQ":0,"NET_PROFIT_RATIO_SQ":1.379937827,"HOLDER_PROFIT_SQ":19601190,"HOLDER_PROFIT_QOQ_SQ":0,"ROE_AVG_SQ":2.008281060174,"PE_TTM_SQ":11.404517251987,"PB_TTM_SQ":0.323826266847,"ROA_SQ":0.613585231534,"START_DATE":"2024-04-01 00:00:00","FISCAL_YEAR":"3-31","CURRENCY":"HKD","IS_CNY_CODE":0,"DPS_HKD_LY":0.013,"ORG_TYPE":"一般企业","PREMIUM_INCOME":null,"PREMIUM_INCOME_YOY":null,"NET_INTEREST_INCOME":null,"NET_INTEREST_INCOME_YOY":null,"FEE_COMMISSION_INCOME":null,"FEE_COMMISSION_INCOME_YOY":null,"ACCOUNTS_RECE_TDAYS":86.858895705521,"INVENTORY_TDAYS":208.407766990291,"CURRENT_ASSETS_TDAYS":1.080433455433,"TOTAL_ASSETS_TDAYS":0.217085642877,"PREMIUM_EXPENSE":null,"LOAN_DEPOSIT":null,"LOAN_EQUITY":null,"LOAN_ASSETS":null,"DEPOSIT_EQUITY":null,"DEPOSIT_ASSETS":null,"EQUITY_MULTIPLIER":3.366840187403,"EQUITY_RATIO":2.230742812285},{"SECUCODE":"01245.HK","SECURITY_CODE":"01245","SECURITY_NAME_ABBR":"NIRAKU","ORG_CODE":"10433546","STD_REPORT_DATE":"2023-12-31 00:00:00","REPORT_DATE":"2024-03-31 00:00:00","DATE_TYPE_CODE":"001","REPORT_TYPE":"2023年年报","PER_NETCASH_OPERATE":0.319223868509,"PER_OI":1.062962245296,"BPS":0.795121786381,"BASIC_EPS":0.0165053,"DILUTED_EPS":0.0165053,"OPERATE_INCOME":1271143890,"OPERATE_INCOME_YOY":9.5197464651,"GROSS_PROFIT":297142558,"GROSS_PROFIT_YOY":-2.340867351426,"HOLDER_PROFIT":19570570,"HOLDER_PROFIT_YOY":-63.4038800705,"GROSS_PROFIT_RATIO":23.375997032091,"EPS_TTM":0.021608608153,"OPERATE_INCOME_QOQ":0,"NET_PROFIT_RATIO":0.4377666481,"ROE_AVG":2.065138961459,"GROSS_PROFIT_QOQ":0,"ROA":0.630871667021,"HOLDER_PROFIT_QOQ":0,"ROE_YEARLY":2.065138961459,"ROIC_YEARLY":0.75576842527,"TOTAL_ASSETS":3101110080,"TOTAL_LIABILITIES":2206004082,"TAX_EBT":63.681048607318,"OCF_SALES":30.031534038212,"TOTAL_PARENT_EQUITY":950846754,"DEBT_ASSET_RATIO":71.1359489051,"OPERATE_PROFIT":128364076,"PRETAX_PROFIT":86346298,"NETCASH_OPERATE":381744010,"NETCASH_INVEST":-81913446,"NETCASH_FINANCE":-209617310,"END_CASH":582401300,"DIVI_RATIO":0.544290030926,"DIVIDEND_RATE":5.803571428571,"CURRENT_RATIO":0.98965541842,"COMMON_ACS":2000000000,"CURRENTDEBT_DEBT":29.964300220184,"ISSUED_COMMON_SHARES":1195850460,"HK_COMMON_SHARES":1195850460,"PER_SHARES":2000,"TOTAL_MARKET_CAP":267870503.04,"HKSK_MARKET_CAP":267870503.04,"PE_TTM":10.813652729149,"PB_TTM":0.241493537479,"REPORT_DATE_SQ":"2022-12-31 00:00:00","REPORT_TYPE_SQ":"2022年年报","OPERATE_INCOME_SQ":1272268116,"DPS_HKD":0.013,"OPERATE_INCOME_QOQ_SQ":0,"NET_PROFIT_RATIO_SQ":4.2487088444,"HOLDER_PROFIT_SQ":58619862,"HOLDER_PROFIT_QOQ_SQ":0,"ROE_AVG_SQ":5.718896565636,"PE_TTM_SQ":10.617998820815,"PB_TTM_SQ":0.301493420858,"ROA_SQ":1.691224721112,"START_DATE":"2023-04-01 00:00:00","FISCAL_YEAR":"3-31","CURRENCY":"HKD","IS_CNY_CODE":0,"DPS_HKD_LY":0.011,"ORG_TYPE":"一般企业","PREMIUM_INCOME":null,"PREMIUM_INCOME_YOY":null,"NET_INTEREST_INCOME":null,"NET_INTEREST_INCOME_YOY":null,"FEE_COMMISSION_INCOME":null,"FEE_COMMISSION_INCOME_YOY":null,"ACCOUNTS_RECE_TDAYS":206.551724137931,"INVENTORY_TDAYS":338.590163934426,"CURRENT_ASSETS_TDAYS":2.052306989493,"TOTAL_ASSETS_TDAYS":0.409762549026,"PREMIUM_EXPENSE":null,"LOAN_DEPOSIT":null,"LOAN_EQUITY":null,"LOAN_ASSETS":null,"DEPOSIT_EQUITY":null,"DEPOSIT_ASSETS":null,"EQUITY_MULTIPLIER":3.464517148727,"EQUITY_RATIO":2.320041660467},{"SECUCODE":"01245.HK","SECURITY_CODE":"01245","SECURITY_NAME_ABBR":"NIRAKU","ORG_CODE":"10433546","STD_REPORT_DATE":"2023-06-30 00:00:00","REPORT_DATE":"2023-09-30 00:00:00","DATE_TYPE_CODE":"002","REPORT_TYPE":"2023年中报","PER_NETCASH_OPERATE":0.159336750182,"PER_OI":0.53378013669,"BPS":0.821776152513,"BASIC_EPS":0.01645532,"DILUTED_EPS":0.01645532,"OPERATE_INCOME":638321222,"OPERATE_INCOME_YOY":7.3847907507,"GROSS_PROFIT":124818442,"GROSS_PROFIT_YOY":-18.968414399948,"HOLDER_PROFIT":19601190,"HOLDER_PROFIT_YOY":-61.9002822201,"GROSS_PROFIT_RATIO":19.554173932823,"EPS_TTM":0.049019391605,"OPERATE_INCOME_QOQ":0,"NET_PROFIT_RATIO":1.379937827,"ROE_AVG":2.008281060174,"GROSS_PROFIT_QOQ":0,"ROA":0.613585231534,"HOLDER_PROFIT_QOQ":0,"ROE_YEARLY":4.016562120348,"ROIC_YEARLY":1.455682553375,"TOTAL_ASSETS":3204286386,"TOTAL_LIABILITIES":2274609204,"TAX_EBT":37.254901960784,"OCF_SALES":29.850633103344,"TOTAL_PARENT_EQUITY":982721390,"DEBT_ASSET_RATIO":70.9864515837,"OPERATE_PROFIT":67708802,"PRETAX_PROFIT":46897662,"NETCASH_OPERATE":190542926,"NETCASH_INVEST":-54157362,"NETCASH_FINANCE":-103232934,"END_CASH":538282556,"DIVI_RATIO":0.239932598404,"DIVIDEND_RATE":5.803571428571,"CURRENT_RATIO":0.980436588866,"COMMON_ACS":2000000000,"CURRENTDEBT_DEBT":28.169283799311,"ISSUED_COMMON_SHARES":1195850460,"HK_COMMON_SHARES":1195850460,"PER_SHARES":2000,"TOTAL_MARKET_CAP":267870503.04,"HKSK_MARKET_CAP":267870503.04,"PE_TTM":10.813652729149,"PB_TTM":0.241493537479,"REPORT_DATE_SQ":"2022-06-30 00:00:00","REPORT_TYPE_SQ":"2022年中报","OPERATE_INCOME_SQ":605207832,"DPS_HKD":0.013,"OPERATE_INCOME_QOQ_SQ":0,"NET_PROFIT_RATIO_SQ":8.1290948799,"HOLDER_PROFIT_SQ":52380388,"HOLDER_PROFIT_QOQ_SQ":0,"ROE_AVG_SQ":5.353141130555,"PE_TTM_SQ":10.617998820815,"PB_TTM_SQ":0.301493420858,"ROA_SQ":1.569351147856,"START_DATE":"2023-04-01 00:00:00","FISCAL_YEAR":"3-31","CURRENCY":"HKD","IS_CNY_CODE":0,"DPS_HKD_LY":0.011,"ORG_TYPE":"一般企业","PREMIUM_INCOME":null,"PREMIUM_INCOME_YOY":null,"NET_INTEREST_INCOME":null,"NET_INTEREST_INCOME_YOY":null,"FEE_COMMISSION_INCOME":null,"FEE_COMMISSION_INCOME_YOY":null,"ACCOUNTS_RECE_TDAYS":109.908333333333,"INVENTORY_TDAYS":151.571428571429,"CURRENT_ASSETS_TDAYS":1.039486128625,"TOTAL_ASSETS_TDAYS":0.199816681943,"PREMIUM_EXPENSE":null,"LOAN_DEPOSIT":null,"LOAN_EQUITY":null,"LOAN_ASSETS":null,"DEPOSIT_EQUITY":null,"DEPOSIT_ASSETS":null,"EQUITY_MULTIPLIER":3.446665625492,"EQUITY_RATIO":2.314602314701},{"SECUCODE":"01245.HK","SECURITY_CODE":"01245","SECURITY_NAME_ABBR":"NIRAKU","ORG_CODE":"10433546","STD_REPORT_DATE":"2022-12-31 00:00:00","REPORT_DATE":"2023-03-31 00:00:00","DATE_TYPE_CODE":"001","REPORT_TYPE":"2022年年报","PER_NETCASH_OPERATE":0.256422425928,"PER_OI":1.063902351135,"BPS":0.865749889832,"BASIC_EPS":0.04910835,"DILUTED_EPS":0.04910835,"OPERATE_INCOME":1272268116,"OPERATE_INCOME_YOY":11.5943986672,"GROSS_PROFIT":304264998,"GROSS_PROFIT_YOY":48.987047212488,"HOLDER_PROFIT":58619862,"HOLDER_PROFIT_YOY":196.0203217612,"GROSS_PROFIT_RATIO":23.862169141382,"EPS_TTM":-0.066083879752,"OPERATE_INCOME_QOQ":0,"NET_PROFIT_RATIO":4.2487088444,"ROE_AVG":5.718896565636,"GROSS_PROFIT_QOQ":0,"ROA":1.691224721112,"HOLDER_PROFIT_QOQ":0,"ROE_YEARLY":5.718896565636,"ROIC_YEARLY":2.010798733942,"TOTAL_ASSETS":3401606172,"TOTAL_LIABILITIES":2404241430,"TAX_EBT":20.819341840161,"OCF_SALES":23.934796642996,"TOTAL_PARENT_EQUITY":1035307404,"DEBT_ASSET_RATIO":70.6795939457,"OPERATE_PROFIT":122822568,"PRETAX_PROFIT":76970877,"NETCASH_OPERATE":306642876,"NETCASH_INVEST":-60739275,"NETCASH_FINANCE":-296149197,"END_CASH":539416455,"DIVI_RATIO":-0.177976081976,"DIVIDEND_RATE":5.803571428571,"CURRENT_RATIO":1.067148760331,"COMMON_ACS":2000000000,"CURRENTDEBT_DEBT":24.975274134595,"ISSUED_COMMON_SHARES":1195850460,"HK_COMMON_SHARES":1195850460,"PER_SHARES":2000,"TOTAL_MARKET_CAP":267870503.04,"HKSK_MARKET_CAP":267870503.04,"PE_TTM":10.813652729149,"PB_TTM":0.241493537479,"REPORT_DATE_SQ":"2021-12-31 00:00:00","REPORT_TYPE_SQ":"2021年年报","OPERATE_INCOME_SQ":1154090685,"DPS_HKD":0.013,"OPERATE_INCOME_QOQ_SQ":0,"NET_PROFIT_RATIO_SQ":-5.3446800847,"HOLDER_PROFIT_SQ":-61370665,"HOLDER_PROFIT_QOQ_SQ":0,"ROE_AVG_SQ":-5.847692612398,"PE_TTM_SQ":10.617998820815,"PB_TTM_SQ":0.301493420858,"ROA_SQ":-1.620127442709,"START_DATE":"2022-04-01 00:00:00","FISCAL_YEAR":"3-31","CURRENCY":"HKD","IS_CNY_CODE":0,"DPS_HKD_LY":0.032,"ORG_TYPE":"一般企业","PREMIUM_INCOME":null,"PREMIUM_INCOME_YOY":null,"NET_INTEREST_INCOME":null,"NET_INTEREST_INCOME_YOY":null,"FEE_COMMISSION_INCOME":null,"FEE_COMMISSION_INCOME_YOY":null,"ACCOUNTS_RECE_TDAYS":271.955801104972,"INVENTORY_TDAYS":340,"CURRENT_ASSETS_TDAYS":1.950881612091,"TOTAL_ASSETS_TDAYS":0.369623575732,"PREMIUM_EXPENSE":null,"LOAN_DEPOSIT":null,"LOAN_EQUITY":null,"LOAN_ASSETS":null,"DEPOSIT_EQUITY":null,"DEPOSIT_ASSETS":null,"EQUITY_MULTIPLIER":3.410593967041,"EQUITY_RATIO":2.322248851608},{"SECUCODE":"01245.HK","SECURITY_CODE":"01245","SECURITY_NAME_ABBR":"NIRAKU","ORG_CODE":"10433546","STD_REPORT_DATE":"2022-06-30 00:00:00","REPORT_DATE":"2022-09-30 00:00:00","DATE_TYPE_CODE":"002","REPORT_TYPE":"2022年中报","PER_NETCASH_OPERATE":0.152791184276,"PER_OI":0.506089893547,"BPS":0.827618914827,"BASIC_EPS":0.04385564,"DILUTED_EPS":0.04385564,"OPERATE_INCOME":605207832,"OPERATE_INCOME_YOY":14.5252431681,"GROSS_PROFIT":154036776,"GROSS_PROFIT_YOY":17.036159368474,"HOLDER_PROFIT":52380388,"HOLDER_PROFIT_YOY":-12.0760959471,"GROSS_PROFIT_RATIO":25.123351937232,"EPS_TTM":-0.051319681727,"OPERATE_INCOME_QOQ":0,"NET_PROFIT_RATIO":8.1290948799,"ROE_AVG":5.353141130555,"GROSS_PROFIT_QOQ":0,"ROA":1.569351147856,"HOLDER_PROFIT_QOQ":0,"ROE_YEARLY":10.70628226111,"ROIC_YEARLY":3.740586951932,"TOTAL_ASSETS":3309868920,"TOTAL_LIABILITIES":2355589904,"TAX_EBT":35.895953757225,"OCF_SALES":29.99272021354,"TOTAL_PARENT_EQUITY":989708460,"DEBT_ASSET_RATIO":71.1686764925,"OPERATE_PROFIT":108456476,"PRETAX_PROFIT":85247480,"NETCASH_OPERATE":182715408,"NETCASH_INVEST":-3449320,"NETCASH_FINANCE":-190895224,"END_CASH":550018712,"DIVI_RATIO":-0.22917815552,"DIVIDEND_RATE":5.803571428571,"CURRENT_RATIO":1.096804272273,"COMMON_ACS":2000000000,"CURRENTDEBT_DEBT":24.677851225839,"ISSUED_COMMON_SHARES":1195850460,"HK_COMMON_SHARES":1195850460,"PER_SHARES":2000,"TOTAL_MARKET_CAP":267870503.04,"HKSK_MARKET_CAP":267870503.04,"PE_TTM":10.813652729149,"PB_TTM":0.241493537479,"REPORT_DATE_SQ":"2021-06-30 00:00:00","REPORT_TYPE_SQ":"2021年中报","OPERATE_INCOME_SQ":625343555,"DPS_HKD":0.013,"OPERATE_INCOME_QOQ_SQ":0,"NET_PROFIT_RATIO_SQ":11.1440481704,"HOLDER_PROFIT_SQ":70036161,"HOLDER_PROFIT_QOQ_SQ":0,"ROE_AVG_SQ":5.658920171312,"PE_TTM_SQ":10.617998820815,"PB_TTM_SQ":0.301493420858,"ROA_SQ":1.627986830677,"START_DATE":"2022-04-01 00:00:00","FISCAL_YEAR":"3-31","CURRENCY":"HKD","IS_CNY_CODE":0,"DPS_HKD_LY":0.032,"ORG_TYPE":"一般企业","PREMIUM_INCOME":null,"PREMIUM_INCOME_YOY":null,"NET_INTEREST_INCOME":null,"NET_INTEREST_INCOME_YOY":null,"FEE_COMMISSION_INCOME":null,"FEE_COMMISSION_INCOME_YOY":null,"ACCOUNTS_RECE_TDAYS":135.71270718232,"INVENTORY_TDAYS":223.060240963855,"CURRENT_ASSETS_TDAYS":0.952795653347,"TOTAL_ASSETS_TDAYS":0.182520115155,"PREMIUM_EXPENSE":null,"LOAN_DEPOSIT":null,"LOAN_EQUITY":null,"LOAN_ASSETS":null,"DEPOSIT_EQUITY":null,"DEPOSIT_ASSETS":null,"EQUITY_MULTIPLIER":3.468449860583,"EQUITY_RATIO":2.380084640279},{"SECUCODE":"01245.HK","SECURITY_CODE":"01245","SECURITY_NAME_ABBR":"NIRAKU","ORG_CODE":"10433546","STD_REPORT_DATE":"2021-12-31 00:00:00","REPORT_DATE":"2022-03-31 00:00:00","DATE_TYPE_CODE":"001","REPORT_TYPE":"2021年年报","PER_NETCASH_OPERATE":0.234175922799,"PER_OI":0.965079433929,"BPS":0.853010459184,"BASIC_EPS":-0.05144535,"DILUTED_EPS":-0.05144535,"OPERATE_INCOME":1154090685,"OPERATE_INCOME_YOY":19.7831832156,"GROSS_PROFIT":204222450,"GROSS_PROFIT_YOY":192.095218981253,"HOLDER_PROFIT":-61370665,"HOLDER_PROFIT_YOY":78.4528370735,"GROSS_PROFIT_RATIO":17.69552883966,"EPS_TTM":-0.125601257033,"OPERATE_INCOME_QOQ":0,"NET_PROFIT_RATIO":-5.3446800847,"ROE_AVG":-5.847692612398,"GROSS_PROFIT_QOQ":0,"ROA":-1.620127442709,"HOLDER_PROFIT_QOQ":0,"ROE_YEARLY":-5.847692612398,"ROIC_YEARLY":-1.97958396889,"TOTAL_ASSETS":3549209500,"TOTAL_LIABILITIES":2560783235,"TAX_EBT":-594.152046783626,"OCF_SALES":24.264937637895,"TOTAL_PARENT_EQUITY":1020072950,"DEBT_ASSET_RATIO":72.1508052709,"OPERATE_PROFIT":44741865,"PRETAX_PROFIT":-8886015,"NETCASH_OPERATE":280039385,"NETCASH_INVEST":-44845795,"NETCASH_FINANCE":-464151380,"END_CASH":595051215,"DIVI_RATIO":-0.093640384482,"DIVIDEND_RATE":5.803571428571,"CURRENT_RATIO":1.084604484454,"COMMON_ACS":2000000000,"CURRENTDEBT_DEBT":24.345055703241,"ISSUED_COMMON_SHARES":1195850460,"HK_COMMON_SHARES":1195850460,"PER_SHARES":2000,"TOTAL_MARKET_CAP":267870503.04,"HKSK_MARKET_CAP":267870503.04,"PE_TTM":10.813652729149,"PB_TTM":0.241493537479,"REPORT_DATE_SQ":"2020-12-31 00:00:00","REPORT_TYPE_SQ":"2020年年报","OPERATE_INCOME_SQ":1104190714,"DPS_HKD":0.013,"OPERATE_INCOME_QOQ_SQ":0,"NET_PROFIT_RATIO_SQ":-30.2249069629,"HOLDER_PROFIT_SQ":-326415474,"HOLDER_PROFIT_QOQ_SQ":0,"ROE_AVG_SQ":-23.332340045124,"PE_TTM_SQ":10.617998820815,"PB_TTM_SQ":0.301493420858,"ROA_SQ":-6.909592874837,"START_DATE":"2021-04-01 00:00:00","FISCAL_YEAR":"3-31","CURRENCY":"HKD","IS_CNY_CODE":0,"DPS_HKD_LY":null,"ORG_TYPE":"一般企业","PREMIUM_INCOME":null,"PREMIUM_INCOME_YOY":null,"NET_INTEREST_INCOME":null,"NET_INTEREST_INCOME_YOY":null,"FEE_COMMISSION_INCOME":null,"FEE_COMMISSION_INCOME_YOY":null,"ACCOUNTS_RECE_TDAYS":321.869565217391,"INVENTORY_TDAYS":562.430769230769,"CURRENT_ASSETS_TDAYS":1.435199844906,"TOTAL_ASSETS_TDAYS":0.30466901249,"PREMIUM_EXPENSE":null,"LOAN_DEPOSIT":null,"LOAN_EQUITY":null,"LOAN_ASSETS":null,"DEPOSIT_EQUITY":null,"DEPOSIT_ASSETS":null,"EQUITY_MULTIPLIER":3.590768098422,"EQUITY_RATIO":2.51039225675},{"SECUCODE":"01245.HK","SECURITY_CODE":"01245","SECURITY_NAME_ABBR":"NIRAKU","ORG_CODE":"10433546","STD_REPORT_DATE":"2021-06-30 00:00:00","REPORT_DATE":"2021-09-30 00:00:00","DATE_TYPE_CODE":"002","REPORT_TYPE":"2021年中报","PER_NETCASH_OPERATE":0.135733574915,"PER_OI":0.522927887656,"BPS":1.064118286997,"BASIC_EPS":0.05850829,"DILUTED_EPS":0.05850829,"OPERATE_INCOME":625343555,"OPERATE_INCOME_YOY":30.0289086967,"GROSS_PROFIT":131614688,"GROSS_PROFIT_YOY":480.337058834319,"HOLDER_PROFIT":70036161,"HOLDER_PROFIT_YOY":173.3616504854,"GROSS_PROFIT_RATIO":21.046780917091,"EPS_TTM":-0.272956765848,"OPERATE_INCOME_QOQ":0,"NET_PROFIT_RATIO":11.1440481704,"ROE_AVG":5.658920171312,"GROSS_PROFIT_QOQ":0,"ROA":1.627986830677,"HOLDER_PROFIT_QOQ":0,"ROE_YEARLY":11.317840342624,"ROIC_YEARLY":3.949334835975,"TOTAL_ASSETS":4115044444,"TOTAL_LIABILITIES":2875885205,"TAX_EBT":25.969230769231,"OCF_SALES":25.956461324687,"TOTAL_PARENT_EQUITY":1272526343,"DEBT_ASSET_RATIO":69.8870994988,"OPERATE_PROFIT":127038297,"PRETAX_PROFIT":94134625,"NETCASH_OPERATE":162317058,"NETCASH_INVEST":-21433730,"NETCASH_FINANCE":-412975841,"END_CASH":648341368,"DIVI_RATIO":-0.043088691953,"DIVIDEND_RATE":5.803571428571,"CURRENT_RATIO":1.151185770751,"COMMON_ACS":2000000000,"CURRENTDEBT_DEBT":22.423204753752,"ISSUED_COMMON_SHARES":1195850460,"HK_COMMON_SHARES":1195850460,"PER_SHARES":2000,"TOTAL_MARKET_CAP":267870503.04,"HKSK_MARKET_CAP":267870503.04,"PE_TTM":10.813652729149,"PB_TTM":0.241493537479,"REPORT_DATE_SQ":"2020-06-30 00:00:00","REPORT_TYPE_SQ":"2020年中报","OPERATE_INCOME_SQ":534889558,"DPS_HKD":0.013,"OPERATE_INCOME_QOQ_SQ":0,"NET_PROFIT_RATIO_SQ":-21.1033485907,"HOLDER_PROFIT_SQ":-106178992,"HOLDER_PROFIT_QOQ_SQ":0,"ROE_AVG_SQ":-6.4894664304,"PE_TTM_SQ":10.617998820815,"PB_TTM_SQ":0.301493420858,"ROA_SQ":-2.024619769528,"START_DATE":"2021-04-01 00:00:00","FISCAL_YEAR":"3-31","CURRENCY":"HKD","IS_CNY_CODE":0,"DPS_HKD_LY":null,"ORG_TYPE":"一般企业","PREMIUM_INCOME":null,"PREMIUM_INCOME_YOY":null,"NET_INTEREST_INCOME":null,"NET_INTEREST_INCOME_YOY":null,"FEE_COMMISSION_INCOME":null,"FEE_COMMISSION_INCOME_YOY":null,"ACCOUNTS_RECE_TDAYS":215.9,"INVENTORY_TDAYS":213.075,"CURRENT_ASSETS_TDAYS":0.702068158169,"TOTAL_ASSETS_TDAYS":0.145360776155,"PREMIUM_EXPENSE":null,"LOAN_DEPOSIT":null,"LOAN_EQUITY":null,"LOAN_ASSETS":null,"DEPOSIT_EQUITY":null,"DEPOSIT_ASSETS":null,"EQUITY_MULTIPLIER":3.320835865546,"EQUITY_RATIO":2.259980880412},{"SECUCODE":"01245.HK","SECURITY_CODE":"01245","SECURITY_NAME_ABBR":"NIRAKU","ORG_CODE":"10433546","STD_REPORT_DATE":"2020-12-31 00:00:00","REPORT_DATE":"2021-03-31 00:00:00","DATE_TYPE_CODE":"001","REPORT_TYPE":"2020年年报","PER_NETCASH_OPERATE":0.135606873455,"PER_OI":0.923351832804,"BPS":1.033958834619,"BASIC_EPS":-0.27275732,"DILUTED_EPS":-0.27275732,"OPERATE_INCOME":1104190714,"OPERATE_INCOME_YOY":-33.8907509092,"GROSS_PROFIT":69916396,"GROSS_PROFIT_YOY":-84.340732163336,"HOLDER_PROFIT":-326415474,"HOLDER_PROFIT_YOY":-3162.0111731844,"GROSS_PROFIT_RATIO":5.231648778383,"EPS_TTM":-0.106228432609,"OPERATE_INCOME_QOQ":0,"NET_PROFIT_RATIO":-30.2249069629,"ROE_AVG":-23.332340045124,"GROSS_PROFIT_QOQ":0,"ROA":-6.909592874837,"HOLDER_PROFIT_QOQ":0,"ROE_YEARLY":-23.332340045124,"ROIC_YEARLY":-8.510671335295,"TOTAL_ASSETS":4614899014,"TOTAL_LIABILITIES":3411550890,"TAX_EBT":34.08609738885,"OCF_SALES":14.686370745915,"TOTAL_PARENT_EQUITY":1236460148,"DEBT_ASSET_RATIO":73.9247138377,"OPERATE_PROFIT":-428967462,"PRETAX_PROFIT":-506328108,"NETCASH_OPERATE":162165542,"NETCASH_INVEST":-39186532,"NETCASH_FINANCE":-16496458,"END_CASH":947087262,"DIVI_RATIO":-0.110717533067,"DIVIDEND_RATE":5.803571428571,"CURRENT_RATIO":0.753497164461,"COMMON_ACS":2000000000,"CURRENTDEBT_DEBT":41.555380989788,"ISSUED_COMMON_SHARES":1195850460,"HK_COMMON_SHARES":1195850460,"PER_SHARES":2000,"TOTAL_MARKET_CAP":267870503.04,"HKSK_MARKET_CAP":267870503.04,"PE_TTM":10.813652729149,"PB_TTM":0.241493537479,"REPORT_DATE_SQ":"2019-12-31 00:00:00","REPORT_TYPE_SQ":"2019年年报","OPERATE_INCOME_SQ":1838247024,"DPS_HKD":0.013,"OPERATE_INCOME_QOQ_SQ":0,"NET_PROFIT_RATIO_SQ":-0.4849176353,"HOLDER_PROFIT_SQ":11732376,"HOLDER_PROFIT_QOQ_SQ":0,"ROE_AVG_SQ":0.664970187789,"PE_TTM_SQ":10.617998820815,"PB_TTM_SQ":0.301493420858,"ROA_SQ":0.264790940895,"START_DATE":"2020-04-01 00:00:00","FISCAL_YEAR":"3-31","CURRENCY":"HKD","IS_CNY_CODE":0,"DPS_HKD_LY":null,"ORG_TYPE":"一般企业","PREMIUM_INCOME":null,"PREMIUM_INCOME_YOY":null,"NET_INTEREST_INCOME":null,"NET_INTEREST_INCOME_YOY":null,"FEE_COMMISSION_INCOME":null,"FEE_COMMISSION_INCOME_YOY":null,"ACCOUNTS_RECE_TDAYS":331.089285714286,"INVENTORY_TDAYS":576.098360655738,"CURRENT_ASSETS_TDAYS":1.089717593817,"TOTAL_ASSETS_TDAYS":0.233736109273,"PREMIUM_EXPENSE":null,"LOAN_DEPOSIT":null,"LOAN_EQUITY":null,"LOAN_ASSETS":null,"DEPOSIT_EQUITY":null,"DEPOSIT_ASSETS":null,"EQUITY_MULTIPLIER":3.835048995343,"EQUITY_RATIO":2.75912725171},{"SECUCODE":"01245.HK","SECURITY_CODE":"01245","SECURITY_NAME_ABBR":"NIRAKU","ORG_CODE":"10433546","STD_REPORT_DATE":"2020-06-30 00:00:00","REPORT_DATE":"2020-09-30 00:00:00","DATE_TYPE_CODE":"002","REPORT_TYPE":"2020年中报","PER_NETCASH_OPERATE":0.025430009033,"PER_OI":0.447287997866,"BPS":1.323761275302,"BASIC_EPS":-0.08891202,"DILUTED_EPS":-0.08891202,"OPERATE_INCOME":534889558,"OPERATE_INCOME_YOY":-42.3111667014,"GROSS_PROFIT":22679008,"GROSS_PROFIT_YOY":-90.251464709496,"HOLDER_PROFIT":-106178992,"HOLDER_PROFIT_YOY":-432.2580645161,"GROSS_PROFIT_RATIO":4.239942182607,"EPS_TTM":0.009810905621,"OPERATE_INCOME_QOQ":0,"NET_PROFIT_RATIO":-21.1033485907,"ROE_AVG":-6.4894664304,"GROSS_PROFIT_QOQ":0,"ROA":-2.024619769528,"HOLDER_PROFIT_QOQ":0,"ROE_YEARLY":-12.978932860799,"ROIC_YEARLY":-4.959224820198,"TOTAL_ASSETS":5259854702,"TOTAL_LIABILITIES":3710659397,"TAX_EBT":-0.805523590334,"OCF_SALES":5.685377017586,"TOTAL_PARENT_EQUITY":1583020530,"DEBT_ASSET_RATIO":70.5468041843,"OPERATE_PROFIT":-68874601,"PRETAX_PROFIT":-111977602,"NETCASH_OPERATE":30410488,"NETCASH_INVEST":-8182483,"NETCASH_FINANCE":89620739,"END_CASH":1022166085,"DIVI_RATIO":1.198803704188,"DIVIDEND_RATE":5.803571428571,"CURRENT_RATIO":1.170385259631,"COMMON_ACS":2000000000,"CURRENTDEBT_DEBT":25.914607678016,"ISSUED_COMMON_SHARES":1195850460,"HK_COMMON_SHARES":1195850460,"PER_SHARES":2000,"TOTAL_MARKET_CAP":267870503.04,"HKSK_MARKET_CAP":267870503.04,"PE_TTM":10.813652729149,"PB_TTM":0.241493537479,"REPORT_DATE_SQ":"2019-06-30 00:00:00","REPORT_TYPE_SQ":"2019年中报","OPERATE_INCOME_SQ":945474309,"DPS_HKD":0.013,"OPERATE_INCOME_QOQ_SQ":0,"NET_PROFIT_RATIO_SQ":2.6196928636,"HOLDER_PROFIT_SQ":32586704,"HOLDER_PROFIT_QOQ_SQ":0,"ROE_AVG_SQ":1.823026738951,"PE_TTM_SQ":10.617998820815,"PB_TTM_SQ":0.301493420858,"ROA_SQ":0.71600767976,"START_DATE":"2020-04-01 00:00:00","FISCAL_YEAR":"3-31","CURRENCY":"HKD","IS_CNY_CODE":0,"DPS_HKD_LY":null,"ORG_TYPE":"一般企业","PREMIUM_INCOME":null,"PREMIUM_INCOME_YOY":null,"NET_INTEREST_INCOME":null,"NET_INTEREST_INCOME_YOY":null,"FEE_COMMISSION_INCOME":null,"FEE_COMMISSION_INCOME_YOY":null,"ACCOUNTS_RECE_TDAYS":118.6,"INVENTORY_TDAYS":103.246753246753,"CURRENT_ASSETS_TDAYS":0.494755661502,"TOTAL_ASSETS_TDAYS":0.101992677953,"PREMIUM_EXPENSE":null,"LOAN_DEPOSIT":null,"LOAN_EQUITY":null,"LOAN_ASSETS":null,"DEPOSIT_EQUITY":null,"DEPOSIT_ASSETS":null,"EQUITY_MULTIPLIER":3.395217300891,"EQUITY_RATIO":2.344037444037}],"count":25},"success":true,"message":"ok","code":0}