{"version":"0f3562c4199a570ab28a7c8f378a18a4","result":{"pages":3,"data":[{"SECUCODE":"01246.HK","SECURITY_CODE":"01246","SECURITY_NAME_ABBR":"保集健康","ORG_CODE":"10337025","STD_REPORT_DATE":"2023-12-31 00:00:00","REPORT_DATE":"2024-03-31 00:00:00","DATE_TYPE_CODE":"001","REPORT_TYPE":"2023年年报","PER_NETCASH_OPERATE":null,"PER_OI":0.190391521502,"BPS":-0.222191533137,"BASIC_EPS":-0.07923247,"DILUTED_EPS":-0.07923247,"OPERATE_INCOME":258551686.2,"OPERATE_INCOME_YOY":-18.1085993379,"GROSS_PROFIT":10565840.25,"GROSS_PROFIT_YOY":10872.3550315644,"HOLDER_PROFIT":-107553092,"HOLDER_PROFIT_YOY":72.2968791958,"GROSS_PROFIT_RATIO":4.086548575756,"EPS_TTM":-0.217519620552,"OPERATE_INCOME_QOQ":0,"NET_PROFIT_RATIO":-99.2717493443,"ROE_AVG":50.655611014094,"GROSS_PROFIT_QOQ":0,"ROA":-6.384700827471,"HOLDER_PROFIT_QOQ":0,"ROE_YEARLY":50.655611014094,"ROIC_YEARLY":-6.719977887059,"TOTAL_ASSETS":1178666393.85,"TOTAL_LIABILITIES":1480459608.5,"TAX_EBT":-2.767675007804,"OCF_SALES":null,"TOTAL_PARENT_EQUITY":-301736102,"DEBT_ASSET_RATIO":125.6046338663,"OPERATE_PROFIT":-230021651.15,"PRETAX_PROFIT":-249756338.1,"NETCASH_OPERATE":null,"NETCASH_INVEST":null,"NETCASH_FINANCE":null,"END_CASH":null,"DIVI_RATIO":null,"DIVIDEND_RATE":null,"CURRENT_RATIO":0.353040668854,"COMMON_ACS":4800000000,"CURRENTDEBT_DEBT":99.959217914725,"ISSUED_COMMON_SHARES":1358000000,"HK_COMMON_SHARES":1358000000,"PER_SHARES":10000,"TOTAL_MARKET_CAP":28518000,"HKSK_MARKET_CAP":28518000,"PE_TTM":-0.240374241403,"PB_TTM":-0.085680807595,"REPORT_DATE_SQ":"2022-12-31 00:00:00","REPORT_TYPE_SQ":"2022年年报","OPERATE_INCOME_SQ":304879916.11,"DPS_HKD":null,"OPERATE_INCOME_QOQ_SQ":0,"NET_PROFIT_RATIO_SQ":-151.4840454703,"HOLDER_PROFIT_SQ":-374898709.55,"HOLDER_PROFIT_QOQ_SQ":0,"ROE_AVG_SQ":582.200440468746,"PE_TTM_SQ":-0.259441379533,"PB_TTM_SQ":-1.258088423933,"ROA_SQ":-14.490179190586,"START_DATE":"2023-04-01 00:00:00","FISCAL_YEAR":"3-31","CURRENCY":"HKD","IS_CNY_CODE":0,"DPS_HKD_LY":null,"ORG_TYPE":"一般企业","PREMIUM_INCOME":null,"PREMIUM_INCOME_YOY":null,"NET_INTEREST_INCOME":null,"NET_INTEREST_INCOME_YOY":null,"FEE_COMMISSION_INCOME":null,"FEE_COMMISSION_INCOME_YOY":null,"ACCOUNTS_RECE_TDAYS":67.599905190804,"INVENTORY_TDAYS":0.385382326588,"CURRENT_ASSETS_TDAYS":0.256910220506,"TOTAL_ASSETS_TDAYS":0.153484677579,"PREMIUM_EXPENSE":null,"LOAN_DEPOSIT":null,"LOAN_EQUITY":null,"LOAN_ASSETS":null,"DEPOSIT_EQUITY":null,"DEPOSIT_ASSETS":null,"EQUITY_MULTIPLIER":-3.90554305608,"EQUITY_RATIO":-4.906471577935},{"SECUCODE":"01246.HK","SECURITY_CODE":"01246","SECURITY_NAME_ABBR":"保集健康","ORG_CODE":"10337025","STD_REPORT_DATE":"2023-06-30 00:00:00","REPORT_DATE":"2023-09-30 00:00:00","DATE_TYPE_CODE":"002","REPORT_TYPE":"2023年中报","PER_NETCASH_OPERATE":-0.031506873351,"PER_OI":0.185593032526,"BPS":-0.047409982371,"BASIC_EPS":-0.005414017,"DILUTED_EPS":-0.005414017,"OPERATE_INCOME":252035338.17,"OPERATE_INCOME_YOY":2.4667315807,"GROSS_PROFIT":11116169.82,"GROSS_PROFIT_YOY":6.201208403014,"HOLDER_PROFIT":-7330028.44,"HOLDER_PROFIT_YOY":91.6802066408,"GROSS_PROFIT_RATIO":4.410560003495,"EPS_TTM":-0.276066796429,"OPERATE_INCOME_QOQ":0,"NET_PROFIT_RATIO":-8.4508426813,"ROE_AVG":7.765140468553,"GROSS_PROFIT_QOQ":0,"ROA":-0.415786997131,"HOLDER_PROFIT_QOQ":0,"ROE_YEARLY":15.530280937105,"ROIC_YEARLY":-0.912931761837,"TOTAL_ASSETS":1308664260.05,"TOTAL_LIABILITIES":1250820535.37,"TAX_EBT":-25.140176838473,"OCF_SALES":-16.976323368249,"TOTAL_PARENT_EQUITY":-64382756.06,"DEBT_ASSET_RATIO":95.5799415904,"OPERATE_PROFIT":-12625671.17,"PRETAX_PROFIT":-17020201.24,"NETCASH_OPERATE":-42786334.01,"NETCASH_INVEST":425317834.48,"NETCASH_FINANCE":-384897150.61,"END_CASH":22213069.41,"DIVI_RATIO":null,"DIVIDEND_RATE":null,"CURRENT_RATIO":1.127717734826,"COMMON_ACS":4800000000,"CURRENTDEBT_DEBT":44.685015541791,"ISSUED_COMMON_SHARES":1358000000,"HK_COMMON_SHARES":1358000000,"PER_SHARES":10000,"TOTAL_MARKET_CAP":28518000,"HKSK_MARKET_CAP":28518000,"PE_TTM":-0.240374241403,"PB_TTM":-0.085680807595,"REPORT_DATE_SQ":"2022-06-30 00:00:00","REPORT_TYPE_SQ":"2022年中报","OPERATE_INCOME_SQ":242432428.68,"DPS_HKD":null,"OPERATE_INCOME_QOQ_SQ":0,"NET_PROFIT_RATIO_SQ":-47.1636087878,"HOLDER_PROFIT_SQ":-86837093.28,"HOLDER_PROFIT_QOQ_SQ":0,"ROE_AVG_SQ":220.09490406437,"PE_TTM_SQ":-0.263432785372,"PB_TTM_SQ":-1.277443630455,"ROA_SQ":-2.906204000314,"START_DATE":"2023-04-01 00:00:00","FISCAL_YEAR":"3-31","CURRENCY":"HKD","IS_CNY_CODE":0,"DPS_HKD_LY":null,"ORG_TYPE":"一般企业","PREMIUM_INCOME":null,"PREMIUM_INCOME_YOY":null,"NET_INTEREST_INCOME":null,"NET_INTEREST_INCOME_YOY":null,"FEE_COMMISSION_INCOME":null,"FEE_COMMISSION_INCOME_YOY":null,"ACCOUNTS_RECE_TDAYS":null,"INVENTORY_TDAYS":0.372529488637,"CURRENT_ASSETS_TDAYS":0.235672722109,"TOTAL_ASSETS_TDAYS":0.142963997052,"PREMIUM_EXPENSE":null,"LOAN_DEPOSIT":null,"LOAN_EQUITY":null,"LOAN_ASSETS":null,"DEPOSIT_EQUITY":null,"DEPOSIT_ASSETS":null,"EQUITY_MULTIPLIER":22.624135414774,"EQUITY_RATIO":-19.427881189248},{"SECUCODE":"01246.HK","SECURITY_CODE":"01246","SECURITY_NAME_ABBR":"保集健康","ORG_CODE":"10337025","STD_REPORT_DATE":"2022-12-31 00:00:00","REPORT_DATE":"2023-03-31 00:00:00","DATE_TYPE_CODE":"001","REPORT_TYPE":"2022年年报","PER_NETCASH_OPERATE":0.043942616694,"PER_OI":0.224506565619,"BPS":-0.087397891738,"BASIC_EPS":-0.276104314,"DILUTED_EPS":-0.276104314,"OPERATE_INCOME":304879916.11,"OPERATE_INCOME_YOY":-65.3322330569,"GROSS_PROFIT":96295.1,"GROSS_PROFIT_YOY":-99.891569374823,"HOLDER_PROFIT":-374898709.55,"HOLDER_PROFIT_YOY":17.2930370531,"GROSS_PROFIT_RATIO":0.031584599349,"EPS_TTM":-0.367188231487,"OPERATE_INCOME_QOQ":0,"NET_PROFIT_RATIO":-151.4840454703,"ROE_AVG":582.200440468746,"GROSS_PROFIT_QOQ":0,"ROA":-14.490179190586,"HOLDER_PROFIT_QOQ":0,"ROE_YEARLY":582.200440468746,"ROIC_YEARLY":-15.812301587009,"TOTAL_ASSETS":2115180523.97,"TOTAL_LIABILITIES":2107478666.79,"TAX_EBT":-0.889438914511,"OCF_SALES":19.572976216797,"TOTAL_PARENT_EQUITY":-118686336.98,"DEBT_ASSET_RATIO":99.6358770756,"OPERATE_PROFIT":-158594528.06,"PRETAX_PROFIT":-196648600.76,"NETCASH_OPERATE":59674073.47,"NETCASH_INVEST":357614614.51,"NETCASH_FINANCE":-421874960.97,"END_CASH":35574911.58,"DIVI_RATIO":null,"DIVIDEND_RATE":null,"CURRENT_RATIO":1.027636904632,"COMMON_ACS":4800000000,"CURRENTDEBT_DEBT":66.450626168523,"ISSUED_COMMON_SHARES":1358000000,"HK_COMMON_SHARES":1358000000,"PER_SHARES":10000,"TOTAL_MARKET_CAP":28518000,"HKSK_MARKET_CAP":28518000,"PE_TTM":-0.240374241403,"PB_TTM":-0.085680807595,"REPORT_DATE_SQ":"2021-12-31 00:00:00","REPORT_TYPE_SQ":"2021年年报","OPERATE_INCOME_SQ":814737401.96,"DPS_HKD":null,"OPERATE_INCOME_QOQ_SQ":0,"NET_PROFIT_RATIO_SQ":-74.3715076927,"HOLDER_PROFIT_SQ":-419939355.98,"HOLDER_PROFIT_QOQ_SQ":0,"ROE_AVG_SQ":-228.065662727549,"PE_TTM_SQ":-0.263432785372,"PB_TTM_SQ":-1.277443630455,"ROA_SQ":-14.258297856112,"START_DATE":"2022-04-01 00:00:00","FISCAL_YEAR":"3-31","CURRENCY":"HKD","IS_CNY_CODE":0,"DPS_HKD_LY":null,"ORG_TYPE":"一般企业","PREMIUM_INCOME":null,"PREMIUM_INCOME_YOY":null,"NET_INTEREST_INCOME":null,"NET_INTEREST_INCOME_YOY":null,"FEE_COMMISSION_INCOME":null,"FEE_COMMISSION_INCOME_YOY":null,"ACCOUNTS_RECE_TDAYS":41.539957061069,"INVENTORY_TDAYS":0.347569957288,"CURRENT_ASSETS_TDAYS":0.226908744532,"TOTAL_ASSETS_TDAYS":0.117838885638,"PREMIUM_EXPENSE":null,"LOAN_DEPOSIT":null,"LOAN_EQUITY":null,"LOAN_ASSETS":null,"DEPOSIT_EQUITY":null,"DEPOSIT_ASSETS":null,"EQUITY_MULTIPLIER":274.632530112671,"EQUITY_RATIO":-17.756708315508},{"SECUCODE":"01246.HK","SECURITY_CODE":"01246","SECURITY_NAME_ABBR":"保集健康","ORG_CODE":"10337025","STD_REPORT_DATE":"2022-06-30 00:00:00","REPORT_DATE":"2022-09-30 00:00:00","DATE_TYPE_CODE":"002","REPORT_TYPE":"2022年中报","PER_NETCASH_OPERATE":0.036907545685,"PER_OI":0.178521670604,"BPS":-0.050422196996,"BASIC_EPS":-0.063943908,"DILUTED_EPS":-0.063943908,"OPERATE_INCOME":242432428.68,"OPERATE_INCOME_YOY":-67.7483390243,"GROSS_PROFIT":10467084.12,"GROSS_PROFIT_YOY":-84.208355256631,"HOLDER_PROFIT":-86837093.28,"HOLDER_PROFIT_YOY":-883.2258064516,"GROSS_PROFIT_RATIO":3.607977971493,"EPS_TTM":-0.309233693652,"OPERATE_INCOME_QOQ":0,"NET_PROFIT_RATIO":-47.1636087878,"ROE_AVG":220.09490406437,"GROSS_PROFIT_QOQ":0,"ROA":-2.906204000314,"HOLDER_PROFIT_QOQ":0,"ROE_YEARLY":440.189808128739,"ROIC_YEARLY":-6.274638971519,"TOTAL_ASSETS":2815187077.2,"TOTAL_LIABILITIES":2755173865.44,"TAX_EBT":-19.012170130902,"OCF_SALES":20.399929320297,"TOTAL_PARENT_EQUITY":-68473343.52,"DEBT_ASSET_RATIO":97.8682336159,"OPERATE_PROFIT":-785053.92,"PRETAX_PROFIT":-21626064.84,"NETCASH_OPERATE":50120447.04,"NETCASH_INVEST":-61845607.2,"NETCASH_FINANCE":11845450.68,"END_CASH":32069633.52,"DIVI_RATIO":null,"DIVIDEND_RATE":null,"CURRENT_RATIO":0.546741580417,"COMMON_ACS":4800000000,"CURRENTDEBT_DEBT":74.931654255885,"ISSUED_COMMON_SHARES":1358000000,"HK_COMMON_SHARES":1358000000,"PER_SHARES":10000,"TOTAL_MARKET_CAP":28518000,"HKSK_MARKET_CAP":28518000,"PE_TTM":-0.240374241403,"PB_TTM":-0.085680807595,"REPORT_DATE_SQ":"2021-06-30 00:00:00","REPORT_TYPE_SQ":"2021年中报","OPERATE_INCOME_SQ":701666444.56,"DPS_HKD":null,"OPERATE_INCOME_QOQ_SQ":0,"NET_PROFIT_RATIO_SQ":-3.2207969834,"HOLDER_PROFIT_SQ":-8134830.9,"HOLDER_PROFIT_QOQ_SQ":0,"ROE_AVG_SQ":-2.088169286056,"PE_TTM_SQ":-0.263432785372,"PB_TTM_SQ":-1.277443630455,"ROA_SQ":-0.268401698805,"START_DATE":"2022-04-01 00:00:00","FISCAL_YEAR":"3-31","CURRENCY":"HKD","IS_CNY_CODE":0,"DPS_HKD_LY":null,"ORG_TYPE":"一般企业","PREMIUM_INCOME":null,"PREMIUM_INCOME_YOY":null,"NET_INTEREST_INCOME":null,"NET_INTEREST_INCOME_YOY":null,"FEE_COMMISSION_INCOME":null,"FEE_COMMISSION_INCOME_YOY":null,"ACCOUNTS_RECE_TDAYS":5.193099039058,"INVENTORY_TDAYS":0.249130981032,"CURRENT_ASSETS_TDAYS":0.203196259935,"TOTAL_ASSETS_TDAYS":0.082225607661,"PREMIUM_EXPENSE":null,"LOAN_DEPOSIT":null,"LOAN_EQUITY":null,"LOAN_ASSETS":null,"DEPOSIT_EQUITY":null,"DEPOSIT_ASSETS":null,"EQUITY_MULTIPLIER":46.909455344572,"EQUITY_RATIO":-40.237174406932},{"SECUCODE":"01246.HK","SECURITY_CODE":"01246","SECURITY_NAME_ABBR":"保集健康","ORG_CODE":"10337025","STD_REPORT_DATE":"2021-12-31 00:00:00","REPORT_DATE":"2022-03-31 00:00:00","DATE_TYPE_CODE":"001","REPORT_TYPE":"2021年年报","PER_NETCASH_OPERATE":-0.067794583351,"PER_OI":0.599953904242,"BPS":-0.006890598954,"BASIC_EPS":-0.309238113,"DILUTED_EPS":-0.309238113,"OPERATE_INCOME":814737401.96,"OPERATE_INCOME_YOY":368.9040653408,"GROSS_PROFIT":88808028.03,"GROSS_PROFIT_YOY":453.876311196258,"HOLDER_PROFIT":-419939355.98,"HOLDER_PROFIT_YOY":-263.4027202673,"GROSS_PROFIT_RATIO":10.669755413015,"EPS_TTM":-0.048600088763,"OPERATE_INCOME_QOQ":0,"NET_PROFIT_RATIO":-74.3715076927,"ROE_AVG":-228.065662727549,"GROSS_PROFIT_QOQ":0,"ROA":-14.258297856112,"HOLDER_PROFIT_QOQ":0,"ROE_YEARLY":-228.065662727549,"ROIC_YEARLY":-16.346860375711,"TOTAL_ASSETS":2834278819.52,"TOTAL_LIABILITIES":2630578248.83,"TAX_EBT":-374.194897532413,"OCF_SALES":-11.17134866291,"TOTAL_PARENT_EQUITY":-9357433.38,"DEBT_ASSET_RATIO":92.8129664136,"OPERATE_PROFIT":51428577.13,"PRETAX_PROFIT":-1939124.91,"NETCASH_OPERATE":-92065044.19,"NETCASH_INVEST":-466789781.66,"NETCASH_FINANCE":488302632.92,"END_CASH":37724941.16,"DIVI_RATIO":null,"DIVIDEND_RATE":null,"CURRENT_RATIO":0.574324533902,"COMMON_ACS":4800000000,"CURRENTDEBT_DEBT":76.534838171245,"ISSUED_COMMON_SHARES":1358000000,"HK_COMMON_SHARES":1358000000,"PER_SHARES":10000,"TOTAL_MARKET_CAP":28518000,"HKSK_MARKET_CAP":28518000,"PE_TTM":-0.240374241403,"PB_TTM":-0.085680807595,"REPORT_DATE_SQ":"2020-12-31 00:00:00","REPORT_TYPE_SQ":"2020年年报","OPERATE_INCOME_SQ":183158957.8,"DPS_HKD":null,"OPERATE_INCOME_QOQ_SQ":0,"NET_PROFIT_RATIO_SQ":-80.9791887776,"HOLDER_PROFIT_SQ":-120426317.48,"HOLDER_PROFIT_QOQ_SQ":0,"ROE_AVG_SQ":-32.649460428976,"PE_TTM_SQ":-0.263432785372,"PB_TTM_SQ":-1.277443630455,"ROA_SQ":-4.787807062995,"START_DATE":"2021-04-01 00:00:00","FISCAL_YEAR":"3-31","CURRENCY":"HKD","IS_CNY_CODE":0,"DPS_HKD_LY":null,"ORG_TYPE":"一般企业","PREMIUM_INCOME":null,"PREMIUM_INCOME_YOY":null,"NET_INTEREST_INCOME":null,"NET_INTEREST_INCOME_YOY":null,"FEE_COMMISSION_INCOME":null,"FEE_COMMISSION_INCOME_YOY":null,"ACCOUNTS_RECE_TDAYS":null,"INVENTORY_TDAYS":0.940103047407,"CURRENT_ASSETS_TDAYS":0.658419378029,"TOTAL_ASSETS_TDAYS":0.279814531266,"PREMIUM_EXPENSE":null,"LOAN_DEPOSIT":null,"LOAN_EQUITY":null,"LOAN_ASSETS":null,"DEPOSIT_EQUITY":null,"DEPOSIT_ASSETS":null,"EQUITY_MULTIPLIER":13.913946386619,"EQUITY_RATIO":-281.121771537528},{"SECUCODE":"01246.HK","SECURITY_CODE":"01246","SECURITY_NAME_ABBR":"保集健康","ORG_CODE":"10337025","STD_REPORT_DATE":"2021-06-30 00:00:00","REPORT_DATE":"2021-09-30 00:00:00","DATE_TYPE_CODE":"002","REPORT_TYPE":"2021年中报","PER_NETCASH_OPERATE":-0.028510527658,"PER_OI":0.516691049013,"BPS":0.288106869057,"BASIC_EPS":-0.005998032,"DILUTED_EPS":-0.005998032,"OPERATE_INCOME":701666444.56,"OPERATE_INCOME_YOY":4189.4479527399,"GROSS_PROFIT":66282418.9,"GROSS_PROFIT_YOY":1842.44970834328,"HOLDER_PROFIT":-8134830.9,"HOLDER_PROFIT_YOY":86.2845344607,"GROSS_PROFIT_RATIO":9.446428486624,"EPS_TTM":-0.088679173402,"OPERATE_INCOME_QOQ":0,"NET_PROFIT_RATIO":-3.2207969834,"ROE_AVG":-2.088169286056,"GROSS_PROFIT_QOQ":0,"ROA":-0.268401698805,"HOLDER_PROFIT_QOQ":0,"ROE_YEARLY":-4.176338572111,"ROIC_YEARLY":-0.644852832895,"TOTAL_ASSETS":2922414466.88,"TOTAL_LIABILITIES":2131410667.92,"TAX_EBT":-24.714968738507,"OCF_SALES":-5.517906244509,"TOTAL_PARENT_EQUITY":391249128.18,"DEBT_ASSET_RATIO":72.9332095798,"OPERATE_PROFIT":34538667.6,"PRETAX_PROFIT":-18120721.12,"NETCASH_OPERATE":-38717296.56,"NETCASH_INVEST":-103991712.86,"NETCASH_FINANCE":137609849.16,"END_CASH":100464536.82,"DIVI_RATIO":null,"DIVIDEND_RATE":null,"CURRENT_RATIO":0.48927232367,"COMMON_ACS":4800000000,"CURRENTDEBT_DEBT":99.657147145316,"ISSUED_COMMON_SHARES":1358000000,"HK_COMMON_SHARES":1358000000,"PER_SHARES":10000,"TOTAL_MARKET_CAP":28518000,"HKSK_MARKET_CAP":28518000,"PE_TTM":-0.240374241403,"PB_TTM":-0.085680807595,"REPORT_DATE_SQ":"2020-06-30 00:00:00","REPORT_TYPE_SQ":"2020年中报","OPERATE_INCOME_SQ":17254545.92,"DPS_HKD":null,"OPERATE_INCOME_QOQ_SQ":0,"NET_PROFIT_RATIO_SQ":-407.7714402119,"HOLDER_PROFIT_SQ":-62562227.84,"HOLDER_PROFIT_QOQ_SQ":0,"ROE_AVG_SQ":-18.134627262944,"PE_TTM_SQ":-0.263432785372,"PB_TTM_SQ":-1.277443630455,"ROA_SQ":-3.29513225515,"START_DATE":"2021-04-01 00:00:00","FISCAL_YEAR":"3-31","CURRENCY":"HKD","IS_CNY_CODE":0,"DPS_HKD_LY":null,"ORG_TYPE":"一般企业","PREMIUM_INCOME":null,"PREMIUM_INCOME_YOY":null,"NET_INTEREST_INCOME":null,"NET_INTEREST_INCOME_YOY":null,"FEE_COMMISSION_INCOME":null,"FEE_COMMISSION_INCOME_YOY":null,"ACCOUNTS_RECE_TDAYS":null,"INVENTORY_TDAYS":1.058046768683,"CURRENT_ASSETS_TDAYS":0.579191556751,"TOTAL_ASSETS_TDAYS":0.231508765246,"PREMIUM_EXPENSE":null,"LOAN_DEPOSIT":null,"LOAN_EQUITY":null,"LOAN_ASSETS":null,"DEPOSIT_EQUITY":null,"DEPOSIT_ASSETS":null,"EQUITY_MULTIPLIER":3.694564388594,"EQUITY_RATIO":5.447707136971},{"SECUCODE":"01246.HK","SECURITY_CODE":"01246","SECURITY_NAME_ABBR":"保集健康","ORG_CODE":"10337025","STD_REPORT_DATE":"2020-12-31 00:00:00","REPORT_DATE":"2021-03-31 00:00:00","DATE_TYPE_CODE":"001","REPORT_TYPE":"2020年年报","PER_NETCASH_OPERATE":-0.095348502474,"PER_OI":0.134874048454,"BPS":0.289785957938,"BASIC_EPS":-0.10733786,"DILUTED_EPS":-0.10733786,"OPERATE_INCOME":183158957.8,"OPERATE_INCOME_YOY":103.7667368738,"GROSS_PROFIT":16033909.78,"GROSS_PROFIT_YOY":62.650205962029,"HOLDER_PROFIT":-120426317.48,"HOLDER_PROFIT_YOY":24.7825077073,"GROSS_PROFIT_RATIO":8.754095334779,"EPS_TTM":-0.133756335434,"OPERATE_INCOME_QOQ":0,"NET_PROFIT_RATIO":-80.9791887776,"ROE_AVG":-32.649460428976,"GROSS_PROFIT_QOQ":0,"ROA":-4.787807062995,"HOLDER_PROFIT_QOQ":0,"ROE_YEARLY":-32.649460428976,"ROIC_YEARLY":-5.997192196486,"TOTAL_ASSETS":3184941659.62,"TOTAL_LIABILITIES":2379465680.48,"TAX_EBT":2.84505810252,"OCF_SALES":-70.694476489318,"TOTAL_PARENT_EQUITY":393529330.88,"DEBT_ASSET_RATIO":74.7098670801,"OPERATE_PROFIT":-48241184.04,"PRETAX_PROFIT":-152664018.22,"NETCASH_OPERATE":-129483266.36,"NETCASH_INVEST":44675369.62,"NETCASH_FINANCE":111391343.28,"END_CASH":111009321.92,"DIVI_RATIO":null,"DIVIDEND_RATE":null,"CURRENT_RATIO":0.593421768139,"COMMON_ACS":4800000000,"CURRENTDEBT_DEBT":99.416126529835,"ISSUED_COMMON_SHARES":1358000000,"HK_COMMON_SHARES":1358000000,"PER_SHARES":10000,"TOTAL_MARKET_CAP":28518000,"HKSK_MARKET_CAP":28518000,"PE_TTM":-0.240374241403,"PB_TTM":-0.085680807595,"REPORT_DATE_SQ":"2019-12-31 00:00:00","REPORT_TYPE_SQ":"2019年年报","OPERATE_INCOME_SQ":97173822.4,"DPS_HKD":null,"OPERATE_INCOME_QOQ_SQ":0,"NET_PROFIT_RATIO_SQ":-210.4276365278,"HOLDER_PROFIT_SQ":-173084018.4,"HOLDER_PROFIT_QOQ_SQ":0,"ROE_AVG_SQ":-36.272040302267,"PE_TTM_SQ":-0.263432785372,"PB_TTM_SQ":-1.277443630455,"ROA_SQ":-7.966304942291,"START_DATE":"2020-04-01 00:00:00","FISCAL_YEAR":"3-31","CURRENCY":"HKD","IS_CNY_CODE":0,"DPS_HKD_LY":null,"ORG_TYPE":"一般企业","PREMIUM_INCOME":null,"PREMIUM_INCOME_YOY":null,"NET_INTEREST_INCOME":null,"NET_INTEREST_INCOME_YOY":null,"FEE_COMMISSION_INCOME":null,"FEE_COMMISSION_INCOME_YOY":null,"ACCOUNTS_RECE_TDAYS":null,"INVENTORY_TDAYS":0.244379575034,"CURRENT_ASSETS_TDAYS":0.231391810368,"TOTAL_ASSETS_TDAYS":0.072818779994,"PREMIUM_EXPENSE":null,"LOAN_DEPOSIT":null,"LOAN_EQUITY":null,"LOAN_ASSETS":null,"DEPOSIT_EQUITY":null,"DEPOSIT_ASSETS":null,"EQUITY_MULTIPLIER":3.954111285881,"EQUITY_RATIO":6.046476066115},{"SECUCODE":"01246.HK","SECURITY_CODE":"01246","SECURITY_NAME_ABBR":"保集健康","ORG_CODE":"10337025","STD_REPORT_DATE":"2020-06-30 00:00:00","REPORT_DATE":"2020-09-30 00:00:00","DATE_TYPE_CODE":"002","REPORT_TYPE":"2020年中报","PER_NETCASH_OPERATE":0.021477024642,"PER_OI":0.019015369099,"BPS":0.24459087081,"BASIC_EPS":-0.06897952,"DILUTED_EPS":-0.06897952,"OPERATE_INCOME":17254545.92,"OPERATE_INCOME_YOY":-69.8598597062,"GROSS_PROFIT":-3803978.88,"GROSS_PROFIT_YOY":-94.61120126595,"HOLDER_PROFIT":-62562227.84,"HOLDER_PROFIT_YOY":-18.9153527525,"GROSS_PROFIT_RATIO":-22.046241597067,"EPS_TTM":-0.019074721005,"OPERATE_INCOME_QOQ":0,"NET_PROFIT_RATIO":-407.7714402119,"ROE_AVG":-18.134627262944,"GROSS_PROFIT_QOQ":0,"ROA":-3.29513225515,"HOLDER_PROFIT_QOQ":0,"ROE_YEARLY":-36.269254525888,"ROIC_YEARLY":-8.853966203037,"TOTAL_ASSETS":1878410746.24,"TOTAL_LIABILITIES":1112582540.8,"TAX_EBT":5.692378361189,"OCF_SALES":112.945610103891,"TOTAL_PARENT_EQUITY":332154402.56,"DEBT_ASSET_RATIO":59.2299923234,"OPERATE_PROFIT":-32354470.4,"PRETAX_PROFIT":-74605964.16,"NETCASH_OPERATE":19488252.16,"NETCASH_INVEST":2858476.16,"NETCASH_FINANCE":-79928371.2,"END_CASH":26172675.2,"DIVI_RATIO":null,"DIVIDEND_RATE":null,"CURRENT_RATIO":0.158620711768,"COMMON_ACS":4800000000,"CURRENTDEBT_DEBT":49.2655630499,"ISSUED_COMMON_SHARES":1358000000,"HK_COMMON_SHARES":1358000000,"PER_SHARES":10000,"TOTAL_MARKET_CAP":28518000,"HKSK_MARKET_CAP":28518000,"PE_TTM":-0.240374241403,"PB_TTM":-0.085680807595,"REPORT_DATE_SQ":"2019-06-30 00:00:00","REPORT_TYPE_SQ":"2019年中报","OPERATE_INCOME_SQ":58765049.49,"DPS_HKD":null,"OPERATE_INCOME_QOQ_SQ":0,"NET_PROFIT_RATIO_SQ":-75.5069149181,"HOLDER_PROFIT_SQ":-54005142.72,"HOLDER_PROFIT_QOQ_SQ":0,"ROE_AVG_SQ":-10.4324977043,"PE_TTM_SQ":-0.263432785372,"PB_TTM_SQ":-1.277443630455,"ROA_SQ":-2.439213684399,"START_DATE":"2020-04-01 00:00:00","FISCAL_YEAR":"3-31","CURRENCY":"HKD","IS_CNY_CODE":0,"DPS_HKD_LY":null,"ORG_TYPE":"一般企业","PREMIUM_INCOME":null,"PREMIUM_INCOME_YOY":null,"NET_INTEREST_INCOME":null,"NET_INTEREST_INCOME_YOY":null,"FEE_COMMISSION_INCOME":null,"FEE_COMMISSION_INCOME_YOY":null,"ACCOUNTS_RECE_TDAYS":161.61316872428,"INVENTORY_TDAYS":39.094616639478,"CURRENT_ASSETS_TDAYS":0.126229444966,"TOTAL_ASSETS_TDAYS":0.00908791339,"PREMIUM_EXPENSE":null,"LOAN_DEPOSIT":null,"LOAN_EQUITY":null,"LOAN_ASSETS":null,"DEPOSIT_EQUITY":null,"DEPOSIT_ASSETS":null,"EQUITY_MULTIPLIER":2.452783447902,"EQUITY_RATIO":3.349594442299},{"SECUCODE":"01246.HK","SECURITY_CODE":"01246","SECURITY_NAME_ABBR":"保集健康","ORG_CODE":"10337025","STD_REPORT_DATE":"2019-12-31 00:00:00","REPORT_DATE":"2020-03-31 00:00:00","DATE_TYPE_CODE":"001","REPORT_TYPE":"2019年年报","PER_NETCASH_OPERATE":0.007326516641,"PER_OI":0.010709039277,"BPS":0.273980144256,"BASIC_EPS":-0.19078056,"DILUTED_EPS":-0.19078056,"OPERATE_INCOME":97173822.4,"OPERATE_INCOME_YOY":-74.663738023,"GROSS_PROFIT":9857909.3,"GROSS_PROFIT_YOY":210.01548496148,"HOLDER_PROFIT":-173084018.4,"HOLDER_PROFIT_YOY":5.3379573643,"GROSS_PROFIT_RATIO":10.144614111629,"EPS_TTM":-0.017195142978,"OPERATE_INCOME_QOQ":0,"NET_PROFIT_RATIO":-210.4276365278,"ROE_AVG":-36.272040302267,"GROSS_PROFIT_QOQ":0,"ROA":-7.966304942291,"HOLDER_PROFIT_QOQ":0,"ROE_YEARLY":-36.272040302267,"ROIC_YEARLY":-10.648405917917,"TOTAL_ASSETS":1995225674.9,"TOTAL_LIABILITIES":1178552391.6,"TAX_EBT":-10.287356038616,"OCF_SALES":68.414322250639,"TOTAL_PARENT_EQUITY":372065035.9,"DEBT_ASSET_RATIO":59.0686259918,"OPERATE_PROFIT":-105663922.8,"PRETAX_PROFIT":-185407090.3,"NETCASH_OPERATE":66480812,"NETCASH_INVEST":-15652594.7,"NETCASH_FINANCE":-15764979.8,"END_CASH":86733886.2,"DIVI_RATIO":null,"DIVIDEND_RATE":null,"CURRENT_RATIO":0.19758159892,"COMMON_ACS":4800000000,"CURRENTDEBT_DEBT":83.252704927946,"ISSUED_COMMON_SHARES":1358000000,"HK_COMMON_SHARES":1358000000,"PER_SHARES":10000,"TOTAL_MARKET_CAP":28518000,"HKSK_MARKET_CAP":28518000,"PE_TTM":-0.240374241403,"PB_TTM":-0.085680807595,"REPORT_DATE_SQ":"2018-12-31 00:00:00","REPORT_TYPE_SQ":"2018年年报","OPERATE_INCOME_SQ":360067645.98,"DPS_HKD":null,"OPERATE_INCOME_QOQ_SQ":0,"NET_PROFIT_RATIO_SQ":-53.3318880699,"HOLDER_PROFIT_SQ":-171655788.06,"HOLDER_PROFIT_QOQ_SQ":0,"ROE_AVG_SQ":-25.824326852969,"PE_TTM_SQ":-0.263432785372,"PB_TTM_SQ":-1.277443630455,"ROA_SQ":-7.132567910145,"START_DATE":"2019-04-01 00:00:00","FISCAL_YEAR":"3-31","CURRENCY":"HKD","IS_CNY_CODE":0,"DPS_HKD_LY":null,"ORG_TYPE":"一般企业","PREMIUM_INCOME":null,"PREMIUM_INCOME_YOY":null,"NET_INTEREST_INCOME":null,"NET_INTEREST_INCOME_YOY":null,"FEE_COMMISSION_INCOME":null,"FEE_COMMISSION_INCOME_YOY":null,"ACCOUNTS_RECE_TDAYS":10.354590594879,"INVENTORY_TDAYS":null,"CURRENT_ASSETS_TDAYS":0.385856896405,"TOTAL_ASSETS_TDAYS":0.044724886145,"PREMIUM_EXPENSE":null,"LOAN_DEPOSIT":null,"LOAN_EQUITY":null,"LOAN_ASSETS":null,"DEPOSIT_EQUITY":null,"DEPOSIT_ASSETS":null,"EQUITY_MULTIPLIER":2.443113685359,"EQUITY_RATIO":3.167597806521}],"count":26},"success":true,"message":"ok","code":0}