{"version":"eebe3d2eefdd52b507e35e04420a5439","result":{"pages":3,"data":[{"SECUCODE":"01247.HK","SECURITY_CODE":"01247","SECURITY_NAME_ABBR":"米格国际控股","ORG_CODE":"10371511","STD_REPORT_DATE":"2024-06-30 00:00:00","REPORT_DATE":"2024-06-30 00:00:00","DATE_TYPE_CODE":"002","REPORT_TYPE":"2024年中报","PER_NETCASH_OPERATE":0.363543755429,"PER_OI":0.557078825182,"BPS":0.851869054102,"BASIC_EPS":-0.0064,"DILUTED_EPS":-0.0064,"OPERATE_INCOME":103903000,"OPERATE_INCOME_YOY":75.4347752676,"GROSS_PROFIT":12411000,"GROSS_PROFIT_YOY":40.45948392938,"HOLDER_PROFIT":-1054000,"HOLDER_PROFIT_YOY":23.7337192475,"GROSS_PROFIT_RATIO":11.944794664254,"EPS_TTM":-0.066418606646,"OPERATE_INCOME_QOQ":29.663245116656,"NET_PROFIT_RATIO":-1.0144076687,"ROE_AVG":-0.694785483334,"GROSS_PROFIT_QOQ":14.00093992324,"ROA":-0.395291011442,"HOLDER_PROFIT_QOQ":2.579427492922,"ROE_YEARLY":-1.389570966668,"ROIC_YEARLY":-1.142015104071,"TOTAL_ASSETS":314725000,"TOTAL_LIABILITIES":155158000,"TAX_EBT":null,"OCF_SALES":65.258943437629,"TOTAL_PARENT_EQUITY":159567000,"DEBT_ASSET_RATIO":49.2995472238,"OPERATE_PROFIT":-780000,"PRETAX_PROFIT":-1054000,"NETCASH_OPERATE":67806000,"NETCASH_INVEST":347000,"NETCASH_FINANCE":18269000,"END_CASH":124385000,"DIVI_RATIO":null,"DIVIDEND_RATE":null,"CURRENT_RATIO":1.79493429006,"COMMON_ACS":1000000000,"CURRENTDEBT_DEBT":99.162144394746,"ISSUED_COMMON_SHARES":187314000,"HK_COMMON_SHARES":187314000,"PER_SHARES":6000,"TOTAL_MARKET_CAP":307194960,"HKSK_MARKET_CAP":307194960,"PE_TTM":-22.442966391415,"PB_TTM":1.757071926481,"REPORT_DATE_SQ":"2023-06-30 00:00:00","REPORT_TYPE_SQ":"2023年中报","OPERATE_INCOME_SQ":59226000,"DPS_HKD":null,"OPERATE_INCOME_QOQ_SQ":9.253940947232,"NET_PROFIT_RATIO_SQ":-2.3334346402,"HOLDER_PROFIT_SQ":-1382000,"HOLDER_PROFIT_QOQ_SQ":120.153085941285,"ROE_AVG_SQ":-0.932854081237,"PE_TTM_SQ":46.981523058601,"PB_TTM_SQ":0.853852010402,"ROA_SQ":-0.577784559941,"START_DATE":"2024-01-01 00:00:00","FISCAL_YEAR":"12-31","CURRENCY":"HKD","IS_CNY_CODE":0,"DPS_HKD_LY":null,"ORG_TYPE":"一般企业","PREMIUM_INCOME":null,"PREMIUM_INCOME_YOY":null,"NET_INTEREST_INCOME":null,"NET_INTEREST_INCOME_YOY":null,"FEE_COMMISSION_INCOME":null,"FEE_COMMISSION_INCOME_YOY":null,"ACCOUNTS_RECE_TDAYS":1.33045226388,"INVENTORY_TDAYS":3.714732333178,"CURRENT_ASSETS_TDAYS":0.461659794547,"TOTAL_ASSETS_TDAYS":0.389676678955,"PREMIUM_EXPENSE":null,"LOAN_DEPOSIT":null,"LOAN_EQUITY":null,"LOAN_ASSETS":null,"DEPOSIT_EQUITY":null,"DEPOSIT_ASSETS":null,"EQUITY_MULTIPLIER":1.972368973536,"EQUITY_RATIO":0.972368973535},{"SECUCODE":"01247.HK","SECURITY_CODE":"01247","SECURITY_NAME_ABBR":"米格国际控股","ORG_CODE":"10371511","STD_REPORT_DATE":"2023-12-31 00:00:00","REPORT_DATE":"2023-12-31 00:00:00","DATE_TYPE_CODE":"001","REPORT_TYPE":"2023年年报","PER_NETCASH_OPERATE":-0.018074802751,"PER_OI":0.952192494437,"BPS":0.767887077314,"BASIC_EPS":-0.0845,"DILUTED_EPS":-0.0845,"OPERATE_INCOME":150614000,"OPERATE_INCOME_YOY":5.7571182811,"GROSS_PROFIT":25534000,"GROSS_PROFIT_YOY":-6.13535271845,"HOLDER_PROFIT":-12716000,"HOLDER_PROFIT_YOY":-23.2051157834,"GROSS_PROFIT_RATIO":16.953271276243,"EPS_TTM":-0.080391462674,"OPERATE_INCOME_QOQ":-3.200637556718,"NET_PROFIT_RATIO":-8.4427742441,"ROE_AVG":-8.932723581519,"GROSS_PROFIT_QOQ":0.145115111582,"ROA":-5.568729978344,"HOLDER_PROFIT_QOQ":-711.346153846154,"ROE_YEARLY":-8.932723581519,"ROIC_YEARLY":-6.688530453696,"TOTAL_ASSETS":218553000,"TOTAL_LIABILITIES":74717000,"TAX_EBT":-0.355141662063,"OCF_SALES":-1.898229912226,"TOTAL_PARENT_EQUITY":143836000,"DEBT_ASSET_RATIO":34.1871308104,"OPERATE_PROFIT":-10687000,"PRETAX_PROFIT":-12671000,"NETCASH_OPERATE":-2859000,"NETCASH_INVEST":-4281000,"NETCASH_FINANCE":10161000,"END_CASH":39721000,"DIVI_RATIO":null,"DIVIDEND_RATE":null,"CURRENT_RATIO":2.369519321138,"COMMON_ACS":1000000000,"CURRENTDEBT_DEBT":98.260101449469,"ISSUED_COMMON_SHARES":187314000,"HK_COMMON_SHARES":187314000,"PER_SHARES":6000,"TOTAL_MARKET_CAP":327799500,"HKSK_MARKET_CAP":327799500,"PE_TTM":-23.948287307912,"PB_TTM":1.874924311794,"REPORT_DATE_SQ":"2022-12-31 00:00:00","REPORT_TYPE_SQ":"2022年年报","OPERATE_INCOME_SQ":142415000,"DPS_HKD":null,"OPERATE_INCOME_QOQ_SQ":15.793025505931,"NET_PROFIT_RATIO_SQ":-7.2471298669,"HOLDER_PROFIT_SQ":-10321000,"HOLDER_PROFIT_QOQ_SQ":37.742791651586,"ROE_AVG_SQ":-7.395782949069,"PE_TTM_SQ":46.46524258543,"PB_TTM_SQ":0.844469021277,"ROA_SQ":-4.539906175566,"START_DATE":"2023-01-01 00:00:00","FISCAL_YEAR":"12-31","CURRENCY":"HKD","IS_CNY_CODE":0,"DPS_HKD_LY":null,"ORG_TYPE":"一般企业","PREMIUM_INCOME":null,"PREMIUM_INCOME_YOY":null,"NET_INTEREST_INCOME":null,"NET_INTEREST_INCOME_YOY":null,"FEE_COMMISSION_INCOME":null,"FEE_COMMISSION_INCOME_YOY":null,"ACCOUNTS_RECE_TDAYS":1.6805753148,"INVENTORY_TDAYS":4.636370375862,"CURRENT_ASSETS_TDAYS":0.927340455007,"TOTAL_ASSETS_TDAYS":0.659585323182,"PREMIUM_EXPENSE":null,"LOAN_DEPOSIT":null,"LOAN_EQUITY":null,"LOAN_ASSETS":null,"DEPOSIT_EQUITY":null,"DEPOSIT_ASSETS":null,"EQUITY_MULTIPLIER":1.519459662394,"EQUITY_RATIO":0.519459662393},{"SECUCODE":"01247.HK","SECURITY_CODE":"01247","SECURITY_NAME_ABBR":"米格国际控股","ORG_CODE":"10371511","STD_REPORT_DATE":"2023-06-30 00:00:00","REPORT_DATE":"2023-06-30 00:00:00","DATE_TYPE_CODE":"002","REPORT_TYPE":"2023年中报","PER_NETCASH_OPERATE":0.10587573336,"PER_OI":0.374431013555,"BPS":0.829756451733,"BASIC_EPS":-0.0097,"DILUTED_EPS":-0.0097,"OPERATE_INCOME":59226000,"OPERATE_INCOME_YOY":28.6207570526,"GROSS_PROFIT":8836000,"GROSS_PROFIT_YOY":-16.182887497629,"HOLDER_PROFIT":-1382000,"HOLDER_PROFIT_YOY":89.9731553363,"GROSS_PROFIT_RATIO":14.919123357985,"EPS_TTM":0.013149908962,"OPERATE_INCOME_QOQ":9.253940947232,"NET_PROFIT_RATIO":-2.3334346402,"ROE_AVG":-0.932854081237,"GROSS_PROFIT_QOQ":-6.271367128626,"ROA":-0.577784559941,"HOLDER_PROFIT_QOQ":120.153085941285,"ROE_YEARLY":-1.865708162473,"ROIC_YEARLY":-1.623757141388,"TOTAL_ASSETS":240239000,"TOTAL_LIABILITIES":84814000,"TAX_EBT":null,"OCF_SALES":28.276432647824,"TOTAL_PARENT_EQUITY":155425000,"DEBT_ASSET_RATIO":35.304009757,"OPERATE_PROFIT":283000,"PRETAX_PROFIT":-1382000,"NETCASH_OPERATE":16747000,"NETCASH_INVEST":-76000,"NETCASH_FINANCE":47389000,"END_CASH":101195000,"DIVI_RATIO":null,"DIVIDEND_RATE":null,"CURRENT_RATIO":2.38436669301,"COMMON_ACS":1000000000,"CURRENTDEBT_DEBT":98.467234183036,"ISSUED_COMMON_SHARES":187314000,"HK_COMMON_SHARES":187314000,"PER_SHARES":6000,"TOTAL_MARKET_CAP":327799500,"HKSK_MARKET_CAP":327799500,"PE_TTM":-23.948287307912,"PB_TTM":1.874924311794,"REPORT_DATE_SQ":"2022-06-30 00:00:00","REPORT_TYPE_SQ":"2022年中报","OPERATE_INCOME_SQ":46047000,"DPS_HKD":null,"OPERATE_INCOME_QOQ_SQ":-10.018656033947,"NET_PROFIT_RATIO_SQ":-29.9324603123,"HOLDER_PROFIT_SQ":-13783000,"HOLDER_PROFIT_QOQ_SQ":33.658809876346,"ROE_AVG_SQ":-10.010095067942,"PE_TTM_SQ":46.46524258543,"PB_TTM_SQ":0.844469021277,"ROA_SQ":-6.082725597714,"START_DATE":"2023-01-01 00:00:00","FISCAL_YEAR":"12-31","CURRENCY":"HKD","IS_CNY_CODE":0,"DPS_HKD_LY":null,"ORG_TYPE":"一般企业","PREMIUM_INCOME":null,"PREMIUM_INCOME_YOY":null,"NET_INTEREST_INCOME":null,"NET_INTEREST_INCOME_YOY":null,"FEE_COMMISSION_INCOME":null,"FEE_COMMISSION_INCOME_YOY":null,"ACCOUNTS_RECE_TDAYS":0.837815280587,"INVENTORY_TDAYS":2.414586228377,"CURRENT_ASSETS_TDAYS":0.338439120559,"TOTAL_ASSETS_TDAYS":0.247611203669,"PREMIUM_EXPENSE":null,"LOAN_DEPOSIT":null,"LOAN_EQUITY":null,"LOAN_ASSETS":null,"DEPOSIT_EQUITY":null,"DEPOSIT_ASSETS":null,"EQUITY_MULTIPLIER":1.545690847677,"EQUITY_RATIO":0.545690847676},{"SECUCODE":"01247.HK","SECURITY_CODE":"01247","SECURITY_NAME_ABBR":"米格国际控股","ORG_CODE":"10371511","STD_REPORT_DATE":"2022-12-31 00:00:00","REPORT_DATE":"2022-12-31 00:00:00","DATE_TYPE_CODE":"001","REPORT_TYPE":"2022年年报","PER_NETCASH_OPERATE":-0.077355747516,"PER_OI":1.005074243451,"BPS":0.752052702948,"BASIC_EPS":-0.0775,"DILUTED_EPS":-0.0775,"OPERATE_INCOME":142415000,"OPERATE_INCOME_YOY":4.1921205692,"GROSS_PROFIT":27203000,"GROSS_PROFIT_YOY":-13.569930736481,"HOLDER_PROFIT":-10321000,"HOLDER_PROFIT_YOY":58.6978270439,"GROSS_PROFIT_RATIO":19.101218270547,"EPS_TTM":-0.072839035682,"OPERATE_INCOME_QOQ":15.793025505931,"NET_PROFIT_RATIO":-7.2471298669,"ROE_AVG":-7.395782949069,"GROSS_PROFIT_QOQ":-24.009721213476,"ROA":-4.539906175566,"HOLDER_PROFIT_QOQ":37.742791651586,"ROE_YEARLY":-7.395782949069,"ROIC_YEARLY":-5.183801186333,"TOTAL_ASSETS":238140000,"TOTAL_LIABILITIES":97270000,"TAX_EBT":null,"OCF_SALES":-7.696520731665,"TOTAL_PARENT_EQUITY":140870000,"DEBT_ASSET_RATIO":40.8457210045,"OPERATE_PROFIT":-6347000,"PRETAX_PROFIT":-10321000,"NETCASH_OPERATE":-10961000,"NETCASH_INVEST":45477000,"NETCASH_FINANCE":-17692000,"END_CASH":36739000,"DIVI_RATIO":null,"DIVIDEND_RATE":null,"CURRENT_RATIO":1.572022507033,"COMMON_ACS":1000000000,"CURRENTDEBT_DEBT":98.663513930297,"ISSUED_COMMON_SHARES":187314000,"HK_COMMON_SHARES":187314000,"PER_SHARES":6000,"TOTAL_MARKET_CAP":327799500,"HKSK_MARKET_CAP":327799500,"PE_TTM":-23.948287307912,"PB_TTM":1.874924311794,"REPORT_DATE_SQ":"2021-12-31 00:00:00","REPORT_TYPE_SQ":"2021年年报","OPERATE_INCOME_SQ":136685000,"DPS_HKD":null,"OPERATE_INCOME_QOQ_SQ":3.123467501603,"NET_PROFIT_RATIO_SQ":-18.2821816586,"HOLDER_PROFIT_SQ":-24989000,"HOLDER_PROFIT_QOQ_SQ":64.102453599954,"ROE_AVG_SQ":-17.050412972206,"PE_TTM_SQ":46.46524258543,"PB_TTM_SQ":0.844469021277,"ROA_SQ":-10.992849303077,"START_DATE":"2022-01-01 00:00:00","FISCAL_YEAR":"12-31","CURRENCY":"HKD","IS_CNY_CODE":0,"DPS_HKD_LY":null,"ORG_TYPE":"一般企业","PREMIUM_INCOME":null,"PREMIUM_INCOME_YOY":null,"NET_INTEREST_INCOME":null,"NET_INTEREST_INCOME_YOY":null,"FEE_COMMISSION_INCOME":null,"FEE_COMMISSION_INCOME_YOY":null,"ACCOUNTS_RECE_TDAYS":1.883073953113,"INVENTORY_TDAYS":4.267506250579,"CURRENT_ASSETS_TDAYS":1.043903082635,"TOTAL_ASSETS_TDAYS":0.626441951355,"PREMIUM_EXPENSE":null,"LOAN_DEPOSIT":null,"LOAN_EQUITY":null,"LOAN_ASSETS":null,"DEPOSIT_EQUITY":null,"DEPOSIT_ASSETS":null,"EQUITY_MULTIPLIER":1.690494782425,"EQUITY_RATIO":0.690494782424},{"SECUCODE":"01247.HK","SECURITY_CODE":"01247","SECURITY_NAME_ABBR":"米格国际控股","ORG_CODE":"10371511","STD_REPORT_DATE":"2022-06-30 00:00:00","REPORT_DATE":"2022-06-30 00:00:00","DATE_TYPE_CODE":"002","REPORT_TYPE":"2022年中报","PER_NETCASH_OPERATE":0.368260219061,"PER_OI":0.324970359079,"BPS":0.732176986237,"BASIC_EPS":-0.1106,"DILUTED_EPS":-0.1106,"OPERATE_INCOME":46047000,"OPERATE_INCOME_YOY":-22.9222811804,"GROSS_PROFIT":10542000,"GROSS_PROFIT_YOY":69.540045030557,"HOLDER_PROFIT":-13783000,"HOLDER_PROFIT_YOY":37.8976299901,"GROSS_PROFIT_RATIO":22.893999609095,"EPS_TTM":-0.11699695122,"OPERATE_INCOME_QOQ":-10.018656033947,"NET_PROFIT_RATIO":-29.9324603123,"ROE_AVG":-10.010095067942,"GROSS_PROFIT_QOQ":13.738323695749,"ROA":-6.082725597714,"HOLDER_PROFIT_QOQ":33.658809876346,"ROE_YEARLY":-20.020190135884,"ROIC_YEARLY":-14.585609634143,"TOTAL_ASSETS":236646000,"TOTAL_LIABILITIES":99499000,"TAX_EBT":null,"OCF_SALES":113.321171846157,"TOTAL_PARENT_EQUITY":137147000,"DEBT_ASSET_RATIO":42.045502565,"OPERATE_PROFIT":-11560000,"PRETAX_PROFIT":-13783000,"NETCASH_OPERATE":52181000,"NETCASH_INVEST":-3090000,"NETCASH_FINANCE":-13503000,"END_CASH":55458000,"DIVI_RATIO":null,"DIVIDEND_RATE":null,"CURRENT_RATIO":1.532754916038,"COMMON_ACS":1000000000,"CURRENTDEBT_DEBT":98.69345420557,"ISSUED_COMMON_SHARES":187314000,"HK_COMMON_SHARES":187314000,"PER_SHARES":6000,"TOTAL_MARKET_CAP":327799500,"HKSK_MARKET_CAP":327799500,"PE_TTM":-23.948287307912,"PB_TTM":1.874924311794,"REPORT_DATE_SQ":"2021-06-30 00:00:00","REPORT_TYPE_SQ":"2021年中报","OPERATE_INCOME_SQ":59741000,"DPS_HKD":null,"OPERATE_INCOME_QOQ_SQ":14.475104719955,"NET_PROFIT_RATIO_SQ":-37.1503657455,"HOLDER_PROFIT_SQ":-22194000,"HOLDER_PROFIT_QOQ_SQ":11.002582525761,"ROE_AVG_SQ":-15.005628631989,"PE_TTM_SQ":46.46524258543,"PB_TTM_SQ":0.844469021277,"ROA_SQ":-9.685570272098,"START_DATE":"2022-01-01 00:00:00","FISCAL_YEAR":"12-31","CURRENCY":"HKD","IS_CNY_CODE":0,"DPS_HKD_LY":null,"ORG_TYPE":"一般企业","PREMIUM_INCOME":null,"PREMIUM_INCOME_YOY":null,"NET_INTEREST_INCOME":null,"NET_INTEREST_INCOME_YOY":null,"FEE_COMMISSION_INCOME":null,"FEE_COMMISSION_INCOME_YOY":null,"ACCOUNTS_RECE_TDAYS":0.799739481568,"INVENTORY_TDAYS":1.060848260304,"CURRENT_ASSETS_TDAYS":0.337960873251,"TOTAL_ASSETS_TDAYS":0.203215022563,"PREMIUM_EXPENSE":null,"LOAN_DEPOSIT":null,"LOAN_EQUITY":null,"LOAN_ASSETS":null,"DEPOSIT_EQUITY":null,"DEPOSIT_ASSETS":null,"EQUITY_MULTIPLIER":1.725491625773,"EQUITY_RATIO":0.725491625774},{"SECUCODE":"01247.HK","SECURITY_CODE":"01247","SECURITY_NAME_ABBR":"米格国际控股","ORG_CODE":"10371511","STD_REPORT_DATE":"2021-12-31 00:00:00","REPORT_DATE":"2021-12-31 00:00:00","DATE_TYPE_CODE":"001","REPORT_TYPE":"2021年年报","PER_NETCASH_OPERATE":-0.104429200542,"PER_OI":1.157562669377,"BPS":0.737985414865,"BASIC_EPS":-0.222,"DILUTED_EPS":-0.222,"OPERATE_INCOME":136685000,"OPERATE_INCOME_YOY":18.0506974133,"GROSS_PROFIT":31474000,"GROSS_PROFIT_YOY":264.535557099838,"HOLDER_PROFIT":-24989000,"HOLDER_PROFIT_YOY":68.0521107673,"GROSS_PROFIT_RATIO":23.026667154406,"EPS_TTM":-0.211627710027,"OPERATE_INCOME_QOQ":3.123467501603,"NET_PROFIT_RATIO":-18.2821816586,"ROE_AVG":-17.050412972206,"GROSS_PROFIT_QOQ":220.052877770999,"ROA":-10.992849303077,"HOLDER_PROFIT_QOQ":64.102453599954,"ROE_YEARLY":-17.050412972206,"ROIC_YEARLY":-12.629190314706,"TOTAL_ASSETS":216539000,"TOTAL_LIABILITIES":78304000,"TAX_EBT":null,"OCF_SALES":-9.021472729268,"TOTAL_PARENT_EQUITY":138235000,"DEBT_ASSET_RATIO":36.1616152287,"OPERATE_PROFIT":-20335000,"PRETAX_PROFIT":-24989000,"NETCASH_OPERATE":-12331000,"NETCASH_INVEST":-5974000,"NETCASH_FINANCE":-1072000,"END_CASH":19738000,"DIVI_RATIO":null,"DIVIDEND_RATE":null,"CURRENT_RATIO":1.921098634581,"COMMON_ACS":1000000000,"CURRENTDEBT_DEBT":81.090365753985,"ISSUED_COMMON_SHARES":187314000,"HK_COMMON_SHARES":187314000,"PER_SHARES":6000,"TOTAL_MARKET_CAP":327799500,"HKSK_MARKET_CAP":327799500,"PE_TTM":-23.948287307912,"PB_TTM":1.874924311794,"REPORT_DATE_SQ":"2020-12-31 00:00:00","REPORT_TYPE_SQ":"2020年年报","OPERATE_INCOME_SQ":115785000,"DPS_HKD":null,"OPERATE_INCOME_QOQ_SQ":-23.755432635322,"NET_PROFIT_RATIO_SQ":-67.5545191519,"HOLDER_PROFIT_SQ":-78218000,"HOLDER_PROFIT_QOQ_SQ":60.056378018701,"ROE_AVG_SQ":-40.479954871614,"PE_TTM_SQ":46.46524258543,"PB_TTM_SQ":0.844469021277,"ROA_SQ":-27.529190240297,"START_DATE":"2021-01-01 00:00:00","FISCAL_YEAR":"12-31","CURRENCY":"HKD","IS_CNY_CODE":0,"DPS_HKD_LY":null,"ORG_TYPE":"一般企业","PREMIUM_INCOME":null,"PREMIUM_INCOME_YOY":null,"NET_INTEREST_INCOME":null,"NET_INTEREST_INCOME_YOY":null,"FEE_COMMISSION_INCOME":null,"FEE_COMMISSION_INCOME_YOY":null,"ACCOUNTS_RECE_TDAYS":2.188658398918,"INVENTORY_TDAYS":3.879890843382,"CURRENT_ASSETS_TDAYS":1.070192608832,"TOTAL_ASSETS_TDAYS":0.601287609345,"PREMIUM_EXPENSE":null,"LOAN_DEPOSIT":null,"LOAN_EQUITY":null,"LOAN_ASSETS":null,"DEPOSIT_EQUITY":null,"DEPOSIT_ASSETS":null,"EQUITY_MULTIPLIER":1.566455673311,"EQUITY_RATIO":0.56645567331},{"SECUCODE":"01247.HK","SECURITY_CODE":"01247","SECURITY_NAME_ABBR":"米格国际控股","ORG_CODE":"10371511","STD_REPORT_DATE":"2021-06-30 00:00:00","REPORT_DATE":"2021-06-30 00:00:00","DATE_TYPE_CODE":"002","REPORT_TYPE":"2021年中报","PER_NETCASH_OPERATE":-0.010323509485,"PER_OI":0.505936653117,"BPS":0.752346327557,"BASIC_EPS":-0.207,"DILUTED_EPS":-0.207,"OPERATE_INCOME":59741000,"OPERATE_INCOME_YOY":38.9939740816,"GROSS_PROFIT":6218000,"GROSS_PROFIT_YOY":23.913909924273,"HOLDER_PROFIT":-22194000,"HOLDER_PROFIT_YOY":27.9415584416,"GROSS_PROFIT_RATIO":10.408262332402,"EPS_TTM":-0.589532520325,"OPERATE_INCOME_QOQ":14.475104719955,"NET_PROFIT_RATIO":-37.1503657455,"ROE_AVG":-15.005628631989,"GROSS_PROFIT_QOQ":13.898540653231,"ROA":-9.685570272098,"HOLDER_PROFIT_QOQ":11.002582525761,"ROE_YEARLY":-30.011257263978,"ROIC_YEARLY":-23.608189576081,"TOTAL_ASSETS":220188000,"TOTAL_LIABILITIES":79263000,"TAX_EBT":null,"OCF_SALES":-2.040474715857,"TOTAL_PARENT_EQUITY":140925000,"DEBT_ASSET_RATIO":35.9978745436,"OPERATE_PROFIT":-19844000,"PRETAX_PROFIT":-22194000,"NETCASH_OPERATE":-1219000,"NETCASH_INVEST":117000,"NETCASH_FINANCE":5001000,"END_CASH":43082000,"DIVI_RATIO":null,"DIVIDEND_RATE":null,"CURRENT_RATIO":1.887791313966,"COMMON_ACS":1000000000,"CURRENTDEBT_DEBT":82.122806353532,"ISSUED_COMMON_SHARES":187314000,"HK_COMMON_SHARES":187314000,"PER_SHARES":6000,"TOTAL_MARKET_CAP":327799500,"HKSK_MARKET_CAP":327799500,"PE_TTM":-23.948287307912,"PB_TTM":1.874924311794,"REPORT_DATE_SQ":"2020-06-30 00:00:00","REPORT_TYPE_SQ":"2020年中报","OPERATE_INCOME_SQ":42981000,"DPS_HKD":null,"OPERATE_INCOME_QOQ_SQ":-8.535153073824,"NET_PROFIT_RATIO_SQ":-71.6595705079,"HOLDER_PROFIT_SQ":-30800000,"HOLDER_PROFIT_QOQ_SQ":24.186485890055,"ROE_AVG_SQ":-14.320219638693,"PE_TTM_SQ":46.46524258543,"PB_TTM_SQ":0.844469021277,"ROA_SQ":-10.085282854528,"START_DATE":"2021-01-01 00:00:00","FISCAL_YEAR":"12-31","CURRENCY":"HKD","IS_CNY_CODE":0,"DPS_HKD_LY":null,"ORG_TYPE":"一般企业","PREMIUM_INCOME":null,"PREMIUM_INCOME_YOY":null,"NET_INTEREST_INCOME":null,"NET_INTEREST_INCOME_YOY":null,"FEE_COMMISSION_INCOME":null,"FEE_COMMISSION_INCOME_YOY":null,"ACCOUNTS_RECE_TDAYS":1.018306714166,"INVENTORY_TDAYS":2.981616623029,"CURRENT_ASSETS_TDAYS":0.466111150122,"TOTAL_ASSETS_TDAYS":0.260712649196,"PREMIUM_EXPENSE":null,"LOAN_DEPOSIT":null,"LOAN_EQUITY":null,"LOAN_ASSETS":null,"DEPOSIT_EQUITY":null,"DEPOSIT_ASSETS":null,"EQUITY_MULTIPLIER":1.562448110698,"EQUITY_RATIO":0.562448110697},{"SECUCODE":"01247.HK","SECURITY_CODE":"01247","SECURITY_NAME_ABBR":"米格国际控股","ORG_CODE":"10371511","STD_REPORT_DATE":"2020-12-31 00:00:00","REPORT_DATE":"2020-12-31 00:00:00","DATE_TYPE_CODE":"001","REPORT_TYPE":"2020年年报","PER_NETCASH_OPERATE":0.000683943089,"PER_OI":0.117667682927,"BPS":0.826868253307,"BASIC_EPS":-0.795,"DILUTED_EPS":-0.795,"OPERATE_INCOME":115785000,"OPERATE_INCOME_YOY":-30.2630231704,"GROSS_PROFIT":8634000,"GROSS_PROFIT_YOY":-70.705391375157,"HOLDER_PROFIT":-78218000,"HOLDER_PROFIT_YOY":69.7173365132,"GROSS_PROFIT_RATIO":7.456924472082,"EPS_TTM":-0.079489837398,"OPERATE_INCOME_QOQ":-23.755432635322,"NET_PROFIT_RATIO":-67.5545191519,"ROE_AVG":-40.479954871614,"GROSS_PROFIT_QOQ":-62.621758517685,"ROA":-27.529190240297,"HOLDER_PROFIT_QOQ":60.056378018701,"ROE_YEARLY":-40.479954871614,"ROIC_YEARLY":-31.477069684336,"TOTAL_ASSETS":238102000,"TOTAL_LIABILITIES":83218000,"TAX_EBT":null,"OCF_SALES":0.581249730103,"TOTAL_PARENT_EQUITY":154884000,"DEBT_ASSET_RATIO":34.9505674039,"OPERATE_PROFIT":-73215000,"PRETAX_PROFIT":-78218000,"NETCASH_OPERATE":673000,"NETCASH_INVEST":5239000,"NETCASH_FINANCE":996000,"END_CASH":39169000,"DIVI_RATIO":null,"DIVIDEND_RATE":null,"CURRENT_RATIO":1.629141336458,"COMMON_ACS":1000000000,"CURRENTDEBT_DEBT":98.437837967747,"ISSUED_COMMON_SHARES":187314000,"HK_COMMON_SHARES":187314000,"PER_SHARES":6000,"TOTAL_MARKET_CAP":327799500,"HKSK_MARKET_CAP":327799500,"PE_TTM":-23.948287307912,"PB_TTM":1.874924311794,"REPORT_DATE_SQ":"2019-12-31 00:00:00","REPORT_TYPE_SQ":"2019年年报","OPERATE_INCOME_SQ":166031000,"DPS_HKD":null,"OPERATE_INCOME_QOQ_SQ":-1.385102427493,"NET_PROFIT_RATIO_SQ":-155.5691407026,"HOLDER_PROFIT_SQ":-258293000,"HOLDER_PROFIT_QOQ_SQ":-12.772004889976,"ROE_AVG_SQ":-72.515714971546,"PE_TTM_SQ":46.46524258543,"PB_TTM_SQ":0.844469021277,"ROA_SQ":-56.124664014272,"START_DATE":"2020-01-01 00:00:00","FISCAL_YEAR":"12-31","CURRENCY":"HKD","IS_CNY_CODE":0,"DPS_HKD_LY":null,"ORG_TYPE":"一般企业","PREMIUM_INCOME":null,"PREMIUM_INCOME_YOY":null,"NET_INTEREST_INCOME":null,"NET_INTEREST_INCOME_YOY":null,"FEE_COMMISSION_INCOME":null,"FEE_COMMISSION_INCOME_YOY":null,"ACCOUNTS_RECE_TDAYS":1.826247427071,"INVENTORY_TDAYS":2.934638822321,"CURRENT_ASSETS_TDAYS":0.664184733818,"TOTAL_ASSETS_TDAYS":0.40751071262,"PREMIUM_EXPENSE":null,"LOAN_DEPOSIT":null,"LOAN_EQUITY":null,"LOAN_ASSETS":null,"DEPOSIT_EQUITY":null,"DEPOSIT_ASSETS":null,"EQUITY_MULTIPLIER":1.537292425299,"EQUITY_RATIO":0.537292425299},{"SECUCODE":"01247.HK","SECURITY_CODE":"01247","SECURITY_NAME_ABBR":"米格国际控股","ORG_CODE":"10371511","STD_REPORT_DATE":"2020-06-30 00:00:00","REPORT_DATE":"2020-06-30 00:00:00","DATE_TYPE_CODE":"002","REPORT_TYPE":"2020年中报","PER_NETCASH_OPERATE":0.011989837398,"PER_OI":0.043679878049,"BPS":1.060209060722,"BASIC_EPS":-0.313,"DILUTED_EPS":-0.313,"OPERATE_INCOME":42981000,"OPERATE_INCOME_YOY":-24.7952827548,"GROSS_PROFIT":5018000,"GROSS_PROFIT_YOY":-55.95154494382,"HOLDER_PROFIT":-30800000,"HOLDER_PROFIT_YOY":66.9783000257,"GROSS_PROFIT_RATIO":11.674926130151,"EPS_TTM":-0.199005081301,"OPERATE_INCOME_QOQ":-8.535153073824,"NET_PROFIT_RATIO":-71.6595705079,"ROE_AVG":-14.320219638693,"GROSS_PROFIT_QOQ":-21.626573474027,"ROA":-10.085282854528,"HOLDER_PROFIT_QOQ":24.186485890055,"ROE_YEARLY":-28.640439277387,"ROIC_YEARLY":-22.818998297836,"TOTAL_ASSETS":280638000,"TOTAL_LIABILITIES":82046000,"TAX_EBT":-1.232539030403,"OCF_SALES":27.449338079617,"TOTAL_PARENT_EQUITY":198592000,"DEBT_ASSET_RATIO":29.2355276192,"OPERATE_PROFIT":-28090000,"PRETAX_PROFIT":-30425000,"NETCASH_OPERATE":11798000,"NETCASH_INVEST":null,"NETCASH_FINANCE":-2935000,"END_CASH":38788000,"DIVI_RATIO":null,"DIVIDEND_RATE":null,"CURRENT_RATIO":2.605639248695,"COMMON_ACS":1000000000,"CURRENTDEBT_DEBT":81.957682275797,"ISSUED_COMMON_SHARES":187314000,"HK_COMMON_SHARES":187314000,"PER_SHARES":6000,"TOTAL_MARKET_CAP":327799500,"HKSK_MARKET_CAP":327799500,"PE_TTM":-23.948287307912,"PB_TTM":1.874924311794,"REPORT_DATE_SQ":"2019-06-30 00:00:00","REPORT_TYPE_SQ":"2019年中报","OPERATE_INCOME_SQ":57152000,"DPS_HKD":null,"OPERATE_INCOME_QOQ_SQ":-21.485298575326,"NET_PROFIT_RATIO_SQ":-163.1998880179,"HOLDER_PROFIT_SQ":-93272000,"HOLDER_PROFIT_QOQ_SQ":-13.562666719554,"ROE_AVG_SQ":-21.39607116272,"PE_TTM_SQ":46.46524258543,"PB_TTM_SQ":0.844469021277,"ROA_SQ":-17.267188602086,"START_DATE":"2020-01-01 00:00:00","FISCAL_YEAR":"12-31","CURRENCY":"HKD","IS_CNY_CODE":0,"DPS_HKD_LY":null,"ORG_TYPE":"一般企业","PREMIUM_INCOME":null,"PREMIUM_INCOME_YOY":null,"NET_INTEREST_INCOME":null,"NET_INTEREST_INCOME_YOY":null,"FEE_COMMISSION_INCOME":null,"FEE_COMMISSION_INCOME_YOY":null,"ACCOUNTS_RECE_TDAYS":0.685119948992,"INVENTORY_TDAYS":0.767254794964,"CURRENT_ASSETS_TDAYS":0.220185037192,"TOTAL_ASSETS_TDAYS":0.140738812458,"PREMIUM_EXPENSE":null,"LOAN_DEPOSIT":null,"LOAN_EQUITY":null,"LOAN_ASSETS":null,"DEPOSIT_EQUITY":null,"DEPOSIT_ASSETS":null,"EQUITY_MULTIPLIER":1.413138495005,"EQUITY_RATIO":0.413138495005}],"count":27},"success":true,"message":"ok","code":0}