{"version":"9e074ebb0624a721c3f9c10ad5d52ea7","result":{"pages":4,"data":[{"SECUCODE":"01241.HK","SECURITY_CODE":"01241","SECURITY_NAME_ABBR":"双桦控股","ORG_CODE":"10158973","STD_REPORT_DATE":"2024-06-30 00:00:00","REPORT_DATE":"2024-06-30 00:00:00","DATE_TYPE_CODE":"002","REPORT_TYPE":"2024年中报","PER_NETCASH_OPERATE":0.044393846154,"PER_OI":0.093173846154,"BPS":0.422164615385,"BASIC_EPS":-0.0005,"DILUTED_EPS":-0.0005,"OPERATE_INCOME":60563000,"OPERATE_INCOME_YOY":111.0135535347,"GROSS_PROFIT":4439000,"GROSS_PROFIT_YOY":-36.72131147541,"HOLDER_PROFIT":-3183000,"HOLDER_PROFIT_YOY":-1660.2941176471,"GROSS_PROFIT_RATIO":7.329557650711,"EPS_TTM":-0.023836923077,"OPERATE_INCOME_QOQ":31.645230173313,"NET_PROFIT_RATIO":-5.2556841636,"ROE_AVG":-1.153267137321,"GROSS_PROFIT_QOQ":-17.819590481461,"ROA":-1.038531373729,"HOLDER_PROFIT_QOQ":-27.975551333939,"ROE_YEARLY":-2.306534274643,"ROIC_YEARLY":-2.798530837251,"TOTAL_ASSETS":294905000,"TOTAL_LIABILITIES":20494000,"TAX_EBT":null,"OCF_SALES":47.646252662517,"TOTAL_PARENT_EQUITY":274407000,"DEBT_ASSET_RATIO":6.9493565725,"OPERATE_PROFIT":-3171000,"PRETAX_PROFIT":-3183000,"NETCASH_OPERATE":28856000,"NETCASH_INVEST":-1151000,"NETCASH_FINANCE":-383000,"END_CASH":92671000,"DIVI_RATIO":null,"DIVIDEND_RATE":null,"CURRENT_RATIO":5.874794576828,"COMMON_ACS":10000000000,"CURRENTDEBT_DEBT":95.013174587684,"ISSUED_COMMON_SHARES":650000000,"HK_COMMON_SHARES":650000000,"PER_SHARES":2000,"TOTAL_MARKET_CAP":63050000,"HKSK_MARKET_CAP":63050000,"PE_TTM":-3.69389915662,"PB_TTM":0.209704832603,"REPORT_DATE_SQ":"2023-06-30 00:00:00","REPORT_TYPE_SQ":"2023年中报","OPERATE_INCOME_SQ":28701000,"DPS_HKD":null,"OPERATE_INCOME_QOQ_SQ":76.761736744095,"NET_PROFIT_RATIO_SQ":0.710776628,"HOLDER_PROFIT_SQ":204000,"HOLDER_PROFIT_QOQ_SQ":30.342373051281,"ROE_AVG_SQ":0.070393617645,"PE_TTM_SQ":-2.383466387518,"PB_TTM_SQ":0.115763905609,"ROA_SQ":0.066692602679,"START_DATE":"2024-01-01 00:00:00","FISCAL_YEAR":"12-31","CURRENCY":"HKD","IS_CNY_CODE":0,"DPS_HKD_LY":null,"ORG_TYPE":"一般企业","PREMIUM_INCOME":null,"PREMIUM_INCOME_YOY":null,"NET_INTEREST_INCOME":null,"NET_INTEREST_INCOME_YOY":null,"FEE_COMMISSION_INCOME":null,"FEE_COMMISSION_INCOME_YOY":null,"ACCOUNTS_RECE_TDAYS":2.23281964312,"INVENTORY_TDAYS":34.410790925812,"CURRENT_ASSETS_TDAYS":0.48953247761,"TOTAL_ASSETS_TDAYS":0.197601556981,"PREMIUM_EXPENSE":null,"LOAN_DEPOSIT":null,"LOAN_EQUITY":null,"LOAN_ASSETS":null,"DEPOSIT_EQUITY":null,"DEPOSIT_ASSETS":null,"EQUITY_MULTIPLIER":1.074683595046,"EQUITY_RATIO":0.0746846837},{"SECUCODE":"01241.HK","SECURITY_CODE":"01241","SECURITY_NAME_ABBR":"双桦控股","ORG_CODE":"10158973","STD_REPORT_DATE":"2023-12-31 00:00:00","REPORT_DATE":"2023-12-31 00:00:00","DATE_TYPE_CODE":"001","REPORT_TYPE":"2023年年报","PER_NETCASH_OPERATE":-0.032933846154,"PER_OI":0.1549,"BPS":0.427061538462,"BASIC_EPS":-0.019,"DILUTED_EPS":-0.019,"OPERATE_INCOME":100685000,"OPERATE_INCOME_YOY":393.4088013329,"GROSS_PROFIT":14456000,"GROSS_PROFIT_YOY":347.277227722772,"HOLDER_PROFIT":-12107000,"HOLDER_PROFIT_YOY":39.3102411148,"GROSS_PROFIT_RATIO":14.357650096837,"EPS_TTM":-0.018626153846,"OPERATE_INCOME_QOQ":179.137787635154,"NET_PROFIT_RATIO":-12.0246312758,"ROE_AVG":-4.268386196052,"GROSS_PROFIT_QOQ":79.957674592307,"ROA":-3.895381011827,"HOLDER_PROFIT_QOQ":12.874208405296,"ROE_YEARLY":-4.268386196052,"ROIC_YEARLY":-5.185277187693,"TOTAL_ASSETS":318076000,"TOTAL_LIABILITIES":40482000,"TAX_EBT":-13.808986651626,"OCF_SALES":-21.26135968615,"TOTAL_PARENT_EQUITY":277590000,"DEBT_ASSET_RATIO":12.7271469712,"OPERATE_PROFIT":-236000,"PRETAX_PROFIT":-10638000,"NETCASH_OPERATE":-21407000,"NETCASH_INVEST":-1318000,"NETCASH_FINANCE":-766000,"END_CASH":65349000,"DIVI_RATIO":null,"DIVIDEND_RATE":null,"CURRENT_RATIO":3.370354419477,"COMMON_ACS":10000000000,"CURRENTDEBT_DEBT":97.507534212737,"ISSUED_COMMON_SHARES":650000000,"HK_COMMON_SHARES":650000000,"PER_SHARES":2000,"TOTAL_MARKET_CAP":85150000,"HKSK_MARKET_CAP":85150000,"PE_TTM":-4.988667933167,"PB_TTM":0.283209619288,"REPORT_DATE_SQ":"2022-12-31 00:00:00","REPORT_TYPE_SQ":"2022年年报","OPERATE_INCOME_SQ":20406000,"DPS_HKD":null,"OPERATE_INCOME_QOQ_SQ":-7.072271050594,"NET_PROFIT_RATIO_SQ":-97.760462609,"HOLDER_PROFIT_SQ":-19949000,"HOLDER_PROFIT_QOQ_SQ":21.352257047112,"ROE_AVG_SQ":-6.656956033523,"PE_TTM_SQ":-2.638837786181,"PB_TTM_SQ":0.12816718121,"ROA_SQ":-6.355947728869,"START_DATE":"2023-01-01 00:00:00","FISCAL_YEAR":"12-31","CURRENCY":"HKD","IS_CNY_CODE":0,"DPS_HKD_LY":null,"ORG_TYPE":"一般企业","PREMIUM_INCOME":null,"PREMIUM_INCOME_YOY":null,"NET_INTEREST_INCOME":null,"NET_INTEREST_INCOME_YOY":null,"FEE_COMMISSION_INCOME":null,"FEE_COMMISSION_INCOME_YOY":null,"ACCOUNTS_RECE_TDAYS":3.968585561972,"INVENTORY_TDAYS":79.915662650602,"CURRENT_ASSETS_TDAYS":0.820354670893,"TOTAL_ASSETS_TDAYS":0.323950142212,"PREMIUM_EXPENSE":null,"LOAN_DEPOSIT":null,"LOAN_EQUITY":null,"LOAN_ASSETS":null,"DEPOSIT_EQUITY":null,"DEPOSIT_ASSETS":null,"EQUITY_MULTIPLIER":1.145831682241,"EQUITY_RATIO":0.145833783638},{"SECUCODE":"01241.HK","SECURITY_CODE":"01241","SECURITY_NAME_ABBR":"双桦控股","ORG_CODE":"10158973","STD_REPORT_DATE":"2023-06-30 00:00:00","REPORT_DATE":"2023-06-30 00:00:00","DATE_TYPE_CODE":"002","REPORT_TYPE":"2023年中报","PER_NETCASH_OPERATE":0.00336,"PER_OI":0.044155384615,"BPS":0.446001538462,"BASIC_EPS":0.0003,"DILUTED_EPS":0.0003,"OPERATE_INCOME":28701000,"OPERATE_INCOME_YOY":120.1503413362,"GROSS_PROFIT":7015000,"GROSS_PROFIT_YOY":216.847335140018,"HOLDER_PROFIT":204000,"HOLDER_PROFIT_YOY":103.4877756882,"GROSS_PROFIT_RATIO":24.441657085119,"EPS_TTM":-0.021378461538,"OPERATE_INCOME_QOQ":76.761736744095,"NET_PROFIT_RATIO":0.710776628,"ROE_AVG":0.070393617645,"GROSS_PROFIT_QOQ":148.545792079208,"ROA":0.066692602679,"HOLDER_PROFIT_QOQ":30.342373051281,"ROE_YEARLY":0.140787235291,"ROIC_YEARLY":0.189279716452,"TOTAL_ASSETS":308230000,"TOTAL_LIABILITIES":18325000,"TAX_EBT":null,"OCF_SALES":7.609490958503,"TOTAL_PARENT_EQUITY":289901000,"DEBT_ASSET_RATIO":5.9452357006,"OPERATE_PROFIT":234000,"PRETAX_PROFIT":204000,"NETCASH_OPERATE":2184000,"NETCASH_INVEST":296000,"NETCASH_FINANCE":-384000,"END_CASH":91371000,"DIVI_RATIO":null,"DIVIDEND_RATE":null,"CURRENT_RATIO":7.079441164436,"COMMON_ACS":10000000000,"CURRENTDEBT_DEBT":93.353342428377,"ISSUED_COMMON_SHARES":650000000,"HK_COMMON_SHARES":650000000,"PER_SHARES":2000,"TOTAL_MARKET_CAP":85150000,"HKSK_MARKET_CAP":85150000,"PE_TTM":-4.988667933167,"PB_TTM":0.283209619288,"REPORT_DATE_SQ":"2022-06-30 00:00:00","REPORT_TYPE_SQ":"2022年中报","OPERATE_INCOME_SQ":13037000,"DPS_HKD":null,"OPERATE_INCOME_QOQ_SQ":-32.826552462527,"NET_PROFIT_RATIO_SQ":-44.8646160927,"HOLDER_PROFIT_SQ":-5849000,"HOLDER_PROFIT_QOQ_SQ":-36.510413863624,"ROE_AVG_SQ":-1.90694163924,"PE_TTM_SQ":-2.638837786181,"PB_TTM_SQ":0.12816718121,"ROA_SQ":-1.816090205253,"START_DATE":"2023-01-01 00:00:00","FISCAL_YEAR":"12-31","CURRENCY":"HKD","IS_CNY_CODE":0,"DPS_HKD_LY":null,"ORG_TYPE":"一般企业","PREMIUM_INCOME":null,"PREMIUM_INCOME_YOY":null,"NET_INTEREST_INCOME":null,"NET_INTEREST_INCOME_YOY":null,"FEE_COMMISSION_INCOME":null,"FEE_COMMISSION_INCOME_YOY":null,"ACCOUNTS_RECE_TDAYS":4.122522263717,"INVENTORY_TDAYS":27.192476489028,"CURRENT_ASSETS_TDAYS":0.245794028355,"TOTAL_ASSETS_TDAYS":0.093830607328,"PREMIUM_EXPENSE":null,"LOAN_DEPOSIT":null,"LOAN_EQUITY":null,"LOAN_ASSETS":null,"DEPOSIT_EQUITY":null,"DEPOSIT_ASSETS":null,"EQUITY_MULTIPLIER":1.063210362015,"EQUITY_RATIO":0.06321123418},{"SECUCODE":"01241.HK","SECURITY_CODE":"01241","SECURITY_NAME_ABBR":"双桦控股","ORG_CODE":"10158973","STD_REPORT_DATE":"2022-12-31 00:00:00","REPORT_DATE":"2022-12-31 00:00:00","DATE_TYPE_CODE":"001","REPORT_TYPE":"2022年年报","PER_NETCASH_OPERATE":-0.00778,"PER_OI":0.031393846154,"BPS":0.445687692308,"BASIC_EPS":-0.031,"DILUTED_EPS":-0.031,"OPERATE_INCOME":20406000,"OPERATE_INCOME_YOY":-37.5772407464,"GROSS_PROFIT":3232000,"GROSS_PROFIT_YOY":-34.91743858236,"HOLDER_PROFIT":-19949000,"HOLDER_PROFIT_YOY":-7.3623593994,"GROSS_PROFIT_RATIO":15.838478878761,"EPS_TTM":-0.030690769231,"OPERATE_INCOME_QOQ":-7.072271050594,"NET_PROFIT_RATIO":-97.760462609,"ROE_AVG":-6.656956033523,"GROSS_PROFIT_QOQ":685.507246376812,"ROA":-6.355947728869,"HOLDER_PROFIT_QOQ":21.352257047112,"ROE_YEARLY":-6.656956033523,"ROIC_YEARLY":-9.053036663233,"TOTAL_ASSETS":303532000,"TOTAL_LIABILITIES":13831000,"TAX_EBT":6.434970217157,"OCF_SALES":-24.78192688425,"TOTAL_PARENT_EQUITY":289697000,"DEBT_ASSET_RATIO":4.5566859507,"OPERATE_PROFIT":-14119000,"PRETAX_PROFIT":-21321000,"NETCASH_OPERATE":-5057000,"NETCASH_INVEST":-2485000,"NETCASH_FINANCE":-900000,"END_CASH":89275000,"DIVI_RATIO":null,"DIVIDEND_RATE":null,"CURRENT_RATIO":8.631122370643,"COMMON_ACS":10000000000,"CURRENTDEBT_DEBT":94.17974116116,"ISSUED_COMMON_SHARES":650000000,"HK_COMMON_SHARES":650000000,"PER_SHARES":2000,"TOTAL_MARKET_CAP":85150000,"HKSK_MARKET_CAP":85150000,"PE_TTM":-4.988667933167,"PB_TTM":0.283209619288,"REPORT_DATE_SQ":"2021-12-31 00:00:00","REPORT_TYPE_SQ":"2021年年报","OPERATE_INCOME_SQ":32690000,"DPS_HKD":null,"OPERATE_INCOME_QOQ_SQ":-39.228881618084,"NET_PROFIT_RATIO_SQ":-55.6408687672,"HOLDER_PROFIT_SQ":-18581000,"HOLDER_PROFIT_QOQ_SQ":-123973.333333333,"ROE_AVG_SQ":-5.779713922669,"PE_TTM_SQ":-2.638837786181,"PB_TTM_SQ":0.12816718121,"ROA_SQ":-5.256175249216,"START_DATE":"2022-01-01 00:00:00","FISCAL_YEAR":"12-31","CURRENCY":"HKD","IS_CNY_CODE":0,"DPS_HKD_LY":null,"ORG_TYPE":"一般企业","PREMIUM_INCOME":null,"PREMIUM_INCOME_YOY":null,"NET_INTEREST_INCOME":null,"NET_INTEREST_INCOME_YOY":null,"FEE_COMMISSION_INCOME":null,"FEE_COMMISSION_INCOME_YOY":null,"ACCOUNTS_RECE_TDAYS":4.126175310889,"INVENTORY_TDAYS":15.916589434662,"CURRENT_ASSETS_TDAYS":0.178885450545,"TOTAL_ASSETS_TDAYS":0.065015524265,"PREMIUM_EXPENSE":null,"LOAN_DEPOSIT":null,"LOAN_EQUITY":null,"LOAN_ASSETS":null,"DEPOSIT_EQUITY":null,"DEPOSIT_ASSETS":null,"EQUITY_MULTIPLIER":1.047742327434,"EQUITY_RATIO":0.047742986638},{"SECUCODE":"01241.HK","SECURITY_CODE":"01241","SECURITY_NAME_ABBR":"双桦控股","ORG_CODE":"10158973","STD_REPORT_DATE":"2022-06-30 00:00:00","REPORT_DATE":"2022-06-30 00:00:00","DATE_TYPE_CODE":"002","REPORT_TYPE":"2022年中报","PER_NETCASH_OPERATE":0.007964615385,"PER_OI":0.020056923077,"BPS":0.46738,"BASIC_EPS":-0.009,"DILUTED_EPS":-0.009,"OPERATE_INCOME":13037000,"OPERATE_INCOME_YOY":-45.1489397509,"GROSS_PROFIT":2214000,"GROSS_PROFIT_YOY":-71.365752715986,"HOLDER_PROFIT":-5849000,"HOLDER_PROFIT_YOY":-725.5614973262,"GROSS_PROFIT_RATIO":16.982434609189,"EPS_TTM":-0.039023076923,"OPERATE_INCOME_QOQ":-32.826552462527,"NET_PROFIT_RATIO":-44.8646160927,"ROE_AVG":-1.90694163924,"GROSS_PROFIT_QOQ":-111.115585984696,"ROA":-1.816090205253,"HOLDER_PROFIT_QOQ":-36.510413863624,"ROE_YEARLY":-3.813883278479,"ROIC_YEARLY":-5.25583913484,"TOTAL_ASSETS":319936000,"TOTAL_LIABILITIES":16135000,"TAX_EBT":3.306331625062,"OCF_SALES":39.710055994477,"TOTAL_PARENT_EQUITY":303797000,"DEBT_ASSET_RATIO":5.0431961392,"OPERATE_PROFIT":-6032000,"PRETAX_PROFIT":-6049000,"NETCASH_OPERATE":5177000,"NETCASH_INVEST":-1206000,"NETCASH_FINANCE":-451000,"END_CASH":101250000,"DIVI_RATIO":null,"DIVIDEND_RATE":null,"CURRENT_RATIO":7.704078947368,"COMMON_ACS":10000000000,"CURRENTDEBT_DEBT":94.205144096684,"ISSUED_COMMON_SHARES":650000000,"HK_COMMON_SHARES":650000000,"PER_SHARES":2000,"TOTAL_MARKET_CAP":85150000,"HKSK_MARKET_CAP":85150000,"PE_TTM":-4.988667933167,"PB_TTM":0.283209619288,"REPORT_DATE_SQ":"2021-06-30 00:00:00","REPORT_TYPE_SQ":"2021年中报","OPERATE_INCOME_SQ":23768000,"DPS_HKD":null,"OPERATE_INCOME_QOQ_SQ":-15.677268665841,"NET_PROFIT_RATIO_SQ":-2.4697071693,"HOLDER_PROFIT_SQ":935000,"HOLDER_PROFIT_QOQ_SQ":100.291092567436,"ROE_AVG_SQ":0.280237557527,"PE_TTM_SQ":-2.638837786181,"PB_TTM_SQ":0.12816718121,"ROA_SQ":0.242522650578,"START_DATE":"2022-01-01 00:00:00","FISCAL_YEAR":"12-31","CURRENCY":"HKD","IS_CNY_CODE":0,"DPS_HKD_LY":null,"ORG_TYPE":"一般企业","PREMIUM_INCOME":null,"PREMIUM_INCOME_YOY":null,"NET_INTEREST_INCOME":null,"NET_INTEREST_INCOME_YOY":null,"FEE_COMMISSION_INCOME":null,"FEE_COMMISSION_INCOME_YOY":null,"ACCOUNTS_RECE_TDAYS":1.69575962539,"INVENTORY_TDAYS":9.350323974082,"CURRENT_ASSETS_TDAYS":0.111992577925,"TOTAL_ASSETS_TDAYS":0.040479343488,"PREMIUM_EXPENSE":null,"LOAN_DEPOSIT":null,"LOAN_EQUITY":null,"LOAN_ASSETS":null,"DEPOSIT_EQUITY":null,"DEPOSIT_ASSETS":null,"EQUITY_MULTIPLIER":1.053110424258,"EQUITY_RATIO":0.053111123546},{"SECUCODE":"01241.HK","SECURITY_CODE":"01241","SECURITY_NAME_ABBR":"双桦控股","ORG_CODE":"10158973","STD_REPORT_DATE":"2021-12-31 00:00:00","REPORT_DATE":"2021-12-31 00:00:00","DATE_TYPE_CODE":"001","REPORT_TYPE":"2021年年报","PER_NETCASH_OPERATE":0.00338,"PER_OI":0.050292307692,"BPS":0.476378461538,"BASIC_EPS":-0.029,"DILUTED_EPS":-0.029,"OPERATE_INCOME":32690000,"OPERATE_INCOME_YOY":-48.7561331181,"GROSS_PROFIT":4966000,"GROSS_PROFIT_YOY":-48.254662915494,"HOLDER_PROFIT":-18581000,"HOLDER_PROFIT_YOY":-260.5860663691,"GROSS_PROFIT_RATIO":15.191189966351,"EPS_TTM":-0.028586153846,"OPERATE_INCOME_QOQ":-39.228881618084,"NET_PROFIT_RATIO":-55.6408687672,"ROE_AVG":-5.779713922669,"GROSS_PROFIT_QOQ":-48.825226710635,"ROA":-5.256175249216,"HOLDER_PROFIT_QOQ":-123973.333333333,"ROE_YEARLY":-5.779713922669,"ROIC_YEARLY":-6.36731392972,"TOTAL_ASSETS":324195000,"TOTAL_LIABILITIES":14545000,"TAX_EBT":1.044556879386,"OCF_SALES":6.720709697155,"TOTAL_PARENT_EQUITY":309646000,"DEBT_ASSET_RATIO":4.4864973241,"OPERATE_PROFIT":-18318000,"PRETAX_PROFIT":-18381000,"NETCASH_OPERATE":2197000,"NETCASH_INVEST":81645000,"NETCASH_FINANCE":-5500000,"END_CASH":97730000,"DIVI_RATIO":null,"DIVIDEND_RATE":null,"CURRENT_RATIO":8.629157345265,"COMMON_ACS":10000000000,"CURRENTDEBT_DEBT":92.196631144723,"ISSUED_COMMON_SHARES":650000000,"HK_COMMON_SHARES":650000000,"PER_SHARES":2000,"TOTAL_MARKET_CAP":85150000,"HKSK_MARKET_CAP":85150000,"PE_TTM":-4.988667933167,"PB_TTM":0.283209619288,"REPORT_DATE_SQ":"2020-12-31 00:00:00","REPORT_TYPE_SQ":"2020年年报","OPERATE_INCOME_SQ":63793000,"DPS_HKD":null,"OPERATE_INCOME_QOQ_SQ":38.445679065932,"NET_PROFIT_RATIO_SQ":-11.1720721709,"HOLDER_PROFIT_SQ":-5153000,"HOLDER_PROFIT_QOQ_SQ":81.344580406922,"ROE_AVG_SQ":-1.545692877154,"PE_TTM_SQ":-2.638837786181,"PB_TTM_SQ":0.12816718121,"ROA_SQ":-1.377665668106,"START_DATE":"2021-01-01 00:00:00","FISCAL_YEAR":"12-31","CURRENCY":"HKD","IS_CNY_CODE":0,"DPS_HKD_LY":null,"ORG_TYPE":"一般企业","PREMIUM_INCOME":null,"PREMIUM_INCOME_YOY":null,"NET_INTEREST_INCOME":null,"NET_INTEREST_INCOME_YOY":null,"FEE_COMMISSION_INCOME":null,"FEE_COMMISSION_INCOME_YOY":null,"ACCOUNTS_RECE_TDAYS":2.180714452487,"INVENTORY_TDAYS":2.385373198537,"CURRENT_ASSETS_TDAYS":0.224373603671,"TOTAL_ASSETS_TDAYS":0.09247315478,"PREMIUM_EXPENSE":null,"LOAN_DEPOSIT":null,"LOAN_EQUITY":null,"LOAN_ASSETS":null,"DEPOSIT_EQUITY":null,"DEPOSIT_ASSETS":null,"EQUITY_MULTIPLIER":1.04697238818,"EQUITY_RATIO":0.046972994968},{"SECUCODE":"01241.HK","SECURITY_CODE":"01241","SECURITY_NAME_ABBR":"双桦控股","ORG_CODE":"10158973","STD_REPORT_DATE":"2021-06-30 00:00:00","REPORT_DATE":"2021-06-30 00:00:00","DATE_TYPE_CODE":"002","REPORT_TYPE":"2021年中报","PER_NETCASH_OPERATE":0.002476923077,"PER_OI":0.036566153846,"BPS":0.513790769231,"BASIC_EPS":0.0014,"DILUTED_EPS":0.0014,"OPERATE_INCOME":23768000,"OPERATE_INCOME_YOY":-29.6159199266,"GROSS_PROFIT":7732000,"GROSS_PROFIT_YOY":1.403278688525,"HOLDER_PROFIT":935000,"HOLDER_PROFIT_YOY":122.0883534137,"GROSS_PROFIT_RATIO":32.531134298216,"EPS_TTM":0.000023076923,"OPERATE_INCOME_QOQ":-15.677268665841,"NET_PROFIT_RATIO":-2.4697071693,"ROE_AVG":0.280237557527,"GROSS_PROFIT_QOQ":1.114931749505,"ROA":0.242522650578,"HOLDER_PROFIT_QOQ":100.291092567436,"ROE_YEARLY":0.560475115055,"ROIC_YEARLY":0.583539808649,"TOTAL_ASSETS":388241000,"TOTAL_LIABILITIES":54090000,"TAX_EBT":5.016181229773,"OCF_SALES":6.773813530798,"TOTAL_PARENT_EQUITY":333964000,"DEBT_ASSET_RATIO":13.9320679681,"OPERATE_PROFIT":201000,"PRETAX_PROFIT":-618000,"NETCASH_OPERATE":1610000,"NETCASH_INVEST":83556000,"NETCASH_FINANCE":-439000,"END_CASH":104314000,"DIVI_RATIO":null,"DIVIDEND_RATE":null,"CURRENT_RATIO":3.447163323782,"COMMON_ACS":10000000000,"CURRENTDEBT_DEBT":96.783139212424,"ISSUED_COMMON_SHARES":650000000,"HK_COMMON_SHARES":650000000,"PER_SHARES":2000,"TOTAL_MARKET_CAP":85150000,"HKSK_MARKET_CAP":85150000,"PE_TTM":-4.988667933167,"PB_TTM":0.283209619288,"REPORT_DATE_SQ":"2020-06-30 00:00:00","REPORT_TYPE_SQ":"2020年中报","OPERATE_INCOME_SQ":33769000,"DPS_HKD":null,"OPERATE_INCOME_QOQ_SQ":61.021805982667,"NET_PROFIT_RATIO_SQ":-15.9554621102,"HOLDER_PROFIT_SQ":-4233000,"HOLDER_PROFIT_QOQ_SQ":11.967364630143,"ROE_AVG_SQ":-1.277161942807,"PE_TTM_SQ":-2.638837786181,"PB_TTM_SQ":0.12816718121,"ROA_SQ":-1.127299939547,"START_DATE":"2021-01-01 00:00:00","FISCAL_YEAR":"12-31","CURRENCY":"HKD","IS_CNY_CODE":0,"DPS_HKD_LY":null,"ORG_TYPE":"一般企业","PREMIUM_INCOME":null,"PREMIUM_INCOME_YOY":null,"NET_INTEREST_INCOME":null,"NET_INTEREST_INCOME_YOY":null,"FEE_COMMISSION_INCOME":null,"FEE_COMMISSION_INCOME_YOY":null,"ACCOUNTS_RECE_TDAYS":1.200858911204,"INVENTORY_TDAYS":1.288032128514,"CURRENT_ASSETS_TDAYS":0.133478972625,"TOTAL_ASSETS_TDAYS":0.061650035924,"PREMIUM_EXPENSE":null,"LOAN_DEPOSIT":null,"LOAN_EQUITY":null,"LOAN_ASSETS":null,"DEPOSIT_EQUITY":null,"DEPOSIT_ASSETS":null,"EQUITY_MULTIPLIER":1.161872925713,"EQUITY_RATIO":0.161963564935},{"SECUCODE":"01241.HK","SECURITY_CODE":"01241","SECURITY_NAME_ABBR":"双桦控股","ORG_CODE":"10158973","STD_REPORT_DATE":"2020-12-31 00:00:00","REPORT_DATE":"2020-12-31 00:00:00","DATE_TYPE_CODE":"001","REPORT_TYPE":"2020年年报","PER_NETCASH_OPERATE":-0.001012307692,"PER_OI":0.098143076923,"BPS":0.512810769231,"BASIC_EPS":-0.008,"DILUTED_EPS":-0.008,"OPERATE_INCOME":63793000,"OPERATE_INCOME_YOY":122.9277327369,"GROSS_PROFIT":9597000,"GROSS_PROFIT_YOY":267.253398396654,"HOLDER_PROFIT":-5153000,"HOLDER_PROFIT_YOY":83.5771424929,"GROSS_PROFIT_RATIO":15.043970341574,"EPS_TTM":-0.007927692308,"OPERATE_INCOME_QOQ":38.445679065932,"NET_PROFIT_RATIO":-11.1720721709,"ROE_AVG":-1.545692877154,"GROSS_PROFIT_QOQ":134.244569196973,"ROA":-1.377665668106,"HOLDER_PROFIT_QOQ":81.344580406922,"ROE_YEARLY":-1.545692877154,"ROIC_YEARLY":-1.473116973149,"TOTAL_ASSETS":382821000,"TOTAL_LIABILITIES":43436000,"TAX_EBT":11.001498501499,"OCF_SALES":-1.031461132099,"TOTAL_PARENT_EQUITY":333327000,"DEBT_ASSET_RATIO":11.3462950047,"OPERATE_PROFIT":-18278000,"PRETAX_PROFIT":-8008000,"NETCASH_OPERATE":-658000,"NETCASH_INVEST":3383000,"NETCASH_FINANCE":-1062000,"END_CASH":19587000,"DIVI_RATIO":null,"DIVIDEND_RATE":null,"CURRENT_RATIO":4.260677645461,"COMMON_ACS":10000000000,"CURRENTDEBT_DEBT":94.923565705866,"ISSUED_COMMON_SHARES":650000000,"HK_COMMON_SHARES":650000000,"PER_SHARES":2000,"TOTAL_MARKET_CAP":85150000,"HKSK_MARKET_CAP":85150000,"PE_TTM":-4.988667933167,"PB_TTM":0.283209619288,"REPORT_DATE_SQ":"2019-12-31 00:00:00","REPORT_TYPE_SQ":"2019年年报","OPERATE_INCOME_SQ":28616000,"DPS_HKD":null,"OPERATE_INCOME_QOQ_SQ":-27.759264869232,"NET_PROFIT_RATIO_SQ":-110.2460162147,"HOLDER_PROFIT_SQ":-31377000,"HOLDER_PROFIT_QOQ_SQ":-33.912338355171,"ROE_AVG_SQ":-8.987570016227,"PE_TTM_SQ":-2.638837786181,"PB_TTM_SQ":0.12816718121,"ROA_SQ":-8.103239668867,"START_DATE":"2020-01-01 00:00:00","FISCAL_YEAR":"12-31","CURRENCY":"HKD","IS_CNY_CODE":0,"DPS_HKD_LY":null,"ORG_TYPE":"一般企业","PREMIUM_INCOME":null,"PREMIUM_INCOME_YOY":null,"NET_INTEREST_INCOME":null,"NET_INTEREST_INCOME_YOY":null,"FEE_COMMISSION_INCOME":null,"FEE_COMMISSION_INCOME_YOY":null,"ACCOUNTS_RECE_TDAYS":3.139728319717,"INVENTORY_TDAYS":2.607959193494,"CURRENT_ASSETS_TDAYS":0.3436937665,"TOTAL_ASSETS_TDAYS":0.170551961897,"PREMIUM_EXPENSE":null,"LOAN_DEPOSIT":null,"LOAN_EQUITY":null,"LOAN_ASSETS":null,"DEPOSIT_EQUITY":null,"DEPOSIT_ASSETS":null,"EQUITY_MULTIPLIER":1.127984442447,"EQUITY_RATIO":0.130310475899},{"SECUCODE":"01241.HK","SECURITY_CODE":"01241","SECURITY_NAME_ABBR":"双桦控股","ORG_CODE":"10158973","STD_REPORT_DATE":"2020-06-30 00:00:00","REPORT_DATE":"2020-06-30 00:00:00","DATE_TYPE_CODE":"002","REPORT_TYPE":"2020年中报","PER_NETCASH_OPERATE":-0.013410769231,"PER_OI":0.051952307692,"BPS":0.506841538462,"BASIC_EPS":-0.007,"DILUTED_EPS":-0.007,"OPERATE_INCOME":33769000,"OPERATE_INCOME_YOY":107.0828478567,"GROSS_PROFIT":7625000,"GROSS_PROFIT_YOY":445.022624434389,"HOLDER_PROFIT":-4233000,"HOLDER_PROFIT_YOY":47.008012018,"GROSS_PROFIT_RATIO":22.579880955906,"EPS_TTM":-0.042495384615,"OPERATE_INCOME_QOQ":61.021805982667,"NET_PROFIT_RATIO":-15.9554621102,"ROE_AVG":-1.277161942807,"GROSS_PROFIT_QOQ":171.40118508191,"ROA":-1.127299939547,"HOLDER_PROFIT_QOQ":11.967364630143,"ROE_YEARLY":-2.554323885614,"ROIC_YEARLY":-2.427338958704,"TOTAL_ASSETS":385742000,"TOTAL_LIABILITIES":52618000,"TAX_EBT":15.069356872636,"OCF_SALES":-25.813616038378,"TOTAL_PARENT_EQUITY":329447000,"DEBT_ASSET_RATIO":13.6407235925,"OPERATE_PROFIT":-11109000,"PRETAX_PROFIT":-6344000,"NETCASH_OPERATE":-8717000,"NETCASH_INVEST":18194000,"NETCASH_FINANCE":-532000,"END_CASH":26940000,"DIVI_RATIO":null,"DIVIDEND_RATE":null,"CURRENT_RATIO":4.26758945606,"COMMON_ACS":10000000000,"CURRENTDEBT_DEBT":97.620586111217,"ISSUED_COMMON_SHARES":650000000,"HK_COMMON_SHARES":650000000,"PER_SHARES":2000,"TOTAL_MARKET_CAP":85150000,"HKSK_MARKET_CAP":85150000,"PE_TTM":-4.988667933167,"PB_TTM":0.283209619288,"REPORT_DATE_SQ":"2019-06-30 00:00:00","REPORT_TYPE_SQ":"2019年中报","OPERATE_INCOME_SQ":16307000,"DPS_HKD":null,"OPERATE_INCOME_QOQ_SQ":-28.194902657434,"NET_PROFIT_RATIO_SQ":-48.985098424,"HOLDER_PROFIT_SQ":-7988000,"HOLDER_PROFIT_QOQ_SQ":-76.904492261231,"ROE_AVG_SQ":-2.213919868739,"PE_TTM_SQ":-2.638837786181,"PB_TTM_SQ":0.12816718121,"ROA_SQ":-1.992352837008,"START_DATE":"2020-01-01 00:00:00","FISCAL_YEAR":"12-31","CURRENCY":"HKD","IS_CNY_CODE":0,"DPS_HKD_LY":null,"ORG_TYPE":"一般企业","PREMIUM_INCOME":null,"PREMIUM_INCOME_YOY":null,"NET_INTEREST_INCOME":null,"NET_INTEREST_INCOME_YOY":null,"FEE_COMMISSION_INCOME":null,"FEE_COMMISSION_INCOME_YOY":null,"ACCOUNTS_RECE_TDAYS":1.09261805769,"INVENTORY_TDAYS":1.243324218286,"CURRENT_ASSETS_TDAYS":0.162837516907,"TOTAL_ASSETS_TDAYS":0.089930998485,"PREMIUM_EXPENSE":null,"LOAN_DEPOSIT":null,"LOAN_EQUITY":null,"LOAN_ASSETS":null,"DEPOSIT_EQUITY":null,"DEPOSIT_ASSETS":null,"EQUITY_MULTIPLIER":1.157953194607,"EQUITY_RATIO":0.159716130364}],"count":31},"success":true,"message":"ok","code":0}