{"version":"c2a1653e8dd3e3c6e9615a87ed7929ef","result":{"pages":3,"data":[{"SECUCODE":"01243.HK","SECURITY_CODE":"01243","SECURITY_NAME_ABBR":"宏安地产","ORG_CODE":"10506876","STD_REPORT_DATE":"2024-06-30 00:00:00","REPORT_DATE":"2024-09-30 00:00:00","DATE_TYPE_CODE":"002","REPORT_TYPE":"2024年中报","PER_NETCASH_OPERATE":0.028886647503,"PER_OI":0.026203347627,"BPS":0.269822687395,"BASIC_EPS":0.005771456,"DILUTED_EPS":0.005771456,"OPERATE_INCOME":398290883.93,"OPERATE_INCOME_YOY":54.0761542621,"GROSS_PROFIT":83638317.13,"GROSS_PROFIT_YOY":14.332682301047,"HOLDER_PROFIT":87385254.58,"HOLDER_PROFIT_YOY":-63.8016115235,"GROSS_PROFIT_RATIO":20.999304906185,"EPS_TTM":-0.043733641961,"OPERATE_INCOME_QOQ":0,"NET_PROFIT_RATIO":21.4716064365,"ROE_AVG":2.153711842415,"GROSS_PROFIT_QOQ":0,"ROA":1.025218587115,"HOLDER_PROFIT_QOQ":0,"ROE_YEARLY":4.307423684829,"ROIC_YEARLY":2.203124325037,"TOTAL_ASSETS":8128496085.65,"TOTAL_LIABILITIES":4032210600.39,"TAX_EBT":0.053749841912,"OCF_SALES":110.240294158269,"TOTAL_PARENT_EQUITY":4101304848.4,"DEBT_ASSET_RATIO":49.6058626086,"OPERATE_PROFIT":-45659431.28,"PRETAX_PROFIT":85565442.36,"NETCASH_OPERATE":439077042.05,"NETCASH_INVEST":293626431.16,"NETCASH_FINANCE":-846604059.16,"END_CASH":537860922.23,"DIVI_RATIO":null,"DIVIDEND_RATE":null,"CURRENT_RATIO":1.379789569658,"COMMON_ACS":50000000000,"CURRENTDEBT_DEBT":70.644690261825,"ISSUED_COMMON_SHARES":15200000000,"HK_COMMON_SHARES":15200000000,"PER_SHARES":4000,"TOTAL_MARKET_CAP":532000000,"HKSK_MARKET_CAP":532000000,"PE_TTM":-0.588449358513,"PB_TTM":0.116975523092,"REPORT_DATE_SQ":"2023-06-30 00:00:00","REPORT_TYPE_SQ":"2023年中报","OPERATE_INCOME_SQ":263043227.65,"DPS_HKD":null,"OPERATE_INCOME_QOQ_SQ":0,"NET_PROFIT_RATIO_SQ":93.2413528458,"HOLDER_PROFIT_SQ":245646798.11,"HOLDER_PROFIT_QOQ_SQ":0,"ROE_AVG_SQ":5.018124122826,"PE_TTM_SQ":1.589741594022,"PB_TTM_SQ":0.121094938358,"ROA_SQ":2.662770642411,"START_DATE":"2024-04-01 00:00:00","FISCAL_YEAR":"3-31","CURRENCY":"HKD","IS_CNY_CODE":0,"DPS_HKD_LY":null,"ORG_TYPE":"一般企业","PREMIUM_INCOME":null,"PREMIUM_INCOME_YOY":null,"NET_INTEREST_INCOME":null,"NET_INTEREST_INCOME_YOY":null,"FEE_COMMISSION_INCOME":null,"FEE_COMMISSION_INCOME_YOY":null,"ACCOUNTS_RECE_TDAYS":240.953082378614,"INVENTORY_TDAYS":0.098699219419,"CURRENT_ASSETS_TDAYS":0.089021724879,"TOTAL_ASSETS_TDAYS":0.046728160174,"PREMIUM_EXPENSE":null,"LOAN_DEPOSIT":null,"LOAN_EQUITY":null,"LOAN_ASSETS":null,"DEPOSIT_EQUITY":null,"DEPOSIT_ASSETS":null,"EQUITY_MULTIPLIER":1.984357807801,"EQUITY_RATIO":0.983153106008},{"SECUCODE":"01243.HK","SECURITY_CODE":"01243","SECURITY_NAME_ABBR":"宏安地产","ORG_CODE":"10506876","STD_REPORT_DATE":"2023-12-31 00:00:00","REPORT_DATE":"2024-03-31 00:00:00","DATE_TYPE_CODE":"001","REPORT_TYPE":"2023年年报","PER_NETCASH_OPERATE":-0.043188698056,"PER_OI":0.017766829322,"BPS":0.265442849882,"BASIC_EPS":-0.04369571,"DILUTED_EPS":-0.04369571,"OPERATE_INCOME":270055805.7,"OPERATE_INCOME_YOY":-85.0442806651,"GROSS_PROFIT":66707575.2,"GROSS_PROFIT_YOY":-76.881096899175,"HOLDER_PROFIT":-664751357.8,"HOLDER_PROFIT_YOY":-447.4155003648,"GROSS_PROFIT_RATIO":24.701403855063,"EPS_TTM":0.024292863243,"OPERATE_INCOME_QOQ":0,"NET_PROFIT_RATIO":-249.1063935494,"ROE_AVG":-15.084209383002,"GROSS_PROFIT_QOQ":0,"ROA":-7.468703473448,"HOLDER_PROFIT_QOQ":0,"ROE_YEARLY":-15.084209383002,"ROIC_YEARLY":-8.130946566079,"TOTAL_ASSETS":8965726013.55,"TOTAL_LIABILITIES":4934164900.7,"TAX_EBT":-0.851856130361,"OCF_SALES":-243.086131308452,"TOTAL_PARENT_EQUITY":4034731318.2,"DEBT_ASSET_RATIO":55.0336346799,"OPERATE_PROFIT":-740948698.4,"PRETAX_PROFIT":-667044022.75,"NETCASH_OPERATE":-656468210.45,"NETCASH_INVEST":371815136.65,"NETCASH_FINANCE":388459394.65,"END_CASH":657789960.35,"DIVI_RATIO":null,"DIVIDEND_RATE":null,"CURRENT_RATIO":1.435706366238,"COMMON_ACS":50000000000,"CURRENTDEBT_DEBT":71.206387748645,"ISSUED_COMMON_SHARES":15200000000,"HK_COMMON_SHARES":15200000000,"PER_SHARES":4000,"TOTAL_MARKET_CAP":547200000,"HKSK_MARKET_CAP":547200000,"PE_TTM":-0.605262197327,"PB_TTM":0.120317680894,"REPORT_DATE_SQ":"2022-12-31 00:00:00","REPORT_TYPE_SQ":"2022年年报","OPERATE_INCOME_SQ":1743676654.4,"DPS_HKD":null,"OPERATE_INCOME_QOQ_SQ":0,"NET_PROFIT_RATIO_SQ":10.585890433,"HOLDER_PROFIT_SQ":184769287.06,"HOLDER_PROFIT_QOQ_SQ":0,"ROE_AVG_SQ":4.04164774133,"PE_TTM_SQ":1.626712328767,"PB_TTM_SQ":0.123911099715,"ROA_SQ":2.074188506398,"START_DATE":"2023-04-01 00:00:00","FISCAL_YEAR":"3-31","CURRENCY":"HKD","IS_CNY_CODE":0,"DPS_HKD_LY":0.0069,"ORG_TYPE":"一般企业","PREMIUM_INCOME":null,"PREMIUM_INCOME_YOY":null,"NET_INTEREST_INCOME":null,"NET_INTEREST_INCOME_YOY":null,"FEE_COMMISSION_INCOME":null,"FEE_COMMISSION_INCOME_YOY":null,"ACCOUNTS_RECE_TDAYS":56.531739254199,"INVENTORY_TDAYS":0.073249235987,"CURRENT_ASSETS_TDAYS":0.06475199205,"TOTAL_ASSETS_TDAYS":0.03034167152,"PREMIUM_EXPENSE":null,"LOAN_DEPOSIT":null,"LOAN_EQUITY":null,"LOAN_ASSETS":null,"DEPOSIT_EQUITY":null,"DEPOSIT_ASSETS":null,"EQUITY_MULTIPLIER":2.22388443647,"EQUITY_RATIO":1.222922794993},{"SECUCODE":"01243.HK","SECURITY_CODE":"01243","SECURITY_NAME_ABBR":"宏安地产","ORG_CODE":"10506876","STD_REPORT_DATE":"2023-06-30 00:00:00","REPORT_DATE":"2023-09-30 00:00:00","DATE_TYPE_CODE":"002","REPORT_TYPE":"2023年中报","PER_NETCASH_OPERATE":-0.029360115184,"PER_OI":0.017305475503,"BPS":0.32584425522,"BASIC_EPS":0.016150288,"DILUTED_EPS":0.016150288,"OPERATE_INCOME":263043227.65,"OPERATE_INCOME_YOY":-77.2637862413,"GROSS_PROFIT":73153463.6,"GROSS_PROFIT_YOY":-57.163494087361,"HOLDER_PROFIT":245646798.11,"HOLDER_PROFIT_YOY":295.8433761663,"GROSS_PROFIT_RATIO":27.810434145576,"EPS_TTM":0.012155874149,"OPERATE_INCOME_QOQ":0,"NET_PROFIT_RATIO":93.2413528458,"ROE_AVG":5.018124122826,"GROSS_PROFIT_QOQ":0,"ROA":2.662770642411,"HOLDER_PROFIT_QOQ":0,"ROE_YEARLY":10.036248245652,"ROIC_YEARLY":5.722687981157,"TOTAL_ASSETS":9507222154.01,"TOTAL_LIABILITIES":4549907769.75,"TAX_EBT":2.689782975145,"OCF_SALES":-169.657951195688,"TOTAL_PARENT_EQUITY":4952832679.34,"DEBT_ASSET_RATIO":47.8573835348,"OPERATE_PROFIT":-18933459.79,"PRETAX_PROFIT":252044514.47,"NETCASH_OPERATE":-446273750.79,"NETCASH_INVEST":148737729.07,"NETCASH_FINANCE":193983311.48,"END_CASH":457201806.46,"DIVI_RATIO":null,"DIVIDEND_RATE":null,"CURRENT_RATIO":1.313814901415,"COMMON_ACS":50000000000,"CURRENTDEBT_DEBT":58.35958715897,"ISSUED_COMMON_SHARES":15200000000,"HK_COMMON_SHARES":15200000000,"PER_SHARES":4000,"TOTAL_MARKET_CAP":547200000,"HKSK_MARKET_CAP":547200000,"PE_TTM":-0.605262197327,"PB_TTM":0.120317680894,"REPORT_DATE_SQ":"2022-06-30 00:00:00","REPORT_TYPE_SQ":"2022年中报","OPERATE_INCOME_SQ":1140305289.84,"DPS_HKD":null,"OPERATE_INCOME_QOQ_SQ":0,"NET_PROFIT_RATIO_SQ":5.3587206711,"HOLDER_PROFIT_SQ":61164563.88,"HOLDER_PROFIT_QOQ_SQ":0,"ROE_AVG_SQ":1.317757911697,"PE_TTM_SQ":1.626712328767,"PB_TTM_SQ":0.123911099715,"ROA_SQ":0.652666385437,"START_DATE":"2023-04-01 00:00:00","FISCAL_YEAR":"3-31","CURRENCY":"HKD","IS_CNY_CODE":0,"DPS_HKD_LY":0.0069,"ORG_TYPE":"一般企业","PREMIUM_INCOME":null,"PREMIUM_INCOME_YOY":null,"NET_INTEREST_INCOME":null,"NET_INTEREST_INCOME_YOY":null,"FEE_COMMISSION_INCOME":null,"FEE_COMMISSION_INCOME_YOY":null,"ACCOUNTS_RECE_TDAYS":34.476516928258,"INVENTORY_TDAYS":0.076666146136,"CURRENT_ASSETS_TDAYS":0.077072723359,"TOTAL_ASSETS_TDAYS":0.028513450599,"PREMIUM_EXPENSE":null,"LOAN_DEPOSIT":null,"LOAN_EQUITY":null,"LOAN_ASSETS":null,"DEPOSIT_EQUITY":null,"DEPOSIT_ASSETS":null,"EQUITY_MULTIPLIER":1.917817071315,"EQUITY_RATIO":0.918647582974},{"SECUCODE":"01243.HK","SECURITY_CODE":"01243","SECURITY_NAME_ABBR":"宏安地产","ORG_CODE":"10506876","STD_REPORT_DATE":"2022-12-31 00:00:00","REPORT_DATE":"2023-03-31 00:00:00","DATE_TYPE_CODE":"001","REPORT_TYPE":"2022年年报","PER_NETCASH_OPERATE":0.020031281361,"PER_OI":0.114715569368,"BPS":0.303616837703,"BASIC_EPS":0.012168199,"DILUTED_EPS":0.012168199,"OPERATE_INCOME":1743676654.4,"OPERATE_INCOME_YOY":5026.0776694032,"GROSS_PROFIT":288541263.87,"GROSS_PROFIT_YOY":2189.74227988251,"HOLDER_PROFIT":184769287.06,"HOLDER_PROFIT_YOY":-25.9622771232,"GROSS_PROFIT_RATIO":16.547865290385,"EPS_TTM":0.011089557353,"OPERATE_INCOME_QOQ":0,"NET_PROFIT_RATIO":10.585890433,"ROE_AVG":4.04164774133,"GROSS_PROFIT_QOQ":0,"ROA":2.074188506398,"HOLDER_PROFIT_QOQ":0,"ROE_YEARLY":4.04164774133,"ROIC_YEARLY":2.265988041901,"TOTAL_ASSETS":8531766869.84,"TOTAL_LIABILITIES":3907248967.76,"TAX_EBT":3.227375783667,"OCF_SALES":17.461693710338,"TOTAL_PARENT_EQUITY":4614975933.08,"DEBT_ASSET_RATIO":45.7964806982,"OPERATE_PROFIT":24398552.11,"PRETAX_PROFIT":190739583.26,"NETCASH_OPERATE":304475476.69,"NETCASH_INVEST":286303715.91,"NETCASH_FINANCE":-785504517.59,"END_CASH":534954296.9,"DIVI_RATIO":null,"DIVIDEND_RATE":null,"CURRENT_RATIO":1.50360062611,"COMMON_ACS":50000000000,"CURRENTDEBT_DEBT":54.191438869939,"ISSUED_COMMON_SHARES":15200000000,"HK_COMMON_SHARES":15200000000,"PER_SHARES":4000,"TOTAL_MARKET_CAP":547200000,"HKSK_MARKET_CAP":547200000,"PE_TTM":-0.605262197327,"PB_TTM":0.120317680894,"REPORT_DATE_SQ":"2021-12-31 00:00:00","REPORT_TYPE_SQ":"2021年年报","OPERATE_INCOME_SQ":31513415.57,"DPS_HKD":null,"OPERATE_INCOME_QOQ_SQ":0,"NET_PROFIT_RATIO_SQ":733.232107471,"HOLDER_PROFIT_SQ":231201919.79,"HOLDER_PROFIT_QOQ_SQ":0,"ROE_AVG_SQ":5.592097358702,"PE_TTM_SQ":1.626712328767,"PB_TTM_SQ":0.123911099715,"ROA_SQ":2.739995672007,"START_DATE":"2022-04-01 00:00:00","FISCAL_YEAR":"3-31","CURRENCY":"HKD","IS_CNY_CODE":0,"DPS_HKD_LY":0.0075,"ORG_TYPE":"一般企业","PREMIUM_INCOME":null,"PREMIUM_INCOME_YOY":null,"NET_INTEREST_INCOME":null,"NET_INTEREST_INCOME_YOY":null,"FEE_COMMISSION_INCOME":null,"FEE_COMMISSION_INCOME_YOY":null,"ACCOUNTS_RECE_TDAYS":217.8183607633,"INVENTORY_TDAYS":0.529291139055,"CURRENT_ASSETS_TDAYS":0.428254281785,"TOTAL_ASSETS_TDAYS":0.195742167596,"PREMIUM_EXPENSE":null,"LOAN_DEPOSIT":null,"LOAN_EQUITY":null,"LOAN_ASSETS":null,"DEPOSIT_EQUITY":null,"DEPOSIT_ASSETS":null,"EQUITY_MULTIPLIER":1.844898657654,"EQUITY_RATIO":0.846645578312},{"SECUCODE":"01243.HK","SECURITY_CODE":"01243","SECURITY_NAME_ABBR":"宏安地产","ORG_CODE":"10506876","STD_REPORT_DATE":"2022-06-30 00:00:00","REPORT_DATE":"2022-09-30 00:00:00","DATE_TYPE_CODE":"002","REPORT_TYPE":"2022年中报","PER_NETCASH_OPERATE":0.003362672218,"PER_OI":0.075020084858,"BPS":0.302938905355,"BASIC_EPS":0.003979536,"DILUTED_EPS":0.003979536,"OPERATE_INCOME":1140305289.84,"OPERATE_INCOME_YOY":12086.2168954185,"GROSS_PROFIT":170773647.48,"GROSS_PROFIT_YOY":7495.22422575384,"HOLDER_PROFIT":61164563.88,"HOLDER_PROFIT_YOY":-54.495172089,"GROSS_PROFIT_RATIO":14.976133935497,"EPS_TTM":0.015210652618,"OPERATE_INCOME_QOQ":0,"NET_PROFIT_RATIO":5.3587206711,"ROE_AVG":1.317757911697,"GROSS_PROFIT_QOQ":0,"ROA":0.652666385437,"HOLDER_PROFIT_QOQ":0,"ROE_YEARLY":2.635515823393,"ROIC_YEARLY":1.429723856872,"TOTAL_ASSETS":9150809174.88,"TOTAL_LIABILITIES":4536146464.8,"TAX_EBT":17.539941171445,"OCF_SALES":4.482362589686,"TOTAL_PARENT_EQUITY":4604671361.4,"DEBT_ASSET_RATIO":49.5709874188,"OPERATE_PROFIT":21746355.36,"PRETAX_PROFIT":74103482.52,"NETCASH_OPERATE":51112617.72,"NETCASH_INVEST":134852908.44,"NETCASH_FINANCE":-77200285.08,"END_CASH":860770923.48,"DIVI_RATIO":null,"DIVIDEND_RATE":null,"CURRENT_RATIO":2.771442385098,"COMMON_ACS":50000000000,"CURRENTDEBT_DEBT":34.352676346149,"ISSUED_COMMON_SHARES":15200000000,"HK_COMMON_SHARES":15200000000,"PER_SHARES":4000,"TOTAL_MARKET_CAP":547200000,"HKSK_MARKET_CAP":547200000,"PE_TTM":-0.605262197327,"PB_TTM":0.120317680894,"REPORT_DATE_SQ":"2021-06-30 00:00:00","REPORT_TYPE_SQ":"2021年中报","OPERATE_INCOME_SQ":8618838.76,"DPS_HKD":null,"OPERATE_INCOME_QOQ_SQ":0,"NET_PROFIT_RATIO_SQ":2492.2199865862,"HOLDER_PROFIT_SQ":123805211.9,"HOLDER_PROFIT_QOQ_SQ":0,"ROE_AVG_SQ":2.956233462379,"PE_TTM_SQ":1.626712328767,"PB_TTM_SQ":0.123911099715,"ROA_SQ":1.434749108851,"START_DATE":"2022-04-01 00:00:00","FISCAL_YEAR":"3-31","CURRENCY":"HKD","IS_CNY_CODE":0,"DPS_HKD_LY":0.0075,"ORG_TYPE":"一般企业","PREMIUM_INCOME":null,"PREMIUM_INCOME_YOY":null,"NET_INTEREST_INCOME":null,"NET_INTEREST_INCOME_YOY":null,"FEE_COMMISSION_INCOME":null,"FEE_COMMISSION_INCOME_YOY":null,"ACCOUNTS_RECE_TDAYS":215.445317840055,"INVENTORY_TDAYS":0.31776878362,"CURRENT_ASSETS_TDAYS":0.241522644005,"TOTAL_ASSETS_TDAYS":0.121678122855,"PREMIUM_EXPENSE":null,"LOAN_DEPOSIT":null,"LOAN_EQUITY":null,"LOAN_ASSETS":null,"DEPOSIT_EQUITY":null,"DEPOSIT_ASSETS":null,"EQUITY_MULTIPLIER":1.982985485567,"EQUITY_RATIO":0.985118395816},{"SECUCODE":"01243.HK","SECURITY_CODE":"01243","SECURITY_NAME_ABBR":"宏安地产","ORG_CODE":"10506876","STD_REPORT_DATE":"2021-12-31 00:00:00","REPORT_DATE":"2022-03-31 00:00:00","DATE_TYPE_CODE":"001","REPORT_TYPE":"2021年年报","PER_NETCASH_OPERATE":-0.161929084464,"PER_OI":0.002073251024,"BPS":0.275997587608,"BASIC_EPS":0.015246988,"DILUTED_EPS":0.015246988,"OPERATE_INCOME":31513415.57,"OPERATE_INCOME_YOY":-88.5551111294,"GROSS_PROFIT":12601473.38,"GROSS_PROFIT_YOY":-91.602235943407,"HOLDER_PROFIT":231201919.79,"HOLDER_PROFIT_YOY":-38.9218952533,"GROSS_PROFIT_RATIO":39.987647013408,"EPS_TTM":0.029943910966,"OPERATE_INCOME_QOQ":0,"NET_PROFIT_RATIO":733.232107471,"ROE_AVG":5.592097358702,"GROSS_PROFIT_QOQ":0,"ROA":2.739995672007,"HOLDER_PROFIT_QOQ":0,"ROE_YEARLY":5.592097358702,"ROIC_YEARLY":2.980693854389,"TOTAL_ASSETS":8601284962.46,"TOTAL_LIABILITIES":4397109687.7,"TAX_EBT":-2.578208539303,"OCF_SALES":-7810.39452350928,"TOTAL_PARENT_EQUITY":4195163331.64,"DEBT_ASSET_RATIO":51.1215441285,"OPERATE_PROFIT":-66234375.69,"PRETAX_PROFIT":225258838.51,"NETCASH_OPERATE":-2461322083.85,"NETCASH_INVEST":2773503352.14,"NETCASH_FINANCE":-306483112.03,"END_CASH":676000354.29,"DIVI_RATIO":null,"DIVIDEND_RATE":null,"CURRENT_RATIO":2.041034995086,"COMMON_ACS":50000000000,"CURRENTDEBT_DEBT":51.195532086385,"ISSUED_COMMON_SHARES":15200000000,"HK_COMMON_SHARES":15200000000,"PER_SHARES":4000,"TOTAL_MARKET_CAP":547200000,"HKSK_MARKET_CAP":547200000,"PE_TTM":-0.605262197327,"PB_TTM":0.120317680894,"REPORT_DATE_SQ":"2020-12-31 00:00:00","REPORT_TYPE_SQ":"2020年年报","OPERATE_INCOME_SQ":286950442.52,"DPS_HKD":null,"OPERATE_INCOME_QOQ_SQ":0,"NET_PROFIT_RATIO_SQ":148.7192111967,"HOLDER_PROFIT_SQ":394483539.1,"HOLDER_PROFIT_QOQ_SQ":0,"ROE_AVG_SQ":9.627298380967,"PE_TTM_SQ":1.626712328767,"PB_TTM_SQ":0.123911099715,"ROA_SQ":4.928283858676,"START_DATE":"2021-04-01 00:00:00","FISCAL_YEAR":"3-31","CURRENCY":"HKD","IS_CNY_CODE":0,"DPS_HKD_LY":0.0074,"ORG_TYPE":"一般企业","PREMIUM_INCOME":null,"PREMIUM_INCOME_YOY":null,"NET_INTEREST_INCOME":null,"NET_INTEREST_INCOME_YOY":null,"FEE_COMMISSION_INCOME":null,"FEE_COMMISSION_INCOME_YOY":null,"ACCOUNTS_RECE_TDAYS":3.852567915923,"INVENTORY_TDAYS":0.006038544762,"CURRENT_ASSETS_TDAYS":0.007109614346,"TOTAL_ASSETS_TDAYS":0.003734684485,"PREMIUM_EXPENSE":null,"LOAN_DEPOSIT":null,"LOAN_EQUITY":null,"LOAN_ASSETS":null,"DEPOSIT_EQUITY":null,"DEPOSIT_ASSETS":null,"EQUITY_MULTIPLIER":2.045891144002,"EQUITY_RATIO":1.048137900743},{"SECUCODE":"01243.HK","SECURITY_CODE":"01243","SECURITY_NAME_ABBR":"宏安地产","ORG_CODE":"10506876","STD_REPORT_DATE":"2021-06-30 00:00:00","REPORT_DATE":"2021-09-30 00:00:00","DATE_TYPE_CODE":"002","REPORT_TYPE":"2021年中报","PER_NETCASH_OPERATE":-0.062653017629,"PER_OI":0.000567028866,"BPS":0.275750039662,"BASIC_EPS":0.008163988,"DILUTED_EPS":0.008163988,"OPERATE_INCOME":8618838.76,"OPERATE_INCOME_YOY":-97.6171831301,"GROSS_PROFIT":-2309242.32,"GROSS_PROFIT_YOY":-102.243819577732,"HOLDER_PROFIT":123805211.9,"HOLDER_PROFIT_YOY":106.8233689601,"GROSS_PROFIT_RATIO":97.887323943662,"EPS_TTM":0.025952864414,"OPERATE_INCOME_QOQ":0,"NET_PROFIT_RATIO":2492.2199865862,"ROE_AVG":2.956233462379,"GROSS_PROFIT_QOQ":0,"ROA":1.434749108851,"HOLDER_PROFIT_QOQ":0,"ROE_YEARLY":5.912466924757,"ROIC_YEARLY":3.101550770168,"TOTAL_ASSETS":8758327159.46,"TOTAL_LIABILITIES":4557512978.6,"TAX_EBT":-2.250197778007,"OCF_SALES":-19167.7733065057,"TOTAL_PARENT_EQUITY":4191400602.86,"DEBT_ASSET_RATIO":52.0363409087,"OPERATE_PROFIT":-25289202.42,"PRETAX_PROFIT":121097766.9,"NETCASH_OPERATE":-952325867.96,"NETCASH_INVEST":681176500.8,"NETCASH_FINANCE":167563354.52,"END_CASH":584940576.54,"DIVI_RATIO":null,"DIVIDEND_RATE":null,"CURRENT_RATIO":2.831271397925,"COMMON_ACS":50000000000,"CURRENTDEBT_DEBT":37.260606747447,"ISSUED_COMMON_SHARES":15200000000,"HK_COMMON_SHARES":15200000000,"PER_SHARES":4000,"TOTAL_MARKET_CAP":547200000,"HKSK_MARKET_CAP":547200000,"PE_TTM":-0.605262197327,"PB_TTM":0.120317680894,"REPORT_DATE_SQ":"2020-06-30 00:00:00","REPORT_TYPE_SQ":"2020年中报","OPERATE_INCOME_SQ":219936586.24,"DPS_HKD":null,"OPERATE_INCOME_QOQ_SQ":0,"NET_PROFIT_RATIO_SQ":29.2094833235,"HOLDER_PROFIT_SQ":63141304.32,"HOLDER_PROFIT_QOQ_SQ":0,"ROE_AVG_SQ":1.543926852555,"PE_TTM_SQ":1.626712328767,"PB_TTM_SQ":0.123911099715,"ROA_SQ":0.79637389209,"START_DATE":"2021-04-01 00:00:00","FISCAL_YEAR":"3-31","CURRENCY":"HKD","IS_CNY_CODE":0,"DPS_HKD_LY":0.0074,"ORG_TYPE":"一般企业","PREMIUM_INCOME":null,"PREMIUM_INCOME_YOY":null,"NET_INTEREST_INCOME":null,"NET_INTEREST_INCOME_YOY":null,"FEE_COMMISSION_INCOME":null,"FEE_COMMISSION_INCOME_YOY":null,"ACCOUNTS_RECE_TDAYS":null,"INVENTORY_TDAYS":0.00003152733,"CURRENT_ASSETS_TDAYS":0.001080733551,"TOTAL_ASSETS_TDAYS":0.000575772546,"PREMIUM_EXPENSE":null,"LOAN_DEPOSIT":null,"LOAN_EQUITY":null,"LOAN_ASSETS":null,"DEPOSIT_EQUITY":null,"DEPOSIT_ASSETS":null,"EQUITY_MULTIPLIER":2.084911824797,"EQUITY_RATIO":1.087348457098},{"SECUCODE":"01243.HK","SECURITY_CODE":"01243","SECURITY_NAME_ABBR":"宏安地产","ORG_CODE":"10506876","STD_REPORT_DATE":"2020-12-31 00:00:00","REPORT_DATE":"2021-03-31 00:00:00","DATE_TYPE_CODE":"001","REPORT_TYPE":"2020年年报","PER_NETCASH_OPERATE":-0.07780699278,"PER_OI":0.018878318587,"BPS":0.279299572899,"BASIC_EPS":0.025947026,"DILUTED_EPS":0.025947026,"OPERATE_INCOME":286950442.52,"OPERATE_INCOME_YOY":-86.7287497523,"GROSS_PROFIT":150057483.1,"GROSS_PROFIT_YOY":-84.779484270974,"HOLDER_PROFIT":394483539.1,"HOLDER_PROFIT_YOY":2.0609201434,"GROSS_PROFIT_RATIO":53.027261233903,"EPS_TTM":-0.00273466217,"OPERATE_INCOME_QOQ":0,"NET_PROFIT_RATIO":148.7192111967,"ROE_AVG":9.627298380967,"GROSS_PROFIT_QOQ":0,"ROA":4.928283858676,"HOLDER_PROFIT_QOQ":0,"ROE_YEARLY":9.627298380967,"ROIC_YEARLY":5.424922739788,"TOTAL_ASSETS":8623433238.14,"TOTAL_LIABILITIES":4368546944.86,"TAX_EBT":1.841660009938,"OCF_SALES":-444.498198890745,"TOTAL_PARENT_EQUITY":4245353508.06,"DEBT_ASSET_RATIO":50.6590220417,"OPERATE_PROFIT":-26495547.82,"PRETAX_PROFIT":403117897.98,"NETCASH_OPERATE":-1182666290.26,"NETCASH_INVEST":280227035.62,"NETCASH_FINANCE":879521353.76,"END_CASH":698543805.54,"DIVI_RATIO":null,"DIVIDEND_RATE":null,"CURRENT_RATIO":2.384199196924,"COMMON_ACS":50000000000,"CURRENTDEBT_DEBT":42.727863864121,"ISSUED_COMMON_SHARES":15200000000,"HK_COMMON_SHARES":15200000000,"PER_SHARES":4000,"TOTAL_MARKET_CAP":547200000,"HKSK_MARKET_CAP":547200000,"PE_TTM":-0.605262197327,"PB_TTM":0.120317680894,"REPORT_DATE_SQ":"2019-12-31 00:00:00","REPORT_TYPE_SQ":"2019年年报","OPERATE_INCOME_SQ":2167378633,"DPS_HKD":null,"OPERATE_INCOME_QOQ_SQ":0,"NET_PROFIT_RATIO_SQ":19.8929214322,"HOLDER_PROFIT_SQ":417853284,"HOLDER_PROFIT_QOQ_SQ":0,"ROE_AVG_SQ":10.012882839725,"PE_TTM_SQ":1.626712328767,"PB_TTM_SQ":0.123911099715,"ROA_SQ":4.617354374679,"START_DATE":"2020-04-01 00:00:00","FISCAL_YEAR":"3-31","CURRENCY":"HKD","IS_CNY_CODE":0,"DPS_HKD_LY":0.0072,"ORG_TYPE":"一般企业","PREMIUM_INCOME":null,"PREMIUM_INCOME_YOY":null,"NET_INTEREST_INCOME":null,"NET_INTEREST_INCOME_YOY":null,"FEE_COMMISSION_INCOME":null,"FEE_COMMISSION_INCOME_YOY":null,"ACCOUNTS_RECE_TDAYS":null,"INVENTORY_TDAYS":0.04365218531,"CURRENT_ASSETS_TDAYS":0.0691136031,"TOTAL_ASSETS_TDAYS":0.03323984892,"PREMIUM_EXPENSE":null,"LOAN_DEPOSIT":null,"LOAN_EQUITY":null,"LOAN_ASSETS":null,"DEPOSIT_EQUITY":null,"DEPOSIT_ASSETS":null,"EQUITY_MULTIPLIER":2.026712970394,"EQUITY_RATIO":1.029018416621},{"SECUCODE":"01243.HK","SECURITY_CODE":"01243","SECURITY_NAME_ABBR":"宏安地产","ORG_CODE":"10506876","STD_REPORT_DATE":"2020-06-30 00:00:00","REPORT_DATE":"2020-09-30 00:00:00","DATE_TYPE_CODE":"002","REPORT_TYPE":"2020年中报","PER_NETCASH_OPERATE":-0.053180885937,"PER_OI":0.014469512253,"BPS":0.267948783326,"BASIC_EPS":0.004129984,"DILUTED_EPS":0.004129984,"OPERATE_INCOME":219936586.24,"OPERATE_INCOME_YOY":-88.7455445006,"GROSS_PROFIT":102915686.4,"GROSS_PROFIT_YOY":-88.20417444568,"HOLDER_PROFIT":63141304.32,"HOLDER_PROFIT_YOY":-87.5967065403,"GROSS_PROFIT_RATIO":46.793345372605,"EPS_TTM":0.027490347632,"OPERATE_INCOME_QOQ":0,"NET_PROFIT_RATIO":29.2094833235,"ROE_AVG":1.543926852555,"GROSS_PROFIT_QOQ":0,"ROA":0.79637389209,"HOLDER_PROFIT_QOQ":0,"ROE_YEARLY":3.08785370511,"ROIC_YEARLY":1.737321723303,"TOTAL_ASSETS":8178586225.92,"TOTAL_LIABILITIES":4096010927.36,"TAX_EBT":20.888835986279,"OCF_SALES":-367.5375161811,"TOTAL_PARENT_EQUITY":4072821506.56,"DEBT_ASSET_RATIO":50.0821390668,"OPERATE_PROFIT":73711427.2,"PRETAX_PROFIT":81205151.36,"NETCASH_OPERATE":-808349466.24,"NETCASH_INVEST":86431777.92,"NETCASH_FINANCE":494086681.6,"END_CASH":522261080.96,"DIVI_RATIO":null,"DIVIDEND_RATE":null,"CURRENT_RATIO":2.674973878473,"COMMON_ACS":50000000000,"CURRENTDEBT_DEBT":30.305204213897,"ISSUED_COMMON_SHARES":15200000000,"HK_COMMON_SHARES":15200000000,"PER_SHARES":4000,"TOTAL_MARKET_CAP":547200000,"HKSK_MARKET_CAP":547200000,"PE_TTM":-0.605262197327,"PB_TTM":0.120317680894,"REPORT_DATE_SQ":"2019-06-30 00:00:00","REPORT_TYPE_SQ":"2019年中报","OPERATE_INCOME_SQ":2006013413.37,"DPS_HKD":null,"OPERATE_INCOME_QOQ_SQ":0,"NET_PROFIT_RATIO_SQ":26.0238486972,"HOLDER_PROFIT_SQ":522561453.3,"HOLDER_PROFIT_QOQ_SQ":0,"ROE_AVG_SQ":12.523566941355,"PE_TTM_SQ":1.626712328767,"PB_TTM_SQ":0.123911099715,"ROA_SQ":5.674898353268,"START_DATE":"2020-04-01 00:00:00","FISCAL_YEAR":"3-31","CURRENCY":"HKD","IS_CNY_CODE":0,"DPS_HKD_LY":0.0072,"ORG_TYPE":"一般企业","PREMIUM_INCOME":null,"PREMIUM_INCOME_YOY":null,"NET_INTEREST_INCOME":null,"NET_INTEREST_INCOME_YOY":null,"FEE_COMMISSION_INCOME":null,"FEE_COMMISSION_INCOME_YOY":null,"ACCOUNTS_RECE_TDAYS":null,"INVENTORY_TDAYS":0.047031426388,"CURRENT_ASSETS_TDAYS":0.065667300666,"TOTAL_ASSETS_TDAYS":0.027739647935,"PREMIUM_EXPENSE":null,"LOAN_DEPOSIT":null,"LOAN_EQUITY":null,"LOAN_ASSETS":null,"DEPOSIT_EQUITY":null,"DEPOSIT_ASSETS":null,"EQUITY_MULTIPLIER":2.003290969014,"EQUITY_RATIO":1.00569369926}],"count":23},"success":true,"message":"ok","code":0}