{"version":"b5b8cb5542cff47017bc0c678143402d","result":{"pages":3,"data":[{"SECUCODE":"01255.HK","SECURITY_CODE":"01255","SECURITY_NAME_ABBR":"TATA健康","ORG_CODE":"10312568","STD_REPORT_DATE":"2023-06-30 00:00:00","REPORT_DATE":"2023-06-30 00:00:00","DATE_TYPE_CODE":"002","REPORT_TYPE":"2023年中报","PER_NETCASH_OPERATE":-0.053311549177,"PER_OI":0.395341470403,"BPS":0.085946934217,"BASIC_EPS":-0.046099,"DILUTED_EPS":-0.046099,"OPERATE_INCOME":96006699.38,"OPERATE_INCOME_YOY":63.9445179167,"GROSS_PROFIT":78583121.34,"GROSS_PROFIT_YOY":74.864723426462,"HOLDER_PROFIT":-11365247.46,"HOLDER_PROFIT_YOY":-161.1185482671,"GROSS_PROFIT_RATIO":81.851706024143,"EPS_TTM":-0.082466470629,"OPERATE_INCOME_QOQ":32.27354710779,"NET_PROFIT_RATIO":-13.723098789,"ROE_AVG":-43.800522323094,"GROSS_PROFIT_QOQ":33.054461346204,"ROA":-6.786519451991,"HOLDER_PROFIT_QOQ":-333.219512539886,"ROE_YEARLY":-87.601044646188,"ROIC_YEARLY":-14.398640381488,"TOTAL_ASSETS":172619549.46,"TOTAL_LIABILITIES":166481006.62,"TAX_EBT":null,"OCF_SALES":-13.484937242512,"TOTAL_PARENT_EQUITY":20871783.24,"DEBT_ASSET_RATIO":96.443888969,"OPERATE_PROFIT":-12187653.62,"PRETAX_PROFIT":-13175094.2,"NETCASH_OPERATE":-12946443.16,"NETCASH_INVEST":-5418476.46,"NETCASH_FINANCE":3169767.24,"END_CASH":16478548.54,"DIVI_RATIO":null,"DIVIDEND_RATE":null,"CURRENT_RATIO":0.620071237756,"COMMON_ACS":500000000,"CURRENTDEBT_DEBT":93.288438214755,"ISSUED_COMMON_SHARES":242845000,"HK_COMMON_SHARES":242845000,"PER_SHARES":2000,"TOTAL_MARKET_CAP":72853500,"HKSK_MARKET_CAP":72853500,"PE_TTM":-3.183739020233,"PB_TTM":3.218195070236,"REPORT_DATE_SQ":"2022-06-30 00:00:00","REPORT_TYPE_SQ":"2022年中报","OPERATE_INCOME_SQ":54318248.04,"DPS_HKD":null,"OPERATE_INCOME_QOQ_SQ":-4.955537169379,"NET_PROFIT_RATIO_SQ":26.3020341331,"HOLDER_PROFIT_SQ":17248327.11,"HOLDER_PROFIT_QOQ_SQ":80.082520854784,"ROE_AVG_SQ":59.297043820836,"PE_TTM_SQ":-3.767424507276,"PB_TTM_SQ":3.808197499779,"ROA_SQ":11.322979152222,"START_DATE":"2023-01-01 00:00:00","FISCAL_YEAR":"12-31","CURRENCY":"HKD","IS_CNY_CODE":0,"DPS_HKD_LY":null,"ORG_TYPE":"一般企业","PREMIUM_INCOME":null,"PREMIUM_INCOME_YOY":null,"NET_INTEREST_INCOME":null,"NET_INTEREST_INCOME_YOY":null,"FEE_COMMISSION_INCOME":null,"FEE_COMMISSION_INCOME_YOY":null,"ACCOUNTS_RECE_TDAYS":4.448806955333,"INVENTORY_TDAYS":0.70575493894,"CURRENT_ASSETS_TDAYS":1.018331353019,"TOTAL_ASSETS_TDAYS":0.573283894748,"PREMIUM_EXPENSE":null,"LOAN_DEPOSIT":null,"LOAN_EQUITY":null,"LOAN_ASSETS":null,"DEPOSIT_EQUITY":null,"DEPOSIT_ASSETS":null,"EQUITY_MULTIPLIER":28.120606788782,"EQUITY_RATIO":7.976367170245},{"SECUCODE":"01255.HK","SECURITY_CODE":"01255","SECURITY_NAME_ABBR":"TATA健康","ORG_CODE":"10312568","STD_REPORT_DATE":"2022-12-31 00:00:00","REPORT_DATE":"2022-12-31 00:00:00","DATE_TYPE_CODE":"001","REPORT_TYPE":"2022年年报","PER_NETCASH_OPERATE":0.04783700035,"PER_OI":0.531912131689,"BPS":0.123772950771,"BASIC_EPS":0.0357308,"DILUTED_EPS":0.0357308,"OPERATE_INCOME":129172201.62,"OPERATE_INCOME_YOY":-10.140748796,"GROSS_PROFIT":101782756.88,"GROSS_PROFIT_YOY":18.880873668014,"HOLDER_PROFIT":8587004.51,"HOLDER_PROFIT_YOY":115.8210036043,"GROSS_PROFIT_RATIO":78.796177198733,"EPS_TTM":0.035360021866,"OPERATE_INCOME_QOQ":3.294652917056,"NET_PROFIT_RATIO":2.2170587666,"ROE_AVG":33.932826205899,"GROSS_PROFIT_QOQ":8.440546714577,"ROA":5.447801582826,"HOLDER_PROFIT_QOQ":186.784371829614,"ROE_YEARLY":33.932826205899,"ROIC_YEARLY":6.487686690558,"TOTAL_ASSETS":157261970.04,"TOTAL_LIABILITIES":140346116.05,"TAX_EBT":21.881091617934,"OCF_SALES":8.993402763371,"TOTAL_PARENT_EQUITY":30057642.23,"DEBT_ASSET_RATIO":89.2435189603,"OPERATE_PROFIT":6251103.46,"PRETAX_PROFIT":3665980.08,"NETCASH_OPERATE":11616976.35,"NETCASH_INVEST":7081844.56,"NETCASH_FINANCE":-12474515.55,"END_CASH":30057642.23,"DIVI_RATIO":null,"DIVIDEND_RATE":null,"CURRENT_RATIO":0.673922560397,"COMMON_ACS":500000000,"CURRENTDEBT_DEBT":94.50211628425,"ISSUED_COMMON_SHARES":242845000,"HK_COMMON_SHARES":242845000,"PER_SHARES":2000,"TOTAL_MARKET_CAP":72853500,"HKSK_MARKET_CAP":72853500,"PE_TTM":-3.183739020233,"PB_TTM":3.218195070236,"REPORT_DATE_SQ":"2021-12-31 00:00:00","REPORT_TYPE_SQ":"2021年年报","OPERATE_INCOME_SQ":131572280,"DPS_HKD":null,"OPERATE_INCOME_QOQ_SQ":10.244503908499,"NET_PROFIT_RATIO_SQ":-43.7806431568,"HOLDER_PROFIT_SQ":-49678193.6,"HOLDER_PROFIT_QOQ_SQ":31.468789420519,"ROE_AVG_SQ":-367.246902387428,"PE_TTM_SQ":-3.395988288249,"PB_TTM_SQ":3.432741408252,"ROA_SQ":-35.922327227151,"START_DATE":"2022-01-01 00:00:00","FISCAL_YEAR":"12-31","CURRENCY":"HKD","IS_CNY_CODE":0,"DPS_HKD_LY":null,"ORG_TYPE":"一般企业","PREMIUM_INCOME":null,"PREMIUM_INCOME_YOY":null,"NET_INTEREST_INCOME":null,"NET_INTEREST_INCOME_YOY":null,"FEE_COMMISSION_INCOME":null,"FEE_COMMISSION_INCOME_YOY":null,"ACCOUNTS_RECE_TDAYS":5.760736196319,"INVENTORY_TDAYS":1.504698809962,"CURRENT_ASSETS_TDAYS":1.366676590255,"TOTAL_ASSETS_TDAYS":0.819499423371,"PREMIUM_EXPENSE":null,"LOAN_DEPOSIT":null,"LOAN_EQUITY":null,"LOAN_ASSETS":null,"DEPOSIT_EQUITY":null,"DEPOSIT_ASSETS":null,"EQUITY_MULTIPLIER":9.296720705491,"EQUITY_RATIO":4.669232369461},{"SECUCODE":"01255.HK","SECURITY_CODE":"01255","SECURITY_NAME_ABBR":"TATA健康","ORG_CODE":"10312568","STD_REPORT_DATE":"2022-06-30 00:00:00","REPORT_DATE":"2022-06-30 00:00:00","DATE_TYPE_CODE":"002","REPORT_TYPE":"2022年中报","PER_NETCASH_OPERATE":0.001771337973,"PER_OI":0.22367455801,"BPS":0.158529466244,"BASIC_EPS":0.0684152,"DILUTED_EPS":0.0684152,"OPERATE_INCOME":54318248.04,"OPERATE_INCOME_YOY":-13.1298211062,"GROSS_PROFIT":44939379.31,"GROSS_PROFIT_YOY":22.462663670204,"HOLDER_PROFIT":17248327.11,"HOLDER_PROFIT_YOY":174.4710704132,"GROSS_PROFIT_RATIO":82.733484476352,"EPS_TTM":-0.040744688381,"OPERATE_INCOME_QOQ":-4.955537169379,"NET_PROFIT_RATIO":26.3020341331,"ROE_AVG":59.297043820836,"GROSS_PROFIT_QOQ":9.627696714695,"ROA":11.322979152222,"HOLDER_PROFIT_QOQ":80.082520854784,"ROE_YEARLY":118.594087641672,"ROIC_YEARLY":26.326420728026,"TOTAL_ASSETS":153410823.72,"TOTAL_LIABILITIES":125299873.23,"TAX_EBT":null,"OCF_SALES":0.791926443731,"TOTAL_PARENT_EQUITY":38498088.23,"DEBT_ASSET_RATIO":81.6760318416,"OPERATE_PROFIT":15558471.67,"PRETAX_PROFIT":14286804.14,"NETCASH_OPERATE":430160.57,"NETCASH_INVEST":3515686.09,"NETCASH_FINANCE":-6440435.89,"END_CASH":20798220.8,"DIVI_RATIO":null,"DIVIDEND_RATE":null,"CURRENT_RATIO":0.787779133715,"COMMON_ACS":500000000,"CURRENTDEBT_DEBT":86.129254625743,"ISSUED_COMMON_SHARES":242845000,"HK_COMMON_SHARES":242845000,"PER_SHARES":2000,"TOTAL_MARKET_CAP":72853500,"HKSK_MARKET_CAP":72853500,"PE_TTM":-3.183739020233,"PB_TTM":3.218195070236,"REPORT_DATE_SQ":"2021-06-30 00:00:00","REPORT_TYPE_SQ":"2021年中报","OPERATE_INCOME_SQ":60838361.28,"DPS_HKD":null,"OPERATE_INCOME_QOQ_SQ":-8.728857547653,"NET_PROFIT_RATIO_SQ":-43.2914820286,"HOLDER_PROFIT_SQ":-22535222.64,"HOLDER_PROFIT_QOQ_SQ":43.28709533713,"ROE_AVG_SQ":-80.220968291346,"PE_TTM_SQ":-3.395988288249,"PB_TTM_SQ":3.432741408252,"ROA_SQ":-14.907512653194,"START_DATE":"2022-01-01 00:00:00","FISCAL_YEAR":"12-31","CURRENCY":"HKD","IS_CNY_CODE":0,"DPS_HKD_LY":null,"ORG_TYPE":"一般企业","PREMIUM_INCOME":null,"PREMIUM_INCOME_YOY":null,"NET_INTEREST_INCOME":null,"NET_INTEREST_INCOME_YOY":null,"FEE_COMMISSION_INCOME":null,"FEE_COMMISSION_INCOME_YOY":null,"ACCOUNTS_RECE_TDAYS":2.280769161714,"INVENTORY_TDAYS":0.521815673027,"CURRENT_ASSETS_TDAYS":0.60213871298,"TOTAL_ASSETS_TDAYS":0.356582053564,"PREMIUM_EXPENSE":null,"LOAN_DEPOSIT":null,"LOAN_EQUITY":null,"LOAN_ASSETS":null,"DEPOSIT_EQUITY":null,"DEPOSIT_ASSETS":null,"EQUITY_MULTIPLIER":5.457333211647,"EQUITY_RATIO":3.254703778573},{"SECUCODE":"01255.HK","SECURITY_CODE":"01255","SECURITY_NAME_ABBR":"TATA健康","ORG_CODE":"10312568","STD_REPORT_DATE":"2021-12-31 00:00:00","REPORT_DATE":"2021-12-31 00:00:00","DATE_TYPE_CODE":"001","REPORT_TYPE":"2021年年报","PER_NETCASH_OPERATE":-0.016483640182,"PER_OI":0.54179530153,"BPS":0.077469068748,"BASIC_EPS":-0.212576,"DILUTED_EPS":-0.212576,"OPERATE_INCOME":131572280,"OPERATE_INCOME_YOY":3.5800029608,"GROSS_PROFIT":85617436.8,"GROSS_PROFIT_YOY":196.726979313218,"HOLDER_PROFIT":-49678193.6,"HOLDER_PROFIT_YOY":59.9911766062,"GROSS_PROFIT_RATIO":65.072549324219,"EPS_TTM":-0.20456749614,"OPERATE_INCOME_QOQ":10.244503908499,"NET_PROFIT_RATIO":-43.7806431568,"ROE_AVG":-367.246902387428,"GROSS_PROFIT_QOQ":54.58945669483,"ROA":-35.922327227151,"HOLDER_PROFIT_QOQ":31.468789420519,"ROE_YEARLY":-367.246902387428,"ROIC_YEARLY":-48.262085180066,"TOTAL_ASSETS":144601553.6,"TOTAL_LIABILITIES":133478105.6,"TAX_EBT":-1.896070462664,"OCF_SALES":-3.042411061053,"TOTAL_PARENT_EQUITY":18812976,"DEBT_ASSET_RATIO":92.3075183336,"OPERATE_PROFIT":-53808708.8,"PRETAX_PROFIT":-56531316.8,"NETCASH_OPERATE":-4002969.6,"NETCASH_INVEST":-32551926.4,"NETCASH_FINANCE":35353841.6,"END_CASH":21865076.8,"DIVI_RATIO":null,"DIVIDEND_RATE":null,"CURRENT_RATIO":0.7458929252,"COMMON_ACS":500000000,"CURRENTDEBT_DEBT":91.610109276229,"ISSUED_COMMON_SHARES":242845000,"HK_COMMON_SHARES":242845000,"PER_SHARES":2000,"TOTAL_MARKET_CAP":72853500,"HKSK_MARKET_CAP":72853500,"PE_TTM":-3.183739020233,"PB_TTM":3.218195070236,"REPORT_DATE_SQ":"2020-12-31 00:00:00","REPORT_TYPE_SQ":"2020年年报","OPERATE_INCOME_SQ":130759715.32,"DPS_HKD":null,"OPERATE_INCOME_QOQ_SQ":-37.674460350488,"NET_PROFIT_RATIO_SQ":-111.4029723937,"HOLDER_PROFIT_SQ":-127819025.16,"HOLDER_PROFIT_QOQ_SQ":1.423219835333,"ROE_AVG_SQ":-177.927350051843,"PE_TTM_SQ":-3.395988288249,"PB_TTM_SQ":3.432741408252,"ROA_SQ":-63.162688559771,"START_DATE":"2021-01-01 00:00:00","FISCAL_YEAR":"12-31","CURRENCY":"HKD","IS_CNY_CODE":0,"DPS_HKD_LY":null,"ORG_TYPE":"一般企业","PREMIUM_INCOME":null,"PREMIUM_INCOME_YOY":null,"NET_INTEREST_INCOME":null,"NET_INTEREST_INCOME_YOY":null,"FEE_COMMISSION_INCOME":null,"FEE_COMMISSION_INCOME_YOY":null,"ACCOUNTS_RECE_TDAYS":6.350380805809,"INVENTORY_TDAYS":1.694870789736,"CURRENT_ASSETS_TDAYS":1.373701417877,"TOTAL_ASSETS_TDAYS":0.951399830324,"PREMIUM_EXPENSE":null,"LOAN_DEPOSIT":null,"LOAN_EQUITY":null,"LOAN_ASSETS":null,"DEPOSIT_EQUITY":null,"DEPOSIT_ASSETS":null,"EQUITY_MULTIPLIER":12.999705990434,"EQUITY_RATIO":7.095002172968},{"SECUCODE":"01255.HK","SECURITY_CODE":"01255","SECURITY_NAME_ABBR":"TATA健康","ORG_CODE":"10312568","STD_REPORT_DATE":"2021-06-30 00:00:00","REPORT_DATE":"2021-06-30 00:00:00","DATE_TYPE_CODE":"002","REPORT_TYPE":"2021年中报","PER_NETCASH_OPERATE":-0.004101380551,"PER_OI":0.25052342556,"BPS":0.19681487072,"BASIC_EPS":-0.0998496,"DILUTED_EPS":-0.0998496,"OPERATE_INCOME":60838361.28,"OPERATE_INCOME_YOY":-7.5639388614,"GROSS_PROFIT":36696392.16,"GROSS_PROFIT_YOY":260.950940941125,"HOLDER_PROFIT":-22535222.64,"HOLDER_PROFIT_YOY":68.2284762385,"GROSS_PROFIT_RATIO":60.317851085946,"EPS_TTM":-0.298502674051,"OPERATE_INCOME_QOQ":-8.728857547653,"NET_PROFIT_RATIO":-43.2914820286,"ROE_AVG":-80.220968291346,"GROSS_PROFIT_QOQ":91.945159558311,"ROA":-14.907512653194,"HOLDER_PROFIT_QOQ":43.28709533713,"ROE_YEARLY":-160.441936582693,"ROIC_YEARLY":-41.382050155662,"TOTAL_ASSETS":168011097.36,"TOTAL_LIABILITIES":123698676.96,"TAX_EBT":null,"OCF_SALES":-1.637124569178,"TOTAL_PARENT_EQUITY":47795507.28,"DEBT_ASSET_RATIO":73.6253014853,"OPERATE_PROFIT":-25211191.92,"PRETAX_PROFIT":-26338660.32,"NETCASH_OPERATE":-995999.76,"NETCASH_INVEST":-9973310.88,"NETCASH_FINANCE":18458862.72,"END_CASH":30449967.6,"DIVI_RATIO":null,"DIVIDEND_RATE":null,"CURRENT_RATIO":1.676734610888,"COMMON_ACS":500000000,"CURRENTDEBT_DEBT":66.166875193392,"ISSUED_COMMON_SHARES":242845000,"HK_COMMON_SHARES":242845000,"PER_SHARES":2000,"TOTAL_MARKET_CAP":72853500,"HKSK_MARKET_CAP":72853500,"PE_TTM":-3.183739020233,"PB_TTM":3.218195070236,"REPORT_DATE_SQ":"2020-06-30 00:00:00","REPORT_TYPE_SQ":"2020年中报","OPERATE_INCOME_SQ":72252190.56,"DPS_HKD":null,"OPERATE_INCOME_QOQ_SQ":-31.471881740965,"NET_PROFIT_RATIO_SQ":-120.7701740856,"HOLDER_PROFIT_SQ":-77864365.92,"HOLDER_PROFIT_QOQ_SQ":-137.5877106454,"ROE_AVG_SQ":-72.161859008275,"PE_TTM_SQ":-3.395988288249,"PB_TTM_SQ":3.432741408252,"ROA_SQ":-31.314758452465,"START_DATE":"2021-01-01 00:00:00","FISCAL_YEAR":"12-31","CURRENCY":"HKD","IS_CNY_CODE":0,"DPS_HKD_LY":null,"ORG_TYPE":"一般企业","PREMIUM_INCOME":null,"PREMIUM_INCOME_YOY":null,"NET_INTEREST_INCOME":null,"NET_INTEREST_INCOME_YOY":null,"FEE_COMMISSION_INCOME":null,"FEE_COMMISSION_INCOME_YOY":null,"ACCOUNTS_RECE_TDAYS":2.862635318991,"INVENTORY_TDAYS":0.745133288818,"CURRENT_ASSETS_TDAYS":0.50833069722,"TOTAL_ASSETS_TDAYS":0.402458256157,"PREMIUM_EXPENSE":null,"LOAN_DEPOSIT":null,"LOAN_EQUITY":null,"LOAN_ASSETS":null,"DEPOSIT_EQUITY":null,"DEPOSIT_ASSETS":null,"EQUITY_MULTIPLIER":3.79151253404,"EQUITY_RATIO":2.588081683815},{"SECUCODE":"01255.HK","SECURITY_CODE":"01255","SECURITY_NAME_ABBR":"TATA健康","ORG_CODE":"10312568","STD_REPORT_DATE":"2020-12-31 00:00:00","REPORT_DATE":"2020-12-31 00:00:00","DATE_TYPE_CODE":"001","REPORT_TYPE":"2020年年报","PER_NETCASH_OPERATE":0.001002888785,"PER_OI":0.611026707103,"BPS":0.034934757561,"BASIC_EPS":-0.5975644,"DILUTED_EPS":-0.5975644,"OPERATE_INCOME":130759715.32,"OPERATE_INCOME_YOY":-54.5420498401,"GROSS_PROFIT":28853944.12,"GROSS_PROFIT_YOY":-83.851964136579,"HOLDER_PROFIT":-127819025.16,"HOLDER_PROFIT_YOY":-149.2720558063,"GROSS_PROFIT_RATIO":22.066386462671,"EPS_TTM":-0.597285164299,"OPERATE_INCOME_QOQ":-37.674460350488,"NET_PROFIT_RATIO":-111.4029723937,"ROE_AVG":-177.927350051843,"GROSS_PROFIT_QOQ":-67.268733491541,"ROA":-63.162688559771,"HOLDER_PROFIT_QOQ":1.423219835333,"ROE_YEARLY":-177.927350051843,"ROIC_YEARLY":-81.365875611775,"TOTAL_ASSETS":135865945.2,"TOTAL_LIABILITIES":127059024.24,"TAX_EBT":-0.229321936728,"OCF_SALES":0.164131743079,"TOTAL_PARENT_EQUITY":8483731.2,"DEBT_ASSET_RATIO":93.5179334696,"OPERATE_PROFIT":-142988744.52,"PRETAX_PROFIT":-145336920.12,"NETCASH_OPERATE":214618.2,"NETCASH_INVEST":-15960860.96,"NETCASH_FINANCE":10099.68,"END_CASH":23740981.12,"DIVI_RATIO":null,"DIVIDEND_RATE":null,"CURRENT_RATIO":1.209632593527,"COMMON_ACS":500000000,"CURRENTDEBT_DEBT":67.212484930382,"ISSUED_COMMON_SHARES":242845000,"HK_COMMON_SHARES":242845000,"PER_SHARES":2000,"TOTAL_MARKET_CAP":72853500,"HKSK_MARKET_CAP":72853500,"PE_TTM":-3.183739020233,"PB_TTM":3.218195070236,"REPORT_DATE_SQ":"2019-12-31 00:00:00","REPORT_TYPE_SQ":"2019年年报","OPERATE_INCOME_SQ":306153417.94,"DPS_HKD":null,"OPERATE_INCOME_QOQ_SQ":-8.188458830878,"NET_PROFIT_RATIO_SQ":-19.5749810547,"HOLDER_PROFIT_SQ":-54575396.5,"HOLDER_PROFIT_QOQ_SQ":-1279.77446849489,"ROE_AVG_SQ":-32.038725182149,"PE_TTM_SQ":-3.395988288249,"PB_TTM_SQ":3.432741408252,"ROA_SQ":-18.262451739766,"START_DATE":"2020-01-01 00:00:00","FISCAL_YEAR":"12-31","CURRENCY":"HKD","IS_CNY_CODE":0,"DPS_HKD_LY":null,"ORG_TYPE":"一般企业","PREMIUM_INCOME":null,"PREMIUM_INCOME_YOY":null,"NET_INTEREST_INCOME":null,"NET_INTEREST_INCOME_YOY":null,"FEE_COMMISSION_INCOME":null,"FEE_COMMISSION_INCOME_YOY":null,"ACCOUNTS_RECE_TDAYS":5.019806138934,"INVENTORY_TDAYS":1.360495297594,"CURRENT_ASSETS_TDAYS":0.910565722575,"TOTAL_ASSETS_TDAYS":0.646158517058,"PREMIUM_EXPENSE":null,"LOAN_DEPOSIT":null,"LOAN_EQUITY":null,"LOAN_ASSETS":null,"DEPOSIT_EQUITY":null,"DEPOSIT_ASSETS":null,"EQUITY_MULTIPLIER":15.427178899046,"EQUITY_RATIO":14.976785714286},{"SECUCODE":"01255.HK","SECURITY_CODE":"01255","SECURITY_NAME_ABBR":"TATA健康","ORG_CODE":"10312568","STD_REPORT_DATE":"2020-06-30 00:00:00","REPORT_DATE":"2020-06-30 00:00:00","DATE_TYPE_CODE":"002","REPORT_TYPE":"2020年中报","PER_NETCASH_OPERATE":0.032585051215,"PER_OI":0.337627058692,"BPS":0.284460513661,"BASIC_EPS":-0.36354912,"DILUTED_EPS":-0.36354912,"OPERATE_INCOME":72252190.56,"OPERATE_INCOME_YOY":-58.7316742318,"GROSS_PROFIT":10166587.2,"GROSS_PROFIT_YOY":-89.903727233592,"HOLDER_PROFIT":-77864365.92,"HOLDER_PROFIT_YOY":-2601.8383518225,"GROSS_PROFIT_RATIO":14.070974348601,"EPS_TTM":-0.605908575327,"OPERATE_INCOME_QOQ":-31.471881740965,"NET_PROFIT_RATIO":-120.7701740856,"ROE_AVG":-72.161859008275,"GROSS_PROFIT_QOQ":-50.664799789375,"ROA":-31.314758452465,"HOLDER_PROFIT_QOQ":-137.5877106454,"ROE_YEARLY":-144.32371801655,"ROIC_YEARLY":-80.255331768893,"TOTAL_ASSETS":205501164,"TOTAL_LIABILITIES":127546367.52,"TAX_EBT":-1.808570728224,"OCF_SALES":9.651196601727,"TOTAL_PARENT_EQUITY":69079813.44,"DEBT_ASSET_RATIO":62.0660073341,"OPERATE_PROFIT":-83844657.6,"PRETAX_PROFIT":-85708988.64,"NETCASH_OPERATE":6973200.96,"NETCASH_INVEST":-20011643.52,"NETCASH_FINANCE":-1466071.2,"END_CASH":28240824.48,"DIVI_RATIO":null,"DIVIDEND_RATE":null,"CURRENT_RATIO":1.527096611223,"COMMON_ACS":500000000,"CURRENTDEBT_DEBT":73.713233977641,"ISSUED_COMMON_SHARES":242845000,"HK_COMMON_SHARES":242845000,"PER_SHARES":2000,"TOTAL_MARKET_CAP":72853500,"HKSK_MARKET_CAP":72853500,"PE_TTM":-3.183739020233,"PB_TTM":3.218195070236,"REPORT_DATE_SQ":"2019-06-30 00:00:00","REPORT_TYPE_SQ":"2019年中报","OPERATE_INCOME_SQ":168604432.2,"DPS_HKD":null,"OPERATE_INCOME_QOQ_SQ":6.303675471141,"NET_PROFIT_RATIO_SQ":-1.6100589555,"HOLDER_PROFIT_SQ":-2775327.3,"HOLDER_PROFIT_QOQ_SQ":-158.104595328155,"ROE_AVG_SQ":-1.445745590018,"PE_TTM_SQ":-3.395988288249,"PB_TTM_SQ":3.432741408252,"ROA_SQ":-0.904559640011,"START_DATE":"2020-01-01 00:00:00","FISCAL_YEAR":"12-31","CURRENCY":"HKD","IS_CNY_CODE":0,"DPS_HKD_LY":null,"ORG_TYPE":"一般企业","PREMIUM_INCOME":null,"PREMIUM_INCOME_YOY":null,"NET_INTEREST_INCOME":null,"NET_INTEREST_INCOME_YOY":null,"FEE_COMMISSION_INCOME":null,"FEE_COMMISSION_INCOME_YOY":null,"ACCOUNTS_RECE_TDAYS":2.535346250621,"INVENTORY_TDAYS":0.637841236475,"CURRENT_ASSETS_TDAYS":0.421089896643,"TOTAL_ASSETS_TDAYS":0.290577065428,"PREMIUM_EXPENSE":null,"LOAN_DEPOSIT":null,"LOAN_EQUITY":null,"LOAN_ASSETS":null,"DEPOSIT_EQUITY":null,"DEPOSIT_ASSETS":null,"EQUITY_MULTIPLIER":2.636158046445,"EQUITY_RATIO":1.846362362151},{"SECUCODE":"01255.HK","SECURITY_CODE":"01255","SECURITY_NAME_ABBR":"TATA健康","ORG_CODE":"10312568","STD_REPORT_DATE":"2019-12-31 00:00:00","REPORT_DATE":"2019-12-31 00:00:00","DATE_TYPE_CODE":"001","REPORT_TYPE":"2019年年报","PER_NETCASH_OPERATE":0.082286183364,"PER_OI":1.430623448318,"BPS":0.592510636908,"BASIC_EPS":-0.2508184,"DILUTED_EPS":-0.2508184,"OPERATE_INCOME":306153417.94,"OPERATE_INCOME_YOY":-4.5342815484,"GROSS_PROFIT":178683923.94,"GROSS_PROFIT_YOY":-7.51743815696,"HOLDER_PROFIT":-54575396.5,"HOLDER_PROFIT_YOY":-3383.4190966266,"GROSS_PROFIT_RATIO":58.364177392597,"EPS_TTM":-0.25502521729,"OPERATE_INCOME_QOQ":-8.188458830878,"NET_PROFIT_RATIO":-19.5749810547,"ROE_AVG":-32.038725182149,"GROSS_PROFIT_QOQ":-13.662574155394,"ROA":-18.262451739766,"HOLDER_PROFIT_QOQ":-1279.77446849489,"ROE_YEARLY":-32.038725182149,"ROIC_YEARLY":-21.664571624656,"TOTAL_ASSETS":286158712.56,"TOTAL_LIABILITIES":131612476.5,"TAX_EBT":0.806571182872,"OCF_SALES":5.751770912272,"TOTAL_PARENT_EQUITY":143888245.62,"DEBT_ASSET_RATIO":45.9928252132,"OPERATE_PROFIT":-57851263.96,"PRETAX_PROFIT":-60416777.88,"NETCASH_OPERATE":14668397.5,"NETCASH_INVEST":21161906.72,"NETCASH_FINANCE":-19681182.38,"END_CASH":41940419.6,"DIVI_RATIO":null,"DIVIDEND_RATE":null,"CURRENT_RATIO":2.172459733545,"COMMON_ACS":500000000,"CURRENTDEBT_DEBT":68.45669559299,"ISSUED_COMMON_SHARES":242845000,"HK_COMMON_SHARES":242845000,"PER_SHARES":2000,"TOTAL_MARKET_CAP":72853500,"HKSK_MARKET_CAP":72853500,"PE_TTM":-3.183739020233,"PB_TTM":3.218195070236,"REPORT_DATE_SQ":"2018-12-31 00:00:00","REPORT_TYPE_SQ":"2018年年报","OPERATE_INCOME_SQ":313684857.2,"DPS_HKD":null,"OPERATE_INCOME_QOQ_SQ":-8.27904636618,"NET_PROFIT_RATIO_SQ":1.6996921839,"HOLDER_PROFIT_SQ":-1532473.8,"HOLDER_PROFIT_QOQ_SQ":91.621438143163,"ROE_AVG_SQ":-0.90640782133,"PE_TTM_SQ":-3.395988288249,"PB_TTM_SQ":3.432741408252,"ROA_SQ":-0.511878717816,"START_DATE":"2019-01-01 00:00:00","FISCAL_YEAR":"12-31","CURRENCY":"HKD","IS_CNY_CODE":0,"DPS_HKD_LY":null,"ORG_TYPE":"一般企业","PREMIUM_INCOME":null,"PREMIUM_INCOME_YOY":null,"NET_INTEREST_INCOME":null,"NET_INTEREST_INCOME_YOY":null,"FEE_COMMISSION_INCOME":null,"FEE_COMMISSION_INCOME_YOY":null,"ACCOUNTS_RECE_TDAYS":6.664775109447,"INVENTORY_TDAYS":1.049464205379,"CURRENT_ASSETS_TDAYS":1.422045527359,"TOTAL_ASSETS_TDAYS":1.024474832738,"PREMIUM_EXPENSE":null,"LOAN_DEPOSIT":null,"LOAN_EQUITY":null,"LOAN_ASSETS":null,"DEPOSIT_EQUITY":null,"DEPOSIT_ASSETS":null,"EQUITY_MULTIPLIER":1.851605835609,"EQUITY_RATIO":0.914685393049},{"SECUCODE":"01255.HK","SECURITY_CODE":"01255","SECURITY_NAME_ABBR":"TATA健康","ORG_CODE":"10312568","STD_REPORT_DATE":"2019-06-30 00:00:00","REPORT_DATE":"2019-06-30 00:00:00","DATE_TYPE_CODE":"002","REPORT_TYPE":"2019年中报","PER_NETCASH_OPERATE":0.120883370467,"PER_OI":0.787871178505,"BPS":0.785175652206,"BASIC_EPS":-0.0131949,"DILUTED_EPS":-0.0131949,"OPERATE_INCOME":168604432.2,"OPERATE_INCOME_YOY":8.5776760627,"GROSS_PROFIT":100696439.52,"GROSS_PROFIT_YOY":15.816667372575,"HOLDER_PROFIT":-2775327.3,"HOLDER_PROFIT_YOY":-654.7846889952,"GROSS_PROFIT_RATIO":59.72348306986,"EPS_TTM":-0.018483108879,"OPERATE_INCOME_QOQ":6.303675471141,"NET_PROFIT_RATIO":-1.6100589555,"ROE_AVG":-1.445745590018,"GROSS_PROFIT_QOQ":7.117580745915,"ROA":-0.904559640011,"HOLDER_PROFIT_QOQ":-158.104595328155,"ROE_YEARLY":-2.891491180035,"ROIC_YEARLY":-2.057777567616,"TOTAL_ASSETS":307716503.58,"TOTAL_LIABILITIES":101828561.94,"TAX_EBT":-26.787181594084,"OCF_SALES":15.343037512391,"TOTAL_PARENT_EQUITY":190675981.26,"DEBT_ASSET_RATIO":33.0916804121,"OPERATE_PROFIT":-1043276.76,"PRETAX_PROFIT":-2141092.44,"NETCASH_OPERATE":25869041.28,"NETCASH_INVEST":-3998934.36,"NETCASH_FINANCE":-28791271.8,"END_CASH":18421839.72,"DIVI_RATIO":null,"DIVIDEND_RATE":null,"CURRENT_RATIO":2.247520791061,"COMMON_ACS":500000000,"CURRENTDEBT_DEBT":90.682365949948,"ISSUED_COMMON_SHARES":242845000,"HK_COMMON_SHARES":242845000,"PER_SHARES":2000,"TOTAL_MARKET_CAP":72853500,"HKSK_MARKET_CAP":72853500,"PE_TTM":-3.183739020233,"PB_TTM":3.218195070236,"REPORT_DATE_SQ":"2018-06-30 00:00:00","REPORT_TYPE_SQ":"2018年中报","OPERATE_INCOME_SQ":148830756.8,"DPS_HKD":null,"OPERATE_INCOME_QOQ_SQ":-15.419619992613,"NET_PROFIT_RATIO_SQ":-0.2367896311,"HOLDER_PROFIT_SQ":-352415.8,"HOLDER_PROFIT_QOQ_SQ":49.632053385422,"ROE_AVG_SQ":-0.216181551128,"PE_TTM_SQ":-3.395988288249,"PB_TTM_SQ":3.432741408252,"ROA_SQ":-0.132805922255,"START_DATE":"2019-01-01 00:00:00","FISCAL_YEAR":"12-31","CURRENCY":"HKD","IS_CNY_CODE":0,"DPS_HKD_LY":null,"ORG_TYPE":"一般企业","PREMIUM_INCOME":null,"PREMIUM_INCOME_YOY":null,"NET_INTEREST_INCOME":null,"NET_INTEREST_INCOME_YOY":null,"FEE_COMMISSION_INCOME":null,"FEE_COMMISSION_INCOME_YOY":null,"ACCOUNTS_RECE_TDAYS":3.402174395385,"INVENTORY_TDAYS":0.566274958555,"CURRENT_ASSETS_TDAYS":0.769602952012,"TOTAL_ASSETS_TDAYS":0.549530732808,"PREMIUM_EXPENSE":null,"LOAN_DEPOSIT":null,"LOAN_EQUITY":null,"LOAN_ASSETS":null,"DEPOSIT_EQUITY":null,"DEPOSIT_ASSETS":null,"EQUITY_MULTIPLIER":1.494582446786,"EQUITY_RATIO":0.534039794982}],"count":25},"success":true,"message":"ok","code":0}