{"version":"1e434d5bb6b6a18d764df34fc1b5c7d1","result":{"pages":3,"data":[{"SECUCODE":"01257.HK","SECURITY_CODE":"01257","SECURITY_NAME_ABBR":"中国光大绿色环保","ORG_CODE":"10537189","STD_REPORT_DATE":"2024-06-30 00:00:00","REPORT_DATE":"2024-06-30 00:00:00","DATE_TYPE_CODE":"002","REPORT_TYPE":"2024年中报","PER_NETCASH_OPERATE":0.442591564733,"PER_OI":1.548571746255,"BPS":5.043755476763,"BASIC_EPS":0.063613796,"DILUTED_EPS":0.063613796,"OPERATE_INCOME":3199470016.36,"OPERATE_INCOME_YOY":-8.2296232615,"GROSS_PROFIT":621628173.36,"GROSS_PROFIT_YOY":-29.561274400047,"HOLDER_PROFIT":131357469,"HOLDER_PROFIT_YOY":-45.4544420947,"GROSS_PROFIT_RATIO":19.429098262569,"EPS_TTM":-0.186505330476,"OPERATE_INCOME_QOQ":-4.797237301117,"NET_PROFIT_RATIO":3.9000141774,"ROE_AVG":1.26867527691,"GROSS_PROFIT_QOQ":-18.046037760819,"ROA":0.365993978169,"HOLDER_PROFIT_QOQ":-40.933155239774,"ROE_YEARLY":2.537350553821,"ROIC_YEARLY":0.79795990607,"TOTAL_ASSETS":35495412991.48,"TOTAL_LIABILITIES":24091750195.48,"TAX_EBT":33.98040437111,"OCF_SALES":28.580630235764,"TOTAL_PARENT_EQUITY":10420792227.92,"DEBT_ASSET_RATIO":67.8728550116,"OPERATE_PROFIT":565856123.92,"PRETAX_PROFIT":189004163.16,"NETCASH_OPERATE":914428694.88,"NETCASH_INVEST":-302097080,"NETCASH_FINANCE":-889891293.08,"END_CASH":1811560278.4,"DIVI_RATIO":-0.068510213447,"DIVIDEND_RATE":1.917808219178,"CURRENT_RATIO":1.370513710308,"COMMON_ACS":5000000000,"CURRENTDEBT_DEBT":38.738261747837,"ISSUED_COMMON_SHARES":2066078000,"HK_COMMON_SHARES":2066078000,"PER_SHARES":1000,"TOTAL_MARKET_CAP":1508236940,"HKSK_MARKET_CAP":1508236940,"PE_TTM":-3.577004847645,"PB_TTM":0.132095301422,"REPORT_DATE_SQ":"2023-06-30 00:00:00","REPORT_TYPE_SQ":"2023年中报","OPERATE_INCOME_SQ":3521911969.12,"DPS_HKD":0.014,"OPERATE_INCOME_QOQ_SQ":-1.213470428506,"NET_PROFIT_RATIO_SQ":7.0988737008,"HOLDER_PROFIT_SQ":243275486.76,"HOLDER_PROFIT_QOQ_SQ":-24.595920351622,"ROE_AVG_SQ":2.140905847997,"PE_TTM_SQ":7.118515711136,"PB_TTM_SQ":0.134765043717,"ROA_SQ":0.669822401691,"START_DATE":"2024-01-01 00:00:00","FISCAL_YEAR":"12-31","CURRENCY":"HKD","IS_CNY_CODE":0,"DPS_HKD_LY":0.014,"ORG_TYPE":"一般企业","PREMIUM_INCOME":null,"PREMIUM_INCOME_YOY":null,"NET_INTEREST_INCOME":null,"NET_INTEREST_INCOME_YOY":null,"FEE_COMMISSION_INCOME":null,"FEE_COMMISSION_INCOME_YOY":null,"ACCOUNTS_RECE_TDAYS":0.425176441922,"INVENTORY_TDAYS":7.438711402043,"CURRENT_ASSETS_TDAYS":0.246024748823,"TOTAL_ASSETS_TDAYS":0.089145045823,"PREMIUM_EXPENSE":null,"LOAN_DEPOSIT":null,"LOAN_EQUITY":null,"LOAN_ASSETS":null,"DEPOSIT_EQUITY":null,"DEPOSIT_ASSETS":null,"EQUITY_MULTIPLIER":3.112632636237,"EQUITY_RATIO":2.311892384816},{"SECUCODE":"01257.HK","SECURITY_CODE":"01257","SECURITY_NAME_ABBR":"中国光大绿色环保","ORG_CODE":"10537189","STD_REPORT_DATE":"2023-12-31 00:00:00","REPORT_DATE":"2023-12-31 00:00:00","DATE_TYPE_CODE":"001","REPORT_TYPE":"2023年年报","PER_NETCASH_OPERATE":-0.055091797435,"PER_OI":3.253221452462,"BPS":4.943768498547,"BASIC_EPS":-0.13230812,"DILUTED_EPS":-0.13230812,"OPERATE_INCOME":6721409272.06,"OPERATE_INCOME_YOY":-7.8427508561,"GROSS_PROFIT":1445641111.46,"GROSS_PROFIT_YOY":-3.86577365734,"HOLDER_PROFIT":-273416542.42,"HOLDER_PROFIT_YOY":-188.686100276,"GROSS_PROFIT_RATIO":21.508006028875,"EPS_TTM":-0.132336021399,"OPERATE_INCOME_QOQ":-5.358270494622,"NET_PROFIT_RATIO":-4.0694633781,"ROE_AVG":-2.550817715675,"GROSS_PROFIT_QOQ":-6.794393360077,"ROA":-0.764659666624,"HOLDER_PROFIT_QOQ":-219.319550589668,"ROE_YEARLY":-2.550817715675,"ROIC_YEARLY":-0.833231081905,"TOTAL_ASSETS":36028972777.28,"TOTAL_LIABILITIES":24831411248.7,"TAX_EBT":11.039883520785,"OCF_SALES":-1.693453650162,"TOTAL_PARENT_EQUITY":10214211331.94,"DEBT_ASSET_RATIO":68.9206750417,"OPERATE_PROFIT":438495390.06,"PRETAX_PROFIT":-307469571.36,"NETCASH_OPERATE":-113823950.66,"NETCASH_INVEST":-1254034485.76,"NETCASH_FINANCE":1786548388.38,"END_CASH":2092079555.16,"DIVI_RATIO":-0.096553605473,"DIVIDEND_RATE":1.627906976744,"CURRENT_RATIO":1.118954341378,"COMMON_ACS":5000000000,"CURRENTDEBT_DEBT":47.237870325208,"ISSUED_COMMON_SHARES":2066078000,"HK_COMMON_SHARES":2066078000,"PER_SHARES":1000,"TOTAL_MARKET_CAP":1776827080,"HKSK_MARKET_CAP":1776827080,"PE_TTM":-4.214005710925,"PB_TTM":0.155619122223,"REPORT_DATE_SQ":"2022-12-31 00:00:00","REPORT_TYPE_SQ":"2022年年报","OPERATE_INCOME_SQ":7189189709.17,"DPS_HKD":0.014,"OPERATE_INCOME_QOQ_SQ":3.861834926045,"NET_PROFIT_RATIO_SQ":4.2866882426,"HOLDER_PROFIT_SQ":303891347.27,"HOLDER_PROFIT_QOQ_SQ":-52.644689384934,"ROE_AVG_SQ":2.602318749453,"PE_TTM_SQ":6.5846270328,"PB_TTM_SQ":0.124657665439,"ROA_SQ":0.853747198242,"START_DATE":"2023-01-01 00:00:00","FISCAL_YEAR":"12-31","CURRENCY":"HKD","IS_CNY_CODE":0,"DPS_HKD_LY":0.025,"ORG_TYPE":"一般企业","PREMIUM_INCOME":null,"PREMIUM_INCOME_YOY":null,"NET_INTEREST_INCOME":null,"NET_INTEREST_INCOME_YOY":null,"FEE_COMMISSION_INCOME":null,"FEE_COMMISSION_INCOME_YOY":null,"ACCOUNTS_RECE_TDAYS":0.961463664915,"INVENTORY_TDAYS":15.678218061757,"CURRENT_ASSETS_TDAYS":0.55090593234,"TOTAL_ASSETS_TDAYS":0.187976576974,"PREMIUM_EXPENSE":null,"LOAN_DEPOSIT":null,"LOAN_EQUITY":null,"LOAN_ASSETS":null,"DEPOSIT_EQUITY":null,"DEPOSIT_ASSETS":null,"EQUITY_MULTIPLIER":3.217573101545,"EQUITY_RATIO":2.431064958589},{"SECUCODE":"01257.HK","SECURITY_CODE":"01257","SECURITY_NAME_ABBR":"中国光大绿色环保","ORG_CODE":"10537189","STD_REPORT_DATE":"2023-06-30 00:00:00","REPORT_DATE":"2023-06-30 00:00:00","DATE_TYPE_CODE":"002","REPORT_TYPE":"2023年中报","PER_NETCASH_OPERATE":-0.063230446343,"PER_OI":1.704636499261,"BPS":5.473110679548,"BASIC_EPS":0.117736846,"DILUTED_EPS":0.117736846,"OPERATE_INCOME":3521911969.12,"OPERATE_INCOME_YOY":-9.4862415886,"GROSS_PROFIT":882509114.22,"GROSS_PROFIT_YOY":5.656949000125,"HOLDER_PROFIT":243275486.76,"HOLDER_PROFIT_YOY":-29.0447493889,"GROSS_PROFIT_RATIO":25.057671002507,"EPS_TTM":0.110908917059,"OPERATE_INCOME_QOQ":-1.213470428506,"NET_PROFIT_RATIO":7.0988737008,"ROE_AVG":2.140905847997,"GROSS_PROFIT_QOQ":3.142106798414,"ROA":0.669822401691,"HOLDER_PROFIT_QOQ":-24.595920351622,"ROE_YEARLY":4.281811695995,"ROIC_YEARLY":1.452301495968,"TOTAL_ASSETS":36537407262.32,"TOTAL_LIABILITIES":24194500508.14,"TAX_EBT":29.086744020021,"OCF_SALES":-3.709321393193,"TOTAL_PARENT_EQUITY":11307873566.58,"DEBT_ASSET_RATIO":66.2184383649,"OPERATE_PROFIT":726086909.4,"PRETAX_PROFIT":352566073.98,"NETCASH_OPERATE":-130639034.12,"NETCASH_INVEST":-879869485.48,"NETCASH_FINANCE":1012984957.88,"END_CASH":1730918798.14,"DIVI_RATIO":0.115207328128,"DIVIDEND_RATE":1.627906976744,"CURRENT_RATIO":1.632682998368,"COMMON_ACS":5000000000,"CURRENTDEBT_DEBT":30.99902510844,"ISSUED_COMMON_SHARES":2066078000,"HK_COMMON_SHARES":2066078000,"PER_SHARES":1000,"TOTAL_MARKET_CAP":1776827080,"HKSK_MARKET_CAP":1776827080,"PE_TTM":-4.214005710925,"PB_TTM":0.155619122223,"REPORT_DATE_SQ":"2022-06-30 00:00:00","REPORT_TYPE_SQ":"2022年中报","OPERATE_INCOME_SQ":3609150660.29,"DPS_HKD":0.014,"OPERATE_INCOME_QOQ_SQ":0.226052921587,"NET_PROFIT_RATIO_SQ":8.8574697811,"HOLDER_PROFIT_SQ":318020360.49,"HOLDER_PROFIT_QOQ_SQ":-29.313712004802,"ROE_AVG_SQ":2.749036764119,"PE_TTM_SQ":6.5846270328,"PB_TTM_SQ":0.124657665439,"ROA_SQ":0.908200843264,"START_DATE":"2023-01-01 00:00:00","FISCAL_YEAR":"12-31","CURRENCY":"HKD","IS_CNY_CODE":0,"DPS_HKD_LY":0.025,"ORG_TYPE":"一般企业","PREMIUM_INCOME":null,"PREMIUM_INCOME_YOY":null,"NET_INTEREST_INCOME":null,"NET_INTEREST_INCOME_YOY":null,"FEE_COMMISSION_INCOME":null,"FEE_COMMISSION_INCOME_YOY":null,"ACCOUNTS_RECE_TDAYS":0.529203967204,"INVENTORY_TDAYS":7.308511711086,"CURRENT_ASSETS_TDAYS":0.296988796555,"TOTAL_ASSETS_TDAYS":0.09697054007,"PREMIUM_EXPENSE":null,"LOAN_DEPOSIT":null,"LOAN_EQUITY":null,"LOAN_ASSETS":null,"DEPOSIT_EQUITY":null,"DEPOSIT_ASSETS":null,"EQUITY_MULTIPLIER":2.960194708586,"EQUITY_RATIO":2.139615407414},{"SECUCODE":"01257.HK","SECURITY_CODE":"01257","SECURITY_NAME_ABBR":"中国光大绿色环保","ORG_CODE":"10537189","STD_REPORT_DATE":"2022-12-31 00:00:00","REPORT_DATE":"2022-12-31 00:00:00","DATE_TYPE_CODE":"001","REPORT_TYPE":"2022年年报","PER_NETCASH_OPERATE":-0.18149341913,"PER_OI":3.479631315551,"BPS":5.354573171802,"BASIC_EPS":0.147121569,"DILUTED_EPS":0.147121569,"OPERATE_INCOME":7189189709.17,"OPERATE_INCOME_YOY":-4.7215348315,"GROSS_PROFIT":1503773594.96,"GROSS_PROFIT_YOY":-21.599481899258,"HOLDER_PROFIT":303891347.27,"HOLDER_PROFIT_YOY":-69.3618879938,"GROSS_PROFIT_RATIO":20.917149995943,"EPS_TTM":0.147086096106,"OPERATE_INCOME_QOQ":3.861834926045,"NET_PROFIT_RATIO":4.2866882426,"ROE_AVG":2.602318749453,"GROSS_PROFIT_QOQ":-9.01829793218,"ROA":0.853747198242,"HOLDER_PROFIT_QOQ":-52.644689384934,"ROE_YEARLY":2.602318749453,"ROIC_YEARLY":0.922573016036,"TOTAL_ASSETS":34977215989.52,"TOTAL_LIABILITIES":22887445227.57,"TAX_EBT":32.373892009926,"OCF_SALES":-5.215880726192,"TOTAL_PARENT_EQUITY":11062965829.65,"DEBT_ASSET_RATIO":65.4352971787,"OPERATE_PROFIT":1127488073.81,"PRETAX_PROFIT":455708836.66,"NETCASH_OPERATE":-374979560.41,"NETCASH_INVEST":-1415950861.64,"NETCASH_FINANCE":1448503406.98,"END_CASH":1701487296.95,"DIVI_RATIO":0.086871025463,"DIVIDEND_RATE":1.627906976744,"CURRENT_RATIO":1.373137836617,"COMMON_ACS":5000000000,"CURRENTDEBT_DEBT":35.367027616911,"ISSUED_COMMON_SHARES":2066078000,"HK_COMMON_SHARES":2066078000,"PER_SHARES":1000,"TOTAL_MARKET_CAP":1776827080,"HKSK_MARKET_CAP":1776827080,"PE_TTM":-4.214005710925,"PB_TTM":0.155619122223,"REPORT_DATE_SQ":"2021-12-31 00:00:00","REPORT_TYPE_SQ":"2021年年报","OPERATE_INCOME_SQ":6906266382.4,"DPS_HKD":0.014,"OPERATE_INCOME_QOQ_SQ":-13.59641961377,"NET_PROFIT_RATIO_SQ":13.2595138226,"HOLDER_PROFIT_SQ":907850776,"HOLDER_PROFIT_QOQ_SQ":-17.295068448185,"ROE_AVG_SQ":8.448657789242,"PE_TTM_SQ":6.5846270328,"PB_TTM_SQ":0.124657665439,"ROA_SQ":2.929611505023,"START_DATE":"2022-01-01 00:00:00","FISCAL_YEAR":"12-31","CURRENCY":"HKD","IS_CNY_CODE":0,"DPS_HKD_LY":0.076,"ORG_TYPE":"一般企业","PREMIUM_INCOME":null,"PREMIUM_INCOME_YOY":null,"NET_INTEREST_INCOME":null,"NET_INTEREST_INCOME_YOY":null,"FEE_COMMISSION_INCOME":null,"FEE_COMMISSION_INCOME_YOY":null,"ACCOUNTS_RECE_TDAYS":1.212481880199,"INVENTORY_TDAYS":18.038373953325,"CURRENT_ASSETS_TDAYS":0.66118940501,"TOTAL_ASSETS_TDAYS":0.201971876691,"PREMIUM_EXPENSE":null,"LOAN_DEPOSIT":null,"LOAN_EQUITY":null,"LOAN_ASSETS":null,"DEPOSIT_EQUITY":null,"DEPOSIT_ASSETS":null,"EQUITY_MULTIPLIER":2.893124830756,"EQUITY_RATIO":2.068834486158},{"SECUCODE":"01257.HK","SECURITY_CODE":"01257","SECURITY_NAME_ABBR":"中国光大绿色环保","ORG_CODE":"10537189","STD_REPORT_DATE":"2022-06-30 00:00:00","REPORT_DATE":"2022-06-30 00:00:00","DATE_TYPE_CODE":"002","REPORT_TYPE":"2022年中报","PER_NETCASH_OPERATE":-0.272081299694,"PER_OI":1.746860796296,"BPS":5.502416283195,"BASIC_EPS":0.1539342,"DILUTED_EPS":0.1539342,"OPERATE_INCOME":3609150660.29,"OPERATE_INCOME_YOY":-2.2796221678,"GROSS_PROFIT":835258941.86,"GROSS_PROFIT_YOY":-24.101456376372,"HOLDER_PROFIT":318020360.49,"HOLDER_PROFIT_YOY":-47.0291867869,"GROSS_PROFIT_RATIO":23.142811716064,"EPS_TTM":0.310601058668,"OPERATE_INCOME_QOQ":0.226052921587,"NET_PROFIT_RATIO":8.8574697811,"ROE_AVG":2.749036764119,"GROSS_PROFIT_QOQ":-13.828257420047,"ROA":0.908200843264,"HOLDER_PROFIT_QOQ":-29.313712004802,"ROE_YEARLY":5.498073528238,"ROIC_YEARLY":1.984848404989,"TOTAL_ASSETS":35364002456.23,"TOTAL_LIABILITIES":22981723550.03,"TAX_EBT":19.070134987389,"OCF_SALES":-15.575442546497,"TOTAL_PARENT_EQUITY":11368421229.55,"DEBT_ASSET_RATIO":64.9862061809,"OPERATE_PROFIT":710554280.87,"PRETAX_PROFIT":395007985.05,"NETCASH_OPERATE":-562141187.51,"NETCASH_INVEST":-888328612.5,"NETCASH_FINANCE":1882575072.07,"END_CASH":2456067196.45,"DIVI_RATIO":0.041138043942,"DIVIDEND_RATE":1.627906976744,"CURRENT_RATIO":1.417429543235,"COMMON_ACS":5000000000,"CURRENTDEBT_DEBT":35.465407460962,"ISSUED_COMMON_SHARES":2066078000,"HK_COMMON_SHARES":2066078000,"PER_SHARES":1000,"TOTAL_MARKET_CAP":1776827080,"HKSK_MARKET_CAP":1776827080,"PE_TTM":-4.214005710925,"PB_TTM":0.155619122223,"REPORT_DATE_SQ":"2021-06-30 00:00:00","REPORT_TYPE_SQ":"2021年中报","OPERATE_INCOME_SQ":3593538843.36,"DPS_HKD":0.014,"OPERATE_INCOME_QOQ_SQ":-3.440668279798,"NET_PROFIT_RATIO_SQ":16.4132055122,"HOLDER_PROFIT_SQ":584145122.4,"HOLDER_PROFIT_QOQ_SQ":-13.197353834837,"ROE_AVG_SQ":5.399883722858,"PE_TTM_SQ":6.5846270328,"PB_TTM_SQ":0.124657665439,"ROA_SQ":1.903261127044,"START_DATE":"2022-01-01 00:00:00","FISCAL_YEAR":"12-31","CURRENCY":"HKD","IS_CNY_CODE":0,"DPS_HKD_LY":0.076,"ORG_TYPE":"一般企业","PREMIUM_INCOME":null,"PREMIUM_INCOME_YOY":null,"NET_INTEREST_INCOME":null,"NET_INTEREST_INCOME_YOY":null,"FEE_COMMISSION_INCOME":null,"FEE_COMMISSION_INCOME_YOY":null,"ACCOUNTS_RECE_TDAYS":null,"INVENTORY_TDAYS":9.917027824021,"CURRENT_ASSETS_TDAYS":0.332168240428,"TOTAL_ASSETS_TDAYS":0.103069931375,"PREMIUM_EXPENSE":null,"LOAN_DEPOSIT":null,"LOAN_EQUITY":null,"LOAN_ASSETS":null,"DEPOSIT_EQUITY":null,"DEPOSIT_ASSETS":null,"EQUITY_MULTIPLIER":2.856017274696,"EQUITY_RATIO":2.021540465997},{"SECUCODE":"01257.HK","SECURITY_CODE":"01257","SECURITY_NAME_ABBR":"中国光大绿色环保","ORG_CODE":"10537189","STD_REPORT_DATE":"2021-12-31 00:00:00","REPORT_DATE":"2021-12-31 00:00:00","DATE_TYPE_CODE":"001","REPORT_TYPE":"2021年年报","PER_NETCASH_OPERATE":0.168853352487,"PER_OI":3.34269392656,"BPS":5.445657439845,"BASIC_EPS":0.43937824,"DILUTED_EPS":0.43937824,"OPERATE_INCOME":6906266382.4,"OPERATE_INCOME_YOY":-14.1161558033,"GROSS_PROFIT":1918065889.6,"GROSS_PROFIT_YOY":-24.325681524743,"HOLDER_PROFIT":907850776,"HOLDER_PROFIT_YOY":-26.0990780895,"GROSS_PROFIT_RATIO":27.772833878636,"EPS_TTM":0.439407793897,"OPERATE_INCOME_QOQ":-13.59641961377,"NET_PROFIT_RATIO":13.2595138226,"ROE_AVG":8.448657789242,"GROSS_PROFIT_QOQ":-17.765324818847,"ROA":2.929611505023,"HOLDER_PROFIT_QOQ":-17.295068448185,"ROE_YEARLY":8.448657789242,"ROIC_YEARLY":3.1686215705,"TOTAL_ASSETS":33145161425.6,"TOTAL_LIABILITIES":21579909366.4,"TAX_EBT":16.948736543472,"OCF_SALES":5.051415301458,"TOTAL_PARENT_EQUITY":11251153032,"DEBT_ASSET_RATIO":65.1072688689,"OPERATE_PROFIT":1661675523.2,"PRETAX_PROFIT":1102616995.2,"NETCASH_OPERATE":348864196.8,"NETCASH_INVEST":-2290407470.4,"NETCASH_FINANCE":1859167620.8,"END_CASH":2030565196.8,"DIVI_RATIO":0.029078956217,"DIVIDEND_RATE":1.627906976744,"CURRENT_RATIO":1.375103336711,"COMMON_ACS":5000000000,"CURRENTDEBT_DEBT":32.791122327037,"ISSUED_COMMON_SHARES":2066078000,"HK_COMMON_SHARES":2066078000,"PER_SHARES":1000,"TOTAL_MARKET_CAP":1776827080,"HKSK_MARKET_CAP":1776827080,"PE_TTM":-4.214005710925,"PB_TTM":0.155619122223,"REPORT_DATE_SQ":"2020-12-31 00:00:00","REPORT_TYPE_SQ":"2020年年报","OPERATE_INCOME_SQ":8277845856.64,"DPS_HKD":0.014,"OPERATE_INCOME_QOQ_SQ":-2.150525944119,"NET_PROFIT_RATIO_SQ":15.3863766876,"HOLDER_PROFIT_SQ":1264591032.48,"HOLDER_PROFIT_QOQ_SQ":-15.025402309308,"ROE_AVG_SQ":13.139476043835,"PE_TTM_SQ":6.5846270328,"PB_TTM_SQ":0.124657665439,"ROA_SQ":4.884457569296,"START_DATE":"2021-01-01 00:00:00","FISCAL_YEAR":"12-31","CURRENCY":"HKD","IS_CNY_CODE":0,"DPS_HKD_LY":0.14,"ORG_TYPE":"一般企业","PREMIUM_INCOME":null,"PREMIUM_INCOME_YOY":null,"NET_INTEREST_INCOME":null,"NET_INTEREST_INCOME_YOY":null,"FEE_COMMISSION_INCOME":null,"FEE_COMMISSION_INCOME_YOY":null,"ACCOUNTS_RECE_TDAYS":1.814119421775,"INVENTORY_TDAYS":22.340436517164,"CURRENT_ASSETS_TDAYS":0.774991435367,"TOTAL_ASSETS_TDAYS":0.222863470358,"PREMIUM_EXPENSE":null,"LOAN_DEPOSIT":null,"LOAN_EQUITY":null,"LOAN_ASSETS":null,"DEPOSIT_EQUITY":null,"DEPOSIT_ASSETS":null,"EQUITY_MULTIPLIER":2.865926419582,"EQUITY_RATIO":1.918017584955},{"SECUCODE":"01257.HK","SECURITY_CODE":"01257","SECURITY_NAME_ABBR":"中国光大绿色环保","ORG_CODE":"10537189","STD_REPORT_DATE":"2021-06-30 00:00:00","REPORT_DATE":"2021-06-30 00:00:00","DATE_TYPE_CODE":"002","REPORT_TYPE":"2021年中报","PER_NETCASH_OPERATE":0.075475989154,"PER_OI":1.739304539015,"BPS":5.427803712696,"BASIC_EPS":0.282740784,"DILUTED_EPS":0.282740784,"OPERATE_INCOME":3593538843.36,"OPERATE_INCOME_YOY":1.7161833544,"GROSS_PROFIT":1100494030.56,"GROSS_PROFIT_YOY":-15.521871058626,"HOLDER_PROFIT":584145122.4,"HOLDER_PROFIT_YOY":-14.6164960691,"GROSS_PROFIT_RATIO":30.624241966758,"EPS_TTM":0.531295759095,"OPERATE_INCOME_QOQ":-3.440668279798,"NET_PROFIT_RATIO":16.4132055122,"ROE_AVG":5.399883722858,"GROSS_PROFIT_QOQ":-7.977603962615,"ROA":1.903261127044,"HOLDER_PROFIT_QOQ":-13.197353834837,"ROE_YEARLY":10.799767445715,"ROIC_YEARLY":4.124140609444,"TOTAL_ASSETS":32040577552.56,"TOTAL_LIABILITIES":20517283858.08,"TAX_EBT":18.659526101809,"OCF_SALES":4.339434955827,"TOTAL_PARENT_EQUITY":11214265839.12,"DEBT_ASSET_RATIO":64.0353121738,"OPERATE_PROFIT":1017525669.6,"PRETAX_PROFIT":725118612.24,"NETCASH_OPERATE":155939280.72,"NETCASH_INVEST":-1412739539.28,"NETCASH_FINANCE":1170871356.96,"END_CASH":2046803637.12,"DIVI_RATIO":0.024049730835,"DIVIDEND_RATE":1.627906976744,"CURRENT_RATIO":1.479573603473,"COMMON_ACS":5000000000,"CURRENTDEBT_DEBT":30.129318780983,"ISSUED_COMMON_SHARES":2066078000,"HK_COMMON_SHARES":2066078000,"PER_SHARES":1000,"TOTAL_MARKET_CAP":1776827080,"HKSK_MARKET_CAP":1776827080,"PE_TTM":-4.214005710925,"PB_TTM":0.155619122223,"REPORT_DATE_SQ":"2020-06-30 00:00:00","REPORT_TYPE_SQ":"2020年中报","OPERATE_INCOME_SQ":3878352060,"DPS_HKD":0.014,"OPERATE_INCOME_QOQ_SQ":1.77247294581,"NET_PROFIT_RATIO_SQ":19.4825565991,"HOLDER_PROFIT_SQ":751037675.52,"HOLDER_PROFIT_QOQ_SQ":2.458696447265,"ROE_AVG_SQ":7.767793051832,"PE_TTM_SQ":6.5846270328,"PB_TTM_SQ":0.124657665439,"ROA_SQ":2.983055939102,"START_DATE":"2021-01-01 00:00:00","FISCAL_YEAR":"12-31","CURRENCY":"HKD","IS_CNY_CODE":0,"DPS_HKD_LY":0.14,"ORG_TYPE":"一般企业","PREMIUM_INCOME":null,"PREMIUM_INCOME_YOY":null,"NET_INTEREST_INCOME":null,"NET_INTEREST_INCOME_YOY":null,"FEE_COMMISSION_INCOME":null,"FEE_COMMISSION_INCOME_YOY":null,"ACCOUNTS_RECE_TDAYS":1.138998265159,"INVENTORY_TDAYS":12.463383486483,"CURRENT_ASSETS_TDAYS":0.413482795374,"TOTAL_ASSETS_TDAYS":0.117084651174,"PREMIUM_EXPENSE":null,"LOAN_DEPOSIT":null,"LOAN_EQUITY":null,"LOAN_ASSETS":null,"DEPOSIT_EQUITY":null,"DEPOSIT_ASSETS":null,"EQUITY_MULTIPLIER":2.780505157816,"EQUITY_RATIO":1.82956995602},{"SECUCODE":"01257.HK","SECURITY_CODE":"01257","SECURITY_NAME_ABBR":"中国光大绿色环保","ORG_CODE":"10537189","STD_REPORT_DATE":"2020-12-31 00:00:00","REPORT_DATE":"2020-12-31 00:00:00","DATE_TYPE_CODE":"001","REPORT_TYPE":"2020年年报","PER_NETCASH_OPERATE":-0.361674820951,"PER_OI":4.006550506147,"BPS":5.101906463589,"BASIC_EPS":0.612040608,"DILUTED_EPS":0.612040608,"OPERATE_INCOME":8277845856.64,"OPERATE_INCOME_YOY":5.9897376544,"GROSS_PROFIT":2534632525.6,"GROSS_PROFIT_YOY":1.017834006025,"HOLDER_PROFIT":1264591032.48,"HOLDER_PROFIT_YOY":-7.3355958796,"GROSS_PROFIT_RATIO":30.619469962308,"EPS_TTM":0.612073228833,"OPERATE_INCOME_QOQ":-2.150525944119,"NET_PROFIT_RATIO":15.3863766876,"ROE_AVG":13.139476043835,"GROSS_PROFIT_QOQ":-4.150574686171,"ROA":4.884457569296,"HOLDER_PROFIT_QOQ":-15.025402309308,"ROE_YEARLY":13.139476043835,"ROIC_YEARLY":5.392762983657,"TOTAL_ASSETS":29680155175.52,"TOTAL_LIABILITIES":18850907116.28,"TAX_EBT":21.435042392042,"OCF_SALES":-9.027087525683,"TOTAL_PARENT_EQUITY":10540936702.48,"DEBT_ASSET_RATIO":63.5135059261,"OPERATE_PROFIT":2277425658.32,"PRETAX_PROFIT":1621156026.68,"NETCASH_OPERATE":-747248390.72,"NETCASH_INVEST":-2746477521.8,"NETCASH_FINANCE":3204290124.72,"END_CASH":2109128799,"DIVI_RATIO":0.02087580276,"DIVIDEND_RATE":1.627906976744,"CURRENT_RATIO":1.562217220103,"COMMON_ACS":5000000000,"CURRENTDEBT_DEBT":28.286391353947,"ISSUED_COMMON_SHARES":2066078000,"HK_COMMON_SHARES":2066078000,"PER_SHARES":1000,"TOTAL_MARKET_CAP":1776827080,"HKSK_MARKET_CAP":1776827080,"PE_TTM":-4.214005710925,"PB_TTM":0.155619122223,"REPORT_DATE_SQ":"2019-12-31 00:00:00","REPORT_TYPE_SQ":"2019年年报","OPERATE_INCOME_SQ":8312439777.9,"DPS_HKD":0.014,"OPERATE_INCOME_QOQ_SQ":15.325694689422,"NET_PROFIT_RATIO_SQ":17.7498274432,"HOLDER_PROFIT_SQ":1452486667.06,"HOLDER_PROFIT_QOQ_SQ":8.994132720271,"ROE_AVG_SQ":16.474179849288,"PE_TTM_SQ":6.5846270328,"PB_TTM_SQ":0.124657665439,"ROA_SQ":7.228874840544,"START_DATE":"2020-01-01 00:00:00","FISCAL_YEAR":"12-31","CURRENCY":"HKD","IS_CNY_CODE":0,"DPS_HKD_LY":0.16,"ORG_TYPE":"一般企业","PREMIUM_INCOME":null,"PREMIUM_INCOME_YOY":null,"NET_INTEREST_INCOME":null,"NET_INTEREST_INCOME_YOY":null,"FEE_COMMISSION_INCOME":null,"FEE_COMMISSION_INCOME_YOY":null,"ACCOUNTS_RECE_TDAYS":4.48976306963,"INVENTORY_TDAYS":30.539629971089,"CURRENT_ASSETS_TDAYS":1.127564645762,"TOTAL_ASSETS_TDAYS":0.319730140523,"PREMIUM_EXPENSE":null,"LOAN_DEPOSIT":null,"LOAN_EQUITY":null,"LOAN_ASSETS":null,"DEPOSIT_EQUITY":null,"DEPOSIT_ASSETS":null,"EQUITY_MULTIPLIER":2.7407401708,"EQUITY_RATIO":1.788352178592},{"SECUCODE":"01257.HK","SECURITY_CODE":"01257","SECURITY_NAME_ABBR":"中国光大绿色环保","ORG_CODE":"10537189","STD_REPORT_DATE":"2020-06-30 00:00:00","REPORT_DATE":"2020-06-30 00:00:00","DATE_TYPE_CODE":"002","REPORT_TYPE":"2020年中报","PER_NETCASH_OPERATE":-0.466920873888,"PER_OI":1.877156651395,"BPS":4.785187807314,"BASIC_EPS":0.36354912,"DILUTED_EPS":0.36354912,"OPERATE_INCOME":3878352060,"OPERATE_INCOME_YOY":0.1047995605,"GROSS_PROFIT":1302696975.36,"GROSS_PROFIT_YOY":11.589485506744,"HOLDER_PROFIT":751037675.52,"HOLDER_PROFIT_YOY":1.1097119471,"GROSS_PROFIT_RATIO":33.588930432479,"EPS_TTM":0.720301414148,"OPERATE_INCOME_QOQ":1.77247294581,"NET_PROFIT_RATIO":19.4825565991,"ROE_AVG":7.767793051832,"GROSS_PROFIT_QOQ":5.392216672426,"ROA":2.983055939102,"HOLDER_PROFIT_QOQ":2.458696447265,"ROE_YEARLY":15.535586103665,"ROIC_YEARLY":6.638368695302,"TOTAL_ASSETS":26368181136,"TOTAL_LIABILITIES":16232545850.4,"TAX_EBT":19.41390335572,"OCF_SALES":-24.873836370595,"TOTAL_PARENT_EQUITY":9886571254.56,"DEBT_ASSET_RATIO":61.5611132474,"OPERATE_PROFIT":1082653846.56,"PRETAX_PROFIT":937633371.84,"NETCASH_OPERATE":-964694945.28,"NETCASH_INVEST":-926246428.8,"NETCASH_FINANCE":1622676834.24,"END_CASH":2156634580.32,"DIVI_RATIO":0.01773912941,"DIVIDEND_RATE":1.627906976744,"CURRENT_RATIO":1.588391783195,"COMMON_ACS":5000000000,"CURRENTDEBT_DEBT":29.918008686729,"ISSUED_COMMON_SHARES":2066078000,"HK_COMMON_SHARES":2066078000,"PER_SHARES":1000,"TOTAL_MARKET_CAP":1776827080,"HKSK_MARKET_CAP":1776827080,"PE_TTM":-4.214005710925,"PB_TTM":0.155619122223,"REPORT_DATE_SQ":"2019-06-30 00:00:00","REPORT_TYPE_SQ":"2019年中报","OPERATE_INCOME_SQ":3731016313.8,"DPS_HKD":0.014,"OPERATE_INCOME_QOQ_SQ":17.486574599614,"NET_PROFIT_RATIO_SQ":19.4830752836,"HOLDER_PROFIT_SQ":715325437.44,"HOLDER_PROFIT_QOQ_SQ":14.797436929913,"ROE_AVG_SQ":8.436660334378,"PE_TTM_SQ":6.5846270328,"PB_TTM_SQ":0.124657665439,"ROA_SQ":3.947567198314,"START_DATE":"2020-01-01 00:00:00","FISCAL_YEAR":"12-31","CURRENCY":"HKD","IS_CNY_CODE":0,"DPS_HKD_LY":0.16,"ORG_TYPE":"一般企业","PREMIUM_INCOME":null,"PREMIUM_INCOME_YOY":null,"NET_INTEREST_INCOME":null,"NET_INTEREST_INCOME_YOY":null,"FEE_COMMISSION_INCOME":null,"FEE_COMMISSION_INCOME_YOY":null,"ACCOUNTS_RECE_TDAYS":2.764110169243,"INVENTORY_TDAYS":11.598366201934,"CURRENT_ASSETS_TDAYS":0.530973146987,"TOTAL_ASSETS_TDAYS":0.154044750664,"PREMIUM_EXPENSE":null,"LOAN_DEPOSIT":null,"LOAN_EQUITY":null,"LOAN_ASSETS":null,"DEPOSIT_EQUITY":null,"DEPOSIT_ASSETS":null,"EQUITY_MULTIPLIER":2.60153215788,"EQUITY_RATIO":1.641878203519}],"count":22},"success":true,"message":"ok","code":0}