{"version":"521d6db40dbc2fdbde147dedf8a1d1d1","result":{"pages":4,"data":[{"SECUCODE":"01252.HK","SECURITY_CODE":"01252","SECURITY_NAME_ABBR":"中国天瑞水泥","ORG_CODE":"10188274","STD_REPORT_DATE":"2024-06-30 00:00:00","REPORT_DATE":"2024-06-30 00:00:00","DATE_TYPE_CODE":"002","REPORT_TYPE":"2024年中报","PER_NETCASH_OPERATE":0.73768557967,"PER_OI":0.879356818172,"BPS":5.025400782013,"BASIC_EPS":0.01,"DILUTED_EPS":0.01,"OPERATE_INCOME":2583798000,"OPERATE_INCOME_YOY":-35.3817551227,"GROSS_PROFIT":615063000,"GROSS_PROFIT_YOY":-34.57688343433,"HOLDER_PROFIT":28290000,"HOLDER_PROFIT_YOY":-81.2052803263,"GROSS_PROFIT_RATIO":23.804608564601,"EPS_TTM":-0.257329313809,"OPERATE_INCOME_QOQ":-17.933756802357,"NET_PROFIT_RATIO":1.0019746126,"ROE_AVG":0.182745079141,"GROSS_PROFIT_QOQ":-19.951108527898,"ROA":0.072541535254,"HOLDER_PROFIT_QOQ":-19.283139420233,"ROE_YEARLY":0.365490158283,"ROIC_YEARLY":0.149712385124,"TOTAL_ASSETS":37423201000,"TOTAL_LIABILITIES":21611245000,"TAX_EBT":16.165279621774,"OCF_SALES":83.889220442155,"TOTAL_PARENT_EQUITY":15494726000,"DEBT_ASSET_RATIO":57.74825355,"OPERATE_PROFIT":450971000,"PRETAX_PROFIT":30881000,"NETCASH_OPERATE":2167528000,"NETCASH_INVEST":-69891000,"NETCASH_FINANCE":-2672414000,"END_CASH":600064000,"DIVI_RATIO":null,"DIVIDEND_RATE":null,"CURRENT_RATIO":1.459344452533,"COMMON_ACS":10000000000,"CURRENTDEBT_DEBT":77.962070209282,"ISSUED_COMMON_SHARES":3083281647,"HK_COMMON_SHARES":3083281647,"PER_SHARES":1000,"TOTAL_MARKET_CAP":940400902.335,"HKSK_MARKET_CAP":940400902.335,"PE_TTM":-1.130652078322,"PB_TTM":0.055392079572,"REPORT_DATE_SQ":"2023-06-30 00:00:00","REPORT_TYPE_SQ":"2023年中报","OPERATE_INCOME_SQ":3998558000,"DPS_HKD":null,"OPERATE_INCOME_QOQ_SQ":-11.962211541306,"NET_PROFIT_RATIO_SQ":3.8861509574,"HOLDER_PROFIT_SQ":150521000,"HOLDER_PROFIT_QOQ_SQ":-68.201876574027,"ROE_AVG_SQ":0.918366111125,"PE_TTM_SQ":128.267982289112,"PB_TTM_SQ":0.946045185029,"ROA_SQ":0.461930619323,"START_DATE":"2024-01-01 00:00:00","FISCAL_YEAR":"12-31","CURRENCY":"HKD","IS_CNY_CODE":0,"DPS_HKD_LY":null,"ORG_TYPE":"一般企业","PREMIUM_INCOME":null,"PREMIUM_INCOME_YOY":null,"NET_INTEREST_INCOME":null,"NET_INTEREST_INCOME_YOY":null,"FEE_COMMISSION_INCOME":null,"FEE_COMMISSION_INCOME_YOY":null,"ACCOUNTS_RECE_TDAYS":0.138994184946,"INVENTORY_TDAYS":2.404180099648,"CURRENT_ASSETS_TDAYS":0.099539940432,"TOTAL_ASSETS_TDAYS":0.066254038072,"PREMIUM_EXPENSE":null,"LOAN_DEPOSIT":null,"LOAN_EQUITY":null,"LOAN_ASSETS":null,"DEPOSIT_EQUITY":null,"DEPOSIT_ASSETS":null,"EQUITY_MULTIPLIER":2.366766072459,"EQUITY_RATIO":1.394748445374},{"SECUCODE":"01252.HK","SECURITY_CODE":"01252","SECURITY_NAME_ABBR":"中国天瑞水泥","ORG_CODE":"10188274","STD_REPORT_DATE":"2023-12-31 00:00:00","REPORT_DATE":"2023-12-31 00:00:00","DATE_TYPE_CODE":"001","REPORT_TYPE":"2023年年报","PER_NETCASH_OPERATE":-1.436687325162,"PER_OI":2.684837924933,"BPS":5.016225493071,"BASIC_EPS":-0.22,"DILUTED_EPS":-0.22,"OPERATE_INCOME":7888810000,"OPERATE_INCOME_YOY":-28.6431773537,"GROSS_PROFIT":1629323000,"GROSS_PROFIT_YOY":-39.962540219703,"HOLDER_PROFIT":-633875000,"HOLDER_PROFIT_YOY":-241.2723706791,"GROSS_PROFIT_RATIO":20.653596676812,"EPS_TTM":-0.215729829932,"OPERATE_INCOME_QOQ":-18.947506638266,"NET_PROFIT_RATIO":-7.9039043912,"ROE_AVG":-3.98898571114,"GROSS_PROFIT_QOQ":-26.107029687838,"ROA":-1.738618572882,"HOLDER_PROFIT_QOQ":-544.278955668477,"ROE_YEARLY":-3.98898571114,"ROIC_YEARLY":-1.806952892471,"TOTAL_ASSETS":40573494000,"TOTAL_LIABILITIES":24787427000,"TAX_EBT":0.999493505277,"OCF_SALES":-53.511137928281,"TOTAL_PARENT_EQUITY":15466436000,"DEBT_ASSET_RATIO":61.0926606419,"OPERATE_PROFIT":685751000,"PRETAX_PROFIT":-629819000,"NETCASH_OPERATE":-4221392000,"NETCASH_INVEST":1921547000,"NETCASH_FINANCE":2486889000,"END_CASH":1174841000,"DIVI_RATIO":null,"DIVIDEND_RATE":null,"CURRENT_RATIO":1.452461508231,"COMMON_ACS":10000000000,"CURRENTDEBT_DEBT":75.902258834691,"ISSUED_COMMON_SHARES":3083281647,"HK_COMMON_SHARES":3083281647,"PER_SHARES":1000,"TOTAL_MARKET_CAP":817069636.455,"HKSK_MARKET_CAP":817069636.455,"PE_TTM":-0.982369838542,"PB_TTM":0.048127544546,"REPORT_DATE_SQ":"2022-12-31 00:00:00","REPORT_TYPE_SQ":"2022年年报","OPERATE_INCOME_SQ":11055439000,"DPS_HKD":null,"OPERATE_INCOME_QOQ_SQ":-10.155247680078,"NET_PROFIT_RATIO_SQ":4.8780333373,"HOLDER_PROFIT_SQ":448690000,"HOLDER_PROFIT_QOQ_SQ":-50.451380645019,"ROE_AVG_SQ":2.787029953072,"PE_TTM_SQ":119.121917465018,"PB_TTM_SQ":0.878588050096,"ROA_SQ":1.380545811428,"START_DATE":"2023-01-01 00:00:00","FISCAL_YEAR":"12-31","CURRENCY":"HKD","IS_CNY_CODE":0,"DPS_HKD_LY":null,"ORG_TYPE":"一般企业","PREMIUM_INCOME":null,"PREMIUM_INCOME_YOY":null,"NET_INTEREST_INCOME":null,"NET_INTEREST_INCOME_YOY":null,"FEE_COMMISSION_INCOME":null,"FEE_COMMISSION_INCOME_YOY":null,"ACCOUNTS_RECE_TDAYS":0.546953963657,"INVENTORY_TDAYS":6.723083978845,"CURRENT_ASSETS_TDAYS":0.35695142656,"TOTAL_ASSETS_TDAYS":0.216377544215,"PREMIUM_EXPENSE":null,"LOAN_DEPOSIT":null,"LOAN_EQUITY":null,"LOAN_ASSETS":null,"DEPOSIT_EQUITY":null,"DEPOSIT_ASSETS":null,"EQUITY_MULTIPLIER":2.570209159758,"EQUITY_RATIO":1.602659268108},{"SECUCODE":"01252.HK","SECURITY_CODE":"01252","SECURITY_NAME_ABBR":"中国天瑞水泥","ORG_CODE":"10188274","STD_REPORT_DATE":"2023-06-30 00:00:00","REPORT_DATE":"2023-06-30 00:00:00","DATE_TYPE_CODE":"002","REPORT_TYPE":"2023年中报","PER_NETCASH_OPERATE":0.227456071368,"PER_OI":1.360849122167,"BPS":5.340202059069,"BASIC_EPS":0.05,"DILUTED_EPS":0.05,"OPERATE_INCOME":3998558000,"OPERATE_INCOME_YOY":-24.8537267106,"GROSS_PROFIT":940131000,"GROSS_PROFIT_YOY":-35.118543986948,"HOLDER_PROFIT":150521000,"HOLDER_PROFIT_YOY":-67.0297632607,"GROSS_PROFIT_RATIO":23.511750986231,"EPS_TTM":0.04855729203,"OPERATE_INCOME_QOQ":-11.962211541306,"NET_PROFIT_RATIO":3.8861509574,"ROE_AVG":0.918366111125,"GROSS_PROFIT_QOQ":-18.750783022163,"ROA":0.461930619323,"HOLDER_PROFIT_QOQ":-68.201876574027,"ROE_YEARLY":1.836732222249,"ROIC_YEARLY":0.961223368927,"TOTAL_ASSETS":32826801000,"TOTAL_LIABILITIES":16081317000,"TAX_EBT":0.147154267795,"OCF_SALES":16.714275496316,"TOTAL_PARENT_EQUITY":16465347000,"DEBT_ASSET_RATIO":48.9883769058,"OPERATE_PROFIT":562975000,"PRETAX_PROFIT":155619000,"NETCASH_OPERATE":668330000,"NETCASH_INVEST":-1384099000,"NETCASH_FINANCE":697901000,"END_CASH":969929000,"DIVI_RATIO":null,"DIVIDEND_RATE":null,"CURRENT_RATIO":1.418637509568,"COMMON_ACS":10000000000,"CURRENTDEBT_DEBT":77.002039074287,"ISSUED_COMMON_SHARES":3083281647,"HK_COMMON_SHARES":3083281647,"PER_SHARES":1000,"TOTAL_MARKET_CAP":817069636.455,"HKSK_MARKET_CAP":817069636.455,"PE_TTM":-0.982369838542,"PB_TTM":0.048127544546,"REPORT_DATE_SQ":"2022-06-30 00:00:00","REPORT_TYPE_SQ":"2022年中报","OPERATE_INCOME_SQ":5321033000,"DPS_HKD":null,"OPERATE_INCOME_QOQ_SQ":-3.23767621901,"NET_PROFIT_RATIO_SQ":9.3168375389,"HOLDER_PROFIT_SQ":456536000,"HOLDER_PROFIT_QOQ_SQ":-24.57416770088,"ROE_AVG_SQ":2.833537199517,"PE_TTM_SQ":119.121917465018,"PB_TTM_SQ":0.878588050096,"ROA_SQ":1.390575338302,"START_DATE":"2023-01-01 00:00:00","FISCAL_YEAR":"12-31","CURRENCY":"HKD","IS_CNY_CODE":0,"DPS_HKD_LY":null,"ORG_TYPE":"一般企业","PREMIUM_INCOME":null,"PREMIUM_INCOME_YOY":null,"NET_INTEREST_INCOME":null,"NET_INTEREST_INCOME_YOY":null,"FEE_COMMISSION_INCOME":null,"FEE_COMMISSION_INCOME_YOY":null,"ACCOUNTS_RECE_TDAYS":0.446035730195,"INVENTORY_TDAYS":2.925786470366,"CURRENT_ASSETS_TDAYS":0.232197501304,"TOTAL_ASSETS_TDAYS":0.122710875781,"PREMIUM_EXPENSE":null,"LOAN_DEPOSIT":null,"LOAN_EQUITY":null,"LOAN_ASSETS":null,"DEPOSIT_EQUITY":null,"DEPOSIT_ASSETS":null,"EQUITY_MULTIPLIER":1.960337545334,"EQUITY_RATIO":0.976676470894},{"SECUCODE":"01252.HK","SECURITY_CODE":"01252","SECURITY_NAME_ABBR":"中国天瑞水泥","ORG_CODE":"10188274","STD_REPORT_DATE":"2022-12-31 00:00:00","REPORT_DATE":"2022-12-31 00:00:00","DATE_TYPE_CODE":"001","REPORT_TYPE":"2022年年报","PER_NETCASH_OPERATE":0.65954330892,"PER_OI":3.762552514762,"BPS":5.291383619098,"BASIC_EPS":0.15,"DILUTED_EPS":0.15,"OPERATE_INCOME":11055439000,"OPERATE_INCOME_YOY":-13.06412986,"GROSS_PROFIT":2713844000,"GROSS_PROFIT_YOY":-16.079441528221,"HOLDER_PROFIT":448690000,"HOLDER_PROFIT_YOY":-62.6275414588,"GROSS_PROFIT_RATIO":24.547591461542,"EPS_TTM":0.152704898272,"OPERATE_INCOME_QOQ":-10.155247680078,"NET_PROFIT_RATIO":4.8780333373,"ROE_AVG":2.787029953072,"GROSS_PROFIT_QOQ":-7.343880486537,"ROA":1.380545811428,"HOLDER_PROFIT_QOQ":-50.451380645019,"ROE_YEARLY":2.787029953072,"ROIC_YEARLY":1.465266634751,"TOTAL_ASSETS":32343592000,"TOTAL_LIABILITIES":15753498000,"TAX_EBT":21.602125933658,"OCF_SALES":17.529145608781,"TOTAL_PARENT_EQUITY":16314826000,"DEBT_ASSET_RATIO":48.7067051798,"OPERATE_PROFIT":1865899000,"PRETAX_PROFIT":687886000,"NETCASH_OPERATE":4715679000,"NETCASH_INVEST":-3675147000,"NETCASH_FINANCE":-2363366000,"END_CASH":987797000,"DIVI_RATIO":null,"DIVIDEND_RATE":null,"CURRENT_RATIO":1.247924784772,"COMMON_ACS":10000000000,"CURRENTDEBT_DEBT":85.833190825301,"ISSUED_COMMON_SHARES":3083281647,"HK_COMMON_SHARES":3083281647,"PER_SHARES":1000,"TOTAL_MARKET_CAP":817069636.455,"HKSK_MARKET_CAP":817069636.455,"PE_TTM":-0.982369838542,"PB_TTM":0.048127544546,"REPORT_DATE_SQ":"2021-12-31 00:00:00","REPORT_TYPE_SQ":"2021年年报","OPERATE_INCOME_SQ":12716775000,"DPS_HKD":null,"OPERATE_INCOME_QOQ_SQ":0.529121233293,"NET_PROFIT_RATIO_SQ":10.0774134952,"HOLDER_PROFIT_SQ":1200590000,"HOLDER_PROFIT_QOQ_SQ":-36.583822454352,"ROE_AVG_SQ":7.852726981249,"PE_TTM_SQ":119.121917465018,"PB_TTM_SQ":0.878588050096,"ROA_SQ":3.688576819323,"START_DATE":"2022-01-01 00:00:00","FISCAL_YEAR":"12-31","CURRENCY":"HKD","IS_CNY_CODE":0,"DPS_HKD_LY":null,"ORG_TYPE":"一般企业","PREMIUM_INCOME":null,"PREMIUM_INCOME_YOY":null,"NET_INTEREST_INCOME":null,"NET_INTEREST_INCOME_YOY":null,"FEE_COMMISSION_INCOME":null,"FEE_COMMISSION_INCOME_YOY":null,"ACCOUNTS_RECE_TDAYS":1.256911630968,"INVENTORY_TDAYS":8.80991697132,"CURRENT_ASSETS_TDAYS":0.654170542915,"TOTAL_ASSETS_TDAYS":0.340157792796,"PREMIUM_EXPENSE":null,"LOAN_DEPOSIT":null,"LOAN_EQUITY":null,"LOAN_ASSETS":null,"DEPOSIT_EQUITY":null,"DEPOSIT_ASSETS":null,"EQUITY_MULTIPLIER":1.949572558178,"EQUITY_RATIO":0.965593994076},{"SECUCODE":"01252.HK","SECURITY_CODE":"01252","SECURITY_NAME_ABBR":"中国天瑞水泥","ORG_CODE":"10188274","STD_REPORT_DATE":"2022-06-30 00:00:00","REPORT_DATE":"2022-06-30 00:00:00","DATE_TYPE_CODE":"002","REPORT_TYPE":"2022年中报","PER_NETCASH_OPERATE":0.667737894358,"PER_OI":1.810933613336,"BPS":5.299594999989,"BASIC_EPS":0.16,"DILUTED_EPS":null,"OPERATE_INCOME":5321033000,"OPERATE_INCOME_YOY":-7.1820192748,"GROSS_PROFIT":1448998000,"GROSS_PROFIT_YOY":-17.383334445153,"HOLDER_PROFIT":456536000,"HOLDER_PROFIT_YOY":-39.2557722424,"GROSS_PROFIT_RATIO":27.231516887792,"EPS_TTM":0.308192034935,"OPERATE_INCOME_QOQ":-3.23767621901,"NET_PROFIT_RATIO":9.3168375389,"ROE_AVG":2.833537199517,"GROSS_PROFIT_QOQ":-9.427937504349,"ROA":1.390575338302,"HOLDER_PROFIT_QOQ":-24.57416770088,"ROE_YEARLY":5.667074399033,"ROIC_YEARLY":3.021162101104,"TOTAL_ASSETS":33003220000,"TOTAL_LIABILITIES":16439190000,"TAX_EBT":18.732244521928,"OCF_SALES":36.872577185671,"TOTAL_PARENT_EQUITY":16340144000,"DEBT_ASSET_RATIO":49.8108669397,"OPERATE_PROFIT":1111513000,"PRETAX_PROFIT":610023000,"NETCASH_OPERATE":1962002000,"NETCASH_INVEST":-900768000,"NETCASH_FINANCE":-874682000,"END_CASH":2497183000,"DIVI_RATIO":null,"DIVIDEND_RATE":null,"CURRENT_RATIO":1.38330966488,"COMMON_ACS":10000000000,"CURRENTDEBT_DEBT":78.889160597329,"ISSUED_COMMON_SHARES":3083281647,"HK_COMMON_SHARES":3083281647,"PER_SHARES":1000,"TOTAL_MARKET_CAP":817069636.455,"HKSK_MARKET_CAP":817069636.455,"PE_TTM":-0.982369838542,"PB_TTM":0.048127544546,"REPORT_DATE_SQ":"2021-06-30 00:00:00","REPORT_TYPE_SQ":"2021年中报","OPERATE_INCOME_SQ":5732761000,"DPS_HKD":null,"OPERATE_INCOME_QOQ_SQ":3.936387178642,"NET_PROFIT_RATIO_SQ":13.8678378533,"HOLDER_PROFIT_SQ":751571000,"HOLDER_PROFIT_QOQ_SQ":1.752786765417,"ROE_AVG_SQ":4.987254174075,"PE_TTM_SQ":119.121917465018,"PB_TTM_SQ":0.878588050096,"ROA_SQ":2.347045781026,"START_DATE":"2022-01-01 00:00:00","FISCAL_YEAR":"12-31","CURRENCY":"HKD","IS_CNY_CODE":0,"DPS_HKD_LY":null,"ORG_TYPE":"一般企业","PREMIUM_INCOME":null,"PREMIUM_INCOME_YOY":null,"NET_INTEREST_INCOME":null,"NET_INTEREST_INCOME_YOY":null,"FEE_COMMISSION_INCOME":null,"FEE_COMMISSION_INCOME_YOY":null,"ACCOUNTS_RECE_TDAYS":0.646617909151,"INVENTORY_TDAYS":3.627831172457,"CURRENT_ASSETS_TDAYS":0.305231571292,"TOTAL_ASSETS_TDAYS":0.162074781925,"PREMIUM_EXPENSE":null,"LOAN_DEPOSIT":null,"LOAN_EQUITY":null,"LOAN_ASSETS":null,"DEPOSIT_EQUITY":null,"DEPOSIT_ASSETS":null,"EQUITY_MULTIPLIER":1.992463186799,"EQUITY_RATIO":1.006061513289},{"SECUCODE":"01252.HK","SECURITY_CODE":"01252","SECURITY_NAME_ABBR":"中国天瑞水泥","ORG_CODE":"10188274","STD_REPORT_DATE":"2021-12-31 00:00:00","REPORT_DATE":"2021-12-31 00:00:00","DATE_TYPE_CODE":"001","REPORT_TYPE":"2021年年报","PER_NETCASH_OPERATE":0.929253668649,"PER_OI":4.32796325464,"BPS":5.151526788172,"BASIC_EPS":0.41,"DILUTED_EPS":0.41,"OPERATE_INCOME":12716775000,"OPERATE_INCOME_YOY":4.4863366723,"GROSS_PROFIT":3233825000,"GROSS_PROFIT_YOY":-22.966768867076,"HOLDER_PROFIT":1200590000,"HOLDER_PROFIT_YOY":-35.4722720872,"GROSS_PROFIT_RATIO":25.4295998789,"EPS_TTM":0.408602763192,"OPERATE_INCOME_QOQ":0.529121233293,"NET_PROFIT_RATIO":10.0774134952,"ROE_AVG":7.852726981249,"GROSS_PROFIT_QOQ":-23.300318745454,"ROA":3.688576819323,"HOLDER_PROFIT_QOQ":-36.583822454352,"ROE_YEARLY":7.852726981249,"ROIC_YEARLY":3.997870714857,"TOTAL_ASSETS":32658235000,"TOTAL_LIABILITIES":16589957000,"TAX_EBT":11.807903500303,"OCF_SALES":21.470923249016,"TOTAL_PARENT_EQUITY":15883608000,"DEBT_ASSET_RATIO":50.7986944181,"OPERATE_PROFIT":2419500000,"PRETAX_PROFIT":1453103000,"NETCASH_OPERATE":2730409000,"NETCASH_INVEST":-1184106000,"NETCASH_FINANCE":-1647787000,"END_CASH":2310631000,"DIVI_RATIO":null,"DIVIDEND_RATE":null,"CURRENT_RATIO":1.276938293288,"COMMON_ACS":10000000000,"CURRENTDEBT_DEBT":79.897494610746,"ISSUED_COMMON_SHARES":3083281647,"HK_COMMON_SHARES":3083281647,"PER_SHARES":1000,"TOTAL_MARKET_CAP":817069636.455,"HKSK_MARKET_CAP":817069636.455,"PE_TTM":-0.982369838542,"PB_TTM":0.048127544546,"REPORT_DATE_SQ":"2020-12-31 00:00:00","REPORT_TYPE_SQ":"2020年年报","OPERATE_INCOME_SQ":12170754000,"DPS_HKD":null,"OPERATE_INCOME_QOQ_SQ":2.736825578112,"NET_PROFIT_RATIO_SQ":16.1900404856,"HOLDER_PROFIT_SQ":1860580000,"HOLDER_PROFIT_QOQ_SQ":12.66839734355,"ROE_AVG_SQ":13.514971682067,"PE_TTM_SQ":119.121917465018,"PB_TTM_SQ":0.878588050096,"ROA_SQ":5.745740232526,"START_DATE":"2021-01-01 00:00:00","FISCAL_YEAR":"12-31","CURRENCY":"HKD","IS_CNY_CODE":0,"DPS_HKD_LY":null,"ORG_TYPE":"一般企业","PREMIUM_INCOME":null,"PREMIUM_INCOME_YOY":null,"NET_INTEREST_INCOME":null,"NET_INTEREST_INCOME_YOY":null,"FEE_COMMISSION_INCOME":null,"FEE_COMMISSION_INCOME_YOY":null,"ACCOUNTS_RECE_TDAYS":1.547845766983,"INVENTORY_TDAYS":10.034421750568,"CURRENT_ASSETS_TDAYS":0.772882156329,"TOTAL_ASSETS_TDAYS":0.390697919203,"PREMIUM_EXPENSE":null,"LOAN_DEPOSIT":null,"LOAN_EQUITY":null,"LOAN_ASSETS":null,"DEPOSIT_EQUITY":null,"DEPOSIT_ASSETS":null,"EQUITY_MULTIPLIER":2.032466391233,"EQUITY_RATIO":1.044470311783},{"SECUCODE":"01252.HK","SECURITY_CODE":"01252","SECURITY_NAME_ABBR":"中国天瑞水泥","ORG_CODE":"10188274","STD_REPORT_DATE":"2021-06-30 00:00:00","REPORT_DATE":"2021-06-30 00:00:00","DATE_TYPE_CODE":"002","REPORT_TYPE":"2021年中报","PER_NETCASH_OPERATE":0.857015188646,"PER_OI":1.951059050399,"BPS":5.009474569094,"BASIC_EPS":0.26,"DILUTED_EPS":null,"OPERATE_INCOME":5732761000,"OPERATE_INCOME_YOY":9.1191058142,"GROSS_PROFIT":1753881000,"GROSS_PROFIT_YOY":1.051840115232,"HOLDER_PROFIT":751571000,"HOLDER_PROFIT_YOY":4.5360027484,"GROSS_PROFIT_RATIO":30.594001738429,"EPS_TTM":0.644319444983,"OPERATE_INCOME_QOQ":3.936387178642,"NET_PROFIT_RATIO":13.8678378533,"ROE_AVG":4.987254174075,"GROSS_PROFIT_QOQ":0.434877789479,"ROA":2.347045781026,"HOLDER_PROFIT_QOQ":1.752786765417,"ROE_YEARLY":9.97450834815,"ROIC_YEARLY":5.090893154313,"TOTAL_ASSETS":31604499000,"TOTAL_LIABILITIES":15986591000,"TAX_EBT":19.519145597651,"OCF_SALES":43.925640716576,"TOTAL_PARENT_EQUITY":15445621000,"DEBT_ASSET_RATIO":50.5832761342,"OPERATE_PROFIT":1462694000,"PRETAX_PROFIT":987825000,"NETCASH_OPERATE":2518152000,"NETCASH_INVEST":-1647754000,"NETCASH_FINANCE":-1003955000,"END_CASH":2278558000,"DIVI_RATIO":null,"DIVIDEND_RATE":null,"CURRENT_RATIO":1.421760819886,"COMMON_ACS":10000000000,"CURRENTDEBT_DEBT":68.444892347593,"ISSUED_COMMON_SHARES":3083281647,"HK_COMMON_SHARES":3083281647,"PER_SHARES":1000,"TOTAL_MARKET_CAP":817069636.455,"HKSK_MARKET_CAP":817069636.455,"PE_TTM":-0.982369838542,"PB_TTM":0.048127544546,"REPORT_DATE_SQ":"2020-06-30 00:00:00","REPORT_TYPE_SQ":"2020年中报","OPERATE_INCOME_SQ":5253673000,"DPS_HKD":null,"OPERATE_INCOME_QOQ_SQ":-1.993765145772,"NET_PROFIT_RATIO_SQ":14.699030564,"HOLDER_PROFIT_SQ":718959000,"HOLDER_PROFIT_QOQ_SQ":-9.236224891078,"ROE_AVG_SQ":5.447054208667,"PE_TTM_SQ":119.121917465018,"PB_TTM_SQ":0.878588050096,"ROA_SQ":2.276729192889,"START_DATE":"2021-01-01 00:00:00","FISCAL_YEAR":"12-31","CURRENCY":"HKD","IS_CNY_CODE":0,"DPS_HKD_LY":null,"ORG_TYPE":"一般企业","PREMIUM_INCOME":null,"PREMIUM_INCOME_YOY":null,"NET_INTEREST_INCOME":null,"NET_INTEREST_INCOME_YOY":null,"FEE_COMMISSION_INCOME":null,"FEE_COMMISSION_INCOME_YOY":null,"ACCOUNTS_RECE_TDAYS":0.793389089705,"INVENTORY_TDAYS":3.96426573437,"CURRENT_ASSETS_TDAYS":0.363539829564,"TOTAL_ASSETS_TDAYS":0.179025701081,"PREMIUM_EXPENSE":null,"LOAN_DEPOSIT":null,"LOAN_EQUITY":null,"LOAN_ASSETS":null,"DEPOSIT_EQUITY":null,"DEPOSIT_ASSETS":null,"EQUITY_MULTIPLIER":2.023606426674,"EQUITY_RATIO":1.035024166396},{"SECUCODE":"01252.HK","SECURITY_CODE":"01252","SECURITY_NAME_ABBR":"中国天瑞水泥","ORG_CODE":"10188274","STD_REPORT_DATE":"2020-12-31 00:00:00","REPORT_DATE":"2020-12-31 00:00:00","DATE_TYPE_CODE":"001","REPORT_TYPE":"2020年年报","PER_NETCASH_OPERATE":0.896150987666,"PER_OI":4.142133213277,"BPS":4.765717726208,"BASIC_EPS":0.63,"DILUTED_EPS":0.63,"OPERATE_INCOME":12170754000,"OPERATE_INCOME_YOY":0.6884945579,"GROSS_PROFIT":4197961000,"GROSS_PROFIT_YOY":-6.864513008695,"HOLDER_PROFIT":1860580000,"HOLDER_PROFIT_YOY":2.2620907837,"GROSS_PROFIT_RATIO":34.492201551358,"EPS_TTM":0.633220440899,"OPERATE_INCOME_QOQ":2.736825578112,"NET_PROFIT_RATIO":16.1900404856,"ROE_AVG":13.514971682067,"GROSS_PROFIT_QOQ":-4.8039744143,"ROA":5.745740232526,"HOLDER_PROFIT_QOQ":12.66839734355,"ROE_YEARLY":13.514971682067,"ROIC_YEARLY":6.175381149926,"TOTAL_ASSETS":32439501000,"TOTAL_LIABILITIES":17616603000,"TAX_EBT":16.792013181865,"OCF_SALES":21.635011273747,"TOTAL_PARENT_EQUITY":14694050000,"DEBT_ASSET_RATIO":54.306023388,"OPERATE_PROFIT":3571900000,"PRETAX_PROFIT":2368102000,"NETCASH_OPERATE":2633144000,"NETCASH_INVEST":627839000,"NETCASH_FINANCE":-2677701000,"END_CASH":2412115000,"DIVI_RATIO":null,"DIVIDEND_RATE":null,"CURRENT_RATIO":1.190337243415,"COMMON_ACS":10000000000,"CURRENTDEBT_DEBT":76.213036077387,"ISSUED_COMMON_SHARES":3083281647,"HK_COMMON_SHARES":3083281647,"PER_SHARES":1000,"TOTAL_MARKET_CAP":817069636.455,"HKSK_MARKET_CAP":817069636.455,"PE_TTM":-0.982369838542,"PB_TTM":0.048127544546,"REPORT_DATE_SQ":"2019-12-31 00:00:00","REPORT_TYPE_SQ":"2019年年报","OPERATE_INCOME_SQ":12087532000,"DPS_HKD":null,"OPERATE_INCOME_QOQ_SQ":7.457232134832,"NET_PROFIT_RATIO_SQ":16.0041355009,"HOLDER_PROFIT_SQ":1819423000,"HOLDER_PROFIT_QOQ_SQ":17.477930389686,"ROE_AVG_SQ":15.252587715837,"PE_TTM_SQ":119.121917465018,"PB_TTM_SQ":0.878588050096,"ROA_SQ":5.977274881357,"START_DATE":"2020-01-01 00:00:00","FISCAL_YEAR":"12-31","CURRENCY":"HKD","IS_CNY_CODE":0,"DPS_HKD_LY":null,"ORG_TYPE":"一般企业","PREMIUM_INCOME":null,"PREMIUM_INCOME_YOY":null,"NET_INTEREST_INCOME":null,"NET_INTEREST_INCOME_YOY":null,"FEE_COMMISSION_INCOME":null,"FEE_COMMISSION_INCOME_YOY":null,"ACCOUNTS_RECE_TDAYS":1.582061804479,"INVENTORY_TDAYS":7.590732458531,"CURRENT_ASSETS_TDAYS":0.792625638685,"TOTAL_ASSETS_TDAYS":0.375850492416,"PREMIUM_EXPENSE":null,"LOAN_DEPOSIT":null,"LOAN_EQUITY":null,"LOAN_ASSETS":null,"DEPOSIT_EQUITY":null,"DEPOSIT_ASSETS":null,"EQUITY_MULTIPLIER":2.188472254213,"EQUITY_RATIO":1.198893633818},{"SECUCODE":"01252.HK","SECURITY_CODE":"01252","SECURITY_NAME_ABBR":"中国天瑞水泥","ORG_CODE":"10188274","STD_REPORT_DATE":"2020-06-30 00:00:00","REPORT_DATE":"2020-06-30 00:00:00","DATE_TYPE_CODE":"002","REPORT_TYPE":"2020年中报","PER_NETCASH_OPERATE":0.602585869128,"PER_OI":1.788008649669,"BPS":4.397432201237,"BASIC_EPS":0.24,"DILUTED_EPS":null,"OPERATE_INCOME":5253673000,"OPERATE_INCOME_YOY":-4.3860140827,"GROSS_PROFIT":1735625000,"GROSS_PROFIT_YOY":-5.32204007445,"HOLDER_PROFIT":718959000,"HOLDER_PROFIT_YOY":-18.9453272529,"GROSS_PROFIT_RATIO":33.036410907188,"EPS_TTM":0.562021343899,"OPERATE_INCOME_QOQ":-1.993765145772,"NET_PROFIT_RATIO":14.699030564,"ROE_AVG":5.447054208667,"GROSS_PROFIT_QOQ":-2.16452166119,"ROA":2.276729192889,"HOLDER_PROFIT_QOQ":-9.236224891078,"ROE_YEARLY":10.894108417334,"ROIC_YEARLY":4.866288723763,"TOTAL_ASSETS":30832878000,"TOTAL_LIABILITIES":17134548000,"TAX_EBT":23.731138681431,"OCF_SALES":33.701507497707,"TOTAL_PARENT_EQUITY":13558522000,"DEBT_ASSET_RATIO":55.5723276951,"OPERATE_PROFIT":1537451000,"PRETAX_PROFIT":1012522000,"NETCASH_OPERATE":1770567000,"NETCASH_INVEST":292427000,"NETCASH_FINANCE":-1936424000,"END_CASH":1955403000,"DIVI_RATIO":null,"DIVIDEND_RATE":null,"CURRENT_RATIO":1.206697665959,"COMMON_ACS":10000000000,"CURRENTDEBT_DEBT":68.412677124602,"ISSUED_COMMON_SHARES":3083281647,"HK_COMMON_SHARES":3083281647,"PER_SHARES":1000,"TOTAL_MARKET_CAP":817069636.455,"HKSK_MARKET_CAP":817069636.455,"PE_TTM":-0.982369838542,"PB_TTM":0.048127544546,"REPORT_DATE_SQ":"2019-06-30 00:00:00","REPORT_TYPE_SQ":"2019年中报","OPERATE_INCOME_SQ":5494670000,"DPS_HKD":null,"OPERATE_INCOME_QOQ_SQ":11.808823030964,"NET_PROFIT_RATIO_SQ":16.8582098652,"HOLDER_PROFIT_SQ":887005000,"HOLDER_PROFIT_QOQ_SQ":27.725853100952,"ROE_AVG_SQ":7.739214207198,"PE_TTM_SQ":119.121917465018,"PB_TTM_SQ":0.878588050096,"ROA_SQ":3.11844442603,"START_DATE":"2020-01-01 00:00:00","FISCAL_YEAR":"12-31","CURRENCY":"HKD","IS_CNY_CODE":0,"DPS_HKD_LY":null,"ORG_TYPE":"一般企业","PREMIUM_INCOME":null,"PREMIUM_INCOME_YOY":null,"NET_INTEREST_INCOME":null,"NET_INTEREST_INCOME_YOY":null,"FEE_COMMISSION_INCOME":null,"FEE_COMMISSION_INCOME_YOY":null,"ACCOUNTS_RECE_TDAYS":0.798157499615,"INVENTORY_TDAYS":2.852908154722,"CURRENT_ASSETS_TDAYS":0.363909939637,"TOTAL_ASSETS_TDAYS":0.166368189132,"PREMIUM_EXPENSE":null,"LOAN_DEPOSIT":null,"LOAN_EQUITY":null,"LOAN_ASSETS":null,"DEPOSIT_EQUITY":null,"DEPOSIT_ASSETS":null,"EQUITY_MULTIPLIER":2.250849410109,"EQUITY_RATIO":1.263747479261}],"count":31},"success":true,"message":"ok","code":0}