{"version":"05ee4a3fd556ba537ffe007ae0d919f8","result":{"pages":3,"data":[{"SECUCODE":"01250.HK","SECURITY_CODE":"01250","SECURITY_NAME_ABBR":"山高新能源","ORG_CODE":"10332653","STD_REPORT_DATE":"2024-06-30 00:00:00","REPORT_DATE":"2024-06-30 00:00:00","DATE_TYPE_CODE":"002","REPORT_TYPE":"2024年中报","PER_NETCASH_OPERATE":0.268633792654,"PER_OI":1.05869705033,"BPS":5.776774202507,"BASIC_EPS":0.121477708,"DILUTED_EPS":0.121477708,"OPERATE_INCOME":2378456857.52,"OPERATE_INCOME_YOY":-5.9001651613,"GROSS_PROFIT":1210885412.48,"GROSS_PROFIT_YOY":-11.798126995997,"HOLDER_PROFIT":272873979.08,"HOLDER_PROFIT_YOY":-16.8411537285,"GROSS_PROFIT_RATIO":50.910547679329,"EPS_TTM":0.126469566037,"OPERATE_INCOME_QOQ":-3.88815029614,"NET_PROFIT_RATIO":15.3445453478,"ROE_AVG":2.08977473942,"GROSS_PROFIT_QOQ":-7.412583993024,"ROA":0.548908475702,"HOLDER_PROFIT_QOQ":-17.099579600772,"ROE_YEARLY":4.179549478841,"ROIC_YEARLY":1.365770900418,"TOTAL_ASSETS":49495353766.48,"TOTAL_LIABILITIES":30205495981.8,"TAX_EBT":21.182573799993,"OCF_SALES":25.374000293168,"TOTAL_PARENT_EQUITY":12978035796,"DEBT_ASSET_RATIO":61.0269321931,"OPERATE_PROFIT":1126774649.04,"PRETAX_PROFIT":463049110.68,"NETCASH_OPERATE":603509650,"NETCASH_INVEST":-726096264.2,"NETCASH_FINANCE":21762854.6,"END_CASH":4259850846.12,"DIVI_RATIO":null,"DIVIDEND_RATE":null,"CURRENT_RATIO":2.138716251538,"COMMON_ACS":9332742302,"CURRENTDEBT_DEBT":26.98093404866,"ISSUED_COMMON_SHARES":2246588726,"HK_COMMON_SHARES":2246588726,"PER_SHARES":1000,"TOTAL_MARKET_CAP":3909064383.24,"HKSK_MARKET_CAP":3909064383.24,"PE_TTM":12.306238594297,"PB_TTM":0.274904842102,"REPORT_DATE_SQ":"2023-06-30 00:00:00","REPORT_TYPE_SQ":"2023年中报","OPERATE_INCOME_SQ":2553344319.72,"DPS_HKD":null,"OPERATE_INCOME_QOQ_SQ":0.855782850606,"NET_PROFIT_RATIO_SQ":12.8336897264,"HOLDER_PROFIT_SQ":331479469.4,"HOLDER_PROFIT_QOQ_SQ":9.896815009383,"ROE_AVG_SQ":2.523798593108,"PE_TTM_SQ":17.05592331654,"PB_TTM_SQ":0.314378249387,"ROA_SQ":0.702463251977,"START_DATE":"2024-01-01 00:00:00","FISCAL_YEAR":"12-31","CURRENCY":"HKD","IS_CNY_CODE":0,"DPS_HKD_LY":null,"ORG_TYPE":"一般企业","PREMIUM_INCOME":null,"PREMIUM_INCOME_YOY":null,"NET_INTEREST_INCOME":null,"NET_INTEREST_INCOME_YOY":null,"FEE_COMMISSION_INCOME":null,"FEE_COMMISSION_INCOME_YOY":null,"ACCOUNTS_RECE_TDAYS":0.289467038618,"INVENTORY_TDAYS":21.615815485997,"CURRENT_ASSETS_TDAYS":0.138629018504,"TOTAL_ASSETS_TDAYS":0.047844617966,"PREMIUM_EXPENSE":null,"LOAN_DEPOSIT":null,"LOAN_EQUITY":null,"LOAN_ASSETS":null,"DEPOSIT_EQUITY":null,"DEPOSIT_ASSETS":null,"EQUITY_MULTIPLIER":2.565874477613,"EQUITY_RATIO":2.327432013334},{"SECUCODE":"01250.HK","SECURITY_CODE":"01250","SECURITY_NAME_ABBR":"山高新能源","ORG_CODE":"10332653","STD_REPORT_DATE":"2023-12-31 00:00:00","REPORT_DATE":"2023-12-31 00:00:00","DATE_TYPE_CODE":"001","REPORT_TYPE":"2023年年报","PER_NETCASH_OPERATE":0.805946884681,"PER_OI":2.002129000633,"BPS":5.80619673123,"BASIC_EPS":0.152516826,"DILUTED_EPS":0.152516826,"OPERATE_INCOME":4497960440.82,"OPERATE_INCOME_YOY":-6.283112203,"GROSS_PROFIT":2185086726.2,"GROSS_PROFIT_YOY":-4.465112168799,"HOLDER_PROFIT":342730591.56,"HOLDER_PROFIT_YOY":46.4544060472,"GROSS_PROFIT_RATIO":48.579500752604,"EPS_TTM":0.152556000835,"OPERATE_INCOME_QOQ":-5.731206863325,"NET_PROFIT_RATIO":7.8063944074,"ROE_AVG":2.612746352559,"GROSS_PROFIT_QOQ":-12.209303185684,"ROA":0.708673653935,"HOLDER_PROFIT_QOQ":35.197365797533,"ROE_YEARLY":2.612746352559,"ROIC_YEARLY":0.815329227727,"TOTAL_ASSETS":49575464701.84,"TOTAL_LIABILITIES":32093563807.2,"TAX_EBT":38.526599365061,"OCF_SALES":40.254493313194,"TOTAL_PARENT_EQUITY":13044136117.32,"DEBT_ASSET_RATIO":64.7367886518,"OPERATE_PROFIT":2050135162.46,"PRETAX_PROFIT":571187747.34,"NETCASH_OPERATE":1810631184.88,"NETCASH_INVEST":-2331507410.26,"NETCASH_FINANCE":1755670754.32,"END_CASH":4433604321.3,"DIVI_RATIO":null,"DIVIDEND_RATE":null,"CURRENT_RATIO":1.538849513862,"COMMON_ACS":9332742302,"CURRENTDEBT_DEBT":33.945109327297,"ISSUED_COMMON_SHARES":2246588726,"HK_COMMON_SHARES":2246588726,"PER_SHARES":1000,"TOTAL_MARKET_CAP":3909064383.24,"HKSK_MARKET_CAP":3909064383.24,"PE_TTM":12.306238594297,"PB_TTM":0.274904842102,"REPORT_DATE_SQ":"2022-12-31 00:00:00","REPORT_TYPE_SQ":"2022年年报","OPERATE_INCOME_SQ":4730933894.19,"DPS_HKD":null,"OPERATE_INCOME_QOQ_SQ":-3.948798690222,"NET_PROFIT_RATIO_SQ":4.2636442715,"HOLDER_PROFIT_SQ":230674471.72,"HOLDER_PROFIT_QOQ_SQ":191.913196976868,"ROE_AVG_SQ":2.001314080204,"PE_TTM_SQ":18.192984870976,"PB_TTM_SQ":0.335336799346,"ROA_SQ":0.483124333236,"START_DATE":"2023-01-01 00:00:00","FISCAL_YEAR":"12-31","CURRENCY":"HKD","IS_CNY_CODE":0,"DPS_HKD_LY":null,"ORG_TYPE":"一般企业","PREMIUM_INCOME":null,"PREMIUM_INCOME_YOY":null,"NET_INTEREST_INCOME":null,"NET_INTEREST_INCOME_YOY":null,"FEE_COMMISSION_INCOME":null,"FEE_COMMISSION_INCOME_YOY":null,"ACCOUNTS_RECE_TDAYS":0.591852533125,"INVENTORY_TDAYS":30.670756547916,"CURRENT_ASSETS_TDAYS":0.282938938181,"TOTAL_ASSETS_TDAYS":0.09300558921,"PREMIUM_EXPENSE":null,"LOAN_DEPOSIT":null,"LOAN_EQUITY":null,"LOAN_ASSETS":null,"DEPOSIT_EQUITY":null,"DEPOSIT_ASSETS":null,"EQUITY_MULTIPLIER":2.835816596865,"EQUITY_RATIO":2.460382467535},{"SECUCODE":"01250.HK","SECURITY_CODE":"01250","SECURITY_NAME_ABBR":"山高新能源","ORG_CODE":"10332653","STD_REPORT_DATE":"2023-06-30 00:00:00","REPORT_DATE":"2023-06-30 00:00:00","DATE_TYPE_CODE":"002","REPORT_TYPE":"2023年中报","PER_NETCASH_OPERATE":0.311571789602,"PER_OI":1.136542834997,"BPS":5.718783037648,"BASIC_EPS":0.1475168,"DILUTED_EPS":0.1475168,"OPERATE_INCOME":2553344319.72,"OPERATE_INCOME_YOY":-5.7497340355,"GROSS_PROFIT":1372856801.38,"GROSS_PROFIT_YOY":17.228255501931,"HOLDER_PROFIT":331479469.4,"HOLDER_PROFIT_YOY":-0.3834708546,"GROSS_PROFIT_RATIO":53.767006305305,"EPS_TTM":0.11283947726,"OPERATE_INCOME_QOQ":0.855782850606,"NET_PROFIT_RATIO":12.8336897264,"ROE_AVG":2.523798593108,"GROSS_PROFIT_QOQ":8.82119780102,"ROA":0.702463251977,"HOLDER_PROFIT_QOQ":9.896815009383,"ROE_YEARLY":5.047597186217,"ROIC_YEARLY":1.521531610546,"TOTAL_ASSETS":46407296282.3,"TOTAL_LIABILITIES":33104361257.48,"TAX_EBT":18.260701579278,"OCF_SALES":27.413994440701,"TOTAL_PARENT_EQUITY":12847753498.82,"DEBT_ASSET_RATIO":71.3343890066,"OPERATE_PROFIT":1192334961.34,"PRETAX_PROFIT":400894421.62,"NETCASH_OPERATE":699973669.86,"NETCASH_INVEST":-1528271282.06,"NETCASH_FINANCE":532123522.94,"END_CASH":2930296764.7,"DIVI_RATIO":null,"DIVIDEND_RATE":null,"CURRENT_RATIO":1.355850224749,"COMMON_ACS":9332742302,"CURRENTDEBT_DEBT":33.876969929532,"ISSUED_COMMON_SHARES":2246588726,"HK_COMMON_SHARES":2246588726,"PER_SHARES":1000,"TOTAL_MARKET_CAP":3909064383.24,"HKSK_MARKET_CAP":3909064383.24,"PE_TTM":12.306238594297,"PB_TTM":0.274904842102,"REPORT_DATE_SQ":"2022-06-30 00:00:00","REPORT_TYPE_SQ":"2022年中报","OPERATE_INCOME_SQ":2512857798.78,"DPS_HKD":null,"OPERATE_INCOME_QOQ_SQ":0.013844418163,"NET_PROFIT_RATIO_SQ":11.6578896678,"HOLDER_PROFIT_SQ":308650043.66,"HOLDER_PROFIT_QOQ_SQ":4.466907997112,"ROE_AVG_SQ":2.704628718678,"PE_TTM_SQ":18.192984870976,"PB_TTM_SQ":0.335336799346,"ROA_SQ":0.659229245512,"START_DATE":"2023-01-01 00:00:00","FISCAL_YEAR":"12-31","CURRENCY":"HKD","IS_CNY_CODE":0,"DPS_HKD_LY":null,"ORG_TYPE":"一般企业","PREMIUM_INCOME":null,"PREMIUM_INCOME_YOY":null,"NET_INTEREST_INCOME":null,"NET_INTEREST_INCOME_YOY":null,"FEE_COMMISSION_INCOME":null,"FEE_COMMISSION_INCOME_YOY":null,"ACCOUNTS_RECE_TDAYS":0.326358949545,"INVENTORY_TDAYS":15.105268746166,"CURRENT_ASSETS_TDAYS":0.167449143112,"TOTAL_ASSETS_TDAYS":0.054109853545,"PREMIUM_EXPENSE":null,"LOAN_DEPOSIT":null,"LOAN_EQUITY":null,"LOAN_ASSETS":null,"DEPOSIT_EQUITY":null,"DEPOSIT_ASSETS":null,"EQUITY_MULTIPLIER":3.488500559888,"EQUITY_RATIO":2.576665349356},{"SECUCODE":"01250.HK","SECURITY_CODE":"01250","SECURITY_NAME_ABBR":"山高新能源","ORG_CODE":"10332653","STD_REPORT_DATE":"2022-12-31 00:00:00","REPORT_DATE":"2022-12-31 00:00:00","DATE_TYPE_CODE":"001","REPORT_TYPE":"2022年年报","PER_NETCASH_OPERATE":0.029141646606,"PER_OI":0.042116599619,"BPS":5.787724020062,"BASIC_EPS":0.122824625,"DILUTED_EPS":0.122824625,"OPERATE_INCOME":4730933894.19,"OPERATE_INCOME_YOY":-12.0732427879,"GROSS_PROFIT":2287213368.65,"GROSS_PROFIT_YOY":8.575484083682,"HOLDER_PROFIT":230674471.72,"HOLDER_PROFIT_YOY":180.3692361319,"GROSS_PROFIT_RATIO":48.345916890931,"EPS_TTM":0.002053553185,"OPERATE_INCOME_QOQ":-3.948798690222,"NET_PROFIT_RATIO":4.2636442715,"ROE_AVG":2.001314080204,"GROSS_PROFIT_QOQ":12.504226103684,"ROA":0.483124333236,"HOLDER_PROFIT_QOQ":191.913196976868,"ROE_YEARLY":2.001314080204,"ROIC_YEARLY":0.512590297205,"TOTAL_ASSETS":46475288276.55,"TOTAL_LIABILITIES":32994303979.07,"TAX_EBT":20.339299951317,"OCF_SALES":69.192781159764,"TOTAL_PARENT_EQUITY":13002635532.67,"DEBT_ASSET_RATIO":70.9932207042,"OPERATE_PROFIT":1836998142.49,"PRETAX_PROFIT":253211673.82,"NETCASH_OPERATE":3273464736.22,"NETCASH_INVEST":-1235092271.28,"NETCASH_FINANCE":312249674.66,"END_CASH":3249058813.28,"DIVI_RATIO":null,"DIVIDEND_RATE":null,"CURRENT_RATIO":1.63204172253,"COMMON_ACS":9332742302,"CURRENTDEBT_DEBT":27.513066261402,"ISSUED_COMMON_SHARES":2246588726,"HK_COMMON_SHARES":2246588726,"PER_SHARES":1000,"TOTAL_MARKET_CAP":3909064383.24,"HKSK_MARKET_CAP":3909064383.24,"PE_TTM":12.306238594297,"PB_TTM":0.274904842102,"REPORT_DATE_SQ":"2021-12-31 00:00:00","REPORT_TYPE_SQ":"2021年年报","OPERATE_INCOME_SQ":4924747374.4,"DPS_HKD":null,"OPERATE_INCOME_QOQ_SQ":-3.390371253603,"NET_PROFIT_RATIO_SQ":-4.7951835992,"HOLDER_PROFIT_SQ":-262704691.2,"HOLDER_PROFIT_QOQ_SQ":-149.279273148991,"ROE_AVG_SQ":-2.755809175447,"PE_TTM_SQ":18.192984870976,"PB_TTM_SQ":0.335336799346,"ROA_SQ":-0.573763826201,"START_DATE":"2022-01-01 00:00:00","FISCAL_YEAR":"12-31","CURRENCY":"HKD","IS_CNY_CODE":0,"DPS_HKD_LY":null,"ORG_TYPE":"一般企业","PREMIUM_INCOME":null,"PREMIUM_INCOME_YOY":null,"NET_INTEREST_INCOME":null,"NET_INTEREST_INCOME_YOY":null,"FEE_COMMISSION_INCOME":null,"FEE_COMMISSION_INCOME_YOY":null,"ACCOUNTS_RECE_TDAYS":0.582520770366,"INVENTORY_TDAYS":24.699033508936,"CURRENT_ASSETS_TDAYS":0.323749211403,"TOTAL_ASSETS_TDAYS":0.099084621986,"PREMIUM_EXPENSE":null,"LOAN_DEPOSIT":null,"LOAN_EQUITY":null,"LOAN_ASSETS":null,"DEPOSIT_EQUITY":null,"DEPOSIT_ASSETS":null,"EQUITY_MULTIPLIER":3.447469951084,"EQUITY_RATIO":2.537508945488},{"SECUCODE":"01250.HK","SECURITY_CODE":"01250","SECURITY_NAME_ABBR":"山高新能源","ORG_CODE":"10332653","STD_REPORT_DATE":"2022-06-30 00:00:00","REPORT_DATE":"2022-06-30 00:00:00","DATE_TYPE_CODE":"002","REPORT_TYPE":"2022年中报","PER_NETCASH_OPERATE":0.010869174566,"PER_OI":0.022370430062,"BPS":5.876727223842,"BASIC_EPS":0.204475929,"DILUTED_EPS":0.204475929,"OPERATE_INCOME":2512857798.78,"OPERATE_INCOME_YOY":-2.6759169462,"GROSS_PROFIT":1171097186,"GROSS_PROFIT_YOY":-5.910289787413,"HOLDER_PROFIT":308650043.66,"HOLDER_PROFIT_YOY":1.1431053568,"GROSS_PROFIT_RATIO":46.604196487703,"EPS_TTM":-0.002234231049,"OPERATE_INCOME_QOQ":0.013844418163,"NET_PROFIT_RATIO":11.6578896678,"ROE_AVG":2.704628718678,"GROSS_PROFIT_QOQ":-3.492083947479,"ROA":0.659229245512,"HOLDER_PROFIT_QOQ":4.466907997112,"ROE_YEARLY":5.409257437356,"ROIC_YEARLY":1.397550947957,"TOTAL_ASSETS":46711770847.28,"TOTAL_LIABILITIES":33014245639.06,"TAX_EBT":17.898760875297,"OCF_SALES":48.587240101798,"TOTAL_PARENT_EQUITY":13202589126.86,"DEBT_ASSET_RATIO":70.6765019614,"OPERATE_PROFIT":1020257063.42,"PRETAX_PROFIT":356810923.7,"NETCASH_OPERATE":1220928252.11,"NETCASH_INVEST":-882561211.14,"NETCASH_FINANCE":1821873685.87,"END_CASH":3117640470.07,"DIVI_RATIO":null,"DIVIDEND_RATE":null,"CURRENT_RATIO":1.580610954671,"COMMON_ACS":9332742302,"CURRENTDEBT_DEBT":29.875545317506,"ISSUED_COMMON_SHARES":2246588726,"HK_COMMON_SHARES":2246588726,"PER_SHARES":1000,"TOTAL_MARKET_CAP":3909064383.24,"HKSK_MARKET_CAP":3909064383.24,"PE_TTM":12.306238594297,"PB_TTM":0.274904842102,"REPORT_DATE_SQ":"2021-06-30 00:00:00","REPORT_TYPE_SQ":"2021年中报","OPERATE_INCOME_SQ":2512175996.16,"DPS_HKD":null,"OPERATE_INCOME_QOQ_SQ":9.094804388956,"NET_PROFIT_RATIO_SQ":16.7044256135,"HOLDER_PROFIT_SQ":296915266.8,"HOLDER_PROFIT_QOQ_SQ":-4.028028150925,"ROE_AVG_SQ":3.023681270002,"PE_TTM_SQ":18.192984870976,"PB_TTM_SQ":0.335336799346,"ROA_SQ":0.586865811842,"START_DATE":"2022-01-01 00:00:00","FISCAL_YEAR":"12-31","CURRENCY":"HKD","IS_CNY_CODE":0,"DPS_HKD_LY":null,"ORG_TYPE":"一般企业","PREMIUM_INCOME":null,"PREMIUM_INCOME_YOY":null,"NET_INTEREST_INCOME":null,"NET_INTEREST_INCOME_YOY":null,"FEE_COMMISSION_INCOME":null,"FEE_COMMISSION_INCOME_YOY":null,"ACCOUNTS_RECE_TDAYS":0.282828677566,"INVENTORY_TDAYS":13.549011649496,"CURRENT_ASSETS_TDAYS":0.171023015942,"TOTAL_ASSETS_TDAYS":0.053670795932,"PREMIUM_EXPENSE":null,"LOAN_DEPOSIT":null,"LOAN_EQUITY":null,"LOAN_ASSETS":null,"DEPOSIT_EQUITY":null,"DEPOSIT_ASSETS":null,"EQUITY_MULTIPLIER":3.410234340677,"EQUITY_RATIO":2.500588734667},{"SECUCODE":"01250.HK","SECURITY_CODE":"01250","SECURITY_NAME_ABBR":"山高新能源","ORG_CODE":"10332653","STD_REPORT_DATE":"2021-12-31 00:00:00","REPORT_DATE":"2021-12-31 00:00:00","DATE_TYPE_CODE":"001","REPORT_TYPE":"2021年年报","PER_NETCASH_OPERATE":0.029524011077,"PER_OI":0.077524070727,"BPS":4.094361259071,"BASIC_EPS":-0.00506912,"DILUTED_EPS":-0.00506912,"OPERATE_INCOME":4924747374.4,"OPERATE_INCOME_YOY":8.4950604228,"GROSS_PROFIT":2106565204.8,"GROSS_PROFIT_YOY":-6.006125397333,"HOLDER_PROFIT":-262704691.2,"HOLDER_PROFIT_YOY":-142.0733958889,"GROSS_PROFIT_RATIO":42.77509168796,"EPS_TTM":-0.004135427772,"OPERATE_INCOME_QOQ":-3.390371253603,"NET_PROFIT_RATIO":-4.7951835992,"ROE_AVG":-2.755809175447,"GROSS_PROFIT_QOQ":-10.092689814853,"ROA":-0.573763826201,"HOLDER_PROFIT_QOQ":-149.279273148991,"ROE_YEARLY":-2.755809175447,"ROIC_YEARLY":-0.611283721975,"TOTAL_ASSETS":44865176171.2,"TOTAL_LIABILITIES":34986888820.8,"TAX_EBT":-9.045810460823,"OCF_SALES":38.083669756329,"TOTAL_PARENT_EQUITY":9198345844.8,"DEBT_ASSET_RATIO":77.9822833801,"OPERATE_PROFIT":980420134.4,"PRETAX_PROFIT":-216560982.4,"NETCASH_OPERATE":1875524526.4,"NETCASH_INVEST":-2064083526.4,"NETCASH_FINANCE":-991268868.8,"END_CASH":932744243.2,"DIVI_RATIO":null,"DIVIDEND_RATE":null,"CURRENT_RATIO":0.862568642668,"COMMON_ACS":9332742302,"CURRENTDEBT_DEBT":43.706195124469,"ISSUED_COMMON_SHARES":2246588726,"HK_COMMON_SHARES":2246588726,"PER_SHARES":1000,"TOTAL_MARKET_CAP":3909064383.24,"HKSK_MARKET_CAP":3909064383.24,"PE_TTM":12.306238594297,"PB_TTM":0.274904842102,"REPORT_DATE_SQ":"2020-12-31 00:00:00","REPORT_TYPE_SQ":"2020年年报","OPERATE_INCOME_SQ":4672609377.24,"DPS_HKD":null,"OPERATE_INCOME_QOQ_SQ":-2.046104687615,"NET_PROFIT_RATIO_SQ":15.9667393819,"HOLDER_PROFIT_SQ":642755418.16,"HOLDER_PROFIT_QOQ_SQ":39.520638434327,"ROE_AVG_SQ":6.583328557803,"PE_TTM_SQ":18.192984870976,"PB_TTM_SQ":0.335336799346,"ROA_SQ":1.207438425755,"START_DATE":"2021-01-01 00:00:00","FISCAL_YEAR":"12-31","CURRENCY":"HKD","IS_CNY_CODE":0,"DPS_HKD_LY":null,"ORG_TYPE":"一般企业","PREMIUM_INCOME":null,"PREMIUM_INCOME_YOY":null,"NET_INTEREST_INCOME":null,"NET_INTEREST_INCOME_YOY":null,"FEE_COMMISSION_INCOME":null,"FEE_COMMISSION_INCOME_YOY":null,"ACCOUNTS_RECE_TDAYS":0.705951177548,"INVENTORY_TDAYS":23.294166145737,"CURRENT_ASSETS_TDAYS":0.356725497208,"TOTAL_ASSETS_TDAYS":0.107559628406,"PREMIUM_EXPENSE":null,"LOAN_DEPOSIT":null,"LOAN_EQUITY":null,"LOAN_ASSETS":null,"DEPOSIT_EQUITY":null,"DEPOSIT_ASSETS":null,"EQUITY_MULTIPLIER":4.541797032196,"EQUITY_RATIO":3.803606584392},{"SECUCODE":"01250.HK","SECURITY_CODE":"01250","SECURITY_NAME_ABBR":"山高新能源","ORG_CODE":"10332653","STD_REPORT_DATE":"2021-06-30 00:00:00","REPORT_DATE":"2021-06-30 00:00:00","DATE_TYPE_CODE":"002","REPORT_TYPE":"2021年中报","PER_NETCASH_OPERATE":0.008480639957,"PER_OI":0.03954601014,"BPS":3.430066455946,"BASIC_EPS":0.0041604,"DILUTED_EPS":0.0041604,"OPERATE_INCOME":2512175996.16,"OPERATE_INCOME_YOY":32.1291325474,"GROSS_PROFIT":1244660211.36,"GROSS_PROFIT_YOY":8.913976987135,"HOLDER_PROFIT":296915266.8,"HOLDER_PROFIT_YOY":1.739769884,"GROSS_PROFIT_RATIO":49.545104055708,"EPS_TTM":0.00839181974,"OPERATE_INCOME_QOQ":9.094804388956,"NET_PROFIT_RATIO":16.7044256135,"ROE_AVG":3.023681270002,"GROSS_PROFIT_QOQ":4.545308283725,"ROA":0.586865811842,"HOLDER_PROFIT_QOQ":-4.028028150925,"ROE_YEARLY":6.047362540004,"ROIC_YEARLY":1.290348667055,"TOTAL_ASSETS":48976867005.36,"TOTAL_LIABILITIES":37618883476.56,"TAX_EBT":19.272692196392,"OCF_SALES":21.444995150956,"TOTAL_PARENT_EQUITY":8689937314.56,"DEBT_ASSET_RATIO":76.809493495,"OPERATE_PROFIT":1128649953.6,"PRETAX_PROFIT":431308668,"NETCASH_OPERATE":538736020.56,"NETCASH_INVEST":-1313887603.2,"NETCASH_FINANCE":632541391.44,"END_CASH":1975390371.12,"DIVI_RATIO":null,"DIVIDEND_RATE":null,"CURRENT_RATIO":1.019011328878,"COMMON_ACS":9332742302,"CURRENTDEBT_DEBT":40.774638599037,"ISSUED_COMMON_SHARES":2246588726,"HK_COMMON_SHARES":2246588726,"PER_SHARES":1000,"TOTAL_MARKET_CAP":3909064383.24,"HKSK_MARKET_CAP":3909064383.24,"PE_TTM":12.306238594297,"PB_TTM":0.274904842102,"REPORT_DATE_SQ":"2020-06-30 00:00:00","REPORT_TYPE_SQ":"2020年中报","OPERATE_INCOME_SQ":2087211313.44,"DPS_HKD":null,"OPERATE_INCOME_QOQ_SQ":-15.948148959653,"NET_PROFIT_RATIO_SQ":17.7993357552,"HOLDER_PROFIT_SQ":305570342.88,"HOLDER_PROFIT_QOQ_SQ":-34.914374587098,"ROE_AVG_SQ":3.587034127312,"PE_TTM_SQ":18.192984870976,"PB_TTM_SQ":0.335336799346,"ROA_SQ":0.644732175009,"START_DATE":"2021-01-01 00:00:00","FISCAL_YEAR":"12-31","CURRENCY":"HKD","IS_CNY_CODE":0,"DPS_HKD_LY":null,"ORG_TYPE":"一般企业","PREMIUM_INCOME":null,"PREMIUM_INCOME_YOY":null,"NET_INTEREST_INCOME":null,"NET_INTEREST_INCOME_YOY":null,"FEE_COMMISSION_INCOME":null,"FEE_COMMISSION_INCOME_YOY":null,"ACCOUNTS_RECE_TDAYS":0.370847863055,"INVENTORY_TDAYS":9.036929374425,"CURRENT_ASSETS_TDAYS":0.165782364686,"TOTAL_ASSETS_TDAYS":0.052059724033,"PREMIUM_EXPENSE":null,"LOAN_DEPOSIT":null,"LOAN_EQUITY":null,"LOAN_ASSETS":null,"DEPOSIT_EQUITY":null,"DEPOSIT_ASSETS":null,"EQUITY_MULTIPLIER":4.312109352956,"EQUITY_RATIO":4.329016667765},{"SECUCODE":"01250.HK","SECURITY_CODE":"01250","SECURITY_NAME_ABBR":"山高新能源","ORG_CODE":"10332653","STD_REPORT_DATE":"2020-12-31 00:00:00","REPORT_DATE":"2020-12-31 00:00:00","DATE_TYPE_CODE":"001","REPORT_TYPE":"2020年年报","PER_NETCASH_OPERATE":0.021411465998,"PER_OI":0.073554981058,"BPS":3.596741826417,"BASIC_EPS":0.009089712,"DILUTED_EPS":0.009089712,"OPERATE_INCOME":4672609377.24,"OPERATE_INCOME_YOY":-12.3717805045,"GROSS_PROFIT":2241172856.96,"GROSS_PROFIT_YOY":-13.630137734523,"HOLDER_PROFIT":642755418.16,"HOLDER_PROFIT_YOY":-3.350740411,"GROSS_PROFIT_RATIO":47.964053401866,"EPS_TTM":0.008744031802,"OPERATE_INCOME_QOQ":-2.046104687615,"NET_PROFIT_RATIO":15.9667393819,"ROE_AVG":6.583328557803,"GROSS_PROFIT_QOQ":-2.992880491909,"ROA":1.207438425755,"HOLDER_PROFIT_QOQ":39.520638434327,"ROE_YEARLY":6.583328557803,"ROIC_YEARLY":1.333048134477,"TOTAL_ASSETS":48080576165.08,"TOTAL_LIABILITIES":37034143745.48,"TAX_EBT":12.958435207824,"OCF_SALES":29.109471159847,"TOTAL_PARENT_EQUITY":10157301199.32,"DEBT_ASSET_RATIO":77.0251662924,"OPERATE_PROFIT":1955579997.4,"PRETAX_PROFIT":857134592.4,"NETCASH_OPERATE":1360171879.08,"NETCASH_INVEST":-2397127065.68,"NETCASH_FINANCE":-155739590.52,"END_CASH":2122225559.04,"DIVI_RATIO":null,"DIVIDEND_RATE":null,"CURRENT_RATIO":1.063255000797,"COMMON_ACS":9332742302,"CURRENTDEBT_DEBT":37.699814580387,"ISSUED_COMMON_SHARES":2246588726,"HK_COMMON_SHARES":2246588726,"PER_SHARES":1000,"TOTAL_MARKET_CAP":3909064383.24,"HKSK_MARKET_CAP":3909064383.24,"PE_TTM":12.306238594297,"PB_TTM":0.274904842102,"REPORT_DATE_SQ":"2019-12-31 00:00:00","REPORT_TYPE_SQ":"2019年年报","OPERATE_INCOME_SQ":5675321683.6,"DPS_HKD":null,"OPERATE_INCOME_QOQ_SQ":-2.530590365168,"NET_PROFIT_RATIO_SQ":13.2912958795,"HOLDER_PROFIT_SQ":611695913.92,"HOLDER_PROFIT_QOQ_SQ":-41.643840716502,"ROE_AVG_SQ":7.045154142924,"PE_TTM_SQ":18.192984870976,"PB_TTM_SQ":0.335336799346,"ROA_SQ":1.428579318554,"START_DATE":"2020-01-01 00:00:00","FISCAL_YEAR":"12-31","CURRENCY":"HKD","IS_CNY_CODE":0,"DPS_HKD_LY":null,"ORG_TYPE":"一般企业","PREMIUM_INCOME":null,"PREMIUM_INCOME_YOY":null,"NET_INTEREST_INCOME":null,"NET_INTEREST_INCOME_YOY":null,"FEE_COMMISSION_INCOME":null,"FEE_COMMISSION_INCOME_YOY":null,"ACCOUNTS_RECE_TDAYS":0.98598295741,"INVENTORY_TDAYS":13.924418716743,"CURRENT_ASSETS_TDAYS":0.307928096416,"TOTAL_ASSETS_TDAYS":0.101569976578,"PREMIUM_EXPENSE":null,"LOAN_DEPOSIT":null,"LOAN_EQUITY":null,"LOAN_ASSETS":null,"DEPOSIT_EQUITY":null,"DEPOSIT_ASSETS":null,"EQUITY_MULTIPLIER":4.352588631226,"EQUITY_RATIO":3.646061391579},{"SECUCODE":"01250.HK","SECURITY_CODE":"01250","SECURITY_NAME_ABBR":"山高新能源","ORG_CODE":"10332653","STD_REPORT_DATE":"2020-06-30 00:00:00","REPORT_DATE":"2020-06-30 00:00:00","DATE_TYPE_CODE":"002","REPORT_TYPE":"2020年中报","PER_NETCASH_OPERATE":0.016014138742,"PER_OI":0.032856328494,"BPS":3.321207824204,"BASIC_EPS":0.004293168,"DILUTED_EPS":0.004293168,"OPERATE_INCOME":2087211313.44,"OPERATE_INCOME_YOY":-32.827239968,"GROSS_PROFIT":1142791995.84,"GROSS_PROFIT_YOY":-19.934943332429,"HOLDER_PROFIT":305570342.88,"HOLDER_PROFIT_YOY":-43.3158804392,"GROSS_PROFIT_RATIO":54.752098576762,"EPS_TTM":0.006267195951,"OPERATE_INCOME_QOQ":-15.948148959653,"NET_PROFIT_RATIO":17.7993357552,"ROE_AVG":3.587034127312,"GROSS_PROFIT_QOQ":-10.965439749736,"ROA":0.644732175009,"HOLDER_PROFIT_QOQ":-34.914374587098,"ROE_YEARLY":7.174068254624,"ROIC_YEARLY":1.423556085673,"TOTAL_ASSETS":47115335678.4,"TOTAL_LIABILITIES":37140282231.36,"TAX_EBT":13.510162765872,"OCF_SALES":48.73989114228,"TOTAL_PARENT_EQUITY":8537234946.24,"DEBT_ASSET_RATIO":78.8284359998,"OPERATE_PROFIT":1055778614.88,"PRETAX_PROFIT":429541506.24,"NETCASH_OPERATE":1017304522.08,"NETCASH_INVEST":-1610287847.52,"NETCASH_FINANCE":-170971305.12,"END_CASH":2559387631.68,"DIVI_RATIO":null,"DIVIDEND_RATE":null,"CURRENT_RATIO":1.024572717883,"COMMON_ACS":9332742302,"CURRENTDEBT_DEBT":42.158029625039,"ISSUED_COMMON_SHARES":2246588726,"HK_COMMON_SHARES":2246588726,"PER_SHARES":1000,"TOTAL_MARKET_CAP":3909064383.24,"HKSK_MARKET_CAP":3909064383.24,"PE_TTM":12.306238594297,"PB_TTM":0.274904842102,"REPORT_DATE_SQ":"2019-06-30 00:00:00","REPORT_TYPE_SQ":"2019年中报","OPERATE_INCOME_SQ":2992320069.48,"DPS_HKD":null,"OPERATE_INCOME_QOQ_SQ":-4.797867452072,"NET_PROFIT_RATIO_SQ":20.4186286885,"HOLDER_PROFIT_SQ":519140145.6,"HOLDER_PROFIT_QOQ_SQ":-5.701340858643,"ROE_AVG_SQ":5.711525293044,"PE_TTM_SQ":18.192984870976,"PB_TTM_SQ":0.335336799346,"ROA_SQ":1.262601505295,"START_DATE":"2020-01-01 00:00:00","FISCAL_YEAR":"12-31","CURRENCY":"HKD","IS_CNY_CODE":0,"DPS_HKD_LY":null,"ORG_TYPE":"一般企业","PREMIUM_INCOME":null,"PREMIUM_INCOME_YOY":null,"NET_INTEREST_INCOME":null,"NET_INTEREST_INCOME_YOY":null,"FEE_COMMISSION_INCOME":null,"FEE_COMMISSION_INCOME_YOY":null,"ACCOUNTS_RECE_TDAYS":0.562543067761,"INVENTORY_TDAYS":4.997063862797,"CURRENT_ASSETS_TDAYS":0.127002868402,"TOTAL_ASSETS_TDAYS":0.044038707328,"PREMIUM_EXPENSE":null,"LOAN_DEPOSIT":null,"LOAN_EQUITY":null,"LOAN_ASSETS":null,"DEPOSIT_EQUITY":null,"DEPOSIT_ASSETS":null,"EQUITY_MULTIPLIER":4.723316614637,"EQUITY_RATIO":4.350387738564}],"count":27},"success":true,"message":"ok","code":0}