{"version":"a7776868e0fe578ded048cee55debc43","result":{"pages":4,"data":[{"SECUCODE":"01259.HK","SECURITY_CODE":"01259","SECURITY_NAME_ABBR":"未来发展控股","ORG_CODE":"10162337","STD_REPORT_DATE":"2024-06-30 00:00:00","REPORT_DATE":"2024-06-30 00:00:00","DATE_TYPE_CODE":"002","REPORT_TYPE":"2024年中报","PER_NETCASH_OPERATE":-0.006220781905,"PER_OI":0.10437641937,"BPS":0.239078839863,"BASIC_EPS":-0.012047376,"DILUTED_EPS":null,"OPERATE_INCOME":229978931.76,"OPERATE_INCOME_YOY":4.4814117608,"GROSS_PROFIT":58909843.28,"GROSS_PROFIT_YOY":17.384856989084,"HOLDER_PROFIT":-26935012.16,"HOLDER_PROFIT_YOY":-44.5887021704,"GROSS_PROFIT_RATIO":25.61532172933,"EPS_TTM":-0.019620339536,"OPERATE_INCOME_QOQ":1.625347400973,"NET_PROFIT_RATIO":-13.0382328897,"ROE_AVG":-5.015878573316,"GROSS_PROFIT_QOQ":8.148466233145,"ROA":-3.754155718848,"HOLDER_PROFIT_QOQ":-23.114510587789,"ROE_YEARLY":-10.031757146633,"ROIC_YEARLY":-14.382311589135,"TOTAL_ASSETS":694950146.52,"TOTAL_LIABILITIES":140086340.52,"TAX_EBT":-5.07227836766,"OCF_SALES":-5.959949520204,"TOTAL_PARENT_EQUITY":526776991.68,"DEBT_ASSET_RATIO":20.157753937,"OPERATE_PROFIT":-28210026.12,"PRETAX_PROFIT":-28537678.24,"NETCASH_OPERATE":-13706628.24,"NETCASH_INVEST":-83966.56,"NETCASH_FINANCE":-13649129.4,"END_CASH":299582646.6,"DIVI_RATIO":null,"DIVIDEND_RATE":null,"CURRENT_RATIO":3.58241148223,"COMMON_ACS":5000000000,"CURRENTDEBT_DEBT":97.412843917154,"ISSUED_COMMON_SHARES":2203361000,"HK_COMMON_SHARES":2203361000,"PER_SHARES":1000,"TOTAL_MARKET_CAP":138811743,"HKSK_MARKET_CAP":138811743,"PE_TTM":-2.901037492947,"PB_TTM":0.240501585305,"REPORT_DATE_SQ":"2023-06-30 00:00:00","REPORT_TYPE_SQ":"2023年中报","OPERATE_INCOME_SQ":222357604.52,"DPS_HKD":null,"OPERATE_INCOME_QOQ_SQ":3.258326519586,"NET_PROFIT_RATIO_SQ":-5.2120046108,"HOLDER_PROFIT_SQ":-18818533.78,"HOLDER_PROFIT_QOQ_SQ":51.656105341506,"ROE_AVG_SQ":-3.274133924926,"PE_TTM_SQ":-2.64766799766,"PB_TTM_SQ":0.167485279993,"ROA_SQ":-2.213132307058,"START_DATE":"2024-01-01 00:00:00","FISCAL_YEAR":"12-31","CURRENCY":"HKD","IS_CNY_CODE":0,"DPS_HKD_LY":null,"ORG_TYPE":"一般企业","PREMIUM_INCOME":null,"PREMIUM_INCOME_YOY":null,"NET_INTEREST_INCOME":null,"NET_INTEREST_INCOME_YOY":null,"FEE_COMMISSION_INCOME":null,"FEE_COMMISSION_INCOME_YOY":null,"ACCOUNTS_RECE_TDAYS":3.395892294008,"INVENTORY_TDAYS":4.665778828801,"CURRENT_ASSETS_TDAYS":0.454083802467,"TOTAL_ASSETS_TDAYS":0.320540683907,"PREMIUM_EXPENSE":null,"LOAN_DEPOSIT":null,"LOAN_EQUITY":null,"LOAN_ASSETS":null,"DEPOSIT_EQUITY":null,"DEPOSIT_ASSETS":null,"EQUITY_MULTIPLIER":1.252469775476,"EQUITY_RATIO":0.265931015843},{"SECUCODE":"01259.HK","SECURITY_CODE":"01259","SECURITY_NAME_ABBR":"未来发展控股","ORG_CODE":"10162337","STD_REPORT_DATE":"2023-12-31 00:00:00","REPORT_DATE":"2023-12-31 00:00:00","DATE_TYPE_CODE":"001","REPORT_TYPE":"2023年年报","PER_NETCASH_OPERATE":0.027230159169,"PER_OI":0.206191357451,"BPS":0.246595817363,"BASIC_EPS":-0.01540574,"DILUTED_EPS":null,"OPERATE_INCOME":468904508.38,"OPERATE_INCOME_YOY":3.7936519717,"GROSS_PROFIT":107070799.22,"GROSS_PROFIT_YOY":18.60429248667,"HOLDER_PROFIT":-35114212.56,"HOLDER_PROFIT_YOY":56.3928559371,"GROSS_PROFIT_RATIO":22.834243925254,"EPS_TTM":-0.01544077104,"OPERATE_INCOME_QOQ":-0.194932388249,"NET_PROFIT_RATIO":-6.6631363917,"ROE_AVG":-6.327231934004,"GROSS_PROFIT_QOQ":2.789880560656,"ROA":-4.494548845798,"HOLDER_PROFIT_QOQ":8.490348015469,"ROE_YEARLY":-6.327231934004,"ROIC_YEARLY":-7.821668856847,"TOTAL_ASSETS":734755926.24,"TOTAL_LIABILITIES":160499717.98,"TAX_EBT":-13.126553271149,"OCF_SALES":13.206256317292,"TOTAL_PARENT_EQUITY":543339606.74,"DEBT_ASSET_RATIO":21.843950113,"OPERATE_PROFIT":-27327064.1,"PRETAX_PROFIT":-28077414.26,"NETCASH_OPERATE":61924731.26,"NETCASH_INVEST":2014527.06,"NETCASH_FINANCE":-17526294.8,"END_CASH":324707688.2,"DIVI_RATIO":null,"DIVIDEND_RATE":null,"CURRENT_RATIO":3.363261504941,"COMMON_ACS":5000000000,"CURRENTDEBT_DEBT":96.398827840482,"ISSUED_COMMON_SHARES":2203361000,"HK_COMMON_SHARES":2203361000,"PER_SHARES":1000,"TOTAL_MARKET_CAP":103557967,"HKSK_MARKET_CAP":103557967,"PE_TTM":-2.164266066166,"PB_TTM":0.179421817608,"REPORT_DATE_SQ":"2022-12-31 00:00:00","REPORT_TYPE_SQ":"2022年年报","OPERATE_INCOME_SQ":445310280.59,"DPS_HKD":null,"OPERATE_INCOME_QOQ_SQ":-54.311521058096,"NET_PROFIT_RATIO_SQ":-19.7891860161,"HOLDER_PROFIT_SQ":-79373292.39,"HOLDER_PROFIT_QOQ_SQ":28.819574576271,"ROE_AVG_SQ":-13.063018032454,"PE_TTM_SQ":-1.677295124495,"PB_TTM_SQ":0.106101763441,"ROA_SQ":-8.185907253653,"START_DATE":"2023-01-01 00:00:00","FISCAL_YEAR":"12-31","CURRENCY":"HKD","IS_CNY_CODE":0,"DPS_HKD_LY":null,"ORG_TYPE":"一般企业","PREMIUM_INCOME":null,"PREMIUM_INCOME_YOY":null,"NET_INTEREST_INCOME":null,"NET_INTEREST_INCOME_YOY":null,"FEE_COMMISSION_INCOME":null,"FEE_COMMISSION_INCOME_YOY":null,"ACCOUNTS_RECE_TDAYS":4.735888776005,"INVENTORY_TDAYS":9.644629097321,"CURRENT_ASSETS_TDAYS":0.805947226966,"TOTAL_ASSETS_TDAYS":0.600188374815,"PREMIUM_EXPENSE":null,"LOAN_DEPOSIT":null,"LOAN_EQUITY":null,"LOAN_ASSETS":null,"DEPOSIT_EQUITY":null,"DEPOSIT_ASSETS":null,"EQUITY_MULTIPLIER":1.279491480757,"EQUITY_RATIO":0.295394843279},{"SECUCODE":"01259.HK","SECURITY_CODE":"01259","SECURITY_NAME_ABBR":"未来发展控股","ORG_CODE":"10162337","STD_REPORT_DATE":"2023-06-30 00:00:00","REPORT_DATE":"2023-06-30 00:00:00","DATE_TYPE_CODE":"002","REPORT_TYPE":"2023年中报","PER_NETCASH_OPERATE":0.027298294481,"PER_OI":0.097777298994,"BPS":0.260090918656,"BASIC_EPS":-0.00829782,"DILUTED_EPS":null,"OPERATE_INCOME":222357604.52,"OPERATE_INCOME_YOY":-0.6181131889,"GROSS_PROFIT":50185215.36,"GROSS_PROFIT_YOY":28.020065060286,"HOLDER_PROFIT":-18818533.78,"HOLDER_PROFIT_YOY":70.8201689803,"GROSS_PROFIT_RATIO":22.569597054409,"EPS_TTM":-0.016873379698,"OPERATE_INCOME_QOQ":3.258326519586,"NET_PROFIT_RATIO":-5.2120046108,"ROE_AVG":-3.274133924926,"GROSS_PROFIT_QOQ":11.788038353462,"ROA":-2.213132307058,"HOLDER_PROFIT_QOQ":51.656105341506,"ROE_YEARLY":-6.548267849853,"ROIC_YEARLY":-7.425057340388,"TOTAL_ASSETS":858460187.9,"TOTAL_LIABILITIES":247374609.84,"TAX_EBT":-44.954229623911,"OCF_SALES":27.918846973554,"TOTAL_PARENT_EQUITY":573074186.62,"DEBT_ASSET_RATIO":28.8160841151,"OPERATE_PROFIT":-8032289.76,"PRETAX_PROFIT":-8359592.66,"NETCASH_OPERATE":62079679.34,"NETCASH_INVEST":2279134.56,"NETCASH_FINANCE":-12880060.6,"END_CASH":334423351.54,"DIVI_RATIO":null,"DIVIDEND_RATE":null,"CURRENT_RATIO":2.706801633813,"COMMON_ACS":5000000000,"CURRENTDEBT_DEBT":96.540542958093,"ISSUED_COMMON_SHARES":2203361000,"HK_COMMON_SHARES":2203361000,"PER_SHARES":1000,"TOTAL_MARKET_CAP":103557967,"HKSK_MARKET_CAP":103557967,"PE_TTM":-2.164266066166,"PB_TTM":0.179421817608,"REPORT_DATE_SQ":"2022-06-30 00:00:00","REPORT_TYPE_SQ":"2022年中报","OPERATE_INCOME_SQ":207532378.06,"DPS_HKD":null,"OPERATE_INCOME_QOQ_SQ":-1.444880767647,"NET_PROFIT_RATIO_SQ":-12.959825314,"HOLDER_PROFIT_SQ":-59819685.31,"HOLDER_PROFIT_QOQ_SQ":-23.023797177878,"ROE_AVG_SQ":-8.072832144811,"PE_TTM_SQ":-1.677295124495,"PB_TTM_SQ":0.106101763441,"ROA_SQ":-2.501054016647,"START_DATE":"2023-01-01 00:00:00","FISCAL_YEAR":"12-31","CURRENCY":"HKD","IS_CNY_CODE":0,"DPS_HKD_LY":null,"ORG_TYPE":"一般企业","PREMIUM_INCOME":null,"PREMIUM_INCOME_YOY":null,"NET_INTEREST_INCOME":null,"NET_INTEREST_INCOME_YOY":null,"FEE_COMMISSION_INCOME":null,"FEE_COMMISSION_INCOME_YOY":null,"ACCOUNTS_RECE_TDAYS":2.276643948119,"INVENTORY_TDAYS":4.24683889748,"CURRENT_ASSETS_TDAYS":0.341861417801,"TOTAL_ASSETS_TDAYS":0.261501137143,"PREMIUM_EXPENSE":null,"LOAN_DEPOSIT":null,"LOAN_EQUITY":null,"LOAN_ASSETS":null,"DEPOSIT_EQUITY":null,"DEPOSIT_ASSETS":null,"EQUITY_MULTIPLIER":1.404811729685,"EQUITY_RATIO":0.431662454209},{"SECUCODE":"01259.HK","SECURITY_CODE":"01259","SECURITY_NAME_ABBR":"未来发展控股","ORG_CODE":"10162337","STD_REPORT_DATE":"2022-12-31 00:00:00","REPORT_DATE":"2022-12-31 00:00:00","DATE_TYPE_CODE":"001","REPORT_TYPE":"2022年年报","PER_NETCASH_OPERATE":-0.018026659117,"PER_OI":0.195816268773,"BPS":0.253477653085,"BASIC_EPS":-0.03483753,"DILUTED_EPS":null,"OPERATE_INCOME":445310280.59,"OPERATE_INCOME_YOY":-15.4855987085,"GROSS_PROFIT":90275652.74,"GROSS_PROFIT_YOY":-14.082290086531,"HOLDER_PROFIT":-79373292.39,"HOLDER_PROFIT_YOY":15.2863448723,"GROSS_PROFIT_RATIO":20.479465367256,"EPS_TTM":-0.034902814135,"OPERATE_INCOME_QOQ":-54.311521058096,"NET_PROFIT_RATIO":-19.7891860161,"ROE_AVG":-13.063018032454,"GROSS_PROFIT_QOQ":-46.037025174461,"ROA":-8.185907253653,"HOLDER_PROFIT_QOQ":28.819574576271,"ROE_YEARLY":-13.063018032454,"ROIC_YEARLY":-12.486895764767,"TOTAL_ASSETS":815939616.1,"TOTAL_LIABILITIES":227140695.6,"TAX_EBT":-4.037235826904,"OCF_SALES":-9.009951723637,"TOTAL_PARENT_EQUITY":558502775.18,"DEBT_ASSET_RATIO":27.8379295622,"OPERATE_PROFIT":-51974914.95,"PRETAX_PROFIT":-53256757.4,"NETCASH_OPERATE":-40994840.11,"NETCASH_INVEST":-3827661.95,"NETCASH_FINANCE":-80107560.33,"END_CASH":274317857.38,"DIVI_RATIO":null,"DIVIDEND_RATE":null,"CURRENT_RATIO":2.858407329105,"COMMON_ACS":5000000000,"CURRENTDEBT_DEBT":97.658093440302,"ISSUED_COMMON_SHARES":2203361000,"HK_COMMON_SHARES":2203361000,"PER_SHARES":1000,"TOTAL_MARKET_CAP":103557967,"HKSK_MARKET_CAP":103557967,"PE_TTM":-2.164266066166,"PB_TTM":0.179421817608,"REPORT_DATE_SQ":"2021-12-31 00:00:00","REPORT_TYPE_SQ":"2021年年报","OPERATE_INCOME_SQ":492758526.4,"DPS_HKD":null,"OPERATE_INCOME_QOQ_SQ":-11.513699445857,"NET_PROFIT_RATIO_SQ":-8.5589392596,"HOLDER_PROFIT_SQ":-85758881.6,"HOLDER_PROFIT_QOQ_SQ":-40.250355882899,"ROE_AVG_SQ":-14.110019264074,"PE_TTM_SQ":-1.677295124495,"PB_TTM_SQ":0.106101763441,"ROA_SQ":-6.745607663593,"START_DATE":"2022-01-01 00:00:00","FISCAL_YEAR":"12-31","CURRENCY":"HKD","IS_CNY_CODE":0,"DPS_HKD_LY":null,"ORG_TYPE":"一般企业","PREMIUM_INCOME":null,"PREMIUM_INCOME_YOY":null,"NET_INTEREST_INCOME":null,"NET_INTEREST_INCOME_YOY":null,"FEE_COMMISSION_INCOME":null,"FEE_COMMISSION_INCOME_YOY":null,"ACCOUNTS_RECE_TDAYS":2.651115052342,"INVENTORY_TDAYS":6.49365536148,"CURRENT_ASSETS_TDAYS":0.639732682246,"TOTAL_ASSETS_TDAYS":0.469244463893,"PREMIUM_EXPENSE":null,"LOAN_DEPOSIT":null,"LOAN_EQUITY":null,"LOAN_ASSETS":null,"DEPOSIT_EQUITY":null,"DEPOSIT_ASSETS":null,"EQUITY_MULTIPLIER":1.385769551695,"EQUITY_RATIO":0.406695733118},{"SECUCODE":"01259.HK","SECURITY_CODE":"01259","SECURITY_NAME_ABBR":"未来发展控股","ORG_CODE":"10162337","STD_REPORT_DATE":"2022-06-30 00:00:00","REPORT_DATE":"2022-06-30 00:00:00","DATE_TYPE_CODE":"002","REPORT_TYPE":"2022年中报","PER_NETCASH_OPERATE":-0.034779561176,"PER_OI":0.091258202859,"BPS":0.25363161098,"BASIC_EPS":-0.026339852,"DILUTED_EPS":null,"OPERATE_INCOME":207532378.06,"OPERATE_INCOME_YOY":-3.6232423552,"GROSS_PROFIT":39201054.41,"GROSS_PROFIT_YOY":-62.638976020967,"HOLDER_PROFIT":-59819685.31,"HOLDER_PROFIT_YOY":-66.5380691238,"GROSS_PROFIT_RATIO":18.3492380663,"EPS_TTM":-0.049034287064,"OPERATE_INCOME_QOQ":-1.444880767647,"NET_PROFIT_RATIO":-12.959825314,"ROE_AVG":-8.072832144811,"GROSS_PROFIT_QOQ":-16.315304836677,"ROA":-2.501054016647,"HOLDER_PROFIT_QOQ":-23.023797177878,"ROE_YEARLY":-16.145664289622,"ROIC_YEARLY":-6.075881340421,"TOTAL_ASSETS":2919334000,"TOTAL_LIABILITIES":2313888000,"TAX_EBT":-18.81390593047,"OCF_SALES":-20.366212270248,"TOTAL_PARENT_EQUITY":558842000,"DEBT_ASSET_RATIO":79.2608177071,"OPERATE_PROFIT":-10899396.55,"PRETAX_PROFIT":-11709261.48,"NETCASH_OPERATE":-99345711.92,"NETCASH_INVEST":8542492.91,"NETCASH_FINANCE":3428456.71,"END_CASH":286153415.52,"DIVI_RATIO":null,"DIVIDEND_RATE":null,"CURRENT_RATIO":1.114464457493,"COMMON_ACS":5000000000,"CURRENTDEBT_DEBT":98.972681478101,"ISSUED_COMMON_SHARES":2203361000,"HK_COMMON_SHARES":2203361000,"PER_SHARES":1000,"TOTAL_MARKET_CAP":103557967,"HKSK_MARKET_CAP":103557967,"PE_TTM":-2.164266066166,"PB_TTM":0.179421817608,"REPORT_DATE_SQ":"2021-06-30 00:00:00","REPORT_TYPE_SQ":"2021年中报","OPERATE_INCOME_SQ":402954000,"DPS_HKD":null,"OPERATE_INCOME_QOQ_SQ":-2.81369015451,"NET_PROFIT_RATIO_SQ":-7.1623560009,"HOLDER_PROFIT_SQ":-31364000,"HOLDER_PROFIT_QOQ_SQ":-90.592468076322,"ROE_AVG_SQ":-4.694071198302,"PE_TTM_SQ":-1.677295124495,"PB_TTM_SQ":0.106101763441,"ROA_SQ":-2.260542597973,"START_DATE":"2022-01-01 00:00:00","FISCAL_YEAR":"12-31","CURRENCY":"HKD","IS_CNY_CODE":0,"DPS_HKD_LY":null,"ORG_TYPE":"一般企业","PREMIUM_INCOME":null,"PREMIUM_INCOME_YOY":null,"NET_INTEREST_INCOME":null,"NET_INTEREST_INCOME_YOY":null,"FEE_COMMISSION_INCOME":null,"FEE_COMMISSION_INCOME_YOY":null,"ACCOUNTS_RECE_TDAYS":0.983349744512,"INVENTORY_TDAYS":3.014473740499,"CURRENT_ASSETS_TDAYS":0.226125608905,"TOTAL_ASSETS_TDAYS":0.185954153807,"PREMIUM_EXPENSE":null,"LOAN_DEPOSIT":null,"LOAN_EQUITY":null,"LOAN_ASSETS":null,"DEPOSIT_EQUITY":null,"DEPOSIT_ASSETS":null,"EQUITY_MULTIPLIER":4.821790878141,"EQUITY_RATIO":4.14050482963},{"SECUCODE":"01259.HK","SECURITY_CODE":"01259","SECURITY_NAME_ABBR":"未来发展控股","ORG_CODE":"10162337","STD_REPORT_DATE":"2021-12-31 00:00:00","REPORT_DATE":"2021-12-31 00:00:00","DATE_TYPE_CODE":"001","REPORT_TYPE":"2021年年报","PER_NETCASH_OPERATE":0.012182278619,"PER_OI":0.216680683675,"BPS":0.274294135187,"BASIC_EPS":-0.0416976,"DILUTED_EPS":null,"OPERATE_INCOME":492758526.4,"OPERATE_INCOME_YOY":-14.0034297726,"GROSS_PROFIT":105072228.8,"GROSS_PROFIT_YOY":-58.793588454449,"HOLDER_PROFIT":-85758881.6,"HOLDER_PROFIT_YOY":-167.306614763,"GROSS_PROFIT_RATIO":20.420321753175,"EPS_TTM":-0.039857562674,"OPERATE_INCOME_QOQ":-11.513699445857,"NET_PROFIT_RATIO":-8.5589392596,"ROE_AVG":-14.110019264074,"GROSS_PROFIT_QOQ":-17.06924962823,"ROA":-6.745607663593,"HOLDER_PROFIT_QOQ":-40.250355882899,"ROE_YEARLY":-14.110019264074,"ROIC_YEARLY":-9.649886723674,"TOTAL_ASSETS":1256295544,"TOTAL_LIABILITIES":612125673.6,"TAX_EBT":-226.989619377163,"OCF_SALES":2.741710738829,"TOTAL_PARENT_EQUITY":601101155.2,"DEBT_ASSET_RATIO":48.5564333682,"OPERATE_PROFIT":2339971.2,"PRETAX_PROFIT":-708859.2,"NETCASH_OPERATE":37366772.8,"NETCASH_INVEST":-9712270.4,"NETCASH_FINANCE":-8632220.8,"END_CASH":364071556.8,"DIVI_RATIO":null,"DIVIDEND_RATE":null,"CURRENT_RATIO":1.513153112378,"COMMON_ACS":5000000000,"CURRENTDEBT_DEBT":95.519349901027,"ISSUED_COMMON_SHARES":2203361000,"HK_COMMON_SHARES":2203361000,"PER_SHARES":1000,"TOTAL_MARKET_CAP":103557967,"HKSK_MARKET_CAP":103557967,"PE_TTM":-2.164266066166,"PB_TTM":0.179421817608,"REPORT_DATE_SQ":"2020-12-31 00:00:00","REPORT_TYPE_SQ":"2020年年报","OPERATE_INCOME_SQ":1175005000,"DPS_HKD":null,"OPERATE_INCOME_QOQ_SQ":19.050055522683,"NET_PROFIT_RATIO_SQ":-3.2267947796,"HOLDER_PROFIT_SQ":-33909000,"HOLDER_PROFIT_QOQ_SQ":-228.960979691184,"ROE_AVG_SQ":-4.772796369696,"PE_TTM_SQ":-1.677295124495,"PB_TTM_SQ":0.106101763441,"ROA_SQ":-2.68456535241,"START_DATE":"2021-01-01 00:00:00","FISCAL_YEAR":"12-31","CURRENCY":"HKD","IS_CNY_CODE":0,"DPS_HKD_LY":null,"ORG_TYPE":"一般企业","PREMIUM_INCOME":null,"PREMIUM_INCOME_YOY":null,"NET_INTEREST_INCOME":null,"NET_INTEREST_INCOME_YOY":null,"FEE_COMMISSION_INCOME":null,"FEE_COMMISSION_INCOME_YOY":null,"ACCOUNTS_RECE_TDAYS":2.29146682027,"INVENTORY_TDAYS":12.099550098557,"CURRENT_ASSETS_TDAYS":1.04053708249,"TOTAL_ASSETS_TDAYS":0.75199895215,"PREMIUM_EXPENSE":null,"LOAN_DEPOSIT":null,"LOAN_EQUITY":null,"LOAN_ASSETS":null,"DEPOSIT_EQUITY":null,"DEPOSIT_ASSETS":null,"EQUITY_MULTIPLIER":1.943877661433,"EQUITY_RATIO":1.018340537703},{"SECUCODE":"01259.HK","SECURITY_CODE":"01259","SECURITY_NAME_ABBR":"未来发展控股","ORG_CODE":"10162337","STD_REPORT_DATE":"2021-06-30 00:00:00","REPORT_DATE":"2021-06-30 00:00:00","DATE_TYPE_CODE":"002","REPORT_TYPE":"2021年中报","PER_NETCASH_OPERATE":-0.003937508204,"PER_OI":0.21073644321,"BPS":0.297689756694,"BASIC_EPS":-0.0171,"DILUTED_EPS":null,"OPERATE_INCOME":402954000,"OPERATE_INCOME_YOY":-7.582537298,"GROSS_PROFIT":104925000,"GROSS_PROFIT_YOY":-5.562305926826,"HOLDER_PROFIT":-31364000,"HOLDER_PROFIT_YOY":-4762.6356589147,"GROSS_PROFIT_RATIO":26.038952336991,"EPS_TTM":-0.033799080917,"OPERATE_INCOME_QOQ":-2.81369015451,"NET_PROFIT_RATIO":-7.1623560009,"ROE_AVG":-4.694071198302,"GROSS_PROFIT_QOQ":-2.423624455861,"ROA":-2.260542597973,"HOLDER_PROFIT_QOQ":-90.592468076322,"ROE_YEARLY":-9.388142396604,"ROIC_YEARLY":-6.30363422682,"TOTAL_ASSETS":1345046000,"TOTAL_LIABILITIES":645505000,"TAX_EBT":-24.229511019284,"OCF_SALES":-1.868451485778,"TOTAL_PARENT_EQUITY":655918000,"DEBT_ASSET_RATIO":47.991295465,"OPERATE_PROFIT":-19809000,"PRETAX_PROFIT":-23232000,"NETCASH_OPERATE":-7529000,"NETCASH_INVEST":-20036000,"NETCASH_FINANCE":10816000,"END_CASH":339014000,"DIVI_RATIO":null,"DIVIDEND_RATE":null,"CURRENT_RATIO":1.581986619959,"COMMON_ACS":5000000000,"CURRENTDEBT_DEBT":96.053167674921,"ISSUED_COMMON_SHARES":2203361000,"HK_COMMON_SHARES":2203361000,"PER_SHARES":1000,"TOTAL_MARKET_CAP":103557967,"HKSK_MARKET_CAP":103557967,"PE_TTM":-2.164266066166,"PB_TTM":0.179421817608,"REPORT_DATE_SQ":"2020-06-30 00:00:00","REPORT_TYPE_SQ":"2020年中报","OPERATE_INCOME_SQ":436015000,"DPS_HKD":null,"OPERATE_INCOME_QOQ_SQ":18.889956948369,"NET_PROFIT_RATIO_SQ":-0.618556701,"HOLDER_PROFIT_SQ":-645000,"HOLDER_PROFIT_QOQ_SQ":154.328691268234,"ROE_AVG_SQ":-0.086817590186,"PE_TTM_SQ":-1.677295124495,"PB_TTM_SQ":0.106101763441,"ROA_SQ":-0.055215039036,"START_DATE":"2021-01-01 00:00:00","FISCAL_YEAR":"12-31","CURRENCY":"HKD","IS_CNY_CODE":0,"DPS_HKD_LY":null,"ORG_TYPE":"一般企业","PREMIUM_INCOME":null,"PREMIUM_INCOME_YOY":null,"NET_INTEREST_INCOME":null,"NET_INTEREST_INCOME_YOY":null,"FEE_COMMISSION_INCOME":null,"FEE_COMMISSION_INCOME_YOY":null,"ACCOUNTS_RECE_TDAYS":1.537605030794,"INVENTORY_TDAYS":4.566024727674,"CURRENT_ASSETS_TDAYS":0.394960977223,"TOTAL_ASSETS_TDAYS":0.290426821204,"PREMIUM_EXPENSE":null,"LOAN_DEPOSIT":null,"LOAN_EQUITY":null,"LOAN_ASSETS":null,"DEPOSIT_EQUITY":null,"DEPOSIT_ASSETS":null,"EQUITY_MULTIPLIER":1.922755063678,"EQUITY_RATIO":0.984124539958},{"SECUCODE":"01259.HK","SECURITY_CODE":"01259","SECURITY_NAME_ABBR":"未来发展控股","ORG_CODE":"10162337","STD_REPORT_DATE":"2020-12-31 00:00:00","REPORT_DATE":"2020-12-31 00:00:00","DATE_TYPE_CODE":"001","REPORT_TYPE":"2020年年报","PER_NETCASH_OPERATE":0.017281698537,"PER_OI":0.649129921005,"BPS":0.308803686731,"BASIC_EPS":-0.019,"DILUTED_EPS":null,"OPERATE_INCOME":1175005000,"OPERATE_INCOME_YOY":41.5385597579,"GROSS_PROFIT":254990000,"GROSS_PROFIT_YOY":100.010981425703,"HOLDER_PROFIT":-33909000,"HOLDER_PROFIT_YOY":29.9371874871,"GROSS_PROFIT_RATIO":21.70118425028,"EPS_TTM":-0.018732981129,"OPERATE_INCOME_QOQ":19.050055522683,"NET_PROFIT_RATIO":-3.2267947796,"ROE_AVG":-4.772796369696,"GROSS_PROFIT_QOQ":15.980459937414,"ROA":-2.68456535241,"HOLDER_PROFIT_QOQ":-228.960979691184,"ROE_YEARLY":-4.772796369696,"ROIC_YEARLY":-4.082273909275,"TOTAL_ASSETS":1429863000,"TOTAL_LIABILITIES":706603000,"TAX_EBT":-13.341504244888,"OCF_SALES":2.662286543462,"TOTAL_PARENT_EQUITY":680406000,"DEBT_ASSET_RATIO":49.4175316097,"OPERATE_PROFIT":26085000,"PRETAX_PROFIT":-33452000,"NETCASH_OPERATE":31282000,"NETCASH_INVEST":-113465000,"NETCASH_FINANCE":45678000,"END_CASH":359201000,"DIVI_RATIO":null,"DIVIDEND_RATE":null,"CURRENT_RATIO":1.5640807253,"COMMON_ACS":5000000000,"CURRENTDEBT_DEBT":95.875335938285,"ISSUED_COMMON_SHARES":2203361000,"HK_COMMON_SHARES":2203361000,"PER_SHARES":1000,"TOTAL_MARKET_CAP":103557967,"HKSK_MARKET_CAP":103557967,"PE_TTM":-2.164266066166,"PB_TTM":0.179421817608,"REPORT_DATE_SQ":"2019-12-31 00:00:00","REPORT_TYPE_SQ":"2019年年报","OPERATE_INCOME_SQ":830166000,"DPS_HKD":null,"OPERATE_INCOME_QOQ_SQ":27.801211867434,"NET_PROFIT_RATIO_SQ":-8.5875595965,"HOLDER_PROFIT_SQ":-48398000,"HOLDER_PROFIT_QOQ_SQ":89.381140653043,"ROE_AVG_SQ":-6.391301132522,"PE_TTM_SQ":-1.677295124495,"PB_TTM_SQ":0.106101763441,"ROA_SQ":-4.081374501824,"START_DATE":"2020-01-01 00:00:00","FISCAL_YEAR":"12-31","CURRENCY":"HKD","IS_CNY_CODE":0,"DPS_HKD_LY":null,"ORG_TYPE":"一般企业","PREMIUM_INCOME":null,"PREMIUM_INCOME_YOY":null,"NET_INTEREST_INCOME":null,"NET_INTEREST_INCOME_YOY":null,"FEE_COMMISSION_INCOME":null,"FEE_COMMISSION_INCOME_YOY":null,"ACCOUNTS_RECE_TDAYS":6.111192015437,"INVENTORY_TDAYS":20.655695378364,"CURRENT_ASSETS_TDAYS":1.29373778524,"TOTAL_ASSETS_TDAYS":0.930247931791,"PREMIUM_EXPENSE":null,"LOAN_DEPOSIT":null,"LOAN_EQUITY":null,"LOAN_ASSETS":null,"DEPOSIT_EQUITY":null,"DEPOSIT_ASSETS":null,"EQUITY_MULTIPLIER":1.976969554518,"EQUITY_RATIO":1.038502012034},{"SECUCODE":"01259.HK","SECURITY_CODE":"01259","SECURITY_NAME_ABBR":"未来发展控股","ORG_CODE":"10162337","STD_REPORT_DATE":"2020-06-30 00:00:00","REPORT_DATE":"2020-06-30 00:00:00","DATE_TYPE_CODE":"002","REPORT_TYPE":"2020年中报","PER_NETCASH_OPERATE":0.003345628999,"PER_OI":0.240875896279,"BPS":0.33827956472,"BASIC_EPS":-0.0004,"DILUTED_EPS":null,"OPERATE_INCOME":436015000,"OPERATE_INCOME_YOY":56.1675089632,"GROSS_PROFIT":111105000,"GROSS_PROFIT_YOY":492.971126647809,"HOLDER_PROFIT":-645000,"HOLDER_PROFIT_YOY":99.1438469809,"GROSS_PROFIT_RATIO":25.481921493527,"EPS_TTM":0.014526084691,"OPERATE_INCOME_QOQ":18.889956948369,"NET_PROFIT_RATIO":-0.618556701,"ROE_AVG":-0.086817590186,"GROSS_PROFIT_QOQ":72.452309236948,"ROA":-0.055215039036,"HOLDER_PROFIT_QOQ":154.328691268234,"ROE_YEARLY":-0.173635180372,"ROIC_YEARLY":-0.191408290205,"TOTAL_ASSETS":1239964000,"TOTAL_LIABILITIES":446154000,"TAX_EBT":-341.407528641571,"OCF_SALES":1.38894304095,"TOTAL_PARENT_EQUITY":745352000,"DEBT_ASSET_RATIO":35.981205906,"OPERATE_PROFIT":1581000,"PRETAX_PROFIT":-611000,"NETCASH_OPERATE":6056000,"NETCASH_INVEST":-16929000,"NETCASH_FINANCE":72030000,"END_CASH":477074000,"DIVI_RATIO":null,"DIVIDEND_RATE":null,"CURRENT_RATIO":2.106009224254,"COMMON_ACS":5000000000,"CURRENTDEBT_DEBT":93.258605772895,"ISSUED_COMMON_SHARES":2203361000,"HK_COMMON_SHARES":2203361000,"PER_SHARES":1000,"TOTAL_MARKET_CAP":103557967,"HKSK_MARKET_CAP":103557967,"PE_TTM":-2.164266066166,"PB_TTM":0.179421817608,"REPORT_DATE_SQ":"2019-06-30 00:00:00","REPORT_TYPE_SQ":"2019年中报","OPERATE_INCOME_SQ":279197000,"DPS_HKD":null,"OPERATE_INCOME_QOQ_SQ":2.908834549242,"NET_PROFIT_RATIO_SQ":-25.8213321332,"HOLDER_PROFIT_SQ":-75337000,"HOLDER_PROFIT_QOQ_SQ":-5.64140600554,"ROE_AVG_SQ":-10.371618575216,"PE_TTM_SQ":-1.677295124495,"PB_TTM_SQ":0.106101763441,"ROA_SQ":-6.26238822285,"START_DATE":"2020-01-01 00:00:00","FISCAL_YEAR":"12-31","CURRENCY":"HKD","IS_CNY_CODE":0,"DPS_HKD_LY":null,"ORG_TYPE":"一般企业","PREMIUM_INCOME":null,"PREMIUM_INCOME_YOY":null,"NET_INTEREST_INCOME":null,"NET_INTEREST_INCOME_YOY":null,"FEE_COMMISSION_INCOME":null,"FEE_COMMISSION_INCOME_YOY":null,"ACCOUNTS_RECE_TDAYS":4.697070895321,"INVENTORY_TDAYS":7.666588013214,"CURRENT_ASSETS_TDAYS":0.533967949554,"TOTAL_ASSETS_TDAYS":0.373249383646,"PREMIUM_EXPENSE":null,"LOAN_DEPOSIT":null,"LOAN_EQUITY":null,"LOAN_ASSETS":null,"DEPOSIT_EQUITY":null,"DEPOSIT_ASSETS":null,"EQUITY_MULTIPLIER":1.562041294517,"EQUITY_RATIO":0.598581609763}],"count":31},"success":true,"message":"ok","code":0}