{"version":"e2c02eac502fa279afb876afb409ae92","result":{"pages":4,"data":[{"SECUCODE":"01251.HK","SECURITY_CODE":"01251","SECURITY_NAME_ABBR":"华油能源","ORG_CODE":"10188253","STD_REPORT_DATE":"2024-06-30 00:00:00","REPORT_DATE":"2024-06-30 00:00:00","DATE_TYPE_CODE":"002","REPORT_TYPE":"2024年中报","PER_NETCASH_OPERATE":-0.080057283988,"PER_OI":0.393748822994,"BPS":0.632394911511,"BASIC_EPS":-0.0321,"DILUTED_EPS":-0.0321,"OPERATE_INCOME":769297000,"OPERATE_INCOME_YOY":-8.7493283388,"GROSS_PROFIT":589433000,"GROSS_PROFIT_YOY":-3.082475582887,"HOLDER_PROFIT":-62741000,"HOLDER_PROFIT_YOY":-771.6732683867,"GROSS_PROFIT_RATIO":76.619693044429,"EPS_TTM":-0.028323103584,"OPERATE_INCOME_QOQ":-4.181701808979,"NET_PROFIT_RATIO":-8.4520022826,"ROE_AVG":-4.948680149515,"GROSS_PROFIT_QOQ":-1.543363094136,"ROA":-2.267339822891,"HOLDER_PROFIT_QOQ":-430.468796655718,"ROE_YEARLY":-9.89736029903,"ROIC_YEARLY":-4.980528499953,"TOTAL_ASSETS":2623120000,"TOTAL_LIABILITIES":1404600000,"TAX_EBT":5.401984461838,"OCF_SALES":-20.332069408824,"TOTAL_PARENT_EQUITY":1235558000,"DEBT_ASSET_RATIO":53.5469212236,"OPERATE_PROFIT":-51451000,"PRETAX_PROFIT":-68734000,"NETCASH_OPERATE":-156414000,"NETCASH_INVEST":-24024000,"NETCASH_FINANCE":102190000,"END_CASH":224150000,"DIVI_RATIO":null,"DIVIDEND_RATE":null,"CURRENT_RATIO":1.563815750745,"COMMON_ACS":5000000000,"CURRENTDEBT_DEBT":90.704471023779,"ISSUED_COMMON_SHARES":1953775999,"HK_COMMON_SHARES":1953775999,"PER_SHARES":2000,"TOTAL_MARKET_CAP":185608719.905,"HKSK_MARKET_CAP":185608719.905,"PE_TTM":-3.073129272392,"PB_TTM":0.137105151262,"REPORT_DATE_SQ":"2023-06-30 00:00:00","REPORT_TYPE_SQ":"2023年中报","OPERATE_INCOME_SQ":843059000,"DPS_HKD":null,"OPERATE_INCOME_QOQ_SQ":7.059208003682,"NET_PROFIT_RATIO_SQ":0.8820555053,"HOLDER_PROFIT_SQ":9341000,"HOLDER_PROFIT_QOQ_SQ":-3.526923948342,"ROE_AVG_SQ":0.734844375601,"PE_TTM_SQ":28.975467156938,"PB_TTM_SQ":0.275534466704,"ROA_SQ":0.323604022445,"START_DATE":"2024-01-01 00:00:00","FISCAL_YEAR":"12-31","CURRENCY":"HKD","IS_CNY_CODE":0,"DPS_HKD_LY":null,"ORG_TYPE":"一般企业","PREMIUM_INCOME":null,"PREMIUM_INCOME_YOY":null,"NET_INTEREST_INCOME":null,"NET_INTEREST_INCOME_YOY":null,"FEE_COMMISSION_INCOME":null,"FEE_COMMISSION_INCOME_YOY":null,"ACCOUNTS_RECE_TDAYS":0.820513011949,"INVENTORY_TDAYS":0.284666103235,"CURRENT_ASSETS_TDAYS":0.36187660068,"TOTAL_ASSETS_TDAYS":0.278009232198,"PREMIUM_EXPENSE":null,"LOAN_DEPOSIT":null,"LOAN_EQUITY":null,"LOAN_ASSETS":null,"DEPOSIT_EQUITY":null,"DEPOSIT_ASSETS":null,"EQUITY_MULTIPLIER":2.152709844731,"EQUITY_RATIO":1.13681429767},{"SECUCODE":"01251.HK","SECURITY_CODE":"01251","SECURITY_NAME_ABBR":"华油能源","ORG_CODE":"10188253","STD_REPORT_DATE":"2023-12-31 00:00:00","REPORT_DATE":"2023-12-31 00:00:00","DATE_TYPE_CODE":"001","REPORT_TYPE":"2023年年报","PER_NETCASH_OPERATE":0.072733517083,"PER_OI":0.902827653172,"BPS":0.66543349937,"BASIC_EPS":0.009,"DILUTED_EPS":0.009,"OPERATE_INCOME":1763923000,"OPERATE_INCOME_YOY":14.8317842735,"GROSS_PROFIT":1214685000,"GROSS_PROFIT_YOY":15.317575823168,"HOLDER_PROFIT":16745000,"HOLDER_PROFIT_YOY":26.4632580621,"GROSS_PROFIT_RATIO":68.86269978905,"EPS_TTM":0.008570583326,"OPERATE_INCOME_QOQ":7.260072640859,"NET_PROFIT_RATIO":0.49764077,"ROE_AVG":1.321162386203,"GROSS_PROFIT_QOQ":10.830035702913,"ROA":0.578035180923,"HOLDER_PROFIT_QOQ":31.086582119931,"ROE_YEARLY":1.321162386203,"ROIC_YEARLY":0.639415731727,"TOTAL_ASSETS":2911207000,"TOTAL_LIABILITIES":1625967000,"TAX_EBT":59.266821345708,"OCF_SALES":8.056190661384,"TOTAL_PARENT_EQUITY":1300108000,"DEBT_ASSET_RATIO":55.8519885395,"OPERATE_PROFIT":54013000,"PRETAX_PROFIT":21550000,"NETCASH_OPERATE":142105000,"NETCASH_INVEST":-60906000,"NETCASH_FINANCE":-58343000,"END_CASH":303180000,"DIVI_RATIO":null,"DIVIDEND_RATE":null,"CURRENT_RATIO":1.49703654279,"COMMON_ACS":5000000000,"CURRENTDEBT_DEBT":92.819657471523,"ISSUED_COMMON_SHARES":1953775999,"HK_COMMON_SHARES":1953775999,"PER_SHARES":2000,"TOTAL_MARKET_CAP":259852207.867,"HKSK_MARKET_CAP":259852207.867,"PE_TTM":-4.302380981349,"PB_TTM":0.191947211767,"REPORT_DATE_SQ":"2022-12-31 00:00:00","REPORT_TYPE_SQ":"2022年年报","OPERATE_INCOME_SQ":1536093000,"DPS_HKD":null,"OPERATE_INCOME_QOQ_SQ":-11.292384773705,"NET_PROFIT_RATIO_SQ":0.4854523782,"HOLDER_PROFIT_SQ":13241000,"HOLDER_PROFIT_QOQ_SQ":1783.49928876245,"ROE_AVG_SQ":1.090563018292,"PE_TTM_SQ":33.03203255891,"PB_TTM_SQ":0.314109292043,"ROA_SQ":0.467116708797,"START_DATE":"2023-01-01 00:00:00","FISCAL_YEAR":"12-31","CURRENCY":"HKD","IS_CNY_CODE":0,"DPS_HKD_LY":null,"ORG_TYPE":"一般企业","PREMIUM_INCOME":null,"PREMIUM_INCOME_YOY":null,"NET_INTEREST_INCOME":null,"NET_INTEREST_INCOME_YOY":null,"FEE_COMMISSION_INCOME":null,"FEE_COMMISSION_INCOME_YOY":null,"ACCOUNTS_RECE_TDAYS":1.636459952528,"INVENTORY_TDAYS":0.905398054155,"CURRENT_ASSETS_TDAYS":0.78545552509,"TOTAL_ASSETS_TDAYS":0.608903882018,"PREMIUM_EXPENSE":null,"LOAN_DEPOSIT":null,"LOAN_EQUITY":null,"LOAN_ASSETS":null,"DEPOSIT_EQUITY":null,"DEPOSIT_ASSETS":null,"EQUITY_MULTIPLIER":2.26510768417,"EQUITY_RATIO":1.250639946835},{"SECUCODE":"01251.HK","SECURITY_CODE":"01251","SECURITY_NAME_ABBR":"华油能源","ORG_CODE":"10188253","STD_REPORT_DATE":"2023-06-30 00:00:00","REPORT_DATE":"2023-06-30 00:00:00","DATE_TYPE_CODE":"002","REPORT_TYPE":"2023年中报","PER_NETCASH_OPERATE":-0.032528805775,"PER_OI":0.431502383299,"BPS":0.66923024987,"BASIC_EPS":0.0049,"DILUTED_EPS":0.0049,"OPERATE_INCOME":843059000,"OPERATE_INCOME_YOY":16.3343882889,"GROSS_PROFIT":608180000,"GROSS_PROFIT_YOY":33.984552275962,"HOLDER_PROFIT":9341000,"HOLDER_PROFIT_YOY":-4.7614192496,"GROSS_PROFIT_RATIO":67.998036999199,"EPS_TTM":0.006538108773,"OPERATE_INCOME_QOQ":7.059208003682,"NET_PROFIT_RATIO":0.8820555053,"ROE_AVG":0.734844375601,"GROSS_PROFIT_QOQ":6.95006767392,"ROA":0.323604022445,"HOLDER_PROFIT_QOQ":-3.526923948342,"ROE_YEARLY":1.469688751201,"ROIC_YEARLY":0.697527458936,"TOTAL_ASSETS":2890547000,"TOTAL_LIABILITIES":1596409000,"TAX_EBT":45.530145530146,"OCF_SALES":-8.229324072527,"TOTAL_PARENT_EQUITY":1307526000,"DEBT_ASSET_RATIO":55.2286124391,"OPERATE_PROFIT":28066000,"PRETAX_PROFIT":12506000,"NETCASH_OPERATE":-63554000,"NETCASH_INVEST":-15503000,"NETCASH_FINANCE":-42306000,"END_CASH":161999000,"DIVI_RATIO":null,"DIVIDEND_RATE":null,"CURRENT_RATIO":1.505410277707,"COMMON_ACS":5000000000,"CURRENTDEBT_DEBT":92.914033934913,"ISSUED_COMMON_SHARES":1953775999,"HK_COMMON_SHARES":1953775999,"PER_SHARES":2000,"TOTAL_MARKET_CAP":259852207.867,"HKSK_MARKET_CAP":259852207.867,"PE_TTM":-4.302380981349,"PB_TTM":0.191947211767,"REPORT_DATE_SQ":"2022-06-30 00:00:00","REPORT_TYPE_SQ":"2022年中报","OPERATE_INCOME_SQ":663851000,"DPS_HKD":null,"OPERATE_INCOME_QOQ_SQ":8.990249867982,"NET_PROFIT_RATIO_SQ":1.2091568741,"HOLDER_PROFIT_SQ":9808000,"HOLDER_PROFIT_QOQ_SQ":-92.006822057987,"ROE_AVG_SQ":0.813281497141,"PE_TTM_SQ":33.03203255891,"PB_TTM_SQ":0.314109292043,"ROA_SQ":0.363747759027,"START_DATE":"2023-01-01 00:00:00","FISCAL_YEAR":"12-31","CURRENCY":"HKD","IS_CNY_CODE":0,"DPS_HKD_LY":null,"ORG_TYPE":"一般企业","PREMIUM_INCOME":null,"PREMIUM_INCOME_YOY":null,"NET_INTEREST_INCOME":null,"NET_INTEREST_INCOME_YOY":null,"FEE_COMMISSION_INCOME":null,"FEE_COMMISSION_INCOME_YOY":null,"ACCOUNTS_RECE_TDAYS":0.727442240124,"INVENTORY_TDAYS":0.427546692939,"CURRENT_ASSETS_TDAYS":0.345923881579,"TOTAL_ASSETS_TDAYS":0.267546493611,"PREMIUM_EXPENSE":null,"LOAN_DEPOSIT":null,"LOAN_EQUITY":null,"LOAN_ASSETS":null,"DEPOSIT_EQUITY":null,"DEPOSIT_ASSETS":null,"EQUITY_MULTIPLIER":2.233569372045,"EQUITY_RATIO":1.220938627607},{"SECUCODE":"01251.HK","SECURITY_CODE":"01251","SECURITY_NAME_ABBR":"华油能源","ORG_CODE":"10188253","STD_REPORT_DATE":"2022-12-31 00:00:00","REPORT_DATE":"2022-12-31 00:00:00","DATE_TYPE_CODE":"001","REPORT_TYPE":"2022年年报","PER_NETCASH_OPERATE":0.00248627666,"PER_OI":0.82862924152,"BPS":0.631997220066,"BASIC_EPS":0.007,"DILUTED_EPS":0.007,"OPERATE_INCOME":1536093000,"OPERATE_INCOME_YOY":9.7763656361,"GROSS_PROFIT":1053339000,"GROSS_PROFIT_YOY":5.133305652814,"HOLDER_PROFIT":13241000,"HOLDER_PROFIT_YOY":50.5514496873,"GROSS_PROFIT_RATIO":66.712562325328,"EPS_TTM":0.007142718434,"OPERATE_INCOME_QOQ":-11.292384773705,"NET_PROFIT_RATIO":0.4854523782,"ROE_AVG":1.090563018292,"GROSS_PROFIT_QOQ":-17.147227681867,"ROA":0.467116708797,"HOLDER_PROFIT_QOQ":1783.49928876245,"ROE_YEARLY":1.090563018292,"ROIC_YEARLY":0.526497965442,"TOTAL_ASSETS":2882558000,"TOTAL_LIABILITIES":1657454000,"TAX_EBT":54.099470638927,"OCF_SALES":0.300046937262,"TOTAL_PARENT_EQUITY":1234781000,"DEBT_ASSET_RATIO":57.4994154497,"OPERATE_PROFIT":52868000,"PRETAX_PROFIT":16246000,"NETCASH_OPERATE":4609000,"NETCASH_INVEST":-10987000,"NETCASH_FINANCE":-86177000,"END_CASH":277536000,"DIVI_RATIO":null,"DIVIDEND_RATE":null,"CURRENT_RATIO":1.419910445805,"COMMON_ACS":5000000000,"CURRENTDEBT_DEBT":94.844804139361,"ISSUED_COMMON_SHARES":1953775999,"HK_COMMON_SHARES":1953775999,"PER_SHARES":2000,"TOTAL_MARKET_CAP":259852207.867,"HKSK_MARKET_CAP":259852207.867,"PE_TTM":-4.302380981349,"PB_TTM":0.191947211767,"REPORT_DATE_SQ":"2021-12-31 00:00:00","REPORT_TYPE_SQ":"2021年年报","OPERATE_INCOME_SQ":1399293000,"DPS_HKD":null,"OPERATE_INCOME_QOQ_SQ":25.954409675537,"NET_PROFIT_RATIO_SQ":0.2635323914,"HOLDER_PROFIT_SQ":8795000,"HOLDER_PROFIT_QOQ_SQ":109.293012542133,"ROE_AVG_SQ":0.730935223099,"PE_TTM_SQ":33.03203255891,"PB_TTM_SQ":0.314109292043,"ROA_SQ":0.320340628261,"START_DATE":"2022-01-01 00:00:00","FISCAL_YEAR":"12-31","CURRENCY":"HKD","IS_CNY_CODE":0,"DPS_HKD_LY":null,"ORG_TYPE":"一般企业","PREMIUM_INCOME":null,"PREMIUM_INCOME_YOY":null,"NET_INTEREST_INCOME":null,"NET_INTEREST_INCOME_YOY":null,"FEE_COMMISSION_INCOME":null,"FEE_COMMISSION_INCOME_YOY":null,"ACCOUNTS_RECE_TDAYS":1.436524606476,"INVENTORY_TDAYS":0.96118516959,"CURRENT_ASSETS_TDAYS":0.70275799802,"TOTAL_ASSETS_TDAYS":0.541903713139,"PREMIUM_EXPENSE":null,"LOAN_DEPOSIT":null,"LOAN_EQUITY":null,"LOAN_ASSETS":null,"DEPOSIT_EQUITY":null,"DEPOSIT_ASSETS":null,"EQUITY_MULTIPLIER":2.352908814269,"EQUITY_RATIO":1.342306044554},{"SECUCODE":"01251.HK","SECURITY_CODE":"01251","SECURITY_NAME_ABBR":"华油能源","ORG_CODE":"10188253","STD_REPORT_DATE":"2022-06-30 00:00:00","REPORT_DATE":"2022-06-30 00:00:00","DATE_TYPE_CODE":"002","REPORT_TYPE":"2022年中报","PER_NETCASH_OPERATE":-0.052457254842,"PER_OI":0.358107452226,"BPS":0.623639045942,"BASIC_EPS":0.0053,"DILUTED_EPS":0.0053,"OPERATE_INCOME":663851000,"OPERATE_INCOME_YOY":27.4151942174,"GROSS_PROFIT":453918000,"GROSS_PROFIT_YOY":11.123950068425,"HOLDER_PROFIT":9808000,"HOLDER_PROFIT_YOY":-45.2067039106,"GROSS_PROFIT_RATIO":68.37648809748,"EPS_TTM":0.000379225969,"OPERATE_INCOME_QOQ":8.990249867982,"NET_PROFIT_RATIO":1.2091568741,"ROE_AVG":0.813281497141,"GROSS_PROFIT_QOQ":3.813871584521,"ROA":0.363747759027,"HOLDER_PROFIT_QOQ":-92.006822057987,"ROE_YEARLY":1.626562994282,"ROIC_YEARLY":0.805198323598,"TOTAL_ASSETS":2606059000,"TOTAL_LIABILITIES":1393523000,"TAX_EBT":37.097406159392,"OCF_SALES":-14.648467803769,"TOTAL_PARENT_EQUITY":1218451000,"DEBT_ASSET_RATIO":53.47242714,"OPERATE_PROFIT":33911000,"PRETAX_PROFIT":12761000,"NETCASH_OPERATE":-97244000,"NETCASH_INVEST":-4653000,"NETCASH_FINANCE":-105541000,"END_CASH":154774000,"DIVI_RATIO":null,"DIVIDEND_RATE":null,"CURRENT_RATIO":1.528331275993,"COMMON_ACS":5000000000,"CURRENTDEBT_DEBT":93.246541320093,"ISSUED_COMMON_SHARES":1953775999,"HK_COMMON_SHARES":1953775999,"PER_SHARES":2000,"TOTAL_MARKET_CAP":259852207.867,"HKSK_MARKET_CAP":259852207.867,"PE_TTM":-4.302380981349,"PB_TTM":0.191947211767,"REPORT_DATE_SQ":"2021-06-30 00:00:00","REPORT_TYPE_SQ":"2021年中报","OPERATE_INCOME_SQ":521014000,"DPS_HKD":null,"OPERATE_INCOME_QOQ_SQ":-2.160840229371,"NET_PROFIT_RATIO_SQ":2.5426600904,"HOLDER_PROFIT_SQ":17900000,"HOLDER_PROFIT_QOQ_SQ":-3.785544309072,"ROE_AVG_SQ":1.469990432744,"PE_TTM_SQ":33.03203255891,"PB_TTM_SQ":0.314109292043,"ROA_SQ":0.677057673777,"START_DATE":"2022-01-01 00:00:00","FISCAL_YEAR":"12-31","CURRENCY":"HKD","IS_CNY_CODE":0,"DPS_HKD_LY":null,"ORG_TYPE":"一般企业","PREMIUM_INCOME":null,"PREMIUM_INCOME_YOY":null,"NET_INTEREST_INCOME":null,"NET_INTEREST_INCOME_YOY":null,"FEE_COMMISSION_INCOME":null,"FEE_COMMISSION_INCOME_YOY":null,"ACCOUNTS_RECE_TDAYS":0.65511988967,"INVENTORY_TDAYS":0.401905256014,"CURRENT_ASSETS_TDAYS":0.321833368764,"TOTAL_ASSETS_TDAYS":0.246201380076,"PREMIUM_EXPENSE":null,"LOAN_DEPOSIT":null,"LOAN_EQUITY":null,"LOAN_ASSETS":null,"DEPOSIT_EQUITY":null,"DEPOSIT_ASSETS":null,"EQUITY_MULTIPLIER":2.149263197135,"EQUITY_RATIO":1.143684071005},{"SECUCODE":"01251.HK","SECURITY_CODE":"01251","SECURITY_NAME_ABBR":"华油能源","ORG_CODE":"10188253","STD_REPORT_DATE":"2021-12-31 00:00:00","REPORT_DATE":"2021-12-31 00:00:00","DATE_TYPE_CODE":"001","REPORT_TYPE":"2021年年报","PER_NETCASH_OPERATE":0.0068336196,"PER_OI":0.754833917774,"BPS":0.610871461524,"BASIC_EPS":0.005,"DILUTED_EPS":0.005,"OPERATE_INCOME":1399293000,"OPERATE_INCOME_YOY":23.2327361206,"GROSS_PROFIT":1001908000,"GROSS_PROFIT_YOY":2.320394367981,"HOLDER_PROFIT":8795000,"HOLDER_PROFIT_YOY":109.6448036496,"GROSS_PROFIT_RATIO":74.988340249459,"EPS_TTM":0.004744370412,"OPERATE_INCOME_QOQ":25.954409675537,"NET_PROFIT_RATIO":0.2635323914,"ROE_AVG":0.730935223099,"GROSS_PROFIT_QOQ":20.054413817079,"ROA":0.320340628261,"HOLDER_PROFIT_QOQ":109.293012542133,"ROE_YEARLY":0.730935223099,"ROIC_YEARLY":0.36803074469,"TOTAL_ASSETS":2786689000,"TOTAL_LIABILITIES":1581049000,"TAX_EBT":64.741052631579,"OCF_SALES":0.79733182108,"TOTAL_PARENT_EQUITY":1193506000,"DEBT_ASSET_RATIO":56.7357534336,"OPERATE_PROFIT":53398000,"PRETAX_PROFIT":11875000,"NETCASH_OPERATE":12668000,"NETCASH_INVEST":8275000,"NETCASH_FINANCE":21551000,"END_CASH":359415000,"DIVI_RATIO":null,"DIVIDEND_RATE":null,"CURRENT_RATIO":1.653206887599,"COMMON_ACS":5000000000,"CURRENTDEBT_DEBT":81.854009584776,"ISSUED_COMMON_SHARES":1953775999,"HK_COMMON_SHARES":1953775999,"PER_SHARES":2000,"TOTAL_MARKET_CAP":259852207.867,"HKSK_MARKET_CAP":259852207.867,"PE_TTM":-4.302380981349,"PB_TTM":0.191947211767,"REPORT_DATE_SQ":"2020-12-31 00:00:00","REPORT_TYPE_SQ":"2020年年报","OPERATE_INCOME_SQ":1289267000,"DPS_HKD":null,"OPERATE_INCOME_QOQ_SQ":-28.527007758951,"NET_PROFIT_RATIO_SQ":-7.6325540016,"HOLDER_PROFIT_SQ":-91189000,"HOLDER_PROFIT_QOQ_SQ":-162.837395516783,"ROE_AVG_SQ":-6.986217410957,"PE_TTM_SQ":33.03203255891,"PB_TTM_SQ":0.314109292043,"ROA_SQ":-3.125150471699,"START_DATE":"2021-01-01 00:00:00","FISCAL_YEAR":"12-31","CURRENCY":"HKD","IS_CNY_CODE":0,"DPS_HKD_LY":null,"ORG_TYPE":"一般企业","PREMIUM_INCOME":null,"PREMIUM_INCOME_YOY":null,"NET_INTEREST_INCOME":null,"NET_INTEREST_INCOME_YOY":null,"FEE_COMMISSION_INCOME":null,"FEE_COMMISSION_INCOME_YOY":null,"ACCOUNTS_RECE_TDAYS":1.376236903161,"INVENTORY_TDAYS":0.842202865378,"CURRENT_ASSETS_TDAYS":0.762959649503,"TOTAL_ASSETS_TDAYS":0.578688879864,"PREMIUM_EXPENSE":null,"LOAN_DEPOSIT":null,"LOAN_EQUITY":null,"LOAN_ASSETS":null,"DEPOSIT_EQUITY":null,"DEPOSIT_ASSETS":null,"EQUITY_MULTIPLIER":2.311377359745,"EQUITY_RATIO":1.324709720772},{"SECUCODE":"01251.HK","SECURITY_CODE":"01251","SECURITY_NAME_ABBR":"华油能源","ORG_CODE":"10188253","STD_REPORT_DATE":"2021-06-30 00:00:00","REPORT_DATE":"2021-06-30 00:00:00","DATE_TYPE_CODE":"002","REPORT_TYPE":"2021年中报","PER_NETCASH_OPERATE":-0.060018038889,"PER_OI":0.281055532212,"BPS":0.625655141954,"BASIC_EPS":0.0097,"DILUTED_EPS":0.0097,"OPERATE_INCOME":521014000,"OPERATE_INCOME_YOY":-4.5734970614,"GROSS_PROFIT":408479000,"GROSS_PROFIT_YOY":-10.330422489452,"HOLDER_PROFIT":17900000,"HOLDER_PROFIT_YOY":-16.1671037842,"GROSS_PROFIT_RATIO":80.64017230909,"EPS_TTM":-0.051053093821,"OPERATE_INCOME_QOQ":-2.160840229371,"NET_PROFIT_RATIO":2.5426600904,"ROE_AVG":1.469990432744,"GROSS_PROFIT_QOQ":1.348874116997,"ROA":0.677057673777,"HOLDER_PROFIT_QOQ":-3.785544309072,"ROE_YEARLY":2.939980865488,"ROIC_YEARLY":1.520567265033,"TOTAL_ASSETS":2583244000,"TOTAL_LIABILITIES":1345368000,"TAX_EBT":31.175785797439,"OCF_SALES":-19.140484550501,"TOTAL_PARENT_EQUITY":1222390000,"DEBT_ASSET_RATIO":52.0805622698,"OPERATE_PROFIT":41646000,"PRETAX_PROFIT":21475000,"NETCASH_OPERATE":-111260000,"NETCASH_INVEST":-13102000,"NETCASH_FINANCE":28285000,"END_CASH":223341000,"DIVI_RATIO":null,"DIVIDEND_RATE":null,"CURRENT_RATIO":1.886418685371,"COMMON_ACS":5000000000,"CURRENTDEBT_DEBT":77.178214436496,"ISSUED_COMMON_SHARES":1953775999,"HK_COMMON_SHARES":1953775999,"PER_SHARES":2000,"TOTAL_MARKET_CAP":259852207.867,"HKSK_MARKET_CAP":259852207.867,"PE_TTM":-4.302380981349,"PB_TTM":0.191947211767,"REPORT_DATE_SQ":"2020-06-30 00:00:00","REPORT_TYPE_SQ":"2020年中报","OPERATE_INCOME_SQ":609140000,"DPS_HKD":null,"OPERATE_INCOME_QOQ_SQ":-7.469097836887,"NET_PROFIT_RATIO_SQ":3.0579177201,"HOLDER_PROFIT_SQ":21352000,"HOLDER_PROFIT_QOQ_SQ":-27.048751797151,"ROE_AVG_SQ":1.523750801946,"PE_TTM_SQ":33.03203255891,"PB_TTM_SQ":0.314109292043,"ROA_SQ":0.711153861462,"START_DATE":"2021-01-01 00:00:00","FISCAL_YEAR":"12-31","CURRENCY":"HKD","IS_CNY_CODE":0,"DPS_HKD_LY":null,"ORG_TYPE":"一般企业","PREMIUM_INCOME":null,"PREMIUM_INCOME_YOY":null,"NET_INTEREST_INCOME":null,"NET_INTEREST_INCOME_YOY":null,"FEE_COMMISSION_INCOME":null,"FEE_COMMISSION_INCOME_YOY":null,"ACCOUNTS_RECE_TDAYS":0.541707497249,"INVENTORY_TDAYS":0.233008361881,"CURRENT_ASSETS_TDAYS":0.291803556023,"TOTAL_ASSETS_TDAYS":0.219866347302,"PREMIUM_EXPENSE":null,"LOAN_DEPOSIT":null,"LOAN_EQUITY":null,"LOAN_ASSETS":null,"DEPOSIT_EQUITY":null,"DEPOSIT_ASSETS":null,"EQUITY_MULTIPLIER":2.086835838163,"EQUITY_RATIO":1.100604553375},{"SECUCODE":"01251.HK","SECURITY_CODE":"01251","SECURITY_NAME_ABBR":"华油能源","ORG_CODE":"10188253","STD_REPORT_DATE":"2020-12-31 00:00:00","REPORT_DATE":"2020-12-31 00:00:00","DATE_TYPE_CODE":"001","REPORT_TYPE":"2020年年报","PER_NETCASH_OPERATE":-0.087583936834,"PER_OI":0.695481547229,"BPS":0.620849063875,"BASIC_EPS":-0.049,"DILUTED_EPS":-0.049,"OPERATE_INCOME":1289267000,"OPERATE_INCOME_YOY":-33.8653954764,"GROSS_PROFIT":979187000,"GROSS_PROFIT_YOY":-36.396975958231,"HOLDER_PROFIT":-91189000,"HOLDER_PROFIT_YOY":-145.8406643677,"GROSS_PROFIT_RATIO":75.949124580091,"EPS_TTM":-0.049190948663,"OPERATE_INCOME_QOQ":-28.527007758951,"NET_PROFIT_RATIO":-7.6325540016,"ROE_AVG":-6.986217410957,"GROSS_PROFIT_QOQ":-33.008703100509,"ROA":-3.125150471699,"HOLDER_PROFIT_QOQ":-162.837395516783,"ROE_YEARLY":-6.986217410957,"ROIC_YEARLY":-3.79524671247,"TOTAL_ASSETS":2704341000,"TOTAL_LIABILITIES":1472970000,"TAX_EBT":2.423449151198,"OCF_SALES":-12.593279747329,"TOTAL_PARENT_EQUITY":1213000000,"DEBT_ASSET_RATIO":54.4668738151,"OPERATE_PROFIT":-64401000,"PRETAX_PROFIT":-100848000,"NETCASH_OPERATE":-162361000,"NETCASH_INVEST":-131769000,"NETCASH_FINANCE":43242000,"END_CASH":321618000,"DIVI_RATIO":null,"DIVIDEND_RATE":null,"CURRENT_RATIO":1.729215653127,"COMMON_ACS":5000000000,"CURRENTDEBT_DEBT":79.515672416954,"ISSUED_COMMON_SHARES":1953775999,"HK_COMMON_SHARES":1953775999,"PER_SHARES":2000,"TOTAL_MARKET_CAP":259852207.867,"HKSK_MARKET_CAP":259852207.867,"PE_TTM":-4.302380981349,"PB_TTM":0.191947211767,"REPORT_DATE_SQ":"2019-12-31 00:00:00","REPORT_TYPE_SQ":"2019年年报","OPERATE_INCOME_SQ":1949459000,"DPS_HKD":null,"OPERATE_INCOME_QOQ_SQ":15.63766064749,"NET_PROFIT_RATIO_SQ":10.2657711704,"HOLDER_PROFIT_SQ":198926000,"HOLDER_PROFIT_QOQ_SQ":44.912692226439,"ROE_AVG_SQ":15.56816167485,"PE_TTM_SQ":33.03203255891,"PB_TTM_SQ":0.314109292043,"ROA_SQ":7.115336912237,"START_DATE":"2020-01-01 00:00:00","FISCAL_YEAR":"12-31","CURRENCY":"HKD","IS_CNY_CODE":0,"DPS_HKD_LY":null,"ORG_TYPE":"一般企业","PREMIUM_INCOME":null,"PREMIUM_INCOME_YOY":null,"NET_INTEREST_INCOME":null,"NET_INTEREST_INCOME_YOY":null,"FEE_COMMISSION_INCOME":null,"FEE_COMMISSION_INCOME_YOY":null,"ACCOUNTS_RECE_TDAYS":1.186033461479,"INVENTORY_TDAYS":0.688247651961,"CURRENT_ASSETS_TDAYS":0.573127785029,"TOTAL_ASSETS_TDAYS":0.441846425906,"PREMIUM_EXPENSE":null,"LOAN_DEPOSIT":null,"LOAN_EQUITY":null,"LOAN_ASSETS":null,"DEPOSIT_EQUITY":null,"DEPOSIT_ASSETS":null,"EQUITY_MULTIPLIER":2.19620325637,"EQUITY_RATIO":1.214319868096},{"SECUCODE":"01251.HK","SECURITY_CODE":"01251","SECURITY_NAME_ABBR":"华油能源","ORG_CODE":"10188253","STD_REPORT_DATE":"2020-06-30 00:00:00","REPORT_DATE":"2020-06-30 00:00:00","DATE_TYPE_CODE":"002","REPORT_TYPE":"2020年中报","PER_NETCASH_OPERATE":-0.054861536699,"PER_OI":0.328594177683,"BPS":0.719129521869,"BASIC_EPS":0.0115,"DILUTED_EPS":0.0115,"OPERATE_INCOME":609140000,"OPERATE_INCOME_YOY":-19.2921601543,"GROSS_PROFIT":455538000,"GROSS_PROFIT_YOY":-20.850606906186,"HOLDER_PROFIT":21352000,"HOLDER_PROFIT_YOY":-71.5908939714,"GROSS_PROFIT_RATIO":76.785796368651,"EPS_TTM":0.078282920956,"OPERATE_INCOME_QOQ":-7.469097836887,"NET_PROFIT_RATIO":3.0579177201,"ROE_AVG":1.523750801946,"GROSS_PROFIT_QOQ":-6.869125412878,"ROA":0.711153861462,"HOLDER_PROFIT_QOQ":-27.048751797151,"ROE_YEARLY":3.047501603892,"ROIC_YEARLY":1.765514139224,"TOTAL_ASSETS":2873415000,"TOTAL_LIABILITIES":1367029000,"TAX_EBT":34.073051603313,"OCF_SALES":-16.695833470138,"TOTAL_PARENT_EQUITY":1405018000,"DEBT_ASSET_RATIO":47.5750631218,"OPERATE_PROFIT":44192000,"PRETAX_PROFIT":28254000,"NETCASH_OPERATE":-101701000,"NETCASH_INVEST":-105720000,"NETCASH_FINANCE":-3315000,"END_CASH":375556000,"DIVI_RATIO":null,"DIVIDEND_RATE":null,"CURRENT_RATIO":1.954553336229,"COMMON_ACS":5000000000,"CURRENTDEBT_DEBT":83.530634682951,"ISSUED_COMMON_SHARES":1953775999,"HK_COMMON_SHARES":1953775999,"PER_SHARES":2000,"TOTAL_MARKET_CAP":259852207.867,"HKSK_MARKET_CAP":259852207.867,"PE_TTM":-4.302380981349,"PB_TTM":0.191947211767,"REPORT_DATE_SQ":"2019-06-30 00:00:00","REPORT_TYPE_SQ":"2019年中报","OPERATE_INCOME_SQ":754747000,"DPS_HKD":null,"OPERATE_INCOME_QOQ_SQ":14.55408184968,"NET_PROFIT_RATIO_SQ":9.9670485606,"HOLDER_PROFIT_SQ":75159000,"HOLDER_PROFIT_QOQ_SQ":67.819506589403,"ROE_AVG_SQ":6.240775407564,"PE_TTM_SQ":33.03203255891,"PB_TTM_SQ":0.314109292043,"ROA_SQ":3.00190097629,"START_DATE":"2020-01-01 00:00:00","FISCAL_YEAR":"12-31","CURRENCY":"HKD","IS_CNY_CODE":0,"DPS_HKD_LY":null,"ORG_TYPE":"一般企业","PREMIUM_INCOME":null,"PREMIUM_INCOME_YOY":null,"NET_INTEREST_INCOME":null,"NET_INTEREST_INCOME_YOY":null,"FEE_COMMISSION_INCOME":null,"FEE_COMMISSION_INCOME_YOY":null,"ACCOUNTS_RECE_TDAYS":0.580439307768,"INVENTORY_TDAYS":0.296752774575,"CURRENT_ASSETS_TDAYS":0.258899648866,"TOTAL_ASSETS_TDAYS":0.202881352178,"PREMIUM_EXPENSE":null,"LOAN_DEPOSIT":null,"LOAN_EQUITY":null,"LOAN_ASSETS":null,"DEPOSIT_EQUITY":null,"DEPOSIT_ASSETS":null,"EQUITY_MULTIPLIER":1.907489182721,"EQUITY_RATIO":0.972961912232}],"count":31},"success":true,"message":"ok","code":0}