{"version":"831972e2b72fd842d729441325dc440a","result":{"pages":4,"data":[{"SECUCODE":"01258.HK","SECURITY_CODE":"01258","SECURITY_NAME_ABBR":"中国有色矿业","ORG_CODE":"10263208","STD_REPORT_DATE":"2024-06-30 00:00:00","REPORT_DATE":"2024-06-30 00:00:00","DATE_TYPE_CODE":"002","REPORT_TYPE":"2024年中报","PER_NETCASH_OPERATE":0.754531573363,"PER_OI":3.670702828575,"BPS":3.780122490823,"BASIC_EPS":0.409791,"DILUTED_EPS":0.409791,"OPERATE_INCOME":14323214582.4,"OPERATE_INCOME_YOY":9.0027107385,"GROSS_PROFIT":3648636528,"GROSS_PROFIT_YOY":-3.152823134182,"HOLDER_PROFIT":1561546021.2,"HOLDER_PROFIT_YOY":17.9902100689,"GROSS_PROFIT_RATIO":25.473587001087,"EPS_TTM":0.560267505707,"OPERATE_INCOME_QOQ":3.91667288233,"NET_PROFIT_RATIO":15.0877116165,"ROE_AVG":11.201711219886,"GROSS_PROFIT_QOQ":-1.911252471848,"ROA":5.473725075401,"HOLDER_PROFIT_QOQ":11.172661574208,"ROE_YEARLY":22.403422439772,"ROIC_YEARLY":17.526469601303,"TOTAL_ASSETS":29835158024.4,"TOTAL_LIABILITIES":9947729976,"TAX_EBT":29.874562912805,"OCF_SALES":20.55550690428,"TOTAL_PARENT_EQUITY":14750174043.6,"DEBT_ASSET_RATIO":33.3423069784,"OPERATE_PROFIT":3126249214.8,"PRETAX_PROFIT":3081685334.4,"NETCASH_OPERATE":2944209362.4,"NETCASH_INVEST":190748802,"NETCASH_FINANCE":676033994.4,"END_CASH":7324832391.6,"DIVI_RATIO":0.375118876928,"DIVIDEND_RATE":4.468516377649,"CURRENT_RATIO":2.044514198824,"COMMON_ACS":null,"CURRENTDEBT_DEBT":84.242380822742,"ISSUED_COMMON_SHARES":3902036000,"HK_COMMON_SHARES":3902036000,"PER_SHARES":1000,"TOTAL_MARKET_CAP":20251566840,"HKSK_MARKET_CAP":20251566840,"PE_TTM":8.349320145774,"PB_TTM":1.253083521496,"REPORT_DATE_SQ":"2023-06-30 00:00:00","REPORT_TYPE_SQ":"2023年中报","OPERATE_INCOME_SQ":13322771072.4,"DPS_HKD":0.231916,"OPERATE_INCOME_QOQ_SQ":-5.221041628399,"NET_PROFIT_RATIO_SQ":14.3164198727,"HOLDER_PROFIT_SQ":1341838285.8,"HOLDER_PROFIT_QOQ_SQ":1.18957630454,"ROE_AVG_SQ":10.85052907,"PE_TTM_SQ":10.165399544698,"PB_TTM_SQ":1.45721614227,"ROA_SQ":4.580562019847,"START_DATE":"2024-01-01 00:00:00","FISCAL_YEAR":"12-31","CURRENCY":"HKD","IS_CNY_CODE":0,"DPS_HKD_LY":0.231916,"ORG_TYPE":"一般企业","PREMIUM_INCOME":null,"PREMIUM_INCOME_YOY":null,"NET_INTEREST_INCOME":null,"NET_INTEREST_INCOME_YOY":null,"FEE_COMMISSION_INCOME":null,"FEE_COMMISSION_INCOME_YOY":null,"ACCOUNTS_RECE_TDAYS":4.914849572347,"INVENTORY_TDAYS":1.87352228564,"CURRENT_ASSETS_TDAYS":0.886948850463,"TOTAL_ASSETS_TDAYS":0.502075108614,"PREMIUM_EXPENSE":null,"LOAN_DEPOSIT":null,"LOAN_EQUITY":null,"LOAN_ASSETS":null,"DEPOSIT_EQUITY":null,"DEPOSIT_ASSETS":null,"EQUITY_MULTIPLIER":1.500201934195,"EQUITY_RATIO":0.674414413457},{"SECUCODE":"01258.HK","SECURITY_CODE":"01258","SECURITY_NAME_ABBR":"中国有色矿业","ORG_CODE":"10263208","STD_REPORT_DATE":"2023-12-31 00:00:00","REPORT_DATE":"2023-12-31 00:00:00","DATE_TYPE_CODE":"001","REPORT_TYPE":"2023年年报","PER_NETCASH_OPERATE":1.116244746132,"PER_OI":6.83149293473,"BPS":3.344168870354,"BASIC_EPS":0.52624461,"DILUTED_EPS":0.52624461,"OPERATE_INCOME":25543198016.7,"OPERATE_INCOME_YOY":-11.9250028573,"GROSS_PROFIT":6214771776.6,"GROSS_PROFIT_YOY":10.544351087723,"HOLDER_PROFIT":1966476241.5,"HOLDER_PROFIT_YOY":4.2719795696,"GROSS_PROFIT_RATIO":24.330437295036,"EPS_TTM":0.525931347411,"OPERATE_INCOME_QOQ":-5.497483231229,"NET_PROFIT_RATIO":10.5767740372,"ROE_AVG":15.803483431658,"GROSS_PROFIT_QOQ":6.676791441916,"ROA":7.082302737481,"HOLDER_PROFIT_QOQ":5.817257025555,"ROE_YEARLY":15.803483431658,"ROIC_YEARLY":10.759067530689,"TOTAL_ASSETS":27052464725.1,"TOTAL_LIABILITIES":9440601657,"TAX_EBT":31.716909527049,"OCF_SALES":16.339689681266,"TOTAL_PARENT_EQUITY":13049067322.2,"DEBT_ASSET_RATIO":34.8973808965,"OPERATE_PROFIT":4188822103.2,"PRETAX_PROFIT":3956537874,"NETCASH_OPERATE":4173679290.6,"NETCASH_INVEST":-1587360558.6,"NETCASH_FINANCE":-4282632464.7,"END_CASH":3487266502.8,"DIVI_RATIO":0.399609033678,"DIVIDEND_RATE":4.263161764706,"CURRENT_RATIO":1.866408313385,"COMMON_ACS":null,"CURRENTDEBT_DEBT":85.530230848294,"ISSUED_COMMON_SHARES":3902036000,"HK_COMMON_SHARES":3902036000,"PER_SHARES":1000,"TOTAL_MARKET_CAP":21227075840,"HKSK_MARKET_CAP":21227075840,"PE_TTM":8.751503197112,"PB_TTM":1.31344399941,"REPORT_DATE_SQ":"2022-12-31 00:00:00","REPORT_TYPE_SQ":"2022年年报","OPERATE_INCOME_SQ":28518059053.6,"DPS_HKD":0.231916,"OPERATE_INCOME_QOQ_SQ":5.586871682141,"NET_PROFIT_RATIO_SQ":9.3322467297,"HOLDER_PROFIT_SQ":1854464042,"HOLDER_PROFIT_QOQ_SQ":-10.52175633424,"ROE_AVG_SQ":16.453890619384,"PE_TTM_SQ":8.721342786946,"PB_TTM_SQ":1.250209737013,"ROA_SQ":6.443347587049,"START_DATE":"2023-01-01 00:00:00","FISCAL_YEAR":"12-31","CURRENCY":"HKD","IS_CNY_CODE":0,"DPS_HKD_LY":0.220944,"ORG_TYPE":"一般企业","PREMIUM_INCOME":null,"PREMIUM_INCOME_YOY":null,"NET_INTEREST_INCOME":null,"NET_INTEREST_INCOME_YOY":null,"FEE_COMMISSION_INCOME":null,"FEE_COMMISSION_INCOME_YOY":null,"ACCOUNTS_RECE_TDAYS":15.766670892772,"INVENTORY_TDAYS":3.24617626417,"CURRENT_ASSETS_TDAYS":1.64907930295,"TOTAL_ASSETS_TDAYS":0.919943284439,"PREMIUM_EXPENSE":null,"LOAN_DEPOSIT":null,"LOAN_EQUITY":null,"LOAN_ASSETS":null,"DEPOSIT_EQUITY":null,"DEPOSIT_ASSETS":null,"EQUITY_MULTIPLIER":1.536036512464,"EQUITY_RATIO":0.72346945754},{"SECUCODE":"01258.HK","SECURITY_CODE":"01258","SECURITY_NAME_ABBR":"中国有色矿业","ORG_CODE":"10263208","STD_REPORT_DATE":"2023-06-30 00:00:00","REPORT_DATE":"2023-06-30 00:00:00","DATE_TYPE_CODE":"002","REPORT_TYPE":"2023年中报","PER_NETCASH_OPERATE":0.896529749112,"PER_OI":3.563156672576,"BPS":3.243543177972,"BASIC_EPS":0.35912226,"DILUTED_EPS":0.35912226,"OPERATE_INCOME":13322771072.4,"OPERATE_INCOME_YOY":-16.4557570002,"GROSS_PROFIT":3767416507.2,"GROSS_PROFIT_YOY":5.719626773523,"HOLDER_PROFIT":1341838285.8,"HOLDER_PROFIT_YOY":-5.5816838605,"GROSS_PROFIT_RATIO":28.278024794742,"EPS_TTM":0.497018503593,"OPERATE_INCOME_QOQ":-5.221041628399,"NET_PROFIT_RATIO":14.3164198727,"ROE_AVG":10.85052907,"GROSS_PROFIT_QOQ":3.625493036986,"ROA":4.580562019847,"HOLDER_PROFIT_QOQ":1.18957630454,"ROE_YEARLY":21.70105814,"ROIC_YEARLY":15.124571391339,"TOTAL_ASSETS":29533311437.4,"TOTAL_LIABILITIES":11518864554,"TAX_EBT":30.866981475516,"OCF_SALES":25.161109417728,"TOTAL_PARENT_EQUITY":12656422248,"DEBT_ASSET_RATIO":39.0029563004,"OPERATE_PROFIT":2898037154.4,"PRETAX_PROFIT":2758947730.2,"NETCASH_OPERATE":3352157007,"NETCASH_INVEST":-1248676046.4,"NETCASH_FINANCE":-870036900.6,"END_CASH":6522390047.4,"DIVI_RATIO":0.422855318264,"DIVIDEND_RATE":4.263161764706,"CURRENT_RATIO":2.122412151659,"COMMON_ACS":null,"CURRENTDEBT_DEBT":69.975597975071,"ISSUED_COMMON_SHARES":3902036000,"HK_COMMON_SHARES":3902036000,"PER_SHARES":1000,"TOTAL_MARKET_CAP":21227075840,"HKSK_MARKET_CAP":21227075840,"PE_TTM":8.751503197112,"PB_TTM":1.31344399941,"REPORT_DATE_SQ":"2022-06-30 00:00:00","REPORT_TYPE_SQ":"2022年中报","OPERATE_INCOME_SQ":14811710807.2,"DPS_HKD":0.231916,"OPERATE_INCOME_QOQ_SQ":4.583722462416,"NET_PROFIT_RATIO_SQ":13.2924744942,"HOLDER_PROFIT_SQ":1319991440.6,"HOLDER_PROFIT_QOQ_SQ":-9.856230879546,"ROE_AVG_SQ":12.504147110313,"PE_TTM_SQ":8.721342786946,"PB_TTM_SQ":1.250209737013,"ROA_SQ":4.620165748296,"START_DATE":"2023-01-01 00:00:00","FISCAL_YEAR":"12-31","CURRENCY":"HKD","IS_CNY_CODE":0,"DPS_HKD_LY":0.220944,"ORG_TYPE":"一般企业","PREMIUM_INCOME":null,"PREMIUM_INCOME_YOY":null,"NET_INTEREST_INCOME":null,"NET_INTEREST_INCOME_YOY":null,"FEE_COMMISSION_INCOME":null,"FEE_COMMISSION_INCOME_YOY":null,"ACCOUNTS_RECE_TDAYS":34.994268144549,"INVENTORY_TDAYS":1.763868149457,"CURRENT_ASSETS_TDAYS":0.799273804397,"TOTAL_ASSETS_TDAYS":0.45479235329,"PREMIUM_EXPENSE":null,"LOAN_DEPOSIT":null,"LOAN_EQUITY":null,"LOAN_ASSETS":null,"DEPOSIT_EQUITY":null,"DEPOSIT_ASSETS":null,"EQUITY_MULTIPLIER":1.639423715229,"EQUITY_RATIO":0.910120121492},{"SECUCODE":"01258.HK","SECURITY_CODE":"01258","SECURITY_NAME_ABBR":"中国有色矿业","ORG_CODE":"10263208","STD_REPORT_DATE":"2022-12-31 00:00:00","REPORT_DATE":"2022-12-31 00:00:00","DATE_TYPE_CODE":"001","REPORT_TYPE":"2022年年报","PER_NETCASH_OPERATE":1.457582307632,"PER_OI":7.627115399156,"BPS":2.968309408627,"BASIC_EPS":0.49587952,"DILUTED_EPS":0.49587952,"OPERATE_INCOME":28518059053.6,"OPERATE_INCOME_YOY":1.089422079,"GROSS_PROFIT":5621971376.6,"GROSS_PROFIT_YOY":-18.732479599283,"HOLDER_PROFIT":1854464042,"HOLDER_PROFIT_YOY":-26.1611610631,"GROSS_PROFIT_RATIO":19.713723735663,"EPS_TTM":0.4911755951,"OPERATE_INCOME_QOQ":5.586871682141,"NET_PROFIT_RATIO":9.3322467297,"ROE_AVG":16.453890619384,"GROSS_PROFIT_QOQ":-13.314458493233,"ROA":6.443347587049,"HOLDER_PROFIT_QOQ":-10.52175633424,"ROE_YEARLY":16.453890619384,"ROIC_YEARLY":9.561476489455,"TOTAL_ASSETS":28016210871.4,"TOTAL_LIABILITIES":11694085745,"TAX_EBT":30.292340716662,"OCF_SALES":19.110531719416,"TOTAL_PARENT_EQUITY":11640165811.8,"DEBT_ASSET_RATIO":41.981429569,"OPERATE_PROFIT":4084222519.6,"PRETAX_PROFIT":3847983287.6,"NETCASH_OPERATE":5449952721.2,"NETCASH_INVEST":-527255043,"NETCASH_FINANCE":-4032496435.4,"END_CASH":5104515525.8,"DIVI_RATIO":0.427885504933,"DIVIDEND_RATE":4.263161764706,"CURRENT_RATIO":1.998622546634,"COMMON_ACS":null,"CURRENTDEBT_DEBT":66.93048255736,"ISSUED_COMMON_SHARES":3902036000,"HK_COMMON_SHARES":3902036000,"PER_SHARES":1000,"TOTAL_MARKET_CAP":21227075840,"HKSK_MARKET_CAP":21227075840,"PE_TTM":8.751503197112,"PB_TTM":1.31344399941,"REPORT_DATE_SQ":"2021-12-31 00:00:00","REPORT_TYPE_SQ":"2021年年报","OPERATE_INCOME_SQ":25825333911.6,"DPS_HKD":0.231916,"OPERATE_INCOME_QOQ_SQ":8.054792611885,"NET_PROFIT_RATIO_SQ":12.7239551394,"HOLDER_PROFIT_SQ":2276896359.7,"HOLDER_PROFIT_QOQ_SQ":3.955138611568,"ROE_AVG_SQ":26.912251324998,"PE_TTM_SQ":8.721342786946,"PB_TTM_SQ":1.250209737013,"ROA_SQ":9.279072012252,"START_DATE":"2022-01-01 00:00:00","FISCAL_YEAR":"12-31","CURRENCY":"HKD","IS_CNY_CODE":0,"DPS_HKD_LY":0.299814,"ORG_TYPE":"一般企业","PREMIUM_INCOME":null,"PREMIUM_INCOME_YOY":null,"NET_INTEREST_INCOME":null,"NET_INTEREST_INCOME_YOY":null,"FEE_COMMISSION_INCOME":null,"FEE_COMMISSION_INCOME_YOY":null,"ACCOUNTS_RECE_TDAYS":124.535158150852,"INVENTORY_TDAYS":3.940966332408,"CURRENT_ASSETS_TDAYS":1.823958634471,"TOTAL_ASSETS_TDAYS":1.000541478314,"PREMIUM_EXPENSE":null,"LOAN_DEPOSIT":null,"LOAN_EQUITY":null,"LOAN_ASSETS":null,"DEPOSIT_EQUITY":null,"DEPOSIT_ASSETS":null,"EQUITY_MULTIPLIER":1.723586073513,"EQUITY_RATIO":1.004632230681},{"SECUCODE":"01258.HK","SECURITY_CODE":"01258","SECURITY_NAME_ABBR":"中国有色矿业","ORG_CODE":"10263208","STD_REPORT_DATE":"2022-06-30 00:00:00","REPORT_DATE":"2022-06-30 00:00:00","DATE_TYPE_CODE":"002","REPORT_TYPE":"2022年中报","PER_NETCASH_OPERATE":0.496947550438,"PER_OI":3.961371542612,"BPS":2.74426132537,"BASIC_EPS":0.35301964,"DILUTED_EPS":0.35301964,"OPERATE_INCOME":14811710807.2,"OPERATE_INCOME_YOY":4.6166564829,"GROSS_PROFIT":3563592326.4,"GROSS_PROFIT_YOY":-10.820396366483,"HOLDER_PROFIT":1319991440.6,"HOLDER_PROFIT_YOY":-17.7619967888,"GROSS_PROFIT_RATIO":24.059289117822,"EPS_TTM":0.548932986363,"OPERATE_INCOME_QOQ":4.583722462416,"NET_PROFIT_RATIO":13.2924744942,"ROE_AVG":12.504147110313,"GROSS_PROFIT_QOQ":-6.250201604412,"ROA":4.620165748296,"HOLDER_PROFIT_QOQ":-9.856230879546,"ROE_YEARLY":25.008294220625,"ROIC_YEARLY":13.640685013781,"TOTAL_ASSETS":29047268058.6,"TOTAL_LIABILITIES":13675517767,"TAX_EBT":31.876780040832,"OCF_SALES":12.544835673518,"TOTAL_PARENT_EQUITY":10708206485,"DEBT_ASSET_RATIO":47.0802202101,"OPERATE_PROFIT":2990015948.2,"PRETAX_PROFIT":2896110039.4,"NETCASH_OPERATE":1858104781.2,"NETCASH_INVEST":-95228054.6,"NETCASH_FINANCE":-411167209.6,"END_CASH":5423824621.4,"DIVI_RATIO":0.382864434714,"DIVIDEND_RATE":4.263161764706,"CURRENT_RATIO":2.445320608771,"COMMON_ACS":null,"CURRENTDEBT_DEBT":50.261746959127,"ISSUED_COMMON_SHARES":3902036000,"HK_COMMON_SHARES":3902036000,"PER_SHARES":1000,"TOTAL_MARKET_CAP":21227075840,"HKSK_MARKET_CAP":21227075840,"PE_TTM":8.751503197112,"PB_TTM":1.31344399941,"REPORT_DATE_SQ":"2021-06-30 00:00:00","REPORT_TYPE_SQ":"2021年中报","OPERATE_INCOME_SQ":13627949175.7,"DPS_HKD":0.231916,"OPERATE_INCOME_QOQ_SQ":41.032915268908,"NET_PROFIT_RATIO_SQ":16.5067831777,"HOLDER_PROFIT_SQ":1541011634.3,"HOLDER_PROFIT_QOQ_SQ":168.61796044881,"ROE_AVG_SQ":18.817080462635,"PE_TTM_SQ":8.721342786946,"PB_TTM_SQ":1.250209737013,"ROA_SQ":6.082590772677,"START_DATE":"2022-01-01 00:00:00","FISCAL_YEAR":"12-31","CURRENCY":"HKD","IS_CNY_CODE":0,"DPS_HKD_LY":0.299814,"ORG_TYPE":"一般企业","PREMIUM_INCOME":null,"PREMIUM_INCOME_YOY":null,"NET_INTEREST_INCOME":null,"NET_INTEREST_INCOME_YOY":null,"FEE_COMMISSION_INCOME":null,"FEE_COMMISSION_INCOME_YOY":null,"ACCOUNTS_RECE_TDAYS":74.731998035995,"INVENTORY_TDAYS":1.963509280841,"CURRENT_ASSETS_TDAYS":0.929584524475,"TOTAL_ASSETS_TDAYS":0.519769058834,"PREMIUM_EXPENSE":null,"LOAN_DEPOSIT":null,"LOAN_EQUITY":null,"LOAN_ASSETS":null,"DEPOSIT_EQUITY":null,"DEPOSIT_ASSETS":null,"EQUITY_MULTIPLIER":1.889652609988,"EQUITY_RATIO":1.277106281631},{"SECUCODE":"01258.HK","SECURITY_CODE":"01258","SECURITY_NAME_ABBR":"中国有色矿业","ORG_CODE":"10263208","STD_REPORT_DATE":"2021-12-31 00:00:00","REPORT_DATE":"2021-12-31 00:00:00","DATE_TYPE_CODE":"001","REPORT_TYPE":"2021年年报","PER_NETCASH_OPERATE":0.914625345437,"PER_OI":6.90694978909,"BPS":2.519868420332,"BASIC_EPS":0.62354346,"DILUTED_EPS":0.62354346,"OPERATE_INCOME":25825333911.6,"OPERATE_INCOME_YOY":55.9590222288,"GROSS_PROFIT":6917857649.5,"GROSS_PROFIT_YOY":68.438762830798,"HOLDER_PROFIT":2276896359.7,"HOLDER_PROFIT_YOY":185.7768175089,"GROSS_PROFIT_RATIO":26.787098564455,"EPS_TTM":0.608952778122,"OPERATE_INCOME_QOQ":8.054792611885,"NET_PROFIT_RATIO":12.7239551394,"ROE_AVG":26.912251324998,"GROSS_PROFIT_QOQ":2.968675345802,"ROA":9.279072012252,"HOLDER_PROFIT_QOQ":3.955138611568,"ROE_YEARLY":26.912251324998,"ROIC_YEARLY":13.187853264863,"TOTAL_ASSETS":26548312788.8,"TOTAL_LIABILITIES":12701031970,"TAX_EBT":36.137297468762,"OCF_SALES":13.242102134307,"TOTAL_PARENT_EQUITY":9832617291.4,"DEBT_ASSET_RATIO":47.8412020795,"OPERATE_PROFIT":5383335046.4,"PRETAX_PROFIT":5145419425.2,"NETCASH_OPERATE":3419817093.1,"NETCASH_INVEST":-1303148450.1,"NETCASH_FINANCE":-1434851285,"END_CASH":3868430472.2,"DIVI_RATIO":0.345128432073,"DIVIDEND_RATE":4.263161764706,"CURRENT_RATIO":2.374832644154,"COMMON_ACS":null,"CURRENTDEBT_DEBT":47.429496511219,"ISSUED_COMMON_SHARES":3902036000,"HK_COMMON_SHARES":3902036000,"PER_SHARES":1000,"TOTAL_MARKET_CAP":21227075840,"HKSK_MARKET_CAP":21227075840,"PE_TTM":8.751503197112,"PB_TTM":1.31344399941,"REPORT_DATE_SQ":"2020-12-31 00:00:00","REPORT_TYPE_SQ":"2020年年报","OPERATE_INCOME_SQ":16946555103.7,"DPS_HKD":0.231916,"OPERATE_INCOME_QOQ_SQ":25.580143563404,"NET_PROFIT_RATIO_SQ":7.5827435024,"HOLDER_PROFIT_SQ":815384128.5,"HOLDER_PROFIT_QOQ_SQ":40.005870106756,"ROE_AVG_SQ":11.758268848609,"PE_TTM_SQ":8.721342786946,"PB_TTM_SQ":1.250209737013,"ROA_SQ":3.649204469629,"START_DATE":"2021-01-01 00:00:00","FISCAL_YEAR":"12-31","CURRENCY":"HKD","IS_CNY_CODE":0,"DPS_HKD_LY":0.111245,"ORG_TYPE":"一般企业","PREMIUM_INCOME":null,"PREMIUM_INCOME_YOY":null,"NET_INTEREST_INCOME":null,"NET_INTEREST_INCOME_YOY":null,"FEE_COMMISSION_INCOME":null,"FEE_COMMISSION_INCOME_YOY":null,"ACCOUNTS_RECE_TDAYS":174.110253820198,"INVENTORY_TDAYS":3.902741806429,"CURRENT_ASSETS_TDAYS":2.10446229312,"TOTAL_ASSETS_TDAYS":1.052463947625,"PREMIUM_EXPENSE":null,"LOAN_DEPOSIT":null,"LOAN_EQUITY":null,"LOAN_ASSETS":null,"DEPOSIT_EQUITY":null,"DEPOSIT_ASSETS":null,"EQUITY_MULTIPLIER":1.917222098416,"EQUITY_RATIO":1.291724430392},{"SECUCODE":"01258.HK","SECURITY_CODE":"01258","SECURITY_NAME_ABBR":"中国有色矿业","ORG_CODE":"10263208","STD_REPORT_DATE":"2021-06-30 00:00:00","REPORT_DATE":"2021-06-30 00:00:00","DATE_TYPE_CODE":"002","REPORT_TYPE":"2021年中报","PER_NETCASH_OPERATE":0.638678142174,"PER_OI":3.644776133661,"BPS":2.356911469397,"BASIC_EPS":0.4328267,"DILUTED_EPS":0.4328267,"OPERATE_INCOME":13627949175.7,"OPERATE_INCOME_YOY":123.7634737081,"GROSS_PROFIT":3995972376.2,"GROSS_PROFIT_YOY":188.599417000592,"HOLDER_PROFIT":1541011634.3,"HOLDER_PROFIT_YOY":916.547345095,"GROSS_PROFIT_RATIO":29.321890804562,"EPS_TTM":0.585784201008,"OPERATE_INCOME_QOQ":41.032915268908,"NET_PROFIT_RATIO":16.5067831777,"ROE_AVG":18.817080462635,"GROSS_PROFIT_QOQ":63.582528633224,"ROA":6.082590772677,"HOLDER_PROFIT_QOQ":168.61796044881,"ROE_YEARLY":37.634160925271,"ROIC_YEARLY":18.001876461092,"TOTAL_ASSETS":27843728690.8,"TOTAL_LIABILITIES":14403626302.9,"TAX_EBT":34.338005966187,"OCF_SALES":17.523110302305,"TOTAL_PARENT_EQUITY":9196753402.4,"DEBT_ASSET_RATIO":51.730235066,"OPERATE_PROFIT":3542331234,"PRETAX_PROFIT":3425933152.2,"NETCASH_OPERATE":2388040566,"NETCASH_INVEST":-535490609.2,"NETCASH_FINANCE":365790242.3,"END_CASH":5434249040.2,"DIVI_RATIO":0.35877873995,"DIVIDEND_RATE":4.263161764706,"CURRENT_RATIO":2.091635902128,"COMMON_ACS":null,"CURRENTDEBT_DEBT":50.393495958296,"ISSUED_COMMON_SHARES":3902036000,"HK_COMMON_SHARES":3902036000,"PER_SHARES":1000,"TOTAL_MARKET_CAP":21227075840,"HKSK_MARKET_CAP":21227075840,"PE_TTM":8.751503197112,"PB_TTM":1.31344399941,"REPORT_DATE_SQ":"2020-06-30 00:00:00","REPORT_TYPE_SQ":"2020年中报","OPERATE_INCOME_SQ":6674283579,"DPS_HKD":0.231916,"OPERATE_INCOME_QOQ_SQ":-3.700874655528,"NET_PROFIT_RATIO_SQ":4.7226129182,"HOLDER_PROFIT_SQ":166127547,"HOLDER_PROFIT_QOQ_SQ":-38.103107206787,"ROE_AVG_SQ":2.318695657114,"PE_TTM_SQ":8.721342786946,"PB_TTM_SQ":1.250209737013,"ROA_SQ":0.676737655003,"START_DATE":"2021-01-01 00:00:00","FISCAL_YEAR":"12-31","CURRENCY":"HKD","IS_CNY_CODE":0,"DPS_HKD_LY":0.111245,"ORG_TYPE":"一般企业","PREMIUM_INCOME":null,"PREMIUM_INCOME_YOY":null,"NET_INTEREST_INCOME":null,"NET_INTEREST_INCOME_YOY":null,"FEE_COMMISSION_INCOME":null,"FEE_COMMISSION_INCOME_YOY":null,"ACCOUNTS_RECE_TDAYS":98.688108158683,"INVENTORY_TDAYS":2.332776083254,"CURRENT_ASSETS_TDAYS":1.066559718652,"TOTAL_ASSETS_TDAYS":0.537914419733,"PREMIUM_EXPENSE":null,"LOAN_DEPOSIT":null,"LOAN_EQUITY":null,"LOAN_ASSETS":null,"DEPOSIT_EQUITY":null,"DEPOSIT_ASSETS":null,"EQUITY_MULTIPLIER":2.071690221337,"EQUITY_RATIO":1.566164239996},{"SECUCODE":"01258.HK","SECURITY_CODE":"01258","SECURITY_NAME_ABBR":"中国有色矿业","ORG_CODE":"10263208","STD_REPORT_DATE":"2020-12-31 00:00:00","REPORT_DATE":"2020-12-31 00:00:00","DATE_TYPE_CODE":"001","REPORT_TYPE":"2020年年报","PER_NETCASH_OPERATE":0.902244661448,"PER_OI":4.857088062061,"BPS":1.859067656885,"BASIC_EPS":0.23359142,"DILUTED_EPS":0.23359142,"OPERATE_INCOME":16946555103.7,"OPERATE_INCOME_YOY":29.2969798165,"GROSS_PROFIT":4107046105.8,"GROSS_PROFIT_YOY":25.668401136298,"HOLDER_PROFIT":815384128.5,"HOLDER_PROFIT_YOY":-7.3468570666,"GROSS_PROFIT_RATIO":24.235286054706,"EPS_TTM":0.233698972582,"OPERATE_INCOME_QOQ":25.580143563404,"NET_PROFIT_RATIO":7.5827435024,"ROE_AVG":11.758268848609,"GROSS_PROFIT_QOQ":33.412498602682,"ROA":3.649204469629,"HOLDER_PROFIT_QOQ":40.005870106756,"ROE_YEARLY":11.758268848609,"ROIC_YEARLY":5.206440045321,"TOTAL_ASSETS":23054814139.1,"TOTAL_LIABILITIES":12230383483.3,"TAX_EBT":36.441238643882,"OCF_SALES":18.575834943072,"TOTAL_PARENT_EQUITY":7254148923.6,"DEBT_ASSET_RATIO":53.0491523788,"OPERATE_PROFIT":2263337737.3,"PRETAX_PROFIT":2021772889.5,"NETCASH_OPERATE":3147964104.6,"NETCASH_INVEST":-1372382217,"NETCASH_FINANCE":-1630840030.9,"END_CASH":3248284442.1,"DIVI_RATIO":0.899306125305,"DIVIDEND_RATE":4.263161764706,"CURRENT_RATIO":1.245539866407,"COMMON_ACS":null,"CURRENTDEBT_DEBT":68.775677984141,"ISSUED_COMMON_SHARES":3902036000,"HK_COMMON_SHARES":3902036000,"PER_SHARES":1000,"TOTAL_MARKET_CAP":21227075840,"HKSK_MARKET_CAP":21227075840,"PE_TTM":8.751503197112,"PB_TTM":1.31344399941,"REPORT_DATE_SQ":"2019-12-31 00:00:00","REPORT_TYPE_SQ":"2019年年报","OPERATE_INCOME_SQ":14013225487.8,"DPS_HKD":0.231916,"OPERATE_INCOME_QOQ_SQ":1.381392000131,"NET_PROFIT_RATIO_SQ":11.1769739819,"HOLDER_PROFIT_SQ":940907998.8,"HOLDER_PROFIT_QOQ_SQ":7.626065034948,"ROE_AVG_SQ":14.034857694073,"PE_TTM_SQ":8.721342786946,"PB_TTM_SQ":1.250209737013,"ROA_SQ":4.387190706861,"START_DATE":"2020-01-01 00:00:00","FISCAL_YEAR":"12-31","CURRENCY":"HKD","IS_CNY_CODE":0,"DPS_HKD_LY":0.059987,"ORG_TYPE":"一般企业","PREMIUM_INCOME":null,"PREMIUM_INCOME_YOY":null,"NET_INTEREST_INCOME":null,"NET_INTEREST_INCOME_YOY":null,"FEE_COMMISSION_INCOME":null,"FEE_COMMISSION_INCOME_YOY":null,"ACCOUNTS_RECE_TDAYS":161.508177352155,"INVENTORY_TDAYS":3.27546940542,"CURRENT_ASSETS_TDAYS":1.72565470003,"TOTAL_ASSETS_TDAYS":0.758433264368,"PREMIUM_EXPENSE":null,"LOAN_DEPOSIT":null,"LOAN_EQUITY":null,"LOAN_ASSETS":null,"DEPOSIT_EQUITY":null,"DEPOSIT_ASSETS":null,"EQUITY_MULTIPLIER":2.129887000269,"EQUITY_RATIO":1.68598461544},{"SECUCODE":"01258.HK","SECURITY_CODE":"01258","SECURITY_NAME_ABBR":"中国有色矿业","ORG_CODE":"10263208","STD_REPORT_DATE":"2020-06-30 00:00:00","REPORT_DATE":"2020-06-30 00:00:00","DATE_TYPE_CODE":"002","REPORT_TYPE":"2020年中报","PER_NETCASH_OPERATE":0.141375486667,"PER_OI":1.912930557036,"BPS":1.832933132216,"BASIC_EPS":0.04743265,"DILUTED_EPS":0.04743265,"OPERATE_INCOME":6674283579,"OPERATE_INCOME_YOY":-9.8943404522,"GROSS_PROFIT":1384608610,"GROSS_PROFIT_YOY":-12.049989020523,"HOLDER_PROFIT":166127547,"HOLDER_PROFIT_YOY":-69.2511301841,"GROSS_PROFIT_RATIO":20.745426735486,"EPS_TTM":0.166920838679,"OPERATE_INCOME_QOQ":-3.700874655528,"NET_PROFIT_RATIO":4.7226129182,"ROE_AVG":2.318695657114,"GROSS_PROFIT_QOQ":-5.804626663538,"ROA":0.676737655003,"HOLDER_PROFIT_QOQ":-38.103107206787,"ROE_YEARLY":4.637391314229,"ROIC_YEARLY":1.938275194439,"TOTAL_ASSETS":25624285647.5,"TOTAL_LIABILITIES":14864082802.5,"TAX_EBT":33.693240204328,"OCF_SALES":7.390518497776,"TOTAL_PARENT_EQUITY":7152171067.5,"DEBT_ASSET_RATIO":58.0077938834,"OPERATE_PROFIT":573382864,"PRETAX_PROFIT":475367186.5,"NETCASH_OPERATE":493264162.5,"NETCASH_INVEST":-475494617.5,"NETCASH_FINANCE":682385925.5,"END_CASH":4100821613.5,"DIVI_RATIO":1.259081365656,"DIVIDEND_RATE":4.263161764706,"CURRENT_RATIO":1.56627408403,"COMMON_ACS":null,"CURRENTDEBT_DEBT":49.219635215363,"ISSUED_COMMON_SHARES":3902036000,"HK_COMMON_SHARES":3902036000,"PER_SHARES":1000,"TOTAL_MARKET_CAP":21227075840,"HKSK_MARKET_CAP":21227075840,"PE_TTM":8.751503197112,"PB_TTM":1.31344399941,"REPORT_DATE_SQ":"2019-06-30 00:00:00","REPORT_TYPE_SQ":"2019年中报","OPERATE_INCOME_SQ":7192895489.5,"DPS_HKD":0.231916,"OPERATE_INCOME_QOQ_SQ":-1.91636145091,"NET_PROFIT_RATIO_SQ":11.5739975246,"HOLDER_PROFIT_SQ":524642730.5,"HOLDER_PROFIT_QOQ_SQ":-12.90815830076,"ROE_AVG_SQ":8.190822608023,"PE_TTM_SQ":8.721342786946,"PB_TTM_SQ":1.250209737013,"ROA_SQ":2.57937889408,"START_DATE":"2020-01-01 00:00:00","FISCAL_YEAR":"12-31","CURRENCY":"HKD","IS_CNY_CODE":0,"DPS_HKD_LY":0.059987,"ORG_TYPE":"一般企业","PREMIUM_INCOME":null,"PREMIUM_INCOME_YOY":null,"NET_INTEREST_INCOME":null,"NET_INTEREST_INCOME_YOY":null,"FEE_COMMISSION_INCOME":null,"FEE_COMMISSION_INCOME_YOY":null,"ACCOUNTS_RECE_TDAYS":47.184104501889,"INVENTORY_TDAYS":1.313370972959,"CURRENT_ASSETS_TDAYS":0.623716196369,"TOTAL_ASSETS_TDAYS":0.271883808534,"PREMIUM_EXPENSE":null,"LOAN_DEPOSIT":null,"LOAN_EQUITY":null,"LOAN_ASSETS":null,"DEPOSIT_EQUITY":null,"DEPOSIT_ASSETS":null,"EQUITY_MULTIPLIER":2.381394293082,"EQUITY_RATIO":2.078261644222}],"count":29},"success":true,"message":"ok","code":0}