{"version":"3dc72adaf8380126a5f114216e3177ce","result":{"pages":3,"data":[{"SECUCODE":"01253.HK","SECURITY_CODE":"01253","SECURITY_NAME_ABBR":"中国绿地博大绿泽","ORG_CODE":"10401502","STD_REPORT_DATE":"2024-06-30 00:00:00","REPORT_DATE":"2024-06-30 00:00:00","DATE_TYPE_CODE":"002","REPORT_TYPE":"2024年中报","PER_NETCASH_OPERATE":-0.002089041052,"PER_OI":0.000175546781,"BPS":0.032111663105,"BASIC_EPS":-0.0009,"DILUTED_EPS":-0.0009,"OPERATE_INCOME":1022000,"OPERATE_INCOME_YOY":-80.5961647997,"GROSS_PROFIT":197000,"GROSS_PROFIT_YOY":392.5,"HOLDER_PROFIT":-5058000,"HOLDER_PROFIT_YOY":81.3742819266,"GROSS_PROFIT_RATIO":19.275929549902,"EPS_TTM":-0.088257776155,"OPERATE_INCOME_QOQ":-15.775977404489,"NET_PROFIT_RATIO":-397.8473581213,"ROE_AVG":-4.141810752494,"GROSS_PROFIT_QOQ":1.267457818681,"ROA":-0.237934290057,"HOLDER_PROFIT_QOQ":4.123392011464,"ROE_YEARLY":-8.283621504989,"ROIC_YEARLY":-0.482609756627,"TOTAL_ASSETS":2125556000,"TOTAL_LIABILITIES":1914748000,"TAX_EBT":-1.245019920319,"OCF_SALES":-1190.01956947162,"TOTAL_PARENT_EQUITY":186948000,"DEBT_ASSET_RATIO":90.0822184878,"OPERATE_PROFIT":11885000,"PRETAX_PROFIT":-4016000,"NETCASH_OPERATE":-12162000,"NETCASH_INVEST":9206000,"NETCASH_FINANCE":3202000,"END_CASH":6432000,"DIVI_RATIO":null,"DIVIDEND_RATE":null,"CURRENT_RATIO":0.484476659174,"COMMON_ACS":8000000000,"CURRENTDEBT_DEBT":75.792428037528,"ISSUED_COMMON_SHARES":5821809957,"HK_COMMON_SHARES":5821809957,"PER_SHARES":4000,"TOTAL_MARKET_CAP":122258009.097,"HKSK_MARKET_CAP":122258009.097,"PE_TTM":-0.215445792816,"PB_TTM":0.596863511472,"REPORT_DATE_SQ":"2023-06-30 00:00:00","REPORT_TYPE_SQ":"2023年中报","OPERATE_INCOME_SQ":5267000,"DPS_HKD":null,"OPERATE_INCOME_QOQ_SQ":-82.336307481126,"NET_PROFIT_RATIO_SQ":-513.6890070249,"HOLDER_PROFIT_SQ":-27156000,"HOLDER_PROFIT_QOQ_SQ":-6.521852249559,"ROE_AVG_SQ":-4.9289140816,"PE_TTM_SQ":-0.879194716208,"PB_TTM_SQ":0.757138277311,"ROA_SQ":-0.926151554832,"START_DATE":"2024-01-01 00:00:00","FISCAL_YEAR":"12-31","CURRENCY":"HKD","IS_CNY_CODE":0,"DPS_HKD_LY":null,"ORG_TYPE":"一般企业","PREMIUM_INCOME":null,"PREMIUM_INCOME_YOY":null,"NET_INTEREST_INCOME":null,"NET_INTEREST_INCOME_YOY":null,"FEE_COMMISSION_INCOME":null,"FEE_COMMISSION_INCOME_YOY":null,"ACCOUNTS_RECE_TDAYS":0.006492000927,"INVENTORY_TDAYS":null,"CURRENT_ASSETS_TDAYS":0.0014312172,"TOTAL_ASSETS_TDAYS":0.000480760863,"PREMIUM_EXPENSE":null,"LOAN_DEPOSIT":null,"LOAN_EQUITY":null,"LOAN_ASSETS":null,"DEPOSIT_EQUITY":null,"DEPOSIT_ASSETS":null,"EQUITY_MULTIPLIER":10.082900079719,"EQUITY_RATIO":10.24214219997},{"SECUCODE":"01253.HK","SECURITY_CODE":"01253","SECURITY_NAME_ABBR":"中国绿地博大绿泽","ORG_CODE":"10401502","STD_REPORT_DATE":"2023-12-31 00:00:00","REPORT_DATE":"2023-12-31 00:00:00","DATE_TYPE_CODE":"001","REPORT_TYPE":"2023年年报","PER_NETCASH_OPERATE":0.014516104205,"PER_OI":0.004621930327,"BPS":0.009841097601,"BASIC_EPS":-0.1603,"DILUTED_EPS":-0.1603,"OPERATE_INCOME":26908000,"OPERATE_INCOME_YOY":-75.3758865248,"GROSS_PROFIT":12387000,"GROSS_PROFIT_YOY":-51.224602299575,"HOLDER_PROFIT":-535918000,"HOLDER_PROFIT_YOY":-26.7562926626,"GROSS_PROFIT_RATIO":46.034636539319,"EPS_TTM":-0.092053502941,"OPERATE_INCOME_QOQ":39.405242980002,"NET_PROFIT_RATIO":-2011.6136464992,"ROE_AVG":-172.76224954103,"GROSS_PROFIT_QOQ":375.389061805247,"ROA":-21.160653877385,"HOLDER_PROFIT_QOQ":-18.995576950405,"ROE_YEARLY":-172.76224954103,"ROIC_YEARLY":-21.415060807499,"TOTAL_ASSETS":2126038000,"TOTAL_LIABILITIES":2045877000,"TAX_EBT":-4.758080123863,"OCF_SALES":314.070165006689,"TOTAL_PARENT_EQUITY":57293000,"DEBT_ASSET_RATIO":96.2295593964,"OPERATE_PROFIT":-244538000,"PRETAX_PROFIT":-516700000,"NETCASH_OPERATE":84510000,"NETCASH_INVEST":-74371000,"NETCASH_FINANCE":-6732000,"END_CASH":6227000,"DIVI_RATIO":null,"DIVIDEND_RATE":null,"CURRENT_RATIO":0.461794593355,"COMMON_ACS":8000000000,"CURRENTDEBT_DEBT":76.744838521573,"ISSUED_COMMON_SHARES":5821809957,"HK_COMMON_SHARES":5821809957,"PER_SHARES":4000,"TOTAL_MARKET_CAP":157188868.839,"HKSK_MARKET_CAP":157188868.839,"PE_TTM":-0.27700173362,"PB_TTM":0.767395943321,"REPORT_DATE_SQ":"2022-12-31 00:00:00","REPORT_TYPE_SQ":"2022年年报","OPERATE_INCOME_SQ":109275000,"DPS_HKD":null,"OPERATE_INCOME_QOQ_SQ":-35.511569852876,"NET_PROFIT_RATIO_SQ":-386.4991992679,"HOLDER_PROFIT_SQ":-422794000,"HOLDER_PROFIT_QOQ_SQ":-3975.51571235782,"ROE_AVG_SQ":-53.538558946435,"PE_TTM_SQ":-0.697395224908,"PB_TTM_SQ":0.600577562009,"ROA_SQ":-13.427287570023,"START_DATE":"2023-01-01 00:00:00","FISCAL_YEAR":"12-31","CURRENCY":"HKD","IS_CNY_CODE":0,"DPS_HKD_LY":null,"ORG_TYPE":"一般企业","PREMIUM_INCOME":null,"PREMIUM_INCOME_YOY":null,"NET_INTEREST_INCOME":null,"NET_INTEREST_INCOME_YOY":null,"FEE_COMMISSION_INCOME":null,"FEE_COMMISSION_INCOME_YOY":null,"ACCOUNTS_RECE_TDAYS":0.117091086317,"INVENTORY_TDAYS":null,"CURRENT_ASSETS_TDAYS":0.024371510657,"TOTAL_ASSETS_TDAYS":0.010624589481,"PREMIUM_EXPENSE":null,"LOAN_DEPOSIT":null,"LOAN_EQUITY":null,"LOAN_ASSETS":null,"DEPOSIT_EQUITY":null,"DEPOSIT_ASSETS":null,"EQUITY_MULTIPLIER":26.52209927522,"EQUITY_RATIO":35.709022044578},{"SECUCODE":"01253.HK","SECURITY_CODE":"01253","SECURITY_NAME_ABBR":"中国绿地博大绿泽","ORG_CODE":"10401502","STD_REPORT_DATE":"2023-06-30 00:00:00","REPORT_DATE":"2023-06-30 00:00:00","DATE_TYPE_CODE":"002","REPORT_TYPE":"2023年中报","PER_NETCASH_OPERATE":-0.000152279543,"PER_OI":0.001575749219,"BPS":0.092546476779,"BASIC_EPS":-0.0081,"DILUTED_EPS":-0.0081,"OPERATE_INCOME":5267000,"OPERATE_INCOME_YOY":-94.4697606048,"GROSS_PROFIT":40000,"GROSS_PROFIT_YOY":-99.866372686577,"HOLDER_PROFIT":-27156000,"HOLDER_PROFIT_YOY":-6596.6507177033,"GROSS_PROFIT_RATIO":0.759445604709,"EPS_TTM":-0.134738375609,"OPERATE_INCOME_QOQ":-82.336307481126,"NET_PROFIT_RATIO":-513.6890070249,"ROE_AVG":-4.9289140816,"GROSS_PROFIT_QOQ":-117.711450622145,"ROA":-0.926151554832,"HOLDER_PROFIT_QOQ":-6.521852249559,"ROE_YEARLY":-9.857828163201,"ROIC_YEARLY":-1.873196089093,"TOTAL_ASSETS":2925074000,"TOTAL_LIABILITIES":2357951000,"TAX_EBT":-0.192564064583,"OCF_SALES":-9.663945319916,"TOTAL_PARENT_EQUITY":538788000,"DEBT_ASSET_RATIO":80.6116699954,"OPERATE_PROFIT":-7307000,"PRETAX_PROFIT":-27004000,"NETCASH_OPERATE":-509000,"NETCASH_INVEST":7632000,"NETCASH_FINANCE":-3913000,"END_CASH":5994000,"DIVI_RATIO":null,"DIVIDEND_RATE":null,"CURRENT_RATIO":0.741636285626,"COMMON_ACS":8000000000,"CURRENTDEBT_DEBT":84.51172225377,"ISSUED_COMMON_SHARES":5821809957,"HK_COMMON_SHARES":5821809957,"PER_SHARES":4000,"TOTAL_MARKET_CAP":157188868.839,"HKSK_MARKET_CAP":157188868.839,"PE_TTM":-0.27700173362,"PB_TTM":0.767395943321,"REPORT_DATE_SQ":"2022-06-30 00:00:00","REPORT_TYPE_SQ":"2022年中报","OPERATE_INCOME_SQ":95240000,"DPS_HKD":null,"OPERATE_INCOME_QOQ_SQ":-36.65410582509,"NET_PROFIT_RATIO_SQ":0.6310373793,"HOLDER_PROFIT_SQ":418000,"HOLDER_PROFIT_QOQ_SQ":-328.401585204756,"ROE_AVG_SQ":0.041652363199,"PE_TTM_SQ":-0.697395224908,"PB_TTM_SQ":0.600577562009,"ROA_SQ":0.012361615705,"START_DATE":"2023-01-01 00:00:00","FISCAL_YEAR":"12-31","CURRENCY":"HKD","IS_CNY_CODE":0,"DPS_HKD_LY":null,"ORG_TYPE":"一般企业","PREMIUM_INCOME":null,"PREMIUM_INCOME_YOY":null,"NET_INTEREST_INCOME":null,"NET_INTEREST_INCOME_YOY":null,"FEE_COMMISSION_INCOME":null,"FEE_COMMISSION_INCOME_YOY":null,"ACCOUNTS_RECE_TDAYS":0.017437308291,"INVENTORY_TDAYS":null,"CURRENT_ASSETS_TDAYS":0.003557608331,"TOTAL_ASSETS_TDAYS":0.001796302931,"PREMIUM_EXPENSE":null,"LOAN_DEPOSIT":null,"LOAN_EQUITY":null,"LOAN_ASSETS":null,"DEPOSIT_EQUITY":null,"DEPOSIT_ASSETS":null,"EQUITY_MULTIPLIER":5.157741795001,"EQUITY_RATIO":4.376398509247},{"SECUCODE":"01253.HK","SECURITY_CODE":"01253","SECURITY_NAME_ABBR":"中国绿地博大绿泽","ORG_CODE":"10401502","STD_REPORT_DATE":"2022-12-31 00:00:00","REPORT_DATE":"2022-12-31 00:00:00","DATE_TYPE_CODE":"001","REPORT_TYPE":"2022年年报","PER_NETCASH_OPERATE":-0.002884036923,"PER_OI":0.032692233895,"BPS":0.096725589492,"BASIC_EPS":-0.1265,"DILUTED_EPS":-0.1265,"OPERATE_INCOME":109275000,"OPERATE_INCOME_YOY":-59.1492272839,"GROSS_PROFIT":25396000,"GROSS_PROFIT_YOY":-68.357442779003,"HOLDER_PROFIT":-422794000,"HOLDER_PROFIT_YOY":-9408.5424922941,"GROSS_PROFIT_RATIO":23.240448409975,"EPS_TTM":-0.126488952984,"OPERATE_INCOME_QOQ":-35.511569852876,"NET_PROFIT_RATIO":-386.4991992679,"ROE_AVG":-53.538558946435,"GROSS_PROFIT_QOQ":-50.887642622317,"ROA":-13.427287570023,"HOLDER_PROFIT_QOQ":-3975.51571235782,"ROE_YEARLY":-53.538558946435,"ROIC_YEARLY":-13.724399881711,"TOTAL_ASSETS":2939193000,"TOTAL_LIABILITIES":2347840000,"TAX_EBT":12.516985102822,"OCF_SALES":-8.821779913063,"TOTAL_PARENT_EQUITY":563118000,"DEBT_ASSET_RATIO":79.8804297642,"OPERATE_PROFIT":-393097000,"PRETAX_PROFIT":-482776000,"NETCASH_OPERATE":-9640000,"NETCASH_INVEST":10482000,"NETCASH_FINANCE":-75373000,"END_CASH":2844000,"DIVI_RATIO":null,"DIVIDEND_RATE":null,"CURRENT_RATIO":0.752851583638,"COMMON_ACS":8000000000,"CURRENTDEBT_DEBT":83.905121302985,"ISSUED_COMMON_SHARES":5821809957,"HK_COMMON_SHARES":5821809957,"PER_SHARES":4000,"TOTAL_MARKET_CAP":157188868.839,"HKSK_MARKET_CAP":157188868.839,"PE_TTM":-0.27700173362,"PB_TTM":0.767395943321,"REPORT_DATE_SQ":"2021-12-31 00:00:00","REPORT_TYPE_SQ":"2021年年报","OPERATE_INCOME_SQ":267498000,"DPS_HKD":null,"OPERATE_INCOME_QOQ_SQ":-51.11772219674,"NET_PROFIT_RATIO_SQ":1.5902922639,"HOLDER_PROFIT_SQ":4542000,"HOLDER_PROFIT_QOQ_SQ":-88.864917872027,"ROE_AVG_SQ":0.451443261722,"PE_TTM_SQ":-0.697395224908,"PB_TTM_SQ":0.600577562009,"ROA_SQ":0.133370292545,"START_DATE":"2022-01-01 00:00:00","FISCAL_YEAR":"12-31","CURRENCY":"HKD","IS_CNY_CODE":0,"DPS_HKD_LY":null,"ORG_TYPE":"一般企业","PREMIUM_INCOME":null,"PREMIUM_INCOME_YOY":null,"NET_INTEREST_INCOME":null,"NET_INTEREST_INCOME_YOY":null,"FEE_COMMISSION_INCOME":null,"FEE_COMMISSION_INCOME_YOY":null,"ACCOUNTS_RECE_TDAYS":0.283518929802,"INVENTORY_TDAYS":null,"CURRENT_ASSETS_TDAYS":0.063831371856,"TOTAL_ASSETS_TDAYS":0.034704060351,"PREMIUM_EXPENSE":null,"LOAN_DEPOSIT":null,"LOAN_EQUITY":null,"LOAN_ASSETS":null,"DEPOSIT_EQUITY":null,"DEPOSIT_ASSETS":null,"EQUITY_MULTIPLIER":4.970285091978,"EQUITY_RATIO":4.169357044172},{"SECUCODE":"01253.HK","SECURITY_CODE":"01253","SECURITY_NAME_ABBR":"中国绿地博大绿泽","ORG_CODE":"10401502","STD_REPORT_DATE":"2022-06-30 00:00:00","REPORT_DATE":"2022-06-30 00:00:00","DATE_TYPE_CODE":"002","REPORT_TYPE":"2022年中报","PER_NETCASH_OPERATE":0.009256442157,"PER_OI":0.028493327441,"BPS":0.170188825695,"BASIC_EPS":0.0001,"DILUTED_EPS":0.0001,"OPERATE_INCOME":95240000,"OPERATE_INCOME_YOY":-50.7266321415,"GROSS_PROFIT":29934000,"GROSS_PROFIT_YOY":-48.815895217414,"HOLDER_PROFIT":418000,"HOLDER_PROFIT_YOY":-97.2740315638,"GROSS_PROFIT_RATIO":31.430071398572,"EPS_TTM":-0.003103630606,"OPERATE_INCOME_QOQ":-36.65410582509,"NET_PROFIT_RATIO":0.6310373793,"ROE_AVG":0.041652363199,"GROSS_PROFIT_QOQ":-35.571088600655,"ROA":0.012361615705,"HOLDER_PROFIT_QOQ":-328.401585204756,"ROE_YEARLY":0.083304726397,"ROIC_YEARLY":0.02543949698,"TOTAL_ASSETS":3404529000,"TOTAL_LIABILITIES":2385751000,"TAX_EBT":49.282700421941,"OCF_SALES":32.486350272995,"TOTAL_PARENT_EQUITY":990807000,"DEBT_ASSET_RATIO":70.0758019685,"OPERATE_PROFIT":21705000,"PRETAX_PROFIT":1185000,"NETCASH_OPERATE":30940000,"NETCASH_INVEST":-31528000,"NETCASH_FINANCE":-19637000,"END_CASH":57189000,"DIVI_RATIO":null,"DIVIDEND_RATE":null,"CURRENT_RATIO":0.940490205575,"COMMON_ACS":8000000000,"CURRENTDEBT_DEBT":90.007045999352,"ISSUED_COMMON_SHARES":5821809957,"HK_COMMON_SHARES":5821809957,"PER_SHARES":4000,"TOTAL_MARKET_CAP":157188868.839,"HKSK_MARKET_CAP":157188868.839,"PE_TTM":-0.27700173362,"PB_TTM":0.767395943321,"REPORT_DATE_SQ":"2021-06-30 00:00:00","REPORT_TYPE_SQ":"2021年中报","OPERATE_INCOME_SQ":193289000,"DPS_HKD":null,"OPERATE_INCOME_QOQ_SQ":-19.068239664814,"NET_PROFIT_RATIO_SQ":8.0987536797,"HOLDER_PROFIT_SQ":15334000,"HOLDER_PROFIT_QOQ_SQ":-47.902164889201,"ROE_AVG_SQ":1.523210483471,"PE_TTM_SQ":-0.697395224908,"PB_TTM_SQ":0.600577562009,"ROA_SQ":0.449387557791,"START_DATE":"2022-01-01 00:00:00","FISCAL_YEAR":"12-31","CURRENCY":"HKD","IS_CNY_CODE":0,"DPS_HKD_LY":null,"ORG_TYPE":"一般企业","PREMIUM_INCOME":null,"PREMIUM_INCOME_YOY":null,"NET_INTEREST_INCOME":null,"NET_INTEREST_INCOME_YOY":null,"FEE_COMMISSION_INCOME":null,"FEE_COMMISSION_INCOME_YOY":null,"ACCOUNTS_RECE_TDAYS":0.203279927174,"INVENTORY_TDAYS":null,"CURRENT_ASSETS_TDAYS":0.048096941294,"TOTAL_ASSETS_TDAYS":0.028165556931,"PREMIUM_EXPENSE":null,"LOAN_DEPOSIT":null,"LOAN_EQUITY":null,"LOAN_ASSETS":null,"DEPOSIT_EQUITY":null,"DEPOSIT_ASSETS":null,"EQUITY_MULTIPLIER":3.341777109439,"EQUITY_RATIO":2.407886702456},{"SECUCODE":"01253.HK","SECURITY_CODE":"01253","SECURITY_NAME_ABBR":"中国绿地博大绿泽","ORG_CODE":"10401502","STD_REPORT_DATE":"2021-12-31 00:00:00","REPORT_DATE":"2021-12-31 00:00:00","DATE_TYPE_CODE":"001","REPORT_TYPE":"2021年年报","PER_NETCASH_OPERATE":-0.006872624086,"PER_OI":0.080028434522,"BPS":0.174564612639,"BASIC_EPS":0.0014,"DILUTED_EPS":0.0014,"OPERATE_INCOME":267498000,"OPERATE_INCOME_YOY":-60.4387120819,"GROSS_PROFIT":80259000,"GROSS_PROFIT_YOY":-57.8938256449,"HOLDER_PROFIT":4542000,"HOLDER_PROFIT_YOY":-94.1988632735,"GROSS_PROFIT_RATIO":30.003588811879,"EPS_TTM":0.001358848102,"OPERATE_INCOME_QOQ":-51.11772219674,"NET_PROFIT_RATIO":1.5902922639,"ROE_AVG":0.451443261722,"GROSS_PROFIT_QOQ":-51.137560500441,"ROA":0.133370292545,"HOLDER_PROFIT_QOQ":-88.864917872027,"ROE_YEARLY":0.451443261722,"ROIC_YEARLY":0.142639755634,"TOTAL_ASSETS":3358341000,"TOTAL_LIABILITIES":2314271000,"TAX_EBT":63.690679412769,"OCF_SALES":-8.587727758712,"TOTAL_PARENT_EQUITY":1016282000,"DEBT_ASSET_RATIO":68.9111379696,"OPERATE_PROFIT":55150000,"PRETAX_PROFIT":11716000,"NETCASH_OPERATE":-22972000,"NETCASH_INVEST":-194789000,"NETCASH_FINANCE":-14096000,"END_CASH":77465000,"DIVI_RATIO":null,"DIVIDEND_RATE":null,"CURRENT_RATIO":0.972636777274,"COMMON_ACS":8000000000,"CURRENTDEBT_DEBT":86.220628439798,"ISSUED_COMMON_SHARES":5821809957,"HK_COMMON_SHARES":5821809957,"PER_SHARES":4000,"TOTAL_MARKET_CAP":157188868.839,"HKSK_MARKET_CAP":157188868.839,"PE_TTM":-0.27700173362,"PB_TTM":0.767395943321,"REPORT_DATE_SQ":"2020-12-31 00:00:00","REPORT_TYPE_SQ":"2020年年报","OPERATE_INCOME_SQ":676161000,"DPS_HKD":null,"OPERATE_INCOME_QOQ_SQ":-26.293374087607,"NET_PROFIT_RATIO_SQ":11.6146894009,"HOLDER_PROFIT_SQ":78295000,"HOLDER_PROFIT_QOQ_SQ":6.719825529885,"ROE_AVG_SQ":8.328497780255,"PE_TTM_SQ":-0.697395224908,"PB_TTM_SQ":0.600577562009,"ROA_SQ":2.297126970286,"START_DATE":"2021-01-01 00:00:00","FISCAL_YEAR":"12-31","CURRENCY":"HKD","IS_CNY_CODE":0,"DPS_HKD_LY":null,"ORG_TYPE":"一般企业","PREMIUM_INCOME":null,"PREMIUM_INCOME_YOY":null,"NET_INTEREST_INCOME":null,"NET_INTEREST_INCOME_YOY":null,"FEE_COMMISSION_INCOME":null,"FEE_COMMISSION_INCOME_YOY":null,"ACCOUNTS_RECE_TDAYS":0.493755104866,"INVENTORY_TDAYS":null,"CURRENT_ASSETS_TDAYS":0.125657062168,"TOTAL_ASSETS_TDAYS":0.078547526454,"PREMIUM_EXPENSE":null,"LOAN_DEPOSIT":null,"LOAN_EQUITY":null,"LOAN_ASSETS":null,"DEPOSIT_EQUITY":null,"DEPOSIT_ASSETS":null,"EQUITY_MULTIPLIER":3.216586052658,"EQUITY_RATIO":2.277193731661},{"SECUCODE":"01253.HK","SECURITY_CODE":"01253","SECURITY_NAME_ABBR":"中国绿地博大绿泽","ORG_CODE":"10401502","STD_REPORT_DATE":"2021-06-30 00:00:00","REPORT_DATE":"2021-06-30 00:00:00","DATE_TYPE_CODE":"002","REPORT_TYPE":"2021年中报","PER_NETCASH_OPERATE":-0.034872613676,"PER_OI":0.057827034521,"BPS":0.174764893996,"BASIC_EPS":0.005,"DILUTED_EPS":0.005,"OPERATE_INCOME":193289000,"OPERATE_INCOME_YOY":-40.0135310858,"GROSS_PROFIT":58483000,"GROSS_PROFIT_YOY":-31.065901295395,"HOLDER_PROFIT":15334000,"HOLDER_PROFIT_YOY":-70.9797687314,"GROSS_PROFIT_RATIO":30.2567657756,"EPS_TTM":0.01220330561,"OPERATE_INCOME_QOQ":-19.068239664814,"NET_PROFIT_RATIO":8.0987536797,"ROE_AVG":1.523210483471,"GROSS_PROFIT_QOQ":-13.827113860165,"ROA":0.449387557791,"HOLDER_PROFIT_QOQ":-47.902164889201,"ROE_YEARLY":3.046420966942,"ROIC_YEARLY":0.956184143082,"TOTAL_ASSETS":3371628000,"TOTAL_LIABILITIES":2325784000,"TAX_EBT":14.571054354944,"OCF_SALES":-60.305035465029,"TOTAL_PARENT_EQUITY":1017448000,"DEBT_ASSET_RATIO":68.9810382403,"OPERATE_PROFIT":16479000,"PRETAX_PROFIT":18324000,"NETCASH_OPERATE":-116563000,"NETCASH_INVEST":-134170000,"NETCASH_FINANCE":-14604000,"END_CASH":43971000,"DIVI_RATIO":null,"DIVIDEND_RATE":null,"CURRENT_RATIO":1.008179484605,"COMMON_ACS":8000000000,"CURRENTDEBT_DEBT":88.205697519632,"ISSUED_COMMON_SHARES":5821809957,"HK_COMMON_SHARES":5821809957,"PER_SHARES":4000,"TOTAL_MARKET_CAP":157188868.839,"HKSK_MARKET_CAP":157188868.839,"PE_TTM":-0.27700173362,"PB_TTM":0.767395943321,"REPORT_DATE_SQ":"2020-06-30 00:00:00","REPORT_TYPE_SQ":"2020年中报","OPERATE_INCOME_SQ":322221000,"DPS_HKD":null,"OPERATE_INCOME_QOQ_SQ":-3.342155838026,"NET_PROFIT_RATIO_SQ":16.4505106744,"HOLDER_PROFIT_SQ":52839000,"HOLDER_PROFIT_QOQ_SQ":2.776571452587,"ROE_AVG_SQ":5.836580388432,"PE_TTM_SQ":-0.697395224908,"PB_TTM_SQ":0.600577562009,"ROA_SQ":1.552699026342,"START_DATE":"2021-01-01 00:00:00","FISCAL_YEAR":"12-31","CURRENCY":"HKD","IS_CNY_CODE":0,"DPS_HKD_LY":null,"ORG_TYPE":"一般企业","PREMIUM_INCOME":null,"PREMIUM_INCOME_YOY":null,"NET_INTEREST_INCOME":null,"NET_INTEREST_INCOME_YOY":null,"FEE_COMMISSION_INCOME":null,"FEE_COMMISSION_INCOME_YOY":null,"ACCOUNTS_RECE_TDAYS":0.332923972579,"INVENTORY_TDAYS":null,"CURRENT_ASSETS_TDAYS":0.08815791244,"TOTAL_ASSETS_TDAYS":0.056646453409,"PREMIUM_EXPENSE":null,"LOAN_DEPOSIT":null,"LOAN_EQUITY":null,"LOAN_ASSETS":null,"DEPOSIT_EQUITY":null,"DEPOSIT_ASSETS":null,"EQUITY_MULTIPLIER":3.223834529817,"EQUITY_RATIO":2.285899623371},{"SECUCODE":"01253.HK","SECURITY_CODE":"01253","SECURITY_NAME_ABBR":"中国绿地博大绿泽","ORG_CODE":"10401502","STD_REPORT_DATE":"2020-12-31 00:00:00","REPORT_DATE":"2020-12-31 00:00:00","DATE_TYPE_CODE":"001","REPORT_TYPE":"2020年年报","PER_NETCASH_OPERATE":0.019692527217,"PER_OI":0.202289760352,"BPS":0.171068964352,"BASIC_EPS":0.0023,"DILUTED_EPS":0.0023,"OPERATE_INCOME":676161000,"OPERATE_INCOME_YOY":-28.7567643885,"GROSS_PROFIT":190611000,"GROSS_PROFIT_YOY":-9.787449536421,"HOLDER_PROFIT":78295000,"HOLDER_PROFIT_YOY":9.6829777398,"GROSS_PROFIT_RATIO":28.190179557827,"EPS_TTM":0.02342382478,"OPERATE_INCOME_QOQ":-26.293374087607,"NET_PROFIT_RATIO":11.6146894009,"ROE_AVG":8.328497780255,"GROSS_PROFIT_QOQ":-5.016967395692,"ROA":2.297126970286,"HOLDER_PROFIT_QOQ":6.719825529885,"ROE_YEARLY":8.328497780255,"ROIC_YEARLY":2.513141068439,"TOTAL_ASSETS":3452771000,"TOTAL_LIABILITIES":2428764000,"TAX_EBT":16.494056100206,"OCF_SALES":9.734811679467,"TOTAL_PARENT_EQUITY":995931000,"DEBT_ASSET_RATIO":70.3424582748,"OPERATE_PROFIT":96794000,"PRETAX_PROFIT":94046000,"NETCASH_OPERATE":65823000,"NETCASH_INVEST":119530000,"NETCASH_FINANCE":-106080000,"END_CASH":309292000,"DIVI_RATIO":null,"DIVIDEND_RATE":null,"CURRENT_RATIO":1.076415042619,"COMMON_ACS":8000000000,"CURRENTDEBT_DEBT":88.618655414853,"ISSUED_COMMON_SHARES":5821809957,"HK_COMMON_SHARES":5821809957,"PER_SHARES":4000,"TOTAL_MARKET_CAP":157188868.839,"HKSK_MARKET_CAP":157188868.839,"PE_TTM":-0.27700173362,"PB_TTM":0.767395943321,"REPORT_DATE_SQ":"2019-12-31 00:00:00","REPORT_TYPE_SQ":"2019年年报","OPERATE_INCOME_SQ":949088000,"DPS_HKD":null,"OPERATE_INCOME_QOQ_SQ":51.64614280898,"NET_PROFIT_RATIO_SQ":7.3980494959,"HOLDER_PROFIT_SQ":71383000,"HOLDER_PROFIT_QOQ_SQ":58.738241899976,"ROE_AVG_SQ":8.256245127771,"PE_TTM_SQ":-0.697395224908,"PB_TTM_SQ":0.600577562009,"ROA_SQ":2.112131478062,"START_DATE":"2020-01-01 00:00:00","FISCAL_YEAR":"12-31","CURRENCY":"HKD","IS_CNY_CODE":0,"DPS_HKD_LY":null,"ORG_TYPE":"一般企业","PREMIUM_INCOME":null,"PREMIUM_INCOME_YOY":null,"NET_INTEREST_INCOME":null,"NET_INTEREST_INCOME_YOY":null,"FEE_COMMISSION_INCOME":null,"FEE_COMMISSION_INCOME_YOY":null,"ACCOUNTS_RECE_TDAYS":0.945221651326,"INVENTORY_TDAYS":null,"CURRENT_ASSETS_TDAYS":0.283855808717,"TOTAL_ASSETS_TDAYS":0.198381463613,"PREMIUM_EXPENSE":null,"LOAN_DEPOSIT":null,"LOAN_EQUITY":null,"LOAN_ASSETS":null,"DEPOSIT_EQUITY":null,"DEPOSIT_ASSETS":null,"EQUITY_MULTIPLIER":3.37182363011,"EQUITY_RATIO":2.438687017474},{"SECUCODE":"01253.HK","SECURITY_CODE":"01253","SECURITY_NAME_ABBR":"中国绿地博大绿泽","ORG_CODE":"10401502","STD_REPORT_DATE":"2020-06-30 00:00:00","REPORT_DATE":"2020-06-30 00:00:00","DATE_TYPE_CODE":"002","REPORT_TYPE":"2020年中报","PER_NETCASH_OPERATE":-0.023007673809,"PER_OI":0.096400130842,"BPS":0.159121477142,"BASIC_EPS":0.016,"DILUTED_EPS":0.016,"OPERATE_INCOME":322221000,"OPERATE_INCOME_YOY":-8.961945635,"GROSS_PROFIT":84839000,"GROSS_PROFIT_YOY":-11.117746278195,"HOLDER_PROFIT":52839000,"HOLDER_PROFIT_YOY":3.8972019584,"GROSS_PROFIT_RATIO":26.329444697894,"EPS_TTM":0.021948897183,"OPERATE_INCOME_QOQ":-3.342155838026,"NET_PROFIT_RATIO":16.4505106744,"ROE_AVG":5.836580388432,"GROSS_PROFIT_QOQ":-5.022457179908,"ROA":1.552699026342,"HOLDER_PROFIT_QOQ":2.776571452587,"ROE_YEARLY":11.673160776863,"ROIC_YEARLY":3.390427571551,"TOTAL_ASSETS":3442079000,"TOTAL_LIABILITIES":2487699000,"TAX_EBT":11.326909565392,"OCF_SALES":-23.866849150118,"TOTAL_PARENT_EQUITY":926375000,"DEBT_ASSET_RATIO":72.2731523594,"OPERATE_PROFIT":60089000,"PRETAX_PROFIT":59778000,"NETCASH_OPERATE":-76904000,"NETCASH_INVEST":184480000,"NETCASH_FINANCE":-41842000,"END_CASH":295615000,"DIVI_RATIO":null,"DIVIDEND_RATE":null,"CURRENT_RATIO":1.100616811156,"COMMON_ACS":8000000000,"CURRENTDEBT_DEBT":88.905369982462,"ISSUED_COMMON_SHARES":5821809957,"HK_COMMON_SHARES":5821809957,"PER_SHARES":4000,"TOTAL_MARKET_CAP":157188868.839,"HKSK_MARKET_CAP":157188868.839,"PE_TTM":-0.27700173362,"PB_TTM":0.767395943321,"REPORT_DATE_SQ":"2019-06-30 00:00:00","REPORT_TYPE_SQ":"2019年中报","OPERATE_INCOME_SQ":353941000,"DPS_HKD":null,"OPERATE_INCOME_QOQ_SQ":-29.643257024916,"NET_PROFIT_RATIO_SQ":14.4165270483,"HOLDER_PROFIT_SQ":50857000,"HOLDER_PROFIT_QOQ_SQ":-24.09398578735,"ROE_AVG_SQ":5.839835978888,"PE_TTM_SQ":-0.697395224908,"PB_TTM_SQ":0.600577562009,"ROA_SQ":1.416792516799,"START_DATE":"2020-01-01 00:00:00","FISCAL_YEAR":"12-31","CURRENCY":"HKD","IS_CNY_CODE":0,"DPS_HKD_LY":null,"ORG_TYPE":"一般企业","PREMIUM_INCOME":null,"PREMIUM_INCOME_YOY":null,"NET_INTEREST_INCOME":null,"NET_INTEREST_INCOME_YOY":null,"FEE_COMMISSION_INCOME":null,"FEE_COMMISSION_INCOME_YOY":null,"ACCOUNTS_RECE_TDAYS":0.417400124227,"INVENTORY_TDAYS":null,"CURRENT_ASSETS_TDAYS":0.132016153103,"TOTAL_ASSETS_TDAYS":0.094686166083,"PREMIUM_EXPENSE":null,"LOAN_DEPOSIT":null,"LOAN_EQUITY":null,"LOAN_ASSETS":null,"DEPOSIT_EQUITY":null,"DEPOSIT_ASSETS":null,"EQUITY_MULTIPLIER":3.606612670009,"EQUITY_RATIO":2.68541249494}],"count":25},"success":true,"message":"ok","code":0}