{"version":"479655896baa29b00f20ec33eede7783","result":{"pages":4,"data":[{"SECUCODE":"01260.HK","SECURITY_CODE":"01260","SECURITY_NAME_ABBR":"皓天财经集团","ORG_CODE":"10185266","STD_REPORT_DATE":"2024-06-30 00:00:00","REPORT_DATE":"2024-09-30 00:00:00","DATE_TYPE_CODE":"002","REPORT_TYPE":"2024年中报","PER_NETCASH_OPERATE":0.0216226789,"PER_OI":0.069921865051,"BPS":1.15698679441,"BASIC_EPS":0.022184034,"DILUTED_EPS":0.022184034,"OPERATE_INCOME":80511811.2,"OPERATE_INCOME_YOY":-36.4261046036,"GROSS_PROFIT":40797881.39,"GROSS_PROFIT_YOY":-43.900398449355,"HOLDER_PROFIT":25500817.62,"HOLDER_PROFIT_YOY":897.4603174603,"GROSS_PROFIT_RATIO":50.673163082437,"EPS_TTM":-0.052356042881,"OPERATE_INCOME_QOQ":0,"NET_PROFIT_RATIO":31.6733870968,"ROE_AVG":1.927247398918,"GROSS_PROFIT_QOQ":0,"ROA":1.780710854887,"HOLDER_PROFIT_QOQ":0,"ROE_YEARLY":3.854494797836,"ROIC_YEARLY":6.73389127616,"TOTAL_ASSETS":1441199295.66,"TOTAL_LIABILITIES":108982223.29,"TAX_EBT":8.839458413927,"OCF_SALES":30.924059139785,"TOTAL_PARENT_EQUITY":1332217072.37,"DEBT_ASSET_RATIO":7.561912056,"OPERATE_PROFIT":27594774,"PRETAX_PROFIT":27973525.8,"NETCASH_OPERATE":24897520.11,"NETCASH_INVEST":-13464626.49,"NETCASH_FINANCE":null,"END_CASH":204465552.07,"DIVI_RATIO":null,"DIVIDEND_RATE":null,"CURRENT_RATIO":7.265161231599,"COMMON_ACS":10000000000,"CURRENTDEBT_DEBT":100,"ISSUED_COMMON_SHARES":1151454000,"HK_COMMON_SHARES":1151454000,"PER_SHARES":2000,"TOTAL_MARKET_CAP":368465280,"HKSK_MARKET_CAP":368465280,"PE_TTM":-8.974481330833,"PB_TTM":0.249417539936,"REPORT_DATE_SQ":"2023-06-30 00:00:00","REPORT_TYPE_SQ":"2023年中报","OPERATE_INCOME_SQ":128867369.05,"DPS_HKD":null,"OPERATE_INCOME_QOQ_SQ":0,"NET_PROFIT_RATIO_SQ":2.0187275252,"HOLDER_PROFIT_SQ":2601481.05,"HOLDER_PROFIT_QOQ_SQ":0,"ROE_AVG_SQ":0.192374570592,"PE_TTM_SQ":36.147012627148,"PB_TTM_SQ":0.139987466278,"ROA_SQ":0.177797344893,"START_DATE":"2024-04-01 00:00:00","FISCAL_YEAR":"3-31","CURRENCY":"HKD","IS_CNY_CODE":0,"DPS_HKD_LY":null,"ORG_TYPE":"一般企业","PREMIUM_INCOME":null,"PREMIUM_INCOME_YOY":null,"NET_INTEREST_INCOME":null,"NET_INTEREST_INCOME_YOY":null,"FEE_COMMISSION_INCOME":null,"FEE_COMMISSION_INCOME_YOY":null,"ACCOUNTS_RECE_TDAYS":2.694106641721,"INVENTORY_TDAYS":null,"CURRENT_ASSETS_TDAYS":0.104208613318,"TOTAL_ASSETS_TDAYS":0.056221042904,"PREMIUM_EXPENSE":null,"LOAN_DEPOSIT":null,"LOAN_EQUITY":null,"LOAN_ASSETS":null,"DEPOSIT_EQUITY":null,"DEPOSIT_ASSETS":null,"EQUITY_MULTIPLIER":1.081805154392,"EQUITY_RATIO":0.081805154393},{"SECUCODE":"01260.HK","SECURITY_CODE":"01260","SECURITY_NAME_ABBR":"皓天财经集团","ORG_CODE":"10185266","STD_REPORT_DATE":"2023-12-31 00:00:00","REPORT_DATE":"2024-03-31 00:00:00","DATE_TYPE_CODE":"001","REPORT_TYPE":"2023年年报","PER_NETCASH_OPERATE":0.037039735239,"PER_OI":0.188210132797,"BPS":1.147301980583,"BASIC_EPS":-0.05239859,"DILUTED_EPS":-0.05239859,"OPERATE_INCOME":216715310.25,"OPERATE_INCOME_YOY":-13.3880662447,"GROSS_PROFIT":110831176.8,"GROSS_PROFIT_YOY":-6.185252068662,"HOLDER_PROFIT":-60285575,"HOLDER_PROFIT_YOY":-344.2877084711,"GROSS_PROFIT_RATIO":51.141369140993,"EPS_TTM":0.003824951644,"OPERATE_INCOME_QOQ":0,"NET_PROFIT_RATIO":-27.8178661814,"ROE_AVG":-4.535732019403,"GROSS_PROFIT_QOQ":0,"ROA":-4.169268541019,"HOLDER_PROFIT_QOQ":0,"ROE_YEARLY":-4.535732019403,"ROIC_YEARLY":-7.240033794083,"TOTAL_ASSETS":1430428020.55,"TOTAL_LIABILITIES":109362565.8,"TAX_EBT":-9.555189456343,"OCF_SALES":19.679989960469,"TOTAL_PARENT_EQUITY":1321065454.75,"DEBT_ASSET_RATIO":7.6454434777,"OPERATE_PROFIT":-49658995.9,"PRETAX_PROFIT":-55027585,"NETCASH_OPERATE":42649551.3,"NETCASH_INVEST":89514560.1,"NETCASH_FINANCE":-906.55,"END_CASH":193738800.5,"DIVI_RATIO":null,"DIVIDEND_RATE":null,"CURRENT_RATIO":6.925660665141,"COMMON_ACS":10000000000,"CURRENTDEBT_DEBT":100,"ISSUED_COMMON_SHARES":1151454000,"HK_COMMON_SHARES":1151454000,"PER_SHARES":2000,"TOTAL_MARKET_CAP":293620770,"HKSK_MARKET_CAP":293620770,"PE_TTM":-7.151539810507,"PB_TTM":0.198754602136,"REPORT_DATE_SQ":"2022-12-31 00:00:00","REPORT_TYPE_SQ":"2022年年报","OPERATE_INCOME_SQ":241619287.87,"DPS_HKD":null,"OPERATE_INCOME_QOQ_SQ":0,"NET_PROFIT_RATIO_SQ":9.862793335,"HOLDER_PROFIT_SQ":23830411.02,"HOLDER_PROFIT_QOQ_SQ":0,"ROE_AVG_SQ":1.89953443194,"PE_TTM_SQ":34.531503682918,"PB_TTM_SQ":0.133731043204,"ROA_SQ":1.722416470204,"START_DATE":"2023-04-01 00:00:00","FISCAL_YEAR":"3-31","CURRENCY":"HKD","IS_CNY_CODE":0,"DPS_HKD_LY":null,"ORG_TYPE":"一般企业","PREMIUM_INCOME":null,"PREMIUM_INCOME_YOY":null,"NET_INTEREST_INCOME":null,"NET_INTEREST_INCOME_YOY":null,"FEE_COMMISSION_INCOME":null,"FEE_COMMISSION_INCOME_YOY":null,"ACCOUNTS_RECE_TDAYS":5.098915396675,"INVENTORY_TDAYS":null,"CURRENT_ASSETS_TDAYS":0.293511331351,"TOTAL_ASSETS_TDAYS":0.149877367079,"PREMIUM_EXPENSE":null,"LOAN_DEPOSIT":null,"LOAN_EQUITY":null,"LOAN_ASSETS":null,"DEPOSIT_EQUITY":null,"DEPOSIT_ASSETS":null,"EQUITY_MULTIPLIER":1.082783608796,"EQUITY_RATIO":0.082783608796},{"SECUCODE":"01260.HK","SECURITY_CODE":"01260","SECURITY_NAME_ABBR":"皓天财经集团","ORG_CODE":"10185266","STD_REPORT_DATE":"2023-06-30 00:00:00","REPORT_DATE":"2023-09-30 00:00:00","DATE_TYPE_CODE":"002","REPORT_TYPE":"2023年中报","PER_NETCASH_OPERATE":0.001936543622,"PER_OI":0.111917079666,"BPS":1.173360546961,"BASIC_EPS":0.002294075,"DILUTED_EPS":0.002294075,"OPERATE_INCOME":128867369.05,"OPERATE_INCOME_YOY":-16.7846836651,"GROSS_PROFIT":72724012.76,"GROSS_PROFIT_YOY":-9.133483738607,"HOLDER_PROFIT":2601481.05,"HOLDER_PROFIT_YOY":-88.3596797372,"GROSS_PROFIT_RATIO":56.433225335565,"EPS_TTM":0.020695929685,"OPERATE_INCOME_QOQ":0,"NET_PROFIT_RATIO":2.0187275252,"ROE_AVG":0.192374570592,"GROSS_PROFIT_QOQ":0,"ROA":0.177797344893,"HOLDER_PROFIT_QOQ":0,"ROE_YEARLY":0.384749141185,"ROIC_YEARLY":0.593868698459,"TOTAL_ASSETS":1447007994.11,"TOTAL_LIABILITIES":95937298.87,"TAX_EBT":16.494845360825,"OCF_SALES":1.730337878734,"TOTAL_PARENT_EQUITY":1351070695.24,"DEBT_ASSET_RATIO":6.6300462237,"OPERATE_PROFIT":3137376.97,"PRETAX_PROFIT":3115353.85,"NETCASH_OPERATE":2229840.9,"NETCASH_INVEST":146119730.68,"NETCASH_FINANCE":null,"END_CASH":208138671.86,"DIVI_RATIO":null,"DIVIDEND_RATE":null,"CURRENT_RATIO":7.686912356885,"COMMON_ACS":10000000000,"CURRENTDEBT_DEBT":100,"ISSUED_COMMON_SHARES":1151454000,"HK_COMMON_SHARES":1151454000,"PER_SHARES":2000,"TOTAL_MARKET_CAP":293620770,"HKSK_MARKET_CAP":293620770,"PE_TTM":-7.151539810507,"PB_TTM":0.198754602136,"REPORT_DATE_SQ":"2022-06-30 00:00:00","REPORT_TYPE_SQ":"2022年中报","OPERATE_INCOME_SQ":152634198.84,"DPS_HKD":null,"OPERATE_INCOME_QOQ_SQ":0,"NET_PROFIT_RATIO_SQ":14.4316518627,"HOLDER_PROFIT_SQ":22027636.2,"HOLDER_PROFIT_QOQ_SQ":0,"ROE_AVG_SQ":1.757477487619,"PE_TTM_SQ":34.531503682918,"PB_TTM_SQ":0.133731043204,"ROA_SQ":1.565661516901,"START_DATE":"2023-04-01 00:00:00","FISCAL_YEAR":"3-31","CURRENCY":"HKD","IS_CNY_CODE":0,"DPS_HKD_LY":null,"ORG_TYPE":"一般企业","PREMIUM_INCOME":null,"PREMIUM_INCOME_YOY":null,"NET_INTEREST_INCOME":null,"NET_INTEREST_INCOME_YOY":null,"FEE_COMMISSION_INCOME":null,"FEE_COMMISSION_INCOME_YOY":null,"ACCOUNTS_RECE_TDAYS":2.424177038201,"INVENTORY_TDAYS":null,"CURRENT_ASSETS_TDAYS":0.175861729991,"TOTAL_ASSETS_TDAYS":0.088073968713,"PREMIUM_EXPENSE":null,"LOAN_DEPOSIT":null,"LOAN_EQUITY":null,"LOAN_ASSETS":null,"DEPOSIT_EQUITY":null,"DEPOSIT_ASSETS":null,"EQUITY_MULTIPLIER":1.07100834857,"EQUITY_RATIO":0.07100834857},{"SECUCODE":"01260.HK","SECURITY_CODE":"01260","SECURITY_NAME_ABBR":"皓天财经集团","ORG_CODE":"10185266","STD_REPORT_DATE":"2022-12-31 00:00:00","REPORT_DATE":"2023-03-31 00:00:00","DATE_TYPE_CODE":"001","REPORT_TYPE":"2022年年报","PER_NETCASH_OPERATE":0.051357410995,"PER_OI":0.209838419833,"BPS":1.121411177581,"BASIC_EPS":0.020659676,"DILUTED_EPS":0.020659676,"OPERATE_INCOME":241619287.87,"OPERATE_INCOME_YOY":-9.0877050827,"GROSS_PROFIT":118138330.32,"GROSS_PROFIT_YOY":-7.890661904467,"HOLDER_PROFIT":23830411.02,"HOLDER_PROFIT_YOY":121.1149290662,"GROSS_PROFIT_RATIO":48.894412098244,"EPS_TTM":-0.092898938377,"OPERATE_INCOME_QOQ":0,"NET_PROFIT_RATIO":9.862793335,"ROE_AVG":1.89953443194,"GROSS_PROFIT_QOQ":0,"ROA":1.722416470204,"HOLDER_PROFIT_QOQ":0,"ROE_YEARLY":1.89953443194,"ROIC_YEARLY":2.4874642202,"TOTAL_ASSETS":1411272097.07,"TOTAL_LIABILITIES":120018711,"TAX_EBT":15.029497143927,"OCF_SALES":24.474741582641,"TOTAL_PARENT_EQUITY":1291253386.07,"DEBT_ASSET_RATIO":8.5042927759,"OPERATE_PROFIT":18011560.75,"PRETAX_PROFIT":28045510.17,"NETCASH_OPERATE":59135696.32,"NETCASH_INVEST":-103601271.86,"NETCASH_FINANCE":null,"END_CASH":66128471.4,"DIVI_RATIO":null,"DIVIDEND_RATE":null,"CURRENT_RATIO":5.787366885485,"COMMON_ACS":10000000000,"CURRENTDEBT_DEBT":100,"ISSUED_COMMON_SHARES":1151454000,"HK_COMMON_SHARES":1151454000,"PER_SHARES":2000,"TOTAL_MARKET_CAP":276348960,"HKSK_MARKET_CAP":276348960,"PE_TTM":-6.730860998125,"PB_TTM":0.187063154952,"REPORT_DATE_SQ":"2021-12-31 00:00:00","REPORT_TYPE_SQ":"2021年年报","OPERATE_INCOME_SQ":246220202.97,"DPS_HKD":null,"OPERATE_INCOME_QOQ_SQ":0,"NET_PROFIT_RATIO_SQ":-42.4651758746,"HOLDER_PROFIT_SQ":-104557842.23,"HOLDER_PROFIT_QOQ_SQ":0,"ROE_AVG_SQ":-8.496343072399,"PE_TTM_SQ":7.613757989861,"PB_TTM_SQ":0.140769519163,"ROA_SQ":-7.256205580203,"START_DATE":"2022-04-01 00:00:00","FISCAL_YEAR":"3-31","CURRENCY":"HKD","IS_CNY_CODE":0,"DPS_HKD_LY":null,"ORG_TYPE":"一般企业","PREMIUM_INCOME":null,"PREMIUM_INCOME_YOY":null,"NET_INTEREST_INCOME":null,"NET_INTEREST_INCOME_YOY":null,"FEE_COMMISSION_INCOME":null,"FEE_COMMISSION_INCOME_YOY":null,"ACCOUNTS_RECE_TDAYS":4.362953771251,"INVENTORY_TDAYS":null,"CURRENT_ASSETS_TDAYS":0.370563504046,"TOTAL_ASSETS_TDAYS":0.17463779395,"PREMIUM_EXPENSE":null,"LOAN_DEPOSIT":null,"LOAN_EQUITY":null,"LOAN_ASSETS":null,"DEPOSIT_EQUITY":null,"DEPOSIT_ASSETS":null,"EQUITY_MULTIPLIER":1.092947451131,"EQUITY_RATIO":0.092947451131},{"SECUCODE":"01260.HK","SECURITY_CODE":"01260","SECURITY_NAME_ABBR":"皓天财经集团","ORG_CODE":"10185266","STD_REPORT_DATE":"2022-06-30 00:00:00","REPORT_DATE":"2022-09-30 00:00:00","DATE_TYPE_CODE":"002","REPORT_TYPE":"2022年中报","PER_NETCASH_OPERATE":0.026952053421,"PER_OI":0.132557791141,"BPS":1.084300753899,"BASIC_EPS":0.01899324,"DILUTED_EPS":0.01899324,"OPERATE_INCOME":152634198.84,"OPERATE_INCOME_YOY":-10.6730183935,"GROSS_PROFIT":80033895.6,"GROSS_PROFIT_YOY":-4.589959285421,"HOLDER_PROFIT":22027636.2,"HOLDER_PROFIT_YOY":-16.9791382602,"GROSS_PROFIT_RATIO":52.435100526781,"EPS_TTM":-0.090805053637,"OPERATE_INCOME_QOQ":0,"NET_PROFIT_RATIO":14.4316518627,"ROE_AVG":1.757477487619,"GROSS_PROFIT_QOQ":0,"ROA":1.565661516901,"HOLDER_PROFIT_QOQ":0,"ROE_YEARLY":3.514954975238,"ROIC_YEARLY":4.10357936416,"TOTAL_ASSETS":1413064496.16,"TOTAL_LIABILITIES":164542055.88,"TAX_EBT":17.477044014502,"OCF_SALES":20.332304264611,"TOTAL_PARENT_EQUITY":1248522440.28,"DEBT_ASSET_RATIO":11.6443415235,"OPERATE_PROFIT":28496191.08,"PRETAX_PROFIT":26692737.72,"NETCASH_OPERATE":31034049.72,"NETCASH_INVEST":-97782626.16,"NETCASH_FINANCE":null,"END_CASH":43380560.16,"DIVI_RATIO":null,"DIVIDEND_RATE":null,"CURRENT_RATIO":4.190845778801,"COMMON_ACS":10000000000,"CURRENTDEBT_DEBT":100,"ISSUED_COMMON_SHARES":1151454000,"HK_COMMON_SHARES":1151454000,"PER_SHARES":2000,"TOTAL_MARKET_CAP":276348960,"HKSK_MARKET_CAP":276348960,"PE_TTM":-6.730860998125,"PB_TTM":0.187063154952,"REPORT_DATE_SQ":"2021-06-30 00:00:00","REPORT_TYPE_SQ":"2021年中报","OPERATE_INCOME_SQ":157385860.5,"DPS_HKD":null,"OPERATE_INCOME_QOQ_SQ":0,"NET_PROFIT_RATIO_SQ":15.5278549689,"HOLDER_PROFIT_SQ":24438648.16,"HOLDER_PROFIT_QOQ_SQ":0,"ROE_AVG_SQ":1.825503723222,"PE_TTM_SQ":7.613757989861,"PB_TTM_SQ":0.140769519163,"ROA_SQ":1.569540975073,"START_DATE":"2022-04-01 00:00:00","FISCAL_YEAR":"3-31","CURRENCY":"HKD","IS_CNY_CODE":0,"DPS_HKD_LY":null,"ORG_TYPE":"一般企业","PREMIUM_INCOME":null,"PREMIUM_INCOME_YOY":null,"NET_INTEREST_INCOME":null,"NET_INTEREST_INCOME_YOY":null,"FEE_COMMISSION_INCOME":null,"FEE_COMMISSION_INCOME_YOY":null,"ACCOUNTS_RECE_TDAYS":1.949743228333,"INVENTORY_TDAYS":null,"CURRENT_ASSETS_TDAYS":0.231394839443,"TOTAL_ASSETS_TDAYS":0.108488032541,"PREMIUM_EXPENSE":null,"LOAN_DEPOSIT":null,"LOAN_EQUITY":null,"LOAN_ASSETS":null,"DEPOSIT_EQUITY":null,"DEPOSIT_ASSETS":null,"EQUITY_MULTIPLIER":1.131789426102,"EQUITY_RATIO":0.131789426102},{"SECUCODE":"01260.HK","SECURITY_CODE":"01260","SECURITY_NAME_ABBR":"皓天财经集团","ORG_CODE":"10185266","STD_REPORT_DATE":"2021-12-31 00:00:00","REPORT_DATE":"2022-03-31 00:00:00","DATE_TYPE_CODE":"001","REPORT_TYPE":"2021年年报","PER_NETCASH_OPERATE":0.05928533291,"PER_OI":0.213834163562,"BPS":0.97983571249,"BASIC_EPS":-0.09083312,"DILUTED_EPS":-0.09083312,"OPERATE_INCOME":246220202.97,"OPERATE_INCOME_YOY":-18.1946049941,"GROSS_PROFIT":128258798.47,"GROSS_PROFIT_YOY":-10.507027076251,"HOLDER_PROFIT":-104557842.23,"HOLDER_PROFIT_YOY":-208.9622123243,"GROSS_PROFIT_RATIO":52.09109444428,"EPS_TTM":0.065841009037,"OPERATE_INCOME_QOQ":0,"NET_PROFIT_RATIO":-42.4651758746,"ROE_AVG":-8.496343072399,"GROSS_PROFIT_QOQ":0,"ROA":-7.256205580203,"HOLDER_PROFIT_QOQ":0,"ROE_YEARLY":-8.496343072399,"ROIC_YEARLY":-8.419474970571,"TOTAL_ASSETS":1256076878.81,"TOTAL_LIABILITIES":127841128.32,"TAX_EBT":-2.87586080323,"OCF_SALES":27.724911642737,"TOTAL_PARENT_EQUITY":1128235750.49,"DEBT_ASSET_RATIO":10.1778108073,"OPERATE_PROFIT":-102208346.26,"PRETAX_PROFIT":-101634962.19,"NETCASH_OPERATE":68264333.72,"NETCASH_INVEST":38323466.54,"NETCASH_FINANCE":-127056070.64,"END_CASH":102814170.73,"DIVI_RATIO":null,"DIVIDEND_RATE":null,"CURRENT_RATIO":4.416698386114,"COMMON_ACS":10000000000,"CURRENTDEBT_DEBT":100,"ISSUED_COMMON_SHARES":1151454000,"HK_COMMON_SHARES":1151454000,"PER_SHARES":2000,"TOTAL_MARKET_CAP":276348960,"HKSK_MARKET_CAP":276348960,"PE_TTM":-6.730860998125,"PB_TTM":0.187063154952,"REPORT_DATE_SQ":"2020-12-31 00:00:00","REPORT_TYPE_SQ":"2020年年报","OPERATE_INCOME_SQ":313664046.78,"DPS_HKD":null,"OPERATE_INCOME_QOQ_SQ":0,"NET_PROFIT_RATIO_SQ":31.8815157321,"HOLDER_PROFIT_SQ":100000852.42,"HOLDER_PROFIT_QOQ_SQ":0,"ROE_AVG_SQ":7.565095408475,"PE_TTM_SQ":7.613757989861,"PB_TTM_SQ":0.140769519163,"ROA_SQ":6.061427285567,"START_DATE":"2021-04-01 00:00:00","FISCAL_YEAR":"3-31","CURRENCY":"HKD","IS_CNY_CODE":0,"DPS_HKD_LY":null,"ORG_TYPE":"一般企业","PREMIUM_INCOME":null,"PREMIUM_INCOME_YOY":null,"NET_INTEREST_INCOME":null,"NET_INTEREST_INCOME_YOY":null,"FEE_COMMISSION_INCOME":null,"FEE_COMMISSION_INCOME_YOY":null,"ACCOUNTS_RECE_TDAYS":3.710796985864,"INVENTORY_TDAYS":null,"CURRENT_ASSETS_TDAYS":0.511112514047,"TOTAL_ASSETS_TDAYS":0.17087426181,"PREMIUM_EXPENSE":null,"LOAN_DEPOSIT":null,"LOAN_EQUITY":null,"LOAN_ASSETS":null,"DEPOSIT_EQUITY":null,"DEPOSIT_ASSETS":null,"EQUITY_MULTIPLIER":1.113310651842,"EQUITY_RATIO":0.113310651842},{"SECUCODE":"01260.HK","SECURITY_CODE":"01260","SECURITY_NAME_ABBR":"皓天财经集团","ORG_CODE":"10185266","STD_REPORT_DATE":"2021-06-30 00:00:00","REPORT_DATE":"2021-09-30 00:00:00","DATE_TYPE_CODE":"002","REPORT_TYPE":"2021年中报","PER_NETCASH_OPERATE":-0.006747223563,"PER_OI":0.136684453309,"BPS":1.136145340309,"BASIC_EPS":0.0208265,"DILUTED_EPS":0.0208265,"OPERATE_INCOME":157385860.5,"OPERATE_INCOME_YOY":5.317583312,"GROSS_PROFIT":83884143.64,"GROSS_PROFIT_YOY":13.878112260509,"HOLDER_PROFIT":24438648.16,"HOLDER_PROFIT_YOY":-46.9876034551,"GROSS_PROFIT_RATIO":53.298398835517,"EPS_TTM":0.08684745758,"OPERATE_INCOME_QOQ":0,"NET_PROFIT_RATIO":15.5278549689,"ROE_AVG":1.825503723222,"GROSS_PROFIT_QOQ":0,"ROA":1.569540975073,"HOLDER_PROFIT_QOQ":0,"ROE_YEARLY":3.651007446445,"ROIC_YEARLY":3.424924215846,"TOTAL_ASSETS":1444100346.34,"TOTAL_LIABILITIES":135881249.66,"TAX_EBT":23.685648136105,"OCF_SALES":-4.936350403599,"TOTAL_PARENT_EQUITY":1308219096.68,"DEBT_ASSET_RATIO":9.4094049631,"OPERATE_PROFIT":33085810.96,"PRETAX_PROFIT":32023659.46,"NETCASH_OPERATE":-7769117.56,"NETCASH_INVEST":146541918.48,"NETCASH_FINANCE":-130740436.4,"END_CASH":133495365.82,"DIVI_RATIO":null,"DIVIDEND_RATE":null,"CURRENT_RATIO":4.025230158928,"COMMON_ACS":10000000000,"CURRENTDEBT_DEBT":98.29134760991,"ISSUED_COMMON_SHARES":1151454000,"HK_COMMON_SHARES":1151454000,"PER_SHARES":2000,"TOTAL_MARKET_CAP":276348960,"HKSK_MARKET_CAP":276348960,"PE_TTM":-6.730860998125,"PB_TTM":0.187063154952,"REPORT_DATE_SQ":"2020-06-30 00:00:00","REPORT_TYPE_SQ":"2020年中报","OPERATE_INCOME_SQ":157630065.92,"DPS_HKD":null,"OPERATE_INCOME_QOQ_SQ":0,"NET_PROFIT_RATIO_SQ":30.8485612032,"HOLDER_PROFIT_SQ":48626607.36,"HOLDER_PROFIT_QOQ_SQ":0,"ROE_AVG_SQ":3.582039700325,"PE_TTM_SQ":7.613757989861,"PB_TTM_SQ":0.140769519163,"ROA_SQ":2.842487425622,"START_DATE":"2021-04-01 00:00:00","FISCAL_YEAR":"3-31","CURRENCY":"HKD","IS_CNY_CODE":0,"DPS_HKD_LY":null,"ORG_TYPE":"一般企业","PREMIUM_INCOME":null,"PREMIUM_INCOME_YOY":null,"NET_INTEREST_INCOME":null,"NET_INTEREST_INCOME_YOY":null,"FEE_COMMISSION_INCOME":null,"FEE_COMMISSION_INCOME_YOY":null,"ACCOUNTS_RECE_TDAYS":1.821991195035,"INVENTORY_TDAYS":null,"CURRENT_ASSETS_TDAYS":0.332288875424,"TOTAL_ASSETS_TDAYS":0.10107905942,"PREMIUM_EXPENSE":null,"LOAN_DEPOSIT":null,"LOAN_EQUITY":null,"LOAN_ASSETS":null,"DEPOSIT_EQUITY":null,"DEPOSIT_ASSETS":null,"EQUITY_MULTIPLIER":1.103867349136,"EQUITY_RATIO":0.103867349135},{"SECUCODE":"01260.HK","SECURITY_CODE":"01260","SECURITY_NAME_ABBR":"皓天财经集团","ORG_CODE":"10185266","STD_REPORT_DATE":"2020-12-31 00:00:00","REPORT_DATE":"2021-03-31 00:00:00","DATE_TYPE_CODE":"001","REPORT_TYPE":"2020年年报","PER_NETCASH_OPERATE":0.07332550537,"PER_OI":0.272406927919,"BPS":1.206449245927,"BASIC_EPS":0.08705354,"DILUTED_EPS":0.08705354,"OPERATE_INCOME":313664046.78,"OPERATE_INCOME_YOY":-17.6189197168,"GROSS_PROFIT":143317172.6,"GROSS_PROFIT_YOY":-26.786356535122,"HOLDER_PROFIT":100000852.42,"HOLDER_PROFIT_YOY":56.3535692576,"GROSS_PROFIT_RATIO":45.691297447463,"EPS_TTM":0.025907402502,"OPERATE_INCOME_QOQ":0,"NET_PROFIT_RATIO":31.8815157321,"ROE_AVG":7.565095408475,"GROSS_PROFIT_QOQ":0,"ROA":6.061427285567,"HOLDER_PROFIT_QOQ":0,"ROE_YEARLY":7.565095408475,"ROIC_YEARLY":6.493389249102,"TOTAL_ASSETS":1694310371.32,"TOTAL_LIABILITIES":305139561.3,"TAX_EBT":12.517005796759,"OCF_SALES":26.917636027064,"TOTAL_PARENT_EQUITY":1389170810.02,"DEBT_ASSET_RATIO":18.0096614213,"OPERATE_PROFIT":115216627.96,"PRETAX_PROFIT":114308904.64,"NETCASH_OPERATE":84430946.46,"NETCASH_INVEST":19346170.2,"NETCASH_FINANCE":-70322356.72,"END_CASH":128245922.84,"DIVI_RATIO":null,"DIVIDEND_RATE":null,"CURRENT_RATIO":1.372713874188,"COMMON_ACS":10000000000,"CURRENTDEBT_DEBT":99.228052681873,"ISSUED_COMMON_SHARES":1151454000,"HK_COMMON_SHARES":1151454000,"PER_SHARES":2000,"TOTAL_MARKET_CAP":276348960,"HKSK_MARKET_CAP":276348960,"PE_TTM":-6.730860998125,"PB_TTM":0.187063154952,"REPORT_DATE_SQ":"2019-12-31 00:00:00","REPORT_TYPE_SQ":"2019年年报","OPERATE_INCOME_SQ":411615454.1,"DPS_HKD":null,"OPERATE_INCOME_QOQ_SQ":0,"NET_PROFIT_RATIO_SQ":16.798041257,"HOLDER_PROFIT_SQ":69143333.8,"HOLDER_PROFIT_QOQ_SQ":0,"ROE_AVG_SQ":5.074682815559,"PE_TTM_SQ":7.613757989861,"PB_TTM_SQ":0.140769519163,"ROA_SQ":3.949650489805,"START_DATE":"2020-04-01 00:00:00","FISCAL_YEAR":"3-31","CURRENCY":"HKD","IS_CNY_CODE":0,"DPS_HKD_LY":null,"ORG_TYPE":"一般企业","PREMIUM_INCOME":null,"PREMIUM_INCOME_YOY":null,"NET_INTEREST_INCOME":null,"NET_INTEREST_INCOME_YOY":null,"FEE_COMMISSION_INCOME":null,"FEE_COMMISSION_INCOME_YOY":null,"ACCOUNTS_RECE_TDAYS":4.213979947541,"INVENTORY_TDAYS":null,"CURRENT_ASSETS_TDAYS":0.638762478485,"TOTAL_ASSETS_TDAYS":0.190123560514,"PREMIUM_EXPENSE":null,"LOAN_DEPOSIT":null,"LOAN_EQUITY":null,"LOAN_ASSETS":null,"DEPOSIT_EQUITY":null,"DEPOSIT_ASSETS":null,"EQUITY_MULTIPLIER":1.219655897676,"EQUITY_RATIO":0.219655897676},{"SECUCODE":"01260.HK","SECURITY_CODE":"01260","SECURITY_NAME_ABBR":"皓天财经集团","ORG_CODE":"10185266","STD_REPORT_DATE":"2020-06-30 00:00:00","REPORT_DATE":"2020-09-30 00:00:00","DATE_TYPE_CODE":"002","REPORT_TYPE":"2020年中报","PER_NETCASH_OPERATE":0.141700500689,"PER_OI":0.136896537699,"BPS":1.225115875545,"BASIC_EPS":0.04217856,"DILUTED_EPS":0.04217856,"OPERATE_INCOME":157630065.92,"OPERATE_INCOME_YOY":-39.8084053351,"GROSS_PROFIT":73661340.16,"GROSS_PROFIT_YOY":-39.231646702198,"HOLDER_PROFIT":48626607.36,"HOLDER_PROFIT_YOY":-43.2384195626,"GROSS_PROFIT_RATIO":46.730514086941,"EPS_TTM":0.060048715624,"OPERATE_INCOME_QOQ":0,"NET_PROFIT_RATIO":30.8485612032,"ROE_AVG":3.582039700325,"GROSS_PROFIT_QOQ":0,"ROA":2.842487425622,"HOLDER_PROFIT_QOQ":0,"ROE_YEARLY":7.16407940065,"ROIC_YEARLY":6.133263656467,"TOTAL_ASSETS":1752438325.76,"TOTAL_LIABILITIES":341773750.4,"TAX_EBT":16.419217931097,"OCF_SALES":103.50919246764,"TOTAL_PARENT_EQUITY":1410664575.36,"DEBT_ASSET_RATIO":19.5027548403,"OPERATE_PROFIT":60956806.4,"PRETAX_PROFIT":58179172.48,"NETCASH_OPERATE":163161608.32,"NETCASH_INVEST":-35658457.6,"NETCASH_FINANCE":-67133329.28,"END_CASH":155201283.84,"DIVI_RATIO":null,"DIVIDEND_RATE":null,"CURRENT_RATIO":1.582298999992,"COMMON_ACS":10000000000,"CURRENTDEBT_DEBT":98.496445512862,"ISSUED_COMMON_SHARES":1151454000,"HK_COMMON_SHARES":1151454000,"PER_SHARES":2000,"TOTAL_MARKET_CAP":276348960,"HKSK_MARKET_CAP":276348960,"PE_TTM":-6.730860998125,"PB_TTM":0.187063154952,"REPORT_DATE_SQ":"2019-06-30 00:00:00","REPORT_TYPE_SQ":"2019年中报","OPERATE_INCOME_SQ":268821530.25,"DPS_HKD":null,"OPERATE_INCOME_QOQ_SQ":0,"NET_PROFIT_RATIO_SQ":32.7126918883,"HOLDER_PROFIT_SQ":87938758.92,"HOLDER_PROFIT_QOQ_SQ":0,"ROE_AVG_SQ":6.41741361617,"PE_TTM_SQ":7.613757989861,"PB_TTM_SQ":0.140769519163,"ROA_SQ":4.903010494309,"START_DATE":"2020-04-01 00:00:00","FISCAL_YEAR":"3-31","CURRENCY":"HKD","IS_CNY_CODE":0,"DPS_HKD_LY":null,"ORG_TYPE":"一般企业","PREMIUM_INCOME":null,"PREMIUM_INCOME_YOY":null,"NET_INTEREST_INCOME":null,"NET_INTEREST_INCOME_YOY":null,"FEE_COMMISSION_INCOME":null,"FEE_COMMISSION_INCOME_YOY":null,"ACCOUNTS_RECE_TDAYS":2.217598773674,"INVENTORY_TDAYS":null,"CURRENT_ASSETS_TDAYS":0.281080725351,"TOTAL_ASSETS_TDAYS":0.092143273941,"PREMIUM_EXPENSE":null,"LOAN_DEPOSIT":null,"LOAN_EQUITY":null,"LOAN_ASSETS":null,"DEPOSIT_EQUITY":null,"DEPOSIT_ASSETS":null,"EQUITY_MULTIPLIER":1.242278537627,"EQUITY_RATIO":0.242278537627}],"count":31},"success":true,"message":"ok","code":0}