{"version":"b706dbbe469943d8dc87be9ab3856c62","result":{"pages":7,"data":[{"SECUCODE":"01265.HK","SECURITY_CODE":"01265","SECURITY_NAME_ABBR":"天津津燃公用","ORG_CODE":"10010819","STD_REPORT_DATE":"2024-06-30 00:00:00","REPORT_DATE":"2024-06-30 00:00:00","DATE_TYPE_CODE":"002","REPORT_TYPE":"2024年中报","PER_NETCASH_OPERATE":-0.233406039103,"PER_OI":0.474868327177,"BPS":0.76606706978,"BASIC_EPS":-0.012,"DILUTED_EPS":-0.012,"OPERATE_INCOME":873429018.15,"OPERATE_INCOME_YOY":-4.4214822951,"GROSS_PROFIT":-25287404.9,"GROSS_PROFIT_YOY":35.787712821076,"HOLDER_PROFIT":-22131747.39,"HOLDER_PROFIT_YOY":14.4312593972,"GROSS_PROFIT_RATIO":-2.895187173144,"EPS_TTM":-0.082335419292,"OPERATE_INCOME_QOQ":-2.269272142307,"NET_PROFIT_RATIO":-2.5353865901,"ROE_AVG":-1.558735021233,"GROSS_PROFIT_QOQ":19.696573886444,"ROA":-1.085350253808,"HOLDER_PROFIT_QOQ":2.405411704059,"ROE_YEARLY":-3.117470042466,"ROIC_YEARLY":-3.008015139401,"TOTAL_ASSETS":1900869710.91,"TOTAL_LIABILITIES":492789095.11,"TAX_EBT":23.855239014412,"OCF_SALES":-49.151738649502,"TOTAL_PARENT_EQUITY":1409033136.77,"DEBT_ASSET_RATIO":25.9244014612,"OPERATE_PROFIT":-38009309.73,"PRETAX_PROFIT":-29082502.74,"NETCASH_OPERATE":-429305548.29,"NETCASH_INVEST":-12784108.61,"NETCASH_FINANCE":null,"END_CASH":347382949.35,"DIVI_RATIO":null,"DIVIDEND_RATE":null,"CURRENT_RATIO":2.067756120345,"COMMON_ACS":null,"CURRENTDEBT_DEBT":80.587976631535,"ISSUED_COMMON_SHARES":1839307800,"HK_COMMON_SHARES":500060000,"PER_SHARES":10000,"TOTAL_MARKET_CAP":340271943,"HKSK_MARKET_CAP":92511100,"PE_TTM":-2.032360724534,"PB_TTM":0.220406027958,"REPORT_DATE_SQ":"2023-06-30 00:00:00","REPORT_TYPE_SQ":"2023年中报","OPERATE_INCOME_SQ":913834027.9,"DPS_HKD":null,"OPERATE_INCOME_QOQ_SQ":0.114433311723,"NET_PROFIT_RATIO_SQ":-2.8317683496,"HOLDER_PROFIT_SQ":-25864290.2,"HOLDER_PROFIT_QOQ_SQ":-40.438035836308,"ROE_AVG_SQ":-1.644038337678,"PE_TTM_SQ":-3.656616228458,"PB_TTM_SQ":0.230449936083,"ROA_SQ":-1.135382296338,"START_DATE":"2024-01-01 00:00:00","FISCAL_YEAR":"12-31","CURRENCY":"HKD","IS_CNY_CODE":0,"DPS_HKD_LY":null,"ORG_TYPE":"一般企业","PREMIUM_INCOME":null,"PREMIUM_INCOME_YOY":null,"NET_INTEREST_INCOME":null,"NET_INTEREST_INCOME_YOY":null,"FEE_COMMISSION_INCOME":null,"FEE_COMMISSION_INCOME_YOY":null,"ACCOUNTS_RECE_TDAYS":2.766493708039,"INVENTORY_TDAYS":538.734278093659,"CURRENT_ASSETS_TDAYS":0.917966145348,"TOTAL_ASSETS_TDAYS":0.428333285135,"PREMIUM_EXPENSE":null,"LOAN_DEPOSIT":null,"LOAN_EQUITY":null,"LOAN_ASSETS":null,"DEPOSIT_EQUITY":null,"DEPOSIT_ASSETS":null,"EQUITY_MULTIPLIER":1.349972217202,"EQUITY_RATIO":0.349735632364},{"SECUCODE":"01265.HK","SECURITY_CODE":"01265","SECURITY_NAME_ABBR":"天津津燃公用","ORG_CODE":"10010819","STD_REPORT_DATE":"2023-12-31 00:00:00","REPORT_DATE":"2023-12-31 00:00:00","DATE_TYPE_CODE":"001","REPORT_TYPE":"2023年年报","PER_NETCASH_OPERATE":-0.034054229319,"PER_OI":0.968042047535,"BPS":0.777832316364,"BASIC_EPS":-0.084,"DILUTED_EPS":-0.084,"OPERATE_INCOME":1780527288.76,"OPERATE_INCOME_YOY":0.0094733447,"GROSS_PROFIT":-71553252.11,"GROSS_PROFIT_YOY":27.808082841271,"HOLDER_PROFIT":-155172721.73,"HOLDER_PROFIT_YOY":-127.0424313028,"GROSS_PROFIT_RATIO":-4.018655179378,"EPS_TTM":-0.084364738588,"OPERATE_INCOME_QOQ":-0.104839995136,"NET_PROFIT_RATIO":-8.7162375325,"ROE_AVG":-10.286322438829,"GROSS_PROFIT_QOQ":44.827536973637,"ROA":-6.630315302998,"HOLDER_PROFIT_QOQ":-61.66733602528,"ROE_YEARLY":-10.286322438829,"ROIC_YEARLY":-10.982966586116,"TOTAL_ASSETS":2177398537.03,"TOTAL_LIABILITIES":747664956.61,"TAX_EBT":6.204101024304,"OCF_SALES":-3.517846090055,"TOTAL_PARENT_EQUITY":1430673046.58,"DEBT_ASSET_RATIO":34.337533708,"OPERATE_PROFIT":-190058033.95,"PRETAX_PROFIT":-165460312.78,"NETCASH_OPERATE":-62636209.61,"NETCASH_INVEST":-111944519.05,"NETCASH_FINANCE":null,"END_CASH":789472606.25,"DIVI_RATIO":null,"DIVIDEND_RATE":null,"CURRENT_RATIO":1.663936313217,"COMMON_ACS":null,"CURRENTDEBT_DEBT":86.956757905016,"ISSUED_COMMON_SHARES":1839307800,"HK_COMMON_SHARES":500060000,"PER_SHARES":10000,"TOTAL_MARKET_CAP":340271943,"HKSK_MARKET_CAP":92511100,"PE_TTM":-2.032360724534,"PB_TTM":0.220406027958,"REPORT_DATE_SQ":"2022-12-31 00:00:00","REPORT_TYPE_SQ":"2022年年报","OPERATE_INCOME_SQ":1780358629.25,"DPS_HKD":null,"OPERATE_INCOME_QOQ_SQ":4.335190748323,"NET_PROFIT_RATIO_SQ":-3.843724905,"HOLDER_PROFIT_SQ":-68345251.96,"HOLDER_PROFIT_QOQ_SQ":-798.759451917456,"ROE_AVG_SQ":-4.217691114274,"PE_TTM_SQ":-5.088215978279,"PB_TTM_SQ":0.320673260115,"ROA_SQ":-2.819128259991,"START_DATE":"2023-01-01 00:00:00","FISCAL_YEAR":"12-31","CURRENCY":"HKD","IS_CNY_CODE":0,"DPS_HKD_LY":null,"ORG_TYPE":"一般企业","PREMIUM_INCOME":null,"PREMIUM_INCOME_YOY":null,"NET_INTEREST_INCOME":null,"NET_INTEREST_INCOME_YOY":null,"FEE_COMMISSION_INCOME":null,"FEE_COMMISSION_INCOME_YOY":null,"ACCOUNTS_RECE_TDAYS":5.447609703462,"INVENTORY_TDAYS":586.780613261219,"CURRENT_ASSETS_TDAYS":1.390604486713,"TOTAL_ASSETS_TDAYS":0.760794629266,"PREMIUM_EXPENSE":null,"LOAN_DEPOSIT":null,"LOAN_EQUITY":null,"LOAN_ASSETS":null,"DEPOSIT_EQUITY":null,"DEPOSIT_ASSETS":null,"EQUITY_MULTIPLIER":1.522940054601,"EQUITY_RATIO":0.52259666064},{"SECUCODE":"01265.HK","SECURITY_CODE":"01265","SECURITY_NAME_ABBR":"天津津燃公用","ORG_CODE":"10010819","STD_REPORT_DATE":"2023-06-30 00:00:00","REPORT_DATE":"2023-06-30 00:00:00","DATE_TYPE_CODE":"002","REPORT_TYPE":"2023年中报","PER_NETCASH_OPERATE":-0.225626808052,"PER_OI":0.496835835688,"BPS":0.848165824312,"BASIC_EPS":-0.014,"DILUTED_EPS":-0.014,"OPERATE_INCOME":913834027.9,"OPERATE_INCOME_YOY":0.2234405246,"GROSS_PROFIT":-39380944.07,"GROSS_PROFIT_YOY":-347.200041937228,"HOLDER_PROFIT":-25864290.2,"HOLDER_PROFIT_YOY":-1558.6327395716,"GROSS_PROFIT_RATIO":-4.309419748846,"EPS_TTM":-0.052184158323,"OPERATE_INCOME_QOQ":0.114433311723,"NET_PROFIT_RATIO":-2.8317683496,"ROE_AVG":-1.644038337678,"GROSS_PROFIT_QOQ":-30.847733087852,"ROA":-1.135382296338,"HOLDER_PROFIT_QOQ":-40.438035836308,"ROE_YEARLY":-3.288076675357,"ROIC_YEARLY":-3.610004736623,"TOTAL_ASSETS":2052743973.28,"TOTAL_LIABILITIES":493636529.57,"TAX_EBT":26.200180583479,"OCF_SALES":-45.412748406149,"TOTAL_PARENT_EQUITY":1560038016.35,"DEBT_ASSET_RATIO":24.0476423751,"OPERATE_PROFIT":-47705208.26,"PRETAX_PROFIT":-35064669.5,"NETCASH_OPERATE":-414997147.94,"NETCASH_INVEST":75605313.98,"NETCASH_FINANCE":null,"END_CASH":624661500.95,"DIVI_RATIO":null,"DIVIDEND_RATE":null,"CURRENT_RATIO":2.570387759443,"COMMON_ACS":null,"CURRENTDEBT_DEBT":81.77825489164,"ISSUED_COMMON_SHARES":1839307800,"HK_COMMON_SHARES":500060000,"PER_SHARES":10000,"TOTAL_MARKET_CAP":340271943,"HKSK_MARKET_CAP":92511100,"PE_TTM":-2.032360724534,"PB_TTM":0.220406027958,"REPORT_DATE_SQ":"2022-06-30 00:00:00","REPORT_TYPE_SQ":"2022年中报","OPERATE_INCOME_SQ":911796704.56,"DPS_HKD":null,"OPERATE_INCOME_QOQ_SQ":8.014715466972,"NET_PROFIT_RATIO_SQ":0.1885122211,"HOLDER_PROFIT_SQ":1773187.28,"HOLDER_PROFIT_QOQ_SQ":711.811227865665,"ROE_AVG_SQ":0.107035254201,"PE_TTM_SQ":-5.088215978279,"PB_TTM_SQ":0.320673260115,"ROA_SQ":0.078164434857,"START_DATE":"2023-01-01 00:00:00","FISCAL_YEAR":"12-31","CURRENCY":"HKD","IS_CNY_CODE":0,"DPS_HKD_LY":null,"ORG_TYPE":"一般企业","PREMIUM_INCOME":null,"PREMIUM_INCOME_YOY":null,"NET_INTEREST_INCOME":null,"NET_INTEREST_INCOME_YOY":null,"FEE_COMMISSION_INCOME":null,"FEE_COMMISSION_INCOME_YOY":null,"ACCOUNTS_RECE_TDAYS":2.437221413227,"INVENTORY_TDAYS":214.050140087239,"CURRENT_ASSETS_TDAYS":0.726236615676,"TOTAL_ASSETS_TDAYS":0.40115192377,"PREMIUM_EXPENSE":null,"LOAN_DEPOSIT":null,"LOAN_EQUITY":null,"LOAN_ASSETS":null,"DEPOSIT_EQUITY":null,"DEPOSIT_ASSETS":null,"EQUITY_MULTIPLIER":1.316614824439,"EQUITY_RATIO":0.316425961673},{"SECUCODE":"01265.HK","SECURITY_CODE":"01265","SECURITY_NAME_ABBR":"天津津燃公用","ORG_CODE":"10010819","STD_REPORT_DATE":"2022-12-31 00:00:00","REPORT_DATE":"2022-12-31 00:00:00","DATE_TYPE_CODE":"001","REPORT_TYPE":"2022年年报","PER_NETCASH_OPERATE":0.016759347495,"PER_OI":0.967950350262,"BPS":0.862496170124,"BASIC_EPS":-0.037,"DILUTED_EPS":-0.037,"OPERATE_INCOME":1780358629.25,"OPERATE_INCOME_YOY":12.6973594187,"GROSS_PROFIT":-99115323.33,"GROSS_PROFIT_YOY":-967.0511208279,"HOLDER_PROFIT":-68345251.96,"HOLDER_PROFIT_YOY":-4873.9360467598,"GROSS_PROFIT_RATIO":-5.567154937303,"EPS_TTM":-0.037158137404,"OPERATE_INCOME_QOQ":4.335190748323,"NET_PROFIT_RATIO":-3.843724905,"ROE_AVG":-4.217691114274,"GROSS_PROFIT_QOQ":-1363.12224387616,"ROA":-2.819128259991,"HOLDER_PROFIT_QOQ":-798.759451917456,"ROE_YEARLY":-4.217691114274,"ROIC_YEARLY":-5.192968395035,"TOTAL_ASSETS":2503305611.68,"TOTAL_LIABILITIES":917826878.57,"TAX_EBT":26.330799046967,"OCF_SALES":1.731426357789,"TOTAL_PARENT_EQUITY":1586395933.18,"DEBT_ASSET_RATIO":36.6645955766,"OPERATE_PROFIT":-125505806.29,"PRETAX_PROFIT":-92891041.5,"NETCASH_OPERATE":30825598.57,"NETCASH_INVEST":-3361997.6,"NETCASH_FINANCE":null,"END_CASH":964053334.91,"DIVI_RATIO":null,"DIVIDEND_RATE":null,"CURRENT_RATIO":1.791834280109,"COMMON_ACS":null,"CURRENTDEBT_DEBT":89.93077968865,"ISSUED_COMMON_SHARES":1839307800,"HK_COMMON_SHARES":500060000,"PER_SHARES":10000,"TOTAL_MARKET_CAP":340271943,"HKSK_MARKET_CAP":92511100,"PE_TTM":-2.032360724534,"PB_TTM":0.220406027958,"REPORT_DATE_SQ":"2021-12-31 00:00:00","REPORT_TYPE_SQ":"2021年年报","OPERATE_INCOME_SQ":1579769604.57,"DPS_HKD":null,"OPERATE_INCOME_QOQ_SQ":8.700029197865,"NET_PROFIT_RATIO_SQ":0.076266154,"HOLDER_PROFIT_SQ":1431633.17,"HOLDER_PROFIT_QOQ_SQ":105.468727281216,"ROE_AVG_SQ":0.070791836974,"PE_TTM_SQ":-5.088215978279,"PB_TTM_SQ":0.320673260115,"ROA_SQ":0.050161741364,"START_DATE":"2022-01-01 00:00:00","FISCAL_YEAR":"12-31","CURRENCY":"HKD","IS_CNY_CODE":0,"DPS_HKD_LY":null,"ORG_TYPE":"一般企业","PREMIUM_INCOME":null,"PREMIUM_INCOME_YOY":null,"NET_INTEREST_INCOME":null,"NET_INTEREST_INCOME_YOY":null,"FEE_COMMISSION_INCOME":null,"FEE_COMMISSION_INCOME_YOY":null,"ACCOUNTS_RECE_TDAYS":6.22410350145,"INVENTORY_TDAYS":420.495801239219,"CURRENT_ASSETS_TDAYS":1.24142791335,"TOTAL_ASSETS_TDAYS":0.734368398784,"PREMIUM_EXPENSE":null,"LOAN_DEPOSIT":null,"LOAN_EQUITY":null,"LOAN_ASSETS":null,"DEPOSIT_EQUITY":null,"DEPOSIT_ASSETS":null,"EQUITY_MULTIPLIER":1.578895736285,"EQUITY_RATIO":0.578561038498},{"SECUCODE":"01265.HK","SECURITY_CODE":"01265","SECURITY_NAME_ABBR":"天津津燃公用","ORG_CODE":"10010819","STD_REPORT_DATE":"2022-06-30 00:00:00","REPORT_DATE":"2022-06-30 00:00:00","DATE_TYPE_CODE":"002","REPORT_TYPE":"2022年中报","PER_NETCASH_OPERATE":-0.16117339859,"PER_OI":0.495728178046,"BPS":0.90185469606,"BASIC_EPS":0.001,"DILUTED_EPS":0.001,"OPERATE_INCOME":911796704.56,"OPERATE_INCOME_YOY":16.1254246136,"GROSS_PROFIT":-8806113.68,"GROSS_PROFIT_YOY":-68.646110891346,"HOLDER_PROFIT":1773187.28,"HOLDER_PROFIT_YOY":126.0650735546,"GROSS_PROFIT_RATIO":-0.965797927977,"EPS_TTM":0.005317729485,"OPERATE_INCOME_QOQ":8.014715466972,"NET_PROFIT_RATIO":0.1885122211,"ROE_AVG":0.107035254201,"GROSS_PROFIT_QOQ":-31.356515568345,"ROA":0.078164434857,"HOLDER_PROFIT_QOQ":711.811227865665,"ROE_YEARLY":0.214070508401,"ROIC_YEARLY":0.278216075701,"TOTAL_ASSETS":2191695038.24,"TOTAL_LIABILITIES":533791364.37,"TAX_EBT":-53.08230018816,"OCF_SALES":-32.512454552362,"TOTAL_PARENT_EQUITY":1658788376.93,"DEBT_ASSET_RATIO":24.3551842321,"OPERATE_PROFIT":-16221149.1,"PRETAX_PROFIT":1122826.23,"NETCASH_OPERATE":-296447489.18,"NETCASH_INVEST":-15208623.91,"NETCASH_FINANCE":null,"END_CASH":624933620.85,"DIVI_RATIO":null,"DIVIDEND_RATE":null,"CURRENT_RATIO":2.822071063876,"COMMON_ACS":null,"CURRENTDEBT_DEBT":80.149304795318,"ISSUED_COMMON_SHARES":1839307800,"HK_COMMON_SHARES":500060000,"PER_SHARES":10000,"TOTAL_MARKET_CAP":340271943,"HKSK_MARKET_CAP":92511100,"PE_TTM":-2.032360724534,"PB_TTM":0.220406027958,"REPORT_DATE_SQ":"2021-06-30 00:00:00","REPORT_TYPE_SQ":"2021年中报","OPERATE_INCOME_SQ":785182665.72,"DPS_HKD":null,"OPERATE_INCOME_QOQ_SQ":8.083504790167,"NET_PROFIT_RATIO_SQ":-0.892175432,"HOLDER_PROFIT_SQ":-6802924.52,"HOLDER_PROFIT_QOQ_SQ":-63.009242123592,"ROE_AVG_SQ":-0.399232193836,"PE_TTM_SQ":-5.088215978279,"PB_TTM_SQ":0.320673260115,"ROA_SQ":-0.287148396734,"START_DATE":"2022-01-01 00:00:00","FISCAL_YEAR":"12-31","CURRENCY":"HKD","IS_CNY_CODE":0,"DPS_HKD_LY":null,"ORG_TYPE":"一般企业","PREMIUM_INCOME":null,"PREMIUM_INCOME_YOY":null,"NET_INTEREST_INCOME":null,"NET_INTEREST_INCOME_YOY":null,"FEE_COMMISSION_INCOME":null,"FEE_COMMISSION_INCOME_YOY":null,"ACCOUNTS_RECE_TDAYS":3.5219857042,"INVENTORY_TDAYS":191.166679361063,"CURRENT_ASSETS_TDAYS":0.702296627371,"TOTAL_ASSETS_TDAYS":0.401932017676,"PREMIUM_EXPENSE":null,"LOAN_DEPOSIT":null,"LOAN_EQUITY":null,"LOAN_ASSETS":null,"DEPOSIT_EQUITY":null,"DEPOSIT_ASSETS":null,"EQUITY_MULTIPLIER":1.321967658786,"EQUITY_RATIO":0.321795939611},{"SECUCODE":"01265.HK","SECURITY_CODE":"01265","SECURITY_NAME_ABBR":"天津津燃公用","ORG_CODE":"10010819","STD_REPORT_DATE":"2021-12-31 00:00:00","REPORT_DATE":"2021-12-31 00:00:00","DATE_TYPE_CODE":"001","REPORT_TYPE":"2021年年报","PER_NETCASH_OPERATE":0.041137533582,"PER_OI":0.858893549285,"BPS":0.899517045016,"BASIC_EPS":0.001,"DILUTED_EPS":0.001,"OPERATE_INCOME":1579769604.57,"OPERATE_INCOME_YOY":17.486801265,"GROSS_PROFIT":11431312.52,"GROSS_PROFIT_YOY":160.169751635578,"HOLDER_PROFIT":1431633.17,"HOLDER_PROFIT_YOY":108.8321815475,"GROSS_PROFIT_RATIO":0.723606308599,"EPS_TTM":0.000655045077,"OPERATE_INCOME_QOQ":8.700029197865,"NET_PROFIT_RATIO":0.076266154,"ROE_AVG":0.070791836974,"GROSS_PROFIT_QOQ":144.596389973371,"ROA":0.050161741364,"HOLDER_PROFIT_QOQ":105.468727281216,"ROE_YEARLY":0.070791836974,"ROIC_YEARLY":0.100295048927,"TOTAL_ASSETS":2345374239.46,"TOTAL_LIABILITIES":691715886.33,"TAX_EBT":60.200371289594,"OCF_SALES":4.789596291201,"TOTAL_PARENT_EQUITY":1654488717.13,"DEBT_ASSET_RATIO":29.4927723982,"OPERATE_PROFIT":-26961485.83,"PRETAX_PROFIT":3027238.09,"NETCASH_OPERATE":75664586.39,"NETCASH_INVEST":453545188.31,"NETCASH_FINANCE":-92006494.51,"END_CASH":936589733.94,"DIVI_RATIO":null,"DIVIDEND_RATE":null,"CURRENT_RATIO":2.353660784827,"COMMON_ACS":null,"CURRENTDEBT_DEBT":85.33122109305,"ISSUED_COMMON_SHARES":1839307800,"HK_COMMON_SHARES":500060000,"PER_SHARES":10000,"TOTAL_MARKET_CAP":340271943,"HKSK_MARKET_CAP":92511100,"PE_TTM":-2.032360724534,"PB_TTM":0.220406027958,"REPORT_DATE_SQ":"2020-12-31 00:00:00","REPORT_TYPE_SQ":"2020年年报","OPERATE_INCOME_SQ":1344635812.33,"DPS_HKD":null,"OPERATE_INCOME_QOQ_SQ":-3.874326334421,"NET_PROFIT_RATIO_SQ":-1.0145020722,"HOLDER_PROFIT_SQ":-13641358.18,"HOLDER_PROFIT_QOQ_SQ":-429.659426576232,"ROE_AVG_SQ":-0.769637378918,"PE_TTM_SQ":-5.088215978279,"PB_TTM_SQ":0.320673260115,"ROA_SQ":-0.540982776919,"START_DATE":"2021-01-01 00:00:00","FISCAL_YEAR":"12-31","CURRENCY":"HKD","IS_CNY_CODE":0,"DPS_HKD_LY":0.0601,"ORG_TYPE":"一般企业","PREMIUM_INCOME":null,"PREMIUM_INCOME_YOY":null,"NET_INTEREST_INCOME":null,"NET_INTEREST_INCOME_YOY":null,"FEE_COMMISSION_INCOME":null,"FEE_COMMISSION_INCOME_YOY":null,"ACCOUNTS_RECE_TDAYS":8.855507371747,"INVENTORY_TDAYS":295.254741860722,"CURRENT_ASSETS_TDAYS":1.093440513397,"TOTAL_ASSETS_TDAYS":0.65771956118,"PREMIUM_EXPENSE":null,"LOAN_DEPOSIT":null,"LOAN_EQUITY":null,"LOAN_ASSETS":null,"DEPOSIT_EQUITY":null,"DEPOSIT_ASSETS":null,"EQUITY_MULTIPLIER":1.41829431395,"EQUITY_RATIO":0.418084378073},{"SECUCODE":"01265.HK","SECURITY_CODE":"01265","SECURITY_NAME_ABBR":"天津津燃公用","ORG_CODE":"10010819","STD_REPORT_DATE":"2021-06-30 00:00:00","REPORT_DATE":"2021-06-30 00:00:00","DATE_TYPE_CODE":"002","REPORT_TYPE":"2021年中报","PER_NETCASH_OPERATE":-0.046097208243,"PER_OI":0.426890303907,"BPS":0.90176696772,"BASIC_EPS":-0.004,"DILUTED_EPS":-0.004,"OPERATE_INCOME":785182665.72,"OPERATE_INCOME_YOY":16.0673279028,"GROSS_PROFIT":-5221652.39,"GROSS_PROFIT_YOY":-469.614142590858,"HOLDER_PROFIT":-6802924.52,"HOLDER_PROFIT_YOY":-497.1371250315,"GROSS_PROFIT_RATIO":-0.665023900548,"EPS_TTM":-0.011978016888,"OPERATE_INCOME_QOQ":8.083504790167,"NET_PROFIT_RATIO":-0.892175432,"ROE_AVG":-0.399232193836,"GROSS_PROFIT_QOQ":-34.920677820571,"ROA":-0.287148396734,"HOLDER_PROFIT_QOQ":-63.009242123592,"ROE_YEARLY":-0.798464387672,"ROIC_YEARLY":-1.151912463793,"TOTAL_ASSETS":2279859529.77,"TOTAL_LIABILITIES":626271728.33,"TAX_EBT":-8.059860964277,"OCF_SALES":-10.798373217047,"TOTAL_PARENT_EQUITY":1658627017.51,"DEBT_ASSET_RATIO":27.4697506646,"OPERATE_PROFIT":-20960346.85,"PRETAX_PROFIT":-6482709.47,"NETCASH_OPERATE":-84786954.68,"NETCASH_INVEST":-152448638.47,"NETCASH_FINANCE":null,"END_CASH":262150860.6,"DIVI_RATIO":null,"DIVIDEND_RATE":null,"CURRENT_RATIO":2.555927637393,"COMMON_ACS":null,"CURRENTDEBT_DEBT":83.808776479438,"ISSUED_COMMON_SHARES":1839307800,"HK_COMMON_SHARES":500060000,"PER_SHARES":10000,"TOTAL_MARKET_CAP":340271943,"HKSK_MARKET_CAP":92511100,"PE_TTM":-2.032360724534,"PB_TTM":0.220406027958,"REPORT_DATE_SQ":"2020-06-30 00:00:00","REPORT_TYPE_SQ":"2020年中报","OPERATE_INCOME_SQ":676488965.42,"DPS_HKD":null,"OPERATE_INCOME_QOQ_SQ":-6.823927899053,"NET_PROFIT_RATIO_SQ":0.2489318682,"HOLDER_PROFIT_SQ":1712991.33,"HOLDER_PROFIT_QOQ_SQ":-6.458448491355,"ROE_AVG_SQ":0.096862964851,"PE_TTM_SQ":-5.088215978279,"PB_TTM_SQ":0.320673260115,"ROA_SQ":0.071979190713,"START_DATE":"2021-01-01 00:00:00","FISCAL_YEAR":"12-31","CURRENCY":"HKD","IS_CNY_CODE":0,"DPS_HKD_LY":0.0601,"ORG_TYPE":"一般企业","PREMIUM_INCOME":null,"PREMIUM_INCOME_YOY":null,"NET_INTEREST_INCOME":null,"NET_INTEREST_INCOME_YOY":null,"FEE_COMMISSION_INCOME":null,"FEE_COMMISSION_INCOME_YOY":null,"ACCOUNTS_RECE_TDAYS":5.441376999317,"INVENTORY_TDAYS":124.566682899647,"CURRENT_ASSETS_TDAYS":0.552590776428,"TOTAL_ASSETS_TDAYS":0.331422086107,"PREMIUM_EXPENSE":null,"LOAN_DEPOSIT":null,"LOAN_EQUITY":null,"LOAN_ASSETS":null,"DEPOSIT_EQUITY":null,"DEPOSIT_ASSETS":null,"EQUITY_MULTIPLIER":1.378735092135,"EQUITY_RATIO":0.377584424779},{"SECUCODE":"01265.HK","SECURITY_CODE":"01265","SECURITY_NAME_ABBR":"天津津燃公用","ORG_CODE":"10010819","STD_REPORT_DATE":"2020-12-31 00:00:00","REPORT_DATE":"2020-12-31 00:00:00","DATE_TYPE_CODE":"001","REPORT_TYPE":"2020年年报","PER_NETCASH_OPERATE":0.039896407105,"PER_OI":0.731055352633,"BPS":0.951106149085,"BASIC_EPS":-0.007,"DILUTED_EPS":-0.007,"OPERATE_INCOME":1344635812.33,"OPERATE_INCOME_YOY":-10.4338729978,"GROSS_PROFIT":-18998437.27,"GROSS_PROFIT_YOY":-20.476792197048,"HOLDER_PROFIT":-13641358.18,"HOLDER_PROFIT_YOY":-408.3685423139,"GROSS_PROFIT_RATIO":-1.412905791724,"EPS_TTM":-0.007348059982,"OPERATE_INCOME_QOQ":-3.874326334421,"NET_PROFIT_RATIO":-1.0145020722,"ROE_AVG":-0.769637378918,"GROSS_PROFIT_QOQ":-289.416250783557,"ROA":-0.540982776919,"HOLDER_PROFIT_QOQ":-429.659426576232,"ROE_YEARLY":-0.769637378918,"ROIC_YEARLY":-0.916692282249,"TOTAL_ASSETS":2458404446.2,"TOTAL_LIABILITIES":713864421.31,"TAX_EBT":23.494734903842,"OCF_SALES":5.45737158769,"TOTAL_PARENT_EQUITY":1749376958.64,"DEBT_ASSET_RATIO":29.0377127496,"OPERATE_PROFIT":-39625083.26,"PRETAX_PROFIT":-17830613.57,"NETCASH_OPERATE":73381772.78,"NETCASH_INVEST":-31653393.91,"NETCASH_FINANCE":null,"END_CASH":499386453.75,"DIVI_RATIO":null,"DIVIDEND_RATE":null,"CURRENT_RATIO":2.459604032942,"COMMON_ACS":null,"CURRENTDEBT_DEBT":85.446604056923,"ISSUED_COMMON_SHARES":1839307800,"HK_COMMON_SHARES":500060000,"PER_SHARES":10000,"TOTAL_MARKET_CAP":340271943,"HKSK_MARKET_CAP":92511100,"PE_TTM":-2.032360724534,"PB_TTM":0.220406027958,"REPORT_DATE_SQ":"2019-12-31 00:00:00","REPORT_TYPE_SQ":"2019年年报","OPERATE_INCOME_SQ":1501277165.08,"DPS_HKD":null,"OPERATE_INCOME_QOQ_SQ":-2.395537326052,"NET_PROFIT_RATIO_SQ":0.2691015193,"HOLDER_PROFIT_SQ":4382854.34,"HOLDER_PROFIT_QOQ_SQ":-77.017237842167,"ROE_AVG_SQ":0.248872843346,"PE_TTM_SQ":-5.088215978279,"PB_TTM_SQ":0.320673260115,"ROA_SQ":0.174207274259,"START_DATE":"2020-01-01 00:00:00","FISCAL_YEAR":"12-31","CURRENCY":"HKD","IS_CNY_CODE":0,"DPS_HKD_LY":null,"ORG_TYPE":"一般企业","PREMIUM_INCOME":null,"PREMIUM_INCOME_YOY":null,"NET_INTEREST_INCOME":null,"NET_INTEREST_INCOME_YOY":null,"FEE_COMMISSION_INCOME":null,"FEE_COMMISSION_INCOME_YOY":null,"ACCOUNTS_RECE_TDAYS":6.564137355353,"INVENTORY_TDAYS":247.775755969992,"CURRENT_ASSETS_TDAYS":0.873869127904,"TOTAL_ASSETS_TDAYS":0.538221456698,"PREMIUM_EXPENSE":null,"LOAN_DEPOSIT":null,"LOAN_EQUITY":null,"LOAN_ASSETS":null,"DEPOSIT_EQUITY":null,"DEPOSIT_ASSETS":null,"EQUITY_MULTIPLIER":1.409199222217,"EQUITY_RATIO":0.408067808247},{"SECUCODE":"01265.HK","SECURITY_CODE":"01265","SECURITY_NAME_ABBR":"天津津燃公用","ORG_CODE":"10010819","STD_REPORT_DATE":"2020-06-30 00:00:00","REPORT_DATE":"2020-06-30 00:00:00","DATE_TYPE_CODE":"002","REPORT_TYPE":"2020年中报","PER_NETCASH_OPERATE":-0.138642976657,"PER_OI":0.367795409458,"BPS":0.964592023461,"BASIC_EPS":0.001,"DILUTED_EPS":0.001,"OPERATE_INCOME":676488965.42,"OPERATE_INCOME_YOY":-13.1520687194,"GROSS_PROFIT":1412730.68,"GROSS_PROFIT_YOY":114.905448968049,"HOLDER_PROFIT":1712991.33,"HOLDER_PROFIT_YOY":-14.1811867857,"GROSS_PROFIT_RATIO":0.20883277514,"EPS_TTM":0.002228985247,"OPERATE_INCOME_QOQ":-6.823927899053,"NET_PROFIT_RATIO":0.2489318682,"ROE_AVG":0.096862964851,"GROSS_PROFIT_QOQ":69.06220735405,"ROA":0.071979190713,"HOLDER_PROFIT_QOQ":-6.458448491355,"ROE_YEARLY":0.193725929702,"ROIC_YEARLY":0.226037616607,"TOTAL_ASSETS":2221499931.55,"TOTAL_LIABILITIES":452058213.3,"TAX_EBT":71.322657382092,"OCF_SALES":-37.695678926807,"TOTAL_PARENT_EQUITY":1774181632.57,"DEBT_ASSET_RATIO":20.3492337263,"OPERATE_PROFIT":-1759744.55,"PRETAX_PROFIT":5872219.9,"NETCASH_OPERATE":-255007108.38,"NETCASH_INVEST":732691657.51,"NETCASH_FINANCE":null,"END_CASH":935342624.01,"DIVI_RATIO":null,"DIVIDEND_RATE":null,"CURRENT_RATIO":3.704636447758,"COMMON_ACS":null,"CURRENTDEBT_DEBT":76.853763431003,"ISSUED_COMMON_SHARES":1839307800,"HK_COMMON_SHARES":500060000,"PER_SHARES":10000,"TOTAL_MARKET_CAP":340271943,"HKSK_MARKET_CAP":92511100,"PE_TTM":-2.032360724534,"PB_TTM":0.220406027958,"REPORT_DATE_SQ":"2019-06-30 00:00:00","REPORT_TYPE_SQ":"2019年中报","OPERATE_INCOME_SQ":778935036.73,"DPS_HKD":null,"OPERATE_INCOME_QOQ_SQ":1.223932471156,"NET_PROFIT_RATIO_SQ":0.2274491692,"HOLDER_PROFIT_SQ":1996055.72,"HOLDER_PROFIT_QOQ_SQ":-51.989255355733,"ROE_AVG_SQ":0.113183221297,"PE_TTM_SQ":-5.088215978279,"PB_TTM_SQ":0.320673260115,"ROA_SQ":0.074585711546,"START_DATE":"2020-01-01 00:00:00","FISCAL_YEAR":"12-31","CURRENCY":"HKD","IS_CNY_CODE":0,"DPS_HKD_LY":null,"ORG_TYPE":"一般企业","PREMIUM_INCOME":null,"PREMIUM_INCOME_YOY":null,"NET_INTEREST_INCOME":null,"NET_INTEREST_INCOME_YOY":null,"FEE_COMMISSION_INCOME":null,"FEE_COMMISSION_INCOME_YOY":null,"ACCOUNTS_RECE_TDAYS":2.578241090249,"INVENTORY_TDAYS":134.561216278167,"CURRENT_ASSETS_TDAYS":0.472372621766,"TOTAL_ASSETS_TDAYS":0.284257879212,"PREMIUM_EXPENSE":null,"LOAN_DEPOSIT":null,"LOAN_EQUITY":null,"LOAN_ASSETS":null,"DEPOSIT_EQUITY":null,"DEPOSIT_ASSETS":null,"EQUITY_MULTIPLIER":1.255480702551,"EQUITY_RATIO":0.254798158769}],"count":61},"success":true,"message":"ok","code":0}