{"version":"a64823e3eeecac28fd4a641154aeb381","result":{"pages":4,"data":[{"SECUCODE":"01266.HK","SECURITY_CODE":"01266","SECURITY_NAME_ABBR":"西王特钢","ORG_CODE":"10203293","STD_REPORT_DATE":"2022-12-31 00:00:00","REPORT_DATE":"2022-12-31 00:00:00","DATE_TYPE_CODE":"001","REPORT_TYPE":"2022年年报","PER_NETCASH_OPERATE":-0.213839706208,"PER_OI":6.103669691333,"BPS":1.883371442656,"BASIC_EPS":-0.5609,"DILUTED_EPS":-0.5609,"OPERATE_INCOME":14460271000,"OPERATE_INCOME_YOY":-24.3556211012,"GROSS_PROFIT":-749999000,"GROSS_PROFIT_YOY":-195.668506906,"HOLDER_PROFIT":-1328792000,"HOLDER_PROFIT_YOY":-2143.3208777352,"GROSS_PROFIT_RATIO":-5.186617871823,"EPS_TTM":-0.560882120154,"OPERATE_INCOME_QOQ":-18.296980502838,"NET_PROFIT_RATIO":-9.1892606992,"ROE_AVG":-25.936115340676,"GROSS_PROFIT_QOQ":-753.559726724529,"ROA":-8.507253008239,"HOLDER_PROFIT_QOQ":-215.780568256352,"ROE_YEARLY":-25.936115340676,"ROIC_YEARLY":-8.686261403197,"TOTAL_ASSETS":15070168000,"TOTAL_LIABILITIES":10608252000,"TAX_EBT":20.741200687375,"OCF_SALES":-3.503461311341,"TOTAL_PARENT_EQUITY":4461916000,"DEBT_ASSET_RATIO":70.3923937676,"OPERATE_PROFIT":-1438475000,"PRETAX_PROFIT":-1676523000,"NETCASH_OPERATE":-506610000,"NETCASH_INVEST":-240813000,"NETCASH_FINANCE":725387000,"END_CASH":311599000,"DIVI_RATIO":null,"DIVIDEND_RATE":null,"CURRENT_RATIO":0.309228759973,"COMMON_ACS":null,"CURRENTDEBT_DEBT":89.371293215885,"ISSUED_COMMON_SHARES":2369110999,"HK_COMMON_SHARES":2369110999,"PER_SHARES":1000,"TOTAL_MARKET_CAP":23691109.99,"HKSK_MARKET_CAP":23691109.99,"PE_TTM":-0.015926162876,"PB_TTM":0.004742930575,"REPORT_DATE_SQ":"2021-12-31 00:00:00","REPORT_TYPE_SQ":"2021年年报","OPERATE_INCOME_SQ":19116121000,"DPS_HKD":null,"OPERATE_INCOME_QOQ_SQ":-6.470414630526,"NET_PROFIT_RATIO_SQ":0.3401893093,"HOLDER_PROFIT_SQ":65031000,"HOLDER_PROFIT_QOQ_SQ":-86.554342117777,"ROE_AVG_SQ":1.12943944679,"PE_TTM_SQ":-0.015926162876,"PB_TTM_SQ":0.004742930575,"ROA_SQ":0.412387294773,"START_DATE":"2022-01-01 00:00:00","FISCAL_YEAR":"12-31","CURRENCY":"HKD","IS_CNY_CODE":0,"DPS_HKD_LY":null,"ORG_TYPE":"一般企业","PREMIUM_INCOME":null,"PREMIUM_INCOME_YOY":null,"NET_INTEREST_INCOME":null,"NET_INTEREST_INCOME_YOY":null,"FEE_COMMISSION_INCOME":null,"FEE_COMMISSION_INCOME_YOY":null,"ACCOUNTS_RECE_TDAYS":326.542262267687,"INVENTORY_TDAYS":17.525311008258,"CURRENT_ASSETS_TDAYS":4.129424180295,"TOTAL_ASSETS_TDAYS":0.925782093546,"PREMIUM_EXPENSE":null,"LOAN_DEPOSIT":null,"LOAN_EQUITY":null,"LOAN_ASSETS":null,"DEPOSIT_EQUITY":null,"DEPOSIT_ASSETS":null,"EQUITY_MULTIPLIER":3.377510468596,"EQUITY_RATIO":2.377510468597},{"SECUCODE":"01266.HK","SECURITY_CODE":"01266","SECURITY_NAME_ABBR":"西王特钢","ORG_CODE":"10203293","STD_REPORT_DATE":"2022-06-30 00:00:00","REPORT_DATE":"2022-06-30 00:00:00","DATE_TYPE_CODE":"002","REPORT_TYPE":"2022年中报","PER_NETCASH_OPERATE":-0.068301569689,"PER_OI":3.576566485731,"BPS":2.314956539527,"BASIC_EPS":-0.1242,"DILUTED_EPS":-0.1242,"OPERATE_INCOME":8473283000,"OPERATE_INCOME_YOY":-14.3319143756,"GROSS_PROFIT":-24192000,"GROSS_PROFIT_YOY":-103.750651154714,"HOLDER_PROFIT":-294128000,"HOLDER_PROFIT_YOY":-253.4322036109,"GROSS_PROFIT_RATIO":-0.285509170412,"EPS_TTM":-0.177617680293,"OPERATE_INCOME_QOQ":-7.415442704093,"NET_PROFIT_RATIO":-3.4712401321,"ROE_AVG":-5.220067180004,"GROSS_PROFIT_QOQ":-85.361933577905,"ROA":-1.823291123296,"HOLDER_PROFIT_QOQ":-747.069858990328,"ROE_YEARLY":-10.440134360009,"ROIC_YEARLY":-3.699620890994,"TOTAL_ASSETS":16094546000,"TOTAL_LIABILITIES":10610157000,"TAX_EBT":29.595373508742,"OCF_SALES":-1.909696631164,"TOTAL_PARENT_EQUITY":5484389000,"DEBT_ASSET_RATIO":65.9239285159,"OPERATE_PROFIT":-330070000,"PRETAX_PROFIT":-417768000,"NETCASH_OPERATE":-161814000,"NETCASH_INVEST":-28518000,"NETCASH_FINANCE":-15134000,"END_CASH":130354000,"DIVI_RATIO":null,"DIVIDEND_RATE":null,"CURRENT_RATIO":0.386630448665,"COMMON_ACS":null,"CURRENTDEBT_DEBT":97.554202072599,"ISSUED_COMMON_SHARES":2369110999,"HK_COMMON_SHARES":2369110999,"PER_SHARES":1000,"TOTAL_MARKET_CAP":23691109.99,"HKSK_MARKET_CAP":23691109.99,"PE_TTM":-0.015926162876,"PB_TTM":0.004742930575,"REPORT_DATE_SQ":"2021-06-30 00:00:00","REPORT_TYPE_SQ":"2021年中报","OPERATE_INCOME_SQ":9890828000,"DPS_HKD":null,"OPERATE_INCOME_QOQ_SQ":33.689475233059,"NET_PROFIT_RATIO_SQ":1.938149162,"HOLDER_PROFIT_SQ":191699000,"HOLDER_PROFIT_QOQ_SQ":2533.15548780488,"ROE_AVG_SQ":3.292088702075,"PE_TTM_SQ":-0.015926162876,"PB_TTM_SQ":0.004742930575,"ROA_SQ":1.218951042328,"START_DATE":"2022-01-01 00:00:00","FISCAL_YEAR":"12-31","CURRENCY":"HKD","IS_CNY_CODE":0,"DPS_HKD_LY":null,"ORG_TYPE":"一般企业","PREMIUM_INCOME":null,"PREMIUM_INCOME_YOY":null,"NET_INTEREST_INCOME":null,"NET_INTEREST_INCOME_YOY":null,"FEE_COMMISSION_INCOME":null,"FEE_COMMISSION_INCOME_YOY":null,"ACCOUNTS_RECE_TDAYS":130.033117206983,"INVENTORY_TDAYS":6.322685990568,"CURRENT_ASSETS_TDAYS":2.098985941004,"TOTAL_ASSETS_TDAYS":0.525256408063,"PREMIUM_EXPENSE":null,"LOAN_DEPOSIT":null,"LOAN_EQUITY":null,"LOAN_ASSETS":null,"DEPOSIT_EQUITY":null,"DEPOSIT_ASSETS":null,"EQUITY_MULTIPLIER":2.934610582874,"EQUITY_RATIO":1.934610582874},{"SECUCODE":"01266.HK","SECURITY_CODE":"01266","SECURITY_NAME_ABBR":"西王特钢","ORG_CODE":"10203293","STD_REPORT_DATE":"2021-12-31 00:00:00","REPORT_DATE":"2021-12-31 00:00:00","DATE_TYPE_CODE":"001","REPORT_TYPE":"2021年年报","PER_NETCASH_OPERATE":0.59795931917,"PER_OI":8.068900531916,"BPS":2.441733630227,"BASIC_EPS":0.0274,"DILUTED_EPS":0.0274,"OPERATE_INCOME":19116121000,"OPERATE_INCOME_YOY":25.0392118681,"GROSS_PROFIT":783956000,"GROSS_PROFIT_YOY":67.223612275414,"HOLDER_PROFIT":65031000,"HOLDER_PROFIT_YOY":254.0450783972,"GROSS_PROFIT_RATIO":4.101020285444,"EPS_TTM":0.02744953699,"OPERATE_INCOME_QOQ":-6.470414630526,"NET_PROFIT_RATIO":0.3401893093,"ROE_AVG":1.12943944679,"GROSS_PROFIT_QOQ":-26.907822234322,"ROA":0.412387294773,"HOLDER_PROFIT_QOQ":-86.554342117777,"ROE_YEARLY":1.12943944679,"ROIC_YEARLY":0.422007861503,"TOTAL_ASSETS":16168870000,"TOTAL_LIABILITIES":10384132000,"TAX_EBT":-13.597219068248,"OCF_SALES":7.410666630537,"TOTAL_PARENT_EQUITY":5784738000,"DEBT_ASSET_RATIO":64.2229914645,"OPERATE_PROFIT":346720000,"PRETAX_PROFIT":57247000,"NETCASH_OPERATE":1416632000,"NETCASH_INVEST":-602043000,"NETCASH_FINANCE":-869571000,"END_CASH":332182000,"DIVI_RATIO":null,"DIVIDEND_RATE":null,"CURRENT_RATIO":0.399715827546,"COMMON_ACS":null,"CURRENTDEBT_DEBT":98.09940782725,"ISSUED_COMMON_SHARES":2369110999,"HK_COMMON_SHARES":2369110999,"PER_SHARES":1000,"TOTAL_MARKET_CAP":23691109.99,"HKSK_MARKET_CAP":23691109.99,"PE_TTM":-0.015926162876,"PB_TTM":0.004742930575,"REPORT_DATE_SQ":"2020-12-31 00:00:00","REPORT_TYPE_SQ":"2020年年报","OPERATE_INCOME_SQ":15288101000,"DPS_HKD":null,"OPERATE_INCOME_QOQ_SQ":53.637953469152,"NET_PROFIT_RATIO_SQ":0.1201457264,"HOLDER_PROFIT_SQ":18368000,"HOLDER_PROFIT_QOQ_SQ":104.209455232141,"ROE_AVG_SQ":0.320781387694,"PE_TTM_SQ":-0.015926162876,"PB_TTM_SQ":0.004742930575,"ROA_SQ":0.127488730213,"START_DATE":"2021-01-01 00:00:00","FISCAL_YEAR":"12-31","CURRENCY":"HKD","IS_CNY_CODE":0,"DPS_HKD_LY":null,"ORG_TYPE":"一般企业","PREMIUM_INCOME":null,"PREMIUM_INCOME_YOY":null,"NET_INTEREST_INCOME":null,"NET_INTEREST_INCOME_YOY":null,"FEE_COMMISSION_INCOME":null,"FEE_COMMISSION_INCOME_YOY":null,"ACCOUNTS_RECE_TDAYS":257.438839135412,"INVENTORY_TDAYS":16.759572420823,"CURRENT_ASSETS_TDAYS":5.222313254855,"TOTAL_ASSETS_TDAYS":1.212228848664,"PREMIUM_EXPENSE":null,"LOAN_DEPOSIT":null,"LOAN_EQUITY":null,"LOAN_ASSETS":null,"DEPOSIT_EQUITY":null,"DEPOSIT_ASSETS":null,"EQUITY_MULTIPLIER":2.795091151927,"EQUITY_RATIO":1.795091151924},{"SECUCODE":"01266.HK","SECURITY_CODE":"01266","SECURITY_NAME_ABBR":"西王特钢","ORG_CODE":"10203293","STD_REPORT_DATE":"2021-06-30 00:00:00","REPORT_DATE":"2021-06-30 00:00:00","DATE_TYPE_CODE":"002","REPORT_TYPE":"2021年中报","PER_NETCASH_OPERATE":0.324321232869,"PER_OI":4.174911181525,"BPS":2.496782549444,"BASIC_EPS":0.0809,"DILUTED_EPS":0.0809,"OPERATE_INCOME":9890828000,"OPERATE_INCOME_YOY":108.6519826502,"GROSS_PROFIT":645008000,"GROSS_PROFIT_YOY":1463.3904549531,"HOLDER_PROFIT":191699000,"HOLDER_PROFIT_YOY":170.0677288361,"GROSS_PROFIT_RATIO":6.521274053092,"EPS_TTM":0.204151683988,"OPERATE_INCOME_QOQ":33.689475233059,"NET_PROFIT_RATIO":1.938149162,"ROE_AVG":3.292088702075,"GROSS_PROFIT_QOQ":128.784553131673,"ROA":1.218951042328,"HOLDER_PROFIT_QOQ":2533.15548780488,"ROE_YEARLY":6.58417740415,"ROIC_YEARLY":2.494801737221,"TOTAL_ASSETS":16083180000,"TOTAL_LIABILITIES":10168025000,"TAX_EBT":17.851969934607,"OCF_SALES":7.768338505128,"TOTAL_PARENT_EQUITY":5915155000,"DEBT_ASSET_RATIO":63.2214835623,"OPERATE_PROFIT":379869000,"PRETAX_PROFIT":233358000,"NETCASH_OPERATE":768353000,"NETCASH_INVEST":-86716000,"NETCASH_FINANCE":-732145000,"END_CASH":330548000,"DIVI_RATIO":null,"DIVIDEND_RATE":null,"CURRENT_RATIO":0.422232025231,"COMMON_ACS":null,"CURRENTDEBT_DEBT":93.590967764143,"ISSUED_COMMON_SHARES":2369110999,"HK_COMMON_SHARES":2369110999,"PER_SHARES":1000,"TOTAL_MARKET_CAP":23691109.99,"HKSK_MARKET_CAP":23691109.99,"PE_TTM":-0.015926162876,"PB_TTM":0.004742930575,"REPORT_DATE_SQ":"2020-06-30 00:00:00","REPORT_TYPE_SQ":"2020年中报","OPERATE_INCOME_SQ":4740347000,"DPS_HKD":null,"OPERATE_INCOME_QOQ_SQ":-10.915878546541,"NET_PROFIT_RATIO_SQ":-5.7715395097,"HOLDER_PROFIT_SQ":-273591000,"HOLDER_PROFIT_QOQ_SQ":-2305.01793925919,"ROE_AVG_SQ":-4.900368435287,"PE_TTM_SQ":-0.015926162876,"PB_TTM_SQ":0.004742930575,"ROA_SQ":-1.932162072205,"START_DATE":"2021-01-01 00:00:00","FISCAL_YEAR":"12-31","CURRENCY":"HKD","IS_CNY_CODE":0,"DPS_HKD_LY":null,"ORG_TYPE":"一般企业","PREMIUM_INCOME":null,"PREMIUM_INCOME_YOY":null,"NET_INTEREST_INCOME":null,"NET_INTEREST_INCOME_YOY":null,"FEE_COMMISSION_INCOME":null,"FEE_COMMISSION_INCOME_YOY":null,"ACCOUNTS_RECE_TDAYS":100.116688429342,"INVENTORY_TDAYS":8.320029515713,"CURRENT_ASSETS_TDAYS":2.722033345557,"TOTAL_ASSETS_TDAYS":0.628925299563,"PREMIUM_EXPENSE":null,"LOAN_DEPOSIT":null,"LOAN_EQUITY":null,"LOAN_ASSETS":null,"DEPOSIT_EQUITY":null,"DEPOSIT_ASSETS":null,"EQUITY_MULTIPLIER":2.71897862355,"EQUITY_RATIO":1.718978623553},{"SECUCODE":"01266.HK","SECURITY_CODE":"01266","SECURITY_NAME_ABBR":"西王特钢","ORG_CODE":"10203293","STD_REPORT_DATE":"2020-12-31 00:00:00","REPORT_DATE":"2020-12-31 00:00:00","DATE_TYPE_CODE":"001","REPORT_TYPE":"2020年年报","PER_NETCASH_OPERATE":0.673439953077,"PER_OI":6.453096121901,"BPS":2.419002740867,"BASIC_EPS":0.0078,"DILUTED_EPS":0.0078,"OPERATE_INCOME":15288101000,"OPERATE_INCOME_YOY":36.8670210671,"GROSS_PROFIT":468807000,"GROSS_PROFIT_YOY":-33.543746642152,"HOLDER_PROFIT":18368000,"HOLDER_PROFIT_YOY":-7.1807569862,"GROSS_PROFIT_RATIO":3.066482881033,"EPS_TTM":0.007753119211,"OPERATE_INCOME_QOQ":53.637953469152,"NET_PROFIT_RATIO":0.1201457264,"ROE_AVG":0.320781387694,"GROSS_PROFIT_QOQ":141.330903587479,"ROA":0.127488730213,"HOLDER_PROFIT_QOQ":104.209455232141,"ROE_YEARLY":0.320781387694,"ROIC_YEARLY":0.130110625554,"TOTAL_ASSETS":15369929000,"TOTAL_LIABILITIES":9639043000,"TAX_EBT":-17.015990316621,"OCF_SALES":10.435920066201,"TOTAL_PARENT_EQUITY":5730886000,"DEBT_ASSET_RATIO":62.713646888,"OPERATE_PROFIT":252508000,"PRETAX_PROFIT":15697000,"NETCASH_OPERATE":1595454000,"NETCASH_INVEST":-1677190000,"NETCASH_FINANCE":274069000,"END_CASH":386812000,"DIVI_RATIO":null,"DIVIDEND_RATE":null,"CURRENT_RATIO":0.392059634193,"COMMON_ACS":null,"CURRENTDEBT_DEBT":85.976647266746,"ISSUED_COMMON_SHARES":2369110999,"HK_COMMON_SHARES":2369110999,"PER_SHARES":1000,"TOTAL_MARKET_CAP":23691109.99,"HKSK_MARKET_CAP":23691109.99,"PE_TTM":-0.015926162876,"PB_TTM":0.004742930575,"REPORT_DATE_SQ":"2019-12-31 00:00:00","REPORT_TYPE_SQ":"2019年年报","OPERATE_INCOME_SQ":11170040000,"DPS_HKD":null,"OPERATE_INCOME_QOQ_SQ":-6.301915955384,"NET_PROFIT_RATIO_SQ":0.1771614068,"HOLDER_PROFIT_SQ":19789000,"HOLDER_PROFIT_QOQ_SQ":-96.561102171185,"ROE_AVG_SQ":0.337744313781,"PE_TTM_SQ":-0.015926162876,"PB_TTM_SQ":0.004742930575,"ROA_SQ":0.142151383501,"START_DATE":"2020-01-01 00:00:00","FISCAL_YEAR":"12-31","CURRENCY":"HKD","IS_CNY_CODE":0,"DPS_HKD_LY":null,"ORG_TYPE":"一般企业","PREMIUM_INCOME":null,"PREMIUM_INCOME_YOY":null,"NET_INTEREST_INCOME":null,"NET_INTEREST_INCOME_YOY":null,"FEE_COMMISSION_INCOME":null,"FEE_COMMISSION_INCOME_YOY":null,"ACCOUNTS_RECE_TDAYS":48.693104563037,"INVENTORY_TDAYS":25.843271055989,"CURRENT_ASSETS_TDAYS":4.913941029883,"TOTAL_ASSETS_TDAYS":1.061117478144,"PREMIUM_EXPENSE":null,"LOAN_DEPOSIT":null,"LOAN_EQUITY":null,"LOAN_ASSETS":null,"DEPOSIT_EQUITY":null,"DEPOSIT_ASSETS":null,"EQUITY_MULTIPLIER":2.681946386648,"EQUITY_RATIO":1.681946386649},{"SECUCODE":"01266.HK","SECURITY_CODE":"01266","SECURITY_NAME_ABBR":"西王特钢","ORG_CODE":"10203293","STD_REPORT_DATE":"2020-06-30 00:00:00","REPORT_DATE":"2020-06-30 00:00:00","DATE_TYPE_CODE":"002","REPORT_TYPE":"2020年中报","PER_NETCASH_OPERATE":0.029086437921,"PER_OI":2.000896961772,"BPS":2.298326250774,"BASIC_EPS":-0.1155,"DILUTED_EPS":-0.1155,"OPERATE_INCOME":4740347000,"OPERATE_INCOME_YOY":-20.4593722288,"GROSS_PROFIT":41257000,"GROSS_PROFIT_YOY":-92.531791070443,"HOLDER_PROFIT":-273591000,"HOLDER_PROFIT_YOY":-249.8726369358,"GROSS_PROFIT_RATIO":0.870337129328,"EPS_TTM":-0.184183434286,"OPERATE_INCOME_QOQ":-10.915878546541,"NET_PROFIT_RATIO":-5.7715395097,"ROE_AVG":-4.900368435287,"GROSS_PROFIT_QOQ":-72.462601196138,"ROA":-1.932162072205,"HOLDER_PROFIT_QOQ":-2305.01793925919,"ROE_YEARLY":-9.800736870575,"ROIC_YEARLY":-3.999787577393,"TOTAL_ASSETS":14874507000,"TOTAL_LIABILITIES":9429517000,"TAX_EBT":20.293722632841,"OCF_SALES":1.453669952854,"TOTAL_PARENT_EQUITY":5444990000,"DEBT_ASSET_RATIO":63.3938119764,"OPERATE_PROFIT":-184763000,"PRETAX_PROFIT":-343249000,"NETCASH_OPERATE":68909000,"NETCASH_INVEST":248261000,"NETCASH_FINANCE":258394000,"END_CASH":765272000,"DIVI_RATIO":null,"DIVIDEND_RATE":null,"CURRENT_RATIO":0.564508967879,"COMMON_ACS":null,"CURRENTDEBT_DEBT":84.793823480036,"ISSUED_COMMON_SHARES":2369110999,"HK_COMMON_SHARES":2369110999,"PER_SHARES":1000,"TOTAL_MARKET_CAP":23691109.99,"HKSK_MARKET_CAP":23691109.99,"PE_TTM":-0.015926162876,"PB_TTM":0.004742930575,"REPORT_DATE_SQ":"2019-06-30 00:00:00","REPORT_TYPE_SQ":"2019年中报","OPERATE_INCOME_SQ":5959655000,"DPS_HKD":null,"OPERATE_INCOME_QOQ_SQ":0.031684404535,"NET_PROFIT_RATIO_SQ":3.0630799937,"HOLDER_PROFIT_SQ":182549000,"HOLDER_PROFIT_QOQ_SQ":-40.15433414799,"ROE_AVG_SQ":2.999600051136,"PE_TTM_SQ":-0.015926162876,"PB_TTM_SQ":0.004742930575,"ROA_SQ":1.265567764679,"START_DATE":"2020-01-01 00:00:00","FISCAL_YEAR":"12-31","CURRENCY":"HKD","IS_CNY_CODE":0,"DPS_HKD_LY":null,"ORG_TYPE":"一般企业","PREMIUM_INCOME":null,"PREMIUM_INCOME_YOY":null,"NET_INTEREST_INCOME":null,"NET_INTEREST_INCOME_YOY":null,"FEE_COMMISSION_INCOME":null,"FEE_COMMISSION_INCOME_YOY":null,"ACCOUNTS_RECE_TDAYS":9.73079489027,"INVENTORY_TDAYS":8.24083686998,"CURRENT_ASSETS_TDAYS":1.266316691971,"TOTAL_ASSETS_TDAYS":0.334774122047,"PREMIUM_EXPENSE":null,"LOAN_DEPOSIT":null,"LOAN_EQUITY":null,"LOAN_ASSETS":null,"DEPOSIT_EQUITY":null,"DEPOSIT_ASSETS":null,"EQUITY_MULTIPLIER":2.731778570758,"EQUITY_RATIO":1.73177857076},{"SECUCODE":"01266.HK","SECURITY_CODE":"01266","SECURITY_NAME_ABBR":"西王特钢","ORG_CODE":"10203293","STD_REPORT_DATE":"2019-12-31 00:00:00","REPORT_DATE":"2019-12-31 00:00:00","DATE_TYPE_CODE":"001","REPORT_TYPE":"2019年年报","PER_NETCASH_OPERATE":0.496020659436,"PER_OI":4.714865620359,"BPS":2.41489318247,"BASIC_EPS":0.0087,"DILUTED_EPS":0.0087,"OPERATE_INCOME":11170040000,"OPERATE_INCOME_YOY":-6.2722282754,"GROSS_PROFIT":705437000,"GROSS_PROFIT_YOY":-64.133756682623,"HOLDER_PROFIT":19789000,"HOLDER_PROFIT_YOY":-97.9419686964,"GROSS_PROFIT_RATIO":6.315438440686,"EPS_TTM":0.00835292226,"OPERATE_INCOME_QOQ":-6.301915955384,"NET_PROFIT_RATIO":0.1771614068,"ROE_AVG":0.337744313781,"GROSS_PROFIT_QOQ":-51.376234054564,"ROA":0.142151383501,"HOLDER_PROFIT_QOQ":-96.561102171185,"ROE_YEARLY":0.337744313781,"ROIC_YEARLY":0.148162157338,"TOTAL_ASSETS":13445167000,"TOTAL_LIABILITIES":7724017000,"TAX_EBT":40.067839728641,"OCF_SALES":10.520356238653,"TOTAL_PARENT_EQUITY":5721150000,"DEBT_ASSET_RATIO":57.4482786268,"OPERATE_PROFIT":355691000,"PRETAX_PROFIT":33019000,"NETCASH_OPERATE":1175128000,"NETCASH_INVEST":-238596000,"NETCASH_FINANCE":-1670012000,"END_CASH":193849000,"DIVI_RATIO":null,"DIVIDEND_RATE":null,"CURRENT_RATIO":0.418149105586,"COMMON_ACS":null,"CURRENTDEBT_DEBT":92.055869374705,"ISSUED_COMMON_SHARES":2369110999,"HK_COMMON_SHARES":2369110999,"PER_SHARES":1000,"TOTAL_MARKET_CAP":23691109.99,"HKSK_MARKET_CAP":23691109.99,"PE_TTM":-0.015926162876,"PB_TTM":0.004742930575,"REPORT_DATE_SQ":"2018-12-31 00:00:00","REPORT_TYPE_SQ":"2018年年报","OPERATE_INCOME_SQ":11917535000,"DPS_HKD":null,"OPERATE_INCOME_QOQ_SQ":-6.35548727731,"NET_PROFIT_RATIO_SQ":8.0683631305,"HOLDER_PROFIT_SQ":961550000,"HOLDER_PROFIT_QOQ_SQ":-16.929515140677,"ROE_AVG_SQ":17.258624039573,"PE_TTM_SQ":-0.015926162876,"PB_TTM_SQ":0.004742930575,"ROA_SQ":7.105539035739,"START_DATE":"2019-01-01 00:00:00","FISCAL_YEAR":"12-31","CURRENCY":"HKD","IS_CNY_CODE":0,"DPS_HKD_LY":0.1455,"ORG_TYPE":"一般企业","PREMIUM_INCOME":null,"PREMIUM_INCOME_YOY":null,"NET_INTEREST_INCOME":null,"NET_INTEREST_INCOME_YOY":null,"FEE_COMMISSION_INCOME":null,"FEE_COMMISSION_INCOME_YOY":null,"ACCOUNTS_RECE_TDAYS":25.323060565425,"INVENTORY_TDAYS":17.933304086001,"CURRENT_ASSETS_TDAYS":3.339287927053,"TOTAL_ASSETS_TDAYS":0.802383465443,"PREMIUM_EXPENSE":null,"LOAN_DEPOSIT":null,"LOAN_EQUITY":null,"LOAN_ASSETS":null,"DEPOSIT_EQUITY":null,"DEPOSIT_ASSETS":null,"EQUITY_MULTIPLIER":2.35008118997,"EQUITY_RATIO":1.350081189971},{"SECUCODE":"01266.HK","SECURITY_CODE":"01266","SECURITY_NAME_ABBR":"西王特钢","ORG_CODE":"10203293","STD_REPORT_DATE":"2019-06-30 00:00:00","REPORT_DATE":"2019-06-30 00:00:00","DATE_TYPE_CODE":"002","REPORT_TYPE":"2019年中报","PER_NETCASH_OPERATE":0.254044866141,"PER_OI":2.626427267166,"BPS":2.606198697573,"BASIC_EPS":0.0805,"DILUTED_EPS":0.0729,"OPERATE_INCOME":5959655000,"OPERATE_INCOME_YOY":0.0633995419,"GROSS_PROFIT":552435000,"GROSS_PROFIT_YOY":-48.297258823959,"HOLDER_PROFIT":182549000,"HOLDER_PROFIT_YOY":-67.8979975486,"GROSS_PROFIT_RATIO":9.26958020221,"EPS_TTM":0.253599757902,"OPERATE_INCOME_QOQ":0.031684404535,"NET_PROFIT_RATIO":3.0630799937,"ROE_AVG":2.999600051136,"GROSS_PROFIT_QOQ":-26.237216266578,"ROA":1.265567764679,"HOLDER_PROFIT_QOQ":-40.15433414799,"ROE_YEARLY":5.999200102271,"ROIC_YEARLY":2.668196899247,"TOTAL_ASSETS":14451572000,"TOTAL_LIABILITIES":8277198000,"TAX_EBT":15.695773451066,"OCF_SALES":9.672640446469,"TOTAL_PARENT_EQUITY":6174374000,"DEBT_ASSET_RATIO":57.2754161277,"OPERATE_PROFIT":390320000,"PRETAX_PROFIT":216536000,"NETCASH_OPERATE":576456000,"NETCASH_INVEST":-283138000,"NETCASH_FINANCE":-677361000,"END_CASH":546232000,"DIVI_RATIO":null,"DIVIDEND_RATE":null,"CURRENT_RATIO":0.529600196761,"COMMON_ACS":null,"CURRENTDEBT_DEBT":88.811044510473,"ISSUED_COMMON_SHARES":2369110999,"HK_COMMON_SHARES":2369110999,"PER_SHARES":1000,"TOTAL_MARKET_CAP":23691109.99,"HKSK_MARKET_CAP":23691109.99,"PE_TTM":-0.015926162876,"PB_TTM":0.004742930575,"REPORT_DATE_SQ":"2018-06-30 00:00:00","REPORT_TYPE_SQ":"2018年中报","OPERATE_INCOME_SQ":5955879000,"DPS_HKD":null,"OPERATE_INCOME_QOQ_SQ":2.943414742578,"NET_PROFIT_RATIO_SQ":9.5477594491,"HOLDER_PROFIT_SQ":568653000,"HOLDER_PROFIT_QOQ_SQ":28.891167893209,"ROE_AVG_SQ":10.57322217548,"PE_TTM_SQ":-0.015926162876,"PB_TTM_SQ":0.004742930575,"ROA_SQ":4.36428297028,"START_DATE":"2019-01-01 00:00:00","FISCAL_YEAR":"12-31","CURRENCY":"HKD","IS_CNY_CODE":0,"DPS_HKD_LY":0.1455,"ORG_TYPE":"一般企业","PREMIUM_INCOME":null,"PREMIUM_INCOME_YOY":null,"NET_INTEREST_INCOME":null,"NET_INTEREST_INCOME_YOY":null,"FEE_COMMISSION_INCOME":null,"FEE_COMMISSION_INCOME_YOY":null,"ACCOUNTS_RECE_TDAYS":16.812339730479,"INVENTORY_TDAYS":6.764969717139,"CURRENT_ASSETS_TDAYS":1.566272058021,"TOTAL_ASSETS_TDAYS":0.413168368855,"PREMIUM_EXPENSE":null,"LOAN_DEPOSIT":null,"LOAN_EQUITY":null,"LOAN_ASSETS":null,"DEPOSIT_EQUITY":null,"DEPOSIT_ASSETS":null,"EQUITY_MULTIPLIER":2.34057282568,"EQUITY_RATIO":1.340572825682},{"SECUCODE":"01266.HK","SECURITY_CODE":"01266","SECURITY_NAME_ABBR":"西王特钢","ORG_CODE":"10203293","STD_REPORT_DATE":"2018-12-31 00:00:00","REPORT_DATE":"2018-12-31 00:00:00","DATE_TYPE_CODE":"001","REPORT_TYPE":"2018年年报","PER_NETCASH_OPERATE":0.606351479277,"PER_OI":5.253461413788,"BPS":2.531406085461,"BASIC_EPS":0.4272,"DILUTED_EPS":0.3922,"OPERATE_INCOME":11917535000,"OPERATE_INCOME_YOY":-3.5991408842,"GROSS_PROFIT":1966855000,"GROSS_PROFIT_YOY":-2.882916156645,"HOLDER_PROFIT":961550000,"HOLDER_PROFIT_YOY":7.0705181097,"GROSS_PROFIT_RATIO":16.503874333073,"EPS_TTM":0.423868343783,"OPERATE_INCOME_QOQ":-6.35548727731,"NET_PROFIT_RATIO":8.0683631305,"ROE_AVG":17.258624039573,"GROSS_PROFIT_QOQ":-16.070647524072,"ROA":7.105539035739,"HOLDER_PROFIT_QOQ":-16.929515140677,"ROE_YEARLY":17.258624039573,"ROIC_YEARLY":7.395548311397,"TOTAL_ASSETS":14396982000,"TOTAL_LIABILITIES":8399800000,"TAX_EBT":17.265168769419,"OCF_SALES":11.541942188548,"TOTAL_PARENT_EQUITY":5997182000,"DEBT_ASSET_RATIO":58.3441724106,"OPERATE_PROFIT":1518777000,"PRETAX_PROFIT":1162207000,"NETCASH_OPERATE":1375515000,"NETCASH_INVEST":-793453000,"NETCASH_FINANCE":235351000,"END_CASH":935676000,"DIVI_RATIO":null,"DIVIDEND_RATE":null,"CURRENT_RATIO":0.481670314211,"COMMON_ACS":null,"CURRENTDEBT_DEBT":91.866568251625,"ISSUED_COMMON_SHARES":2369110999,"HK_COMMON_SHARES":2369110999,"PER_SHARES":1000,"TOTAL_MARKET_CAP":23691109.99,"HKSK_MARKET_CAP":23691109.99,"PE_TTM":-0.015926162876,"PB_TTM":0.004742930575,"REPORT_DATE_SQ":"2017-12-31 00:00:00","REPORT_TYPE_SQ":"2017年年报","OPERATE_INCOME_SQ":12362478000,"DPS_HKD":null,"OPERATE_INCOME_QOQ_SQ":25.827862292521,"NET_PROFIT_RATIO_SQ":7.2643445756,"HOLDER_PROFIT_SQ":898053000,"HOLDER_PROFIT_QOQ_SQ":87.211772382265,"ROE_AVG_SQ":19.591066084859,"PE_TTM_SQ":-0.015926162876,"PB_TTM_SQ":0.004742930575,"ROA_SQ":7.301895136501,"START_DATE":"2018-01-01 00:00:00","FISCAL_YEAR":"12-31","CURRENCY":"HKD","IS_CNY_CODE":0,"DPS_HKD_LY":0.16,"ORG_TYPE":"一般企业","PREMIUM_INCOME":null,"PREMIUM_INCOME_YOY":null,"NET_INTEREST_INCOME":null,"NET_INTEREST_INCOME_YOY":null,"FEE_COMMISSION_INCOME":null,"FEE_COMMISSION_INCOME_YOY":null,"ACCOUNTS_RECE_TDAYS":40.67272333244,"INVENTORY_TDAYS":12.304165386358,"CURRENT_ASSETS_TDAYS":4.265878246626,"TOTAL_ASSETS_TDAYS":0.880666737583,"PREMIUM_EXPENSE":null,"LOAN_DEPOSIT":null,"LOAN_EQUITY":null,"LOAN_ASSETS":null,"DEPOSIT_EQUITY":null,"DEPOSIT_ASSETS":null,"EQUITY_MULTIPLIER":2.400624493305,"EQUITY_RATIO":1.400624493304}],"count":29},"success":true,"message":"ok","code":0}