{"version":"8534f50525d6a2babfaa24e9fd4e01b5","result":{"pages":3,"data":[{"SECUCODE":"01268.HK","SECURITY_CODE":"01268","SECURITY_NAME_ABBR":"美东汽车","ORG_CODE":"10354201","STD_REPORT_DATE":"2024-06-30 00:00:00","REPORT_DATE":"2024-06-30 00:00:00","DATE_TYPE_CODE":"002","REPORT_TYPE":"2024年中报","PER_NETCASH_OPERATE":0.433816315136,"PER_OI":7.915235026736,"BPS":3.761091570879,"BASIC_EPS":-0.0201,"DILUTED_EPS":-0.0201,"OPERATE_INCOME":10655863000,"OPERATE_INCOME_YOY":-24.3657440271,"GROSS_PROFIT":806421000,"GROSS_PROFIT_YOY":-19.445784648948,"HOLDER_PROFIT":-26998000,"HOLDER_PROFIT_YOY":-169.241619861,"GROSS_PROFIT_RATIO":7.567861936663,"EPS_TTM":0.05512657701,"OPERATE_INCOME_QOQ":-12.021935696209,"NET_PROFIT_RATIO":-0.215196085,"ROE_AVG":-0.528563432408,"GROSS_PROFIT_QOQ":-9.368381387976,"ROA":-0.189573925616,"HOLDER_PROFIT_QOQ":-47.066753207849,"ROE_YEARLY":-1.057126864817,"ROIC_YEARLY":-0.479818579596,"TOTAL_ASSETS":14262414000,"TOTAL_LIABILITIES":9077734000,"TAX_EBT":225.080456008291,"OCF_SALES":5.480776169889,"TOTAL_PARENT_EQUITY":5063359000,"DEBT_ASSET_RATIO":63.6479490779,"OPERATE_PROFIT":141081000,"PRETAX_PROFIT":18333000,"NETCASH_OPERATE":584024000,"NETCASH_INVEST":428029000,"NETCASH_FINANCE":-816456000,"END_CASH":2557619000,"DIVI_RATIO":0.591307045861,"DIVIDEND_RATE":1.746116504854,"CURRENT_RATIO":1.02623453684,"COMMON_ACS":20000000000,"CURRENTDEBT_DEBT":73.339866534975,"ISSUED_COMMON_SHARES":1346247201,"HK_COMMON_SHARES":1346247201,"PER_SHARES":2000,"TOTAL_MARKET_CAP":2773269234.06,"HKSK_MARKET_CAP":2773269234.06,"PE_TTM":33.477271334214,"PB_TTM":0.499887004761,"REPORT_DATE_SQ":"2023-06-30 00:00:00","REPORT_TYPE_SQ":"2023年中报","OPERATE_INCOME_SQ":14088673000,"DPS_HKD":0.03597,"OPERATE_INCOME_QOQ_SQ":4.991482384726,"NET_PROFIT_RATIO_SQ":0.3174677984,"HOLDER_PROFIT_SQ":38991000,"HOLDER_PROFIT_QOQ_SQ":-58.390607816456,"ROE_AVG_SQ":0.836382723552,"PE_TTM_SQ":18.671856864237,"PB_TTM_SQ":0.764588006985,"ROA_SQ":0.272496826339,"START_DATE":"2024-01-01 00:00:00","FISCAL_YEAR":"12-31","CURRENCY":"HKD","IS_CNY_CODE":0,"DPS_HKD_LY":0.03597,"ORG_TYPE":"一般企业","PREMIUM_INCOME":null,"PREMIUM_INCOME_YOY":null,"NET_INTEREST_INCOME":null,"NET_INTEREST_INCOME_YOY":null,"FEE_COMMISSION_INCOME":null,"FEE_COMMISSION_INCOME_YOY":null,"ACCOUNTS_RECE_TDAYS":7.080775772219,"INVENTORY_TDAYS":8.3589210016,"CURRENT_ASSETS_TDAYS":1.613921921585,"TOTAL_ASSETS_TDAYS":0.748230898485,"PREMIUM_EXPENSE":null,"LOAN_DEPOSIT":null,"LOAN_EQUITY":null,"LOAN_ASSETS":null,"DEPOSIT_EQUITY":null,"DEPOSIT_ASSETS":null,"EQUITY_MULTIPLIER":2.750876428246,"EQUITY_RATIO":1.792828436617},{"SECUCODE":"01268.HK","SECURITY_CODE":"01268","SECURITY_NAME_ABBR":"美东汽车","ORG_CODE":"10354201","STD_REPORT_DATE":"2023-12-31 00:00:00","REPORT_DATE":"2023-12-31 00:00:00","DATE_TYPE_CODE":"001","REPORT_TYPE":"2023年年报","PER_NETCASH_OPERATE":0.606713981944,"PER_OI":21.21048272471,"BPS":3.827124020145,"BASIC_EPS":0.1044,"DILUTED_EPS":0.1041,"OPERATE_INCOME":28554553000,"OPERATE_INCOME_YOY":-0.3496141336,"GROSS_PROFIT":2077947000,"GROSS_PROFIT_YOY":-17.458917087393,"HOLDER_PROFIT":140203000,"HOLDER_PROFIT_YOY":-73.0911331231,"GROSS_PROFIT_RATIO":7.277112690225,"EPS_TTM":0.104143577714,"OPERATE_INCOME_QOQ":-5.087171260923,"NET_PROFIT_RATIO":0.5455522277,"ROE_AVG":2.974410118888,"GROSS_PROFIT_QOQ":-4.873808088313,"ROA":0.985270140077,"HOLDER_PROFIT_QOQ":-35.329824674696,"ROE_YEARLY":2.974410118888,"ROIC_YEARLY":1.224733157801,"TOTAL_ASSETS":14220406000,"TOTAL_LIABILITIES":8934266000,"TAX_EBT":59.482305695574,"OCF_SALES":2.86044400695,"TOTAL_PARENT_EQUITY":5152255000,"DEBT_ASSET_RATIO":62.8270810271,"OPERATE_PROFIT":655180000,"PRETAX_PROFIT":384474000,"NETCASH_OPERATE":816787000,"NETCASH_INVEST":156801000,"NETCASH_FINANCE":-250293000,"END_CASH":2361671000,"DIVI_RATIO":0.312998017885,"DIVIDEND_RATE":1.511344537815,"CURRENT_RATIO":1.432906924401,"COMMON_ACS":20000000000,"CURRENTDEBT_DEBT":49.778840253917,"ISSUED_COMMON_SHARES":1346247201,"HK_COMMON_SHARES":1346247201,"PER_SHARES":2000,"TOTAL_MARKET_CAP":3204068338.38,"HKSK_MARKET_CAP":3204068338.38,"PE_TTM":38.67762416283,"PB_TTM":0.577539355016,"REPORT_DATE_SQ":"2022-12-31 00:00:00","REPORT_TYPE_SQ":"2022年年报","OPERATE_INCOME_SQ":28654734000,"DPS_HKD":0.03597,"OPERATE_INCOME_QOQ_SQ":17.307871728066,"NET_PROFIT_RATIO_SQ":1.9401192138,"HOLDER_PROFIT_SQ":521029000,"HOLDER_PROFIT_QOQ_SQ":-46.41499227123,"ROE_AVG_SQ":12.674560459275,"PE_TTM_SQ":21.973953737334,"PB_TTM_SQ":0.899804535552,"ROA_SQ":4.334309566279,"START_DATE":"2023-01-01 00:00:00","FISCAL_YEAR":"12-31","CURRENCY":"HKD","IS_CNY_CODE":0,"DPS_HKD_LY":0.13734,"ORG_TYPE":"一般企业","PREMIUM_INCOME":null,"PREMIUM_INCOME_YOY":null,"NET_INTEREST_INCOME":null,"NET_INTEREST_INCOME_YOY":null,"FEE_COMMISSION_INCOME":null,"FEE_COMMISSION_INCOME_YOY":null,"ACCOUNTS_RECE_TDAYS":18.553959534126,"INVENTORY_TDAYS":26.093012621452,"CURRENT_ASSETS_TDAYS":4.657728353376,"TOTAL_ASSETS_TDAYS":2.006658091064,"PREMIUM_EXPENSE":null,"LOAN_DEPOSIT":null,"LOAN_EQUITY":null,"LOAN_ASSETS":null,"DEPOSIT_EQUITY":null,"DEPOSIT_ASSETS":null,"EQUITY_MULTIPLIER":2.690130416525,"EQUITY_RATIO":1.734049653986},{"SECUCODE":"01268.HK","SECURITY_CODE":"01268","SECURITY_NAME_ABBR":"美东汽车","ORG_CODE":"10354201","STD_REPORT_DATE":"2023-06-30 00:00:00","REPORT_DATE":"2023-06-30 00:00:00","DATE_TYPE_CODE":"002","REPORT_TYPE":"2023年中报","PER_NETCASH_OPERATE":0.31713937803,"PER_OI":10.465145620756,"BPS":3.750199811929,"BASIC_EPS":0.0291,"DILUTED_EPS":0.029,"OPERATE_INCOME":14088673000,"OPERATE_INCOME_YOY":11.2992052615,"GROSS_PROFIT":1001091000,"GROSS_PROFIT_YOY":-24.964134467639,"HOLDER_PROFIT":38991000,"HOLDER_PROFIT_YOY":-88.6397473363,"GROSS_PROFIT_RATIO":7.105644371191,"EPS_TTM":0.161038032123,"OPERATE_INCOME_QOQ":4.991482384726,"NET_PROFIT_RATIO":0.3174677984,"ROE_AVG":0.836382723552,"GROSS_PROFIT_QOQ":-13.229909393161,"ROA":0.272496826339,"HOLDER_PROFIT_QOQ":-58.390607816456,"ROE_YEARLY":1.672765447104,"ROIC_YEARLY":0.686285920345,"TOTAL_ASSETS":14378178000,"TOTAL_LIABILITIES":9198429000,"TAX_EBT":73.082131186018,"OCF_SALES":3.030434449007,"TOTAL_PARENT_EQUITY":5048696000,"DEBT_ASSET_RATIO":63.9749278386,"OPERATE_PROFIT":304653000,"PRETAX_PROFIT":166161000,"NETCASH_OPERATE":426948000,"NETCASH_INVEST":-832718000,"NETCASH_FINANCE":510478000,"END_CASH":1745531000,"DIVI_RATIO":0.202416366931,"DIVIDEND_RATE":1.511344537815,"CURRENT_RATIO":1.463045860314,"COMMON_ACS":20000000000,"CURRENTDEBT_DEBT":46.402825960824,"ISSUED_COMMON_SHARES":1346247201,"HK_COMMON_SHARES":1346247201,"PER_SHARES":2000,"TOTAL_MARKET_CAP":3204068338.38,"HKSK_MARKET_CAP":3204068338.38,"PE_TTM":38.67762416283,"PB_TTM":0.577539355016,"REPORT_DATE_SQ":"2022-06-30 00:00:00","REPORT_TYPE_SQ":"2022年中报","OPERATE_INCOME_SQ":12658377000,"DPS_HKD":0.03597,"OPERATE_INCOME_QOQ_SQ":3.606358806362,"NET_PROFIT_RATIO_SQ":2.8958767779,"HOLDER_PROFIT_SQ":343223000,"HOLDER_PROFIT_QOQ_SQ":-16.583078823651,"ROE_AVG_SQ":8.332885195614,"PE_TTM_SQ":21.973953737334,"PB_TTM_SQ":0.899804535552,"ROA_SQ":2.599054581524,"START_DATE":"2023-01-01 00:00:00","FISCAL_YEAR":"12-31","CURRENCY":"HKD","IS_CNY_CODE":0,"DPS_HKD_LY":0.13734,"ORG_TYPE":"一般企业","PREMIUM_INCOME":null,"PREMIUM_INCOME_YOY":null,"NET_INTEREST_INCOME":null,"NET_INTEREST_INCOME_YOY":null,"FEE_COMMISSION_INCOME":null,"FEE_COMMISSION_INCOME_YOY":null,"ACCOUNTS_RECE_TDAYS":9.664487893386,"INVENTORY_TDAYS":13.006473630441,"CURRENT_ASSETS_TDAYS":2.322326408913,"TOTAL_ASSETS_TDAYS":0.984616624305,"PREMIUM_EXPENSE":null,"LOAN_DEPOSIT":null,"LOAN_EQUITY":null,"LOAN_ASSETS":null,"DEPOSIT_EQUITY":null,"DEPOSIT_ASSETS":null,"EQUITY_MULTIPLIER":2.775844543822,"EQUITY_RATIO":1.821941546887},{"SECUCODE":"01268.HK","SECURITY_CODE":"01268","SECURITY_NAME_ABBR":"美东汽车","ORG_CODE":"10354201","STD_REPORT_DATE":"2022-12-31 00:00:00","REPORT_DATE":"2022-12-31 00:00:00","DATE_TYPE_CODE":"001","REPORT_TYPE":"2022年年报","PER_NETCASH_OPERATE":0.903843003764,"PER_OI":22.446619406842,"BPS":3.175513380325,"BASIC_EPS":0.4093,"DILUTED_EPS":0.4061,"OPERATE_INCOME":28654734000,"OPERATE_INCOME_YOY":21.5384144907,"GROSS_PROFIT":2517470000,"GROSS_PROFIT_YOY":-9.134123602165,"HOLDER_PROFIT":521029000,"HOLDER_PROFIT_YOY":-55.3010363406,"GROSS_PROFIT_RATIO":8.785529120598,"EPS_TTM":0.408146858489,"OPERATE_INCOME_QOQ":17.307871728066,"NET_PROFIT_RATIO":1.9401192138,"ROE_AVG":12.674560459275,"GROSS_PROFIT_QOQ":-11.077021110055,"ROA":4.334309566279,"HOLDER_PROFIT_QOQ":-46.41499227123,"ROE_YEARLY":12.674560459275,"ROIC_YEARLY":5.559631977117,"TOTAL_ASSETS":14239403000,"TOTAL_LIABILITIES":9805623000,"TAX_EBT":35.621279848067,"OCF_SALES":4.026633086177,"TOTAL_PARENT_EQUITY":4275026000,"DEBT_ASSET_RATIO":68.8625990851,"OPERATE_PROFIT":1113644000,"PRETAX_PROFIT":863540000,"NETCASH_OPERATE":1153821000,"NETCASH_INVEST":-3483460000,"NETCASH_FINANCE":1327784000,"END_CASH":1635625000,"DIVI_RATIO":0.079865207148,"DIVIDEND_RATE":1.511344537815,"CURRENT_RATIO":1.208205984075,"COMMON_ACS":20000000000,"CURRENTDEBT_DEBT":49.703481359624,"ISSUED_COMMON_SHARES":1346247201,"HK_COMMON_SHARES":1346247201,"PER_SHARES":2000,"TOTAL_MARKET_CAP":3204068338.38,"HKSK_MARKET_CAP":3204068338.38,"PE_TTM":38.67762416283,"PB_TTM":0.577539355016,"REPORT_DATE_SQ":"2021-12-31 00:00:00","REPORT_TYPE_SQ":"2021年年报","OPERATE_INCOME_SQ":23576689000,"DPS_HKD":0.03597,"OPERATE_INCOME_QOQ_SQ":0.038102982348,"NET_PROFIT_RATIO_SQ":5.1463545199,"HOLDER_PROFIT_SQ":1165640000,"HOLDER_PROFIT_QOQ_SQ":18.182509467153,"ROE_AVG_SQ":32.499452831267,"PE_TTM_SQ":21.973953737334,"PB_TTM_SQ":0.899804535552,"ROA_SQ":13.266244132626,"START_DATE":"2022-01-01 00:00:00","FISCAL_YEAR":"12-31","CURRENCY":"HKD","IS_CNY_CODE":0,"DPS_HKD_LY":0.90345,"ORG_TYPE":"一般企业","PREMIUM_INCOME":null,"PREMIUM_INCOME_YOY":null,"NET_INTEREST_INCOME":null,"NET_INTEREST_INCOME_YOY":null,"FEE_COMMISSION_INCOME":null,"FEE_COMMISSION_INCOME_YOY":null,"ACCOUNTS_RECE_TDAYS":16.967270716191,"INVENTORY_TDAYS":36.693767302908,"CURRENT_ASSETS_TDAYS":5.004495704835,"TOTAL_ASSETS_TDAYS":2.383715449531,"PREMIUM_EXPENSE":null,"LOAN_DEPOSIT":null,"LOAN_EQUITY":null,"LOAN_ASSETS":null,"DEPOSIT_EQUITY":null,"DEPOSIT_ASSETS":null,"EQUITY_MULTIPLIER":3.211571841635,"EQUITY_RATIO":2.293699032474},{"SECUCODE":"01268.HK","SECURITY_CODE":"01268","SECURITY_NAME_ABBR":"美东汽车","ORG_CODE":"10354201","STD_REPORT_DATE":"2022-06-30 00:00:00","REPORT_DATE":"2022-06-30 00:00:00","DATE_TYPE_CODE":"002","REPORT_TYPE":"2022年中报","PER_NETCASH_OPERATE":0.557545666709,"PER_OI":9.924812151043,"BPS":3.187505977218,"BASIC_EPS":0.2702,"DILUTED_EPS":0.2675,"OPERATE_INCOME":12658377000,"OPERATE_INCOME_YOY":7.2006400343,"GROSS_PROFIT":1334150000,"GROSS_PROFIT_YOY":4.752923958242,"HOLDER_PROFIT":343223000,"HOLDER_PROFIT_YOY":-36.0281591435,"GROSS_PROFIT_RATIO":10.539660811177,"EPS_TTM":0.762364857024,"OPERATE_INCOME_QOQ":3.606358806362,"NET_PROFIT_RATIO":2.8958767779,"ROE_AVG":8.332885195614,"GROSS_PROFIT_QOQ":2.184921751547,"ROA":2.599054581524,"HOLDER_PROFIT_QOQ":-16.583078823651,"ROE_YEARLY":16.665770391227,"ROIC_YEARLY":6.881509628255,"TOTAL_ASSETS":16608700000,"TOTAL_LIABILITIES":12144672000,"TAX_EBT":34.248297782274,"OCF_SALES":5.617694906701,"TOTAL_PARENT_EQUITY":4291171000,"DEBT_ASSET_RATIO":73.1223515387,"OPERATE_PROFIT":668123000,"PRETAX_PROFIT":557508000,"NETCASH_OPERATE":711109000,"NETCASH_INVEST":-2245531000,"NETCASH_FINANCE":2413597000,"END_CASH":3496358000,"DIVI_RATIO":0.042757392474,"DIVIDEND_RATE":1.511344537815,"CURRENT_RATIO":1.105753317384,"COMMON_ACS":20000000000,"CURRENTDEBT_DEBT":60.648768447596,"ISSUED_COMMON_SHARES":1346247201,"HK_COMMON_SHARES":1346247201,"PER_SHARES":2000,"TOTAL_MARKET_CAP":3204068338.38,"HKSK_MARKET_CAP":3204068338.38,"PE_TTM":38.67762416283,"PB_TTM":0.577539355016,"REPORT_DATE_SQ":"2021-06-30 00:00:00","REPORT_TYPE_SQ":"2021年中报","OPERATE_INCOME_SQ":11808117000,"DPS_HKD":0.03597,"OPERATE_INCOME_QOQ_SQ":16.628835727187,"NET_PROFIT_RATIO_SQ":4.666595021,"HOLDER_PROFIT_SQ":536522000,"HOLDER_PROFIT_QOQ_SQ":31.409564617258,"ROE_AVG_SQ":16.030571870563,"PE_TTM_SQ":21.973953737334,"PB_TTM_SQ":0.899804535552,"ROA_SQ":6.736269418635,"START_DATE":"2022-01-01 00:00:00","FISCAL_YEAR":"12-31","CURRENCY":"HKD","IS_CNY_CODE":0,"DPS_HKD_LY":0.90345,"ORG_TYPE":"一般企业","PREMIUM_INCOME":null,"PREMIUM_INCOME_YOY":null,"NET_INTEREST_INCOME":null,"NET_INTEREST_INCOME_YOY":null,"FEE_COMMISSION_INCOME":null,"FEE_COMMISSION_INCOME_YOY":null,"ACCOUNTS_RECE_TDAYS":7.399139169875,"INVENTORY_TDAYS":13.055368918607,"CURRENT_ASSETS_TDAYS":1.846906946121,"TOTAL_ASSETS_TDAYS":0.958555013403,"PREMIUM_EXPENSE":null,"LOAN_DEPOSIT":null,"LOAN_EQUITY":null,"LOAN_ASSETS":null,"DEPOSIT_EQUITY":null,"DEPOSIT_ASSETS":null,"EQUITY_MULTIPLIER":3.720563580701,"EQUITY_RATIO":2.830153354411},{"SECUCODE":"01268.HK","SECURITY_CODE":"01268","SECURITY_NAME_ABBR":"美东汽车","ORG_CODE":"10354201","STD_REPORT_DATE":"2021-12-31 00:00:00","REPORT_DATE":"2021-12-31 00:00:00","DATE_TYPE_CODE":"001","REPORT_TYPE":"2021年年报","PER_NETCASH_OPERATE":1.452014094024,"PER_OI":18.893585712848,"BPS":2.931574525888,"BASIC_EPS":0.9362,"DILUTED_EPS":0.9238,"OPERATE_INCOME":23576689000,"OPERATE_INCOME_YOY":16.6732747919,"GROSS_PROFIT":2770534000,"GROSS_PROFIT_YOY":36.113476125041,"HOLDER_PROFIT":1165640000,"HOLDER_PROFIT_YOY":55.3031211445,"GROSS_PROFIT_RATIO":11.751158103668,"EPS_TTM":0.934105685931,"OPERATE_INCOME_QOQ":0.038102982348,"NET_PROFIT_RATIO":5.1463545199,"ROE_AVG":32.499452831267,"GROSS_PROFIT_QOQ":11.269285636257,"ROA":13.266244132626,"HOLDER_PROFIT_QOQ":18.182509467153,"ROE_YEARLY":32.499452831267,"ROIC_YEARLY":19.226460084981,"TOTAL_ASSETS":9802673000,"TOTAL_LIABILITIES":5686080000,"TAX_EBT":24.766379189007,"OCF_SALES":7.685222466988,"TOTAL_PARENT_EQUITY":3946624000,"DEBT_ASSET_RATIO":58.0054032201,"OPERATE_PROFIT":1698021000,"PRETAX_PROFIT":1612763000,"NETCASH_OPERATE":1811921000,"NETCASH_INVEST":-1382058000,"NETCASH_FINANCE":-317494000,"END_CASH":2621741000,"DIVI_RATIO":0.034896194179,"DIVIDEND_RATE":1.511344537815,"CURRENT_RATIO":1.360358972478,"COMMON_ACS":20000000000,"CURRENTDEBT_DEBT":71.920373965896,"ISSUED_COMMON_SHARES":1346247201,"HK_COMMON_SHARES":1346247201,"PER_SHARES":2000,"TOTAL_MARKET_CAP":3204068338.38,"HKSK_MARKET_CAP":3204068338.38,"PE_TTM":38.67762416283,"PB_TTM":0.577539355016,"REPORT_DATE_SQ":"2020-12-31 00:00:00","REPORT_TYPE_SQ":"2020年年报","OPERATE_INCOME_SQ":20207446000,"DPS_HKD":0.03597,"OPERATE_INCOME_QOQ_SQ":13.430275992611,"NET_PROFIT_RATIO_SQ":3.8133369254,"HOLDER_PROFIT_SQ":750558000,"HOLDER_PROFIT_QOQ_SQ":21.876476653649,"ROE_AVG_SQ":30.397713523386,"PE_TTM_SQ":21.973953737334,"PB_TTM_SQ":0.899804535552,"ROA_SQ":10.960836183649,"START_DATE":"2021-01-01 00:00:00","FISCAL_YEAR":"12-31","CURRENCY":"HKD","IS_CNY_CODE":0,"DPS_HKD_LY":0.442992,"ORG_TYPE":"一般企业","PREMIUM_INCOME":null,"PREMIUM_INCOME_YOY":null,"NET_INTEREST_INCOME":null,"NET_INTEREST_INCOME_YOY":null,"FEE_COMMISSION_INCOME":null,"FEE_COMMISSION_INCOME_YOY":null,"ACCOUNTS_RECE_TDAYS":14.139473893324,"INVENTORY_TDAYS":48.923541957162,"CURRENT_ASSETS_TDAYS":4.418113624055,"TOTAL_ASSETS_TDAYS":2.683282249348,"PREMIUM_EXPENSE":null,"LOAN_DEPOSIT":null,"LOAN_EQUITY":null,"LOAN_ASSETS":null,"DEPOSIT_EQUITY":null,"DEPOSIT_ASSETS":null,"EQUITY_MULTIPLIER":2.381258725357,"EQUITY_RATIO":1.440745305355},{"SECUCODE":"01268.HK","SECURITY_CODE":"01268","SECURITY_NAME_ABBR":"美东汽车","ORG_CODE":"10354201","STD_REPORT_DATE":"2021-06-30 00:00:00","REPORT_DATE":"2021-06-30 00:00:00","DATE_TYPE_CODE":"002","REPORT_TYPE":"2021年中报","PER_NETCASH_OPERATE":0.611580845623,"PER_OI":9.483984823866,"BPS":2.575358372091,"BASIC_EPS":0.4311,"DILUTED_EPS":0.4253,"OPERATE_INCOME":11808117000,"OPERATE_INCOME_YOY":39.7765278614,"GROSS_PROFIT":1273616000,"GROSS_PROFIT_YOY":55.482280785068,"HOLDER_PROFIT":536522000,"HOLDER_PROFIT_YOY":78.3798520489,"GROSS_PROFIT_RATIO":10.785936487587,"EPS_TTM":0.792175556162,"OPERATE_INCOME_QOQ":16.628835727187,"NET_PROFIT_RATIO":4.666595021,"ROE_AVG":16.030571870563,"GROSS_PROFIT_QOQ":22.327985972697,"ROA":6.736269418635,"HOLDER_PROFIT_QOQ":31.409564617258,"ROE_YEARLY":32.061143741125,"ROIC_YEARLY":20.746593459136,"TOTAL_ASSETS":8159002000,"TOTAL_LIABILITIES":4549923000,"TAX_EBT":24.437536253149,"OCF_SALES":6.448564152947,"TOTAL_PARENT_EQUITY":3467069000,"DEBT_ASSET_RATIO":55.7656806556,"OPERATE_PROFIT":770750000,"PRETAX_PROFIT":729247000,"NETCASH_OPERATE":761454000,"NETCASH_INVEST":-317760000,"NETCASH_FINANCE":-183217000,"END_CASH":2787111000,"DIVI_RATIO":0.041148370644,"DIVIDEND_RATE":1.511344537815,"CURRENT_RATIO":1.65962999813,"COMMON_ACS":20000000000,"CURRENTDEBT_DEBT":67.35215079464,"ISSUED_COMMON_SHARES":1346247201,"HK_COMMON_SHARES":1346247201,"PER_SHARES":2000,"TOTAL_MARKET_CAP":3204068338.38,"HKSK_MARKET_CAP":3204068338.38,"PE_TTM":38.67762416283,"PB_TTM":0.577539355016,"REPORT_DATE_SQ":"2020-06-30 00:00:00","REPORT_TYPE_SQ":"2020年中报","OPERATE_INCOME_SQ":8447854000,"DPS_HKD":0.03597,"OPERATE_INCOME_QOQ_SQ":9.900309185325,"NET_PROFIT_RATIO_SQ":3.6363081085,"HOLDER_PROFIT_SQ":300775000,"HOLDER_PROFIT_QOQ_SQ":11.805138241611,"ROE_AVG_SQ":12.90689548558,"PE_TTM_SQ":21.973953737334,"PB_TTM_SQ":0.899804535552,"ROA_SQ":4.576829139599,"START_DATE":"2021-01-01 00:00:00","FISCAL_YEAR":"12-31","CURRENCY":"HKD","IS_CNY_CODE":0,"DPS_HKD_LY":0.442992,"ORG_TYPE":"一般企业","PREMIUM_INCOME":null,"PREMIUM_INCOME_YOY":null,"NET_INTEREST_INCOME":null,"NET_INTEREST_INCOME_YOY":null,"FEE_COMMISSION_INCOME":null,"FEE_COMMISSION_INCOME_YOY":null,"ACCOUNTS_RECE_TDAYS":8.870666690706,"INVENTORY_TDAYS":18.810450070487,"CURRENT_ASSETS_TDAYS":2.316337155539,"TOTAL_ASSETS_TDAYS":1.482560965604,"PREMIUM_EXPENSE":null,"LOAN_DEPOSIT":null,"LOAN_EQUITY":null,"LOAN_ASSETS":null,"DEPOSIT_EQUITY":null,"DEPOSIT_ASSETS":null,"EQUITY_MULTIPLIER":2.260688114616,"EQUITY_RATIO":1.312325482994},{"SECUCODE":"01268.HK","SECURITY_CODE":"01268","SECURITY_NAME_ABBR":"美东汽车","ORG_CODE":"10354201","STD_REPORT_DATE":"2020-12-31 00:00:00","REPORT_DATE":"2020-12-31 00:00:00","DATE_TYPE_CODE":"001","REPORT_TYPE":"2020年年报","PER_NETCASH_OPERATE":0.957080588349,"PER_OI":16.237125889372,"BPS":2.396785670272,"BASIC_EPS":0.6219,"DILUTED_EPS":0.6136,"OPERATE_INCOME":20207446000,"OPERATE_INCOME_YOY":24.6602240256,"GROSS_PROFIT":2035459000,"GROSS_PROFIT_YOY":30.67666904207,"HOLDER_PROFIT":750558000,"HOLDER_PROFIT_YOY":36.2641632066,"GROSS_PROFIT_RATIO":10.072816723103,"EPS_TTM":0.603089808246,"OPERATE_INCOME_QOQ":13.430275992611,"NET_PROFIT_RATIO":3.8133369254,"ROE_AVG":30.397713523386,"GROSS_PROFIT_QOQ":20.853406703803,"ROA":10.960836183649,"HOLDER_PROFIT_QOQ":21.876476653649,"ROE_YEARLY":30.397713523386,"ROIC_YEARLY":15.227887868511,"TOTAL_ASSETS":7770349000,"TOTAL_LIABILITIES":4425774000,"TAX_EBT":26.766455684173,"OCF_SALES":5.894396550658,"TOTAL_PARENT_EQUITY":3226666000,"DEBT_ASSET_RATIO":56.9572100301,"OPERATE_PROFIT":1145998000,"PRETAX_PROFIT":1052220000,"NETCASH_OPERATE":1191107000,"NETCASH_INVEST":-145372000,"NETCASH_FINANCE":448584000,"END_CASH":2538030000,"DIVI_RATIO":0.054049551086,"DIVIDEND_RATE":1.511344537815,"CURRENT_RATIO":1.66945747092,"COMMON_ACS":20000000000,"CURRENTDEBT_DEBT":69.155067565583,"ISSUED_COMMON_SHARES":1346247201,"HK_COMMON_SHARES":1346247201,"PER_SHARES":2000,"TOTAL_MARKET_CAP":3204068338.38,"HKSK_MARKET_CAP":3204068338.38,"PE_TTM":38.67762416283,"PB_TTM":0.577539355016,"REPORT_DATE_SQ":"2019-12-31 00:00:00","REPORT_TYPE_SQ":"2019年年报","OPERATE_INCOME_SQ":16210019000,"DPS_HKD":0.03597,"OPERATE_INCOME_QOQ_SQ":19.510391346308,"NET_PROFIT_RATIO_SQ":3.4393975726,"HOLDER_PROFIT_SQ":550811000,"HOLDER_PROFIT_QOQ_SQ":24.873836415821,"ROE_AVG_SQ":35.639582828509,"PE_TTM_SQ":21.973953737334,"PB_TTM_SQ":0.899804535552,"ROA_SQ":10.907757621317,"START_DATE":"2020-01-01 00:00:00","FISCAL_YEAR":"12-31","CURRENCY":"HKD","IS_CNY_CODE":0,"DPS_HKD_LY":0.382582,"ORG_TYPE":"一般企业","PREMIUM_INCOME":null,"PREMIUM_INCOME_YOY":null,"NET_INTEREST_INCOME":null,"NET_INTEREST_INCOME_YOY":null,"FEE_COMMISSION_INCOME":null,"FEE_COMMISSION_INCOME_YOY":null,"ACCOUNTS_RECE_TDAYS":15.099728716013,"INVENTORY_TDAYS":35.087457074698,"CURRENT_ASSETS_TDAYS":4.5437738664,"TOTAL_ASSETS_TDAYS":2.951011184957,"PREMIUM_EXPENSE":null,"LOAN_DEPOSIT":null,"LOAN_EQUITY":null,"LOAN_ASSETS":null,"DEPOSIT_EQUITY":null,"DEPOSIT_ASSETS":null,"EQUITY_MULTIPLIER":2.323269473701,"EQUITY_RATIO":1.371624456947},{"SECUCODE":"01268.HK","SECURITY_CODE":"01268","SECURITY_NAME_ABBR":"美东汽车","ORG_CODE":"10354201","STD_REPORT_DATE":"2020-06-30 00:00:00","REPORT_DATE":"2020-06-30 00:00:00","DATE_TYPE_CODE":"002","REPORT_TYPE":"2020年中报","PER_NETCASH_OPERATE":0.410196493053,"PER_OI":6.793494621757,"BPS":2.190608082832,"BASIC_EPS":0.2572,"DILUTED_EPS":0.2542,"OPERATE_INCOME":8447854000,"OPERATE_INCOME_YOY":23.4522751093,"GROSS_PROFIT":819139000,"GROSS_PROFIT_YOY":18.281925285655,"HOLDER_PROFIT":300775000,"HOLDER_PROFIT_YOY":27.581643344,"GROSS_PROFIT_RATIO":9.696415207933,"EPS_TTM":0.495234856141,"OPERATE_INCOME_QOQ":9.900309185325,"NET_PROFIT_RATIO":3.6363081085,"ROE_AVG":12.90689548558,"GROSS_PROFIT_QOQ":8.128246117499,"ROA":4.576829139599,"HOLDER_PROFIT_QOQ":11.805138241611,"ROE_YEARLY":25.813790971159,"ROIC_YEARLY":12.668632545844,"TOTAL_ASSETS":7218459000,"TOTAL_LIABILITIES":4185902000,"TAX_EBT":25.194932960595,"OCF_SALES":6.038077836099,"TOTAL_PARENT_EQUITY":2949100000,"DEBT_ASSET_RATIO":57.9888588409,"OPERATE_PROFIT":452578000,"PRETAX_PROFIT":410654000,"NETCASH_OPERATE":510088000,"NETCASH_INVEST":-49248000,"NETCASH_FINANCE":796853000,"END_CASH":2381585000,"DIVI_RATIO":0.065820757557,"DIVIDEND_RATE":1.511344537815,"CURRENT_RATIO":1.639203430466,"COMMON_ACS":20000000000,"CURRENTDEBT_DEBT":67.199662103891,"ISSUED_COMMON_SHARES":1346247201,"HK_COMMON_SHARES":1346247201,"PER_SHARES":2000,"TOTAL_MARKET_CAP":3204068338.38,"HKSK_MARKET_CAP":3204068338.38,"PE_TTM":38.67762416283,"PB_TTM":0.577539355016,"REPORT_DATE_SQ":"2019-06-30 00:00:00","REPORT_TYPE_SQ":"2019年中报","OPERATE_INCOME_SQ":6843012000,"DPS_HKD":0.03597,"OPERATE_INCOME_QOQ_SQ":22.55507695377,"NET_PROFIT_RATIO_SQ":3.4930817014,"HOLDER_PROFIT_SQ":235751000,"HOLDER_PROFIT_QOQ_SQ":21.537270375197,"ROE_AVG_SQ":16.678758567946,"PE_TTM_SQ":21.973953737334,"PB_TTM_SQ":0.899804535552,"ROA_SQ":5.097462198937,"START_DATE":"2020-01-01 00:00:00","FISCAL_YEAR":"12-31","CURRENCY":"HKD","IS_CNY_CODE":0,"DPS_HKD_LY":0.382582,"ORG_TYPE":"一般企业","PREMIUM_INCOME":null,"PREMIUM_INCOME_YOY":null,"NET_INTEREST_INCOME":null,"NET_INTEREST_INCOME_YOY":null,"FEE_COMMISSION_INCOME":null,"FEE_COMMISSION_INCOME_YOY":null,"ACCOUNTS_RECE_TDAYS":8.003268436707,"INVENTORY_TDAYS":13.292319996376,"CURRENT_ASSETS_TDAYS":2.012380834409,"TOTAL_ASSETS_TDAYS":1.285491957586,"PREMIUM_EXPENSE":null,"LOAN_DEPOSIT":null,"LOAN_EQUITY":null,"LOAN_ASSETS":null,"DEPOSIT_EQUITY":null,"DEPOSIT_ASSETS":null,"EQUITY_MULTIPLIER":2.380320963463,"EQUITY_RATIO":1.419382862568}],"count":27},"success":true,"message":"ok","code":0}