{"version":"4c841a0eb07dc429088ee1eb5d5c12c0","result":{"pages":4,"data":[{"SECUCODE":"01263.HK","SECURITY_CODE":"01263","SECURITY_NAME_ABBR":"栢能集团","ORG_CODE":"10194703","STD_REPORT_DATE":"2024-06-30 00:00:00","REPORT_DATE":"2024-06-30 00:00:00","DATE_TYPE_CODE":"002","REPORT_TYPE":"2024年中报","PER_NETCASH_OPERATE":1.314135711432,"PER_OI":11.633672859977,"BPS":6.787723893649,"BASIC_EPS":0.45634,"DILUTED_EPS":0.45634,"OPERATE_INCOME":4512511701.24,"OPERATE_INCOME_YOY":18.4124742752,"GROSS_PROFIT":509596703.36,"GROSS_PROFIT_YOY":70.723242111452,"HOLDER_PROFIT":177114680.8,"HOLDER_PROFIT_YOY":865.3765794448,"GROSS_PROFIT_RATIO":11.292972453013,"EPS_TTM":0.550985256487,"OPERATE_INCOME_QOQ":7.978784529118,"NET_PROFIT_RATIO":3.8886640483,"ROE_AVG":6.860184241514,"GROSS_PROFIT_QOQ":33.243125689,"ROA":3.625641916202,"HOLDER_PROFIT_QOQ":287.611995995122,"ROE_YEARLY":13.720368483028,"ROIC_YEARLY":13.015458623722,"TOTAL_ASSETS":4937138809.28,"TOTAL_LIABILITIES":2304666679.52,"TAX_EBT":15.842667612132,"OCF_SALES":11.295965833395,"TOTAL_PARENT_EQUITY":2632847241.24,"DEBT_ASSET_RATIO":46.6802082856,"OPERATE_PROFIT":224793996.68,"PRETAX_PROFIT":208509960.12,"NETCASH_OPERATE":509731780,"NETCASH_INVEST":50949448.32,"NETCASH_FINANCE":-746197128.52,"END_CASH":1719955499.48,"DIVI_RATIO":0.660235452251,"DIVIDEND_RATE":5.284015852048,"CURRENT_RATIO":1.931304422886,"COMMON_ACS":1000000000,"CURRENTDEBT_DEBT":97.720266881676,"ISSUED_COMMON_SHARES":387883668,"HK_COMMON_SHARES":387883668,"PER_SHARES":2000,"TOTAL_MARKET_CAP":2936279366.76,"HKSK_MARKET_CAP":2936279366.76,"PE_TTM":12.505395491331,"PB_TTM":1.017865150123,"REPORT_DATE_SQ":"2023-06-30 00:00:00","REPORT_TYPE_SQ":"2023年中报","OPERATE_INCOME_SQ":3849673093.18,"DPS_HKD":0.4,"OPERATE_INCOME_QOQ_SQ":-18.714017960329,"NET_PROFIT_RATIO_SQ":0.4592329289,"HOLDER_PROFIT_SQ":18533641.96,"HOLDER_PROFIT_QOQ_SQ":-106.363453905863,"ROE_AVG_SQ":0.715685408876,"PE_TTM_SQ":-13.31257827389,"PB_TTM_SQ":0.382455600348,"ROA_SQ":0.358644451716,"START_DATE":"2024-01-01 00:00:00","FISCAL_YEAR":"12-31","CURRENCY":"HKD","IS_CNY_CODE":0,"DPS_HKD_LY":0.4,"ORG_TYPE":"一般企业","PREMIUM_INCOME":null,"PREMIUM_INCOME_YOY":null,"NET_INTEREST_INCOME":null,"NET_INTEREST_INCOME_YOY":null,"FEE_COMMISSION_INCOME":null,"FEE_COMMISSION_INCOME_YOY":null,"ACCOUNTS_RECE_TDAYS":5.15348478942,"INVENTORY_TDAYS":3.471466739063,"CURRENT_ASSETS_TDAYS":1.052686117905,"TOTAL_ASSETS_TDAYS":0.923737744238,"PREMIUM_EXPENSE":null,"LOAN_DEPOSIT":null,"LOAN_EQUITY":null,"LOAN_ASSETS":null,"DEPOSIT_EQUITY":null,"DEPOSIT_ASSETS":null,"EQUITY_MULTIPLIER":1.875476193449,"EQUITY_RATIO":0.875351461118},{"SECUCODE":"01263.HK","SECURITY_CODE":"01263","SECURITY_NAME_ABBR":"栢能集团","ORG_CODE":"10194703","STD_REPORT_DATE":"2023-12-31 00:00:00","REPORT_DATE":"2023-12-31 00:00:00","DATE_TYPE_CODE":"001","REPORT_TYPE":"2023年年报","PER_NETCASH_OPERATE":8.363603972674,"PER_OI":21.417538975371,"BPS":6.478217868199,"BASIC_EPS":0.1449952,"DILUTED_EPS":0.1449952,"OPERATE_INCOME":8307513577.3,"OPERATE_INCOME_YOY":-14.9238703896,"GROSS_PROFIT":635030040.12,"GROSS_PROFIT_YOY":-54.515533807077,"HOLDER_PROFIT":55137143.46,"HOLDER_PROFIT_YOY":-91.3388774691,"GROSS_PROFIT_RATIO":7.644044565334,"EPS_TTM":0.142148659531,"OPERATE_INCOME_QOQ":6.180058746255,"NET_PROFIT_RATIO":0.6532845581,"ROE_AVG":2.164600809337,"GROSS_PROFIT_QOQ":20.588814070815,"ROA":1.062685019727,"HOLDER_PROFIT_QOQ":238.08044376231,"ROE_YEARLY":2.164600809337,"ROIC_YEARLY":1.803144767693,"TOTAL_ASSETS":4798767482.74,"TOTAL_LIABILITIES":2284718365.44,"TAX_EBT":32.050467459381,"OCF_SALES":39.050256811911,"TOTAL_PARENT_EQUITY":2512794908.82,"DEBT_ASSET_RATIO":47.6105244452,"OPERATE_PROFIT":133614889.24,"PRETAX_PROFIT":79870605.92,"NETCASH_OPERATE":3244105386.62,"NETCASH_INVEST":-350732514.16,"NETCASH_FINANCE":-2984904717.34,"END_CASH":1903407269.82,"DIVI_RATIO":2.559151814736,"DIVIDEND_RATE":8.163265306122,"CURRENT_RATIO":1.887317085505,"COMMON_ACS":1000000000,"CURRENTDEBT_DEBT":97.261172670271,"ISSUED_COMMON_SHARES":387883668,"HK_COMMON_SHARES":387883668,"PER_SHARES":2000,"TOTAL_MARKET_CAP":1900629973.2,"HKSK_MARKET_CAP":1900629973.2,"PE_TTM":8.094641731509,"PB_TTM":0.658855909591,"REPORT_DATE_SQ":"2022-12-31 00:00:00","REPORT_TYPE_SQ":"2022年年报","OPERATE_INCOME_SQ":9625259377.16,"DPS_HKD":0.4,"OPERATE_INCOME_QOQ_SQ":-23.55517915072,"NET_PROFIT_RATIO_SQ":6.5139390911,"HOLDER_PROFIT_SQ":627507882.68,"HOLDER_PROFIT_QOQ_SQ":-66.109752369716,"ROE_AVG_SQ":23.667713235792,"PE_TTM_SQ":-14.239094710534,"PB_TTM_SQ":0.409073389383,"ROA_SQ":10.741426044324,"START_DATE":"2023-01-01 00:00:00","FISCAL_YEAR":"12-31","CURRENCY":"HKD","IS_CNY_CODE":0,"DPS_HKD_LY":0.35,"ORG_TYPE":"一般企业","PREMIUM_INCOME":null,"PREMIUM_INCOME_YOY":null,"NET_INTEREST_INCOME":null,"NET_INTEREST_INCOME_YOY":null,"FEE_COMMISSION_INCOME":null,"FEE_COMMISSION_INCOME_YOY":null,"ACCOUNTS_RECE_TDAYS":8.509064396151,"INVENTORY_TDAYS":5.706223287259,"CURRENT_ASSETS_TDAYS":1.824373310524,"TOTAL_ASSETS_TDAYS":1.601147552408,"PREMIUM_EXPENSE":null,"LOAN_DEPOSIT":null,"LOAN_EQUITY":null,"LOAN_ASSETS":null,"DEPOSIT_EQUITY":null,"DEPOSIT_ASSETS":null,"EQUITY_MULTIPLIER":1.908780321639,"EQUITY_RATIO":0.909233920134},{"SECUCODE":"01263.HK","SECURITY_CODE":"01263","SECURITY_NAME_ABBR":"栢能集团","ORG_CODE":"10194703","STD_REPORT_DATE":"2023-06-30 00:00:00","REPORT_DATE":"2023-06-30 00:00:00","DATE_TYPE_CODE":"002","REPORT_TYPE":"2023年中报","PER_NETCASH_OPERATE":5.022739714682,"PER_OI":9.924813573692,"BPS":6.581170200443,"BASIC_EPS":0.04794296,"DILUTED_EPS":0.04794296,"OPERATE_INCOME":3849673093.18,"OPERATE_INCOME_YOY":-36.8106600886,"GROSS_PROFIT":298492868.96,"GROSS_PROFIT_YOY":-74.444807875754,"HOLDER_PROFIT":18533641.96,"HOLDER_PROFIT_YOY":-97.4939193072,"GROSS_PROFIT_RATIO":7.753719906472,"EPS_TTM":-0.102946264987,"OPERATE_INCOME_QOQ":-18.714017960329,"NET_PROFIT_RATIO":0.4592329289,"ROE_AVG":0.715685408876,"GROSS_PROFIT_QOQ":-62.281355411446,"ROA":0.358644451716,"HOLDER_PROFIT_QOQ":-106.363453905863,"ROE_YEARLY":1.431370817751,"ROIC_YEARLY":1.188098330474,"TOTAL_ASSETS":4660193087.02,"TOTAL_LIABILITIES":2106162814.18,"TAX_EBT":35.470301194683,"OCF_SALES":50.607899860159,"TOTAL_PARENT_EQUITY":2552728437.08,"DEBT_ASSET_RATIO":45.1947542699,"OPERATE_PROFIT":59816218.44,"PRETAX_PROFIT":27396635.7,"NETCASH_OPERATE":1943076537.92,"NETCASH_INVEST":-185163087.36,"NETCASH_FINANCE":-1902962110.1,"END_CASH":1876032918.26,"DIVI_RATIO":-3.533688182339,"DIVIDEND_RATE":8.163265306122,"CURRENT_RATIO":1.973711970567,"COMMON_ACS":1000000000,"CURRENTDEBT_DEBT":96.399565573494,"ISSUED_COMMON_SHARES":387883668,"HK_COMMON_SHARES":387883668,"PER_SHARES":2000,"TOTAL_MARKET_CAP":1900629973.2,"HKSK_MARKET_CAP":1900629973.2,"PE_TTM":8.094641731509,"PB_TTM":0.658855909591,"REPORT_DATE_SQ":"2022-06-30 00:00:00","REPORT_TYPE_SQ":"2022年中报","OPERATE_INCOME_SQ":5650945861.75,"DPS_HKD":0.4,"OPERATE_INCOME_QOQ_SQ":-0.381373585014,"NET_PROFIT_RATIO_SQ":12.1352487392,"HOLDER_PROFIT_SQ":685972699.51,"HOLDER_PROFIT_QOQ_SQ":-4.618464422406,"ROE_AVG_SQ":25.279363743215,"PE_TTM_SQ":-14.239094710534,"PB_TTM_SQ":0.409073389383,"ROA_SQ":11.382648793201,"START_DATE":"2023-01-01 00:00:00","FISCAL_YEAR":"12-31","CURRENCY":"HKD","IS_CNY_CODE":0,"DPS_HKD_LY":0.35,"ORG_TYPE":"一般企业","PREMIUM_INCOME":null,"PREMIUM_INCOME_YOY":null,"NET_INTEREST_INCOME":null,"NET_INTEREST_INCOME_YOY":null,"FEE_COMMISSION_INCOME":null,"FEE_COMMISSION_INCOME_YOY":null,"ACCOUNTS_RECE_TDAYS":4.004541197581,"INVENTORY_TDAYS":2.581503029255,"CURRENT_ASSETS_TDAYS":0.854903495173,"TOTAL_ASSETS_TDAYS":0.744950128403,"PREMIUM_EXPENSE":null,"LOAN_DEPOSIT":null,"LOAN_EQUITY":null,"LOAN_ASSETS":null,"DEPOSIT_EQUITY":null,"DEPOSIT_ASSETS":null,"EQUITY_MULTIPLIER":1.824642854308,"EQUITY_RATIO":0.825063404155},{"SECUCODE":"01263.HK","SECURITY_CODE":"01263","SECURITY_NAME_ABBR":"栢能集团","ORG_CODE":"10194703","STD_REPORT_DATE":"2022-12-31 00:00:00","REPORT_DATE":"2022-12-31 00:00:00","DATE_TYPE_CODE":"001","REPORT_TYPE":"2022年年报","PER_NETCASH_OPERATE":6.159016257244,"PER_OI":24.827611198623,"BPS":6.560608619438,"BASIC_EPS":1.6168187,"DILUTED_EPS":1.6168187,"OPERATE_INCOME":9625259377.16,"OPERATE_INCOME_YOY":-30.2977575279,"GROSS_PROFIT":1396147065.74,"GROSS_PROFIT_YOY":-60.169075156389,"HOLDER_PROFIT":627507882.68,"HOLDER_PROFIT_YOY":-70.4132551636,"GROSS_PROFIT_RATIO":14.505033173994,"EPS_TTM":1.618607990162,"OPERATE_INCOME_QOQ":-23.55517915072,"NET_PROFIT_RATIO":6.5139390911,"ROE_AVG":23.667713235792,"GROSS_PROFIT_QOQ":-55.282494667878,"ROA":10.741426044324,"HOLDER_PROFIT_QOQ":-66.109752369716,"ROE_YEARLY":23.667713235792,"ROIC_YEARLY":19.782115799681,"TOTAL_ASSETS":5504338672.7,"TOTAL_LIABILITIES":2957496378.55,"TAX_EBT":16.75873568562,"OCF_SALES":24.807123842771,"TOTAL_PARENT_EQUITY":2544752935.62,"DEBT_ASSET_RATIO":53.6808828745,"OPERATE_PROFIT":818478289.44,"PRETAX_PROFIT":753212410.16,"NETCASH_OPERATE":2387750013.88,"NETCASH_INVEST":-475298247.76,"NETCASH_FINANCE":-3268496368.48,"END_CASH":1971435277.49,"DIVI_RATIO":0.2247486743,"DIVIDEND_RATE":8.163265306122,"CURRENT_RATIO":1.690567802688,"COMMON_ACS":1000000000,"CURRENTDEBT_DEBT":97.064392537902,"ISSUED_COMMON_SHARES":387883668,"HK_COMMON_SHARES":387883668,"PER_SHARES":2000,"TOTAL_MARKET_CAP":1900629973.2,"HKSK_MARKET_CAP":1900629973.2,"PE_TTM":8.094641731509,"PB_TTM":0.658855909591,"REPORT_DATE_SQ":"2021-12-31 00:00:00","REPORT_TYPE_SQ":"2021年年报","OPERATE_INCOME_SQ":12639323368,"DPS_HKD":0.4,"OPERATE_INCOME_QOQ_SQ":36.999291137389,"NET_PROFIT_RATIO_SQ":15.3732294762,"HOLDER_PROFIT_SQ":1941244032,"HOLDER_PROFIT_QOQ_SQ":110.75209432586,"ROE_AVG_SQ":113.319066155288,"PE_TTM_SQ":-14.239094710534,"PB_TTM_SQ":0.409073389383,"ROA_SQ":43.518209476197,"START_DATE":"2022-01-01 00:00:00","FISCAL_YEAR":"12-31","CURRENCY":"HKD","IS_CNY_CODE":0,"DPS_HKD_LY":2.41,"ORG_TYPE":"一般企业","PREMIUM_INCOME":null,"PREMIUM_INCOME_YOY":null,"NET_INTEREST_INCOME":null,"NET_INTEREST_INCOME_YOY":null,"FEE_COMMISSION_INCOME":null,"FEE_COMMISSION_INCOME_YOY":null,"ACCOUNTS_RECE_TDAYS":8.392987790986,"INVENTORY_TDAYS":5.510540936302,"CURRENT_ASSETS_TDAYS":1.784481088974,"TOTAL_ASSETS_TDAYS":1.647612956122,"PREMIUM_EXPENSE":null,"LOAN_DEPOSIT":null,"LOAN_EQUITY":null,"LOAN_ASSETS":null,"DEPOSIT_EQUITY":null,"DEPOSIT_ASSETS":null,"EQUITY_MULTIPLIER":2.158935795971,"EQUITY_RATIO":1.162193915626},{"SECUCODE":"01263.HK","SECURITY_CODE":"01263","SECURITY_NAME_ABBR":"栢能集团","ORG_CODE":"10194703","STD_REPORT_DATE":"2022-06-30 00:00:00","REPORT_DATE":"2022-06-30 00:00:00","DATE_TYPE_CODE":"002","REPORT_TYPE":"2022年中报","PER_NETCASH_OPERATE":1.864699357802,"PER_OI":14.576177250134,"BPS":7.184650291051,"BASIC_EPS":1.7702433,"DILUTED_EPS":1.76853292,"OPERATE_INCOME":5650945861.75,"OPERATE_INCOME_YOY":-3.5252610493,"GROSS_PROFIT":1168032185.04,"GROSS_PROFIT_YOY":-24.694924593516,"HOLDER_PROFIT":685972699.51,"HOLDER_PROFIT_YOY":-13.9490600286,"GROSS_PROFIT_RATIO":20.669675725371,"EPS_TTM":4.776028808699,"OPERATE_INCOME_QOQ":-0.381373585014,"NET_PROFIT_RATIO":12.1352487392,"ROE_AVG":25.279363743215,"GROSS_PROFIT_QOQ":-10.927667928294,"ROA":11.382648793201,"HOLDER_PROFIT_QOQ":-4.618464422406,"ROE_YEARLY":50.55872748643,"ROIC_YEARLY":43.797512761414,"TOTAL_ASSETS":6131222276.13,"TOTAL_LIABILITIES":3342127845.07,"TAX_EBT":16.652963902658,"OCF_SALES":12.792787339253,"TOTAL_PARENT_EQUITY":2786808508.19,"DEBT_ASSET_RATIO":54.5099768782,"OPERATE_PROFIT":865446293.67,"PRETAX_PROFIT":822772312.67,"NETCASH_OPERATE":722913486.75,"NETCASH_INVEST":-591288628.28,"NETCASH_FINANCE":-990357910.64,"END_CASH":2341601725.33,"DIVI_RATIO":0.076167882266,"DIVIDEND_RATE":8.163265306122,"CURRENT_RATIO":1.721544017338,"COMMON_ACS":1000000000,"CURRENTDEBT_DEBT":97.817378628181,"ISSUED_COMMON_SHARES":387883668,"HK_COMMON_SHARES":387883668,"PER_SHARES":2000,"TOTAL_MARKET_CAP":1900629973.2,"HKSK_MARKET_CAP":1900629973.2,"PE_TTM":8.094641731509,"PB_TTM":0.658855909591,"REPORT_DATE_SQ":"2021-06-30 00:00:00","REPORT_TYPE_SQ":"2021年中报","OPERATE_INCOME_SQ":5699148902.4,"DPS_HKD":0.4,"OPERATE_INCOME_QOQ_SQ":41.2274245836,"NET_PROFIT_RATIO_SQ":13.6256803635,"HOLDER_PROFIT_SQ":775628364.48,"HOLDER_PROFIT_QOQ_SQ":427.998693312676,"ROE_AVG_SQ":60.540342541243,"PE_TTM_SQ":-14.239094710534,"PB_TTM_SQ":0.409073389383,"ROA_SQ":19.691468166263,"START_DATE":"2022-01-01 00:00:00","FISCAL_YEAR":"12-31","CURRENCY":"HKD","IS_CNY_CODE":0,"DPS_HKD_LY":2.41,"ORG_TYPE":"一般企业","PREMIUM_INCOME":null,"PREMIUM_INCOME_YOY":null,"NET_INTEREST_INCOME":null,"NET_INTEREST_INCOME_YOY":null,"FEE_COMMISSION_INCOME":null,"FEE_COMMISSION_INCOME_YOY":null,"ACCOUNTS_RECE_TDAYS":4.973071848793,"INVENTORY_TDAYS":2.842513782128,"CURRENT_ASSETS_TDAYS":0.998469617418,"TOTAL_ASSETS_TDAYS":0.937686472649,"PREMIUM_EXPENSE":null,"LOAN_DEPOSIT":null,"LOAN_EQUITY":null,"LOAN_ASSETS":null,"DEPOSIT_EQUITY":null,"DEPOSIT_ASSETS":null,"EQUITY_MULTIPLIER":2.198284220086,"EQUITY_RATIO":1.199267131289},{"SECUCODE":"01263.HK","SECURITY_CODE":"01263","SECURITY_NAME_ABBR":"栢能集团","ORG_CODE":"10194703","STD_REPORT_DATE":"2021-12-31 00:00:00","REPORT_DATE":"2021-12-31 00:00:00","DATE_TYPE_CODE":"001","REPORT_TYPE":"2021年年报","PER_NETCASH_OPERATE":14.611102648757,"PER_OI":32.627403817138,"BPS":6.507805122643,"BASIC_EPS":5.077296,"DILUTED_EPS":5.020064,"OPERATE_INCOME":12639323368,"OPERATE_INCOME_YOY":99.1695051559,"GROSS_PROFIT":3505183651.2,"GROSS_PROFIT_YOY":423.628642076666,"HOLDER_PROFIT":1941244032,"HOLDER_PROFIT_YOY":1045.4871765183,"GROSS_PROFIT_RATIO":27.732367858191,"EPS_TTM":5.011166428421,"OPERATE_INCOME_QOQ":36.999291137389,"NET_PROFIT_RATIO":15.3732294762,"ROE_AVG":113.319066155288,"GROSS_PROFIT_QOQ":79.873074329737,"ROA":43.518209476197,"HOLDER_PROFIT_QOQ":110.75209432586,"ROE_YEARLY":113.319066155288,"ROIC_YEARLY":78.900237715578,"TOTAL_ASSETS":5661440948.8,"TOTAL_LIABILITIES":3134777329.6,"TAX_EBT":18.892306264172,"OCF_SALES":44.781689437032,"TOTAL_PARENT_EQUITY":2524271321.6,"DEBT_ASSET_RATIO":55.370661956,"OPERATE_PROFIT":2523871515.2,"PRETAX_PROFIT":2395669382.4,"NETCASH_OPERATE":5660158134.4,"NETCASH_INVEST":57064392,"NETCASH_FINANCE":-3562024838.4,"END_CASH":3078072681.6,"DIVI_RATIO":0.072593877133,"DIVIDEND_RATE":8.163265306122,"CURRENT_RATIO":1.779900596352,"COMMON_ACS":1000000000,"CURRENTDEBT_DEBT":97.516405976755,"ISSUED_COMMON_SHARES":387883668,"HK_COMMON_SHARES":387883668,"PER_SHARES":2000,"TOTAL_MARKET_CAP":1900629973.2,"HKSK_MARKET_CAP":1900629973.2,"PE_TTM":8.094641731509,"PB_TTM":0.658855909591,"REPORT_DATE_SQ":"2020-12-31 00:00:00","REPORT_TYPE_SQ":"2020年年报","OPERATE_INCOME_SQ":6532606003.12,"DPS_HKD":0.4,"OPERATE_INCOME_QOQ_SQ":-3.446184803676,"NET_PROFIT_RATIO_SQ":2.680281967,"HOLDER_PROFIT_SQ":174451772.64,"HOLDER_PROFIT_QOQ_SQ":61.769725611962,"ROE_AVG_SQ":20.906539067882,"PE_TTM_SQ":-14.239094710534,"PB_TTM_SQ":0.409073389383,"ROA_SQ":5.169521580575,"START_DATE":"2021-01-01 00:00:00","FISCAL_YEAR":"12-31","CURRENCY":"HKD","IS_CNY_CODE":0,"DPS_HKD_LY":1.06,"ORG_TYPE":"一般企业","PREMIUM_INCOME":null,"PREMIUM_INCOME_YOY":null,"NET_INTEREST_INCOME":null,"NET_INTEREST_INCOME_YOY":null,"FEE_COMMISSION_INCOME":null,"FEE_COMMISSION_INCOME_YOY":null,"ACCOUNTS_RECE_TDAYS":12.24302140759,"INVENTORY_TDAYS":9.233587537678,"CURRENT_ASSETS_TDAYS":3.104524025886,"TOTAL_ASSETS_TDAYS":2.833444496926,"PREMIUM_EXPENSE":null,"LOAN_DEPOSIT":null,"LOAN_EQUITY":null,"LOAN_ASSETS":null,"DEPOSIT_EQUITY":null,"DEPOSIT_ASSETS":null,"EQUITY_MULTIPLIER":2.240678539785,"EQUITY_RATIO":1.241854353284},{"SECUCODE":"01263.HK","SECURITY_CODE":"01263","SECURITY_NAME_ABBR":"栢能集团","ORG_CODE":"10194703","STD_REPORT_DATE":"2021-06-30 00:00:00","REPORT_DATE":"2021-06-30 00:00:00","DATE_TYPE_CODE":"002","REPORT_TYPE":"2021年中报","PER_NETCASH_OPERATE":7.065855227312,"PER_OI":14.735862575969,"BPS":4.239659353948,"BASIC_EPS":2.05440552,"DILUTED_EPS":2.0219544,"OPERATE_INCOME":5699148902.4,"OPERATE_INCOME_YOY":108.1358999846,"GROSS_PROFIT":1551067014.72,"GROSS_PROFIT_YOY":470.725231098408,"HOLDER_PROFIT":775628364.48,"HOLDER_PROFIT_YOY":2838.4232260505,"GROSS_PROFIT_RATIO":27.215765744721,"EPS_TTM":2.381627263584,"OPERATE_INCOME_QOQ":41.2274245836,"NET_PROFIT_RATIO":13.6256803635,"ROE_AVG":60.540342541243,"GROSS_PROFIT_QOQ":191.110075272727,"ROA":19.691468166263,"HOLDER_PROFIT_QOQ":427.998693312676,"ROE_YEARLY":121.080685082485,"ROIC_YEARLY":60.903345350257,"TOTAL_ASSETS":4559989778.4,"TOTAL_LIABILITIES":2914001573.52,"TAX_EBT":20.546078049096,"OCF_SALES":47.950061904317,"TOTAL_PARENT_EQUITY":1644494621.28,"DEBT_ASSET_RATIO":63.9036865241,"OPERATE_PROFIT":935993478.72,"PRETAX_PROFIT":977356175.52,"NETCASH_OPERATE":2741374096.32,"NETCASH_INVEST":-8356579.44,"NETCASH_FINANCE":-1822780242.48,"END_CASH":1845459414.96,"DIVI_RATIO":0.152744304519,"DIVIDEND_RATE":8.163265306122,"CURRENT_RATIO":1.46516651501,"COMMON_ACS":1000000000,"CURRENTDEBT_DEBT":97.092147527647,"ISSUED_COMMON_SHARES":387883668,"HK_COMMON_SHARES":387883668,"PER_SHARES":2000,"TOTAL_MARKET_CAP":1900629973.2,"HKSK_MARKET_CAP":1900629973.2,"PE_TTM":8.094641731509,"PB_TTM":0.658855909591,"REPORT_DATE_SQ":"2020-06-30 00:00:00","REPORT_TYPE_SQ":"2020年中报","OPERATE_INCOME_SQ":3005923689.12,"DPS_HKD":0.4,"OPERATE_INCOME_QOQ_SQ":-0.046892646212,"NET_PROFIT_RATIO_SQ":0.956796473,"HOLDER_PROFIT_SQ":28977057.12,"HOLDER_PROFIT_QOQ_SQ":1072.66919351793,"ROE_AVG_SQ":3.553370566268,"PE_TTM_SQ":-14.239094710534,"PB_TTM_SQ":0.409073389383,"ROA_SQ":0.819777298528,"START_DATE":"2021-01-01 00:00:00","FISCAL_YEAR":"12-31","CURRENCY":"HKD","IS_CNY_CODE":0,"DPS_HKD_LY":1.06,"ORG_TYPE":"一般企业","PREMIUM_INCOME":null,"PREMIUM_INCOME_YOY":null,"NET_INTEREST_INCOME":null,"NET_INTEREST_INCOME_YOY":null,"FEE_COMMISSION_INCOME":null,"FEE_COMMISSION_INCOME_YOY":null,"ACCOUNTS_RECE_TDAYS":5.860700046505,"INVENTORY_TDAYS":3.9763946247,"CURRENT_ASSETS_TDAYS":1.653198720652,"TOTAL_ASSETS_TDAYS":1.446886348227,"PREMIUM_EXPENSE":null,"LOAN_DEPOSIT":null,"LOAN_EQUITY":null,"LOAN_ASSETS":null,"DEPOSIT_EQUITY":null,"DEPOSIT_ASSETS":null,"EQUITY_MULTIPLIER":2.770366011664,"EQUITY_RATIO":1.771973915763},{"SECUCODE":"01263.HK","SECURITY_CODE":"01263","SECURITY_NAME_ABBR":"栢能集团","ORG_CODE":"10194703","STD_REPORT_DATE":"2020-12-31 00:00:00","REPORT_DATE":"2020-12-31 00:00:00","DATE_TYPE_CODE":"001","REPORT_TYPE":"2020年年报","PER_NETCASH_OPERATE":10.358208757371,"PER_OI":17.556348212623,"BPS":2.393508829869,"BASIC_EPS":0.4713184,"DILUTED_EPS":0.4713184,"OPERATE_INCOME":6532606003.12,"OPERATE_INCOME_YOY":2.7166231036,"GROSS_PROFIT":669402582.2,"GROSS_PROFIT_YOY":44.734518385864,"HOLDER_PROFIT":174451772.64,"HOLDER_PROFIT_YOY":1919.0531852718,"GROSS_PROFIT_RATIO":10.247098659866,"EPS_TTM":0.46883832659,"OPERATE_INCOME_QOQ":-3.446184803676,"NET_PROFIT_RATIO":2.680281967,"ROE_AVG":20.906539067882,"GROSS_PROFIT_QOQ":12.852469480812,"ROA":5.169521580575,"HOLDER_PROFIT_QOQ":61.769725611962,"ROE_YEARLY":20.906539067882,"ROIC_YEARLY":6.924131890422,"TOTAL_ASSETS":3355941028.12,"TOTAL_LIABILITIES":2426957312.2,"TAX_EBT":16.019295979332,"OCF_SALES":58.999791026724,"TOTAL_PARENT_EQUITY":928402984.32,"DEBT_ASSET_RATIO":72.3182347921,"OPERATE_PROFIT":217027815.32,"PRETAX_PROFIT":208491060.8,"NETCASH_OPERATE":3854223890.44,"NETCASH_INVEST":5888955.08,"NETCASH_FINANCE":-3684131813,"END_CASH":946123714.52,"DIVI_RATIO":0.775917793764,"DIVIDEND_RATE":8.163265306122,"CURRENT_RATIO":1.193138609378,"COMMON_ACS":1000000000,"CURRENTDEBT_DEBT":96.036801156885,"ISSUED_COMMON_SHARES":387883668,"HK_COMMON_SHARES":387883668,"PER_SHARES":2000,"TOTAL_MARKET_CAP":1900629973.2,"HKSK_MARKET_CAP":1900629973.2,"PE_TTM":8.094641731509,"PB_TTM":0.658855909591,"REPORT_DATE_SQ":"2019-12-31 00:00:00","REPORT_TYPE_SQ":"2019年年报","OPERATE_INCOME_SQ":6768940967.06,"DPS_HKD":0.4,"OPERATE_INCOME_QOQ_SQ":6.889299774823,"NET_PROFIT_RATIO_SQ":0.1299547395,"HOLDER_PROFIT_SQ":9196077.48,"HOLDER_PROFIT_QOQ_SQ":107.725210254413,"ROE_AVG_SQ":1.168528940897,"PE_TTM_SQ":-14.239094710534,"PB_TTM_SQ":0.409073389383,"ROA_SQ":0.244727342726,"START_DATE":"2020-01-01 00:00:00","FISCAL_YEAR":"12-31","CURRENCY":"HKD","IS_CNY_CODE":0,"DPS_HKD_LY":null,"ORG_TYPE":"一般企业","PREMIUM_INCOME":null,"PREMIUM_INCOME_YOY":null,"NET_INTEREST_INCOME":null,"NET_INTEREST_INCOME_YOY":null,"FEE_COMMISSION_INCOME":null,"FEE_COMMISSION_INCOME_YOY":null,"ACCOUNTS_RECE_TDAYS":6.444335956149,"INVENTORY_TDAYS":6.84899748511,"CURRENT_ASSETS_TDAYS":2.364603565447,"TOTAL_ASSETS_TDAYS":1.935804216803,"PREMIUM_EXPENSE":null,"LOAN_DEPOSIT":null,"LOAN_EQUITY":null,"LOAN_ASSETS":null,"DEPOSIT_EQUITY":null,"DEPOSIT_ASSETS":null,"EQUITY_MULTIPLIER":3.612486387662,"EQUITY_RATIO":2.614120541607},{"SECUCODE":"01263.HK","SECURITY_CODE":"01263","SECURITY_NAME_ABBR":"栢能集团","ORG_CODE":"10194703","STD_REPORT_DATE":"2020-06-30 00:00:00","REPORT_DATE":"2020-06-30 00:00:00","DATE_TYPE_CODE":"002","REPORT_TYPE":"2020年中报","PER_NETCASH_OPERATE":4.291463734986,"PER_OI":8.078405916652,"BPS":2.132914510028,"BASIC_EPS":0.0776424,"DILUTED_EPS":0.0776424,"OPERATE_INCOME":3005923689.12,"OPERATE_INCOME_YOY":-3.799691939,"GROSS_PROFIT":271771236,"GROSS_PROFIT_YOY":92.596807720071,"HOLDER_PROFIT":28977057.12,"HOLDER_PROFIT_YOY":140.0558101948,"GROSS_PROFIT_RATIO":9.041188802752,"EPS_TTM":0.289818335796,"OPERATE_INCOME_QOQ":-0.046892646212,"NET_PROFIT_RATIO":0.956796473,"ROE_AVG":3.553370566268,"GROSS_PROFIT_QOQ":28.251086619308,"ROA":0.819777298528,"HOLDER_PROFIT_QOQ":1072.66919351793,"ROE_YEARLY":7.106741132535,"ROIC_YEARLY":2.077730012991,"TOTAL_ASSETS":3386712162.24,"TOTAL_LIABILITIES":2559670798.08,"TAX_EBT":20.982759053379,"OCF_SALES":53.122655376108,"TOTAL_PARENT_EQUITY":827322703.68,"DEBT_ASSET_RATIO":75.579815333,"OPERATE_PROFIT":49112015.04,"PRETAX_PROFIT":36397843.68,"NETCASH_OPERATE":1596826482.24,"NETCASH_INVEST":6988729.44,"NETCASH_FINANCE":-1765651203.36,"END_CASH":662446783.68,"DIVI_RATIO":1.255200085946,"DIVIDEND_RATE":8.163265306122,"CURRENT_RATIO":1.194248535206,"COMMON_ACS":1000000000,"CURRENTDEBT_DEBT":95.616173107723,"ISSUED_COMMON_SHARES":387883668,"HK_COMMON_SHARES":387883668,"PER_SHARES":2000,"TOTAL_MARKET_CAP":1900629973.2,"HKSK_MARKET_CAP":1900629973.2,"PE_TTM":8.094641731509,"PB_TTM":0.658855909591,"REPORT_DATE_SQ":"2019-06-30 00:00:00","REPORT_TYPE_SQ":"2019年中报","OPERATE_INCOME_SQ":3009097824.66,"DPS_HKD":0.4,"OPERATE_INCOME_QOQ_SQ":-20.772128123391,"NET_PROFIT_RATIO_SQ":-2.3334057346,"HOLDER_PROFIT_SQ":-69666433.02,"HOLDER_PROFIT_QOQ_SQ":-150.161607879587,"ROE_AVG_SQ":-9.482643530694,"PE_TTM_SQ":-14.239094710534,"PB_TTM_SQ":0.409073389383,"ROA_SQ":-2.012406242965,"START_DATE":"2020-01-01 00:00:00","FISCAL_YEAR":"12-31","CURRENCY":"HKD","IS_CNY_CODE":0,"DPS_HKD_LY":null,"ORG_TYPE":"一般企业","PREMIUM_INCOME":null,"PREMIUM_INCOME_YOY":null,"NET_INTEREST_INCOME":null,"NET_INTEREST_INCOME_YOY":null,"FEE_COMMISSION_INCOME":null,"FEE_COMMISSION_INCOME_YOY":null,"ACCOUNTS_RECE_TDAYS":2.503641790954,"INVENTORY_TDAYS":2.820389168266,"CURRENT_ASSETS_TDAYS":1.018716767916,"TOTAL_ASSETS_TDAYS":0.850392774962,"PREMIUM_EXPENSE":null,"LOAN_DEPOSIT":null,"LOAN_EQUITY":null,"LOAN_ASSETS":null,"DEPOSIT_EQUITY":null,"DEPOSIT_ASSETS":null,"EQUITY_MULTIPLIER":4.094973128321,"EQUITY_RATIO":3.093920651149}],"count":31},"success":true,"message":"ok","code":0}