{"version":"536f4e8d61d8ba19d400ece2a823085e","result":{"pages":4,"data":[{"SECUCODE":"01269.HK","SECURITY_CODE":"01269","SECURITY_NAME_ABBR":"首控集团","ORG_CODE":"10204630","STD_REPORT_DATE":"2024-06-30 00:00:00","REPORT_DATE":"2024-06-30 00:00:00","DATE_TYPE_CODE":"002","REPORT_TYPE":"2024年中报","PER_NETCASH_OPERATE":-0.041463744589,"PER_OI":0.474887445887,"BPS":-0.902854437229,"BASIC_EPS":-0.12,"DILUTED_EPS":-0.12,"OPERATE_INCOME":877592000,"OPERATE_INCOME_YOY":20.4066092526,"GROSS_PROFIT":101842000,"GROSS_PROFIT_YOY":6.808599895123,"HOLDER_PROFIT":-222029000,"HOLDER_PROFIT_YOY":-14.3182988364,"GROSS_PROFIT_RATIO":11.604709249856,"EPS_TTM":-0.202911796537,"OPERATE_INCOME_QOQ":8.111107475514,"NET_PROFIT_RATIO":-27.9898859607,"ROE_AVG":14.151980062337,"GROSS_PROFIT_QOQ":1.618448114677,"ROA":-8.05703198115,"HOLDER_PROFIT_QOQ":-8.010150588181,"ROE_YEARLY":28.303960124674,"ROIC_YEARLY":-17.216591912864,"TOTAL_ASSETS":2704126000,"TOTAL_LIABILITIES":4345085000,"TAX_EBT":0.355356512638,"OCF_SALES":-8.73127831612,"TOTAL_PARENT_EQUITY":-1668475000,"DEBT_ASSET_RATIO":160.6835258416,"OPERATE_PROFIT":-136442000,"PRETAX_PROFIT":-246513000,"NETCASH_OPERATE":-76625000,"NETCASH_INVEST":-24972000,"NETCASH_FINANCE":32176000,"END_CASH":102326000,"DIVI_RATIO":null,"DIVIDEND_RATE":null,"CURRENT_RATIO":0.505927859547,"COMMON_ACS":10000000000,"CURRENTDEBT_DEBT":84.268178873371,"ISSUED_COMMON_SHARES":1848000000,"HK_COMMON_SHARES":1848000000,"PER_SHARES":10000,"TOTAL_MARKET_CAP":86856000,"HKSK_MARKET_CAP":86856000,"PE_TTM":-0.208931518236,"PB_TTM":-0.047511490481,"REPORT_DATE_SQ":"2023-06-30 00:00:00","REPORT_TYPE_SQ":"2023年中报","OPERATE_INCOME_SQ":728857000,"DPS_HKD":null,"OPERATE_INCOME_QOQ_SQ":16.162935281921,"NET_PROFIT_RATIO_SQ":-29.6104722874,"HOLDER_PROFIT_SQ":-194220000,"HOLDER_PROFIT_QOQ_SQ":24.335925616063,"ROE_AVG_SQ":16.290521855318,"PE_TTM_SQ":-0.193174588015,"PB_TTM_SQ":-0.046328529643,"ROA_SQ":-7.056257687468,"START_DATE":"2024-01-01 00:00:00","FISCAL_YEAR":"12-31","CURRENCY":"HKD","IS_CNY_CODE":0,"DPS_HKD_LY":null,"ORG_TYPE":"一般企业","PREMIUM_INCOME":null,"PREMIUM_INCOME_YOY":null,"NET_INTEREST_INCOME":null,"NET_INTEREST_INCOME_YOY":null,"FEE_COMMISSION_INCOME":null,"FEE_COMMISSION_INCOME_YOY":null,"ACCOUNTS_RECE_TDAYS":0.787465756682,"INVENTORY_TDAYS":5.755398352209,"CURRENT_ASSETS_TDAYS":0.460298861306,"TOTAL_ASSETS_TDAYS":0.318462309446,"PREMIUM_EXPENSE":null,"LOAN_DEPOSIT":null,"LOAN_EQUITY":null,"LOAN_ASSETS":null,"DEPOSIT_EQUITY":null,"DEPOSIT_ASSETS":null,"EQUITY_MULTIPLIER":-1.647893701184,"EQUITY_RATIO":-2.604225415424},{"SECUCODE":"01269.HK","SECURITY_CODE":"01269","SECURITY_NAME_ABBR":"首控集团","ORG_CODE":"10204630","STD_REPORT_DATE":"2023-12-31 00:00:00","REPORT_DATE":"2023-12-31 00:00:00","DATE_TYPE_CODE":"001","REPORT_TYPE":"2023年年报","PER_NETCASH_OPERATE":-0.070094155844,"PER_OI":0.992272727273,"BPS":-0.795078463203,"BASIC_EPS":-0.19,"DILUTED_EPS":-0.19,"OPERATE_INCOME":1833720000,"OPERATE_INCOME_YOY":52.8212068885,"GROSS_PROFIT":401125000,"GROSS_PROFIT_YOY":98.468655682549,"HOLDER_PROFIT":-347172000,"HOLDER_PROFIT_YOY":17.484598418,"GROSS_PROFIT_RATIO":21.874931832559,"EPS_TTM":-0.187863636364,"OPERATE_INCOME_QOQ":31.557631974103,"NET_PROFIT_RATIO":-19.9588268656,"ROE_AVG":27.05340361136,"GROSS_PROFIT_QOQ":75.763192372239,"ROA":-12.491557983386,"HOLDER_PROFIT_QOQ":-9.054927657329,"ROE_YEARLY":27.05340361136,"ROIC_YEARLY":-13.604888749903,"TOTAL_ASSETS":2807308000,"TOTAL_LIABILITIES":4225123000,"TAX_EBT":0.065259892744,"OCF_SALES":-7.064001047052,"TOTAL_PARENT_EQUITY":-1469305000,"DEBT_ASSET_RATIO":150.5044334288,"OPERATE_PROFIT":-116111000,"PRETAX_PROFIT":-366228000,"NETCASH_OPERATE":-129534000,"NETCASH_INVEST":-46143000,"NETCASH_FINANCE":185004000,"END_CASH":171613000,"DIVI_RATIO":null,"DIVIDEND_RATE":null,"CURRENT_RATIO":0.520024825314,"COMMON_ACS":10000000000,"CURRENTDEBT_DEBT":89.236337024981,"ISSUED_COMMON_SHARES":1848000000,"HK_COMMON_SHARES":1848000000,"PER_SHARES":10000,"TOTAL_MARKET_CAP":105336000,"HKSK_MARKET_CAP":105336000,"PE_TTM":-0.253385032755,"PB_TTM":-0.057620318243,"REPORT_DATE_SQ":"2022-12-31 00:00:00","REPORT_TYPE_SQ":"2022年年报","OPERATE_INCOME_SQ":1199912000,"DPS_HKD":null,"OPERATE_INCOME_QOQ_SQ":5.386802321139,"NET_PROFIT_RATIO_SQ":-34.9672309303,"HOLDER_PROFIT_SQ":-420736000,"HOLDER_PROFIT_QOQ_SQ":59.861478138923,"ROE_AVG_SQ":43.019886943145,"PE_TTM_SQ":-0.215251683788,"PB_TTM_SQ":-0.051623218745,"ROA_SQ":-14.489621194432,"START_DATE":"2023-01-01 00:00:00","FISCAL_YEAR":"12-31","CURRENCY":"HKD","IS_CNY_CODE":0,"DPS_HKD_LY":null,"ORG_TYPE":"一般企业","PREMIUM_INCOME":null,"PREMIUM_INCOME_YOY":null,"NET_INTEREST_INCOME":null,"NET_INTEREST_INCOME_YOY":null,"FEE_COMMISSION_INCOME":null,"FEE_COMMISSION_INCOME_YOY":null,"ACCOUNTS_RECE_TDAYS":2.062896449623,"INVENTORY_TDAYS":9.764442066448,"CURRENT_ASSETS_TDAYS":0.963331344911,"TOTAL_ASSETS_TDAYS":0.659788799364,"PREMIUM_EXPENSE":null,"LOAN_DEPOSIT":null,"LOAN_EQUITY":null,"LOAN_ASSETS":null,"DEPOSIT_EQUITY":null,"DEPOSIT_ASSETS":null,"EQUITY_MULTIPLIER":-1.980024192153,"EQUITY_RATIO":-2.875592882349},{"SECUCODE":"01269.HK","SECURITY_CODE":"01269","SECURITY_NAME_ABBR":"首控集团","ORG_CODE":"10204630","STD_REPORT_DATE":"2023-06-30 00:00:00","REPORT_DATE":"2023-06-30 00:00:00","DATE_TYPE_CODE":"002","REPORT_TYPE":"2023年中报","PER_NETCASH_OPERATE":-0.036762445887,"PER_OI":0.394403138528,"BPS":-0.696531926407,"BASIC_EPS":-0.11,"DILUTED_EPS":-0.11,"OPERATE_INCOME":728857000,"OPERATE_INCOME_YOY":36.2563467909,"GROSS_PROFIT":95350000,"GROSS_PROFIT_YOY":37.707427680132,"HOLDER_PROFIT":-194220000,"HOLDER_PROFIT_YOY":34.5200768686,"GROSS_PROFIT_RATIO":13.082127221115,"EPS_TTM":-0.172265151515,"OPERATE_INCOME_QOQ":16.162935281921,"NET_PROFIT_RATIO":-29.6104722874,"ROE_AVG":16.290521855318,"GROSS_PROFIT_QOQ":12.918212854386,"ROA":-7.056257687468,"HOLDER_PROFIT_QOQ":24.335925616063,"ROE_YEARLY":32.581043710636,"ROIC_YEARLY":-15.184140539689,"TOTAL_ASSETS":2753703000,"TOTAL_LIABILITIES":3988779000,"TAX_EBT":-0.296029853937,"OCF_SALES":-9.321032795185,"TOTAL_PARENT_EQUITY":-1287191000,"DEBT_ASSET_RATIO":144.8514600158,"OPERATE_PROFIT":-143838000,"PRETAX_PROFIT":-215181000,"NETCASH_OPERATE":-67937000,"NETCASH_INVEST":-37238000,"NETCASH_FINANCE":49853000,"END_CASH":107183000,"DIVI_RATIO":null,"DIVIDEND_RATE":null,"CURRENT_RATIO":0.567652798046,"COMMON_ACS":10000000000,"CURRENTDEBT_DEBT":81.621944961102,"ISSUED_COMMON_SHARES":1848000000,"HK_COMMON_SHARES":1848000000,"PER_SHARES":10000,"TOTAL_MARKET_CAP":105336000,"HKSK_MARKET_CAP":105336000,"PE_TTM":-0.253385032755,"PB_TTM":-0.057620318243,"REPORT_DATE_SQ":"2022-06-30 00:00:00","REPORT_TYPE_SQ":"2022年中报","OPERATE_INCOME_SQ":534916000,"DPS_HKD":null,"OPERATE_INCOME_QOQ_SQ":4.091037912656,"NET_PROFIT_RATIO_SQ":-60.2849793239,"HOLDER_PROFIT_SQ":-296610000,"HOLDER_PROFIT_QOQ_SQ":-8.260098550659,"ROE_AVG_SQ":31.639193089107,"PE_TTM_SQ":-0.215251683788,"PB_TTM_SQ":-0.051623218745,"ROA_SQ":-10.310903586742,"START_DATE":"2023-01-01 00:00:00","FISCAL_YEAR":"12-31","CURRENCY":"HKD","IS_CNY_CODE":0,"DPS_HKD_LY":null,"ORG_TYPE":"一般企业","PREMIUM_INCOME":null,"PREMIUM_INCOME_YOY":null,"NET_INTEREST_INCOME":null,"NET_INTEREST_INCOME_YOY":null,"FEE_COMMISSION_INCOME":null,"FEE_COMMISSION_INCOME_YOY":null,"ACCOUNTS_RECE_TDAYS":0.866545437468,"INVENTORY_TDAYS":4.701821703844,"CURRENT_ASSETS_TDAYS":0.394564978492,"TOTAL_ASSETS_TDAYS":0.264802945593,"PREMIUM_EXPENSE":null,"LOAN_DEPOSIT":null,"LOAN_EQUITY":null,"LOAN_ASSETS":null,"DEPOSIT_EQUITY":null,"DEPOSIT_ASSETS":null,"EQUITY_MULTIPLIER":-2.229581823307,"EQUITY_RATIO":-3.098824494578},{"SECUCODE":"01269.HK","SECURITY_CODE":"01269","SECURITY_NAME_ABBR":"首控集团","ORG_CODE":"10204630","STD_REPORT_DATE":"2022-12-31 00:00:00","REPORT_DATE":"2022-12-31 00:00:00","DATE_TYPE_CODE":"001","REPORT_TYPE":"2022年年报","PER_NETCASH_OPERATE":0.032239095353,"PER_OI":0.696546039265,"BPS":-0.593757034632,"BASIC_EPS":-0.28,"DILUTED_EPS":-0.28,"OPERATE_INCOME":1199912000,"OPERATE_INCOME_YOY":9.698216359,"GROSS_PROFIT":202110000,"GROSS_PROFIT_YOY":18.685074372692,"HOLDER_PROFIT":-420736000,"HOLDER_PROFIT_YOY":56.5459966764,"GROSS_PROFIT_RATIO":16.843735207249,"EPS_TTM":-0.244236239304,"OPERATE_INCOME_QOQ":5.386802321139,"NET_PROFIT_RATIO":-34.9672309303,"ROE_AVG":43.019886943145,"GROSS_PROFIT_QOQ":21.185048387677,"ROA":-14.489621194432,"HOLDER_PROFIT_QOQ":59.861478138923,"ROE_YEARLY":43.019886943145,"ROIC_YEARLY":-15.922789969993,"TOTAL_ASSETS":2751198000,"TOTAL_LIABILITIES":3778050000,"TAX_EBT":0.07930289658,"OCF_SALES":4.628422751002,"TOTAL_PARENT_EQUITY":-1097263000,"DEBT_ASSET_RATIO":137.323813117,"OPERATE_PROFIT":-224056000,"PRETAX_PROFIT":-419909000,"NETCASH_OPERATE":55537000,"NETCASH_INVEST":99218000,"NETCASH_FINANCE":-224715000,"END_CASH":161365000,"DIVI_RATIO":null,"DIVIDEND_RATE":null,"CURRENT_RATIO":0.588412671501,"COMMON_ACS":10000000000,"CURRENTDEBT_DEBT":83.055438652215,"ISSUED_COMMON_SHARES":1848000000,"HK_COMMON_SHARES":1848000000,"PER_SHARES":10000,"TOTAL_MARKET_CAP":105336000,"HKSK_MARKET_CAP":105336000,"PE_TTM":-0.253385032755,"PB_TTM":-0.057620318243,"REPORT_DATE_SQ":"2021-12-31 00:00:00","REPORT_TYPE_SQ":"2021年年报","OPERATE_INCOME_SQ":1093830000,"DPS_HKD":null,"OPERATE_INCOME_QOQ_SQ":-25.485424822932,"NET_PROFIT_RATIO_SQ":-100.7939076456,"HOLDER_PROFIT_SQ":-968233000,"HOLDER_PROFIT_QOQ_SQ":-305.242186944129,"ROE_AVG_SQ":291.002288687153,"PE_TTM_SQ":-0.215251683788,"PB_TTM_SQ":-0.051623218745,"ROA_SQ":-25.780226664957,"START_DATE":"2022-01-01 00:00:00","FISCAL_YEAR":"12-31","CURRENCY":"HKD","IS_CNY_CODE":0,"DPS_HKD_LY":null,"ORG_TYPE":"一般企业","PREMIUM_INCOME":null,"PREMIUM_INCOME_YOY":null,"NET_INTEREST_INCOME":null,"NET_INTEREST_INCOME_YOY":null,"FEE_COMMISSION_INCOME":null,"FEE_COMMISSION_INCOME_YOY":null,"ACCOUNTS_RECE_TDAYS":1.482031520182,"INVENTORY_TDAYS":8.939516381913,"CURRENT_ASSETS_TDAYS":0.617145666831,"TOTAL_ASSETS_TDAYS":0.413234673207,"PREMIUM_EXPENSE":null,"LOAN_DEPOSIT":null,"LOAN_EQUITY":null,"LOAN_ASSETS":null,"DEPOSIT_EQUITY":null,"DEPOSIT_ASSETS":null,"EQUITY_MULTIPLIER":-2.679254654034,"EQUITY_RATIO":-3.443158112504},{"SECUCODE":"01269.HK","SECURITY_CODE":"01269","SECURITY_NAME_ABBR":"首控集团","ORG_CODE":"10204630","STD_REPORT_DATE":"2022-06-30 00:00:00","REPORT_DATE":"2022-06-30 00:00:00","DATE_TYPE_CODE":"002","REPORT_TYPE":"2022年中报","PER_NETCASH_OPERATE":0.01221642773,"PER_OI":0.368508580365,"BPS":-0.549896645022,"BASIC_EPS":-0.22,"DILUTED_EPS":-0.22,"OPERATE_INCOME":534916000,"OPERATE_INCOME_YOY":9.1293375523,"GROSS_PROFIT":69241000,"GROSS_PROFIT_YOY":-4.82860048932,"HOLDER_PROFIT":-296610000,"HOLDER_PROFIT_YOY":-36.9181980585,"GROSS_PROFIT_RATIO":12.944275362861,"EPS_TTM":-0.722121564926,"OPERATE_INCOME_QOQ":4.091037912656,"NET_PROFIT_RATIO":-60.2849793239,"ROE_AVG":31.639193089107,"GROSS_PROFIT_QOQ":-2.062939321514,"ROA":-10.310903586742,"HOLDER_PROFIT_QOQ":-8.260098550659,"ROE_YEARLY":63.278386178214,"ROIC_YEARLY":-22.403333648676,"TOTAL_ASSETS":2697113000,"TOTAL_LIABILITIES":3707136000,"TAX_EBT":0.167484482145,"OCF_SALES":3.315099940925,"TOTAL_PARENT_EQUITY":-1016209000,"DEBT_ASSET_RATIO":137.4483012021,"OPERATE_PROFIT":-206783000,"PRETAX_PROFIT":-323015000,"NETCASH_OPERATE":17733000,"NETCASH_INVEST":39177000,"NETCASH_FINANCE":-123679000,"END_CASH":164865000,"DIVI_RATIO":null,"DIVIDEND_RATE":null,"CURRENT_RATIO":0.541660142494,"COMMON_ACS":10000000000,"CURRENTDEBT_DEBT":85.104350096678,"ISSUED_COMMON_SHARES":1848000000,"HK_COMMON_SHARES":1848000000,"PER_SHARES":10000,"TOTAL_MARKET_CAP":105336000,"HKSK_MARKET_CAP":105336000,"PE_TTM":-0.253385032755,"PB_TTM":-0.057620318243,"REPORT_DATE_SQ":"2021-06-30 00:00:00","REPORT_TYPE_SQ":"2021年中报","OPERATE_INCOME_SQ":490167000,"DPS_HKD":null,"OPERATE_INCOME_QOQ_SQ":7.840653887378,"NET_PROFIT_RATIO_SQ":-29.3101020371,"HOLDER_PROFIT_SQ":-216633000,"HOLDER_PROFIT_QOQ_SQ":36.068596076249,"ROE_AVG_SQ":-198.608883315349,"PE_TTM_SQ":-0.215251683788,"PB_TTM_SQ":-0.051623218745,"ROA_SQ":-4.54411698961,"START_DATE":"2022-01-01 00:00:00","FISCAL_YEAR":"12-31","CURRENCY":"HKD","IS_CNY_CODE":0,"DPS_HKD_LY":null,"ORG_TYPE":"一般企业","PREMIUM_INCOME":null,"PREMIUM_INCOME_YOY":null,"NET_INTEREST_INCOME":null,"NET_INTEREST_INCOME_YOY":null,"FEE_COMMISSION_INCOME":null,"FEE_COMMISSION_INCOME_YOY":null,"ACCOUNTS_RECE_TDAYS":0.684229612352,"INVENTORY_TDAYS":5.856073943662,"CURRENT_ASSETS_TDAYS":0.285203200536,"TOTAL_ASSETS_TDAYS":0.185950146759,"PREMIUM_EXPENSE":null,"LOAN_DEPOSIT":null,"LOAN_EQUITY":null,"LOAN_ASSETS":null,"DEPOSIT_EQUITY":null,"DEPOSIT_ASSETS":null,"EQUITY_MULTIPLIER":-2.670348100981,"EQUITY_RATIO":-3.648005479188},{"SECUCODE":"01269.HK","SECURITY_CODE":"01269","SECURITY_NAME_ABBR":"首控集团","ORG_CODE":"10204630","STD_REPORT_DATE":"2021-12-31 00:00:00","REPORT_DATE":"2021-12-31 00:00:00","DATE_TYPE_CODE":"001","REPORT_TYPE":"2021年年报","PER_NETCASH_OPERATE":-0.03176107642,"PER_OI":0.81313559322,"BPS":-0.464688311688,"BASIC_EPS":-0.88,"DILUTED_EPS":-0.88,"OPERATE_INCOME":1093830000,"OPERATE_INCOME_YOY":6.2005930293,"GROSS_PROFIT":170291000,"GROSS_PROFIT_YOY":-5.815625587646,"HOLDER_PROFIT":-968233000,"HOLDER_PROFIT_YOY":-159.0770194047,"GROSS_PROFIT_RATIO":15.568324145434,"EPS_TTM":-0.719768807612,"OPERATE_INCOME_QOQ":-25.485424822932,"NET_PROFIT_RATIO":-100.7939076456,"ROE_AVG":291.002288687153,"GROSS_PROFIT_QOQ":-52.008804017608,"ROA":-25.780226664957,"HOLDER_PROFIT_QOQ":-305.242186944129,"ROE_YEARLY":291.002288687153,"ROIC_YEARLY":-28.967329842932,"TOTAL_ASSETS":3056214000,"TOTAL_LIABILITIES":3844379000,"TAX_EBT":0.192830231633,"OCF_SALES":-3.906000018284,"TOTAL_PARENT_EQUITY":-858744000,"DEBT_ASSET_RATIO":125.7889336283,"OPERATE_PROFIT":-502642000,"PRETAX_PROFIT":-887309000,"NETCASH_OPERATE":-57418000,"NETCASH_INVEST":140949000,"NETCASH_FINANCE":-80569000,"END_CASH":228096000,"DIVI_RATIO":null,"DIVIDEND_RATE":null,"CURRENT_RATIO":0.622427467734,"COMMON_ACS":10000000000,"CURRENTDEBT_DEBT":85.34686616486,"ISSUED_COMMON_SHARES":1848000000,"HK_COMMON_SHARES":1848000000,"PER_SHARES":10000,"TOTAL_MARKET_CAP":105336000,"HKSK_MARKET_CAP":105336000,"PE_TTM":-0.253385032755,"PB_TTM":-0.057620318243,"REPORT_DATE_SQ":"2020-12-31 00:00:00","REPORT_TYPE_SQ":"2020年年报","OPERATE_INCOME_SQ":1029966000,"DPS_HKD":null,"OPERATE_INCOME_QOQ_SQ":-2.229550067732,"NET_PROFIT_RATIO_SQ":-29.5492329268,"HOLDER_PROFIT_SQ":-373724000,"HOLDER_PROFIT_QOQ_SQ":84.330887593812,"ROE_AVG_SQ":-87.318283559423,"PE_TTM_SQ":-0.215251683788,"PB_TTM_SQ":-0.051623218745,"ROA_SQ":-7.279521316019,"START_DATE":"2021-01-01 00:00:00","FISCAL_YEAR":"12-31","CURRENCY":"HKD","IS_CNY_CODE":0,"DPS_HKD_LY":null,"ORG_TYPE":"一般企业","PREMIUM_INCOME":null,"PREMIUM_INCOME_YOY":null,"NET_INTEREST_INCOME":null,"NET_INTEREST_INCOME_YOY":null,"FEE_COMMISSION_INCOME":null,"FEE_COMMISSION_INCOME_YOY":null,"ACCOUNTS_RECE_TDAYS":1.258826244047,"INVENTORY_TDAYS":10.896958183878,"CURRENT_ASSETS_TDAYS":0.491478443254,"TOTAL_ASSETS_TDAYS":0.291243794964,"PREMIUM_EXPENSE":null,"LOAN_DEPOSIT":null,"LOAN_EQUITY":null,"LOAN_ASSETS":null,"DEPOSIT_EQUITY":null,"DEPOSIT_ASSETS":null,"EQUITY_MULTIPLIER":-3.877632221685,"EQUITY_RATIO":-4.476746271299},{"SECUCODE":"01269.HK","SECURITY_CODE":"01269","SECURITY_NAME_ABBR":"首控集团","ORG_CODE":"10204630","STD_REPORT_DATE":"2021-06-30 00:00:00","REPORT_DATE":"2021-06-30 00:00:00","DATE_TYPE_CODE":"002","REPORT_TYPE":"2021年中报","PER_NETCASH_OPERATE":-0.000071320043,"PER_OI":0.085683165603,"BPS":0.006729978355,"BASIC_EPS":-0.214,"DILUTED_EPS":-0.214,"OPERATE_INCOME":490167000,"OPERATE_INCOME_YOY":17.687593428,"GROSS_PROFIT":72754000,"GROSS_PROFIT_YOY":-44.73764166135,"HOLDER_PROFIT":-216633000,"HOLDER_PROFIT_YOY":39.7514007667,"GROSS_PROFIT_RATIO":24.029830989644,"EPS_TTM":-0.041765401808,"OPERATE_INCOME_QOQ":7.840653887378,"NET_PROFIT_RATIO":-29.3101020371,"ROE_AVG":-198.608883315349,"GROSS_PROFIT_QOQ":12.345256865688,"ROA":-4.54411698961,"HOLDER_PROFIT_QOQ":36.068596076249,"ROE_YEARLY":-397.217766630698,"ROIC_YEARLY":-10.282178234639,"TOTAL_ASSETS":4536753000,"TOTAL_LIABILITIES":4201516000,"TAX_EBT":0.357967123546,"OCF_SALES":-0.057453945312,"TOTAL_PARENT_EQUITY":12437000,"DEBT_ASSET_RATIO":92.6106402531,"OPERATE_PROFIT":-143465000,"PRETAX_PROFIT":-233541000,"NETCASH_OPERATE":-27842000,"NETCASH_INVEST":-17473000,"NETCASH_FINANCE":13578000,"END_CASH":133794000,"DIVI_RATIO":null,"DIVIDEND_RATE":null,"CURRENT_RATIO":0.726254809688,"COMMON_ACS":10000000000,"CURRENTDEBT_DEBT":82.096271917089,"ISSUED_COMMON_SHARES":1848000000,"HK_COMMON_SHARES":1848000000,"PER_SHARES":10000,"TOTAL_MARKET_CAP":105336000,"HKSK_MARKET_CAP":105336000,"PE_TTM":-0.253385032755,"PB_TTM":-0.057620318243,"REPORT_DATE_SQ":"2020-06-30 00:00:00","REPORT_TYPE_SQ":"2020年中报","OPERATE_INCOME_SQ":603406000,"DPS_HKD":null,"OPERATE_INCOME_QOQ_SQ":-3.048876874342,"NET_PROFIT_RATIO_SQ":-60.9339317143,"HOLDER_PROFIT_SQ":-339100000,"HOLDER_PROFIT_QOQ_SQ":-9.016696909723,"ROE_AVG_SQ":-65.775691507933,"PE_TTM_SQ":-0.215251683788,"PB_TTM_SQ":-0.051623218745,"ROA_SQ":-6.146865307154,"START_DATE":"2021-01-01 00:00:00","FISCAL_YEAR":"12-31","CURRENCY":"HKD","IS_CNY_CODE":0,"DPS_HKD_LY":null,"ORG_TYPE":"一般企业","PREMIUM_INCOME":null,"PREMIUM_INCOME_YOY":null,"NET_INTEREST_INCOME":null,"NET_INTEREST_INCOME_YOY":null,"FEE_COMMISSION_INCOME":null,"FEE_COMMISSION_INCOME_YOY":null,"ACCOUNTS_RECE_TDAYS":0.502684600581,"INVENTORY_TDAYS":5.894487268436,"CURRENT_ASSETS_TDAYS":0.289023415433,"TOTAL_ASSETS_TDAYS":0.157948340176,"PREMIUM_EXPENSE":null,"LOAN_DEPOSIT":null,"LOAN_EQUITY":null,"LOAN_ASSETS":null,"DEPOSIT_EQUITY":null,"DEPOSIT_ASSETS":null,"EQUITY_MULTIPLIER":13.532972195859,"EQUITY_RATIO":337.823912519096},{"SECUCODE":"01269.HK","SECURITY_CODE":"01269","SECURITY_NAME_ABBR":"首控集团","ORG_CODE":"10204630","STD_REPORT_DATE":"2020-12-31 00:00:00","REPORT_DATE":"2020-12-31 00:00:00","DATE_TYPE_CODE":"001","REPORT_TYPE":"2020年年报","PER_NETCASH_OPERATE":0.062489705369,"PER_OI":0.204891213099,"BPS":0.104597943723,"BASIC_EPS":-0.37,"DILUTED_EPS":-0.37,"OPERATE_INCOME":1029966000,"OPERATE_INCOME_YOY":-5.2104507057,"GROSS_PROFIT":180806000,"GROSS_PROFIT_YOY":-49.806088030759,"HOLDER_PROFIT":-373724000,"HOLDER_PROFIT_YOY":82.9180512197,"GROSS_PROFIT_RATIO":23.203275314003,"EPS_TTM":-0.074344943158,"OPERATE_INCOME_QOQ":-2.229550067732,"NET_PROFIT_RATIO":-29.5492329268,"ROE_AVG":-87.318283559423,"GROSS_PROFIT_QOQ":-3.392101206352,"ROA":-7.279521316019,"HOLDER_PROFIT_QOQ":84.330887593812,"ROE_YEARLY":-87.318283559423,"ROIC_YEARLY":-8.210669119969,"TOTAL_ASSETS":4455225000,"TOTAL_LIABILITIES":3933883000,"TAX_EBT":1.344364925541,"OCF_SALES":23.07713781752,"TOTAL_PARENT_EQUITY":193297000,"DEBT_ASSET_RATIO":88.2981892048,"OPERATE_PROFIT":-255692000,"PRETAX_PROFIT":-453002000,"NETCASH_OPERATE":314129000,"NETCASH_INVEST":69851000,"NETCASH_FINANCE":-408094000,"END_CASH":226059000,"DIVI_RATIO":null,"DIVIDEND_RATE":null,"CURRENT_RATIO":0.751841087812,"COMMON_ACS":10000000000,"CURRENTDEBT_DEBT":81.448380645789,"ISSUED_COMMON_SHARES":1848000000,"HK_COMMON_SHARES":1848000000,"PER_SHARES":10000,"TOTAL_MARKET_CAP":105336000,"HKSK_MARKET_CAP":105336000,"PE_TTM":-0.253385032755,"PB_TTM":-0.057620318243,"REPORT_DATE_SQ":"2019-12-31 00:00:00","REPORT_TYPE_SQ":"2019年年报","OPERATE_INCOME_SQ":1436037000,"DPS_HKD":null,"OPERATE_INCOME_QOQ_SQ":-0.348562863448,"NET_PROFIT_RATIO_SQ":-157.1825795575,"HOLDER_PROFIT_SQ":-2187830000,"HOLDER_PROFIT_QOQ_SQ":-84.314524995177,"ROE_AVG_SQ":-127.728302891391,"PE_TTM_SQ":-0.215251683788,"PB_TTM_SQ":-0.051623218745,"ROA_SQ":-28.026815855725,"START_DATE":"2020-01-01 00:00:00","FISCAL_YEAR":"12-31","CURRENCY":"HKD","IS_CNY_CODE":0,"DPS_HKD_LY":null,"ORG_TYPE":"一般企业","PREMIUM_INCOME":null,"PREMIUM_INCOME_YOY":null,"NET_INTEREST_INCOME":null,"NET_INTEREST_INCOME_YOY":null,"FEE_COMMISSION_INCOME":null,"FEE_COMMISSION_INCOME_YOY":null,"ACCOUNTS_RECE_TDAYS":1.151212893116,"INVENTORY_TDAYS":7.003805516659,"CURRENT_ASSETS_TDAYS":0.50092514972,"TOTAL_ASSETS_TDAYS":0.265141629896,"PREMIUM_EXPENSE":null,"LOAN_DEPOSIT":null,"LOAN_EQUITY":null,"LOAN_ASSETS":null,"DEPOSIT_EQUITY":null,"DEPOSIT_ASSETS":null,"EQUITY_MULTIPLIER":8.545685941275,"EQUITY_RATIO":20.351495367233},{"SECUCODE":"01269.HK","SECURITY_CODE":"01269","SECURITY_NAME_ABBR":"首控集团","ORG_CODE":"10204630","STD_REPORT_DATE":"2020-06-30 00:00:00","REPORT_DATE":"2020-06-30 00:00:00","DATE_TYPE_CODE":"002","REPORT_TYPE":"2020年中报","PER_NETCASH_OPERATE":-0.043014252146,"PER_OI":0.120035600526,"BPS":0.199336038961,"BASIC_EPS":-0.067,"DILUTED_EPS":-0.067,"OPERATE_INCOME":603406000,"OPERATE_INCOME_YOY":-6.7651026207,"GROSS_PROFIT":131652000,"GROSS_PROFIT_YOY":-20.177528784765,"HOLDER_PROFIT":-339100000,"HOLDER_PROFIT_YOY":-139.0890502715,"GROSS_PROFIT_RATIO":21.818145659805,"EPS_TTM":-0.47446812066,"OPERATE_INCOME_QOQ":-3.048876874342,"NET_PROFIT_RATIO":-60.9339317143,"ROE_AVG":-65.775691507933,"GROSS_PROFIT_QOQ":-9.238649140097,"ROA":-6.146865307154,"HOLDER_PROFIT_QOQ":-9.016696909723,"ROE_YEARLY":-131.551383015867,"ROIC_YEARLY":-13.822767741223,"TOTAL_ASSETS":5220673000,"TOTAL_LIABILITIES":4488309000,"TAX_EBT":-0.692040574884,"OCF_SALES":-35.834579039652,"TOTAL_PARENT_EQUITY":368373000,"DEBT_ASSET_RATIO":85.9718469247,"OPERATE_PROFIT":-267898000,"PRETAX_PROFIT":-365152000,"NETCASH_OPERATE":-216228000,"NETCASH_INVEST":439100000,"NETCASH_FINANCE":-250051000,"END_CASH":228576000,"DIVI_RATIO":null,"DIVIDEND_RATE":null,"CURRENT_RATIO":0.718631665675,"COMMON_ACS":10000000000,"CURRENTDEBT_DEBT":80.719598405547,"ISSUED_COMMON_SHARES":1848000000,"HK_COMMON_SHARES":1848000000,"PER_SHARES":10000,"TOTAL_MARKET_CAP":105336000,"HKSK_MARKET_CAP":105336000,"PE_TTM":-0.253385032755,"PB_TTM":-0.057620318243,"REPORT_DATE_SQ":"2019-06-30 00:00:00","REPORT_TYPE_SQ":"2019年中报","OPERATE_INCOME_SQ":647189000,"DPS_HKD":null,"OPERATE_INCOME_QOQ_SQ":-20.418467669209,"NET_PROFIT_RATIO_SQ":-29.386160766,"HOLDER_PROFIT_SQ":-141830000,"HOLDER_PROFIT_QOQ_SQ":14.407421909082,"ROE_AVG_SQ":-5.238015219531,"PE_TTM_SQ":-0.215251683788,"PB_TTM_SQ":-0.051623218745,"ROA_SQ":-1.498025754573,"START_DATE":"2020-01-01 00:00:00","FISCAL_YEAR":"12-31","CURRENCY":"HKD","IS_CNY_CODE":0,"DPS_HKD_LY":null,"ORG_TYPE":"一般企业","PREMIUM_INCOME":null,"PREMIUM_INCOME_YOY":null,"NET_INTEREST_INCOME":null,"NET_INTEREST_INCOME_YOY":null,"FEE_COMMISSION_INCOME":null,"FEE_COMMISSION_INCOME_YOY":null,"ACCOUNTS_RECE_TDAYS":0.653073196179,"INVENTORY_TDAYS":3.019071023564,"CURRENT_ASSETS_TDAYS":0.214376779609,"TOTAL_ASSETS_TDAYS":0.10937939863,"PREMIUM_EXPENSE":null,"LOAN_DEPOSIT":null,"LOAN_EQUITY":null,"LOAN_ASSETS":null,"DEPOSIT_EQUITY":null,"DEPOSIT_ASSETS":null,"EQUITY_MULTIPLIER":7.128522155641,"EQUITY_RATIO":12.184142160256}],"count":30},"success":true,"message":"ok","code":0}