{"version":"223ff81651eaaed74b4ea5ca4fe47e78","result":{"pages":4,"data":[{"SECUCODE":"01262.HK","SECURITY_CODE":"01262","SECURITY_NAME_ABBR":"蜡笔小新食品","ORG_CODE":"10183117","STD_REPORT_DATE":"2024-06-30 00:00:00","REPORT_DATE":"2024-06-30 00:00:00","DATE_TYPE_CODE":"002","REPORT_TYPE":"2024年中报","PER_NETCASH_OPERATE":0.037479956388,"PER_OI":3.715617350789,"BPS":0.819138377755,"BASIC_EPS":-0.33,"DILUTED_EPS":-0.33,"OPERATE_INCOME":493797000,"OPERATE_INCOME_YOY":19.8007190998,"GROSS_PROFIT":135580000,"GROSS_PROFIT_YOY":17.413745323542,"HOLDER_PROFIT":-43645000,"HOLDER_PROFIT_YOY":-803.2491721854,"GROSS_PROFIT_RATIO":27.456626913489,"EPS_TTM":-1.080282051533,"OPERATE_INCOME_QOQ":10.677322839384,"NET_PROFIT_RATIO":-8.8386523207,"ROE_AVG":-21.742541802521,"GROSS_PROFIT_QOQ":9.184251393076,"ROA":-5.271418572617,"HOLDER_PROFIT_QOQ":-37.051568436527,"ROE_YEARLY":-43.485083605043,"ROIC_YEARLY":-11.072366777065,"TOTAL_ASSETS":845004000,"TOTAL_LIABILITIES":666091000,"TAX_EBT":null,"OCF_SALES":1.008714107214,"TOTAL_PARENT_EQUITY":178913000,"DEBT_ASSET_RATIO":78.8269641327,"OPERATE_PROFIT":-33273000,"PRETAX_PROFIT":-43645000,"NETCASH_OPERATE":4981000,"NETCASH_INVEST":-27981000,"NETCASH_FINANCE":13555000,"END_CASH":34874000,"DIVI_RATIO":null,"DIVIDEND_RATE":null,"CURRENT_RATIO":0.773505371052,"COMMON_ACS":500000000,"CURRENTDEBT_DEBT":97.621045773025,"ISSUED_COMMON_SHARES":218416088,"HK_COMMON_SHARES":218416088,"PER_SHARES":2000,"TOTAL_MARKET_CAP":310150844.96,"HKSK_MARKET_CAP":310150844.96,"PE_TTM":-1.960817466544,"PB_TTM":1.582157099697,"REPORT_DATE_SQ":"2023-06-30 00:00:00","REPORT_TYPE_SQ":"2023年中报","OPERATE_INCOME_SQ":412182000,"DPS_HKD":null,"OPERATE_INCOME_QOQ_SQ":9.291602790155,"NET_PROFIT_RATIO_SQ":-1.1722976743,"HOLDER_PROFIT_SQ":-4832000,"HOLDER_PROFIT_QOQ_SQ":0.059738742566,"ROE_AVG_SQ":-1.487245149217,"PE_TTM_SQ":-2.757265147983,"PB_TTM_SQ":0.661127813558,"ROA_SQ":-0.495234952191,"START_DATE":"2024-01-01 00:00:00","FISCAL_YEAR":"12-31","CURRENCY":"HKD","IS_CNY_CODE":0,"DPS_HKD_LY":null,"ORG_TYPE":"一般企业","PREMIUM_INCOME":null,"PREMIUM_INCOME_YOY":null,"NET_INTEREST_INCOME":null,"NET_INTEREST_INCOME_YOY":null,"FEE_COMMISSION_INCOME":null,"FEE_COMMISSION_INCOME_YOY":null,"ACCOUNTS_RECE_TDAYS":2.060621361654,"INVENTORY_TDAYS":5.073571797832,"CURRENT_ASSETS_TDAYS":1.006617048992,"TOTAL_ASSETS_TDAYS":0.596405241586,"PREMIUM_EXPENSE":null,"LOAN_DEPOSIT":null,"LOAN_EQUITY":null,"LOAN_ASSETS":null,"DEPOSIT_EQUITY":null,"DEPOSIT_ASSETS":null,"EQUITY_MULTIPLIER":4.722988268038,"EQUITY_RATIO":3.722988268041},{"SECUCODE":"01262.HK","SECURITY_CODE":"01262","SECURITY_NAME_ABBR":"蜡笔小新食品","ORG_CODE":"10183117","STD_REPORT_DATE":"2023-12-31 00:00:00","REPORT_DATE":"2023-12-31 00:00:00","DATE_TYPE_CODE":"001","REPORT_TYPE":"2023年年报","PER_NETCASH_OPERATE":0.066698671234,"PER_OI":0.575161947874,"BPS":1.018963401634,"BASIC_EPS":-0.08,"DILUTED_EPS":-0.08,"OPERATE_INCOME":764377000,"OPERATE_INCOME_YOY":11.7080713118,"GROSS_PROFIT":218940000,"GROSS_PROFIT_YOY":-10.341043113616,"HOLDER_PROFIT":-104754000,"HOLDER_PROFIT_YOY":-39.0638275276,"GROSS_PROFIT_RATIO":28.642934049559,"EPS_TTM":-0.07882303456,"OPERATE_INCOME_QOQ":2.211028532765,"NET_PROFIT_RATIO":-13.7044939866,"ROE_AVG":-38.101369414589,"GROSS_PROFIT_QOQ":-10.291815879832,"ROA":-11.716021200995,"HOLDER_PROFIT_QOQ":-39.146952167156,"ROE_YEARLY":-38.101369414589,"ROIC_YEARLY":-12.530210409785,"TOTAL_ASSETS":810907000,"TOTAL_LIABILITIES":588349000,"TAX_EBT":null,"OCF_SALES":11.596502772846,"TOTAL_PARENT_EQUITY":222558000,"DEBT_ASSET_RATIO":72.5544359587,"OPERATE_PROFIT":-82058000,"PRETAX_PROFIT":-104754000,"NETCASH_OPERATE":88641000,"NETCASH_INVEST":-32892000,"NETCASH_FINANCE":-83306000,"END_CASH":44319000,"DIVI_RATIO":null,"DIVIDEND_RATE":null,"CURRENT_RATIO":0.835164182546,"COMMON_ACS":500000000,"CURRENTDEBT_DEBT":97.306700614771,"ISSUED_COMMON_SHARES":218416088,"HK_COMMON_SHARES":218416088,"PER_SHARES":2000,"TOTAL_MARKET_CAP":366939027.84,"HKSK_MARKET_CAP":366939027.84,"PE_TTM":-2.319840382953,"PB_TTM":1.871847836261,"REPORT_DATE_SQ":"2022-12-31 00:00:00","REPORT_TYPE_SQ":"2022年年报","OPERATE_INCOME_SQ":684263000,"DPS_HKD":null,"OPERATE_INCOME_QOQ_SQ":7.704015941623,"NET_PROFIT_RATIO_SQ":-11.0086326456,"HOLDER_PROFIT_SQ":-75328000,"HOLDER_PROFIT_QOQ_SQ":22.786444986572,"ROE_AVG_SQ":-20.63916531498,"PE_TTM_SQ":-2.709726093707,"PB_TTM_SQ":0.649729058151,"ROA_SQ":-6.644541130343,"START_DATE":"2023-01-01 00:00:00","FISCAL_YEAR":"12-31","CURRENCY":"HKD","IS_CNY_CODE":0,"DPS_HKD_LY":null,"ORG_TYPE":"一般企业","PREMIUM_INCOME":null,"PREMIUM_INCOME_YOY":null,"NET_INTEREST_INCOME":null,"NET_INTEREST_INCOME_YOY":null,"FEE_COMMISSION_INCOME":null,"FEE_COMMISSION_INCOME_YOY":null,"ACCOUNTS_RECE_TDAYS":2.726913382933,"INVENTORY_TDAYS":8.02544012595,"CURRENT_ASSETS_TDAYS":1.386267845743,"TOTAL_ASSETS_TDAYS":0.854903596765,"PREMIUM_EXPENSE":null,"LOAN_DEPOSIT":null,"LOAN_EQUITY":null,"LOAN_ASSETS":null,"DEPOSIT_EQUITY":null,"DEPOSIT_ASSETS":null,"EQUITY_MULTIPLIER":3.643576056572,"EQUITY_RATIO":2.643576056579},{"SECUCODE":"01262.HK","SECURITY_CODE":"01262","SECURITY_NAME_ABBR":"蜡笔小新食品","ORG_CODE":"10183117","STD_REPORT_DATE":"2023-06-30 00:00:00","REPORT_DATE":"2023-06-30 00:00:00","DATE_TYPE_CODE":"002","REPORT_TYPE":"2023年中报","PER_NETCASH_OPERATE":0.042344600396,"PER_OI":0.310149837055,"BPS":1.476448016961,"BASIC_EPS":-0.04,"DILUTED_EPS":-0.04,"OPERATE_INCOME":412182000,"OPERATE_INCOME_YOY":18.2382251444,"GROSS_PROFIT":115472000,"GROSS_PROFIT_YOY":-0.115910938879,"HOLDER_PROFIT":-4832000,"HOLDER_PROFIT_YOY":0.9226983802,"GROSS_PROFIT_RATIO":28.014808992144,"EPS_TTM":-0.056647330992,"OPERATE_INCOME_QOQ":9.291602790155,"NET_PROFIT_RATIO":-1.1722976743,"ROE_AVG":-1.487245149217,"GROSS_PROFIT_QOQ":-0.054874852575,"ROA":-0.495234952191,"HOLDER_PROFIT_QOQ":0.059738742566,"ROE_YEARLY":-2.974490298434,"ROIC_YEARLY":-1.066231230072,"TOTAL_ASSETS":974086000,"TOTAL_LIABILITIES":651606000,"TAX_EBT":16.588986708096,"OCF_SALES":13.652949425254,"TOTAL_PARENT_EQUITY":322480000,"DEBT_ASSET_RATIO":66.89409354,"OPERATE_PROFIT":6431000,"PRETAX_PROFIT":-5793000,"NETCASH_OPERATE":56275000,"NETCASH_INVEST":-31011000,"NETCASH_FINANCE":-30359000,"END_CASH":66781000,"DIVI_RATIO":null,"DIVIDEND_RATE":null,"CURRENT_RATIO":0.973523027558,"COMMON_ACS":500000000,"CURRENTDEBT_DEBT":97.568162355779,"ISSUED_COMMON_SHARES":218416088,"HK_COMMON_SHARES":218416088,"PER_SHARES":2000,"TOTAL_MARKET_CAP":366939027.84,"HKSK_MARKET_CAP":366939027.84,"PE_TTM":-2.319840382953,"PB_TTM":1.871847836261,"REPORT_DATE_SQ":"2022-06-30 00:00:00","REPORT_TYPE_SQ":"2022年中报","OPERATE_INCOME_SQ":348603000,"DPS_HKD":null,"OPERATE_INCOME_QOQ_SQ":-1.96708359951,"NET_PROFIT_RATIO_SQ":-1.3990126304,"HOLDER_PROFIT_SQ":-4877000,"HOLDER_PROFIT_QOQ_SQ":-49.619655235875,"ROE_AVG_SQ":-1.218636112059,"PE_TTM_SQ":-2.709726093707,"PB_TTM_SQ":0.649729058151,"ROA_SQ":-0.406276162827,"START_DATE":"2023-01-01 00:00:00","FISCAL_YEAR":"12-31","CURRENCY":"HKD","IS_CNY_CODE":0,"DPS_HKD_LY":null,"ORG_TYPE":"一般企业","PREMIUM_INCOME":null,"PREMIUM_INCOME_YOY":null,"NET_INTEREST_INCOME":null,"NET_INTEREST_INCOME_YOY":null,"FEE_COMMISSION_INCOME":null,"FEE_COMMISSION_INCOME_YOY":null,"ACCOUNTS_RECE_TDAYS":1.295119054352,"INVENTORY_TDAYS":3.935224175547,"CURRENT_ASSETS_TDAYS":0.662897432165,"TOTAL_ASSETS_TDAYS":0.422448123063,"PREMIUM_EXPENSE":null,"LOAN_DEPOSIT":null,"LOAN_EQUITY":null,"LOAN_ASSETS":null,"DEPOSIT_EQUITY":null,"DEPOSIT_ASSETS":null,"EQUITY_MULTIPLIER":3.020609030018,"EQUITY_RATIO":2.020609030017},{"SECUCODE":"01262.HK","SECURITY_CODE":"01262","SECURITY_NAME_ABBR":"蜡笔小新食品","ORG_CODE":"10183117","STD_REPORT_DATE":"2022-12-31 00:00:00","REPORT_DATE":"2022-12-31 00:00:00","DATE_TYPE_CODE":"001","REPORT_TYPE":"2022年年报","PER_NETCASH_OPERATE":0.011634512862,"PER_OI":0.514879490014,"BPS":1.498570929445,"BASIC_EPS":-0.06,"DILUTED_EPS":-0.06,"OPERATE_INCOME":684263000,"OPERATE_INCOME_YOY":5.585387908,"GROSS_PROFIT":244192000,"GROSS_PROFIT_YOY":8.877702524958,"HOLDER_PROFIT":-75328000,"HOLDER_PROFIT_YOY":-15.5266548065,"GROSS_PROFIT_RATIO":35.686863092115,"EPS_TTM":-0.056681191623,"OPERATE_INCOME_QOQ":7.704015941623,"NET_PROFIT_RATIO":-11.0086326456,"ROE_AVG":-20.63916531498,"GROSS_PROFIT_QOQ":15.0785123188,"ROA":-6.644541130343,"HOLDER_PROFIT_QOQ":22.786444986572,"ROE_YEARLY":-20.63916531498,"ROIC_YEARLY":-7.123477839845,"TOTAL_ASSETS":977311000,"TOTAL_LIABILITIES":649999000,"TAX_EBT":-11.315038938393,"OCF_SALES":2.259657470885,"TOTAL_PARENT_EQUITY":327312000,"DEBT_ASSET_RATIO":66.5089209064,"OPERATE_PROFIT":-40321000,"PRETAX_PROFIT":-67671000,"NETCASH_OPERATE":15462000,"NETCASH_INVEST":55938000,"NETCASH_FINANCE":-80091000,"END_CASH":71876000,"DIVI_RATIO":null,"DIVIDEND_RATE":null,"CURRENT_RATIO":0.985014657346,"COMMON_ACS":500000000,"CURRENTDEBT_DEBT":97.562150095616,"ISSUED_COMMON_SHARES":218416088,"HK_COMMON_SHARES":218416088,"PER_SHARES":2000,"TOTAL_MARKET_CAP":366939027.84,"HKSK_MARKET_CAP":366939027.84,"PE_TTM":-2.319840382953,"PB_TTM":1.871847836261,"REPORT_DATE_SQ":"2021-12-31 00:00:00","REPORT_TYPE_SQ":"2021年年报","OPERATE_INCOME_SQ":648066000,"DPS_HKD":null,"OPERATE_INCOME_QOQ_SQ":4.505535971722,"NET_PROFIT_RATIO_SQ":-10.0613209148,"HOLDER_PROFIT_SQ":-65204000,"HOLDER_PROFIT_QOQ_SQ":-187.274966203103,"ROE_AVG_SQ":-14.981090979271,"PE_TTM_SQ":-2.709726093707,"PB_TTM_SQ":0.649729058151,"ROA_SQ":-4.625555192186,"START_DATE":"2022-01-01 00:00:00","FISCAL_YEAR":"12-31","CURRENCY":"HKD","IS_CNY_CODE":0,"DPS_HKD_LY":null,"ORG_TYPE":"一般企业","PREMIUM_INCOME":null,"PREMIUM_INCOME_YOY":null,"NET_INTEREST_INCOME":null,"NET_INTEREST_INCOME_YOY":null,"FEE_COMMISSION_INCOME":null,"FEE_COMMISSION_INCOME_YOY":null,"ACCOUNTS_RECE_TDAYS":1.938974127195,"INVENTORY_TDAYS":6.161345196676,"CURRENT_ASSETS_TDAYS":0.916571785262,"TOTAL_ASSETS_TDAYS":0.603575516073,"PREMIUM_EXPENSE":null,"LOAN_DEPOSIT":null,"LOAN_EQUITY":null,"LOAN_ASSETS":null,"DEPOSIT_EQUITY":null,"DEPOSIT_ASSETS":null,"EQUITY_MULTIPLIER":2.985869751181,"EQUITY_RATIO":1.985869751185},{"SECUCODE":"01262.HK","SECURITY_CODE":"01262","SECURITY_NAME_ABBR":"蜡笔小新食品","ORG_CODE":"10183117","STD_REPORT_DATE":"2022-06-30 00:00:00","REPORT_DATE":"2022-06-30 00:00:00","DATE_TYPE_CODE":"002","REPORT_TYPE":"2022年中报","PER_NETCASH_OPERATE":-0.028549026808,"PER_OI":0.262309279995,"BPS":1.821125007971,"BASIC_EPS":-0.004,"DILUTED_EPS":-0.004,"OPERATE_INCOME":348603000,"OPERATE_INCOME_YOY":-3.5278717922,"GROSS_PROFIT":115606000,"GROSS_PROFIT_YOY":-9.464253549585,"HOLDER_PROFIT":-4877000,"HOLDER_PROFIT_YOY":-117.7493903992,"GROSS_PROFIT_RATIO":33.162652071267,"EPS_TTM":-0.07340834341,"OPERATE_INCOME_QOQ":-1.96708359951,"NET_PROFIT_RATIO":-1.3990126304,"ROE_AVG":-1.218636112059,"GROSS_PROFIT_QOQ":-5.388329818397,"ROA":-0.406276162827,"HOLDER_PROFIT_QOQ":-49.619655235875,"ROE_YEARLY":-2.437272224117,"ROIC_YEARLY":-0.873785320604,"TOTAL_ASSETS":1110776000,"TOTAL_LIABILITIES":713013000,"TAX_EBT":9.86878580669,"OCF_SALES":-10.883727334532,"TOTAL_PARENT_EQUITY":397763000,"DEBT_ASSET_RATIO":64.1905298638,"OPERATE_PROFIT":9144000,"PRETAX_PROFIT":-5411000,"NETCASH_OPERATE":-37941000,"NETCASH_INVEST":74318000,"NETCASH_FINANCE":-29266000,"END_CASH":87678000,"DIVI_RATIO":null,"DIVIDEND_RATE":null,"CURRENT_RATIO":1.072167787632,"COMMON_ACS":500000000,"CURRENTDEBT_DEBT":97.777600127908,"ISSUED_COMMON_SHARES":218416088,"HK_COMMON_SHARES":218416088,"PER_SHARES":2000,"TOTAL_MARKET_CAP":366939027.84,"HKSK_MARKET_CAP":366939027.84,"PE_TTM":-2.319840382953,"PB_TTM":1.871847836261,"REPORT_DATE_SQ":"2021-06-30 00:00:00","REPORT_TYPE_SQ":"2021年中报","OPERATE_INCOME_SQ":361351000,"DPS_HKD":null,"OPERATE_INCOME_QOQ_SQ":21.871008061505,"NET_PROFIT_RATIO_SQ":7.6039640128,"HOLDER_PROFIT_SQ":27477000,"HOLDER_PROFIT_QOQ_SQ":354.093119749685,"ROE_AVG_SQ":5.705564467147,"PE_TTM_SQ":-2.709726093707,"PB_TTM_SQ":0.649729058151,"ROA_SQ":1.86902283579,"START_DATE":"2022-01-01 00:00:00","FISCAL_YEAR":"12-31","CURRENCY":"HKD","IS_CNY_CODE":0,"DPS_HKD_LY":null,"ORG_TYPE":"一般企业","PREMIUM_INCOME":null,"PREMIUM_INCOME_YOY":null,"NET_INTEREST_INCOME":null,"NET_INTEREST_INCOME_YOY":null,"FEE_COMMISSION_INCOME":null,"FEE_COMMISSION_INCOME_YOY":null,"ACCOUNTS_RECE_TDAYS":0.937844778071,"INVENTORY_TDAYS":3.419687674289,"CURRENT_ASSETS_TDAYS":0.431460181865,"TOTAL_ASSETS_TDAYS":0.290402069284,"PREMIUM_EXPENSE":null,"LOAN_DEPOSIT":null,"LOAN_EQUITY":null,"LOAN_ASSETS":null,"DEPOSIT_EQUITY":null,"DEPOSIT_ASSETS":null,"EQUITY_MULTIPLIER":2.792557377131,"EQUITY_RATIO":1.792557377132},{"SECUCODE":"01262.HK","SECURITY_CODE":"01262","SECURITY_NAME_ABBR":"蜡笔小新食品","ORG_CODE":"10183117","STD_REPORT_DATE":"2021-12-31 00:00:00","REPORT_DATE":"2021-12-31 00:00:00","DATE_TYPE_CODE":"001","REPORT_TYPE":"2021年年报","PER_NETCASH_OPERATE":-0.101800106398,"PER_OI":0.487642750777,"BPS":1.843453949235,"BASIC_EPS":-0.05,"DILUTED_EPS":-0.05,"OPERATE_INCOME":648066000,"OPERATE_INCOME_YOY":27.3619501688,"GROSS_PROFIT":224281000,"GROSS_PROFIT_YOY":34.667715438563,"HOLDER_PROFIT":-65204000,"HOLDER_PROFIT_YOY":-121.7596843859,"GROSS_PROFIT_RATIO":34.607740569633,"EPS_TTM":-0.049063302074,"OPERATE_INCOME_QOQ":4.505535971722,"NET_PROFIT_RATIO":-10.0613209148,"ROE_AVG":-14.981090979271,"GROSS_PROFIT_QOQ":11.087941751901,"ROA":-4.625555192186,"HOLDER_PROFIT_QOQ":-187.274966203103,"ROE_YEARLY":-14.981090979271,"ROIC_YEARLY":-5.258624583046,"TOTAL_ASSETS":1290054000,"TOTAL_LIABILITIES":887414000,"TAX_EBT":483.643210167098,"OCF_SALES":-20.875960164551,"TOTAL_PARENT_EQUITY":402640000,"DEBT_ASSET_RATIO":68.7889034102,"OPERATE_PROFIT":47486000,"PRETAX_PROFIT":16996000,"NETCASH_OPERATE":-135290000,"NETCASH_INVEST":113424000,"NETCASH_FINANCE":-156406000,"END_CASH":80567000,"DIVI_RATIO":null,"DIVIDEND_RATE":null,"CURRENT_RATIO":0.996413360748,"COMMON_ACS":500000000,"CURRENTDEBT_DEBT":98.214362180448,"ISSUED_COMMON_SHARES":218416088,"HK_COMMON_SHARES":218416088,"PER_SHARES":2000,"TOTAL_MARKET_CAP":366939027.84,"HKSK_MARKET_CAP":366939027.84,"PE_TTM":-2.319840382953,"PB_TTM":1.871847836261,"REPORT_DATE_SQ":"2020-12-31 00:00:00","REPORT_TYPE_SQ":"2020年年报","OPERATE_INCOME_SQ":508838000,"DPS_HKD":null,"OPERATE_INCOME_QOQ_SQ":12.122814671832,"NET_PROFIT_RATIO_SQ":-5.7784599421,"HOLDER_PROFIT_SQ":-29403000,"HOLDER_PROFIT_QOQ_SQ":84.424149640044,"ROE_AVG_SQ":-6.09331140794,"PE_TTM_SQ":-2.709726093707,"PB_TTM_SQ":0.649729058151,"ROA_SQ":-1.950385659362,"START_DATE":"2021-01-01 00:00:00","FISCAL_YEAR":"12-31","CURRENCY":"HKD","IS_CNY_CODE":0,"DPS_HKD_LY":null,"ORG_TYPE":"一般企业","PREMIUM_INCOME":null,"PREMIUM_INCOME_YOY":null,"NET_INTEREST_INCOME":null,"NET_INTEREST_INCOME_YOY":null,"FEE_COMMISSION_INCOME":null,"FEE_COMMISSION_INCOME_YOY":null,"ACCOUNTS_RECE_TDAYS":1.901724876606,"INVENTORY_TDAYS":6.467630181308,"CURRENT_ASSETS_TDAYS":0.691699438105,"TOTAL_ASSETS_TDAYS":0.459736373716,"PREMIUM_EXPENSE":null,"LOAN_DEPOSIT":null,"LOAN_EQUITY":null,"LOAN_ASSETS":null,"DEPOSIT_EQUITY":null,"DEPOSIT_ASSETS":null,"EQUITY_MULTIPLIER":3.203988674742,"EQUITY_RATIO":2.203988674747},{"SECUCODE":"01262.HK","SECURITY_CODE":"01262","SECURITY_NAME_ABBR":"蜡笔小新食品","ORG_CODE":"10183117","STD_REPORT_DATE":"2021-06-30 00:00:00","REPORT_DATE":"2021-06-30 00:00:00","DATE_TYPE_CODE":"002","REPORT_TYPE":"2021年中报","PER_NETCASH_OPERATE":-0.113998210654,"PER_OI":0.27190162057,"BPS":2.267786244757,"BASIC_EPS":0.021,"DILUTED_EPS":0.021,"OPERATE_INCOME":361351000,"OPERATE_INCOME_YOY":44.5039849958,"GROSS_PROFIT":127691000,"GROSS_PROFIT_YOY":38.283517435564,"HOLDER_PROFIT":27477000,"HOLDER_PROFIT_YOY":135.8534389394,"GROSS_PROFIT_RATIO":35.337109901453,"EPS_TTM":0.056216924747,"OPERATE_INCOME_QOQ":21.871008061505,"NET_PROFIT_RATIO":7.6039640128,"ROE_AVG":5.705564467147,"GROSS_PROFIT_QOQ":21.22622249976,"ROA":1.86902283579,"HOLDER_PROFIT_QOQ":354.093119749685,"ROE_YEARLY":11.411128934295,"ROIC_YEARLY":4.129516870422,"TOTAL_ASSETS":1411013000,"TOTAL_LIABILITIES":915692000,"TAX_EBT":4.04735298226,"OCF_SALES":-41.9262711325,"TOTAL_PARENT_EQUITY":495321000,"DEBT_ASSET_RATIO":64.8960711205,"OPERATE_PROFIT":44426000,"PRETAX_PROFIT":28636000,"NETCASH_OPERATE":-151501000,"NETCASH_INVEST":25809000,"NETCASH_FINANCE":-113255000,"END_CASH":19892000,"DIVI_RATIO":null,"DIVIDEND_RATE":null,"CURRENT_RATIO":0.998484185072,"COMMON_ACS":500000000,"CURRENTDEBT_DEBT":98.269505466904,"ISSUED_COMMON_SHARES":218416088,"HK_COMMON_SHARES":218416088,"PER_SHARES":2000,"TOTAL_MARKET_CAP":366939027.84,"HKSK_MARKET_CAP":366939027.84,"PE_TTM":-2.319840382953,"PB_TTM":1.871847836261,"REPORT_DATE_SQ":"2020-06-30 00:00:00","REPORT_TYPE_SQ":"2020年中报","OPERATE_INCOME_SQ":250063000,"DPS_HKD":null,"OPERATE_INCOME_QOQ_SQ":-2.732280258053,"NET_PROFIT_RATIO_SQ":-30.6470769366,"HOLDER_PROFIT_SQ":-76637000,"HOLDER_PROFIT_QOQ_SQ":-10.971136323555,"ROE_AVG_SQ":-16.699115439551,"PE_TTM_SQ":-2.709726093707,"PB_TTM_SQ":0.649729058151,"ROA_SQ":-5.162901510632,"START_DATE":"2021-01-01 00:00:00","FISCAL_YEAR":"12-31","CURRENCY":"HKD","IS_CNY_CODE":0,"DPS_HKD_LY":null,"ORG_TYPE":"一般企业","PREMIUM_INCOME":null,"PREMIUM_INCOME_YOY":null,"NET_INTEREST_INCOME":null,"NET_INTEREST_INCOME_YOY":null,"FEE_COMMISSION_INCOME":null,"FEE_COMMISSION_INCOME_YOY":null,"ACCOUNTS_RECE_TDAYS":1.061295637642,"INVENTORY_TDAYS":3.161048993148,"CURRENT_ASSETS_TDAYS":0.379594900301,"TOTAL_ASSETS_TDAYS":0.245795854983,"PREMIUM_EXPENSE":null,"LOAN_DEPOSIT":null,"LOAN_EQUITY":null,"LOAN_ASSETS":null,"DEPOSIT_EQUITY":null,"DEPOSIT_ASSETS":null,"EQUITY_MULTIPLIER":2.848683984726,"EQUITY_RATIO":1.848683984729},{"SECUCODE":"01262.HK","SECURITY_CODE":"01262","SECURITY_NAME_ABBR":"蜡笔小新食品","ORG_CODE":"10183117","STD_REPORT_DATE":"2020-12-31 00:00:00","REPORT_DATE":"2020-12-31 00:00:00","DATE_TYPE_CODE":"001","REPORT_TYPE":"2020年年报","PER_NETCASH_OPERATE":-0.009380147286,"PER_OI":0.382879462925,"BPS":2.141985072089,"BASIC_EPS":-0.02,"DILUTED_EPS":-0.02,"OPERATE_INCOME":508838000,"OPERATE_INCOME_YOY":9.0593051418,"GROSS_PROFIT":166544000,"GROSS_PROFIT_YOY":19.81151757131,"HOLDER_PROFIT":-29403000,"HOLDER_PROFIT_YOY":82.7153018635,"GROSS_PROFIT_RATIO":32.730259925556,"EPS_TTM":-0.022124536392,"OPERATE_INCOME_QOQ":12.122814671832,"NET_PROFIT_RATIO":-5.7784599421,"ROE_AVG":-6.09331140794,"GROSS_PROFIT_QOQ":17.407702448344,"ROA":-1.950385659362,"HOLDER_PROFIT_QOQ":84.424149640044,"ROE_YEARLY":-6.09331140794,"ROIC_YEARLY":-2.152942933796,"TOTAL_ASSETS":1529240000,"TOTAL_LIABILITIES":1061396000,"TAX_EBT":284.044817225839,"OCF_SALES":-2.449895644586,"TOTAL_PARENT_EQUITY":467844000,"DEBT_ASSET_RATIO":69.4067641443,"OPERATE_PROFIT":55454000,"PRETAX_PROFIT":15976000,"NETCASH_OPERATE":-12466000,"NETCASH_INVEST":300931000,"NETCASH_FINANCE":-54459000,"END_CASH":258839000,"DIVI_RATIO":null,"DIVIDEND_RATE":null,"CURRENT_RATIO":0.961594376166,"COMMON_ACS":500000000,"CURRENTDEBT_DEBT":98.507060512759,"ISSUED_COMMON_SHARES":218416088,"HK_COMMON_SHARES":218416088,"PER_SHARES":2000,"TOTAL_MARKET_CAP":366939027.84,"HKSK_MARKET_CAP":366939027.84,"PE_TTM":-2.319840382953,"PB_TTM":1.871847836261,"REPORT_DATE_SQ":"2019-12-31 00:00:00","REPORT_TYPE_SQ":"2019年年报","OPERATE_INCOME_SQ":466570000,"DPS_HKD":null,"OPERATE_INCOME_QOQ_SQ":-2.743209722135,"NET_PROFIT_RATIO_SQ":-36.4596952226,"HOLDER_PROFIT_SQ":-170110000,"HOLDER_PROFIT_QOQ_SQ":7.986477349561,"ROE_AVG_SQ":-29.213363512404,"PE_TTM_SQ":-2.709726093707,"PB_TTM_SQ":0.649729058151,"ROA_SQ":-10.698059211943,"START_DATE":"2020-01-01 00:00:00","FISCAL_YEAR":"12-31","CURRENCY":"HKD","IS_CNY_CODE":0,"DPS_HKD_LY":null,"ORG_TYPE":"一般企业","PREMIUM_INCOME":null,"PREMIUM_INCOME_YOY":null,"NET_INTEREST_INCOME":null,"NET_INTEREST_INCOME_YOY":null,"FEE_COMMISSION_INCOME":null,"FEE_COMMISSION_INCOME_YOY":null,"ACCOUNTS_RECE_TDAYS":1.877000711938,"INVENTORY_TDAYS":6.414384363844,"CURRENT_ASSETS_TDAYS":0.597187746829,"TOTAL_ASSETS_TDAYS":0.337526897983,"PREMIUM_EXPENSE":null,"LOAN_DEPOSIT":null,"LOAN_EQUITY":null,"LOAN_ASSETS":null,"DEPOSIT_EQUITY":null,"DEPOSIT_ASSETS":null,"EQUITY_MULTIPLIER":3.268696403077,"EQUITY_RATIO":2.268696403075},{"SECUCODE":"01262.HK","SECURITY_CODE":"01262","SECURITY_NAME_ABBR":"蜡笔小新食品","ORG_CODE":"10183117","STD_REPORT_DATE":"2020-06-30 00:00:00","REPORT_DATE":"2020-06-30 00:00:00","DATE_TYPE_CODE":"002","REPORT_TYPE":"2020年中报","PER_NETCASH_OPERATE":-0.004054246236,"PER_OI":0.188162022368,"BPS":1.925728108453,"BASIC_EPS":-0.058,"DILUTED_EPS":-0.058,"OPERATE_INCOME":250063000,"OPERATE_INCOME_YOY":-4.8506341059,"GROSS_PROFIT":92340000,"GROSS_PROFIT_YOY":3.180101459316,"HOLDER_PROFIT":-76637000,"HOLDER_PROFIT_YOY":-32.1920171111,"GROSS_PROFIT_RATIO":36.926694472993,"EPS_TTM":-0.142043842745,"OPERATE_INCOME_QOQ":-2.732280258053,"NET_PROFIT_RATIO":-30.6470769366,"ROE_AVG":-16.699115439551,"GROSS_PROFIT_QOQ":2.047408366606,"ROA":-5.162901510632,"HOLDER_PROFIT_QOQ":-10.971136323555,"ROE_YEARLY":-33.398230879102,"ROIC_YEARLY":-10.608977631194,"TOTAL_ASSETS":1482901000,"TOTAL_LIABILITIES":1062291000,"TAX_EBT":0.319966702652,"OCF_SALES":-2.154657026429,"TOTAL_PARENT_EQUITY":420610000,"DEBT_ASSET_RATIO":71.6360026731,"OPERATE_PROFIT":-57212000,"PRETAX_PROFIT":-76883000,"NETCASH_OPERATE":-5388000,"NETCASH_INVEST":32196000,"NETCASH_FINANCE":2768000,"END_CASH":54409000,"DIVI_RATIO":null,"DIVIDEND_RATE":null,"CURRENT_RATIO":0.749369999054,"COMMON_ACS":500000000,"CURRENTDEBT_DEBT":98.506623891194,"ISSUED_COMMON_SHARES":218416088,"HK_COMMON_SHARES":218416088,"PER_SHARES":2000,"TOTAL_MARKET_CAP":366939027.84,"HKSK_MARKET_CAP":366939027.84,"PE_TTM":-2.319840382953,"PB_TTM":1.871847836261,"REPORT_DATE_SQ":"2019-06-30 00:00:00","REPORT_TYPE_SQ":"2019年中报","OPERATE_INCOME_SQ":262811000,"DPS_HKD":null,"OPERATE_INCOME_QOQ_SQ":-4.588685009208,"NET_PROFIT_RATIO_SQ":-22.0591984354,"HOLDER_PROFIT_SQ":-57974000,"HOLDER_PROFIT_QOQ_SQ":-2.940521398265,"ROE_AVG_SQ":-9.081552890091,"PE_TTM_SQ":-2.709726093707,"PB_TTM_SQ":0.649729058151,"ROA_SQ":-3.478485220308,"START_DATE":"2020-01-01 00:00:00","FISCAL_YEAR":"12-31","CURRENCY":"HKD","IS_CNY_CODE":0,"DPS_HKD_LY":null,"ORG_TYPE":"一般企业","PREMIUM_INCOME":null,"PREMIUM_INCOME_YOY":null,"NET_INTEREST_INCOME":null,"NET_INTEREST_INCOME_YOY":null,"FEE_COMMISSION_INCOME":null,"FEE_COMMISSION_INCOME_YOY":null,"ACCOUNTS_RECE_TDAYS":0.93029562927,"INVENTORY_TDAYS":2.803989368794,"CURRENT_ASSETS_TDAYS":0.337266670263,"TOTAL_ASSETS_TDAYS":0.168463097519,"PREMIUM_EXPENSE":null,"LOAN_DEPOSIT":null,"LOAN_EQUITY":null,"LOAN_ASSETS":null,"DEPOSIT_EQUITY":null,"DEPOSIT_ASSETS":null,"EQUITY_MULTIPLIER":3.525596157956,"EQUITY_RATIO":2.525596157961}],"count":30},"success":true,"message":"ok","code":0}