{"version":"40d4998ad80039e86b12dabc26e866e0","result":{"pages":3,"data":[{"SECUCODE":"01271.HK","SECURITY_CODE":"01271","SECURITY_NAME_ABBR":"佳明集团控股","ORG_CODE":"10334087","STD_REPORT_DATE":"2024-06-30 00:00:00","REPORT_DATE":"2024-09-30 00:00:00","DATE_TYPE_CODE":"002","REPORT_TYPE":"2024年中报","PER_NETCASH_OPERATE":0.110867881634,"PER_OI":0.434154700401,"BPS":1.953017692816,"BASIC_EPS":0.03336623,"DILUTED_EPS":0.03336623,"OPERATE_INCOME":616596207.13,"OPERATE_INCOME_YOY":256.6718135439,"GROSS_PROFIT":275864775.32,"GROSS_PROFIT_YOY":208.750689776425,"HOLDER_PROFIT":47434154,"HOLDER_PROFIT_YOY":-52.6654908031,"GROSS_PROFIT_RATIO":44.739940358056,"EPS_TTM":0.190505274235,"OPERATE_INCOME_QOQ":0,"NET_PROFIT_RATIO":7.6929039542,"ROE_AVG":1.744957826592,"GROSS_PROFIT_QOQ":0,"ROA":0.556209136539,"HOLDER_PROFIT_QOQ":0,"ROE_YEARLY":3.489915653184,"ROIC_YEARLY":1.118902658553,"TOTAL_ASSETS":8591807832.16,"TOTAL_LIABILITIES":5818088462.69,"TAX_EBT":22.352454902424,"OCF_SALES":25.536492299052,"TOTAL_PARENT_EQUITY":2773719369.47,"DEBT_ASSET_RATIO":67.716696839,"OPERATE_PROFIT":106848588.15,"PRETAX_PROFIT":61089058.18,"NETCASH_OPERATE":157457042.95,"NETCASH_INVEST":-164795809.97,"NETCASH_FINANCE":-6788675.12,"END_CASH":42428317.71,"DIVI_RATIO":null,"DIVIDEND_RATE":null,"CURRENT_RATIO":1.442454723916,"COMMON_ACS":10000000000,"CURRENTDEBT_DEBT":25.202988788556,"ISSUED_COMMON_SHARES":1420222346,"HK_COMMON_SHARES":1420222346,"PER_SHARES":1000,"TOTAL_MARKET_CAP":3337522513.1,"HKSK_MARKET_CAP":3337522513.1,"PE_TTM":13.910632916399,"PB_TTM":1.085093344416,"REPORT_DATE_SQ":"2023-06-30 00:00:00","REPORT_TYPE_SQ":"2023年中报","OPERATE_INCOME_SQ":175911506.26,"DPS_HKD":null,"OPERATE_INCOME_QOQ_SQ":0,"NET_PROFIT_RATIO_SQ":57.9670530302,"HOLDER_PROFIT_SQ":101970716.12,"HOLDER_PROFIT_QOQ_SQ":0,"ROE_AVG_SQ":3.828208110328,"PE_TTM_SQ":-227.057302252661,"PB_TTM_SQ":1.896176136237,"ROA_SQ":1.299462383164,"START_DATE":"2024-04-01 00:00:00","FISCAL_YEAR":"3-31","CURRENCY":"HKD","IS_CNY_CODE":0,"DPS_HKD_LY":null,"ORG_TYPE":"一般企业","PREMIUM_INCOME":null,"PREMIUM_INCOME_YOY":null,"NET_INTEREST_INCOME":null,"NET_INTEREST_INCOME_YOY":null,"FEE_COMMISSION_INCOME":null,"FEE_COMMISSION_INCOME_YOY":null,"ACCOUNTS_RECE_TDAYS":4.702701959153,"INVENTORY_TDAYS":0.221556032997,"CURRENT_ASSETS_TDAYS":0.281887315489,"TOTAL_ASSETS_TDAYS":0.072301583361,"PREMIUM_EXPENSE":null,"LOAN_DEPOSIT":null,"LOAN_EQUITY":null,"LOAN_ASSETS":null,"DEPOSIT_EQUITY":null,"DEPOSIT_ASSETS":null,"EQUITY_MULTIPLIER":3.097576462399,"EQUITY_RATIO":2.097576462395},{"SECUCODE":"01271.HK","SECURITY_CODE":"01271","SECURITY_NAME_ABBR":"佳明集团控股","ORG_CODE":"10334087","STD_REPORT_DATE":"2023-12-31 00:00:00","REPORT_DATE":"2024-03-31 00:00:00","DATE_TYPE_CODE":"001","REPORT_TYPE":"2023年年报","PER_NETCASH_OPERATE":0.152176340739,"PER_OI":0.340024945678,"BPS":1.884949632598,"BASIC_EPS":0.19055681,"DILUTED_EPS":0.1903755,"OPERATE_INCOME":482911026.05,"OPERATE_INCOME_YOY":-89.3558874307,"GROSS_PROFIT":152812600.75,"GROSS_PROFIT_YOY":-91.218249482073,"HOLDER_PROFIT":270559847.5,"HOLDER_PROFIT_YOY":-76.6005989996,"GROSS_PROFIT_RATIO":31.644048801275,"EPS_TTM":-0.040056036324,"OPERATE_INCOME_QOQ":0,"NET_PROFIT_RATIO":56.0268523403,"ROE_AVG":10.057560112414,"GROSS_PROFIT_QOQ":0,"ROA":3.403760399674,"HOLDER_PROFIT_QOQ":0,"ROE_YEARLY":10.057560112414,"ROIC_YEARLY":3.460592581693,"TOTAL_ASSETS":8509100404.75,"TOTAL_LIABILITIES":5832052815.45,"TAX_EBT":4.68845307555,"OCF_SALES":44.754463657167,"TOTAL_PARENT_EQUITY":2677047589.3,"DEBT_ASSET_RATIO":68.5390057472,"OPERATE_PROFIT":395072676.9,"PRETAX_PROFIT":283868908.05,"NETCASH_OPERATE":216124239.65,"NETCASH_INVEST":-860235267.05,"NETCASH_FINANCE":497200973.7,"END_CASH":56715581.1,"DIVI_RATIO":null,"DIVIDEND_RATE":null,"CURRENT_RATIO":1.179798970936,"COMMON_ACS":10000000000,"CURRENTDEBT_DEBT":33.014038496005,"ISSUED_COMMON_SHARES":1420222346,"HK_COMMON_SHARES":1420222346,"PER_SHARES":1000,"TOTAL_MARKET_CAP":3351724736.56,"HKSK_MARKET_CAP":3351724736.56,"PE_TTM":13.969827099022,"PB_TTM":1.089710762902,"REPORT_DATE_SQ":"2022-12-31 00:00:00","REPORT_TYPE_SQ":"2022年年报","OPERATE_INCOME_SQ":4381041869.6,"DPS_HKD":null,"OPERATE_INCOME_QOQ_SQ":0,"NET_PROFIT_RATIO_SQ":25.4859568074,"HOLDER_PROFIT_SQ":1116550438.6,"HOLDER_PROFIT_QOQ_SQ":0,"ROE_AVG_SQ":49.945745197833,"PE_TTM_SQ":-227.057302252661,"PB_TTM_SQ":1.896176136237,"ROA_SQ":13.551443871676,"START_DATE":"2023-04-01 00:00:00","FISCAL_YEAR":"3-31","CURRENCY":"HKD","IS_CNY_CODE":0,"DPS_HKD_LY":0.24,"ORG_TYPE":"一般企业","PREMIUM_INCOME":null,"PREMIUM_INCOME_YOY":null,"NET_INTEREST_INCOME":null,"NET_INTEREST_INCOME_YOY":null,"FEE_COMMISSION_INCOME":null,"FEE_COMMISSION_INCOME_YOY":null,"ACCOUNTS_RECE_TDAYS":2.702321133706,"INVENTORY_TDAYS":0.207977815761,"CURRENT_ASSETS_TDAYS":0.207765822471,"TOTAL_ASSETS_TDAYS":0.060752304609,"PREMIUM_EXPENSE":null,"LOAN_DEPOSIT":null,"LOAN_EQUITY":null,"LOAN_ASSETS":null,"DEPOSIT_EQUITY":null,"DEPOSIT_ASSETS":null,"EQUITY_MULTIPLIER":3.17853908864,"EQUITY_RATIO":2.178539088644},{"SECUCODE":"01271.HK","SECURITY_CODE":"01271","SECURITY_NAME_ABBR":"佳明集团控股","ORG_CODE":"10334087","STD_REPORT_DATE":"2023-06-30 00:00:00","REPORT_DATE":"2023-09-30 00:00:00","DATE_TYPE_CODE":"002","REPORT_TYPE":"2023年中报","PER_NETCASH_OPERATE":0.028732183087,"PER_OI":0.123861947923,"BPS":1.82444290585,"BASIC_EPS":0.07157514,"DILUTED_EPS":0.07157514,"OPERATE_INCOME":175911506.26,"OPERATE_INCOME_YOY":-96.1036875763,"GROSS_PROFIT":89348715.47,"GROSS_PROFIT_YOY":-95.14954178205,"HOLDER_PROFIT":101970716.12,"HOLDER_PROFIT_YOY":-92.1197874008,"GROSS_PROFIT_RATIO":50.791854023432,"EPS_TTM":0.786235384398,"OPERATE_INCOME_QOQ":0,"NET_PROFIT_RATIO":57.9670530302,"ROE_AVG":3.828208110328,"GROSS_PROFIT_QOQ":0,"ROA":1.299462383164,"HOLDER_PROFIT_QOQ":0,"ROE_YEARLY":7.656416220656,"ROIC_YEARLY":2.645615826936,"TOTAL_ASSETS":8215386310.53,"TOTAL_LIABILITIES":5624271726.64,"TAX_EBT":0.562848424651,"OCF_SALES":23.196941085643,"TOTAL_PARENT_EQUITY":2591114583.89,"DEBT_ASSET_RATIO":68.460222247,"OPERATE_PROFIT":157921370.11,"PRETAX_PROFIT":102547905.39,"NETCASH_OPERATE":40806088.47,"NETCASH_INVEST":-596381501.45,"NETCASH_FINANCE":421798723.43,"END_CASH":70115190.67,"DIVI_RATIO":null,"DIVIDEND_RATE":null,"CURRENT_RATIO":1.627779240881,"COMMON_ACS":10000000000,"CURRENTDEBT_DEBT":26.267553883685,"ISSUED_COMMON_SHARES":1420222346,"HK_COMMON_SHARES":1420222346,"PER_SHARES":1000,"TOTAL_MARKET_CAP":3351724736.56,"HKSK_MARKET_CAP":3351724736.56,"PE_TTM":13.969827099022,"PB_TTM":1.089710762902,"REPORT_DATE_SQ":"2022-06-30 00:00:00","REPORT_TYPE_SQ":"2022年中报","OPERATE_INCOME_SQ":4449924390.72,"DPS_HKD":null,"OPERATE_INCOME_QOQ_SQ":0,"NET_PROFIT_RATIO_SQ":28.6613776014,"HOLDER_PROFIT_SQ":1275409632.6,"HOLDER_PROFIT_QOQ_SQ":0,"ROE_AVG_SQ":53.18303780287,"PE_TTM_SQ":-227.057302252661,"PB_TTM_SQ":1.896176136237,"ROA_SQ":14.875085264613,"START_DATE":"2023-04-01 00:00:00","FISCAL_YEAR":"3-31","CURRENCY":"HKD","IS_CNY_CODE":0,"DPS_HKD_LY":0.24,"ORG_TYPE":"一般企业","PREMIUM_INCOME":null,"PREMIUM_INCOME_YOY":null,"NET_INTEREST_INCOME":null,"NET_INTEREST_INCOME_YOY":null,"FEE_COMMISSION_INCOME":null,"FEE_COMMISSION_INCOME_YOY":null,"ACCOUNTS_RECE_TDAYS":0.991138271911,"INVENTORY_TDAYS":0.052817585519,"CURRENT_ASSETS_TDAYS":0.073130476264,"TOTAL_ASSETS_TDAYS":0.022417257998,"PREMIUM_EXPENSE":null,"LOAN_DEPOSIT":null,"LOAN_EQUITY":null,"LOAN_ASSETS":null,"DEPOSIT_EQUITY":null,"DEPOSIT_ASSETS":null,"EQUITY_MULTIPLIER":3.17059938669,"EQUITY_RATIO":2.170599386692},{"SECUCODE":"01271.HK","SECURITY_CODE":"01271","SECURITY_NAME_ABBR":"佳明集团控股","ORG_CODE":"10334087","STD_REPORT_DATE":"2022-12-31 00:00:00","REPORT_DATE":"2023-03-31 00:00:00","DATE_TYPE_CODE":"001","REPORT_TYPE":"2022年年报","PER_NETCASH_OPERATE":0.632017957667,"PER_OI":3.085648523865,"BPS":1.837970254363,"BASIC_EPS":0.786555885,"DILUTED_EPS":0.786030639,"OPERATE_INCOME":4381041869.6,"OPERATE_INCOME_YOY":511.903891464,"GROSS_PROFIT":1740115486.52,"GROSS_PROFIT_YOY":3378.45488580206,"HOLDER_PROFIT":1116550438.6,"HOLDER_PROFIT_YOY":7168.8208810623,"GROSS_PROFIT_RATIO":39.71921607494,"EPS_TTM":0.867860231504,"OPERATE_INCOME_QOQ":0,"NET_PROFIT_RATIO":25.4859568074,"ROE_AVG":49.945745197833,"GROSS_PROFIT_QOQ":0,"ROA":13.551443871676,"HOLDER_PROFIT_QOQ":0,"ROE_YEARLY":49.945745197833,"ROIC_YEARLY":13.799611456536,"TOTAL_ASSETS":7134803349.22,"TOTAL_LIABILITIES":4524476922.69,"TAX_EBT":16.591898926222,"OCF_SALES":20.482499960036,"TOTAL_PARENT_EQUITY":2610326426.53,"DEBT_ASSET_RATIO":63.4141783765,"OPERATE_PROFIT":1430658051.52,"PRETAX_PROFIT":1338659463.8,"NETCASH_OPERATE":897346899.19,"NETCASH_INVEST":-20586141.56,"NETCASH_FINANCE":-774185466.29,"END_CASH":197347177.94,"DIVI_RATIO":null,"DIVIDEND_RATE":null,"CURRENT_RATIO":2.121958858247,"COMMON_ACS":10000000000,"CURRENTDEBT_DEBT":23.908305244419,"ISSUED_COMMON_SHARES":1420222346,"HK_COMMON_SHARES":1420222346,"PER_SHARES":1000,"TOTAL_MARKET_CAP":3351724736.56,"HKSK_MARKET_CAP":3351724736.56,"PE_TTM":13.969827099022,"PB_TTM":1.089710762902,"REPORT_DATE_SQ":"2021-12-31 00:00:00","REPORT_TYPE_SQ":"2021年年报","OPERATE_INCOME_SQ":663298315.67,"DPS_HKD":null,"OPERATE_INCOME_QOQ_SQ":0,"NET_PROFIT_RATIO_SQ":2.1454588582,"HOLDER_PROFIT_SQ":14230792.47,"HOLDER_PROFIT_QOQ_SQ":0,"ROE_AVG_SQ":0.762401405839,"PE_TTM_SQ":-227.057302252661,"PB_TTM_SQ":1.896176136237,"ROA_SQ":0.171073505012,"START_DATE":"2022-04-01 00:00:00","FISCAL_YEAR":"3-31","CURRENCY":"HKD","IS_CNY_CODE":0,"DPS_HKD_LY":0.3,"ORG_TYPE":"一般企业","PREMIUM_INCOME":null,"PREMIUM_INCOME_YOY":null,"NET_INTEREST_INCOME":null,"NET_INTEREST_INCOME_YOY":null,"FEE_COMMISSION_INCOME":null,"FEE_COMMISSION_INCOME_YOY":null,"ACCOUNTS_RECE_TDAYS":20.846166342457,"INVENTORY_TDAYS":1.029300972957,"CURRENT_ASSETS_TDAYS":1.257447039991,"TOTAL_ASSETS_TDAYS":0.531721997887,"PREMIUM_EXPENSE":null,"LOAN_DEPOSIT":null,"LOAN_EQUITY":null,"LOAN_ASSETS":null,"DEPOSIT_EQUITY":null,"DEPOSIT_ASSETS":null,"EQUITY_MULTIPLIER":2.733299282686,"EQUITY_RATIO":1.73329928269},{"SECUCODE":"01271.HK","SECURITY_CODE":"01271","SECURITY_NAME_ABBR":"佳明集团控股","ORG_CODE":"10334087","STD_REPORT_DATE":"2022-06-30 00:00:00","REPORT_DATE":"2022-09-30 00:00:00","DATE_TYPE_CODE":"002","REPORT_TYPE":"2022年中报","PER_NETCASH_OPERATE":0.797009274903,"PER_OI":3.134759877547,"BPS":2.023535800753,"BASIC_EPS":0.89810892,"DILUTED_EPS":0.89810892,"OPERATE_INCOME":4449924390.72,"OPERATE_INCOME_YOY":739.4235379022,"GROSS_PROFIT":1842067521.36,"GROSS_PROFIT_YOY":2073.68843884437,"HOLDER_PROFIT":1275409632.6,"HOLDER_PROFIT_YOY":1936.8099488691,"GROSS_PROFIT_RATIO":41.395479105252,"EPS_TTM":0.010024915784,"OPERATE_INCOME_QOQ":0,"NET_PROFIT_RATIO":28.6613776014,"ROE_AVG":53.18303780287,"GROSS_PROFIT_QOQ":0,"ROA":14.875085264613,"HOLDER_PROFIT_QOQ":0,"ROE_YEARLY":106.36607560574,"ROIC_YEARLY":31.528338479937,"TOTAL_ASSETS":7494518151.72,"TOTAL_LIABILITIES":4620647389.56,"TAX_EBT":17.42367414627,"OCF_SALES":25.424890774311,"TOTAL_PARENT_EQUITY":2873870762.16,"DEBT_ASSET_RATIO":61.6536953546,"OPERATE_PROFIT":1589644648.44,"PRETAX_PROFIT":1544522136.84,"NETCASH_OPERATE":1131388415.88,"NETCASH_INVEST":-540543992.64,"NETCASH_FINANCE":-323025268.2,"END_CASH":364862853.72,"DIVI_RATIO":null,"DIVIDEND_RATE":null,"CURRENT_RATIO":2.480898887771,"COMMON_ACS":10000000000,"CURRENTDEBT_DEBT":23.219828967347,"ISSUED_COMMON_SHARES":1420222346,"HK_COMMON_SHARES":1420222346,"PER_SHARES":1000,"TOTAL_MARKET_CAP":3351724736.56,"HKSK_MARKET_CAP":3351724736.56,"PE_TTM":13.969827099022,"PB_TTM":1.089710762902,"REPORT_DATE_SQ":"2021-06-30 00:00:00","REPORT_TYPE_SQ":"2021年中报","OPERATE_INCOME_SQ":488278958.62,"DPS_HKD":null,"OPERATE_INCOME_QOQ_SQ":0,"NET_PROFIT_RATIO_SQ":11.8121158043,"HOLDER_PROFIT_SQ":57676076.04,"HOLDER_PROFIT_QOQ_SQ":0,"ROE_AVG_SQ":2.948825521222,"PE_TTM_SQ":-227.057302252661,"PB_TTM_SQ":1.896176136237,"ROA_SQ":0.702021294869,"START_DATE":"2022-04-01 00:00:00","FISCAL_YEAR":"3-31","CURRENCY":"HKD","IS_CNY_CODE":0,"DPS_HKD_LY":0.3,"ORG_TYPE":"一般企业","PREMIUM_INCOME":null,"PREMIUM_INCOME_YOY":null,"NET_INTEREST_INCOME":null,"NET_INTEREST_INCOME_YOY":null,"FEE_COMMISSION_INCOME":null,"FEE_COMMISSION_INCOME_YOY":null,"ACCOUNTS_RECE_TDAYS":22.523080021882,"INVENTORY_TDAYS":1.025938500491,"CURRENT_ASSETS_TDAYS":1.188309370328,"TOTAL_ASSETS_TDAYS":0.518994078774,"PREMIUM_EXPENSE":null,"LOAN_DEPOSIT":null,"LOAN_EQUITY":null,"LOAN_ASSETS":null,"DEPOSIT_EQUITY":null,"DEPOSIT_ASSETS":null,"EQUITY_MULTIPLIER":2.607813214982,"EQUITY_RATIO":1.607813214985},{"SECUCODE":"01271.HK","SECURITY_CODE":"01271","SECURITY_NAME_ABBR":"佳明集团控股","ORG_CODE":"10334087","STD_REPORT_DATE":"2021-12-31 00:00:00","REPORT_DATE":"2022-03-31 00:00:00","DATE_TYPE_CODE":"001","REPORT_TYPE":"2021年年报","PER_NETCASH_OPERATE":-0.009646131994,"PER_OI":0.46726208453,"BPS":1.213782827277,"BASIC_EPS":0.010056524,"DILUTED_EPS":0.010056524,"OPERATE_INCOME":663298315.67,"OPERATE_INCOME_YOY":-45.1973183863,"GROSS_PROFIT":50025529.83,"GROSS_PROFIT_YOY":-82.12395250538,"HOLDER_PROFIT":14230792.47,"HOLDER_PROFIT_YOY":-88.2262555775,"GROSS_PROFIT_RATIO":7.541935302439,"EPS_TTM":0.085894671,"OPERATE_INCOME_QOQ":0,"NET_PROFIT_RATIO":2.1454588582,"ROE_AVG":0.762401405839,"GROSS_PROFIT_QOQ":0,"ROA":0.171073505012,"HOLDER_PROFIT_QOQ":0,"ROE_YEARLY":0.762401405839,"ROIC_YEARLY":0.175195914751,"TOTAL_ASSETS":8656501767.3,"TOTAL_LIABILITIES":6932660272.81,"TAX_EBT":34.362024464145,"OCF_SALES":-2.064394333064,"TOTAL_PARENT_EQUITY":1723841494.49,"DEBT_ASSET_RATIO":80.0861648177,"OPERATE_PROFIT":69405424.79,"PRETAX_PROFIT":21680730.33,"NETCASH_OPERATE":-13693092.84,"NETCASH_INVEST":-501582921.67,"NETCASH_FINANCE":304617789.03,"END_CASH":91717120.9,"DIVI_RATIO":null,"DIVIDEND_RATE":null,"CURRENT_RATIO":0.628988717519,"COMMON_ACS":10000000000,"CURRENTDEBT_DEBT":99.276594634578,"ISSUED_COMMON_SHARES":1420222346,"HK_COMMON_SHARES":1420222346,"PER_SHARES":1000,"TOTAL_MARKET_CAP":3351724736.56,"HKSK_MARKET_CAP":3351724736.56,"PE_TTM":13.969827099022,"PB_TTM":1.089710762902,"REPORT_DATE_SQ":"2020-12-31 00:00:00","REPORT_TYPE_SQ":"2020年年报","OPERATE_INCOME_SQ":1261333954.3,"DPS_HKD":null,"OPERATE_INCOME_QOQ_SQ":0,"NET_PROFIT_RATIO_SQ":9.9863641085,"HOLDER_PROFIT_SQ":125961401.3,"HOLDER_PROFIT_QOQ_SQ":0,"ROE_AVG_SQ":6.10436796025,"PE_TTM_SQ":-227.057302252661,"PB_TTM_SQ":1.896176136237,"ROA_SQ":1.537245915664,"START_DATE":"2021-04-01 00:00:00","FISCAL_YEAR":"3-31","CURRENCY":"HKD","IS_CNY_CODE":0,"DPS_HKD_LY":0.28,"ORG_TYPE":"一般企业","PREMIUM_INCOME":null,"PREMIUM_INCOME_YOY":null,"NET_INTEREST_INCOME":null,"NET_INTEREST_INCOME_YOY":null,"FEE_COMMISSION_INCOME":null,"FEE_COMMISSION_INCOME_YOY":null,"ACCOUNTS_RECE_TDAYS":3.524012857414,"INVENTORY_TDAYS":0.20613177311,"CURRENT_ASSETS_TDAYS":0.160503371757,"TOTAL_ASSETS_TDAYS":0.079737490354,"PREMIUM_EXPENSE":null,"LOAN_DEPOSIT":null,"LOAN_EQUITY":null,"LOAN_ASSETS":null,"DEPOSIT_EQUITY":null,"DEPOSIT_ASSETS":null,"EQUITY_MULTIPLIER":5.021634410678,"EQUITY_RATIO":4.021634410686},{"SECUCODE":"01271.HK","SECURITY_CODE":"01271","SECURITY_NAME_ABBR":"佳明集团控股","ORG_CODE":"10334087","STD_REPORT_DATE":"2021-06-30 00:00:00","REPORT_DATE":"2021-09-30 00:00:00","DATE_TYPE_CODE":"002","REPORT_TYPE":"2021年中报","PER_NETCASH_OPERATE":0.197971874211,"PER_OI":0.343969279956,"BPS":1.301107563139,"BASIC_EPS":0.04081994,"DILUTED_EPS":0.04081994,"OPERATE_INCOME":488278958.62,"OPERATE_INCOME_YOY":-25.4416561086,"GROSS_PROFIT":84743861.56,"GROSS_PROFIT_YOY":-49.408992840015,"HOLDER_PROFIT":57676076.04,"HOLDER_PROFIT_YOY":-1.4083704769,"GROSS_PROFIT_RATIO":17.355624293029,"EPS_TTM":0.08873381034,"OPERATE_INCOME_QOQ":0,"NET_PROFIT_RATIO":11.8121158043,"ROE_AVG":2.948825521222,"GROSS_PROFIT_QOQ":0,"ROA":0.702021294869,"HOLDER_PROFIT_QOQ":0,"ROE_YEARLY":5.897651042443,"ROIC_YEARLY":1.444279945069,"TOTAL_ASSETS":8233905892.74,"TOTAL_LIABILITIES":6386043857.02,"TAX_EBT":6.556713275387,"OCF_SALES":57.555103245542,"TOTAL_PARENT_EQUITY":1847862035.72,"DEBT_ASSET_RATIO":77.5578922107,"OPERATE_PROFIT":91353359.6,"PRETAX_PROFIT":61723081.52,"NETCASH_OPERATE":281029458.76,"NETCASH_INVEST":-221221582.18,"NETCASH_FINANCE":-218330030.92,"END_CASH":149869160.12,"DIVI_RATIO":null,"DIVIDEND_RATE":null,"CURRENT_RATIO":0.921977249862,"COMMON_ACS":10000000000,"CURRENTDEBT_DEBT":64.999875420163,"ISSUED_COMMON_SHARES":1420222346,"HK_COMMON_SHARES":1420222346,"PER_SHARES":1000,"TOTAL_MARKET_CAP":3351724736.56,"HKSK_MARKET_CAP":3351724736.56,"PE_TTM":13.969827099022,"PB_TTM":1.089710762902,"REPORT_DATE_SQ":"2020-06-30 00:00:00","REPORT_TYPE_SQ":"2020年中报","OPERATE_INCOME_SQ":690789911.04,"DPS_HKD":null,"OPERATE_INCOME_QOQ_SQ":0,"NET_PROFIT_RATIO_SQ":8.9327237665,"HOLDER_PROFIT_SQ":61706354.56,"HOLDER_PROFIT_QOQ_SQ":0,"ROE_AVG_SQ":2.895203431713,"PE_TTM_SQ":-227.057302252661,"PB_TTM_SQ":1.896176136237,"ROA_SQ":0.742446115881,"START_DATE":"2021-04-01 00:00:00","FISCAL_YEAR":"3-31","CURRENCY":"HKD","IS_CNY_CODE":0,"DPS_HKD_LY":0.28,"ORG_TYPE":"一般企业","PREMIUM_INCOME":null,"PREMIUM_INCOME_YOY":null,"NET_INTEREST_INCOME":null,"NET_INTEREST_INCOME_YOY":null,"FEE_COMMISSION_INCOME":null,"FEE_COMMISSION_INCOME_YOY":null,"ACCOUNTS_RECE_TDAYS":2.690297291467,"INVENTORY_TDAYS":0.14759377548,"CURRENT_ASSETS_TDAYS":0.12408174792,"TOTAL_ASSETS_TDAYS":0.059432307175,"PREMIUM_EXPENSE":null,"LOAN_DEPOSIT":null,"LOAN_EQUITY":null,"LOAN_ASSETS":null,"DEPOSIT_EQUITY":null,"DEPOSIT_ASSETS":null,"EQUITY_MULTIPLIER":4.455909442146,"EQUITY_RATIO":3.455909442142},{"SECUCODE":"01271.HK","SECURITY_CODE":"01271","SECURITY_NAME_ABBR":"佳明集团控股","ORG_CODE":"10334087","STD_REPORT_DATE":"2020-12-31 00:00:00","REPORT_DATE":"2021-03-31 00:00:00","DATE_TYPE_CODE":"001","REPORT_TYPE":"2020年年报","PER_NETCASH_OPERATE":0.77614502649,"PER_OI":0.888549720165,"BPS":1.474392775707,"BASIC_EPS":0.0887439,"DILUTED_EPS":0.0887439,"OPERATE_INCOME":1261333954.3,"OPERATE_INCOME_YOY":65.3436310376,"GROSS_PROFIT":279846704.62,"GROSS_PROFIT_YOY":39.035509364855,"HOLDER_PROFIT":125961401.3,"HOLDER_PROFIT_YOY":340.5539625765,"GROSS_PROFIT_RATIO":22.186567139177,"EPS_TTM":0.037312207303,"OPERATE_INCOME_QOQ":0,"NET_PROFIT_RATIO":9.9863641085,"ROE_AVG":6.10436796025,"GROSS_PROFIT_QOQ":0,"ROA":1.537245915664,"HOLDER_PROFIT_QOQ":0,"ROE_YEARLY":6.10436796025,"ROIC_YEARLY":1.573742455334,"TOTAL_ASSETS":8316790101.62,"TOTAL_LIABILITIES":6222824534.78,"TAX_EBT":20.6855628406,"OCF_SALES":87.349645031275,"TOTAL_PARENT_EQUITY":2093965566.84,"DEBT_ASSET_RATIO":74.822430995,"OPERATE_PROFIT":210843673.88,"PRETAX_PROFIT":158812702.72,"NETCASH_OPERATE":1101770731.74,"NETCASH_INVEST":-371770171.78,"NETCASH_FINANCE":-487110196.02,"END_CASH":312386979.8,"DIVI_RATIO":null,"DIVIDEND_RATE":null,"CURRENT_RATIO":0.836557124806,"COMMON_ACS":10000000000,"CURRENTDEBT_DEBT":78.798436067318,"ISSUED_COMMON_SHARES":1420222346,"HK_COMMON_SHARES":1420222346,"PER_SHARES":1000,"TOTAL_MARKET_CAP":3351724736.56,"HKSK_MARKET_CAP":3351724736.56,"PE_TTM":13.969827099022,"PB_TTM":1.089710762902,"REPORT_DATE_SQ":"2019-12-31 00:00:00","REPORT_TYPE_SQ":"2019年年报","OPERATE_INCOME_SQ":824701965.2,"DPS_HKD":null,"OPERATE_INCOME_QOQ_SQ":0,"NET_PROFIT_RATIO_SQ":3.7479669753,"HOLDER_PROFIT_SQ":30909557.3,"HOLDER_PROFIT_QOQ_SQ":0,"ROE_AVG_SQ":1.29615981667,"PE_TTM_SQ":-227.057302252661,"PB_TTM_SQ":1.896176136237,"ROA_SQ":0.40756827136,"START_DATE":"2020-04-01 00:00:00","FISCAL_YEAR":"3-31","CURRENCY":"HKD","IS_CNY_CODE":0,"DPS_HKD_LY":0.58,"ORG_TYPE":"一般企业","PREMIUM_INCOME":null,"PREMIUM_INCOME_YOY":null,"NET_INTEREST_INCOME":null,"NET_INTEREST_INCOME_YOY":null,"FEE_COMMISSION_INCOME":null,"FEE_COMMISSION_INCOME_YOY":null,"ACCOUNTS_RECE_TDAYS":7.707863659723,"INVENTORY_TDAYS":0.415588115144,"CURRENT_ASSETS_TDAYS":0.303082551528,"TOTAL_ASSETS_TDAYS":0.153934494974,"PREMIUM_EXPENSE":null,"LOAN_DEPOSIT":null,"LOAN_EQUITY":null,"LOAN_ASSETS":null,"DEPOSIT_EQUITY":null,"DEPOSIT_ASSETS":null,"EQUITY_MULTIPLIER":3.971789332804,"EQUITY_RATIO":2.971789332797},{"SECUCODE":"01271.HK","SECURITY_CODE":"01271","SECURITY_NAME_ABBR":"佳明集团控股","ORG_CODE":"10334087","STD_REPORT_DATE":"2020-06-30 00:00:00","REPORT_DATE":"2020-09-30 00:00:00","DATE_TYPE_CODE":"002","REPORT_TYPE":"2020年中报","PER_NETCASH_OPERATE":0.316220197464,"PER_OI":0.486628604625,"BPS":1.513160245403,"BASIC_EPS":0.04305728,"DILUTED_EPS":0.04305728,"OPERATE_INCOME":690789911.04,"OPERATE_INCOME_YOY":113.9309331374,"GROSS_PROFIT":167507757.44,"GROSS_PROFIT_YOY":84.489205481891,"HOLDER_PROFIT":61706354.56,"HOLDER_PROFIT_YOY":59.7538503538,"GROSS_PROFIT_RATIO":24.248726676945,"EPS_TTM":0.0435486231,"OPERATE_INCOME_QOQ":0,"NET_PROFIT_RATIO":8.9327237665,"ROE_AVG":2.895203431713,"GROSS_PROFIT_QOQ":0,"ROA":0.742446115881,"HOLDER_PROFIT_QOQ":0,"ROE_YEARLY":5.790406863425,"ROIC_YEARLY":1.508483433679,"TOTAL_ASSETS":8231011539.84,"TOTAL_LIABILITIES":6081987546.24,"TAX_EBT":21.548189607981,"OCF_SALES":64.981835111661,"TOTAL_PARENT_EQUITY":2149023993.6,"DEBT_ASSET_RATIO":73.8911313245,"OPERATE_PROFIT":101613423.36,"PRETAX_PROFIT":78655105.92,"NETCASH_OPERATE":448887960.96,"NETCASH_INVEST":-363471983.36,"NETCASH_FINANCE":32133032.96,"END_CASH":189609322.88,"DIVI_RATIO":null,"DIVIDEND_RATE":null,"CURRENT_RATIO":1.3655020241,"COMMON_ACS":10000000000,"CURRENTDEBT_DEBT":46.692852056161,"ISSUED_COMMON_SHARES":1420222346,"HK_COMMON_SHARES":1420222346,"PER_SHARES":1000,"TOTAL_MARKET_CAP":3351724736.56,"HKSK_MARKET_CAP":3351724736.56,"PE_TTM":13.969827099022,"PB_TTM":1.089710762902,"REPORT_DATE_SQ":"2019-06-30 00:00:00","REPORT_TYPE_SQ":"2019年中报","OPERATE_INCOME_SQ":331461614.7,"DPS_HKD":null,"OPERATE_INCOME_QOQ_SQ":0,"NET_PROFIT_RATIO_SQ":11.9620649305,"HOLDER_PROFIT_SQ":39649653.57,"HOLDER_PROFIT_QOQ_SQ":0,"ROE_AVG_SQ":1.560578156273,"PE_TTM_SQ":-227.057302252661,"PB_TTM_SQ":1.896176136237,"ROA_SQ":0.615068083631,"START_DATE":"2020-04-01 00:00:00","FISCAL_YEAR":"3-31","CURRENCY":"HKD","IS_CNY_CODE":0,"DPS_HKD_LY":0.58,"ORG_TYPE":"一般企业","PREMIUM_INCOME":null,"PREMIUM_INCOME_YOY":null,"NET_INTEREST_INCOME":null,"NET_INTEREST_INCOME_YOY":null,"FEE_COMMISSION_INCOME":null,"FEE_COMMISSION_INCOME_YOY":null,"ACCOUNTS_RECE_TDAYS":4.454447324806,"INVENTORY_TDAYS":0.239773378815,"CURRENT_ASSETS_TDAYS":0.167126630633,"TOTAL_ASSETS_TDAYS":0.083115311219,"PREMIUM_EXPENSE":null,"LOAN_DEPOSIT":null,"LOAN_EQUITY":null,"LOAN_ASSETS":null,"DEPOSIT_EQUITY":null,"DEPOSIT_ASSETS":null,"EQUITY_MULTIPLIER":3.830116166383,"EQUITY_RATIO":2.830116166387}],"count":27},"success":true,"message":"ok","code":0}