{"version":"2dc0383866bf9c4026373c07af330574","result":{"pages":4,"data":[{"SECUCODE":"01277.HK","SECURITY_CODE":"01277","SECURITY_NAME_ABBR":"力量发展","ORG_CODE":"10183562","STD_REPORT_DATE":"2024-06-30 00:00:00","REPORT_DATE":"2024-06-30 00:00:00","DATE_TYPE_CODE":"002","REPORT_TYPE":"2024年中报","PER_NETCASH_OPERATE":0.12399252669,"PER_OI":0.300397983393,"BPS":0.927377105575,"BASIC_EPS":0.13,"DILUTED_EPS":0.13,"OPERATE_INCOME":2532355000,"OPERATE_INCOME_YOY":69.7063660453,"GROSS_PROFIT":1554687000,"GROSS_PROFIT_YOY":90.314296031974,"HOLDER_PROFIT":1095281000,"HOLDER_PROFIT_YOY":92.0750355993,"GROSS_PROFIT_RATIO":61.392932665444,"EPS_TTM":0.30876346382,"OPERATE_INCOME_QOQ":21.920798201248,"NET_PROFIT_RATIO":42.8520882736,"ROE_AVG":14.425221092112,"GROSS_PROFIT_QOQ":26.32079907586,"ROA":9.638668619192,"HOLDER_PROFIT_QOQ":25.268898192394,"ROE_YEARLY":28.850442184224,"ROIC_YEARLY":20.327844846838,"TOTAL_ASSETS":11788897000,"TOTAL_LIABILITIES":3928560000,"TAX_EBT":22.602840359581,"OCF_SALES":41.276084909106,"TOTAL_PARENT_EQUITY":7817789000,"DEBT_ASSET_RATIO":33.3242372039,"OPERATE_PROFIT":1433938000,"PRETAX_PROFIT":1402076000,"NETCASH_OPERATE":1045257000,"NETCASH_INVEST":-393896000,"NETCASH_FINANCE":-1040344000,"END_CASH":345442000,"DIVI_RATIO":0.264986663214,"DIVIDEND_RATE":7.894736842105,"CURRENT_RATIO":0.847126772944,"COMMON_ACS":500000000000,"CURRENTDEBT_DEBT":77.200780947726,"ISSUED_COMMON_SHARES":8430000000,"HK_COMMON_SHARES":8430000000,"PER_SHARES":2000,"TOTAL_MARKET_CAP":9610200000,"HKSK_MARKET_CAP":9610200000,"PE_TTM":3.34333469992,"PB_TTM":1.121933239181,"REPORT_DATE_SQ":"2023-06-30 00:00:00","REPORT_TYPE_SQ":"2023年中报","OPERATE_INCOME_SQ":1492198000,"DPS_HKD":0.09,"OPERATE_INCOME_QOQ_SQ":-24.655651634304,"NET_PROFIT_RATIO_SQ":38.1366949962,"HOLDER_PROFIT_SQ":570236000,"HOLDER_PROFIT_QOQ_SQ":-29.840613721054,"ROE_AVG_SQ":8.989746077777,"PE_TTM_SQ":2.691082628019,"PB_TTM_SQ":0.782416192599,"ROA_SQ":5.852820204852,"START_DATE":"2024-01-01 00:00:00","FISCAL_YEAR":"12-31","CURRENCY":"HKD","IS_CNY_CODE":0,"DPS_HKD_LY":0.09,"ORG_TYPE":"一般企业","PREMIUM_INCOME":null,"PREMIUM_INCOME_YOY":null,"NET_INTEREST_INCOME":null,"NET_INTEREST_INCOME_YOY":null,"FEE_COMMISSION_INCOME":null,"FEE_COMMISSION_INCOME_YOY":null,"ACCOUNTS_RECE_TDAYS":14.123997110899,"INVENTORY_TDAYS":1.163106763776,"CURRENT_ASSETS_TDAYS":1.071574257049,"TOTAL_ASSETS_TDAYS":0.222851767457,"PREMIUM_EXPENSE":null,"LOAN_DEPOSIT":null,"LOAN_EQUITY":null,"LOAN_ASSETS":null,"DEPOSIT_EQUITY":null,"DEPOSIT_ASSETS":null,"EQUITY_MULTIPLIER":1.499795365009,"EQUITY_RATIO":0.502515481039},{"SECUCODE":"01277.HK","SECURITY_CODE":"01277","SECURITY_NAME_ABBR":"力量发展","ORG_CODE":"10183562","STD_REPORT_DATE":"2023-12-31 00:00:00","REPORT_DATE":"2023-12-31 00:00:00","DATE_TYPE_CODE":"001","REPORT_TYPE":"2023年年报","PER_NETCASH_OPERATE":0.203061209964,"PER_OI":0.562878884935,"BPS":0.874003558719,"BASIC_EPS":0.2465,"DILUTED_EPS":0.2465,"OPERATE_INCOME":4745069000,"OPERATE_INCOME_YOY":-22.917478228,"GROSS_PROFIT":2803038000,"GROSS_PROFIT_YOY":-30.332614382951,"HOLDER_PROFIT":2077831000,"HOLDER_PROFIT_YOY":-22.0189429067,"GROSS_PROFIT_RATIO":59.072649944606,"EPS_TTM":0.24648054567,"OPERATE_INCOME_QOQ":2.306972512273,"NET_PROFIT_RATIO":43.6816198036,"ROE_AVG":30.340731641999,"GROSS_PROFIT_QOQ":2.113275347282,"ROA":20.340426385872,"HOLDER_PROFIT_QOQ":11.14843106418,"ROE_YEARLY":30.340731641999,"ROIC_YEARLY":21.752608235225,"TOTAL_ASSETS":10937914000,"TOTAL_LIABILITIES":3517715000,"TAX_EBT":15.083692456187,"OCF_SALES":36.075471189144,"TOTAL_PARENT_EQUITY":7367850000,"DEBT_ASSET_RATIO":32.160748384,"OPERATE_PROFIT":2531232000,"PRETAX_PROFIT":2440901000,"NETCASH_OPERATE":1711806000,"NETCASH_INVEST":-903880000,"NETCASH_FINANCE":-620770000,"END_CASH":734143000,"DIVI_RATIO":0.331945873365,"DIVIDEND_RATE":7.438016528926,"CURRENT_RATIO":0.83869489082,"COMMON_ACS":500000000000,"CURRENTDEBT_DEBT":73.117805166138,"ISSUED_COMMON_SHARES":8430000000,"HK_COMMON_SHARES":8430000000,"PER_SHARES":2000,"TOTAL_MARKET_CAP":10200300000,"HKSK_MARKET_CAP":10200300000,"PE_TTM":3.548627181494,"PB_TTM":1.190823876674,"REPORT_DATE_SQ":"2022-12-31 00:00:00","REPORT_TYPE_SQ":"2022年年报","OPERATE_INCOME_SQ":6155830000,"DPS_HKD":0.09,"OPERATE_INCOME_QOQ_SQ":-2.363112666182,"NET_PROFIT_RATIO_SQ":43.1512078794,"HOLDER_PROFIT_SQ":2664533000,"HOLDER_PROFIT_QOQ_SQ":-8.486960798422,"ROE_AVG_SQ":48.869791176622,"PE_TTM_SQ":2.691082628019,"PB_TTM_SQ":0.782416192599,"ROA_SQ":34.303938009838,"START_DATE":"2023-01-01 00:00:00","FISCAL_YEAR":"12-31","CURRENCY":"HKD","IS_CNY_CODE":0,"DPS_HKD_LY":0.1,"ORG_TYPE":"一般企业","PREMIUM_INCOME":null,"PREMIUM_INCOME_YOY":null,"NET_INTEREST_INCOME":null,"NET_INTEREST_INCOME_YOY":null,"FEE_COMMISSION_INCOME":null,"FEE_COMMISSION_INCOME_YOY":null,"ACCOUNTS_RECE_TDAYS":22.880427995207,"INVENTORY_TDAYS":17.225214757392,"CURRENT_ASSETS_TDAYS":2.517681347356,"TOTAL_ASSETS_TDAYS":0.464507107125,"PREMIUM_EXPENSE":null,"LOAN_DEPOSIT":null,"LOAN_EQUITY":null,"LOAN_ASSETS":null,"DEPOSIT_EQUITY":null,"DEPOSIT_ASSETS":null,"EQUITY_MULTIPLIER":1.474072865161,"EQUITY_RATIO":0.477441180263},{"SECUCODE":"01277.HK","SECURITY_CODE":"01277","SECURITY_NAME_ABBR":"力量发展","ORG_CODE":"10183562","STD_REPORT_DATE":"2023-06-30 00:00:00","REPORT_DATE":"2023-06-30 00:00:00","DATE_TYPE_CODE":"002","REPORT_TYPE":"2023年中报","PER_NETCASH_OPERATE":0.004371055753,"PER_OI":0.177010438909,"BPS":0.754160260973,"BASIC_EPS":0.0676,"DILUTED_EPS":0.0676,"OPERATE_INCOME":1492198000,"OPERATE_INCOME_YOY":-50.4246238652,"GROSS_PROFIT":816905000,"GROSS_PROFIT_YOY":-61.013155414289,"HOLDER_PROFIT":570236000,"HOLDER_PROFIT_YOY":-58.2351472041,"GROSS_PROFIT_RATIO":54.745080746657,"EPS_TTM":0.221758007117,"OPERATE_INCOME_QOQ":-24.655651634304,"NET_PROFIT_RATIO":38.1366949962,"ROE_AVG":8.989746077777,"GROSS_PROFIT_QOQ":-31.774408978545,"ROA":5.852820204852,"HOLDER_PROFIT_QOQ":-29.840613721054,"ROE_YEARLY":17.979492155554,"ROIC_YEARLY":12.255798166496,"TOTAL_ASSETS":9993213000,"TOTAL_LIABILITIES":3648807000,"TAX_EBT":10.149977658871,"OCF_SALES":2.469377388255,"TOTAL_PARENT_EQUITY":6357571000,"DEBT_ASSET_RATIO":36.5128512722,"OPERATE_PROFIT":669107000,"PRETAX_PROFIT":633361000,"NETCASH_OPERATE":36848000,"NETCASH_INVEST":-394566000,"NETCASH_FINANCE":153600000,"END_CASH":348015000,"DIVI_RATIO":0.368952630228,"DIVIDEND_RATE":7.438016528926,"CURRENT_RATIO":0.657232878106,"COMMON_ACS":500000000000,"CURRENTDEBT_DEBT":75.414786257536,"ISSUED_COMMON_SHARES":8430000000,"HK_COMMON_SHARES":8430000000,"PER_SHARES":2000,"TOTAL_MARKET_CAP":10200300000,"HKSK_MARKET_CAP":10200300000,"PE_TTM":3.548627181494,"PB_TTM":1.190823876674,"REPORT_DATE_SQ":"2022-06-30 00:00:00","REPORT_TYPE_SQ":"2022年中报","OPERATE_INCOME_SQ":3009958000,"DPS_HKD":0.09,"OPERATE_INCOME_QOQ_SQ":12.975392701492,"NET_PROFIT_RATIO_SQ":45.2548507321,"HOLDER_PROFIT_SQ":1365349000,"HOLDER_PROFIT_QOQ_SQ":17.945893788691,"ROE_AVG_SQ":27.199018934145,"PE_TTM_SQ":2.691082628019,"PB_TTM_SQ":0.782416192599,"ROA_SQ":17.599406233096,"START_DATE":"2023-01-01 00:00:00","FISCAL_YEAR":"12-31","CURRENCY":"HKD","IS_CNY_CODE":0,"DPS_HKD_LY":0.1,"ORG_TYPE":"一般企业","PREMIUM_INCOME":null,"PREMIUM_INCOME_YOY":null,"NET_INTEREST_INCOME":null,"NET_INTEREST_INCOME_YOY":null,"FEE_COMMISSION_INCOME":null,"FEE_COMMISSION_INCOME_YOY":null,"ACCOUNTS_RECE_TDAYS":7.916274751655,"INVENTORY_TDAYS":6.075483241191,"CURRENT_ASSETS_TDAYS":0.872440870302,"TOTAL_ASSETS_TDAYS":0.153157054343,"PREMIUM_EXPENSE":null,"LOAN_DEPOSIT":null,"LOAN_EQUITY":null,"LOAN_ASSETS":null,"DEPOSIT_EQUITY":null,"DEPOSIT_ASSETS":null,"EQUITY_MULTIPLIER":1.575121926309,"EQUITY_RATIO":0.573930987165},{"SECUCODE":"01277.HK","SECURITY_CODE":"01277","SECURITY_NAME_ABBR":"力量发展","ORG_CODE":"10183562","STD_REPORT_DATE":"2022-12-31 00:00:00","REPORT_DATE":"2022-12-31 00:00:00","DATE_TYPE_CODE":"001","REPORT_TYPE":"2022年年报","PER_NETCASH_OPERATE":0.367043060498,"PER_OI":0.730228944247,"BPS":0.750746619217,"BASIC_EPS":0.3161,"DILUTED_EPS":0.3161,"OPERATE_INCOME":6155830000,"OPERATE_INCOME_YOY":10.3056568869,"GROSS_PROFIT":4023458000,"GROSS_PROFIT_YOY":11.633785200316,"HOLDER_PROFIT":2664533000,"HOLDER_PROFIT_YOY":7.9358720195,"GROSS_PROFIT_RATIO":65.36012203066,"EPS_TTM":0.316077461447,"OPERATE_INCOME_QOQ":-2.363112666182,"NET_PROFIT_RATIO":43.1512078794,"ROE_AVG":48.869791176622,"GROSS_PROFIT_QOQ":-8.646240538424,"ROA":34.303938009838,"HOLDER_PROFIT_QOQ":-8.486960798422,"ROE_YEARLY":48.869791176622,"ROIC_YEARLY":42.25548400643,"TOTAL_ASSETS":9492641000,"TOTAL_LIABILITIES":3175851000,"TAX_EBT":26.904368074315,"OCF_SALES":50.26410735839,"TOTAL_PARENT_EQUITY":6328794000,"DEBT_ASSET_RATIO":33.4559265435,"OPERATE_PROFIT":3669382000,"PRETAX_PROFIT":3634027000,"NETCASH_OPERATE":3094173000,"NETCASH_INVEST":-4275508000,"NETCASH_FINANCE":-649880000,"END_CASH":551866000,"DIVI_RATIO":0.258854901028,"DIVIDEND_RATE":7.438016528926,"CURRENT_RATIO":0.888066364991,"COMMON_ACS":500000000000,"CURRENTDEBT_DEBT":57.16310368465,"ISSUED_COMMON_SHARES":8430000000,"HK_COMMON_SHARES":8430000000,"PER_SHARES":2000,"TOTAL_MARKET_CAP":10200300000,"HKSK_MARKET_CAP":10200300000,"PE_TTM":3.548627181494,"PB_TTM":1.190823876674,"REPORT_DATE_SQ":"2021-12-31 00:00:00","REPORT_TYPE_SQ":"2021年年报","OPERATE_INCOME_SQ":5580702000,"DPS_HKD":0.09,"OPERATE_INCOME_QOQ_SQ":41.276334406105,"NET_PROFIT_RATIO_SQ":44.2159248066,"HOLDER_PROFIT_SQ":2468626000,"HOLDER_PROFIT_QOQ_SQ":77.795463188099,"ROE_AVG_SQ":67.305837273507,"PE_TTM_SQ":2.691082628019,"PB_TTM_SQ":0.782416192599,"ROA_SQ":50.821643253568,"START_DATE":"2022-01-01 00:00:00","FISCAL_YEAR":"12-31","CURRENCY":"HKD","IS_CNY_CODE":0,"DPS_HKD_LY":0.125,"ORG_TYPE":"一般企业","PREMIUM_INCOME":null,"PREMIUM_INCOME_YOY":null,"NET_INTEREST_INCOME":null,"NET_INTEREST_INCOME_YOY":null,"FEE_COMMISSION_INCOME":null,"FEE_COMMISSION_INCOME_YOY":null,"ACCOUNTS_RECE_TDAYS":26.936108114967,"INVENTORY_TDAYS":24.558716996343,"CURRENT_ASSETS_TDAYS":2.548355300879,"TOTAL_ASSETS_TDAYS":0.792518654185,"PREMIUM_EXPENSE":null,"LOAN_DEPOSIT":null,"LOAN_EQUITY":null,"LOAN_ASSETS":null,"DEPOSIT_EQUITY":null,"DEPOSIT_ASSETS":null,"EQUITY_MULTIPLIER":1.502763428893,"EQUITY_RATIO":0.501809823483},{"SECUCODE":"01277.HK","SECURITY_CODE":"01277","SECURITY_NAME_ABBR":"力量发展","ORG_CODE":"10183562","STD_REPORT_DATE":"2022-06-30 00:00:00","REPORT_DATE":"2022-06-30 00:00:00","DATE_TYPE_CODE":"002","REPORT_TYPE":"2022年中报","PER_NETCASH_OPERATE":0.187955516014,"PER_OI":0.357053143535,"BPS":0.648145314353,"BASIC_EPS":0.162,"DILUTED_EPS":0.162,"OPERATE_INCOME":3009958000,"OPERATE_INCOME_YOY":31.6784201869,"GROSS_PROFIT":2095335000,"GROSS_PROFIT_YOY":61.772948784465,"HOLDER_PROFIT":1365349000,"HOLDER_PROFIT_YOY":48.0322703755,"GROSS_PROFIT_RATIO":69.613429821944,"EPS_TTM":0.345390628707,"OPERATE_INCOME_QOQ":12.975392701492,"NET_PROFIT_RATIO":45.2548507321,"ROE_AVG":27.199018934145,"GROSS_PROFIT_QOQ":22.199442976695,"ROA":17.599406233096,"HOLDER_PROFIT_QOQ":17.945893788691,"ROE_YEARLY":54.398037868289,"ROIC_YEARLY":46.675845612524,"TOTAL_ASSETS":9473642000,"TOTAL_LIABILITIES":4016760000,"TAX_EBT":29.600036384761,"OCF_SALES":52.640767744932,"TOTAL_PARENT_EQUITY":5463865000,"DEBT_ASSET_RATIO":42.3993222459,"OPERATE_PROFIT":1935420000,"PRETAX_PROFIT":1934876000,"NETCASH_OPERATE":1584465000,"NETCASH_INVEST":-2498532000,"NETCASH_FINANCE":-33793000,"END_CASH":1438693000,"DIVI_RATIO":0.236885987053,"DIVIDEND_RATE":7.438016528926,"CURRENT_RATIO":1.103228544055,"COMMON_ACS":500000000000,"CURRENTDEBT_DEBT":61.428315358647,"ISSUED_COMMON_SHARES":8430000000,"HK_COMMON_SHARES":8430000000,"PER_SHARES":2000,"TOTAL_MARKET_CAP":10200300000,"HKSK_MARKET_CAP":10200300000,"PE_TTM":3.548627181494,"PB_TTM":1.190823876674,"REPORT_DATE_SQ":"2021-06-30 00:00:00","REPORT_TYPE_SQ":"2021年中报","OPERATE_INCOME_SQ":2285840000,"DPS_HKD":0.09,"OPERATE_INCOME_QOQ_SQ":33.389534153395,"NET_PROFIT_RATIO_SQ":40.3498057607,"HOLDER_PROFIT_SQ":922332000,"HOLDER_PROFIT_QOQ_SQ":70.406334837186,"ROE_AVG_SQ":29.91811162056,"PE_TTM_SQ":2.691082628019,"PB_TTM_SQ":0.782416192599,"ROA_SQ":21.710846184003,"START_DATE":"2022-01-01 00:00:00","FISCAL_YEAR":"12-31","CURRENCY":"HKD","IS_CNY_CODE":0,"DPS_HKD_LY":0.125,"ORG_TYPE":"一般企业","PREMIUM_INCOME":null,"PREMIUM_INCOME_YOY":null,"NET_INTEREST_INCOME":null,"NET_INTEREST_INCOME_YOY":null,"FEE_COMMISSION_INCOME":null,"FEE_COMMISSION_INCOME_YOY":null,"ACCOUNTS_RECE_TDAYS":13.787666965938,"INVENTORY_TDAYS":9.211910924894,"CURRENT_ASSETS_TDAYS":1.01325838483,"TOTAL_ASSETS_TDAYS":0.387984856521,"PREMIUM_EXPENSE":null,"LOAN_DEPOSIT":null,"LOAN_EQUITY":null,"LOAN_ASSETS":null,"DEPOSIT_EQUITY":null,"DEPOSIT_ASSETS":null,"EQUITY_MULTIPLIER":1.736090683289,"EQUITY_RATIO":0.735149935073},{"SECUCODE":"01277.HK","SECURITY_CODE":"01277","SECURITY_NAME_ABBR":"力量发展","ORG_CODE":"10183562","STD_REPORT_DATE":"2021-12-31 00:00:00","REPORT_DATE":"2021-12-31 00:00:00","DATE_TYPE_CODE":"001","REPORT_TYPE":"2021年年报","PER_NETCASH_OPERATE":0.359451126928,"PER_OI":0.662004982206,"BPS":0.542802846975,"BASIC_EPS":0.2928,"DILUTED_EPS":0.2928,"OPERATE_INCOME":5580702000,"OPERATE_INCOME_YOY":88.4478443333,"GROSS_PROFIT":3604158000,"GROSS_PROFIT_YOY":181.087990566339,"HOLDER_PROFIT":2468626000,"HOLDER_PROFIT_YOY":202.9747323256,"GROSS_PROFIT_RATIO":64.58252026358,"EPS_TTM":0.292838196916,"OPERATE_INCOME_QOQ":41.276334406105,"NET_PROFIT_RATIO":44.2159248066,"ROE_AVG":67.305837273507,"GROSS_PROFIT_QOQ":74.38652889251,"ROA":50.821643253568,"HOLDER_PROFIT_QOQ":77.795463188099,"ROE_YEARLY":67.305837273507,"ROIC_YEARLY":76.503095993702,"TOTAL_ASSETS":6042211000,"TOTAL_LIABILITIES":1470169000,"TAX_EBT":27.897557663043,"OCF_SALES":54.297344670975,"TOTAL_PARENT_EQUITY":4575828000,"DEBT_ASSET_RATIO":24.3316395273,"OPERATE_PROFIT":3415195000,"PRETAX_PROFIT":3422296000,"NETCASH_OPERATE":3030173000,"NETCASH_INVEST":-873797000,"NETCASH_FINANCE":-641015000,"END_CASH":2387239000,"DIVI_RATIO":0.279397294689,"DIVIDEND_RATE":7.438016528926,"CURRENT_RATIO":2.313716512659,"COMMON_ACS":500000000000,"CURRENTDEBT_DEBT":94.6334741108,"ISSUED_COMMON_SHARES":8430000000,"HK_COMMON_SHARES":8430000000,"PER_SHARES":2000,"TOTAL_MARKET_CAP":10200300000,"HKSK_MARKET_CAP":10200300000,"PE_TTM":3.548627181494,"PB_TTM":1.190823876674,"REPORT_DATE_SQ":"2020-12-31 00:00:00","REPORT_TYPE_SQ":"2020年年报","OPERATE_INCOME_SQ":2961404000,"DPS_HKD":0.09,"OPERATE_INCOME_QOQ_SQ":7.431730662841,"NET_PROFIT_RATIO_SQ":27.5138414077,"HOLDER_PROFIT_SQ":814796000,"HOLDER_PROFIT_QOQ_SQ":1.513490346952,"ROE_AVG_SQ":32.47115769531,"PE_TTM_SQ":2.691082628019,"PB_TTM_SQ":0.782416192599,"ROA_SQ":24.040882683575,"START_DATE":"2021-01-01 00:00:00","FISCAL_YEAR":"12-31","CURRENCY":"HKD","IS_CNY_CODE":0,"DPS_HKD_LY":0.095,"ORG_TYPE":"一般企业","PREMIUM_INCOME":null,"PREMIUM_INCOME_YOY":null,"NET_INTEREST_INCOME":null,"NET_INTEREST_INCOME_YOY":null,"FEE_COMMISSION_INCOME":null,"FEE_COMMISSION_INCOME_YOY":null,"ACCOUNTS_RECE_TDAYS":32.34889517494,"INVENTORY_TDAYS":28.966930218584,"CURRENT_ASSETS_TDAYS":2.265333373114,"TOTAL_ASSETS_TDAYS":1.148900020289,"PREMIUM_EXPENSE":null,"LOAN_DEPOSIT":null,"LOAN_EQUITY":null,"LOAN_ASSETS":null,"DEPOSIT_EQUITY":null,"DEPOSIT_ASSETS":null,"EQUITY_MULTIPLIER":1.321556319911,"EQUITY_RATIO":0.321290267029},{"SECUCODE":"01277.HK","SECURITY_CODE":"01277","SECURITY_NAME_ABBR":"力量发展","ORG_CODE":"10183562","STD_REPORT_DATE":"2021-06-30 00:00:00","REPORT_DATE":"2021-06-30 00:00:00","DATE_TYPE_CODE":"002","REPORT_TYPE":"2021年中报","PER_NETCASH_OPERATE":0.161049822064,"PER_OI":0.27115539739,"BPS":0.40403202847,"BASIC_EPS":0.1094,"DILUTED_EPS":0.1094,"OPERATE_INCOME":2285840000,"OPERATE_INCOME_YOY":76.2349840907,"GROSS_PROFIT":1295232000,"GROSS_PROFIT_YOY":153.626403751824,"HOLDER_PROFIT":922332000,"HOLDER_PROFIT_YOY":164.5331895464,"GROSS_PROFIT_RATIO":56.663283519406,"EPS_TTM":0.16470510083,"OPERATE_INCOME_QOQ":33.389534153395,"NET_PROFIT_RATIO":40.3498057607,"ROE_AVG":29.91811162056,"GROSS_PROFIT_QOQ":61.18675699979,"ROA":21.710846184003,"HOLDER_PROFIT_QOQ":70.406334837186,"ROE_YEARLY":59.836223241119,"ROIC_YEARLY":51.989950160881,"TOTAL_ASSETS":4823859000,"TOTAL_LIABILITIES":1417869000,"TAX_EBT":28.169023956587,"OCF_SALES":59.393920834354,"TOTAL_PARENT_EQUITY":3405990000,"DEBT_ASSET_RATIO":29.3928367309,"OPERATE_PROFIT":1273516000,"PRETAX_PROFIT":1284031000,"NETCASH_OPERATE":1357650000,"NETCASH_INVEST":-1459686000,"NETCASH_FINANCE":-253376000,"END_CASH":522531000,"DIVI_RATIO":0.496755714228,"DIVIDEND_RATE":7.438016528926,"CURRENT_RATIO":2.141030959778,"COMMON_ACS":500000000000,"CURRENTDEBT_DEBT":94.692316426976,"ISSUED_COMMON_SHARES":8430000000,"HK_COMMON_SHARES":8430000000,"PER_SHARES":2000,"TOTAL_MARKET_CAP":10200300000,"HKSK_MARKET_CAP":10200300000,"PE_TTM":3.548627181494,"PB_TTM":1.190823876674,"REPORT_DATE_SQ":"2020-06-30 00:00:00","REPORT_TYPE_SQ":"2020年中报","OPERATE_INCOME_SQ":1297041000,"DPS_HKD":0.09,"OPERATE_INCOME_QOQ_SQ":0.746900068674,"NET_PROFIT_RATIO_SQ":26.8814941085,"HOLDER_PROFIT_SQ":348664000,"HOLDER_PROFIT_QOQ_SQ":-3.678733905914,"ROE_AVG_SQ":15.079148837527,"PE_TTM_SQ":2.691082628019,"PB_TTM_SQ":0.782416192599,"ROA_SQ":11.29063282646,"START_DATE":"2021-01-01 00:00:00","FISCAL_YEAR":"12-31","CURRENCY":"HKD","IS_CNY_CODE":0,"DPS_HKD_LY":0.095,"ORG_TYPE":"一般企业","PREMIUM_INCOME":null,"PREMIUM_INCOME_YOY":null,"NET_INTEREST_INCOME":null,"NET_INTEREST_INCOME_YOY":null,"FEE_COMMISSION_INCOME":null,"FEE_COMMISSION_INCOME_YOY":null,"ACCOUNTS_RECE_TDAYS":16.246024384957,"INVENTORY_TDAYS":15.435561026536,"CURRENT_ASSETS_TDAYS":0.997614025532,"TOTAL_ASSETS_TDAYS":0.538065692627,"PREMIUM_EXPENSE":null,"LOAN_DEPOSIT":null,"LOAN_EQUITY":null,"LOAN_ASSETS":null,"DEPOSIT_EQUITY":null,"DEPOSIT_ASSETS":null,"EQUITY_MULTIPLIER":1.416286894559,"EQUITY_RATIO":0.416286894559},{"SECUCODE":"01277.HK","SECURITY_CODE":"01277","SECURITY_NAME_ABBR":"力量发展","ORG_CODE":"10183562","STD_REPORT_DATE":"2020-12-31 00:00:00","REPORT_DATE":"2020-12-31 00:00:00","DATE_TYPE_CODE":"001","REPORT_TYPE":"2020年年报","PER_NETCASH_OPERATE":0.141870699881,"PER_OI":0.351293475682,"BPS":0.327368920522,"BASIC_EPS":0.0967,"DILUTED_EPS":0.0967,"OPERATE_INCOME":2961404000,"OPERATE_INCOME_YOY":8.2341383329,"GROSS_PROFIT":1282217000,"GROSS_PROFIT_YOY":20.077109796709,"HOLDER_PROFIT":814796000,"HOLDER_PROFIT_YOY":-2.2209208415,"GROSS_PROFIT_RATIO":43.297604784758,"EPS_TTM":0.096654329775,"OPERATE_INCOME_QOQ":7.431730662841,"NET_PROFIT_RATIO":27.5138414077,"ROE_AVG":32.47115769531,"GROSS_PROFIT_QOQ":19.31340336459,"ROA":24.040882683575,"HOLDER_PROFIT_QOQ":1.513490346952,"ROE_YEARLY":32.47115769531,"ROIC_YEARLY":30.158177605074,"TOTAL_ASSETS":3672650000,"TOTAL_LIABILITIES":912930000,"TAX_EBT":33.656962144874,"OCF_SALES":40.385236192022,"TOTAL_PARENT_EQUITY":2759720000,"DEBT_ASSET_RATIO":24.857527943,"OPERATE_PROFIT":1218091000,"PRETAX_PROFIT":1228156000,"NETCASH_OPERATE":1195970000,"NETCASH_INVEST":-540805000,"NETCASH_FINANCE":-275197000,"END_CASH":877745000,"DIVI_RATIO":0.84650320571,"DIVIDEND_RATE":7.438016528926,"CURRENT_RATIO":1.998523372141,"COMMON_ACS":500000000000,"CURRENTDEBT_DEBT":93.616158960709,"ISSUED_COMMON_SHARES":8430000000,"HK_COMMON_SHARES":8430000000,"PER_SHARES":2000,"TOTAL_MARKET_CAP":10200300000,"HKSK_MARKET_CAP":10200300000,"PE_TTM":3.548627181494,"PB_TTM":1.190823876674,"REPORT_DATE_SQ":"2019-12-31 00:00:00","REPORT_TYPE_SQ":"2019年年报","OPERATE_INCOME_SQ":2736109000,"DPS_HKD":0.09,"OPERATE_INCOME_QOQ_SQ":6.477430291389,"NET_PROFIT_RATIO_SQ":30.4557676613,"HOLDER_PROFIT_SQ":833303000,"HOLDER_PROFIT_QOQ_SQ":5.904877859695,"ROE_AVG_SQ":41.30514468521,"PE_TTM_SQ":2.691082628019,"PB_TTM_SQ":0.782416192599,"ROA_SQ":28.436629167625,"START_DATE":"2020-01-01 00:00:00","FISCAL_YEAR":"12-31","CURRENCY":"HKD","IS_CNY_CODE":0,"DPS_HKD_LY":0.045,"ORG_TYPE":"一般企业","PREMIUM_INCOME":null,"PREMIUM_INCOME_YOY":null,"NET_INTEREST_INCOME":null,"NET_INTEREST_INCOME_YOY":null,"FEE_COMMISSION_INCOME":null,"FEE_COMMISSION_INCOME_YOY":null,"ACCOUNTS_RECE_TDAYS":24.560680074642,"INVENTORY_TDAYS":21.494006284921,"CURRENT_ASSETS_TDAYS":2.203432153072,"TOTAL_ASSETS_TDAYS":0.873774124353,"PREMIUM_EXPENSE":null,"LOAN_DEPOSIT":null,"LOAN_EQUITY":null,"LOAN_ASSETS":null,"DEPOSIT_EQUITY":null,"DEPOSIT_ASSETS":null,"EQUITY_MULTIPLIER":1.330805299088,"EQUITY_RATIO":0.330805299088},{"SECUCODE":"01277.HK","SECURITY_CODE":"01277","SECURITY_NAME_ABBR":"力量发展","ORG_CODE":"10183562","STD_REPORT_DATE":"2020-06-30 00:00:00","REPORT_DATE":"2020-06-30 00:00:00","DATE_TYPE_CODE":"002","REPORT_TYPE":"2020年中报","PER_NETCASH_OPERATE":0.050907710558,"PER_OI":0.153860142349,"BPS":0.280615539739,"BASIC_EPS":0.0414,"DILUTED_EPS":0.0414,"OPERATE_INCOME":1297041000,"OPERATE_INCOME_YOY":1.6008083941,"GROSS_PROFIT":510685000,"GROSS_PROFIT_YOY":1.356554530118,"HOLDER_PROFIT":348664000,"HOLDER_PROFIT_YOY":-8.0815883201,"GROSS_PROFIT_RATIO":39.373080727595,"EPS_TTM":0.095213285884,"OPERATE_INCOME_QOQ":0.746900068674,"NET_PROFIT_RATIO":26.8814941085,"ROE_AVG":15.079148837527,"GROSS_PROFIT_QOQ":0.640084358155,"ROA":11.29063282646,"HOLDER_PROFIT_QOQ":-3.678733905914,"ROE_YEARLY":30.158297675054,"ROIC_YEARLY":28.093601559449,"TOTAL_ASSETS":3070394000,"TOTAL_LIABILITIES":704805000,"TAX_EBT":28.170792757418,"OCF_SALES":33.087003417779,"TOTAL_PARENT_EQUITY":2365589000,"DEBT_ASSET_RATIO":22.9548715898,"OPERATE_PROFIT":482025000,"PRETAX_PROFIT":485407000,"NETCASH_OPERATE":429152000,"NETCASH_INVEST":-50942000,"NETCASH_FINANCE":-159450000,"END_CASH":714653000,"DIVI_RATIO":0.859314950015,"DIVIDEND_RATE":7.438016528926,"CURRENT_RATIO":1.562592911593,"COMMON_ACS":500000000000,"CURRENTDEBT_DEBT":92.579082157476,"ISSUED_COMMON_SHARES":8430000000,"HK_COMMON_SHARES":8430000000,"PER_SHARES":2000,"TOTAL_MARKET_CAP":10200300000,"HKSK_MARKET_CAP":10200300000,"PE_TTM":3.548627181494,"PB_TTM":1.190823876674,"REPORT_DATE_SQ":"2019-06-30 00:00:00","REPORT_TYPE_SQ":"2019年中报","OPERATE_INCOME_SQ":1276605000,"DPS_HKD":0.09,"OPERATE_INCOME_QOQ_SQ":5.165924200971,"NET_PROFIT_RATIO_SQ":29.7131062466,"HOLDER_PROFIT_SQ":379319000,"HOLDER_PROFIT_QOQ_SQ":-2.494513433568,"ROE_AVG_SQ":20.470600552403,"PE_TTM_SQ":2.691082628019,"PB_TTM_SQ":0.782416192599,"ROA_SQ":13.199854332131,"START_DATE":"2020-01-01 00:00:00","FISCAL_YEAR":"12-31","CURRENCY":"HKD","IS_CNY_CODE":0,"DPS_HKD_LY":0.045,"ORG_TYPE":"一般企业","PREMIUM_INCOME":null,"PREMIUM_INCOME_YOY":null,"NET_INTEREST_INCOME":null,"NET_INTEREST_INCOME_YOY":null,"FEE_COMMISSION_INCOME":null,"FEE_COMMISSION_INCOME_YOY":null,"ACCOUNTS_RECE_TDAYS":10.490761223425,"INVENTORY_TDAYS":10.294167315761,"CURRENT_ASSETS_TDAYS":1.297333548715,"TOTAL_ASSETS_TDAYS":0.42001507732,"PREMIUM_EXPENSE":null,"LOAN_DEPOSIT":null,"LOAN_EQUITY":null,"LOAN_ASSETS":null,"DEPOSIT_EQUITY":null,"DEPOSIT_ASSETS":null,"EQUITY_MULTIPLIER":1.297940597458,"EQUITY_RATIO":0.297940597458}],"count":28},"success":true,"message":"ok","code":0}