{"version":"dfd0e9d6ad67adca3b329d3cc352aa44","result":{"pages":3,"data":[{"SECUCODE":"01273.HK","SECURITY_CODE":"01273","SECURITY_NAME_ABBR":"香港信贷","ORG_CODE":"10336723","STD_REPORT_DATE":"2024-06-30 00:00:00","REPORT_DATE":"2024-09-30 00:00:00","DATE_TYPE_CODE":"002","REPORT_TYPE":"2024年中报","PER_NETCASH_OPERATE":0.134966454675,"PER_OI":0.181826939855,"BPS":1.815709618747,"BASIC_EPS":0.052935073,"DILUTED_EPS":0.052935073,"OPERATE_INCOME":75458180.04,"OPERATE_INCOME_YOY":13.3974793332,"GROSS_PROFIT":null,"GROSS_PROFIT_YOY":null,"HOLDER_PROFIT":21966702.61,"HOLDER_PROFIT_YOY":17.6251871167,"GROSS_PROFIT_RATIO":null,"EPS_TTM":0.093261058193,"OPERATE_INCOME_QOQ":0,"NET_PROFIT_RATIO":29.1110951766,"ROE_AVG":2.948674494613,"GROSS_PROFIT_QOQ":null,"ROA":2.167345324512,"HOLDER_PROFIT_QOQ":0,"ROE_YEARLY":5.897348989226,"ROIC_YEARLY":4.45437393682,"TOTAL_ASSETS":1003530849.59,"TOTAL_LIABILITIES":250011357.81,"TAX_EBT":18.046630555462,"OCF_SALES":74.227974568574,"TOTAL_PARENT_EQUITY":753519491.78,"DEBT_ASSET_RATIO":24.913171121,"OPERATE_PROFIT":26723644.86,"PRETAX_PROFIT":26803904.17,"NETCASH_OPERATE":56011078.69,"NETCASH_INVEST":-2896549.48,"NETCASH_FINANCE":-49828406.45,"END_CASH":28875315.8,"DIVI_RATIO":0.25207112653,"DIVIDEND_RATE":7.647058823529,"CURRENT_RATIO":2.224072237209,"COMMON_ACS":10000000000,"CURRENTDEBT_DEBT":98.54710195896,"ISSUED_COMMON_SHARES":415000000,"HK_COMMON_SHARES":415000000,"PER_SHARES":4000,"TOTAL_MARKET_CAP":141100000,"HKSK_MARKET_CAP":141100000,"PE_TTM":3.044688518223,"PB_TTM":0.168864336474,"REPORT_DATE_SQ":"2023-06-30 00:00:00","REPORT_TYPE_SQ":"2023年中报","OPERATE_INCOME_SQ":67711917.7,"DPS_HKD":0.026,"OPERATE_INCOME_QOQ_SQ":0,"NET_PROFIT_RATIO_SQ":28.0647784253,"HOLDER_PROFIT_SQ":19003199.67,"HOLDER_PROFIT_QOQ_SQ":0,"ROE_AVG_SQ":2.613545153034,"PE_TTM_SQ":2.604701586215,"PB_TTM_SQ":0.171181294678,"ROA_SQ":1.85156292958,"START_DATE":"2024-04-01 00:00:00","FISCAL_YEAR":"3-31","CURRENCY":"HKD","IS_CNY_CODE":0,"DPS_HKD_LY":0.026,"ORG_TYPE":"证券","PREMIUM_INCOME":null,"PREMIUM_INCOME_YOY":null,"NET_INTEREST_INCOME":74811596.61,"NET_INTEREST_INCOME_YOY":null,"FEE_COMMISSION_INCOME":null,"FEE_COMMISSION_INCOME_YOY":null,"ACCOUNTS_RECE_TDAYS":null,"INVENTORY_TDAYS":null,"CURRENT_ASSETS_TDAYS":0.129833898384,"TOTAL_ASSETS_TDAYS":0.074450834342,"PREMIUM_EXPENSE":null,"LOAN_DEPOSIT":null,"LOAN_EQUITY":null,"LOAN_ASSETS":null,"DEPOSIT_EQUITY":null,"DEPOSIT_ASSETS":null,"EQUITY_MULTIPLIER":1.331791493834,"EQUITY_RATIO":0.331791493833},{"SECUCODE":"01273.HK","SECURITY_CODE":"01273","SECURITY_NAME_ABBR":"香港信贷","ORG_CODE":"10336723","STD_REPORT_DATE":"2023-12-31 00:00:00","REPORT_DATE":"2024-03-31 00:00:00","DATE_TYPE_CODE":"001","REPORT_TYPE":"2023年年报","PER_NETCASH_OPERATE":0.063261898795,"PER_OI":0.35057271506,"BPS":1.783867585301,"BASIC_EPS":0.09337465,"DILUTED_EPS":0.09337465,"OPERATE_INCOME":145487676.75,"OPERATE_INCOME_YOY":-2.2928323115,"GROSS_PROFIT":null,"GROSS_PROFIT_YOY":null,"HOLDER_PROFIT":38703339.15,"HOLDER_PROFIT_YOY":-27.4976649401,"GROSS_PROFIT_RATIO":null,"EPS_TTM":0.111126184289,"OPERATE_INCOME_QOQ":0,"NET_PROFIT_RATIO":26.6024862137,"ROE_AVG":5.33218262535,"GROSS_PROFIT_QOQ":null,"ROA":3.776129884787,"HOLDER_PROFIT_QOQ":0,"ROE_YEARLY":5.33218262535,"ROIC_YEARLY":3.875979197014,"TOTAL_ASSETS":1028932436.9,"TOTAL_LIABILITIES":288627389,"TAX_EBT":18.690841221171,"OCF_SALES":18.045300183818,"TOTAL_PARENT_EQUITY":740305047.9,"DEBT_ASSET_RATIO":28.0511507509,"OPERATE_PROFIT":64766651.65,"PRETAX_PROFIT":47600220.85,"NETCASH_OPERATE":26253688,"NETCASH_INVEST":-126010.45,"NETCASH_FINANCE":-27486596,"END_CASH":25724262.8,"DIVI_RATIO":0.318895229119,"DIVIDEND_RATE":11.304347826087,"CURRENT_RATIO":2.168484003616,"COMMON_ACS":10000000000,"CURRENTDEBT_DEBT":98.685847100949,"ISSUED_COMMON_SHARES":415000000,"HK_COMMON_SHARES":415000000,"PER_SHARES":4000,"TOTAL_MARKET_CAP":143175000,"HKSK_MARKET_CAP":143175000,"PE_TTM":3.089463349373,"PB_TTM":0.17134763554,"REPORT_DATE_SQ":"2022-12-31 00:00:00","REPORT_TYPE_SQ":"2022年年报","OPERATE_INCOME_SQ":143786967.91,"DPS_HKD":0.039,"OPERATE_INCOME_QOQ_SQ":0,"NET_PROFIT_RATIO_SQ":35.8506188699,"HOLDER_PROFIT_SQ":51548517.85,"HOLDER_PROFIT_QOQ_SQ":0,"ROE_AVG_SQ":7.741227277358,"PE_TTM_SQ":2.683631937312,"PB_TTM_SQ":0.176368606638,"ROA_SQ":5.113140776136,"START_DATE":"2023-04-01 00:00:00","FISCAL_YEAR":"3-31","CURRENCY":"HKD","IS_CNY_CODE":0,"DPS_HKD_LY":0.026,"ORG_TYPE":"证券","PREMIUM_INCOME":null,"PREMIUM_INCOME_YOY":null,"NET_INTEREST_INCOME":null,"NET_INTEREST_INCOME_YOY":null,"FEE_COMMISSION_INCOME":null,"FEE_COMMISSION_INCOME_YOY":null,"ACCOUNTS_RECE_TDAYS":null,"INVENTORY_TDAYS":null,"CURRENT_ASSETS_TDAYS":0.250424239587,"TOTAL_ASSETS_TDAYS":0.141946502837,"PREMIUM_EXPENSE":null,"LOAN_DEPOSIT":null,"LOAN_EQUITY":null,"LOAN_ASSETS":null,"DEPOSIT_EQUITY":null,"DEPOSIT_ASSETS":null,"EQUITY_MULTIPLIER":1.389876294668,"EQUITY_RATIO":0.389876294669},{"SECUCODE":"01273.HK","SECURITY_CODE":"01273","SECURITY_NAME_ABBR":"香港信贷","ORG_CODE":"10336723","STD_REPORT_DATE":"2023-06-30 00:00:00","REPORT_DATE":"2023-09-30 00:00:00","DATE_TYPE_CODE":"002","REPORT_TYPE":"2023年中报","PER_NETCASH_OPERATE":0.110327871036,"PER_OI":0.16316124747,"BPS":1.768989424747,"BASIC_EPS":0.045789737,"DILUTED_EPS":0.045789737,"OPERATE_INCOME":67711917.7,"OPERATE_INCOME_YOY":-6.4409788259,"GROSS_PROFIT":null,"GROSS_PROFIT_YOY":null,"HOLDER_PROFIT":19003199.67,"HOLDER_PROFIT_YOY":-23.3454249334,"GROSS_PROFIT_RATIO":null,"EPS_TTM":0.124213296024,"OPERATE_INCOME_QOQ":0,"NET_PROFIT_RATIO":28.0647784253,"ROE_AVG":2.613545153034,"GROSS_PROFIT_QOQ":null,"ROA":1.85156292958,"HOLDER_PROFIT_QOQ":0,"ROE_YEARLY":5.227090306068,"ROIC_YEARLY":3.825538875614,"TOTAL_ASSETS":1019225405.45,"TOTAL_LIABILITIES":285094794.18,"TAX_EBT":18.765935747068,"OCF_SALES":67.618918552649,"TOTAL_PARENT_EQUITY":734130611.27,"DEBT_ASSET_RATIO":27.9717119153,"OPERATE_PROFIT":23220627.15,"PRETAX_PROFIT":23393141.59,"NETCASH_OPERATE":45786066.48,"NETCASH_INVEST":-36705.2,"NETCASH_FINANCE":-34894716.01,"END_CASH":38268841.52,"DIVI_RATIO":0.285296430691,"DIVIDEND_RATE":11.304347826087,"CURRENT_RATIO":1.978204395066,"COMMON_ACS":10000000000,"CURRENTDEBT_DEBT":98.499771473449,"ISSUED_COMMON_SHARES":415000000,"HK_COMMON_SHARES":415000000,"PER_SHARES":4000,"TOTAL_MARKET_CAP":143175000,"HKSK_MARKET_CAP":143175000,"PE_TTM":3.089463349373,"PB_TTM":0.17134763554,"REPORT_DATE_SQ":"2022-06-30 00:00:00","REPORT_TYPE_SQ":"2022年中报","OPERATE_INCOME_SQ":71333182.8,"DPS_HKD":0.039,"OPERATE_INCOME_QOQ_SQ":0,"NET_PROFIT_RATIO_SQ":35.1899129891,"HOLDER_PROFIT_SQ":24434351.04,"HOLDER_PROFIT_QOQ_SQ":0,"ROE_AVG_SQ":3.614516667436,"PE_TTM_SQ":2.683631937312,"PB_TTM_SQ":0.176368606638,"ROA_SQ":2.266045634616,"START_DATE":"2023-04-01 00:00:00","FISCAL_YEAR":"3-31","CURRENCY":"HKD","IS_CNY_CODE":0,"DPS_HKD_LY":0.026,"ORG_TYPE":"证券","PREMIUM_INCOME":null,"PREMIUM_INCOME_YOY":null,"NET_INTEREST_INCOME":67128305.02,"NET_INTEREST_INCOME_YOY":null,"FEE_COMMISSION_INCOME":null,"FEE_COMMISSION_INCOME_YOY":null,"ACCOUNTS_RECE_TDAYS":null,"INVENTORY_TDAYS":null,"CURRENT_ASSETS_TDAYS":0.122396239372,"TOTAL_ASSETS_TDAYS":0.065974614213,"PREMIUM_EXPENSE":null,"LOAN_DEPOSIT":null,"LOAN_EQUITY":null,"LOAN_ASSETS":null,"DEPOSIT_EQUITY":null,"DEPOSIT_ASSETS":null,"EQUITY_MULTIPLIER":1.388343422551,"EQUITY_RATIO":0.388343422551},{"SECUCODE":"01273.HK","SECURITY_CODE":"01273","SECURITY_NAME_ABBR":"香港信贷","ORG_CODE":"10336723","STD_REPORT_DATE":"2022-12-31 00:00:00","REPORT_DATE":"2023-03-31 00:00:00","DATE_TYPE_CODE":"001","REPORT_TYPE":"2022年年报","PER_NETCASH_OPERATE":0.274323962096,"PER_OI":0.34647462147,"BPS":1.655294838916,"BASIC_EPS":0.12430822,"DILUTED_EPS":0.12430822,"OPERATE_INCOME":143786967.91,"OPERATE_INCOME_YOY":6.0491212665,"GROSS_PROFIT":null,"GROSS_PROFIT_YOY":null,"HOLDER_PROFIT":51548517.85,"HOLDER_PROFIT_YOY":-16.5343727853,"GROSS_PROFIT_RATIO":null,"EPS_TTM":0.125457784675,"OPERATE_INCOME_QOQ":0,"NET_PROFIT_RATIO":35.8506188699,"ROE_AVG":7.741227277358,"GROSS_PROFIT_QOQ":null,"ROA":5.113140776136,"HOLDER_PROFIT_QOQ":0,"ROE_YEARLY":7.741227277358,"ROIC_YEARLY":5.237658125953,"TOTAL_ASSETS":985891994.46,"TOTAL_LIABILITIES":298944636.31,"TAX_EBT":18.470058843891,"OCF_SALES":79.175773663479,"TOTAL_PARENT_EQUITY":686947358.15,"DEBT_ASSET_RATIO":30.3222501034,"OPERATE_PROFIT":81533061.17,"PRETAX_PROFIT":63226487.25,"NETCASH_OPERATE":113844444.27,"NETCASH_INVEST":-12520989.23,"NETCASH_FINANCE":-96952532.91,"END_CASH":26152873.75,"DIVI_RATIO":0.282466409652,"DIVIDEND_RATE":11.304347826087,"CURRENT_RATIO":1.781488866733,"COMMON_ACS":10000000000,"CURRENTDEBT_DEBT":98.687227481837,"ISSUED_COMMON_SHARES":415000000,"HK_COMMON_SHARES":415000000,"PER_SHARES":4000,"TOTAL_MARKET_CAP":143175000,"HKSK_MARKET_CAP":143175000,"PE_TTM":3.089463349373,"PB_TTM":0.17134763554,"REPORT_DATE_SQ":"2021-12-31 00:00:00","REPORT_TYPE_SQ":"2021年年报","OPERATE_INCOME_SQ":125610850.82,"DPS_HKD":0.039,"OPERATE_INCOME_QOQ_SQ":0,"NET_PROFIT_RATIO_SQ":45.5508064204,"HOLDER_PROFIT_SQ":57216755.5,"HOLDER_PROFIT_QOQ_SQ":0,"ROE_AVG_SQ":9.982454650932,"PE_TTM_SQ":2.683631937312,"PB_TTM_SQ":0.176368606638,"ROA_SQ":6.191132683301,"START_DATE":"2022-04-01 00:00:00","FISCAL_YEAR":"3-31","CURRENCY":"HKD","IS_CNY_CODE":0,"DPS_HKD_LY":0.026,"ORG_TYPE":"证券","PREMIUM_INCOME":null,"PREMIUM_INCOME_YOY":null,"NET_INTEREST_INCOME":null,"NET_INTEREST_INCOME_YOY":null,"FEE_COMMISSION_INCOME":null,"FEE_COMMISSION_INCOME_YOY":null,"ACCOUNTS_RECE_TDAYS":null,"INVENTORY_TDAYS":null,"CURRENT_ASSETS_TDAYS":0.256381199451,"TOTAL_ASSETS_TDAYS":0.142623500997,"PREMIUM_EXPENSE":null,"LOAN_DEPOSIT":null,"LOAN_EQUITY":null,"LOAN_ASSETS":null,"DEPOSIT_EQUITY":null,"DEPOSIT_ASSETS":null,"EQUITY_MULTIPLIER":1.435178376862,"EQUITY_RATIO":0.435178376863},{"SECUCODE":"01273.HK","SECURITY_CODE":"01273","SECURITY_NAME_ABBR":"香港信贷","ORG_CODE":"10336723","STD_REPORT_DATE":"2022-06-30 00:00:00","REPORT_DATE":"2022-09-30 00:00:00","DATE_TYPE_CODE":"002","REPORT_TYPE":"2022年中报","PER_NETCASH_OPERATE":0.177782392771,"PER_OI":0.17188718747,"BPS":1.652490337446,"BASIC_EPS":0.058879044,"DILUTED_EPS":0.058879044,"OPERATE_INCOME":71333182.8,"OPERATE_INCOME_YOY":2.4965955515,"GROSS_PROFIT":null,"GROSS_PROFIT_YOY":null,"HOLDER_PROFIT":24434351.04,"HOLDER_PROFIT_YOY":-23.9307334929,"GROSS_PROFIT_RATIO":null,"EPS_TTM":0.1378717,"OPERATE_INCOME_QOQ":0,"NET_PROFIT_RATIO":35.1899129891,"ROE_AVG":3.614516667436,"GROSS_PROFIT_QOQ":null,"ROA":2.266045634616,"HOLDER_PROFIT_QOQ":0,"ROE_YEARLY":7.229033334872,"ROIC_YEARLY":4.761627794257,"TOTAL_ASSETS":1091969302.92,"TOTAL_LIABILITIES":406185812.88,"TAX_EBT":18.868434487522,"OCF_SALES":106.256187151566,"TOTAL_PARENT_EQUITY":685783490.04,"DEBT_ASSET_RATIO":37.1975486668,"OPERATE_PROFIT":39175818.6,"PRETAX_PROFIT":30116947.56,"NETCASH_OPERATE":73779693,"NETCASH_INVEST":-12817723.68,"NETCASH_FINANCE":-2012379,"END_CASH":81453866.4,"DIVI_RATIO":0.257033241775,"DIVIDEND_RATE":11.304347826087,"CURRENT_RATIO":1.557535001406,"COMMON_ACS":10000000000,"CURRENTDEBT_DEBT":99.003121785252,"ISSUED_COMMON_SHARES":415000000,"HK_COMMON_SHARES":415000000,"PER_SHARES":4000,"TOTAL_MARKET_CAP":143175000,"HKSK_MARKET_CAP":143175000,"PE_TTM":3.089463349373,"PB_TTM":0.17134763554,"REPORT_DATE_SQ":"2021-06-30 00:00:00","REPORT_TYPE_SQ":"2021年中报","OPERATE_INCOME_SQ":62397860.12,"DPS_HKD":0.039,"OPERATE_INCOME_QOQ_SQ":0,"NET_PROFIT_RATIO_SQ":47.2248816552,"HOLDER_PROFIT_SQ":29586125.9,"HOLDER_PROFIT_QOQ_SQ":0,"ROE_AVG_SQ":5.132818822985,"PE_TTM_SQ":2.683631937312,"PB_TTM_SQ":0.176368606638,"ROA_SQ":3.183508681033,"START_DATE":"2022-04-01 00:00:00","FISCAL_YEAR":"3-31","CURRENCY":"HKD","IS_CNY_CODE":0,"DPS_HKD_LY":0.026,"ORG_TYPE":"证券","PREMIUM_INCOME":null,"PREMIUM_INCOME_YOY":null,"NET_INTEREST_INCOME":null,"NET_INTEREST_INCOME_YOY":null,"FEE_COMMISSION_INCOME":null,"FEE_COMMISSION_INCOME_YOY":null,"ACCOUNTS_RECE_TDAYS":null,"INVENTORY_TDAYS":null,"CURRENT_ASSETS_TDAYS":0.111794711987,"TOTAL_ASSETS_TDAYS":0.064394749578,"PREMIUM_EXPENSE":null,"LOAN_DEPOSIT":null,"LOAN_EQUITY":null,"LOAN_ASSETS":null,"DEPOSIT_EQUITY":null,"DEPOSIT_ASSETS":null,"EQUITY_MULTIPLIER":1.592294534324,"EQUITY_RATIO":0.592294534324},{"SECUCODE":"01273.HK","SECURITY_CODE":"01273","SECURITY_NAME_ABBR":"香港信贷","ORG_CODE":"10336723","STD_REPORT_DATE":"2021-12-31 00:00:00","REPORT_DATE":"2022-03-31 00:00:00","DATE_TYPE_CODE":"001","REPORT_TYPE":"2021年年报","PER_NETCASH_OPERATE":-0.066160827831,"PER_OI":0.302676748964,"BPS":1.439532978795,"BASIC_EPS":0.1378717,"DILUTED_EPS":0.1378717,"OPERATE_INCOME":125610850.82,"OPERATE_INCOME_YOY":-2.8374266805,"GROSS_PROFIT":null,"GROSS_PROFIT_YOY":null,"HOLDER_PROFIT":57216755.5,"HOLDER_PROFIT_YOY":-3.6439126991,"GROSS_PROFIT_RATIO":null,"EPS_TTM":0.148067289301,"OPERATE_INCOME_QOQ":0,"NET_PROFIT_RATIO":45.5508064204,"ROE_AVG":9.982454650932,"GROSS_PROFIT_QOQ":null,"ROA":6.191132683301,"HOLDER_PROFIT_QOQ":0,"ROE_YEARLY":9.982454650932,"ROIC_YEARLY":6.489859766595,"TOTAL_ASSETS":954619595.75,"TOTAL_LIABILITIES":357213409.55,"TAX_EBT":15.183938446742,"OCF_SALES":-21.858576206402,"TOTAL_PARENT_EQUITY":597406186.2,"DEBT_ASSET_RATIO":37.4194507572,"OPERATE_PROFIT":84579421.89,"PRETAX_PROFIT":67459811.8,"NETCASH_OPERATE":-27456743.55,"NETCASH_INVEST":-23623099.28,"NETCASH_FINANCE":6359940.42,"END_CASH":20179550.82,"DIVI_RATIO":0.239334495602,"DIVIDEND_RATE":11.304347826087,"CURRENT_RATIO":1.560903541407,"COMMON_ACS":10000000000,"CURRENTDEBT_DEBT":99.042808005358,"ISSUED_COMMON_SHARES":415000000,"HK_COMMON_SHARES":415000000,"PER_SHARES":4000,"TOTAL_MARKET_CAP":143175000,"HKSK_MARKET_CAP":143175000,"PE_TTM":3.089463349373,"PB_TTM":0.17134763554,"REPORT_DATE_SQ":"2020-12-31 00:00:00","REPORT_TYPE_SQ":"2020年年报","OPERATE_INCOME_SQ":134725917.9,"DPS_HKD":0.039,"OPERATE_INCOME_QOQ_SQ":0,"NET_PROFIT_RATIO_SQ":45.9320598476,"HOLDER_PROFIT_SQ":61882389.24,"HOLDER_PROFIT_QOQ_SQ":0,"ROE_AVG_SQ":11.340270055108,"PE_TTM_SQ":2.683631937312,"PB_TTM_SQ":0.176368606638,"ROA_SQ":6.421755628947,"START_DATE":"2021-04-01 00:00:00","FISCAL_YEAR":"3-31","CURRENCY":"HKD","IS_CNY_CODE":0,"DPS_HKD_LY":0.026,"ORG_TYPE":"证券","PREMIUM_INCOME":null,"PREMIUM_INCOME_YOY":null,"NET_INTEREST_INCOME":null,"NET_INTEREST_INCOME_YOY":null,"FEE_COMMISSION_INCOME":null,"FEE_COMMISSION_INCOME_YOY":null,"ACCOUNTS_RECE_TDAYS":null,"INVENTORY_TDAYS":null,"CURRENT_ASSETS_TDAYS":0.226655535011,"TOTAL_ASSETS_TDAYS":0.135917081822,"PREMIUM_EXPENSE":null,"LOAN_DEPOSIT":null,"LOAN_EQUITY":null,"LOAN_ASSETS":null,"DEPOSIT_EQUITY":null,"DEPOSIT_ASSETS":null,"EQUITY_MULTIPLIER":1.597940593522,"EQUITY_RATIO":0.597940593522},{"SECUCODE":"01273.HK","SECURITY_CODE":"01273","SECURITY_NAME_ABBR":"香港信贷","ORG_CODE":"10336723","STD_REPORT_DATE":"2021-06-30 00:00:00","REPORT_DATE":"2021-09-30 00:00:00","DATE_TYPE_CODE":"002","REPORT_TYPE":"2021年中报","PER_NETCASH_OPERATE":-0.054706949831,"PER_OI":0.150356289446,"BPS":1.419172912771,"BASIC_EPS":0.071309936,"DILUTED_EPS":0.071309936,"OPERATE_INCOME":62397860.12,"OPERATE_INCOME_YOY":-6.403315536,"GROSS_PROFIT":null,"GROSS_PROFIT_YOY":null,"HOLDER_PROFIT":29586125.9,"HOLDER_PROFIT_YOY":3.9544549819,"GROSS_PROFIT_RATIO":null,"EPS_TTM":0.14911419094,"OPERATE_INCOME_QOQ":0,"NET_PROFIT_RATIO":47.2248816552,"ROE_AVG":5.132818822985,"GROSS_PROFIT_QOQ":null,"ROA":3.183508681033,"HOLDER_PROFIT_QOQ":0,"ROE_YEARLY":10.265637645971,"ROIC_YEARLY":6.714232509249,"TOTAL_ASSETS":940687186.7,"TOTAL_LIABILITIES":351730427.9,"TAX_EBT":15.35381461973,"OCF_SALES":-36.238763895538,"TOTAL_PARENT_EQUITY":588956758.8,"DEBT_ASSET_RATIO":37.3907960981,"OPERATE_PROFIT":43980569.64,"PRETAX_PROFIT":34952698.42,"NETCASH_OPERATE":-22703384.18,"NETCASH_INVEST":-727261.38,"NETCASH_FINANCE":-13777146.28,"END_CASH":29456168.54,"DIVI_RATIO":0.237654174808,"DIVIDEND_RATE":11.304347826087,"CURRENT_RATIO":1.650799377797,"COMMON_ACS":10000000000,"CURRENTDEBT_DEBT":99.123195528345,"ISSUED_COMMON_SHARES":415000000,"HK_COMMON_SHARES":415000000,"PER_SHARES":4000,"TOTAL_MARKET_CAP":143175000,"HKSK_MARKET_CAP":143175000,"PE_TTM":3.089463349373,"PB_TTM":0.17134763554,"REPORT_DATE_SQ":"2020-06-30 00:00:00","REPORT_TYPE_SQ":"2020年中报","OPERATE_INCOME_SQ":70604273.28,"DPS_HKD":0.039,"OPERATE_INCOME_QOQ_SQ":0,"NET_PROFIT_RATIO_SQ":42.5195086435,"HOLDER_PROFIT_SQ":30020590.08,"HOLDER_PROFIT_QOQ_SQ":0,"ROE_AVG_SQ":5.433063540794,"PE_TTM_SQ":2.683631937312,"PB_TTM_SQ":0.176368606638,"ROA_SQ":3.034706726738,"START_DATE":"2021-04-01 00:00:00","FISCAL_YEAR":"3-31","CURRENCY":"HKD","IS_CNY_CODE":0,"DPS_HKD_LY":0.026,"ORG_TYPE":"证券","PREMIUM_INCOME":null,"PREMIUM_INCOME_YOY":null,"NET_INTEREST_INCOME":null,"NET_INTEREST_INCOME_YOY":null,"FEE_COMMISSION_INCOME":null,"FEE_COMMISSION_INCOME_YOY":null,"ACCOUNTS_RECE_TDAYS":null,"INVENTORY_TDAYS":null,"CURRENT_ASSETS_TDAYS":0.109258353933,"TOTAL_ASSETS_TDAYS":0.0674116815,"PREMIUM_EXPENSE":null,"LOAN_DEPOSIT":null,"LOAN_EQUITY":null,"LOAN_ASSETS":null,"DEPOSIT_EQUITY":null,"DEPOSIT_ASSETS":null,"EQUITY_MULTIPLIER":1.597209256273,"EQUITY_RATIO":0.597209256273},{"SECUCODE":"01273.HK","SECURITY_CODE":"01273","SECURITY_NAME_ABBR":"香港信贷","ORG_CODE":"10336723","STD_REPORT_DATE":"2020-12-31 00:00:00","REPORT_DATE":"2021-03-31 00:00:00","DATE_TYPE_CODE":"001","REPORT_TYPE":"2020年年报","PER_NETCASH_OPERATE":0.450214148241,"PER_OI":0.324640766024,"BPS":1.378478397108,"BASIC_EPS":0.14875168,"DILUTED_EPS":0.14875168,"OPERATE_INCOME":134725917.9,"OPERATE_INCOME_YOY":-10.6989798491,"GROSS_PROFIT":null,"GROSS_PROFIT_YOY":null,"HOLDER_PROFIT":61882389.24,"HOLDER_PROFIT_YOY":31.9362104694,"GROSS_PROFIT_RATIO":null,"EPS_TTM":0.125068780819,"OPERATE_INCOME_QOQ":0,"NET_PROFIT_RATIO":45.9320598476,"ROE_AVG":11.340270055108,"GROSS_PROFIT_QOQ":null,"ROA":6.421755628947,"HOLDER_PROFIT_QOQ":0,"ROE_YEARLY":11.340270055108,"ROIC_YEARLY":6.701848825337,"TOTAL_ASSETS":931380753.38,"TOTAL_LIABILITIES":359312218.58,"TAX_EBT":16.603451221596,"OCF_SALES":138.680718923497,"TOTAL_PARENT_EQUITY":572068534.8,"DEBT_ASSET_RATIO":38.5784457405,"OPERATE_PROFIT":95903419.78,"PRETAX_PROFIT":74202578.1,"NETCASH_OPERATE":186838871.52,"NETCASH_INVEST":-1672611.22,"NETCASH_FINANCE":-130445926.38,"END_CASH":67633839.14,"DIVI_RATIO":0.283344970406,"DIVIDEND_RATE":11.304347826087,"CURRENT_RATIO":1.718622888206,"COMMON_ACS":10000000000,"CURRENTDEBT_DEBT":93.855540997951,"ISSUED_COMMON_SHARES":415000000,"HK_COMMON_SHARES":415000000,"PER_SHARES":4000,"TOTAL_MARKET_CAP":143175000,"HKSK_MARKET_CAP":143175000,"PE_TTM":3.089463349373,"PB_TTM":0.17134763554,"REPORT_DATE_SQ":"2019-12-31 00:00:00","REPORT_TYPE_SQ":"2019年年报","OPERATE_INCOME_SQ":163098191.1,"DPS_HKD":0.039,"OPERATE_INCOME_QOQ_SQ":0,"NET_PROFIT_RATIO_SQ":31.0891133482,"HOLDER_PROFIT_SQ":50705781.5,"HOLDER_PROFIT_QOQ_SQ":0,"ROE_AVG_SQ":9.372896714039,"PE_TTM_SQ":2.683631937312,"PB_TTM_SQ":0.176368606638,"ROA_SQ":4.777634866274,"START_DATE":"2020-04-01 00:00:00","FISCAL_YEAR":"3-31","CURRENCY":"HKD","IS_CNY_CODE":0,"DPS_HKD_LY":0.026,"ORG_TYPE":"证券","PREMIUM_INCOME":null,"PREMIUM_INCOME_YOY":null,"NET_INTEREST_INCOME":null,"NET_INTEREST_INCOME_YOY":null,"FEE_COMMISSION_INCOME":null,"FEE_COMMISSION_INCOME_YOY":null,"ACCOUNTS_RECE_TDAYS":null,"INVENTORY_TDAYS":null,"CURRENT_ASSETS_TDAYS":0.210985459137,"TOTAL_ASSETS_TDAYS":0.139809876811,"PREMIUM_EXPENSE":null,"LOAN_DEPOSIT":null,"LOAN_EQUITY":null,"LOAN_ASSETS":null,"DEPOSIT_EQUITY":null,"DEPOSIT_ASSETS":null,"EQUITY_MULTIPLIER":1.628092958663,"EQUITY_RATIO":0.628092958662},{"SECUCODE":"01273.HK","SECURITY_CODE":"01273","SECURITY_NAME_ABBR":"香港信贷","ORG_CODE":"10336723","STD_REPORT_DATE":"2020-06-30 00:00:00","REPORT_DATE":"2020-09-30 00:00:00","DATE_TYPE_CODE":"002","REPORT_TYPE":"2020年中报","PER_NETCASH_OPERATE":0.311458598554,"PER_OI":0.170130778988,"BPS":1.361912247518,"BASIC_EPS":0.072318656,"DILUTED_EPS":0.072318656,"OPERATE_INCOME":70604273.28,"OPERATE_INCOME_YOY":-3.1367915999,"GROSS_PROFIT":null,"GROSS_PROFIT_YOY":null,"HOLDER_PROFIT":30020590.08,"HOLDER_PROFIT_YOY":6.916192026,"GROSS_PROFIT_RATIO":null,"EPS_TTM":0.122182606024,"OPERATE_INCOME_QOQ":0,"NET_PROFIT_RATIO":42.5195086435,"ROE_AVG":5.433063540794,"GROSS_PROFIT_QOQ":null,"ROA":3.034706726738,"HOLDER_PROFIT_QOQ":0,"ROE_YEARLY":10.866127081589,"ROIC_YEARLY":6.151306031706,"TOTAL_ASSETS":943070423.04,"TOTAL_LIABILITIES":377876840.32,"TAX_EBT":16.748300314351,"OCF_SALES":183.070106659697,"TOTAL_PARENT_EQUITY":565193582.72,"DEBT_ASSET_RATIO":40.0687828913,"OPERATE_PROFIT":47928024.96,"PRETAX_PROFIT":36060032.64,"NETCASH_OPERATE":129255318.4,"NETCASH_INVEST":-531625.6,"NETCASH_FINANCE":-129235986.56,"END_CASH":12913669.12,"DIVI_RATIO":0.290038092599,"DIVIDEND_RATE":11.304347826087,"CURRENT_RATIO":2.187253678001,"COMMON_ACS":10000000000,"CURRENTDEBT_DEBT":75.996381656206,"ISSUED_COMMON_SHARES":415000000,"HK_COMMON_SHARES":415000000,"PER_SHARES":4000,"TOTAL_MARKET_CAP":143175000,"HKSK_MARKET_CAP":143175000,"PE_TTM":3.089463349373,"PB_TTM":0.17134763554,"REPORT_DATE_SQ":"2019-06-30 00:00:00","REPORT_TYPE_SQ":"2019年中报","OPERATE_INCOME_SQ":74822631.51,"DPS_HKD":0.039,"OPERATE_INCOME_QOQ_SQ":0,"NET_PROFIT_RATIO_SQ":38.5215368109,"HOLDER_PROFIT_SQ":28822827.54,"HOLDER_PROFIT_QOQ_SQ":0,"ROE_AVG_SQ":5.480899441087,"PE_TTM_SQ":2.683631937312,"PB_TTM_SQ":0.176368606638,"ROA_SQ":2.744065681016,"START_DATE":"2020-04-01 00:00:00","FISCAL_YEAR":"3-31","CURRENCY":"HKD","IS_CNY_CODE":0,"DPS_HKD_LY":0.026,"ORG_TYPE":"证券","PREMIUM_INCOME":null,"PREMIUM_INCOME_YOY":null,"NET_INTEREST_INCOME":null,"NET_INTEREST_INCOME_YOY":null,"FEE_COMMISSION_INCOME":null,"FEE_COMMISSION_INCOME_YOY":null,"ACCOUNTS_RECE_TDAYS":null,"INVENTORY_TDAYS":null,"CURRENT_ASSETS_TDAYS":0.104341355662,"TOTAL_ASSETS_TDAYS":0.071372102443,"PREMIUM_EXPENSE":null,"LOAN_DEPOSIT":null,"LOAN_EQUITY":null,"LOAN_ASSETS":null,"DEPOSIT_EQUITY":null,"DEPOSIT_ASSETS":null,"EQUITY_MULTIPLIER":1.668579495368,"EQUITY_RATIO":0.668579495368}],"count":27},"success":true,"message":"ok","code":0}