{"version":"18ae18def74fb45b43a1178a3ff91c73","result":{"pages":4,"data":[{"SECUCODE":"01270.HK","SECURITY_CODE":"01270","SECURITY_NAME_ABBR":"朗廷-SS","ORG_CODE":"10321431","STD_REPORT_DATE":"2024-12-31 00:00:00","REPORT_DATE":"2024-12-31 00:00:00","DATE_TYPE_CODE":"001","REPORT_TYPE":"2024年年报","PER_NETCASH_OPERATE":null,"PER_OI":0.108368537466,"BPS":2.562834757249,"BASIC_EPS":0.0648228,"DILUTED_EPS":0.0648228,"OPERATE_INCOME":372088428.24,"OPERATE_INCOME_YOY":-21.8223030751,"GROSS_PROFIT":352842538.92,"GROSS_PROFIT_YOY":-21.289194496325,"HOLDER_PROFIT":214585692.96,"HOLDER_PROFIT_YOY":-78.5504096475,"GROSS_PROFIT_RATIO":94.827603370781,"EPS_TTM":0.062496804368,"OPERATE_INCOME_QOQ":-12.012238551379,"NET_PROFIT_RATIO":57.6706171635,"ROE_AVG":2.479250464437,"GROSS_PROFIT_QOQ":-12.901392796262,"ROA":1.444961702815,"HOLDER_PROFIT_QOQ":-50.843094748305,"ROE_YEARLY":2.479250464437,"ROIC_YEARLY":1.463945715414,"TOTAL_ASSETS":15037356077.76,"TOTAL_LIABILITIES":6237743395.32,"TAX_EBT":-0.878953440282,"OCF_SALES":null,"TOTAL_PARENT_EQUITY":8799612682.44,"DEBT_ASSET_RATIO":41.481649853,"OPERATE_PROFIT":511121295.72,"PRETAX_PROFIT":212716018.2,"NETCASH_OPERATE":null,"NETCASH_INVEST":null,"NETCASH_FINANCE":null,"END_CASH":null,"DIVI_RATIO":null,"DIVIDEND_RATE":null,"CURRENT_RATIO":3.826542785042,"COMMON_ACS":5000000000,"CURRENTDEBT_DEBT":1.294252778346,"ISSUED_COMMON_SHARES":3433546645,"HK_COMMON_SHARES":3433546645,"PER_SHARES":2000,"TOTAL_MARKET_CAP":1596599189.925,"HKSK_MARKET_CAP":1596599189.925,"PE_TTM":6.890089891099,"PB_TTM":0.168020430807,"REPORT_DATE_SQ":"2023-12-31 00:00:00","REPORT_TYPE_SQ":"2023年年报","OPERATE_INCOME_SQ":465765362.3,"DPS_HKD":null,"OPERATE_INCOME_QOQ_SQ":29.678524003927,"NET_PROFIT_RATIO_SQ":210.1931065345,"HOLDER_PROFIT_SQ":979006684.18,"HOLDER_PROFIT_QOQ_SQ":125.309467927246,"ROE_AVG_SQ":12.452088742653,"PE_TTM_SQ":4.825987062638,"PB_TTM_SQ":0.231112523591,"ROA_SQ":7.001949564359,"START_DATE":"2024-01-01 00:00:00","FISCAL_YEAR":"12-31","CURRENCY":"HKD","IS_CNY_CODE":0,"DPS_HKD_LY":null,"ORG_TYPE":"一般企业","PREMIUM_INCOME":null,"PREMIUM_INCOME_YOY":null,"NET_INTEREST_INCOME":null,"NET_INTEREST_INCOME_YOY":null,"FEE_COMMISSION_INCOME":null,"FEE_COMMISSION_INCOME_YOY":null,"ACCOUNTS_RECE_TDAYS":10.519032410074,"INVENTORY_TDAYS":null,"CURRENT_ASSETS_TDAYS":1.607764208774,"TOTAL_ASSETS_TDAYS":0.025055422915,"PREMIUM_EXPENSE":null,"LOAN_DEPOSIT":null,"LOAN_EQUITY":null,"LOAN_ASSETS":null,"DEPOSIT_EQUITY":null,"DEPOSIT_ASSETS":null,"EQUITY_MULTIPLIER":1.708865676301,"EQUITY_RATIO":0.7088656763},{"SECUCODE":"01270.HK","SECURITY_CODE":"01270","SECURITY_NAME_ABBR":"朗廷-SS","ORG_CODE":"10321431","STD_REPORT_DATE":"2024-06-30 00:00:00","REPORT_DATE":"2024-06-30 00:00:00","DATE_TYPE_CODE":"002","REPORT_TYPE":"2024年中报","PER_NETCASH_OPERATE":0.019381762057,"PER_OI":0.051706517514,"BPS":2.467839105497,"BASIC_EPS":0.0091268,"DILUTED_EPS":0.0091268,"OPERATE_INCOME":174473384.88,"OPERATE_INCOME_YOY":-18.909839021,"GROSS_PROFIT":165154922.08,"GROSS_PROFIT_YOY":-20.722492527569,"HOLDER_PROFIT":39263493.6,"HOLDER_PROFIT_YOY":-93.1818830175,"GROSS_PROFIT_RATIO":94.659092097967,"EPS_TTM":0.129369628619,"OPERATE_INCOME_QOQ":-9.206092528706,"NET_PROFIT_RATIO":22.5040017576,"ROE_AVG":0.46571573835,"GROSS_PROFIT_QOQ":-9.630236314161,"ROA":0.270972692762,"HOLDER_PROFIT_QOQ":-55.41070840945,"ROE_YEARLY":0.9314314767,"ROIC_YEARLY":0.546944235145,"TOTAL_ASSETS":14527351166.6,"TOTAL_LIABILITIES":6053910485.52,"TAX_EBT":15.156296223252,"OCF_SALES":37.484176056412,"TOTAL_PARENT_EQUITY":8473440681.08,"DEBT_ASSET_RATIO":41.6725004861,"OPERATE_PROFIT":194900988.64,"PRETAX_PROFIT":46277439.4,"NETCASH_OPERATE":65399910.76,"NETCASH_INVEST":-23665792.4,"NETCASH_FINANCE":-507450.08,"END_CASH":153044571.16,"DIVI_RATIO":null,"DIVIDEND_RATE":null,"CURRENT_RATIO":0.029684231627,"COMMON_ACS":5000000000,"CURRENTDEBT_DEBT":92.808038577356,"ISSUED_COMMON_SHARES":3433546645,"HK_COMMON_SHARES":3433546645,"PER_SHARES":2000,"TOTAL_MARKET_CAP":1630934656.375,"HKSK_MARKET_CAP":1630934656.375,"PE_TTM":7.038263867252,"PB_TTM":0.171633773405,"REPORT_DATE_SQ":"2023-06-30 00:00:00","REPORT_TYPE_SQ":"2023年中报","OPERATE_INCOME_SQ":217352175.1,"DPS_HKD":null,"OPERATE_INCOME_QOQ_SQ":21.070868775139,"NET_PROFIT_RATIO_SQ":267.6476701521,"HOLDER_PROFIT_SQ":581738032.68,"HOLDER_PROFIT_QOQ_SQ":15.938680792473,"ROE_AVG_SQ":7.47848471572,"PE_TTM_SQ":4.599768919077,"PB_TTM_SQ":0.232349405588,"ROA_SQ":4.121746086629,"START_DATE":"2024-01-01 00:00:00","FISCAL_YEAR":"12-31","CURRENCY":"HKD","IS_CNY_CODE":0,"DPS_HKD_LY":null,"ORG_TYPE":"一般企业","PREMIUM_INCOME":null,"PREMIUM_INCOME_YOY":null,"NET_INTEREST_INCOME":null,"NET_INTEREST_INCOME_YOY":null,"FEE_COMMISSION_INCOME":null,"FEE_COMMISSION_INCOME_YOY":null,"ACCOUNTS_RECE_TDAYS":6.505674760503,"INVENTORY_TDAYS":null,"CURRENT_ASSETS_TDAYS":1.095595062068,"TOTAL_ASSETS_TDAYS":0.012041089211,"PREMIUM_EXPENSE":null,"LOAN_DEPOSIT":null,"LOAN_EQUITY":null,"LOAN_ASSETS":null,"DEPOSIT_EQUITY":null,"DEPOSIT_ASSETS":null,"EQUITY_MULTIPLIER":1.71445717429,"EQUITY_RATIO":0.71445717429},{"SECUCODE":"01270.HK","SECURITY_CODE":"01270","SECURITY_NAME_ABBR":"朗廷-SS","ORG_CODE":"10321431","STD_REPORT_DATE":"2023-12-31 00:00:00","REPORT_DATE":"2023-12-31 00:00:00","DATE_TYPE_CODE":"001","REPORT_TYPE":"2023年年报","PER_NETCASH_OPERATE":0.078274940798,"PER_OI":0.140338579636,"BPS":2.425701163806,"BASIC_EPS":0.2990526,"DILUTED_EPS":0.2990526,"OPERATE_INCOME":465765362.3,"OPERATE_INCOME_YOY":54.7593238303,"GROSS_PROFIT":448277128.74,"GROSS_PROFIT_YOY":59.946943660488,"HOLDER_PROFIT":979006684.18,"HOLDER_PROFIT_YOY":157.4879457338,"GROSS_PROFIT_RATIO":96.245269619527,"EPS_TTM":0.294982020203,"OPERATE_INCOME_QOQ":29.678524003927,"NET_PROFIT_RATIO":210.1931065345,"ROE_AVG":12.452088742653,"GROSS_PROFIT_QOQ":31.242023902684,"ROA":7.001949564359,"HOLDER_PROFIT_QOQ":125.309467927246,"ROE_YEARLY":12.452088742653,"ROIC_YEARLY":7.086382885299,"TOTAL_ASSETS":14350022699.04,"TOTAL_LIABILITIES":6021264606.28,"TAX_EBT":1.77507314687,"OCF_SALES":55.775782397634,"TOTAL_PARENT_EQUITY":8328758092.76,"DEBT_ASSET_RATIO":41.9599657266,"OPERATE_PROFIT":1220642997.42,"PRETAX_PROFIT":996698817.24,"NETCASH_OPERATE":259784274.96,"NETCASH_INVEST":-41299164.06,"NETCASH_FINANCE":-329617588.16,"END_CASH":111026449.52,"DIVI_RATIO":null,"DIVIDEND_RATE":null,"CURRENT_RATIO":0.026979828345,"COMMON_ACS":5000000000,"CURRENTDEBT_DEBT":92.731354375898,"ISSUED_COMMON_SHARES":3433546645,"HK_COMMON_SHARES":3433546645,"PER_SHARES":2000,"TOTAL_MARKET_CAP":1630934656.375,"HKSK_MARKET_CAP":1630934656.375,"PE_TTM":7.038263867252,"PB_TTM":0.171633773405,"REPORT_DATE_SQ":"2022-12-31 00:00:00","REPORT_TYPE_SQ":"2022年年报","OPERATE_INCOME_SQ":296660326.62,"DPS_HKD":null,"OPERATE_INCOME_QOQ_SQ":17.713763768783,"NET_PROFIT_RATIO_SQ":126.333459799,"HOLDER_PROFIT_SQ":374781254.47,"HOLDER_PROFIT_QOQ_SQ":-43.438365712688,"ROE_AVG_SQ":5.257413206243,"PE_TTM_SQ":4.599768919077,"PB_TTM_SQ":0.232349405588,"ROA_SQ":2.831503758351,"START_DATE":"2023-01-01 00:00:00","FISCAL_YEAR":"12-31","CURRENCY":"HKD","IS_CNY_CODE":0,"DPS_HKD_LY":0.029,"ORG_TYPE":"一般企业","PREMIUM_INCOME":null,"PREMIUM_INCOME_YOY":null,"NET_INTEREST_INCOME":null,"NET_INTEREST_INCOME_YOY":null,"FEE_COMMISSION_INCOME":null,"FEE_COMMISSION_INCOME_YOY":null,"ACCOUNTS_RECE_TDAYS":18.116496298907,"INVENTORY_TDAYS":null,"CURRENT_ASSETS_TDAYS":2.070152331698,"TOTAL_ASSETS_TDAYS":0.033311984773,"PREMIUM_EXPENSE":null,"LOAN_DEPOSIT":null,"LOAN_EQUITY":null,"LOAN_ASSETS":null,"DEPOSIT_EQUITY":null,"DEPOSIT_ASSETS":null,"EQUITY_MULTIPLIER":1.722948672445,"EQUITY_RATIO":0.722948672445},{"SECUCODE":"01270.HK","SECURITY_CODE":"01270","SECURITY_NAME_ABBR":"朗廷-SS","ORG_CODE":"10321431","STD_REPORT_DATE":"2023-06-30 00:00:00","REPORT_DATE":"2023-06-30 00:00:00","DATE_TYPE_CODE":"002","REPORT_TYPE":"2023年中报","PER_NETCASH_OPERATE":0.035377327696,"PER_OI":0.066077947294,"BPS":2.339682513246,"BASIC_EPS":0.1751762,"DILUTED_EPS":0.1751762,"OPERATE_INCOME":217352175.1,"OPERATE_INCOME_YOY":30.2005379343,"GROSS_PROFIT":208325068.92,"GROSS_PROFIT_YOY":41.692696589805,"HOLDER_PROFIT":581738032.68,"HOLDER_PROFIT_YOY":3.3702821456,"GROSS_PROFIT_RATIO":95.846783600925,"EPS_TTM":0.132098768089,"OPERATE_INCOME_QOQ":21.070868775139,"NET_PROFIT_RATIO":267.6476701521,"ROE_AVG":7.47848471572,"GROSS_PROFIT_QOQ":21.871744205262,"ROA":4.121746086629,"HOLDER_PROFIT_QOQ":15.938680792473,"ROE_YEARLY":14.956969431439,"ROIC_YEARLY":8.378066897888,"TOTAL_ASSETS":14377181865.78,"TOTAL_LIABILITIES":6343772822.06,"TAX_EBT":3.056124463592,"OCF_SALES":53.538781310314,"TOTAL_PARENT_EQUITY":8033409043.72,"DEBT_ASSET_RATIO":44.123896333,"OPERATE_PROFIT":701029336.96,"PRETAX_PROFIT":600077136.86,"NETCASH_OPERATE":116367705.7,"NETCASH_INVEST":-26537350.34,"NETCASH_FINANCE":-88460293.08,"END_CASH":227392537.3,"DIVI_RATIO":null,"DIVIDEND_RATE":null,"CURRENT_RATIO":0.049599255433,"COMMON_ACS":5000000000,"CURRENTDEBT_DEBT":93.194151612135,"ISSUED_COMMON_SHARES":3433546645,"HK_COMMON_SHARES":3433546645,"PER_SHARES":2000,"TOTAL_MARKET_CAP":1630934656.375,"HKSK_MARKET_CAP":1630934656.375,"PE_TTM":7.038263867252,"PB_TTM":0.171633773405,"REPORT_DATE_SQ":"2022-06-30 00:00:00","REPORT_TYPE_SQ":"2022年中报","OPERATE_INCOME_SQ":154843266.97,"DPS_HKD":null,"OPERATE_INCOME_QOQ_SQ":37.391984419586,"NET_PROFIT_RATIO_SQ":337.1169151069,"HOLDER_PROFIT_SQ":522002844.86,"HOLDER_PROFIT_QOQ_SQ":333.848229988606,"ROE_AVG_SQ":7.566034566855,"PE_TTM_SQ":4.599768919077,"PB_TTM_SQ":0.232349405588,"ROA_SQ":4.10191035719,"START_DATE":"2023-01-01 00:00:00","FISCAL_YEAR":"12-31","CURRENCY":"HKD","IS_CNY_CODE":0,"DPS_HKD_LY":0.029,"ORG_TYPE":"一般企业","PREMIUM_INCOME":null,"PREMIUM_INCOME_YOY":null,"NET_INTEREST_INCOME":null,"NET_INTEREST_INCOME_YOY":null,"FEE_COMMISSION_INCOME":null,"FEE_COMMISSION_INCOME_YOY":null,"ACCOUNTS_RECE_TDAYS":null,"INVENTORY_TDAYS":null,"CURRENT_ASSETS_TDAYS":0.727204022457,"TOTAL_ASSETS_TDAYS":0.015399895259,"PREMIUM_EXPENSE":null,"LOAN_DEPOSIT":null,"LOAN_EQUITY":null,"LOAN_ASSETS":null,"DEPOSIT_EQUITY":null,"DEPOSIT_ASSETS":null,"EQUITY_MULTIPLIER":1.789673821853,"EQUITY_RATIO":0.789673821853},{"SECUCODE":"01270.HK","SECURITY_CODE":"01270","SECURITY_NAME_ABBR":"朗廷-SS","ORG_CODE":"10321431","STD_REPORT_DATE":"2022-12-31 00:00:00","REPORT_DATE":"2022-12-31 00:00:00","DATE_TYPE_CODE":"001","REPORT_TYPE":"2022年年报","PER_NETCASH_OPERATE":0.059099659941,"PER_OI":0.090625281836,"BPS":2.123149978733,"BASIC_EPS":0.1161251,"DILUTED_EPS":0.1161251,"OPERATE_INCOME":296660326.62,"OPERATE_INCOME_YOY":48.0289901583,"GROSS_PROFIT":280266142.31,"GROSS_PROFIT_YOY":68.352660633367,"HOLDER_PROFIT":374781254.47,"HOLDER_PROFIT_YOY":221.0637634824,"GROSS_PROFIT_RATIO":94.473752356175,"EPS_TTM":0.114490053996,"OPERATE_INCOME_QOQ":17.713763768783,"NET_PROFIT_RATIO":126.333459799,"ROE_AVG":5.257413206243,"GROSS_PROFIT_QOQ":18.479465005491,"ROA":2.831503758351,"HOLDER_PROFIT_QOQ":-43.438365712688,"ROE_YEARLY":5.257413206243,"ROIC_YEARLY":2.872635521098,"TOTAL_ASSETS":13419265593.37,"TOTAL_LIABILITIES":6129331107.06,"TAX_EBT":9.015383814683,"OCF_SALES":65.213215057843,"TOTAL_PARENT_EQUITY":7289934486.31,"DEBT_ASSET_RATIO":45.6756076882,"OPERATE_PROFIT":541540471.15,"PRETAX_PROFIT":411917168.18,"NETCASH_OPERATE":193461736.79,"NETCASH_INVEST":-54920919.41,"NETCASH_FINANCE":-79614475.29,"END_CASH":218984247.23,"DIVI_RATIO":null,"DIVIDEND_RATE":null,"CURRENT_RATIO":0.051631271124,"COMMON_ACS":5000000000,"CURRENTDEBT_DEBT":93.236042262549,"ISSUED_COMMON_SHARES":3433546645,"HK_COMMON_SHARES":3433546645,"PER_SHARES":2000,"TOTAL_MARKET_CAP":1630934656.375,"HKSK_MARKET_CAP":1630934656.375,"PE_TTM":7.038263867252,"PB_TTM":0.171633773405,"REPORT_DATE_SQ":"2021-12-31 00:00:00","REPORT_TYPE_SQ":"2021年年报","OPERATE_INCOME_SQ":183430195.2,"DPS_HKD":null,"OPERATE_INCOME_QOQ_SQ":10.681923130548,"NET_PROFIT_RATIO_SQ":-154.4724361717,"HOLDER_PROFIT_SQ":-283349091.2,"HOLDER_PROFIT_QOQ_SQ":70.092243864223,"ROE_AVG_SQ":-4.35122942301,"PE_TTM_SQ":4.599768919077,"PB_TTM_SQ":0.232349405588,"ROA_SQ":-2.334367523488,"START_DATE":"2022-01-01 00:00:00","FISCAL_YEAR":"12-31","CURRENCY":"HKD","IS_CNY_CODE":0,"DPS_HKD_LY":0.027,"ORG_TYPE":"一般企业","PREMIUM_INCOME":null,"PREMIUM_INCOME_YOY":null,"NET_INTEREST_INCOME":null,"NET_INTEREST_INCOME_YOY":null,"FEE_COMMISSION_INCOME":null,"FEE_COMMISSION_INCOME_YOY":null,"ACCOUNTS_RECE_TDAYS":25.50345569037,"INVENTORY_TDAYS":null,"CURRENT_ASSETS_TDAYS":1.254958716723,"TOTAL_ASSETS_TDAYS":0.022412936073,"PREMIUM_EXPENSE":null,"LOAN_DEPOSIT":null,"LOAN_EQUITY":null,"LOAN_ASSETS":null,"DEPOSIT_EQUITY":null,"DEPOSIT_ASSETS":null,"EQUITY_MULTIPLIER":1.840793716127,"EQUITY_RATIO":0.840793716126},{"SECUCODE":"01270.HK","SECURITY_CODE":"01270","SECURITY_NAME_ABBR":"朗廷-SS","ORG_CODE":"10321431","STD_REPORT_DATE":"2022-06-30 00:00:00","REPORT_DATE":"2022-06-30 00:00:00","DATE_TYPE_CODE":"002","REPORT_TYPE":"2022年中报","PER_NETCASH_OPERATE":0.023434707672,"PER_OI":0.04755891094,"BPS":2.07607074217,"BASIC_EPS":0.1624861,"DILUTED_EPS":0.1624861,"OPERATE_INCOME":154843266.97,"OPERATE_INCOME_YOY":74.6667052536,"GROSS_PROFIT":147025975.18,"GROSS_PROFIT_YOY":91.069143350062,"HOLDER_PROFIT":522002844.86,"HOLDER_PROFIT_YOY":219.8002001923,"GROSS_PROFIT_RATIO":94.951480976235,"EPS_TTM":0.203514560528,"OPERATE_INCOME_QOQ":37.391984419586,"NET_PROFIT_RATIO":337.1169151069,"ROE_AVG":7.566034566855,"GROSS_PROFIT_QOQ":42.094379499067,"ROA":4.10191035719,"HOLDER_PROFIT_QOQ":333.848229988606,"ROE_YEARLY":15.132069133709,"ROIC_YEARLY":8.292462710382,"TOTAL_ASSETS":12955165556.06,"TOTAL_LIABILITIES":5826879824.5,"TAX_EBT":3.28844694359,"OCF_SALES":49.275114186775,"TOTAL_PARENT_EQUITY":7128285731.56,"DEBT_ASSET_RATIO":44.9772702578,"OPERATE_PROFIT":588855612.73,"PRETAX_PROFIT":539752313.31,"NETCASH_OPERATE":76299196.61,"NETCASH_INVEST":-34959312.01,"NETCASH_FINANCE":-75744178.3,"END_CASH":118830360.88,"DIVI_RATIO":null,"DIVIDEND_RATE":null,"CURRENT_RATIO":0.500984815101,"COMMON_ACS":5000000000,"CURRENTDEBT_DEBT":6.028237849579,"ISSUED_COMMON_SHARES":3433546645,"HK_COMMON_SHARES":3433546645,"PER_SHARES":2000,"TOTAL_MARKET_CAP":1630934656.375,"HKSK_MARKET_CAP":1630934656.375,"PE_TTM":7.038263867252,"PB_TTM":0.171633773405,"REPORT_DATE_SQ":"2021-06-30 00:00:00","REPORT_TYPE_SQ":"2021年中报","OPERATE_INCOME_SQ":86255076.96,"DPS_HKD":null,"OPERATE_INCOME_QOQ_SQ":-5.448104115631,"NET_PROFIT_RATIO_SQ":-491.510871872,"HOLDER_PROFIT_SQ":-423953080.8,"HOLDER_PROFIT_QOQ_SQ":60.263040049617,"ROE_AVG_SQ":-6.466299501438,"PE_TTM_SQ":4.599768919077,"PB_TTM_SQ":0.232349405588,"ROA_SQ":-3.437857790389,"START_DATE":"2022-01-01 00:00:00","FISCAL_YEAR":"12-31","CURRENCY":"HKD","IS_CNY_CODE":0,"DPS_HKD_LY":0.027,"ORG_TYPE":"一般企业","PREMIUM_INCOME":null,"PREMIUM_INCOME_YOY":null,"NET_INTEREST_INCOME":null,"NET_INTEREST_INCOME_YOY":null,"FEE_COMMISSION_INCOME":null,"FEE_COMMISSION_INCOME_YOY":null,"ACCOUNTS_RECE_TDAYS":null,"INVENTORY_TDAYS":null,"CURRENT_ASSETS_TDAYS":0.894736972147,"TOTAL_ASSETS_TDAYS":0.012167619521,"PREMIUM_EXPENSE":null,"LOAN_DEPOSIT":null,"LOAN_EQUITY":null,"LOAN_ASSETS":null,"DEPOSIT_EQUITY":null,"DEPOSIT_ASSETS":null,"EQUITY_MULTIPLIER":1.817430732145,"EQUITY_RATIO":0.817430732147},{"SECUCODE":"01270.HK","SECURITY_CODE":"01270","SECURITY_NAME_ABBR":"朗廷-SS","ORG_CODE":"10321431","STD_REPORT_DATE":"2021-12-31 00:00:00","REPORT_DATE":"2021-12-31 00:00:00","DATE_TYPE_CODE":"001","REPORT_TYPE":"2021年年报","PER_NETCASH_OPERATE":0.022653077052,"PER_OI":0.056597248715,"BPS":1.857293840142,"BASIC_EPS":-0.089936,"DILUTED_EPS":-0.089936,"OPERATE_INCOME":183430195.2,"OPERATE_INCOME_YOY":7.7289489859,"GROSS_PROFIT":166475624,"GROSS_PROFIT_YOY":9.957410761112,"HOLDER_PROFIT":-283349091.2,"HOLDER_PROFIT_YOY":87.7661273783,"GROSS_PROFIT_RATIO":90.756935529882,"EPS_TTM":-0.087427148896,"OPERATE_INCOME_QOQ":10.681923130548,"NET_PROFIT_RATIO":-154.4724361717,"ROE_AVG":-4.35122942301,"GROSS_PROFIT_QOQ":13.641306779637,"ROA":-2.334367523488,"HOLDER_PROFIT_QOQ":70.092243864223,"ROE_YEARLY":-4.35122942301,"ROIC_YEARLY":-2.365985683944,"TOTAL_ASSETS":11947242137.6,"TOTAL_LIABILITIES":5570137104,"TAX_EBT":-2.770907840032,"OCF_SALES":40.025049921552,"TOTAL_PARENT_EQUITY":6377105033.6,"DEBT_ASSET_RATIO":46.6227857429,"OPERATE_PROFIT":-181260284.8,"PRETAX_PROFIT":-275709436.8,"NETCASH_OPERATE":73418027.2,"NETCASH_INVEST":-21469358.4,"NETCASH_FINANCE":-83369854.4,"END_CASH":146499203.2,"DIVI_RATIO":null,"DIVIDEND_RATE":null,"CURRENT_RATIO":0.476604103535,"COMMON_ACS":5000000000,"CURRENTDEBT_DEBT":6.127372192597,"ISSUED_COMMON_SHARES":3433546645,"HK_COMMON_SHARES":3433546645,"PER_SHARES":2000,"TOTAL_MARKET_CAP":1630934656.375,"HKSK_MARKET_CAP":1630934656.375,"PE_TTM":7.038263867252,"PB_TTM":0.171633773405,"REPORT_DATE_SQ":"2020-12-31 00:00:00","REPORT_TYPE_SQ":"2020年年报","OPERATE_INCOME_SQ":175276579.84,"DPS_HKD":null,"OPERATE_INCOME_QOQ_SQ":-34.913349128964,"NET_PROFIT_RATIO_SQ":-1360.2522856484,"HOLDER_PROFIT_SQ":-2384203683.48,"HOLDER_PROFIT_QOQ_SQ":43.952420372805,"ROE_AVG_SQ":-31.26824841286,"PE_TTM_SQ":4.599768919077,"PB_TTM_SQ":0.232349405588,"ROA_SQ":-17.330475842987,"START_DATE":"2021-01-01 00:00:00","FISCAL_YEAR":"12-31","CURRENCY":"HKD","IS_CNY_CODE":0,"DPS_HKD_LY":null,"ORG_TYPE":"一般企业","PREMIUM_INCOME":null,"PREMIUM_INCOME_YOY":null,"NET_INTEREST_INCOME":null,"NET_INTEREST_INCOME_YOY":null,"FEE_COMMISSION_INCOME":null,"FEE_COMMISSION_INCOME_YOY":null,"ACCOUNTS_RECE_TDAYS":null,"INVENTORY_TDAYS":null,"CURRENT_ASSETS_TDAYS":0.948533981609,"TOTAL_ASSETS_TDAYS":0.015111870968,"PREMIUM_EXPENSE":null,"LOAN_DEPOSIT":null,"LOAN_EQUITY":null,"LOAN_ASSETS":null,"DEPOSIT_EQUITY":null,"DEPOSIT_ASSETS":null,"EQUITY_MULTIPLIER":1.873458579504,"EQUITY_RATIO":0.873458579505},{"SECUCODE":"01270.HK","SECURITY_CODE":"01270","SECURITY_NAME_ABBR":"朗廷-SS","ORG_CODE":"10321431","STD_REPORT_DATE":"2021-06-30 00:00:00","REPORT_DATE":"2021-06-30 00:00:00","DATE_TYPE_CODE":"002","REPORT_TYPE":"2021年中报","PER_NETCASH_OPERATE":0.011028536194,"PER_OI":0.026683785803,"BPS":1.848881361307,"BASIC_EPS":-0.1331328,"DILUTED_EPS":-0.1331328,"OPERATE_INCOME":86255076.96,"OPERATE_INCOME_YOY":-1.1641543434,"GROSS_PROFIT":76949094.24,"GROSS_PROFIT_YOY":-5.995720819136,"HOLDER_PROFIT":-423953080.8,"HOLDER_PROFIT_YOY":74.9881693172,"GROSS_PROFIT_RATIO":89.211089888291,"EPS_TTM":-0.29308984555,"OPERATE_INCOME_QOQ":-5.448104115631,"NET_PROFIT_RATIO":-491.510871872,"ROE_AVG":-6.466299501438,"GROSS_PROFIT_QOQ":-3.241687483996,"ROA":-3.437857790389,"HOLDER_PROFIT_QOQ":60.263040049617,"ROE_YEARLY":-12.932599002877,"ROIC_YEARLY":-6.983827411149,"TOTAL_ASSETS":12116378684.4,"TOTAL_LIABILITIES":5768158289.28,"TAX_EBT":-1.285173294636,"OCF_SALES":41.330477899327,"TOTAL_PARENT_EQUITY":6348220395.12,"DEBT_ASSET_RATIO":47.6062893008,"OPERATE_PROFIT":-368669685.6,"PRETAX_PROFIT":-418573683.6,"NETCASH_OPERATE":35649635.52,"NETCASH_INVEST":-15169650.48,"NETCASH_FINANCE":-819598.8,"END_CASH":200731811.28,"DIVI_RATIO":null,"DIVIDEND_RATE":null,"CURRENT_RATIO":0.56284860713,"COMMON_ACS":5000000000,"CURRENTDEBT_DEBT":7.407039826803,"ISSUED_COMMON_SHARES":3433546645,"HK_COMMON_SHARES":3433546645,"PER_SHARES":2000,"TOTAL_MARKET_CAP":1630934656.375,"HKSK_MARKET_CAP":1630934656.375,"PE_TTM":7.038263867252,"PB_TTM":0.171633773405,"REPORT_DATE_SQ":"2020-06-30 00:00:00","REPORT_TYPE_SQ":"2020年中报","OPERATE_INCOME_SQ":95804327.52,"DPS_HKD":null,"OPERATE_INCOME_QOQ_SQ":-37.871590015806,"NET_PROFIT_RATIO_SQ":-1942.2365874355,"HOLDER_PROFIT_SQ":-1860746701.44,"HOLDER_PROFIT_QOQ_SQ":-80.240401254314,"ROE_AVG_SQ":-22.774274995651,"PE_TTM_SQ":4.599768919077,"PB_TTM_SQ":0.232349405588,"ROA_SQ":-12.249891592203,"START_DATE":"2021-01-01 00:00:00","FISCAL_YEAR":"12-31","CURRENCY":"HKD","IS_CNY_CODE":0,"DPS_HKD_LY":null,"ORG_TYPE":"一般企业","PREMIUM_INCOME":null,"PREMIUM_INCOME_YOY":null,"NET_INTEREST_INCOME":null,"NET_INTEREST_INCOME_YOY":null,"FEE_COMMISSION_INCOME":null,"FEE_COMMISSION_INCOME_YOY":null,"ACCOUNTS_RECE_TDAYS":9.319189104149,"INVENTORY_TDAYS":null,"CURRENT_ASSETS_TDAYS":0.368182617328,"TOTAL_ASSETS_TDAYS":0.006994469476,"PREMIUM_EXPENSE":null,"LOAN_DEPOSIT":null,"LOAN_EQUITY":null,"LOAN_ASSETS":null,"DEPOSIT_EQUITY":null,"DEPOSIT_ASSETS":null,"EQUITY_MULTIPLIER":1.908626029069,"EQUITY_RATIO":0.90862602907},{"SECUCODE":"01270.HK","SECURITY_CODE":"01270","SECURITY_NAME_ABBR":"朗廷-SS","ORG_CODE":"10321431","STD_REPORT_DATE":"2020-12-31 00:00:00","REPORT_DATE":"2020-12-31 00:00:00","DATE_TYPE_CODE":"001","REPORT_TYPE":"2020年年报","PER_NETCASH_OPERATE":0.003246866203,"PER_OI":0.054346517275,"BPS":1.992748235718,"BASIC_EPS":-0.9426368,"DILUTED_EPS":-0.9426368,"OPERATE_INCOME":175276579.84,"OPERATE_INCOME_YOY":-56.9614968908,"GROSS_PROFIT":151400094.68,"GROSS_PROFIT_YOY":-62.298640164333,"HOLDER_PROFIT":-2384203683.48,"HOLDER_PROFIT_YOY":-7.5186993944,"GROSS_PROFIT_RATIO":86.377823448064,"EPS_TTM":-0.739249743397,"OPERATE_INCOME_QOQ":-34.913349128964,"NET_PROFIT_RATIO":-1360.2522856484,"ROE_AVG":-31.26824841286,"GROSS_PROFIT_QOQ":-36.796582089273,"ROA":-17.330475842987,"HOLDER_PROFIT_QOQ":43.952420372805,"ROE_YEARLY":-31.26824841286,"ROIC_YEARLY":-17.487391845721,"TOTAL_ASSETS":12691576027.92,"TOTAL_LIABILITIES":5849382008.84,"TAX_EBT":-0.216826960835,"OCF_SALES":5.974377688998,"TOTAL_PARENT_EQUITY":6842194019.08,"DEBT_ASSET_RATIO":46.0886969118,"OPERATE_PROFIT":-2232088194.8,"PRETAX_PROFIT":-2379045271.92,"NETCASH_OPERATE":10471684.88,"NETCASH_INVEST":-67156138.88,"NETCASH_FINANCE":176097178.84,"END_CASH":183151805.32,"DIVI_RATIO":null,"DIVIDEND_RATE":null,"CURRENT_RATIO":0.536459913374,"COMMON_ACS":5000000000,"CURRENTDEBT_DEBT":7.351545277606,"ISSUED_COMMON_SHARES":3433546645,"HK_COMMON_SHARES":3433546645,"PER_SHARES":2000,"TOTAL_MARKET_CAP":1630934656.375,"HKSK_MARKET_CAP":1630934656.375,"PE_TTM":7.038263867252,"PB_TTM":0.171633773405,"REPORT_DATE_SQ":"2019-12-31 00:00:00","REPORT_TYPE_SQ":"2019年年报","OPERATE_INCOME_SQ":433452713.74,"DPS_HKD":null,"OPERATE_INCOME_QOQ_SQ":-22.498556555962,"NET_PROFIT_RATIO_SQ":-544.4934002641,"HOLDER_PROFIT_SQ":-2360121419.58,"HOLDER_PROFIT_QOQ_SQ":-1063.64501416445,"ROE_AVG_SQ":-22.962042282419,"PE_TTM_SQ":4.599768919077,"PB_TTM_SQ":0.232349405588,"ROA_SQ":-13.874841155797,"START_DATE":"2020-01-01 00:00:00","FISCAL_YEAR":"12-31","CURRENCY":"HKD","IS_CNY_CODE":0,"DPS_HKD_LY":0.034,"ORG_TYPE":"一般企业","PREMIUM_INCOME":null,"PREMIUM_INCOME_YOY":null,"NET_INTEREST_INCOME":null,"NET_INTEREST_INCOME_YOY":null,"FEE_COMMISSION_INCOME":null,"FEE_COMMISSION_INCOME_YOY":null,"ACCOUNTS_RECE_TDAYS":11.070086378738,"INVENTORY_TDAYS":null,"CURRENT_ASSETS_TDAYS":1.095761249316,"TOTAL_ASSETS_TDAYS":0.012740633503,"PREMIUM_EXPENSE":null,"LOAN_DEPOSIT":null,"LOAN_EQUITY":null,"LOAN_ASSETS":null,"DEPOSIT_EQUITY":null,"DEPOSIT_ASSETS":null,"EQUITY_MULTIPLIER":1.854898588454,"EQUITY_RATIO":0.854898588454}],"count":28},"success":true,"message":"ok","code":0}