{"version":"c769d22fbf00a7ac8be127ee6faa18a6","result":{"pages":1,"data":[{"SECUCODE":"01274.HK","SECURITY_CODE":"01274","SECURITY_NAME_ABBR":"知行汽车科技","ORG_CODE":"10000525184","STD_REPORT_DATE":"2024-06-30 00:00:00","REPORT_DATE":"2024-06-30 00:00:00","DATE_TYPE_CODE":"002","REPORT_TYPE":"2024年中报","PER_NETCASH_OPERATE":-1.797863247146,"PER_OI":2.81074556774,"BPS":4.236848202714,"BASIC_EPS":-0.44,"DILUTED_EPS":-0.44,"OPERATE_INCOME":636157000,"OPERATE_INCOME_YOY":17.1102626599,"GROSS_PROFIT":44852000,"GROSS_PROFIT_YOY":9.291162065352,"HOLDER_PROFIT":-98629000,"HOLDER_PROFIT_YOY":1.1218270041,"GROSS_PROFIT_RATIO":7.050460813919,"EPS_TTM":-0.857105591765,"OPERATE_INCOME_QOQ":7.641699697522,"NET_PROFIT_RATIO":-15.5038771875,"ROE_AVG":-9.179901554493,"GROSS_PROFIT_QOQ":3.152464180301,"ROA":-6.029115242972,"HOLDER_PROFIT_QOQ":0.573528507288,"ROE_YEARLY":-18.359803108987,"ROIC_YEARLY":-16.867486363329,"TOTAL_ASSETS":1599205000,"TOTAL_LIABILITIES":574110000,"TAX_EBT":-0.029411764706,"OCF_SALES":-63.963927143771,"TOTAL_PARENT_EQUITY":1025095000,"DEBT_ASSET_RATIO":35.8997126697,"OPERATE_PROFIT":-100063000,"PRETAX_PROFIT":-98600000,"NETCASH_OPERATE":-406911000,"NETCASH_INVEST":-168734000,"NETCASH_FINANCE":65374000,"END_CASH":212390000,"DIVI_RATIO":null,"DIVIDEND_RATE":null,"CURRENT_RATIO":2.714730303018,"COMMON_ACS":null,"CURRENTDEBT_DEBT":86.304366758984,"ISSUED_COMMON_SHARES":241947540,"HK_COMMON_SHARES":217287055,"PER_SHARES":100,"TOTAL_MARKET_CAP":5746254075,"HKSK_MARKET_CAP":5160567556.25,"PE_TTM":-26.705017319722,"PB_TTM":5.11610257505,"REPORT_DATE_SQ":"2023-06-30 00:00:00","REPORT_TYPE_SQ":"2023年中报","OPERATE_INCOME_SQ":543212000,"DPS_HKD":null,"OPERATE_INCOME_QOQ_SQ":-1.337307050691,"NET_PROFIT_RATIO_SQ":-18.3626282188,"HOLDER_PROFIT_SQ":-99748000,"HOLDER_PROFIT_QOQ_SQ":49.868915911592,"ROE_AVG_SQ":-15.610235511924,"PE_TTM_SQ":-98.577620715908,"PB_TTM_SQ":20.832569048362,"ROA_SQ":-9.502130758609,"START_DATE":"2024-01-01 00:00:00","FISCAL_YEAR":"12-31","CURRENCY":"HKD","IS_CNY_CODE":0,"DPS_HKD_LY":null,"ORG_TYPE":"一般企业","PREMIUM_INCOME":null,"PREMIUM_INCOME_YOY":null,"NET_INTEREST_INCOME":null,"NET_INTEREST_INCOME_YOY":null,"FEE_COMMISSION_INCOME":null,"FEE_COMMISSION_INCOME_YOY":null,"ACCOUNTS_RECE_TDAYS":2.119678994534,"INVENTORY_TDAYS":1.962580840023,"CURRENT_ASSETS_TDAYS":0.445883707743,"TOTAL_ASSETS_TDAYS":0.388877902607,"PREMIUM_EXPENSE":null,"LOAN_DEPOSIT":null,"LOAN_EQUITY":null,"LOAN_ASSETS":null,"DEPOSIT_EQUITY":null,"DEPOSIT_ASSETS":null,"EQUITY_MULTIPLIER":1.560055409498,"EQUITY_RATIO":0.560055409499},{"SECUCODE":"01274.HK","SECURITY_CODE":"01274","SECURITY_NAME_ABBR":"知行汽车科技","ORG_CODE":"10000525184","STD_REPORT_DATE":"2023-12-31 00:00:00","REPORT_DATE":"2023-12-31 00:00:00","DATE_TYPE_CODE":"001","REPORT_TYPE":"2023年年报","PER_NETCASH_OPERATE":-1.156672145679,"PER_OI":5.373945888121,"BPS":4.644428292183,"BASIC_EPS":-0.95,"DILUTED_EPS":-0.95,"OPERATE_INCOME":1216287000,"OPERATE_INCOME_YOY":-8.2658185268,"GROSS_PROFIT":120953000,"GROSS_PROFIT_YOY":9.387463485661,"HOLDER_PROFIT":-195108000,"HOLDER_PROFIT_YOY":43.0135289857,"GROSS_PROFIT_RATIO":9.944445677706,"EPS_TTM":-0.862049692498,"OPERATE_INCOME_QOQ":-19.447084387747,"NET_PROFIT_RATIO":-16.0412797309,"ROE_AVG":-21.797645481587,"GROSS_PROFIT_QOQ":-5.880476227531,"ROA":-13.345494951526,"HOLDER_PROFIT_QOQ":-37.698670355419,"ROE_YEARLY":-21.797645481587,"ROIC_YEARLY":-21.233298236163,"TOTAL_ASSETS":1672552000,"TOTAL_LIABILITIES":548844000,"TAX_EBT":null,"OCF_SALES":-21.523702876048,"TOTAL_PARENT_EQUITY":1123708000,"DEBT_ASSET_RATIO":32.8147645036,"OPERATE_PROFIT":-196871000,"PRETAX_PROFIT":-195108000,"NETCASH_OPERATE":-261790000,"NETCASH_INVEST":-118335000,"NETCASH_FINANCE":736483000,"END_CASH":720453000,"DIVI_RATIO":null,"DIVIDEND_RATE":null,"CURRENT_RATIO":2.957963187393,"COMMON_ACS":null,"CURRENTDEBT_DEBT":92.910553818571,"ISSUED_COMMON_SHARES":241947540,"HK_COMMON_SHARES":217287055,"PER_SHARES":100,"TOTAL_MARKET_CAP":5298651126,"HKSK_MARKET_CAP":4758586504.5,"PE_TTM":-24.624837023238,"PB_TTM":4.717585111309,"REPORT_DATE_SQ":"2022-12-31 00:00:00","REPORT_TYPE_SQ":"2022年年报","OPERATE_INCOME_SQ":1325882000,"DPS_HKD":null,"OPERATE_INCOME_QOQ_SQ":643.799436771421,"NET_PROFIT_RATIO_SQ":-25.8225090921,"HOLDER_PROFIT_SQ":-342376000,"HOLDER_PROFIT_QOQ_SQ":26.243701515945,"ROE_AVG_SQ":-633.249794234877,"PE_TTM_SQ":-94.460127958733,"PB_TTM_SQ":19.962412601624,"ROA_SQ":-38.732397951247,"START_DATE":"2023-01-01 00:00:00","FISCAL_YEAR":"12-31","CURRENCY":"HKD","IS_CNY_CODE":0,"DPS_HKD_LY":null,"ORG_TYPE":"一般企业","PREMIUM_INCOME":null,"PREMIUM_INCOME_YOY":null,"NET_INTEREST_INCOME":null,"NET_INTEREST_INCOME_YOY":null,"FEE_COMMISSION_INCOME":null,"FEE_COMMISSION_INCOME_YOY":null,"ACCOUNTS_RECE_TDAYS":4.784284031303,"INVENTORY_TDAYS":4.14906314691,"CURRENT_ASSETS_TDAYS":0.913174996922,"TOTAL_ASSETS_TDAYS":0.83194702514,"PREMIUM_EXPENSE":null,"LOAN_DEPOSIT":null,"LOAN_EQUITY":null,"LOAN_ASSETS":null,"DEPOSIT_EQUITY":null,"DEPOSIT_ASSETS":null,"EQUITY_MULTIPLIER":1.488422259164,"EQUITY_RATIO":0.488422259163},{"SECUCODE":"01274.HK","SECURITY_CODE":"01274","SECURITY_NAME_ABBR":"知行汽车科技","ORG_CODE":"10000525184","STD_REPORT_DATE":"2023-06-30 00:00:00","REPORT_DATE":"2023-06-30 00:00:00","DATE_TYPE_CODE":"002","REPORT_TYPE":"2023年中报","PER_NETCASH_OPERATE":-0.396064912298,"PER_OI":2.660013515234,"BPS":2.527469384479,"BASIC_EPS":-0.49,"DILUTED_EPS":-0.49,"OPERATE_INCOME":543212000,"OPERATE_INCOME_YOY":51.2404954743,"GROSS_PROFIT":41039000,"GROSS_PROFIT_YOY":77.642628343866,"HOLDER_PROFIT":-99748000,"HOLDER_PROFIT_YOY":66.79847686,"GROSS_PROFIT_RATIO":7.55487728548,"EPS_TTM":-0.693840774873,"OPERATE_INCOME_QOQ":-1.337307050691,"NET_PROFIT_RATIO":-18.3626282188,"ROE_AVG":-15.610235511924,"GROSS_PROFIT_QOQ":5.984132482227,"ROA":-9.502130758609,"HOLDER_PROFIT_QOQ":49.868915911592,"ROE_YEARLY":-31.220471023849,"ROIC_YEARLY":-25.140401561383,"TOTAL_ASSETS":848086000,"TOTAL_LIABILITIES":236571000,"TAX_EBT":null,"OCF_SALES":-14.889582704359,"TOTAL_PARENT_EQUITY":611515000,"DEBT_ASSET_RATIO":27.8946946418,"OPERATE_PROFIT":-101549000,"PRETAX_PROFIT":-99748000,"NETCASH_OPERATE":-80882000,"NETCASH_INVEST":-80170000,"NETCASH_FINANCE":-58566000,"END_CASH":146687000,"DIVI_RATIO":null,"DIVIDEND_RATE":null,"CURRENT_RATIO":3.391081668884,"COMMON_ACS":null,"CURRENTDEBT_DEBT":93.098055129327,"ISSUED_COMMON_SHARES":241947540,"HK_COMMON_SHARES":217287055,"PER_SHARES":100,"TOTAL_MARKET_CAP":5298651126,"HKSK_MARKET_CAP":4758586504.5,"PE_TTM":-24.624837023238,"PB_TTM":4.717585111309,"REPORT_DATE_SQ":"2022-06-30 00:00:00","REPORT_TYPE_SQ":"2022年中报","OPERATE_INCOME_SQ":359171000,"DPS_HKD":null,"OPERATE_INCOME_QOQ_SQ":0,"NET_PROFIT_RATIO_SQ":-83.6459513714,"HOLDER_PROFIT_SQ":-300432000,"HOLDER_PROFIT_QOQ_SQ":0,"ROE_AVG_SQ":null,"PE_TTM_SQ":-94.460127958733,"PB_TTM_SQ":19.962412601624,"ROA_SQ":null,"START_DATE":"2023-01-01 00:00:00","FISCAL_YEAR":"12-31","CURRENCY":"HKD","IS_CNY_CODE":0,"DPS_HKD_LY":null,"ORG_TYPE":"一般企业","PREMIUM_INCOME":null,"PREMIUM_INCOME_YOY":null,"NET_INTEREST_INCOME":null,"NET_INTEREST_INCOME_YOY":null,"FEE_COMMISSION_INCOME":null,"FEE_COMMISSION_INCOME_YOY":null,"ACCOUNTS_RECE_TDAYS":2.610040168361,"INVENTORY_TDAYS":2.313868058195,"CURRENT_ASSETS_TDAYS":0.571092747955,"TOTAL_ASSETS_TDAYS":0.51747117272,"PREMIUM_EXPENSE":null,"LOAN_DEPOSIT":null,"LOAN_EQUITY":null,"LOAN_ASSETS":null,"DEPOSIT_EQUITY":null,"DEPOSIT_ASSETS":null,"EQUITY_MULTIPLIER":1.386860502195,"EQUITY_RATIO":0.386860502195},{"SECUCODE":"01274.HK","SECURITY_CODE":"01274","SECURITY_NAME_ABBR":"知行汽车科技","ORG_CODE":"10000525184","STD_REPORT_DATE":"2023-03-31 00:00:00","REPORT_DATE":"2023-03-31 00:00:00","DATE_TYPE_CODE":"003","REPORT_TYPE":"2023年一季报","PER_NETCASH_OPERATE":0.520708668358,"PER_OI":1.764404007561,"BPS":2.669570436633,"BASIC_EPS":-0.2,"DILUTED_EPS":-0.2,"OPERATE_INCOME":360316000,"OPERATE_INCOME_YOY":131.2549339255,"GROSS_PROFIT":23041000,"GROSS_PROFIT_YOY":86.415857605178,"HOLDER_PROFIT":-40628000,"HOLDER_PROFIT_YOY":59.5181395163,"GROSS_PROFIT_RATIO":6.394664683223,"EPS_TTM":-1.384053003222,"OPERATE_INCOME_QOQ":15.424223271754,"NET_PROFIT_RATIO":-11.2756580335,"ROE_AVG":-6.19157961631,"GROSS_PROFIT_QOQ":9.659681839147,"ROA":-3.465095314002,"HOLDER_PROFIT_QOQ":17.446608407131,"ROE_YEARLY":-24.766318465242,"ROIC_YEARLY":-19.152530687454,"TOTAL_ASSETS":1093585000,"TOTAL_LIABILITIES":447689000,"TAX_EBT":null,"OCF_SALES":29.511872911555,"TOTAL_PARENT_EQUITY":645896000,"DEBT_ASSET_RATIO":40.937741465,"OPERATE_PROFIT":-40956000,"PRETAX_PROFIT":-40628000,"NETCASH_OPERATE":106336000,"NETCASH_INVEST":-136540000,"NETCASH_FINANCE":-52830000,"END_CASH":282212000,"DIVI_RATIO":null,"DIVIDEND_RATE":null,"CURRENT_RATIO":2.32890760535,"COMMON_ACS":null,"CURRENTDEBT_DEBT":95.793285070663,"ISSUED_COMMON_SHARES":241947540,"HK_COMMON_SHARES":217287055,"PER_SHARES":100,"TOTAL_MARKET_CAP":5298651126,"HKSK_MARKET_CAP":4758586504.5,"PE_TTM":-24.624837023238,"PB_TTM":4.717585111309,"REPORT_DATE_SQ":"2022-03-31 00:00:00","REPORT_TYPE_SQ":"2022年一季报","OPERATE_INCOME_SQ":155809000,"DPS_HKD":null,"OPERATE_INCOME_QOQ_SQ":0,"NET_PROFIT_RATIO_SQ":-64.4128387962,"HOLDER_PROFIT_SQ":-100361000,"HOLDER_PROFIT_QOQ_SQ":0,"ROE_AVG_SQ":null,"PE_TTM_SQ":-94.460127958733,"PB_TTM_SQ":19.962412601624,"ROA_SQ":null,"START_DATE":"2023-01-01 00:00:00","FISCAL_YEAR":"12-31","CURRENCY":"HKD","IS_CNY_CODE":0,"DPS_HKD_LY":null,"ORG_TYPE":"一般企业","PREMIUM_INCOME":null,"PREMIUM_INCOME_YOY":null,"NET_INTEREST_INCOME":null,"NET_INTEREST_INCOME_YOY":null,"FEE_COMMISSION_INCOME":null,"FEE_COMMISSION_INCOME_YOY":null,"ACCOUNTS_RECE_TDAYS":1.680884116047,"INVENTORY_TDAYS":1.417866526537,"CURRENT_ASSETS_TDAYS":0.334514247093,"TOTAL_ASSETS_TDAYS":0.307307591602,"PREMIUM_EXPENSE":null,"LOAN_DEPOSIT":null,"LOAN_EQUITY":null,"LOAN_ASSETS":null,"DEPOSIT_EQUITY":null,"DEPOSIT_ASSETS":null,"EQUITY_MULTIPLIER":1.693128615133,"EQUITY_RATIO":0.693128615133},{"SECUCODE":"01274.HK","SECURITY_CODE":"01274","SECURITY_NAME_ABBR":"知行汽车科技","ORG_CODE":"10000525184","STD_REPORT_DATE":"2022-12-31 00:00:00","REPORT_DATE":"2022-12-31 00:00:00","DATE_TYPE_CODE":"001","REPORT_TYPE":"2022年年报","PER_NETCASH_OPERATE":-6.421212417981,"PER_OI":129.848398785623,"BPS":2.754592999788,"BASIC_EPS":-1.77,"DILUTED_EPS":-1.77,"OPERATE_INCOME":1325882000,"OPERATE_INCOME_YOY":643.7994367714,"GROSS_PROFIT":110573000,"GROSS_PROFIT_YOY":200.608976973058,"HOLDER_PROFIT":-342376000,"HOLDER_PROFIT_YOY":26.2437015159,"GROSS_PROFIT_RATIO":8.339580747005,"EPS_TTM":-33.530114582313,"OPERATE_INCOME_QOQ":643.799436771421,"NET_PROFIT_RATIO":-25.8225090921,"ROE_AVG":-633.249794234877,"GROSS_PROFIT_QOQ":200.608976973058,"ROA":-38.732397951247,"HOLDER_PROFIT_QOQ":26.243701515945,"ROE_YEARLY":-633.249794234877,"ROIC_YEARLY":-49.977593170807,"TOTAL_ASSETS":1251401000,"TOTAL_LIABILITIES":584934000,"TAX_EBT":null,"OCF_SALES":-4.94516103243,"TOTAL_PARENT_EQUITY":666467000,"DEBT_ASSET_RATIO":46.7423311952,"OPERATE_PROFIT":-62307000,"PRETAX_PROFIT":-342376000,"NETCASH_OPERATE":-65567000,"NETCASH_INVEST":41439000,"NETCASH_FINANCE":355909000,"END_CASH":365745000,"DIVI_RATIO":null,"DIVIDEND_RATE":null,"CURRENT_RATIO":2.0185204595,"COMMON_ACS":null,"CURRENTDEBT_DEBT":97.865400198997,"ISSUED_COMMON_SHARES":241947540,"HK_COMMON_SHARES":217287055,"PER_SHARES":100,"TOTAL_MARKET_CAP":5298651126,"HKSK_MARKET_CAP":4758586504.5,"PE_TTM":-24.624837023238,"PB_TTM":4.717585111309,"REPORT_DATE_SQ":"2021-12-31 00:00:00","REPORT_TYPE_SQ":"2021年年报","OPERATE_INCOME_SQ":178258000,"DPS_HKD":null,"OPERATE_INCOME_QOQ_SQ":274.059385164201,"NET_PROFIT_RATIO_SQ":-260.408509015,"HOLDER_PROFIT_SQ":-464199000,"HOLDER_PROFIT_QOQ_SQ":-762.3906218069,"ROE_AVG_SQ":137.603436239701,"PE_TTM_SQ":-94.460127958733,"PB_TTM_SQ":19.962412601624,"ROA_SQ":-148.847805836886,"START_DATE":"2022-01-01 00:00:00","FISCAL_YEAR":"12-31","CURRENCY":"HKD","IS_CNY_CODE":0,"DPS_HKD_LY":null,"ORG_TYPE":"一般企业","PREMIUM_INCOME":null,"PREMIUM_INCOME_YOY":null,"NET_INTEREST_INCOME":null,"NET_INTEREST_INCOME_YOY":null,"FEE_COMMISSION_INCOME":null,"FEE_COMMISSION_INCOME_YOY":null,"ACCOUNTS_RECE_TDAYS":6.618704245882,"INVENTORY_TDAYS":7.619969904069,"CURRENT_ASSETS_TDAYS":1.655559322309,"TOTAL_ASSETS_TDAYS":1.499947112543,"PREMIUM_EXPENSE":null,"LOAN_DEPOSIT":null,"LOAN_EQUITY":null,"LOAN_ASSETS":null,"DEPOSIT_EQUITY":null,"DEPOSIT_ASSETS":null,"EQUITY_MULTIPLIER":1.877663860326,"EQUITY_RATIO":0.877663860326},{"SECUCODE":"01274.HK","SECURITY_CODE":"01274","SECURITY_NAME_ABBR":"知行汽车科技","ORG_CODE":"10000525184","STD_REPORT_DATE":"2022-06-30 00:00:00","REPORT_DATE":"2022-06-30 00:00:00","DATE_TYPE_CODE":"002","REPORT_TYPE":"2022年中报","PER_NETCASH_OPERATE":null,"PER_OI":null,"BPS":null,"BASIC_EPS":-1.61,"DILUTED_EPS":-1.61,"OPERATE_INCOME":359171000,"OPERATE_INCOME_YOY":null,"GROSS_PROFIT":23102000,"GROSS_PROFIT_YOY":null,"HOLDER_PROFIT":-300432000,"HOLDER_PROFIT_YOY":null,"GROSS_PROFIT_RATIO":6.432033766646,"EPS_TTM":-51.083856058105,"OPERATE_INCOME_QOQ":0,"NET_PROFIT_RATIO":-83.6459513714,"ROE_AVG":null,"GROSS_PROFIT_QOQ":0,"ROA":null,"HOLDER_PROFIT_QOQ":0,"ROE_YEARLY":null,"ROIC_YEARLY":null,"TOTAL_ASSETS":null,"TOTAL_LIABILITIES":null,"TAX_EBT":null,"OCF_SALES":-7.816332610372,"TOTAL_PARENT_EQUITY":null,"DEBT_ASSET_RATIO":null,"OPERATE_PROFIT":-55192000,"PRETAX_PROFIT":-300432000,"NETCASH_OPERATE":-28074000,"NETCASH_INVEST":-14039000,"NETCASH_FINANCE":77094000,"END_CASH":67655000,"DIVI_RATIO":null,"DIVIDEND_RATE":null,"CURRENT_RATIO":null,"COMMON_ACS":null,"CURRENTDEBT_DEBT":null,"ISSUED_COMMON_SHARES":241947540,"HK_COMMON_SHARES":217287055,"PER_SHARES":100,"TOTAL_MARKET_CAP":5298651126,"HKSK_MARKET_CAP":4758586504.5,"PE_TTM":-24.624837023238,"PB_TTM":4.717585111309,"REPORT_DATE_SQ":"2021-06-30 00:00:00","REPORT_TYPE_SQ":"2021年中报","OPERATE_INCOME_SQ":null,"DPS_HKD":null,"OPERATE_INCOME_QOQ_SQ":0,"NET_PROFIT_RATIO_SQ":null,"HOLDER_PROFIT_SQ":null,"HOLDER_PROFIT_QOQ_SQ":0,"ROE_AVG_SQ":null,"PE_TTM_SQ":-94.460127958733,"PB_TTM_SQ":19.962412601624,"ROA_SQ":null,"START_DATE":"2022-01-01 00:00:00","FISCAL_YEAR":"12-31","CURRENCY":"HKD","IS_CNY_CODE":0,"DPS_HKD_LY":null,"ORG_TYPE":"一般企业","PREMIUM_INCOME":null,"PREMIUM_INCOME_YOY":null,"NET_INTEREST_INCOME":null,"NET_INTEREST_INCOME_YOY":null,"FEE_COMMISSION_INCOME":null,"FEE_COMMISSION_INCOME_YOY":null,"ACCOUNTS_RECE_TDAYS":null,"INVENTORY_TDAYS":null,"CURRENT_ASSETS_TDAYS":1.609784082378,"TOTAL_ASSETS_TDAYS":1.390777225346,"PREMIUM_EXPENSE":null,"LOAN_DEPOSIT":null,"LOAN_EQUITY":null,"LOAN_ASSETS":null,"DEPOSIT_EQUITY":null,"DEPOSIT_ASSETS":null,"EQUITY_MULTIPLIER":null,"EQUITY_RATIO":null},{"SECUCODE":"01274.HK","SECURITY_CODE":"01274","SECURITY_NAME_ABBR":"知行汽车科技","ORG_CODE":"10000525184","STD_REPORT_DATE":"2022-03-31 00:00:00","REPORT_DATE":"2022-03-31 00:00:00","DATE_TYPE_CODE":"003","REPORT_TYPE":"2022年一季报","PER_NETCASH_OPERATE":null,"PER_OI":null,"BPS":null,"BASIC_EPS":-0.55,"DILUTED_EPS":-0.55,"OPERATE_INCOME":155809000,"OPERATE_INCOME_YOY":null,"GROSS_PROFIT":12360000,"GROSS_PROFIT_YOY":null,"HOLDER_PROFIT":-100361000,"HOLDER_PROFIT_YOY":null,"GROSS_PROFIT_RATIO":7.932789505099,"EPS_TTM":-51.083856058105,"OPERATE_INCOME_QOQ":0,"NET_PROFIT_RATIO":-64.4128387962,"ROE_AVG":null,"GROSS_PROFIT_QOQ":0,"ROA":null,"HOLDER_PROFIT_QOQ":0,"ROE_YEARLY":null,"ROIC_YEARLY":null,"TOTAL_ASSETS":null,"TOTAL_LIABILITIES":null,"TAX_EBT":null,"OCF_SALES":51.237733378688,"TOTAL_PARENT_EQUITY":null,"DEBT_ASSET_RATIO":null,"OPERATE_PROFIT":-20753000,"PRETAX_PROFIT":-100361000,"NETCASH_OPERATE":79833000,"NETCASH_INVEST":-57388000,"NETCASH_FINANCE":95478000,"END_CASH":149908000,"DIVI_RATIO":null,"DIVIDEND_RATE":null,"CURRENT_RATIO":null,"COMMON_ACS":null,"CURRENTDEBT_DEBT":null,"ISSUED_COMMON_SHARES":241947540,"HK_COMMON_SHARES":217287055,"PER_SHARES":100,"TOTAL_MARKET_CAP":5298651126,"HKSK_MARKET_CAP":4758586504.5,"PE_TTM":-24.624837023238,"PB_TTM":4.717585111309,"REPORT_DATE_SQ":"2021-03-31 00:00:00","REPORT_TYPE_SQ":"2021年一季报","OPERATE_INCOME_SQ":null,"DPS_HKD":null,"OPERATE_INCOME_QOQ_SQ":0,"NET_PROFIT_RATIO_SQ":null,"HOLDER_PROFIT_SQ":null,"HOLDER_PROFIT_QOQ_SQ":0,"ROE_AVG_SQ":null,"PE_TTM_SQ":-94.460127958733,"PB_TTM_SQ":19.962412601624,"ROA_SQ":null,"START_DATE":"2022-01-01 00:00:00","FISCAL_YEAR":"12-31","CURRENCY":"HKD","IS_CNY_CODE":0,"DPS_HKD_LY":null,"ORG_TYPE":"一般企业","PREMIUM_INCOME":null,"PREMIUM_INCOME_YOY":null,"NET_INTEREST_INCOME":null,"NET_INTEREST_INCOME_YOY":null,"FEE_COMMISSION_INCOME":null,"FEE_COMMISSION_INCOME_YOY":null,"ACCOUNTS_RECE_TDAYS":null,"INVENTORY_TDAYS":null,"CURRENT_ASSETS_TDAYS":0.698327114637,"TOTAL_ASSETS_TDAYS":0.603321561885,"PREMIUM_EXPENSE":null,"LOAN_DEPOSIT":null,"LOAN_EQUITY":null,"LOAN_ASSETS":null,"DEPOSIT_EQUITY":null,"DEPOSIT_ASSETS":null,"EQUITY_MULTIPLIER":null,"EQUITY_RATIO":null},{"SECUCODE":"01274.HK","SECURITY_CODE":"01274","SECURITY_NAME_ABBR":"知行汽车科技","ORG_CODE":"10000525184","STD_REPORT_DATE":"2021-12-31 00:00:00","REPORT_DATE":"2021-12-31 00:00:00","DATE_TYPE_CODE":"001","REPORT_TYPE":"2021年年报","PER_NETCASH_OPERATE":-6.922416639155,"PER_OI":19.616815230549,"BPS":-2.307665537744,"BASIC_EPS":-2.8,"DILUTED_EPS":-2.8,"OPERATE_INCOME":178258000,"OPERATE_INCOME_YOY":274.0593851642,"GROSS_PROFIT":36783000,"GROSS_PROFIT_YOY":283.315964985411,"HOLDER_PROFIT":-464199000,"HOLDER_PROFIT_YOY":-762.3906218069,"GROSS_PROFIT_RATIO":20.634698021968,"EPS_TTM":-51.083856058105,"OPERATE_INCOME_QOQ":274.059385164201,"NET_PROFIT_RATIO":-260.408509015,"ROE_AVG":137.603436239701,"GROSS_PROFIT_QOQ":283.315964985411,"ROA":-148.847805836886,"HOLDER_PROFIT_QOQ":-762.3906218069,"ROE_YEARLY":137.603436239701,"ROIC_YEARLY":-161.525412818019,"TOTAL_ASSETS":516504000,"TOTAL_LIABILITIES":1074838000,"TAX_EBT":null,"OCF_SALES":-35.288177809692,"TOTAL_PARENT_EQUITY":-558334000,"DEBT_ASSET_RATIO":208.0986788098,"OPERATE_PROFIT":-50386000,"PRETAX_PROFIT":-464199000,"NETCASH_OPERATE":-62904000,"NETCASH_INVEST":-256339000,"NETCASH_FINANCE":334601000,"END_CASH":32042000,"DIVI_RATIO":null,"DIVIDEND_RATE":null,"CURRENT_RATIO":2.849193579282,"COMMON_ACS":null,"CURRENTDEBT_DEBT":14.571312141923,"ISSUED_COMMON_SHARES":241947540,"HK_COMMON_SHARES":217287055,"PER_SHARES":100,"TOTAL_MARKET_CAP":5298651126,"HKSK_MARKET_CAP":4758586504.5,"PE_TTM":-24.624837023238,"PB_TTM":4.717585111309,"REPORT_DATE_SQ":"2020-12-31 00:00:00","REPORT_TYPE_SQ":"2020年年报","OPERATE_INCOME_SQ":47655000,"DPS_HKD":null,"OPERATE_INCOME_QOQ_SQ":null,"NET_PROFIT_RATIO_SQ":-112.9514216766,"HOLDER_PROFIT_SQ":-53827000,"HOLDER_PROFIT_QOQ_SQ":null,"ROE_AVG_SQ":46.260216402967,"PE_TTM_SQ":-94.460127958733,"PB_TTM_SQ":19.962412601624,"ROA_SQ":-50.202855837118,"START_DATE":"2021-01-01 00:00:00","FISCAL_YEAR":"12-31","CURRENCY":"HKD","IS_CNY_CODE":0,"DPS_HKD_LY":null,"ORG_TYPE":"一般企业","PREMIUM_INCOME":null,"PREMIUM_INCOME_YOY":null,"NET_INTEREST_INCOME":null,"NET_INTEREST_INCOME_YOY":null,"FEE_COMMISSION_INCOME":null,"FEE_COMMISSION_INCOME_YOY":null,"ACCOUNTS_RECE_TDAYS":2.817484214103,"INVENTORY_TDAYS":5.008851124093,"CURRENT_ASSETS_TDAYS":0.685851697238,"TOTAL_ASSETS_TDAYS":0.571593479798,"PREMIUM_EXPENSE":null,"LOAN_DEPOSIT":null,"LOAN_EQUITY":null,"LOAN_ASSETS":null,"DEPOSIT_EQUITY":null,"DEPOSIT_ASSETS":null,"EQUITY_MULTIPLIER":-0.925080686471,"EQUITY_RATIO":-1.925080686471},{"SECUCODE":"01274.HK","SECURITY_CODE":"01274","SECURITY_NAME_ABBR":"知行汽车科技","ORG_CODE":"10000525184","STD_REPORT_DATE":"2020-12-31 00:00:00","REPORT_DATE":"2020-12-31 00:00:00","DATE_TYPE_CODE":"001","REPORT_TYPE":"2020年年报","PER_NETCASH_OPERATE":-3.149028933809,"PER_OI":6.296076099881,"BPS":-0.480918301546,"BASIC_EPS":-0.37,"DILUTED_EPS":-0.37,"OPERATE_INCOME":47655000,"OPERATE_INCOME_YOY":null,"GROSS_PROFIT":9596000,"GROSS_PROFIT_YOY":null,"HOLDER_PROFIT":-53827000,"HOLDER_PROFIT_YOY":null,"GROSS_PROFIT_RATIO":20.13639702025,"EPS_TTM":-7.111507464658,"OPERATE_INCOME_QOQ":null,"NET_PROFIT_RATIO":-112.9514216766,"ROE_AVG":46.260216402967,"GROSS_PROFIT_QOQ":null,"ROA":-50.202855837118,"HOLDER_PROFIT_QOQ":null,"ROE_YEARLY":46.260216402967,"ROIC_YEARLY":-59.604460340837,"TOTAL_ASSETS":107219000,"TOTAL_LIABILITIES":223576000,"TAX_EBT":null,"OCF_SALES":-50.015738117721,"TOTAL_PARENT_EQUITY":-116357000,"DEBT_ASSET_RATIO":208.5227431705,"OPERATE_PROFIT":-42943000,"PRETAX_PROFIT":-53827000,"NETCASH_OPERATE":-23835000,"NETCASH_INVEST":-33138000,"NETCASH_FINANCE":70828000,"END_CASH":16912000,"DIVI_RATIO":null,"DIVIDEND_RATE":null,"CURRENT_RATIO":1.311703360371,"COMMON_ACS":null,"CURRENTDEBT_DEBT":25.089902315096,"ISSUED_COMMON_SHARES":241947540,"HK_COMMON_SHARES":217287055,"PER_SHARES":100,"TOTAL_MARKET_CAP":5298651126,"HKSK_MARKET_CAP":4758586504.5,"PE_TTM":-24.624837023238,"PB_TTM":4.717585111309,"REPORT_DATE_SQ":"2019-12-31 00:00:00","REPORT_TYPE_SQ":"2019年年报","OPERATE_INCOME_SQ":null,"DPS_HKD":null,"OPERATE_INCOME_QOQ_SQ":null,"NET_PROFIT_RATIO_SQ":null,"HOLDER_PROFIT_SQ":null,"HOLDER_PROFIT_QOQ_SQ":null,"ROE_AVG_SQ":null,"PE_TTM_SQ":-94.460127958733,"PB_TTM_SQ":19.962412601624,"ROA_SQ":null,"START_DATE":"2020-01-01 00:00:00","FISCAL_YEAR":"12-31","CURRENCY":"HKD","IS_CNY_CODE":0,"DPS_HKD_LY":null,"ORG_TYPE":"一般企业","PREMIUM_INCOME":null,"PREMIUM_INCOME_YOY":null,"NET_INTEREST_INCOME":null,"NET_INTEREST_INCOME_YOY":null,"FEE_COMMISSION_INCOME":null,"FEE_COMMISSION_INCOME_YOY":null,"ACCOUNTS_RECE_TDAYS":3.125327911857,"INVENTORY_TDAYS":4.012969211303,"CURRENT_ASSETS_TDAYS":1.295324816526,"TOTAL_ASSETS_TDAYS":0.888928268311,"PREMIUM_EXPENSE":null,"LOAN_DEPOSIT":null,"LOAN_EQUITY":null,"LOAN_ASSETS":null,"DEPOSIT_EQUITY":null,"DEPOSIT_ASSETS":null,"EQUITY_MULTIPLIER":-0.921465833598,"EQUITY_RATIO":-1.921465833598}],"count":9},"success":true,"message":"ok","code":0}