{"version":"a612d30b2fa2fdb4bef0569dbf7f03a9","result":{"pages":6,"data":[{"SECUCODE":"01278.HK","SECURITY_CODE":"01278","SECURITY_NAME_ABBR":"中国新城镇","ORG_CODE":"10180788","STD_REPORT_DATE":"2024-06-30 00:00:00","REPORT_DATE":"2024-06-30 00:00:00","DATE_TYPE_CODE":"002","REPORT_TYPE":"2024年中报","PER_NETCASH_OPERATE":-0.002995502967,"PER_OI":0.02168750317,"BPS":0.433025940268,"BASIC_EPS":0.0053,"DILUTED_EPS":0.0053,"OPERATE_INCOME":210938000,"OPERATE_INCOME_YOY":-1.3040121652,"GROSS_PROFIT":194033000,"GROSS_PROFIT_YOY":0.010824072738,"HOLDER_PROFIT":51649000,"HOLDER_PROFIT_YOY":-1.2598455303,"GROSS_PROFIT_RATIO":91.985796774408,"EPS_TTM":0.014414502161,"OPERATE_INCOME_QOQ":-0.652099141531,"NET_PROFIT_RATIO":28.2959921873,"ROE_AVG":1.229560687196,"GROSS_PROFIT_QOQ":0.005399179325,"ROA":0.654277423052,"HOLDER_PROFIT_QOQ":-0.467847051641,"ROE_YEARLY":2.459121374392,"ROIC_YEARLY":1.728892665487,"TOTAL_ASSETS":7908739000,"TOTAL_LIABILITIES":3208355000,"TAX_EBT":28.314236986861,"OCF_SALES":-13.812115408319,"TOTAL_PARENT_EQUITY":4211717000,"DEBT_ASSET_RATIO":40.5672130538,"OPERATE_PROFIT":90413000,"PRETAX_PROFIT":83262000,"NETCASH_OPERATE":-29135000,"NETCASH_INVEST":46229000,"NETCASH_FINANCE":-56602000,"END_CASH":1414834000,"DIVI_RATIO":0.213753341288,"DIVIDEND_RATE":5.396825396825,"CURRENT_RATIO":4.899407254116,"COMMON_ACS":20000000000,"CURRENTDEBT_DEBT":29.189070411473,"ISSUED_COMMON_SHARES":9726246417,"HK_COMMON_SHARES":9726246417,"PER_SHARES":2500,"TOTAL_MARKET_CAP":612753524.271,"HKSK_MARKET_CAP":612753524.271,"PE_TTM":3.94584755812,"PB_TTM":0.132783823446,"REPORT_DATE_SQ":"2023-06-30 00:00:00","REPORT_TYPE_SQ":"2023年中报","OPERATE_INCOME_SQ":213725000,"DPS_HKD":0.0034,"OPERATE_INCOME_QOQ_SQ":1.49703698591,"NET_PROFIT_RATIO_SQ":27.3879985963,"HOLDER_PROFIT_SQ":52308000,"HOLDER_PROFIT_QOQ_SQ":-897.446336047372,"ROE_AVG_SQ":1.277378546106,"PE_TTM_SQ":-18.954959955363,"PB_TTM_SQ":0.126111847108,"ROA_SQ":0.710121732633,"START_DATE":"2024-01-01 00:00:00","FISCAL_YEAR":"12-31","CURRENCY":"HKD","IS_CNY_CODE":0,"DPS_HKD_LY":0.0034,"ORG_TYPE":"一般企业","PREMIUM_INCOME":null,"PREMIUM_INCOME_YOY":null,"NET_INTEREST_INCOME":null,"NET_INTEREST_INCOME_YOY":null,"FEE_COMMISSION_INCOME":null,"FEE_COMMISSION_INCOME_YOY":null,"ACCOUNTS_RECE_TDAYS":4.86088259016,"INVENTORY_TDAYS":0.021652562508,"CURRENT_ASSETS_TDAYS":0.044953594681,"TOTAL_ASSETS_TDAYS":0.026721131302,"PREMIUM_EXPENSE":null,"LOAN_DEPOSIT":null,"LOAN_EQUITY":null,"LOAN_ASSETS":null,"DEPOSIT_EQUITY":null,"DEPOSIT_ASSETS":null,"EQUITY_MULTIPLIER":1.682572955741,"EQUITY_RATIO":0.761768893779},{"SECUCODE":"01278.HK","SECURITY_CODE":"01278","SECURITY_NAME_ABBR":"中国新城镇","ORG_CODE":"10180788","STD_REPORT_DATE":"2023-12-31 00:00:00","REPORT_DATE":"2023-12-31 00:00:00","DATE_TYPE_CODE":"001","REPORT_TYPE":"2023年年报","PER_NETCASH_OPERATE":-0.002060404306,"PER_OI":0.043941823153,"BPS":0.430741194535,"BASIC_EPS":0.0145,"DILUTED_EPS":0.0145,"OPERATE_INCOME":427389000,"OPERATE_INCOME_YOY":5.3543784573,"GROSS_PROFIT":388948000,"GROSS_PROFIT_YOY":7.325310912497,"HOLDER_PROFIT":140858000,"HOLDER_PROFIT_YOY":5082.4135393672,"GROSS_PROFIT_RATIO":91.005617832934,"EPS_TTM":0.014482256974,"OPERATE_INCOME_QOQ":3.800447368613,"NET_PROFIT_RATIO":35.3907096345,"ROE_AVG":3.412588015725,"GROSS_PROFIT_QOQ":5.556430033055,"ROA":1.947850492401,"HOLDER_PROFIT_QOQ":753.724416392073,"ROE_YEARLY":3.412588015725,"ROIC_YEARLY":2.438372277706,"TOTAL_ASSETS":7879365000,"TOTAL_LIABILITIES":3209241000,"TAX_EBT":24.779319982296,"OCF_SALES":-4.688936776567,"TOTAL_PARENT_EQUITY":4189495000,"DEBT_ASSET_RATIO":40.7296907809,"OPERATE_PROFIT":213434000,"PRETAX_PROFIT":201083000,"NETCASH_OPERATE":-20040000,"NETCASH_INVEST":-71582000,"NETCASH_FINANCE":1041633000,"END_CASH":1454360000,"DIVI_RATIO":0.212753302583,"DIVIDEND_RATE":5,"CURRENT_RATIO":4.618303330714,"COMMON_ACS":20000000000,"CURRENTDEBT_DEBT":32.362044483415,"ISSUED_COMMON_SHARES":9726246417,"HK_COMMON_SHARES":9726246417,"PER_SHARES":2500,"TOTAL_MARKET_CAP":661384756.356,"HKSK_MARKET_CAP":661384756.356,"PE_TTM":4.259010062732,"PB_TTM":0.143322222132,"REPORT_DATE_SQ":"2022-12-31 00:00:00","REPORT_TYPE_SQ":"2022年年报","OPERATE_INCOME_SQ":405668000,"DPS_HKD":0.0034,"OPERATE_INCOME_QOQ_SQ":32.333387701843,"NET_PROFIT_RATIO_SQ":1.8374631472,"HOLDER_PROFIT_SQ":2718000,"HOLDER_PROFIT_QOQ_SQ":-96.132264529058,"ROE_AVG_SQ":0.066586723169,"PE_TTM_SQ":-21.569437190586,"PB_TTM_SQ":0.143506584641,"ROA_SQ":0.040749267735,"START_DATE":"2023-01-01 00:00:00","FISCAL_YEAR":"12-31","CURRENCY":"HKD","IS_CNY_CODE":0,"DPS_HKD_LY":0.0022,"ORG_TYPE":"一般企业","PREMIUM_INCOME":null,"PREMIUM_INCOME_YOY":null,"NET_INTEREST_INCOME":null,"NET_INTEREST_INCOME_YOY":null,"FEE_COMMISSION_INCOME":null,"FEE_COMMISSION_INCOME_YOY":null,"ACCOUNTS_RECE_TDAYS":9.665170343401,"INVENTORY_TDAYS":0.049275405047,"CURRENT_ASSETS_TDAYS":0.099567276561,"TOTAL_ASSETS_TDAYS":0.059101355556,"PREMIUM_EXPENSE":null,"LOAN_DEPOSIT":null,"LOAN_EQUITY":null,"LOAN_ASSETS":null,"DEPOSIT_EQUITY":null,"DEPOSIT_ASSETS":null,"EQUITY_MULTIPLIER":1.687185393792,"EQUITY_RATIO":0.766020964341},{"SECUCODE":"01278.HK","SECURITY_CODE":"01278","SECURITY_NAME_ABBR":"中国新城镇","ORG_CODE":"10180788","STD_REPORT_DATE":"2023-06-30 00:00:00","REPORT_DATE":"2023-06-30 00:00:00","DATE_TYPE_CODE":"002","REPORT_TYPE":"2023年中报","PER_NETCASH_OPERATE":-0.002282792256,"PER_OI":0.021974047421,"BPS":0.424027093617,"BASIC_EPS":0.0054,"DILUTED_EPS":0.0054,"OPERATE_INCOME":213725000,"OPERATE_INCOME_YOY":2.924604627,"GROSS_PROFIT":194012000,"GROSS_PROFIT_YOY":-6.568682218327,"HOLDER_PROFIT":52308000,"HOLDER_PROFIT_YOY":-31.6744386536,"GROSS_PROFIT_RATIO":null,"EPS_TTM":-0.002215345887,"OPERATE_INCOME_QOQ":1.49703698591,"NET_PROFIT_RATIO":27.3879985963,"ROE_AVG":1.277378546106,"GROSS_PROFIT_QOQ":1.675768002848,"ROA":0.710121732633,"HOLDER_PROFIT_QOQ":-897.446336047372,"ROE_YEARLY":2.554757092213,"ROIC_YEARLY":1.814748264305,"TOTAL_ASSETS":8148570000,"TOTAL_LIABILITIES":3547920000,"TAX_EBT":17.812162143188,"OCF_SALES":-10.388583460054,"TOTAL_PARENT_EQUITY":4124192000,"DEBT_ASSET_RATIO":43.5404003402,"OPERATE_PROFIT":76510000,"PRETAX_PROFIT":71221000,"NETCASH_OPERATE":-22203000,"NETCASH_INVEST":-156361000,"NETCASH_FINANCE":1425869000,"END_CASH":1751648000,"DIVI_RATIO":-1.390820285666,"DIVIDEND_RATE":5,"CURRENT_RATIO":3.776313939428,"COMMON_ACS":20000000000,"CURRENTDEBT_DEBT":34.078389591648,"ISSUED_COMMON_SHARES":9726246417,"HK_COMMON_SHARES":9726246417,"PER_SHARES":2500,"TOTAL_MARKET_CAP":661384756.356,"HKSK_MARKET_CAP":661384756.356,"PE_TTM":4.259010062732,"PB_TTM":0.143322222132,"REPORT_DATE_SQ":"2022-06-30 00:00:00","REPORT_TYPE_SQ":"2022年中报","OPERATE_INCOME_SQ":207652000,"DPS_HKD":0.0034,"OPERATE_INCOME_QOQ_SQ":12.27374944147,"NET_PROFIT_RATIO_SQ":38.0218368658,"HOLDER_PROFIT_SQ":76557000,"HOLDER_PROFIT_QOQ_SQ":-35.662120221397,"ROE_AVG_SQ":1.853604952919,"PE_TTM_SQ":-21.569437190586,"PB_TTM_SQ":0.143506584641,"ROA_SQ":1.138909948108,"START_DATE":"2023-01-01 00:00:00","FISCAL_YEAR":"12-31","CURRENCY":"HKD","IS_CNY_CODE":0,"DPS_HKD_LY":0.0022,"ORG_TYPE":"一般企业","PREMIUM_INCOME":null,"PREMIUM_INCOME_YOY":null,"NET_INTEREST_INCOME":null,"NET_INTEREST_INCOME_YOY":null,"FEE_COMMISSION_INCOME":null,"FEE_COMMISSION_INCOME_YOY":null,"ACCOUNTS_RECE_TDAYS":4.792255258083,"INVENTORY_TDAYS":null,"CURRENT_ASSETS_TDAYS":0.051165188568,"TOTAL_ASSETS_TDAYS":0.029014828957,"PREMIUM_EXPENSE":null,"LOAN_DEPOSIT":null,"LOAN_EQUITY":null,"LOAN_ASSETS":null,"DEPOSIT_EQUITY":null,"DEPOSIT_ASSETS":null,"EQUITY_MULTIPLIER":1.77117798572,"EQUITY_RATIO":0.860270326891},{"SECUCODE":"01278.HK","SECURITY_CODE":"01278","SECURITY_NAME_ABBR":"中国新城镇","ORG_CODE":"10180788","STD_REPORT_DATE":"2022-12-31 00:00:00","REPORT_DATE":"2022-12-31 00:00:00","DATE_TYPE_CODE":"001","REPORT_TYPE":"2022年年报","PER_NETCASH_OPERATE":-0.003486956689,"PER_OI":0.041708587528,"BPS":0.418115254914,"BASIC_EPS":0.0003,"DILUTED_EPS":0.0003,"OPERATE_INCOME":405668000,"OPERATE_INCOME_YOY":10.3030105281,"GROSS_PROFIT":362401000,"GROSS_PROFIT_YOY":19.063201227425,"HOLDER_PROFIT":2718000,"HOLDER_PROFIT_YOY":-97.5115810026,"GROSS_PROFIT_RATIO":89.334381809756,"EPS_TTM":0.000277805012,"OPERATE_INCOME_QOQ":32.333387701843,"NET_PROFIT_RATIO":1.8374631472,"ROE_AVG":0.066586723169,"GROSS_PROFIT_QOQ":50.001034772495,"ROA":0.040749267735,"HOLDER_PROFIT_QOQ":-96.132264529058,"ROE_YEARLY":0.066586723169,"ROIC_YEARLY":0.047255842554,"TOTAL_ASSETS":6583552000,"TOTAL_LIABILITIES":2047615000,"TAX_EBT":86.775952414672,"OCF_SALES":-8.360284764882,"TOTAL_PARENT_EQUITY":4065706000,"DEBT_ASSET_RATIO":31.0870028823,"OPERATE_PROFIT":65780000,"PRETAX_PROFIT":56488000,"NETCASH_OPERATE":-33915000,"NETCASH_INVEST":226921000,"NETCASH_FINANCE":-75616000,"END_CASH":504252000,"DIVI_RATIO":11.091045409048,"DIVIDEND_RATE":5,"CURRENT_RATIO":2.902917575951,"COMMON_ACS":20000000000,"CURRENTDEBT_DEBT":57.367718052466,"ISSUED_COMMON_SHARES":9726246417,"HK_COMMON_SHARES":9726246417,"PER_SHARES":2500,"TOTAL_MARKET_CAP":661384756.356,"HKSK_MARKET_CAP":661384756.356,"PE_TTM":4.259010062732,"PB_TTM":0.143322222132,"REPORT_DATE_SQ":"2021-12-31 00:00:00","REPORT_TYPE_SQ":"2021年年报","OPERATE_INCOME_SQ":367776000,"DPS_HKD":0.0034,"OPERATE_INCOME_QOQ_SQ":-16.034811489021,"NET_PROFIT_RATIO_SQ":47.9603571664,"HOLDER_PROFIT_SQ":108583000,"HOLDER_PROFIT_QOQ_SQ":163.390584498984,"ROE_AVG_SQ":2.716843564376,"PE_TTM_SQ":-21.569437190586,"PB_TTM_SQ":0.143506584641,"ROA_SQ":1.541354186606,"START_DATE":"2022-01-01 00:00:00","FISCAL_YEAR":"12-31","CURRENCY":"HKD","IS_CNY_CODE":0,"DPS_HKD_LY":null,"ORG_TYPE":"一般企业","PREMIUM_INCOME":null,"PREMIUM_INCOME_YOY":null,"NET_INTEREST_INCOME":null,"NET_INTEREST_INCOME_YOY":null,"FEE_COMMISSION_INCOME":null,"FEE_COMMISSION_INCOME_YOY":null,"ACCOUNTS_RECE_TDAYS":7.809041647016,"INVENTORY_TDAYS":0.051906437168,"CURRENT_ASSETS_TDAYS":0.113669539078,"TOTAL_ASSETS_TDAYS":0.061179400235,"PREMIUM_EXPENSE":null,"LOAN_DEPOSIT":null,"LOAN_EQUITY":null,"LOAN_ASSETS":null,"DEPOSIT_EQUITY":null,"DEPOSIT_ASSETS":null,"EQUITY_MULTIPLIER":1.451105077163,"EQUITY_RATIO":0.503630857716},{"SECUCODE":"01278.HK","SECURITY_CODE":"01278","SECURITY_NAME_ABBR":"中国新城镇","ORG_CODE":"10180788","STD_REPORT_DATE":"2022-06-30 00:00:00","REPORT_DATE":"2022-06-30 00:00:00","DATE_TYPE_CODE":"002","REPORT_TYPE":"2022年中报","PER_NETCASH_OPERATE":-0.003286056987,"PER_OI":0.02134965444,"BPS":0.424962089463,"BASIC_EPS":0.0079,"DILUTED_EPS":0.0079,"OPERATE_INCOME":207652000,"OPERATE_INCOME_YOY":19.3075952503,"GROSS_PROFIT":207652000,"GROSS_PROFIT_YOY":37.73131873234,"HOLDER_PROFIT":76557000,"HOLDER_PROFIT_YOY":-33.8023865848,"GROSS_PROFIT_RATIO":88.238901685814,"EPS_TTM":0.007182626987,"OPERATE_INCOME_QOQ":12.27374944147,"NET_PROFIT_RATIO":38.0218368658,"ROE_AVG":1.853604952919,"GROSS_PROFIT_QOQ":15.245254938251,"ROA":1.138909948108,"HOLDER_PROFIT_QOQ":-35.662120221397,"ROE_YEARLY":3.707209905839,"ROIC_YEARLY":2.604287042338,"TOTAL_ASSETS":6638908000,"TOTAL_LIABILITIES":2037241000,"TAX_EBT":20.408878738706,"OCF_SALES":-15.434057204669,"TOTAL_PARENT_EQUITY":4133286000,"DEBT_ASSET_RATIO":30.6863869781,"OPERATE_PROFIT":102556000,"PRETAX_PROFIT":99834000,"NETCASH_OPERATE":-31961000,"NETCASH_INVEST":8994000,"NETCASH_FINANCE":-13853000,"END_CASH":349692000,"DIVI_RATIO":0.428972297384,"DIVIDEND_RATE":5,"CURRENT_RATIO":2.432084693746,"COMMON_ACS":20000000000,"CURRENTDEBT_DEBT":62.616793987555,"ISSUED_COMMON_SHARES":9726246417,"HK_COMMON_SHARES":9726246417,"PER_SHARES":2500,"TOTAL_MARKET_CAP":661384756.356,"HKSK_MARKET_CAP":661384756.356,"PE_TTM":4.259010062732,"PB_TTM":0.143322222132,"REPORT_DATE_SQ":"2021-06-30 00:00:00","REPORT_TYPE_SQ":"2021年中报","OPERATE_INCOME_SQ":173569000,"DPS_HKD":0.0034,"OPERATE_INCOME_QOQ_SQ":-16.969454012496,"NET_PROFIT_RATIO_SQ":89.1466160124,"HOLDER_PROFIT_SQ":114557000,"HOLDER_PROFIT_QOQ_SQ":31.735777622796,"ROE_AVG_SQ":2.863371295576,"PE_TTM_SQ":-21.569437190586,"PB_TTM_SQ":0.143506584641,"ROA_SQ":1.654586253055,"START_DATE":"2022-01-01 00:00:00","FISCAL_YEAR":"12-31","CURRENCY":"HKD","IS_CNY_CODE":0,"DPS_HKD_LY":null,"ORG_TYPE":"一般企业","PREMIUM_INCOME":null,"PREMIUM_INCOME_YOY":null,"NET_INTEREST_INCOME":null,"NET_INTEREST_INCOME_YOY":null,"FEE_COMMISSION_INCOME":null,"FEE_COMMISSION_INCOME_YOY":null,"ACCOUNTS_RECE_TDAYS":4.937218398183,"INVENTORY_TDAYS":null,"CURRENT_ASSETS_TDAYS":0.064194203578,"TOTAL_ASSETS_TDAYS":0.031100378585,"PREMIUM_EXPENSE":null,"LOAN_DEPOSIT":null,"LOAN_EQUITY":null,"LOAN_ASSETS":null,"DEPOSIT_EQUITY":null,"DEPOSIT_ASSETS":null,"EQUITY_MULTIPLIER":1.442718041093,"EQUITY_RATIO":0.492886531443},{"SECUCODE":"01278.HK","SECURITY_CODE":"01278","SECURITY_NAME_ABBR":"中国新城镇","ORG_CODE":"10180788","STD_REPORT_DATE":"2021-12-31 00:00:00","REPORT_DATE":"2021-12-31 00:00:00","DATE_TYPE_CODE":"001","REPORT_TYPE":"2021年年报","PER_NETCASH_OPERATE":0.04346065089,"PER_OI":0.03781273723,"BPS":0.41630037184,"BASIC_EPS":0.0112,"DILUTED_EPS":0.0112,"OPERATE_INCOME":367776000,"OPERATE_INCOME_YOY":-30.2832455399,"GROSS_PROFIT":304377000,"GROSS_PROFIT_YOY":-13.227035071014,"HOLDER_PROFIT":108583000,"HOLDER_PROFIT_YOY":143.2730895686,"GROSS_PROFIT_RATIO":76.78015514324,"EPS_TTM":0.011163916206,"OPERATE_INCOME_QOQ":-16.034811489021,"NET_PROFIT_RATIO":47.9603571664,"ROE_AVG":2.716843564376,"GROSS_PROFIT_QOQ":-24.047968407514,"ROA":1.541354186606,"HOLDER_PROFIT_QOQ":163.390584498984,"ROE_YEARLY":2.716843564376,"ROIC_YEARLY":1.818891305988,"TOTAL_ASSETS":6678036000,"TOTAL_LIABILITIES":2163517000,"TAX_EBT":7.423117709438,"OCF_SALES":154.816911931673,"TOTAL_PARENT_EQUITY":4049040000,"DEBT_ASSET_RATIO":32.3975042962,"OPERATE_PROFIT":149214000,"PRETAX_PROFIT":141450000,"NETCASH_OPERATE":422709000,"NETCASH_INVEST":-106161000,"NETCASH_FINANCE":-785713000,"END_CASH":386003000,"DIVI_RATIO":0.275991680974,"DIVIDEND_RATE":5,"CURRENT_RATIO":2.450680573259,"COMMON_ACS":20000000000,"CURRENTDEBT_DEBT":63.167610885424,"ISSUED_COMMON_SHARES":9726246417,"HK_COMMON_SHARES":9726246417,"PER_SHARES":2500,"TOTAL_MARKET_CAP":661384756.356,"HKSK_MARKET_CAP":661384756.356,"PE_TTM":4.259010062732,"PB_TTM":0.143322222132,"REPORT_DATE_SQ":"2020-12-31 00:00:00","REPORT_TYPE_SQ":"2020年年报","OPERATE_INCOME_SQ":391639000,"DPS_HKD":0.0034,"OPERATE_INCOME_QOQ_SQ":-7.962257943222,"NET_PROFIT_RATIO_SQ":-63.3657526447,"HOLDER_PROFIT_SQ":-250925000,"HOLDER_PROFIT_QOQ_SQ":-704.828018415407,"ROE_AVG_SQ":-6.132547089921,"PE_TTM_SQ":-21.569437190586,"PB_TTM_SQ":0.143506584641,"ROA_SQ":-3.120520877332,"START_DATE":"2021-01-01 00:00:00","FISCAL_YEAR":"12-31","CURRENCY":"HKD","IS_CNY_CODE":0,"DPS_HKD_LY":null,"ORG_TYPE":"一般企业","PREMIUM_INCOME":null,"PREMIUM_INCOME_YOY":null,"NET_INTEREST_INCOME":null,"NET_INTEREST_INCOME_YOY":null,"FEE_COMMISSION_INCOME":null,"FEE_COMMISSION_INCOME_YOY":null,"ACCOUNTS_RECE_TDAYS":1.181941911381,"INVENTORY_TDAYS":0.071487850257,"CURRENT_ASSETS_TDAYS":0.065554688951,"TOTAL_ASSETS_TDAYS":0.038758209333,"PREMIUM_EXPENSE":null,"LOAN_DEPOSIT":null,"LOAN_EQUITY":null,"LOAN_ASSETS":null,"DEPOSIT_EQUITY":null,"DEPOSIT_ASSETS":null,"EQUITY_MULTIPLIER":1.47923532939,"EQUITY_RATIO":0.534328384012},{"SECUCODE":"01278.HK","SECURITY_CODE":"01278","SECURITY_NAME_ABBR":"中国新城镇","ORG_CODE":"10180788","STD_REPORT_DATE":"2021-06-30 00:00:00","REPORT_DATE":"2021-06-30 00:00:00","DATE_TYPE_CODE":"002","REPORT_TYPE":"2021年中报","PER_NETCASH_OPERATE":0.043799322137,"PER_OI":0.017845424901,"BPS":0.41714622744,"BASIC_EPS":0.0118,"DILUTED_EPS":0.0118,"OPERATE_INCOME":173569000,"OPERATE_INCOME_YOY":-31.8596925201,"GROSS_PROFIT":150766000,"GROSS_PROFIT_YOY":-22.324004616272,"HOLDER_PROFIT":114557000,"HOLDER_PROFIT_YOY":228.0179819036,"GROSS_PROFIT_RATIO":83.957365977206,"EPS_TTM":-0.017611316088,"OPERATE_INCOME_QOQ":-16.969454012496,"NET_PROFIT_RATIO":89.1466160124,"ROE_AVG":2.863371295576,"GROSS_PROFIT_QOQ":-21.312583030669,"ROA":1.654586253055,"HOLDER_PROFIT_QOQ":31.735777622796,"ROE_YEARLY":5.726742591151,"ROIC_YEARLY":3.984875096757,"TOTAL_ASSETS":6435945000,"TOTAL_LIABILITIES":1923410000,"TAX_EBT":8.117448822285,"OCF_SALES":299.70662726889,"TOTAL_PARENT_EQUITY":4057267000,"DEBT_ASSET_RATIO":29.88543252,"OPERATE_PROFIT":298959000,"PRETAX_PROFIT":139465000,"NETCASH_OPERATE":426003000,"NETCASH_INVEST":311449000,"NETCASH_FINANCE":-996394000,"END_CASH":594413000,"DIVI_RATIO":-0.174952739738,"DIVIDEND_RATE":5,"CURRENT_RATIO":3.78325965803,"COMMON_ACS":20000000000,"CURRENTDEBT_DEBT":57.018732355556,"ISSUED_COMMON_SHARES":9726246417,"HK_COMMON_SHARES":9726246417,"PER_SHARES":2500,"TOTAL_MARKET_CAP":661384756.356,"HKSK_MARKET_CAP":661384756.356,"PE_TTM":4.259010062732,"PB_TTM":0.143322222132,"REPORT_DATE_SQ":"2020-06-30 00:00:00","REPORT_TYPE_SQ":"2020年中报","OPERATE_INCOME_SQ":208599000,"DPS_HKD":0.0034,"OPERATE_INCOME_QOQ_SQ":2.549519088256,"NET_PROFIT_RATIO_SQ":16.7507993806,"HOLDER_PROFIT_SQ":34924000,"HOLDER_PROFIT_QOQ_SQ":-56.518048044271,"ROE_AVG_SQ":0.824282487868,"PE_TTM_SQ":-21.569437190586,"PB_TTM_SQ":0.143506584641,"ROA_SQ":0.416624366799,"START_DATE":"2021-01-01 00:00:00","FISCAL_YEAR":"12-31","CURRENCY":"HKD","IS_CNY_CODE":0,"DPS_HKD_LY":null,"ORG_TYPE":"一般企业","PREMIUM_INCOME":null,"PREMIUM_INCOME_YOY":null,"NET_INTEREST_INCOME":null,"NET_INTEREST_INCOME_YOY":null,"FEE_COMMISSION_INCOME":null,"FEE_COMMISSION_INCOME_YOY":null,"ACCOUNTS_RECE_TDAYS":0.562819398687,"INVENTORY_TDAYS":0.025718471667,"CURRENT_ASSETS_TDAYS":0.031136924923,"TOTAL_ASSETS_TDAYS":0.020529770333,"PREMIUM_EXPENSE":null,"LOAN_DEPOSIT":null,"LOAN_EQUITY":null,"LOAN_ASSETS":null,"DEPOSIT_EQUITY":null,"DEPOSIT_ASSETS":null,"EQUITY_MULTIPLIER":1.426237137219,"EQUITY_RATIO":0.474065423843},{"SECUCODE":"01278.HK","SECURITY_CODE":"01278","SECURITY_NAME_ABBR":"中国新城镇","ORG_CODE":"10180788","STD_REPORT_DATE":"2020-12-31 00:00:00","REPORT_DATE":"2020-12-31 00:00:00","DATE_TYPE_CODE":"001","REPORT_TYPE":"2020年年报","PER_NETCASH_OPERATE":-0.00133658962,"PER_OI":0.040266201699,"BPS":0.405529515796,"BASIC_EPS":-0.0258,"DILUTED_EPS":-0.0258,"OPERATE_INCOME":391639000,"OPERATE_INCOME_YOY":-5.6157381411,"GROSS_PROFIT":350774000,"GROSS_PROFIT_YOY":-8.654982943153,"HOLDER_PROFIT":-250925000,"HOLDER_PROFIT_YOY":-362.9910283822,"GROSS_PROFIT_RATIO":89.565645913711,"EPS_TTM":-0.025798750026,"OPERATE_INCOME_QOQ":-7.962257943222,"NET_PROFIT_RATIO":-63.3657526447,"ROE_AVG":-6.132547089921,"GROSS_PROFIT_QOQ":-10.656322272371,"ROA":-3.120520877332,"HOLDER_PROFIT_QOQ":-704.828018415407,"ROE_YEARLY":-6.132547089921,"ROIC_YEARLY":-3.565887308724,"TOTAL_ASSETS":7411263000,"TOTAL_LIABILITIES":3023871000,"TAX_EBT":-19.847682151188,"OCF_SALES":-3.319383411764,"TOTAL_PARENT_EQUITY":3944280000,"DEBT_ASSET_RATIO":40.8010213644,"OPERATE_PROFIT":-87944000,"PRETAX_PROFIT":-207067000,"NETCASH_OPERATE":-13000000,"NETCASH_INVEST":1668832000,"NETCASH_FINANCE":-1042459000,"END_CASH":855234000,"DIVI_RATIO":-0.11943012731,"DIVIDEND_RATE":5,"CURRENT_RATIO":2.257072269742,"COMMON_ACS":20000000000,"CURRENTDEBT_DEBT":72.978906838288,"ISSUED_COMMON_SHARES":9726246417,"HK_COMMON_SHARES":9726246417,"PER_SHARES":2500,"TOTAL_MARKET_CAP":661384756.356,"HKSK_MARKET_CAP":661384756.356,"PE_TTM":4.259010062732,"PB_TTM":0.143322222132,"REPORT_DATE_SQ":"2019-12-31 00:00:00","REPORT_TYPE_SQ":"2019年年报","OPERATE_INCOME_SQ":414941000,"DPS_HKD":0.0034,"OPERATE_INCOME_QOQ_SQ":-36.075297061048,"NET_PROFIT_RATIO_SQ":26.8356224138,"HOLDER_PROFIT_SQ":95412000,"HOLDER_PROFIT_QOQ_SQ":-53.807497349349,"ROE_AVG_SQ":2.263065603334,"PE_TTM_SQ":-21.569437190586,"PB_TTM_SQ":0.143506584641,"ROA_SQ":1.079540899809,"START_DATE":"2020-01-01 00:00:00","FISCAL_YEAR":"12-31","CURRENCY":"HKD","IS_CNY_CODE":0,"DPS_HKD_LY":0.0044,"ORG_TYPE":"一般企业","PREMIUM_INCOME":null,"PREMIUM_INCOME_YOY":null,"NET_INTEREST_INCOME":null,"NET_INTEREST_INCOME_YOY":null,"FEE_COMMISSION_INCOME":null,"FEE_COMMISSION_INCOME_YOY":null,"ACCOUNTS_RECE_TDAYS":0.698525234743,"INVENTORY_TDAYS":0.046145967606,"CURRENT_ASSETS_TDAYS":0.074034397236,"TOTAL_ASSETS_TDAYS":0.048704500384,"PREMIUM_EXPENSE":null,"LOAN_DEPOSIT":null,"LOAN_EQUITY":null,"LOAN_ASSETS":null,"DEPOSIT_EQUITY":null,"DEPOSIT_ASSETS":null,"EQUITY_MULTIPLIER":1.689218332896,"EQUITY_RATIO":0.766647144726},{"SECUCODE":"01278.HK","SECURITY_CODE":"01278","SECURITY_NAME_ABBR":"中国新城镇","ORG_CODE":"10180788","STD_REPORT_DATE":"2020-09-30 00:00:00","REPORT_DATE":"2020-09-30 00:00:00","DATE_TYPE_CODE":"004","REPORT_TYPE":"2020年三季报","PER_NETCASH_OPERATE":-0.001141653164,"PER_OI":0.031548655755,"BPS":0.403355090114,"BASIC_EPS":null,"DILUTED_EPS":null,"OPERATE_INCOME":306850000,"OPERATE_INCOME_YOY":null,"GROSS_PROFIT":284290000,"GROSS_PROFIT_YOY":null,"HOLDER_PROFIT":-277069000,"HOLDER_PROFIT_YOY":null,"GROSS_PROFIT_RATIO":92.647873553854,"EPS_TTM":0.004265468735,"OPERATE_INCOME_QOQ":0,"NET_PROFIT_RATIO":-91.826625387,"ROE_AVG":-6.789045699114,"GROSS_PROFIT_QOQ":0,"ROA":-3.386361093336,"HOLDER_PROFIT_QOQ":0,"ROE_YEARLY":-9.052060932152,"ROIC_YEARLY":-3.899460354792,"TOTAL_ASSETS":7692831000,"TOTAL_LIABILITIES":3334049000,"TAX_EBT":-10.148587422647,"OCF_SALES":-3.618706208245,"TOTAL_PARENT_EQUITY":3923131000,"DEBT_ASSET_RATIO":43.339688601,"OPERATE_PROFIT":null,"PRETAX_PROFIT":-255809000,"NETCASH_OPERATE":-11104000,"NETCASH_INVEST":1518902000,"NETCASH_FINANCE":-753675000,"END_CASH":1007266000,"DIVI_RATIO":0.7223468724,"DIVIDEND_RATE":5,"CURRENT_RATIO":2.122749656339,"COMMON_ACS":20000000000,"CURRENTDEBT_DEBT":75.690519245518,"ISSUED_COMMON_SHARES":9726246417,"HK_COMMON_SHARES":9726246417,"PER_SHARES":2500,"TOTAL_MARKET_CAP":661384756.356,"HKSK_MARKET_CAP":661384756.356,"PE_TTM":4.259010062732,"PB_TTM":0.143322222132,"REPORT_DATE_SQ":"2019-09-30 00:00:00","REPORT_TYPE_SQ":"2019年三季报","OPERATE_INCOME_SQ":null,"DPS_HKD":0.0034,"OPERATE_INCOME_QOQ_SQ":0,"NET_PROFIT_RATIO_SQ":null,"HOLDER_PROFIT_SQ":null,"HOLDER_PROFIT_QOQ_SQ":0,"ROE_AVG_SQ":null,"PE_TTM_SQ":-21.569437190586,"PB_TTM_SQ":0.143506584641,"ROA_SQ":null,"START_DATE":"2020-01-01 00:00:00","FISCAL_YEAR":"12-31","CURRENCY":"HKD","IS_CNY_CODE":0,"DPS_HKD_LY":0.0044,"ORG_TYPE":"一般企业","PREMIUM_INCOME":null,"PREMIUM_INCOME_YOY":null,"NET_INTEREST_INCOME":null,"NET_INTEREST_INCOME_YOY":null,"FEE_COMMISSION_INCOME":null,"FEE_COMMISSION_INCOME_YOY":null,"ACCOUNTS_RECE_TDAYS":0.55201557193,"INVENTORY_TDAYS":0.025483059865,"CURRENT_ASSETS_TDAYS":0.056015357536,"TOTAL_ASSETS_TDAYS":0.037503470308,"PREMIUM_EXPENSE":null,"LOAN_DEPOSIT":null,"LOAN_EQUITY":null,"LOAN_ASSETS":null,"DEPOSIT_EQUITY":null,"DEPOSIT_ASSETS":null,"EQUITY_MULTIPLIER":1.764903819462,"EQUITY_RATIO":0.849843912936}],"count":48},"success":true,"message":"ok","code":0}