{"version":"79870b246635d608680ddf9906e0169d","result":{"pages":3,"data":[{"SECUCODE":"01272.HK","SECURITY_CODE":"01272","SECURITY_NAME_ABBR":"大唐环境","ORG_CODE":"10489539","STD_REPORT_DATE":"2024-06-30 00:00:00","REPORT_DATE":"2024-06-30 00:00:00","DATE_TYPE_CODE":"002","REPORT_TYPE":"2024年中报","PER_NETCASH_OPERATE":0.18167661991,"PER_OI":0.877186910918,"BPS":2.576926965145,"BASIC_EPS":0.13,"DILUTED_EPS":0.13,"OPERATE_INCOME":2603089000,"OPERATE_INCOME_YOY":4.1577237334,"GROSS_PROFIT":642493000,"GROSS_PROFIT_YOY":24.235580297666,"HOLDER_PROFIT":399851000,"HOLDER_PROFIT_YOY":50.1957028022,"GROSS_PROFIT_RATIO":24.681945181283,"EPS_TTM":0.221060392743,"OPERATE_INCOME_QOQ":1.816549306301,"NET_PROFIT_RATIO":15.7091824367,"ROE_AVG":5.289590988046,"GROSS_PROFIT_QOQ":10.946203465797,"ROA":2.288594508572,"HOLDER_PROFIT_QOQ":25.581430964346,"ROE_YEARLY":10.579181976093,"ROIC_YEARLY":4.993003132466,"TOTAL_ASSETS":16897809000,"TOTAL_LIABILITIES":9450013000,"TAX_EBT":14.450867052023,"OCF_SALES":20.711278023917,"TOTAL_PARENT_EQUITY":7647139000,"DEBT_ASSET_RATIO":55.9244870149,"OPERATE_PROFIT":554985000,"PRETAX_PROFIT":477999000,"NETCASH_OPERATE":539133000,"NETCASH_INVEST":-135412000,"NETCASH_FINANCE":-624456000,"END_CASH":1538656000,"DIVI_RATIO":0.478379688139,"DIVIDEND_RATE":12.131041666667,"CURRENT_RATIO":1.320896483143,"COMMON_ACS":null,"CURRENTDEBT_DEBT":78.990272288514,"ISSUED_COMMON_SHARES":2967542000,"HK_COMMON_SHARES":624296200,"PER_SHARES":1000,"TOTAL_MARKET_CAP":2848840320,"HKSK_MARKET_CAP":599324352,"PE_TTM":3.925151356624,"PB_TTM":0.3400068422,"REPORT_DATE_SQ":"2023-06-30 00:00:00","REPORT_TYPE_SQ":"2023年中报","OPERATE_INCOME_SQ":2499180000,"DPS_HKD":0.116458,"OPERATE_INCOME_QOQ_SQ":3.389036662069,"NET_PROFIT_RATIO_SQ":10.8083051241,"HOLDER_PROFIT_SQ":266220000,"HOLDER_PROFIT_QOQ_SQ":25.394879324585,"ROE_AVG_SQ":3.739739316766,"PE_TTM_SQ":6.289233031602,"PB_TTM_SQ":0.293539436398,"ROA_SQ":1.445804293265,"START_DATE":"2024-01-01 00:00:00","FISCAL_YEAR":"12-31","CURRENCY":"HKD","IS_CNY_CODE":0,"DPS_HKD_LY":0.116458,"ORG_TYPE":"一般企业","PREMIUM_INCOME":null,"PREMIUM_INCOME_YOY":null,"NET_INTEREST_INCOME":null,"NET_INTEREST_INCOME_YOY":null,"FEE_COMMISSION_INCOME":null,"FEE_COMMISSION_INCOME_YOY":null,"ACCOUNTS_RECE_TDAYS":0.325539108035,"INVENTORY_TDAYS":11.5454478537,"CURRENT_ASSETS_TDAYS":0.252568533191,"TOTAL_ASSETS_TDAYS":0.14899087887,"PREMIUM_EXPENSE":null,"LOAN_DEPOSIT":null,"LOAN_EQUITY":null,"LOAN_ASSETS":null,"DEPOSIT_EQUITY":null,"DEPOSIT_ASSETS":null,"EQUITY_MULTIPLIER":2.268833491145,"EQUITY_RATIO":1.235757974322},{"SECUCODE":"01272.HK","SECURITY_CODE":"01272","SECURITY_NAME_ABBR":"大唐环境","ORG_CODE":"10489539","STD_REPORT_DATE":"2023-12-31 00:00:00","REPORT_DATE":"2023-12-31 00:00:00","DATE_TYPE_CODE":"001","REPORT_TYPE":"2023年年报","PER_NETCASH_OPERATE":0.61030509425,"PER_OI":1.927565304889,"BPS":2.517325786796,"BASIC_EPS":0.18,"DILUTED_EPS":0.18,"OPERATE_INCOME":5720131000,"OPERATE_INCOME_YOY":7.4662738351,"GROSS_PROFIT":1145018000,"GROSS_PROFIT_YOY":45.045292689199,"HOLDER_PROFIT":522375000,"HOLDER_PROFIT_YOY":91.7500229421,"GROSS_PROFIT_RATIO":20.017338763745,"EPS_TTM":0.176029522076,"OPERATE_INCOME_QOQ":3.943587545299,"NET_PROFIT_RATIO":8.8034697107,"ROE_AVG":7.189983697198,"GROSS_PROFIT_QOQ":39.227149475323,"ROA":2.870714478037,"HOLDER_PROFIT_QOQ":52.916948423188,"ROE_YEARLY":7.189983697198,"ROIC_YEARLY":3.062518108357,"TOTAL_ASSETS":18045122000,"TOTAL_LIABILITIES":10763498000,"TAX_EBT":18.466839155087,"OCF_SALES":31.66196718222,"TOTAL_PARENT_EQUITY":7471270000,"DEBT_ASSET_RATIO":59.6476876133,"OPERATE_PROFIT":793945000,"PRETAX_PROFIT":617626000,"NETCASH_OPERATE":1811106000,"NETCASH_INVEST":-560210000,"NETCASH_FINANCE":-364157000,"END_CASH":1759357000,"DIVI_RATIO":0.600756057807,"DIVIDEND_RATE":13.233863636364,"CURRENT_RATIO":1.230455905759,"COMMON_ACS":null,"CURRENTDEBT_DEBT":81.191272577001,"ISSUED_COMMON_SHARES":2967542000,"HK_COMMON_SHARES":624296200,"PER_SHARES":1000,"TOTAL_MARKET_CAP":2611436960,"HKSK_MARKET_CAP":549380656,"PE_TTM":3.598055410239,"PB_TTM":0.311672938684,"REPORT_DATE_SQ":"2022-12-31 00:00:00","REPORT_TYPE_SQ":"2022年年报","OPERATE_INCOME_SQ":5322722000,"DPS_HKD":0.116458,"OPERATE_INCOME_QOQ_SQ":-1.624363981141,"NET_PROFIT_RATIO_SQ":4.4737072498,"HOLDER_PROFIT_SQ":272425000,"HOLDER_PROFIT_QOQ_SQ":378.157832936828,"ROE_AVG_SQ":3.90971819532,"PE_TTM_SQ":6.942659840081,"PB_TTM_SQ":0.32403704018,"ROA_SQ":1.481510968796,"START_DATE":"2023-01-01 00:00:00","FISCAL_YEAR":"12-31","CURRENCY":"HKD","IS_CNY_CODE":0,"DPS_HKD_LY":0.05441,"ORG_TYPE":"一般企业","PREMIUM_INCOME":null,"PREMIUM_INCOME_YOY":null,"NET_INTEREST_INCOME":null,"NET_INTEREST_INCOME_YOY":null,"FEE_COMMISSION_INCOME":null,"FEE_COMMISSION_INCOME_YOY":null,"ACCOUNTS_RECE_TDAYS":0.660454037897,"INVENTORY_TDAYS":28.955953228588,"CURRENT_ASSETS_TDAYS":0.527430069169,"TOTAL_ASSETS_TDAYS":0.314350090988,"PREMIUM_EXPENSE":null,"LOAN_DEPOSIT":null,"LOAN_EQUITY":null,"LOAN_ASSETS":null,"DEPOSIT_EQUITY":null,"DEPOSIT_ASSETS":null,"EQUITY_MULTIPLIER":2.478172726304,"EQUITY_RATIO":1.440651723201},{"SECUCODE":"01272.HK","SECURITY_CODE":"01272","SECURITY_NAME_ABBR":"大唐环境","ORG_CODE":"10489539","STD_REPORT_DATE":"2023-06-30 00:00:00","REPORT_DATE":"2023-06-30 00:00:00","DATE_TYPE_CODE":"002","REPORT_TYPE":"2023年中报","PER_NETCASH_OPERATE":0.129711390774,"PER_OI":0.842171736744,"BPS":2.418498204912,"BASIC_EPS":0.09,"DILUTED_EPS":0.09,"OPERATE_INCOME":2499180000,"OPERATE_INCOME_YOY":7.7794419592,"GROSS_PROFIT":517157000,"GROSS_PROFIT_YOY":6.813544059087,"HOLDER_PROFIT":266220000,"HOLDER_PROFIT_YOY":35.1109938185,"GROSS_PROFIT_RATIO":20.693067326083,"EPS_TTM":0.115114461733,"OPERATE_INCOME_QOQ":3.389036662069,"NET_PROFIT_RATIO":10.8083051241,"ROE_AVG":3.739739316766,"GROSS_PROFIT_QOQ":4.178885537628,"ROA":1.445804293265,"HOLDER_PROFIT_QOQ":25.394879324585,"ROE_YEARLY":7.479478633533,"ROIC_YEARLY":3.026420559402,"TOTAL_ASSETS":18478304000,"TOTAL_LIABILITIES":11461896000,"TAX_EBT":15.417060691271,"OCF_SALES":15.40201185989,"TOTAL_PARENT_EQUITY":7176995000,"DEBT_ASSET_RATIO":62.0289394525,"OPERATE_PROFIT":408436000,"PRETAX_PROFIT":319354000,"NETCASH_OPERATE":384924000,"NETCASH_INVEST":-154109000,"NETCASH_FINANCE":-10821000,"END_CASH":1092443000,"DIVI_RATIO":0.918657831066,"DIVIDEND_RATE":13.233863636364,"CURRENT_RATIO":1.27769030383,"COMMON_ACS":null,"CURRENTDEBT_DEBT":76.654926898656,"ISSUED_COMMON_SHARES":2967542000,"HK_COMMON_SHARES":624296200,"PER_SHARES":1000,"TOTAL_MARKET_CAP":2611436960,"HKSK_MARKET_CAP":549380656,"PE_TTM":3.598055410239,"PB_TTM":0.311672938684,"REPORT_DATE_SQ":"2022-06-30 00:00:00","REPORT_TYPE_SQ":"2022年中报","OPERATE_INCOME_SQ":2318791000,"DPS_HKD":0.116458,"OPERATE_INCOME_QOQ_SQ":2.310597350889,"NET_PROFIT_RATIO_SQ":8.6213030842,"HOLDER_PROFIT_SQ":197038000,"HOLDER_PROFIT_QOQ_SQ":52.988979129466,"ROE_AVG_SQ":2.843176462346,"PE_TTM_SQ":6.942659840081,"PB_TTM_SQ":0.32403704018,"ROA_SQ":1.079583105964,"START_DATE":"2023-01-01 00:00:00","FISCAL_YEAR":"12-31","CURRENCY":"HKD","IS_CNY_CODE":0,"DPS_HKD_LY":0.05441,"ORG_TYPE":"一般企业","PREMIUM_INCOME":null,"PREMIUM_INCOME_YOY":null,"NET_INTEREST_INCOME":null,"NET_INTEREST_INCOME_YOY":null,"FEE_COMMISSION_INCOME":null,"FEE_COMMISSION_INCOME_YOY":null,"ACCOUNTS_RECE_TDAYS":0.273425003796,"INVENTORY_TDAYS":12.911529040832,"CURRENT_ASSETS_TDAYS":0.225521928578,"TOTAL_ASSETS_TDAYS":0.135727036798,"PREMIUM_EXPENSE":null,"LOAN_DEPOSIT":null,"LOAN_EQUITY":null,"LOAN_ASSETS":null,"DEPOSIT_EQUITY":null,"DEPOSIT_ASSETS":null,"EQUITY_MULTIPLIER":2.633584592005,"EQUITY_RATIO":1.597032741419},{"SECUCODE":"01272.HK","SECURITY_CODE":"01272","SECURITY_NAME_ABBR":"大唐环境","ORG_CODE":"10489539","STD_REPORT_DATE":"2022-12-31 00:00:00","REPORT_DATE":"2022-12-31 00:00:00","DATE_TYPE_CODE":"001","REPORT_TYPE":"2022年年报","PER_NETCASH_OPERATE":0.179052562693,"PER_OI":1.793646728505,"BPS":2.379194970113,"BASIC_EPS":0.09,"DILUTED_EPS":0.09,"OPERATE_INCOME":5322722000,"OPERATE_INCOME_YOY":0.6487008586,"GROSS_PROFIT":789421000,"GROSS_PROFIT_YOY":131.209526961524,"HOLDER_PROFIT":272425000,"HOLDER_PROFIT_YOY":230.764836895,"GROSS_PROFIT_RATIO":14.831152181158,"EPS_TTM":0.091801565066,"OPERATE_INCOME_QOQ":-1.624363981141,"NET_PROFIT_RATIO":4.4737072498,"ROE_AVG":3.90971819532,"GROSS_PROFIT_QOQ":84.737235006003,"ROA":1.481510968796,"HOLDER_PROFIT_QOQ":378.157832936828,"ROE_YEARLY":3.90971819532,"ROIC_YEARLY":1.559252436831,"TOTAL_ASSETS":18348257000,"TOTAL_LIABILITIES":11451508000,"TAX_EBT":19.768527097829,"OCF_SALES":9.982599128792,"TOTAL_PARENT_EQUITY":7060361000,"DEBT_ASSET_RATIO":62.4119664337,"OPERATE_PROFIT":504691000,"PRETAX_PROFIT":296795000,"NETCASH_OPERATE":531346000,"NETCASH_INVEST":-315406000,"NETCASH_FINANCE":-589504000,"END_CASH":872196000,"DIVI_RATIO":1.151949878672,"DIVIDEND_RATE":13.233863636364,"CURRENT_RATIO":1.038378019826,"COMMON_ACS":null,"CURRENTDEBT_DEBT":91.982182608614,"ISSUED_COMMON_SHARES":2967542000,"HK_COMMON_SHARES":624296200,"PER_SHARES":1000,"TOTAL_MARKET_CAP":2611436960,"HKSK_MARKET_CAP":549380656,"PE_TTM":3.598055410239,"PB_TTM":0.311672938684,"REPORT_DATE_SQ":"2021-12-31 00:00:00","REPORT_TYPE_SQ":"2021年年报","OPERATE_INCOME_SQ":5288416000,"DPS_HKD":0.116458,"OPERATE_INCOME_QOQ_SQ":-14.005678626059,"NET_PROFIT_RATIO_SQ":-8.3819049031,"HOLDER_PROFIT_SQ":-208332000,"HOLDER_PROFIT_QOQ_SQ":-161.41537300497,"ROE_AVG_SQ":-2.95651377963,"PE_TTM_SQ":6.942659840081,"PB_TTM_SQ":0.32403704018,"ROA_SQ":-1.079181969997,"START_DATE":"2022-01-01 00:00:00","FISCAL_YEAR":"12-31","CURRENCY":"HKD","IS_CNY_CODE":0,"DPS_HKD_LY":0.034917,"ORG_TYPE":"一般企业","PREMIUM_INCOME":null,"PREMIUM_INCOME_YOY":null,"NET_INTEREST_INCOME":null,"NET_INTEREST_INCOME_YOY":null,"FEE_COMMISSION_INCOME":null,"FEE_COMMISSION_INCOME_YOY":null,"ACCOUNTS_RECE_TDAYS":0.620793034252,"INVENTORY_TDAYS":25.2678982997,"CURRENT_ASSETS_TDAYS":0.494945466909,"TOTAL_ASSETS_TDAYS":0.289462091469,"PREMIUM_EXPENSE":null,"LOAN_DEPOSIT":null,"LOAN_EQUITY":null,"LOAN_ASSETS":null,"DEPOSIT_EQUITY":null,"DEPOSIT_ASSETS":null,"EQUITY_MULTIPLIER":2.660421163656,"EQUITY_RATIO":1.621943693814},{"SECUCODE":"01272.HK","SECURITY_CODE":"01272","SECURITY_NAME_ABBR":"大唐环境","ORG_CODE":"10489539","STD_REPORT_DATE":"2022-06-30 00:00:00","REPORT_DATE":"2022-06-30 00:00:00","DATE_TYPE_CODE":"002","REPORT_TYPE":"2022年中报","PER_NETCASH_OPERATE":0.093204072596,"PER_OI":0.781384391527,"BPS":2.353795498092,"BASIC_EPS":0.07,"DILUTED_EPS":0.07,"OPERATE_INCOME":2318791000,"OPERATE_INCOME_YOY":5.5628774873,"GROSS_PROFIT":484168000,"GROSS_PROFIT_YOY":21.565338783463,"HOLDER_PROFIT":197038000,"HOLDER_PROFIT_YOY":127.4083905592,"GROSS_PROFIT_RATIO":20.880191444593,"EPS_TTM":-0.033003408208,"OPERATE_INCOME_QOQ":2.310597350889,"NET_PROFIT_RATIO":8.6213030842,"ROE_AVG":2.843176462346,"GROSS_PROFIT_QOQ":25.155888012512,"ROA":1.079583105964,"HOLDER_PROFIT_QOQ":52.988979129466,"ROE_YEARLY":5.686352924693,"ROIC_YEARLY":2.283063727891,"TOTAL_ASSETS":18074223000,"TOTAL_LIABILITIES":11205627000,"TAX_EBT":17.34952909366,"OCF_SALES":11.928069412034,"TOTAL_PARENT_EQUITY":6984987000,"DEBT_ASSET_RATIO":61.9978352596,"OPERATE_PROFIT":344964000,"PRETAX_PROFIT":241874000,"NETCASH_OPERATE":276587000,"NETCASH_INVEST":-97880000,"NETCASH_FINANCE":-451612000,"END_CASH":972286000,"DIVI_RATIO":-3.204238819031,"DIVIDEND_RATE":13.233863636364,"CURRENT_RATIO":1.098655262953,"COMMON_ACS":null,"CURRENTDEBT_DEBT":85.820722035456,"ISSUED_COMMON_SHARES":2967542000,"HK_COMMON_SHARES":624296200,"PER_SHARES":1000,"TOTAL_MARKET_CAP":2611436960,"HKSK_MARKET_CAP":549380656,"PE_TTM":3.598055410239,"PB_TTM":0.311672938684,"REPORT_DATE_SQ":"2021-06-30 00:00:00","REPORT_TYPE_SQ":"2021年中报","OPERATE_INCOME_SQ":2196597000,"DPS_HKD":0.116458,"OPERATE_INCOME_QOQ_SQ":-9.842208063807,"NET_PROFIT_RATIO_SQ":3.0239957534,"HOLDER_PROFIT_SQ":86645000,"HOLDER_PROFIT_QOQ_SQ":12.000449034576,"ROE_AVG_SQ":1.20451436051,"PE_TTM_SQ":6.942659840081,"PB_TTM_SQ":0.32403704018,"ROA_SQ":0.443006143722,"START_DATE":"2022-01-01 00:00:00","FISCAL_YEAR":"12-31","CURRENCY":"HKD","IS_CNY_CODE":0,"DPS_HKD_LY":0.034917,"ORG_TYPE":"一般企业","PREMIUM_INCOME":null,"PREMIUM_INCOME_YOY":null,"NET_INTEREST_INCOME":null,"NET_INTEREST_INCOME_YOY":null,"FEE_COMMISSION_INCOME":null,"FEE_COMMISSION_INCOME_YOY":null,"ACCOUNTS_RECE_TDAYS":0.274514544041,"INVENTORY_TDAYS":8.662176518081,"CURRENT_ASSETS_TDAYS":0.219414035077,"TOTAL_ASSETS_TDAYS":0.127047959777,"PREMIUM_EXPENSE":null,"LOAN_DEPOSIT":null,"LOAN_EQUITY":null,"LOAN_ASSETS":null,"DEPOSIT_EQUITY":null,"DEPOSIT_ASSETS":null,"EQUITY_MULTIPLIER":2.631429043138,"EQUITY_RATIO":1.604244503247},{"SECUCODE":"01272.HK","SECURITY_CODE":"01272","SECURITY_NAME_ABBR":"大唐环境","ORG_CODE":"10489539","STD_REPORT_DATE":"2021-12-31 00:00:00","REPORT_DATE":"2021-12-31 00:00:00","DATE_TYPE_CODE":"001","REPORT_TYPE":"2021年年报","PER_NETCASH_OPERATE":0.332610288245,"PER_OI":1.78208631925,"BPS":2.316875717345,"BASIC_EPS":-0.07,"DILUTED_EPS":-0.07,"OPERATE_INCOME":5288416000,"OPERATE_INCOME_YOY":-22.4694186587,"GROSS_PROFIT":341431000,"GROSS_PROFIT_YOY":-70.775450183257,"HOLDER_PROFIT":-208332000,"HOLDER_PROFIT_YOY":-168.7854935418,"GROSS_PROFIT_RATIO":6.45620541198,"EPS_TTM":-0.07020355567,"OPERATE_INCOME_QOQ":-14.005678626059,"NET_PROFIT_RATIO":-8.3819049031,"ROE_AVG":-2.95651377963,"GROSS_PROFIT_QOQ":-70.103699396962,"ROA":-1.079181969997,"HOLDER_PROFIT_QOQ":-161.41537300497,"ROE_YEARLY":-2.95651377963,"ROIC_YEARLY":-1.162863715166,"TOTAL_ASSETS":18428386000,"TOTAL_LIABILITIES":11672810000,"TAX_EBT":-17.201463729337,"OCF_SALES":18.664095260282,"TOTAL_PARENT_EQUITY":6875426000,"DEBT_ASSET_RATIO":63.3414668002,"OPERATE_PROFIT":-156253000,"PRETAX_PROFIT":-378212000,"NETCASH_OPERATE":987035000,"NETCASH_INVEST":-396588000,"NETCASH_FINANCE":-876728000,"END_CASH":1244882000,"DIVI_RATIO":-1.506345379957,"DIVIDEND_RATE":13.233863636364,"CURRENT_RATIO":1.115266834976,"COMMON_ACS":null,"CURRENTDEBT_DEBT":81.198948667887,"ISSUED_COMMON_SHARES":2967542000,"HK_COMMON_SHARES":624296200,"PER_SHARES":1000,"TOTAL_MARKET_CAP":2611436960,"HKSK_MARKET_CAP":549380656,"PE_TTM":3.598055410239,"PB_TTM":0.311672938684,"REPORT_DATE_SQ":"2020-12-31 00:00:00","REPORT_TYPE_SQ":"2020年年报","OPERATE_INCOME_SQ":6821071000,"DPS_HKD":0.116458,"OPERATE_INCOME_QOQ_SQ":-0.626479351254,"NET_PROFIT_RATIO_SQ":3.098633631,"HOLDER_PROFIT_SQ":302872000,"HOLDER_PROFIT_QOQ_SQ":68.861681190448,"ROE_AVG_SQ":4.256121040714,"PE_TTM_SQ":6.942659840081,"PB_TTM_SQ":0.32403704018,"ROA_SQ":1.464861700571,"START_DATE":"2021-01-01 00:00:00","FISCAL_YEAR":"12-31","CURRENCY":"HKD","IS_CNY_CODE":0,"DPS_HKD_LY":0.053543,"ORG_TYPE":"一般企业","PREMIUM_INCOME":null,"PREMIUM_INCOME_YOY":null,"NET_INTEREST_INCOME":null,"NET_INTEREST_INCOME_YOY":null,"FEE_COMMISSION_INCOME":null,"FEE_COMMISSION_INCOME_YOY":null,"ACCOUNTS_RECE_TDAYS":0.629634197972,"INVENTORY_TDAYS":25.01382919553,"CURRENT_ASSETS_TDAYS":0.473244313786,"TOTAL_ASSETS_TDAYS":0.27394558671,"PREMIUM_EXPENSE":null,"LOAN_DEPOSIT":null,"LOAN_EQUITY":null,"LOAN_ASSETS":null,"DEPOSIT_EQUITY":null,"DEPOSIT_ASSETS":null,"EQUITY_MULTIPLIER":2.727877830108,"EQUITY_RATIO":1.697758073463},{"SECUCODE":"01272.HK","SECURITY_CODE":"01272","SECURITY_NAME_ABBR":"大唐环境","ORG_CODE":"10489539","STD_REPORT_DATE":"2021-06-30 00:00:00","REPORT_DATE":"2021-06-30 00:00:00","DATE_TYPE_CODE":"002","REPORT_TYPE":"2021年中报","PER_NETCASH_OPERATE":0.110194902044,"PER_OI":0.740207552244,"BPS":2.415821578936,"BASIC_EPS":0.03,"DILUTED_EPS":0.03,"OPERATE_INCOME":2196597000,"OPERATE_INCOME_YOY":-23.4085708179,"GROSS_PROFIT":398278000,"GROSS_PROFIT_YOY":-6.18355872037,"HOLDER_PROFIT":86645000,"HOLDER_PROFIT_YOY":72.2598858824,"GROSS_PROFIT_RATIO":18.131591730299,"EPS_TTM":0.114309418367,"OPERATE_INCOME_QOQ":-9.842208063807,"NET_PROFIT_RATIO":3.0239957534,"ROE_AVG":1.20451436051,"GROSS_PROFIT_QOQ":-2.246936151783,"ROA":0.443006143722,"HOLDER_PROFIT_QOQ":12.000449034576,"ROE_YEARLY":2.409028721019,"ROIC_YEARLY":0.944439216938,"TOTAL_ASSETS":18935981000,"TOTAL_LIABILITIES":11671637000,"TAX_EBT":34.8602080943,"OCF_SALES":14.887027524849,"TOTAL_PARENT_EQUITY":7169052000,"DEBT_ASSET_RATIO":61.6373506078,"OPERATE_PROFIT":213933000,"PRETAX_PROFIT":101973000,"NETCASH_OPERATE":327008000,"NETCASH_INVEST":-155951000,"NETCASH_FINANCE":-1031196000,"END_CASH":671280000,"DIVI_RATIO":0.925127633843,"DIVIDEND_RATE":13.233863636364,"CURRENT_RATIO":1.172508460227,"COMMON_ACS":null,"CURRENTDEBT_DEBT":79.30046145198,"ISSUED_COMMON_SHARES":2967542000,"HK_COMMON_SHARES":624296200,"PER_SHARES":1000,"TOTAL_MARKET_CAP":2611436960,"HKSK_MARKET_CAP":549380656,"PE_TTM":3.598055410239,"PB_TTM":0.311672938684,"REPORT_DATE_SQ":"2020-06-30 00:00:00","REPORT_TYPE_SQ":"2020年中报","OPERATE_INCOME_SQ":2867941000,"DPS_HKD":0.116458,"OPERATE_INCOME_QOQ_SQ":7.006680519395,"NET_PROFIT_RATIO_SQ":0.1460629769,"HOLDER_PROFIT_SQ":50299000,"HOLDER_PROFIT_QOQ_SQ":-18.078303843027,"ROE_AVG_SQ":0.719567621388,"PE_TTM_SQ":6.942659840081,"PB_TTM_SQ":0.32403704018,"ROA_SQ":0.239535467205,"START_DATE":"2021-01-01 00:00:00","FISCAL_YEAR":"12-31","CURRENCY":"HKD","IS_CNY_CODE":0,"DPS_HKD_LY":0.053543,"ORG_TYPE":"一般企业","PREMIUM_INCOME":null,"PREMIUM_INCOME_YOY":null,"NET_INTEREST_INCOME":null,"NET_INTEREST_INCOME_YOY":null,"FEE_COMMISSION_INCOME":null,"FEE_COMMISSION_INCOME_YOY":null,"ACCOUNTS_RECE_TDAYS":0.245469052597,"INVENTORY_TDAYS":8.624969124922,"CURRENT_ASSETS_TDAYS":0.194120747406,"TOTAL_ASSETS_TDAYS":0.112309535032,"PREMIUM_EXPENSE":null,"LOAN_DEPOSIT":null,"LOAN_EQUITY":null,"LOAN_ASSETS":null,"DEPOSIT_EQUITY":null,"DEPOSIT_ASSETS":null,"EQUITY_MULTIPLIER":2.606702133047,"EQUITY_RATIO":1.628058633136},{"SECUCODE":"01272.HK","SECURITY_CODE":"01272","SECURITY_NAME_ABBR":"大唐环境","ORG_CODE":"10489539","STD_REPORT_DATE":"2020-12-31 00:00:00","REPORT_DATE":"2020-12-31 00:00:00","DATE_TYPE_CODE":"001","REPORT_TYPE":"2020年年报","PER_NETCASH_OPERATE":0.619637059897,"PER_OI":2.29855921163,"BPS":2.432201128072,"BASIC_EPS":0.1,"DILUTED_EPS":0.1,"OPERATE_INCOME":6821071000,"OPERATE_INCOME_YOY":6.3363057615,"GROSS_PROFIT":1168302000,"GROSS_PROFIT_YOY":8.17961693203,"HOLDER_PROFIT":302872000,"HOLDER_PROFIT_YOY":38.3343533904,"GROSS_PROFIT_RATIO":17.127838135683,"EPS_TTM":0.102061571496,"OPERATE_INCOME_QOQ":-0.626479351254,"NET_PROFIT_RATIO":3.098633631,"ROE_AVG":4.256121040714,"GROSS_PROFIT_QOQ":17.705694959106,"ROA":1.464861700571,"HOLDER_PROFIT_QOQ":68.861681190448,"ROE_YEARLY":4.256121040714,"ROIC_YEARLY":1.598325893052,"TOTAL_ASSETS":20180858000,"TOTAL_LIABILITIES":12841580000,"TAX_EBT":34.494108312827,"OCF_SALES":26.957628794657,"TOTAL_PARENT_EQUITY":7217659000,"DEBT_ASSET_RATIO":63.6324778659,"OPERATE_PROFIT":592949000,"PRETAX_PROFIT":322658000,"NETCASH_OPERATE":1838799000,"NETCASH_INVEST":-608905000,"NETCASH_FINANCE":-1276650000,"END_CASH":1531739000,"DIVI_RATIO":1.036147104048,"DIVIDEND_RATE":13.233863636364,"CURRENT_RATIO":1.186479839446,"COMMON_ACS":null,"CURRENTDEBT_DEBT":77.308275149943,"ISSUED_COMMON_SHARES":2967542000,"HK_COMMON_SHARES":624296200,"PER_SHARES":1000,"TOTAL_MARKET_CAP":2611436960,"HKSK_MARKET_CAP":549380656,"PE_TTM":3.598055410239,"PB_TTM":0.311672938684,"REPORT_DATE_SQ":"2019-12-31 00:00:00","REPORT_TYPE_SQ":"2019年年报","OPERATE_INCOME_SQ":6414621000,"DPS_HKD":0.116458,"OPERATE_INCOME_QOQ_SQ":-23.067897701003,"NET_PROFIT_RATIO_SQ":3.8252766609,"HOLDER_PROFIT_SQ":218942000,"HOLDER_PROFIT_QOQ_SQ":-61.000017812929,"ROE_AVG_SQ":3.097640429965,"PE_TTM_SQ":6.942659840081,"PB_TTM_SQ":0.32403704018,"ROA_SQ":1.051828528631,"START_DATE":"2020-01-01 00:00:00","FISCAL_YEAR":"12-31","CURRENCY":"HKD","IS_CNY_CODE":0,"DPS_HKD_LY":0.03700022,"ORG_TYPE":"一般企业","PREMIUM_INCOME":null,"PREMIUM_INCOME_YOY":null,"NET_INTEREST_INCOME":null,"NET_INTEREST_INCOME_YOY":null,"FEE_COMMISSION_INCOME":null,"FEE_COMMISSION_INCOME_YOY":null,"ACCOUNTS_RECE_TDAYS":0.794548135592,"INVENTORY_TDAYS":31.358193099584,"CURRENT_ASSETS_TDAYS":0.562840983111,"TOTAL_ASSETS_TDAYS":0.329905889775,"PREMIUM_EXPENSE":null,"LOAN_DEPOSIT":null,"LOAN_EQUITY":null,"LOAN_ASSETS":null,"DEPOSIT_EQUITY":null,"DEPOSIT_ASSETS":null,"EQUITY_MULTIPLIER":2.749706170007,"EQUITY_RATIO":1.779189069475},{"SECUCODE":"01272.HK","SECURITY_CODE":"01272","SECURITY_NAME_ABBR":"大唐环境","ORG_CODE":"10489539","STD_REPORT_DATE":"2020-06-30 00:00:00","REPORT_DATE":"2020-06-30 00:00:00","DATE_TYPE_CODE":"002","REPORT_TYPE":"2020年中报","PER_NETCASH_OPERATE":0.211852772429,"PER_OI":0.966436532322,"BPS":2.347295168864,"BASIC_EPS":0.02,"DILUTED_EPS":0.02,"OPERATE_INCOME":2867941000,"OPERATE_INCOME_YOY":18.5840001753,"GROSS_PROFIT":424529000,"GROSS_PROFIT_YOY":-17.073165967355,"HOLDER_PROFIT":50299000,"HOLDER_PROFIT_YOY":-44.0376056965,"GROSS_PROFIT_RATIO":14.802570903655,"EPS_TTM":0.060440930575,"OPERATE_INCOME_QOQ":7.006680519395,"NET_PROFIT_RATIO":0.1460629769,"ROE_AVG":0.719567621388,"GROSS_PROFIT_QOQ":-8.093132647817,"ROA":0.239535467205,"HOLDER_PROFIT_QOQ":-18.078303843027,"ROE_YEARLY":1.439135242777,"ROIC_YEARLY":0.519520760974,"TOTAL_ASSETS":20826362000,"TOTAL_LIABILITIES":13689646000,"TAX_EBT":87.38024944267,"OCF_SALES":21.921022782547,"TOTAL_PARENT_EQUITY":6965697000,"DEBT_ASSET_RATIO":65.732296404,"OPERATE_PROFIT":269229000,"PRETAX_PROFIT":33194000,"NETCASH_OPERATE":628682000,"NETCASH_INVEST":-142890000,"NETCASH_FINANCE":-766650000,"END_CASH":1299267000,"DIVI_RATIO":1.749655419501,"DIVIDEND_RATE":13.233863636364,"CURRENT_RATIO":1.193119718088,"COMMON_ACS":null,"CURRENTDEBT_DEBT":76.329387918431,"ISSUED_COMMON_SHARES":2967542000,"HK_COMMON_SHARES":624296200,"PER_SHARES":1000,"TOTAL_MARKET_CAP":2611436960,"HKSK_MARKET_CAP":549380656,"PE_TTM":3.598055410239,"PB_TTM":0.311672938684,"REPORT_DATE_SQ":"2019-06-30 00:00:00","REPORT_TYPE_SQ":"2019年中报","OPERATE_INCOME_SQ":2418489000,"DPS_HKD":0.116458,"OPERATE_INCOME_QOQ_SQ":-2.911492337626,"NET_PROFIT_RATIO_SQ":3.7741333535,"HOLDER_PROFIT_SQ":89880000,"HOLDER_PROFIT_QOQ_SQ":-26.78183885979,"ROE_AVG_SQ":1.283630864439,"PE_TTM_SQ":6.942659840081,"PB_TTM_SQ":0.32403704018,"ROA_SQ":0.436049991569,"START_DATE":"2020-01-01 00:00:00","FISCAL_YEAR":"12-31","CURRENCY":"HKD","IS_CNY_CODE":0,"DPS_HKD_LY":0.03700022,"ORG_TYPE":"一般企业","PREMIUM_INCOME":null,"PREMIUM_INCOME_YOY":null,"NET_INTEREST_INCOME":null,"NET_INTEREST_INCOME_YOY":null,"FEE_COMMISSION_INCOME":null,"FEE_COMMISSION_INCOME_YOY":null,"ACCOUNTS_RECE_TDAYS":0.312876519127,"INVENTORY_TDAYS":13.58726804611,"CURRENT_ASSETS_TDAYS":0.230113876618,"TOTAL_ASSETS_TDAYS":0.136577981143,"PREMIUM_EXPENSE":null,"LOAN_DEPOSIT":null,"LOAN_EQUITY":null,"LOAN_ASSETS":null,"DEPOSIT_EQUITY":null,"DEPOSIT_ASSETS":null,"EQUITY_MULTIPLIER":2.918199631319,"EQUITY_RATIO":1.965294499603}],"count":23},"success":true,"message":"ok","code":0}