{"version":"bd100cca2ace3eeeaff9850140edaabd","result":{"pages":4,"data":[{"SECUCODE":"01282.HK","SECURITY_CODE":"01282","SECURITY_NAME_ABBR":"中泽丰","ORG_CODE":"10145614","STD_REPORT_DATE":"2024-06-30 00:00:00","REPORT_DATE":"2024-06-30 00:00:00","DATE_TYPE_CODE":"002","REPORT_TYPE":"2024年中报","PER_NETCASH_OPERATE":0.01297367809,"PER_OI":0.129217438731,"BPS":1.677752059269,"BASIC_EPS":-0.027197864,"DILUTED_EPS":-0.027197864,"OPERATE_INCOME":346302735.8,"OPERATE_INCOME_YOY":13.6311908912,"GROSS_PROFIT":112089881.52,"GROSS_PROFIT_YOY":131.695336208102,"HOLDER_PROFIT":-72802658.24,"HOLDER_PROFIT_YOY":-112.2967827468,"GROSS_PROFIT_RATIO":32.367599193538,"EPS_TTM":-0.215670534739,"OPERATE_INCOME_QOQ":5.729636495109,"NET_PROFIT_RATIO":-37.745331875,"ROE_AVG":-1.594691824126,"GROSS_PROFIT_QOQ":50.732388996444,"ROA":-0.695573163562,"HOLDER_PROFIT_QOQ":-722.272791758939,"ROE_YEARLY":-3.189383648251,"ROIC_YEARLY":-1.816763209543,"TOTAL_ASSETS":10306687148.96,"TOTAL_LIABILITIES":4038324243.84,"TAX_EBT":11.950300325224,"OCF_SALES":10.04019133712,"TOTAL_PARENT_EQUITY":4496375518.84,"DEBT_ASSET_RATIO":39.1815933236,"OPERATE_PROFIT":-109712350.12,"PRETAX_PROFIT":-148453790.76,"NETCASH_OPERATE":34769457.28,"NETCASH_INVEST":345294224.4,"NETCASH_FINANCE":-224953715.68,"END_CASH":555055468.8,"DIVI_RATIO":null,"DIVIDEND_RATE":null,"CURRENT_RATIO":1.685229504212,"COMMON_ACS":5000000000000,"CURRENTDEBT_DEBT":70.297476341835,"ISSUED_COMMON_SHARES":2680000000,"HK_COMMON_SHARES":2680000000,"PER_SHARES":8000,"TOTAL_MARKET_CAP":270680000,"HKSK_MARKET_CAP":270680000,"PE_TTM":-0.432423106232,"PB_TTM":0.054942969368,"REPORT_DATE_SQ":"2023-06-30 00:00:00","REPORT_TYPE_SQ":"2023年中报","OPERATE_INCOME_SQ":307865717.64,"DPS_HKD":null,"OPERATE_INCOME_QOQ_SQ":-4.777846223205,"NET_PROFIT_RATIO_SQ":187.9754909888,"HOLDER_PROFIT_SQ":598079206.2,"HOLDER_PROFIT_QOQ_SQ":161.948001982472,"ROE_AVG_SQ":12.810925733502,"PE_TTM_SQ":1.04521020903,"PB_TTM_SQ":0.064957428759,"ROA_SQ":6.658106210183,"START_DATE":"2024-01-01 00:00:00","FISCAL_YEAR":"12-31","CURRENCY":"HKD","IS_CNY_CODE":0,"DPS_HKD_LY":null,"ORG_TYPE":"一般企业","PREMIUM_INCOME":null,"PREMIUM_INCOME_YOY":null,"NET_INTEREST_INCOME":null,"NET_INTEREST_INCOME_YOY":null,"FEE_COMMISSION_INCOME":null,"FEE_COMMISSION_INCOME_YOY":null,"ACCOUNTS_RECE_TDAYS":2.09255705194,"INVENTORY_TDAYS":0.091030843486,"CURRENT_ASSETS_TDAYS":0.071376148739,"TOTAL_ASSETS_TDAYS":0.033086551414,"PREMIUM_EXPENSE":null,"LOAN_DEPOSIT":null,"LOAN_EQUITY":null,"LOAN_ASSETS":null,"DEPOSIT_EQUITY":null,"DEPOSIT_ASSETS":null,"EQUITY_MULTIPLIER":1.644239062889,"EQUITY_RATIO":0.898128776593},{"SECUCODE":"01282.HK","SECURITY_CODE":"01282","SECURITY_NAME_ABBR":"中泽丰","ORG_CODE":"10145614","STD_REPORT_DATE":"2023-12-31 00:00:00","REPORT_DATE":"2023-12-31 00:00:00","DATE_TYPE_CODE":"001","REPORT_TYPE":"2023年年报","PER_NETCASH_OPERATE":0.046555361791,"PER_OI":0.250315547373,"BPS":1.716957888037,"BASIC_EPS":0.042954828,"DILUTED_EPS":0.042954828,"OPERATE_INCOME":670845666.96,"OPERATE_INCOME_YOY":-8.7653394364,"GROSS_PROFIT":125583967.6,"GROSS_PROFIT_YOY":-22.827481629171,"HOLDER_PROFIT":92884831.34,"HOLDER_PROFIT_YOY":118.5843901059,"GROSS_PROFIT_RATIO":18.720247261803,"EPS_TTM":0.034658519157,"OPERATE_INCOME_QOQ":-2.798547593004,"NET_PROFIT_RATIO":7.4677008867,"ROE_AVG":2.074311290787,"GROSS_PROFIT_QOQ":-1.407726568427,"ROA":1.046761052895,"HOLDER_PROFIT_QOQ":-69.565098283606,"ROE_YEARLY":2.074311290787,"ROIC_YEARLY":1.287283894031,"TOTAL_ASSETS":10551239987.26,"TOTAL_LIABILITIES":4117755839.82,"TAX_EBT":18.820212344156,"OCF_SALES":18.598669670984,"TOTAL_PARENT_EQUITY":4601447139.94,"DEBT_ASSET_RATIO":39.0262741137,"OPERATE_PROFIT":106598658.6,"PRETAX_PROFIT":61710863.34,"NETCASH_OPERATE":124768369.6,"NETCASH_INVEST":-522446704.64,"NETCASH_FINANCE":528449505.92,"END_CASH":509561162.46,"DIVI_RATIO":null,"DIVIDEND_RATE":null,"CURRENT_RATIO":1.583257306104,"COMMON_ACS":5000000000000,"CURRENTDEBT_DEBT":74.924541377734,"ISSUED_COMMON_SHARES":2680000000,"HK_COMMON_SHARES":2680000000,"PER_SHARES":8000,"TOTAL_MARKET_CAP":318920000,"HKSK_MARKET_CAP":318920000,"PE_TTM":-0.509488610313,"PB_TTM":0.064734785691,"REPORT_DATE_SQ":"2022-12-31 00:00:00","REPORT_TYPE_SQ":"2022年年报","OPERATE_INCOME_SQ":724789452.03,"DPS_HKD":null,"OPERATE_INCOME_QOQ_SQ":-55.309217178985,"NET_PROFIT_RATIO_SQ":-66.2261874391,"HOLDER_PROFIT_SQ":-492658056.94,"HOLDER_PROFIT_QOQ_SQ":0.62695203867,"ROE_AVG_SQ":-10.26580104815,"PE_TTM_SQ":0.858854900443,"PB_TTM_SQ":0.053375871693,"ROA_SQ":-6.188297269005,"START_DATE":"2023-01-01 00:00:00","FISCAL_YEAR":"12-31","CURRENCY":"HKD","IS_CNY_CODE":0,"DPS_HKD_LY":null,"ORG_TYPE":"一般企业","PREMIUM_INCOME":null,"PREMIUM_INCOME_YOY":null,"NET_INTEREST_INCOME":null,"NET_INTEREST_INCOME_YOY":null,"FEE_COMMISSION_INCOME":null,"FEE_COMMISSION_INCOME_YOY":null,"ACCOUNTS_RECE_TDAYS":6.30946972764,"INVENTORY_TDAYS":0.339843698152,"CURRENT_ASSETS_TDAYS":0.164277880624,"TOTAL_ASSETS_TDAYS":0.075600623541,"PREMIUM_EXPENSE":null,"LOAN_DEPOSIT":null,"LOAN_EQUITY":null,"LOAN_ASSETS":null,"DEPOSIT_EQUITY":null,"DEPOSIT_ASSETS":null,"EQUITY_MULTIPLIER":1.640050670128,"EQUITY_RATIO":0.894882786782},{"SECUCODE":"01282.HK","SECURITY_CODE":"01282","SECURITY_NAME_ABBR":"中泽丰","ORG_CODE":"10145614","STD_REPORT_DATE":"2023-06-30 00:00:00","REPORT_DATE":"2023-06-30 00:00:00","DATE_TYPE_CODE":"002","REPORT_TYPE":"2023年中报","PER_NETCASH_OPERATE":0.095507319702,"PER_OI":0.163758360447,"BPS":1.830974874963,"BASIC_EPS":0.343160956,"DILUTED_EPS":0.343160956,"OPERATE_INCOME":307865717.64,"OPERATE_INCOME_YOY":-16.6226372693,"GROSS_PROFIT":48378134.56,"GROSS_PROFIT_YOY":-42.222995986218,"HOLDER_PROFIT":598079206.2,"HOLDER_PROFIT_YOY":377.6950145121,"GROSS_PROFIT_RATIO":15.714037578088,"EPS_TTM":0.162336076,"OPERATE_INCOME_QOQ":-4.777846223205,"NET_PROFIT_RATIO":187.9754909888,"ROE_AVG":12.810925733502,"GROSS_PROFIT_QOQ":-21.725591991354,"ROA":6.658106210183,"HOLDER_PROFIT_QOQ":161.948001982472,"ROE_YEARLY":25.621851467004,"ROIC_YEARLY":16.335501675661,"TOTAL_ASSETS":10644449027.88,"TOTAL_LIABILITIES":3878867589.88,"TAX_EBT":3.664583976021,"OCF_SALES":58.322103031283,"TOTAL_PARENT_EQUITY":4907012664.9,"DEBT_ASSET_RATIO":36.4402852578,"OPERATE_PROFIT":632872887.44,"PRETAX_PROFIT":600726210.78,"NETCASH_OPERATE":179553761.04,"NETCASH_INVEST":-107194004.7,"NETCASH_FINANCE":313473.2,"END_CASH":494240286.72,"DIVI_RATIO":null,"DIVIDEND_RATE":null,"CURRENT_RATIO":1.437607092892,"COMMON_ACS":5000000000000,"CURRENTDEBT_DEBT":87.379091470479,"ISSUED_COMMON_SHARES":2680000000,"HK_COMMON_SHARES":2680000000,"PER_SHARES":8000,"TOTAL_MARKET_CAP":318920000,"HKSK_MARKET_CAP":318920000,"PE_TTM":-0.509488610313,"PB_TTM":0.064734785691,"REPORT_DATE_SQ":"2022-06-30 00:00:00","REPORT_TYPE_SQ":"2022年中报","OPERATE_INCOME_SQ":342495043.1,"DPS_HKD":null,"OPERATE_INCOME_QOQ_SQ":-24.140891664121,"NET_PROFIT_RATIO_SQ":-64.4687757497,"HOLDER_PROFIT_SQ":-199770673.62,"HOLDER_PROFIT_QOQ_SQ":-220.902507761035,"ROE_AVG_SQ":-4.159039396108,"PE_TTM_SQ":0.858854900443,"PB_TTM_SQ":0.053375871693,"ROA_SQ":-2.518081347875,"START_DATE":"2023-01-01 00:00:00","FISCAL_YEAR":"12-31","CURRENCY":"HKD","IS_CNY_CODE":0,"DPS_HKD_LY":null,"ORG_TYPE":"一般企业","PREMIUM_INCOME":null,"PREMIUM_INCOME_YOY":null,"NET_INTEREST_INCOME":null,"NET_INTEREST_INCOME_YOY":null,"FEE_COMMISSION_INCOME":null,"FEE_COMMISSION_INCOME_YOY":null,"ACCOUNTS_RECE_TDAYS":2.413984305249,"INVENTORY_TDAYS":0.161896374494,"CURRENT_ASSETS_TDAYS":0.074978368256,"TOTAL_ASSETS_TDAYS":0.034273096695,"PREMIUM_EXPENSE":null,"LOAN_DEPOSIT":null,"LOAN_EQUITY":null,"LOAN_ASSETS":null,"DEPOSIT_EQUITY":null,"DEPOSIT_ASSETS":null,"EQUITY_MULTIPLIER":1.573323612379,"EQUITY_RATIO":0.790474338415},{"SECUCODE":"01282.HK","SECURITY_CODE":"01282","SECURITY_NAME_ABBR":"中泽丰","ORG_CODE":"10145614","STD_REPORT_DATE":"2022-12-31 00:00:00","REPORT_DATE":"2022-12-31 00:00:00","DATE_TYPE_CODE":"001","REPORT_TYPE":"2022年年报","PER_NETCASH_OPERATE":0.308837505835,"PER_OI":0.461833003783,"BPS":1.601513785127,"BASIC_EPS":-0.313895078,"DILUTED_EPS":-0.313895078,"OPERATE_INCOME":724789452.03,"OPERATE_INCOME_YOY":-68.9698532339,"GROSS_PROFIT":162731462.25,"GROSS_PROFIT_YOY":-67.127588932928,"HOLDER_PROFIT":-492658056.94,"HOLDER_PROFIT_YOY":-191.8769878861,"GROSS_PROFIT_RATIO":22.452239308149,"EPS_TTM":-0.313919786825,"OPERATE_INCOME_QOQ":-55.309217178985,"NET_PROFIT_RATIO":-66.2261874391,"ROE_AVG":-10.26580104815,"GROSS_PROFIT_QOQ":-0.633104601749,"ROA":-6.188297269005,"HOLDER_PROFIT_QOQ":0.62695203867,"ROE_YEARLY":-10.26580104815,"ROIC_YEARLY":-7.087970022746,"TOTAL_ASSETS":7093023834.05,"TOTAL_LIABILITIES":2527142117.57,"TAX_EBT":-5.78628238444,"OCF_SALES":66.872116826824,"TOTAL_PARENT_EQUITY":4292056944.14,"DEBT_ASSET_RATIO":35.6285580973,"OPERATE_PROFIT":-393054878.86,"PRETAX_PROFIT":-453745429.2,"NETCASH_OPERATE":484682049.11,"NETCASH_INVEST":-141758375.92,"NETCASH_FINANCE":-550608948.19,"END_CASH":434434718.34,"DIVI_RATIO":null,"DIVIDEND_RATE":null,"CURRENT_RATIO":1.408791467793,"COMMON_ACS":5000000000000,"CURRENTDEBT_DEBT":90.882619187577,"ISSUED_COMMON_SHARES":2680000000,"HK_COMMON_SHARES":2680000000,"PER_SHARES":8000,"TOTAL_MARKET_CAP":318920000,"HKSK_MARKET_CAP":318920000,"PE_TTM":-0.509488610313,"PB_TTM":0.064734785691,"REPORT_DATE_SQ":"2021-12-31 00:00:00","REPORT_TYPE_SQ":"2021年年报","OPERATE_INCOME_SQ":2137894001.6,"DPS_HKD":null,"OPERATE_INCOME_QOQ_SQ":-71.269859948857,"NET_PROFIT_RATIO_SQ":-2.6296818812,"HOLDER_PROFIT_SQ":-154491243.2,"HOLDER_PROFIT_QOQ_SQ":-12.647128226243,"ROE_AVG_SQ":-2.717448985902,"PE_TTM_SQ":0.858854900443,"PB_TTM_SQ":0.053375871693,"ROA_SQ":-0.878699197623,"START_DATE":"2022-01-01 00:00:00","FISCAL_YEAR":"12-31","CURRENCY":"HKD","IS_CNY_CODE":0,"DPS_HKD_LY":null,"ORG_TYPE":"一般企业","PREMIUM_INCOME":null,"PREMIUM_INCOME_YOY":null,"NET_INTEREST_INCOME":null,"NET_INTEREST_INCOME_YOY":null,"FEE_COMMISSION_INCOME":null,"FEE_COMMISSION_INCOME_YOY":null,"ACCOUNTS_RECE_TDAYS":5.171261316669,"INVENTORY_TDAYS":1.300625493511,"CURRENT_ASSETS_TDAYS":0.187763677441,"TOTAL_ASSETS_TDAYS":0.091041088711,"PREMIUM_EXPENSE":null,"LOAN_DEPOSIT":null,"LOAN_EQUITY":null,"LOAN_ASSETS":null,"DEPOSIT_EQUITY":null,"DEPOSIT_ASSETS":null,"EQUITY_MULTIPLIER":1.553483921506,"EQUITY_RATIO":0.588795104646},{"SECUCODE":"01282.HK","SECURITY_CODE":"01282","SECURITY_NAME_ABBR":"中泽丰","ORG_CODE":"10145614","STD_REPORT_DATE":"2022-06-30 00:00:00","REPORT_DATE":"2022-06-30 00:00:00","DATE_TYPE_CODE":"002","REPORT_TYPE":"2022年中报","PER_NETCASH_OPERATE":0.010432864379,"PER_OI":0.010911825085,"BPS":1.68909853303,"BASIC_EPS":-0.127252272,"DILUTED_EPS":-0.127252272,"OPERATE_INCOME":342495043.1,"OPERATE_INCOME_YOY":-61.188090794,"GROSS_PROFIT":83732508.09,"GROSS_PROFIT_YOY":-69.419399826758,"HOLDER_PROFIT":-199770673.62,"HOLDER_PROFIT_YOY":-237.3612997689,"GROSS_PROFIT_RATIO":24.447801443232,"EPS_TTM":-0.015795016514,"OPERATE_INCOME_QOQ":-24.140891664121,"NET_PROFIT_RATIO":-64.4687757497,"ROE_AVG":-4.159039396108,"GROSS_PROFIT_QOQ":-53.717509247043,"ROA":-2.518081347875,"HOLDER_PROFIT_QOQ":-220.902507761035,"ROE_YEARLY":-8.318078792216,"ROIC_YEARLY":-5.777962573026,"TOTAL_ASSETS":7414059442.72,"TOTAL_LIABILITIES":2633952702.78,"TAX_EBT":18.495942017091,"OCF_SALES":95.610626981947,"TOTAL_PARENT_EQUITY":4526784068.52,"DEBT_ASSET_RATIO":35.5264578485,"OPERATE_PROFIT":-312032320.11,"PRETAX_PROFIT":-270909653.77,"NETCASH_OPERATE":327461658.09,"NETCASH_INVEST":-89456294.76,"NETCASH_FINANCE":-343914658.5,"END_CASH":460292334.46,"DIVI_RATIO":null,"DIVIDEND_RATE":null,"CURRENT_RATIO":1.500121700814,"COMMON_ACS":5000000000000,"CURRENTDEBT_DEBT":92.707734705818,"ISSUED_COMMON_SHARES":2680000000,"HK_COMMON_SHARES":2680000000,"PER_SHARES":8000,"TOTAL_MARKET_CAP":318920000,"HKSK_MARKET_CAP":318920000,"PE_TTM":-0.509488610313,"PB_TTM":0.064734785691,"REPORT_DATE_SQ":"2021-06-30 00:00:00","REPORT_TYPE_SQ":"2021年中报","OPERATE_INCOME_SQ":858601717.92,"DPS_HKD":null,"OPERATE_INCOME_QOQ_SQ":12.971962159311,"NET_PROFIT_RATIO_SQ":5.2008524552,"HOLDER_PROFIT_SQ":141504356.88,"HOLDER_PROFIT_QOQ_SQ":24.994071490265,"ROE_AVG_SQ":2.114809110563,"PE_TTM_SQ":0.858854900443,"PB_TTM_SQ":0.053375871693,"ROA_SQ":0.484799407229,"START_DATE":"2022-01-01 00:00:00","FISCAL_YEAR":"12-31","CURRENCY":"HKD","IS_CNY_CODE":0,"DPS_HKD_LY":null,"ORG_TYPE":"一般企业","PREMIUM_INCOME":null,"PREMIUM_INCOME_YOY":null,"NET_INTEREST_INCOME":null,"NET_INTEREST_INCOME_YOY":null,"FEE_COMMISSION_INCOME":null,"FEE_COMMISSION_INCOME_YOY":null,"ACCOUNTS_RECE_TDAYS":2.546309983628,"INVENTORY_TDAYS":0.850540690206,"CURRENT_ASSETS_TDAYS":0.086091362091,"TOTAL_ASSETS_TDAYS":0.043171020257,"PREMIUM_EXPENSE":null,"LOAN_DEPOSIT":null,"LOAN_EQUITY":null,"LOAN_ASSETS":null,"DEPOSIT_EQUITY":null,"DEPOSIT_ASSETS":null,"EQUITY_MULTIPLIER":1.551023825634,"EQUITY_RATIO":0.581859585726},{"SECUCODE":"01282.HK","SECURITY_CODE":"01282","SECURITY_NAME_ABBR":"中泽丰","ORG_CODE":"10145614","STD_REPORT_DATE":"2021-12-31 00:00:00","REPORT_DATE":"2021-12-31 00:00:00","DATE_TYPE_CODE":"001","REPORT_TYPE":"2021年年报","PER_NETCASH_OPERATE":0.044625430706,"PER_OI":0.068112884743,"BPS":1.812130775522,"BASIC_EPS":-0.0049056,"DILUTED_EPS":-0.0049056,"OPERATE_INCOME":2137894001.6,"OPERATE_INCOME_YOY":66.1749537828,"GROSS_PROFIT":495039630.4,"GROSS_PROFIT_YOY":73.979458246054,"HOLDER_PROFIT":-154491243.2,"HOLDER_PROFIT_YOY":13.0236454608,"GROSS_PROFIT_RATIO":16.551101959928,"EPS_TTM":-0.004922060792,"OPERATE_INCOME_QOQ":-71.269859948857,"NET_PROFIT_RATIO":-2.6296818812,"ROE_AVG":-2.717448985902,"GROSS_PROFIT_QOQ":-11.134974355137,"ROA":-0.878699197623,"HOLDER_PROFIT_QOQ":-12.647128226243,"ROE_YEARLY":-2.717448985902,"ROIC_YEARLY":-1.044881312212,"TOTAL_ASSETS":8081290851.2,"TOTAL_LIABILITIES":2902572388.8,"TAX_EBT":-832.055386585561,"OCF_SALES":65.516870815472,"TOTAL_PARENT_EQUITY":4856510478.4,"DEBT_ASSET_RATIO":35.9171875168,"OPERATE_PROFIT":53937889.6,"PRETAX_PROFIT":-10215094.4,"NETCASH_OPERATE":1400681251.2,"NETCASH_INVEST":328247595.2,"NETCASH_FINANCE":-2506706003.2,"END_CASH":596910137.6,"DIVI_RATIO":null,"DIVIDEND_RATE":null,"CURRENT_RATIO":1.542341035446,"COMMON_ACS":5000000000000,"CURRENTDEBT_DEBT":91.689503967902,"ISSUED_COMMON_SHARES":2680000000,"HK_COMMON_SHARES":2680000000,"PER_SHARES":8000,"TOTAL_MARKET_CAP":318920000,"HKSK_MARKET_CAP":318920000,"PE_TTM":-0.509488610313,"PB_TTM":0.064734785691,"REPORT_DATE_SQ":"2020-12-31 00:00:00","REPORT_TYPE_SQ":"2020年年报","OPERATE_INCOME_SQ":1324360097.08,"DPS_HKD":null,"OPERATE_INCOME_QOQ_SQ":-36.946758818788,"NET_PROFIT_RATIO_SQ":-7.4211163312,"HOLDER_PROFIT_SQ":-182847131.64,"HOLDER_PROFIT_QOQ_SQ":-147.749327157424,"ROE_AVG_SQ":-2.786316778712,"PE_TTM_SQ":0.858854900443,"PB_TTM_SQ":0.053375871693,"ROA_SQ":-0.694499810592,"START_DATE":"2021-01-01 00:00:00","FISCAL_YEAR":"12-31","CURRENCY":"HKD","IS_CNY_CODE":0,"DPS_HKD_LY":null,"ORG_TYPE":"一般企业","PREMIUM_INCOME":null,"PREMIUM_INCOME_YOY":null,"NET_INTEREST_INCOME":null,"NET_INTEREST_INCOME_YOY":null,"FEE_COMMISSION_INCOME":null,"FEE_COMMISSION_INCOME_YOY":null,"ACCOUNTS_RECE_TDAYS":9.605581494448,"INVENTORY_TDAYS":0.442437418864,"CURRENT_ASSETS_TDAYS":0.195353669355,"TOTAL_ASSETS_TDAYS":0.121596907689,"PREMIUM_EXPENSE":null,"LOAN_DEPOSIT":null,"LOAN_EQUITY":null,"LOAN_ASSETS":null,"DEPOSIT_EQUITY":null,"DEPOSIT_ASSETS":null,"EQUITY_MULTIPLIER":1.560480823563,"EQUITY_RATIO":0.597666246518},{"SECUCODE":"01282.HK","SECURITY_CODE":"01282","SECURITY_NAME_ABBR":"中泽丰","ORG_CODE":"10145614","STD_REPORT_DATE":"2021-06-30 00:00:00","REPORT_DATE":"2021-06-30 00:00:00","DATE_TYPE_CODE":"002","REPORT_TYPE":"2021年中报","PER_NETCASH_OPERATE":-0.000863083011,"PER_OI":0.0273548828,"BPS":2.519801835493,"BASIC_EPS":0.004493232,"DILUTED_EPS":0.004493232,"OPERATE_INCOME":858601717.92,"OPERATE_INCOME_YOY":48.0351770682,"GROSS_PROFIT":273809237.28,"GROSS_PROFIT_YOY":23.273741355846,"HOLDER_PROFIT":141504356.88,"HOLDER_PROFIT_YOY":62.145077325,"GROSS_PROFIT_RATIO":8.917282250449,"EPS_TTM":-0.004369450752,"OPERATE_INCOME_QOQ":12.971962159311,"NET_PROFIT_RATIO":5.2008524552,"ROE_AVG":2.114809110563,"GROSS_PROFIT_QOQ":22.340553738806,"ROA":0.484799407229,"HOLDER_PROFIT_QOQ":24.994071490265,"ROE_YEARLY":4.229618221126,"ROIC_YEARLY":1.145649426769,"TOTAL_ASSETS":30814484374.32,"TOTAL_LIABILITIES":21273764397.6,"TAX_EBT":25.610963233116,"OCF_SALES":-0.819360638476,"TOTAL_PARENT_EQUITY":6753068919.12,"DEBT_ASSET_RATIO":69.038196905,"OPERATE_PROFIT":364132353.36,"PRETAX_PROFIT":362303441.52,"NETCASH_OPERATE":-27090028.56,"NETCASH_INVEST":-337779547.68,"NETCASH_FINANCE":272005287.84,"END_CASH":1351382792.16,"DIVI_RATIO":null,"DIVIDEND_RATE":null,"CURRENT_RATIO":1.402630860087,"COMMON_ACS":5000000000000,"CURRENTDEBT_DEBT":69.171931597683,"ISSUED_COMMON_SHARES":2680000000,"HK_COMMON_SHARES":2680000000,"PER_SHARES":8000,"TOTAL_MARKET_CAP":318920000,"HKSK_MARKET_CAP":318920000,"PE_TTM":-0.509488610313,"PB_TTM":0.064734785691,"REPORT_DATE_SQ":"2020-06-30 00:00:00","REPORT_TYPE_SQ":"2020年中报","OPERATE_INCOME_SQ":2451796274.4,"DPS_HKD":null,"OPERATE_INCOME_QOQ_SQ":7.10951276893,"NET_PROFIT_RATIO_SQ":-2.3327068124,"HOLDER_PROFIT_SQ":95803414.08,"HOLDER_PROFIT_QOQ_SQ":-37.529055642481,"ROE_AVG_SQ":1.362631429129,"PE_TTM_SQ":0.858854900443,"PB_TTM_SQ":0.053375871693,"ROA_SQ":0.356952590347,"START_DATE":"2021-01-01 00:00:00","FISCAL_YEAR":"12-31","CURRENCY":"HKD","IS_CNY_CODE":0,"DPS_HKD_LY":null,"ORG_TYPE":"一般企业","PREMIUM_INCOME":null,"PREMIUM_INCOME_YOY":null,"NET_INTEREST_INCOME":null,"NET_INTEREST_INCOME_YOY":null,"FEE_COMMISSION_INCOME":null,"FEE_COMMISSION_INCOME_YOY":null,"ACCOUNTS_RECE_TDAYS":2.049964041783,"INVENTORY_TDAYS":0.357308373717,"CURRENT_ASSETS_TDAYS":0.170697409519,"TOTAL_ASSETS_TDAYS":0.113273060363,"PREMIUM_EXPENSE":null,"LOAN_DEPOSIT":null,"LOAN_EQUITY":null,"LOAN_ASSETS":null,"DEPOSIT_EQUITY":null,"DEPOSIT_ASSETS":null,"EQUITY_MULTIPLIER":3.229786059073,"EQUITY_RATIO":3.150236529849},{"SECUCODE":"01282.HK","SECURITY_CODE":"01282","SECURITY_NAME_ABBR":"中泽丰","ORG_CODE":"10145614","STD_REPORT_DATE":"2020-12-31 00:00:00","REPORT_DATE":"2020-12-31 00:00:00","DATE_TYPE_CODE":"001","REPORT_TYPE":"2020年年报","PER_NETCASH_OPERATE":-0.058851763038,"PER_OI":0.042193853663,"BPS":2.501988764493,"BASIC_EPS":-0.005975644,"DILUTED_EPS":-0.005975644,"OPERATE_INCOME":1324360097.08,"OPERATE_INCOME_YOY":-28.1196052102,"GROSS_PROFIT":284539126.28,"GROSS_PROFIT_YOY":-83.741814087906,"HOLDER_PROFIT":-182847131.64,"HOLDER_PROFIT_YOY":-131.7482887422,"GROSS_PROFIT_RATIO":4.941218020272,"EPS_TTM":-0.005825473851,"OPERATE_INCOME_QOQ":-36.946758818788,"NET_PROFIT_RATIO":-7.4211163312,"ROE_AVG":-2.786316778712,"GROSS_PROFIT_QOQ":-82.970181639897,"ROA":-0.694499810592,"HOLDER_PROFIT_QOQ":-147.749327157424,"ROE_YEARLY":-2.786316778712,"ROIC_YEARLY":-0.83208782456,"TOTAL_ASSETS":27878639063.4,"TOTAL_LIABILITIES":18736662902.68,"TAX_EBT":25.206476014048,"OCF_SALES":-28.043913476361,"TOTAL_PARENT_EQUITY":6705329888.84,"DEBT_ASSET_RATIO":67.2079539466,"OPERATE_PROFIT":-171131502.84,"PRETAX_PROFIT":-174461872.32,"NETCASH_OPERATE":-1847210431,"NETCASH_INVEST":206459341.84,"NETCASH_FINANCE":1981353539.12,"END_CASH":1451544525.68,"DIVI_RATIO":null,"DIVIDEND_RATE":null,"CURRENT_RATIO":1.557946090337,"COMMON_ACS":5000000000000,"CURRENTDEBT_DEBT":62.710266112966,"ISSUED_COMMON_SHARES":2680000000,"HK_COMMON_SHARES":2680000000,"PER_SHARES":8000,"TOTAL_MARKET_CAP":318920000,"HKSK_MARKET_CAP":318920000,"PE_TTM":-0.509488610313,"PB_TTM":0.064734785691,"REPORT_DATE_SQ":"2019-12-31 00:00:00","REPORT_TYPE_SQ":"2019年年报","OPERATE_INCOME_SQ":9753091399.6,"DPS_HKD":null,"OPERATE_INCOME_QOQ_SQ":308.685113650249,"NET_PROFIT_RATIO_SQ":8.9531145812,"HOLDER_PROFIT_SQ":612975087.76,"HOLDER_PROFIT_QOQ_SQ":-13.755643430866,"ROE_AVG_SQ":9.824990931196,"PE_TTM_SQ":0.858854900443,"PB_TTM_SQ":0.053375871693,"ROA_SQ":3.402720199048,"START_DATE":"2020-01-01 00:00:00","FISCAL_YEAR":"12-31","CURRENCY":"HKD","IS_CNY_CODE":0,"DPS_HKD_LY":null,"ORG_TYPE":"一般企业","PREMIUM_INCOME":null,"PREMIUM_INCOME_YOY":null,"NET_INTEREST_INCOME":null,"NET_INTEREST_INCOME_YOY":null,"FEE_COMMISSION_INCOME":null,"FEE_COMMISSION_INCOME_YOY":null,"ACCOUNTS_RECE_TDAYS":4.456560804678,"INVENTORY_TDAYS":0.855972554564,"CURRENT_ASSETS_TDAYS":0.39529842748,"TOTAL_ASSETS_TDAYS":0.25018526836,"PREMIUM_EXPENSE":null,"LOAN_DEPOSIT":null,"LOAN_EQUITY":null,"LOAN_ASSETS":null,"DEPOSIT_EQUITY":null,"DEPOSIT_ASSETS":null,"EQUITY_MULTIPLIER":3.049519991438,"EQUITY_RATIO":2.794293974091},{"SECUCODE":"01282.HK","SECURITY_CODE":"01282","SECURITY_NAME_ABBR":"中泽丰","ORG_CODE":"10145614","STD_REPORT_DATE":"2020-06-30 00:00:00","REPORT_DATE":"2020-06-30 00:00:00","DATE_TYPE_CODE":"002","REPORT_TYPE":"2020年中报","PER_NETCASH_OPERATE":-0.031692390519,"PER_OI":0.078113749759,"BPS":2.64723228394,"BASIC_EPS":0.00319704,"DILUTED_EPS":0.00319704,"OPERATE_INCOME":2451796274.4,"OPERATE_INCOME_YOY":34.2770440326,"GROSS_PROFIT":222114810.72,"GROSS_PROFIT_YOY":263.750073626229,"HOLDER_PROFIT":95803414.08,"HOLDER_PROFIT_YOY":-71.685959873,"GROSS_PROFIT_RATIO":9.059268628441,"EPS_TTM":0.012200117149,"OPERATE_INCOME_QOQ":7.10951276893,"NET_PROFIT_RATIO":-2.3327068124,"ROE_AVG":1.362631429129,"GROSS_PROFIT_QOQ":9.202315309203,"ROA":0.356952590347,"HOLDER_PROFIT_QOQ":-37.529055642481,"ROE_YEARLY":2.725262858257,"ROIC_YEARLY":0.847188432867,"TOTAL_ASSETS":26787643745.28,"TOTAL_LIABILITIES":17108264432.16,"TAX_EBT":51.435685033507,"OCF_SALES":-40.5721023719,"TOTAL_PARENT_EQUITY":7094582520.96,"DEBT_ASSET_RATIO":63.8662533922,"OPERATE_PROFIT":-7625397.12,"PRETAX_PROFIT":-117767992.32,"NETCASH_OPERATE":-994745294.4,"NETCASH_INVEST":-141081721.44,"NETCASH_FINANCE":1046336385.6,"END_CASH":1086057324,"DIVI_RATIO":null,"DIVIDEND_RATE":null,"CURRENT_RATIO":1.557366071181,"COMMON_ACS":5000000000000,"CURRENTDEBT_DEBT":62.627811148505,"ISSUED_COMMON_SHARES":2680000000,"HK_COMMON_SHARES":2680000000,"PER_SHARES":8000,"TOTAL_MARKET_CAP":318920000,"HKSK_MARKET_CAP":318920000,"PE_TTM":-0.509488610313,"PB_TTM":0.064734785691,"REPORT_DATE_SQ":"2019-06-30 00:00:00","REPORT_TYPE_SQ":"2019年中报","OPERATE_INCOME_SQ":1758398995.98,"DPS_HKD":null,"OPERATE_INCOME_QOQ_SQ":72.101350806827,"NET_PROFIT_RATIO_SQ":22.7651995645,"HOLDER_PROFIT_SQ":325847175.84,"HOLDER_PROFIT_QOQ_SQ":20.920060294796,"ROE_AVG_SQ":5.390062750829,"PE_TTM_SQ":0.858854900443,"PB_TTM_SQ":0.053375871693,"ROA_SQ":1.942203714061,"START_DATE":"2020-01-01 00:00:00","FISCAL_YEAR":"12-31","CURRENCY":"HKD","IS_CNY_CODE":0,"DPS_HKD_LY":null,"ORG_TYPE":"一般企业","PREMIUM_INCOME":null,"PREMIUM_INCOME_YOY":null,"NET_INTEREST_INCOME":null,"NET_INTEREST_INCOME_YOY":null,"FEE_COMMISSION_INCOME":null,"FEE_COMMISSION_INCOME_YOY":null,"ACCOUNTS_RECE_TDAYS":8.749451964372,"INVENTORY_TDAYS":0.309474961654,"CURRENT_ASSETS_TDAYS":0.148646781452,"TOTAL_ASSETS_TDAYS":0.091351131852,"PREMIUM_EXPENSE":null,"LOAN_DEPOSIT":null,"LOAN_EQUITY":null,"LOAN_ASSETS":null,"DEPOSIT_EQUITY":null,"DEPOSIT_ASSETS":null,"EQUITY_MULTIPLIER":2.767496022082,"EQUITY_RATIO":2.411454709508}],"count":33},"success":true,"message":"ok","code":0}