{"version":"813b10b2187a806ccb96363fa9b5a3b6","result":{"pages":2,"data":[{"SECUCODE":"01283.HK","SECURITY_CODE":"01283","SECURITY_NAME_ABBR":"高陞集团控股","ORG_CODE":"10000001470","STD_REPORT_DATE":"2024-06-30 00:00:00","REPORT_DATE":"2024-09-30 00:00:00","DATE_TYPE_CODE":"002","REPORT_TYPE":"2024年中报","PER_NETCASH_OPERATE":-0.003451111482,"PER_OI":0.276229053966,"BPS":0.477685879454,"BASIC_EPS":0.0180358,"DILUTED_EPS":0.0180358,"OPERATE_INCOME":223973975.14,"OPERATE_INCOME_YOY":-12.0320751442,"GROSS_PROFIT":33074050.04,"GROSS_PROFIT_YOY":-11.657383645939,"HOLDER_PROFIT":14709998.48,"HOLDER_PROFIT_YOY":9.3370869361,"GROSS_PROFIT_RATIO":14.76691656668,"EPS_TTM":0.045607740739,"OPERATE_INCOME_QOQ":0,"NET_PROFIT_RATIO":6.4880056046,"ROE_AVG":3.827594015043,"GROSS_PROFIT_QOQ":0,"ROA":2.976878639089,"HOLDER_PROFIT_QOQ":0,"ROE_YEARLY":7.655188030087,"ROIC_YEARLY":7.259238985923,"TOTAL_ASSETS":513784932.81,"TOTAL_LIABILITIES":127626731.54,"TAX_EBT":16.76652892562,"OCF_SALES":-1.24936585523,"TOTAL_PARENT_EQUITY":387320608.58,"DEBT_ASSET_RATIO":24.8404971399,"OPERATE_PROFIT":17955540.69,"PRETAX_PROFIT":17458654.4,"NETCASH_OPERATE":-2798254.37,"NETCASH_INVEST":1156996.57,"NETCASH_FINANCE":4039117.41,"END_CASH":91159245.73,"DIVI_RATIO":0.377038847385,"DIVIDEND_RATE":2.065217391304,"CURRENT_RATIO":3.555102277001,"COMMON_ACS":10000000000,"CURRENTDEBT_DEBT":97.686644150192,"ISSUED_COMMON_SHARES":810827000,"HK_COMMON_SHARES":810827000,"PER_SHARES":5000,"TOTAL_MARKET_CAP":745960840,"HKSK_MARKET_CAP":745960840,"PE_TTM":17.683082612303,"PB_TTM":1.73680411267,"REPORT_DATE_SQ":"2023-06-30 00:00:00","REPORT_TYPE_SQ":"2023年中报","OPERATE_INCOME_SQ":259080901.31,"DPS_HKD":0.019,"OPERATE_INCOME_QOQ_SQ":0,"NET_PROFIT_RATIO_SQ":5.4190559509,"HOLDER_PROFIT_SQ":13690121.97,"HOLDER_PROFIT_QOQ_SQ":0,"ROE_AVG_SQ":3.736330612291,"PE_TTM_SQ":15.626931731078,"PB_TTM_SQ":1.578374274497,"ROA_SQ":2.6921026063,"START_DATE":"2024-04-01 00:00:00","FISCAL_YEAR":"3-31","CURRENCY":"HKD","IS_CNY_CODE":0,"DPS_HKD_LY":0.019,"ORG_TYPE":"一般企业","PREMIUM_INCOME":null,"PREMIUM_INCOME_YOY":null,"NET_INTEREST_INCOME":null,"NET_INTEREST_INCOME_YOY":null,"FEE_COMMISSION_INCOME":null,"FEE_COMMISSION_INCOME_YOY":null,"ACCOUNTS_RECE_TDAYS":null,"INVENTORY_TDAYS":null,"CURRENT_ASSETS_TDAYS":0.540560658164,"TOTAL_ASSETS_TDAYS":0.453258607207,"PREMIUM_EXPENSE":null,"LOAN_DEPOSIT":null,"LOAN_EQUITY":null,"LOAN_ASSETS":null,"DEPOSIT_EQUITY":null,"DEPOSIT_ASSETS":null,"EQUITY_MULTIPLIER":1.330503744631,"EQUITY_RATIO":0.329511853263},{"SECUCODE":"01283.HK","SECURITY_CODE":"01283","SECURITY_NAME_ABBR":"高陞集团控股","ORG_CODE":"10000001470","STD_REPORT_DATE":"2023-12-31 00:00:00","REPORT_DATE":"2024-03-31 00:00:00","DATE_TYPE_CODE":"001","REPORT_TYPE":"2023年年报","PER_NETCASH_OPERATE":0.094709406507,"PER_OI":0.61888536932,"BPS":0.472753212769,"BASIC_EPS":0.04623405,"DILUTED_EPS":0.046143395,"OPERATE_INCOME":501808967.35,"OPERATE_INCOME_YOY":2.7939133729,"GROSS_PROFIT":79625912.7,"GROSS_PROFIT_YOY":-4.189746178782,"HOLDER_PROFIT":36979987.6,"HOLDER_PROFIT_YOY":-27.7723675124,"GROSS_PROFIT_RATIO":15.867773969942,"EPS_TTM":0.043919401525,"OPERATE_INCOME_QOQ":0,"NET_PROFIT_RATIO":7.3019509084,"ROE_AVG":9.936980368179,"GROSS_PROFIT_QOQ":0,"ROA":7.566860667331,"HOLDER_PROFIT_QOQ":0,"ROE_YEARLY":9.936980368179,"ROIC_YEARLY":8.869802510342,"TOTAL_ASSETS":477003039.7,"TOTAL_LIABILITIES":94715437.45,"TAX_EBT":17.174180327869,"OCF_SALES":15.303222729465,"TOTAL_PARENT_EQUITY":383321069.25,"DEBT_ASSET_RATIO":19.8563593032,"OPERATE_PROFIT":42116499.9,"PRETAX_PROFIT":44239640,"NETCASH_OPERATE":76792943.95,"NETCASH_INVEST":-272871.55,"NETCASH_FINANCE":-43368445.45,"END_CASH":89229903.4,"DIVI_RATIO":0.391532885306,"DIVIDEND_RATE":1.979166666667,"CURRENT_RATIO":4.307410132119,"COMMON_ACS":10000000000,"CURRENTDEBT_DEBT":94.975066759827,"ISSUED_COMMON_SHARES":810827000,"HK_COMMON_SHARES":810827000,"PER_SHARES":5000,"TOTAL_MARKET_CAP":778393920,"HKSK_MARKET_CAP":778393920,"PE_TTM":18.451912291099,"PB_TTM":1.81231733496,"REPORT_DATE_SQ":"2022-12-31 00:00:00","REPORT_TYPE_SQ":"2022年年报","OPERATE_INCOME_SQ":471401281.72,"DPS_HKD":0.019,"OPERATE_INCOME_QOQ_SQ":0,"NET_PROFIT_RATIO_SQ":10.3806556086,"HOLDER_PROFIT_SQ":49440530.57,"HOLDER_PROFIT_QOQ_SQ":0,"ROE_AVG_SQ":14.679244841653,"PE_TTM_SQ":11.332046673867,"PB_TTM_SQ":1.598353695693,"ROA_SQ":11.341753747566,"START_DATE":"2023-04-01 00:00:00","FISCAL_YEAR":"3-31","CURRENCY":"HKD","IS_CNY_CODE":0,"DPS_HKD_LY":0.023,"ORG_TYPE":"一般企业","PREMIUM_INCOME":null,"PREMIUM_INCOME_YOY":null,"NET_INTEREST_INCOME":null,"NET_INTEREST_INCOME_YOY":null,"FEE_COMMISSION_INCOME":null,"FEE_COMMISSION_INCOME_YOY":null,"ACCOUNTS_RECE_TDAYS":null,"INVENTORY_TDAYS":null,"CURRENT_ASSETS_TDAYS":1.248292028942,"TOTAL_ASSETS_TDAYS":1.026803626498,"PREMIUM_EXPENSE":null,"LOAN_DEPOSIT":null,"LOAN_EQUITY":null,"LOAN_ASSETS":null,"DEPOSIT_EQUITY":null,"DEPOSIT_ASSETS":null,"EQUITY_MULTIPLIER":1.247759636704,"EQUITY_RATIO":0.247091655137},{"SECUCODE":"01283.HK","SECURITY_CODE":"01283","SECURITY_NAME_ABBR":"高陞集团控股","ORG_CODE":"10000001470","STD_REPORT_DATE":"2023-06-30 00:00:00","REPORT_DATE":"2023-09-30 00:00:00","DATE_TYPE_CODE":"002","REPORT_TYPE":"2023年中报","PER_NETCASH_OPERATE":0.045618828413,"PER_OI":0.323851126638,"BPS":0.453154697069,"BASIC_EPS":0.01743497,"DILUTED_EPS":0.01743497,"OPERATE_INCOME":259080901.31,"OPERATE_INCOME_YOY":32.0627718789,"GROSS_PROFIT":37438386.37,"GROSS_PROFIT_YOY":-8.735345502057,"HOLDER_PROFIT":13690121.97,"HOLDER_PROFIT_YOY":-51.8011178238,"GROSS_PROFIT_RATIO":14.450461682316,"EPS_TTM":0.061800663213,"OPERATE_INCOME_QOQ":0,"NET_PROFIT_RATIO":5.4190559509,"ROE_AVG":3.736330612291,"GROSS_PROFIT_QOQ":0,"ROA":2.6921026063,"HOLDER_PROFIT_QOQ":0,"ROE_YEARLY":7.472661224582,"ROIC_YEARLY":6.239485584338,"TOTAL_ASSETS":510525285.76,"TOTAL_LIABILITIES":143449427.38,"TAX_EBT":17.600172339509,"OCF_SALES":14.086357792284,"TOTAL_PARENT_EQUITY":367430063.56,"DEBT_ASSET_RATIO":28.0983981364,"OPERATE_PROFIT":17980959.85,"PRETAX_PROFIT":17038553.84,"NETCASH_OPERATE":36456522.27,"NETCASH_INVEST":-5383735.21,"NETCASH_FINANCE":-4128417.37,"END_CASH":83708043.86,"DIVI_RATIO":0.278247661208,"DIVIDEND_RATE":1.979166666667,"CURRENT_RATIO":3.055319263487,"COMMON_ACS":10000000000,"CURRENTDEBT_DEBT":95.052646392795,"ISSUED_COMMON_SHARES":810827000,"HK_COMMON_SHARES":810827000,"PER_SHARES":5000,"TOTAL_MARKET_CAP":778393920,"HKSK_MARKET_CAP":778393920,"PE_TTM":18.451912291099,"PB_TTM":1.81231733496,"REPORT_DATE_SQ":"2022-06-30 00:00:00","REPORT_TYPE_SQ":"2022年中报","OPERATE_INCOME_SQ":193360227.6,"DPS_HKD":0.019,"OPERATE_INCOME_QOQ_SQ":0,"NET_PROFIT_RATIO_SQ":14.4599840965,"HOLDER_PROFIT_SQ":27995131.32,"HOLDER_PROFIT_QOQ_SQ":0,"ROE_AVG_SQ":8.180433084861,"PE_TTM_SQ":15.626931731078,"PB_TTM_SQ":1.578374274497,"ROA_SQ":6.746203857278,"START_DATE":"2023-04-01 00:00:00","FISCAL_YEAR":"3-31","CURRENCY":"HKD","IS_CNY_CODE":0,"DPS_HKD_LY":0.023,"ORG_TYPE":"一般企业","PREMIUM_INCOME":null,"PREMIUM_INCOME_YOY":null,"NET_INTEREST_INCOME":null,"NET_INTEREST_INCOME_YOY":null,"FEE_COMMISSION_INCOME":null,"FEE_COMMISSION_INCOME_YOY":null,"ACCOUNTS_RECE_TDAYS":null,"INVENTORY_TDAYS":null,"CURRENT_ASSETS_TDAYS":0.61817927039,"TOTAL_ASSETS_TDAYS":0.50947126051,"PREMIUM_EXPENSE":null,"LOAN_DEPOSIT":null,"LOAN_EQUITY":null,"LOAN_ASSETS":null,"DEPOSIT_EQUITY":null,"DEPOSIT_ASSETS":null,"EQUITY_MULTIPLIER":1.390789598675,"EQUITY_RATIO":0.390412874739},{"SECUCODE":"01283.HK","SECURITY_CODE":"01283","SECURITY_NAME_ABBR":"高陞集团控股","ORG_CODE":"10000001470","STD_REPORT_DATE":"2022-12-31 00:00:00","REPORT_DATE":"2023-03-31 00:00:00","DATE_TYPE_CODE":"001","REPORT_TYPE":"2022年年报","PER_NETCASH_OPERATE":-0.042433311225,"PER_OI":0.58925160215,"BPS":0.429894266459,"BASIC_EPS":0.061803946,"DILUTED_EPS":null,"OPERATE_INCOME":471401281.72,"OPERATE_INCOME_YOY":-1.6120515608,"GROSS_PROFIT":83107923.76,"GROSS_PROFIT_YOY":-4.687205345896,"HOLDER_PROFIT":49440530.57,"HOLDER_PROFIT_YOY":-17.1660726595,"GROSS_PROFIT_RATIO":17.629974075752,"EPS_TTM":0.067536714538,"OPERATE_INCOME_QOQ":0,"NET_PROFIT_RATIO":10.3806556086,"ROE_AVG":14.679244841653,"GROSS_PROFIT_QOQ":0,"ROA":11.341753747566,"HOLDER_PROFIT_QOQ":0,"ROE_YEARLY":14.679244841653,"ROIC_YEARLY":14.266444036345,"TOTAL_ASSETS":483227195.41,"TOTAL_LIABILITIES":135328756.49,"TAX_EBT":15.275020082756,"OCF_SALES":-7.201221188059,"TOTAL_PARENT_EQUITY":348569878.39,"DEBT_ASSET_RATIO":28.0052028891,"OPERATE_PROFIT":52009858.92,"PRETAX_PROFIT":57756925.57,"NETCASH_OPERATE":-33946648.98,"NETCASH_INVEST":-34729265.52,"NETCASH_FINANCE":-2587711.96,"END_CASH":54151987.19,"DIVI_RATIO":0.254615435734,"DIVIDEND_RATE":1.979166666667,"CURRENT_RATIO":3.140214063098,"COMMON_ACS":10000000000,"CURRENTDEBT_DEBT":94.645802741463,"ISSUED_COMMON_SHARES":810827000,"HK_COMMON_SHARES":810827000,"PER_SHARES":5000,"TOTAL_MARKET_CAP":778393920,"HKSK_MARKET_CAP":778393920,"PE_TTM":18.451912291099,"PB_TTM":1.81231733496,"REPORT_DATE_SQ":"2021-12-31 00:00:00","REPORT_TYPE_SQ":"2021年年报","OPERATE_INCOME_SQ":443877938.15,"DPS_HKD":0.019,"OPERATE_INCOME_QOQ_SQ":0,"NET_PROFIT_RATIO_SQ":12.4206352832,"HOLDER_PROFIT_SQ":55295472.81,"HOLDER_PROFIT_QOQ_SQ":0,"ROE_AVG_SQ":18.833932071219,"PE_TTM_SQ":10.907094923597,"PB_TTM_SQ":1.538415432105,"ROA_SQ":14.976293740164,"START_DATE":"2022-04-01 00:00:00","FISCAL_YEAR":"3-31","CURRENCY":"HKD","IS_CNY_CODE":0,"DPS_HKD_LY":0.037,"ORG_TYPE":"一般企业","PREMIUM_INCOME":null,"PREMIUM_INCOME_YOY":null,"NET_INTEREST_INCOME":null,"NET_INTEREST_INCOME_YOY":null,"FEE_COMMISSION_INCOME":null,"FEE_COMMISSION_INCOME_YOY":null,"ACCOUNTS_RECE_TDAYS":4.374143028885,"INVENTORY_TDAYS":null,"CURRENT_ASSETS_TDAYS":1.210796371829,"TOTAL_ASSETS_TDAYS":1.081403696909,"PREMIUM_EXPENSE":null,"LOAN_DEPOSIT":null,"LOAN_EQUITY":null,"LOAN_ASSETS":null,"DEPOSIT_EQUITY":null,"DEPOSIT_ASSETS":null,"EQUITY_MULTIPLIER":1.388989260515,"EQUITY_RATIO":0.388239962429},{"SECUCODE":"01283.HK","SECURITY_CODE":"01283","SECURITY_NAME_ABBR":"高陞集团控股","ORG_CODE":"10000001470","STD_REPORT_DATE":"2022-06-30 00:00:00","REPORT_DATE":"2022-09-30 00:00:00","DATE_TYPE_CODE":"002","REPORT_TYPE":"2022年中报","PER_NETCASH_OPERATE":0.02632033455,"PER_OI":0.2417002845,"BPS":0.429957216768,"BASIC_EPS":0.03527316,"DILUTED_EPS":null,"OPERATE_INCOME":193360227.6,"OPERATE_INCOME_YOY":-23.8986501879,"GROSS_PROFIT":41021780.64,"GROSS_PROFIT_YOY":-12.826992921431,"HOLDER_PROFIT":27995131.32,"HOLDER_PROFIT_YOY":-11.8775800712,"GROSS_PROFIT_RATIO":21.21521118855,"EPS_TTM":0.069119341013,"OPERATE_INCOME_QOQ":0,"NET_PROFIT_RATIO":14.4599840965,"ROE_AVG":8.180433084861,"GROSS_PROFIT_QOQ":0,"ROA":6.746203857278,"HOLDER_PROFIT_QOQ":0,"ROE_YEARLY":16.360866169722,"ROIC_YEARLY":18.197798838276,"TOTAL_ASSETS":428460361.2,"TOTAL_LIABILITIES":80046557.76,"TAX_EBT":13.633569872046,"OCF_SALES":10.889658075682,"TOTAL_PARENT_EQUITY":348620920.2,"DEBT_ASSET_RATIO":18.6823718152,"OPERATE_PROFIT":32607775.32,"PRETAX_PROFIT":32373525.36,"NETCASH_OPERATE":21056267.64,"NETCASH_INVEST":-53028221.64,"NETCASH_FINANCE":-12198182.28,"END_CASH":85404460.32,"DIVI_RATIO":0.248785502699,"DIVIDEND_RATE":1.979166666667,"CURRENT_RATIO":4.702004801921,"COMMON_ACS":10000000000,"CURRENTDEBT_DEBT":94.120039772214,"ISSUED_COMMON_SHARES":810827000,"HK_COMMON_SHARES":810827000,"PER_SHARES":5000,"TOTAL_MARKET_CAP":778393920,"HKSK_MARKET_CAP":778393920,"PE_TTM":18.451912291099,"PB_TTM":1.81231733496,"REPORT_DATE_SQ":"2021-06-30 00:00:00","REPORT_TYPE_SQ":"2021年中报","OPERATE_INCOME_SQ":234029879.68,"DPS_HKD":0.019,"OPERATE_INCOME_QOQ_SQ":0,"NET_PROFIT_RATIO_SQ":12.5032036678,"HOLDER_PROFIT_SQ":29261232.5,"HOLDER_PROFIT_QOQ_SQ":0,"ROE_AVG_SQ":9.925582854244,"PE_TTM_SQ":10.907094923597,"PB_TTM_SQ":1.538415432105,"ROA_SQ":7.332357773134,"START_DATE":"2022-04-01 00:00:00","FISCAL_YEAR":"3-31","CURRENCY":"HKD","IS_CNY_CODE":0,"DPS_HKD_LY":0.037,"ORG_TYPE":"一般企业","PREMIUM_INCOME":null,"PREMIUM_INCOME_YOY":null,"NET_INTEREST_INCOME":null,"NET_INTEREST_INCOME_YOY":null,"FEE_COMMISSION_INCOME":null,"FEE_COMMISSION_INCOME_YOY":null,"ACCOUNTS_RECE_TDAYS":null,"INVENTORY_TDAYS":null,"CURRENT_ASSETS_TDAYS":0.520353896143,"TOTAL_ASSETS_TDAYS":0.46595513283,"PREMIUM_EXPENSE":null,"LOAN_DEPOSIT":null,"LOAN_EQUITY":null,"LOAN_ASSETS":null,"DEPOSIT_EQUITY":null,"DEPOSIT_ASSETS":null,"EQUITY_MULTIPLIER":1.229745655797,"EQUITY_RATIO":0.229609163197},{"SECUCODE":"01283.HK","SECURITY_CODE":"01283","SECURITY_NAME_ABBR":"高陞集团控股","ORG_CODE":"10000001470","STD_REPORT_DATE":"2021-12-31 00:00:00","REPORT_DATE":"2022-03-31 00:00:00","DATE_TYPE_CODE":"001","REPORT_TYPE":"2021年年报","PER_NETCASH_OPERATE":-0.004414935688,"PER_OI":0.554847422688,"BPS":0.371385801188,"BASIC_EPS":0.069098052,"DILUTED_EPS":null,"OPERATE_INCOME":443877938.15,"OPERATE_INCOME_YOY":7.547788974,"GROSS_PROFIT":87194929.14,"GROSS_PROFIT_YOY":0.550952993658,"HOLDER_PROFIT":55295472.81,"HOLDER_PROFIT_YOY":-6.987435712,"GROSS_PROFIT_RATIO":19.643897938116,"EPS_TTM":0.07206044755,"OPERATE_INCOME_QOQ":0,"NET_PROFIT_RATIO":12.4206352832,"ROE_AVG":18.833932071219,"GROSS_PROFIT_QOQ":0,"ROA":14.976293740164,"HOLDER_PROFIT_QOQ":0,"ROE_YEARLY":18.833932071219,"ROIC_YEARLY":23.469173496539,"TOTAL_ASSETS":360017071.12,"TOTAL_LIABILITIES":59041528,"TAX_EBT":16.802310638975,"OCF_SALES":-0.795702657519,"TOTAL_PARENT_EQUITY":301129635.02,"DEBT_ASSET_RATIO":16.3996467768,"OPERATE_PROFIT":66517418.18,"PRETAX_PROFIT":66266816.09,"NETCASH_OPERATE":-3531948.55,"NETCASH_INVEST":12545513.69,"NETCASH_FINANCE":-44011079.67,"END_CASH":116189347.65,"DIVI_RATIO":0.238631462677,"DIVIDEND_RATE":1.979166666667,"CURRENT_RATIO":5.994744545898,"COMMON_ACS":10000000000,"CURRENTDEBT_DEBT":98.537087912088,"ISSUED_COMMON_SHARES":810827000,"HK_COMMON_SHARES":810827000,"PER_SHARES":5000,"TOTAL_MARKET_CAP":778393920,"HKSK_MARKET_CAP":778393920,"PE_TTM":18.451912291099,"PB_TTM":1.81231733496,"REPORT_DATE_SQ":"2020-12-31 00:00:00","REPORT_TYPE_SQ":"2020年年报","OPERATE_INCOME_SQ":430115482.72,"DPS_HKD":0.019,"OPERATE_INCOME_QOQ_SQ":0,"NET_PROFIT_RATIO_SQ":14.4040919309,"HOLDER_PROFIT_SQ":61954229.54,"HOLDER_PROFIT_QOQ_SQ":0,"ROE_AVG_SQ":22.289388344009,"PE_TTM_SQ":10.907094923597,"PB_TTM_SQ":1.538415432105,"ROA_SQ":17.582262070521,"START_DATE":"2021-04-01 00:00:00","FISCAL_YEAR":"3-31","CURRENCY":"HKD","IS_CNY_CODE":0,"DPS_HKD_LY":0.062,"ORG_TYPE":"一般企业","PREMIUM_INCOME":null,"PREMIUM_INCOME_YOY":null,"NET_INTEREST_INCOME":null,"NET_INTEREST_INCOME_YOY":null,"FEE_COMMISSION_INCOME":null,"FEE_COMMISSION_INCOME_YOY":null,"ACCOUNTS_RECE_TDAYS":null,"INVENTORY_TDAYS":null,"CURRENT_ASSETS_TDAYS":1.263226528646,"TOTAL_ASSETS_TDAYS":1.202204457018,"PREMIUM_EXPENSE":null,"LOAN_DEPOSIT":null,"LOAN_EQUITY":null,"LOAN_ASSETS":null,"DEPOSIT_EQUITY":null,"DEPOSIT_ASSETS":null,"EQUITY_MULTIPLIER":1.196167194809,"EQUITY_RATIO":0.196066813537},{"SECUCODE":"01283.HK","SECURITY_CODE":"01283","SECURITY_NAME_ABBR":"高陞集团控股","ORG_CODE":"10000001470","STD_REPORT_DATE":"2021-06-30 00:00:00","REPORT_DATE":"2021-09-30 00:00:00","DATE_TYPE_CODE":"002","REPORT_TYPE":"2021年中报","PER_NETCASH_OPERATE":-0.03316620125,"PER_OI":0.2925373496,"BPS":0.364781415468,"BASIC_EPS":0.03665464,"DILUTED_EPS":null,"OPERATE_INCOME":234029879.68,"OPERATE_INCOME_YOY":17.0489439979,"GROSS_PROFIT":47057893.28,"GROSS_PROFIT_YOY":2.847654447463,"HOLDER_PROFIT":29261232.5,"HOLDER_PROFIT_YOY":-8.0497382199,"GROSS_PROFIT_RATIO":20.107643239549,"EPS_TTM":0.077442786925,"OPERATE_INCOME_QOQ":0,"NET_PROFIT_RATIO":12.5032036678,"ROE_AVG":9.925582854244,"GROSS_PROFIT_QOQ":0,"ROA":7.332357773134,"HOLDER_PROFIT_QOQ":0,"ROE_YEARLY":19.851165708489,"ROIC_YEARLY":22.965471699347,"TOTAL_ASSETS":409428163.5,"TOTAL_LIABILITIES":113653542.74,"TAX_EBT":17.00926188451,"OCF_SALES":-11.337424535824,"TOTAL_PARENT_EQUITY":295774620.76,"DEBT_ASSET_RATIO":27.7590925276,"OPERATE_PROFIT":35406716.12,"PRETAX_PROFIT":35258431.44,"NETCASH_OPERATE":-26532961,"NETCASH_INVEST":12819127.28,"NETCASH_FINANCE":-8397244.8,"END_CASH":133186300.56,"DIVI_RATIO":0.222046373624,"DIVIDEND_RATE":1.979166666667,"CURRENT_RATIO":3.534215335245,"COMMON_ACS":10000000000,"CURRENTDEBT_DEBT":98.672569614965,"ISSUED_COMMON_SHARES":810827000,"HK_COMMON_SHARES":810827000,"PER_SHARES":5000,"TOTAL_MARKET_CAP":778393920,"HKSK_MARKET_CAP":778393920,"PE_TTM":18.451912291099,"PB_TTM":1.81231733496,"REPORT_DATE_SQ":"2020-06-30 00:00:00","REPORT_TYPE_SQ":"2020年中报","OPERATE_INCOME_SQ":210900708.48,"DPS_HKD":0.019,"OPERATE_INCOME_QOQ_SQ":0,"NET_PROFIT_RATIO_SQ":15.916069814,"HOLDER_PROFIT_SQ":33567104,"HOLDER_PROFIT_QOQ_SQ":0,"ROE_AVG_SQ":12.270411604854,"PE_TTM_SQ":10.907094923597,"PB_TTM_SQ":1.538415432105,"ROA_SQ":9.761906587243,"START_DATE":"2021-04-01 00:00:00","FISCAL_YEAR":"3-31","CURRENCY":"HKD","IS_CNY_CODE":0,"DPS_HKD_LY":0.062,"ORG_TYPE":"一般企业","PREMIUM_INCOME":null,"PREMIUM_INCOME_YOY":null,"NET_INTEREST_INCOME":null,"NET_INTEREST_INCOME_YOY":null,"FEE_COMMISSION_INCOME":null,"FEE_COMMISSION_INCOME_YOY":null,"ACCOUNTS_RECE_TDAYS":3.306669177711,"INVENTORY_TDAYS":null,"CURRENT_ASSETS_TDAYS":0.615887165108,"TOTAL_ASSETS_TDAYS":0.586438321563,"PREMIUM_EXPENSE":null,"LOAN_DEPOSIT":null,"LOAN_EQUITY":null,"LOAN_ASSETS":null,"DEPOSIT_EQUITY":null,"DEPOSIT_ASSETS":null,"EQUITY_MULTIPLIER":1.384257251173,"EQUITY_RATIO":0.384257251173},{"SECUCODE":"01283.HK","SECURITY_CODE":"01283","SECURITY_NAME_ABBR":"高陞集团控股","ORG_CODE":"10000001470","STD_REPORT_DATE":"2020-12-31 00:00:00","REPORT_DATE":"2021-03-31 00:00:00","DATE_TYPE_CODE":"001","REPORT_TYPE":"2020年年报","PER_NETCASH_OPERATE":0.082655434575,"PER_OI":0.5376443534,"BPS":0.36766503185,"BASIC_EPS":0.077418488,"DILUTED_EPS":null,"OPERATE_INCOME":430115482.72,"OPERATE_INCOME_YOY":-2.5707787384,"GROSS_PROFIT":86717158.36,"GROSS_PROFIT_YOY":-18.316112371599,"HOLDER_PROFIT":61954229.54,"HOLDER_PROFIT_YOY":0.891886312,"GROSS_PROFIT_RATIO":20.161366387374,"EPS_TTM":0.077277763475,"OPERATE_INCOME_QOQ":0,"NET_PROFIT_RATIO":14.4040919309,"ROE_AVG":22.289388344009,"GROSS_PROFIT_QOQ":0,"ROA":17.582262070521,"HOLDER_PROFIT_QOQ":0,"ROE_YEARLY":22.289388344009,"ROIC_YEARLY":27.251654828978,"TOTAL_ASSETS":394366904.26,"TOTAL_LIABILITIES":96254169.48,"TAX_EBT":15.219402743402,"OCF_SALES":15.37362646,"TOTAL_PARENT_EQUITY":298112734.78,"DEBT_ASSET_RATIO":24.4072635001,"OPERATE_PROFIT":73223859.66,"PRETAX_PROFIT":73075953.16,"NETCASH_OPERATE":66124347.66,"NETCASH_INVEST":11087071.24,"NETCASH_FINANCE":-12151152.86,"END_CASH":157556765.24,"DIVI_RATIO":0.22252054442,"DIVIDEND_RATE":1.979166666667,"CURRENT_RATIO":3.880845691525,"COMMON_ACS":10000000000,"CURRENTDEBT_DEBT":98.761919814551,"ISSUED_COMMON_SHARES":810827000,"HK_COMMON_SHARES":810827000,"PER_SHARES":5000,"TOTAL_MARKET_CAP":778393920,"HKSK_MARKET_CAP":778393920,"PE_TTM":18.451912291099,"PB_TTM":1.81231733496,"REPORT_DATE_SQ":"2019-12-31 00:00:00","REPORT_TYPE_SQ":"2019年年报","OPERATE_INCOME_SQ":477254748.4,"DPS_HKD":0.019,"OPERATE_INCOME_QOQ_SQ":0,"NET_PROFIT_RATIO_SQ":13.9097355705,"HOLDER_PROFIT_SQ":66384873.5,"HOLDER_PROFIT_QOQ_SQ":0,"ROE_AVG_SQ":35.351704574483,"PE_TTM_SQ":10.907094923597,"PB_TTM_SQ":1.538415432105,"ROA_SQ":28.075429410515,"START_DATE":"2020-04-01 00:00:00","FISCAL_YEAR":"3-31","CURRENCY":"HKD","IS_CNY_CODE":0,"DPS_HKD_LY":0.032,"ORG_TYPE":"一般企业","PREMIUM_INCOME":null,"PREMIUM_INCOME_YOY":null,"NET_INTEREST_INCOME":null,"NET_INTEREST_INCOME_YOY":null,"FEE_COMMISSION_INCOME":null,"FEE_COMMISSION_INCOME_YOY":null,"ACCOUNTS_RECE_TDAYS":null,"INVENTORY_TDAYS":null,"CURRENT_ASSETS_TDAYS":1.374431825854,"TOTAL_ASSETS_TDAYS":1.22064356121,"PREMIUM_EXPENSE":null,"LOAN_DEPOSIT":null,"LOAN_EQUITY":null,"LOAN_ASSETS":null,"DEPOSIT_EQUITY":null,"DEPOSIT_ASSETS":null,"EQUITY_MULTIPLIER":1.322878422322,"EQUITY_RATIO":0.322878422322},{"SECUCODE":"01283.HK","SECURITY_CODE":"01283","SECURITY_NAME_ABBR":"高陞集团控股","ORG_CODE":"10000001470","STD_REPORT_DATE":"2020-06-30 00:00:00","REPORT_DATE":"2020-09-30 00:00:00","DATE_TYPE_CODE":"002","REPORT_TYPE":"2020年中报","PER_NETCASH_OPERATE":0.0363383672,"PER_OI":0.2636258856,"BPS":0.344213116929,"BASIC_EPS":0.04217856,"DILUTED_EPS":null,"OPERATE_INCOME":210900708.48,"OPERATE_INCOME_YOY":-8.1442387548,"GROSS_PROFIT":45754950.4,"GROSS_PROFIT_YOY":-23.664735333661,"HOLDER_PROFIT":33567104,"HOLDER_PROFIT_YOY":-9.6328538986,"GROSS_PROFIT_RATIO":21.695019770092,"EPS_TTM":0.082981091875,"OPERATE_INCOME_QOQ":0,"NET_PROFIT_RATIO":15.916069814,"ROE_AVG":12.270411604854,"GROSS_PROFIT_QOQ":0,"ROA":9.761906587243,"HOLDER_PROFIT_QOQ":0,"ROE_YEARLY":24.540823209708,"ROIC_YEARLY":29.394507767037,"TOTAL_ASSETS":365030832.64,"TOTAL_LIABILITIES":85933543.68,"TAX_EBT":16.018115464099,"OCF_SALES":13.784066430842,"TOTAL_PARENT_EQUITY":279097288.96,"DEBT_ASSET_RATIO":23.5414480082,"OPERATE_PROFIT":40041512.96,"PRETAX_PROFIT":39969457.92,"NETCASH_OPERATE":29070693.76,"NETCASH_INVEST":10851313.28,"NETCASH_FINANCE":-1320716.16,"END_CASH":134768407.68,"DIVI_RATIO":0.207226605621,"DIVIDEND_RATE":1.979166666667,"CURRENT_RATIO":3.759962783307,"COMMON_ACS":10000000000,"CURRENTDEBT_DEBT":97.813771806041,"ISSUED_COMMON_SHARES":810827000,"HK_COMMON_SHARES":810827000,"PER_SHARES":5000,"TOTAL_MARKET_CAP":778393920,"HKSK_MARKET_CAP":778393920,"PE_TTM":18.451912291099,"PB_TTM":1.81231733496,"REPORT_DATE_SQ":"2019-06-30 00:00:00","REPORT_TYPE_SQ":"2019年中报","OPERATE_INCOME_SQ":235685290.89,"DPS_HKD":0.019,"OPERATE_INCOME_QOQ_SQ":0,"NET_PROFIT_RATIO_SQ":16.1782547294,"HOLDER_PROFIT_SQ":38129766.72,"HOLDER_PROFIT_QOQ_SQ":0,"ROE_AVG_SQ":33.243419655707,"PE_TTM_SQ":10.907094923597,"PB_TTM_SQ":1.538415432105,"ROA_SQ":22.502282327202,"START_DATE":"2020-04-01 00:00:00","FISCAL_YEAR":"3-31","CURRENCY":"HKD","IS_CNY_CODE":0,"DPS_HKD_LY":0.032,"ORG_TYPE":"一般企业","PREMIUM_INCOME":null,"PREMIUM_INCOME_YOY":null,"NET_INTEREST_INCOME":null,"NET_INTEREST_INCOME_YOY":null,"FEE_COMMISSION_INCOME":null,"FEE_COMMISSION_INCOME_YOY":null,"ACCOUNTS_RECE_TDAYS":3.931286956807,"INVENTORY_TDAYS":null,"CURRENT_ASSETS_TDAYS":0.723255249808,"TOTAL_ASSETS_TDAYS":0.61333650212,"PREMIUM_EXPENSE":null,"LOAN_DEPOSIT":null,"LOAN_EQUITY":null,"LOAN_ASSETS":null,"DEPOSIT_EQUITY":null,"DEPOSIT_ASSETS":null,"EQUITY_MULTIPLIER":1.30789816698,"EQUITY_RATIO":0.30789816698}],"count":17},"success":true,"message":"ok","code":0}