{"version":"46221e4097b93c30d13f10e525442448","result":{"pages":2,"data":[{"SECUCODE":"01286.HK","SECURITY_CODE":"01286","SECURITY_NAME_ABBR":"鹰普精密","ORG_CODE":"10190142","STD_REPORT_DATE":"2024-06-30 00:00:00","REPORT_DATE":"2024-06-30 00:00:00","DATE_TYPE_CODE":"002","REPORT_TYPE":"2024年中报","PER_NETCASH_OPERATE":0.240796921308,"PER_OI":1.161855832736,"BPS":2.331191897269,"BASIC_EPS":0.147215284,"DILUTED_EPS":0.147215284,"OPERATE_INCOME":2192753857.92,"OPERATE_INCOME_YOY":-0.0955987563,"GROSS_PROFIT":579111888.24,"GROSS_PROFIT_YOY":0.633588561239,"HOLDER_PROFIT":277882766.92,"HOLDER_PROFIT_YOY":0.4076073514,"GROSS_PROFIT_RATIO":26.410255129563,"EPS_TTM":0.280048216251,"OPERATE_INCOME_QOQ":-0.586287010795,"NET_PROFIT_RATIO":12.7139398904,"ROE_AVG":6.276948399777,"GROSS_PROFIT_QOQ":0.34144904505,"ROA":3.70362035644,"HOLDER_PROFIT_QOQ":-0.31910997613,"ROE_YEARLY":12.553896799554,"ROIC_YEARLY":7.948493218847,"TOTAL_ASSETS":7429968161,"TOTAL_LIABILITIES":3011194171.84,"TAX_EBT":19.016612493571,"OCF_SALES":20.725197956832,"TOTAL_PARENT_EQUITY":4399625050.08,"DEBT_ASSET_RATIO":40.527686076,"OPERATE_PROFIT":394492239.8,"PRETAX_PROFIT":344250118.48,"NETCASH_OPERATE":454452577.76,"NETCASH_INVEST":-311533278.52,"NETCASH_FINANCE":-304487388.92,"END_CASH":408363150.44,"DIVI_RATIO":0.519596239347,"DIVIDEND_RATE":7.547169811321,"CURRENT_RATIO":1.615495804666,"COMMON_ACS":13500000000,"CURRENTDEBT_DEBT":54.581776431764,"ISSUED_COMMON_SHARES":1887285665,"HK_COMMON_SHARES":1887285665,"PER_SHARES":1000,"TOTAL_MARKET_CAP":4001045609.8,"HKSK_MARKET_CAP":4001045609.8,"PE_TTM":6.823891722565,"PB_TTM":0.829996707807,"REPORT_DATE_SQ":"2023-06-30 00:00:00","REPORT_TYPE_SQ":"2023年中报","OPERATE_INCOME_SQ":2217217149.14,"DPS_HKD":0.16,"OPERATE_INCOME_QOQ_SQ":8.792039209888,"NET_PROFIT_RATIO_SQ":12.6199922407,"HOLDER_PROFIT_SQ":279574761.34,"HOLDER_PROFIT_QOQ_SQ":9.738193031155,"ROE_AVG_SQ":6.69847876916,"PE_TTM_SQ":7.916453894522,"PB_TTM_SQ":1.045681570628,"ROA_SQ":3.812496624981,"START_DATE":"2024-01-01 00:00:00","FISCAL_YEAR":"12-31","CURRENCY":"HKD","IS_CNY_CODE":0,"DPS_HKD_LY":0.16,"ORG_TYPE":"一般企业","PREMIUM_INCOME":null,"PREMIUM_INCOME_YOY":null,"NET_INTEREST_INCOME":null,"NET_INTEREST_INCOME_YOY":null,"FEE_COMMISSION_INCOME":null,"FEE_COMMISSION_INCOME_YOY":null,"ACCOUNTS_RECE_TDAYS":2.114920147271,"INVENTORY_TDAYS":1.839584934146,"CURRENT_ASSETS_TDAYS":0.814986107328,"TOTAL_ASSETS_TDAYS":0.292250142564,"PREMIUM_EXPENSE":null,"LOAN_DEPOSIT":null,"LOAN_EQUITY":null,"LOAN_ASSETS":null,"DEPOSIT_EQUITY":null,"DEPOSIT_ASSETS":null,"EQUITY_MULTIPLIER":1.681454670282,"EQUITY_RATIO":0.684420635296},{"SECUCODE":"01286.HK","SECURITY_CODE":"01286","SECURITY_NAME_ABBR":"鹰普精密","ORG_CODE":"10190142","STD_REPORT_DATE":"2023-12-31 00:00:00","REPORT_DATE":"2023-12-31 00:00:00","DATE_TYPE_CODE":"001","REPORT_TYPE":"2023年年报","PER_NETCASH_OPERATE":0.615300347857,"PER_OI":2.21088916667,"BPS":2.343534027245,"BASIC_EPS":0.2809282,"DILUTED_EPS":0.2809282,"OPERATE_INCOME":4172579431.16,"OPERATE_INCOME_YOY":5.7332622073,"GROSS_PROFIT":1067827118.82,"GROSS_PROFIT_YOY":-5.197682562301,"HOLDER_PROFIT":530222978.46,"HOLDER_PROFIT_YOY":0.540944591,"GROSS_PROFIT_RATIO":25.591534839233,"EPS_TTM":0.280944738941,"OPERATE_INCOME_QOQ":-1.40261232974,"NET_PROFIT_RATIO":12.7435888192,"ROE_AVG":12.637161604686,"GROSS_PROFIT_QOQ":-7.279397027317,"ROA":7.284608295103,"HOLDER_PROFIT_QOQ":-7.052855844695,"ROE_YEARLY":12.637161604686,"ROIC_YEARLY":7.848011006394,"TOTAL_ASSETS":7522415317.62,"TOTAL_LIABILITIES":3081070971.3,"TAX_EBT":5.341264002891,"OCF_SALES":27.830447456747,"TOTAL_PARENT_EQUITY":4422918175.06,"DEBT_ASSET_RATIO":40.9585331467,"OPERATE_PROFIT":659953808.78,"PRETAX_PROFIT":561740403.84,"NETCASH_OPERATE":1161247526.18,"NETCASH_INVEST":-700409282.02,"NETCASH_FINANCE":-325955553.14,"END_CASH":571688887,"DIVI_RATIO":0.517938155912,"DIVIDEND_RATE":8.163265306122,"CURRENT_RATIO":1.552130239722,"COMMON_ACS":13500000000,"CURRENTDEBT_DEBT":56.597503172873,"ISSUED_COMMON_SHARES":1887285665,"HK_COMMON_SHARES":1887285665,"PER_SHARES":1000,"TOTAL_MARKET_CAP":3699079903.4,"HKSK_MARKET_CAP":3699079903.4,"PE_TTM":6.308881026523,"PB_TTM":0.767355446841,"REPORT_DATE_SQ":"2022-12-31 00:00:00","REPORT_TYPE_SQ":"2022年年报","OPERATE_INCOME_SQ":3889932694.97,"DPS_HKD":0.16,"OPERATE_INCOME_QOQ_SQ":12.875822486462,"NET_PROFIT_RATIO_SQ":13.382748017,"HOLDER_PROFIT_SQ":519834010.15,"HOLDER_PROFIT_QOQ_SQ":31.175946208958,"ROE_AVG_SQ":13.323975141798,"PE_TTM_SQ":6.907793745799,"PB_TTM_SQ":0.912448011436,"ROA_SQ":7.861341999819,"START_DATE":"2023-01-01 00:00:00","FISCAL_YEAR":"12-31","CURRENCY":"HKD","IS_CNY_CODE":0,"DPS_HKD_LY":0.16,"ORG_TYPE":"一般企业","PREMIUM_INCOME":null,"PREMIUM_INCOME_YOY":null,"NET_INTEREST_INCOME":null,"NET_INTEREST_INCOME_YOY":null,"FEE_COMMISSION_INCOME":null,"FEE_COMMISSION_INCOME_YOY":null,"ACCOUNTS_RECE_TDAYS":4.238609327397,"INVENTORY_TDAYS":3.242419080229,"CURRENT_ASSETS_TDAYS":1.550474423397,"TOTAL_ASSETS_TDAYS":0.573260834988,"PREMIUM_EXPENSE":null,"LOAN_DEPOSIT":null,"LOAN_EQUITY":null,"LOAN_ASSETS":null,"DEPOSIT_EQUITY":null,"DEPOSIT_ASSETS":null,"EQUITY_MULTIPLIER":1.693724856946,"EQUITY_RATIO":0.696614960836},{"SECUCODE":"01286.HK","SECURITY_CODE":"01286","SECURITY_NAME_ABBR":"鹰普精密","ORG_CODE":"10190142","STD_REPORT_DATE":"2023-06-30 00:00:00","REPORT_DATE":"2023-06-30 00:00:00","DATE_TYPE_CODE":"002","REPORT_TYPE":"2023年中报","PER_NETCASH_OPERATE":0.331405277886,"PER_OI":1.176350793635,"BPS":2.283609338706,"BASIC_EPS":0.148346582,"DILUTED_EPS":0.148162186,"OPERATE_INCOME":2217217149.14,"OPERATE_INCOME_YOY":9.6727661779,"GROSS_PROFIT":575465802.74,"GROSS_PROFIT_YOY":4.596469805162,"HOLDER_PROFIT":279574761.34,"HOLDER_PROFIT_YOY":13.2645552646,"GROSS_PROFIT_RATIO":25.954417814385,"EPS_TTM":0.302657273494,"OPERATE_INCOME_QOQ":8.792039209888,"NET_PROFIT_RATIO":12.6199922407,"ROE_AVG":6.69847876916,"GROSS_PROFIT_QOQ":2.245147678375,"ROA":3.812496624981,"HOLDER_PROFIT_QOQ":9.738193031155,"ROE_YEARLY":13.396957538321,"ROIC_YEARLY":8.205665947757,"TOTAL_ASSETS":7508950862.5,"TOTAL_LIABILITIES":3181993616.78,"TAX_EBT":18.886724022269,"OCF_SALES":28.172317278093,"TOTAL_PARENT_EQUITY":4309823169.4,"DEBT_ASSET_RATIO":42.376007981,"OPERATE_PROFIT":391433984.84,"PRETAX_PROFIT":344965270.86,"NETCASH_OPERATE":624641450,"NETCASH_INVEST":-371147658.9,"NETCASH_FINANCE":-136427224.56,"END_CASH":557861516.62,"DIVI_RATIO":0.480781440736,"DIVIDEND_RATE":8.163265306122,"CURRENT_RATIO":1.552332133768,"COMMON_ACS":13500000000,"CURRENTDEBT_DEBT":56.972451518445,"ISSUED_COMMON_SHARES":1887285665,"HK_COMMON_SHARES":1887285665,"PER_SHARES":1000,"TOTAL_MARKET_CAP":3699079903.4,"HKSK_MARKET_CAP":3699079903.4,"PE_TTM":6.308881026523,"PB_TTM":0.767355446841,"REPORT_DATE_SQ":"2022-06-30 00:00:00","REPORT_TYPE_SQ":"2022年中报","OPERATE_INCOME_SQ":1875212741.36,"DPS_HKD":0.16,"OPERATE_INCOME_QOQ_SQ":11.576490033107,"NET_PROFIT_RATIO_SQ":12.2233603193,"HOLDER_PROFIT_SQ":228952321.99,"HOLDER_PROFIT_QOQ_SQ":26.625263863609,"ROE_AVG_SQ":6.166463725231,"PE_TTM_SQ":6.907793745799,"PB_TTM_SQ":0.912448011436,"ROA_SQ":3.71793386027,"START_DATE":"2023-01-01 00:00:00","FISCAL_YEAR":"12-31","CURRENCY":"HKD","IS_CNY_CODE":0,"DPS_HKD_LY":0.16,"ORG_TYPE":"一般企业","PREMIUM_INCOME":null,"PREMIUM_INCOME_YOY":null,"NET_INTEREST_INCOME":null,"NET_INTEREST_INCOME_YOY":null,"FEE_COMMISSION_INCOME":null,"FEE_COMMISSION_INCOME_YOY":null,"ACCOUNTS_RECE_TDAYS":2.135632625894,"INVENTORY_TDAYS":1.621229633683,"CURRENT_ASSETS_TDAYS":0.800959815671,"TOTAL_ASSETS_TDAYS":0.302356795636,"PREMIUM_EXPENSE":null,"LOAN_DEPOSIT":null,"LOAN_EQUITY":null,"LOAN_ASSETS":null,"DEPOSIT_EQUITY":null,"DEPOSIT_ASSETS":null,"EQUITY_MULTIPLIER":1.735388273118,"EQUITY_RATIO":0.738311873065},{"SECUCODE":"01286.HK","SECURITY_CODE":"01286","SECURITY_NAME_ABBR":"鹰普精密","ORG_CODE":"10190142","STD_REPORT_DATE":"2022-12-31 00:00:00","REPORT_DATE":"2022-12-31 00:00:00","DATE_TYPE_CODE":"001","REPORT_TYPE":"2022年年报","PER_NETCASH_OPERATE":0.396967651406,"PER_OI":2.064107126875,"BPS":2.072743397005,"BASIC_EPS":0.27602043,"DILUTED_EPS":0.27602043,"OPERATE_INCOME":3889932694.97,"OPERATE_INCOME_YOY":15.2741045414,"GROSS_PROFIT":1126372379.58,"GROSS_PROFIT_YOY":34.742484870388,"HOLDER_PROFIT":519834010.15,"HOLDER_PROFIT_YOY":52.0311928523,"GROSS_PROFIT_RATIO":28.956089164126,"EPS_TTM":0.275838470555,"OPERATE_INCOME_QOQ":12.875822486462,"NET_PROFIT_RATIO":13.382748017,"ROE_AVG":13.323975141798,"GROSS_PROFIT_QOQ":15.944222152526,"ROA":7.861341999819,"HOLDER_PROFIT_QOQ":31.175946208958,"ROE_YEARLY":13.323975141798,"ROIC_YEARLY":8.494982559919,"TOTAL_ASSETS":6934404986.88,"TOTAL_LIABILITIES":3005806206.69,"TAX_EBT":15.417159527144,"OCF_SALES":19.231930660841,"TOTAL_PARENT_EQUITY":3911858900.39,"DEBT_ASSET_RATIO":43.3462743001,"OPERATE_PROFIT":665386997.03,"PRETAX_PROFIT":615467496.35,"NETCASH_OPERATE":748109158.65,"NETCASH_INVEST":-1084009943.1,"NETCASH_FINANCE":285698117.18,"END_CASH":431704885.22,"DIVI_RATIO":0.527526126821,"DIVIDEND_RATE":8.163265306122,"CURRENT_RATIO":1.629354406141,"COMMON_ACS":13500000000,"CURRENTDEBT_DEBT":53.853151327495,"ISSUED_COMMON_SHARES":1887285665,"HK_COMMON_SHARES":1887285665,"PER_SHARES":1000,"TOTAL_MARKET_CAP":3699079903.4,"HKSK_MARKET_CAP":3699079903.4,"PE_TTM":6.308881026523,"PB_TTM":0.767355446841,"REPORT_DATE_SQ":"2021-12-31 00:00:00","REPORT_TYPE_SQ":"2021年年报","OPERATE_INCOME_SQ":3088648337.6,"DPS_HKD":0.16,"OPERATE_INCOME_QOQ_SQ":13.180189957883,"NET_PROFIT_RATIO_SQ":10.2135399281,"HOLDER_PROFIT_SQ":312960928,"HOLDER_PROFIT_QOQ_SQ":17.043135056048,"ROE_AVG_SQ":9.147365108148,"PE_TTM_SQ":6.907793745799,"PB_TTM_SQ":0.912448011436,"ROA_SQ":6.021117167498,"START_DATE":"2022-01-01 00:00:00","FISCAL_YEAR":"12-31","CURRENCY":"HKD","IS_CNY_CODE":0,"DPS_HKD_LY":0.152,"ORG_TYPE":"一般企业","PREMIUM_INCOME":null,"PREMIUM_INCOME_YOY":null,"NET_INTEREST_INCOME":null,"NET_INTEREST_INCOME_YOY":null,"FEE_COMMISSION_INCOME":null,"FEE_COMMISSION_INCOME_YOY":null,"ACCOUNTS_RECE_TDAYS":4.220795704292,"INVENTORY_TDAYS":2.909435530816,"CURRENT_ASSETS_TDAYS":1.527852976757,"TOTAL_ASSETS_TDAYS":0.588266459569,"PREMIUM_EXPENSE":null,"LOAN_DEPOSIT":null,"LOAN_EQUITY":null,"LOAN_ASSETS":null,"DEPOSIT_EQUITY":null,"DEPOSIT_ASSETS":null,"EQUITY_MULTIPLIER":1.765108980294,"EQUITY_RATIO":0.768383084162},{"SECUCODE":"01286.HK","SECURITY_CODE":"01286","SECURITY_NAME_ABBR":"鹰普精密","ORG_CODE":"10190142","STD_REPORT_DATE":"2022-06-30 00:00:00","REPORT_DATE":"2022-06-30 00:00:00","DATE_TYPE_CODE":"002","REPORT_TYPE":"2022年中报","PER_NETCASH_OPERATE":0.201179293122,"PER_OI":0.995708447885,"BPS":1.960739496848,"BASIC_EPS":0.121608018,"DILUTED_EPS":0.121608018,"OPERATE_INCOME":1875212741.36,"OPERATE_INCOME_YOY":20.2208418086,"GROSS_PROFIT":550177079.41,"GROSS_PROFIT_YOY":32.686686629453,"HOLDER_PROFIT":228952321.99,"HOLDER_PROFIT_YOY":52.9711908762,"GROSS_PROFIT_RATIO":29.339448654289,"EPS_TTM":0.210422478088,"OPERATE_INCOME_QOQ":11.576490033107,"NET_PROFIT_RATIO":12.2233603193,"ROE_AVG":6.166463725231,"GROSS_PROFIT_QOQ":16.213194904298,"ROA":3.71793386027,"HOLDER_PROFIT_QOQ":26.625263863609,"ROE_YEARLY":12.332927450462,"ROIC_YEARLY":8.221821280778,"TOTAL_ASSETS":6293610029.28,"TOTAL_LIABILITIES":2573689173.86,"TAX_EBT":18.999870050197,"OCF_SALES":20.20463857158,"TOTAL_PARENT_EQUITY":3700475545.2,"DEBT_ASSET_RATIO":40.8936868012,"OPERATE_PROFIT":298909429.56,"PRETAX_PROFIT":282979805.43,"NETCASH_OPERATE":378879956.84,"NETCASH_INVEST":-371533874.74,"NETCASH_FINANCE":163708166.51,"END_CASH":642818101.73,"DIVI_RATIO":0.691523079295,"DIVIDEND_RATE":8.163265306122,"CURRENT_RATIO":1.741022147062,"COMMON_ACS":13500000000,"CURRENTDEBT_DEBT":59.28003179272,"ISSUED_COMMON_SHARES":1887285665,"HK_COMMON_SHARES":1887285665,"PER_SHARES":1000,"TOTAL_MARKET_CAP":3699079903.4,"HKSK_MARKET_CAP":3699079903.4,"PE_TTM":6.308881026523,"PB_TTM":0.767355446841,"REPORT_DATE_SQ":"2021-06-30 00:00:00","REPORT_TYPE_SQ":"2021年中报","OPERATE_INCOME_SQ":1517655674.4,"DPS_HKD":0.16,"OPERATE_INCOME_QOQ_SQ":10.867211163198,"NET_PROFIT_RATIO_SQ":9.6813474201,"HOLDER_PROFIT_SQ":145625649.12,"HOLDER_PROFIT_QOQ_SQ":314.385781388139,"ROE_AVG_SQ":4.27166077428,"PE_TTM_SQ":6.907793745799,"PB_TTM_SQ":0.912448011436,"ROA_SQ":2.973534684994,"START_DATE":"2022-01-01 00:00:00","FISCAL_YEAR":"12-31","CURRENCY":"HKD","IS_CNY_CODE":0,"DPS_HKD_LY":0.152,"ORG_TYPE":"一般企业","PREMIUM_INCOME":null,"PREMIUM_INCOME_YOY":null,"NET_INTEREST_INCOME":null,"NET_INTEREST_INCOME_YOY":null,"FEE_COMMISSION_INCOME":null,"FEE_COMMISSION_INCOME_YOY":null,"ACCOUNTS_RECE_TDAYS":2.12453166193,"INVENTORY_TDAYS":1.55061137565,"CURRENT_ASSETS_TDAYS":0.749161237774,"TOTAL_ASSETS_TDAYS":0.304513921751,"PREMIUM_EXPENSE":null,"LOAN_DEPOSIT":null,"LOAN_EQUITY":null,"LOAN_ASSETS":null,"DEPOSIT_EQUITY":null,"DEPOSIT_ASSETS":null,"EQUITY_MULTIPLIER":1.691866648215,"EQUITY_RATIO":0.695502278673},{"SECUCODE":"01286.HK","SECURITY_CODE":"01286","SECURITY_NAME_ABBR":"鹰普精密","ORG_CODE":"10190142","STD_REPORT_DATE":"2021-12-31 00:00:00","REPORT_DATE":"2021-12-31 00:00:00","DATE_TYPE_CODE":"001","REPORT_TYPE":"2021年年报","PER_NETCASH_OPERATE":0.184218146175,"PER_OI":1.640023648765,"BPS":1.887104707278,"BASIC_EPS":0.1659728,"DILUTED_EPS":0.1659728,"OPERATE_INCOME":3088648337.6,"OPERATE_INCOME_YOY":29.1692168608,"GROSS_PROFIT":835944491.2,"GROSS_PROFIT_YOY":29.445177172756,"HOLDER_PROFIT":312960928,"HOLDER_PROFIT_YOY":358.3017862083,"GROSS_PROFIT_RATIO":27.06505888105,"EPS_TTM":0.166177326441,"OPERATE_INCOME_QOQ":13.180189957883,"NET_PROFIT_RATIO":10.2135399281,"ROE_AVG":9.147365108148,"GROSS_PROFIT_QOQ":15.114321703776,"ROA":6.021117167498,"HOLDER_PROFIT_QOQ":17.043135056048,"ROE_YEARLY":9.147365108148,"ROIC_YEARLY":6.662522389064,"TOTAL_ASSETS":5757775486.4,"TOTAL_LIABILITIES":2177193580.8,"TAX_EBT":17.667907860062,"OCF_SALES":11.232651816541,"TOTAL_PARENT_EQUITY":3561505662.4,"DEBT_ASSET_RATIO":37.8131030976,"OPERATE_PROFIT":403126673.6,"PRETAX_PROFIT":383155976,"NETCASH_OPERATE":346937113.6,"NETCASH_INVEST":-842629188.8,"NETCASH_FINANCE":474152403.2,"END_CASH":473360966.4,"DIVI_RATIO":0.875642923835,"DIVIDEND_RATE":8.163265306122,"CURRENT_RATIO":1.735690093195,"COMMON_ACS":13500000000,"CURRENTDEBT_DEBT":59.451321637849,"ISSUED_COMMON_SHARES":1887285665,"HK_COMMON_SHARES":1887285665,"PER_SHARES":1000,"TOTAL_MARKET_CAP":3699079903.4,"HKSK_MARKET_CAP":3699079903.4,"PE_TTM":6.308881026523,"PB_TTM":0.767355446841,"REPORT_DATE_SQ":"2020-12-31 00:00:00","REPORT_TYPE_SQ":"2020年年报","OPERATE_INCOME_SQ":2461472126.96,"DPS_HKD":0.16,"OPERATE_INCOME_QOQ_SQ":-13.017537594595,"NET_PROFIT_RATIO_SQ":-4.9344631462,"HOLDER_PROFIT_SQ":-124723473.24,"HOLDER_PROFIT_QOQ_SQ":-347.801435098145,"ROE_AVG_SQ":-3.693177039156,"PE_TTM_SQ":6.907793745799,"PB_TTM_SQ":0.912448011436,"ROA_SQ":-2.546994866256,"START_DATE":"2021-01-01 00:00:00","FISCAL_YEAR":"12-31","CURRENCY":"HKD","IS_CNY_CODE":0,"DPS_HKD_LY":0.047,"ORG_TYPE":"一般企业","PREMIUM_INCOME":null,"PREMIUM_INCOME_YOY":null,"NET_INTEREST_INCOME":null,"NET_INTEREST_INCOME_YOY":null,"FEE_COMMISSION_INCOME":null,"FEE_COMMISSION_INCOME_YOY":null,"ACCOUNTS_RECE_TDAYS":4.391794669093,"INVENTORY_TDAYS":3.280134764311,"CURRENT_ASSETS_TDAYS":1.547365818982,"TOTAL_ASSETS_TDAYS":0.59423116006,"PREMIUM_EXPENSE":null,"LOAN_DEPOSIT":null,"LOAN_EQUITY":null,"LOAN_ASSETS":null,"DEPOSIT_EQUITY":null,"DEPOSIT_ASSETS":null,"EQUITY_MULTIPLIER":1.608055796014,"EQUITY_RATIO":0.611312682663},{"SECUCODE":"01286.HK","SECURITY_CODE":"01286","SECURITY_NAME_ABBR":"鹰普精密","ORG_CODE":"10190142","STD_REPORT_DATE":"2021-06-30 00:00:00","REPORT_DATE":"2021-06-30 00:00:00","DATE_TYPE_CODE":"002","REPORT_TYPE":"2021年中报","PER_NETCASH_OPERATE":0.13739805526,"PER_OI":0.805851273645,"BPS":1.843372545428,"BASIC_EPS":0.077300232,"DILUTED_EPS":0.077217024,"OPERATE_INCOME":1517655674.4,"OPERATE_INCOME_YOY":33.2667461135,"GROSS_PROFIT":414643769.76,"GROSS_PROFIT_YOY":24.05280755212,"HOLDER_PROFIT":145625649.12,"HOLDER_PROFIT_YOY":164.8572328559,"GROSS_PROFIT_RATIO":27.321333603812,"EPS_TTM":0.141979558529,"OPERATE_INCOME_QOQ":10.867211163198,"NET_PROFIT_RATIO":9.6813474201,"ROE_AVG":4.27166077428,"GROSS_PROFIT_QOQ":12.449237642087,"ROA":2.973534684994,"HOLDER_PROFIT_QOQ":314.385781388139,"ROE_YEARLY":8.543321548561,"ROIC_YEARLY":6.51775774669,"TOTAL_ASSETS":5074980732,"TOTAL_LIABILITIES":1578112110.96,"TAX_EBT":24.227171301064,"OCF_SALES":17.050051262932,"TOTAL_PARENT_EQUITY":3478970580.24,"DEBT_ASSET_RATIO":31.0959232024,"OPERATE_PROFIT":202227059.04,"PRETAX_PROFIT":193907923.2,"NETCASH_OPERATE":258761070.48,"NETCASH_INVEST":-475298241.36,"NETCASH_FINANCE":37724010.96,"END_CASH":322381907.28,"DIVI_RATIO":1.024879929953,"DIVIDEND_RATE":8.163265306122,"CURRENT_RATIO":1.846501009312,"COMMON_ACS":13500000000,"CURRENTDEBT_DEBT":61.825848221041,"ISSUED_COMMON_SHARES":1887285665,"HK_COMMON_SHARES":1887285665,"PER_SHARES":1000,"TOTAL_MARKET_CAP":3699079903.4,"HKSK_MARKET_CAP":3699079903.4,"PE_TTM":6.308881026523,"PB_TTM":0.767355446841,"REPORT_DATE_SQ":"2020-06-30 00:00:00","REPORT_TYPE_SQ":"2020年中报","OPERATE_INCOME_SQ":1250162300.64,"DPS_HKD":0.16,"OPERATE_INCOME_QOQ_SQ":-13.215893526451,"NET_PROFIT_RATIO_SQ":-19.5999506076,"HOLDER_PROFIT_SQ":-246487216.8,"HOLDER_PROFIT_QOQ_SQ":-105.770170293961,"ROE_AVG_SQ":-7.10771863554,"PE_TTM_SQ":6.907793745799,"PB_TTM_SQ":0.912448011436,"ROA_SQ":-4.846277138016,"START_DATE":"2021-01-01 00:00:00","FISCAL_YEAR":"12-31","CURRENCY":"HKD","IS_CNY_CODE":0,"DPS_HKD_LY":0.047,"ORG_TYPE":"一般企业","PREMIUM_INCOME":null,"PREMIUM_INCOME_YOY":null,"NET_INTEREST_INCOME":null,"NET_INTEREST_INCOME_YOY":null,"FEE_COMMISSION_INCOME":null,"FEE_COMMISSION_INCOME_YOY":null,"ACCOUNTS_RECE_TDAYS":2.241204103625,"INVENTORY_TDAYS":1.788264115411,"CURRENT_ASSETS_TDAYS":0.848321187472,"TOTAL_ASSETS_TDAYS":0.309890586925,"PREMIUM_EXPENSE":null,"LOAN_DEPOSIT":null,"LOAN_EQUITY":null,"LOAN_ASSETS":null,"DEPOSIT_EQUITY":null,"DEPOSIT_ASSETS":null,"EQUITY_MULTIPLIER":1.451292937191,"EQUITY_RATIO":0.453614675537},{"SECUCODE":"01286.HK","SECURITY_CODE":"01286","SECURITY_NAME_ABBR":"鹰普精密","ORG_CODE":"10190142","STD_REPORT_DATE":"2020-12-31 00:00:00","REPORT_DATE":"2020-12-31 00:00:00","DATE_TYPE_CODE":"001","REPORT_TYPE":"2020年年报","PER_NETCASH_OPERATE":0.397136438678,"PER_OI":1.307002953313,"BPS":1.789668987222,"BASIC_EPS":-0.06648956,"DILUTED_EPS":-0.06648956,"OPERATE_INCOME":2461472126.96,"OPERATE_INCOME_YOY":-19.6572138114,"GROSS_PROFIT":645790372,"GROSS_PROFIT_YOY":-36.286787290799,"HOLDER_PROFIT":-124723473.24,"HOLDER_PROFIT_YOY":-127.5010392387,"GROSS_PROFIT_RATIO":26.23594087972,"EPS_TTM":-0.066226201015,"OPERATE_INCOME_QOQ":-13.017537594595,"NET_PROFIT_RATIO":-4.9344631462,"ROE_AVG":-3.693177039156,"GROSS_PROFIT_QOQ":-20.189660896347,"ROA":-2.546994866256,"HOLDER_PROFIT_QOQ":-347.801435098145,"ROE_YEARLY":-3.693177039156,"ROIC_YEARLY":-2.841396717585,"TOTAL_ASSETS":4774030363.8,"TOTAL_LIABILITIES":1379782932.72,"TAX_EBT":-173.337500236756,"OCF_SALES":30.385274774722,"TOTAL_PARENT_EQUITY":3377616624.68,"DEBT_ASSET_RATIO":28.9018466071,"OPERATE_PROFIT":-26952679.36,"PRETAX_PROFIT":-44436067.08,"NETCASH_OPERATE":747925069.28,"NETCASH_INVEST":-423323037.36,"NETCASH_FINANCE":-314193470.04,"END_CASH":506654655.4,"DIVI_RATIO":-2.19719684612,"DIVIDEND_RATE":8.163265306122,"CURRENT_RATIO":2.119305953733,"COMMON_ACS":13500000000,"CURRENTDEBT_DEBT":61.447433753122,"ISSUED_COMMON_SHARES":1887285665,"HK_COMMON_SHARES":1887285665,"PER_SHARES":1000,"TOTAL_MARKET_CAP":3699079903.4,"HKSK_MARKET_CAP":3699079903.4,"PE_TTM":6.308881026523,"PB_TTM":0.767355446841,"REPORT_DATE_SQ":"2019-12-31 00:00:00","REPORT_TYPE_SQ":"2019年年报","OPERATE_INCOME_SQ":3260791482.6,"DPS_HKD":0.16,"OPERATE_INCOME_QOQ_SQ":-3.849248483019,"NET_PROFIT_RATIO_SQ":14.8080996217,"HOLDER_PROFIT_SQ":482696427.68,"HOLDER_PROFIT_QOQ_SQ":22.130960227951,"ROE_AVG_SQ":16.130633778521,"PE_TTM_SQ":6.907793745799,"PB_TTM_SQ":0.912448011436,"ROA_SQ":9.3452185176,"START_DATE":"2020-01-01 00:00:00","FISCAL_YEAR":"12-31","CURRENCY":"HKD","IS_CNY_CODE":0,"DPS_HKD_LY":0.056,"ORG_TYPE":"一般企业","PREMIUM_INCOME":null,"PREMIUM_INCOME_YOY":null,"NET_INTEREST_INCOME":null,"NET_INTEREST_INCOME_YOY":null,"FEE_COMMISSION_INCOME":null,"FEE_COMMISSION_INCOME_YOY":null,"ACCOUNTS_RECE_TDAYS":3.73969322796,"INVENTORY_TDAYS":2.893496080534,"CURRENT_ASSETS_TDAYS":1.31615105738,"TOTAL_ASSETS_TDAYS":0.502660542393,"PREMIUM_EXPENSE":null,"LOAN_DEPOSIT":null,"LOAN_EQUITY":null,"LOAN_ASSETS":null,"DEPOSIT_EQUITY":null,"DEPOSIT_ASSETS":null,"EQUITY_MULTIPLIER":1.40650629064,"EQUITY_RATIO":0.408507858067},{"SECUCODE":"01286.HK","SECURITY_CODE":"01286","SECURITY_NAME_ABBR":"鹰普精密","ORG_CODE":"10190142","STD_REPORT_DATE":"2020-06-30 00:00:00","REPORT_DATE":"2020-06-30 00:00:00","DATE_TYPE_CODE":"002","REPORT_TYPE":"2020年中报","PER_NETCASH_OPERATE":0.219442016933,"PER_OI":0.6638165028,"BPS":1.733205186444,"BASIC_EPS":-0.130895952,"DILUTED_EPS":-0.130530576,"OPERATE_INCOME":1250162300.64,"OPERATE_INCOME_YOY":-28.3846087432,"GROSS_PROFIT":334247791.68,"GROSS_PROFIT_YOY":-37.95068959882,"HOLDER_PROFIT":-246487216.8,"HOLDER_PROFIT_YOY":-189.8925999214,"GROSS_PROFIT_RATIO":26.736351872784,"EPS_TTM":-0.014789189097,"OPERATE_INCOME_QOQ":-13.215893526451,"NET_PROFIT_RATIO":-19.5999506076,"ROE_AVG":-7.10771863554,"GROSS_PROFIT_QOQ":-20.169224407813,"ROA":-4.846277138016,"HOLDER_PROFIT_QOQ":-105.770170293961,"ROE_YEARLY":-14.215437271081,"ROIC_YEARLY":-10.818990938501,"TOTAL_ASSETS":4724252306.4,"TOTAL_LIABILITIES":1438261519.2,"TAX_EBT":-13.738451297228,"OCF_SALES":33.05763204253,"TOTAL_PARENT_EQUITY":3271053302.88,"DEBT_ASSET_RATIO":30.4442147861,"OPERATE_PROFIT":-206938005.12,"PRETAX_PROFIT":-215433910.56,"NETCASH_OPERATE":413274053.28,"NETCASH_INVEST":-153166532.64,"NETCASH_FINANCE":-264643663.68,"END_CASH":510770071.68,"DIVI_RATIO":-9.839079008854,"DIVIDEND_RATE":8.163265306122,"CURRENT_RATIO":1.981898428299,"COMMON_ACS":13500000000,"CURRENTDEBT_DEBT":65.732413285023,"ISSUED_COMMON_SHARES":1887285665,"HK_COMMON_SHARES":1887285665,"PER_SHARES":1000,"TOTAL_MARKET_CAP":3699079903.4,"HKSK_MARKET_CAP":3699079903.4,"PE_TTM":6.308881026523,"PB_TTM":0.767355446841,"REPORT_DATE_SQ":"2019-06-30 00:00:00","REPORT_TYPE_SQ":"2019年中报","OPERATE_INCOME_SQ":1681105031.1,"DPS_HKD":0.16,"OPERATE_INCOME_QOQ_SQ":3.237758265664,"NET_PROFIT_RATIO_SQ":15.7211740974,"HOLDER_PROFIT_SQ":264061616.76,"HOLDER_PROFIT_QOQ_SQ":10.12398926027,"ROE_AVG_SQ":9.307740916468,"PE_TTM_SQ":6.907793745799,"PB_TTM_SQ":0.912448011436,"ROA_SQ":4.866009508613,"START_DATE":"2020-01-01 00:00:00","FISCAL_YEAR":"12-31","CURRENCY":"HKD","IS_CNY_CODE":0,"DPS_HKD_LY":0.056,"ORG_TYPE":"一般企业","PREMIUM_INCOME":null,"PREMIUM_INCOME_YOY":null,"NET_INTEREST_INCOME":null,"NET_INTEREST_INCOME_YOY":null,"FEE_COMMISSION_INCOME":null,"FEE_COMMISSION_INCOME_YOY":null,"ACCOUNTS_RECE_TDAYS":1.883528308365,"INVENTORY_TDAYS":1.311265509593,"CURRENT_ASSETS_TDAYS":0.627737229625,"TOTAL_ASSETS_TDAYS":0.245799074494,"PREMIUM_EXPENSE":null,"LOAN_DEPOSIT":null,"LOAN_EQUITY":null,"LOAN_ASSETS":null,"DEPOSIT_EQUITY":null,"DEPOSIT_ASSETS":null,"EQUITY_MULTIPLIER":1.437694933534,"EQUITY_RATIO":0.439693696808}],"count":17},"success":true,"message":"ok","code":0}