{"version":"eb44967d79225a7bde2d680ab1ee902b","result":{"pages":3,"data":[{"SECUCODE":"01285.HK","SECURITY_CODE":"01285","SECURITY_NAME_ABBR":"嘉士利集团","ORG_CODE":"10419201","STD_REPORT_DATE":"2024-06-30 00:00:00","REPORT_DATE":"2024-06-30 00:00:00","DATE_TYPE_CODE":"002","REPORT_TYPE":"2024年中报","PER_NETCASH_OPERATE":0.106563855422,"PER_OI":1.942192771084,"BPS":2.289479518072,"BASIC_EPS":0.052,"DILUTED_EPS":null,"OPERATE_INCOME":806010000,"OPERATE_INCOME_YOY":3.0762639794,"GROSS_PROFIT":212718000,"GROSS_PROFIT_YOY":-11.069583103396,"HOLDER_PROFIT":21564000,"HOLDER_PROFIT_YOY":-25.1224000833,"GROSS_PROFIT_RATIO":26.391483976626,"EPS_TTM":0.136585542169,"OPERATE_INCOME_QOQ":1.426595705564,"NET_PROFIT_RATIO":1.9701988809,"ROE_AVG":2.249163369427,"GROSS_PROFIT_QOQ":-5.26524062257,"ROA":0.998164893008,"HOLDER_PROFIT_QOQ":-11.31919021246,"ROE_YEARLY":4.498326738854,"ROIC_YEARLY":2.339985936645,"TOTAL_ASSETS":2139937000,"TOTAL_LIABILITIES":1158153000,"TAX_EBT":38.51206786532,"OCF_SALES":5.486780561035,"TOTAL_PARENT_EQUITY":950134000,"DEBT_ASSET_RATIO":54.120892344,"OPERATE_PROFIT":45453000,"PRETAX_PROFIT":26641000,"NETCASH_OPERATE":44224000,"NETCASH_INVEST":-49678000,"NETCASH_FINANCE":-7341000,"END_CASH":277297000,"DIVI_RATIO":0.663481643526,"DIVIDEND_RATE":9.345794392523,"CURRENT_RATIO":0.893287053792,"COMMON_ACS":8000000000,"CURRENTDEBT_DEBT":75.150951558214,"ISSUED_COMMON_SHARES":415000000,"HK_COMMON_SHARES":415000000,"PER_SHARES":1000,"TOTAL_MARKET_CAP":444050000,"HKSK_MARKET_CAP":444050000,"PE_TTM":7.05696771388,"PB_TTM":0.426545680925,"REPORT_DATE_SQ":"2023-06-30 00:00:00","REPORT_TYPE_SQ":"2023年中报","OPERATE_INCOME_SQ":781955000,"DPS_HKD":0.1,"OPERATE_INCOME_QOQ_SQ":0.802290369872,"NET_PROFIT_RATIO_SQ":3.050494848,"HOLDER_PROFIT_SQ":28799000,"HOLDER_PROFIT_QOQ_SQ":48.185137080072,"ROE_AVG_SQ":3.035104627799,"PE_TTM_SQ":6.883838622573,"PB_TTM_SQ":0.635544714829,"ROA_SQ":1.327196984762,"START_DATE":"2024-01-01 00:00:00","FISCAL_YEAR":"12-31","CURRENCY":"HKD","IS_CNY_CODE":0,"DPS_HKD_LY":0.1,"ORG_TYPE":"一般企业","PREMIUM_INCOME":null,"PREMIUM_INCOME_YOY":null,"NET_INTEREST_INCOME":null,"NET_INTEREST_INCOME_YOY":null,"FEE_COMMISSION_INCOME":null,"FEE_COMMISSION_INCOME_YOY":null,"ACCOUNTS_RECE_TDAYS":3.702363098095,"INVENTORY_TDAYS":3.681282168219,"CURRENT_ASSETS_TDAYS":0.955531581942,"TOTAL_ASSETS_TDAYS":0.373089818871,"PREMIUM_EXPENSE":null,"LOAN_DEPOSIT":null,"LOAN_EQUITY":null,"LOAN_ASSETS":null,"DEPOSIT_EQUITY":null,"DEPOSIT_ASSETS":null,"EQUITY_MULTIPLIER":2.179641346772,"EQUITY_RATIO":1.218936486853},{"SECUCODE":"01285.HK","SECURITY_CODE":"01285","SECURITY_NAME_ABBR":"嘉士利集团","ORG_CODE":"10419201","STD_REPORT_DATE":"2023-12-31 00:00:00","REPORT_DATE":"2023-12-31 00:00:00","DATE_TYPE_CODE":"001","REPORT_TYPE":"2023年年报","PER_NETCASH_OPERATE":0.42514939759,"PER_OI":4.063089156627,"BPS":2.33103373494,"BASIC_EPS":0.154,"DILUTED_EPS":null,"OPERATE_INCOME":1686182000,"OPERATE_INCOME_YOY":-4.4112344926,"GROSS_PROFIT":502883000,"GROSS_PROFIT_YOY":8.83900416195,"HOLDER_PROFIT":63918000,"HOLDER_PROFIT_YOY":-1.0924733845,"GROSS_PROFIT_RATIO":29.823767541108,"EPS_TTM":0.154019277108,"OPERATE_INCOME_QOQ":0.504794324178,"NET_PROFIT_RATIO":3.6253500512,"ROE_AVG":6.616948282252,"GROSS_PROFIT_QOQ":0.345203959669,"ROA":2.981323003478,"HOLDER_PROFIT_QOQ":-24.291991898326,"ROE_YEARLY":6.616948282252,"ROIC_YEARLY":3.531434869867,"TOTAL_ASSETS":2180792000,"TOTAL_LIABILITIES":1176779000,"TAX_EBT":32.202073975489,"OCF_SALES":10.463698461969,"TOTAL_PARENT_EQUITY":967379000,"DEBT_ASSET_RATIO":53.9610838631,"OPERATE_PROFIT":123812000,"PRETAX_PROFIT":90165000,"NETCASH_OPERATE":176437000,"NETCASH_INVEST":-213549000,"NETCASH_FINANCE":7821000,"END_CASH":290086000,"DIVI_RATIO":0.588380894271,"DIVIDEND_RATE":8.620689655172,"CURRENT_RATIO":1.032246788826,"COMMON_ACS":8000000000,"CURRENTDEBT_DEBT":74.877440878874,"ISSUED_COMMON_SHARES":415000000,"HK_COMMON_SHARES":415000000,"PER_SHARES":1000,"TOTAL_MARKET_CAP":481400000,"HKSK_MARKET_CAP":481400000,"PE_TTM":7.650544437477,"PB_TTM":0.462423355022,"REPORT_DATE_SQ":"2022-12-31 00:00:00","REPORT_TYPE_SQ":"2022年年报","OPERATE_INCOME_SQ":1763996000,"DPS_HKD":0.1,"OPERATE_INCOME_QOQ_SQ":1.975407430463,"NET_PROFIT_RATIO_SQ":3.3048138624,"HOLDER_PROFIT_SQ":64624000,"HOLDER_PROFIT_QOQ_SQ":449.041148694228,"ROE_AVG_SQ":5.869015893749,"PE_TTM_SQ":6.040013243032,"PB_TTM_SQ":0.557639233656,"ROA_SQ":2.712713051105,"START_DATE":"2023-01-01 00:00:00","FISCAL_YEAR":"12-31","CURRENCY":"HKD","IS_CNY_CODE":0,"DPS_HKD_LY":0.05,"ORG_TYPE":"一般企业","PREMIUM_INCOME":null,"PREMIUM_INCOME_YOY":null,"NET_INTEREST_INCOME":null,"NET_INTEREST_INCOME_YOY":null,"FEE_COMMISSION_INCOME":null,"FEE_COMMISSION_INCOME_YOY":null,"ACCOUNTS_RECE_TDAYS":8.758272323782,"INVENTORY_TDAYS":8.528035227813,"CURRENT_ASSETS_TDAYS":1.823939597987,"TOTAL_ASSETS_TDAYS":0.78648474368,"PREMIUM_EXPENSE":null,"LOAN_DEPOSIT":null,"LOAN_EQUITY":null,"LOAN_ASSETS":null,"DEPOSIT_EQUITY":null,"DEPOSIT_ASSETS":null,"EQUITY_MULTIPLIER":2.172075461174,"EQUITY_RATIO":1.216461180158},{"SECUCODE":"01285.HK","SECURITY_CODE":"01285","SECURITY_NAME_ABBR":"嘉士利集团","ORG_CODE":"10419201","STD_REPORT_DATE":"2023-06-30 00:00:00","REPORT_DATE":"2023-06-30 00:00:00","DATE_TYPE_CODE":"002","REPORT_TYPE":"2023年中报","PER_NETCASH_OPERATE":-0.001708433735,"PER_OI":1.884228915663,"BPS":2.248573493976,"BASIC_EPS":0.0694,"DILUTED_EPS":null,"OPERATE_INCOME":781955000,"OPERATE_INCOME_YOY":1.706128801,"GROSS_PROFIT":239196000,"GROSS_PROFIT_YOY":30.54768726975,"HOLDER_PROFIT":28799000,"HOLDER_PROFIT_YOY":2039.5988112927,"GROSS_PROFIT_RATIO":30.418516536391,"EPS_TTM":0.203438554217,"OPERATE_INCOME_QOQ":0.802290369872,"NET_PROFIT_RATIO":3.050494848,"ROE_AVG":3.035104627799,"GROSS_PROFIT_QOQ":13.319962192988,"ROA":1.327196984762,"HOLDER_PROFIT_QOQ":48.185137080072,"ROE_YEARLY":6.070209255599,"ROIC_YEARLY":3.178088964199,"TOTAL_ASSETS":2232720000,"TOTAL_LIABILITIES":1265057000,"TAX_EBT":22.031995509402,"OCF_SALES":-0.089070127965,"TOTAL_PARENT_EQUITY":933158000,"DEBT_ASSET_RATIO":56.6599036153,"OPERATE_PROFIT":81301000,"PRETAX_PROFIT":60571000,"NETCASH_OPERATE":-709000,"NETCASH_INVEST":-148267000,"NETCASH_FINANCE":167998000,"END_CASH":339394000,"DIVI_RATIO":0.445451455103,"DIVIDEND_RATE":8.620689655172,"CURRENT_RATIO":1.00689184294,"COMMON_ACS":8000000000,"CURRENTDEBT_DEBT":77.684720925618,"ISSUED_COMMON_SHARES":415000000,"HK_COMMON_SHARES":415000000,"PER_SHARES":1000,"TOTAL_MARKET_CAP":481400000,"HKSK_MARKET_CAP":481400000,"PE_TTM":7.650544437477,"PB_TTM":0.462423355022,"REPORT_DATE_SQ":"2022-06-30 00:00:00","REPORT_TYPE_SQ":"2022年中报","OPERATE_INCOME_SQ":782649000,"DPS_HKD":0.1,"OPERATE_INCOME_QOQ_SQ":2.19061417591,"NET_PROFIT_RATIO_SQ":-0.2619876868,"HOLDER_PROFIT_SQ":1346000,"HOLDER_PROFIT_QOQ_SQ":-91.009980247427,"ROE_AVG_SQ":-0.086633354585,"PE_TTM_SQ":6.040013243032,"PB_TTM_SQ":0.557639233656,"ROA_SQ":-0.039309709932,"START_DATE":"2023-01-01 00:00:00","FISCAL_YEAR":"12-31","CURRENCY":"HKD","IS_CNY_CODE":0,"DPS_HKD_LY":0.05,"ORG_TYPE":"一般企业","PREMIUM_INCOME":null,"PREMIUM_INCOME_YOY":null,"NET_INTEREST_INCOME":null,"NET_INTEREST_INCOME_YOY":null,"FEE_COMMISSION_INCOME":null,"FEE_COMMISSION_INCOME_YOY":null,"ACCOUNTS_RECE_TDAYS":4.596585281263,"INVENTORY_TDAYS":5.257652201565,"CURRENT_ASSETS_TDAYS":0.825335239756,"TOTAL_ASSETS_TDAYS":0.366836158986,"PREMIUM_EXPENSE":null,"LOAN_DEPOSIT":null,"LOAN_EQUITY":null,"LOAN_ASSETS":null,"DEPOSIT_EQUITY":null,"DEPOSIT_ASSETS":null,"EQUITY_MULTIPLIER":2.307332201395,"EQUITY_RATIO":1.355672887121},{"SECUCODE":"01285.HK","SECURITY_CODE":"01285","SECURITY_NAME_ABBR":"嘉士利集团","ORG_CODE":"10419201","STD_REPORT_DATE":"2022-12-31 00:00:00","REPORT_DATE":"2022-12-31 00:00:00","DATE_TYPE_CODE":"001","REPORT_TYPE":"2022年年报","PER_NETCASH_OPERATE":0.165997590361,"PER_OI":4.250592771084,"BPS":2.386354216867,"BASIC_EPS":0.1557,"DILUTED_EPS":null,"OPERATE_INCOME":1763996000,"OPERATE_INCOME_YOY":4.2092951616,"GROSS_PROFIT":462043000,"GROSS_PROFIT_YOY":0.67985261144,"HOLDER_PROFIT":64624000,"HOLDER_PROFIT_YOY":-50.6410922826,"GROSS_PROFIT_RATIO":26.571535004446,"EPS_TTM":0.137286746988,"OPERATE_INCOME_QOQ":1.975407430463,"NET_PROFIT_RATIO":3.3048138624,"ROE_AVG":5.869015893749,"GROSS_PROFIT_QOQ":6.342366604949,"ROA":2.712713051105,"HOLDER_PROFIT_QOQ":449.041148694228,"ROE_YEARLY":5.869015893749,"ROIC_YEARLY":3.307723546673,"TOTAL_ASSETS":2120775000,"TOTAL_LIABILITIES":1117184000,"TAX_EBT":19.575023588259,"OCF_SALES":4.139068470764,"TOTAL_PARENT_EQUITY":964569000,"DEBT_ASSET_RATIO":51.5230627074,"OPERATE_PROFIT":113629000,"PRETAX_PROFIT":77369000,"NETCASH_OPERATE":71584000,"NETCASH_INVEST":-49515000,"NETCASH_FINANCE":-96856000,"END_CASH":320301000,"DIVI_RATIO":0.66009284937,"DIVIDEND_RATE":8.620689655172,"CURRENT_RATIO":1.049146511441,"COMMON_ACS":8000000000,"CURRENTDEBT_DEBT":82.452666704858,"ISSUED_COMMON_SHARES":415000000,"HK_COMMON_SHARES":415000000,"PER_SHARES":1000,"TOTAL_MARKET_CAP":481400000,"HKSK_MARKET_CAP":481400000,"PE_TTM":7.650544437477,"PB_TTM":0.462423355022,"REPORT_DATE_SQ":"2021-12-31 00:00:00","REPORT_TYPE_SQ":"2021年年报","OPERATE_INCOME_SQ":1597132000,"DPS_HKD":0.1,"OPERATE_INCOME_QOQ_SQ":7.528384608756,"NET_PROFIT_RATIO_SQ":6.781217833,"HOLDER_PROFIT_SQ":115428000,"HOLDER_PROFIT_QOQ_SQ":-36.155667160778,"ROE_AVG_SQ":12.555849916759,"PE_TTM_SQ":6.040013243032,"PB_TTM_SQ":0.557639233656,"ROA_SQ":5.970465777331,"START_DATE":"2022-01-01 00:00:00","FISCAL_YEAR":"12-31","CURRENCY":"HKD","IS_CNY_CODE":0,"DPS_HKD_LY":0.05,"ORG_TYPE":"一般企业","PREMIUM_INCOME":null,"PREMIUM_INCOME_YOY":null,"NET_INTEREST_INCOME":null,"NET_INTEREST_INCOME_YOY":null,"FEE_COMMISSION_INCOME":null,"FEE_COMMISSION_INCOME_YOY":null,"ACCOUNTS_RECE_TDAYS":10.396107933533,"INVENTORY_TDAYS":11.665734385888,"CURRENT_ASSETS_TDAYS":1.737255229427,"TOTAL_ASSETS_TDAYS":0.79245464488,"PREMIUM_EXPENSE":null,"LOAN_DEPOSIT":null,"LOAN_EQUITY":null,"LOAN_ASSETS":null,"DEPOSIT_EQUITY":null,"DEPOSIT_ASSETS":null,"EQUITY_MULTIPLIER":2.062836589622,"EQUITY_RATIO":1.158220925615},{"SECUCODE":"01285.HK","SECURITY_CODE":"01285","SECURITY_NAME_ABBR":"嘉士利集团","ORG_CODE":"10419201","STD_REPORT_DATE":"2022-06-30 00:00:00","REPORT_DATE":"2022-06-30 00:00:00","DATE_TYPE_CODE":"002","REPORT_TYPE":"2022年中报","PER_NETCASH_OPERATE":-0.206110843373,"PER_OI":1.885901204819,"BPS":2.247277108434,"BASIC_EPS":0.0032,"DILUTED_EPS":null,"OPERATE_INCOME":782649000,"OPERATE_INCOME_YOY":4.9430909471,"GROSS_PROFIT":183225000,"GROSS_PROFIT_YOY":-16.525055012141,"HOLDER_PROFIT":1346000,"HOLDER_PROFIT_YOY":-100.7828464527,"GROSS_PROFIT_RATIO":23.754447799694,"EPS_TTM":0.025004819277,"OPERATE_INCOME_QOQ":2.19061417591,"NET_PROFIT_RATIO":-0.2619876868,"ROE_AVG":-0.086633354585,"GROSS_PROFIT_QOQ":-9.381312333442,"ROA":-0.039309709932,"HOLDER_PROFIT_QOQ":-91.009980247427,"ROE_YEARLY":-0.173266709169,"ROIC_YEARLY":-0.094373609623,"TOTAL_ASSETS":2058231000,"TOTAL_LIABILITIES":1096094000,"TAX_EBT":105.153901216893,"OCF_SALES":-11.51561088501,"TOTAL_PARENT_EQUITY":932620000,"DEBT_ASSET_RATIO":53.254177981,"OPERATE_PROFIT":15245000,"PRETAX_PROFIT":-4191000,"NETCASH_OPERATE":-79328000,"NETCASH_INVEST":-26211000,"NETCASH_FINANCE":-24051000,"END_CASH":266220000,"DIVI_RATIO":3.624181362629,"DIVIDEND_RATE":8.620689655172,"CURRENT_RATIO":0.938588285632,"COMMON_ACS":8000000000,"CURRENTDEBT_DEBT":86.996553215326,"ISSUED_COMMON_SHARES":415000000,"HK_COMMON_SHARES":415000000,"PER_SHARES":1000,"TOTAL_MARKET_CAP":481400000,"HKSK_MARKET_CAP":481400000,"PE_TTM":7.650544437477,"PB_TTM":0.462423355022,"REPORT_DATE_SQ":"2021-06-30 00:00:00","REPORT_TYPE_SQ":"2021年中报","OPERATE_INCOME_SQ":707796000,"DPS_HKD":0.1,"OPERATE_INCOME_QOQ_SQ":-2.188476469252,"NET_PROFIT_RATIO_SQ":14.3905871183,"HOLDER_PROFIT_SQ":104235000,"HOLDER_PROFIT_QOQ_SQ":26.72409563395,"ROE_AVG_SQ":11.196789469529,"PE_TTM_SQ":6.040013243032,"PB_TTM_SQ":0.557639233656,"ROA_SQ":5.304254879027,"START_DATE":"2022-01-01 00:00:00","FISCAL_YEAR":"12-31","CURRENCY":"HKD","IS_CNY_CODE":0,"DPS_HKD_LY":0.05,"ORG_TYPE":"一般企业","PREMIUM_INCOME":null,"PREMIUM_INCOME_YOY":null,"NET_INTEREST_INCOME":null,"NET_INTEREST_INCOME_YOY":null,"FEE_COMMISSION_INCOME":null,"FEE_COMMISSION_INCOME_YOY":null,"ACCOUNTS_RECE_TDAYS":4.556178777779,"INVENTORY_TDAYS":5.430997612175,"CURRENT_ASSETS_TDAYS":0.793700896781,"TOTAL_ASSETS_TDAYS":0.357825787651,"PREMIUM_EXPENSE":null,"LOAN_DEPOSIT":null,"LOAN_EQUITY":null,"LOAN_ASSETS":null,"DEPOSIT_EQUITY":null,"DEPOSIT_ASSETS":null,"EQUITY_MULTIPLIER":2.139228612973,"EQUITY_RATIO":1.175284681864},{"SECUCODE":"01285.HK","SECURITY_CODE":"01285","SECURITY_NAME_ABBR":"嘉士利集团","ORG_CODE":"10419201","STD_REPORT_DATE":"2021-12-31 00:00:00","REPORT_DATE":"2021-12-31 00:00:00","DATE_TYPE_CODE":"001","REPORT_TYPE":"2021年年报","PER_NETCASH_OPERATE":0.24494939759,"PER_OI":3.848510843373,"BPS":2.292002409639,"BASIC_EPS":0.2781,"DILUTED_EPS":0.2781,"OPERATE_INCOME":1597132000,"OPERATE_INCOME_YOY":5.1751512138,"GROSS_PROFIT":458923000,"GROSS_PROFIT_YOY":-10.189084675178,"HOLDER_PROFIT":115428000,"HOLDER_PROFIT_YOY":-19.093846596,"GROSS_PROFIT_RATIO":28.734193541924,"EPS_TTM":0.278139759036,"OPERATE_INCOME_QOQ":7.528384608756,"NET_PROFIT_RATIO":6.781217833,"ROE_AVG":12.555849916759,"GROSS_PROFIT_QOQ":-4.31349572883,"ROA":5.970465777331,"HOLDER_PROFIT_QOQ":-36.155667160778,"ROE_YEARLY":12.555849916759,"ROIC_YEARLY":7.872190458069,"TOTAL_ASSETS":2093415000,"TOTAL_LIABILITIES":1111587000,"TAX_EBT":22.566830391295,"OCF_SALES":6.364783875096,"TOTAL_PARENT_EQUITY":951181000,"DEBT_ASSET_RATIO":53.099218263,"OPERATE_PROFIT":182247000,"PRETAX_PROFIT":139869000,"NETCASH_OPERATE":101654000,"NETCASH_INVEST":-343375000,"NETCASH_FINANCE":135149000,"END_CASH":383734000,"DIVI_RATIO":0.325814620369,"DIVIDEND_RATE":8.620689655172,"CURRENT_RATIO":1.107424700776,"COMMON_ACS":8000000000,"CURRENTDEBT_DEBT":79.34133810489,"ISSUED_COMMON_SHARES":415000000,"HK_COMMON_SHARES":415000000,"PER_SHARES":1000,"TOTAL_MARKET_CAP":481400000,"HKSK_MARKET_CAP":481400000,"PE_TTM":7.650544437477,"PB_TTM":0.462423355022,"REPORT_DATE_SQ":"2020-12-31 00:00:00","REPORT_TYPE_SQ":"2020年年报","OPERATE_INCOME_SQ":1518545000,"DPS_HKD":0.1,"OPERATE_INCOME_QOQ_SQ":-4.071275109871,"NET_PROFIT_RATIO_SQ":9.5660648845,"HOLDER_PROFIT_SQ":142669000,"HOLDER_PROFIT_QOQ_SQ":51.519238734481,"ROE_AVG_SQ":17.276208144227,"PE_TTM_SQ":6.040013243032,"PB_TTM_SQ":0.557639233656,"ROA_SQ":8.375120194707,"START_DATE":"2021-01-01 00:00:00","FISCAL_YEAR":"12-31","CURRENCY":"HKD","IS_CNY_CODE":0,"DPS_HKD_LY":0.15,"ORG_TYPE":"一般企业","PREMIUM_INCOME":null,"PREMIUM_INCOME_YOY":null,"NET_INTEREST_INCOME":null,"NET_INTEREST_INCOME_YOY":null,"FEE_COMMISSION_INCOME":null,"FEE_COMMISSION_INCOME_YOY":null,"ACCOUNTS_RECE_TDAYS":8.823958077232,"INVENTORY_TDAYS":11.254130535808,"CURRENT_ASSETS_TDAYS":1.708363550792,"TOTAL_ASSETS_TDAYS":0.826109951475,"PREMIUM_EXPENSE":null,"LOAN_DEPOSIT":null,"LOAN_EQUITY":null,"LOAN_ASSETS":null,"DEPOSIT_EQUITY":null,"DEPOSIT_ASSETS":null,"EQUITY_MULTIPLIER":2.132160622839,"EQUITY_RATIO":1.168638776426},{"SECUCODE":"01285.HK","SECURITY_CODE":"01285","SECURITY_NAME_ABBR":"嘉士利集团","ORG_CODE":"10419201","STD_REPORT_DATE":"2021-06-30 00:00:00","REPORT_DATE":"2021-06-30 00:00:00","DATE_TYPE_CODE":"002","REPORT_TYPE":"2021年中报","PER_NETCASH_OPERATE":0.052727710843,"PER_OI":1.70553253012,"BPS":2.348002409639,"BASIC_EPS":0.2512,"DILUTED_EPS":0.2512,"OPERATE_INCOME":707796000,"OPERATE_INCOME_YOY":-4.4847097752,"GROSS_PROFIT":219497000,"GROSS_PROFIT_YOY":-12.507075264874,"HOLDER_PROFIT":104235000,"HOLDER_PROFIT_YOY":57.6738064985,"GROSS_PROFIT_RATIO":31.011336599811,"EPS_TTM":0.435653012048,"OPERATE_INCOME_QOQ":-2.188476469252,"NET_PROFIT_RATIO":14.3905871183,"ROE_AVG":11.196789469529,"GROSS_PROFIT_QOQ":-6.140457310152,"ROA":5.304254879027,"HOLDER_PROFIT_QOQ":26.72409563395,"ROE_YEARLY":22.393578939058,"ROIC_YEARLY":14.338354772316,"TOTAL_ASSETS":2157023000,"TOTAL_LIABILITIES":1145736000,"TAX_EBT":9.643652363675,"OCF_SALES":3.0915687571,"TOTAL_PARENT_EQUITY":974421000,"DEBT_ASSET_RATIO":53.1165407138,"OPERATE_PROFIT":132811000,"PRETAX_PROFIT":112727000,"NETCASH_OPERATE":21882000,"NETCASH_INVEST":-341818000,"NETCASH_FINANCE":260506000,"END_CASH":430809000,"DIVI_RATIO":0.208014170667,"DIVIDEND_RATE":8.620689655172,"CURRENT_RATIO":1.269624975287,"COMMON_ACS":8000000000,"CURRENTDEBT_DEBT":80.788157132184,"ISSUED_COMMON_SHARES":415000000,"HK_COMMON_SHARES":415000000,"PER_SHARES":1000,"TOTAL_MARKET_CAP":481400000,"HKSK_MARKET_CAP":481400000,"PE_TTM":7.650544437477,"PB_TTM":0.462423355022,"REPORT_DATE_SQ":"2020-06-30 00:00:00","REPORT_TYPE_SQ":"2020年中报","OPERATE_INCOME_SQ":741029000,"DPS_HKD":0.1,"OPERATE_INCOME_QOQ_SQ":-0.632365117098,"NET_PROFIT_RATIO_SQ":9.0622634202,"HOLDER_PROFIT_SQ":66108000,"HOLDER_PROFIT_QOQ_SQ":-14.07595999416,"ROE_AVG_SQ":8.392007865445,"PE_TTM_SQ":6.040013243032,"PB_TTM_SQ":0.557639233656,"ROA_SQ":3.909611957352,"START_DATE":"2021-01-01 00:00:00","FISCAL_YEAR":"12-31","CURRENCY":"HKD","IS_CNY_CODE":0,"DPS_HKD_LY":0.15,"ORG_TYPE":"一般企业","PREMIUM_INCOME":null,"PREMIUM_INCOME_YOY":null,"NET_INTEREST_INCOME":null,"NET_INTEREST_INCOME_YOY":null,"FEE_COMMISSION_INCOME":null,"FEE_COMMISSION_INCOME_YOY":null,"ACCOUNTS_RECE_TDAYS":3.652490266249,"INVENTORY_TDAYS":5.659928366928,"CURRENT_ASSETS_TDAYS":0.684430236167,"TOTAL_ASSETS_TDAYS":0.360179439378,"PREMIUM_EXPENSE":null,"LOAN_DEPOSIT":null,"LOAN_EQUITY":null,"LOAN_ASSETS":null,"DEPOSIT_EQUITY":null,"DEPOSIT_ASSETS":null,"EQUITY_MULTIPLIER":2.132948411284,"EQUITY_RATIO":1.175812097646},{"SECUCODE":"01285.HK","SECURITY_CODE":"01285","SECURITY_NAME_ABBR":"嘉士利集团","ORG_CODE":"10419201","STD_REPORT_DATE":"2020-12-31 00:00:00","REPORT_DATE":"2020-12-31 00:00:00","DATE_TYPE_CODE":"001","REPORT_TYPE":"2020年年报","PER_NETCASH_OPERATE":0.67413253012,"PER_OI":3.659144578313,"BPS":2.138438554217,"BASIC_EPS":0.3438,"DILUTED_EPS":0.3438,"OPERATE_INCOME":1518545000,"OPERATE_INCOME_YOY":-4.6778949034,"GROSS_PROFIT":510988000,"GROSS_PROFIT_YOY":-5.1732808774,"HOLDER_PROFIT":142669000,"HOLDER_PROFIT_YOY":30.1914513068,"GROSS_PROFIT_RATIO":33.64984244787,"EPS_TTM":0.343780722892,"OPERATE_INCOME_QOQ":-4.071275109871,"NET_PROFIT_RATIO":9.5660648845,"ROE_AVG":17.276208144227,"GROSS_PROFIT_QOQ":-5.151983131135,"ROA":8.375120194707,"HOLDER_PROFIT_QOQ":51.519238734481,"ROE_YEARLY":17.276208144227,"ROIC_YEARLY":11.672624243917,"TOTAL_ASSETS":1773218000,"TOTAL_LIABILITIES":856290000,"TAX_EBT":14.122126122505,"OCF_SALES":18.423227497374,"TOTAL_PARENT_EQUITY":887452000,"DEBT_ASSET_RATIO":48.2901707517,"OPERATE_PROFIT":193774000,"PRETAX_PROFIT":169153000,"NETCASH_OPERATE":279765000,"NETCASH_INVEST":-113105000,"NETCASH_FINANCE":-108717000,"END_CASH":490225000,"DIVI_RATIO":0.263604076569,"DIVIDEND_RATE":8.620689655172,"CURRENT_RATIO":1.132931793647,"COMMON_ACS":8000000000,"CURRENTDEBT_DEBT":92.05981618377,"ISSUED_COMMON_SHARES":415000000,"HK_COMMON_SHARES":415000000,"PER_SHARES":1000,"TOTAL_MARKET_CAP":481400000,"HKSK_MARKET_CAP":481400000,"PE_TTM":7.650544437477,"PB_TTM":0.462423355022,"REPORT_DATE_SQ":"2019-12-31 00:00:00","REPORT_TYPE_SQ":"2019年年报","OPERATE_INCOME_SQ":1593067000,"DPS_HKD":0.1,"OPERATE_INCOME_QOQ_SQ":1.71964741226,"NET_PROFIT_RATIO_SQ":6.8132099905,"HOLDER_PROFIT_SQ":109584000,"HOLDER_PROFIT_QOQ_SQ":-12.02453396702,"ROE_AVG_SQ":15.062513057917,"PE_TTM_SQ":6.040013243032,"PB_TTM_SQ":0.557639233656,"ROA_SQ":7.133056127643,"START_DATE":"2020-01-01 00:00:00","FISCAL_YEAR":"12-31","CURRENCY":"HKD","IS_CNY_CODE":0,"DPS_HKD_LY":0.05,"ORG_TYPE":"一般企业","PREMIUM_INCOME":null,"PREMIUM_INCOME_YOY":null,"NET_INTEREST_INCOME":null,"NET_INTEREST_INCOME_YOY":null,"FEE_COMMISSION_INCOME":null,"FEE_COMMISSION_INCOME_YOY":null,"ACCOUNTS_RECE_TDAYS":8.104266288105,"INVENTORY_TDAYS":11.839960986157,"CURRENT_ASSETS_TDAYS":1.693575144385,"TOTAL_ASSETS_TDAYS":0.891433801041,"PREMIUM_EXPENSE":null,"LOAN_DEPOSIT":null,"LOAN_EQUITY":null,"LOAN_ASSETS":null,"DEPOSIT_EQUITY":null,"DEPOSIT_ASSETS":null,"EQUITY_MULTIPLIER":1.933868308089,"EQUITY_RATIO":0.9648859882},{"SECUCODE":"01285.HK","SECURITY_CODE":"01285","SECURITY_NAME_ABBR":"嘉士利集团","ORG_CODE":"10419201","STD_REPORT_DATE":"2020-06-30 00:00:00","REPORT_DATE":"2020-06-30 00:00:00","DATE_TYPE_CODE":"002","REPORT_TYPE":"2020年中报","PER_NETCASH_OPERATE":0.125857831325,"PER_OI":1.785612048193,"BPS":1.955004819277,"BASIC_EPS":0.1593,"DILUTED_EPS":0.1593,"OPERATE_INCOME":741029000,"OPERATE_INCOME_YOY":-1.3412275014,"GROSS_PROFIT":250874000,"GROSS_PROFIT_YOY":-0.048208131636,"HOLDER_PROFIT":66108000,"HOLDER_PROFIT_YOY":-18.9187200275,"GROSS_PROFIT_RATIO":33.854815398588,"EPS_TTM":0.226889156627,"OPERATE_INCOME_QOQ":-0.632365117098,"NET_PROFIT_RATIO":9.0622634202,"ROE_AVG":8.392007865445,"GROSS_PROFIT_QOQ":-0.022454603658,"ROA":3.909611957352,"HOLDER_PROFIT_QOQ":-14.07595999416,"ROE_YEARLY":16.784015730889,"ROIC_YEARLY":11.126010381617,"TOTAL_ASSETS":1748065000,"TOTAL_LIABILITIES":916565000,"TAX_EBT":16.544670486038,"OCF_SALES":7.048442098757,"TOTAL_PARENT_EQUITY":811327000,"DEBT_ASSET_RATIO":52.4331189058,"OPERATE_PROFIT":94078000,"PRETAX_PROFIT":80467000,"NETCASH_OPERATE":52231000,"NETCASH_INVEST":-64253000,"NETCASH_FINANCE":122655000,"END_CASH":542180000,"DIVI_RATIO":0.39941089009,"DIVIDEND_RATE":8.620689655172,"CURRENT_RATIO":1.09443261591,"COMMON_ACS":8000000000,"CURRENTDEBT_DEBT":92.442107215528,"ISSUED_COMMON_SHARES":415000000,"HK_COMMON_SHARES":415000000,"PER_SHARES":1000,"TOTAL_MARKET_CAP":481400000,"HKSK_MARKET_CAP":481400000,"PE_TTM":7.650544437477,"PB_TTM":0.462423355022,"REPORT_DATE_SQ":"2019-06-30 00:00:00","REPORT_TYPE_SQ":"2019年中报","OPERATE_INCOME_SQ":751103000,"DPS_HKD":0.1,"OPERATE_INCOME_QOQ_SQ":8.06237269611,"NET_PROFIT_RATIO_SQ":10.8871885747,"HOLDER_PROFIT_SQ":81533000,"HOLDER_PROFIT_QOQ_SQ":44.037280727113,"ROE_AVG_SQ":11.291673995205,"PE_TTM_SQ":6.040013243032,"PB_TTM_SQ":0.557639233656,"ROA_SQ":5.056791452706,"START_DATE":"2020-01-01 00:00:00","FISCAL_YEAR":"12-31","CURRENCY":"HKD","IS_CNY_CODE":0,"DPS_HKD_LY":0.05,"ORG_TYPE":"一般企业","PREMIUM_INCOME":null,"PREMIUM_INCOME_YOY":null,"NET_INTEREST_INCOME":null,"NET_INTEREST_INCOME_YOY":null,"FEE_COMMISSION_INCOME":null,"FEE_COMMISSION_INCOME_YOY":null,"ACCOUNTS_RECE_TDAYS":3.99423795779,"INVENTORY_TDAYS":6.915133003675,"CURRENT_ASSETS_TDAYS":0.81096854966,"TOTAL_ASSETS_TDAYS":0.438242850963,"PREMIUM_EXPENSE":null,"LOAN_DEPOSIT":null,"LOAN_EQUITY":null,"LOAN_ASSETS":null,"DEPOSIT_EQUITY":null,"DEPOSIT_ASSETS":null,"EQUITY_MULTIPLIER":2.102303066749,"EQUITY_RATIO":1.129710955016}],"count":27},"success":true,"message":"ok","code":0}