{"version":"89ad61d5ee4db11b1d432d951e9475ff","result":{"pages":3,"data":[{"SECUCODE":"01289.HK","SECURITY_CODE":"01289","SECURITY_NAME_ABBR":"盛力达科技","ORG_CODE":"10425202","STD_REPORT_DATE":"2024-06-30 00:00:00","REPORT_DATE":"2024-06-30 00:00:00","DATE_TYPE_CODE":"002","REPORT_TYPE":"2024年中报","PER_NETCASH_OPERATE":0.4737109375,"PER_OI":1.1994921875,"BPS":5.429984375,"BASIC_EPS":0.2465,"DILUTED_EPS":0.2465,"OPERATE_INCOME":153535000,"OPERATE_INCOME_YOY":189.2738714296,"GROSS_PROFIT":46851000,"GROSS_PROFIT_YOY":173.008565934386,"HOLDER_PROFIT":31557000,"HOLDER_PROFIT_YOY":298.0449041372,"GROSS_PROFIT_RATIO":30.514866317126,"EPS_TTM":0.4138671875,"OPERATE_INCOME_QOQ":32.068376614049,"NET_PROFIT_RATIO":20.5536196958,"ROE_AVG":4.611038173996,"GROSS_PROFIT_QOQ":30.968374499332,"ROA":2.867512160371,"HOLDER_PROFIT_QOQ":80.518639678321,"ROE_YEARLY":9.222076347991,"ROIC_YEARLY":7.117090195592,"TOTAL_ASSETS":1171877000,"TOTAL_LIABILITIES":476839000,"TAX_EBT":13.461854878517,"OCF_SALES":39.4926238317,"TOTAL_PARENT_EQUITY":695038000,"DEBT_ASSET_RATIO":40.6901918887,"OPERATE_PROFIT":32368000,"PRETAX_PROFIT":36466000,"NETCASH_OPERATE":60635000,"NETCASH_INVEST":-52300000,"NETCASH_FINANCE":null,"END_CASH":82282000,"DIVI_RATIO":0.192031396546,"DIVIDEND_RATE":5.694805194805,"CURRENT_RATIO":2.052877386288,"COMMON_ACS":null,"CURRENTDEBT_DEBT":100,"ISSUED_COMMON_SHARES":128000000,"HK_COMMON_SHARES":32000000,"PER_SHARES":500,"TOTAL_MARKET_CAP":197120000,"HKSK_MARKET_CAP":49280000,"PE_TTM":3.377645900601,"PB_TTM":0.25884553305,"REPORT_DATE_SQ":"2023-06-30 00:00:00","REPORT_TYPE_SQ":"2023年中报","OPERATE_INCOME_SQ":53076000,"DPS_HKD":0.0877,"OPERATE_INCOME_QOQ_SQ":-10.195243405368,"NET_PROFIT_RATIO_SQ":14.9370713694,"HOLDER_PROFIT_SQ":7928000,"HOLDER_PROFIT_QOQ_SQ":17.558839143514,"ROE_AVG_SQ":1.21323602552,"PE_TTM_SQ":3.148155618733,"PB_TTM_SQ":0.130261054755,"ROA_SQ":0.820895986017,"START_DATE":"2024-01-01 00:00:00","FISCAL_YEAR":"12-31","CURRENCY":"HKD","IS_CNY_CODE":0,"DPS_HKD_LY":0.0877,"ORG_TYPE":"一般企业","PREMIUM_INCOME":null,"PREMIUM_INCOME_YOY":null,"NET_INTEREST_INCOME":null,"NET_INTEREST_INCOME_YOY":null,"FEE_COMMISSION_INCOME":null,"FEE_COMMISSION_INCOME_YOY":null,"ACCOUNTS_RECE_TDAYS":0.634320264908,"INVENTORY_TDAYS":0.339802872036,"CURRENT_ASSETS_TDAYS":0.170740332573,"TOTAL_ASSETS_TDAYS":0.139513730565,"PREMIUM_EXPENSE":null,"LOAN_DEPOSIT":null,"LOAN_EQUITY":null,"LOAN_ASSETS":null,"DEPOSIT_EQUITY":null,"DEPOSIT_ASSETS":null,"EQUITY_MULTIPLIER":1.686061769283,"EQUITY_RATIO":0.686061769285},{"SECUCODE":"01289.HK","SECURITY_CODE":"01289","SECURITY_NAME_ABBR":"盛力达科技","ORG_CODE":"10425202","STD_REPORT_DATE":"2023-12-31 00:00:00","REPORT_DATE":"2023-12-31 00:00:00","DATE_TYPE_CODE":"001","REPORT_TYPE":"2023年年报","PER_NETCASH_OPERATE":0.0662578125,"PER_OI":2.4473828125,"BPS":5.2634453125,"BASIC_EPS":0.2293,"DILUTED_EPS":0.2293,"OPERATE_INCOME":313265000,"OPERATE_INCOME_YOY":50.5734253634,"GROSS_PROFIT":95872000,"GROSS_PROFIT_YOY":101.916556096123,"HOLDER_PROFIT":29346000,"HOLDER_PROFIT_YOY":29.8265793665,"GROSS_PROFIT_RATIO":30.604121111519,"EPS_TTM":0.229265625,"OPERATE_INCOME_QOQ":67.667539084871,"NET_PROFIT_RATIO":9.3677876558,"ROE_AVG":4.41846038954,"GROSS_PROFIT_QOQ":99.783279153122,"ROA":2.971962020541,"HOLDER_PROFIT_QOQ":10.435404357807,"ROE_YEARLY":4.41846038954,"ROIC_YEARLY":3.622258634895,"TOTAL_ASSETS":1029125000,"TOTAL_LIABILITIES":355404000,"TAX_EBT":13.943872613706,"OCF_SALES":2.707292547843,"TOTAL_PARENT_EQUITY":673721000,"DEBT_ASSET_RATIO":34.5345803474,"OPERATE_PROFIT":28063000,"PRETAX_PROFIT":34101000,"NETCASH_OPERATE":8481000,"NETCASH_INVEST":-37499000,"NETCASH_FINANCE":-10240000,"END_CASH":73946000,"DIVI_RATIO":0.346652464799,"DIVIDEND_RATE":6.69465648855,"CURRENT_RATIO":2.306023567546,"COMMON_ACS":null,"CURRENTDEBT_DEBT":100,"ISSUED_COMMON_SHARES":128000000,"HK_COMMON_SHARES":32000000,"PER_SHARES":500,"TOTAL_MARKET_CAP":167680000,"HKSK_MARKET_CAP":41920000,"PE_TTM":2.873192292069,"PB_TTM":0.220186784607,"REPORT_DATE_SQ":"2022-12-31 00:00:00","REPORT_TYPE_SQ":"2022年年报","OPERATE_INCOME_SQ":208048000,"DPS_HKD":0.0877,"OPERATE_INCOME_QOQ_SQ":44.346462593058,"NET_PROFIT_RATIO_SQ":10.8648004307,"HOLDER_PROFIT_SQ":22604000,"HOLDER_PROFIT_QOQ_SQ":295.036700454387,"ROE_AVG_SQ":3.513686183864,"PE_TTM_SQ":3.23560438592,"PB_TTM_SQ":0.133879417387,"ROA_SQ":2.693057133343,"START_DATE":"2023-01-01 00:00:00","FISCAL_YEAR":"12-31","CURRENCY":"HKD","IS_CNY_CODE":0,"DPS_HKD_LY":0.0882,"ORG_TYPE":"一般企业","PREMIUM_INCOME":null,"PREMIUM_INCOME_YOY":null,"NET_INTEREST_INCOME":null,"NET_INTEREST_INCOME_YOY":null,"FEE_COMMISSION_INCOME":null,"FEE_COMMISSION_INCOME_YOY":null,"ACCOUNTS_RECE_TDAYS":1.243063285062,"INVENTORY_TDAYS":0.854436511633,"CURRENT_ASSETS_TDAYS":0.387972139175,"TOTAL_ASSETS_TDAYS":0.317253350496,"PREMIUM_EXPENSE":null,"LOAN_DEPOSIT":null,"LOAN_EQUITY":null,"LOAN_ASSETS":null,"DEPOSIT_EQUITY":null,"DEPOSIT_ASSETS":null,"EQUITY_MULTIPLIER":1.527524004744,"EQUITY_RATIO":0.527524004744},{"SECUCODE":"01289.HK","SECURITY_CODE":"01289","SECURITY_NAME_ABBR":"盛力达科技","ORG_CODE":"10425202","STD_REPORT_DATE":"2023-06-30 00:00:00","REPORT_DATE":"2023-06-30 00:00:00","DATE_TYPE_CODE":"002","REPORT_TYPE":"2023年中报","PER_NETCASH_OPERATE":0.164140625,"PER_OI":0.41465625,"BPS":5.0961171875,"BASIC_EPS":0.0619,"DILUTED_EPS":0.0619,"OPERATE_INCOME":53076000,"OPERATE_INCOME_YOY":-28.5527750481,"GROSS_PROFIT":17161000,"GROSS_PROFIT_YOY":3.044313678396,"HOLDER_PROFIT":7928000,"HOLDER_PROFIT_YOY":100.2525890376,"GROSS_PROFIT_RATIO":32.332881151556,"EPS_TTM":0.2076015625,"OPERATE_INCOME_QOQ":-10.195243405368,"NET_PROFIT_RATIO":14.9370713694,"ROE_AVG":1.21323602552,"GROSS_PROFIT_QOQ":1.067795539268,"ROA":0.820895986017,"HOLDER_PROFIT_QOQ":17.558839143514,"ROE_YEARLY":2.426472051039,"ROIC_YEARLY":2.039554966431,"TOTAL_ASSETS":985816000,"TOTAL_LIABILITIES":333513000,"TAX_EBT":18.570254724733,"OCF_SALES":39.584746401387,"TOTAL_PARENT_EQUITY":652303000,"DEBT_ASSET_RATIO":33.8311611903,"OPERATE_PROFIT":6892000,"PRETAX_PROFIT":9736000,"NETCASH_OPERATE":21010000,"NETCASH_INVEST":-21932000,"NETCASH_FINANCE":null,"END_CASH":112329000,"DIVI_RATIO":0.382827051217,"DIVIDEND_RATE":6.69465648855,"CURRENT_RATIO":2.526920989587,"COMMON_ACS":null,"CURRENTDEBT_DEBT":100,"ISSUED_COMMON_SHARES":128000000,"HK_COMMON_SHARES":32000000,"PER_SHARES":500,"TOTAL_MARKET_CAP":167680000,"HKSK_MARKET_CAP":41920000,"PE_TTM":2.873192292069,"PB_TTM":0.220186784607,"REPORT_DATE_SQ":"2022-06-30 00:00:00","REPORT_TYPE_SQ":"2022年中报","OPERATE_INCOME_SQ":74287000,"DPS_HKD":0.0877,"OPERATE_INCOME_QOQ_SQ":-13.717261815678,"NET_PROFIT_RATIO_SQ":5.3293308385,"HOLDER_PROFIT_SQ":3959000,"HOLDER_PROFIT_QOQ_SQ":21.460411802165,"ROE_AVG_SQ":0.624457306537,"PE_TTM_SQ":3.23560438592,"PB_TTM_SQ":0.133879417387,"ROA_SQ":0.52745525157,"START_DATE":"2023-01-01 00:00:00","FISCAL_YEAR":"12-31","CURRENCY":"HKD","IS_CNY_CODE":0,"DPS_HKD_LY":0.0882,"ORG_TYPE":"一般企业","PREMIUM_INCOME":null,"PREMIUM_INCOME_YOY":null,"NET_INTEREST_INCOME":null,"NET_INTEREST_INCOME_YOY":null,"FEE_COMMISSION_INCOME":null,"FEE_COMMISSION_INCOME_YOY":null,"ACCOUNTS_RECE_TDAYS":0.215915840174,"INVENTORY_TDAYS":0.13310775001,"CURRENT_ASSETS_TDAYS":0.06480289364,"TOTAL_ASSETS_TDAYS":0.054956956804,"PREMIUM_EXPENSE":null,"LOAN_DEPOSIT":null,"LOAN_EQUITY":null,"LOAN_ASSETS":null,"DEPOSIT_EQUITY":null,"DEPOSIT_ASSETS":null,"EQUITY_MULTIPLIER":1.511285399576,"EQUITY_RATIO":0.511285399577},{"SECUCODE":"01289.HK","SECURITY_CODE":"01289","SECURITY_NAME_ABBR":"盛力达科技","ORG_CODE":"10425202","STD_REPORT_DATE":"2022-12-31 00:00:00","REPORT_DATE":"2022-12-31 00:00:00","DATE_TYPE_CODE":"001","REPORT_TYPE":"2022年年报","PER_NETCASH_OPERATE":0.242109375,"PER_OI":1.625375,"BPS":5.1141796875,"BASIC_EPS":0.1766,"DILUTED_EPS":0.1766,"OPERATE_INCOME":208048000,"OPERATE_INCOME_YOY":24.5460803975,"GROSS_PROFIT":47481000,"GROSS_PROFIT_YOY":33.28,"HOLDER_PROFIT":22604000,"HOLDER_PROFIT_YOY":379.8132031416,"GROSS_PROFIT_RATIO":22.822137199108,"EPS_TTM":0.17659375,"OPERATE_INCOME_QOQ":44.346462593058,"NET_PROFIT_RATIO":10.8648004307,"ROE_AVG":3.513686183864,"GROSS_PROFIT_QOQ":43.651105799776,"ROA":2.693057133343,"HOLDER_PROFIT_QOQ":295.036700454387,"ROE_YEARLY":3.513686183864,"ROIC_YEARLY":3.24027319557,"TOTAL_ASSETS":945732000,"TOTAL_LIABILITIES":291117000,"TAX_EBT":3.261148677566,"OCF_SALES":14.89560101515,"TOTAL_PARENT_EQUITY":654615000,"DEBT_ASSET_RATIO":30.7821877657,"OPERATE_PROFIT":20441000,"PRETAX_PROFIT":23366000,"NETCASH_OPERATE":30990000,"NETCASH_INVEST":40992000,"NETCASH_FINANCE":7000000,"END_CASH":113250000,"DIVI_RATIO":0.450047037339,"DIVIDEND_RATE":6.69465648855,"CURRENT_RATIO":2.731939392066,"COMMON_ACS":null,"CURRENTDEBT_DEBT":100,"ISSUED_COMMON_SHARES":128000000,"HK_COMMON_SHARES":32000000,"PER_SHARES":500,"TOTAL_MARKET_CAP":167680000,"HKSK_MARKET_CAP":41920000,"PE_TTM":2.873192292069,"PB_TTM":0.220186784607,"REPORT_DATE_SQ":"2021-12-31 00:00:00","REPORT_TYPE_SQ":"2021年年报","OPERATE_INCOME_SQ":167045000,"DPS_HKD":0.0877,"OPERATE_INCOME_QOQ_SQ":-7.399400198456,"NET_PROFIT_RATIO_SQ":2.8201981502,"HOLDER_PROFIT_SQ":4711000,"HOLDER_PROFIT_QOQ_SQ":11.740986717268,"ROE_AVG_SQ":0.744403738294,"PE_TTM_SQ":3.23560438592,"PB_TTM_SQ":0.133879417387,"ROA_SQ":0.636251907675,"START_DATE":"2022-01-01 00:00:00","FISCAL_YEAR":"12-31","CURRENCY":"HKD","IS_CNY_CODE":0,"DPS_HKD_LY":null,"ORG_TYPE":"一般企业","PREMIUM_INCOME":null,"PREMIUM_INCOME_YOY":null,"NET_INTEREST_INCOME":null,"NET_INTEREST_INCOME_YOY":null,"FEE_COMMISSION_INCOME":null,"FEE_COMMISSION_INCOME_YOY":null,"ACCOUNTS_RECE_TDAYS":0.870639437563,"INVENTORY_TDAYS":0.811988136266,"CURRENT_ASSETS_TDAYS":0.300652177997,"TOTAL_ASSETS_TDAYS":0.247869912616,"PREMIUM_EXPENSE":null,"LOAN_DEPOSIT":null,"LOAN_EQUITY":null,"LOAN_ASSETS":null,"DEPOSIT_EQUITY":null,"DEPOSIT_ASSETS":null,"EQUITY_MULTIPLIER":1.444714832383,"EQUITY_RATIO":0.444714832382},{"SECUCODE":"01289.HK","SECURITY_CODE":"01289","SECURITY_NAME_ABBR":"盛力达科技","ORG_CODE":"10425202","STD_REPORT_DATE":"2022-06-30 00:00:00","REPORT_DATE":"2022-06-30 00:00:00","DATE_TYPE_CODE":"002","REPORT_TYPE":"2022年中报","PER_NETCASH_OPERATE":0.03646875,"PER_OI":0.5803671875,"BPS":4.968515625,"BASIC_EPS":0.0309,"DILUTED_EPS":0.0309,"OPERATE_INCOME":74287000,"OPERATE_INCOME_YOY":-23.5738315449,"GROSS_PROFIT":16654000,"GROSS_PROFIT_YOY":-13.377717673983,"HOLDER_PROFIT":3959000,"HOLDER_PROFIT_YOY":34.2944369064,"GROSS_PROFIT_RATIO":22.418458142071,"EPS_TTM":0.044703125,"OPERATE_INCOME_QOQ":-13.717261815678,"NET_PROFIT_RATIO":5.3293308385,"ROE_AVG":0.624457306537,"GROSS_PROFIT_QOQ":-7.219649122807,"ROA":0.52745525157,"HOLDER_PROFIT_QOQ":21.460411802165,"ROE_YEARLY":1.248914613074,"ROIC_YEARLY":1.233535079725,"TOTAL_ASSETS":768215000,"TOTAL_LIABILITIES":132245000,"TAX_EBT":1.737403822288,"OCF_SALES":6.283737396853,"TOTAL_PARENT_EQUITY":635970000,"DEBT_ASSET_RATIO":17.2145818553,"OPERATE_PROFIT":2848000,"PRETAX_PROFIT":4029000,"NETCASH_OPERATE":4668000,"NETCASH_INVEST":280000,"NETCASH_FINANCE":null,"END_CASH":39189000,"DIVI_RATIO":1.777850966795,"DIVIDEND_RATE":6.69465648855,"CURRENT_RATIO":4.742621649212,"COMMON_ACS":null,"CURRENTDEBT_DEBT":100,"ISSUED_COMMON_SHARES":128000000,"HK_COMMON_SHARES":32000000,"PER_SHARES":500,"TOTAL_MARKET_CAP":167680000,"HKSK_MARKET_CAP":41920000,"PE_TTM":2.873192292069,"PB_TTM":0.220186784607,"REPORT_DATE_SQ":"2021-06-30 00:00:00","REPORT_TYPE_SQ":"2021年中报","OPERATE_INCOME_SQ":97201000,"DPS_HKD":0.0877,"OPERATE_INCOME_QOQ_SQ":48.32511100148,"NET_PROFIT_RATIO_SQ":3.0328906081,"HOLDER_PROFIT_SQ":2948000,"HOLDER_PROFIT_QOQ_SQ":74.286895411327,"ROE_AVG_SQ":0.466474886625,"PE_TTM_SQ":3.23560438592,"PB_TTM_SQ":0.133879417387,"ROA_SQ":0.384031431175,"START_DATE":"2022-01-01 00:00:00","FISCAL_YEAR":"12-31","CURRENCY":"HKD","IS_CNY_CODE":0,"DPS_HKD_LY":null,"ORG_TYPE":"一般企业","PREMIUM_INCOME":null,"PREMIUM_INCOME_YOY":null,"NET_INTEREST_INCOME":null,"NET_INTEREST_INCOME_YOY":null,"FEE_COMMISSION_INCOME":null,"FEE_COMMISSION_INCOME_YOY":null,"ACCOUNTS_RECE_TDAYS":0.261917018066,"INVENTORY_TDAYS":0.362671281366,"CURRENT_ASSETS_TDAYS":0.122197438504,"TOTAL_ASSETS_TDAYS":0.098972135068,"PREMIUM_EXPENSE":null,"LOAN_DEPOSIT":null,"LOAN_EQUITY":null,"LOAN_ASSETS":null,"DEPOSIT_EQUITY":null,"DEPOSIT_ASSETS":null,"EQUITY_MULTIPLIER":1.207942198531,"EQUITY_RATIO":0.207942198531},{"SECUCODE":"01289.HK","SECURITY_CODE":"01289","SECURITY_NAME_ABBR":"盛力达科技","ORG_CODE":"10425202","STD_REPORT_DATE":"2021-12-31 00:00:00","REPORT_DATE":"2021-12-31 00:00:00","DATE_TYPE_CODE":"001","REPORT_TYPE":"2021年年报","PER_NETCASH_OPERATE":-0.268796875,"PER_OI":1.3050390625,"BPS":4.9375859375,"BASIC_EPS":0.0368,"DILUTED_EPS":0.0368,"OPERATE_INCOME":167045000,"OPERATE_INCOME_YOY":37.3499424437,"GROSS_PROFIT":35625000,"GROSS_PROFIT_YOY":17.733566872666,"HOLDER_PROFIT":4711000,"HOLDER_PROFIT_YOY":94.7498966515,"GROSS_PROFIT_RATIO":21.326588643779,"EPS_TTM":0.0368046875,"OPERATE_INCOME_QOQ":-7.399400198456,"NET_PROFIT_RATIO":2.8201981502,"ROE_AVG":0.744403738294,"GROSS_PROFIT_QOQ":-3.677166418818,"ROA":0.636251907675,"HOLDER_PROFIT_QOQ":11.740986717268,"ROE_YEARLY":0.744403738294,"ROIC_YEARLY":0.782860490139,"TOTAL_ASSETS":732955000,"TOTAL_LIABILITIES":100944000,"TAX_EBT":-12.892403546609,"OCF_SALES":-20.596845161483,"TOTAL_PARENT_EQUITY":632011000,"DEBT_ASSET_RATIO":13.7721961103,"OPERATE_PROFIT":1532000,"PRETAX_PROFIT":4173000,"NETCASH_OPERATE":-34406000,"NETCASH_INVEST":21040000,"NETCASH_FINANCE":-6400000,"END_CASH":33817000,"DIVI_RATIO":2.159385105498,"DIVIDEND_RATE":6.69465648855,"CURRENT_RATIO":5.83158979236,"COMMON_ACS":null,"CURRENTDEBT_DEBT":100,"ISSUED_COMMON_SHARES":128000000,"HK_COMMON_SHARES":32000000,"PER_SHARES":500,"TOTAL_MARKET_CAP":167680000,"HKSK_MARKET_CAP":41920000,"PE_TTM":2.873192292069,"PB_TTM":0.220186784607,"REPORT_DATE_SQ":"2020-12-31 00:00:00","REPORT_TYPE_SQ":"2020年年报","OPERATE_INCOME_SQ":121620000,"DPS_HKD":0.0877,"OPERATE_INCOME_QOQ_SQ":-7.20068367199,"NET_PROFIT_RATIO_SQ":1.9889820753,"HOLDER_PROFIT_SQ":2419000,"HOLDER_PROFIT_QOQ_SQ":-34.302009777295,"ROE_AVG_SQ":0.382456337289,"PE_TTM_SQ":3.23560438592,"PB_TTM_SQ":0.133879417387,"ROA_SQ":0.323933590266,"START_DATE":"2021-01-01 00:00:00","FISCAL_YEAR":"12-31","CURRENCY":"HKD","IS_CNY_CODE":0,"DPS_HKD_LY":0.0607,"ORG_TYPE":"一般企业","PREMIUM_INCOME":null,"PREMIUM_INCOME_YOY":null,"NET_INTEREST_INCOME":null,"NET_INTEREST_INCOME_YOY":null,"FEE_COMMISSION_INCOME":null,"FEE_COMMISSION_INCOME_YOY":null,"ACCOUNTS_RECE_TDAYS":null,"INVENTORY_TDAYS":0.825264056868,"CURRENT_ASSETS_TDAYS":0.282030307558,"TOTAL_ASSETS_TDAYS":0.225605391462,"PREMIUM_EXPENSE":null,"LOAN_DEPOSIT":null,"LOAN_EQUITY":null,"LOAN_ASSETS":null,"DEPOSIT_EQUITY":null,"DEPOSIT_ASSETS":null,"EQUITY_MULTIPLIER":1.159718739073,"EQUITY_RATIO":0.159718739073},{"SECUCODE":"01289.HK","SECURITY_CODE":"01289","SECURITY_NAME_ABBR":"盛力达科技","ORG_CODE":"10425202","STD_REPORT_DATE":"2021-06-30 00:00:00","REPORT_DATE":"2021-06-30 00:00:00","DATE_TYPE_CODE":"002","REPORT_TYPE":"2021年中报","PER_NETCASH_OPERATE":-0.0999765625,"PER_OI":0.7593828125,"BPS":4.9238125,"BASIC_EPS":0.023,"DILUTED_EPS":0.023,"OPERATE_INCOME":97201000,"OPERATE_INCOME_YOY":152.9431664411,"GROSS_PROFIT":19226000,"GROSS_PROFIT_YOY":53.808,"HOLDER_PROFIT":2948000,"HOLDER_PROFIT_YOY":156.1251086012,"GROSS_PROFIT_RATIO":19.779631896791,"EPS_TTM":0.0329375,"OPERATE_INCOME_QOQ":48.32511100148,"NET_PROFIT_RATIO":3.0328906081,"ROE_AVG":0.466474886625,"GROSS_PROFIT_QOQ":22.228097425559,"ROA":0.384031431175,"HOLDER_PROFIT_QOQ":74.286895411327,"ROE_YEARLY":0.93294977325,"ROIC_YEARLY":0.954828637734,"TOTAL_ASSETS":787386000,"TOTAL_LIABILITIES":157138000,"TAX_EBT":8.190594830271,"OCF_SALES":-13.165502412527,"TOTAL_PARENT_EQUITY":630248000,"DEBT_ASSET_RATIO":19.9569207479,"OPERATE_PROFIT":1807000,"PRETAX_PROFIT":3211000,"NETCASH_OPERATE":-12797000,"NETCASH_INVEST":7909000,"NETCASH_FINANCE":null,"END_CASH":48944000,"DIVI_RATIO":2.412918223909,"DIVIDEND_RATE":6.69465648855,"CURRENT_RATIO":4.075449604806,"COMMON_ACS":null,"CURRENTDEBT_DEBT":100,"ISSUED_COMMON_SHARES":128000000,"HK_COMMON_SHARES":32000000,"PER_SHARES":500,"TOTAL_MARKET_CAP":167680000,"HKSK_MARKET_CAP":41920000,"PE_TTM":2.873192292069,"PB_TTM":0.220186784607,"REPORT_DATE_SQ":"2020-06-30 00:00:00","REPORT_TYPE_SQ":"2020年中报","OPERATE_INCOME_SQ":38428000,"DPS_HKD":0.0877,"OPERATE_INCOME_QOQ_SQ":-2.745682970087,"NET_PROFIT_RATIO_SQ":2.9952118247,"HOLDER_PROFIT_SQ":1151000,"HOLDER_PROFIT_QOQ_SQ":-54.42505260552,"ROE_AVG_SQ":0.182161614227,"PE_TTM_SQ":3.23560438592,"PB_TTM_SQ":0.133879417387,"ROA_SQ":0.157952734943,"START_DATE":"2021-01-01 00:00:00","FISCAL_YEAR":"12-31","CURRENCY":"HKD","IS_CNY_CODE":0,"DPS_HKD_LY":0.0607,"ORG_TYPE":"一般企业","PREMIUM_INCOME":null,"PREMIUM_INCOME_YOY":null,"NET_INTEREST_INCOME":null,"NET_INTEREST_INCOME_YOY":null,"FEE_COMMISSION_INCOME":null,"FEE_COMMISSION_INCOME_YOY":null,"ACCOUNTS_RECE_TDAYS":0.423099608027,"INVENTORY_TDAYS":0.483239236733,"CURRENT_ASSETS_TDAYS":0.157240808099,"TOTAL_ASSETS_TDAYS":0.126622249463,"PREMIUM_EXPENSE":null,"LOAN_DEPOSIT":null,"LOAN_EQUITY":null,"LOAN_ASSETS":null,"DEPOSIT_EQUITY":null,"DEPOSIT_ASSETS":null,"EQUITY_MULTIPLIER":1.249327248956,"EQUITY_RATIO":0.249327248956},{"SECUCODE":"01289.HK","SECURITY_CODE":"01289","SECURITY_NAME_ABBR":"盛力达科技","ORG_CODE":"10425202","STD_REPORT_DATE":"2020-12-31 00:00:00","REPORT_DATE":"2020-12-31 00:00:00","DATE_TYPE_CODE":"001","REPORT_TYPE":"2020年年报","PER_NETCASH_OPERATE":-0.204859375,"PER_OI":0.95015625,"BPS":4.95078125,"BASIC_EPS":0.0189,"DILUTED_EPS":0.0189,"OPERATE_INCOME":121620000,"OPERATE_INCOME_YOY":-9.7486586968,"GROSS_PROFIT":30259000,"GROSS_PROFIT_YOY":-1.049705689993,"HOLDER_PROFIT":2419000,"HOLDER_PROFIT_YOY":-70.0581755168,"GROSS_PROFIT_RATIO":24.879953954942,"EPS_TTM":0.0188984375,"OPERATE_INCOME_QOQ":-7.20068367199,"NET_PROFIT_RATIO":1.9889820753,"ROE_AVG":0.382456337289,"GROSS_PROFIT_QOQ":6.321152494729,"ROA":0.323933590266,"HOLDER_PROFIT_QOQ":-34.302009777295,"ROE_YEARLY":0.382456337289,"ROIC_YEARLY":0.424914498912,"TOTAL_ASSETS":747905000,"TOTAL_LIABILITIES":114205000,"TAX_EBT":15.831593597773,"OCF_SALES":-21.560598585759,"TOTAL_PARENT_EQUITY":633700000,"DEBT_ASSET_RATIO":15.2699874984,"OPERATE_PROFIT":-465000,"PRETAX_PROFIT":2874000,"NETCASH_OPERATE":-26222000,"NETCASH_INVEST":17842000,"NETCASH_FINANCE":null,"END_CASH":53863000,"DIVI_RATIO":4.205400261265,"DIVIDEND_RATE":6.69465648855,"CURRENT_RATIO":5.218028982969,"COMMON_ACS":null,"CURRENTDEBT_DEBT":100,"ISSUED_COMMON_SHARES":128000000,"HK_COMMON_SHARES":32000000,"PER_SHARES":500,"TOTAL_MARKET_CAP":167680000,"HKSK_MARKET_CAP":41920000,"PE_TTM":2.873192292069,"PB_TTM":0.220186784607,"REPORT_DATE_SQ":"2019-12-31 00:00:00","REPORT_TYPE_SQ":"2019年年报","OPERATE_INCOME_SQ":134757000,"DPS_HKD":0.0877,"OPERATE_INCOME_QOQ_SQ":17.91311195695,"NET_PROFIT_RATIO_SQ":5.995235869,"HOLDER_PROFIT_SQ":8079000,"HOLDER_PROFIT_QOQ_SQ":2.42139959432,"ROE_AVG_SQ":1.281482897303,"PE_TTM_SQ":3.23560438592,"PB_TTM_SQ":0.133879417387,"ROA_SQ":1.105066083061,"START_DATE":"2020-01-01 00:00:00","FISCAL_YEAR":"12-31","CURRENCY":"HKD","IS_CNY_CODE":0,"DPS_HKD_LY":null,"ORG_TYPE":"一般企业","PREMIUM_INCOME":null,"PREMIUM_INCOME_YOY":null,"NET_INTEREST_INCOME":null,"NET_INTEREST_INCOME_YOY":null,"FEE_COMMISSION_INCOME":null,"FEE_COMMISSION_INCOME_YOY":null,"ACCOUNTS_RECE_TDAYS":0.608033116357,"INVENTORY_TDAYS":0.591727818546,"CURRENT_ASSETS_TDAYS":0.205533276213,"TOTAL_ASSETS_TDAYS":0.162864006813,"PREMIUM_EXPENSE":null,"LOAN_DEPOSIT":null,"LOAN_EQUITY":null,"LOAN_ASSETS":null,"DEPOSIT_EQUITY":null,"DEPOSIT_ASSETS":null,"EQUITY_MULTIPLIER":1.180219346694,"EQUITY_RATIO":0.180219346694},{"SECUCODE":"01289.HK","SECURITY_CODE":"01289","SECURITY_NAME_ABBR":"盛力达科技","ORG_CODE":"10425202","STD_REPORT_DATE":"2020-06-30 00:00:00","REPORT_DATE":"2020-06-30 00:00:00","DATE_TYPE_CODE":"002","REPORT_TYPE":"2020年中报","PER_NETCASH_OPERATE":0.0747890625,"PER_OI":0.30021875,"BPS":4.940875,"BASIC_EPS":0.01,"DILUTED_EPS":0.01,"OPERATE_INCOME":38428000,"OPERATE_INCOME_YOY":-8.7827573111,"GROSS_PROFIT":12500000,"GROSS_PROFIT_YOY":-14.500683994528,"HOLDER_PROFIT":1151000,"HOLDER_PROFIT_YOY":-79.2537851478,"GROSS_PROFIT_RATIO":32.528364734048,"EPS_TTM":0.028765625,"OPERATE_INCOME_QOQ":-2.745682970087,"NET_PROFIT_RATIO":2.9952118247,"ROE_AVG":0.182161614227,"GROSS_PROFIT_QOQ":-6.932635709614,"ROA":0.157952734943,"HOLDER_PROFIT_QOQ":-54.42505260552,"ROE_YEARLY":0.364323228455,"ROIC_YEARLY":0.42773832894,"TOTAL_ASSETS":711787000,"TOTAL_LIABILITIES":79355000,"TAX_EBT":-10.460652591171,"OCF_SALES":24.911522847923,"TOTAL_PARENT_EQUITY":632432000,"DEBT_ASSET_RATIO":11.1487003837,"OPERATE_PROFIT":-876000,"PRETAX_PROFIT":1042000,"NETCASH_OPERATE":9573000,"NETCASH_INVEST":9356000,"NETCASH_FINANCE":null,"END_CASH":82825000,"DIVI_RATIO":2.762863452471,"DIVIDEND_RATE":6.69465648855,"CURRENT_RATIO":7.015903219709,"COMMON_ACS":null,"CURRENTDEBT_DEBT":100,"ISSUED_COMMON_SHARES":128000000,"HK_COMMON_SHARES":32000000,"PER_SHARES":500,"TOTAL_MARKET_CAP":167680000,"HKSK_MARKET_CAP":41920000,"PE_TTM":2.873192292069,"PB_TTM":0.220186784607,"REPORT_DATE_SQ":"2019-06-30 00:00:00","REPORT_TYPE_SQ":"2019年中报","OPERATE_INCOME_SQ":42128000,"DPS_HKD":0.0877,"OPERATE_INCOME_QOQ_SQ":-35.379996268171,"NET_PROFIT_RATIO_SQ":13.1693885302,"HOLDER_PROFIT_SQ":5548000,"HOLDER_PROFIT_QOQ_SQ":-83.585133391601,"ROE_AVG_SQ":0.881788243671,"PE_TTM_SQ":3.23560438592,"PB_TTM_SQ":0.133879417387,"ROA_SQ":0.74783538186,"START_DATE":"2020-01-01 00:00:00","FISCAL_YEAR":"12-31","CURRENCY":"HKD","IS_CNY_CODE":0,"DPS_HKD_LY":null,"ORG_TYPE":"一般企业","PREMIUM_INCOME":null,"PREMIUM_INCOME_YOY":null,"NET_INTEREST_INCOME":null,"NET_INTEREST_INCOME_YOY":null,"FEE_COMMISSION_INCOME":null,"FEE_COMMISSION_INCOME_YOY":null,"ACCOUNTS_RECE_TDAYS":0.230929867102,"INVENTORY_TDAYS":0.17688392845,"CURRENT_ASSETS_TDAYS":0.067165379103,"TOTAL_ASSETS_TDAYS":0.052735079916,"PREMIUM_EXPENSE":null,"LOAN_DEPOSIT":null,"LOAN_EQUITY":null,"LOAN_ASSETS":null,"DEPOSIT_EQUITY":null,"DEPOSIT_ASSETS":null,"EQUITY_MULTIPLIER":1.125475940497,"EQUITY_RATIO":0.125475940496}],"count":25},"success":true,"message":"ok","code":0}