{"version":"3101835d767937a869d8ba02e9027b23","result":{"pages":4,"data":[{"SECUCODE":"01281.HK","SECURITY_CODE":"01281","SECURITY_NAME_ABBR":"鑫达投资控股","ORG_CODE":"10194868","STD_REPORT_DATE":"2024-06-30 00:00:00","REPORT_DATE":"2024-06-30 00:00:00","DATE_TYPE_CODE":"002","REPORT_TYPE":"2024年中报","PER_NETCASH_OPERATE":0.004196405237,"PER_OI":0.042297474613,"BPS":0.570270590676,"BASIC_EPS":0.0009,"DILUTED_EPS":0.0009,"OPERATE_INCOME":62795000,"OPERATE_INCOME_YOY":-14.3163180373,"GROSS_PROFIT":17192000,"GROSS_PROFIT_YOY":-22.680458736227,"HOLDER_PROFIT":1365000,"HOLDER_PROFIT_YOY":297.9591836735,"GROSS_PROFIT_RATIO":27.3779759535,"EPS_TTM":-0.011556617118,"OPERATE_INCOME_QOQ":-9.201087433132,"NET_PROFIT_RATIO":1.1943626085,"ROE_AVG":0.161087511823,"GROSS_PROFIT_QOQ":-20.290496499557,"ROA":0.121348488411,"HOLDER_PROFIT_QOQ":5.621871390065,"ROE_YEARLY":0.322175023647,"ROIC_YEARLY":0.302605566945,"TOTAL_ASSETS":1113128000,"TOTAL_LIABILITIES":263809000,"TAX_EBT":-177.777777777778,"OCF_SALES":9.92117206784,"TOTAL_PARENT_EQUITY":846626000,"DEBT_ASSET_RATIO":23.6997901409,"OPERATE_PROFIT":2777000,"PRETAX_PROFIT":270000,"NETCASH_OPERATE":6230000,"NETCASH_INVEST":-21858000,"NETCASH_FINANCE":-16024000,"END_CASH":193908000,"DIVI_RATIO":null,"DIVIDEND_RATE":null,"CURRENT_RATIO":6.847675876143,"COMMON_ACS":2000000000,"CURRENTDEBT_DEBT":36.591245939297,"ISSUED_COMMON_SHARES":1484604000,"HK_COMMON_SHARES":1484604000,"PER_SHARES":1000,"TOTAL_MARKET_CAP":178152480,"HKSK_MARKET_CAP":178152480,"PE_TTM":-9.407798892697,"PB_TTM":0.192051986883,"REPORT_DATE_SQ":"2023-06-30 00:00:00","REPORT_TYPE_SQ":"2023年中报","OPERATE_INCOME_SQ":73287000,"DPS_HKD":null,"OPERATE_INCOME_QOQ_SQ":-4.91985512963,"NET_PROFIT_RATIO_SQ":1.017915865,"HOLDER_PROFIT_SQ":343000,"HOLDER_PROFIT_QOQ_SQ":103.829708063505,"ROE_AVG_SQ":0.039795061236,"PE_TTM_SQ":2.357924304734,"PB_TTM_SQ":0.072953638447,"ROA_SQ":0.029156067841,"START_DATE":"2024-01-01 00:00:00","FISCAL_YEAR":"12-31","CURRENCY":"HKD","IS_CNY_CODE":0,"DPS_HKD_LY":null,"ORG_TYPE":"一般企业","PREMIUM_INCOME":null,"PREMIUM_INCOME_YOY":null,"NET_INTEREST_INCOME":null,"NET_INTEREST_INCOME_YOY":null,"FEE_COMMISSION_INCOME":null,"FEE_COMMISSION_INCOME_YOY":null,"ACCOUNTS_RECE_TDAYS":0.236487059023,"INVENTORY_TDAYS":9.809206280921,"CURRENT_ASSETS_TDAYS":0.094197115659,"TOTAL_ASSETS_TDAYS":0.055824749669,"PREMIUM_EXPENSE":null,"LOAN_DEPOSIT":null,"LOAN_EQUITY":null,"LOAN_ASSETS":null,"DEPOSIT_EQUITY":null,"DEPOSIT_ASSETS":null,"EQUITY_MULTIPLIER":1.310612384745,"EQUITY_RATIO":0.311600399704},{"SECUCODE":"01281.HK","SECURITY_CODE":"01281","SECURITY_NAME_ABBR":"鑫达投资控股","ORG_CODE":"10194868","STD_REPORT_DATE":"2023-12-31 00:00:00","REPORT_DATE":"2023-12-31 00:00:00","DATE_TYPE_CODE":"001","REPORT_TYPE":"2023年年报","PER_NETCASH_OPERATE":0.012203254201,"PER_OI":0.076808361017,"BPS":0.571266815932,"BASIC_EPS":-0.0122,"DILUTED_EPS":-0.0122,"OPERATE_INCOME":114030000,"OPERATE_INCOME_YOY":-41.5856850862,"GROSS_PROFIT":24854000,"GROSS_PROFIT_YOY":-50.858114520721,"HOLDER_PROFIT":-18179000,"HOLDER_PROFIT_YOY":94.0662862962,"GROSS_PROFIT_RATIO":21.796018591599,"EPS_TTM":-0.012245016179,"OPERATE_INCOME_QOQ":-38.5630775033,"NET_PROFIT_RATIO":-17.890905902,"ROE_AVG":-2.127601056369,"GROSS_PROFIT_QOQ":-46.30689796712,"ROA":-1.569598197885,"HOLDER_PROFIT_QOQ":-254.939060768772,"ROE_YEARLY":-2.127601056369,"ROIC_YEARLY":-1.939646779214,"TOTAL_ASSETS":1136591000,"TOTAL_LIABILITIES":285178000,"TAX_EBT":16.248614475143,"OCF_SALES":15.887924230466,"TOTAL_PARENT_EQUITY":848105000,"DEBT_ASSET_RATIO":25.090643864,"OPERATE_PROFIT":-48299000,"PRETAX_PROFIT":-24359000,"NETCASH_OPERATE":18117000,"NETCASH_INVEST":38164000,"NETCASH_FINANCE":-36924000,"END_CASH":227705000,"DIVI_RATIO":null,"DIVIDEND_RATE":null,"CURRENT_RATIO":6.52630403759,"COMMON_ACS":2000000000,"CURRENTDEBT_DEBT":36.120247704942,"ISSUED_COMMON_SHARES":1484604000,"HK_COMMON_SHARES":1484604000,"PER_SHARES":1000,"TOTAL_MARKET_CAP":222690600,"HKSK_MARKET_CAP":222690600,"PE_TTM":-11.759748615872,"PB_TTM":0.240064983603,"REPORT_DATE_SQ":"2022-12-31 00:00:00","REPORT_TYPE_SQ":"2022年年报","OPERATE_INCOME_SQ":195209000,"DPS_HKD":null,"OPERATE_INCOME_QOQ_SQ":-39.00728941769,"NET_PROFIT_RATIO_SQ":-156.830883822,"HOLDER_PROFIT_SQ":-306368000,"HOLDER_PROFIT_QOQ_SQ":9.114156118081,"ROE_AVG_SQ":-30.224731128164,"PE_TTM_SQ":2.40918352875,"PB_TTM_SQ":0.074539587109,"ROA_SQ":-22.868266816351,"START_DATE":"2023-01-01 00:00:00","FISCAL_YEAR":"12-31","CURRENCY":"HKD","IS_CNY_CODE":0,"DPS_HKD_LY":null,"ORG_TYPE":"一般企业","PREMIUM_INCOME":null,"PREMIUM_INCOME_YOY":null,"NET_INTEREST_INCOME":null,"NET_INTEREST_INCOME_YOY":null,"FEE_COMMISSION_INCOME":null,"FEE_COMMISSION_INCOME_YOY":null,"ACCOUNTS_RECE_TDAYS":0.481137210392,"INVENTORY_TDAYS":15.468516912402,"CURRENT_ASSETS_TDAYS":0.175238680677,"TOTAL_ASSETS_TDAYS":0.098454965897,"PREMIUM_EXPENSE":null,"LOAN_DEPOSIT":null,"LOAN_EQUITY":null,"LOAN_ASSETS":null,"DEPOSIT_EQUITY":null,"DEPOSIT_ASSETS":null,"EQUITY_MULTIPLIER":1.334946729731,"EQUITY_RATIO":0.336253176199},{"SECUCODE":"01281.HK","SECURITY_CODE":"01281","SECURITY_NAME_ABBR":"鑫达投资控股","ORG_CODE":"10194868","STD_REPORT_DATE":"2023-06-30 00:00:00","REPORT_DATE":"2023-06-30 00:00:00","DATE_TYPE_CODE":"002","REPORT_TYPE":"2023年中报","PER_NETCASH_OPERATE":0.009585047595,"PER_OI":0.049364679066,"BPS":0.581342903562,"BASIC_EPS":0.0002,"DILUTED_EPS":0.0002,"OPERATE_INCOME":73287000,"OPERATE_INCOME_YOY":-11.5863000808,"GROSS_PROFIT":22235000,"GROSS_PROFIT_YOY":-16.163939371088,"HOLDER_PROFIT":343000,"HOLDER_PROFIT_YOY":100.1079437811,"GROSS_PROFIT_RATIO":30.33962367132,"EPS_TTM":0.007903117599,"OPERATE_INCOME_QOQ":-4.91985512963,"NET_PROFIT_RATIO":1.017915865,"ROE_AVG":0.039795061236,"GROSS_PROFIT_QOQ":-8.47635242012,"ROA":0.029156067841,"HOLDER_PROFIT_QOQ":103.829708063505,"ROE_YEARLY":0.079590122471,"ROIC_YEARLY":0.071441998418,"TOTAL_ASSETS":1173057000,"TOTAL_LIABILITIES":304060000,"TAX_EBT":8.353808353808,"OCF_SALES":19.416813350253,"TOTAL_PARENT_EQUITY":863064000,"DEBT_ASSET_RATIO":25.9203090728,"OPERATE_PROFIT":4166000,"PRETAX_PROFIT":814000,"NETCASH_OPERATE":14230000,"NETCASH_INVEST":4666000,"NETCASH_FINANCE":-9381000,"END_CASH":215572000,"DIVI_RATIO":null,"DIVIDEND_RATE":null,"CURRENT_RATIO":5.790673955249,"COMMON_ACS":2000000000,"CURRENTDEBT_DEBT":36.760178912057,"ISSUED_COMMON_SHARES":1484604000,"HK_COMMON_SHARES":1484604000,"PER_SHARES":1000,"TOTAL_MARKET_CAP":222690600,"HKSK_MARKET_CAP":222690600,"PE_TTM":-11.759748615872,"PB_TTM":0.240064983603,"REPORT_DATE_SQ":"2022-06-30 00:00:00","REPORT_TYPE_SQ":"2022年中报","OPERATE_INCOME_SQ":82891000,"DPS_HKD":null,"OPERATE_INCOME_QOQ_SQ":-30.820591299536,"NET_PROFIT_RATIO_SQ":-383.0102182384,"HOLDER_PROFIT_SQ":-317758000,"HOLDER_PROFIT_QOQ_SQ":-1094.46865809149,"ROE_AVG_SQ":-31.676431035841,"PE_TTM_SQ":2.40918352875,"PB_TTM_SQ":0.074539587109,"ROA_SQ":-24.06809034074,"START_DATE":"2023-01-01 00:00:00","FISCAL_YEAR":"12-31","CURRENCY":"HKD","IS_CNY_CODE":0,"DPS_HKD_LY":null,"ORG_TYPE":"一般企业","PREMIUM_INCOME":null,"PREMIUM_INCOME_YOY":null,"NET_INTEREST_INCOME":null,"NET_INTEREST_INCOME_YOY":null,"FEE_COMMISSION_INCOME":null,"FEE_COMMISSION_INCOME_YOY":null,"ACCOUNTS_RECE_TDAYS":0.323111413852,"INVENTORY_TDAYS":8.820317899102,"CURRENT_ASSETS_TDAYS":0.114832918237,"TOTAL_ASSETS_TDAYS":0.062296231599,"PREMIUM_EXPENSE":null,"LOAN_DEPOSIT":null,"LOAN_EQUITY":null,"LOAN_ASSETS":null,"DEPOSIT_EQUITY":null,"DEPOSIT_ASSETS":null,"EQUITY_MULTIPLIER":1.349897640613,"EQUITY_RATIO":0.352302957834},{"SECUCODE":"01281.HK","SECURITY_CODE":"01281","SECURITY_NAME_ABBR":"鑫达投资控股","ORG_CODE":"10194868","STD_REPORT_DATE":"2022-12-31 00:00:00","REPORT_DATE":"2022-12-31 00:00:00","DATE_TYPE_CODE":"001","REPORT_TYPE":"2022年年报","PER_NETCASH_OPERATE":0.00509563493,"PER_OI":0.13148893577,"BPS":0.579796363205,"BASIC_EPS":-0.2064,"DILUTED_EPS":-0.2064,"OPERATE_INCOME":195209000,"OPERATE_INCOME_YOY":-57.8056034688,"GROSS_PROFIT":50576000,"GROSS_PROFIT_YOY":-42.300408424031,"HOLDER_PROFIT":-306368000,"HOLDER_PROFIT_YOY":-985.6029198115,"GROSS_PROFIT_RATIO":25.908641507308,"EPS_TTM":-0.206363447761,"OPERATE_INCOME_QOQ":-39.00728941769,"NET_PROFIT_RATIO":-156.830883822,"ROE_AVG":-30.224731128164,"GROSS_PROFIT_QOQ":-19.851671077445,"ROA":-22.868266816351,"HOLDER_PROFIT_QOQ":9.114156118081,"ROE_YEARLY":-30.224731128164,"ROIC_YEARLY":-27.340944797918,"TOTAL_ASSETS":1179798000,"TOTAL_LIABILITIES":313500000,"TAX_EBT":-11.621632461088,"OCF_SALES":3.87533361679,"TOTAL_PARENT_EQUITY":860768000,"DEBT_ASSET_RATIO":26.5723454354,"OPERATE_PROFIT":-3977000,"PRETAX_PROFIT":-274273000,"NETCASH_OPERATE":7565000,"NETCASH_INVEST":5793000,"NETCASH_FINANCE":-34187000,"END_CASH":205381000,"DIVI_RATIO":null,"DIVIDEND_RATE":null,"CURRENT_RATIO":6.048432062448,"COMMON_ACS":2000000000,"CURRENTDEBT_DEBT":33.180861244019,"ISSUED_COMMON_SHARES":1484604000,"HK_COMMON_SHARES":1484604000,"PER_SHARES":1000,"TOTAL_MARKET_CAP":222690600,"HKSK_MARKET_CAP":222690600,"PE_TTM":-11.759748615872,"PB_TTM":0.240064983603,"REPORT_DATE_SQ":"2021-12-31 00:00:00","REPORT_TYPE_SQ":"2021年年报","OPERATE_INCOME_SQ":462642000,"DPS_HKD":null,"OPERATE_INCOME_QOQ_SQ":-18.43420586353,"NET_PROFIT_RATIO_SQ":-6.4927092655,"HOLDER_PROFIT_SQ":-28221000,"HOLDER_PROFIT_QOQ_SQ":-221.527000258376,"ROE_AVG_SQ":-2.390162905597,"PE_TTM_SQ":2.40918352875,"PB_TTM_SQ":0.074539587109,"ROA_SQ":-1.848134805589,"START_DATE":"2022-01-01 00:00:00","FISCAL_YEAR":"12-31","CURRENCY":"HKD","IS_CNY_CODE":0,"DPS_HKD_LY":null,"ORG_TYPE":"一般企业","PREMIUM_INCOME":null,"PREMIUM_INCOME_YOY":null,"NET_INTEREST_INCOME":null,"NET_INTEREST_INCOME_YOY":null,"FEE_COMMISSION_INCOME":null,"FEE_COMMISSION_INCOME_YOY":null,"ACCOUNTS_RECE_TDAYS":0.920540981519,"INVENTORY_TDAYS":7.719729924475,"CURRENT_ASSETS_TDAYS":0.28753782782,"TOTAL_ASSETS_TDAYS":0.145710109964,"PREMIUM_EXPENSE":null,"LOAN_DEPOSIT":null,"LOAN_EQUITY":null,"LOAN_ASSETS":null,"DEPOSIT_EQUITY":null,"DEPOSIT_ASSETS":null,"EQUITY_MULTIPLIER":1.361884709419,"EQUITY_RATIO":0.364209636046},{"SECUCODE":"01281.HK","SECURITY_CODE":"01281","SECURITY_NAME_ABBR":"鑫达投资控股","ORG_CODE":"10194868","STD_REPORT_DATE":"2022-06-30 00:00:00","REPORT_DATE":"2022-06-30 00:00:00","DATE_TYPE_CODE":"002","REPORT_TYPE":"2022年中报","PER_NETCASH_OPERATE":-0.011441434888,"PER_OI":0.055833744217,"BPS":0.565655892076,"BASIC_EPS":-0.214,"DILUTED_EPS":-0.214,"OPERATE_INCOME":82891000,"OPERATE_INCOME_YOY":-63.2379811957,"GROSS_PROFIT":26522000,"GROSS_PROFIT_YOY":-48.07040902238,"HOLDER_PROFIT":-317758000,"HOLDER_PROFIT_YOY":-3475.1350135014,"GROSS_PROFIT_RATIO":31.996236020798,"EPS_TTM":-0.227057855159,"OPERATE_INCOME_QOQ":-30.820591299536,"NET_PROFIT_RATIO":-383.0102182384,"ROE_AVG":-31.676431035841,"GROSS_PROFIT_QOQ":-28.008989892076,"ROA":-24.06809034074,"HOLDER_PROFIT_QOQ":-1094.46865809149,"ROE_YEARLY":-63.352862071681,"ROIC_YEARLY":-56.995774975045,"TOTAL_ASSETS":1140874000,"TOTAL_LIABILITIES":299632000,"TAX_EBT":-9.75248038165,"OCF_SALES":-20.491971384107,"TOTAL_PARENT_EQUITY":839775000,"DEBT_ASSET_RATIO":26.2633735189,"OPERATE_PROFIT":-23189000,"PRETAX_PROFIT":-289270000,"NETCASH_OPERATE":-16986000,"NETCASH_INVEST":2380000,"NETCASH_FINANCE":-18369000,"END_CASH":181567000,"DIVI_RATIO":null,"DIVIDEND_RATE":null,"CURRENT_RATIO":6.40885357993,"COMMON_ACS":2000000000,"CURRENTDEBT_DEBT":34.069458535804,"ISSUED_COMMON_SHARES":1484604000,"HK_COMMON_SHARES":1484604000,"PER_SHARES":1000,"TOTAL_MARKET_CAP":222690600,"HKSK_MARKET_CAP":222690600,"PE_TTM":-11.759748615872,"PB_TTM":0.240064983603,"REPORT_DATE_SQ":"2021-06-30 00:00:00","REPORT_TYPE_SQ":"2021年中报","OPERATE_INCOME_SQ":225480000,"DPS_HKD":null,"OPERATE_INCOME_QOQ_SQ":43.083349940592,"NET_PROFIT_RATIO_SQ":-4.088167465,"HOLDER_PROFIT_SQ":-8888000,"HOLDER_PROFIT_QOQ_SQ":2082.51879699248,"ROE_AVG_SQ":-0.746411860961,"PE_TTM_SQ":2.40918352875,"PB_TTM_SQ":0.074539587109,"ROA_SQ":-0.564341825552,"START_DATE":"2022-01-01 00:00:00","FISCAL_YEAR":"12-31","CURRENCY":"HKD","IS_CNY_CODE":0,"DPS_HKD_LY":null,"ORG_TYPE":"一般企业","PREMIUM_INCOME":null,"PREMIUM_INCOME_YOY":null,"NET_INTEREST_INCOME":null,"NET_INTEREST_INCOME_YOY":null,"FEE_COMMISSION_INCOME":null,"FEE_COMMISSION_INCOME_YOY":null,"ACCOUNTS_RECE_TDAYS":0.410034824591,"INVENTORY_TDAYS":2.499179782753,"CURRENT_ASSETS_TDAYS":0.119883256608,"TOTAL_ASSETS_TDAYS":0.062784511371,"PREMIUM_EXPENSE":null,"LOAN_DEPOSIT":null,"LOAN_EQUITY":null,"LOAN_ASSETS":null,"DEPOSIT_EQUITY":null,"DEPOSIT_ASSETS":null,"EQUITY_MULTIPLIER":1.356178127103,"EQUITY_RATIO":0.356800333423},{"SECUCODE":"01281.HK","SECURITY_CODE":"01281","SECURITY_NAME_ABBR":"鑫达投资控股","ORG_CODE":"10194868","STD_REPORT_DATE":"2021-12-31 00:00:00","REPORT_DATE":"2021-12-31 00:00:00","DATE_TYPE_CODE":"001","REPORT_TYPE":"2021年年报","PER_NETCASH_OPERATE":0.053849376669,"PER_OI":0.311626534753,"BPS":0.785730740319,"BASIC_EPS":-0.019,"DILUTED_EPS":-0.019,"OPERATE_INCOME":462642000,"OPERATE_INCOME_YOY":16.7070706561,"GROSS_PROFIT":87654000,"GROSS_PROFIT_YOY":0.396298162826,"HOLDER_PROFIT":-28221000,"HOLDER_PROFIT_YOY":-2752.3496240602,"GROSS_PROFIT_RATIO":18.946399159609,"EPS_TTM":-0.0190091095,"OPERATE_INCOME_QOQ":-18.43420586353,"NET_PROFIT_RATIO":-6.4927092655,"ROE_AVG":-2.390162905597,"GROSS_PROFIT_QOQ":-24.462254395036,"ROA":-1.848134805589,"HOLDER_PROFIT_QOQ":-221.527000258376,"ROE_YEARLY":-2.390162905597,"ROIC_YEARLY":-2.118571223736,"TOTAL_ASSETS":1499618000,"TOTAL_LIABILITIES":328027000,"TAX_EBT":439.988681380872,"OCF_SALES":17.280099947692,"TOTAL_PARENT_EQUITY":1166499000,"DEBT_ASSET_RATIO":21.8740372548,"OPERATE_PROFIT":12668000,"PRETAX_PROFIT":8835000,"NETCASH_OPERATE":79945000,"NETCASH_INVEST":25800000,"NETCASH_FINANCE":-41189000,"END_CASH":222320000,"DIVI_RATIO":null,"DIVIDEND_RATE":null,"CURRENT_RATIO":6.243750910478,"COMMON_ACS":2000000000,"CURRENTDEBT_DEBT":35.575425193658,"ISSUED_COMMON_SHARES":1484604000,"HK_COMMON_SHARES":1484604000,"PER_SHARES":1000,"TOTAL_MARKET_CAP":222690600,"HKSK_MARKET_CAP":222690600,"PE_TTM":-11.759748615872,"PB_TTM":0.240064983603,"REPORT_DATE_SQ":"2020-12-31 00:00:00","REPORT_TYPE_SQ":"2020年年报","OPERATE_INCOME_SQ":396413000,"DPS_HKD":null,"OPERATE_INCOME_QOQ_SQ":188.000842759893,"NET_PROFIT_RATIO_SQ":-0.3170935363,"HOLDER_PROFIT_SQ":1064000,"HOLDER_PROFIT_QOQ_SQ":100.338850265762,"ROE_AVG_SQ":0.088272529821,"PE_TTM_SQ":2.40918352875,"PB_TTM_SQ":0.074539587109,"ROA_SQ":0.06247368795,"START_DATE":"2021-01-01 00:00:00","FISCAL_YEAR":"12-31","CURRENCY":"HKD","IS_CNY_CODE":0,"DPS_HKD_LY":null,"ORG_TYPE":"一般企业","PREMIUM_INCOME":null,"PREMIUM_INCOME_YOY":null,"NET_INTEREST_INCOME":null,"NET_INTEREST_INCOME_YOY":null,"FEE_COMMISSION_INCOME":null,"FEE_COMMISSION_INCOME_YOY":null,"ACCOUNTS_RECE_TDAYS":1.99585421147,"INVENTORY_TDAYS":12.542243628336,"CURRENT_ASSETS_TDAYS":0.62833910662,"TOTAL_ASSETS_TDAYS":0.302974658137,"PREMIUM_EXPENSE":null,"LOAN_DEPOSIT":null,"LOAN_EQUITY":null,"LOAN_ASSETS":null,"DEPOSIT_EQUITY":null,"DEPOSIT_ASSETS":null,"EQUITY_MULTIPLIER":1.279984226577,"EQUITY_RATIO":0.281206413379},{"SECUCODE":"01281.HK","SECURITY_CODE":"01281","SECURITY_NAME_ABBR":"鑫达投资控股","ORG_CODE":"10194868","STD_REPORT_DATE":"2021-06-30 00:00:00","REPORT_DATE":"2021-06-30 00:00:00","DATE_TYPE_CODE":"002","REPORT_TYPE":"2021年中报","PER_NETCASH_OPERATE":0.003846143483,"PER_OI":0.151878884874,"BPS":0.799268357084,"BASIC_EPS":-0.006,"DILUTED_EPS":-0.006,"OPERATE_INCOME":225480000,"OPERATE_INCOME_YOY":312.2723615885,"GROSS_PROFIT":51073000,"GROSS_PROFIT_YOY":128.606597735106,"HOLDER_PROFIT":-8888000,"HOLDER_PROFIT_YOY":71.3715132384,"GROSS_PROFIT_RATIO":22.650789427,"EPS_TTM":0.015641881606,"OPERATE_INCOME_QOQ":43.083349940592,"NET_PROFIT_RATIO":-4.088167465,"ROE_AVG":-0.746411860961,"GROSS_PROFIT_QOQ":32.908782700325,"ROA":-0.564341825552,"HOLDER_PROFIT_QOQ":2082.51879699248,"ROE_YEARLY":-1.492823721923,"ROIC_YEARLY":-1.263925956237,"TOTAL_ASSETS":1595484000,"TOTAL_LIABILITIES":402268000,"TAX_EBT":-8.306896956879,"OCF_SALES":2.532375376974,"TOTAL_PARENT_EQUITY":1186597000,"DEBT_ASSET_RATIO":25.2129134482,"OPERATE_PROFIT":-10461000,"PRETAX_PROFIT":-8511000,"NETCASH_OPERATE":5710000,"NETCASH_INVEST":26304000,"NETCASH_FINANCE":-20118000,"END_CASH":167990000,"DIVI_RATIO":null,"DIVIDEND_RATE":null,"CURRENT_RATIO":4.666446036225,"COMMON_ACS":2000000000,"CURRENTDEBT_DEBT":44.317967126393,"ISSUED_COMMON_SHARES":1484604000,"HK_COMMON_SHARES":1484604000,"PER_SHARES":1000,"TOTAL_MARKET_CAP":222690600,"HKSK_MARKET_CAP":222690600,"PE_TTM":-11.759748615872,"PB_TTM":0.240064983603,"REPORT_DATE_SQ":"2020-06-30 00:00:00","REPORT_TYPE_SQ":"2020年中报","OPERATE_INCOME_SQ":54692000,"DPS_HKD":null,"OPERATE_INCOME_QOQ_SQ":-6.657398616574,"NET_PROFIT_RATIO_SQ":-59.235354348,"HOLDER_PROFIT_SQ":-31046000,"HOLDER_PROFIT_QOQ_SQ":-18.705816529438,"ROE_AVG_SQ":-2.582570766773,"PE_TTM_SQ":2.40918352875,"PB_TTM_SQ":0.074539587109,"ROA_SQ":-1.839170069027,"START_DATE":"2021-01-01 00:00:00","FISCAL_YEAR":"12-31","CURRENCY":"HKD","IS_CNY_CODE":0,"DPS_HKD_LY":null,"ORG_TYPE":"一般企业","PREMIUM_INCOME":null,"PREMIUM_INCOME_YOY":null,"NET_INTEREST_INCOME":null,"NET_INTEREST_INCOME_YOY":null,"FEE_COMMISSION_INCOME":null,"FEE_COMMISSION_INCOME_YOY":null,"ACCOUNTS_RECE_TDAYS":0.894211893478,"INVENTORY_TDAYS":3.033402614118,"CURRENT_ASSETS_TDAYS":0.286163921111,"TOTAL_ASSETS_TDAYS":0.143168085987,"PREMIUM_EXPENSE":null,"LOAN_DEPOSIT":null,"LOAN_EQUITY":null,"LOAN_ASSETS":null,"DEPOSIT_EQUITY":null,"DEPOSIT_ASSETS":null,"EQUITY_MULTIPLIER":1.337129237288,"EQUITY_RATIO":0.339009790182},{"SECUCODE":"01281.HK","SECURITY_CODE":"01281","SECURITY_NAME_ABBR":"鑫达投资控股","ORG_CODE":"10194868","STD_REPORT_DATE":"2020-12-31 00:00:00","REPORT_DATE":"2020-12-31 00:00:00","DATE_TYPE_CODE":"001","REPORT_TYPE":"2020年年报","PER_NETCASH_OPERATE":0.127821291065,"PER_OI":0.267015985408,"BPS":0.80488130168,"BASIC_EPS":0.0007,"DILUTED_EPS":0.0007,"OPERATE_INCOME":396413000,"OPERATE_INCOME_YOY":168.8274786383,"GROSS_PROFIT":87308000,"GROSS_PROFIT_YOY":10.974400691461,"HOLDER_PROFIT":1064000,"HOLDER_PROFIT_YOY":100.4022349748,"GROSS_PROFIT_RATIO":22.024504746313,"EPS_TTM":0.000716689434,"OPERATE_INCOME_QOQ":188.000842759893,"NET_PROFIT_RATIO":-0.3170935363,"ROE_AVG":0.088272529821,"GROSS_PROFIT_QOQ":39.563285271268,"ROA":0.06247368795,"HOLDER_PROFIT_QOQ":100.338850265762,"ROE_YEARLY":0.088272529821,"ROIC_YEARLY":0.066452922258,"TOTAL_ASSETS":1554380000,"TOTAL_LIABILITIES":352464000,"TAX_EBT":227.873855544252,"OCF_SALES":47.870276706364,"TOTAL_PARENT_EQUITY":1194930000,"DEBT_ASSET_RATIO":22.6755362267,"OPERATE_PROFIT":33738000,"PRETAX_PROFIT":983000,"NETCASH_OPERATE":189764000,"NETCASH_INVEST":261398000,"NETCASH_FINANCE":-321499000,"END_CASH":155446000,"DIVI_RATIO":null,"DIVIDEND_RATE":null,"CURRENT_RATIO":6.273484669612,"COMMON_ACS":2000000000,"CURRENTDEBT_DEBT":33.645421943801,"ISSUED_COMMON_SHARES":1484604000,"HK_COMMON_SHARES":1484604000,"PER_SHARES":1000,"TOTAL_MARKET_CAP":222690600,"HKSK_MARKET_CAP":222690600,"PE_TTM":-11.759748615872,"PB_TTM":0.240064983603,"REPORT_DATE_SQ":"2019-12-31 00:00:00","REPORT_TYPE_SQ":"2019年年报","OPERATE_INCOME_SQ":147460000,"DPS_HKD":null,"OPERATE_INCOME_QOQ_SQ":-55.891238670695,"NET_PROFIT_RATIO_SQ":-177.2779058728,"HOLDER_PROFIT_SQ":-264522000,"HOLDER_PROFIT_QOQ_SQ":-685.27745818214,"ROE_AVG_SQ":-19.670163624304,"PE_TTM_SQ":2.40918352875,"PB_TTM_SQ":0.074539587109,"ROA_SQ":-13.155383237407,"START_DATE":"2020-01-01 00:00:00","FISCAL_YEAR":"12-31","CURRENCY":"HKD","IS_CNY_CODE":0,"DPS_HKD_LY":null,"ORG_TYPE":"一般企业","PREMIUM_INCOME":null,"PREMIUM_INCOME_YOY":null,"NET_INTEREST_INCOME":null,"NET_INTEREST_INCOME_YOY":null,"FEE_COMMISSION_INCOME":null,"FEE_COMMISSION_INCOME_YOY":null,"ACCOUNTS_RECE_TDAYS":1.826081148311,"INVENTORY_TDAYS":16.378159275155,"CURRENT_ASSETS_TDAYS":0.474944333054,"TOTAL_ASSETS_TDAYS":0.2327573502,"PREMIUM_EXPENSE":null,"LOAN_DEPOSIT":null,"LOAN_EQUITY":null,"LOAN_ASSETS":null,"DEPOSIT_EQUITY":null,"DEPOSIT_ASSETS":null,"EQUITY_MULTIPLIER":1.293251774667,"EQUITY_RATIO":0.294966232332},{"SECUCODE":"01281.HK","SECURITY_CODE":"01281","SECURITY_NAME_ABBR":"鑫达投资控股","ORG_CODE":"10194868","STD_REPORT_DATE":"2020-06-30 00:00:00","REPORT_DATE":"2020-06-30 00:00:00","DATE_TYPE_CODE":"002","REPORT_TYPE":"2020年中报","PER_NETCASH_OPERATE":0.230426430213,"PER_OI":0.036839453484,"BPS":0.80054007668,"BASIC_EPS":-0.0209,"DILUTED_EPS":-0.0209,"OPERATE_INCOME":54692000,"OPERATE_INCOME_YOY":-15.2180315925,"GROSS_PROFIT":22341000,"GROSS_PROFIT_YOY":-41.906544972307,"HOLDER_PROFIT":-31046000,"HOLDER_PROFIT_YOY":-268.4079197179,"GROSS_PROFIT_RATIO":40.848753016895,"EPS_TTM":-0.211506233312,"OPERATE_INCOME_QOQ":-6.657398616574,"NET_PROFIT_RATIO":-59.235354348,"ROE_AVG":-2.582570766773,"GROSS_PROFIT_QOQ":-20.484531103033,"ROA":-1.839170069027,"HOLDER_PROFIT_QOQ":-18.705816529438,"ROE_YEARLY":-5.165141533546,"ROIC_YEARLY":-3.779400647389,"TOTAL_ASSETS":1524234000,"TOTAL_LIABILITIES":327793000,"TAX_EBT":1.966895633492,"OCF_SALES":625.488188400497,"TOTAL_PARENT_EQUITY":1188485000,"DEBT_ASSET_RATIO":21.50542502,"OPERATE_PROFIT":-7709000,"PRETAX_PROFIT":-33047000,"NETCASH_OPERATE":342092000,"NETCASH_INVEST":-31833000,"NETCASH_FINANCE":-301709000,"END_CASH":40785000,"DIVI_RATIO":null,"DIVIDEND_RATE":null,"CURRENT_RATIO":8.753172491429,"COMMON_ACS":2000000000,"CURRENTDEBT_DEBT":23.847977229532,"ISSUED_COMMON_SHARES":1484604000,"HK_COMMON_SHARES":1484604000,"PER_SHARES":1000,"TOTAL_MARKET_CAP":222690600,"HKSK_MARKET_CAP":222690600,"PE_TTM":-11.759748615872,"PB_TTM":0.240064983603,"REPORT_DATE_SQ":"2019-06-30 00:00:00","REPORT_TYPE_SQ":"2019年中报","OPERATE_INCOME_SQ":64509000,"DPS_HKD":null,"OPERATE_INCOME_QOQ_SQ":-52.813930412862,"NET_PROFIT_RATIO_SQ":33.2651257964,"HOLDER_PROFIT_SQ":18435000,"HOLDER_PROFIT_QOQ_SQ":-58.04307463795,"ROE_AVG_SQ":1.240525724506,"PE_TTM_SQ":2.40918352875,"PB_TTM_SQ":0.074539587109,"ROA_SQ":0.830684358193,"START_DATE":"2020-01-01 00:00:00","FISCAL_YEAR":"12-31","CURRENCY":"HKD","IS_CNY_CODE":0,"DPS_HKD_LY":null,"ORG_TYPE":"一般企业","PREMIUM_INCOME":null,"PREMIUM_INCOME_YOY":null,"NET_INTEREST_INCOME":null,"NET_INTEREST_INCOME_YOY":null,"FEE_COMMISSION_INCOME":null,"FEE_COMMISSION_INCOME_YOY":null,"ACCOUNTS_RECE_TDAYS":0.300220120435,"INVENTORY_TDAYS":2.582707967428,"CURRENT_ASSETS_TDAYS":0.067957425342,"TOTAL_ASSETS_TDAYS":0.032399629394,"PREMIUM_EXPENSE":null,"LOAN_DEPOSIT":null,"LOAN_EQUITY":null,"LOAN_ASSETS":null,"DEPOSIT_EQUITY":null,"DEPOSIT_ASSETS":null,"EQUITY_MULTIPLIER":1.273973392753,"EQUITY_RATIO":0.275807435517}],"count":31},"success":true,"message":"ok","code":0}