{"version":"d994efbeff5142ade9904cf80bfb42f3","result":{"pages":8,"data":[{"SECUCODE":"01288.HK","SECURITY_CODE":"01288","SECURITY_NAME_ABBR":"农业银行","ORG_CODE":"10008271","STD_REPORT_DATE":"2024-09-30 00:00:00","REPORT_DATE":"2024-09-30 00:00:00","DATE_TYPE_CODE":"004","REPORT_TYPE":"2024年三季报","PER_NETCASH_OPERATE":5.357345409722,"PER_OI":1.544814884359,"BPS":7.268129462879,"BASIC_EPS":0.56,"DILUTED_EPS":0.56,"OPERATE_INCOME":540659000000,"OPERATE_INCOME_YOY":1.3137873655,"GROSS_PROFIT":null,"GROSS_PROFIT_YOY":null,"HOLDER_PROFIT":214372000000,"HOLDER_PROFIT_YOY":3.3835529235,"GROSS_PROFIT_RATIO":null,"EPS_TTM":0.789672564814,"OPERATE_INCOME_QOQ":0.812985961821,"NET_PROFIT_RATIO":39.8147445987,"ROE_AVG":7.275516420413,"GROSS_PROFIT_QOQ":null,"ROA":0.513919582321,"HOLDER_PROFIT_QOQ":1.602123420118,"ROE_YEARLY":9.70068856055,"ROIC_YEARLY":0.555820394086,"TOTAL_ASSETS":43553293000000,"TOTAL_LIABILITIES":40543004000000,"TAX_EBT":10.807720036794,"OCF_SALES":346.795299810047,"TOTAL_PARENT_EQUITY":3003722000000,"DEBT_ASSET_RATIO":93.0882631538,"OPERATE_PROFIT":241308000000,"PRETAX_PROFIT":241346000000,"NETCASH_OPERATE":1874980000000,"NETCASH_INVEST":-1771297000000,"NETCASH_FINANCE":166316000000,"END_CASH":2780032000000,"DIVI_RATIO":0.436364329868,"DIVIDEND_RATE":8.355634361233,"CURRENT_RATIO":null,"COMMON_ACS":null,"CURRENTDEBT_DEBT":null,"ISSUED_COMMON_SHARES":349983033873,"HK_COMMON_SHARES":30738823096,"PER_SHARES":1000,"TOTAL_MARKET_CAP":1588922973783.42,"HKSK_MARKET_CAP":139554256855.84,"PE_TTM":5.142486773828,"PB_TTM":0.563298524182,"REPORT_DATE_SQ":"2023-09-30 00:00:00","REPORT_TYPE_SQ":"2023年三季报","OPERATE_INCOME_SQ":533648000000,"DPS_HKD":0.3793458,"OPERATE_INCOME_QOQ_SQ":-0.818296438117,"NET_PROFIT_RATIO_SQ":38.937464396,"HOLDER_PROFIT_SQ":207356000000,"HOLDER_PROFIT_QOQ_SQ":2.024110279112,"ROE_AVG_SQ":7.562653136103,"PE_TTM_SQ":3.77422536882,"PB_TTM_SQ":0.441384680865,"ROA_SQ":0.571027697154,"START_DATE":"2024-01-01 00:00:00","FISCAL_YEAR":"12-31","CURRENCY":"HKD","IS_CNY_CODE":0,"DPS_HKD_LY":0.2533104,"ORG_TYPE":"银行","PREMIUM_INCOME":null,"PREMIUM_INCOME_YOY":null,"NET_INTEREST_INCOME":437796000000,"NET_INTEREST_INCOME_YOY":0.961192542917,"FEE_COMMISSION_INCOME":61653000000,"FEE_COMMISSION_INCOME_YOY":null,"ACCOUNTS_RECE_TDAYS":null,"INVENTORY_TDAYS":null,"CURRENT_ASSETS_TDAYS":null,"TOTAL_ASSETS_TDAYS":0.012961359107,"PREMIUM_EXPENSE":null,"LOAN_DEPOSIT":81.196148494005,"LOAN_EQUITY":8.047715684441,"LOAN_ASSETS":55.623693023625,"DEPOSIT_EQUITY":9.911450030213,"DEPOSIT_ASSETS":68.505334372765,"EQUITY_MULTIPLIER":14.468143424034,"EQUITY_RATIO":13.497588658338},{"SECUCODE":"01288.HK","SECURITY_CODE":"01288","SECURITY_NAME_ABBR":"农业银行","ORG_CODE":"10008271","STD_REPORT_DATE":"2024-06-30 00:00:00","REPORT_DATE":"2024-06-30 00:00:00","DATE_TYPE_CODE":"002","REPORT_TYPE":"2024年中报","PER_NETCASH_OPERATE":0.832554643508,"PER_OI":1.049022279558,"BPS":7.056850649784,"BASIC_EPS":0.37,"DILUTED_EPS":0.37,"OPERATE_INCOME":367140000000,"OPERATE_INCOME_YOY":0.3679666698,"GROSS_PROFIT":null,"GROSS_PROFIT_YOY":null,"HOLDER_PROFIT":135892000000,"HOLDER_PROFIT_YOY":1.9949862648,"GROSS_PROFIT_RATIO":null,"EPS_TTM":0.777220532635,"OPERATE_INCOME_QOQ":0.65929938606,"NET_PROFIT_RATIO":37.1776434058,"ROE_AVG":4.576238595352,"GROSS_PROFIT_QOQ":null,"ROA":0.332020719606,"HOLDER_PROFIT_QOQ":1.4266111832,"ROE_YEARLY":9.152477190704,"ROIC_YEARLY":0.716315450687,"TOTAL_ASSETS":41984553000000,"TOTAL_LIABILITIES":38928090000000,"TAX_EBT":13.321182947971,"OCF_SALES":79.364819959688,"TOTAL_PARENT_EQUITY":3049778000000,"DEBT_ASSET_RATIO":92.7200296738,"OPERATE_PROFIT":157430000000,"PRETAX_PROFIT":157471000000,"NETCASH_OPERATE":291380000000,"NETCASH_INVEST":-1484295000000,"NETCASH_FINANCE":258960000000,"END_CASH":1578325000000,"DIVI_RATIO":0.443355424993,"DIVIDEND_RATE":8.94683490566,"CURRENT_RATIO":null,"COMMON_ACS":null,"CURRENTDEBT_DEBT":null,"ISSUED_COMMON_SHARES":349983033873,"HK_COMMON_SHARES":30738823096,"PER_SHARES":1000,"TOTAL_MARKET_CAP":1483928063621.52,"HKSK_MARKET_CAP":130332609927.04,"PE_TTM":4.802674872474,"PB_TTM":0.526076154742,"REPORT_DATE_SQ":"2023-06-30 00:00:00","REPORT_TYPE_SQ":"2023年中报","OPERATE_INCOME_SQ":365794000000,"DPS_HKD":0.3793458,"OPERATE_INCOME_QOQ_SQ":-0.212978241682,"NET_PROFIT_RATIO_SQ":36.586439362,"HOLDER_PROFIT_SQ":133234000000,"HOLDER_PROFIT_QOQ_SQ":1.247825235335,"ROE_AVG_SQ":4.950628043539,"PE_TTM_SQ":3.445009448798,"PB_TTM_SQ":0.402883836428,"ROA_SQ":0.37029539141,"START_DATE":"2024-01-01 00:00:00","FISCAL_YEAR":"12-31","CURRENCY":"HKD","IS_CNY_CODE":0,"DPS_HKD_LY":0.2533104,"ORG_TYPE":"银行","PREMIUM_INCOME":null,"PREMIUM_INCOME_YOY":null,"NET_INTEREST_INCOME":290848000000,"NET_INTEREST_INCOME_YOY":0.147027935308,"FEE_COMMISSION_INCOME":46736000000,"FEE_COMMISSION_INCOME_YOY":null,"ACCOUNTS_RECE_TDAYS":null,"INVENTORY_TDAYS":null,"CURRENT_ASSETS_TDAYS":null,"TOTAL_ASSETS_TDAYS":0.008970218041,"PREMIUM_EXPENSE":null,"LOAN_DEPOSIT":81.113454841457,"LOAN_EQUITY":7.817985364128,"LOAN_ASSETS":56.91470146175,"DEPOSIT_EQUITY":9.638333590166,"DEPOSIT_ASSETS":70.166782530708,"EQUITY_MULTIPLIER":13.736319726484,"EQUITY_RATIO":12.764237265794},{"SECUCODE":"01288.HK","SECURITY_CODE":"01288","SECURITY_NAME_ABBR":"农业银行","ORG_CODE":"10008271","STD_REPORT_DATE":"2024-03-31 00:00:00","REPORT_DATE":"2024-03-31 00:00:00","DATE_TYPE_CODE":"003","REPORT_TYPE":"2024年一季报","PER_NETCASH_OPERATE":2.238859956521,"PER_OI":0.531874353851,"BPS":7.062890942585,"BASIC_EPS":0.19,"DILUTED_EPS":0.19,"OPERATE_INCOME":186147000000,"OPERATE_INCOME_YOY":-1.6993636628,"GROSS_PROFIT":null,"GROSS_PROFIT_YOY":null,"HOLDER_PROFIT":70386000000,"HOLDER_PROFIT_YOY":-1.6323336222,"GROSS_PROFIT_RATIO":null,"EPS_TTM":0.766288574141,"OPERATE_INCOME_QOQ":-0.462710002473,"NET_PROFIT_RATIO":38.0554078228,"ROE_AVG":2.393617563942,"GROSS_PROFIT_QOQ":null,"ROA":0.171609825778,"HOLDER_PROFIT_QOQ":-0.433626872986,"ROE_YEARLY":9.574470255767,"ROIC_YEARLY":0.738321090766,"TOTAL_ASSETS":42157279000000,"TOTAL_LIABILITIES":39158056000000,"TAX_EBT":10.825916741147,"OCF_SALES":420.937753495893,"TOTAL_PARENT_EQUITY":2991892000000,"DEBT_ASSET_RATIO":92.8856342934,"OPERATE_PROFIT":79444000000,"PRETAX_PROFIT":79439000000,"NETCASH_OPERATE":783563000000,"NETCASH_INVEST":-1187549000000,"NETCASH_FINANCE":63340000000,"END_CASH":2170383000000,"DIVI_RATIO":0.449680383068,"DIVIDEND_RATE":8.94683490566,"CURRENT_RATIO":null,"COMMON_ACS":null,"CURRENTDEBT_DEBT":null,"ISSUED_COMMON_SHARES":349983033873,"HK_COMMON_SHARES":30738823096,"PER_SHARES":1000,"TOTAL_MARKET_CAP":1483928063621.52,"HKSK_MARKET_CAP":130332609927.04,"PE_TTM":4.802674872474,"PB_TTM":0.526076154742,"REPORT_DATE_SQ":"2023-03-31 00:00:00","REPORT_TYPE_SQ":"2023年一季报","OPERATE_INCOME_SQ":189365000000,"DPS_HKD":0.3793458,"OPERATE_INCOME_QOQ_SQ":0.572433593982,"NET_PROFIT_RATIO_SQ":38.082539012,"HOLDER_PROFIT_SQ":71554000000,"HOLDER_PROFIT_QOQ_SQ":0.475804584395,"ROE_AVG_SQ":2.652809308894,"PE_TTM_SQ":3.445009448798,"PB_TTM_SQ":0.402883836428,"ROA_SQ":0.202304016394,"START_DATE":"2024-01-01 00:00:00","FISCAL_YEAR":"12-31","CURRENCY":"HKD","IS_CNY_CODE":0,"DPS_HKD_LY":0.2533104,"ORG_TYPE":"银行","PREMIUM_INCOME":null,"PREMIUM_INCOME_YOY":null,"NET_INTEREST_INCOME":144535000000,"NET_INTEREST_INCOME_YOY":-0.73622834067,"FEE_COMMISSION_INCOME":29037000000,"FEE_COMMISSION_INCOME_YOY":null,"ACCOUNTS_RECE_TDAYS":null,"INVENTORY_TDAYS":null,"CURRENT_ASSETS_TDAYS":null,"TOTAL_ASSETS_TDAYS":0.004538495473,"PREMIUM_EXPENSE":null,"LOAN_DEPOSIT":75.323112058466,"LOAN_EQUITY":7.800601022331,"LOAN_ASSETS":55.496328403928,"DEPOSIT_EQUITY":10.35618525198,"DEPOSIT_ASSETS":73.677689207598,"EQUITY_MULTIPLIER":14.056066854594,"EQUITY_RATIO":13.088057991398},{"SECUCODE":"01288.HK","SECURITY_CODE":"01288","SECURITY_NAME_ABBR":"农业银行","ORG_CODE":"10008271","STD_REPORT_DATE":"2023-12-31 00:00:00","REPORT_DATE":"2023-12-31 00:00:00","DATE_TYPE_CODE":"001","REPORT_TYPE":"2023年年报","PER_NETCASH_OPERATE":5.215344240551,"PER_OI":1.987147754861,"BPS":6.88389940889,"BASIC_EPS":0.72,"DILUTED_EPS":0.72,"OPERATE_INCOME":695468000000,"OPERATE_INCOME_YOY":0.0266078705,"GROSS_PROFIT":null,"GROSS_PROFIT_YOY":null,"HOLDER_PROFIT":269356000000,"HOLDER_PROFIT_YOY":3.9053820516,"GROSS_PROFIT_RATIO":null,"EPS_TTM":0.769625878773,"OPERATE_INCOME_QOQ":-3.693466640818,"NET_PROFIT_RATIO":38.7968964783,"ROE_AVG":9.693752967937,"GROSS_PROFIT_QOQ":null,"ROA":0.729956896511,"HOLDER_PROFIT_QOQ":0.147978494784,"ROE_YEARLY":9.693752967937,"ROIC_YEARLY":0.788562662043,"TOTAL_ASSETS":39872989000000,"TOTAL_LIABILITIES":36976122000000,"TAX_EBT":12.230538776068,"OCF_SALES":262.453772136173,"TOTAL_PARENT_EQUITY":2889248000000,"DEBT_ASSET_RATIO":92.7347633758,"OPERATE_PROFIT":307230000000,"PRETAX_PROFIT":307419000000,"NETCASH_OPERATE":1825282000000,"NETCASH_INVEST":-1331207000000,"NETCASH_FINANCE":307440000000,"END_CASH":2512725000000,"DIVI_RATIO":0.447730448084,"DIVIDEND_RATE":8.94683490566,"CURRENT_RATIO":null,"COMMON_ACS":null,"CURRENTDEBT_DEBT":null,"ISSUED_COMMON_SHARES":349983033873,"HK_COMMON_SHARES":30738823096,"PER_SHARES":1000,"TOTAL_MARKET_CAP":1483928063621.52,"HKSK_MARKET_CAP":130332609927.04,"PE_TTM":4.802674872474,"PB_TTM":0.526076154742,"REPORT_DATE_SQ":"2022-12-31 00:00:00","REPORT_TYPE_SQ":"2022年年报","OPERATE_INCOME_SQ":695283000000,"DPS_HKD":0.3793458,"OPERATE_INCOME_QOQ_SQ":-2.12690468321,"NET_PROFIT_RATIO_SQ":35.6565618974,"HOLDER_PROFIT_SQ":259232000000,"HOLDER_PROFIT_QOQ_SQ":2.841903491958,"ROE_AVG_SQ":10.196306642295,"PE_TTM_SQ":3.445009448798,"PB_TTM_SQ":0.402883836428,"ROA_SQ":0.822709917702,"START_DATE":"2023-01-01 00:00:00","FISCAL_YEAR":"12-31","CURRENCY":"HKD","IS_CNY_CODE":0,"DPS_HKD_LY":0.2410423,"ORG_TYPE":"银行","PREMIUM_INCOME":null,"PREMIUM_INCOME_YOY":null,"NET_INTEREST_INCOME":571750000000,"NET_INTEREST_INCOME_YOY":-3.073999420224,"FEE_COMMISSION_INCOME":80093000000,"FEE_COMMISSION_INCOME_YOY":null,"ACCOUNTS_RECE_TDAYS":null,"INVENTORY_TDAYS":null,"CURRENT_ASSETS_TDAYS":null,"TOTAL_ASSETS_TDAYS":0.018847237964,"PREMIUM_EXPENSE":null,"LOAN_DEPOSIT":76.986596659726,"LOAN_EQUITY":7.680002913492,"LOAN_ASSETS":55.797038441236,"DEPOSIT_EQUITY":9.975766232968,"DEPOSIT_ASSETS":72.476302190438,"EQUITY_MULTIPLIER":13.764176608771,"EQUITY_RATIO":12.797835976697},{"SECUCODE":"01288.HK","SECURITY_CODE":"01288","SECURITY_NAME_ABBR":"农业银行","ORG_CODE":"10008271","STD_REPORT_DATE":"2023-09-30 00:00:00","REPORT_DATE":"2023-09-30 00:00:00","DATE_TYPE_CODE":"004","REPORT_TYPE":"2023年三季报","PER_NETCASH_OPERATE":3.938179473295,"PER_OI":1.524782484724,"BPS":6.673526353988,"BASIC_EPS":0.55,"DILUTED_EPS":0.55,"OPERATE_INCOME":533648000000,"OPERATE_INCOME_YOY":-0.6255039506,"GROSS_PROFIT":null,"GROSS_PROFIT_YOY":null,"HOLDER_PROFIT":207356000000,"HOLDER_PROFIT_YOY":4.9701829521,"GROSS_PROFIT_RATIO":null,"EPS_TTM":0.76848868079,"OPERATE_INCOME_QOQ":-0.818296438117,"NET_PROFIT_RATIO":38.937464396,"ROE_AVG":7.562653136103,"GROSS_PROFIT_QOQ":null,"ROA":0.571027697154,"HOLDER_PROFIT_QOQ":2.024110279112,"ROE_YEARLY":10.083537514805,"ROIC_YEARLY":0.617358217375,"TOTAL_ASSETS":38698016000000,"TOTAL_LIABILITIES":35876558000000,"TAX_EBT":12.476728023251,"OCF_SALES":258.278115911612,"TOTAL_PARENT_EQUITY":2815621000000,"DEBT_ASSET_RATIO":92.7090370731,"OPERATE_PROFIT":237221000000,"PRETAX_PROFIT":237410000000,"NETCASH_OPERATE":1378296000000,"NETCASH_INVEST":-757789000000,"NETCASH_FINANCE":167105000000,"END_CASH":2494790000000,"DIVI_RATIO":0.448392992862,"DIVIDEND_RATE":8.94683490566,"CURRENT_RATIO":null,"COMMON_ACS":null,"CURRENTDEBT_DEBT":null,"ISSUED_COMMON_SHARES":349983033873,"HK_COMMON_SHARES":30738823096,"PER_SHARES":1000,"TOTAL_MARKET_CAP":1483928063621.52,"HKSK_MARKET_CAP":130332609927.04,"PE_TTM":4.802674872474,"PB_TTM":0.526076154742,"REPORT_DATE_SQ":"2022-09-30 00:00:00","REPORT_TYPE_SQ":"2022年三季报","OPERATE_INCOME_SQ":537007000000,"DPS_HKD":0.3793458,"OPERATE_INCOME_QOQ_SQ":-0.253784224202,"NET_PROFIT_RATIO_SQ":34.8958259639,"HOLDER_PROFIT_SQ":197538000000,"HOLDER_PROFIT_QOQ_SQ":1.665926971959,"ROE_AVG_SQ":7.83746578884,"PE_TTM_SQ":3.445009448798,"PB_TTM_SQ":0.402883836428,"ROA_SQ":0.62804068335,"START_DATE":"2023-01-01 00:00:00","FISCAL_YEAR":"12-31","CURRENCY":"HKD","IS_CNY_CODE":0,"DPS_HKD_LY":0.2410423,"ORG_TYPE":"银行","PREMIUM_INCOME":null,"PREMIUM_INCOME_YOY":null,"NET_INTEREST_INCOME":433628000000,"NET_INTEREST_INCOME_YOY":-3.205226937389,"FEE_COMMISSION_INCOME":66757000000,"FEE_COMMISSION_INCOME_YOY":null,"ACCOUNTS_RECE_TDAYS":null,"INVENTORY_TDAYS":null,"CURRENT_ASSETS_TDAYS":null,"TOTAL_ASSETS_TDAYS":0.014695875139,"PREMIUM_EXPENSE":null,"LOAN_DEPOSIT":76.036150026983,"LOAN_EQUITY":7.767637512237,"LOAN_ASSETS":56.633557131198,"DEPOSIT_EQUITY":10.215716484172,"DEPOSIT_ASSETS":74.482410157668,"EQUITY_MULTIPLIER":13.715609447286,"EQUITY_RATIO":12.741969888703},{"SECUCODE":"01288.HK","SECURITY_CODE":"01288","SECURITY_NAME_ABBR":"农业银行","ORG_CODE":"10008271","STD_REPORT_DATE":"2023-06-30 00:00:00","REPORT_DATE":"2023-06-30 00:00:00","DATE_TYPE_CODE":"002","REPORT_TYPE":"2023年中报","PER_NETCASH_OPERATE":3.86732746734,"PER_OI":1.045176378843,"BPS":6.498732166615,"BASIC_EPS":0.37,"DILUTED_EPS":0.37,"OPERATE_INCOME":365794000000,"OPERATE_INCOME_YOY":0.7155935517,"GROSS_PROFIT":null,"GROSS_PROFIT_YOY":null,"HOLDER_PROFIT":133234000000,"HOLDER_PROFIT_YOY":3.481110973,"GROSS_PROFIT_RATIO":null,"EPS_TTM":0.753242227438,"OPERATE_INCOME_QOQ":-0.212978241682,"NET_PROFIT_RATIO":36.586439362,"ROE_AVG":4.950628043539,"GROSS_PROFIT_QOQ":null,"ROA":0.37029539141,"HOLDER_PROFIT_QOQ":1.247825235335,"ROE_YEARLY":9.901256087078,"ROIC_YEARLY":0.803103964211,"TOTAL_ASSETS":38033395000000,"TOTAL_LIABILITIES":35312689000000,"TAX_EBT":14.19384621303,"OCF_SALES":370.016730728224,"TOTAL_PARENT_EQUITY":2714446000000,"DEBT_ASSET_RATIO":92.8465339473,"OPERATE_PROFIT":155736000000,"PRETAX_PROFIT":155969000000,"NETCASH_OPERATE":1353499000000,"NETCASH_INVEST":-388093000000,"NETCASH_FINANCE":97377000000,"END_CASH":2776238000000,"DIVI_RATIO":0.457468961521,"DIVIDEND_RATE":8.94683490566,"CURRENT_RATIO":null,"COMMON_ACS":null,"CURRENTDEBT_DEBT":null,"ISSUED_COMMON_SHARES":349983033873,"HK_COMMON_SHARES":30738823096,"PER_SHARES":1000,"TOTAL_MARKET_CAP":1483928063621.52,"HKSK_MARKET_CAP":130332609927.04,"PE_TTM":4.802674872474,"PB_TTM":0.526076154742,"REPORT_DATE_SQ":"2022-06-30 00:00:00","REPORT_TYPE_SQ":"2022年中报","OPERATE_INCOME_SQ":363195000000,"DPS_HKD":0.3793458,"OPERATE_INCOME_QOQ_SQ":1.370474039154,"NET_PROFIT_RATIO_SQ":33.2637704787,"HOLDER_PROFIT_SQ":128752000000,"HOLDER_PROFIT_QOQ_SQ":0.722552748789,"ROE_AVG_SQ":5.226686685173,"PE_TTM_SQ":3.445009448798,"PB_TTM_SQ":0.402883836428,"ROA_SQ":0.419363507049,"START_DATE":"2023-01-01 00:00:00","FISCAL_YEAR":"12-31","CURRENCY":"HKD","IS_CNY_CODE":0,"DPS_HKD_LY":0.2410423,"ORG_TYPE":"银行","PREMIUM_INCOME":null,"PREMIUM_INCOME_YOY":null,"NET_INTEREST_INCOME":290421000000,"NET_INTEREST_INCOME_YOY":-3.250082451354,"FEE_COMMISSION_INCOME":50731000000,"FEE_COMMISSION_INCOME_YOY":null,"ACCOUNTS_RECE_TDAYS":null,"INVENTORY_TDAYS":null,"CURRENT_ASSETS_TDAYS":null,"TOTAL_ASSETS_TDAYS":0.010166461444,"PREMIUM_EXPENSE":null,"LOAN_DEPOSIT":75.706099237602,"LOAN_EQUITY":7.855545215102,"LOAN_ASSETS":56.194376021389,"DEPOSIT_EQUITY":10.376370324467,"DEPOSIT_ASSETS":74.22701286593,"EQUITY_MULTIPLIER":13.979237374343,"EQUITY_RATIO":13.009169826919},{"SECUCODE":"01288.HK","SECURITY_CODE":"01288","SECURITY_NAME_ABBR":"农业银行","ORG_CODE":"10008271","STD_REPORT_DATE":"2023-03-31 00:00:00","REPORT_DATE":"2023-03-31 00:00:00","DATE_TYPE_CODE":"003","REPORT_TYPE":"2023年一季报","PER_NETCASH_OPERATE":2.58828832351,"PER_OI":0.541069085277,"BPS":6.53323098179,"BASIC_EPS":0.2,"DILUTED_EPS":0.2,"OPERATE_INCOME":189365000000,"OPERATE_INCOME_YOY":2.2422953156,"GROSS_PROFIT":null,"GROSS_PROFIT_YOY":null,"HOLDER_PROFIT":71554000000,"HOLDER_PROFIT_YOY":1.7533880349,"GROSS_PROFIT_RATIO":null,"EPS_TTM":0.74395892029,"OPERATE_INCOME_QOQ":0.572433593982,"NET_PROFIT_RATIO":38.082539012,"ROE_AVG":2.652809308894,"GROSS_PROFIT_QOQ":null,"ROA":0.202304016394,"HOLDER_PROFIT_QOQ":0.475804584395,"ROE_YEARLY":10.611237235575,"ROIC_YEARLY":0.881057702667,"TOTAL_ASSETS":36811547000000,"TOTAL_LIABILITIES":34078356000000,"TAX_EBT":13.14271261156,"OCF_SALES":478.365590262192,"TOTAL_PARENT_EQUITY":2726520000000,"DEBT_ASSET_RATIO":92.5751802824,"OPERATE_PROFIT":82916000000,"PRETAX_PROFIT":83027000000,"NETCASH_OPERATE":905857000000,"NETCASH_INVEST":-222880000000,"NETCASH_FINANCE":-16034000000,"END_CASH":2369174000000,"DIVI_RATIO":0.463177374667,"DIVIDEND_RATE":8.94683490566,"CURRENT_RATIO":null,"COMMON_ACS":null,"CURRENTDEBT_DEBT":null,"ISSUED_COMMON_SHARES":349983033873,"HK_COMMON_SHARES":30738823096,"PER_SHARES":1000,"TOTAL_MARKET_CAP":1483928063621.52,"HKSK_MARKET_CAP":130332609927.04,"PE_TTM":4.802674872474,"PB_TTM":0.526076154742,"REPORT_DATE_SQ":"2022-03-31 00:00:00","REPORT_TYPE_SQ":"2022年一季报","OPERATE_INCOME_SQ":185212000000,"DPS_HKD":0.3793458,"OPERATE_INCOME_QOQ_SQ":1.573683816744,"NET_PROFIT_RATIO_SQ":34.3131397038,"HOLDER_PROFIT_SQ":70321000000,"HOLDER_PROFIT_QOQ_SQ":2.02709146167,"ROE_AVG_SQ":2.863063806058,"PE_TTM_SQ":3.445009448798,"PB_TTM_SQ":0.402883836428,"ROA_SQ":0.236000669608,"START_DATE":"2023-01-01 00:00:00","FISCAL_YEAR":"12-31","CURRENCY":"HKD","IS_CNY_CODE":0,"DPS_HKD_LY":0.2410423,"ORG_TYPE":"银行","PREMIUM_INCOME":null,"PREMIUM_INCOME_YOY":null,"NET_INTEREST_INCOME":145607000000,"NET_INTEREST_INCOME_YOY":-3.537665538235,"FEE_COMMISSION_INCOME":32549000000,"FEE_COMMISSION_INCOME_YOY":null,"ACCOUNTS_RECE_TDAYS":null,"INVENTORY_TDAYS":null,"CURRENT_ASSETS_TDAYS":null,"TOTAL_ASSETS_TDAYS":0.00535390056,"PREMIUM_EXPENSE":null,"LOAN_DEPOSIT":75.067788157491,"LOAN_EQUITY":7.600048075674,"LOAN_ASSETS":56.428986806776,"DEPOSIT_EQUITY":10.124246713823,"DEPOSIT_ASSETS":75.170706626375,"EQUITY_MULTIPLIER":13.468340485488,"EQUITY_RATIO":12.498846881739},{"SECUCODE":"01288.HK","SECURITY_CODE":"01288","SECURITY_NAME_ABBR":"农业银行","ORG_CODE":"10008271","STD_REPORT_DATE":"2022-12-31 00:00:00","REPORT_DATE":"2022-12-31 00:00:00","DATE_TYPE_CODE":"001","REPORT_TYPE":"2022年年报","PER_NETCASH_OPERATE":3.777334533535,"PER_OI":1.986619157808,"BPS":6.367200076358,"BASIC_EPS":0.69,"DILUTED_EPS":0.69,"OPERATE_INCOME":695283000000,"OPERATE_INCOME_YOY":0.5199890266,"GROSS_PROFIT":null,"GROSS_PROFIT_YOY":null,"HOLDER_PROFIT":259232000000,"HOLDER_PROFIT_YOY":7.4453837957,"GROSS_PROFIT_RATIO":null,"EPS_TTM":0.74043589237,"OPERATE_INCOME_QOQ":-2.12690468321,"NET_PROFIT_RATIO":35.6565618974,"ROE_AVG":10.196306642295,"GROSS_PROFIT_QOQ":null,"ROA":0.822709917702,"HOLDER_PROFIT_QOQ":2.841903491958,"ROE_YEARLY":10.196306642295,"ROIC_YEARLY":0.891843130252,"TOTAL_ASSETS":33925488000000,"TOTAL_LIABILITIES":31251728000000,"TAX_EBT":15.528319187608,"OCF_SALES":182.219823872948,"TOTAL_PARENT_EQUITY":2668063000000,"DEBT_ASSET_RATIO":92.1171663145,"OPERATE_PROFIT":306387000000,"PRETAX_PROFIT":306453000000,"NETCASH_OPERATE":1322003000000,"NETCASH_INVEST":-1051990000000,"NETCASH_FINANCE":298217000000,"END_CASH":1705633000000,"DIVI_RATIO":0.465381193849,"DIVIDEND_RATE":8.94683490566,"CURRENT_RATIO":null,"COMMON_ACS":null,"CURRENTDEBT_DEBT":null,"ISSUED_COMMON_SHARES":349983033873,"HK_COMMON_SHARES":30738823096,"PER_SHARES":1000,"TOTAL_MARKET_CAP":1483928063621.52,"HKSK_MARKET_CAP":130332609927.04,"PE_TTM":4.802674872474,"PB_TTM":0.526076154742,"REPORT_DATE_SQ":"2021-12-31 00:00:00","REPORT_TYPE_SQ":"2021年年报","OPERATE_INCOME_SQ":721746000000,"DPS_HKD":0.3793458,"OPERATE_INCOME_QOQ_SQ":2.230022011269,"NET_PROFIT_RATIO_SQ":33.5209339574,"HOLDER_PROFIT_SQ":241183000000,"HOLDER_PROFIT_QOQ_SQ":1.636753631494,"ROE_AVG_SQ":10.442192200968,"PE_TTM_SQ":3.445009448798,"PB_TTM_SQ":0.402883836428,"ROA_SQ":0.857170751173,"START_DATE":"2022-01-01 00:00:00","FISCAL_YEAR":"12-31","CURRENCY":"HKD","IS_CNY_CODE":0,"DPS_HKD_LY":0.2420327,"ORG_TYPE":"银行","PREMIUM_INCOME":null,"PREMIUM_INCOME_YOY":null,"NET_INTEREST_INCOME":589883000000,"NET_INTEREST_INCOME_YOY":2.058177779085,"FEE_COMMISSION_INCOME":81282000000,"FEE_COMMISSION_INCOME_YOY":null,"ACCOUNTS_RECE_TDAYS":null,"INVENTORY_TDAYS":null,"CURRENT_ASSETS_TDAYS":null,"TOTAL_ASSETS_TDAYS":0.023032925159,"PREMIUM_EXPENSE":null,"LOAN_DEPOSIT":77.549747144227,"LOAN_EQUITY":7.28610757884,"LOAN_ASSETS":57.423795937733,"DEPOSIT_EQUITY":9.39539824068,"DEPOSIT_ASSETS":74.047689454018,"EQUITY_MULTIPLIER":12.685793458251,"EQUITY_RATIO":11.713264641802},{"SECUCODE":"01288.HK","SECURITY_CODE":"01288","SECURITY_NAME_ABBR":"农业银行","ORG_CODE":"10008271","STD_REPORT_DATE":"2022-09-30 00:00:00","REPORT_DATE":"2022-09-30 00:00:00","DATE_TYPE_CODE":"004","REPORT_TYPE":"2022年三季报","PER_NETCASH_OPERATE":3.969326697431,"PER_OI":1.534380092821,"BPS":6.24472556802,"BASIC_EPS":0.53,"DILUTED_EPS":0.53,"OPERATE_INCOME":537007000000,"OPERATE_INCOME_YOY":3.5756877415,"GROSS_PROFIT":null,"GROSS_PROFIT_YOY":null,"HOLDER_PROFIT":197538000000,"HOLDER_PROFIT_YOY":5.7822600946,"GROSS_PROFIT_RATIO":null,"EPS_TTM":0.71997490053,"OPERATE_INCOME_QOQ":-0.253784224202,"NET_PROFIT_RATIO":34.8958259639,"ROE_AVG":7.83746578884,"GROSS_PROFIT_QOQ":null,"ROA":0.62804068335,"HOLDER_PROFIT_QOQ":1.665926971959,"ROE_YEARLY":10.44995438512,"ROIC_YEARLY":0.683580725318,"TOTAL_ASSETS":33826452000000,"TOTAL_LIABILITIES":31194574000000,"TAX_EBT":15.968120776811,"OCF_SALES":245.701627166608,"TOTAL_PARENT_EQUITY":2625417000000,"DEBT_ASSET_RATIO":92.2194677704,"OPERATE_PROFIT":234902000000,"PRETAX_PROFIT":235012000000,"NETCASH_OPERATE":1389197000000,"NETCASH_INVEST":-843348000000,"NETCASH_FINANCE":332660000000,"END_CASH":2012707000000,"DIVI_RATIO":0.478606878248,"DIVIDEND_RATE":8.94683490566,"CURRENT_RATIO":null,"COMMON_ACS":null,"CURRENTDEBT_DEBT":null,"ISSUED_COMMON_SHARES":349983033873,"HK_COMMON_SHARES":30738823096,"PER_SHARES":1000,"TOTAL_MARKET_CAP":1483928063621.52,"HKSK_MARKET_CAP":130332609927.04,"PE_TTM":4.802674872474,"PB_TTM":0.526076154742,"REPORT_DATE_SQ":"2021-09-30 00:00:00","REPORT_TYPE_SQ":"2021年三季报","OPERATE_INCOME_SQ":545881000000,"DPS_HKD":0.3793458,"OPERATE_INCOME_QOQ_SQ":2.943955486343,"NET_PROFIT_RATIO_SQ":34.3243307607,"HOLDER_PROFIT_SQ":186709000000,"HOLDER_PROFIT_QOQ_SQ":3.457311144924,"ROE_AVG_SQ":8.251935763523,"PE_TTM_SQ":3.445009448798,"PB_TTM_SQ":0.402883836428,"ROA_SQ":0.664519213983,"START_DATE":"2022-01-01 00:00:00","FISCAL_YEAR":"12-31","CURRENCY":"HKD","IS_CNY_CODE":0,"DPS_HKD_LY":0.2420327,"ORG_TYPE":"银行","PREMIUM_INCOME":null,"PREMIUM_INCOME_YOY":null,"NET_INTEREST_INCOME":447987000000,"NET_INTEREST_INCOME_YOY":4.251635378633,"FEE_COMMISSION_INCOME":67355000000,"FEE_COMMISSION_INCOME_YOY":null,"ACCOUNTS_RECE_TDAYS":null,"INVENTORY_TDAYS":null,"CURRENT_ASSETS_TDAYS":null,"TOTAL_ASSETS_TDAYS":0.01797899812,"PREMIUM_EXPENSE":null,"LOAN_DEPOSIT":76.947218472829,"LOAN_EQUITY":7.277198639147,"LOAN_ASSETS":56.620478553293,"DEPOSIT_EQUITY":9.457390122187,"DEPOSIT_ASSETS":73.583528653848,"EQUITY_MULTIPLIER":12.852591191585,"EQUITY_RATIO":11.881759735692}],"count":65},"success":true,"message":"ok","code":0}