{"version":"abe35ab499390972a307027f72eb3782","result":{"pages":1,"data":[{"SECUCODE":"01284.HK","SECURITY_CODE":"01284","SECURITY_NAME_ABBR":"新传企划","ORG_CODE":"10000218969","STD_REPORT_DATE":"2024-06-30 00:00:00","REPORT_DATE":"2024-06-30 00:00:00","DATE_TYPE_CODE":"002","REPORT_TYPE":"2024年中报","PER_NETCASH_OPERATE":0.031898166,"PER_OI":0.1560956604,"BPS":0.305014613733,"BASIC_EPS":0.010678356,"DILUTED_EPS":0.010678356,"OPERATE_INCOME":93657396.24,"OPERATE_INCOME_YOY":0.8709157394,"GROSS_PROFIT":69894859.76,"GROSS_PROFIT_YOY":-0.728703370156,"HOLDER_PROFIT":6408838.96,"HOLDER_PROFIT_YOY":112.2732769045,"GROSS_PROFIT_RATIO":74.62823286363,"EPS_TTM":0.027536291033,"OPERATE_INCOME_QOQ":-0.068678044692,"NET_PROFIT_RATIO":6.8428540802,"ROE_AVG":3.500071028214,"GROSS_PROFIT_QOQ":-0.341109162292,"ROA":2.434897187836,"HOLDER_PROFIT_QOQ":25.518259862581,"ROE_YEARLY":7.000142056429,"ROIC_YEARLY":10.131586541236,"TOTAL_ASSETS":263046240.84,"TOTAL_LIABILITIES":80037472.6,"TAX_EBT":17.543447627994,"OCF_SALES":20.435011401509,"TOTAL_PARENT_EQUITY":183008768.24,"DEBT_ASSET_RATIO":30.4271493652,"OPERATE_PROFIT":9083904.04,"PRETAX_PROFIT":7772382.88,"NETCASH_OPERATE":19138899.6,"NETCASH_INVEST":-752961,"NETCASH_FINANCE":-5525364.72,"END_CASH":143117350.8,"DIVI_RATIO":0.948435501658,"DIVIDEND_RATE":9.258064516129,"CURRENT_RATIO":5.366454592351,"COMMON_ACS":1000000000,"CURRENTDEBT_DEBT":46.421118649866,"ISSUED_COMMON_SHARES":600000000,"HK_COMMON_SHARES":600000000,"PER_SHARES":5000,"TOTAL_MARKET_CAP":186000000,"HKSK_MARKET_CAP":186000000,"PE_TTM":10.197927517956,"PB_TTM":0.927597522417,"REPORT_DATE_SQ":"2023-06-30 00:00:00","REPORT_TYPE_SQ":"2023年中报","OPERATE_INCOME_SQ":93794869.36,"DPS_HKD":0.0287,"OPERATE_INCOME_QOQ_SQ":1.891935020749,"NET_PROFIT_RATIO_SQ":3.251680887,"HOLDER_PROFIT_SQ":3049909.84,"HOLDER_PROFIT_QOQ_SQ":-17.558170553383,"ROE_AVG_SQ":4.853998532649,"PE_TTM_SQ":5.635390250775,"PB_TTM_SQ":2.777692046542,"ROA_SQ":1.87667180085,"START_DATE":"2024-01-01 00:00:00","FISCAL_YEAR":"12-31","CURRENCY":"HKD","IS_CNY_CODE":0,"DPS_HKD_LY":0.0287,"ORG_TYPE":"一般企业","PREMIUM_INCOME":null,"PREMIUM_INCOME_YOY":null,"NET_INTEREST_INCOME":null,"NET_INTEREST_INCOME_YOY":null,"FEE_COMMISSION_INCOME":null,"FEE_COMMISSION_INCOME_YOY":null,"ACCOUNTS_RECE_TDAYS":1.73392472437,"INVENTORY_TDAYS":null,"CURRENT_ASSETS_TDAYS":0.475965853353,"TOTAL_ASSETS_TDAYS":0.355830646,"PREMIUM_EXPENSE":null,"LOAN_DEPOSIT":null,"LOAN_EQUITY":null,"LOAN_ASSETS":null,"DEPOSIT_EQUITY":null,"DEPOSIT_ASSETS":null,"EQUITY_MULTIPLIER":1.437342283485,"EQUITY_RATIO":0.437342283486},{"SECUCODE":"01284.HK","SECURITY_CODE":"01284","SECURITY_NAME_ABBR":"新传企划","ORG_CODE":"10000218969","STD_REPORT_DATE":"2023-12-31 00:00:00","REPORT_DATE":"2023-12-31 00:00:00","DATE_TYPE_CODE":"001","REPORT_TYPE":"2023年年报","PER_NETCASH_OPERATE":0.063192230967,"PER_OI":0.333617341167,"BPS":0.303177411367,"BASIC_EPS":0.02537416,"DILUTED_EPS":0.02537416,"OPERATE_INCOME":200170404.7,"OPERATE_INCOME_YOY":-8.2238509544,"GROSS_PROFIT":150410770.72,"GROSS_PROFIT_YOY":-7.051268919823,"HOLDER_PROFIT":13162845.5,"HOLDER_PROFIT_YOY":-63.1635007989,"GROSS_PROFIT_RATIO":75.141363152772,"EPS_TTM":0.021938075833,"OPERATE_INCOME_QOQ":-8.622154377167,"NET_PROFIT_RATIO":6.5758199968,"ROE_AVG":10.671162881251,"GROSS_PROFIT_QOQ":-30.602676955653,"ROA":6.06236409244,"HOLDER_PROFIT_QOQ":-54.670427498897,"ROE_YEARLY":10.671162881251,"ROIC_YEARLY":9.177993036731,"TOTAL_ASSETS":261505186.74,"TOTAL_LIABILITIES":79598739.92,"TAX_EBT":23.025967143614,"OCF_SALES":18.941530660751,"TOTAL_PARENT_EQUITY":181906446.82,"DEBT_ASSET_RATIO":30.4386849501,"OPERATE_PROFIT":20513195.92,"PRETAX_PROFIT":17100371.4,"NETCASH_OPERATE":37915338.58,"NETCASH_INVEST":1444514.68,"NETCASH_FINANCE":71854183.8,"END_CASH":129352030.36,"DIVI_RATIO":1.1904597376,"DIVIDEND_RATE":7.86301369863,"CURRENT_RATIO":5.875873498136,"COMMON_ACS":1000000000,"CURRENTDEBT_DEBT":41.218862425429,"ISSUED_COMMON_SHARES":600000000,"HK_COMMON_SHARES":600000000,"PER_SHARES":5000,"TOTAL_MARKET_CAP":219000000,"HKSK_MARKET_CAP":219000000,"PE_TTM":12.007237238884,"PB_TTM":1.092171276394,"REPORT_DATE_SQ":"2022-12-31 00:00:00","REPORT_TYPE_SQ":"2022年年报","OPERATE_INCOME_SQ":214990437.06,"DPS_HKD":0.0287,"OPERATE_INCOME_QOQ_SQ":7.240681485606,"NET_PROFIT_RATIO_SQ":16.3833005094,"HOLDER_PROFIT_SQ":35222529.37,"HOLDER_PROFIT_QOQ_SQ":30.353091061964,"ROE_AVG_SQ":68.259285225866,"PE_TTM_SQ":7.044237813469,"PB_TTM_SQ":3.472115058177,"ROA_SQ":19.384271264763,"START_DATE":"2023-01-01 00:00:00","FISCAL_YEAR":"12-31","CURRENCY":"HKD","IS_CNY_CODE":0,"DPS_HKD_LY":null,"ORG_TYPE":"一般企业","PREMIUM_INCOME":null,"PREMIUM_INCOME_YOY":null,"NET_INTEREST_INCOME":null,"NET_INTEREST_INCOME_YOY":null,"FEE_COMMISSION_INCOME":null,"FEE_COMMISSION_INCOME_YOY":null,"ACCOUNTS_RECE_TDAYS":3.293522101198,"INVENTORY_TDAYS":null,"CURRENT_ASSETS_TDAYS":1.406552470708,"TOTAL_ASSETS_TDAYS":0.921917585238,"PREMIUM_EXPENSE":null,"LOAN_DEPOSIT":null,"LOAN_EQUITY":null,"LOAN_ASSETS":null,"DEPOSIT_EQUITY":null,"DEPOSIT_ASSETS":null,"EQUITY_MULTIPLIER":1.43758064275,"EQUITY_RATIO":0.437580642751},{"SECUCODE":"01284.HK","SECURITY_CODE":"01284","SECURITY_NAME_ABBR":"新传企划","ORG_CODE":"10000218969","STD_REPORT_DATE":"2023-06-30 00:00:00","REPORT_DATE":"2023-06-30 00:00:00","DATE_TYPE_CODE":"002","REPORT_TYPE":"2023年中报","PER_NETCASH_OPERATE":1436.859731,"PER_OI":4689.743468,"BPS":0.099576913267,"BASIC_EPS":0.006822652,"DILUTED_EPS":0.006822652,"OPERATE_INCOME":93794869.36,"OPERATE_INCOME_YOY":-3.0394296661,"GROSS_PROFIT":70407924.68,"GROSS_PROFIT_YOY":2.546090636323,"HOLDER_PROFIT":3049909.84,"HOLDER_PROFIT_YOY":-69.3646971661,"GROSS_PROFIT_RATIO":75.065859316636,"EPS_TTM":1451.9048795,"OPERATE_INCOME_QOQ":1.891935020749,"NET_PROFIT_RATIO":3.251680887,"ROE_AVG":4.853998532649,"GROSS_PROFIT_QOQ":0.813124697036,"ROA":1.87667180085,"HOLDER_PROFIT_QOQ":-17.558170553383,"ROE_YEARLY":9.707997065297,"ROIC_YEARLY":4.198862067762,"TOTAL_ASSETS":149287001.6,"TOTAL_LIABILITIES":89540853.64,"TAX_EBT":32.668430694077,"OCF_SALES":30.63834388393,"TOTAL_PARENT_EQUITY":59746147.96,"DEBT_ASSET_RATIO":59.9790019763,"OPERATE_PROFIT":6535916.22,"PRETAX_PROFIT":4529687.74,"NETCASH_OPERATE":28737194.62,"NETCASH_INVEST":-1948143.74,"NETCASH_FINANCE":-29010100.7,"END_CASH":16112522.48,"DIVI_RATIO":0.000017987677,"DIVIDEND_RATE":7.756756756757,"CURRENT_RATIO":1.914203730273,"COMMON_ACS":1000000000,"CURRENTDEBT_DEBT":43.061018554748,"ISSUED_COMMON_SHARES":600000000,"HK_COMMON_SHARES":600000000,"PER_SHARES":5000,"TOTAL_MARKET_CAP":222000000,"HKSK_MARKET_CAP":222000000,"PE_TTM":12.171719940786,"PB_TTM":1.107132526756,"REPORT_DATE_SQ":"2022-06-30 00:00:00","REPORT_TYPE_SQ":"2022年中报","OPERATE_INCOME_SQ":89727389.99,"DPS_HKD":0.0287,"OPERATE_INCOME_QOQ_SQ":0,"NET_PROFIT_RATIO_SQ":10.291552692,"HOLDER_PROFIT_SQ":9234341.62,"HOLDER_PROFIT_QOQ_SQ":0,"ROE_AVG_SQ":null,"PE_TTM_SQ":7.044237813469,"PB_TTM_SQ":3.472115058177,"ROA_SQ":null,"START_DATE":"2023-01-01 00:00:00","FISCAL_YEAR":"12-31","CURRENCY":"HKD","IS_CNY_CODE":0,"DPS_HKD_LY":null,"ORG_TYPE":"一般企业","PREMIUM_INCOME":null,"PREMIUM_INCOME_YOY":null,"NET_INTEREST_INCOME":null,"NET_INTEREST_INCOME_YOY":null,"FEE_COMMISSION_INCOME":null,"FEE_COMMISSION_INCOME_YOY":null,"ACCOUNTS_RECE_TDAYS":1.605580675963,"INVENTORY_TDAYS":null,"CURRENT_ASSETS_TDAYS":1.121656486361,"TOTAL_ASSETS_TDAYS":0.577138983205,"PREMIUM_EXPENSE":null,"LOAN_DEPOSIT":null,"LOAN_EQUITY":null,"LOAN_ASSETS":null,"DEPOSIT_EQUITY":null,"DEPOSIT_ASSETS":null,"EQUITY_MULTIPLIER":2.49868831209,"EQUITY_RATIO":1.498688312089},{"SECUCODE":"01284.HK","SECURITY_CODE":"01284","SECURITY_NAME_ABBR":"新传企划","ORG_CODE":"10000218969","STD_REPORT_DATE":"2022-12-31 00:00:00","REPORT_DATE":"2022-12-31 00:00:00","DATE_TYPE_CODE":"001","REPORT_TYPE":"2022年年报","PER_NETCASH_OPERATE":null,"PER_OI":null,"BPS":0.106445030767,"BASIC_EPS":0.07860776,"DILUTED_EPS":0.07860776,"OPERATE_INCOME":214990437.06,"OPERATE_INCOME_YOY":-1.8438084984,"GROSS_PROFIT":161821220.12,"GROSS_PROFIT_YOY":3.458457110025,"HOLDER_PROFIT":35222529.37,"HOLDER_PROFIT_YOY":19.3107204454,"GROSS_PROFIT_RATIO":75.269031652249,"EPS_TTM":null,"OPERATE_INCOME_QOQ":7.240681485606,"NET_PROFIT_RATIO":16.3833005094,"ROE_AVG":68.259285225866,"GROSS_PROFIT_QOQ":-19.280977508512,"ROA":19.384271264763,"HOLDER_PROFIT_QOQ":30.353091061964,"ROE_YEARLY":68.259285225866,"ROIC_YEARLY":21.702350156861,"TOTAL_ASSETS":170274234.13,"TOTAL_LIABILITIES":106407215.67,"TAX_EBT":15.824865511058,"OCF_SALES":24.732630319348,"TOTAL_PARENT_EQUITY":63867018.46,"DEBT_ASSET_RATIO":62.491671869,"OPERATE_PROFIT":46869876.9,"PRETAX_PROFIT":41844339.88,"NETCASH_OPERATE":53172790.02,"NETCASH_INVEST":-19450060.98,"NETCASH_FINANCE":-36962619.33,"END_CASH":17802871.1,"DIVI_RATIO":null,"DIVIDEND_RATE":7.86301369863,"CURRENT_RATIO":1.700174473225,"COMMON_ACS":1000000000,"CURRENTDEBT_DEBT":50.039875420791,"ISSUED_COMMON_SHARES":600000000,"HK_COMMON_SHARES":600000000,"PER_SHARES":5000,"TOTAL_MARKET_CAP":219000000,"HKSK_MARKET_CAP":219000000,"PE_TTM":12.007237238884,"PB_TTM":1.092171276394,"REPORT_DATE_SQ":"2021-12-31 00:00:00","REPORT_TYPE_SQ":"2021年年报","OPERATE_INCOME_SQ":200474702.4,"DPS_HKD":0.0287,"OPERATE_INCOME_QOQ_SQ":12.574525145393,"NET_PROFIT_RATIO_SQ":13.478439961,"HOLDER_PROFIT_SQ":27020862.4,"HOLDER_PROFIT_QOQ_SQ":-22.014642151195,"ROE_AVG_SQ":66.746104676408,"PE_TTM_SQ":7.044237813469,"PB_TTM_SQ":3.472115058177,"ROA_SQ":19.519124004819,"START_DATE":"2022-01-01 00:00:00","FISCAL_YEAR":"12-31","CURRENCY":"HKD","IS_CNY_CODE":0,"DPS_HKD_LY":null,"ORG_TYPE":"一般企业","PREMIUM_INCOME":null,"PREMIUM_INCOME_YOY":null,"NET_INTEREST_INCOME":null,"NET_INTEREST_INCOME_YOY":null,"FEE_COMMISSION_INCOME":null,"FEE_COMMISSION_INCOME_YOY":null,"ACCOUNTS_RECE_TDAYS":3.202975699343,"INVENTORY_TDAYS":null,"CURRENT_ASSETS_TDAYS":2.251726138128,"TOTAL_ASSETS_TDAYS":1.183172539236,"PREMIUM_EXPENSE":null,"LOAN_DEPOSIT":null,"LOAN_EQUITY":null,"LOAN_ASSETS":null,"DEPOSIT_EQUITY":null,"DEPOSIT_ASSETS":null,"EQUITY_MULTIPLIER":2.666074575511,"EQUITY_RATIO":1.666074575513},{"SECUCODE":"01284.HK","SECURITY_CODE":"01284","SECURITY_NAME_ABBR":"新传企划","ORG_CODE":"10000218969","STD_REPORT_DATE":"2022-06-30 00:00:00","REPORT_DATE":"2022-06-30 00:00:00","DATE_TYPE_CODE":"002","REPORT_TYPE":"2022年中报","PER_NETCASH_OPERATE":null,"PER_OI":null,"BPS":null,"BASIC_EPS":0.02052456,"DILUTED_EPS":0.02052456,"OPERATE_INCOME":89727389.99,"OPERATE_INCOME_YOY":null,"GROSS_PROFIT":68659784.34,"GROSS_PROFIT_YOY":null,"HOLDER_PROFIT":9234341.62,"HOLDER_PROFIT_YOY":null,"GROSS_PROFIT_RATIO":76.520429656599,"EPS_TTM":null,"OPERATE_INCOME_QOQ":0,"NET_PROFIT_RATIO":10.291552692,"ROE_AVG":null,"GROSS_PROFIT_QOQ":0,"ROA":null,"HOLDER_PROFIT_QOQ":0,"ROE_YEARLY":null,"ROIC_YEARLY":null,"TOTAL_ASSETS":null,"TOTAL_LIABILITIES":null,"TAX_EBT":15.12340826914,"OCF_SALES":27.041297738298,"TOTAL_PARENT_EQUITY":null,"DEBT_ASSET_RATIO":null,"OPERATE_PROFIT":13296494.12,"PRETAX_PROFIT":10879727.18,"NETCASH_OPERATE":24263450.68,"NETCASH_INVEST":-17170504.82,"NETCASH_FINANCE":-2608329.5,"END_CASH":24586712.5,"DIVI_RATIO":null,"DIVIDEND_RATE":7.756756756757,"CURRENT_RATIO":null,"COMMON_ACS":1000000000,"CURRENTDEBT_DEBT":null,"ISSUED_COMMON_SHARES":600000000,"HK_COMMON_SHARES":600000000,"PER_SHARES":5000,"TOTAL_MARKET_CAP":222000000,"HKSK_MARKET_CAP":222000000,"PE_TTM":12.171719940786,"PB_TTM":1.107132526756,"REPORT_DATE_SQ":"2021-06-30 00:00:00","REPORT_TYPE_SQ":"2021年中报","OPERATE_INCOME_SQ":null,"DPS_HKD":0.0287,"OPERATE_INCOME_QOQ_SQ":0,"NET_PROFIT_RATIO_SQ":null,"HOLDER_PROFIT_SQ":null,"HOLDER_PROFIT_QOQ_SQ":0,"ROE_AVG_SQ":null,"PE_TTM_SQ":7.044237813469,"PB_TTM_SQ":3.472115058177,"ROA_SQ":null,"START_DATE":"2022-01-01 00:00:00","FISCAL_YEAR":"12-31","CURRENCY":"HKD","IS_CNY_CODE":0,"DPS_HKD_LY":null,"ORG_TYPE":"一般企业","PREMIUM_INCOME":null,"PREMIUM_INCOME_YOY":null,"NET_INTEREST_INCOME":null,"NET_INTEREST_INCOME_YOY":null,"FEE_COMMISSION_INCOME":null,"FEE_COMMISSION_INCOME_YOY":null,"ACCOUNTS_RECE_TDAYS":null,"INVENTORY_TDAYS":null,"CURRENT_ASSETS_TDAYS":1.866456754545,"TOTAL_ASSETS_TDAYS":0.97052022052,"PREMIUM_EXPENSE":null,"LOAN_DEPOSIT":null,"LOAN_EQUITY":null,"LOAN_ASSETS":null,"DEPOSIT_EQUITY":null,"DEPOSIT_ASSETS":null,"EQUITY_MULTIPLIER":null,"EQUITY_RATIO":null},{"SECUCODE":"01284.HK","SECURITY_CODE":"01284","SECURITY_NAME_ABBR":"新传企划","ORG_CODE":"10000218969","STD_REPORT_DATE":"2021-12-31 00:00:00","REPORT_DATE":"2021-12-31 00:00:00","DATE_TYPE_CODE":"001","REPORT_TYPE":"2021年年报","PER_NETCASH_OPERATE":null,"PER_OI":null,"BPS":0.060005026667,"BASIC_EPS":null,"DILUTED_EPS":null,"OPERATE_INCOME":200474702.4,"OPERATE_INCOME_YOY":15.8845686685,"GROSS_PROFIT":156411785.6,"GROSS_PROFIT_YOY":13.084339642015,"HOLDER_PROFIT":27020862.4,"HOLDER_PROFIT_YOY":-19.7216284493,"GROSS_PROFIT_RATIO":null,"EPS_TTM":null,"OPERATE_INCOME_QOQ":12.574525145393,"NET_PROFIT_RATIO":13.478439961,"ROE_AVG":66.746104676408,"GROSS_PROFIT_QOQ":12.574525145393,"ROA":19.519124004819,"HOLDER_PROFIT_QOQ":-22.014642151195,"ROE_YEARLY":66.746104676408,"ROIC_YEARLY":23.303401130302,"TOTAL_ASSETS":176778201.6,"TOTAL_LIABILITIES":140775185.6,"TAX_EBT":21.536087369421,"OCF_SALES":12.23047402314,"TOTAL_PARENT_EQUITY":36003016,"DEBT_ASSET_RATIO":79.6337921338,"OPERATE_PROFIT":37020110.4,"PRETAX_PROFIT":34437312,"NETCASH_OPERATE":24519006.4,"NETCASH_INVEST":-4185294.4,"NETCASH_FINANCE":-26819732.8,"END_CASH":19234040,"DIVI_RATIO":null,"DIVIDEND_RATE":7.756756756757,"CURRENT_RATIO":1.092255081024,"COMMON_ACS":1000000000,"CURRENTDEBT_DEBT":59.781276679773,"ISSUED_COMMON_SHARES":600000000,"HK_COMMON_SHARES":600000000,"PER_SHARES":5000,"TOTAL_MARKET_CAP":222000000,"HKSK_MARKET_CAP":222000000,"PE_TTM":12.171719940786,"PB_TTM":1.107132526756,"REPORT_DATE_SQ":"2020-12-31 00:00:00","REPORT_TYPE_SQ":"2020年年报","OPERATE_INCOME_SQ":178081765.96,"DPS_HKD":0.0287,"OPERATE_INCOME_QOQ_SQ":-25.78210951579,"NET_PROFIT_RATIO_SQ":19.4565880079,"HOLDER_PROFIT_SQ":34648635.52,"HOLDER_PROFIT_QOQ_SQ":44.473347877768,"ROE_AVG_SQ":87.146486028789,"PE_TTM_SQ":7.044237813469,"PB_TTM_SQ":3.472115058177,"ROA_SQ":32.434774730058,"START_DATE":"2021-01-01 00:00:00","FISCAL_YEAR":"12-31","CURRENCY":"HKD","IS_CNY_CODE":0,"DPS_HKD_LY":null,"ORG_TYPE":"一般企业","PREMIUM_INCOME":null,"PREMIUM_INCOME_YOY":null,"NET_INTEREST_INCOME":null,"NET_INTEREST_INCOME_YOY":null,"FEE_COMMISSION_INCOME":null,"FEE_COMMISSION_INCOME_YOY":null,"ACCOUNTS_RECE_TDAYS":3.447898137537,"INVENTORY_TDAYS":null,"CURRENT_ASSETS_TDAYS":2.319939068236,"TOTAL_ASSETS_TDAYS":1.448173828817,"PREMIUM_EXPENSE":null,"LOAN_DEPOSIT":null,"LOAN_EQUITY":null,"LOAN_ASSETS":null,"DEPOSIT_EQUITY":null,"DEPOSIT_ASSETS":null,"EQUITY_MULTIPLIER":4.910094243218,"EQUITY_RATIO":3.910094243216},{"SECUCODE":"01284.HK","SECURITY_CODE":"01284","SECURITY_NAME_ABBR":"新传企划","ORG_CODE":"10000218969","STD_REPORT_DATE":"2020-12-31 00:00:00","REPORT_DATE":"2020-12-31 00:00:00","DATE_TYPE_CODE":"001","REPORT_TYPE":"2020年年报","PER_NETCASH_OPERATE":null,"PER_OI":null,"BPS":0.077141916933,"BASIC_EPS":null,"DILUTED_EPS":null,"OPERATE_INCOME":178081765.96,"OPERATE_INCOME_YOY":-21.0079108194,"GROSS_PROFIT":138314275.96,"GROSS_PROFIT_YOY":-42.355727829497,"HOLDER_PROFIT":34648635.52,"HOLDER_PROFIT_YOY":53.766854667,"GROSS_PROFIT_RATIO":null,"EPS_TTM":null,"OPERATE_INCOME_QOQ":-25.78210951579,"NET_PROFIT_RATIO":19.4565880079,"ROE_AVG":87.146486028789,"GROSS_PROFIT_QOQ":-25.78210951579,"ROA":32.434774730058,"HOLDER_PROFIT_QOQ":44.473347877768,"ROE_YEARLY":87.146486028789,"ROIC_YEARLY":40.098766394101,"TOTAL_ASSETS":103030202.24,"TOTAL_LIABILITIES":56745052.08,"TAX_EBT":11.838273085489,"OCF_SALES":19.368209122402,"TOTAL_PARENT_EQUITY":46285150.16,"DEBT_ASSET_RATIO":55.0761338387,"OPERATE_PROFIT":40830481.32,"PRETAX_PROFIT":39301221.44,"NETCASH_OPERATE":34491248.84,"NETCASH_INVEST":-1107598.24,"NETCASH_FINANCE":-21330524.16,"END_CASH":26483044.24,"DIVI_RATIO":null,"DIVIDEND_RATE":7.756756756757,"CURRENT_RATIO":1.88401492651,"COMMON_ACS":1000000000,"CURRENTDEBT_DEBT":77.903354987986,"ISSUED_COMMON_SHARES":600000000,"HK_COMMON_SHARES":600000000,"PER_SHARES":5000,"TOTAL_MARKET_CAP":222000000,"HKSK_MARKET_CAP":222000000,"PE_TTM":12.171719940786,"PB_TTM":1.107132526756,"REPORT_DATE_SQ":"2019-12-31 00:00:00","REPORT_TYPE_SQ":"2019年年报","OPERATE_INCOME_SQ":239944526.58,"DPS_HKD":0.0287,"OPERATE_INCOME_QOQ_SQ":-13.563657852697,"NET_PROFIT_RATIO_SQ":9.9951094038,"HOLDER_PROFIT_SQ":23982717.94,"HOLDER_PROFIT_QOQ_SQ":-45.06736760458,"ROE_AVG_SQ":55.047135381863,"PE_TTM_SQ":7.044237813469,"PB_TTM_SQ":3.472115058177,"ROA_SQ":15.662862057063,"START_DATE":"2020-01-01 00:00:00","FISCAL_YEAR":"12-31","CURRENCY":"HKD","IS_CNY_CODE":0,"DPS_HKD_LY":null,"ORG_TYPE":"一般企业","PREMIUM_INCOME":null,"PREMIUM_INCOME_YOY":null,"NET_INTEREST_INCOME":null,"NET_INTEREST_INCOME_YOY":null,"FEE_COMMISSION_INCOME":null,"FEE_COMMISSION_INCOME_YOY":null,"ACCOUNTS_RECE_TDAYS":3.116231461435,"INVENTORY_TDAYS":null,"CURRENT_ASSETS_TDAYS":2.192700291201,"TOTAL_ASSETS_TDAYS":1.667033023309,"PREMIUM_EXPENSE":null,"LOAN_DEPOSIT":null,"LOAN_EQUITY":null,"LOAN_ASSETS":null,"DEPOSIT_EQUITY":null,"DEPOSIT_ASSETS":null,"EQUITY_MULTIPLIER":2.225988289631,"EQUITY_RATIO":1.225988289632},{"SECUCODE":"01284.HK","SECURITY_CODE":"01284","SECURITY_NAME_ABBR":"新传企划","ORG_CODE":"10000218969","STD_REPORT_DATE":"2019-12-31 00:00:00","REPORT_DATE":"2019-12-31 00:00:00","DATE_TYPE_CODE":"001","REPORT_TYPE":"2019年年报","PER_NETCASH_OPERATE":null,"PER_OI":null,"BPS":0.0589512818,"BASIC_EPS":null,"DILUTED_EPS":null,"OPERATE_INCOME":239944526.58,"OPERATE_INCOME_YOY":-15.4529873524,"GROSS_PROFIT":239944526.58,"GROSS_PROFIT_YOY":-13.563657852697,"HOLDER_PROFIT":23982717.94,"HOLDER_PROFIT_YOY":-46.268087583,"GROSS_PROFIT_RATIO":null,"EPS_TTM":null,"OPERATE_INCOME_QOQ":-13.563657852697,"NET_PROFIT_RATIO":9.9951094038,"ROE_AVG":55.047135381863,"GROSS_PROFIT_QOQ":-13.563657852697,"ROA":15.662862057063,"HOLDER_PROFIT_QOQ":-45.06736760458,"ROE_YEARLY":55.047135381863,"ROIC_YEARLY":20.93202350191,"TOTAL_ASSETS":117736844.3,"TOTAL_LIABILITIES":82366075.22,"TAX_EBT":17.420807501311,"OCF_SALES":26.196422771512,"TOTAL_PARENT_EQUITY":35370769.08,"DEBT_ASSET_RATIO":69.9577738045,"OPERATE_PROFIT":null,"PRETAX_PROFIT":29042083.38,"NETCASH_OPERATE":62856882.6,"NETCASH_INVEST":-976400.2,"NETCASH_FINANCE":-108369672.84,"END_CASH":15274840.56,"DIVI_RATIO":null,"DIVIDEND_RATE":7.756756756757,"CURRENT_RATIO":1.471297817414,"COMMON_ACS":1000000000,"CURRENTDEBT_DEBT":69.511359558016,"ISSUED_COMMON_SHARES":600000000,"HK_COMMON_SHARES":600000000,"PER_SHARES":5000,"TOTAL_MARKET_CAP":222000000,"HKSK_MARKET_CAP":222000000,"PE_TTM":12.171719940786,"PB_TTM":1.107132526756,"REPORT_DATE_SQ":"2018-12-31 00:00:00","REPORT_TYPE_SQ":"2018年年报","OPERATE_INCOME_SQ":277596807.8,"DPS_HKD":0.0287,"OPERATE_INCOME_QOQ_SQ":null,"NET_PROFIT_RATIO_SQ":15.7272764575,"HOLDER_PROFIT_SQ":43658417.4,"HOLDER_PROFIT_QOQ_SQ":null,"ROE_AVG_SQ":86.225275581013,"PE_TTM_SQ":7.044237813469,"PB_TTM_SQ":3.472115058177,"ROA_SQ":23.678545461458,"START_DATE":"2019-01-01 00:00:00","FISCAL_YEAR":"12-31","CURRENCY":"HKD","IS_CNY_CODE":0,"DPS_HKD_LY":null,"ORG_TYPE":"一般企业","PREMIUM_INCOME":null,"PREMIUM_INCOME_YOY":null,"NET_INTEREST_INCOME":null,"NET_INTEREST_INCOME_YOY":null,"FEE_COMMISSION_INCOME":null,"FEE_COMMISSION_INCOME_YOY":null,"ACCOUNTS_RECE_TDAYS":3.04959298685,"INVENTORY_TDAYS":null,"CURRENT_ASSETS_TDAYS":1.98665727212,"TOTAL_ASSETS_TDAYS":1.567052587856,"PREMIUM_EXPENSE":null,"LOAN_DEPOSIT":null,"LOAN_EQUITY":null,"LOAN_ASSETS":null,"DEPOSIT_EQUITY":null,"DEPOSIT_ASSETS":null,"EQUITY_MULTIPLIER":3.328648128446,"EQUITY_RATIO":2.328648128451},{"SECUCODE":"01284.HK","SECURITY_CODE":"01284","SECURITY_NAME_ABBR":"新传企划","ORG_CODE":"10000218969","STD_REPORT_DATE":"2018-12-31 00:00:00","REPORT_DATE":"2018-12-31 00:00:00","DATE_TYPE_CODE":"001","REPORT_TYPE":"2018年年报","PER_NETCASH_OPERATE":null,"PER_OI":null,"BPS":0.084388282333,"BASIC_EPS":null,"DILUTED_EPS":null,"OPERATE_INCOME":277596807.8,"OPERATE_INCOME_YOY":null,"GROSS_PROFIT":277596807.8,"GROSS_PROFIT_YOY":null,"HOLDER_PROFIT":43658417.4,"HOLDER_PROFIT_YOY":null,"GROSS_PROFIT_RATIO":null,"EPS_TTM":null,"OPERATE_INCOME_QOQ":null,"NET_PROFIT_RATIO":15.7272764575,"ROE_AVG":86.225275581013,"GROSS_PROFIT_QOQ":null,"ROA":23.678545461458,"HOLDER_PROFIT_QOQ":null,"ROE_YEARLY":86.225275581013,"ROIC_YEARLY":35.231852700352,"TOTAL_ASSETS":184379642.2,"TOTAL_LIABILITIES":133746672.8,"TAX_EBT":17.05177293158,"OCF_SALES":22.998936301169,"TOTAL_PARENT_EQUITY":50632969.4,"DEBT_ASSET_RATIO":72.5387419154,"OPERATE_PROFIT":null,"PRETAX_PROFIT":52633334,"NETCASH_OPERATE":63844313,"NETCASH_INVEST":-1946916.4,"NETCASH_FINANCE":-15521006.8,"END_CASH":60462181,"DIVI_RATIO":null,"DIVIDEND_RATE":7.756756756757,"CURRENT_RATIO":1.317761286982,"COMMON_ACS":1000000000,"CURRENTDEBT_DEBT":87.30968790126,"ISSUED_COMMON_SHARES":600000000,"HK_COMMON_SHARES":600000000,"PER_SHARES":5000,"TOTAL_MARKET_CAP":222000000,"HKSK_MARKET_CAP":222000000,"PE_TTM":12.171719940786,"PB_TTM":1.107132526756,"REPORT_DATE_SQ":"2017-12-31 00:00:00","REPORT_TYPE_SQ":"2017年年报","OPERATE_INCOME_SQ":null,"DPS_HKD":0.0287,"OPERATE_INCOME_QOQ_SQ":null,"NET_PROFIT_RATIO_SQ":null,"HOLDER_PROFIT_SQ":null,"HOLDER_PROFIT_QOQ_SQ":null,"ROE_AVG_SQ":null,"PE_TTM_SQ":7.044237813469,"PB_TTM_SQ":3.472115058177,"ROA_SQ":null,"START_DATE":"2018-01-01 00:00:00","FISCAL_YEAR":"12-31","CURRENCY":"HKD","IS_CNY_CODE":0,"DPS_HKD_LY":null,"ORG_TYPE":"一般企业","PREMIUM_INCOME":null,"PREMIUM_INCOME_YOY":null,"NET_INTEREST_INCOME":null,"NET_INTEREST_INCOME_YOY":null,"FEE_COMMISSION_INCOME":null,"FEE_COMMISSION_INCOME_YOY":null,"ACCOUNTS_RECE_TDAYS":3.067306295927,"INVENTORY_TDAYS":null,"CURRENT_ASSETS_TDAYS":3.607964833563,"TOTAL_ASSETS_TDAYS":3.011143795353,"PREMIUM_EXPENSE":null,"LOAN_DEPOSIT":null,"LOAN_EQUITY":null,"LOAN_ASSETS":null,"DEPOSIT_EQUITY":null,"DEPOSIT_ASSETS":null,"EQUITY_MULTIPLIER":3.641493761572,"EQUITY_RATIO":2.641493761573}],"count":9},"success":true,"message":"ok","code":0}