{"version":"a7a9f8d924d511d3aa203f222b2ebfae","result":{"pages":4,"data":[{"SECUCODE":"01280.HK","SECURITY_CODE":"01280","SECURITY_NAME_ABBR":"奇点国峰","ORG_CODE":"10151926","STD_REPORT_DATE":"2024-06-30 00:00:00","REPORT_DATE":"2024-06-30 00:00:00","DATE_TYPE_CODE":"002","REPORT_TYPE":"2024年中报","PER_NETCASH_OPERATE":-0.048232604315,"PER_OI":0.218543941155,"BPS":-0.148883953933,"BASIC_EPS":-0.09,"DILUTED_EPS":-0.09,"OPERATE_INCOME":173335000,"OPERATE_INCOME_YOY":23.1623524731,"GROSS_PROFIT":32705000,"GROSS_PROFIT_YOY":34.080846179075,"HOLDER_PROFIT":-32579000,"HOLDER_PROFIT_YOY":-137.6148801552,"GROSS_PROFIT_RATIO":18.868087806848,"EPS_TTM":-0.079856449078,"OPERATE_INCOME_QOQ":10.19283143587,"NET_PROFIT_RATIO":-21.8853664869,"ROE_AVG":9.28848796565,"GROSS_PROFIT_QOQ":13.462348178138,"ROA":-14.546501789346,"HOLDER_PROFIT_QOQ":-213.397429011351,"ROE_YEARLY":18.576975931301,"ROIC_YEARLY":-57.014105211578,"TOTAL_ASSETS":134267000,"TOTAL_LIABILITIES":391921000,"TAX_EBT":0.013178703216,"OCF_SALES":-22.069980096345,"TOTAL_PARENT_EQUITY":-268844000,"DEBT_ASSET_RATIO":291.8967430567,"OPERATE_PROFIT":-28524000,"PRETAX_PROFIT":-37940000,"NETCASH_OPERATE":-38255000,"NETCASH_INVEST":-210000,"NETCASH_FINANCE":-94512000,"END_CASH":29324000,"DIVI_RATIO":null,"DIVIDEND_RATE":null,"CURRENT_RATIO":0.54269426916,"COMMON_ACS":5000000000,"CURRENTDEBT_DEBT":57.336555071048,"ISSUED_COMMON_SHARES":1805728508,"HK_COMMON_SHARES":1805728508,"PER_SHARES":2000,"TOTAL_MARKET_CAP":4694894120.8,"HKSK_MARKET_CAP":4694894120.8,"PE_TTM":-69.039278952691,"PB_TTM":-15.938373057133,"REPORT_DATE_SQ":"2023-06-30 00:00:00","REPORT_TYPE_SQ":"2023年中报","OPERATE_INCOME_SQ":140737000,"DPS_HKD":null,"OPERATE_INCOME_QOQ_SQ":4.682711512952,"NET_PROFIT_RATIO_SQ":60.765825618,"HOLDER_PROFIT_SQ":86612000,"HOLDER_PROFIT_QOQ_SQ":86.561085642004,"ROE_AVG_SQ":-19.454801929937,"PE_TTM_SQ":-6.455423479669,"PB_TTM_SQ":-0.325977646788,"ROA_SQ":43.448075205923,"START_DATE":"2024-01-01 00:00:00","FISCAL_YEAR":"12-31","CURRENCY":"HKD","IS_CNY_CODE":0,"DPS_HKD_LY":null,"ORG_TYPE":"一般企业","PREMIUM_INCOME":null,"PREMIUM_INCOME_YOY":null,"NET_INTEREST_INCOME":null,"NET_INTEREST_INCOME_YOY":null,"FEE_COMMISSION_INCOME":null,"FEE_COMMISSION_INCOME_YOY":null,"ACCOUNTS_RECE_TDAYS":25.203198836787,"INVENTORY_TDAYS":2.440137423654,"CURRENT_ASSETS_TDAYS":0.890136780184,"TOTAL_ASSETS_TDAYS":0.773939619895,"PREMIUM_EXPENSE":null,"LOAN_DEPOSIT":null,"LOAN_EQUITY":null,"LOAN_ASSETS":null,"DEPOSIT_EQUITY":null,"DEPOSIT_ASSETS":null,"EQUITY_MULTIPLIER":-0.521113586438,"EQUITY_RATIO":-1.457800806416},{"SECUCODE":"01280.HK","SECURITY_CODE":"01280","SECURITY_NAME_ABBR":"奇点国峰","ORG_CODE":"10151926","STD_REPORT_DATE":"2023-12-31 00:00:00","REPORT_DATE":"2023-12-31 00:00:00","DATE_TYPE_CODE":"001","REPORT_TYPE":"2023年年报","PER_NETCASH_OPERATE":0.199197605776,"PER_OI":1.458470327291,"BPS":-0.239597479955,"BASIC_EPS":0.255,"DILUTED_EPS":0.255,"OPERATE_INCOME":319813000,"OPERATE_INCOME_YOY":21.9041120954,"GROSS_PROFIT":61750000,"GROSS_PROFIT_YOY":61.543492478744,"HOLDER_PROFIT":55854000,"HOLDER_PROFIT_YOY":140.8387988331,"GROSS_PROFIT_RATIO":19.308158204951,"EPS_TTM":0.254715729694,"OPERATE_INCOME_QOQ":16.451045577188,"NET_PROFIT_RATIO":16.7941891043,"ROE_AVG":-12.127015144113,"GROSS_PROFIT_QOQ":31.483689634614,"ROA":20.233327718398,"HOLDER_PROFIT_QOQ":403.884657236126,"ROE_YEARLY":-12.127015144113,"ROIC_YEARLY":32.182583468498,"TOTAL_ASSETS":313662000,"TOTAL_LIABILITIES":729764000,"TAX_EBT":0.146870177917,"OCF_SALES":13.657981382871,"TOTAL_PARENT_EQUITY":-432648000,"DEBT_ASSET_RATIO":232.6593594379,"OPERATE_PROFIT":85444000,"PRETAX_PROFIT":53789000,"NETCASH_OPERATE":43680000,"NETCASH_INVEST":66091000,"NETCASH_FINANCE":44171000,"END_CASH":162301000,"DIVI_RATIO":null,"DIVIDEND_RATE":null,"CURRENT_RATIO":1.083138642686,"COMMON_ACS":5000000000,"CURRENTDEBT_DEBT":33.842858787224,"ISSUED_COMMON_SHARES":1805728508,"HK_COMMON_SHARES":1805728508,"PER_SHARES":2000,"TOTAL_MARKET_CAP":4640722265.56,"HKSK_MARKET_CAP":4640722265.56,"PE_TTM":-68.242671887852,"PB_TTM":-15.754468752627,"REPORT_DATE_SQ":"2022-12-31 00:00:00","REPORT_TYPE_SQ":"2022年年报","OPERATE_INCOME_SQ":262348000,"DPS_HKD":null,"OPERATE_INCOME_QOQ_SQ":-2.030360177008,"NET_PROFIT_RATIO_SQ":-52.535182277,"HOLDER_PROFIT_SQ":-136767000,"HOLDER_PROFIT_QOQ_SQ":-108.203808856886,"ROE_AVG_SQ":32.554386440968,"PE_TTM_SQ":-20.223008801803,"PB_TTM_SQ":-1.021195408936,"ROA_SQ":-45.671894488497,"START_DATE":"2023-01-01 00:00:00","FISCAL_YEAR":"12-31","CURRENCY":"HKD","IS_CNY_CODE":0,"DPS_HKD_LY":null,"ORG_TYPE":"一般企业","PREMIUM_INCOME":null,"PREMIUM_INCOME_YOY":null,"NET_INTEREST_INCOME":null,"NET_INTEREST_INCOME_YOY":null,"FEE_COMMISSION_INCOME":null,"FEE_COMMISSION_INCOME_YOY":null,"ACCOUNTS_RECE_TDAYS":82.896060134785,"INVENTORY_TDAYS":5.264496781893,"CURRENT_ASSETS_TDAYS":1.736109113117,"TOTAL_ASSETS_TDAYS":1.158534972894,"PREMIUM_EXPENSE":null,"LOAN_DEPOSIT":null,"LOAN_EQUITY":null,"LOAN_ASSETS":null,"DEPOSIT_EQUITY":null,"DEPOSIT_ASSETS":null,"EQUITY_MULTIPLIER":-0.753810363805,"EQUITY_RATIO":-1.686738410902},{"SECUCODE":"01280.HK","SECURITY_CODE":"01280","SECURITY_NAME_ABBR":"奇点国峰","ORG_CODE":"10151926","STD_REPORT_DATE":"2023-06-30 00:00:00","REPORT_DATE":"2023-06-30 00:00:00","DATE_TYPE_CODE":"002","REPORT_TYPE":"2023年中报","PER_NETCASH_OPERATE":0.065199820737,"PER_OI":0.641814868226,"BPS":-0.222563911584,"BASIC_EPS":0.4,"DILUTED_EPS":0.4,"OPERATE_INCOME":140737000,"OPERATE_INCOME_YOY":9.5638837854,"GROSS_PROFIT":24392000,"GROSS_PROFIT_YOY":55.829553440235,"HOLDER_PROFIT":86612000,"HOLDER_PROFIT_YOY":372.5790715972,"GROSS_PROFIT_RATIO":17.331618550914,"EPS_TTM":-0.083819871661,"OPERATE_INCOME_QOQ":4.682711512952,"NET_PROFIT_RATIO":60.765825618,"ROE_AVG":-19.454801929937,"GROSS_PROFIT_QOQ":22.862001308044,"ROA":43.448075205923,"HOLDER_PROFIT_QOQ":86.561085642004,"ROE_YEARLY":-38.909603859873,"ROIC_YEARLY":107.698907616839,"TOTAL_ASSETS":160255000,"TOTAL_LIABILITIES":544547000,"TAX_EBT":0.042077703492,"OCF_SALES":10.158664743458,"TOTAL_PARENT_EQUITY":-401890000,"DEBT_ASSET_RATIO":339.8003182428,"OPERATE_PROFIT":97579000,"PRETAX_PROFIT":85556000,"NETCASH_OPERATE":14297000,"NETCASH_INVEST":62137000,"NETCASH_FINANCE":-51526000,"END_CASH":33267000,"DIVI_RATIO":null,"DIVIDEND_RATE":null,"CURRENT_RATIO":0.958514525578,"COMMON_ACS":5000000000,"CURRENTDEBT_DEBT":24.324071200466,"ISSUED_COMMON_SHARES":1805728508,"HK_COMMON_SHARES":1805728508,"PER_SHARES":2000,"TOTAL_MARKET_CAP":4640722265.56,"HKSK_MARKET_CAP":4640722265.56,"PE_TTM":-68.242671887852,"PB_TTM":-15.754468752627,"REPORT_DATE_SQ":"2022-06-30 00:00:00","REPORT_TYPE_SQ":"2022年中报","OPERATE_INCOME_SQ":128452000,"DPS_HKD":null,"OPERATE_INCOME_QOQ_SQ":-11.08598712368,"NET_PROFIT_RATIO_SQ":-25.2748108243,"HOLDER_PROFIT_SQ":-31775000,"HOLDER_PROFIT_QOQ_SQ":-9.416017056433,"ROE_AVG_SQ":8.643377377609,"PE_TTM_SQ":-20.223008801803,"PB_TTM_SQ":-1.021195408936,"ROA_SQ":-9.239819478208,"START_DATE":"2023-01-01 00:00:00","FISCAL_YEAR":"12-31","CURRENCY":"HKD","IS_CNY_CODE":0,"DPS_HKD_LY":null,"ORG_TYPE":"一般企业","PREMIUM_INCOME":null,"PREMIUM_INCOME_YOY":null,"NET_INTEREST_INCOME":null,"NET_INTEREST_INCOME_YOY":null,"FEE_COMMISSION_INCOME":null,"FEE_COMMISSION_INCOME_YOY":null,"ACCOUNTS_RECE_TDAYS":32.998124267292,"INVENTORY_TDAYS":2.481259130509,"CURRENT_ASSETS_TDAYS":1.235185185185,"TOTAL_ASSETS_TDAYS":0.705993599069,"PREMIUM_EXPENSE":null,"LOAN_DEPOSIT":null,"LOAN_EQUITY":null,"LOAN_ASSETS":null,"DEPOSIT_EQUITY":null,"DEPOSIT_ASSETS":null,"EQUITY_MULTIPLIER":-0.417013625056,"EQUITY_RATIO":-1.354965289009},{"SECUCODE":"01280.HK","SECURITY_CODE":"01280","SECURITY_NAME_ABBR":"奇点国峰","ORG_CODE":"10151926","STD_REPORT_DATE":"2022-12-31 00:00:00","REPORT_DATE":"2022-12-31 00:00:00","DATE_TYPE_CODE":"001","REPORT_TYPE":"2022年年报","PER_NETCASH_OPERATE":-0.145448911141,"PER_OI":1.196407817769,"BPS":-0.270529040127,"BASIC_EPS":-0.624,"DILUTED_EPS":-0.624,"OPERATE_INCOME":262348000,"OPERATE_INCOME_YOY":-12.8912618329,"GROSS_PROFIT":38225000,"GROSS_PROFIT_YOY":4.843797141995,"HOLDER_PROFIT":-136767000,"HOLDER_PROFIT_YOY":-127.808315011,"GROSS_PROFIT_RATIO":14.570341683565,"EPS_TTM":-0.623710140778,"OPERATE_INCOME_QOQ":-2.030360177008,"NET_PROFIT_RATIO":-52.535182277,"ROE_AVG":32.554386440968,"GROSS_PROFIT_QOQ":6.378537834303,"ROA":-45.671894488497,"HOLDER_PROFIT_QOQ":-108.203808856886,"ROE_YEARLY":32.554386440968,"ROIC_YEARLY":-50.719910699551,"TOTAL_ASSETS":238437000,"TOTAL_LIABILITIES":709153000,"TAX_EBT":-0.226158791105,"OCF_SALES":-12.157134798055,"TOTAL_PARENT_EQUITY":-488502000,"DEBT_ASSET_RATIO":297.4173471399,"OPERATE_PROFIT":-112899000,"PRETAX_PROFIT":-137514000,"NETCASH_OPERATE":-31894000,"NETCASH_INVEST":231000,"NETCASH_FINANCE":25403000,"END_CASH":8359000,"DIVI_RATIO":null,"DIVIDEND_RATE":null,"CURRENT_RATIO":0.377883204026,"COMMON_ACS":5000000000,"CURRENTDEBT_DEBT":37.659574168057,"ISSUED_COMMON_SHARES":1805728508,"HK_COMMON_SHARES":1805728508,"PER_SHARES":2000,"TOTAL_MARKET_CAP":4640722265.56,"HKSK_MARKET_CAP":4640722265.56,"PE_TTM":-68.242671887852,"PB_TTM":-15.754468752627,"REPORT_DATE_SQ":"2021-12-31 00:00:00","REPORT_TYPE_SQ":"2021年年报","OPERATE_INCOME_SQ":301173000,"DPS_HKD":null,"OPERATE_INCOME_QOQ_SQ":-23.781456886603,"NET_PROFIT_RATIO_SQ":-20.6456090021,"HOLDER_PROFIT_SQ":-60036000,"HOLDER_PROFIT_QOQ_SQ":-11.435730858469,"ROE_AVG_SQ":17.704799104674,"PE_TTM_SQ":-20.223008801803,"PB_TTM_SQ":-1.021195408936,"ROA_SQ":-15.490402999208,"START_DATE":"2022-01-01 00:00:00","FISCAL_YEAR":"12-31","CURRENCY":"HKD","IS_CNY_CODE":0,"DPS_HKD_LY":null,"ORG_TYPE":"一般企业","PREMIUM_INCOME":null,"PREMIUM_INCOME_YOY":null,"NET_INTEREST_INCOME":null,"NET_INTEREST_INCOME_YOY":null,"FEE_COMMISSION_INCOME":null,"FEE_COMMISSION_INCOME_YOY":null,"ACCOUNTS_RECE_TDAYS":48.909023117077,"INVENTORY_TDAYS":4.814000193314,"CURRENT_ASSETS_TDAYS":2.260724195578,"TOTAL_ASSETS_TDAYS":0.876083424749,"PREMIUM_EXPENSE":null,"LOAN_DEPOSIT":null,"LOAN_EQUITY":null,"LOAN_ASSETS":null,"DEPOSIT_EQUITY":null,"DEPOSIT_ASSETS":null,"EQUITY_MULTIPLIER":-0.506541099092,"EQUITY_RATIO":-1.451689041191},{"SECUCODE":"01280.HK","SECURITY_CODE":"01280","SECURITY_NAME_ABBR":"奇点国峰","ORG_CODE":"10151926","STD_REPORT_DATE":"2022-06-30 00:00:00","REPORT_DATE":"2022-06-30 00:00:00","DATE_TYPE_CODE":"002","REPORT_TYPE":"2022年中报","PER_NETCASH_OPERATE":-0.092334109985,"PER_OI":0.585790541602,"BPS":-0.212385194286,"BASIC_EPS":-0.14,"DILUTED_EPS":-0.14,"OPERATE_INCOME":128452000,"OPERATE_INCOME_YOY":-20.6302521008,"GROSS_PROFIT":15653000,"GROSS_PROFIT_YOY":-3.251128005439,"HOLDER_PROFIT":-31775000,"HOLDER_PROFIT_YOY":-21.6407625756,"GROSS_PROFIT_RATIO":12.185874879332,"EPS_TTM":-0.299567113687,"OPERATE_INCOME_QOQ":-11.08598712368,"NET_PROFIT_RATIO":-25.2748108243,"ROE_AVG":8.643377377609,"GROSS_PROFIT_QOQ":-1.442716476042,"ROA":-9.239819478208,"HOLDER_PROFIT_QOQ":-9.416017056433,"ROE_YEARLY":17.286754755218,"ROIC_YEARLY":-20.475330529185,"TOTAL_ASSETS":327310000,"TOTAL_LIABILITIES":692667000,"TAX_EBT":0.018477457502,"OCF_SALES":-15.762308099524,"TOTAL_PARENT_EQUITY":-383510000,"DEBT_ASSET_RATIO":211.6241483609,"OPERATE_PROFIT":-20614000,"PRETAX_PROFIT":-32472000,"NETCASH_OPERATE":-20247000,"NETCASH_INVEST":5808000,"NETCASH_FINANCE":15241000,"END_CASH":15421000,"DIVI_RATIO":null,"DIVIDEND_RATE":null,"CURRENT_RATIO":0.346752708024,"COMMON_ACS":5000000000,"CURRENTDEBT_DEBT":49.419995466797,"ISSUED_COMMON_SHARES":1805728508,"HK_COMMON_SHARES":1805728508,"PER_SHARES":2000,"TOTAL_MARKET_CAP":4640722265.56,"HKSK_MARKET_CAP":4640722265.56,"PE_TTM":-68.242671887852,"PB_TTM":-15.754468752627,"REPORT_DATE_SQ":"2021-06-30 00:00:00","REPORT_TYPE_SQ":"2021年中报","OPERATE_INCOME_SQ":161840000,"DPS_HKD":null,"OPERATE_INCOME_QOQ_SQ":12.343948573752,"NET_PROFIT_RATIO_SQ":-17.9535343549,"HOLDER_PROFIT_SQ":-26122000,"HOLDER_PROFIT_QOQ_SQ":35.257288437042,"ROE_AVG_SQ":8.108921925008,"PE_TTM_SQ":-20.223008801803,"PB_TTM_SQ":-1.021195408936,"ROA_SQ":-6.855178386322,"START_DATE":"2022-01-01 00:00:00","FISCAL_YEAR":"12-31","CURRENCY":"HKD","IS_CNY_CODE":0,"DPS_HKD_LY":null,"ORG_TYPE":"一般企业","PREMIUM_INCOME":null,"PREMIUM_INCOME_YOY":null,"NET_INTEREST_INCOME":null,"NET_INTEREST_INCOME_YOY":null,"FEE_COMMISSION_INCOME":null,"FEE_COMMISSION_INCOME_YOY":null,"ACCOUNTS_RECE_TDAYS":18.804274630362,"INVENTORY_TDAYS":2.093619785625,"CURRENT_ASSETS_TDAYS":1.028142408913,"TOTAL_ASSETS_TDAYS":0.373524245984,"PREMIUM_EXPENSE":null,"LOAN_DEPOSIT":null,"LOAN_EQUITY":null,"LOAN_ASSETS":null,"DEPOSIT_EQUITY":null,"DEPOSIT_ASSETS":null,"EQUITY_MULTIPLIER":-0.895863497894,"EQUITY_RATIO":-1.806125003259},{"SECUCODE":"01280.HK","SECURITY_CODE":"01280","SECURITY_NAME_ABBR":"奇点国峰","ORG_CODE":"10151926","STD_REPORT_DATE":"2021-12-31 00:00:00","REPORT_DATE":"2021-12-31 00:00:00","DATE_TYPE_CODE":"001","REPORT_TYPE":"2021年年报","PER_NETCASH_OPERATE":0.028310868513,"PER_OI":1.373464755595,"BPS":-0.194788418326,"BASIC_EPS":-0.294,"DILUTED_EPS":-0.294,"OPERATE_INCOME":301173000,"OPERATE_INCOME_YOY":-14.373079121,"GROSS_PROFIT":36459000,"GROSS_PROFIT_YOY":56.094532688273,"HOLDER_PROFIT":-60036000,"HOLDER_PROFIT_YOY":27.8534861922,"GROSS_PROFIT_RATIO":12.105666842645,"EPS_TTM":-0.273787258708,"OPERATE_INCOME_QOQ":-23.781456886603,"NET_PROFIT_RATIO":-20.6456090021,"ROE_AVG":17.704799104674,"GROSS_PROFIT_QOQ":10.662902932071,"ROA":-15.490402999208,"HOLDER_PROFIT_QOQ":-11.435730858469,"ROE_YEARLY":17.704799104674,"ROIC_YEARLY":-17.548459511481,"TOTAL_ASSETS":360474000,"TOTAL_LIABILITIES":693365000,"TAX_EBT":-0.040222672716,"OCF_SALES":2.061273752959,"TOTAL_PARENT_EQUITY":-351735000,"DEBT_ASSET_RATIO":192.348130517,"OPERATE_PROFIT":-38713000,"PRETAX_PROFIT":-62154000,"NETCASH_OPERATE":6208000,"NETCASH_INVEST":-655000,"NETCASH_FINANCE":-27391000,"END_CASH":14619000,"DIVI_RATIO":null,"DIVIDEND_RATE":null,"CURRENT_RATIO":0.33280813924,"COMMON_ACS":5000000000,"CURRENTDEBT_DEBT":56.844519120521,"ISSUED_COMMON_SHARES":1805728508,"HK_COMMON_SHARES":1805728508,"PER_SHARES":2000,"TOTAL_MARKET_CAP":4640722265.56,"HKSK_MARKET_CAP":4640722265.56,"PE_TTM":-68.242671887852,"PB_TTM":-15.754468752627,"REPORT_DATE_SQ":"2020-12-31 00:00:00","REPORT_TYPE_SQ":"2020年年报","OPERATE_INCOME_SQ":351727000,"DPS_HKD":null,"OPERATE_INCOME_QOQ_SQ":-2.339018911512,"NET_PROFIT_RATIO_SQ":-24.1528230702,"HOLDER_PROFIT_SQ":-83214000,"HOLDER_PROFIT_QOQ_SQ":37.888412017167,"ROE_AVG_SQ":26.460109034194,"PE_TTM_SQ":-20.223008801803,"PB_TTM_SQ":-1.021195408936,"ROA_SQ":-18.692949203942,"START_DATE":"2021-01-01 00:00:00","FISCAL_YEAR":"12-31","CURRENCY":"HKD","IS_CNY_CODE":0,"DPS_HKD_LY":null,"ORG_TYPE":"一般企业","PREMIUM_INCOME":null,"PREMIUM_INCOME_YOY":null,"NET_INTEREST_INCOME":null,"NET_INTEREST_INCOME_YOY":null,"FEE_COMMISSION_INCOME":null,"FEE_COMMISSION_INCOME_YOY":null,"ACCOUNTS_RECE_TDAYS":34.478878076703,"INVENTORY_TDAYS":4.923583405407,"CURRENT_ASSETS_TDAYS":1.986360683417,"TOTAL_ASSETS_TDAYS":0.777082274382,"PREMIUM_EXPENSE":null,"LOAN_DEPOSIT":null,"LOAN_EQUITY":null,"LOAN_ASSETS":null,"DEPOSIT_EQUITY":null,"DEPOSIT_ASSETS":null,"EQUITY_MULTIPLIER":-1.082858953832,"EQUITY_RATIO":-1.971270985259},{"SECUCODE":"01280.HK","SECURITY_CODE":"01280","SECURITY_NAME_ABBR":"奇点国峰","ORG_CODE":"10151926","STD_REPORT_DATE":"2021-06-30 00:00:00","REPORT_DATE":"2021-06-30 00:00:00","DATE_TYPE_CODE":"002","REPORT_TYPE":"2021年中报","PER_NETCASH_OPERATE":0.133003621164,"PER_OI":0.738052667555,"BPS":-0.176008740291,"BASIC_EPS":-0.16,"DILUTED_EPS":-0.16,"OPERATE_INCOME":161840000,"OPERATE_INCOME_YOY":36.6626415477,"GROSS_PROFIT":16179000,"GROSS_PROFIT_YOY":145.508345978756,"HOLDER_PROFIT":-26122000,"HOLDER_PROFIT_YOY":52.900236202,"GROSS_PROFIT_RATIO":9.996910528917,"EPS_TTM":-0.245690728278,"OPERATE_INCOME_QOQ":12.343948573752,"NET_PROFIT_RATIO":-17.9535343549,"ROE_AVG":8.108921925008,"GROSS_PROFIT_QOQ":41.054073725222,"ROA":-6.855178386322,"HOLDER_PROFIT_QOQ":35.257288437042,"ROE_YEARLY":16.217843850015,"ROIC_YEARLY":-15.651053758931,"TOTAL_ASSETS":347446000,"TOTAL_LIABILITIES":647217000,"TAX_EBT":-0.061987740202,"OCF_SALES":18.020884824518,"TOTAL_PARENT_EQUITY":-317824000,"DEBT_ASSET_RATIO":186.2784432689,"OPERATE_PROFIT":-16385000,"PRETAX_PROFIT":-29038000,"NETCASH_OPERATE":29165000,"NETCASH_INVEST":-2315000,"NETCASH_FINANCE":-44304000,"END_CASH":19003000,"DIVI_RATIO":null,"DIVIDEND_RATE":null,"CURRENT_RATIO":0.313161714481,"COMMON_ACS":5000000000,"CURRENTDEBT_DEBT":57.907008005043,"ISSUED_COMMON_SHARES":1805728508,"HK_COMMON_SHARES":1805728508,"PER_SHARES":2000,"TOTAL_MARKET_CAP":4640722265.56,"HKSK_MARKET_CAP":4640722265.56,"PE_TTM":-68.242671887852,"PB_TTM":-15.754468752627,"REPORT_DATE_SQ":"2020-06-30 00:00:00","REPORT_TYPE_SQ":"2020年中报","OPERATE_INCOME_SQ":118423000,"DPS_HKD":null,"OPERATE_INCOME_QOQ_SQ":-23.491123380444,"NET_PROFIT_RATIO_SQ":-47.8614796112,"HOLDER_PROFIT_SQ":-55461000,"HOLDER_PROFIT_QOQ_SQ":-23.096924759043,"ROE_AVG_SQ":17.466161104008,"PE_TTM_SQ":-20.223008801803,"PB_TTM_SQ":-1.021195408936,"ROA_SQ":-12.321668394024,"START_DATE":"2021-01-01 00:00:00","FISCAL_YEAR":"12-31","CURRENCY":"HKD","IS_CNY_CODE":0,"DPS_HKD_LY":null,"ORG_TYPE":"一般企业","PREMIUM_INCOME":null,"PREMIUM_INCOME_YOY":null,"NET_INTEREST_INCOME":null,"NET_INTEREST_INCOME_YOY":null,"FEE_COMMISSION_INCOME":null,"FEE_COMMISSION_INCOME_YOY":null,"ACCOUNTS_RECE_TDAYS":17.189591078067,"INVENTORY_TDAYS":2.692614124759,"CURRENT_ASSETS_TDAYS":1.118312856728,"TOTAL_ASSETS_TDAYS":0.424715592237,"PREMIUM_EXPENSE":null,"LOAN_DEPOSIT":null,"LOAN_EQUITY":null,"LOAN_ASSETS":null,"DEPOSIT_EQUITY":null,"DEPOSIT_ASSETS":null,"EQUITY_MULTIPLIER":-1.159038065723,"EQUITY_RATIO":-2.036400649416},{"SECUCODE":"01280.HK","SECURITY_CODE":"01280","SECURITY_NAME_ABBR":"奇点国峰","ORG_CODE":"10151926","STD_REPORT_DATE":"2020-12-31 00:00:00","REPORT_DATE":"2020-12-31 00:00:00","DATE_TYPE_CODE":"001","REPORT_TYPE":"2020年年报","PER_NETCASH_OPERATE":-0.030109484258,"PER_OI":1.924812535352,"BPS":-0.1807879748,"BASIC_EPS":-0.552,"DILUTED_EPS":-0.552,"OPERATE_INCOME":351727000,"OPERATE_INCOME_YOY":-25.2806804736,"GROSS_PROFIT":23357000,"GROSS_PROFIT_YOY":-39.667820426719,"HOLDER_PROFIT":-83214000,"HOLDER_PROFIT_YOY":23.5425452741,"GROSS_PROFIT_RATIO":6.640661649518,"EPS_TTM":-0.455385427666,"OPERATE_INCOME_QOQ":-2.339018911512,"NET_PROFIT_RATIO":-24.1528230702,"ROE_AVG":26.460109034194,"GROSS_PROFIT_QOQ":9.693326445311,"ROA":-18.692949203942,"HOLDER_PROFIT_QOQ":37.888412017167,"ROE_YEARLY":26.460109034194,"ROIC_YEARLY":-21.161149884485,"TOTAL_ASSETS":414664000,"TOTAL_LIABILITIES":720131000,"TAX_EBT":-0.02472595401,"OCF_SALES":-1.564281388691,"TOTAL_PARENT_EQUITY":-326454000,"DEBT_ASSET_RATIO":173.6661489785,"OPERATE_PROFIT":-63485000,"PRETAX_PROFIT":-84931000,"NETCASH_OPERATE":-5502000,"NETCASH_INVEST":4156000,"NETCASH_FINANCE":14126000,"END_CASH":36457000,"DIVI_RATIO":null,"DIVIDEND_RATE":null,"CURRENT_RATIO":0.550779749558,"COMMON_ACS":5000000000,"CURRENTDEBT_DEBT":43.382106866667,"ISSUED_COMMON_SHARES":1805728508,"HK_COMMON_SHARES":1805728508,"PER_SHARES":2000,"TOTAL_MARKET_CAP":4640722265.56,"HKSK_MARKET_CAP":4640722265.56,"PE_TTM":-68.242671887852,"PB_TTM":-15.754468752627,"REPORT_DATE_SQ":"2019-12-31 00:00:00","REPORT_TYPE_SQ":"2019年年报","OPERATE_INCOME_SQ":470731000,"DPS_HKD":null,"OPERATE_INCOME_QOQ_SQ":-19.082096954132,"NET_PROFIT_RATIO_SQ":-23.136356008,"HOLDER_PROFIT_SQ":-108837000,"HOLDER_PROFIT_QOQ_SQ":-4.751684311838,"ROE_AVG_SQ":43.867402646869,"PE_TTM_SQ":-20.223008801803,"PB_TTM_SQ":-1.021195408936,"ROA_SQ":-20.200900936016,"START_DATE":"2020-01-01 00:00:00","FISCAL_YEAR":"12-31","CURRENCY":"HKD","IS_CNY_CODE":0,"DPS_HKD_LY":null,"ORG_TYPE":"一般企业","PREMIUM_INCOME":null,"PREMIUM_INCOME_YOY":null,"NET_INTEREST_INCOME":null,"NET_INTEREST_INCOME_YOY":null,"FEE_COMMISSION_INCOME":null,"FEE_COMMISSION_INCOME_YOY":null,"ACCOUNTS_RECE_TDAYS":35.934511646915,"INVENTORY_TDAYS":4.926264308325,"CURRENT_ASSETS_TDAYS":1.851633281567,"TOTAL_ASSETS_TDAYS":0.790109229776,"PREMIUM_EXPENSE":null,"LOAN_DEPOSIT":null,"LOAN_EQUITY":null,"LOAN_ASSETS":null,"DEPOSIT_EQUITY":null,"DEPOSIT_ASSETS":null,"EQUITY_MULTIPLIER":-1.357475602928,"EQUITY_RATIO":-2.205918751187},{"SECUCODE":"01280.HK","SECURITY_CODE":"01280","SECURITY_NAME_ABBR":"奇点国峰","ORG_CODE":"10151926","STD_REPORT_DATE":"2020-06-30 00:00:00","REPORT_DATE":"2020-06-30 00:00:00","DATE_TYPE_CODE":"002","REPORT_TYPE":"2020年中报","PER_NETCASH_OPERATE":0.071212049573,"PER_OI":0.777678397873,"BPS":-0.184161128612,"BASIC_EPS":-0.42,"DILUTED_EPS":-0.42,"OPERATE_INCOME":118423000,"OPERATE_INCOME_YOY":-48.2875770186,"GROSS_PROFIT":6590000,"GROSS_PROFIT_YOY":-72.554245970597,"HOLDER_PROFIT":-55461000,"HOLDER_PROFIT_YOY":-82.9007683936,"GROSS_PROFIT_RATIO":5.564797378888,"EPS_TTM":-0.87980766705,"OPERATE_INCOME_QOQ":-23.491123380444,"NET_PROFIT_RATIO":-47.8614796112,"ROE_AVG":17.466161104008,"GROSS_PROFIT_QOQ":-44.999225086532,"ROA":-12.321668394024,"HOLDER_PROFIT_QOQ":-23.096924759043,"ROE_YEARLY":34.932322208016,"ROIC_YEARLY":-27.585366490552,"TOTAL_ASSETS":424558000,"TOTAL_LIABILITIES":735596000,"TAX_EBT":-0.098899740388,"OCF_SALES":9.157004973696,"TOTAL_PARENT_EQUITY":-332545000,"DEBT_ASSET_RATIO":173.2616038327,"OPERATE_PROFIT":-50405000,"PRETAX_PROFIT":-56623000,"NETCASH_OPERATE":10844000,"NETCASH_INVEST":206000,"NETCASH_FINANCE":-6626000,"END_CASH":28101000,"DIVI_RATIO":null,"DIVIDEND_RATE":null,"CURRENT_RATIO":0.296340621089,"COMMON_ACS":5000000000,"CURRENTDEBT_DEBT":79.51484238631,"ISSUED_COMMON_SHARES":1805728508,"HK_COMMON_SHARES":1805728508,"PER_SHARES":2000,"TOTAL_MARKET_CAP":4640722265.56,"HKSK_MARKET_CAP":4640722265.56,"PE_TTM":-68.242671887852,"PB_TTM":-15.754468752627,"REPORT_DATE_SQ":"2019-06-30 00:00:00","REPORT_TYPE_SQ":"2019年中报","OPERATE_INCOME_SQ":229003000,"DPS_HKD":null,"OPERATE_INCOME_QOQ_SQ":-36.822917288856,"NET_PROFIT_RATIO_SQ":-14.1050553923,"HOLDER_PROFIT_SQ":-30323000,"HOLDER_PROFIT_QOQ_SQ":35.357833896386,"ROE_AVG_SQ":14.281004657822,"PE_TTM_SQ":-20.223008801803,"PB_TTM_SQ":-1.021195408936,"ROA_SQ":-4.876166155969,"START_DATE":"2020-01-01 00:00:00","FISCAL_YEAR":"12-31","CURRENCY":"HKD","IS_CNY_CODE":0,"DPS_HKD_LY":null,"ORG_TYPE":"一般企业","PREMIUM_INCOME":null,"PREMIUM_INCOME_YOY":null,"NET_INTEREST_INCOME":null,"NET_INTEREST_INCOME_YOY":null,"FEE_COMMISSION_INCOME":null,"FEE_COMMISSION_INCOME_YOY":null,"ACCOUNTS_RECE_TDAYS":13.936216534275,"INVENTORY_TDAYS":1.683458652276,"CURRENT_ASSETS_TDAYS":0.621359274242,"TOTAL_ASSETS_TDAYS":0.26309820166,"PREMIUM_EXPENSE":null,"LOAN_DEPOSIT":null,"LOAN_EQUITY":null,"LOAN_ASSETS":null,"DEPOSIT_EQUITY":null,"DEPOSIT_ASSETS":null,"EQUITY_MULTIPLIER":-1.364971482584,"EQUITY_RATIO":-2.212019425942}],"count":35},"success":true,"message":"ok","code":0}