{"version":"04e50f793f16f8ae02ff5fb58604561f","result":{"pages":7,"data":[{"SECUCODE":"01292.HK","SECURITY_CODE":"01292","SECURITY_NAME_ABBR":"长安民生物流","ORG_CODE":"10064656","STD_REPORT_DATE":"2024-06-30 00:00:00","REPORT_DATE":"2024-06-30 00:00:00","DATE_TYPE_CODE":"002","REPORT_TYPE":"2024年中报","PER_NETCASH_OPERATE":2.078166504714,"PER_OI":25.700665880393,"BPS":12.415090333634,"BASIC_EPS":0.18,"DILUTED_EPS":0.18,"OPERATE_INCOME":4165152715.24,"OPERATE_INCOME_YOY":4.5388116065,"GROSS_PROFIT":190870042.25,"GROSS_PROFIT_YOY":9.109357087722,"HOLDER_PROFIT":29260117.19,"HOLDER_PROFIT_YOY":4.0003895656,"GROSS_PROFIT_RATIO":4.58254607452,"EPS_TTM":0.355244591211,"OPERATE_INCOME_QOQ":2.269299393183,"NET_PROFIT_RATIO":0.749535408,"ROE_AVG":1.452730506408,"GROSS_PROFIT_QOQ":4.292013077572,"ROA":0.554358033077,"HOLDER_PROFIT_QOQ":1.993900833279,"ROE_YEARLY":2.905461012815,"ROIC_YEARLY":1.44449410614,"TOTAL_ASSETS":5381985160.59,"TOTAL_LIABILITIES":3194691861.51,"TAX_EBT":27.93453267467,"OCF_SALES":8.08604148385,"TOTAL_PARENT_EQUITY":2012039199.83,"DEBT_ASSET_RATIO":59.3589868085,"OPERATE_PROFIT":45525863.91,"PRETAX_PROFIT":43320740.93,"NETCASH_OPERATE":336795976.42,"NETCASH_INVEST":70054444.84,"NETCASH_FINANCE":-44465091.09,"END_CASH":1211722172.8,"DIVI_RATIO":0.559163472251,"DIVIDEND_RATE":8.11837037037,"CURRENT_RATIO":1.312416168032,"COMMON_ACS":null,"CURRENTDEBT_DEBT":93.037100094691,"ISSUED_COMMON_SHARES":162064000,"HK_COMMON_SHARES":129844800,"PER_SHARES":1000,"TOTAL_MARKET_CAP":437572800,"HKSK_MARKET_CAP":350580960,"PE_TTM":6.855028918007,"PB_TTM":0.198487158271,"REPORT_DATE_SQ":"2023-06-30 00:00:00","REPORT_TYPE_SQ":"2023年中报","OPERATE_INCOME_SQ":3984312286.73,"DPS_HKD":0.219196,"OPERATE_INCOME_QOQ_SQ":7.071927351621,"NET_PROFIT_RATIO_SQ":0.7071735346,"HOLDER_PROFIT_SQ":28134622.68,"HOLDER_PROFIT_QOQ_SQ":23.047138922093,"ROE_AVG_SQ":1.405520605733,"PE_TTM_SQ":6.347058036888,"PB_TTM_SQ":0.148109295672,"ROA_SQ":0.546602183087,"START_DATE":"2024-01-01 00:00:00","FISCAL_YEAR":"12-31","CURRENCY":"HKD","IS_CNY_CODE":0,"DPS_HKD_LY":0.219196,"ORG_TYPE":"一般企业","PREMIUM_INCOME":null,"PREMIUM_INCOME_YOY":null,"NET_INTEREST_INCOME":null,"NET_INTEREST_INCOME_YOY":null,"FEE_COMMISSION_INCOME":null,"FEE_COMMISSION_INCOME_YOY":null,"ACCOUNTS_RECE_TDAYS":1.885967967531,"INVENTORY_TDAYS":116.855162370603,"CURRENT_ASSETS_TDAYS":1.100329937781,"TOTAL_ASSETS_TDAYS":0.789123929919,"PREMIUM_EXPENSE":null,"LOAN_DEPOSIT":null,"LOAN_EQUITY":null,"LOAN_ASSETS":null,"DEPOSIT_EQUITY":null,"DEPOSIT_ASSETS":null,"EQUITY_MULTIPLIER":2.460568577087,"EQUITY_RATIO":1.587788081753},{"SECUCODE":"01292.HK","SECURITY_CODE":"01292","SECURITY_NAME_ABBR":"长安民生物流","ORG_CODE":"10064656","STD_REPORT_DATE":"2023-12-31 00:00:00","REPORT_DATE":"2023-12-31 00:00:00","DATE_TYPE_CODE":"001","REPORT_TYPE":"2023年年报","PER_NETCASH_OPERATE":1.220622475874,"PER_OI":49.1719211638,"BPS":12.441093172636,"BASIC_EPS":0.35,"DILUTED_EPS":0.35,"OPERATE_INCOME":7968998231.49,"OPERATE_INCOME_YOY":3.222663062,"GROSS_PROFIT":371280775.99,"GROSS_PROFIT_YOY":-6.709305359732,"HOLDER_PROFIT":56446864.92,"HOLDER_PROFIT_YOY":46.6845442154,"GROSS_PROFIT_RATIO":4.65906460517,"EPS_TTM":0.348299837842,"OPERATE_INCOME_QOQ":-3.308816572089,"NET_PROFIT_RATIO":0.7273554088,"ROE_AVG":2.820893248788,"GROSS_PROFIT_QOQ":1.176348630928,"ROA":1.118793115243,"HOLDER_PROFIT_QOQ":19.209446305252,"ROE_YEARLY":2.820893248788,"ROIC_YEARLY":1.39329688923,"TOTAL_ASSETS":5174411768.52,"TOTAL_LIABILITIES":2984847923.87,"TAX_EBT":22.724922772534,"OCF_SALES":2.482356692568,"TOTAL_PARENT_EQUITY":2016253323.93,"DEBT_ASSET_RATIO":57.6847776597,"OPERATE_PROFIT":71783491.31,"PRETAX_PROFIT":75008581.99,"NETCASH_OPERATE":197818960.93,"NETCASH_INVEST":-317671883.42,"NETCASH_FINANCE":209294620.11,"END_CASH":849334512.98,"DIVI_RATIO":0.570312637384,"DIVIDEND_RATE":9.287966101695,"CURRENT_RATIO":1.344513986915,"COMMON_ACS":null,"CURRENTDEBT_DEBT":91.446590612262,"ISSUED_COMMON_SHARES":162064000,"HK_COMMON_SHARES":129844800,"PER_SHARES":1000,"TOTAL_MARKET_CAP":382471040,"HKSK_MARKET_CAP":306433728,"PE_TTM":5.991803054258,"PB_TTM":0.173492479081,"REPORT_DATE_SQ":"2022-12-31 00:00:00","REPORT_TYPE_SQ":"2022年年报","OPERATE_INCOME_SQ":7720202129.16,"DPS_HKD":0.219196,"OPERATE_INCOME_QOQ_SQ":22.20312515876,"NET_PROFIT_RATIO_SQ":0.6043118736,"HOLDER_PROFIT_SQ":38481808.17,"HOLDER_PROFIT_QOQ_SQ":-12.624313155624,"ROE_AVG_SQ":1.954644248347,"PE_TTM_SQ":6.124911005597,"PB_TTM_SQ":0.142925470323,"ROA_SQ":0.84645261195,"START_DATE":"2023-01-01 00:00:00","FISCAL_YEAR":"12-31","CURRENCY":"HKD","IS_CNY_CODE":0,"DPS_HKD_LY":0.163026,"ORG_TYPE":"一般企业","PREMIUM_INCOME":null,"PREMIUM_INCOME_YOY":null,"NET_INTEREST_INCOME":null,"NET_INTEREST_INCOME_YOY":null,"FEE_COMMISSION_INCOME":null,"FEE_COMMISSION_INCOME_YOY":null,"ACCOUNTS_RECE_TDAYS":3.656177451698,"INVENTORY_TDAYS":320.591538630931,"CURRENT_ASSETS_TDAYS":2.200070122812,"TOTAL_ASSETS_TDAYS":1.579478394311,"PREMIUM_EXPENSE":null,"LOAN_DEPOSIT":null,"LOAN_EQUITY":null,"LOAN_ASSETS":null,"DEPOSIT_EQUITY":null,"DEPOSIT_ASSETS":null,"EQUITY_MULTIPLIER":2.363215752379,"EQUITY_RATIO":1.480393305962},{"SECUCODE":"01292.HK","SECURITY_CODE":"01292","SECURITY_NAME_ABBR":"长安民生物流","ORG_CODE":"10064656","STD_REPORT_DATE":"2023-06-30 00:00:00","REPORT_DATE":"2023-06-30 00:00:00","DATE_TYPE_CODE":"002","REPORT_TYPE":"2023年中报","PER_NETCASH_OPERATE":0.941868644486,"PER_OI":24.584807771806,"BPS":12.449995063679,"BASIC_EPS":0.17,"DILUTED_EPS":0.17,"OPERATE_INCOME":3984312286.73,"OPERATE_INCOME_YOY":15.8243363806,"GROSS_PROFIT":174934622.79,"GROSS_PROFIT_YOY":1.223598420322,"HOLDER_PROFIT":28134622.68,"HOLDER_PROFIT_YOY":46.0344648604,"GROSS_PROFIT_RATIO":4.075258162513,"EPS_TTM":0.292174696416,"OPERATE_INCOME_QOQ":7.071927351621,"NET_PROFIT_RATIO":0.7071735346,"ROE_AVG":1.405520605733,"GROSS_PROFIT_QOQ":-2.768585077885,"ROA":0.546602183087,"HOLDER_PROFIT_QOQ":23.047138922093,"ROE_YEARLY":2.811041211466,"ROIC_YEARLY":1.379985525725,"TOTAL_ASSETS":5378248000,"TOTAL_LIABILITIES":3188915000,"TAX_EBT":17.429225071625,"OCF_SALES":3.831100576461,"TOTAL_PARENT_EQUITY":2017696000,"DEBT_ASSET_RATIO":59.2928217516,"OPERATE_PROFIT":34014123.79,"PRETAX_PROFIT":34124491.97,"NETCASH_OPERATE":320448673.21,"NETCASH_INVEST":-44065671.69,"NETCASH_FINANCE":204974.52,"END_CASH":1035924425.56,"DIVI_RATIO":0.679866537234,"DIVIDEND_RATE":9.287966101695,"CURRENT_RATIO":1.35423598332,"COMMON_ACS":null,"CURRENTDEBT_DEBT":92.873281351181,"ISSUED_COMMON_SHARES":162064000,"HK_COMMON_SHARES":129844800,"PER_SHARES":1000,"TOTAL_MARKET_CAP":382471040,"HKSK_MARKET_CAP":306433728,"PE_TTM":5.991803054258,"PB_TTM":0.173492479081,"REPORT_DATE_SQ":"2022-06-30 00:00:00","REPORT_TYPE_SQ":"2022年中报","OPERATE_INCOME_SQ":3439961000,"DPS_HKD":0.219196,"OPERATE_INCOME_QOQ_SQ":4.615872147997,"NET_PROFIT_RATIO_SQ":0.730822239,"HOLDER_PROFIT_SQ":19266000,"HOLDER_PROFIT_QOQ_SQ":51.097845478249,"ROE_AVG_SQ":0.981814318049,"PE_TTM_SQ":6.124911005597,"PB_TTM_SQ":0.142925470323,"ROA_SQ":0.453163304968,"START_DATE":"2023-01-01 00:00:00","FISCAL_YEAR":"12-31","CURRENCY":"HKD","IS_CNY_CODE":0,"DPS_HKD_LY":0.163026,"ORG_TYPE":"一般企业","PREMIUM_INCOME":null,"PREMIUM_INCOME_YOY":null,"NET_INTEREST_INCOME":null,"NET_INTEREST_INCOME_YOY":null,"FEE_COMMISSION_INCOME":null,"FEE_COMMISSION_INCOME_YOY":null,"ACCOUNTS_RECE_TDAYS":2.184175165798,"INVENTORY_TDAYS":65.760611848105,"CURRENT_ASSETS_TDAYS":1.050551872276,"TOTAL_ASSETS_TDAYS":0.774065625484,"PREMIUM_EXPENSE":null,"LOAN_DEPOSIT":null,"LOAN_EQUITY":null,"LOAN_ASSETS":null,"DEPOSIT_EQUITY":null,"DEPOSIT_ASSETS":null,"EQUITY_MULTIPLIER":2.456569192534,"EQUITY_RATIO":1.580473470731},{"SECUCODE":"01292.HK","SECURITY_CODE":"01292","SECURITY_NAME_ABBR":"长安民生物流","ORG_CODE":"10064656","STD_REPORT_DATE":"2022-12-31 00:00:00","REPORT_DATE":"2022-12-31 00:00:00","DATE_TYPE_CODE":"001","REPORT_TYPE":"2022年年报","PER_NETCASH_OPERATE":0.084417267252,"PER_OI":47.636749242028,"BPS":12.253202438543,"BASIC_EPS":0.24,"DILUTED_EPS":0.24,"OPERATE_INCOME":7720202129.16,"OPERATE_INCOME_YOY":27.8438651769,"GROSS_PROFIT":397982647.06,"GROSS_PROFIT_YOY":22.485595638338,"HOLDER_PROFIT":38481808.17,"HOLDER_PROFIT_YOY":32.0227802937,"GROSS_PROFIT_RATIO":4.903154981909,"EPS_TTM":0.237449402705,"OPERATE_INCOME_QOQ":22.20312515876,"NET_PROFIT_RATIO":0.6043118736,"ROE_AVG":1.954644248347,"GROSS_PROFIT_QOQ":12.535296520591,"ROA":0.84645261195,"HOLDER_PROFIT_QOQ":-12.624313155624,"ROE_YEARLY":1.954644248347,"ROIC_YEARLY":1.095720973552,"TOTAL_ASSETS":4915670424.5,"TOTAL_LIABILITIES":2753797083.58,"TAX_EBT":31.887806423952,"OCF_SALES":0.177736493728,"TOTAL_PARENT_EQUITY":1985802758.43,"DEBT_ASSET_RATIO":56.0260352435,"OPERATE_PROFIT":55898241.05,"PRETAX_PROFIT":68292726.82,"NETCASH_OPERATE":79710243.12,"NETCASH_INVEST":-118226262.61,"NETCASH_FINANCE":-199419054.09,"END_CASH":755716815.09,"DIVI_RATIO":0.836556322556,"DIVIDEND_RATE":9.287966101695,"CURRENT_RATIO":1.398351509708,"COMMON_ACS":null,"CURRENTDEBT_DEBT":92.865259259242,"ISSUED_COMMON_SHARES":162064000,"HK_COMMON_SHARES":129844800,"PER_SHARES":1000,"TOTAL_MARKET_CAP":382471040,"HKSK_MARKET_CAP":306433728,"PE_TTM":5.991803054258,"PB_TTM":0.173492479081,"REPORT_DATE_SQ":"2021-12-31 00:00:00","REPORT_TYPE_SQ":"2021年年报","OPERATE_INCOME_SQ":6020899000,"DPS_HKD":0.219196,"OPERATE_INCOME_QOQ_SQ":0.02867503559,"NET_PROFIT_RATIO_SQ":0.6993806074,"HOLDER_PROFIT_SQ":29148000,"HOLDER_PROFIT_QOQ_SQ":-39.415102575295,"ROE_AVG_SQ":1.506347636694,"PE_TTM_SQ":6.124911005597,"PB_TTM_SQ":0.142925470323,"ROA_SQ":0.680161784606,"START_DATE":"2022-01-01 00:00:00","FISCAL_YEAR":"12-31","CURRENCY":"HKD","IS_CNY_CODE":0,"DPS_HKD_LY":0.05859,"ORG_TYPE":"一般企业","PREMIUM_INCOME":null,"PREMIUM_INCOME_YOY":null,"NET_INTEREST_INCOME":null,"NET_INTEREST_INCOME_YOY":null,"FEE_COMMISSION_INCOME":null,"FEE_COMMISSION_INCOME_YOY":null,"ACCOUNTS_RECE_TDAYS":4.672469434709,"INVENTORY_TDAYS":686.061858568818,"CURRENT_ASSETS_TDAYS":2.371476778715,"TOTAL_ASSETS_TDAYS":1.693114186528,"PREMIUM_EXPENSE":null,"LOAN_DEPOSIT":null,"LOAN_EQUITY":null,"LOAN_ASSETS":null,"DEPOSIT_EQUITY":null,"DEPOSIT_ASSETS":null,"EQUITY_MULTIPLIER":2.274072864563,"EQUITY_RATIO":1.386742500931},{"SECUCODE":"01292.HK","SECURITY_CODE":"01292","SECURITY_NAME_ABBR":"长安民生物流","ORG_CODE":"10064656","STD_REPORT_DATE":"2022-06-30 00:00:00","REPORT_DATE":"2022-06-30 00:00:00","DATE_TYPE_CODE":"002","REPORT_TYPE":"2022年中报","PER_NETCASH_OPERATE":0.930206585053,"PER_OI":21.225941603317,"BPS":12.173462335867,"BASIC_EPS":0.12,"DILUTED_EPS":0.12,"OPERATE_INCOME":3439961000,"OPERATE_INCOME_YOY":8.7891566341,"GROSS_PROFIT":172820000,"GROSS_PROFIT_YOY":6.436573483855,"HOLDER_PROFIT":19266000,"HOLDER_PROFIT_YOY":340.6678865508,"GROSS_PROFIT_RATIO":5.023894166242,"EPS_TTM":0.271756836805,"OPERATE_INCOME_QOQ":4.615872147997,"NET_PROFIT_RATIO":0.730822239,"ROE_AVG":0.981814318049,"GROSS_PROFIT_QOQ":3.216464259114,"ROA":0.453163304968,"HOLDER_PROFIT_QOQ":51.097845478249,"ROE_YEARLY":1.963628636098,"ROIC_YEARLY":1.259785059718,"TOTAL_ASSETS":4326619000,"TOTAL_LIABILITIES":2214979000,"TAX_EBT":17.96377875673,"OCF_SALES":4.382404335398,"TOTAL_PARENT_EQUITY":1972880000,"DEBT_ASSET_RATIO":51.1942234803,"OPERATE_PROFIT":35697000,"PRETAX_PROFIT":30645000,"NETCASH_OPERATE":150753000,"NETCASH_INVEST":-22198000,"NETCASH_FINANCE":-10664000,"END_CASH":1110205000,"DIVI_RATIO":0.730946832673,"DIVIDEND_RATE":9.287966101695,"CURRENT_RATIO":1.498975465382,"COMMON_ACS":null,"CURRENTDEBT_DEBT":94.102968922053,"ISSUED_COMMON_SHARES":162064000,"HK_COMMON_SHARES":129844800,"PER_SHARES":1000,"TOTAL_MARKET_CAP":382471040,"HKSK_MARKET_CAP":306433728,"PE_TTM":5.991803054258,"PB_TTM":0.173492479081,"REPORT_DATE_SQ":"2021-06-30 00:00:00","REPORT_TYPE_SQ":"2021年中报","OPERATE_INCOME_SQ":3162044000,"DPS_HKD":0.219196,"OPERATE_INCOME_QOQ_SQ":28.459585692929,"NET_PROFIT_RATIO_SQ":0.3568261542,"HOLDER_PROFIT_SQ":4372000,"HOLDER_PROFIT_QOQ_SQ":11327.7909738717,"ROE_AVG_SQ":0.227550114894,"PE_TTM_SQ":6.124911005597,"PB_TTM_SQ":0.142925470323,"ROA_SQ":0.099190042518,"START_DATE":"2022-01-01 00:00:00","FISCAL_YEAR":"12-31","CURRENCY":"HKD","IS_CNY_CODE":0,"DPS_HKD_LY":0.05859,"ORG_TYPE":"一般企业","PREMIUM_INCOME":null,"PREMIUM_INCOME_YOY":null,"NET_INTEREST_INCOME":null,"NET_INTEREST_INCOME_YOY":null,"FEE_COMMISSION_INCOME":null,"FEE_COMMISSION_INCOME_YOY":null,"ACCOUNTS_RECE_TDAYS":3.146473668565,"INVENTORY_TDAYS":396.065098799855,"CURRENT_ASSETS_TDAYS":1.13875657958,"TOTAL_ASSETS_TDAYS":0.809127009095,"PREMIUM_EXPENSE":null,"LOAN_DEPOSIT":null,"LOAN_EQUITY":null,"LOAN_ASSETS":null,"DEPOSIT_EQUITY":null,"DEPOSIT_ASSETS":null,"EQUITY_MULTIPLIER":2.048937792428,"EQUITY_RATIO":1.122713494992},{"SECUCODE":"01292.HK","SECURITY_CODE":"01292","SECURITY_NAME_ABBR":"长安民生物流","ORG_CODE":"10064656","STD_REPORT_DATE":"2021-12-31 00:00:00","REPORT_DATE":"2021-12-31 00:00:00","DATE_TYPE_CODE":"001","REPORT_TYPE":"2021年年报","PER_NETCASH_OPERATE":1.392573304374,"PER_OI":37.151366126962,"BPS":12.042717691776,"BASIC_EPS":0.18,"DILUTED_EPS":0.18,"OPERATE_INCOME":6020899000,"OPERATE_INCOME_YOY":28.4964215248,"GROSS_PROFIT":324922000,"GROSS_PROFIT_YOY":36.970167059409,"HOLDER_PROFIT":29148000,"HOLDER_PROFIT_YOY":6823.5154394299,"GROSS_PROFIT_RATIO":5.396569515616,"EPS_TTM":0.179854872149,"OPERATE_INCOME_QOQ":0.02867503559,"NET_PROFIT_RATIO":0.6993806074,"ROE_AVG":1.506347636694,"GROSS_PROFIT_QOQ":-4.843041185032,"ROA":0.680161784606,"HOLDER_PROFIT_QOQ":-39.415102575295,"ROE_YEARLY":1.506347636694,"ROIC_YEARLY":0.908362950646,"TOTAL_ASSETS":4176276000,"TOTAL_LIABILITIES":2080203000,"TAX_EBT":28.438386893938,"OCF_SALES":3.748377111126,"TOTAL_PARENT_EQUITY":1951691000,"DEBT_ASSET_RATIO":49.8099981898,"OPERATE_PROFIT":69289000,"PRETAX_PROFIT":58843000,"NETCASH_OPERATE":39292000,"NETCASH_INVEST":113159000,"NETCASH_FINANCE":-54477000,"END_CASH":992314000,"DIVI_RATIO":1.10444491576,"DIVIDEND_RATE":9.287966101695,"CURRENT_RATIO":1.481675634659,"COMMON_ACS":null,"CURRENTDEBT_DEBT":94.647205104502,"ISSUED_COMMON_SHARES":162064000,"HK_COMMON_SHARES":129844800,"PER_SHARES":1000,"TOTAL_MARKET_CAP":382471040,"HKSK_MARKET_CAP":306433728,"PE_TTM":5.991803054258,"PB_TTM":0.173492479081,"REPORT_DATE_SQ":"2020-12-31 00:00:00","REPORT_TYPE_SQ":"2020年年报","OPERATE_INCOME_SQ":4685655000,"DPS_HKD":0.219196,"OPERATE_INCOME_QOQ_SQ":10.269438714059,"NET_PROFIT_RATIO_SQ":0.2943025041,"HOLDER_PROFIT_SQ":421000,"HOLDER_PROFIT_QOQ_SQ":100.371648761024,"ROE_AVG_SQ":0.021950937829,"PE_TTM_SQ":6.124911005597,"PB_TTM_SQ":0.142925470323,"ROA_SQ":0.009403395854,"START_DATE":"2021-01-01 00:00:00","FISCAL_YEAR":"12-31","CURRENCY":"HKD","IS_CNY_CODE":0,"DPS_HKD_LY":null,"ORG_TYPE":"一般企业","PREMIUM_INCOME":null,"PREMIUM_INCOME_YOY":null,"NET_INTEREST_INCOME":null,"NET_INTEREST_INCOME_YOY":null,"FEE_COMMISSION_INCOME":null,"FEE_COMMISSION_INCOME_YOY":null,"ACCOUNTS_RECE_TDAYS":5.861692500831,"INVENTORY_TDAYS":1994.04060913706,"CURRENT_ASSETS_TDAYS":1.978338456969,"TOTAL_ASSETS_TDAYS":1.404962744878,"PREMIUM_EXPENSE":null,"LOAN_DEPOSIT":null,"LOAN_EQUITY":null,"LOAN_ASSETS":null,"DEPOSIT_EQUITY":null,"DEPOSIT_ASSETS":null,"EQUITY_MULTIPLIER":1.992428698811,"EQUITY_RATIO":1.065846489019},{"SECUCODE":"01292.HK","SECURITY_CODE":"01292","SECURITY_NAME_ABBR":"长安民生物流","ORG_CODE":"10064656","STD_REPORT_DATE":"2021-06-30 00:00:00","REPORT_DATE":"2021-06-30 00:00:00","DATE_TYPE_CODE":"002","REPORT_TYPE":"2021年中报","PER_NETCASH_OPERATE":0.410627900089,"PER_OI":19.511082041663,"BPS":11.873938690888,"BASIC_EPS":0.03,"DILUTED_EPS":0.03,"OPERATE_INCOME":3162044000,"OPERATE_INCOME_YOY":72.9285774443,"GROSS_PROFIT":162369000,"GROSS_PROFIT_YOY":179.315683542344,"HOLDER_PROFIT":4372000,"HOLDER_PROFIT_YOY":110.0928020684,"GROSS_PROFIT_RATIO":5.134938033753,"EPS_TTM":0.296864201797,"OPERATE_INCOME_QOQ":28.459585692929,"NET_PROFIT_RATIO":0.3568261542,"ROE_AVG":0.227550114894,"GROSS_PROFIT_QOQ":43.941303678848,"ROA":0.099190042518,"HOLDER_PROFIT_QOQ":11327.7909738717,"ROE_YEARLY":0.455100229788,"ROIC_YEARLY":0.258692484634,"TOTAL_ASSETS":4420775000,"TOTAL_LIABILITIES":2373747000,"TAX_EBT":53.372179518969,"OCF_SALES":2.104588044948,"TOTAL_PARENT_EQUITY":1924338000,"DEBT_ASSET_RATIO":53.6952683636,"OPERATE_PROFIT":28258000,"PRETAX_PROFIT":24198000,"NETCASH_OPERATE":66548000,"NETCASH_INVEST":-28994000,"NETCASH_FINANCE":-14738000,"END_CASH":916054000,"DIVI_RATIO":0.669126819326,"DIVIDEND_RATE":9.287966101695,"CURRENT_RATIO":1.404166601549,"COMMON_ACS":null,"CURRENTDEBT_DEBT":97.041007318809,"ISSUED_COMMON_SHARES":162064000,"HK_COMMON_SHARES":129844800,"PER_SHARES":1000,"TOTAL_MARKET_CAP":382471040,"HKSK_MARKET_CAP":306433728,"PE_TTM":5.991803054258,"PB_TTM":0.173492479081,"REPORT_DATE_SQ":"2020-06-30 00:00:00","REPORT_TYPE_SQ":"2020年中报","OPERATE_INCOME_SQ":1828526000,"DPS_HKD":0.219196,"OPERATE_INCOME_QOQ_SQ":-2.126112928804,"NET_PROFIT_RATIO_SQ":-2.1533191215,"HOLDER_PROFIT_SQ":-43318000,"HOLDER_PROFIT_QOQ_SQ":-102.403201886826,"ROE_AVG_SQ":-2.284895049271,"PE_TTM_SQ":6.124911005597,"PB_TTM_SQ":0.142925470323,"ROA_SQ":-0.977053740211,"START_DATE":"2021-01-01 00:00:00","FISCAL_YEAR":"12-31","CURRENCY":"HKD","IS_CNY_CODE":0,"DPS_HKD_LY":null,"ORG_TYPE":"一般企业","PREMIUM_INCOME":null,"PREMIUM_INCOME_YOY":null,"NET_INTEREST_INCOME":null,"NET_INTEREST_INCOME_YOY":null,"FEE_COMMISSION_INCOME":null,"FEE_COMMISSION_INCOME_YOY":null,"ACCOUNTS_RECE_TDAYS":3.572099601675,"INVENTORY_TDAYS":681.125113533152,"CURRENT_ASSETS_TDAYS":0.987501502936,"TOTAL_ASSETS_TDAYS":0.71739084813,"PREMIUM_EXPENSE":null,"LOAN_DEPOSIT":null,"LOAN_EQUITY":null,"LOAN_ASSETS":null,"DEPOSIT_EQUITY":null,"DEPOSIT_ASSETS":null,"EQUITY_MULTIPLIER":2.159606512467,"EQUITY_RATIO":1.233539534115},{"SECUCODE":"01292.HK","SECURITY_CODE":"01292","SECURITY_NAME_ABBR":"长安民生物流","ORG_CODE":"10064656","STD_REPORT_DATE":"2020-12-31 00:00:00","REPORT_DATE":"2020-12-31 00:00:00","DATE_TYPE_CODE":"001","REPORT_TYPE":"2020年年报","PER_NETCASH_OPERATE":1.167983019054,"PER_OI":28.912374123803,"BPS":11.836879257577,"BASIC_EPS":0,"DILUTED_EPS":0,"OPERATE_INCOME":4685655000,"OPERATE_INCOME_YOY":7.924985921,"GROSS_PROFIT":237221000,"GROSS_PROFIT_YOY":29.866695864013,"HOLDER_PROFIT":421000,"HOLDER_PROFIT_YOY":100.7522289921,"GROSS_PROFIT_RATIO":5.062707348279,"EPS_TTM":0.002597739165,"OPERATE_INCOME_QOQ":10.269438714059,"NET_PROFIT_RATIO":0.2943025041,"ROE_AVG":0.021950937829,"GROSS_PROFIT_QOQ":85.944848560858,"ROA":0.009403395854,"HOLDER_PROFIT_QOQ":100.371648761024,"ROE_YEARLY":0.021950937829,"ROIC_YEARLY":0.012045360941,"TOTAL_ASSETS":4394626000,"TOTAL_LIABILITIES":2354127000,"TAX_EBT":40.665203734779,"OCF_SALES":4.039734039318,"TOTAL_PARENT_EQUITY":1918332000,"DEBT_ASSET_RATIO":53.5683127529,"OPERATE_PROFIT":40255000,"PRETAX_PROFIT":23241000,"NETCASH_OPERATE":189288000,"NETCASH_INVEST":-47202000,"NETCASH_FINANCE":-75021000,"END_CASH":894340000,"DIVI_RATIO":76.466414262669,"DIVIDEND_RATE":9.287966101695,"CURRENT_RATIO":1.382459851531,"COMMON_ACS":null,"CURRENTDEBT_DEBT":97.392366682001,"ISSUED_COMMON_SHARES":162064000,"HK_COMMON_SHARES":129844800,"PER_SHARES":1000,"TOTAL_MARKET_CAP":382471040,"HKSK_MARKET_CAP":306433728,"PE_TTM":5.991803054258,"PB_TTM":0.173492479081,"REPORT_DATE_SQ":"2019-12-31 00:00:00","REPORT_TYPE_SQ":"2019年年报","OPERATE_INCOME_SQ":4341585000,"DPS_HKD":0.219196,"OPERATE_INCOME_QOQ_SQ":-0.869246550242,"NET_PROFIT_RATIO_SQ":-1.0258235184,"HOLDER_PROFIT_SQ":-55967000,"HOLDER_PROFIT_QOQ_SQ":-790.439180853689,"ROE_AVG_SQ":-2.87947266348,"PE_TTM_SQ":6.124911005597,"PB_TTM_SQ":0.142925470323,"ROA_SQ":-1.218965701058,"START_DATE":"2020-01-01 00:00:00","FISCAL_YEAR":"12-31","CURRENCY":"HKD","IS_CNY_CODE":0,"DPS_HKD_LY":null,"ORG_TYPE":"一般企业","PREMIUM_INCOME":null,"PREMIUM_INCOME_YOY":null,"NET_INTEREST_INCOME":null,"NET_INTEREST_INCOME_YOY":null,"FEE_COMMISSION_INCOME":null,"FEE_COMMISSION_INCOME_YOY":null,"ACCOUNTS_RECE_TDAYS":5.787674532357,"INVENTORY_TDAYS":646.011327330816,"CURRENT_ASSETS_TDAYS":1.454227112625,"TOTAL_ASSETS_TDAYS":1.046581206699,"PREMIUM_EXPENSE":null,"LOAN_DEPOSIT":null,"LOAN_EQUITY":null,"LOAN_ASSETS":null,"DEPOSIT_EQUITY":null,"DEPOSIT_ASSETS":null,"EQUITY_MULTIPLIER":2.153701619065,"EQUITY_RATIO":1.227173919843},{"SECUCODE":"01292.HK","SECURITY_CODE":"01292","SECURITY_NAME_ABBR":"长安民生物流","ORG_CODE":"10064656","STD_REPORT_DATE":"2020-06-30 00:00:00","REPORT_DATE":"2020-06-30 00:00:00","DATE_TYPE_CODE":"002","REPORT_TYPE":"2020年中报","PER_NETCASH_OPERATE":0.670377134959,"PER_OI":11.282740152039,"BPS":11.564499210189,"BASIC_EPS":-0.27,"DILUTED_EPS":-0.27,"OPERATE_INCOME":1828526000,"OPERATE_INCOME_YOY":-4.8055713329,"GROSS_PROFIT":58131000,"GROSS_PROFIT_YOY":-48.656597774245,"HOLDER_PROFIT":-43318000,"HOLDER_PROFIT_YOY":-409.5469486923,"GROSS_PROFIT_RATIO":3.179118043714,"EPS_TTM":-0.698976947379,"OPERATE_INCOME_QOQ":-2.126112928804,"NET_PROFIT_RATIO":-2.1533191215,"ROE_AVG":-2.284895049271,"GROSS_PROFIT_QOQ":-30.158486847508,"ROA":-0.977053740211,"HOLDER_PROFIT_QOQ":-102.403201886826,"ROE_YEARLY":-4.569790098542,"ROIC_YEARLY":-2.491178824232,"TOTAL_ASSETS":4307480000,"TOTAL_LIABILITIES":2319696000,"TAX_EBT":2.857001875062,"OCF_SALES":5.941616362031,"TOTAL_PARENT_EQUITY":1874189000,"DEBT_ASSET_RATIO":53.852739885,"OPERATE_PROFIT":-32567000,"PRETAX_PROFIT":-40532000,"NETCASH_OPERATE":108644000,"NETCASH_INVEST":-48927000,"NETCASH_FINANCE":-35333000,"END_CASH":850587000,"DIVI_RATIO":-0.284186481206,"DIVIDEND_RATE":9.287966101695,"CURRENT_RATIO":1.356791955294,"COMMON_ACS":null,"CURRENTDEBT_DEBT":95.701936805512,"ISSUED_COMMON_SHARES":162064000,"HK_COMMON_SHARES":129844800,"PER_SHARES":1000,"TOTAL_MARKET_CAP":382471040,"HKSK_MARKET_CAP":306433728,"PE_TTM":5.991803054258,"PB_TTM":0.173492479081,"REPORT_DATE_SQ":"2019-06-30 00:00:00","REPORT_TYPE_SQ":"2019年中报","OPERATE_INCOME_SQ":1920833000,"DPS_HKD":0.219196,"OPERATE_INCOME_QOQ_SQ":-14.332868451474,"NET_PROFIT_RATIO_SQ":0.9801997363,"HOLDER_PROFIT_SQ":13994000,"HOLDER_PROFIT_QOQ_SQ":-82.419918020343,"ROE_AVG_SQ":0.707809192972,"PE_TTM_SQ":6.124911005597,"PB_TTM_SQ":0.142925470323,"ROA_SQ":0.316431831993,"START_DATE":"2020-01-01 00:00:00","FISCAL_YEAR":"12-31","CURRENCY":"HKD","IS_CNY_CODE":0,"DPS_HKD_LY":null,"ORG_TYPE":"一般企业","PREMIUM_INCOME":null,"PREMIUM_INCOME_YOY":null,"NET_INTEREST_INCOME":null,"NET_INTEREST_INCOME_YOY":null,"FEE_COMMISSION_INCOME":null,"FEE_COMMISSION_INCOME_YOY":null,"ACCOUNTS_RECE_TDAYS":2.909411737563,"INVENTORY_TDAYS":235.049787573022,"CURRENT_ASSETS_TDAYS":0.581718518731,"TOTAL_ASSETS_TDAYS":0.412430898789,"PREMIUM_EXPENSE":null,"LOAN_DEPOSIT":null,"LOAN_EQUITY":null,"LOAN_ASSETS":null,"DEPOSIT_EQUITY":null,"DEPOSIT_ASSETS":null,"EQUITY_MULTIPLIER":2.166975888727,"EQUITY_RATIO":1.237706549339}],"count":59},"success":true,"message":"ok","code":0}