{"version":"d3f2b7c3a19ca70a30ee55b81afe85b5","result":{"pages":5,"data":[{"SECUCODE":"01298.HK","SECURITY_CODE":"01298","SECURITY_NAME_ABBR":"云能国际","ORG_CODE":"10186511","STD_REPORT_DATE":"2024-06-30 00:00:00","REPORT_DATE":"2024-06-30 00:00:00","DATE_TYPE_CODE":"002","REPORT_TYPE":"2024年中报","PER_NETCASH_OPERATE":-0.379400542846,"PER_OI":0.725042426399,"BPS":0.544601928572,"BASIC_EPS":-0.001003948,"DILUTED_EPS":-0.001003948,"OPERATE_INCOME":199703510.8,"OPERATE_INCOME_YOY":104.9185701308,"GROSS_PROFIT":5648576.52,"GROSS_PROFIT_YOY":241.12314249989,"HOLDER_PROFIT":-285668.84,"HOLDER_PROFIT_YOY":94.6714334355,"GROSS_PROFIT_RATIO":2.828481330835,"EPS_TTM":0.002273217759,"OPERATE_INCOME_QOQ":32.683795723094,"NET_PROFIT_RATIO":-0.1430464787,"ROE_AVG":-0.189878793026,"GROSS_PROFIT_QOQ":43.696164499788,"ROA":-0.086115226575,"HOLDER_PROFIT_QOQ":113.901872091946,"ROE_YEARLY":-0.379757586052,"ROIC_YEARLY":-0.215763487372,"TOTAL_ASSETS":372534071.68,"TOTAL_LIABILITIES":222530550.28,"TAX_EBT":null,"OCF_SALES":-52.328047164206,"TOTAL_PARENT_EQUITY":150003521.4,"DEBT_ASSET_RATIO":59.7342812904,"OPERATE_PROFIT":815023.24,"PRETAX_PROFIT":-285668.84,"NETCASH_OPERATE":-104500947.32,"NETCASH_INVEST":-36049034.64,"NETCASH_FINANCE":57065317,"END_CASH":23775314,"DIVI_RATIO":null,"DIVIDEND_RATE":null,"CURRENT_RATIO":1.509484416847,"COMMON_ACS":800000000,"CURRENTDEBT_DEBT":100,"ISSUED_COMMON_SHARES":275437000,"HK_COMMON_SHARES":275437000,"PER_SHARES":1000,"TOTAL_MARKET_CAP":217595230,"HKSK_MARKET_CAP":217595230,"PE_TTM":368.181438240271,"PB_TTM":1.323934349427,"REPORT_DATE_SQ":"2023-06-30 00:00:00","REPORT_TYPE_SQ":"2023年中报","OPERATE_INCOME_SQ":98448102.42,"DPS_HKD":null,"OPERATE_INCOME_QOQ_SQ":0.834249001271,"NET_PROFIT_RATIO_SQ":-5.5010816734,"HOLDER_PROFIT_SQ":-5415710.52,"HOLDER_PROFIT_QOQ_SQ":-68.265407647656,"ROE_AVG_SQ":-3.508960573477,"PE_TTM_SQ":-22.037948196366,"PB_TTM_SQ":1.988873005868,"ROA_SQ":-1.994201402799,"START_DATE":"2024-01-01 00:00:00","FISCAL_YEAR":"12-31","CURRENCY":"HKD","IS_CNY_CODE":0,"DPS_HKD_LY":null,"ORG_TYPE":"一般企业","PREMIUM_INCOME":null,"PREMIUM_INCOME_YOY":null,"NET_INTEREST_INCOME":null,"NET_INTEREST_INCOME_YOY":null,"FEE_COMMISSION_INCOME":null,"FEE_COMMISSION_INCOME_YOY":null,"ACCOUNTS_RECE_TDAYS":1.710060998245,"INVENTORY_TDAYS":4.620990176476,"CURRENT_ASSETS_TDAYS":0.637302945353,"TOTAL_ASSETS_TDAYS":0.60200871332,"PREMIUM_EXPENSE":null,"LOAN_DEPOSIT":null,"LOAN_EQUITY":null,"LOAN_ASSETS":null,"DEPOSIT_EQUITY":null,"DEPOSIT_ASSETS":null,"EQUITY_MULTIPLIER":2.483502175168,"EQUITY_RATIO":1.48350217517},{"SECUCODE":"01298.HK","SECURITY_CODE":"01298","SECURITY_NAME_ABBR":"云能国际","ORG_CODE":"10186511","STD_REPORT_DATE":"2023-12-31 00:00:00","REPORT_DATE":"2023-12-31 00:00:00","DATE_TYPE_CODE":"001","REPORT_TYPE":"2023年年报","PER_NETCASH_OPERATE":0.046068220464,"PER_OI":1.124769322422,"BPS":0.543951779826,"BASIC_EPS":-0.01631196,"DILUTED_EPS":-0.01631196,"OPERATE_INCOME":309803087.86,"OPERATE_INCOME_YOY":18.6657595396,"GROSS_PROFIT":9137416.26,"GROSS_PROFIT_YOY":-24.591402579384,"HOLDER_PROFIT":-4503913.4,"HOLDER_PROFIT_YOY":44.0126168751,"GROSS_PROFIT_RATIO":2.94942710969,"EPS_TTM":-0.016351882282,"OPERATE_INCOME_QOQ":19.390081670161,"NET_PROFIT_RATIO":-1.4537987439,"ROE_AVG":-2.952077740027,"GROSS_PROFIT_QOQ":-2.050079168917,"ROA":-1.83869094084,"HOLDER_PROFIT_QOQ":66.244369767021,"ROE_YEARLY":-2.952077740027,"ROIC_YEARLY":-2.637346309572,"TOTAL_ASSETS":288863968.54,"TOTAL_LIABILITIES":139039522.16,"TAX_EBT":-7.389801210026,"OCF_SALES":4.095792759088,"TOTAL_PARENT_EQUITY":149824446.38,"DEBT_ASSET_RATIO":48.1332174666,"OPERATE_PROFIT":-501139.66,"PRETAX_PROFIT":-4193986.16,"NETCASH_OPERATE":12688892.44,"NETCASH_INVEST":264616.24,"NETCASH_FINANCE":51695319.9,"END_CASH":109306443.96,"DIVI_RATIO":null,"DIVIDEND_RATE":null,"CURRENT_RATIO":2.076746095889,"COMMON_ACS":800000000,"CURRENTDEBT_DEBT":100,"ISSUED_COMMON_SHARES":275437000,"HK_COMMON_SHARES":275437000,"PER_SHARES":1000,"TOTAL_MARKET_CAP":217595230,"HKSK_MARKET_CAP":217595230,"PE_TTM":368.181438240271,"PB_TTM":1.323934349427,"REPORT_DATE_SQ":"2022-12-31 00:00:00","REPORT_TYPE_SQ":"2022年年报","OPERATE_INCOME_SQ":257341261.03,"DPS_HKD":null,"OPERATE_INCOME_QOQ_SQ":72.717462750622,"NET_PROFIT_RATIO_SQ":-3.0813394472,"HOLDER_PROFIT_SQ":-7929557.79,"HOLDER_PROFIT_QOQ_SQ":-412.869000689885,"ROE_AVG_SQ":-4.939789876686,"PE_TTM_SQ":-23.905570924871,"PB_TTM_SQ":2.157421565688,"ROA_SQ":-3.623457571218,"START_DATE":"2023-01-01 00:00:00","FISCAL_YEAR":"12-31","CURRENCY":"HKD","IS_CNY_CODE":0,"DPS_HKD_LY":null,"ORG_TYPE":"一般企业","PREMIUM_INCOME":null,"PREMIUM_INCOME_YOY":null,"NET_INTEREST_INCOME":null,"NET_INTEREST_INCOME_YOY":null,"FEE_COMMISSION_INCOME":null,"FEE_COMMISSION_INCOME_YOY":null,"ACCOUNTS_RECE_TDAYS":4.966881451724,"INVENTORY_TDAYS":10.354211528259,"CURRENT_ASSETS_TDAYS":1.265339132044,"TOTAL_ASSETS_TDAYS":1.264749298005,"PREMIUM_EXPENSE":null,"LOAN_DEPOSIT":null,"LOAN_EQUITY":null,"LOAN_ASSETS":null,"DEPOSIT_EQUITY":null,"DEPOSIT_ASSETS":null,"EQUITY_MULTIPLIER":1.928016258491,"EQUITY_RATIO":0.928016258491},{"SECUCODE":"01298.HK","SECURITY_CODE":"01298","SECURITY_NAME_ABBR":"云能国际","ORG_CODE":"10186511","STD_REPORT_DATE":"2023-06-30 00:00:00","REPORT_DATE":"2023-06-30 00:00:00","DATE_TYPE_CODE":"002","REPORT_TYPE":"2023年中报","PER_NETCASH_OPERATE":-0.390526917734,"PER_OI":0.357425118702,"BPS":0.547011496858,"BASIC_EPS":-0.019638174,"DILUTED_EPS":-0.019638174,"OPERATE_INCOME":98448102.42,"OPERATE_INCOME_YOY":-5.1763640239,"GROSS_PROFIT":1655876.08,"GROSS_PROFIT_YOY":-62.742603654802,"HOLDER_PROFIT":-5415710.52,"HOLDER_PROFIT_YOY":-195700,"GROSS_PROFIT_RATIO":1.681978666217,"EPS_TTM":-0.048441940407,"OPERATE_INCOME_QOQ":0.834249001271,"NET_PROFIT_RATIO":-5.5010816734,"ROE_AVG":-3.508960573477,"GROSS_PROFIT_QOQ":-23.013110392749,"ROA":-1.994201402799,"HOLDER_PROFIT_QOQ":-68.265407647656,"ROE_YEARLY":-7.017921146953,"ROIC_YEARLY":-4.702915303089,"TOTAL_ASSETS":338609140.74,"TOTAL_LIABILITIES":187941935.08,"TAX_EBT":-6.316742081448,"OCF_SALES":-109.261184315268,"TOTAL_PARENT_EQUITY":150667205.66,"DEBT_ASSET_RATIO":55.5040937965,"OPERATE_PROFIT":-3794869.68,"PRETAX_PROFIT":-5093939.5,"NETCASH_OPERATE":-107565562.64,"NETCASH_INVEST":33191.28,"NETCASH_FINANCE":125467648.3,"END_CASH":42791857.74,"DIVI_RATIO":null,"DIVIDEND_RATE":null,"CURRENT_RATIO":1.800874189339,"COMMON_ACS":800000000,"CURRENTDEBT_DEBT":100,"ISSUED_COMMON_SHARES":275437000,"HK_COMMON_SHARES":275437000,"PER_SHARES":1000,"TOTAL_MARKET_CAP":217595230,"HKSK_MARKET_CAP":217595230,"PE_TTM":368.181438240271,"PB_TTM":1.323934349427,"REPORT_DATE_SQ":"2022-06-30 00:00:00","REPORT_TYPE_SQ":"2022年中报","OPERATE_INCOME_SQ":96301235.52,"DPS_HKD":null,"OPERATE_INCOME_QOQ_SQ":116.673257998026,"NET_PROFIT_RATIO_SQ":-0.0026641091,"HOLDER_PROFIT_SQ":-2565.57,"HOLDER_PROFIT_QOQ_SQ":111.501501827341,"ROE_AVG_SQ":-0.001609981888,"PE_TTM_SQ":-23.905570924871,"PB_TTM_SQ":2.157421565688,"ROA_SQ":-0.001080613789,"START_DATE":"2023-01-01 00:00:00","FISCAL_YEAR":"12-31","CURRENCY":"HKD","IS_CNY_CODE":0,"DPS_HKD_LY":null,"ORG_TYPE":"一般企业","PREMIUM_INCOME":null,"PREMIUM_INCOME_YOY":null,"NET_INTEREST_INCOME":null,"NET_INTEREST_INCOME_YOY":null,"FEE_COMMISSION_INCOME":null,"FEE_COMMISSION_INCOME_YOY":null,"ACCOUNTS_RECE_TDAYS":1.755814813901,"INVENTORY_TDAYS":2.931176010721,"CURRENT_ASSETS_TDAYS":0.36268808804,"TOTAL_ASSETS_TDAYS":0.362510779008,"PREMIUM_EXPENSE":null,"LOAN_DEPOSIT":null,"LOAN_EQUITY":null,"LOAN_ASSETS":null,"DEPOSIT_EQUITY":null,"DEPOSIT_ASSETS":null,"EQUITY_MULTIPLIER":2.247397761553,"EQUITY_RATIO":1.247397761555},{"SECUCODE":"01298.HK","SECURITY_CODE":"01298","SECURITY_NAME_ABBR":"云能国际","ORG_CODE":"10186511","STD_REPORT_DATE":"2022-12-31 00:00:00","REPORT_DATE":"2022-12-31 00:00:00","DATE_TYPE_CODE":"001","REPORT_TYPE":"2022年年报","PER_NETCASH_OPERATE":-0.024615136311,"PER_OI":0.934301713386,"BPS":0.555812372376,"BASIC_EPS":-0.02858464,"DILUTED_EPS":-0.02858464,"OPERATE_INCOME":257341261.03,"OPERATE_INCOME_YOY":242.5308539224,"GROSS_PROFIT":12117207.55,"GROSS_PROFIT_YOY":376.235839723386,"HOLDER_PROFIT":-7929557.79,"HOLDER_PROFIT_YOY":67.0636687444,"GROSS_PROFIT_RATIO":4.708614351815,"EPS_TTM":-0.02878900725,"OPERATE_INCOME_QOQ":72.717462750622,"NET_PROFIT_RATIO":-3.0813394472,"ROE_AVG":-4.939789876686,"GROSS_PROFIT_QOQ":172.74859128846,"ROA":-3.623457571218,"HOLDER_PROFIT_QOQ":-412.869000689885,"ROE_YEARLY":-4.939789876686,"ROIC_YEARLY":-5.164619707821,"TOTAL_ASSETS":198167483.15,"TOTAL_LIABILITIES":45076190.74,"TAX_EBT":null,"OCF_SALES":-2.63460250131,"TOTAL_PARENT_EQUITY":153091292.41,"DEBT_ASSET_RATIO":22.7465122045,"OPERATE_PROFIT":-5687450.09,"PRETAX_PROFIT":-7929557.79,"NETCASH_OPERATE":-6779919.3,"NETCASH_INVEST":294779.1,"NETCASH_FINANCE":-35953224.23,"END_CASH":38491004.3,"DIVI_RATIO":null,"DIVIDEND_RATE":null,"CURRENT_RATIO":4.393781459316,"COMMON_ACS":800000000,"CURRENTDEBT_DEBT":100,"ISSUED_COMMON_SHARES":275437000,"HK_COMMON_SHARES":275437000,"PER_SHARES":1000,"TOTAL_MARKET_CAP":217595230,"HKSK_MARKET_CAP":217595230,"PE_TTM":368.181438240271,"PB_TTM":1.323934349427,"REPORT_DATE_SQ":"2021-12-31 00:00:00","REPORT_TYPE_SQ":"2021年年报","OPERATE_INCOME_SQ":68765065.6,"DPS_HKD":null,"OPERATE_INCOME_QOQ_SQ":112.564486003569,"NET_PROFIT_RATIO_SQ":-32.0452761991,"HOLDER_PROFIT_SQ":-22035955.2,"HOLDER_PROFIT_QOQ_SQ":68.726199359576,"ROE_AVG_SQ":-13.32555448981,"PE_TTM_SQ":-23.905570924871,"PB_TTM_SQ":2.157421565688,"ROA_SQ":-10.244188897188,"START_DATE":"2022-01-01 00:00:00","FISCAL_YEAR":"12-31","CURRENCY":"HKD","IS_CNY_CODE":0,"DPS_HKD_LY":null,"ORG_TYPE":"一般企业","PREMIUM_INCOME":null,"PREMIUM_INCOME_YOY":null,"NET_INTEREST_INCOME":null,"NET_INTEREST_INCOME_YOY":null,"FEE_COMMISSION_INCOME":null,"FEE_COMMISSION_INCOME_YOY":null,"ACCOUNTS_RECE_TDAYS":5.302576845205,"INVENTORY_TDAYS":18.380021424746,"CURRENT_ASSETS_TDAYS":1.180281459328,"TOTAL_ASSETS_TDAYS":1.175935865985,"PREMIUM_EXPENSE":null,"LOAN_DEPOSIT":null,"LOAN_EQUITY":null,"LOAN_ASSETS":null,"DEPOSIT_EQUITY":null,"DEPOSIT_ASSETS":null,"EQUITY_MULTIPLIER":1.294439938618,"EQUITY_RATIO":0.294439938617},{"SECUCODE":"01298.HK","SECURITY_CODE":"01298","SECURITY_NAME_ABBR":"云能国际","ORG_CODE":"10186511","STD_REPORT_DATE":"2022-06-30 00:00:00","REPORT_DATE":"2022-06-30 00:00:00","DATE_TYPE_CODE":"002","REPORT_TYPE":"2022年中报","PER_NETCASH_OPERATE":-0.125892269121,"PER_OI":0.34963071599,"BPS":0.573310170747,"BASIC_EPS":-0.0000085519,"DILUTED_EPS":-0.0000085519,"OPERATE_INCOME":96301235.52,"OPERATE_INCOME_YOY":483.0382106244,"GROSS_PROFIT":4444422.43,"GROSS_PROFIT_YOY":74.553604307152,"HOLDER_PROFIT":-2565.57,"HOLDER_PROFIT_YOY":99.9898415278,"GROSS_PROFIT_RATIO":4.615125035521,"EPS_TTM":0.00920161703,"OPERATE_INCOME_QOQ":116.673257998026,"NET_PROFIT_RATIO":-0.0026641091,"ROE_AVG":-0.001609981888,"GROSS_PROFIT_QOQ":74.606159274244,"ROA":-0.001080613789,"HOLDER_PROFIT_QOQ":111.501501827341,"ROE_YEARLY":-0.003219963775,"ROIC_YEARLY":-0.002983938949,"TOTAL_ASSETS":245534456.09,"TOTAL_LIABILITIES":87623622.59,"TAX_EBT":null,"OCF_SALES":-36.007210855357,"TOTAL_PARENT_EQUITY":157910833.5,"DEBT_ASSET_RATIO":35.6868946157,"OPERATE_PROFIT":1251142.97,"PRETAX_PROFIT":-2565.57,"NETCASH_OPERATE":-34675388.93,"NETCASH_INVEST":156499.77,"NETCASH_FINANCE":-1527369.34,"END_CASH":42729568.35,"DIVI_RATIO":null,"DIVIDEND_RATE":null,"CURRENT_RATIO":2.805663841947,"COMMON_ACS":800000000,"CURRENTDEBT_DEBT":99.392939752686,"ISSUED_COMMON_SHARES":275437000,"HK_COMMON_SHARES":275437000,"PER_SHARES":1000,"TOTAL_MARKET_CAP":217595230,"HKSK_MARKET_CAP":217595230,"PE_TTM":368.181438240271,"PB_TTM":1.323934349427,"REPORT_DATE_SQ":"2021-06-30 00:00:00","REPORT_TYPE_SQ":"2021年中报","OPERATE_INCOME_SQ":16070793.12,"DPS_HKD":null,"OPERATE_INCOME_QOQ_SQ":-36.975937321721,"NET_PROFIT_RATIO_SQ":-152.9046287667,"HOLDER_PROFIT_SQ":-24572986.56,"HOLDER_PROFIT_QOQ_SQ":-34.598880363145,"ROE_AVG_SQ":-14.628202334014,"PE_TTM_SQ":-23.905570924871,"PB_TTM_SQ":2.157421565688,"ROA_SQ":-12.325645456139,"START_DATE":"2022-01-01 00:00:00","FISCAL_YEAR":"12-31","CURRENCY":"HKD","IS_CNY_CODE":0,"DPS_HKD_LY":null,"ORG_TYPE":"一般企业","PREMIUM_INCOME":null,"PREMIUM_INCOME_YOY":null,"NET_INTEREST_INCOME":null,"NET_INTEREST_INCOME_YOY":null,"FEE_COMMISSION_INCOME":null,"FEE_COMMISSION_INCOME_YOY":null,"ACCOUNTS_RECE_TDAYS":1.748693619896,"INVENTORY_TDAYS":4.161926534408,"CURRENT_ASSETS_TDAYS":0.407869215849,"TOTAL_ASSETS_TDAYS":0.405619191701,"PREMIUM_EXPENSE":null,"LOAN_DEPOSIT":null,"LOAN_EQUITY":null,"LOAN_ASSETS":null,"DEPOSIT_EQUITY":null,"DEPOSIT_ASSETS":null,"EQUITY_MULTIPLIER":1.554893040889,"EQUITY_RATIO":0.554893040888},{"SECUCODE":"01298.HK","SECURITY_CODE":"01298","SECURITY_NAME_ABBR":"云能国际","ORG_CODE":"10186511","STD_REPORT_DATE":"2021-12-31 00:00:00","REPORT_DATE":"2021-12-31 00:00:00","DATE_TYPE_CODE":"001","REPORT_TYPE":"2021年年报","PER_NETCASH_OPERATE":-0.198008348915,"PER_OI":0.249658054655,"BPS":0.558128501254,"BASIC_EPS":-0.0801248,"DILUTED_EPS":-0.0801248,"OPERATE_INCOME":68765065.6,"OPERATE_INCOME_YOY":37.9058175379,"GROSS_PROFIT":2544371.2,"GROSS_PROFIT_YOY":120.50408963279,"HOLDER_PROFIT":-22035955.2,"HOLDER_PROFIT_YOY":56.6681136353,"GROSS_PROFIT_RATIO":3.700092740114,"EPS_TTM":-0.080003613167,"OPERATE_INCOME_QOQ":112.564486003569,"NET_PROFIT_RATIO":-32.0452761991,"ROE_AVG":-13.32555448981,"GROSS_PROFIT_QOQ":388.854621923801,"ROA":-10.244188897188,"HOLDER_PROFIT_QOQ":68.726199359576,"ROE_YEARLY":-13.32555448981,"ROIC_YEARLY":-17.539281495967,"TOTAL_ASSETS":219222270.4,"TOTAL_LIABILITIES":65493030.4,"TAX_EBT":-0.417287630402,"OCF_SALES":-79.311820797565,"TOTAL_PARENT_EQUITY":153729240,"DEBT_ASSET_RATIO":29.8751720254,"OPERATE_PROFIT":-22560854.4,"PRETAX_PROFIT":-21944384,"NETCASH_OPERATE":-54538825.6,"NETCASH_INVEST":1916454.4,"NETCASH_FINANCE":38127958.4,"END_CASH":84312547.2,"DIVI_RATIO":null,"DIVIDEND_RATE":null,"CURRENT_RATIO":3.358301508678,"COMMON_ACS":800000000,"CURRENTDEBT_DEBT":99.047488265255,"ISSUED_COMMON_SHARES":275437000,"HK_COMMON_SHARES":275437000,"PER_SHARES":1000,"TOTAL_MARKET_CAP":217595230,"HKSK_MARKET_CAP":217595230,"PE_TTM":368.181438240271,"PB_TTM":1.323934349427,"REPORT_DATE_SQ":"2020-12-31 00:00:00","REPORT_TYPE_SQ":"2020年年报","OPERATE_INCOME_SQ":51329940.32,"DPS_HKD":null,"OPERATE_INCOME_QOQ_SQ":-70.133834592524,"NET_PROFIT_RATIO_SQ":-101.9856365187,"HOLDER_PROFIT_SQ":-52349166.36,"HOLDER_PROFIT_QOQ_SQ":-379.178830710488,"ROE_AVG_SQ":-25.020515543541,"PE_TTM_SQ":-23.905570924871,"PB_TTM_SQ":2.157421565688,"ROA_SQ":-16.176298480912,"START_DATE":"2021-01-01 00:00:00","FISCAL_YEAR":"12-31","CURRENCY":"HKD","IS_CNY_CODE":0,"DPS_HKD_LY":null,"ORG_TYPE":"一般企业","PREMIUM_INCOME":null,"PREMIUM_INCOME_YOY":null,"NET_INTEREST_INCOME":null,"NET_INTEREST_INCOME_YOY":null,"FEE_COMMISSION_INCOME":null,"FEE_COMMISSION_INCOME_YOY":null,"ACCOUNTS_RECE_TDAYS":1.672669417789,"INVENTORY_TDAYS":5.834882213097,"CURRENT_ASSETS_TDAYS":0.325120220185,"TOTAL_ASSETS_TDAYS":0.319678595795,"PREMIUM_EXPENSE":null,"LOAN_DEPOSIT":null,"LOAN_EQUITY":null,"LOAN_ASSETS":null,"DEPOSIT_EQUITY":null,"DEPOSIT_ASSETS":null,"EQUITY_MULTIPLIER":1.426028453663,"EQUITY_RATIO":0.426028453663},{"SECUCODE":"01298.HK","SECURITY_CODE":"01298","SECURITY_NAME_ABBR":"云能国际","ORG_CODE":"10186511","STD_REPORT_DATE":"2021-06-30 00:00:00","REPORT_DATE":"2021-06-30 00:00:00","DATE_TYPE_CODE":"002","REPORT_TYPE":"2021年中报","PER_NETCASH_OPERATE":-0.090036241754,"PER_OI":0.058346529769,"BPS":0.565753497751,"BASIC_EPS":-0.0892156176,"DILUTED_EPS":-0.0892156176,"OPERATE_INCOME":16070793.12,"OPERATE_INCOME_YOY":-49.6664234338,"GROSS_PROFIT":2546164.8,"GROSS_PROFIT_YOY":-44.417823775128,"HOLDER_PROFIT":-24572986.56,"HOLDER_PROFIT_YOY":-317.5314576559,"GROSS_PROFIT_RATIO":15.843429636533,"EPS_TTM":-0.255816726874,"OPERATE_INCOME_QOQ":-36.975937321721,"NET_PROFIT_RATIO":-152.9046287667,"ROE_AVG":-14.628202334014,"GROSS_PROFIT_QOQ":-176.3373935872,"ROA":-12.325645456139,"HOLDER_PROFIT_QOQ":-34.598880363145,"ROE_YEARLY":-29.256404668027,"ROIC_YEARLY":-42.794573151955,"TOTAL_ASSETS":184001178.72,"TOTAL_LIABILITIES":28171732.56,"TAX_EBT":null,"OCF_SALES":-154.312933623278,"TOTAL_PARENT_EQUITY":155829446.16,"DEBT_ASSET_RATIO":15.3106261362,"OPERATE_PROFIT":-24051272.4,"PRETAX_PROFIT":-24572986.56,"NETCASH_OPERATE":-24799312.32,"NETCASH_INVEST":2161743.84,"NETCASH_FINANCE":-687298.08,"END_CASH":72744594,"DIVI_RATIO":null,"DIVIDEND_RATE":null,"CURRENT_RATIO":6.592763337478,"COMMON_ACS":800000000,"CURRENTDEBT_DEBT":97.383111321145,"ISSUED_COMMON_SHARES":275437000,"HK_COMMON_SHARES":275437000,"PER_SHARES":1000,"TOTAL_MARKET_CAP":217595230,"HKSK_MARKET_CAP":217595230,"PE_TTM":368.181438240271,"PB_TTM":1.323934349427,"REPORT_DATE_SQ":"2020-06-30 00:00:00","REPORT_TYPE_SQ":"2020年中报","OPERATE_INCOME_SQ":35050519.68,"DPS_HKD":null,"OPERATE_INCOME_QOQ_SQ":-38.401586662366,"NET_PROFIT_RATIO_SQ":-18.432711352,"HOLDER_PROFIT_SQ":-6460761.12,"HOLDER_PROFIT_QOQ_SQ":38.380083904783,"ROE_AVG_SQ":-2.573689276052,"PE_TTM_SQ":-23.905570924871,"PB_TTM_SQ":2.157421565688,"ROA_SQ":-1.68721717703,"START_DATE":"2021-01-01 00:00:00","FISCAL_YEAR":"12-31","CURRENCY":"HKD","IS_CNY_CODE":0,"DPS_HKD_LY":null,"ORG_TYPE":"一般企业","PREMIUM_INCOME":null,"PREMIUM_INCOME_YOY":null,"NET_INTEREST_INCOME":null,"NET_INTEREST_INCOME_YOY":null,"FEE_COMMISSION_INCOME":null,"FEE_COMMISSION_INCOME_YOY":null,"ACCOUNTS_RECE_TDAYS":0.69196044712,"INVENTORY_TDAYS":1.338438735178,"CURRENT_ASSETS_TDAYS":0.082485057751,"TOTAL_ASSETS_TDAYS":0.080610021786,"PREMIUM_EXPENSE":null,"LOAN_DEPOSIT":null,"LOAN_EQUITY":null,"LOAN_ASSETS":null,"DEPOSIT_EQUITY":null,"DEPOSIT_ASSETS":null,"EQUITY_MULTIPLIER":1.180785681104,"EQUITY_RATIO":0.180785681103},{"SECUCODE":"01298.HK","SECURITY_CODE":"01298","SECURITY_NAME_ABBR":"云能国际","ORG_CODE":"10186511","STD_REPORT_DATE":"2020-12-31 00:00:00","REPORT_DATE":"2020-12-31 00:00:00","DATE_TYPE_CODE":"001","REPORT_TYPE":"2020年年报","PER_NETCASH_OPERATE":0.238200403577,"PER_OI":0.186358188333,"BPS":0.661521455868,"BASIC_EPS":-0.19021064,"DILUTED_EPS":-0.19021064,"OPERATE_INCOME":51329940.32,"OPERATE_INCOME_YOY":-80.419490614,"GROSS_PROFIT":1153888.44,"GROSS_PROFIT_YOY":-98.293201092371,"HOLDER_PROFIT":-52349166.36,"HOLDER_PROFIT_YOY":-214.2633387227,"GROSS_PROFIT_RATIO":2.247983209812,"EPS_TTM":-0.190058584577,"OPERATE_INCOME_QOQ":-70.133834592524,"NET_PROFIT_RATIO":-101.9856365187,"ROE_AVG":-25.020515543541,"GROSS_PROFIT_QOQ":-96.626399962583,"ROA":-16.176298480912,"HOLDER_PROFIT_QOQ":-379.178830710488,"ROE_YEARLY":-25.020515543541,"ROIC_YEARLY":-27.742578629397,"TOTAL_ASSETS":217195301.68,"TOTAL_LIABILITIES":34987816.44,"TAX_EBT":null,"OCF_SALES":127.818587263068,"TOTAL_PARENT_EQUITY":182207485.24,"DEBT_ASSET_RATIO":16.108919562,"OPERATE_PROFIT":-49578487.48,"PRETAX_PROFIT":-52349166.36,"NETCASH_OPERATE":65609204.56,"NETCASH_INVEST":-222192.96,"NETCASH_FINANCE":-145904185.48,"END_CASH":97408047.04,"DIVI_RATIO":null,"DIVIDEND_RATE":null,"CURRENT_RATIO":6.186100976235,"COMMON_ACS":800000000,"CURRENTDEBT_DEBT":97.577638257439,"ISSUED_COMMON_SHARES":275437000,"HK_COMMON_SHARES":275437000,"PER_SHARES":1000,"TOTAL_MARKET_CAP":217595230,"HKSK_MARKET_CAP":217595230,"PE_TTM":368.181438240271,"PB_TTM":1.323934349427,"REPORT_DATE_SQ":"2019-12-31 00:00:00","REPORT_TYPE_SQ":"2019年年报","OPERATE_INCOME_SQ":279011283.94,"DPS_HKD":null,"OPERATE_INCOME_QOQ_SQ":-37.24898263207,"NET_PROFIT_RATIO_SQ":-6.3543228466,"HOLDER_PROFIT_SQ":-17729277.76,"HOLDER_PROFIT_QOQ_SQ":74.17292000877,"ROE_AVG_SQ":-6.838327387688,"PE_TTM_SQ":-23.905570924871,"PB_TTM_SQ":2.157421565688,"ROA_SQ":-6.816811955597,"START_DATE":"2020-01-01 00:00:00","FISCAL_YEAR":"12-31","CURRENCY":"HKD","IS_CNY_CODE":0,"DPS_HKD_LY":null,"ORG_TYPE":"一般企业","PREMIUM_INCOME":null,"PREMIUM_INCOME_YOY":null,"NET_INTEREST_INCOME":null,"NET_INTEREST_INCOME_YOY":null,"FEE_COMMISSION_INCOME":null,"FEE_COMMISSION_INCOME_YOY":null,"ACCOUNTS_RECE_TDAYS":0.690639986864,"INVENTORY_TDAYS":1.544782017231,"CURRENT_ASSETS_TDAYS":0.16228046251,"TOTAL_ASSETS_TDAYS":0.158613497284,"PREMIUM_EXPENSE":null,"LOAN_DEPOSIT":null,"LOAN_EQUITY":null,"LOAN_ASSETS":null,"DEPOSIT_EQUITY":null,"DEPOSIT_ASSETS":null,"EQUITY_MULTIPLIER":1.192021839246,"EQUITY_RATIO":0.192021839245},{"SECUCODE":"01298.HK","SECURITY_CODE":"01298","SECURITY_NAME_ABBR":"云能国际","ORG_CODE":"10186511","STD_REPORT_DATE":"2020-06-30 00:00:00","REPORT_DATE":"2020-06-30 00:00:00","DATE_TYPE_CODE":"002","REPORT_TYPE":"2020年中报","PER_NETCASH_OPERATE":-0.077890643886,"PER_OI":0.127254216681,"BPS":0.891913701645,"BASIC_EPS":-0.023475408,"DILUTED_EPS":-0.023475408,"OPERATE_INCOME":35050519.68,"OPERATE_INCOME_YOY":-76.2620013857,"GROSS_PROFIT":4580901.6,"GROSS_PROFIT_YOY":-87.939549270882,"HOLDER_PROFIT":-6460761.12,"HOLDER_PROFIT_YOY":53.0968169761,"GROSS_PROFIT_RATIO":13.06942562285,"EPS_TTM":-0.039663393371,"OPERATE_INCOME_QOQ":-38.401586662366,"NET_PROFIT_RATIO":-18.432711352,"ROE_AVG":-2.573689276052,"GROSS_PROFIT_QOQ":-49.407194430311,"ROA":-1.68721717703,"HOLDER_PROFIT_QOQ":38.380083904783,"ROE_YEARLY":-5.147378552104,"ROIC_YEARLY":-4.58483368391,"TOTAL_ASSETS":299124196.8,"TOTAL_LIABILITIES":53458162.56,"TAX_EBT":null,"OCF_SALES":-61.208693839258,"TOTAL_PARENT_EQUITY":245666034.24,"DEBT_ASSET_RATIO":17.8715607537,"OPERATE_PROFIT":null,"PRETAX_PROFIT":-6460761.12,"NETCASH_OPERATE":-21453965.28,"NETCASH_INVEST":-1388428.8,"NETCASH_FINANCE":-148203813.12,"END_CASH":15041616.48,"DIVI_RATIO":null,"DIVIDEND_RATE":null,"CURRENT_RATIO":9.881574039537,"COMMON_ACS":800000000,"CURRENTDEBT_DEBT":54.972319048595,"ISSUED_COMMON_SHARES":275437000,"HK_COMMON_SHARES":275437000,"PER_SHARES":1000,"TOTAL_MARKET_CAP":217595230,"HKSK_MARKET_CAP":217595230,"PE_TTM":368.181438240271,"PB_TTM":1.323934349427,"REPORT_DATE_SQ":"2019-06-30 00:00:00","REPORT_TYPE_SQ":"2019年中报","OPERATE_INCOME_SQ":142195279.68,"DPS_HKD":null,"OPERATE_INCOME_QOQ_SQ":-20.347965996361,"NET_PROFIT_RATIO_SQ":-9.3289122043,"HOLDER_PROFIT_SQ":-13265272.8,"HOLDER_PROFIT_QOQ_SQ":-6.563513637568,"ROE_AVG_SQ":-5.187808649673,"PE_TTM_SQ":-23.905570924871,"PB_TTM_SQ":2.157421565688,"ROA_SQ":-4.131727585446,"START_DATE":"2020-01-01 00:00:00","FISCAL_YEAR":"12-31","CURRENCY":"HKD","IS_CNY_CODE":0,"DPS_HKD_LY":null,"ORG_TYPE":"一般企业","PREMIUM_INCOME":null,"PREMIUM_INCOME_YOY":null,"NET_INTEREST_INCOME":null,"NET_INTEREST_INCOME_YOY":null,"FEE_COMMISSION_INCOME":null,"FEE_COMMISSION_INCOME_YOY":null,"ACCOUNTS_RECE_TDAYS":0.278889587429,"INVENTORY_TDAYS":0.70927821899,"CURRENT_ASSETS_TDAYS":0.093748702074,"TOTAL_ASSETS_TDAYS":0.091533857652,"PREMIUM_EXPENSE":null,"LOAN_DEPOSIT":null,"LOAN_EQUITY":null,"LOAN_ASSETS":null,"DEPOSIT_EQUITY":null,"DEPOSIT_ASSETS":null,"EQUITY_MULTIPLIER":1.217605021083,"EQUITY_RATIO":0.217605021082}],"count":41},"success":true,"message":"ok","code":0}