{"version":"451aa6f7ff75ec77925cc89e3fc54837","result":{"pages":4,"data":[{"SECUCODE":"01293.HK","SECURITY_CODE":"01293","SECURITY_NAME_ABBR":"广汇宝信","ORG_CODE":"10184780","STD_REPORT_DATE":"2024-06-30 00:00:00","REPORT_DATE":"2024-06-30 00:00:00","DATE_TYPE_CODE":"002","REPORT_TYPE":"2024年中报","PER_NETCASH_OPERATE":0.332390555457,"PER_OI":4.57548853101,"BPS":2.70356726024,"BASIC_EPS":-0.02,"DILUTED_EPS":-0.02,"OPERATE_INCOME":12983001000,"OPERATE_INCOME_YOY":-18.7038592151,"GROSS_PROFIT":59823000,"GROSS_PROFIT_YOY":-93.409233881141,"HOLDER_PROFIT":-62943000,"HOLDER_PROFIT_YOY":-119.4539913707,"GROSS_PROFIT_RATIO":0.460779445369,"EPS_TTM":-0.091891788465,"OPERATE_INCOME_QOQ":-9.361613332306,"NET_PROFIT_RATIO":-0.4890009636,"ROE_AVG":-0.815725832763,"GROSS_PROFIT_QOQ":-65.491077256292,"ROA":-0.284852895358,"HOLDER_PROFIT_QOQ":-307.356040303148,"ROE_YEARLY":-1.631451665526,"ROIC_YEARLY":-0.573628966007,"TOTAL_ASSETS":21100415000,"TOTAL_LIABILITIES":13455243000,"TAX_EBT":-14944.3127962085,"OCF_SALES":7.264591599431,"TOTAL_PARENT_EQUITY":7671403000,"DEBT_ASSET_RATIO":63.7676699724,"OPERATE_PROFIT":261304000,"PRETAX_PROFIT":-422000,"NETCASH_OPERATE":943162000,"NETCASH_INVEST":-26634000,"NETCASH_FINANCE":-940607000,"END_CASH":159652000,"DIVI_RATIO":null,"DIVIDEND_RATE":null,"CURRENT_RATIO":1.355959955552,"COMMON_ACS":5000000000,"CURRENTDEBT_DEBT":72.909861234019,"ISSUED_COMMON_SHARES":2837511429,"HK_COMMON_SHARES":2837511429,"PER_SHARES":500,"TOTAL_MARKET_CAP":539127171.51,"HKSK_MARKET_CAP":539127171.51,"PE_TTM":-1.91769795661,"PB_TTM":0.06414088621,"REPORT_DATE_SQ":"2023-06-30 00:00:00","REPORT_TYPE_SQ":"2023年中报","OPERATE_INCOME_SQ":15970009000,"DPS_HKD":null,"OPERATE_INCOME_QOQ_SQ":4.16307779562,"NET_PROFIT_RATIO_SQ":2.0297922187,"HOLDER_PROFIT_SQ":323548000,"HOLDER_PROFIT_QOQ_SQ":-30.820995383835,"ROE_AVG_SQ":4.152066010494,"PE_TTM_SQ":-0.492392097228,"PB_TTM_SQ":0.060957589319,"ROA_SQ":1.346846646398,"START_DATE":"2024-01-01 00:00:00","FISCAL_YEAR":"12-31","CURRENCY":"HKD","IS_CNY_CODE":0,"DPS_HKD_LY":null,"ORG_TYPE":"一般企业","PREMIUM_INCOME":null,"PREMIUM_INCOME_YOY":null,"NET_INTEREST_INCOME":null,"NET_INTEREST_INCOME_YOY":null,"FEE_COMMISSION_INCOME":null,"FEE_COMMISSION_INCOME_YOY":null,"ACCOUNTS_RECE_TDAYS":16.459357130496,"INVENTORY_TDAYS":4.356877386085,"CURRENT_ASSETS_TDAYS":0.91410957915,"TOTAL_ASSETS_TDAYS":0.587554680471,"PREMIUM_EXPENSE":null,"LOAN_DEPOSIT":null,"LOAN_EQUITY":null,"LOAN_ASSETS":null,"DEPOSIT_EQUITY":null,"DEPOSIT_ASSETS":null,"EQUITY_MULTIPLIER":2.759966028236,"EQUITY_RATIO":1.753948136997},{"SECUCODE":"01293.HK","SECURITY_CODE":"01293","SECURITY_NAME_ABBR":"广汇宝信","ORG_CODE":"10184780","STD_REPORT_DATE":"2023-12-31 00:00:00","REPORT_DATE":"2023-12-31 00:00:00","DATE_TYPE_CODE":"001","REPORT_TYPE":"2023年年报","PER_NETCASH_OPERATE":0.061457726026,"PER_OI":11.244705016482,"BPS":2.735138939241,"BASIC_EPS":0.04,"DILUTED_EPS":0.04,"OPERATE_INCOME":31906979000,"OPERATE_INCOME_YOY":0.657099772,"GROSS_PROFIT":1294613000,"GROSS_PROFIT_YOY":179.372680189901,"HOLDER_PROFIT":125747000,"HOLDER_PROFIT_YOY":118.0157941036,"GROSS_PROFIT_RATIO":4.057460281652,"EPS_TTM":0.04431594485,"OPERATE_INCOME_QOQ":-3.36585486703,"NET_PROFIT_RATIO":0.3575800768,"ROE_AVG":1.627883493838,"GROSS_PROFIT_QOQ":3593.19621155931,"ROA":0.521037424142,"HOLDER_PROFIT_QOQ":113.771332384923,"ROE_YEARLY":1.627883493838,"ROIC_YEARLY":0.528227624448,"TOTAL_ASSETS":23092922000,"TOTAL_LIABILITIES":15357621000,"TAX_EBT":50.199693584925,"OCF_SALES":0.546548139202,"TOTAL_PARENT_EQUITY":7760988000,"DEBT_ASSET_RATIO":66.5035849513,"OPERATE_PROFIT":787681000,"PRETAX_PROFIT":229101000,"NETCASH_OPERATE":174387000,"NETCASH_INVEST":-185875000,"NETCASH_FINANCE":-276036000,"END_CASH":185274000,"DIVI_RATIO":null,"DIVIDEND_RATE":null,"CURRENT_RATIO":1.320127296788,"COMMON_ACS":5000000000,"CURRENTDEBT_DEBT":74.497085193078,"ISSUED_COMMON_SHARES":2837511429,"HK_COMMON_SHARES":2837511429,"PER_SHARES":500,"TOTAL_MARKET_CAP":482376942.93,"HKSK_MARKET_CAP":482376942.93,"PE_TTM":-1.715835013809,"PB_TTM":0.057389213977,"REPORT_DATE_SQ":"2022-12-31 00:00:00","REPORT_TYPE_SQ":"2022年年报","OPERATE_INCOME_SQ":31698687000,"DPS_HKD":null,"OPERATE_INCOME_QOQ_SQ":-1.989279532928,"NET_PROFIT_RATIO_SQ":-2.2098076176,"HOLDER_PROFIT_SQ":-697982000,"HOLDER_PROFIT_QOQ_SQ":-200.055619744436,"ROE_AVG_SQ":-8.525319293961,"PE_TTM_SQ":-0.479011877195,"PB_TTM_SQ":0.059301133088,"ROA_SQ":-2.62056018772,"START_DATE":"2023-01-01 00:00:00","FISCAL_YEAR":"12-31","CURRENCY":"HKD","IS_CNY_CODE":0,"DPS_HKD_LY":null,"ORG_TYPE":"一般企业","PREMIUM_INCOME":null,"PREMIUM_INCOME_YOY":null,"NET_INTEREST_INCOME":null,"NET_INTEREST_INCOME_YOY":null,"FEE_COMMISSION_INCOME":null,"FEE_COMMISSION_INCOME_YOY":null,"ACCOUNTS_RECE_TDAYS":51.091467349445,"INVENTORY_TDAYS":9.002793708883,"CURRENT_ASSETS_TDAYS":2.011213117755,"TOTAL_ASSETS_TDAYS":1.322077675833,"PREMIUM_EXPENSE":null,"LOAN_DEPOSIT":null,"LOAN_EQUITY":null,"LOAN_ASSETS":null,"DEPOSIT_EQUITY":null,"DEPOSIT_ASSETS":null,"EQUITY_MULTIPLIER":2.985394104253,"EQUITY_RATIO":1.978822928215},{"SECUCODE":"01293.HK","SECURITY_CODE":"01293","SECURITY_NAME_ABBR":"广汇宝信","ORG_CODE":"10184780","STD_REPORT_DATE":"2023-06-30 00:00:00","REPORT_DATE":"2023-06-30 00:00:00","DATE_TYPE_CODE":"002","REPORT_TYPE":"2023年中报","PER_NETCASH_OPERATE":-0.036879851454,"PER_OI":5.628174335012,"BPS":2.782989319195,"BASIC_EPS":0.11,"DILUTED_EPS":0.11,"OPERATE_INCOME":15970009000,"OPERATE_INCOME_YOY":9.0075621309,"GROSS_PROFIT":907679000,"GROSS_PROFIT_YOY":-32.061226399207,"HOLDER_PROFIT":323548000,"HOLDER_PROFIT_YOY":-39.9361022364,"GROSS_PROFIT_RATIO":5.683647391808,"EPS_TTM":-0.321798527635,"OPERATE_INCOME_QOQ":4.16307779562,"NET_PROFIT_RATIO":2.0297922187,"ROE_AVG":4.152066010494,"GROSS_PROFIT_QOQ":-92.435476909797,"ROA":1.346846646398,"HOLDER_PROFIT_QOQ":-30.820995383835,"ROE_YEARLY":8.304132020987,"ROIC_YEARLY":2.744440691956,"TOTAL_ASSETS":22870250000,"TOTAL_LIABILITIES":14986909000,"TAX_EBT":33.179143089783,"OCF_SALES":-0.65527201644,"TOTAL_PARENT_EQUITY":7896764000,"DEBT_ASSET_RATIO":65.5301494299,"OPERATE_PROFIT":780690000,"PRETAX_PROFIT":485115000,"NETCASH_OPERATE":-104647000,"NETCASH_INVEST":-124856000,"NETCASH_FINANCE":94302000,"END_CASH":324696000,"DIVI_RATIO":null,"DIVIDEND_RATE":null,"CURRENT_RATIO":1.282235376148,"COMMON_ACS":5000000000,"CURRENTDEBT_DEBT":75.676765635929,"ISSUED_COMMON_SHARES":2837511429,"HK_COMMON_SHARES":2837511429,"PER_SHARES":500,"TOTAL_MARKET_CAP":482376942.93,"HKSK_MARKET_CAP":482376942.93,"PE_TTM":-1.715835013809,"PB_TTM":0.057389213977,"REPORT_DATE_SQ":"2022-06-30 00:00:00","REPORT_TYPE_SQ":"2022年中报","OPERATE_INCOME_SQ":14650368000,"DPS_HKD":null,"OPERATE_INCOME_QOQ_SQ":-13.944157308358,"NET_PROFIT_RATIO_SQ":3.6831771052,"HOLDER_PROFIT_SQ":538673000,"HOLDER_PROFIT_QOQ_SQ":26.378929900396,"ROE_AVG_SQ":6.064866019359,"PE_TTM_SQ":-0.479011877195,"PB_TTM_SQ":0.059301133088,"ROA_SQ":2.024719124267,"START_DATE":"2023-01-01 00:00:00","FISCAL_YEAR":"12-31","CURRENCY":"HKD","IS_CNY_CODE":0,"DPS_HKD_LY":null,"ORG_TYPE":"一般企业","PREMIUM_INCOME":null,"PREMIUM_INCOME_YOY":null,"NET_INTEREST_INCOME":null,"NET_INTEREST_INCOME_YOY":null,"FEE_COMMISSION_INCOME":null,"FEE_COMMISSION_INCOME_YOY":null,"ACCOUNTS_RECE_TDAYS":31.896479305748,"INVENTORY_TDAYS":4.504762840439,"CURRENT_ASSETS_TDAYS":1.024764672422,"TOTAL_ASSETS_TDAYS":0.664790172234,"PREMIUM_EXPENSE":null,"LOAN_DEPOSIT":null,"LOAN_EQUITY":null,"LOAN_ASSETS":null,"DEPOSIT_EQUITY":null,"DEPOSIT_ASSETS":null,"EQUITY_MULTIPLIER":2.901085973571,"EQUITY_RATIO":1.897854488244},{"SECUCODE":"01293.HK","SECURITY_CODE":"01293","SECURITY_NAME_ABBR":"广汇宝信","ORG_CODE":"10184780","STD_REPORT_DATE":"2022-12-31 00:00:00","REPORT_DATE":"2022-12-31 00:00:00","DATE_TYPE_CODE":"001","REPORT_TYPE":"2022年年报","PER_NETCASH_OPERATE":0.273545329921,"PER_OI":11.171298439905,"BPS":2.709469967742,"BASIC_EPS":-0.25,"DILUTED_EPS":-0.25,"OPERATE_INCOME":31698687000,"OPERATE_INCOME_YOY":-15.6560485739,"GROSS_PROFIT":463400000,"GROSS_PROFIT_YOY":-79.726939284064,"HOLDER_PROFIT":-697982000,"HOLDER_PROFIT_YOY":-226.4492215382,"GROSS_PROFIT_RATIO":1.461890203843,"EPS_TTM":-0.245983855031,"OPERATE_INCOME_QOQ":-1.989279532928,"NET_PROFIT_RATIO":-2.2098076176,"ROE_AVG":-8.525319293961,"GROSS_PROFIT_QOQ":-80.616604467467,"ROA":-2.62056018772,"HOLDER_PROFIT_QOQ":-200.055619744436,"ROE_YEARLY":-8.525319293961,"ROIC_YEARLY":-2.732621585809,"TOTAL_ASSETS":25179375000,"TOTAL_LIABILITIES":17505256000,"TAX_EBT":-22.6966355114,"OCF_SALES":2.448644008504,"TOTAL_PARENT_EQUITY":7688152000,"DEBT_ASSET_RATIO":69.5169201905,"OPERATE_PROFIT":-42389000,"PRETAX_PROFIT":-570904000,"NETCASH_OPERATE":776188000,"NETCASH_INVEST":-275491000,"NETCASH_FINANCE":-1748352000,"END_CASH":446110000,"DIVI_RATIO":null,"DIVIDEND_RATE":null,"CURRENT_RATIO":1.222025201791,"COMMON_ACS":5000000000,"CURRENTDEBT_DEBT":77.718977660195,"ISSUED_COMMON_SHARES":2837511429,"HK_COMMON_SHARES":2837511429,"PER_SHARES":500,"TOTAL_MARKET_CAP":482376942.93,"HKSK_MARKET_CAP":482376942.93,"PE_TTM":-1.715835013809,"PB_TTM":0.057389213977,"REPORT_DATE_SQ":"2021-12-31 00:00:00","REPORT_TYPE_SQ":"2021年年报","OPERATE_INCOME_SQ":37582644000,"DPS_HKD":null,"OPERATE_INCOME_QOQ_SQ":-7.02507044248,"NET_PROFIT_RATIO_SQ":1.4457710852,"HOLDER_PROFIT_SQ":551986000,"HOLDER_PROFIT_QOQ_SQ":7.852948934632,"ROE_AVG_SQ":6.614830010136,"PE_TTM_SQ":-0.479011877195,"PB_TTM_SQ":0.059301133088,"ROA_SQ":1.948547784987,"START_DATE":"2022-01-01 00:00:00","FISCAL_YEAR":"12-31","CURRENCY":"HKD","IS_CNY_CODE":0,"DPS_HKD_LY":null,"ORG_TYPE":"一般企业","PREMIUM_INCOME":null,"PREMIUM_INCOME_YOY":null,"NET_INTEREST_INCOME":null,"NET_INTEREST_INCOME_YOY":null,"FEE_COMMISSION_INCOME":null,"FEE_COMMISSION_INCOME_YOY":null,"ACCOUNTS_RECE_TDAYS":73.556650829287,"INVENTORY_TDAYS":10.402216565931,"CURRENT_ASSETS_TDAYS":1.760620459463,"TOTAL_ASSETS_TDAYS":1.19012119446,"PREMIUM_EXPENSE":null,"LOAN_DEPOSIT":null,"LOAN_EQUITY":null,"LOAN_ASSETS":null,"DEPOSIT_EQUITY":null,"DEPOSIT_ASSETS":null,"EQUITY_MULTIPLIER":3.280508420571,"EQUITY_RATIO":2.276913359673},{"SECUCODE":"01293.HK","SECURITY_CODE":"01293","SECURITY_NAME_ABBR":"广汇宝信","ORG_CODE":"10184780","STD_REPORT_DATE":"2022-06-30 00:00:00","REPORT_DATE":"2022-06-30 00:00:00","DATE_TYPE_CODE":"002","REPORT_TYPE":"2022年中报","PER_NETCASH_OPERATE":0.188682235613,"PER_OI":5.163104490178,"BPS":3.199121563785,"BASIC_EPS":0.19,"DILUTED_EPS":0.19,"OPERATE_INCOME":14650368000,"OPERATE_INCOME_YOY":-26.3465683466,"GROSS_PROFIT":1336025000,"GROSS_PROFIT_YOY":8.521896075983,"HOLDER_PROFIT":538673000,"HOLDER_PROFIT_YOY":37.044254767,"GROSS_PROFIT_RATIO":9.119395499144,"EPS_TTM":0.245847115494,"OPERATE_INCOME_QOQ":-13.944157308358,"NET_PROFIT_RATIO":3.6831771052,"ROE_AVG":6.064866019359,"GROSS_PROFIT_QOQ":4.589831445731,"ROA":2.024719124267,"HOLDER_PROFIT_QOQ":26.378929900396,"ROE_YEARLY":12.129732038717,"ROIC_YEARLY":4.270381749406,"TOTAL_ASSETS":25114985000,"TOTAL_LIABILITIES":16048050000,"TAX_EBT":34.568125790465,"OCF_SALES":3.654433799888,"TOTAL_PARENT_EQUITY":9077544000,"DEBT_ASSET_RATIO":63.8983061308,"OPERATE_PROFIT":1082473000,"PRETAX_PROFIT":824673000,"NETCASH_OPERATE":535388000,"NETCASH_INVEST":-79946000,"NETCASH_FINANCE":-1101543000,"END_CASH":1061799000,"DIVI_RATIO":null,"DIVIDEND_RATE":null,"CURRENT_RATIO":1.417788879374,"COMMON_ACS":5000000000,"CURRENTDEBT_DEBT":73.225488454984,"ISSUED_COMMON_SHARES":2837511429,"HK_COMMON_SHARES":2837511429,"PER_SHARES":500,"TOTAL_MARKET_CAP":482376942.93,"HKSK_MARKET_CAP":482376942.93,"PE_TTM":-1.715835013809,"PB_TTM":0.057389213977,"REPORT_DATE_SQ":"2021-06-30 00:00:00","REPORT_TYPE_SQ":"2021年中报","OPERATE_INCOME_SQ":19890951000,"DPS_HKD":null,"OPERATE_INCOME_QOQ_SQ":15.050804567531,"NET_PROFIT_RATIO_SQ":1.9549794276,"HOLDER_PROFIT_SQ":393065000,"HOLDER_PROFIT_QOQ_SQ":142.077306568031,"ROE_AVG_SQ":4.776486462905,"PE_TTM_SQ":-0.479011877195,"PB_TTM_SQ":0.059301133088,"ROA_SQ":1.441167987522,"START_DATE":"2022-01-01 00:00:00","FISCAL_YEAR":"12-31","CURRENCY":"HKD","IS_CNY_CODE":0,"DPS_HKD_LY":null,"ORG_TYPE":"一般企业","PREMIUM_INCOME":null,"PREMIUM_INCOME_YOY":null,"NET_INTEREST_INCOME":null,"NET_INTEREST_INCOME_YOY":null,"FEE_COMMISSION_INCOME":null,"FEE_COMMISSION_INCOME_YOY":null,"ACCOUNTS_RECE_TDAYS":32.950757286095,"INVENTORY_TDAYS":4.068204685862,"CURRENT_ASSETS_TDAYS":0.812919987128,"TOTAL_ASSETS_TDAYS":0.550665807775,"PREMIUM_EXPENSE":null,"LOAN_DEPOSIT":null,"LOAN_EQUITY":null,"LOAN_ASSETS":null,"DEPOSIT_EQUITY":null,"DEPOSIT_ASSETS":null,"EQUITY_MULTIPLIER":2.769953131903,"EQUITY_RATIO":1.767884573184},{"SECUCODE":"01293.HK","SECURITY_CODE":"01293","SECURITY_NAME_ABBR":"广汇宝信","ORG_CODE":"10184780","STD_REPORT_DATE":"2021-12-31 00:00:00","REPORT_DATE":"2021-12-31 00:00:00","DATE_TYPE_CODE":"001","REPORT_TYPE":"2021年年报","PER_NETCASH_OPERATE":0.532985694628,"PER_OI":13.244931321121,"BPS":3.061196128137,"BASIC_EPS":0.19,"DILUTED_EPS":0.19,"OPERATE_INCOME":37582644000,"OPERATE_INCOME_YOY":6.968404502,"GROSS_PROFIT":2285792000,"GROSS_PROFIT_YOY":30.610341783399,"HOLDER_PROFIT":551986000,"HOLDER_PROFIT_YOY":161.0875138352,"GROSS_PROFIT_RATIO":6.082041487023,"EPS_TTM":0.19453172747,"OPERATE_INCOME_QOQ":-7.02507044248,"NET_PROFIT_RATIO":1.4457710852,"ROE_AVG":6.614830010136,"GROSS_PROFIT_QOQ":11.818030170134,"ROA":1.948547784987,"HOLDER_PROFIT_QOQ":7.852948934632,"ROE_YEARLY":6.614830010136,"ROIC_YEARLY":2.083598036265,"TOTAL_ASSETS":28094667000,"TOTAL_LIABILITIES":19420022000,"TAX_EBT":40.23012149579,"OCF_SALES":4.024072920468,"TOTAL_PARENT_EQUITY":8686179000,"DEBT_ASSET_RATIO":69.1235172853,"OPERATE_PROFIT":1478976000,"PRETAX_PROFIT":909085000,"NETCASH_OPERATE":1512353000,"NETCASH_INVEST":-217853000,"NETCASH_FINANCE":-1535314000,"END_CASH":1691133000,"DIVI_RATIO":null,"DIVIDEND_RATE":null,"CURRENT_RATIO":1.342507444463,"COMMON_ACS":5000000000,"CURRENTDEBT_DEBT":74.345492502532,"ISSUED_COMMON_SHARES":2837511429,"HK_COMMON_SHARES":2837511429,"PER_SHARES":500,"TOTAL_MARKET_CAP":482376942.93,"HKSK_MARKET_CAP":482376942.93,"PE_TTM":-1.715835013809,"PB_TTM":0.057389213977,"REPORT_DATE_SQ":"2020-12-31 00:00:00","REPORT_TYPE_SQ":"2020年年报","OPERATE_INCOME_SQ":35134341000,"DPS_HKD":null,"OPERATE_INCOME_QOQ_SQ":4.238317205092,"NET_PROFIT_RATIO_SQ":0.5711847562,"HOLDER_PROFIT_SQ":211418000,"HOLDER_PROFIT_QOQ_SQ":-47.814389068119,"ROE_AVG_SQ":2.697905084065,"PE_TTM_SQ":-0.479011877195,"PB_TTM_SQ":0.059301133088,"ROA_SQ":0.737427971516,"START_DATE":"2021-01-01 00:00:00","FISCAL_YEAR":"12-31","CURRENCY":"HKD","IS_CNY_CODE":0,"DPS_HKD_LY":null,"ORG_TYPE":"一般企业","PREMIUM_INCOME":null,"PREMIUM_INCOME_YOY":null,"NET_INTEREST_INCOME":null,"NET_INTEREST_INCOME_YOY":null,"FEE_COMMISSION_INCOME":null,"FEE_COMMISSION_INCOME_YOY":null,"ACCOUNTS_RECE_TDAYS":95.909568590422,"INVENTORY_TDAYS":10.50950234557,"CURRENT_ASSETS_TDAYS":1.927073006906,"TOTAL_ASSETS_TDAYS":1.326692664672,"PREMIUM_EXPENSE":null,"LOAN_DEPOSIT":null,"LOAN_EQUITY":null,"LOAN_ASSETS":null,"DEPOSIT_EQUITY":null,"DEPOSIT_ASSETS":null,"EQUITY_MULTIPLIER":3.238710863669,"EQUITY_RATIO":2.235738176706},{"SECUCODE":"01293.HK","SECURITY_CODE":"01293","SECURITY_NAME_ABBR":"广汇宝信","ORG_CODE":"10184780","STD_REPORT_DATE":"2021-06-30 00:00:00","REPORT_DATE":"2021-06-30 00:00:00","DATE_TYPE_CODE":"002","REPORT_TYPE":"2021年中报","PER_NETCASH_OPERATE":0.372141232352,"PER_OI":7.009998548979,"BPS":2.979781125667,"BASIC_EPS":0.14,"DILUTED_EPS":0.14,"OPERATE_INCOME":19890951000,"OPERATE_INCOME_YOY":36.2118681499,"GROSS_PROFIT":1231111000,"GROSS_PROFIT_YOY":31.390123043067,"HOLDER_PROFIT":393065000,"HOLDER_PROFIT_YOY":324.0732349387,"GROSS_PROFIT_RATIO":6.189301858921,"EPS_TTM":0.180367555446,"OPERATE_INCOME_QOQ":15.050804567531,"NET_PROFIT_RATIO":1.9549794276,"ROE_AVG":4.776486462905,"GROSS_PROFIT_QOQ":16.806155129608,"ROA":1.441167987522,"HOLDER_PROFIT_QOQ":142.077306568031,"ROE_YEARLY":9.55297292581,"ROIC_YEARLY":3.0986563535,"TOTAL_ASSETS":25986642000,"TOTAL_LIABILITIES":17538587000,"TAX_EBT":34.789046765395,"OCF_SALES":5.308720533272,"TOTAL_PARENT_EQUITY":8455163000,"DEBT_ASSET_RATIO":67.4907785315,"OPERATE_PROFIT":883420000,"PRETAX_PROFIT":596317000,"NETCASH_OPERATE":1055955000,"NETCASH_INVEST":-150125000,"NETCASH_FINANCE":-1037166000,"END_CASH":1826986000,"DIVI_RATIO":null,"DIVIDEND_RATE":null,"CURRENT_RATIO":1.384876547033,"COMMON_ACS":5000000000,"CURRENTDEBT_DEBT":70.431905375273,"ISSUED_COMMON_SHARES":2837511429,"HK_COMMON_SHARES":2837511429,"PER_SHARES":500,"TOTAL_MARKET_CAP":482376942.93,"HKSK_MARKET_CAP":482376942.93,"PE_TTM":-1.715835013809,"PB_TTM":0.057389213977,"REPORT_DATE_SQ":"2020-06-30 00:00:00","REPORT_TYPE_SQ":"2020年中报","OPERATE_INCOME_SQ":14602950000,"DPS_HKD":null,"OPERATE_INCOME_QOQ_SQ":-7.563910234671,"NET_PROFIT_RATIO_SQ":0.5945168613,"HOLDER_PROFIT_SQ":92688000,"HOLDER_PROFIT_QOQ_SQ":-35.612569572252,"ROE_AVG_SQ":1.208369019274,"PE_TTM_SQ":-0.479011877195,"PB_TTM_SQ":0.059301133088,"ROA_SQ":0.332325882659,"START_DATE":"2021-01-01 00:00:00","FISCAL_YEAR":"12-31","CURRENCY":"HKD","IS_CNY_CODE":0,"DPS_HKD_LY":null,"ORG_TYPE":"一般企业","PREMIUM_INCOME":null,"PREMIUM_INCOME_YOY":null,"NET_INTEREST_INCOME":null,"NET_INTEREST_INCOME_YOY":null,"FEE_COMMISSION_INCOME":null,"FEE_COMMISSION_INCOME_YOY":null,"ACCOUNTS_RECE_TDAYS":42.85226692519,"INVENTORY_TDAYS":5.022222718647,"CURRENT_ASSETS_TDAYS":1.083121282139,"TOTAL_ASSETS_TDAYS":0.729299271687,"PREMIUM_EXPENSE":null,"LOAN_DEPOSIT":null,"LOAN_EQUITY":null,"LOAN_ASSETS":null,"DEPOSIT_EQUITY":null,"DEPOSIT_ASSETS":null,"EQUITY_MULTIPLIER":3.076050286129,"EQUITY_RATIO":2.074305013398},{"SECUCODE":"01293.HK","SECURITY_CODE":"01293","SECURITY_NAME_ABBR":"广汇宝信","ORG_CODE":"10184780","STD_REPORT_DATE":"2020-12-31 00:00:00","REPORT_DATE":"2020-12-31 00:00:00","DATE_TYPE_CODE":"001","REPORT_TYPE":"2020年年报","PER_NETCASH_OPERATE":0.755379864939,"PER_OI":12.382096734808,"BPS":2.820488727624,"BASIC_EPS":0.07,"DILUTED_EPS":0.07,"OPERATE_INCOME":35134341000,"OPERATE_INCOME_YOY":-3.6461755384,"GROSS_PROFIT":1750085000,"GROSS_PROFIT_YOY":-38.505215207238,"HOLDER_PROFIT":211418000,"HOLDER_PROFIT_YOY":-66.3990260679,"GROSS_PROFIT_RATIO":4.981123738738,"EPS_TTM":0.074508246148,"OPERATE_INCOME_QOQ":4.238317205092,"NET_PROFIT_RATIO":0.5711847562,"ROE_AVG":2.697905084065,"GROSS_PROFIT_QOQ":-27.789560115366,"ROA":0.737427971516,"HOLDER_PROFIT_QOQ":-47.814389068119,"ROE_YEARLY":2.697905084065,"ROIC_YEARLY":0.788604861548,"TOTAL_ASSETS":28561475000,"TOTAL_LIABILITIES":20549301000,"TAX_EBT":50.568866184052,"OCF_SALES":6.100581194906,"TOTAL_PARENT_EQUITY":8003169000,"DEBT_ASSET_RATIO":71.9476182515,"OPERATE_PROFIT":1051998000,"PRETAX_PROFIT":405983000,"NETCASH_OPERATE":2143399000,"NETCASH_INVEST":-146279000,"NETCASH_FINANCE":-1694828000,"END_CASH":1939507000,"DIVI_RATIO":null,"DIVIDEND_RATE":null,"CURRENT_RATIO":1.353192024635,"COMMON_ACS":5000000000,"CURRENTDEBT_DEBT":70.564210432267,"ISSUED_COMMON_SHARES":2837511429,"HK_COMMON_SHARES":2837511429,"PER_SHARES":500,"TOTAL_MARKET_CAP":482376942.93,"HKSK_MARKET_CAP":482376942.93,"PE_TTM":-1.715835013809,"PB_TTM":0.057389213977,"REPORT_DATE_SQ":"2019-12-31 00:00:00","REPORT_TYPE_SQ":"2019年年报","OPERATE_INCOME_SQ":36463878000,"DPS_HKD":null,"OPERATE_INCOME_QOQ_SQ":-1.688608409783,"NET_PROFIT_RATIO_SQ":1.7078737484,"HOLDER_PROFIT_SQ":629202000,"HOLDER_PROFIT_QOQ_SQ":20.177400532125,"ROE_AVG_SQ":8.536570888554,"PE_TTM_SQ":-0.479011877195,"PB_TTM_SQ":0.059301133088,"ROA_SQ":2.211308052912,"START_DATE":"2020-01-01 00:00:00","FISCAL_YEAR":"12-31","CURRENCY":"HKD","IS_CNY_CODE":0,"DPS_HKD_LY":null,"ORG_TYPE":"一般企业","PREMIUM_INCOME":null,"PREMIUM_INCOME_YOY":null,"NET_INTEREST_INCOME":null,"NET_INTEREST_INCOME_YOY":null,"FEE_COMMISSION_INCOME":null,"FEE_COMMISSION_INCOME_YOY":null,"ACCOUNTS_RECE_TDAYS":68.873106248095,"INVENTORY_TDAYS":8.976393052437,"CURRENT_ASSETS_TDAYS":1.789858061874,"TOTAL_ASSETS_TDAYS":1.225489117018,"PREMIUM_EXPENSE":null,"LOAN_DEPOSIT":null,"LOAN_EQUITY":null,"LOAN_ASSETS":null,"DEPOSIT_EQUITY":null,"DEPOSIT_ASSETS":null,"EQUITY_MULTIPLIER":3.564759701923,"EQUITY_RATIO":2.56764551642},{"SECUCODE":"01293.HK","SECURITY_CODE":"01293","SECURITY_NAME_ABBR":"广汇宝信","ORG_CODE":"10184780","STD_REPORT_DATE":"2020-06-30 00:00:00","REPORT_DATE":"2020-06-30 00:00:00","DATE_TYPE_CODE":"002","REPORT_TYPE":"2020年中报","PER_NETCASH_OPERATE":0.345105570322,"PER_OI":5.14639336806,"BPS":2.703575013512,"BASIC_EPS":0.03,"DILUTED_EPS":0.03,"OPERATE_INCOME":14602950000,"OPERATE_INCOME_YOY":-15.8866876965,"GROSS_PROFIT":936989000,"GROSS_PROFIT_YOY":-31.06862540986,"HOLDER_PROFIT":92688000,"HOLDER_PROFIT_YOY":-70.7390067653,"GROSS_PROFIT_RATIO":6.416436404973,"EPS_TTM":0.142775460165,"OPERATE_INCOME_QOQ":-7.563910234671,"NET_PROFIT_RATIO":0.5945168613,"ROE_AVG":1.208369019274,"GROSS_PROFIT_QOQ":-14.839481810375,"ROA":0.332325882659,"HOLDER_PROFIT_QOQ":-35.612569572252,"ROE_YEARLY":2.416738038548,"ROIC_YEARLY":0.70284227694,"TOTAL_ASSETS":27003571000,"TOTAL_LIABILITIES":19310422000,"TAX_EBT":56.738588798087,"OCF_SALES":6.705775202956,"TOTAL_PARENT_EQUITY":7671425000,"DEBT_ASSET_RATIO":71.5106235394,"OPERATE_PROFIT":546373000,"PRETAX_PROFIT":200680000,"NETCASH_OPERATE":979241000,"NETCASH_INVEST":-14265000,"NETCASH_FINANCE":-1408416000,"END_CASH":1203707000,"DIVI_RATIO":null,"DIVIDEND_RATE":null,"CURRENT_RATIO":1.338461348561,"COMMON_ACS":5000000000,"CURRENTDEBT_DEBT":69.642952391201,"ISSUED_COMMON_SHARES":2837511429,"HK_COMMON_SHARES":2837511429,"PER_SHARES":500,"TOTAL_MARKET_CAP":482376942.93,"HKSK_MARKET_CAP":482376942.93,"PE_TTM":-1.715835013809,"PB_TTM":0.057389213977,"REPORT_DATE_SQ":"2019-06-30 00:00:00","REPORT_TYPE_SQ":"2019年中报","OPERATE_INCOME_SQ":17361045000,"DPS_HKD":null,"OPERATE_INCOME_QOQ_SQ":0.997795487052,"NET_PROFIT_RATIO_SQ":1.8365163101,"HOLDER_PROFIT_SQ":316763000,"HOLDER_PROFIT_QOQ_SQ":-7.497893105818,"ROE_AVG_SQ":4.426629075562,"PE_TTM_SQ":-0.479011877195,"PB_TTM_SQ":0.059301133088,"ROA_SQ":1.166068716331,"START_DATE":"2020-01-01 00:00:00","FISCAL_YEAR":"12-31","CURRENCY":"HKD","IS_CNY_CODE":0,"DPS_HKD_LY":null,"ORG_TYPE":"一般企业","PREMIUM_INCOME":null,"PREMIUM_INCOME_YOY":null,"NET_INTEREST_INCOME":null,"NET_INTEREST_INCOME_YOY":null,"FEE_COMMISSION_INCOME":null,"FEE_COMMISSION_INCOME_YOY":null,"ACCOUNTS_RECE_TDAYS":27.083325605635,"INVENTORY_TDAYS":3.856447249825,"CURRENT_ASSETS_TDAYS":0.775977548809,"TOTAL_ASSETS_TDAYS":0.5235778362,"PREMIUM_EXPENSE":null,"LOAN_DEPOSIT":null,"LOAN_EQUITY":null,"LOAN_ASSETS":null,"DEPOSIT_EQUITY":null,"DEPOSIT_ASSETS":null,"EQUITY_MULTIPLIER":3.510080332516,"EQUITY_RATIO":2.517188397201}],"count":33},"success":true,"message":"ok","code":0}