{"version":"b5e32e2f3683a2e68b52539f08e8d31b","result":{"pages":3,"data":[{"SECUCODE":"01290.HK","SECURITY_CODE":"01290","SECURITY_NAME_ABBR":"中国汇融","ORG_CODE":"10342406","STD_REPORT_DATE":"2024-06-30 00:00:00","REPORT_DATE":"2024-06-30 00:00:00","DATE_TYPE_CODE":"002","REPORT_TYPE":"2024年中报","PER_NETCASH_OPERATE":-0.190757886338,"PER_OI":0.328473359105,"BPS":1.736845098066,"BASIC_EPS":0.028,"DILUTED_EPS":0.028,"OPERATE_INCOME":358146000,"OPERATE_INCOME_YOY":9.7375339343,"GROSS_PROFIT":null,"GROSS_PROFIT_YOY":null,"HOLDER_PROFIT":30609000,"HOLDER_PROFIT_YOY":10.8258807343,"GROSS_PROFIT_RATIO":null,"EPS_TTM":0.045344779357,"OPERATE_INCOME_QOQ":4.783327889752,"NET_PROFIT_RATIO":11.8876100808,"ROE_AVG":1.62090801351,"GROSS_PROFIT_QOQ":null,"ROA":0.894357474762,"HOLDER_PROFIT_QOQ":6.436890486749,"ROE_YEARLY":3.24181602702,"ROIC_YEARLY":2.035736286722,"TOTAL_ASSETS":3544257000,"TOTAL_LIABILITIES":1369219000,"TAX_EBT":25.512185734031,"OCF_SALES":-58.074081519827,"TOTAL_PARENT_EQUITY":1893743000,"DEBT_ASSET_RATIO":38.6320461524,"OPERATE_PROFIT":57157000,"PRETAX_PROFIT":57157000,"NETCASH_OPERATE":-207990000,"NETCASH_INVEST":3772000,"NETCASH_FINANCE":189441000,"END_CASH":121974000,"DIVI_RATIO":0.399702022087,"DIVIDEND_RATE":3.333333333333,"CURRENT_RATIO":3.056511253517,"COMMON_ACS":10000000000,"CURRENTDEBT_DEBT":70.136479262996,"ISSUED_COMMON_SHARES":1090335000,"HK_COMMON_SHARES":1090335000,"PER_SHARES":2000,"TOTAL_MARKET_CAP":654201000,"HKSK_MARKET_CAP":654201000,"PE_TTM":11.929422408665,"PB_TTM":0.315288911262,"REPORT_DATE_SQ":"2023-06-30 00:00:00","REPORT_TYPE_SQ":"2023年中报","OPERATE_INCOME_SQ":326366000,"DPS_HKD":0.02,"OPERATE_INCOME_QOQ_SQ":3.247767731701,"NET_PROFIT_RATIO_SQ":11.1595863312,"HOLDER_PROFIT_SQ":27619000,"HOLDER_PROFIT_QOQ_SQ":23.065494312785,"ROE_AVG_SQ":1.475542215953,"PE_TTM_SQ":18.738188607101,"PB_TTM_SQ":0.505055109713,"ROA_SQ":0.926741020026,"START_DATE":"2024-01-01 00:00:00","FISCAL_YEAR":"12-31","CURRENCY":"HKD","IS_CNY_CODE":0,"DPS_HKD_LY":0.02,"ORG_TYPE":"证券","PREMIUM_INCOME":null,"PREMIUM_INCOME_YOY":null,"NET_INTEREST_INCOME":166677000,"NET_INTEREST_INCOME_YOY":null,"FEE_COMMISSION_INCOME":1147000,"FEE_COMMISSION_INCOME_YOY":118.893129770992,"ACCOUNTS_RECE_TDAYS":null,"INVENTORY_TDAYS":null,"CURRENT_ASSETS_TDAYS":0.127067012943,"TOTAL_ASSETS_TDAYS":0.104645872833,"PREMIUM_EXPENSE":null,"LOAN_DEPOSIT":null,"LOAN_EQUITY":null,"LOAN_ASSETS":null,"DEPOSIT_EQUITY":null,"DEPOSIT_ASSETS":null,"EQUITY_MULTIPLIER":1.629514978589,"EQUITY_RATIO":0.723022606552},{"SECUCODE":"01290.HK","SECURITY_CODE":"01290","SECURITY_NAME_ABBR":"中国汇融","ORG_CODE":"10342406","STD_REPORT_DATE":"2023-12-31 00:00:00","REPORT_DATE":"2023-12-31 00:00:00","DATE_TYPE_CODE":"001","REPORT_TYPE":"2023年年报","PER_NETCASH_OPERATE":-0.233126516162,"PER_OI":0.609345751535,"BPS":1.727018760289,"BASIC_EPS":0.043,"DILUTED_EPS":0.043,"OPERATE_INCOME":664391000,"OPERATE_INCOME_YOY":6.4074351681,"GROSS_PROFIT":null,"GROSS_PROFIT_YOY":null,"HOLDER_PROFIT":46451000,"HOLDER_PROFIT_YOY":13.1378327691,"GROSS_PROFIT_RATIO":null,"EPS_TTM":0.0426025029,"OPERATE_INCOME_QOQ":3.322893080196,"NET_PROFIT_RATIO":10.0338505488,"ROE_AVG":2.473682080383,"GROSS_PROFIT_QOQ":null,"ROA":1.477965504169,"HOLDER_PROFIT_QOQ":-8.066974093059,"ROE_YEARLY":2.473682080383,"ROIC_YEARLY":1.748610223597,"TOTAL_ASSETS":3300657000,"TOTAL_LIABILITIES":1135039000,"TAX_EBT":27.27114039777,"OCF_SALES":-38.258495373959,"TOTAL_PARENT_EQUITY":1883029000,"DEBT_ASSET_RATIO":34.3882748192,"OPERATE_PROFIT":89418000,"PRETAX_PROFIT":91661000,"NETCASH_OPERATE":-254186000,"NETCASH_INVEST":4797000,"NETCASH_FINANCE":189918000,"END_CASH":137274000,"DIVI_RATIO":0.425430403522,"DIVIDEND_RATE":2.469135802469,"CURRENT_RATIO":3.554747012807,"COMMON_ACS":10000000000,"CURRENTDEBT_DEBT":66.964923672226,"ISSUED_COMMON_SHARES":1090335000,"HK_COMMON_SHARES":1090335000,"PER_SHARES":2000,"TOTAL_MARKET_CAP":883171350,"HKSK_MARKET_CAP":883171350,"PE_TTM":16.104720251698,"PB_TTM":0.425640030204,"REPORT_DATE_SQ":"2022-12-31 00:00:00","REPORT_TYPE_SQ":"2022年年报","OPERATE_INCOME_SQ":624384000,"DPS_HKD":0.02,"OPERATE_INCOME_QOQ_SQ":-4.329465836945,"NET_PROFIT_RATIO_SQ":9.6898347295,"HOLDER_PROFIT_SQ":41057000,"HOLDER_PROFIT_QOQ_SQ":-54.654193633894,"ROE_AVG_SQ":2.194712953227,"PE_TTM_SQ":18.538846175111,"PB_TTM_SQ":0.499682183014,"ROA_SQ":1.410568458367,"START_DATE":"2023-01-01 00:00:00","FISCAL_YEAR":"12-31","CURRENCY":"HKD","IS_CNY_CODE":0,"DPS_HKD_LY":0.03,"ORG_TYPE":"证券","PREMIUM_INCOME":null,"PREMIUM_INCOME_YOY":null,"NET_INTEREST_INCOME":279576000,"NET_INTEREST_INCOME_YOY":null,"FEE_COMMISSION_INCOME":908000,"FEE_COMMISSION_INCOME_YOY":-38.772757923129,"ACCOUNTS_RECE_TDAYS":null,"INVENTORY_TDAYS":null,"CURRENT_ASSETS_TDAYS":0.263123376991,"TOTAL_ASSETS_TDAYS":0.211394152823,"PREMIUM_EXPENSE":null,"LOAN_DEPOSIT":null,"LOAN_EQUITY":null,"LOAN_ASSETS":null,"DEPOSIT_EQUITY":null,"DEPOSIT_ASSETS":null,"EQUITY_MULTIPLIER":1.524117826874,"EQUITY_RATIO":0.602772979067},{"SECUCODE":"01290.HK","SECURITY_CODE":"01290","SECURITY_NAME_ABBR":"中国汇融","ORG_CODE":"10342406","STD_REPORT_DATE":"2023-06-30 00:00:00","REPORT_DATE":"2023-06-30 00:00:00","DATE_TYPE_CODE":"002","REPORT_TYPE":"2023年中报","PER_NETCASH_OPERATE":0.041119472456,"PER_OI":0.299326353827,"BPS":1.715973531071,"BASIC_EPS":0.025,"DILUTED_EPS":0.025,"OPERATE_INCOME":326366000,"OPERATE_INCOME_YOY":6.586711301,"GROSS_PROFIT":null,"GROSS_PROFIT_YOY":null,"HOLDER_PROFIT":27619000,"HOLDER_PROFIT_YOY":52.1791834261,"GROSS_PROFIT_RATIO":null,"EPS_TTM":0.046340803515,"OPERATE_INCOME_QOQ":3.247767731701,"NET_PROFIT_RATIO":11.1595863312,"ROE_AVG":1.475542215953,"GROSS_PROFIT_QOQ":null,"ROA":0.926741020026,"HOLDER_PROFIT_QOQ":23.065494312785,"ROE_YEARLY":2.951084431905,"ROIC_YEARLY":2.275336848754,"TOTAL_ASSETS":2975311000,"TOTAL_LIABILITIES":834324000,"TAX_EBT":22.690907551642,"OCF_SALES":13.697508516261,"TOTAL_PARENT_EQUITY":1870986000,"DEBT_ASSET_RATIO":28.0415727969,"OPERATE_PROFIT":45114000,"PRETAX_PROFIT":47248000,"NETCASH_OPERATE":44834000,"NETCASH_INVEST":13942000,"NETCASH_FINANCE":-22876000,"END_CASH":232811000,"DIVI_RATIO":0.391111043086,"DIVIDEND_RATE":2.469135802469,"CURRENT_RATIO":3.763637689024,"COMMON_ACS":10000000000,"CURRENTDEBT_DEBT":73.989840877165,"ISSUED_COMMON_SHARES":1090335000,"HK_COMMON_SHARES":1090335000,"PER_SHARES":2000,"TOTAL_MARKET_CAP":883171350,"HKSK_MARKET_CAP":883171350,"PE_TTM":16.104720251698,"PB_TTM":0.425640030204,"REPORT_DATE_SQ":"2022-06-30 00:00:00","REPORT_TYPE_SQ":"2022年中报","OPERATE_INCOME_SQ":307088000,"DPS_HKD":0.02,"OPERATE_INCOME_QOQ_SQ":33.751035008455,"NET_PROFIT_RATIO_SQ":9.3314512352,"HOLDER_PROFIT_SQ":18149000,"HOLDER_PROFIT_QOQ_SQ":3.869494889238,"ROE_AVG_SQ":0.976136320242,"PE_TTM_SQ":18.538846175111,"PB_TTM_SQ":0.499682183014,"ROA_SQ":0.638793778263,"START_DATE":"2023-01-01 00:00:00","FISCAL_YEAR":"12-31","CURRENCY":"HKD","IS_CNY_CODE":0,"DPS_HKD_LY":0.03,"ORG_TYPE":"证券","PREMIUM_INCOME":null,"PREMIUM_INCOME_YOY":null,"NET_INTEREST_INCOME":128653000,"NET_INTEREST_INCOME_YOY":null,"FEE_COMMISSION_INCOME":524000,"FEE_COMMISSION_INCOME_YOY":-71.192963166575,"ACCOUNTS_RECE_TDAYS":null,"INVENTORY_TDAYS":null,"CURRENT_ASSETS_TDAYS":0.140132749681,"TOTAL_ASSETS_TDAYS":0.109828826884,"PREMIUM_EXPENSE":null,"LOAN_DEPOSIT":null,"LOAN_EQUITY":null,"LOAN_ASSETS":null,"DEPOSIT_EQUITY":null,"DEPOSIT_ASSETS":null,"EQUITY_MULTIPLIER":1.389691296584,"EQUITY_RATIO":0.445927441467},{"SECUCODE":"01290.HK","SECURITY_CODE":"01290","SECURITY_NAME_ABBR":"中国汇融","ORG_CODE":"10342406","STD_REPORT_DATE":"2022-12-31 00:00:00","REPORT_DATE":"2022-12-31 00:00:00","DATE_TYPE_CODE":"001","REPORT_TYPE":"2022年年报","PER_NETCASH_OPERATE":-0.094000467746,"PER_OI":0.57265335883,"BPS":1.717441887126,"BASIC_EPS":0.038,"DILUTED_EPS":0.038,"OPERATE_INCOME":624384000,"OPERATE_INCOME_YOY":27.9603296412,"GROSS_PROFIT":null,"GROSS_PROFIT_YOY":null,"HOLDER_PROFIT":41057000,"HOLDER_PROFIT_YOY":-52.8995399741,"GROSS_PROFIT_RATIO":null,"EPS_TTM":0.037655399487,"OPERATE_INCOME_QOQ":-4.329465836945,"NET_PROFIT_RATIO":9.6898347295,"ROE_AVG":2.194712953227,"GROSS_PROFIT_QOQ":null,"ROA":1.410568458367,"HOLDER_PROFIT_QOQ":-54.654193633894,"ROE_YEARLY":2.194712953227,"ROIC_YEARLY":1.798679893289,"TOTAL_ASSETS":2985146000,"TOTAL_LIABILITIES":873816000,"TAX_EBT":31.005624914254,"OCF_SALES":-16.456726670167,"TOTAL_PARENT_EQUITY":1872587000,"DEBT_ASSET_RATIO":29.2721361032,"OPERATE_PROFIT":85752000,"PRETAX_PROFIT":87468000,"NETCASH_OPERATE":-102492000,"NETCASH_INVEST":-26188000,"NETCASH_FINANCE":89577000,"END_CASH":196805000,"DIVI_RATIO":0.481322738486,"DIVIDEND_RATE":2.469135802469,"CURRENT_RATIO":3.581073064201,"COMMON_ACS":10000000000,"CURRENTDEBT_DEBT":75.039939758485,"ISSUED_COMMON_SHARES":1090335000,"HK_COMMON_SHARES":1090335000,"PER_SHARES":2000,"TOTAL_MARKET_CAP":883171350,"HKSK_MARKET_CAP":883171350,"PE_TTM":16.104720251698,"PB_TTM":0.425640030204,"REPORT_DATE_SQ":"2021-12-31 00:00:00","REPORT_TYPE_SQ":"2021年年报","OPERATE_INCOME_SQ":486711000,"DPS_HKD":0.02,"OPERATE_INCOME_QOQ_SQ":79.685013788953,"NET_PROFIT_RATIO_SQ":20.6927725077,"HOLDER_PROFIT_SQ":87169000,"HOLDER_PROFIT_QOQ_SQ":441.455991055345,"ROE_AVG_SQ":4.77712957914,"PE_TTM_SQ":18.538846175111,"PB_TTM_SQ":0.499682183014,"ROA_SQ":3.247273573923,"START_DATE":"2022-01-01 00:00:00","FISCAL_YEAR":"12-31","CURRENCY":"HKD","IS_CNY_CODE":0,"DPS_HKD_LY":0.04,"ORG_TYPE":"证券","PREMIUM_INCOME":null,"PREMIUM_INCOME_YOY":null,"NET_INTEREST_INCOME":258848000,"NET_INTEREST_INCOME_YOY":null,"FEE_COMMISSION_INCOME":1483000,"FEE_COMMISSION_INCOME_YOY":-69.359504132231,"ACCOUNTS_RECE_TDAYS":null,"INVENTORY_TDAYS":null,"CURRENT_ASSETS_TDAYS":0.271141982128,"TOTAL_ASSETS_TDAYS":0.213970286228,"PREMIUM_EXPENSE":null,"LOAN_DEPOSIT":null,"LOAN_EQUITY":null,"LOAN_ASSETS":null,"DEPOSIT_EQUITY":null,"DEPOSIT_ASSETS":null,"EQUITY_MULTIPLIER":1.413869930328,"EQUITY_RATIO":0.466635729074},{"SECUCODE":"01290.HK","SECURITY_CODE":"01290","SECURITY_NAME_ABBR":"中国汇融","ORG_CODE":"10342406","STD_REPORT_DATE":"2022-06-30 00:00:00","REPORT_DATE":"2022-06-30 00:00:00","DATE_TYPE_CODE":"002","REPORT_TYPE":"2022年中报","PER_NETCASH_OPERATE":-0.0173772281,"PER_OI":0.281645549304,"BPS":1.696431830584,"BASIC_EPS":0.017,"DILUTED_EPS":0.017,"OPERATE_INCOME":307088000,"OPERATE_INCOME_YOY":116.4515145715,"GROSS_PROFIT":null,"GROSS_PROFIT_YOY":null,"HOLDER_PROFIT":18149000,"HOLDER_PROFIT_YOY":22.8275582025,"GROSS_PROFIT_RATIO":null,"EPS_TTM":0.083040533414,"OPERATE_INCOME_QOQ":33.751035008455,"NET_PROFIT_RATIO":9.3314512352,"ROE_AVG":0.976136320242,"GROSS_PROFIT_QOQ":null,"ROA":0.638793778263,"HOLDER_PROFIT_QOQ":3.869494889238,"ROE_YEARLY":1.952272640484,"ROIC_YEARLY":1.659782154164,"TOTAL_ASSETS":2846077000,"TOTAL_LIABILITIES":770403000,"TAX_EBT":30.322075762393,"OCF_SALES":-6.205356119384,"TOTAL_PARENT_EQUITY":1849679000,"DEBT_ASSET_RATIO":27.068944375,"OPERATE_PROFIT":40891000,"PRETAX_PROFIT":40891000,"NETCASH_OPERATE":-18947000,"NETCASH_INVEST":-26907000,"NETCASH_FINANCE":-1399000,"END_CASH":188462000,"DIVI_RATIO":0.21825967699,"DIVIDEND_RATE":2.469135802469,"CURRENT_RATIO":4.065106382204,"COMMON_ACS":10000000000,"CURRENTDEBT_DEBT":71.25063116317,"ISSUED_COMMON_SHARES":1090335000,"HK_COMMON_SHARES":1090335000,"PER_SHARES":2000,"TOTAL_MARKET_CAP":883171350,"HKSK_MARKET_CAP":883171350,"PE_TTM":16.104720251698,"PB_TTM":0.425640030204,"REPORT_DATE_SQ":"2021-06-30 00:00:00","REPORT_TYPE_SQ":"2021年中报","OPERATE_INCOME_SQ":141063000,"DPS_HKD":0.02,"OPERATE_INCOME_QOQ_SQ":3.757771231791,"NET_PROFIT_RATIO_SQ":16.3501414262,"HOLDER_PROFIT_SQ":14776000,"HOLDER_PROFIT_QOQ_SQ":626.48916967509,"ROE_AVG_SQ":0.826416929466,"PE_TTM_SQ":18.538846175111,"PB_TTM_SQ":0.499682183014,"ROA_SQ":0.563373730183,"START_DATE":"2022-01-01 00:00:00","FISCAL_YEAR":"12-31","CURRENCY":"HKD","IS_CNY_CODE":0,"DPS_HKD_LY":0.04,"ORG_TYPE":"证券","PREMIUM_INCOME":null,"PREMIUM_INCOME_YOY":null,"NET_INTEREST_INCOME":125126000,"NET_INTEREST_INCOME_YOY":null,"FEE_COMMISSION_INCOME":1819000,"FEE_COMMISSION_INCOME_YOY":-2.256851155293,"ACCOUNTS_RECE_TDAYS":null,"INVENTORY_TDAYS":null,"CURRENT_ASSETS_TDAYS":0.136396510449,"TOTAL_ASSETS_TDAYS":0.107468632265,"PREMIUM_EXPENSE":null,"LOAN_DEPOSIT":null,"LOAN_EQUITY":null,"LOAN_ASSETS":null,"DEPOSIT_EQUITY":null,"DEPOSIT_ASSETS":null,"EQUITY_MULTIPLIER":1.371157994945,"EQUITY_RATIO":0.41650632353},{"SECUCODE":"01290.HK","SECURITY_CODE":"01290","SECURITY_NAME_ABBR":"中国汇融","ORG_CODE":"10342406","STD_REPORT_DATE":"2021-12-31 00:00:00","REPORT_DATE":"2021-12-31 00:00:00","DATE_TYPE_CODE":"001","REPORT_TYPE":"2021年年报","PER_NETCASH_OPERATE":0.090301604553,"PER_OI":0.44638666098,"BPS":1.714022754475,"BASIC_EPS":0.08,"DILUTED_EPS":0.08,"OPERATE_INCOME":486711000,"OPERATE_INCOME_YOY":90.0175685172,"GROSS_PROFIT":null,"GROSS_PROFIT_YOY":null,"HOLDER_PROFIT":87169000,"HOLDER_PROFIT_YOY":3833.619133574,"GROSS_PROFIT_RATIO":null,"EPS_TTM":0.07994698877,"OPERATE_INCOME_QOQ":79.685013788953,"NET_PROFIT_RATIO":20.6927725077,"ROE_AVG":4.77712957914,"GROSS_PROFIT_QOQ":null,"ROA":3.247273573923,"HOLDER_PROFIT_QOQ":441.455991055345,"ROE_YEARLY":4.77712957914,"ROIC_YEARLY":4.288630030939,"TOTAL_ASSETS":2836195000,"TOTAL_LIABILITIES":742461000,"TAX_EBT":31.259342174415,"OCF_SALES":20.229458549324,"TOTAL_PARENT_EQUITY":1868859000,"DEBT_ASSET_RATIO":26.1780660357,"OPERATE_PROFIT":146513000,"PRETAX_PROFIT":146513000,"NETCASH_OPERATE":98459000,"NETCASH_INVEST":-75669000,"NETCASH_FINANCE":108418000,"END_CASH":234781000,"DIVI_RATIO":0.226705224036,"DIVIDEND_RATE":2.469135802469,"CURRENT_RATIO":3.586778126667,"COMMON_ACS":10000000000,"CURRENTDEBT_DEBT":84.329547275884,"ISSUED_COMMON_SHARES":1090335000,"HK_COMMON_SHARES":1090335000,"PER_SHARES":2000,"TOTAL_MARKET_CAP":883171350,"HKSK_MARKET_CAP":883171350,"PE_TTM":16.104720251698,"PB_TTM":0.425640030204,"REPORT_DATE_SQ":"2020-12-31 00:00:00","REPORT_TYPE_SQ":"2020年年报","OPERATE_INCOME_SQ":256140000,"DPS_HKD":0.02,"OPERATE_INCOME_QOQ_SQ":-18.310568724087,"NET_PROFIT_RATIO_SQ":3.7432151353,"HOLDER_PROFIT_SQ":2216000,"HOLDER_PROFIT_QOQ_SQ":-89.019374659333,"ROE_AVG_SQ":0.124018027386,"PE_TTM_SQ":18.538846175111,"PB_TTM_SQ":0.499682183014,"ROA_SQ":0.08008404488,"START_DATE":"2021-01-01 00:00:00","FISCAL_YEAR":"12-31","CURRENCY":"HKD","IS_CNY_CODE":0,"DPS_HKD_LY":null,"ORG_TYPE":"证券","PREMIUM_INCOME":null,"PREMIUM_INCOME_YOY":null,"NET_INTEREST_INCOME":269276000,"NET_INTEREST_INCOME_YOY":null,"FEE_COMMISSION_INCOME":4840000,"FEE_COMMISSION_INCOME_YOY":-31.318291471548,"ACCOUNTS_RECE_TDAYS":null,"INVENTORY_TDAYS":null,"CURRENT_ASSETS_TDAYS":0.215536428686,"TOTAL_ASSETS_TDAYS":0.181312596042,"PREMIUM_EXPENSE":null,"LOAN_DEPOSIT":null,"LOAN_EQUITY":null,"LOAN_ASSETS":null,"DEPOSIT_EQUITY":null,"DEPOSIT_ASSETS":null,"EQUITY_MULTIPLIER":1.35461094867,"EQUITY_RATIO":0.397280372677},{"SECUCODE":"01290.HK","SECURITY_CODE":"01290","SECURITY_NAME_ABBR":"中国汇融","ORG_CODE":"10342406","STD_REPORT_DATE":"2021-06-30 00:00:00","REPORT_DATE":"2021-06-30 00:00:00","DATE_TYPE_CODE":"002","REPORT_TYPE":"2021年中报","PER_NETCASH_OPERATE":-0.098461900529,"PER_OI":0.129680787592,"BPS":1.64660219107,"BASIC_EPS":0.014,"DILUTED_EPS":0.013,"OPERATE_INCOME":141063000,"OPERATE_INCOME_YOY":7.4741148774,"GROSS_PROFIT":null,"GROSS_PROFIT_YOY":null,"HOLDER_PROFIT":14776000,"HOLDER_PROFIT_YOY":1554.647256439,"GROSS_PROFIT_RATIO":null,"EPS_TTM":0.014799990071,"OPERATE_INCOME_QOQ":3.757771231791,"NET_PROFIT_RATIO":16.3501414262,"ROE_AVG":0.826416929466,"GROSS_PROFIT_QOQ":null,"ROA":0.563373730183,"HOLDER_PROFIT_QOQ":626.48916967509,"ROE_YEARLY":1.652833858932,"ROIC_YEARLY":1.448850815481,"TOTAL_ASSETS":2712986000,"TOTAL_LIABILITIES":764472000,"TAX_EBT":34.378467579025,"OCF_SALES":-75.926359144496,"TOTAL_PARENT_EQUITY":1795348000,"DEBT_ASSET_RATIO":28.1782508277,"OPERATE_PROFIT":35147000,"PRETAX_PROFIT":35147000,"NETCASH_OPERATE":-107104000,"NETCASH_INVEST":-28360000,"NETCASH_FINANCE":122664000,"END_CASH":90883000,"DIVI_RATIO":1.224622443158,"DIVIDEND_RATE":2.469135802469,"CURRENT_RATIO":3.575820144655,"COMMON_ACS":10000000000,"CURRENTDEBT_DEBT":86.793368494857,"ISSUED_COMMON_SHARES":1090335000,"HK_COMMON_SHARES":1090335000,"PER_SHARES":2000,"TOTAL_MARKET_CAP":883171350,"HKSK_MARKET_CAP":883171350,"PE_TTM":16.104720251698,"PB_TTM":0.425640030204,"REPORT_DATE_SQ":"2020-06-30 00:00:00","REPORT_TYPE_SQ":"2020年中报","OPERATE_INCOME_SQ":131253000,"DPS_HKD":0.02,"OPERATE_INCOME_QOQ_SQ":-12.458396679952,"NET_PROFIT_RATIO_SQ":3.435221436,"HOLDER_PROFIT_SQ":893000,"HOLDER_PROFIT_QOQ_SQ":-59.981359931785,"ROE_AVG_SQ":0.049995087269,"PE_TTM_SQ":18.538846175111,"PB_TTM_SQ":0.499682183014,"ROA_SQ":0.03231146954,"START_DATE":"2021-01-01 00:00:00","FISCAL_YEAR":"12-31","CURRENCY":"HKD","IS_CNY_CODE":0,"DPS_HKD_LY":null,"ORG_TYPE":"证券","PREMIUM_INCOME":null,"PREMIUM_INCOME_YOY":null,"NET_INTEREST_INCOME":132020000,"NET_INTEREST_INCOME_YOY":null,"FEE_COMMISSION_INCOME":1861000,"FEE_COMMISSION_INCOME_YOY":-45.425219941349,"ACCOUNTS_RECE_TDAYS":null,"INVENTORY_TDAYS":null,"CURRENT_ASSETS_TDAYS":0.060761898198,"TOTAL_ASSETS_TDAYS":0.05378396623,"PREMIUM_EXPENSE":null,"LOAN_DEPOSIT":null,"LOAN_EQUITY":null,"LOAN_ASSETS":null,"DEPOSIT_EQUITY":null,"DEPOSIT_ASSETS":null,"EQUITY_MULTIPLIER":1.392335903155,"EQUITY_RATIO":0.425807141568},{"SECUCODE":"01290.HK","SECURITY_CODE":"01290","SECURITY_NAME_ABBR":"中国汇融","ORG_CODE":"10342406","STD_REPORT_DATE":"2020-12-31 00:00:00","REPORT_DATE":"2020-12-31 00:00:00","DATE_TYPE_CODE":"001","REPORT_TYPE":"2020年年报","PER_NETCASH_OPERATE":0.377637163773,"PER_OI":0.2354727888,"BPS":1.63304947562,"BASIC_EPS":0.002,"DILUTED_EPS":0.002,"OPERATE_INCOME":256140000,"OPERATE_INCOME_YOY":-25.800730456,"GROSS_PROFIT":null,"GROSS_PROFIT_YOY":null,"HOLDER_PROFIT":2216000,"HOLDER_PROFIT_YOY":-95.6057030677,"GROSS_PROFIT_RATIO":null,"EPS_TTM":0.002037197236,"OPERATE_INCOME_QOQ":-18.310568724087,"NET_PROFIT_RATIO":3.7432151353,"ROE_AVG":0.124018027386,"GROSS_PROFIT_QOQ":null,"ROA":0.08008404488,"HOLDER_PROFIT_QOQ":-89.019374659333,"ROE_YEARLY":0.124018027386,"ROIC_YEARLY":0.118642888119,"TOTAL_ASSETS":2532555000,"TOTAL_LIABILITIES":590657000,"TAX_EBT":55.194864740945,"OCF_SALES":157.352169432963,"TOTAL_PARENT_EQUITY":1780571000,"DEBT_ASSET_RATIO":23.3225734486,"OPERATE_PROFIT":21810000,"PRETAX_PROFIT":21810000,"NETCASH_OPERATE":410782000,"NETCASH_INVEST":-7259000,"NETCASH_FINANCE":-479171000,"END_CASH":103919000,"DIVI_RATIO":8.896733061191,"DIVIDEND_RATE":2.469135802469,"CURRENT_RATIO":4.253659706324,"COMMON_ACS":10000000000,"CURRENTDEBT_DEBT":90.371569286405,"ISSUED_COMMON_SHARES":1090335000,"HK_COMMON_SHARES":1090335000,"PER_SHARES":2000,"TOTAL_MARKET_CAP":883171350,"HKSK_MARKET_CAP":883171350,"PE_TTM":16.104720251698,"PB_TTM":0.425640030204,"REPORT_DATE_SQ":"2019-12-31 00:00:00","REPORT_TYPE_SQ":"2019年年报","OPERATE_INCOME_SQ":351835000,"DPS_HKD":0.02,"OPERATE_INCOME_QOQ_SQ":-7.570248687189,"NET_PROFIT_RATIO_SQ":17.7762255003,"HOLDER_PROFIT_SQ":50429000,"HOLDER_PROFIT_QOQ_SQ":-24.505224707327,"ROE_AVG_SQ":2.842952376926,"PE_TTM_SQ":18.538846175111,"PB_TTM_SQ":0.499682183014,"ROA_SQ":1.738374454937,"START_DATE":"2020-01-01 00:00:00","FISCAL_YEAR":"12-31","CURRENCY":"HKD","IS_CNY_CODE":0,"DPS_HKD_LY":0.013,"ORG_TYPE":"证券","PREMIUM_INCOME":null,"PREMIUM_INCOME_YOY":null,"NET_INTEREST_INCOME":250843000,"NET_INTEREST_INCOME_YOY":null,"FEE_COMMISSION_INCOME":7047000,"FEE_COMMISSION_INCOME_YOY":-76.724137931034,"ACCOUNTS_RECE_TDAYS":null,"INVENTORY_TDAYS":null,"CURRENT_ASSETS_TDAYS":0.101486479788,"TOTAL_ASSETS_TDAYS":0.094344136608,"PREMIUM_EXPENSE":null,"LOAN_DEPOSIT":null,"LOAN_EQUITY":null,"LOAN_ASSETS":null,"DEPOSIT_EQUITY":null,"DEPOSIT_ASSETS":null,"EQUITY_MULTIPLIER":1.304164791354,"EQUITY_RATIO":0.331723362899},{"SECUCODE":"01290.HK","SECURITY_CODE":"01290","SECURITY_NAME_ABBR":"中国汇融","ORG_CODE":"10342406","STD_REPORT_DATE":"2020-06-30 00:00:00","REPORT_DATE":"2020-06-30 00:00:00","DATE_TYPE_CODE":"002","REPORT_TYPE":"2020年中报","PER_NETCASH_OPERATE":0.391332167032,"PER_OI":0.120662567144,"BPS":1.631836087074,"BASIC_EPS":0.001,"DILUTED_EPS":0.001,"OPERATE_INCOME":131253000,"OPERATE_INCOME_YOY":-24.6257140537,"GROSS_PROFIT":null,"GROSS_PROFIT_YOY":null,"HOLDER_PROFIT":893000,"HOLDER_PROFIT_YOY":-97.1323978035,"GROSS_PROFIT_RATIO":null,"EPS_TTM":0.018552652263,"OPERATE_INCOME_QOQ":-12.458396679952,"NET_PROFIT_RATIO":3.435221436,"ROE_AVG":0.049995087269,"GROSS_PROFIT_QOQ":null,"ROA":0.03231146954,"HOLDER_PROFIT_QOQ":-59.981359931785,"ROE_YEARLY":0.099990174538,"ROIC_YEARLY":0.097904857967,"TOTAL_ASSETS":2525818000,"TOTAL_LIABILITIES":588910000,"TAX_EBT":61.026894865526,"OCF_SALES":305.792895370138,"TOTAL_PARENT_EQUITY":1779248000,"DEBT_ASSET_RATIO":23.315614981,"OPERATE_PROFIT":29324000,"PRETAX_PROFIT":12270000,"NETCASH_OPERATE":425679000,"NETCASH_INVEST":-2336000,"NETCASH_FINANCE":-523010000,"END_CASH":81098000,"DIVI_RATIO":0.976916925009,"DIVIDEND_RATE":2.469135802469,"CURRENT_RATIO":4.348241203198,"COMMON_ACS":10000000000,"CURRENTDEBT_DEBT":90.401079961284,"ISSUED_COMMON_SHARES":1090335000,"HK_COMMON_SHARES":1090335000,"PER_SHARES":2000,"TOTAL_MARKET_CAP":883171350,"HKSK_MARKET_CAP":883171350,"PE_TTM":16.104720251698,"PB_TTM":0.425640030204,"REPORT_DATE_SQ":"2019-06-30 00:00:00","REPORT_TYPE_SQ":"2019年中报","OPERATE_INCOME_SQ":184685000,"DPS_HKD":0.02,"OPERATE_INCOME_QOQ_SQ":20.647847483359,"NET_PROFIT_RATIO_SQ":21.4464658841,"HOLDER_PROFIT_SQ":31141000,"HOLDER_PROFIT_QOQ_SQ":9.512099154043,"ROE_AVG_SQ":1.765183191393,"PE_TTM_SQ":18.538846175111,"PB_TTM_SQ":0.499682183014,"ROA_SQ":1.049855051161,"START_DATE":"2020-01-01 00:00:00","FISCAL_YEAR":"12-31","CURRENCY":"HKD","IS_CNY_CODE":0,"DPS_HKD_LY":0.013,"ORG_TYPE":"证券","PREMIUM_INCOME":null,"PREMIUM_INCOME_YOY":null,"NET_INTEREST_INCOME":132488000,"NET_INTEREST_INCOME_YOY":null,"FEE_COMMISSION_INCOME":3410000,"FEE_COMMISSION_INCOME_YOY":-79.607702427939,"ACCOUNTS_RECE_TDAYS":null,"INVENTORY_TDAYS":null,"CURRENT_ASSETS_TDAYS":0.053653035354,"TOTAL_ASSETS_TDAYS":0.050368623935,"PREMIUM_EXPENSE":null,"LOAN_DEPOSIT":null,"LOAN_EQUITY":null,"LOAN_ASSETS":null,"DEPOSIT_EQUITY":null,"DEPOSIT_ASSETS":null,"EQUITY_MULTIPLIER":1.30404644929,"EQUITY_RATIO":0.330988147802}],"count":27},"success":true,"message":"ok","code":0}