{"version":"1a06fe54171bbe8fd799b65c0c25e32d","result":{"pages":5,"data":[{"SECUCODE":"01308.HK","SECURITY_CODE":"01308","SECURITY_NAME_ABBR":"海丰国际","ORG_CODE":"10147903","STD_REPORT_DATE":"2024-06-30 00:00:00","REPORT_DATE":"2024-06-30 00:00:00","DATE_TYPE_CODE":"002","REPORT_TYPE":"2024年中报","PER_NETCASH_OPERATE":1.047440536651,"PER_OI":3.454627657864,"BPS":5.569420076284,"BASIC_EPS":0.944301,"DILUTED_EPS":0.93147276,"OPERATE_INCOME":9268553062.8,"OPERATE_INCOME_YOY":3.7611927438,"GROSS_PROFIT":2869356582,"GROSS_PROFIT_YOY":19.543982472395,"HOLDER_PROFIT":2499183463.2,"HOLDER_PROFIT_YOY":13.0123720178,"GROSS_PROFIT_RATIO":30.957977610512,"EPS_TTM":1.49863174706,"OPERATE_INCOME_QOQ":1.231644734326,"NET_PROFIT_RATIO":27.1311266792,"ROE_AVG":17.470465649581,"GROSS_PROFIT_QOQ":10.630636609676,"ROA":12.74616423598,"HOLDER_PROFIT_QOQ":6.829438896542,"ROE_YEARLY":34.940931299163,"ROIC_YEARLY":30.85740809792,"TOTAL_ASSETS":20311102054.8,"TOTAL_LIABILITIES":5228997301.2,"TAX_EBT":2.630402507879,"OCF_SALES":30.319925629805,"TOTAL_PARENT_EQUITY":14965866645.6,"DEBT_ASSET_RATIO":25.7445277321,"OPERATE_PROFIT":2555813016,"PRETAX_PROFIT":2582595530.4,"NETCASH_OPERATE":2810218395.6,"NETCASH_INVEST":-985999906.8,"NETCASH_FINANCE":-1420784594.4,"END_CASH":1257580874.4,"DIVI_RATIO":0.740835500234,"DIVIDEND_RATE":6.947608200456,"CURRENT_RATIO":1.460503811027,"COMMON_ACS":5000000000,"CURRENTDEBT_DEBT":70.363727308783,"ISSUED_COMMON_SHARES":2687149908,"HK_COMMON_SHARES":2687149908,"PER_SHARES":1000,"TOTAL_MARKET_CAP":47186352384.48,"HKSK_MARKET_CAP":47186352384.48,"PE_TTM":10.580861822501,"PB_TTM":2.877617523709,"REPORT_DATE_SQ":"2023-06-30 00:00:00","REPORT_TYPE_SQ":"2023年中报","OPERATE_INCOME_SQ":9056665978.2,"DPS_HKD":1.22,"OPERATE_INCOME_QOQ_SQ":-21.279089182603,"NET_PROFIT_RATIO_SQ":24.9469633686,"HOLDER_PROFIT_SQ":2242144062.6,"HOLDER_PROFIT_QOQ_SQ":-41.296386437226,"ROE_AVG_SQ":15.34866615438,"PE_TTM_SQ":4.015561716276,"PB_TTM_SQ":2.282217368209,"ROA_SQ":10.744659172342,"START_DATE":"2024-01-01 00:00:00","FISCAL_YEAR":"12-31","CURRENCY":"HKD","IS_CNY_CODE":0,"DPS_HKD_LY":1.22,"ORG_TYPE":"一般企业","PREMIUM_INCOME":null,"PREMIUM_INCOME_YOY":null,"NET_INTEREST_INCOME":null,"NET_INTEREST_INCOME_YOY":null,"FEE_COMMISSION_INCOME":null,"FEE_COMMISSION_INCOME_YOY":null,"ACCOUNTS_RECE_TDAYS":9.750641035253,"INVENTORY_TDAYS":19.986333081067,"CURRENT_ASSETS_TDAYS":1.884004832709,"TOTAL_ASSETS_TDAYS":0.472708391792,"PREMIUM_EXPENSE":null,"LOAN_DEPOSIT":null,"LOAN_EQUITY":null,"LOAN_ASSETS":null,"DEPOSIT_EQUITY":null,"DEPOSIT_ASSETS":null,"EQUITY_MULTIPLIER":1.346702094079,"EQUITY_RATIO":0.349394888049},{"SECUCODE":"01308.HK","SECURITY_CODE":"01308","SECURITY_NAME_ABBR":"海丰国际","ORG_CODE":"10147903","STD_REPORT_DATE":"2023-12-31 00:00:00","REPORT_DATE":"2023-12-31 00:00:00","DATE_TYPE_CODE":"001","REPORT_TYPE":"2023年年报","PER_NETCASH_OPERATE":1.774786235776,"PER_OI":6.412971781957,"BPS":5.046270059899,"BASIC_EPS":1.41654,"DILUTED_EPS":1.41654,"OPERATE_INCOME":17203587909.3,"OPERATE_INCOME_YOY":-40.9437010616,"GROSS_PROFIT":4412762911.8,"GROSS_PROFIT_YOY":-67.985212242521,"HOLDER_PROFIT":3763697201.1,"HOLDER_PROFIT_YOY":-72.6709438523,"GROSS_PROFIT_RATIO":25.650247698706,"EPS_TTM":1.402991287267,"OPERATE_INCOME_QOQ":-23.708037914013,"NET_PROFIT_RATIO":22.0742301537,"ROE_AVG":26.144308249096,"GROSS_PROFIT_QOQ":-45.524328123599,"ROA":18.530547298241,"HOLDER_PROFIT_QOQ":-52.656270576662,"ROE_YEARLY":26.144308249096,"ROIC_YEARLY":24.678809011181,"TOTAL_ASSETS":18786599690.1,"TOTAL_LIABILITIES":5109495193.5,"TAX_EBT":3.115208505748,"OCF_SALES":27.674942228337,"TOTAL_PARENT_EQUITY":13560084127.2,"DEBT_ASSET_RATIO":27.1975518603,"OPERATE_PROFIT":3941182580.4,"PRETAX_PROFIT":3919665337.8,"NETCASH_OPERATE":4761083015.1,"NETCASH_INVEST":-1056632599.5,"NETCASH_FINANCE":-6690403412.4,"END_CASH":865576767,"DIVI_RATIO":0.791337487321,"DIVIDEND_RATE":6.681270536692,"CURRENT_RATIO":1.24569582505,"COMMON_ACS":5000000000,"CURRENTDEBT_DEBT":69.72505042244,"ISSUED_COMMON_SHARES":2687149908,"HK_COMMON_SHARES":2687149908,"PER_SHARES":1000,"TOTAL_MARKET_CAP":49067357320.08,"HKSK_MARKET_CAP":49067357320.08,"PE_TTM":11.002650163944,"PB_TTM":2.992328928413,"REPORT_DATE_SQ":"2022-12-31 00:00:00","REPORT_TYPE_SQ":"2022年年报","OPERATE_INCOME_SQ":28645086393,"DPS_HKD":1.22,"OPERATE_INCOME_QOQ_SQ":11.289586604292,"NET_PROFIT_RATIO_SQ":47.406475393,"HOLDER_PROFIT_SQ":13542142355,"HOLDER_PROFIT_QOQ_SQ":11.819390455429,"ROE_AVG_SQ":106.478868920251,"PE_TTM_SQ":4.29556918936,"PB_TTM_SQ":2.44135772352,"ROA_SQ":67.057473868734,"START_DATE":"2023-01-01 00:00:00","FISCAL_YEAR":"12-31","CURRENCY":"HKD","IS_CNY_CODE":0,"DPS_HKD_LY":2.2,"ORG_TYPE":"一般企业","PREMIUM_INCOME":null,"PREMIUM_INCOME_YOY":null,"NET_INTEREST_INCOME":null,"NET_INTEREST_INCOME_YOY":null,"FEE_COMMISSION_INCOME":null,"FEE_COMMISSION_INCOME_YOY":null,"ACCOUNTS_RECE_TDAYS":19.248121909471,"INVENTORY_TDAYS":37.417252846295,"CURRENT_ASSETS_TDAYS":2.618040424563,"TOTAL_ASSETS_TDAYS":0.847017925245,"PREMIUM_EXPENSE":null,"LOAN_DEPOSIT":null,"LOAN_EQUITY":null,"LOAN_ASSETS":null,"DEPOSIT_EQUITY":null,"DEPOSIT_ASSETS":null,"EQUITY_MULTIPLIER":1.37358018247,"EQUITY_RATIO":0.37680409248},{"SECUCODE":"01308.HK","SECURITY_CODE":"01308","SECURITY_NAME_ABBR":"海丰国际","ORG_CODE":"10147903","STD_REPORT_DATE":"2023-06-30 00:00:00","REPORT_DATE":"2023-06-30 00:00:00","DATE_TYPE_CODE":"002","REPORT_TYPE":"2023年中报","PER_NETCASH_OPERATE":0.991724737385,"PER_OI":3.376048279174,"BPS":5.089693805129,"BASIC_EPS":0.8454186,"DILUTED_EPS":0.83530248,"OPERATE_INCOME":9056665978.2,"OPERATE_INCOME_YOY":-44.4833440598,"GROSS_PROFIT":2400251792.4,"GROSS_PROFIT_YOY":-70.306179347816,"HOLDER_PROFIT":2242144062.6,"HOLDER_PROFIT_YOY":-73.4187061132,"GROSS_PROFIT_RATIO":26.502598176609,"EPS_TTM":2.96341522807,"OPERATE_INCOME_QOQ":-21.279089182603,"NET_PROFIT_RATIO":24.9469633686,"ROE_AVG":15.34866615438,"GROSS_PROFIT_QOQ":-41.23103643381,"ROA":10.744659172342,"HOLDER_PROFIT_QOQ":-41.296386437226,"ROE_YEARLY":30.69733230876,"ROIC_YEARLY":29.301857376103,"TOTAL_ASSETS":19458942109.8,"TOTAL_LIABILITIES":5681198540.4,"TAX_EBT":2.967033990088,"OCF_SALES":29.375312654832,"TOTAL_PARENT_EQUITY":13676770240.2,"DEBT_ASSET_RATIO":29.1958242557,"OPERATE_PROFIT":2330840757.6,"PRETAX_PROFIT":2328449017.8,"NETCASH_OPERATE":2660423947.2,"NETCASH_INVEST":272260918.2,"NETCASH_FINANCE":-4748499502.2,"END_CASH":2109904696.8,"DIVI_RATIO":0.374648678823,"DIVIDEND_RATE":6.681270536692,"CURRENT_RATIO":1.57929679959,"COMMON_ACS":5000000000,"CURRENTDEBT_DEBT":60.613198548022,"ISSUED_COMMON_SHARES":2687149908,"HK_COMMON_SHARES":2687149908,"PER_SHARES":1000,"TOTAL_MARKET_CAP":49067357320.08,"HKSK_MARKET_CAP":49067357320.08,"PE_TTM":11.002650163944,"PB_TTM":2.992328928413,"REPORT_DATE_SQ":"2022-06-30 00:00:00","REPORT_TYPE_SQ":"2022年中报","OPERATE_INCOME_SQ":15152079458.2,"DPS_HKD":1.22,"OPERATE_INCOME_QOQ_SQ":34.013428710117,"NET_PROFIT_RATIO_SQ":51.8359914655,"HOLDER_PROFIT_SQ":7834559501.4,"HOLDER_PROFIT_QOQ_SQ":63.368935337286,"ROE_AVG_SQ":62.919152986629,"PE_TTM_SQ":4.29556918936,"PB_TTM_SQ":2.44135772352,"ROA_SQ":39.39753729744,"START_DATE":"2023-01-01 00:00:00","FISCAL_YEAR":"12-31","CURRENCY":"HKD","IS_CNY_CODE":0,"DPS_HKD_LY":2.2,"ORG_TYPE":"一般企业","PREMIUM_INCOME":null,"PREMIUM_INCOME_YOY":null,"NET_INTEREST_INCOME":null,"NET_INTEREST_INCOME_YOY":null,"FEE_COMMISSION_INCOME":null,"FEE_COMMISSION_INCOME_YOY":null,"ACCOUNTS_RECE_TDAYS":10.492917538719,"INVENTORY_TDAYS":19.335698168652,"CURRENT_ASSETS_TDAYS":1.265013327574,"TOTAL_ASSETS_TDAYS":0.43400774641,"PREMIUM_EXPENSE":null,"LOAN_DEPOSIT":null,"LOAN_EQUITY":null,"LOAN_ASSETS":null,"DEPOSIT_EQUITY":null,"DEPOSIT_ASSETS":null,"EQUITY_MULTIPLIER":1.412346079151,"EQUITY_RATIO":0.415390361951},{"SECUCODE":"01308.HK","SECURITY_CODE":"01308","SECURITY_NAME_ABBR":"海丰国际","ORG_CODE":"10147903","STD_REPORT_DATE":"2022-12-31 00:00:00","REPORT_DATE":"2022-12-31 00:00:00","DATE_TYPE_CODE":"001","REPORT_TYPE":"2022年年报","PER_NETCASH_OPERATE":5.199275723387,"PER_OI":10.678498367285,"BPS":5.57380548045,"BASIC_EPS":5.084158,"DILUTED_EPS":5.014512,"OPERATE_INCOME":28645086393,"OPERATE_INCOME_YOY":36.5320286133,"GROSS_PROFIT":13783514497.2,"GROSS_PROFIT_YOY":63.856812133398,"HOLDER_PROFIT":13542142355,"HOLDER_PROFIT_YOY":67.2315805951,"GROSS_PROFIT_RATIO":48.118250746726,"EPS_TTM":5.048326370653,"OPERATE_INCOME_QOQ":11.289586604292,"NET_PROFIT_RATIO":47.406475393,"ROE_AVG":106.478868920251,"GROSS_PROFIT_QOQ":6.885732114719,"ROA":67.057473868734,"HOLDER_PROFIT_QOQ":11.819390455429,"ROE_YEARLY":106.478868920251,"ROIC_YEARLY":100.492299470851,"TOTAL_ASSETS":21470858897.6,"TOTAL_LIABILITIES":6392423287,"TAX_EBT":1.177623182882,"OCF_SALES":48.689202775134,"TOTAL_PARENT_EQUITY":14977650884,"DEBT_ASSET_RATIO":29.7725550593,"OPERATE_PROFIT":13746379250,"PRETAX_PROFIT":13741448313.2,"NETCASH_OPERATE":13947064199,"NETCASH_INVEST":-2989171497,"NETCASH_FINANCE":-11966916985.4,"END_CASH":3793359929.8,"DIVI_RATIO":0.219922310581,"DIVIDEND_RATE":6.681270536692,"CURRENT_RATIO":2.51650408302,"COMMON_ACS":5000000000,"CURRENTDEBT_DEBT":53.207676677435,"ISSUED_COMMON_SHARES":2687149908,"HK_COMMON_SHARES":2687149908,"PER_SHARES":1000,"TOTAL_MARKET_CAP":49067357320.08,"HKSK_MARKET_CAP":49067357320.08,"PE_TTM":11.002650163944,"PB_TTM":2.992328928413,"REPORT_DATE_SQ":"2021-12-31 00:00:00","REPORT_TYPE_SQ":"2021年年报","OPERATE_INCOME_SQ":19206458337.9,"DPS_HKD":1.22,"OPERATE_INCOME_QOQ_SQ":33.794566146737,"NET_PROFIT_RATIO_SQ":38.7452127788,"HOLDER_PROFIT_SQ":7413115649.8,"HOLDER_PROFIT_QOQ_SQ":61.450951187383,"ROE_AVG_SQ":86.570266855386,"PE_TTM_SQ":4.29556918936,"PB_TTM_SQ":2.44135772352,"ROA_SQ":48.881646627829,"START_DATE":"2022-01-01 00:00:00","FISCAL_YEAR":"12-31","CURRENCY":"HKD","IS_CNY_CODE":0,"DPS_HKD_LY":3.8,"ORG_TYPE":"一般企业","PREMIUM_INCOME":null,"PREMIUM_INCOME_YOY":null,"NET_INTEREST_INCOME":null,"NET_INTEREST_INCOME_YOY":null,"FEE_COMMISSION_INCOME":null,"FEE_COMMISSION_INCOME_YOY":null,"ACCOUNTS_RECE_TDAYS":27.781883149999,"INVENTORY_TDAYS":45.074999207866,"CURRENT_ASSETS_TDAYS":3.407121981769,"TOTAL_ASSETS_TDAYS":1.418436671179,"PREMIUM_EXPENSE":null,"LOAN_DEPOSIT":null,"LOAN_EQUITY":null,"LOAN_ASSETS":null,"DEPOSIT_EQUITY":null,"DEPOSIT_ASSETS":null,"EQUITY_MULTIPLIER":1.423944728225,"EQUITY_RATIO":0.426797455523},{"SECUCODE":"01308.HK","SECURITY_CODE":"01308","SECURITY_NAME_ABBR":"海丰国际","ORG_CODE":"10147903","STD_REPORT_DATE":"2022-06-30 00:00:00","REPORT_DATE":"2022-06-30 00:00:00","DATE_TYPE_CODE":"002","REPORT_TYPE":"2022年中报","PER_NETCASH_OPERATE":2.854129273645,"PER_OI":5.648609038884,"BPS":5.517054964914,"BASIC_EPS":2.9496603,"DILUTED_EPS":2.92013014,"OPERATE_INCOME":15152079458.2,"OPERATE_INCOME_YOY":69.2100428934,"GROSS_PROFIT":8083337676.6,"GROSS_PROFIT_YOY":124.55565969117,"HOLDER_PROFIT":7834559501.4,"HOLDER_PROFIT_YOY":140.3994744516,"GROSS_PROFIT_RATIO":53.348041758225,"EPS_TTM":4.514810555996,"OPERATE_INCOME_QOQ":34.013428710117,"NET_PROFIT_RATIO":51.8359914655,"ROE_AVG":62.919152986629,"GROSS_PROFIT_QOQ":53.300921359207,"ROA":39.39753729744,"HOLDER_PROFIT_QOQ":63.368935337286,"ROE_YEARLY":125.838305973259,"ROIC_YEARLY":124.067818226746,"TOTAL_ASSETS":21540822191.8,"TOTAL_LIABILITIES":6612413561.4,"TAX_EBT":0.931443301151,"OCF_SALES":50.528001743396,"TOTAL_PARENT_EQUITY":14825153741.4,"DEBT_ASSET_RATIO":30.6971270759,"OPERATE_PROFIT":7901371488.4,"PRETAX_PROFIT":7928076149,"NETCASH_OPERATE":7656042972.8,"NETCASH_INVEST":-4945617237.2,"NETCASH_FINANCE":-5250636944.4,"END_CASH":2060446779.8,"DIVI_RATIO":0.245910561746,"DIVIDEND_RATE":6.681270536692,"CURRENT_RATIO":3.055865566801,"COMMON_ACS":5000000000,"CURRENTDEBT_DEBT":52.711035056042,"ISSUED_COMMON_SHARES":2687149908,"HK_COMMON_SHARES":2687149908,"PER_SHARES":1000,"TOTAL_MARKET_CAP":49067357320.08,"HKSK_MARKET_CAP":49067357320.08,"PE_TTM":11.002650163944,"PB_TTM":2.992328928413,"REPORT_DATE_SQ":"2021-06-30 00:00:00","REPORT_TYPE_SQ":"2021年中报","OPERATE_INCOME_SQ":8619304443.7,"DPS_HKD":1.22,"OPERATE_INCOME_QOQ_SQ":30.55454842199,"NET_PROFIT_RATIO_SQ":36.5692901636,"HOLDER_PROFIT_SQ":3136947038.8,"HOLDER_PROFIT_QOQ_SQ":100.127973306147,"ROE_AVG_SQ":36.470916053984,"PE_TTM_SQ":4.29556918936,"PB_TTM_SQ":2.44135772352,"ROA_SQ":21.983478482505,"START_DATE":"2022-01-01 00:00:00","FISCAL_YEAR":"12-31","CURRENCY":"HKD","IS_CNY_CODE":0,"DPS_HKD_LY":3.8,"ORG_TYPE":"一般企业","PREMIUM_INCOME":null,"PREMIUM_INCOME_YOY":null,"NET_INTEREST_INCOME":null,"NET_INTEREST_INCOME_YOY":null,"FEE_COMMISSION_INCOME":null,"FEE_COMMISSION_INCOME_YOY":null,"ACCOUNTS_RECE_TDAYS":11.488268309934,"INVENTORY_TDAYS":20.22979409957,"CURRENT_ASSETS_TDAYS":1.628682802748,"TOTAL_ASSETS_TDAYS":0.761950452328,"PREMIUM_EXPENSE":null,"LOAN_DEPOSIT":null,"LOAN_EQUITY":null,"LOAN_ASSETS":null,"DEPOSIT_EQUITY":null,"DEPOSIT_ASSETS":null,"EQUITY_MULTIPLIER":1.442941623928,"EQUITY_RATIO":0.446026643416},{"SECUCODE":"01308.HK","SECURITY_CODE":"01308","SECURITY_NAME_ABBR":"海丰国际","ORG_CODE":"10147903","STD_REPORT_DATE":"2021-12-31 00:00:00","REPORT_DATE":"2021-12-31 00:00:00","DATE_TYPE_CODE":"001","REPORT_TYPE":"2021年年报","PER_NETCASH_OPERATE":3.173631314824,"PER_OI":7.160224454334,"BPS":3.562996533017,"BASIC_EPS":2.805308,"DILUTED_EPS":2.741551,"OPERATE_INCOME":19206458337.9,"OPERATE_INCOME_YOY":78.7625202725,"GROSS_PROFIT":8411926436.1,"GROSS_PROFIT_YOY":189.688557887404,"HOLDER_PROFIT":7413115649.8,"HOLDER_PROFIT_YOY":230.6696926262,"GROSS_PROFIT_RATIO":43.797384651083,"EPS_TTM":2.763631431921,"OPERATE_INCOME_QOQ":33.794566146737,"NET_PROFIT_RATIO":38.7452127788,"ROE_AVG":86.570266855386,"GROSS_PROFIT_QOQ":56.320809723157,"ROA":48.881646627829,"HOLDER_PROFIT_QOQ":61.450951187383,"ROE_YEARLY":86.570266855386,"ROIC_YEARLY":70.592228087804,"TOTAL_ASSETS":17319098121.1,"TOTAL_LIABILITIES":7655551642.3,"TAX_EBT":1.476112254424,"OCF_SALES":44.323070248207,"TOTAL_PARENT_EQUITY":9574305805.9,"DEBT_ASSET_RATIO":44.2029463011,"OPERATE_PROFIT":7551270693.1,"PRETAX_PROFIT":7553075016.2,"NETCASH_OPERATE":8512892021.3,"NETCASH_INVEST":343133798.3,"NETCASH_FINANCE":-4808616697,"END_CASH":4426418984.8,"DIVI_RATIO":0.401732151102,"DIVIDEND_RATE":6.681270536692,"CURRENT_RATIO":1.509483314104,"COMMON_ACS":5000000000,"CURRENTDEBT_DEBT":65.399224977285,"ISSUED_COMMON_SHARES":2687149908,"HK_COMMON_SHARES":2687149908,"PER_SHARES":1000,"TOTAL_MARKET_CAP":49067357320.08,"HKSK_MARKET_CAP":49067357320.08,"PE_TTM":11.002650163944,"PB_TTM":2.992328928413,"REPORT_DATE_SQ":"2020-12-31 00:00:00","REPORT_TYPE_SQ":"2020年年报","OPERATE_INCOME_SQ":10995546158.3,"DPS_HKD":1.22,"OPERATE_INCOME_QOQ_SQ":0.236258928041,"NET_PROFIT_RATIO_SQ":20.9883056101,"HOLDER_PROFIT_SQ":2294311437.6,"HOLDER_PROFIT_QOQ_SQ":40.575665193115,"ROE_AVG_SQ":32.042574713063,"PE_TTM_SQ":4.29556918936,"PB_TTM_SQ":2.44135772352,"ROA_SQ":18.55348127089,"START_DATE":"2021-01-01 00:00:00","FISCAL_YEAR":"12-31","CURRENCY":"HKD","IS_CNY_CODE":0,"DPS_HKD_LY":1.6,"ORG_TYPE":"一般企业","PREMIUM_INCOME":null,"PREMIUM_INCOME_YOY":null,"NET_INTEREST_INCOME":null,"NET_INTEREST_INCOME_YOY":null,"FEE_COMMISSION_INCOME":null,"FEE_COMMISSION_INCOME_YOY":null,"ACCOUNTS_RECE_TDAYS":23.087423359902,"INVENTORY_TDAYS":54.738894277401,"CURRENT_ASSETS_TDAYS":3.225257556737,"TOTAL_ASSETS_TDAYS":1.266462515623,"PREMIUM_EXPENSE":null,"LOAN_DEPOSIT":null,"LOAN_EQUITY":null,"LOAN_ASSETS":null,"DEPOSIT_EQUITY":null,"DEPOSIT_ASSETS":null,"EQUITY_MULTIPLIER":1.792209325955,"EQUITY_RATIO":0.799593390633},{"SECUCODE":"01308.HK","SECURITY_CODE":"01308","SECURITY_NAME_ABBR":"海丰国际","ORG_CODE":"10147903","STD_REPORT_DATE":"2021-06-30 00:00:00","REPORT_DATE":"2021-06-30 00:00:00","DATE_TYPE_CODE":"002","REPORT_TYPE":"2021年中报","PER_NETCASH_OPERATE":1.369099952043,"PER_OI":3.213617626066,"BPS":3.554157388342,"BASIC_EPS":1.17832224,"DILUTED_EPS":1.1692781,"OPERATE_INCOME":8619304443.7,"OPERATE_INCOME_YOY":79.5880706864,"GROSS_PROFIT":3599703382.1,"GROSS_PROFIT_YOY":220.74573409343,"HOLDER_PROFIT":3136947038.8,"HOLDER_PROFIT_YOY":309.398870247,"GROSS_PROFIT_RATIO":41.763269943796,"EPS_TTM":1.711914803582,"OPERATE_INCOME_QOQ":30.55454842199,"NET_PROFIT_RATIO":36.5692901636,"ROE_AVG":36.470916053984,"GROSS_PROFIT_QOQ":85.316694815259,"ROA":21.983478482505,"HOLDER_PROFIT_QOQ":100.127973306147,"ROE_YEARLY":72.941832107967,"ROIC_YEARLY":61.480571292194,"TOTAL_ASSETS":15355108591.5,"TOTAL_LIABILITIES":5725134423,"TAX_EBT":1.716809952381,"OCF_SALES":42.6030757654,"TOTAL_PARENT_EQUITY":9550553699.1,"DEBT_ASSET_RATIO":37.2848839778,"OPERATE_PROFIT":3211671015.5,"PRETAX_PROFIT":3207077884.4,"NETCASH_OPERATE":3672088802.6,"NETCASH_INVEST":572526362.5,"NETCASH_FINANCE":-1885425405.7,"END_CASH":2751447031.4,"DIVI_RATIO":0.648536713204,"DIVIDEND_RATE":6.681270536692,"CURRENT_RATIO":2.115417511622,"COMMON_ACS":5000000000,"CURRENTDEBT_DEBT":49.076876205951,"ISSUED_COMMON_SHARES":2687149908,"HK_COMMON_SHARES":2687149908,"PER_SHARES":1000,"TOTAL_MARKET_CAP":49067357320.08,"HKSK_MARKET_CAP":49067357320.08,"PE_TTM":11.002650163944,"PB_TTM":2.992328928413,"REPORT_DATE_SQ":"2020-06-30 00:00:00","REPORT_TYPE_SQ":"2020年中报","OPERATE_INCOME_SQ":5259664968.5,"DPS_HKD":1.22,"OPERATE_INCOME_QOQ_SQ":1.204736095679,"NET_PROFIT_RATIO_SQ":16.1033888199,"HOLDER_PROFIT_SQ":839699495,"HOLDER_PROFIT_QOQ_SQ":6.352089069855,"ROE_AVG_SQ":11.659506242864,"PE_TTM_SQ":4.29556918936,"PB_TTM_SQ":2.44135772352,"ROA_SQ":6.659332286982,"START_DATE":"2021-01-01 00:00:00","FISCAL_YEAR":"12-31","CURRENCY":"HKD","IS_CNY_CODE":0,"DPS_HKD_LY":1.6,"ORG_TYPE":"一般企业","PREMIUM_INCOME":null,"PREMIUM_INCOME_YOY":null,"NET_INTEREST_INCOME":null,"NET_INTEREST_INCOME_YOY":null,"FEE_COMMISSION_INCOME":null,"FEE_COMMISSION_INCOME_YOY":null,"ACCOUNTS_RECE_TDAYS":11.596464315048,"INVENTORY_TDAYS":27.549362690351,"CURRENT_ASSETS_TDAYS":1.664940876397,"TOTAL_ASSETS_TDAYS":0.604034086099,"PREMIUM_EXPENSE":null,"LOAN_DEPOSIT":null,"LOAN_EQUITY":null,"LOAN_ASSETS":null,"DEPOSIT_EQUITY":null,"DEPOSIT_ASSETS":null,"EQUITY_MULTIPLIER":1.594511919018,"EQUITY_RATIO":0.599455759674},{"SECUCODE":"01308.HK","SECURITY_CODE":"01308","SECURITY_NAME_ABBR":"海丰国际","ORG_CODE":"10147903","STD_REPORT_DATE":"2020-12-31 00:00:00","REPORT_DATE":"2020-12-31 00:00:00","DATE_TYPE_CODE":"001","REPORT_TYPE":"2020年年报","PER_NETCASH_OPERATE":1.220101782461,"PER_OI":4.100783149998,"BPS":2.876154844689,"BASIC_EPS":0.86259178,"DILUTED_EPS":0.85541439,"OPERATE_INCOME":10995546158.3,"OPERATE_INCOME_YOY":8.4602868732,"GROSS_PROFIT":2903782771.9,"GROSS_PROFIT_YOY":39.607089939405,"HOLDER_PROFIT":2294311437.6,"HOLDER_PROFIT_YOY":59.8458020611,"GROSS_PROFIT_RATIO":26.408717949022,"EPS_TTM":0.855662242576,"OPERATE_INCOME_QOQ":0.236258928041,"NET_PROFIT_RATIO":20.9883056101,"ROE_AVG":32.042574713063,"GROSS_PROFIT_QOQ":30.812206592858,"ROA":18.55348127089,"HOLDER_PROFIT_QOQ":40.575665193115,"ROE_YEARLY":32.042574713063,"ROIC_YEARLY":24.721610844706,"TOTAL_ASSETS":13316270391.1,"TOTAL_LIABILITIES":5516483229.9,"TAX_EBT":3.098381630534,"OCF_SALES":29.752896893898,"TOTAL_PARENT_EQUITY":7728659226.3,"DEBT_ASSET_RATIO":41.42663875,"OPERATE_PROFIT":2404556148,"PRETAX_PROFIT":2381568925.3,"NETCASH_OPERATE":3271493511.4,"NETCASH_INVEST":-2112201478.6,"NETCASH_FINANCE":-1262196230.7,"END_CASH":398925861.1,"DIVI_RATIO":1.297520849649,"DIVIDEND_RATE":6.681270536692,"CURRENT_RATIO":1.808741707115,"COMMON_ACS":5000000000,"CURRENTDEBT_DEBT":44.642681834902,"ISSUED_COMMON_SHARES":2687149908,"HK_COMMON_SHARES":2687149908,"PER_SHARES":1000,"TOTAL_MARKET_CAP":49067357320.08,"HKSK_MARKET_CAP":49067357320.08,"PE_TTM":11.002650163944,"PB_TTM":2.992328928413,"REPORT_DATE_SQ":"2019-12-31 00:00:00","REPORT_TYPE_SQ":"2019年年报","OPERATE_INCOME_SQ":10839047511.6,"DPS_HKD":1.22,"OPERATE_INCOME_QOQ_SQ":3.319672705188,"NET_PROFIT_RATIO_SQ":14.2570916988,"HOLDER_PROFIT_SQ":1534603547.4,"HOLDER_PROFIT_QOQ_SQ":2.60641610427,"ROE_AVG_SQ":21.489736356865,"PE_TTM_SQ":4.29556918936,"PB_TTM_SQ":2.44135772352,"ROA_SQ":13.326144540177,"START_DATE":"2020-01-01 00:00:00","FISCAL_YEAR":"12-31","CURRENCY":"HKD","IS_CNY_CODE":0,"DPS_HKD_LY":0.79,"ORG_TYPE":"一般企业","PREMIUM_INCOME":null,"PREMIUM_INCOME_YOY":null,"NET_INTEREST_INCOME":null,"NET_INTEREST_INCOME_YOY":null,"FEE_COMMISSION_INCOME":null,"FEE_COMMISSION_INCOME_YOY":null,"ACCOUNTS_RECE_TDAYS":19.31722386845,"INVENTORY_TDAYS":58.426703729005,"CURRENT_ASSETS_TDAYS":2.805752137613,"TOTAL_ASSETS_TDAYS":0.889180328215,"PREMIUM_EXPENSE":null,"LOAN_DEPOSIT":null,"LOAN_EQUITY":null,"LOAN_ASSETS":null,"DEPOSIT_EQUITY":null,"DEPOSIT_ASSETS":null,"EQUITY_MULTIPLIER":1.707260738771,"EQUITY_RATIO":0.713769758554},{"SECUCODE":"01308.HK","SECURITY_CODE":"01308","SECURITY_NAME_ABBR":"海丰国际","ORG_CODE":"10147903","STD_REPORT_DATE":"2020-06-30 00:00:00","REPORT_DATE":"2020-06-30 00:00:00","DATE_TYPE_CODE":"002","REPORT_TYPE":"2020年中报","PER_NETCASH_OPERATE":0.530233952883,"PER_OI":1.963346044022,"BPS":2.698648638251,"BASIC_EPS":0.3157457,"DILUTED_EPS":0.31362185,"OPERATE_INCOME":5259664968.5,"OPERATE_INCOME_YOY":-0.4205977635,"GROSS_PROFIT":1122291896.5,"GROSS_PROFIT_YOY":14.234039585482,"HOLDER_PROFIT":839699495,"HOLDER_PROFIT_YOY":9.8606943055,"GROSS_PROFIT_RATIO":21.337706930411,"EPS_TTM":0.60922959665,"OPERATE_INCOME_QOQ":1.204736095679,"NET_PROFIT_RATIO":16.1033888199,"ROE_AVG":11.659506242864,"GROSS_PROFIT_QOQ":6.72328949692,"ROA":6.659332286982,"HOLDER_PROFIT_QOQ":6.352089069855,"ROE_YEARLY":23.319012485728,"ROIC_YEARLY":17.799480842223,"TOTAL_ASSETS":12832832662.5,"TOTAL_LIABILITIES":5514548207,"TAX_EBT":3.926024669151,"OCF_SALES":27.006647885504,"TOTAL_PARENT_EQUITY":7251673440,"DEBT_ASSET_RATIO":42.9721819962,"OPERATE_PROFIT":899769052.5,"PRETAX_PROFIT":881595976,"NETCASH_OPERATE":1420459198,"NETCASH_INVEST":1389196126,"NETCASH_FINANCE":-610429887.5,"END_CASH":2739256776,"DIVI_RATIO":1.822366487291,"DIVIDEND_RATE":6.681270536692,"CURRENT_RATIO":1.655771680865,"COMMON_ACS":5000000000,"CURRENTDEBT_DEBT":43.731657906967,"ISSUED_COMMON_SHARES":2687149908,"HK_COMMON_SHARES":2687149908,"PER_SHARES":1000,"TOTAL_MARKET_CAP":49067357320.08,"HKSK_MARKET_CAP":49067357320.08,"PE_TTM":11.002650163944,"PB_TTM":2.992328928413,"REPORT_DATE_SQ":"2019-06-30 00:00:00","REPORT_TYPE_SQ":"2019年中报","OPERATE_INCOME_SQ":5129083050.7,"DPS_HKD":1.22,"OPERATE_INCOME_QOQ_SQ":5.48402265709,"NET_PROFIT_RATIO_SQ":14.5805884348,"HOLDER_PROFIT_SQ":742220110.8,"HOLDER_PROFIT_QOQ_SQ":10.330894720879,"ROE_AVG_SQ":10.329130781698,"PE_TTM_SQ":4.29556918936,"PB_TTM_SQ":2.44135772352,"ROA_SQ":6.436080777094,"START_DATE":"2020-01-01 00:00:00","FISCAL_YEAR":"12-31","CURRENCY":"HKD","IS_CNY_CODE":0,"DPS_HKD_LY":0.79,"ORG_TYPE":"一般企业","PREMIUM_INCOME":null,"PREMIUM_INCOME_YOY":null,"NET_INTEREST_INCOME":null,"NET_INTEREST_INCOME_YOY":null,"FEE_COMMISSION_INCOME":null,"FEE_COMMISSION_INCOME_YOY":null,"ACCOUNTS_RECE_TDAYS":11.95191518798,"INVENTORY_TDAYS":30.151734812331,"CURRENT_ASSETS_TDAYS":1.372544056872,"TOTAL_ASSETS_TDAYS":0.417123708565,"PREMIUM_EXPENSE":null,"LOAN_DEPOSIT":null,"LOAN_EQUITY":null,"LOAN_ASSETS":null,"DEPOSIT_EQUITY":null,"DEPOSIT_ASSETS":null,"EQUITY_MULTIPLIER":1.75353018054,"EQUITY_RATIO":0.760451811934}],"count":45},"success":true,"message":"ok","code":0}