{"version":"8a5bb5af89caeb5d7c9825162123d374","result":{"pages":3,"data":[{"SECUCODE":"01305.HK","SECURITY_CODE":"01305","SECURITY_NAME_ABBR":"伟志控股","ORG_CODE":"10425605","STD_REPORT_DATE":"2024-06-30 00:00:00","REPORT_DATE":"2024-06-30 00:00:00","DATE_TYPE_CODE":"002","REPORT_TYPE":"2024年中报","PER_NETCASH_OPERATE":0.100466451974,"PER_OI":4.843561295437,"BPS":3.700548236568,"BASIC_EPS":0.09948212,"DILUTED_EPS":0.09948212,"OPERATE_INCOME":1064251505.64,"OPERATE_INCOME_YOY":35.9791636056,"GROSS_PROFIT":120706493.4,"GROSS_PROFIT_YOY":16.126437443371,"HOLDER_PROFIT":21874201.56,"HOLDER_PROFIT_YOY":-0.6672745358,"GROSS_PROFIT_RATIO":11.341914271233,"EPS_TTM":0.148506004597,"OPERATE_INCOME_QOQ":15.204897549984,"NET_PROFIT_RATIO":2.0808302739,"ROE_AVG":2.727528785176,"GROSS_PROFIT_QOQ":6.886470621194,"ROA":0.940387580779,"HOLDER_PROFIT_QOQ":-1.125186278928,"ROE_YEARLY":5.455057570352,"ROIC_YEARLY":2.148738287541,"TOTAL_ASSETS":2462900749.16,"TOTAL_LIABILITIES":1647986118.08,"TAX_EBT":12.552708400908,"OCF_SALES":2.074226913752,"TOTAL_PARENT_EQUITY":813102961.28,"DEBT_ASSET_RATIO":66.9124047586,"OPERATE_PROFIT":54554534.32,"PRETAX_PROFIT":25324131.96,"NETCASH_OPERATE":22074991.16,"NETCASH_INVEST":-152454979.88,"NETCASH_FINANCE":62600721.2,"END_CASH":250792599.16,"DIVI_RATIO":null,"DIVIDEND_RATE":null,"CURRENT_RATIO":1.286966231946,"COMMON_ACS":1000000000,"CURRENTDEBT_DEBT":96.561637432601,"ISSUED_COMMON_SHARES":219725000,"HK_COMMON_SHARES":219725000,"PER_SHARES":1000,"TOTAL_MARKET_CAP":175780000,"HKSK_MARKET_CAP":175780000,"PE_TTM":4.848300970874,"PB_TTM":0.197306980837,"REPORT_DATE_SQ":"2023-06-30 00:00:00","REPORT_TYPE_SQ":"2023年中报","OPERATE_INCOME_SQ":790632885.24,"DPS_HKD":null,"OPERATE_INCOME_QOQ_SQ":-8.117763035779,"NET_PROFIT_RATIO_SQ":2.8820880241,"HOLDER_PROFIT_SQ":22245533.44,"HOLDER_PROFIT_QOQ_SQ":-11.070051756873,"ROE_AVG_SQ":2.912140335039,"PE_TTM_SQ":3.826912915851,"PB_TTM_SQ":0.235105665468,"ROA_SQ":0.926901087461,"START_DATE":"2024-01-01 00:00:00","FISCAL_YEAR":"12-31","CURRENCY":"HKD","IS_CNY_CODE":0,"DPS_HKD_LY":null,"ORG_TYPE":"一般企业","PREMIUM_INCOME":null,"PREMIUM_INCOME_YOY":null,"NET_INTEREST_INCOME":null,"NET_INTEREST_INCOME_YOY":null,"FEE_COMMISSION_INCOME":null,"FEE_COMMISSION_INCOME_YOY":null,"ACCOUNTS_RECE_TDAYS":1.1274864669,"INVENTORY_TDAYS":3.467198352623,"CURRENT_ASSETS_TDAYS":0.552201956879,"TOTAL_ASSETS_TDAYS":0.457529339292,"PREMIUM_EXPENSE":null,"LOAN_DEPOSIT":null,"LOAN_EQUITY":null,"LOAN_ASSETS":null,"DEPOSIT_EQUITY":null,"DEPOSIT_ASSETS":null,"EQUITY_MULTIPLIER":3.022280684662,"EQUITY_RATIO":2.026786516047},{"SECUCODE":"01305.HK","SECURITY_CODE":"01305","SECURITY_NAME_ABBR":"伟志控股","ORG_CODE":"10425605","STD_REPORT_DATE":"2023-12-31 00:00:00","REPORT_DATE":"2023-12-31 00:00:00","DATE_TYPE_CODE":"001","REPORT_TYPE":"2023年年报","PER_NETCASH_OPERATE":-0.560650031357,"PER_OI":8.189976911867,"BPS":3.573816580635,"BASIC_EPS":0.15224496,"DILUTED_EPS":0.15043252,"OPERATE_INCOME":1799542676.96,"OPERATE_INCOME_YOY":-10.4037625792,"GROSS_PROFIT":243411598.22,"GROSS_PROFIT_YOY":3.732137120723,"HOLDER_PROFIT":33001813.74,"HOLDER_PROFIT_YOY":-39.2158499132,"GROSS_PROFIT_RATIO":13.526303173382,"EPS_TTM":0.150195989259,"OPERATE_INCOME_QOQ":-1.074305939167,"NET_PROFIT_RATIO":1.8497125545,"ROE_AVG":4.30510354024,"GROSS_PROFIT_QOQ":0.898849452876,"ROA":1.422119648307,"HOLDER_PROFIT_QOQ":-30.658504645159,"ROE_YEARLY":4.30510354024,"ROIC_YEARLY":1.6172427736,"TOTAL_ASSETS":2173770757.06,"TOTAL_LIABILITIES":1386986928.18,"TAX_EBT":5.563697133308,"OCF_SALES":-6.845563026497,"TOTAL_PARENT_EQUITY":785256848.18,"DEBT_ASSET_RATIO":63.805574883,"OPERATE_PROFIT":69546041.46,"PRETAX_PROFIT":35247426.9,"NETCASH_OPERATE":-123188828.14,"NETCASH_INVEST":391645628.5,"NETCASH_FINANCE":-174243450.5,"END_CASH":323709033.76,"DIVI_RATIO":null,"DIVIDEND_RATE":null,"CURRENT_RATIO":1.296763855387,"COMMON_ACS":1000000000,"CURRENTDEBT_DEBT":99.733881121371,"ISSUED_COMMON_SHARES":219725000,"HK_COMMON_SHARES":219725000,"PER_SHARES":1000,"TOTAL_MARKET_CAP":199949750,"HKSK_MARKET_CAP":199949750,"PE_TTM":5.514942354369,"PB_TTM":0.224436690702,"REPORT_DATE_SQ":"2022-12-31 00:00:00","REPORT_TYPE_SQ":"2022年年报","OPERATE_INCOME_SQ":1979800751.04,"DPS_HKD":null,"OPERATE_INCOME_QOQ_SQ":11.179806966785,"NET_PROFIT_RATIO_SQ":2.6528277097,"HOLDER_PROFIT_SQ":53517592.24,"HOLDER_PROFIT_QOQ_SQ":-6.765728267797,"ROE_AVG_SQ":7.289593178599,"PE_TTM_SQ":4.428899217221,"PB_TTM_SQ":0.272088579137,"ROA_SQ":2.324681739538,"START_DATE":"2023-01-01 00:00:00","FISCAL_YEAR":"12-31","CURRENCY":"HKD","IS_CNY_CODE":0,"DPS_HKD_LY":null,"ORG_TYPE":"一般企业","PREMIUM_INCOME":null,"PREMIUM_INCOME_YOY":null,"NET_INTEREST_INCOME":null,"NET_INTEREST_INCOME_YOY":null,"FEE_COMMISSION_INCOME":null,"FEE_COMMISSION_INCOME_YOY":null,"ACCOUNTS_RECE_TDAYS":2.115476314763,"INVENTORY_TDAYS":6.329799508263,"CURRENT_ASSETS_TDAYS":0.963907494844,"TOTAL_ASSETS_TDAYS":0.775461924315,"PREMIUM_EXPENSE":null,"LOAN_DEPOSIT":null,"LOAN_EQUITY":null,"LOAN_ASSETS":null,"DEPOSIT_EQUITY":null,"DEPOSIT_ASSETS":null,"EQUITY_MULTIPLIER":2.762856425451,"EQUITY_RATIO":1.766284409228},{"SECUCODE":"01305.HK","SECURITY_CODE":"01305","SECURITY_NAME_ABBR":"伟志控股","ORG_CODE":"10425605","STD_REPORT_DATE":"2023-06-30 00:00:00","REPORT_DATE":"2023-06-30 00:00:00","DATE_TYPE_CODE":"002","REPORT_TYPE":"2023年中报","PER_NETCASH_OPERATE":-0.186657678098,"PER_OI":3.598283696621,"BPS":3.490184714894,"BASIC_EPS":0.101233404,"DILUTED_EPS":0.101233404,"OPERATE_INCOME":790632885.24,"OPERATE_INCOME_YOY":-22.9138444196,"GROSS_PROFIT":103944025.2,"GROSS_PROFIT_YOY":6.768226730069,"HOLDER_PROFIT":22245533.44,"HOLDER_PROFIT_YOY":-26.7516697025,"GROSS_PROFIT_RATIO":13.146939261001,"EPS_TTM":0.216603331801,"OPERATE_INCOME_QOQ":-8.117763035779,"NET_PROFIT_RATIO":2.8820880241,"ROE_AVG":2.912140335039,"GROSS_PROFIT_QOQ":2.808047547828,"ROA":0.926901087461,"HOLDER_PROFIT_QOQ":-11.070051756873,"ROE_YEARLY":5.824280670077,"ROIC_YEARLY":2.031716519633,"TOTAL_ASSETS":2289624848.44,"TOTAL_LIABILITIES":1521190475.66,"TAX_EBT":1.159768046391,"OCF_SALES":-5.187408604633,"TOTAL_PARENT_EQUITY":766880836.48,"DEBT_ASSET_RATIO":66.4384157386,"OPERATE_PROFIT":39290177.7,"PRETAX_PROFIT":23054109.9,"NETCASH_OPERATE":-41013358.32,"NETCASH_INVEST":-15783375.62,"NETCASH_FINANCE":109464841.44,"END_CASH":179956666.3,"DIVI_RATIO":null,"DIVIDEND_RATE":null,"CURRENT_RATIO":1.163811746536,"COMMON_ACS":1000000000,"CURRENTDEBT_DEBT":98.735815195552,"ISSUED_COMMON_SHARES":219725000,"HK_COMMON_SHARES":219725000,"PER_SHARES":1000,"TOTAL_MARKET_CAP":199949750,"HKSK_MARKET_CAP":199949750,"PE_TTM":5.514942354369,"PB_TTM":0.224436690702,"REPORT_DATE_SQ":"2022-06-30 00:00:00","REPORT_TYPE_SQ":"2022年中报","OPERATE_INCOME_SQ":951348418.79,"DPS_HKD":null,"OPERATE_INCOME_QOQ_SQ":13.283557174252,"NET_PROFIT_RATIO_SQ":2.919345835,"HOLDER_PROFIT_SQ":28169958.6,"HOLDER_PROFIT_QOQ_SQ":36.406281587849,"ROE_AVG_SQ":4.000376477446,"PE_TTM_SQ":4.428899217221,"PB_TTM_SQ":0.272088579137,"ROA_SQ":1.289966593625,"START_DATE":"2023-01-01 00:00:00","FISCAL_YEAR":"12-31","CURRENCY":"HKD","IS_CNY_CODE":0,"DPS_HKD_LY":null,"ORG_TYPE":"一般企业","PREMIUM_INCOME":null,"PREMIUM_INCOME_YOY":null,"NET_INTEREST_INCOME":null,"NET_INTEREST_INCOME_YOY":null,"FEE_COMMISSION_INCOME":null,"FEE_COMMISSION_INCOME_YOY":null,"ACCOUNTS_RECE_TDAYS":0.956633246413,"INVENTORY_TDAYS":3.186887855306,"CURRENT_ASSETS_TDAYS":0.424868284282,"TOTAL_ASSETS_TDAYS":0.329431741022,"PREMIUM_EXPENSE":null,"LOAN_DEPOSIT":null,"LOAN_EQUITY":null,"LOAN_ASSETS":null,"DEPOSIT_EQUITY":null,"DEPOSIT_ASSETS":null,"EQUITY_MULTIPLIER":2.979597125724,"EQUITY_RATIO":1.983607365445},{"SECUCODE":"01305.HK","SECURITY_CODE":"01305","SECURITY_NAME_ABBR":"伟志控股","ORG_CODE":"10425605","STD_REPORT_DATE":"2022-12-31 00:00:00","REPORT_DATE":"2022-12-31 00:00:00","DATE_TYPE_CODE":"001","REPORT_TYPE":"2022年年报","PER_NETCASH_OPERATE":1.317417213559,"PER_OI":9.130869369492,"BPS":3.35512171346,"BASIC_EPS":0.24654252,"DILUTED_EPS":0.24654252,"OPERATE_INCOME":1979800751.04,"OPERATE_INCOME_YOY":15.2791929658,"GROSS_PROFIT":234653989.57,"GROSS_PROFIT_YOY":1.703211551039,"HOLDER_PROFIT":53517592.24,"HOLDER_PROFIT_YOY":16.4040490392,"GROSS_PROFIT_RATIO":11.852404311229,"EPS_TTM":0.246823900565,"OPERATE_INCOME_QOQ":11.179806966785,"NET_PROFIT_RATIO":2.6528277097,"ROE_AVG":7.289593178599,"GROSS_PROFIT_QOQ":6.969893461048,"ROA":2.324681739538,"HOLDER_PROFIT_QOQ":-6.765728267797,"ROE_YEARLY":7.289593178599,"ROIC_YEARLY":2.505981885673,"TOTAL_ASSETS":2432183943.49,"TOTAL_LIABILITIES":1693984722.22,"TAX_EBT":0.637114900377,"OCF_SALES":14.428168449777,"TOTAL_PARENT_EQUITY":737204118.49,"DEBT_ASSET_RATIO":69.6487092086,"OPERATE_PROFIT":88757093.74,"PRETAX_PROFIT":52857465.71,"NETCASH_OPERATE":285648987.33,"NETCASH_INVEST":-264338244.94,"NETCASH_FINANCE":122542351.68,"END_CASH":230385052.24,"DIVI_RATIO":null,"DIVIDEND_RATE":null,"CURRENT_RATIO":1.143713307437,"COMMON_ACS":1000000000,"CURRENTDEBT_DEBT":98.703692180811,"ISSUED_COMMON_SHARES":219725000,"HK_COMMON_SHARES":219725000,"PER_SHARES":1000,"TOTAL_MARKET_CAP":199949750,"HKSK_MARKET_CAP":199949750,"PE_TTM":5.514942354369,"PB_TTM":0.224436690702,"REPORT_DATE_SQ":"2021-12-31 00:00:00","REPORT_TYPE_SQ":"2021年年报","OPERATE_INCOME_SQ":1571913672,"DPS_HKD":null,"OPERATE_INCOME_QOQ_SQ":15.494067690398,"NET_PROFIT_RATIO_SQ":2.7016610363,"HOLDER_PROFIT_SQ":42081054.4,"HOLDER_PROFIT_QOQ_SQ":28.046790338104,"ROE_AVG_SQ":6.563517001459,"PE_TTM_SQ":4.428899217221,"PB_TTM_SQ":0.272088579137,"ROA_SQ":2.306137527685,"START_DATE":"2022-01-01 00:00:00","FISCAL_YEAR":"12-31","CURRENCY":"HKD","IS_CNY_CODE":0,"DPS_HKD_LY":null,"ORG_TYPE":"一般企业","PREMIUM_INCOME":null,"PREMIUM_INCOME_YOY":null,"NET_INTEREST_INCOME":null,"NET_INTEREST_INCOME_YOY":null,"FEE_COMMISSION_INCOME":null,"FEE_COMMISSION_INCOME_YOY":null,"ACCOUNTS_RECE_TDAYS":2.430359758933,"INVENTORY_TDAYS":6.636166931616,"CURRENT_ASSETS_TDAYS":1.129423275368,"TOTAL_ASSETS_TDAYS":0.859980141339,"PREMIUM_EXPENSE":null,"LOAN_DEPOSIT":null,"LOAN_EQUITY":null,"LOAN_ASSETS":null,"DEPOSIT_EQUITY":null,"DEPOSIT_ASSETS":null,"EQUITY_MULTIPLIER":3.294752789504,"EQUITY_RATIO":2.297850323584},{"SECUCODE":"01305.HK","SECURITY_CODE":"01305","SECURITY_NAME_ABBR":"伟志控股","ORG_CODE":"10425605","STD_REPORT_DATE":"2022-06-30 00:00:00","REPORT_DATE":"2022-06-30 00:00:00","DATE_TYPE_CODE":"002","REPORT_TYPE":"2022年中报","PER_NETCASH_OPERATE":0.728791872801,"PER_OI":4.38763250912,"BPS":3.224069219069,"BASIC_EPS":0.129903361,"DILUTED_EPS":0.129903361,"OPERATE_INCOME":951348418.79,"OPERATE_INCOME_YOY":24.6581943157,"GROSS_PROFIT":97354829.6,"GROSS_PROFIT_YOY":-10.449151058269,"HOLDER_PROFIT":28169958.6,"HOLDER_PROFIT_YOY":113.3005245095,"GROSS_PROFIT_RATIO":10.233351701349,"EPS_TTM":0.264735162274,"OPERATE_INCOME_QOQ":13.283557174252,"NET_PROFIT_RATIO":2.919345835,"ROE_AVG":4.000376477446,"GROSS_PROFIT_QOQ":-4.923517954075,"ROA":1.289966593625,"HOLDER_PROFIT_QOQ":36.406281587849,"ROE_YEARLY":8.000752954893,"ROIC_YEARLY":2.731449166873,"TOTAL_ASSETS":2288035189.3,"TOTAL_LIABILITIES":1578689291.9,"TAX_EBT":-0.321265290992,"OCF_SALES":16.610139324243,"TOTAL_PARENT_EQUITY":708408609.16,"DEBT_ASSET_RATIO":68.9975966839,"OPERATE_PROFIT":45714181.45,"PRETAX_PROFIT":27684210.68,"NETCASH_OPERATE":158020297.82,"NETCASH_INVEST":-116618839.54,"NETCASH_FINANCE":11976080.76,"END_CASH":143944725.61,"DIVI_RATIO":null,"DIVIDEND_RATE":null,"CURRENT_RATIO":1.137722262783,"COMMON_ACS":1000000000,"CURRENTDEBT_DEBT":98.385490869497,"ISSUED_COMMON_SHARES":219725000,"HK_COMMON_SHARES":219725000,"PER_SHARES":1000,"TOTAL_MARKET_CAP":199949750,"HKSK_MARKET_CAP":199949750,"PE_TTM":5.514942354369,"PB_TTM":0.224436690702,"REPORT_DATE_SQ":"2021-06-30 00:00:00","REPORT_TYPE_SQ":"2021年中报","OPERATE_INCOME_SQ":742542367.44,"DPS_HKD":null,"OPERATE_INCOME_QOQ_SQ":15.848942135291,"NET_PROFIT_RATIO_SQ":1.6893902126,"HOLDER_PROFIT_SQ":12849811.44,"HOLDER_PROFIT_QOQ_SQ":26.130074649693,"ROE_AVG_SQ":2.016967182979,"PE_TTM_SQ":4.428899217221,"PB_TTM_SQ":0.272088579137,"ROA_SQ":0.726734712653,"START_DATE":"2022-01-01 00:00:00","FISCAL_YEAR":"12-31","CURRENCY":"HKD","IS_CNY_CODE":0,"DPS_HKD_LY":null,"ORG_TYPE":"一般企业","PREMIUM_INCOME":null,"PREMIUM_INCOME_YOY":null,"NET_INTEREST_INCOME":null,"NET_INTEREST_INCOME_YOY":null,"FEE_COMMISSION_INCOME":null,"FEE_COMMISSION_INCOME_YOY":null,"ACCOUNTS_RECE_TDAYS":1.147926270848,"INVENTORY_TDAYS":2.99399612334,"CURRENT_ASSETS_TDAYS":0.577849103001,"TOTAL_ASSETS_TDAYS":0.435644118816,"PREMIUM_EXPENSE":null,"LOAN_DEPOSIT":null,"LOAN_EQUITY":null,"LOAN_ASSETS":null,"DEPOSIT_EQUITY":null,"DEPOSIT_ASSETS":null,"EQUITY_MULTIPLIER":3.225556386078,"EQUITY_RATIO":2.228500997146},{"SECUCODE":"01305.HK","SECURITY_CODE":"01305","SECURITY_NAME_ABBR":"伟志控股","ORG_CODE":"10425605","STD_REPORT_DATE":"2021-12-31 00:00:00","REPORT_DATE":"2021-12-31 00:00:00","DATE_TYPE_CODE":"001","REPORT_TYPE":"2021年年报","PER_NETCASH_OPERATE":0.963118282486,"PER_OI":7.249688329298,"BPS":3.045580000455,"BASIC_EPS":0.196224,"DILUTED_EPS":0.196224,"OPERATE_INCOME":1571913672,"OPERATE_INCOME_YOY":37.7327550634,"GROSS_PROFIT":230724267.2,"GROSS_PROFIT_YOY":38.161814628571,"HOLDER_PROFIT":42081054.4,"HOLDER_PROFIT_YOY":66.2542799922,"GROSS_PROFIT_RATIO":14.677922287325,"EPS_TTM":0.194078424536,"OPERATE_INCOME_QOQ":15.494067690398,"NET_PROFIT_RATIO":2.7016610363,"ROE_AVG":6.563517001459,"GROSS_PROFIT_QOQ":15.201253643831,"ROA":2.306137527685,"HOLDER_PROFIT_QOQ":28.046790338104,"ROE_YEARLY":6.563517001459,"ROIC_YEARLY":2.424214734868,"TOTAL_ASSETS":1988108046.4,"TOTAL_LIABILITIES":1317635166.4,"TAX_EBT":-0.133017176566,"OCF_SALES":13.28496121128,"TOTAL_PARENT_EQUITY":669190065.6,"DEBT_ASSET_RATIO":66.2758328847,"OPERATE_PROFIT":79182924.8,"PRETAX_PROFIT":42411364.8,"NETCASH_OPERATE":208828121.6,"NETCASH_INVEST":-138664960,"NETCASH_FINANCE":-63514438.4,"END_CASH":91826291.2,"DIVI_RATIO":null,"DIVIDEND_RATE":null,"CURRENT_RATIO":1.128873426156,"COMMON_ACS":1000000000,"CURRENTDEBT_DEBT":98.057693369712,"ISSUED_COMMON_SHARES":219725000,"HK_COMMON_SHARES":219725000,"PER_SHARES":1000,"TOTAL_MARKET_CAP":199949750,"HKSK_MARKET_CAP":199949750,"PE_TTM":5.514942354369,"PB_TTM":0.224436690702,"REPORT_DATE_SQ":"2020-12-31 00:00:00","REPORT_TYPE_SQ":"2020年年报","OPERATE_INCOME_SQ":1174835176.32,"DPS_HKD":null,"OPERATE_INCOME_QOQ_SQ":-32.481617612859,"NET_PROFIT_RATIO_SQ":2.2229577158,"HOLDER_PROFIT_SQ":26055491.12,"HOLDER_PROFIT_QOQ_SQ":-11.978270245477,"ROE_AVG_SQ":4.343324373011,"PE_TTM_SQ":4.428899217221,"PB_TTM_SQ":0.272088579137,"ROA_SQ":1.700182358535,"START_DATE":"2021-01-01 00:00:00","FISCAL_YEAR":"12-31","CURRENCY":"HKD","IS_CNY_CODE":0,"DPS_HKD_LY":null,"ORG_TYPE":"一般企业","PREMIUM_INCOME":null,"PREMIUM_INCOME_YOY":null,"NET_INTEREST_INCOME":null,"NET_INTEREST_INCOME_YOY":null,"FEE_COMMISSION_INCOME":null,"FEE_COMMISSION_INCOME_YOY":null,"ACCOUNTS_RECE_TDAYS":2.312815552901,"INVENTORY_TDAYS":6.158355217095,"CURRENT_ASSETS_TDAYS":1.179883625344,"TOTAL_ASSETS_TDAYS":0.861444457837,"PREMIUM_EXPENSE":null,"LOAN_DEPOSIT":null,"LOAN_EQUITY":null,"LOAN_ASSETS":null,"DEPOSIT_EQUITY":null,"DEPOSIT_ASSETS":null,"EQUITY_MULTIPLIER":2.965232607765,"EQUITY_RATIO":1.968999891262},{"SECUCODE":"01305.HK","SECURITY_CODE":"01305","SECURITY_NAME_ABBR":"伟志控股","ORG_CODE":"10425605","STD_REPORT_DATE":"2021-06-30 00:00:00","REPORT_DATE":"2021-06-30 00:00:00","DATE_TYPE_CODE":"002","REPORT_TYPE":"2021年中报","PER_NETCASH_OPERATE":-0.168657137876,"PER_OI":3.424616014943,"BPS":2.95930023584,"BASIC_EPS":0.059244096,"DILUTED_EPS":0.059244096,"OPERATE_INCOME":742542367.44,"OPERATE_INCOME_YOY":46.5187566495,"GROSS_PROFIT":108714580.32,"GROSS_PROFIT_YOY":44.124611145618,"HOLDER_PROFIT":12849811.44,"HOLDER_PROFIT_YOY":133.4895675839,"GROSS_PROFIT_RATIO":14.640858904093,"EPS_TTM":0.151568363427,"OPERATE_INCOME_QOQ":15.848942135291,"NET_PROFIT_RATIO":1.6893902126,"ROE_AVG":2.016967182979,"GROSS_PROFIT_QOQ":19.930825627755,"ROA":0.726734712653,"HOLDER_PROFIT_QOQ":26.130074649693,"ROE_YEARLY":4.033934365957,"ROIC_YEARLY":1.530644735652,"TOTAL_ASSETS":1845515164.32,"TOTAL_LIABILITIES":1193980714.8,"TAX_EBT":22.452548737205,"OCF_SALES":-4.924848133053,"TOTAL_PARENT_EQUITY":650232244.32,"DEBT_ASSET_RATIO":64.696337255,"OPERATE_PROFIT":32826388.08,"PRETAX_PROFIT":16176467.28,"NETCASH_OPERATE":-36569083.92,"NETCASH_INVEST":9895927.44,"NETCASH_FINANCE":32296353.12,"END_CASH":90852318.96,"DIVI_RATIO":null,"DIVIDEND_RATE":null,"CURRENT_RATIO":1.178802148486,"COMMON_ACS":1000000000,"CURRENTDEBT_DEBT":97.660103070871,"ISSUED_COMMON_SHARES":219725000,"HK_COMMON_SHARES":219725000,"PER_SHARES":1000,"TOTAL_MARKET_CAP":199949750,"HKSK_MARKET_CAP":199949750,"PE_TTM":5.514942354369,"PB_TTM":0.224436690702,"REPORT_DATE_SQ":"2020-06-30 00:00:00","REPORT_TYPE_SQ":"2020年中报","OPERATE_INCOME_SQ":556343420.16,"DPS_HKD":null,"OPERATE_INCOME_QOQ_SQ":-12.302963419833,"NET_PROFIT_RATIO_SQ":1.0859285724,"HOLDER_PROFIT_SQ":6041492.16,"HOLDER_PROFIT_QOQ_SQ":-11.044548947037,"ROE_AVG_SQ":0.982928052609,"PE_TTM_SQ":4.428899217221,"PB_TTM_SQ":0.272088579137,"ROA_SQ":0.407154443518,"START_DATE":"2021-01-01 00:00:00","FISCAL_YEAR":"12-31","CURRENCY":"HKD","IS_CNY_CODE":0,"DPS_HKD_LY":null,"ORG_TYPE":"一般企业","PREMIUM_INCOME":null,"PREMIUM_INCOME_YOY":null,"NET_INTEREST_INCOME":null,"NET_INTEREST_INCOME_YOY":null,"FEE_COMMISSION_INCOME":null,"FEE_COMMISSION_INCOME_YOY":null,"ACCOUNTS_RECE_TDAYS":1.198426079804,"INVENTORY_TDAYS":2.79587009064,"CURRENT_ASSETS_TDAYS":0.570777546597,"TOTAL_ASSETS_TDAYS":0.419952710243,"PREMIUM_EXPENSE":null,"LOAN_DEPOSIT":null,"LOAN_EQUITY":null,"LOAN_ASSETS":null,"DEPOSIT_EQUITY":null,"DEPOSIT_ASSETS":null,"EQUITY_MULTIPLIER":2.832567281256,"EQUITY_RATIO":1.836237321711},{"SECUCODE":"01305.HK","SECURITY_CODE":"01305","SECURITY_NAME_ABBR":"伟志控股","ORG_CODE":"10425605","STD_REPORT_DATE":"2020-12-31 00:00:00","REPORT_DATE":"2020-12-31 00:00:00","DATE_TYPE_CODE":"001","REPORT_TYPE":"2020年年报","PER_NETCASH_OPERATE":1.191668303932,"PER_OI":5.418356630093,"BPS":2.87226288406,"BASIC_EPS":0.1178296,"DILUTED_EPS":0.1178296,"OPERATE_INCOME":1174835176.32,"OPERATE_INCOME_YOY":-36.9794859895,"GROSS_PROFIT":166995683.88,"GROSS_PROFIT_YOY":-18.58002007249,"HOLDER_PROFIT":26055491.12,"HOLDER_PROFIT_YOY":-16.66307742,"GROSS_PROFIT_RATIO":14.214392558715,"EPS_TTM":0.120168297567,"OPERATE_INCOME_QOQ":-32.481617612859,"NET_PROFIT_RATIO":2.2229577158,"ROE_AVG":4.343324373011,"GROSS_PROFIT_QOQ":-15.535304936354,"ROA":1.700182358535,"HOLDER_PROFIT_QOQ":-11.978270245477,"ROE_YEARLY":4.343324373011,"ROIC_YEARLY":1.80178030421,"TOTAL_ASSETS":1710225104.6,"TOTAL_LIABILITIES":1077423762.72,"TAX_EBT":-1.07162633139,"OCF_SALES":21.993168506356,"TOTAL_PARENT_EQUITY":631107962.2,"DEBT_ASSET_RATIO":62.9989443976,"OPERATE_PROFIT":49484223.8,"PRETAX_PROFIT":25839189.64,"NETCASH_OPERATE":258383480,"NETCASH_INVEST":-282862579.4,"NETCASH_FINANCE":20315506.32,"END_CASH":85443292.8,"DIVI_RATIO":null,"DIVIDEND_RATE":null,"CURRENT_RATIO":1.185650301353,"COMMON_ACS":1000000000,"CURRENTDEBT_DEBT":97.180482256739,"ISSUED_COMMON_SHARES":219725000,"HK_COMMON_SHARES":219725000,"PER_SHARES":1000,"TOTAL_MARKET_CAP":199949750,"HKSK_MARKET_CAP":199949750,"PE_TTM":5.514942354369,"PB_TTM":0.224436690702,"REPORT_DATE_SQ":"2019-12-31 00:00:00","REPORT_TYPE_SQ":"2019年年报","OPERATE_INCOME_SQ":1984129409.72,"DPS_HKD":null,"OPERATE_INCOME_QOQ_SQ":27.730993042608,"NET_PROFIT_RATIO_SQ":1.6771302959,"HOLDER_PROFIT_SQ":33276435.44,"HOLDER_PROFIT_QOQ_SQ":-4.833757328249,"ROE_AVG_SQ":5.564368151826,"PE_TTM_SQ":4.428899217221,"PB_TTM_SQ":0.272088579137,"ROA_SQ":2.33836775661,"START_DATE":"2020-01-01 00:00:00","FISCAL_YEAR":"12-31","CURRENCY":"HKD","IS_CNY_CODE":0,"DPS_HKD_LY":null,"ORG_TYPE":"一般企业","PREMIUM_INCOME":null,"PREMIUM_INCOME_YOY":null,"NET_INTEREST_INCOME":null,"NET_INTEREST_INCOME_YOY":null,"FEE_COMMISSION_INCOME":null,"FEE_COMMISSION_INCOME_YOY":null,"ACCOUNTS_RECE_TDAYS":2.196928931673,"INVENTORY_TDAYS":5.540076892115,"CURRENT_ASSETS_TDAYS":1.006265877353,"TOTAL_ASSETS_TDAYS":0.766607711122,"PREMIUM_EXPENSE":null,"LOAN_DEPOSIT":null,"LOAN_EQUITY":null,"LOAN_ASSETS":null,"DEPOSIT_EQUITY":null,"DEPOSIT_ASSETS":null,"EQUITY_MULTIPLIER":2.70262559735,"EQUITY_RATIO":1.707194057518},{"SECUCODE":"01305.HK","SECURITY_CODE":"01305","SECURITY_NAME_ABBR":"伟志控股","ORG_CODE":"10425605","STD_REPORT_DATE":"2020-06-30 00:00:00","REPORT_DATE":"2020-06-30 00:00:00","DATE_TYPE_CODE":"002","REPORT_TYPE":"2020年中报","PER_NETCASH_OPERATE":-0.350976655275,"PER_OI":2.565863807956,"BPS":2.785679170964,"BASIC_EPS":0.02785992,"DILUTED_EPS":0.02785992,"OPERATE_INCOME":556343420.16,"OPERATE_INCOME_YOY":-33.0665066586,"GROSS_PROFIT":75430961.76,"GROSS_PROFIT_YOY":-8.926628715308,"HOLDER_PROFIT":6041492.16,"HOLDER_PROFIT_YOY":-40.1231214919,"GROSS_PROFIT_RATIO":13.558345264209,"EPS_TTM":0.136521172559,"OPERATE_INCOME_QOQ":-12.302963419833,"NET_PROFIT_RATIO":1.0859285724,"ROE_AVG":0.982928052609,"GROSS_PROFIT_QOQ":-3.604719266247,"ROA":0.407154443518,"HOLDER_PROFIT_QOQ":-11.044548947037,"ROE_YEARLY":1.965856105218,"ROIC_YEARLY":0.84487683244,"TOTAL_ASSETS":1497290752.32,"TOTAL_LIABILITIES":885207396.48,"TAX_EBT":33.063455115879,"OCF_SALES":-13.678693864684,"TOTAL_PARENT_EQUITY":612083355.84,"DEBT_ASSET_RATIO":59.1206080121,"OPERATE_PROFIT":20971668.96,"PRETAX_PROFIT":9025700.64,"NETCASH_OPERATE":-76100513.28,"NETCASH_INVEST":-34865091.36,"NETCASH_FINANCE":33309503.04,"END_CASH":14368411.2,"DIVI_RATIO":null,"DIVIDEND_RATE":null,"CURRENT_RATIO":1.423373250399,"COMMON_ACS":1000000000,"CURRENTDEBT_DEBT":97.18231086419,"ISSUED_COMMON_SHARES":219725000,"HK_COMMON_SHARES":219725000,"PER_SHARES":1000,"TOTAL_MARKET_CAP":199949750,"HKSK_MARKET_CAP":199949750,"PE_TTM":5.514942354369,"PB_TTM":0.224436690702,"REPORT_DATE_SQ":"2019-06-30 00:00:00","REPORT_TYPE_SQ":"2019年中报","OPERATE_INCOME_SQ":800450135.64,"DPS_HKD":null,"OPERATE_INCOME_QOQ_SQ":-21.199450291453,"NET_PROFIT_RATIO_SQ":1.2139075162,"HOLDER_PROFIT_SQ":9716724.36,"HOLDER_PROFIT_QOQ_SQ":-11.527829283271,"ROE_AVG_SQ":1.653066951007,"PE_TTM_SQ":4.428899217221,"PB_TTM_SQ":0.272088579137,"ROA_SQ":0.658161687554,"START_DATE":"2020-01-01 00:00:00","FISCAL_YEAR":"12-31","CURRENCY":"HKD","IS_CNY_CODE":0,"DPS_HKD_LY":null,"ORG_TYPE":"一般企业","PREMIUM_INCOME":null,"PREMIUM_INCOME_YOY":null,"NET_INTEREST_INCOME":null,"NET_INTEREST_INCOME_YOY":null,"FEE_COMMISSION_INCOME":null,"FEE_COMMISSION_INCOME_YOY":null,"ACCOUNTS_RECE_TDAYS":1.028304960839,"INVENTORY_TDAYS":2.272902901326,"CURRENT_ASSETS_TDAYS":0.461430997935,"TOTAL_ASSETS_TDAYS":0.374936670678,"PREMIUM_EXPENSE":null,"LOAN_DEPOSIT":null,"LOAN_EQUITY":null,"LOAN_ASSETS":null,"DEPOSIT_EQUITY":null,"DEPOSIT_ASSETS":null,"EQUITY_MULTIPLIER":2.446220335899,"EQUITY_RATIO":1.446220335897}],"count":25},"success":true,"message":"ok","code":0}