{"version":"24eadde392ef818ce88e62387705b3ea","result":{"pages":4,"data":[{"SECUCODE":"01303.HK","SECURITY_CODE":"01303","SECURITY_NAME_ABBR":"汇力资源","ORG_CODE":"10194752","STD_REPORT_DATE":"2024-06-30 00:00:00","REPORT_DATE":"2024-06-30 00:00:00","DATE_TYPE_CODE":"002","REPORT_TYPE":"2024年中报","PER_NETCASH_OPERATE":-0.109841213012,"PER_OI":0.699478597605,"BPS":0.450821827572,"BASIC_EPS":0.0608,"DILUTED_EPS":0.0608,"OPERATE_INCOME":1359778000,"OPERATE_INCOME_YOY":1.8880846409,"GROSS_PROFIT":129629000,"GROSS_PROFIT_YOY":36.229310073039,"HOLDER_PROFIT":117032000,"HOLDER_PROFIT_YOY":42.1119098504,"GROSS_PROFIT_RATIO":9.533100256071,"EPS_TTM":0.10405876991,"OPERATE_INCOME_QOQ":0.883845425614,"NET_PROFIT_RATIO":8.6030955053,"ROE_AVG":13.481512626823,"GROSS_PROFIT_QOQ":16.306625483064,"ROA":6.023848948765,"HOLDER_PROFIT_QOQ":20.691013012428,"ROE_YEARLY":26.963025253645,"ROIC_YEARLY":14.808450656107,"TOTAL_ASSETS":2307832000,"TOTAL_LIABILITIES":1355706000,"TAX_EBT":15.360349605319,"OCF_SALES":-15.703298626688,"TOTAL_PARENT_EQUITY":948142000,"DEBT_ASSET_RATIO":58.7437040478,"OPERATE_PROFIT":140153000,"PRETAX_PROFIT":138213000,"NETCASH_OPERATE":-213530000,"NETCASH_INVEST":-17761000,"NETCASH_FINANCE":-1987000,"END_CASH":241786000,"DIVI_RATIO":null,"DIVIDEND_RATE":null,"CURRENT_RATIO":1.557363068804,"COMMON_ACS":5000000000,"CURRENTDEBT_DEBT":87.099415359967,"ISSUED_COMMON_SHARES":2103141290,"HK_COMMON_SHARES":2103141290,"PER_SHARES":2000,"TOTAL_MARKET_CAP":557332441.85,"HKSK_MARKET_CAP":557332441.85,"PE_TTM":2.489623630287,"PB_TTM":0.53648733315,"REPORT_DATE_SQ":"2023-06-30 00:00:00","REPORT_TYPE_SQ":"2023年中报","OPERATE_INCOME_SQ":1334580000,"DPS_HKD":null,"OPERATE_INCOME_QOQ_SQ":27.51233369181,"NET_PROFIT_RATIO_SQ":6.1656850844,"HOLDER_PROFIT_SQ":82352000,"HOLDER_PROFIT_QOQ_SQ":33.950255468802,"ROE_AVG_SQ":13.422105597705,"PE_TTM_SQ":2.545732652364,"PB_TTM_SQ":0.95832707448,"ROA_SQ":7.135380925645,"START_DATE":"2024-01-01 00:00:00","FISCAL_YEAR":"12-31","CURRENCY":"HKD","IS_CNY_CODE":0,"DPS_HKD_LY":null,"ORG_TYPE":"一般企业","PREMIUM_INCOME":null,"PREMIUM_INCOME_YOY":null,"NET_INTEREST_INCOME":null,"NET_INTEREST_INCOME_YOY":null,"FEE_COMMISSION_INCOME":null,"FEE_COMMISSION_INCOME_YOY":null,"ACCOUNTS_RECE_TDAYS":3.161281923117,"INVENTORY_TDAYS":1.935468594139,"CURRENT_ASSETS_TDAYS":0.872432440409,"TOTAL_ASSETS_TDAYS":0.699902357975,"PREMIUM_EXPENSE":null,"LOAN_DEPOSIT":null,"LOAN_EQUITY":null,"LOAN_ASSETS":null,"DEPOSIT_EQUITY":null,"DEPOSIT_ASSETS":null,"EQUITY_MULTIPLIER":2.423872470661,"EQUITY_RATIO":1.429855443594},{"SECUCODE":"01303.HK","SECURITY_CODE":"01303","SECURITY_NAME_ABBR":"汇力资源","ORG_CODE":"10194752","STD_REPORT_DATE":"2023-12-31 00:00:00","REPORT_DATE":"2023-12-31 00:00:00","DATE_TYPE_CODE":"001","REPORT_TYPE":"2023年年报","PER_NETCASH_OPERATE":0.056783418038,"PER_OI":1.595037563193,"BPS":0.374698078416,"BASIC_EPS":0.101,"DILUTED_EPS":0.101,"OPERATE_INCOME":2850951000,"OPERATE_INCOME_YOY":41.4857700387,"GROSS_PROFIT":211411000,"GROSS_PROFIT_YOY":-0.19780012274,"HOLDER_PROFIT":167609000,"HOLDER_PROFIT_YOY":-7.3184623211,"GROSS_PROFIT_RATIO":7.415455404179,"EPS_TTM":0.093773148304,"OPERATE_INCOME_QOQ":10.958497850653,"NET_PROFIT_RATIO":6.0760076199,"ROE_AVG":24.638182869886,"GROSS_PROFIT_QOQ":-23.795809348045,"ROA":13.703694770678,"HOLDER_PROFIT_QOQ":-30.808987743611,"ROE_YEARLY":24.638182869886,"ROIC_YEARLY":20.963952318325,"TOTAL_ASSETS":1577790000,"TOTAL_LIABILITIES":785714000,"TAX_EBT":15.193529751589,"OCF_SALES":3.560005064977,"TOTAL_PARENT_EQUITY":788043000,"DEBT_ASSET_RATIO":49.7983888857,"OPERATE_PROFIT":198895000,"PRETAX_PROFIT":204258000,"NETCASH_OPERATE":101494000,"NETCASH_INVEST":7988000,"NETCASH_FINANCE":-3832000,"END_CASH":474597000,"DIVI_RATIO":null,"DIVIDEND_RATE":null,"CURRENT_RATIO":1.722341318551,"COMMON_ACS":5000000000,"CURRENTDEBT_DEBT":94.457143438961,"ISSUED_COMMON_SHARES":2103141290,"HK_COMMON_SHARES":2103141290,"PER_SHARES":2000,"TOTAL_MARKET_CAP":704552332.15,"HKSK_MARKET_CAP":704552332.15,"PE_TTM":3.147260060929,"PB_TTM":0.678200968322,"REPORT_DATE_SQ":"2022-12-31 00:00:00","REPORT_TYPE_SQ":"2022年年报","OPERATE_INCOME_SQ":2015009000,"DPS_HKD":null,"OPERATE_INCOME_QOQ_SQ":12.400353208862,"NET_PROFIT_RATIO_SQ":8.9666100747,"HOLDER_PROFIT_SQ":180844000,"HOLDER_PROFIT_QOQ_SQ":1483.29539485204,"ROE_AVG_SQ":37.437713874047,"PE_TTM_SQ":1.905964760956,"PB_TTM_SQ":0.717489965701,"ROA_SQ":25.346342598335,"START_DATE":"2023-01-01 00:00:00","FISCAL_YEAR":"12-31","CURRENCY":"HKD","IS_CNY_CODE":0,"DPS_HKD_LY":null,"ORG_TYPE":"一般企业","PREMIUM_INCOME":null,"PREMIUM_INCOME_YOY":null,"NET_INTEREST_INCOME":null,"NET_INTEREST_INCOME_YOY":null,"FEE_COMMISSION_INCOME":null,"FEE_COMMISSION_INCOME_YOY":null,"ACCOUNTS_RECE_TDAYS":13.498245813389,"INVENTORY_TDAYS":11.414745318166,"CURRENT_ASSETS_TDAYS":3.027232821672,"TOTAL_ASSETS_TDAYS":2.330934634188,"PREMIUM_EXPENSE":null,"LOAN_DEPOSIT":null,"LOAN_EQUITY":null,"LOAN_ASSETS":null,"DEPOSIT_EQUITY":null,"DEPOSIT_ASSETS":null,"EQUITY_MULTIPLIER":1.991967942469,"EQUITY_RATIO":0.997044577517},{"SECUCODE":"01303.HK","SECURITY_CODE":"01303","SECURITY_NAME_ABBR":"汇力资源","ORG_CODE":"10194752","STD_REPORT_DATE":"2023-06-30 00:00:00","REPORT_DATE":"2023-06-30 00:00:00","DATE_TYPE_CODE":"002","REPORT_TYPE":"2023年中报","PER_NETCASH_OPERATE":0.042898765432,"PER_OI":0.823814814815,"BPS":0.311243948808,"BASIC_EPS":0.0508,"DILUTED_EPS":0.0508,"OPERATE_INCOME":1334580000,"OPERATE_INCOME_YOY":71.0552624698,"GROSS_PROFIT":95155000,"GROSS_PROFIT_YOY":221.926382028554,"HOLDER_PROFIT":82352000,"HOLDER_PROFIT_YOY":292.9945120496,"GROSS_PROFIT_RATIO":7.129958488813,"EPS_TTM":0.149531481481,"OPERATE_INCOME_QOQ":27.51233369181,"NET_PROFIT_RATIO":6.1656850844,"ROE_AVG":13.422105597705,"GROSS_PROFIT_QOQ":30.966813010433,"ROA":7.135380925645,"HOLDER_PROFIT_QOQ":33.950255468802,"ROE_YEARLY":26.84421119541,"ROIC_YEARLY":21.868917149754,"TOTAL_ASSETS":1439875000,"TOTAL_LIABILITIES":786933000,"TAX_EBT":14.436934594988,"OCF_SALES":5.207331145379,"TOTAL_PARENT_EQUITY":654590000,"DEBT_ASSET_RATIO":54.6528691727,"OPERATE_PROFIT":93737000,"PRETAX_PROFIT":96170000,"NETCASH_OPERATE":69496000,"NETCASH_INVEST":-1027000,"NETCASH_FINANCE":-1367000,"END_CASH":435100000,"DIVI_RATIO":null,"DIVIDEND_RATE":null,"CURRENT_RATIO":1.576733736769,"COMMON_ACS":5000000000,"CURRENTDEBT_DEBT":94.34818466121,"ISSUED_COMMON_SHARES":2103141290,"HK_COMMON_SHARES":2103141290,"PER_SHARES":2000,"TOTAL_MARKET_CAP":704552332.15,"HKSK_MARKET_CAP":704552332.15,"PE_TTM":3.147260060929,"PB_TTM":0.678200968322,"REPORT_DATE_SQ":"2022-06-30 00:00:00","REPORT_TYPE_SQ":"2022年中报","OPERATE_INCOME_SQ":780204000,"DPS_HKD":null,"OPERATE_INCOME_QOQ_SQ":21.92001338415,"NET_PROFIT_RATIO_SQ":2.6509733352,"HOLDER_PROFIT_SQ":20955000,"HOLDER_PROFIT_QOQ_SQ":168.456697632604,"ROE_AVG_SQ":5.204892176393,"PE_TTM_SQ":1.905964760956,"PB_TTM_SQ":0.717489965701,"ROA_SQ":3.529292878256,"START_DATE":"2023-01-01 00:00:00","FISCAL_YEAR":"12-31","CURRENCY":"HKD","IS_CNY_CODE":0,"DPS_HKD_LY":null,"ORG_TYPE":"一般企业","PREMIUM_INCOME":null,"PREMIUM_INCOME_YOY":null,"NET_INTEREST_INCOME":null,"NET_INTEREST_INCOME_YOY":null,"FEE_COMMISSION_INCOME":null,"FEE_COMMISSION_INCOME_YOY":null,"ACCOUNTS_RECE_TDAYS":4.81401590027,"INVENTORY_TDAYS":9.633148741863,"CURRENT_ASSETS_TDAYS":1.502960412402,"TOTAL_ASSETS_TDAYS":1.156345526004,"PREMIUM_EXPENSE":null,"LOAN_DEPOSIT":null,"LOAN_EQUITY":null,"LOAN_ASSETS":null,"DEPOSIT_EQUITY":null,"DEPOSIT_ASSETS":null,"EQUITY_MULTIPLIER":2.205211182618,"EQUITY_RATIO":1.202176935181},{"SECUCODE":"01303.HK","SECURITY_CODE":"01303","SECURITY_NAME_ABBR":"汇力资源","ORG_CODE":"10194752","STD_REPORT_DATE":"2022-12-31 00:00:00","REPORT_DATE":"2022-12-31 00:00:00","DATE_TYPE_CODE":"001","REPORT_TYPE":"2022年年报","PER_NETCASH_OPERATE":0.084086419753,"PER_OI":1.243832716049,"BPS":0.272221368446,"BASIC_EPS":0.112,"DILUTED_EPS":0.112,"OPERATE_INCOME":2015009000,"OPERATE_INCOME_YOY":37.0385256761,"GROSS_PROFIT":211830000,"GROSS_PROFIT_YOY":1888.08071328015,"HOLDER_PROFIT":180844000,"HOLDER_PROFIT_YOY":1183.8717410848,"GROSS_PROFIT_RATIO":10.512608132271,"EPS_TTM":0.111632098765,"OPERATE_INCOME_QOQ":12.400353208862,"NET_PROFIT_RATIO":8.9666100747,"ROE_AVG":37.437713874047,"GROSS_PROFIT_QOQ":510.355558116752,"ROA":25.346342598335,"HOLDER_PROFIT_QOQ":1483.29539485204,"ROE_YEARLY":37.437713874047,"ROIC_YEARLY":43.901900213023,"TOTAL_ASSETS":868397000,"TOTAL_LIABILITIES":296650000,"TAX_EBT":16.213521547387,"OCF_SALES":6.760267572006,"TOTAL_PARENT_EQUITY":572520000,"DEBT_ASSET_RATIO":34.160643116,"OPERATE_PROFIT":214143000,"PRETAX_PROFIT":215641000,"NETCASH_OPERATE":136220000,"NETCASH_INVEST":-80000,"NETCASH_FINANCE":-1850000,"END_CASH":369309000,"DIVI_RATIO":null,"DIVIDEND_RATE":null,"CURRENT_RATIO":2.32968581007,"COMMON_ACS":5000000000,"CURRENTDEBT_DEBT":87.581661891118,"ISSUED_COMMON_SHARES":2103141290,"HK_COMMON_SHARES":2103141290,"PER_SHARES":2000,"TOTAL_MARKET_CAP":704552332.15,"HKSK_MARKET_CAP":704552332.15,"PE_TTM":3.147260060929,"PB_TTM":0.678200968322,"REPORT_DATE_SQ":"2021-12-31 00:00:00","REPORT_TYPE_SQ":"2021年年报","OPERATE_INCOME_SQ":1470396000,"DPS_HKD":null,"OPERATE_INCOME_QOQ_SQ":152.814772785887,"NET_PROFIT_RATIO_SQ":-1.1397609896,"HOLDER_PROFIT_SQ":-16685000,"HOLDER_PROFIT_QOQ_SQ":-31.564422015455,"ROE_AVG_SQ":-4.148418143642,"PE_TTM_SQ":1.905964760956,"PB_TTM_SQ":0.717489965701,"ROA_SQ":-3.248112162559,"START_DATE":"2022-01-01 00:00:00","FISCAL_YEAR":"12-31","CURRENCY":"HKD","IS_CNY_CODE":0,"DPS_HKD_LY":null,"ORG_TYPE":"一般企业","PREMIUM_INCOME":null,"PREMIUM_INCOME_YOY":null,"NET_INTEREST_INCOME":null,"NET_INTEREST_INCOME_YOY":null,"FEE_COMMISSION_INCOME":null,"FEE_COMMISSION_INCOME_YOY":null,"ACCOUNTS_RECE_TDAYS":21.235432979587,"INVENTORY_TDAYS":351.565412361084,"CURRENT_ASSETS_TDAYS":4.255369608349,"TOTAL_ASSETS_TDAYS":2.824152775471,"PREMIUM_EXPENSE":null,"LOAN_DEPOSIT":null,"LOAN_EQUITY":null,"LOAN_ASSETS":null,"DEPOSIT_EQUITY":null,"DEPOSIT_ASSETS":null,"EQUITY_MULTIPLIER":1.518848371745,"EQUITY_RATIO":0.51814783763},{"SECUCODE":"01303.HK","SECURITY_CODE":"01303","SECURITY_NAME_ABBR":"汇力资源","ORG_CODE":"10194752","STD_REPORT_DATE":"2022-06-30 00:00:00","REPORT_DATE":"2022-06-30 00:00:00","DATE_TYPE_CODE":"002","REPORT_TYPE":"2022年中报","PER_NETCASH_OPERATE":-0.05077345679,"PER_OI":0.481607407407,"BPS":0.195715809469,"BASIC_EPS":0.0129,"DILUTED_EPS":0.0129,"OPERATE_INCOME":780204000,"OPERATE_INCOME_YOY":70.3900256173,"GROSS_PROFIT":29558000,"GROSS_PROFIT_YOY":436.73506446341,"HOLDER_PROFIT":20955000,"HOLDER_PROFIT_YOY":392.994966443,"GROSS_PROFIT_RATIO":3.788496341982,"EPS_TTM":0.007050617284,"OPERATE_INCOME_QOQ":21.92001338415,"NET_PROFIT_RATIO":2.6509733352,"ROE_AVG":5.204892176393,"GROSS_PROFIT_QOQ":225.725011731581,"ROA":3.529292878256,"HOLDER_PROFIT_QOQ":168.456697632604,"ROE_YEARLY":10.409784352785,"ROIC_YEARLY":10.371451904279,"TOTAL_ASSETS":628904000,"TOTAL_LIABILITIES":218165000,"TAX_EBT":20.185999845643,"OCF_SALES":-10.54249914125,"TOTAL_PARENT_EQUITY":411618000,"DEBT_ASSET_RATIO":34.6897141694,"OPERATE_PROFIT":25614000,"PRETAX_PROFIT":25914000,"NETCASH_OPERATE":-82253000,"NETCASH_INVEST":-7295000,"NETCASH_FINANCE":-747000,"END_CASH":145597000,"DIVI_RATIO":null,"DIVIDEND_RATE":null,"CURRENT_RATIO":2.024145959727,"COMMON_ACS":5000000000,"CURRENTDEBT_DEBT":82.880847065295,"ISSUED_COMMON_SHARES":2103141290,"HK_COMMON_SHARES":2103141290,"PER_SHARES":2000,"TOTAL_MARKET_CAP":704552332.15,"HKSK_MARKET_CAP":704552332.15,"PE_TTM":3.147260060929,"PB_TTM":0.678200968322,"REPORT_DATE_SQ":"2021-06-30 00:00:00","REPORT_TYPE_SQ":"2021年中报","OPERATE_INCOME_SQ":457893000,"DPS_HKD":null,"OPERATE_INCOME_QOQ_SQ":311.858429639701,"NET_PROFIT_RATIO_SQ":-1.5684887081,"HOLDER_PROFIT_SQ":-7152000,"HOLDER_PROFIT_QOQ_SQ":24.232285816705,"ROE_AVG_SQ":-1.755210474326,"PE_TTM_SQ":1.905964760956,"PB_TTM_SQ":0.717489965701,"ROA_SQ":-1.514157114972,"START_DATE":"2022-01-01 00:00:00","FISCAL_YEAR":"12-31","CURRENCY":"HKD","IS_CNY_CODE":0,"DPS_HKD_LY":null,"ORG_TYPE":"一般企业","PREMIUM_INCOME":null,"PREMIUM_INCOME_YOY":null,"NET_INTEREST_INCOME":null,"NET_INTEREST_INCOME_YOY":null,"FEE_COMMISSION_INCOME":null,"FEE_COMMISSION_INCOME_YOY":null,"ACCOUNTS_RECE_TDAYS":31.987372391456,"INVENTORY_TDAYS":229.485172730052,"CURRENT_ASSETS_TDAYS":2.204697887011,"TOTAL_ASSETS_TDAYS":1.314038855064,"PREMIUM_EXPENSE":null,"LOAN_DEPOSIT":null,"LOAN_EQUITY":null,"LOAN_ASSETS":null,"DEPOSIT_EQUITY":null,"DEPOSIT_ASSETS":null,"EQUITY_MULTIPLIER":1.531152386308,"EQUITY_RATIO":0.5300181236},{"SECUCODE":"01303.HK","SECURITY_CODE":"01303","SECURITY_NAME_ABBR":"汇力资源","ORG_CODE":"10194752","STD_REPORT_DATE":"2021-12-31 00:00:00","REPORT_DATE":"2021-12-31 00:00:00","DATE_TYPE_CODE":"001","REPORT_TYPE":"2021年年报","PER_NETCASH_OPERATE":0.045324691358,"PER_OI":0.907651851852,"BPS":0.187141968003,"BASIC_EPS":-0.01,"DILUTED_EPS":-0.01,"OPERATE_INCOME":1470396000,"OPERATE_INCOME_YOY":941.2389530931,"GROSS_PROFIT":10655000,"GROSS_PROFIT_YOY":150.764885855495,"HOLDER_PROFIT":-16685000,"HOLDER_PROFIT_YOY":0.3166447604,"GROSS_PROFIT_RATIO":0.724634724251,"EPS_TTM":-0.010299382716,"OPERATE_INCOME_QOQ":152.814772785887,"NET_PROFIT_RATIO":-1.1397609896,"ROE_AVG":-4.148418143642,"GROSS_PROFIT_QOQ":33.940917661848,"ROA":-3.248112162559,"HOLDER_PROFIT_QOQ":-31.564422015455,"ROE_YEARLY":-4.148418143642,"ROIC_YEARLY":-5.340609921019,"TOTAL_ASSETS":558586000,"TOTAL_LIABILITIES":166274000,"TAX_EBT":-19.340596738589,"OCF_SALES":4.993620766107,"TOTAL_PARENT_EQUITY":393586000,"DEBT_ASSET_RATIO":29.7669472561,"OPERATE_PROFIT":-14350000,"PRETAX_PROFIT":-14043000,"NETCASH_OPERATE":72344000,"NETCASH_INVEST":-3920000,"NETCASH_FINANCE":-1659000,"END_CASH":235866000,"DIVI_RATIO":null,"DIVIDEND_RATE":null,"CURRENT_RATIO":2.484858840038,"COMMON_ACS":5000000000,"CURRENTDEBT_DEBT":82.718284277758,"ISSUED_COMMON_SHARES":2103141290,"HK_COMMON_SHARES":2103141290,"PER_SHARES":2000,"TOTAL_MARKET_CAP":704552332.15,"HKSK_MARKET_CAP":704552332.15,"PE_TTM":3.147260060929,"PB_TTM":0.678200968322,"REPORT_DATE_SQ":"2020-12-31 00:00:00","REPORT_TYPE_SQ":"2020年年报","OPERATE_INCOME_SQ":141216000,"DPS_HKD":null,"OPERATE_INCOME_QOQ_SQ":42.254457540042,"NET_PROFIT_RATIO_SQ":-10.8705812373,"HOLDER_PROFIT_SQ":-16738000,"HOLDER_PROFIT_QOQ_SQ":56.684436623363,"ROE_AVG_SQ":-3.991329624498,"PE_TTM_SQ":1.905964760956,"PB_TTM_SQ":0.717489965701,"ROA_SQ":-3.476400643855,"START_DATE":"2021-01-01 00:00:00","FISCAL_YEAR":"12-31","CURRENCY":"HKD","IS_CNY_CODE":0,"DPS_HKD_LY":null,"ORG_TYPE":"一般企业","PREMIUM_INCOME":null,"PREMIUM_INCOME_YOY":null,"NET_INTEREST_INCOME":null,"NET_INTEREST_INCOME_YOY":null,"FEE_COMMISSION_INCOME":null,"FEE_COMMISSION_INCOME_YOY":null,"ACCOUNTS_RECE_TDAYS":133.478213507625,"INVENTORY_TDAYS":null,"CURRENT_ASSETS_TDAYS":5.33185870391,"TOTAL_ASSETS_TDAYS":2.862457975055,"PREMIUM_EXPENSE":null,"LOAN_DEPOSIT":null,"LOAN_EQUITY":null,"LOAN_ASSETS":null,"DEPOSIT_EQUITY":null,"DEPOSIT_ASSETS":null,"EQUITY_MULTIPLIER":1.423831032443,"EQUITY_RATIO":0.422459132185},{"SECUCODE":"01303.HK","SECURITY_CODE":"01303","SECURITY_NAME_ABBR":"汇力资源","ORG_CODE":"10194752","STD_REPORT_DATE":"2021-06-30 00:00:00","REPORT_DATE":"2021-06-30 00:00:00","DATE_TYPE_CODE":"002","REPORT_TYPE":"2021年中报","PER_NETCASH_OPERATE":-0.020417901235,"PER_OI":0.28265,"BPS":0.19215447004,"BASIC_EPS":-0.0044,"DILUTED_EPS":-0.0044,"OPERATE_INCOME":457893000,"OPERATE_INCOME_YOY":2516.6809531973,"GROSS_PROFIT":5507000,"GROSS_PROFIT_YOY":205.774569683509,"HOLDER_PROFIT":-7152000,"HOLDER_PROFIT_YOY":36.1884368308,"GROSS_PROFIT_RATIO":1.20268272282,"EPS_TTM":-0.007828395062,"OPERATE_INCOME_QOQ":311.858429639701,"NET_PROFIT_RATIO":-1.5684887081,"ROE_AVG":-1.755210474326,"GROSS_PROFIT_QOQ":87.220522475877,"ROA":-1.514157114972,"HOLDER_PROFIT_QOQ":24.232285816705,"ROE_YEARLY":-3.510420948653,"ROIC_YEARLY":-4.453417976503,"TOTAL_ASSETS":475904000,"TOTAL_LIABILITIES":73006000,"TAX_EBT":-22.895277207392,"OCF_SALES":-7.223740044071,"TOTAL_PARENT_EQUITY":404128000,"DEBT_ASSET_RATIO":15.3404888381,"OPERATE_PROFIT":-5896000,"PRETAX_PROFIT":-5844000,"NETCASH_OPERATE":-33077000,"NETCASH_INVEST":128000,"NETCASH_FINANCE":-915000,"END_CASH":135592000,"DIVI_RATIO":null,"DIVIDEND_RATE":null,"CURRENT_RATIO":4.519595245744,"COMMON_ACS":5000000000,"CURRENTDEBT_DEBT":59.696463304386,"ISSUED_COMMON_SHARES":2103141290,"HK_COMMON_SHARES":2103141290,"PER_SHARES":2000,"TOTAL_MARKET_CAP":704552332.15,"HKSK_MARKET_CAP":704552332.15,"PE_TTM":3.147260060929,"PB_TTM":0.678200968322,"REPORT_DATE_SQ":"2020-06-30 00:00:00","REPORT_TYPE_SQ":"2020年中报","OPERATE_INCOME_SQ":17499000,"DPS_HKD":null,"OPERATE_INCOME_QOQ_SQ":6.089428461506,"NET_PROFIT_RATIO_SQ":-63.9179381679,"HOLDER_PROFIT_SQ":-11208000,"HOLDER_PROFIT_QOQ_SQ":-141.3164304003,"ROE_AVG_SQ":-2.654056268456,"PE_TTM_SQ":1.905964760956,"PB_TTM_SQ":0.717489965701,"ROA_SQ":-2.333733463402,"START_DATE":"2021-01-01 00:00:00","FISCAL_YEAR":"12-31","CURRENCY":"HKD","IS_CNY_CODE":0,"DPS_HKD_LY":null,"ORG_TYPE":"一般企业","PREMIUM_INCOME":null,"PREMIUM_INCOME_YOY":null,"NET_INTEREST_INCOME":null,"NET_INTEREST_INCOME_YOY":null,"FEE_COMMISSION_INCOME":null,"FEE_COMMISSION_INCOME_YOY":null,"ACCOUNTS_RECE_TDAYS":34.841957084158,"INVENTORY_TDAYS":null,"CURRENT_ASSETS_TDAYS":2.251421603456,"TOTAL_ASSETS_TDAYS":0.969409876742,"PREMIUM_EXPENSE":null,"LOAN_DEPOSIT":null,"LOAN_EQUITY":null,"LOAN_ASSETS":null,"DEPOSIT_EQUITY":null,"DEPOSIT_ASSETS":null,"EQUITY_MULTIPLIER":1.181202190133,"EQUITY_RATIO":0.180650684932},{"SECUCODE":"01303.HK","SECURITY_CODE":"01303","SECURITY_NAME_ABBR":"汇力资源","ORG_CODE":"10194752","STD_REPORT_DATE":"2020-12-31 00:00:00","REPORT_DATE":"2020-12-31 00:00:00","DATE_TYPE_CODE":"001","REPORT_TYPE":"2020年年报","PER_NETCASH_OPERATE":-0.023713580247,"PER_OI":0.08717037037,"BPS":0.195334950606,"BASIC_EPS":-0.01,"DILUTED_EPS":-0.01,"OPERATE_INCOME":141216000,"OPERATE_INCOME_YOY":50.9169409652,"GROSS_PROFIT":4249000,"GROSS_PROFIT_YOY":29.424307036247,"HOLDER_PROFIT":-16738000,"HOLDER_PROFIT_YOY":-4.5275713483,"GROSS_PROFIT_RATIO":3.008865850895,"EPS_TTM":-0.010332098765,"OPERATE_INCOME_QOQ":42.254457540042,"NET_PROFIT_RATIO":-10.8705812373,"ROE_AVG":-3.991329624498,"GROSS_PROFIT_QOQ":176.267880364109,"ROA":-3.476400643855,"HOLDER_PROFIT_QOQ":56.684436623363,"ROE_YEARLY":-3.991329624498,"ROIC_YEARLY":-5.778099972383,"TOTAL_ASSETS":468780000,"TOTAL_LIABILITIES":59163000,"TAX_EBT":-30.557918013268,"OCF_SALES":-27.203716292771,"TOTAL_PARENT_EQUITY":410817000,"DEBT_ASSET_RATIO":12.6206322795,"OPERATE_PROFIT":-12566000,"PRETAX_PROFIT":-11758000,"NETCASH_OPERATE":-38416000,"NETCASH_INVEST":-8894000,"NETCASH_FINANCE":-2007000,"END_CASH":169139000,"DIVI_RATIO":null,"DIVIDEND_RATE":null,"CURRENT_RATIO":6.772752219532,"COMMON_ACS":5000000000,"CURRENTDEBT_DEBT":52.355357233406,"ISSUED_COMMON_SHARES":2103141290,"HK_COMMON_SHARES":2103141290,"PER_SHARES":2000,"TOTAL_MARKET_CAP":704552332.15,"HKSK_MARKET_CAP":704552332.15,"PE_TTM":3.147260060929,"PB_TTM":0.678200968322,"REPORT_DATE_SQ":"2019-12-31 00:00:00","REPORT_TYPE_SQ":"2019年年报","OPERATE_INCOME_SQ":93572000,"DPS_HKD":null,"OPERATE_INCOME_QOQ_SQ":211.709250807822,"NET_PROFIT_RATIO_SQ":-16.2826486556,"HOLDER_PROFIT_SQ":-16013000,"HOLDER_PROFIT_QOQ_SQ":35.804201411161,"ROE_AVG_SQ":-3.672681151276,"PE_TTM_SQ":1.905964760956,"PB_TTM_SQ":0.717489965701,"ROA_SQ":-3.148651013534,"START_DATE":"2020-01-01 00:00:00","FISCAL_YEAR":"12-31","CURRENCY":"HKD","IS_CNY_CODE":0,"DPS_HKD_LY":null,"ORG_TYPE":"一般企业","PREMIUM_INCOME":null,"PREMIUM_INCOME_YOY":null,"NET_INTEREST_INCOME":null,"NET_INTEREST_INCOME_YOY":null,"FEE_COMMISSION_INCOME":null,"FEE_COMMISSION_INCOME_YOY":null,"ACCOUNTS_RECE_TDAYS":12.785513807153,"INVENTORY_TDAYS":null,"CURRENT_ASSETS_TDAYS":0.51318708674,"TOTAL_ASSETS_TDAYS":0.293298717483,"PREMIUM_EXPENSE":null,"LOAN_DEPOSIT":null,"LOAN_EQUITY":null,"LOAN_ASSETS":null,"DEPOSIT_EQUITY":null,"DEPOSIT_ASSETS":null,"EQUITY_MULTIPLIER":1.144434923355,"EQUITY_RATIO":0.144013027698},{"SECUCODE":"01303.HK","SECURITY_CODE":"01303","SECURITY_NAME_ABBR":"汇力资源","ORG_CODE":"10194752","STD_REPORT_DATE":"2020-06-30 00:00:00","REPORT_DATE":"2020-06-30 00:00:00","DATE_TYPE_CODE":"002","REPORT_TYPE":"2020年中报","PER_NETCASH_OPERATE":-0.01470617284,"PER_OI":0.010801851852,"BPS":0.198128866558,"BASIC_EPS":-0.0069,"DILUTED_EPS":-0.0069,"OPERATE_INCOME":17499000,"OPERATE_INCOME_YOY":48.2840437251,"GROSS_PROFIT":1801000,"GROSS_PROFIT_YOY":-49.210377890581,"HOLDER_PROFIT":-11208000,"HOLDER_PROFIT_YOY":-198.1350144471,"GROSS_PROFIT_RATIO":10.292016686668,"EPS_TTM":-0.02385308642,"OPERATE_INCOME_QOQ":6.089428461506,"NET_PROFIT_RATIO":-63.9179381679,"ROE_AVG":-2.654056268456,"GROSS_PROFIT_QOQ":-53.152604325312,"ROA":-2.333733463402,"HOLDER_PROFIT_QOQ":-141.3164304003,"ROE_YEARLY":-5.308112536911,"ROIC_YEARLY":-8.250245674473,"TOTAL_ASSETS":466351000,"TOTAL_LIABILITIES":52222000,"TAX_EBT":-1.617152720996,"OCF_SALES":-136.144922567004,"TOTAL_PARENT_EQUITY":416693000,"DEBT_ASSET_RATIO":11.1980032208,"OPERATE_PROFIT":-11563000,"PRETAX_PROFIT":-11007000,"NETCASH_OPERATE":-23824000,"NETCASH_INVEST":10652000,"NETCASH_FINANCE":-1034000,"END_CASH":204032000,"DIVI_RATIO":null,"DIVIDEND_RATE":null,"CURRENT_RATIO":8.599279798344,"COMMON_ACS":5000000000,"CURRENTDEBT_DEBT":53.17682202903,"ISSUED_COMMON_SHARES":2103141290,"HK_COMMON_SHARES":2103141290,"PER_SHARES":2000,"TOTAL_MARKET_CAP":704552332.15,"HKSK_MARKET_CAP":704552332.15,"PE_TTM":3.147260060929,"PB_TTM":0.678200968322,"REPORT_DATE_SQ":"2019-06-30 00:00:00","REPORT_TYPE_SQ":"2019年中报","OPERATE_INCOME_SQ":11801000,"DPS_HKD":null,"OPERATE_INCOME_QOQ_SQ":-8.556719873279,"NET_PROFIT_RATIO_SQ":106.3553936107,"HOLDER_PROFIT_SQ":11421000,"HOLDER_PROFIT_QOQ_SQ":39.557537134411,"ROE_AVG_SQ":2.539258343579,"PE_TTM_SQ":1.905964760956,"PB_TTM_SQ":0.717489965701,"ROA_SQ":2.211773272421,"START_DATE":"2020-01-01 00:00:00","FISCAL_YEAR":"12-31","CURRENCY":"HKD","IS_CNY_CODE":0,"DPS_HKD_LY":null,"ORG_TYPE":"一般企业","PREMIUM_INCOME":null,"PREMIUM_INCOME_YOY":null,"NET_INTEREST_INCOME":null,"NET_INTEREST_INCOME_YOY":null,"FEE_COMMISSION_INCOME":null,"FEE_COMMISSION_INCOME_YOY":null,"ACCOUNTS_RECE_TDAYS":3.526602176542,"INVENTORY_TDAYS":null,"CURRENT_ASSETS_TDAYS":0.060407515124,"TOTAL_ASSETS_TDAYS":0.036436475621,"PREMIUM_EXPENSE":null,"LOAN_DEPOSIT":null,"LOAN_EQUITY":null,"LOAN_ASSETS":null,"DEPOSIT_EQUITY":null,"DEPOSIT_ASSETS":null,"EQUITY_MULTIPLIER":1.126100804339,"EQUITY_RATIO":0.125324879468}],"count":31},"success":true,"message":"ok","code":0}