{"version":"683ed0d1f99c8e0c6e2fbd984ae3cb6d","result":{"pages":5,"data":[{"SECUCODE":"01302.HK","SECURITY_CODE":"01302","SECURITY_NAME_ABBR":"先健科技","ORG_CODE":"10199260","STD_REPORT_DATE":"2024-06-30 00:00:00","REPORT_DATE":"2024-06-30 00:00:00","DATE_TYPE_CODE":"002","REPORT_TYPE":"2024年中报","PER_NETCASH_OPERATE":0.022172492185,"PER_OI":0.14098461328,"BPS":0.739094466209,"BASIC_EPS":0.046,"DILUTED_EPS":0.046,"OPERATE_INCOME":652831000,"OPERATE_INCOME_YOY":2.0837991884,"GROSS_PROFIT":515384000,"GROSS_PROFIT_YOY":2.095660700667,"HOLDER_PROFIT":205557000,"HOLDER_PROFIT_YOY":-6.6345996621,"GROSS_PROFIT_RATIO":78.946005934155,"EPS_TTM":0.053694921538,"OPERATE_INCOME_QOQ":1.051630595616,"NET_PROFIT_RATIO":28.4618837034,"ROE_AVG":6.052289648508,"GROSS_PROFIT_QOQ":1.062535843887,"ROA":4.320271830528,"HOLDER_PROFIT_QOQ":-5.54888657585,"ROE_YEARLY":12.104579297016,"ROIC_YEARLY":10.759915745217,"TOTAL_ASSETS":4819565000,"TOTAL_LIABILITIES":1429289000,"TAX_EBT":10.945385702988,"OCF_SALES":15.726887969475,"TOTAL_PARENT_EQUITY":3422460000,"DEBT_ASSET_RATIO":29.6559751762,"OPERATE_PROFIT":202006000,"PRETAX_PROFIT":208645000,"NETCASH_OPERATE":102670000,"NETCASH_INVEST":-224330000,"NETCASH_FINANCE":-24906000,"END_CASH":832577000,"DIVI_RATIO":null,"DIVIDEND_RATE":null,"CURRENT_RATIO":2.68427414086,"COMMON_ACS":40000000000,"CURRENTDEBT_DEBT":57.827633179854,"ISSUED_COMMON_SHARES":4630612400,"HK_COMMON_SHARES":4630612400,"PER_SHARES":2000,"TOTAL_MARKET_CAP":6807000228,"HKSK_MARKET_CAP":6807000228,"PE_TTM":24.581791081038,"PB_TTM":1.815247794888,"REPORT_DATE_SQ":"2023-06-30 00:00:00","REPORT_TYPE_SQ":"2023年中报","OPERATE_INCOME_SQ":639505000,"DPS_HKD":null,"OPERATE_INCOME_QOQ_SQ":7.681603193264,"NET_PROFIT_RATIO_SQ":33.2524374321,"HOLDER_PROFIT_SQ":220164000,"HOLDER_PROFIT_QOQ_SQ":1.653669886917,"ROE_AVG_SQ":7.167061673665,"PE_TTM_SQ":25.661507163048,"PB_TTM_SQ":2.566673673771,"ROA_SQ":5.665567979212,"START_DATE":"2024-01-01 00:00:00","FISCAL_YEAR":"12-31","CURRENCY":"HKD","IS_CNY_CODE":0,"DPS_HKD_LY":null,"ORG_TYPE":"一般企业","PREMIUM_INCOME":null,"PREMIUM_INCOME_YOY":null,"NET_INTEREST_INCOME":null,"NET_INTEREST_INCOME_YOY":null,"FEE_COMMISSION_INCOME":null,"FEE_COMMISSION_INCOME_YOY":null,"ACCOUNTS_RECE_TDAYS":5.742758117154,"INVENTORY_TDAYS":0.266069537712,"CURRENT_ASSETS_TDAYS":0.293423016073,"TOTAL_ASSETS_TDAYS":0.137208043482,"PREMIUM_EXPENSE":null,"LOAN_DEPOSIT":null,"LOAN_EQUITY":null,"LOAN_ASSETS":null,"DEPOSIT_EQUITY":null,"DEPOSIT_ASSETS":null,"EQUITY_MULTIPLIER":1.421584850319,"EQUITY_RATIO":0.417620366637},{"SECUCODE":"01302.HK","SECURITY_CODE":"01302","SECURITY_NAME_ABBR":"先健科技","ORG_CODE":"10199260","STD_REPORT_DATE":"2023-12-31 00:00:00","REPORT_DATE":"2023-12-31 00:00:00","DATE_TYPE_CODE":"001","REPORT_TYPE":"2023年年报","PER_NETCASH_OPERATE":0.090286828799,"PER_OI":0.273674168061,"BPS":0.727817772008,"BASIC_EPS":0.06,"DILUTED_EPS":0.059,"OPERATE_INCOME":1267175000,"OPERATE_INCOME_YOY":15.4801286783,"GROSS_PROFIT":995637000,"GROSS_PROFIT_YOY":13.926662150658,"HOLDER_PROFIT":263242000,"HOLDER_PROFIT_YOY":-19.0863627562,"GROSS_PROFIT_RATIO":78.571389113579,"EPS_TTM":0.056852869847,"OPERATE_INCOME_QOQ":7.242207818037,"NET_PROFIT_RATIO":8.4826484108,"ROE_AVG":8.395954063725,"GROSS_PROFIT_QOQ":6.240036365266,"ROA":6.277780619658,"HOLDER_PROFIT_QOQ":-20.402640323902,"ROE_YEARLY":8.395954063725,"ROIC_YEARLY":8.076118154515,"TOTAL_ASSETS":4696364000,"TOTAL_LIABILITIES":1372394000,"TAX_EBT":38.780391955849,"OCF_SALES":32.990628760826,"TOTAL_PARENT_EQUITY":3370242000,"DEBT_ASSET_RATIO":29.2224793479,"OPERATE_PROFIT":383278000,"PRETAX_PROFIT":175581000,"NETCASH_OPERATE":418049000,"NETCASH_INVEST":-453882000,"NETCASH_FINANCE":182709000,"END_CASH":979312000,"DIVI_RATIO":null,"DIVIDEND_RATE":null,"CURRENT_RATIO":2.897076620233,"COMMON_ACS":40000000000,"CURRENTDEBT_DEBT":56.116246500641,"ISSUED_COMMON_SHARES":4630612400,"HK_COMMON_SHARES":4630612400,"PER_SHARES":2000,"TOTAL_MARKET_CAP":6251326740,"HKSK_MARKET_CAP":6251326740,"PE_TTM":22.575114258096,"PB_TTM":1.667064301427,"REPORT_DATE_SQ":"2022-12-31 00:00:00","REPORT_TYPE_SQ":"2022年年报","OPERATE_INCOME_SQ":1097310000,"DPS_HKD":null,"OPERATE_INCOME_QOQ_SQ":7.641991863897,"NET_PROFIT_RATIO_SQ":29.0473065952,"HOLDER_PROFIT_SQ":325337000,"HOLDER_PROFIT_QOQ_SQ":7.425482666279,"ROE_AVG_SQ":12.040539397749,"PE_TTM_SQ":28.688075550667,"PB_TTM_SQ":2.86939219116,"ROA_SQ":9.465976550441,"START_DATE":"2023-01-01 00:00:00","FISCAL_YEAR":"12-31","CURRENCY":"HKD","IS_CNY_CODE":0,"DPS_HKD_LY":null,"ORG_TYPE":"一般企业","PREMIUM_INCOME":null,"PREMIUM_INCOME_YOY":null,"NET_INTEREST_INCOME":null,"NET_INTEREST_INCOME_YOY":null,"FEE_COMMISSION_INCOME":null,"FEE_COMMISSION_INCOME_YOY":null,"ACCOUNTS_RECE_TDAYS":10.460633577546,"INVENTORY_TDAYS":0.749058979795,"CURRENT_ASSETS_TDAYS":0.698591240258,"TOTAL_ASSETS_TDAYS":0.302195191372,"PREMIUM_EXPENSE":null,"LOAN_DEPOSIT":null,"LOAN_EQUITY":null,"LOAN_ASSETS":null,"DEPOSIT_EQUITY":null,"DEPOSIT_ASSETS":null,"EQUITY_MULTIPLIER":1.412877974231,"EQUITY_RATIO":0.407209333929},{"SECUCODE":"01302.HK","SECURITY_CODE":"01302","SECURITY_NAME_ABBR":"先健科技","ORG_CODE":"10199260","STD_REPORT_DATE":"2023-06-30 00:00:00","REPORT_DATE":"2023-06-30 00:00:00","DATE_TYPE_CODE":"002","REPORT_TYPE":"2023年中报","PER_NETCASH_OPERATE":0.04819145542,"PER_OI":0.138121063688,"BPS":0.700410166051,"BASIC_EPS":0.049,"DILUTED_EPS":0.049,"OPERATE_INCOME":639505000,"OPERATE_INCOME_YOY":15.1817137176,"GROSS_PROFIT":504805000,"GROSS_PROFIT_YOY":14.319198324181,"HOLDER_PROFIT":220164000,"HOLDER_PROFIT_YOY":2.5048420739,"GROSS_PROFIT_RATIO":78.936833957514,"EPS_TTM":0.071428657821,"OPERATE_INCOME_QOQ":7.681603193264,"NET_PROFIT_RATIO":33.2524374321,"ROE_AVG":7.167061673665,"GROSS_PROFIT_QOQ":7.235149806391,"ROA":5.665567979212,"HOLDER_PROFIT_QOQ":1.653669886917,"ROE_YEARLY":14.334123347331,"ROIC_YEARLY":14.679178011636,"TOTAL_ASSETS":4081898000,"TOTAL_LIABILITIES":825471000,"TAX_EBT":17.069584784398,"OCF_SALES":34.890735803473,"TOTAL_PARENT_EQUITY":3243328000,"DEBT_ASSET_RATIO":20.2227248207,"OPERATE_PROFIT":255205000,"PRETAX_PROFIT":256421000,"NETCASH_OPERATE":223128000,"NETCASH_INVEST":-268833000,"NETCASH_FINANCE":-10619000,"END_CASH":775143000,"DIVI_RATIO":null,"DIVIDEND_RATE":null,"CURRENT_RATIO":3.047304300706,"COMMON_ACS":40000000000,"CURRENTDEBT_DEBT":76.904700467975,"ISSUED_COMMON_SHARES":4630612400,"HK_COMMON_SHARES":4630612400,"PER_SHARES":2000,"TOTAL_MARKET_CAP":7316367592,"HKSK_MARKET_CAP":7316367592,"PE_TTM":26.421244835402,"PB_TTM":1.951082663893,"REPORT_DATE_SQ":"2022-06-30 00:00:00","REPORT_TYPE_SQ":"2022年中报","OPERATE_INCOME_SQ":555214000,"DPS_HKD":null,"OPERATE_INCOME_QOQ_SQ":10.16638316543,"NET_PROFIT_RATIO_SQ":37.9797699626,"HOLDER_PROFIT_SQ":214784000,"HOLDER_PROFIT_QOQ_SQ":3.548031948357,"ROE_AVG_SQ":8.425213112381,"PE_TTM_SQ":30.925219056912,"PB_TTM_SQ":3.093152132673,"ROA_SQ":6.644402547768,"START_DATE":"2023-01-01 00:00:00","FISCAL_YEAR":"12-31","CURRENCY":"HKD","IS_CNY_CODE":0,"DPS_HKD_LY":null,"ORG_TYPE":"一般企业","PREMIUM_INCOME":null,"PREMIUM_INCOME_YOY":null,"NET_INTEREST_INCOME":null,"NET_INTEREST_INCOME_YOY":null,"FEE_COMMISSION_INCOME":null,"FEE_COMMISSION_INCOME_YOY":null,"ACCOUNTS_RECE_TDAYS":4.35659786089,"INVENTORY_TDAYS":0.463721615555,"CURRENT_ASSETS_TDAYS":0.38395264601,"TOTAL_ASSETS_TDAYS":0.164566371003,"PREMIUM_EXPENSE":null,"LOAN_DEPOSIT":null,"LOAN_EQUITY":null,"LOAN_ASSETS":null,"DEPOSIT_EQUITY":null,"DEPOSIT_ASSETS":null,"EQUITY_MULTIPLIER":1.253489791112,"EQUITY_RATIO":0.254513573712},{"SECUCODE":"01302.HK","SECURITY_CODE":"01302","SECURITY_NAME_ABBR":"先健科技","ORG_CODE":"10199260","STD_REPORT_DATE":"2022-12-31 00:00:00","REPORT_DATE":"2022-12-31 00:00:00","DATE_TYPE_CODE":"001","REPORT_TYPE":"2022年年报","PER_NETCASH_OPERATE":0.083869427726,"PER_OI":0.236998443898,"BPS":0.626363156631,"BASIC_EPS":0.077,"DILUTED_EPS":0.074,"OPERATE_INCOME":1097310000,"OPERATE_INCOME_YOY":18.5852892037,"GROSS_PROFIT":873928000,"GROSS_PROFIT_YOY":16.90812725575,"HOLDER_PROFIT":325337000,"HOLDER_PROFIT_YOY":11.236973112,"GROSS_PROFIT_RATIO":79.642762756195,"EPS_TTM":0.070266709264,"OPERATE_INCOME_QOQ":7.641991863897,"NET_PROFIT_RATIO":29.0473065952,"ROE_AVG":12.040539397749,"GROSS_PROFIT_QOQ":7.2624107556,"ROA":9.465976550441,"HOLDER_PROFIT_QOQ":7.425482666279,"ROE_YEARLY":12.040539397749,"ROIC_YEARLY":13.798568895294,"TOTAL_ASSETS":3690103000,"TOTAL_LIABILITIES":769046000,"TAX_EBT":15.68777344556,"OCF_SALES":35.388176540813,"TOTAL_PARENT_EQUITY":2900445000,"DEBT_ASSET_RATIO":20.8407732792,"OPERATE_PROFIT":375934000,"PRETAX_PROFIT":378046000,"NETCASH_OPERATE":388318000,"NETCASH_INVEST":-458468000,"NETCASH_FINANCE":-215201000,"END_CASH":833792000,"DIVI_RATIO":null,"DIVIDEND_RATE":null,"CURRENT_RATIO":2.38853155703,"COMMON_ACS":40000000000,"CURRENTDEBT_DEBT":76.03381332196,"ISSUED_COMMON_SHARES":4630612400,"HK_COMMON_SHARES":4630612400,"PER_SHARES":2000,"TOTAL_MARKET_CAP":6251326740,"HKSK_MARKET_CAP":6251326740,"PE_TTM":22.575114258096,"PB_TTM":1.667064301427,"REPORT_DATE_SQ":"2021-12-31 00:00:00","REPORT_TYPE_SQ":"2021年年报","OPERATE_INCOME_SQ":925334000,"DPS_HKD":null,"OPERATE_INCOME_QOQ_SQ":11.420245878939,"NET_PROFIT_RATIO_SQ":30.6221321166,"HOLDER_PROFIT_SQ":292472000,"HOLDER_PROFIT_QOQ_SQ":-9.040809598746,"ROE_AVG_SQ":12.076320568851,"PE_TTM_SQ":28.688075550667,"PB_TTM_SQ":2.86939219116,"ROA_SQ":9.529469569898,"START_DATE":"2022-01-01 00:00:00","FISCAL_YEAR":"12-31","CURRENCY":"HKD","IS_CNY_CODE":0,"DPS_HKD_LY":null,"ORG_TYPE":"一般企业","PREMIUM_INCOME":null,"PREMIUM_INCOME_YOY":null,"NET_INTEREST_INCOME":null,"NET_INTEREST_INCOME_YOY":null,"FEE_COMMISSION_INCOME":null,"FEE_COMMISSION_INCOME_YOY":null,"ACCOUNTS_RECE_TDAYS":8.88057104473,"INVENTORY_TDAYS":1.20521619026,"CURRENT_ASSETS_TDAYS":0.678665194682,"TOTAL_ASSETS_TDAYS":0.319272346169,"PREMIUM_EXPENSE":null,"LOAN_DEPOSIT":null,"LOAN_EQUITY":null,"LOAN_ASSETS":null,"DEPOSIT_EQUITY":null,"DEPOSIT_ASSETS":null,"EQUITY_MULTIPLIER":1.26327661528,"EQUITY_RATIO":0.265147589422},{"SECUCODE":"01302.HK","SECURITY_CODE":"01302","SECURITY_NAME_ABBR":"先健科技","ORG_CODE":"10199260","STD_REPORT_DATE":"2022-06-30 00:00:00","REPORT_DATE":"2022-06-30 00:00:00","DATE_TYPE_CODE":"002","REPORT_TYPE":"2022年中报","PER_NETCASH_OPERATE":0.052733779027,"PER_OI":0.119915843317,"BPS":0.560405142093,"BASIC_EPS":0.05,"DILUTED_EPS":0.048,"OPERATE_INCOME":555214000,"OPERATE_INCOME_YOY":20.4000511774,"GROSS_PROFIT":441575000,"GROSS_PROFIT_YOY":17.957163311536,"HOLDER_PROFIT":214784000,"HOLDER_PROFIT_YOY":5.0766363187,"GROSS_PROFIT_RATIO":79.532396517379,"EPS_TTM":0.065409721716,"OPERATE_INCOME_QOQ":10.16638316543,"NET_PROFIT_RATIO":37.9797699626,"ROE_AVG":8.425213112381,"GROSS_PROFIT_QOQ":8.992634448734,"ROA":6.644402547768,"HOLDER_PROFIT_QOQ":3.548031948357,"ROE_YEARLY":16.850426224762,"ROIC_YEARLY":22.001890992382,"TOTAL_ASSETS":3281396000,"TOTAL_LIABILITIES":666772000,"TAX_EBT":12.364308868756,"OCF_SALES":43.975656233452,"TOTAL_PARENT_EQUITY":2595019000,"DEBT_ASSET_RATIO":20.3197663433,"OPERATE_PROFIT":237859000,"PRETAX_PROFIT":240620000,"NETCASH_OPERATE":244159000,"NETCASH_INVEST":-281523000,"NETCASH_FINANCE":-165181000,"END_CASH":916931000,"DIVI_RATIO":null,"DIVIDEND_RATE":null,"CURRENT_RATIO":3.80994216373,"COMMON_ACS":40000000000,"CURRENTDEBT_DEBT":72.944424780885,"ISSUED_COMMON_SHARES":4630612400,"HK_COMMON_SHARES":4630612400,"PER_SHARES":2000,"TOTAL_MARKET_CAP":7316367592,"HKSK_MARKET_CAP":7316367592,"PE_TTM":26.421244835402,"PB_TTM":1.951082663893,"REPORT_DATE_SQ":"2021-06-30 00:00:00","REPORT_TYPE_SQ":"2021年中报","OPERATE_INCOME_SQ":461141000,"DPS_HKD":null,"OPERATE_INCOME_QOQ_SQ":29.299594114268,"NET_PROFIT_RATIO_SQ":43.5118542919,"HOLDER_PROFIT_SQ":204407000,"HOLDER_PROFIT_QOQ_SQ":48.803480111993,"ROE_AVG_SQ":8.352601752474,"PE_TTM_SQ":30.925219056912,"PB_TTM_SQ":3.093152132673,"ROA_SQ":6.757448310927,"START_DATE":"2022-01-01 00:00:00","FISCAL_YEAR":"12-31","CURRENCY":"HKD","IS_CNY_CODE":0,"DPS_HKD_LY":null,"ORG_TYPE":"一般企业","PREMIUM_INCOME":null,"PREMIUM_INCOME_YOY":null,"NET_INTEREST_INCOME":null,"NET_INTEREST_INCOME_YOY":null,"FEE_COMMISSION_INCOME":null,"FEE_COMMISSION_INCOME_YOY":null,"ACCOUNTS_RECE_TDAYS":4.542482430232,"INVENTORY_TDAYS":0.762370857373,"CURRENT_ASSETS_TDAYS":0.300918803564,"TOTAL_ASSETS_TDAYS":0.171756989168,"PREMIUM_EXPENSE":null,"LOAN_DEPOSIT":null,"LOAN_EQUITY":null,"LOAN_ASSETS":null,"DEPOSIT_EQUITY":null,"DEPOSIT_ASSETS":null,"EQUITY_MULTIPLIER":1.255016400063,"EQUITY_RATIO":0.256943012749},{"SECUCODE":"01302.HK","SECURITY_CODE":"01302","SECURITY_NAME_ABBR":"先健科技","ORG_CODE":"10199260","STD_REPORT_DATE":"2021-12-31 00:00:00","REPORT_DATE":"2021-12-31 00:00:00","DATE_TYPE_CODE":"001","REPORT_TYPE":"2021年年报","PER_NETCASH_OPERATE":0.10558310805,"PER_OI":0.199854843286,"BPS":0.540658941785,"BASIC_EPS":0.068,"DILUTED_EPS":0.064,"OPERATE_INCOME":925334000,"OPERATE_INCOME_YOY":44.0659256826,"GROSS_PROFIT":747534000,"GROSS_PROFIT_YOY":45.676952908047,"HOLDER_PROFIT":292472000,"HOLDER_PROFIT_YOY":35.3504407988,"GROSS_PROFIT_RATIO":80.785316437092,"EPS_TTM":0.063168483732,"OPERATE_INCOME_QOQ":11.420245878939,"NET_PROFIT_RATIO":30.6221321166,"ROE_AVG":12.076320568851,"GROSS_PROFIT_QOQ":11.49968080473,"ROA":9.529469569898,"HOLDER_PROFIT_QOQ":-9.040809598746,"ROE_YEARLY":12.076320568851,"ROIC_YEARLY":15.924001755347,"TOTAL_ASSETS":3183715000,"TOTAL_LIABILITIES":653613000,"TAX_EBT":14.889405517109,"OCF_SALES":52.829897096616,"TOTAL_PARENT_EQUITY":2503582000,"DEBT_ASSET_RATIO":20.5298841134,"OPERATE_PROFIT":328739000,"PRETAX_PROFIT":332928000,"NETCASH_OPERATE":441094000,"NETCASH_INVEST":-38997000,"NETCASH_FINANCE":-256375000,"END_CASH":1119264000,"DIVI_RATIO":null,"DIVIDEND_RATE":null,"CURRENT_RATIO":3.812088224491,"COMMON_ACS":40000000000,"CURRENTDEBT_DEBT":73.729714678258,"ISSUED_COMMON_SHARES":4630612400,"HK_COMMON_SHARES":4630612400,"PER_SHARES":2000,"TOTAL_MARKET_CAP":6251326740,"HKSK_MARKET_CAP":6251326740,"PE_TTM":22.575114258096,"PB_TTM":1.667064301427,"REPORT_DATE_SQ":"2020-12-31 00:00:00","REPORT_TYPE_SQ":"2020年年报","OPERATE_INCOME_SQ":642299000,"DPS_HKD":null,"OPERATE_INCOME_QOQ_SQ":1.417766689825,"NET_PROFIT_RATIO_SQ":32.2346757507,"HOLDER_PROFIT_SQ":216085000,"HOLDER_PROFIT_QOQ_SQ":59.15284447456,"ROE_AVG_SQ":12.375445892038,"PE_TTM_SQ":28.688075550667,"PB_TTM_SQ":2.86939219116,"ROA_SQ":9.143020346854,"START_DATE":"2021-01-01 00:00:00","FISCAL_YEAR":"12-31","CURRENCY":"HKD","IS_CNY_CODE":0,"DPS_HKD_LY":null,"ORG_TYPE":"一般企业","PREMIUM_INCOME":null,"PREMIUM_INCOME_YOY":null,"NET_INTEREST_INCOME":null,"NET_INTEREST_INCOME_YOY":null,"FEE_COMMISSION_INCOME":null,"FEE_COMMISSION_INCOME_YOY":null,"ACCOUNTS_RECE_TDAYS":8.521708699596,"INVENTORY_TDAYS":1.553455740054,"CURRENT_ASSETS_TDAYS":0.547224385689,"TOTAL_ASSETS_TDAYS":0.301496970479,"PREMIUM_EXPENSE":null,"LOAN_DEPOSIT":null,"LOAN_EQUITY":null,"LOAN_ASSETS":null,"DEPOSIT_EQUITY":null,"DEPOSIT_ASSETS":null,"EQUITY_MULTIPLIER":1.258334644216,"EQUITY_RATIO":0.261071137275},{"SECUCODE":"01302.HK","SECURITY_CODE":"01302","SECURITY_NAME_ABBR":"先健科技","ORG_CODE":"10199260","STD_REPORT_DATE":"2021-06-30 00:00:00","REPORT_DATE":"2021-06-30 00:00:00","DATE_TYPE_CODE":"002","REPORT_TYPE":"2021年中报","PER_NETCASH_OPERATE":0.043074787084,"PER_OI":0.099646085806,"BPS":0.551613000475,"BASIC_EPS":0.047,"DILUTED_EPS":0.045,"OPERATE_INCOME":461141000,"OPERATE_INCOME_YOY":68.9470599011,"GROSS_PROFIT":374352000,"GROSS_PROFIT_YOY":72.463961743473,"HOLDER_PROFIT":204407000,"HOLDER_PROFIT_YOY":106.5760485093,"GROSS_PROFIT_RATIO":81.179509087242,"EPS_TTM":0.069480704865,"OPERATE_INCOME_QOQ":29.299594114268,"NET_PROFIT_RATIO":43.5118542919,"ROE_AVG":8.352601752474,"GROSS_PROFIT_QOQ":30.652349725711,"ROA":6.757448310927,"HOLDER_PROFIT_QOQ":48.803480111993,"ROE_YEARLY":16.705203504949,"ROIC_YEARLY":22.582478739888,"TOTAL_ASSETS":3095279000,"TOTAL_LIABILITIES":521594000,"TAX_EBT":13.446092260441,"OCF_SALES":43.227776320041,"TOTAL_PARENT_EQUITY":2554306000,"DEBT_ASSET_RATIO":16.8512757654,"OPERATE_PROFIT":227633000,"PRETAX_PROFIT":231822000,"NETCASH_OPERATE":199341000,"NETCASH_INVEST":-467515000,"NETCASH_FINANCE":-115963000,"END_CASH":588159000,"DIVI_RATIO":null,"DIVIDEND_RATE":null,"CURRENT_RATIO":3.869777790648,"COMMON_ACS":40000000000,"CURRENTDEBT_DEBT":79.445699145312,"ISSUED_COMMON_SHARES":4630612400,"HK_COMMON_SHARES":4630612400,"PER_SHARES":2000,"TOTAL_MARKET_CAP":7316367592,"HKSK_MARKET_CAP":7316367592,"PE_TTM":26.421244835402,"PB_TTM":1.951082663893,"REPORT_DATE_SQ":"2020-06-30 00:00:00","REPORT_TYPE_SQ":"2020年中报","OPERATE_INCOME_SQ":272950000,"DPS_HKD":null,"OPERATE_INCOME_QOQ_SQ":-5.31620816321,"NET_PROFIT_RATIO_SQ":35.2375893021,"HOLDER_PROFIT_SQ":98950000,"HOLDER_PROFIT_QOQ_SQ":5.086687306502,"ROE_AVG_SQ":8.195309251796,"PE_TTM_SQ":30.925219056912,"PB_TTM_SQ":3.093152132673,"ROA_SQ":5.405176569556,"START_DATE":"2021-01-01 00:00:00","FISCAL_YEAR":"12-31","CURRENCY":"HKD","IS_CNY_CODE":0,"DPS_HKD_LY":null,"ORG_TYPE":"一般企业","PREMIUM_INCOME":null,"PREMIUM_INCOME_YOY":null,"NET_INTEREST_INCOME":null,"NET_INTEREST_INCOME_YOY":null,"FEE_COMMISSION_INCOME":null,"FEE_COMMISSION_INCOME_YOY":null,"ACCOUNTS_RECE_TDAYS":4.087422830273,"INVENTORY_TDAYS":0.848866892929,"CURRENT_ASSETS_TDAYS":0.292934868918,"TOTAL_ASSETS_TDAYS":0.152447639834,"PREMIUM_EXPENSE":null,"LOAN_DEPOSIT":null,"LOAN_EQUITY":null,"LOAN_ASSETS":null,"DEPOSIT_EQUITY":null,"DEPOSIT_ASSETS":null,"EQUITY_MULTIPLIER":1.202664273211,"EQUITY_RATIO":0.204201845824},{"SECUCODE":"01302.HK","SECURITY_CODE":"01302","SECURITY_NAME_ABBR":"先健科技","ORG_CODE":"10199260","STD_REPORT_DATE":"2020-12-31 00:00:00","REPORT_DATE":"2020-12-31 00:00:00","DATE_TYPE_CODE":"001","REPORT_TYPE":"2020年年报","PER_NETCASH_OPERATE":0.073164494719,"PER_OI":0.138815479167,"BPS":0.50536404213,"BASIC_EPS":0.05,"DILUTED_EPS":0.049,"OPERATE_INCOME":642299000,"OPERATE_INCOME_YOY":-3.9738129019,"GROSS_PROFIT":513145000,"GROSS_PROFIT_YOY":-4.052765416402,"HOLDER_PROFIT":216085000,"HOLDER_PROFIT_YOY":67.2484520124,"GROSS_PROFIT_RATIO":79.891919495438,"EPS_TTM":0.046700902252,"OPERATE_INCOME_QOQ":1.417766689825,"NET_PROFIT_RATIO":32.2346757507,"ROE_AVG":12.375445892038,"GROSS_PROFIT_QOQ":3.001660005901,"ROA":9.143020346854,"HOLDER_PROFIT_QOQ":59.15284447456,"ROE_YEARLY":12.375445892038,"ROIC_YEARLY":13.47550636436,"TOTAL_ASSETS":2954549000,"TOTAL_LIABILITIES":596059000,"TAX_EBT":14.665078475336,"OCF_SALES":52.70629410913,"TOTAL_PARENT_EQUITY":2340145000,"DEBT_ASSET_RATIO":20.1742804062,"OPERATE_PROFIT":264489000,"PRETAX_PROFIT":242624000,"NETCASH_OPERATE":338532000,"NETCASH_INVEST":-341630000,"NETCASH_FINANCE":674665000,"END_CASH":971683000,"DIVI_RATIO":null,"DIVIDEND_RATE":null,"CURRENT_RATIO":3.129746495651,"COMMON_ACS":40000000000,"CURRENTDEBT_DEBT":82.81076202188,"ISSUED_COMMON_SHARES":4630612400,"HK_COMMON_SHARES":4630612400,"PER_SHARES":2000,"TOTAL_MARKET_CAP":6251326740,"HKSK_MARKET_CAP":6251326740,"PE_TTM":22.575114258096,"PB_TTM":1.667064301427,"REPORT_DATE_SQ":"2019-12-31 00:00:00","REPORT_TYPE_SQ":"2019年年报","OPERATE_INCOME_SQ":668879000,"DPS_HKD":null,"OPERATE_INCOME_QOQ_SQ":8.175434397278,"NET_PROFIT_RATIO_SQ":19.0115103031,"HOLDER_PROFIT_SQ":129200000,"HOLDER_PROFIT_QOQ_SQ":-11.586179523852,"ROE_AVG_SQ":10.800684321996,"PE_TTM_SQ":28.688075550667,"PB_TTM_SQ":2.86939219116,"ROA_SQ":7.822343203492,"START_DATE":"2020-01-01 00:00:00","FISCAL_YEAR":"12-31","CURRENCY":"HKD","IS_CNY_CODE":0,"DPS_HKD_LY":null,"ORG_TYPE":"一般企业","PREMIUM_INCOME":null,"PREMIUM_INCOME_YOY":null,"NET_INTEREST_INCOME":null,"NET_INTEREST_INCOME_YOY":null,"FEE_COMMISSION_INCOME":null,"FEE_COMMISSION_INCOME_YOY":null,"ACCOUNTS_RECE_TDAYS":7.149206384542,"INVENTORY_TDAYS":1.299675971582,"CURRENT_ASSETS_TDAYS":0.597307693917,"TOTAL_ASSETS_TDAYS":0.271770498913,"PREMIUM_EXPENSE":null,"LOAN_DEPOSIT":null,"LOAN_EQUITY":null,"LOAN_ASSETS":null,"DEPOSIT_EQUITY":null,"DEPOSIT_ASSETS":null,"EQUITY_MULTIPLIER":1.252729076654,"EQUITY_RATIO":0.254710285046},{"SECUCODE":"01302.HK","SECURITY_CODE":"01302","SECURITY_NAME_ABBR":"先健科技","ORG_CODE":"10199260","STD_REPORT_DATE":"2020-06-30 00:00:00","REPORT_DATE":"2020-06-30 00:00:00","DATE_TYPE_CODE":"002","REPORT_TYPE":"2020年中报","PER_NETCASH_OPERATE":0.024529443006,"PER_OI":0.063093674609,"BPS":0.272703454947,"BASIC_EPS":0.023,"DILUTED_EPS":0.023,"OPERATE_INCOME":272950000,"OPERATE_INCOME_YOY":-11.5260818971,"GROSS_PROFIT":217061000,"GROSS_PROFIT_YOY":-14.438487918326,"HOLDER_PROFIT":98950000,"HOLDER_PROFIT_YOY":7.1142479811,"GROSS_PROFIT_RATIO":79.524088660927,"EPS_TTM":0.031384335552,"OPERATE_INCOME_QOQ":-5.31620816321,"NET_PROFIT_RATIO":35.2375893021,"ROE_AVG":8.195309251796,"GROSS_PROFIT_QOQ":-6.848846340825,"ROA":5.405176569556,"HOLDER_PROFIT_QOQ":5.086687306502,"ROE_YEARLY":16.390618503592,"ROIC_YEARLY":13.642550695105,"TOTAL_ASSETS":1889079000,"TOTAL_LIABILITIES":619414000,"TAX_EBT":13.73282387974,"OCF_SALES":38.877816449899,"TOTAL_PARENT_EQUITY":1262784000,"DEBT_ASSET_RATIO":32.7892057452,"OPERATE_PROFIT":119757000,"PRETAX_PROFIT":111492000,"NETCASH_OPERATE":106117000,"NETCASH_INVEST":-127819000,"NETCASH_FINANCE":46784000,"END_CASH":324530000,"DIVI_RATIO":null,"DIVIDEND_RATE":null,"CURRENT_RATIO":1.323639840047,"COMMON_ACS":40000000000,"CURRENTDEBT_DEBT":76.667463118367,"ISSUED_COMMON_SHARES":4630612400,"HK_COMMON_SHARES":4630612400,"PER_SHARES":2000,"TOTAL_MARKET_CAP":7316367592,"HKSK_MARKET_CAP":7316367592,"PE_TTM":26.421244835402,"PB_TTM":1.951082663893,"REPORT_DATE_SQ":"2019-06-30 00:00:00","REPORT_TYPE_SQ":"2019年中报","OPERATE_INCOME_SQ":308509000,"DPS_HKD":null,"OPERATE_INCOME_QOQ_SQ":11.070634347528,"NET_PROFIT_RATIO_SQ":29.9871316558,"HOLDER_PROFIT_SQ":92378000,"HOLDER_PROFIT_QOQ_SQ":20.687633174213,"ROE_AVG_SQ":7.097044076302,"PE_TTM_SQ":30.925219056912,"PB_TTM_SQ":3.093152132673,"ROA_SQ":5.294145796184,"START_DATE":"2020-01-01 00:00:00","FISCAL_YEAR":"12-31","CURRENCY":"HKD","IS_CNY_CODE":0,"DPS_HKD_LY":null,"ORG_TYPE":"一般企业","PREMIUM_INCOME":null,"PREMIUM_INCOME_YOY":null,"NET_INTEREST_INCOME":null,"NET_INTEREST_INCOME_YOY":null,"FEE_COMMISSION_INCOME":null,"FEE_COMMISSION_INCOME_YOY":null,"ACCOUNTS_RECE_TDAYS":4.207646061353,"INVENTORY_TDAYS":0.583864817572,"CURRENT_ASSETS_TDAYS":0.442245235069,"TOTAL_ASSETS_TDAYS":0.149099842816,"PREMIUM_EXPENSE":null,"LOAN_DEPOSIT":null,"LOAN_EQUITY":null,"LOAN_ASSETS":null,"DEPOSIT_EQUITY":null,"DEPOSIT_ASSETS":null,"EQUITY_MULTIPLIER":1.487856245544,"EQUITY_RATIO":0.490514608991}],"count":37},"success":true,"message":"ok","code":0}