{"version":"b3397a92cf3bf0b448387976a6eed6ae","result":{"pages":3,"data":[{"SECUCODE":"01301.HK","SECURITY_CODE":"01301","SECURITY_NAME_ABBR":"德基科技控股","ORG_CODE":"10434285","STD_REPORT_DATE":"2024-06-30 00:00:00","REPORT_DATE":"2024-06-30 00:00:00","DATE_TYPE_CODE":"002","REPORT_TYPE":"2024年中报","PER_NETCASH_OPERATE":-0.046658784376,"PER_OI":0.221784838476,"BPS":0.870932174762,"BASIC_EPS":-0.0089,"DILUTED_EPS":-0.0089,"OPERATE_INCOME":141811000,"OPERATE_INCOME_YOY":19.2039675535,"GROSS_PROFIT":49368000,"GROSS_PROFIT_YOY":12.519658119658,"HOLDER_PROFIT":-5683000,"HOLDER_PROFIT_YOY":17.7330631152,"GROSS_PROFIT_RATIO":34.812532173104,"EPS_TTM":-0.035406188224,"OPERATE_INCOME_QOQ":8.222096659841,"NET_PROFIT_RATIO":-4.0074465309,"ROE_AVG":-0.979487298809,"GROSS_PROFIT_QOQ":6.442343779321,"ROA":-0.732844941977,"HOLDER_PROFIT_QOQ":5.133255112303,"ROE_YEARLY":-1.958974597618,"ROIC_YEARLY":-1.756533296243,"TOTAL_ASSETS":773815000,"TOTAL_LIABILITIES":216934000,"TAX_EBT":-8.974113135187,"OCF_SALES":-21.037860250615,"TOTAL_PARENT_EQUITY":556881000,"DEBT_ASSET_RATIO":28.0343492954,"OPERATE_PROFIT":-11995000,"PRETAX_PROFIT":-5215000,"NETCASH_OPERATE":-29834000,"NETCASH_INVEST":7408000,"NETCASH_FINANCE":-42231000,"END_CASH":95148000,"DIVI_RATIO":-1.757350009161,"DIVIDEND_RATE":8.077647058824,"CURRENT_RATIO":2.806408815781,"COMMON_ACS":2000000000,"CURRENTDEBT_DEBT":97.634303520887,"ISSUED_COMMON_SHARES":639408000,"HK_COMMON_SHARES":639408000,"PER_SHARES":2000,"TOTAL_MARKET_CAP":543496800,"HKSK_MARKET_CAP":543496800,"PE_TTM":-21.681152526398,"PB_TTM":0.890744448857,"REPORT_DATE_SQ":"2023-06-30 00:00:00","REPORT_TYPE_SQ":"2023年中报","OPERATE_INCOME_SQ":118965000,"DPS_HKD":0.06866,"OPERATE_INCOME_QOQ_SQ":-21.660919490311,"NET_PROFIT_RATIO_SQ":-5.8067498844,"HOLDER_PROFIT_SQ":-6908000,"HOLDER_PROFIT_QOQ_SQ":-10.785034814161,"ROE_AVG_SQ":-1.108883427586,"PE_TTM_SQ":-10.05835633335,"PB_TTM_SQ":0.750918483776,"ROA_SQ":-0.788672705394,"START_DATE":"2024-01-01 00:00:00","FISCAL_YEAR":"12-31","CURRENCY":"HKD","IS_CNY_CODE":0,"DPS_HKD_LY":0.06866,"ORG_TYPE":"一般企业","PREMIUM_INCOME":null,"PREMIUM_INCOME_YOY":null,"NET_INTEREST_INCOME":null,"NET_INTEREST_INCOME_YOY":null,"FEE_COMMISSION_INCOME":null,"FEE_COMMISSION_INCOME_YOY":null,"ACCOUNTS_RECE_TDAYS":1.373039963208,"INVENTORY_TDAYS":0.392407642447,"CURRENT_ASSETS_TDAYS":0.23808032825,"TOTAL_ASSETS_TDAYS":0.182870797232,"PREMIUM_EXPENSE":null,"LOAN_DEPOSIT":null,"LOAN_EQUITY":null,"LOAN_ASSETS":null,"DEPOSIT_EQUITY":null,"DEPOSIT_ASSETS":null,"EQUITY_MULTIPLIER":1.389551807299,"EQUITY_RATIO":0.389551807298},{"SECUCODE":"01301.HK","SECURITY_CODE":"01301","SECURITY_NAME_ABBR":"德基科技控股","ORG_CODE":"10434285","STD_REPORT_DATE":"2023-12-31 00:00:00","REPORT_DATE":"2023-12-31 00:00:00","DATE_TYPE_CODE":"001","REPORT_TYPE":"2023年年报","PER_NETCASH_OPERATE":-0.081551998098,"PER_OI":0.434559780297,"BPS":0.943876210495,"BASIC_EPS":-0.0373,"DILUTED_EPS":-0.0373,"OPERATE_INCOME":277861000,"OPERATE_INCOME_YOY":-19.5508227003,"GROSS_PROFIT":85264000,"GROSS_PROFIT_YOY":-17.905662375675,"HOLDER_PROFIT":-23864000,"HOLDER_PROFIT_YOY":41.4925958615,"GROSS_PROFIT_RATIO":30.685846520383,"EPS_TTM":-0.037322022871,"OPERATE_INCOME_QOQ":2.693542962528,"NET_PROFIT_RATIO":-8.5884668953,"ROE_AVG":-3.882670588819,"GROSS_PROFIT_QOQ":-6.151695596183,"ROA":-2.918742069134,"HOLDER_PROFIT_QOQ":47.188350631819,"ROE_YEARLY":-3.882670588819,"ROIC_YEARLY":-3.747402108463,"TOTAL_ASSETS":777127000,"TOTAL_LIABILITIES":173605000,"TAX_EBT":-20.342914775593,"OCF_SALES":-18.766577533371,"TOTAL_PARENT_EQUITY":603522000,"DEBT_ASSET_RATIO":22.3393344975,"OPERATE_PROFIT":-32379000,"PRETAX_PROFIT":-19830000,"NETCASH_OPERATE":-52145000,"NETCASH_INVEST":6130000,"NETCASH_FINANCE":7140000,"END_CASH":161654000,"DIVI_RATIO":-1.667140749975,"DIVIDEND_RATE":8.077647058824,"CURRENT_RATIO":3.543515945952,"COMMON_ACS":2000000000,"CURRENTDEBT_DEBT":97.027159356009,"ISSUED_COMMON_SHARES":639408000,"HK_COMMON_SHARES":639408000,"PER_SHARES":2000,"TOTAL_MARKET_CAP":543496800,"HKSK_MARKET_CAP":543496800,"PE_TTM":-21.681152526398,"PB_TTM":0.890744448857,"REPORT_DATE_SQ":"2022-12-31 00:00:00","REPORT_TYPE_SQ":"2022年年报","OPERATE_INCOME_SQ":345387000,"DPS_HKD":0.06866,"OPERATE_INCOME_QOQ_SQ":-18.904964499042,"NET_PROFIT_RATIO_SQ":-11.8093616726,"HOLDER_PROFIT_SQ":-40788000,"HOLDER_PROFIT_QOQ_SQ":-55018.9189189189,"ROE_AVG_SQ":-6.309414699228,"PE_TTM_SQ":-12.732096624494,"PB_TTM_SQ":0.950529726299,"ROA_SQ":-4.588781067059,"START_DATE":"2023-01-01 00:00:00","FISCAL_YEAR":"12-31","CURRENCY":"HKD","IS_CNY_CODE":0,"DPS_HKD_LY":null,"ORG_TYPE":"一般企业","PREMIUM_INCOME":null,"PREMIUM_INCOME_YOY":null,"NET_INTEREST_INCOME":null,"NET_INTEREST_INCOME_YOY":null,"FEE_COMMISSION_INCOME":null,"FEE_COMMISSION_INCOME_YOY":null,"ACCOUNTS_RECE_TDAYS":2.510217540563,"INVENTORY_TDAYS":0.883841420042,"CURRENT_ASSETS_TDAYS":0.444951359142,"TOTAL_ASSETS_TDAYS":0.339844363925,"PREMIUM_EXPENSE":null,"LOAN_DEPOSIT":null,"LOAN_EQUITY":null,"LOAN_ASSETS":null,"DEPOSIT_EQUITY":null,"DEPOSIT_ASSETS":null,"EQUITY_MULTIPLIER":1.28765314272,"EQUITY_RATIO":0.287653142719},{"SECUCODE":"01301.HK","SECURITY_CODE":"01301","SECURITY_NAME_ABBR":"德基科技控股","ORG_CODE":"10434285","STD_REPORT_DATE":"2023-06-30 00:00:00","REPORT_DATE":"2023-06-30 00:00:00","DATE_TYPE_CODE":"002","REPORT_TYPE":"2023年中报","PER_NETCASH_OPERATE":0.046242774566,"PER_OI":0.186054913295,"BPS":0.969964404574,"BASIC_EPS":-0.0108,"DILUTED_EPS":-0.0108,"OPERATE_INCOME":118965000,"OPERATE_INCOME_YOY":-38.6078986887,"GROSS_PROFIT":43875000,"GROSS_PROFIT_YOY":-22.867992194505,"HOLDER_PROFIT":-6908000,"HOLDER_PROFIT_YOY":-175.3288162615,"GROSS_PROFIT_RATIO":36.880595133022,"EPS_TTM":-0.070670057303,"OPERATE_INCOME_QOQ":-21.660919490311,"NET_PROFIT_RATIO":-5.8067498844,"ROE_AVG":-1.108883427586,"GROSS_PROFIT_QOQ":-12.524431692358,"ROA":-0.788672705394,"HOLDER_PROFIT_QOQ":-10.785034814161,"ROE_YEARLY":-2.217766855173,"ROIC_YEARLY":-2.085377302956,"TOTAL_ASSETS":893706000,"TOTAL_LIABILITIES":273503000,"TAX_EBT":-12.489822504478,"OCF_SALES":24.854368932039,"TOTAL_PARENT_EQUITY":620203000,"DEBT_ASSET_RATIO":30.6032408868,"OPERATE_PROFIT":-13288000,"PRETAX_PROFIT":-6141000,"NETCASH_OPERATE":29568000,"NETCASH_INVEST":2820000,"NETCASH_FINANCE":-6565000,"END_CASH":226826000,"DIVI_RATIO":-0.880444527351,"DIVIDEND_RATE":8.077647058824,"CURRENT_RATIO":2.640621098103,"COMMON_ACS":2000000000,"CURRENTDEBT_DEBT":98.097278640454,"ISSUED_COMMON_SHARES":639408000,"HK_COMMON_SHARES":639408000,"PER_SHARES":2000,"TOTAL_MARKET_CAP":543496800,"HKSK_MARKET_CAP":543496800,"PE_TTM":-21.681152526398,"PB_TTM":0.890744448857,"REPORT_DATE_SQ":"2022-06-30 00:00:00","REPORT_TYPE_SQ":"2022年中报","OPERATE_INCOME_SQ":193779000,"DPS_HKD":0.06866,"OPERATE_INCOME_QOQ_SQ":-0.768633956426,"NET_PROFIT_RATIO_SQ":-1.2947739435,"HOLDER_PROFIT_SQ":-2509000,"HOLDER_PROFIT_QOQ_SQ":-100.693988558567,"ROE_AVG_SQ":-0.377778664464,"PE_TTM_SQ":-12.732096624494,"PB_TTM_SQ":0.950529726299,"ROA_SQ":-0.271823770658,"START_DATE":"2023-01-01 00:00:00","FISCAL_YEAR":"12-31","CURRENCY":"HKD","IS_CNY_CODE":0,"DPS_HKD_LY":null,"ORG_TYPE":"一般企业","PREMIUM_INCOME":null,"PREMIUM_INCOME_YOY":null,"NET_INTEREST_INCOME":null,"NET_INTEREST_INCOME_YOY":null,"FEE_COMMISSION_INCOME":null,"FEE_COMMISSION_INCOME_YOY":null,"ACCOUNTS_RECE_TDAYS":1.172704421115,"INVENTORY_TDAYS":0.312216743033,"CURRENT_ASSETS_TDAYS":0.174878835053,"TOTAL_ASSETS_TDAYS":0.135819988994,"PREMIUM_EXPENSE":null,"LOAN_DEPOSIT":null,"LOAN_EQUITY":null,"LOAN_ASSETS":null,"DEPOSIT_EQUITY":null,"DEPOSIT_ASSETS":null,"EQUITY_MULTIPLIER":1.440989482475,"EQUITY_RATIO":0.440989482476},{"SECUCODE":"01301.HK","SECURITY_CODE":"01301","SECURITY_NAME_ABBR":"德基科技控股","ORG_CODE":"10434285","STD_REPORT_DATE":"2022-12-31 00:00:00","REPORT_DATE":"2022-12-31 00:00:00","DATE_TYPE_CODE":"001","REPORT_TYPE":"2022年年报","PER_NETCASH_OPERATE":0.019511798414,"PER_OI":0.540166841829,"BPS":0.978616157446,"BASIC_EPS":-0.0638,"DILUTED_EPS":-0.0638,"OPERATE_INCOME":345387000,"OPERATE_INCOME_YOY":-19.5282884789,"GROSS_PROFIT":103861000,"GROSS_PROFIT_YOY":-26.035991767613,"HOLDER_PROFIT":-40788000,"HOLDER_PROFIT_YOY":-482.5189909031,"GROSS_PROFIT_RATIO":30.070905969246,"EPS_TTM":-0.063790255987,"OPERATE_INCOME_QOQ":-18.904964499042,"NET_PROFIT_RATIO":-11.8093616726,"ROE_AVG":-6.309414699228,"GROSS_PROFIT_QOQ":-20.84670197767,"ROA":-4.588781067059,"HOLDER_PROFIT_QOQ":-55018.9189189189,"ROE_YEARLY":-6.309414699228,"ROIC_YEARLY":-5.91927821609,"TOTAL_ASSETS":858098000,"TOTAL_LIABILITIES":232363000,"TAX_EBT":7.101535097709,"OCF_SALES":3.61217996045,"TOTAL_PARENT_EQUITY":625735000,"DEBT_ASSET_RATIO":27.0788418106,"OPERATE_PROFIT":-60225000,"PRETAX_PROFIT":-43906000,"NETCASH_OPERATE":12476000,"NETCASH_INVEST":3218000,"NETCASH_FINANCE":-19352000,"END_CASH":199942000,"DIVI_RATIO":-0.975400776145,"DIVIDEND_RATE":8.077647058824,"CURRENT_RATIO":2.875349460706,"COMMON_ACS":2000000000,"CURRENTDEBT_DEBT":97.596433167071,"ISSUED_COMMON_SHARES":639408000,"HK_COMMON_SHARES":639408000,"PER_SHARES":2000,"TOTAL_MARKET_CAP":543496800,"HKSK_MARKET_CAP":543496800,"PE_TTM":-21.681152526398,"PB_TTM":0.890744448857,"REPORT_DATE_SQ":"2021-12-31 00:00:00","REPORT_TYPE_SQ":"2021年年报","OPERATE_INCOME_SQ":429203000,"DPS_HKD":0.06866,"OPERATE_INCOME_QOQ_SQ":-4.126421787185,"NET_PROFIT_RATIO_SQ":2.4843721968,"HOLDER_PROFIT_SQ":10663000,"HOLDER_PROFIT_QOQ_SQ":-40.738064802979,"ROE_AVG_SQ":1.622481942414,"PE_TTM_SQ":-12.732096624494,"PB_TTM_SQ":0.950529726299,"ROA_SQ":1.157287694471,"START_DATE":"2022-01-01 00:00:00","FISCAL_YEAR":"12-31","CURRENCY":"HKD","IS_CNY_CODE":0,"DPS_HKD_LY":0.012,"ORG_TYPE":"一般企业","PREMIUM_INCOME":null,"PREMIUM_INCOME_YOY":null,"NET_INTEREST_INCOME":null,"NET_INTEREST_INCOME_YOY":null,"FEE_COMMISSION_INCOME":null,"FEE_COMMISSION_INCOME_YOY":null,"ACCOUNTS_RECE_TDAYS":2.150664246508,"INVENTORY_TDAYS":1.086983035439,"CURRENT_ASSETS_TDAYS":0.506182799836,"TOTAL_ASSETS_TDAYS":0.388571473573,"PREMIUM_EXPENSE":null,"LOAN_DEPOSIT":null,"LOAN_EQUITY":null,"LOAN_ASSETS":null,"DEPOSIT_EQUITY":null,"DEPOSIT_ASSETS":null,"EQUITY_MULTIPLIER":1.371344099339,"EQUITY_RATIO":0.371344099339},{"SECUCODE":"01301.HK","SECURITY_CODE":"01301","SECURITY_NAME_ABBR":"德基科技控股","ORG_CODE":"10434285","STD_REPORT_DATE":"2022-06-30 00:00:00","REPORT_DATE":"2022-06-30 00:00:00","DATE_TYPE_CODE":"002","REPORT_TYPE":"2022年中报","PER_NETCASH_OPERATE":-0.005040600055,"PER_OI":0.303060018017,"BPS":1.033926694693,"BASIC_EPS":-0.0039,"DILUTED_EPS":-0.0039,"OPERATE_INCOME":193779000,"OPERATE_INCOME_YOY":-1.6739565045,"GROSS_PROFIT":56883000,"GROSS_PROFIT_YOY":-13.929700857934,"HOLDER_PROFIT":-2509000,"HOLDER_PROFIT_YOY":-130.4934370442,"GROSS_PROFIT_RATIO":29.354574025049,"EPS_TTM":-0.000115732052,"OPERATE_INCOME_QOQ":-0.768633956426,"NET_PROFIT_RATIO":-1.2947739435,"ROE_AVG":-0.377778664464,"GROSS_PROFIT_QOQ":-6.55599945877,"ROA":-0.271823770658,"HOLDER_PROFIT_QOQ":-100.693988558567,"ROE_YEARLY":-0.755557328929,"ROIC_YEARLY":-0.685567358906,"TOTAL_ASSETS":926420000,"TOTAL_LIABILITIES":265319000,"TAX_EBT":-84.214390602056,"OCF_SALES":-1.663234922257,"TOTAL_PARENT_EQUITY":661101000,"DEBT_ASSET_RATIO":28.6391701388,"OPERATE_PROFIT":-9457000,"PRETAX_PROFIT":-1362000,"NETCASH_OPERATE":-3223000,"NETCASH_INVEST":1936000,"NETCASH_FINANCE":-17181000,"END_CASH":182508000,"DIVI_RATIO":-537.63036293786,"DIVIDEND_RATE":8.077647058824,"CURRENT_RATIO":2.793416177833,"COMMON_ACS":2000000000,"CURRENTDEBT_DEBT":97.663567253005,"ISSUED_COMMON_SHARES":639408000,"HK_COMMON_SHARES":639408000,"PER_SHARES":2000,"TOTAL_MARKET_CAP":543496800,"HKSK_MARKET_CAP":543496800,"PE_TTM":-21.681152526398,"PB_TTM":0.890744448857,"REPORT_DATE_SQ":"2021-06-30 00:00:00","REPORT_TYPE_SQ":"2021年中报","OPERATE_INCOME_SQ":197078000,"DPS_HKD":0.06866,"OPERATE_INCOME_QOQ_SQ":18.142448849257,"NET_PROFIT_RATIO_SQ":4.1749967018,"HOLDER_PROFIT_SQ":8228000,"HOLDER_PROFIT_QOQ_SQ":204.343539781953,"ROE_AVG_SQ":1.251789520447,"PE_TTM_SQ":-12.732096624494,"PB_TTM_SQ":0.950529726299,"ROA_SQ":0.859444118897,"START_DATE":"2022-01-01 00:00:00","FISCAL_YEAR":"12-31","CURRENCY":"HKD","IS_CNY_CODE":0,"DPS_HKD_LY":0.012,"ORG_TYPE":"一般企业","PREMIUM_INCOME":null,"PREMIUM_INCOME_YOY":null,"NET_INTEREST_INCOME":null,"NET_INTEREST_INCOME_YOY":null,"FEE_COMMISSION_INCOME":null,"FEE_COMMISSION_INCOME_YOY":null,"ACCOUNTS_RECE_TDAYS":0.920775283675,"INVENTORY_TDAYS":0.60626029654,"CURRENT_ASSETS_TDAYS":0.269805080209,"TOTAL_ASSETS_TDAYS":0.209939172796,"PREMIUM_EXPENSE":null,"LOAN_DEPOSIT":null,"LOAN_EQUITY":null,"LOAN_ASSETS":null,"DEPOSIT_EQUITY":null,"DEPOSIT_ASSETS":null,"EQUITY_MULTIPLIER":1.401328995115,"EQUITY_RATIO":0.401328995116},{"SECUCODE":"01301.HK","SECURITY_CODE":"01301","SECURITY_NAME_ABBR":"德基科技控股","ORG_CODE":"10434285","STD_REPORT_DATE":"2021-12-31 00:00:00","REPORT_DATE":"2021-12-31 00:00:00","DATE_TYPE_CODE":"001","REPORT_TYPE":"2021年年报","PER_NETCASH_OPERATE":0.004146022571,"PER_OI":0.6712505943,"BPS":1.043449565848,"BASIC_EPS":0.0168,"DILUTED_EPS":0.0163,"OPERATE_INCOME":429203000,"OPERATE_INCOME_YOY":13.2673931,"GROSS_PROFIT":140421000,"GROSS_PROFIT_YOY":80.033847455671,"HOLDER_PROFIT":10663000,"HOLDER_PROFIT_YOY":161.8360009279,"GROSS_PROFIT_RATIO":32.716686509647,"EPS_TTM":0.016676363136,"OPERATE_INCOME_QOQ":-4.126421787185,"NET_PROFIT_RATIO":2.4843721968,"ROE_AVG":1.622481942414,"GROSS_PROFIT_QOQ":8.133437035554,"ROA":1.157287694471,"HOLDER_PROFIT_QOQ":-40.738064802979,"ROE_YEARLY":1.622481942414,"ROIC_YEARLY":1.466374666085,"TOTAL_ASSETS":919629000,"TOTAL_LIABILITIES":252439000,"TAX_EBT":30.092440831312,"OCF_SALES":0.617656446949,"TOTAL_PARENT_EQUITY":667190000,"DEBT_ASSET_RATIO":27.4500912868,"OPERATE_PROFIT":-1556000,"PRETAX_PROFIT":15253000,"NETCASH_OPERATE":2651000,"NETCASH_INVEST":10733000,"NETCASH_FINANCE":213000,"END_CASH":199644000,"DIVI_RATIO":3.731093206171,"DIVIDEND_RATE":8.077647058824,"CURRENT_RATIO":2.892590397636,"COMMON_ACS":2000000000,"CURRENTDEBT_DEBT":97.590308945924,"ISSUED_COMMON_SHARES":639408000,"HK_COMMON_SHARES":639408000,"PER_SHARES":2000,"TOTAL_MARKET_CAP":543496800,"HKSK_MARKET_CAP":543496800,"PE_TTM":-21.681152526398,"PB_TTM":0.890744448857,"REPORT_DATE_SQ":"2020-12-31 00:00:00","REPORT_TYPE_SQ":"2020年年报","OPERATE_INCOME_SQ":378929000,"DPS_HKD":0.06866,"OPERATE_INCOME_QOQ_SQ":3.066461764426,"NET_PROFIT_RATIO_SQ":-4.5507205835,"HOLDER_PROFIT_SQ":-17244000,"HOLDER_PROFIT_QOQ_SQ":54.689019102925,"ROE_AVG_SQ":-2.624451812377,"PE_TTM_SQ":-12.732096624494,"PB_TTM_SQ":0.950529726299,"ROA_SQ":-1.859446985974,"START_DATE":"2021-01-01 00:00:00","FISCAL_YEAR":"12-31","CURRENCY":"HKD","IS_CNY_CODE":0,"DPS_HKD_LY":null,"ORG_TYPE":"一般企业","PREMIUM_INCOME":null,"PREMIUM_INCOME_YOY":null,"NET_INTEREST_INCOME":null,"NET_INTEREST_INCOME_YOY":null,"FEE_COMMISSION_INCOME":null,"FEE_COMMISSION_INCOME_YOY":null,"ACCOUNTS_RECE_TDAYS":2.22386126353,"INVENTORY_TDAYS":1.279166186802,"CURRENT_ASSETS_TDAYS":0.606954043916,"TOTAL_ASSETS_TDAYS":0.465827018972,"PREMIUM_EXPENSE":null,"LOAN_DEPOSIT":null,"LOAN_EQUITY":null,"LOAN_ASSETS":null,"DEPOSIT_EQUITY":null,"DEPOSIT_ASSETS":null,"EQUITY_MULTIPLIER":1.378361486233,"EQUITY_RATIO":0.378361486233},{"SECUCODE":"01301.HK","SECURITY_CODE":"01301","SECURITY_NAME_ABBR":"德基科技控股","ORG_CODE":"10434285","STD_REPORT_DATE":"2021-06-30 00:00:00","REPORT_DATE":"2021-06-30 00:00:00","DATE_TYPE_CODE":"002","REPORT_TYPE":"2021年中报","PER_NETCASH_OPERATE":0.014702662463,"PER_OI":0.308219478017,"BPS":1.043749843605,"BASIC_EPS":0.0131,"DILUTED_EPS":0.0127,"OPERATE_INCOME":197078000,"OPERATE_INCOME_YOY":53.5700649103,"GROSS_PROFIT":66089000,"GROSS_PROFIT_YOY":364.532227454839,"HOLDER_PROFIT":8228000,"HOLDER_PROFIT_YOY":130.4639194343,"GROSS_PROFIT_RATIO":33.534438141244,"EPS_TTM":0.028140092085,"OPERATE_INCOME_QOQ":18.142448849257,"NET_PROFIT_RATIO":4.1749967018,"ROE_AVG":1.251789520447,"GROSS_PROFIT_QOQ":66.492300985935,"ROA":0.859444118897,"HOLDER_PROFIT_QOQ":204.343539781953,"ROE_YEARLY":2.503579040893,"ROIC_YEARLY":2.176533880377,"TOTAL_ASSETS":991598000,"TOTAL_LIABILITIES":324216000,"TAX_EBT":24.576038133651,"OCF_SALES":4.770192512609,"TOTAL_PARENT_EQUITY":667382000,"DEBT_ASSET_RATIO":32.6963144339,"OPERATE_PROFIT":2284000,"PRETAX_PROFIT":10909000,"NETCASH_OPERATE":9401000,"NETCASH_INVEST":7540000,"NETCASH_FINANCE":8833000,"END_CASH":213819000,"DIVI_RATIO":2.211118037982,"DIVIDEND_RATE":8.077647058824,"CURRENT_RATIO":2.446033953336,"COMMON_ACS":2000000000,"CURRENTDEBT_DEBT":98.035877316357,"ISSUED_COMMON_SHARES":639408000,"HK_COMMON_SHARES":639408000,"PER_SHARES":2000,"TOTAL_MARKET_CAP":543496800,"HKSK_MARKET_CAP":543496800,"PE_TTM":-21.681152526398,"PB_TTM":0.890744448857,"REPORT_DATE_SQ":"2020-06-30 00:00:00","REPORT_TYPE_SQ":"2020年中报","OPERATE_INCOME_SQ":128331000,"DPS_HKD":0.06866,"OPERATE_INCOME_QOQ_SQ":-17.64480563408,"NET_PROFIT_RATIO_SQ":-21.046356687,"HOLDER_PROFIT_SQ":-27009000,"HOLDER_PROFIT_QOQ_SQ":-8.49868856198,"ROE_AVG_SQ":-4.121227472408,"PE_TTM_SQ":-12.732096624494,"PB_TTM_SQ":0.950529726299,"ROA_SQ":-2.957187622491,"START_DATE":"2021-01-01 00:00:00","FISCAL_YEAR":"12-31","CURRENCY":"HKD","IS_CNY_CODE":0,"DPS_HKD_LY":null,"ORG_TYPE":"一般企业","PREMIUM_INCOME":null,"PREMIUM_INCOME_YOY":null,"NET_INTEREST_INCOME":null,"NET_INTEREST_INCOME_YOY":null,"FEE_COMMISSION_INCOME":null,"FEE_COMMISSION_INCOME_YOY":null,"ACCOUNTS_RECE_TDAYS":1.019030752724,"INVENTORY_TDAYS":0.553900995626,"CURRENT_ASSETS_TDAYS":0.266475565276,"TOTAL_ASSETS_TDAYS":0.2058550414,"PREMIUM_EXPENSE":null,"LOAN_DEPOSIT":null,"LOAN_EQUITY":null,"LOAN_ASSETS":null,"DEPOSIT_EQUITY":null,"DEPOSIT_ASSETS":null,"EQUITY_MULTIPLIER":1.485802733667,"EQUITY_RATIO":0.485802733667},{"SECUCODE":"01301.HK","SECURITY_CODE":"01301","SECURITY_NAME_ABBR":"德基科技控股","ORG_CODE":"10434285","STD_REPORT_DATE":"2020-12-31 00:00:00","REPORT_DATE":"2020-12-31 00:00:00","DATE_TYPE_CODE":"001","REPORT_TYPE":"2020年年报","PER_NETCASH_OPERATE":0.203422096026,"PER_OI":0.609251750118,"BPS":1.012211295448,"BASIC_EPS":-0.0277,"DILUTED_EPS":-0.0277,"OPERATE_INCOME":378929000,"OPERATE_INCOME_YOY":-15.1194150878,"GROSS_PROFIT":77997000,"GROSS_PROFIT_YOY":-11.093253086209,"HOLDER_PROFIT":-17244000,"HOLDER_PROFIT_YOY":50.8381799521,"GROSS_PROFIT_RATIO":20.583539396562,"EPS_TTM":-0.027725344798,"OPERATE_INCOME_QOQ":3.066461764426,"NET_PROFIT_RATIO":-4.5507205835,"ROE_AVG":-2.624451812377,"GROSS_PROFIT_QOQ":21.447145103779,"ROA":-1.859446985974,"HOLDER_PROFIT_QOQ":54.689019102925,"ROE_YEARLY":-2.624451812377,"ROIC_YEARLY":-2.195212771036,"TOTAL_ASSETS":923128000,"TOTAL_LIABILITIES":275912000,"TAX_EBT":-114.344313238036,"OCF_SALES":33.388840653526,"TOTAL_PARENT_EQUITY":647216000,"DEBT_ASSET_RATIO":29.888812819,"OPERATE_PROFIT":-21268000,"PRETAX_PROFIT":-8045000,"NETCASH_OPERATE":126520000,"NETCASH_INVEST":9680000,"NETCASH_FINANCE":-40301000,"END_CASH":188778000,"DIVI_RATIO":-2.244194460082,"DIVIDEND_RATE":8.077647058824,"CURRENT_RATIO":2.606966246215,"COMMON_ACS":2000000000,"CURRENTDEBT_DEBT":97.551030763432,"ISSUED_COMMON_SHARES":639408000,"HK_COMMON_SHARES":639408000,"PER_SHARES":2000,"TOTAL_MARKET_CAP":543496800,"HKSK_MARKET_CAP":543496800,"PE_TTM":-21.681152526398,"PB_TTM":0.890744448857,"REPORT_DATE_SQ":"2019-12-31 00:00:00","REPORT_TYPE_SQ":"2019年年报","OPERATE_INCOME_SQ":446426000,"DPS_HKD":0.06866,"OPERATE_INCOME_QOQ_SQ":23.249239399913,"NET_PROFIT_RATIO_SQ":-7.8570692567,"HOLDER_PROFIT_SQ":-35076000,"HOLDER_PROFIT_QOQ_SQ":6.747487637582,"ROE_AVG_SQ":-5.142916210611,"PE_TTM_SQ":-12.732096624494,"PB_TTM_SQ":0.950529726299,"ROA_SQ":-3.704233689032,"START_DATE":"2020-01-01 00:00:00","FISCAL_YEAR":"12-31","CURRENCY":"HKD","IS_CNY_CODE":0,"DPS_HKD_LY":null,"ORG_TYPE":"一般企业","PREMIUM_INCOME":null,"PREMIUM_INCOME_YOY":null,"NET_INTEREST_INCOME":null,"NET_INTEREST_INCOME_YOY":null,"FEE_COMMISSION_INCOME":null,"FEE_COMMISSION_INCOME_YOY":null,"ACCOUNTS_RECE_TDAYS":1.819504032229,"INVENTORY_TDAYS":1.198013475721,"CURRENT_ASSETS_TDAYS":0.547104567086,"TOTAL_ASSETS_TDAYS":0.408604956476,"PREMIUM_EXPENSE":null,"LOAN_DEPOSIT":null,"LOAN_EQUITY":null,"LOAN_ASSETS":null,"DEPOSIT_EQUITY":null,"DEPOSIT_ASSETS":null,"EQUITY_MULTIPLIER":1.426305900966,"EQUITY_RATIO":0.426305900967},{"SECUCODE":"01301.HK","SECURITY_CODE":"01301","SECURITY_NAME_ABBR":"德基科技控股","ORG_CODE":"10434285","STD_REPORT_DATE":"2020-06-30 00:00:00","REPORT_DATE":"2020-06-30 00:00:00","DATE_TYPE_CODE":"002","REPORT_TYPE":"2020年中报","PER_NETCASH_OPERATE":-0.009857578808,"PER_OI":0.206333868203,"BPS":1.006929847609,"BASIC_EPS":-0.0434,"DILUTED_EPS":-0.0434,"OPERATE_INCOME":128331000,"OPERATE_INCOME_YOY":-38.0348813628,"GROSS_PROFIT":14227000,"GROSS_PROFIT_YOY":-62.295603318051,"HOLDER_PROFIT":-27009000,"HOLDER_PROFIT_YOY":-12.4063592475,"GROSS_PROFIT_RATIO":11.086175592803,"EPS_TTM":-0.061189019194,"OPERATE_INCOME_QOQ":-17.64480563408,"NET_PROFIT_RATIO":-21.046356687,"ROE_AVG":-4.121227472408,"GROSS_PROFIT_QOQ":-26.793876597248,"ROA":-2.957187622491,"HOLDER_PROFIT_QOQ":-8.49868856198,"ROE_YEARLY":-8.242454944817,"ROIC_YEARLY":-6.609210168919,"TOTAL_ASSETS":895051000,"TOTAL_LIABILITIES":251212000,"TAX_EBT":-14.961266706393,"OCF_SALES":-4.777489460847,"TOTAL_PARENT_EQUITY":643839000,"DEBT_ASSET_RATIO":28.0667805522,"OPERATE_PROFIT":-29956000,"PRETAX_PROFIT":-23494000,"NETCASH_OPERATE":-6131000,"NETCASH_INVEST":25765000,"NETCASH_FINANCE":-20697000,"END_CASH":97128000,"DIVI_RATIO":-1.016866523101,"DIVIDEND_RATE":8.077647058824,"CURRENT_RATIO":2.766893449718,"COMMON_ACS":2000000000,"CURRENTDEBT_DEBT":98.413292358645,"ISSUED_COMMON_SHARES":639408000,"HK_COMMON_SHARES":639408000,"PER_SHARES":2000,"TOTAL_MARKET_CAP":543496800,"HKSK_MARKET_CAP":543496800,"PE_TTM":-21.681152526398,"PB_TTM":0.890744448857,"REPORT_DATE_SQ":"2019-06-30 00:00:00","REPORT_TYPE_SQ":"2019年中报","OPERATE_INCOME_SQ":207102000,"DPS_HKD":0.06866,"OPERATE_INCOME_QOQ_SQ":10.378936782923,"NET_PROFIT_RATIO_SQ":-11.6020125349,"HOLDER_PROFIT_SQ":-24028000,"HOLDER_PROFIT_QOQ_SQ":22.304387341981,"ROE_AVG_SQ":-3.501608134084,"PE_TTM_SQ":-12.732096624494,"PB_TTM_SQ":0.950529726299,"ROA_SQ":-2.463395842635,"START_DATE":"2020-01-01 00:00:00","FISCAL_YEAR":"12-31","CURRENCY":"HKD","IS_CNY_CODE":0,"DPS_HKD_LY":null,"ORG_TYPE":"一般企业","PREMIUM_INCOME":null,"PREMIUM_INCOME_YOY":null,"NET_INTEREST_INCOME":null,"NET_INTEREST_INCOME_YOY":null,"FEE_COMMISSION_INCOME":null,"FEE_COMMISSION_INCOME_YOY":null,"ACCOUNTS_RECE_TDAYS":0.619577890806,"INVENTORY_TDAYS":0.402207303984,"CURRENT_ASSETS_TDAYS":0.1876752175,"TOTAL_ASSETS_TDAYS":0.1405082916,"PREMIUM_EXPENSE":null,"LOAN_DEPOSIT":null,"LOAN_EQUITY":null,"LOAN_ASSETS":null,"DEPOSIT_EQUITY":null,"DEPOSIT_ASSETS":null,"EQUITY_MULTIPLIER":1.390178289915,"EQUITY_RATIO":0.390178289914}],"count":25},"success":true,"message":"ok","code":0}