{"version":"490f31c1dae9a081ebb272ff9a1d9cec","result":{"pages":4,"data":[{"SECUCODE":"01300.HK","SECURITY_CODE":"01300","SECURITY_NAME_ABBR":"俊知集团","ORG_CODE":"10181701","STD_REPORT_DATE":"2024-06-30 00:00:00","REPORT_DATE":"2024-06-30 00:00:00","DATE_TYPE_CODE":"002","REPORT_TYPE":"2024年中报","PER_NETCASH_OPERATE":0.228495674016,"PER_OI":0.646965671225,"BPS":1.988654200391,"BASIC_EPS":0.0228,"DILUTED_EPS":null,"OPERATE_INCOME":1159039000,"OPERATE_INCOME_YOY":-7.3184013562,"GROSS_PROFIT":142219000,"GROSS_PROFIT_YOY":-9.641409456523,"HOLDER_PROFIT":40876000,"HOLDER_PROFIT_YOY":18.5189480704,"GROSS_PROFIT_RATIO":12.270424032323,"EPS_TTM":-0.009020373988,"OPERATE_INCOME_QOQ":-3.652420440401,"NET_PROFIT_RATIO":3.5267148042,"ROE_AVG":1.153960379828,"GROSS_PROFIT_QOQ":-4.794310646055,"ROA":0.753041013801,"HOLDER_PROFIT_QOQ":28.327493679869,"ROE_YEARLY":2.307920759656,"ROIC_YEARLY":1.682560211543,"TOTAL_ASSETS":5454754000,"TOTAL_LIABILITIES":1892080000,"TAX_EBT":19.437108281761,"OCF_SALES":35.318052282969,"TOTAL_PARENT_EQUITY":3562674000,"DEBT_ASSET_RATIO":34.6868071411,"OPERATE_PROFIT":75793000,"PRETAX_PROFIT":50738000,"NETCASH_OPERATE":409350000,"NETCASH_INVEST":35342000,"NETCASH_FINANCE":-404732000,"END_CASH":589318000,"DIVI_RATIO":null,"DIVIDEND_RATE":null,"CURRENT_RATIO":2.720025667895,"COMMON_ACS":10000000000,"CURRENTDEBT_DEBT":98.752801150057,"ISSUED_COMMON_SHARES":1791500000,"HK_COMMON_SHARES":1791500000,"PER_SHARES":2000,"TOTAL_MARKET_CAP":591195000,"HKSK_MARKET_CAP":591195000,"PE_TTM":-33.780590788812,"PB_TTM":0.151451368438,"REPORT_DATE_SQ":"2023-06-30 00:00:00","REPORT_TYPE_SQ":"2023年中报","OPERATE_INCOME_SQ":1250560000,"DPS_HKD":null,"OPERATE_INCOME_QOQ_SQ":0.220657059239,"NET_PROFIT_RATIO_SQ":2.7578844678,"HOLDER_PROFIT_SQ":34489000,"HOLDER_PROFIT_QOQ_SQ":-26.947233951953,"ROE_AVG_SQ":0.968337478625,"PE_TTM_SQ":-8.660521719779,"PB_TTM_SQ":0.186913999616,"ROA_SQ":0.635068353308,"START_DATE":"2024-01-01 00:00:00","FISCAL_YEAR":"12-31","CURRENCY":"HKD","IS_CNY_CODE":0,"DPS_HKD_LY":null,"ORG_TYPE":"一般企业","PREMIUM_INCOME":null,"PREMIUM_INCOME_YOY":null,"NET_INTEREST_INCOME":null,"NET_INTEREST_INCOME_YOY":null,"FEE_COMMISSION_INCOME":null,"FEE_COMMISSION_INCOME_YOY":null,"ACCOUNTS_RECE_TDAYS":0.281279899393,"INVENTORY_TDAYS":5.102328067019,"CURRENT_ASSETS_TDAYS":0.229428897646,"TOTAL_ASSETS_TDAYS":0.213524783148,"PREMIUM_EXPENSE":null,"LOAN_DEPOSIT":null,"LOAN_EQUITY":null,"LOAN_ASSETS":null,"DEPOSIT_EQUITY":null,"DEPOSIT_ASSETS":null,"EQUITY_MULTIPLIER":1.531084236167,"EQUITY_RATIO":0.531084236166},{"SECUCODE":"01300.HK","SECURITY_CODE":"01300","SECURITY_NAME_ABBR":"俊知集团","ORG_CODE":"10181701","STD_REPORT_DATE":"2023-12-31 00:00:00","REPORT_DATE":"2023-12-31 00:00:00","DATE_TYPE_CODE":"001","REPORT_TYPE":"2023年年报","PER_NETCASH_OPERATE":0.37305163271,"PER_OI":1.398695506559,"BPS":1.965837566285,"BASIC_EPS":-0.0126,"DILUTED_EPS":null,"OPERATE_INCOME":2505763000,"OPERATE_INCOME_YOY":-4.7356487371,"GROSS_PROFIT":316521000,"GROSS_PROFIT_YOY":-10.153282806779,"HOLDER_PROFIT":-22547000,"HOLDER_PROFIT_YOY":59.9960966609,"GROSS_PROFIT_RATIO":12.63172135593,"EPS_TTM":-0.012585542841,"OPERATE_INCOME_QOQ":-4.945393436591,"NET_PROFIT_RATIO":-0.8998057677,"ROE_AVG":-0.638162526667,"GROSS_PROFIT_QOQ":-4.440720949189,"ROA":-0.417874277055,"HOLDER_PROFIT_QOQ":68.487770789658,"ROE_YEARLY":-0.638162526667,"ROIC_YEARLY":-0.46463741816,"TOTAL_ASSETS":5401494000,"TOTAL_LIABILITIES":1879696000,"TAX_EBT":11.316079295154,"OCF_SALES":26.671397095416,"TOTAL_PARENT_EQUITY":3521798000,"DEBT_ASSET_RATIO":34.7995573077,"OPERATE_PROFIT":29096000,"PRETAX_PROFIT":-25424000,"NETCASH_OPERATE":668322000,"NETCASH_INVEST":16726000,"NETCASH_FINANCE":-672414000,"END_CASH":549358000,"DIVI_RATIO":null,"DIVIDEND_RATE":null,"CURRENT_RATIO":2.703224358132,"COMMON_ACS":10000000000,"CURRENTDEBT_DEBT":98.82172436394,"ISSUED_COMMON_SHARES":1791500000,"HK_COMMON_SHARES":1791500000,"PER_SHARES":2000,"TOTAL_MARKET_CAP":564322500,"HKSK_MARKET_CAP":564322500,"PE_TTM":-32.24510938932,"PB_TTM":0.144567215328,"REPORT_DATE_SQ":"2022-12-31 00:00:00","REPORT_TYPE_SQ":"2022年年报","OPERATE_INCOME_SQ":2630326000,"DPS_HKD":null,"OPERATE_INCOME_QOQ_SQ":-5.48061820232,"NET_PROFIT_RATIO_SQ":-2.1427762186,"HOLDER_PROFIT_SQ":-56362000,"HOLDER_PROFIT_QOQ_SQ":-127.595289970379,"ROE_AVG_SQ":-1.577578357602,"PE_TTM_SQ":-6.629041316374,"PB_TTM_SQ":0.143069975015,"ROA_SQ":-1.024816647334,"START_DATE":"2023-01-01 00:00:00","FISCAL_YEAR":"12-31","CURRENCY":"HKD","IS_CNY_CODE":0,"DPS_HKD_LY":null,"ORG_TYPE":"一般企业","PREMIUM_INCOME":null,"PREMIUM_INCOME_YOY":null,"NET_INTEREST_INCOME":null,"NET_INTEREST_INCOME_YOY":null,"FEE_COMMISSION_INCOME":null,"FEE_COMMISSION_INCOME_YOY":null,"ACCOUNTS_RECE_TDAYS":0.608667432714,"INVENTORY_TDAYS":12.583984066264,"CURRENT_ASSETS_TDAYS":0.507097455601,"TOTAL_ASSETS_TDAYS":0.464404977202,"PREMIUM_EXPENSE":null,"LOAN_DEPOSIT":null,"LOAN_EQUITY":null,"LOAN_ASSETS":null,"DEPOSIT_EQUITY":null,"DEPOSIT_ASSETS":null,"EQUITY_MULTIPLIER":1.533731917618,"EQUITY_RATIO":0.533731917617},{"SECUCODE":"01300.HK","SECURITY_CODE":"01300","SECURITY_NAME_ABBR":"俊知集团","ORG_CODE":"10181701","STD_REPORT_DATE":"2023-06-30 00:00:00","REPORT_DATE":"2023-06-30 00:00:00","DATE_TYPE_CODE":"002","REPORT_TYPE":"2023年中报","PER_NETCASH_OPERATE":0.142714485068,"PER_OI":0.698051911806,"BPS":1.997720346079,"BASIC_EPS":0.0193,"DILUTED_EPS":null,"OPERATE_INCOME":1250560000,"OPERATE_INCOME_YOY":0.4662761216,"GROSS_PROFIT":157394000,"GROSS_PROFIT_YOY":-11.801360574714,"HOLDER_PROFIT":34489000,"HOLDER_PROFIT_YOY":-30.5735048413,"GROSS_PROFIT_RATIO":12.585881525077,"EPS_TTM":-0.039938598939,"OPERATE_INCOME_QOQ":0.220657059239,"NET_PROFIT_RATIO":2.7578844678,"ROE_AVG":0.968337478625,"GROSS_PROFIT_QOQ":-5.978029464362,"ROA":0.635068353308,"HOLDER_PROFIT_QOQ":-26.947233951953,"ROE_YEARLY":1.93667495725,"ROIC_YEARLY":1.409898621507,"TOTAL_ASSETS":5471718000,"TOTAL_LIABILITIES":1892802000,"TAX_EBT":20.707651278279,"OCF_SALES":20.444680783009,"TOTAL_PARENT_EQUITY":3578916000,"DEBT_ASSET_RATIO":34.5924625502,"OPERATE_PROFIT":71016000,"PRETAX_PROFIT":43496000,"NETCASH_OPERATE":255673000,"NETCASH_INVEST":25326000,"NETCASH_FINANCE":-277756000,"END_CASH":539967000,"DIVI_RATIO":null,"DIVIDEND_RATE":null,"CURRENT_RATIO":2.677357741927,"COMMON_ACS":10000000000,"CURRENTDEBT_DEBT":98.665312061167,"ISSUED_COMMON_SHARES":1791500000,"HK_COMMON_SHARES":1791500000,"PER_SHARES":2000,"TOTAL_MARKET_CAP":564322500,"HKSK_MARKET_CAP":564322500,"PE_TTM":-32.24510938932,"PB_TTM":0.144567215328,"REPORT_DATE_SQ":"2022-06-30 00:00:00","REPORT_TYPE_SQ":"2022年中报","OPERATE_INCOME_SQ":1244756000,"DPS_HKD":null,"OPERATE_INCOME_QOQ_SQ":-2.78128292627,"NET_PROFIT_RATIO_SQ":3.9909026347,"HOLDER_PROFIT_SQ":49677000,"HOLDER_PROFIT_QOQ_SQ":-1.553018070344,"ROE_AVG_SQ":1.370100089815,"PE_TTM_SQ":-6.629041316374,"PB_TTM_SQ":0.143069975015,"ROA_SQ":0.879727225589,"START_DATE":"2023-01-01 00:00:00","FISCAL_YEAR":"12-31","CURRENCY":"HKD","IS_CNY_CODE":0,"DPS_HKD_LY":null,"ORG_TYPE":"一般企业","PREMIUM_INCOME":null,"PREMIUM_INCOME_YOY":null,"NET_INTEREST_INCOME":null,"NET_INTEREST_INCOME_YOY":null,"FEE_COMMISSION_INCOME":null,"FEE_COMMISSION_INCOME_YOY":null,"ACCOUNTS_RECE_TDAYS":0.301079887191,"INVENTORY_TDAYS":5.817451300213,"CURRENT_ASSETS_TDAYS":0.253625525125,"TOTAL_ASSETS_TDAYS":0.230273733629,"PREMIUM_EXPENSE":null,"LOAN_DEPOSIT":null,"LOAN_EQUITY":null,"LOAN_ASSETS":null,"DEPOSIT_EQUITY":null,"DEPOSIT_ASSETS":null,"EQUITY_MULTIPLIER":1.528875782501,"EQUITY_RATIO":0.5288757825},{"SECUCODE":"01300.HK","SECURITY_CODE":"01300","SECURITY_NAME_ABBR":"俊知集团","ORG_CODE":"10181701","STD_REPORT_DATE":"2022-12-31 00:00:00","REPORT_DATE":"2022-12-31 00:00:00","DATE_TYPE_CODE":"001","REPORT_TYPE":"2022年年报","PER_NETCASH_OPERATE":0.106434272956,"PER_OI":1.46822550935,"BPS":1.978468880826,"BASIC_EPS":-0.0315,"DILUTED_EPS":null,"OPERATE_INCOME":2630326000,"OPERATE_INCOME_YOY":-8.1094696303,"GROSS_PROFIT":352290000,"GROSS_PROFIT_YOY":-16.896860013352,"HOLDER_PROFIT":-56362000,"HOLDER_PROFIT_YOY":-127.1667301306,"GROSS_PROFIT_RATIO":13.393396864115,"EPS_TTM":-0.03146078705,"OPERATE_INCOME_QOQ":-5.48061820232,"NET_PROFIT_RATIO":-2.1427762186,"ROE_AVG":-1.577578357602,"GROSS_PROFIT_QOQ":-10.958956044373,"ROA":-1.024816647334,"HOLDER_PROFIT_QOQ":-127.595289970379,"ROE_YEARLY":-1.577578357602,"ROIC_YEARLY":-1.12685292602,"TOTAL_ASSETS":5389790000,"TOTAL_LIABILITIES":1845363000,"TAX_EBT":-131.618311827073,"OCF_SALES":7.249177478381,"TOTAL_PARENT_EQUITY":3544427000,"DEBT_ASSET_RATIO":34.2381243054,"OPERATE_PROFIT":37372000,"PRETAX_PROFIT":-24334000,"NETCASH_OPERATE":190677000,"NETCASH_INVEST":3802000,"NETCASH_FINANCE":-117027000,"END_CASH":536724000,"DIVI_RATIO":null,"DIVIDEND_RATE":null,"CURRENT_RATIO":2.66985236008,"COMMON_ACS":10000000000,"CURRENTDEBT_DEBT":98.671589275389,"ISSUED_COMMON_SHARES":1791500000,"HK_COMMON_SHARES":1791500000,"PER_SHARES":2000,"TOTAL_MARKET_CAP":564322500,"HKSK_MARKET_CAP":564322500,"PE_TTM":-32.24510938932,"PB_TTM":0.144567215328,"REPORT_DATE_SQ":"2021-12-31 00:00:00","REPORT_TYPE_SQ":"2021年年报","OPERATE_INCOME_SQ":2862456000,"DPS_HKD":null,"OPERATE_INCOME_QOQ_SQ":-5.807357701934,"NET_PROFIT_RATIO_SQ":7.2478668668,"HOLDER_PROFIT_SQ":207467000,"HOLDER_PROFIT_QOQ_SQ":429.806685563983,"ROE_AVG_SQ":5.931935156352,"PE_TTM_SQ":-6.629041316374,"PB_TTM_SQ":0.143069975015,"ROA_SQ":3.781711849514,"START_DATE":"2022-01-01 00:00:00","FISCAL_YEAR":"12-31","CURRENCY":"HKD","IS_CNY_CODE":0,"DPS_HKD_LY":null,"ORG_TYPE":"一般企业","PREMIUM_INCOME":null,"PREMIUM_INCOME_YOY":null,"NET_INTEREST_INCOME":null,"NET_INTEREST_INCOME_YOY":null,"FEE_COMMISSION_INCOME":null,"FEE_COMMISSION_INCOME_YOY":null,"ACCOUNTS_RECE_TDAYS":0.622049415346,"INVENTORY_TDAYS":10.979571475736,"CURRENT_ASSETS_TDAYS":0.525576361426,"TOTAL_ASSETS_TDAYS":0.478265830296,"PREMIUM_EXPENSE":null,"LOAN_DEPOSIT":null,"LOAN_EQUITY":null,"LOAN_ASSETS":null,"DEPOSIT_EQUITY":null,"DEPOSIT_ASSETS":null,"EQUITY_MULTIPLIER":1.520637891541,"EQUITY_RATIO":0.520637891541},{"SECUCODE":"01300.HK","SECURITY_CODE":"01300","SECURITY_NAME_ABBR":"俊知集团","ORG_CODE":"10181701","STD_REPORT_DATE":"2022-06-30 00:00:00","REPORT_DATE":"2022-06-30 00:00:00","DATE_TYPE_CODE":"002","REPORT_TYPE":"2022年中报","PER_NETCASH_OPERATE":0.00790064192,"PER_OI":0.694812168574,"BPS":2.0377516048,"BASIC_EPS":0.0277,"DILUTED_EPS":null,"OPERATE_INCOME":1244756000,"OPERATE_INCOME_YOY":-6.0113910851,"GROSS_PROFIT":178454000,"GROSS_PROFIT_YOY":-13.675238482228,"HOLDER_PROFIT":49677000,"HOLDER_PROFIT_YOY":-6.0908523791,"GROSS_PROFIT_RATIO":14.336464335179,"EPS_TTM":0.11400781468,"OPERATE_INCOME_QOQ":-2.78128292627,"NET_PROFIT_RATIO":3.9909026347,"ROE_AVG":1.370100089815,"GROSS_PROFIT_QOQ":-6.668726808659,"ROA":0.879727225589,"HOLDER_PROFIT_QOQ":-1.553018070344,"ROE_YEARLY":2.74020017963,"ROIC_YEARLY":1.918956840275,"TOTAL_ASSETS":5684087000,"TOTAL_LIABILITIES":2033455000,"TAX_EBT":34.634666245609,"OCF_SALES":1.137090321316,"TOTAL_PARENT_EQUITY":3650632000,"DEBT_ASSET_RATIO":35.7745228038,"OPERATE_PROFIT":107614000,"PRETAX_PROFIT":75999000,"NETCASH_OPERATE":14154000,"NETCASH_INVEST":-31079000,"NETCASH_FINANCE":37108000,"END_CASH":479455000,"DIVI_RATIO":null,"DIVIDEND_RATE":null,"CURRENT_RATIO":2.580720340566,"COMMON_ACS":10000000000,"CURRENTDEBT_DEBT":98.711060731612,"ISSUED_COMMON_SHARES":1791500000,"HK_COMMON_SHARES":1791500000,"PER_SHARES":2000,"TOTAL_MARKET_CAP":564322500,"HKSK_MARKET_CAP":564322500,"PE_TTM":-32.24510938932,"PB_TTM":0.144567215328,"REPORT_DATE_SQ":"2021-06-30 00:00:00","REPORT_TYPE_SQ":"2021年中报","OPERATE_INCOME_SQ":1324369000,"DPS_HKD":null,"OPERATE_INCOME_QOQ_SQ":5.772902789273,"NET_PROFIT_RATIO_SQ":3.9942795399,"HOLDER_PROFIT_SQ":52899000,"HOLDER_PROFIT_QOQ_SQ":128.098361126259,"ROE_AVG_SQ":1.546567848176,"PE_TTM_SQ":-6.629041316374,"PB_TTM_SQ":0.143069975015,"ROA_SQ":0.981484474162,"START_DATE":"2022-01-01 00:00:00","FISCAL_YEAR":"12-31","CURRENCY":"HKD","IS_CNY_CODE":0,"DPS_HKD_LY":null,"ORG_TYPE":"一般企业","PREMIUM_INCOME":null,"PREMIUM_INCOME_YOY":null,"NET_INTEREST_INCOME":null,"NET_INTEREST_INCOME_YOY":null,"FEE_COMMISSION_INCOME":null,"FEE_COMMISSION_INCOME_YOY":null,"ACCOUNTS_RECE_TDAYS":0.284310466218,"INVENTORY_TDAYS":4.838393073892,"CURRENT_ASSETS_TDAYS":0.241043969519,"TOTAL_ASSETS_TDAYS":0.22043314661,"PREMIUM_EXPENSE":null,"LOAN_DEPOSIT":null,"LOAN_EQUITY":null,"LOAN_ASSETS":null,"DEPOSIT_EQUITY":null,"DEPOSIT_ASSETS":null,"EQUITY_MULTIPLIER":1.557014511461,"EQUITY_RATIO":0.55701451146},{"SECUCODE":"01300.HK","SECURITY_CODE":"01300","SECURITY_NAME_ABBR":"俊知集团","ORG_CODE":"10181701","STD_REPORT_DATE":"2021-12-31 00:00:00","REPORT_DATE":"2021-12-31 00:00:00","DATE_TYPE_CODE":"001","REPORT_TYPE":"2021年年报","PER_NETCASH_OPERATE":0.026664247837,"PER_OI":1.597798492883,"BPS":2.010022327658,"BASIC_EPS":0.1158,"DILUTED_EPS":0.1158,"OPERATE_INCOME":2862456000,"OPERATE_INCOME_YOY":-0.3697080274,"GROSS_PROFIT":423919000,"GROSS_PROFIT_YOY":-17.101640293172,"HOLDER_PROFIT":207467000,"HOLDER_PROFIT_YOY":248.8669957808,"GROSS_PROFIT_RATIO":14.80962502131,"EPS_TTM":0.115806307563,"OPERATE_INCOME_QOQ":-5.807357701934,"NET_PROFIT_RATIO":7.2478668668,"ROE_AVG":5.931935156352,"GROSS_PROFIT_QOQ":-16.920818643081,"ROA":3.781711849514,"HOLDER_PROFIT_QOQ":429.806685563983,"ROE_YEARLY":5.931935156352,"ROIC_YEARLY":4.222876753498,"TOTAL_ASSETS":5609641000,"TOTAL_LIABILITIES":2008686000,"TAX_EBT":9.756543147583,"OCF_SALES":1.668811677804,"TOTAL_PARENT_EQUITY":3600955000,"DEBT_ASSET_RATIO":35.8077459859,"OPERATE_PROFIT":295263000,"PRETAX_PROFIT":229897000,"NETCASH_OPERATE":47769000,"NETCASH_INVEST":-58599000,"NETCASH_FINANCE":-216886000,"END_CASH":459272000,"DIVI_RATIO":null,"DIVIDEND_RATE":null,"CURRENT_RATIO":2.594826882268,"COMMON_ACS":10000000000,"CURRENTDEBT_DEBT":98.766556843628,"ISSUED_COMMON_SHARES":1791500000,"HK_COMMON_SHARES":1791500000,"PER_SHARES":2000,"TOTAL_MARKET_CAP":564322500,"HKSK_MARKET_CAP":564322500,"PE_TTM":-32.24510938932,"PB_TTM":0.144567215328,"REPORT_DATE_SQ":"2020-12-31 00:00:00","REPORT_TYPE_SQ":"2020年年报","OPERATE_INCOME_SQ":2873078000,"DPS_HKD":null,"OPERATE_INCOME_QOQ_SQ":10.656599872669,"NET_PROFIT_RATIO_SQ":-4.8506862675,"HOLDER_PROFIT_SQ":-139364000,"HOLDER_PROFIT_QOQ_SQ":-74426.2032085561,"ROE_AVG_SQ":-4.023622513277,"PE_TTM_SQ":-6.629041316374,"PB_TTM_SQ":0.143069975015,"ROA_SQ":-2.583569426106,"START_DATE":"2021-01-01 00:00:00","FISCAL_YEAR":"12-31","CURRENCY":"HKD","IS_CNY_CODE":0,"DPS_HKD_LY":null,"ORG_TYPE":"一般企业","PREMIUM_INCOME":null,"PREMIUM_INCOME_YOY":null,"NET_INTEREST_INCOME":null,"NET_INTEREST_INCOME_YOY":null,"FEE_COMMISSION_INCOME":null,"FEE_COMMISSION_INCOME_YOY":null,"ACCOUNTS_RECE_TDAYS":0.686398560663,"INVENTORY_TDAYS":12.109162054728,"CURRENT_ASSETS_TDAYS":0.567774132507,"TOTAL_ASSETS_TDAYS":0.521768945129,"PREMIUM_EXPENSE":null,"LOAN_DEPOSIT":null,"LOAN_EQUITY":null,"LOAN_ASSETS":null,"DEPOSIT_EQUITY":null,"DEPOSIT_ASSETS":null,"EQUITY_MULTIPLIER":1.557820355989,"EQUITY_RATIO":0.557820355989},{"SECUCODE":"01300.HK","SECURITY_CODE":"01300","SECURITY_NAME_ABBR":"俊知集团","ORG_CODE":"10181701","STD_REPORT_DATE":"2021-06-30 00:00:00","REPORT_DATE":"2021-06-30 00:00:00","DATE_TYPE_CODE":"002","REPORT_TYPE":"2021年中报","PER_NETCASH_OPERATE":-0.086853474742,"PER_OI":0.739251465253,"BPS":1.924008931063,"BASIC_EPS":0.0295,"DILUTED_EPS":0.0295,"OPERATE_INCOME":1324369000,"OPERATE_INCOME_YOY":14.3166777297,"GROSS_PROFIT":206724000,"GROSS_PROFIT_YOY":-0.535515812873,"HOLDER_PROFIT":52899000,"HOLDER_PROFIT_YOY":142.1089919124,"GROSS_PROFIT_RATIO":15.609244855475,"EPS_TTM":0.021858219369,"OPERATE_INCOME_QOQ":5.772902789273,"NET_PROFIT_RATIO":3.9942795399,"ROE_AVG":1.546567848176,"GROSS_PROFIT_QOQ":-0.21764977355,"ROA":0.981484474162,"HOLDER_PROFIT_QOQ":128.098361126259,"ROE_YEARLY":3.093135696352,"ROIC_YEARLY":2.208235999352,"TOTAL_ASSETS":5416906000,"TOTAL_LIABILITIES":1970044000,"TAX_EBT":16.518322128586,"OCF_SALES":-11.74884039116,"TOTAL_PARENT_EQUITY":3446862000,"DEBT_ASSET_RATIO":36.3684361516,"OPERATE_PROFIT":95786000,"PRETAX_PROFIT":63366000,"NETCASH_OPERATE":-155598000,"NETCASH_INVEST":-8591000,"NETCASH_FINANCE":-12529000,"END_CASH":510270000,"DIVI_RATIO":null,"DIVIDEND_RATE":null,"CURRENT_RATIO":2.568003698044,"COMMON_ACS":10000000000,"CURRENTDEBT_DEBT":98.829010925644,"ISSUED_COMMON_SHARES":1791500000,"HK_COMMON_SHARES":1791500000,"PER_SHARES":2000,"TOTAL_MARKET_CAP":564322500,"HKSK_MARKET_CAP":564322500,"PE_TTM":-32.24510938932,"PB_TTM":0.144567215328,"REPORT_DATE_SQ":"2020-06-30 00:00:00","REPORT_TYPE_SQ":"2020年中报","OPERATE_INCOME_SQ":1158509000,"DPS_HKD":null,"OPERATE_INCOME_QOQ_SQ":-26.699249909729,"NET_PROFIT_RATIO_SQ":-10.8435929285,"HOLDER_PROFIT_SQ":-125624000,"HOLDER_PROFIT_QOQ_SQ":-100.052093634826,"ROE_AVG_SQ":-3.619750959152,"PE_TTM_SQ":-6.629041316374,"PB_TTM_SQ":0.143069975015,"ROA_SQ":-2.296247850878,"START_DATE":"2021-01-01 00:00:00","FISCAL_YEAR":"12-31","CURRENCY":"HKD","IS_CNY_CODE":0,"DPS_HKD_LY":null,"ORG_TYPE":"一般企业","PREMIUM_INCOME":null,"PREMIUM_INCOME_YOY":null,"NET_INTEREST_INCOME":null,"NET_INTEREST_INCOME_YOY":null,"FEE_COMMISSION_INCOME":null,"FEE_COMMISSION_INCOME_YOY":null,"ACCOUNTS_RECE_TDAYS":0.32306682583,"INVENTORY_TDAYS":6.394709815107,"CURRENT_ASSETS_TDAYS":0.266606314474,"TOTAL_ASSETS_TDAYS":0.245722530022,"PREMIUM_EXPENSE":null,"LOAN_DEPOSIT":null,"LOAN_EQUITY":null,"LOAN_ASSETS":null,"DEPOSIT_EQUITY":null,"DEPOSIT_ASSETS":null,"EQUITY_MULTIPLIER":1.571547105745,"EQUITY_RATIO":0.571547105744},{"SECUCODE":"01300.HK","SECURITY_CODE":"01300","SECURITY_NAME_ABBR":"俊知集团","ORG_CODE":"10181701","STD_REPORT_DATE":"2020-12-31 00:00:00","REPORT_DATE":"2020-12-31 00:00:00","DATE_TYPE_CODE":"001","REPORT_TYPE":"2020年年报","PER_NETCASH_OPERATE":0.046058610103,"PER_OI":1.603727602568,"BPS":1.894481161038,"BASIC_EPS":-0.0778,"DILUTED_EPS":-0.0778,"OPERATE_INCOME":2873078000,"OPERATE_INCOME_YOY":-18.8878822689,"GROSS_PROFIT":511372000,"GROSS_PROFIT_YOY":-24.319220477848,"HOLDER_PROFIT":-139364000,"HOLDER_PROFIT_YOY":-138.8234081495,"GROSS_PROFIT_RATIO":17.798751025903,"EPS_TTM":-0.077791794586,"OPERATE_INCOME_QOQ":10.656599872669,"NET_PROFIT_RATIO":-4.8506862675,"ROE_AVG":-4.023622513277,"GROSS_PROFIT_QOQ":7.293144108835,"ROA":-2.583569426106,"HOLDER_PROFIT_QOQ":-74426.2032085561,"ROE_YEARLY":-4.023622513277,"ROIC_YEARLY":-2.861278968951,"TOTAL_ASSETS":5362480000,"TOTAL_LIABILITIES":1968517000,"TAX_EBT":2.58965953491,"OCF_SALES":2.871972149729,"TOTAL_PARENT_EQUITY":3393963000,"DEBT_ASSET_RATIO":36.7090786353,"OPERATE_PROFIT":-76303000,"PRETAX_PROFIT":-143069000,"NETCASH_OPERATE":82514000,"NETCASH_INVEST":183542000,"NETCASH_FINANCE":60813000,"END_CASH":686988000,"DIVI_RATIO":null,"DIVIDEND_RATE":null,"CURRENT_RATIO":2.53595401635,"COMMON_ACS":10000000000,"CURRENTDEBT_DEBT":98.860360362649,"ISSUED_COMMON_SHARES":1791500000,"HK_COMMON_SHARES":1791500000,"PER_SHARES":2000,"TOTAL_MARKET_CAP":564322500,"HKSK_MARKET_CAP":564322500,"PE_TTM":-32.24510938932,"PB_TTM":0.144567215328,"REPORT_DATE_SQ":"2019-12-31 00:00:00","REPORT_TYPE_SQ":"2019年年报","OPERATE_INCOME_SQ":3542107000,"DPS_HKD":null,"OPERATE_INCOME_QOQ_SQ":-8.974573784133,"NET_PROFIT_RATIO_SQ":10.1343352982,"HOLDER_PROFIT_SQ":358969000,"HOLDER_PROFIT_QOQ_SQ":-13.030764087083,"ROE_AVG_SQ":10.646225335103,"PE_TTM_SQ":-6.629041316374,"PB_TTM_SQ":0.143069975015,"ROA_SQ":6.617987991094,"START_DATE":"2020-01-01 00:00:00","FISCAL_YEAR":"12-31","CURRENCY":"HKD","IS_CNY_CODE":0,"DPS_HKD_LY":null,"ORG_TYPE":"一般企业","PREMIUM_INCOME":null,"PREMIUM_INCOME_YOY":null,"NET_INTEREST_INCOME":null,"NET_INTEREST_INCOME_YOY":null,"FEE_COMMISSION_INCOME":null,"FEE_COMMISSION_INCOME_YOY":null,"ACCOUNTS_RECE_TDAYS":0.720375517826,"INVENTORY_TDAYS":16.543481078052,"CURRENT_ASSETS_TDAYS":0.591377363438,"TOTAL_ASSETS_TDAYS":0.532619362218,"PREMIUM_EXPENSE":null,"LOAN_DEPOSIT":null,"LOAN_EQUITY":null,"LOAN_ASSETS":null,"DEPOSIT_EQUITY":null,"DEPOSIT_ASSETS":null,"EQUITY_MULTIPLIER":1.58000543907,"EQUITY_RATIO":0.580005439069},{"SECUCODE":"01300.HK","SECURITY_CODE":"01300","SECURITY_NAME_ABBR":"俊知集团","ORG_CODE":"10181701","STD_REPORT_DATE":"2020-06-30 00:00:00","REPORT_DATE":"2020-06-30 00:00:00","DATE_TYPE_CODE":"002","REPORT_TYPE":"2020年中报","PER_NETCASH_OPERATE":-0.100545353056,"PER_OI":0.646669829752,"BPS":1.902150711694,"BASIC_EPS":-0.0701,"DILUTED_EPS":-0.0701,"OPERATE_INCOME":1158509000,"OPERATE_INCOME_YOY":-44.9436728487,"GROSS_PROFIT":207837000,"GROSS_PROFIT_YOY":-48.924484113624,"HOLDER_PROFIT":-125624000,"HOLDER_PROFIT_YOY":-153.7930561979,"GROSS_PROFIT_RATIO":17.940041898682,"EPS_TTM":-0.000104381803,"OPERATE_INCOME_QOQ":-26.699249909729,"NET_PROFIT_RATIO":-10.8435929285,"ROE_AVG":-3.619750959152,"GROSS_PROFIT_QOQ":-29.463545736544,"ROA":-2.296247850878,"HOLDER_PROFIT_QOQ":-100.052093634826,"ROE_YEARLY":-7.239501918303,"ROIC_YEARLY":-5.003399351514,"TOTAL_ASSETS":5515671000,"TOTAL_LIABILITIES":2107968000,"TAX_EBT":3.269423269423,"OCF_SALES":-15.548174420743,"TOTAL_PARENT_EQUITY":3407703000,"DEBT_ASSET_RATIO":38.2177979796,"OPERATE_PROFIT":-96553000,"PRETAX_PROFIT":-129870000,"NETCASH_OPERATE":-183011000,"NETCASH_INVEST":157658000,"NETCASH_FINANCE":203699000,"END_CASH":538465000,"DIVI_RATIO":null,"DIVIDEND_RATE":null,"CURRENT_RATIO":2.421251553266,"COMMON_ACS":10000000000,"CURRENTDEBT_DEBT":97.312814995294,"ISSUED_COMMON_SHARES":1791500000,"HK_COMMON_SHARES":1791500000,"PER_SHARES":2000,"TOTAL_MARKET_CAP":564322500,"HKSK_MARKET_CAP":564322500,"PE_TTM":-32.24510938932,"PB_TTM":0.144567215328,"REPORT_DATE_SQ":"2019-06-30 00:00:00","REPORT_TYPE_SQ":"2019年中报","OPERATE_INCOME_SQ":2104225000,"DPS_HKD":null,"OPERATE_INCOME_QOQ_SQ":12.166645960925,"NET_PROFIT_RATIO_SQ":11.098242821,"HOLDER_PROFIT_SQ":233532000,"HOLDER_PROFIT_QOQ_SQ":19.479534533665,"ROE_AVG_SQ":7.05724819842,"PE_TTM_SQ":-6.629041316374,"PB_TTM_SQ":0.143069975015,"ROA_SQ":4.297096416483,"START_DATE":"2020-01-01 00:00:00","FISCAL_YEAR":"12-31","CURRENCY":"HKD","IS_CNY_CODE":0,"DPS_HKD_LY":null,"ORG_TYPE":"一般企业","PREMIUM_INCOME":null,"PREMIUM_INCOME_YOY":null,"NET_INTEREST_INCOME":null,"NET_INTEREST_INCOME_YOY":null,"FEE_COMMISSION_INCOME":null,"FEE_COMMISSION_INCOME_YOY":null,"ACCOUNTS_RECE_TDAYS":0.286460040371,"INVENTORY_TDAYS":6.875127461545,"CURRENT_ASSETS_TDAYS":0.237687825267,"TOTAL_ASSETS_TDAYS":0.211760794233,"PREMIUM_EXPENSE":null,"LOAN_DEPOSIT":null,"LOAN_EQUITY":null,"LOAN_ASSETS":null,"DEPOSIT_EQUITY":null,"DEPOSIT_ASSETS":null,"EQUITY_MULTIPLIER":1.618589120002,"EQUITY_RATIO":0.618589120003}],"count":28},"success":true,"message":"ok","code":0}