{"version":"e5649b5a56723ab1620202546241590f","result":{"pages":3,"data":[{"SECUCODE":"01316.HK","SECURITY_CODE":"01316","SECURITY_NAME_ABBR":"耐世特","ORG_CODE":"10332596","STD_REPORT_DATE":"2024-06-30 00:00:00","REPORT_DATE":"2024-06-30 00:00:00","DATE_TYPE_CODE":"002","REPORT_TYPE":"2024年中报","PER_NETCASH_OPERATE":0.432712231939,"PER_OI":5.960031937423,"BPS":5.531823249748,"BASIC_EPS":0.0427608,"DILUTED_EPS":0.0427608,"OPERATE_INCOME":14958632943.6,"OPERATE_INCOME_YOY":-0.1381177355,"GROSS_PROFIT":1503234543.6,"GROSS_PROFIT_YOY":9.016412004371,"HOLDER_PROFIT":111855126,"HOLDER_PROFIT_YOY":-53.8287294443,"GROSS_PROFIT_RATIO":10.049277559439,"EPS_TTM":0.050372313653,"OPERATE_INCOME_QOQ":-0.767802631095,"NET_PROFIT_RATIO":1.0987042427,"ROE_AVG":0.802414759728,"GROSS_PROFIT_QOQ":4.762365038229,"ROA":0.464086656318,"HOLDER_PROFIT_QOQ":-51.41159057715,"ROE_YEARLY":1.604829519456,"ROIC_YEARLY":1.032846424719,"TOTAL_ASSETS":23940560364,"TOTAL_LIABILITIES":9722601490.8,"TAX_EBT":43.464084334396,"OCF_SALES":7.260233443088,"TOTAL_PARENT_EQUITY":13883904376.8,"DEBT_ASSET_RATIO":40.611419879,"OPERATE_PROFIT":294415234.8,"PRETAX_PROFIT":290702172,"NETCASH_OPERATE":1086031671.6,"NETCASH_INVEST":-1102145366.4,"NETCASH_FINANCE":-140419340.4,"END_CASH":1994335204.8,"DIVI_RATIO":0.419177212022,"DIVIDEND_RATE":0.429097605893,"CURRENT_RATIO":1.39675423823,"COMMON_ACS":4000000000,"CURRENTDEBT_DEBT":81.084581716733,"ISSUED_COMMON_SHARES":2509824293,"HK_COMMON_SHARES":2509824293,"PER_SHARES":1000,"TOTAL_MARKET_CAP":13628345910.99,"HKSK_MARKET_CAP":13628345910.99,"PE_TTM":95.12464649287,"PB_TTM":0.895880468131,"REPORT_DATE_SQ":"2023-06-30 00:00:00","REPORT_TYPE_SQ":"2023年中报","OPERATE_INCOME_SQ":15187403214,"DPS_HKD":0.0233,"OPERATE_INCOME_QOQ_SQ":11.842183387421,"NET_PROFIT_RATIO_SQ":1.7794969146,"HOLDER_PROFIT_SQ":245626619.4,"HOLDER_PROFIT_QOQ_SQ":79.294204035347,"ROE_AVG_SQ":1.751326387723,"PE_TTM_SQ":10.959196184658,"PB_TTM_SQ":0.578628501135,"ROA_SQ":1.016728478043,"START_DATE":"2024-01-01 00:00:00","FISCAL_YEAR":"12-31","CURRENCY":"HKD","IS_CNY_CODE":0,"DPS_HKD_LY":0.0233,"ORG_TYPE":"一般企业","PREMIUM_INCOME":null,"PREMIUM_INCOME_YOY":null,"NET_INTEREST_INCOME":null,"NET_INTEREST_INCOME_YOY":null,"FEE_COMMISSION_INCOME":null,"FEE_COMMISSION_INCOME_YOY":null,"ACCOUNTS_RECE_TDAYS":2.574972458246,"INVENTORY_TDAYS":6.191168730663,"CURRENT_ASSETS_TDAYS":1.357328730714,"TOTAL_ASSETS_TDAYS":0.62063333118,"PREMIUM_EXPENSE":null,"LOAN_DEPOSIT":null,"LOAN_EQUITY":null,"LOAN_ASSETS":null,"DEPOSIT_EQUITY":null,"DEPOSIT_ASSETS":null,"EQUITY_MULTIPLIER":1.683825405427,"EQUITY_RATIO":0.700278626742},{"SECUCODE":"01316.HK","SECURITY_CODE":"01316","SECURITY_NAME_ABBR":"耐世特","ORG_CODE":"10332596","STD_REPORT_DATE":"2023-12-31 00:00:00","REPORT_DATE":"2023-12-31 00:00:00","DATE_TYPE_CODE":"001","REPORT_TYPE":"2023年年报","PER_NETCASH_OPERATE":1.140434038663,"PER_OI":11.871529359326,"BPS":5.541869852002,"BASIC_EPS":0.070827,"DILUTED_EPS":0.070827,"OPERATE_INCOME":29795452781.1,"OPERATE_INCOME_YOY":9.5603748519,"GROSS_PROFIT":2610633641.1,"GROSS_PROFIT_YOY":2.095132282634,"HOLDER_PROFIT":260197149.9,"HOLDER_PROFIT_YOY":-36.6745384655,"GROSS_PROFIT_RATIO":8.761852556092,"EPS_TTM":0.103671460439,"OPERATE_INCOME_QOQ":-0.379081617676,"NET_PROFIT_RATIO":1.0738584,"ROE_AVG":1.885088955088,"GROSS_PROFIT_QOQ":-10.915428321648,"ROA":1.090139073817,"HOLDER_PROFIT_QOQ":-64.081782034965,"ROE_YEARLY":1.885088955088,"ROIC_YEARLY":1.206103434278,"TOTAL_ASSETS":24113710841.1,"TOTAL_LIABILITIES":9871527290.4,"TAX_EBT":29.663537141701,"OCF_SALES":9.606462690225,"TOTAL_PARENT_EQUITY":13909119583.2,"DEBT_ASSET_RATIO":40.9374042654,"OPERATE_PROFIT":434877780,"PRETAX_PROFIT":454900572.9,"NETCASH_OPERATE":2862289054.8,"NETCASH_INVEST":-2118775539.6,"NETCASH_FINANCE":-271968597.3,"END_CASH":2207967980.7,"DIVI_RATIO":0.203671539984,"DIVIDEND_RATE":0.687315634218,"CURRENT_RATIO":1.421144504743,"COMMON_ACS":4000000000,"CURRENTDEBT_DEBT":78.136569490125,"ISSUED_COMMON_SHARES":2509824293,"HK_COMMON_SHARES":2509824293,"PER_SHARES":1000,"TOTAL_MARKET_CAP":8508304353.27,"HKSK_MARKET_CAP":8508304353.27,"PE_TTM":59.387210241405,"PB_TTM":0.559306590601,"REPORT_DATE_SQ":"2022-12-31 00:00:00","REPORT_TYPE_SQ":"2022年年报","OPERATE_INCOME_SQ":26741995513.8,"DPS_HKD":0.0233,"OPERATE_INCOME_QOQ_SQ":20.294541623774,"NET_PROFIT_RATIO_SQ":1.7061996722,"HOLDER_PROFIT_SQ":404037339.8,"HOLDER_PROFIT_QOQ_SQ":182.002778999202,"ROE_AVG_SQ":2.983859395019,"PE_TTM_SQ":15.162296994115,"PB_TTM_SQ":0.800545681968,"ROA_SQ":1.773615132273,"START_DATE":"2023-01-01 00:00:00","FISCAL_YEAR":"12-31","CURRENCY":"HKD","IS_CNY_CODE":0,"DPS_HKD_LY":0.0366,"ORG_TYPE":"一般企业","PREMIUM_INCOME":null,"PREMIUM_INCOME_YOY":null,"NET_INTEREST_INCOME":null,"NET_INTEREST_INCOME_YOY":null,"FEE_COMMISSION_INCOME":null,"FEE_COMMISSION_INCOME_YOY":null,"ACCOUNTS_RECE_TDAYS":5.238147594281,"INVENTORY_TDAYS":12.950135466609,"CURRENT_ASSETS_TDAYS":2.767836382358,"TOTAL_ASSETS_TDAYS":1.24832986492,"PREMIUM_EXPENSE":null,"LOAN_DEPOSIT":null,"LOAN_EQUITY":null,"LOAN_ASSETS":null,"DEPOSIT_EQUITY":null,"DEPOSIT_ASSETS":null,"EQUITY_MULTIPLIER":1.69311894874,"EQUITY_RATIO":0.709716185223},{"SECUCODE":"01316.HK","SECURITY_CODE":"01316","SECURITY_NAME_ABBR":"耐世特","ORG_CODE":"10332596","STD_REPORT_DATE":"2023-06-30 00:00:00","REPORT_DATE":"2023-06-30 00:00:00","DATE_TYPE_CODE":"002","REPORT_TYPE":"2023年中报","PER_NETCASH_OPERATE":0.665600349976,"PER_OI":6.051181852195,"BPS":5.608727524019,"BASIC_EPS":0.1011612,"DILUTED_EPS":0.1011612,"OPERATE_INCOME":15187403214,"OPERATE_INCOME_YOY":17.3507188732,"GROSS_PROFIT":1378906639.8,"GROSS_PROFIT_YOY":37.142555699791,"HOLDER_PROFIT":245626619.4,"HOLDER_PROFIT_YOY":405.198419824,"GROSS_PROFIT_RATIO":9.079278533468,"EPS_TTM":0.288631970939,"OPERATE_INCOME_QOQ":11.842183387421,"NET_PROFIT_RATIO":1.7794969146,"ROE_AVG":1.751326387723,"GROSS_PROFIT_QOQ":14.604729370264,"ROA":1.016728478043,"HOLDER_PROFIT_QOQ":79.294204035347,"ROE_YEARLY":3.502652775445,"ROIC_YEARLY":2.24284747212,"TOTAL_ASSETS":24216979668,"TOTAL_LIABILITIES":9815454462,"TAX_EBT":18.334461451123,"OCF_SALES":10.999509950852,"TOTAL_PARENT_EQUITY":14076920592.6,"DEBT_ASSET_RATIO":40.5312908404,"OPERATE_PROFIT":338297504.4,"PRETAX_PROFIT":330934414.2,"NETCASH_OPERATE":1670539927.8,"NETCASH_INVEST":-1237895152.8,"NETCASH_FINANCE":-100127910.6,"END_CASH":2096110644.6,"DIVI_RATIO":0.073155187664,"DIVIDEND_RATE":0.687315634218,"CURRENT_RATIO":1.464882751124,"COMMON_ACS":4000000000,"CURRENTDEBT_DEBT":76.932397912234,"ISSUED_COMMON_SHARES":2509824293,"HK_COMMON_SHARES":2509824293,"PER_SHARES":1000,"TOTAL_MARKET_CAP":8508304353.27,"HKSK_MARKET_CAP":8508304353.27,"PE_TTM":59.387210241405,"PB_TTM":0.559306590601,"REPORT_DATE_SQ":"2022-06-30 00:00:00","REPORT_TYPE_SQ":"2022年中报","OPERATE_INCOME_SQ":12020567063.8,"DPS_HKD":0.0233,"OPERATE_INCOME_QOQ_SQ":3.811524635132,"NET_PROFIT_RATIO_SQ":-0.4889264332,"HOLDER_PROFIT_SQ":-74751573.2,"HOLDER_PROFIT_QOQ_SQ":-81.026745051183,"ROE_AVG_SQ":-0.581394286645,"PE_TTM_SQ":15.162296994115,"PB_TTM_SQ":0.800545681968,"ROA_SQ":-0.346690202671,"START_DATE":"2023-01-01 00:00:00","FISCAL_YEAR":"12-31","CURRENCY":"HKD","IS_CNY_CODE":0,"DPS_HKD_LY":0.0366,"ORG_TYPE":"一般企业","PREMIUM_INCOME":null,"PREMIUM_INCOME_YOY":null,"NET_INTEREST_INCOME":null,"NET_INTEREST_INCOME_YOY":null,"FEE_COMMISSION_INCOME":null,"FEE_COMMISSION_INCOME_YOY":null,"ACCOUNTS_RECE_TDAYS":2.591535646053,"INVENTORY_TDAYS":6.525811287508,"CURRENT_ASSETS_TDAYS":1.390575147248,"TOTAL_ASSETS_TDAYS":0.628656022418,"PREMIUM_EXPENSE":null,"LOAN_DEPOSIT":null,"LOAN_EQUITY":null,"LOAN_ASSETS":null,"DEPOSIT_EQUITY":null,"DEPOSIT_ASSETS":null,"EQUITY_MULTIPLIER":1.681556593597,"EQUITY_RATIO":0.6972728444},{"SECUCODE":"01316.HK","SECURITY_CODE":"01316","SECURITY_NAME_ABBR":"耐世特","ORG_CODE":"10332596","STD_REPORT_DATE":"2022-12-31 00:00:00","REPORT_DATE":"2022-12-31 00:00:00","DATE_TYPE_CODE":"001","REPORT_TYPE":"2022年年报","PER_NETCASH_OPERATE":0.815153890775,"PER_OI":10.654927354231,"BPS":5.366239235377,"BASIC_EPS":0.139292,"DILUTED_EPS":0.139292,"OPERATE_INCOME":26741995513.8,"OPERATE_INCOME_YOY":14.3202554541,"GROSS_PROFIT":2557059854.6,"GROSS_PROFIT_YOY":10.355362351256,"HOLDER_PROFIT":404037339.8,"HOLDER_PROFIT_YOY":-51.0190813914,"GROSS_PROFIT_RATIO":9.561963516449,"EPS_TTM":0.160982320925,"OPERATE_INCOME_QOQ":20.294541623774,"NET_PROFIT_RATIO":1.7061996722,"ROE_AVG":2.983859395019,"GROSS_PROFIT_QOQ":37.510530827692,"ROA":1.773615132273,"HOLDER_PROFIT_QOQ":182.002778999202,"ROE_YEARLY":2.983859395019,"ROIC_YEARLY":1.973887576567,"TOTAL_ASSETS":23228898052.6,"TOTAL_LIABILITIES":9458839162.6,"TAX_EBT":28.749170717914,"OCF_SALES":7.65048755073,"TOTAL_PARENT_EQUITY":13468317595,"DEBT_ASSET_RATIO":40.7201372238,"OPERATE_PROFIT":601191236.6,"PRETAX_PROFIT":640374076.2,"NETCASH_OPERATE":2045893037.6,"NETCASH_INVEST":-1834991020.4,"NETCASH_FINANCE":-593244628,"END_CASH":1712831936.4,"DIVI_RATIO":0.131163011433,"DIVIDEND_RATE":0.687315634218,"CURRENT_RATIO":1.453664652912,"COMMON_ACS":4000000000,"CURRENTDEBT_DEBT":75.577466385791,"ISSUED_COMMON_SHARES":2509824293,"HK_COMMON_SHARES":2509824293,"PER_SHARES":1000,"TOTAL_MARKET_CAP":8508304353.27,"HKSK_MARKET_CAP":8508304353.27,"PE_TTM":59.387210241405,"PB_TTM":0.559306590601,"REPORT_DATE_SQ":"2021-12-31 00:00:00","REPORT_TYPE_SQ":"2021年年报","OPERATE_INCOME_SQ":21414222982.5,"DPS_HKD":0.0233,"OPERATE_INCOME_QOQ_SQ":-4.477265878743,"NET_PROFIT_RATIO_SQ":3.7634221319,"HOLDER_PROFIT_SQ":755137908,"HOLDER_PROFIT_QOQ_SQ":-41.452562197242,"ROE_AVG_SQ":6.174166866712,"PE_TTM_SQ":15.162296994115,"PB_TTM_SQ":0.800545681968,"ROA_SQ":3.637458078941,"START_DATE":"2022-01-01 00:00:00","FISCAL_YEAR":"12-31","CURRENCY":"HKD","IS_CNY_CODE":0,"DPS_HKD_LY":0.0743,"ORG_TYPE":"一般企业","PREMIUM_INCOME":null,"PREMIUM_INCOME_YOY":null,"NET_INTEREST_INCOME":null,"NET_INTEREST_INCOME_YOY":null,"FEE_COMMISSION_INCOME":null,"FEE_COMMISSION_INCOME_YOY":null,"ACCOUNTS_RECE_TDAYS":5.373047047184,"INVENTORY_TDAYS":11.92652887396,"CURRENT_ASSETS_TDAYS":2.692331101003,"TOTAL_ASSETS_TDAYS":1.173901598647,"PREMIUM_EXPENSE":null,"LOAN_DEPOSIT":null,"LOAN_EQUITY":null,"LOAN_ASSETS":null,"DEPOSIT_EQUITY":null,"DEPOSIT_ASSETS":null,"EQUITY_MULTIPLIER":1.686913486584,"EQUITY_RATIO":0.702302948819},{"SECUCODE":"01316.HK","SECURITY_CODE":"01316","SECURITY_NAME_ABBR":"耐世特","ORG_CODE":"10332596","STD_REPORT_DATE":"2022-06-30 00:00:00","REPORT_DATE":"2022-06-30 00:00:00","DATE_TYPE_CODE":"002","REPORT_TYPE":"2022年中报","PER_NETCASH_OPERATE":0.327565989178,"PER_OI":4.789405815111,"BPS":5.018793994915,"BASIC_EPS":-0.0268456,"DILUTED_EPS":-0.0268456,"OPERATE_INCOME":12020567063.8,"OPERATE_INCOME_YOY":3.2675966361,"GROSS_PROFIT":1005454968.2,"GROSS_PROFIT_YOY":-31.275930520342,"HOLDER_PROFIT":-74751573.2,"HOLDER_PROFIT_YOY":-113.3961969138,"GROSS_PROFIT_RATIO":8.364455377716,"EPS_TTM":0.057085366852,"OPERATE_INCOME_QOQ":3.811524635132,"NET_PROFIT_RATIO":-0.4889264332,"ROE_AVG":-0.581394286645,"GROSS_PROFIT_QOQ":-19.747701003687,"ROA":-0.346690202671,"HOLDER_PROFIT_QOQ":-81.026745051183,"ROE_YEARLY":-1.16278857329,"ROIC_YEARLY":-0.783618035105,"TOTAL_ASSETS":21602882507.6,"TOTAL_LIABILITIES":8684544888.6,"TAX_EBT":142.261473867091,"OCF_SALES":6.839386801275,"TOTAL_PARENT_EQUITY":12596291090,"DEBT_ASSET_RATIO":40.2008615542,"OPERATE_PROFIT":147691068.4,"PRETAX_PROFIT":139066919.4,"NETCASH_OPERATE":822133077.2,"NETCASH_INVEST":-867589389.4,"NETCASH_FINANCE":97919326,"END_CASH":2130527218.6,"DIVI_RATIO":0.369883337261,"DIVIDEND_RATE":0.687315634218,"CURRENT_RATIO":1.467160644384,"COMMON_ACS":4000000000,"CURRENTDEBT_DEBT":74.26914549393,"ISSUED_COMMON_SHARES":2509824293,"HK_COMMON_SHARES":2509824293,"PER_SHARES":1000,"TOTAL_MARKET_CAP":8508304353.27,"HKSK_MARKET_CAP":8508304353.27,"PE_TTM":59.387210241405,"PB_TTM":0.559306590601,"REPORT_DATE_SQ":"2021-06-30 00:00:00","REPORT_TYPE_SQ":"2021年中报","OPERATE_INCOME_SQ":11204358679.4,"DPS_HKD":0.0233,"OPERATE_INCOME_QOQ_SQ":13.30848691346,"NET_PROFIT_RATIO_SQ":5.035303397,"HOLDER_PROFIT_SQ":537112094.3,"HOLDER_PROFIT_QOQ_SQ":69.288756688931,"ROE_AVG_SQ":4.358145490971,"PE_TTM_SQ":15.162296994115,"PB_TTM_SQ":0.800545681968,"ROA_SQ":2.571049187709,"START_DATE":"2022-01-01 00:00:00","FISCAL_YEAR":"12-31","CURRENCY":"HKD","IS_CNY_CODE":0,"DPS_HKD_LY":0.0743,"ORG_TYPE":"一般企业","PREMIUM_INCOME":null,"PREMIUM_INCOME_YOY":null,"NET_INTEREST_INCOME":null,"NET_INTEREST_INCOME_YOY":null,"FEE_COMMISSION_INCOME":null,"FEE_COMMISSION_INCOME_YOY":null,"ACCOUNTS_RECE_TDAYS":2.807755134034,"INVENTORY_TDAYS":5.549970749654,"CURRENT_ASSETS_TDAYS":1.293082735428,"TOTAL_ASSETS_TDAYS":0.557501689018,"PREMIUM_EXPENSE":null,"LOAN_DEPOSIT":null,"LOAN_EQUITY":null,"LOAN_ASSETS":null,"DEPOSIT_EQUITY":null,"DEPOSIT_ASSETS":null,"EQUITY_MULTIPLIER":1.672264895432,"EQUITY_RATIO":0.68945254016},{"SECUCODE":"01316.HK","SECURITY_CODE":"01316","SECURITY_NAME_ABBR":"耐世特","ORG_CODE":"10332596","STD_REPORT_DATE":"2021-12-31 00:00:00","REPORT_DATE":"2021-12-31 00:00:00","DATE_TYPE_CODE":"001","REPORT_TYPE":"2021年年报","PER_NETCASH_OPERATE":0.730038273281,"PER_OI":8.532160216245,"BPS":4.965338868564,"BASIC_EPS":0.318785,"DILUTED_EPS":0.318785,"OPERATE_INCOME":21414222982.5,"OPERATE_INCOME_YOY":10.7682185601,"GROSS_PROFIT":2317114275.3,"GROSS_PROFIT_YOY":-13.675386670742,"HOLDER_PROFIT":755137908,"HOLDER_PROFIT_YOY":1.4336365038,"GROSS_PROFIT_RATIO":10.820445258245,"EPS_TTM":0.300872818112,"OPERATE_INCOME_QOQ":-4.477265878743,"NET_PROFIT_RATIO":3.7634221319,"ROE_AVG":6.174166866712,"GROSS_PROFIT_QOQ":-29.427591625864,"ROA":3.637458078941,"HOLDER_PROFIT_QOQ":-41.452562197242,"ROE_YEARLY":6.174166866712,"ROIC_YEARLY":4.271681696958,"TOTAL_ASSETS":20443675674.3,"TOTAL_LIABILITIES":7675768987,"TAX_EBT":-10.8671818126,"OCF_SALES":8.556312291122,"TOTAL_PARENT_EQUITY":12462128115.3,"DEBT_ASSET_RATIO":37.5459340546,"OPERATE_PROFIT":734576275.5,"PRETAX_PROFIT":726912684.1,"NETCASH_OPERATE":1832267793.1,"NETCASH_INVEST":-1821307964.8,"NETCASH_FINANCE":-1373631813.6,"END_CASH":2081768061.2,"DIVI_RATIO":0.070178908592,"DIVIDEND_RATE":0.687315634218,"CURRENT_RATIO":1.443780933993,"COMMON_ACS":4000000000,"CURRENTDEBT_DEBT":78.255600501699,"ISSUED_COMMON_SHARES":2509824293,"HK_COMMON_SHARES":2509824293,"PER_SHARES":1000,"TOTAL_MARKET_CAP":8508304353.27,"HKSK_MARKET_CAP":8508304353.27,"PE_TTM":59.387210241405,"PB_TTM":0.559306590601,"REPORT_DATE_SQ":"2020-12-31 00:00:00","REPORT_TYPE_SQ":"2020年年报","OPERATE_INCOME_SQ":19784867029,"DPS_HKD":0.0233,"OPERATE_INCOME_QOQ_SQ":-5.423639980848,"NET_PROFIT_RATIO_SQ":4.0334607432,"HOLDER_PROFIT_SQ":761886473.4,"HOLDER_PROFIT_QOQ_SQ":4.460296333549,"ROE_AVG_SQ":6.321956543926,"PE_TTM_SQ":15.162296994115,"PB_TTM_SQ":0.800545681968,"ROA_SQ":3.557383239755,"START_DATE":"2021-01-01 00:00:00","FISCAL_YEAR":"12-31","CURRENCY":"HKD","IS_CNY_CODE":0,"DPS_HKD_LY":0.073003,"ORG_TYPE":"一般企业","PREMIUM_INCOME":null,"PREMIUM_INCOME_YOY":null,"NET_INTEREST_INCOME":null,"NET_INTEREST_INCOME_YOY":null,"FEE_COMMISSION_INCOME":null,"FEE_COMMISSION_INCOME_YOY":null,"ACCOUNTS_RECE_TDAYS":5.510148838697,"INVENTORY_TDAYS":11.461321384636,"CURRENT_ASSETS_TDAYS":2.351857272098,"TOTAL_ASSETS_TDAYS":1.031511430783,"PREMIUM_EXPENSE":null,"LOAN_DEPOSIT":null,"LOAN_EQUITY":null,"LOAN_ASSETS":null,"DEPOSIT_EQUITY":null,"DEPOSIT_ASSETS":null,"EQUITY_MULTIPLIER":1.601176776664,"EQUITY_RATIO":0.615927626163},{"SECUCODE":"01316.HK","SECURITY_CODE":"01316","SECURITY_NAME_ABBR":"耐世特","ORG_CODE":"10332596","STD_REPORT_DATE":"2021-06-30 00:00:00","REPORT_DATE":"2021-06-30 00:00:00","DATE_TYPE_CODE":"002","REPORT_TYPE":"2021年中报","PER_NETCASH_OPERATE":0.243691514586,"PER_OI":4.465049290073,"BPS":4.976735856306,"BASIC_EPS":0.2131833,"DILUTED_EPS":0.2131833,"OPERATE_INCOME":11204358679.4,"OPERATE_INCOME_YOY":43.2531055901,"GROSS_PROFIT":1463031767.2,"GROSS_PROFIT_YOY":69.351137375481,"HOLDER_PROFIT":537112094.3,"HOLDER_PROFIT_YOY":6290.6994619523,"GROSS_PROFIT_RATIO":13.057701998508,"EPS_TTM":0.513993506956,"OPERATE_INCOME_QOQ":13.30848691346,"NET_PROFIT_RATIO":5.035303397,"ROE_AVG":4.358145490971,"GROSS_PROFIT_QOQ":22.320628299395,"ROA":2.571049187709,"HOLDER_PROFIT_QOQ":69.288756688931,"ROE_YEARLY":8.716290981942,"ROIC_YEARLY":6.042960965836,"TOTAL_ASSETS":20426132049.1,"TOTAL_LIABILITIES":7653978160.8,"TAX_EBT":6.121878594387,"OCF_SALES":5.45775642674,"TOTAL_PARENT_EQUITY":12490732552,"DEBT_ASSET_RATIO":37.4715004407,"OPERATE_PROFIT":605498712.9,"PRETAX_PROFIT":600963722.7,"NETCASH_OPERATE":611506605.9,"NETCASH_INVEST":-895066235.3,"NETCASH_FINANCE":-1132868976.4,"END_CASH":2120211280.1,"DIVI_RATIO":0.041080141508,"DIVIDEND_RATE":0.687315634218,"CURRENT_RATIO":1.452262385959,"COMMON_ACS":4000000000,"CURRENTDEBT_DEBT":77.405537437289,"ISSUED_COMMON_SHARES":2509824293,"HK_COMMON_SHARES":2509824293,"PER_SHARES":1000,"TOTAL_MARKET_CAP":8508304353.27,"HKSK_MARKET_CAP":8508304353.27,"PE_TTM":59.387210241405,"PB_TTM":0.559306590601,"REPORT_DATE_SQ":"2020-06-30 00:00:00","REPORT_TYPE_SQ":"2020年中报","OPERATE_INCOME_SQ":8571292240,"DPS_HKD":0.0233,"OPERATE_INCOME_QOQ_SQ":-16.135962705932,"NET_PROFIT_RATIO_SQ":0.2557982027,"HOLDER_PROFIT_SQ":9210429.5,"HOLDER_PROFIT_QOQ_SQ":-55.022027142124,"ROE_AVG_SQ":0.073733126321,"PE_TTM_SQ":15.162296994115,"PB_TTM_SQ":0.800545681968,"ROA_SQ":0.042309816804,"START_DATE":"2021-01-01 00:00:00","FISCAL_YEAR":"12-31","CURRENCY":"HKD","IS_CNY_CODE":0,"DPS_HKD_LY":0.073003,"ORG_TYPE":"一般企业","PREMIUM_INCOME":null,"PREMIUM_INCOME_YOY":null,"NET_INTEREST_INCOME":null,"NET_INTEREST_INCOME_YOY":null,"FEE_COMMISSION_INCOME":null,"FEE_COMMISSION_INCOME_YOY":null,"ACCOUNTS_RECE_TDAYS":2.951476764528,"INVENTORY_TDAYS":5.806019629058,"CURRENT_ASSETS_TDAYS":1.226636000661,"TOTAL_ASSETS_TDAYS":0.536330452939,"PREMIUM_EXPENSE":null,"LOAN_DEPOSIT":null,"LOAN_EQUITY":null,"LOAN_ASSETS":null,"DEPOSIT_EQUITY":null,"DEPOSIT_ASSETS":null,"EQUITY_MULTIPLIER":1.599270743818,"EQUITY_RATIO":0.612772559891},{"SECUCODE":"01316.HK","SECURITY_CODE":"01316","SECURITY_NAME_ABBR":"耐世特","ORG_CODE":"10332596","STD_REPORT_DATE":"2020-12-31 00:00:00","REPORT_DATE":"2020-12-31 00:00:00","DATE_TYPE_CODE":"001","REPORT_TYPE":"2020年年报","PER_NETCASH_OPERATE":1.09248161965,"PER_OI":7.890134911498,"BPS":4.892722922497,"BASIC_EPS":0.326245,"DILUTED_EPS":0.326245,"OPERATE_INCOME":19784867029,"OPERATE_INCOME_YOY":-15.1985215584,"GROSS_PROFIT":2684187262.4,"GROSS_PROFIT_YOY":-28.575813870162,"HOLDER_PROFIT":761886473.4,"HOLDER_PROFIT_YOY":-49.7661812472,"GROSS_PROFIT_RATIO":13.566870368477,"EPS_TTM":0.303837627696,"OPERATE_INCOME_QOQ":-5.423639980848,"NET_PROFIT_RATIO":4.0334607432,"ROE_AVG":6.321956543926,"GROSS_PROFIT_QOQ":0.914547228892,"ROA":3.557383239755,"HOLDER_PROFIT_QOQ":4.460296333549,"ROE_YEARLY":6.321956543926,"ROIC_YEARLY":4.380802595631,"TOTAL_ASSETS":21569629450.9,"TOTAL_LIABILITIES":9035394424.4,"TAX_EBT":-6.850308399294,"OCF_SALES":13.84617160421,"TOTAL_PARENT_EQUITY":12279874849.8,"DEBT_ASSET_RATIO":41.8894281191,"OPERATE_PROFIT":774681802.3,"PRETAX_PROFIT":746853103.8,"NETCASH_OPERATE":2739446640.5,"NETCASH_INVEST":-1879184249.8,"NETCASH_FINANCE":-1219784380.7,"END_CASH":3611036257.6,"DIVI_RATIO":0.069494111576,"DIVIDEND_RATE":0.687315634218,"CURRENT_RATIO":1.350750041985,"COMMON_ACS":4000000000,"CURRENTDEBT_DEBT":79.980733067775,"ISSUED_COMMON_SHARES":2509824293,"HK_COMMON_SHARES":2509824293,"PER_SHARES":1000,"TOTAL_MARKET_CAP":8508304353.27,"HKSK_MARKET_CAP":8508304353.27,"PE_TTM":59.387210241405,"PB_TTM":0.559306590601,"REPORT_DATE_SQ":"2019-12-31 00:00:00","REPORT_TYPE_SQ":"2019年年报","OPERATE_INCOME_SQ":24944498363.4,"DPS_HKD":0.0233,"OPERATE_INCOME_QOQ_SQ":-3.697640503326,"NET_PROFIT_RATIO_SQ":6.5626540801,"HOLDER_PROFIT_SQ":1621582809,"HOLDER_PROFIT_QOQ_SQ":-25.832989188153,"ROE_AVG_SQ":13.344371117556,"PE_TTM_SQ":15.162296994115,"PB_TTM_SQ":0.800545681968,"ROA_SQ":7.297562837857,"START_DATE":"2020-01-01 00:00:00","FISCAL_YEAR":"12-31","CURRENCY":"HKD","IS_CNY_CODE":0,"DPS_HKD_LY":0.2509,"ORG_TYPE":"一般企业","PREMIUM_INCOME":null,"PREMIUM_INCOME_YOY":null,"NET_INTEREST_INCOME":null,"NET_INTEREST_INCOME_YOY":null,"FEE_COMMISSION_INCOME":null,"FEE_COMMISSION_INCOME_YOY":null,"ACCOUNTS_RECE_TDAYS":5.33041165437,"INVENTORY_TDAYS":10.481386462118,"CURRENT_ASSETS_TDAYS":2.010993376517,"TOTAL_ASSETS_TDAYS":0.92379057546,"PREMIUM_EXPENSE":null,"LOAN_DEPOSIT":null,"LOAN_EQUITY":null,"LOAN_ASSETS":null,"DEPOSIT_EQUITY":null,"DEPOSIT_ASSETS":null,"EQUITY_MULTIPLIER":1.720857268535,"EQUITY_RATIO":0.735788803625},{"SECUCODE":"01316.HK","SECURITY_CODE":"01316","SECURITY_NAME_ABBR":"耐世特","ORG_CODE":"10332596","STD_REPORT_DATE":"2020-06-30 00:00:00","REPORT_DATE":"2020-06-30 00:00:00","DATE_TYPE_CODE":"002","REPORT_TYPE":"2020年中报","PER_NETCASH_OPERATE":-0.079348271218,"PER_OI":3.418200993737,"BPS":4.843061130973,"BASIC_EPS":0.0070795,"DILUTED_EPS":0.0070795,"OPERATE_INCOME":8571292240,"OPERATE_INCOME_YOY":-33.9225104556,"GROSS_PROFIT":863904305.5,"GROSS_PROFIT_YOY":-55.971223694194,"HOLDER_PROFIT":9210429.5,"HOLDER_PROFIT_YOY":-99.0078094018,"GROSS_PROFIT_RATIO":10.079043874719,"EPS_TTM":0.290864221489,"OPERATE_INCOME_QOQ":-16.135962705932,"NET_PROFIT_RATIO":0.2557982027,"ROE_AVG":0.073733126321,"GROSS_PROFIT_QOQ":-29.223102029249,"ROA":0.042309816804,"HOLDER_PROFIT_QOQ":-55.022027142124,"ROE_YEARLY":0.147466252643,"ROIC_YEARLY":0.102029852947,"TOTAL_ASSETS":20466133629.5,"TOTAL_LIABILITIES":8080987308.5,"TAX_EBT":109.961722795844,"OCF_SALES":-2.321345975948,"TOTAL_PARENT_EQUITY":12155232479,"DEBT_ASSET_RATIO":39.4846796898,"OPERATE_PROFIT":-204463039.5,"PRETAX_PROFIT":-220094575.5,"NETCASH_OPERATE":-198969347.5,"NETCASH_INVEST":-1147601109,"NETCASH_FINANCE":-201326821,"END_CASH":2657835446.5,"DIVI_RATIO":0.072593754886,"DIVIDEND_RATE":0.687315634218,"CURRENT_RATIO":1.826316332168,"COMMON_ACS":4000000000,"CURRENTDEBT_DEBT":56.925104011256,"ISSUED_COMMON_SHARES":2509824293,"HK_COMMON_SHARES":2509824293,"PER_SHARES":1000,"TOTAL_MARKET_CAP":8508304353.27,"HKSK_MARKET_CAP":8508304353.27,"PE_TTM":59.387210241405,"PB_TTM":0.559306590601,"REPORT_DATE_SQ":"2019-06-30 00:00:00","REPORT_TYPE_SQ":"2019年中报","OPERATE_INCOME_SQ":12596327193.1,"DPS_HKD":0.0233,"OPERATE_INCOME_QOQ_SQ":-3.529734549462,"NET_PROFIT_RATIO_SQ":7.2204305799,"HOLDER_PROFIT_SQ":901438162.8,"HOLDER_PROFIT_QOQ_SQ":-16.090663051706,"ROE_AVG_SQ":7.71969279951,"PE_TTM_SQ":15.162296994115,"PB_TTM_SQ":0.800545681968,"ROA_SQ":4.186473079057,"START_DATE":"2020-01-01 00:00:00","FISCAL_YEAR":"12-31","CURRENCY":"HKD","IS_CNY_CODE":0,"DPS_HKD_LY":0.2509,"ORG_TYPE":"一般企业","PREMIUM_INCOME":null,"PREMIUM_INCOME_YOY":null,"NET_INTEREST_INCOME":null,"NET_INTEREST_INCOME_YOY":null,"FEE_COMMISSION_INCOME":null,"FEE_COMMISSION_INCOME_YOY":null,"ACCOUNTS_RECE_TDAYS":2.499225907134,"INVENTORY_TDAYS":4.060022599376,"CURRENT_ASSETS_TDAYS":0.894732310817,"TOTAL_ASSETS_TDAYS":0.393738212155,"PREMIUM_EXPENSE":null,"LOAN_DEPOSIT":null,"LOAN_EQUITY":null,"LOAN_ASSETS":null,"DEPOSIT_EQUITY":null,"DEPOSIT_ASSETS":null,"EQUITY_MULTIPLIER":1.652474108827,"EQUITY_RATIO":0.664815528824}],"count":26},"success":true,"message":"ok","code":0}