{"version":"3d6334b3558237a45b7a2e739eca7f7d","result":{"pages":4,"data":[{"SECUCODE":"01314.HK","SECURITY_CODE":"01314","SECURITY_NAME_ABBR":"翠华控股","ORG_CODE":"10324628","STD_REPORT_DATE":"2024-06-30 00:00:00","REPORT_DATE":"2024-09-30 00:00:00","DATE_TYPE_CODE":"002","REPORT_TYPE":"2024年中报","PER_NETCASH_OPERATE":0.020149312167,"PER_OI":0.28648165771,"BPS":0.306393896593,"BASIC_EPS":0.004238413,"DILUTED_EPS":0.004238413,"OPERATE_INCOME":404290492.8,"OPERATE_INCOME_YOY":-9.8464663121,"GROSS_PROFIT":300041765.22,"GROSS_PROFIT_YOY":-10.722177379262,"HOLDER_PROFIT":5792197.17,"HOLDER_PROFIT_YOY":-4.8021342819,"GROSS_PROFIT_RATIO":74.214400428266,"EPS_TTM":0.025108883022,"OPERATE_INCOME_QOQ":0,"NET_PROFIT_RATIO":0.670726267,"ROE_AVG":1.301833674179,"GROSS_PROFIT_QOQ":0,"ROA":0.742132391427,"HOLDER_PROFIT_QOQ":0,"ROE_YEARLY":2.603667348358,"ROIC_YEARLY":1.870186137824,"TOTAL_ASSETS":758075334.86,"TOTAL_LIABILITIES":348574299.44,"TAX_EBT":20.826750921538,"OCF_SALES":7.033369022127,"TOTAL_PARENT_EQUITY":432391170.99,"DEBT_ASSET_RATIO":45.9814854027,"OPERATE_PROFIT":29166593.97,"PRETAX_PROFIT":3424998.42,"NETCASH_OPERATE":28435242.28,"NETCASH_INVEST":-2453770.59,"NETCASH_FINANCE":-85679067.9,"END_CASH":152878655.12,"DIVI_RATIO":1.26177058425,"DIVIDEND_RATE":15.486725663717,"CURRENT_RATIO":1.152921511495,"COMMON_ACS":10000000000,"CURRENTDEBT_DEBT":56.647246310822,"ISSUED_COMMON_SHARES":1411226450,"HK_COMMON_SHARES":1411226450,"PER_SHARES":2000,"TOTAL_MARKET_CAP":318937177.7,"HKSK_MARKET_CAP":318937177.7,"PE_TTM":8.227876524005,"PB_TTM":0.66517167041,"REPORT_DATE_SQ":"2023-06-30 00:00:00","REPORT_TYPE_SQ":"2023年中报","OPERATE_INCOME_SQ":456323634.55,"DPS_HKD":0.035,"OPERATE_INCOME_QOQ_SQ":0,"NET_PROFIT_RATIO_SQ":0.5668781483,"HOLDER_PROFIT_SQ":6191249.61,"HOLDER_PROFIT_QOQ_SQ":0,"ROE_AVG_SQ":1.299335311127,"PE_TTM_SQ":9.334213801119,"PB_TTM_SQ":0.505535337785,"ROA_SQ":0.689881885718,"START_DATE":"2024-04-01 00:00:00","FISCAL_YEAR":"3-31","CURRENCY":"HKD","IS_CNY_CODE":0,"DPS_HKD_LY":0.035,"ORG_TYPE":"一般企业","PREMIUM_INCOME":null,"PREMIUM_INCOME_YOY":null,"NET_INTEREST_INCOME":null,"NET_INTEREST_INCOME_YOY":null,"FEE_COMMISSION_INCOME":null,"FEE_COMMISSION_INCOME_YOY":null,"ACCOUNTS_RECE_TDAYS":134.570013507429,"INVENTORY_TDAYS":12.063866423167,"CURRENT_ASSETS_TDAYS":1.594457524522,"TOTAL_ASSETS_TDAYS":0.518002169897,"PREMIUM_EXPENSE":null,"LOAN_DEPOSIT":null,"LOAN_EQUITY":null,"LOAN_ASSETS":null,"DEPOSIT_EQUITY":null,"DEPOSIT_ASSETS":null,"EQUITY_MULTIPLIER":1.851217138151,"EQUITY_RATIO":0.806154988415},{"SECUCODE":"01314.HK","SECURITY_CODE":"01314","SECURITY_NAME_ABBR":"翠华控股","ORG_CODE":"10324628","STD_REPORT_DATE":"2023-12-31 00:00:00","REPORT_DATE":"2024-03-31 00:00:00","DATE_TYPE_CODE":"001","REPORT_TYPE":"2023年年报","PER_NETCASH_OPERATE":0.118153781415,"PER_OI":0.612917039927,"BPS":0.325869452454,"BASIC_EPS":0.02592733,"DILUTED_EPS":0.025836675,"OPERATE_INCOME":864964738.4,"OPERATE_INCOME_YOY":12.8081560942,"GROSS_PROFIT":641838306.55,"GROSS_PROFIT_YOY":19.222654562351,"HOLDER_PROFIT":35434319.85,"HOLDER_PROFIT_YOY":-35.4765756545,"GROSS_PROFIT_RATIO":74.203985209532,"EPS_TTM":0.015773575609,"OPERATE_INCOME_QOQ":0,"NET_PROFIT_RATIO":3.4555112102,"ROE_AVG":7.393801706437,"GROSS_PROFIT_QOQ":0,"ROA":4.050585949948,"HOLDER_PROFIT_QOQ":0,"ROE_YEARLY":7.393801706437,"ROIC_YEARLY":5.404908348728,"TOTAL_ASSETS":807123222.2,"TOTAL_LIABILITIES":367161815.5,"TAX_EBT":5.114110570697,"OCF_SALES":19.277287743364,"TOTAL_PARENT_EQUITY":459875590.55,"DEBT_ASSET_RATIO":45.4901811026,"OPERATE_PROFIT":6576113.7,"PRETAX_PROFIT":31499892.85,"NETCASH_OPERATE":166741741.5,"NETCASH_INVEST":61111442.05,"NETCASH_FINANCE":-181742424.35,"END_CASH":213051035.15,"DIVI_RATIO":2.008526841728,"DIVIDEND_RATE":14.40329218107,"CURRENT_RATIO":1.278035986028,"COMMON_ACS":10000000000,"CURRENTDEBT_DEBT":59.870867385991,"ISSUED_COMMON_SHARES":1411226450,"HK_COMMON_SHARES":1411226450,"PER_SHARES":2000,"TOTAL_MARKET_CAP":342928027.35,"HKSK_MARKET_CAP":342928027.35,"PE_TTM":8.84678758997,"PB_TTM":0.715206707565,"REPORT_DATE_SQ":"2022-12-31 00:00:00","REPORT_TYPE_SQ":"2022年年报","OPERATE_INCOME_SQ":740419151.77,"DPS_HKD":0.035,"OPERATE_INCOME_QOQ_SQ":0,"NET_PROFIT_RATIO_SQ":6.606786262,"HOLDER_PROFIT_SQ":53030586.98,"HOLDER_PROFIT_QOQ_SQ":0,"ROE_AVG_SQ":11.341189553704,"PE_TTM_SQ":4.333060181914,"PB_TTM_SQ":0.537311844731,"ROA_SQ":5.250446688395,"START_DATE":"2023-04-01 00:00:00","FISCAL_YEAR":"3-31","CURRENCY":"HKD","IS_CNY_CODE":0,"DPS_HKD_LY":0.05,"ORG_TYPE":"一般企业","PREMIUM_INCOME":null,"PREMIUM_INCOME_YOY":null,"NET_INTEREST_INCOME":null,"NET_INTEREST_INCOME_YOY":null,"FEE_COMMISSION_INCOME":null,"FEE_COMMISSION_INCOME_YOY":null,"ACCOUNTS_RECE_TDAYS":280.7084436599,"INVENTORY_TDAYS":27.486403484282,"CURRENT_ASSETS_TDAYS":2.742511562131,"TOTAL_ASSETS_TDAYS":0.988762880562,"PREMIUM_EXPENSE":null,"LOAN_DEPOSIT":null,"LOAN_EQUITY":null,"LOAN_ASSETS":null,"DEPOSIT_EQUITY":null,"DEPOSIT_ASSETS":null,"EQUITY_MULTIPLIER":1.834531870088,"EQUITY_RATIO":0.798393789635},{"SECUCODE":"01314.HK","SECURITY_CODE":"01314","SECURITY_NAME_ABBR":"翠华控股","ORG_CODE":"10324628","STD_REPORT_DATE":"2023-06-30 00:00:00","REPORT_DATE":"2023-09-30 00:00:00","DATE_TYPE_CODE":"002","REPORT_TYPE":"2023年中报","PER_NETCASH_OPERATE":0.059512183973,"PER_OI":0.323352524005,"BPS":0.317653857203,"BASIC_EPS":0.004496387,"DILUTED_EPS":0.004496387,"OPERATE_INCOME":456323634.55,"OPERATE_INCOME_YOY":19.9537345259,"GROSS_PROFIT":336076481.72,"GROSS_PROFIT_YOY":26.28427316296,"HOLDER_PROFIT":6191249.61,"HOLDER_PROFIT_YOY":-83.4903467345,"GROSS_PROFIT_RATIO":73.648712508924,"EPS_TTM":0.037577659475,"OPERATE_INCOME_QOQ":0,"NET_PROFIT_RATIO":0.5668781483,"ROE_AVG":1.299335311127,"GROSS_PROFIT_QOQ":0,"ROA":0.689881885718,"HOLDER_PROFIT_QOQ":0,"ROE_YEARLY":2.598670622254,"ROIC_YEARLY":1.824528099071,"TOTAL_ASSETS":840886767.84,"TOTAL_LIABILITIES":410754128.75,"TAX_EBT":37.88012340238,"OCF_SALES":18.404737725851,"TOTAL_PARENT_EQUITY":448281525.23,"DEBT_ASSET_RATIO":48.8477336616,"OPERATE_PROFIT":35100265.13,"PRETAX_PROFIT":4164204.94,"NETCASH_OPERATE":83985168.12,"NETCASH_INVEST":75771461.99,"NETCASH_FINANCE":-120163648.5,"END_CASH":207423838.09,"DIVI_RATIO":0.84309801203,"DIVIDEND_RATE":14.40329218107,"CURRENT_RATIO":1.16534984899,"COMMON_ACS":10000000000,"CURRENTDEBT_DEBT":62.799664898073,"ISSUED_COMMON_SHARES":1411226450,"HK_COMMON_SHARES":1411226450,"PER_SHARES":2000,"TOTAL_MARKET_CAP":342928027.35,"HKSK_MARKET_CAP":342928027.35,"PE_TTM":8.84678758997,"PB_TTM":0.715206707565,"REPORT_DATE_SQ":"2022-06-30 00:00:00","REPORT_TYPE_SQ":"2022年中报","OPERATE_INCOME_SQ":374948264.16,"DPS_HKD":0.035,"OPERATE_INCOME_QOQ_SQ":0,"NET_PROFIT_RATIO_SQ":10.2548701769,"HOLDER_PROFIT_SQ":36961749.48,"HOLDER_PROFIT_QOQ_SQ":0,"ROE_AVG_SQ":7.824445384732,"PE_TTM_SQ":4.333060181914,"PB_TTM_SQ":0.537311844731,"ROA_SQ":3.369033530816,"START_DATE":"2023-04-01 00:00:00","FISCAL_YEAR":"3-31","CURRENCY":"HKD","IS_CNY_CODE":0,"DPS_HKD_LY":0.05,"ORG_TYPE":"一般企业","PREMIUM_INCOME":null,"PREMIUM_INCOME_YOY":null,"NET_INTEREST_INCOME":null,"NET_INTEREST_INCOME_YOY":null,"FEE_COMMISSION_INCOME":null,"FEE_COMMISSION_INCOME_YOY":null,"ACCOUNTS_RECE_TDAYS":116.215237204954,"INVENTORY_TDAYS":13.640868162182,"CURRENT_ASSETS_TDAYS":1.393946953855,"TOTAL_ASSETS_TDAYS":0.508474749577,"PREMIUM_EXPENSE":null,"LOAN_DEPOSIT":null,"LOAN_EQUITY":null,"LOAN_ASSETS":null,"DEPOSIT_EQUITY":null,"DEPOSIT_ASSETS":null,"EQUITY_MULTIPLIER":1.954947593885,"EQUITY_RATIO":0.916286096196},{"SECUCODE":"01314.HK","SECURITY_CODE":"01314","SECURITY_NAME_ABBR":"翠华控股","ORG_CODE":"10324628","STD_REPORT_DATE":"2022-12-31 00:00:00","REPORT_DATE":"2023-03-31 00:00:00","DATE_TYPE_CODE":"001","REPORT_TYPE":"2022年年报","PER_NETCASH_OPERATE":0.079968370881,"PER_OI":0.524663601486,"BPS":0.341181427049,"BASIC_EPS":0.038605581,"DILUTED_EPS":0.038342958,"OPERATE_INCOME":740419151.77,"OPERATE_INCOME_YOY":-14.851850957,"GROSS_PROFIT":538352638.52,"GROSS_PROFIT_YOY":-6.665113529525,"HOLDER_PROFIT":53030586.98,"HOLDER_PROFIT_YOY":151.2270198048,"GROSS_PROFIT_RATIO":72.709172531943,"EPS_TTM":-0.023805589372,"OPERATE_INCOME_QOQ":0,"NET_PROFIT_RATIO":6.606786262,"ROE_AVG":11.341189553704,"GROSS_PROFIT_QOQ":0,"ROA":5.250446688395,"HOLDER_PROFIT_QOQ":0,"ROE_YEARLY":11.341189553704,"ROIC_YEARLY":6.229474986413,"TOTAL_ASSETS":910092868.79,"TOTAL_LIABILITIES":442483863.19,"TAX_EBT":9.659687979953,"OCF_SALES":15.241836989254,"TOTAL_PARENT_EQUITY":481484254.1,"DEBT_ASSET_RATIO":48.6196385407,"OPERATE_PROFIT":58815296.26,"PRETAX_PROFIT":54148485.55,"NETCASH_OPERATE":112853480.15,"NETCASH_INVEST":147749073.57,"NETCASH_FINANCE":-179525581.16,"END_CASH":163172046.95,"DIVI_RATIO":-1.330849217995,"DIVIDEND_RATE":14.40329218107,"CURRENT_RATIO":1.333015540748,"COMMON_ACS":10000000000,"CURRENTDEBT_DEBT":57.274081577339,"ISSUED_COMMON_SHARES":1411226450,"HK_COMMON_SHARES":1411226450,"PER_SHARES":2000,"TOTAL_MARKET_CAP":342928027.35,"HKSK_MARKET_CAP":342928027.35,"PE_TTM":8.84678758997,"PB_TTM":0.715206707565,"REPORT_DATE_SQ":"2021-12-31 00:00:00","REPORT_TYPE_SQ":"2021年年报","OPERATE_INCOME_SQ":805595697.24,"DPS_HKD":0.035,"OPERATE_INCOME_QOQ_SQ":0,"NET_PROFIT_RATIO_SQ":-12.4882717019,"HOLDER_PROFIT_SQ":-95905176.54,"HOLDER_PROFIT_QOQ_SQ":0,"ROE_AVG_SQ":-20.831725865522,"PE_TTM_SQ":4.333060181914,"PB_TTM_SQ":0.537311844731,"ROA_SQ":-8.386344585193,"START_DATE":"2022-04-01 00:00:00","FISCAL_YEAR":"3-31","CURRENCY":"HKD","IS_CNY_CODE":0,"DPS_HKD_LY":null,"ORG_TYPE":"一般企业","PREMIUM_INCOME":null,"PREMIUM_INCOME_YOY":null,"NET_INTEREST_INCOME":null,"NET_INTEREST_INCOME_YOY":null,"FEE_COMMISSION_INCOME":null,"FEE_COMMISSION_INCOME_YOY":null,"ACCOUNTS_RECE_TDAYS":171.370073954007,"INVENTORY_TDAYS":20.332525875358,"CURRENT_ASSETS_TDAYS":2.122614152401,"TOTAL_ASSETS_TDAYS":0.733073402507,"PREMIUM_EXPENSE":null,"LOAN_DEPOSIT":null,"LOAN_EQUITY":null,"LOAN_ASSETS":null,"DEPOSIT_EQUITY":null,"DEPOSIT_ASSETS":null,"EQUITY_MULTIPLIER":1.946268908194,"EQUITY_RATIO":0.918999654552},{"SECUCODE":"01314.HK","SECURITY_CODE":"01314","SECURITY_NAME_ABBR":"翠华控股","ORG_CODE":"10324628","STD_REPORT_DATE":"2022-06-30 00:00:00","REPORT_DATE":"2022-09-30 00:00:00","DATE_TYPE_CODE":"002","REPORT_TYPE":"2022年中报","PER_NETCASH_OPERATE":0.065420702907,"PER_OI":0.265689651834,"BPS":0.337316086302,"BASIC_EPS":0.026771424,"DILUTED_EPS":0.026771424,"OPERATE_INCOME":374948264.16,"OPERATE_INCOME_YOY":-20.655481678,"GROSS_PROFIT":266126947.8,"GROSS_PROFIT_YOY":-14.751874831181,"HOLDER_PROFIT":36961749.48,"HOLDER_PROFIT_YOY":234.3072170369,"GROSS_PROFIT_RATIO":70.976978222904,"EPS_TTM":-0.067958743645,"OPERATE_INCOME_QOQ":0,"NET_PROFIT_RATIO":10.2548701769,"ROE_AVG":7.824445384732,"GROSS_PROFIT_QOQ":0,"ROA":3.369033530816,"HOLDER_PROFIT_QOQ":0,"ROE_YEARLY":15.648890769464,"ROIC_YEARLY":8.052194344627,"TOTAL_ASSETS":1047449148.36,"TOTAL_LIABILITIES":580017372,"TAX_EBT":-0.85642436895,"OCF_SALES":24.622977393117,"TOTAL_PARENT_EQUITY":476029383,"DEBT_ASSET_RATIO":55.3742750097,"OPERATE_PROFIT":44771588.88,"PRETAX_PROFIT":38123954.88,"NETCASH_OPERATE":92323426.32,"NETCASH_INVEST":246707716.56,"NETCASH_FINANCE":-152291416.08,"END_CASH":283387280.76,"DIVI_RATIO":-0.466189459971,"DIVIDEND_RATE":14.40329218107,"CURRENT_RATIO":1.235942846107,"COMMON_ACS":10000000000,"CURRENTDEBT_DEBT":54.096834554811,"ISSUED_COMMON_SHARES":1411226450,"HK_COMMON_SHARES":1411226450,"PER_SHARES":2000,"TOTAL_MARKET_CAP":342928027.35,"HKSK_MARKET_CAP":342928027.35,"PE_TTM":8.84678758997,"PB_TTM":0.715206707565,"REPORT_DATE_SQ":"2021-06-30 00:00:00","REPORT_TYPE_SQ":"2021年中报","OPERATE_INCOME_SQ":435262187.16,"DPS_HKD":0.035,"OPERATE_INCOME_QOQ_SQ":0,"NET_PROFIT_RATIO_SQ":-5.8116389721,"HOLDER_PROFIT_SQ":-25348349.68,"HOLDER_PROFIT_QOQ_SQ":0,"ROE_AVG_SQ":-5.026384886486,"PE_TTM_SQ":4.333060181914,"PB_TTM_SQ":0.537311844731,"ROA_SQ":-2.002164822619,"START_DATE":"2022-04-01 00:00:00","FISCAL_YEAR":"3-31","CURRENCY":"HKD","IS_CNY_CODE":0,"DPS_HKD_LY":null,"ORG_TYPE":"一般企业","PREMIUM_INCOME":null,"PREMIUM_INCOME_YOY":null,"NET_INTEREST_INCOME":null,"NET_INTEREST_INCOME_YOY":null,"FEE_COMMISSION_INCOME":null,"FEE_COMMISSION_INCOME_YOY":null,"ACCOUNTS_RECE_TDAYS":70.444180118946,"INVENTORY_TDAYS":8.477945321308,"CURRENT_ASSETS_TDAYS":0.9872781051,"TOTAL_ASSETS_TDAYS":0.341762306181,"PREMIUM_EXPENSE":null,"LOAN_DEPOSIT":null,"LOAN_EQUITY":null,"LOAN_ASSETS":null,"DEPOSIT_EQUITY":null,"DEPOSIT_ASSETS":null,"EQUITY_MULTIPLIER":2.240859952902,"EQUITY_RATIO":1.218448677148},{"SECUCODE":"01314.HK","SECURITY_CODE":"01314","SECURITY_NAME_ABBR":"翠华控股","ORG_CODE":"10324628","STD_REPORT_DATE":"2021-12-31 00:00:00","REPORT_DATE":"2022-03-31 00:00:00","DATE_TYPE_CODE":"001","REPORT_TYPE":"2021年年报","PER_NETCASH_OPERATE":0.074981963207,"PER_OI":0.570847929643,"BPS":0.297843472059,"BASIC_EPS":-0.069584658,"DILUTED_EPS":-0.069584658,"OPERATE_INCOME":805595697.24,"OPERATE_INCOME_YOY":3.8626824846,"GROSS_PROFIT":576796800.08,"GROSS_PROFIT_YOY":1.704030954213,"HOLDER_PROFIT":-95905176.54,"HOLDER_PROFIT_YOY":4.7214657492,"GROSS_PROFIT_RATIO":71.598793545711,"EPS_TTM":-0.043946742778,"OPERATE_INCOME_QOQ":0,"NET_PROFIT_RATIO":-12.4882717019,"ROE_AVG":-20.831725865522,"GROSS_PROFIT_QOQ":0,"ROA":-8.386344585193,"HOLDER_PROFIT_QOQ":0,"ROE_YEARLY":-20.831725865522,"ROIC_YEARLY":-9.233926288821,"TOTAL_ASSETS":1028294177.18,"TOTAL_LIABILITIES":617013974.97,"TAX_EBT":-5.663543441227,"OCF_SALES":13.135190531992,"TOTAL_PARENT_EQUITY":420324585.73,"DEBT_ASSET_RATIO":60.0036437688,"OPERATE_PROFIT":-84579421.89,"PRETAX_PROFIT":-95212574,"NETCASH_OPERATE":105816529.75,"NETCASH_INVEST":-36498694.04,"NETCASH_FINANCE":-127403993.93,"END_CASH":83745703.61,"DIVI_RATIO":-0.720910083368,"DIVIDEND_RATE":14.40329218107,"CURRENT_RATIO":1.039618484917,"COMMON_ACS":10000000000,"CURRENTDEBT_DEBT":51.968001976874,"ISSUED_COMMON_SHARES":1411226450,"HK_COMMON_SHARES":1411226450,"PER_SHARES":2000,"TOTAL_MARKET_CAP":342928027.35,"HKSK_MARKET_CAP":342928027.35,"PE_TTM":8.84678758997,"PB_TTM":0.715206707565,"REPORT_DATE_SQ":"2020-12-31 00:00:00","REPORT_TYPE_SQ":"2020年年报","OPERATE_INCOME_SQ":808314938.76,"DPS_HKD":0.035,"OPERATE_INCOME_QOQ_SQ":0,"NET_PROFIT_RATIO_SQ":-13.1844806782,"HOLDER_PROFIT_SQ":-104898670.52,"HOLDER_PROFIT_QOQ_SQ":0,"ROE_AVG_SQ":-18.825545856496,"PE_TTM_SQ":4.333060181914,"PB_TTM_SQ":0.537311844731,"ROA_SQ":-7.781563974357,"START_DATE":"2021-04-01 00:00:00","FISCAL_YEAR":"3-31","CURRENCY":"HKD","IS_CNY_CODE":0,"DPS_HKD_LY":null,"ORG_TYPE":"一般企业","PREMIUM_INCOME":null,"PREMIUM_INCOME_YOY":null,"NET_INTEREST_INCOME":null,"NET_INTEREST_INCOME_YOY":null,"FEE_COMMISSION_INCOME":null,"FEE_COMMISSION_INCOME_YOY":null,"ACCOUNTS_RECE_TDAYS":185.806958473625,"INVENTORY_TDAYS":17.597604715716,"CURRENT_ASSETS_TDAYS":2.766079379798,"TOTAL_ASSETS_TDAYS":0.704446137022,"PREMIUM_EXPENSE":null,"LOAN_DEPOSIT":null,"LOAN_EQUITY":null,"LOAN_ASSETS":null,"DEPOSIT_EQUITY":null,"DEPOSIT_ASSETS":null,"EQUITY_MULTIPLIER":2.500227756297,"EQUITY_RATIO":1.467946429777},{"SECUCODE":"01314.HK","SECURITY_CODE":"01314","SECURITY_NAME_ABBR":"翠华控股","ORG_CODE":"10324628","STD_REPORT_DATE":"2021-06-30 00:00:00","REPORT_DATE":"2021-09-30 00:00:00","DATE_TYPE_CODE":"002","REPORT_TYPE":"2021年中报","PER_NETCASH_OPERATE":0.052011556005,"PER_OI":0.308428308696,"BPS":0.350453603445,"BASIC_EPS":-0.018410626,"DILUTED_EPS":-0.018410626,"OPERATE_INCOME":435262187.16,"OPERATE_INCOME_YOY":20.4595337342,"GROSS_PROFIT":312179238.28,"GROSS_PROFIT_YOY":19.462078088882,"HOLDER_PROFIT":-25348349.68,"HOLDER_PROFIT_YOY":60.8113851504,"GROSS_PROFIT_RATIO":71.72211312839,"EPS_TTM":-0.074331564945,"OPERATE_INCOME_QOQ":0,"NET_PROFIT_RATIO":-5.8116389721,"ROE_AVG":-5.026384886486,"GROSS_PROFIT_QOQ":0,"ROA":-2.002164822619,"HOLDER_PROFIT_QOQ":0,"ROE_YEARLY":-10.052769772972,"ROIC_YEARLY":-4.497117066853,"TOTAL_ASSETS":1238986812.32,"TOTAL_LIABILITIES":745462074.88,"TAX_EBT":-0.013174796614,"OCF_SALES":16.863418349965,"TOTAL_PARENT_EQUITY":494569394.68,"DEBT_ASSET_RATIO":60.1670709863,"OPERATE_PROFIT":-21010606.26,"PRETAX_PROFIT":-25292534.66,"NETCASH_OPERATE":73400083.54,"NETCASH_INVEST":-33912206.48,"NETCASH_FINANCE":-59521303.94,"END_CASH":121730059.44,"DIVI_RATIO":-0.426220677898,"DIVIDEND_RATE":14.40329218107,"CURRENT_RATIO":0.679684355518,"COMMON_ACS":10000000000,"CURRENTDEBT_DEBT":49.976308825633,"ISSUED_COMMON_SHARES":1411226450,"HK_COMMON_SHARES":1411226450,"PER_SHARES":2000,"TOTAL_MARKET_CAP":342928027.35,"HKSK_MARKET_CAP":342928027.35,"PE_TTM":8.84678758997,"PB_TTM":0.715206707565,"REPORT_DATE_SQ":"2020-06-30 00:00:00","REPORT_TYPE_SQ":"2020年中报","OPERATE_INCOME_SQ":381139527.68,"DPS_HKD":0.035,"OPERATE_INCOME_QOQ_SQ":0,"NET_PROFIT_RATIO_SQ":-17.7104467151,"HOLDER_PROFIT_SQ":-68228214.4,"HOLDER_PROFIT_QOQ_SQ":0,"ROE_AVG_SQ":-11.547811240246,"PE_TTM_SQ":4.333060181914,"PB_TTM_SQ":0.537311844731,"ROA_SQ":-4.844691585729,"START_DATE":"2021-04-01 00:00:00","FISCAL_YEAR":"3-31","CURRENCY":"HKD","IS_CNY_CODE":0,"DPS_HKD_LY":null,"ORG_TYPE":"一般企业","PREMIUM_INCOME":null,"PREMIUM_INCOME_YOY":null,"NET_INTEREST_INCOME":null,"NET_INTEREST_INCOME_YOY":null,"FEE_COMMISSION_INCOME":null,"FEE_COMMISSION_INCOME_YOY":null,"ACCOUNTS_RECE_TDAYS":106.282750203417,"INVENTORY_TDAYS":8.90209073929,"CURRENT_ASSETS_TDAYS":1.709856564552,"TOTAL_ASSETS_TDAYS":0.343796203993,"PREMIUM_EXPENSE":null,"LOAN_DEPOSIT":null,"LOAN_EQUITY":null,"LOAN_ASSETS":null,"DEPOSIT_EQUITY":null,"DEPOSIT_ASSETS":null,"EQUITY_MULTIPLIER":2.510485733188,"EQUITY_RATIO":1.507295200429},{"SECUCODE":"01314.HK","SECURITY_CODE":"01314","SECURITY_NAME_ABBR":"翠华控股","ORG_CODE":"10324628","STD_REPORT_DATE":"2020-12-31 00:00:00","REPORT_DATE":"2021-03-31 00:00:00","DATE_TYPE_CODE":"001","REPORT_TYPE":"2020年年报","PER_NETCASH_OPERATE":0.103143925016,"PER_OI":0.572774793698,"BPS":0.369551502199,"BASIC_EPS":-0.0760662,"DILUTED_EPS":-0.0760662,"OPERATE_INCOME":808314938.76,"OPERATE_INCOME_YOY":-30.7711517873,"GROSS_PROFIT":567132683.6,"GROSS_PROFIT_YOY":-36.605341012182,"HOLDER_PROFIT":-104898670.52,"HOLDER_PROFIT_YOY":60.8953051303,"GROSS_PROFIT_RATIO":70.16234098927,"EPS_TTM":-0.225396352712,"OPERATE_INCOME_QOQ":0,"NET_PROFIT_RATIO":-13.1844806782,"ROE_AVG":-18.825545856496,"GROSS_PROFIT_QOQ":0,"ROA":-7.781563974357,"HOLDER_PROFIT_QOQ":0,"ROE_YEARLY":-18.825545856496,"ROIC_YEARLY":-8.915370994911,"TOTAL_ASSETS":1311920512.84,"TOTAL_LIABILITIES":790775763.4,"TAX_EBT":-7.061650407125,"OCF_SALES":18.007762588589,"TOTAL_PARENT_EQUITY":521520854.54,"DEBT_ASSET_RATIO":60.2761947588,"OPERATE_PROFIT":-78998974.6,"PRETAX_PROFIT":-99542764.86,"NETCASH_OPERATE":145559435.14,"NETCASH_INVEST":-48329927.94,"NETCASH_FINANCE":-167250134.66,"END_CASH":141312405.64,"DIVI_RATIO":-0.14055972787,"DIVIDEND_RATE":14.40329218107,"CURRENT_RATIO":0.709870566241,"COMMON_ACS":10000000000,"CURRENTDEBT_DEBT":46.250227119695,"ISSUED_COMMON_SHARES":1411226450,"HK_COMMON_SHARES":1411226450,"PER_SHARES":2000,"TOTAL_MARKET_CAP":342928027.35,"HKSK_MARKET_CAP":342928027.35,"PE_TTM":8.84678758997,"PB_TTM":0.715206707565,"REPORT_DATE_SQ":"2019-12-31 00:00:00","REPORT_TYPE_SQ":"2019年年报","OPERATE_INCOME_SQ":1262257362.3,"DPS_HKD":0.035,"OPERATE_INCOME_QOQ_SQ":0,"NET_PROFIT_RATIO_SQ":-23.1436018933,"HOLDER_PROFIT_SQ":-289998329.3,"HOLDER_PROFIT_QOQ_SQ":0,"ROE_AVG_SQ":-35.12710220692,"PE_TTM_SQ":4.333060181914,"PB_TTM_SQ":0.537311844731,"ROA_SQ":-20.666340013446,"START_DATE":"2020-04-01 00:00:00","FISCAL_YEAR":"3-31","CURRENCY":"HKD","IS_CNY_CODE":0,"DPS_HKD_LY":null,"ORG_TYPE":"一般企业","PREMIUM_INCOME":null,"PREMIUM_INCOME_YOY":null,"NET_INTEREST_INCOME":null,"NET_INTEREST_INCOME_YOY":null,"FEE_COMMISSION_INCOME":null,"FEE_COMMISSION_INCOME_YOY":null,"ACCOUNTS_RECE_TDAYS":235.736258318955,"INVENTORY_TDAYS":15.744110344828,"CURRENT_ASSETS_TDAYS":2.893160680226,"TOTAL_ASSETS_TDAYS":0.599621937648,"PREMIUM_EXPENSE":null,"LOAN_DEPOSIT":null,"LOAN_EQUITY":null,"LOAN_ASSETS":null,"DEPOSIT_EQUITY":null,"DEPOSIT_ASSETS":null,"EQUITY_MULTIPLIER":2.517382194198,"EQUITY_RATIO":1.516287903956},{"SECUCODE":"01314.HK","SECURITY_CODE":"01314","SECURITY_NAME_ABBR":"翠华控股","ORG_CODE":"10324628","STD_REPORT_DATE":"2020-06-30 00:00:00","REPORT_DATE":"2020-09-30 00:00:00","DATE_TYPE_CODE":"002","REPORT_TYPE":"2020年中报","PER_NETCASH_OPERATE":0.036752123857,"PER_OI":0.270076802826,"BPS":0.400522434086,"BASIC_EPS":-0.049471936,"DILUTED_EPS":-0.049471936,"OPERATE_INCOME":381139527.68,"OPERATE_INCOME_YOY":-48.2512560056,"GROSS_PROFIT":261320783.36,"GROSS_PROFIT_YOY":-51.441715478633,"HOLDER_PROFIT":-68228214.4,"HOLDER_PROFIT_YOY":-74.4753044807,"GROSS_PROFIT_RATIO":68.563023350179,"EPS_TTM":-0.205493830774,"OPERATE_INCOME_QOQ":0,"NET_PROFIT_RATIO":-17.7104467151,"ROE_AVG":-11.547811240246,"GROSS_PROFIT_QOQ":0,"ROA":-4.844691585729,"HOLDER_PROFIT_QOQ":0,"ROE_YEARLY":-23.095622480493,"ROIC_YEARLY":-11.224021096447,"TOTAL_ASSETS":1377527165.44,"TOTAL_LIABILITIES":810223776,"TAX_EBT":-4.888172806467,"OCF_SALES":13.60802685455,"TOTAL_PARENT_EQUITY":565227852.8,"DEBT_ASSET_RATIO":58.817263015,"OPERATE_PROFIT":-48130130.56,"PRETAX_PROFIT":-64355695.36,"NETCASH_OPERATE":62865386.24,"NETCASH_INVEST":-10883825.92,"NETCASH_FINANCE":-93953621.12,"END_CASH":173084993.28,"DIVI_RATIO":-0.154173241506,"DIVIDEND_RATE":14.40329218107,"CURRENT_RATIO":0.849521532273,"COMMON_ACS":10000000000,"CURRENTDEBT_DEBT":44.268532075267,"ISSUED_COMMON_SHARES":1411226450,"HK_COMMON_SHARES":1411226450,"PER_SHARES":2000,"TOTAL_MARKET_CAP":342928027.35,"HKSK_MARKET_CAP":342928027.35,"PE_TTM":8.84678758997,"PB_TTM":0.715206707565,"REPORT_DATE_SQ":"2019-06-30 00:00:00","REPORT_TYPE_SQ":"2019年中报","OPERATE_INCOME_SQ":756040427.73,"DPS_HKD":0.035,"OPERATE_INCOME_QOQ_SQ":0,"NET_PROFIT_RATIO_SQ":-5.4169008069,"HOLDER_PROFIT_SQ":-40141249.02,"HOLDER_PROFIT_QOQ_SQ":0,"ROE_AVG_SQ":-4.31732357371,"PE_TTM_SQ":4.333060181914,"PB_TTM_SQ":0.537311844731,"ROA_SQ":-2.542000384425,"START_DATE":"2020-04-01 00:00:00","FISCAL_YEAR":"3-31","CURRENCY":"HKD","IS_CNY_CODE":0,"DPS_HKD_LY":null,"ORG_TYPE":"一般企业","PREMIUM_INCOME":null,"PREMIUM_INCOME_YOY":null,"NET_INTEREST_INCOME":null,"NET_INTEREST_INCOME_YOY":null,"FEE_COMMISSION_INCOME":null,"FEE_COMMISSION_INCOME_YOY":null,"ACCOUNTS_RECE_TDAYS":143.552540129075,"INVENTORY_TDAYS":7.588824577026,"CURRENT_ASSETS_TDAYS":1.238019939889,"TOTAL_ASSETS_TDAYS":0.270636345825,"PREMIUM_EXPENSE":null,"LOAN_DEPOSIT":null,"LOAN_EQUITY":null,"LOAN_ASSETS":null,"DEPOSIT_EQUITY":null,"DEPOSIT_ASSETS":null,"EQUITY_MULTIPLIER":2.428201895285,"EQUITY_RATIO":1.433446303091}],"count":31},"success":true,"message":"ok","code":0}