{"version":"41f56a784acf6b970a5eaf1c24b5f828","result":{"pages":4,"data":[{"SECUCODE":"01319.HK","SECURITY_CODE":"01319","SECURITY_NAME_ABBR":"霭华押业信贷","ORG_CODE":"10328489","STD_REPORT_DATE":"2024-06-30 00:00:00","REPORT_DATE":"2024-08-31 00:00:00","DATE_TYPE_CODE":"002","REPORT_TYPE":"2024年中报","PER_NETCASH_OPERATE":0.04677642504,"PER_OI":0.043076872926,"BPS":0.519354921407,"BASIC_EPS":0.01459552,"DILUTED_EPS":null,"OPERATE_INCOME":83019317.76,"OPERATE_INCOME_YOY":-1.0513726556,"GROSS_PROFIT":null,"GROSS_PROFIT_YOY":null,"HOLDER_PROFIT":27854637.7,"HOLDER_PROFIT_YOY":-38.4970190139,"GROSS_PROFIT_RATIO":null,"EPS_TTM":0.040707640052,"OPERATE_INCOME_QOQ":0,"NET_PROFIT_RATIO":33.551995429,"ROE_AVG":2.807493391564,"GROSS_PROFIT_QOQ":null,"ROA":2.575124307622,"HOLDER_PROFIT_QOQ":0,"ROE_YEARLY":5.614986783128,"ROIC_YEARLY":6.067479472456,"TOTAL_ASSETS":1079001182.6,"TOTAL_LIABILITIES":79602141.64,"TAX_EBT":15.090929314276,"OCF_SALES":108.588255977496,"TOTAL_PARENT_EQUITY":999399040.96,"DEBT_ASSET_RATIO":7.3773915102,"OPERATE_PROFIT":34739162.04,"PRETAX_PROFIT":32805255.64,"NETCASH_OPERATE":90149229.28,"NETCASH_INVEST":-32699438.12,"NETCASH_FINANCE":-41660175.18,"END_CASH":171414347.98,"DIVI_RATIO":0.312851248164,"DIVIDEND_RATE":6.511627906977,"CURRENT_RATIO":13.206330654979,"COMMON_ACS":100000000000,"CURRENTDEBT_DEBT":94.130320185189,"ISSUED_COMMON_SHARES":1924308406,"HK_COMMON_SHARES":1924308406,"PER_SHARES":8000,"TOTAL_MARKET_CAP":413726307.29,"HKSK_MARKET_CAP":413726307.29,"PE_TTM":6.14438927273,"PB_TTM":0.377636356018,"REPORT_DATE_SQ":"2023-06-30 00:00:00","REPORT_TYPE_SQ":"2023年中报","OPERATE_INCOME_SQ":84192075.5,"DPS_HKD":0.014,"OPERATE_INCOME_QOQ_SQ":0,"NET_PROFIT_RATIO_SQ":53.9798858385,"HOLDER_PROFIT_SQ":45446786.24,"HOLDER_PROFIT_QOQ_SQ":0,"ROE_AVG_SQ":4.744260670597,"PE_TTM_SQ":5.110694021477,"PB_TTM_SQ":0.4405936506,"ROA_SQ":4.239521704621,"START_DATE":"2024-03-01 00:00:00","FISCAL_YEAR":"2-28","CURRENCY":"HKD","IS_CNY_CODE":0,"DPS_HKD_LY":0.014,"ORG_TYPE":"证券","PREMIUM_INCOME":null,"PREMIUM_INCOME_YOY":null,"NET_INTEREST_INCOME":null,"NET_INTEREST_INCOME_YOY":null,"FEE_COMMISSION_INCOME":null,"FEE_COMMISSION_INCOME_YOY":null,"ACCOUNTS_RECE_TDAYS":null,"INVENTORY_TDAYS":null,"CURRENT_ASSETS_TDAYS":0.082122434689,"TOTAL_ASSETS_TDAYS":0.076750258061,"PREMIUM_EXPENSE":null,"LOAN_DEPOSIT":null,"LOAN_EQUITY":null,"LOAN_ASSETS":null,"DEPOSIT_EQUITY":null,"DEPOSIT_ASSETS":null,"EQUITY_MULTIPLIER":1.079650008032,"EQUITY_RATIO":0.079650008032},{"SECUCODE":"01319.HK","SECURITY_CODE":"01319","SECURITY_NAME_ABBR":"霭华押业信贷","ORG_CODE":"10328489","STD_REPORT_DATE":"2023-12-31 00:00:00","REPORT_DATE":"2024-02-29 00:00:00","DATE_TYPE_CODE":"001","REPORT_TYPE":"2023年年报","PER_NETCASH_OPERATE":0.033941790777,"PER_OI":0.086662486289,"BPS":0.509192706535,"BASIC_EPS":0.04083885,"DILUTED_EPS":0.04083885,"OPERATE_INCOME":167019098.61,"OPERATE_INCOME_YOY":8.528379773,"GROSS_PROFIT":null,"GROSS_PROFIT_YOY":null,"HOLDER_PROFIT":78453245.91,"HOLDER_PROFIT_YOY":0.3948575609,"GROSS_PROFIT_RATIO":null,"EPS_TTM":0.043071502106,"OPERATE_INCOME_QOQ":0,"NET_PROFIT_RATIO":46.9726196363,"ROE_AVG":8.195088748449,"GROSS_PROFIT_QOQ":null,"ROA":7.381452911612,"HOLDER_PROFIT_QOQ":0,"ROE_YEARLY":8.195088748449,"ROIC_YEARLY":8.604992263201,"TOTAL_ASSETS":1078786356.18,"TOTAL_LIABILITIES":98942550.72,"TAX_EBT":16.300032919579,"OCF_SALES":39.165493895249,"TOTAL_PARENT_EQUITY":979843805.46,"DEBT_ASSET_RATIO":9.1716538825,"OPERATE_PROFIT":99294672.36,"PRETAX_PROFIT":93731513.46,"NETCASH_OPERATE":65413854.87,"NETCASH_INVEST":40838.85,"NETCASH_FINANCE":-58001149.83,"END_CASH":154824618,"DIVI_RATIO":0.295681259702,"DIVIDEND_RATE":6.167400881057,"CURRENT_RATIO":11.115007219259,"COMMON_ACS":100000000000,"CURRENTDEBT_DEBT":93.384025535662,"ISSUED_COMMON_SHARES":1924308406,"HK_COMMON_SHARES":1924308406,"PER_SHARES":8000,"TOTAL_MARKET_CAP":436818008.162,"HKSK_MARKET_CAP":436818008.162,"PE_TTM":6.487331929813,"PB_TTM":0.398713734028,"REPORT_DATE_SQ":"2022-12-31 00:00:00","REPORT_TYPE_SQ":"2022年年报","OPERATE_INCOME_SQ":150250233,"DPS_HKD":0.014,"OPERATE_INCOME_QOQ_SQ":0,"NET_PROFIT_RATIO_SQ":50.778121775,"HOLDER_PROFIT_SQ":76294246.28,"HOLDER_PROFIT_QOQ_SQ":0,"ROE_AVG_SQ":8.555278903265,"PE_TTM_SQ":4.900377395078,"PB_TTM_SQ":0.42246222465,"ROA_SQ":7.457140085841,"START_DATE":"2023-03-01 00:00:00","FISCAL_YEAR":"2-29","CURRENCY":"HKD","IS_CNY_CODE":0,"DPS_HKD_LY":0.0191,"ORG_TYPE":"证券","PREMIUM_INCOME":null,"PREMIUM_INCOME_YOY":null,"NET_INTEREST_INCOME":null,"NET_INTEREST_INCOME_YOY":null,"FEE_COMMISSION_INCOME":null,"FEE_COMMISSION_INCOME_YOY":null,"ACCOUNTS_RECE_TDAYS":null,"INVENTORY_TDAYS":null,"CURRENT_ASSETS_TDAYS":0.167538861884,"TOTAL_ASSETS_TDAYS":0.157143735409,"PREMIUM_EXPENSE":null,"LOAN_DEPOSIT":null,"LOAN_EQUITY":null,"LOAN_ASSETS":null,"DEPOSIT_EQUITY":null,"DEPOSIT_ASSETS":null,"EQUITY_MULTIPLIER":1.100977880525,"EQUITY_RATIO":0.100977880524},{"SECUCODE":"01319.HK","SECURITY_CODE":"01319","SECURITY_NAME_ABBR":"霭华押业信贷","ORG_CODE":"10328489","STD_REPORT_DATE":"2023-06-30 00:00:00","REPORT_DATE":"2023-08-31 00:00:00","DATE_TYPE_CODE":"002","REPORT_TYPE":"2023年中报","PER_NETCASH_OPERATE":-0.019904579189,"PER_OI":0.043685390769,"BPS":0.50562643641,"BASIC_EPS":0.02379988,"DILUTED_EPS":null,"OPERATE_INCOME":84192075.5,"OPERATE_INCOME_YOY":9.4276094276,"GROSS_PROFIT":null,"GROSS_PROFIT_YOY":null,"HOLDER_PROFIT":45446786.24,"HOLDER_PROFIT_YOY":12.5294650952,"GROSS_PROFIT_RATIO":null,"EPS_TTM":0.039587383282,"OPERATE_INCOME_QOQ":0,"NET_PROFIT_RATIO":53.9798858385,"ROE_AVG":4.744260670597,"GROSS_PROFIT_QOQ":null,"ROA":4.239521704621,"HOLDER_PROFIT_QOQ":0,"ROE_YEARLY":9.488521341194,"ROIC_YEARLY":9.510095425632,"TOTAL_ASSETS":1088003275.78,"TOTAL_LIABILITIES":115022073.9,"TAX_EBT":16.321715094721,"OCF_SALES":-45.563468333786,"TOTAL_PARENT_EQUITY":972981201.88,"DEBT_ASSET_RATIO":10.5718499623,"OPERATE_PROFIT":57089504.46,"PRETAX_PROFIT":54311326.16,"NETCASH_OPERATE":-38360829.66,"NETCASH_INVEST":170260.68,"NETCASH_FINANCE":-26894779.78,"END_CASH":83560463.3,"DIVI_RATIO":0.3217044155,"DIVIDEND_RATE":6.167400881057,"CURRENT_RATIO":10.448441490195,"COMMON_ACS":100000000000,"CURRENTDEBT_DEBT":86.322868170785,"ISSUED_COMMON_SHARES":1924308406,"HK_COMMON_SHARES":1924308406,"PER_SHARES":8000,"TOTAL_MARKET_CAP":436818008.162,"HKSK_MARKET_CAP":436818008.162,"PE_TTM":6.487331929813,"PB_TTM":0.398713734028,"REPORT_DATE_SQ":"2022-06-30 00:00:00","REPORT_TYPE_SQ":"2022年中报","OPERATE_INCOME_SQ":73786691.88,"DPS_HKD":0.014,"OPERATE_INCOME_QOQ_SQ":0,"NET_PROFIT_RATIO_SQ":52.4919394177,"HOLDER_PROFIT_SQ":38732065.6,"HOLDER_PROFIT_QOQ_SQ":0,"ROE_AVG_SQ":4.436817337779,"PE_TTM_SQ":4.900377395078,"PB_TTM_SQ":0.42246222465,"ROA_SQ":3.765207079989,"START_DATE":"2023-03-01 00:00:00","FISCAL_YEAR":"2-29","CURRENCY":"HKD","IS_CNY_CODE":0,"DPS_HKD_LY":0.0191,"ORG_TYPE":"证券","PREMIUM_INCOME":null,"PREMIUM_INCOME_YOY":null,"NET_INTEREST_INCOME":null,"NET_INTEREST_INCOME_YOY":null,"FEE_COMMISSION_INCOME":null,"FEE_COMMISSION_INCOME_YOY":null,"ACCOUNTS_RECE_TDAYS":null,"INVENTORY_TDAYS":null,"CURRENT_ASSETS_TDAYS":0.083665014288,"TOTAL_ASSETS_TDAYS":0.078538915723,"PREMIUM_EXPENSE":null,"LOAN_DEPOSIT":null,"LOAN_EQUITY":null,"LOAN_ASSETS":null,"DEPOSIT_EQUITY":null,"DEPOSIT_ASSETS":null,"EQUITY_MULTIPLIER":1.118216131697,"EQUITY_RATIO":0.118216131697},{"SECUCODE":"01319.HK","SECURITY_CODE":"01319","SECURITY_NAME_ABBR":"霭华押业信贷","ORG_CODE":"10328489","STD_REPORT_DATE":"2022-12-31 00:00:00","REPORT_DATE":"2023-02-28 00:00:00","DATE_TYPE_CODE":"001","REPORT_TYPE":"2022年年报","PER_NETCASH_OPERATE":0.033605622869,"PER_OI":0.077961495815,"BPS":0.474280042094,"BASIC_EPS":0.0398718,"DILUTED_EPS":0.0398718,"OPERATE_INCOME":150250233,"OPERATE_INCOME_YOY":9.4349972573,"GROSS_PROFIT":null,"GROSS_PROFIT_YOY":null,"HOLDER_PROFIT":76294246.28,"HOLDER_PROFIT_YOY":20.1420379233,"GROSS_PROFIT_RATIO":null,"EPS_TTM":0.064080439201,"OPERATE_INCOME_QOQ":0,"NET_PROFIT_RATIO":50.778121775,"ROE_AVG":8.555278903265,"GROSS_PROFIT_QOQ":null,"ROA":7.457140085841,"HOLDER_PROFIT_QOQ":0,"ROE_YEARLY":8.555278903265,"ROIC_YEARLY":8.876255370033,"TOTAL_ASSETS":1022109162.8,"TOTAL_LIABILITIES":109448091,"TAX_EBT":16.178804014524,"OCF_SALES":43.105410585287,"TOTAL_PARENT_EQUITY":912661071.8,"DEBT_ASSET_RATIO":10.7080627964,"OPERATE_PROFIT":99679500,"PRETAX_PROFIT":91020231.08,"NETCASH_OPERATE":64765979.84,"NETCASH_INVEST":-8236627.84,"NETCASH_FINANCE":-95730419.72,"END_CASH":143881377.48,"DIVI_RATIO":0.198741396889,"DIVIDEND_RATE":6.167400881057,"CURRENT_RATIO":11.86123698714,"COMMON_ACS":100000000000,"CURRENTDEBT_DEBT":72.7099777373,"ISSUED_COMMON_SHARES":1924308406,"HK_COMMON_SHARES":1924308406,"PER_SHARES":8000,"TOTAL_MARKET_CAP":436818008.162,"HKSK_MARKET_CAP":436818008.162,"PE_TTM":6.487331929813,"PB_TTM":0.398713734028,"REPORT_DATE_SQ":"2021-12-31 00:00:00","REPORT_TYPE_SQ":"2021年年报","OPERATE_INCOME_SQ":125408180.6,"DPS_HKD":0.014,"OPERATE_INCOME_QOQ_SQ":0,"NET_PROFIT_RATIO_SQ":46.2527830661,"HOLDER_PROFIT_SQ":58004773.72,"HOLDER_PROFIT_QOQ_SQ":0,"ROE_AVG_SQ":14.840529174371,"PE_TTM_SQ":4.900377395078,"PB_TTM_SQ":0.42246222465,"ROA_SQ":12.069350222666,"START_DATE":"2022-03-01 00:00:00","FISCAL_YEAR":"2-28","CURRENCY":"HKD","IS_CNY_CODE":0,"DPS_HKD_LY":0.0129,"ORG_TYPE":"证券","PREMIUM_INCOME":null,"PREMIUM_INCOME_YOY":null,"NET_INTEREST_INCOME":null,"NET_INTEREST_INCOME_YOY":null,"FEE_COMMISSION_INCOME":null,"FEE_COMMISSION_INCOME_YOY":null,"ACCOUNTS_RECE_TDAYS":26.97232384285,"INVENTORY_TDAYS":null,"CURRENT_ASSETS_TDAYS":0.157106698216,"TOTAL_ASSETS_TDAYS":0.146857343777,"PREMIUM_EXPENSE":null,"LOAN_DEPOSIT":null,"LOAN_EQUITY":null,"LOAN_ASSETS":null,"DEPOSIT_EQUITY":null,"DEPOSIT_ASSETS":null,"EQUITY_MULTIPLIER":1.119921945158,"EQUITY_RATIO":0.119921945158},{"SECUCODE":"01319.HK","SECURITY_CODE":"01319","SECURITY_NAME_ABBR":"霭华押业信贷","ORG_CODE":"10328489","STD_REPORT_DATE":"2022-06-30 00:00:00","REPORT_DATE":"2022-08-31 00:00:00","DATE_TYPE_CODE":"002","REPORT_TYPE":"2022年中报","PER_NETCASH_OPERATE":-0.031569034023,"PER_OI":0.038276577114,"BPS":0.458897983819,"BASIC_EPS":0.02019124,"DILUTED_EPS":null,"OPERATE_INCOME":73786691.88,"OPERATE_INCOME_YOY":7.786711807,"GROSS_PROFIT":null,"GROSS_PROFIT_YOY":null,"HOLDER_PROFIT":38732065.6,"HOLDER_PROFIT_YOY":17.3061072559,"GROSS_PROFIT_RATIO":null,"EPS_TTM":0.060145333946,"OPERATE_INCOME_QOQ":0,"NET_PROFIT_RATIO":52.4919394177,"ROE_AVG":4.436817337779,"GROSS_PROFIT_QOQ":null,"ROA":3.765207079989,"HOLDER_PROFIT_QOQ":0,"ROE_YEARLY":8.873634675558,"ROIC_YEARLY":8.718717131281,"TOTAL_ASSETS":1042701092.12,"TOTAL_LIABILITIES":159639844.36,"TAX_EBT":16.255409612026,"OCF_SALES":-82.476115691663,"TOTAL_PARENT_EQUITY":883061247.76,"DEBT_ASSET_RATIO":15.3102212673,"OPERATE_PROFIT":50316570.08,"PRETAX_PROFIT":46250229.92,"NETCASH_OPERATE":-60856397.36,"NETCASH_INVEST":30725.8,"NETCASH_FINANCE":-34076667.96,"END_CASH":86494004.88,"DIVI_RATIO":0.211744372581,"DIVIDEND_RATE":6.167400881057,"CURRENT_RATIO":7.613914545046,"COMMON_ACS":100000000000,"CURRENTDEBT_DEBT":75.792836835362,"ISSUED_COMMON_SHARES":1924308406,"HK_COMMON_SHARES":1924308406,"PER_SHARES":8000,"TOTAL_MARKET_CAP":436818008.162,"HKSK_MARKET_CAP":436818008.162,"PE_TTM":6.487331929813,"PB_TTM":0.398713734028,"REPORT_DATE_SQ":"2021-06-30 00:00:00","REPORT_TYPE_SQ":"2021年中报","OPERATE_INCOME_SQ":64777155.3,"DPS_HKD":0.014,"OPERATE_INCOME_QOQ_SQ":0,"NET_PROFIT_RATIO_SQ":48.2322163659,"HOLDER_PROFIT_SQ":31243457.7,"HOLDER_PROFIT_QOQ_SQ":0,"ROE_AVG_SQ":3.932062129321,"PE_TTM_SQ":4.900377395078,"PB_TTM_SQ":0.42246222465,"ROA_SQ":3.149095360378,"START_DATE":"2022-03-01 00:00:00","FISCAL_YEAR":"2-28","CURRENCY":"HKD","IS_CNY_CODE":0,"DPS_HKD_LY":0.0129,"ORG_TYPE":"证券","PREMIUM_INCOME":null,"PREMIUM_INCOME_YOY":null,"NET_INTEREST_INCOME":null,"NET_INTEREST_INCOME_YOY":null,"FEE_COMMISSION_INCOME":null,"FEE_COMMISSION_INCOME_YOY":null,"ACCOUNTS_RECE_TDAYS":14.643031358885,"INVENTORY_TDAYS":null,"CURRENT_ASSETS_TDAYS":0.078449325885,"TOTAL_ASSETS_TDAYS":0.071729243037,"PREMIUM_EXPENSE":null,"LOAN_DEPOSIT":null,"LOAN_EQUITY":null,"LOAN_ASSETS":null,"DEPOSIT_EQUITY":null,"DEPOSIT_ASSETS":null,"EQUITY_MULTIPLIER":1.180780036226,"EQUITY_RATIO":0.180780036226},{"SECUCODE":"01319.HK","SECURITY_CODE":"01319","SECURITY_NAME_ABBR":"霭华押业信贷","ORG_CODE":"10328489","STD_REPORT_DATE":"2021-12-31 00:00:00","REPORT_DATE":"2022-02-28 00:00:00","DATE_TYPE_CODE":"001","REPORT_TYPE":"2021年年报","PER_NETCASH_OPERATE":0.051798472562,"PER_OI":0.065001354993,"BPS":0.41338983296,"BASIC_EPS":0.02994484,"DILUTED_EPS":0.02994484,"OPERATE_INCOME":125408180.6,"OPERATE_INCOME_YOY":-18.7198061298,"GROSS_PROFIT":null,"GROSS_PROFIT_YOY":null,"HOLDER_PROFIT":58004773.72,"HOLDER_PROFIT_YOY":-23.0535514902,"GROSS_PROFIT_RATIO":null,"EPS_TTM":0.032599048277,"OPERATE_INCOME_QOQ":0,"NET_PROFIT_RATIO":46.2527830661,"ROE_AVG":14.840529174371,"GROSS_PROFIT_QOQ":null,"ROA":12.069350222666,"HOLDER_PROFIT_QOQ":0,"ROE_YEARLY":14.840529174371,"ROIC_YEARLY":14.906381452036,"TOTAL_ASSETS":935423386.48,"TOTAL_LIABILITIES":139933855.96,"TAX_EBT":16.314234671835,"OCF_SALES":79.688296602239,"TOTAL_PARENT_EQUITY":795489530.52,"DEBT_ASSET_RATIO":14.9594138849,"OPERATE_PROFIT":79379724.24,"PRETAX_PROFIT":69312592.76,"NETCASH_OPERATE":99935642.92,"NETCASH_INVEST":-606990,"NETCASH_FINANCE":-130628294.6,"END_CASH":167229791.6,"DIVI_RATIO":0.39066895119,"DIVIDEND_RATE":6.167400881057,"CURRENT_RATIO":8.924678610782,"COMMON_ACS":100000000000,"CURRENTDEBT_DEBT":70.857648508123,"ISSUED_COMMON_SHARES":1924308406,"HK_COMMON_SHARES":1924308406,"PER_SHARES":8000,"TOTAL_MARKET_CAP":436818008.162,"HKSK_MARKET_CAP":436818008.162,"PE_TTM":6.487331929813,"PB_TTM":0.398713734028,"REPORT_DATE_SQ":"2020-12-31 00:00:00","REPORT_TYPE_SQ":"2020年年报","OPERATE_INCOME_SQ":159089677.07,"DPS_HKD":0.014,"OPERATE_INCOME_QOQ_SQ":0,"NET_PROFIT_RATIO_SQ":48.8578127705,"HOLDER_PROFIT_SQ":155455473.12,"HOLDER_PROFIT_QOQ_SQ":0,"ROE_AVG_SQ":10.101443900027,"PE_TTM_SQ":4.900377395078,"PB_TTM_SQ":0.42246222465,"ROA_SQ":7.035473078235,"START_DATE":"2021-03-01 00:00:00","FISCAL_YEAR":"2-28","CURRENCY":"HKD","IS_CNY_CODE":0,"DPS_HKD_LY":0.0126,"ORG_TYPE":"证券","PREMIUM_INCOME":null,"PREMIUM_INCOME_YOY":null,"NET_INTEREST_INCOME":null,"NET_INTEREST_INCOME_YOY":null,"FEE_COMMISSION_INCOME":null,"FEE_COMMISSION_INCOME_YOY":null,"ACCOUNTS_RECE_TDAYS":37.89094021274,"INVENTORY_TDAYS":null,"CURRENT_ASSETS_TDAYS":0.137804781525,"TOTAL_ASSETS_TDAYS":0.130471610816,"PREMIUM_EXPENSE":null,"LOAN_DEPOSIT":null,"LOAN_EQUITY":null,"LOAN_ASSETS":null,"DEPOSIT_EQUITY":null,"DEPOSIT_ASSETS":null,"EQUITY_MULTIPLIER":1.175909110794,"EQUITY_RATIO":0.175909110794},{"SECUCODE":"01319.HK","SECURITY_CODE":"01319","SECURITY_NAME_ABBR":"霭华押业信贷","ORG_CODE":"10328489","STD_REPORT_DATE":"2021-06-30 00:00:00","REPORT_DATE":"2021-08-31 00:00:00","DATE_TYPE_CODE":"002","REPORT_TYPE":"2021年中报","PER_NETCASH_OPERATE":0.031835140513,"PER_OI":0.03356279892,"BPS":0.416228396552,"BASIC_EPS":0.0157833,"DILUTED_EPS":null,"OPERATE_INCOME":64777155.3,"OPERATE_INCOME_YOY":-24.0385364713,"GROSS_PROFIT":null,"GROSS_PROFIT_YOY":null,"HOLDER_PROFIT":31243457.7,"HOLDER_PROFIT_YOY":-27.7447985707,"GROSS_PROFIT_RATIO":null,"EPS_TTM":0.040223994256,"OPERATE_INCOME_QOQ":0,"NET_PROFIT_RATIO":48.2322163659,"ROE_AVG":3.932062129321,"GROSS_PROFIT_QOQ":null,"ROA":3.149095360378,"HOLDER_PROFIT_QOQ":0,"ROE_YEARLY":7.864124258641,"ROIC_YEARLY":7.825517040489,"TOTAL_ASSETS":971249455.8,"TOTAL_LIABILITIES":170297653.5,"TAX_EBT":16.059990626465,"OCF_SALES":94.852460277767,"TOTAL_PARENT_EQUITY":800951802.3,"DEBT_ASSET_RATIO":17.5338737626,"OPERATE_PROFIT":43330142.7,"PRETAX_PROFIT":37221174.9,"NETCASH_OPERATE":61442725.5,"NETCASH_INVEST":-29905.2,"NETCASH_FINANCE":-82031625,"END_CASH":183155228.1,"DIVI_RATIO":0.31661291315,"DIVIDEND_RATE":6.167400881057,"CURRENT_RATIO":8.726535294692,"COMMON_ACS":100000000000,"CURRENTDEBT_DEBT":59.953659666837,"ISSUED_COMMON_SHARES":1924308406,"HK_COMMON_SHARES":1924308406,"PER_SHARES":8000,"TOTAL_MARKET_CAP":436818008.162,"HKSK_MARKET_CAP":436818008.162,"PE_TTM":6.487331929813,"PB_TTM":0.398713734028,"REPORT_DATE_SQ":"2020-06-30 00:00:00","REPORT_TYPE_SQ":"2020年中报","OPERATE_INCOME_SQ":90871091.2,"DPS_HKD":0.014,"OPERATE_INCOME_QOQ_SQ":0,"NET_PROFIT_RATIO_SQ":50.706242207,"HOLDER_PROFIT_SQ":46077315.6,"HOLDER_PROFIT_QOQ_SQ":0,"ROE_AVG_SQ":5.724094740679,"PE_TTM_SQ":4.900377395078,"PB_TTM_SQ":0.42246222465,"ROA_SQ":3.859959400462,"START_DATE":"2021-03-01 00:00:00","FISCAL_YEAR":"2-28","CURRENCY":"HKD","IS_CNY_CODE":0,"DPS_HKD_LY":0.0126,"ORG_TYPE":"证券","PREMIUM_INCOME":null,"PREMIUM_INCOME_YOY":null,"NET_INTEREST_INCOME":null,"NET_INTEREST_INCOME_YOY":null,"FEE_COMMISSION_INCOME":null,"FEE_COMMISSION_INCOME_YOY":null,"ACCOUNTS_RECE_TDAYS":21.778801843318,"INVENTORY_TDAYS":null,"CURRENT_ASSETS_TDAYS":0.06999721731,"TOTAL_ASSETS_TDAYS":0.065290289306,"PREMIUM_EXPENSE":null,"LOAN_DEPOSIT":null,"LOAN_EQUITY":null,"LOAN_ASSETS":null,"DEPOSIT_EQUITY":null,"DEPOSIT_ASSETS":null,"EQUITY_MULTIPLIER":1.212619102686,"EQUITY_RATIO":0.212619102686},{"SECUCODE":"01319.HK","SECURITY_CODE":"01319","SECURITY_NAME_ABBR":"霭华押业信贷","ORG_CODE":"10328489","STD_REPORT_DATE":"2020-12-31 00:00:00","REPORT_DATE":"2021-02-28 00:00:00","DATE_TYPE_CODE":"001","REPORT_TYPE":"2020年年报","PER_NETCASH_OPERATE":0.203685576687,"PER_OI":0.082328683941,"BPS":0.4114768389,"BASIC_EPS":0.04005552,"DILUTED_EPS":0.04005552,"OPERATE_INCOME":159089677.07,"OPERATE_INCOME_YOY":-16.1367375487,"GROSS_PROFIT":null,"GROSS_PROFIT_YOY":null,"HOLDER_PROFIT":155455473.12,"HOLDER_PROFIT_YOY":-13.2600132237,"GROSS_PROFIT_RATIO":null,"EPS_TTM":0.096015782912,"OPERATE_INCOME_QOQ":0,"NET_PROFIT_RATIO":48.8578127705,"ROE_AVG":10.101443900027,"GROSS_PROFIT_QOQ":null,"ROA":7.035473078235,"HOLDER_PROFIT_QOQ":0,"ROE_YEARLY":10.101443900027,"ROIC_YEARLY":8.052183933583,"TOTAL_ASSETS":1017653879.08,"TOTAL_LIABILITIES":225845539.11,"TAX_EBT":16.89359196274,"OCF_SALES":247.405359756194,"TOTAL_PARENT_EQUITY":791808339.97,"DEBT_ASSET_RATIO":22.1927655122,"OPERATE_PROFIT":110991342.45,"PRETAX_PROFIT":93527970.22,"NETCASH_OPERATE":393596387.89,"NETCASH_INVEST":-37552.05,"NETCASH_FINANCE":-235359559.6,"END_CASH":204703734.96,"DIVI_RATIO":0.13263898511,"DIVIDEND_RATE":6.167400881057,"CURRENT_RATIO":6.460137756756,"COMMON_ACS":100000000000,"CURRENTDEBT_DEBT":66.09025306774,"ISSUED_COMMON_SHARES":1924308406,"HK_COMMON_SHARES":1924308406,"PER_SHARES":8000,"TOTAL_MARKET_CAP":436818008.162,"HKSK_MARKET_CAP":436818008.162,"PE_TTM":6.487331929813,"PB_TTM":0.398713734028,"REPORT_DATE_SQ":"2019-12-31 00:00:00","REPORT_TYPE_SQ":"2019年年报","OPERATE_INCOME_SQ":204288783.16,"DPS_HKD":0.014,"OPERATE_INCOME_QOQ_SQ":0,"NET_PROFIT_RATIO_SQ":47.2374475423,"HOLDER_PROFIT_SQ":96500806.78,"HOLDER_PROFIT_QOQ_SQ":0,"ROE_AVG_SQ":24.999708988981,"PE_TTM_SQ":4.900377395078,"PB_TTM_SQ":0.42246222465,"ROA_SQ":14.968097154705,"START_DATE":"2020-03-01 00:00:00","FISCAL_YEAR":"2-28","CURRENCY":"HKD","IS_CNY_CODE":0,"DPS_HKD_LY":0.0109,"ORG_TYPE":"证券","PREMIUM_INCOME":null,"PREMIUM_INCOME_YOY":null,"NET_INTEREST_INCOME":null,"NET_INTEREST_INCOME_YOY":null,"FEE_COMMISSION_INCOME":null,"FEE_COMMISSION_INCOME_YOY":null,"ACCOUNTS_RECE_TDAYS":66.345223594919,"INVENTORY_TDAYS":null,"CURRENT_ASSETS_TDAYS":0.156215328593,"TOTAL_ASSETS_TDAYS":0.143998936491,"PREMIUM_EXPENSE":null,"LOAN_DEPOSIT":null,"LOAN_EQUITY":null,"LOAN_ASSETS":null,"DEPOSIT_EQUITY":null,"DEPOSIT_ASSETS":null,"EQUITY_MULTIPLIER":1.28522753261,"EQUITY_RATIO":0.28522753261},{"SECUCODE":"01319.HK","SECURITY_CODE":"01319","SECURITY_NAME_ABBR":"霭华押业信贷","ORG_CODE":"10328489","STD_REPORT_DATE":"2020-06-30 00:00:00","REPORT_DATE":"2020-08-31 00:00:00","DATE_TYPE_CODE":"002","REPORT_TYPE":"2020年中报","PER_NETCASH_OPERATE":0.110401004971,"PER_OI":0.047025661781,"BPS":0.424779141561,"BASIC_EPS":0.0239004,"DILUTED_EPS":null,"OPERATE_INCOME":90871091.2,"OPERATE_INCOME_YOY":-13.9895938937,"GROSS_PROFIT":null,"GROSS_PROFIT_YOY":null,"HOLDER_PROFIT":46077315.6,"HOLDER_PROFIT_YOY":-12.1779622412,"GROSS_PROFIT_RATIO":null,"EPS_TTM":0.099878063338,"OPERATE_INCOME_QOQ":0,"NET_PROFIT_RATIO":50.706242207,"ROE_AVG":5.724094740679,"GROSS_PROFIT_QOQ":null,"ROA":3.859959400462,"HOLDER_PROFIT_QOQ":0,"ROE_YEARLY":11.448189481359,"ROIC_YEARLY":8.30204628463,"TOTAL_ASSETS":1123078025.6,"TOTAL_LIABILITIES":305671952.8,"TAX_EBT":18.039678790742,"OCF_SALES":234.767573254364,"TOTAL_PARENT_EQUITY":817406072.8,"DEBT_ASSET_RATIO":27.217338941,"OPERATE_PROFIT":67600953.6,"PRETAX_PROFIT":56219052,"NETCASH_OPERATE":213335855.6,"NETCASH_INVEST":-26556,"NETCASH_FINANCE":-174040942.4,"END_CASH":88598782.8,"DIVI_RATIO":0.127509841244,"DIVIDEND_RATE":6.167400881057,"CURRENT_RATIO":5.059758948007,"COMMON_ACS":100000000000,"CURRENTDEBT_DEBT":64.921781335249,"ISSUED_COMMON_SHARES":1924308406,"HK_COMMON_SHARES":1924308406,"PER_SHARES":8000,"TOTAL_MARKET_CAP":436818008.162,"HKSK_MARKET_CAP":436818008.162,"PE_TTM":6.487331929813,"PB_TTM":0.398713734028,"REPORT_DATE_SQ":"2019-06-30 00:00:00","REPORT_TYPE_SQ":"2019年中报","OPERATE_INCOME_SQ":107813951.96,"DPS_HKD":0.014,"OPERATE_INCOME_QOQ_SQ":0,"NET_PROFIT_RATIO_SQ":49.6602515228,"HOLDER_PROFIT_SQ":53540679.72,"HOLDER_PROFIT_QOQ_SQ":0,"ROE_AVG_SQ":7.011091935192,"PE_TTM_SQ":4.900377395078,"PB_TTM_SQ":0.42246222465,"ROA_SQ":3.875649145567,"START_DATE":"2020-03-01 00:00:00","FISCAL_YEAR":"2-28","CURRENCY":"HKD","IS_CNY_CODE":0,"DPS_HKD_LY":0.0109,"ORG_TYPE":"证券","PREMIUM_INCOME":null,"PREMIUM_INCOME_YOY":null,"NET_INTEREST_INCOME":null,"NET_INTEREST_INCOME_YOY":null,"FEE_COMMISSION_INCOME":null,"FEE_COMMISSION_INCOME_YOY":null,"ACCOUNTS_RECE_TDAYS":41.335212401852,"INVENTORY_TDAYS":null,"CURRENT_ASSETS_TDAYS":0.08485404552,"TOTAL_ASSETS_TDAYS":0.076123949093,"PREMIUM_EXPENSE":null,"LOAN_DEPOSIT":null,"LOAN_EQUITY":null,"LOAN_ASSETS":null,"DEPOSIT_EQUITY":null,"DEPOSIT_ASSETS":null,"EQUITY_MULTIPLIER":1.373953611272,"EQUITY_RATIO":0.373953611273}],"count":30},"success":true,"message":"ok","code":0}