{"version":"bab96ca90a21684e7c4ea576695912a5","result":{"pages":3,"data":[{"SECUCODE":"01317.HK","SECURITY_CODE":"01317","SECURITY_NAME_ABBR":"枫叶教育","ORG_CODE":"10426689","STD_REPORT_DATE":"2024-12-31 00:00:00","REPORT_DATE":"2024-08-31 00:00:00","DATE_TYPE_CODE":"001","REPORT_TYPE":"2024年年报","PER_NETCASH_OPERATE":0.134605276285,"PER_OI":0.41012700569,"BPS":0.522061764814,"BASIC_EPS":0.0052,"DILUTED_EPS":0.0052,"OPERATE_INCOME":1228462000,"OPERATE_INCOME_YOY":6.7149541072,"GROSS_PROFIT":592979000,"GROSS_PROFIT_YOY":17.822413676627,"HOLDER_PROFIT":15513000,"HOLDER_PROFIT_YOY":202.98828125,"GROSS_PROFIT_RATIO":48.270031958661,"EPS_TTM":0.005179077773,"OPERATE_INCOME_QOQ":0,"NET_PROFIT_RATIO":1.2627985237,"ROE_AVG":1.017622922591,"GROSS_PROFIT_QOQ":0,"ROA":0.249875831218,"HOLDER_PROFIT_QOQ":0,"ROE_YEARLY":1.017622922591,"ROIC_YEARLY":0.273990797032,"TOTAL_ASSETS":6201680000,"TOTAL_LIABILITIES":4650326000,"TAX_EBT":80.75596685357,"OCF_SALES":32.820388420643,"TOTAL_PARENT_EQUITY":1551354000,"DEBT_ASSET_RATIO":74.9849395648,"OPERATE_PROFIT":293674000,"PRETAX_PROFIT":80612000,"NETCASH_OPERATE":403186000,"NETCASH_INVEST":-151229000,"NETCASH_FINANCE":-285325000,"END_CASH":497673000,"DIVI_RATIO":null,"DIVIDEND_RATE":null,"CURRENT_RATIO":0.607890034741,"COMMON_ACS":8000000000,"CURRENTDEBT_DEBT":31.350812824735,"ISSUED_COMMON_SHARES":2971590920,"HK_COMMON_SHARES":2971590920,"PER_SHARES":2000,"TOTAL_MARKET_CAP":891477276,"HKSK_MARKET_CAP":891477276,"PE_TTM":52.42205896427,"PB_TTM":0.524202342414,"REPORT_DATE_SQ":"2023-12-31 00:00:00","REPORT_TYPE_SQ":"2023年年报","OPERATE_INCOME_SQ":1151162000,"DPS_HKD":null,"OPERATE_INCOME_QOQ_SQ":0,"NET_PROFIT_RATIO_SQ":0.4447679823,"HOLDER_PROFIT_SQ":5120000,"HOLDER_PROFIT_QOQ_SQ":0,"ROE_AVG_SQ":0.346610008567,"PE_TTM_SQ":211.529972886932,"PB_TTM_SQ":0.723219959707,"ROA_SQ":0.081452987666,"START_DATE":"2023-09-01 00:00:00","FISCAL_YEAR":"8-31","CURRENCY":"HKD","IS_CNY_CODE":0,"DPS_HKD_LY":null,"ORG_TYPE":"一般企业","PREMIUM_INCOME":null,"PREMIUM_INCOME_YOY":null,"NET_INTEREST_INCOME":null,"NET_INTEREST_INCOME_YOY":null,"FEE_COMMISSION_INCOME":null,"FEE_COMMISSION_INCOME_YOY":null,"ACCOUNTS_RECE_TDAYS":null,"INVENTORY_TDAYS":51.905823736012,"CURRENT_ASSETS_TDAYS":1.449002327794,"TOTAL_ASSETS_TDAYS":0.197874662135,"PREMIUM_EXPENSE":null,"LOAN_DEPOSIT":null,"LOAN_EQUITY":null,"LOAN_ASSETS":null,"DEPOSIT_EQUITY":null,"DEPOSIT_ASSETS":null,"EQUITY_MULTIPLIER":3.997591781121,"EQUITY_RATIO":2.997591781115},{"SECUCODE":"01317.HK","SECURITY_CODE":"01317","SECURITY_NAME_ABBR":"枫叶教育","ORG_CODE":"10426689","STD_REPORT_DATE":"2024-06-30 00:00:00","REPORT_DATE":"2024-02-29 00:00:00","DATE_TYPE_CODE":"002","REPORT_TYPE":"2024年中报","PER_NETCASH_OPERATE":0.078913414059,"PER_OI":0.219671620362,"BPS":0.487735707578,"BASIC_EPS":-0.0142,"DILUTED_EPS":-0.0142,"OPERATE_INCOME":657987000,"OPERATE_INCOME_YOY":14.4474496673,"GROSS_PROFIT":331626000,"GROSS_PROFIT_YOY":37.496320313115,"HOLDER_PROFIT":-42232000,"HOLDER_PROFIT_YOY":-372.8341624136,"GROSS_PROFIT_RATIO":50.400083892235,"EPS_TTM":-0.017557717989,"OPERATE_INCOME_QOQ":0,"NET_PROFIT_RATIO":-6.4183638886,"ROE_AVG":-2.866230474602,"GROSS_PROFIT_QOQ":0,"ROA":-0.684757093398,"HOLDER_PROFIT_QOQ":0,"ROE_YEARLY":-5.732460949205,"ROIC_YEARLY":-1.507330847111,"TOTAL_ASSETS":6119998000,"TOTAL_LIABILITIES":4670647000,"TAX_EBT":-260.957264957265,"OCF_SALES":35.92335410882,"TOTAL_PARENT_EQUITY":1449351000,"DEBT_ASSET_RATIO":76.3177863784,"OPERATE_PROFIT":135176000,"PRETAX_PROFIT":-11700000,"NETCASH_OPERATE":236371000,"NETCASH_INVEST":-12503000,"NETCASH_FINANCE":-146061000,"END_CASH":599749000,"DIVI_RATIO":null,"DIVIDEND_RATE":null,"CURRENT_RATIO":0.328486628689,"COMMON_ACS":8000000000,"CURRENTDEBT_DEBT":57.262559127247,"ISSUED_COMMON_SHARES":2971590920,"HK_COMMON_SHARES":2971590920,"PER_SHARES":2000,"TOTAL_MARKET_CAP":891477276,"HKSK_MARKET_CAP":891477276,"PE_TTM":52.42205896427,"PB_TTM":0.524202342414,"REPORT_DATE_SQ":"2023-06-30 00:00:00","REPORT_TYPE_SQ":"2023年中报","OPERATE_INCOME_SQ":574925000,"DPS_HKD":null,"OPERATE_INCOME_QOQ_SQ":0,"NET_PROFIT_RATIO_SQ":2.6923511762,"HOLDER_PROFIT_SQ":15479000,"HOLDER_PROFIT_QOQ_SQ":0,"ROE_AVG_SQ":1.052828827064,"PE_TTM_SQ":163.333270203834,"PB_TTM_SQ":0.55843566509,"ROA_SQ":0.251178570942,"START_DATE":"2023-09-01 00:00:00","FISCAL_YEAR":"8-31","CURRENCY":"HKD","IS_CNY_CODE":0,"DPS_HKD_LY":null,"ORG_TYPE":"一般企业","PREMIUM_INCOME":null,"PREMIUM_INCOME_YOY":null,"NET_INTEREST_INCOME":null,"NET_INTEREST_INCOME_YOY":null,"FEE_COMMISSION_INCOME":null,"FEE_COMMISSION_INCOME_YOY":null,"ACCOUNTS_RECE_TDAYS":null,"INVENTORY_TDAYS":28.78724530299,"CURRENT_ASSETS_TDAYS":0.779654871488,"TOTAL_ASSETS_TDAYS":0.106687172195,"PREMIUM_EXPENSE":null,"LOAN_DEPOSIT":null,"LOAN_EQUITY":null,"LOAN_ASSETS":null,"DEPOSIT_EQUITY":null,"DEPOSIT_ASSETS":null,"EQUITY_MULTIPLIER":4.222578243648,"EQUITY_RATIO":3.222578243641},{"SECUCODE":"01317.HK","SECURITY_CODE":"01317","SECURITY_NAME_ABBR":"枫叶教育","ORG_CODE":"10426689","STD_REPORT_DATE":"2023-12-31 00:00:00","REPORT_DATE":"2023-08-31 00:00:00","DATE_TYPE_CODE":"001","REPORT_TYPE":"2023年年报","PER_NETCASH_OPERATE":0.082853893332,"PER_OI":0.384320088146,"BPS":0.503944197003,"BASIC_EPS":0.0017,"DILUTED_EPS":0.0017,"OPERATE_INCOME":1151162000,"OPERATE_INCOME_YOY":16.3030728585,"GROSS_PROFIT":503282000,"GROSS_PROFIT_YOY":18.071192460816,"HOLDER_PROFIT":5120000,"HOLDER_PROFIT_YOY":-91.0371991247,"GROSS_PROFIT_RATIO":43.719476494186,"EPS_TTM":0.001709332701,"OPERATE_INCOME_QOQ":0,"NET_PROFIT_RATIO":0.4447679823,"ROE_AVG":0.346610008567,"GROSS_PROFIT_QOQ":0,"ROA":0.081452987666,"HOLDER_PROFIT_QOQ":0,"ROE_YEARLY":0.346610008567,"ROIC_YEARLY":0.091121427132,"TOTAL_ASSETS":6214887000,"TOTAL_LIABILITIES":4717371000,"TAX_EBT":90.241485123983,"OCF_SALES":21.558564302852,"TOTAL_PARENT_EQUITY":1497516000,"DEBT_ASSET_RATIO":75.904372839,"OPERATE_PROFIT":273178000,"PRETAX_PROFIT":52467000,"NETCASH_OPERATE":248174000,"NETCASH_INVEST":-295374000,"NETCASH_FINANCE":-214415000,"END_CASH":528041000,"DIVI_RATIO":null,"DIVIDEND_RATE":null,"CURRENT_RATIO":0.355260553084,"COMMON_ACS":8000000000,"CURRENTDEBT_DEBT":48.293276064147,"ISSUED_COMMON_SHARES":2971590920,"HK_COMMON_SHARES":2971590920,"PER_SHARES":2000,"TOTAL_MARKET_CAP":891477276,"HKSK_MARKET_CAP":891477276,"PE_TTM":52.42205896427,"PB_TTM":0.524202342414,"REPORT_DATE_SQ":"2022-12-31 00:00:00","REPORT_TYPE_SQ":"2022年年报","OPERATE_INCOME_SQ":989795000,"DPS_HKD":null,"OPERATE_INCOME_QOQ_SQ":0,"NET_PROFIT_RATIO_SQ":5.7713971075,"HOLDER_PROFIT_SQ":57125000,"HOLDER_PROFIT_QOQ_SQ":0,"ROE_AVG_SQ":4.014871717381,"PE_TTM_SQ":163.333270203834,"PB_TTM_SQ":0.55843566509,"ROA_SQ":0.802429891156,"START_DATE":"2022-09-01 00:00:00","FISCAL_YEAR":"8-31","CURRENCY":"HKD","IS_CNY_CODE":0,"DPS_HKD_LY":null,"ORG_TYPE":"一般企业","PREMIUM_INCOME":null,"PREMIUM_INCOME_YOY":null,"NET_INTEREST_INCOME":null,"NET_INTEREST_INCOME_YOY":null,"FEE_COMMISSION_INCOME":null,"FEE_COMMISSION_INCOME_YOY":null,"ACCOUNTS_RECE_TDAYS":null,"INVENTORY_TDAYS":49.994598348638,"CURRENT_ASSETS_TDAYS":1.147980372398,"TOTAL_ASSETS_TDAYS":0.183135906617,"PREMIUM_EXPENSE":null,"LOAN_DEPOSIT":null,"LOAN_EQUITY":null,"LOAN_ASSETS":null,"DEPOSIT_EQUITY":null,"DEPOSIT_ASSETS":null,"EQUITY_MULTIPLIER":4.150130616308,"EQUITY_RATIO":3.150130616301},{"SECUCODE":"01317.HK","SECURITY_CODE":"01317","SECURITY_NAME_ABBR":"枫叶教育","ORG_CODE":"10426689","STD_REPORT_DATE":"2023-06-30 00:00:00","REPORT_DATE":"2023-02-28 00:00:00","DATE_TYPE_CODE":"002","REPORT_TYPE":"2023年中报","PER_NETCASH_OPERATE":-0.018312561981,"PER_OI":0.191941035821,"BPS":0.499276663559,"BASIC_EPS":0.0052,"DILUTED_EPS":0.0052,"OPERATE_INCOME":574925000,"OPERATE_INCOME_YOY":10.6678472777,"GROSS_PROFIT":241189000,"GROSS_PROFIT_YOY":18.064380329538,"HOLDER_PROFIT":15479000,"HOLDER_PROFIT_YOY":133.9578351578,"GROSS_PROFIT_RATIO":41.951384963256,"EPS_TTM":0.039457207811,"OPERATE_INCOME_QOQ":0,"NET_PROFIT_RATIO":2.6923511762,"ROE_AVG":1.052828827064,"GROSS_PROFIT_QOQ":0,"ROA":0.251178570942,"HOLDER_PROFIT_QOQ":0,"ROE_YEARLY":2.105657654128,"ROIC_YEARLY":0.552343207849,"TOTAL_ASSETS":5968314000,"TOTAL_LIABILITIES":4484668000,"TAX_EBT":63.326857467779,"OCF_SALES":-9.540722702961,"TOTAL_PARENT_EQUITY":1483646000,"DEBT_ASSET_RATIO":75.1412878076,"OPERATE_PROFIT":139706000,"PRETAX_PROFIT":42208000,"NETCASH_OPERATE":-54852000,"NETCASH_INVEST":-292980000,"NETCASH_FINANCE":-150224000,"END_CASH":309523000,"DIVI_RATIO":null,"DIVIDEND_RATE":null,"CURRENT_RATIO":0.483522847566,"COMMON_ACS":8000000000,"CURRENTDEBT_DEBT":30.64840028292,"ISSUED_COMMON_SHARES":2971590920,"HK_COMMON_SHARES":2971590920,"PER_SHARES":2000,"TOTAL_MARKET_CAP":891477276,"HKSK_MARKET_CAP":891477276,"PE_TTM":52.42205896427,"PB_TTM":0.524202342414,"REPORT_DATE_SQ":"2022-06-30 00:00:00","REPORT_TYPE_SQ":"2022年中报","OPERATE_INCOME_SQ":519505000,"DPS_HKD":null,"OPERATE_INCOME_QOQ_SQ":0,"NET_PROFIT_RATIO_SQ":-8.7743140105,"HOLDER_PROFIT_SQ":-45583000,"HOLDER_PROFIT_QOQ_SQ":0,"ROE_AVG_SQ":-3.352244543309,"PE_TTM_SQ":163.333270203834,"PB_TTM_SQ":0.55843566509,"ROA_SQ":-0.584095915102,"START_DATE":"2022-09-01 00:00:00","FISCAL_YEAR":"8-31","CURRENCY":"HKD","IS_CNY_CODE":0,"DPS_HKD_LY":null,"ORG_TYPE":"一般企业","PREMIUM_INCOME":null,"PREMIUM_INCOME_YOY":null,"NET_INTEREST_INCOME":null,"NET_INTEREST_INCOME_YOY":null,"FEE_COMMISSION_INCOME":null,"FEE_COMMISSION_INCOME_YOY":null,"ACCOUNTS_RECE_TDAYS":null,"INVENTORY_TDAYS":28.270732740364,"CURRENT_ASSETS_TDAYS":0.617936467844,"TOTAL_ASSETS_TDAYS":0.09329339098,"PREMIUM_EXPENSE":null,"LOAN_DEPOSIT":null,"LOAN_EQUITY":null,"LOAN_ASSETS":null,"DEPOSIT_EQUITY":null,"DEPOSIT_ASSETS":null,"EQUITY_MULTIPLIER":4.022734533713,"EQUITY_RATIO":3.02273453371},{"SECUCODE":"01317.HK","SECURITY_CODE":"01317","SECURITY_NAME_ABBR":"枫叶教育","ORG_CODE":"10426689","STD_REPORT_DATE":"2022-12-31 00:00:00","REPORT_DATE":"2022-08-31 00:00:00","DATE_TYPE_CODE":"001","REPORT_TYPE":"2022年年报","PER_NETCASH_OPERATE":0.169647264374,"PER_OI":0.330447062747,"BPS":0.49024682038,"BASIC_EPS":0.0192,"DILUTED_EPS":0.0147,"OPERATE_INCOME":989795000,"OPERATE_INCOME_YOY":5.1837643396,"GROSS_PROFIT":426253000,"GROSS_PROFIT_YOY":2.526277811185,"HOLDER_PROFIT":57125000,"HOLDER_PROFIT_YOY":101.8264622649,"GROSS_PROFIT_RATIO":43.064776039483,"EPS_TTM":0.019071412221,"OPERATE_INCOME_QOQ":0,"NET_PROFIT_RATIO":5.7713971075,"ROE_AVG":4.014871717381,"GROSS_PROFIT_QOQ":0,"ROA":0.802429891156,"HOLDER_PROFIT_QOQ":0,"ROE_YEARLY":4.014871717381,"ROIC_YEARLY":0.900127168075,"TOTAL_ASSETS":6356782000,"TOTAL_LIABILITIES":4899969000,"TAX_EBT":32.107202281911,"OCF_SALES":51.338711551382,"TOTAL_PARENT_EQUITY":1456813000,"DEBT_ASSET_RATIO":77.0825395617,"OPERATE_PROFIT":290330000,"PRETAX_PROFIT":84140000,"NETCASH_OPERATE":508148000,"NETCASH_INVEST":1606827000,"NETCASH_FINANCE":-2053634000,"END_CASH":805876000,"DIVI_RATIO":null,"DIVIDEND_RATE":null,"CURRENT_RATIO":0.485574216218,"COMMON_ACS":8000000000,"CURRENTDEBT_DEBT":50.275236435169,"ISSUED_COMMON_SHARES":2971590920,"HK_COMMON_SHARES":2971590920,"PER_SHARES":2000,"TOTAL_MARKET_CAP":891477276,"HKSK_MARKET_CAP":891477276,"PE_TTM":52.42205896427,"PB_TTM":0.524202342414,"REPORT_DATE_SQ":"2021-12-31 00:00:00","REPORT_TYPE_SQ":"2021年年报","OPERATE_INCOME_SQ":941015000,"DPS_HKD":null,"OPERATE_INCOME_QOQ_SQ":0,"NET_PROFIT_RATIO_SQ":-331.9426364086,"HOLDER_PROFIT_SQ":-3127631000,"HOLDER_PROFIT_QOQ_SQ":0,"ROE_AVG_SQ":-105.737886842042,"PE_TTM_SQ":163.333270203834,"PB_TTM_SQ":0.55843566509,"ROA_SQ":-32.663782557195,"START_DATE":"2021-09-01 00:00:00","FISCAL_YEAR":"8-31","CURRENCY":"HKD","IS_CNY_CODE":0,"DPS_HKD_LY":null,"ORG_TYPE":"一般企业","PREMIUM_INCOME":null,"PREMIUM_INCOME_YOY":null,"NET_INTEREST_INCOME":null,"NET_INTEREST_INCOME_YOY":null,"FEE_COMMISSION_INCOME":null,"FEE_COMMISSION_INCOME_YOY":null,"ACCOUNTS_RECE_TDAYS":null,"INVENTORY_TDAYS":36.517755313634,"CURRENT_ASSETS_TDAYS":0.50793622284,"TOTAL_ASSETS_TDAYS":0.139035640108,"PREMIUM_EXPENSE":null,"LOAN_DEPOSIT":null,"LOAN_EQUITY":null,"LOAN_ASSETS":null,"DEPOSIT_EQUITY":null,"DEPOSIT_ASSETS":null,"EQUITY_MULTIPLIER":4.363485224256,"EQUITY_RATIO":3.363485224253},{"SECUCODE":"01317.HK","SECURITY_CODE":"01317","SECURITY_NAME_ABBR":"枫叶教育","ORG_CODE":"10426689","STD_REPORT_DATE":"2022-06-30 00:00:00","REPORT_DATE":"2022-02-28 00:00:00","DATE_TYPE_CODE":"002","REPORT_TYPE":"2022年中报","PER_NETCASH_OPERATE":0.091199576705,"PER_OI":0.173438844743,"BPS":0.44780524501,"BASIC_EPS":-0.01534,"DILUTED_EPS":-0.01928,"OPERATE_INCOME":519505000,"OPERATE_INCOME_YOY":3.1777241537,"GROSS_PROFIT":204286000,"GROSS_PROFIT_YOY":3.319290117993,"HOLDER_PROFIT":-45583000,"HOLDER_PROFIT_YOY":-120.6331675124,"GROSS_PROFIT_RATIO":39.323201894111,"EPS_TTM":-1.133145693117,"OPERATE_INCOME_QOQ":0,"NET_PROFIT_RATIO":-8.7743140105,"ROE_AVG":-3.352244543309,"GROSS_PROFIT_QOQ":0,"ROA":-0.584095915102,"HOLDER_PROFIT_QOQ":0,"ROE_YEARLY":-6.704489086618,"ROIC_YEARLY":-1.290002789681,"TOTAL_ASSETS":7726831000,"TOTAL_LIABILITIES":6396137000,"TAX_EBT":-21.376647583544,"OCF_SALES":52.583132019904,"TOTAL_PARENT_EQUITY":1330694000,"DEBT_ASSET_RATIO":82.7782696425,"OPERATE_PROFIT":58304000,"PRETAX_PROFIT":-37555000,"NETCASH_OPERATE":273172000,"NETCASH_INVEST":-129046000,"NETCASH_FINANCE":-142300000,"END_CASH":734343000,"DIVI_RATIO":null,"DIVIDEND_RATE":null,"CURRENT_RATIO":0.873273723282,"COMMON_ACS":8000000000,"CURRENTDEBT_DEBT":46.594655492839,"ISSUED_COMMON_SHARES":2971590920,"HK_COMMON_SHARES":2971590920,"PER_SHARES":2000,"TOTAL_MARKET_CAP":891477276,"HKSK_MARKET_CAP":891477276,"PE_TTM":52.42205896427,"PB_TTM":0.524202342414,"REPORT_DATE_SQ":"2021-06-30 00:00:00","REPORT_TYPE_SQ":"2021年中报","OPERATE_INCOME_SQ":503505000,"DPS_HKD":null,"OPERATE_INCOME_QOQ_SQ":0,"NET_PROFIT_RATIO_SQ":20.2771304851,"HOLDER_PROFIT_SQ":220921000,"HOLDER_PROFIT_QOQ_SQ":0,"ROE_AVG_SQ":4.765689092183,"PE_TTM_SQ":163.333270203834,"PB_TTM_SQ":0.55843566509,"ROA_SQ":2.018844381313,"START_DATE":"2021-09-01 00:00:00","FISCAL_YEAR":"8-31","CURRENCY":"HKD","IS_CNY_CODE":0,"DPS_HKD_LY":null,"ORG_TYPE":"一般企业","PREMIUM_INCOME":null,"PREMIUM_INCOME_YOY":null,"NET_INTEREST_INCOME":null,"NET_INTEREST_INCOME_YOY":null,"FEE_COMMISSION_INCOME":null,"FEE_COMMISSION_INCOME_YOY":null,"ACCOUNTS_RECE_TDAYS":null,"INVENTORY_TDAYS":22.247873804566,"CURRENT_ASSETS_TDAYS":0.195902749456,"TOTAL_ASSETS_TDAYS":0.066568841098,"PREMIUM_EXPENSE":null,"LOAN_DEPOSIT":null,"LOAN_EQUITY":null,"LOAN_ASSETS":null,"DEPOSIT_EQUITY":null,"DEPOSIT_ASSETS":null,"EQUITY_MULTIPLIER":5.806617449242,"EQUITY_RATIO":4.806617449241},{"SECUCODE":"01317.HK","SECURITY_CODE":"01317","SECURITY_NAME_ABBR":"枫叶教育","ORG_CODE":"10426689","STD_REPORT_DATE":"2021-12-31 00:00:00","REPORT_DATE":"2021-08-31 00:00:00","DATE_TYPE_CODE":"001","REPORT_TYPE":"2021年年报","PER_NETCASH_OPERATE":0.267605048477,"PER_OI":0.314161662517,"BPS":0.467378262147,"BASIC_EPS":-1.0527,"DILUTED_EPS":-1.0527,"OPERATE_INCOME":941015000,"OPERATE_INCOME_YOY":143.8608175556,"GROSS_PROFIT":415750000,"GROSS_PROFIT_YOY":164.006807343295,"HOLDER_PROFIT":-3127631000,"HOLDER_PROFIT_YOY":-718.9921191898,"GROSS_PROFIT_RATIO":44.181017305782,"EPS_TTM":-1.044172255172,"OPERATE_INCOME_QOQ":0,"NET_PROFIT_RATIO":-331.9426364086,"ROE_AVG":-105.737886842042,"GROSS_PROFIT_QOQ":0,"ROA":-32.663782557195,"HOLDER_PROFIT_QOQ":0,"ROE_YEARLY":-105.737886842042,"ROIC_YEARLY":-36.788311981225,"TOTAL_ASSETS":7881222000,"TOTAL_LIABILITIES":6492365000,"TAX_EBT":-7.367033388461,"OCF_SALES":85.180682560852,"TOTAL_PARENT_EQUITY":1388857000,"DEBT_ASSET_RATIO":82.3776439745,"OPERATE_PROFIT":-509544000,"PRETAX_PROFIT":-625815000,"NETCASH_OPERATE":799400000,"NETCASH_INVEST":-1197144000,"NETCASH_FINANCE":-163190000,"END_CASH":739477000,"DIVI_RATIO":null,"DIVIDEND_RATE":null,"CURRENT_RATIO":0.818057508572,"COMMON_ACS":8000000000,"CURRENTDEBT_DEBT":50.857784489936,"ISSUED_COMMON_SHARES":2971590920,"HK_COMMON_SHARES":2971590920,"PER_SHARES":2000,"TOTAL_MARKET_CAP":891477276,"HKSK_MARKET_CAP":891477276,"PE_TTM":52.42205896427,"PB_TTM":0.524202342414,"REPORT_DATE_SQ":"2020-12-31 00:00:00","REPORT_TYPE_SQ":"2020年年报","OPERATE_INCOME_SQ":385882000,"DPS_HKD":null,"OPERATE_INCOME_QOQ_SQ":0,"NET_PROFIT_RATIO_SQ":33.3034368524,"HOLDER_PROFIT_SQ":505278000,"HOLDER_PROFIT_QOQ_SQ":0,"ROE_AVG_SQ":11.642531306651,"PE_TTM_SQ":163.333270203834,"PB_TTM_SQ":0.55843566509,"ROA_SQ":5.679525906982,"START_DATE":"2020-09-01 00:00:00","FISCAL_YEAR":"8-31","CURRENCY":"HKD","IS_CNY_CODE":0,"DPS_HKD_LY":null,"ORG_TYPE":"一般企业","PREMIUM_INCOME":null,"PREMIUM_INCOME_YOY":null,"NET_INTEREST_INCOME":null,"NET_INTEREST_INCOME_YOY":null,"FEE_COMMISSION_INCOME":null,"FEE_COMMISSION_INCOME_YOY":null,"ACCOUNTS_RECE_TDAYS":null,"INVENTORY_TDAYS":29.690246728655,"CURRENT_ASSETS_TDAYS":0.331416653298,"TOTAL_ASSETS_TDAYS":0.09827600936,"PREMIUM_EXPENSE":null,"LOAN_DEPOSIT":null,"LOAN_EQUITY":null,"LOAN_ASSETS":null,"DEPOSIT_EQUITY":null,"DEPOSIT_ASSETS":null,"EQUITY_MULTIPLIER":5.674610129048,"EQUITY_RATIO":4.674610129049},{"SECUCODE":"01317.HK","SECURITY_CODE":"01317","SECURITY_NAME_ABBR":"枫叶教育","ORG_CODE":"10426689","STD_REPORT_DATE":"2021-06-30 00:00:00","REPORT_DATE":"2021-02-28 00:00:00","DATE_TYPE_CODE":"002","REPORT_TYPE":"2021年中报","PER_NETCASH_OPERATE":-0.07960048568,"PER_OI":0.168097180051,"BPS":1.596569692036,"BASIC_EPS":0.07436,"DILUTED_EPS":0.07436,"OPERATE_INCOME":503505000,"OPERATE_INCOME_YOY":38.4187933262,"GROSS_PROFIT":197723000,"GROSS_PROFIT_YOY":-43.71340159816,"HOLDER_PROFIT":220921000,"HOLDER_PROFIT_YOY":-15.5739584368,"GROSS_PROFIT_RATIO":43.401841940552,"EPS_TTM":0.155083549445,"OPERATE_INCOME_QOQ":0,"NET_PROFIT_RATIO":20.2771304851,"ROE_AVG":4.765689092183,"GROSS_PROFIT_QOQ":0,"ROA":2.018844381313,"HOLDER_PROFIT_QOQ":0,"ROE_YEARLY":9.531378184365,"ROIC_YEARLY":4.537355662162,"TOTAL_ASSETS":10616657000,"TOTAL_LIABILITIES":5786594000,"TAX_EBT":99.729313482989,"OCF_SALES":-21.754113527333,"TOTAL_PARENT_EQUITY":4744352000,"DEBT_ASSET_RATIO":54.5048596748,"OPERATE_PROFIT":85908000,"PRETAX_PROFIT":21427000,"NETCASH_OPERATE":-238429000,"NETCASH_INVEST":-52233000,"NETCASH_FINANCE":-51787000,"END_CASH":465634000,"DIVI_RATIO":null,"DIVIDEND_RATE":null,"CURRENT_RATIO":0.794803482202,"COMMON_ACS":8000000000,"CURRENTDEBT_DEBT":55.485610360775,"ISSUED_COMMON_SHARES":2971590920,"HK_COMMON_SHARES":2971590920,"PER_SHARES":2000,"TOTAL_MARKET_CAP":891477276,"HKSK_MARKET_CAP":891477276,"PE_TTM":52.42205896427,"PB_TTM":0.524202342414,"REPORT_DATE_SQ":"2020-06-30 00:00:00","REPORT_TYPE_SQ":"2020年中报","OPERATE_INCOME_SQ":791813000,"DPS_HKD":null,"OPERATE_INCOME_QOQ_SQ":0,"NET_PROFIT_RATIO_SQ":33.3352698175,"HOLDER_PROFIT_SQ":261674000,"HOLDER_PROFIT_QOQ_SQ":0,"ROE_AVG_SQ":6.213737476157,"PE_TTM_SQ":163.333270203834,"PB_TTM_SQ":0.55843566509,"ROA_SQ":4.15906896261,"START_DATE":"2020-09-01 00:00:00","FISCAL_YEAR":"8-31","CURRENCY":"HKD","IS_CNY_CODE":0,"DPS_HKD_LY":null,"ORG_TYPE":"一般企业","PREMIUM_INCOME":null,"PREMIUM_INCOME_YOY":null,"NET_INTEREST_INCOME":null,"NET_INTEREST_INCOME_YOY":null,"FEE_COMMISSION_INCOME":null,"FEE_COMMISSION_INCOME_YOY":null,"ACCOUNTS_RECE_TDAYS":null,"INVENTORY_TDAYS":39.518761546792,"CURRENT_ASSETS_TDAYS":0.396424426143,"TOTAL_ASSETS_TDAYS":0.100157512465,"PREMIUM_EXPENSE":null,"LOAN_DEPOSIT":null,"LOAN_EQUITY":null,"LOAN_ASSETS":null,"DEPOSIT_EQUITY":null,"DEPOSIT_ASSETS":null,"EQUITY_MULTIPLIER":2.198036961425,"EQUITY_RATIO":1.219680580193},{"SECUCODE":"01317.HK","SECURITY_CODE":"01317","SECURITY_NAME_ABBR":"枫叶教育","ORG_CODE":"10426689","STD_REPORT_DATE":"2020-12-31 00:00:00","REPORT_DATE":"2020-08-31 00:00:00","DATE_TYPE_CODE":"001","REPORT_TYPE":"2020年年报","PER_NETCASH_OPERATE":0.208931869644,"PER_OI":0.128828265921,"BPS":1.523413592878,"BASIC_EPS":0.1701,"DILUTED_EPS":0.1701,"OPERATE_INCOME":385882000,"OPERATE_INCOME_YOY":-2.6507564811,"GROSS_PROFIT":157477000,"GROSS_PROFIT_YOY":-78.569717786602,"HOLDER_PROFIT":505278000,"HOLDER_PROFIT_YOY":-23.0645780168,"GROSS_PROFIT_RATIO":46.658463124621,"EPS_TTM":0.16868910327,"OPERATE_INCOME_QOQ":0,"NET_PROFIT_RATIO":33.3034368524,"ROE_AVG":11.642531306651,"GROSS_PROFIT_QOQ":0,"ROA":5.679525906982,"HOLDER_PROFIT_QOQ":0,"ROE_YEARLY":11.642531306651,"ROIC_YEARLY":7.468900644662,"TOTAL_ASSETS":11269230000,"TOTAL_LIABILITIES":6645595000,"TAX_EBT":23.811779567346,"OCF_SALES":40.940384977705,"TOTAL_PARENT_EQUITY":4526962000,"DEBT_ASSET_RATIO":58.971154196,"OPERATE_PROFIT":69510000,"PRETAX_PROFIT":56997000,"NETCASH_OPERATE":625818000,"NETCASH_INVEST":-3683869000,"NETCASH_FINANCE":1616747000,"END_CASH":1310907000,"DIVI_RATIO":null,"DIVIDEND_RATE":null,"CURRENT_RATIO":0.649555102831,"COMMON_ACS":8000000000,"CURRENTDEBT_DEBT":68.979421707161,"ISSUED_COMMON_SHARES":2971590920,"HK_COMMON_SHARES":2971590920,"PER_SHARES":2000,"TOTAL_MARKET_CAP":891477276,"HKSK_MARKET_CAP":891477276,"PE_TTM":52.42205896427,"PB_TTM":0.524202342414,"REPORT_DATE_SQ":"2019-12-31 00:00:00","REPORT_TYPE_SQ":"2019年年报","OPERATE_INCOME_SQ":1570231000,"DPS_HKD":null,"OPERATE_INCOME_QOQ_SQ":0,"NET_PROFIT_RATIO_SQ":41.6606855934,"HOLDER_PROFIT_SQ":656756000,"HOLDER_PROFIT_QOQ_SQ":0,"ROE_AVG_SQ":16.830323571066,"PE_TTM_SQ":163.333270203834,"PB_TTM_SQ":0.55843566509,"ROA_SQ":10.661741071168,"START_DATE":"2019-09-01 00:00:00","FISCAL_YEAR":"8-31","CURRENCY":"HKD","IS_CNY_CODE":0,"DPS_HKD_LY":0.056,"ORG_TYPE":"一般企业","PREMIUM_INCOME":null,"PREMIUM_INCOME_YOY":null,"NET_INTEREST_INCOME":null,"NET_INTEREST_INCOME_YOY":null,"FEE_COMMISSION_INCOME":null,"FEE_COMMISSION_INCOME_YOY":null,"ACCOUNTS_RECE_TDAYS":null,"INVENTORY_TDAYS":48.21328051088,"CURRENT_ASSETS_TDAYS":0.507330633735,"TOTAL_ASSETS_TDAYS":0.171821625672,"PREMIUM_EXPENSE":null,"LOAN_DEPOSIT":null,"LOAN_EQUITY":null,"LOAN_ASSETS":null,"DEPOSIT_EQUITY":null,"DEPOSIT_ASSETS":null,"EQUITY_MULTIPLIER":2.437309605971,"EQUITY_RATIO":1.468003265766}],"count":27},"success":true,"message":"ok","code":0}