{"version":"4d03acee0bbb02c02f36f04d01137480","result":{"pages":4,"data":[{"SECUCODE":"01312.HK","SECURITY_CODE":"01312","SECURITY_NAME_ABBR":"华控康泰","ORG_CODE":"10194859","STD_REPORT_DATE":"2024-06-30 00:00:00","REPORT_DATE":"2024-06-30 00:00:00","DATE_TYPE_CODE":"002","REPORT_TYPE":"2024年中报","PER_NETCASH_OPERATE":0.008236469881,"PER_OI":0.074881259874,"BPS":0.173770668305,"BASIC_EPS":0.000821412,"DILUTED_EPS":null,"OPERATE_INCOME":418479295.56,"OPERATE_INCOME_YOY":6.4573199754,"GROSS_PROFIT":252945611.28,"GROSS_PROFIT_YOY":10.948176539498,"HOLDER_PROFIT":4330666.6,"HOLDER_PROFIT_YOY":-87.8762328172,"GROSS_PROFIT_RATIO":60.443996623898,"EPS_TTM":-0.010358977644,"OPERATE_INCOME_QOQ":2.915583159944,"NET_PROFIT_RATIO":-0.9884039196,"ROE_AVG":0.447360642917,"GROSS_PROFIT_QOQ":5.844199879573,"ROA":0.277548518347,"HOLDER_PROFIT_QOQ":-121.484661993912,"ROE_YEARLY":0.894721285834,"ROIC_YEARLY":0.58015242909,"TOTAL_ASSETS":1544151427.16,"TOTAL_LIABILITIES":576043458.08,"TAX_EBT":223.420479302832,"OCF_SALES":10.999374069009,"TOTAL_PARENT_EQUITY":971129852.56,"DEBT_ASSET_RATIO":37.3048554661,"OPERATE_PROFIT":9468142.32,"PRETAX_PROFIT":3351360.96,"NETCASH_OPERATE":46030103.12,"NETCASH_INVEST":-12220785.2,"NETCASH_FINANCE":-43469123.04,"END_CASH":62667346.84,"DIVI_RATIO":null,"DIVIDEND_RATE":null,"CURRENT_RATIO":1.470103276221,"COMMON_ACS":100000000000,"CURRENTDEBT_DEBT":64.111408273074,"ISSUED_COMMON_SHARES":5588571777,"HK_COMMON_SHARES":5588571777,"PER_SHARES":6000,"TOTAL_MARKET_CAP":145302866.202,"HKSK_MARKET_CAP":145302866.202,"PE_TTM":-2.297787118129,"PB_TTM":0.136557453749,"REPORT_DATE_SQ":"2023-06-30 00:00:00","REPORT_TYPE_SQ":"2023年中报","OPERATE_INCOME_SQ":397101395.9,"DPS_HKD":null,"OPERATE_INCOME_QOQ_SQ":1.419667474078,"NET_PROFIT_RATIO_SQ":4.9634900918,"HOLDER_PROFIT_SQ":36084453.24,"HOLDER_PROFIT_QOQ_SQ":169.077152829379,"ROE_AVG_SQ":3.523411311773,"PE_TTM_SQ":6.604499145568,"PB_TTM_SQ":0.169578881041,"ROA_SQ":1.982767180639,"START_DATE":"2024-01-01 00:00:00","FISCAL_YEAR":"12-31","CURRENCY":"HKD","IS_CNY_CODE":0,"DPS_HKD_LY":null,"ORG_TYPE":"一般企业","PREMIUM_INCOME":null,"PREMIUM_INCOME_YOY":null,"NET_INTEREST_INCOME":null,"NET_INTEREST_INCOME_YOY":null,"FEE_COMMISSION_INCOME":null,"FEE_COMMISSION_INCOME_YOY":null,"ACCOUNTS_RECE_TDAYS":3.667285189836,"INVENTORY_TDAYS":1.913993699907,"CURRENT_ASSETS_TDAYS":0.775423126877,"TOTAL_ASSETS_TDAYS":0.268199607981,"PREMIUM_EXPENSE":null,"LOAN_DEPOSIT":null,"LOAN_EQUITY":null,"LOAN_ASSETS":null,"DEPOSIT_EQUITY":null,"DEPOSIT_ASSETS":null,"EQUITY_MULTIPLIER":1.595019849518,"EQUITY_RATIO":0.593168314785},{"SECUCODE":"01312.HK","SECURITY_CODE":"01312","SECURITY_NAME_ABBR":"华控康泰","ORG_CODE":"10194859","STD_REPORT_DATE":"2023-12-31 00:00:00","REPORT_DATE":"2023-12-31 00:00:00","DATE_TYPE_CODE":"001","REPORT_TYPE":"2023年年报","PER_NETCASH_OPERATE":0.006019065608,"PER_OI":0.131201490255,"BPS":0.171445670882,"BASIC_EPS":-0.004712344,"DILUTED_EPS":null,"OPERATE_INCOME":733228945.54,"OPERATE_INCOME_YOY":-9.5021374357,"GROSS_PROFIT":427094236.24,"GROSS_PROFIT_YOY":-5.550251799398,"HOLDER_PROFIT":-26138103.46,"HOLDER_PROFIT_YOY":30.5757473644,"GROSS_PROFIT_RATIO":58.248414610181,"EPS_TTM":-0.004677063211,"OPERATE_INCOME_QOQ":-9.475312636472,"NET_PROFIT_RATIO":-7.5533891068,"ROE_AVG":-2.672632825487,"GROSS_PROFIT_QOQ":-5.391960510897,"ROA":-1.499202916592,"HOLDER_PROFIT_QOQ":-201.959495610486,"ROE_YEARLY":-2.672632825487,"ROIC_YEARLY":-1.60788562455,"TOTAL_ASSETS":1565345523.7,"TOTAL_LIABILITIES":602988819.58,"TAX_EBT":-39.153896946652,"OCF_SALES":4.587650335493,"TOTAL_PARENT_EQUITY":958136437.58,"DEBT_ASSET_RATIO":38.5211322644,"OPERATE_PROFIT":-25980421.18,"PRETAX_PROFIT":-39800276.18,"NETCASH_OPERATE":33637980.18,"NETCASH_INVEST":130625269.46,"NETCASH_FINANCE":-180167410.64,"END_CASH":70376138.98,"DIVI_RATIO":null,"DIVIDEND_RATE":null,"CURRENT_RATIO":1.532213242961,"COMMON_ACS":100000000000,"CURRENTDEBT_DEBT":57.65048715864,"ISSUED_COMMON_SHARES":5588571777,"HK_COMMON_SHARES":5588571777,"PER_SHARES":6000,"TOTAL_MARKET_CAP":184422868.641,"HKSK_MARKET_CAP":184422868.641,"PE_TTM":-2.916422111471,"PB_TTM":0.173322922066,"REPORT_DATE_SQ":"2022-12-31 00:00:00","REPORT_TYPE_SQ":"2022年年报","OPERATE_INCOME_SQ":798638762.74,"DPS_HKD":null,"OPERATE_INCOME_QOQ_SQ":-6.169704902299,"NET_PROFIT_RATIO_SQ":-5.9058544038,"HOLDER_PROFIT_SQ":-37111795.42,"HOLDER_PROFIT_QOQ_SQ":-255.551677127635,"ROE_AVG_SQ":-3.623526846552,"PE_TTM_SQ":6.604499145568,"PB_TTM_SQ":0.169578881041,"ROA_SQ":-1.775766805479,"START_DATE":"2023-01-01 00:00:00","FISCAL_YEAR":"12-31","CURRENCY":"HKD","IS_CNY_CODE":0,"DPS_HKD_LY":null,"ORG_TYPE":"一般企业","PREMIUM_INCOME":null,"PREMIUM_INCOME_YOY":null,"NET_INTEREST_INCOME":null,"NET_INTEREST_INCOME_YOY":null,"FEE_COMMISSION_INCOME":null,"FEE_COMMISSION_INCOME_YOY":null,"ACCOUNTS_RECE_TDAYS":7.030760942293,"INVENTORY_TDAYS":3.217255073761,"CURRENT_ASSETS_TDAYS":1.266942726573,"TOTAL_ASSETS_TDAYS":0.420558046748,"PREMIUM_EXPENSE":null,"LOAN_DEPOSIT":null,"LOAN_EQUITY":null,"LOAN_ASSETS":null,"DEPOSIT_EQUITY":null,"DEPOSIT_ASSETS":null,"EQUITY_MULTIPLIER":1.626575174254,"EQUITY_RATIO":0.629335025712},{"SECUCODE":"01312.HK","SECURITY_CODE":"01312","SECURITY_NAME_ABBR":"华控康泰","ORG_CODE":"10194859","STD_REPORT_DATE":"2023-06-30 00:00:00","REPORT_DATE":"2023-06-30 00:00:00","DATE_TYPE_CODE":"002","REPORT_TYPE":"2023年中报","PER_NETCASH_OPERATE":0.001207953987,"PER_OI":0.071055971319,"BPS":0.184853914636,"BASIC_EPS":0.00645386,"DILUTED_EPS":null,"OPERATE_INCOME":397101395.9,"OPERATE_INCOME_YOY":-4.5179954997,"GROSS_PROFIT":227985370.44,"GROSS_PROFIT_YOY":-0.330754732882,"HOLDER_PROFIT":36084453.24,"HOLDER_PROFIT_YOY":225.5308230162,"GROSS_PROFIT_RATIO":57.41238202482,"EPS_TTM":0.004587177666,"OPERATE_INCOME_QOQ":1.419667474078,"NET_PROFIT_RATIO":4.9634900918,"ROE_AVG":3.523411311773,"GROSS_PROFIT_QOQ":-0.167312724537,"ROA":1.982767180639,"HOLDER_PROFIT_QOQ":169.077152829379,"ROE_YEARLY":7.046822623545,"ROIC_YEARLY":4.349403648952,"TOTAL_ASSETS":1684801358.54,"TOTAL_LIABILITIES":633245367.36,"TAX_EBT":49.248629015027,"OCF_SALES":1.700003482662,"TOTAL_PARENT_EQUITY":1033069370.2,"DEBT_ASSET_RATIO":37.5857583537,"OPERATE_PROFIT":46467792,"PRETAX_PROFIT":38836563.54,"NETCASH_OPERATE":6750737.56,"NETCASH_INVEST":146738648.88,"NETCASH_FINANCE":-112192058.28,"END_CASH":138855719.88,"DIVI_RATIO":null,"DIVIDEND_RATE":null,"CURRENT_RATIO":1.806892543425,"COMMON_ACS":100000000000,"CURRENTDEBT_DEBT":55.111730379482,"ISSUED_COMMON_SHARES":5588571777,"HK_COMMON_SHARES":5588571777,"PER_SHARES":6000,"TOTAL_MARKET_CAP":184422868.641,"HKSK_MARKET_CAP":184422868.641,"PE_TTM":-2.916422111471,"PB_TTM":0.173322922066,"REPORT_DATE_SQ":"2022-06-30 00:00:00","REPORT_TYPE_SQ":"2022年中报","OPERATE_INCOME_SQ":385763381.15,"DPS_HKD":null,"OPERATE_INCOME_QOQ_SQ":8.318544004456,"NET_PROFIT_RATIO_SQ":-7.7781349413,"HOLDER_PROFIT_SQ":-26663113.82,"HOLDER_PROFIT_QOQ_SQ":293.917767286887,"ROE_AVG_SQ":-2.670462770008,"PE_TTM_SQ":6.604499145568,"PB_TTM_SQ":0.169578881041,"ROA_SQ":-1.242678666446,"START_DATE":"2023-01-01 00:00:00","FISCAL_YEAR":"12-31","CURRENCY":"HKD","IS_CNY_CODE":0,"DPS_HKD_LY":null,"ORG_TYPE":"一般企业","PREMIUM_INCOME":null,"PREMIUM_INCOME_YOY":null,"NET_INTEREST_INCOME":null,"NET_INTEREST_INCOME_YOY":null,"FEE_COMMISSION_INCOME":null,"FEE_COMMISSION_INCOME_YOY":null,"ACCOUNTS_RECE_TDAYS":3.729548121176,"INVENTORY_TDAYS":1.734501475149,"CURRENT_ASSETS_TDAYS":0.627184270919,"TOTAL_ASSETS_TDAYS":0.218199125795,"PREMIUM_EXPENSE":null,"LOAN_DEPOSIT":null,"LOAN_EQUITY":null,"LOAN_ASSETS":null,"DEPOSIT_EQUITY":null,"DEPOSIT_ASSETS":null,"EQUITY_MULTIPLIER":1.602198430395,"EQUITY_RATIO":0.61297468072},{"SECUCODE":"01312.HK","SECURITY_CODE":"01312","SECURITY_NAME_ABBR":"华控康泰","ORG_CODE":"10194859","STD_REPORT_DATE":"2022-12-31 00:00:00","REPORT_DATE":"2022-12-31 00:00:00","DATE_TYPE_CODE":"001","REPORT_TYPE":"2022年年报","PER_NETCASH_OPERATE":-0.000346050767,"PER_OI":0.14290570017,"BPS":0.175999502044,"BASIC_EPS":-0.006610198,"DILUTED_EPS":null,"OPERATE_INCOME":798638762.74,"OPERATE_INCOME_YOY":11.3032154937,"GROSS_PROFIT":452192032.67,"GROSS_PROFIT_YOY":39.602713693769,"HOLDER_PROFIT":-37111795.42,"HOLDER_PROFIT_YOY":-176.0898458267,"GROSS_PROFIT_RATIO":56.62034623997,"EPS_TTM":-0.006640658276,"OPERATE_INCOME_QOQ":-6.169704902299,"NET_PROFIT_RATIO":-5.9058544038,"ROE_AVG":-3.623526846552,"GROSS_PROFIT_QOQ":-3.085457578676,"ROA":-1.775766805479,"HOLDER_PROFIT_QOQ":-255.551677127635,"ROE_YEARLY":-3.623526846552,"ROIC_YEARLY":-1.984181849746,"TOTAL_ASSETS":1894128118.61,"TOTAL_LIABILITIES":861256989.74,"TAX_EBT":6.788068220425,"OCF_SALES":-0.242153228747,"TOTAL_PARENT_EQUITY":983585849.89,"DEBT_ASSET_RATIO":45.4698381423,"OPERATE_PROFIT":-84376497.66,"PRETAX_PROFIT":-105170036.72,"NETCASH_OPERATE":-1933929.55,"NETCASH_INVEST":108559996.37,"NETCASH_FINANCE":-122674555.64,"END_CASH":109510435.65,"DIVI_RATIO":null,"DIVIDEND_RATE":null,"CURRENT_RATIO":1.366143128587,"COMMON_ACS":100000000000,"CURRENTDEBT_DEBT":52.346701073056,"ISSUED_COMMON_SHARES":5588571777,"HK_COMMON_SHARES":5588571777,"PER_SHARES":6000,"TOTAL_MARKET_CAP":184422868.641,"HKSK_MARKET_CAP":184422868.641,"PE_TTM":-2.916422111471,"PB_TTM":0.173322922066,"REPORT_DATE_SQ":"2021-12-31 00:00:00","REPORT_TYPE_SQ":"2021年年报","OPERATE_INCOME_SQ":656751099.2,"DPS_HKD":null,"OPERATE_INCOME_QOQ_SQ":-3.503640461932,"NET_PROFIT_RATIO_SQ":-0.473733442,"HOLDER_PROFIT_SQ":-12303244.8,"HOLDER_PROFIT_QOQ_SQ":94.935193931309,"ROE_AVG_SQ":-1.250766767905,"PE_TTM_SQ":6.604499145568,"PB_TTM_SQ":0.169578881041,"ROA_SQ":-0.589995136304,"START_DATE":"2022-01-01 00:00:00","FISCAL_YEAR":"12-31","CURRENCY":"HKD","IS_CNY_CODE":0,"DPS_HKD_LY":null,"ORG_TYPE":"一般企业","PREMIUM_INCOME":null,"PREMIUM_INCOME_YOY":null,"NET_INTEREST_INCOME":null,"NET_INTEREST_INCOME_YOY":null,"FEE_COMMISSION_INCOME":null,"FEE_COMMISSION_INCOME_YOY":null,"ACCOUNTS_RECE_TDAYS":6.783732311544,"INVENTORY_TDAYS":3.464691221268,"CURRENT_ASSETS_TDAYS":1.216256990612,"TOTAL_ASSETS_TDAYS":0.382141631358,"PREMIUM_EXPENSE":null,"LOAN_DEPOSIT":null,"LOAN_EQUITY":null,"LOAN_ASSETS":null,"DEPOSIT_EQUITY":null,"DEPOSIT_ASSETS":null,"EQUITY_MULTIPLIER":1.83384748171,"EQUITY_RATIO":0.875629707195},{"SECUCODE":"01312.HK","SECURITY_CODE":"01312","SECURITY_NAME_ABBR":"华控康泰","ORG_CODE":"10194859","STD_REPORT_DATE":"2022-06-30 00:00:00","REPORT_DATE":"2022-06-30 00:00:00","DATE_TYPE_CODE":"002","REPORT_TYPE":"2022年中报","PER_NETCASH_OPERATE":-0.002440286262,"PER_OI":0.069027185575,"BPS":0.174908554551,"BASIC_EPS":-0.004789064,"DILUTED_EPS":null,"OPERATE_INCOME":385763381.15,"OPERATE_INCOME_YOY":17.1478953711,"GROSS_PROFIT":228741945.25,"GROSS_PROFIT_YOY":45.729320186364,"HOLDER_PROFIT":-26663113.82,"HOLDER_PROFIT_YOY":58.7062765718,"GROSS_PROFIT_RATIO":59.295919837725,"EPS_TTM":0.004269101046,"OPERATE_INCOME_QOQ":8.318544004456,"NET_PROFIT_RATIO":-7.7781349413,"ROE_AVG":-2.670462770008,"GROSS_PROFIT_QOQ":18.18048317273,"ROA":-1.242678666446,"HOLDER_PROFIT_QOQ":293.917767286887,"ROE_YEARLY":-5.340925540015,"ROIC_YEARLY":-2.812351869617,"TOTAL_ASSETS":2102993453.05,"TOTAL_LIABILITIES":1008748771.59,"TAX_EBT":4.287011292062,"OCF_SALES":-3.535253887848,"TOTAL_PARENT_EQUITY":977489011.52,"DEBT_ASSET_RATIO":47.9672806459,"OPERATE_PROFIT":-49731864.07,"PRETAX_PROFIT":-60284053.48,"NETCASH_OPERATE":-13637714.93,"NETCASH_INVEST":43054540.55,"NETCASH_FINANCE":-44749527.13,"END_CASH":128629127.9,"DIVI_RATIO":null,"DIVIDEND_RATE":null,"CURRENT_RATIO":1.2778893093,"COMMON_ACS":100000000000,"CURRENTDEBT_DEBT":63.005474070438,"ISSUED_COMMON_SHARES":5588571777,"HK_COMMON_SHARES":5588571777,"PER_SHARES":6000,"TOTAL_MARKET_CAP":184422868.641,"HKSK_MARKET_CAP":184422868.641,"PE_TTM":-2.916422111471,"PB_TTM":0.173322922066,"REPORT_DATE_SQ":"2021-06-30 00:00:00","REPORT_TYPE_SQ":"2021年中报","OPERATE_INCOME_SQ":320397396.48,"DPS_HKD":null,"OPERATE_INCOME_QOQ_SQ":-4.122135214159,"NET_PROFIT_RATIO_SQ":-15.9679784894,"HOLDER_PROFIT_SQ":-62824536.24,"HOLDER_PROFIT_QOQ_SQ":-8.032030682908,"ROE_AVG_SQ":-6.453209254304,"PE_TTM_SQ":6.604499145568,"PB_TTM_SQ":0.169578881041,"ROA_SQ":-3.022276091764,"START_DATE":"2022-01-01 00:00:00","FISCAL_YEAR":"12-31","CURRENCY":"HKD","IS_CNY_CODE":0,"DPS_HKD_LY":null,"ORG_TYPE":"一般企业","PREMIUM_INCOME":null,"PREMIUM_INCOME_YOY":null,"NET_INTEREST_INCOME":null,"NET_INTEREST_INCOME_YOY":null,"FEE_COMMISSION_INCOME":null,"FEE_COMMISSION_INCOME_YOY":null,"ACCOUNTS_RECE_TDAYS":3.490073347363,"INVENTORY_TDAYS":1.621108580106,"CURRENT_ASSETS_TDAYS":0.521366207504,"TOTAL_ASSETS_TDAYS":0.179791425445,"PREMIUM_EXPENSE":null,"LOAN_DEPOSIT":null,"LOAN_EQUITY":null,"LOAN_ASSETS":null,"DEPOSIT_EQUITY":null,"DEPOSIT_ASSETS":null,"EQUITY_MULTIPLIER":1.92186764869,"EQUITY_RATIO":1.031979653686},{"SECUCODE":"01312.HK","SECURITY_CODE":"01312","SECURITY_NAME_ABBR":"华控康泰","ORG_CODE":"10194859","STD_REPORT_DATE":"2021-12-31 00:00:00","REPORT_DATE":"2021-12-31 00:00:00","DATE_TYPE_CODE":"001","REPORT_TYPE":"2021年年报","PER_NETCASH_OPERATE":0.010982340256,"PER_OI":0.117516804902,"BPS":0.174390516162,"BASIC_EPS":-0.00220752,"DILUTED_EPS":-0.00220752,"OPERATE_INCOME":656751099.2,"OPERATE_INCOME_YOY":-4.7610129081,"GROSS_PROFIT":323913497.6,"GROSS_PROFIT_YOY":-30.749328653365,"HOLDER_PROFIT":-12303244.8,"HOLDER_PROFIT_YOY":94.3675046039,"GROSS_PROFIT_RATIO":50.243942028262,"EPS_TTM":-0.002201500722,"OPERATE_INCOME_QOQ":-3.503640461932,"NET_PROFIT_RATIO":-0.473733442,"ROE_AVG":-1.250766767905,"GROSS_PROFIT_QOQ":-8.842146478486,"ROA":-0.589995136304,"HOLDER_PROFIT_QOQ":94.935193931309,"ROE_YEARLY":-1.250766767905,"ROIC_YEARLY":-0.671494783175,"TOTAL_ASSETS":2092054440,"TOTAL_LIABILITIES":998282241.6,"TAX_EBT":-3.359955935004,"OCF_SALES":7.81072304438,"TOTAL_PARENT_EQUITY":974593916.8,"DEBT_ASSET_RATIO":47.7177946478,"OPERATE_PROFIT":-17051048,"PRETAX_PROFIT":-44530584,"NETCASH_OPERATE":61375596.8,"NETCASH_INVEST":19003476.8,"NETCASH_FINANCE":-81598115.2,"END_CASH":137325731.2,"DIVI_RATIO":null,"DIVIDEND_RATE":null,"CURRENT_RATIO":1.11119113534,"COMMON_ACS":100000000000,"CURRENTDEBT_DEBT":57.540555171987,"ISSUED_COMMON_SHARES":5588571777,"HK_COMMON_SHARES":5588571777,"PER_SHARES":6000,"TOTAL_MARKET_CAP":184422868.641,"HKSK_MARKET_CAP":184422868.641,"PE_TTM":-2.916422111471,"PB_TTM":0.173322922066,"REPORT_DATE_SQ":"2020-12-31 00:00:00","REPORT_TYPE_SQ":"2020年年报","OPERATE_INCOME_SQ":849327539.76,"DPS_HKD":null,"OPERATE_INCOME_QOQ_SQ":-36.996757361987,"NET_PROFIT_RATIO_SQ":-21.3927981814,"HOLDER_PROFIT_SQ":-224855908.96,"HOLDER_PROFIT_QOQ_SQ":-2409.78597698305,"ROE_AVG_SQ":-20.345214651138,"PE_TTM_SQ":6.604499145568,"PB_TTM_SQ":0.169578881041,"ROA_SQ":-8.16708587723,"START_DATE":"2021-01-01 00:00:00","FISCAL_YEAR":"12-31","CURRENCY":"HKD","IS_CNY_CODE":0,"DPS_HKD_LY":null,"ORG_TYPE":"一般企业","PREMIUM_INCOME":null,"PREMIUM_INCOME_YOY":null,"NET_INTEREST_INCOME":null,"NET_INTEREST_INCOME_YOY":null,"FEE_COMMISSION_INCOME":null,"FEE_COMMISSION_INCOME_YOY":null,"ACCOUNTS_RECE_TDAYS":5.066811745041,"INVENTORY_TDAYS":4.732170247296,"CURRENT_ASSETS_TDAYS":1.229419680662,"TOTAL_ASSETS_TDAYS":0.376819401618,"PREMIUM_EXPENSE":null,"LOAN_DEPOSIT":null,"LOAN_EQUITY":null,"LOAN_ASSETS":null,"DEPOSIT_EQUITY":null,"DEPOSIT_ASSETS":null,"EQUITY_MULTIPLIER":1.912696668519,"EQUITY_RATIO":1.024305841019},{"SECUCODE":"01312.HK","SECURITY_CODE":"01312","SECURITY_NAME_ABBR":"华控康泰","ORG_CODE":"10194859","STD_REPORT_DATE":"2021-06-30 00:00:00","REPORT_DATE":"2021-06-30 00:00:00","DATE_TYPE_CODE":"002","REPORT_TYPE":"2021年中报","PER_NETCASH_OPERATE":-0.000120898324,"PER_OI":0.057330818904,"BPS":0.167624036985,"BASIC_EPS":-0.01123308,"DILUTED_EPS":-0.01123308,"OPERATE_INCOME":320397396.48,"OPERATE_INCOME_YOY":0.5448652539,"GROSS_PROFIT":156963571.2,"GROSS_PROFIT_YOY":-29.361866270604,"HOLDER_PROFIT":-62824536.24,"HOLDER_PROFIT_YOY":-54.0688895237,"GROSS_PROFIT_RATIO":49.199243985054,"EPS_TTM":-0.043466634098,"OPERATE_INCOME_QOQ":-4.122135214159,"NET_PROFIT_RATIO":-15.9679784894,"ROE_AVG":-6.453209254304,"GROSS_PROFIT_QOQ":-7.404677785487,"ROA":-3.022276091764,"HOLDER_PROFIT_QOQ":-8.032030682908,"ROE_YEARLY":-12.906418508607,"ROIC_YEARLY":-6.765218392509,"TOTAL_ASSETS":2042048299.92,"TOTAL_LIABILITIES":1006104539.52,"TAX_EBT":0.588197956118,"OCF_SALES":-0.177218284038,"TOTAL_PARENT_EQUITY":936778962.24,"DEBT_ASSET_RATIO":49.2693801395,"OPERATE_PROFIT":-64640966.88,"PRETAX_PROFIT":-78653194.08,"NETCASH_OPERATE":-675648.96,"NETCASH_INVEST":-46666374.72,"NETCASH_FINANCE":-6798925.68,"END_CASH":89597542.32,"DIVI_RATIO":null,"DIVIDEND_RATE":null,"CURRENT_RATIO":1.098959997526,"COMMON_ACS":100000000000,"CURRENTDEBT_DEBT":56.166428481637,"ISSUED_COMMON_SHARES":5588571777,"HK_COMMON_SHARES":5588571777,"PER_SHARES":6000,"TOTAL_MARKET_CAP":184422868.641,"HKSK_MARKET_CAP":184422868.641,"PE_TTM":-2.916422111471,"PB_TTM":0.173322922066,"REPORT_DATE_SQ":"2020-06-30 00:00:00","REPORT_TYPE_SQ":"2020年中报","OPERATE_INCOME_SQ":416262828.96,"DPS_HKD":null,"OPERATE_INCOME_QOQ_SQ":1.522210125826,"NET_PROFIT_RATIO_SQ":-1.7521731672,"HOLDER_PROFIT_SQ":-44764040.64,"HOLDER_PROFIT_QOQ_SQ":-69.897681894868,"ROE_AVG_SQ":-3.555231190505,"PE_TTM_SQ":6.604499145568,"PB_TTM_SQ":0.169578881041,"ROA_SQ":-1.18962916031,"START_DATE":"2021-01-01 00:00:00","FISCAL_YEAR":"12-31","CURRENCY":"HKD","IS_CNY_CODE":0,"DPS_HKD_LY":null,"ORG_TYPE":"一般企业","PREMIUM_INCOME":null,"PREMIUM_INCOME_YOY":null,"NET_INTEREST_INCOME":null,"NET_INTEREST_INCOME_YOY":null,"FEE_COMMISSION_INCOME":null,"FEE_COMMISSION_INCOME_YOY":null,"ACCOUNTS_RECE_TDAYS":2.315040161608,"INVENTORY_TDAYS":2.430559906439,"CURRENT_ASSETS_TDAYS":0.599280641406,"TOTAL_ASSETS_TDAYS":0.183407643013,"PREMIUM_EXPENSE":null,"LOAN_DEPOSIT":null,"LOAN_EQUITY":null,"LOAN_ASSETS":null,"DEPOSIT_EQUITY":null,"DEPOSIT_ASSETS":null,"EQUITY_MULTIPLIER":1.971196099614,"EQUITY_RATIO":1.074004199576},{"SECUCODE":"01312.HK","SECURITY_CODE":"01312","SECURITY_NAME_ABBR":"华控康泰","ORG_CODE":"10194859","STD_REPORT_DATE":"2020-12-31 00:00:00","REPORT_DATE":"2020-12-31 00:00:00","DATE_TYPE_CODE":"001","REPORT_TYPE":"2020年年报","PER_NETCASH_OPERATE":0.031164150175,"PER_OI":0.151975777292,"BPS":0.182856648499,"BASIC_EPS":-0.040314556,"DILUTED_EPS":-0.040314556,"OPERATE_INCOME":849327539.76,"OPERATE_INCOME_YOY":9.551776696,"GROSS_PROFIT":467740588.36,"GROSS_PROFIT_YOY":4.963347587235,"HOLDER_PROFIT":-224855908.96,"HOLDER_PROFIT_YOY":-840.0254833527,"GROSS_PROFIT_RATIO":55.071873507384,"EPS_TTM":-0.040234950526,"OPERATE_INCOME_QOQ":-36.996757361987,"NET_PROFIT_RATIO":-21.3927981814,"ROE_AVG":-20.345214651138,"GROSS_PROFIT_QOQ":-33.932056790791,"ROA":-8.16708587723,"HOLDER_PROFIT_QOQ":-2409.78597698305,"ROE_YEARLY":-20.345214651138,"ROIC_YEARLY":-9.576041758889,"TOTAL_ASSETS":2139687905.76,"TOTAL_LIABILITIES":1000311864.28,"TAX_EBT":-6662.62626262626,"OCF_SALES":20.505998212329,"TOTAL_PARENT_EQUITY":1021907505.04,"DEBT_ASSET_RATIO":46.7503630594,"OPERATE_PROFIT":26206986.32,"PRETAX_PROFIT":-249967.08,"NETCASH_OPERATE":174163090.12,"NETCASH_INVEST":-173482203.36,"NETCASH_FINANCE":16076165.64,"END_CASH":139559903.16,"DIVI_RATIO":null,"DIVIDEND_RATE":null,"CURRENT_RATIO":1.237663680547,"COMMON_ACS":100000000000,"CURRENTDEBT_DEBT":53.215618997297,"ISSUED_COMMON_SHARES":5588571777,"HK_COMMON_SHARES":5588571777,"PER_SHARES":6000,"TOTAL_MARKET_CAP":184422868.641,"HKSK_MARKET_CAP":184422868.641,"PE_TTM":-2.916422111471,"PB_TTM":0.173322922066,"REPORT_DATE_SQ":"2019-12-31 00:00:00","REPORT_TYPE_SQ":"2019年年报","OPERATE_INCOME_SQ":825145955.44,"DPS_HKD":null,"OPERATE_INCOME_QOQ_SQ":-34.237013631998,"NET_PROFIT_RATIO_SQ":4.3991723935,"HOLDER_PROFIT_SQ":32339449.56,"HOLDER_PROFIT_QOQ_SQ":72.607649233152,"ROE_AVG_SQ":2.573656132252,"PE_TTM_SQ":6.604499145568,"PB_TTM_SQ":0.169578881041,"ROA_SQ":0.983352572564,"START_DATE":"2020-01-01 00:00:00","FISCAL_YEAR":"12-31","CURRENCY":"HKD","IS_CNY_CODE":0,"DPS_HKD_LY":null,"ORG_TYPE":"一般企业","PREMIUM_INCOME":null,"PREMIUM_INCOME_YOY":null,"NET_INTEREST_INCOME":null,"NET_INTEREST_INCOME_YOY":null,"FEE_COMMISSION_INCOME":null,"FEE_COMMISSION_INCOME_YOY":null,"ACCOUNTS_RECE_TDAYS":3.816304689007,"INVENTORY_TDAYS":4.417062858034,"CURRENT_ASSETS_TDAYS":0.72266233843,"TOTAL_ASSETS_TDAYS":0.308487821699,"PREMIUM_EXPENSE":null,"LOAN_DEPOSIT":null,"LOAN_EQUITY":null,"LOAN_ASSETS":null,"DEPOSIT_EQUITY":null,"DEPOSIT_ASSETS":null,"EQUITY_MULTIPLIER":1.877947076175,"EQUITY_RATIO":0.978867323458},{"SECUCODE":"01312.HK","SECURITY_CODE":"01312","SECURITY_NAME_ABBR":"华控康泰","ORG_CODE":"10194859","STD_REPORT_DATE":"2020-06-30 00:00:00","REPORT_DATE":"2020-06-30 00:00:00","DATE_TYPE_CODE":"002","REPORT_TYPE":"2020年中报","PER_NETCASH_OPERATE":0.031671125007,"PER_OI":0.07448465289,"BPS":0.219791092518,"BASIC_EPS":-0.008038272,"DILUTED_EPS":-0.008038272,"OPERATE_INCOME":416262828.96,"OPERATE_INCOME_YOY":-0.6054456566,"GROSS_PROFIT":222207981.6,"GROSS_PROFIT_YOY":-23.580585252341,"HOLDER_PROFIT":-44764040.64,"HOLDER_PROFIT_YOY":-94.5377317296,"GROSS_PROFIT_RATIO":50.501705630408,"EPS_TTM":0.001741934141,"OPERATE_INCOME_QOQ":1.522210125826,"NET_PROFIT_RATIO":-1.7521731672,"ROE_AVG":-3.555231190505,"GROSS_PROFIT_QOQ":5.560397145241,"ROA":-1.18962916031,"HOLDER_PROFIT_QOQ":-69.897681894868,"ROE_YEARLY":-7.11046238101,"ROIC_YEARLY":-2.874779101742,"TOTAL_ASSETS":3871796301.12,"TOTAL_LIABILITIES":2152380690.24,"TAX_EBT":75.197691197691,"OCF_SALES":27.246356025389,"TOTAL_PARENT_EQUITY":1228318296.48,"DEBT_ASSET_RATIO":55.5912688283,"OPERATE_PROFIT":30918117.12,"PRETAX_PROFIT":15825348,"NETCASH_OPERATE":176996355.36,"NETCASH_INVEST":-86791415.04,"NETCASH_FINANCE":-20814557.28,"END_CASH":205762407.84,"DIVI_RATIO":null,"DIVIDEND_RATE":null,"CURRENT_RATIO":1.254949129203,"COMMON_ACS":100000000000,"CURRENTDEBT_DEBT":76.370745213139,"ISSUED_COMMON_SHARES":5588571777,"HK_COMMON_SHARES":5588571777,"PER_SHARES":6000,"TOTAL_MARKET_CAP":184422868.641,"HKSK_MARKET_CAP":184422868.641,"PE_TTM":-2.916422111471,"PB_TTM":0.173322922066,"REPORT_DATE_SQ":"2019-06-30 00:00:00","REPORT_TYPE_SQ":"2019年中报","OPERATE_INCOME_SQ":629402007.96,"DPS_HKD":null,"OPERATE_INCOME_QOQ_SQ":10.064441355542,"NET_PROFIT_RATIO_SQ":0.6380504219,"HOLDER_PROFIT_SQ":-22159515.06,"HOLDER_PROFIT_QOQ_SQ":-34.204023161733,"ROE_AVG_SQ":-1.823935322736,"PE_TTM_SQ":6.604499145568,"PB_TTM_SQ":0.169578881041,"ROA_SQ":-0.69712734882,"START_DATE":"2020-01-01 00:00:00","FISCAL_YEAR":"12-31","CURRENCY":"HKD","IS_CNY_CODE":0,"DPS_HKD_LY":null,"ORG_TYPE":"一般企业","PREMIUM_INCOME":null,"PREMIUM_INCOME_YOY":null,"NET_INTEREST_INCOME":null,"NET_INTEREST_INCOME_YOY":null,"FEE_COMMISSION_INCOME":null,"FEE_COMMISSION_INCOME_YOY":null,"ACCOUNTS_RECE_TDAYS":1.320011818174,"INVENTORY_TDAYS":2.881410177705,"CURRENT_ASSETS_TDAYS":0.333229156368,"TOTAL_ASSETS_TDAYS":0.172638723514,"PREMIUM_EXPENSE":null,"LOAN_DEPOSIT":null,"LOAN_EQUITY":null,"LOAN_ASSETS":null,"DEPOSIT_EQUITY":null,"DEPOSIT_ASSETS":null,"EQUITY_MULTIPLIER":2.251809438404,"EQUITY_RATIO":1.752298810828}],"count":31},"success":true,"message":"ok","code":0}