{"version":"6df8fd09d8399baabb635a4e4f119a03","result":{"pages":4,"data":[{"SECUCODE":"01315.HK","SECURITY_CODE":"01315","SECURITY_NAME_ABBR":"绿色经济","ORG_CODE":"10194856","STD_REPORT_DATE":"2024-06-30 00:00:00","REPORT_DATE":"2024-09-30 00:00:00","DATE_TYPE_CODE":"002","REPORT_TYPE":"2024年中报","PER_NETCASH_OPERATE":0.03053064756,"PER_OI":2.087415205329,"BPS":0.202938754347,"BASIC_EPS":0.003697339,"DILUTED_EPS":0.003697339,"OPERATE_INCOME":1298114079.94,"OPERATE_INCOME_YOY":-5.2106030824,"GROSS_PROFIT":26257419.43,"GROSS_PROFIT_YOY":60.017819266068,"HOLDER_PROFIT":1967705.78,"HOLDER_PROFIT_YOY":118.0107304994,"GROSS_PROFIT_RATIO":2.022735893229,"EPS_TTM":0.026561949858,"OPERATE_INCOME_QOQ":0,"NET_PROFIT_RATIO":0.1506093147,"ROE_AVG":1.757961988705,"GROSS_PROFIT_QOQ":0,"ROA":0.304059797498,"HOLDER_PROFIT_QOQ":0,"ROE_YEARLY":3.515923977409,"ROIC_YEARLY":0.705123129945,"TOTAL_ASSETS":681197737.36,"TOTAL_LIABILITIES":558633654.88,"TAX_EBT":53.063433643646,"OCF_SALES":1.462605402206,"TOTAL_PARENT_EQUITY":126202805.13,"DEBT_ASSET_RATIO":82.007561717,"OPERATE_PROFIT":16678606.05,"PRETAX_PROFIT":4165368.01,"NETCASH_OPERATE":18986286.66,"NETCASH_INVEST":4544119.81,"NETCASH_FINANCE":6798594.81,"END_CASH":107179545.08,"DIVI_RATIO":null,"DIVIDEND_RATE":null,"CURRENT_RATIO":1.817719237738,"COMMON_ACS":2000000000,"CURRENTDEBT_DEBT":66.463375261513,"ISSUED_COMMON_SHARES":621876317,"HK_COMMON_SHARES":621876317,"PER_SHARES":10000,"TOTAL_MARKET_CAP":64675136.968,"HKSK_MARKET_CAP":64675136.968,"PE_TTM":1.988902668307,"PB_TTM":0.462140217139,"REPORT_DATE_SQ":"2023-06-30 00:00:00","REPORT_TYPE_SQ":"2023年中报","OPERATE_INCOME_SQ":1393526682.45,"DPS_HKD":null,"OPERATE_INCOME_QOQ_SQ":0,"NET_PROFIT_RATIO_SQ":-0.7978322353,"HOLDER_PROFIT_SQ":-11117087.45,"HOLDER_PROFIT_QOQ_SQ":0,"ROE_AVG_SQ":-13.933535368638,"PE_TTM_SQ":-2.773002606298,"PB_TTM_SQ":1.111168733397,"ROA_SQ":-1.789352650169,"START_DATE":"2024-04-01 00:00:00","FISCAL_YEAR":"3-31","CURRENCY":"HKD","IS_CNY_CODE":0,"DPS_HKD_LY":null,"ORG_TYPE":"一般企业","PREMIUM_INCOME":null,"PREMIUM_INCOME_YOY":null,"NET_INTEREST_INCOME":null,"NET_INTEREST_INCOME_YOY":null,"FEE_COMMISSION_INCOME":null,"FEE_COMMISSION_INCOME_YOY":null,"ACCOUNTS_RECE_TDAYS":5.066035063146,"INVENTORY_TDAYS":19.696790682085,"CURRENT_ASSETS_TDAYS":2.027148136048,"TOTAL_ASSETS_TDAYS":2.005911190014,"PREMIUM_EXPENSE":null,"LOAN_DEPOSIT":null,"LOAN_EQUITY":null,"LOAN_ASSETS":null,"DEPOSIT_EQUITY":null,"DEPOSIT_ASSETS":null,"EQUITY_MULTIPLIER":5.557890399684,"EQUITY_RATIO":4.426475737243},{"SECUCODE":"01315.HK","SECURITY_CODE":"01315","SECURITY_NAME_ABBR":"绿色经济","ORG_CODE":"10194856","STD_REPORT_DATE":"2023-12-31 00:00:00","REPORT_DATE":"2024-03-31 00:00:00","DATE_TYPE_CODE":"001","REPORT_TYPE":"2023年年报","PER_NETCASH_OPERATE":0.075539963761,"PER_OI":4.277908368635,"BPS":0.157868742652,"BASIC_EPS":0.044330295,"DILUTED_EPS":0.044330295,"OPERATE_INCOME":2660329900.75,"OPERATE_INCOME_YOY":19.148765988,"GROSS_PROFIT":76996917.7,"GROSS_PROFIT_YOY":588.118166544385,"HOLDER_PROFIT":16518247.55,"HOLDER_PROFIT_YOY":121.3490650045,"GROSS_PROFIT_RATIO":2.894262011576,"EPS_TTM":-0.056819435804,"OPERATE_INCOME_QOQ":0,"NET_PROFIT_RATIO":0.620398594,"ROE_AVG":17.755279031016,"GROSS_PROFIT_QOQ":0,"ROA":2.711222311748,"HOLDER_PROFIT_QOQ":0,"ROE_YEARLY":17.755279031016,"ROIC_YEARLY":3.038722405762,"TOTAL_ASSETS":616327083,"TOTAL_LIABILITIES":521831937.2,"TAX_EBT":18.300125650691,"OCF_SALES":1.765815376385,"TOTAL_PARENT_EQUITY":98174832.25,"DEBT_ASSET_RATIO":84.6680198864,"OPERATE_PROFIT":43671233.15,"PRETAX_PROFIT":20201560.2,"NETCASH_OPERATE":46976514.45,"NETCASH_INVEST":-2123140.1,"NETCASH_FINANCE":-26134929.95,"END_CASH":78587006.4,"DIVI_RATIO":null,"DIVIDEND_RATE":null,"CURRENT_RATIO":1.430223151369,"COMMON_ACS":2000000000,"CURRENTDEBT_DEBT":81.602921351438,"ISSUED_COMMON_SHARES":621876317,"HK_COMMON_SHARES":621876317,"PER_SHARES":10000,"TOTAL_MARKET_CAP":73381405.406,"HKSK_MARKET_CAP":73381405.406,"PE_TTM":2.256639565963,"PB_TTM":0.524351400216,"REPORT_DATE_SQ":"2022-12-31 00:00:00","REPORT_TYPE_SQ":"2022年年报","OPERATE_INCOME_SQ":2156084056.22,"DPS_HKD":null,"OPERATE_INCOME_QOQ_SQ":0,"NET_PROFIT_RATIO_SQ":-3.4689002015,"HOLDER_PROFIT_SQ":-74714492.68,"HOLDER_PROFIT_QOQ_SQ":0,"ROE_AVG_SQ":-62.201556715156,"PE_TTM_SQ":-0.722336695974,"PB_TTM_SQ":0.801211139344,"ROA_SQ":-11.048735320599,"START_DATE":"2023-04-01 00:00:00","FISCAL_YEAR":"3-31","CURRENCY":"HKD","IS_CNY_CODE":0,"DPS_HKD_LY":null,"ORG_TYPE":"一般企业","PREMIUM_INCOME":null,"PREMIUM_INCOME_YOY":null,"NET_INTEREST_INCOME":null,"NET_INTEREST_INCOME_YOY":null,"FEE_COMMISSION_INCOME":null,"FEE_COMMISSION_INCOME_YOY":null,"ACCOUNTS_RECE_TDAYS":10.932736010729,"INVENTORY_TDAYS":54.992541273869,"CURRENT_ASSETS_TDAYS":4.411035687337,"TOTAL_ASSETS_TDAYS":4.366532080169,"PREMIUM_EXPENSE":null,"LOAN_DEPOSIT":null,"LOAN_EQUITY":null,"LOAN_ASSETS":null,"DEPOSIT_EQUITY":null,"DEPOSIT_ASSETS":null,"EQUITY_MULTIPLIER":6.522314747284,"EQUITY_RATIO":5.315333117872},{"SECUCODE":"01315.HK","SECURITY_CODE":"01315","SECURITY_NAME_ABBR":"绿色经济","ORG_CODE":"10194856","STD_REPORT_DATE":"2023-06-30 00:00:00","REPORT_DATE":"2023-09-30 00:00:00","DATE_TYPE_CODE":"002","REPORT_TYPE":"2023年中报","PER_NETCASH_OPERATE":0.043222417076,"PER_OI":3.096726311962,"BPS":0.113540194489,"BASIC_EPS":-0.029822975,"DILUTED_EPS":-0.029822975,"OPERATE_INCOME":1393526682.45,"OPERATE_INCOME_YOY":25.2470111242,"GROSS_PROFIT":16409059.66,"GROSS_PROFIT_YOY":-32.292938836005,"HOLDER_PROFIT":-11117087.45,"HOLDER_PROFIT_YOY":81.8174996248,"GROSS_PROFIT_RATIO":1.177520306332,"EPS_TTM":-0.166032224773,"OPERATE_INCOME_QOQ":0,"NET_PROFIT_RATIO":-0.7978322353,"ROE_AVG":-13.933535368638,"GROSS_PROFIT_QOQ":0,"ROA":-1.789352650169,"HOLDER_PROFIT_QOQ":0,"ROE_YEARLY":-27.867070737276,"ROIC_YEARLY":-3.989495262166,"TOTAL_ASSETS":633039902.32,"TOTAL_LIABILITIES":566143757.69,"TAX_EBT":-0.589456205895,"OCF_SALES":1.395745465441,"TOTAL_PARENT_EQUITY":70607957.98,"DEBT_ASSET_RATIO":89.4325548224,"OPERATE_PROFIT":163338.14,"PRETAX_PROFIT":-11052853.35,"NETCASH_OPERATE":19450085.48,"NETCASH_INVEST":1678345.27,"NETCASH_FINANCE":-6907001.01,"END_CASH":74550096.46,"DIVI_RATIO":null,"DIVIDEND_RATE":null,"CURRENT_RATIO":1.676130103278,"COMMON_ACS":2000000000,"CURRENTDEBT_DEBT":66.197486721246,"ISSUED_COMMON_SHARES":621876317,"HK_COMMON_SHARES":621876317,"PER_SHARES":10000,"TOTAL_MARKET_CAP":73381405.406,"HKSK_MARKET_CAP":73381405.406,"PE_TTM":2.256639565963,"PB_TTM":0.524351400216,"REPORT_DATE_SQ":"2022-06-30 00:00:00","REPORT_TYPE_SQ":"2022年中报","OPERATE_INCOME_SQ":1096629882.24,"DPS_HKD":null,"OPERATE_INCOME_QOQ_SQ":0,"NET_PROFIT_RATIO_SQ":-5.0780088107,"HOLDER_PROFIT_SQ":-60262837.2,"HOLDER_PROFIT_QOQ_SQ":0,"ROE_AVG_SQ":-49.282179865534,"PE_TTM_SQ":-0.722336695974,"PB_TTM_SQ":0.801211139344,"ROA_SQ":-8.358081642765,"START_DATE":"2023-04-01 00:00:00","FISCAL_YEAR":"3-31","CURRENCY":"HKD","IS_CNY_CODE":0,"DPS_HKD_LY":null,"ORG_TYPE":"一般企业","PREMIUM_INCOME":null,"PREMIUM_INCOME_YOY":null,"NET_INTEREST_INCOME":null,"NET_INTEREST_INCOME_YOY":null,"FEE_COMMISSION_INCOME":null,"FEE_COMMISSION_INCOME_YOY":null,"ACCOUNTS_RECE_TDAYS":5.224748673699,"INVENTORY_TDAYS":47.738552319756,"CURRENT_ASSETS_TDAYS":2.261024731668,"TOTAL_ASSETS_TDAYS":2.242953177744,"PREMIUM_EXPENSE":null,"LOAN_DEPOSIT":null,"LOAN_EQUITY":null,"LOAN_ASSETS":null,"DEPOSIT_EQUITY":null,"DEPOSIT_ASSETS":null,"EQUITY_MULTIPLIER":9.463025198557,"EQUITY_RATIO":8.01812959738},{"SECUCODE":"01315.HK","SECURITY_CODE":"01315","SECURITY_NAME_ABBR":"绿色经济","ORG_CODE":"10194856","STD_REPORT_DATE":"2022-12-31 00:00:00","REPORT_DATE":"2023-03-31 00:00:00","DATE_TYPE_CODE":"001","REPORT_TYPE":"2022年年报","PER_NETCASH_OPERATE":-0.001454056173,"PER_OI":0.239564921914,"BPS":0.13647709776,"BASIC_EPS":-0.235747913,"DILUTED_EPS":-0.235747913,"OPERATE_INCOME":2156084056.22,"OPERATE_INCOME_YOY":-38.2961778054,"GROSS_PROFIT":11189490.62,"GROSS_PROFIT_YOY":-87.998136428392,"HOLDER_PROFIT":-74714492.68,"HOLDER_PROFIT_YOY":-529.1316526611,"GROSS_PROFIT_RATIO":0.518972838175,"EPS_TTM":-0.013998857739,"OPERATE_INCOME_QOQ":0,"NET_PROFIT_RATIO":-3.4689002015,"ROE_AVG":-62.201556715156,"GROSS_PROFIT_QOQ":0,"ROA":-11.048735320599,"HOLDER_PROFIT_QOQ":0,"ROE_YEARLY":-62.201556715156,"ROIC_YEARLY":-12.609122807018,"TOTAL_ASSETS":581497220.37,"TOTAL_LIABILITIES":500165503.5,"TAX_EBT":-5.813579019589,"OCF_SALES":-0.60695704568,"TOTAL_PARENT_EQUITY":84871874.91,"DEBT_ASSET_RATIO":86.0133954177,"OPERATE_PROFIT":-31738864.96,"PRETAX_PROFIT":-62520906.79,"NETCASH_OPERATE":-13086504.09,"NETCASH_INVEST":-13046235.23,"NETCASH_FINANCE":-32927671.74,"END_CASH":58020423.98,"DIVI_RATIO":null,"DIVIDEND_RATE":null,"CURRENT_RATIO":1.418805756697,"COMMON_ACS":2000000000,"CURRENTDEBT_DEBT":81.262623610747,"ISSUED_COMMON_SHARES":621876317,"HK_COMMON_SHARES":621876317,"PER_SHARES":10000,"TOTAL_MARKET_CAP":72137652.772,"HKSK_MARKET_CAP":72137652.772,"PE_TTM":2.218391437727,"PB_TTM":0.515464088348,"REPORT_DATE_SQ":"2021-12-31 00:00:00","REPORT_TYPE_SQ":"2021年年报","OPERATE_INCOME_SQ":3237191020.55,"DPS_HKD":null,"OPERATE_INCOME_QOQ_SQ":0,"NET_PROFIT_RATIO_SQ":-0.3608101694,"HOLDER_PROFIT_SQ":-11002161.66,"HOLDER_PROFIT_QOQ_SQ":0,"ROE_AVG_SQ":-8.181357649443,"PE_TTM_SQ":-0.79615212476,"PB_TTM_SQ":0.883086730226,"ROA_SQ":-1.55973523822,"START_DATE":"2022-04-01 00:00:00","FISCAL_YEAR":"3-31","CURRENCY":"HKD","IS_CNY_CODE":0,"DPS_HKD_LY":null,"ORG_TYPE":"一般企业","PREMIUM_INCOME":null,"PREMIUM_INCOME_YOY":null,"NET_INTEREST_INCOME":null,"NET_INTEREST_INCOME_YOY":null,"FEE_COMMISSION_INCOME":null,"FEE_COMMISSION_INCOME_YOY":null,"ACCOUNTS_RECE_TDAYS":7.917391024817,"INVENTORY_TDAYS":43.498082658713,"CURRENT_ASSETS_TDAYS":3.218074427727,"TOTAL_ASSETS_TDAYS":3.188404446265,"PREMIUM_EXPENSE":null,"LOAN_DEPOSIT":null,"LOAN_EQUITY":null,"LOAN_ASSETS":null,"DEPOSIT_EQUITY":null,"DEPOSIT_ASSETS":null,"EQUITY_MULTIPLIER":7.149698085163,"EQUITY_RATIO":5.893183154377},{"SECUCODE":"01315.HK","SECURITY_CODE":"01315","SECURITY_NAME_ABBR":"绿色经济","ORG_CODE":"10194856","STD_REPORT_DATE":"2022-06-30 00:00:00","REPORT_DATE":"2022-09-30 00:00:00","DATE_TYPE_CODE":"002","REPORT_TYPE":"2022年中报","PER_NETCASH_OPERATE":0.001746533937,"PER_OI":0.146217317749,"BPS":0.13515340987,"BASIC_EPS":-0.160718988,"DILUTED_EPS":-0.160718988,"OPERATE_INCOME":1096629882.24,"OPERATE_INCOME_YOY":-47.1358734862,"GROSS_PROFIT":24235374.24,"GROSS_PROFIT_YOY":-64.811622302832,"HOLDER_PROFIT":-60262837.2,"HOLDER_PROFIT_YOY":-264.5794738792,"GROSS_PROFIT_RATIO":-1.241127063569,"EPS_TTM":-0.001466954889,"OPERATE_INCOME_QOQ":0,"NET_PROFIT_RATIO":-5.0780088107,"ROE_AVG":-49.282179865534,"GROSS_PROFIT_QOQ":0,"ROA":-8.358081642765,"HOLDER_PROFIT_QOQ":0,"ROE_YEARLY":-98.564359731067,"ROIC_YEARLY":-19.534462362518,"TOTAL_ASSETS":645503350.2,"TOTAL_LIABILITIES":565142047.32,"TAX_EBT":-27.38193187428,"OCF_SALES":1.101761769026,"TOTAL_PARENT_EQUITY":84048704.76,"DEBT_ASSET_RATIO":87.5505986367,"OPERATE_PROFIT":6286762.44,"PRETAX_PROFIT":-16488845.64,"NETCASH_OPERATE":13099004.52,"NETCASH_INVEST":285803.04,"NETCASH_FINANCE":-36836936.76,"END_CASH":95102770.44,"DIVI_RATIO":null,"DIVIDEND_RATE":null,"CURRENT_RATIO":1.363520029602,"COMMON_ACS":2000000000,"CURRENTDEBT_DEBT":83.040651161153,"ISSUED_COMMON_SHARES":621876317,"HK_COMMON_SHARES":621876317,"PER_SHARES":10000,"TOTAL_MARKET_CAP":72137652.772,"HKSK_MARKET_CAP":72137652.772,"PE_TTM":2.218391437727,"PB_TTM":0.515464088348,"REPORT_DATE_SQ":"2021-06-30 00:00:00","REPORT_TYPE_SQ":"2021年中报","OPERATE_INCOME_SQ":2071505323.32,"DPS_HKD":null,"OPERATE_INCOME_QOQ_SQ":0,"NET_PROFIT_RATIO_SQ":1.5762347474,"HOLDER_PROFIT_SQ":33726434.1,"HOLDER_PROFIT_QOQ_SQ":0,"ROE_AVG_SQ":21.215050974289,"PE_TTM_SQ":-0.79615212476,"PB_TTM_SQ":0.883086730226,"ROA_SQ":4.617271686835,"START_DATE":"2022-04-01 00:00:00","FISCAL_YEAR":"3-31","CURRENCY":"HKD","IS_CNY_CODE":0,"DPS_HKD_LY":null,"ORG_TYPE":"一般企业","PREMIUM_INCOME":null,"PREMIUM_INCOME_YOY":null,"NET_INTEREST_INCOME":null,"NET_INTEREST_INCOME_YOY":null,"FEE_COMMISSION_INCOME":null,"FEE_COMMISSION_INCOME_YOY":null,"ACCOUNTS_RECE_TDAYS":3.574485898791,"INVENTORY_TDAYS":28.28067192962,"CURRENT_ASSETS_TDAYS":1.664536397342,"TOTAL_ASSETS_TDAYS":1.648950535787,"PREMIUM_EXPENSE":null,"LOAN_DEPOSIT":null,"LOAN_EQUITY":null,"LOAN_ASSETS":null,"DEPOSIT_EQUITY":null,"DEPOSIT_ASSETS":null,"EQUITY_MULTIPLIER":8.032514743624,"EQUITY_RATIO":6.723982825598},{"SECUCODE":"01315.HK","SECURITY_CODE":"01315","SECURITY_NAME_ABBR":"绿色经济","ORG_CODE":"10194856","STD_REPORT_DATE":"2021-12-31 00:00:00","REPORT_DATE":"2022-03-31 00:00:00","DATE_TYPE_CODE":"001","REPORT_TYPE":"2021年年报","PER_NETCASH_OPERATE":0.002609289509,"PER_OI":0.431625469752,"BPS":0.231448559457,"BASIC_EPS":-0.031142784,"DILUTED_EPS":-0.031142784,"OPERATE_INCOME":3237191020.55,"OPERATE_INCOME_YOY":-18.4077682954,"GROSS_PROFIT":93231276.57,"GROSS_PROFIT_YOY":36.87045415998,"HOLDER_PROFIT":-11002161.66,"HOLDER_PROFIT_YOY":-287.9988913525,"GROSS_PROFIT_RATIO":2.089268044721,"EPS_TTM":0.005170961649,"OPERATE_INCOME_QOQ":0,"NET_PROFIT_RATIO":-0.3608101694,"ROE_AVG":-8.181357649443,"GROSS_PROFIT_QOQ":0,"ROA":-1.55973523822,"HOLDER_PROFIT_QOQ":0,"ROE_YEARLY":-8.181357649443,"ROIC_YEARLY":-1.853435673513,"TOTAL_ASSETS":714240286.8,"TOTAL_LIABILITIES":573515453.62,"TAX_EBT":49.060494958753,"OCF_SALES":0.564723966295,"TOTAL_PARENT_EQUITY":143932377.73,"DEBT_ASSET_RATIO":80.2972702911,"OPERATE_PROFIT":52262295.41,"PRETAX_PROFIT":24774733.48,"NETCASH_OPERATE":19569671.3,"NETCASH_INVEST":-588793.26,"NETCASH_FINANCE":-31990289.45,"END_CASH":107789717.08,"DIVI_RATIO":null,"DIVIDEND_RATE":null,"CURRENT_RATIO":1.236813773676,"COMMON_ACS":2000000000,"CURRENTDEBT_DEBT":99.693846671626,"ISSUED_COMMON_SHARES":621876317,"HK_COMMON_SHARES":621876317,"PER_SHARES":10000,"TOTAL_MARKET_CAP":72137652.772,"HKSK_MARKET_CAP":72137652.772,"PE_TTM":2.218391437727,"PB_TTM":0.515464088348,"REPORT_DATE_SQ":"2020-12-31 00:00:00","REPORT_TYPE_SQ":"2020年年报","OPERATE_INCOME_SQ":4426102857.68,"DPS_HKD":null,"OPERATE_INCOME_QOQ_SQ":0,"NET_PROFIT_RATIO_SQ":0.0975199718,"HOLDER_PROFIT_SQ":6098818.88,"HOLDER_PROFIT_QOQ_SQ":0,"ROE_AVG_SQ":5.046453810192,"PE_TTM_SQ":-0.79615212476,"PB_TTM_SQ":0.883086730226,"ROA_SQ":0.760446657028,"START_DATE":"2021-04-01 00:00:00","FISCAL_YEAR":"3-31","CURRENCY":"HKD","IS_CNY_CODE":0,"DPS_HKD_LY":null,"ORG_TYPE":"一般企业","PREMIUM_INCOME":null,"PREMIUM_INCOME_YOY":null,"NET_INTEREST_INCOME":null,"NET_INTEREST_INCOME_YOY":null,"FEE_COMMISSION_INCOME":null,"FEE_COMMISSION_INCOME_YOY":null,"ACCOUNTS_RECE_TDAYS":12.510829091547,"INVENTORY_TDAYS":67.524989307014,"CURRENT_ASSETS_TDAYS":4.959430340629,"TOTAL_ASSETS_TDAYS":4.912699206565,"PREMIUM_EXPENSE":null,"LOAN_DEPOSIT":null,"LOAN_EQUITY":null,"LOAN_ASSETS":null,"DEPOSIT_EQUITY":null,"DEPOSIT_ASSETS":null,"EQUITY_MULTIPLIER":5.075438859359,"EQUITY_RATIO":3.984617378418},{"SECUCODE":"01315.HK","SECURITY_CODE":"01315","SECURITY_NAME_ABBR":"绿色经济","ORG_CODE":"10194856","STD_REPORT_DATE":"2021-06-30 00:00:00","REPORT_DATE":"2021-09-30 00:00:00","DATE_TYPE_CODE":"002","REPORT_TYPE":"2021年中报","PER_NETCASH_OPERATE":-0.000574700326,"PER_OI":0.276200709997,"BPS":0.304762341094,"BASIC_EPS":0.005081666,"DILUTED_EPS":0.005081666,"OPERATE_INCOME":2071505323.32,"OPERATE_INCOME_YOY":-7.4166204052,"GROSS_PROFIT":68873235.5,"GROSS_PROFIT_YOY":60.589764227117,"HOLDER_PROFIT":33726434.1,"HOLDER_PROFIT_YOY":3310.699241786,"GROSS_PROFIT_RATIO":3.324791624943,"EPS_TTM":0.000813175851,"OPERATE_INCOME_QOQ":0,"NET_PROFIT_RATIO":1.5762347474,"ROE_AVG":21.215050974289,"GROSS_PROFIT_QOQ":0,"ROA":4.617271686835,"HOLDER_PROFIT_QOQ":0,"ROE_YEARLY":42.430101948578,"ROIC_YEARLY":11.088484655931,"TOTAL_ASSETS":745411258.22,"TOTAL_LIABILITIES":558714181.62,"TAX_EBT":24.613402061856,"OCF_SALES":-0.208073442606,"TOTAL_PARENT_EQUITY":189524482.24,"DEBT_ASSET_RATIO":74.9538158243,"OPERATE_PROFIT":47332803.08,"PRETAX_PROFIT":43312455.52,"NETCASH_OPERATE":-4310252.44,"NETCASH_INVEST":-442354.86,"NETCASH_FINANCE":3390554.2,"END_CASH":124872361.76,"DIVI_RATIO":null,"DIVIDEND_RATE":null,"CURRENT_RATIO":1.326461071457,"COMMON_ACS":2000000000,"CURRENTDEBT_DEBT":99.810489997421,"ISSUED_COMMON_SHARES":621876317,"HK_COMMON_SHARES":621876317,"PER_SHARES":10000,"TOTAL_MARKET_CAP":72137652.772,"HKSK_MARKET_CAP":72137652.772,"PE_TTM":2.218391437727,"PB_TTM":0.515464088348,"REPORT_DATE_SQ":"2020-06-30 00:00:00","REPORT_TYPE_SQ":"2020年中报","OPERATE_INCOME_SQ":2360082871.68,"DPS_HKD":null,"OPERATE_INCOME_QOQ_SQ":0,"NET_PROFIT_RATIO_SQ":0.0145207104,"HOLDER_PROFIT_SQ":1043040.64,"HOLDER_PROFIT_QOQ_SQ":0,"ROE_AVG_SQ":0.868273985429,"PE_TTM_SQ":-0.79615212476,"PB_TTM_SQ":0.883086730226,"ROA_SQ":0.121694724631,"START_DATE":"2021-04-01 00:00:00","FISCAL_YEAR":"3-31","CURRENCY":"HKD","IS_CNY_CODE":0,"DPS_HKD_LY":null,"ORG_TYPE":"一般企业","PREMIUM_INCOME":null,"PREMIUM_INCOME_YOY":null,"NET_INTEREST_INCOME":null,"NET_INTEREST_INCOME_YOY":null,"FEE_COMMISSION_INCOME":null,"FEE_COMMISSION_INCOME_YOY":null,"ACCOUNTS_RECE_TDAYS":6.967865048897,"INVENTORY_TDAYS":null,"CURRENT_ASSETS_TDAYS":2.859622592038,"TOTAL_ASSETS_TDAYS":2.835966248354,"PREMIUM_EXPENSE":null,"LOAN_DEPOSIT":null,"LOAN_EQUITY":null,"LOAN_ASSETS":null,"DEPOSIT_EQUITY":null,"DEPOSIT_ASSETS":null,"EQUITY_MULTIPLIER":3.992624157776,"EQUITY_RATIO":2.947978936634},{"SECUCODE":"01315.HK","SECURITY_CODE":"01315","SECURITY_NAME_ABBR":"绿色经济","ORG_CODE":"10194856","STD_REPORT_DATE":"2020-12-31 00:00:00","REPORT_DATE":"2021-03-31 00:00:00","DATE_TYPE_CODE":"001","REPORT_TYPE":"2020年年报","PER_NETCASH_OPERATE":0.014009421953,"PER_OI":0.737683809613,"BPS":0.209514496787,"BASIC_EPS":0.001014216,"DILUTED_EPS":0.001014216,"OPERATE_INCOME":4426102857.68,"OPERATE_INCOME_YOY":-16.163209778,"GROSS_PROFIT":68116436.92,"GROSS_PROFIT_YOY":-48.739205306595,"HOLDER_PROFIT":6098818.88,"HOLDER_PROFIT_YOY":138.049037701,"GROSS_PROFIT_RATIO":1.538970943746,"EPS_TTM":-0.001951563855,"OPERATE_INCOME_QOQ":0,"NET_PROFIT_RATIO":0.0975199718,"ROE_AVG":5.046453810192,"GROSS_PROFIT_QOQ":0,"ROA":0.760446657028,"HOLDER_PROFIT_QOQ":0,"ROE_YEARLY":5.046453810192,"ROIC_YEARLY":0.837851472945,"TOTAL_ASSETS":725879462.28,"TOTAL_LIABILITIES":597365617.38,"TAX_EBT":55.158486258671,"OCF_SALES":1.899109316318,"TOTAL_PARENT_EQUITY":130292103.62,"DEBT_ASSET_RATIO":82.2954289826,"OPERATE_PROFIT":19973293.76,"PRETAX_PROFIT":9625755.02,"NETCASH_OPERATE":84056531.72,"NETCASH_INVEST":12530638.68,"NETCASH_FINANCE":-7746074.7,"END_CASH":125763629.18,"DIVI_RATIO":null,"DIVIDEND_RATE":null,"CURRENT_RATIO":1.206163843921,"COMMON_ACS":2000000000,"CURRENTDEBT_DEBT":99.845074427943,"ISSUED_COMMON_SHARES":621876317,"HK_COMMON_SHARES":621876317,"PER_SHARES":10000,"TOTAL_MARKET_CAP":72137652.772,"HKSK_MARKET_CAP":72137652.772,"PE_TTM":2.218391437727,"PB_TTM":0.515464088348,"REPORT_DATE_SQ":"2019-12-31 00:00:00","REPORT_TYPE_SQ":"2019年年报","OPERATE_INCOME_SQ":5707438928.1,"DPS_HKD":null,"OPERATE_INCOME_QOQ_SQ":0,"NET_PROFIT_RATIO_SQ":-0.3036093898,"HOLDER_PROFIT_SQ":-17328320.5,"HOLDER_PROFIT_QOQ_SQ":0,"ROE_AVG_SQ":-13.397761270474,"PE_TTM_SQ":-0.79615212476,"PB_TTM_SQ":0.883086730226,"ROA_SQ":-2.14026312879,"START_DATE":"2020-04-01 00:00:00","FISCAL_YEAR":"3-31","CURRENCY":"HKD","IS_CNY_CODE":0,"DPS_HKD_LY":null,"ORG_TYPE":"一般企业","PREMIUM_INCOME":null,"PREMIUM_INCOME_YOY":null,"NET_INTEREST_INCOME":null,"NET_INTEREST_INCOME_YOY":null,"FEE_COMMISSION_INCOME":null,"FEE_COMMISSION_INCOME_YOY":null,"ACCOUNTS_RECE_TDAYS":11.762445532546,"INVENTORY_TDAYS":212.783740843908,"CURRENT_ASSETS_TDAYS":5.58117000591,"TOTAL_ASSETS_TDAYS":5.518798291946,"PREMIUM_EXPENSE":null,"LOAN_DEPOSIT":null,"LOAN_EQUITY":null,"LOAN_ASSETS":null,"DEPOSIT_EQUITY":null,"DEPOSIT_ASSETS":null,"EQUITY_MULTIPLIER":5.648258853701,"EQUITY_RATIO":4.584818272044},{"SECUCODE":"01315.HK","SECURITY_CODE":"01315","SECURITY_NAME_ABBR":"绿色经济","ORG_CODE":"10194856","STD_REPORT_DATE":"2020-06-30 00:00:00","REPORT_DATE":"2020-09-30 00:00:00","DATE_TYPE_CODE":"002","REPORT_TYPE":"2020年中报","PER_NETCASH_OPERATE":0.003056041707,"PER_OI":0.39334714528,"BPS":0.200071491451,"BASIC_EPS":0.000175744,"DILUTED_EPS":0.000175744,"OPERATE_INCOME":2360082871.68,"OPERATE_INCOME_YOY":146.1301535256,"GROSS_PROFIT":42887687.04,"GROSS_PROFIT_YOY":25.251699775264,"HOLDER_PROFIT":1043040.64,"HOLDER_PROFIT_YOY":123.3983835994,"GROSS_PROFIT_RATIO":1.817211062994,"EPS_TTM":-0.002888053417,"OPERATE_INCOME_QOQ":0,"NET_PROFIT_RATIO":0.0145207104,"ROE_AVG":0.868273985429,"GROSS_PROFIT_QOQ":0,"ROA":0.121694724631,"HOLDER_PROFIT_QOQ":0,"ROE_YEARLY":1.736547970858,"ROIC_YEARLY":0.25391229758,"TOTAL_ASSETS":801214259.84,"TOTAL_LIABILITIES":677490483.84,"TAX_EBT":88.124238733252,"OCF_SALES":0.776932473856,"TOTAL_PARENT_EQUITY":124419722.24,"DEBT_ASSET_RATIO":84.5579663017,"OPERATE_PROFIT":8733598.08,"PRETAX_PROFIT":2885716.48,"NETCASH_OPERATE":18336250.24,"NETCASH_INVEST":1050070.4,"NETCASH_FINANCE":-5727496.96,"END_CASH":46575674.88,"DIVI_RATIO":null,"DIVIDEND_RATE":null,"CURRENT_RATIO":1.174340716649,"COMMON_ACS":2000000000,"CURRENTDEBT_DEBT":99.856289972594,"ISSUED_COMMON_SHARES":621876317,"HK_COMMON_SHARES":621876317,"PER_SHARES":10000,"TOTAL_MARKET_CAP":72137652.772,"HKSK_MARKET_CAP":72137652.772,"PE_TTM":2.218391437727,"PB_TTM":0.515464088348,"REPORT_DATE_SQ":"2019-06-30 00:00:00","REPORT_TYPE_SQ":"2019年中报","OPERATE_INCOME_SQ":984290450.19,"DPS_HKD":null,"OPERATE_INCOME_QOQ_SQ":0,"NET_PROFIT_RATIO_SQ":-0.4648929317,"HOLDER_PROFIT_SQ":-4575896.73,"HOLDER_PROFIT_QOQ_SQ":0,"ROE_AVG_SQ":-3.544862813879,"PE_TTM_SQ":-0.79615212476,"PB_TTM_SQ":0.883086730226,"ROA_SQ":-0.688571651561,"START_DATE":"2020-04-01 00:00:00","FISCAL_YEAR":"3-31","CURRENCY":"HKD","IS_CNY_CODE":0,"DPS_HKD_LY":null,"ORG_TYPE":"一般企业","PREMIUM_INCOME":null,"PREMIUM_INCOME_YOY":null,"NET_INTEREST_INCOME":null,"NET_INTEREST_INCOME_YOY":null,"FEE_COMMISSION_INCOME":null,"FEE_COMMISSION_INCOME_YOY":null,"ACCOUNTS_RECE_TDAYS":5.124176160673,"INVENTORY_TDAYS":669.717333333333,"CURRENT_ASSETS_TDAYS":2.783881215828,"TOTAL_ASSETS_TDAYS":2.753580485374,"PREMIUM_EXPENSE":null,"LOAN_DEPOSIT":null,"LOAN_EQUITY":null,"LOAN_ASSETS":null,"DEPOSIT_EQUITY":null,"DEPOSIT_ASSETS":null,"EQUITY_MULTIPLIER":6.475830965905,"EQUITY_RATIO":5.445201706311}],"count":32},"success":true,"message":"ok","code":0}