{"version":"2b5cd4047302ea17e9ce762fd61aea4a","result":{"pages":3,"data":[{"SECUCODE":"01310.HK","SECURITY_CODE":"01310","SECURITY_NAME_ABBR":"香港宽频","ORG_CODE":"10432182","STD_REPORT_DATE":"2024-12-31 00:00:00","REPORT_DATE":"2024-08-31 00:00:00","DATE_TYPE_CODE":"001","REPORT_TYPE":"2024年年报","PER_NETCASH_OPERATE":1.431667954204,"PER_OI":7.407737753449,"BPS":1.776495768636,"BASIC_EPS":0.00729776,"DILUTED_EPS":0.00638554,"OPERATE_INCOME":9715984066.84,"OPERATE_INCOME_YOY":-8.9055621469,"GROSS_PROFIT":3639068161.68,"GROSS_PROFIT_YOY":-4.599882893782,"HOLDER_PROFIT":9374884.94,"HOLDER_PROFIT_YOY":100.8108675344,"GROSS_PROFIT_RATIO":37.454447605569,"EPS_TTM":0.007147674248,"OPERATE_INCOME_QOQ":0,"NET_PROFIT_RATIO":0.0964892992,"ROE_AVG":0.366685660439,"GROSS_PROFIT_QOQ":0,"ROA":0.057387059467,"HOLDER_PROFIT_QOQ":0,"ROE_YEARLY":0.366685660439,"ROIC_YEARLY":0.06120493015,"TOTAL_ASSETS":16117861927.04,"TOTAL_LIABILITIES":13787811220.96,"TAX_EBT":64.714163090129,"OCF_SALES":19.326655476399,"TOTAL_PARENT_EQUITY":2330050706.08,"DEBT_ASSET_RATIO":85.5436737414,"OPERATE_PROFIT":811409655.58,"PRETAX_PROFIT":26568407.5,"NETCASH_OPERATE":1877774766.74,"NETCASH_INVEST":-321664279.74,"NETCASH_FINANCE":-1371124129.86,"END_CASH":1110542101.32,"DIVI_RATIO":40.103366503835,"DIVIDEND_RATE":6.176470588235,"CURRENT_RATIO":0.947190516696,"COMMON_ACS":3800000000,"CURRENTDEBT_DEBT":21.40536203218,"ISSUED_COMMON_SHARES":1311599356,"HK_COMMON_SHARES":1311599356,"PER_SHARES":500,"TOTAL_MARKET_CAP":6689156715.6,"HKSK_MARKET_CAP":6689156715.6,"PE_TTM":650.886125873309,"PB_TTM":2.618819634775,"REPORT_DATE_SQ":"2023-12-31 00:00:00","REPORT_TYPE_SQ":"2023年年报","OPERATE_INCOME_SQ":10702784066.88,"DPS_HKD":0.315,"OPERATE_INCOME_QOQ_SQ":0,"NET_PROFIT_RATIO_SQ":-10.8397957745,"HOLDER_PROFIT_SQ":-1160159935.04,"HOLDER_PROFIT_QOQ_SQ":0,"ROE_AVG_SQ":-31.783869048477,"PE_TTM_SQ":-3.435760119804,"PB_TTM_SQ":1.427201845745,"ROA_SQ":-6.571187340055,"START_DATE":"2023-09-01 00:00:00","FISCAL_YEAR":"8-31","CURRENCY":"HKD","IS_CNY_CODE":0,"DPS_HKD_LY":0.35,"ORG_TYPE":"一般企业","PREMIUM_INCOME":null,"PREMIUM_INCOME_YOY":null,"NET_INTEREST_INCOME":null,"NET_INTEREST_INCOME_YOY":null,"FEE_COMMISSION_INCOME":null,"FEE_COMMISSION_INCOME_YOY":null,"ACCOUNTS_RECE_TDAYS":11.338662930732,"INVENTORY_TDAYS":62.882205797676,"CURRENT_ASSETS_TDAYS":3.612259387967,"TOTAL_ASSETS_TDAYS":0.594750505194,"PREMIUM_EXPENSE":null,"LOAN_DEPOSIT":null,"LOAN_EQUITY":null,"LOAN_ASSETS":null,"DEPOSIT_EQUITY":null,"DEPOSIT_ASSETS":null,"EQUITY_MULTIPLIER":6.91738676972,"EQUITY_RATIO":5.917386769731},{"SECUCODE":"01310.HK","SECURITY_CODE":"01310","SECURITY_NAME_ABBR":"香港宽频","ORG_CODE":"10432182","STD_REPORT_DATE":"2024-06-30 00:00:00","REPORT_DATE":"2024-02-29 00:00:00","DATE_TYPE_CODE":"002","REPORT_TYPE":"2024年中报","PER_NETCASH_OPERATE":0.549590086639,"PER_OI":4.019462445688,"BPS":1.910876759999,"BASIC_EPS":0.00090753,"DILUTED_EPS":0.00090753,"OPERATE_INCOME":5271924355.23,"OPERATE_INCOME_YOY":-13.3904290543,"GROSS_PROFIT":1848586880.79,"GROSS_PROFIT_YOY":-2.241099938845,"HOLDER_PROFIT":1392151.02,"HOLDER_PROFIT_YOY":-93.3987434375,"GROSS_PROFIT_RATIO":35.064745930129,"EPS_TTM":-0.899175175823,"OPERATE_INCOME_QOQ":0,"NET_PROFIT_RATIO":0.0264068853,"ROE_AVG":0.052780443848,"GROSS_PROFIT_QOQ":0,"ROA":0.008605686143,"HOLDER_PROFIT_QOQ":0,"ROE_YEARLY":0.105560887695,"ROIC_YEARLY":0.018137943256,"TOTAL_ASSETS":15884717212.26,"TOTAL_LIABILITIES":13378412484.45,"TAX_EBT":80.30303030303,"OCF_SALES":13.673223573189,"TOTAL_PARENT_EQUITY":2506304727.81,"DEBT_ASSET_RATIO":84.221911575,"OPERATE_PROFIT":370875747.45,"PRETAX_PROFIT":7067843.64,"NETCASH_OPERATE":720842003.7,"NETCASH_INVEST":-172597685.52,"NETCASH_FINANCE":-739714997.58,"END_CASH":730056155.79,"DIVI_RATIO":-0.52239186827,"DIVIDEND_RATE":9.77229601518,"CURRENT_RATIO":0.904872609822,"COMMON_ACS":3800000000,"CURRENTDEBT_DEBT":19.456523103212,"ISSUED_COMMON_SHARES":1311599356,"HK_COMMON_SHARES":1311599356,"PER_SHARES":500,"TOTAL_MARKET_CAP":6912128606.12,"HKSK_MARKET_CAP":6912128606.12,"PE_TTM":672.582330069086,"PB_TTM":2.706113622601,"REPORT_DATE_SQ":"2023-06-30 00:00:00","REPORT_TYPE_SQ":"2023年中报","OPERATE_INCOME_SQ":5942861664.64,"DPS_HKD":0.515,"OPERATE_INCOME_QOQ_SQ":0,"NET_PROFIT_RATIO_SQ":0.3464626754,"HOLDER_PROFIT_SQ":20589797.52,"HOLDER_PROFIT_QOQ_SQ":0,"ROE_AVG_SQ":0.485412860997,"PE_TTM_SQ":-3.756569046653,"PB_TTM_SQ":1.560464668691,"ROA_SQ":0.115141372974,"START_DATE":"2023-09-01 00:00:00","FISCAL_YEAR":"8-31","CURRENCY":"HKD","IS_CNY_CODE":0,"DPS_HKD_LY":0.35,"ORG_TYPE":"一般企业","PREMIUM_INCOME":null,"PREMIUM_INCOME_YOY":null,"NET_INTEREST_INCOME":null,"NET_INTEREST_INCOME_YOY":null,"FEE_COMMISSION_INCOME":null,"FEE_COMMISSION_INCOME_YOY":null,"ACCOUNTS_RECE_TDAYS":6.246878491568,"INVENTORY_TDAYS":32.866305081792,"CURRENT_ASSETS_TDAYS":2.140425797677,"TOTAL_ASSETS_TDAYS":0.325887965579,"PREMIUM_EXPENSE":null,"LOAN_DEPOSIT":null,"LOAN_EQUITY":null,"LOAN_ASSETS":null,"DEPOSIT_EQUITY":null,"DEPOSIT_ASSETS":null,"EQUITY_MULTIPLIER":6.337903382615,"EQUITY_RATIO":5.337903382619},{"SECUCODE":"01310.HK","SECURITY_CODE":"01310","SECURITY_NAME_ABBR":"香港宽频","ORG_CODE":"10432182","STD_REPORT_DATE":"2023-12-31 00:00:00","REPORT_DATE":"2023-08-31 00:00:00","DATE_TYPE_CODE":"001","REPORT_TYPE":"2023年年报","PER_NETCASH_OPERATE":1.383873643058,"PER_OI":8.160101648357,"BPS":2.129384577984,"BASIC_EPS":-0.88517246,"DILUTED_EPS":-0.88517246,"OPERATE_INCOME":10702784066.88,"OPERATE_INCOME_YOY":0.5677883092,"GROSS_PROFIT":3814532174.66,"GROSS_PROFIT_YOY":-2.800611695065,"HOLDER_PROFIT":-1160159935.04,"HOLDER_PROFIT_YOY":-329.0547439913,"GROSS_PROFIT_RATIO":35.640559977886,"EPS_TTM":-0.884538353677,"OPERATE_INCOME_QOQ":0,"NET_PROFIT_RATIO":-10.8397957745,"ROE_AVG":-31.783869048477,"GROSS_PROFIT_QOQ":0,"ROA":-6.571187340055,"HOLDER_PROFIT_QOQ":0,"ROE_YEARLY":-31.783869048477,"ROIC_YEARLY":-6.958292344598,"TOTAL_ASSETS":16611954664.9,"TOTAL_LIABILITIES":13819055223.74,"TAX_EBT":-2.929918925131,"OCF_SALES":16.959024564803,"TOTAL_PARENT_EQUITY":2792899441.16,"DEBT_ASSET_RATIO":83.1874123335,"OPERATE_PROFIT":-419879313.72,"PRETAX_PROFIT":-1127135770.78,"NETCASH_OPERATE":1815087779.02,"NETCASH_INVEST":-425032903.12,"NETCASH_FINANCE":-1488604686.7,"END_CASH":930730007.22,"DIVI_RATIO":-0.531036102671,"DIVIDEND_RATE":9.77229601518,"CURRENT_RATIO":0.910185595764,"COMMON_ACS":3800000000,"CURRENTDEBT_DEBT":20.614945573891,"ISSUED_COMMON_SHARES":1311599356,"HK_COMMON_SHARES":1311599356,"PER_SHARES":500,"TOTAL_MARKET_CAP":6912128606.12,"HKSK_MARKET_CAP":6912128606.12,"PE_TTM":672.582330069086,"PB_TTM":2.706113622601,"REPORT_DATE_SQ":"2022-12-31 00:00:00","REPORT_TYPE_SQ":"2022年年报","OPERATE_INCOME_SQ":10206376852.32,"DPS_HKD":0.515,"OPERATE_INCOME_QOQ_SQ":0,"NET_PROFIT_RATIO_SQ":4.7592739961,"HOLDER_PROFIT_SQ":485749439.48,"HOLDER_PROFIT_QOQ_SQ":0,"ROE_AVG_SQ":10.577884629539,"PE_TTM_SQ":-3.756569046653,"PB_TTM_SQ":1.560464668691,"ROA_SQ":2.622652147688,"START_DATE":"2022-09-01 00:00:00","FISCAL_YEAR":"8-31","CURRENCY":"HKD","IS_CNY_CODE":0,"DPS_HKD_LY":0.4,"ORG_TYPE":"一般企业","PREMIUM_INCOME":null,"PREMIUM_INCOME_YOY":null,"NET_INTEREST_INCOME":null,"NET_INTEREST_INCOME_YOY":null,"FEE_COMMISSION_INCOME":null,"FEE_COMMISSION_INCOME_YOY":null,"ACCOUNTS_RECE_TDAYS":12.459639984484,"INVENTORY_TDAYS":69.304233303708,"CURRENT_ASSETS_TDAYS":3.979721154817,"TOTAL_ASSETS_TDAYS":0.60620951508,"PREMIUM_EXPENSE":null,"LOAN_DEPOSIT":null,"LOAN_EQUITY":null,"LOAN_ASSETS":null,"DEPOSIT_EQUITY":null,"DEPOSIT_ASSETS":null,"EQUITY_MULTIPLIER":5.94792437569,"EQUITY_RATIO":4.94792437568},{"SECUCODE":"01310.HK","SECURITY_CODE":"01310","SECURITY_NAME_ABBR":"香港宽频","ORG_CODE":"10432182","STD_REPORT_DATE":"2023-06-30 00:00:00","REPORT_DATE":"2023-02-28 00:00:00","DATE_TYPE_CODE":"002","REPORT_TYPE":"2023年中报","PER_NETCASH_OPERATE":0.619470346797,"PER_OI":4.531003798877,"BPS":3.141570664114,"BASIC_EPS":0.01594872,"DILUTED_EPS":0.01417664,"OPERATE_INCOME":5942861664.64,"OPERATE_INCOME_YOY":-1.4086916898,"GROSS_PROFIT":1890965303.04,"GROSS_PROFIT_YOY":1.440342201799,"HOLDER_PROFIT":20589797.52,"HOLDER_PROFIT_YOY":-92.3642099037,"GROSS_PROFIT_RATIO":31.819103484963,"EPS_TTM":0.198260909637,"OPERATE_INCOME_QOQ":0,"NET_PROFIT_RATIO":0.3464626754,"ROE_AVG":0.485412860997,"GROSS_PROFIT_QOQ":0,"ROA":0.115141372974,"HOLDER_PROFIT_QOQ":0,"ROE_YEARLY":0.970825721994,"ROIC_YEARLY":0.242977893905,"TOTAL_ASSETS":17665151371.76,"TOTAL_LIABILITIES":13544669311.88,"TAX_EBT":-110.451005252672,"OCF_SALES":13.671812567241,"TOTAL_PARENT_EQUITY":4120482059.88,"DEBT_ASSET_RATIO":76.6745159825,"OPERATE_PROFIT":352285073.8,"PRETAX_PROFIT":9783653.68,"NETCASH_OPERATE":812496907.92,"NETCASH_INVEST":-254282847.52,"NETCASH_FINANCE":-688119928.96,"END_CASH":868083513.36,"DIVI_RATIO":2.369210354476,"DIVIDEND_RATE":9.77229601518,"CURRENT_RATIO":0.911868117401,"COMMON_ACS":3800000000,"CURRENTDEBT_DEBT":21.167269923418,"ISSUED_COMMON_SHARES":1311599356,"HK_COMMON_SHARES":1311599356,"PER_SHARES":500,"TOTAL_MARKET_CAP":6912128606.12,"HKSK_MARKET_CAP":6912128606.12,"PE_TTM":672.582330069086,"PB_TTM":2.706113622601,"REPORT_DATE_SQ":"2022-06-30 00:00:00","REPORT_TYPE_SQ":"2022年中报","OPERATE_INCOME_SQ":5505844426,"DPS_HKD":0.515,"OPERATE_INCOME_QOQ_SQ":0,"NET_PROFIT_RATIO_SQ":4.4734347094,"HOLDER_PROFIT_SQ":246300355.6,"HOLDER_PROFIT_QOQ_SQ":0,"ROE_AVG_SQ":5.619835046494,"PE_TTM_SQ":-3.756569046653,"PB_TTM_SQ":1.560464668691,"ROA_SQ":1.422892309499,"START_DATE":"2022-09-01 00:00:00","FISCAL_YEAR":"8-31","CURRENCY":"HKD","IS_CNY_CODE":0,"DPS_HKD_LY":0.4,"ORG_TYPE":"一般企业","PREMIUM_INCOME":null,"PREMIUM_INCOME_YOY":null,"NET_INTEREST_INCOME":null,"NET_INTEREST_INCOME_YOY":null,"FEE_COMMISSION_INCOME":null,"FEE_COMMISSION_INCOME_YOY":null,"ACCOUNTS_RECE_TDAYS":6.681628702882,"INVENTORY_TDAYS":37.254908350306,"CURRENT_ASSETS_TDAYS":2.238027796097,"TOTAL_ASSETS_TDAYS":0.332334133347,"PREMIUM_EXPENSE":null,"LOAN_DEPOSIT":null,"LOAN_EQUITY":null,"LOAN_ASSETS":null,"DEPOSIT_EQUITY":null,"DEPOSIT_ASSETS":null,"EQUITY_MULTIPLIER":4.287156481939,"EQUITY_RATIO":3.287156481947},{"SECUCODE":"01310.HK","SECURITY_CODE":"01310","SECURITY_NAME_ABBR":"香港宽频","ORG_CODE":"10432182","STD_REPORT_DATE":"2022-12-31 00:00:00","REPORT_DATE":"2022-08-31 00:00:00","DATE_TYPE_CODE":"001","REPORT_TYPE":"2022年年报","PER_NETCASH_OPERATE":1.246280316807,"PER_OI":7.781626916505,"BPS":3.295788431326,"BASIC_EPS":0.37046536,"DILUTED_EPS":0.32832712,"OPERATE_INCOME":10206376852.32,"OPERATE_INCOME_YOY":1.4168057646,"GROSS_PROFIT":3924440514.68,"GROSS_PROFIT_YOY":4.684330349071,"HOLDER_PROFIT":485749439.48,"HOLDER_PROFIT_YOY":167.4702231331,"GROSS_PROFIT_RATIO":38.450868231344,"EPS_TTM":0.370348946313,"OPERATE_INCOME_QOQ":0,"NET_PROFIT_RATIO":4.7592739961,"ROE_AVG":10.577884629539,"GROSS_PROFIT_QOQ":0,"ROA":2.622652147688,"HOLDER_PROFIT_QOQ":0,"ROE_YEARLY":10.577884629539,"ROIC_YEARLY":2.791365740013,"TOTAL_ASSETS":17932540792.24,"TOTAL_LIABILITIES":13609786808.2,"TAX_EBT":22.309945297494,"OCF_SALES":16.015678086082,"TOTAL_PARENT_EQUITY":4322753984.04,"DEBT_ASSET_RATIO":75.8943585623,"OPERATE_PROFIT":878538410,"PRETAX_PROFIT":625240182.08,"NETCASH_OPERATE":1634620460.92,"NETCASH_INVEST":-270983998.4,"NETCASH_FINANCE":-1706856816.72,"END_CASH":991324920.88,"DIVI_RATIO":1.26832222604,"DIVIDEND_RATE":9.77229601518,"CURRENT_RATIO":0.972027846947,"COMMON_ACS":3800000000,"CURRENTDEBT_DEBT":20.194962076732,"ISSUED_COMMON_SHARES":1311599356,"HK_COMMON_SHARES":1311599356,"PER_SHARES":500,"TOTAL_MARKET_CAP":6912128606.12,"HKSK_MARKET_CAP":6912128606.12,"PE_TTM":672.582330069086,"PB_TTM":2.706113622601,"REPORT_DATE_SQ":"2021-12-31 00:00:00","REPORT_TYPE_SQ":"2021年年报","OPERATE_INCOME_SQ":9522932971.5,"DPS_HKD":0.515,"OPERATE_INCOME_QOQ_SQ":0,"NET_PROFIT_RATIO_SQ":1.8045760788,"HOLDER_PROFIT_SQ":171848570.4,"HOLDER_PROFIT_QOQ_SQ":0,"ROE_AVG_SQ":3.448366105024,"PE_TTM_SQ":-3.756569046653,"PB_TTM_SQ":1.560464668691,"ROA_SQ":0.942629259071,"START_DATE":"2021-09-01 00:00:00","FISCAL_YEAR":"8-31","CURRENCY":"HKD","IS_CNY_CODE":0,"DPS_HKD_LY":0.775,"ORG_TYPE":"一般企业","PREMIUM_INCOME":null,"PREMIUM_INCOME_YOY":null,"NET_INTEREST_INCOME":null,"NET_INTEREST_INCOME_YOY":null,"FEE_COMMISSION_INCOME":null,"FEE_COMMISSION_INCOME_YOY":null,"ACCOUNTS_RECE_TDAYS":11.394178525226,"INVENTORY_TDAYS":64.439698684785,"CURRENT_ASSETS_TDAYS":3.491690233842,"TOTAL_ASSETS_TDAYS":0.551061390838,"PREMIUM_EXPENSE":null,"LOAN_DEPOSIT":null,"LOAN_EQUITY":null,"LOAN_ASSETS":null,"DEPOSIT_EQUITY":null,"DEPOSIT_ASSETS":null,"EQUITY_MULTIPLIER":4.148406515481,"EQUITY_RATIO":3.148406515487},{"SECUCODE":"01310.HK","SECURITY_CODE":"01310","SECURITY_NAME_ABBR":"香港宽频","ORG_CODE":"10432182","STD_REPORT_DATE":"2022-06-30 00:00:00","REPORT_DATE":"2022-02-28 00:00:00","DATE_TYPE_CODE":"002","REPORT_TYPE":"2022年中报","PER_NETCASH_OPERATE":0.501376330959,"PER_OI":4.197809644243,"BPS":3.26591509342,"BASIC_EPS":0.18776224,"DILUTED_EPS":0.16671992,"OPERATE_INCOME":5505844426,"OPERATE_INCOME_YOY":9.2055264043,"GROSS_PROFIT":1864115658.52,"GROSS_PROFIT_YOY":-3.016045070379,"HOLDER_PROFIT":246300355.6,"HOLDER_PROFIT_YOY":526.6834150159,"GROSS_PROFIT_RATIO":33.857034712372,"EPS_TTM":0.287911412043,"OPERATE_INCOME_QOQ":0,"NET_PROFIT_RATIO":4.4734347094,"ROE_AVG":5.619835046494,"GROSS_PROFIT_QOQ":0,"ROA":1.422892309499,"HOLDER_PROFIT_QOQ":0,"ROE_YEARLY":11.239670092988,"ROIC_YEARLY":3.028099922521,"TOTAL_ASSETS":17002048073.08,"TOTAL_LIABILITIES":12718475939.8,"TAX_EBT":20.888930481144,"OCF_SALES":11.943760519179,"TOTAL_PARENT_EQUITY":4283572133.28,"DEBT_ASSET_RATIO":74.8055521613,"OPERATE_PROFIT":405182011.4,"PRETAX_PROFIT":311334882.84,"NETCASH_OPERATE":657604872.8,"NETCASH_INVEST":-177606083.32,"NETCASH_FINANCE":-783628136.6,"END_CASH":934231258.12,"DIVI_RATIO":1.631480310793,"DIVIDEND_RATE":9.77229601518,"CURRENT_RATIO":0.944230892243,"COMMON_ACS":3800000000,"CURRENTDEBT_DEBT":22.382956681874,"ISSUED_COMMON_SHARES":1311599356,"HK_COMMON_SHARES":1311599356,"PER_SHARES":500,"TOTAL_MARKET_CAP":6912128606.12,"HKSK_MARKET_CAP":6912128606.12,"PE_TTM":672.582330069086,"PB_TTM":2.706113622601,"REPORT_DATE_SQ":"2021-06-30 00:00:00","REPORT_TYPE_SQ":"2021年中报","OPERATE_INCOME_SQ":5198525552.16,"DPS_HKD":0.515,"OPERATE_INCOME_QOQ_SQ":0,"NET_PROFIT_RATIO_SQ":0.779538409,"HOLDER_PROFIT_SQ":40524503.38,"HOLDER_PROFIT_QOQ_SQ":0,"ROE_AVG_SQ":0.782155918519,"PE_TTM_SQ":-3.756569046653,"PB_TTM_SQ":1.560464668691,"ROA_SQ":0.220263757708,"START_DATE":"2021-08-29 00:00:00","FISCAL_YEAR":"8-31","CURRENCY":"HKD","IS_CNY_CODE":0,"DPS_HKD_LY":0.775,"ORG_TYPE":"一般企业","PREMIUM_INCOME":null,"PREMIUM_INCOME_YOY":null,"NET_INTEREST_INCOME":null,"NET_INTEREST_INCOME_YOY":null,"FEE_COMMISSION_INCOME":null,"FEE_COMMISSION_INCOME_YOY":null,"ACCOUNTS_RECE_TDAYS":5.85495935855,"INVENTORY_TDAYS":40.369437665973,"CURRENT_ASSETS_TDAYS":1.961268192877,"TOTAL_ASSETS_TDAYS":0.318076020311,"PREMIUM_EXPENSE":null,"LOAN_DEPOSIT":null,"LOAN_EQUITY":null,"LOAN_ASSETS":null,"DEPOSIT_EQUITY":null,"DEPOSIT_ASSETS":null,"EQUITY_MULTIPLIER":3.969128461962,"EQUITY_RATIO":2.969128461965},{"SECUCODE":"01310.HK","SECURITY_CODE":"01310","SECURITY_NAME_ABBR":"香港宽频","ORG_CODE":"10432182","STD_REPORT_DATE":"2021-12-31 00:00:00","REPORT_DATE":"2021-08-31 00:00:00","DATE_TYPE_CODE":"001","REPORT_TYPE":"2021年年报","PER_NETCASH_OPERATE":1.491084431579,"PER_OI":7.260550203793,"BPS":3.507336064977,"BASIC_EPS":0.1312506,"DILUTED_EPS":0.116298,"OPERATE_INCOME":9522932971.5,"OPERATE_INCOME_YOY":21.2715238205,"GROSS_PROFIT":3748832802,"GROSS_PROFIT_YOY":-6.443408302279,"HOLDER_PROFIT":171848570.4,"HOLDER_PROFIT_YOY":112.8882211291,"GROSS_PROFIT_RATIO":39.366367622448,"EPS_TTM":0.131022152164,"OPERATE_INCOME_QOQ":0,"NET_PROFIT_RATIO":1.8045760788,"ROE_AVG":3.448366105024,"GROSS_PROFIT_QOQ":0,"ROA":0.942629259071,"HOLDER_PROFIT_QOQ":0,"ROE_YEARLY":3.448366105024,"ROIC_YEARLY":0.98993737691,"TOTAL_ASSETS":18083037293.1,"TOTAL_LIABILITIES":13482817569,"TAX_EBT":36.398936251979,"OCF_SALES":20.536796657637,"TOTAL_PARENT_EQUITY":4600219724.1,"DEBT_ASSET_RATIO":74.5605804515,"OPERATE_PROFIT":695962121.4,"PRETAX_PROFIT":270197635.5,"NETCASH_OPERATE":1955705380.2,"NETCASH_INVEST":-485461080,"NETCASH_FINANCE":-771244308.9,"END_CASH":1268197292.7,"DIVI_RATIO":3.585056360639,"DIVIDEND_RATE":9.77229601518,"CURRENT_RATIO":0.935779676439,"COMMON_ACS":3800000000,"CURRENTDEBT_DEBT":23.808283946381,"ISSUED_COMMON_SHARES":1311599356,"HK_COMMON_SHARES":1311599356,"PER_SHARES":500,"TOTAL_MARKET_CAP":6912128606.12,"HKSK_MARKET_CAP":6912128606.12,"PE_TTM":672.582330069086,"PB_TTM":2.706113622601,"REPORT_DATE_SQ":"2020-12-31 00:00:00","REPORT_TYPE_SQ":"2020年年报","OPERATE_INCOME_SQ":8367757536.4,"DPS_HKD":0.515,"OPERATE_INCOME_QOQ_SQ":0,"NET_PROFIT_RATIO_SQ":1.0220188244,"HOLDER_PROFIT_SQ":86018424.8,"HOLDER_PROFIT_QOQ_SQ":0,"ROE_AVG_SQ":1.39647310567,"PE_TTM_SQ":-3.756569046653,"PB_TTM_SQ":1.560464668691,"ROA_SQ":0.457223367194,"START_DATE":"2020-09-01 00:00:00","FISCAL_YEAR":"8-31","CURRENCY":"HKD","IS_CNY_CODE":0,"DPS_HKD_LY":0.77,"ORG_TYPE":"一般企业","PREMIUM_INCOME":null,"PREMIUM_INCOME_YOY":null,"NET_INTEREST_INCOME":null,"NET_INTEREST_INCOME_YOY":null,"FEE_COMMISSION_INCOME":null,"FEE_COMMISSION_INCOME_YOY":null,"ACCOUNTS_RECE_TDAYS":9.434245410229,"INVENTORY_TDAYS":52.408880477727,"CURRENT_ASSETS_TDAYS":3.511371011983,"TOTAL_ASSETS_TDAYS":0.522354956472,"PREMIUM_EXPENSE":null,"LOAN_DEPOSIT":null,"LOAN_EQUITY":null,"LOAN_ASSETS":null,"DEPOSIT_EQUITY":null,"DEPOSIT_ASSETS":null,"EQUITY_MULTIPLIER":3.930907299569,"EQUITY_RATIO":2.930907299572},{"SECUCODE":"01310.HK","SECURITY_CODE":"01310","SECURITY_NAME_ABBR":"香港宽频","ORG_CODE":"10432182","STD_REPORT_DATE":"2021-06-30 00:00:00","REPORT_DATE":"2021-02-28 00:00:00","DATE_TYPE_CODE":"002","REPORT_TYPE":"2021年中报","PER_NETCASH_OPERATE":0.69530369543,"PER_OI":3.96350114719,"BPS":3.790056171132,"BASIC_EPS":0.03087613,"DILUTED_EPS":0.02753817,"OPERATE_INCOME":5198525552.16,"OPERATE_INCOME_YOY":39.7619446111,"GROSS_PROFIT":1922086658.43,"GROSS_PROFIT_YOY":-4.114629562283,"HOLDER_PROFIT":40524503.38,"HOLDER_PROFIT_YOY":-63.2770967718,"GROSS_PROFIT_RATIO":36.973688772798,"EPS_TTM":0.00587452899,"OPERATE_INCOME_QOQ":0,"NET_PROFIT_RATIO":0.779538409,"ROE_AVG":0.782155918519,"GROSS_PROFIT_QOQ":0,"ROA":0.220263757708,"HOLDER_PROFIT_QOQ":0,"ROE_YEARLY":1.564311837038,"ROIC_YEARLY":0.460455879007,"TOTAL_ASSETS":18333989805.57,"TOTAL_LIABILITIES":13362954572.31,"TAX_EBT":46.362853166626,"OCF_SALES":17.542664165055,"TOTAL_PARENT_EQUITY":4971035233.26,"DEBT_ASSET_RATIO":72.8862332423,"OPERATE_PROFIT":347403193.94,"PRETAX_PROFIT":75553055.62,"NETCASH_OPERATE":911959879.15,"NETCASH_INVEST":-244271078.31,"NETCASH_FINANCE":-209491204.09,"END_CASH":1028035769.17,"DIVI_RATIO":79.959057280152,"DIVIDEND_RATE":9.77229601518,"CURRENT_RATIO":0.75380570924,"COMMON_ACS":3800000000,"CURRENTDEBT_DEBT":27.721423647403,"ISSUED_COMMON_SHARES":1311599356,"HK_COMMON_SHARES":1311599356,"PER_SHARES":500,"TOTAL_MARKET_CAP":6912128606.12,"HKSK_MARKET_CAP":6912128606.12,"PE_TTM":672.582330069086,"PB_TTM":2.706113622601,"REPORT_DATE_SQ":"2020-06-30 00:00:00","REPORT_TYPE_SQ":"2020年中报","OPERATE_INCOME_SQ":4005581042.12,"DPS_HKD":0.515,"OPERATE_INCOME_QOQ_SQ":0,"NET_PROFIT_RATIO_SQ":2.9521129693,"HOLDER_PROFIT_SQ":118837899.74,"HOLDER_PROFIT_QOQ_SQ":0,"ROE_AVG_SQ":1.824124714573,"PE_TTM_SQ":-3.756569046653,"PB_TTM_SQ":1.560464668691,"ROA_SQ":0.616452076106,"START_DATE":"2020-08-29 00:00:00","FISCAL_YEAR":"8-31","CURRENCY":"HKD","IS_CNY_CODE":0,"DPS_HKD_LY":0.77,"ORG_TYPE":"一般企业","PREMIUM_INCOME":null,"PREMIUM_INCOME_YOY":null,"NET_INTEREST_INCOME":null,"NET_INTEREST_INCOME_YOY":null,"FEE_COMMISSION_INCOME":null,"FEE_COMMISSION_INCOME_YOY":null,"ACCOUNTS_RECE_TDAYS":4.772685849344,"INVENTORY_TDAYS":27.257862290165,"CURRENT_ASSETS_TDAYS":1.990393394137,"TOTAL_ASSETS_TDAYS":0.282556645278,"PREMIUM_EXPENSE":null,"LOAN_DEPOSIT":null,"LOAN_EQUITY":null,"LOAN_ASSETS":null,"DEPOSIT_EQUITY":null,"DEPOSIT_ASSETS":null,"EQUITY_MULTIPLIER":3.68816331916,"EQUITY_RATIO":2.688163319162},{"SECUCODE":"01310.HK","SECURITY_CODE":"01310","SECURITY_NAME_ABBR":"香港宽频","ORG_CODE":"10432182","STD_REPORT_DATE":"2020-12-31 00:00:00","REPORT_DATE":"2020-08-31 00:00:00","DATE_TYPE_CODE":"001","REPORT_TYPE":"2020年年报","PER_NETCASH_OPERATE":1.470856088161,"PER_OI":6.379812172155,"BPS":4.360198629741,"BASIC_EPS":0.0655048,"DILUTED_EPS":0.0584232,"OPERATE_INCOME":8367757536.4,"OPERATE_INCOME_YOY":85.0749573629,"GROSS_PROFIT":4007021562,"GROSS_PROFIT_YOY":35.505429420598,"HOLDER_PROFIT":86018424.8,"HOLDER_PROFIT_YOY":-54.7031376004,"GROSS_PROFIT_RATIO":47.886444421571,"EPS_TTM":0.065582850744,"OPERATE_INCOME_QOQ":0,"NET_PROFIT_RATIO":1.0220188244,"ROE_AVG":1.39647310567,"GROSS_PROFIT_QOQ":0,"ROA":0.457223367194,"HOLDER_PROFIT_QOQ":0,"ROE_YEARLY":1.39647310567,"ROIC_YEARLY":0.47209811891,"TOTAL_ASSETS":19584266598,"TOTAL_LIABILITIES":13865432883.2,"TAX_EBT":-4.895659160496,"OCF_SALES":23.054849397919,"TOTAL_PARENT_EQUITY":5718833714.8,"DEBT_ASSET_RATIO":70.7988364732,"OPERATE_PROFIT":548208786,"PRETAX_PROFIT":81528690.4,"NETCASH_OPERATE":1929173898,"NETCASH_INVEST":-797762599.6,"NETCASH_FINANCE":-1120255122.8,"END_CASH":598799736.4,"DIVI_RATIO":7.162265663567,"DIVIDEND_RATE":9.77229601518,"CURRENT_RATIO":0.628982825808,"COMMON_ACS":3800000000,"CURRENTDEBT_DEBT":29.571396540875,"ISSUED_COMMON_SHARES":1311599356,"HK_COMMON_SHARES":1311599356,"PER_SHARES":500,"TOTAL_MARKET_CAP":6912128606.12,"HKSK_MARKET_CAP":6912128606.12,"PE_TTM":672.582330069086,"PB_TTM":2.706113622601,"REPORT_DATE_SQ":"2019-12-31 00:00:00","REPORT_TYPE_SQ":"2019年年报","OPERATE_INCOME_SQ":4613830654.84,"DPS_HKD":0.515,"OPERATE_INCOME_QOQ_SQ":0,"NET_PROFIT_RATIO_SQ":4.2001222875,"HOLDER_PROFIT_SQ":193786529.64,"HOLDER_PROFIT_QOQ_SQ":0,"ROE_AVG_SQ":5.051573131509,"PE_TTM_SQ":-3.756569046653,"PB_TTM_SQ":1.560464668691,"ROA_SQ":1.591257891266,"START_DATE":"2019-09-01 00:00:00","FISCAL_YEAR":"8-31","CURRENCY":"HKD","IS_CNY_CODE":0,"DPS_HKD_LY":0.73,"ORG_TYPE":"一般企业","PREMIUM_INCOME":null,"PREMIUM_INCOME_YOY":null,"NET_INTEREST_INCOME":null,"NET_INTEREST_INCOME_YOY":null,"FEE_COMMISSION_INCOME":null,"FEE_COMMISSION_INCOME_YOY":null,"ACCOUNTS_RECE_TDAYS":9.875768266807,"INVENTORY_TDAYS":53.602076068092,"CURRENT_ASSETS_TDAYS":4.056589531179,"TOTAL_ASSETS_TDAYS":0.444780788017,"PREMIUM_EXPENSE":null,"LOAN_DEPOSIT":null,"LOAN_EQUITY":null,"LOAN_ASSETS":null,"DEPOSIT_EQUITY":null,"DEPOSIT_ASSETS":null,"EQUITY_MULTIPLIER":3.424521078012,"EQUITY_RATIO":2.424521078016}],"count":25},"success":true,"message":"ok","code":0}