{"version":"765b5cbc121e8a0bb47bf47871057040","result":{"pages":4,"data":[{"SECUCODE":"01323.HK","SECURITY_CODE":"01323","SECURITY_NAME_ABBR":"华盛国际控股","ORG_CODE":"10169511","STD_REPORT_DATE":"2024-06-30 00:00:00","REPORT_DATE":"2024-09-30 00:00:00","DATE_TYPE_CODE":"002","REPORT_TYPE":"2024年中报","PER_NETCASH_OPERATE":0.006241424068,"PER_OI":0.245425205596,"BPS":1.138405915266,"BASIC_EPS":-0.029127817,"DILUTED_EPS":-0.029127817,"OPERATE_INCOME":185456720.66,"OPERATE_INCOME_YOY":-34.2712771228,"GROSS_PROFIT":38916747.45,"GROSS_PROFIT_YOY":-53.991121027217,"HOLDER_PROFIT":-22002774.21,"HOLDER_PROFIT_YOY":-546.1599576271,"GROSS_PROFIT_RATIO":20.984274558239,"EPS_TTM":-0.037719393432,"OPERATE_INCOME_QOQ":0,"NET_PROFIT_RATIO":-11.864101841,"ROE_AVG":-2.549098271766,"GROSS_PROFIT_QOQ":0,"ROA":-1.51614386558,"HOLDER_PROFIT_QOQ":0,"ROE_YEARLY":-5.098196543532,"ROIC_YEARLY":-3.34842703252,"TOTAL_ASSETS":1427155719.99,"TOTAL_LIABILITIES":566913890.66,"TAX_EBT":4.355154841239,"OCF_SALES":2.543106382565,"TOTAL_PARENT_EQUITY":860241829.33,"DEBT_ASSET_RATIO":39.7233380156,"OPERATE_PROFIT":-11375179.06,"PRETAX_PROFIT":-23004662.9,"NETCASH_OPERATE":4716361.7,"NETCASH_INVEST":-7057408.54,"NETCASH_FINANCE":-16969884.22,"END_CASH":126717727.22,"DIVI_RATIO":null,"DIVIDEND_RATE":null,"CURRENT_RATIO":2.675571473258,"COMMON_ACS":1000000000,"CURRENTDEBT_DEBT":65.600314322346,"ISSUED_COMMON_SHARES":755654743,"HK_COMMON_SHARES":755654743,"PER_SHARES":20000,"TOTAL_MARKET_CAP":95968152.361,"HKSK_MARKET_CAP":95968152.361,"PE_TTM":-1.843272748175,"PB_TTM":0.1006032457,"REPORT_DATE_SQ":"2023-06-30 00:00:00","REPORT_TYPE_SQ":"2023年中报","OPERATE_INCOME_SQ":287110827.29,"DPS_HKD":null,"OPERATE_INCOME_QOQ_SQ":0,"NET_PROFIT_RATIO_SQ":-1.2068408958,"HOLDER_PROFIT_SQ":-3464970.88,"HOLDER_PROFIT_QOQ_SQ":0,"ROE_AVG_SQ":-0.396302090084,"PE_TTM_SQ":-12.955887007109,"PB_TTM_SQ":0.098740095918,"ROA_SQ":-0.213765937621,"START_DATE":"2024-04-01 00:00:00","FISCAL_YEAR":"3-31","CURRENCY":"HKD","IS_CNY_CODE":0,"DPS_HKD_LY":null,"ORG_TYPE":"一般企业","PREMIUM_INCOME":null,"PREMIUM_INCOME_YOY":null,"NET_INTEREST_INCOME":null,"NET_INTEREST_INCOME_YOY":null,"FEE_COMMISSION_INCOME":null,"FEE_COMMISSION_INCOME_YOY":null,"ACCOUNTS_RECE_TDAYS":0.227972255878,"INVENTORY_TDAYS":18.788183605041,"CURRENT_ASSETS_TDAYS":0.180821908173,"TOTAL_ASSETS_TDAYS":0.127792553191,"PREMIUM_EXPENSE":null,"LOAN_DEPOSIT":null,"LOAN_EQUITY":null,"LOAN_ASSETS":null,"DEPOSIT_EQUITY":null,"DEPOSIT_ASSETS":null,"EQUITY_MULTIPLIER":1.659016884941,"EQUITY_RATIO":0.65901688494},{"SECUCODE":"01323.HK","SECURITY_CODE":"01323","SECURITY_NAME_ABBR":"华盛国际控股","ORG_CODE":"10169511","STD_REPORT_DATE":"2023-12-31 00:00:00","REPORT_DATE":"2024-03-31 00:00:00","DATE_TYPE_CODE":"001","REPORT_TYPE":"2023年年报","PER_NETCASH_OPERATE":0.116067423929,"PER_OI":0.678910691758,"BPS":1.152176848508,"BASIC_EPS":-0.056296755,"DILUTED_EPS":-0.056296755,"OPERATE_INCOME":513022084.3,"OPERATE_INCOME_YOY":-14.3048377352,"GROSS_PROFIT":140022993.35,"GROSS_PROFIT_YOY":-15.972089258846,"HOLDER_PROFIT":-28502838.55,"HOLDER_PROFIT_YOY":42.598678205,"GROSS_PROFIT_RATIO":27.29375550003,"EPS_TTM":-0.009822280921,"OPERATE_INCOME_QOQ":0,"NET_PROFIT_RATIO":-5.5558697027,"ROE_AVG":-3.267108259525,"GROSS_PROFIT_QOQ":0,"ROA":-1.830742629588,"HOLDER_PROFIT_QOQ":0,"ROE_YEARLY":-3.267108259525,"ROIC_YEARLY":-1.96387803606,"TOTAL_ASSETS":1483096762.45,"TOTAL_LIABILITIES":612448862.1,"TAX_EBT":-17.085614270286,"OCF_SALES":17.096125504943,"TOTAL_PARENT_EQUITY":870647900.35,"DEBT_ASSET_RATIO":41.2952733501,"OPERATE_PROFIT":-6492711.1,"PRETAX_PROFIT":-24343587.15,"NETCASH_OPERATE":87706899.4,"NETCASH_INVEST":8975751.55,"NETCASH_FINANCE":-10529578.25,"END_CASH":100470216.85,"DIVI_RATIO":null,"DIVIDEND_RATE":null,"CURRENT_RATIO":2.541763960382,"COMMON_ACS":1000000000,"CURRENTDEBT_DEBT":68.208448419289,"ISSUED_COMMON_SHARES":755654743,"HK_COMMON_SHARES":755654743,"PER_SHARES":20000,"TOTAL_MARKET_CAP":179090174.091,"HKSK_MARKET_CAP":179090174.091,"PE_TTM":-3.439808199351,"PB_TTM":0.187739915204,"REPORT_DATE_SQ":"2022-12-31 00:00:00","REPORT_TYPE_SQ":"2022年年报","OPERATE_INCOME_SQ":578095377.11,"DPS_HKD":null,"OPERATE_INCOME_QOQ_SQ":0,"NET_PROFIT_RATIO_SQ":-8.2944284349,"HOLDER_PROFIT_SQ":-47949707.34,"HOLDER_PROFIT_QOQ_SQ":0,"ROE_AVG_SQ":-5.706287761547,"PE_TTM_SQ":null,"PB_TTM_SQ":null,"ROA_SQ":-2.864707751327,"START_DATE":"2023-04-01 00:00:00","FISCAL_YEAR":"3-31","CURRENCY":"HKD","IS_CNY_CODE":0,"DPS_HKD_LY":null,"ORG_TYPE":"一般企业","PREMIUM_INCOME":null,"PREMIUM_INCOME_YOY":null,"NET_INTEREST_INCOME":null,"NET_INTEREST_INCOME_YOY":null,"FEE_COMMISSION_INCOME":null,"FEE_COMMISSION_INCOME_YOY":null,"ACCOUNTS_RECE_TDAYS":0.590657194403,"INVENTORY_TDAYS":47.973998717426,"CURRENT_ASSETS_TDAYS":0.46606526574,"TOTAL_ASSETS_TDAYS":0.329515040406,"PREMIUM_EXPENSE":null,"LOAN_DEPOSIT":null,"LOAN_EQUITY":null,"LOAN_ASSETS":null,"DEPOSIT_EQUITY":null,"DEPOSIT_ASSETS":null,"EQUITY_MULTIPLIER":1.703440348106,"EQUITY_RATIO":0.703440348106},{"SECUCODE":"01323.HK","SECURITY_CODE":"01323","SECURITY_NAME_ABBR":"华盛国际控股","ORG_CODE":"10169511","STD_REPORT_DATE":"2023-06-30 00:00:00","REPORT_DATE":"2023-09-30 00:00:00","DATE_TYPE_CODE":"002","REPORT_TYPE":"2023年中报","PER_NETCASH_OPERATE":-0.001909535013,"PER_OI":0.068390687223,"BPS":1.143086695944,"BASIC_EPS":-0.007799855,"DILUTED_EPS":-0.007799855,"OPERATE_INCOME":287110827.29,"OPERATE_INCOME_YOY":-12.0282402162,"GROSS_PROFIT":84585298.14,"GROSS_PROFIT_YOY":-3.481786679221,"HOLDER_PROFIT":-3464970.88,"HOLDER_PROFIT_YOY":92.650264715,"GROSS_PROFIT_RATIO":29.460852778834,"EPS_TTM":-0.011421768618,"OPERATE_INCOME_QOQ":0,"NET_PROFIT_RATIO":-1.2068408958,"ROE_AVG":-0.396302090084,"GROSS_PROFIT_QOQ":0,"ROA":-0.213765937621,"HOLDER_PROFIT_QOQ":0,"ROE_YEARLY":-0.792604180168,"ROIC_YEARLY":-0.441888347126,"TOTAL_ASSETS":1591201619.42,"TOTAL_LIABILITIES":727422735.97,"TAX_EBT":-50.678371907422,"OCF_SALES":-2.792098004685,"TOTAL_PARENT_EQUITY":863778883.45,"DEBT_ASSET_RATIO":45.715308927,"OPERATE_PROFIT":7273135.38,"PRETAX_PROFIT":-2299580.78,"NETCASH_OPERATE":-8016415.68,"NETCASH_INVEST":2332615.46,"NETCASH_FINANCE":-19680410.61,"END_CASH":41556709.81,"DIVI_RATIO":null,"DIVIDEND_RATE":null,"CURRENT_RATIO":2.175991752664,"COMMON_ACS":1000000000,"CURRENTDEBT_DEBT":71.828226647778,"ISSUED_COMMON_SHARES":755654743,"HK_COMMON_SHARES":755654743,"PER_SHARES":20000,"TOTAL_MARKET_CAP":179090174.091,"HKSK_MARKET_CAP":179090174.091,"PE_TTM":-3.439808199351,"PB_TTM":0.187739915204,"REPORT_DATE_SQ":"2022-06-30 00:00:00","REPORT_TYPE_SQ":"2022年中报","OPERATE_INCOME_SQ":321675843.72,"DPS_HKD":null,"OPERATE_INCOME_QOQ_SQ":0,"NET_PROFIT_RATIO_SQ":-14.4451348608,"HOLDER_PROFIT_SQ":-46466509.44,"HOLDER_PROFIT_QOQ_SQ":0,"ROE_AVG_SQ":-5.452796155363,"PE_TTM_SQ":null,"PB_TTM_SQ":null,"ROA_SQ":-2.608894137326,"START_DATE":"2023-04-01 00:00:00","FISCAL_YEAR":"3-31","CURRENCY":"HKD","IS_CNY_CODE":0,"DPS_HKD_LY":null,"ORG_TYPE":"一般企业","PREMIUM_INCOME":null,"PREMIUM_INCOME_YOY":null,"NET_INTEREST_INCOME":null,"NET_INTEREST_INCOME_YOY":null,"FEE_COMMISSION_INCOME":null,"FEE_COMMISSION_INCOME_YOY":null,"ACCOUNTS_RECE_TDAYS":0.592090273599,"INVENTORY_TDAYS":27.555402958986,"CURRENT_ASSETS_TDAYS":0.250688750482,"TOTAL_ASSETS_TDAYS":0.17712851658,"PREMIUM_EXPENSE":null,"LOAN_DEPOSIT":null,"LOAN_EQUITY":null,"LOAN_ASSETS":null,"DEPOSIT_EQUITY":null,"DEPOSIT_ASSETS":null,"EQUITY_MULTIPLIER":1.842139985019,"EQUITY_RATIO":0.842139985021},{"SECUCODE":"01323.HK","SECURITY_CODE":"01323","SECURITY_NAME_ABBR":"华盛国际控股","ORG_CODE":"10169511","STD_REPORT_DATE":"2022-12-31 00:00:00","REPORT_DATE":"2023-03-31 00:00:00","DATE_TYPE_CODE":"001","REPORT_TYPE":"2022年年报","PER_NETCASH_OPERATE":-0.005588896968,"PER_OI":0.137704107137,"BPS":1.117123423944,"BASIC_EPS":-0.109076086,"DILUTED_EPS":-0.109076086,"OPERATE_INCOME":578095377.11,"OPERATE_INCOME_YOY":-17.8552103404,"GROSS_PROFIT":166638670.55,"GROSS_PROFIT_YOY":13.183841171008,"HOLDER_PROFIT":-47949707.34,"HOLDER_PROFIT_YOY":-275.0359505321,"GROSS_PROFIT_RATIO":28.825463262318,"EPS_TTM":-0.009258376145,"OPERATE_INCOME_QOQ":0,"NET_PROFIT_RATIO":-8.2944284349,"ROE_AVG":-5.706287761547,"GROSS_PROFIT_QOQ":0,"ROA":-2.864707751327,"HOLDER_PROFIT_QOQ":0,"ROE_YEARLY":-5.706287761547,"ROIC_YEARLY":-3.029519479848,"TOTAL_ASSETS":1574689258.82,"TOTAL_LIABILITIES":730529645,"TAX_EBT":4.702671828394,"OCF_SALES":-4.058627650215,"TOTAL_PARENT_EQUITY":844159613.82,"DEBT_ASSET_RATIO":46.3919875562,"OPERATE_PROFIT":-22884092.81,"PRETAX_PROFIT":-41381506.11,"NETCASH_OPERATE":-23462738.82,"NETCASH_INVEST":-69711524.53,"NETCASH_FINANCE":93998024.16,"END_CASH":13211687.72,"DIVI_RATIO":null,"DIVIDEND_RATE":null,"CURRENT_RATIO":2.088456382305,"COMMON_ACS":1000000000,"CURRENTDEBT_DEBT":72.13529059317,"ISSUED_COMMON_SHARES":755654743,"HK_COMMON_SHARES":755654743,"PER_SHARES":20000,"TOTAL_MARKET_CAP":178334519.348,"HKSK_MARKET_CAP":178334519.348,"PE_TTM":-3.425294240704,"PB_TTM":0.186947763663,"REPORT_DATE_SQ":"2021-12-31 00:00:00","REPORT_TYPE_SQ":"2021年年报","OPERATE_INCOME_SQ":651979860.11,"DPS_HKD":null,"OPERATE_INCOME_QOQ_SQ":0,"NET_PROFIT_RATIO_SQ":3.619746723,"HOLDER_PROFIT_SQ":25378935.93,"HOLDER_PROFIT_QOQ_SQ":0,"ROE_AVG_SQ":3.338553880097,"PE_TTM_SQ":-1.287614125351,"PB_TTM_SQ":0.074924734124,"ROA_SQ":1.664645239539,"START_DATE":"2022-04-01 00:00:00","FISCAL_YEAR":"3-31","CURRENCY":"HKD","IS_CNY_CODE":0,"DPS_HKD_LY":null,"ORG_TYPE":"一般企业","PREMIUM_INCOME":null,"PREMIUM_INCOME_YOY":null,"NET_INTEREST_INCOME":null,"NET_INTEREST_INCOME_YOY":null,"FEE_COMMISSION_INCOME":null,"FEE_COMMISSION_INCOME_YOY":null,"ACCOUNTS_RECE_TDAYS":1.247026521249,"INVENTORY_TDAYS":35.056199888122,"CURRENT_ASSETS_TDAYS":0.460643876442,"TOTAL_ASSETS_TDAYS":0.345377354667,"PREMIUM_EXPENSE":null,"LOAN_DEPOSIT":null,"LOAN_EQUITY":null,"LOAN_ASSETS":null,"DEPOSIT_EQUITY":null,"DEPOSIT_ASSETS":null,"EQUITY_MULTIPLIER":1.865392791886,"EQUITY_RATIO":0.865392791885},{"SECUCODE":"01323.HK","SECURITY_CODE":"01323","SECURITY_NAME_ABBR":"华盛国际控股","ORG_CODE":"10169511","STD_REPORT_DATE":"2022-06-30 00:00:00","REPORT_DATE":"2022-09-30 00:00:00","DATE_TYPE_CODE":"002","REPORT_TYPE":"2022年中报","PER_NETCASH_OPERATE":-0.005785005778,"PER_OI":0.076624181062,"BPS":1.111815673524,"BASIC_EPS":-0.0113688108,"DILUTED_EPS":-0.0113688108,"OPERATE_INCOME":321675843.72,"OPERATE_INCOME_YOY":-4.4088833463,"GROSS_PROFIT":87636618.24,"GROSS_PROFIT_YOY":22.720476632147,"HOLDER_PROFIT":-46466509.44,"HOLDER_PROFIT_YOY":-340.7159255962,"GROSS_PROFIT_RATIO":27.243767274077,"EPS_TTM":0.006045341047,"OPERATE_INCOME_QOQ":0,"NET_PROFIT_RATIO":-14.4451348608,"ROE_AVG":-5.452796155363,"GROSS_PROFIT_QOQ":0,"ROA":-2.608894137326,"HOLDER_PROFIT_QOQ":0,"ROE_YEARLY":-10.905592310725,"ROIC_YEARLY":-5.623633798284,"TOTAL_ASSETS":1730441536.56,"TOTAL_LIABILITIES":890292749.52,"TAX_EBT":3.872784342688,"OCF_SALES":-7.549843531658,"TOTAL_PARENT_EQUITY":840148787.04,"DEBT_ASSET_RATIO":51.448877683,"OPERATE_PROFIT":-30014745.84,"PRETAX_PROFIT":-39187576.32,"NETCASH_OPERATE":-24286022.88,"NETCASH_INVEST":13602777.6,"NETCASH_FINANCE":53304075.84,"END_CASH":131767863.6,"DIVI_RATIO":null,"DIVIDEND_RATE":null,"CURRENT_RATIO":2.058170596842,"COMMON_ACS":1000000000,"CURRENTDEBT_DEBT":74.499623104602,"ISSUED_COMMON_SHARES":755654743,"HK_COMMON_SHARES":755654743,"PER_SHARES":20000,"TOTAL_MARKET_CAP":178334519.348,"HKSK_MARKET_CAP":178334519.348,"PE_TTM":-3.425294240704,"PB_TTM":0.186947763663,"REPORT_DATE_SQ":"2021-06-30 00:00:00","REPORT_TYPE_SQ":"2021年中报","OPERATE_INCOME_SQ":309954135.02,"DPS_HKD":null,"OPERATE_INCOME_QOQ_SQ":0,"NET_PROFIT_RATIO_SQ":5.3031620691,"HOLDER_PROFIT_SQ":17779999.58,"HOLDER_PROFIT_QOQ_SQ":0,"ROE_AVG_SQ":2.302290046692,"PE_TTM_SQ":-1.287614125351,"PB_TTM_SQ":0.074924734124,"ROA_SQ":1.189652702568,"START_DATE":"2022-04-01 00:00:00","FISCAL_YEAR":"3-31","CURRENCY":"HKD","IS_CNY_CODE":0,"DPS_HKD_LY":null,"ORG_TYPE":"一般企业","PREMIUM_INCOME":null,"PREMIUM_INCOME_YOY":null,"NET_INTEREST_INCOME":null,"NET_INTEREST_INCOME_YOY":null,"FEE_COMMISSION_INCOME":null,"FEE_COMMISSION_INCOME_YOY":null,"ACCOUNTS_RECE_TDAYS":11.487080937924,"INVENTORY_TDAYS":17.95559102106,"CURRENT_ASSETS_TDAYS":0.228038510908,"TOTAL_ASSETS_TDAYS":0.1806071153,"PREMIUM_EXPENSE":null,"LOAN_DEPOSIT":null,"LOAN_EQUITY":null,"LOAN_ASSETS":null,"DEPOSIT_EQUITY":null,"DEPOSIT_ASSETS":null,"EQUITY_MULTIPLIER":2.059684621646,"EQUITY_RATIO":1.059684621645},{"SECUCODE":"01323.HK","SECURITY_CODE":"01323","SECURITY_NAME_ABBR":"华盛国际控股","ORG_CODE":"10169511","STD_REPORT_DATE":"2021-12-31 00:00:00","REPORT_DATE":"2022-03-31 00:00:00","DATE_TYPE_CODE":"001","REPORT_TYPE":"2021年年报","PER_NETCASH_OPERATE":0.021544122287,"PER_OI":0.186327963811,"BPS":1.02546802879,"BASIC_EPS":0.007217989,"DILUTED_EPS":0.007217989,"OPERATE_INCOME":651979860.11,"OPERATE_INCOME_YOY":-5.9634604256,"GROSS_PROFIT":147228322.37,"GROSS_PROFIT_YOY":-12.027637515615,"HOLDER_PROFIT":25378935.93,"HOLDER_PROFIT_YOY":-28.7029231505,"GROSS_PROFIT_RATIO":22.496263770838,"EPS_TTM":0.013307172266,"OPERATE_INCOME_QOQ":0,"NET_PROFIT_RATIO":3.619746723,"ROE_AVG":3.338553880097,"GROSS_PROFIT_QOQ":0,"ROA":1.664645239539,"HOLDER_PROFIT_QOQ":0,"ROE_YEARLY":3.338553880097,"ROIC_YEARLY":1.782542668123,"TOTAL_ASSETS":1642500435.53,"TOTAL_LIABILITIES":867600655.78,"TAX_EBT":-0.937593759376,"OCF_SALES":10.752011548765,"TOTAL_PARENT_EQUITY":774899779.75,"DEBT_ASSET_RATIO":52.8219437275,"OPERATE_PROFIT":43874018.98,"PRETAX_PROFIT":21624770.64,"NETCASH_OPERATE":75385001.52,"NETCASH_INVEST":-84525895.23,"NETCASH_FINANCE":-54820220.95,"END_CASH":12218676.66,"DIVI_RATIO":null,"DIVIDEND_RATE":null,"CURRENT_RATIO":1.997398385684,"COMMON_ACS":1000000000,"CURRENTDEBT_DEBT":75.346286799691,"ISSUED_COMMON_SHARES":755654743,"HK_COMMON_SHARES":755654743,"PER_SHARES":20000,"TOTAL_MARKET_CAP":178334519.348,"HKSK_MARKET_CAP":178334519.348,"PE_TTM":-3.425294240704,"PB_TTM":0.186947763663,"REPORT_DATE_SQ":"2020-12-31 00:00:00","REPORT_TYPE_SQ":"2020年年报","OPERATE_INCOME_SQ":777001019.76,"DPS_HKD":null,"OPERATE_INCOME_QOQ_SQ":0,"NET_PROFIT_RATIO_SQ":4.7737922753,"HOLDER_PROFIT_SQ":37095795.38,"HOLDER_PROFIT_QOQ_SQ":0,"ROE_AVG_SQ":5.296239984554,"PE_TTM_SQ":-1.287614125351,"PB_TTM_SQ":0.074924734124,"ROA_SQ":2.691716827293,"START_DATE":"2021-04-01 00:00:00","FISCAL_YEAR":"3-31","CURRENCY":"HKD","IS_CNY_CODE":0,"DPS_HKD_LY":0.003,"ORG_TYPE":"一般企业","PREMIUM_INCOME":null,"PREMIUM_INCOME_YOY":null,"NET_INTEREST_INCOME":null,"NET_INTEREST_INCOME_YOY":null,"FEE_COMMISSION_INCOME":null,"FEE_COMMISSION_INCOME_YOY":null,"ACCOUNTS_RECE_TDAYS":16.502499255868,"INVENTORY_TDAYS":40.829103317998,"CURRENT_ASSETS_TDAYS":0.595085035454,"TOTAL_ASSETS_TDAYS":0.459878927154,"PREMIUM_EXPENSE":null,"LOAN_DEPOSIT":null,"LOAN_EQUITY":null,"LOAN_ASSETS":null,"DEPOSIT_EQUITY":null,"DEPOSIT_ASSETS":null,"EQUITY_MULTIPLIER":2.119629503649,"EQUITY_RATIO":1.11962950365},{"SECUCODE":"01323.HK","SECURITY_CODE":"01323","SECURITY_NAME_ABBR":"华盛国际控股","ORG_CODE":"10169511","STD_REPORT_DATE":"2021-06-30 00:00:00","REPORT_DATE":"2021-09-30 00:00:00","DATE_TYPE_CODE":"002","REPORT_TYPE":"2021年中报","PER_NETCASH_OPERATE":-0.001506322538,"PER_OI":0.088581145503,"BPS":1.030663983909,"BASIC_EPS":0.005081666,"DILUTED_EPS":0.005081666,"OPERATE_INCOME":309954135.02,"OPERATE_INCOME_YOY":-19.3577602962,"GROSS_PROFIT":71411569.32,"GROSS_PROFIT_YOY":-15.686892371467,"HOLDER_PROFIT":17779999.58,"HOLDER_PROFIT_YOY":125.6131078224,"GROSS_PROFIT_RATIO":22.860522091746,"EPS_TTM":0.010601529958,"OPERATE_INCOME_QOQ":0,"NET_PROFIT_RATIO":5.3031620691,"ROE_AVG":2.302290046692,"GROSS_PROFIT_QOQ":0,"ROA":1.189652702568,"HOLDER_PROFIT_QOQ":0,"ROE_YEARLY":4.604580093384,"ROIC_YEARLY":2.526191198337,"TOTAL_ASSETS":1544192505.34,"TOTAL_LIABILITIES":765366377.46,"TAX_EBT":-3.821067507338,"OCF_SALES":-1.572089509961,"TOTAL_PARENT_EQUITY":778826127.88,"DEBT_ASSET_RATIO":49.5641815909,"OPERATE_PROFIT":24994299.18,"PRETAX_PROFIT":15326637.88,"NETCASH_OPERATE":-5270770.62,"NETCASH_INVEST":3174791.66,"NETCASH_FINANCE":-15639035.38,"END_CASH":82063074.48,"DIVI_RATIO":null,"DIVIDEND_RATE":null,"CURRENT_RATIO":2.308943022689,"COMMON_ACS":1000000000,"CURRENTDEBT_DEBT":66.293656209966,"ISSUED_COMMON_SHARES":755654743,"HK_COMMON_SHARES":755654743,"PER_SHARES":20000,"TOTAL_MARKET_CAP":178334519.348,"HKSK_MARKET_CAP":178334519.348,"PE_TTM":-3.425294240704,"PB_TTM":0.186947763663,"REPORT_DATE_SQ":"2020-06-30 00:00:00","REPORT_TYPE_SQ":"2020年中报","OPERATE_INCOME_SQ":438539275.52,"DPS_HKD":null,"OPERATE_INCOME_QOQ_SQ":0,"NET_PROFIT_RATIO_SQ":1.8796887859,"HOLDER_PROFIT_SQ":8312691.2,"HOLDER_PROFIT_QOQ_SQ":0,"ROE_AVG_SQ":1.248516067386,"PE_TTM_SQ":-1.287614125351,"PB_TTM_SQ":0.074924734124,"ROA_SQ":0.614060226586,"START_DATE":"2021-04-01 00:00:00","FISCAL_YEAR":"3-31","CURRENCY":"HKD","IS_CNY_CODE":0,"DPS_HKD_LY":0.003,"ORG_TYPE":"一般企业","PREMIUM_INCOME":null,"PREMIUM_INCOME_YOY":null,"NET_INTEREST_INCOME":null,"NET_INTEREST_INCOME_YOY":null,"FEE_COMMISSION_INCOME":null,"FEE_COMMISSION_INCOME_YOY":null,"ACCOUNTS_RECE_TDAYS":7.108247521159,"INVENTORY_TDAYS":22.177661892346,"CURRENT_ASSETS_TDAYS":0.297916660498,"TOTAL_ASSETS_TDAYS":0.224328935656,"PREMIUM_EXPENSE":null,"LOAN_DEPOSIT":null,"LOAN_EQUITY":null,"LOAN_ASSETS":null,"DEPOSIT_EQUITY":null,"DEPOSIT_ASSETS":null,"EQUITY_MULTIPLIER":1.982717900776,"EQUITY_RATIO":0.982717900776},{"SECUCODE":"01323.HK","SECURITY_CODE":"01323","SECURITY_NAME_ABBR":"华盛国际控股","ORG_CODE":"10169511","STD_REPORT_DATE":"2020-12-31 00:00:00","REPORT_DATE":"2021-03-31 00:00:00","DATE_TYPE_CODE":"001","REPORT_TYPE":"2020年年报","PER_NETCASH_OPERATE":-0.010192357423,"PER_OI":0.222057500161,"BPS":1.02806640548,"BASIC_EPS":0.01098734,"DILUTED_EPS":0.01098734,"OPERATE_INCOME":777001019.76,"OPERATE_INCOME_YOY":354.2580578216,"GROSS_PROFIT":167357472.52,"GROSS_PROFIT_YOY":133.116855081772,"HOLDER_PROFIT":37095795.38,"HOLDER_PROFIT_YOY":156.1022062019,"GROSS_PROFIT_RATIO":21.538899983901,"EPS_TTM":-0.021531672228,"OPERATE_INCOME_QOQ":0,"NET_PROFIT_RATIO":4.7737922753,"ROE_AVG":5.296239984554,"GROSS_PROFIT_QOQ":0,"ROA":2.691716827293,"HOLDER_PROFIT_QOQ":0,"ROE_YEARLY":5.296239984554,"ROIC_YEARLY":2.798683647554,"TOTAL_ASSETS":1465936819.06,"TOTAL_LIABILITIES":689073563.64,"TAX_EBT":105.78081091931,"OCF_SALES":-4.589963147155,"TOTAL_PARENT_EQUITY":776863255.42,"DEBT_ASSET_RATIO":47.0056795546,"OPERATE_PROFIT":38371172,"PRETAX_PROFIT":16842747.04,"NETCASH_OPERATE":-35664060.46,"NETCASH_INVEST":-9007928.44,"NETCASH_FINANCE":98183715.42,"END_CASH":75316525.34,"DIVI_RATIO":null,"DIVIDEND_RATE":null,"CURRENT_RATIO":2.55103989855,"COMMON_ACS":1000000000,"CURRENTDEBT_DEBT":62.288635566382,"ISSUED_COMMON_SHARES":755654743,"HK_COMMON_SHARES":755654743,"PER_SHARES":20000,"TOTAL_MARKET_CAP":178334519.348,"HKSK_MARKET_CAP":178334519.348,"PE_TTM":-3.425294240704,"PB_TTM":0.186947763663,"REPORT_DATE_SQ":"2019-12-31 00:00:00","REPORT_TYPE_SQ":"2019年年报","OPERATE_INCOME_SQ":184915519.7,"DPS_HKD":null,"OPERATE_INCOME_QOQ_SQ":0,"NET_PROFIT_RATIO_SQ":-36.6314369238,"HOLDER_PROFIT_SQ":-71482405.8,"HOLDER_PROFIT_QOQ_SQ":0,"ROE_AVG_SQ":-13.80449368613,"PE_TTM_SQ":-1.287614125351,"PB_TTM_SQ":0.074924734124,"ROA_SQ":-7.23079980221,"START_DATE":"2020-04-01 00:00:00","FISCAL_YEAR":"3-31","CURRENCY":"HKD","IS_CNY_CODE":0,"DPS_HKD_LY":null,"ORG_TYPE":"一般企业","PREMIUM_INCOME":null,"PREMIUM_INCOME_YOY":null,"NET_INTEREST_INCOME":null,"NET_INTEREST_INCOME_YOY":null,"FEE_COMMISSION_INCOME":null,"FEE_COMMISSION_INCOME_YOY":null,"ACCOUNTS_RECE_TDAYS":17.668588560886,"INVENTORY_TDAYS":51.366779419619,"CURRENT_ASSETS_TDAYS":0.7916427889,"TOTAL_ASSETS_TDAYS":0.5638015571,"PREMIUM_EXPENSE":null,"LOAN_DEPOSIT":null,"LOAN_EQUITY":null,"LOAN_ASSETS":null,"DEPOSIT_EQUITY":null,"DEPOSIT_ASSETS":null,"EQUITY_MULTIPLIER":1.886994665835,"EQUITY_RATIO":0.886994665834},{"SECUCODE":"01323.HK","SECURITY_CODE":"01323","SECURITY_NAME_ABBR":"华盛国际控股","ORG_CODE":"10169511","STD_REPORT_DATE":"2020-06-30 00:00:00","REPORT_DATE":"2020-09-30 00:00:00","DATE_TYPE_CODE":"002","REPORT_TYPE":"2020年中报","PER_NETCASH_OPERATE":0.019197671446,"PER_OI":0.132767555369,"BPS":0.903690372469,"BASIC_EPS":0.0025307136,"DILUTED_EPS":0.0025307136,"OPERATE_INCOME":438539275.52,"OPERATE_INCOME_YOY":737.9059928712,"GROSS_PROFIT":84698063.36,"GROSS_PROFIT_YOY":139.367928422915,"HOLDER_PROFIT":8312691.2,"HOLDER_PROFIT_YOY":-29.8947680451,"GROSS_PROFIT_RATIO":19.675109628634,"EPS_TTM":-0.021641264078,"OPERATE_INCOME_QOQ":0,"NET_PROFIT_RATIO":1.8796887859,"ROE_AVG":1.248516067386,"GROSS_PROFIT_QOQ":0,"ROA":0.614060226586,"HOLDER_PROFIT_QOQ":0,"ROE_YEARLY":2.497032134771,"ROIC_YEARLY":1.251200693054,"TOTAL_ASSETS":1365889397.76,"TOTAL_LIABILITIES":683011481.6,"TAX_EBT":-639.942528735632,"OCF_SALES":14.344752734255,"TOTAL_PARENT_EQUITY":682877916.16,"DEBT_ASSET_RATIO":50.0048893212,"OPERATE_PROFIT":18616561.92,"PRETAX_PROFIT":-611589.12,"NETCASH_OPERATE":63411071.36,"NETCASH_INVEST":-10482250.88,"NETCASH_FINANCE":-36444033.28,"END_CASH":37183036.8,"DIVI_RATIO":null,"DIVIDEND_RATE":null,"CURRENT_RATIO":1.866906406673,"COMMON_ACS":1000000000,"CURRENTDEBT_DEBT":74.700108069164,"ISSUED_COMMON_SHARES":755654743,"HK_COMMON_SHARES":755654743,"PER_SHARES":20000,"TOTAL_MARKET_CAP":178334519.348,"HKSK_MARKET_CAP":178334519.348,"PE_TTM":-3.425294240704,"PB_TTM":0.186947763663,"REPORT_DATE_SQ":"2019-06-30 00:00:00","REPORT_TYPE_SQ":"2019年中报","OPERATE_INCOME_SQ":54154876.38,"DPS_HKD":null,"OPERATE_INCOME_QOQ_SQ":0,"NET_PROFIT_RATIO_SQ":22.2640326121,"HOLDER_PROFIT_SQ":12171722.94,"HOLDER_PROFIT_QOQ_SQ":0,"ROE_AVG_SQ":3.196728884509,"PE_TTM_SQ":-1.287614125351,"PB_TTM_SQ":0.074924734124,"ROA_SQ":2.05070689663,"START_DATE":"2020-04-01 00:00:00","FISCAL_YEAR":"3-31","CURRENCY":"HKD","IS_CNY_CODE":0,"DPS_HKD_LY":null,"ORG_TYPE":"一般企业","PREMIUM_INCOME":null,"PREMIUM_INCOME_YOY":null,"NET_INTEREST_INCOME":null,"NET_INTEREST_INCOME_YOY":null,"FEE_COMMISSION_INCOME":null,"FEE_COMMISSION_INCOME_YOY":null,"ACCOUNTS_RECE_TDAYS":12.715705258867,"INVENTORY_TDAYS":34.267639077341,"CURRENT_ASSETS_TDAYS":0.47659704281,"TOTAL_ASSETS_TDAYS":0.326543726963,"PREMIUM_EXPENSE":null,"LOAN_DEPOSIT":null,"LOAN_EQUITY":null,"LOAN_ASSETS":null,"DEPOSIT_EQUITY":null,"DEPOSIT_ASSETS":null,"EQUITY_MULTIPLIER":2.000195591974,"EQUITY_RATIO":1.000195591975}],"count":35},"success":true,"message":"ok","code":0}