{"version":"068dd1df1addb58808693a9437e35ce3","result":{"pages":3,"data":[{"SECUCODE":"01321.HK","SECURITY_CODE":"01321","SECURITY_NAME_ABBR":"中国新城市","ORG_CODE":"10400423","STD_REPORT_DATE":"2024-06-30 00:00:00","REPORT_DATE":"2024-06-30 00:00:00","DATE_TYPE_CODE":"002","REPORT_TYPE":"2024年中报","PER_NETCASH_OPERATE":0.096431313806,"PER_OI":1.453063705012,"BPS":2.556083546187,"BASIC_EPS":0.1879,"DILUTED_EPS":0.1879,"OPERATE_INCOME":2921774000,"OPERATE_INCOME_YOY":256.9411612358,"GROSS_PROFIT":1579596000,"GROSS_PROFIT_YOY":589.716663537405,"HOLDER_PROFIT":377789000,"HOLDER_PROFIT_YOY":666.6636667717,"GROSS_PROFIT_RATIO":54.062908356362,"EPS_TTM":0.020053034462,"OPERATE_INCOME_QOQ":162.130608563599,"NET_PROFIT_RATIO":11.8935276993,"ROE_AVG":7.642463109325,"GROSS_PROFIT_QOQ":366.90736409153,"ROA":2.803193017368,"HOLDER_PROFIT_QOQ":109.97733436269,"ROE_YEARLY":15.28492621865,"ROIC_YEARLY":5.704476774361,"TOTAL_ASSETS":13421184000,"TOTAL_LIABILITIES":8216823000,"TAX_EBT":60.392223015006,"OCF_SALES":6.636413357091,"TOTAL_PARENT_EQUITY":5139691000,"DEBT_ASSET_RATIO":61.2227877958,"OPERATE_PROFIT":929160000,"PRETAX_PROFIT":877358000,"NETCASH_OPERATE":193901000,"NETCASH_INVEST":-119191000,"NETCASH_FINANCE":-130927000,"END_CASH":123710000,"DIVI_RATIO":null,"DIVIDEND_RATE":null,"CURRENT_RATIO":1.031630538407,"COMMON_ACS":5000000000,"CURRENTDEBT_DEBT":59.20757937709,"ISSUED_COMMON_SHARES":2010768000,"HK_COMMON_SHARES":2010768000,"PER_SHARES":2000,"TOTAL_MARKET_CAP":1407537600,"HKSK_MARKET_CAP":1407537600,"PE_TTM":34.938252567912,"PB_TTM":0.249943316975,"REPORT_DATE_SQ":"2023-06-30 00:00:00","REPORT_TYPE_SQ":"2023年中报","OPERATE_INCOME_SQ":818559000,"DPS_HKD":null,"OPERATE_INCOME_QOQ_SQ":94.87514849193,"NET_PROFIT_RATIO_SQ":-8.7954564057,"HOLDER_PROFIT_SQ":-66669000,"HOLDER_PROFIT_QOQ_SQ":36.311363788746,"ROE_AVG_SQ":-1.308240330513,"PE_TTM_SQ":-5.318316309709,"PB_TTM_SQ":0.284171501875,"ROA_SQ":-0.447984759017,"START_DATE":"2024-01-01 00:00:00","FISCAL_YEAR":"12-31","CURRENCY":"HKD","IS_CNY_CODE":0,"DPS_HKD_LY":null,"ORG_TYPE":"一般企业","PREMIUM_INCOME":null,"PREMIUM_INCOME_YOY":null,"NET_INTEREST_INCOME":null,"NET_INTEREST_INCOME_YOY":null,"FEE_COMMISSION_INCOME":null,"FEE_COMMISSION_INCOME_YOY":null,"ACCOUNTS_RECE_TDAYS":38.587065333668,"INVENTORY_TDAYS":0.339666523091,"CURRENT_ASSETS_TDAYS":0.614818374138,"TOTAL_ASSETS_TDAYS":0.216795525416,"PREMIUM_EXPENSE":null,"LOAN_DEPOSIT":null,"LOAN_EQUITY":null,"LOAN_ASSETS":null,"DEPOSIT_EQUITY":null,"DEPOSIT_ASSETS":null,"EQUITY_MULTIPLIER":2.57883417388,"EQUITY_RATIO":1.598699805105},{"SECUCODE":"01321.HK","SECURITY_CODE":"01321","SECURITY_NAME_ABBR":"中国新城市","ORG_CODE":"10400423","STD_REPORT_DATE":"2023-12-31 00:00:00","REPORT_DATE":"2023-12-31 00:00:00","DATE_TYPE_CODE":"001","REPORT_TYPE":"2023年年报","PER_NETCASH_OPERATE":0.340139190598,"PER_OI":0.645144044465,"BPS":2.360732814527,"BASIC_EPS":-0.201,"DILUTED_EPS":-0.201,"OPERATE_INCOME":1297235000,"OPERATE_INCOME_YOY":119.2078853228,"GROSS_PROFIT":368097000,"GROSS_PROFIT_YOY":213.613011510313,"HOLDER_PROFIT":-404136000,"HOLDER_PROFIT_YOY":6.5631191867,"GROSS_PROFIT_RATIO":28.375506365462,"EPS_TTM":-0.200985891958,"OPERATE_INCOME_QOQ":12.486321123654,"NET_PROFIT_RATIO":-32.7722425004,"ROE_AVG":-8.205424742136,"GROSS_PROFIT_QOQ":23.718024125379,"ROA":-2.815024931578,"HOLDER_PROFIT_QOQ":-46.708873625975,"ROE_YEARLY":-8.205424742136,"ROIC_YEARLY":-2.962303591699,"TOTAL_ASSETS":13533007000,"TOTAL_LIABILITIES":8692168000,"TAX_EBT":10.811321110964,"OCF_SALES":52.722983884955,"TOTAL_PARENT_EQUITY":4746886000,"DEBT_ASSET_RATIO":64.2293911471,"OPERATE_PROFIT":-374028000,"PRETAX_PROFIT":-476667000,"NETCASH_OPERATE":683941000,"NETCASH_INVEST":-120788000,"NETCASH_FINANCE":-1331355000,"END_CASH":181155000,"DIVI_RATIO":null,"DIVIDEND_RATE":null,"CURRENT_RATIO":0.841238837611,"COMMON_ACS":5000000000,"CURRENTDEBT_DEBT":61.344787629507,"ISSUED_COMMON_SHARES":2010768000,"HK_COMMON_SHARES":2010768000,"PER_SHARES":2000,"TOTAL_MARKET_CAP":1427645280,"HKSK_MARKET_CAP":1427645280,"PE_TTM":35.437370461739,"PB_TTM":0.253513935789,"REPORT_DATE_SQ":"2022-12-31 00:00:00","REPORT_TYPE_SQ":"2022年年报","OPERATE_INCOME_SQ":591783000,"DPS_HKD":null,"OPERATE_INCOME_QOQ_SQ":1.845069889272,"NET_PROFIT_RATIO_SQ":-78.0083239971,"HOLDER_PROFIT_SQ":-432523000,"HOLDER_PROFIT_QOQ_SQ":3.15659138285,"ROE_AVG_SQ":-8.157952189398,"PE_TTM_SQ":-5.659234021869,"PB_TTM_SQ":0.30238762379,"ROA_SQ":-2.819152111925,"START_DATE":"2023-01-01 00:00:00","FISCAL_YEAR":"12-31","CURRENCY":"HKD","IS_CNY_CODE":0,"DPS_HKD_LY":null,"ORG_TYPE":"一般企业","PREMIUM_INCOME":null,"PREMIUM_INCOME_YOY":null,"NET_INTEREST_INCOME":null,"NET_INTEREST_INCOME_YOY":null,"FEE_COMMISSION_INCOME":null,"FEE_COMMISSION_INCOME_YOY":null,"ACCOUNTS_RECE_TDAYS":22.022867716963,"INVENTORY_TDAYS":0.243356777062,"CURRENT_ASSETS_TDAYS":0.252516950074,"TOTAL_ASSETS_TDAYS":0.090359405426,"PREMIUM_EXPENSE":null,"LOAN_DEPOSIT":null,"LOAN_EQUITY":null,"LOAN_ASSETS":null,"DEPOSIT_EQUITY":null,"DEPOSIT_ASSETS":null,"EQUITY_MULTIPLIER":2.795591218792,"EQUITY_RATIO":1.831130555905},{"SECUCODE":"01321.HK","SECURITY_CODE":"01321","SECURITY_NAME_ABBR":"中国新城市","ORG_CODE":"10400423","STD_REPORT_DATE":"2023-06-30 00:00:00","REPORT_DATE":"2023-06-30 00:00:00","DATE_TYPE_CODE":"002","REPORT_TYPE":"2023年中报","PER_NETCASH_OPERATE":-0.08149871094,"PER_OI":0.40708773961,"BPS":2.530670370724,"BASIC_EPS":-0.0332,"DILUTED_EPS":-0.0332,"OPERATE_INCOME":818559000,"OPERATE_INCOME_YOY":218.3766102433,"GROSS_PROFIT":229021000,"GROSS_PROFIT_YOY":368.68106006344,"HOLDER_PROFIT":-66669000,"HOLDER_PROFIT_YOY":70.2003361284,"GROSS_PROFIT_RATIO":27.978557440576,"EPS_TTM":-0.136996411321,"OPERATE_INCOME_QOQ":94.87514849193,"NET_PROFIT_RATIO":-8.7954564057,"ROE_AVG":-1.308240330513,"GROSS_PROFIT_QOQ":153.490155316811,"ROA":-0.447984759017,"HOLDER_PROFIT_QOQ":36.311363788746,"ROE_YEARLY":-2.616480661025,"ROIC_YEARLY":-0.949257327061,"TOTAL_ASSETS":14584183000,"TOTAL_LIABILITIES":9296583000,"TAX_EBT":-320.709402208847,"OCF_SALES":-20.019937475491,"TOTAL_PARENT_EQUITY":5088591000,"DEBT_ASSET_RATIO":63.7442837902,"OPERATE_PROFIT":30499000,"PRETAX_PROFIT":-17113000,"NETCASH_OPERATE":-163875000,"NETCASH_INVEST":-25138000,"NETCASH_FINANCE":-440936000,"END_CASH":319407000,"DIVI_RATIO":null,"DIVIDEND_RATE":null,"CURRENT_RATIO":0.94029453537,"COMMON_ACS":5000000000,"CURRENTDEBT_DEBT":59.900535497828,"ISSUED_COMMON_SHARES":2010768000,"HK_COMMON_SHARES":2010768000,"PER_SHARES":2000,"TOTAL_MARKET_CAP":1427645280,"HKSK_MARKET_CAP":1427645280,"PE_TTM":35.437370461739,"PB_TTM":0.253513935789,"REPORT_DATE_SQ":"2022-06-30 00:00:00","REPORT_TYPE_SQ":"2022年中报","OPERATE_INCOME_SQ":257104000,"DPS_HKD":null,"OPERATE_INCOME_QOQ_SQ":-33.29299961197,"NET_PROFIT_RATIO_SQ":-92.7702408364,"HOLDER_PROFIT_SQ":-223724000,"HOLDER_PROFIT_QOQ_SQ":-51.327184755503,"ROE_AVG_SQ":-4.155899546132,"PE_TTM_SQ":-5.659234021869,"PB_TTM_SQ":0.30238762379,"ROA_SQ":-1.447453733275,"START_DATE":"2023-01-01 00:00:00","FISCAL_YEAR":"12-31","CURRENCY":"HKD","IS_CNY_CODE":0,"DPS_HKD_LY":null,"ORG_TYPE":"一般企业","PREMIUM_INCOME":null,"PREMIUM_INCOME_YOY":null,"NET_INTEREST_INCOME":null,"NET_INTEREST_INCOME_YOY":null,"FEE_COMMISSION_INCOME":null,"FEE_COMMISSION_INCOME_YOY":null,"ACCOUNTS_RECE_TDAYS":17.472469769576,"INVENTORY_TDAYS":0.150515543143,"CURRENT_ASSETS_TDAYS":0.14849125348,"TOTAL_ASSETS_TDAYS":0.055003368336,"PREMIUM_EXPENSE":null,"LOAN_DEPOSIT":null,"LOAN_EQUITY":null,"LOAN_ASSETS":null,"DEPOSIT_EQUITY":null,"DEPOSIT_ASSETS":null,"EQUITY_MULTIPLIER":2.758185755353,"EQUITY_RATIO":1.826946398325},{"SECUCODE":"01321.HK","SECURITY_CODE":"01321","SECURITY_NAME_ABBR":"中国新城市","ORG_CODE":"10400423","STD_REPORT_DATE":"2022-12-31 00:00:00","REPORT_DATE":"2022-12-31 00:00:00","DATE_TYPE_CODE":"001","REPORT_TYPE":"2022年年报","PER_NETCASH_OPERATE":-0.10675473252,"PER_OI":0.294306951374,"BPS":2.538121255162,"BASIC_EPS":-0.215,"DILUTED_EPS":-0.215,"OPERATE_INCOME":591783000,"OPERATE_INCOME_YOY":-32.0622088338,"GROSS_PROFIT":117373000,"GROSS_PROFIT_YOY":-45.785391945385,"HOLDER_PROFIT":-432523000,"HOLDER_PROFIT_YOY":-46.5504038816,"GROSS_PROFIT_RATIO":19.833790426558,"EPS_TTM":-0.215103383384,"OPERATE_INCOME_QOQ":1.845069889272,"NET_PROFIT_RATIO":-78.0083239971,"ROE_AVG":-8.157952189398,"GROSS_PROFIT_QOQ":-19.899954276511,"ROA":-2.819152111925,"HOLDER_PROFIT_QOQ":3.15659138285,"ROE_YEARLY":-8.157952189398,"ROIC_YEARLY":-3.123397876874,"TOTAL_ASSETS":15179776000,"TOTAL_LIABILITIES":9871867000,"TAX_EBT":3.324300439359,"OCF_SALES":-36.273262327576,"TOTAL_PARENT_EQUITY":5103573000,"DEBT_ASSET_RATIO":65.0330215676,"OPERATE_PROFIT":-336591000,"PRETAX_PROFIT":-477514000,"NETCASH_OPERATE":-214659000,"NETCASH_INVEST":261898000,"NETCASH_FINANCE":-706571000,"END_CASH":948087000,"DIVI_RATIO":null,"DIVIDEND_RATE":null,"CURRENT_RATIO":0.929423864943,"COMMON_ACS":5000000000,"CURRENTDEBT_DEBT":63.092077719443,"ISSUED_COMMON_SHARES":2010768000,"HK_COMMON_SHARES":2010768000,"PER_SHARES":2000,"TOTAL_MARKET_CAP":1427645280,"HKSK_MARKET_CAP":1427645280,"PE_TTM":35.437370461739,"PB_TTM":0.253513935789,"REPORT_DATE_SQ":"2021-12-31 00:00:00","REPORT_TYPE_SQ":"2021年年报","OPERATE_INCOME_SQ":871066000,"DPS_HKD":null,"OPERATE_INCOME_QOQ_SQ":-7.524749321882,"NET_PROFIT_RATIO_SQ":-34.7637262848,"HOLDER_PROFIT_SQ":-295136000,"HOLDER_PROFIT_QOQ_SQ":-203.9536967425,"ROE_AVG_SQ":-5.20755329548,"PE_TTM_SQ":-5.659234021869,"PB_TTM_SQ":0.30238762379,"ROA_SQ":-1.923919848494,"START_DATE":"2022-01-01 00:00:00","FISCAL_YEAR":"12-31","CURRENCY":"HKD","IS_CNY_CODE":0,"DPS_HKD_LY":null,"ORG_TYPE":"一般企业","PREMIUM_INCOME":null,"PREMIUM_INCOME_YOY":null,"NET_INTEREST_INCOME":null,"NET_INTEREST_INCOME_YOY":null,"FEE_COMMISSION_INCOME":null,"FEE_COMMISSION_INCOME_YOY":null,"ACCOUNTS_RECE_TDAYS":13.292370930246,"INVENTORY_TDAYS":0.136894575652,"CURRENT_ASSETS_TDAYS":0.100969466096,"TOTAL_ASSETS_TDAYS":0.038571967138,"PREMIUM_EXPENSE":null,"LOAN_DEPOSIT":null,"LOAN_EQUITY":null,"LOAN_ASSETS":null,"DEPOSIT_EQUITY":null,"DEPOSIT_ASSETS":null,"EQUITY_MULTIPLIER":2.859841040979,"EQUITY_RATIO":1.934305044721},{"SECUCODE":"01321.HK","SECURITY_CODE":"01321","SECURITY_NAME_ABBR":"中国新城市","ORG_CODE":"10400423","STD_REPORT_DATE":"2022-06-30 00:00:00","REPORT_DATE":"2022-06-30 00:00:00","DATE_TYPE_CODE":"002","REPORT_TYPE":"2022年中报","PER_NETCASH_OPERATE":-0.228851364255,"PER_OI":0.127863582472,"BPS":2.619114686528,"BASIC_EPS":-0.1113,"DILUTED_EPS":-0.1113,"OPERATE_INCOME":257104000,"OPERATE_INCOME_YOY":-53.0067189659,"GROSS_PROFIT":48865000,"GROSS_PROFIT_YOY":-58.877883344975,"HOLDER_PROFIT":-223724000,"HOLDER_PROFIT_YOY":-209.6997466742,"GROSS_PROFIT_RATIO":19.005927562387,"EPS_TTM":-0.222114634806,"OPERATE_INCOME_QOQ":-33.29299961197,"NET_PROFIT_RATIO":-92.7702408364,"ROE_AVG":-4.155899546132,"GROSS_PROFIT_QOQ":-32.316383136949,"ROA":-1.447453733275,"HOLDER_PROFIT_QOQ":-51.327184755503,"ROE_YEARLY":-8.311799092265,"ROIC_YEARLY":-3.224465722306,"TOTAL_ASSETS":15407927000,"TOTAL_LIABILITIES":9922834000,"TAX_EBT":5.033863011081,"OCF_SALES":-178.980879332877,"TOTAL_PARENT_EQUITY":5266432000,"DEBT_ASSET_RATIO":64.4008373093,"OPERATE_PROFIT":-162995000,"PRETAX_PROFIT":-251159000,"NETCASH_OPERATE":-460167000,"NETCASH_INVEST":292244000,"NETCASH_FINANCE":-330159000,"END_CASH":1104273000,"DIVI_RATIO":null,"DIVIDEND_RATE":null,"CURRENT_RATIO":0.877521330953,"COMMON_ACS":5000000000,"CURRENTDEBT_DEBT":66.682492118683,"ISSUED_COMMON_SHARES":2010768000,"HK_COMMON_SHARES":2010768000,"PER_SHARES":2000,"TOTAL_MARKET_CAP":1427645280,"HKSK_MARKET_CAP":1427645280,"PE_TTM":35.437370461739,"PB_TTM":0.253513935789,"REPORT_DATE_SQ":"2021-06-30 00:00:00","REPORT_TYPE_SQ":"2021年中报","OPERATE_INCOME_SQ":547108000,"DPS_HKD":null,"OPERATE_INCOME_QOQ_SQ":34.492482544941,"NET_PROFIT_RATIO_SQ":-12.3816504237,"HOLDER_PROFIT_SQ":-72239000,"HOLDER_PROFIT_QOQ_SQ":-318.548695671746,"ROE_AVG_SQ":-1.248249269015,"PE_TTM_SQ":-5.659234021869,"PB_TTM_SQ":0.30238762379,"ROA_SQ":-0.469281590034,"START_DATE":"2022-01-01 00:00:00","FISCAL_YEAR":"12-31","CURRENCY":"HKD","IS_CNY_CODE":0,"DPS_HKD_LY":null,"ORG_TYPE":"一般企业","PREMIUM_INCOME":null,"PREMIUM_INCOME_YOY":null,"NET_INTEREST_INCOME":null,"NET_INTEREST_INCOME_YOY":null,"FEE_COMMISSION_INCOME":null,"FEE_COMMISSION_INCOME_YOY":null,"ACCOUNTS_RECE_TDAYS":7.560992824374,"INVENTORY_TDAYS":0.060210323674,"CURRENT_ASSETS_TDAYS":0.043801136733,"TOTAL_ASSETS_TDAYS":0.016634162836,"PREMIUM_EXPENSE":null,"LOAN_DEPOSIT":null,"LOAN_EQUITY":null,"LOAN_ASSETS":null,"DEPOSIT_EQUITY":null,"DEPOSIT_ASSETS":null,"EQUITY_MULTIPLIER":2.809054832802,"EQUITY_RATIO":1.884166357792},{"SECUCODE":"01321.HK","SECURITY_CODE":"01321","SECURITY_NAME_ABBR":"中国新城市","ORG_CODE":"10400423","STD_REPORT_DATE":"2021-12-31 00:00:00","REPORT_DATE":"2021-12-31 00:00:00","DATE_TYPE_CODE":"001","REPORT_TYPE":"2021年年报","PER_NETCASH_OPERATE":0.404332573425,"PER_OI":0.433200647713,"BPS":2.735343908397,"BASIC_EPS":-0.147,"DILUTED_EPS":-0.147,"OPERATE_INCOME":871066000,"OPERATE_INCOME_YOY":24.3722603767,"GROSS_PROFIT":216497000,"GROSS_PROFIT_YOY":27.235167935118,"HOLDER_PROFIT":-295136000,"HOLDER_PROFIT_YOY":-764.2868396768,"GROSS_PROFIT_RATIO":24.854259034333,"EPS_TTM":-0.146777748602,"OPERATE_INCOME_QOQ":-7.524749321882,"NET_PROFIT_RATIO":-34.7637262848,"ROE_AVG":-5.20755329548,"GROSS_PROFIT_QOQ":-7.264323898293,"ROA":-1.923919848494,"HOLDER_PROFIT_QOQ":-203.9536967425,"ROE_YEARLY":-5.20755329548,"ROIC_YEARLY":-2.138091705919,"TOTAL_ASSETS":15504840000,"TOTAL_LIABILITIES":9771245000,"TAX_EBT":-9.310023680259,"OCF_SALES":93.336096231514,"TOTAL_PARENT_EQUITY":5500142000,"DEBT_ASSET_RATIO":63.0206116284,"OPERATE_PROFIT":-53125000,"PRETAX_PROFIT":-277024000,"NETCASH_OPERATE":813019000,"NETCASH_INVEST":447899000,"NETCASH_FINANCE":-651253000,"END_CASH":1603069000,"DIVI_RATIO":null,"DIVIDEND_RATE":null,"CURRENT_RATIO":1.048375380713,"COMMON_ACS":5000000000,"CURRENTDEBT_DEBT":57.919425825471,"ISSUED_COMMON_SHARES":2010768000,"HK_COMMON_SHARES":2010768000,"PER_SHARES":2000,"TOTAL_MARKET_CAP":1427645280,"HKSK_MARKET_CAP":1427645280,"PE_TTM":35.437370461739,"PB_TTM":0.253513935789,"REPORT_DATE_SQ":"2020-12-31 00:00:00","REPORT_TYPE_SQ":"2020年年报","OPERATE_INCOME_SQ":700370000,"DPS_HKD":null,"OPERATE_INCOME_QOQ_SQ":-56.17658763431,"NET_PROFIT_RATIO_SQ":3.5811071291,"HOLDER_PROFIT_SQ":44429000,"HOLDER_PROFIT_QOQ_SQ":-61.821244124395,"ROE_AVG_SQ":0.764775865107,"PE_TTM_SQ":-5.659234021869,"PB_TTM_SQ":0.30238762379,"ROA_SQ":0.299340600406,"START_DATE":"2021-01-01 00:00:00","FISCAL_YEAR":"12-31","CURRENCY":"HKD","IS_CNY_CODE":0,"DPS_HKD_LY":null,"ORG_TYPE":"一般企业","PREMIUM_INCOME":null,"PREMIUM_INCOME_YOY":null,"NET_INTEREST_INCOME":null,"NET_INTEREST_INCOME_YOY":null,"FEE_COMMISSION_INCOME":null,"FEE_COMMISSION_INCOME_YOY":null,"ACCOUNTS_RECE_TDAYS":22.085291955072,"INVENTORY_TDAYS":0.310103450881,"CURRENT_ASSETS_TDAYS":0.15670353838,"TOTAL_ASSETS_TDAYS":0.056782675334,"PREMIUM_EXPENSE":null,"LOAN_DEPOSIT":null,"LOAN_EQUITY":null,"LOAN_ASSETS":null,"DEPOSIT_EQUITY":null,"DEPOSIT_ASSETS":null,"EQUITY_MULTIPLIER":2.704209139294,"EQUITY_RATIO":1.776544132861},{"SECUCODE":"01321.HK","SECURITY_CODE":"01321","SECURITY_NAME_ABBR":"中国新城市","ORG_CODE":"10400423","STD_REPORT_DATE":"2021-06-30 00:00:00","REPORT_DATE":"2021-06-30 00:00:00","DATE_TYPE_CODE":"002","REPORT_TYPE":"2021年中报","PER_NETCASH_OPERATE":-0.272387963206,"PER_OI":0.272089072434,"BPS":2.854468044051,"BASIC_EPS":-0.0359,"DILUTED_EPS":-0.0359,"OPERATE_INCOME":547108000,"OPERATE_INCOME_YOY":79.0667456543,"GROSS_PROFIT":118829000,"GROSS_PROFIT_YOY":113.998343178216,"HOLDER_PROFIT":-72239000,"HOLDER_PROFIT_YOY":-204.2575300553,"GROSS_PROFIT_RATIO":21.719477689963,"EPS_TTM":-0.048289509282,"OPERATE_INCOME_QOQ":34.492482544941,"NET_PROFIT_RATIO":-12.3816504237,"ROE_AVG":-1.248249269015,"GROSS_PROFIT_QOQ":37.201962916165,"ROA":-0.469281590034,"HOLDER_PROFIT_QOQ":-318.548695671746,"ROE_YEARLY":-2.49649853803,"ROIC_YEARLY":-1.018265926492,"TOTAL_ASSETS":15611203000,"TOTAL_LIABILITIES":9625900000,"TAX_EBT":-362.774969258095,"OCF_SALES":-100.109850340335,"TOTAL_PARENT_EQUITY":5739673000,"DEBT_ASSET_RATIO":61.6602064556,"OPERATE_PROFIT":162554000,"PRETAX_PROFIT":-14638000,"NETCASH_OPERATE":-547709000,"NETCASH_INVEST":210612000,"NETCASH_FINANCE":270527000,"END_CASH":927414000,"DIVI_RATIO":null,"DIVIDEND_RATE":null,"CURRENT_RATIO":1.677797491114,"COMMON_ACS":5000000000,"CURRENTDEBT_DEBT":37.058778919374,"ISSUED_COMMON_SHARES":2010768000,"HK_COMMON_SHARES":2010768000,"PER_SHARES":2000,"TOTAL_MARKET_CAP":1427645280,"HKSK_MARKET_CAP":1427645280,"PE_TTM":35.437370461739,"PB_TTM":0.253513935789,"REPORT_DATE_SQ":"2020-06-30 00:00:00","REPORT_TYPE_SQ":"2020年中报","OPERATE_INCOME_SQ":305533000,"DPS_HKD":null,"OPERATE_INCOME_QOQ_SQ":-18.288133106118,"NET_PROFIT_RATIO_SQ":17.9322691821,"HOLDER_PROFIT_SQ":69289000,"HOLDER_PROFIT_QOQ_SQ":342.980586220023,"ROE_AVG_SQ":1.189488675575,"PE_TTM_SQ":-5.659234021869,"PB_TTM_SQ":0.30238762379,"ROA_SQ":0.47799283435,"START_DATE":"2021-01-01 00:00:00","FISCAL_YEAR":"12-31","CURRENCY":"HKD","IS_CNY_CODE":0,"DPS_HKD_LY":null,"ORG_TYPE":"一般企业","PREMIUM_INCOME":null,"PREMIUM_INCOME_YOY":null,"NET_INTEREST_INCOME":null,"NET_INTEREST_INCOME_YOY":null,"FEE_COMMISSION_INCOME":null,"FEE_COMMISSION_INCOME_YOY":null,"ACCOUNTS_RECE_TDAYS":13.880177083201,"INVENTORY_TDAYS":0.326050571149,"CURRENT_ASSETS_TDAYS":0.097966775943,"TOTAL_ASSETS_TDAYS":0.035541426675,"PREMIUM_EXPENSE":null,"LOAN_DEPOSIT":null,"LOAN_EQUITY":null,"LOAN_ASSETS":null,"DEPOSIT_EQUITY":null,"DEPOSIT_ASSETS":null,"EQUITY_MULTIPLIER":2.60825608996,"EQUITY_RATIO":1.677081603778},{"SECUCODE":"01321.HK","SECURITY_CODE":"01321","SECURITY_NAME_ABBR":"中国新城市","ORG_CODE":"10400423","STD_REPORT_DATE":"2020-12-31 00:00:00","REPORT_DATE":"2020-12-31 00:00:00","DATE_TYPE_CODE":"001","REPORT_TYPE":"2020年年报","PER_NETCASH_OPERATE":-0.398286624812,"PER_OI":0.348309700572,"BPS":2.901765892435,"BASIC_EPS":0.022,"DILUTED_EPS":0.022,"OPERATE_INCOME":700370000,"OPERATE_INCOME_YOY":-64.1910716194,"GROSS_PROFIT":170155000,"GROSS_PROFIT_YOY":-78.135809702969,"HOLDER_PROFIT":44429000,"HOLDER_PROFIT_YOY":69.1244765893,"GROSS_PROFIT_RATIO":24.295015491812,"EPS_TTM":0.022095537625,"OPERATE_INCOME_QOQ":-56.17658763431,"NET_PROFIT_RATIO":3.5811071291,"ROE_AVG":0.764775865107,"GROSS_PROFIT_QOQ":-68.689390956165,"ROA":0.299340600406,"HOLDER_PROFIT_QOQ":-61.821244124395,"ROE_YEARLY":0.764775865107,"ROIC_YEARLY":0.320997320591,"TOTAL_ASSETS":15175856000,"TOTAL_LIABILITIES":9098438000,"TAX_EBT":76.956929183051,"OCF_SALES":-114.348415837343,"TOTAL_PARENT_EQUITY":5834778000,"DEBT_ASSET_RATIO":59.9533759414,"OPERATE_PROFIT":371329000,"PRETAX_PROFIT":108844000,"NETCASH_OPERATE":-800862000,"NETCASH_INVEST":507441000,"NETCASH_FINANCE":880286000,"END_CASH":994112000,"DIVI_RATIO":null,"DIVIDEND_RATE":null,"CURRENT_RATIO":1.687886083965,"COMMON_ACS":5000000000,"CURRENTDEBT_DEBT":33.757277897591,"ISSUED_COMMON_SHARES":2010768000,"HK_COMMON_SHARES":2010768000,"PER_SHARES":2000,"TOTAL_MARKET_CAP":1427645280,"HKSK_MARKET_CAP":1427645280,"PE_TTM":35.437370461739,"PB_TTM":0.253513935789,"REPORT_DATE_SQ":"2019-12-31 00:00:00","REPORT_TYPE_SQ":"2019年年报","OPERATE_INCOME_SQ":1955853000,"DPS_HKD":null,"OPERATE_INCOME_QOQ_SQ":-5.558922189865,"NET_PROFIT_RATIO_SQ":2.3155625704,"HOLDER_PROFIT_SQ":26270000,"HOLDER_PROFIT_QOQ_SQ":112.494886941963,"ROE_AVG_SQ":0.462213679783,"PE_TTM_SQ":-5.659234021869,"PB_TTM_SQ":0.30238762379,"ROA_SQ":0.189399455925,"START_DATE":"2020-01-01 00:00:00","FISCAL_YEAR":"12-31","CURRENCY":"HKD","IS_CNY_CODE":0,"DPS_HKD_LY":null,"ORG_TYPE":"一般企业","PREMIUM_INCOME":null,"PREMIUM_INCOME_YOY":null,"NET_INTEREST_INCOME":null,"NET_INTEREST_INCOME_YOY":null,"FEE_COMMISSION_INCOME":null,"FEE_COMMISSION_INCOME_YOY":null,"ACCOUNTS_RECE_TDAYS":20.903135306144,"INVENTORY_TDAYS":0.510971801939,"CURRENT_ASSETS_TDAYS":0.140433200039,"TOTAL_ASSETS_TDAYS":0.047187462312,"PREMIUM_EXPENSE":null,"LOAN_DEPOSIT":null,"LOAN_EQUITY":null,"LOAN_ASSETS":null,"DEPOSIT_EQUITY":null,"DEPOSIT_ASSETS":null,"EQUITY_MULTIPLIER":2.49708938895,"EQUITY_RATIO":1.559346045385},{"SECUCODE":"01321.HK","SECURITY_CODE":"01321","SECURITY_NAME_ABBR":"中国新城市","ORG_CODE":"10400423","STD_REPORT_DATE":"2020-06-30 00:00:00","REPORT_DATE":"2020-06-30 00:00:00","DATE_TYPE_CODE":"002","REPORT_TYPE":"2020年中报","PER_NETCASH_OPERATE":-0.527411914254,"PER_OI":0.151948409762,"BPS":2.91737535111,"BASIC_EPS":0.0344,"DILUTED_EPS":0.0344,"OPERATE_INCOME":305533000,"OPERATE_INCOME_YOY":-53.9320167304,"GROSS_PROFIT":55528000,"GROSS_PROFIT_YOY":-80.87365063619,"HOLDER_PROFIT":69289000,"HOLDER_PROFIT_YOY":432.9281183932,"GROSS_PROFIT_RATIO":18.174141582088,"EPS_TTM":0.057873906885,"OPERATE_INCOME_QOQ":-18.288133106118,"NET_PROFIT_RATIO":17.9322691821,"ROE_AVG":1.189488675575,"GROSS_PROFIT_QOQ":-30.17002554495,"ROA":0.47799283435,"HOLDER_PROFIT_QOQ":342.980586220023,"ROE_YEARLY":2.37897735115,"ROIC_YEARLY":1.008014551465,"TOTAL_ASSETS":14482924000,"TOTAL_LIABILITIES":8273775000,"TAX_EBT":50.719123559729,"OCF_SALES":-347.099331332458,"TOTAL_PARENT_EQUITY":5866165000,"DEBT_ASSET_RATIO":57.1277940836,"OPERATE_PROFIT":248672000,"PRETAX_PROFIT":111177000,"NETCASH_OPERATE":-1060503000,"NETCASH_INVEST":707978000,"NETCASH_FINANCE":330640000,"END_CASH":387449000,"DIVI_RATIO":null,"DIVIDEND_RATE":null,"CURRENT_RATIO":1.334662671231,"COMMON_ACS":5000000000,"CURRENTDEBT_DEBT":41.253575302688,"ISSUED_COMMON_SHARES":2010768000,"HK_COMMON_SHARES":2010768000,"PER_SHARES":2000,"TOTAL_MARKET_CAP":1427645280,"HKSK_MARKET_CAP":1427645280,"PE_TTM":35.437370461739,"PB_TTM":0.253513935789,"REPORT_DATE_SQ":"2019-06-30 00:00:00","REPORT_TYPE_SQ":"2019年中报","OPERATE_INCOME_SQ":663222000,"DPS_HKD":null,"OPERATE_INCOME_QOQ_SQ":7.604518089035,"NET_PROFIT_RATIO_SQ":1.2320158258,"HOLDER_PROFIT_SQ":-20812000,"HOLDER_PROFIT_QOQ_SQ":13.665182897784,"ROE_AVG_SQ":-0.366711084191,"PE_TTM_SQ":-5.659234021869,"PB_TTM_SQ":0.30238762379,"ROA_SQ":-0.155349783526,"START_DATE":"2020-01-01 00:00:00","FISCAL_YEAR":"12-31","CURRENCY":"HKD","IS_CNY_CODE":0,"DPS_HKD_LY":null,"ORG_TYPE":"一般企业","PREMIUM_INCOME":null,"PREMIUM_INCOME_YOY":null,"NET_INTEREST_INCOME":null,"NET_INTEREST_INCOME_YOY":null,"FEE_COMMISSION_INCOME":null,"FEE_COMMISSION_INCOME_YOY":null,"ACCOUNTS_RECE_TDAYS":9.567339909191,"INVENTORY_TDAYS":0.250817775,"CURRENT_ASSETS_TDAYS":0.065384148699,"TOTAL_ASSETS_TDAYS":0.021077311645,"PREMIUM_EXPENSE":null,"LOAN_DEPOSIT":null,"LOAN_EQUITY":null,"LOAN_ASSETS":null,"DEPOSIT_EQUITY":null,"DEPOSIT_ASSETS":null,"EQUITY_MULTIPLIER":2.332513521581,"EQUITY_RATIO":1.410423164026}],"count":25},"success":true,"message":"ok","code":0}