{"version":"eae6f9977f718e7b8634599fe752ed57","result":{"pages":4,"data":[{"SECUCODE":"01329.HK","SECURITY_CODE":"01329","SECURITY_NAME_ABBR":"首创钜大","ORG_CODE":"10186673","STD_REPORT_DATE":"2024-06-30 00:00:00","REPORT_DATE":"2024-06-30 00:00:00","DATE_TYPE_CODE":"002","REPORT_TYPE":"2024年中报","PER_NETCASH_OPERATE":-0.03487569174,"PER_OI":0.69939353703,"BPS":2.720823167456,"BASIC_EPS":-0.0592,"DILUTED_EPS":-0.0592,"OPERATE_INCOME":746386000,"OPERATE_INCOME_YOY":19.4290212845,"GROSS_PROFIT":337519000,"GROSS_PROFIT_YOY":62.161162305778,"HOLDER_PROFIT":-150880000,"HOLDER_PROFIT_YOY":-273.1565960865,"GROSS_PROFIT_RATIO":45.220435538716,"EPS_TTM":-0.214845468114,"OPERATE_INCOME_QOQ":5.71746339828,"NET_PROFIT_RATIO":-19.9233372545,"ROE_AVG":-3.534363533464,"GROSS_PROFIT_QOQ":40.310881797618,"ROA":-0.856278228224,"HOLDER_PROFIT_QOQ":-2725.15456835356,"ROE_YEARLY":-7.068727066928,"ROIC_YEARLY":-1.853268270777,"TOTAL_ASSETS":17309641000,"TOTAL_LIABILITIES":13059169000,"TAX_EBT":-43.138349584653,"OCF_SALES":-4.986561913005,"TOTAL_PARENT_EQUITY":4193504000,"DEBT_ASSET_RATIO":75.4444820664,"OPERATE_PROFIT":195749000,"PRETAX_PROFIT":-103889000,"NETCASH_OPERATE":-37219000,"NETCASH_INVEST":-39590000,"NETCASH_FINANCE":-300219000,"END_CASH":1093441000,"DIVI_RATIO":null,"DIVIDEND_RATE":null,"CURRENT_RATIO":0.514099748726,"COMMON_ACS":18355918048,"CURRENTDEBT_DEBT":53.668583353198,"ISSUED_COMMON_SHARES":1265182185,"HK_COMMON_SHARES":1265182185,"PER_SHARES":2000,"TOTAL_MARKET_CAP":1062753035.4,"HKSK_MARKET_CAP":1062753035.4,"PE_TTM":-4.247850781631,"PB_TTM":0.281771784793,"REPORT_DATE_SQ":"2023-06-30 00:00:00","REPORT_TYPE_SQ":"2023年中报","OPERATE_INCOME_SQ":624962000,"DPS_HKD":null,"OPERATE_INCOME_QOQ_SQ":14.814017496073,"NET_PROFIT_RATIO_SQ":14.4135163418,"HOLDER_PROFIT_SQ":87135000,"HOLDER_PROFIT_QOQ_SQ":51.679939382844,"ROE_AVG_SQ":1.982440944828,"PE_TTM_SQ":-3.205244158814,"PB_TTM_SQ":0.177013089595,"ROA_SQ":0.423791875802,"START_DATE":"2024-01-01 00:00:00","FISCAL_YEAR":"12-31","CURRENCY":"HKD","IS_CNY_CODE":0,"DPS_HKD_LY":null,"ORG_TYPE":"一般企业","PREMIUM_INCOME":null,"PREMIUM_INCOME_YOY":null,"NET_INTEREST_INCOME":null,"NET_INTEREST_INCOME_YOY":null,"FEE_COMMISSION_INCOME":null,"FEE_COMMISSION_INCOME_YOY":null,"ACCOUNTS_RECE_TDAYS":1.474762203965,"INVENTORY_TDAYS":0.195672554865,"CURRENT_ASSETS_TDAYS":0.190997830123,"TOTAL_ASSETS_TDAYS":0.042359098731,"PREMIUM_EXPENSE":null,"LOAN_DEPOSIT":null,"LOAN_EQUITY":null,"LOAN_ASSETS":null,"DEPOSIT_EQUITY":null,"DEPOSIT_ASSETS":null,"EQUITY_MULTIPLIER":4.072404429441,"EQUITY_RATIO":3.11414249277},{"SECUCODE":"01329.HK","SECURITY_CODE":"01329","SECURITY_NAME_ABBR":"首创钜大","ORG_CODE":"10186673","STD_REPORT_DATE":"2023-12-31 00:00:00","REPORT_DATE":"2023-12-31 00:00:00","DATE_TYPE_CODE":"001","REPORT_TYPE":"2023年年报","PER_NETCASH_OPERATE":1.078576719482,"PER_OI":2.20868855894,"BPS":2.686198114622,"BASIC_EPS":0.0033,"DILUTED_EPS":0.0033,"OPERATE_INCOME":2123739000,"OPERATE_INCOME_YOY":126.9199207606,"GROSS_PROFIT":320958000,"GROSS_PROFIT_YOY":-0.370632496461,"HOLDER_PROFIT":8734000,"HOLDER_PROFIT_YOY":102.2207644271,"GROSS_PROFIT_RATIO":15.112874039607,"EPS_TTM":0.009083359996,"OPERATE_INCOME_QOQ":64.54572360979,"NET_PROFIT_RATIO":0.6479609783,"ROE_AVG":0.201162940139,"GROSS_PROFIT_QOQ":-34.360658688023,"ROA":0.046283227386,"HOLDER_PROFIT_QOQ":104.595947105037,"ROE_YEARLY":0.201162940139,"ROIC_YEARLY":0.049874055732,"TOTAL_ASSETS":17931241000,"TOTAL_LIABILITIES":13532064000,"TAX_EBT":-28.512197003846,"OCF_SALES":48.833354757812,"TOTAL_PARENT_EQUITY":4344384000,"DEBT_ASSET_RATIO":75.4664108301,"OPERATE_PROFIT":367070000,"PRETAX_PROFIT":-246249000,"NETCASH_OPERATE":1037093000,"NETCASH_INVEST":1823489000,"NETCASH_FINANCE":-2467374000,"END_CASH":1470508000,"DIVI_RATIO":null,"DIVIDEND_RATE":null,"CURRENT_RATIO":0.60819790049,"COMMON_ACS":18355918048,"CURRENTDEBT_DEBT":51.183529726138,"ISSUED_COMMON_SHARES":1265182185,"HK_COMMON_SHARES":1265182185,"PER_SHARES":2000,"TOTAL_MARKET_CAP":1062753035.4,"HKSK_MARKET_CAP":1062753035.4,"PE_TTM":-4.247850781631,"PB_TTM":0.281771784793,"REPORT_DATE_SQ":"2022-12-31 00:00:00","REPORT_TYPE_SQ":"2022年年报","OPERATE_INCOME_SQ":935898000,"DPS_HKD":null,"OPERATE_INCOME_QOQ_SQ":-7.017420513376,"NET_PROFIT_RATIO_SQ":-34.984050001,"HOLDER_PROFIT_SQ":-393288000,"HOLDER_PROFIT_QOQ_SQ":-22.649917825478,"ROE_AVG_SQ":-8.667652174775,"PE_TTM_SQ":-3.205244158814,"PB_TTM_SQ":0.177013089595,"ROA_SQ":-2.024806828539,"START_DATE":"2023-01-01 00:00:00","FISCAL_YEAR":"12-31","CURRENCY":"HKD","IS_CNY_CODE":0,"DPS_HKD_LY":null,"ORG_TYPE":"一般企业","PREMIUM_INCOME":null,"PREMIUM_INCOME_YOY":null,"NET_INTEREST_INCOME":null,"NET_INTEREST_INCOME_YOY":null,"FEE_COMMISSION_INCOME":null,"FEE_COMMISSION_INCOME_YOY":null,"ACCOUNTS_RECE_TDAYS":4.153659297449,"INVENTORY_TDAYS":0.745938732909,"CURRENT_ASSETS_TDAYS":0.495621530121,"TOTAL_ASSETS_TDAYS":0.112541212554,"PREMIUM_EXPENSE":null,"LOAN_DEPOSIT":null,"LOAN_EQUITY":null,"LOAN_ASSETS":null,"DEPOSIT_EQUITY":null,"DEPOSIT_ASSETS":null,"EQUITY_MULTIPLIER":4.076044451037,"EQUITY_RATIO":3.114840677067},{"SECUCODE":"01329.HK","SECURITY_CODE":"01329","SECURITY_NAME_ABBR":"首创钜大","ORG_CODE":"10186673","STD_REPORT_DATE":"2023-06-30 00:00:00","REPORT_DATE":"2023-06-30 00:00:00","DATE_TYPE_CODE":"002","REPORT_TYPE":"2023年中报","PER_NETCASH_OPERATE":0.383388719816,"PER_OI":0.649960479688,"BPS":2.770944012304,"BASIC_EPS":0.0342,"DILUTED_EPS":0.0342,"OPERATE_INCOME":624962000,"OPERATE_INCOME_YOY":36.3259981851,"GROSS_PROFIT":208138000,"GROSS_PROFIT_YOY":7.843523316062,"HOLDER_PROFIT":87135000,"HOLDER_PROFIT_YOY":175.0413379724,"GROSS_PROFIT_RATIO":33.304104889577,"EPS_TTM":-0.197638479905,"OPERATE_INCOME_QOQ":14.814017496073,"NET_PROFIT_RATIO":14.4135163418,"ROE_AVG":1.982440944828,"GROSS_PROFIT_QOQ":3.19478973649,"ROA":0.423791875802,"HOLDER_PROFIT_QOQ":51.679939382844,"ROE_YEARLY":3.964881889656,"ROIC_YEARLY":0.915713479363,"TOTAL_ASSETS":21311307000,"TOTAL_LIABILITIES":16807043000,"TAX_EBT":-27.5677548725,"OCF_SALES":58.986466377156,"TOTAL_PARENT_EQUITY":4451554000,"DEBT_ASSET_RATIO":78.8644403649,"OPERATE_PROFIT":135996000,"PRETAX_PROFIT":-176039000,"NETCASH_OPERATE":368643000,"NETCASH_INVEST":-103987000,"NETCASH_FINANCE":459562000,"END_CASH":1814755000,"DIVI_RATIO":null,"DIVIDEND_RATE":null,"CURRENT_RATIO":1.053828001251,"COMMON_ACS":18355918048,"CURRENTDEBT_DEBT":42.010102550461,"ISSUED_COMMON_SHARES":1265182185,"HK_COMMON_SHARES":1265182185,"PER_SHARES":2000,"TOTAL_MARKET_CAP":1062753035.4,"HKSK_MARKET_CAP":1062753035.4,"PE_TTM":-4.247850781631,"PB_TTM":0.281771784793,"REPORT_DATE_SQ":"2022-06-30 00:00:00","REPORT_TYPE_SQ":"2022年中报","OPERATE_INCOME_SQ":458432000,"DPS_HKD":null,"OPERATE_INCOME_QOQ_SQ":-9.848409715081,"NET_PROFIT_RATIO_SQ":-21.2835329379,"HOLDER_PROFIT_SQ":-116116000,"HOLDER_PROFIT_QOQ_SQ":-42.930562613107,"ROE_AVG_SQ":-2.47696404876,"PE_TTM_SQ":-3.205244158814,"PB_TTM_SQ":0.177013089595,"ROA_SQ":-0.602085750397,"START_DATE":"2023-01-01 00:00:00","FISCAL_YEAR":"12-31","CURRENCY":"HKD","IS_CNY_CODE":0,"DPS_HKD_LY":null,"ORG_TYPE":"一般企业","PREMIUM_INCOME":null,"PREMIUM_INCOME_YOY":null,"NET_INTEREST_INCOME":null,"NET_INTEREST_INCOME_YOY":null,"FEE_COMMISSION_INCOME":null,"FEE_COMMISSION_INCOME_YOY":null,"ACCOUNTS_RECE_TDAYS":1.51782643753,"INVENTORY_TDAYS":0.153700614122,"CURRENT_ASSETS_TDAYS":0.105941680898,"TOTAL_ASSETS_TDAYS":0.03039580172,"PREMIUM_EXPENSE":null,"LOAN_DEPOSIT":null,"LOAN_EQUITY":null,"LOAN_ASSETS":null,"DEPOSIT_EQUITY":null,"DEPOSIT_ASSETS":null,"EQUITY_MULTIPLIER":4.731362770917,"EQUITY_RATIO":3.775545124242},{"SECUCODE":"01329.HK","SECURITY_CODE":"01329","SECURITY_NAME_ABBR":"首创钜大","ORG_CODE":"10186673","STD_REPORT_DATE":"2022-12-31 00:00:00","REPORT_DATE":"2022-12-31 00:00:00","DATE_TYPE_CODE":"001","REPORT_TYPE":"2022年年报","PER_NETCASH_OPERATE":0.367143919824,"PER_OI":0.973333919533,"BPS":2.682118860218,"BASIC_EPS":-0.1545,"DILUTED_EPS":-0.1545,"OPERATE_INCOME":935898000,"OPERATE_INCOME_YOY":-16.1747259049,"GROSS_PROFIT":322152000,"GROSS_PROFIT_YOY":-49.581347014026,"HOLDER_PROFIT":-393288000,"HOLDER_PROFIT_YOY":-75.3042175925,"GROSS_PROFIT_RATIO":42.15087471467,"EPS_TTM":-0.409019519804,"OPERATE_INCOME_QOQ":-7.017420513376,"NET_PROFIT_RATIO":-34.984050001,"ROE_AVG":-8.667652174775,"GROSS_PROFIT_QOQ":-16.609352176132,"ROA":-2.024806828539,"HOLDER_PROFIT_QOQ":-22.649917825478,"ROE_YEARLY":-8.667652174775,"ROIC_YEARLY":-2.132724648631,"TOTAL_ASSETS":19810293000,"TOTAL_LIABILITIES":15416818000,"TAX_EBT":-14.15003145794,"OCF_SALES":31.403884576449,"TOTAL_PARENT_EQUITY":4339124000,"DEBT_ASSET_RATIO":77.822261387,"OPERATE_PROFIT":34489000,"PRETAX_PROFIT":-480006000,"NETCASH_OPERATE":353023000,"NETCASH_INVEST":-332050000,"NETCASH_FINANCE":397248000,"END_CASH":1137660000,"DIVI_RATIO":null,"DIVIDEND_RATE":null,"CURRENT_RATIO":1.113117229431,"COMMON_ACS":18355918048,"CURRENTDEBT_DEBT":25.392341013561,"ISSUED_COMMON_SHARES":1265182185,"HK_COMMON_SHARES":1265182185,"PER_SHARES":2000,"TOTAL_MARKET_CAP":1062753035.4,"HKSK_MARKET_CAP":1062753035.4,"PE_TTM":-4.247850781631,"PB_TTM":0.281771784793,"REPORT_DATE_SQ":"2021-12-31 00:00:00","REPORT_TYPE_SQ":"2021年年报","OPERATE_INCOME_SQ":1341049000,"DPS_HKD":null,"OPERATE_INCOME_QOQ_SQ":2.135397190123,"NET_PROFIT_RATIO_SQ":-16.699389806,"HOLDER_PROFIT_SQ":-224346000,"HOLDER_PROFIT_QOQ_SQ":3.411962750408,"ROE_AVG_SQ":-4.635766105261,"PE_TTM_SQ":-3.205244158814,"PB_TTM_SQ":0.177013089595,"ROA_SQ":-1.201335763536,"START_DATE":"2022-01-01 00:00:00","FISCAL_YEAR":"12-31","CURRENCY":"HKD","IS_CNY_CODE":0,"DPS_HKD_LY":null,"ORG_TYPE":"一般企业","PREMIUM_INCOME":null,"PREMIUM_INCOME_YOY":null,"NET_INTEREST_INCOME":null,"NET_INTEREST_INCOME_YOY":null,"FEE_COMMISSION_INCOME":null,"FEE_COMMISSION_INCOME_YOY":null,"ACCOUNTS_RECE_TDAYS":1.722476255856,"INVENTORY_TDAYS":0.253772961814,"CURRENT_ASSETS_TDAYS":0.27290105917,"TOTAL_ASSETS_TDAYS":0.057875203378,"PREMIUM_EXPENSE":null,"LOAN_DEPOSIT":null,"LOAN_EQUITY":null,"LOAN_ASSETS":null,"DEPOSIT_EQUITY":null,"DEPOSIT_ASSETS":null,"EQUITY_MULTIPLIER":4.509025998773,"EQUITY_RATIO":3.552979357124},{"SECUCODE":"01329.HK","SECURITY_CODE":"01329","SECURITY_NAME_ABBR":"首创钜大","ORG_CODE":"10186673","STD_REPORT_DATE":"2022-06-30 00:00:00","REPORT_DATE":"2022-06-30 00:00:00","DATE_TYPE_CODE":"002","REPORT_TYPE":"2022年中报","PER_NETCASH_OPERATE":0.038986479981,"PER_OI":0.476769279771,"BPS":2.91992967005,"BASIC_EPS":-0.0456,"DILUTED_EPS":-0.0456,"OPERATE_INCOME":458432000,"OPERATE_INCOME_YOY":-19.3395625491,"GROSS_PROFIT":193000000,"GROSS_PROFIT_YOY":-44.29483904672,"HOLDER_PROFIT":-116116000,"HOLDER_PROFIT_YOY":-486.3556026865,"GROSS_PROFIT_RATIO":50.05509776904,"EPS_TTM":-0.33348535984,"OPERATE_INCOME_QOQ":-9.848409715081,"NET_PROFIT_RATIO":-21.2835329379,"ROE_AVG":-2.47696404876,"GROSS_PROFIT_QOQ":-11.071845547567,"ROA":-0.602085750397,"HOLDER_PROFIT_QOQ":-42.930562613107,"ROE_YEARLY":-4.95392809752,"ROIC_YEARLY":-1.263939826467,"TOTAL_ASSETS":19534578000,"TOTAL_LIABILITIES":14841418000,"TAX_EBT":-15.576114381834,"OCF_SALES":6.805436797322,"TOTAL_PARENT_EQUITY":4639950000,"DEBT_ASSET_RATIO":75.9751144867,"OPERATE_PROFIT":44977000,"PRETAX_PROFIT":-196185000,"NETCASH_OPERATE":37487000,"NETCASH_INVEST":-127845000,"NETCASH_FINANCE":368031000,"END_CASH":997040000,"DIVI_RATIO":null,"DIVIDEND_RATE":null,"CURRENT_RATIO":1.382387780334,"COMMON_ACS":18355918048,"CURRENTDEBT_DEBT":20.540240831435,"ISSUED_COMMON_SHARES":1265182185,"HK_COMMON_SHARES":1265182185,"PER_SHARES":2000,"TOTAL_MARKET_CAP":1062753035.4,"HKSK_MARKET_CAP":1062753035.4,"PE_TTM":-4.247850781631,"PB_TTM":0.281771784793,"REPORT_DATE_SQ":"2021-06-30 00:00:00","REPORT_TYPE_SQ":"2021年中报","OPERATE_INCOME_SQ":682911000,"DPS_HKD":null,"OPERATE_INCOME_QOQ_SQ":28.219347971505,"NET_PROFIT_RATIO_SQ":-2.8479552972,"HOLDER_PROFIT_SQ":-19803000,"HOLDER_PROFIT_QOQ_SQ":27.516336605856,"ROE_AVG_SQ":-0.401126305463,"PE_TTM_SQ":-3.205244158814,"PB_TTM_SQ":0.177013089595,"ROA_SQ":-0.100048640018,"START_DATE":"2022-01-01 00:00:00","FISCAL_YEAR":"12-31","CURRENCY":"HKD","IS_CNY_CODE":0,"DPS_HKD_LY":null,"ORG_TYPE":"一般企业","PREMIUM_INCOME":null,"PREMIUM_INCOME_YOY":null,"NET_INTEREST_INCOME":null,"NET_INTEREST_INCOME_YOY":null,"FEE_COMMISSION_INCOME":null,"FEE_COMMISSION_INCOME_YOY":null,"ACCOUNTS_RECE_TDAYS":0.7871529939,"INVENTORY_TDAYS":0.11027413815,"CURRENT_ASSETS_TDAYS":0.136092343532,"TOTAL_ASSETS_TDAYS":0.028562154454,"PREMIUM_EXPENSE":null,"LOAN_DEPOSIT":null,"LOAN_EQUITY":null,"LOAN_ASSETS":null,"DEPOSIT_EQUITY":null,"DEPOSIT_ASSETS":null,"EQUITY_MULTIPLIER":4.162350740221,"EQUITY_RATIO":3.198615933361},{"SECUCODE":"01329.HK","SECURITY_CODE":"01329","SECURITY_NAME_ABBR":"首创钜大","ORG_CODE":"10186673","STD_REPORT_DATE":"2021-12-31 00:00:00","REPORT_DATE":"2021-12-31 00:00:00","DATE_TYPE_CODE":"001","REPORT_TYPE":"2021年年报","PER_NETCASH_OPERATE":0.122894719941,"PER_OI":1.394690959331,"BPS":2.995663426924,"BASIC_EPS":-0.09,"DILUTED_EPS":-0.09,"OPERATE_INCOME":1341049000,"OPERATE_INCOME_YOY":30.9573403253,"GROSS_PROFIT":638954000,"GROSS_PROFIT_YOY":84.766509454422,"HOLDER_PROFIT":-224346000,"HOLDER_PROFIT_YOY":29.989452201,"GROSS_PROFIT_RATIO":47.645835461642,"EPS_TTM":-0.233319839888,"OPERATE_INCOME_QOQ":2.135397190123,"NET_PROFIT_RATIO":-16.699389806,"ROE_AVG":-4.635766105261,"GROSS_PROFIT_QOQ":11.171737031205,"ROA":-1.201335763536,"HOLDER_PROFIT_QOQ":3.411962750408,"ROE_YEARLY":-4.635766105261,"ROIC_YEARLY":-1.257496559129,"TOTAL_ASSETS":19036672000,"TOTAL_LIABILITIES":14246619000,"TAX_EBT":-385.311518040958,"OCF_SALES":8.811609419193,"TOTAL_PARENT_EQUITY":4735721000,"DEBT_ASSET_RATIO":74.8377605077,"OPERATE_PROFIT":462771000,"PRETAX_PROFIT":-46145000,"NETCASH_OPERATE":118168000,"NETCASH_INVEST":-587738000,"NETCASH_FINANCE":348450000,"END_CASH":719349000,"DIVI_RATIO":null,"DIVIDEND_RATE":null,"CURRENT_RATIO":1.262772456734,"COMMON_ACS":18355918048,"CURRENTDEBT_DEBT":21.572360431622,"ISSUED_COMMON_SHARES":1265182185,"HK_COMMON_SHARES":1265182185,"PER_SHARES":2000,"TOTAL_MARKET_CAP":1062753035.4,"HKSK_MARKET_CAP":1062753035.4,"PE_TTM":-4.247850781631,"PB_TTM":0.281771784793,"REPORT_DATE_SQ":"2020-12-31 00:00:00","REPORT_TYPE_SQ":"2020年年报","OPERATE_INCOME_SQ":1024035000,"DPS_HKD":null,"OPERATE_INCOME_QOQ_SQ":3.122677553256,"NET_PROFIT_RATIO_SQ":-31.0232560411,"HOLDER_PROFIT_SQ":-320446000,"HOLDER_PROFIT_QOQ_SQ":9.536795510236,"ROE_AVG_SQ":-6.294242675007,"PE_TTM_SQ":-3.205244158814,"PB_TTM_SQ":0.177013089595,"ROA_SQ":-1.774213766277,"START_DATE":"2021-01-01 00:00:00","FISCAL_YEAR":"12-31","CURRENCY":"HKD","IS_CNY_CODE":0,"DPS_HKD_LY":null,"ORG_TYPE":"一般企业","PREMIUM_INCOME":null,"PREMIUM_INCOME_YOY":null,"NET_INTEREST_INCOME":null,"NET_INTEREST_INCOME_YOY":null,"FEE_COMMISSION_INCOME":null,"FEE_COMMISSION_INCOME_YOY":null,"ACCOUNTS_RECE_TDAYS":2.104159132007,"INVENTORY_TDAYS":0.291596148295,"CURRENT_ASSETS_TDAYS":0.34098456777,"TOTAL_ASSETS_TDAYS":0.071810958268,"PREMIUM_EXPENSE":null,"LOAN_DEPOSIT":null,"LOAN_EQUITY":null,"LOAN_ASSETS":null,"DEPOSIT_EQUITY":null,"DEPOSIT_ASSETS":null,"EQUITY_MULTIPLIER":3.974209053634,"EQUITY_RATIO":3.008331571898},{"SECUCODE":"01329.HK","SECURITY_CODE":"01329","SECURITY_NAME_ABBR":"首创钜大","ORG_CODE":"10186673","STD_REPORT_DATE":"2021-06-30 00:00:00","REPORT_DATE":"2021-06-30 00:00:00","DATE_TYPE_CODE":"002","REPORT_TYPE":"2021年中报","PER_NETCASH_OPERATE":0.035016799983,"PER_OI":0.710227439659,"BPS":3.149652316674,"BASIC_EPS":-0.0078,"DILUTED_EPS":-0.0078,"OPERATE_INCOME":682911000,"OPERATE_INCOME_YOY":73.3562643583,"GROSS_PROFIT":346467000,"GROSS_PROFIT_YOY":194.767694127056,"HOLDER_PROFIT":-19803000,"HOLDER_PROFIT_YOY":81.6601529941,"GROSS_PROFIT_RATIO":50.733843795165,"EPS_TTM":-0.241561839884,"OPERATE_INCOME_QOQ":28.219347971505,"NET_PROFIT_RATIO":-2.8479552972,"ROE_AVG":-0.401126305463,"GROSS_PROFIT_QOQ":66.19917470801,"ROA":-0.100048640018,"HOLDER_PROFIT_QOQ":27.516336605856,"ROE_YEARLY":-0.802252610927,"ROIC_YEARLY":-0.224762358326,"TOTAL_ASSETS":21273992000,"TOTAL_LIABILITIES":16289204000,"TAX_EBT":127.492084134344,"OCF_SALES":4.930364278801,"TOTAL_PARENT_EQUITY":4930501000,"DEBT_ASSET_RATIO":76.5686289625,"OPERATE_PROFIT":309299000,"PRETAX_PROFIT":70744000,"NETCASH_OPERATE":33670000,"NETCASH_INVEST":-302119000,"NETCASH_FINANCE":2823601000,"END_CASH":3395528000,"DIVI_RATIO":null,"DIVIDEND_RATE":null,"CURRENT_RATIO":0.932737166368,"COMMON_ACS":18355918048,"CURRENTDEBT_DEBT":42.440158524628,"ISSUED_COMMON_SHARES":1265182185,"HK_COMMON_SHARES":1265182185,"PER_SHARES":2000,"TOTAL_MARKET_CAP":1062753035.4,"HKSK_MARKET_CAP":1062753035.4,"PE_TTM":-4.247850781631,"PB_TTM":0.281771784793,"REPORT_DATE_SQ":"2020-06-30 00:00:00","REPORT_TYPE_SQ":"2020年中报","OPERATE_INCOME_SQ":393935000,"DPS_HKD":null,"OPERATE_INCOME_QOQ_SQ":-46.745272090748,"NET_PROFIT_RATIO_SQ":-27.102948456,"HOLDER_PROFIT_SQ":-107978000,"HOLDER_PROFIT_QOQ_SQ":-58.46362379719,"ROE_AVG_SQ":-2.085848411568,"PE_TTM_SQ":-3.205244158814,"PB_TTM_SQ":0.177013089595,"ROA_SQ":-0.597494703348,"START_DATE":"2021-01-01 00:00:00","FISCAL_YEAR":"12-31","CURRENCY":"HKD","IS_CNY_CODE":0,"DPS_HKD_LY":null,"ORG_TYPE":"一般企业","PREMIUM_INCOME":null,"PREMIUM_INCOME_YOY":null,"NET_INTEREST_INCOME":null,"NET_INTEREST_INCOME_YOY":null,"FEE_COMMISSION_INCOME":null,"FEE_COMMISSION_INCOME_YOY":null,"ACCOUNTS_RECE_TDAYS":1.070546951483,"INVENTORY_TDAYS":0.144900047547,"CURRENT_ASSETS_TDAYS":0.130913739798,"TOTAL_ASSETS_TDAYS":0.034502003133,"PREMIUM_EXPENSE":null,"LOAN_DEPOSIT":null,"LOAN_EQUITY":null,"LOAN_ASSETS":null,"DEPOSIT_EQUITY":null,"DEPOSIT_ASSETS":null,"EQUITY_MULTIPLIER":4.267782702086,"EQUITY_RATIO":3.303762437124},{"SECUCODE":"01329.HK","SECURITY_CODE":"01329","SECURITY_NAME_ABBR":"首创钜大","ORG_CODE":"10186673","STD_REPORT_DATE":"2020-12-31 00:00:00","REPORT_DATE":"2020-12-31 00:00:00","DATE_TYPE_CODE":"001","REPORT_TYPE":"2020年年报","PER_NETCASH_OPERATE":-0.278232239866,"PER_OI":1.064996399489,"BPS":3.159722803084,"BASIC_EPS":-0.13,"DILUTED_EPS":-0.13,"OPERATE_INCOME":1024035000,"OPERATE_INCOME_YOY":-45.0822986563,"GROSS_PROFIT":345817000,"GROSS_PROFIT_YOY":-60.632064506508,"HOLDER_PROFIT":-320446000,"HOLDER_PROFIT_YOY":-43.3512720375,"GROSS_PROFIT_RATIO":33.770037156933,"EPS_TTM":-0.33326383984,"OPERATE_INCOME_QOQ":3.122677553256,"NET_PROFIT_RATIO":-31.0232560411,"ROE_AVG":-6.294242675007,"GROSS_PROFIT_QOQ":-1.183567217874,"ROA":-1.774213766277,"HOLDER_PROFIT_QOQ":9.536795510236,"ROE_YEARLY":-6.294242675007,"ROIC_YEARLY":-1.940619981471,"TOTAL_ASSETS":18312753000,"TOTAL_LIABILITIES":13315623000,"TAX_EBT":-60.098874683142,"OCF_SALES":-26.125181268218,"TOTAL_PARENT_EQUITY":4943197000,"DEBT_ASSET_RATIO":72.7122950875,"OPERATE_PROFIT":266531000,"PRETAX_PROFIT":-198433000,"NETCASH_OPERATE":-267531000,"NETCASH_INVEST":-985890000,"NETCASH_FINANCE":-57880000,"END_CASH":840441000,"DIVI_RATIO":null,"DIVIDEND_RATE":null,"CURRENT_RATIO":0.546063295115,"COMMON_ACS":18355918048,"CURRENTDEBT_DEBT":54.803083565823,"ISSUED_COMMON_SHARES":1265182185,"HK_COMMON_SHARES":1265182185,"PER_SHARES":2000,"TOTAL_MARKET_CAP":1062753035.4,"HKSK_MARKET_CAP":1062753035.4,"PE_TTM":-4.247850781631,"PB_TTM":0.281771784793,"REPORT_DATE_SQ":"2019-12-31 00:00:00","REPORT_TYPE_SQ":"2019年年报","OPERATE_INCOME_SQ":1864672000,"DPS_HKD":null,"OPERATE_INCOME_QOQ_SQ":-11.137755940878,"NET_PROFIT_RATIO_SQ":-11.9619965334,"HOLDER_PROFIT_SQ":-223539000,"HOLDER_PROFIT_QOQ_SQ":-19.244330881294,"ROE_AVG_SQ":-4.178629841072,"PE_TTM_SQ":-3.205244158814,"PB_TTM_SQ":0.177013089595,"ROA_SQ":-1.262339367458,"START_DATE":"2020-01-01 00:00:00","FISCAL_YEAR":"12-31","CURRENCY":"HKD","IS_CNY_CODE":0,"DPS_HKD_LY":null,"ORG_TYPE":"一般企业","PREMIUM_INCOME":null,"PREMIUM_INCOME_YOY":null,"NET_INTEREST_INCOME":null,"NET_INTEREST_INCOME_YOY":null,"FEE_COMMISSION_INCOME":null,"FEE_COMMISSION_INCOME_YOY":null,"ACCOUNTS_RECE_TDAYS":1.625040961852,"INVENTORY_TDAYS":0.323853941069,"CURRENT_ASSETS_TDAYS":0.234713461675,"TOTAL_ASSETS_TDAYS":0.056697758566,"PREMIUM_EXPENSE":null,"LOAN_DEPOSIT":null,"LOAN_EQUITY":null,"LOAN_ASSETS":null,"DEPOSIT_EQUITY":null,"DEPOSIT_ASSETS":null,"EQUITY_MULTIPLIER":3.664654111464,"EQUITY_RATIO":2.693726954439},{"SECUCODE":"01329.HK","SECURITY_CODE":"01329","SECURITY_NAME_ABBR":"首创钜大","ORG_CODE":"10186673","STD_REPORT_DATE":"2020-06-30 00:00:00","REPORT_DATE":"2020-06-30 00:00:00","DATE_TYPE_CODE":"002","REPORT_TYPE":"2020年中报","PER_NETCASH_OPERATE":-0.64633919969,"PER_OI":0.409692399803,"BPS":3.295070899216,"BASIC_EPS":-0.0424,"DILUTED_EPS":-0.0424,"OPERATE_INCOME":393935000,"OPERATE_INCOME_YOY":-68.8731894679,"GROSS_PROFIT":117539000,"GROSS_PROFIT_YOY":-81.805192855142,"HOLDER_PROFIT":-107978000,"HOLDER_PROFIT_YOY":-575.4436176302,"GROSS_PROFIT_RATIO":29.837155875969,"EPS_TTM":-0.368397119823,"OPERATE_INCOME_QOQ":-46.745272090748,"NET_PROFIT_RATIO":-27.102948456,"ROE_AVG":-2.085848411568,"GROSS_PROFIT_QOQ":-60.160537690839,"ROA":-0.597494703348,"HOLDER_PROFIT_QOQ":-58.46362379719,"ROE_YEARLY":-4.171696823137,"ROIC_YEARLY":-1.340171378924,"TOTAL_ASSETS":18333745000,"TOTAL_LIABILITIES":13166967000,"TAX_EBT":-247.235592558866,"OCF_SALES":-157.762067346136,"TOTAL_PARENT_EQUITY":5114392000,"DEBT_ASSET_RATIO":71.8182073548,"OPERATE_PROFIT":200126000,"PRETAX_PROFIT":-30748000,"NETCASH_OPERATE":-621480000,"NETCASH_INVEST":-459650000,"NETCASH_FINANCE":588900000,"END_CASH":1659979000,"DIVI_RATIO":null,"DIVIDEND_RATE":null,"CURRENT_RATIO":1.125838843413,"COMMON_ACS":18355918048,"CURRENTDEBT_DEBT":31.102242452647,"ISSUED_COMMON_SHARES":1265182185,"HK_COMMON_SHARES":1265182185,"PER_SHARES":2000,"TOTAL_MARKET_CAP":1062753035.4,"HKSK_MARKET_CAP":1062753035.4,"PE_TTM":-4.247850781631,"PB_TTM":0.281771784793,"REPORT_DATE_SQ":"2019-06-30 00:00:00","REPORT_TYPE_SQ":"2019年中报","OPERATE_INCOME_SQ":1265581000,"DPS_HKD":null,"OPERATE_INCOME_QOQ_SQ":71.431080683638,"NET_PROFIT_RATIO_SQ":1.8108678939,"HOLDER_PROFIT_SQ":22711000,"HOLDER_PROFIT_QOQ_SQ":5.177088286174,"ROE_AVG_SQ":0.415800377737,"PE_TTM_SQ":-3.205244158814,"PB_TTM_SQ":0.177013089595,"ROA_SQ":0.131723244655,"START_DATE":"2020-01-01 00:00:00","FISCAL_YEAR":"12-31","CURRENCY":"HKD","IS_CNY_CODE":0,"DPS_HKD_LY":null,"ORG_TYPE":"一般企业","PREMIUM_INCOME":null,"PREMIUM_INCOME_YOY":null,"NET_INTEREST_INCOME":null,"NET_INTEREST_INCOME_YOY":null,"FEE_COMMISSION_INCOME":null,"FEE_COMMISSION_INCOME_YOY":null,"ACCOUNTS_RECE_TDAYS":null,"INVENTORY_TDAYS":0.142769921186,"CURRENT_ASSETS_TDAYS":0.084250078383,"TOTAL_ASSETS_TDAYS":0.021798336324,"PREMIUM_EXPENSE":null,"LOAN_DEPOSIT":null,"LOAN_EQUITY":null,"LOAN_ASSETS":null,"DEPOSIT_EQUITY":null,"DEPOSIT_ASSETS":null,"EQUITY_MULTIPLIER":3.548390312106,"EQUITY_RATIO":2.574493116679}],"count":30},"success":true,"message":"ok","code":0}