{"version":"2a8de7adad56e3c26a39af2f4a8257d8","result":{"pages":3,"data":[{"SECUCODE":"01327.HK","SECURITY_CODE":"01327","SECURITY_NAME_ABBR":"励时集团","ORG_CODE":"10430987","STD_REPORT_DATE":"2024-06-30 00:00:00","REPORT_DATE":"2024-06-30 00:00:00","DATE_TYPE_CODE":"002","REPORT_TYPE":"2024年中报","PER_NETCASH_OPERATE":-0.000435882597,"PER_OI":0.04097296415,"BPS":0.132801371083,"BASIC_EPS":-0.02,"DILUTED_EPS":-0.02,"OPERATE_INCOME":22090000,"OPERATE_INCOME_YOY":-19.0516325259,"GROSS_PROFIT":5946000,"GROSS_PROFIT_YOY":36.94150161216,"HOLDER_PROFIT":-10729000,"HOLDER_PROFIT_YOY":40.6384862233,"GROSS_PROFIT_RATIO":26.917157084654,"EPS_TTM":-0.059708496557,"OPERATE_INCOME_QOQ":-16.417721918717,"NET_PROFIT_RATIO":-48.5694884563,"ROE_AVG":-13.952883496219,"GROSS_PROFIT_QOQ":28.885287232127,"ROA":-9.949690492199,"HOLDER_PROFIT_QOQ":18.578004856333,"ROE_YEARLY":-27.905766992438,"ROIC_YEARLY":-20.216123531462,"TOTAL_ASSETS":102036000,"TOTAL_LIABILITIES":30438000,"TAX_EBT":null,"OCF_SALES":-1.063829787234,"TOTAL_PARENT_EQUITY":71598000,"DEBT_ASSET_RATIO":29.8306480066,"OPERATE_PROFIT":-9229000,"PRETAX_PROFIT":-10729000,"NETCASH_OPERATE":-235000,"NETCASH_INVEST":null,"NETCASH_FINANCE":-410000,"END_CASH":1381000,"DIVI_RATIO":null,"DIVIDEND_RATE":null,"CURRENT_RATIO":11.017014333994,"COMMON_ACS":1300000000,"CURRENTDEBT_DEBT":28.19173401669,"ISSUED_COMMON_SHARES":539136000,"HK_COMMON_SHARES":539136000,"PER_SHARES":10000,"TOTAL_MARKET_CAP":21026304,"HKSK_MARKET_CAP":21026304,"PE_TTM":-0.587665040537,"PB_TTM":0.268028256861,"REPORT_DATE_SQ":"2023-06-30 00:00:00","REPORT_TYPE_SQ":"2023年中报","OPERATE_INCOME_SQ":27289000,"DPS_HKD":null,"OPERATE_INCOME_QOQ_SQ":-40.559549131333,"NET_PROFIT_RATIO_SQ":-66.231815017,"HOLDER_PROFIT_SQ":-18074000,"HOLDER_PROFIT_QOQ_SQ":-2.787738097706,"ROE_AVG_SQ":-16.497649582402,"PE_TTM_SQ":-0.847801739153,"PB_TTM_SQ":0.41942891536,"ROA_SQ":-12.635493895128,"START_DATE":"2024-01-01 00:00:00","FISCAL_YEAR":"12-31","CURRENCY":"HKD","IS_CNY_CODE":0,"DPS_HKD_LY":null,"ORG_TYPE":"一般企业","PREMIUM_INCOME":null,"PREMIUM_INCOME_YOY":null,"NET_INTEREST_INCOME":null,"NET_INTEREST_INCOME_YOY":null,"FEE_COMMISSION_INCOME":null,"FEE_COMMISSION_INCOME_YOY":null,"ACCOUNTS_RECE_TDAYS":1.053987642245,"INVENTORY_TDAYS":0.270954315062,"CURRENT_ASSETS_TDAYS":0.225040749796,"TOTAL_ASSETS_TDAYS":0.204854751582,"PREMIUM_EXPENSE":null,"LOAN_DEPOSIT":null,"LOAN_EQUITY":null,"LOAN_ASSETS":null,"DEPOSIT_EQUITY":null,"DEPOSIT_ASSETS":null,"EQUITY_MULTIPLIER":1.425123606805,"EQUITY_RATIO":0.425123606805},{"SECUCODE":"01327.HK","SECURITY_CODE":"01327","SECURITY_NAME_ABBR":"励时集团","ORG_CODE":"10430987","STD_REPORT_DATE":"2023-12-31 00:00:00","REPORT_DATE":"2023-12-31 00:00:00","DATE_TYPE_CODE":"001","REPORT_TYPE":"2023年年报","PER_NETCASH_OPERATE":0.000389512108,"PER_OI":0.058736571106,"BPS":0.152449474715,"BASIC_EPS":-0.0733,"DILUTED_EPS":-0.0733,"OPERATE_INCOME":31667000,"OPERATE_INCOME_YOY":-50.834510705,"GROSS_PROFIT":5553000,"GROSS_PROFIT_YOY":15.567117585848,"HOLDER_PROFIT":-39536000,"HOLDER_PROFIT_YOY":18.0550086016,"GROSS_PROFIT_RATIO":17.53560488837,"EPS_TTM":-0.073332146249,"OPERATE_INCOME_QOQ":-17.286143398198,"NET_PROFIT_RATIO":-124.8492121136,"ROE_AVG":-39.424428866308,"GROSS_PROFIT_QOQ":50.937754824681,"ROA":-29.415791196691,"HOLDER_PROFIT_QOQ":20.277464107114,"ROE_YEARLY":-39.424428866308,"ROIC_YEARLY":-30.737295481845,"TOTAL_ASSETS":113629000,"TOTAL_LIABILITIES":31438000,"TAX_EBT":null,"OCF_SALES":0.663150914201,"TOTAL_PARENT_EQUITY":82191000,"DEBT_ASSET_RATIO":27.6672328367,"OPERATE_PROFIT":-37170000,"PRETAX_PROFIT":-39536000,"NETCASH_OPERATE":210000,"NETCASH_INVEST":-2566000,"NETCASH_FINANCE":-5407000,"END_CASH":1998000,"DIVI_RATIO":null,"DIVIDEND_RATE":null,"CURRENT_RATIO":10.623421354765,"COMMON_ACS":1300000000,"CURRENTDEBT_DEBT":30.475857242827,"ISSUED_COMMON_SHARES":539136000,"HK_COMMON_SHARES":539136000,"PER_SHARES":10000,"TOTAL_MARKET_CAP":29652480,"HKSK_MARKET_CAP":29652480,"PE_TTM":-0.828758390501,"PB_TTM":0.377988567368,"REPORT_DATE_SQ":"2022-12-31 00:00:00","REPORT_TYPE_SQ":"2022年年报","OPERATE_INCOME_SQ":64409000,"DPS_HKD":null,"OPERATE_INCOME_QOQ_SQ":-14.253953884658,"NET_PROFIT_RATIO_SQ":-74.9072334612,"HOLDER_PROFIT_SQ":-48247000,"HOLDER_PROFIT_QOQ_SQ":7.138732773886,"ROE_AVG_SQ":-35.378314860916,"PE_TTM_SQ":-0.598448286461,"PB_TTM_SQ":0.296067469666,"ROA_SQ":-27.845946070736,"START_DATE":"2023-01-01 00:00:00","FISCAL_YEAR":"12-31","CURRENCY":"HKD","IS_CNY_CODE":0,"DPS_HKD_LY":null,"ORG_TYPE":"一般企业","PREMIUM_INCOME":null,"PREMIUM_INCOME_YOY":null,"NET_INTEREST_INCOME":null,"NET_INTEREST_INCOME_YOY":null,"FEE_COMMISSION_INCOME":null,"FEE_COMMISSION_INCOME_YOY":null,"ACCOUNTS_RECE_TDAYS":0.865809979494,"INVENTORY_TDAYS":0.535046202389,"CURRENT_ASSETS_TDAYS":0.270263119714,"TOTAL_ASSETS_TDAYS":0.235610547305,"PREMIUM_EXPENSE":null,"LOAN_DEPOSIT":null,"LOAN_EQUITY":null,"LOAN_ASSETS":null,"DEPOSIT_EQUITY":null,"DEPOSIT_ASSETS":null,"EQUITY_MULTIPLIER":1.38249930041,"EQUITY_RATIO":0.38249930041},{"SECUCODE":"01327.HK","SECURITY_CODE":"01327","SECURITY_NAME_ABBR":"励时集团","ORG_CODE":"10430987","STD_REPORT_DATE":"2023-06-30 00:00:00","REPORT_DATE":"2023-06-30 00:00:00","DATE_TYPE_CODE":"002","REPORT_TYPE":"2023年中报","PER_NETCASH_OPERATE":-0.015441372863,"PER_OI":0.050616171059,"BPS":0.186845248694,"BASIC_EPS":-0.034,"DILUTED_EPS":-0.034,"OPERATE_INCOME":27289000,"OPERATE_INCOME_YOY":-48.9094415217,"GROSS_PROFIT":4342000,"GROSS_PROFIT_YOY":-20.592538405267,"HOLDER_PROFIT":-18074000,"HOLDER_PROFIT_YOY":-8.0399306593,"GROSS_PROFIT_RATIO":15.91117300011,"EPS_TTM":-0.091984211776,"OPERATE_INCOME_QOQ":-40.559549131333,"NET_PROFIT_RATIO":-66.231815017,"ROE_AVG":-16.497649582402,"GROSS_PROFIT_QOQ":-23.433922996878,"ROA":-12.635493895128,"HOLDER_PROFIT_QOQ":-2.787738097706,"ROE_YEARLY":-32.995299164803,"ROIC_YEARLY":-26.266149307524,"TOTAL_ASSETS":130904000,"TOTAL_LIABILITIES":30169000,"TAX_EBT":null,"OCF_SALES":-30.506797610759,"TOTAL_PARENT_EQUITY":100735000,"DEBT_ASSET_RATIO":23.0466601479,"OPERATE_PROFIT":-16564000,"PRETAX_PROFIT":-18074000,"NETCASH_OPERATE":-8325000,"NETCASH_INVEST":null,"NETCASH_FINANCE":null,"END_CASH":1280000,"DIVI_RATIO":null,"DIVIDEND_RATE":null,"CURRENT_RATIO":5.404048582996,"COMMON_ACS":1300000000,"CURRENTDEBT_DEBT":69.591302330207,"ISSUED_COMMON_SHARES":539136000,"HK_COMMON_SHARES":539136000,"PER_SHARES":10000,"TOTAL_MARKET_CAP":29652480,"HKSK_MARKET_CAP":29652480,"PE_TTM":-0.828758390501,"PB_TTM":0.377988567368,"REPORT_DATE_SQ":"2022-06-30 00:00:00","REPORT_TYPE_SQ":"2022年中报","OPERATE_INCOME_SQ":53413000,"DPS_HKD":null,"OPERATE_INCOME_QOQ_SQ":6.310768925938,"NET_PROFIT_RATIO_SQ":-31.3200906146,"HOLDER_PROFIT_SQ":-16729000,"HOLDER_PROFIT_QOQ_SQ":-18.461433229212,"ROE_AVG_SQ":-11.327756015479,"PE_TTM_SQ":-0.598448286461,"PB_TTM_SQ":0.296067469666,"ROA_SQ":-9.204553582728,"START_DATE":"2023-01-01 00:00:00","FISCAL_YEAR":"12-31","CURRENCY":"HKD","IS_CNY_CODE":0,"DPS_HKD_LY":null,"ORG_TYPE":"一般企业","PREMIUM_INCOME":null,"PREMIUM_INCOME_YOY":null,"NET_INTEREST_INCOME":null,"NET_INTEREST_INCOME_YOY":null,"FEE_COMMISSION_INCOME":null,"FEE_COMMISSION_INCOME_YOY":null,"ACCOUNTS_RECE_TDAYS":0.476609642573,"INVENTORY_TDAYS":0.727229511314,"CURRENT_ASSETS_TDAYS":0.221846457765,"TOTAL_ASSETS_TDAYS":0.190776802536,"PREMIUM_EXPENSE":null,"LOAN_DEPOSIT":null,"LOAN_EQUITY":null,"LOAN_ASSETS":null,"DEPOSIT_EQUITY":null,"DEPOSIT_ASSETS":null,"EQUITY_MULTIPLIER":1.299488757631,"EQUITY_RATIO":0.299488757631},{"SECUCODE":"01327.HK","SECURITY_CODE":"01327","SECURITY_NAME_ABBR":"励时集团","ORG_CODE":"10430987","STD_REPORT_DATE":"2022-12-31 00:00:00","REPORT_DATE":"2022-12-31 00:00:00","DATE_TYPE_CODE":"001","REPORT_TYPE":"2022年年报","PER_NETCASH_OPERATE":0.009939978039,"PER_OI":0.119467073243,"BPS":0.219564265788,"BASIC_EPS":-0.0895,"DILUTED_EPS":-0.0895,"OPERATE_INCOME":64409000,"OPERATE_INCOME_YOY":-8.8427190512,"GROSS_PROFIT":4805000,"GROSS_PROFIT_YOY":-42.455089820359,"HOLDER_PROFIT":-48247000,"HOLDER_PROFIT_YOY":-10.0047880709,"GROSS_PROFIT_RATIO":7.460137558416,"EPS_TTM":-0.089489479463,"OPERATE_INCOME_QOQ":-14.253953884658,"NET_PROFIT_RATIO":-74.9072334612,"ROE_AVG":-35.378314860916,"GROSS_PROFIT_QOQ":-52.359706523895,"ROA":-27.845946070736,"HOLDER_PROFIT_QOQ":7.138732773886,"ROE_YEARLY":-35.378314860916,"ROIC_YEARLY":-29.523765814555,"TOTAL_ASSETS":155179000,"TOTAL_LIABILITIES":36804000,"TAX_EBT":null,"OCF_SALES":8.320265801363,"TOTAL_PARENT_EQUITY":118375000,"DEBT_ASSET_RATIO":23.7171266731,"OPERATE_PROFIT":-46313000,"PRETAX_PROFIT":-48247000,"NETCASH_OPERATE":5359000,"NETCASH_INVEST":-960000,"NETCASH_FINANCE":-5772000,"END_CASH":9559000,"DIVI_RATIO":null,"DIVIDEND_RATE":null,"CURRENT_RATIO":5.031083953241,"COMMON_ACS":1300000000,"CURRENTDEBT_DEBT":71.590044560374,"ISSUED_COMMON_SHARES":539136000,"HK_COMMON_SHARES":539136000,"PER_SHARES":10000,"TOTAL_MARKET_CAP":29652480,"HKSK_MARKET_CAP":29652480,"PE_TTM":-0.828758390501,"PB_TTM":0.377988567368,"REPORT_DATE_SQ":"2021-12-31 00:00:00","REPORT_TYPE_SQ":"2021年年报","OPERATE_INCOME_SQ":70657000,"DPS_HKD":null,"OPERATE_INCOME_QOQ_SQ":0.191429624798,"NET_PROFIT_RATIO_SQ":-62.073113775,"HOLDER_PROFIT_SQ":-43859000,"HOLDER_PROFIT_QOQ_SQ":68.359124192908,"ROE_AVG_SQ":-25.530218141071,"PE_TTM_SQ":-0.598448286461,"PB_TTM_SQ":0.296067469666,"ROA_SQ":-22.051333618241,"START_DATE":"2022-01-01 00:00:00","FISCAL_YEAR":"12-31","CURRENCY":"HKD","IS_CNY_CODE":0,"DPS_HKD_LY":null,"ORG_TYPE":"一般企业","PREMIUM_INCOME":null,"PREMIUM_INCOME_YOY":null,"NET_INTEREST_INCOME":null,"NET_INTEREST_INCOME_YOY":null,"FEE_COMMISSION_INCOME":null,"FEE_COMMISSION_INCOME_YOY":null,"ACCOUNTS_RECE_TDAYS":1.32590190932,"INVENTORY_TDAYS":1.57152461934,"CURRENT_ASSETS_TDAYS":0.438669736018,"TOTAL_ASSETS_TDAYS":0.371739080247,"PREMIUM_EXPENSE":null,"LOAN_DEPOSIT":null,"LOAN_EQUITY":null,"LOAN_ASSETS":null,"DEPOSIT_EQUITY":null,"DEPOSIT_ASSETS":null,"EQUITY_MULTIPLIER":1.310910242873,"EQUITY_RATIO":0.310910242872},{"SECUCODE":"01327.HK","SECURITY_CODE":"01327","SECURITY_NAME_ABBR":"励时集团","ORG_CODE":"10430987","STD_REPORT_DATE":"2022-06-30 00:00:00","REPORT_DATE":"2022-06-30 00:00:00","DATE_TYPE_CODE":"002","REPORT_TYPE":"2022年中报","PER_NETCASH_OPERATE":-0.000372818732,"PER_OI":0.099071477327,"BPS":0.261509155389,"BASIC_EPS":-0.031,"DILUTED_EPS":-0.031,"OPERATE_INCOME":53413000,"OPERATE_INCOME_YOY":9.1085508845,"GROSS_PROFIT":5468000,"GROSS_PROFIT_YOY":46.516613076099,"HOLDER_PROFIT":-16729000,"HOLDER_PROFIT_YOY":-93.8021316033,"GROSS_PROFIT_RATIO":10.237208170296,"EPS_TTM":-0.096369005223,"OPERATE_INCOME_QOQ":6.310768925938,"NET_PROFIT_RATIO":-31.3200906146,"ROE_AVG":-11.327756015479,"GROSS_PROFIT_QOQ":20.790419161677,"ROA":-9.204553582728,"HOLDER_PROFIT_QOQ":-18.461433229212,"ROE_YEARLY":-22.655512030959,"ROIC_YEARLY":-19.221444739352,"TOTAL_ASSETS":172145000,"TOTAL_LIABILITIES":31156000,"TAX_EBT":null,"OCF_SALES":-0.376312882632,"TOTAL_PARENT_EQUITY":140989000,"DEBT_ASSET_RATIO":18.0986958669,"OPERATE_PROFIT":-15842000,"PRETAX_PROFIT":-16729000,"NETCASH_OPERATE":-201000,"NETCASH_INVEST":-4900000,"NETCASH_FINANCE":null,"END_CASH":5228000,"DIVI_RATIO":null,"DIVIDEND_RATE":null,"CURRENT_RATIO":13.883700862896,"COMMON_ACS":1300000000,"CURRENTDEBT_DEBT":33.476697907305,"ISSUED_COMMON_SHARES":539136000,"HK_COMMON_SHARES":539136000,"PER_SHARES":10000,"TOTAL_MARKET_CAP":29652480,"HKSK_MARKET_CAP":29652480,"PE_TTM":-0.828758390501,"PB_TTM":0.377988567368,"REPORT_DATE_SQ":"2021-06-30 00:00:00","REPORT_TYPE_SQ":"2021年中报","OPERATE_INCOME_SQ":48954000,"DPS_HKD":null,"OPERATE_INCOME_QOQ_SQ":12.174715276452,"NET_PROFIT_RATIO_SQ":-17.6328798464,"HOLDER_PROFIT_SQ":-8632000,"HOLDER_PROFIT_QOQ_SQ":5.215328017943,"ROE_AVG_SQ":-4.640772888682,"PE_TTM_SQ":-0.598448286461,"PB_TTM_SQ":0.296067469666,"ROA_SQ":-4.163541518448,"START_DATE":"2022-01-01 00:00:00","FISCAL_YEAR":"12-31","CURRENCY":"HKD","IS_CNY_CODE":0,"DPS_HKD_LY":null,"ORG_TYPE":"一般企业","PREMIUM_INCOME":null,"PREMIUM_INCOME_YOY":null,"NET_INTEREST_INCOME":null,"NET_INTEREST_INCOME_YOY":null,"FEE_COMMISSION_INCOME":null,"FEE_COMMISSION_INCOME_YOY":null,"ACCOUNTS_RECE_TDAYS":1.147432867884,"INVENTORY_TDAYS":1.361165131233,"CURRENT_ASSETS_TDAYS":0.349214132538,"TOTAL_ASSETS_TDAYS":0.293886556587,"PREMIUM_EXPENSE":null,"LOAN_DEPOSIT":null,"LOAN_EQUITY":null,"LOAN_ASSETS":null,"DEPOSIT_EQUITY":null,"DEPOSIT_ASSETS":null,"EQUITY_MULTIPLIER":1.220981778721,"EQUITY_RATIO":0.22098177872},{"SECUCODE":"01327.HK","SECURITY_CODE":"01327","SECURITY_NAME_ABBR":"励时集团","ORG_CODE":"10430987","STD_REPORT_DATE":"2021-12-31 00:00:00","REPORT_DATE":"2021-12-31 00:00:00","DATE_TYPE_CODE":"001","REPORT_TYPE":"2021年年报","PER_NETCASH_OPERATE":-0.004256810897,"PER_OI":0.131055985874,"BPS":0.286335915242,"BASIC_EPS":-0.0933,"DILUTED_EPS":-0.0933,"OPERATE_INCOME":70657000,"OPERATE_INCOME_YOY":12.389450913,"GROSS_PROFIT":8350000,"GROSS_PROFIT_YOY":288.191538819154,"HOLDER_PROFIT":-43859000,"HOLDER_PROFIT_YOY":70.009299654,"GROSS_PROFIT_RATIO":11.817654301768,"EPS_TTM":-0.08135053122,"OPERATE_INCOME_QOQ":0.191429624798,"NET_PROFIT_RATIO":-62.073113775,"ROE_AVG":-25.530218141071,"GROSS_PROFIT_QOQ":213.90977443609,"ROA":-22.051333618241,"HOLDER_PROFIT_QOQ":68.359124192908,"ROE_YEARLY":-25.530218141071,"ROIC_YEARLY":-22.943787485254,"TOTAL_ASSETS":191349000,"TOTAL_LIABILITIES":36975000,"TAX_EBT":null,"OCF_SALES":-3.248085823061,"TOTAL_PARENT_EQUITY":154374000,"DEBT_ASSET_RATIO":19.323330668,"OPERATE_PROFIT":-42066000,"PRETAX_PROFIT":-43859000,"NETCASH_OPERATE":-2295000,"NETCASH_INVEST":-8678000,"NETCASH_FINANCE":15999000,"END_CASH":10134000,"DIVI_RATIO":null,"DIVIDEND_RATE":null,"CURRENT_RATIO":11.829710677045,"COMMON_ACS":1300000000,"CURRENTDEBT_DEBT":36.830290736985,"ISSUED_COMMON_SHARES":539136000,"HK_COMMON_SHARES":539136000,"PER_SHARES":10000,"TOTAL_MARKET_CAP":37200384,"HKSK_MARKET_CAP":37200384,"PE_TTM":-1.039715071719,"PB_TTM":0.474203839061,"REPORT_DATE_SQ":"2020-12-31 00:00:00","REPORT_TYPE_SQ":"2020年年报","OPERATE_INCOME_SQ":62868000,"DPS_HKD":null,"OPERATE_INCOME_QOQ_SQ":-11.54571291893,"NET_PROFIT_RATIO_SQ":-232.6175478781,"HOLDER_PROFIT_SQ":-146242000,"HOLDER_PROFIT_QOQ_SQ":-15.860943417154,"ROE_AVG_SQ":-53.647593980136,"PE_TTM_SQ":-0.598448286461,"PB_TTM_SQ":0.296067469666,"ROA_SQ":-51.088997535367,"START_DATE":"2021-01-01 00:00:00","FISCAL_YEAR":"12-31","CURRENCY":"HKD","IS_CNY_CODE":0,"DPS_HKD_LY":null,"ORG_TYPE":"一般企业","PREMIUM_INCOME":null,"PREMIUM_INCOME_YOY":null,"NET_INTEREST_INCOME":null,"NET_INTEREST_INCOME_YOY":null,"FEE_COMMISSION_INCOME":null,"FEE_COMMISSION_INCOME_YOY":null,"ACCOUNTS_RECE_TDAYS":1.539888197539,"INVENTORY_TDAYS":1.382710295929,"CURRENT_ASSETS_TDAYS":0.412350016341,"TOTAL_ASSETS_TDAYS":0.355247743784,"PREMIUM_EXPENSE":null,"LOAN_DEPOSIT":null,"LOAN_EQUITY":null,"LOAN_ASSETS":null,"DEPOSIT_EQUITY":null,"DEPOSIT_ASSETS":null,"EQUITY_MULTIPLIER":1.239515721559,"EQUITY_RATIO":0.239515721559},{"SECUCODE":"01327.HK","SECURITY_CODE":"01327","SECURITY_NAME_ABBR":"励时集团","ORG_CODE":"10430987","STD_REPORT_DATE":"2021-06-30 00:00:00","REPORT_DATE":"2021-06-30 00:00:00","DATE_TYPE_CODE":"002","REPORT_TYPE":"2021年中报","PER_NETCASH_OPERATE":-0.003948539886,"PER_OI":0.108961004274,"BPS":0.339053596866,"BASIC_EPS":-0.02,"DILUTED_EPS":-0.02,"OPERATE_INCOME":48954000,"OPERATE_INCOME_YOY":18.5326876513,"GROSS_PROFIT":3732000,"GROSS_PROFIT_YOY":15.792739683525,"HOLDER_PROFIT":-8632000,"HOLDER_PROFIT_YOY":46.9094040224,"GROSS_PROFIT_RATIO":7.623483270009,"EPS_TTM":-0.308526976496,"OPERATE_INCOME_QOQ":12.174715276452,"NET_PROFIT_RATIO":-17.6328798464,"ROE_AVG":-4.640772888682,"GROSS_PROFIT_QOQ":23.663412366341,"ROA":-4.163541518448,"HOLDER_PROFIT_QOQ":5.215328017943,"ROE_YEARLY":-9.281545777364,"ROIC_YEARLY":-8.535569404651,"TOTAL_ASSETS":208206000,"TOTAL_LIABILITIES":25410000,"TAX_EBT":null,"OCF_SALES":-3.623810107448,"TOTAL_PARENT_EQUITY":182796000,"DEBT_ASSET_RATIO":12.2042592432,"OPERATE_PROFIT":-7995000,"PRETAX_PROFIT":-8632000,"NETCASH_OPERATE":-1774000,"NETCASH_INVEST":-2205000,"NETCASH_FINANCE":4196000,"END_CASH":4789000,"DIVI_RATIO":null,"DIVIDEND_RATE":null,"CURRENT_RATIO":34.846230356077,"COMMON_ACS":1300000000,"CURRENTDEBT_DEBT":19.78354978355,"ISSUED_COMMON_SHARES":539136000,"HK_COMMON_SHARES":539136000,"PER_SHARES":10000,"TOTAL_MARKET_CAP":29652480,"HKSK_MARKET_CAP":29652480,"PE_TTM":-0.828758390501,"PB_TTM":0.377988567368,"REPORT_DATE_SQ":"2020-06-30 00:00:00","REPORT_TYPE_SQ":"2020年中报","OPERATE_INCOME_SQ":41300000,"DPS_HKD":null,"OPERATE_INCOME_QOQ_SQ":-22.315856204435,"NET_PROFIT_RATIO_SQ":-39.3680387409,"HOLDER_PROFIT_SQ":-16259000,"HOLDER_PROFIT_QOQ_SQ":0.653275824072,"ROE_AVG_SQ":-4.633408186761,"PE_TTM_SQ":-0.598448286461,"PB_TTM_SQ":0.296067469666,"ROA_SQ":-4.489954283047,"START_DATE":"2021-01-01 00:00:00","FISCAL_YEAR":"12-31","CURRENCY":"HKD","IS_CNY_CODE":0,"DPS_HKD_LY":null,"ORG_TYPE":"一般企业","PREMIUM_INCOME":null,"PREMIUM_INCOME_YOY":null,"NET_INTEREST_INCOME":null,"NET_INTEREST_INCOME_YOY":null,"FEE_COMMISSION_INCOME":null,"FEE_COMMISSION_INCOME_YOY":null,"ACCOUNTS_RECE_TDAYS":1.13752599598,"INVENTORY_TDAYS":0.809161261463,"CURRENT_ASSETS_TDAYS":0.274421981114,"TOTAL_ASSETS_TDAYS":0.236123738988,"PREMIUM_EXPENSE":null,"LOAN_DEPOSIT":null,"LOAN_EQUITY":null,"LOAN_ASSETS":null,"DEPOSIT_EQUITY":null,"DEPOSIT_ASSETS":null,"EQUITY_MULTIPLIER":1.139007418105,"EQUITY_RATIO":0.139007418105},{"SECUCODE":"01327.HK","SECURITY_CODE":"01327","SECURITY_NAME_ABBR":"励时集团","ORG_CODE":"10430987","STD_REPORT_DATE":"2020-12-31 00:00:00","REPORT_DATE":"2020-12-31 00:00:00","DATE_TYPE_CODE":"001","REPORT_TYPE":"2020年年报","PER_NETCASH_OPERATE":-0.041748649691,"PER_OI":0.151591435185,"BPS":0.350952264364,"BASIC_EPS":-0.3923,"DILUTED_EPS":-0.3923,"OPERATE_INCOME":62868000,"OPERATE_INCOME_YOY":-31.2850444306,"GROSS_PROFIT":2151000,"GROSS_PROFIT_YOY":-84.956989999301,"HOLDER_PROFIT":-146242000,"HOLDER_PROFIT_YOY":-15.1040518843,"GROSS_PROFIT_RATIO":3.421454476045,"EPS_TTM":-0.352628279321,"OPERATE_INCOME_QOQ":-11.54571291893,"NET_PROFIT_RATIO":-232.6175478781,"ROE_AVG":-53.647593980136,"GROSS_PROFIT_QOQ":-79.014634146341,"ROA":-51.088997535367,"HOLDER_PROFIT_QOQ":-15.860943417154,"ROE_YEARLY":-53.647593980136,"ROIC_YEARLY":-51.738783567925,"TOTAL_ASSETS":206441000,"TOTAL_LIABILITIES":17230000,"TAX_EBT":null,"OCF_SALES":-27.540243048928,"TOTAL_PARENT_EQUITY":189211000,"DEBT_ASSET_RATIO":8.3462102974,"OPERATE_PROFIT":-142614000,"PRETAX_PROFIT":-146242000,"NETCASH_OPERATE":-17314000,"NETCASH_INVEST":null,"NETCASH_FINANCE":21003000,"END_CASH":5339000,"DIVI_RATIO":null,"DIVIDEND_RATE":null,"CURRENT_RATIO":99.130458515284,"COMMON_ACS":1300000000,"CURRENTDEBT_DEBT":10.632617527568,"ISSUED_COMMON_SHARES":539136000,"HK_COMMON_SHARES":539136000,"PER_SHARES":10000,"TOTAL_MARKET_CAP":37200384,"HKSK_MARKET_CAP":37200384,"PE_TTM":-1.039715071719,"PB_TTM":0.474203839061,"REPORT_DATE_SQ":"2019-12-31 00:00:00","REPORT_TYPE_SQ":"2019年年报","OPERATE_INCOME_SQ":91491000,"DPS_HKD":null,"OPERATE_INCOME_QOQ_SQ":7.381282129527,"NET_PROFIT_RATIO_SQ":-138.8683039862,"HOLDER_PROFIT_SQ":-127052000,"HOLDER_PROFIT_QOQ_SQ":-23.5025370842,"ROE_AVG_SQ":-30.863033930584,"PE_TTM_SQ":-0.598448286461,"PB_TTM_SQ":0.296067469666,"ROA_SQ":-29.912570969136,"START_DATE":"2020-01-01 00:00:00","FISCAL_YEAR":"12-31","CURRENCY":"HKD","IS_CNY_CODE":0,"DPS_HKD_LY":null,"ORG_TYPE":"一般企业","PREMIUM_INCOME":null,"PREMIUM_INCOME_YOY":null,"NET_INTEREST_INCOME":null,"NET_INTEREST_INCOME_YOY":null,"FEE_COMMISSION_INCOME":null,"FEE_COMMISSION_INCOME_YOY":null,"ACCOUNTS_RECE_TDAYS":0.884437097739,"INVENTORY_TDAYS":0.904159158936,"CURRENT_ASSETS_TDAYS":0.243556416465,"TOTAL_ASSETS_TDAYS":0.219626584501,"PREMIUM_EXPENSE":null,"LOAN_DEPOSIT":null,"LOAN_EQUITY":null,"LOAN_ASSETS":null,"DEPOSIT_EQUITY":null,"DEPOSIT_ASSETS":null,"EQUITY_MULTIPLIER":1.091062358954,"EQUITY_RATIO":0.091062358954},{"SECUCODE":"01327.HK","SECURITY_CODE":"01327","SECURITY_NAME_ABBR":"励时集团","ORG_CODE":"10430987","STD_REPORT_DATE":"2020-06-30 00:00:00","REPORT_DATE":"2020-06-30 00:00:00","DATE_TYPE_CODE":"002","REPORT_TYPE":"2020年中报","PER_NETCASH_OPERATE":0.00474537037,"PER_OI":0.119502314815,"BPS":0.641455959164,"BASIC_EPS":-0.047,"DILUTED_EPS":-0.047,"OPERATE_INCOME":41300000,"OPERATE_INCOME_YOY":-33.081646872,"GROSS_PROFIT":3223000,"GROSS_PROFIT_YOY":-55.679317931793,"HOLDER_PROFIT":-16259000,"HOLDER_PROFIT_YOY":4.8569255076,"GROSS_PROFIT_RATIO":7.80387409201,"EPS_TTM":-0.365225694444,"OPERATE_INCOME_QOQ":-22.315856204435,"NET_PROFIT_RATIO":-39.3680387409,"ROE_AVG":-4.633408186761,"GROSS_PROFIT_QOQ":-28.316665501084,"ROA":-4.489954283047,"HOLDER_PROFIT_QOQ":0.653275824072,"ROE_YEARLY":-9.266816373522,"ROIC_YEARLY":-9.078143277099,"TOTAL_ASSETS":358181000,"TOTAL_LIABILITIES":12349000,"TAX_EBT":null,"OCF_SALES":3.970944309927,"TOTAL_PARENT_EQUITY":345832000,"DEBT_ASSET_RATIO":3.4476982308,"OPERATE_PROFIT":-16259000,"PRETAX_PROFIT":-16259000,"NETCASH_OPERATE":1640000,"NETCASH_INVEST":null,"NETCASH_FINANCE":null,"END_CASH":5986000,"DIVI_RATIO":null,"DIVIDEND_RATE":null,"CURRENT_RATIO":26.64207628148,"COMMON_ACS":1300000000,"CURRENTDEBT_DEBT":100,"ISSUED_COMMON_SHARES":539136000,"HK_COMMON_SHARES":539136000,"PER_SHARES":10000,"TOTAL_MARKET_CAP":29652480,"HKSK_MARKET_CAP":29652480,"PE_TTM":-0.828758390501,"PB_TTM":0.377988567368,"REPORT_DATE_SQ":"2019-06-30 00:00:00","REPORT_TYPE_SQ":"2019年中报","OPERATE_INCOME_SQ":61717000,"DPS_HKD":null,"OPERATE_INCOME_QOQ_SQ":-20.333246063508,"NET_PROFIT_RATIO_SQ":-27.6892914432,"HOLDER_PROFIT_SQ":-17089000,"HOLDER_PROFIT_QOQ_SQ":3.691359989515,"ROE_AVG_SQ":-3.690498300414,"PE_TTM_SQ":-0.598448286461,"PB_TTM_SQ":0.296067469666,"ROA_SQ":-3.572877160264,"START_DATE":"2020-01-01 00:00:00","FISCAL_YEAR":"12-31","CURRENCY":"HKD","IS_CNY_CODE":0,"DPS_HKD_LY":null,"ORG_TYPE":"一般企业","PREMIUM_INCOME":null,"PREMIUM_INCOME_YOY":null,"NET_INTEREST_INCOME":null,"NET_INTEREST_INCOME_YOY":null,"FEE_COMMISSION_INCOME":null,"FEE_COMMISSION_INCOME_YOY":null,"ACCOUNTS_RECE_TDAYS":0.380575009215,"INVENTORY_TDAYS":0.412944576693,"CURRENT_ASSETS_TDAYS":0.12446394614,"TOTAL_ASSETS_TDAYS":0.114050748441,"PREMIUM_EXPENSE":null,"LOAN_DEPOSIT":null,"LOAN_EQUITY":null,"LOAN_ASSETS":null,"DEPOSIT_EQUITY":null,"DEPOSIT_ASSETS":null,"EQUITY_MULTIPLIER":1.035708089477,"EQUITY_RATIO":0.035708089477}],"count":24},"success":true,"message":"ok","code":0}