{"version":"2fa393d4c02c69584e05af3574a004b9","result":{"pages":4,"data":[{"SECUCODE":"01326.HK","SECURITY_CODE":"01326","SECURITY_NAME_ABBR":"传递娱乐","ORG_CODE":"10292311","STD_REPORT_DATE":"2023-12-31 00:00:00","REPORT_DATE":"2024-06-30 00:00:00","DATE_TYPE_CODE":"001","REPORT_TYPE":"2023年年报","PER_NETCASH_OPERATE":0.011583899999,"PER_OI":0.102886227887,"BPS":-0.240737943144,"BASIC_EPS":-0.1232118,"DILUTED_EPS":-0.1232118,"OPERATE_INCOME":267052906.04,"OPERATE_INCOME_YOY":75.8125086373,"GROSS_PROFIT":-65180867.56,"GROSS_PROFIT_YOY":-253.05279745116,"HOLDER_PROFIT":-319903466.8,"HOLDER_PROFIT_YOY":-87.5187245881,"GROSS_PROFIT_RATIO":-24.407473607584,"EPS_TTM":-0.06884491347,"OPERATE_INCOME_QOQ":-4.115548819907,"NET_PROFIT_RATIO":-123.672347857,"ROE_AVG":68.799420570342,"GROSS_PROFIT_QOQ":-39.116802502363,"ROA":-53.190101005196,"HOLDER_PROFIT_QOQ":-3.689468679571,"ROE_YEARLY":68.799420570342,"ROIC_YEARLY":-405.588984031474,"TOTAL_ASSETS":360862719.84,"TOTAL_LIABILITIES":529797962.48,"TAX_EBT":2.980280708339,"OCF_SALES":11.258941295886,"TOTAL_PARENT_EQUITY":-624862711.28,"DEBT_ASSET_RATIO":146.814268516,"OPERATE_PROFIT":-327557201.28,"PRETAX_PROFIT":-340415949.8,"NETCASH_OPERATE":30067329.92,"NETCASH_INVEST":31521229.16,"NETCASH_FINANCE":-84644681.24,"END_CASH":53837167.84,"DIVI_RATIO":null,"DIVIDEND_RATE":null,"CURRENT_RATIO":0.721428175943,"COMMON_ACS":32000000000,"CURRENTDEBT_DEBT":87.118035577085,"ISSUED_COMMON_SHARES":2595613733,"HK_COMMON_SHARES":2595613733,"PER_SHARES":8000,"TOTAL_MARKET_CAP":83059639.456,"HKSK_MARKET_CAP":83059639.456,"PE_TTM":-0.236967959419,"PB_TTM":-0.121317643652,"REPORT_DATE_SQ":"2022-12-31 00:00:00","REPORT_TYPE_SQ":"2022年年报","OPERATE_INCOME_SQ":153444209.42,"DPS_HKD":null,"OPERATE_INCOME_QOQ_SQ":-68.205567058761,"NET_PROFIT_RATIO_SQ":-111.4613438764,"HOLDER_PROFIT_SQ":-172336501.6,"HOLDER_PROFIT_QOQ_SQ":-30.083712706803,"ROE_AVG_SQ":81.987490459941,"PE_TTM_SQ":-0.30549701544,"PB_TTM_SQ":-0.17082178525,"ROA_SQ":-17.094908201294,"START_DATE":"2023-07-01 00:00:00","FISCAL_YEAR":"6-30","CURRENCY":"HKD","IS_CNY_CODE":0,"DPS_HKD_LY":null,"ORG_TYPE":"一般企业","PREMIUM_INCOME":null,"PREMIUM_INCOME_YOY":null,"NET_INTEREST_INCOME":null,"NET_INTEREST_INCOME_YOY":null,"FEE_COMMISSION_INCOME":null,"FEE_COMMISSION_INCOME_YOY":null,"ACCOUNTS_RECE_TDAYS":2.691381871531,"INVENTORY_TDAYS":null,"CURRENT_ASSETS_TDAYS":0.64283203494,"TOTAL_ASSETS_TDAYS":0.444026793085,"PREMIUM_EXPENSE":null,"LOAN_DEPOSIT":null,"LOAN_EQUITY":null,"LOAN_ASSETS":null,"DEPOSIT_EQUITY":null,"DEPOSIT_ASSETS":null,"EQUITY_MULTIPLIER":-2.136100876292,"EQUITY_RATIO":-0.847862983206},{"SECUCODE":"01326.HK","SECURITY_CODE":"01326","SECURITY_NAME_ABBR":"传递娱乐","ORG_CODE":"10292311","STD_REPORT_DATE":"2023-06-30 00:00:00","REPORT_DATE":"2023-12-31 00:00:00","DATE_TYPE_CODE":"002","REPORT_TYPE":"2023年中报","PER_NETCASH_OPERATE":0.005441969643,"PER_OI":0.024332974547,"BPS":-0.124133956545,"BASIC_EPS":-0.008246602,"DILUTED_EPS":null,"OPERATE_INCOME":63159002.9,"OPERATE_INCOME_YOY":-10.3889424622,"GROSS_PROFIT":15616889.26,"GROSS_PROFIT_YOY":-51.613993386126,"HOLDER_PROFIT":-21441165.2,"HOLDER_PROFIT_YOY":-40.1243707433,"GROSS_PROFIT_RATIO":24.726307482603,"EPS_TTM":-0.066395280395,"OPERATE_INCOME_QOQ":-19.836648064605,"NET_PROFIT_RATIO":-39.636989741,"ROE_AVG":6.859621300197,"GROSS_PROFIT_QOQ":-34.225394840386,"ROA":-2.634859773899,"HOLDER_PROFIT_QOQ":-68.081918146882,"ROE_YEARLY":13.719242600394,"ROIC_YEARLY":-14.939297265812,"TOTAL_ASSETS":791453580.54,"TOTAL_LIABILITIES":656538265.6,"TAX_EBT":14.18408872045,"OCF_SALES":22.364588564459,"TOTAL_PARENT_EQUITY":-322203802.34,"DEBT_ASSET_RATIO":82.9534772149,"OPERATE_PROFIT":-23028862.64,"PRETAX_PROFIT":-29172128.02,"NETCASH_OPERATE":14125251.14,"NETCASH_INVEST":27671427.7,"NETCASH_FINANCE":-56153016.08,"END_CASH":64725857.28,"DIVI_RATIO":null,"DIVIDEND_RATE":null,"CURRENT_RATIO":0.869224744275,"COMMON_ACS":32000000000,"CURRENTDEBT_DEBT":88.466762367491,"ISSUED_COMMON_SHARES":2595613733,"HK_COMMON_SHARES":2595613733,"PER_SHARES":8000,"TOTAL_MARKET_CAP":111611390.519,"HKSK_MARKET_CAP":111611390.519,"PE_TTM":-0.318425695469,"PB_TTM":-0.163020583658,"REPORT_DATE_SQ":"2022-06-30 00:00:00","REPORT_TYPE_SQ":"2022年中报","OPERATE_INCOME_SQ":69474074.25,"DPS_HKD":null,"OPERATE_INCOME_QOQ_SQ":-16.963746057041,"NET_PROFIT_RATIO_SQ":-17.2446158791,"HOLDER_PROFIT_SQ":-15082863.95,"HOLDER_PROFIT_QOQ_SQ":-218.991064164288,"ROE_AVG_SQ":12.331793532838,"PE_TTM_SQ":-0.472131751134,"PB_TTM_SQ":-0.263997304478,"ROA_SQ":-1.386073917922,"START_DATE":"2023-07-01 00:00:00","FISCAL_YEAR":"6-30","CURRENCY":"HKD","IS_CNY_CODE":0,"DPS_HKD_LY":null,"ORG_TYPE":"一般企业","PREMIUM_INCOME":null,"PREMIUM_INCOME_YOY":null,"NET_INTEREST_INCOME":null,"NET_INTEREST_INCOME_YOY":null,"FEE_COMMISSION_INCOME":null,"FEE_COMMISSION_INCOME_YOY":null,"ACCOUNTS_RECE_TDAYS":0.867635616694,"INVENTORY_TDAYS":null,"CURRENT_ASSETS_TDAYS":0.126415818166,"TOTAL_ASSETS_TDAYS":0.077614772587,"PREMIUM_EXPENSE":null,"LOAN_DEPOSIT":null,"LOAN_EQUITY":null,"LOAN_ASSETS":null,"DEPOSIT_EQUITY":null,"DEPOSIT_ASSETS":null,"EQUITY_MULTIPLIER":5.866299025359,"EQUITY_RATIO":-2.03764903093},{"SECUCODE":"01326.HK","SECURITY_CODE":"01326","SECURITY_NAME_ABBR":"传递娱乐","ORG_CODE":"10292311","STD_REPORT_DATE":"2022-12-31 00:00:00","REPORT_DATE":"2023-06-30 00:00:00","DATE_TYPE_CODE":"001","REPORT_TYPE":"2022年年报","PER_NETCASH_OPERATE":0.021086149316,"PER_OI":0.059116735079,"BPS":-0.118741060868,"BASIC_EPS":-0.06638256,"DILUTED_EPS":-0.06638256,"OPERATE_INCOME":153444209.42,"OPERATE_INCOME_YOY":-76.3588790038,"GROSS_PROFIT":42587178.18,"GROSS_PROFIT_YOY":-60.522812010193,"HOLDER_PROFIT":-172336501.6,"HOLDER_PROFIT_YOY":-102.8079769112,"GROSS_PROFIT_RATIO":27.754177457054,"EPS_TTM":-0.039501738871,"OPERATE_INCOME_QOQ":-68.205567058761,"NET_PROFIT_RATIO":-111.4613438764,"ROE_AVG":81.987490459941,"GROSS_PROFIT_QOQ":-39.981109891866,"ROA":-17.094908201294,"HOLDER_PROFIT_QOQ":-30.083712706803,"ROE_YEARLY":81.987490459941,"ROIC_YEARLY":-38.299354574326,"TOTAL_ASSETS":850585556.72,"TOTAL_LIABILITIES":696448018.34,"TAX_EBT":1.212056662051,"OCF_SALES":35.668663514171,"TOTAL_PARENT_EQUITY":-308205928.26,"DEBT_ASSET_RATIO":81.8786555729,"OPERATE_PROFIT":-155989796.2,"PRETAX_PROFIT":-173129404.4,"NETCASH_OPERATE":54731498.74,"NETCASH_INVEST":19320090.9,"NETCASH_FINANCE":-85496127.38,"END_CASH":78467873.84,"DIVI_RATIO":null,"DIVIDEND_RATE":null,"CURRENT_RATIO":0.826646704772,"COMMON_ACS":32000000000,"CURRENTDEBT_DEBT":87.36283448264,"ISSUED_COMMON_SHARES":2595613733,"HK_COMMON_SHARES":2595613733,"PER_SHARES":8000,"TOTAL_MARKET_CAP":111611390.519,"HKSK_MARKET_CAP":111611390.519,"PE_TTM":-0.318425695469,"PB_TTM":-0.163020583658,"REPORT_DATE_SQ":"2021-12-31 00:00:00","REPORT_TYPE_SQ":"2021年年报","OPERATE_INCOME_SQ":602037511.39,"DPS_HKD":null,"OPERATE_INCOME_QOQ_SQ":90.671561825707,"NET_PROFIT_RATIO_SQ":-12.6622735557,"HOLDER_PROFIT_SQ":-78819441.54,"HOLDER_PROFIT_QOQ_SQ":1142.9384025987,"ROE_AVG_SQ":140.475537265661,"PE_TTM_SQ":-0.472131751134,"PB_TTM_SQ":-0.263997304478,"ROA_SQ":-6.366888807067,"START_DATE":"2022-07-01 00:00:00","FISCAL_YEAR":"6-30","CURRENCY":"HKD","IS_CNY_CODE":0,"DPS_HKD_LY":null,"ORG_TYPE":"一般企业","PREMIUM_INCOME":null,"PREMIUM_INCOME_YOY":null,"NET_INTEREST_INCOME":null,"NET_INTEREST_INCOME_YOY":null,"FEE_COMMISSION_INCOME":null,"FEE_COMMISSION_INCOME_YOY":null,"ACCOUNTS_RECE_TDAYS":1.405252736768,"INVENTORY_TDAYS":null,"CURRENT_ASSETS_TDAYS":0.275475605043,"TOTAL_ASSETS_TDAYS":0.152208884926,"PREMIUM_EXPENSE":null,"LOAN_DEPOSIT":null,"LOAN_EQUITY":null,"LOAN_ASSETS":null,"DEPOSIT_EQUITY":null,"DEPOSIT_ASSETS":null,"EQUITY_MULTIPLIER":5.518354358436,"EQUITY_RATIO":-2.25968404395},{"SECUCODE":"01326.HK","SECURITY_CODE":"01326","SECURITY_NAME_ABBR":"传递娱乐","ORG_CODE":"10292311","STD_REPORT_DATE":"2022-06-30 00:00:00","REPORT_DATE":"2022-12-31 00:00:00","DATE_TYPE_CODE":"002","REPORT_TYPE":"2022年中报","PER_NETCASH_OPERATE":0.005957166701,"PER_OI":0.02676595264,"BPS":-0.05236525045,"BASIC_EPS":-0.005806255,"DILUTED_EPS":null,"OPERATE_INCOME":69474074.25,"OPERATE_INCOME_YOY":-86.7550063607,"GROSS_PROFIT":32275631.64,"GROSS_PROFIT_YOY":-57.19777283079,"HOLDER_PROFIT":-15082863.95,"HOLDER_PROFIT_YOY":-259.9867348872,"GROSS_PROFIT_RATIO":46.457087753134,"EPS_TTM":-0.03036639872,"OPERATE_INCOME_QOQ":-16.963746057041,"NET_PROFIT_RATIO":-17.2446158791,"ROE_AVG":12.331793532838,"GROSS_PROFIT_QOQ":1.65657201298,"ROA":-1.386073917922,"HOLDER_PROFIT_QOQ":-218.991064164288,"ROE_YEARLY":24.663587065676,"ROIC_YEARLY":-5.668718226767,"TOTAL_ASSETS":1046994620.84,"TOTAL_LIABILITIES":715372599.69,"TAX_EBT":-0.607606331108,"OCF_SALES":22.256509161042,"TOTAL_PARENT_EQUITY":-135919963.2,"DEBT_ASSET_RATIO":68.3262917928,"OPERATE_PROFIT":-3564147.3,"PRETAX_PROFIT":-11908182.37,"NETCASH_OPERATE":15462503.7,"NETCASH_INVEST":974557.57,"NETCASH_FINANCE":-18302209.03,"END_CASH":86958047.96,"DIVI_RATIO":null,"DIVIDEND_RATE":null,"CURRENT_RATIO":1.12792783976,"COMMON_ACS":32000000000,"CURRENTDEBT_DEBT":68.898553656316,"ISSUED_COMMON_SHARES":2595613733,"HK_COMMON_SHARES":2595613733,"PER_SHARES":8000,"TOTAL_MARKET_CAP":111611390.519,"HKSK_MARKET_CAP":111611390.519,"PE_TTM":-0.318425695469,"PB_TTM":-0.163020583658,"REPORT_DATE_SQ":"2021-06-30 00:00:00","REPORT_TYPE_SQ":"2021年中报","OPERATE_INCOME_SQ":480097172.8,"DPS_HKD":null,"OPERATE_INCOME_QOQ_SQ":33.010692033041,"NET_PROFIT_RATIO_SQ":2.1871482264,"HOLDER_PROFIT_SQ":8628950.4,"HOLDER_PROFIT_QOQ_SQ":96.155087875654,"ROE_AVG_SQ":-195.37208441318,"PE_TTM_SQ":-0.472131751134,"PB_TTM_SQ":-0.263997304478,"ROA_SQ":0.69741462965,"START_DATE":"2022-07-01 00:00:00","FISCAL_YEAR":"6-30","CURRENCY":"HKD","IS_CNY_CODE":0,"DPS_HKD_LY":null,"ORG_TYPE":"一般企业","PREMIUM_INCOME":null,"PREMIUM_INCOME_YOY":null,"NET_INTEREST_INCOME":null,"NET_INTEREST_INCOME_YOY":null,"FEE_COMMISSION_INCOME":null,"FEE_COMMISSION_INCOME_YOY":null,"ACCOUNTS_RECE_TDAYS":0.594737405561,"INVENTORY_TDAYS":null,"CURRENT_ASSETS_TDAYS":0.121037585069,"TOTAL_ASSETS_TDAYS":0.063844772855,"PREMIUM_EXPENSE":null,"LOAN_DEPOSIT":null,"LOAN_EQUITY":null,"LOAN_ASSETS":null,"DEPOSIT_EQUITY":null,"DEPOSIT_ASSETS":null,"EQUITY_MULTIPLIER":3.157192689464,"EQUITY_RATIO":-5.263190063091},{"SECUCODE":"01326.HK","SECURITY_CODE":"01326","SECURITY_NAME_ABBR":"传递娱乐","ORG_CODE":"10292311","STD_REPORT_DATE":"2021-12-31 00:00:00","REPORT_DATE":"2022-06-30 00:00:00","DATE_TYPE_CODE":"001","REPORT_TYPE":"2021年年报","PER_NETCASH_OPERATE":0.018636427503,"PER_OI":0.231944184813,"BPS":-0.040092173125,"BASIC_EPS":-0.030359245,"DILUTED_EPS":null,"OPERATE_INCOME":602037511.39,"OPERATE_INCOME_YOY":54.0480275193,"GROSS_PROFIT":107877942.55,"GROSS_PROFIT_YOY":-1.130531729533,"HOLDER_PROFIT":-78819441.54,"HOLDER_PROFIT_YOY":-1107.4675750033,"GROSS_PROFIT_RATIO":17.918807467815,"EPS_TTM":0.025519898434,"OPERATE_INCOME_QOQ":90.671561825707,"NET_PROFIT_RATIO":-12.6622735557,"ROE_AVG":140.475537265661,"GROSS_PROFIT_QOQ":-2.741685743797,"ROA":-6.366888807067,"HOLDER_PROFIT_QOQ":1142.9384025987,"ROE_YEARLY":140.475537265661,"ROIC_YEARLY":-9.661887404826,"TOTAL_ASSETS":1081204744.34,"TOTAL_LIABILITIES":739960844.21,"TAX_EBT":-8.487695640533,"OCF_SALES":8.034875941254,"TOTAL_PARENT_EQUITY":-104063795.15,"DEBT_ASSET_RATIO":68.4385495054,"OPERATE_PROFIT":-50286027.19,"PRETAX_PROFIT":-70267541.54,"NETCASH_OPERATE":48372967.16,"NETCASH_INVEST":-37419693.64,"NETCASH_FINANCE":-6667061.24,"END_CASH":88479667.78,"DIVI_RATIO":null,"DIVIDEND_RATE":null,"CURRENT_RATIO":1.103728448886,"COMMON_ACS":32000000000,"CURRENTDEBT_DEBT":69.400144927704,"ISSUED_COMMON_SHARES":2595613733,"HK_COMMON_SHARES":2595613733,"PER_SHARES":8000,"TOTAL_MARKET_CAP":111611390.519,"HKSK_MARKET_CAP":111611390.519,"PE_TTM":-0.318425695469,"PB_TTM":-0.163020583658,"REPORT_DATE_SQ":"2020-12-31 00:00:00","REPORT_TYPE_SQ":"2020年年报","OPERATE_INCOME_SQ":380250575.04,"DPS_HKD":null,"OPERATE_INCOME_QOQ_SQ":-32.771736147998,"NET_PROFIT_RATIO_SQ":1.7989531454,"HOLDER_PROFIT_SQ":-6351266.64,"HOLDER_PROFIT_QOQ_SQ":-42.845662279552,"ROE_AVG_SQ":32.19384634851,"PE_TTM_SQ":-0.472131751134,"PB_TTM_SQ":-0.263997304478,"ROA_SQ":-0.447010932823,"START_DATE":"2021-07-01 00:00:00","FISCAL_YEAR":"6-30","CURRENCY":"HKD","IS_CNY_CODE":0,"DPS_HKD_LY":null,"ORG_TYPE":"一般企业","PREMIUM_INCOME":null,"PREMIUM_INCOME_YOY":null,"NET_INTEREST_INCOME":null,"NET_INTEREST_INCOME_YOY":null,"FEE_COMMISSION_INCOME":null,"FEE_COMMISSION_INCOME_YOY":null,"ACCOUNTS_RECE_TDAYS":4.384508068585,"INVENTORY_TDAYS":null,"CURRENT_ASSETS_TDAYS":0.938351695443,"TOTAL_ASSETS_TDAYS":0.486314774351,"PREMIUM_EXPENSE":null,"LOAN_DEPOSIT":null,"LOAN_EQUITY":null,"LOAN_ASSETS":null,"DEPOSIT_EQUITY":null,"DEPOSIT_ASSETS":null,"EQUITY_MULTIPLIER":3.168422186969,"EQUITY_RATIO":-7.110646340962},{"SECUCODE":"01326.HK","SECURITY_CODE":"01326","SECURITY_NAME_ABBR":"传递娱乐","ORG_CODE":"10292311","STD_REPORT_DATE":"2021-06-30 00:00:00","REPORT_DATE":"2021-12-31 00:00:00","DATE_TYPE_CODE":"002","REPORT_TYPE":"2021年中报","PER_NETCASH_OPERATE":0.015608530146,"PER_OI":0.184964799152,"BPS":-0.00039972604,"BASIC_EPS":0.00335216,"DILUTED_EPS":null,"OPERATE_INCOME":480097172.8,"OPERATE_INCOME_YOY":265.2236921489,"GROSS_PROFIT":75406430.4,"GROSS_PROFIT_YOY":-3.81578209426,"HOLDER_PROFIT":8628950.4,"HOLDER_PROFIT_YOY":113.8873902917,"GROSS_PROFIT_RATIO":15.706493325136,"EPS_TTM":-0.002446922883,"OPERATE_INCOME_QOQ":33.010692033041,"NET_PROFIT_RATIO":2.1871482264,"ROE_AVG":-195.37208441318,"GROSS_PROFIT_QOQ":17.031591854157,"ROA":0.69741462965,"HOLDER_PROFIT_QOQ":96.155087875654,"ROE_YEARLY":-390.744168826361,"ROIC_YEARLY":2.072773925942,"TOTAL_ASSETS":1141146395.2,"TOTAL_LIABILITIES":722228595.2,"TAX_EBT":15.739404277654,"OCF_SALES":8.438648985104,"TOTAL_PARENT_EQUITY":-1037534.4,"DEBT_ASSET_RATIO":63.2897407588,"OPERATE_PROFIT":20413019.2,"PRETAX_PROFIT":12461859.2,"NETCASH_OPERATE":40513715.2,"NETCASH_INVEST":-52978844.8,"NETCASH_FINANCE":18288076.8,"END_CASH":92475465.6,"DIVI_RATIO":null,"DIVIDEND_RATE":null,"CURRENT_RATIO":1.043732047633,"COMMON_ACS":32000000000,"CURRENTDEBT_DEBT":68.655077477608,"ISSUED_COMMON_SHARES":2595613733,"HK_COMMON_SHARES":2595613733,"PER_SHARES":8000,"TOTAL_MARKET_CAP":111611390.519,"HKSK_MARKET_CAP":111611390.519,"PE_TTM":-0.318425695469,"PB_TTM":-0.163020583658,"REPORT_DATE_SQ":"2020-06-30 00:00:00","REPORT_TYPE_SQ":"2020年中报","OPERATE_INCOME_SQ":135318037.56,"DPS_HKD":null,"OPERATE_INCOME_QOQ_SQ":-17.59943464914,"NET_PROFIT_RATIO_SQ":-41.8773596054,"HOLDER_PROFIT_SQ":-63962115.08,"HOLDER_PROFIT_QOQ_SQ":-29.166826010841,"ROE_AVG_SQ":116.525361789212,"PE_TTM_SQ":-0.472131751134,"PB_TTM_SQ":-0.263997304478,"ROA_SQ":-4.103750260941,"START_DATE":"2021-07-01 00:00:00","FISCAL_YEAR":"6-30","CURRENCY":"HKD","IS_CNY_CODE":0,"DPS_HKD_LY":null,"ORG_TYPE":"一般企业","PREMIUM_INCOME":null,"PREMIUM_INCOME_YOY":null,"NET_INTEREST_INCOME":null,"NET_INTEREST_INCOME_YOY":null,"FEE_COMMISSION_INCOME":null,"FEE_COMMISSION_INCOME_YOY":null,"ACCOUNTS_RECE_TDAYS":3.259975017349,"INVENTORY_TDAYS":139.429295774648,"CURRENT_ASSETS_TDAYS":0.798550594558,"TOTAL_ASSETS_TDAYS":0.38802725296,"PREMIUM_EXPENSE":null,"LOAN_DEPOSIT":null,"LOAN_EQUITY":null,"LOAN_ASSETS":null,"DEPOSIT_EQUITY":null,"DEPOSIT_ASSETS":null,"EQUITY_MULTIPLIER":2.724034154675,"EQUITY_RATIO":-696.100866824271},{"SECUCODE":"01326.HK","SECURITY_CODE":"01326","SECURITY_NAME_ABBR":"传递娱乐","ORG_CODE":"10292311","STD_REPORT_DATE":"2020-12-31 00:00:00","REPORT_DATE":"2021-06-30 00:00:00","DATE_TYPE_CODE":"001","REPORT_TYPE":"2020年年报","PER_NETCASH_OPERATE":0.038850390564,"PER_OI":0.146497366001,"BPS":-0.003056650032,"BASIC_EPS":-0.002413032,"DILUTED_EPS":null,"OPERATE_INCOME":380250575.04,"OPERATE_INCOME_YOY":-1.8357413207,"GROSS_PROFIT":109111482.48,"GROSS_PROFIT_YOY":-31.232915591709,"HOLDER_PROFIT":-6351266.64,"HOLDER_PROFIT_YOY":93.9706788417,"GROSS_PROFIT_RATIO":28.694626554745,"EPS_TTM":-0.063640541171,"OPERATE_INCOME_QOQ":-32.771736147998,"NET_PROFIT_RATIO":1.7989531454,"ROE_AVG":32.19384634851,"GROSS_PROFIT_QOQ":-41.240580155495,"ROA":-0.447010932823,"HOLDER_PROFIT_QOQ":-42.845662279552,"ROE_YEARLY":32.19384634851,"ROIC_YEARLY":-0.566201977516,"TOTAL_ASSETS":1357022630.4,"TOTAL_LIABILITIES":1149162389.76,"TAX_EBT":39.865408529003,"OCF_SALES":26.519514735617,"TOTAL_PARENT_EQUITY":-7933882.8,"DEBT_ASSET_RATIO":84.6826253311,"OPERATE_PROFIT":67449236.88,"PRETAX_PROFIT":11375365.68,"NETCASH_OPERATE":100840607.28,"NETCASH_INVEST":-78177244.32,"NETCASH_FINANCE":-37437775.44,"END_CASH":86389041.84,"DIVI_RATIO":null,"DIVIDEND_RATE":null,"CURRENT_RATIO":0.963965394627,"COMMON_ACS":32000000000,"CURRENTDEBT_DEBT":62.921991033053,"ISSUED_COMMON_SHARES":2595613733,"HK_COMMON_SHARES":2595613733,"PER_SHARES":8000,"TOTAL_MARKET_CAP":111611390.519,"HKSK_MARKET_CAP":111611390.519,"PE_TTM":-0.318425695469,"PB_TTM":-0.163020583658,"REPORT_DATE_SQ":"2019-12-31 00:00:00","REPORT_TYPE_SQ":"2019年年报","OPERATE_INCOME_SQ":425237376.96,"DPS_HKD":null,"OPERATE_INCOME_QOQ_SQ":-12.193751504888,"NET_PROFIT_RATIO_SQ":-27.3614816533,"HOLDER_PROFIT_SQ":-115639677.12,"HOLDER_PROFIT_QOQ_SQ":-186.657793405513,"ROE_AVG_SQ":-484.168658571565,"PE_TTM_SQ":-0.472131751134,"PB_TTM_SQ":-0.263997304478,"ROA_SQ":-9.127202846636,"START_DATE":"2020-07-01 00:00:00","FISCAL_YEAR":"6-30","CURRENCY":"HKD","IS_CNY_CODE":0,"DPS_HKD_LY":null,"ORG_TYPE":"一般企业","PREMIUM_INCOME":null,"PREMIUM_INCOME_YOY":null,"NET_INTEREST_INCOME":null,"NET_INTEREST_INCOME_YOY":null,"FEE_COMMISSION_INCOME":null,"FEE_COMMISSION_INCOME_YOY":null,"ACCOUNTS_RECE_TDAYS":3.095589854056,"INVENTORY_TDAYS":127.487089201878,"CURRENT_ASSETS_TDAYS":0.696094305738,"TOTAL_ASSETS_TDAYS":0.267625615314,"PREMIUM_EXPENSE":null,"LOAN_DEPOSIT":null,"LOAN_EQUITY":null,"LOAN_ASSETS":null,"DEPOSIT_EQUITY":null,"DEPOSIT_ASSETS":null,"EQUITY_MULTIPLIER":6.528533914042,"EQUITY_RATIO":-144.842370214997},{"SECUCODE":"01326.HK","SECURITY_CODE":"01326","SECURITY_NAME_ABBR":"传递娱乐","ORG_CODE":"10292311","STD_REPORT_DATE":"2020-06-30 00:00:00","REPORT_DATE":"2020-12-31 00:00:00","DATE_TYPE_CODE":"002","REPORT_TYPE":"2020年中报","PER_NETCASH_OPERATE":0.032598299602,"PER_OI":0.052133349365,"BPS":-0.032080464817,"BASIC_EPS":-0.024660052,"DILUTED_EPS":null,"OPERATE_INCOME":135318037.56,"OPERATE_INCOME_YOY":-47.56630891,"GROSS_PROFIT":78397924.36,"GROSS_PROFIT_YOY":-45.494013427309,"HOLDER_PROFIT":-63962115.08,"HOLDER_PROFIT_YOY":-306.9998978862,"GROSS_PROFIT_RATIO":57.936048862103,"EPS_TTM":-0.044551959196,"OPERATE_INCOME_QOQ":-17.59943464914,"NET_PROFIT_RATIO":-41.8773596054,"ROE_AVG":116.525361789212,"GROSS_PROFIT_QOQ":-28.400130160353,"ROA":-4.103750260941,"HOLDER_PROFIT_QOQ":-29.166826010841,"ROE_YEARLY":233.050723578424,"ROIC_YEARLY":-10.169415847015,"TOTAL_ASSETS":1768061763.76,"TOTAL_LIABILITIES":1635675158.32,"TAX_EBT":-0.073940061355,"OCF_SALES":62.528688448118,"TOTAL_PARENT_EQUITY":-83268495.04,"DEBT_ASSET_RATIO":92.5123314042,"OPERATE_PROFIT":-25763442.04,"PRETAX_PROFIT":-53498846.6,"NETCASH_OPERATE":84612594.12,"NETCASH_INVEST":-53127683.36,"NETCASH_FINANCE":-17644982.6,"END_CASH":115741491.16,"DIVI_RATIO":null,"DIVIDEND_RATE":null,"CURRENT_RATIO":0.805275145597,"COMMON_ACS":32000000000,"CURRENTDEBT_DEBT":53.541198638701,"ISSUED_COMMON_SHARES":2595613733,"HK_COMMON_SHARES":2595613733,"PER_SHARES":8000,"TOTAL_MARKET_CAP":111611390.519,"HKSK_MARKET_CAP":111611390.519,"PE_TTM":-0.318425695469,"PB_TTM":-0.163020583658,"REPORT_DATE_SQ":"2019-06-30 00:00:00","REPORT_TYPE_SQ":"2019年中报","OPERATE_INCOME_SQ":274675708.74,"DPS_HKD":null,"OPERATE_INCOME_QOQ_SQ":24.538079932377,"NET_PROFIT_RATIO_SQ":-6.3874403603,"HOLDER_PROFIT_SQ":-17544747.08,"HOLDER_PROFIT_QOQ_SQ":67.149312048853,"ROE_AVG_SQ":-24.815964523282,"PE_TTM_SQ":-0.472131751134,"PB_TTM_SQ":-0.263997304478,"ROA_SQ":-1.419503202869,"START_DATE":"2020-07-01 00:00:00","FISCAL_YEAR":"6-30","CURRENCY":"HKD","IS_CNY_CODE":0,"DPS_HKD_LY":null,"ORG_TYPE":"一般企业","PREMIUM_INCOME":null,"PREMIUM_INCOME_YOY":null,"NET_INTEREST_INCOME":null,"NET_INTEREST_INCOME_YOY":null,"FEE_COMMISSION_INCOME":null,"FEE_COMMISSION_INCOME_YOY":null,"ACCOUNTS_RECE_TDAYS":1.00875877603,"INVENTORY_TDAYS":23.846967559944,"CURRENT_ASSETS_TDAYS":0.244857958504,"TOTAL_ASSETS_TDAYS":0.082769474152,"PREMIUM_EXPENSE":null,"LOAN_DEPOSIT":null,"LOAN_EQUITY":null,"LOAN_ASSETS":null,"DEPOSIT_EQUITY":null,"DEPOSIT_ASSETS":null,"EQUITY_MULTIPLIER":13.355291933739,"EQUITY_RATIO":-19.643385623029},{"SECUCODE":"01326.HK","SECURITY_CODE":"01326","SECURITY_NAME_ABBR":"传递娱乐","ORG_CODE":"10292311","STD_REPORT_DATE":"2019-12-31 00:00:00","REPORT_DATE":"2020-06-30 00:00:00","DATE_TYPE_CODE":"001","REPORT_TYPE":"2019年年报","PER_NETCASH_OPERATE":0.030006535275,"PER_OI":0.163829221411,"BPS":-0.013332014899,"BASIC_EPS":-0.044575872,"DILUTED_EPS":null,"OPERATE_INCOME":425237376.96,"OPERATE_INCOME_YOY":-30.3228413632,"GROSS_PROFIT":158668181.76,"GROSS_PROFIT_YOY":-31.23012496793,"HOLDER_PROFIT":-115639677.12,"HOLDER_PROFIT_YOY":-256.5739071654,"GROSS_PROFIT_RATIO":37.312849330017,"EPS_TTM":-0.034491796827,"OPERATE_INCOME_QOQ":-12.193751504888,"NET_PROFIT_RATIO":-27.3614816533,"ROE_AVG":-484.168658571565,"GROSS_PROFIT_QOQ":-3.952513899696,"ROA":-9.127202846636,"HOLDER_PROFIT_QOQ":-186.657793405513,"ROE_YEARLY":-484.168658571565,"ROIC_YEARLY":-11.007291793917,"TOTAL_ASSETS":1629804406.56,"TOTAL_LIABILITIES":1441996575.36,"TAX_EBT":0.689993918698,"OCF_SALES":18.315740633337,"TOTAL_PARENT_EQUITY":-34604760.96,"DEBT_ASSET_RATIO":88.4766644117,"OPERATE_PROFIT":-63731622.24,"PRETAX_PROFIT":-117159641.28,"NETCASH_OPERATE":77885375.04,"NETCASH_INVEST":-135810259.2,"NETCASH_FINANCE":49142158.56,"END_CASH":102545514.72,"DIVI_RATIO":null,"DIVIDEND_RATE":null,"CURRENT_RATIO":0.790062264596,"COMMON_ACS":32000000000,"CURRENTDEBT_DEBT":38.110302259407,"ISSUED_COMMON_SHARES":2595613733,"HK_COMMON_SHARES":2595613733,"PER_SHARES":8000,"TOTAL_MARKET_CAP":111611390.519,"HKSK_MARKET_CAP":111611390.519,"PE_TTM":-0.318425695469,"PB_TTM":-0.163020583658,"REPORT_DATE_SQ":"2018-12-31 00:00:00","REPORT_TYPE_SQ":"2018年年报","OPERATE_INCOME_SQ":587727235.8,"DPS_HKD":null,"OPERATE_INCOME_QOQ_SQ":103.81247897853,"NET_PROFIT_RATIO_SQ":-5.3414754614,"HOLDER_PROFIT_SQ":-31231448.64,"HOLDER_PROFIT_QOQ_SQ":40.572592288732,"ROE_AVG_SQ":-33.771681592702,"PE_TTM_SQ":-0.472131751134,"PB_TTM_SQ":-0.263997304478,"ROA_SQ":-4.909692577243,"START_DATE":"2019-07-01 00:00:00","FISCAL_YEAR":"6-30","CURRENCY":"HKD","IS_CNY_CODE":0,"DPS_HKD_LY":null,"ORG_TYPE":"一般企业","PREMIUM_INCOME":null,"PREMIUM_INCOME_YOY":null,"NET_INTEREST_INCOME":null,"NET_INTEREST_INCOME_YOY":null,"FEE_COMMISSION_INCOME":null,"FEE_COMMISSION_INCOME_YOY":null,"ACCOUNTS_RECE_TDAYS":3.221688581315,"INVENTORY_TDAYS":301.789038262668,"CURRENT_ASSETS_TDAYS":1.011710426376,"TOTAL_ASSETS_TDAYS":0.335631151361,"PREMIUM_EXPENSE":null,"LOAN_DEPOSIT":null,"LOAN_EQUITY":null,"LOAN_ASSETS":null,"DEPOSIT_EQUITY":null,"DEPOSIT_ASSETS":null,"EQUITY_MULTIPLIER":8.678042849115,"EQUITY_RATIO":-41.670467743638}],"count":35},"success":true,"message":"ok","code":0}