{"version":"c3f4fa534ae2a1aed1ec1180971e0ede","result":{"pages":4,"data":[{"SECUCODE":"01338.HK","SECURITY_CODE":"01338","SECURITY_NAME_ABBR":"霸王集团","ORG_CODE":"10133406","STD_REPORT_DATE":"2024-06-30 00:00:00","REPORT_DATE":"2024-06-30 00:00:00","DATE_TYPE_CODE":"002","REPORT_TYPE":"2024年中报","PER_NETCASH_OPERATE":0.003782521495,"PER_OI":0.034726342633,"BPS":0.044725581449,"BASIC_EPS":0.0004,"DILUTED_EPS":0.0004,"OPERATE_INCOME":109820000,"OPERATE_INCOME_YOY":10.2975885585,"GROSS_PROFIT":51392000,"GROSS_PROFIT_YOY":24.622920607207,"HOLDER_PROFIT":1210000,"HOLDER_PROFIT_YOY":-73.2182381585,"GROSS_PROFIT_RATIO":46.796576215626,"EPS_TTM":0.003262986065,"OPERATE_INCOME_QOQ":4.314273331286,"NET_PROFIT_RATIO":1.1018029503,"ROE_AVG":0.861381627655,"GROSS_PROFIT_QOQ":8.481598422961,"ROA":0.530956753353,"HOLDER_PROFIT_QOQ":-24.275335730535,"ROE_YEARLY":1.722763255311,"ROIC_YEARLY":1.697703540273,"TOTAL_ASSETS":225448000,"TOTAL_LIABILITIES":84006000,"TAX_EBT":-1.766190075694,"OCF_SALES":10.892369331634,"TOTAL_PARENT_EQUITY":141442000,"DEBT_ASSET_RATIO":37.2618076009,"OPERATE_PROFIT":1717000,"PRETAX_PROFIT":1189000,"NETCASH_OPERATE":11962000,"NETCASH_INVEST":-13726000,"NETCASH_FINANCE":-4755000,"END_CASH":82418000,"DIVI_RATIO":null,"DIVIDEND_RATE":null,"CURRENT_RATIO":1.855177783545,"COMMON_ACS":10000000000,"CURRENTDEBT_DEBT":87.144965835774,"ISSUED_COMMON_SHARES":3162440720,"HK_COMMON_SHARES":3162440720,"PER_SHARES":2000,"TOTAL_MARKET_CAP":139147391.68,"HKSK_MARKET_CAP":139147391.68,"PE_TTM":12.13922027533,"PB_TTM":0.897873626211,"REPORT_DATE_SQ":"2023-06-30 00:00:00","REPORT_TYPE_SQ":"2023年中报","OPERATE_INCOME_SQ":99567000,"DPS_HKD":null,"OPERATE_INCOME_QOQ_SQ":-6.504398374611,"NET_PROFIT_RATIO_SQ":4.5376480159,"HOLDER_PROFIT_SQ":4518000,"HOLDER_PROFIT_QOQ_SQ":106.561679790026,"ROE_AVG_SQ":3.510121315946,"PE_TTM_SQ":63.955722826485,"PB_TTM_SQ":0.934015437233,"ROA_SQ":1.978385763329,"START_DATE":"2024-01-01 00:00:00","FISCAL_YEAR":"12-31","CURRENCY":"HKD","IS_CNY_CODE":0,"DPS_HKD_LY":null,"ORG_TYPE":"一般企业","PREMIUM_INCOME":null,"PREMIUM_INCOME_YOY":null,"NET_INTEREST_INCOME":null,"NET_INTEREST_INCOME_YOY":null,"FEE_COMMISSION_INCOME":null,"FEE_COMMISSION_INCOME_YOY":null,"ACCOUNTS_RECE_TDAYS":4.241464545033,"INVENTORY_TDAYS":2.081362211456,"CURRENT_ASSETS_TDAYS":0.788319491203,"TOTAL_ASSETS_TDAYS":0.481898104572,"PREMIUM_EXPENSE":null,"LOAN_DEPOSIT":null,"LOAN_EQUITY":null,"LOAN_ASSETS":null,"DEPOSIT_EQUITY":null,"DEPOSIT_ASSETS":null,"EQUITY_MULTIPLIER":1.593925425264,"EQUITY_RATIO":0.593925425263},{"SECUCODE":"01338.HK","SECURITY_CODE":"01338","SECURITY_NAME_ABBR":"霸王集团","ORG_CODE":"10133406","STD_REPORT_DATE":"2023-12-31 00:00:00","REPORT_DATE":"2023-12-31 00:00:00","DATE_TYPE_CODE":"001","REPORT_TYPE":"2023年年报","PER_NETCASH_OPERATE":0.001279391571,"PER_OI":0.075148602311,"BPS":0.044112131215,"BASIC_EPS":0.004309,"DILUTED_EPS":0.004309,"OPERATE_INCOME":237653000,"OPERATE_INCOME_YOY":-3.5268185158,"GROSS_PROFIT":119718000,"GROSS_PROFIT_YOY":29.39828575752,"HOLDER_PROFIT":13627000,"HOLDER_PROFIT_YOY":170.5294757,"GROSS_PROFIT_RATIO":50.375126760445,"EPS_TTM":0.004309013577,"OPERATE_INCOME_QOQ":3.184727203258,"NET_PROFIT_RATIO":5.7339903136,"ROE_AVG":10.252879789932,"GROSS_PROFIT_QOQ":27.856036738399,"ROA":5.743004045853,"HOLDER_PROFIT_QOQ":968.78431372549,"ROE_YEARLY":10.252879789932,"ROIC_YEARLY":8.73850534173,"TOTAL_ASSETS":230333000,"TOTAL_LIABILITIES":90831000,"TAX_EBT":-0.612817483757,"OCF_SALES":1.70248219042,"TOTAL_PARENT_EQUITY":139502000,"DEBT_ASSET_RATIO":39.4346446232,"OPERATE_PROFIT":14882000,"PRETAX_PROFIT":13544000,"NETCASH_OPERATE":4046000,"NETCASH_INVEST":19349000,"NETCASH_FINANCE":-9075000,"END_CASH":88272000,"DIVI_RATIO":null,"DIVIDEND_RATE":null,"CURRENT_RATIO":1.905706202626,"COMMON_ACS":10000000000,"CURRENTDEBT_DEBT":82.500467901928,"ISSUED_COMMON_SHARES":3162440720,"HK_COMMON_SHARES":3162440720,"PER_SHARES":2000,"TOTAL_MARKET_CAP":158122036,"HKSK_MARKET_CAP":158122036,"PE_TTM":13.794568494694,"PB_TTM":1.020310938876,"REPORT_DATE_SQ":"2022-12-31 00:00:00","REPORT_TYPE_SQ":"2022年年报","OPERATE_INCOME_SQ":246341000,"DPS_HKD":null,"OPERATE_INCOME_QOQ_SQ":-9.950907103665,"NET_PROFIT_RATIO_SQ":-7.8878465217,"HOLDER_PROFIT_SQ":-19321000,"HOLDER_PROFIT_QOQ_SQ":-77.711724894823,"ROE_AVG_SQ":-14.294068965517,"PE_TTM_SQ":73.09225465884,"PB_TTM_SQ":1.067446213981,"ROA_SQ":-7.199266401756,"START_DATE":"2023-01-01 00:00:00","FISCAL_YEAR":"12-31","CURRENCY":"HKD","IS_CNY_CODE":0,"DPS_HKD_LY":null,"ORG_TYPE":"一般企业","PREMIUM_INCOME":null,"PREMIUM_INCOME_YOY":null,"NET_INTEREST_INCOME":null,"NET_INTEREST_INCOME_YOY":null,"FEE_COMMISSION_INCOME":null,"FEE_COMMISSION_INCOME_YOY":null,"ACCOUNTS_RECE_TDAYS":9.861529524047,"INVENTORY_TDAYS":4.340393426936,"CURRENT_ASSETS_TDAYS":1.79214002119,"TOTAL_ASSETS_TDAYS":1.001571982468,"PREMIUM_EXPENSE":null,"LOAN_DEPOSIT":null,"LOAN_EQUITY":null,"LOAN_ASSETS":null,"DEPOSIT_EQUITY":null,"DEPOSIT_ASSETS":null,"EQUITY_MULTIPLIER":1.651108944674,"EQUITY_RATIO":0.651108944675},{"SECUCODE":"01338.HK","SECURITY_CODE":"01338","SECURITY_NAME_ABBR":"霸王集团","ORG_CODE":"10133406","STD_REPORT_DATE":"2023-06-30 00:00:00","REPORT_DATE":"2023-06-30 00:00:00","DATE_TYPE_CODE":"002","REPORT_TYPE":"2023年中报","PER_NETCASH_OPERATE":-0.004246403708,"PER_OI":0.031484226525,"BPS":0.041458800847,"BASIC_EPS":0.0014,"DILUTED_EPS":0.0014,"OPERATE_INCOME":99567000,"OPERATE_INCOME_YOY":-13.8619257721,"GROSS_PROFIT":41238000,"GROSS_PROFIT_YOY":2.781516375056,"HOLDER_PROFIT":4518000,"HOLDER_PROFIT_YOY":127.909562639,"GROSS_PROFIT_RATIO":41.417337069511,"EPS_TTM":0.000403169613,"OPERATE_INCOME_QOQ":-6.504398374611,"NET_PROFIT_RATIO":4.5376480159,"ROE_AVG":3.510121315946,"GROSS_PROFIT_QOQ":1.206238718533,"ROA":1.978385763329,"HOLDER_PROFIT_QOQ":106.561679790026,"ROE_YEARLY":7.020242631892,"ROIC_YEARLY":5.565033164789,"TOTAL_ASSETS":212509000,"TOTAL_LIABILITIES":81398000,"TAX_EBT":null,"OCF_SALES":-13.487400443922,"TOTAL_PARENT_EQUITY":131111000,"DEBT_ASSET_RATIO":38.3033189183,"OPERATE_PROFIT":5233000,"PRETAX_PROFIT":4518000,"NETCASH_OPERATE":-13429000,"NETCASH_INVEST":428000,"NETCASH_FINANCE":-4321000,"END_CASH":57590000,"DIVI_RATIO":null,"DIVIDEND_RATE":null,"CURRENT_RATIO":1.669012920921,"COMMON_ACS":10000000000,"CURRENTDEBT_DEBT":74.353178210767,"ISSUED_COMMON_SHARES":3162440720,"HK_COMMON_SHARES":3162440720,"PER_SHARES":2000,"TOTAL_MARKET_CAP":158122036,"HKSK_MARKET_CAP":158122036,"PE_TTM":13.794568494694,"PB_TTM":1.020310938876,"REPORT_DATE_SQ":"2022-06-30 00:00:00","REPORT_TYPE_SQ":"2022年中报","OPERATE_INCOME_SQ":115590000,"DPS_HKD":null,"OPERATE_INCOME_QOQ_SQ":-0.014985161036,"NET_PROFIT_RATIO_SQ":-14.0046716844,"HOLDER_PROFIT_SQ":-16188000,"HOLDER_PROFIT_QOQ_SQ":-20.3654777631,"ROE_AVG_SQ":-11.772919666623,"PE_TTM_SQ":73.09225465884,"PB_TTM_SQ":1.067446213981,"ROA_SQ":-5.926186253137,"START_DATE":"2023-01-01 00:00:00","FISCAL_YEAR":"12-31","CURRENCY":"HKD","IS_CNY_CODE":0,"DPS_HKD_LY":null,"ORG_TYPE":"一般企业","PREMIUM_INCOME":null,"PREMIUM_INCOME_YOY":null,"NET_INTEREST_INCOME":null,"NET_INTEREST_INCOME_YOY":null,"FEE_COMMISSION_INCOME":null,"FEE_COMMISSION_INCOME_YOY":null,"ACCOUNTS_RECE_TDAYS":4.844991606044,"INVENTORY_TDAYS":2.317954220315,"CURRENT_ASSETS_TDAYS":0.891286931068,"TOTAL_ASSETS_TDAYS":0.435993659357,"PREMIUM_EXPENSE":null,"LOAN_DEPOSIT":null,"LOAN_EQUITY":null,"LOAN_ASSETS":null,"DEPOSIT_EQUITY":null,"DEPOSIT_ASSETS":null,"EQUITY_MULTIPLIER":1.62083272952,"EQUITY_RATIO":0.620832729519},{"SECUCODE":"01338.HK","SECURITY_CODE":"01338","SECURITY_NAME_ABBR":"霸王集团","ORG_CODE":"10133406","STD_REPORT_DATE":"2022-12-31 00:00:00","REPORT_DATE":"2022-12-31 00:00:00","DATE_TYPE_CODE":"001","REPORT_TYPE":"2022年年报","PER_NETCASH_OPERATE":0.007624806956,"PER_OI":0.077895847483,"BPS":0.039848968299,"BASIC_EPS":-0.00611,"DILUTED_EPS":-0.00611,"OPERATE_INCOME":246341000,"OPERATE_INCOME_YOY":-9.9644011052,"GROSS_PROFIT":92519000,"GROSS_PROFIT_YOY":-6.575718714342,"HOLDER_PROFIT":-19321000,"HOLDER_PROFIT_YOY":-113.9035667107,"GROSS_PROFIT_RATIO":37.557288474107,"EPS_TTM":-0.006144304896,"OPERATE_INCOME_QOQ":-9.950907103665,"NET_PROFIT_RATIO":-7.8878465217,"ROE_AVG":-14.294068965517,"GROSS_PROFIT_QOQ":-6.750859227753,"ROA":-7.199266401756,"HOLDER_PROFIT_QOQ":-77.711724894823,"ROE_YEARLY":-14.294068965517,"ROIC_YEARLY":-9.663990928352,"TOTAL_ASSETS":244523000,"TOTAL_LIABILITIES":118207000,"TAX_EBT":0.566105707375,"OCF_SALES":9.788463958497,"TOTAL_PARENT_EQUITY":126316000,"DEBT_ASSET_RATIO":48.4004635032,"OPERATE_PROFIT":-17333000,"PRETAX_PROFIT":-19431000,"NETCASH_OPERATE":24113000,"NETCASH_INVEST":-177000,"NETCASH_FINANCE":-11279000,"END_CASH":74404000,"DIVI_RATIO":null,"DIVIDEND_RATE":null,"CURRENT_RATIO":1.314777023544,"COMMON_ACS":10000000000,"CURRENTDEBT_DEBT":78.763525002749,"ISSUED_COMMON_SHARES":3162440720,"HK_COMMON_SHARES":3162440720,"PER_SHARES":2000,"TOTAL_MARKET_CAP":158122036,"HKSK_MARKET_CAP":158122036,"PE_TTM":13.794568494694,"PB_TTM":1.020310938876,"REPORT_DATE_SQ":"2021-12-31 00:00:00","REPORT_TYPE_SQ":"2021年年报","OPERATE_INCOME_SQ":273604000,"DPS_HKD":null,"OPERATE_INCOME_QOQ_SQ":2.207362856983,"NET_PROFIT_RATIO_SQ":-3.3201268987,"HOLDER_PROFIT_SQ":-9084000,"HOLDER_PROFIT_QOQ_SQ":30.555767907652,"ROE_AVG_SQ":-6.044294216867,"PE_TTM_SQ":73.09225465884,"PB_TTM_SQ":1.067446213981,"ROA_SQ":-3.243451683853,"START_DATE":"2022-01-01 00:00:00","FISCAL_YEAR":"12-31","CURRENCY":"HKD","IS_CNY_CODE":0,"DPS_HKD_LY":null,"ORG_TYPE":"一般企业","PREMIUM_INCOME":null,"PREMIUM_INCOME_YOY":null,"NET_INTEREST_INCOME":null,"NET_INTEREST_INCOME_YOY":null,"FEE_COMMISSION_INCOME":null,"FEE_COMMISSION_INCOME_YOY":null,"ACCOUNTS_RECE_TDAYS":10.590301362796,"INVENTORY_TDAYS":4.432719046727,"CURRENT_ASSETS_TDAYS":1.940915537346,"TOTAL_ASSETS_TDAYS":0.912703661507,"PREMIUM_EXPENSE":null,"LOAN_DEPOSIT":null,"LOAN_EQUITY":null,"LOAN_ASSETS":null,"DEPOSIT_EQUITY":null,"DEPOSIT_ASSETS":null,"EQUITY_MULTIPLIER":1.938001904459,"EQUITY_RATIO":0.935803856994},{"SECUCODE":"01338.HK","SECURITY_CODE":"01338","SECURITY_NAME_ABBR":"霸王集团","ORG_CODE":"10133406","STD_REPORT_DATE":"2022-06-30 00:00:00","REPORT_DATE":"2022-06-30 00:00:00","DATE_TYPE_CODE":"002","REPORT_TYPE":"2022年中报","PER_NETCASH_OPERATE":-0.003832166694,"PER_OI":0.036550882762,"BPS":0.04083839396,"BASIC_EPS":-0.0051,"DILUTED_EPS":-0.0051,"OPERATE_INCOME":115590000,"OPERATE_INCOME_YOY":-0.0354576195,"GROSS_PROFIT":40122000,"GROSS_PROFIT_YOY":0.465745192308,"HOLDER_PROFIT":-16188000,"HOLDER_PROFIT_YOY":-12.9027758404,"GROSS_PROFIT_RATIO":34.710615105113,"EPS_TTM":-0.003457456113,"OPERATE_INCOME_QOQ":-0.014985161036,"NET_PROFIT_RATIO":-14.0046716844,"ROE_AVG":-11.772919666623,"GROSS_PROFIT_QOQ":0.187819975563,"ROA":-5.926186253137,"HOLDER_PROFIT_QOQ":-20.3654777631,"ROE_YEARLY":-23.545839333246,"ROIC_YEARLY":-14.738471343379,"TOTAL_ASSETS":250743000,"TOTAL_LIABILITIES":121594000,"TAX_EBT":null,"OCF_SALES":-10.484470974998,"TOTAL_PARENT_EQUITY":129149000,"DEBT_ASSET_RATIO":48.4934773852,"OPERATE_PROFIT":-14990000,"PRETAX_PROFIT":-16188000,"NETCASH_OPERATE":-12119000,"NETCASH_INVEST":235000,"NETCASH_FINANCE":-6075000,"END_CASH":43712000,"DIVI_RATIO":null,"DIVIDEND_RATE":null,"CURRENT_RATIO":1.211323420252,"COMMON_ACS":10000000000,"CURRENTDEBT_DEBT":68.692534171094,"ISSUED_COMMON_SHARES":3162440720,"HK_COMMON_SHARES":3162440720,"PER_SHARES":2000,"TOTAL_MARKET_CAP":158122036,"HKSK_MARKET_CAP":158122036,"PE_TTM":13.794568494694,"PB_TTM":1.020310938876,"REPORT_DATE_SQ":"2021-06-30 00:00:00","REPORT_TYPE_SQ":"2021年中报","OPERATE_INCOME_SQ":115631000,"DPS_HKD":null,"OPERATE_INCOME_QOQ_SQ":-3.004489341889,"NET_PROFIT_RATIO_SQ":-12.3997889839,"HOLDER_PROFIT_SQ":-14338000,"HOLDER_PROFIT_QOQ_SQ":-223.947498761763,"ROE_AVG_SQ":-9.742507788638,"PE_TTM_SQ":73.09225465884,"PB_TTM_SQ":1.067446213981,"ROA_SQ":-5.826927492588,"START_DATE":"2022-01-01 00:00:00","FISCAL_YEAR":"12-31","CURRENCY":"HKD","IS_CNY_CODE":0,"DPS_HKD_LY":null,"ORG_TYPE":"一般企业","PREMIUM_INCOME":null,"PREMIUM_INCOME_YOY":null,"NET_INTEREST_INCOME":null,"NET_INTEREST_INCOME_YOY":null,"FEE_COMMISSION_INCOME":null,"FEE_COMMISSION_INCOME_YOY":null,"ACCOUNTS_RECE_TDAYS":4.563363600474,"INVENTORY_TDAYS":2.01999437909,"CURRENT_ASSETS_TDAYS":0.993869461665,"TOTAL_ASSETS_TDAYS":0.423157813813,"PREMIUM_EXPENSE":null,"LOAN_DEPOSIT":null,"LOAN_EQUITY":null,"LOAN_ASSETS":null,"DEPOSIT_EQUITY":null,"DEPOSIT_ASSETS":null,"EQUITY_MULTIPLIER":1.941501676358,"EQUITY_RATIO":0.941501676358},{"SECUCODE":"01338.HK","SECURITY_CODE":"01338","SECURITY_NAME_ABBR":"霸王集团","ORG_CODE":"10133406","STD_REPORT_DATE":"2021-12-31 00:00:00","REPORT_DATE":"2021-12-31 00:00:00","DATE_TYPE_CODE":"001","REPORT_TYPE":"2021年年报","PER_NETCASH_OPERATE":0.000505622126,"PER_OI":0.086516720541,"BPS":0.046121022626,"BASIC_EPS":-0.002872,"DILUTED_EPS":-0.002872,"OPERATE_INCOME":273604000,"OPERATE_INCOME_YOY":-0.8634464667,"GROSS_PROFIT":99031000,"GROSS_PROFIT_YOY":-8.389454209066,"HOLDER_PROFIT":-9084000,"HOLDER_PROFIT_YOY":-124.9628528975,"GROSS_PROFIT_RATIO":36.195011768834,"EPS_TTM":-0.002872464911,"OPERATE_INCOME_QOQ":2.207362856983,"NET_PROFIT_RATIO":-3.3201268987,"ROE_AVG":-6.044294216867,"GROSS_PROFIT_QOQ":-4.098273340887,"ROA":-3.243451683853,"HOLDER_PROFIT_QOQ":30.555767907652,"ROE_YEARLY":-6.044294216867,"ROIC_YEARLY":-4.850840913885,"TOTAL_ASSETS":295578000,"TOTAL_LIABILITIES":149723000,"TAX_EBT":null,"OCF_SALES":0.584421280391,"TOTAL_PARENT_EQUITY":145855000,"DEBT_ASSET_RATIO":50.654311214,"OPERATE_PROFIT":-7534000,"PRETAX_PROFIT":-9084000,"NETCASH_OPERATE":1599000,"NETCASH_INVEST":-50518000,"NETCASH_FINANCE":-11440000,"END_CASH":62269000,"DIVI_RATIO":null,"DIVIDEND_RATE":null,"CURRENT_RATIO":1.235153702294,"COMMON_ACS":10000000000,"CURRENTDEBT_DEBT":71.069241198747,"ISSUED_COMMON_SHARES":3162440720,"HK_COMMON_SHARES":3162440720,"PER_SHARES":2000,"TOTAL_MARKET_CAP":158122036,"HKSK_MARKET_CAP":158122036,"PE_TTM":13.794568494694,"PB_TTM":1.020310938876,"REPORT_DATE_SQ":"2020-12-31 00:00:00","REPORT_TYPE_SQ":"2020年年报","OPERATE_INCOME_SQ":275987000,"DPS_HKD":null,"OPERATE_INCOME_QOQ_SQ":2.655403796941,"NET_PROFIT_RATIO_SQ":-1.463112393,"HOLDER_PROFIT_SQ":-4038000,"HOLDER_PROFIT_QOQ_SQ":-156.223893065998,"ROE_AVG_SQ":-2.577013650897,"PE_TTM_SQ":73.09225465884,"PB_TTM_SQ":1.067446213981,"ROA_SQ":-1.455822388227,"START_DATE":"2021-01-01 00:00:00","FISCAL_YEAR":"12-31","CURRENCY":"HKD","IS_CNY_CODE":0,"DPS_HKD_LY":null,"ORG_TYPE":"一般企业","PREMIUM_INCOME":null,"PREMIUM_INCOME_YOY":null,"NET_INTEREST_INCOME":null,"NET_INTEREST_INCOME_YOY":null,"FEE_COMMISSION_INCOME":null,"FEE_COMMISSION_INCOME_YOY":null,"ACCOUNTS_RECE_TDAYS":10.833442220506,"INVENTORY_TDAYS":4.999441556768,"CURRENT_ASSETS_TDAYS":1.785676292165,"TOTAL_ASSETS_TDAYS":0.976905938473,"PREMIUM_EXPENSE":null,"LOAN_DEPOSIT":null,"LOAN_EQUITY":null,"LOAN_ASSETS":null,"DEPOSIT_EQUITY":null,"DEPOSIT_ASSETS":null,"EQUITY_MULTIPLIER":2.026519488535,"EQUITY_RATIO":1.026519488533},{"SECUCODE":"01338.HK","SECURITY_CODE":"01338","SECURITY_NAME_ABBR":"霸王集团","ORG_CODE":"10133406","STD_REPORT_DATE":"2021-06-30 00:00:00","REPORT_DATE":"2021-06-30 00:00:00","DATE_TYPE_CODE":"002","REPORT_TYPE":"2021年中报","PER_NETCASH_OPERATE":-0.004748231296,"PER_OI":0.036563847432,"BPS":0.044147230687,"BASIC_EPS":-0.0045,"DILUTED_EPS":-0.0045,"OPERATE_INCOME":115631000,"OPERATE_INCOME_YOY":-6.6912518257,"GROSS_PROFIT":39936000,"GROSS_PROFIT_YOY":-10.803385969223,"HOLDER_PROFIT":-14338000,"HOLDER_PROFIT_YOY":-170.7837582625,"GROSS_PROFIT_RATIO":34.537451029568,"EPS_TTM":-0.00413636212,"OPERATE_INCOME_QOQ":-3.004489341889,"NET_PROFIT_RATIO":-12.3997889839,"ROE_AVG":-9.742507788638,"GROSS_PROFIT_QOQ":-4.474560592044,"ROA":-5.826927492588,"HOLDER_PROFIT_QOQ":-223.947498761763,"ROE_YEARLY":-19.485015577277,"ROIC_YEARLY":-21.368823842826,"TOTAL_ASSETS":227563000,"TOTAL_LIABILITIES":87950000,"TAX_EBT":null,"OCF_SALES":-12.986136935597,"TOTAL_PARENT_EQUITY":139613000,"DEBT_ASSET_RATIO":38.6486379596,"OPERATE_PROFIT":-14101000,"PRETAX_PROFIT":-14338000,"NETCASH_OPERATE":-15016000,"NETCASH_INVEST":288000,"NETCASH_FINANCE":-6255000,"END_CASH":101396000,"DIVI_RATIO":null,"DIVIDEND_RATE":null,"CURRENT_RATIO":1.749406609458,"COMMON_ACS":10000000000,"CURRENTDEBT_DEBT":99.638430926663,"ISSUED_COMMON_SHARES":3162440720,"HK_COMMON_SHARES":3162440720,"PER_SHARES":2000,"TOTAL_MARKET_CAP":158122036,"HKSK_MARKET_CAP":158122036,"PE_TTM":13.794568494694,"PB_TTM":1.020310938876,"REPORT_DATE_SQ":"2020-06-30 00:00:00","REPORT_TYPE_SQ":"2020年中报","OPERATE_INCOME_SQ":123923000,"DPS_HKD":null,"OPERATE_INCOME_QOQ_SQ":4.140874968043,"NET_PROFIT_RATIO_SQ":-4.2728145703,"HOLDER_PROFIT_SQ":-5295000,"HOLDER_PROFIT_QOQ_SQ":217.737704918033,"ROE_AVG_SQ":-3.402672013264,"PE_TTM_SQ":73.09225465884,"PB_TTM_SQ":1.067446213981,"ROA_SQ":-1.905090856104,"START_DATE":"2021-01-01 00:00:00","FISCAL_YEAR":"12-31","CURRENCY":"HKD","IS_CNY_CODE":0,"DPS_HKD_LY":null,"ORG_TYPE":"一般企业","PREMIUM_INCOME":null,"PREMIUM_INCOME_YOY":null,"NET_INTEREST_INCOME":null,"NET_INTEREST_INCOME_YOY":null,"FEE_COMMISSION_INCOME":null,"FEE_COMMISSION_INCOME_YOY":null,"ACCOUNTS_RECE_TDAYS":5.20344703447,"INVENTORY_TDAYS":2.537886407832,"CURRENT_ASSETS_TDAYS":0.704384164134,"TOTAL_ASSETS_TDAYS":0.469921504321,"PREMIUM_EXPENSE":null,"LOAN_DEPOSIT":null,"LOAN_EQUITY":null,"LOAN_ASSETS":null,"DEPOSIT_EQUITY":null,"DEPOSIT_ASSETS":null,"EQUITY_MULTIPLIER":1.629955663155,"EQUITY_RATIO":0.629955663155},{"SECUCODE":"01338.HK","SECURITY_CODE":"01338","SECURITY_NAME_ABBR":"霸王集团","ORG_CODE":"10133406","STD_REPORT_DATE":"2020-12-31 00:00:00","REPORT_DATE":"2020-12-31 00:00:00","DATE_TYPE_CODE":"001","REPORT_TYPE":"2020年年报","PER_NETCASH_OPERATE":0.011982200887,"PER_OI":0.087270252452,"BPS":0.048926134495,"BASIC_EPS":-0.001277,"DILUTED_EPS":-0.001277,"OPERATE_INCOME":275987000,"OPERATE_INCOME_YOY":6.9062357161,"GROSS_PROFIT":108100000,"GROSS_PROFIT_YOY":-6.017162083446,"HOLDER_PROFIT":-4038000,"HOLDER_PROFIT_YOY":33.8032786885,"GROSS_PROFIT_RATIO":39.168511560327,"EPS_TTM":-0.001276861879,"OPERATE_INCOME_QOQ":2.655403796941,"NET_PROFIT_RATIO":-1.463112393,"ROE_AVG":-2.577013650897,"GROSS_PROFIT_QOQ":-3.828189639067,"ROA":-1.455822388227,"HOLDER_PROFIT_QOQ":-156.223893065998,"ROE_YEARLY":-2.577013650897,"ROIC_YEARLY":-2.445783023068,"TOTAL_ASSETS":264566000,"TOTAL_LIABILITIES":109840000,"TAX_EBT":null,"OCF_SALES":13.729994528728,"TOTAL_PARENT_EQUITY":154726000,"DEBT_ASSET_RATIO":41.5170505658,"OPERATE_PROFIT":-2804000,"PRETAX_PROFIT":-4038000,"NETCASH_OPERATE":37893000,"NETCASH_INVEST":-1183000,"NETCASH_FINANCE":-16814000,"END_CASH":122342000,"DIVI_RATIO":null,"DIVIDEND_RATE":null,"CURRENT_RATIO":1.598082454458,"COMMON_ACS":10000000000,"CURRENTDEBT_DEBT":99.704115076475,"ISSUED_COMMON_SHARES":3162440720,"HK_COMMON_SHARES":3162440720,"PER_SHARES":2000,"TOTAL_MARKET_CAP":158122036,"HKSK_MARKET_CAP":158122036,"PE_TTM":13.794568494694,"PB_TTM":1.020310938876,"REPORT_DATE_SQ":"2019-12-31 00:00:00","REPORT_TYPE_SQ":"2019年年报","OPERATE_INCOME_SQ":258158000,"DPS_HKD":null,"OPERATE_INCOME_QOQ_SQ":-8.188290857879,"NET_PROFIT_RATIO_SQ":-2.3628940416,"HOLDER_PROFIT_SQ":-6100000,"HOLDER_PROFIT_QOQ_SQ":27.059667583403,"ROE_AVG_SQ":-3.761461667006,"PE_TTM_SQ":73.09225465884,"PB_TTM_SQ":1.067446213981,"ROA_SQ":-2.127589075353,"START_DATE":"2020-01-01 00:00:00","FISCAL_YEAR":"12-31","CURRENCY":"HKD","IS_CNY_CODE":0,"DPS_HKD_LY":null,"ORG_TYPE":"一般企业","PREMIUM_INCOME":null,"PREMIUM_INCOME_YOY":null,"NET_INTEREST_INCOME":null,"NET_INTEREST_INCOME_YOY":null,"FEE_COMMISSION_INCOME":null,"FEE_COMMISSION_INCOME_YOY":null,"ACCOUNTS_RECE_TDAYS":10.983245781598,"INVENTORY_TDAYS":5.602956881591,"CURRENT_ASSETS_TDAYS":1.640553296716,"TOTAL_ASSETS_TDAYS":0.995017467705,"PREMIUM_EXPENSE":null,"LOAN_DEPOSIT":null,"LOAN_EQUITY":null,"LOAN_ASSETS":null,"DEPOSIT_EQUITY":null,"DEPOSIT_ASSETS":null,"EQUITY_MULTIPLIER":1.709900081433,"EQUITY_RATIO":0.709900081434},{"SECUCODE":"01338.HK","SECURITY_CODE":"01338","SECURITY_NAME_ABBR":"霸王集团","ORG_CODE":"10133406","STD_REPORT_DATE":"2020-06-30 00:00:00","REPORT_DATE":"2020-06-30 00:00:00","DATE_TYPE_CODE":"002","REPORT_TYPE":"2020年中报","PER_NETCASH_OPERATE":0.006047544189,"PER_OI":0.039185872866,"BPS":0.04824311774,"BASIC_EPS":-0.0017,"DILUTED_EPS":-0.0017,"OPERATE_INCOME":123923000,"OPERATE_INCOME_YOY":9.4407107469,"GROSS_PROFIT":44773000,"GROSS_PROFIT_YOY":-5.524255660357,"HOLDER_PROFIT":-5295000,"HOLDER_PROFIT_YOY":71.4970124347,"GROSS_PROFIT_RATIO":36.129693438668,"EPS_TTM":0.002271030712,"OPERATE_INCOME_QOQ":4.140874968043,"NET_PROFIT_RATIO":-4.2728145703,"ROE_AVG":-3.402672013264,"GROSS_PROFIT_QOQ":-2.276106102364,"ROA":-1.905090856104,"HOLDER_PROFIT_QOQ":217.737704918033,"ROE_YEARLY":-6.805344026527,"ROIC_YEARLY":-6.107653888078,"TOTAL_ASSETS":265707000,"TOTAL_LIABILITIES":113141000,"TAX_EBT":null,"OCF_SALES":15.432970473601,"TOTAL_PARENT_EQUITY":152566000,"DEBT_ASSET_RATIO":42.5811137832,"OPERATE_PROFIT":-4573000,"PRETAX_PROFIT":-5295000,"NETCASH_OPERATE":19125000,"NETCASH_INVEST":-9826000,"NETCASH_FINANCE":-13770000,"END_CASH":96906000,"DIVI_RATIO":null,"DIVIDEND_RATE":null,"CURRENT_RATIO":1.60122571064,"COMMON_ACS":10000000000,"CURRENTDEBT_DEBT":84.512245781812,"ISSUED_COMMON_SHARES":3162440720,"HK_COMMON_SHARES":3162440720,"PER_SHARES":2000,"TOTAL_MARKET_CAP":158122036,"HKSK_MARKET_CAP":158122036,"PE_TTM":13.794568494694,"PB_TTM":1.020310938876,"REPORT_DATE_SQ":"2019-06-30 00:00:00","REPORT_TYPE_SQ":"2019年中报","OPERATE_INCOME_SQ":113233000,"DPS_HKD":null,"OPERATE_INCOME_QOQ_SQ":-4.33448329829,"NET_PROFIT_RATIO_SQ":-16.4059947189,"HOLDER_PROFIT_SQ":-18577000,"HOLDER_PROFIT_QOQ_SQ":-599.247491638796,"ROE_AVG_SQ":-11.856877525099,"PE_TTM_SQ":73.09225465884,"PB_TTM_SQ":1.067446213981,"ROA_SQ":-6.837169587716,"START_DATE":"2020-01-01 00:00:00","FISCAL_YEAR":"12-31","CURRENCY":"HKD","IS_CNY_CODE":0,"DPS_HKD_LY":null,"ORG_TYPE":"一般企业","PREMIUM_INCOME":null,"PREMIUM_INCOME_YOY":null,"NET_INTEREST_INCOME":null,"NET_INTEREST_INCOME_YOY":null,"FEE_COMMISSION_INCOME":null,"FEE_COMMISSION_INCOME_YOY":null,"ACCOUNTS_RECE_TDAYS":5.523399893029,"INVENTORY_TDAYS":2.690392426792,"CURRENT_ASSETS_TDAYS":0.787943334563,"TOTAL_ASSETS_TDAYS":0.445863218434,"PREMIUM_EXPENSE":null,"LOAN_DEPOSIT":null,"LOAN_EQUITY":null,"LOAN_ASSETS":null,"DEPOSIT_EQUITY":null,"DEPOSIT_ASSETS":null,"EQUITY_MULTIPLIER":1.741587247486,"EQUITY_RATIO":0.741587247486}],"count":35},"success":true,"message":"ok","code":0}