{"version":"ea16e97abfa52e48754770fbef25f769","result":{"pages":5,"data":[{"SECUCODE":"01330.HK","SECURITY_CODE":"01330","SECURITY_NAME_ABBR":"绿色动力环保","ORG_CODE":"10400021","STD_REPORT_DATE":"2024-09-30 00:00:00","REPORT_DATE":"2024-09-30 00:00:00","DATE_TYPE_CODE":"004","REPORT_TYPE":"2024年三季报","PER_NETCASH_OPERATE":0.756920136434,"PER_OI":1.825654978205,"BPS":5.669628824408,"BASIC_EPS":0.36,"DILUTED_EPS":0.35,"OPERATE_INCOME":2543962357.96,"OPERATE_INCOME_YOY":-16.3731971549,"GROSS_PROFIT":1156058146.66,"GROSS_PROFIT_YOY":-0.534081073076,"HOLDER_PROFIT":503638784.18,"HOLDER_PROFIT_YOY":-6.01859153,"GROSS_PROFIT_RATIO":45.443209607356,"EPS_TTM":0.428452694224,"OPERATE_INCOME_QOQ":-0.491377153476,"NET_PROFIT_RATIO":20.9523100706,"ROE_AVG":6.324991821921,"GROSS_PROFIT_QOQ":1.506022333213,"ROA":2.241299423933,"HOLDER_PROFIT_QOQ":5.064333368164,"ROE_YEARLY":8.433322429228,"ROIC_YEARLY":2.405150788017,"TOTAL_ASSETS":22404412278.53,"TOTAL_LIABILITIES":13790439221.05,"TAX_EBT":17.936937506481,"OCF_SALES":41.46019622931,"TOTAL_PARENT_EQUITY":8117917924.03,"DEBT_ASSET_RATIO":61.5523364309,"OPERATE_PROFIT":994200614.21,"PRETAX_PROFIT":649523506.83,"NETCASH_OPERATE":1054731785.61,"NETCASH_INVEST":-279228731.73,"NETCASH_FINANCE":-743520063.99,"END_CASH":1064514078.98,"DIVI_RATIO":0.583097820059,"DIVIDEND_RATE":8.458461538462,"CURRENT_RATIO":1.518304203616,"COMMON_ACS":null,"CURRENTDEBT_DEBT":20.25318078395,"ISSUED_COMMON_SHARES":1393452725,"HK_COMMON_SHARES":404359792,"PER_SHARES":1000,"TOTAL_MARKET_CAP":4528721356.25,"HKSK_MARKET_CAP":1314169324,"PE_TTM":6.770455415893,"PB_TTM":0.516932869994,"REPORT_DATE_SQ":"2023-09-30 00:00:00","REPORT_TYPE_SQ":"2023年三季报","OPERATE_INCOME_SQ":3042041871.04,"DPS_HKD":0.2749,"OPERATE_INCOME_QOQ_SQ":-4.598433157673,"NET_PROFIT_RATIO_SQ":18.4974570343,"HOLDER_PROFIT_SQ":535891930.52,"HOLDER_PROFIT_QOQ_SQ":-0.325323733741,"ROE_AVG_SQ":7.125183516185,"PE_TTM_SQ":4.300320527829,"PB_TTM_SQ":0.402656382802,"ROA_SQ":2.362097635752,"START_DATE":"2024-01-01 00:00:00","FISCAL_YEAR":"12-31","CURRENCY":"HKD","IS_CNY_CODE":0,"DPS_HKD_LY":0.2749,"ORG_TYPE":"一般企业","PREMIUM_INCOME":null,"PREMIUM_INCOME_YOY":null,"NET_INTEREST_INCOME":null,"NET_INTEREST_INCOME_YOY":null,"FEE_COMMISSION_INCOME":null,"FEE_COMMISSION_INCOME_YOY":null,"ACCOUNTS_RECE_TDAYS":1.16309643831,"INVENTORY_TDAYS":25.374142458728,"CURRENT_ASSETS_TDAYS":0.627813190755,"TOTAL_ASSETS_TDAYS":0.113211721307,"PREMIUM_EXPENSE":null,"LOAN_DEPOSIT":null,"LOAN_EQUITY":null,"LOAN_ASSETS":null,"DEPOSIT_EQUITY":null,"DEPOSIT_ASSETS":null,"EQUITY_MULTIPLIER":2.600938281211,"EQUITY_RATIO":1.698765539404},{"SECUCODE":"01330.HK","SECURITY_CODE":"01330","SECURITY_NAME_ABBR":"绿色动力环保","ORG_CODE":"10400021","STD_REPORT_DATE":"2024-06-30 00:00:00","REPORT_DATE":"2024-06-30 00:00:00","DATE_TYPE_CODE":"002","REPORT_TYPE":"2024年中报","PER_NETCASH_OPERATE":0.389946316567,"PER_OI":1.191649863577,"BPS":5.522794874509,"BASIC_EPS":0.22,"DILUTED_EPS":0.21,"OPERATE_INCOME":1660506740.32,"OPERATE_INCOME_YOY":-22.4610531854,"GROSS_PROFIT":741067882.72,"GROSS_PROFIT_YOY":-3.731258801041,"HOLDER_PROFIT":303026018.3,"HOLDER_PROFIT_YOY":-16.7641842172,"GROSS_PROFIT_RATIO":44.629019848314,"EPS_TTM":0.407800326227,"OPERATE_INCOME_QOQ":-6.594326286526,"NET_PROFIT_RATIO":19.4960727421,"ROE_AVG":3.8551085656,"GROSS_PROFIT_QOQ":-0.413651561308,"ROA":1.345213530897,"HOLDER_PROFIT_QOQ":-4.902833733901,"ROE_YEARLY":7.7102171312,"ROIC_YEARLY":2.882921469326,"TOTAL_ASSETS":22515212843.2,"TOTAL_LIABILITIES":14114100556.8,"TAX_EBT":17.216170466003,"OCF_SALES":32.723229237557,"TOTAL_PARENT_EQUITY":7913311756.42,"DEBT_ASSET_RATIO":62.6869515074,"OPERATE_PROFIT":627265079.2,"PRETAX_PROFIT":391058983.14,"NETCASH_OPERATE":543371427.14,"NETCASH_INVEST":-205918818.39,"NETCASH_FINANCE":-352743054.33,"END_CASH":1017250170.59,"DIVI_RATIO":0.612627837529,"DIVIDEND_RATE":8.255255255255,"CURRENT_RATIO":1.355800831062,"COMMON_ACS":null,"CURRENTDEBT_DEBT":21.786113468623,"ISSUED_COMMON_SHARES":1393452725,"HK_COMMON_SHARES":404359792,"PER_SHARES":1000,"TOTAL_MARKET_CAP":4640197574.25,"HKSK_MARKET_CAP":1346518107.36,"PE_TTM":6.937112779977,"PB_TTM":0.529657371409,"REPORT_DATE_SQ":"2023-06-30 00:00:00","REPORT_TYPE_SQ":"2023年中报","OPERATE_INCOME_SQ":2141513147.31,"DPS_HKD":0.2749,"OPERATE_INCOME_QOQ_SQ":-1.255691770535,"NET_PROFIT_RATIO_SQ":17.7489026382,"HOLDER_PROFIT_SQ":364057245.61,"HOLDER_PROFIT_QOQ_SQ":-5.743408207794,"ROE_AVG_SQ":4.897435946909,"PE_TTM_SQ":4.282098511083,"PB_TTM_SQ":0.400950181764,"ROA_SQ":1.604756895857,"START_DATE":"2024-01-01 00:00:00","FISCAL_YEAR":"12-31","CURRENCY":"HKD","IS_CNY_CODE":0,"DPS_HKD_LY":0.2749,"ORG_TYPE":"一般企业","PREMIUM_INCOME":null,"PREMIUM_INCOME_YOY":null,"NET_INTEREST_INCOME":null,"NET_INTEREST_INCOME_YOY":null,"FEE_COMMISSION_INCOME":null,"FEE_COMMISSION_INCOME_YOY":null,"ACCOUNTS_RECE_TDAYS":0.760327781496,"INVENTORY_TDAYS":15.666556722723,"CURRENT_ASSETS_TDAYS":0.41344473921,"TOTAL_ASSETS_TDAYS":0.073714334754,"PREMIUM_EXPENSE":null,"LOAN_DEPOSIT":null,"LOAN_EQUITY":null,"LOAN_ASSETS":null,"DEPOSIT_EQUITY":null,"DEPOSIT_ASSETS":null,"EQUITY_MULTIPLIER":2.680027605352,"EQUITY_RATIO":1.78358960082},{"SECUCODE":"01330.HK","SECURITY_CODE":"01330","SECURITY_NAME_ABBR":"绿色动力环保","ORG_CODE":"10400021","STD_REPORT_DATE":"2024-03-31 00:00:00","REPORT_DATE":"2024-03-31 00:00:00","DATE_TYPE_CODE":"003","REPORT_TYPE":"2024年一季报","PER_NETCASH_OPERATE":0.160731811224,"PER_OI":0.577613716996,"BPS":5.551806890758,"BASIC_EPS":0.1,"DILUTED_EPS":0.1,"OPERATE_INCOME":804876678.42,"OPERATE_INCOME_YOY":-22.6514952177,"GROSS_PROFIT":355515799.98,"GROSS_PROFIT_YOY":-5.955365032982,"HOLDER_PROFIT":138851431.42,"HOLDER_PROFIT_YOY":-18.6032331976,"GROSS_PROFIT_RATIO":44.170220048851,"EPS_TTM":0.428825026006,"OPERATE_INCOME_QOQ":-5.958920353477,"NET_PROFIT_RATIO":18.25562531,"ROE_AVG":1.761942224434,"GROSS_PROFIT_QOQ":-1.477472791161,"ROA":0.614520298449,"HOLDER_PROFIT_QOQ":-5.042974485049,"ROE_YEARLY":7.047768897736,"ROIC_YEARLY":2.64218760513,"TOTAL_ASSETS":22652919862.86,"TOTAL_LIABILITIES":14224238362.33,"TAX_EBT":18.903377376366,"OCF_SALES":27.826868804258,"TOTAL_PARENT_EQUITY":7953738998.28,"DEBT_ASSET_RATIO":62.7920747014,"OPERATE_PROFIT":302140646.49,"PRETAX_PROFIT":181185437.65,"NETCASH_OPERATE":223971977.34,"NETCASH_INVEST":-143312882.47,"NETCASH_FINANCE":57564388.59,"END_CASH":1170758245.17,"DIVI_RATIO":0.582591539321,"DIVIDEND_RATE":8.255255255255,"CURRENT_RATIO":1.055058495248,"COMMON_ACS":null,"CURRENTDEBT_DEBT":27.503908064847,"ISSUED_COMMON_SHARES":1393452725,"HK_COMMON_SHARES":404359792,"PER_SHARES":1000,"TOTAL_MARKET_CAP":4640197574.25,"HKSK_MARKET_CAP":1346518107.36,"PE_TTM":6.937112779977,"PB_TTM":0.529657371409,"REPORT_DATE_SQ":"2023-03-31 00:00:00","REPORT_TYPE_SQ":"2023年一季报","OPERATE_INCOME_SQ":1040584663.77,"DPS_HKD":0.2749,"OPERATE_INCOME_QOQ_SQ":-1.412142003745,"NET_PROFIT_RATIO_SQ":17.1653037296,"HOLDER_PROFIT_SQ":170585929.73,"HOLDER_PROFIT_QOQ_SQ":-1.38267372426,"ROE_AVG_SQ":2.299493596478,"PE_TTM_SQ":4.282098511083,"PB_TTM_SQ":0.400950181764,"ROA_SQ":0.756709769642,"START_DATE":"2024-01-01 00:00:00","FISCAL_YEAR":"12-31","CURRENCY":"HKD","IS_CNY_CODE":0,"DPS_HKD_LY":0.2749,"ORG_TYPE":"一般企业","PREMIUM_INCOME":null,"PREMIUM_INCOME_YOY":null,"NET_INTEREST_INCOME":null,"NET_INTEREST_INCOME_YOY":null,"FEE_COMMISSION_INCOME":null,"FEE_COMMISSION_INCOME_YOY":null,"ACCOUNTS_RECE_TDAYS":0.389176456432,"INVENTORY_TDAYS":7.364756859544,"CURRENT_ASSETS_TDAYS":0.201440840613,"TOTAL_ASSETS_TDAYS":0.035621747041,"PREMIUM_EXPENSE":null,"LOAN_DEPOSIT":null,"LOAN_EQUITY":null,"LOAN_ASSETS":null,"DEPOSIT_EQUITY":null,"DEPOSIT_ASSETS":null,"EQUITY_MULTIPLIER":2.687599461606,"EQUITY_RATIO":1.788371276126},{"SECUCODE":"01330.HK","SECURITY_CODE":"01330","SECURITY_NAME_ABBR":"绿色动力环保","ORG_CODE":"10400021","STD_REPORT_DATE":"2023-12-31 00:00:00","REPORT_DATE":"2023-12-31 00:00:00","DATE_TYPE_CODE":"001","REPORT_TYPE":"2023年年报","PER_NETCASH_OPERATE":0.701623047069,"PER_OI":2.838671231853,"BPS":5.446815939342,"BASIC_EPS":0.45,"DILUTED_EPS":0.43,"OPERATE_INCOME":3955548511.61,"OPERATE_INCOME_YOY":-13.3907063422,"GROSS_PROFIT":1523750202.69,"GROSS_PROFIT_YOY":-2.945753732235,"HOLDER_PROFIT":629281357.74,"HOLDER_PROFIT_YOY":-15.5063110414,"GROSS_PROFIT_RATIO":38.521843385756,"EPS_TTM":0.451599286854,"OPERATE_INCOME_QOQ":-6.744707897075,"NET_PROFIT_RATIO":16.7731895433,"ROE_AVG":8.314107435136,"GROSS_PROFIT_QOQ":-0.299105636131,"ROA":2.783525168047,"HOLDER_PROFIT_QOQ":-8.804274641054,"ROE_YEARLY":8.314107435136,"ROIC_YEARLY":3.04268230082,"TOTAL_ASSETS":22537265642.95,"TOTAL_LIABILITIES":14263308748.01,"TAX_EBT":14.620569905386,"OCF_SALES":24.716601175802,"TOTAL_PARENT_EQUITY":7807439716.26,"DEBT_ASSET_RATIO":63.287663082,"OPERATE_PROFIT":1250037795.03,"PRETAX_PROFIT":777086059.95,"NETCASH_OPERATE":977677149.93,"NETCASH_INVEST":-689075952.8,"NETCASH_FINANCE":-1120553730.82,"END_CASH":1032534956.93,"DIVI_RATIO":0.553211307619,"DIVIDEND_RATE":8.255255255255,"CURRENT_RATIO":0.968031780659,"COMMON_ACS":null,"CURRENTDEBT_DEBT":27.982038441304,"ISSUED_COMMON_SHARES":1393452725,"HK_COMMON_SHARES":404359792,"PER_SHARES":1000,"TOTAL_MARKET_CAP":4640197574.25,"HKSK_MARKET_CAP":1346518107.36,"PE_TTM":6.937112779977,"PB_TTM":0.529657371409,"REPORT_DATE_SQ":"2022-12-31 00:00:00","REPORT_TYPE_SQ":"2022年年报","OPERATE_INCOME_SQ":4567117851.39,"DPS_HKD":0.2749,"OPERATE_INCOME_QOQ_SQ":0.027557750114,"NET_PROFIT_RATIO_SQ":17.176216282,"HOLDER_PROFIT_SQ":744767290.31,"HOLDER_PROFIT_QOQ_SQ":27.558793372652,"ROE_AVG_SQ":10.748300365199,"PE_TTM_SQ":4.282098511083,"PB_TTM_SQ":0.400950181764,"ROA_SQ":3.472763776594,"START_DATE":"2023-01-01 00:00:00","FISCAL_YEAR":"12-31","CURRENCY":"HKD","IS_CNY_CODE":0,"DPS_HKD_LY":0.1316,"ORG_TYPE":"一般企业","PREMIUM_INCOME":null,"PREMIUM_INCOME_YOY":null,"NET_INTEREST_INCOME":null,"NET_INTEREST_INCOME_YOY":null,"FEE_COMMISSION_INCOME":null,"FEE_COMMISSION_INCOME_YOY":null,"ACCOUNTS_RECE_TDAYS":2.263799833657,"INVENTORY_TDAYS":42.968236723927,"CURRENT_ASSETS_TDAYS":0.988094916866,"TOTAL_ASSETS_TDAYS":0.174967344894,"PREMIUM_EXPENSE":null,"LOAN_DEPOSIT":null,"LOAN_EQUITY":null,"LOAN_ASSETS":null,"DEPOSIT_EQUITY":null,"DEPOSIT_ASSETS":null,"EQUITY_MULTIPLIER":2.723879992259,"EQUITY_RATIO":1.826886824154},{"SECUCODE":"01330.HK","SECURITY_CODE":"01330","SECURITY_NAME_ABBR":"绿色动力环保","ORG_CODE":"10400021","STD_REPORT_DATE":"2023-09-30 00:00:00","REPORT_DATE":"2023-09-30 00:00:00","DATE_TYPE_CODE":"004","REPORT_TYPE":"2023年三季报","PER_NETCASH_OPERATE":0.47295896364,"PER_OI":2.1831000199,"BPS":5.378292658088,"BASIC_EPS":0.38,"DILUTED_EPS":0.36,"OPERATE_INCOME":3042041871.04,"OPERATE_INCOME_YOY":-9.6653612693,"GROSS_PROFIT":1162265587.18,"GROSS_PROFIT_YOY":-3.46170939555,"HOLDER_PROFIT":535891930.52,"HOLDER_PROFIT_YOY":-9.2670345564,"GROSS_PROFIT_RATIO":38.206758369919,"EPS_TTM":0.495197941007,"OPERATE_INCOME_QOQ":-4.598433157673,"NET_PROFIT_RATIO":18.4974570343,"ROE_AVG":7.125183516185,"GROSS_PROFIT_QOQ":0.211135411321,"ROA":2.362097635752,"HOLDER_PROFIT_QOQ":-0.325323733741,"ROE_YEARLY":9.500244688246,"ROIC_YEARLY":2.587222236399,"TOTAL_ASSETS":22696800302.81,"TOTAL_LIABILITIES":14525611056.37,"TAX_EBT":12.91114941533,"OCF_SALES":21.664557708231,"TOTAL_PARENT_EQUITY":7711955947.65,"DEBT_ASSET_RATIO":63.9984969801,"OPERATE_PROFIT":997411523.01,"PRETAX_PROFIT":646122189.33,"NETCASH_OPERATE":659044916.66,"NETCASH_INVEST":-579177150.12,"NETCASH_FINANCE":-811646650.15,"END_CASH":1132718730.33,"DIVI_RATIO":0.504504989443,"DIVIDEND_RATE":8.255255255255,"CURRENT_RATIO":0.945701393819,"COMMON_ACS":null,"CURRENTDEBT_DEBT":28.187494739194,"ISSUED_COMMON_SHARES":1393452725,"HK_COMMON_SHARES":404359792,"PER_SHARES":1000,"TOTAL_MARKET_CAP":4640197574.25,"HKSK_MARKET_CAP":1346518107.36,"PE_TTM":6.937112779977,"PB_TTM":0.529657371409,"REPORT_DATE_SQ":"2022-09-30 00:00:00","REPORT_TYPE_SQ":"2022年三季报","OPERATE_INCOME_SQ":3367525363.23,"DPS_HKD":0.2749,"OPERATE_INCOME_QOQ_SQ":-5.142986211344,"NET_PROFIT_RATIO_SQ":18.3148178901,"HOLDER_PROFIT_SQ":590625389.46,"HOLDER_PROFIT_QOQ_SQ":-13.730501674505,"ROE_AVG_SQ":8.620625674753,"PE_TTM_SQ":4.282098511083,"PB_TTM_SQ":0.400950181764,"ROA_SQ":2.76371798907,"START_DATE":"2023-01-01 00:00:00","FISCAL_YEAR":"12-31","CURRENCY":"HKD","IS_CNY_CODE":0,"DPS_HKD_LY":0.1316,"ORG_TYPE":"一般企业","PREMIUM_INCOME":null,"PREMIUM_INCOME_YOY":null,"NET_INTEREST_INCOME":null,"NET_INTEREST_INCOME_YOY":null,"FEE_COMMISSION_INCOME":null,"FEE_COMMISSION_INCOME_YOY":null,"ACCOUNTS_RECE_TDAYS":1.782001022956,"INVENTORY_TDAYS":34.93424241893,"CURRENT_ASSETS_TDAYS":0.759094258246,"TOTAL_ASSETS_TDAYS":0.134086734698,"PREMIUM_EXPENSE":null,"LOAN_DEPOSIT":null,"LOAN_EQUITY":null,"LOAN_ASSETS":null,"DEPOSIT_EQUITY":null,"DEPOSIT_ASSETS":null,"EQUITY_MULTIPLIER":2.777661808862,"EQUITY_RATIO":1.883518416725},{"SECUCODE":"01330.HK","SECURITY_CODE":"01330","SECURITY_NAME_ABBR":"绿色动力环保","ORG_CODE":"10400021","STD_REPORT_DATE":"2023-06-30 00:00:00","REPORT_DATE":"2023-06-30 00:00:00","DATE_TYPE_CODE":"002","REPORT_TYPE":"2023年中报","PER_NETCASH_OPERATE":0.206479123535,"PER_OI":1.536842691543,"BPS":5.252752252747,"BASIC_EPS":0.26,"DILUTED_EPS":0.24,"OPERATE_INCOME":2141513147.31,"OPERATE_INCOME_YOY":-5.3494268095,"GROSS_PROFIT":769790768.52,"GROSS_PROFIT_YOY":-5.510948264404,"HOLDER_PROFIT":364057245.61,"HOLDER_PROFIT_YOY":-12.5993837308,"GROSS_PROFIT_RATIO":35.946114525935,"EPS_TTM":0.496814452916,"OPERATE_INCOME_QOQ":-1.255691770535,"NET_PROFIT_RATIO":17.7489026382,"ROE_AVG":4.897435946909,"GROSS_PROFIT_QOQ":-0.196834684791,"ROA":1.604756895857,"HOLDER_PROFIT_QOQ":-5.743408207794,"ROE_YEARLY":9.794871893818,"ROIC_YEARLY":3.515119516405,"TOTAL_ASSETS":22694821097.59,"TOTAL_LIABILITIES":14709320294.03,"TAX_EBT":12.639802772796,"OCF_SALES":13.435280310159,"TOTAL_PARENT_EQUITY":7537021973.06,"DEBT_ASSET_RATIO":64.8135547347,"OPERATE_PROFIT":663410359.48,"PRETAX_PROFIT":435089543.71,"NETCASH_OPERATE":287718294.22,"NETCASH_INVEST":-413739621.84,"NETCASH_FINANCE":-598828719.83,"END_CASH":1139958571.4,"DIVI_RATIO":0.502863454422,"DIVIDEND_RATE":8.255255255255,"CURRENT_RATIO":1.233159037533,"COMMON_ACS":null,"CURRENTDEBT_DEBT":20.904987376256,"ISSUED_COMMON_SHARES":1393452725,"HK_COMMON_SHARES":404359792,"PER_SHARES":1000,"TOTAL_MARKET_CAP":4640197574.25,"HKSK_MARKET_CAP":1346518107.36,"PE_TTM":6.937112779977,"PB_TTM":0.529657371409,"REPORT_DATE_SQ":"2022-06-30 00:00:00","REPORT_TYPE_SQ":"2022年中报","OPERATE_INCOME_SQ":2262546411.63,"DPS_HKD":0.2749,"OPERATE_INCOME_QOQ_SQ":-3.702312339135,"NET_PROFIT_RATIO_SQ":19.2658591753,"HOLDER_PROFIT_SQ":416538533.88,"HOLDER_PROFIT_QOQ_SQ":1.128687409136,"ROE_AVG_SQ":6.157955513485,"PE_TTM_SQ":4.282098511083,"PB_TTM_SQ":0.400950181764,"ROA_SQ":1.952530852231,"START_DATE":"2023-01-01 00:00:00","FISCAL_YEAR":"12-31","CURRENCY":"HKD","IS_CNY_CODE":0,"DPS_HKD_LY":0.1316,"ORG_TYPE":"一般企业","PREMIUM_INCOME":null,"PREMIUM_INCOME_YOY":null,"NET_INTEREST_INCOME":null,"NET_INTEREST_INCOME_YOY":null,"FEE_COMMISSION_INCOME":null,"FEE_COMMISSION_INCOME_YOY":null,"ACCOUNTS_RECE_TDAYS":1.27722864252,"INVENTORY_TDAYS":27.598535943545,"CURRENT_ASSETS_TDAYS":0.539778750511,"TOTAL_ASSETS_TDAYS":0.094397461722,"PREMIUM_EXPENSE":null,"LOAN_DEPOSIT":null,"LOAN_EQUITY":null,"LOAN_ASSETS":null,"DEPOSIT_EQUITY":null,"DEPOSIT_ASSETS":null,"EQUITY_MULTIPLIER":2.842003483046,"EQUITY_RATIO":1.95160905018},{"SECUCODE":"01330.HK","SECURITY_CODE":"01330","SECURITY_NAME_ABBR":"绿色动力环保","ORG_CODE":"10400021","STD_REPORT_DATE":"2023-03-31 00:00:00","REPORT_DATE":"2023-03-31 00:00:00","DATE_TYPE_CODE":"003","REPORT_TYPE":"2023年一季报","PER_NETCASH_OPERATE":0.073939252719,"PER_OI":0.746768948286,"BPS":5.230911724285,"BASIC_EPS":0.12,"DILUTED_EPS":0.11,"OPERATE_INCOME":1040584663.77,"OPERATE_INCOME_YOY":-5.8361617677,"GROSS_PROFIT":378028794.63,"GROSS_PROFIT_YOY":-9.975561111031,"HOLDER_PROFIT":170585929.73,"HOLDER_PROFIT_YOY":-5.6929980632,"GROSS_PROFIT_RATIO":36.328499524528,"EPS_TTM":0.527087416702,"OPERATE_INCOME_QOQ":-1.412142003745,"NET_PROFIT_RATIO":17.1653037296,"ROE_AVG":2.299493596478,"GROSS_PROFIT_QOQ":-2.668102787817,"ROA":0.756709769642,"HOLDER_PROFIT_QOQ":-1.38267372426,"ROE_YEARLY":9.197974385913,"ROIC_YEARLY":3.330190014714,"TOTAL_ASSETS":22408783541.95,"TOTAL_LIABILITIES":14410761487.71,"TAX_EBT":16.271091063728,"OCF_SALES":9.901222177033,"TOTAL_PARENT_EQUITY":7506588690.11,"DEBT_ASSET_RATIO":64.308539822,"OPERATE_PROFIT":327592816.66,"PRETAX_PROFIT":213330760.39,"NETCASH_OPERATE":103030599.5,"NETCASH_INVEST":-235310851.09,"NETCASH_FINANCE":-469181472.67,"END_CASH":1263305494.41,"DIVI_RATIO":0.47398178003,"DIVIDEND_RATE":8.255255255255,"CURRENT_RATIO":1.157956709273,"COMMON_ACS":null,"CURRENTDEBT_DEBT":22.20189417713,"ISSUED_COMMON_SHARES":1393452725,"HK_COMMON_SHARES":404359792,"PER_SHARES":1000,"TOTAL_MARKET_CAP":4640197574.25,"HKSK_MARKET_CAP":1346518107.36,"PE_TTM":6.937112779977,"PB_TTM":0.529657371409,"REPORT_DATE_SQ":"2022-03-31 00:00:00","REPORT_TYPE_SQ":"2022年一季报","OPERATE_INCOME_SQ":1105078853.31,"DPS_HKD":0.2749,"OPERATE_INCOME_QOQ_SQ":-1.155208766553,"NET_PROFIT_RATIO_SQ":17.2888830609,"HOLDER_PROFIT_SQ":180883631.36,"HOLDER_PROFIT_QOQ_SQ":-4.091660036363,"ROE_AVG_SQ":2.687987132355,"PE_TTM_SQ":4.282098511083,"PB_TTM_SQ":0.400950181764,"ROA_SQ":0.842485961871,"START_DATE":"2023-01-01 00:00:00","FISCAL_YEAR":"12-31","CURRENCY":"HKD","IS_CNY_CODE":0,"DPS_HKD_LY":0.1316,"ORG_TYPE":"一般企业","PREMIUM_INCOME":null,"PREMIUM_INCOME_YOY":null,"NET_INTEREST_INCOME":null,"NET_INTEREST_INCOME_YOY":null,"FEE_COMMISSION_INCOME":null,"FEE_COMMISSION_INCOME_YOY":null,"ACCOUNTS_RECE_TDAYS":0.655461701615,"INVENTORY_TDAYS":13.551892127335,"CURRENT_ASSETS_TDAYS":0.265195540698,"TOTAL_ASSETS_TDAYS":0.046159761386,"PREMIUM_EXPENSE":null,"LOAN_DEPOSIT":null,"LOAN_EQUITY":null,"LOAN_ASSETS":null,"DEPOSIT_EQUITY":null,"DEPOSIT_ASSETS":null,"EQUITY_MULTIPLIER":2.801790666487,"EQUITY_RATIO":1.919748381405},{"SECUCODE":"01330.HK","SECURITY_CODE":"01330","SECURITY_NAME_ABBR":"绿色动力环保","ORG_CODE":"10400021","STD_REPORT_DATE":"2022-12-31 00:00:00","REPORT_DATE":"2022-12-31 00:00:00","DATE_TYPE_CODE":"001","REPORT_TYPE":"2022年年报","PER_NETCASH_OPERATE":0.868049639454,"PER_OI":3.277566603256,"BPS":5.104353464909,"BASIC_EPS":0.53,"DILUTED_EPS":0.48,"OPERATE_INCOME":4567117851.39,"OPERATE_INCOME_YOY":-9.6852340052,"GROSS_PROFIT":1569998491.86,"GROSS_PROFIT_YOY":-9.338582676801,"HOLDER_PROFIT":744767290.31,"HOLDER_PROFIT_YOY":6.7329269741,"GROSS_PROFIT_RATIO":34.376132671553,"EPS_TTM":0.534478083848,"OPERATE_INCOME_QOQ":0.027557750114,"NET_PROFIT_RATIO":17.176216282,"ROE_AVG":10.748300365199,"GROSS_PROFIT_QOQ":-3.507031206295,"ROA":3.472763776594,"HOLDER_PROFIT_QOQ":27.558793372652,"ROE_YEARLY":10.748300365199,"ROIC_YEARLY":3.80122451632,"TOTAL_ASSETS":22677440152.69,"TOTAL_LIABILITIES":14864161291.15,"TAX_EBT":12.021049989215,"OCF_SALES":26.484576654878,"TOTAL_PARENT_EQUITY":7330237121.56,"DEBT_ASSET_RATIO":65.5460280837,"OPERATE_PROFIT":1355384407.75,"PRETAX_PROFIT":891642875.84,"NETCASH_OPERATE":1209581828.27,"NETCASH_INVEST":-1110698445.81,"NETCASH_FINANCE":811189272.32,"END_CASH":1864783293.59,"DIVI_RATIO":0.467427644931,"DIVIDEND_RATE":8.255255255255,"CURRENT_RATIO":1.20797106013,"COMMON_ACS":null,"CURRENTDEBT_DEBT":23.072848524336,"ISSUED_COMMON_SHARES":1393452725,"HK_COMMON_SHARES":404359792,"PER_SHARES":1000,"TOTAL_MARKET_CAP":4640197574.25,"HKSK_MARKET_CAP":1346518107.36,"PE_TTM":6.937112779977,"PB_TTM":0.529657371409,"REPORT_DATE_SQ":"2021-12-31 00:00:00","REPORT_TYPE_SQ":"2021年年报","OPERATE_INCOME_SQ":5056889425.65,"DPS_HKD":0.2749,"OPERATE_INCOME_QOQ_SQ":96.459872819654,"NET_PROFIT_RATIO_SQ":14.6699483027,"HOLDER_PROFIT_SQ":697785876.79,"HOLDER_PROFIT_QOQ_SQ":1.246681292294,"ROE_AVG_SQ":11.05578448472,"PE_TTM_SQ":4.282098511083,"PB_TTM_SQ":0.400950181764,"ROA_SQ":3.705660748345,"START_DATE":"2022-01-01 00:00:00","FISCAL_YEAR":"12-31","CURRENCY":"HKD","IS_CNY_CODE":0,"DPS_HKD_LY":0.11674,"ORG_TYPE":"一般企业","PREMIUM_INCOME":null,"PREMIUM_INCOME_YOY":null,"NET_INTEREST_INCOME":null,"NET_INTEREST_INCOME_YOY":null,"FEE_COMMISSION_INCOME":null,"FEE_COMMISSION_INCOME_YOY":null,"ACCOUNTS_RECE_TDAYS":2.987514751096,"INVENTORY_TDAYS":63.804606766911,"CURRENT_ASSETS_TDAYS":1.239839957265,"TOTAL_ASSETS_TDAYS":0.212959425637,"PREMIUM_EXPENSE":null,"LOAN_DEPOSIT":null,"LOAN_EQUITY":null,"LOAN_ASSETS":null,"DEPOSIT_EQUITY":null,"DEPOSIT_ASSETS":null,"EQUITY_MULTIPLIER":2.902422984582,"EQUITY_RATIO":2.027787238619},{"SECUCODE":"01330.HK","SECURITY_CODE":"01330","SECURITY_NAME_ABBR":"绿色动力环保","ORG_CODE":"10400021","STD_REPORT_DATE":"2022-09-30 00:00:00","REPORT_DATE":"2022-09-30 00:00:00","DATE_TYPE_CODE":"004","REPORT_TYPE":"2022年三季报","PER_NETCASH_OPERATE":0.312964087168,"PER_OI":2.416688591791,"BPS":4.992604101664,"BASIC_EPS":0.42,"DILUTED_EPS":0.38,"OPERATE_INCOME":3367525363.23,"OPERATE_INCOME_YOY":-12.7257431555,"GROSS_PROFIT":1203942580.61,"GROSS_PROFIT_YOY":-7.9975809994,"HOLDER_PROFIT":590625389.46,"HOLDER_PROFIT_YOY":-16.1697560667,"GROSS_PROFIT_RATIO":35.751551978074,"EPS_TTM":0.419005774876,"OPERATE_INCOME_QOQ":-5.142986211344,"NET_PROFIT_RATIO":18.3148178901,"ROE_AVG":8.620625674753,"GROSS_PROFIT_QOQ":-5.154364186421,"ROA":2.76371798907,"HOLDER_PROFIT_QOQ":-13.730501674505,"ROE_YEARLY":11.494167566338,"ROIC_YEARLY":3.005375124149,"TOTAL_ASSETS":22526898461.48,"TOTAL_LIABILITIES":14882990484.83,"TAX_EBT":10.926543317625,"OCF_SALES":12.950120600182,"TOTAL_PARENT_EQUITY":7174521141.87,"DEBT_ASSET_RATIO":66.067641359,"OPERATE_PROFIT":1035819110.9,"PRETAX_PROFIT":692412937.2,"NETCASH_OPERATE":436098595.78,"NETCASH_INVEST":-847871768.79,"NETCASH_FINANCE":1064944497.77,"END_CASH":1607944126.8,"DIVI_RATIO":0.596244364588,"DIVIDEND_RATE":8.255255255255,"CURRENT_RATIO":1.366033034148,"COMMON_ACS":null,"CURRENTDEBT_DEBT":20.984844998547,"ISSUED_COMMON_SHARES":1393452725,"HK_COMMON_SHARES":404359792,"PER_SHARES":1000,"TOTAL_MARKET_CAP":4640197574.25,"HKSK_MARKET_CAP":1346518107.36,"PE_TTM":6.937112779977,"PB_TTM":0.529657371409,"REPORT_DATE_SQ":"2021-09-30 00:00:00","REPORT_TYPE_SQ":"2021年三季报","OPERATE_INCOME_SQ":3858555185.67,"DPS_HKD":0.2749,"OPERATE_INCOME_QOQ_SQ":2.221630523042,"NET_PROFIT_RATIO_SQ":33.2808213719,"HOLDER_PROFIT_SQ":704549291.22,"HOLDER_PROFIT_QOQ_SQ":8.889779299973,"ROE_AVG_SQ":10.292705188519,"PE_TTM_SQ":4.282098511083,"PB_TTM_SQ":0.400950181764,"ROA_SQ":3.373559646093,"START_DATE":"2022-01-01 00:00:00","FISCAL_YEAR":"12-31","CURRENCY":"HKD","IS_CNY_CODE":0,"DPS_HKD_LY":0.11674,"ORG_TYPE":"一般企业","PREMIUM_INCOME":null,"PREMIUM_INCOME_YOY":null,"NET_INTEREST_INCOME":null,"NET_INTEREST_INCOME_YOY":null,"FEE_COMMISSION_INCOME":null,"FEE_COMMISSION_INCOME_YOY":null,"ACCOUNTS_RECE_TDAYS":1.934791048988,"INVENTORY_TDAYS":44.590954461277,"CURRENT_ASSETS_TDAYS":0.899111251569,"TOTAL_ASSETS_TDAYS":0.157576876834,"PREMIUM_EXPENSE":null,"LOAN_DEPOSIT":null,"LOAN_EQUITY":null,"LOAN_ASSETS":null,"DEPOSIT_EQUITY":null,"DEPOSIT_ASSETS":null,"EQUITY_MULTIPLIER":2.947039463363,"EQUITY_RATIO":2.074422834714}],"count":40},"success":true,"message":"ok","code":0}