{"version":"e8fb364713a99277b6e59c68f0c41bb2","result":{"pages":4,"data":[{"SECUCODE":"01335.HK","SECURITY_CODE":"01335","SECURITY_NAME_ABBR":"顺泰控股","ORG_CODE":"10269738","STD_REPORT_DATE":"2024-06-30 00:00:00","REPORT_DATE":"2024-06-30 00:00:00","DATE_TYPE_CODE":"002","REPORT_TYPE":"2024年中报","PER_NETCASH_OPERATE":-0.007803089961,"PER_OI":0.039886084319,"BPS":0.264473418978,"BASIC_EPS":0.0007027636,"DILUTED_EPS":0.0007027636,"OPERATE_INCOME":97088160.36,"OPERATE_INCOME_YOY":-53.0837354127,"GROSS_PROFIT":15690794.56,"GROSS_PROFIT_YOY":-6.675890959585,"HOLDER_PROFIT":1714925.72,"HOLDER_PROFIT_YOY":-67.4744677168,"GROSS_PROFIT_RATIO":16.161388270021,"EPS_TTM":-0.006468303844,"OPERATE_INCOME_QOQ":-29.158258242566,"NET_PROFIT_RATIO":1.7663592694,"ROE_AVG":0.263917097165,"GROSS_PROFIT_QOQ":-3.286423931147,"ROA":0.246859569224,"HOLDER_PROFIT_QOQ":-29.763782762988,"ROE_YEARLY":0.52783419433,"ROIC_YEARLY":0.700128642583,"TOTAL_ASSETS":686910348.4,"TOTAL_LIABILITIES":43146034.32,"TAX_EBT":47.747497219132,"OCF_SALES":-19.563439465298,"TOTAL_PARENT_EQUITY":643764314.08,"DEBT_ASSET_RATIO":6.2811740164,"OPERATE_PROFIT":3636117.12,"PRETAX_PROFIT":3281997.28,"NETCASH_OPERATE":-18993783.48,"NETCASH_INVEST":3991149.64,"NETCASH_FINANCE":-370548.08,"END_CASH":193000788.88,"DIVI_RATIO":null,"DIVIDEND_RATE":null,"CURRENT_RATIO":21.49314159292,"COMMON_ACS":8000000000,"CURRENTDEBT_DEBT":47.806405212167,"ISSUED_COMMON_SHARES":2434136166,"HK_COMMON_SHARES":2434136166,"PER_SHARES":2000,"TOTAL_MARKET_CAP":523339275.69,"HKSK_MARKET_CAP":523339275.69,"PE_TTM":-30.273574112917,"PB_TTM":0.741950555025,"REPORT_DATE_SQ":"2023-06-30 00:00:00","REPORT_TYPE_SQ":"2023年中报","OPERATE_INCOME_SQ":209047901.24,"DPS_HKD":null,"OPERATE_INCOME_QOQ_SQ":33.975204224659,"NET_PROFIT_RATIO_SQ":2.5474336018,"HOLDER_PROFIT_SQ":5326278.46,"HOLDER_PROFIT_QOQ_SQ":64.333247739036,"ROE_AVG_SQ":0.769466934033,"PE_TTM_SQ":13.642407180367,"PB_TTM_SQ":0.221076514523,"ROA_SQ":0.719603240394,"START_DATE":"2024-01-01 00:00:00","FISCAL_YEAR":"12-31","CURRENCY":"HKD","IS_CNY_CODE":0,"DPS_HKD_LY":null,"ORG_TYPE":"一般企业","PREMIUM_INCOME":null,"PREMIUM_INCOME_YOY":null,"NET_INTEREST_INCOME":null,"NET_INTEREST_INCOME_YOY":null,"FEE_COMMISSION_INCOME":null,"FEE_COMMISSION_INCOME_YOY":null,"ACCOUNTS_RECE_TDAYS":0.413348927936,"INVENTORY_TDAYS":19.496119794513,"CURRENT_ASSETS_TDAYS":0.218701589733,"TOTAL_ASSETS_TDAYS":0.139756148991,"PREMIUM_EXPENSE":null,"LOAN_DEPOSIT":null,"LOAN_EQUITY":null,"LOAN_ASSETS":null,"DEPOSIT_EQUITY":null,"DEPOSIT_ASSETS":null,"EQUITY_MULTIPLIER":1.06702147568,"EQUITY_RATIO":0.06702147568},{"SECUCODE":"01335.HK","SECURITY_CODE":"01335","SECURITY_NAME_ABBR":"顺泰控股","ORG_CODE":"10269738","STD_REPORT_DATE":"2023-12-31 00:00:00","REPORT_DATE":"2023-12-31 00:00:00","DATE_TYPE_CODE":"001","REPORT_TYPE":"2023年年报","PER_NETCASH_OPERATE":0.00550477377,"PER_OI":0.157744940124,"BPS":0.267523219044,"BASIC_EPS":-0.00543732,"DILUTED_EPS":-0.00543732,"OPERATE_INCOME":383972663.76,"OPERATE_INCOME_YOY":34.2118016731,"GROSS_PROFIT":34153619.36,"GROSS_PROFIT_YOY":-0.793009578069,"HOLDER_PROFIT":-12133379.58,"HOLDER_PROFIT_YOY":-283.0849172706,"GROSS_PROFIT_RATIO":8.894804912817,"EPS_TTM":-0.004984675775,"OPERATE_INCOME_QOQ":1.628887775937,"NET_PROFIT_RATIO":-3.1623193331,"ROE_AVG":-1.793029562423,"GROSS_PROFIT_QOQ":3.949939982728,"ROA":-1.675777326504,"HOLDER_PROFIT_QOQ":-213.025912983104,"ROE_YEARLY":-1.793029562423,"ROIC_YEARLY":-2.599861356262,"TOTAL_ASSETS":697511190.46,"TOTAL_LIABILITIES":46323247.74,"TAX_EBT":-43.458244111349,"OCF_SALES":3.489667412463,"TOTAL_PARENT_EQUITY":651187942.72,"DEBT_ASSET_RATIO":6.6412192913,"OPERATE_PROFIT":-7713744.64,"PRETAX_PROFIT":-8464094.8,"NETCASH_OPERATE":13399368.92,"NETCASH_INVEST":-65046659.16,"NETCASH_FINANCE":-22958177.48,"END_CASH":215082254.8,"DIVI_RATIO":null,"DIVIDEND_RATE":null,"CURRENT_RATIO":18.951750972763,"COMMON_ACS":8000000000,"CURRENTDEBT_DEBT":50.276815932077,"ISSUED_COMMON_SHARES":2434136166,"HK_COMMON_SHARES":2434136166,"PER_SHARES":2000,"TOTAL_MARKET_CAP":474656552.37,"HKSK_MARKET_CAP":474656552.37,"PE_TTM":-27.457427683809,"PB_TTM":0.672931898743,"REPORT_DATE_SQ":"2022-12-31 00:00:00","REPORT_TYPE_SQ":"2022年年报","OPERATE_INCOME_SQ":282006232.27,"DPS_HKD":null,"OPERATE_INCOME_QOQ_SQ":105.576287337977,"NET_PROFIT_RATIO_SQ":2.3135815218,"HOLDER_PROFIT_SQ":6532483.51,"HOLDER_PROFIT_QOQ_SQ":182.058766761841,"ROE_AVG_SQ":0.914009035104,"PE_TTM_SQ":9.715047537534,"PB_TTM_SQ":0.157433275494,"ROA_SQ":0.855274122198,"START_DATE":"2023-01-01 00:00:00","FISCAL_YEAR":"12-31","CURRENCY":"HKD","IS_CNY_CODE":0,"DPS_HKD_LY":0.01,"ORG_TYPE":"一般企业","PREMIUM_INCOME":null,"PREMIUM_INCOME_YOY":null,"NET_INTEREST_INCOME":null,"NET_INTEREST_INCOME_YOY":null,"FEE_COMMISSION_INCOME":null,"FEE_COMMISSION_INCOME_YOY":null,"ACCOUNTS_RECE_TDAYS":1.977915175789,"INVENTORY_TDAYS":78.787631390958,"CURRENT_ASSETS_TDAYS":0.837123565759,"TOTAL_ASSETS_TDAYS":0.530316124773,"PREMIUM_EXPENSE":null,"LOAN_DEPOSIT":null,"LOAN_EQUITY":null,"LOAN_ASSETS":null,"DEPOSIT_EQUITY":null,"DEPOSIT_ASSETS":null,"EQUITY_MULTIPLIER":1.071136525572,"EQUITY_RATIO":0.071136525573},{"SECUCODE":"01335.HK","SECURITY_CODE":"01335","SECURITY_NAME_ABBR":"顺泰控股","ORG_CODE":"10269738","STD_REPORT_DATE":"2023-06-30 00:00:00","REPORT_DATE":"2023-06-30 00:00:00","DATE_TYPE_CODE":"002","REPORT_TYPE":"2023年中报","PER_NETCASH_OPERATE":0.000733300505,"PER_OI":0.085881761325,"BPS":0.275247147493,"BASIC_EPS":0.0021850926,"DILUTED_EPS":0.0021850926,"OPERATE_INCOME":209047901.24,"OPERATE_INCOME_YOY":71.2393323767,"GROSS_PROFIT":16813227.28,"GROSS_PROFIT_YOY":-8.544334692318,"HOLDER_PROFIT":5326278.46,"HOLDER_PROFIT_YOY":339.6499238965,"GROSS_PROFIT_RATIO":8.042763012817,"EPS_TTM":0.004410206159,"OPERATE_INCOME_QOQ":33.975204224659,"NET_PROFIT_RATIO":2.5474336018,"ROE_AVG":0.769466934033,"GROSS_PROFIT_QOQ":-4.562724674574,"ROA":0.719603240394,"HOLDER_PROFIT_QOQ":64.333247739036,"ROE_YEARLY":1.538933868066,"ROIC_YEARLY":2.290027163599,"TOTAL_ASSETS":716705762.9,"TOTAL_LIABILITIES":46961051.3,"TAX_EBT":30.350898348004,"OCF_SALES":0.853848935776,"TOTAL_PARENT_EQUITY":669989036.3,"DEBT_ASSET_RATIO":6.5523473831,"OPERATE_PROFIT":8041509.56,"PRETAX_PROFIT":7645980.14,"NETCASH_OPERATE":1784953.28,"NETCASH_INVEST":-21230433.46,"NETCASH_FINANCE":-22899217.26,"END_CASH":245407104.52,"DIVI_RATIO":null,"DIVIDEND_RATE":null,"CURRENT_RATIO":20.900347902587,"COMMON_ACS":8000000000,"CURRENTDEBT_DEBT":49.095906547561,"ISSUED_COMMON_SHARES":2434136166,"HK_COMMON_SHARES":2434136166,"PER_SHARES":2000,"TOTAL_MARKET_CAP":474656552.37,"HKSK_MARKET_CAP":474656552.37,"PE_TTM":-27.457427683809,"PB_TTM":0.672931898743,"REPORT_DATE_SQ":"2022-06-30 00:00:00","REPORT_TYPE_SQ":"2022年中报","OPERATE_INCOME_SQ":113235707.9,"DPS_HKD":null,"OPERATE_INCOME_QOQ_SQ":153.780319834602,"NET_PROFIT_RATIO_SQ":0.9908617174,"HOLDER_PROFIT_SQ":1123719.66,"HOLDER_PROFIT_QOQ_SQ":-43.313436815724,"ROE_AVG_SQ":0.162213711009,"PE_TTM_SQ":9.715047537534,"PB_TTM_SQ":0.157433275494,"ROA_SQ":0.151957054207,"START_DATE":"2023-01-01 00:00:00","FISCAL_YEAR":"12-31","CURRENCY":"HKD","IS_CNY_CODE":0,"DPS_HKD_LY":0.01,"ORG_TYPE":"一般企业","PREMIUM_INCOME":null,"PREMIUM_INCOME_YOY":null,"NET_INTEREST_INCOME":null,"NET_INTEREST_INCOME_YOY":null,"FEE_COMMISSION_INCOME":null,"FEE_COMMISSION_INCOME_YOY":null,"ACCOUNTS_RECE_TDAYS":1.067962262551,"INVENTORY_TDAYS":43.798340510451,"CURRENT_ASSETS_TDAYS":0.432751529264,"TOTAL_ASSETS_TDAYS":0.282432749733,"PREMIUM_EXPENSE":null,"LOAN_DEPOSIT":null,"LOAN_EQUITY":null,"LOAN_ASSETS":null,"DEPOSIT_EQUITY":null,"DEPOSIT_ASSETS":null,"EQUITY_MULTIPLIER":1.070117838165,"EQUITY_RATIO":0.070092268314},{"SECUCODE":"01335.HK","SECURITY_CODE":"01335","SECURITY_NAME_ABBR":"顺泰控股","ORG_CODE":"10269738","STD_REPORT_DATE":"2022-12-31 00:00:00","REPORT_DATE":"2022-12-31 00:00:00","DATE_TYPE_CODE":"001","REPORT_TYPE":"2022年年报","PER_NETCASH_OPERATE":-0.005244456637,"PER_OI":0.115854748066,"BPS":0.284360303112,"BASIC_EPS":0.00267981,"DILUTED_EPS":0.00267981,"OPERATE_INCOME":282006232.27,"OPERATE_INCOME_YOY":377.5172810189,"GROSS_PROFIT":34426625.8,"GROSS_PROFIT_YOY":15.541886767062,"HOLDER_PROFIT":6532483.51,"HOLDER_PROFIT_YOY":207.6390933176,"GROSS_PROFIT_RATIO":12.20775353895,"EPS_TTM":0.002683696829,"OPERATE_INCOME_QOQ":105.576287337977,"NET_PROFIT_RATIO":2.3135815218,"ROE_AVG":0.914009035104,"GROSS_PROFIT_QOQ":7.569150942276,"ROA":0.855274122198,"HOLDER_PROFIT_QOQ":182.058766761841,"ROE_YEARLY":0.914009035104,"ROIC_YEARLY":1.413784837143,"TOTAL_ASSETS":739852664.04,"TOTAL_LIABILITIES":47919469.15,"TAX_EBT":39.58143767061,"OCF_SALES":-4.526751578234,"TOTAL_PARENT_EQUITY":692171697.98,"DEBT_ASSET_RATIO":6.4768935058,"OPERATE_PROFIT":11603577.3,"PRETAX_PROFIT":10798741.03,"NETCASH_OPERATE":-12765721.57,"NETCASH_INVEST":33720942.5,"NETCASH_FINANCE":-908455.59,"END_CASH":295577683.38,"DIVI_RATIO":null,"DIVIDEND_RATE":null,"CURRENT_RATIO":19.572759455934,"COMMON_ACS":8000000000,"CURRENTDEBT_DEBT":50.023301332836,"ISSUED_COMMON_SHARES":2434136166,"HK_COMMON_SHARES":2434136166,"PER_SHARES":2000,"TOTAL_MARKET_CAP":474656552.37,"HKSK_MARKET_CAP":474656552.37,"PE_TTM":-27.457427683809,"PB_TTM":0.672931898743,"REPORT_DATE_SQ":"2021-12-31 00:00:00","REPORT_TYPE_SQ":"2021年年报","OPERATE_INCOME_SQ":54053988.8,"DPS_HKD":null,"OPERATE_INCOME_QOQ_SQ":-23.001439265133,"NET_PROFIT_RATIO_SQ":-10.4427268465,"HOLDER_PROFIT_SQ":-5554774.4,"HOLDER_PROFIT_QOQ_SQ":-141.495628881345,"ROE_AVG_SQ":-0.829461637399,"PE_TTM_SQ":9.715047537534,"PB_TTM_SQ":0.157433275494,"ROA_SQ":-0.774308106017,"START_DATE":"2022-01-01 00:00:00","FISCAL_YEAR":"12-31","CURRENCY":"HKD","IS_CNY_CODE":0,"DPS_HKD_LY":null,"ORG_TYPE":"一般企业","PREMIUM_INCOME":null,"PREMIUM_INCOME_YOY":null,"NET_INTEREST_INCOME":null,"NET_INTEREST_INCOME_YOY":null,"FEE_COMMISSION_INCOME":null,"FEE_COMMISSION_INCOME_YOY":null,"ACCOUNTS_RECE_TDAYS":1.735555408956,"INVENTORY_TDAYS":49.952419572858,"CURRENT_ASSETS_TDAYS":0.592704334031,"TOTAL_ASSETS_TDAYS":0.369220423427,"PREMIUM_EXPENSE":null,"LOAN_DEPOSIT":null,"LOAN_EQUITY":null,"LOAN_ASSETS":null,"DEPOSIT_EQUITY":null,"DEPOSIT_ASSETS":null,"EQUITY_MULTIPLIER":1.069254473558,"EQUITY_RATIO":0.069230610396},{"SECUCODE":"01335.HK","SECURITY_CODE":"01335","SECURITY_NAME_ABBR":"顺泰控股","ORG_CODE":"10269738","STD_REPORT_DATE":"2022-06-30 00:00:00","REPORT_DATE":"2022-06-30 00:00:00","DATE_TYPE_CODE":"002","REPORT_TYPE":"2022年中报","PER_NETCASH_OPERATE":-0.017197702859,"PER_OI":0.046519874065,"BPS":0.279223238672,"BASIC_EPS":0.0004618026,"DILUTED_EPS":0.0004618026,"OPERATE_INCOME":113235707.9,"OPERATE_INCOME_YOY":265.8947717475,"GROSS_PROFIT":18384019.43,"GROSS_PROFIT_YOY":13.652534832141,"HOLDER_PROFIT":1123719.66,"HOLDER_PROFIT_YOY":-69.0240452617,"GROSS_PROFIT_RATIO":16.235178611887,"EPS_TTM":-0.00327045718,"OPERATE_INCOME_QOQ":153.780319834602,"NET_PROFIT_RATIO":0.9908617174,"ROE_AVG":0.162213711009,"GROSS_PROFIT_QOQ":7.411730737807,"ROA":0.151957054207,"HOLDER_PROFIT_QOQ":-43.313436815724,"ROE_YEARLY":0.324427422018,"ROIC_YEARLY":0.48374894387,"TOTAL_ASSETS":724853057.67,"TOTAL_LIABILITIES":45408878.62,"TAX_EBT":61.125925925926,"OCF_SALES":-36.968506910354,"TOTAL_PARENT_EQUITY":679667383.64,"DEBT_ASSET_RATIO":6.2645632987,"OPERATE_PROFIT":3282219.22,"PRETAX_PROFIT":2886266.25,"NETCASH_OPERATE":-47026042.91,"NETCASH_INVEST":25128902.96,"NETCASH_FINANCE":-457526.65,"END_CASH":255054431.17,"DIVI_RATIO":null,"DIVIDEND_RATE":null,"CURRENT_RATIO":20.710376058279,"COMMON_ACS":8000000000,"CURRENTDEBT_DEBT":47.826660137858,"ISSUED_COMMON_SHARES":2434136166,"HK_COMMON_SHARES":2434136166,"PER_SHARES":2000,"TOTAL_MARKET_CAP":474656552.37,"HKSK_MARKET_CAP":474656552.37,"PE_TTM":-27.457427683809,"PB_TTM":0.672931898743,"REPORT_DATE_SQ":"2021-06-30 00:00:00","REPORT_TYPE_SQ":"2021年中报","OPERATE_INCOME_SQ":30111311.04,"DPS_HKD":null,"OPERATE_INCOME_QOQ_SQ":4.885413444307,"NET_PROFIT_RATIO_SQ":11.5397369294,"HOLDER_PROFIT_SQ":3529683.36,"HOLDER_PROFIT_QOQ_SQ":5.660982605532,"ROE_AVG_SQ":0.518479225386,"PE_TTM_SQ":9.715047537534,"PB_TTM_SQ":0.157433275494,"ROA_SQ":0.483279740018,"START_DATE":"2022-01-01 00:00:00","FISCAL_YEAR":"12-31","CURRENCY":"HKD","IS_CNY_CODE":0,"DPS_HKD_LY":null,"ORG_TYPE":"一般企业","PREMIUM_INCOME":null,"PREMIUM_INCOME_YOY":null,"NET_INTEREST_INCOME":null,"NET_INTEREST_INCOME_YOY":null,"FEE_COMMISSION_INCOME":null,"FEE_COMMISSION_INCOME_YOY":null,"ACCOUNTS_RECE_TDAYS":0.658708700119,"INVENTORY_TDAYS":18.626752875976,"CURRENT_ASSETS_TDAYS":0.248425180231,"TOTAL_ASSETS_TDAYS":0.15312506505,"PREMIUM_EXPENSE":null,"LOAN_DEPOSIT":null,"LOAN_EQUITY":null,"LOAN_ASSETS":null,"DEPOSIT_EQUITY":null,"DEPOSIT_ASSETS":null,"EQUITY_MULTIPLIER":1.066832390387,"EQUITY_RATIO":0.06681044245},{"SECUCODE":"01335.HK","SECURITY_CODE":"01335","SECURITY_NAME_ABBR":"顺泰控股","ORG_CODE":"10269738","STD_REPORT_DATE":"2021-12-31 00:00:00","REPORT_DATE":"2021-12-31 00:00:00","DATE_TYPE_CODE":"001","REPORT_TYPE":"2021年年报","PER_NETCASH_OPERATE":-0.002440570779,"PER_OI":0.022206641335,"BPS":0.277219080767,"BASIC_EPS":-0.0024528,"DILUTED_EPS":-0.0024528,"OPERATE_INCOME":54053988.8,"OPERATE_INCOME_YOY":-16.8651367494,"GROSS_PROFIT":29795796.8,"GROSS_PROFIT_YOY":-18.362577325587,"HOLDER_PROFIT":-5554774.4,"HOLDER_PROFIT_YOY":-145.1338603601,"GROSS_PROFIT_RATIO":55.122290623629,"EPS_TTM":-0.002282031087,"OPERATE_INCOME_QOQ":-23.001439265133,"NET_PROFIT_RATIO":-10.4427268465,"ROE_AVG":-0.829461637399,"GROSS_PROFIT_QOQ":-17.211557868592,"ROA":-0.774308106017,"HOLDER_PROFIT_QOQ":-141.495628881345,"ROE_YEARLY":-0.829461637399,"ROIC_YEARLY":-1.253670917842,"TOTAL_ASSETS":720994836.8,"TOTAL_LIABILITIES":46205846.4,"TAX_EBT":-12.644803393702,"OCF_SALES":-10.990274227459,"TOTAL_PARENT_EQUITY":674788990.4,"DEBT_ASSET_RATIO":6.4086237573,"OPERATE_PROFIT":-4217998.4,"PRETAX_PROFIT":-5011070.4,"NETCASH_OPERATE":-5940681.6,"NETCASH_INVEST":9127686.4,"NETCASH_FINANCE":2699715.2,"END_CASH":282022944,"DIVI_RATIO":null,"DIVIDEND_RATE":null,"CURRENT_RATIO":18.937337821727,"COMMON_ACS":8000000000,"CURRENTDEBT_DEBT":50.461832466292,"ISSUED_COMMON_SHARES":2434136166,"HK_COMMON_SHARES":2434136166,"PER_SHARES":2000,"TOTAL_MARKET_CAP":474656552.37,"HKSK_MARKET_CAP":474656552.37,"PE_TTM":-27.457427683809,"PB_TTM":0.672931898743,"REPORT_DATE_SQ":"2020-12-31 00:00:00","REPORT_TYPE_SQ":"2020年年报","OPERATE_INCOME_SQ":66931421,"DPS_HKD":null,"OPERATE_INCOME_QOQ_SQ":-77.570993092975,"NET_PROFIT_RATIO_SQ":20.801005973,"HOLDER_PROFIT_SQ":12669206.92,"HOLDER_PROFIT_QOQ_SQ":131.785604724962,"ROE_AVG_SQ":1.907262179813,"PE_TTM_SQ":9.715047537534,"PB_TTM_SQ":0.157433275494,"ROA_SQ":1.621518268068,"START_DATE":"2021-01-01 00:00:00","FISCAL_YEAR":"12-31","CURRENCY":"HKD","IS_CNY_CODE":0,"DPS_HKD_LY":null,"ORG_TYPE":"一般企业","PREMIUM_INCOME":null,"PREMIUM_INCOME_YOY":null,"NET_INTEREST_INCOME":null,"NET_INTEREST_INCOME_YOY":null,"FEE_COMMISSION_INCOME":null,"FEE_COMMISSION_INCOME_YOY":null,"ACCOUNTS_RECE_TDAYS":0.356133612726,"INVENTORY_TDAYS":4.337085221459,"CURRENT_ASSETS_TDAYS":0.123647231436,"TOTAL_ASSETS_TDAYS":0.075348589657,"PREMIUM_EXPENSE":null,"LOAN_DEPOSIT":null,"LOAN_EQUITY":null,"LOAN_ASSETS":null,"DEPOSIT_EQUITY":null,"DEPOSIT_ASSETS":null,"EQUITY_MULTIPLIER":1.068474511377,"EQUITY_RATIO":0.068474511377},{"SECUCODE":"01335.HK","SECURITY_CODE":"01335","SECURITY_NAME_ABBR":"顺泰控股","ORG_CODE":"10269738","STD_REPORT_DATE":"2021-06-30 00:00:00","REPORT_DATE":"2021-06-30 00:00:00","DATE_TYPE_CODE":"002","REPORT_TYPE":"2021年中报","PER_NETCASH_OPERATE":-0.007929271973,"PER_OI":0.012370429995,"BPS":0.281497359158,"BASIC_EPS":0.0014478192,"DILUTED_EPS":0.0014478192,"OPERATE_INCOME":30111311.04,"OPERATE_INCOME_YOY":23.1512676536,"GROSS_PROFIT":16175635.2,"GROSS_PROFIT_YOY":-3.041604548596,"HOLDER_PROFIT":3529683.36,"HOLDER_PROFIT_YOY":37.7720038974,"GROSS_PROFIT_RATIO":53.719465016027,"EPS_TTM":0.005499449335,"OPERATE_INCOME_QOQ":4.885413444307,"NET_PROFIT_RATIO":11.5397369294,"ROE_AVG":0.518479225386,"GROSS_PROFIT_QOQ":-1.390314188022,"ROA":0.483279740018,"HOLDER_PROFIT_QOQ":5.660982605532,"ROE_YEARLY":1.036958450771,"ROIC_YEARLY":1.522663620382,"TOTAL_ASSETS":734303111.28,"TOTAL_LIABILITIES":45452370,"TAX_EBT":21.489001692047,"OCF_SALES":-64.098596219741,"TOTAL_PARENT_EQUITY":685202902.56,"DEBT_ASSET_RATIO":6.1898648258,"OPERATE_PROFIT":4836048.96,"PRETAX_PROFIT":4425833.52,"NETCASH_OPERATE":-21426892.08,"NETCASH_INVEST":2336480.64,"NETCASH_FINANCE":3190194.72,"END_CASH":258525591.84,"DIVI_RATIO":null,"DIVIDEND_RATE":null,"CURRENT_RATIO":19.988995516692,"COMMON_ACS":8000000000,"CURRENTDEBT_DEBT":49.407780320366,"ISSUED_COMMON_SHARES":2434136166,"HK_COMMON_SHARES":2434136166,"PER_SHARES":2000,"TOTAL_MARKET_CAP":474656552.37,"HKSK_MARKET_CAP":474656552.37,"PE_TTM":-27.457427683809,"PB_TTM":0.672931898743,"REPORT_DATE_SQ":"2020-06-30 00:00:00","REPORT_TYPE_SQ":"2020年中报","OPERATE_INCOME_SQ":26841434.4,"DPS_HKD":null,"OPERATE_INCOME_QOQ_SQ":-11.449582629632,"NET_PROFIT_RATIO_SQ":0.905177909,"HOLDER_PROFIT_SQ":2812481.76,"HOLDER_PROFIT_QOQ_SQ":7.054804453408,"ROE_AVG_SQ":0.404408167232,"PE_TTM_SQ":9.715047537534,"PB_TTM_SQ":0.157433275494,"ROA_SQ":0.306820452239,"START_DATE":"2021-01-01 00:00:00","FISCAL_YEAR":"12-31","CURRENCY":"HKD","IS_CNY_CODE":0,"DPS_HKD_LY":null,"ORG_TYPE":"一般企业","PREMIUM_INCOME":null,"PREMIUM_INCOME_YOY":null,"NET_INTEREST_INCOME":null,"NET_INTEREST_INCOME_YOY":null,"FEE_COMMISSION_INCOME":null,"FEE_COMMISSION_INCOME_YOY":null,"ACCOUNTS_RECE_TDAYS":0.185208595095,"INVENTORY_TDAYS":1.033221259138,"CURRENT_ASSETS_TDAYS":0.067716495651,"TOTAL_ASSETS_TDAYS":0.041228022706,"PREMIUM_EXPENSE":null,"LOAN_DEPOSIT":null,"LOAN_EQUITY":null,"LOAN_ASSETS":null,"DEPOSIT_EQUITY":null,"DEPOSIT_ASSETS":null,"EQUITY_MULTIPLIER":1.065982900614,"EQUITY_RATIO":0.066334176096},{"SECUCODE":"01335.HK","SECURITY_CODE":"01335","SECURITY_NAME_ABBR":"顺泰控股","ORG_CODE":"10269738","STD_REPORT_DATE":"2020-12-31 00:00:00","REPORT_DATE":"2020-12-31 00:00:00","DATE_TYPE_CODE":"001","REPORT_TYPE":"2020年年报","PER_NETCASH_OPERATE":0.036794622195,"PER_OI":0.027496991308,"BPS":0.281052617531,"BASIC_EPS":0.00504984,"DILUTED_EPS":0.00504984,"OPERATE_INCOME":66931421,"OPERATE_INCOME_YOY":5.6684250389,"GROSS_PROFIT":36497718.6,"GROSS_PROFIT_YOY":13.064893608107,"HOLDER_PROFIT":12669206.92,"HOLDER_PROFIT_YOY":131.4436112214,"GROSS_PROFIT_RATIO":54.530022005659,"EPS_TTM":0.005204806164,"OPERATE_INCOME_QOQ":-77.570993092975,"NET_PROFIT_RATIO":20.801005973,"ROE_AVG":1.907262179813,"GROSS_PROFIT_QOQ":-54.069136187229,"ROA":1.621518268068,"HOLDER_PROFIT_QOQ":131.785604724962,"ROE_YEARLY":1.907262179813,"ROIC_YEARLY":2.205314114054,"TOTAL_ASSETS":734763502.96,"TOTAL_LIABILITIES":50643162.08,"TAX_EBT":31.203430338816,"OCF_SALES":133.813266268469,"TOTAL_PARENT_EQUITY":684120340.88,"DEBT_ASSET_RATIO":6.8924438783,"OPERATE_PROFIT":12779461.76,"PRETAX_PROFIT":11973170.64,"NETCASH_OPERATE":89563120.6,"NETCASH_INVEST":63302269.32,"NETCASH_FINANCE":-40274157.28,"END_CASH":274425138.4,"DIVI_RATIO":null,"DIVIDEND_RATE":null,"CURRENT_RATIO":16.176950582195,"COMMON_ACS":8000000000,"CURRENTDEBT_DEBT":54.379113208801,"ISSUED_COMMON_SHARES":2434136166,"HK_COMMON_SHARES":2434136166,"PER_SHARES":2000,"TOTAL_MARKET_CAP":474656552.37,"HKSK_MARKET_CAP":474656552.37,"PE_TTM":-27.457427683809,"PB_TTM":0.672931898743,"REPORT_DATE_SQ":"2019-12-31 00:00:00","REPORT_TYPE_SQ":"2019年年报","OPERATE_INCOME_SQ":67415507.02,"DPS_HKD":null,"OPERATE_INCOME_QOQ_SQ":-17.786861479738,"NET_PROFIT_RATIO_SQ":-12.7251414111,"HOLDER_PROFIT_SQ":-42883675.94,"HOLDER_PROFIT_QOQ_SQ":-56.970103260073,"ROE_AVG_SQ":-5.995523989986,"PE_TTM_SQ":9.715047537534,"PB_TTM_SQ":0.157433275494,"ROA_SQ":-4.547540046147,"START_DATE":"2020-01-01 00:00:00","FISCAL_YEAR":"12-31","CURRENCY":"HKD","IS_CNY_CODE":0,"DPS_HKD_LY":0.01,"ORG_TYPE":"一般企业","PREMIUM_INCOME":null,"PREMIUM_INCOME_YOY":null,"NET_INTEREST_INCOME":null,"NET_INTEREST_INCOME_YOY":null,"FEE_COMMISSION_INCOME":null,"FEE_COMMISSION_INCOME_YOY":null,"ACCOUNTS_RECE_TDAYS":0.370511004678,"INVENTORY_TDAYS":1.025015945007,"CURRENT_ASSETS_TDAYS":0.158952720935,"TOTAL_ASSETS_TDAYS":0.085664811179,"PREMIUM_EXPENSE":null,"LOAN_DEPOSIT":null,"LOAN_EQUITY":null,"LOAN_ASSETS":null,"DEPOSIT_EQUITY":null,"DEPOSIT_ASSETS":null,"EQUITY_MULTIPLIER":1.074026686613,"EQUITY_RATIO":0.074026686613},{"SECUCODE":"01335.HK","SECURITY_CODE":"01335","SECURITY_NAME_ABBR":"顺泰控股","ORG_CODE":"10269738","STD_REPORT_DATE":"2020-06-30 00:00:00","REPORT_DATE":"2020-06-30 00:00:00","DATE_TYPE_CODE":"002","REPORT_TYPE":"2020年中报","PER_NETCASH_OPERATE":0.028601756505,"PER_OI":0.011027088285,"BPS":0.284099223199,"BASIC_EPS":0.0011509344,"DILUTED_EPS":0.0011509344,"OPERATE_INCOME":26841434.4,"OPERATE_INCOME_YOY":-23.3537141474,"GROSS_PROFIT":16683068.16,"GROSS_PROFIT_YOY":-60.728553775348,"HOLDER_PROFIT":2812481.76,"HOLDER_PROFIT_YOY":1372.3140495868,"GROSS_PROFIT_RATIO":33.144324577007,"EPS_TTM":-0.016374727518,"OPERATE_INCOME_QOQ":-11.449582629632,"NET_PROFIT_RATIO":0.905177909,"ROE_AVG":0.404408167232,"GROSS_PROFIT_QOQ":10.250283585896,"ROA":0.306820452239,"HOLDER_PROFIT_QOQ":7.054804453408,"ROE_YEARLY":0.808816334465,"ROIC_YEARLY":0.783331997675,"TOTAL_ASSETS":934810842.24,"TOTAL_LIABILITIES":219512420.16,"TAX_EBT":103.022339027595,"OCF_SALES":46.271529088933,"TOTAL_PARENT_EQUITY":691536193.92,"DEBT_ASSET_RATIO":23.4820147822,"OPERATE_PROFIT":1237711.2,"PRETAX_PROFIT":695127.84,"NETCASH_OPERATE":69620569.92,"NETCASH_INVEST":-2361242.4,"NETCASH_FINANCE":10189423.2,"END_CASH":222264614.88,"DIVI_RATIO":null,"DIVIDEND_RATE":null,"CURRENT_RATIO":2.44633858139,"COMMON_ACS":8000000000,"CURRENTDEBT_DEBT":89.096348943466,"ISSUED_COMMON_SHARES":2434136166,"HK_COMMON_SHARES":2434136166,"PER_SHARES":2000,"TOTAL_MARKET_CAP":474656552.37,"HKSK_MARKET_CAP":474656552.37,"PE_TTM":-27.457427683809,"PB_TTM":0.672931898743,"REPORT_DATE_SQ":"2019-06-30 00:00:00","REPORT_TYPE_SQ":"2019年中报","OPERATE_INCOME_SQ":189045971.28,"DPS_HKD":null,"OPERATE_INCOME_QOQ_SQ":3.084787805562,"NET_PROFIT_RATIO_SQ":-0.1126063246,"HOLDER_PROFIT_SQ":-212877.72,"HOLDER_PROFIT_QOQ_SQ":-17.668093506999,"ROE_AVG_SQ":-0.02921782553,"PE_TTM_SQ":9.715047537534,"PB_TTM_SQ":0.157433275494,"ROA_SQ":-0.022018946302,"START_DATE":"2020-01-01 00:00:00","FISCAL_YEAR":"12-31","CURRENCY":"HKD","IS_CNY_CODE":0,"DPS_HKD_LY":0.01,"ORG_TYPE":"一般企业","PREMIUM_INCOME":null,"PREMIUM_INCOME_YOY":null,"NET_INTEREST_INCOME":null,"NET_INTEREST_INCOME_YOY":null,"FEE_COMMISSION_INCOME":null,"FEE_COMMISSION_INCOME_YOY":null,"ACCOUNTS_RECE_TDAYS":0.13413428949,"INVENTORY_TDAYS":1.583219517806,"CURRENT_ASSETS_TDAYS":0.331068845131,"TOTAL_ASSETS_TDAYS":0.164141468244,"PREMIUM_EXPENSE":null,"LOAN_DEPOSIT":null,"LOAN_EQUITY":null,"LOAN_ASSETS":null,"DEPOSIT_EQUITY":null,"DEPOSIT_ASSETS":null,"EQUITY_MULTIPLIER":1.306882293298,"EQUITY_RATIO":0.317427232428}],"count":29},"success":true,"message":"ok","code":0}