{"version":"9186c4f0bddbcefd5e2334035e6a2420","result":{"pages":5,"data":[{"SECUCODE":"01339.HK","SECURITY_CODE":"01339","SECURITY_NAME_ABBR":"中国人民保险集团","ORG_CODE":"10009971","STD_REPORT_DATE":"2024-09-30 00:00:00","REPORT_DATE":"2024-09-30 00:00:00","DATE_TYPE_CODE":"004","REPORT_TYPE":"2024年三季报","PER_NETCASH_OPERATE":1.831833783701,"PER_OI":10.618128165496,"BPS":6.052393654925,"BASIC_EPS":0.82,"DILUTED_EPS":0.82,"OPERATE_INCOME":469576000000,"OPERATE_INCOME_YOY":12.1605870101,"GROSS_PROFIT":null,"GROSS_PROFIT_YOY":null,"HOLDER_PROFIT":36331000000,"HOLDER_PROFIT_YOY":77.1984587621,"GROSS_PROFIT_RATIO":null,"EPS_TTM":0.862653946355,"OPERATE_INCOME_QOQ":68.235935653913,"NET_PROFIT_RATIO":10.3478457161,"ROE_AVG":14.24700401556,"GROSS_PROFIT_QOQ":null,"ROA":2.230135962116,"HOLDER_PROFIT_QOQ":51.786424763269,"ROE_YEARLY":18.99600535408,"ROIC_YEARLY":2.404434945213,"TOTAL_ASSETS":1701505000000,"TOTAL_LIABILITIES":1336282000000,"TAX_EBT":17.714895346474,"OCF_SALES":17.251946436786,"TOTAL_PARENT_EQUITY":267661000000,"DEBT_ASSET_RATIO":78.5352966932,"OPERATE_PROFIT":59032000000,"PRETAX_PROFIT":59052000000,"NETCASH_OPERATE":81011000000,"NETCASH_INVEST":-68623000000,"NETCASH_FINANCE":-17049000000,"END_CASH":23856000000,"DIVI_RATIO":0.251730002994,"DIVIDEND_RATE":5.97855675,"CURRENT_RATIO":null,"COMMON_ACS":null,"CURRENTDEBT_DEBT":null,"ISSUED_COMMON_SHARES":44223990583,"HK_COMMON_SHARES":8726234000,"PER_SHARES":1000,"TOTAL_MARKET_CAP":176895962332,"HKSK_MARKET_CAP":34904936000,"PE_TTM":4.154807657695,"PB_TTM":0.59598899306,"REPORT_DATE_SQ":"2023-09-30 00:00:00","REPORT_TYPE_SQ":"2023年三季报","OPERATE_INCOME_SQ":418664000000,"DPS_HKD":0.23914227,"OPERATE_INCOME_QOQ_SQ":2.641025474733,"NET_PROFIT_RATIO_SQ":6.5907266925,"HOLDER_PROFIT_SQ":20503000000,"HOLDER_PROFIT_QOQ_SQ":-20.772466539197,"ROE_AVG_SQ":8.826219938742,"PE_TTM_SQ":4.901007795011,"PB_TTM_SQ":0.428699058459,"ROA_SQ":1.359673991253,"START_DATE":"2024-01-01 00:00:00","FISCAL_YEAR":"12-31","CURRENCY":"HKD","IS_CNY_CODE":0,"DPS_HKD_LY":0.23914227,"ORG_TYPE":"保险","PREMIUM_INCOME":null,"PREMIUM_INCOME_YOY":null,"NET_INTEREST_INCOME":null,"NET_INTEREST_INCOME_YOY":null,"FEE_COMMISSION_INCOME":null,"FEE_COMMISSION_INCOME_YOY":null,"ACCOUNTS_RECE_TDAYS":null,"INVENTORY_TDAYS":null,"CURRENT_ASSETS_TDAYS":null,"TOTAL_ASSETS_TDAYS":0.274460612604,"PREMIUM_EXPENSE":null,"LOAN_DEPOSIT":null,"LOAN_EQUITY":null,"LOAN_ASSETS":null,"DEPOSIT_EQUITY":null,"DEPOSIT_ASSETS":null,"EQUITY_MULTIPLIER":4.658811192062,"EQUITY_RATIO":4.992441932146},{"SECUCODE":"01339.HK","SECURITY_CODE":"01339","SECURITY_NAME_ABBR":"中国人民保险集团","ORG_CODE":"10009971","STD_REPORT_DATE":"2024-06-30 00:00:00","REPORT_DATE":"2024-06-30 00:00:00","DATE_TYPE_CODE":"002","REPORT_TYPE":"2024年中报","PER_NETCASH_OPERATE":1.583846212805,"PER_OI":1.225669580819,"BPS":5.756694424086,"BASIC_EPS":0.53,"DILUTED_EPS":0.49,"OPERATE_INCOME":54204000000,"OPERATE_INCOME_YOY":12.1307405875,"GROSS_PROFIT":null,"GROSS_PROFIT_YOY":null,"HOLDER_PROFIT":23400000000,"HOLDER_PROFIT_YOY":13.6584418108,"GROSS_PROFIT_RATIO":null,"EPS_TTM":0.568334057344,"OPERATE_INCOME_QOQ":7.937805536027,"NET_PROFIT_RATIO":58.0934986348,"ROE_AVG":9.417654883195,"GROSS_PROFIT_QOQ":null,"ROA":1.459482975038,"HOLDER_PROFIT_QOQ":28.470660396647,"ROE_YEARLY":18.83530976639,"ROIC_YEARLY":3.159917126447,"TOTAL_ASSETS":1649933000000,"TOTAL_LIABILITIES":1301911000000,"TAX_EBT":13.367998239243,"OCF_SALES":129.22293557671,"TOTAL_PARENT_EQUITY":254584000000,"DEBT_ASSET_RATIO":78.9069010681,"OPERATE_PROFIT":32277000000,"PRETAX_PROFIT":36348000000,"NETCASH_OPERATE":70044000000,"NETCASH_INVEST":-44453000000,"NETCASH_FINANCE":-21759000000,"END_CASH":32542000000,"DIVI_RATIO":0.382091971602,"DIVIDEND_RATE":6.195395595855,"CURRENT_RATIO":null,"COMMON_ACS":null,"CURRENTDEBT_DEBT":null,"ISSUED_COMMON_SHARES":44223990583,"HK_COMMON_SHARES":8726234000,"PER_SHARES":1000,"TOTAL_MARKET_CAP":170704603650.38,"HKSK_MARKET_CAP":33683263240,"PE_TTM":4.009389389676,"PB_TTM":0.575129378303,"REPORT_DATE_SQ":"2023-06-30 00:00:00","REPORT_TYPE_SQ":"2023年中报","OPERATE_INCOME_SQ":48340000000,"DPS_HKD":0.23914227,"OPERATE_INCOME_QOQ_SQ":-1.458861573513,"NET_PROFIT_RATIO_SQ":57.4679354572,"HOLDER_PROFIT_SQ":20588000000,"HOLDER_PROFIT_QOQ_SQ":-19.898303008025,"ROE_AVG_SQ":8.799870062148,"PE_TTM_SQ":4.708054732216,"PB_TTM_SQ":0.411821142771,"ROA_SQ":1.371700254046,"START_DATE":"2024-01-01 00:00:00","FISCAL_YEAR":"12-31","CURRENCY":"HKD","IS_CNY_CODE":0,"DPS_HKD_LY":0.23914227,"ORG_TYPE":"保险","PREMIUM_INCOME":261629000000,"PREMIUM_INCOME_YOY":5.972440498372,"NET_INTEREST_INCOME":null,"NET_INTEREST_INCOME_YOY":null,"FEE_COMMISSION_INCOME":null,"FEE_COMMISSION_INCOME_YOY":null,"ACCOUNTS_RECE_TDAYS":null,"INVENTORY_TDAYS":null,"CURRENT_ASSETS_TDAYS":null,"TOTAL_ASSETS_TDAYS":0.033807613324,"PREMIUM_EXPENSE":null,"LOAN_DEPOSIT":null,"LOAN_EQUITY":null,"LOAN_ASSETS":null,"DEPOSIT_EQUITY":null,"DEPOSIT_ASSETS":null,"EQUITY_MULTIPLIER":4.740887070357,"EQUITY_RATIO":5.11387597021},{"SECUCODE":"01339.HK","SECURITY_CODE":"01339","SECURITY_NAME_ABBR":"中国人民保险集团","ORG_CODE":"10009971","STD_REPORT_DATE":"2024-03-31 00:00:00","REPORT_DATE":"2024-03-31 00:00:00","DATE_TYPE_CODE":"003","REPORT_TYPE":"2024年一季报","PER_NETCASH_OPERATE":0.749683589448,"PER_OI":3.138070494555,"BPS":5.5585892806,"BASIC_EPS":0.2,"DILUTED_EPS":0.2,"OPERATE_INCOME":138778000000,"OPERATE_INCOME_YOY":0.7323853697,"GROSS_PROFIT":null,"GROSS_PROFIT_YOY":null,"HOLDER_PROFIT":8963000000,"HOLDER_PROFIT_YOY":-23.5304154936,"GROSS_PROFIT_RATIO":null,"EPS_TTM":0.442384319961,"OPERATE_INCOME_QOQ":1.677361438973,"NET_PROFIT_RATIO":8.6922999323,"ROE_AVG":3.67202127093,"GROSS_PROFIT_QOQ":null,"ROA":0.572488854256,"HOLDER_PROFIT_QOQ":-12.355523698593,"ROE_YEARLY":14.68808508372,"ROIC_YEARLY":2.471429354324,"TOTAL_ASSETS":1574558000000,"TOTAL_LIABILITIES":1237579000000,"TAX_EBT":12.896237995523,"OCF_SALES":23.889953739065,"TOTAL_PARENT_EQUITY":245823000000,"DEBT_ASSET_RATIO":78.5985019288,"OPERATE_PROFIT":13845000000,"PRETAX_PROFIT":13849000000,"NETCASH_OPERATE":33154000000,"NETCASH_INVEST":5306000000,"NETCASH_FINANCE":-39576000000,"END_CASH":26725000000,"DIVI_RATIO":0.490876079239,"DIVIDEND_RATE":6.516138147139,"CURRENT_RATIO":null,"COMMON_ACS":null,"CURRENTDEBT_DEBT":null,"ISSUED_COMMON_SHARES":44223990583,"HK_COMMON_SHARES":8726234000,"PER_SHARES":1000,"TOTAL_MARKET_CAP":162302045439.61,"HKSK_MARKET_CAP":32025278780,"PE_TTM":3.812036025935,"PB_TTM":0.546819901132,"REPORT_DATE_SQ":"2023-03-31 00:00:00","REPORT_TYPE_SQ":"2023年一季报","OPERATE_INCOME_SQ":137769000000,"DPS_HKD":0.23914227,"OPERATE_INCOME_QOQ_SQ":1.651205394555,"NET_PROFIT_RATIO_SQ":11.649935762,"HOLDER_PROFIT_SQ":11721000000,"HOLDER_PROFIT_QOQ_SQ":33.374188013237,"ROE_AVG_SQ":5.015629713787,"PE_TTM_SQ":4.688759425936,"PB_TTM_SQ":0.410133351203,"ROA_SQ":0.792210772269,"START_DATE":"2024-01-01 00:00:00","FISCAL_YEAR":"12-31","CURRENCY":"HKD","IS_CNY_CODE":0,"DPS_HKD_LY":0.23914227,"ORG_TYPE":"保险","PREMIUM_INCOME":null,"PREMIUM_INCOME_YOY":null,"NET_INTEREST_INCOME":null,"NET_INTEREST_INCOME_YOY":null,"FEE_COMMISSION_INCOME":null,"FEE_COMMISSION_INCOME_YOY":null,"ACCOUNTS_RECE_TDAYS":null,"INVENTORY_TDAYS":null,"CURRENT_ASSETS_TDAYS":null,"TOTAL_ASSETS_TDAYS":0.084039549827,"PREMIUM_EXPENSE":null,"LOAN_DEPOSIT":null,"LOAN_EQUITY":null,"LOAN_ASSETS":null,"DEPOSIT_EQUITY":null,"DEPOSIT_ASSETS":null,"EQUITY_MULTIPLIER":4.672570100809,"EQUITY_RATIO":5.034431277789},{"SECUCODE":"01339.HK","SECURITY_CODE":"01339","SECURITY_NAME_ABBR":"中国人民保险集团","ORG_CODE":"10009971","STD_REPORT_DATE":"2023-12-31 00:00:00","REPORT_DATE":"2023-12-31 00:00:00","DATE_TYPE_CODE":"001","REPORT_TYPE":"2023年年报","PER_NETCASH_OPERATE":1.595265354165,"PER_OI":1.360211939425,"BPS":5.499413254974,"BASIC_EPS":0.5,"DILUTED_EPS":0.48,"OPERATE_INCOME":60154000000,"OPERATE_INCOME_YOY":-18.3754884933,"GROSS_PROFIT":null,"GROSS_PROFIT_YOY":null,"HOLDER_PROFIT":22322000000,"HOLDER_PROFIT_YOY":-12.055787566,"GROSS_PROFIT_RATIO":null,"EPS_TTM":0.504748660303,"OPERATE_INCOME_QOQ":-90.497854063694,"NET_PROFIT_RATIO":51.2202014829,"ROE_AVG":9.552399761211,"GROSS_PROFIT_QOQ":null,"ROA":1.456182267416,"HOLDER_PROFIT_QOQ":7.742060044406,"ROE_YEARLY":9.552399761211,"ROIC_YEARLY":1.578914607613,"TOTAL_ASSETS":1557159000000,"TOTAL_LIABILITIES":1225490000000,"TAX_EBT":8.183091456328,"OCF_SALES":117.280646341058,"TOTAL_PARENT_EQUITY":242355000000,"DEBT_ASSET_RATIO":78.614578957,"OPERATE_PROFIT":22079000000,"PRETAX_PROFIT":33557000000,"NETCASH_OPERATE":70549000000,"NETCASH_INVEST":-70927000000,"NETCASH_FINANCE":-11483000000,"END_CASH":28835000000,"DIVI_RATIO":0.430225768938,"DIVIDEND_RATE":6.195395595855,"CURRENT_RATIO":null,"COMMON_ACS":null,"CURRENTDEBT_DEBT":null,"ISSUED_COMMON_SHARES":44223990583,"HK_COMMON_SHARES":8726234000,"PER_SHARES":1000,"TOTAL_MARKET_CAP":170704603650.38,"HKSK_MARKET_CAP":33683263240,"PE_TTM":4.009389389676,"PB_TTM":0.575129378303,"REPORT_DATE_SQ":"2022-12-31 00:00:00","REPORT_TYPE_SQ":"2022年年报","OPERATE_INCOME_SQ":73696000000,"DPS_HKD":0.23914227,"OPERATE_INCOME_QOQ_SQ":-1.225433971102,"NET_PROFIT_RATIO_SQ":5.5913936583,"HOLDER_PROFIT_SQ":25382000000,"HOLDER_PROFIT_QOQ_SQ":1.161348983303,"ROE_AVG_SQ":11.100000680231,"PE_TTM_SQ":4.708054732216,"PB_TTM_SQ":0.411821142771,"ROA_SQ":1.696257796258,"START_DATE":"2023-01-01 00:00:00","FISCAL_YEAR":"12-31","CURRENCY":"HKD","IS_CNY_CODE":0,"DPS_HKD_LY":0.18202433,"ORG_TYPE":"保险","PREMIUM_INCOME":503900000000,"PREMIUM_INCOME_YOY":7.486742803998,"NET_INTEREST_INCOME":null,"NET_INTEREST_INCOME_YOY":null,"FEE_COMMISSION_INCOME":null,"FEE_COMMISSION_INCOME_YOY":null,"ACCOUNTS_RECE_TDAYS":null,"INVENTORY_TDAYS":null,"CURRENT_ASSETS_TDAYS":null,"TOTAL_ASSETS_TDAYS":0.020076162208,"PREMIUM_EXPENSE":null,"LOAN_DEPOSIT":null,"LOAN_EQUITY":null,"LOAN_ASSETS":null,"DEPOSIT_EQUITY":null,"DEPOSIT_ASSETS":null,"EQUITY_MULTIPLIER":4.676082822916,"EQUITY_RATIO":5.056590538673},{"SECUCODE":"01339.HK","SECURITY_CODE":"01339","SECURITY_NAME_ABBR":"中国人民保险集团","ORG_CODE":"10009971","STD_REPORT_DATE":"2023-09-30 00:00:00","REPORT_DATE":"2023-09-30 00:00:00","DATE_TYPE_CODE":"004","REPORT_TYPE":"2023年三季报","PER_NETCASH_OPERATE":1.44240714506,"PER_OI":9.466897819052,"BPS":5.436868017343,"BASIC_EPS":0.46,"DILUTED_EPS":0.45,"OPERATE_INCOME":418664000000,"OPERATE_INCOME_YOY":4.3167995136,"GROSS_PROFIT":null,"GROSS_PROFIT_YOY":null,"HOLDER_PROFIT":20503000000,"HOLDER_PROFIT_YOY":-15.4933641085,"GROSS_PROFIT_RATIO":null,"EPS_TTM":0.468478753882,"OPERATE_INCOME_QOQ":2.641025474733,"NET_PROFIT_RATIO":6.5907266925,"ROE_AVG":8.826219938742,"GROSS_PROFIT_QOQ":null,"ROA":1.359673991253,"HOLDER_PROFIT_QOQ":-20.772466539197,"ROE_YEARLY":11.768293251656,"ROIC_YEARLY":1.469271459063,"TOTAL_ASSETS":1506727000000,"TOTAL_LIABILITIES":1181027000000,"TAX_EBT":8.894905404959,"OCF_SALES":15.236323161294,"TOTAL_PARENT_EQUITY":240440000000,"DEBT_ASSET_RATIO":78.383608975,"OPERATE_PROFIT":30187000000,"PRETAX_PROFIT":30287000000,"NETCASH_OPERATE":63789000000,"NETCASH_INVEST":-51335000000,"NETCASH_FINANCE":-27157000000,"END_CASH":25978000000,"DIVI_RATIO":0.463534106296,"DIVIDEND_RATE":6.516138147139,"CURRENT_RATIO":null,"COMMON_ACS":null,"CURRENTDEBT_DEBT":null,"ISSUED_COMMON_SHARES":44223990583,"HK_COMMON_SHARES":8726234000,"PER_SHARES":1000,"TOTAL_MARKET_CAP":162302045439.61,"HKSK_MARKET_CAP":32025278780,"PE_TTM":3.812036025935,"PB_TTM":0.546819901132,"REPORT_DATE_SQ":"2022-09-30 00:00:00","REPORT_TYPE_SQ":"2022年三季报","OPERATE_INCOME_SQ":401339000000,"DPS_HKD":0.23914227,"OPERATE_INCOME_QOQ_SQ":1.064845663851,"NET_PROFIT_RATIO_SQ":6.8699309414,"HOLDER_PROFIT_SQ":24262000000,"HOLDER_PROFIT_QOQ_SQ":7.676560900716,"ROE_AVG_SQ":10.672099239849,"PE_TTM_SQ":4.688759425936,"PB_TTM_SQ":0.410133351203,"ROA_SQ":1.633118063419,"START_DATE":"2023-01-01 00:00:00","FISCAL_YEAR":"12-31","CURRENCY":"HKD","IS_CNY_CODE":0,"DPS_HKD_LY":0.18202433,"ORG_TYPE":"保险","PREMIUM_INCOME":null,"PREMIUM_INCOME_YOY":null,"NET_INTEREST_INCOME":null,"NET_INTEREST_INCOME_YOY":null,"FEE_COMMISSION_INCOME":null,"FEE_COMMISSION_INCOME_YOY":null,"ACCOUNTS_RECE_TDAYS":null,"INVENTORY_TDAYS":null,"CURRENT_ASSETS_TDAYS":null,"TOTAL_ASSETS_TDAYS":0.263101526259,"PREMIUM_EXPENSE":null,"LOAN_DEPOSIT":null,"LOAN_EQUITY":null,"LOAN_ASSETS":null,"DEPOSIT_EQUITY":null,"DEPOSIT_ASSETS":null,"EQUITY_MULTIPLIER":4.626119128043,"EQUITY_RATIO":4.911940608884},{"SECUCODE":"01339.HK","SECURITY_CODE":"01339","SECURITY_NAME_ABBR":"中国人民保险集团","ORG_CODE":"10009971","STD_REPORT_DATE":"2023-06-30 00:00:00","REPORT_DATE":"2023-06-30 00:00:00","DATE_TYPE_CODE":"002","REPORT_TYPE":"2023年中报","PER_NETCASH_OPERATE":1.354943305886,"PER_OI":1.093071868068,"BPS":5.512008228713,"BASIC_EPS":0.47,"DILUTED_EPS":0.43,"OPERATE_INCOME":48340000000,"OPERATE_INCOME_YOY":2.190089633,"GROSS_PROFIT":null,"GROSS_PROFIT_YOY":null,"HOLDER_PROFIT":20588000000,"HOLDER_PROFIT_YOY":8.8448321438,"GROSS_PROFIT_RATIO":null,"EPS_TTM":0.591308013032,"OPERATE_INCOME_QOQ":-1.458861573513,"NET_PROFIT_RATIO":57.4679354572,"ROE_AVG":8.799870062148,"GROSS_PROFIT_QOQ":null,"ROA":1.371700254046,"HOLDER_PROFIT_QOQ":-19.898303008025,"ROE_YEARLY":17.599740124296,"ROIC_YEARLY":2.97899416985,"TOTAL_ASSETS":1492679000000,"TOTAL_LIABILITIES":1162457000000,"TAX_EBT":13.184787024595,"OCF_SALES":123.95738518825,"TOTAL_PARENT_EQUITY":243763000000,"DEBT_ASSET_RATIO":77.8772261149,"OPERATE_PROFIT":26165000000,"PRETAX_PROFIT":31999000000,"NETCASH_OPERATE":59921000000,"NETCASH_INVEST":-40901000000,"NETCASH_FINANCE":-28715000000,"END_CASH":31159000000,"DIVI_RATIO":0.367246639168,"DIVIDEND_RATE":6.195395595855,"CURRENT_RATIO":null,"COMMON_ACS":null,"CURRENTDEBT_DEBT":null,"ISSUED_COMMON_SHARES":44223990583,"HK_COMMON_SHARES":8726234000,"PER_SHARES":1000,"TOTAL_MARKET_CAP":170704603650.38,"HKSK_MARKET_CAP":33683263240,"PE_TTM":4.009389389676,"PB_TTM":0.575129378303,"REPORT_DATE_SQ":"2022-06-30 00:00:00","REPORT_TYPE_SQ":"2022年中报","OPERATE_INCOME_SQ":47304000000,"DPS_HKD":0.23914227,"OPERATE_INCOME_QOQ_SQ":1.046997765444,"NET_PROFIT_RATIO_SQ":7.4094536159,"HOLDER_PROFIT_SQ":18915000000,"HOLDER_PROFIT_QOQ_SQ":11.319726543149,"ROE_AVG_SQ":8.096706885603,"PE_TTM_SQ":4.708054732216,"PB_TTM_SQ":0.411821142771,"ROA_SQ":1.241861372789,"START_DATE":"2023-01-01 00:00:00","FISCAL_YEAR":"12-31","CURRENCY":"HKD","IS_CNY_CODE":0,"DPS_HKD_LY":0.18202433,"ORG_TYPE":"保险","PREMIUM_INCOME":246884000000,"PREMIUM_INCOME_YOY":8.379427206799,"NET_INTEREST_INCOME":null,"NET_INTEREST_INCOME_YOY":null,"FEE_COMMISSION_INCOME":null,"FEE_COMMISSION_INCOME_YOY":null,"ACCOUNTS_RECE_TDAYS":null,"INVENTORY_TDAYS":null,"CURRENT_ASSETS_TDAYS":null,"TOTAL_ASSETS_TDAYS":0.032207106217,"PREMIUM_EXPENSE":null,"LOAN_DEPOSIT":null,"LOAN_EQUITY":null,"LOAN_ASSETS":null,"DEPOSIT_EQUITY":null,"DEPOSIT_ASSETS":null,"EQUITY_MULTIPLIER":4.520228815761,"EQUITY_RATIO":4.768800022973},{"SECUCODE":"01339.HK","SECURITY_CODE":"01339","SECURITY_NAME_ABBR":"中国人民保险集团","ORG_CODE":"10009971","STD_REPORT_DATE":"2023-03-31 00:00:00","REPORT_DATE":"2023-03-31 00:00:00","DATE_TYPE_CODE":"003","REPORT_TYPE":"2023年一季报","PER_NETCASH_OPERATE":0.931914995836,"PER_OI":3.115254823995,"BPS":5.499865498196,"BASIC_EPS":0.27,"DILUTED_EPS":0.26,"OPERATE_INCOME":137769000000,"OPERATE_INCOME_YOY":7.9677434523,"GROSS_PROFIT":null,"GROSS_PROFIT_YOY":null,"HOLDER_PROFIT":11721000000,"HOLDER_PROFIT_YOY":229.9831081081,"GROSS_PROFIT_RATIO":null,"EPS_TTM":0.738196611605,"OPERATE_INCOME_QOQ":1.651205394555,"NET_PROFIT_RATIO":11.649935762,"ROE_AVG":5.015629713787,"GROSS_PROFIT_QOQ":null,"ROA":0.792210772269,"HOLDER_PROFIT_QOQ":33.374188013237,"ROE_YEARLY":20.062518855148,"ROIC_YEARLY":3.428187858611,"TOTAL_ASSETS":1449918000000,"TOTAL_LIABILITIES":1119675000000,"TAX_EBT":13.500404203719,"OCF_SALES":29.914567137745,"TOTAL_PARENT_EQUITY":243226000000,"DEBT_ASSET_RATIO":77.2233326298,"OPERATE_PROFIT":18514000000,"PRETAX_PROFIT":18555000000,"NETCASH_OPERATE":41213000000,"NETCASH_INVEST":-4672000000,"NETCASH_FINANCE":-46338000000,"END_CASH":30785000000,"DIVI_RATIO":0.294170790119,"DIVIDEND_RATE":6.516138147139,"CURRENT_RATIO":null,"COMMON_ACS":null,"CURRENTDEBT_DEBT":null,"ISSUED_COMMON_SHARES":44223990583,"HK_COMMON_SHARES":8726234000,"PER_SHARES":1000,"TOTAL_MARKET_CAP":162302045439.61,"HKSK_MARKET_CAP":32025278780,"PE_TTM":3.812036025935,"PB_TTM":0.546819901132,"REPORT_DATE_SQ":"2022-03-31 00:00:00","REPORT_TYPE_SQ":"2022年一季报","OPERATE_INCOME_SQ":127602000000,"DPS_HKD":0.23914227,"OPERATE_INCOME_QOQ_SQ":2.658230828481,"NET_PROFIT_RATIO_SQ":6.4979321404,"HOLDER_PROFIT_SQ":3552000000,"HOLDER_PROFIT_QOQ_SQ":-6.006705159248,"ROE_AVG_SQ":4.036403335665,"PE_TTM_SQ":4.688759425936,"PB_TTM_SQ":0.410133351203,"ROA_SQ":0.620323101502,"START_DATE":"2023-01-01 00:00:00","FISCAL_YEAR":"12-31","CURRENCY":"HKD","IS_CNY_CODE":0,"DPS_HKD_LY":0.18202433,"ORG_TYPE":"保险","PREMIUM_INCOME":null,"PREMIUM_INCOME_YOY":null,"NET_INTEREST_INCOME":null,"NET_INTEREST_INCOME_YOY":null,"FEE_COMMISSION_INCOME":null,"FEE_COMMISSION_INCOME_YOY":null,"ACCOUNTS_RECE_TDAYS":null,"INVENTORY_TDAYS":null,"CURRENT_ASSETS_TDAYS":null,"TOTAL_ASSETS_TDAYS":0.088250968804,"PREMIUM_EXPENSE":null,"LOAN_DEPOSIT":null,"LOAN_EQUITY":null,"LOAN_ASSETS":null,"DEPOSIT_EQUITY":null,"DEPOSIT_ASSETS":null,"EQUITY_MULTIPLIER":4.390457935511,"EQUITY_RATIO":4.603434665702},{"SECUCODE":"01339.HK","SECURITY_CODE":"01339","SECURITY_NAME_ABBR":"中国人民保险集团","ORG_CODE":"10009971","STD_REPORT_DATE":"2022-12-31 00:00:00","REPORT_DATE":"2022-12-31 00:00:00","DATE_TYPE_CODE":"001","REPORT_TYPE":"2022年年报","PER_NETCASH_OPERATE":1.620183955709,"PER_OI":1.666425825179,"BPS":5.014721581576,"BASIC_EPS":0.57,"DILUTED_EPS":0.56,"OPERATE_INCOME":73696000000,"OPERATE_INCOME_YOY":3.552940939,"GROSS_PROFIT":null,"GROSS_PROFIT_YOY":null,"HOLDER_PROFIT":25382000000,"HOLDER_PROFIT_YOY":13.9737381263,"GROSS_PROFIT_RATIO":null,"EPS_TTM":0.553477867495,"OPERATE_INCOME_QOQ":-1.225433971102,"NET_PROFIT_RATIO":5.5913936583,"ROE_AVG":11.100000680231,"GROSS_PROFIT_QOQ":null,"ROA":1.696257796258,"HOLDER_PROFIT_QOQ":1.161348983303,"ROE_YEARLY":11.100000680231,"ROIC_YEARLY":1.843629321818,"TOTAL_ASSETS":1416287000000,"TOTAL_LIABILITIES":1111394000000,"TAX_EBT":17.018985415643,"OCF_SALES":11.636718572366,"TOTAL_PARENT_EQUITY":224153000000,"DEBT_ASSET_RATIO":80.058019684,"OPERATE_PROFIT":31595000000,"PRETAX_PROFIT":42717000000,"NETCASH_OPERATE":71121000000,"NETCASH_INVEST":-72755000000,"NETCASH_FINANCE":8557000000,"END_CASH":40599000000,"DIVI_RATIO":0.392347902694,"DIVIDEND_RATE":6.195395595855,"CURRENT_RATIO":null,"COMMON_ACS":null,"CURRENTDEBT_DEBT":null,"ISSUED_COMMON_SHARES":44223990583,"HK_COMMON_SHARES":8726234000,"PER_SHARES":1000,"TOTAL_MARKET_CAP":170704603650.38,"HKSK_MARKET_CAP":33683263240,"PE_TTM":4.009389389676,"PB_TTM":0.575129378303,"REPORT_DATE_SQ":"2021-12-31 00:00:00","REPORT_TYPE_SQ":"2021年年报","OPERATE_INCOME_SQ":594606000000,"DPS_HKD":0.23914227,"OPERATE_INCOME_QOQ_SQ":2.297806451613,"NET_PROFIT_RATIO_SQ":5.1075838454,"HOLDER_PROFIT_SQ":21476000000,"HOLDER_PROFIT_QOQ_SQ":-2.713476783692,"ROE_AVG_SQ":10.184570442172,"PE_TTM_SQ":4.708054732216,"PB_TTM_SQ":0.411821142771,"ROA_SQ":1.631344047163,"START_DATE":"2022-01-01 00:00:00","FISCAL_YEAR":"12-31","CURRENCY":"HKD","IS_CNY_CODE":0,"DPS_HKD_LY":0.17160788,"ORG_TYPE":"保险","PREMIUM_INCOME":468802000000,"PREMIUM_INCOME_YOY":-19.921082973908,"NET_INTEREST_INCOME":null,"NET_INTEREST_INCOME_YOY":null,"FEE_COMMISSION_INCOME":null,"FEE_COMMISSION_INCOME_YOY":null,"ACCOUNTS_RECE_TDAYS":null,"INVENTORY_TDAYS":null,"CURRENT_ASSETS_TDAYS":null,"TOTAL_ASSETS_TDAYS":0.426702702703,"PREMIUM_EXPENSE":null,"LOAN_DEPOSIT":null,"LOAN_EQUITY":null,"LOAN_ASSETS":null,"DEPOSIT_EQUITY":null,"DEPOSIT_ASSETS":null,"EQUITY_MULTIPLIER":5.014547121971,"EQUITY_RATIO":4.958193733744},{"SECUCODE":"01339.HK","SECURITY_CODE":"01339","SECURITY_NAME_ABBR":"中国人民保险集团","ORG_CODE":"10009971","STD_REPORT_DATE":"2022-09-30 00:00:00","REPORT_DATE":"2022-09-30 00:00:00","DATE_TYPE_CODE":"004","REPORT_TYPE":"2022年三季报","PER_NETCASH_OPERATE":1.186482705615,"PER_OI":9.075142127818,"BPS":4.998440825577,"BASIC_EPS":0.55,"DILUTED_EPS":0.54,"OPERATE_INCOME":401339000000,"OPERATE_INCOME_YOY":6.3539572795,"GROSS_PROFIT":null,"GROSS_PROFIT_YOY":null,"HOLDER_PROFIT":24262000000,"HOLDER_PROFIT_YOY":13.0926594465,"GROSS_PROFIT_RATIO":null,"EPS_TTM":0.547123850223,"OPERATE_INCOME_QOQ":1.064845663851,"NET_PROFIT_RATIO":6.8699309414,"ROE_AVG":10.672099239849,"GROSS_PROFIT_QOQ":null,"ROA":1.633118063419,"HOLDER_PROFIT_QOQ":7.676560900716,"ROE_YEARLY":14.229465653131,"ROIC_YEARLY":1.761268143048,"TOTAL_ASSETS":1500461000000,"TOTAL_LIABILITIES":1200653000000,"TAX_EBT":16.876599339147,"OCF_SALES":10.897969780362,"TOTAL_PARENT_EQUITY":221051000000,"DEBT_ASSET_RATIO":80.0189408455,"OPERATE_PROFIT":40118000000,"PRETAX_PROFIT":40251000000,"NETCASH_OPERATE":52179000000,"NETCASH_INVEST":-47072000000,"NETCASH_FINANCE":-12758000000,"END_CASH":26833000000,"DIVI_RATIO":0.396904431073,"DIVIDEND_RATE":6.195395595855,"CURRENT_RATIO":null,"COMMON_ACS":null,"CURRENTDEBT_DEBT":null,"ISSUED_COMMON_SHARES":44223990583,"HK_COMMON_SHARES":8726234000,"PER_SHARES":1000,"TOTAL_MARKET_CAP":170704603650.38,"HKSK_MARKET_CAP":33683263240,"PE_TTM":4.009389389676,"PB_TTM":0.575129378303,"REPORT_DATE_SQ":"2021-09-30 00:00:00","REPORT_TYPE_SQ":"2021年三季报","OPERATE_INCOME_SQ":452710000000,"DPS_HKD":0.23914227,"OPERATE_INCOME_QOQ_SQ":-0.867251656476,"NET_PROFIT_RATIO_SQ":6.3473305206,"HOLDER_PROFIT_SQ":20775000000,"HOLDER_PROFIT_QOQ_SQ":-9.100267654931,"ROE_AVG_SQ":9.974625321385,"PE_TTM_SQ":4.708054732216,"PB_TTM_SQ":0.411821142771,"ROA_SQ":1.588908311004,"START_DATE":"2022-01-01 00:00:00","FISCAL_YEAR":"12-31","CURRENCY":"HKD","IS_CNY_CODE":0,"DPS_HKD_LY":0.17160788,"ORG_TYPE":"保险","PREMIUM_INCOME":null,"PREMIUM_INCOME_YOY":null,"NET_INTEREST_INCOME":null,"NET_INTEREST_INCOME_YOY":null,"FEE_COMMISSION_INCOME":null,"FEE_COMMISSION_INCOME_YOY":null,"ACCOUNTS_RECE_TDAYS":null,"INVENTORY_TDAYS":null,"CURRENT_ASSETS_TDAYS":null,"TOTAL_ASSETS_TDAYS":0.334669299674,"PREMIUM_EXPENSE":null,"LOAN_DEPOSIT":null,"LOAN_EQUITY":null,"LOAN_ASSETS":null,"DEPOSIT_EQUITY":null,"DEPOSIT_ASSETS":null,"EQUITY_MULTIPLIER":5.004739700071,"EQUITY_RATIO":5.431565566317}],"count":43},"success":true,"message":"ok","code":0}