{"version":"f17c50041ee171f2f29a4fdd45637bbb","result":{"pages":6,"data":[{"SECUCODE":"01336.HK","SECURITY_CODE":"01336","SECURITY_NAME_ABBR":"新华保险","ORG_CODE":"10009978","STD_REPORT_DATE":"2024-09-30 00:00:00","REPORT_DATE":"2024-09-30 00:00:00","DATE_TYPE_CODE":"004","REPORT_TYPE":"2024年三季报","PER_NETCASH_OPERATE":28.461828395191,"PER_OI":34.285751653782,"BPS":29.183407614427,"BASIC_EPS":6.63,"DILUTED_EPS":6.63,"OPERATE_INCOME":106956000000,"OPERATE_INCOME_YOY":72.9140732358,"GROSS_PROFIT":null,"GROSS_PROFIT_YOY":null,"HOLDER_PROFIT":20680000000,"HOLDER_PROFIT_YOY":116.7260532383,"GROSS_PROFIT_RATIO":null,"EPS_TTM":6.363104176742,"OPERATE_INCOME_QOQ":77.262510602205,"NET_PROFIT_RATIO":19.3378585587,"ROE_AVG":21.090634656767,"GROSS_PROFIT_QOQ":null,"ROA":1.347106213267,"HOLDER_PROFIT_QOQ":102.200264846695,"ROE_YEARLY":28.120846209023,"ROIC_YEARLY":1.367283123144,"TOTAL_ASSETS":1667028000000,"TOTAL_LIABILITIES":1575961000000,"TAX_EBT":11.159314462437,"OCF_SALES":83.013575675979,"TOTAL_PARENT_EQUITY":91039000000,"DEBT_ASSET_RATIO":94.5371643428,"OPERATE_PROFIT":23316000000,"PRETAX_PROFIT":23281000000,"NETCASH_OPERATE":88788000000,"NETCASH_INVEST":-167357000000,"NETCASH_FINANCE":80177000000,"END_CASH":23447000000,"DIVI_RATIO":0.217234470965,"DIVIDEND_RATE":5.918788132296,"CURRENT_RATIO":null,"COMMON_ACS":null,"CURRENTDEBT_DEBT":null,"ISSUED_COMMON_SHARES":3119546600,"HK_COMMON_SHARES":1034107260,"PER_SHARES":100,"TOTAL_MARKET_CAP":80172347620,"HKSK_MARKET_CAP":26576556582,"PE_TTM":3.619976483931,"PB_TTM":0.79414999462,"REPORT_DATE_SQ":"2023-09-30 00:00:00","REPORT_TYPE_SQ":"2023年三季报","OPERATE_INCOME_SQ":61855000000,"DPS_HKD":1.52112855,"OPERATE_INCOME_QOQ_SQ":-5.75681544029,"NET_PROFIT_RATIO_SQ":15.429633821,"HOLDER_PROFIT_SQ":9542000000,"HOLDER_PROFIT_QOQ_SQ":-23.920829406221,"ROE_AVG_SQ":9.251188877632,"PE_TTM_SQ":5.147299411455,"PB_TTM_SQ":0.388507887717,"ROA_SQ":0.728558786723,"START_DATE":"2024-01-01 00:00:00","FISCAL_YEAR":"12-31","CURRENCY":"HKD","IS_CNY_CODE":0,"DPS_HKD_LY":1.52112855,"ORG_TYPE":"保险","PREMIUM_INCOME":null,"PREMIUM_INCOME_YOY":null,"NET_INTEREST_INCOME":null,"NET_INTEREST_INCOME_YOY":null,"FEE_COMMISSION_INCOME":null,"FEE_COMMISSION_INCOME_YOY":null,"ACCOUNTS_RECE_TDAYS":null,"INVENTORY_TDAYS":null,"CURRENT_ASSETS_TDAYS":null,"TOTAL_ASSETS_TDAYS":0.054355865986,"PREMIUM_EXPENSE":null,"LOAN_DEPOSIT":null,"LOAN_EQUITY":null,"LOAN_ASSETS":null,"DEPOSIT_EQUITY":null,"DEPOSIT_ASSETS":null,"EQUITY_MULTIPLIER":18.305511326924,"EQUITY_RATIO":17.310833818473},{"SECUCODE":"01336.HK","SECURITY_CODE":"01336","SECURITY_NAME_ABBR":"新华保险","ORG_CODE":"10009978","STD_REPORT_DATE":"2024-06-30 00:00:00","REPORT_DATE":"2024-06-30 00:00:00","DATE_TYPE_CODE":"002","REPORT_TYPE":"2024年中报","PER_NETCASH_OPERATE":19.588423522829,"PER_OI":12.767881076051,"BPS":28.858360378396,"BASIC_EPS":3.55,"DILUTED_EPS":3.55,"OPERATE_INCOME":39830000000,"OPERATE_INCOME_YOY":27.7995251235,"GROSS_PROFIT":null,"GROSS_PROFIT_YOY":null,"HOLDER_PROFIT":11083000000,"HOLDER_PROFIT_YOY":11.0743635999,"GROSS_PROFIT_RATIO":null,"EPS_TTM":3.146931672699,"OPERATE_INCOME_QOQ":31.109257714762,"NET_PROFIT_RATIO":27.8307808185,"ROE_AVG":11.361819039223,"GROSS_PROFIT_QOQ":null,"ROA":0.764887897994,"HOLDER_PROFIT_QOQ":45.71767849191,"ROE_YEARLY":22.723638078445,"ROIC_YEARLY":1.555448737066,"TOTAL_ASSETS":1494684000000,"TOTAL_LIABILITIES":1404632000000,"TAX_EBT":7.067404426559,"OCF_SALES":153.419533015315,"TOTAL_PARENT_EQUITY":90025000000,"DEBT_ASSET_RATIO":93.9751813761,"OPERATE_PROFIT":12875000000,"PRETAX_PROFIT":11928000000,"NETCASH_OPERATE":61107000000,"NETCASH_INVEST":-32019000000,"NETCASH_FINANCE":-24961000000,"END_CASH":25991000000,"DIVI_RATIO":0.43924867563,"DIVIDEND_RATE":6.012365810277,"CURRENT_RATIO":null,"COMMON_ACS":null,"CURRENTDEBT_DEBT":null,"ISSUED_COMMON_SHARES":3119546600,"HK_COMMON_SHARES":1034107260,"PER_SHARES":100,"TOTAL_MARKET_CAP":78924528980,"HKSK_MARKET_CAP":26162913678,"PE_TTM":3.563634437489,"PB_TTM":0.78178968342,"REPORT_DATE_SQ":"2023-06-30 00:00:00","REPORT_TYPE_SQ":"2023年中报","OPERATE_INCOME_SQ":31166000000,"DPS_HKD":1.52112855,"OPERATE_INCOME_QOQ_SQ":-3.058169775666,"NET_PROFIT_RATIO_SQ":32.0220753385,"HOLDER_PROFIT_SQ":9978000000,"HOLDER_PROFIT_QOQ_SQ":-21.517863747319,"ROE_AVG_SQ":9.491061109764,"PE_TTM_SQ":5.287361980474,"PB_TTM_SQ":0.39907953092,"ROA_SQ":0.778247445717,"START_DATE":"2024-01-01 00:00:00","FISCAL_YEAR":"12-31","CURRENCY":"HKD","IS_CNY_CODE":0,"DPS_HKD_LY":1.52112855,"ORG_TYPE":"保险","PREMIUM_INCOME":23421000000,"PREMIUM_INCOME_YOY":-11.92795096454,"NET_INTEREST_INCOME":null,"NET_INTEREST_INCOME_YOY":null,"FEE_COMMISSION_INCOME":null,"FEE_COMMISSION_INCOME_YOY":null,"ACCOUNTS_RECE_TDAYS":null,"INVENTORY_TDAYS":null,"CURRENT_ASSETS_TDAYS":null,"TOTAL_ASSETS_TDAYS":0.016588329438,"PREMIUM_EXPENSE":null,"LOAN_DEPOSIT":null,"LOAN_EQUITY":null,"LOAN_ASSETS":null,"DEPOSIT_EQUITY":null,"DEPOSIT_ASSETS":null,"EQUITY_MULTIPLIER":16.598010038561,"EQUITY_RATIO":15.602688142183},{"SECUCODE":"01336.HK","SECURITY_CODE":"01336","SECURITY_NAME_ABBR":"新华保险","ORG_CODE":"10009978","STD_REPORT_DATE":"2024-03-31 00:00:00","REPORT_DATE":"2024-03-31 00:00:00","DATE_TYPE_CODE":"003","REPORT_TYPE":"2024年一季报","PER_NETCASH_OPERATE":12.07162604976,"PER_OI":8.488092468309,"BPS":30.133225129575,"BASIC_EPS":1.58,"DILUTED_EPS":1.58,"OPERATE_INCOME":26479000000,"OPERATE_INCOME_YOY":-8.7088433029,"GROSS_PROFIT":null,"GROSS_PROFIT_YOY":null,"HOLDER_PROFIT":4942000000,"HOLDER_PROFIT_YOY":-28.5528408269,"GROSS_PROFIT_RATIO":null,"EPS_TTM":2.15960870724,"OPERATE_INCOME_QOQ":-6.561720698254,"NET_PROFIT_RATIO":18.6676233997,"ROE_AVG":4.965112599149,"GROSS_PROFIT_QOQ":null,"ROA":0.34890596236,"HOLDER_PROFIT_QOQ":-22.669880624426,"ROE_YEARLY":19.860450396596,"ROIC_YEARLY":1.419277344584,"TOTAL_ASSETS":1429598000000,"TOTAL_LIABILITIES":1335570000000,"TAX_EBT":3.870089459354,"OCF_SALES":142.218361720609,"TOTAL_PARENT_EQUITY":94002000000,"DEBT_ASSET_RATIO":93.4227664001,"OPERATE_PROFIT":5153000000,"PRETAX_PROFIT":5142000000,"NETCASH_OPERATE":37658000000,"NETCASH_INVEST":8262000000,"NETCASH_FINANCE":-42439000000,"END_CASH":25355000000,"DIVI_RATIO":0.640062972935,"DIVIDEND_RATE":6.851930405405,"CURRENT_RATIO":null,"COMMON_ACS":null,"CURRENTDEBT_DEBT":null,"ISSUED_COMMON_SHARES":3119546600,"HK_COMMON_SHARES":1034107260,"PER_SHARES":100,"TOTAL_MARKET_CAP":69253934520,"HKSK_MARKET_CAP":22957181172,"PE_TTM":3.126983577559,"PB_TTM":0.685997271618,"REPORT_DATE_SQ":"2023-03-31 00:00:00","REPORT_TYPE_SQ":"2023年一季报","OPERATE_INCOME_SQ":29005000000,"DPS_HKD":1.52112855,"OPERATE_INCOME_QOQ_SQ":2.056033721435,"NET_PROFIT_RATIO_SQ":23.851060162,"HOLDER_PROFIT_SQ":6917000000,"HOLDER_PROFIT_QOQ_SQ":37.639991855019,"ROE_AVG_SQ":6.300295568297,"PE_TTM_SQ":4.909193044123,"PB_TTM_SQ":0.370536094272,"ROA_SQ":0.544976087864,"START_DATE":"2024-01-01 00:00:00","FISCAL_YEAR":"12-31","CURRENCY":"HKD","IS_CNY_CODE":0,"DPS_HKD_LY":1.52112855,"ORG_TYPE":"保险","PREMIUM_INCOME":null,"PREMIUM_INCOME_YOY":null,"NET_INTEREST_INCOME":null,"NET_INTEREST_INCOME_YOY":null,"FEE_COMMISSION_INCOME":null,"FEE_COMMISSION_INCOME_YOY":null,"ACCOUNTS_RECE_TDAYS":null,"INVENTORY_TDAYS":null,"CURRENT_ASSETS_TDAYS":null,"TOTAL_ASSETS_TDAYS":0.012917710225,"PREMIUM_EXPENSE":null,"LOAN_DEPOSIT":null,"LOAN_EQUITY":null,"LOAN_ASSETS":null,"DEPOSIT_EQUITY":null,"DEPOSIT_ASSETS":null,"EQUITY_MULTIPLIER":15.203960522479,"EQUITY_RATIO":14.207889193847},{"SECUCODE":"01336.HK","SECURITY_CODE":"01336","SECURITY_NAME_ABBR":"新华保险","ORG_CODE":"10009978","STD_REPORT_DATE":"2023-12-31 00:00:00","REPORT_DATE":"2023-12-31 00:00:00","DATE_TYPE_CODE":"001","REPORT_TYPE":"2023年年报","PER_NETCASH_OPERATE":29.346572351251,"PER_OI":12.340254830622,"BPS":33.680214938927,"BASIC_EPS":2.79,"DILUTED_EPS":2.79,"OPERATE_INCOME":38496000000,"OPERATE_INCOME_YOY":-48.8771729459,"GROSS_PROFIT":null,"GROSS_PROFIT_YOY":null,"HOLDER_PROFIT":8712000000,"HOLDER_PROFIT_YOY":-59.4790697674,"GROSS_PROFIT_RATIO":null,"EPS_TTM":2.79271353087,"OPERATE_INCOME_QOQ":-80.290703925373,"NET_PROFIT_RATIO":22.6413133832,"ROE_AVG":8.581475753785,"GROSS_PROFIT_QOQ":null,"ROA":0.655456248183,"HOLDER_PROFIT_QOQ":7.92864222002,"ROE_YEARLY":8.581475753785,"ROIC_YEARLY":0.665322326597,"TOTAL_ASSETS":1403257000000,"TOTAL_LIABILITIES":1298165000000,"TAX_EBT":-58.04170444243,"OCF_SALES":237.811720698254,"TOTAL_PARENT_EQUITY":105067000000,"DEBT_ASSET_RATIO":92.5108515404,"OPERATE_PROFIT":8240000000,"PRETAX_PROFIT":5515000000,"NETCASH_OPERATE":91548000000,"NETCASH_INVEST":-156649000000,"NETCASH_FINANCE":69286000000,"END_CASH":21788000000,"DIVI_RATIO":0.494961461049,"DIVIDEND_RATE":6.012365810277,"CURRENT_RATIO":null,"COMMON_ACS":null,"CURRENTDEBT_DEBT":null,"ISSUED_COMMON_SHARES":3119546600,"HK_COMMON_SHARES":1034107260,"PER_SHARES":100,"TOTAL_MARKET_CAP":78924528980,"HKSK_MARKET_CAP":26162913678,"PE_TTM":3.563634437489,"PB_TTM":0.78178968342,"REPORT_DATE_SQ":"2022-12-31 00:00:00","REPORT_TYPE_SQ":"2022年年报","OPERATE_INCOME_SQ":75301000000,"DPS_HKD":1.52112855,"OPERATE_INCOME_QOQ_SQ":1.092574450938,"NET_PROFIT_RATIO_SQ":4.6906402013,"HOLDER_PROFIT_SQ":21500000000,"HOLDER_PROFIT_QOQ_SQ":20.029329096908,"ROE_AVG_SQ":9.293172044791,"PE_TTM_SQ":5.287361980474,"PB_TTM_SQ":0.39907953092,"ROA_SQ":0.824420368773,"START_DATE":"2023-01-01 00:00:00","FISCAL_YEAR":"12-31","CURRENCY":"HKD","IS_CNY_CODE":0,"DPS_HKD_LY":1.17790255,"ORG_TYPE":"保险","PREMIUM_INCOME":48045000000,"PREMIUM_INCOME_YOY":-15.52973029994,"NET_INTEREST_INCOME":null,"NET_INTEREST_INCOME_YOY":null,"FEE_COMMISSION_INCOME":null,"FEE_COMMISSION_INCOME_YOY":null,"ACCOUNTS_RECE_TDAYS":null,"INVENTORY_TDAYS":null,"CURRENT_ASSETS_TDAYS":null,"TOTAL_ASSETS_TDAYS":0.004685699625,"PREMIUM_EXPENSE":null,"LOAN_DEPOSIT":null,"LOAN_EQUITY":null,"LOAN_ASSETS":null,"DEPOSIT_EQUITY":null,"DEPOSIT_ASSETS":null,"EQUITY_MULTIPLIER":13.352652913672,"EQUITY_RATIO":12.355592145964},{"SECUCODE":"01336.HK","SECURITY_CODE":"01336","SECURITY_NAME_ABBR":"新华保险","ORG_CODE":"10009978","STD_REPORT_DATE":"2023-09-30 00:00:00","REPORT_DATE":"2023-09-30 00:00:00","DATE_TYPE_CODE":"004","REPORT_TYPE":"2023年三季报","PER_NETCASH_OPERATE":25.520054741288,"PER_OI":19.828201957297,"BPS":34.720430206108,"BASIC_EPS":3.06,"DILUTED_EPS":3.06,"OPERATE_INCOME":61855000000,"OPERATE_INCOME_YOY":-18.6300432798,"GROSS_PROFIT":null,"GROSS_PROFIT_YOY":null,"HOLDER_PROFIT":9542000000,"HOLDER_PROFIT_YOY":-15.4976974849,"GROSS_PROFIT_RATIO":null,"EPS_TTM":2.587555512073,"OPERATE_INCOME_QOQ":-5.75681544029,"NET_PROFIT_RATIO":15.429633821,"ROE_AVG":9.251188877632,"GROSS_PROFIT_QOQ":null,"ROA":0.728558786723,"HOLDER_PROFIT_QOQ":-23.920829406221,"ROE_YEARLY":12.334918503509,"ROIC_YEARLY":0.738320024048,"TOTAL_ASSETS":1364374000000,"TOTAL_LIABILITIES":1256039000000,"TAX_EBT":-9.890616004606,"OCF_SALES":128.705844313313,"TOTAL_PARENT_EQUITY":108312000000,"DEBT_ASSET_RATIO":92.0597284909,"OPERATE_PROFIT":8711000000,"PRETAX_PROFIT":8685000000,"NETCASH_OPERATE":79611000000,"NETCASH_INVEST":-123824000000,"NETCASH_FINANCE":43553000000,"END_CASH":16983000000,"DIVI_RATIO":0.534205184423,"DIVIDEND_RATE":6.851930405405,"CURRENT_RATIO":null,"COMMON_ACS":null,"CURRENTDEBT_DEBT":null,"ISSUED_COMMON_SHARES":3119546600,"HK_COMMON_SHARES":1034107260,"PER_SHARES":100,"TOTAL_MARKET_CAP":69253934520,"HKSK_MARKET_CAP":22957181172,"PE_TTM":3.126983577559,"PB_TTM":0.685997271618,"REPORT_DATE_SQ":"2022-09-30 00:00:00","REPORT_TYPE_SQ":"2022年三季报","OPERATE_INCOME_SQ":76017000000,"DPS_HKD":1.52112855,"OPERATE_INCOME_QOQ_SQ":-3.045488148377,"NET_PROFIT_RATIO_SQ":3.0331000479,"HOLDER_PROFIT_SQ":11292000000,"HOLDER_PROFIT_QOQ_SQ":-14.653733833959,"ROE_AVG_SQ":4.977199821626,"PE_TTM_SQ":4.909193044123,"PB_TTM_SQ":0.370536094272,"ROA_SQ":0.446848683604,"START_DATE":"2023-01-01 00:00:00","FISCAL_YEAR":"12-31","CURRENCY":"HKD","IS_CNY_CODE":0,"DPS_HKD_LY":1.17790255,"ORG_TYPE":"保险","PREMIUM_INCOME":null,"PREMIUM_INCOME_YOY":null,"NET_INTEREST_INCOME":null,"NET_INTEREST_INCOME_YOY":null,"FEE_COMMISSION_INCOME":null,"FEE_COMMISSION_INCOME_YOY":null,"ACCOUNTS_RECE_TDAYS":null,"INVENTORY_TDAYS":null,"CURRENT_ASSETS_TDAYS":null,"TOTAL_ASSETS_TDAYS":0.029035457495,"PREMIUM_EXPENSE":null,"LOAN_DEPOSIT":null,"LOAN_EQUITY":null,"LOAN_ASSETS":null,"DEPOSIT_EQUITY":null,"DEPOSIT_ASSETS":null,"EQUITY_MULTIPLIER":12.594027784238,"EQUITY_RATIO":11.596489770293},{"SECUCODE":"01336.HK","SECURITY_CODE":"01336","SECURITY_NAME_ABBR":"新华保险","ORG_CODE":"10009978","STD_REPORT_DATE":"2023-06-30 00:00:00","REPORT_DATE":"2023-06-30 00:00:00","DATE_TYPE_CODE":"002","REPORT_TYPE":"2023年中报","PER_NETCASH_OPERATE":20.99920546146,"PER_OI":9.990554396591,"BPS":35.994333279073,"BASIC_EPS":3.2,"DILUTED_EPS":3.2,"OPERATE_INCOME":31166000000,"OPERATE_INCOME_YOY":-6.6802407402,"GROSS_PROFIT":null,"GROSS_PROFIT_YOY":null,"HOLDER_PROFIT":9978000000,"HOLDER_PROFIT_YOY":8.5745375408,"GROSS_PROFIT_RATIO":null,"EPS_TTM":3.401135280364,"OPERATE_INCOME_QOQ":-3.058169775666,"NET_PROFIT_RATIO":32.0220753385,"ROE_AVG":9.491061109764,"GROSS_PROFIT_QOQ":null,"ROA":0.778247445717,"HOLDER_PROFIT_QOQ":-21.517863747319,"ROE_YEARLY":18.982122219527,"ROIC_YEARLY":1.578793096696,"TOTAL_ASSETS":1309179000000,"TOTAL_LIABILITIES":1196870000000,"TAX_EBT":6.868234415827,"OCF_SALES":210.190592312135,"TOTAL_PARENT_EQUITY":112286000000,"DEBT_ASSET_RATIO":91.4214175449,"OPERATE_PROFIT":11486000000,"PRETAX_PROFIT":10716000000,"NETCASH_OPERATE":65508000000,"NETCASH_INVEST":-76696000000,"NETCASH_FINANCE":12140000000,"END_CASH":18586000000,"DIVI_RATIO":0.406418873578,"DIVIDEND_RATE":6.012365810277,"CURRENT_RATIO":null,"COMMON_ACS":null,"CURRENTDEBT_DEBT":null,"ISSUED_COMMON_SHARES":3119546600,"HK_COMMON_SHARES":1034107260,"PER_SHARES":100,"TOTAL_MARKET_CAP":78924528980,"HKSK_MARKET_CAP":26162913678,"PE_TTM":3.563634437489,"PB_TTM":0.78178968342,"REPORT_DATE_SQ":"2022-06-30 00:00:00","REPORT_TYPE_SQ":"2022年中报","OPERATE_INCOME_SQ":33397000000,"DPS_HKD":1.52112855,"OPERATE_INCOME_QOQ_SQ":0.047279110591,"NET_PROFIT_RATIO_SQ":4.1818108555,"HOLDER_PROFIT_SQ":9190000000,"HOLDER_PROFIT_QOQ_SQ":-3.985579811736,"ROE_AVG_SQ":4.870491133678,"PE_TTM_SQ":5.287361980474,"PB_TTM_SQ":0.39907953092,"ROA_SQ":0.447879695041,"START_DATE":"2023-01-01 00:00:00","FISCAL_YEAR":"12-31","CURRENCY":"HKD","IS_CNY_CODE":0,"DPS_HKD_LY":1.17790255,"ORG_TYPE":"保险","PREMIUM_INCOME":26593000000,"PREMIUM_INCOME_YOY":-6.494374120956,"NET_INTEREST_INCOME":null,"NET_INTEREST_INCOME_YOY":null,"FEE_COMMISSION_INCOME":null,"FEE_COMMISSION_INCOME_YOY":null,"ACCOUNTS_RECE_TDAYS":null,"INVENTORY_TDAYS":null,"CURRENT_ASSETS_TDAYS":null,"TOTAL_ASSETS_TDAYS":0.012119070767,"PREMIUM_EXPENSE":null,"LOAN_DEPOSIT":null,"LOAN_EQUITY":null,"LOAN_ASSETS":null,"DEPOSIT_EQUITY":null,"DEPOSIT_ASSETS":null,"EQUITY_MULTIPLIER":11.656937556222,"EQUITY_RATIO":10.659120460253},{"SECUCODE":"01336.HK","SECURITY_CODE":"01336","SECURITY_NAME_ABBR":"新华保险","ORG_CODE":"10009978","STD_REPORT_DATE":"2023-03-31 00:00:00","REPORT_DATE":"2023-03-31 00:00:00","DATE_TYPE_CODE":"003","REPORT_TYPE":"2023年一季报","PER_NETCASH_OPERATE":12.255947707273,"PER_OI":9.297825523748,"BPS":38.980664690183,"BASIC_EPS":2.22,"DILUTED_EPS":2.22,"OPERATE_INCOME":29005000000,"OPERATE_INCOME_YOY":17.4386590007,"GROSS_PROFIT":null,"GROSS_PROFIT_YOY":null,"HOLDER_PROFIT":6917000000,"HOLDER_PROFIT_YOY":114.8136645963,"GROSS_PROFIT_RATIO":null,"EPS_TTM":4.333642587676,"OPERATE_INCOME_QOQ":2.056033721435,"NET_PROFIT_RATIO":23.851060162,"ROE_AVG":6.300295568297,"GROSS_PROFIT_QOQ":null,"ROA":0.544976087864,"HOLDER_PROFIT_QOQ":37.639991855019,"ROE_YEARLY":25.201182273189,"ROIC_YEARLY":2.213573699851,"TOTAL_ASSETS":1283416000000,"TOTAL_LIABILITIES":1161792000000,"TAX_EBT":14.008701056557,"OCF_SALES":131.815204275125,"TOTAL_PARENT_EQUITY":121602000000,"DEBT_ASSET_RATIO":90.5234156345,"OPERATE_PROFIT":8048000000,"PRETAX_PROFIT":8045000000,"NETCASH_OPERATE":38233000000,"NETCASH_INVEST":-54144000000,"NETCASH_FINANCE":19270000000,"END_CASH":20966000000,"DIVI_RATIO":0.318966214118,"DIVIDEND_RATE":6.851930405405,"CURRENT_RATIO":null,"COMMON_ACS":null,"CURRENTDEBT_DEBT":null,"ISSUED_COMMON_SHARES":3119546600,"HK_COMMON_SHARES":1034107260,"PER_SHARES":100,"TOTAL_MARKET_CAP":69253934520,"HKSK_MARKET_CAP":22957181172,"PE_TTM":3.126983577559,"PB_TTM":0.685997271618,"REPORT_DATE_SQ":"2022-03-31 00:00:00","REPORT_TYPE_SQ":"2022年一季报","OPERATE_INCOME_SQ":24698000000,"DPS_HKD":1.52112855,"OPERATE_INCOME_QOQ_SQ":-2.909642907461,"NET_PROFIT_RATIO_SQ":1.7942184811,"HOLDER_PROFIT_SQ":3220000000,"HOLDER_PROFIT_QOQ_SQ":-33.190606810731,"ROE_AVG_SQ":1.277439038879,"PE_TTM_SQ":4.909193044123,"PB_TTM_SQ":0.370536094272,"ROA_SQ":0.118303923131,"START_DATE":"2023-01-01 00:00:00","FISCAL_YEAR":"12-31","CURRENCY":"HKD","IS_CNY_CODE":0,"DPS_HKD_LY":1.17790255,"ORG_TYPE":"保险","PREMIUM_INCOME":null,"PREMIUM_INCOME_YOY":null,"NET_INTEREST_INCOME":null,"NET_INTEREST_INCOME_YOY":null,"FEE_COMMISSION_INCOME":null,"FEE_COMMISSION_INCOME_YOY":null,"ACCOUNTS_RECE_TDAYS":null,"INVENTORY_TDAYS":null,"CURRENT_ASSETS_TDAYS":null,"TOTAL_ASSETS_TDAYS":0.016719585891,"PREMIUM_EXPENSE":null,"LOAN_DEPOSIT":null,"LOAN_EQUITY":null,"LOAN_ASSETS":null,"DEPOSIT_EQUITY":null,"DEPOSIT_ASSETS":null,"EQUITY_MULTIPLIER":10.552325198946,"EQUITY_RATIO":9.55405338728},{"SECUCODE":"01336.HK","SECURITY_CODE":"01336","SECURITY_NAME_ABBR":"新华保险","ORG_CODE":"10009978","STD_REPORT_DATE":"2022-12-31 00:00:00","REPORT_DATE":"2022-12-31 00:00:00","DATE_TYPE_CODE":"001","REPORT_TYPE":"2022年年报","PER_NETCASH_OPERATE":28.653202359599,"PER_OI":24.138443708454,"BPS":32.980433759188,"BASIC_EPS":6.89,"DILUTED_EPS":6.89,"OPERATE_INCOME":75301000000,"OPERATE_INCOME_YOY":-4.7930481259,"GROSS_PROFIT":null,"GROSS_PROFIT_YOY":null,"HOLDER_PROFIT":21500000000,"HOLDER_PROFIT_YOY":-34.2878169532,"GROSS_PROFIT_RATIO":null,"EPS_TTM":3.148534469721,"OPERATE_INCOME_QOQ":1.092574450938,"NET_PROFIT_RATIO":4.6906402013,"ROE_AVG":9.293172044791,"GROSS_PROFIT_QOQ":null,"ROA":0.824420368773,"HOLDER_PROFIT_QOQ":20.029329096908,"ROE_YEARLY":9.293172044791,"ROIC_YEARLY":0.836028024218,"TOTAL_ASSETS":1214936000000,"TOTAL_LIABILITIES":1116940000000,"TAX_EBT":2.604284614339,"OCF_SALES":42.669740931158,"TOTAL_PARENT_EQUITY":97975000000,"DEBT_ASSET_RATIO":91.8006858724,"OPERATE_PROFIT":23270000000,"PRETAX_PROFIT":22079000000,"NETCASH_OPERATE":88516000000,"NETCASH_INVEST":-89601000000,"NETCASH_FINANCE":2839000000,"END_CASH":17586000000,"DIVI_RATIO":0.439025071132,"DIVIDEND_RATE":6.012365810277,"CURRENT_RATIO":null,"COMMON_ACS":null,"CURRENTDEBT_DEBT":null,"ISSUED_COMMON_SHARES":3119546600,"HK_COMMON_SHARES":1034107260,"PER_SHARES":100,"TOTAL_MARKET_CAP":78924528980,"HKSK_MARKET_CAP":26162913678,"PE_TTM":3.563634437489,"PB_TTM":0.78178968342,"REPORT_DATE_SQ":"2021-12-31 00:00:00","REPORT_TYPE_SQ":"2021年年报","OPERATE_INCOME_SQ":220027000000,"DPS_HKD":1.52112855,"OPERATE_INCOME_QOQ_SQ":0.895567559636,"NET_PROFIT_RATIO_SQ":6.7950751499,"HOLDER_PROFIT_SQ":14947000000,"HOLDER_PROFIT_QOQ_SQ":-1.294327412006,"ROE_AVG_SQ":14.224129727261,"PE_TTM_SQ":5.287361980474,"PB_TTM_SQ":0.39907953092,"ROA_SQ":1.402093807177,"START_DATE":"2022-01-01 00:00:00","FISCAL_YEAR":"12-31","CURRENCY":"HKD","IS_CNY_CODE":0,"DPS_HKD_LY":1.68765294,"ORG_TYPE":"保险","PREMIUM_INCOME":56878000000,"PREMIUM_INCOME_YOY":-65.219677744825,"NET_INTEREST_INCOME":null,"NET_INTEREST_INCOME_YOY":null,"FEE_COMMISSION_INCOME":null,"FEE_COMMISSION_INCOME_YOY":null,"ACCOUNTS_RECE_TDAYS":null,"INVENTORY_TDAYS":null,"CURRENT_ASSETS_TDAYS":null,"TOTAL_ASSETS_TDAYS":0.148969789299,"PREMIUM_EXPENSE":null,"LOAN_DEPOSIT":null,"LOAN_EQUITY":null,"LOAN_ASSETS":null,"DEPOSIT_EQUITY":null,"DEPOSIT_ASSETS":null,"EQUITY_MULTIPLIER":12.196142072833,"EQUITY_RATIO":11.400255167134},{"SECUCODE":"01336.HK","SECURITY_CODE":"01336","SECURITY_NAME_ABBR":"新华保险","ORG_CODE":"10009978","STD_REPORT_DATE":"2022-09-30 00:00:00","REPORT_DATE":"2022-09-30 00:00:00","DATE_TYPE_CODE":"004","REPORT_TYPE":"2022年三季报","PER_NETCASH_OPERATE":23.820448779319,"PER_OI":24.367964241983,"BPS":32.073250644821,"BASIC_EPS":3.62,"DILUTED_EPS":3.62,"OPERATE_INCOME":76017000000,"OPERATE_INCOME_YOY":-6.962410592,"GROSS_PROFIT":null,"GROSS_PROFIT_YOY":null,"HOLDER_PROFIT":11292000000,"HOLDER_PROFIT_YOY":-56.583570353,"GROSS_PROFIT_RATIO":null,"EPS_TTM":2.623137605959,"OPERATE_INCOME_QOQ":-3.045488148377,"NET_PROFIT_RATIO":3.0331000479,"ROE_AVG":4.977199821626,"GROSS_PROFIT_QOQ":null,"ROA":0.446848683604,"HOLDER_PROFIT_QOQ":-14.653733833959,"ROE_YEARLY":6.636266428835,"ROIC_YEARLY":0.452380620328,"TOTAL_ASSETS":1195213000000,"TOTAL_LIABILITIES":1095140000000,"TAX_EBT":2.123234249068,"OCF_SALES":43.410368154786,"TOTAL_PARENT_EQUITY":100054000000,"DEBT_ASSET_RATIO":91.6271827699,"OPERATE_PROFIT":11581000000,"PRETAX_PROFIT":11539000000,"NETCASH_OPERATE":72269000000,"NETCASH_INVEST":-58453000000,"NETCASH_FINANCE":-18316000000,"END_CASH":11471000000,"DIVI_RATIO":0.526958847447,"DIVIDEND_RATE":6.012365810277,"CURRENT_RATIO":null,"COMMON_ACS":null,"CURRENTDEBT_DEBT":null,"ISSUED_COMMON_SHARES":3119546600,"HK_COMMON_SHARES":1034107260,"PER_SHARES":100,"TOTAL_MARKET_CAP":78924528980,"HKSK_MARKET_CAP":26162913678,"PE_TTM":3.563634437489,"PB_TTM":0.78178968342,"REPORT_DATE_SQ":"2021-09-30 00:00:00","REPORT_TYPE_SQ":"2021年三季报","OPERATE_INCOME_SQ":183988000000,"DPS_HKD":1.52112855,"OPERATE_INCOME_QOQ_SQ":-0.043086062117,"NET_PROFIT_RATIO_SQ":6.4987933996,"HOLDER_PROFIT_SQ":11954000000,"HOLDER_PROFIT_QOQ_SQ":-8.897846227891,"ROE_AVG_SQ":11.581930483226,"PE_TTM_SQ":5.287361980474,"PB_TTM_SQ":0.39907953092,"ROA_SQ":1.157168316007,"START_DATE":"2022-01-01 00:00:00","FISCAL_YEAR":"12-31","CURRENCY":"HKD","IS_CNY_CODE":0,"DPS_HKD_LY":1.68765294,"ORG_TYPE":"保险","PREMIUM_INCOME":null,"PREMIUM_INCOME_YOY":null,"NET_INTEREST_INCOME":null,"NET_INTEREST_INCOME_YOY":null,"FEE_COMMISSION_INCOME":null,"FEE_COMMISSION_INCOME_YOY":null,"ACCOUNTS_RECE_TDAYS":null,"INVENTORY_TDAYS":null,"CURRENT_ASSETS_TDAYS":null,"TOTAL_ASSETS_TDAYS":0.127984695217,"PREMIUM_EXPENSE":null,"LOAN_DEPOSIT":null,"LOAN_EQUITY":null,"LOAN_ASSETS":null,"DEPOSIT_EQUITY":null,"DEPOSIT_ASSETS":null,"EQUITY_MULTIPLIER":11.943411309697,"EQUITY_RATIO":10.945489435705}],"count":50},"success":true,"message":"ok","code":0}