{"version":"90e12af84cc641a8545943e0ff608168","result":{"pages":4,"data":[{"SECUCODE":"01332.HK","SECURITY_CODE":"01332","SECURITY_NAME_ABBR":"透云生物","ORG_CODE":"10268350","STD_REPORT_DATE":"2024-06-30 00:00:00","REPORT_DATE":"2024-06-30 00:00:00","DATE_TYPE_CODE":"002","REPORT_TYPE":"2024年中报","PER_NETCASH_OPERATE":-0.011568400014,"PER_OI":0.023759683851,"BPS":-0.015172018744,"BASIC_EPS":-0.015606828,"DILUTED_EPS":-0.015606828,"OPERATE_INCOME":66668535.96,"OPERATE_INCOME_YOY":-29.9947290239,"GROSS_PROFIT":29150086.52,"GROSS_PROFIT_YOY":-11.950451900112,"HOLDER_PROFIT":-43780346.92,"HOLDER_PROFIT_YOY":42.8607163703,"GROSS_PROFIT_RATIO":43.723903787972,"EPS_TTM":-0.074875512255,"OPERATE_INCOME_QOQ":-16.45791548739,"NET_PROFIT_RATIO":-66.832313442,"ROE_AVG":202.004505927189,"GROSS_PROFIT_QOQ":-7.796620534706,"ROA":-8.135972109503,"HOLDER_PROFIT_QOQ":13.794963759326,"ROE_YEARLY":404.009011854379,"ROIC_YEARLY":-17.636618162198,"TOTAL_ASSETS":521909669.24,"TOTAL_LIABILITIES":545250547.56,"TAX_EBT":0.663343168176,"OCF_SALES":-48.689200104043,"TOTAL_PARENT_EQUITY":-42571958.6,"DEBT_ASSET_RATIO":104.4722065322,"OPERATE_PROFIT":-42310019.44,"PRETAX_PROFIT":-44853658.6,"NETCASH_OPERATE":-32460376.88,"NETCASH_INVEST":-830538.8,"NETCASH_FINANCE":14165706.28,"END_CASH":12555738.76,"DIVI_RATIO":null,"DIVIDEND_RATE":null,"CURRENT_RATIO":0.339216015354,"COMMON_ACS":12500000000,"CURRENTDEBT_DEBT":77.793902751345,"ISSUED_COMMON_SHARES":2805952149,"HK_COMMON_SHARES":2805952149,"PER_SHARES":10000,"TOTAL_MARKET_CAP":488235673.926,"HKSK_MARKET_CAP":488235673.926,"PE_TTM":-2.095818858957,"PB_TTM":-10.467052715747,"REPORT_DATE_SQ":"2023-06-30 00:00:00","REPORT_TYPE_SQ":"2023年中报","OPERATE_INCOME_SQ":96204003.1,"DPS_HKD":null,"OPERATE_INCOME_QOQ_SQ":-15.861328941079,"NET_PROFIT_RATIO_SQ":-81.559250563,"HOLDER_PROFIT_SQ":-77401142.98,"HOLDER_PROFIT_QOQ_SQ":-1.180146544097,"ROE_AVG_SQ":-37.356965021927,"PE_TTM_SQ":-3.472175899768,"PB_TTM_SQ":3.630459830291,"ROA_SQ":-10.233452813618,"START_DATE":"2024-01-01 00:00:00","FISCAL_YEAR":"12-31","CURRENCY":"HKD","IS_CNY_CODE":0,"DPS_HKD_LY":null,"ORG_TYPE":"一般企业","PREMIUM_INCOME":null,"PREMIUM_INCOME_YOY":null,"NET_INTEREST_INCOME":null,"NET_INTEREST_INCOME_YOY":null,"FEE_COMMISSION_INCOME":null,"FEE_COMMISSION_INCOME_YOY":null,"ACCOUNTS_RECE_TDAYS":2.476631236332,"INVENTORY_TDAYS":2.69181154438,"CURRENT_ASSETS_TDAYS":0.456349801334,"TOTAL_ASSETS_TDAYS":0.123894255599,"PREMIUM_EXPENSE":null,"LOAN_DEPOSIT":null,"LOAN_EQUITY":null,"LOAN_ASSETS":null,"DEPOSIT_EQUITY":null,"DEPOSIT_ASSETS":null,"EQUITY_MULTIPLIER":-22.360326894565,"EQUITY_RATIO":-12.807739307536},{"SECUCODE":"01332.HK","SECURITY_CODE":"01332","SECURITY_NAME_ABBR":"透云生物","ORG_CODE":"10268350","STD_REPORT_DATE":"2023-12-31 00:00:00","REPORT_DATE":"2023-12-31 00:00:00","DATE_TYPE_CODE":"001","REPORT_TYPE":"2023年年报","PER_NETCASH_OPERATE":0.001177524756,"PER_OI":0.063957098878,"BPS":-0.00027387301,"BASIC_EPS":-0.086815876,"DILUTED_EPS":-0.086815876,"OPERATE_INCOME":179460559.04,"OPERATE_INCOME_YOY":-38.753115973,"GROSS_PROFIT":50744695.12,"GROSS_PROFIT_YOY":-55.489555103879,"HOLDER_PROFIT":-243717900.58,"HOLDER_PROFIT_YOY":-35.783202484,"GROSS_PROFIT_RATIO":28.276238183728,"EPS_TTM":-0.086857468566,"OPERATE_INCOME_QOQ":-26.151913882836,"NET_PROFIT_RATIO":-137.6388664458,"ROE_AVG":-204.430069438374,"GROSS_PROFIT_QOQ":-47.805684589054,"ROA":-35.977571123658,"HOLDER_PROFIT_QOQ":-36.144981528915,"ROE_YEARLY":-204.430069438374,"ROIC_YEARLY":-41.66447839811,"TOTAL_ASSETS":550383654.8,"TOTAL_LIABILITIES":531286880.74,"TAX_EBT":0.005869728708,"OCF_SALES":1.841116587218,"TOTAL_PARENT_EQUITY":-768474.56,"DEBT_ASSET_RATIO":96.5302795798,"OPERATE_PROFIT":-241648094.1,"PRETAX_PROFIT":-247021978.7,"NETCASH_OPERATE":3304078.12,"NETCASH_INVEST":-64293590.34,"NETCASH_FINANCE":-25079638.5,"END_CASH":31258246.46,"DIVI_RATIO":null,"DIVIDEND_RATE":null,"CURRENT_RATIO":0.426788683339,"COMMON_ACS":12500000000,"CURRENTDEBT_DEBT":64.93850071725,"ISSUED_COMMON_SHARES":2805952149,"HK_COMMON_SHARES":2805952149,"PER_SHARES":10000,"TOTAL_MARKET_CAP":477011865.33,"HKSK_MARKET_CAP":477011865.33,"PE_TTM":-2.047639115073,"PB_TTM":-10.226430814235,"REPORT_DATE_SQ":"2022-12-31 00:00:00","REPORT_TYPE_SQ":"2022年年报","OPERATE_INCOME_SQ":288824562.18,"DPS_HKD":null,"OPERATE_INCOME_QOQ_SQ":9.215722663183,"NET_PROFIT_RATIO_SQ":-62.6769841712,"HOLDER_PROFIT_SQ":-176925522.55,"HOLDER_PROFIT_QOQ_SQ":-110.904232650715,"ROE_AVG_SQ":-53.97778371278,"PE_TTM_SQ":-3.067088711462,"PB_TTM_SQ":3.206906183424,"ROA_SQ":-20.713492032367,"START_DATE":"2023-01-01 00:00:00","FISCAL_YEAR":"12-31","CURRENCY":"HKD","IS_CNY_CODE":0,"DPS_HKD_LY":null,"ORG_TYPE":"一般企业","PREMIUM_INCOME":null,"PREMIUM_INCOME_YOY":null,"NET_INTEREST_INCOME":null,"NET_INTEREST_INCOME_YOY":null,"FEE_COMMISSION_INCOME":null,"FEE_COMMISSION_INCOME_YOY":null,"ACCOUNTS_RECE_TDAYS":5.774874606322,"INVENTORY_TDAYS":5.585151979867,"CURRENT_ASSETS_TDAYS":0.81748136712,"TOTAL_ASSETS_TDAYS":0.26491919598,"PREMIUM_EXPENSE":null,"LOAN_DEPOSIT":null,"LOAN_EQUITY":null,"LOAN_ASSETS":null,"DEPOSIT_EQUITY":null,"DEPOSIT_ASSETS":null,"EQUITY_MULTIPLIER":28.820765908925,"EQUITY_RATIO":-691.352594339623},{"SECUCODE":"01332.HK","SECURITY_CODE":"01332","SECURITY_NAME_ABBR":"透云生物","ORG_CODE":"10268350","STD_REPORT_DATE":"2023-06-30 00:00:00","REPORT_DATE":"2023-06-30 00:00:00","DATE_TYPE_CODE":"002","REPORT_TYPE":"2023年中报","PER_NETCASH_OPERATE":0.004352043246,"PER_OI":0.034285689132,"BPS":0.060949634576,"BASIC_EPS":-0.027567202,"DILUTED_EPS":-0.027567202,"OPERATE_INCOME":96204003.1,"OPERATE_INCOME_YOY":-37.1654131263,"GROSS_PROFIT":33106457.84,"GROSS_PROFIT_YOY":-33.641193448599,"HOLDER_PROFIT":-77401142.98,"HOLDER_PROFIT_YOY":4.6726318897,"GROSS_PROFIT_RATIO":34.412765345728,"EPS_TTM":-0.063797774689,"OPERATE_INCOME_QOQ":-15.861328941079,"NET_PROFIT_RATIO":-81.559250563,"ROE_AVG":-37.356965021927,"GROSS_PROFIT_QOQ":-14.721661649026,"ROA":-10.233452813618,"HOLDER_PROFIT_QOQ":-1.180146544097,"ROE_YEARLY":-74.713930043853,"ROIC_YEARLY":-23.408707824048,"TOTAL_ASSETS":694269379.6,"TOTAL_LIABILITIES":506285033.44,"TAX_EBT":-0.025857712063,"OCF_SALES":12.693468781446,"TOTAL_PARENT_EQUITY":171021758.12,"DEBT_ASSET_RATIO":72.9234283286,"OPERATE_PROFIT":-74878605.7,"PRETAX_PROFIT":-78442980.38,"NETCASH_OPERATE":12211625.1,"NETCASH_INVEST":-51776552.84,"NETCASH_FINANCE":-41004138.52,"END_CASH":37012887.1,"DIVI_RATIO":null,"DIVIDEND_RATE":null,"CURRENT_RATIO":0.539598927461,"COMMON_ACS":12500000000,"CURRENTDEBT_DEBT":61.260398304221,"ISSUED_COMMON_SHARES":2805952149,"HK_COMMON_SHARES":2805952149,"PER_SHARES":10000,"TOTAL_MARKET_CAP":477011865.33,"HKSK_MARKET_CAP":477011865.33,"PE_TTM":-2.047639115073,"PB_TTM":-10.226430814235,"REPORT_DATE_SQ":"2022-06-30 00:00:00","REPORT_TYPE_SQ":"2022年中报","OPERATE_INCOME_SQ":142015416.97,"DPS_HKD":null,"OPERATE_INCOME_QOQ_SQ":10.993149430005,"NET_PROFIT_RATIO_SQ":-53.1472995189,"HOLDER_PROFIT_SQ":-75313162.54,"HOLDER_PROFIT_QOQ_SQ":-40.653621606394,"ROE_AVG_SQ":-20.601462777312,"PE_TTM_SQ":-3.067088711462,"PB_TTM_SQ":3.206906183424,"ROA_SQ":-8.741319823558,"START_DATE":"2023-01-01 00:00:00","FISCAL_YEAR":"12-31","CURRENCY":"HKD","IS_CNY_CODE":0,"DPS_HKD_LY":null,"ORG_TYPE":"一般企业","PREMIUM_INCOME":null,"PREMIUM_INCOME_YOY":null,"NET_INTEREST_INCOME":null,"NET_INTEREST_INCOME_YOY":null,"FEE_COMMISSION_INCOME":null,"FEE_COMMISSION_INCOME_YOY":null,"ACCOUNTS_RECE_TDAYS":2.870050747459,"INVENTORY_TDAYS":1.980179971644,"CURRENT_ASSETS_TDAYS":0.414454778176,"TOTAL_ASSETS_TDAYS":0.127194391233,"PREMIUM_EXPENSE":null,"LOAN_DEPOSIT":null,"LOAN_EQUITY":null,"LOAN_ASSETS":null,"DEPOSIT_EQUITY":null,"DEPOSIT_ASSETS":null,"EQUITY_MULTIPLIER":3.693229749083,"EQUITY_RATIO":2.960354512814},{"SECUCODE":"01332.HK","SECURITY_CODE":"01332","SECURITY_NAME_ABBR":"透云生物","ORG_CODE":"10268350","STD_REPORT_DATE":"2022-12-31 00:00:00","REPORT_DATE":"2022-12-31 00:00:00","DATE_TYPE_CODE":"001","REPORT_TYPE":"2022年年报","PER_NETCASH_OPERATE":-0.00839548046,"PER_OI":0.102932818111,"BPS":0.08403088984,"BASIC_EPS":-0.063064862,"DILUTED_EPS":-0.063064862,"OPERATE_INCOME":288824562.18,"OPERATE_INCOME_YOY":10.9531081104,"GROSS_PROFIT":114006263.56,"GROSS_PROFIT_YOY":21.290270200129,"HOLDER_PROFIT":-176925522.55,"HOLDER_PROFIT_YOY":-171.5153259856,"GROSS_PROFIT_RATIO":39.472495932998,"EPS_TTM":-0.063053649227,"OPERATE_INCOME_QOQ":9.215722663183,"NET_PROFIT_RATIO":-62.6769841712,"ROE_AVG":-53.97778371278,"GROSS_PROFIT_QOQ":15.618748224821,"ROA":-20.713492032367,"HOLDER_PROFIT_QOQ":-110.904232650715,"ROE_YEARLY":-53.97778371278,"ROIC_YEARLY":-23.475052016325,"TOTAL_ASSETS":792953099.19,"TOTAL_LIABILITIES":539703014.76,"TAX_EBT":-1.743622698724,"OCF_SALES":-8.156271842738,"TOTAL_PARENT_EQUITY":235786655.93,"DEBT_ASSET_RATIO":68.0624131883,"OPERATE_PROFIT":-160718031.67,"PRETAX_PROFIT":-177924198.41,"NETCASH_OPERATE":-23557316.44,"NETCASH_INVEST":-15405334.42,"NETCASH_FINANCE":91677193.37,"END_CASH":114426100.46,"DIVI_RATIO":null,"DIVIDEND_RATE":null,"CURRENT_RATIO":0.785395467273,"COMMON_ACS":12500000000,"CURRENTDEBT_DEBT":67.859010771482,"ISSUED_COMMON_SHARES":2805952149,"HK_COMMON_SHARES":2805952149,"PER_SHARES":10000,"TOTAL_MARKET_CAP":477011865.33,"HKSK_MARKET_CAP":477011865.33,"PE_TTM":-2.047639115073,"PB_TTM":-10.226430814235,"REPORT_DATE_SQ":"2021-12-31 00:00:00","REPORT_TYPE_SQ":"2021年年报","OPERATE_INCOME_SQ":238260904,"DPS_HKD":null,"OPERATE_INCOME_QOQ_SQ":13.843998049242,"NET_PROFIT_RATIO_SQ":-42.5307551087,"HOLDER_PROFIT_SQ":-59642284.8,"HOLDER_PROFIT_QOQ_SQ":49.460443347516,"ROE_AVG_SQ":-15.229863459852,"PE_TTM_SQ":-3.067088711462,"PB_TTM_SQ":3.206906183424,"ROA_SQ":-7.306973417714,"START_DATE":"2022-01-01 00:00:00","FISCAL_YEAR":"12-31","CURRENCY":"HKD","IS_CNY_CODE":0,"DPS_HKD_LY":null,"ORG_TYPE":"一般企业","PREMIUM_INCOME":null,"PREMIUM_INCOME_YOY":null,"NET_INTEREST_INCOME":null,"NET_INTEREST_INCOME_YOY":null,"FEE_COMMISSION_INCOME":null,"FEE_COMMISSION_INCOME_YOY":null,"ACCOUNTS_RECE_TDAYS":6.002561912895,"INVENTORY_TDAYS":5.724155076851,"CURRENT_ASSETS_TDAYS":1.095627776479,"TOTAL_ASSETS_TDAYS":0.338140319228,"PREMIUM_EXPENSE":null,"LOAN_DEPOSIT":null,"LOAN_EQUITY":null,"LOAN_ASSETS":null,"DEPOSIT_EQUITY":null,"DEPOSIT_ASSETS":null,"EQUITY_MULTIPLIER":3.131106948987,"EQUITY_RATIO":2.288946389401},{"SECUCODE":"01332.HK","SECURITY_CODE":"01332","SECURITY_NAME_ABBR":"透云生物","ORG_CODE":"10268350","STD_REPORT_DATE":"2022-06-30 00:00:00","REPORT_DATE":"2022-06-30 00:00:00","DATE_TYPE_CODE":"002","REPORT_TYPE":"2022年中报","PER_NETCASH_OPERATE":-0.018913248631,"PER_OI":0.050612202001,"BPS":0.117348942033,"BASIC_EPS":-0.026852966,"DILUTED_EPS":-0.026852966,"OPERATE_INCOME":142015416.97,"OPERATE_INCOME_YOY":19.3007033198,"GROSS_PROFIT":49890074.22,"GROSS_PROFIT_YOY":10.182969102505,"HOLDER_PROFIT":-75313162.54,"HOLDER_PROFIT_YOY":-43.4954050707,"GROSS_PROFIT_RATIO":35.130041008533,"EPS_TTM":-0.029896815457,"OPERATE_INCOME_QOQ":10.993149430005,"NET_PROFIT_RATIO":-53.1472995189,"ROE_AVG":-20.601462777312,"GROSS_PROFIT_QOQ":4.905365316947,"ROA":-8.741319823558,"HOLDER_PROFIT_QOQ":-40.653621606394,"ROE_YEARLY":-41.202925554624,"ROIC_YEARLY":-18.681521487801,"TOTAL_ASSETS":846815979.52,"TOTAL_LIABILITIES":503056965.6,"TAX_EBT":-2.259350234046,"OCF_SALES":-37.368950338125,"TOTAL_PARENT_EQUITY":329275516.08,"DEBT_ASSET_RATIO":59.4057006205,"OPERATE_PROFIT":-57695393.35,"PRETAX_PROFIT":-73809738.52,"NETCASH_OPERATE":-53069670.64,"NETCASH_INVEST":-412201.58,"NETCASH_FINANCE":29640030.21,"END_CASH":29970988.74,"DIVI_RATIO":null,"DIVIDEND_RATE":null,"CURRENT_RATIO":0.509220575275,"COMMON_ACS":12500000000,"CURRENTDEBT_DEBT":98.185604515164,"ISSUED_COMMON_SHARES":2805952149,"HK_COMMON_SHARES":2805952149,"PER_SHARES":10000,"TOTAL_MARKET_CAP":477011865.33,"HKSK_MARKET_CAP":477011865.33,"PE_TTM":-2.047639115073,"PB_TTM":-10.226430814235,"REPORT_DATE_SQ":"2021-06-30 00:00:00","REPORT_TYPE_SQ":"2021年中报","OPERATE_INCOME_SQ":115823039.76,"DPS_HKD":null,"OPERATE_INCOME_QOQ_SQ":13.647277496562,"NET_PROFIT_RATIO_SQ":-51.7784147647,"HOLDER_PROFIT_SQ":-51066413.76,"HOLDER_PROFIT_QOQ_SQ":16.922047071667,"ROE_AVG_SQ":-12.896799546095,"PE_TTM_SQ":-3.067088711462,"PB_TTM_SQ":3.206906183424,"ROA_SQ":-5.820199902225,"START_DATE":"2022-01-01 00:00:00","FISCAL_YEAR":"12-31","CURRENCY":"HKD","IS_CNY_CODE":0,"DPS_HKD_LY":null,"ORG_TYPE":"一般企业","PREMIUM_INCOME":null,"PREMIUM_INCOME_YOY":null,"NET_INTEREST_INCOME":null,"NET_INTEREST_INCOME_YOY":null,"FEE_COMMISSION_INCOME":null,"FEE_COMMISSION_INCOME_YOY":null,"ACCOUNTS_RECE_TDAYS":2.179375963778,"INVENTORY_TDAYS":2.924290135186,"CURRENT_ASSETS_TDAYS":0.590628923436,"TOTAL_ASSETS_TDAYS":0.164832034367,"PREMIUM_EXPENSE":null,"LOAN_DEPOSIT":null,"LOAN_EQUITY":null,"LOAN_ASSETS":null,"DEPOSIT_EQUITY":null,"DEPOSIT_ASSETS":null,"EQUITY_MULTIPLIER":2.463400071649,"EQUITY_RATIO":1.527769120489},{"SECUCODE":"01332.HK","SECURITY_CODE":"01332","SECURITY_NAME_ABBR":"透云生物","ORG_CODE":"10268350","STD_REPORT_DATE":"2021-12-31 00:00:00","REPORT_DATE":"2021-12-31 00:00:00","DATE_TYPE_CODE":"001","REPORT_TYPE":"2021年年报","PER_NETCASH_OPERATE":-0.015680355211,"PER_OI":0.084912675394,"BPS":0.136924693936,"BASIC_EPS":-0.02133936,"DILUTED_EPS":-0.02133936,"OPERATE_INCOME":238260904,"OPERATE_INCOME_YOY":33.1847992505,"GROSS_PROFIT":93994566.4,"GROSS_PROFIT_YOY":15.571544853874,"HOLDER_PROFIT":-59642284.8,"HOLDER_PROFIT_YOY":56.7782149121,"GROSS_PROFIT_RATIO":39.450268517406,"EPS_TTM":-0.021255631469,"OPERATE_INCOME_QOQ":13.843998049242,"NET_PROFIT_RATIO":-42.5307551087,"ROE_AVG":-15.229863459852,"GROSS_PROFIT_QOQ":2.994077899218,"ROA":-7.306973417714,"HOLDER_PROFIT_QOQ":49.460443347516,"ROE_YEARLY":-15.229863459852,"ROIC_YEARLY":-8.539040698219,"TOTAL_ASSETS":837817612.8,"TOTAL_LIABILITIES":439609620.8,"TAX_EBT":-0.789623485403,"OCF_SALES":-18.46644819244,"TOTAL_PARENT_EQUITY":384204139.2,"DEBT_ASSET_RATIO":52.4708020079,"OPERATE_PROFIT":-99819148.8,"PRETAX_PROFIT":-100540272,"NETCASH_OPERATE":-43998326.4,"NETCASH_INVEST":-120789771.2,"NETCASH_FINANCE":100703792,"END_CASH":49217884.8,"DIVI_RATIO":null,"DIVIDEND_RATE":null,"CURRENT_RATIO":0.506489337395,"COMMON_ACS":12500000000,"CURRENTDEBT_DEBT":98.489444524004,"ISSUED_COMMON_SHARES":2805952149,"HK_COMMON_SHARES":2805952149,"PER_SHARES":10000,"TOTAL_MARKET_CAP":477011865.33,"HKSK_MARKET_CAP":477011865.33,"PE_TTM":-2.047639115073,"PB_TTM":-10.226430814235,"REPORT_DATE_SQ":"2020-12-31 00:00:00","REPORT_TYPE_SQ":"2020年年报","OPERATE_INCOME_SQ":184155040.2,"DPS_HKD":null,"OPERATE_INCOME_QOQ_SQ":-24.828986729135,"NET_PROFIT_RATIO_SQ":-78.6037796211,"HOLDER_PROFIT_SQ":-142048632.64,"HOLDER_PROFIT_QOQ_SQ":26.132989365645,"ROE_AVG_SQ":-32.795983086681,"PE_TTM_SQ":-3.067088711462,"PB_TTM_SQ":3.206906183424,"ROA_SQ":-18.164158246522,"START_DATE":"2021-01-01 00:00:00","FISCAL_YEAR":"12-31","CURRENCY":"HKD","IS_CNY_CODE":0,"DPS_HKD_LY":null,"ORG_TYPE":"一般企业","PREMIUM_INCOME":null,"PREMIUM_INCOME_YOY":null,"NET_INTEREST_INCOME":null,"NET_INTEREST_INCOME_YOY":null,"FEE_COMMISSION_INCOME":null,"FEE_COMMISSION_INCOME_YOY":null,"ACCOUNTS_RECE_TDAYS":4.663684665365,"INVENTORY_TDAYS":5.306238441066,"CURRENT_ASSETS_TDAYS":0.7911093013,"TOTAL_ASSETS_TDAYS":0.291901307578,"PREMIUM_EXPENSE":null,"LOAN_DEPOSIT":null,"LOAN_EQUITY":null,"LOAN_ASSETS":null,"DEPOSIT_EQUITY":null,"DEPOSIT_ASSETS":null,"EQUITY_MULTIPLIER":2.103969859046,"EQUITY_RATIO":1.144208445321},{"SECUCODE":"01332.HK","SECURITY_CODE":"01332","SECURITY_NAME_ABBR":"透云生物","ORG_CODE":"10268350","STD_REPORT_DATE":"2021-06-30 00:00:00","REPORT_DATE":"2021-06-30 00:00:00","DATE_TYPE_CODE":"002","REPORT_TYPE":"2021年中报","PER_NETCASH_OPERATE":-0.044969490309,"PER_OI":0.041311339814,"BPS":0.137505195838,"BASIC_EPS":-0.01830576,"DILUTED_EPS":-0.01830576,"OPERATE_INCOME":115823039.76,"OPERATE_INCOME_YOY":40.1994258952,"GROSS_PROFIT":45279297.36,"GROSS_PROFIT_YOY":28.09800195113,"HOLDER_PROFIT":-51066413.76,"HOLDER_PROFIT_YOY":25.3572688243,"GROSS_PROFIT_RATIO":39.093514946443,"EPS_TTM":-0.042091767798,"OPERATE_INCOME_QOQ":13.647277496562,"NET_PROFIT_RATIO":-51.7784147647,"ROE_AVG":-12.896799546095,"GROSS_PROFIT_QOQ":12.211835098872,"ROA":-5.820199902225,"HOLDER_PROFIT_QOQ":16.922047071667,"ROE_YEARLY":-25.793599092189,"ROIC_YEARLY":-14.735014867787,"TOTAL_ASSETS":946067471.28,"TOTAL_LIABILITIES":430756998.96,"TAX_EBT":-0.278264741075,"OCF_SALES":-108.855075899624,"TOTAL_PARENT_EQUITY":385832999.76,"DEBT_ASSET_RATIO":45.5313190694,"OPERATE_PROFIT":-60578752.32,"PRETAX_PROFIT":-59804917.92,"NETCASH_OPERATE":-126079257.84,"NETCASH_INVEST":-95206593.6,"NETCASH_FINANCE":169136901.6,"END_CASH":63687403.2,"DIVI_RATIO":null,"DIVIDEND_RATE":null,"CURRENT_RATIO":1.055686205515,"COMMON_ACS":12500000000,"CURRENTDEBT_DEBT":98.813568816679,"ISSUED_COMMON_SHARES":2805952149,"HK_COMMON_SHARES":2805952149,"PER_SHARES":10000,"TOTAL_MARKET_CAP":477011865.33,"HKSK_MARKET_CAP":477011865.33,"PE_TTM":-2.047639115073,"PB_TTM":-10.226430814235,"REPORT_DATE_SQ":"2020-06-30 00:00:00","REPORT_TYPE_SQ":"2020年中报","OPERATE_INCOME_SQ":90690890.4,"DPS_HKD":null,"OPERATE_INCOME_QOQ_SQ":-17.120801691387,"NET_PROFIT_RATIO_SQ":-83.3076496953,"HOLDER_PROFIT_SQ":-75103950.24,"HOLDER_PROFIT_QOQ_SQ":-7.063795974057,"ROE_AVG_SQ":-15.167813339655,"PE_TTM_SQ":-3.067088711462,"PB_TTM_SQ":3.206906183424,"ROA_SQ":-9.374882416323,"START_DATE":"2021-01-01 00:00:00","FISCAL_YEAR":"12-31","CURRENCY":"HKD","IS_CNY_CODE":0,"DPS_HKD_LY":null,"ORG_TYPE":"一般企业","PREMIUM_INCOME":null,"PREMIUM_INCOME_YOY":null,"NET_INTEREST_INCOME":null,"NET_INTEREST_INCOME_YOY":null,"FEE_COMMISSION_INCOME":null,"FEE_COMMISSION_INCOME_YOY":null,"ACCOUNTS_RECE_TDAYS":1.028988989137,"INVENTORY_TDAYS":2.746355685131,"CURRENT_ASSETS_TDAYS":0.276036920734,"TOTAL_ASSETS_TDAYS":0.132007163819,"PREMIUM_EXPENSE":null,"LOAN_DEPOSIT":null,"LOAN_EQUITY":null,"LOAN_ASSETS":null,"DEPOSIT_EQUITY":null,"DEPOSIT_ASSETS":null,"EQUITY_MULTIPLIER":1.835917416972,"EQUITY_RATIO":1.116433791894},{"SECUCODE":"01332.HK","SECURITY_CODE":"01332","SECURITY_NAME_ABBR":"透云生物","ORG_CODE":"10268350","STD_REPORT_DATE":"2020-12-31 00:00:00","REPORT_DATE":"2020-12-31 00:00:00","DATE_TYPE_CODE":"001","REPORT_TYPE":"2020年年报","PER_NETCASH_OPERATE":-0.004657213676,"PER_OI":0.066394425222,"BPS":0.146387567823,"BASIC_EPS":-0.053191648,"DILUTED_EPS":-0.053191648,"OPERATE_INCOME":184155040.2,"OPERATE_INCOME_YOY":-33.6912348968,"GROSS_PROFIT":81330198.12,"GROSS_PROFIT_YOY":-19.493688226792,"HOLDER_PROFIT":-142048632.64,"HOLDER_PROFIT_YOY":15.8279014328,"GROSS_PROFIT_RATIO":44.163981627477,"EPS_TTM":-0.051213571497,"OPERATE_INCOME_QOQ":-24.828986729135,"NET_PROFIT_RATIO":-78.6037796211,"ROE_AVG":-32.795983086681,"GROSS_PROFIT_QOQ":-12.620916850579,"ROA":-18.164158246522,"HOLDER_PROFIT_QOQ":26.132989365645,"ROE_YEARLY":-32.795983086681,"ROIC_YEARLY":-21.047590780642,"TOTAL_ASSETS":818023581.6,"TOTAL_LIABILITIES":349761176.44,"TAX_EBT":-0.003488716908,"OCF_SALES":-7.014464934531,"TOTAL_PARENT_EQUITY":410756510.52,"DEBT_ASSET_RATIO":42.7568574192,"OPERATE_PROFIT":-99044195.2,"PRETAX_PROFIT":-144747772.12,"NETCASH_OPERATE":-12917490.72,"NETCASH_INVEST":-40287623.52,"NETCASH_FINANCE":135059654.08,"END_CASH":119883201.6,"DIVI_RATIO":null,"DIVIDEND_RATE":null,"CURRENT_RATIO":1.149774957176,"COMMON_ACS":12500000000,"CURRENTDEBT_DEBT":98.052559009171,"ISSUED_COMMON_SHARES":2805952149,"HK_COMMON_SHARES":2805952149,"PER_SHARES":10000,"TOTAL_MARKET_CAP":477011865.33,"HKSK_MARKET_CAP":477011865.33,"PE_TTM":-2.047639115073,"PB_TTM":-10.226430814235,"REPORT_DATE_SQ":"2019-12-31 00:00:00","REPORT_TYPE_SQ":"2019年年报","OPERATE_INCOME_SQ":295588588.62,"DPS_HKD":null,"OPERATE_INCOME_QOQ_SQ":-5.332951128103,"NET_PROFIT_RATIO_SQ":-60.3399004179,"HOLDER_PROFIT_SQ":-179615535.14,"HOLDER_PROFIT_QOQ_SQ":16.466665479101,"ROE_AVG_SQ":-31.62673097807,"PE_TTM_SQ":-3.067088711462,"PB_TTM_SQ":3.206906183424,"ROA_SQ":-20.777418845089,"START_DATE":"2020-01-01 00:00:00","FISCAL_YEAR":"12-31","CURRENCY":"HKD","IS_CNY_CODE":0,"DPS_HKD_LY":null,"ORG_TYPE":"一般企业","PREMIUM_INCOME":null,"PREMIUM_INCOME_YOY":null,"NET_INTEREST_INCOME":null,"NET_INTEREST_INCOME_YOY":null,"FEE_COMMISSION_INCOME":null,"FEE_COMMISSION_INCOME_YOY":null,"ACCOUNTS_RECE_TDAYS":3.85736196319,"INVENTORY_TDAYS":3.859363153904,"CURRENT_ASSETS_TDAYS":0.52517254332,"TOTAL_ASSETS_TDAYS":0.235484230289,"PREMIUM_EXPENSE":null,"LOAN_DEPOSIT":null,"LOAN_EQUITY":null,"LOAN_ASSETS":null,"DEPOSIT_EQUITY":null,"DEPOSIT_ASSETS":null,"EQUITY_MULTIPLIER":1.746934139034,"EQUITY_RATIO":0.851504887889},{"SECUCODE":"01332.HK","SECURITY_CODE":"01332","SECURITY_NAME_ABBR":"透云生物","ORG_CODE":"10268350","STD_REPORT_DATE":"2020-06-30 00:00:00","REPORT_DATE":"2020-06-30 00:00:00","DATE_TYPE_CODE":"002","REPORT_TYPE":"2020年中报","PER_NETCASH_OPERATE":0.011987313,"PER_OI":0.033347166468,"BPS":0.176748771149,"BASIC_EPS":-0.029138736,"DILUTED_EPS":-0.029138736,"OPERATE_INCOME":90690890.4,"OPERATE_INCOME_YOY":-38.189481286,"GROSS_PROFIT":35347387.68,"GROSS_PROFIT_YOY":-18.353764518961,"HOLDER_PROFIT":-75103950.24,"HOLDER_PROFIT_YOY":-15.8776689451,"GROSS_PROFIT_RATIO":38.975676084001,"EPS_TTM":-0.070710157664,"OPERATE_INCOME_QOQ":-17.120801691387,"NET_PROFIT_RATIO":-83.3076496953,"ROE_AVG":-15.167813339655,"GROSS_PROFIT_QOQ":-7.865465198874,"ROA":-9.374882416323,"HOLDER_PROFIT_QOQ":-7.063795974057,"ROE_YEARLY":-30.335626679309,"ROIC_YEARLY":-21.070070843472,"TOTAL_ASSETS":792563571.36,"TOTAL_LIABILITIES":267809646.72,"TAX_EBT":-0.007254612725,"OCF_SALES":35.947021201591,"TOTAL_PARENT_EQUITY":495948594.24,"DEBT_ASSET_RATIO":33.7903048282,"OPERATE_PROFIT":-38431161.12,"PRETAX_PROFIT":-75546968.64,"NETCASH_OPERATE":32600673.6,"NETCASH_INVEST":-17318822.4,"NETCASH_FINANCE":57174949.92,"END_CASH":107612366.4,"DIVI_RATIO":null,"DIVIDEND_RATE":null,"CURRENT_RATIO":1.453631296869,"COMMON_ACS":12500000000,"CURRENTDEBT_DEBT":95.650913407097,"ISSUED_COMMON_SHARES":2805952149,"HK_COMMON_SHARES":2805952149,"PER_SHARES":10000,"TOTAL_MARKET_CAP":477011865.33,"HKSK_MARKET_CAP":477011865.33,"PE_TTM":-2.047639115073,"PB_TTM":-10.226430814235,"REPORT_DATE_SQ":"2019-06-30 00:00:00","REPORT_TYPE_SQ":"2019年中报","OPERATE_INCOME_SQ":141298026.48,"DPS_HKD":null,"OPERATE_INCOME_QOQ_SQ":1.793957179944,"NET_PROFIT_RATIO_SQ":-42.5963375944,"HOLDER_PROFIT_SQ":-62416275.3,"HOLDER_PROFIT_QOQ_SQ":3.337622708102,"ROE_AVG_SQ":-10.171564059853,"PE_TTM_SQ":-3.067088711462,"PB_TTM_SQ":3.206906183424,"ROA_SQ":-6.911996851586,"START_DATE":"2020-01-01 00:00:00","FISCAL_YEAR":"12-31","CURRENCY":"HKD","IS_CNY_CODE":0,"DPS_HKD_LY":null,"ORG_TYPE":"一般企业","PREMIUM_INCOME":null,"PREMIUM_INCOME_YOY":null,"NET_INTEREST_INCOME":null,"NET_INTEREST_INCOME_YOY":null,"FEE_COMMISSION_INCOME":null,"FEE_COMMISSION_INCOME_YOY":null,"ACCOUNTS_RECE_TDAYS":1.985978036925,"INVENTORY_TDAYS":2.388504523683,"CURRENT_ASSETS_TDAYS":0.257077496106,"TOTAL_ASSETS_TDAYS":0.113205288272,"PREMIUM_EXPENSE":null,"LOAN_DEPOSIT":null,"LOAN_EQUITY":null,"LOAN_ASSETS":null,"DEPOSIT_EQUITY":null,"DEPOSIT_ASSETS":null,"EQUITY_MULTIPLIER":1.510352822808,"EQUITY_RATIO":0.539994769277}],"count":29},"success":true,"message":"ok","code":0}