{"version":"2525a99e0f3cb90d00ff12909eb741e9","result":{"pages":2,"data":[{"SECUCODE":"01346.HK","SECURITY_CODE":"01346","SECURITY_NAME_ABBR":"利华控股集团","ORG_CODE":"10000010044","STD_REPORT_DATE":"2024-06-30 00:00:00","REPORT_DATE":"2024-06-30 00:00:00","DATE_TYPE_CODE":"002","REPORT_TYPE":"2024年中报","PER_NETCASH_OPERATE":0.004077084935,"PER_OI":1.063189360963,"BPS":0.5919554203,"BASIC_EPS":0.04846224,"DILUTED_EPS":0.04846224,"OPERATE_INCOME":679484320.5912,"OPERATE_INCOME_YOY":-4.8553140581,"GROSS_PROFIT":186802457.6556,"GROSS_PROFIT_YOY":-7.391712499629,"HOLDER_PROFIT":30674452.7532,"HOLDER_PROFIT_YOY":-26.2583717695,"GROSS_PROFIT_RATIO":27.491798117294,"EPS_TTM":0.155099216601,"OPERATE_INCOME_QOQ":-3.019408349921,"NET_PROFIT_RATIO":4.514372418,"ROE_AVG":8.072126315519,"GROSS_PROFIT_QOQ":-3.51542789813,"ROA":5.193048056108,"HOLDER_PROFIT_QOQ":-10.396055470846,"ROE_YEARLY":16.144252631037,"ROIC_YEARLY":12.795289135,"TOTAL_ASSETS":546393140.7984,"TOTAL_LIABILITIES":168074431.6848,"TAX_EBT":14.665651295867,"OCF_SALES":0.383476837219,"TOTAL_PARENT_EQUITY":378318709.1136,"DEBT_ASSET_RATIO":30.7607140601,"OPERATE_PROFIT":36245550.708,"PRETAX_PROFIT":35946196.6008,"NETCASH_OPERATE":2605664.982,"NETCASH_INVEST":469777.2756,"NETCASH_FINANCE":-38707881.4884,"END_CASH":93296076.4572,"DIVI_RATIO":0.527105176879,"DIVIDEND_RATE":7.5,"CURRENT_RATIO":3.043506100604,"COMMON_ACS":1000000000,"CURRENTDEBT_DEBT":98.776213101433,"ISSUED_COMMON_SHARES":639100000,"HK_COMMON_SHARES":639100000,"PER_SHARES":4000,"TOTAL_MARKET_CAP":766920000,"HKSK_MARKET_CAP":766920000,"PE_TTM":6.975952569541,"PB_TTM":1.850166352088,"REPORT_DATE_SQ":"2023-06-30 00:00:00","REPORT_TYPE_SQ":"2023年中报","OPERATE_INCOME_SQ":724079526.9192,"DPS_HKD":0.09,"OPERATE_INCOME_QOQ_SQ":4.946549568868,"NET_PROFIT_RATIO_SQ":5.8185421286,"HOLDER_PROFIT_SQ":42175036.4082,"HOLDER_PROFIT_QOQ_SQ":8.078952780546,"ROE_AVG_SQ":12.401473347291,"PE_TTM_SQ":4.558585095966,"PB_TTM_SQ":1.493528185179,"ROA_SQ":6.77100260357,"START_DATE":"2024-01-01 00:00:00","FISCAL_YEAR":"12-31","CURRENCY":"HKD","IS_CNY_CODE":0,"DPS_HKD_LY":0.09,"ORG_TYPE":"一般企业","PREMIUM_INCOME":null,"PREMIUM_INCOME_YOY":null,"NET_INTEREST_INCOME":null,"NET_INTEREST_INCOME_YOY":null,"FEE_COMMISSION_INCOME":null,"FEE_COMMISSION_INCOME_YOY":null,"ACCOUNTS_RECE_TDAYS":2.675527739121,"INVENTORY_TDAYS":3.910265426654,"CURRENT_ASSETS_TDAYS":1.241571926924,"TOTAL_ASSETS_TDAYS":1.150336652651,"PREMIUM_EXPENSE":null,"LOAN_DEPOSIT":null,"LOAN_EQUITY":null,"LOAN_ASSETS":null,"DEPOSIT_EQUITY":null,"DEPOSIT_ASSETS":null,"EQUITY_MULTIPLIER":1.444266772,"EQUITY_RATIO":0.444266771999},{"SECUCODE":"01346.HK","SECURITY_CODE":"01346","SECURITY_NAME_ABBR":"利华控股集团","ORG_CODE":"10000010044","STD_REPORT_DATE":"2023-12-31 00:00:00","REPORT_DATE":"2023-12-31 00:00:00","DATE_TYPE_CODE":"001","REPORT_TYPE":"2023年年报","PER_NETCASH_OPERATE":0.081343208107,"PER_OI":2.310987031357,"BPS":0.593535690329,"BASIC_EPS":0.17352615,"DILUTED_EPS":0.17352615,"OPERATE_INCOME":1476951811.7403,"OPERATE_INCOME_YOY":-3.9959618447,"GROSS_PROFIT":424130597.2605,"GROSS_PROFIT_YOY":-1.099833406753,"HOLDER_PROFIT":110624492.9844,"HOLDER_PROFIT_YOY":7.5880094433,"GROSS_PROFIT_RATIO":28.716617149529,"EPS_TTM":0.173094183984,"OPERATE_INCOME_QOQ":-6.969789244809,"NET_PROFIT_RATIO":7.48712332,"ROE_AVG":30.844109141777,"GROSS_PROFIT_QOQ":-6.123961234799,"ROA":17.342152335287,"HOLDER_PROFIT_QOQ":1.23377053887,"ROE_YEARLY":30.844109141777,"ROIC_YEARLY":22.563561325992,"TOTAL_ASSETS":631043730.9711,"TOTAL_LIABILITIES":251715071.2821,"TAX_EBT":14.556294569939,"OCF_SALES":3.519847017896,"TOTAL_PARENT_EQUITY":379328659.689,"DEBT_ASSET_RATIO":39.888688997,"OPERATE_PROFIT":131162361.0765,"PRETAX_PROFIT":129419953.1322,"NETCASH_OPERATE":51986444.3013,"NETCASH_INVEST":-1066456.3044,"NETCASH_FINANCE":-88396012.7331,"END_CASH":128341272.0876,"DIVI_RATIO":0.472307030301,"DIVIDEND_RATE":10.46511627907,"CURRENT_RATIO":2.377818326568,"COMMON_ACS":1000000000,"CURRENTDEBT_DEBT":97.844784930808,"ISSUED_COMMON_SHARES":639100000,"HK_COMMON_SHARES":639100000,"PER_SHARES":4000,"TOTAL_MARKET_CAP":549626000,"HKSK_MARKET_CAP":549626000,"PE_TTM":4.999432674838,"PB_TTM":1.32595255233,"REPORT_DATE_SQ":"2022-12-31 00:00:00","REPORT_TYPE_SQ":"2022年年报","OPERATE_INCOME_SQ":1512774365.5326,"DPS_HKD":0.09,"OPERATE_INCOME_QOQ_SQ":27.321725598224,"NET_PROFIT_RATIO_SQ":6.6817367548,"HOLDER_PROFIT_SQ":101107821.3586,"HOLDER_PROFIT_QOQ_SQ":100.432734525376,"ROE_AVG_SQ":34.745872037346,"PE_TTM_SQ":4.558585095966,"PB_TTM_SQ":1.493528185179,"ROA_SQ":16.345567999805,"START_DATE":"2023-01-01 00:00:00","FISCAL_YEAR":"12-31","CURRENCY":"HKD","IS_CNY_CODE":0,"DPS_HKD_LY":0.115,"ORG_TYPE":"一般企业","PREMIUM_INCOME":null,"PREMIUM_INCOME_YOY":null,"NET_INTEREST_INCOME":null,"NET_INTEREST_INCOME_YOY":null,"FEE_COMMISSION_INCOME":null,"FEE_COMMISSION_INCOME_YOY":null,"ACCOUNTS_RECE_TDAYS":10.496027161186,"INVENTORY_TDAYS":9.666982457066,"CURRENT_ASSETS_TDAYS":2.506562135169,"TOTAL_ASSETS_TDAYS":2.315357351711,"PREMIUM_EXPENSE":null,"LOAN_DEPOSIT":null,"LOAN_EQUITY":null,"LOAN_ASSETS":null,"DEPOSIT_EQUITY":null,"DEPOSIT_ASSETS":null,"EQUITY_MULTIPLIER":1.663580419915,"EQUITY_RATIO":0.663580419915},{"SECUCODE":"01346.HK","SECURITY_CODE":"01346","SECURITY_NAME_ABBR":"利华控股集团","ORG_CODE":"10000010044","STD_REPORT_DATE":"2023-06-30 00:00:00","REPORT_DATE":"2023-06-30 00:00:00","DATE_TYPE_CODE":"002","REPORT_TYPE":"2023年中报","PER_NETCASH_OPERATE":-0.009587192797,"PER_OI":1.132967496353,"BPS":0.524719257324,"BASIC_EPS":0.06647736,"DILUTED_EPS":0.06647736,"OPERATE_INCOME":724079526.9192,"OPERATE_INCOME_YOY":3.5862002736,"GROSS_PROFIT":201712462.9962,"GROSS_PROFIT_YOY":12.839126875025,"HOLDER_PROFIT":42175036.4082,"HOLDER_PROFIT_YOY":15.1912931311,"GROSS_PROFIT_RATIO":27.857777425975,"EPS_TTM":0.170984626042,"OPERATE_INCOME_QOQ":4.946549568868,"NET_PROFIT_RATIO":5.8185421286,"ROE_AVG":12.401473347291,"GROSS_PROFIT_QOQ":5.351874550877,"ROA":6.77100260357,"HOLDER_PROFIT_QOQ":8.078952780546,"ROE_YEARLY":24.802946694582,"ROIC_YEARLY":16.463466549891,"TOTAL_ASSETS":587984423.6586,"TOTAL_LIABILITIES":252636346.3026,"TAX_EBT":17.005106706189,"OCF_SALES":-0.846201927911,"TOTAL_PARENT_EQUITY":335348077.356,"DEBT_ASSET_RATIO":42.9665032163,"OPERATE_PROFIT":52021655.7456,"PRETAX_PROFIT":50763210.4176,"NETCASH_OPERATE":-6127174.9164,"NETCASH_INVEST":1785870.9216,"NETCASH_FINANCE":-113114421.8436,"END_CASH":50801499.9318,"DIVI_RATIO":0.478134215294,"DIVIDEND_RATE":10.46511627907,"CURRENT_RATIO":2.19499031648,"COMMON_ACS":1000000000,"CURRENTDEBT_DEBT":97.335573562033,"ISSUED_COMMON_SHARES":639100000,"HK_COMMON_SHARES":639100000,"PER_SHARES":4000,"TOTAL_MARKET_CAP":549626000,"HKSK_MARKET_CAP":549626000,"PE_TTM":4.999432674838,"PB_TTM":1.32595255233,"REPORT_DATE_SQ":"2022-06-30 00:00:00","REPORT_TYPE_SQ":"2022年中报","OPERATE_INCOME_SQ":649249393.063,"DPS_HKD":0.09,"OPERATE_INCOME_QOQ_SQ":29.695639146594,"NET_PROFIT_RATIO_SQ":5.237830582,"HOLDER_PROFIT_SQ":34006583.2632,"HOLDER_PROFIT_QOQ_SQ":83.239019955923,"ROE_AVG_SQ":13.627232584089,"PE_TTM_SQ":4.558585095966,"PB_TTM_SQ":1.493528185179,"ROA_SQ":5.546604196014,"START_DATE":"2023-01-01 00:00:00","FISCAL_YEAR":"12-31","CURRENCY":"HKD","IS_CNY_CODE":0,"DPS_HKD_LY":0.115,"ORG_TYPE":"一般企业","PREMIUM_INCOME":null,"PREMIUM_INCOME_YOY":null,"NET_INTEREST_INCOME":null,"NET_INTEREST_INCOME_YOY":null,"FEE_COMMISSION_INCOME":null,"FEE_COMMISSION_INCOME_YOY":null,"ACCOUNTS_RECE_TDAYS":5.575127252322,"INVENTORY_TDAYS":4.686058373929,"CURRENT_ASSETS_TDAYS":1.265240668206,"TOTAL_ASSETS_TDAYS":1.162475430847,"PREMIUM_EXPENSE":null,"LOAN_DEPOSIT":null,"LOAN_EQUITY":null,"LOAN_ASSETS":null,"DEPOSIT_EQUITY":null,"DEPOSIT_ASSETS":null,"EQUITY_MULTIPLIER":1.753355582935,"EQUITY_RATIO":0.753355582935},{"SECUCODE":"01346.HK","SECURITY_CODE":"01346","SECURITY_NAME_ABBR":"利华控股集团","ORG_CODE":"10000010044","STD_REPORT_DATE":"2022-12-31 00:00:00","REPORT_DATE":"2022-12-31 00:00:00","DATE_TYPE_CODE":"001","REPORT_TYPE":"2022年年报","PER_NETCASH_OPERATE":0.042691995429,"PER_OI":2.367038594168,"BPS":0.520026946606,"BASIC_EPS":0.15879288,"DILUTED_EPS":0.15879288,"OPERATE_INCOME":1512774365.5326,"OPERATE_INCOME_YOY":51.1679017317,"GROSS_PROFIT":428847202.0526,"GROSS_PROFIT_YOY":69.537948238462,"HOLDER_PROFIT":101107821.3586,"HOLDER_PROFIT_YOY":236.2159459382,"GROSS_PROFIT_RATIO":28.348391658634,"EPS_TTM":0.158203444467,"OPERATE_INCOME_QOQ":27.321725598224,"NET_PROFIT_RATIO":6.6817367548,"ROE_AVG":34.745872037346,"GROSS_PROFIT_QOQ":33.583705766177,"ROA":16.345567999805,"HOLDER_PROFIT_QOQ":100.432734525376,"ROE_YEARLY":34.745872037346,"ROIC_YEARLY":21.635102168038,"TOTAL_ASSETS":633992886.8128,"TOTAL_LIABILITIES":301371008.1118,"TAX_EBT":17.470031340525,"OCF_SALES":1.803603690032,"TOTAL_PARENT_EQUITY":332349221.5756,"DEBT_ASSET_RATIO":47.5353926488,"OPERATE_PROFIT":131391894.0342,"PRETAX_PROFIT":122476237.9548,"NETCASH_OPERATE":27284454.2786,"NETCASH_INVEST":-3458474.1034,"NETCASH_FINANCE":4714818.2974,"END_CASH":163831872.569,"DIVI_RATIO":0.516762452775,"DIVIDEND_RATE":10.46511627907,"CURRENT_RATIO":2.002794830004,"COMMON_ACS":1000000000,"CURRENTDEBT_DEBT":96.581358131975,"ISSUED_COMMON_SHARES":639100000,"HK_COMMON_SHARES":639100000,"PER_SHARES":4000,"TOTAL_MARKET_CAP":549626000,"HKSK_MARKET_CAP":549626000,"PE_TTM":4.999432674838,"PB_TTM":1.32595255233,"REPORT_DATE_SQ":"2021-12-31 00:00:00","REPORT_TYPE_SQ":"2021年年报","OPERATE_INCOME_SQ":916107137.7371,"DPS_HKD":0.09,"OPERATE_INCOME_QOQ_SQ":33.401630537526,"NET_PROFIT_RATIO_SQ":3.005051184,"HOLDER_PROFIT_SQ":27529488.3889,"HOLDER_PROFIT_QOQ_SQ":0.033931503529,"ROE_AVG_SQ":12.847792746286,"PE_TTM_SQ":4.558585095966,"PB_TTM_SQ":1.493528185179,"ROA_SQ":5.794648190687,"START_DATE":"2022-01-01 00:00:00","FISCAL_YEAR":"12-31","CURRENCY":"HKD","IS_CNY_CODE":0,"DPS_HKD_LY":0.025,"ORG_TYPE":"一般企业","PREMIUM_INCOME":null,"PREMIUM_INCOME_YOY":null,"NET_INTEREST_INCOME":null,"NET_INTEREST_INCOME_YOY":null,"FEE_COMMISSION_INCOME":null,"FEE_COMMISSION_INCOME_YOY":null,"ACCOUNTS_RECE_TDAYS":22.541036669994,"INVENTORY_TDAYS":8.908814502324,"CURRENT_ASSETS_TDAYS":2.721445005332,"TOTAL_ASSETS_TDAYS":2.445622497638,"PREMIUM_EXPENSE":null,"LOAN_DEPOSIT":null,"LOAN_EQUITY":null,"LOAN_ASSETS":null,"DEPOSIT_EQUITY":null,"DEPOSIT_ASSETS":null,"EQUITY_MULTIPLIER":1.906046858039,"EQUITY_RATIO":0.906790172948},{"SECUCODE":"01346.HK","SECURITY_CODE":"01346","SECURITY_NAME_ABBR":"利华控股集团","ORG_CODE":"10000010044","STD_REPORT_DATE":"2022-06-30 00:00:00","REPORT_DATE":"2022-06-30 00:00:00","DATE_TYPE_CODE":"002","REPORT_TYPE":"2022年中报","PER_NETCASH_OPERATE":0.027553158612,"PER_OI":1.015880758978,"BPS":0.404533809279,"BASIC_EPS":0.05302006,"DILUTED_EPS":0.05302006,"OPERATE_INCOME":649249393.063,"OPERATE_INCOME_YOY":65.6760097663,"GROSS_PROFIT":178761098.7274,"GROSS_PROFIT_YOY":61.512971228837,"HOLDER_PROFIT":34006583.2632,"HOLDER_PROFIT_YOY":195.1252669064,"GROSS_PROFIT_RATIO":27.533502632024,"EPS_TTM":0.078930941516,"OPERATE_INCOME_QOQ":29.695639146594,"NET_PROFIT_RATIO":5.237830582,"ROE_AVG":13.627232584089,"GROSS_PROFIT_QOQ":26.915140784625,"ROA":5.546604196014,"HOLDER_PROFIT_QOQ":83.239019955923,"ROE_YEARLY":27.254465168179,"ROIC_YEARLY":14.601042954075,"TOTAL_ASSETS":645004499.677,"TOTAL_LIABILITIES":386466942.167,"TAX_EBT":16.719568301621,"OCF_SALES":2.712243377868,"TOTAL_PARENT_EQUITY":258537557.51,"DEBT_ASSET_RATIO":59.9169373796,"OPERATE_PROFIT":43983750.5032,"PRETAX_PROFIT":40833822.0272,"NETCASH_OPERATE":17609223.6692,"NETCASH_INVEST":-726052.6748,"NETCASH_FINANCE":11293178.8204,"END_CASH":161263015.8422,"DIVI_RATIO":1.035761115097,"DIVIDEND_RATE":10.46511627907,"CURRENT_RATIO":1.573916604738,"COMMON_ACS":1000000000,"CURRENTDEBT_DEBT":95.381911759509,"ISSUED_COMMON_SHARES":639100000,"HK_COMMON_SHARES":639100000,"PER_SHARES":4000,"TOTAL_MARKET_CAP":549626000,"HKSK_MARKET_CAP":549626000,"PE_TTM":4.999432674838,"PB_TTM":1.32595255233,"REPORT_DATE_SQ":"2021-06-30 00:00:00","REPORT_TYPE_SQ":"2021年中报","OPERATE_INCOME_SQ":377205523.2444,"DPS_HKD":0.09,"OPERATE_INCOME_QOQ_SQ":19.967505784126,"NET_PROFIT_RATIO_SQ":2.9403882621,"HOLDER_PROFIT_SQ":11091306.9294,"HOLDER_PROFIT_QOQ_SQ":3808.7997630511,"ROE_AVG_SQ":5.323643476623,"PE_TTM_SQ":4.558585095966,"PB_TTM_SQ":1.493528185179,"ROA_SQ":2.757597004323,"START_DATE":"2022-01-01 00:00:00","FISCAL_YEAR":"12-31","CURRENCY":"HKD","IS_CNY_CODE":0,"DPS_HKD_LY":0.025,"ORG_TYPE":"一般企业","PREMIUM_INCOME":null,"PREMIUM_INCOME_YOY":null,"NET_INTEREST_INCOME":null,"NET_INTEREST_INCOME_YOY":null,"FEE_COMMISSION_INCOME":null,"FEE_COMMISSION_INCOME_YOY":null,"ACCOUNTS_RECE_TDAYS":5.103438105043,"INVENTORY_TDAYS":3.2653771576,"CURRENT_ASSETS_TDAYS":1.191561428541,"TOTAL_ASSETS_TDAYS":1.058950668449,"PREMIUM_EXPENSE":null,"LOAN_DEPOSIT":null,"LOAN_EQUITY":null,"LOAN_ASSETS":null,"DEPOSIT_EQUITY":null,"DEPOSIT_ASSETS":null,"EQUITY_MULTIPLIER":2.494819344196,"EQUITY_RATIO":1.494819344195},{"SECUCODE":"01346.HK","SECURITY_CODE":"01346","SECURITY_NAME_ABBR":"利华控股集团","ORG_CODE":"10000010044","STD_REPORT_DATE":"2021-12-31 00:00:00","REPORT_DATE":"2021-12-31 00:00:00","DATE_TYPE_CODE":"001","REPORT_TYPE":"2021年年报","PER_NETCASH_OPERATE":-0.023873390154,"PER_OI":1.433433168107,"BPS":0.357576610357,"BASIC_EPS":0.04335476,"DILUTED_EPS":0.04335476,"OPERATE_INCOME":916107137.7371,"OPERATE_INCOME_YOY":63.7837286514,"GROSS_PROFIT":252950567.4148,"GROSS_PROFIT_YOY":49.424127108999,"HOLDER_PROFIT":27529488.3889,"HOLDER_PROFIT_YOY":3901.6283143193,"GROSS_PROFIT_RATIO":27.611461257645,"EPS_TTM":0.043075400389,"OPERATE_INCOME_QOQ":33.401630537526,"NET_PROFIT_RATIO":3.005051184,"ROE_AVG":12.847792746286,"GROSS_PROFIT_QOQ":23.186114827666,"ROA":5.794648190687,"HOLDER_PROFIT_QOQ":0.033931503529,"ROE_YEARLY":12.847792746286,"ROIC_YEARLY":7.75194094885,"TOTAL_ASSETS":552136557.2279,"TOTAL_LIABILITIES":323609345.5489,"TAX_EBT":18.475401262365,"OCF_SALES":-1.66546935605,"TOTAL_PARENT_EQUITY":228527211.679,"DEBT_ASSET_RATIO":58.6103820355,"OPERATE_PROFIT":37626027.7818,"PRETAX_PROFIT":33768321.237,"NETCASH_OPERATE":-15257483.6476,"NETCASH_INVEST":-30379534.6758,"NETCASH_FINANCE":59528520.9974,"END_CASH":126660013.2392,"DIVI_RATIO":1.897918516389,"DIVIDEND_RATE":10.46511627907,"CURRENT_RATIO":1.597523954736,"COMMON_ACS":1000000000,"CURRENTDEBT_DEBT":93.637416413214,"ISSUED_COMMON_SHARES":639100000,"HK_COMMON_SHARES":639100000,"PER_SHARES":4000,"TOTAL_MARKET_CAP":549626000,"HKSK_MARKET_CAP":549626000,"PE_TTM":4.999432674838,"PB_TTM":1.32595255233,"REPORT_DATE_SQ":"2020-12-31 00:00:00","REPORT_TYPE_SQ":"2020年年报","OPERATE_INCOME_SQ":572428831.0349,"DPS_HKD":0.09,"OPERATE_INCOME_QOQ_SQ":-21.369884677073,"NET_PROFIT_RATIO_SQ":0.1229945535,"HOLDER_PROFIT_SQ":704056.2847,"HOLDER_PROFIT_QOQ_SQ":-82.238349607875,"ROE_AVG_SQ":0.328380295076,"PE_TTM_SQ":4.558585095966,"PB_TTM_SQ":1.493528185179,"ROA_SQ":0.16951022106,"START_DATE":"2021-01-01 00:00:00","FISCAL_YEAR":"12-31","CURRENCY":"HKD","IS_CNY_CODE":0,"DPS_HKD_LY":null,"ORG_TYPE":"一般企业","PREMIUM_INCOME":null,"PREMIUM_INCOME_YOY":null,"NET_INTEREST_INCOME":null,"NET_INTEREST_INCOME_YOY":null,"FEE_COMMISSION_INCOME":null,"FEE_COMMISSION_INCOME_YOY":null,"ACCOUNTS_RECE_TDAYS":12.994395592584,"INVENTORY_TDAYS":6.342774315643,"CURRENT_ASSETS_TDAYS":2.210421050194,"TOTAL_ASSETS_TDAYS":1.928302659741,"PREMIUM_EXPENSE":null,"LOAN_DEPOSIT":null,"LOAN_EQUITY":null,"LOAN_ASSETS":null,"DEPOSIT_EQUITY":null,"DEPOSIT_ASSETS":null,"EQUITY_MULTIPLIER":2.416064822965,"EQUITY_RATIO":1.416064822965},{"SECUCODE":"01346.HK","SECURITY_CODE":"01346","SECURITY_NAME_ABBR":"利华控股集团","ORG_CODE":"10000010044","STD_REPORT_DATE":"2021-06-30 00:00:00","REPORT_DATE":"2021-06-30 00:00:00","DATE_TYPE_CODE":"002","REPORT_TYPE":"2021年中报","PER_NETCASH_OPERATE":0.003280631036,"PER_OI":0.59021361797,"BPS":0.33486512094,"BASIC_EPS":0.01744227,"DILUTED_EPS":0.01744227,"OPERATE_INCOME":377205523.2444,"OPERATE_INCOME_YOY":57.2321242841,"GROSS_PROFIT":110679097.3922,"GROSS_PROFIT_YOY":48.318561977497,"HOLDER_PROFIT":11091306.9294,"HOLDER_PROFIT_YOY":177.296760449,"GROSS_PROFIT_RATIO":29.341854923076,"EPS_TTM":0.043060789216,"OPERATE_INCOME_QOQ":19.967505784126,"NET_PROFIT_RATIO":2.9403882621,"ROE_AVG":5.323643476623,"GROSS_PROFIT_QOQ":21.299488435072,"ROA":2.757597004323,"HOLDER_PROFIT_QOQ":3808.7997630511,"ROE_YEARLY":10.647286953247,"ROIC_YEARLY":7.535938870589,"TOTAL_ASSETS":401116304.2946,"TOTAL_LIABILITIES":187104005.502,"TAX_EBT":17.194869333925,"OCF_SALES":0.555837909627,"TOTAL_PARENT_EQUITY":214012298.7926,"DEBT_ASSET_RATIO":46.6458240412,"OPERATE_PROFIT":15176596.6482,"PRETAX_PROFIT":13394468.2415,"NETCASH_OPERATE":2096651.2954,"NETCASH_INVEST":-3420790.9126,"NETCASH_FINANCE":-12535048.838,"END_CASH":100954857.4445,"DIVI_RATIO":1.898562508677,"DIVIDEND_RATE":10.588235294118,"CURRENT_RATIO":2.107321726945,"COMMON_ACS":1000000000,"CURRENTDEBT_DEBT":89.622656753336,"ISSUED_COMMON_SHARES":639100000,"HK_COMMON_SHARES":639100000,"PER_SHARES":4000,"TOTAL_MARKET_CAP":543235000,"HKSK_MARKET_CAP":543235000,"PE_TTM":4.941299736758,"PB_TTM":1.310534499396,"REPORT_DATE_SQ":"2020-06-30 00:00:00","REPORT_TYPE_SQ":"2020年中报","OPERATE_INCOME_SQ":262905763.2975,"DPS_HKD":0.09,"OPERATE_INCOME_QOQ_SQ":-14.451214518835,"NET_PROFIT_RATIO_SQ":-5.9811496624,"HOLDER_PROFIT_SQ":-15724787.174,"HOLDER_PROFIT_QOQ_SQ":-88.257713883485,"ROE_AVG_SQ":-7.034995489685,"PE_TTM_SQ":4.504954683072,"PB_TTM_SQ":1.475957265353,"ROA_SQ":-3.91272884058,"START_DATE":"2021-01-01 00:00:00","FISCAL_YEAR":"12-31","CURRENCY":"HKD","IS_CNY_CODE":0,"DPS_HKD_LY":null,"ORG_TYPE":"一般企业","PREMIUM_INCOME":null,"PREMIUM_INCOME_YOY":null,"NET_INTEREST_INCOME":null,"NET_INTEREST_INCOME_YOY":null,"FEE_COMMISSION_INCOME":null,"FEE_COMMISSION_INCOME_YOY":null,"ACCOUNTS_RECE_TDAYS":8.533615536284,"INVENTORY_TDAYS":2.855152010208,"CURRENT_ASSETS_TDAYS":1.073506880417,"TOTAL_ASSETS_TDAYS":0.937834312524,"PREMIUM_EXPENSE":null,"LOAN_DEPOSIT":null,"LOAN_EQUITY":null,"LOAN_ASSETS":null,"DEPOSIT_EQUITY":null,"DEPOSIT_ASSETS":null,"EQUITY_MULTIPLIER":1.874267537694,"EQUITY_RATIO":0.874267537696},{"SECUCODE":"01346.HK","SECURITY_CODE":"01346","SECURITY_NAME_ABBR":"利华控股集团","ORG_CODE":"10000010044","STD_REPORT_DATE":"2020-12-31 00:00:00","REPORT_DATE":"2020-12-31 00:00:00","DATE_TYPE_CODE":"001","REPORT_TYPE":"2020年年报","PER_NETCASH_OPERATE":0.040159529254,"PER_OI":0.895679597927,"BPS":0.320296804782,"BASIC_EPS":0.00130498,"DILUTED_EPS":0.00130498,"OPERATE_INCOME":572428831.0349,"OPERATE_INCOME_YOY":-28.0803071952,"GROSS_PROFIT":169283617.2503,"GROSS_PROFIT_YOY":-32.042293179794,"HOLDER_PROFIT":704056.2847,"HOLDER_PROFIT_YOY":-97.7701223299,"GROSS_PROFIT_RATIO":29.572867066156,"EPS_TTM":0.001101637122,"OPERATE_INCOME_QOQ":-21.369884677073,"NET_PROFIT_RATIO":0.1229945535,"ROE_AVG":0.328380295076,"GROSS_PROFIT_QOQ":-19.778170167466,"ROA":0.16951022106,"HOLDER_PROFIT_QOQ":-82.238349607875,"ROE_YEARLY":0.328380295076,"ROIC_YEARLY":0.233230995542,"TOTAL_ASSETS":407347399.4573,"TOTAL_LIABILITIES":202645711.521,"TAX_EBT":-1373.68205408358,"OCF_SALES":4.483693649671,"TOTAL_PARENT_EQUITY":204701687.9363,"DEBT_ASSET_RATIO":49.7476384509,"OPERATE_PROFIT":4014333.8017,"PRETAX_PROFIT":47775.3178,"NETCASH_OPERATE":25665955.146,"NETCASH_INVEST":-5186897.4811,"NETCASH_FINANCE":-16369062.3043,"END_CASH":115899084.3416,"DIVI_RATIO":74.211006840544,"DIVIDEND_RATE":10.588235294118,"CURRENT_RATIO":2.029424870587,"COMMON_ACS":1000000000,"CURRENTDEBT_DEBT":85.807432007107,"ISSUED_COMMON_SHARES":639100000,"HK_COMMON_SHARES":639100000,"PER_SHARES":4000,"TOTAL_MARKET_CAP":543235000,"HKSK_MARKET_CAP":543235000,"PE_TTM":4.941299736758,"PB_TTM":1.310534499396,"REPORT_DATE_SQ":"2019-12-31 00:00:00","REPORT_TYPE_SQ":"2019年年报","OPERATE_INCOME_SQ":850978795.2204,"DPS_HKD":0.09,"OPERATE_INCOME_QOQ_SQ":6.994775654363,"NET_PROFIT_RATIO_SQ":3.9669129034,"HOLDER_PROFIT_SQ":33757587.633,"HOLDER_PROFIT_QOQ_SQ":-23.924976443757,"ROE_AVG_SQ":20.24412906075,"PE_TTM_SQ":4.504954683072,"PB_TTM_SQ":1.475957265353,"ROA_SQ":9.021690769925,"START_DATE":"2020-01-01 00:00:00","FISCAL_YEAR":"12-31","CURRENCY":"HKD","IS_CNY_CODE":0,"DPS_HKD_LY":0.04,"ORG_TYPE":"一般企业","PREMIUM_INCOME":null,"PREMIUM_INCOME_YOY":null,"NET_INTEREST_INCOME":null,"NET_INTEREST_INCOME_YOY":null,"FEE_COMMISSION_INCOME":null,"FEE_COMMISSION_INCOME_YOY":null,"ACCOUNTS_RECE_TDAYS":14.615161035167,"INVENTORY_TDAYS":4.755434374142,"CURRENT_ASSETS_TDAYS":1.51629892257,"TOTAL_ASSETS_TDAYS":1.378192905861,"PREMIUM_EXPENSE":null,"LOAN_DEPOSIT":null,"LOAN_EQUITY":null,"LOAN_ASSETS":null,"DEPOSIT_EQUITY":null,"DEPOSIT_ASSETS":null,"EQUITY_MULTIPLIER":1.989956231257,"EQUITY_RATIO":0.989956231255},{"SECUCODE":"01346.HK","SECURITY_CODE":"01346","SECURITY_NAME_ABBR":"利华控股集团","ORG_CODE":"10000010044","STD_REPORT_DATE":"2020-06-30 00:00:00","REPORT_DATE":"2020-06-30 00:00:00","DATE_TYPE_CODE":"002","REPORT_TYPE":"2020年中报","PER_NETCASH_OPERATE":0.023938676609,"PER_OI":0.410790255152,"BPS":0.319030971274,"BASIC_EPS":-0.02477825,"DILUTED_EPS":-0.02477825,"OPERATE_INCOME":262905763.2975,"OPERATE_INCOME_YOY":-33.8399005694,"GROSS_PROFIT":74622552.9135,"GROSS_PROFIT_YOY":-33.789250086035,"HOLDER_PROFIT":-15724787.174,"HOLDER_PROFIT_YOY":-208.5365895372,"GROSS_PROFIT_RATIO":28.383764576914,"EPS_TTM":0.006193613322,"OPERATE_INCOME_QOQ":-14.451214518835,"NET_PROFIT_RATIO":-5.9811496624,"ROE_AVG":-7.034995489685,"GROSS_PROFIT_QOQ":-15.287762742297,"ROA":-3.91272884058,"HOLDER_PROFIT_QOQ":-88.257713883485,"ROE_YEARLY":-14.06999097937,"ROIC_YEARLY":-10.782733554018,"TOTAL_ASSETS":344445129.301,"TOTAL_LIABILITIES":140552435.5595,"TAX_EBT":-2.093794915378,"OCF_SALES":5.827469446595,"TOTAL_PARENT_EQUITY":203892693.7415,"DEBT_ASSET_RATIO":40.8054646744,"OPERATE_PROFIT":-13365161.506,"PRETAX_PROFIT":-15402294.7105,"NETCASH_OPERATE":15320753.0295,"NETCASH_INVEST":-2109386.5815,"NETCASH_FINANCE":-33643702.5445,"END_CASH":99950441.1345,"DIVI_RATIO":13.199661611635,"DIVIDEND_RATE":10.588235294118,"CURRENT_RATIO":2.355930356959,"COMMON_ACS":1000000000,"CURRENTDEBT_DEBT":97.419021720215,"ISSUED_COMMON_SHARES":639100000,"HK_COMMON_SHARES":639100000,"PER_SHARES":4000,"TOTAL_MARKET_CAP":543235000,"HKSK_MARKET_CAP":543235000,"PE_TTM":4.941299736758,"PB_TTM":1.310534499396,"REPORT_DATE_SQ":"2019-06-30 00:00:00","REPORT_TYPE_SQ":"2019年中报","OPERATE_INCOME_SQ":385882534.5046,"DPS_HKD":0.09,"OPERATE_INCOME_QOQ_SQ":0,"NET_PROFIT_RATIO_SQ":3.6458991209,"HOLDER_PROFIT_SQ":14068887.9331,"HOLDER_PROFIT_QOQ_SQ":0,"ROE_AVG_SQ":null,"PE_TTM_SQ":4.504954683072,"PB_TTM_SQ":1.475957265353,"ROA_SQ":null,"START_DATE":"2020-01-01 00:00:00","FISCAL_YEAR":"12-31","CURRENCY":"HKD","IS_CNY_CODE":0,"DPS_HKD_LY":0.04,"ORG_TYPE":"一般企业","PREMIUM_INCOME":null,"PREMIUM_INCOME_YOY":null,"NET_INTEREST_INCOME":null,"NET_INTEREST_INCOME_YOY":null,"FEE_COMMISSION_INCOME":null,"FEE_COMMISSION_INCOME_YOY":null,"ACCOUNTS_RECE_TDAYS":5.320877472844,"INVENTORY_TDAYS":2.1221193496,"CURRENT_ASSETS_TDAYS":0.69284694239,"TOTAL_ASSETS_TDAYS":0.654176715415,"PREMIUM_EXPENSE":null,"LOAN_DEPOSIT":null,"LOAN_EQUITY":null,"LOAN_ASSETS":null,"DEPOSIT_EQUITY":null,"DEPOSIT_ASSETS":null,"EQUITY_MULTIPLIER":1.689345130424,"EQUITY_RATIO":0.689345130423}],"count":14},"success":true,"message":"ok","code":0}