{"version":"1d048df9ec1c2ae2e3177d2c2a443c83","result":{"pages":9,"data":[{"SECUCODE":"01349.HK","SECURITY_CODE":"01349","SECURITY_NAME_ABBR":"复旦张江","ORG_CODE":"10021138","STD_REPORT_DATE":"2024-09-30 00:00:00","REPORT_DATE":"2024-09-30 00:00:00","DATE_TYPE_CODE":"004","REPORT_TYPE":"2024年三季报","PER_NETCASH_OPERATE":-0.058030316463,"PER_OI":0.529484214364,"BPS":2.268928585865,"BASIC_EPS":0.08,"DILUTED_EPS":0.08,"OPERATE_INCOME":548848564,"OPERATE_INCOME_YOY":-22.4747112122,"GROSS_PROFIT":503793901,"GROSS_PROFIT_YOY":-22.848410375468,"HOLDER_PROFIT":86468604,"HOLDER_PROFIT_YOY":-3.8079516944,"GROSS_PROFIT_RATIO":91.791057505618,"EPS_TTM":0.101492542583,"OPERATE_INCOME_QOQ":-6.033492394513,"NET_PROFIT_RATIO":15.7004269761,"ROE_AVG":3.672122440689,"GROSS_PROFIT_QOQ":-6.88801828266,"ROA":3.14213758573,"HOLDER_PROFIT_QOQ":-4.932623187624,"ROE_YEARLY":4.896163254251,"ROIC_YEARLY":5.292408806232,"TOTAL_ASSETS":2627120117,"TOTAL_LIABILITIES":274499573,"TAX_EBT":-2.662243124787,"OCF_SALES":-10.95978215951,"TOTAL_PARENT_EQUITY":2351908069,"DEBT_ASSET_RATIO":10.4486875657,"OPERATE_PROFIT":81729808,"PRETAX_PROFIT":83936962,"NETCASH_OPERATE":-60152607,"NETCASH_INVEST":978667,"NETCASH_FINANCE":-97954111,"END_CASH":1038543194,"DIVI_RATIO":0.87221921401,"DIVIDEND_RATE":3.666503759398,"CURRENT_RATIO":6.233182136855,"COMMON_ACS":null,"CURRENTDEBT_DEBT":96.83045335739,"ISSUED_COMMON_SHARES":1036572100,"HK_COMMON_SHARES":326000000,"PER_SHARES":1000,"TOTAL_MARKET_CAP":2757281786,"HKSK_MARKET_CAP":867160000,"PE_TTM":23.407754790968,"PB_TTM":1.057222080476,"REPORT_DATE_SQ":"2023-09-30 00:00:00","REPORT_TYPE_SQ":"2023年三季报","OPERATE_INCOME_SQ":707960683,"DPS_HKD":0.097529,"OPERATE_INCOME_QOQ_SQ":-20.259427917676,"NET_PROFIT_RATIO_SQ":12.6859149324,"HOLDER_PROFIT_SQ":89891634,"HOLDER_PROFIT_QOQ_SQ":-21.180828101817,"ROE_AVG_SQ":3.914483269059,"PE_TTM_SQ":11.211136462404,"PB_TTM_SQ":0.932591108924,"ROA_SQ":3.035841836288,"START_DATE":"2024-01-01 00:00:00","FISCAL_YEAR":"12-31","CURRENCY":"HKD","IS_CNY_CODE":0,"DPS_HKD_LY":0.097529,"ORG_TYPE":"一般企业","PREMIUM_INCOME":null,"PREMIUM_INCOME_YOY":null,"NET_INTEREST_INCOME":null,"NET_INTEREST_INCOME_YOY":null,"FEE_COMMISSION_INCOME":null,"FEE_COMMISSION_INCOME_YOY":null,"ACCOUNTS_RECE_TDAYS":0.958381165318,"INVENTORY_TDAYS":0.991879985477,"CURRENT_ASSETS_TDAYS":0.311297502892,"TOTAL_ASSETS_TDAYS":0.1994432224,"PREMIUM_EXPENSE":null,"LOAN_DEPOSIT":null,"LOAN_EQUITY":null,"LOAN_ASSETS":null,"DEPOSIT_EQUITY":null,"DEPOSIT_ASSETS":null,"EQUITY_MULTIPLIER":1.116678218126,"EQUITY_RATIO":0.116713564028},{"SECUCODE":"01349.HK","SECURITY_CODE":"01349","SECURITY_NAME_ABBR":"复旦张江","ORG_CODE":"10021138","STD_REPORT_DATE":"2024-06-30 00:00:00","REPORT_DATE":"2024-06-30 00:00:00","DATE_TYPE_CODE":"002","REPORT_TYPE":"2024年中报","PER_NETCASH_OPERATE":0.026674023929,"PER_OI":0.393724530112,"BPS":2.273399338068,"BASIC_EPS":0.07,"DILUTED_EPS":0.07,"OPERATE_INCOME":408123863,"OPERATE_INCOME_YOY":-21.9391286429,"GROSS_PROFIT":378724015,"GROSS_PROFIT_YOY":-21.30420510736,"HOLDER_PROFIT":70473064,"HOLDER_PROFIT_YOY":2.9743265495,"GROSS_PROFIT_RATIO":92.796341830176,"EPS_TTM":0.106758539035,"OPERATE_INCOME_QOQ":-9.046025174,"NET_PROFIT_RATIO":17.2359470684,"ROE_AVG":2.989886559542,"GROSS_PROFIT_QOQ":-9.059043261228,"ROA":2.461776027281,"HOLDER_PROFIT_QOQ":8.293879592404,"ROE_YEARLY":5.979773119084,"ROIC_YEARLY":8.528964767168,"TOTAL_ASSETS":2848696380,"TOTAL_LIABILITIES":491273588,"TAX_EBT":2.553007121744,"OCF_SALES":6.774793514096,"TOTAL_PARENT_EQUITY":2356542326,"DEBT_ASSET_RATIO":17.2455580542,"OPERATE_PROFIT":70510717,"PRETAX_PROFIT":72186951,"NETCASH_OPERATE":27649549,"NETCASH_INVEST":4326668,"NETCASH_FINANCE":-5522836,"END_CASH":1222481006,"DIVI_RATIO":0.829195926813,"DIVIDEND_RATE":4.097857142857,"CURRENT_RATIO":3.884518775534,"COMMON_ACS":null,"CURRENTDEBT_DEBT":97.969224227866,"ISSUED_COMMON_SHARES":1036572100,"HK_COMMON_SHARES":326000000,"PER_SHARES":1000,"TOTAL_MARKET_CAP":2467041598,"HKSK_MARKET_CAP":775880000,"PE_TTM":20.943780602445,"PB_TTM":0.945935545689,"REPORT_DATE_SQ":"2023-06-30 00:00:00","REPORT_TYPE_SQ":"2023年中报","OPERATE_INCOME_SQ":522827706,"DPS_HKD":0.097529,"OPERATE_INCOME_QOQ_SQ":18.825953222402,"NET_PROFIT_RATIO_SQ":13.1218698268,"HOLDER_PROFIT_SQ":68437509,"HOLDER_PROFIT_QOQ_SQ":70.881127458177,"ROE_AVG_SQ":2.991155589074,"PE_TTM_SQ":11.16217953462,"PB_TTM_SQ":0.928518658667,"ROA_SQ":2.278584186747,"START_DATE":"2024-01-01 00:00:00","FISCAL_YEAR":"12-31","CURRENCY":"HKD","IS_CNY_CODE":0,"DPS_HKD_LY":0.097529,"ORG_TYPE":"一般企业","PREMIUM_INCOME":null,"PREMIUM_INCOME_YOY":null,"NET_INTEREST_INCOME":null,"NET_INTEREST_INCOME_YOY":null,"FEE_COMMISSION_INCOME":null,"FEE_COMMISSION_INCOME_YOY":null,"ACCOUNTS_RECE_TDAYS":0.688025632343,"INVENTORY_TDAYS":0.610184577015,"CURRENT_ASSETS_TDAYS":0.218304567946,"TOTAL_ASSETS_TDAYS":0.142566462286,"PREMIUM_EXPENSE":null,"LOAN_DEPOSIT":null,"LOAN_EQUITY":null,"LOAN_ASSETS":null,"DEPOSIT_EQUITY":null,"DEPOSIT_ASSETS":null,"EQUITY_MULTIPLIER":1.208394348976,"EQUITY_RATIO":0.208472210569},{"SECUCODE":"01349.HK","SECURITY_CODE":"01349","SECURITY_NAME_ABBR":"复旦张江","ORG_CODE":"10021138","STD_REPORT_DATE":"2024-03-31 00:00:00","REPORT_DATE":"2024-03-31 00:00:00","DATE_TYPE_CODE":"003","REPORT_TYPE":"2024年一季报","PER_NETCASH_OPERATE":0.042388163833,"PER_OI":0.142437857434,"BPS":2.27666953799,"BASIC_EPS":0,"DILUTED_EPS":0,"OPERATE_INCOME":147647109,"OPERATE_INCOME_YOY":-21.9407772193,"GROSS_PROFIT":136771623,"GROSS_PROFIT_YOY":-20.389771176131,"HOLDER_PROFIT":2347396,"HOLDER_PROFIT_YOY":-73.2860613181,"GROSS_PROFIT_RATIO":92.634135491268,"EPS_TTM":0.098582246233,"OPERATE_INCOME_QOQ":-4.878197114514,"NET_PROFIT_RATIO":1.5305941412,"ROE_AVG":0.099518939216,"GROSS_PROFIT_QOQ":-4.490414073732,"ROA":0.082335393174,"HOLDER_PROFIT_QOQ":-5.928305286749,"ROE_YEARLY":0.398075756865,"ROIC_YEARLY":0.574143930266,"TOTAL_ASSETS":2825346356,"TOTAL_LIABILITIES":464492233,"TAX_EBT":-70.009463869534,"OCF_SALES":29.759057456384,"TOTAL_PARENT_EQUITY":2359932124,"DEBT_ASSET_RATIO":16.4401873071,"OPERATE_PROFIT":98635,"PRETAX_PROFIT":1329266,"NETCASH_OPERATE":43938388,"NETCASH_INVEST":-3807572,"NETCASH_FINANCE":-2669076,"END_CASH":1233394449,"DIVI_RATIO":0.897968438568,"DIVIDEND_RATE":4.097857142857,"CURRENT_RATIO":4.046620687288,"COMMON_ACS":null,"CURRENTDEBT_DEBT":97.536469893997,"ISSUED_COMMON_SHARES":1036572100,"HK_COMMON_SHARES":326000000,"PER_SHARES":1000,"TOTAL_MARKET_CAP":2467041598,"HKSK_MARKET_CAP":775880000,"PE_TTM":20.943780602445,"PB_TTM":0.945935545689,"REPORT_DATE_SQ":"2023-03-31 00:00:00","REPORT_TYPE_SQ":"2023年一季报","OPERATE_INCOME_SQ":189147552,"DPS_HKD":0.097529,"OPERATE_INCOME_QOQ_SQ":4.688079793115,"NET_PROFIT_RATIO_SQ":4.6493453957,"HOLDER_PROFIT_SQ":8787158,"HOLDER_PROFIT_QOQ_SQ":2.798069710133,"ROE_AVG_SQ":0.38854190821,"PE_TTM_SQ":11.16217953462,"PB_TTM_SQ":0.928518658667,"ROA_SQ":0.301635111436,"START_DATE":"2024-01-01 00:00:00","FISCAL_YEAR":"12-31","CURRENCY":"HKD","IS_CNY_CODE":0,"DPS_HKD_LY":0.097529,"ORG_TYPE":"一般企业","PREMIUM_INCOME":null,"PREMIUM_INCOME_YOY":null,"NET_INTEREST_INCOME":null,"NET_INTEREST_INCOME_YOY":null,"FEE_COMMISSION_INCOME":null,"FEE_COMMISSION_INCOME_YOY":null,"ACCOUNTS_RECE_TDAYS":0.255517525521,"INVENTORY_TDAYS":0.240153150579,"CURRENT_ASSETS_TDAYS":0.079750110922,"TOTAL_ASSETS_TDAYS":0.051787524433,"PREMIUM_EXPENSE":null,"LOAN_DEPOSIT":null,"LOAN_EQUITY":null,"LOAN_ASSETS":null,"DEPOSIT_EQUITY":null,"DEPOSIT_ASSETS":null,"EQUITY_MULTIPLIER":1.196747536612,"EQUITY_RATIO":0.196824403667},{"SECUCODE":"01349.HK","SECURITY_CODE":"01349","SECURITY_NAME_ABBR":"复旦张江","ORG_CODE":"10021138","STD_REPORT_DATE":"2023-12-31 00:00:00","REPORT_DATE":"2023-12-31 00:00:00","DATE_TYPE_CODE":"001","REPORT_TYPE":"2023年年报","PER_NETCASH_OPERATE":0.068509899118,"PER_OI":0.820717837187,"BPS":2.274375174674,"BASIC_EPS":0.11,"DILUTED_EPS":0.11,"OPERATE_INCOME":850733212,"OPERATE_INCOME_YOY":-17.4974450469,"GROSS_PROFIT":780105051,"GROSS_PROFIT_YOY":-17.632046478158,"HOLDER_PROFIT":108627368,"HOLDER_PROFIT_YOY":-21.2828606004,"GROSS_PROFIT_RATIO":91.697965942348,"EPS_TTM":0.104794802021,"OPERATE_INCOME_QOQ":-16.827547036329,"NET_PROFIT_RATIO":12.7478105322,"ROE_AVG":4.707929102377,"GROSS_PROFIT_QOQ":-16.912534086343,"ROA":3.712046231755,"HOLDER_PROFIT_QOQ":-43.146346926633,"ROE_YEARLY":4.707929102377,"ROIC_YEARLY":6.445642711053,"TOTAL_ASSETS":2876687507,"TOTAL_LIABILITIES":518124139,"TAX_EBT":-11.198617776301,"OCF_SALES":8.347558200185,"TOTAL_PARENT_EQUITY":2357553851,"DEBT_ASSET_RATIO":18.0111373842,"OPERATE_PROFIT":93824425,"PRETAX_PROFIT":97528063,"NETCASH_OPERATE":71015450,"NETCASH_INVEST":-45376525,"NETCASH_FINANCE":-118977359,"END_CASH":1195895997,"DIVI_RATIO":0.844734128151,"DIVIDEND_RATE":4.097857142857,"CURRENT_RATIO":3.701693343949,"COMMON_ACS":null,"CURRENTDEBT_DEBT":97.470626050102,"ISSUED_COMMON_SHARES":1036572100,"HK_COMMON_SHARES":326000000,"PER_SHARES":1000,"TOTAL_MARKET_CAP":2467041598,"HKSK_MARKET_CAP":775880000,"PE_TTM":20.943780602445,"PB_TTM":0.945935545689,"REPORT_DATE_SQ":"2022-12-31 00:00:00","REPORT_TYPE_SQ":"2022年年报","OPERATE_INCOME_SQ":1031159838,"DPS_HKD":0.097529,"OPERATE_INCOME_QOQ_SQ":-10.989132642023,"NET_PROFIT_RATIO_SQ":13.3124073438,"HOLDER_PROFIT_SQ":137997098,"HOLDER_PROFIT_QOQ_SQ":4.936503221508,"ROE_AVG_SQ":6.202049657868,"PE_TTM_SQ":11.16217953462,"PB_TTM_SQ":0.928518658667,"ROA_SQ":4.793913305681,"START_DATE":"2023-01-01 00:00:00","FISCAL_YEAR":"12-31","CURRENCY":"HKD","IS_CNY_CODE":0,"DPS_HKD_LY":0.0798,"ORG_TYPE":"一般企业","PREMIUM_INCOME":null,"PREMIUM_INCOME_YOY":null,"NET_INTEREST_INCOME":null,"NET_INTEREST_INCOME_YOY":null,"FEE_COMMISSION_INCOME":null,"FEE_COMMISSION_INCOME_YOY":null,"ACCOUNTS_RECE_TDAYS":1.309213732796,"INVENTORY_TDAYS":1.678064584954,"CURRENT_ASSETS_TDAYS":0.431996272325,"TOTAL_ASSETS_TDAYS":0.29071504465,"PREMIUM_EXPENSE":null,"LOAN_DEPOSIT":null,"LOAN_EQUITY":null,"LOAN_ASSETS":null,"DEPOSIT_EQUITY":null,"DEPOSIT_ASSETS":null,"EQUITY_MULTIPLIER":1.219677853913,"EQUITY_RATIO":0.219771921129},{"SECUCODE":"01349.HK","SECURITY_CODE":"01349","SECURITY_NAME_ABBR":"复旦张江","ORG_CODE":"10021138","STD_REPORT_DATE":"2023-09-30 00:00:00","REPORT_DATE":"2023-09-30 00:00:00","DATE_TYPE_CODE":"004","REPORT_TYPE":"2023年三季报","PER_NETCASH_OPERATE":0.001651798269,"PER_OI":0.682982575935,"BPS":2.253262635566,"BASIC_EPS":0.09,"DILUTED_EPS":0.09,"OPERATE_INCOME":707960683,"OPERATE_INCOME_YOY":-1.15952694,"GROSS_PROFIT":652992250,"GROSS_PROFIT_YOY":-1.240420072824,"HOLDER_PROFIT":89891634,"HOLDER_PROFIT_YOY":144.1125689075,"GROSS_PROFIT_RATIO":92.235665861122,"EPS_TTM":0.184323779311,"OPERATE_INCOME_QOQ":-20.259427917676,"NET_PROFIT_RATIO":12.6859149324,"ROE_AVG":3.914483269059,"GROSS_PROFIT_QOQ":-20.783787556473,"ROA":3.035841836288,"HOLDER_PROFIT_QOQ":-21.180828101817,"ROE_YEARLY":5.219311025413,"ROIC_YEARLY":5.298288714237,"TOTAL_ASSETS":2946016262,"TOTAL_LIABILITIES":609240398,"TAX_EBT":-7.034895901985,"OCF_SALES":0.241850718707,"TOTAL_PARENT_EQUITY":2335669182,"DEBT_ASSET_RATIO":20.6801437541,"OPERATE_PROFIT":83927841,"PRETAX_PROFIT":83908420,"NETCASH_OPERATE":1712208,"NETCASH_INVEST":-35490426,"NETCASH_FINANCE":-13169236,"END_CASH":1242462297,"DIVI_RATIO":0.480262210611,"DIVIDEND_RATE":4.097857142857,"CURRENT_RATIO":3.422915873565,"COMMON_ACS":null,"CURRENTDEBT_DEBT":93.512332713039,"ISSUED_COMMON_SHARES":1036572100,"HK_COMMON_SHARES":326000000,"PER_SHARES":1000,"TOTAL_MARKET_CAP":2467041598,"HKSK_MARKET_CAP":775880000,"PE_TTM":20.943780602445,"PB_TTM":0.945935545689,"REPORT_DATE_SQ":"2022-09-30 00:00:00","REPORT_TYPE_SQ":"2022年三季报","OPERATE_INCOME_SQ":716265980,"DPS_HKD":0.097529,"OPERATE_INCOME_QOQ_SQ":14.412276981522,"NET_PROFIT_RATIO_SQ":5.129372611,"HOLDER_PROFIT_SQ":36823845,"HOLDER_PROFIT_QOQ_SQ":17.587905958241,"ROE_AVG_SQ":1.670309783645,"PE_TTM_SQ":11.16217953462,"PB_TTM_SQ":0.928518658667,"ROA_SQ":1.294416085901,"START_DATE":"2023-01-01 00:00:00","FISCAL_YEAR":"12-31","CURRENCY":"HKD","IS_CNY_CODE":0,"DPS_HKD_LY":0.0798,"ORG_TYPE":"一般企业","PREMIUM_INCOME":null,"PREMIUM_INCOME_YOY":null,"NET_INTEREST_INCOME":null,"NET_INTEREST_INCOME_YOY":null,"FEE_COMMISSION_INCOME":null,"FEE_COMMISSION_INCOME_YOY":null,"ACCOUNTS_RECE_TDAYS":1.064663910703,"INVENTORY_TDAYS":1.346363780964,"CURRENT_ASSETS_TDAYS":0.352282779999,"TOTAL_ASSETS_TDAYS":0.239094180878,"PREMIUM_EXPENSE":null,"LOAN_DEPOSIT":null,"LOAN_EQUITY":null,"LOAN_ASSETS":null,"DEPOSIT_EQUITY":null,"DEPOSIT_ASSETS":null,"EQUITY_MULTIPLIER":1.260718371576,"EQUITY_RATIO":0.260841904622},{"SECUCODE":"01349.HK","SECURITY_CODE":"01349","SECURITY_NAME_ABBR":"复旦张江","ORG_CODE":"10021138","STD_REPORT_DATE":"2023-06-30 00:00:00","REPORT_DATE":"2023-06-30 00:00:00","DATE_TYPE_CODE":"002","REPORT_TYPE":"2023年中报","PER_NETCASH_OPERATE":-0.10491711768,"PER_OI":0.504381418331,"BPS":2.237074518984,"BASIC_EPS":0.07,"DILUTED_EPS":0.07,"OPERATE_INCOME":522827706,"OPERATE_INCOME_YOY":92.7406666693,"GROSS_PROFIT":481250638,"GROSS_PROFIT_YOY":97.951000699493,"HOLDER_PROFIT":68437509,"HOLDER_PROFIT_YOY":290.2387009971,"GROSS_PROFIT_RATIO":92.047654031556,"EPS_TTM":0.233856528649,"OPERATE_INCOME_QOQ":18.825953222402,"NET_PROFIT_RATIO":13.1218698268,"ROE_AVG":2.991155589074,"GROSS_PROFIT_QOQ":19.873753122861,"ROA":2.278584186747,"HOLDER_PROFIT_QOQ":70.881127458177,"ROE_YEARLY":5.982311178148,"ROIC_YEARLY":7.83355203072,"TOTAL_ASSETS":3031013175,"TOTAL_LIABILITIES":716037743,"TAX_EBT":-8.153468179033,"OCF_SALES":-20.801146487061,"TOTAL_PARENT_EQUITY":2318889032,"DEBT_ASSET_RATIO":23.6237093559,"OPERATE_PROFIT":63004247,"PRETAX_PROFIT":63432798,"NETCASH_OPERATE":-108754157,"NETCASH_INVEST":-8708195,"NETCASH_FINANCE":59158213,"END_CASH":1231128499,"DIVI_RATIO":0.378538697344,"DIVIDEND_RATE":4.097857142857,"CURRENT_RATIO":3.031594700922,"COMMON_ACS":null,"CURRENTDEBT_DEBT":94.12155135515,"ISSUED_COMMON_SHARES":1036572100,"HK_COMMON_SHARES":326000000,"PER_SHARES":1000,"TOTAL_MARKET_CAP":2467041598,"HKSK_MARKET_CAP":775880000,"PE_TTM":20.943780602445,"PB_TTM":0.945935545689,"REPORT_DATE_SQ":"2022-06-30 00:00:00","REPORT_TYPE_SQ":"2022年中报","OPERATE_INCOME_SQ":271259675,"DPS_HKD":0.097529,"OPERATE_INCOME_QOQ_SQ":-12.328167398499,"NET_PROFIT_RATIO_SQ":-13.279114192,"HOLDER_PROFIT_SQ":-35974546,"HOLDER_PROFIT_QOQ_SQ":-47.520650273053,"ROE_AVG_SQ":-1.665879684676,"PE_TTM_SQ":11.16217953462,"PB_TTM_SQ":0.928518658667,"ROA_SQ":-1.312194449387,"START_DATE":"2023-01-01 00:00:00","FISCAL_YEAR":"12-31","CURRENCY":"HKD","IS_CNY_CODE":0,"DPS_HKD_LY":0.0798,"ORG_TYPE":"一般企业","PREMIUM_INCOME":null,"PREMIUM_INCOME_YOY":null,"NET_INTEREST_INCOME":null,"NET_INTEREST_INCOME_YOY":null,"FEE_COMMISSION_INCOME":null,"FEE_COMMISSION_INCOME_YOY":null,"ACCOUNTS_RECE_TDAYS":0.736783055007,"INVENTORY_TDAYS":0.923198234831,"CURRENT_ASSETS_TDAYS":0.254273880698,"TOTAL_ASSETS_TDAYS":0.174072224529,"PREMIUM_EXPENSE":null,"LOAN_DEPOSIT":null,"LOAN_EQUITY":null,"LOAN_ASSETS":null,"DEPOSIT_EQUITY":null,"DEPOSIT_ASSETS":null,"EQUITY_MULTIPLIER":1.309306843219,"EQUITY_RATIO":0.308784824594},{"SECUCODE":"01349.HK","SECURITY_CODE":"01349","SECURITY_NAME_ABBR":"复旦张江","ORG_CODE":"10021138","STD_REPORT_DATE":"2023-03-31 00:00:00","REPORT_DATE":"2023-03-31 00:00:00","DATE_TYPE_CODE":"003","REPORT_TYPE":"2023年一季报","PER_NETCASH_OPERATE":-0.155743648202,"PER_OI":0.183816862974,"BPS":2.186093302145,"BASIC_EPS":0.01,"DILUTED_EPS":0.01,"OPERATE_INCOME":189147552,"OPERATE_INCOME_YOY":34.3320676009,"GROSS_PROFIT":171801570,"GROSS_PROFIT_YOY":31.987027253466,"HOLDER_PROFIT":8787158,"HOLDER_PROFIT_YOY":78.3867445218,"GROSS_PROFIT_RATIO":90.829391225745,"EPS_TTM":0.137860401361,"OPERATE_INCOME_QOQ":4.688079793115,"NET_PROFIT_RATIO":4.6493453957,"ROE_AVG":0.38854190821,"GROSS_PROFIT_QOQ":4.396174747619,"ROA":0.301635111436,"HOLDER_PROFIT_QOQ":2.798069710133,"ROE_YEARLY":1.55416763284,"ROIC_YEARLY":1.922165072757,"TOTAL_ASSETS":2850342292,"TOTAL_LIABILITIES":588372864,"TAX_EBT":-304.693858486142,"OCF_SALES":-84.727617304822,"TOTAL_PARENT_EQUITY":2266043325,"DEBT_ASSET_RATIO":20.6421827179,"OPERATE_PROFIT":2120611,"PRETAX_PROFIT":2173031,"NETCASH_OPERATE":-160260214,"NETCASH_INVEST":-235735353,"NETCASH_FINANCE":-5251044,"END_CASH":888009829,"DIVI_RATIO":0.642125982852,"DIVIDEND_RATE":4.097857142857,"CURRENT_RATIO":3.434612551928,"COMMON_ACS":null,"CURRENTDEBT_DEBT":92.23284063624,"ISSUED_COMMON_SHARES":1036572100,"HK_COMMON_SHARES":326000000,"PER_SHARES":1000,"TOTAL_MARKET_CAP":2467041598,"HKSK_MARKET_CAP":775880000,"PE_TTM":20.943780602445,"PB_TTM":0.945935545689,"REPORT_DATE_SQ":"2022-03-31 00:00:00","REPORT_TYPE_SQ":"2022年一季报","OPERATE_INCOME_SQ":140805956,"DPS_HKD":0.097529,"OPERATE_INCOME_QOQ_SQ":1.28056935886,"NET_PROFIT_RATIO_SQ":3.416062883,"HOLDER_PROFIT_SQ":4925903,"HOLDER_PROFIT_QOQ_SQ":-0.089750026815,"ROE_AVG_SQ":0.224529452165,"PE_TTM_SQ":11.16217953462,"PB_TTM_SQ":0.928518658667,"ROA_SQ":0.179289268371,"START_DATE":"2023-01-01 00:00:00","FISCAL_YEAR":"12-31","CURRENCY":"HKD","IS_CNY_CODE":0,"DPS_HKD_LY":0.0798,"ORG_TYPE":"一般企业","PREMIUM_INCOME":null,"PREMIUM_INCOME_YOY":null,"NET_INTEREST_INCOME":null,"NET_INTEREST_INCOME_YOY":null,"FEE_COMMISSION_INCOME":null,"FEE_COMMISSION_INCOME_YOY":null,"ACCOUNTS_RECE_TDAYS":0.279335439526,"INVENTORY_TDAYS":0.383981232051,"CURRENT_ASSETS_TDAYS":0.096183397878,"TOTAL_ASSETS_TDAYS":0.064928322588,"PREMIUM_EXPENSE":null,"LOAN_DEPOSIT":null,"LOAN_EQUITY":null,"LOAN_ASSETS":null,"DEPOSIT_EQUITY":null,"DEPOSIT_ASSETS":null,"EQUITY_MULTIPLIER":1.26011530338,"EQUITY_RATIO":0.259647667593},{"SECUCODE":"01349.HK","SECURITY_CODE":"01349","SECURITY_NAME_ABBR":"复旦张江","ORG_CODE":"10021138","STD_REPORT_DATE":"2022-12-31 00:00:00","REPORT_DATE":"2022-12-31 00:00:00","DATE_TYPE_CODE":"001","REPORT_TYPE":"2022年年报","PER_NETCASH_OPERATE":0.160610905734,"PER_OI":1.00209896793,"BPS":2.177467652274,"BASIC_EPS":0.13,"DILUTED_EPS":0.13,"OPERATE_INCOME":1031159838,"OPERATE_INCOME_YOY":-9.5722175908,"GROSS_PROFIT":947097770,"GROSS_PROFIT_YOY":-10.596982376645,"HOLDER_PROFIT":137997098,"HOLDER_PROFIT_YOY":-35.3024648526,"GROSS_PROFIT_RATIO":91.847813995254,"EPS_TTM":0.134107966958,"OPERATE_INCOME_QOQ":-10.989132642023,"NET_PROFIT_RATIO":13.3124073438,"ROE_AVG":6.202049657868,"GROSS_PROFIT_QOQ":-11.608630023579,"ROA":4.793913305681,"HOLDER_PROFIT_QOQ":4.936503221508,"ROE_YEARLY":6.202049657868,"ROIC_YEARLY":8.449406855376,"TOTAL_ASSETS":2976007272,"TOTAL_LIABILITIES":722985917,"TAX_EBT":-3.763335457599,"OCF_SALES":16.027449470933,"TOTAL_PARENT_EQUITY":2257102217,"DEBT_ASSET_RATIO":24.2938222565,"OPERATE_PROFIT":123504941,"PRETAX_PROFIT":132293548,"NETCASH_OPERATE":165268622,"NETCASH_INVEST":-96747569,"NETCASH_FINANCE":11607930,"END_CASH":1289302664,"DIVI_RATIO":0.660093115479,"DIVIDEND_RATE":4.097857142857,"CURRENT_RATIO":3.073003038725,"COMMON_ACS":null,"CURRENTDEBT_DEBT":93.133792535547,"ISSUED_COMMON_SHARES":1036572100,"HK_COMMON_SHARES":326000000,"PER_SHARES":1000,"TOTAL_MARKET_CAP":2467041598,"HKSK_MARKET_CAP":775880000,"PE_TTM":20.943780602445,"PB_TTM":0.945935545689,"REPORT_DATE_SQ":"2021-12-31 00:00:00","REPORT_TYPE_SQ":"2021年年报","OPERATE_INCOME_SQ":1140313088,"DPS_HKD":0.097529,"OPERATE_INCOME_QOQ_SQ":10.100340521489,"NET_PROFIT_RATIO_SQ":18.6247713225,"HOLDER_PROFIT_SQ":213295758,"HOLDER_PROFIT_QOQ_SQ":7.492143795801,"ROE_AVG_SQ":10.147574442981,"PE_TTM_SQ":11.16217953462,"PB_TTM_SQ":0.928518658667,"ROA_SQ":8.076519283342,"START_DATE":"2022-01-01 00:00:00","FISCAL_YEAR":"12-31","CURRENCY":"HKD","IS_CNY_CODE":0,"DPS_HKD_LY":0.0859,"ORG_TYPE":"一般企业","PREMIUM_INCOME":null,"PREMIUM_INCOME_YOY":null,"NET_INTEREST_INCOME":null,"NET_INTEREST_INCOME_YOY":null,"FEE_COMMISSION_INCOME":null,"FEE_COMMISSION_INCOME_YOY":null,"ACCOUNTS_RECE_TDAYS":1.52582314808,"INVENTORY_TDAYS":2.207744717662,"CURRENT_ASSETS_TDAYS":0.515949524214,"TOTAL_ASSETS_TDAYS":0.358217016105,"PREMIUM_EXPENSE":null,"LOAN_DEPOSIT":null,"LOAN_EQUITY":null,"LOAN_ASSETS":null,"DEPOSIT_EQUITY":null,"DEPOSIT_ASSETS":null,"EQUITY_MULTIPLIER":1.320896167005,"EQUITY_RATIO":0.320315983722},{"SECUCODE":"01349.HK","SECURITY_CODE":"01349","SECURITY_NAME_ABBR":"复旦张江","ORG_CODE":"10021138","STD_REPORT_DATE":"2022-09-30 00:00:00","REPORT_DATE":"2022-09-30 00:00:00","DATE_TYPE_CODE":"004","REPORT_TYPE":"2022年三季报","PER_NETCASH_OPERATE":0.190653833819,"PER_OI":0.696079669582,"BPS":2.138083282388,"BASIC_EPS":0.04,"DILUTED_EPS":0.04,"OPERATE_INCOME":716265980,"OPERATE_INCOME_YOY":2.6001509728,"GROSS_PROFIT":661193831,"GROSS_PROFIT_YOY":1.867974419209,"HOLDER_PROFIT":36823845,"HOLDER_PROFIT_YOY":-68.9549621643,"GROSS_PROFIT_RATIO":92.311215311385,"EPS_TTM":0.127799157434,"OPERATE_INCOME_QOQ":14.412276981522,"NET_PROFIT_RATIO":5.129372611,"ROE_AVG":1.670309783645,"GROSS_PROFIT_QOQ":15.364866027044,"ROA":1.294416085901,"HOLDER_PROFIT_QOQ":17.587905958241,"ROE_YEARLY":2.227079711527,"ROIC_YEARLY":2.265792214495,"TOTAL_ASSETS":2908473496,"TOTAL_LIABILITIES":695635874,"TAX_EBT":-22.592876156505,"OCF_SALES":27.389656981894,"TOTAL_PARENT_EQUITY":2216277478,"DEBT_ASSET_RATIO":23.9175593299,"OPERATE_PROFIT":27978429,"PRETAX_PROFIT":29969075,"NETCASH_OPERATE":196182795,"NETCASH_INVEST":-79977072,"NETCASH_FINANCE":-88302716,"END_CASH":1237143906,"DIVI_RATIO":0.69267863339,"DIVIDEND_RATE":4.097857142857,"CURRENT_RATIO":3.104992679115,"COMMON_ACS":null,"CURRENTDEBT_DEBT":92.364512529439,"ISSUED_COMMON_SHARES":1036572100,"HK_COMMON_SHARES":326000000,"PER_SHARES":1000,"TOTAL_MARKET_CAP":2467041598,"HKSK_MARKET_CAP":775880000,"PE_TTM":20.943780602445,"PB_TTM":0.945935545689,"REPORT_DATE_SQ":"2021-09-30 00:00:00","REPORT_TYPE_SQ":"2021年三季报","OPERATE_INCOME_SQ":698113963,"DPS_HKD":0.097529,"OPERATE_INCOME_QOQ_SQ":3.858568717908,"NET_PROFIT_RATIO_SQ":16.892212196,"HOLDER_PROFIT_SQ":118614270,"HOLDER_PROFIT_QOQ_SQ":-1.313077264742,"ROE_AVG_SQ":5.816225523803,"PE_TTM_SQ":11.16217953462,"PB_TTM_SQ":0.928518658667,"ROA_SQ":4.703386545796,"START_DATE":"2022-01-01 00:00:00","FISCAL_YEAR":"12-31","CURRENCY":"HKD","IS_CNY_CODE":0,"DPS_HKD_LY":0.0859,"ORG_TYPE":"一般企业","PREMIUM_INCOME":null,"PREMIUM_INCOME_YOY":null,"NET_INTEREST_INCOME":null,"NET_INTEREST_INCOME_YOY":null,"FEE_COMMISSION_INCOME":null,"FEE_COMMISSION_INCOME_YOY":null,"ACCOUNTS_RECE_TDAYS":1.04038609933,"INVENTORY_TDAYS":1.561885740506,"CURRENT_ASSETS_TDAYS":0.365165363002,"TOTAL_ASSETS_TDAYS":0.251778760826,"PREMIUM_EXPENSE":null,"LOAN_DEPOSIT":null,"LOAN_EQUITY":null,"LOAN_ASSETS":null,"DEPOSIT_EQUITY":null,"DEPOSIT_ASSETS":null,"EQUITY_MULTIPLIER":1.314363723341,"EQUITY_RATIO":0.313875803416}],"count":81},"success":true,"message":"ok","code":0}