{"version":"5844fa91e0cff99c1dd85fb0b39817a6","result":{"pages":3,"data":[{"SECUCODE":"01345.HK","SECURITY_CODE":"01345","SECURITY_NAME_ABBR":"上海先锋控股","ORG_CODE":"10344201","STD_REPORT_DATE":"2024-06-30 00:00:00","REPORT_DATE":"2024-06-30 00:00:00","DATE_TYPE_CODE":"002","REPORT_TYPE":"2024年中报","PER_NETCASH_OPERATE":0.073914049658,"PER_OI":0.650502963544,"BPS":0.891613722089,"BASIC_EPS":0.08,"DILUTED_EPS":0.08,"OPERATE_INCOME":817973000,"OPERATE_INCOME_YOY":11.0002429059,"GROSS_PROFIT":350493000,"GROSS_PROFIT_YOY":10.765832245668,"HOLDER_PROFIT":94955000,"HOLDER_PROFIT_YOY":23.3165803042,"GROSS_PROFIT_RATIO":42.848969342509,"EPS_TTM":0.130162145999,"OPERATE_INCOME_QOQ":5.174149295992,"NET_PROFIT_RATIO":10.7431418885,"ROE_AVG":8.926019928558,"GROSS_PROFIT_QOQ":5.097876657902,"ROA":6.237766951036,"HOLDER_PROFIT_QOQ":12.321058482823,"ROE_YEARLY":17.852039857116,"ROIC_YEARLY":13.714849424444,"TOTAL_ASSETS":1513614000,"TOTAL_LIABILITIES":388212000,"TAX_EBT":27.568556662793,"OCF_SALES":11.362599988019,"TOTAL_PARENT_EQUITY":1121157000,"DEBT_ASSET_RATIO":25.6480185833,"OPERATE_PROFIT":126820000,"PRETAX_PROFIT":121323000,"NETCASH_OPERATE":92943000,"NETCASH_INVEST":-11712000,"NETCASH_FINANCE":-50601000,"END_CASH":145116000,"DIVI_RATIO":0.50366348447,"DIVIDEND_RATE":3.063829787234,"CURRENT_RATIO":3.22597104684,"COMMON_ACS":3000000000,"CURRENTDEBT_DEBT":83.096349417329,"ISSUED_COMMON_SHARES":1257447000,"HK_COMMON_SHARES":1257447000,"PER_SHARES":1000,"TOTAL_MARKET_CAP":2955000450,"HKSK_MARKET_CAP":2955000450,"PE_TTM":16.297124880152,"PB_TTM":2.405523767595,"REPORT_DATE_SQ":"2023-06-30 00:00:00","REPORT_TYPE_SQ":"2023年中报","OPERATE_INCOME_SQ":736911000,"DPS_HKD":0.072,"OPERATE_INCOME_QOQ_SQ":4.980656024267,"NET_PROFIT_RATIO_SQ":9.8057974437,"HOLDER_PROFIT_SQ":77001000,"HOLDER_PROFIT_QOQ_SQ":-19.21707126343,"ROE_AVG_SQ":7.739120646299,"PE_TTM_SQ":11.032753914635,"PB_TTM_SQ":2.113018029774,"ROA_SQ":5.124271963542,"START_DATE":"2024-01-01 00:00:00","FISCAL_YEAR":"12-31","CURRENCY":"HKD","IS_CNY_CODE":0,"DPS_HKD_LY":0.072,"ORG_TYPE":"一般企业","PREMIUM_INCOME":null,"PREMIUM_INCOME_YOY":null,"NET_INTEREST_INCOME":null,"NET_INTEREST_INCOME_YOY":null,"FEE_COMMISSION_INCOME":null,"FEE_COMMISSION_INCOME_YOY":null,"ACCOUNTS_RECE_TDAYS":1.48026772376,"INVENTORY_TDAYS":1.26125226799,"CURRENT_ASSETS_TDAYS":0.76175722145,"TOTAL_ASSETS_TDAYS":0.537341366567,"PREMIUM_EXPENSE":null,"LOAN_DEPOSIT":null,"LOAN_EQUITY":null,"LOAN_ASSETS":null,"DEPOSIT_EQUITY":null,"DEPOSIT_ASSETS":null,"EQUITY_MULTIPLIER":1.344954069745,"EQUITY_RATIO":0.346260158033},{"SECUCODE":"01345.HK","SECURITY_CODE":"01345","SECURITY_NAME_ABBR":"上海先锋控股","ORG_CODE":"10344201","STD_REPORT_DATE":"2023-12-31 00:00:00","REPORT_DATE":"2023-12-31 00:00:00","DATE_TYPE_CODE":"001","REPORT_TYPE":"2023年年报","PER_NETCASH_OPERATE":-0.094386483088,"PER_OI":1.245915732432,"BPS":0.800386020246,"BASIC_EPS":0.12,"DILUTED_EPS":null,"OPERATE_INCOME":1566673000,"OPERATE_INCOME_YOY":0.6833371893,"GROSS_PROFIT":668239000,"GROSS_PROFIT_YOY":-14.379486101893,"HOLDER_PROFIT":145718000,"HOLDER_PROFIT_YOY":-38.0703454372,"GROSS_PROFIT_RATIO":42.653380762929,"EPS_TTM":0.115884009425,"OPERATE_INCOME_QOQ":-4.093438732178,"NET_PROFIT_RATIO":8.2338177782,"ROE_AVG":14.468731987686,"GROSS_PROFIT_QOQ":-9.762427872897,"ROA":9.393367825146,"HOLDER_PROFIT_QOQ":-23.338190962705,"ROE_YEARLY":14.468731987686,"ROIC_YEARLY":10.604891766322,"TOTAL_ASSETS":1530905000,"TOTAL_LIABILITIES":513138000,"TAX_EBT":28.512923390672,"OCF_SALES":-7.575671502605,"TOTAL_PARENT_EQUITY":1006443000,"DEBT_ASSET_RATIO":33.5186050081,"OPERATE_PROFIT":183213000,"PRETAX_PROFIT":180448000,"NETCASH_OPERATE":-118686000,"NETCASH_INVEST":69507000,"NETCASH_FINANCE":-50562000,"END_CASH":114427000,"DIVI_RATIO":0.565720156949,"DIVIDEND_RATE":3.116883116883,"CURRENT_RATIO":2.500460819083,"COMMON_ACS":3000000000,"CURRENTDEBT_DEBT":86.271139537512,"ISSUED_COMMON_SHARES":1257447000,"HK_COMMON_SHARES":1257447000,"PER_SHARES":1000,"TOTAL_MARKET_CAP":2904702570,"HKSK_MARKET_CAP":2904702570,"PE_TTM":16.019727009851,"PB_TTM":2.36457868219,"REPORT_DATE_SQ":"2022-12-31 00:00:00","REPORT_TYPE_SQ":"2022年年报","OPERATE_INCOME_SQ":1556040000,"DPS_HKD":0.072,"OPERATE_INCOME_QOQ_SQ":10.4830527188,"NET_PROFIT_RATIO_SQ":14.7778977404,"HOLDER_PROFIT_SQ":235296000,"HOLDER_PROFIT_QOQ_SQ":20.071646178105,"ROE_AVG_SQ":24.564066533944,"PE_TTM_SQ":10.478034444067,"PB_TTM_SQ":2.006776899785,"ROA_SQ":16.226504614943,"START_DATE":"2023-01-01 00:00:00","FISCAL_YEAR":"12-31","CURRENCY":"HKD","IS_CNY_CODE":0,"DPS_HKD_LY":0.072,"ORG_TYPE":"一般企业","PREMIUM_INCOME":null,"PREMIUM_INCOME_YOY":null,"NET_INTEREST_INCOME":null,"NET_INTEREST_INCOME_YOY":null,"FEE_COMMISSION_INCOME":null,"FEE_COMMISSION_INCOME_YOY":null,"ACCOUNTS_RECE_TDAYS":3.078272624476,"INVENTORY_TDAYS":2.431268655303,"CURRENT_ASSETS_TDAYS":1.397655872941,"TOTAL_ASSETS_TDAYS":1.009918867314,"PREMIUM_EXPENSE":null,"LOAN_DEPOSIT":null,"LOAN_EQUITY":null,"LOAN_ASSETS":null,"DEPOSIT_EQUITY":null,"DEPOSIT_ASSETS":null,"EQUITY_MULTIPLIER":1.504180229855,"EQUITY_RATIO":0.509853017011},{"SECUCODE":"01345.HK","SECURITY_CODE":"01345","SECURITY_NAME_ABBR":"上海先锋控股","ORG_CODE":"10344201","STD_REPORT_DATE":"2023-06-30 00:00:00","REPORT_DATE":"2023-06-30 00:00:00","DATE_TYPE_CODE":"002","REPORT_TYPE":"2023年中报","PER_NETCASH_OPERATE":-0.118795464143,"PER_OI":0.586037423446,"BPS":0.781036496966,"BASIC_EPS":0.07,"DILUTED_EPS":0.07,"OPERATE_INCOME":736911000,"OPERATE_INCOME_YOY":11.7530823008,"GROSS_PROFIT":316427000,"GROSS_PROFIT_YOY":-11.20580312044,"HOLDER_PROFIT":77001000,"HOLDER_PROFIT_YOY":-36.9970053511,"GROSS_PROFIT_RATIO":42.939649428493,"EPS_TTM":0.151162633495,"OPERATE_INCOME_QOQ":4.980656024267,"NET_PROFIT_RATIO":9.8057974437,"ROE_AVG":7.739120646299,"GROSS_PROFIT_QOQ":-5.116558568855,"ROA":5.124271963542,"HOLDER_PROFIT_QOQ":-19.21707126343,"ROE_YEARLY":15.478241292597,"ROIC_YEARLY":11.510699953584,"TOTAL_ASSETS":1433677000,"TOTAL_LIABILITIES":441551000,"TAX_EBT":20.076980931735,"OCF_SALES":-20.270968950117,"TOTAL_PARENT_EQUITY":982112000,"DEBT_ASSET_RATIO":30.7984992436,"OPERATE_PROFIT":92516000,"PRETAX_PROFIT":90412000,"NETCASH_OPERATE":-149379000,"NETCASH_INVEST":33554000,"NETCASH_FINANCE":-7649000,"END_CASH":90831000,"DIVI_RATIO":0.433691306405,"DIVIDEND_RATE":3.116883116883,"CURRENT_RATIO":2.749440751887,"COMMON_ACS":3000000000,"CURRENTDEBT_DEBT":84.43464061909,"ISSUED_COMMON_SHARES":1257447000,"HK_COMMON_SHARES":1257447000,"PER_SHARES":1000,"TOTAL_MARKET_CAP":2904702570,"HKSK_MARKET_CAP":2904702570,"PE_TTM":16.019727009851,"PB_TTM":2.36457868219,"REPORT_DATE_SQ":"2022-06-30 00:00:00","REPORT_TYPE_SQ":"2022年中报","OPERATE_INCOME_SQ":659410000,"DPS_HKD":0.072,"OPERATE_INCOME_QOQ_SQ":-1.841555038263,"NET_PROFIT_RATIO_SQ":18.4355711924,"HOLDER_PROFIT_SQ":122218000,"HOLDER_PROFIT_QOQ_SQ":37.389664383418,"ROE_AVG_SQ":13.290213558154,"PE_TTM_SQ":10.478034444067,"PB_TTM_SQ":2.006776899785,"ROA_SQ":9.26211798443,"START_DATE":"2023-01-01 00:00:00","FISCAL_YEAR":"12-31","CURRENCY":"HKD","IS_CNY_CODE":0,"DPS_HKD_LY":0.072,"ORG_TYPE":"一般企业","PREMIUM_INCOME":null,"PREMIUM_INCOME_YOY":null,"NET_INTEREST_INCOME":null,"NET_INTEREST_INCOME_YOY":null,"FEE_COMMISSION_INCOME":null,"FEE_COMMISSION_INCOME_YOY":null,"ACCOUNTS_RECE_TDAYS":1.405037008225,"INVENTORY_TDAYS":1.355776780029,"CURRENT_ASSETS_TDAYS":0.682331001986,"TOTAL_ASSETS_TDAYS":0.490400433361,"PREMIUM_EXPENSE":null,"LOAN_DEPOSIT":null,"LOAN_EQUITY":null,"LOAN_ASSETS":null,"DEPOSIT_EQUITY":null,"DEPOSIT_ASSETS":null,"EQUITY_MULTIPLIER":1.445055365952,"EQUITY_RATIO":0.449593325405},{"SECUCODE":"01345.HK","SECURITY_CODE":"01345","SECURITY_NAME_ABBR":"上海先锋控股","ORG_CODE":"10344201","STD_REPORT_DATE":"2022-12-31 00:00:00","REPORT_DATE":"2022-12-31 00:00:00","DATE_TYPE_CODE":"001","REPORT_TYPE":"2022年年报","PER_NETCASH_OPERATE":0.074193981933,"PER_OI":1.237459710032,"BPS":0.801468372027,"BASIC_EPS":0.2,"DILUTED_EPS":null,"OPERATE_INCOME":1556040000,"OPERATE_INCOME_YOY":8.448446495,"GROSS_PROFIT":780466000,"GROSS_PROFIT_YOY":1.092834595592,"HOLDER_PROFIT":235296000,"HOLDER_PROFIT_YOY":64.9660317037,"GROSS_PROFIT_RATIO":50.15719390247,"EPS_TTM":0.187122001961,"OPERATE_INCOME_QOQ":10.4830527188,"NET_PROFIT_RATIO":14.7778977404,"ROE_AVG":24.564066533944,"GROSS_PROFIT_QOQ":4.057416063805,"ROA":16.226504614943,"HOLDER_PROFIT_QOQ":20.071646178105,"ROE_YEARLY":24.564066533944,"ROIC_YEARLY":19.258269820068,"TOTAL_ASSETS":1571667000,"TOTAL_LIABILITIES":549178000,"TAX_EBT":21.917710536949,"OCF_SALES":5.995668491813,"TOTAL_PARENT_EQUITY":1007804000,"DEBT_ASSET_RATIO":34.9423891957,"OPERATE_PROFIT":294846000,"PRETAX_PROFIT":294497000,"NETCASH_OPERATE":93295000,"NETCASH_INVEST":-12993000,"NETCASH_FINANCE":-91025000,"END_CASH":214008000,"DIVI_RATIO":0.35034853899,"DIVIDEND_RATE":3.116883116883,"CURRENT_RATIO":2.400208524551,"COMMON_ACS":3000000000,"CURRENTDEBT_DEBT":86.100681381993,"ISSUED_COMMON_SHARES":1257447000,"HK_COMMON_SHARES":1257447000,"PER_SHARES":1000,"TOTAL_MARKET_CAP":2904702570,"HKSK_MARKET_CAP":2904702570,"PE_TTM":16.019727009851,"PB_TTM":2.36457868219,"REPORT_DATE_SQ":"2021-12-31 00:00:00","REPORT_TYPE_SQ":"2021年年报","OPERATE_INCOME_SQ":1434820000,"DPS_HKD":0.072,"OPERATE_INCOME_QOQ_SQ":2.826838663442,"NET_PROFIT_RATIO_SQ":9.8143321113,"HOLDER_PROFIT_SQ":142633000,"HOLDER_PROFIT_QOQ_SQ":57.485453079972,"ROE_AVG_SQ":15.696344896347,"PE_TTM_SQ":10.478034444067,"PB_TTM_SQ":2.006776899785,"ROA_SQ":10.347275346138,"START_DATE":"2022-01-01 00:00:00","FISCAL_YEAR":"12-31","CURRENCY":"HKD","IS_CNY_CODE":0,"DPS_HKD_LY":0.082,"ORG_TYPE":"一般企业","PREMIUM_INCOME":null,"PREMIUM_INCOME_YOY":null,"NET_INTEREST_INCOME":null,"NET_INTEREST_INCOME_YOY":null,"FEE_COMMISSION_INCOME":null,"FEE_COMMISSION_INCOME_YOY":null,"ACCOUNTS_RECE_TDAYS":3.961526319541,"INVENTORY_TDAYS":2.517774506192,"CURRENT_ASSETS_TDAYS":1.448778927698,"TOTAL_ASSETS_TDAYS":1.073077750622,"PREMIUM_EXPENSE":null,"LOAN_DEPOSIT":null,"LOAN_EQUITY":null,"LOAN_ASSETS":null,"DEPOSIT_EQUITY":null,"DEPOSIT_ASSETS":null,"EQUITY_MULTIPLIER":1.537099176618,"EQUITY_RATIO":0.544925402162},{"SECUCODE":"01345.HK","SECURITY_CODE":"01345","SECURITY_NAME_ABBR":"上海先锋控股","ORG_CODE":"10344201","STD_REPORT_DATE":"2022-06-30 00:00:00","REPORT_DATE":"2022-06-30 00:00:00","DATE_TYPE_CODE":"002","REPORT_TYPE":"2022年中报","PER_NETCASH_OPERATE":0.064475083244,"PER_OI":0.524403811851,"BPS":0.740586283159,"BASIC_EPS":0.1,"DILUTED_EPS":null,"OPERATE_INCOME":659410000,"OPERATE_INCOME_YOY":-3.8526871702,"GROSS_PROFIT":356360000,"GROSS_PROFIT_YOY":-5.813323466057,"HOLDER_PROFIT":122218000,"HOLDER_PROFIT_YOY":77.4155150389,"GROSS_PROFIT_RATIO":54.042249890053,"EPS_TTM":0.155841955963,"OPERATE_INCOME_QOQ":-1.841555038263,"NET_PROFIT_RATIO":18.4355711924,"ROE_AVG":13.290213558154,"GROSS_PROFIT_QOQ":-2.848986242745,"ROA":9.26211798443,"HOLDER_PROFIT_QOQ":37.389664383418,"ROE_YEARLY":26.580427116307,"ROIC_YEARLY":22.235705611324,"TOTAL_ASSETS":1310617000,"TOTAL_LIABILITIES":359786000,"TAX_EBT":18.7865345688,"OCF_SALES":12.294930316495,"TOTAL_PARENT_EQUITY":931248000,"DEBT_ASSET_RATIO":27.4516506348,"OPERATE_PROFIT":149670000,"PRETAX_PROFIT":149687000,"NETCASH_OPERATE":81074000,"NETCASH_INVEST":-90065000,"NETCASH_FINANCE":-23258000,"END_CASH":193054000,"DIVI_RATIO":0.420669258126,"DIVIDEND_RATE":3.116883116883,"CURRENT_RATIO":3.153245290496,"COMMON_ACS":3000000000,"CURRENTDEBT_DEBT":79.953917050691,"ISSUED_COMMON_SHARES":1257447000,"HK_COMMON_SHARES":1257447000,"PER_SHARES":1000,"TOTAL_MARKET_CAP":2904702570,"HKSK_MARKET_CAP":2904702570,"PE_TTM":16.019727009851,"PB_TTM":2.36457868219,"REPORT_DATE_SQ":"2021-06-30 00:00:00","REPORT_TYPE_SQ":"2021年中报","OPERATE_INCOME_SQ":685833000,"DPS_HKD":0.072,"OPERATE_INCOME_QOQ_SQ":4.754973022521,"NET_PROFIT_RATIO_SQ":9.9355090817,"HOLDER_PROFIT_SQ":68888000,"HOLDER_PROFIT_QOQ_SQ":72.683419768151,"ROE_AVG_SQ":7.560090692994,"PE_TTM_SQ":10.478034444067,"PB_TTM_SQ":2.006776899785,"ROA_SQ":5.31313015233,"START_DATE":"2022-01-01 00:00:00","FISCAL_YEAR":"12-31","CURRENCY":"HKD","IS_CNY_CODE":0,"DPS_HKD_LY":0.082,"ORG_TYPE":"一般企业","PREMIUM_INCOME":null,"PREMIUM_INCOME_YOY":null,"NET_INTEREST_INCOME":null,"NET_INTEREST_INCOME_YOY":null,"FEE_COMMISSION_INCOME":null,"FEE_COMMISSION_INCOME_YOY":null,"ACCOUNTS_RECE_TDAYS":2.303450757238,"INVENTORY_TDAYS":1.164430406984,"CURRENT_ASSETS_TDAYS":0.686808866095,"TOTAL_ASSETS_TDAYS":0.499724526675,"PREMIUM_EXPENSE":null,"LOAN_DEPOSIT":null,"LOAN_EQUITY":null,"LOAN_ASSETS":null,"DEPOSIT_EQUITY":null,"DEPOSIT_ASSETS":null,"EQUITY_MULTIPLIER":1.378391112617,"EQUITY_RATIO":0.386348212291},{"SECUCODE":"01345.HK","SECURITY_CODE":"01345","SECURITY_NAME_ABBR":"上海先锋控股","ORG_CODE":"10344201","STD_REPORT_DATE":"2021-12-31 00:00:00","REPORT_DATE":"2021-12-31 00:00:00","DATE_TYPE_CODE":"001","REPORT_TYPE":"2021年年报","PER_NETCASH_OPERATE":0.192088826322,"PER_OI":1.13859512271,"BPS":0.722074170919,"BASIC_EPS":0.12,"DILUTED_EPS":null,"OPERATE_INCOME":1434820000,"OPERATE_INCOME_YOY":7.7162271018,"GROSS_PROFIT":772029000,"GROSS_PROFIT_YOY":26.985555113279,"HOLDER_PROFIT":142633000,"HOLDER_PROFIT_YOY":171.9512660159,"GROSS_PROFIT_RATIO":53.806679583502,"EPS_TTM":0.113185792042,"OPERATE_INCOME_QOQ":2.826838663442,"NET_PROFIT_RATIO":9.8143321113,"ROE_AVG":15.696344896347,"GROSS_PROFIT_QOQ":5.088716318766,"ROA":10.347275346138,"HOLDER_PROFIT_QOQ":57.485453079972,"ROE_YEARLY":15.696344896347,"ROIC_YEARLY":11.828115709593,"TOTAL_ASSETS":1328477000,"TOTAL_LIABILITIES":417491000,"TAX_EBT":30.096750013651,"OCF_SALES":16.870687612383,"TOTAL_PARENT_EQUITY":907970000,"DEBT_ASSET_RATIO":31.4262873953,"OPERATE_PROFIT":199315000,"PRETAX_PROFIT":201447000,"NETCASH_OPERATE":242064000,"NETCASH_INVEST":8393000,"NETCASH_FINANCE":-140280000,"END_CASH":224851000,"DIVI_RATIO":0.57920626624,"DIVIDEND_RATE":3.116883116883,"CURRENT_RATIO":2.909697152458,"COMMON_ACS":3000000000,"CURRENTDEBT_DEBT":83.401797883068,"ISSUED_COMMON_SHARES":1257447000,"HK_COMMON_SHARES":1257447000,"PER_SHARES":1000,"TOTAL_MARKET_CAP":2904702570,"HKSK_MARKET_CAP":2904702570,"PE_TTM":16.019727009851,"PB_TTM":2.36457868219,"REPORT_DATE_SQ":"2020-12-31 00:00:00","REPORT_TYPE_SQ":"2020年年报","OPERATE_INCOME_SQ":1332037000,"DPS_HKD":0.072,"OPERATE_INCOME_QOQ_SQ":1.04815584652,"NET_PROFIT_RATIO_SQ":3.8655082404,"HOLDER_PROFIT_SQ":52448000,"HOLDER_PROFIT_QOQ_SQ":42.766148569562,"ROE_AVG_SQ":5.114428112972,"PE_TTM_SQ":10.478034444067,"PB_TTM_SQ":2.006776899785,"ROA_SQ":3.521148508842,"START_DATE":"2021-01-01 00:00:00","FISCAL_YEAR":"12-31","CURRENCY":"HKD","IS_CNY_CODE":0,"DPS_HKD_LY":0.131,"ORG_TYPE":"一般企业","PREMIUM_INCOME":null,"PREMIUM_INCOME_YOY":null,"NET_INTEREST_INCOME":null,"NET_INTEREST_INCOME_YOY":null,"FEE_COMMISSION_INCOME":null,"FEE_COMMISSION_INCOME_YOY":null,"ACCOUNTS_RECE_TDAYS":4.257967255537,"INVENTORY_TDAYS":1.782470077735,"CURRENT_ASSETS_TDAYS":1.340777842151,"TOTAL_ASSETS_TDAYS":1.0408865839,"PREMIUM_EXPENSE":null,"LOAN_DEPOSIT":null,"LOAN_EQUITY":null,"LOAN_ASSETS":null,"DEPOSIT_EQUITY":null,"DEPOSIT_ASSETS":null,"EQUITY_MULTIPLIER":1.458284759591,"EQUITY_RATIO":0.459807042083},{"SECUCODE":"01345.HK","SECURITY_CODE":"01345","SECURITY_NAME_ABBR":"上海先锋控股","ORG_CODE":"10344201","STD_REPORT_DATE":"2021-06-30 00:00:00","REPORT_DATE":"2021-06-30 00:00:00","DATE_TYPE_CODE":"002","REPORT_TYPE":"2021年中报","PER_NETCASH_OPERATE":0.021772511104,"PER_OI":0.544239771395,"BPS":0.726056843748,"BASIC_EPS":0.06,"DILUTED_EPS":null,"OPERATE_INCOME":685833000,"OPERATE_INCOME_YOY":10.1748608423,"GROSS_PROFIT":378355000,"GROSS_PROFIT_YOY":50.334159792749,"HOLDER_PROFIT":68888000,"HOLDER_PROFIT_YOY":123.9022329119,"GROSS_PROFIT_RATIO":55.167220008369,"EPS_TTM":0.071870633019,"OPERATE_INCOME_QOQ":4.754973022521,"NET_PROFIT_RATIO":9.9355090817,"ROE_AVG":7.560090692994,"GROSS_PROFIT_QOQ":20.836527042631,"ROA":5.31313015233,"HOLDER_PROFIT_QOQ":72.683419768151,"ROE_YEARLY":15.120181385987,"ROIC_YEARLY":11.932780241833,"TOTAL_ASSETS":1164681000,"TOTAL_LIABILITIES":247619000,"TAX_EBT":30.477589707488,"OCF_SALES":4.000536573772,"TOTAL_PARENT_EQUITY":912978000,"DEBT_ASSET_RATIO":21.260671377,"OPERATE_PROFIT":96817000,"PRETAX_PROFIT":98013000,"NETCASH_OPERATE":27437000,"NETCASH_INVEST":25260000,"NETCASH_FINANCE":-5048000,"END_CASH":162547000,"DIVI_RATIO":0.912165612656,"DIVIDEND_RATE":3.116883116883,"CURRENT_RATIO":3.867665018226,"COMMON_ACS":3000000000,"CURRENTDEBT_DEBT":86.970305186597,"ISSUED_COMMON_SHARES":1257447000,"HK_COMMON_SHARES":1257447000,"PER_SHARES":1000,"TOTAL_MARKET_CAP":2904702570,"HKSK_MARKET_CAP":2904702570,"PE_TTM":16.019727009851,"PB_TTM":2.36457868219,"REPORT_DATE_SQ":"2020-06-30 00:00:00","REPORT_TYPE_SQ":"2020年中报","OPERATE_INCOME_SQ":622495000,"DPS_HKD":0.072,"OPERATE_INCOME_QOQ_SQ":0.170367589732,"NET_PROFIT_RATIO_SQ":4.8760231006,"HOLDER_PROFIT_SQ":30767000,"HOLDER_PROFIT_QOQ_SQ":-64.887648503732,"ROE_AVG_SQ":2.937792363669,"PE_TTM_SQ":10.478034444067,"PB_TTM_SQ":2.006776899785,"ROA_SQ":2.201666402493,"START_DATE":"2021-01-01 00:00:00","FISCAL_YEAR":"12-31","CURRENCY":"HKD","IS_CNY_CODE":0,"DPS_HKD_LY":0.131,"ORG_TYPE":"一般企业","PREMIUM_INCOME":null,"PREMIUM_INCOME_YOY":null,"NET_INTEREST_INCOME":null,"NET_INTEREST_INCOME_YOY":null,"FEE_COMMISSION_INCOME":null,"FEE_COMMISSION_INCOME_YOY":null,"ACCOUNTS_RECE_TDAYS":2.027645968407,"INVENTORY_TDAYS":0.923544562336,"CURRENT_ASSETS_TDAYS":0.699808526172,"TOTAL_ASSETS_TDAYS":0.528962953165,"PREMIUM_EXPENSE":null,"LOAN_DEPOSIT":null,"LOAN_EQUITY":null,"LOAN_ASSETS":null,"DEPOSIT_EQUITY":null,"DEPOSIT_ASSETS":null,"EQUITY_MULTIPLIER":1.27001336878,"EQUITY_RATIO":0.27122121234},{"SECUCODE":"01345.HK","SECURITY_CODE":"01345","SECURITY_NAME_ABBR":"上海先锋控股","ORG_CODE":"10344201","STD_REPORT_DATE":"2020-12-31 00:00:00","REPORT_DATE":"2020-12-31 00:00:00","DATE_TYPE_CODE":"001","REPORT_TYPE":"2020年年报","PER_NETCASH_OPERATE":0.058912033088,"PER_OI":1.05703212352,"BPS":0.723238434701,"BASIC_EPS":0.04,"DILUTED_EPS":null,"OPERATE_INCOME":1332037000,"OPERATE_INCOME_YOY":1.2203091541,"GROSS_PROFIT":607966000,"GROSS_PROFIT_YOY":-10.566405215682,"HOLDER_PROFIT":52448000,"HOLDER_PROFIT_YOY":-49.8714480966,"GROSS_PROFIT_RATIO":45.641825264614,"EPS_TTM":0.04161988054,"OPERATE_INCOME_QOQ":1.04815584652,"NET_PROFIT_RATIO":3.8655082404,"ROE_AVG":5.114428112972,"GROSS_PROFIT_QOQ":-2.946101743077,"ROA":3.521148508842,"HOLDER_PROFIT_QOQ":42.766148569562,"ROE_YEARLY":5.114428112972,"ROIC_YEARLY":4.051579461687,"TOTAL_ASSETS":1428442000,"TOTAL_LIABILITIES":516727000,"TAX_EBT":45.994420087684,"OCF_SALES":5.573343683396,"TOTAL_PARENT_EQUITY":909434000,"DEBT_ASSET_RATIO":36.1741673796,"OPERATE_PROFIT":109495000,"PRETAX_PROFIT":95342000,"NETCASH_OPERATE":74239000,"NETCASH_INVEST":23928000,"NETCASH_FINANCE":-253041000,"END_CASH":115009000,"DIVI_RATIO":1.575158773883,"DIVIDEND_RATE":3.116883116883,"CURRENT_RATIO":2.326571895067,"COMMON_ACS":3000000000,"CURRENTDEBT_DEBT":93.756083966969,"ISSUED_COMMON_SHARES":1257447000,"HK_COMMON_SHARES":1257447000,"PER_SHARES":1000,"TOTAL_MARKET_CAP":2904702570,"HKSK_MARKET_CAP":2904702570,"PE_TTM":16.019727009851,"PB_TTM":2.36457868219,"REPORT_DATE_SQ":"2019-12-31 00:00:00","REPORT_TYPE_SQ":"2019年年报","OPERATE_INCOME_SQ":1315978000,"DPS_HKD":0.072,"OPERATE_INCOME_QOQ_SQ":1.782145442621,"NET_PROFIT_RATIO_SQ":7.8894176042,"HOLDER_PROFIT_SQ":104627000,"HOLDER_PROFIT_QOQ_SQ":67.210573419421,"ROE_AVG_SQ":9.316226530681,"PE_TTM_SQ":10.478034444067,"PB_TTM_SQ":2.006776899785,"ROA_SQ":7.002138246504,"START_DATE":"2020-01-01 00:00:00","FISCAL_YEAR":"12-31","CURRENCY":"HKD","IS_CNY_CODE":0,"DPS_HKD_LY":0.202,"ORG_TYPE":"一般企业","PREMIUM_INCOME":null,"PREMIUM_INCOME_YOY":null,"NET_INTEREST_INCOME":null,"NET_INTEREST_INCOME_YOY":null,"FEE_COMMISSION_INCOME":null,"FEE_COMMISSION_INCOME_YOY":null,"ACCOUNTS_RECE_TDAYS":3.832979396869,"INVENTORY_TDAYS":1.719701836742,"CURRENT_ASSETS_TDAYS":1.128260227856,"TOTAL_ASSETS_TDAYS":0.894276253865,"PREMIUM_EXPENSE":null,"LOAN_DEPOSIT":null,"LOAN_EQUITY":null,"LOAN_ASSETS":null,"DEPOSIT_EQUITY":null,"DEPOSIT_ASSETS":null,"EQUITY_MULTIPLIER":1.566763736476,"EQUITY_RATIO":0.56818526688},{"SECUCODE":"01345.HK","SECURITY_CODE":"01345","SECURITY_NAME_ABBR":"上海先锋控股","ORG_CODE":"10344201","STD_REPORT_DATE":"2020-06-30 00:00:00","REPORT_DATE":"2020-06-30 00:00:00","DATE_TYPE_CODE":"002","REPORT_TYPE":"2020年中报","PER_NETCASH_OPERATE":-0.114486413309,"PER_OI":0.493978179083,"BPS":0.757899140083,"BASIC_EPS":0.03,"DILUTED_EPS":null,"OPERATE_INCOME":622495000,"OPERATE_INCOME_YOY":0.361465402,"GROSS_PROFIT":251676000,"GROSS_PROFIT_YOY":-17.497074259714,"HOLDER_PROFIT":30767000,"HOLDER_PROFIT_YOY":-68.8141743617,"GROSS_PROFIT_RATIO":40.430204258669,"EPS_TTM":0.029152485345,"OPERATE_INCOME_QOQ":0.170367589732,"NET_PROFIT_RATIO":4.8760231006,"ROE_AVG":2.937792363669,"GROSS_PROFIT_QOQ":-7.85162019194,"ROA":2.201666402493,"HOLDER_PROFIT_QOQ":-64.887648503732,"ROE_YEARLY":5.875584727337,"ROIC_YEARLY":5.22706924291,"TOTAL_ASSETS":1244297000,"TOTAL_LIABILITIES":289254000,"TAX_EBT":49.493319134067,"OCF_SALES":-23.176411055511,"TOTAL_PARENT_EQUITY":953018000,"DEBT_ASSET_RATIO":23.2463792808,"OPERATE_PROFIT":67890000,"PRETAX_PROFIT":60097000,"NETCASH_OPERATE":-144272000,"NETCASH_INVEST":151058000,"NETCASH_FINANCE":-111196000,"END_CASH":165699000,"DIVI_RATIO":2.248793515329,"DIVIDEND_RATE":3.116883116883,"CURRENT_RATIO":3.387839783818,"COMMON_ACS":3000000000,"CURRENTDEBT_DEBT":97.231153242479,"ISSUED_COMMON_SHARES":1257447000,"HK_COMMON_SHARES":1257447000,"PER_SHARES":1000,"TOTAL_MARKET_CAP":2904702570,"HKSK_MARKET_CAP":2904702570,"PE_TTM":16.019727009851,"PB_TTM":2.36457868219,"REPORT_DATE_SQ":"2019-06-30 00:00:00","REPORT_TYPE_SQ":"2019年中报","OPERATE_INCOME_SQ":620253000,"DPS_HKD":0.072,"OPERATE_INCOME_QOQ_SQ":-20.400663668461,"NET_PROFIT_RATIO_SQ":15.8243490963,"HOLDER_PROFIT_SQ":98657000,"HOLDER_PROFIT_QOQ_SQ":-26.035202193931,"ROE_AVG_SQ":8.837148683322,"PE_TTM_SQ":10.478034444067,"PB_TTM_SQ":2.006776899785,"ROA_SQ":6.943343800981,"START_DATE":"2020-01-01 00:00:00","FISCAL_YEAR":"12-31","CURRENCY":"HKD","IS_CNY_CODE":0,"DPS_HKD_LY":0.202,"ORG_TYPE":"一般企业","PREMIUM_INCOME":null,"PREMIUM_INCOME_YOY":null,"NET_INTEREST_INCOME":null,"NET_INTEREST_INCOME_YOY":null,"FEE_COMMISSION_INCOME":null,"FEE_COMMISSION_INCOME_YOY":null,"ACCOUNTS_RECE_TDAYS":1.84159766167,"INVENTORY_TDAYS":1.018908466426,"CURRENT_ASSETS_TDAYS":0.569294955686,"TOTAL_ASSETS_TDAYS":0.445453351715,"PREMIUM_EXPENSE":null,"LOAN_DEPOSIT":null,"LOAN_EQUITY":null,"LOAN_ASSETS":null,"DEPOSIT_EQUITY":null,"DEPOSIT_ASSETS":null,"EQUITY_MULTIPLIER":1.302870132548,"EQUITY_RATIO":0.3035136797}],"count":27},"success":true,"message":"ok","code":0}