{"version":"ccc6949fdd82eb2334758e9b41a58b44","result":{"pages":3,"data":[{"SECUCODE":"01341.HK","SECURITY_CODE":"01341","SECURITY_NAME_ABBR":"昊天国际建投","ORG_CODE":"10431185","STD_REPORT_DATE":"2024-06-30 00:00:00","REPORT_DATE":"2024-09-30 00:00:00","DATE_TYPE_CODE":"002","REPORT_TYPE":"2024年中报","PER_NETCASH_OPERATE":0.000709963455,"PER_OI":0.010176142859,"BPS":0.124835240888,"BASIC_EPS":-0.008386647,"DILUTED_EPS":-0.008386647,"OPERATE_INCOME":77553940,"OPERATE_INCOME_YOY":0,"GROSS_PROFIT":27955490,"GROSS_PROFIT_YOY":-4.797242625023,"HOLDER_PROFIT":-64027090,"HOLDER_PROFIT_YOY":16.4705882353,"GROSS_PROFIT_RATIO":36.046511627907,"EPS_TTM":-0.055074692647,"OPERATE_INCOME_QOQ":0,"NET_PROFIT_RATIO":-94.1860465116,"ROE_AVG":-6.540764624597,"GROSS_PROFIT_QOQ":0,"ROA":-3.265869365225,"HOLDER_PROFIT_QOQ":0,"ROE_YEARLY":-13.081529249194,"ROIC_YEARLY":-7.168096920747,"TOTAL_ASSETS":1767508400,"TOTAL_LIABILITIES":716923050,"TAX_EBT":-1.25,"OCF_SALES":6.976744186047,"TOTAL_PARENT_EQUITY":951388450,"DEBT_ASSET_RATIO":40.5612244898,"OPERATE_PROFIT":-4508950,"PRETAX_PROFIT":-72143200,"NETCASH_OPERATE":5410740,"NETCASH_INVEST":290376380,"NETCASH_FINANCE":-336367670,"END_CASH":50500240,"DIVI_RATIO":null,"DIVIDEND_RATE":null,"CURRENT_RATIO":1.925,"COMMON_ACS":20000000000,"CURRENTDEBT_DEBT":25.157232704403,"ISSUED_COMMON_SHARES":7621152835,"HK_COMMON_SHARES":7621152835,"PER_SHARES":8000,"TOTAL_MARKET_CAP":6706614494.8,"HKSK_MARKET_CAP":6706614494.8,"PE_TTM":-14.936780612027,"PB_TTM":6.356980563791,"REPORT_DATE_SQ":"2023-06-30 00:00:00","REPORT_TYPE_SQ":"2023年中报","OPERATE_INCOME_SQ":78916180,"DPS_HKD":null,"OPERATE_INCOME_QOQ_SQ":0,"NET_PROFIT_RATIO_SQ":-98.8372093023,"HOLDER_PROFIT_SQ":-77998550,"HOLDER_PROFIT_QOQ_SQ":0,"ROE_AVG_SQ":-5.2067381317,"PE_TTM_SQ":-100.868199286765,"PB_TTM_SQ":4.36881372707,"ROA_SQ":-2.711756260967,"START_DATE":"2024-04-01 00:00:00","FISCAL_YEAR":"3-31","CURRENCY":"HKD","IS_CNY_CODE":0,"DPS_HKD_LY":null,"ORG_TYPE":"一般企业","PREMIUM_INCOME":null,"PREMIUM_INCOME_YOY":null,"NET_INTEREST_INCOME":null,"NET_INTEREST_INCOME_YOY":null,"FEE_COMMISSION_INCOME":null,"FEE_COMMISSION_INCOME_YOY":null,"ACCOUNTS_RECE_TDAYS":0.20623501199,"INVENTORY_TDAYS":55,"CURRENT_ASSETS_TDAYS":0.148531951641,"TOTAL_ASSETS_TDAYS":0.039558417663,"PREMIUM_EXPENSE":null,"LOAN_DEPOSIT":null,"LOAN_EQUITY":null,"LOAN_ASSETS":null,"DEPOSIT_EQUITY":null,"DEPOSIT_ASSETS":null,"EQUITY_MULTIPLIER":1.682403433477,"EQUITY_RATIO":0.75355450237},{"SECUCODE":"01341.HK","SECURITY_CODE":"01341","SECURITY_NAME_ABBR":"昊天国际建投","ORG_CODE":"10431185","STD_REPORT_DATE":"2023-12-31 00:00:00","REPORT_DATE":"2024-03-31 00:00:00","DATE_TYPE_CODE":"001","REPORT_TYPE":"2023年年报","PER_NETCASH_OPERATE":-0.010705663797,"PER_OI":0.020578664855,"BPS":0.132750231088,"BASIC_EPS":-0.05511824,"DILUTED_EPS":-0.05511824,"OPERATE_INCOME":156833150,"OPERATE_INCOME_YOY":-29.674796748,"GROSS_PROFIT":58019200,"GROSS_PROFIT_YOY":-19.174875828218,"HOLDER_PROFIT":-419732650,"HOLDER_PROFIT_YOY":-528.7037037037,"GROSS_PROFIT_RATIO":36.994219653179,"EPS_TTM":-0.008628394079,"OPERATE_INCOME_QOQ":0,"NET_PROFIT_RATIO":-295.9537572254,"ROE_AVG":-32.942013518321,"GROSS_PROFIT_QOQ":0,"ROA":-15.756338267824,"HOLDER_PROFIT_QOQ":0,"ROE_YEARLY":-32.942013518321,"ROIC_YEARLY":-17.202303548207,"TOTAL_ASSETS":2164841400,"TOTAL_LIABILITIES":1044345600,"TAX_EBT":-0.787401574803,"OCF_SALES":-52.023121387283,"TOTAL_PARENT_EQUITY":1011709800,"DEBT_ASSET_RATIO":48.2412060302,"OPERATE_PROFIT":10878600,"PRETAX_PROFIT":-460527400,"NETCASH_OPERATE":-81589500,"NETCASH_INVEST":-1813100,"NETCASH_FINANCE":77963300,"END_CASH":90655000,"DIVI_RATIO":null,"DIVIDEND_RATE":null,"CURRENT_RATIO":1.395306859206,"COMMON_ACS":20000000000,"CURRENTDEBT_DEBT":48.090277777778,"ISSUED_COMMON_SHARES":7621152835,"HK_COMMON_SHARES":7621152835,"PER_SHARES":8000,"TOTAL_MARKET_CAP":5944499211.3,"HKSK_MARKET_CAP":5944499211.3,"PE_TTM":-13.239419178842,"PB_TTM":5.634596408815,"REPORT_DATE_SQ":"2022-12-31 00:00:00","REPORT_TYPE_SQ":"2022年年报","OPERATE_INCOME_SQ":215350860,"DPS_HKD":null,"OPERATE_INCOME_QOQ_SQ":0,"NET_PROFIT_RATIO_SQ":43.9024390244,"HOLDER_PROFIT_SQ":94544280,"HOLDER_PROFIT_QOQ_SQ":0,"ROE_AVG_SQ":6.490384615385,"PE_TTM_SQ":-101.988957056618,"PB_TTM_SQ":4.417356101815,"ROA_SQ":3.364485981308,"START_DATE":"2023-04-01 00:00:00","FISCAL_YEAR":"3-31","CURRENCY":"HKD","IS_CNY_CODE":0,"DPS_HKD_LY":null,"ORG_TYPE":"一般企业","PREMIUM_INCOME":null,"PREMIUM_INCOME_YOY":null,"NET_INTEREST_INCOME":null,"NET_INTEREST_INCOME_YOY":null,"FEE_COMMISSION_INCOME":null,"FEE_COMMISSION_INCOME_YOY":null,"ACCOUNTS_RECE_TDAYS":0.330152671756,"INVENTORY_TDAYS":0.61581920904,"CURRENT_ASSETS_TDAYS":0.138178913738,"TOTAL_ASSETS_TDAYS":0.058873574953,"PREMIUM_EXPENSE":null,"LOAN_DEPOSIT":null,"LOAN_EQUITY":null,"LOAN_ASSETS":null,"DEPOSIT_EQUITY":null,"DEPOSIT_ASSETS":null,"EQUITY_MULTIPLIER":1.932038834953,"EQUITY_RATIO":1.032258064516},{"SECUCODE":"01341.HK","SECURITY_CODE":"01341","SECURITY_NAME_ABBR":"昊天国际建投","ORG_CODE":"10431185","STD_REPORT_DATE":"2023-06-30 00:00:00","REPORT_DATE":"2023-09-30 00:00:00","DATE_TYPE_CODE":"002","REPORT_TYPE":"2023年中报","PER_NETCASH_OPERATE":-0.000120427508,"PER_OI":0.010356765694,"BPS":0.189036899166,"BASIC_EPS":-0.010277456,"DILUTED_EPS":-0.010277456,"OPERATE_INCOME":78916180,"OPERATE_INCOME_YOY":-30.081300813,"GROSS_PROFIT":29364160,"GROSS_PROFIT_YOY":-24.496103460654,"HOLDER_PROFIT":-77998550,"HOLDER_PROFIT_YOY":-193.4065934066,"GROSS_PROFIT_RATIO":37.209302325581,"EPS_TTM":0.012407759165,"OPERATE_INCOME_QOQ":0,"NET_PROFIT_RATIO":-98.8372093023,"ROE_AVG":-5.2067381317,"GROSS_PROFIT_QOQ":0,"ROA":-2.711756260967,"HOLDER_PROFIT_QOQ":0,"ROE_YEARLY":-10.4134762634,"ROIC_YEARLY":-5.908932916232,"TOTAL_ASSETS":2551011400,"TOTAL_LIABILITIES":956170460,"TAX_EBT":-3.658536585366,"OCF_SALES":-1.162790697674,"TOTAL_PARENT_EQUITY":1440679100,"DEBT_ASSET_RATIO":37.4820143885,"OPERATE_PROFIT":-66986990,"PRETAX_PROFIT":-75245660,"NETCASH_OPERATE":-917630,"NETCASH_INVEST":-17434970,"NETCASH_FINANCE":-11929190,"END_CASH":66986990,"DIVI_RATIO":null,"DIVIDEND_RATE":null,"CURRENT_RATIO":2.468235294118,"COMMON_ACS":20000000000,"CURRENTDEBT_DEBT":40.786948176584,"ISSUED_COMMON_SHARES":7621152835,"HK_COMMON_SHARES":7621152835,"PER_SHARES":8000,"TOTAL_MARKET_CAP":5944499211.3,"HKSK_MARKET_CAP":5944499211.3,"PE_TTM":-13.239419178842,"PB_TTM":5.634596408815,"REPORT_DATE_SQ":"2022-06-30 00:00:00","REPORT_TYPE_SQ":"2022年中报","OPERATE_INCOME_SQ":111246120,"DPS_HKD":null,"OPERATE_INCOME_QOQ_SQ":0,"NET_PROFIT_RATIO_SQ":73.9837398374,"HOLDER_PROFIT_SQ":82304040,"HOLDER_PROFIT_QOQ_SQ":0,"ROE_AVG_SQ":5.511811023622,"PE_TTM_SQ":-101.988957056618,"PB_TTM_SQ":4.417356101815,"ROA_SQ":3.089983022071,"START_DATE":"2023-04-01 00:00:00","FISCAL_YEAR":"3-31","CURRENCY":"HKD","IS_CNY_CODE":0,"DPS_HKD_LY":null,"ORG_TYPE":"一般企业","PREMIUM_INCOME":null,"PREMIUM_INCOME_YOY":null,"NET_INTEREST_INCOME":null,"NET_INTEREST_INCOME_YOY":null,"FEE_COMMISSION_INCOME":null,"FEE_COMMISSION_INCOME_YOY":null,"ACCOUNTS_RECE_TDAYS":0.183368869936,"INVENTORY_TDAYS":0.157894736842,"CURRENT_ASSETS_TDAYS":0.061870503597,"TOTAL_ASSETS_TDAYS":0.027436592758,"PREMIUM_EXPENSE":null,"LOAN_DEPOSIT":null,"LOAN_EQUITY":null,"LOAN_ASSETS":null,"DEPOSIT_EQUITY":null,"DEPOSIT_ASSETS":null,"EQUITY_MULTIPLIER":1.599539700806,"EQUITY_RATIO":0.663694267516},{"SECUCODE":"01341.HK","SECURITY_CODE":"01341","SECURITY_NAME_ABBR":"昊天国际建投","ORG_CODE":"10431185","STD_REPORT_DATE":"2022-12-31 00:00:00","REPORT_DATE":"2023-03-31 00:00:00","DATE_TYPE_CODE":"001","REPORT_TYPE":"2022年年报","PER_NETCASH_OPERATE":0.018910467639,"PER_OI":0.028365701459,"BPS":0.194697571631,"BASIC_EPS":0.012430822,"DILUTED_EPS":0.012430822,"OPERATE_INCOME":215350860,"OPERATE_INCOME_YOY":11.8181818182,"GROSS_PROFIT":71783620,"GROSS_PROFIT_YOY":16.46235136305,"HOLDER_PROFIT":94544280,"HOLDER_PROFIT_YOY":126.213592233,"GROSS_PROFIT_RATIO":33.333333333333,"EPS_TTM":-0.024612057556,"OPERATE_INCOME_QOQ":0,"NET_PROFIT_RATIO":43.9024390244,"ROE_AVG":6.490384615385,"GROSS_PROFIT_QOQ":0,"ROA":3.364485981308,"HOLDER_PROFIT_QOQ":0,"ROE_YEARLY":6.490384615385,"ROIC_YEARLY":3.567299752271,"TOTAL_ASSETS":3054305490,"TOTAL_LIABILITIES":1422541250,"TAX_EBT":5.263157894737,"OCF_SALES":66.666666666667,"TOTAL_PARENT_EQUITY":1483819950,"DEBT_ASSET_RATIO":46.5749498424,"OPERATE_PROFIT":89291820,"PRETAX_PROFIT":99796740,"NETCASH_OPERATE":136563960,"NETCASH_INVEST":-112052480,"NETCASH_FINANCE":-12255740,"END_CASH":91918050,"DIVI_RATIO":null,"DIVIDEND_RATE":null,"CURRENT_RATIO":1.788223140496,"COMMON_ACS":20000000000,"CURRENTDEBT_DEBT":59.569230769231,"ISSUED_COMMON_SHARES":7621152835,"HK_COMMON_SHARES":7621152835,"PER_SHARES":8000,"TOTAL_MARKET_CAP":5944499211.3,"HKSK_MARKET_CAP":5944499211.3,"PE_TTM":-13.239419178842,"PB_TTM":5.634596408815,"REPORT_DATE_SQ":"2021-12-31 00:00:00","REPORT_TYPE_SQ":"2021年年报","OPERATE_INCOME_SQ":178422200,"DPS_HKD":null,"OPERATE_INCOME_QOQ_SQ":0,"NET_PROFIT_RATIO_SQ":-187.2727272727,"HOLDER_PROFIT_SQ":-334136120,"HOLDER_PROFIT_QOQ_SQ":0,"ROE_AVG_SQ":-24.545725350015,"PE_TTM_SQ":-101.988957056618,"PB_TTM_SQ":4.417356101815,"ROA_SQ":-14.148351648352,"START_DATE":"2022-04-01 00:00:00","FISCAL_YEAR":"3-31","CURRENCY":"HKD","IS_CNY_CODE":0,"DPS_HKD_LY":null,"ORG_TYPE":"一般企业","PREMIUM_INCOME":null,"PREMIUM_INCOME_YOY":null,"NET_INTEREST_INCOME":null,"NET_INTEREST_INCOME_YOY":null,"FEE_COMMISSION_INCOME":null,"FEE_COMMISSION_INCOME_YOY":null,"ACCOUNTS_RECE_TDAYS":0.526203208556,"INVENTORY_TDAYS":0.451790633609,"CURRENT_ASSETS_TDAYS":0.156438791733,"TOTAL_ASSETS_TDAYS":0.076635514019,"PREMIUM_EXPENSE":null,"LOAN_DEPOSIT":null,"LOAN_EQUITY":null,"LOAN_ASSETS":null,"DEPOSIT_EQUITY":null,"DEPOSIT_ASSETS":null,"EQUITY_MULTIPLIER":1.871781115881,"EQUITY_RATIO":0.958702064897},{"SECUCODE":"01341.HK","SECURITY_CODE":"01341","SECURITY_NAME_ABBR":"昊天国际建投","ORG_CODE":"10431185","STD_REPORT_DATE":"2022-06-30 00:00:00","REPORT_DATE":"2022-09-30 00:00:00","DATE_TYPE_CODE":"002","REPORT_TYPE":"2022年中报","PER_NETCASH_OPERATE":0.011202441578,"PER_OI":0.014658513979,"BPS":0.198068506521,"BASIC_EPS":0.01085328,"DILUTED_EPS":0.010762836,"OPERATE_INCOME":111246120,"OPERATE_INCOME_YOY":9.8214285714,"GROSS_PROFIT":38890920,"GROSS_PROFIT_YOY":8.568410438624,"HOLDER_PROFIT":82304040,"HOLDER_PROFIT_YOY":216.6666666667,"GROSS_PROFIT_RATIO":34.959349593496,"EPS_TTM":-0.044027953388,"OPERATE_INCOME_QOQ":0,"NET_PROFIT_RATIO":73.9837398374,"ROE_AVG":5.511811023622,"GROSS_PROFIT_QOQ":0,"ROA":3.089983022071,"HOLDER_PROFIT_QOQ":0,"ROE_YEARLY":11.023622047244,"ROIC_YEARLY":6.70349907919,"TOTAL_ASSETS":2676237960,"TOTAL_LIABILITIES":1013877240,"TAX_EBT":2.150537634409,"OCF_SALES":76.422764227642,"TOTAL_PARENT_EQUITY":1509510360,"DEBT_ASSET_RATIO":37.8844204123,"OPERATE_PROFIT":95870640,"PRETAX_PROFIT":84112920,"NETCASH_OPERATE":85017360,"NETCASH_INVEST":-21706560,"NETCASH_FINANCE":36177600,"END_CASH":180888000,"DIVI_RATIO":null,"DIVIDEND_RATE":null,"CURRENT_RATIO":3.020325203252,"COMMON_ACS":20000000000,"CURRENTDEBT_DEBT":43.889384478145,"ISSUED_COMMON_SHARES":7621152835,"HK_COMMON_SHARES":7621152835,"PER_SHARES":8000,"TOTAL_MARKET_CAP":5944499211.3,"HKSK_MARKET_CAP":5944499211.3,"PE_TTM":-13.239419178842,"PB_TTM":5.634596408815,"REPORT_DATE_SQ":"2021-06-30 00:00:00","REPORT_TYPE_SQ":"2021年中报","OPERATE_INCOME_SQ":93302720,"DPS_HKD":null,"OPERATE_INCOME_QOQ_SQ":0,"NET_PROFIT_RATIO_SQ":-69.6428571429,"HOLDER_PROFIT_SQ":-64978680,"HOLDER_PROFIT_QOQ_SQ":0,"ROE_AVG_SQ":-4.278661546901,"PE_TTM_SQ":-101.988957056618,"PB_TTM_SQ":4.417356101815,"ROA_SQ":-2.493606138107,"START_DATE":"2022-04-01 00:00:00","FISCAL_YEAR":"3-31","CURRENCY":"HKD","IS_CNY_CODE":0,"DPS_HKD_LY":null,"ORG_TYPE":"一般企业","PREMIUM_INCOME":null,"PREMIUM_INCOME_YOY":null,"NET_INTEREST_INCOME":null,"NET_INTEREST_INCOME_YOY":null,"FEE_COMMISSION_INCOME":null,"FEE_COMMISSION_INCOME_YOY":null,"ACCOUNTS_RECE_TDAYS":0.254922279793,"INVENTORY_TDAYS":0.225669957687,"CURRENT_ASSETS_TDAYS":0.084827586207,"TOTAL_ASSETS_TDAYS":0.041765704584,"PREMIUM_EXPENSE":null,"LOAN_DEPOSIT":null,"LOAN_EQUITY":null,"LOAN_ASSETS":null,"DEPOSIT_EQUITY":null,"DEPOSIT_ASSETS":null,"EQUITY_MULTIPLIER":1.609902067465,"EQUITY_RATIO":0.671659676453},{"SECUCODE":"01341.HK","SECURITY_CODE":"01341","SECURITY_NAME_ABBR":"昊天国际建投","ORG_CODE":"10431185","STD_REPORT_DATE":"2021-12-31 00:00:00","REPORT_DATE":"2022-03-31 00:00:00","DATE_TYPE_CODE":"001","REPORT_TYPE":"2021年年报","PER_NETCASH_OPERATE":0.042163238035,"PER_OI":0.023602830452,"BPS":0.173776770874,"BASIC_EPS":-0.044929954,"DILUTED_EPS":-0.044929954,"OPERATE_INCOME":178422200,"OPERATE_INCOME_YOY":0,"GROSS_PROFIT":61636760,"GROSS_PROFIT_YOY":-21.583466218432,"HOLDER_PROFIT":-334136120,"HOLDER_PROFIT_YOY":-512,"GROSS_PROFIT_RATIO":34.545454545455,"EPS_TTM":0.013046629751,"OPERATE_INCOME_QOQ":0,"NET_PROFIT_RATIO":-187.2727272727,"ROE_AVG":-24.545725350015,"GROSS_PROFIT_QOQ":0,"ROA":-14.148351648352,"HOLDER_PROFIT_QOQ":0,"ROE_YEARLY":-24.545725350015,"ROIC_YEARLY":-14.64628510487,"TOTAL_ASSETS":2377070310,"TOTAL_LIABILITIES":1052690980,"TAX_EBT":-1.477832512315,"OCF_SALES":178.636363636364,"TOTAL_PARENT_EQUITY":1324379330,"DEBT_ASSET_RATIO":44.285226885,"OPERATE_PROFIT":19464240,"PRETAX_PROFIT":-329270060,"NETCASH_OPERATE":318726930,"NETCASH_INVEST":-305750770,"NETCASH_FINANCE":-22708280,"END_CASH":73801910,"DIVI_RATIO":null,"DIVIDEND_RATE":null,"CURRENT_RATIO":2.36850921273,"COMMON_ACS":20000000000,"CURRENTDEBT_DEBT":45.993836671803,"ISSUED_COMMON_SHARES":7621152835,"HK_COMMON_SHARES":7621152835,"PER_SHARES":8000,"TOTAL_MARKET_CAP":5944499211.3,"HKSK_MARKET_CAP":5944499211.3,"PE_TTM":-13.239419178842,"PB_TTM":5.634596408815,"REPORT_DATE_SQ":"2020-12-31 00:00:00","REPORT_TYPE_SQ":"2020年年报","OPERATE_INCOME_SQ":185939600,"DPS_HKD":null,"OPERATE_INCOME_QOQ_SQ":0,"NET_PROFIT_RATIO_SQ":45.4545454545,"HOLDER_PROFIT_SQ":84518000,"HOLDER_PROFIT_QOQ_SQ":0,"ROE_AVG_SQ":7.374631268437,"PE_TTM_SQ":-101.988957056618,"PB_TTM_SQ":4.417356101815,"ROA_SQ":4.55474207862,"START_DATE":"2021-04-01 00:00:00","FISCAL_YEAR":"3-31","CURRENCY":"HKD","IS_CNY_CODE":0,"DPS_HKD_LY":null,"ORG_TYPE":"一般企业","PREMIUM_INCOME":null,"PREMIUM_INCOME_YOY":null,"NET_INTEREST_INCOME":null,"NET_INTEREST_INCOME_YOY":null,"FEE_COMMISSION_INCOME":null,"FEE_COMMISSION_INCOME_YOY":null,"ACCOUNTS_RECE_TDAYS":0.737018425461,"INVENTORY_TDAYS":0.346570397112,"CURRENT_ASSETS_TDAYS":0.165662650602,"TOTAL_ASSETS_TDAYS":0.075549450549,"PREMIUM_EXPENSE":null,"LOAN_DEPOSIT":null,"LOAN_EQUITY":null,"LOAN_ASSETS":null,"DEPOSIT_EQUITY":null,"DEPOSIT_ASSETS":null,"EQUITY_MULTIPLIER":1.79485609308,"EQUITY_RATIO":0.79485609308},{"SECUCODE":"01341.HK","SECURITY_CODE":"01341","SECURITY_NAME_ABBR":"昊天国际建投","ORG_CODE":"10431185","STD_REPORT_DATE":"2021-06-30 00:00:00","REPORT_DATE":"2021-09-30 00:00:00","DATE_TYPE_CODE":"002","REPORT_TYPE":"2021年中报","PER_NETCASH_OPERATE":0.028222162059,"PER_OI":0.012347195901,"BPS":0.210091747884,"BASIC_EPS":-0.008913742,"DILUTED_EPS":-0.008913742,"OPERATE_INCOME":93302720,"OPERATE_INCOME_YOY":-5.8823529412,"GROSS_PROFIT":35821580,"GROSS_PROFIT_YOY":-15.071590874606,"HOLDER_PROFIT":-64978680,"HOLDER_PROFIT_YOY":13.3333333333,"GROSS_PROFIT_RATIO":38.392857142857,"EPS_TTM":0.011216325033,"OPERATE_INCOME_QOQ":0,"NET_PROFIT_RATIO":-69.6428571429,"ROE_AVG":-4.278661546901,"GROSS_PROFIT_QOQ":0,"ROA":-2.493606138107,"HOLDER_PROFIT_QOQ":0,"ROE_YEARLY":-8.557323093801,"ROIC_YEARLY":-5.223505775992,"TOTAL_ASSETS":2801580780,"TOTAL_LIABILITIES":1200439460,"TAX_EBT":-4,"OCF_SALES":228.571428571429,"TOTAL_PARENT_EQUITY":1601141320,"DEBT_ASSET_RATIO":42.8486470413,"OPERATE_PROFIT":-69143980,"PRETAX_PROFIT":-62479500,"NETCASH_OPERATE":213263360,"NETCASH_INVEST":-313230560,"NETCASH_FINANCE":157448340,"END_CASH":146618560,"DIVI_RATIO":null,"DIVIDEND_RATE":null,"CURRENT_RATIO":2.575107296137,"COMMON_ACS":20000000000,"CURRENTDEBT_DEBT":48.507980569049,"ISSUED_COMMON_SHARES":7621152835,"HK_COMMON_SHARES":7621152835,"PER_SHARES":8000,"TOTAL_MARKET_CAP":5944499211.3,"HKSK_MARKET_CAP":5944499211.3,"PE_TTM":-13.239419178842,"PB_TTM":5.634596408815,"REPORT_DATE_SQ":"2020-06-30 00:00:00","REPORT_TYPE_SQ":"2020年中报","OPERATE_INCOME_SQ":104567680,"DPS_HKD":null,"OPERATE_INCOME_QOQ_SQ":0,"NET_PROFIT_RATIO_SQ":-75.6302521008,"HOLDER_PROFIT_SQ":-79084800,"HOLDER_PROFIT_QOQ_SQ":0,"ROE_AVG_SQ":-8.50259801606,"PE_TTM_SQ":-101.988957056618,"PB_TTM_SQ":4.417356101815,"ROA_SQ":-5.776584806042,"START_DATE":"2021-04-01 00:00:00","FISCAL_YEAR":"3-31","CURRENCY":"HKD","IS_CNY_CODE":0,"DPS_HKD_LY":null,"ORG_TYPE":"一般企业","PREMIUM_INCOME":null,"PREMIUM_INCOME_YOY":null,"NET_INTEREST_INCOME":null,"NET_INTEREST_INCOME_YOY":null,"FEE_COMMISSION_INCOME":null,"FEE_COMMISSION_INCOME_YOY":null,"ACCOUNTS_RECE_TDAYS":0.370860927152,"INVENTORY_TDAYS":0.16646562123,"CURRENT_ASSETS_TDAYS":0.073635765943,"TOTAL_ASSETS_TDAYS":0.035805626598,"PREMIUM_EXPENSE":null,"LOAN_DEPOSIT":null,"LOAN_EQUITY":null,"LOAN_ASSETS":null,"DEPOSIT_EQUITY":null,"DEPOSIT_ASSETS":null,"EQUITY_MULTIPLIER":1.749739854317,"EQUITY_RATIO":0.749739854318},{"SECUCODE":"01341.HK","SECURITY_CODE":"01341","SECURITY_NAME_ABBR":"昊天国际建投","ORG_CODE":"10431185","STD_REPORT_DATE":"2020-12-31 00:00:00","REPORT_DATE":"2021-03-31 00:00:00","DATE_TYPE_CODE":"001","REPORT_TYPE":"2020年年报","PER_NETCASH_OPERATE":0.013960722511,"PER_OI":0.027921445022,"BPS":0.191190276792,"BASIC_EPS":0.015889384,"DILUTED_EPS":0.015720348,"OPERATE_INCOME":185939600,"OPERATE_INCOME_YOY":14.5833333333,"GROSS_PROFIT":78601740,"GROSS_PROFIT_YOY":36.548830761373,"HOLDER_PROFIT":84518000,"HOLDER_PROFIT_YOY":38.8888888889,"GROSS_PROFIT_RATIO":42.272727272727,"EPS_TTM":-0.001385768564,"OPERATE_INCOME_QOQ":0,"NET_PROFIT_RATIO":45.4545454545,"ROE_AVG":7.374631268437,"GROSS_PROFIT_QOQ":0,"ROA":4.55474207862,"HOLDER_PROFIT_QOQ":0,"ROE_YEARLY":7.374631268437,"ROIC_YEARLY":4.945876042003,"TOTAL_ASSETS":2445105740,"TOTAL_LIABILITIES":988015420,"TAX_EBT":8.256880733945,"OCF_SALES":50,"TOTAL_PARENT_EQUITY":1457090320,"DEBT_ASSET_RATIO":40.4078810923,"OPERATE_PROFIT":-36342740,"PRETAX_PROFIT":92124620,"NETCASH_OPERATE":92969800,"NETCASH_INVEST":-1690360,"NETCASH_FINANCE":-186784780,"END_CASH":90434260,"DIVI_RATIO":null,"DIVIDEND_RATE":null,"CURRENT_RATIO":2.922352941176,"COMMON_ACS":20000000000,"CURRENTDEBT_DEBT":36.355859709153,"ISSUED_COMMON_SHARES":7621152835,"HK_COMMON_SHARES":7621152835,"PER_SHARES":8000,"TOTAL_MARKET_CAP":5944499211.3,"HKSK_MARKET_CAP":5944499211.3,"PE_TTM":-13.239419178842,"PB_TTM":5.634596408815,"REPORT_DATE_SQ":"2019-12-31 00:00:00","REPORT_TYPE_SQ":"2019年年报","OPERATE_INCOME_SQ":175430400,"DPS_HKD":null,"OPERATE_INCOME_QOQ_SQ":0,"NET_PROFIT_RATIO_SQ":37.2142690119,"HOLDER_PROFIT_SQ":65786400,"HOLDER_PROFIT_QOQ_SQ":0,"ROE_AVG_SQ":8.163083882343,"PE_TTM_SQ":-101.988957056618,"PB_TTM_SQ":4.417356101815,"ROA_SQ":5.555818429052,"START_DATE":"2020-04-01 00:00:00","FISCAL_YEAR":"3-31","CURRENCY":"HKD","IS_CNY_CODE":0,"DPS_HKD_LY":null,"ORG_TYPE":"一般企业","PREMIUM_INCOME":null,"PREMIUM_INCOME_YOY":null,"NET_INTEREST_INCOME":null,"NET_INTEREST_INCOME_YOY":null,"FEE_COMMISSION_INCOME":null,"FEE_COMMISSION_INCOME_YOY":null,"ACCOUNTS_RECE_TDAYS":2.543352601156,"INVENTORY_TDAYS":0.466616698264,"CURRENT_ASSETS_TDAYS":0.213903639327,"TOTAL_ASSETS_TDAYS":0.10020432573,"PREMIUM_EXPENSE":null,"LOAN_DEPOSIT":null,"LOAN_EQUITY":null,"LOAN_ASSETS":null,"DEPOSIT_EQUITY":null,"DEPOSIT_ASSETS":null,"EQUITY_MULTIPLIER":1.67807424594,"EQUITY_RATIO":0.67807424594},{"SECUCODE":"01341.HK","SECURITY_CODE":"01341","SECURITY_NAME_ABBR":"昊天国际建投","ORG_CODE":"10431185","STD_REPORT_DATE":"2020-06-30 00:00:00","REPORT_DATE":"2020-09-30 00:00:00","DATE_TYPE_CODE":"002","REPORT_TYPE":"2020年中报","PER_NETCASH_OPERATE":-0.010635129208,"PER_OI":0.01977469337,"BPS":0.130173859714,"BASIC_EPS":-0.015904832,"DILUTED_EPS":-0.015904832,"OPERATE_INCOME":104567680,"OPERATE_INCOME_YOY":60.8108108108,"GROSS_PROFIT":42178560,"GROSS_PROFIT_YOY":146.108603067185,"HOLDER_PROFIT":-79084800,"HOLDER_PROFIT_YOY":-1185.7142857143,"GROSS_PROFIT_RATIO":40.336134453782,"EPS_TTM":0.012951584395,"OPERATE_INCOME_QOQ":0,"NET_PROFIT_RATIO":-75.6302521008,"ROE_AVG":-8.50259801606,"GROSS_PROFIT_QOQ":0,"ROA":-5.776584806042,"HOLDER_PROFIT_QOQ":0,"ROE_YEARLY":-17.005196032121,"ROIC_YEARLY":-13.178254562147,"TOTAL_ASSETS":1421768960,"TOTAL_LIABILITIES":429694080,"TAX_EBT":-15.384615384615,"OCF_SALES":-53.781512605042,"TOTAL_PARENT_EQUITY":992074880,"DEBT_ASSET_RATIO":30.2224969098,"OPERATE_PROFIT":-49208320,"PRETAX_PROFIT":-68540160,"NETCASH_OPERATE":-56238080,"NETCASH_INVEST":-10544640,"NETCASH_FINANCE":null,"END_CASH":126535680,"DIVI_RATIO":null,"DIVIDEND_RATE":null,"CURRENT_RATIO":3.145833333333,"COMMON_ACS":20000000000,"CURRENTDEBT_DEBT":49.079754601227,"ISSUED_COMMON_SHARES":7621152835,"HK_COMMON_SHARES":7621152835,"PER_SHARES":8000,"TOTAL_MARKET_CAP":5944499211.3,"HKSK_MARKET_CAP":5944499211.3,"PE_TTM":-13.239419178842,"PB_TTM":5.634596408815,"REPORT_DATE_SQ":"2019-06-30 00:00:00","REPORT_TYPE_SQ":"2019年中报","OPERATE_INCOME_SQ":66748740,"DPS_HKD":null,"OPERATE_INCOME_QOQ_SQ":0,"NET_PROFIT_RATIO_SQ":-9.5817821136,"HOLDER_PROFIT_SQ":-6314070,"HOLDER_PROFIT_QOQ_SQ":0,"ROE_AVG_SQ":-0.873846947238,"PE_TTM_SQ":-101.988957056618,"PB_TTM_SQ":4.417356101815,"ROA_SQ":-0.632555568468,"START_DATE":"2020-04-01 00:00:00","FISCAL_YEAR":"3-31","CURRENCY":"HKD","IS_CNY_CODE":0,"DPS_HKD_LY":null,"ORG_TYPE":"一般企业","PREMIUM_INCOME":null,"PREMIUM_INCOME_YOY":null,"NET_INTEREST_INCOME":null,"NET_INTEREST_INCOME_YOY":null,"FEE_COMMISSION_INCOME":null,"FEE_COMMISSION_INCOME_YOY":null,"ACCOUNTS_RECE_TDAYS":1.246073298429,"INVENTORY_TDAYS":0.823933528292,"CURRENT_ASSETS_TDAYS":0.151592260132,"TOTAL_ASSETS_TDAYS":0.076379287991,"PREMIUM_EXPENSE":null,"LOAN_DEPOSIT":null,"LOAN_EQUITY":null,"LOAN_ASSETS":null,"DEPOSIT_EQUITY":null,"DEPOSIT_ASSETS":null,"EQUITY_MULTIPLIER":1.433126660762,"EQUITY_RATIO":0.433126660762}],"count":24},"success":true,"message":"ok","code":0}