{"version":"afb3b2c4a75c860f7c7c3926f50bcd85","result":{"pages":4,"data":[{"SECUCODE":"01340.HK","SECURITY_CODE":"01340","SECURITY_NAME_ABBR":"惠生国际","ORG_CODE":"10382303","STD_REPORT_DATE":"2024-06-30 00:00:00","REPORT_DATE":"2024-06-30 00:00:00","DATE_TYPE_CODE":"002","REPORT_TYPE":"2024年中报","PER_NETCASH_OPERATE":0.002023106981,"PER_OI":0.034477340552,"BPS":0.449116746385,"BASIC_EPS":-0.0097,"DILUTED_EPS":-0.0097,"OPERATE_INCOME":31817000,"OPERATE_INCOME_YOY":-25.7687462088,"GROSS_PROFIT":-1833000,"GROSS_PROFIT_YOY":-206.693830034924,"HOLDER_PROFIT":-8551000,"HOLDER_PROFIT_YOY":-78.29441201,"GROSS_PROFIT_RATIO":-5.761071125499,"EPS_TTM":-0.160512462642,"OPERATE_INCOME_QOQ":-16.172013412009,"NET_PROFIT_RATIO":-27.0264324103,"ROE_AVG":-2.047285568923,"GROSS_PROFIT_QOQ":-2573.1884057971,"ROA":-1.737631996326,"HOLDER_PROFIT_QOQ":-2.600919845954,"ROE_YEARLY":-4.094571137846,"ROIC_YEARLY":-16.310142577846,"TOTAL_ASSETS":496736000,"TOTAL_LIABILITIES":85750000,"TAX_EBT":null,"OCF_SALES":5.867932237483,"TOTAL_PARENT_EQUITY":414462000,"DEBT_ASSET_RATIO":17.2626908458,"OPERATE_PROFIT":-8599000,"PRETAX_PROFIT":-8599000,"NETCASH_OPERATE":1867000,"NETCASH_INVEST":525000,"NETCASH_FINANCE":null,"END_CASH":392343000,"DIVI_RATIO":null,"DIVIDEND_RATE":null,"CURRENT_RATIO":4.981508339376,"COMMON_ACS":1500000000,"CURRENTDEBT_DEBT":99.70612244898,"ISSUED_COMMON_SHARES":922838000,"HK_COMMON_SHARES":922838000,"PER_SHARES":4000,"TOTAL_MARKET_CAP":27685140,"HKSK_MARKET_CAP":27685140,"PE_TTM":-0.169349233427,"PB_TTM":0.06096499456,"REPORT_DATE_SQ":"2023-06-30 00:00:00","REPORT_TYPE_SQ":"2023年中报","OPERATE_INCOME_SQ":42862000,"DPS_HKD":null,"OPERATE_INCOME_QOQ_SQ":33.305002261916,"NET_PROFIT_RATIO_SQ":-11.6233493537,"HOLDER_PROFIT_SQ":-4796000,"HOLDER_PROFIT_QOQ_SQ":-77.608503100089,"ROE_AVG_SQ":-0.865109793725,"PE_TTM_SQ":-4.2301727487,"PB_TTM_SQ":0.078950537292,"ROA_SQ":-0.742472902293,"START_DATE":"2024-01-01 00:00:00","FISCAL_YEAR":"12-31","CURRENCY":"HKD","IS_CNY_CODE":0,"DPS_HKD_LY":null,"ORG_TYPE":"一般企业","PREMIUM_INCOME":null,"PREMIUM_INCOME_YOY":null,"NET_INTEREST_INCOME":null,"NET_INTEREST_INCOME_YOY":null,"FEE_COMMISSION_INCOME":null,"FEE_COMMISSION_INCOME_YOY":null,"ACCOUNTS_RECE_TDAYS":1.438284022331,"INVENTORY_TDAYS":null,"CURRENT_ASSETS_TDAYS":0.07578083412,"TOTAL_ASSETS_TDAYS":0.064654703809,"PREMIUM_EXPENSE":null,"LOAN_DEPOSIT":null,"LOAN_EQUITY":null,"LOAN_ASSETS":null,"DEPOSIT_EQUITY":null,"DEPOSIT_ASSETS":null,"EQUITY_MULTIPLIER":1.2086445767,"EQUITY_RATIO":0.20689472135},{"SECUCODE":"01340.HK","SECURITY_CODE":"01340","SECURITY_NAME_ABBR":"惠生国际","ORG_CODE":"10382303","STD_REPORT_DATE":"2023-12-31 00:00:00","REPORT_DATE":"2023-12-31 00:00:00","DATE_TYPE_CODE":"001","REPORT_TYPE":"2023年年报","PER_NETCASH_OPERATE":-0.032050161324,"PER_OI":0.077536391482,"BPS":0.456080048719,"BASIC_EPS":-0.1639,"DILUTED_EPS":-0.1639,"OPERATE_INCOME":68297000,"OPERATE_INCOME_YOY":-6.3744910689,"GROSS_PROFIT":138000,"GROSS_PROFIT_YOY":-92.504073872895,"HOLDER_PROFIT":-144372000,"HOLDER_PROFIT_YOY":-2457.5199291408,"GROSS_PROFIT_RATIO":0.202058655578,"EPS_TTM":-0.163903010542,"OPERATE_INCOME_QOQ":-29.765944756381,"NET_PROFIT_RATIO":-220.0418759243,"ROE_AVG":-29.329863449507,"GROSS_PROFIT_QOQ":-97.175025588536,"ROA":-25.350903301085,"HOLDER_PROFIT_QOQ":-1339.97606223818,"ROE_YEARLY":-29.329863449507,"ROIC_YEARLY":-85.0322466649,"TOTAL_ASSETS":487477000,"TOTAL_LIABILITIES":70789000,"TAX_EBT":-2.277877973253,"OCF_SALES":-41.335636997233,"TOTAL_PARENT_EQUITY":420888000,"DEBT_ASSET_RATIO":14.52150563,"OPERATE_PROFIT":-146935000,"PRETAX_PROFIT":-146935000,"NETCASH_OPERATE":-28231000,"NETCASH_INVEST":973000,"NETCASH_FINANCE":null,"END_CASH":389836000,"DIVI_RATIO":null,"DIVIDEND_RATE":null,"CURRENT_RATIO":5.868616244274,"COMMON_ACS":1500000000,"CURRENTDEBT_DEBT":99.607283617511,"ISSUED_COMMON_SHARES":922838000,"HK_COMMON_SHARES":922838000,"PER_SHARES":4000,"TOTAL_MARKET_CAP":35990682,"HKSK_MARKET_CAP":35990682,"PE_TTM":-0.220154003455,"PB_TTM":0.079254492928,"REPORT_DATE_SQ":"2022-12-31 00:00:00","REPORT_TYPE_SQ":"2022年年报","OPERATE_INCOME_SQ":72947000,"DPS_HKD":null,"OPERATE_INCOME_QOQ_SQ":50.474442014935,"NET_PROFIT_RATIO_SQ":-12.2787777427,"HOLDER_PROFIT_SQ":-5645000,"HOLDER_PROFIT_QOQ_SQ":81.780919184095,"ROE_AVG_SQ":-0.993022456029,"PE_TTM_SQ":-2.633881145417,"PB_TTM_SQ":0.04915788171,"ROA_SQ":-0.861681431261,"START_DATE":"2023-01-01 00:00:00","FISCAL_YEAR":"12-31","CURRENCY":"HKD","IS_CNY_CODE":0,"DPS_HKD_LY":null,"ORG_TYPE":"一般企业","PREMIUM_INCOME":null,"PREMIUM_INCOME_YOY":null,"NET_INTEREST_INCOME":null,"NET_INTEREST_INCOME_YOY":null,"FEE_COMMISSION_INCOME":null,"FEE_COMMISSION_INCOME_YOY":null,"ACCOUNTS_RECE_TDAYS":4.864805185555,"INVENTORY_TDAYS":null,"CURRENT_ASSETS_TDAYS":0.157041962858,"TOTAL_ASSETS_TDAYS":0.119925653365,"PREMIUM_EXPENSE":null,"LOAN_DEPOSIT":null,"LOAN_EQUITY":null,"LOAN_ASSETS":null,"DEPOSIT_EQUITY":null,"DEPOSIT_ASSETS":null,"EQUITY_MULTIPLIER":1.169884901893,"EQUITY_RATIO":0.168189637148},{"SECUCODE":"01340.HK","SECURITY_CODE":"01340","SECURITY_NAME_ABBR":"惠生国际","ORG_CODE":"10382303","STD_REPORT_DATE":"2023-06-30 00:00:00","REPORT_DATE":"2023-06-30 00:00:00","DATE_TYPE_CODE":"002","REPORT_TYPE":"2023年中报","PER_NETCASH_OPERATE":-0.015573805853,"PER_OI":0.048660480134,"BPS":0.590762409004,"BASIC_EPS":-0.0054,"DILUTED_EPS":-0.0054,"OPERATE_INCOME":42862000,"OPERATE_INCOME_YOY":130.8504335649,"GROSS_PROFIT":1718000,"GROSS_PROFIT_YOY":229.562594268477,"HOLDER_PROFIT":-4796000,"HOLDER_PROFIT_YOY":-1055.6626506024,"GROSS_PROFIT_RATIO":4.008212402594,"EPS_TTM":-0.011382342724,"OPERATE_INCOME_QOQ":33.305002261916,"NET_PROFIT_RATIO":-11.6233493537,"ROE_AVG":-0.865109793725,"GROSS_PROFIT_QOQ":165.344921238457,"ROA":-0.742472902293,"HOLDER_PROFIT_QOQ":-77.608503100089,"ROE_YEARLY":-1.730219587449,"ROIC_YEARLY":-3.989070810997,"TOTAL_ASSETS":640387000,"TOTAL_LIABILITIES":98092000,"TAX_EBT":-204.523227383863,"OCF_SALES":-32.005039428865,"TOTAL_PARENT_EQUITY":545178000,"DEBT_ASSET_RATIO":15.3176126311,"OPERATE_PROFIT":-1636000,"PRETAX_PROFIT":-1636000,"NETCASH_OPERATE":-13718000,"NETCASH_INVEST":602000,"NETCASH_FINANCE":null,"END_CASH":400085000,"DIVI_RATIO":null,"DIVIDEND_RATE":null,"CURRENT_RATIO":4.600382409178,"COMMON_ACS":1500000000,"CURRENTDEBT_DEBT":99.703339721894,"ISSUED_COMMON_SHARES":922838000,"HK_COMMON_SHARES":922838000,"PER_SHARES":4000,"TOTAL_MARKET_CAP":35990682,"HKSK_MARKET_CAP":35990682,"PE_TTM":-0.220154003455,"PB_TTM":0.079254492928,"REPORT_DATE_SQ":"2022-06-30 00:00:00","REPORT_TYPE_SQ":"2022年中报","OPERATE_INCOME_SQ":18567000,"DPS_HKD":null,"OPERATE_INCOME_QOQ_SQ":-40.364862038848,"NET_PROFIT_RATIO_SQ":-5.2135509237,"HOLDER_PROFIT_SQ":-415000,"HOLDER_PROFIT_QOQ_SQ":2.477101759466,"ROE_AVG_SQ":-0.071655995967,"PE_TTM_SQ":-2.633881145417,"PB_TTM_SQ":0.04915788171,"ROA_SQ":-0.062488847999,"START_DATE":"2023-01-01 00:00:00","FISCAL_YEAR":"12-31","CURRENCY":"HKD","IS_CNY_CODE":0,"DPS_HKD_LY":null,"ORG_TYPE":"一般企业","PREMIUM_INCOME":null,"PREMIUM_INCOME_YOY":null,"NET_INTEREST_INCOME":null,"NET_INTEREST_INCOME_YOY":null,"FEE_COMMISSION_INCOME":null,"FEE_COMMISSION_INCOME_YOY":null,"ACCOUNTS_RECE_TDAYS":2.965612675569,"INVENTORY_TDAYS":11.350068965517,"CURRENT_ASSETS_TDAYS":0.094627188262,"TOTAL_ASSETS_TDAYS":0.066355032398,"PREMIUM_EXPENSE":null,"LOAN_DEPOSIT":null,"LOAN_EQUITY":null,"LOAN_ASSETS":null,"DEPOSIT_EQUITY":null,"DEPOSIT_ASSETS":null,"EQUITY_MULTIPLIER":1.180883098682,"EQUITY_RATIO":0.179926556097},{"SECUCODE":"01340.HK","SECURITY_CODE":"01340","SECURITY_NAME_ABBR":"惠生国际","ORG_CODE":"10382303","STD_REPORT_DATE":"2022-12-31 00:00:00","REPORT_DATE":"2022-12-31 00:00:00","DATE_TYPE_CODE":"001","REPORT_TYPE":"2022年年报","PER_NETCASH_OPERATE":0.322721090598,"PER_OI":0.082815455282,"BPS":0.610706321153,"BASIC_EPS":-0.0064,"DILUTED_EPS":-0.0064,"OPERATE_INCOME":72947000,"OPERATE_INCOME_YOY":-10.2643589081,"GROSS_PROFIT":1841000,"GROSS_PROFIT_YOY":-29.246733282091,"HOLDER_PROFIT":-5645000,"HOLDER_PROFIT_YOY":82.2322243555,"GROSS_PROFIT_RATIO":2.52375011995,"EPS_TTM":-0.006408669926,"OPERATE_INCOME_QOQ":50.474442014935,"NET_PROFIT_RATIO":-12.2787777427,"ROE_AVG":-0.993022456029,"GROSS_PROFIT_QOQ":283.916083916084,"ROA":-0.861681431261,"HOLDER_PROFIT_QOQ":81.780919184095,"ROE_YEARLY":-0.993022456029,"ROIC_YEARLY":-1.477595903041,"TOTAL_ASSETS":651512000,"TOTAL_LIABILITIES":90535000,"TAX_EBT":null,"OCF_SALES":389.687033051393,"TOTAL_PARENT_EQUITY":563583000,"DEBT_ASSET_RATIO":13.896136986,"OPERATE_PROFIT":-8957000,"PRETAX_PROFIT":-8957000,"NETCASH_OPERATE":284265000,"NETCASH_INVEST":640000,"NETCASH_FINANCE":null,"END_CASH":416389000,"DIVI_RATIO":null,"DIVIDEND_RATE":null,"CURRENT_RATIO":5.053595770855,"COMMON_ACS":1500000000,"CURRENTDEBT_DEBT":99.664218258132,"ISSUED_COMMON_SHARES":922838000,"HK_COMMON_SHARES":922838000,"PER_SHARES":4000,"TOTAL_MARKET_CAP":35990682,"HKSK_MARKET_CAP":35990682,"PE_TTM":-0.220154003455,"PB_TTM":0.079254492928,"REPORT_DATE_SQ":"2021-12-31 00:00:00","REPORT_TYPE_SQ":"2021年年报","OPERATE_INCOME_SQ":81291000,"DPS_HKD":null,"OPERATE_INCOME_QOQ_SQ":2.659594620193,"NET_PROFIT_RATIO_SQ":-39.2208239535,"HOLDER_PROFIT_SQ":-31771000,"HOLDER_PROFIT_QOQ_SQ":19.923883455994,"ROE_AVG_SQ":-5.439429400072,"PE_TTM_SQ":-2.633881145417,"PB_TTM_SQ":0.04915788171,"ROA_SQ":-4.67348765507,"START_DATE":"2022-01-01 00:00:00","FISCAL_YEAR":"12-31","CURRENCY":"HKD","IS_CNY_CODE":0,"DPS_HKD_LY":null,"ORG_TYPE":"一般企业","PREMIUM_INCOME":null,"PREMIUM_INCOME_YOY":null,"NET_INTEREST_INCOME":null,"NET_INTEREST_INCOME_YOY":null,"FEE_COMMISSION_INCOME":null,"FEE_COMMISSION_INCOME_YOY":null,"ACCOUNTS_RECE_TDAYS":6.525943818214,"INVENTORY_TDAYS":26.16114790287,"CURRENT_ASSETS_TDAYS":0.160595206383,"TOTAL_ASSETS_TDAYS":0.111350000649,"PREMIUM_EXPENSE":null,"LOAN_DEPOSIT":null,"LOAN_EQUITY":null,"LOAN_ASSETS":null,"DEPOSIT_EQUITY":null,"DEPOSIT_ASSETS":null,"EQUITY_MULTIPLIER":1.1613880783,"EQUITY_RATIO":0.160641822056},{"SECUCODE":"01340.HK","SECURITY_CODE":"01340","SECURITY_NAME_ABBR":"惠生国际","ORG_CODE":"10382303","STD_REPORT_DATE":"2022-06-30 00:00:00","REPORT_DATE":"2022-06-30 00:00:00","DATE_TYPE_CODE":"002","REPORT_TYPE":"2022年中报","PER_NETCASH_OPERATE":0.062707330973,"PER_OI":0.021078790879,"BPS":0.633872900769,"BASIC_EPS":-0.0005,"DILUTED_EPS":-0.0005,"OPERATE_INCOME":18567000,"OPERATE_INCOME_YOY":-63.8633709615,"GROSS_PROFIT":-1326000,"GROSS_PROFIT_YOY":-158.234519104084,"HOLDER_PROFIT":-415000,"HOLDER_PROFIT_YOY":65.4742096506,"GROSS_PROFIT_RATIO":-7.14170302149,"EPS_TTM":-0.03517559415,"OPERATE_INCOME_QOQ":-40.364862038848,"NET_PROFIT_RATIO":-5.2135509237,"ROE_AVG":-0.071655995967,"GROSS_PROFIT_QOQ":-138.470407378939,"ROA":-0.062488847999,"HOLDER_PROFIT_QOQ":2.477101759466,"ROE_YEARLY":-0.143311991933,"ROIC_YEARLY":-0.164541341012,"TOTAL_ASSETS":669520000,"TOTAL_LIABILITIES":84268000,"TAX_EBT":null,"OCF_SALES":297.490170733021,"TOTAL_PARENT_EQUITY":584962000,"DEBT_ASSET_RATIO":12.5863305054,"OPERATE_PROFIT":-968000,"PRETAX_PROFIT":-968000,"NETCASH_OPERATE":55235000,"NETCASH_INVEST":222000,"NETCASH_FINANCE":null,"END_CASH":186715000,"DIVI_RATIO":null,"DIVIDEND_RATE":null,"CURRENT_RATIO":5.583173517885,"COMMON_ACS":1500000000,"CURRENTDEBT_DEBT":99.623819243366,"ISSUED_COMMON_SHARES":922838000,"HK_COMMON_SHARES":922838000,"PER_SHARES":4000,"TOTAL_MARKET_CAP":35990682,"HKSK_MARKET_CAP":35990682,"PE_TTM":-0.220154003455,"PB_TTM":0.079254492928,"REPORT_DATE_SQ":"2021-06-30 00:00:00","REPORT_TYPE_SQ":"2021年中报","OPERATE_INCOME_SQ":51380000,"DPS_HKD":null,"OPERATE_INCOME_QOQ_SQ":166.948723999595,"NET_PROFIT_RATIO_SQ":-1.5550797976,"HOLDER_PROFIT_SQ":-1202000,"HOLDER_PROFIT_QOQ_SQ":-8.330375426621,"ROE_AVG_SQ":-0.200791807962,"PE_TTM_SQ":-2.633881145417,"PB_TTM_SQ":0.04915788171,"ROA_SQ":-0.172336667278,"START_DATE":"2022-01-01 00:00:00","FISCAL_YEAR":"12-31","CURRENCY":"HKD","IS_CNY_CODE":0,"DPS_HKD_LY":null,"ORG_TYPE":"一般企业","PREMIUM_INCOME":null,"PREMIUM_INCOME_YOY":null,"NET_INTEREST_INCOME":null,"NET_INTEREST_INCOME_YOY":null,"FEE_COMMISSION_INCOME":null,"FEE_COMMISSION_INCOME_YOY":null,"ACCOUNTS_RECE_TDAYS":1.608576998051,"INVENTORY_TDAYS":6.305229793978,"CURRENT_ASSETS_TDAYS":0.040311339803,"TOTAL_ASSETS_TDAYS":0.027957360019,"PREMIUM_EXPENSE":null,"LOAN_DEPOSIT":null,"LOAN_EQUITY":null,"LOAN_ASSETS":null,"DEPOSIT_EQUITY":null,"DEPOSIT_ASSETS":null,"EQUITY_MULTIPLIER":1.143985838578,"EQUITY_RATIO":0.144057220811},{"SECUCODE":"01340.HK","SECURITY_CODE":"01340","SECURITY_NAME_ABBR":"惠生国际","ORG_CODE":"10382303","STD_REPORT_DATE":"2021-12-31 00:00:00","REPORT_DATE":"2021-12-31 00:00:00","DATE_TYPE_CODE":"001","REPORT_TYPE":"2021年年报","PER_NETCASH_OPERATE":0.157935965524,"PER_OI":0.092288252777,"BPS":0.621289977222,"BASIC_EPS":-0.0361,"DILUTED_EPS":-0.0361,"OPERATE_INCOME":81291000,"OPERATE_INCOME_YOY":174.0484779018,"GROSS_PROFIT":2602000,"GROSS_PROFIT_YOY":224.915986557849,"HOLDER_PROFIT":-31771000,"HOLDER_PROFIT_YOY":13.2532423208,"GROSS_PROFIT_RATIO":3.200846342154,"EPS_TTM":-0.036069061507,"OPERATE_INCOME_QOQ":2.659594620193,"NET_PROFIT_RATIO":-39.2208239535,"ROE_AVG":-5.439429400072,"GROSS_PROFIT_QOQ":32625,"ROA":-4.67348765507,"HOLDER_PROFIT_QOQ":19.923883455994,"ROE_YEARLY":-5.439429400072,"ROIC_YEARLY":-5.25571377526,"TOTAL_ASSETS":658717000,"TOTAL_LIABILITIES":84581000,"TAX_EBT":null,"OCF_SALES":171.13333579363,"TOTAL_PARENT_EQUITY":573350000,"DEBT_ASSET_RATIO":12.8402637248,"OPERATE_PROFIT":-31104000,"PRETAX_PROFIT":-31883000,"NETCASH_OPERATE":139116000,"NETCASH_INVEST":-3034000,"NETCASH_FINANCE":-19698000,"END_CASH":131581000,"DIVI_RATIO":null,"DIVIDEND_RATE":null,"CURRENT_RATIO":5.370400702654,"COMMON_ACS":1500000000,"CURRENTDEBT_DEBT":99.611023752379,"ISSUED_COMMON_SHARES":922838000,"HK_COMMON_SHARES":922838000,"PER_SHARES":4000,"TOTAL_MARKET_CAP":35990682,"HKSK_MARKET_CAP":35990682,"PE_TTM":-0.220154003455,"PB_TTM":0.079254492928,"REPORT_DATE_SQ":"2020-12-31 00:00:00","REPORT_TYPE_SQ":"2020年年报","OPERATE_INCOME_SQ":29663000,"DPS_HKD":null,"OPERATE_INCOME_QOQ_SQ":294.822307999468,"NET_PROFIT_RATIO_SQ":-123.8108080774,"HOLDER_PROFIT_SQ":-36625000,"HOLDER_PROFIT_QOQ_SQ":80.087749820586,"ROE_AVG_SQ":-5.953832398602,"PE_TTM_SQ":-2.633881145417,"PB_TTM_SQ":0.04915788171,"ROA_SQ":-5.221759016356,"START_DATE":"2021-01-01 00:00:00","FISCAL_YEAR":"12-31","CURRENCY":"HKD","IS_CNY_CODE":0,"DPS_HKD_LY":null,"ORG_TYPE":"一般企业","PREMIUM_INCOME":null,"PREMIUM_INCOME_YOY":null,"NET_INTEREST_INCOME":null,"NET_INTEREST_INCOME_YOY":null,"FEE_COMMISSION_INCOME":null,"FEE_COMMISSION_INCOME_YOY":null,"ACCOUNTS_RECE_TDAYS":7.2076073946,"INVENTORY_TDAYS":23.658749248346,"CURRENT_ASSETS_TDAYS":0.256306289973,"TOTAL_ASSETS_TDAYS":0.119578384366,"PREMIUM_EXPENSE":null,"LOAN_DEPOSIT":null,"LOAN_EQUITY":null,"LOAN_ASSETS":null,"DEPOSIT_EQUITY":null,"DEPOSIT_ASSETS":null,"EQUITY_MULTIPLIER":1.147318753745,"EQUITY_RATIO":0.147520711607},{"SECUCODE":"01340.HK","SECURITY_CODE":"01340","SECURITY_NAME_ABBR":"惠生国际","ORG_CODE":"10382303","STD_REPORT_DATE":"2021-06-30 00:00:00","REPORT_DATE":"2021-06-30 00:00:00","DATE_TYPE_CODE":"002","REPORT_TYPE":"2021年中报","PER_NETCASH_OPERATE":0.078349253779,"PER_OI":0.05833081679,"BPS":0.652807968463,"BASIC_EPS":-0.0014,"DILUTED_EPS":-0.0014,"OPERATE_INCOME":51380000,"OPERATE_INCOME_YOY":2665.3390742734,"GROSS_PROFIT":2277000,"GROSS_PROFIT_YOY":1027.22772277228,"HOLDER_PROFIT":-1202000,"HOLDER_PROFIT_YOY":-165.0081124932,"GROSS_PROFIT_RATIO":4.431685480732,"EPS_TTM":-0.045043469968,"OPERATE_INCOME_QOQ":166.948723999595,"NET_PROFIT_RATIO":-1.5550797976,"ROE_AVG":-0.200791807962,"GROSS_PROFIT_QOQ":99.615938550168,"ROA":-0.172336667278,"HOLDER_PROFIT_QOQ":-8.330375426621,"ROE_YEARLY":-0.401583615923,"ROIC_YEARLY":-0.369805759679,"TOTAL_ASSETS":694034000,"TOTAL_LIABILITIES":87883000,"TAX_EBT":null,"OCF_SALES":134.318801089918,"TOTAL_PARENT_EQUITY":602436000,"DEBT_ASSET_RATIO":12.6626361245,"OPERATE_PROFIT":340000,"PRETAX_PROFIT":-799000,"NETCASH_OPERATE":69013000,"NETCASH_INVEST":38000,"NETCASH_FINANCE":-10940000,"END_CASH":72835000,"DIVI_RATIO":null,"DIVIDEND_RATE":null,"CURRENT_RATIO":2.640861639674,"COMMON_ACS":1500000000,"CURRENTDEBT_DEBT":99.625638633183,"ISSUED_COMMON_SHARES":922838000,"HK_COMMON_SHARES":922838000,"PER_SHARES":4000,"TOTAL_MARKET_CAP":35990682,"HKSK_MARKET_CAP":35990682,"PE_TTM":-0.220154003455,"PB_TTM":0.079254492928,"REPORT_DATE_SQ":"2020-06-30 00:00:00","REPORT_TYPE_SQ":"2020年中报","OPERATE_INCOME_SQ":1858000,"DPS_HKD":null,"OPERATE_INCOME_QOQ_SQ":32.855879752431,"NET_PROFIT_RATIO_SQ":86.5984930032,"HOLDER_PROFIT_SQ":1849000,"HOLDER_PROFIT_QOQ_SQ":3.959982455774,"ROE_AVG_SQ":0.290777448314,"PE_TTM_SQ":-2.633881145417,"PB_TTM_SQ":0.04915788171,"ROA_SQ":0.257466565202,"START_DATE":"2021-01-01 00:00:00","FISCAL_YEAR":"12-31","CURRENCY":"HKD","IS_CNY_CODE":0,"DPS_HKD_LY":null,"ORG_TYPE":"一般企业","PREMIUM_INCOME":null,"PREMIUM_INCOME_YOY":null,"NET_INTEREST_INCOME":null,"NET_INTEREST_INCOME_YOY":null,"FEE_COMMISSION_INCOME":null,"FEE_COMMISSION_INCOME_YOY":null,"ACCOUNTS_RECE_TDAYS":5.391678472113,"INVENTORY_TDAYS":null,"CURRENT_ASSETS_TDAYS":0.248766576772,"TOTAL_ASSETS_TDAYS":0.07366603964,"PREMIUM_EXPENSE":null,"LOAN_DEPOSIT":null,"LOAN_EQUITY":null,"LOAN_ASSETS":null,"DEPOSIT_EQUITY":null,"DEPOSIT_ASSETS":null,"EQUITY_MULTIPLIER":1.144985325439,"EQUITY_RATIO":0.145879396318},{"SECUCODE":"01340.HK","SECURITY_CODE":"01340","SECURITY_NAME_ABBR":"惠生国际","ORG_CODE":"10382303","STD_REPORT_DATE":"2020-12-31 00:00:00","REPORT_DATE":"2020-12-31 00:00:00","DATE_TYPE_CODE":"001","REPORT_TYPE":"2020年年报","PER_NETCASH_OPERATE":0.00187435147,"PER_OI":0.033675885918,"BPS":0.644559500151,"BASIC_EPS":-0.0416,"DILUTED_EPS":-0.0416,"OPERATE_INCOME":29663000,"OPERATE_INCOME_YOY":424.5446507515,"GROSS_PROFIT":-2083000,"GROSS_PROFIT_YOY":-2550.58823529412,"HOLDER_PROFIT":-36625000,"HOLDER_PROFIT_YOY":80.8762714342,"GROSS_PROFIT_RATIO":-7.022216228972,"EPS_TTM":-0.041579722946,"OPERATE_INCOME_QOQ":294.822307999468,"NET_PROFIT_RATIO":-123.8108080774,"ROE_AVG":-5.953832398602,"GROSS_PROFIT_QOQ":-825.783972125435,"ROA":-5.221759016356,"HOLDER_PROFIT_QOQ":80.087749820586,"ROE_YEARLY":-5.953832398602,"ROIC_YEARLY":-5.317237649672,"TOTAL_ASSETS":700910000,"TOTAL_LIABILITIES":102770000,"TAX_EBT":-9.297065650854,"OCF_SALES":5.565856454168,"TOTAL_PARENT_EQUITY":594824000,"DEBT_ASSET_RATIO":14.6623674937,"OPERATE_PROFIT":-32906000,"PRETAX_PROFIT":-33602000,"NETCASH_OPERATE":1651000,"NETCASH_INVEST":6000,"NETCASH_FINANCE":10115000,"END_CASH":14936000,"DIVI_RATIO":null,"DIVIDEND_RATE":null,"CURRENT_RATIO":1.782993617459,"COMMON_ACS":1500000000,"CURRENTDEBT_DEBT":99.247834971295,"ISSUED_COMMON_SHARES":922838000,"HK_COMMON_SHARES":922838000,"PER_SHARES":4000,"TOTAL_MARKET_CAP":35990682,"HKSK_MARKET_CAP":35990682,"PE_TTM":-0.220154003455,"PB_TTM":0.079254492928,"REPORT_DATE_SQ":"2019-12-31 00:00:00","REPORT_TYPE_SQ":"2019年年报","OPERATE_INCOME_SQ":5655000,"DPS_HKD":null,"OPERATE_INCOME_QOQ_SQ":-95.757530289958,"NET_PROFIT_RATIO_SQ":-3387.6038903625,"HOLDER_PROFIT_SQ":-191516000,"HOLDER_PROFIT_QOQ_SQ":41.367507760885,"ROE_AVG_SQ":-26.114494651748,"PE_TTM_SQ":-2.633881145417,"PB_TTM_SQ":0.04915788171,"ROA_SQ":-23.991471525191,"START_DATE":"2020-01-01 00:00:00","FISCAL_YEAR":"12-31","CURRENCY":"HKD","IS_CNY_CODE":0,"DPS_HKD_LY":null,"ORG_TYPE":"一般企业","PREMIUM_INCOME":null,"PREMIUM_INCOME_YOY":null,"NET_INTEREST_INCOME":null,"NET_INTEREST_INCOME_YOY":null,"FEE_COMMISSION_INCOME":null,"FEE_COMMISSION_INCOME_YOY":null,"ACCOUNTS_RECE_TDAYS":2.615093008904,"INVENTORY_TDAYS":null,"CURRENT_ASSETS_TDAYS":0.203784680597,"TOTAL_ASSETS_TDAYS":0.04229161439,"PREMIUM_EXPENSE":null,"LOAN_DEPOSIT":null,"LOAN_EQUITY":null,"LOAN_ASSETS":null,"DEPOSIT_EQUITY":null,"DEPOSIT_ASSETS":null,"EQUITY_MULTIPLIER":1.171815962818,"EQUITY_RATIO":0.172773795274},{"SECUCODE":"01340.HK","SECURITY_CODE":"01340","SECURITY_NAME_ABBR":"惠生国际","ORG_CODE":"10382303","STD_REPORT_DATE":"2020-06-30 00:00:00","REPORT_DATE":"2020-06-30 00:00:00","DATE_TYPE_CODE":"002","REPORT_TYPE":"2020年中报","PER_NETCASH_OPERATE":0.016818075514,"PER_OI":0.002109354955,"BPS":0.689489379501,"BASIC_EPS":0.0021,"DILUTED_EPS":0.0021,"OPERATE_INCOME":1858000,"OPERATE_INCOME_YOY":null,"GROSS_PROFIT":202000,"GROSS_PROFIT_YOY":null,"HOLDER_PROFIT":1849000,"HOLDER_PROFIT_YOY":132.2406277245,"GROSS_PROFIT_RATIO":10.871905274489,"EPS_TTM":-0.208814787736,"OPERATE_INCOME_QOQ":32.855879752431,"NET_PROFIT_RATIO":86.5984930032,"ROE_AVG":0.290777448314,"GROSS_PROFIT_QOQ":237.647058823529,"ROA":0.257466565202,"HOLDER_PROFIT_QOQ":3.959982455774,"ROE_YEARLY":0.581554896628,"ROIC_YEARLY":0.525163989485,"TOTAL_ASSETS":734429000,"TOTAL_LIABILITIES":94968000,"TAX_EBT":66.004648214663,"OCF_SALES":797.308934337998,"TOTAL_PARENT_EQUITY":636287000,"DEBT_ASSET_RATIO":12.9308619349,"OPERATE_PROFIT":5364000,"PRETAX_PROFIT":4733000,"NETCASH_OPERATE":14814000,"NETCASH_INVEST":2000,"NETCASH_FINANCE":-371000,"END_CASH":17870000,"DIVI_RATIO":null,"DIVIDEND_RATE":null,"CURRENT_RATIO":1.566536724608,"COMMON_ACS":1500000000,"CURRENTDEBT_DEBT":98.862774829416,"ISSUED_COMMON_SHARES":922838000,"HK_COMMON_SHARES":922838000,"PER_SHARES":4000,"TOTAL_MARKET_CAP":35990682,"HKSK_MARKET_CAP":35990682,"PE_TTM":-0.220154003455,"PB_TTM":0.079254492928,"REPORT_DATE_SQ":"2019-06-30 00:00:00","REPORT_TYPE_SQ":"2019年中报","OPERATE_INCOME_SQ":null,"DPS_HKD":null,"OPERATE_INCOME_QOQ_SQ":-65.107482409114,"NET_PROFIT_RATIO_SQ":null,"HOLDER_PROFIT_SQ":-5735000,"HOLDER_PROFIT_QOQ_SQ":4.757211629582,"ROE_AVG_SQ":-0.691549589592,"PE_TTM_SQ":-2.633881145417,"PB_TTM_SQ":0.04915788171,"ROA_SQ":-0.641770233947,"START_DATE":"2020-01-01 00:00:00","FISCAL_YEAR":"12-31","CURRENCY":"HKD","IS_CNY_CODE":0,"DPS_HKD_LY":null,"ORG_TYPE":"一般企业","PREMIUM_INCOME":null,"PREMIUM_INCOME_YOY":null,"NET_INTEREST_INCOME":null,"NET_INTEREST_INCOME_YOY":null,"FEE_COMMISSION_INCOME":null,"FEE_COMMISSION_INCOME_YOY":null,"ACCOUNTS_RECE_TDAYS":54.647058823529,"INVENTORY_TDAYS":null,"CURRENT_ASSETS_TDAYS":0.014496372006,"TOTAL_ASSETS_TDAYS":0.002587197827,"PREMIUM_EXPENSE":null,"LOAN_DEPOSIT":null,"LOAN_EQUITY":null,"LOAN_ASSETS":null,"DEPOSIT_EQUITY":null,"DEPOSIT_ASSETS":null,"EQUITY_MULTIPLIER":1.148512575434,"EQUITY_RATIO":0.149253402946}],"count":28},"success":true,"message":"ok","code":0}