{"version":"1bb4ccfc9e1da82b7ff3dcb9c91e197c","result":{"pages":6,"data":[{"SECUCODE":"01347.HK","SECURITY_CODE":"01347","SECURITY_NAME_ABBR":"华虹半导体","ORG_CODE":"10422877","STD_REPORT_DATE":"2024-12-31 00:00:00","REPORT_DATE":"2024-12-31 00:00:00","DATE_TYPE_CODE":"001","REPORT_TYPE":"2024年年报","PER_NETCASH_OPERATE":1.751935014311,"PER_OI":8.38275513379,"BPS":26.128487956058,"BASIC_EPS":0.2444056,"DILUTED_EPS":0.2444056,"OPERATE_INCOME":14405503281.2,"OPERATE_INCOME_YOY":-12.3405973371,"GROSS_PROFIT":1474542115.2,"GROSS_PROFIT_YOY":-57.259089352546,"HOLDER_PROFIT":417703547.2,"HOLDER_PROFIT_YOY":-79.249662541,"GROSS_PROFIT_RATIO":10.235963898078,"EPS_TTM":0.243067283825,"OPERATE_INCOME_QOQ":8.214653633515,"NET_PROFIT_RATIO":-7.0052639904,"ROE_AVG":0.926169951421,"GROSS_PROFIT_QOQ":35.217522124237,"ROA":0.497531351291,"HOLDER_PROFIT_QOQ":-48.472283332002,"ROE_YEARLY":0.926169951421,"ROIC_YEARLY":1.299799252282,"TOTAL_ASSETS":89244762347.2,"TOTAL_LIABILITIES":25220422327.6,"TAX_EBT":-4.927798373595,"OCF_SALES":20.899274598265,"TOTAL_PARENT_EQUITY":44906121698.4,"DEBT_ASSET_RATIO":28.2598347111,"OPERATE_PROFIT":-288527999.2,"PRETAX_PROFIT":-961750412.8,"NETCASH_OPERATE":3010645688,"NETCASH_INVEST":-18911652458.8,"NETCASH_FINANCE":8267558550,"END_CASH":32054024468.8,"DIVI_RATIO":0.615164236202,"DIVIDEND_RATE":0.430809399478,"CURRENT_RATIO":3.733427941197,"COMMON_ACS":null,"CURRENTDEBT_DEBT":44.527373464759,"ISSUED_COMMON_SHARES":1718665151,"HK_COMMON_SHARES":1310915151,"PER_SHARES":1000,"TOTAL_MARKET_CAP":65824875283.3,"HKSK_MARKET_CAP":50208050283.3,"PE_TTM":145.932367347152,"PB_TTM":1.35741999502,"REPORT_DATE_SQ":"2023-12-31 00:00:00","REPORT_TYPE_SQ":"2023年年报","OPERATE_INCOME_SQ":16191852545.1,"DPS_HKD":0.165,"OPERATE_INCOME_QOQ_SQ":-6.315594879048,"NET_PROFIT_RATIO_SQ":5.5301290881,"HOLDER_PROFIT_SQ":1983396811.8,"HOLDER_PROFIT_QOQ_SQ":-29.804417349982,"ROE_AVG_SQ":6.001930029208,"PE_TTM_SQ":8.650106649465,"PB_TTM_SQ":0.551446901238,"ROA_SQ":3.111697026846,"START_DATE":"2024-01-01 00:00:00","FISCAL_YEAR":"12-31","CURRENCY":"HKD","IS_CNY_CODE":0,"DPS_HKD_LY":0.165,"ORG_TYPE":"一般企业","PREMIUM_INCOME":null,"PREMIUM_INCOME_YOY":null,"NET_INTEREST_INCOME":null,"NET_INTEREST_INCOME_YOY":null,"FEE_COMMISSION_INCOME":null,"FEE_COMMISSION_INCOME_YOY":null,"ACCOUNTS_RECE_TDAYS":7.298792635624,"INVENTORY_TDAYS":2.73063780889,"CURRENT_ASSETS_TDAYS":0.323171041451,"TOTAL_ASSETS_TDAYS":0.171585555391,"PREMIUM_EXPENSE":null,"LOAN_DEPOSIT":null,"LOAN_EQUITY":null,"LOAN_ASSETS":null,"DEPOSIT_EQUITY":null,"DEPOSIT_ASSETS":null,"EQUITY_MULTIPLIER":1.39391928632,"EQUITY_RATIO":0.56162548387},{"SECUCODE":"01347.HK","SECURITY_CODE":"01347","SECURITY_NAME_ABBR":"华虹半导体","ORG_CODE":"10422877","STD_REPORT_DATE":"2024-09-30 00:00:00","REPORT_DATE":"2024-09-30 00:00:00","DATE_TYPE_CODE":"004","REPORT_TYPE":"2024年三季报","PER_NETCASH_OPERATE":0.451648900313,"PER_OI":5.975707561608,"BPS":26.154538776123,"BASIC_EPS":0.3363552,"DILUTED_EPS":0.3363552,"OPERATE_INCOME":10264551638.4,"OPERATE_INCOME_YOY":-19.9882889654,"GROSS_PROFIT":1006977394.8,"GROSS_PROFIT_YOY":-70.087730071908,"HOLDER_PROFIT":583765471.8,"HOLDER_PROFIT_YOY":-65.9482194827,"GROSS_PROFIT_RATIO":9.810242378565,"EPS_TTM":0.471928947532,"OPERATE_INCOME_QOQ":-3.255003027843,"NET_PROFIT_RATIO":-3.0120506603,"ROE_AVG":1.310294225202,"GROSS_PROFIT_QOQ":-15.594328067063,"ROA":0.693477229283,"HOLDER_PROFIT_QOQ":37.32577027771,"ROE_YEARLY":1.747058966936,"ROIC_YEARLY":2.041899292087,"TOTAL_ASSETS":91674023196.6,"TOTAL_LIABILITIES":27097896096,"TAX_EBT":0.006799020941,"OCF_SALES":7.558082380313,"TOTAL_PARENT_EQUITY":44950894335,"DEBT_ASSET_RATIO":29.5589689981,"OPERATE_PROFIT":null,"PRETAX_PROFIT":-309194517.6,"NETCASH_OPERATE":775803268.8,"NETCASH_INVEST":-8316690645.6,"NETCASH_FINANCE":8416265799.6,"END_CASH":40409916942.6,"DIVI_RATIO":0.316840704055,"DIVIDEND_RATE":0.627376425856,"CURRENT_RATIO":3.81447835482,"COMMON_ACS":null,"CURRENTDEBT_DEBT":47.964955107783,"ISSUED_COMMON_SHARES":1718665151,"HK_COMMON_SHARES":1310915151,"PER_SHARES":1000,"TOTAL_MARKET_CAP":45200893471.3,"HKSK_MARKET_CAP":34477068471.3,"PE_TTM":100.209432408096,"PB_TTM":0.932118691097,"REPORT_DATE_SQ":"2023-09-30 00:00:00","REPORT_TYPE_SQ":"2023年三季报","OPERATE_INCOME_SQ":13144433209.6,"DPS_HKD":0.165,"OPERATE_INCOME_QOQ_SQ":-5.056297280636,"NET_PROFIT_RATIO_SQ":6.7118867001,"HOLDER_PROFIT_SQ":1756523710.4,"HOLDER_PROFIT_QOQ_SQ":-20.332712796629,"ROE_AVG_SQ":5.360800254709,"PE_TTM_SQ":8.147066313339,"PB_TTM_SQ":0.519377928473,"ROA_SQ":2.873189598299,"START_DATE":"2024-01-01 00:00:00","FISCAL_YEAR":"12-31","CURRENCY":"HKD","IS_CNY_CODE":0,"DPS_HKD_LY":0.165,"ORG_TYPE":"一般企业","PREMIUM_INCOME":null,"PREMIUM_INCOME_YOY":null,"NET_INTEREST_INCOME":null,"NET_INTEREST_INCOME_YOY":null,"FEE_COMMISSION_INCOME":null,"FEE_COMMISSION_INCOME_YOY":null,"ACCOUNTS_RECE_TDAYS":5.35723729325,"INVENTORY_TDAYS":1.969213753794,"CURRENT_ASSETS_TDAYS":0.214707776425,"TOTAL_ASSETS_TDAYS":0.12193651687,"PREMIUM_EXPENSE":null,"LOAN_DEPOSIT":null,"LOAN_EQUITY":null,"LOAN_ASSETS":null,"DEPOSIT_EQUITY":null,"DEPOSIT_ASSETS":null,"EQUITY_MULTIPLIER":1.419627148803,"EQUITY_RATIO":0.602833302805},{"SECUCODE":"01347.HK","SECURITY_CODE":"01347","SECURITY_NAME_ABBR":"华虹半导体","ORG_CODE":"10422877","STD_REPORT_DATE":"2024-06-30 00:00:00","REPORT_DATE":"2024-06-30 00:00:00","DATE_TYPE_CODE":"002","REPORT_TYPE":"2024年中报","PER_NETCASH_OPERATE":0.5708235452,"PER_OI":3.894755400984,"BPS":25.996818684084,"BASIC_EPS":0.1567896,"DILUTED_EPS":0.1567896,"OPERATE_INCOME":6688573068,"OPERATE_INCOME_YOY":-25.6462606053,"GROSS_PROFIT":567970326,"GROSS_PROFIT_YOY":-79.164352206916,"HOLDER_PROFIT":274317658.8,"HOLDER_PROFIT_YOY":-83.3197548947,"GROSS_PROFIT_RATIO":8.491651660611,"EPS_TTM":0.343733558388,"OPERATE_INCOME_QOQ":-8.998656936057,"NET_PROFIT_RATIO":-7.142598374,"ROE_AVG":0.612413549946,"GROSS_PROFIT_QOQ":-43.103970279799,"ROA":0.334004390798,"HOLDER_PROFIT_QOQ":-49.244759538377,"ROE_YEARLY":1.224827099892,"ROIC_YEARLY":2.350603673876,"TOTAL_ASSETS":86268346104,"TOTAL_LIABILITIES":21807181291.2,"TAX_EBT":14.60419373742,"OCF_SALES":14.656210376022,"TOTAL_PARENT_EQUITY":44679826309.2,"DEBT_ASSET_RATIO":25.278311543,"OPERATE_PROFIT":-227138242.8,"PRETAX_PROFIT":-559439546.4,"NETCASH_OPERATE":980291340,"NETCASH_INVEST":-3356181163.2,"NETCASH_FINANCE":8595355534.8,"END_CASH":45781608208.8,"DIVI_RATIO":0.43500640642,"DIVIDEND_RATE":0.652173913043,"CURRENT_RATIO":7.004524582569,"COMMON_ACS":null,"CURRENTDEBT_DEBT":34.988123732795,"ISSUED_COMMON_SHARES":1718665151,"HK_COMMON_SHARES":1310915151,"PER_SHARES":1000,"TOTAL_MARKET_CAP":43482228320.3,"HKSK_MARKET_CAP":33166153320.3,"PE_TTM":47.171357806625,"PB_TTM":0.872326107222,"REPORT_DATE_SQ":"2023-06-30 00:00:00","REPORT_TYPE_SQ":"2023年中报","OPERATE_INCOME_SQ":9120570953.4,"DPS_HKD":0.165,"OPERATE_INCOME_QOQ_SQ":2.264204029158,"NET_PROFIT_RATIO_SQ":11.7836547108,"HOLDER_PROFIT_SQ":1667411156.4,"HOLDER_PROFIT_QOQ_SQ":0.58443742801,"ROE_AVG_SQ":7.493765695363,"PE_TTM_SQ":8.562621373617,"PB_TTM_SQ":0.545869688583,"ROA_SQ":3.295198416189,"START_DATE":"2024-01-01 00:00:00","FISCAL_YEAR":"12-31","CURRENCY":"HKD","IS_CNY_CODE":0,"DPS_HKD_LY":0.165,"ORG_TYPE":"一般企业","PREMIUM_INCOME":null,"PREMIUM_INCOME_YOY":null,"NET_INTEREST_INCOME":null,"NET_INTEREST_INCOME_YOY":null,"FEE_COMMISSION_INCOME":null,"FEE_COMMISSION_INCOME_YOY":null,"ACCOUNTS_RECE_TDAYS":3.393936544731,"INVENTORY_TDAYS":1.322993073202,"CURRENT_ASSETS_TDAYS":0.133419378557,"TOTAL_ASSETS_TDAYS":0.081438897615,"PREMIUM_EXPENSE":null,"LOAN_DEPOSIT":null,"LOAN_EQUITY":null,"LOAN_ASSETS":null,"DEPOSIT_EQUITY":null,"DEPOSIT_ASSETS":null,"EQUITY_MULTIPLIER":1.338299522736,"EQUITY_RATIO":0.488076680072},{"SECUCODE":"01347.HK","SECURITY_CODE":"01347","SECURITY_NAME_ABBR":"华虹半导体","ORG_CODE":"10422877","STD_REPORT_DATE":"2024-03-31 00:00:00","REPORT_DATE":"2024-03-31 00:00:00","DATE_TYPE_CODE":"003","REPORT_TYPE":"2024年一季报","PER_NETCASH_OPERATE":0.16803782229,"PER_OI":1.901009486565,"BPS":26.105955804651,"BASIC_EPS":0.134805,"DILUTED_EPS":0.134805,"OPERATE_INCOME":3263600670,"OPERATE_INCOME_YOY":-27.0838022833,"GROSS_PROFIT":210239040,"GROSS_PROFIT_YOY":-84.868761872537,"HOLDER_PROFIT":225748710,"HOLDER_PROFIT_YOY":-79.0992813695,"GROSS_PROFIT_RATIO":6.441935189332,"EPS_TTM":0.677456793754,"OPERATE_INCOME_QOQ":-6.616638203787,"NET_PROFIT_RATIO":-5.4971238255,"ROE_AVG":0.50405550979,"GROSS_PROFIT_QOQ":-34.180102055291,"ROA":0.281682036064,"HOLDER_PROFIT_QOQ":-41.361247679706,"ROE_YEARLY":2.016222039161,"ROIC_YEARLY":3.720690920306,"TOTAL_ASSETS":82642630950,"TOTAL_LIABILITIES":21148783095,"TAX_EBT":43.955849106787,"OCF_SALES":8.839399459984,"TOTAL_PARENT_EQUITY":44867396475,"DEBT_ASSET_RATIO":25.5906459558,"OPERATE_PROFIT":-155692680,"PRETAX_PROFIT":-320112210,"NETCASH_OPERATE":288482700,"NETCASH_INVEST":-2121057345,"NETCASH_FINANCE":5604432735,"END_CASH":43336160670,"DIVI_RATIO":0.220717101635,"DIVIDEND_RATE":0.652173913043,"CURRENT_RATIO":7.382506717727,"COMMON_ACS":null,"CURRENTDEBT_DEBT":32.448224487311,"ISSUED_COMMON_SHARES":1718665151,"HK_COMMON_SHARES":1310915151,"PER_SHARES":1000,"TOTAL_MARKET_CAP":43482228320.3,"HKSK_MARKET_CAP":33166153320.3,"PE_TTM":47.171357806625,"PB_TTM":0.872326107222,"REPORT_DATE_SQ":"2023-03-31 00:00:00","REPORT_TYPE_SQ":"2023年一季报","OPERATE_INCOME_SQ":4334956971.4,"DPS_HKD":0.165,"OPERATE_INCOME_QOQ_SQ":3.248184924415,"NET_PROFIT_RATIO_SQ":22.335545192,"HOLDER_PROFIT_SQ":1046106377.8,"HOLDER_PROFIT_QOQ_SQ":12.529205365395,"ROE_AVG_SQ":4.866570038981,"PE_TTM_SQ":8.562621373617,"PB_TTM_SQ":0.545869688583,"ROA_SQ":2.109423448876,"START_DATE":"2024-01-01 00:00:00","FISCAL_YEAR":"12-31","CURRENCY":"HKD","IS_CNY_CODE":0,"DPS_HKD_LY":0.165,"ORG_TYPE":"一般企业","PREMIUM_INCOME":null,"PREMIUM_INCOME_YOY":null,"NET_INTEREST_INCOME":null,"NET_INTEREST_INCOME_YOY":null,"FEE_COMMISSION_INCOME":null,"FEE_COMMISSION_INCOME_YOY":null,"ACCOUNTS_RECE_TDAYS":1.573085735782,"INVENTORY_TDAYS":0.686389720917,"CURRENT_ASSETS_TDAYS":0.067102060453,"TOTAL_ASSETS_TDAYS":0.040722167654,"PREMIUM_EXPENSE":null,"LOAN_DEPOSIT":null,"LOAN_EQUITY":null,"LOAN_ASSETS":null,"DEPOSIT_EQUITY":null,"DEPOSIT_ASSETS":null,"EQUITY_MULTIPLIER":1.343917055651,"EQUITY_RATIO":0.47136194111},{"SECUCODE":"01347.HK","SECURITY_CODE":"01347","SECURITY_NAME_ABBR":"华虹半导体","ORG_CODE":"10422877","STD_REPORT_DATE":"2023-12-31 00:00:00","REPORT_DATE":"2023-12-31 00:00:00","DATE_TYPE_CODE":"001","REPORT_TYPE":"2023年年报","PER_NETCASH_OPERATE":2.647654148245,"PER_OI":9.43257555039,"BPS":25.966697038416,"BASIC_EPS":1.3386303,"DILUTED_EPS":1.3315476,"OPERATE_INCOME":16191852545.1,"OPERATE_INCOME_YOY":-7.6500067865,"GROSS_PROFIT":3449954839.2,"GROSS_PROFIT_YOY":-41.284625932864,"HOLDER_PROFIT":1983396811.8,"HOLDER_PROFIT_YOY":-37.7580504632,"GROSS_PROFIT_RATIO":21.306733306709,"EPS_TTM":1.155429264292,"OPERATE_INCOME_QOQ":-6.315594879048,"NET_PROFIT_RATIO":5.5301290881,"ROE_AVG":6.001930029208,"GROSS_PROFIT_QOQ":-30.463317518579,"ROA":3.111697026846,"HOLDER_PROFIT_QOQ":-29.804417349982,"ROE_YEARLY":6.001930029208,"ROIC_YEARLY":7.382621021069,"TOTAL_ASSETS":77508960834,"TOTAL_LIABILITIES":20744350045.2,"TAX_EBT":27.165728573157,"OCF_SALES":28.069259918473,"TOTAL_PARENT_EQUITY":44628057286.5,"DEBT_ASSET_RATIO":26.7638087545,"OPERATE_PROFIT":1875824764.2,"PRETAX_PROFIT":1229407983.3,"NETCASH_OPERATE":4544933176.5,"NETCASH_INVEST":-5902098902.4,"NETCASH_FINANCE":26784972394.2,"END_CASH":39558161468.7,"DIVI_RATIO":0.129411903109,"DIVIDEND_RATE":0.643274853801,"CURRENT_RATIO":6.756111507044,"COMMON_ACS":null,"CURRENTDEBT_DEBT":33.200005735989,"ISSUED_COMMON_SHARES":1718665151,"HK_COMMON_SHARES":1310915151,"PER_SHARES":1000,"TOTAL_MARKET_CAP":44083761123.15,"HKSK_MARKET_CAP":33624973623.15,"PE_TTM":97.732773432231,"PB_TTM":0.909081537135,"REPORT_DATE_SQ":"2022-12-31 00:00:00","REPORT_TYPE_SQ":"2022年年报","OPERATE_INCOME_SQ":17240783724.8,"DPS_HKD":0.165,"OPERATE_INCOME_QOQ_SQ":5.452939164657,"NET_PROFIT_RATIO_SQ":16.4238727879,"HOLDER_PROFIT_SQ":3133457115.2,"HOLDER_PROFIT_QOQ_SQ":7.985081240589,"ROE_AVG_SQ":15.249111607878,"PE_TTM_SQ":8.945369455452,"PB_TTM_SQ":0.570269993948,"ROA_SQ":6.78729546916,"START_DATE":"2023-01-01 00:00:00","FISCAL_YEAR":"12-31","CURRENCY":"HKD","IS_CNY_CODE":0,"DPS_HKD_LY":null,"ORG_TYPE":"一般企业","PREMIUM_INCOME":null,"PREMIUM_INCOME_YOY":null,"NET_INTEREST_INCOME":null,"NET_INTEREST_INCOME_YOY":null,"FEE_COMMISSION_INCOME":null,"FEE_COMMISSION_INCOME_YOY":null,"ACCOUNTS_RECE_TDAYS":8.014067744621,"INVENTORY_TDAYS":2.682377586927,"CURRENT_ASSETS_TDAYS":0.474037664018,"TOTAL_ASSETS_TDAYS":0.25402954731,"PREMIUM_EXPENSE":null,"LOAN_DEPOSIT":null,"LOAN_EQUITY":null,"LOAN_ASSETS":null,"DEPOSIT_EQUITY":null,"DEPOSIT_ASSETS":null,"EQUITY_MULTIPLIER":1.365445120771,"EQUITY_RATIO":0.464827539143},{"SECUCODE":"01347.HK","SECURITY_CODE":"01347","SECURITY_NAME_ABBR":"华虹半导体","ORG_CODE":"10422877","STD_REPORT_DATE":"2023-09-30 00:00:00","REPORT_DATE":"2023-09-30 00:00:00","DATE_TYPE_CODE":"004","REPORT_TYPE":"2023年三季报","PER_NETCASH_OPERATE":1.862255858711,"PER_OI":7.658848245973,"BPS":25.469753040451,"BASIC_EPS":1.328263,"DILUTED_EPS":1.3210832,"OPERATE_INCOME":13144433209.6,"OPERATE_INCOME_YOY":-0.7925747462,"GROSS_PROFIT":3366435904.8,"GROSS_PROFIT_YOY":-21.359972620679,"HOLDER_PROFIT":1756523710.4,"HOLDER_PROFIT_YOY":-15.8637576691,"GROSS_PROFIT_RATIO":25.611114995368,"EPS_TTM":1.646347194817,"OPERATE_INCOME_QOQ":-5.056297280636,"NET_PROFIT_RATIO":6.7118867001,"ROE_AVG":5.360800254709,"GROSS_PROFIT_QOQ":-19.010251826239,"ROA":2.873189598299,"HOLDER_PROFIT_QOQ":-20.332712796629,"ROE_YEARLY":7.147733672945,"ROIC_YEARLY":6.361904712373,"TOTAL_ASSETS":71613759152.2,"TOTAL_LIABILITIES":18969706501.2,"TAX_EBT":24.532311358416,"OCF_SALES":24.315090192446,"TOTAL_PARENT_EQUITY":43773976955.2,"DEBT_ASSET_RATIO":26.4889132002,"OPERATE_PROFIT":null,"PRETAX_PROFIT":1169029395.6,"NETCASH_OPERATE":3196080790.2,"NETCASH_INVEST":-3815317000.8,"NETCASH_FINANCE":22540615930.2,"END_CASH":35823619279.8,"DIVI_RATIO":0.09082306604,"DIVIDEND_RATE":0.652173913043,"CURRENT_RATIO":7.101540468133,"COMMON_ACS":null,"CURRENTDEBT_DEBT":32.210814603871,"ISSUED_COMMON_SHARES":1718665151,"HK_COMMON_SHARES":1310915151,"PER_SHARES":1000,"TOTAL_MARKET_CAP":43482228320.3,"HKSK_MARKET_CAP":33166153320.3,"PE_TTM":47.171357806625,"PB_TTM":0.872326107222,"REPORT_DATE_SQ":"2022-09-30 00:00:00","REPORT_TYPE_SQ":"2022年三季报","OPERATE_INCOME_SQ":13101814724.4,"DPS_HKD":0.165,"OPERATE_INCOME_QOQ_SQ":13.936240017692,"NET_PROFIT_RATIO_SQ":11.9648115454,"HOLDER_PROFIT_SQ":2064451444.8,"HOLDER_PROFIT_QOQ_SQ":19.760528904117,"ROE_AVG_SQ":10.252101581045,"PE_TTM_SQ":8.562621373617,"PB_TTM_SQ":0.545869688583,"ROA_SQ":4.521308541726,"START_DATE":"2023-01-01 00:00:00","FISCAL_YEAR":"12-31","CURRENCY":"HKD","IS_CNY_CODE":0,"DPS_HKD_LY":null,"ORG_TYPE":"一般企业","PREMIUM_INCOME":null,"PREMIUM_INCOME_YOY":null,"NET_INTEREST_INCOME":null,"NET_INTEREST_INCOME_YOY":null,"FEE_COMMISSION_INCOME":null,"FEE_COMMISSION_INCOME_YOY":null,"ACCOUNTS_RECE_TDAYS":5.996145047106,"INVENTORY_TDAYS":1.998649834605,"CURRENT_ASSETS_TDAYS":0.401506236142,"TOTAL_ASSETS_TDAYS":0.21500676905,"PREMIUM_EXPENSE":null,"LOAN_DEPOSIT":null,"LOAN_EQUITY":null,"LOAN_ASSETS":null,"DEPOSIT_EQUITY":null,"DEPOSIT_ASSETS":null,"EQUITY_MULTIPLIER":1.360339023042,"EQUITY_RATIO":0.433355793115},{"SECUCODE":"01347.HK","SECURITY_CODE":"01347","SECURITY_NAME_ABBR":"华虹半导体","ORG_CODE":"10422877","STD_REPORT_DATE":"2023-06-30 00:00:00","REPORT_DATE":"2023-06-30 00:00:00","DATE_TYPE_CODE":"002","REPORT_TYPE":"2023年中报","PER_NETCASH_OPERATE":1.618761841153,"PER_OI":6.972129842643,"BPS":13.151903757197,"BASIC_EPS":1.2717408,"DILUTED_EPS":1.264515,"OPERATE_INCOME":9120570953.4,"OPERATE_INCOME_YOY":3.8464101571,"GROSS_PROFIT":2725954727.4,"GROSS_PROFIT_YOY":10.104508087048,"HOLDER_PROFIT":1667411156.4,"HOLDER_PROFIT_YOY":23.4812202679,"GROSS_PROFIT_RATIO":29.887983343672,"EPS_TTM":2.711210505969,"OPERATE_INCOME_QOQ":2.264204029158,"NET_PROFIT_RATIO":11.7836547108,"ROE_AVG":7.493765695363,"GROSS_PROFIT_QOQ":-1.974825286919,"ROA":3.295198416189,"HOLDER_PROFIT_QOQ":0.58443742801,"ROE_YEARLY":14.987531390727,"ROIC_YEARLY":11.87330299979,"TOTAL_ASSETS":50221737868.8,"TOTAL_LIABILITIES":18463075128,"TAX_EBT":15.337458233958,"OCF_SALES":23.217608932811,"TOTAL_PARENT_EQUITY":22603718656.8,"DEBT_ASSET_RATIO":36.7631147616,"OPERATE_PROFIT":1653819426.6,"PRETAX_PROFIT":1269435769.8,"NETCASH_OPERATE":2117578496.4,"NETCASH_INVEST":-2557427394,"NETCASH_FINANCE":-266877697.2,"END_CASH":13374645090.6,"DIVI_RATIO":0.05515112149,"DIVIDEND_RATE":0.652173913043,"CURRENT_RATIO":2.788624423425,"COMMON_ACS":null,"CURRENTDEBT_DEBT":43.221011600056,"ISSUED_COMMON_SHARES":1718665151,"HK_COMMON_SHARES":1310915151,"PER_SHARES":1000,"TOTAL_MARKET_CAP":43482228320.3,"HKSK_MARKET_CAP":33166153320.3,"PE_TTM":47.171357806625,"PB_TTM":0.872326107222,"REPORT_DATE_SQ":"2022-06-30 00:00:00","REPORT_TYPE_SQ":"2022年中报","OPERATE_INCOME_SQ":8157512069.4,"DPS_HKD":0.165,"OPERATE_INCOME_QOQ_SQ":17.919088545298,"NET_PROFIT_RATIO_SQ":12.7810535998,"HOLDER_PROFIT_SQ":1254206297.8,"HOLDER_PROFIT_QOQ_SQ":15.194691993046,"ROE_AVG_SQ":6.489574512454,"PE_TTM_SQ":8.562621373617,"PB_TTM_SQ":0.545869688583,"ROA_SQ":3.003766904396,"START_DATE":"2023-01-01 00:00:00","FISCAL_YEAR":"12-31","CURRENCY":"HKD","IS_CNY_CODE":0,"DPS_HKD_LY":null,"ORG_TYPE":"一般企业","PREMIUM_INCOME":null,"PREMIUM_INCOME_YOY":null,"NET_INTEREST_INCOME":null,"NET_INTEREST_INCOME_YOY":null,"FEE_COMMISSION_INCOME":null,"FEE_COMMISSION_INCOME_YOY":null,"ACCOUNTS_RECE_TDAYS":4.18952769927,"INVENTORY_TDAYS":1.251098282403,"CURRENT_ASSETS_TDAYS":0.410119786132,"TOTAL_ASSETS_TDAYS":0.180244031864,"PREMIUM_EXPENSE":null,"LOAN_DEPOSIT":null,"LOAN_EQUITY":null,"LOAN_ASSETS":null,"DEPOSIT_EQUITY":null,"DEPOSIT_ASSETS":null,"EQUITY_MULTIPLIER":1.581355558912,"EQUITY_RATIO":0.816815826118},{"SECUCODE":"01347.HK","SECURITY_CODE":"01347","SECURITY_NAME_ABBR":"华虹半导体","ORG_CODE":"10422877","STD_REPORT_DATE":"2023-03-31 00:00:00","REPORT_DATE":"2023-03-31 00:00:00","DATE_TYPE_CODE":"003","REPORT_TYPE":"2023年一季报","PER_NETCASH_OPERATE":0.692973876932,"PER_OI":3.315110765852,"BPS":12.897827098724,"BASIC_EPS":0.7971172,"DILUTED_EPS":0.7902455,"OPERATE_INCOME":4334956971.4,"OPERATE_INCOME_YOY":6.0866260376,"GROSS_PROFIT":1389437124.9,"GROSS_PROFIT_YOY":36.774737526049,"HOLDER_PROFIT":1046106377.8,"HOLDER_PROFIT_YOY":47.8804009947,"GROSS_PROFIT_RATIO":32.051924253617,"EPS_TTM":2.696511396464,"OPERATE_INCOME_QOQ":3.248184924415,"NET_PROFIT_RATIO":22.335545192,"ROE_AVG":4.866570038981,"GROSS_PROFIT_QOQ":6.358007156497,"ROA":2.109423448876,"HOLDER_PROFIT_QOQ":12.529205365395,"ROE_YEARLY":19.466280155926,"ROIC_YEARLY":15.823582552368,"TOTAL_ASSETS":50701677132.7,"TOTAL_LIABILITIES":18881033376.7,"TAX_EBT":-6.742322086029,"OCF_SALES":20.903490889953,"TOTAL_PARENT_EQUITY":22167045958.2,"DEBT_ASSET_RATIO":37.2394651311,"OPERATE_PROFIT":1091878771.5,"PRETAX_PROFIT":907078143.4,"NETCASH_OPERATE":906157335.6,"NETCASH_INVEST":-1396886047.7,"NETCASH_FINANCE":1808968153.3,"END_CASH":15245189419.9,"DIVI_RATIO":0.055451758964,"DIVIDEND_RATE":0.652173913043,"CURRENT_RATIO":2.717718839497,"COMMON_ACS":null,"CURRENTDEBT_DEBT":44.427476415309,"ISSUED_COMMON_SHARES":1718665151,"HK_COMMON_SHARES":1310915151,"PER_SHARES":1000,"TOTAL_MARKET_CAP":43482228320.3,"HKSK_MARKET_CAP":33166153320.3,"PE_TTM":47.171357806625,"PB_TTM":0.872326107222,"REPORT_DATE_SQ":"2022-03-31 00:00:00","REPORT_TYPE_SQ":"2022年一季报","OPERATE_INCOME_SQ":3774944433.6,"DPS_HKD":0.165,"OPERATE_INCOME_QOQ_SQ":17.04045244076,"NET_PROFIT_RATIO_SQ":17.1703259744,"HOLDER_PROFIT_SQ":653509100.8,"HOLDER_PROFIT_QOQ_SQ":26.16942283717,"ROE_AVG_SQ":3.526757901794,"PE_TTM_SQ":8.562621373617,"PB_TTM_SQ":0.545869688583,"ROA_SQ":1.644712325125,"START_DATE":"2023-01-01 00:00:00","FISCAL_YEAR":"12-31","CURRENCY":"HKD","IS_CNY_CODE":0,"DPS_HKD_LY":null,"ORG_TYPE":"一般企业","PREMIUM_INCOME":null,"PREMIUM_INCOME_YOY":null,"NET_INTEREST_INCOME":null,"NET_INTEREST_INCOME_YOY":null,"FEE_COMMISSION_INCOME":null,"FEE_COMMISSION_INCOME_YOY":null,"ACCOUNTS_RECE_TDAYS":2.11012881365,"INVENTORY_TDAYS":0.590963454691,"CURRENT_ASSETS_TDAYS":0.197345430207,"TOTAL_ASSETS_TDAYS":0.087412332812,"PREMIUM_EXPENSE":null,"LOAN_DEPOSIT":null,"LOAN_EQUITY":null,"LOAN_ASSETS":null,"DEPOSIT_EQUITY":null,"DEPOSIT_ASSETS":null,"EQUITY_MULTIPLIER":1.593357994939,"EQUITY_RATIO":0.851761367406},{"SECUCODE":"01347.HK","SECURITY_CODE":"01347","SECURITY_NAME_ABBR":"华虹半导体","ORG_CODE":"10422877","STD_REPORT_DATE":"2022-12-31 00:00:00","REPORT_DATE":"2022-12-31 00:00:00","DATE_TYPE_CODE":"001","REPORT_TYPE":"2022年年报","PER_NETCASH_OPERATE":4.001627914899,"PER_OI":13.192760194973,"BPS":12.280467402111,"BASIC_EPS":2.402787,"DILUTED_EPS":2.3818932,"OPERATE_INCOME":17240783724.8,"OPERATE_INCOME_YOY":51.8002102095,"GROSS_PROFIT":5875726577.6,"GROSS_PROFIT_YOY":104.071188790759,"HOLDER_PROFIT":3133457115.2,"HOLDER_PROFIT_YOY":72.0662699445,"GROSS_PROFIT_RATIO":34.080391421813,"EPS_TTM":2.397741829021,"OPERATE_INCOME_QOQ":5.452939164657,"NET_PROFIT_RATIO":16.4238727879,"ROE_AVG":15.249111607878,"GROSS_PROFIT_QOQ":9.957517296071,"ROA":6.78729546916,"HOLDER_PROFIT_QOQ":7.985081240589,"ROE_YEARLY":15.249111607878,"ROIC_YEARLY":11.656681413957,"TOTAL_ASSETS":49137871689.6,"TOTAL_LIABILITIES":20335991256.8,"TAX_EBT":18.041607031266,"OCF_SALES":30.331999185615,"TOTAL_PARENT_EQUITY":21106011362,"DEBT_ASSET_RATIO":41.3855760487,"OPERATE_PROFIT":3651052258,"PRETAX_PROFIT":3454929122,"NETCASH_OPERATE":5229474379,"NETCASH_INVEST":-6478164477.6,"NETCASH_FINANCE":4681443934.2,"END_CASH":13990244719,"DIVI_RATIO":0.062361301033,"DIVIDEND_RATE":0.652173913043,"CURRENT_RATIO":2.224891060289,"COMMON_ACS":null,"CURRENTDEBT_DEBT":47.344505374827,"ISSUED_COMMON_SHARES":1718665151,"HK_COMMON_SHARES":1310915151,"PER_SHARES":1000,"TOTAL_MARKET_CAP":43482228320.3,"HKSK_MARKET_CAP":33166153320.3,"PE_TTM":47.171357806625,"PB_TTM":0.872326107222,"REPORT_DATE_SQ":"2021-12-31 00:00:00","REPORT_TYPE_SQ":"2021年年报","OPERATE_INCOME_SQ":10397198277.8,"DPS_HKD":0.165,"OPERATE_INCOME_QOQ_SQ":18.377907695913,"NET_PROFIT_RATIO_SQ":14.163448319,"HOLDER_PROFIT_SQ":1667092533.2,"HOLDER_PROFIT_QOQ_SQ":51.772630827782,"ROE_AVG_SQ":9.686447046298,"PE_TTM_SQ":8.562621373617,"PB_TTM_SQ":0.545869688583,"ROA_SQ":4.855327214564,"START_DATE":"2022-01-01 00:00:00","FISCAL_YEAR":"12-31","CURRENCY":"HKD","IS_CNY_CODE":0,"DPS_HKD_LY":null,"ORG_TYPE":"一般企业","PREMIUM_INCOME":null,"PREMIUM_INCOME_YOY":null,"NET_INTEREST_INCOME":null,"NET_INTEREST_INCOME_YOY":null,"FEE_COMMISSION_INCOME":null,"FEE_COMMISSION_INCOME_YOY":null,"ACCOUNTS_RECE_TDAYS":10.46943738396,"INVENTORY_TDAYS":2.589814885351,"CURRENT_ASSETS_TDAYS":0.905624870471,"TOTAL_ASSETS_TDAYS":0.373447885061,"PREMIUM_EXPENSE":null,"LOAN_DEPOSIT":null,"LOAN_EQUITY":null,"LOAN_ASSETS":null,"DEPOSIT_EQUITY":null,"DEPOSIT_ASSETS":null,"EQUITY_MULTIPLIER":1.706064706583,"EQUITY_RATIO":0.963516550238}],"count":48},"success":true,"message":"ok","code":0}