{"version":"c6acced7ab4c8d56959a1398056d2bb8","result":{"pages":4,"data":[{"SECUCODE":"01348.HK","SECURITY_CODE":"01348","SECURITY_NAME_ABBR":"滉达富控股","ORG_CODE":"10326041","STD_REPORT_DATE":"2024-06-30 00:00:00","REPORT_DATE":"2024-09-30 00:00:00","DATE_TYPE_CODE":"002","REPORT_TYPE":"2024年中报","PER_NETCASH_OPERATE":-0.002386247748,"PER_OI":0.0356677057,"BPS":0.028064867131,"BASIC_EPS":-0.006222351,"DILUTED_EPS":-0.006222351,"OPERATE_INCOME":52582473.11,"OPERATE_INCOME_YOY":-54.1412044137,"GROSS_PROFIT":13979548.58,"GROSS_PROFIT_YOY":-25.112290929177,"HOLDER_PROFIT":-9225311.7,"HOLDER_PROFIT_YOY":-1.3774650679,"GROSS_PROFIT_RATIO":26.585947280866,"EPS_TTM":-0.045468565022,"OPERATE_INCOME_QOQ":0,"NET_PROFIT_RATIO":-17.396971308,"ROE_AVG":-20.060790273556,"GROSS_PROFIT_QOQ":0,"ROA":-5.396537353745,"HOLDER_PROFIT_QOQ":0,"ROE_YEARLY":-40.121580547113,"ROIC_YEARLY":-17.767279895446,"TOTAL_ASSETS":182685519.99,"TOTAL_LIABILITIES":141181537.03,"TAX_EBT":-0.256967780194,"OCF_SALES":-6.690219348643,"TOTAL_PARENT_EQUITY":41374125.2,"DEBT_ASSET_RATIO":77.2811862909,"OPERATE_PROFIT":-6892380.97,"PRETAX_PROFIT":-9124311.22,"NETCASH_OPERATE":-3517882.79,"NETCASH_INVEST":-12509630.88,"NETCASH_FINANCE":-3706356.9,"END_CASH":32152420.66,"DIVI_RATIO":null,"DIVIDEND_RATE":null,"CURRENT_RATIO":1.712665740847,"COMMON_ACS":6000000000,"CURRENTDEBT_DEBT":72.212037788154,"ISSUED_COMMON_SHARES":1474232000,"HK_COMMON_SHARES":1474232000,"PER_SHARES":2000,"TOTAL_MARKET_CAP":42752728,"HKSK_MARKET_CAP":42752728,"PE_TTM":-0.577115658747,"PB_TTM":0.931838012206,"REPORT_DATE_SQ":"2023-06-30 00:00:00","REPORT_TYPE_SQ":"2023年中报","OPERATE_INCOME_SQ":116675736.87,"DPS_HKD":null,"OPERATE_INCOME_QOQ_SQ":0,"NET_PROFIT_RATIO_SQ":-7.8073755987,"HOLDER_PROFIT_SQ":-9259804.33,"HOLDER_PROFIT_QOQ_SQ":0,"ROE_AVG_SQ":-8.192442429237,"PE_TTM_SQ":-0.716679437904,"PB_TTM_SQ":0.393259619873,"ROA_SQ":-4.230273431359,"START_DATE":"2024-04-01 00:00:00","FISCAL_YEAR":"3-31","CURRENCY":"HKD","IS_CNY_CODE":0,"DPS_HKD_LY":null,"ORG_TYPE":"一般企业","PREMIUM_INCOME":null,"PREMIUM_INCOME_YOY":null,"NET_INTEREST_INCOME":null,"NET_INTEREST_INCOME_YOY":null,"FEE_COMMISSION_INCOME":null,"FEE_COMMISSION_INCOME_YOY":null,"ACCOUNTS_RECE_TDAYS":2.072803540641,"INVENTORY_TDAYS":4.08756266412,"CURRENT_ASSETS_TDAYS":0.320035346647,"TOTAL_ASSETS_TDAYS":0.307592078748,"PREMIUM_EXPENSE":null,"LOAN_DEPOSIT":null,"LOAN_EQUITY":null,"LOAN_ASSETS":null,"DEPOSIT_EQUITY":null,"DEPOSIT_ASSETS":null,"EQUITY_MULTIPLIER":4.401638275679,"EQUITY_RATIO":3.412314734089},{"SECUCODE":"01348.HK","SECURITY_CODE":"01348","SECURITY_NAME_ABBR":"滉达富控股","ORG_CODE":"10326041","STD_REPORT_DATE":"2023-12-31 00:00:00","REPORT_DATE":"2024-03-31 00:00:00","DATE_TYPE_CODE":"001","REPORT_TYPE":"2023年年报","PER_NETCASH_OPERATE":0.014563395483,"PER_OI":0.109001938942,"BPS":0.034503741948,"BASIC_EPS":-0.04550881,"DILUTED_EPS":-0.04550881,"OPERATE_INCOME":160694146.45,"OPERATE_INCOME_YOY":-48.1397070225,"GROSS_PROFIT":25387026.2,"GROSS_PROFIT_YOY":-35.460551955667,"HOLDER_PROFIT":-67031213.55,"HOLDER_PROFIT_YOY":-2.2400132742,"GROSS_PROFIT_RATIO":15.79835156466,"EPS_TTM":-0.039049745671,"OPERATE_INCOME_QOQ":0,"NET_PROFIT_RATIO":-41.7231283038,"ROE_AVG":-81.031676885901,"GROSS_PROFIT_QOQ":0,"ROA":-35.174239523152,"HOLDER_PROFIT_QOQ":0,"ROE_YEARLY":-81.031676885901,"ROIC_YEARLY":-52.753015207132,"TOTAL_ASSETS":160052309.05,"TOTAL_LIABILITIES":109133208.65,"TAX_EBT":0.013519359723,"OCF_SALES":13.360675621548,"TOTAL_PARENT_EQUITY":50866520.5,"DEBT_ASSET_RATIO":68.1859632627,"OPERATE_PROFIT":-62078730.9,"PRETAX_PROFIT":-67055690.4,"NETCASH_OPERATE":21469823.65,"NETCASH_INVEST":-18006802.65,"NETCASH_FINANCE":-7461813.05,"END_CASH":52160167.35,"DIVI_RATIO":null,"DIVIDEND_RATE":null,"CURRENT_RATIO":2.065545811914,"COMMON_ACS":6000000000,"CURRENTDEBT_DEBT":68.676640389424,"ISSUED_COMMON_SHARES":1474232000,"HK_COMMON_SHARES":1474232000,"PER_SHARES":2000,"TOTAL_MARKET_CAP":86979688,"HKSK_MARKET_CAP":86979688,"PE_TTM":-1.174131857451,"PB_TTM":1.89580836966,"REPORT_DATE_SQ":"2022-12-31 00:00:00","REPORT_TYPE_SQ":"2022年年报","OPERATE_INCOME_SQ":299216013.41,"DPS_HKD":null,"OPERATE_INCOME_QOQ_SQ":0,"NET_PROFIT_RATIO_SQ":-21.1588029292,"HOLDER_PROFIT_SQ":-63310526.61,"HOLDER_PROFIT_QOQ_SQ":0,"ROE_AVG_SQ":-44.491677919649,"PE_TTM_SQ":-0.940641762248,"PB_TTM_SQ":0.516153251084,"ROA_SQ":-23.128546826505,"START_DATE":"2023-04-01 00:00:00","FISCAL_YEAR":"3-31","CURRENCY":"HKD","IS_CNY_CODE":0,"DPS_HKD_LY":null,"ORG_TYPE":"一般企业","PREMIUM_INCOME":null,"PREMIUM_INCOME_YOY":null,"NET_INTEREST_INCOME":null,"NET_INTEREST_INCOME_YOY":null,"FEE_COMMISSION_INCOME":null,"FEE_COMMISSION_INCOME_YOY":null,"ACCOUNTS_RECE_TDAYS":5.599892588614,"INVENTORY_TDAYS":4.379869415303,"CURRENT_ASSETS_TDAYS":1.001664175583,"TOTAL_ASSETS_TDAYS":0.843233189115,"PREMIUM_EXPENSE":null,"LOAN_DEPOSIT":null,"LOAN_EQUITY":null,"LOAN_ASSETS":null,"DEPOSIT_EQUITY":null,"DEPOSIT_ASSETS":null,"EQUITY_MULTIPLIER":3.143266628681,"EQUITY_RATIO":2.145482088754},{"SECUCODE":"01348.HK","SECURITY_CODE":"01348","SECURITY_NAME_ABBR":"滉达富控股","ORG_CODE":"10326041","STD_REPORT_DATE":"2023-06-30 00:00:00","REPORT_DATE":"2023-09-30 00:00:00","DATE_TYPE_CODE":"002","REPORT_TYPE":"2023年中报","PER_NETCASH_OPERATE":0.006205787895,"PER_OI":0.079143402714,"BPS":0.074668637501,"BASIC_EPS":-0.006148121,"DILUTED_EPS":-0.006148121,"OPERATE_INCOME":116675736.87,"OPERATE_INCOME_YOY":-46.0556460646,"GROSS_PROFIT":18667347.09,"GROSS_PROFIT_YOY":-24.826360820612,"HOLDER_PROFIT":-9259804.33,"HOLDER_PROFIT_YOY":39.1632000965,"GROSS_PROFIT_RATIO":15.999339357761,"EPS_TTM":-0.042944751308,"OPERATE_INCOME_QOQ":0,"NET_PROFIT_RATIO":-7.8073755987,"ROE_AVG":-8.192442429237,"GROSS_PROFIT_QOQ":0,"ROA":-4.230273431359,"HOLDER_PROFIT_QOQ":0,"ROE_YEARLY":-16.384884858473,"ROIC_YEARLY":-11.626882051843,"TOTAL_ASSETS":213999574.67,"TOTAL_LIABILITIES":103701366.3,"TAX_EBT":0.100633994163,"OCF_SALES":7.841194189494,"TOTAL_PARENT_EQUITY":110078894.8,"DEBT_ASSET_RATIO":48.4586786959,"OPERATE_PROFIT":-6275671.57,"PRETAX_PROFIT":-9118489.31,"NETCASH_OPERATE":9148771.1,"NETCASH_INVEST":-208302.01,"NETCASH_FINANCE":-3697131.27,"END_CASH":62088681.06,"DIVI_RATIO":null,"DIVIDEND_RATE":null,"CURRENT_RATIO":2.877027291083,"COMMON_ACS":6000000000,"CURRENTDEBT_DEBT":54.342093620034,"ISSUED_COMMON_SHARES":1474232000,"HK_COMMON_SHARES":1474232000,"PER_SHARES":2000,"TOTAL_MARKET_CAP":86979688,"HKSK_MARKET_CAP":86979688,"PE_TTM":-1.174131857451,"PB_TTM":1.89580836966,"REPORT_DATE_SQ":"2022-06-30 00:00:00","REPORT_TYPE_SQ":"2022年中报","OPERATE_INCOME_SQ":213180125.76,"DPS_HKD":null,"OPERATE_INCOME_QOQ_SQ":0,"NET_PROFIT_RATIO_SQ":-7.0372161694,"HOLDER_PROFIT_SQ":-15001946.28,"HOLDER_PROFIT_QOQ_SQ":0,"ROE_AVG_SQ":-8.709189620591,"PE_TTM_SQ":-0.940641762248,"PB_TTM_SQ":0.516153251084,"ROA_SQ":-4.666242812293,"START_DATE":"2023-04-01 00:00:00","FISCAL_YEAR":"3-31","CURRENCY":"HKD","IS_CNY_CODE":0,"DPS_HKD_LY":null,"ORG_TYPE":"一般企业","PREMIUM_INCOME":null,"PREMIUM_INCOME_YOY":null,"NET_INTEREST_INCOME":null,"NET_INTEREST_INCOME_YOY":null,"FEE_COMMISSION_INCOME":null,"FEE_COMMISSION_INCOME_YOY":null,"ACCOUNTS_RECE_TDAYS":2.663615129202,"INVENTORY_TDAYS":2.980119700331,"CURRENT_ASSETS_TDAYS":0.706689565478,"TOTAL_ASSETS_TDAYS":0.533024513451,"PREMIUM_EXPENSE":null,"LOAN_DEPOSIT":null,"LOAN_EQUITY":null,"LOAN_ASSETS":null,"DEPOSIT_EQUITY":null,"DEPOSIT_ASSETS":null,"EQUITY_MULTIPLIER":1.940190850172,"EQUITY_RATIO":0.94206402134},{"SECUCODE":"01348.HK","SECURITY_CODE":"01348","SECURITY_NAME_ABBR":"滉达富控股","ORG_CODE":"10326041","STD_REPORT_DATE":"2022-12-31 00:00:00","REPORT_DATE":"2023-03-31 00:00:00","DATE_TYPE_CODE":"001","REPORT_TYPE":"2022年年报","PER_NETCASH_OPERATE":0.023742204775,"PER_OI":0.202963993055,"BPS":0.075050734545,"BASIC_EPS":-0.042982631,"DILUTED_EPS":-0.042982631,"OPERATE_INCOME":299216013.41,"OPERATE_INCOME_YOY":-23.8165182601,"GROSS_PROFIT":39335672.94,"GROSS_PROFIT_YOY":-10.903998527931,"HOLDER_PROFIT":-63310526.61,"HOLDER_PROFIT_YOY":23.3676648229,"GROSS_PROFIT_RATIO":13.146245915021,"EPS_TTM":-0.052220396586,"OPERATE_INCOME_QOQ":0,"NET_PROFIT_RATIO":-21.1588029292,"ROE_AVG":-44.491677919649,"GROSS_PROFIT_QOQ":0,"ROA":-23.128546826505,"HOLDER_PROFIT_QOQ":0,"ROE_YEARLY":-44.491677919649,"ROIC_YEARLY":-27.087683551913,"TOTAL_ASSETS":213491489.16,"TOTAL_LIABILITIES":102783638.92,"TAX_EBT":-0.091343159643,"OCF_SALES":11.697742253534,"TOTAL_PARENT_EQUITY":110642194.49,"DEBT_ASSET_RATIO":48.1441388246,"OPERATE_PROFIT":-52127163.86,"PRETAX_PROFIT":-63252749.55,"NETCASH_OPERATE":35001518.03,"NETCASH_INVEST":38988135.17,"NETCASH_FINANCE":-45481926.55,"END_CASH":54229898.68,"DIVI_RATIO":null,"DIVIDEND_RATE":null,"CURRENT_RATIO":1.787380213518,"COMMON_ACS":6000000000,"CURRENTDEBT_DEBT":87.277280005451,"ISSUED_COMMON_SHARES":1474232000,"HK_COMMON_SHARES":1474232000,"PER_SHARES":2000,"TOTAL_MARKET_CAP":78134296,"HKSK_MARKET_CAP":78134296,"PE_TTM":-1.054728617711,"PB_TTM":1.703014298169,"REPORT_DATE_SQ":"2021-12-31 00:00:00","REPORT_TYPE_SQ":"2021年年报","OPERATE_INCOME_SQ":363863691.55,"DPS_HKD":null,"OPERATE_INCOME_QOQ_SQ":0,"NET_PROFIT_RATIO_SQ":-21.0348708919,"HOLDER_PROFIT_SQ":-76538257.74,"HOLDER_PROFIT_QOQ_SQ":0,"ROE_AVG_SQ":-38.379484092933,"PE_TTM_SQ":-0.713459714329,"PB_TTM_SQ":0.430127709236,"ROA_SQ":-23.00825624216,"START_DATE":"2022-04-01 00:00:00","FISCAL_YEAR":"3-31","CURRENCY":"HKD","IS_CNY_CODE":0,"DPS_HKD_LY":null,"ORG_TYPE":"一般企业","PREMIUM_INCOME":null,"PREMIUM_INCOME_YOY":null,"NET_INTEREST_INCOME":null,"NET_INTEREST_INCOME_YOY":null,"FEE_COMMISSION_INCOME":null,"FEE_COMMISSION_INCOME_YOY":null,"ACCOUNTS_RECE_TDAYS":5.40875716049,"INVENTORY_TDAYS":4.412541989952,"CURRENT_ASSETS_TDAYS":1.465011068988,"TOTAL_ASSETS_TDAYS":1.093093352394,"PREMIUM_EXPENSE":null,"LOAN_DEPOSIT":null,"LOAN_EQUITY":null,"LOAN_ASSETS":null,"DEPOSIT_EQUITY":null,"DEPOSIT_ASSETS":null,"EQUITY_MULTIPLIER":1.928422317812,"EQUITY_RATIO":0.928973249254},{"SECUCODE":"01348.HK","SECURITY_CODE":"01348","SECURITY_NAME_ABBR":"滉达富控股","ORG_CODE":"10326041","STD_REPORT_DATE":"2022-06-30 00:00:00","REPORT_DATE":"2022-09-30 00:00:00","DATE_TYPE_CODE":"002","REPORT_TYPE":"2022年中报","PER_NETCASH_OPERATE":0.018602519603,"PER_OI":0.144604191036,"BPS":0.11177830838,"BASIC_EPS":-0.010220172,"DILUTED_EPS":-0.010220172,"OPERATE_INCOME":213180125.76,"OPERATE_INCOME_YOY":-5.6414033852,"GROSS_PROFIT":24832304.64,"GROSS_PROFIT_YOY":0.466945635418,"HOLDER_PROFIT":-15001946.28,"HOLDER_PROFIT_YOY":5.0652472527,"GROSS_PROFIT_RATIO":11.648508298544,"EPS_TTM":-0.051917376464,"OPERATE_INCOME_QOQ":0,"NET_PROFIT_RATIO":-7.0372161694,"ROE_AVG":-8.709189620591,"GROSS_PROFIT_QOQ":0,"ROA":-4.666242812293,"HOLDER_PROFIT_QOQ":0,"ROE_YEARLY":-17.418379241182,"ROIC_YEARLY":-10.723290363455,"TOTAL_ASSETS":297948764.76,"TOTAL_LIABILITIES":133161605.64,"TAX_EBT":-5.764203277434,"OCF_SALES":12.864440145267,"TOTAL_PARENT_EQUITY":164787159.12,"DEBT_ASSET_RATIO":44.6927866096,"OPERATE_PROFIT":-8218646.28,"PRETAX_PROFIT":-14184332.52,"NETCASH_OPERATE":27424429.68,"NETCASH_INVEST":34949370.48,"NETCASH_FINANCE":-32127517.68,"END_CASH":56821443,"DIVI_RATIO":null,"DIVIDEND_RATE":null,"CURRENT_RATIO":1.692937069476,"COMMON_ACS":6000000000,"CURRENTDEBT_DEBT":87.163708729819,"ISSUED_COMMON_SHARES":1474232000,"HK_COMMON_SHARES":1474232000,"PER_SHARES":2000,"TOTAL_MARKET_CAP":78134296,"HKSK_MARKET_CAP":78134296,"PE_TTM":-1.054728617711,"PB_TTM":1.703014298169,"REPORT_DATE_SQ":"2021-06-30 00:00:00","REPORT_TYPE_SQ":"2021年中报","OPERATE_INCOME_SQ":208095055.76,"DPS_HKD":null,"OPERATE_INCOME_QOQ_SQ":0,"NET_PROFIT_RATIO_SQ":-6.9945075181,"HOLDER_PROFIT_SQ":-14555224.32,"HOLDER_PROFIT_QOQ_SQ":0,"ROE_AVG_SQ":-6.144583397808,"PE_TTM_SQ":-0.713459714329,"PB_TTM_SQ":0.430127709236,"ROA_SQ":-3.670326069146,"START_DATE":"2022-04-01 00:00:00","FISCAL_YEAR":"3-31","CURRENCY":"HKD","IS_CNY_CODE":0,"DPS_HKD_LY":null,"ORG_TYPE":"一般企业","PREMIUM_INCOME":null,"PREMIUM_INCOME_YOY":null,"NET_INTEREST_INCOME":null,"NET_INTEREST_INCOME_YOY":null,"FEE_COMMISSION_INCOME":null,"FEE_COMMISSION_INCOME_YOY":null,"ACCOUNTS_RECE_TDAYS":3.75743663319,"INVENTORY_TDAYS":2.814105119491,"CURRENT_ASSETS_TDAYS":0.941465937845,"TOTAL_ASSETS_TDAYS":0.663080783643,"PREMIUM_EXPENSE":null,"LOAN_DEPOSIT":null,"LOAN_EQUITY":null,"LOAN_ASSETS":null,"DEPOSIT_EQUITY":null,"DEPOSIT_ASSETS":null,"EQUITY_MULTIPLIER":1.808082415835,"EQUITY_RATIO":0.808082415833},{"SECUCODE":"01348.HK","SECURITY_CODE":"01348","SECURITY_NAME_ABBR":"滉达富控股","ORG_CODE":"10326041","STD_REPORT_DATE":"2021-12-31 00:00:00","REPORT_DATE":"2022-03-31 00:00:00","DATE_TYPE_CODE":"001","REPORT_TYPE":"2021年年报","PER_NETCASH_OPERATE":-0.020077865607,"PER_OI":0.246815760036,"BPS":0.109315085482,"BASIC_EPS":-0.05190464,"DILUTED_EPS":-0.05190464,"OPERATE_INCOME":363863691.55,"OPERATE_INCOME_YOY":-7.6438693422,"GROSS_PROFIT":44149762.38,"GROSS_PROFIT_YOY":-27.030910109514,"HOLDER_PROFIT":-76538257.74,"HOLDER_PROFIT_YOY":-164.8871673964,"GROSS_PROFIT_RATIO":12.133599313504,"EPS_TTM":-0.028419931137,"OPERATE_INCOME_QOQ":0,"NET_PROFIT_RATIO":-21.0348708919,"ROE_AVG":-38.379484092933,"GROSS_PROFIT_QOQ":0,"ROA":-23.00825624216,"HOLDER_PROFIT_QOQ":0,"ROE_YEARLY":-38.379484092933,"ROIC_YEARLY":-27.70608777088,"TOTAL_ASSETS":309405992.07,"TOTAL_LIABILITIES":148250194.97,"TAX_EBT":-0.089086859688,"OCF_SALES":-8.13475833324,"TOTAL_PARENT_EQUITY":161155797.1,"DEBT_ASSET_RATIO":47.9144550428,"OPERATE_PROFIT":-66927789.24,"PRETAX_PROFIT":-76470132.9,"NETCASH_OPERATE":-29599431.97,"NETCASH_INVEST":10714253.11,"NETCASH_FINANCE":3613049.55,"END_CASH":23829906.83,"DIVI_RATIO":null,"DIVIDEND_RATE":null,"CURRENT_RATIO":1.87620547918,"COMMON_ACS":6000000000,"CURRENTDEBT_DEBT":82.649605846923,"ISSUED_COMMON_SHARES":1474232000,"HK_COMMON_SHARES":1474232000,"PER_SHARES":2000,"TOTAL_MARKET_CAP":78134296,"HKSK_MARKET_CAP":78134296,"PE_TTM":-1.054728617711,"PB_TTM":1.703014298169,"REPORT_DATE_SQ":"2020-12-31 00:00:00","REPORT_TYPE_SQ":"2020年年报","OPERATE_INCOME_SQ":410578301.84,"DPS_HKD":null,"OPERATE_INCOME_QOQ_SQ":0,"NET_PROFIT_RATIO_SQ":-7.3340634186,"HOLDER_PROFIT_SQ":-30112073.04,"HOLDER_PROFIT_QOQ_SQ":0,"ROE_AVG_SQ":-11.797917449679,"PE_TTM_SQ":-0.713459714329,"PB_TTM_SQ":0.430127709236,"ROA_SQ":-7.773777574131,"START_DATE":"2021-04-01 00:00:00","FISCAL_YEAR":"3-31","CURRENCY":"HKD","IS_CNY_CODE":0,"DPS_HKD_LY":null,"ORG_TYPE":"一般企业","PREMIUM_INCOME":null,"PREMIUM_INCOME_YOY":null,"NET_INTEREST_INCOME":null,"NET_INTEREST_INCOME_YOY":null,"FEE_COMMISSION_INCOME":null,"FEE_COMMISSION_INCOME_YOY":null,"ACCOUNTS_RECE_TDAYS":5.950134279367,"INVENTORY_TDAYS":4.698317164446,"CURRENT_ASSETS_TDAYS":1.563794542726,"TOTAL_ASSETS_TDAYS":1.093814949491,"PREMIUM_EXPENSE":null,"LOAN_DEPOSIT":null,"LOAN_EQUITY":null,"LOAN_ASSETS":null,"DEPOSIT_EQUITY":null,"DEPOSIT_ASSETS":null,"EQUITY_MULTIPLIER":1.91991847416,"EQUITY_RATIO":0.919918474158},{"SECUCODE":"01348.HK","SECURITY_CODE":"01348","SECURITY_NAME_ABBR":"滉达富控股","ORG_CODE":"10326041","STD_REPORT_DATE":"2021-06-30 00:00:00","REPORT_DATE":"2021-09-30 00:00:00","DATE_TYPE_CODE":"002","REPORT_TYPE":"2021年中报","PER_NETCASH_OPERATE":-0.064616974126,"PER_OI":0.141154889977,"BPS":0.155743012443,"BASIC_EPS":-0.009913414,"DILUTED_EPS":-0.009913414,"OPERATE_INCOME":208095055.76,"OPERATE_INCOME_YOY":-19.2118991329,"GROSS_PROFIT":24716890.2,"GROSS_PROFIT_YOY":-35.173336938625,"HOLDER_PROFIT":-14555224.32,"HOLDER_PROFIT_YOY":-454.3147208122,"GROSS_PROFIT_RATIO":11.877692196833,"EPS_TTM":-0.020425599933,"OPERATE_INCOME_QOQ":0,"NET_PROFIT_RATIO":-6.9945075181,"ROE_AVG":-6.144583397808,"GROSS_PROFIT_QOQ":0,"ROA":-3.670326069146,"HOLDER_PROFIT_QOQ":0,"ROE_YEARLY":-12.289166795617,"ROIC_YEARLY":-9.112030728071,"TOTAL_ASSETS":427548051.56,"TOTAL_LIABILITIES":197946718.84,"TAX_EBT":null,"OCF_SALES":-45.777354321126,"TOTAL_PARENT_EQUITY":229601332.72,"DEBT_ASSET_RATIO":46.2981220749,"OPERATE_PROFIT":-10060032.56,"PRETAX_PROFIT":-14555224.32,"NETCASH_OPERATE":-95260411,"NETCASH_INVEST":16135539.14,"NETCASH_FINANCE":62593629.22,"END_CASH":23633912.2,"DIVI_RATIO":null,"DIVIDEND_RATE":null,"CURRENT_RATIO":1.76335165256,"COMMON_ACS":6000000000,"CURRENTDEBT_DEBT":87.910644995665,"ISSUED_COMMON_SHARES":1474232000,"HK_COMMON_SHARES":1474232000,"PER_SHARES":2000,"TOTAL_MARKET_CAP":78134296,"HKSK_MARKET_CAP":78134296,"PE_TTM":-1.054728617711,"PB_TTM":1.703014298169,"REPORT_DATE_SQ":"2020-06-30 00:00:00","REPORT_TYPE_SQ":"2020年中报","OPERATE_INCOME_SQ":271699345.28,"DPS_HKD":null,"OPERATE_INCOME_QOQ_SQ":0,"NET_PROFIT_RATIO_SQ":-1.0194082128,"HOLDER_PROFIT_SQ":-2769725.44,"HOLDER_PROFIT_QOQ_SQ":0,"ROE_AVG_SQ":-0.996757061021,"PE_TTM_SQ":-0.713459714329,"PB_TTM_SQ":0.430127709236,"ROA_SQ":-0.542514309417,"START_DATE":"2021-04-01 00:00:00","FISCAL_YEAR":"3-31","CURRENCY":"HKD","IS_CNY_CODE":0,"DPS_HKD_LY":null,"ORG_TYPE":"一般企业","PREMIUM_INCOME":null,"PREMIUM_INCOME_YOY":null,"NET_INTEREST_INCOME":null,"NET_INTEREST_INCOME_YOY":null,"FEE_COMMISSION_INCOME":null,"FEE_COMMISSION_INCOME_YOY":null,"ACCOUNTS_RECE_TDAYS":2.227537007312,"INVENTORY_TDAYS":2.404500395969,"CURRENT_ASSETS_TDAYS":0.758466464345,"TOTAL_ASSETS_TDAYS":0.524744030889,"PREMIUM_EXPENSE":null,"LOAN_DEPOSIT":null,"LOAN_EQUITY":null,"LOAN_ASSETS":null,"DEPOSIT_EQUITY":null,"DEPOSIT_ASSETS":null,"EQUITY_MULTIPLIER":1.862132272906,"EQUITY_RATIO":0.862132272905},{"SECUCODE":"01348.HK","SECURITY_CODE":"01348","SECURITY_NAME_ABBR":"滉达富控股","ORG_CODE":"10326041","STD_REPORT_DATE":"2020-12-31 00:00:00","REPORT_DATE":"2021-03-31 00:00:00","DATE_TYPE_CODE":"001","REPORT_TYPE":"2020年年报","PER_NETCASH_OPERATE":0.01065538903,"PER_OI":0.278503181209,"BPS":0.168025612739,"BASIC_EPS":-0.020453356,"DILUTED_EPS":-0.020453356,"OPERATE_INCOME":410578301.84,"OPERATE_INCOME_YOY":17.5396869564,"GROSS_PROFIT":60504745.84,"GROSS_PROFIT_YOY":2.440344701212,"HOLDER_PROFIT":-30112073.04,"HOLDER_PROFIT_YOY":59.3575323401,"GROSS_PROFIT_RATIO":14.736469406408,"EPS_TTM":-0.048916680441,"OPERATE_INCOME_QOQ":0,"NET_PROFIT_RATIO":-7.3340634186,"ROE_AVG":-11.797917449679,"GROSS_PROFIT_QOQ":0,"ROA":-7.773777574131,"HOLDER_PROFIT_QOQ":0,"ROE_YEARLY":-11.797917449679,"ROIC_YEARLY":-10.125373541536,"TOTAL_ASSETS":370900481.56,"TOTAL_LIABILITIES":123191746.44,"TAX_EBT":-4.20286040186,"OCF_SALES":3.825948767775,"TOTAL_PARENT_EQUITY":247708735.12,"DEBT_ASSET_RATIO":33.2142320015,"OPERATE_PROFIT":-19054583.1,"PRETAX_PROFIT":-28897549.38,"NETCASH_OPERATE":15708515.48,"NETCASH_INVEST":13192414.62,"NETCASH_FINANCE":-38825878.84,"END_CASH":40749508.52,"DIVI_RATIO":null,"DIVIDEND_RATE":null,"CURRENT_RATIO":2.469604565907,"COMMON_ACS":6000000000,"CURRENTDEBT_DEBT":80.659037582843,"ISSUED_COMMON_SHARES":1474232000,"HK_COMMON_SHARES":1474232000,"PER_SHARES":2000,"TOTAL_MARKET_CAP":78134296,"HKSK_MARKET_CAP":78134296,"PE_TTM":-1.054728617711,"PB_TTM":1.703014298169,"REPORT_DATE_SQ":"2019-12-31 00:00:00","REPORT_TYPE_SQ":"2019年年报","OPERATE_INCOME_SQ":377629468.9,"DPS_HKD":null,"OPERATE_INCOME_QOQ_SQ":0,"NET_PROFIT_RATIO_SQ":-21.2104128508,"HOLDER_PROFIT_SQ":-80096769.4,"HOLDER_PROFIT_QOQ_SQ":0,"ROE_AVG_SQ":-24.698078096099,"PE_TTM_SQ":-0.713459714329,"PB_TTM_SQ":0.430127709236,"ROA_SQ":-16.136421996648,"START_DATE":"2020-04-01 00:00:00","FISCAL_YEAR":"3-31","CURRENCY":"HKD","IS_CNY_CODE":0,"DPS_HKD_LY":null,"ORG_TYPE":"一般企业","PREMIUM_INCOME":null,"PREMIUM_INCOME_YOY":null,"NET_INTEREST_INCOME":null,"NET_INTEREST_INCOME_YOY":null,"FEE_COMMISSION_INCOME":null,"FEE_COMMISSION_INCOME_YOY":null,"ACCOUNTS_RECE_TDAYS":7.318674530896,"INVENTORY_TDAYS":5.30960972702,"CURRENT_ASSETS_TDAYS":1.608766636972,"TOTAL_ASSETS_TDAYS":1.059955052257,"PREMIUM_EXPENSE":null,"LOAN_DEPOSIT":null,"LOAN_EQUITY":null,"LOAN_ASSETS":null,"DEPOSIT_EQUITY":null,"DEPOSIT_ASSETS":null,"EQUITY_MULTIPLIER":1.497324998977,"EQUITY_RATIO":0.497324998976},{"SECUCODE":"01348.HK","SECURITY_CODE":"01348","SECURITY_NAME_ABBR":"滉达富控股","ORG_CODE":"10326041","STD_REPORT_DATE":"2020-06-30 00:00:00","REPORT_DATE":"2020-09-30 00:00:00","DATE_TYPE_CODE":"002","REPORT_TYPE":"2020年中报","PER_NETCASH_OPERATE":-0.011655811026,"PER_OI":0.184298906332,"BPS":0.191669098269,"BASIC_EPS":-0.001845312,"DILUTED_EPS":-0.001845312,"OPERATE_INCOME":271699345.28,"OPERATE_INCOME_YOY":15.1789339582,"GROSS_PROFIT":38127660.8,"GROSS_PROFIT_YOY":2.098174689127,"HOLDER_PROFIT":-2769725.44,"HOLDER_PROFIT_YOY":73.5570469799,"GROSS_PROFIT_RATIO":14.033033742024,"EPS_TTM":-0.054331183559,"OPERATE_INCOME_QOQ":0,"NET_PROFIT_RATIO":-1.0194082128,"ROE_AVG":-0.996757061021,"GROSS_PROFIT_QOQ":0,"ROA":-0.542514309417,"HOLDER_PROFIT_QOQ":0,"ROE_YEARLY":-1.993514122043,"ROIC_YEARLY":-1.506868634233,"TOTAL_ASSETS":601236919.68,"TOTAL_LIABILITIES":318672201.6,"TAX_EBT":-2664.91228070175,"OCF_SALES":-6.32440596509,"TOTAL_PARENT_EQUITY":282564718.08,"DEBT_ASSET_RATIO":53.002766658,"OPERATE_PROFIT":5357555.84,"PRETAX_PROFIT":-100174.08,"NETCASH_OPERATE":-17183369.6,"NETCASH_INVEST":27323798.4,"NETCASH_FINANCE":1521064.32,"END_CASH":64346908.16,"DIVI_RATIO":null,"DIVIDEND_RATE":null,"CURRENT_RATIO":1.565785130474,"COMMON_ACS":6000000000,"CURRENTDEBT_DEBT":91.055962278198,"ISSUED_COMMON_SHARES":1474232000,"HK_COMMON_SHARES":1474232000,"PER_SHARES":2000,"TOTAL_MARKET_CAP":78134296,"HKSK_MARKET_CAP":78134296,"PE_TTM":-1.054728617711,"PB_TTM":1.703014298169,"REPORT_DATE_SQ":"2019-06-30 00:00:00","REPORT_TYPE_SQ":"2019年中报","OPERATE_INCOME_SQ":242145486.51,"DPS_HKD":null,"OPERATE_INCOME_QOQ_SQ":0,"NET_PROFIT_RATIO_SQ":-4.4402889168,"HOLDER_PROFIT_SQ":-10751959.2,"HOLDER_PROFIT_QOQ_SQ":0,"ROE_AVG_SQ":-3.032909099236,"PE_TTM_SQ":-0.713459714329,"PB_TTM_SQ":0.430127709236,"ROA_SQ":-1.936026662595,"START_DATE":"2020-04-01 00:00:00","FISCAL_YEAR":"3-31","CURRENCY":"HKD","IS_CNY_CODE":0,"DPS_HKD_LY":null,"ORG_TYPE":"一般企业","PREMIUM_INCOME":null,"PREMIUM_INCOME_YOY":null,"NET_INTEREST_INCOME":null,"NET_INTEREST_INCOME_YOY":null,"FEE_COMMISSION_INCOME":null,"FEE_COMMISSION_INCOME_YOY":null,"ACCOUNTS_RECE_TDAYS":2.451333888294,"INVENTORY_TDAYS":3.592814614069,"CURRENT_ASSETS_TDAYS":0.744489149252,"TOTAL_ASSETS_TDAYS":0.532185539205,"PREMIUM_EXPENSE":null,"LOAN_DEPOSIT":null,"LOAN_EQUITY":null,"LOAN_ASSETS":null,"DEPOSIT_EQUITY":null,"DEPOSIT_ASSETS":null,"EQUITY_MULTIPLIER":2.127784826658,"EQUITY_RATIO":1.12778482666}],"count":28},"success":true,"message":"ok","code":0}