{"version":"d59de5839c9aecb7a5427e926633a5b0","result":{"pages":5,"data":[{"SECUCODE":"01355.HK","SECURITY_CODE":"01355","SECURITY_NAME_ABBR":"朸浚国际","ORG_CODE":"10162341","STD_REPORT_DATE":"2024-06-30 00:00:00","REPORT_DATE":"2024-06-30 00:00:00","DATE_TYPE_CODE":"002","REPORT_TYPE":"2024年中报","PER_NETCASH_OPERATE":0.036072505404,"PER_OI":0.038887711938,"BPS":-0.05542402492,"BASIC_EPS":0.006571296,"DILUTED_EPS":0.006571296,"OPERATE_INCOME":17435838.72,"OPERATE_INCOME_YOY":-37.4131830691,"GROSS_PROFIT":17435838.72,"GROSS_PROFIT_YOY":-38.044495459197,"HOLDER_PROFIT":2930615.48,"HOLDER_PROFIT_YOY":160.0411368736,"GROSS_PROFIT_RATIO":null,"EPS_TTM":-0.059630835777,"OPERATE_INCOME_QOQ":-17.461547077294,"NET_PROFIT_RATIO":5.1245812395,"ROE_AVG":-9.304414598456,"GROSS_PROFIT_QOQ":-17.461547077294,"ROA":2.691364750749,"HOLDER_PROFIT_QOQ":22.722238709461,"ROE_YEARLY":-18.608829196911,"ROIC_YEARLY":3.903346289785,"TOTAL_ASSETS":101577633.28,"TOTAL_LIABILITIES":174864924.6,"TAX_EBT":20.211898940505,"OCF_SALES":92.76067839196,"TOTAL_PARENT_EQUITY":-29819993.64,"DEBT_ASSET_RATIO":172.1490439908,"OPERATE_PROFIT":3912659.16,"PRETAX_PROFIT":1119858.36,"NETCASH_OPERATE":16173602.28,"NETCASH_INVEST":-84879.24,"NETCASH_FINANCE":-17340920,"END_CASH":1249458.92,"DIVI_RATIO":null,"DIVIDEND_RATE":null,"CURRENT_RATIO":0.111056517582,"COMMON_ACS":2000000000,"CURRENTDEBT_DEBT":39.303739659177,"ISSUED_COMMON_SHARES":538033708,"HK_COMMON_SHARES":538033708,"PER_SHARES":2000,"TOTAL_MARKET_CAP":87699494.404,"HKSK_MARKET_CAP":87699494.404,"PE_TTM":-2.960920166245,"PB_TTM":-2.684158002142,"REPORT_DATE_SQ":"2023-06-30 00:00:00","REPORT_TYPE_SQ":"2023年中报","OPERATE_INCOME_SQ":28142517.52,"DPS_HKD":null,"OPERATE_INCOME_QOQ_SQ":1.619746322783,"NET_PROFIT_RATIO_SQ":-25.6126326825,"HOLDER_PROFIT_SQ":-4930749.04,"HOLDER_PROFIT_QOQ_SQ":21.733349565109,"ROE_AVG_SQ":579.414951245937,"PE_TTM_SQ":-13.594048574996,"PB_TTM_SQ":-18.941806749503,"ROA_SQ":-2.882086656607,"START_DATE":"2024-01-01 00:00:00","FISCAL_YEAR":"12-31","CURRENCY":"HKD","IS_CNY_CODE":0,"DPS_HKD_LY":null,"ORG_TYPE":"一般企业","PREMIUM_INCOME":null,"PREMIUM_INCOME_YOY":null,"NET_INTEREST_INCOME":null,"NET_INTEREST_INCOME_YOY":null,"FEE_COMMISSION_INCOME":null,"FEE_COMMISSION_INCOME_YOY":null,"ACCOUNTS_RECE_TDAYS":24.586872586873,"INVENTORY_TDAYS":null,"CURRENT_ASSETS_TDAYS":2.173255218702,"TOTAL_ASSETS_TDAYS":0.160124049201,"PREMIUM_EXPENSE":null,"LOAN_DEPOSIT":null,"LOAN_EQUITY":null,"LOAN_ASSETS":null,"DEPOSIT_EQUITY":null,"DEPOSIT_ASSETS":null,"EQUITY_MULTIPLIER":-1.38601975118,"EQUITY_RATIO":-5.864016160132},{"SECUCODE":"01355.HK","SECURITY_CODE":"01355","SECURITY_NAME_ABBR":"朸浚国际","ORG_CODE":"10162341","STD_REPORT_DATE":"2023-12-31 00:00:00","REPORT_DATE":"2023-12-31 00:00:00","DATE_TYPE_CODE":"001","REPORT_TYPE":"2023年年报","PER_NETCASH_OPERATE":0.071064393999,"PER_OI":0.136754492672,"BPS":-0.06122160019,"BASIC_EPS":-0.077119322,"DILUTED_EPS":-0.077119322,"OPERATE_INCOME":61315751.42,"OPERATE_INCOME_YOY":7.3950033332,"GROSS_PROFIT":61315751.42,"GROSS_PROFIT_YOY":8.951940533811,"HOLDER_PROFIT":-34597667.16,"HOLDER_PROFIT_YOY":-389.8383371824,"GROSS_PROFIT_RATIO":null,"EPS_TTM":-0.077164289934,"OPERATE_INCOME_QOQ":7.215324261623,"NET_PROFIT_RATIO":-91.2904036299,"ROE_AVG":223.459174714662,"GROSS_PROFIT_QOQ":7.215324261623,"ROA":-23.604039729572,"HOLDER_PROFIT_QOQ":-534.931565370382,"ROE_YEARLY":223.459174714662,"ROIC_YEARLY":-19.664987483388,"TOTAL_ASSETS":115379024.18,"TOTAL_LIABILITIES":190360573.2,"TAX_EBT":-5.274998721729,"OCF_SALES":51.96494287699,"TOTAL_PARENT_EQUITY":-32939284.56,"DEBT_ASSET_RATIO":164.9871582403,"OPERATE_PROFIT":-47922726.04,"PRETAX_PROFIT":-53170646.06,"NETCASH_OPERATE":31862695.2,"NETCASH_INVEST":-583605.68,"NETCASH_FINANCE":-31666951.68,"END_CASH":2006371.08,"DIVI_RATIO":null,"DIVIDEND_RATE":null,"CURRENT_RATIO":0.113233505718,"COMMON_ACS":780000000,"CURRENTDEBT_DEBT":38.754165476531,"ISSUED_COMMON_SHARES":538033708,"HK_COMMON_SHARES":538033708,"PER_SHARES":2000,"TOTAL_MARKET_CAP":101150337.104,"HKSK_MARKET_CAP":101150337.104,"PE_TTM":-3.415049026098,"PB_TTM":-3.095838677318,"REPORT_DATE_SQ":"2022-12-31 00:00:00","REPORT_TYPE_SQ":"2022年年报","OPERATE_INCOME_SQ":56277796.54,"DPS_HKD":null,"OPERATE_INCOME_QOQ_SQ":-7.799355035169,"NET_PROFIT_RATIO_SQ":-28.0102218977,"HOLDER_PROFIT_SQ":-6962146.38,"HOLDER_PROFIT_QOQ_SQ":-262.781600548912,"ROE_AVG_SQ":-107.496034756224,"PE_TTM_SQ":-17.512333164259,"PB_TTM_SQ":-24.401503989066,"ROA_SQ":-3.57234526254,"START_DATE":"2023-01-01 00:00:00","FISCAL_YEAR":"12-31","CURRENCY":"HKD","IS_CNY_CODE":0,"DPS_HKD_LY":null,"ORG_TYPE":"一般企业","PREMIUM_INCOME":null,"PREMIUM_INCOME_YOY":null,"NET_INTEREST_INCOME":null,"NET_INTEREST_INCOME_YOY":null,"FEE_COMMISSION_INCOME":null,"FEE_COMMISSION_INCOME_YOY":null,"ACCOUNTS_RECE_TDAYS":7.944695590912,"INVENTORY_TDAYS":null,"CURRENT_ASSETS_TDAYS":3.501850270424,"TOTAL_ASSETS_TDAYS":0.418322838321,"PREMIUM_EXPENSE":null,"LOAN_DEPOSIT":null,"LOAN_EQUITY":null,"LOAN_ASSETS":null,"DEPOSIT_EQUITY":null,"DEPOSIT_ASSETS":null,"EQUITY_MULTIPLIER":-1.538765545498,"EQUITY_RATIO":-5.779135028062},{"SECUCODE":"01355.HK","SECURITY_CODE":"01355","SECURITY_NAME_ABBR":"朸浚国际","ORG_CODE":"10162341","STD_REPORT_DATE":"2023-06-30 00:00:00","REPORT_DATE":"2023-06-30 00:00:00","DATE_TYPE_CODE":"002","REPORT_TYPE":"2023年中报","PER_NETCASH_OPERATE":0.03508701632,"PER_OI":0.062767162056,"BPS":-0.006895567071,"BASIC_EPS":-0.010971562,"DILUTED_EPS":-0.010971562,"OPERATE_INCOME":28142517.52,"OPERATE_INCOME_YOY":-4.139187237,"GROSS_PROFIT":28142517.52,"GROSS_PROFIT_YOY":3.347504240282,"HOLDER_PROFIT":-4930749.04,"HOLDER_PROFIT_YOY":29.0245520902,"GROSS_PROFIT_RATIO":null,"EPS_TTM":-0.012153166442,"OPERATE_INCOME_QOQ":1.619746322783,"NET_PROFIT_RATIO":-25.6126326825,"ROE_AVG":579.414951245937,"GROSS_PROFIT_QOQ":1.619746322783,"ROA":-2.882086656607,"HOLDER_PROFIT_QOQ":21.733349565109,"ROE_YEARLY":1158.82990249187,"ROIC_YEARLY":-5.146860684452,"TOTAL_ASSETS":161302244.96,"TOTAL_LIABILITIES":187972360.42,"TAX_EBT":-10.720861067837,"OCF_SALES":55.900275193291,"TOTAL_PARENT_EQUITY":-3710047.52,"DEBT_ASSET_RATIO":116.5342493941,"OPERATE_PROFIT":-3254589.4,"PRETAX_PROFIT":-6510100.78,"NETCASH_OPERATE":15731744.74,"NETCASH_INVEST":-470209.8,"NETCASH_FINANCE":-15263378.9,"END_CASH":930277.82,"DIVI_RATIO":null,"DIVIDEND_RATE":null,"CURRENT_RATIO":0.268018123219,"COMMON_ACS":780000000,"CURRENTDEBT_DEBT":42.003345121371,"ISSUED_COMMON_SHARES":538033708,"HK_COMMON_SHARES":538033708,"PER_SHARES":2000,"TOTAL_MARKET_CAP":101150337.104,"HKSK_MARKET_CAP":101150337.104,"PE_TTM":-3.415049026098,"PB_TTM":-3.095838677318,"REPORT_DATE_SQ":"2022-06-30 00:00:00","REPORT_TYPE_SQ":"2022年中报","OPERATE_INCOME_SQ":27230959.98,"DPS_HKD":null,"OPERATE_INCOME_QOQ_SQ":5.798388315458,"NET_PROFIT_RATIO_SQ":-45.0222975944,"HOLDER_PROFIT_SQ":-6443856.65,"HOLDER_PROFIT_QOQ_SQ":5.106436525827,"ROE_AVG_SQ":-90.684799614875,"PE_TTM_SQ":-17.512333164259,"PB_TTM_SQ":-24.401503989066,"ROA_SQ":-3.31434603796,"START_DATE":"2023-01-01 00:00:00","FISCAL_YEAR":"12-31","CURRENCY":"HKD","IS_CNY_CODE":0,"DPS_HKD_LY":null,"ORG_TYPE":"一般企业","PREMIUM_INCOME":null,"PREMIUM_INCOME_YOY":null,"NET_INTEREST_INCOME":null,"NET_INTEREST_INCOME_YOY":null,"FEE_COMMISSION_INCOME":null,"FEE_COMMISSION_INCOME_YOY":null,"ACCOUNTS_RECE_TDAYS":2.133724791164,"INVENTORY_TDAYS":null,"CURRENT_ASSETS_TDAYS":1.165549764209,"TOTAL_ASSETS_TDAYS":0.164496658763,"PREMIUM_EXPENSE":null,"LOAN_DEPOSIT":null,"LOAN_EQUITY":null,"LOAN_ASSETS":null,"DEPOSIT_EQUITY":null,"DEPOSIT_ASSETS":null,"EQUITY_MULTIPLIER":-6.048051992955,"EQUITY_RATIO":-50.665755467197},{"SECUCODE":"01355.HK","SECURITY_CODE":"01355","SECURITY_NAME_ABBR":"朸浚国际","ORG_CODE":"10162341","STD_REPORT_DATE":"2022-12-31 00:00:00","REPORT_DATE":"2022-12-31 00:00:00","DATE_TYPE_CODE":"001","REPORT_TYPE":"2022年年报","PER_NETCASH_OPERATE":0.018623915832,"PER_OI":0.125518179852,"BPS":0.003616022623,"BASIC_EPS":-0.015542898,"DILUTED_EPS":-0.015542898,"OPERATE_INCOME":56277796.54,"OPERATE_INCOME_YOY":-10.7165126693,"GROSS_PROFIT":56277796.54,"GROSS_PROFIT_YOY":-2.453203610751,"HOLDER_PROFIT":-6962146.38,"HOLDER_PROFIT_YOY":-256.6003616637,"GROSS_PROFIT_RATIO":null,"EPS_TTM":-0.015527899015,"OPERATE_INCOME_QOQ":-7.799355035169,"NET_PROFIT_RATIO":-28.0102218977,"ROE_AVG":-107.496034756224,"GROSS_PROFIT_QOQ":-7.799355035169,"ROA":-3.57234526254,"HOLDER_PROFIT_QOQ":-262.781600548912,"ROE_YEARLY":-107.496034756224,"ROIC_YEARLY":-3.41117231147,"TOTAL_ASSETS":175230989.36,"TOTAL_LIABILITIES":193877107.34,"TAX_EBT":-9.588275476619,"OCF_SALES":14.837624202406,"TOTAL_PARENT_EQUITY":1945542.06,"DEBT_ASSET_RATIO":110.6408792464,"OPERATE_PROFIT":-7785741.32,"PRETAX_PROFIT":-14384326.81,"NETCASH_OPERATE":8350287.96,"NETCASH_INVEST":-2615494.56,"NETCASH_FINANCE":-16980169.43,"END_CASH":2174219.18,"DIVI_RATIO":null,"DIVIDEND_RATE":null,"CURRENT_RATIO":0.324192411088,"COMMON_ACS":780000000,"CURRENTDEBT_DEBT":41.818634181403,"ISSUED_COMMON_SHARES":538033708,"HK_COMMON_SHARES":538033708,"PER_SHARES":2000,"TOTAL_MARKET_CAP":101150337.104,"HKSK_MARKET_CAP":101150337.104,"PE_TTM":-3.415049026098,"PB_TTM":-3.095838677318,"REPORT_DATE_SQ":"2021-12-31 00:00:00","REPORT_TYPE_SQ":"2021年年报","OPERATE_INCOME_SQ":57693126.4,"DPS_HKD":null,"OPERATE_INCOME_QOQ_SQ":3.240744511243,"NET_PROFIT_RATIO_SQ":-5.691287342,"HOLDER_PROFIT_SQ":4069195.2,"HOLDER_PROFIT_QOQ_SQ":-5.375298630208,"ROE_AVG_SQ":51.3198597649,"PE_TTM_SQ":-17.512333164259,"PB_TTM_SQ":-24.401503989066,"ROA_SQ":2.110185876128,"START_DATE":"2022-01-01 00:00:00","FISCAL_YEAR":"12-31","CURRENCY":"HKD","IS_CNY_CODE":0,"DPS_HKD_LY":null,"ORG_TYPE":"一般企业","PREMIUM_INCOME":null,"PREMIUM_INCOME_YOY":null,"NET_INTEREST_INCOME":null,"NET_INTEREST_INCOME_YOY":null,"FEE_COMMISSION_INCOME":null,"FEE_COMMISSION_INCOME_YOY":null,"ACCOUNTS_RECE_TDAYS":6.073067283594,"INVENTORY_TDAYS":null,"CURRENT_ASSETS_TDAYS":2.254298237767,"TOTAL_ASSETS_TDAYS":0.288766867116,"PREMIUM_EXPENSE":null,"LOAN_DEPOSIT":null,"LOAN_EQUITY":null,"LOAN_ASSETS":null,"DEPOSIT_EQUITY":null,"DEPOSIT_ASSETS":null,"EQUITY_MULTIPLIER":-9.397719651206,"EQUITY_RATIO":99.651974288338},{"SECUCODE":"01355.HK","SECURITY_CODE":"01355","SECURITY_NAME_ABBR":"朸浚国际","ORG_CODE":"10162341","STD_REPORT_DATE":"2022-06-30 00:00:00","REPORT_DATE":"2022-06-30 00:00:00","DATE_TYPE_CODE":"002","REPORT_TYPE":"2022年中报","PER_NETCASH_OPERATE":0.009475753377,"PER_OI":0.060734085953,"BPS":0.00682678612,"BASIC_EPS":-0.014367192,"DILUTED_EPS":-0.014367192,"OPERATE_INCOME":27230959.98,"OPERATE_INCOME_YOY":10.9245453912,"GROSS_PROFIT":27230959.98,"GROSS_PROFIT_YOY":14.005338396677,"HOLDER_PROFIT":-6443856.65,"HOLDER_PROFIT_YOY":5.7418063548,"GROSS_PROFIT_RATIO":null,"EPS_TTM":0.009539099605,"OPERATE_INCOME_QOQ":5.798388315458,"NET_PROFIT_RATIO":-45.0222975944,"ROE_AVG":-90.684799614875,"GROSS_PROFIT_QOQ":5.798388315458,"ROA":-3.31434603796,"HOLDER_PROFIT_QOQ":5.106436525827,"ROE_YEARLY":-181.369599229751,"ROIC_YEARLY":-6.402426719404,"TOTAL_ASSETS":183443386.14,"TOTAL_LIABILITIES":197122150.19,"TAX_EBT":-6.14541685177,"OCF_SALES":15.60203504805,"TOTAL_PARENT_EQUITY":3673041.05,"DEBT_ASSET_RATIO":107.4566678788,"OPERATE_PROFIT":-8060165.75,"PRETAX_PROFIT":-11550196.14,"NETCASH_OPERATE":4248583.92,"NETCASH_INVEST":-2563004.43,"NETCASH_FINANCE":-10509429.91,"END_CASH":3608901.8,"DIVI_RATIO":null,"DIVIDEND_RATE":null,"CURRENT_RATIO":0.288500439754,"COMMON_ACS":780000000,"CURRENTDEBT_DEBT":39.461867844391,"ISSUED_COMMON_SHARES":538033708,"HK_COMMON_SHARES":538033708,"PER_SHARES":2000,"TOTAL_MARKET_CAP":101150337.104,"HKSK_MARKET_CAP":101150337.104,"PE_TTM":-3.415049026098,"PB_TTM":-3.095838677318,"REPORT_DATE_SQ":"2021-06-30 00:00:00","REPORT_TYPE_SQ":"2021年中报","OPERATE_INCOME_SQ":23885688.48,"DPS_HKD":null,"OPERATE_INCOME_QOQ_SQ":31.016837284071,"NET_PROFIT_RATIO_SQ":-33.4390022992,"HOLDER_PROFIT_SQ":-6651647.52,"HOLDER_PROFIT_QOQ_SQ":147.672852459903,"ROE_AVG_SQ":-247.49226006192,"PE_TTM_SQ":-17.512333164259,"PB_TTM_SQ":-24.401503989066,"ROA_SQ":-3.4792297297,"START_DATE":"2022-01-01 00:00:00","FISCAL_YEAR":"12-31","CURRENCY":"HKD","IS_CNY_CODE":0,"DPS_HKD_LY":null,"ORG_TYPE":"一般企业","PREMIUM_INCOME":null,"PREMIUM_INCOME_YOY":null,"NET_INTEREST_INCOME":null,"NET_INTEREST_INCOME_YOY":null,"FEE_COMMISSION_INCOME":null,"FEE_COMMISSION_INCOME_YOY":null,"ACCOUNTS_RECE_TDAYS":3.539769884942,"INVENTORY_TDAYS":null,"CURRENT_ASSETS_TDAYS":1.208149946881,"TOTAL_ASSETS_TDAYS":0.140060260837,"PREMIUM_EXPENSE":null,"LOAN_DEPOSIT":null,"LOAN_EQUITY":null,"LOAN_ASSETS":null,"DEPOSIT_EQUITY":null,"DEPOSIT_ASSETS":null,"EQUITY_MULTIPLIER":-13.41081587988,"EQUITY_RATIO":53.667287543655},{"SECUCODE":"01355.HK","SECURITY_CODE":"01355","SECURITY_NAME_ABBR":"朸浚国际","ORG_CODE":"10162341","STD_REPORT_DATE":"2021-12-31 00:00:00","REPORT_DATE":"2021-12-31 00:00:00","DATE_TYPE_CODE":"001","REPORT_TYPE":"2021年年报","PER_NETCASH_OPERATE":0.05542770112,"PER_OI":0.128674835565,"BPS":0.018726121896,"BASIC_EPS":0.00907536,"DILUTED_EPS":0.00907536,"OPERATE_INCOME":57693126.4,"OPERATE_INCOME_YOY":39.2399068629,"GROSS_PROFIT":57693126.4,"GROSS_PROFIT_YOY":35.262758247159,"HOLDER_PROFIT":4069195.2,"HOLDER_PROFIT_YOY":141.2506059137,"GROSS_PROFIT_RATIO":null,"EPS_TTM":0.009075656944,"OPERATE_INCOME_QOQ":3.240744511243,"NET_PROFIT_RATIO":-5.691287342,"ROE_AVG":51.3198597649,"GROSS_PROFIT_QOQ":3.240744511243,"ROA":2.110185876128,"HOLDER_PROFIT_QOQ":-5.375298630208,"ROE_YEARLY":51.3198597649,"ROIC_YEARLY":2.179257861332,"TOTAL_ASSETS":196374438.4,"TOTAL_LIABILITIES":197986745.6,"TAX_EBT":-2577.33333333333,"OCF_SALES":43.075789354345,"TOTAL_PARENT_EQUITY":10075284.8,"DEBT_ASSET_RATIO":100.8210372048,"OPERATE_PROFIT":6504008,"PRETAX_PROFIT":-122640,"NETCASH_OPERATE":24851769.6,"NETCASH_INVEST":-13333420.8,"NETCASH_FINANCE":-16195838.4,"END_CASH":11688409.6,"DIVI_RATIO":null,"DIVIDEND_RATE":null,"CURRENT_RATIO":0.308346438348,"COMMON_ACS":780000000,"CURRENTDEBT_DEBT":35.450288243942,"ISSUED_COMMON_SHARES":538033708,"HK_COMMON_SHARES":538033708,"PER_SHARES":2000,"TOTAL_MARKET_CAP":101150337.104,"HKSK_MARKET_CAP":101150337.104,"PE_TTM":-3.415049026098,"PB_TTM":-3.095838677318,"REPORT_DATE_SQ":"2020-12-31 00:00:00","REPORT_TYPE_SQ":"2020年年报","OPERATE_INCOME_SQ":42652631.92,"DPS_HKD":null,"OPERATE_INCOME_QOQ_SQ":18.956226276324,"NET_PROFIT_RATIO_SQ":-4.8561505979,"HOLDER_PROFIT_SQ":1736303.32,"HOLDER_PROFIT_QOQ_SQ":113.147546913209,"ROE_AVG_SQ":37.776963926021,"PE_TTM_SQ":-17.512333164259,"PB_TTM_SQ":-24.401503989066,"ROA_SQ":1.362776942797,"START_DATE":"2021-01-01 00:00:00","FISCAL_YEAR":"12-31","CURRENCY":"HKD","IS_CNY_CODE":0,"DPS_HKD_LY":null,"ORG_TYPE":"一般企业","PREMIUM_INCOME":null,"PREMIUM_INCOME_YOY":null,"NET_INTEREST_INCOME":null,"NET_INTEREST_INCOME_YOY":null,"FEE_COMMISSION_INCOME":null,"FEE_COMMISSION_INCOME_YOY":null,"ACCOUNTS_RECE_TDAYS":26.458192725909,"INVENTORY_TDAYS":null,"CURRENT_ASSETS_TDAYS":2.768898742373,"TOTAL_ASSETS_TDAYS":0.299182552066,"PREMIUM_EXPENSE":null,"LOAN_DEPOSIT":null,"LOAN_EQUITY":null,"LOAN_ASSETS":null,"DEPOSIT_EQUITY":null,"DEPOSIT_ASSETS":null,"EQUITY_MULTIPLIER":-121.797160244838,"EQUITY_RATIO":19.650734399091},{"SECUCODE":"01355.HK","SECURITY_CODE":"01355","SECURITY_NAME_ABBR":"朸浚国际","ORG_CODE":"10162341","STD_REPORT_DATE":"2021-06-30 00:00:00","REPORT_DATE":"2021-06-30 00:00:00","DATE_TYPE_CODE":"002","REPORT_TYPE":"2021年中报","PER_NETCASH_OPERATE":0.008540459657,"PER_OI":0.053273019323,"BPS":-0.000948016885,"BASIC_EPS":-0.014811024,"DILUTED_EPS":-0.014811024,"OPERATE_INCOME":23885688.48,"OPERATE_INCOME_YOY":146.0654894565,"GROSS_PROFIT":23885688.48,"GROSS_PROFIT_YOY":124.148463464484,"HOLDER_PROFIT":-6651647.52,"HOLDER_PROFIT_YOY":20.7651898107,"GROSS_PROFIT_RATIO":null,"EPS_TTM":0.009591213301,"OPERATE_INCOME_QOQ":31.016837284071,"NET_PROFIT_RATIO":-33.4390022992,"ROE_AVG":-247.49226006192,"GROSS_PROFIT_QOQ":31.016837284071,"ROA":-3.4792297297,"HOLDER_PROFIT_QOQ":147.672852459903,"ROE_YEARLY":-494.984520123839,"ROIC_YEARLY":-7.20438174932,"TOTAL_ASSETS":189713407.92,"TOTAL_LIABILITIES":195738499.2,"TAX_EBT":-17.246854769757,"OCF_SALES":16.031491674215,"TOTAL_PARENT_EQUITY":-510065.04,"DEBT_ASSET_RATIO":103.1758911223,"OPERATE_PROFIT":-3364931.52,"PRETAX_PROFIT":-6812238.96,"NETCASH_OPERATE":3829232.16,"NETCASH_INVEST":-11694884.4,"NETCASH_FINANCE":-2795788.8,"END_CASH":6127437.12,"DIVI_RATIO":null,"DIVIDEND_RATE":null,"CURRENT_RATIO":0.217229451491,"COMMON_ACS":780000000,"CURRENTDEBT_DEBT":38.71152865159,"ISSUED_COMMON_SHARES":538033708,"HK_COMMON_SHARES":538033708,"PER_SHARES":2000,"TOTAL_MARKET_CAP":101150337.104,"HKSK_MARKET_CAP":101150337.104,"PE_TTM":-3.415049026098,"PB_TTM":-3.095838677318,"REPORT_DATE_SQ":"2020-06-30 00:00:00","REPORT_TYPE_SQ":"2020年中报","OPERATE_INCOME_SQ":10656191.04,"DPS_HKD":null,"OPERATE_INCOME_QOQ_SQ":-12.191608519756,"NET_PROFIT_RATIO_SQ":-94.3239603985,"HOLDER_PROFIT_SQ":-9215696.16,"HOLDER_PROFIT_QOQ_SQ":1.520117516099,"ROE_AVG_SQ":768.475239228755,"PE_TTM_SQ":-17.512333164259,"PB_TTM_SQ":-24.401503989066,"ROA_SQ":-10.88155647484,"START_DATE":"2021-01-01 00:00:00","FISCAL_YEAR":"12-31","CURRENCY":"HKD","IS_CNY_CODE":0,"DPS_HKD_LY":null,"ORG_TYPE":"一般企业","PREMIUM_INCOME":null,"PREMIUM_INCOME_YOY":null,"NET_INTEREST_INCOME":null,"NET_INTEREST_INCOME_YOY":null,"FEE_COMMISSION_INCOME":null,"FEE_COMMISSION_INCOME_YOY":null,"ACCOUNTS_RECE_TDAYS":7.978321289605,"INVENTORY_TDAYS":null,"CURRENT_ASSETS_TDAYS":1.296538018563,"TOTAL_ASSETS_TDAYS":0.124937163649,"PREMIUM_EXPENSE":null,"LOAN_DEPOSIT":null,"LOAN_EQUITY":null,"LOAN_ASSETS":null,"DEPOSIT_EQUITY":null,"DEPOSIT_ASSETS":null,"EQUITY_MULTIPLIER":-31.487225521629,"EQUITY_RATIO":-383.752039151713},{"SECUCODE":"01355.HK","SECURITY_CODE":"01355","SECURITY_NAME_ABBR":"朸浚国际","ORG_CODE":"10162341","STD_REPORT_DATE":"2020-12-31 00:00:00","REPORT_DATE":"2020-12-31 00:00:00","DATE_TYPE_CODE":"001","REPORT_TYPE":"2020年年报","PER_NETCASH_OPERATE":0.037615943617,"PER_OI":0.095129536934,"BPS":0.011064213322,"BASIC_EPS":0.003871544,"DILUTED_EPS":0.003871544,"OPERATE_INCOME":42652631.92,"OPERATE_INCOME_YOY":11.1725348251,"GROSS_PROFIT":42652631.92,"GROSS_PROFIT_YOY":4.453383877913,"HOLDER_PROFIT":1736303.32,"HOLDER_PROFIT_YOY":113.7808951236,"GROSS_PROFIT_RATIO":null,"EPS_TTM":0.003872533144,"OPERATE_INCOME_QOQ":18.956226276324,"NET_PROFIT_RATIO":-4.8561505979,"ROE_AVG":37.776963926021,"GROSS_PROFIT_QOQ":18.956226276324,"ROA":1.362776942797,"HOLDER_PROFIT_QOQ":113.147546913209,"ROE_YEARLY":37.776963926021,"ROIC_YEARLY":1.490412079036,"TOTAL_ASSETS":194863225.92,"TOTAL_LIABILITIES":193134497.36,"TAX_EBT":1809.02777777778,"OCF_SALES":39.54181301551,"TOTAL_PARENT_EQUITY":5952919.72,"DEBT_ASSET_RATIO":99.1128502816,"OPERATE_PROFIT":4754424.36,"PRETAX_PROFIT":121196.16,"NETCASH_OPERATE":16865623.96,"NETCASH_INVEST":-22114091,"NETCASH_FINANCE":12923382.2,"END_CASH":16806709.16,"DIVI_RATIO":null,"DIVIDEND_RATE":null,"CURRENT_RATIO":0.300100445882,"COMMON_ACS":780000000,"CURRENTDEBT_DEBT":35.575272144121,"ISSUED_COMMON_SHARES":538033708,"HK_COMMON_SHARES":538033708,"PER_SHARES":2000,"TOTAL_MARKET_CAP":101150337.104,"HKSK_MARKET_CAP":101150337.104,"PE_TTM":-3.415049026098,"PB_TTM":-3.095838677318,"REPORT_DATE_SQ":"2019-12-31 00:00:00","REPORT_TYPE_SQ":"2019年年报","OPERATE_INCOME_SQ":40834131.3,"DPS_HKD":null,"OPERATE_INCOME_QOQ_SQ":-9.343322987243,"NET_PROFIT_RATIO_SQ":-33.1733440492,"HOLDER_PROFIT_SQ":-13409826.6,"HOLDER_PROFIT_QOQ_SQ":-176.356776944045,"ROE_AVG_SQ":-128.591703469846,"PE_TTM_SQ":-17.512333164259,"PB_TTM_SQ":-24.401503989066,"ROA_SQ":-17.570306882275,"START_DATE":"2020-01-01 00:00:00","FISCAL_YEAR":"12-31","CURRENCY":"HKD","IS_CNY_CODE":0,"DPS_HKD_LY":null,"ORG_TYPE":"一般企业","PREMIUM_INCOME":null,"PREMIUM_INCOME_YOY":null,"NET_INTEREST_INCOME":null,"NET_INTEREST_INCOME_YOY":null,"FEE_COMMISSION_INCOME":null,"FEE_COMMISSION_INCOME_YOY":null,"ACCOUNTS_RECE_TDAYS":87.451251078516,"INVENTORY_TDAYS":null,"CURRENT_ASSETS_TDAYS":2.679665779402,"TOTAL_ASSETS_TDAYS":0.334768831348,"PREMIUM_EXPENSE":null,"LOAN_DEPOSIT":null,"LOAN_EQUITY":null,"LOAN_ASSETS":null,"DEPOSIT_EQUITY":null,"DEPOSIT_ASSETS":null,"EQUITY_MULTIPLIER":112.720545276564,"EQUITY_RATIO":32.443658984872},{"SECUCODE":"01355.HK","SECURITY_CODE":"01355","SECURITY_NAME_ABBR":"朸浚国际","ORG_CODE":"10162341","STD_REPORT_DATE":"2020-06-30 00:00:00","REPORT_DATE":"2020-06-30 00:00:00","DATE_TYPE_CODE":"002","REPORT_TYPE":"2020年中报","PER_NETCASH_OPERATE":0.000045533088,"PER_OI":0.023766845643,"BPS":-0.010992213633,"BASIC_EPS":-0.0205524,"DILUTED_EPS":-0.0205524,"OPERATE_INCOME":10656191.04,"OPERATE_INCOME_YOY":-34.3618923262,"GROSS_PROFIT":10656191.04,"GROSS_PROFIT_YOY":-31.843185588579,"HOLDER_PROFIT":-9215696.16,"HOLDER_PROFIT_YOY":5.782265849,"GROSS_PROFIT_RATIO":null,"EPS_TTM":-0.029454415869,"OPERATE_INCOME_QOQ":-12.191608519756,"NET_PROFIT_RATIO":-94.3239603985,"ROE_AVG":768.475239228755,"GROSS_PROFIT_QOQ":-12.191608519756,"ROA":-10.88155647484,"HOLDER_PROFIT_QOQ":1.520117516099,"ROE_YEARLY":1536.95047845751,"ROIC_YEARLY":-24.310315595767,"TOTAL_ASSETS":104305940.13312,"TOTAL_LIABILITIES":111251973.56064,"TAX_EBT":-9.275074478649,"OCF_SALES":0.191577104727,"TOTAL_PARENT_EQUITY":-5914181.46,"DEBT_ASSET_RATIO":106.6592884534,"OPERATE_PROFIT":-7594340.16,"PRETAX_PROFIT":-9198340.8,"NETCASH_OPERATE":20095.68,"NETCASH_INVEST":-696954.72,"NETCASH_FINANCE":-614745.12,"END_CASH":8750755.2,"DIVI_RATIO":null,"DIVIDEND_RATE":null,"CURRENT_RATIO":0.268308758639,"COMMON_ACS":780000000,"CURRENTDEBT_DEBT":38.610895141691,"ISSUED_COMMON_SHARES":538033708,"HK_COMMON_SHARES":538033708,"PER_SHARES":2000,"TOTAL_MARKET_CAP":101150337.104,"HKSK_MARKET_CAP":101150337.104,"PE_TTM":-3.415049026098,"PB_TTM":-3.095838677318,"REPORT_DATE_SQ":"2019-06-30 00:00:00","REPORT_TYPE_SQ":"2019年中报","OPERATE_INCOME_SQ":15634813.82166,"DPS_HKD":null,"OPERATE_INCOME_QOQ_SQ":12.86472067671,"NET_PROFIT_RATIO_SQ":-60.4519283857,"HOLDER_PROFIT_SQ":-9419216.31072,"HOLDER_PROFIT_QOQ_SQ":-26.494291607554,"ROE_AVG_SQ":-76.068562777071,"PE_TTM_SQ":-17.512333164259,"PB_TTM_SQ":-24.401503989066,"ROA_SQ":-12.140388153028,"START_DATE":"2020-01-01 00:00:00","FISCAL_YEAR":"12-31","CURRENCY":"HKD","IS_CNY_CODE":0,"DPS_HKD_LY":null,"ORG_TYPE":"一般企业","PREMIUM_INCOME":null,"PREMIUM_INCOME_YOY":null,"NET_INTEREST_INCOME":null,"NET_INTEREST_INCOME_YOY":null,"FEE_COMMISSION_INCOME":null,"FEE_COMMISSION_INCOME_YOY":null,"ACCOUNTS_RECE_TDAYS":19.60751358038,"INVENTORY_TDAYS":null,"CURRENT_ASSETS_TDAYS":0.899395102895,"TOTAL_ASSETS_TDAYS":0.125832365312,"PREMIUM_EXPENSE":null,"LOAN_DEPOSIT":null,"LOAN_EQUITY":null,"LOAN_ASSETS":null,"DEPOSIT_EQUITY":null,"DEPOSIT_ASSETS":null,"EQUITY_MULTIPLIER":-15.016619373042,"EQUITY_RATIO":-18.811051759754}],"count":37},"success":true,"message":"ok","code":0}