{"version":"97f8e2693b69b45cd287b1bc99c359c3","result":{"pages":3,"data":[{"SECUCODE":"01357.HK","SECURITY_CODE":"01357","SECURITY_NAME_ABBR":"美图公司","ORG_CODE":"10563891","STD_REPORT_DATE":"2024-06-30 00:00:00","REPORT_DATE":"2024-06-30 00:00:00","DATE_TYPE_CODE":"002","REPORT_TYPE":"2024年中报","PER_NETCASH_OPERATE":0.05864771001,"PER_OI":0.357469603724,"BPS":0.977966691031,"BASIC_EPS":0.07,"DILUTED_EPS":0.06,"OPERATE_INCOME":1621159000,"OPERATE_INCOME_YOY":28.5735132816,"GROSS_PROFIT":1052613000,"GROSS_PROFIT_YOY":39.599772950922,"HOLDER_PROFIT":303428000,"HOLDER_PROFIT_YOY":33.3005311321,"GROSS_PROFIT_RATIO":64.929658349366,"EPS_TTM":0.100128859806,"OPERATE_INCOME_QOQ":13.364726097269,"NET_PROFIT_RATIO":18.7348063947,"ROE_AVG":7.084070751523,"GROSS_PROFIT_QOQ":18.032207725699,"ROA":4.987200726743,"HOLDER_PROFIT_QOQ":20.037642779539,"ROE_YEARLY":14.168141503046,"ROIC_YEARLY":12.306408181587,"TOTAL_ASSETS":6401083000,"TOTAL_LIABILITIES":1938317000,"TAX_EBT":11.621146605055,"OCF_SALES":16.406348791204,"TOTAL_PARENT_EQUITY":4457630000,"DEBT_ASSET_RATIO":30.2810789987,"OPERATE_PROFIT":331803000,"PRETAX_PROFIT":343658000,"NETCASH_OPERATE":265973000,"NETCASH_INVEST":-461996000,"NETCASH_FINANCE":-94495000,"END_CASH":351504000,"DIVI_RATIO":1.319360274914,"DIVIDEND_RATE":2.230769230769,"CURRENT_RATIO":1.684976565546,"COMMON_ACS":6000000000,"CURRENTDEBT_DEBT":87.190743309789,"ISSUED_COMMON_SHARES":4558059125,"HK_COMMON_SHARES":4558059125,"PER_SHARES":500,"TOTAL_MARKET_CAP":29627384312.5,"HKSK_MARKET_CAP":29627384312.5,"PE_TTM":58.900244671723,"PB_TTM":6.066075720581,"REPORT_DATE_SQ":"2023-06-30 00:00:00","REPORT_TYPE_SQ":"2023年中报","OPERATE_INCOME_SQ":1260881000,"DPS_HKD":0.145,"OPERATE_INCOME_QOQ_SQ":13.891956616918,"NET_PROFIT_RATIO_SQ":16.6129079588,"HOLDER_PROFIT_SQ":227627000,"HOLDER_PROFIT_QOQ_SQ":524.603258906758,"ROE_AVG_SQ":5.835946293101,"PE_TTM_SQ":16.599102500244,"PB_TTM_SQ":2.519297442824,"ROA_SQ":4.429293146482,"START_DATE":"2024-01-01 00:00:00","FISCAL_YEAR":"12-31","CURRENCY":"HKD","IS_CNY_CODE":0,"DPS_HKD_LY":0.036,"ORG_TYPE":"一般企业","PREMIUM_INCOME":null,"PREMIUM_INCOME_YOY":null,"NET_INTEREST_INCOME":null,"NET_INTEREST_INCOME_YOY":null,"FEE_COMMISSION_INCOME":null,"FEE_COMMISSION_INCOME_YOY":null,"ACCOUNTS_RECE_TDAYS":3.899078839771,"INVENTORY_TDAYS":11.851992370311,"CURRENT_ASSETS_TDAYS":0.577288335611,"TOTAL_ASSETS_TDAYS":0.266456798416,"PREMIUM_EXPENSE":null,"LOAN_DEPOSIT":null,"LOAN_EQUITY":null,"LOAN_ASSETS":null,"DEPOSIT_EQUITY":null,"DEPOSIT_ASSETS":null,"EQUITY_MULTIPLIER":1.434330861175,"EQUITY_RATIO":0.434831289273},{"SECUCODE":"01357.HK","SECURITY_CODE":"01357","SECURITY_NAME_ABBR":"美图公司","ORG_CODE":"10563891","STD_REPORT_DATE":"2023-12-31 00:00:00","REPORT_DATE":"2023-12-31 00:00:00","DATE_TYPE_CODE":"001","REPORT_TYPE":"2023年年报","PER_NETCASH_OPERATE":0.092285538041,"PER_OI":0.602039159651,"BPS":0.901448815673,"BASIC_EPS":0.09,"DILUTED_EPS":0.08,"OPERATE_INCOME":2695738000,"OPERATE_INCOME_YOY":29.2715921564,"GROSS_PROFIT":1655876000,"GROSS_PROFIT_YOY":39.468967515447,"HOLDER_PROFIT":378293000,"HOLDER_PROFIT_YOY":301.8323383824,"GROSS_PROFIT_RATIO":61.425702349412,"EPS_TTM":0.084484174583,"OPERATE_INCOME_QOQ":13.503706491982,"NET_PROFIT_RATIO":13.592493039,"ROE_AVG":9.603197571105,"GROSS_PROFIT_QOQ":15.158608785396,"ROA":7.023939208659,"HOLDER_PROFIT_QOQ":-35.665987544514,"ROE_YEARLY":9.603197571105,"ROIC_YEARLY":9.056894775514,"TOTAL_ASSETS":5767186000,"TOTAL_LIABILITIES":1653486000,"TAX_EBT":16.359154045448,"OCF_SALES":15.328826466074,"TOTAL_PARENT_EQUITY":4108857000,"DEBT_ASSET_RATIO":28.6705856201,"OPERATE_PROFIT":609148000,"PRETAX_PROFIT":438085000,"NETCASH_OPERATE":413225000,"NETCASH_INVEST":-644632000,"NETCASH_FINANCE":-81161000,"END_CASH":640629000,"DIVI_RATIO":1.563677939119,"DIVIDEND_RATE":3.046218487395,"CURRENT_RATIO":2.189779012953,"COMMON_ACS":6000000000,"CURRENTDEBT_DEBT":84.608457525495,"ISSUED_COMMON_SHARES":4558059125,"HK_COMMON_SHARES":4558059125,"PER_SHARES":500,"TOTAL_MARKET_CAP":21696361435,"HKSK_MARKET_CAP":21696361435,"PE_TTM":43.133102251908,"PB_TTM":4.442233912302,"REPORT_DATE_SQ":"2022-12-31 00:00:00","REPORT_TYPE_SQ":"2022年年报","OPERATE_INCOME_SQ":2085329000,"DPS_HKD":0.145,"OPERATE_INCOME_QOQ_SQ":13.876922018356,"NET_PROFIT_RATIO_SQ":0.9059002201,"HOLDER_PROFIT_SQ":94142000,"HOLDER_PROFIT_QOQ_SQ":151.699955517236,"ROE_AVG_SQ":2.584195239571,"PE_TTM_SQ":16.126770315277,"PB_TTM_SQ":2.447610117215,"ROA_SQ":1.930788823485,"START_DATE":"2023-01-01 00:00:00","FISCAL_YEAR":"12-31","CURRENCY":"HKD","IS_CNY_CODE":0,"DPS_HKD_LY":0.02,"ORG_TYPE":"一般企业","PREMIUM_INCOME":null,"PREMIUM_INCOME_YOY":null,"NET_INTEREST_INCOME":null,"NET_INTEREST_INCOME_YOY":null,"FEE_COMMISSION_INCOME":null,"FEE_COMMISSION_INCOME_YOY":null,"ACCOUNTS_RECE_TDAYS":7.3017633197,"INVENTORY_TDAYS":26.183434262045,"CURRENT_ASSETS_TDAYS":1.031933325116,"TOTAL_ASSETS_TDAYS":0.500530008075,"PREMIUM_EXPENSE":null,"LOAN_DEPOSIT":null,"LOAN_EQUITY":null,"LOAN_ASSETS":null,"DEPOSIT_EQUITY":null,"DEPOSIT_ASSETS":null,"EQUITY_MULTIPLIER":1.401946179838,"EQUITY_RATIO":0.402419943064},{"SECUCODE":"01357.HK","SECURITY_CODE":"01357","SECURITY_NAME_ABBR":"美图公司","ORG_CODE":"10563891","STD_REPORT_DATE":"2023-06-30 00:00:00","REPORT_DATE":"2023-06-30 00:00:00","DATE_TYPE_CODE":"002","REPORT_TYPE":"2023年中报","PER_NETCASH_OPERATE":0.032525547224,"PER_OI":0.283564812066,"BPS":0.884419637711,"BASIC_EPS":0.05,"DILUTED_EPS":0.05,"OPERATE_INCOME":1260881000,"OPERATE_INCOME_YOY":29.8287252314,"GROSS_PROFIT":754022000,"GROSS_PROFIT_YOY":49.790319536736,"HOLDER_PROFIT":227627000,"HOLDER_PROFIT_YOY":185.495314466,"GROSS_PROFIT_RATIO":59.801202492543,"EPS_TTM":0.132240932651,"OPERATE_INCOME_QOQ":13.891956616918,"NET_PROFIT_RATIO":16.6129079588,"ROE_AVG":5.835946293101,"GROSS_PROFIT_QOQ":21.110326866969,"ROA":4.429293146482,"HOLDER_PROFIT_QOQ":524.603258906758,"ROE_YEARLY":11.671892586202,"ROIC_YEARLY":11.422864974893,"TOTAL_ASSETS":5273906000,"TOTAL_LIABILITIES":1359450000,"TAX_EBT":11.451314265423,"OCF_SALES":11.470233907879,"TOTAL_PARENT_EQUITY":4031237000,"DEBT_ASSET_RATIO":25.7769099411,"OPERATE_PROFIT":309276000,"PRETAX_PROFIT":236558000,"NETCASH_OPERATE":144626000,"NETCASH_INVEST":-300172000,"NETCASH_FINANCE":-138269000,"END_CASH":664573000,"DIVI_RATIO":0.998979947823,"DIVIDEND_RATE":3.046218487395,"CURRENT_RATIO":2.144758784887,"COMMON_ACS":6000000000,"CURRENTDEBT_DEBT":84.16080032366,"ISSUED_COMMON_SHARES":4558059125,"HK_COMMON_SHARES":4558059125,"PER_SHARES":500,"TOTAL_MARKET_CAP":21696361435,"HKSK_MARKET_CAP":21696361435,"PE_TTM":43.133102251908,"PB_TTM":4.442233912302,"REPORT_DATE_SQ":"2022-06-30 00:00:00","REPORT_TYPE_SQ":"2022年中报","OPERATE_INCOME_SQ":971188000,"DPS_HKD":0.145,"OPERATE_INCOME_QOQ_SQ":9.914833415265,"NET_PROFIT_RATIO_SQ":-28.9967544904,"HOLDER_PROFIT_SQ":-266245000,"HOLDER_PROFIT_QOQ_SQ":-309.069056925911,"ROE_AVG_SQ":-7.746826905577,"PE_TTM_SQ":16.126770315277,"PB_TTM_SQ":2.447610117215,"ROA_SQ":-5.790004079719,"START_DATE":"2023-01-01 00:00:00","FISCAL_YEAR":"12-31","CURRENCY":"HKD","IS_CNY_CODE":0,"DPS_HKD_LY":0.02,"ORG_TYPE":"一般企业","PREMIUM_INCOME":null,"PREMIUM_INCOME_YOY":null,"NET_INTEREST_INCOME":null,"NET_INTEREST_INCOME_YOY":null,"FEE_COMMISSION_INCOME":null,"FEE_COMMISSION_INCOME_YOY":null,"ACCOUNTS_RECE_TDAYS":3.839619107943,"INVENTORY_TDAYS":12.991554422074,"CURRENT_ASSETS_TDAYS":0.513627485126,"TOTAL_ASSETS_TDAYS":0.245349258736,"PREMIUM_EXPENSE":null,"LOAN_DEPOSIT":null,"LOAN_EQUITY":null,"LOAN_ASSETS":null,"DEPOSIT_EQUITY":null,"DEPOSIT_ASSETS":null,"EQUITY_MULTIPLIER":1.347289636158,"EQUITY_RATIO":0.337228994475},{"SECUCODE":"01357.HK","SECURITY_CODE":"01357","SECURITY_NAME_ABBR":"美图公司","ORG_CODE":"10563891","STD_REPORT_DATE":"2022-12-31 00:00:00","REPORT_DATE":"2022-12-31 00:00:00","DATE_TYPE_CODE":"001","REPORT_TYPE":"2022年年报","PER_NETCASH_OPERATE":0.052668359406,"PER_OI":0.469382696914,"BPS":0.82702371703,"BASIC_EPS":0.02,"DILUTED_EPS":0.02,"OPERATE_INCOME":2085329000,"OPERATE_INCOME_YOY":25.1676291349,"GROSS_PROFIT":1187272000,"GROSS_PROFIT_YOY":5.527128124314,"HOLDER_PROFIT":94142000,"HOLDER_PROFIT_YOY":311.4885204655,"GROSS_PROFIT_RATIO":56.9345172872,"EPS_TTM":0.021190241853,"OPERATE_INCOME_QOQ":13.876922018356,"NET_PROFIT_RATIO":0.9059002201,"ROE_AVG":2.584195239571,"GROSS_PROFIT_QOQ":8.35581482793,"ROA":1.930788823485,"HOLDER_PROFIT_QOQ":151.699955517236,"ROE_YEARLY":2.584195239571,"ROIC_YEARLY":2.581840535653,"TOTAL_ASSETS":5004348000,"TOTAL_LIABILITIES":1294834000,"TAX_EBT":89.219311761685,"OCF_SALES":11.220771398662,"TOTAL_PARENT_EQUITY":3769623000,"DEBT_ASSET_RATIO":25.8741798132,"OPERATE_PROFIT":-250941000,"PRETAX_PROFIT":175230000,"NETCASH_OPERATE":233990000,"NETCASH_INVEST":-16768000,"NETCASH_FINANCE":-37029000,"END_CASH":946602000,"DIVI_RATIO":6.234286560633,"DIVIDEND_RATE":3.046218487395,"CURRENT_RATIO":2.297616909167,"COMMON_ACS":6000000000,"CURRENTDEBT_DEBT":82.548342104084,"ISSUED_COMMON_SHARES":4558059125,"HK_COMMON_SHARES":4558059125,"PER_SHARES":500,"TOTAL_MARKET_CAP":21696361435,"HKSK_MARKET_CAP":21696361435,"PE_TTM":43.133102251908,"PB_TTM":4.442233912302,"REPORT_DATE_SQ":"2021-12-31 00:00:00","REPORT_TYPE_SQ":"2021年年报","OPERATE_INCOME_SQ":1666029000,"DPS_HKD":0.145,"OPERATE_INCOME_QOQ_SQ":15.491220809686,"NET_PROFIT_RATIO_SQ":-4.6475781634,"HOLDER_PROFIT_SQ":-44514000,"HOLDER_PROFIT_QOQ_SQ":71.035182811371,"ROE_AVG_SQ":-1.25918473771,"PE_TTM_SQ":16.126770315277,"PB_TTM_SQ":2.447610117215,"ROA_SQ":-0.961999569073,"START_DATE":"2022-01-01 00:00:00","FISCAL_YEAR":"12-31","CURRENCY":"HKD","IS_CNY_CODE":0,"DPS_HKD_LY":null,"ORG_TYPE":"一般企业","PREMIUM_INCOME":null,"PREMIUM_INCOME_YOY":null,"NET_INTEREST_INCOME":null,"NET_INTEREST_INCOME_YOY":null,"FEE_COMMISSION_INCOME":null,"FEE_COMMISSION_INCOME_YOY":null,"ACCOUNTS_RECE_TDAYS":5.895622943219,"INVENTORY_TDAYS":58.927624671916,"CURRENT_ASSETS_TDAYS":0.836077486743,"TOTAL_ASSETS_TDAYS":0.427686890706,"PREMIUM_EXPENSE":null,"LOAN_DEPOSIT":null,"LOAN_EQUITY":null,"LOAN_ASSETS":null,"DEPOSIT_EQUITY":null,"DEPOSIT_ASSETS":null,"EQUITY_MULTIPLIER":1.34905758544,"EQUITY_RATIO":0.343491643594},{"SECUCODE":"01357.HK","SECURITY_CODE":"01357","SECURITY_NAME_ABBR":"美图公司","ORG_CODE":"10563891","STD_REPORT_DATE":"2022-06-30 00:00:00","REPORT_DATE":"2022-06-30 00:00:00","DATE_TYPE_CODE":"002","REPORT_TYPE":"2022年中报","PER_NETCASH_OPERATE":-0.026782775691,"PER_OI":0.220110434341,"BPS":0.73656218753,"BASIC_EPS":-0.06,"DILUTED_EPS":-0.06,"OPERATE_INCOME":971188000,"OPERATE_INCOME_YOY":20.4941910958,"GROSS_PROFIT":503385000,"GROSS_PROFIT_YOY":-5.51303035536,"HOLDER_PROFIT":-266245000,"HOLDER_PROFIT_YOY":-106.927237965,"GROSS_PROFIT_RATIO":51.831880130315,"EPS_TTM":-0.041269629897,"OPERATE_INCOME_QOQ":9.914833415265,"NET_PROFIT_RATIO":-28.9967544904,"ROE_AVG":-7.746826905577,"GROSS_PROFIT_QOQ":-2.610553672738,"ROA":-5.790004079719,"HOLDER_PROFIT_QOQ":-309.069056925911,"ROE_YEARLY":-15.493653811154,"ROIC_YEARLY":-15.132939329557,"TOTAL_ASSETS":4449398000,"TOTAL_LIABILITIES":1091625000,"TAX_EBT":-9.273882186774,"OCF_SALES":-12.167880986997,"TOTAL_PARENT_EQUITY":3357294000,"DEBT_ASSET_RATIO":24.5342178875,"OPERATE_PROFIT":-318686000,"PRETAX_PROFIT":-257713000,"NETCASH_OPERATE":-118173000,"NETCASH_INVEST":171629000,"NETCASH_FINANCE":-16743000,"END_CASH":793065000,"DIVI_RATIO":-3.201047364113,"DIVIDEND_RATE":3.046218487395,"CURRENT_RATIO":2.395158938165,"COMMON_ACS":6000000000,"CURRENTDEBT_DEBT":88.884278025879,"ISSUED_COMMON_SHARES":4558059125,"HK_COMMON_SHARES":4558059125,"PER_SHARES":500,"TOTAL_MARKET_CAP":21696361435,"HKSK_MARKET_CAP":21696361435,"PE_TTM":43.133102251908,"PB_TTM":4.442233912302,"REPORT_DATE_SQ":"2021-06-30 00:00:00","REPORT_TYPE_SQ":"2021年中报","OPERATE_INCOME_SQ":806004000,"DPS_HKD":0.145,"OPERATE_INCOME_QOQ_SQ":20.815312976332,"NET_PROFIT_RATIO_SQ":-17.081677014,"HOLDER_PROFIT_SQ":-128666000,"HOLDER_PROFIT_QOQ_SQ":-275.111056870881,"ROE_AVG_SQ":-3.678779157454,"PE_TTM_SQ":16.126770315277,"PB_TTM_SQ":2.447610117215,"ROA_SQ":-2.877629620087,"START_DATE":"2022-01-01 00:00:00","FISCAL_YEAR":"12-31","CURRENCY":"HKD","IS_CNY_CODE":0,"DPS_HKD_LY":null,"ORG_TYPE":"一般企业","PREMIUM_INCOME":null,"PREMIUM_INCOME_YOY":null,"NET_INTEREST_INCOME":null,"NET_INTEREST_INCOME_YOY":null,"FEE_COMMISSION_INCOME":null,"FEE_COMMISSION_INCOME_YOY":null,"ACCOUNTS_RECE_TDAYS":2.912837247107,"INVENTORY_TDAYS":18.719607843137,"CURRENT_ASSETS_TDAYS":0.399953464477,"TOTAL_ASSETS_TDAYS":0.211203308313,"PREMIUM_EXPENSE":null,"LOAN_DEPOSIT":null,"LOAN_EQUITY":null,"LOAN_ASSETS":null,"DEPOSIT_EQUITY":null,"DEPOSIT_ASSETS":null,"EQUITY_MULTIPLIER":1.32510387093,"EQUITY_RATIO":0.325150254937},{"SECUCODE":"01357.HK","SECURITY_CODE":"01357","SECURITY_NAME_ABBR":"美图公司","ORG_CODE":"10563891","STD_REPORT_DATE":"2021-12-31 00:00:00","REPORT_DATE":"2021-12-31 00:00:00","DATE_TYPE_CODE":"001","REPORT_TYPE":"2021年年报","PER_NETCASH_OPERATE":-0.006046774075,"PER_OI":0.382783682845,"BPS":0.77145971642,"BASIC_EPS":-0.01,"DILUTED_EPS":-0.01,"OPERATE_INCOME":1666029000,"OPERATE_INCOME_YOY":39.5310798814,"GROSS_PROFIT":1125087000,"GROSS_PROFIT_YOY":41.72163991379,"HOLDER_PROFIT":-44514000,"HOLDER_PROFIT_YOY":-8.650231877,"GROSS_PROFIT_RATIO":67.531057382555,"EPS_TTM":-0.010227452738,"OPERATE_INCOME_QOQ":15.491220809686,"NET_PROFIT_RATIO":-4.6475781634,"ROE_AVG":-1.25918473771,"GROSS_PROFIT_QOQ":15.881309635636,"ROA":-0.961999569073,"HOLDER_PROFIT_QOQ":71.035182811371,"ROE_YEARLY":-1.25918473771,"ROIC_YEARLY":-1.481486905112,"TOTAL_ASSETS":4747314000,"TOTAL_LIABILITIES":1231512000,"TAX_EBT":-608.093278463649,"OCF_SALES":-1.579684387247,"TOTAL_PARENT_EQUITY":3516359000,"DEBT_ASSET_RATIO":25.9412375082,"OPERATE_PROFIT":-11698000,"PRETAX_PROFIT":-10935000,"NETCASH_OPERATE":-26318000,"NETCASH_INVEST":-330416000,"NETCASH_FINANCE":-51239000,"END_CASH":738732000,"DIVI_RATIO":-12.916807672458,"DIVIDEND_RATE":3.046218487395,"CURRENT_RATIO":2.414481417957,"COMMON_ACS":6000000000,"CURRENTDEBT_DEBT":85.170830653701,"ISSUED_COMMON_SHARES":4558059125,"HK_COMMON_SHARES":4558059125,"PER_SHARES":500,"TOTAL_MARKET_CAP":21696361435,"HKSK_MARKET_CAP":21696361435,"PE_TTM":43.133102251908,"PB_TTM":4.442233912302,"REPORT_DATE_SQ":"2020-12-31 00:00:00","REPORT_TYPE_SQ":"2020年年报","OPERATE_INCOME_SQ":1194020000,"DPS_HKD":0.145,"OPERATE_INCOME_QOQ_SQ":11.454409002826,"NET_PROFIT_RATIO_SQ":-5.0360965478,"HOLDER_PROFIT_SQ":-40970000,"HOLDER_PROFIT_QOQ_SQ":0.664339055378,"ROE_AVG_SQ":-1.139355053291,"PE_TTM_SQ":16.126770315277,"PB_TTM_SQ":2.447610117215,"ROA_SQ":-0.898182260626,"START_DATE":"2021-01-01 00:00:00","FISCAL_YEAR":"12-31","CURRENCY":"HKD","IS_CNY_CODE":0,"DPS_HKD_LY":null,"ORG_TYPE":"一般企业","PREMIUM_INCOME":null,"PREMIUM_INCOME_YOY":null,"NET_INTEREST_INCOME":null,"NET_INTEREST_INCOME_YOY":null,"FEE_COMMISSION_INCOME":null,"FEE_COMMISSION_INCOME_YOY":null,"ACCOUNTS_RECE_TDAYS":4.707626448149,"INVENTORY_TDAYS":169.973919874313,"CURRENT_ASSETS_TDAYS":0.612273293313,"TOTAL_ASSETS_TDAYS":0.360048339862,"PREMIUM_EXPENSE":null,"LOAN_DEPOSIT":null,"LOAN_EQUITY":null,"LOAN_ASSETS":null,"DEPOSIT_EQUITY":null,"DEPOSIT_ASSETS":null,"EQUITY_MULTIPLIER":1.350279111281,"EQUITY_RATIO":0.3502236262},{"SECUCODE":"01357.HK","SECURITY_CODE":"01357","SECURITY_NAME_ABBR":"美图公司","ORG_CODE":"10563891","STD_REPORT_DATE":"2021-06-30 00:00:00","REPORT_DATE":"2021-06-30 00:00:00","DATE_TYPE_CODE":"002","REPORT_TYPE":"2021年中报","PER_NETCASH_OPERATE":-0.080045569877,"PER_OI":0.185208080125,"BPS":0.754950277219,"BASIC_EPS":-0.03,"DILUTED_EPS":-0.03,"OPERATE_INCOME":806004000,"OPERATE_INCOME_YOY":44.5837855291,"GROSS_PROFIT":532756000,"GROSS_PROFIT_YOY":49.763725961471,"HOLDER_PROFIT":-128666000,"HOLDER_PROFIT_YOY":-706.5316868301,"GROSS_PROFIT_RATIO":66.098431273294,"EPS_TTM":-0.035314134145,"OPERATE_INCOME_QOQ":20.815312976332,"NET_PROFIT_RATIO":-17.081677014,"ROE_AVG":-3.678779157454,"GROSS_PROFIT_QOQ":22.298962929746,"ROA":-2.877629620087,"HOLDER_PROFIT_QOQ":-275.111056870881,"ROE_YEARLY":-7.357558314908,"ROIC_YEARLY":-8.744229288472,"TOTAL_ASSETS":4435339000,"TOTAL_LIABILITIES":988787000,"TAX_EBT":-19.510945990521,"OCF_SALES":-43.219264420524,"TOTAL_PARENT_EQUITY":3441108000,"DEBT_ASSET_RATIO":22.293380506,"OPERATE_PROFIT":-115558000,"PRETAX_PROFIT":-115202000,"NETCASH_OPERATE":-348349000,"NETCASH_INVEST":-23152000,"NETCASH_FINANCE":-11463000,"END_CASH":772255000,"DIVI_RATIO":-3.740882884335,"DIVIDEND_RATE":3.046218487395,"CURRENT_RATIO":2.823712285302,"COMMON_ACS":6000000000,"CURRENTDEBT_DEBT":85.166168244526,"ISSUED_COMMON_SHARES":4558059125,"HK_COMMON_SHARES":4558059125,"PER_SHARES":500,"TOTAL_MARKET_CAP":21696361435,"HKSK_MARKET_CAP":21696361435,"PE_TTM":43.133102251908,"PB_TTM":4.442233912302,"REPORT_DATE_SQ":"2020-06-30 00:00:00","REPORT_TYPE_SQ":"2020年中报","OPERATE_INCOME_SQ":557465000,"DPS_HKD":0.145,"OPERATE_INCOME_QOQ_SQ":9.555593961142,"NET_PROFIT_RATIO_SQ":-4.4833307921,"HOLDER_PROFIT_SQ":-15953000,"HOLDER_PROFIT_QOQ_SQ":89.598559474632,"ROE_AVG_SQ":-0.434634243691,"PE_TTM_SQ":16.126770315277,"PB_TTM_SQ":2.447610117215,"ROA_SQ":-0.352581393966,"START_DATE":"2021-01-01 00:00:00","FISCAL_YEAR":"12-31","CURRENCY":"HKD","IS_CNY_CODE":0,"DPS_HKD_LY":null,"ORG_TYPE":"一般企业","PREMIUM_INCOME":null,"PREMIUM_INCOME_YOY":null,"NET_INTEREST_INCOME":null,"NET_INTEREST_INCOME_YOY":null,"FEE_COMMISSION_INCOME":null,"FEE_COMMISSION_INCOME_YOY":null,"ACCOUNTS_RECE_TDAYS":2.176359880652,"INVENTORY_TDAYS":108.345757335448,"CURRENT_ASSETS_TDAYS":0.304873334458,"TOTAL_ASSETS_TDAYS":0.18026370481,"PREMIUM_EXPENSE":null,"LOAN_DEPOSIT":null,"LOAN_EQUITY":null,"LOAN_ASSETS":null,"DEPOSIT_EQUITY":null,"DEPOSIT_ASSETS":null,"EQUITY_MULTIPLIER":1.286891652875,"EQUITY_RATIO":0.287345529405},{"SECUCODE":"01357.HK","SECURITY_CODE":"01357","SECURITY_NAME_ABBR":"美图公司","ORG_CODE":"10563891","STD_REPORT_DATE":"2020-12-31 00:00:00","REPORT_DATE":"2020-12-31 00:00:00","DATE_TYPE_CODE":"001","REPORT_TYPE":"2020年年报","PER_NETCASH_OPERATE":0.020676125361,"PER_OI":0.276746300224,"BPS":0.779702479177,"BASIC_EPS":-0.01,"DILUTED_EPS":-0.01,"OPERATE_INCOME":1194020000,"OPERATE_INCOME_YOY":22.1045397789,"GROSS_PROFIT":793871000,"GROSS_PROFIT_YOY":13.526426353851,"HOLDER_PROFIT":-40970000,"HOLDER_PROFIT_YOY":89.6676603064,"GROSS_PROFIT_RATIO":66.487244769769,"EPS_TTM":-0.009495901174,"OPERATE_INCOME_QOQ":11.454409002826,"NET_PROFIT_RATIO":-5.0360965478,"ROE_AVG":-1.139355053291,"GROSS_PROFIT_QOQ":6.282532559335,"ROA":-0.898182260626,"HOLDER_PROFIT_QOQ":0.664339055378,"ROE_YEARLY":-1.139355053291,"ROIC_YEARLY":-1.825568836021,"TOTAL_ASSETS":4507160000,"TOTAL_LIABILITIES":939325000,"TAX_EBT":-66.552182583647,"OCF_SALES":7.47114788697,"TOTAL_PARENT_EQUITY":3553930000,"DEBT_ASSET_RATIO":20.8407289735,"OPERATE_PROFIT":-70221000,"PRETAX_PROFIT":-36104000,"NETCASH_OPERATE":89207000,"NETCASH_INVEST":273437000,"NETCASH_FINANCE":-43473000,"END_CASH":1158117000,"DIVI_RATIO":-13.911901311381,"DIVIDEND_RATE":3.046218487395,"CURRENT_RATIO":3.576209293322,"COMMON_ACS":6000000000,"CURRENTDEBT_DEBT":86.61485641285,"ISSUED_COMMON_SHARES":4558059125,"HK_COMMON_SHARES":4558059125,"PER_SHARES":500,"TOTAL_MARKET_CAP":21696361435,"HKSK_MARKET_CAP":21696361435,"PE_TTM":43.133102251908,"PB_TTM":4.442233912302,"REPORT_DATE_SQ":"2019-12-31 00:00:00","REPORT_TYPE_SQ":"2019年年报","OPERATE_INCOME_SQ":977867000,"DPS_HKD":0.145,"OPERATE_INCOME_QOQ_SQ":-64.681456000942,"NET_PROFIT_RATIO_SQ":-41.3982678626,"HOLDER_PROFIT_SQ":-396522000,"HOLDER_PROFIT_QOQ_SQ":73.483937105917,"ROE_AVG_SQ":-10.604241059937,"PE_TTM_SQ":16.126770315277,"PB_TTM_SQ":2.447610117215,"ROA_SQ":-8.171766988346,"START_DATE":"2020-01-01 00:00:00","FISCAL_YEAR":"12-31","CURRENCY":"HKD","IS_CNY_CODE":0,"DPS_HKD_LY":null,"ORG_TYPE":"一般企业","PREMIUM_INCOME":null,"PREMIUM_INCOME_YOY":null,"NET_INTEREST_INCOME":null,"NET_INTEREST_INCOME_YOY":null,"FEE_COMMISSION_INCOME":null,"FEE_COMMISSION_INCOME_YOY":null,"ACCOUNTS_RECE_TDAYS":3.358791080506,"INVENTORY_TDAYS":50.706329595134,"CURRENT_ASSETS_TDAYS":0.382055285418,"TOTAL_ASSETS_TDAYS":0.261764115898,"PREMIUM_EXPENSE":null,"LOAN_DEPOSIT":null,"LOAN_EQUITY":null,"LOAN_ASSETS":null,"DEPOSIT_EQUITY":null,"DEPOSIT_ASSETS":null,"EQUITY_MULTIPLIER":1.26327590822,"EQUITY_RATIO":0.264305993646},{"SECUCODE":"01357.HK","SECURITY_CODE":"01357","SECURITY_NAME_ABBR":"美图公司","ORG_CODE":"10563891","STD_REPORT_DATE":"2020-06-30 00:00:00","REPORT_DATE":"2020-06-30 00:00:00","DATE_TYPE_CODE":"002","REPORT_TYPE":"2020年中报","PER_NETCASH_OPERATE":-0.01836835837,"PER_OI":0.129271400418,"BPS":0.812413112346,"BASIC_EPS":-0.004,"DILUTED_EPS":-0.004,"OPERATE_INCOME":557465000,"OPERATE_INCOME_YOY":20.1371049773,"GROSS_PROFIT":355731000,"GROSS_PROFIT_YOY":15.470834550589,"HOLDER_PROFIT":-15953000,"HOLDER_PROFIT_YOY":95.7026756925,"GROSS_PROFIT_RATIO":63.812257271757,"EPS_TTM":-0.009564133423,"OPERATE_INCOME_QOQ":9.555593961142,"NET_PROFIT_RATIO":-4.4833307921,"ROE_AVG":-0.434634243691,"GROSS_PROFIT_QOQ":6.815695505253,"ROA":-0.352581393966,"HOLDER_PROFIT_QOQ":89.598559474632,"ROE_YEARLY":-0.869268487383,"ROIC_YEARLY":-1.583297418098,"TOTAL_ASSETS":4433548000,"TOTAL_LIABILITIES":704831000,"TAX_EBT":-42.702980472765,"OCF_SALES":-14.209143174908,"TOTAL_PARENT_EQUITY":3703027000,"DEBT_ASSET_RATIO":15.8976738269,"OPERATE_PROFIT":-40605000,"PRETAX_PROFIT":-17514000,"NETCASH_OPERATE":-79211000,"NETCASH_INVEST":-105084000,"NETCASH_FINANCE":-31893000,"END_CASH":649294000,"DIVI_RATIO":-13.812651303877,"DIVIDEND_RATE":3.046218487395,"CURRENT_RATIO":4.799531178303,"COMMON_ACS":6000000000,"CURRENTDEBT_DEBT":93.995865675602,"ISSUED_COMMON_SHARES":4558059125,"HK_COMMON_SHARES":4558059125,"PER_SHARES":500,"TOTAL_MARKET_CAP":21696361435,"HKSK_MARKET_CAP":21696361435,"PE_TTM":43.133102251908,"PB_TTM":4.442233912302,"REPORT_DATE_SQ":"2019-06-30 00:00:00","REPORT_TYPE_SQ":"2019年中报","OPERATE_INCOME_SQ":464024000,"DPS_HKD":0.145,"OPERATE_INCOME_QOQ_SQ":-0.815057645482,"NET_PROFIT_RATIO_SQ":-81.4783287071,"HOLDER_PROFIT_SQ":-371231000,"HOLDER_PROFIT_QOQ_SQ":-19.199593156679,"ROE_AVG_SQ":-10.113140850095,"PE_TTM_SQ":16.126770315277,"PB_TTM_SQ":2.447610117215,"ROA_SQ":-7.809745083185,"START_DATE":"2020-01-01 00:00:00","FISCAL_YEAR":"12-31","CURRENCY":"HKD","IS_CNY_CODE":0,"DPS_HKD_LY":null,"ORG_TYPE":"一般企业","PREMIUM_INCOME":null,"PREMIUM_INCOME_YOY":null,"NET_INTEREST_INCOME":null,"NET_INTEREST_INCOME_YOY":null,"FEE_COMMISSION_INCOME":null,"FEE_COMMISSION_INCOME_YOY":null,"ACCOUNTS_RECE_TDAYS":1.555965233507,"INVENTORY_TDAYS":21.640635056855,"CURRENT_ASSETS_TDAYS":0.170983963304,"TOTAL_ASSETS_TDAYS":0.123206786678,"PREMIUM_EXPENSE":null,"LOAN_DEPOSIT":null,"LOAN_EQUITY":null,"LOAN_ASSETS":null,"DEPOSIT_EQUITY":null,"DEPOSIT_ASSETS":null,"EQUITY_MULTIPLIER":1.18902775405,"EQUITY_RATIO":0.190339146866}],"count":21},"success":true,"message":"ok","code":0}