{"version":"9c743409f35e6546091280faa4c1dc7c","result":{"pages":2,"data":[{"SECUCODE":"01351.HK","SECURITY_CODE":"01351","SECURITY_NAME_ABBR":"辉煌明天","ORG_CODE":"10000018826","STD_REPORT_DATE":"2024-06-30 00:00:00","REPORT_DATE":"2024-06-30 00:00:00","DATE_TYPE_CODE":"002","REPORT_TYPE":"2024年中报","PER_NETCASH_OPERATE":-0.031688333333,"PER_OI":0.800478333333,"BPS":0.27414,"BASIC_EPS":0.0062,"DILUTED_EPS":0.0062,"OPERATE_INCOME":480287000,"OPERATE_INCOME_YOY":4.1171051063,"GROSS_PROFIT":30468000,"GROSS_PROFIT_YOY":-19.537315797813,"HOLDER_PROFIT":3542000,"HOLDER_PROFIT_YOY":-60.411311054,"GROSS_PROFIT_RATIO":6.343706991861,"EPS_TTM":0.015678333333,"OPERATE_INCOME_QOQ":2.128114939721,"NET_PROFIT_RATIO":0.7374757176,"ROE_AVG":2.272012931615,"GROSS_PROFIT_QOQ":-9.184927680179,"ROA":0.74173272702,"HOLDER_PROFIT_QOQ":-36.490683229814,"ROE_YEARLY":4.54402586323,"ROIC_YEARLY":1.573093090959,"TOTAL_ASSETS":476379000,"TOTAL_LIABILITIES":311895000,"TAX_EBT":23.100303951368,"OCF_SALES":-3.95867470908,"TOTAL_PARENT_EQUITY":164484000,"DEBT_ASSET_RATIO":65.4720296235,"OPERATE_PROFIT":6413000,"PRETAX_PROFIT":4606000,"NETCASH_OPERATE":-19013000,"NETCASH_INVEST":3010000,"NETCASH_FINANCE":-20193000,"END_CASH":9224000,"DIVI_RATIO":null,"DIVIDEND_RATE":null,"CURRENT_RATIO":1.787246066901,"COMMON_ACS":2000000000,"CURRENTDEBT_DEBT":83.964154603312,"ISSUED_COMMON_SHARES":600000000,"HK_COMMON_SHARES":600000000,"PER_SHARES":2000,"TOTAL_MARKET_CAP":132000000,"HKSK_MARKET_CAP":132000000,"PE_TTM":12.545644085467,"PB_TTM":0.732434522507,"REPORT_DATE_SQ":"2023-06-30 00:00:00","REPORT_TYPE_SQ":"2023年中报","OPERATE_INCOME_SQ":461295000,"DPS_HKD":null,"OPERATE_INCOME_QOQ_SQ":55.502441972157,"NET_PROFIT_RATIO_SQ":1.9395397739,"HOLDER_PROFIT_SQ":8947000,"HOLDER_PROFIT_QOQ_SQ":20.23002853067,"ROE_AVG_SQ":6.625297127582,"PE_TTM_SQ":-5.835527833173,"PB_TTM_SQ":0.798498812763,"ROA_SQ":2.304490498194,"START_DATE":"2024-01-01 00:00:00","FISCAL_YEAR":"12-31","CURRENCY":"HKD","IS_CNY_CODE":0,"DPS_HKD_LY":null,"ORG_TYPE":"一般企业","PREMIUM_INCOME":null,"PREMIUM_INCOME_YOY":null,"NET_INTEREST_INCOME":null,"NET_INTEREST_INCOME_YOY":null,"FEE_COMMISSION_INCOME":null,"FEE_COMMISSION_INCOME_YOY":null,"ACCOUNTS_RECE_TDAYS":1.602821282091,"INVENTORY_TDAYS":null,"CURRENT_ASSETS_TDAYS":1.024814496727,"TOTAL_ASSETS_TDAYS":1.00577240616,"PREMIUM_EXPENSE":null,"LOAN_DEPOSIT":null,"LOAN_EQUITY":null,"LOAN_ASSETS":null,"DEPOSIT_EQUITY":null,"DEPOSIT_ASSETS":null,"EQUITY_MULTIPLIER":2.896202670171,"EQUITY_RATIO":1.896202670169},{"SECUCODE":"01351.HK","SECURITY_CODE":"01351","SECURITY_NAME_ABBR":"辉煌明天","ORG_CODE":"10000018826","STD_REPORT_DATE":"2023-12-31 00:00:00","REPORT_DATE":"2023-12-31 00:00:00","DATE_TYPE_CODE":"001","REPORT_TYPE":"2023年年报","PER_NETCASH_OPERATE":-0.128796,"PER_OI":1.784866,"BPS":0.245516666667,"BASIC_EPS":0.0308,"DILUTED_EPS":0.0307,"OPERATE_INCOME":892433000,"OPERATE_INCOME_YOY":101.2277505445,"GROSS_PROFIT":80545000,"GROSS_PROFIT_YOY":140.972326103216,"HOLDER_PROFIT":14812000,"HOLDER_PROFIT_YOY":166.0306704708,"GROSS_PROFIT_RATIO":9.025327391524,"EPS_TTM":0.029624,"OPERATE_INCOME_QOQ":29.404881359078,"NET_PROFIT_RATIO":1.6597324393,"ROE_AVG":10.624051872227,"GROSS_PROFIT_QOQ":121.594035435237,"ROA":3.539776481708,"HOLDER_PROFIT_QOQ":182.776349614396,"ROE_YEARLY":10.624051872227,"ROIC_YEARLY":4.127813975264,"TOTAL_ASSETS":478682000,"TOTAL_LIABILITIES":331372000,"TAX_EBT":31.273199703044,"OCF_SALES":-7.216003890488,"TOTAL_PARENT_EQUITY":147310000,"DEBT_ASSET_RATIO":69.2259161615,"OPERATE_PROFIT":24035000,"PRETAX_PROFIT":21552000,"NETCASH_OPERATE":-64398000,"NETCASH_INVEST":-238000,"NETCASH_FINANCE":35881000,"END_CASH":45191000,"DIVI_RATIO":null,"DIVIDEND_RATE":null,"CURRENT_RATIO":1.67481343217,"COMMON_ACS":2000000000,"CURRENTDEBT_DEBT":84.555424115496,"ISSUED_COMMON_SHARES":600000000,"HK_COMMON_SHARES":600000000,"PER_SHARES":2000,"TOTAL_MARKET_CAP":132000000,"HKSK_MARKET_CAP":132000000,"PE_TTM":12.545644085467,"PB_TTM":0.732434522507,"REPORT_DATE_SQ":"2022-12-31 00:00:00","REPORT_TYPE_SQ":"2022年年报","OPERATE_INCOME_SQ":443494000,"DPS_HKD":null,"OPERATE_INCOME_QOQ_SQ":0.350269037394,"NET_PROFIT_RATIO_SQ":-5.0580165684,"HOLDER_PROFIT_SQ":-22432000,"HOLDER_PROFIT_QOQ_SQ":57.046568627451,"ROE_AVG_SQ":-10.503741302292,"PE_TTM_SQ":-4.741366364453,"PB_TTM_SQ":0.64878028537,"ROA_SQ":-4.76502532588,"START_DATE":"2023-01-01 00:00:00","FISCAL_YEAR":"12-31","CURRENCY":"HKD","IS_CNY_CODE":0,"DPS_HKD_LY":null,"ORG_TYPE":"一般企业","PREMIUM_INCOME":null,"PREMIUM_INCOME_YOY":null,"NET_INTEREST_INCOME":null,"NET_INTEREST_INCOME_YOY":null,"FEE_COMMISSION_INCOME":null,"FEE_COMMISSION_INCOME_YOY":null,"ACCOUNTS_RECE_TDAYS":3.852156722248,"INVENTORY_TDAYS":null,"CURRENT_ASSETS_TDAYS":2.174931213398,"TOTAL_ASSETS_TDAYS":2.132739228261,"PREMIUM_EXPENSE":null,"LOAN_DEPOSIT":null,"LOAN_EQUITY":null,"LOAN_ASSETS":null,"DEPOSIT_EQUITY":null,"DEPOSIT_ASSETS":null,"EQUITY_MULTIPLIER":3.249487475396,"EQUITY_RATIO":2.249487475392},{"SECUCODE":"01351.HK","SECURITY_CODE":"01351","SECURITY_NAME_ABBR":"辉煌明天","ORG_CODE":"10000018826","STD_REPORT_DATE":"2023-06-30 00:00:00","REPORT_DATE":"2023-06-30 00:00:00","DATE_TYPE_CODE":"002","REPORT_TYPE":"2023年中报","PER_NETCASH_OPERATE":-0.153064,"PER_OI":0.92259,"BPS":0.230928333333,"BASIC_EPS":0.0186,"DILUTED_EPS":0.0186,"OPERATE_INCOME":461295000,"OPERATE_INCOME_YOY":114.4112110437,"GROSS_PROFIT":37866000,"GROSS_PROFIT_YOY":8.365051655553,"HOLDER_PROFIT":8947000,"HOLDER_PROFIT_YOY":102.9258335223,"GROSS_PROFIT_RATIO":8.208630052353,"EPS_TTM":-0.035788,"OPERATE_INCOME_QOQ":55.502441972157,"NET_PROFIT_RATIO":1.9395397739,"ROE_AVG":6.625297127582,"GROSS_PROFIT_QOQ":8.744951383695,"ROA":2.304490498194,"HOLDER_PROFIT_QOQ":20.23002853067,"ROE_YEARLY":13.250594255163,"ROIC_YEARLY":5.179842786821,"TOTAL_ASSETS":418277000,"TOTAL_LIABILITIES":279720000,"TAX_EBT":29.417797412433,"OCF_SALES":-16.590684919628,"TOTAL_PARENT_EQUITY":138557000,"DEBT_ASSET_RATIO":66.8743440352,"OPERATE_PROFIT":13515000,"PRETAX_PROFIT":12676000,"NETCASH_OPERATE":-76532000,"NETCASH_INVEST":-50000,"NETCASH_FINANCE":13819000,"END_CASH":11545000,"DIVI_RATIO":null,"DIVIDEND_RATE":null,"CURRENT_RATIO":1.573456212683,"COMMON_ACS":2000000000,"CURRENTDEBT_DEBT":92.866795366795,"ISSUED_COMMON_SHARES":600000000,"HK_COMMON_SHARES":600000000,"PER_SHARES":2000,"TOTAL_MARKET_CAP":132000000,"HKSK_MARKET_CAP":132000000,"PE_TTM":12.545644085467,"PB_TTM":0.732434522507,"REPORT_DATE_SQ":"2022-06-30 00:00:00","REPORT_TYPE_SQ":"2022年中报","OPERATE_INCOME_SQ":215145000,"DPS_HKD":null,"OPERATE_INCOME_QOQ_SQ":-9.442491004614,"NET_PROFIT_RATIO_SQ":2.0493155779,"HOLDER_PROFIT_SQ":4409000,"HOLDER_PROFIT_QOQ_SQ":-202.660098522168,"ROE_AVG_SQ":1.708586918401,"PE_TTM_SQ":-4.741366364453,"PB_TTM_SQ":0.64878028537,"ROA_SQ":0.901254479188,"START_DATE":"2023-01-01 00:00:00","FISCAL_YEAR":"12-31","CURRENCY":"HKD","IS_CNY_CODE":0,"DPS_HKD_LY":null,"ORG_TYPE":"一般企业","PREMIUM_INCOME":null,"PREMIUM_INCOME_YOY":null,"NET_INTEREST_INCOME":null,"NET_INTEREST_INCOME_YOY":null,"FEE_COMMISSION_INCOME":null,"FEE_COMMISSION_INCOME_YOY":null,"ACCOUNTS_RECE_TDAYS":1.889469157041,"INVENTORY_TDAYS":null,"CURRENT_ASSETS_TDAYS":1.213750550903,"TOTAL_ASSETS_TDAYS":1.188163568084,"PREMIUM_EXPENSE":null,"LOAN_DEPOSIT":null,"LOAN_EQUITY":null,"LOAN_ASSETS":null,"DEPOSIT_EQUITY":null,"DEPOSIT_ASSETS":null,"EQUITY_MULTIPLIER":3.018808143943,"EQUITY_RATIO":2.018808143941},{"SECUCODE":"01351.HK","SECURITY_CODE":"01351","SECURITY_NAME_ABBR":"辉煌明天","ORG_CODE":"10000018826","STD_REPORT_DATE":"2022-12-31 00:00:00","REPORT_DATE":"2022-12-31 00:00:00","DATE_TYPE_CODE":"001","REPORT_TYPE":"2022年年报","PER_NETCASH_OPERATE":0.141638,"PER_OI":0.886988,"BPS":0.219215,"BASIC_EPS":-0.0469,"DILUTED_EPS":-0.0469,"OPERATE_INCOME":443494000,"OPERATE_INCOME_YOY":-9.1252960896,"GROSS_PROFIT":33425000,"GROSS_PROFIT_YOY":-65.70493418015,"HOLDER_PROFIT":-22432000,"HOLDER_PROFIT_YOY":-30.0028977108,"GROSS_PROFIT_RATIO":7.536742323459,"EPS_TTM":-0.044864,"OPERATE_INCOME_QOQ":0.350269037394,"NET_PROFIT_RATIO":-5.0580165684,"ROE_AVG":-10.503741302292,"GROSS_PROFIT_QOQ":-51.988681250808,"ROA":-4.76502532588,"HOLDER_PROFIT_QOQ":57.046568627451,"ROE_YEARLY":-10.503741302292,"ROIC_YEARLY":-5.972962969866,"TOTAL_ASSETS":358207000,"TOTAL_LIABILITIES":226678000,"TAX_EBT":-43.134252169474,"OCF_SALES":15.968423473598,"TOTAL_PARENT_EQUITY":131529000,"DEBT_ASSET_RATIO":63.281287077,"OPERATE_PROFIT":-13165000,"PRETAX_PROFIT":-15672000,"NETCASH_OPERATE":70819000,"NETCASH_INVEST":-3864000,"NETCASH_FINANCE":-106183000,"END_CASH":74030000,"DIVI_RATIO":null,"DIVIDEND_RATE":null,"CURRENT_RATIO":2.057193206367,"COMMON_ACS":2000000000,"CURRENTDEBT_DEBT":75.352261798675,"ISSUED_COMMON_SHARES":600000000,"HK_COMMON_SHARES":600000000,"PER_SHARES":2000,"TOTAL_MARKET_CAP":132000000,"HKSK_MARKET_CAP":132000000,"PE_TTM":12.545644085467,"PB_TTM":0.732434522507,"REPORT_DATE_SQ":"2021-12-31 00:00:00","REPORT_TYPE_SQ":"2021年年报","OPERATE_INCOME_SQ":488028000,"DPS_HKD":null,"OPERATE_INCOME_QOQ_SQ":7.232269787943,"NET_PROFIT_RATIO_SQ":-3.5356577901,"HOLDER_PROFIT_SQ":-17255000,"HOLDER_PROFIT_QOQ_SQ":-124.132867132867,"ROE_AVG_SQ":-5.848676717826,"PE_TTM_SQ":-4.741366364453,"PB_TTM_SQ":0.64878028537,"ROA_SQ":-2.972245548307,"START_DATE":"2022-01-01 00:00:00","FISCAL_YEAR":"12-31","CURRENCY":"HKD","IS_CNY_CODE":0,"DPS_HKD_LY":0.341,"ORG_TYPE":"一般企业","PREMIUM_INCOME":null,"PREMIUM_INCOME_YOY":null,"NET_INTEREST_INCOME":null,"NET_INTEREST_INCOME_YOY":null,"FEE_COMMISSION_INCOME":null,"FEE_COMMISSION_INCOME_YOY":null,"ACCOUNTS_RECE_TDAYS":1.722681437517,"INVENTORY_TDAYS":null,"CURRENT_ASSETS_TDAYS":0.957939721341,"TOTAL_ASSETS_TDAYS":0.942073886357,"PREMIUM_EXPENSE":null,"LOAN_DEPOSIT":null,"LOAN_EQUITY":null,"LOAN_ASSETS":null,"DEPOSIT_EQUITY":null,"DEPOSIT_ASSETS":null,"EQUITY_MULTIPLIER":2.723407005297,"EQUITY_RATIO":1.723407005299},{"SECUCODE":"01351.HK","SECURITY_CODE":"01351","SECURITY_NAME_ABBR":"辉煌明天","ORG_CODE":"10000018826","STD_REPORT_DATE":"2022-06-30 00:00:00","REPORT_DATE":"2022-06-30 00:00:00","DATE_TYPE_CODE":"002","REPORT_TYPE":"2022年中报","PER_NETCASH_OPERATE":0.121698,"PER_OI":0.43029,"BPS":0.367506666667,"BASIC_EPS":0.0093,"DILUTED_EPS":0.0092,"OPERATE_INCOME":215145000,"OPERATE_INCOME_YOY":-17.6405961099,"GROSS_PROFIT":34943000,"GROSS_PROFIT_YOY":-44.346759679552,"HOLDER_PROFIT":4409000,"HOLDER_PROFIT_YOY":-88.8033927574,"GROSS_PROFIT_RATIO":16.241604499291,"EPS_TTM":-0.104448,"OPERATE_INCOME_QOQ":-9.442491004614,"NET_PROFIT_RATIO":2.0493155779,"ROE_AVG":1.708586918401,"GROSS_PROFIT_QOQ":-28.568790207566,"ROA":0.901254479188,"HOLDER_PROFIT_QOQ":-202.660098522168,"ROE_YEARLY":3.417173836803,"ROIC_YEARLY":2.223076583703,"TOTAL_ASSETS":395094000,"TOTAL_LIABILITIES":174590000,"TAX_EBT":63.014847747672,"OCF_SALES":28.282786028028,"TOTAL_PARENT_EQUITY":220504000,"DEBT_ASSET_RATIO":44.1894840215,"OPERATE_PROFIT":12815000,"PRETAX_PROFIT":11921000,"NETCASH_OPERATE":60849000,"NETCASH_INVEST":-3564000,"NETCASH_FINANCE":-105649000,"END_CASH":68720000,"DIVI_RATIO":null,"DIVIDEND_RATE":null,"CURRENT_RATIO":3.394335416374,"COMMON_ACS":2000000000,"CURRENTDEBT_DEBT":65.259178647116,"ISSUED_COMMON_SHARES":600000000,"HK_COMMON_SHARES":600000000,"PER_SHARES":2000,"TOTAL_MARKET_CAP":132000000,"HKSK_MARKET_CAP":132000000,"PE_TTM":12.545644085467,"PB_TTM":0.732434522507,"REPORT_DATE_SQ":"2021-06-30 00:00:00","REPORT_TYPE_SQ":"2021年中报","OPERATE_INCOME_SQ":261227000,"DPS_HKD":null,"OPERATE_INCOME_QOQ_SQ":18.902035985714,"NET_PROFIT_RATIO_SQ":15.0742457709,"HOLDER_PROFIT_SQ":39378000,"HOLDER_PROFIT_QOQ_SQ":6.187067454778,"ROE_AVG_SQ":12.55235727264,"PE_TTM_SQ":-4.741366364453,"PB_TTM_SQ":0.64878028537,"ROA_SQ":5.843343547585,"START_DATE":"2022-01-01 00:00:00","FISCAL_YEAR":"12-31","CURRENCY":"HKD","IS_CNY_CODE":0,"DPS_HKD_LY":0.341,"ORG_TYPE":"一般企业","PREMIUM_INCOME":null,"PREMIUM_INCOME_YOY":null,"NET_INTEREST_INCOME":null,"NET_INTEREST_INCOME_YOY":null,"FEE_COMMISSION_INCOME":null,"FEE_COMMISSION_INCOME_YOY":null,"ACCOUNTS_RECE_TDAYS":0.792301077724,"INVENTORY_TDAYS":null,"CURRENT_ASSETS_TDAYS":0.447618661232,"TOTAL_ASSETS_TDAYS":0.439783159276,"PREMIUM_EXPENSE":null,"LOAN_DEPOSIT":null,"LOAN_EQUITY":null,"LOAN_ASSETS":null,"DEPOSIT_EQUITY":null,"DEPOSIT_ASSETS":null,"EQUITY_MULTIPLIER":1.791777019917,"EQUITY_RATIO":0.791777019918},{"SECUCODE":"01351.HK","SECURITY_CODE":"01351","SECURITY_NAME_ABBR":"辉煌明天","ORG_CODE":"10000018826","STD_REPORT_DATE":"2021-12-31 00:00:00","REPORT_DATE":"2021-12-31 00:00:00","DATE_TYPE_CODE":"001","REPORT_TYPE":"2021年年报","PER_NETCASH_OPERATE":0.123994,"PER_OI":0.976056,"BPS":0.492658333333,"BASIC_EPS":-0.035,"DILUTED_EPS":-0.035,"OPERATE_INCOME":488028000,"OPERATE_INCOME_YOY":27.5013520116,"GROSS_PROFIT":97463000,"GROSS_PROFIT_YOY":-16.112512157545,"HOLDER_PROFIT":-17255000,"HOLDER_PROFIT_YOY":-125.6259839011,"GROSS_PROFIT_RATIO":19.970780365061,"EPS_TTM":-0.03451,"OPERATE_INCOME_QOQ":7.232269787943,"NET_PROFIT_RATIO":-3.5356577901,"ROE_AVG":-5.848676717826,"GROSS_PROFIT_QOQ":-20.712153136516,"ROA":-2.972245548307,"HOLDER_PROFIT_QOQ":-124.132867132867,"ROE_YEARLY":-5.848676717826,"ROIC_YEARLY":-3.642143323775,"TOTAL_ASSETS":583320000,"TOTAL_LIABILITIES":287725000,"TAX_EBT":237.753472776625,"OCF_SALES":12.703574385076,"TOTAL_PARENT_EQUITY":295595000,"DEBT_ASSET_RATIO":49.3254131523,"OPERATE_PROFIT":17801000,"PRETAX_PROFIT":12526000,"NETCASH_OPERATE":61997000,"NETCASH_INVEST":-12603000,"NETCASH_FINANCE":-30090000,"END_CASH":116379000,"DIVI_RATIO":null,"DIVIDEND_RATE":null,"CURRENT_RATIO":2.570256511197,"COMMON_ACS":2000000000,"CURRENTDEBT_DEBT":77.691545746807,"ISSUED_COMMON_SHARES":600000000,"HK_COMMON_SHARES":600000000,"PER_SHARES":2000,"TOTAL_MARKET_CAP":132000000,"HKSK_MARKET_CAP":132000000,"PE_TTM":12.545644085467,"PB_TTM":0.732434522507,"REPORT_DATE_SQ":"2020-12-31 00:00:00","REPORT_TYPE_SQ":"2020年年报","OPERATE_INCOME_SQ":382763000,"DPS_HKD":null,"OPERATE_INCOME_QOQ_SQ":35.763334681167,"NET_PROFIT_RATIO_SQ":17.5915644929,"HOLDER_PROFIT_SQ":67334000,"HOLDER_PROFIT_QOQ_SQ":75.193838788573,"ROE_AVG_SQ":31.814820677224,"PE_TTM_SQ":-4.741366364453,"PB_TTM_SQ":0.64878028537,"ROA_SQ":14.712491983774,"START_DATE":"2021-01-01 00:00:00","FISCAL_YEAR":"12-31","CURRENCY":"HKD","IS_CNY_CODE":0,"DPS_HKD_LY":null,"ORG_TYPE":"一般企业","PREMIUM_INCOME":null,"PREMIUM_INCOME_YOY":null,"NET_INTEREST_INCOME":null,"NET_INTEREST_INCOME_YOY":null,"FEE_COMMISSION_INCOME":null,"FEE_COMMISSION_INCOME_YOY":null,"ACCOUNTS_RECE_TDAYS":1.459490254424,"INVENTORY_TDAYS":null,"CURRENT_ASSETS_TDAYS":0.852404498621,"TOTAL_ASSETS_TDAYS":0.840648536916,"PREMIUM_EXPENSE":null,"LOAN_DEPOSIT":null,"LOAN_EQUITY":null,"LOAN_ASSETS":null,"DEPOSIT_EQUITY":null,"DEPOSIT_ASSETS":null,"EQUITY_MULTIPLIER":1.97337573369,"EQUITY_RATIO":0.97337573369},{"SECUCODE":"01351.HK","SECURITY_CODE":"01351","SECURITY_NAME_ABBR":"辉煌明天","ORG_CODE":"10000018826","STD_REPORT_DATE":"2021-06-30 00:00:00","REPORT_DATE":"2021-06-30 00:00:00","DATE_TYPE_CODE":"002","REPORT_TYPE":"2021年中报","PER_NETCASH_OPERATE":-0.14536,"PER_OI":0.522454,"BPS":0.554945,"BASIC_EPS":0.0788,"DILUTED_EPS":0.0788,"OPERATE_INCOME":261227000,"OPERATE_INCOME_YOY":38.3053521604,"GROSS_PROFIT":62787000,"GROSS_PROFIT_YOY":12.025621353507,"HOLDER_PROFIT":39378000,"HOLDER_PROFIT_YOY":11.8311939112,"GROSS_PROFIT_RATIO":24.03541747216,"EPS_TTM":0.143,"OPERATE_INCOME_QOQ":18.902035985714,"NET_PROFIT_RATIO":15.0742457709,"ROE_AVG":12.55235727264,"GROSS_PROFIT_QOQ":5.801192945612,"ROA":5.843343547585,"HOLDER_PROFIT_QOQ":6.187067454778,"ROE_YEARLY":25.104714545281,"ROIC_YEARLY":14.107632588209,"TOTAL_ASSETS":770035000,"TOTAL_LIABILITIES":437068000,"TAX_EBT":2.719928851997,"OCF_SALES":-27.82254514273,"TOTAL_PARENT_EQUITY":332967000,"DEBT_ASSET_RATIO":56.7594979449,"OPERATE_PROFIT":42572000,"PRETAX_PROFIT":40479000,"NETCASH_OPERATE":-72680000,"NETCASH_INVEST":-3944000,"NETCASH_FINANCE":114407000,"END_CASH":134111000,"DIVI_RATIO":null,"DIVIDEND_RATE":null,"CURRENT_RATIO":1.749581686042,"COMMON_ACS":2000000000,"CURRENTDEBT_DEBT":99.134917221119,"ISSUED_COMMON_SHARES":600000000,"HK_COMMON_SHARES":600000000,"PER_SHARES":2000,"TOTAL_MARKET_CAP":132000000,"HKSK_MARKET_CAP":132000000,"PE_TTM":12.545644085467,"PB_TTM":0.732434522507,"REPORT_DATE_SQ":"2020-06-30 00:00:00","REPORT_TYPE_SQ":"2020年中报","OPERATE_INCOME_SQ":188877000,"DPS_HKD":null,"OPERATE_INCOME_QOQ_SQ":0,"NET_PROFIT_RATIO_SQ":18.6428204599,"HOLDER_PROFIT_SQ":35212000,"HOLDER_PROFIT_QOQ_SQ":0,"ROE_AVG_SQ":null,"PE_TTM_SQ":-4.741366364453,"PB_TTM_SQ":0.64878028537,"ROA_SQ":null,"START_DATE":"2021-01-01 00:00:00","FISCAL_YEAR":"12-31","CURRENCY":"HKD","IS_CNY_CODE":0,"DPS_HKD_LY":null,"ORG_TYPE":"一般企业","PREMIUM_INCOME":null,"PREMIUM_INCOME_YOY":null,"NET_INTEREST_INCOME":null,"NET_INTEREST_INCOME_YOY":null,"FEE_COMMISSION_INCOME":null,"FEE_COMMISSION_INCOME_YOY":null,"ACCOUNTS_RECE_TDAYS":0.601262013352,"INVENTORY_TDAYS":null,"CURRENT_ASSETS_TDAYS":0.39324152123,"TOTAL_ASSETS_TDAYS":0.387637539973,"PREMIUM_EXPENSE":null,"LOAN_DEPOSIT":null,"LOAN_EQUITY":null,"LOAN_ASSETS":null,"DEPOSIT_EQUITY":null,"DEPOSIT_ASSETS":null,"EQUITY_MULTIPLIER":2.312646598612,"EQUITY_RATIO":1.312646598612},{"SECUCODE":"01351.HK","SECURITY_CODE":"01351","SECURITY_NAME_ABBR":"辉煌明天","ORG_CODE":"10000018826","STD_REPORT_DATE":"2020-12-31 00:00:00","REPORT_DATE":"2020-12-31 00:00:00","DATE_TYPE_CODE":"001","REPORT_TYPE":"2020年年报","PER_NETCASH_OPERATE":-0.16308,"PER_OI":0.765526,"BPS":0.490755,"BASIC_EPS":0.1716,"DILUTED_EPS":0.1716,"OPERATE_INCOME":382763000,"OPERATE_INCOME_YOY":35.7633346812,"GROSS_PROFIT":116183000,"GROSS_PROFIT_YOY":42.734465220276,"HOLDER_PROFIT":67334000,"HOLDER_PROFIT_YOY":75.1938387886,"GROSS_PROFIT_RATIO":30.353769826237,"EPS_TTM":0.134668,"OPERATE_INCOME_QOQ":35.763334681167,"NET_PROFIT_RATIO":17.5915644929,"ROE_AVG":31.814820677224,"GROSS_PROFIT_QOQ":42.734465220276,"ROA":14.712491983774,"HOLDER_PROFIT_QOQ":75.193838788573,"ROE_YEARLY":31.814820677224,"ROIC_YEARLY":16.953253544727,"TOTAL_ASSETS":577755000,"TOTAL_LIABILITIES":283302000,"TAX_EBT":5.316740490754,"OCF_SALES":-21.302999506222,"TOTAL_PARENT_EQUITY":294453000,"DEBT_ASSET_RATIO":49.034971571,"OPERATE_PROFIT":71917000,"PRETAX_PROFIT":71115000,"NETCASH_OPERATE":-81540000,"NETCASH_INVEST":-835000,"NETCASH_FINANCE":156764000,"END_CASH":97177000,"DIVI_RATIO":null,"DIVIDEND_RATE":null,"CURRENT_RATIO":2.021744369002,"COMMON_ACS":2000000000,"CURRENTDEBT_DEBT":99.606780043911,"ISSUED_COMMON_SHARES":600000000,"HK_COMMON_SHARES":600000000,"PER_SHARES":2000,"TOTAL_MARKET_CAP":132000000,"HKSK_MARKET_CAP":132000000,"PE_TTM":12.545644085467,"PB_TTM":0.732434522507,"REPORT_DATE_SQ":"2019-12-31 00:00:00","REPORT_TYPE_SQ":"2019年年报","OPERATE_INCOME_SQ":281934000,"DPS_HKD":null,"OPERATE_INCOME_QOQ_SQ":10.599219347626,"NET_PROFIT_RATIO_SQ":13.6322685451,"HOLDER_PROFIT_SQ":38434000,"HOLDER_PROFIT_QOQ_SQ":-9.323833341198,"ROE_AVG_SQ":36.304213325273,"PE_TTM_SQ":-4.741366364453,"PB_TTM_SQ":0.64878028537,"ROA_SQ":13.116287006228,"START_DATE":"2020-01-01 00:00:00","FISCAL_YEAR":"12-31","CURRENCY":"HKD","IS_CNY_CODE":0,"DPS_HKD_LY":null,"ORG_TYPE":"一般企业","PREMIUM_INCOME":null,"PREMIUM_INCOME_YOY":null,"NET_INTEREST_INCOME":null,"NET_INTEREST_INCOME_YOY":null,"FEE_COMMISSION_INCOME":null,"FEE_COMMISSION_INCOME_YOY":null,"ACCOUNTS_RECE_TDAYS":1.370797542497,"INVENTORY_TDAYS":null,"CURRENT_ASSETS_TDAYS":0.850342569225,"TOTAL_ASSETS_TDAYS":0.836337893068,"PREMIUM_EXPENSE":null,"LOAN_DEPOSIT":null,"LOAN_EQUITY":null,"LOAN_ASSETS":null,"DEPOSIT_EQUITY":null,"DEPOSIT_ASSETS":null,"EQUITY_MULTIPLIER":1.962129779625,"EQUITY_RATIO":0.962129779625},{"SECUCODE":"01351.HK","SECURITY_CODE":"01351","SECURITY_NAME_ABBR":"辉煌明天","ORG_CODE":"10000018826","STD_REPORT_DATE":"2020-06-30 00:00:00","REPORT_DATE":"2020-06-30 00:00:00","DATE_TYPE_CODE":"002","REPORT_TYPE":"2020年中报","PER_NETCASH_OPERATE":null,"PER_OI":null,"BPS":null,"BASIC_EPS":0.09,"DILUTED_EPS":0.09,"OPERATE_INCOME":188877000,"OPERATE_INCOME_YOY":null,"GROSS_PROFIT":56047000,"GROSS_PROFIT_YOY":null,"HOLDER_PROFIT":35212000,"HOLDER_PROFIT_YOY":null,"GROSS_PROFIT_RATIO":29.673808880912,"EPS_TTM":49.183440742857,"OPERATE_INCOME_QOQ":0,"NET_PROFIT_RATIO":18.6428204599,"ROE_AVG":null,"GROSS_PROFIT_QOQ":0,"ROA":null,"HOLDER_PROFIT_QOQ":0,"ROE_YEARLY":null,"ROIC_YEARLY":null,"TOTAL_ASSETS":null,"TOTAL_LIABILITIES":null,"TAX_EBT":8.014629049112,"OCF_SALES":-2.592692598887,"TOTAL_PARENT_EQUITY":null,"DEBT_ASSET_RATIO":null,"OPERATE_PROFIT":38648000,"PRETAX_PROFIT":38280000,"NETCASH_OPERATE":-4897000,"NETCASH_INVEST":-179000,"NETCASH_FINANCE":-174000,"END_CASH":18646000,"DIVI_RATIO":null,"DIVIDEND_RATE":null,"CURRENT_RATIO":null,"COMMON_ACS":2000000000,"CURRENTDEBT_DEBT":null,"ISSUED_COMMON_SHARES":600000000,"HK_COMMON_SHARES":600000000,"PER_SHARES":2000,"TOTAL_MARKET_CAP":132000000,"HKSK_MARKET_CAP":132000000,"PE_TTM":12.545644085467,"PB_TTM":0.732434522507,"REPORT_DATE_SQ":"2019-06-30 00:00:00","REPORT_TYPE_SQ":"2019年中报","OPERATE_INCOME_SQ":null,"DPS_HKD":null,"OPERATE_INCOME_QOQ_SQ":0,"NET_PROFIT_RATIO_SQ":null,"HOLDER_PROFIT_SQ":null,"HOLDER_PROFIT_QOQ_SQ":0,"ROE_AVG_SQ":null,"PE_TTM_SQ":-4.741366364453,"PB_TTM_SQ":0.64878028537,"ROA_SQ":null,"START_DATE":"2020-01-01 00:00:00","FISCAL_YEAR":"12-31","CURRENCY":"HKD","IS_CNY_CODE":0,"DPS_HKD_LY":null,"ORG_TYPE":"一般企业","PREMIUM_INCOME":null,"PREMIUM_INCOME_YOY":null,"NET_INTEREST_INCOME":null,"NET_INTEREST_INCOME_YOY":null,"FEE_COMMISSION_INCOME":null,"FEE_COMMISSION_INCOME_YOY":null,"ACCOUNTS_RECE_TDAYS":null,"INVENTORY_TDAYS":null,"CURRENT_ASSETS_TDAYS":1.145597797079,"TOTAL_ASSETS_TDAYS":1.119019124582,"PREMIUM_EXPENSE":null,"LOAN_DEPOSIT":null,"LOAN_EQUITY":null,"LOAN_ASSETS":null,"DEPOSIT_EQUITY":null,"DEPOSIT_ASSETS":null,"EQUITY_MULTIPLIER":null,"EQUITY_RATIO":null}],"count":13},"success":true,"message":"ok","code":0}