{"version":"2baaa8760256dd43f074ff1acd5809c5","result":{"pages":3,"data":[{"SECUCODE":"01358.HK","SECURITY_CODE":"01358","SECURITY_NAME_ABBR":"普华和顺","ORG_CODE":"10345110","STD_REPORT_DATE":"2024-06-30 00:00:00","REPORT_DATE":"2024-06-30 00:00:00","DATE_TYPE_CODE":"002","REPORT_TYPE":"2024年中报","PER_NETCASH_OPERATE":0.088672475997,"PER_OI":0.216517719321,"BPS":2.712844410161,"BASIC_EPS":0.0449,"DILUTED_EPS":0.0449,"OPERATE_INCOME":338417000,"OPERATE_INCOME_YOY":6.0818456812,"GROSS_PROFIT":187621000,"GROSS_PROFIT_YOY":6.121075345449,"HOLDER_PROFIT":70219000,"HOLDER_PROFIT_YOY":-1.0665577096,"GROSS_PROFIT_RATIO":55.440772774417,"EPS_TTM":0.097522129216,"OPERATE_INCOME_QOQ":2.874012715455,"NET_PROFIT_RATIO":27.669709264,"ROE_AVG":1.738605743126,"GROSS_PROFIT_QOQ":2.841188037711,"ROA":1.35067071412,"HOLDER_PROFIT_QOQ":-0.494176937539,"ROE_YEARLY":3.477211486252,"ROIC_YEARLY":5.11830415675,"TOTAL_ASSETS":5245600000,"TOTAL_LIABILITIES":405693000,"TAX_EBT":16.617839556193,"OCF_SALES":40.953911889769,"TOTAL_PARENT_EQUITY":4033281000,"DEBT_ASSET_RATIO":7.7339675156,"OPERATE_PROFIT":84511000,"PRETAX_PROFIT":112301000,"NETCASH_OPERATE":138595000,"NETCASH_INVEST":5922000,"NETCASH_FINANCE":-2194000,"END_CASH":1733046000,"DIVI_RATIO":0.881117862075,"DIVIDEND_RATE":9.947368421053,"CURRENT_RATIO":9.681106032289,"COMMON_ACS":5000000000,"CURRENTDEBT_DEBT":54.73473784364,"ISSUED_COMMON_SHARES":1486735098,"HK_COMMON_SHARES":1486735098,"PER_SHARES":1000,"TOTAL_MARKET_CAP":1412398343.1,"HKSK_MARKET_CAP":1412398343.1,"PE_TTM":8.35782078853,"PB_TTM":0.319607713864,"REPORT_DATE_SQ":"2023-06-30 00:00:00","REPORT_TYPE_SQ":"2023年中报","OPERATE_INCOME_SQ":319015000,"DPS_HKD":0.0945,"OPERATE_INCOME_QOQ_SQ":19.515820768741,"NET_PROFIT_RATIO_SQ":30.3662837171,"HOLDER_PROFIT_SQ":70976000,"HOLDER_PROFIT_QOQ_SQ":9.758489640799,"ROE_AVG_SQ":1.787028483536,"PE_TTM_SQ":9.659827663011,"PB_TTM_SQ":0.277992293345,"ROA_SQ":1.414053129197,"START_DATE":"2024-01-01 00:00:00","FISCAL_YEAR":"12-31","CURRENCY":"HKD","IS_CNY_CODE":0,"DPS_HKD_LY":0.0945,"ORG_TYPE":"一般企业","PREMIUM_INCOME":null,"PREMIUM_INCOME_YOY":null,"NET_INTEREST_INCOME":null,"NET_INTEREST_INCOME_YOY":null,"FEE_COMMISSION_INCOME":null,"FEE_COMMISSION_INCOME_YOY":null,"ACCOUNTS_RECE_TDAYS":2.070164277391,"INVENTORY_TDAYS":1.071675532387,"CURRENT_ASSETS_TDAYS":0.161870892445,"TOTAL_ASSETS_TDAYS":0.065094907512,"PREMIUM_EXPENSE":null,"LOAN_DEPOSIT":null,"LOAN_EQUITY":null,"LOAN_ASSETS":null,"DEPOSIT_EQUITY":null,"DEPOSIT_ASSETS":null,"EQUITY_MULTIPLIER":1.083822478407,"EQUITY_RATIO":0.100586346451},{"SECUCODE":"01358.HK","SECURITY_CODE":"01358","SECURITY_NAME_ABBR":"普华和顺","ORG_CODE":"10345110","STD_REPORT_DATE":"2023-12-31 00:00:00","REPORT_DATE":"2023-12-31 00:00:00","DATE_TYPE_CODE":"001","REPORT_TYPE":"2023年年报","PER_NETCASH_OPERATE":0.134789648392,"PER_OI":0.431189422382,"BPS":2.720283529622,"BASIC_EPS":0.0978,"DILUTED_EPS":0.0978,"OPERATE_INCOME":675084000,"OPERATE_INCOME_YOY":25.7547138179,"GROSS_PROFIT":380897000,"GROSS_PROFIT_YOY":27.464904208149,"HOLDER_PROFIT":153184000,"HOLDER_PROFIT_YOY":44.4573325412,"GROSS_PROFIT_RATIO":56.422163760362,"EPS_TTM":0.097841632268,"OPERATE_INCOME_QOQ":5.220139901994,"NET_PROFIT_RATIO":30.3699984002,"ROE_AVG":3.83460223862,"GROSS_PROFIT_QOQ":7.43626122251,"ROA":3.021034175272,"HOLDER_PROFIT_QOQ":31.61381230185,"ROE_YEARLY":3.83460223862,"ROIC_YEARLY":5.378071956429,"TOTAL_ASSETS":5152049000,"TOTAL_LIABILITIES":327064000,"TAX_EBT":11.271189741504,"OCF_SALES":31.259961723282,"TOTAL_PARENT_EQUITY":4044341000,"DEBT_ASSET_RATIO":6.3482315483,"OPERATE_PROFIT":187396000,"PRETAX_PROFIT":231067000,"NETCASH_OPERATE":211031000,"NETCASH_INVEST":-26665000,"NETCASH_FINANCE":17534000,"END_CASH":1589656000,"DIVI_RATIO":0.878240560872,"DIVIDEND_RATE":9.356435643564,"CURRENT_RATIO":13.610754172166,"COMMON_ACS":5000000000,"CURRENTDEBT_DEBT":45.637245309787,"ISSUED_COMMON_SHARES":1486735098,"HK_COMMON_SHARES":1486735098,"PER_SHARES":1000,"TOTAL_MARKET_CAP":1501602448.98,"HKSK_MARKET_CAP":1501602448.98,"PE_TTM":8.885683154121,"PB_TTM":0.339793464213,"REPORT_DATE_SQ":"2022-12-31 00:00:00","REPORT_TYPE_SQ":"2022年年报","OPERATE_INCOME_SQ":536826000,"DPS_HKD":0.0945,"OPERATE_INCOME_QOQ_SQ":52.439827803587,"NET_PROFIT_RATIO_SQ":24.0053574156,"HOLDER_PROFIT_SQ":106041000,"HOLDER_PROFIT_QOQ_SQ":174.312543653155,"ROE_AVG_SQ":2.740923522777,"PE_TTM_SQ":9.910732277635,"PB_TTM_SQ":0.285212872393,"ROA_SQ":2.381835597617,"START_DATE":"2023-01-01 00:00:00","FISCAL_YEAR":"12-31","CURRENCY":"HKD","IS_CNY_CODE":0,"DPS_HKD_LY":0.049,"ORG_TYPE":"一般企业","PREMIUM_INCOME":null,"PREMIUM_INCOME_YOY":null,"NET_INTEREST_INCOME":null,"NET_INTEREST_INCOME_YOY":null,"FEE_COMMISSION_INCOME":null,"FEE_COMMISSION_INCOME_YOY":null,"ACCOUNTS_RECE_TDAYS":3.96583345572,"INVENTORY_TDAYS":2.188622676532,"CURRENT_ASSETS_TDAYS":0.339436053177,"TOTAL_ASSETS_TDAYS":0.133137392624,"PREMIUM_EXPENSE":null,"LOAN_DEPOSIT":null,"LOAN_EQUITY":null,"LOAN_ASSETS":null,"DEPOSIT_EQUITY":null,"DEPOSIT_ASSETS":null,"EQUITY_MULTIPLIER":1.067785495707,"EQUITY_RATIO":0.080869540921},{"SECUCODE":"01358.HK","SECURITY_CODE":"01358","SECURITY_NAME_ABBR":"普华和顺","ORG_CODE":"10345110","STD_REPORT_DATE":"2023-06-30 00:00:00","REPORT_DATE":"2023-06-30 00:00:00","DATE_TYPE_CODE":"002","REPORT_TYPE":"2023年中报","PER_NETCASH_OPERATE":0.050882324207,"PER_OI":0.203761152066,"BPS":2.68927733352,"BASIC_EPS":0.0453,"DILUTED_EPS":0.0453,"OPERATE_INCOME":319015000,"OPERATE_INCOME_YOY":48.8991780592,"GROSS_PROFIT":176799000,"GROSS_PROFIT_YOY":46.005070566764,"HOLDER_PROFIT":70976000,"HOLDER_PROFIT_YOY":17.0680213763,"GROSS_PROFIT_RATIO":55.420278043352,"EPS_TTM":0.07433994241,"OPERATE_INCOME_QOQ":19.515820768741,"NET_PROFIT_RATIO":30.3662837171,"ROE_AVG":1.787028483536,"GROSS_PROFIT_QOQ":18.642349201037,"ROA":1.414053129197,"HOLDER_PROFIT_QOQ":9.758489640799,"ROE_YEARLY":3.574056967072,"ROIC_YEARLY":4.872880374103,"TOTAL_ASSETS":5049547000,"TOTAL_LIABILITIES":333075000,"TAX_EBT":10.640358645118,"OCF_SALES":24.971553061768,"TOTAL_PARENT_EQUITY":3998243000,"DEBT_ASSET_RATIO":6.5961362475,"OPERATE_PROFIT":88150000,"PRETAX_PROFIT":108408000,"NETCASH_OPERATE":79663000,"NETCASH_INVEST":-42661000,"NETCASH_FINANCE":-826000,"END_CASH":1419978000,"DIVI_RATIO":1.155885883345,"DIVIDEND_RATE":9.356435643564,"CURRENT_RATIO":12.275157450001,"COMMON_ACS":5000000000,"CURRENTDEBT_DEBT":45.621256473767,"ISSUED_COMMON_SHARES":1486735098,"HK_COMMON_SHARES":1486735098,"PER_SHARES":1000,"TOTAL_MARKET_CAP":1501602448.98,"HKSK_MARKET_CAP":1501602448.98,"PE_TTM":8.885683154121,"PB_TTM":0.339793464213,"REPORT_DATE_SQ":"2022-06-30 00:00:00","REPORT_TYPE_SQ":"2022年中报","OPERATE_INCOME_SQ":214249000,"DPS_HKD":0.0945,"OPERATE_INCOME_QOQ_SQ":29.755820765736,"NET_PROFIT_RATIO_SQ":33.365383269,"HOLDER_PROFIT_SQ":60628000,"HOLDER_PROFIT_QOQ_SQ":-94.769861456868,"ROE_AVG_SQ":1.577035442329,"PE_TTM_SQ":9.910732277635,"PB_TTM_SQ":0.285212872393,"ROA_SQ":1.359511349088,"START_DATE":"2023-01-01 00:00:00","FISCAL_YEAR":"12-31","CURRENCY":"HKD","IS_CNY_CODE":0,"DPS_HKD_LY":0.049,"ORG_TYPE":"一般企业","PREMIUM_INCOME":null,"PREMIUM_INCOME_YOY":null,"NET_INTEREST_INCOME":null,"NET_INTEREST_INCOME_YOY":null,"FEE_COMMISSION_INCOME":null,"FEE_COMMISSION_INCOME_YOY":null,"ACCOUNTS_RECE_TDAYS":1.848381872804,"INVENTORY_TDAYS":1.025260972374,"CURRENT_ASSETS_TDAYS":0.167402845977,"TOTAL_ASSETS_TDAYS":0.063557281195,"PREMIUM_EXPENSE":null,"LOAN_DEPOSIT":null,"LOAN_EQUITY":null,"LOAN_ASSETS":null,"DEPOSIT_EQUITY":null,"DEPOSIT_ASSETS":null,"EQUITY_MULTIPLIER":1.070619522389,"EQUITY_RATIO":0.083305341871},{"SECUCODE":"01358.HK","SECURITY_CODE":"01358","SECURITY_NAME_ABBR":"普华和顺","ORG_CODE":"10345110","STD_REPORT_DATE":"2022-12-31 00:00:00","REPORT_DATE":"2022-12-31 00:00:00","DATE_TYPE_CODE":"001","REPORT_TYPE":"2022年年报","PER_NETCASH_OPERATE":0.171964409994,"PER_OI":0.342881319747,"BPS":2.653615297915,"BASIC_EPS":0.0677,"DILUTED_EPS":0.0677,"OPERATE_INCOME":536826000,"OPERATE_INCOME_YOY":97.7995497404,"GROSS_PROFIT":298825000,"GROSS_PROFIT_YOY":79.95435274847,"HOLDER_PROFIT":106041000,"HOLDER_PROFIT_YOY":-85.6530739257,"GROSS_PROFIT_RATIO":55.665150346667,"EPS_TTM":0.067730471377,"OPERATE_INCOME_QOQ":52.439827803587,"NET_PROFIT_RATIO":24.0053574156,"ROE_AVG":2.740923522777,"GROSS_PROFIT_QOQ":46.00546253182,"ROA":2.381835597617,"HOLDER_PROFIT_QOQ":174.312543653155,"ROE_YEARLY":2.740923522777,"ROIC_YEARLY":4.666147428451,"TOTAL_ASSETS":4989114000,"TOTAL_LIABILITIES":351559000,"TAX_EBT":18.307796661743,"OCF_SALES":50.15274968053,"TOTAL_PARENT_EQUITY":3945223000,"DEBT_ASSET_RATIO":7.046521687,"OPERATE_PROFIT":122843000,"PRETAX_PROFIT":157747000,"NETCASH_OPERATE":269233000,"NETCASH_INVEST":-1082328000,"NETCASH_FINANCE":-85164000,"END_CASH":1381917000,"DIVI_RATIO":1.268682887531,"DIVIDEND_RATE":9.356435643564,"CURRENT_RATIO":11.594199617518,"COMMON_ACS":5000000000,"CURRENTDEBT_DEBT":47.744759770053,"ISSUED_COMMON_SHARES":1486735098,"HK_COMMON_SHARES":1486735098,"PER_SHARES":1000,"TOTAL_MARKET_CAP":1501602448.98,"HKSK_MARKET_CAP":1501602448.98,"PE_TTM":8.885683154121,"PB_TTM":0.339793464213,"REPORT_DATE_SQ":"2021-12-31 00:00:00","REPORT_TYPE_SQ":"2021年年报","OPERATE_INCOME_SQ":271399000,"DPS_HKD":0.0945,"OPERATE_INCOME_QOQ_SQ":-2.831641055752,"NET_PROFIT_RATIO_SQ":272.3359334412,"HOLDER_PROFIT_SQ":739120000,"HOLDER_PROFIT_QOQ_SQ":-40.953160050873,"ROE_AVG_SQ":16.60789124249,"PE_TTM_SQ":9.910732277635,"PB_TTM_SQ":0.285212872393,"ROA_SQ":16.070233128397,"START_DATE":"2022-01-01 00:00:00","FISCAL_YEAR":"12-31","CURRENCY":"HKD","IS_CNY_CODE":0,"DPS_HKD_LY":null,"ORG_TYPE":"一般企业","PREMIUM_INCOME":null,"PREMIUM_INCOME_YOY":null,"NET_INTEREST_INCOME":null,"NET_INTEREST_INCOME_YOY":null,"FEE_COMMISSION_INCOME":null,"FEE_COMMISSION_INCOME_YOY":null,"ACCOUNTS_RECE_TDAYS":3.481836047711,"INVENTORY_TDAYS":2.877796922705,"CURRENT_ASSETS_TDAYS":0.236519681005,"TOTAL_ASSETS_TDAYS":0.120578953096,"PREMIUM_EXPENSE":null,"LOAN_DEPOSIT":null,"LOAN_EQUITY":null,"LOAN_ASSETS":null,"DEPOSIT_EQUITY":null,"DEPOSIT_ASSETS":null,"EQUITY_MULTIPLIER":1.075806971561,"EQUITY_RATIO":0.089110045237},{"SECUCODE":"01358.HK","SECURITY_CODE":"01358","SECURITY_NAME_ABBR":"普华和顺","ORG_CODE":"10345110","STD_REPORT_DATE":"2022-06-30 00:00:00","REPORT_DATE":"2022-06-30 00:00:00","DATE_TYPE_CODE":"002","REPORT_TYPE":"2022年中报","PER_NETCASH_OPERATE":0.092319786266,"PER_OI":0.136772016151,"BPS":2.620822636959,"BASIC_EPS":0.0387,"DILUTED_EPS":0.0387,"OPERATE_INCOME":214249000,"OPERATE_INCOME_YOY":60.4957600455,"GROSS_PROFIT":121091000,"GROSS_PROFIT_YOY":46.812560620757,"HOLDER_PROFIT":60628000,"HOLDER_PROFIT_YOY":-92.0340668856,"GROSS_PROFIT_RATIO":56.518816890627,"EPS_TTM":0.024677808664,"OPERATE_INCOME_QOQ":29.755820765736,"NET_PROFIT_RATIO":33.365383269,"ROE_AVG":1.577035442329,"GROSS_PROFIT_QOQ":23.251794575324,"ROA":1.359511349088,"HOLDER_PROFIT_QOQ":-94.769861456868,"ROE_YEARLY":3.154070884658,"ROIC_YEARLY":5.398281049766,"TOTAL_ASSETS":5004060000,"TOTAL_LIABILITIES":412119000,"TAX_EBT":10.41306363887,"OCF_SALES":67.499031500731,"TOTAL_PARENT_EQUITY":3896469000,"DEBT_ASSET_RATIO":8.2356926176,"OPERATE_PROFIT":66631000,"PRETAX_PROFIT":79794000,"NETCASH_OPERATE":144616000,"NETCASH_INVEST":-975041000,"NETCASH_FINANCE":-3262000,"END_CASH":1446450000,"DIVI_RATIO":3.482014597468,"DIVIDEND_RATE":9.356435643564,"CURRENT_RATIO":8.620625498361,"COMMON_ACS":5000000000,"CURRENTDEBT_DEBT":54.775441074059,"ISSUED_COMMON_SHARES":1486735098,"HK_COMMON_SHARES":1486735098,"PER_SHARES":1000,"TOTAL_MARKET_CAP":1501602448.98,"HKSK_MARKET_CAP":1501602448.98,"PE_TTM":8.885683154121,"PB_TTM":0.339793464213,"REPORT_DATE_SQ":"2021-06-30 00:00:00","REPORT_TYPE_SQ":"2021年中报","OPERATE_INCOME_SQ":133492000,"DPS_HKD":0.0945,"OPERATE_INCOME_QOQ_SQ":12.919240596397,"NET_PROFIT_RATIO_SQ":570.1382854403,"HOLDER_PROFIT_SQ":761091000,"HOLDER_PROFIT_QOQ_SQ":98.120332882779,"ROE_AVG_SQ":17.03770737039,"PE_TTM_SQ":9.910732277635,"PB_TTM_SQ":0.285212872393,"ROA_SQ":16.479400992348,"START_DATE":"2022-01-01 00:00:00","FISCAL_YEAR":"12-31","CURRENCY":"HKD","IS_CNY_CODE":0,"DPS_HKD_LY":null,"ORG_TYPE":"一般企业","PREMIUM_INCOME":null,"PREMIUM_INCOME_YOY":null,"NET_INTEREST_INCOME":null,"NET_INTEREST_INCOME_YOY":null,"FEE_COMMISSION_INCOME":null,"FEE_COMMISSION_INCOME_YOY":null,"ACCOUNTS_RECE_TDAYS":1.432389879291,"INVENTORY_TDAYS":1.028035423621,"CURRENT_ASSETS_TDAYS":0.09439739484,"TOTAL_ASSETS_TDAYS":0.048042809763,"PREMIUM_EXPENSE":null,"LOAN_DEPOSIT":null,"LOAN_EQUITY":null,"LOAN_ASSETS":null,"DEPOSIT_EQUITY":null,"DEPOSIT_ASSETS":null,"EQUITY_MULTIPLIER":1.089748322115,"EQUITY_RATIO":0.105767298546},{"SECUCODE":"01358.HK","SECURITY_CODE":"01358","SECURITY_NAME_ABBR":"普华和顺","ORG_CODE":"10345110","STD_REPORT_DATE":"2021-12-31 00:00:00","REPORT_DATE":"2021-12-31 00:00:00","DATE_TYPE_CODE":"001","REPORT_TYPE":"2021年年报","PER_NETCASH_OPERATE":0.023733052481,"PER_OI":0.172948653717,"BPS":2.550816218102,"BASIC_EPS":0.471,"DILUTED_EPS":0.471,"OPERATE_INCOME":271399000,"OPERATE_INCOME_YOY":9.7217730198,"GROSS_PROFIT":166056000,"GROSS_PROFIT_YOY":11.743963823316,"HOLDER_PROFIT":739120000,"HOLDER_PROFIT_YOY":16.983795864,"GROSS_PROFIT_RATIO":61.185192281475,"EPS_TTM":0.471003242221,"OPERATE_INCOME_QOQ":-2.831641055752,"NET_PROFIT_RATIO":272.3359334412,"ROE_AVG":16.60789124249,"GROSS_PROFIT_QOQ":-3.214412692122,"ROA":16.070233128397,"HOLDER_PROFIT_QOQ":-40.953160050873,"ROE_YEARLY":16.60789124249,"ROIC_YEARLY":28.360994883379,"TOTAL_ASSETS":3915027000,"TOTAL_LIABILITIES":122639000,"TAX_EBT":-0.224146534611,"OCF_SALES":13.722600304349,"TOTAL_PARENT_EQUITY":3792388000,"DEBT_ASSET_RATIO":3.1325199034,"OPERATE_PROFIT":680734000,"PRETAX_PROFIT":737464000,"NETCASH_OPERATE":37243000,"NETCASH_INVEST":2636329000,"NETCASH_FINANCE":-2091211000,"END_CASH":2284772000,"DIVI_RATIO":0.182437151802,"DIVIDEND_RATE":9.356435643564,"CURRENT_RATIO":24.822480449494,"COMMON_ACS":5000000000,"CURRENTDEBT_DEBT":85.187419988748,"ISSUED_COMMON_SHARES":1486735098,"HK_COMMON_SHARES":1486735098,"PER_SHARES":1000,"TOTAL_MARKET_CAP":1501602448.98,"HKSK_MARKET_CAP":1501602448.98,"PE_TTM":8.885683154121,"PB_TTM":0.339793464213,"REPORT_DATE_SQ":"2020-12-31 00:00:00","REPORT_TYPE_SQ":"2020年年报","OPERATE_INCOME_SQ":247352000,"DPS_HKD":0.0945,"OPERATE_INCOME_QOQ_SQ":-15.11890463608,"NET_PROFIT_RATIO_SQ":255.4299136453,"HOLDER_PROFIT_SQ":631814000,"HOLDER_PROFIT_QOQ_SQ":286.984430316171,"ROE_AVG_SQ":13.004182631239,"PE_TTM_SQ":9.910732277635,"PB_TTM_SQ":0.285212872393,"ROA_SQ":11.881311748238,"START_DATE":"2021-01-01 00:00:00","FISCAL_YEAR":"12-31","CURRENCY":"HKD","IS_CNY_CODE":0,"DPS_HKD_LY":1.5766,"ORG_TYPE":"一般企业","PREMIUM_INCOME":null,"PREMIUM_INCOME_YOY":null,"NET_INTEREST_INCOME":null,"NET_INTEREST_INCOME_YOY":null,"FEE_COMMISSION_INCOME":null,"FEE_COMMISSION_INCOME_YOY":null,"ACCOUNTS_RECE_TDAYS":1.81114384766,"INVENTORY_TDAYS":2.917361322662,"CURRENT_ASSETS_TDAYS":0.08126370619,"TOTAL_ASSETS_TDAYS":0.059008621074,"PREMIUM_EXPENSE":null,"LOAN_DEPOSIT":null,"LOAN_EQUITY":null,"LOAN_ASSETS":null,"DEPOSIT_EQUITY":null,"DEPOSIT_ASSETS":null,"EQUITY_MULTIPLIER":1.032338199572,"EQUITY_RATIO":0.032338199572},{"SECUCODE":"01358.HK","SECURITY_CODE":"01358","SECURITY_NAME_ABBR":"普华和顺","ORG_CODE":"10345110","STD_REPORT_DATE":"2021-06-30 00:00:00","REPORT_DATE":"2021-06-30 00:00:00","DATE_TYPE_CODE":"002","REPORT_TYPE":"2021年中报","PER_NETCASH_OPERATE":0.030179460099,"PER_OI":0.085067600404,"BPS":2.573258682832,"BASIC_EPS":0.485,"DILUTED_EPS":0.485,"OPERATE_INCOME":133492000,"OPERATE_INCOME_YOY":31.4725811535,"GROSS_PROFIT":82480000,"GROSS_PROFIT_YOY":38.59156822879,"HOLDER_PROFIT":761091000,"HOLDER_PROFIT_YOY":439.1957662961,"GROSS_PROFIT_RATIO":61.786474095826,"EPS_TTM":0.797677306061,"OPERATE_INCOME_QOQ":12.919240596397,"NET_PROFIT_RATIO":570.1382854403,"ROE_AVG":17.03770737039,"GROSS_PROFIT_QOQ":15.455169443622,"ROA":16.479400992348,"HOLDER_PROFIT_QOQ":98.120332882779,"ROE_YEARLY":34.07541474078,"ROIC_YEARLY":59.406490066018,"TOTAL_ASSETS":3953282000,"TOTAL_LIABILITIES":127692000,"TAX_EBT":0.62088362643,"OCF_SALES":35.477032331526,"TOTAL_PARENT_EQUITY":3825754000,"DEBT_ASSET_RATIO":3.2300250779,"OPERATE_PROFIT":734953000,"PRETAX_PROFIT":765844000,"NETCASH_OPERATE":47359000,"NETCASH_INVEST":2736669000,"NETCASH_FINANCE":-2074388000,"END_CASH":2410788000,"DIVI_RATIO":0.107723373032,"DIVIDEND_RATE":9.356435643564,"CURRENT_RATIO":27.760753961419,"COMMON_ACS":5000000000,"CURRENTDEBT_DEBT":72.750054819409,"ISSUED_COMMON_SHARES":1486735098,"HK_COMMON_SHARES":1486735098,"PER_SHARES":1000,"TOTAL_MARKET_CAP":1501602448.98,"HKSK_MARKET_CAP":1501602448.98,"PE_TTM":8.885683154121,"PB_TTM":0.339793464213,"REPORT_DATE_SQ":"2020-06-30 00:00:00","REPORT_TYPE_SQ":"2020年中报","OPERATE_INCOME_SQ":101536000,"DPS_HKD":0.0945,"OPERATE_INCOME_QOQ_SQ":-19.540674189567,"NET_PROFIT_RATIO_SQ":139.0157185629,"HOLDER_PROFIT_SQ":141153000,"HOLDER_PROFIT_QOQ_SQ":99.148593593716,"ROE_AVG_SQ":3.008871986889,"PE_TTM_SQ":9.910732277635,"PB_TTM_SQ":0.285212872393,"ROA_SQ":2.743914796015,"START_DATE":"2021-01-01 00:00:00","FISCAL_YEAR":"12-31","CURRENCY":"HKD","IS_CNY_CODE":0,"DPS_HKD_LY":1.5766,"ORG_TYPE":"一般企业","PREMIUM_INCOME":null,"PREMIUM_INCOME_YOY":null,"NET_INTEREST_INCOME":null,"NET_INTEREST_INCOME_YOY":null,"FEE_COMMISSION_INCOME":null,"FEE_COMMISSION_INCOME_YOY":null,"ACCOUNTS_RECE_TDAYS":0.93964115523,"INVENTORY_TDAYS":1.372175597159,"CURRENT_ASSETS_TDAYS":0.040057325919,"TOTAL_ASSETS_TDAYS":0.028904141519,"PREMIUM_EXPENSE":null,"LOAN_DEPOSIT":null,"LOAN_EQUITY":null,"LOAN_ASSETS":null,"DEPOSIT_EQUITY":null,"DEPOSIT_ASSETS":null,"EQUITY_MULTIPLIER":1.033378380851,"EQUITY_RATIO":0.033376950008},{"SECUCODE":"01358.HK","SECURITY_CODE":"01358","SECURITY_NAME_ABBR":"普华和顺","ORG_CODE":"10345110","STD_REPORT_DATE":"2020-12-31 00:00:00","REPORT_DATE":"2020-12-31 00:00:00","DATE_TYPE_CODE":"001","REPORT_TYPE":"2020年年报","PER_NETCASH_OPERATE":0.049835395544,"PER_OI":0.157624734779,"BPS":3.436012916405,"BASIC_EPS":0.4026,"DILUTED_EPS":0.4026,"OPERATE_INCOME":247352000,"OPERATE_INCOME_YOY":-31.7052429297,"GROSS_PROFIT":148604000,"GROSS_PROFIT_YOY":-33.099533149955,"HOLDER_PROFIT":631814000,"HOLDER_PROFIT_YOY":670.6740504013,"GROSS_PROFIT_RATIO":60.077945599793,"EPS_TTM":0.402622635675,"OPERATE_INCOME_QOQ":-15.11890463608,"NET_PROFIT_RATIO":255.4299136453,"ROE_AVG":13.004182631239,"GROSS_PROFIT_QOQ":-15.113502644777,"ROA":11.881311748238,"HOLDER_PROFIT_QOQ":286.984430316171,"ROE_YEARLY":13.004182631239,"ROIC_YEARLY":14.357182096186,"TOTAL_ASSETS":5283595000,"TOTAL_LIABILITIES":175316000,"TAX_EBT":-0.831791943492,"OCF_SALES":31.61648177496,"TOTAL_PARENT_EQUITY":5108441000,"DEBT_ASSET_RATIO":3.3181195758,"OPERATE_PROFIT":518315000,"PRETAX_PROFIT":626599000,"NETCASH_OPERATE":78204000,"NETCASH_INVEST":2070012000,"NETCASH_FINANCE":-578396000,"END_CASH":1701783000,"DIVI_RATIO":0.213421905244,"DIVIDEND_RATE":9.356435643564,"CURRENT_RATIO":29.622701009852,"COMMON_ACS":5000000000,"CURRENTDEBT_DEBT":78.681352529147,"ISSUED_COMMON_SHARES":1486735098,"HK_COMMON_SHARES":1486735098,"PER_SHARES":1000,"TOTAL_MARKET_CAP":1501602448.98,"HKSK_MARKET_CAP":1501602448.98,"PE_TTM":8.885683154121,"PB_TTM":0.339793464213,"REPORT_DATE_SQ":"2019-12-31 00:00:00","REPORT_TYPE_SQ":"2019年年报","OPERATE_INCOME_SQ":362183000,"DPS_HKD":0.0945,"OPERATE_INCOME_QOQ_SQ":6.484010478377,"NET_PROFIT_RATIO_SQ":22.6319291629,"HOLDER_PROFIT_SQ":81982000,"HOLDER_PROFIT_QOQ_SQ":-40.441699963676,"ROE_AVG_SQ":1.801222045954,"PE_TTM_SQ":9.910732277635,"PB_TTM_SQ":0.285212872393,"ROA_SQ":1.554632684795,"START_DATE":"2020-01-01 00:00:00","FISCAL_YEAR":"12-31","CURRENCY":"HKD","IS_CNY_CODE":0,"DPS_HKD_LY":null,"ORG_TYPE":"一般企业","PREMIUM_INCOME":null,"PREMIUM_INCOME_YOY":null,"NET_INTEREST_INCOME":null,"NET_INTEREST_INCOME_YOY":null,"FEE_COMMISSION_INCOME":null,"FEE_COMMISSION_INCOME_YOY":null,"ACCOUNTS_RECE_TDAYS":1.383419790545,"INVENTORY_TDAYS":2.618442161087,"CURRENT_ASSETS_TDAYS":0.110207512362,"TOTAL_ASSETS_TDAYS":0.046514737305,"PREMIUM_EXPENSE":null,"LOAN_DEPOSIT":null,"LOAN_EQUITY":null,"LOAN_ASSETS":null,"DEPOSIT_EQUITY":null,"DEPOSIT_ASSETS":null,"EQUITY_MULTIPLIER":1.034319973518,"EQUITY_RATIO":0.034318885155},{"SECUCODE":"01358.HK","SECURITY_CODE":"01358","SECURITY_NAME_ABBR":"普华和顺","ORG_CODE":"10345110","STD_REPORT_DATE":"2020-06-30 00:00:00","REPORT_DATE":"2020-06-30 00:00:00","DATE_TYPE_CODE":"002","REPORT_TYPE":"2020年中报","PER_NETCASH_OPERATE":0.025513525285,"PER_OI":0.064703681678,"BPS":3.210931797078,"BASIC_EPS":0.0899,"DILUTED_EPS":0.0899,"OPERATE_INCOME":101536000,"OPERATE_INCOME_YOY":-41.0733043544,"GROSS_PROFIT":59513000,"GROSS_PROFIT_YOY":-44.160145621048,"HOLDER_PROFIT":141153000,"HOLDER_PROFIT_YOY":135.7697639847,"GROSS_PROFIT_RATIO":58.61270879294,"EPS_TTM":0.104041042516,"OPERATE_INCOME_QOQ":-19.540674189567,"NET_PROFIT_RATIO":139.0157185629,"ROE_AVG":3.008871986889,"GROSS_PROFIT_QOQ":-21.188329199062,"ROA":2.743914796015,"HOLDER_PROFIT_QOQ":99.148593593716,"ROE_YEARLY":6.017743973777,"ROIC_YEARLY":5.723070691598,"TOTAL_ASSETS":4936609000,"TOTAL_LIABILITIES":162965000,"TAX_EBT":-4.414756293321,"OCF_SALES":39.431334699023,"TOTAL_PARENT_EQUITY":4773805000,"DEBT_ASSET_RATIO":3.3011526738,"OPERATE_PROFIT":65366000,"PRETAX_PROFIT":135183000,"NETCASH_OPERATE":40037000,"NETCASH_INVEST":713919000,"NETCASH_FINANCE":-596024000,"END_CASH":290618000,"DIVI_RATIO":0.825909544177,"DIVIDEND_RATE":9.356435643564,"CURRENT_RATIO":3.609732697466,"COMMON_ACS":5000000000,"CURRENTDEBT_DEBT":87.624336513975,"ISSUED_COMMON_SHARES":1486735098,"HK_COMMON_SHARES":1486735098,"PER_SHARES":1000,"TOTAL_MARKET_CAP":1501602448.98,"HKSK_MARKET_CAP":1501602448.98,"PE_TTM":8.885683154121,"PB_TTM":0.339793464213,"REPORT_DATE_SQ":"2019-06-30 00:00:00","REPORT_TYPE_SQ":"2019年中报","OPERATE_INCOME_SQ":172309000,"DPS_HKD":0.0945,"OPERATE_INCOME_QOQ_SQ":9.432037913472,"NET_PROFIT_RATIO_SQ":34.7399149203,"HOLDER_PROFIT_SQ":59869000,"HOLDER_PROFIT_QOQ_SQ":-91.735780318849,"ROE_AVG_SQ":1.322349279869,"PE_TTM_SQ":9.910732277635,"PB_TTM_SQ":0.285212872393,"ROA_SQ":1.145279735948,"START_DATE":"2020-01-01 00:00:00","FISCAL_YEAR":"12-31","CURRENCY":"HKD","IS_CNY_CODE":0,"DPS_HKD_LY":null,"ORG_TYPE":"一般企业","PREMIUM_INCOME":null,"PREMIUM_INCOME_YOY":null,"NET_INTEREST_INCOME":null,"NET_INTEREST_INCOME_YOY":null,"FEE_COMMISSION_INCOME":null,"FEE_COMMISSION_INCOME_YOY":null,"ACCOUNTS_RECE_TDAYS":0.558548399075,"INVENTORY_TDAYS":1.100481851988,"CURRENT_ASSETS_TDAYS":0.221183620788,"TOTAL_ASSETS_TDAYS":0.019737882491,"PREMIUM_EXPENSE":null,"LOAN_DEPOSIT":null,"LOAN_EQUITY":null,"LOAN_ASSETS":null,"DEPOSIT_EQUITY":null,"DEPOSIT_ASSETS":null,"EQUITY_MULTIPLIER":1.034138490428,"EQUITY_RATIO":0.034137339083}],"count":27},"success":true,"message":"ok","code":0}