{"version":"2c61535792813f681c7569eaf28d70eb","result":{"pages":3,"data":[{"SECUCODE":"01359.HK","SECURITY_CODE":"01359","SECURITY_NAME_ABBR":"中国信达","ORG_CODE":"10012571","STD_REPORT_DATE":"2024-06-30 00:00:00","REPORT_DATE":"2024-06-30 00:00:00","DATE_TYPE_CODE":"002","REPORT_TYPE":"2024年中报","PER_NETCASH_OPERATE":0.433634339741,"PER_OI":0.919069598644,"BPS":4.21474768081,"BASIC_EPS":0.04,"DILUTED_EPS":0.04,"OPERATE_INCOME":35075864000,"OPERATE_INCOME_YOY":2.26883992,"GROSS_PROFIT":null,"GROSS_PROFIT_YOY":null,"HOLDER_PROFIT":2155895000,"HOLDER_PROFIT_YOY":-46.9987176802,"GROSS_PROFIT_RATIO":null,"EPS_TTM":0.10242944097,"OPERATE_INCOME_QOQ":1.021638984849,"NET_PROFIT_RATIO":7.5740742979,"ROE_AVG":1.115798486585,"GROSS_PROFIT_QOQ":null,"ROA":0.13566969457,"HOLDER_PROFIT_QOQ":-32.842539089712,"ROE_YEARLY":2.231596973169,"ROIC_YEARLY":0.293803547557,"TOTAL_ASSETS":1583795208000,"TOTAL_LIABILITIES":1365966764000,"TAX_EBT":9.476959604089,"OCF_SALES":47.181882675791,"TOTAL_PARENT_EQUITY":193601887000,"DEBT_ASSET_RATIO":86.2464261225,"OPERATE_PROFIT":586693000,"PRETAX_PROFIT":2934802000,"NETCASH_OPERATE":16549453000,"NETCASH_INVEST":6631530000,"NETCASH_FINANCE":-25699018000,"END_CASH":101017304000,"DIVI_RATIO":0.443778612569,"DIVIDEND_RATE":4.0128,"CURRENT_RATIO":1.07252642418,"COMMON_ACS":null,"CURRENTDEBT_DEBT":95.009178788482,"ISSUED_COMMON_SHARES":38164535147,"HK_COMMON_SHARES":13567602831,"PER_SHARES":1000,"TOTAL_MARKET_CAP":47705668933.75,"HKSK_MARKET_CAP":16959503538.75,"PE_TTM":10.907645389638,"PB_TTM":0.270680497719,"REPORT_DATE_SQ":"2023-06-30 00:00:00","REPORT_TYPE_SQ":"2023年中报","OPERATE_INCOME_SQ":34297704000,"DPS_HKD":0.05016,"OPERATE_INCOME_QOQ_SQ":-8.594490962778,"NET_PROFIT_RATIO_SQ":13.1804624589,"HOLDER_PROFIT_SQ":4067628000,"HOLDER_PROFIT_QOQ_SQ":-6.978345430879,"ROE_AVG_SQ":2.137774969452,"PE_TTM_SQ":4.733676533624,"PB_TTM_SQ":0.169767846008,"ROA_SQ":0.253434904521,"START_DATE":"2024-01-01 00:00:00","FISCAL_YEAR":"12-31","CURRENCY":"HKD","IS_CNY_CODE":0,"DPS_HKD_LY":0.05016,"ORG_TYPE":"证券","PREMIUM_INCOME":null,"PREMIUM_INCOME_YOY":null,"NET_INTEREST_INCOME":16559846000,"NET_INTEREST_INCOME_YOY":null,"FEE_COMMISSION_INCOME":2529211000,"FEE_COMMISSION_INCOME_YOY":-4.54409928699,"ACCOUNTS_RECE_TDAYS":8.093181313714,"INVENTORY_TDAYS":null,"CURRENT_ASSETS_TDAYS":0.025051252788,"TOTAL_ASSETS_TDAYS":0.022073114672,"PREMIUM_EXPENSE":null,"LOAN_DEPOSIT":null,"LOAN_EQUITY":null,"LOAN_ASSETS":null,"DEPOSIT_EQUITY":null,"DEPOSIT_ASSETS":null,"EQUITY_MULTIPLIER":7.270837448555,"EQUITY_RATIO":7.055544680719},{"SECUCODE":"01359.HK","SECURITY_CODE":"01359","SECURITY_NAME_ABBR":"中国信达","ORG_CODE":"10012571","STD_REPORT_DATE":"2023-12-31 00:00:00","REPORT_DATE":"2023-12-31 00:00:00","DATE_TYPE_CODE":"001","REPORT_TYPE":"2023年年报","PER_NETCASH_OPERATE":0.407260587352,"PER_OI":1.995774498671,"BPS":4.194496261605,"BASIC_EPS":0.11,"DILUTED_EPS":0.11,"OPERATE_INCOME":76167806000,"OPERATE_INCOME_YOY":-5.9521798065,"GROSS_PROFIT":null,"GROSS_PROFIT_YOY":null,"HOLDER_PROFIT":5820905000,"HOLDER_PROFIT_YOY":-7.8008180059,"GROSS_PROFIT_RATIO":null,"EPS_TTM":0.152521312721,"OPERATE_INCOME_QOQ":2.890757005868,"NET_PROFIT_RATIO":9.1816705341,"ROE_AVG":3.055314564845,"GROSS_PROFIT_QOQ":null,"ROA":0.362634073389,"HOLDER_PROFIT_QOQ":-0.884173237745,"ROE_YEARLY":3.055314564845,"ROIC_YEARLY":0.394038253261,"TOTAL_ASSETS":1594357447000,"TOTAL_LIABILITIES":1377201252000,"TAX_EBT":14.571080917888,"OCF_SALES":20.406142458666,"TOTAL_PARENT_EQUITY":192829001000,"DEBT_ASSET_RATIO":86.3797045381,"OPERATE_PROFIT":1771032000,"PRETAX_PROFIT":8186311000,"NETCASH_OPERATE":15542911000,"NETCASH_INVEST":-60579982000,"NETCASH_FINANCE":713442000,"END_CASH":102876761000,"DIVI_RATIO":0.298030448264,"DIVIDEND_RATE":3.829007633588,"CURRENT_RATIO":1.066285371354,"COMMON_ACS":null,"CURRENTDEBT_DEBT":95.837152419318,"ISSUED_COMMON_SHARES":38164535147,"HK_COMMON_SHARES":13567602831,"PER_SHARES":1000,"TOTAL_MARKET_CAP":49995541042.57,"HKSK_MARKET_CAP":17773559708.61,"PE_TTM":11.431212368341,"PB_TTM":0.283673161609,"REPORT_DATE_SQ":"2022-12-31 00:00:00","REPORT_TYPE_SQ":"2022年年报","OPERATE_INCOME_SQ":80988380000,"DPS_HKD":0.05016,"OPERATE_INCOME_QOQ_SQ":-17.009660641728,"NET_PROFIT_RATIO_SQ":8.9287623731,"HOLDER_PROFIT_SQ":6313402000,"HOLDER_PROFIT_QOQ_SQ":-36.115432154669,"ROE_AVG_SQ":3.440484617178,"PE_TTM_SQ":4.610723896387,"PB_TTM_SQ":0.165358291566,"ROA_SQ":0.397035816207,"START_DATE":"2023-01-01 00:00:00","FISCAL_YEAR":"12-31","CURRENCY":"HKD","IS_CNY_CODE":0,"DPS_HKD_LY":0.05436,"ORG_TYPE":"证券","PREMIUM_INCOME":null,"PREMIUM_INCOME_YOY":null,"NET_INTEREST_INCOME":33061460000,"NET_INTEREST_INCOME_YOY":null,"FEE_COMMISSION_INCOME":4903436000,"FEE_COMMISSION_INCOME_YOY":-4.046535738264,"ACCOUNTS_RECE_TDAYS":16.94493338683,"INVENTORY_TDAYS":null,"CURRENT_ASSETS_TDAYS":0.053583844834,"TOTAL_ASSETS_TDAYS":0.047451456004,"PREMIUM_EXPENSE":null,"LOAN_DEPOSIT":null,"LOAN_EQUITY":null,"LOAN_ASSETS":null,"DEPOSIT_EQUITY":null,"DEPOSIT_ASSETS":null,"EQUITY_MULTIPLIER":7.341984634601,"EQUITY_RATIO":7.142085707326},{"SECUCODE":"01359.HK","SECURITY_CODE":"01359","SECURITY_NAME_ABBR":"中国信达","ORG_CODE":"10012571","STD_REPORT_DATE":"2023-06-30 00:00:00","REPORT_DATE":"2023-06-30 00:00:00","DATE_TYPE_CODE":"002","REPORT_TYPE":"2023年中报","PER_NETCASH_OPERATE":-0.029067509816,"PER_OI":0.898679988316,"BPS":4.181737688807,"BASIC_EPS":0.09,"DILUTED_EPS":0.09,"OPERATE_INCOME":34297704000,"OPERATE_INCOME_YOY":-16.8706626698,"GROSS_PROFIT":null,"GROSS_PROFIT_YOY":null,"HOLDER_PROFIT":4067628000,"HOLDER_PROFIT_YOY":-9.7726608785,"GROSS_PROFIT_RATIO":null,"EPS_TTM":0.153881895256,"OPERATE_INCOME_QOQ":-8.594490962778,"NET_PROFIT_RATIO":13.1804624589,"ROE_AVG":2.137774969452,"GROSS_PROFIT_QOQ":null,"ROA":0.253434904521,"HOLDER_PROFIT_QOQ":-6.978345430879,"ROE_YEARLY":4.275549938904,"ROIC_YEARLY":0.55519331346,"TOTAL_ASSETS":1594009275000,"TOTAL_LIABILITIES":1378051914000,"TAX_EBT":15.495012432933,"OCF_SALES":-3.234467240139,"TOTAL_PARENT_EQUITY":192342076000,"DEBT_ASSET_RATIO":86.4519382423,"OPERATE_PROFIT":1676952000,"PRETAX_PROFIT":5349502000,"NETCASH_OPERATE":-1109348000,"NETCASH_INVEST":-35663362000,"NETCASH_FINANCE":-3340226000,"END_CASH":108950413000,"DIVI_RATIO":0.2953953428,"DIVIDEND_RATE":3.829007633588,"CURRENT_RATIO":1.065718372476,"COMMON_ACS":null,"CURRENTDEBT_DEBT":95.855166745191,"ISSUED_COMMON_SHARES":38164535147,"HK_COMMON_SHARES":13567602831,"PER_SHARES":1000,"TOTAL_MARKET_CAP":49995541042.57,"HKSK_MARKET_CAP":17773559708.61,"PE_TTM":11.431212368341,"PB_TTM":0.283673161609,"REPORT_DATE_SQ":"2022-06-30 00:00:00","REPORT_TYPE_SQ":"2022年中报","OPERATE_INCOME_SQ":41258243000,"DPS_HKD":0.05016,"OPERATE_INCOME_QOQ_SQ":-0.146648391886,"NET_PROFIT_RATIO_SQ":12.0714035254,"HOLDER_PROFIT_SQ":4508199000,"HOLDER_PROFIT_QOQ_SQ":-18.067123257121,"ROE_AVG_SQ":2.454814291327,"PE_TTM_SQ":4.610723896387,"PB_TTM_SQ":0.165358291566,"ROA_SQ":0.290332290958,"START_DATE":"2023-01-01 00:00:00","FISCAL_YEAR":"12-31","CURRENCY":"HKD","IS_CNY_CODE":0,"DPS_HKD_LY":0.05436,"ORG_TYPE":"证券","PREMIUM_INCOME":null,"PREMIUM_INCOME_YOY":null,"NET_INTEREST_INCOME":16120222000,"NET_INTEREST_INCOME_YOY":null,"FEE_COMMISSION_INCOME":2649612000,"FEE_COMMISSION_INCOME_YOY":8.072880339684,"ACCOUNTS_RECE_TDAYS":7.46234857136,"INVENTORY_TDAYS":null,"CURRENT_ASSETS_TDAYS":0.024133998798,"TOTAL_ASSETS_TDAYS":0.021369297631,"PREMIUM_EXPENSE":null,"LOAN_DEPOSIT":null,"LOAN_EQUITY":null,"LOAN_ASSETS":null,"DEPOSIT_EQUITY":null,"DEPOSIT_ASSETS":null,"EQUITY_MULTIPLIER":7.38112962492,"EQUITY_RATIO":7.164588958684},{"SECUCODE":"01359.HK","SECURITY_CODE":"01359","SECURITY_NAME_ABBR":"中国信达","ORG_CODE":"10012571","STD_REPORT_DATE":"2022-12-31 00:00:00","REPORT_DATE":"2022-12-31 00:00:00","DATE_TYPE_CODE":"001","REPORT_TYPE":"2022年年报","PER_NETCASH_OPERATE":1.419554667477,"PER_OI":2.122084801716,"BPS":4.073356072627,"BASIC_EPS":0.14,"DILUTED_EPS":0.14,"OPERATE_INCOME":80988380000,"OPERATE_INCOME_YOY":-17.1313646398,"GROSS_PROFIT":null,"GROSS_PROFIT_YOY":null,"HOLDER_PROFIT":6313402000,"HOLDER_PROFIT_YOY":-47.6575357696,"GROSS_PROFIT_RATIO":null,"EPS_TTM":0.16542588494,"OPERATE_INCOME_QOQ":-17.009660641728,"NET_PROFIT_RATIO":8.9287623731,"ROE_AVG":3.440484617178,"GROSS_PROFIT_QOQ":null,"ROA":0.397035816207,"HOLDER_PROFIT_QOQ":-36.115432154669,"ROE_YEARLY":3.440484617178,"ROIC_YEARLY":0.420199995627,"TOTAL_ASSETS":1615988975000,"TOTAL_LIABILITIES":1407993853000,"TAX_EBT":30.851589763382,"OCF_SALES":66.894342126611,"TOTAL_PARENT_EQUITY":188205742000,"DEBT_ASSET_RATIO":87.1289269161,"OPERATE_PROFIT":1521825000,"PRETAX_PROFIT":10457594000,"NETCASH_OPERATE":54176644000,"NETCASH_INVEST":7310906000,"NETCASH_FINANCE":-101461083000,"END_CASH":145411977000,"DIVI_RATIO":0.274781635393,"DIVIDEND_RATE":3.829007633588,"CURRENT_RATIO":1.058314096238,"COMMON_ACS":null,"CURRENTDEBT_DEBT":96.270682795374,"ISSUED_COMMON_SHARES":38164535147,"HK_COMMON_SHARES":13567602831,"PER_SHARES":1000,"TOTAL_MARKET_CAP":49995541042.57,"HKSK_MARKET_CAP":17773559708.61,"PE_TTM":11.431212368341,"PB_TTM":0.283673161609,"REPORT_DATE_SQ":"2021-12-31 00:00:00","REPORT_TYPE_SQ":"2021年年报","OPERATE_INCOME_SQ":97731041000,"DPS_HKD":0.05016,"OPERATE_INCOME_QOQ_SQ":2.105528769,"NET_PROFIT_RATIO_SQ":13.3022894947,"HOLDER_PROFIT_SQ":12061721000,"HOLDER_PROFIT_QOQ_SQ":-11.275293783257,"ROE_AVG_SQ":6.87454731032,"PE_TTM_SQ":4.610723896387,"PB_TTM_SQ":0.165358291566,"ROA_SQ":0.782628217716,"START_DATE":"2022-01-01 00:00:00","FISCAL_YEAR":"12-31","CURRENCY":"HKD","IS_CNY_CODE":0,"DPS_HKD_LY":0.111078,"ORG_TYPE":"证券","PREMIUM_INCOME":null,"PREMIUM_INCOME_YOY":null,"NET_INTEREST_INCOME":27394889000,"NET_INTEREST_INCOME_YOY":null,"FEE_COMMISSION_INCOME":5110223000,"FEE_COMMISSION_INCOME_YOY":-3.422967775295,"ACCOUNTS_RECE_TDAYS":20.230993657923,"INVENTORY_TDAYS":null,"CURRENT_ASSETS_TDAYS":0.057325217796,"TOTAL_ASSETS_TDAYS":0.050931791697,"PREMIUM_EXPENSE":null,"LOAN_DEPOSIT":null,"LOAN_EQUITY":null,"LOAN_ASSETS":null,"DEPOSIT_EQUITY":null,"DEPOSIT_ASSETS":null,"EQUITY_MULTIPLIER":7.769359970855,"EQUITY_RATIO":7.481141850603},{"SECUCODE":"01359.HK","SECURITY_CODE":"01359","SECURITY_NAME_ABBR":"中国信达","ORG_CODE":"10012571","STD_REPORT_DATE":"2022-06-30 00:00:00","REPORT_DATE":"2022-06-30 00:00:00","DATE_TYPE_CODE":"002","REPORT_TYPE":"2022年中报","PER_NETCASH_OPERATE":-0.597513474543,"PER_OI":1.081062374822,"BPS":4.080902633822,"BASIC_EPS":0.12,"DILUTED_EPS":0.12,"OPERATE_INCOME":41258243000,"OPERATE_INCOME_YOY":-0.3461729127,"GROSS_PROFIT":null,"GROSS_PROFIT_YOY":null,"HOLDER_PROFIT":4508199000,"HOLDER_PROFIT_YOY":-32.5867208581,"GROSS_PROFIT_RATIO":null,"EPS_TTM":0.258944985493,"OPERATE_INCOME_QOQ":-0.146648391886,"NET_PROFIT_RATIO":12.0714035254,"ROE_AVG":2.454814291327,"GROSS_PROFIT_QOQ":null,"ROA":0.290332290958,"HOLDER_PROFIT_QOQ":-18.067123257121,"ROE_YEARLY":4.909628582655,"ROIC_YEARLY":0.594870560272,"TOTAL_ASSETS":1541265056000,"TOTAL_LIABILITIES":1333391127000,"TAX_EBT":29.178893345066,"OCF_SALES":-55.270952764518,"TOTAL_PARENT_EQUITY":188493694000,"DEBT_ASSET_RATIO":86.5127722068,"OPERATE_PROFIT":3673408000,"PRETAX_PROFIT":7032436000,"NETCASH_OPERATE":-22803824000,"NETCASH_INVEST":7317663000,"NETCASH_FINANCE":-49282310000,"END_CASH":113957071000,"DIVI_RATIO":0.175543060289,"DIVIDEND_RATE":3.829007633588,"CURRENT_RATIO":1.059499654919,"COMMON_ACS":null,"CURRENTDEBT_DEBT":96.616254444297,"ISSUED_COMMON_SHARES":38164535147,"HK_COMMON_SHARES":13567602831,"PER_SHARES":1000,"TOTAL_MARKET_CAP":49995541042.57,"HKSK_MARKET_CAP":17773559708.61,"PE_TTM":11.431212368341,"PB_TTM":0.283673161609,"REPORT_DATE_SQ":"2021-06-30 00:00:00","REPORT_TYPE_SQ":"2021年中报","OPERATE_INCOME_SQ":41401564000,"DPS_HKD":0.05016,"OPERATE_INCOME_QOQ_SQ":-4.412385609054,"NET_PROFIT_RATIO_SQ":17.0933131898,"HOLDER_PROFIT_SQ":6687405000,"HOLDER_PROFIT_QOQ_SQ":2.616765852348,"ROE_AVG_SQ":3.877530600478,"PE_TTM_SQ":4.610723896387,"PB_TTM_SQ":0.165358291566,"ROA_SQ":0.42836031666,"START_DATE":"2022-01-01 00:00:00","FISCAL_YEAR":"12-31","CURRENCY":"HKD","IS_CNY_CODE":0,"DPS_HKD_LY":0.111078,"ORG_TYPE":"证券","PREMIUM_INCOME":null,"PREMIUM_INCOME_YOY":null,"NET_INTEREST_INCOME":12139538000,"NET_INTEREST_INCOME_YOY":null,"FEE_COMMISSION_INCOME":2451690000,"FEE_COMMISSION_INCOME_YOY":-0.428188558922,"ACCOUNTS_RECE_TDAYS":11.010519149672,"INVENTORY_TDAYS":null,"CURRENT_ASSETS_TDAYS":0.029940983257,"TOTAL_ASSETS_TDAYS":0.026570699765,"PREMIUM_EXPENSE":null,"LOAN_DEPOSIT":null,"LOAN_EQUITY":null,"LOAN_ASSETS":null,"DEPOSIT_EQUITY":null,"DEPOSIT_ASSETS":null,"EQUITY_MULTIPLIER":7.414422113521,"EQUITY_RATIO":7.07392962971},{"SECUCODE":"01359.HK","SECURITY_CODE":"01359","SECURITY_NAME_ABBR":"中国信达","ORG_CODE":"10012571","STD_REPORT_DATE":"2021-12-31 00:00:00","REPORT_DATE":"2021-12-31 00:00:00","DATE_TYPE_CODE":"001","REPORT_TYPE":"2021年年报","PER_NETCASH_OPERATE":1.281645716674,"PER_OI":2.560781642527,"BPS":4.140105739305,"BASIC_EPS":0.29,"DILUTED_EPS":0.29,"OPERATE_INCOME":97731041000,"OPERATE_INCOME_YOY":-2.3997608885,"GROSS_PROFIT":null,"GROSS_PROFIT_YOY":null,"HOLDER_PROFIT":12061721000,"HOLDER_PROFIT_YOY":-8.9535759684,"GROSS_PROFIT_RATIO":null,"EPS_TTM":0.316045274849,"OPERATE_INCOME_QOQ":2.105528769,"NET_PROFIT_RATIO":13.3022894947,"ROE_AVG":6.87454731032,"GROSS_PROFIT_QOQ":null,"ROA":0.782628217716,"HOLDER_PROFIT_QOQ":-11.275293783257,"ROE_YEARLY":6.87454731032,"ROIC_YEARLY":0.803302385763,"TOTAL_ASSETS":1564279274000,"TOTAL_LIABILITIES":1362503794000,"TAX_EBT":32.914348574974,"OCF_SALES":50.049004389506,"TOTAL_PARENT_EQUITY":178800811000,"DEBT_ASSET_RATIO":87.1010577616,"OPERATE_PROFIT":13562400000,"PRETAX_PROFIT":19378907000,"NETCASH_OPERATE":48913413000,"NETCASH_INVEST":20784689000,"NETCASH_FINANCE":-13570799000,"END_CASH":173326056000,"DIVI_RATIO":0.143827479217,"DIVIDEND_RATE":3.829007633588,"CURRENT_RATIO":1.051899447063,"COMMON_ACS":null,"CURRENTDEBT_DEBT":97.057655826241,"ISSUED_COMMON_SHARES":38164535147,"HK_COMMON_SHARES":13567602831,"PER_SHARES":1000,"TOTAL_MARKET_CAP":49995541042.57,"HKSK_MARKET_CAP":17773559708.61,"PE_TTM":11.431212368341,"PB_TTM":0.283673161609,"REPORT_DATE_SQ":"2020-12-31 00:00:00","REPORT_TYPE_SQ":"2020年年报","OPERATE_INCOME_SQ":100134018000,"DPS_HKD":0.05016,"OPERATE_INCOME_QOQ_SQ":3.762999193027,"NET_PROFIT_RATIO_SQ":14.71755283,"HOLDER_PROFIT_SQ":13247880000,"HOLDER_PROFIT_QOQ_SQ":23.714609624949,"ROE_AVG_SQ":7.862083585501,"PE_TTM_SQ":4.610723896387,"PB_TTM_SQ":0.165358291566,"ROA_SQ":0.874068572755,"START_DATE":"2021-01-01 00:00:00","FISCAL_YEAR":"12-31","CURRENCY":"HKD","IS_CNY_CODE":0,"DPS_HKD_LY":0.124979,"ORG_TYPE":"证券","PREMIUM_INCOME":null,"PREMIUM_INCOME_YOY":null,"NET_INTEREST_INCOME":25100843000,"NET_INTEREST_INCOME_YOY":null,"FEE_COMMISSION_INCOME":5291344000,"FEE_COMMISSION_INCOME_YOY":19.043038088596,"ACCOUNTS_RECE_TDAYS":30.264563911417,"INVENTORY_TDAYS":null,"CURRENT_ASSETS_TDAYS":0.070376235785,"TOTAL_ASSETS_TDAYS":0.063413065543,"PREMIUM_EXPENSE":null,"LOAN_DEPOSIT":null,"LOAN_EQUITY":null,"LOAN_ASSETS":null,"DEPOSIT_EQUITY":null,"DEPOSIT_ASSETS":null,"EQUITY_MULTIPLIER":7.75257367246,"EQUITY_RATIO":7.620232740443},{"SECUCODE":"01359.HK","SECURITY_CODE":"01359","SECURITY_NAME_ABBR":"中国信达","ORG_CODE":"10012571","STD_REPORT_DATE":"2021-06-30 00:00:00","REPORT_DATE":"2021-06-30 00:00:00","DATE_TYPE_CODE":"002","REPORT_TYPE":"2021年中报","PER_NETCASH_OPERATE":1.632745001609,"PER_OI":1.084817719921,"BPS":3.970733232209,"BASIC_EPS":0.15,"DILUTED_EPS":0.15,"OPERATE_INCOME":41401564000,"OPERATE_INCOME_YOY":-9.6427590803,"GROSS_PROFIT":null,"GROSS_PROFIT_YOY":null,"HOLDER_PROFIT":6687405000,"HOLDER_PROFIT_YOY":5.4672807066,"GROSS_PROFIT_RATIO":null,"EPS_TTM":0.356208871604,"OPERATE_INCOME_QOQ":-4.412385609054,"NET_PROFIT_RATIO":17.0933131898,"ROE_AVG":3.877530600478,"GROSS_PROFIT_QOQ":null,"ROA":0.42836031666,"HOLDER_PROFIT_QOQ":2.616765852348,"ROE_YEARLY":7.755061200957,"ROIC_YEARLY":0.87775255298,"TOTAL_ASSETS":1604243393000,"TOTAL_LIABILITIES":1408408743000,"TAX_EBT":27.399465495686,"OCF_SALES":150.50869575845,"TOTAL_PARENT_EQUITY":172822403000,"DEBT_ASSET_RATIO":87.7927095817,"OPERATE_PROFIT":7807539000,"PRETAX_PROFIT":9747723000,"NETCASH_OPERATE":62312954000,"NETCASH_INVEST":-1168822000,"NETCASH_FINANCE":6261416000,"END_CASH":186669509000,"DIVI_RATIO":0.127610508394,"DIVIDEND_RATE":3.829007633588,"CURRENT_RATIO":1.06363527961,"COMMON_ACS":null,"CURRENTDEBT_DEBT":98.18585938727,"ISSUED_COMMON_SHARES":38164535147,"HK_COMMON_SHARES":13567602831,"PER_SHARES":1000,"TOTAL_MARKET_CAP":49995541042.57,"HKSK_MARKET_CAP":17773559708.61,"PE_TTM":11.431212368341,"PB_TTM":0.283673161609,"REPORT_DATE_SQ":"2020-06-30 00:00:00","REPORT_TYPE_SQ":"2020年中报","OPERATE_INCOME_SQ":45819863000,"DPS_HKD":0.05016,"OPERATE_INCOME_QOQ_SQ":0.369989078794,"NET_PROFIT_RATIO_SQ":16.0315276368,"HOLDER_PROFIT_SQ":6340739000,"HOLDER_PROFIT_QOQ_SQ":-17.961661681585,"ROE_AVG_SQ":3.818594147625,"PE_TTM_SQ":4.610723896387,"PB_TTM_SQ":0.165358291566,"ROA_SQ":0.416462406031,"START_DATE":"2021-01-01 00:00:00","FISCAL_YEAR":"12-31","CURRENCY":"HKD","IS_CNY_CODE":0,"DPS_HKD_LY":0.124979,"ORG_TYPE":"证券","PREMIUM_INCOME":null,"PREMIUM_INCOME_YOY":null,"NET_INTEREST_INCOME":12055581000,"NET_INTEREST_INCOME_YOY":null,"FEE_COMMISSION_INCOME":2462233000,"FEE_COMMISSION_INCOME_YOY":17.451934887604,"ACCOUNTS_RECE_TDAYS":12.017115324973,"INVENTORY_TDAYS":null,"CURRENT_ASSETS_TDAYS":0.02898054004,"TOTAL_ASSETS_TDAYS":0.026519684489,"PREMIUM_EXPENSE":null,"LOAN_DEPOSIT":null,"LOAN_EQUITY":null,"LOAN_ASSETS":null,"DEPOSIT_EQUITY":null,"DEPOSIT_ASSETS":null,"EQUITY_MULTIPLIER":8.191826078791,"EQUITY_RATIO":8.149457006451},{"SECUCODE":"01359.HK","SECURITY_CODE":"01359","SECURITY_NAME_ABBR":"中国信达","ORG_CODE":"10012571","STD_REPORT_DATE":"2020-12-31 00:00:00","REPORT_DATE":"2020-12-31 00:00:00","DATE_TYPE_CODE":"001","REPORT_TYPE":"2020年年报","PER_NETCASH_OPERATE":0.964079789215,"PER_OI":2.623745254968,"BPS":3.952033174754,"BASIC_EPS":0.32,"DILUTED_EPS":0.32,"OPERATE_INCOME":100134018000,"OPERATE_INCOME_YOY":4.1469109579,"GROSS_PROFIT":null,"GROSS_PROFIT_YOY":null,"HOLDER_PROFIT":13247880000,"HOLDER_PROFIT_YOY":1.4934099934,"GROSS_PROFIT_RATIO":null,"EPS_TTM":0.347125412349,"OPERATE_INCOME_QOQ":3.762999193027,"NET_PROFIT_RATIO":14.71755283,"ROE_AVG":7.862083585501,"GROSS_PROFIT_QOQ":null,"ROA":0.874068572755,"HOLDER_PROFIT_QOQ":23.714609624949,"ROE_YEARLY":7.862083585501,"ROIC_YEARLY":0.898012035709,"TOTAL_ASSETS":1518083648000,"TOTAL_LIABILITIES":1323041228000,"TAX_EBT":32.64409899237,"OCF_SALES":36.744412872756,"TOTAL_PARENT_EQUITY":172108724000,"DEBT_ASSET_RATIO":87.152063705,"OPERATE_PROFIT":16056542000,"PRETAX_PROFIT":16309257000,"NETCASH_OPERATE":36793657000,"NETCASH_INVEST":-26116033000,"NETCASH_FINANCE":32814662000,"END_CASH":120733347000,"DIVI_RATIO":0.130949776602,"DIVIDEND_RATE":3.829007633588,"CURRENT_RATIO":1.956731586317,"COMMON_ACS":null,"CURRENTDEBT_DEBT":96.841434558833,"ISSUED_COMMON_SHARES":38164535147,"HK_COMMON_SHARES":13567602831,"PER_SHARES":1000,"TOTAL_MARKET_CAP":49995541042.57,"HKSK_MARKET_CAP":17773559708.61,"PE_TTM":11.431212368341,"PB_TTM":0.283673161609,"REPORT_DATE_SQ":"2019-12-31 00:00:00","REPORT_TYPE_SQ":"2019年年报","OPERATE_INCOME_SQ":96146892000,"DPS_HKD":0.05016,"OPERATE_INCOME_QOQ_SQ":-8.885227459201,"NET_PROFIT_RATIO_SQ":15.6200753738,"HOLDER_PROFIT_SQ":13052946000,"HOLDER_PROFIT_QOQ_SQ":7.866012553927,"ROE_AVG_SQ":8.122783692288,"PE_TTM_SQ":4.610723896387,"PB_TTM_SQ":0.165358291566,"ROA_SQ":0.867596728535,"START_DATE":"2020-01-01 00:00:00","FISCAL_YEAR":"12-31","CURRENCY":"HKD","IS_CNY_CODE":0,"DPS_HKD_LY":0.112442,"ORG_TYPE":"证券","PREMIUM_INCOME":null,"PREMIUM_INCOME_YOY":null,"NET_INTEREST_INCOME":23899176000,"NET_INTEREST_INCOME_YOY":null,"FEE_COMMISSION_INCOME":4444900000,"FEE_COMMISSION_INCOME_YOY":25.684351847192,"ACCOUNTS_RECE_TDAYS":35.394707973564,"INVENTORY_TDAYS":null,"CURRENT_ASSETS_TDAYS":0.073097880616,"TOTAL_ASSETS_TDAYS":0.066066418323,"PREMIUM_EXPENSE":null,"LOAN_DEPOSIT":null,"LOAN_EQUITY":null,"LOAN_ASSETS":null,"DEPOSIT_EQUITY":null,"DEPOSIT_ASSETS":null,"EQUITY_MULTIPLIER":7.783351170485,"EQUITY_RATIO":7.687240932656},{"SECUCODE":"01359.HK","SECURITY_CODE":"01359","SECURITY_NAME_ABBR":"中国信达","ORG_CODE":"10012571","STD_REPORT_DATE":"2020-06-30 00:00:00","REPORT_DATE":"2020-06-30 00:00:00","DATE_TYPE_CODE":"002","REPORT_TYPE":"2020年中报","PER_NETCASH_OPERATE":-0.24136337478,"PER_OI":1.200587477969,"BPS":3.823412113837,"BASIC_EPS":0.17,"DILUTED_EPS":0.17,"OPERATE_INCOME":45819863000,"OPERATE_INCOME_YOY":0.7824476131,"GROSS_PROFIT":null,"GROSS_PROFIT_YOY":null,"HOLDER_PROFIT":6340739000,"HOLDER_PROFIT_YOY":-26.9942943595,"GROSS_PROFIT_RATIO":null,"EPS_TTM":0.280585626387,"OPERATE_INCOME_QOQ":0.369989078794,"NET_PROFIT_RATIO":16.0315276368,"ROE_AVG":3.818594147625,"GROSS_PROFIT_QOQ":null,"ROA":0.416462406031,"HOLDER_PROFIT_QOQ":-17.961661681585,"ROE_YEARLY":7.637188295251,"ROIC_YEARLY":0.856838332755,"TOTAL_ASSETS":1531817473000,"TOTAL_LIABILITIES":1339643126000,"TAX_EBT":33.941269803044,"OCF_SALES":-20.103772462174,"TOTAL_PARENT_EQUITY":167199961000,"DEBT_ASSET_RATIO":87.4544878625,"OPERATE_PROFIT":9663070000,"PRETAX_PROFIT":10713126000,"NETCASH_OPERATE":-9211521000,"NETCASH_INVEST":2132594000,"NETCASH_FINANCE":22074330000,"END_CASH":99352702000,"DIVI_RATIO":0.162004004928,"DIVIDEND_RATE":3.829007633588,"CURRENT_RATIO":1.059890967878,"COMMON_ACS":null,"CURRENTDEBT_DEBT":92.618123955499,"ISSUED_COMMON_SHARES":38164535147,"HK_COMMON_SHARES":13567602831,"PER_SHARES":1000,"TOTAL_MARKET_CAP":49995541042.57,"HKSK_MARKET_CAP":17773559708.61,"PE_TTM":11.431212368341,"PB_TTM":0.283673161609,"REPORT_DATE_SQ":"2019-06-30 00:00:00","REPORT_TYPE_SQ":"2019年中报","OPERATE_INCOME_SQ":45464130000,"DPS_HKD":0.05016,"OPERATE_INCOME_QOQ_SQ":-1.40451344963,"NET_PROFIT_RATIO_SQ":17.920310863,"HOLDER_PROFIT_SQ":8685265000,"HOLDER_PROFIT_QOQ_SQ":0.539567075167,"ROE_AVG_SQ":5.464653161449,"PE_TTM_SQ":4.610723896387,"PB_TTM_SQ":0.165358291566,"ROA_SQ":0.582122089815,"START_DATE":"2020-01-01 00:00:00","FISCAL_YEAR":"12-31","CURRENCY":"HKD","IS_CNY_CODE":0,"DPS_HKD_LY":0.112442,"ORG_TYPE":"证券","PREMIUM_INCOME":null,"PREMIUM_INCOME_YOY":null,"NET_INTEREST_INCOME":12013757000,"NET_INTEREST_INCOME_YOY":null,"FEE_COMMISSION_INCOME":2096375000,"FEE_COMMISSION_INCOME_YOY":14.695023804808,"ACCOUNTS_RECE_TDAYS":19.655627823735,"INVENTORY_TDAYS":null,"CURRENT_ASSETS_TDAYS":0.034341986616,"TOTAL_ASSETS_TDAYS":0.030094678852,"PREMIUM_EXPENSE":null,"LOAN_DEPOSIT":null,"LOAN_EQUITY":null,"LOAN_ASSETS":null,"DEPOSIT_EQUITY":null,"DEPOSIT_ASSETS":null,"EQUITY_MULTIPLIER":7.970977900622,"EQUITY_RATIO":8.012221521989}],"count":27},"success":true,"message":"ok","code":0}