{"version":"47be5b153997e5c4eb20ca66412fbc97","result":{"pages":3,"data":[{"SECUCODE":"01362.HK","SECURITY_CODE":"01362","SECURITY_NAME_ABBR":"新龙移动","ORG_CODE":"10431003","STD_REPORT_DATE":"2024-06-30 00:00:00","REPORT_DATE":"2024-06-30 00:00:00","DATE_TYPE_CODE":"002","REPORT_TYPE":"2024年中报","PER_NETCASH_OPERATE":-0.073284944429,"PER_OI":1.533246987286,"BPS":0.535619296286,"BASIC_EPS":0.013416396,"DILUTED_EPS":0.013416396,"OPERATE_INCOME":429309156.44,"OPERATE_INCOME_YOY":-30.3695403099,"GROSS_PROFIT":23555358.12,"GROSS_PROFIT_YOY":11.663745455395,"HOLDER_PROFIT":3778495.2,"HOLDER_PROFIT_YOY":-12.399492171,"GROSS_PROFIT_RATIO":5.486805433019,"EPS_TTM":0.027093785429,"OPERATE_INCOME_QOQ":-11.031396972205,"NET_PROFIT_RATIO":0.8801338484,"ROE_AVG":2.527179387006,"GROSS_PROFIT_QOQ":5.672834876894,"ROA":1.812589617014,"HOLDER_PROFIT_QOQ":-7.088539971049,"ROE_YEARLY":5.054358774013,"ROIC_YEARLY":6.418057374953,"TOTAL_ASSETS":205118441.24,"TOTAL_LIABILITIES":55145038.28,"TAX_EBT":24.022756469077,"OCF_SALES":-4.779722056282,"TOTAL_PARENT_EQUITY":149973402.96,"DEBT_ASSET_RATIO":26.8844858349,"OPERATE_PROFIT":5136563.04,"PRETAX_PROFIT":4973193.32,"NETCASH_OPERATE":-20519784.44,"NETCASH_INVEST":1390924.32,"NETCASH_FINANCE":-1144500.72,"END_CASH":80575953.8,"DIVI_RATIO":0.501712838755,"DIVIDEND_RATE":4.054054054054,"CURRENT_RATIO":3.581583029754,"COMMON_ACS":500000000,"CURRENTDEBT_DEBT":94.952086195197,"ISSUED_COMMON_SHARES":280000000,"HK_COMMON_SHARES":280000000,"PER_SHARES":4000,"TOTAL_MARKET_CAP":103600000,"HKSK_MARKET_CAP":103600000,"PE_TTM":12.298195631529,"PB_TTM":0.63046944414,"REPORT_DATE_SQ":"2023-06-30 00:00:00","REPORT_TYPE_SQ":"2023年中报","OPERATE_INCOME_SQ":622836213.16,"DPS_HKD":0.015,"OPERATE_INCOME_QOQ_SQ":1.07146457259,"NET_PROFIT_RATIO_SQ":0.6995864062,"HOLDER_PROFIT_SQ":4357277.48,"HOLDER_PROFIT_QOQ_SQ":-17.101192203616,"ROE_AVG_SQ":2.986914080399,"PE_TTM_SQ":5.761984812475,"PB_TTM_SQ":0.629576144511,"ROA_SQ":2.280123221217,"START_DATE":"2024-01-01 00:00:00","FISCAL_YEAR":"12-31","CURRENCY":"HKD","IS_CNY_CODE":0,"DPS_HKD_LY":0.015,"ORG_TYPE":"一般企业","PREMIUM_INCOME":null,"PREMIUM_INCOME_YOY":null,"NET_INTEREST_INCOME":null,"NET_INTEREST_INCOME_YOY":null,"FEE_COMMISSION_INCOME":null,"FEE_COMMISSION_INCOME_YOY":null,"ACCOUNTS_RECE_TDAYS":7.964021773176,"INVENTORY_TDAYS":9.068959538162,"CURRENT_ASSETS_TDAYS":2.251325764828,"TOTAL_ASSETS_TDAYS":2.059447685555,"PREMIUM_EXPENSE":null,"LOAN_DEPOSIT":null,"LOAN_EQUITY":null,"LOAN_ASSETS":null,"DEPOSIT_EQUITY":null,"DEPOSIT_ASSETS":null,"EQUITY_MULTIPLIER":1.367698786528,"EQUITY_RATIO":0.367698786529},{"SECUCODE":"01362.HK","SECURITY_CODE":"01362","SECURITY_NAME_ABBR":"新龙移动","ORG_CODE":"10431003","STD_REPORT_DATE":"2023-12-31 00:00:00","REPORT_DATE":"2023-12-31 00:00:00","DATE_TYPE_CODE":"001","REPORT_TYPE":"2023年年报","PER_NETCASH_OPERATE":0.1032864245,"PER_OI":6.265462674,"BPS":0.528572234,"BASIC_EPS":0.029180284,"DILUTED_EPS":0.029180284,"OPERATE_INCOME":1754329548.72,"OPERATE_INCOME_YOY":5.3603325594,"GROSS_PROFIT":43372595.42,"GROSS_PROFIT_YOY":-15.577328814899,"HOLDER_PROFIT":8165042.2,"HOLDER_PROFIT_YOY":-57.9992541488,"GROSS_PROFIT_RATIO":2.47231744182,"EPS_TTM":0.029160865,"OPERATE_INCOME_QOQ":5.754648937374,"NET_PROFIT_RATIO":0.4654223721,"ROE_AVG":5.598377029878,"GROSS_PROFIT_QOQ":-12.374106204743,"ROA":4.113807737703,"HOLDER_PROFIT_QOQ":-48.600415075219,"ROE_YEARLY":5.598377029878,"ROIC_YEARLY":7.464263080065,"TOTAL_ASSETS":210299225.64,"TOTAL_LIABILITIES":62299000.12,"TAX_EBT":18.142999909149,"OCF_SALES":1.648504346353,"TOTAL_PARENT_EQUITY":148000225.52,"DEBT_ASSET_RATIO":29.6239797985,"OPERATE_PROFIT":10150570.22,"PRETAX_PROFIT":9974763.54,"NETCASH_OPERATE":28920198.86,"NETCASH_INVEST":598105.2,"NETCASH_FINANCE":-7428285.34,"END_CASH":100135497.56,"DIVI_RATIO":0.46614872364,"DIVIDEND_RATE":4.347826086957,"CURRENT_RATIO":3.290109209201,"COMMON_ACS":500000000,"CURRENTDEBT_DEBT":93.903645302999,"ISSUED_COMMON_SHARES":280000000,"HK_COMMON_SHARES":280000000,"PER_SHARES":4000,"TOTAL_MARKET_CAP":96600000,"HKSK_MARKET_CAP":96600000,"PE_TTM":11.467236467236,"PB_TTM":0.587870157374,"REPORT_DATE_SQ":"2022-12-31 00:00:00","REPORT_TYPE_SQ":"2022年年报","OPERATE_INCOME_SQ":1641281792.22,"DPS_HKD":0.015,"OPERATE_INCOME_QOQ_SQ":-2.474732598097,"NET_PROFIT_RATIO_SQ":1.1675282167,"HOLDER_PROFIT_SQ":19162428.04,"HOLDER_PROFIT_QOQ_SQ":-33.532216441376,"ROE_AVG_SQ":14.497631260602,"PE_TTM_SQ":5.031592371457,"PB_TTM_SQ":0.549770717742,"ROA_SQ":10.695517774343,"START_DATE":"2023-01-01 00:00:00","FISCAL_YEAR":"12-31","CURRENCY":"HKD","IS_CNY_CODE":0,"DPS_HKD_LY":0.02,"ORG_TYPE":"一般企业","PREMIUM_INCOME":null,"PREMIUM_INCOME_YOY":null,"NET_INTEREST_INCOME":null,"NET_INTEREST_INCOME_YOY":null,"FEE_COMMISSION_INCOME":null,"FEE_COMMISSION_INCOME_YOY":null,"ACCOUNTS_RECE_TDAYS":30.149605195533,"INVENTORY_TDAYS":51.530903284796,"CURRENT_ASSETS_TDAYS":9.576101742705,"TOTAL_ASSETS_TDAYS":8.838869775841,"PREMIUM_EXPENSE":null,"LOAN_DEPOSIT":null,"LOAN_EQUITY":null,"LOAN_ASSETS":null,"DEPOSIT_EQUITY":null,"DEPOSIT_ASSETS":null,"EQUITY_MULTIPLIER":1.420938548581,"EQUITY_RATIO":0.420938548581},{"SECUCODE":"01362.HK","SECURITY_CODE":"01362","SECURITY_NAME_ABBR":"新龙移动","ORG_CODE":"10431003","STD_REPORT_DATE":"2023-06-30 00:00:00","REPORT_DATE":"2023-06-30 00:00:00","DATE_TYPE_CODE":"002","REPORT_TYPE":"2023年中报","PER_NETCASH_OPERATE":0.052431026929,"PER_OI":2.224415047,"BPS":0.519878179714,"BASIC_EPS":0.015581462,"DILUTED_EPS":0.015581462,"OPERATE_INCOME":622836213.16,"OPERATE_INCOME_YOY":-4.5491410663,"GROSS_PROFIT":21094902.4,"GROSS_PROFIT_YOY":-8.175114729196,"HOLDER_PROFIT":4357277.48,"HOLDER_PROFIT_YOY":-47.0594824689,"GROSS_PROFIT_RATIO":3.386910066288,"EPS_TTM":0.056733658536,"OPERATE_INCOME_QOQ":1.07146457259,"NET_PROFIT_RATIO":0.6995864062,"ROE_AVG":2.986914080399,"GROSS_PROFIT_QOQ":-3.655566261772,"ROA":2.280123221217,"HOLDER_PROFIT_QOQ":-17.101192203616,"ROE_YEARLY":5.973828160798,"ROIC_YEARLY":8.301860277197,"TOTAL_ASSETS":192291836.72,"TOTAL_LIABILITIES":46725946.4,"TAX_EBT":24.769181789239,"OCF_SALES":2.357070322793,"TOTAL_PARENT_EQUITY":145565890.32,"DEBT_ASSET_RATIO":24.2994955985,"OPERATE_PROFIT":5803864.1,"PRETAX_PROFIT":5791878.36,"NETCASH_OPERATE":14680687.54,"NETCASH_INVEST":-75602.36,"NETCASH_FINANCE":-1156162.92,"END_CASH":92851683.82,"DIVI_RATIO":0.239598509083,"DIVIDEND_RATE":4.347826086957,"CURRENT_RATIO":3.864226519337,"COMMON_ACS":500000000,"CURRENTDEBT_DEBT":100,"ISSUED_COMMON_SHARES":280000000,"HK_COMMON_SHARES":280000000,"PER_SHARES":4000,"TOTAL_MARKET_CAP":96600000,"HKSK_MARKET_CAP":96600000,"PE_TTM":11.467236467236,"PB_TTM":0.587870157374,"REPORT_DATE_SQ":"2022-06-30 00:00:00","REPORT_TYPE_SQ":"2022年中报","OPERATE_INCOME_SQ":605250460.22,"DPS_HKD":0.015,"OPERATE_INCOME_QOQ_SQ":-9.539940751662,"NET_PROFIT_RATIO_SQ":1.2613424742,"HOLDER_PROFIT_SQ":7634281.13,"HOLDER_PROFIT_QOQ_SQ":5.934360292104,"ROE_AVG_SQ":6.315193746352,"PE_TTM_SQ":5.031592371457,"PB_TTM_SQ":0.549770717742,"ROA_SQ":4.467733177185,"START_DATE":"2023-01-01 00:00:00","FISCAL_YEAR":"12-31","CURRENCY":"HKD","IS_CNY_CODE":0,"DPS_HKD_LY":0.02,"ORG_TYPE":"一般企业","PREMIUM_INCOME":null,"PREMIUM_INCOME_YOY":null,"NET_INTEREST_INCOME":null,"NET_INTEREST_INCOME_YOY":null,"FEE_COMMISSION_INCOME":null,"FEE_COMMISSION_INCOME_YOY":null,"ACCOUNTS_RECE_TDAYS":11.040432764594,"INVENTORY_TDAYS":18.04454028947,"CURRENT_ASSETS_TDAYS":3.48433051372,"TOTAL_ASSETS_TDAYS":3.259244606659,"PREMIUM_EXPENSE":null,"LOAN_DEPOSIT":null,"LOAN_EQUITY":null,"LOAN_ASSETS":null,"DEPOSIT_EQUITY":null,"DEPOSIT_ASSETS":null,"EQUITY_MULTIPLIER":1.320995161005,"EQUITY_RATIO":0.320995161004},{"SECUCODE":"01362.HK","SECURITY_CODE":"01362","SECURITY_NAME_ABBR":"新龙移动","ORG_CODE":"10431003","STD_REPORT_DATE":"2022-12-31 00:00:00","REPORT_DATE":"2022-12-31 00:00:00","DATE_TYPE_CODE":"001","REPORT_TYPE":"2022年年报","PER_NETCASH_OPERATE":0.09806509475,"PER_OI":5.8617206865,"BPS":0.50585561075,"BASIC_EPS":0.068424482,"DILUTED_EPS":0.068424482,"OPERATE_INCOME":1641281792.22,"OPERATE_INCOME_YOY":-19.2519298338,"GROSS_PROFIT":51375530.78,"GROSS_PROFIT_YOY":-13.136577984101,"HOLDER_PROFIT":19162428.04,"HOLDER_PROFIT_YOY":-35.552484528,"GROSS_PROFIT_RATIO":3.13020780609,"EPS_TTM":0.068437243,"OPERATE_INCOME_QOQ":-2.474732598097,"NET_PROFIT_RATIO":1.1675282167,"ROE_AVG":14.497631260602,"GROSS_PROFIT_QOQ":-16.689171565945,"ROA":10.695517774343,"HOLDER_PROFIT_QOQ":-33.532216441376,"ROE_YEARLY":14.497631260602,"ROIC_YEARLY":16.566338331087,"TOTAL_ASSETS":183991288.25,"TOTAL_LIABILITIES":42351717.24,"TAX_EBT":12.110783349721,"OCF_SALES":1.672974541006,"TOTAL_PARENT_EQUITY":141639571.01,"DEBT_ASSET_RATIO":23.0183274669,"OPERATE_PROFIT":22073594.97,"PRETAX_PROFIT":21802934.16,"NETCASH_OPERATE":27458226.53,"NETCASH_INVEST":1871400.65,"NETCASH_FINANCE":-2453812.69,"END_CASH":76930198.94,"DIVI_RATIO":0.198624307528,"DIVIDEND_RATE":4.347826086957,"CURRENT_RATIO":4.047941449422,"COMMON_ACS":500000000,"CURRENTDEBT_DEBT":100,"ISSUED_COMMON_SHARES":280000000,"HK_COMMON_SHARES":280000000,"PER_SHARES":4000,"TOTAL_MARKET_CAP":96600000,"HKSK_MARKET_CAP":96600000,"PE_TTM":11.467236467236,"PB_TTM":0.587870157374,"REPORT_DATE_SQ":"2021-12-31 00:00:00","REPORT_TYPE_SQ":"2021年年报","OPERATE_INCOME_SQ":1860412008,"DPS_HKD":0.015,"OPERATE_INCOME_QOQ_SQ":16.944147435145,"NET_PROFIT_RATIO_SQ":1.4628283135,"HOLDER_PROFIT_SQ":27214633.6,"HOLDER_PROFIT_QOQ_SQ":49.353247116006,"ROE_AVG_SQ":27.504431067464,"PE_TTM_SQ":5.031592371457,"PB_TTM_SQ":0.549770717742,"ROA_SQ":18.46385968221,"START_DATE":"2022-01-01 00:00:00","FISCAL_YEAR":"12-31","CURRENCY":"HKD","IS_CNY_CODE":0,"DPS_HKD_LY":null,"ORG_TYPE":"一般企业","PREMIUM_INCOME":null,"PREMIUM_INCOME_YOY":null,"NET_INTEREST_INCOME":null,"NET_INTEREST_INCOME_YOY":null,"FEE_COMMISSION_INCOME":null,"FEE_COMMISSION_INCOME_YOY":null,"ACCOUNTS_RECE_TDAYS":26.860012279625,"INVENTORY_TDAYS":42.097754230774,"CURRENT_ASSETS_TDAYS":10.001747352434,"TOTAL_ASSETS_TDAYS":9.160821658274,"PREMIUM_EXPENSE":null,"LOAN_DEPOSIT":null,"LOAN_EQUITY":null,"LOAN_ASSETS":null,"DEPOSIT_EQUITY":null,"DEPOSIT_ASSETS":null,"EQUITY_MULTIPLIER":1.299010487944,"EQUITY_RATIO":0.299010487945},{"SECUCODE":"01362.HK","SECURITY_CODE":"01362","SECURITY_NAME_ABBR":"新龙移动","ORG_CODE":"10431003","STD_REPORT_DATE":"2022-06-30 00:00:00","REPORT_DATE":"2022-06-30 00:00:00","DATE_TYPE_CODE":"002","REPORT_TYPE":"2022年中报","PER_NETCASH_OPERATE":-0.00024739425,"PER_OI":2.1616087865,"BPS":0.443904695,"BASIC_EPS":0.027280561,"DILUTED_EPS":0.027280561,"OPERATE_INCOME":605250460.22,"OPERATE_INCOME_YOY":-24.7642697838,"GROSS_PROFIT":22972968.97,"GROSS_PROFIT_YOY":12.332520264437,"HOLDER_PROFIT":7634281.13,"HOLDER_PROFIT_YOY":23.403372961,"GROSS_PROFIT_RATIO":3.795613631033,"EPS_TTM":0.102963028607,"OPERATE_INCOME_QOQ":-9.539940751662,"NET_PROFIT_RATIO":1.2613424742,"ROE_AVG":6.315193746352,"GROSS_PROFIT_QOQ":4.264263900168,"ROA":4.467733177185,"HOLDER_PROFIT_QOQ":5.934360292104,"ROE_YEARLY":12.630387492705,"ROIC_YEARLY":12.801135711828,"TOTAL_ASSETS":174848726.64,"TOTAL_LIABILITIES":50555412.04,"TAX_EBT":8.450415342016,"OCF_SALES":-0.011444913231,"TOTAL_PARENT_EQUITY":124293314.6,"DEBT_ASSET_RATIO":28.9138005243,"OPERATE_PROFIT":8745172.94,"PRETAX_PROFIT":8338957.69,"NETCASH_OPERATE":-69270.39,"NETCASH_INVEST":-49601.02,"NETCASH_FINANCE":7479491.74,"END_CASH":55281191.98,"DIVI_RATIO":0.132021174823,"DIVIDEND_RATE":4.347826086957,"CURRENT_RATIO":3.202811313656,"COMMON_ACS":500000000,"CURRENTDEBT_DEBT":98.920765951688,"ISSUED_COMMON_SHARES":280000000,"HK_COMMON_SHARES":280000000,"PER_SHARES":4000,"TOTAL_MARKET_CAP":96600000,"HKSK_MARKET_CAP":96600000,"PE_TTM":11.467236467236,"PB_TTM":0.587870157374,"REPORT_DATE_SQ":"2021-06-30 00:00:00","REPORT_TYPE_SQ":"2021年中报","OPERATE_INCOME_SQ":782732663.52,"DPS_HKD":0.015,"OPERATE_INCOME_QOQ_SQ":62.077617631611,"NET_PROFIT_RATIO_SQ":0.7690067121,"HOLDER_PROFIT_SQ":6019266.72,"HOLDER_PROFIT_QOQ_SQ":99.909299888188,"ROE_AVG_SQ":6.65054747042,"PE_TTM_SQ":5.031592371457,"PB_TTM_SQ":0.549770717742,"ROA_SQ":4.440842986673,"START_DATE":"2022-01-01 00:00:00","FISCAL_YEAR":"12-31","CURRENCY":"HKD","IS_CNY_CODE":0,"DPS_HKD_LY":null,"ORG_TYPE":"一般企业","PREMIUM_INCOME":null,"PREMIUM_INCOME_YOY":null,"NET_INTEREST_INCOME":null,"NET_INTEREST_INCOME_YOY":null,"FEE_COMMISSION_INCOME":null,"FEE_COMMISSION_INCOME_YOY":null,"ACCOUNTS_RECE_TDAYS":8.938851033464,"INVENTORY_TDAYS":16.25814847537,"CURRENT_ASSETS_TDAYS":3.901683085896,"TOTAL_ASSETS_TDAYS":3.542046088669,"PREMIUM_EXPENSE":null,"LOAN_DEPOSIT":null,"LOAN_EQUITY":null,"LOAN_ASSETS":null,"DEPOSIT_EQUITY":null,"DEPOSIT_ASSETS":null,"EQUITY_MULTIPLIER":1.406742809962,"EQUITY_RATIO":0.406742809963},{"SECUCODE":"01362.HK","SECURITY_CODE":"01362","SECURITY_NAME_ABBR":"新龙移动","ORG_CODE":"10431003","STD_REPORT_DATE":"2021-12-31 00:00:00","REPORT_DATE":"2021-12-31 00:00:00","DATE_TYPE_CODE":"001","REPORT_TYPE":"2021年年报","PER_NETCASH_OPERATE":0.00326456,"PER_OI":6.6443286,"BPS":0.401135,"BASIC_EPS":0.09721264,"DILUTED_EPS":0.09721264,"OPERATE_INCOME":1860412008,"OPERATE_INCOME_YOY":95.1133660658,"GROSS_PROFIT":59145184,"GROSS_PROFIT_YOY":96.542391936963,"HOLDER_PROFIT":27214633.6,"HOLDER_PROFIT_YOY":207.3499538319,"GROSS_PROFIT_RATIO":3.179144390902,"EPS_TTM":0.09719512,"OPERATE_INCOME_QOQ":16.944147435145,"NET_PROFIT_RATIO":1.4628283135,"ROE_AVG":27.504431067464,"GROSS_PROFIT_QOQ":37.07358873011,"ROA":18.46385968221,"HOLDER_PROFIT_QOQ":49.353247116006,"ROE_YEARLY":27.504431067464,"ROIC_YEARLY":26.949062660659,"TOTAL_ASSETS":159566904,"TOTAL_LIABILITIES":47249104,"TAX_EBT":17.064905942444,"OCF_SALES":0.049133030537,"TOTAL_PARENT_EQUITY":112317800,"DEBT_ASSET_RATIO":29.610842108,"OPERATE_PROFIT":32910852.8,"PRETAX_PROFIT":32814376,"NETCASH_OPERATE":612382.4,"NETCASH_INVEST":247732.8,"NETCASH_FINANCE":-2048905.6,"END_CASH":45814216,"DIVI_RATIO":0.139855786998,"DIVIDEND_RATE":4.347826086957,"CURRENT_RATIO":3.138717985406,"COMMON_ACS":500000000,"CURRENTDEBT_DEBT":96.750302820557,"ISSUED_COMMON_SHARES":280000000,"HK_COMMON_SHARES":280000000,"PER_SHARES":4000,"TOTAL_MARKET_CAP":96600000,"HKSK_MARKET_CAP":96600000,"PE_TTM":11.467236467236,"PB_TTM":0.587870157374,"REPORT_DATE_SQ":"2020-12-31 00:00:00","REPORT_TYPE_SQ":"2020年年报","OPERATE_INCOME_SQ":981539084.08,"DPS_HKD":0.015,"OPERATE_INCOME_QOQ_SQ":161.508582146724,"NET_PROFIT_RATIO_SQ":0.9286396587,"HOLDER_PROFIT_SQ":9114961.2,"HOLDER_PROFIT_QOQ_SQ":218.456024684246,"ROE_AVG_SQ":10.877370950489,"PE_TTM_SQ":5.031592371457,"PB_TTM_SQ":0.549770717742,"ROA_SQ":7.129760991715,"START_DATE":"2021-01-01 00:00:00","FISCAL_YEAR":"12-31","CURRENCY":"HKD","IS_CNY_CODE":0,"DPS_HKD_LY":null,"ORG_TYPE":"一般企业","PREMIUM_INCOME":null,"PREMIUM_INCOME_YOY":null,"NET_INTEREST_INCOME":null,"NET_INTEREST_INCOME_YOY":null,"FEE_COMMISSION_INCOME":null,"FEE_COMMISSION_INCOME_YOY":null,"ACCOUNTS_RECE_TDAYS":37.685886766204,"INVENTORY_TDAYS":52.9977146981,"CURRENT_ASSETS_TDAYS":14.337051820441,"TOTAL_ASSETS_TDAYS":12.622027829473,"PREMIUM_EXPENSE":null,"LOAN_DEPOSIT":null,"LOAN_EQUITY":null,"LOAN_ASSETS":null,"DEPOSIT_EQUITY":null,"DEPOSIT_ASSETS":null,"EQUITY_MULTIPLIER":1.4206733394,"EQUITY_RATIO":0.420673339399},{"SECUCODE":"01362.HK","SECURITY_CODE":"01362","SECURITY_NAME_ABBR":"新龙移动","ORG_CODE":"10431003","STD_REPORT_DATE":"2021-06-30 00:00:00","REPORT_DATE":"2021-06-30 00:00:00","DATE_TYPE_CODE":"002","REPORT_TYPE":"2021年中报","PER_NETCASH_OPERATE":0.041202818571,"PER_OI":2.795473798286,"BPS":0.335447108571,"BASIC_EPS":0.021467664,"DILUTED_EPS":0.021467664,"OPERATE_INCOME":782732663.52,"OPERATE_INCOME_YOY":395.4932841717,"GROSS_PROFIT":20450862.24,"GROSS_PROFIT_YOY":176.541999162961,"HOLDER_PROFIT":6019266.72,"HOLDER_PROFIT_YOY":314.0236686391,"GROSS_PROFIT_RATIO":2.612751861923,"EPS_TTM":0.065077339714,"OPERATE_INCOME_QOQ":62.077617631611,"NET_PROFIT_RATIO":0.7690067121,"ROE_AVG":6.65054747042,"GROSS_PROFIT_QOQ":43.384581783981,"ROA":4.440842986673,"HOLDER_PROFIT_QOQ":99.909299888188,"ROE_YEARLY":13.30109494084,"ROIC_YEARLY":14.596375119173,"TOTAL_ASSETS":133470624.48,"TOTAL_LIABILITIES":39545434.08,"TAX_EBT":20.383006823685,"OCF_SALES":1.473911814044,"TOTAL_PARENT_EQUITY":93925190.4,"DEBT_ASSET_RATIO":29.6285675099,"OPERATE_PROFIT":7611867.84,"PRETAX_PROFIT":7560278.88,"NETCASH_OPERATE":11536789.2,"NETCASH_INVEST":-30786.96,"NETCASH_FINANCE":-1042596.24,"END_CASH":58298853.12,"DIVI_RATIO":0.208879159162,"DIVIDEND_RATE":4.347826086957,"CURRENT_RATIO":3.097681224674,"COMMON_ACS":500000000,"CURRENTDEBT_DEBT":93.464629886799,"ISSUED_COMMON_SHARES":280000000,"HK_COMMON_SHARES":280000000,"PER_SHARES":4000,"TOTAL_MARKET_CAP":96600000,"HKSK_MARKET_CAP":96600000,"PE_TTM":11.467236467236,"PB_TTM":0.587870157374,"REPORT_DATE_SQ":"2020-06-30 00:00:00","REPORT_TYPE_SQ":"2020年中报","OPERATE_INCOME_SQ":173416584,"DPS_HKD":0.015,"OPERATE_INCOME_QOQ_SQ":-4.722415125708,"NET_PROFIT_RATIO_SQ":-1.7803529102,"HOLDER_PROFIT_SQ":-3087427.2,"HOLDER_PROFIT_QOQ_SQ":-71.698225120388,"ROE_AVG_SQ":-3.698313875242,"PE_TTM_SQ":5.031592371457,"PB_TTM_SQ":0.549770717742,"ROA_SQ":-2.483842165793,"START_DATE":"2021-01-01 00:00:00","FISCAL_YEAR":"12-31","CURRENCY":"HKD","IS_CNY_CODE":0,"DPS_HKD_LY":null,"ORG_TYPE":"一般企业","PREMIUM_INCOME":null,"PREMIUM_INCOME_YOY":null,"NET_INTEREST_INCOME":null,"NET_INTEREST_INCOME_YOY":null,"FEE_COMMISSION_INCOME":null,"FEE_COMMISSION_INCOME_YOY":null,"ACCOUNTS_RECE_TDAYS":18.608442791581,"INVENTORY_TDAYS":36.015804061093,"CURRENT_ASSETS_TDAYS":6.730540550209,"TOTAL_ASSETS_TDAYS":5.774777927156,"PREMIUM_EXPENSE":null,"LOAN_DEPOSIT":null,"LOAN_EQUITY":null,"LOAN_ASSETS":null,"DEPOSIT_EQUITY":null,"DEPOSIT_ASSETS":null,"EQUITY_MULTIPLIER":1.421031183557,"EQUITY_RATIO":0.421031183558},{"SECUCODE":"01362.HK","SECURITY_CODE":"01362","SECURITY_NAME_ABBR":"新龙移动","ORG_CODE":"10431003","STD_REPORT_DATE":"2020-12-31 00:00:00","REPORT_DATE":"2020-12-31 00:00:00","DATE_TYPE_CODE":"001","REPORT_TYPE":"2020年年报","PER_NETCASH_OPERATE":0.091095506571,"PER_OI":3.505496728857,"BPS":0.314611043714,"BASIC_EPS":0.032571468,"DILUTED_EPS":0.032571468,"OPERATE_INCOME":981539084.08,"OPERATE_INCOME_YOY":165.1866640593,"GROSS_PROFIT":30092838.2,"GROSS_PROFIT_YOY":70.866209489681,"HOLDER_PROFIT":9114961.2,"HOLDER_PROFIT_YOY":316.4701179292,"GROSS_PROFIT_RATIO":3.065882825054,"EPS_TTM":0.032553432857,"OPERATE_INCOME_QOQ":161.508582146724,"NET_PROFIT_RATIO":0.9286396587,"ROE_AVG":10.877370950489,"GROSS_PROFIT_QOQ":112.413677336365,"ROA":7.129760991715,"HOLDER_PROFIT_QOQ":218.456024684246,"ROE_YEARLY":10.877370950489,"ROIC_YEARLY":10.028288477654,"TOTAL_ASSETS":139197156.32,"TOTAL_LIABILITIES":51106064.08,"TAX_EBT":4.311715850857,"OCF_SALES":2.598647598828,"TOTAL_PARENT_EQUITY":88091092.24,"DEBT_ASSET_RATIO":36.7148765328,"OPERATE_PROFIT":9757974.16,"PRETAX_PROFIT":9525681.52,"NETCASH_OPERATE":25506741.84,"NETCASH_INVEST":-365271.76,"NETCASH_FINANCE":-2274111.28,"END_CASH":48385041.96,"DIVI_RATIO":0.417568864692,"DIVIDEND_RATE":4.347826086957,"CURRENT_RATIO":2.51646247407,"COMMON_ACS":500000000,"CURRENTDEBT_DEBT":92.883962978822,"ISSUED_COMMON_SHARES":280000000,"HK_COMMON_SHARES":280000000,"PER_SHARES":4000,"TOTAL_MARKET_CAP":96600000,"HKSK_MARKET_CAP":96600000,"PE_TTM":11.467236467236,"PB_TTM":0.587870157374,"REPORT_DATE_SQ":"2019-12-31 00:00:00","REPORT_TYPE_SQ":"2019年年报","OPERATE_INCOME_SQ":393940753.72,"DPS_HKD":0.015,"OPERATE_INCOME_QOQ_SQ":-0.274214405277,"NET_PROFIT_RATIO_SQ":-1.1376297826,"HOLDER_PROFIT_SQ":-4481587.34,"HOLDER_PROFIT_QOQ_SQ":-548.251917863982,"ROE_AVG_SQ":-5.138555083092,"PE_TTM_SQ":5.031592371457,"PB_TTM_SQ":0.549770717742,"ROA_SQ":-3.653064726349,"START_DATE":"2020-01-01 00:00:00","FISCAL_YEAR":"12-31","CURRENCY":"HKD","IS_CNY_CODE":0,"DPS_HKD_LY":null,"ORG_TYPE":"一般企业","PREMIUM_INCOME":null,"PREMIUM_INCOME_YOY":null,"NET_INTEREST_INCOME":null,"NET_INTEREST_INCOME_YOY":null,"FEE_COMMISSION_INCOME":null,"FEE_COMMISSION_INCOME_YOY":null,"ACCOUNTS_RECE_TDAYS":23.335641107732,"INVENTORY_TDAYS":32.559064529601,"CURRENT_ASSETS_TDAYS":9.068529793703,"TOTAL_ASSETS_TDAYS":7.677640003028,"PREMIUM_EXPENSE":null,"LOAN_DEPOSIT":null,"LOAN_EQUITY":null,"LOAN_ASSETS":null,"DEPOSIT_EQUITY":null,"DEPOSIT_ASSETS":null,"EQUITY_MULTIPLIER":1.58015019204,"EQUITY_RATIO":0.580150192039},{"SECUCODE":"01362.HK","SECURITY_CODE":"01362","SECURITY_NAME_ABBR":"新龙移动","ORG_CODE":"10431003","STD_REPORT_DATE":"2020-06-30 00:00:00","REPORT_DATE":"2020-06-30 00:00:00","DATE_TYPE_CODE":"002","REPORT_TYPE":"2020年中报","PER_NETCASH_OPERATE":0.077068237714,"PER_OI":0.619344942857,"BPS":0.288134861143,"BASIC_EPS":-0.011052624,"DILUTED_EPS":-0.011052624,"OPERATE_INCOME":173416584,"OPERATE_INCOME_YOY":-13.0281415921,"GROSS_PROFIT":7395210.24,"GROSS_PROFIT_YOY":-31.778819127201,"HOLDER_PROFIT":-3087427.2,"HOLDER_PROFIT_YOY":-2463.6363636364,"GROSS_PROFIT_RATIO":4.264419278378,"EPS_TTM":-0.027481449714,"OPERATE_INCOME_QOQ":-4.722415125708,"NET_PROFIT_RATIO":-1.7803529102,"ROE_AVG":-3.698313875242,"GROSS_PROFIT_QOQ":-19.55969519839,"ROA":-2.483842165793,"HOLDER_PROFIT_QOQ":-71.698225120388,"ROE_YEARLY":-7.396627750484,"ROIC_YEARLY":-7.133774093636,"TOTAL_ASSETS":122172600,"TOTAL_LIABILITIES":41494838.88,"TAX_EBT":0.529723366686,"OCF_SALES":12.443508032657,"TOTAL_PARENT_EQUITY":80677761.12,"DEBT_ASSET_RATIO":33.9641121495,"OPERATE_PROFIT":-3005217.6,"PRETAX_PROFIT":-3103869.12,"NETCASH_OPERATE":21579106.56,"NETCASH_INVEST":-255763.2,"NETCASH_FINANCE":-1227663.36,"END_CASH":47790267.36,"DIVI_RATIO":-0.494635477434,"DIVIDEND_RATE":4.347826086957,"CURRENT_RATIO":2.63125899856,"COMMON_ACS":500000000,"CURRENTDEBT_DEBT":96.323772205957,"ISSUED_COMMON_SHARES":280000000,"HK_COMMON_SHARES":280000000,"PER_SHARES":4000,"TOTAL_MARKET_CAP":96600000,"HKSK_MARKET_CAP":96600000,"PE_TTM":11.467236467236,"PB_TTM":0.587870157374,"REPORT_DATE_SQ":"2019-06-30 00:00:00","REPORT_TYPE_SQ":"2019年中报","OPERATE_INCOME_SQ":192020101.74,"DPS_HKD":0.015,"OPERATE_INCOME_QOQ_SQ":-4.59168741577,"NET_PROFIT_RATIO_SQ":0.0655094851,"HOLDER_PROFIT_SQ":125791.38,"HOLDER_PROFIT_QOQ_SQ":-913.416675098893,"ROE_AVG_SQ":0.142922107451,"PE_TTM_SQ":5.031592371457,"PB_TTM_SQ":0.549770717742,"ROA_SQ":0.101044003604,"START_DATE":"2020-01-01 00:00:00","FISCAL_YEAR":"12-31","CURRENCY":"HKD","IS_CNY_CODE":0,"DPS_HKD_LY":null,"ORG_TYPE":"一般企业","PREMIUM_INCOME":null,"PREMIUM_INCOME_YOY":null,"NET_INTEREST_INCOME":null,"NET_INTEREST_INCOME_YOY":null,"FEE_COMMISSION_INCOME":null,"FEE_COMMISSION_INCOME_YOY":null,"ACCOUNTS_RECE_TDAYS":4.824773183562,"INVENTORY_TDAYS":5.264188377044,"CURRENT_ASSETS_TDAYS":1.647953404193,"TOTAL_ASSETS_TDAYS":1.395140340757,"PREMIUM_EXPENSE":null,"LOAN_DEPOSIT":null,"LOAN_EQUITY":null,"LOAN_ASSETS":null,"DEPOSIT_EQUITY":null,"DEPOSIT_ASSETS":null,"EQUITY_MULTIPLIER":1.51432809121,"EQUITY_RATIO":0.514328091211}],"count":25},"success":true,"message":"ok","code":0}