{"version":"d845f0df8bad12cafcf748b50587ca6b","result":{"pages":5,"data":[{"SECUCODE":"01361.HK","SECURITY_CODE":"01361","SECURITY_NAME_ABBR":"361度","ORG_CODE":"10133334","STD_REPORT_DATE":"2024-06-30 00:00:00","REPORT_DATE":"2024-06-30 00:00:00","DATE_TYPE_CODE":"002","REPORT_TYPE":"2024年中报","PER_NETCASH_OPERATE":0.077426316039,"PER_OI":2.486496472862,"BPS":4.512601550915,"BASIC_EPS":0.3819,"DILUTED_EPS":0.3819,"OPERATE_INCOME":5141284000,"OPERATE_INCOME_YOY":19.2451947954,"GROSS_PROFIT":2124997000,"GROSS_PROFIT_YOY":18.286046679915,"HOLDER_PROFIT":789703000,"HOLDER_PROFIT_YOY":12.2301555043,"GROSS_PROFIT_RATIO":41.332029119574,"EPS_TTM":0.506598209976,"OPERATE_INCOME_QOQ":9.850833234698,"NET_PROFIT_RATIO":15.9825638887,"ROE_AVG":8.57767167878,"GROSS_PROFIT_QOQ":9.488512212769,"ROA":5.966736458404,"HOLDER_PROFIT_QOQ":8.950965595932,"ROE_YEARLY":17.15534335756,"ROIC_YEARLY":20.808348708867,"TOTAL_ASSETS":13404932000,"TOTAL_LIABILITIES":3632388000,"TAX_EBT":21.911711879515,"OCF_SALES":3.113871943273,"TOTAL_PARENT_EQUITY":9330625000,"DEBT_ASSET_RATIO":27.0973996735,"OPERATE_PROFIT":1060445000,"PRETAX_PROFIT":1052282000,"NETCASH_OPERATE":160093000,"NETCASH_INVEST":-104181000,"NETCASH_FINANCE":-241440000,"END_CASH":3410468000,"DIVI_RATIO":0.545909508865,"DIVIDEND_RATE":7.715736040609,"CURRENT_RATIO":3.590902244713,"COMMON_ACS":10000000000,"CURRENTDEBT_DEBT":93.584881350781,"ISSUED_COMMON_SHARES":2067682000,"HK_COMMON_SHARES":2067682000,"PER_SHARES":1000,"TOTAL_MARKET_CAP":8146667080,"HKSK_MARKET_CAP":8146667080,"PE_TTM":7.004949552575,"PB_TTM":0.796870532314,"REPORT_DATE_SQ":"2023-06-30 00:00:00","REPORT_TYPE_SQ":"2023年中报","OPERATE_INCOME_SQ":4311523000,"DPS_HKD":0.304,"OPERATE_INCOME_QOQ_SQ":9.449553831686,"NET_PROFIT_RATIO_SQ":17.7720262654,"HOLDER_PROFIT_SQ":703646000,"HOLDER_PROFIT_QOQ_SQ":20.442848978139,"ROE_AVG_SQ":8.374508382381,"PE_TTM_SQ":8.267493004821,"PB_TTM_SQ":0.821842634624,"ROA_SQ":5.55500819618,"START_DATE":"2024-01-01 00:00:00","FISCAL_YEAR":"12-31","CURRENCY":"HKD","IS_CNY_CODE":0,"DPS_HKD_LY":0.304,"ORG_TYPE":"一般企业","PREMIUM_INCOME":null,"PREMIUM_INCOME_YOY":null,"NET_INTEREST_INCOME":null,"NET_INTEREST_INCOME_YOY":null,"FEE_COMMISSION_INCOME":null,"FEE_COMMISSION_INCOME_YOY":null,"ACCOUNTS_RECE_TDAYS":1.22715932367,"INVENTORY_TDAYS":2.149418853441,"CURRENT_ASSETS_TDAYS":0.431603211585,"TOTAL_ASSETS_TDAYS":0.388458530432,"PREMIUM_EXPENSE":null,"LOAN_DEPOSIT":null,"LOAN_EQUITY":null,"LOAN_ASSETS":null,"DEPOSIT_EQUITY":null,"DEPOSIT_ASSETS":null,"EQUITY_MULTIPLIER":1.371693184497,"EQUITY_RATIO":0.389297394333},{"SECUCODE":"01361.HK","SECURITY_CODE":"01361","SECURITY_NAME_ABBR":"361度","ORG_CODE":"10133334","STD_REPORT_DATE":"2023-12-31 00:00:00","REPORT_DATE":"2023-12-31 00:00:00","DATE_TYPE_CODE":"001","REPORT_TYPE":"2023年年报","PER_NETCASH_OPERATE":0.197229554641,"PER_OI":4.073768113279,"BPS":4.392535699397,"BASIC_EPS":0.465,"DILUTED_EPS":0.465,"OPERATE_INCOME":8423257000,"OPERATE_INCOME_YOY":21.0094462927,"GROSS_PROFIT":3462155000,"GROSS_PROFIT_YOY":22.743249069008,"HOLDER_PROFIT":961427000,"HOLDER_PROFIT_YOY":28.6849315435,"GROSS_PROFIT_RATIO":41.102331319109,"EPS_TTM":0.464978173626,"OPERATE_INCOME_QOQ":10.561845212101,"NET_PROFIT_RATIO":12.3483707074,"ROE_AVG":11.293701588821,"GROSS_PROFIT_QOQ":11.628621561093,"ROA":7.540264757503,"HOLDER_PROFIT_QOQ":6.843148128186,"ROE_YEARLY":11.293701588821,"ROIC_YEARLY":15.595853896875,"TOTAL_ASSETS":13065250000,"TOTAL_LIABILITIES":3342080000,"TAX_EBT":23.709650210138,"OCF_SALES":4.841452658989,"TOTAL_PARENT_EQUITY":9082367000,"DEBT_ASSET_RATIO":25.5799161899,"OPERATE_PROFIT":1383549000,"PRETAX_PROFIT":1363390000,"NETCASH_OPERATE":407808000,"NETCASH_INVEST":416770000,"NETCASH_FINANCE":-1079384000,"END_CASH":3596489000,"DIVI_RATIO":0.594773681188,"DIVIDEND_RATE":7.037037037037,"CURRENT_RATIO":3.76203821062,"COMMON_ACS":10000000000,"CURRENTDEBT_DEBT":92.398805534278,"ISSUED_COMMON_SHARES":2067682000,"HK_COMMON_SHARES":2067682000,"PER_SHARES":1000,"TOTAL_MARKET_CAP":8932386240,"HKSK_MARKET_CAP":8932386240,"PE_TTM":7.680553824144,"PB_TTM":0.873726065888,"REPORT_DATE_SQ":"2022-12-31 00:00:00","REPORT_TYPE_SQ":"2022年年报","OPERATE_INCOME_SQ":6960826000,"DPS_HKD":0.304,"OPERATE_INCOME_QOQ_SQ":7.418015906782,"NET_PROFIT_RATIO_SQ":11.7339522637,"HOLDER_PROFIT_SQ":747117000,"HOLDER_PROFIT_QOQ_SQ":-0.540749941093,"ROE_AVG_SQ":9.921678161019,"PE_TTM_SQ":7.228645716257,"PB_TTM_SQ":0.718574450169,"ROA_SQ":6.311740241345,"START_DATE":"2023-01-01 00:00:00","FISCAL_YEAR":"12-31","CURRENCY":"HKD","IS_CNY_CODE":0,"DPS_HKD_LY":0.065,"ORG_TYPE":"一般企业","PREMIUM_INCOME":null,"PREMIUM_INCOME_YOY":null,"NET_INTEREST_INCOME":null,"NET_INTEREST_INCOME_YOY":null,"FEE_COMMISSION_INCOME":null,"FEE_COMMISSION_INCOME_YOY":null,"ACCOUNTS_RECE_TDAYS":2.457451974588,"INVENTORY_TDAYS":3.917485753903,"CURRENT_ASSETS_TDAYS":0.735620426201,"TOTAL_ASSETS_TDAYS":0.660617892991,"PREMIUM_EXPENSE":null,"LOAN_DEPOSIT":null,"LOAN_EQUITY":null,"LOAN_ASSETS":null,"DEPOSIT_EQUITY":null,"DEPOSIT_ASSETS":null,"EQUITY_MULTIPLIER":1.343723291889,"EQUITY_RATIO":0.367974559936},{"SECUCODE":"01361.HK","SECURITY_CODE":"01361","SECURITY_NAME_ABBR":"361度","ORG_CODE":"10133334","STD_REPORT_DATE":"2023-06-30 00:00:00","REPORT_DATE":"2023-06-30 00:00:00","DATE_TYPE_CODE":"002","REPORT_TYPE":"2023年中报","PER_NETCASH_OPERATE":0.001080920567,"PER_OI":2.085196369655,"BPS":4.28544766555,"BASIC_EPS":0.3403,"DILUTED_EPS":0.3403,"OPERATE_INCOME":4311523000,"OPERATE_INCOME_YOY":18.0024883982,"GROSS_PROFIT":1796490000,"GROSS_PROFIT_YOY":18.52981306956,"HOLDER_PROFIT":703646000,"HOLDER_PROFIT_YOY":27.723383323,"GROSS_PROFIT_RATIO":41.667178859999,"EPS_TTM":0.435196998378,"OPERATE_INCOME_QOQ":9.449553831686,"NET_PROFIT_RATIO":17.7720262654,"ROE_AVG":8.374508382381,"GROSS_PROFIT_QOQ":9.956790070934,"ROA":5.55500819618,"HOLDER_PROFIT_QOQ":20.442848978139,"ROE_YEARLY":16.749016764763,"ROIC_YEARLY":24.004163952118,"TOTAL_ASSETS":12897855000,"TOTAL_LIABILITIES":3313507000,"TAX_EBT":22.093232513947,"OCF_SALES":0.051837830855,"TOTAL_PARENT_EQUITY":8860943000,"DEBT_ASSET_RATIO":25.6903725464,"OPERATE_PROFIT":992781000,"PRETAX_PROFIT":983541000,"NETCASH_OPERATE":2235000,"NETCASH_INVEST":37139000,"NETCASH_FINANCE":-345836000,"END_CASH":3550357000,"DIVI_RATIO":0.63547492522,"DIVIDEND_RATE":7.037037037037,"CURRENT_RATIO":3.927635045082,"COMMON_ACS":10000000000,"CURRENTDEBT_DEBT":90.621145511387,"ISSUED_COMMON_SHARES":2067682000,"HK_COMMON_SHARES":2067682000,"PER_SHARES":1000,"TOTAL_MARKET_CAP":8932386240,"HKSK_MARKET_CAP":8932386240,"PE_TTM":7.680553824144,"PB_TTM":0.873726065888,"REPORT_DATE_SQ":"2022-06-30 00:00:00","REPORT_TYPE_SQ":"2022年中报","OPERATE_INCOME_SQ":3653756000,"DPS_HKD":0.304,"OPERATE_INCOME_QOQ_SQ":9.212920844792,"NET_PROFIT_RATIO_SQ":16.5379680526,"HOLDER_PROFIT_SQ":550914000,"HOLDER_PROFIT_QOQ_SQ":24.842778793419,"ROE_AVG_SQ":7.436748075998,"PE_TTM_SQ":7.228645716257,"PB_TTM_SQ":0.718574450169,"ROA_SQ":4.695658088409,"START_DATE":"2023-01-01 00:00:00","FISCAL_YEAR":"12-31","CURRENCY":"HKD","IS_CNY_CODE":0,"DPS_HKD_LY":0.065,"ORG_TYPE":"一般企业","PREMIUM_INCOME":null,"PREMIUM_INCOME_YOY":null,"NET_INTEREST_INCOME":null,"NET_INTEREST_INCOME_YOY":null,"FEE_COMMISSION_INCOME":null,"FEE_COMMISSION_INCOME_YOY":null,"ACCOUNTS_RECE_TDAYS":1.253036268108,"INVENTORY_TDAYS":2.094895435687,"CURRENT_ASSETS_TDAYS":0.373657232005,"TOTAL_ASSETS_TDAYS":0.340377769546,"PREMIUM_EXPENSE":null,"LOAN_DEPOSIT":null,"LOAN_EQUITY":null,"LOAN_ASSETS":null,"DEPOSIT_EQUITY":null,"DEPOSIT_ASSETS":null,"EQUITY_MULTIPLIER":1.345720647872,"EQUITY_RATIO":0.373945188452},{"SECUCODE":"01361.HK","SECURITY_CODE":"01361","SECURITY_NAME_ABBR":"361度","ORG_CODE":"10133334","STD_REPORT_DATE":"2022-12-31 00:00:00","REPORT_DATE":"2022-12-31 00:00:00","DATE_TYPE_CODE":"001","REPORT_TYPE":"2022年年报","PER_NETCASH_OPERATE":0.183950779696,"PER_OI":3.366617946781,"BPS":3.841756130778,"BASIC_EPS":0.361,"DILUTED_EPS":0.361,"OPERATE_INCOME":6960826000,"OPERATE_INCOME_YOY":17.3143526853,"GROSS_PROFIT":2820648000,"GROSS_PROFIT_YOY":14.084500206276,"HOLDER_PROFIT":747117000,"HOLDER_PROFIT_YOY":24.1676915406,"GROSS_PROFIT_RATIO":40.52174267824,"EPS_TTM":0.361344688194,"OPERATE_INCOME_QOQ":7.418015906782,"NET_PROFIT_RATIO":11.7339522637,"ROE_AVG":9.921678161019,"GROSS_PROFIT_QOQ":4.920457318343,"ROA":6.311740241345,"HOLDER_PROFIT_QOQ":-0.540749941093,"ROE_YEARLY":9.921678161019,"ROIC_YEARLY":15.627764368546,"TOTAL_ASSETS":12435897000,"TOTAL_LIABILITIES":3018218000,"TAX_EBT":23.288026327653,"OCF_SALES":5.463963615812,"TOTAL_PARENT_EQUITY":7943530000,"DEBT_ASSET_RATIO":24.2702074486,"OPERATE_PROFIT":1074145000,"PRETAX_PROFIT":1064736000,"NETCASH_OPERATE":380337000,"NETCASH_INVEST":85088000,"NETCASH_FINANCE":59428000,"END_CASH":3860442000,"DIVI_RATIO":0.765354491253,"DIVIDEND_RATE":7.037037037037,"CURRENT_RATIO":3.883575648879,"COMMON_ACS":10000000000,"CURRENTDEBT_DEBT":96.265710429134,"ISSUED_COMMON_SHARES":2067682000,"HK_COMMON_SHARES":2067682000,"PER_SHARES":1000,"TOTAL_MARKET_CAP":8932386240,"HKSK_MARKET_CAP":8932386240,"PE_TTM":7.680553824144,"PB_TTM":0.873726065888,"REPORT_DATE_SQ":"2021-12-31 00:00:00","REPORT_TYPE_SQ":"2021年年报","OPERATE_INCOME_SQ":5933482000,"DPS_HKD":0.304,"OPERATE_INCOME_QOQ_SQ":6.949262798577,"NET_PROFIT_RATIO_SQ":12.508759612,"HOLDER_PROFIT_SQ":601700000,"HOLDER_PROFIT_QOQ_SQ":16.940765819168,"ROE_AVG_SQ":8.767508606861,"PE_TTM_SQ":7.228645716257,"PB_TTM_SQ":0.718574450169,"ROA_SQ":5.264321061816,"START_DATE":"2022-01-01 00:00:00","FISCAL_YEAR":"12-31","CURRENCY":"HKD","IS_CNY_CODE":0,"DPS_HKD_LY":null,"ORG_TYPE":"一般企业","PREMIUM_INCOME":null,"PREMIUM_INCOME_YOY":null,"NET_INTEREST_INCOME":null,"NET_INTEREST_INCOME_YOY":null,"FEE_COMMISSION_INCOME":null,"FEE_COMMISSION_INCOME_YOY":null,"ACCOUNTS_RECE_TDAYS":2.475562852541,"INVENTORY_TDAYS":3.993627833039,"CURRENT_ASSETS_TDAYS":0.65154646702,"TOTAL_ASSETS_TDAYS":0.588059508447,"PREMIUM_EXPENSE":null,"LOAN_DEPOSIT":null,"LOAN_EQUITY":null,"LOAN_ASSETS":null,"DEPOSIT_EQUITY":null,"DEPOSIT_ASSETS":null,"EQUITY_MULTIPLIER":1.320484272186,"EQUITY_RATIO":0.379959287621},{"SECUCODE":"01361.HK","SECURITY_CODE":"01361","SECURITY_NAME_ABBR":"361度","ORG_CODE":"10133334","STD_REPORT_DATE":"2022-06-30 00:00:00","REPORT_DATE":"2022-06-30 00:00:00","DATE_TYPE_CODE":"002","REPORT_TYPE":"2022年中报","PER_NETCASH_OPERATE":0.011338739274,"PER_OI":1.767146675231,"BPS":3.723603049212,"BASIC_EPS":0.2665,"DILUTED_EPS":0.2665,"OPERATE_INCOME":3653756000,"OPERATE_INCOME_YOY":17.5934284893,"GROSS_PROFIT":1515644000,"GROSS_PROFIT_YOY":16.615270032377,"HOLDER_PROFIT":550914000,"HOLDER_PROFIT_YOY":37.2361652571,"GROSS_PROFIT_RATIO":41.481806666893,"EPS_TTM":0.363309282928,"OPERATE_INCOME_QOQ":9.212920844792,"NET_PROFIT_RATIO":16.5379680526,"ROE_AVG":7.436748075998,"GROSS_PROFIT_QOQ":8.734276538776,"ROA":4.695658088409,"HOLDER_PROFIT_QOQ":24.842778793419,"ROE_YEARLY":14.873496151996,"ROIC_YEARLY":22.552588021785,"TOTAL_ASSETS":12226840000,"TOTAL_LIABILITIES":3035394000,"TAX_EBT":21.247282622862,"OCF_SALES":0.641641094808,"TOTAL_PARENT_EQUITY":7699227000,"DEBT_ASSET_RATIO":24.8256622316,"OPERATE_PROFIT":771944000,"PRETAX_PROFIT":767284000,"NETCASH_OPERATE":23444000,"NETCASH_INVEST":63939000,"NETCASH_FINANCE":-5489000,"END_CASH":3423532000,"DIVI_RATIO":0.761215837293,"DIVIDEND_RATE":7.037037037037,"CURRENT_RATIO":3.673357386332,"COMMON_ACS":10000000000,"CURRENTDEBT_DEBT":99.511035470189,"ISSUED_COMMON_SHARES":2067682000,"HK_COMMON_SHARES":2067682000,"PER_SHARES":1000,"TOTAL_MARKET_CAP":8932386240,"HKSK_MARKET_CAP":8932386240,"PE_TTM":7.680553824144,"PB_TTM":0.873726065888,"REPORT_DATE_SQ":"2021-06-30 00:00:00","REPORT_TYPE_SQ":"2021年中报","OPERATE_INCOME_SQ":3107109000,"DPS_HKD":0.304,"OPERATE_INCOME_QOQ_SQ":8.211165373307,"NET_PROFIT_RATIO_SQ":15.1092221097,"HOLDER_PROFIT_SQ":401435000,"HOLDER_PROFIT_QOQ_SQ":23.964680230807,"ROE_AVG_SQ":5.953859682402,"PE_TTM_SQ":7.228645716257,"PB_TTM_SQ":0.718574450169,"ROA_SQ":3.625868633244,"START_DATE":"2022-01-01 00:00:00","FISCAL_YEAR":"12-31","CURRENCY":"HKD","IS_CNY_CODE":0,"DPS_HKD_LY":null,"ORG_TYPE":"一般企业","PREMIUM_INCOME":null,"PREMIUM_INCOME_YOY":null,"NET_INTEREST_INCOME":null,"NET_INTEREST_INCOME_YOY":null,"FEE_COMMISSION_INCOME":null,"FEE_COMMISSION_INCOME_YOY":null,"ACCOUNTS_RECE_TDAYS":1.210868987422,"INVENTORY_TDAYS":2.377352070957,"CURRENT_ASSETS_TDAYS":0.345037486142,"TOTAL_ASSETS_TDAYS":0.311424086418,"PREMIUM_EXPENSE":null,"LOAN_DEPOSIT":null,"LOAN_EQUITY":null,"LOAN_ASSETS":null,"DEPOSIT_EQUITY":null,"DEPOSIT_ASSETS":null,"EQUITY_MULTIPLIER":1.330241182943,"EQUITY_RATIO":0.394246591249},{"SECUCODE":"01361.HK","SECURITY_CODE":"01361","SECURITY_NAME_ABBR":"361度","ORG_CODE":"10133334","STD_REPORT_DATE":"2021-12-31 00:00:00","REPORT_DATE":"2021-12-31 00:00:00","DATE_TYPE_CODE":"001","REPORT_TYPE":"2021年年报","PER_NETCASH_OPERATE":0.179895357037,"PER_OI":2.869740888237,"BPS":3.441904993128,"BASIC_EPS":0.291,"DILUTED_EPS":0.291,"OPERATE_INCOME":5933482000,"OPERATE_INCOME_YOY":15.7310436325,"GROSS_PROFIT":2472420000,"GROSS_PROFIT_YOY":27.330585616045,"HOLDER_PROFIT":601700000,"HOLDER_PROFIT_YOY":44.9652464072,"GROSS_PROFIT_RATIO":41.668955935149,"EPS_TTM":0.291013454233,"OPERATE_INCOME_QOQ":6.949262798577,"NET_PROFIT_RATIO":12.508759612,"ROE_AVG":8.767508606861,"GROSS_PROFIT_QOQ":11.0864993074,"ROA":5.264321061816,"HOLDER_PROFIT_QOQ":16.940765819168,"ROE_YEARLY":8.767508606861,"ROIC_YEARLY":13.874840270427,"TOTAL_ASSETS":11237986000,"TOTAL_LIABILITIES":2682345000,"TAX_EBT":28.980763121534,"OCF_SALES":6.268696862989,"TOTAL_PARENT_EQUITY":7116765000,"DEBT_ASSET_RATIO":23.868556163,"OPERATE_PROFIT":1083122000,"PRETAX_PROFIT":1045076000,"NETCASH_OPERATE":371952000,"NETCASH_INVEST":1069027000,"NETCASH_FINANCE":-1551930000,"END_CASH":3339010000,"DIVI_RATIO":0.950323003892,"DIVIDEND_RATE":7.037037037037,"CURRENT_RATIO":3.779316491687,"COMMON_ACS":10000000000,"CURRENTDEBT_DEBT":99.466287893616,"ISSUED_COMMON_SHARES":2067682000,"HK_COMMON_SHARES":2067682000,"PER_SHARES":1000,"TOTAL_MARKET_CAP":8932386240,"HKSK_MARKET_CAP":8932386240,"PE_TTM":7.680553824144,"PB_TTM":0.873726065888,"REPORT_DATE_SQ":"2020-12-31 00:00:00","REPORT_TYPE_SQ":"2020年年报","OPERATE_INCOME_SQ":5126958000,"DPS_HKD":0.304,"OPERATE_INCOME_QOQ_SQ":0.900356588363,"NET_PROFIT_RATIO_SQ":9.6610504709,"HOLDER_PROFIT_SQ":415065000,"HOLDER_PROFIT_QOQ_SQ":13.094573128033,"ROE_AVG_SQ":6.419481606735,"PE_TTM_SQ":7.228645716257,"PB_TTM_SQ":0.718574450169,"ROA_SQ":3.531158400995,"START_DATE":"2021-01-01 00:00:00","FISCAL_YEAR":"12-31","CURRENCY":"HKD","IS_CNY_CODE":0,"DPS_HKD_LY":null,"ORG_TYPE":"一般企业","PREMIUM_INCOME":null,"PREMIUM_INCOME_YOY":null,"NET_INTEREST_INCOME":null,"NET_INTEREST_INCOME_YOY":null,"FEE_COMMISSION_INCOME":null,"FEE_COMMISSION_INCOME_YOY":null,"ACCOUNTS_RECE_TDAYS":2.443178781442,"INVENTORY_TDAYS":4.186336410435,"CURRENT_ASSETS_TDAYS":0.578215913698,"TOTAL_ASSETS_TDAYS":0.519125050067,"PREMIUM_EXPENSE":null,"LOAN_DEPOSIT":null,"LOAN_EQUITY":null,"LOAN_ASSETS":null,"DEPOSIT_EQUITY":null,"DEPOSIT_ASSETS":null,"EQUITY_MULTIPLIER":1.31351771305,"EQUITY_RATIO":0.376905096627},{"SECUCODE":"01361.HK","SECURITY_CODE":"01361","SECURITY_NAME_ABBR":"361度","ORG_CODE":"10133334","STD_REPORT_DATE":"2021-06-30 00:00:00","REPORT_DATE":"2021-06-30 00:00:00","DATE_TYPE_CODE":"002","REPORT_TYPE":"2021年中报","PER_NETCASH_OPERATE":-0.009629029185,"PER_OI":1.502759718747,"BPS":3.325440275632,"BASIC_EPS":0.1942,"DILUTED_EPS":0.1942,"OPERATE_INCOME":3107109000,"OPERATE_INCOME_YOY":15.6724963758,"GROSS_PROFIT":1299696000,"GROSS_PROFIT_YOY":27.953311714011,"HOLDER_PROFIT":401435000,"HOLDER_PROFIT_YOY":32.9404634959,"GROSS_PROFIT_RATIO":41.829752351784,"EPS_TTM":0.248855437362,"OPERATE_INCOME_QOQ":8.211165373307,"NET_PROFIT_RATIO":15.1092221097,"ROE_AVG":5.953859682402,"GROSS_PROFIT_QOQ":14.62291674499,"ROA":3.625868633244,"HOLDER_PROFIT_QOQ":23.964680230807,"ROE_YEARLY":11.907719364805,"ROIC_YEARLY":19.111590842899,"TOTAL_ASSETS":10521270000,"TOTAL_LIABILITIES":2278921000,"TAX_EBT":30.681944024038,"OCF_SALES":-0.640756407323,"TOTAL_PARENT_EQUITY":6875953000,"DEBT_ASSET_RATIO":21.6601322844,"OPERATE_PROFIT":710246000,"PRETAX_PROFIT":677255000,"NETCASH_OPERATE":-19909000,"NETCASH_INVEST":1094235000,"NETCASH_FINANCE":-1555228000,"END_CASH":2966110000,"DIVI_RATIO":1.111314998507,"DIVIDEND_RATE":7.037037037037,"CURRENT_RATIO":4.156201401455,"COMMON_ACS":10000000000,"CURRENTDEBT_DEBT":99.010408873322,"ISSUED_COMMON_SHARES":2067682000,"HK_COMMON_SHARES":2067682000,"PER_SHARES":1000,"TOTAL_MARKET_CAP":8932386240,"HKSK_MARKET_CAP":8932386240,"PE_TTM":7.680553824144,"PB_TTM":0.873726065888,"REPORT_DATE_SQ":"2020-06-30 00:00:00","REPORT_TYPE_SQ":"2020年中报","OPERATE_INCOME_SQ":2686126000,"DPS_HKD":0.304,"OPERATE_INCOME_QOQ_SQ":-9.777523115784,"NET_PROFIT_RATIO_SQ":12.5019824089,"HOLDER_PROFIT_SQ":301966000,"HOLDER_PROFIT_QOQ_SQ":-15.123854367338,"ROE_AVG_SQ":4.684783305152,"PE_TTM_SQ":7.228645716257,"PB_TTM_SQ":0.718574450169,"ROA_SQ":2.561258177388,"START_DATE":"2021-01-01 00:00:00","FISCAL_YEAR":"12-31","CURRENCY":"HKD","IS_CNY_CODE":0,"DPS_HKD_LY":null,"ORG_TYPE":"一般企业","PREMIUM_INCOME":null,"PREMIUM_INCOME_YOY":null,"NET_INTEREST_INCOME":null,"NET_INTEREST_INCOME_YOY":null,"FEE_COMMISSION_INCOME":null,"FEE_COMMISSION_INCOME_YOY":null,"ACCOUNTS_RECE_TDAYS":1.244392619933,"INVENTORY_TDAYS":2.588050577883,"CURRENT_ASSETS_TDAYS":0.313564161409,"TOTAL_ASSETS_TDAYS":0.280642421891,"PREMIUM_EXPENSE":null,"LOAN_DEPOSIT":null,"LOAN_EQUITY":null,"LOAN_ASSETS":null,"DEPOSIT_EQUITY":null,"DEPOSIT_ASSETS":null,"EQUITY_MULTIPLIER":1.276489262951,"EQUITY_RATIO":0.331433475476},{"SECUCODE":"01361.HK","SECURITY_CODE":"01361","SECURITY_NAME_ABBR":"361度","ORG_CODE":"10133334","STD_REPORT_DATE":"2020-12-31 00:00:00","REPORT_DATE":"2020-12-31 00:00:00","DATE_TYPE_CODE":"001","REPORT_TYPE":"2020年年报","PER_NETCASH_OPERATE":0.009994186502,"PER_OI":2.479663881153,"BPS":3.196290822283,"BASIC_EPS":0.201,"DILUTED_EPS":0.201,"OPERATE_INCOME":5126958000,"OPERATE_INCOME_YOY":-8.965199101,"GROSS_PROFIT":1941733000,"GROSS_PROFIT_YOY":-14.44662885704,"HOLDER_PROFIT":415065000,"HOLDER_PROFIT_YOY":-4.0096854092,"GROSS_PROFIT_RATIO":37.873003835803,"EPS_TTM":0.200747048997,"OPERATE_INCOME_QOQ":0.900356588363,"NET_PROFIT_RATIO":9.6610504709,"ROE_AVG":6.419481606735,"GROSS_PROFIT_QOQ":-1.067718828607,"ROA":3.531158400995,"HOLDER_PROFIT_QOQ":13.094573128033,"ROE_YEARLY":6.419481606735,"ROIC_YEARLY":8.886471481088,"TOTAL_ASSETS":11621562000,"TOTAL_LIABILITIES":4055571000,"TAX_EBT":29.396923682174,"OCF_SALES":0.403046016761,"TOTAL_PARENT_EQUITY":6608913000,"DEBT_ASSET_RATIO":34.8969527504,"OPERATE_PROFIT":822690000,"PRETAX_PROFIT":701553000,"NETCASH_OPERATE":22838000,"NETCASH_INVEST":253024000,"NETCASH_FINANCE":-242626000,"END_CASH":3451331000,"DIVI_RATIO":1.377638084256,"DIVIDEND_RATE":7.037037037037,"CURRENT_RATIO":2.583401732696,"COMMON_ACS":10000000000,"CURRENTDEBT_DEBT":99.646067101279,"ISSUED_COMMON_SHARES":2067682000,"HK_COMMON_SHARES":2067682000,"PER_SHARES":1000,"TOTAL_MARKET_CAP":8932386240,"HKSK_MARKET_CAP":8932386240,"PE_TTM":7.680553824144,"PB_TTM":0.873726065888,"REPORT_DATE_SQ":"2019-12-31 00:00:00","REPORT_TYPE_SQ":"2019年年报","OPERATE_INCOME_SQ":5631866000,"DPS_HKD":0.304,"OPERATE_INCOME_QOQ_SQ":4.151551510381,"NET_PROFIT_RATIO_SQ":8.3413738892,"HOLDER_PROFIT_SQ":432403000,"HOLDER_PROFIT_QOQ_SQ":28.685241178991,"ROE_AVG_SQ":7.152976946946,"PE_TTM_SQ":7.228645716257,"PB_TTM_SQ":0.718574450169,"ROA_SQ":3.625694423831,"START_DATE":"2020-01-01 00:00:00","FISCAL_YEAR":"12-31","CURRENCY":"HKD","IS_CNY_CODE":0,"DPS_HKD_LY":0.015,"ORG_TYPE":"一般企业","PREMIUM_INCOME":null,"PREMIUM_INCOME_YOY":null,"NET_INTEREST_INCOME":null,"NET_INTEREST_INCOME_YOY":null,"FEE_COMMISSION_INCOME":null,"FEE_COMMISSION_INCOME_YOY":null,"ACCOUNTS_RECE_TDAYS":2.300725764436,"INVENTORY_TDAYS":3.299720346441,"CURRENT_ASSETS_TDAYS":0.485968941809,"TOTAL_ASSETS_TDAYS":0.436175076512,"PREMIUM_EXPENSE":null,"LOAN_DEPOSIT":null,"LOAN_EQUITY":null,"LOAN_ASSETS":null,"DEPOSIT_EQUITY":null,"DEPOSIT_ASSETS":null,"EQUITY_MULTIPLIER":1.536026410816,"EQUITY_RATIO":0.613651745756},{"SECUCODE":"01361.HK","SECURITY_CODE":"01361","SECURITY_NAME_ABBR":"361度","ORG_CODE":"10133334","STD_REPORT_DATE":"2020-06-30 00:00:00","REPORT_DATE":"2020-06-30 00:00:00","DATE_TYPE_CODE":"002","REPORT_TYPE":"2020年中报","PER_NETCASH_OPERATE":-0.046742554902,"PER_OI":1.299150416763,"BPS":3.176914535214,"BASIC_EPS":0.146,"DILUTED_EPS":0.146,"OPERATE_INCOME":2686126000,"OPERATE_INCOME_YOY":-17.0124781303,"GROSS_PROFIT":1015758000,"GROSS_PROFIT_YOY":-23.204844690913,"HOLDER_PROFIT":301966000,"HOLDER_PROFIT_YOY":-17.8015145823,"GROSS_PROFIT_RATIO":37.814979639823,"EPS_TTM":0.17750369752,"OPERATE_INCOME_QOQ":-9.777523115784,"NET_PROFIT_RATIO":12.5019824089,"ROE_AVG":4.684783305152,"GROSS_PROFIT_QOQ":-13.523300857942,"ROA":2.561258177388,"HOLDER_PROFIT_QOQ":-15.123854367338,"ROE_YEARLY":9.369566610303,"ROIC_YEARLY":11.790556614027,"TOTAL_ASSETS":11692351000,"TOTAL_LIABILITIES":4753140000,"TAX_EBT":27.343986637935,"OCF_SALES":-3.597932487158,"TOTAL_PARENT_EQUITY":6568849000,"DEBT_ASSET_RATIO":40.6517046914,"OPERATE_PROFIT":538193000,"PRETAX_PROFIT":462204000,"NETCASH_OPERATE":-96645000,"NETCASH_INVEST":170263000,"NETCASH_FINANCE":-270765000,"END_CASH":3206005000,"DIVI_RATIO":1.558033910638,"DIVIDEND_RATE":7.037037037037,"CURRENT_RATIO":2.259824370052,"COMMON_ACS":10000000000,"CURRENTDEBT_DEBT":97.873279558355,"ISSUED_COMMON_SHARES":2067682000,"HK_COMMON_SHARES":2067682000,"PER_SHARES":1000,"TOTAL_MARKET_CAP":8932386240,"HKSK_MARKET_CAP":8932386240,"PE_TTM":7.680553824144,"PB_TTM":0.873726065888,"REPORT_DATE_SQ":"2019-06-30 00:00:00","REPORT_TYPE_SQ":"2019年中报","OPERATE_INCOME_SQ":3236783000,"DPS_HKD":0.304,"OPERATE_INCOME_QOQ_SQ":4.239658591145,"NET_PROFIT_RATIO_SQ":11.0118287201,"HOLDER_PROFIT_SQ":367362000,"HOLDER_PROFIT_QOQ_SQ":10.653516210298,"ROE_AVG_SQ":6.170982797908,"PE_TTM_SQ":7.228645716257,"PB_TTM_SQ":0.718574450169,"ROA_SQ":3.027229590744,"START_DATE":"2020-01-01 00:00:00","FISCAL_YEAR":"12-31","CURRENCY":"HKD","IS_CNY_CODE":0,"DPS_HKD_LY":0.015,"ORG_TYPE":"一般企业","PREMIUM_INCOME":null,"PREMIUM_INCOME_YOY":null,"NET_INTEREST_INCOME":null,"NET_INTEREST_INCOME_YOY":null,"FEE_COMMISSION_INCOME":null,"FEE_COMMISSION_INCOME_YOY":null,"ACCOUNTS_RECE_TDAYS":1.140253276323,"INVENTORY_TDAYS":1.629289537535,"CURRENT_ASSETS_TDAYS":0.253735108344,"TOTAL_ASSETS_TDAYS":0.227835656431,"PREMIUM_EXPENSE":null,"LOAN_DEPOSIT":null,"LOAN_EQUITY":null,"LOAN_ASSETS":null,"DEPOSIT_EQUITY":null,"DEPOSIT_ASSETS":null,"EQUITY_MULTIPLIER":1.684968363118,"EQUITY_RATIO":0.723587952775}],"count":38},"success":true,"message":"ok","code":0}