{"version":"f8d9f176f864d0b869ec94943bbf6fb0","result":{"pages":5,"data":[{"SECUCODE":"01368.HK","SECURITY_CODE":"01368","SECURITY_NAME_ABBR":"特步国际","ORG_CODE":"10105613","STD_REPORT_DATE":"2024-06-30 00:00:00","REPORT_DATE":"2024-06-30 00:00:00","DATE_TYPE_CODE":"002","REPORT_TYPE":"2024年中报","PER_NETCASH_OPERATE":0.312495896582,"PER_OI":2.72380759151,"BPS":3.518038770593,"BASIC_EPS":0.2966,"DILUTED_EPS":0.2918,"OPERATE_INCOME":7203158000,"OPERATE_INCOME_YOY":10.4366052137,"GROSS_PROFIT":3314303000,"GROSS_PROFIT_YOY":18.488865245717,"HOLDER_PROFIT":752065000,"HOLDER_PROFIT_YOY":13.0216090061,"GROSS_PROFIT_RATIO":46.011804822274,"EPS_TTM":0.422253519042,"OPERATE_INCOME_QOQ":4.745185740373,"NET_PROFIT_RATIO":10.4407677855,"ROE_AVG":8.217605232938,"GROSS_PROFIT_QOQ":8.548558393633,"ROA":4.315087665163,"HOLDER_PROFIT_QOQ":8.412353678463,"ROE_YEARLY":16.435210465877,"ROIC_YEARLY":10.882917596953,"TOTAL_ASSETS":17531991000,"TOTAL_LIABILITIES":8090806000,"TAX_EBT":28.114605238004,"OCF_SALES":11.472759586837,"TOTAL_PARENT_EQUITY":9441185000,"DEBT_ASSET_RATIO":46.1488144729,"OPERATE_PROFIT":1094094000,"PRETAX_PROFIT":1046200000,"NETCASH_OPERATE":826401000,"NETCASH_INVEST":433669000,"NETCASH_FINANCE":-896587000,"END_CASH":3660078000,"DIVI_RATIO":0.508878364087,"DIVIDEND_RATE":4.419475655431,"CURRENT_RATIO":1.968222660035,"COMMON_ACS":100000000000,"CURRENTDEBT_DEBT":76.592653438978,"ISSUED_COMMON_SHARES":2683650072,"HK_COMMON_SHARES":2683650072,"PER_SHARES":500,"TOTAL_MARKET_CAP":14330691384.48,"HKSK_MARKET_CAP":14330691384.48,"PE_TTM":11.567349938845,"PB_TTM":1.385348916771,"REPORT_DATE_SQ":"2023-06-30 00:00:00","REPORT_TYPE_SQ":"2023年中报","OPERATE_INCOME_SQ":6522437000,"DPS_HKD":0.236,"OPERATE_INCOME_QOQ_SQ":6.487486644829,"NET_PROFIT_RATIO_SQ":10.290586172,"HOLDER_PROFIT_SQ":665417000,"HOLDER_PROFIT_QOQ_SQ":8.135563429945,"ROE_AVG_SQ":7.841112528108,"PE_TTM_SQ":10.186820316956,"PB_TTM_SQ":1.143974609475,"ROA_SQ":4.018622645332,"START_DATE":"2024-01-01 00:00:00","FISCAL_YEAR":"12-31","CURRENCY":"HKD","IS_CNY_CODE":0,"DPS_HKD_LY":0.236,"ORG_TYPE":"一般企业","PREMIUM_INCOME":null,"PREMIUM_INCOME_YOY":null,"NET_INTEREST_INCOME":null,"NET_INTEREST_INCOME_YOY":null,"FEE_COMMISSION_INCOME":null,"FEE_COMMISSION_INCOME_YOY":null,"ACCOUNTS_RECE_TDAYS":1.46777800747,"INVENTORY_TDAYS":1.948089909029,"CURRENT_ASSETS_TDAYS":0.594284417805,"TOTAL_ASSETS_TDAYS":0.413292178682,"PREMIUM_EXPENSE":null,"LOAN_DEPOSIT":null,"LOAN_EQUITY":null,"LOAN_ASSETS":null,"DEPOSIT_EQUITY":null,"DEPOSIT_ASSETS":null,"EQUITY_MULTIPLIER":1.856969331709,"EQUITY_RATIO":0.85696933171},{"SECUCODE":"01368.HK","SECURITY_CODE":"01368","SECURITY_NAME_ABBR":"特步国际","ORG_CODE":"10105613","STD_REPORT_DATE":"2023-12-31 00:00:00","REPORT_DATE":"2023-12-31 00:00:00","DATE_TYPE_CODE":"001","REPORT_TYPE":"2023年年报","PER_NETCASH_OPERATE":0.475090793322,"PER_OI":5.430906835054,"BPS":3.302429810976,"BASIC_EPS":0.4076,"DILUTED_EPS":0.3958,"OPERATE_INCOME":14345508000,"OPERATE_INCOME_YOY":10.9441675557,"GROSS_PROFIT":6049675000,"GROSS_PROFIT_YOY":14.323652339915,"HOLDER_PROFIT":1030009000,"HOLDER_PROFIT_YOY":11.7517310517,"GROSS_PROFIT_RATIO":42.171214849973,"EPS_TTM":0.389939688317,"OPERATE_INCOME_QOQ":4.185168653438,"NET_PROFIT_RATIO":7.2012019372,"ROE_AVG":12.042154420809,"GROSS_PROFIT_QOQ":6.096900962254,"ROA":6.091306046512,"HOLDER_PROFIT_QOQ":3.34410577528,"ROE_YEARLY":12.042154420809,"ROIC_YEARLY":7.777588583506,"TOTAL_ASSETS":17325470000,"TOTAL_LIABILITIES":8402184000,"TAX_EBT":28.715617094744,"OCF_SALES":8.747909101581,"TOTAL_PARENT_EQUITY":8862566000,"DEBT_ASSET_RATIO":48.4961389215,"OPERATE_PROFIT":1579902000,"PRETAX_PROFIT":1449194000,"NETCASH_OPERATE":1254932000,"NETCASH_INVEST":-915029000,"NETCASH_FINANCE":-461435000,"END_CASH":3294627000,"DIVI_RATIO":0.551048499134,"DIVIDEND_RATE":4.290909090909,"CURRENT_RATIO":2.05865390499,"COMMON_ACS":100000000000,"CURRENTDEBT_DEBT":75.112208920919,"ISSUED_COMMON_SHARES":2683650072,"HK_COMMON_SHARES":2683650072,"PER_SHARES":500,"TOTAL_MARKET_CAP":14760075396,"HKSK_MARKET_CAP":14760075396,"PE_TTM":11.913937202931,"PB_TTM":1.426857498547,"REPORT_DATE_SQ":"2022-12-31 00:00:00","REPORT_TYPE_SQ":"2022年年报","OPERATE_INCOME_SQ":12930385000,"DPS_HKD":0.236,"OPERATE_INCOME_QOQ_SQ":11.835860290119,"NET_PROFIT_RATIO_SQ":7.0552964974,"HOLDER_PROFIT_SQ":921694000,"HOLDER_PROFIT_QOQ_SQ":-14.03968544121,"ROE_AVG_SQ":11.397619814749,"PE_TTM_SQ":10.70858428441,"PB_TTM_SQ":1.202568430936,"ROA_SQ":5.925575330853,"START_DATE":"2023-01-01 00:00:00","FISCAL_YEAR":"12-31","CURRENCY":"HKD","IS_CNY_CODE":0,"DPS_HKD_LY":0.208,"ORG_TYPE":"一般企业","PREMIUM_INCOME":null,"PREMIUM_INCOME_YOY":null,"NET_INTEREST_INCOME":null,"NET_INTEREST_INCOME_YOY":null,"FEE_COMMISSION_INCOME":null,"FEE_COMMISSION_INCOME_YOY":null,"ACCOUNTS_RECE_TDAYS":3.122656974619,"INVENTORY_TDAYS":4.065613241934,"CURRENT_ASSETS_TDAYS":1.176703281254,"TOTAL_ASSETS_TDAYS":0.848370059103,"PREMIUM_EXPENSE":null,"LOAN_DEPOSIT":null,"LOAN_EQUITY":null,"LOAN_ASSETS":null,"DEPOSIT_EQUITY":null,"DEPOSIT_ASSETS":null,"EQUITY_MULTIPLIER":1.941602006257,"EQUITY_RATIO":0.948053193624},{"SECUCODE":"01368.HK","SECURITY_CODE":"01368","SECURITY_NAME_ABBR":"特步国际","ORG_CODE":"10105613","STD_REPORT_DATE":"2023-06-30 00:00:00","REPORT_DATE":"2023-06-30 00:00:00","DATE_TYPE_CODE":"002","REPORT_TYPE":"2023年中报","PER_NETCASH_OPERATE":0.100599726003,"PER_OI":2.473696339226,"BPS":3.252420310333,"BASIC_EPS":0.2636,"DILUTED_EPS":0.2572,"OPERATE_INCOME":6522437000,"OPERATE_INCOME_YOY":14.7593066342,"GROSS_PROFIT":2797143000,"GROSS_PROFIT_YOY":17.191003609818,"HOLDER_PROFIT":665417000,"HOLDER_PROFIT_YOY":12.700023034,"GROSS_PROFIT_RATIO":42.884937025839,"EPS_TTM":0.378000001178,"OPERATE_INCOME_QOQ":6.487486644829,"NET_PROFIT_RATIO":10.290586172,"ROE_AVG":7.841112528108,"GROSS_PROFIT_QOQ":7.753997810537,"ROA":4.018622645332,"HOLDER_PROFIT_QOQ":8.135563429945,"ROE_YEARLY":15.682225056216,"ROIC_YEARLY":10.503947719649,"TOTAL_ASSETS":16623153000,"TOTAL_LIABILITIES":7825667000,"TAX_EBT":26.841026758951,"OCF_SALES":4.066777494363,"TOTAL_PARENT_EQUITY":8728358000,"DEBT_ASSET_RATIO":47.0769113417,"OPERATE_PROFIT":986607000,"PRETAX_PROFIT":917450000,"NETCASH_OPERATE":265253000,"NETCASH_INVEST":189303000,"NETCASH_FINANCE":-141465000,"END_CASH":3730800000,"DIVI_RATIO":0.568454178123,"DIVIDEND_RATE":4.290909090909,"CURRENT_RATIO":2.053039573165,"COMMON_ACS":100000000000,"CURRENTDEBT_DEBT":74.53055439236,"ISSUED_COMMON_SHARES":2683650072,"HK_COMMON_SHARES":2683650072,"PER_SHARES":500,"TOTAL_MARKET_CAP":14760075396,"HKSK_MARKET_CAP":14760075396,"PE_TTM":11.913937202931,"PB_TTM":1.426857498547,"REPORT_DATE_SQ":"2022-06-30 00:00:00","REPORT_TYPE_SQ":"2022年中报","OPERATE_INCOME_SQ":5683580000,"DPS_HKD":0.236,"OPERATE_INCOME_QOQ_SQ":15.466443974822,"NET_PROFIT_RATIO_SQ":10.3642950394,"HOLDER_PROFIT_SQ":590432000,"HOLDER_PROFIT_QOQ_SQ":18.043153492253,"ROE_AVG_SQ":7.286355915,"PE_TTM_SQ":10.70858428441,"PB_TTM_SQ":1.202568430936,"ROA_SQ":3.882551297665,"START_DATE":"2023-01-01 00:00:00","FISCAL_YEAR":"12-31","CURRENCY":"HKD","IS_CNY_CODE":0,"DPS_HKD_LY":0.208,"ORG_TYPE":"一般企业","PREMIUM_INCOME":null,"PREMIUM_INCOME_YOY":null,"NET_INTEREST_INCOME":null,"NET_INTEREST_INCOME_YOY":null,"FEE_COMMISSION_INCOME":null,"FEE_COMMISSION_INCOME_YOY":null,"ACCOUNTS_RECE_TDAYS":1.551882078188,"INVENTORY_TDAYS":1.587103258162,"CURRENT_ASSETS_TDAYS":0.536550661196,"TOTAL_ASSETS_TDAYS":0.393906573336,"PREMIUM_EXPENSE":null,"LOAN_DEPOSIT":null,"LOAN_EQUITY":null,"LOAN_ASSETS":null,"DEPOSIT_EQUITY":null,"DEPOSIT_ASSETS":null,"EQUITY_MULTIPLIER":1.889534464733,"EQUITY_RATIO":0.896579517018},{"SECUCODE":"01368.HK","SECURITY_CODE":"01368","SECURITY_NAME_ABBR":"特步国际","ORG_CODE":"10105613","STD_REPORT_DATE":"2022-12-31 00:00:00","REPORT_DATE":"2022-12-31 00:00:00","DATE_TYPE_CODE":"001","REPORT_TYPE":"2022年年报","PER_NETCASH_OPERATE":0.216872731013,"PER_OI":4.903971635032,"BPS":3.071994030077,"BASIC_EPS":0.3661,"DILUTED_EPS":0.3571,"OPERATE_INCOME":12930385000,"OPERATE_INCOME_YOY":29.1328909657,"GROSS_PROFIT":5291709000,"GROSS_PROFIT_YOY":26.658996179437,"HOLDER_PROFIT":921694000,"HOLDER_PROFIT_YOY":1.4702660571,"GROSS_PROFIT_RATIO":40.924605106499,"EPS_TTM":0.349561225917,"OPERATE_INCOME_QOQ":11.835860290119,"NET_PROFIT_RATIO":7.0552964974,"ROE_AVG":11.397619814749,"GROSS_PROFIT_QOQ":9.437814002151,"ROA":5.925575330853,"HOLDER_PROFIT_QOQ":-14.03968544121,"ROE_YEARLY":11.397619814749,"ROIC_YEARLY":7.963135548448,"TOTAL_ASSETS":16493517000,"TOTAL_LIABILITIES":8186815000,"TAX_EBT":32.969455255634,"OCF_SALES":4.422389588554,"TOTAL_PARENT_EQUITY":8244157000,"DEBT_ASSET_RATIO":49.636563263,"OPERATE_PROFIT":1464284000,"PRETAX_PROFIT":1360987000,"NETCASH_OPERATE":571832000,"NETCASH_INVEST":-872604000,"NETCASH_FINANCE":-236104000,"END_CASH":3414156000,"DIVI_RATIO":0.614701128354,"DIVIDEND_RATE":4.290909090909,"CURRENT_RATIO":1.856808889499,"COMMON_ACS":100000000000,"CURRENTDEBT_DEBT":81.164457728677,"ISSUED_COMMON_SHARES":2683650072,"HK_COMMON_SHARES":2683650072,"PER_SHARES":500,"TOTAL_MARKET_CAP":14760075396,"HKSK_MARKET_CAP":14760075396,"PE_TTM":11.913937202931,"PB_TTM":1.426857498547,"REPORT_DATE_SQ":"2021-12-31 00:00:00","REPORT_TYPE_SQ":"2021年年报","OPERATE_INCOME_SQ":10013239000,"DPS_HKD":0.236,"OPERATE_INCOME_QOQ_SQ":16.058520471734,"NET_PROFIT_RATIO_SQ":8.8821109733,"HOLDER_PROFIT_SQ":908339000,"HOLDER_PROFIT_QOQ_SQ":31.329664800592,"ROE_AVG_SQ":11.989198173808,"PE_TTM_SQ":10.70858428441,"PB_TTM_SQ":1.202568430936,"ROA_SQ":6.682111443314,"START_DATE":"2022-01-01 00:00:00","FISCAL_YEAR":"12-31","CURRENCY":"HKD","IS_CNY_CODE":0,"DPS_HKD_LY":0.265,"ORG_TYPE":"一般企业","PREMIUM_INCOME":null,"PREMIUM_INCOME_YOY":null,"NET_INTEREST_INCOME":null,"NET_INTEREST_INCOME_YOY":null,"FEE_COMMISSION_INCOME":null,"FEE_COMMISSION_INCOME_YOY":null,"ACCOUNTS_RECE_TDAYS":3.340814847762,"INVENTORY_TDAYS":4.036699109421,"CURRENT_ASSETS_TDAYS":1.135713702566,"TOTAL_ASSETS_TDAYS":0.831295097662,"PREMIUM_EXPENSE":null,"LOAN_DEPOSIT":null,"LOAN_EQUITY":null,"LOAN_ASSETS":null,"DEPOSIT_EQUITY":null,"DEPOSIT_ASSETS":null,"EQUITY_MULTIPLIER":1.985567436992,"EQUITY_RATIO":0.993044528385},{"SECUCODE":"01368.HK","SECURITY_CODE":"01368","SECURITY_NAME_ABBR":"特步国际","ORG_CODE":"10105613","STD_REPORT_DATE":"2022-06-30 00:00:00","REPORT_DATE":"2022-06-30 00:00:00","DATE_TYPE_CODE":"002","REPORT_TYPE":"2022年中报","PER_NETCASH_OPERATE":-0.101885776946,"PER_OI":2.157085091738,"BPS":3.084314190721,"BASIC_EPS":0.2347,"DILUTED_EPS":0.225,"OPERATE_INCOME":5683580000,"OPERATE_INCOME_YOY":37.4542672014,"GROSS_PROFIT":2386824000,"GROSS_PROFIT_YOY":38.015768611385,"HOLDER_PROFIT":590432000,"HOLDER_PROFIT_YOY":38.423919032,"GROSS_PROFIT_RATIO":41.995080565418,"EPS_TTM":0.406943451501,"OPERATE_INCOME_QOQ":15.466443974822,"NET_PROFIT_RATIO":10.3642950394,"ROE_AVG":7.286355915,"GROSS_PROFIT_QOQ":15.73604364662,"ROA":3.882551297665,"HOLDER_PROFIT_QOQ":18.043153492253,"ROE_YEARLY":14.572711829999,"ROIC_YEARLY":10.461583493848,"TOTAL_ASSETS":15799144000,"TOTAL_LIABILITIES":7469046000,"TAX_EBT":33.238244840968,"OCF_SALES":-4.723308196594,"TOTAL_PARENT_EQUITY":8277220000,"DEBT_ASSET_RATIO":47.2750042661,"OPERATE_PROFIT":921674000,"PRETAX_PROFIT":882336000,"NETCASH_OPERATE":-268453000,"NETCASH_INVEST":-440887000,"NETCASH_FINANCE":73205000,"END_CASH":3303577000,"DIVI_RATIO":0.528023437181,"DIVIDEND_RATE":4.290909090909,"CURRENT_RATIO":2.418687480932,"COMMON_ACS":100000000000,"CURRENTDEBT_DEBT":65.825006299332,"ISSUED_COMMON_SHARES":2683650072,"HK_COMMON_SHARES":2683650072,"PER_SHARES":500,"TOTAL_MARKET_CAP":14760075396,"HKSK_MARKET_CAP":14760075396,"PE_TTM":11.913937202931,"PB_TTM":1.426857498547,"REPORT_DATE_SQ":"2021-06-30 00:00:00","REPORT_TYPE_SQ":"2021年中报","OPERATE_INCOME_SQ":4134888000,"DPS_HKD":0.236,"OPERATE_INCOME_QOQ_SQ":5.577964941667,"NET_PROFIT_RATIO_SQ":10.1980996825,"HOLDER_PROFIT_SQ":426539000,"HOLDER_PROFIT_QOQ_SQ":34.816287546537,"ROE_AVG_SQ":5.764936442826,"PE_TTM_SQ":10.70858428441,"PB_TTM_SQ":1.202568430936,"ROA_SQ":3.386621764618,"START_DATE":"2022-01-01 00:00:00","FISCAL_YEAR":"12-31","CURRENCY":"HKD","IS_CNY_CODE":0,"DPS_HKD_LY":0.265,"ORG_TYPE":"一般企业","PREMIUM_INCOME":null,"PREMIUM_INCOME_YOY":null,"NET_INTEREST_INCOME":null,"NET_INTEREST_INCOME_YOY":null,"FEE_COMMISSION_INCOME":null,"FEE_COMMISSION_INCOME_YOY":null,"ACCOUNTS_RECE_TDAYS":1.579938524063,"INVENTORY_TDAYS":1.73023226033,"CURRENT_ASSETS_TDAYS":0.509192755168,"TOTAL_ASSETS_TDAYS":0.373739751646,"PREMIUM_EXPENSE":null,"LOAN_DEPOSIT":null,"LOAN_EQUITY":null,"LOAN_ASSETS":null,"DEPOSIT_EQUITY":null,"DEPOSIT_ASSETS":null,"EQUITY_MULTIPLIER":1.896633629042,"EQUITY_RATIO":0.902361662491},{"SECUCODE":"01368.HK","SECURITY_CODE":"01368","SECURITY_NAME_ABBR":"特步国际","ORG_CODE":"10105613","STD_REPORT_DATE":"2021-12-31 00:00:00","REPORT_DATE":"2021-12-31 00:00:00","DATE_TYPE_CODE":"001","REPORT_TYPE":"2021年年报","PER_NETCASH_OPERATE":0.266639547419,"PER_OI":3.806853832916,"BPS":2.954666140243,"BASIC_EPS":0.3635,"DILUTED_EPS":0.3551,"OPERATE_INCOME":10013239000,"OPERATE_INCOME_YOY":22.5322240555,"GROSS_PROFIT":4177918000,"GROSS_PROFIT_YOY":30.624229112766,"HOLDER_PROFIT":908339000,"HOLDER_PROFIT_YOY":77.0537785315,"GROSS_PROFIT_RATIO":41.723941673618,"EPS_TTM":0.345334192436,"OPERATE_INCOME_QOQ":16.058520471734,"NET_PROFIT_RATIO":8.8821109733,"ROE_AVG":11.989198173808,"GROSS_PROFIT_QOQ":21.498185197927,"ROA":6.682111443314,"HOLDER_PROFIT_QOQ":31.329664800592,"ROE_YEARLY":11.989198173808,"ROIC_YEARLY":9.241934931656,"TOTAL_ASSETS":14615496000,"TOTAL_LIABILITIES":6633057000,"TAX_EBT":30.884894546246,"OCF_SALES":7.004197143402,"TOTAL_PARENT_EQUITY":7929290000,"DEBT_ASSET_RATIO":45.3837283387,"OPERATE_PROFIT":1396166000,"PRETAX_PROFIT":1286820000,"NETCASH_OPERATE":701347000,"NETCASH_INVEST":-328631000,"NETCASH_FINANCE":96256000,"END_CASH":3929792000,"DIVI_RATIO":0.622225324646,"DIVIDEND_RATE":4.290909090909,"CURRENT_RATIO":2.573976611578,"COMMON_ACS":100000000000,"CURRENTDEBT_DEBT":61.103515317296,"ISSUED_COMMON_SHARES":2683650072,"HK_COMMON_SHARES":2683650072,"PER_SHARES":500,"TOTAL_MARKET_CAP":14760075396,"HKSK_MARKET_CAP":14760075396,"PE_TTM":11.913937202931,"PB_TTM":1.426857498547,"REPORT_DATE_SQ":"2020-12-31 00:00:00","REPORT_TYPE_SQ":"2020年年报","OPERATE_INCOME_SQ":8171923000,"DPS_HKD":0.236,"OPERATE_INCOME_QOQ_SQ":-3.914769292743,"NET_PROFIT_RATIO_SQ":6.1799652297,"HOLDER_PROFIT_SQ":513030000,"HOLDER_PROFIT_QOQ_SQ":0.091501304235,"ROE_AVG_SQ":7.269902443756,"PE_TTM_SQ":10.70858428441,"PB_TTM_SQ":1.202568430936,"ROA_SQ":4.121671041435,"START_DATE":"2021-01-01 00:00:00","FISCAL_YEAR":"12-31","CURRENCY":"HKD","IS_CNY_CODE":0,"DPS_HKD_LY":0.19,"ORG_TYPE":"一般企业","PREMIUM_INCOME":null,"PREMIUM_INCOME_YOY":null,"NET_INTEREST_INCOME":null,"NET_INTEREST_INCOME_YOY":null,"FEE_COMMISSION_INCOME":null,"FEE_COMMISSION_INCOME_YOY":null,"ACCOUNTS_RECE_TDAYS":2.960722939659,"INVENTORY_TDAYS":4.720719095452,"CURRENT_ASSETS_TDAYS":1.029125784525,"TOTAL_ASSETS_TDAYS":0.736614621926,"PREMIUM_EXPENSE":null,"LOAN_DEPOSIT":null,"LOAN_EQUITY":null,"LOAN_ASSETS":null,"DEPOSIT_EQUITY":null,"DEPOSIT_ASSETS":null,"EQUITY_MULTIPLIER":1.830956177678,"EQUITY_RATIO":0.836525968908},{"SECUCODE":"01368.HK","SECURITY_CODE":"01368","SECURITY_NAME_ABBR":"特步国际","ORG_CODE":"10105613","STD_REPORT_DATE":"2021-06-30 00:00:00","REPORT_DATE":"2021-06-30 00:00:00","DATE_TYPE_CODE":"002","REPORT_TYPE":"2021年中报","PER_NETCASH_OPERATE":0.260339998256,"PER_OI":1.572892672354,"BPS":2.822412310393,"BASIC_EPS":0.1709,"DILUTED_EPS":0.1684,"OPERATE_INCOME":4134888000,"OPERATE_INCOME_YOY":12.3897646709,"GROSS_PROFIT":1729385000,"GROSS_PROFIT_YOY":16.132903287327,"HOLDER_PROFIT":426539000,"HOLDER_PROFIT_YOY":72.0463373413,"GROSS_PROFIT_RATIO":41.824228370877,"EPS_TTM":0.263099767406,"OPERATE_INCOME_QOQ":5.577964941667,"NET_PROFIT_RATIO":10.1980996825,"ROE_AVG":5.764936442826,"GROSS_PROFIT_QOQ":7.51125944801,"ROA":3.386621764618,"HOLDER_PROFIT_QOQ":34.816287546537,"ROE_YEARLY":11.529872885651,"ROIC_YEARLY":9.577458811571,"TOTAL_ASSETS":12617956000,"TOTAL_LIABILITIES":4973328000,"TAX_EBT":34.687252180809,"OCF_SALES":16.551669597822,"TOTAL_PARENT_EQUITY":7574367000,"DEBT_ASSET_RATIO":39.4146880842,"OPERATE_PROFIT":683577000,"PRETAX_PROFIT":645632000,"NETCASH_OPERATE":684393000,"NETCASH_INVEST":-56270000,"NETCASH_FINANCE":-335067000,"END_CASH":3757754000,"DIVI_RATIO":0.81670798161,"DIVIDEND_RATE":4.290909090909,"CURRENT_RATIO":2.711596437411,"COMMON_ACS":100000000000,"CURRENTDEBT_DEBT":66.2628525607,"ISSUED_COMMON_SHARES":2683650072,"HK_COMMON_SHARES":2683650072,"PER_SHARES":500,"TOTAL_MARKET_CAP":14760075396,"HKSK_MARKET_CAP":14760075396,"PE_TTM":11.913937202931,"PB_TTM":1.426857498547,"REPORT_DATE_SQ":"2020-06-30 00:00:00","REPORT_TYPE_SQ":"2020年中报","OPERATE_INCOME_SQ":3679061000,"DPS_HKD":0.236,"OPERATE_INCOME_QOQ_SQ":3.936930026088,"NET_PROFIT_RATIO_SQ":6.860174376,"HOLDER_PROFIT_SQ":247921000,"HOLDER_PROFIT_QOQ_SQ":-29.559597170076,"ROE_AVG_SQ":3.570072910295,"PE_TTM_SQ":10.70858428441,"PB_TTM_SQ":1.202568430936,"ROA_SQ":1.962816836644,"START_DATE":"2021-01-01 00:00:00","FISCAL_YEAR":"12-31","CURRENCY":"HKD","IS_CNY_CODE":0,"DPS_HKD_LY":0.19,"ORG_TYPE":"一般企业","PREMIUM_INCOME":null,"PREMIUM_INCOME_YOY":null,"NET_INTEREST_INCOME":null,"NET_INTEREST_INCOME_YOY":null,"FEE_COMMISSION_INCOME":null,"FEE_COMMISSION_INCOME_YOY":null,"ACCOUNTS_RECE_TDAYS":1.379304271422,"INVENTORY_TDAYS":2.32296009738,"CURRENT_ASSETS_TDAYS":0.460371310931,"TOTAL_ASSETS_TDAYS":0.328300617178,"PREMIUM_EXPENSE":null,"LOAN_DEPOSIT":null,"LOAN_EQUITY":null,"LOAN_ASSETS":null,"DEPOSIT_EQUITY":null,"DEPOSIT_ASSETS":null,"EQUITY_MULTIPLIER":1.650565076548,"EQUITY_RATIO":0.656599818836},{"SECUCODE":"01368.HK","SECURITY_CODE":"01368","SECURITY_NAME_ABBR":"特步国际","ORG_CODE":"10105613","STD_REPORT_DATE":"2020-12-31 00:00:00","REPORT_DATE":"2020-12-31 00:00:00","DATE_TYPE_CODE":"001","REPORT_TYPE":"2020年年报","PER_NETCASH_OPERATE":0.125681719489,"PER_OI":3.208493829162,"BPS":2.691607626257,"BASIC_EPS":0.2083,"DILUTED_EPS":0.2064,"OPERATE_INCOME":8171923000,"OPERATE_INCOME_YOY":-0.1319609944,"GROSS_PROFIT":3198425000,"GROSS_PROFIT_YOY":-9.914306033785,"HOLDER_PROFIT":513030000,"HOLDER_PROFIT_YOY":-29.4951432828,"GROSS_PROFIT_RATIO":39.139196490226,"EPS_TTM":0.201427936751,"OPERATE_INCOME_QOQ":-3.914769292743,"NET_PROFIT_RATIO":6.1799652297,"ROE_AVG":7.269902443756,"GROSS_PROFIT_QOQ":-9.707191496101,"ROA":4.121671041435,"HOLDER_PROFIT_QOQ":0.091501304235,"ROE_YEARLY":7.269902443756,"ROIC_YEARLY":5.604538995997,"TOTAL_ASSETS":12571689000,"TOTAL_LIABILITIES":5272964000,"TAX_EBT":33.692994871606,"OCF_SALES":3.917156341292,"TOTAL_PARENT_EQUITY":7223333000,"DEBT_ASSET_RATIO":41.9431629274,"OPERATE_PROFIT":918186000,"PRETAX_PROFIT":761642000,"NETCASH_OPERATE":320107000,"NETCASH_INVEST":573369000,"NETCASH_FINANCE":-380360000,"END_CASH":3471951000,"DIVI_RATIO":1.066762056278,"DIVIDEND_RATE":4.290909090909,"CURRENT_RATIO":2.707391085543,"COMMON_ACS":100000000000,"CURRENTDEBT_DEBT":63.234150659857,"ISSUED_COMMON_SHARES":2683650072,"HK_COMMON_SHARES":2683650072,"PER_SHARES":500,"TOTAL_MARKET_CAP":14760075396,"HKSK_MARKET_CAP":14760075396,"PE_TTM":11.913937202931,"PB_TTM":1.426857498547,"REPORT_DATE_SQ":"2019-12-31 00:00:00","REPORT_TYPE_SQ":"2019年年报","OPERATE_INCOME_SQ":8182721000,"DPS_HKD":0.236,"OPERATE_INCOME_QOQ_SQ":16.710511264524,"NET_PROFIT_RATIO_SQ":8.9389214175,"HOLDER_PROFIT_SQ":727652000,"HOLDER_PROFIT_QOQ_SQ":-2.245400784023,"ROE_AVG_SQ":11.912363293258,"PE_TTM_SQ":10.70858428441,"PB_TTM_SQ":1.202568430936,"ROA_SQ":6.762194894722,"START_DATE":"2020-01-01 00:00:00","FISCAL_YEAR":"12-31","CURRENCY":"HKD","IS_CNY_CODE":0,"DPS_HKD_LY":0.14,"ORG_TYPE":"一般企业","PREMIUM_INCOME":null,"PREMIUM_INCOME_YOY":null,"NET_INTEREST_INCOME":null,"NET_INTEREST_INCOME_YOY":null,"FEE_COMMISSION_INCOME":null,"FEE_COMMISSION_INCOME_YOY":null,"ACCOUNTS_RECE_TDAYS":2.659371549956,"INVENTORY_TDAYS":4.921602165961,"CURRENT_ASSETS_TDAYS":0.89344013389,"TOTAL_ASSETS_TDAYS":0.656530385785,"PREMIUM_EXPENSE":null,"LOAN_DEPOSIT":null,"LOAN_EQUITY":null,"LOAN_ASSETS":null,"DEPOSIT_EQUITY":null,"DEPOSIT_ASSETS":null,"EQUITY_MULTIPLIER":1.722450016954,"EQUITY_RATIO":0.729990435163},{"SECUCODE":"01368.HK","SECURITY_CODE":"01368","SECURITY_NAME_ABBR":"特步国际","ORG_CODE":"10105613","STD_REPORT_DATE":"2020-06-30 00:00:00","REPORT_DATE":"2020-06-30 00:00:00","DATE_TYPE_CODE":"002","REPORT_TYPE":"2020年中报","PER_NETCASH_OPERATE":0.108566167723,"PER_OI":1.460269055189,"BPS":2.607781868813,"BASIC_EPS":0.101,"DILUTED_EPS":0.1001,"OPERATE_INCOME":3679061000,"OPERATE_INCOME_YOY":9.5965549301,"GROSS_PROFIT":1489143000,"GROSS_PROFIT_YOY":-0.543917098058,"HOLDER_PROFIT":247921000,"HOLDER_PROFIT_YOY":-46.4547355144,"GROSS_PROFIT_RATIO":40.476170414136,"EPS_TTM":0.203442391196,"OPERATE_INCOME_QOQ":3.936930026088,"NET_PROFIT_RATIO":6.860174376,"ROE_AVG":3.570072910295,"GROSS_PROFIT_QOQ":-0.2293809896,"ROA":1.962816836644,"HOLDER_PROFIT_QOQ":-29.559597170076,"ROE_YEARLY":7.140145820589,"ROIC_YEARLY":5.196674808098,"TOTAL_ASSETS":12939173000,"TOTAL_LIABILITIES":5852672000,"TAX_EBT":39.615716804674,"OCF_SALES":7.434668791847,"TOTAL_PARENT_EQUITY":6998374000,"DEBT_ASSET_RATIO":45.2321952879,"OPERATE_PROFIT":500749000,"PRETAX_PROFIT":417973000,"NETCASH_OPERATE":273526000,"NETCASH_INVEST":32972000,"NETCASH_FINANCE":-227915000,"END_CASH":3051312000,"DIVI_RATIO":1.056199146778,"DIVIDEND_RATE":4.290909090909,"CURRENT_RATIO":2.44322768204,"COMMON_ACS":100000000000,"CURRENTDEBT_DEBT":65.11441269902,"ISSUED_COMMON_SHARES":2683650072,"HK_COMMON_SHARES":2683650072,"PER_SHARES":500,"TOTAL_MARKET_CAP":14760075396,"HKSK_MARKET_CAP":14760075396,"PE_TTM":11.913937202931,"PB_TTM":1.426857498547,"REPORT_DATE_SQ":"2019-06-30 00:00:00","REPORT_TYPE_SQ":"2019年中报","OPERATE_INCOME_SQ":3356913000,"DPS_HKD":0.236,"OPERATE_INCOME_QOQ_SQ":9.837768567787,"NET_PROFIT_RATIO_SQ":13.7857013274,"HOLDER_PROFIT_SQ":463012000,"HOLDER_PROFIT_QOQ_SQ":13.380897401138,"ROE_AVG_SQ":7.615280099355,"PE_TTM_SQ":10.70858428441,"PB_TTM_SQ":1.202568430936,"ROA_SQ":4.659024822953,"START_DATE":"2020-01-01 00:00:00","FISCAL_YEAR":"12-31","CURRENCY":"HKD","IS_CNY_CODE":0,"DPS_HKD_LY":0.14,"ORG_TYPE":"一般企业","PREMIUM_INCOME":null,"PREMIUM_INCOME_YOY":null,"NET_INTEREST_INCOME":null,"NET_INTEREST_INCOME_YOY":null,"FEE_COMMISSION_INCOME":null,"FEE_COMMISSION_INCOME_YOY":null,"ACCOUNTS_RECE_TDAYS":1.181520667999,"INVENTORY_TDAYS":1.942525697295,"CURRENT_ASSETS_TDAYS":0.396090983788,"TOTAL_ASSETS_TDAYS":0.291275159177,"PREMIUM_EXPENSE":null,"LOAN_DEPOSIT":null,"LOAN_EQUITY":null,"LOAN_ASSETS":null,"DEPOSIT_EQUITY":null,"DEPOSIT_ASSETS":null,"EQUITY_MULTIPLIER":1.825890238356,"EQUITY_RATIO":0.83629025828}],"count":37},"success":true,"message":"ok","code":0}