{"version":"308d3137fa62732143319533835ea946","result":{"pages":3,"data":[{"SECUCODE":"01360.HK","SECURITY_CODE":"01360","SECURITY_NAME_ABBR":"诺发集团","ORG_CODE":"10344701","STD_REPORT_DATE":"2023-06-30 00:00:00","REPORT_DATE":"2023-12-31 00:00:00","DATE_TYPE_CODE":"002","REPORT_TYPE":"2023年中报","PER_NETCASH_OPERATE":0.001214085369,"PER_OI":0.002659782228,"BPS":0.053400345003,"BASIC_EPS":-0.002990526,"DILUTED_EPS":-0.002990526,"OPERATE_INCOME":5463600.38,"OPERATE_INCOME_YOY":-80.1507868572,"GROSS_PROFIT":3868653.18,"GROSS_PROFIT_YOY":-84.078784800582,"HOLDER_PROFIT":-6065330.46,"HOLDER_PROFIT_YOY":97.9696278409,"GROSS_PROFIT_RATIO":70.80776248134,"EPS_TTM":-0.227334595373,"OPERATE_INCOME_QOQ":-44.404289447595,"NET_PROFIT_RATIO":-119.5554818378,"ROE_AVG":-5.440490318805,"GROSS_PROFIT_QOQ":-41.460925006788,"ROA":-3.483705751003,"HOLDER_PROFIT_QOQ":-22.285149065226,"ROE_YEARLY":-10.88098063761,"ROIC_YEARLY":-7.049901250823,"TOTAL_ASSETS":182263497.5,"TOTAL_LIABILITIES":73037707.12,"TAX_EBT":-1.108149810633,"OCF_SALES":45.646044120086,"TOTAL_PARENT_EQUITY":109692493.68,"DEBT_ASSET_RATIO":40.0725916718,"OPERATE_PROFIT":-4458602.4,"PRETAX_PROFIT":-6460442.38,"NETCASH_OPERATE":2493917.44,"NETCASH_INVEST":-6968831.8,"NETCASH_FINANCE":4598160.28,"END_CASH":2366140.42,"DIVI_RATIO":null,"DIVIDEND_RATE":null,"CURRENT_RATIO":2.367747779046,"COMMON_ACS":5000000000,"CURRENTDEBT_DEBT":100,"ISSUED_COMMON_SHARES":2054153277,"HK_COMMON_SHARES":2054153277,"PER_SHARES":5000,"TOTAL_MARKET_CAP":24649839.324,"HKSK_MARKET_CAP":24649839.324,"PE_TTM":-0.134297883495,"PB_TTM":0.203643628135,"REPORT_DATE_SQ":"2022-06-30 00:00:00","REPORT_TYPE_SQ":"2022年中报","OPERATE_INCOME_SQ":27132182.98,"DPS_HKD":null,"OPERATE_INCOME_QOQ_SQ":-25.597822905836,"NET_PROFIT_RATIO_SQ":-1085.2834661223,"HOLDER_PROFIT_SQ":-294461095.88,"HOLDER_PROFIT_QOQ_SQ":-215.410508882776,"ROE_AVG_SQ":-70.036362632004,"PE_TTM_SQ":-0.048667295806,"PB_TTM_SQ":0.197198714592,"ROA_SQ":-62.423708753492,"START_DATE":"2023-07-01 00:00:00","FISCAL_YEAR":"6-30","CURRENCY":"HKD","IS_CNY_CODE":0,"DPS_HKD_LY":null,"ORG_TYPE":"一般企业","PREMIUM_INCOME":null,"PREMIUM_INCOME_YOY":null,"NET_INTEREST_INCOME":null,"NET_INTEREST_INCOME_YOY":null,"FEE_COMMISSION_INCOME":null,"FEE_COMMISSION_INCOME_YOY":null,"ACCOUNTS_RECE_TDAYS":0.034363458119,"INVENTORY_TDAYS":0.979410127991,"CURRENT_ASSETS_TDAYS":0.032263415887,"TOTAL_ASSETS_TDAYS":0.031380938253,"PREMIUM_EXPENSE":null,"LOAN_DEPOSIT":null,"LOAN_EQUITY":null,"LOAN_ASSETS":null,"DEPOSIT_EQUITY":null,"DEPOSIT_ASSETS":null,"EQUITY_MULTIPLIER":1.668685544556,"EQUITY_RATIO":0.665840520802},{"SECUCODE":"01360.HK","SECURITY_CODE":"01360","SECURITY_NAME_ABBR":"诺发集团","ORG_CODE":"10344701","STD_REPORT_DATE":"2022-12-31 00:00:00","REPORT_DATE":"2023-06-30 00:00:00","DATE_TYPE_CODE":"001","REPORT_TYPE":"2022年年报","PER_NETCASH_OPERATE":-0.034097698261,"PER_OI":0.018500612416,"BPS":0.056104625341,"BASIC_EPS":-0.240267988,"DILUTED_EPS":-0.240267988,"OPERATE_INCOME":38003093.62,"OPERATE_INCOME_YOY":-63.2501493389,"GROSS_PROFIT":32814190.18,"GROSS_PROFIT_YOY":-51.38895407351,"HOLDER_PROFIT":-466980104.06,"HOLDER_PROFIT_YOY":-312.2319255781,"GROSS_PROFIT_RATIO":86.346102525534,"EPS_TTM":-0.205763965796,"OPERATE_INCOME_QOQ":-28.735510282519,"NET_PROFIT_RATIO":-1228.794973192,"ROE_AVG":-131.401005035555,"GROSS_PROFIT_QOQ":-16.959661675339,"ROA":-114.24263339288,"HOLDER_PROFIT_QOQ":-263.435036022753,"ROE_YEARLY":-131.401005035555,"ROIC_YEARLY":-124.669126424842,"TOTAL_ASSETS":168833899.58,"TOTAL_LIABILITIES":53586399.58,"TAX_EBT":-3.266476229341,"OCF_SALES":-184.305781314442,"TOTAL_PARENT_EQUITY":115247500,"DEBT_ASSET_RATIO":31.7391233119,"OPERATE_PROFIT":-448166180.18,"PRETAX_PROFIT":-451862398,"NETCASH_OPERATE":-70041898.62,"NETCASH_INVEST":259998.36,"NETCASH_FINANCE":7868177.32,"END_CASH":2160199.14,"DIVI_RATIO":null,"DIVIDEND_RATE":null,"CURRENT_RATIO":3.146969253798,"COMMON_ACS":5000000000,"CURRENTDEBT_DEBT":100,"ISSUED_COMMON_SHARES":2054153277,"HK_COMMON_SHARES":2054153277,"PER_SHARES":5000,"TOTAL_MARKET_CAP":24649839.324,"HKSK_MARKET_CAP":24649839.324,"PE_TTM":-0.134297883495,"PB_TTM":0.203643628135,"REPORT_DATE_SQ":"2021-12-31 00:00:00","REPORT_TYPE_SQ":"2021年年报","OPERATE_INCOME_SQ":95918965.59,"DPS_HKD":null,"OPERATE_INCOME_QOQ_SQ":-32.06595083685,"NET_PROFIT_RATIO_SQ":-109.5452073359,"HOLDER_PROFIT_SQ":-105074629.73,"HOLDER_PROFIT_QOQ_SQ":-4770.62628616797,"ROE_AVG_SQ":-17.198206930821,"PE_TTM_SQ":-0.048667295806,"PB_TTM_SQ":0.197198714592,"ROA_SQ":-15.496829485938,"START_DATE":"2022-07-01 00:00:00","FISCAL_YEAR":"6-30","CURRENCY":"HKD","IS_CNY_CODE":0,"DPS_HKD_LY":null,"ORG_TYPE":"一般企业","PREMIUM_INCOME":null,"PREMIUM_INCOME_YOY":null,"NET_INTEREST_INCOME":null,"NET_INTEREST_INCOME_YOY":null,"FEE_COMMISSION_INCOME":null,"FEE_COMMISSION_INCOME_YOY":null,"ACCOUNTS_RECE_TDAYS":0.13214775773,"INVENTORY_TDAYS":null,"CURRENT_ASSETS_TDAYS":0.111047052009,"TOTAL_ASSETS_TDAYS":0.09297127339,"PREMIUM_EXPENSE":null,"LOAN_DEPOSIT":null,"LOAN_EQUITY":null,"LOAN_ASSETS":null,"DEPOSIT_EQUITY":null,"DEPOSIT_ASSETS":null,"EQUITY_MULTIPLIER":1.464968,"EQUITY_RATIO":0.464968},{"SECUCODE":"01360.HK","SECURITY_CODE":"01360","SECURITY_NAME_ABBR":"诺发集团","ORG_CODE":"10344701","STD_REPORT_DATE":"2022-06-30 00:00:00","REPORT_DATE":"2022-12-31 00:00:00","DATE_TYPE_CODE":"002","REPORT_TYPE":"2022年中报","PER_NETCASH_OPERATE":-0.030795355474,"PER_OI":0.014619394942,"BPS":0.128472124678,"BASIC_EPS":-0.158644752,"DILUTED_EPS":-0.158644752,"OPERATE_INCOME":27132182.98,"OPERATE_INCOME_YOY":-54.5958712648,"GROSS_PROFIT":24298730.54,"GROSS_PROFIT_YOY":-32.026022681914,"HOLDER_PROFIT":-294461095.88,"HOLDER_PROFIT_YOY":-1426.3416215215,"GROSS_PROFIT_RATIO":89.556857838941,"EPS_TTM":-0.056616436337,"OPERATE_INCOME_QOQ":-25.597822905836,"NET_PROFIT_RATIO":-1085.2834661223,"ROE_AVG":-70.036362632004,"GROSS_PROFIT_QOQ":-26.242490919768,"ROA":-62.423708753492,"HOLDER_PROFIT_QOQ":-215.410508882776,"ROE_YEARLY":-140.072725264009,"ROIC_YEARLY":-134.488326147777,"TOTAL_ASSETS":314937524.09,"TOTAL_LIABILITIES":51036088.18,"TAX_EBT":-3.594993238356,"OCF_SALES":-210.64726410746,"TOTAL_PARENT_EQUITY":263901435.91,"DEBT_ASSET_RATIO":16.2051468232,"OPERATE_PROFIT":-282271533.46,"PRETAX_PROFIT":-284033061.9,"NETCASH_OPERATE":-57153201.14,"NETCASH_INVEST":-53596.2,"NETCASH_FINANCE":-972771.03,"END_CASH":3531096.31,"DIVI_RATIO":null,"DIVIDEND_RATE":null,"CURRENT_RATIO":6.172855630074,"COMMON_ACS":5000000000,"CURRENTDEBT_DEBT":99.170371407568,"ISSUED_COMMON_SHARES":2054153277,"HK_COMMON_SHARES":2054153277,"PER_SHARES":5000,"TOTAL_MARKET_CAP":24649839.324,"HKSK_MARKET_CAP":24649839.324,"PE_TTM":-0.134297883495,"PB_TTM":0.203643628135,"REPORT_DATE_SQ":"2021-06-30 00:00:00","REPORT_TYPE_SQ":"2021年中报","OPERATE_INCOME_SQ":54694987.2,"DPS_HKD":null,"OPERATE_INCOME_QOQ_SQ":-19.86777126801,"NET_PROFIT_RATIO_SQ":-32.2839589219,"HOLDER_PROFIT_SQ":-17657707.2,"HOLDER_PROFIT_QOQ_SQ":-101.381942933478,"ROE_AVG_SQ":-2.778960858818,"PE_TTM_SQ":-0.048667295806,"PB_TTM_SQ":0.197198714592,"ROA_SQ":-2.513430098317,"START_DATE":"2022-07-01 00:00:00","FISCAL_YEAR":"6-30","CURRENCY":"HKD","IS_CNY_CODE":0,"DPS_HKD_LY":null,"ORG_TYPE":"一般企业","PREMIUM_INCOME":null,"PREMIUM_INCOME_YOY":null,"NET_INTEREST_INCOME":null,"NET_INTEREST_INCOME_YOY":null,"FEE_COMMISSION_INCOME":null,"FEE_COMMISSION_INCOME_YOY":null,"ACCOUNTS_RECE_TDAYS":0.077867875336,"INVENTORY_TDAYS":2.922155688623,"CURRENT_ASSETS_TDAYS":0.066813385994,"TOTAL_ASSETS_TDAYS":0.057518344932,"PREMIUM_EXPENSE":null,"LOAN_DEPOSIT":null,"LOAN_EQUITY":null,"LOAN_ASSETS":null,"DEPOSIT_EQUITY":null,"DEPOSIT_ASSETS":null,"EQUITY_MULTIPLIER":1.193390718031,"EQUITY_RATIO":0.193390718031},{"SECUCODE":"01360.HK","SECURITY_CODE":"01360","SECURITY_NAME_ABBR":"诺发集团","ORG_CODE":"10344701","STD_REPORT_DATE":"2021-12-31 00:00:00","REPORT_DATE":"2022-06-30 00:00:00","DATE_TYPE_CODE":"001","REPORT_TYPE":"2021年年报","PER_NETCASH_OPERATE":0.017936886234,"PER_OI":0.05168317055,"BPS":0.268910124967,"BASIC_EPS":-0.056613578,"DILUTED_EPS":-0.056613578,"OPERATE_INCOME":95918965.59,"OPERATE_INCOME_YOY":-50.821461926,"GROSS_PROFIT":67503567.46,"GROSS_PROFIT_YOY":-32.931303819834,"HOLDER_PROFIT":-105074629.73,"HOLDER_PROFIT_YOY":-14847.3236009732,"GROSS_PROFIT_RATIO":70.375620759444,"EPS_TTM":-0.017950079259,"OPERATE_INCOME_QOQ":-32.06595083685,"NET_PROFIT_RATIO":-109.5452073359,"ROE_AVG":-17.198206930821,"GROSS_PROFIT_QOQ":-9.068653461155,"ROA":-15.496829485938,"HOLDER_PROFIT_QOQ":-4770.62628616797,"ROE_YEARLY":-17.198206930821,"ROIC_YEARLY":-17.007131348589,"TOTAL_ASSETS":601697145.77,"TOTAL_LIABILITIES":49314531.35,"TAX_EBT":0.041526859573,"OCF_SALES":34.70546803256,"TOTAL_PARENT_EQUITY":552382614.42,"DEBT_ASSET_RATIO":8.1959058135,"OPERATE_PROFIT":-98836873.87,"PRETAX_PROFIT":-102968296.76,"NETCASH_OPERATE":33289125.94,"NETCASH_INVEST":2565.57,"NETCASH_FINANCE":-31402576.8,"END_CASH":61366724.02,"DIVI_RATIO":null,"DIVIDEND_RATE":null,"CURRENT_RATIO":9.900283135728,"COMMON_ACS":5000000000,"CURRENTDEBT_DEBT":97.997051937917,"ISSUED_COMMON_SHARES":2054153277,"HK_COMMON_SHARES":2054153277,"PER_SHARES":5000,"TOTAL_MARKET_CAP":24649839.324,"HKSK_MARKET_CAP":24649839.324,"PE_TTM":-0.134297883495,"PB_TTM":0.203643628135,"REPORT_DATE_SQ":"2020-12-31 00:00:00","REPORT_TYPE_SQ":"2020年年报","OPERATE_INCOME_SQ":189771653.52,"DPS_HKD":null,"OPERATE_INCOME_QOQ_SQ":-52.95600160298,"NET_PROFIT_RATIO_SQ":-2.388312309,"HOLDER_PROFIT_SQ":-683969.76,"HOLDER_PROFIT_QOQ_SQ":-60.478009061743,"ROE_AVG_SQ":-0.111427560563,"PE_TTM_SQ":-0.048667295806,"PB_TTM_SQ":0.197198714592,"ROA_SQ":-0.080608308343,"START_DATE":"2021-07-01 00:00:00","FISCAL_YEAR":"6-30","CURRENCY":"HKD","IS_CNY_CODE":0,"DPS_HKD_LY":null,"ORG_TYPE":"一般企业","PREMIUM_INCOME":null,"PREMIUM_INCOME_YOY":null,"NET_INTEREST_INCOME":null,"NET_INTEREST_INCOME_YOY":null,"FEE_COMMISSION_INCOME":null,"FEE_COMMISSION_INCOME_YOY":null,"ACCOUNTS_RECE_TDAYS":0.273471701564,"INVENTORY_TDAYS":11.101570330772,"CURRENT_ASSETS_TDAYS":0.198681022022,"TOTAL_ASSETS_TDAYS":0.141465152724,"PREMIUM_EXPENSE":null,"LOAN_DEPOSIT":null,"LOAN_EQUITY":null,"LOAN_ASSETS":null,"DEPOSIT_EQUITY":null,"DEPOSIT_ASSETS":null,"EQUITY_MULTIPLIER":1.089276038135,"EQUITY_RATIO":0.089276038135},{"SECUCODE":"01360.HK","SECURITY_CODE":"01360","SECURITY_NAME_ABBR":"诺发集团","ORG_CODE":"10344701","STD_REPORT_DATE":"2021-06-30 00:00:00","REPORT_DATE":"2021-12-31 00:00:00","DATE_TYPE_CODE":"002","REPORT_TYPE":"2021年中报","PER_NETCASH_OPERATE":0.022404552929,"PER_OI":0.029470817729,"BPS":0.307036838517,"BASIC_EPS":-0.00948416,"DILUTED_EPS":-0.00948416,"OPERATE_INCOME":54694987.2,"OPERATE_INCOME_YOY":-51.2725074296,"GROSS_PROFIT":35747107.2,"GROSS_PROFIT_YOY":-20.339929819553,"HOLDER_PROFIT":-17657707.2,"HOLDER_PROFIT_YOY":-221.406487155,"GROSS_PROFIT_RATIO":65.357190905422,"EPS_TTM":-0.000368537395,"OPERATE_INCOME_QOQ":-19.86777126801,"NET_PROFIT_RATIO":-32.2839589219,"ROE_AVG":-2.778960858818,"GROSS_PROFIT_QOQ":-6.733788631233,"ROA":-2.513430098317,"HOLDER_PROFIT_QOQ":-101.381942933478,"ROE_YEARLY":-5.557921717636,"ROIC_YEARLY":-5.540757483146,"TOTAL_ASSETS":683845545.6,"TOTAL_LIABILITIES":53144817.6,"TAX_EBT":-27.079566003617,"OCF_SALES":76.022841084055,"TOTAL_PARENT_EQUITY":630700728,"DEBT_ASSET_RATIO":7.7714650541,"OPERATE_PROFIT":-10388425.6,"PRETAX_PROFIT":-12659718.4,"NETCASH_OPERATE":41580683.2,"NETCASH_INVEST":-58049.6,"NETCASH_FINANCE":-24612212.8,"END_CASH":73855443.2,"DIVI_RATIO":null,"DIVIDEND_RATE":null,"CURRENT_RATIO":9.287231782452,"COMMON_ACS":5000000000,"CURRENTDEBT_DEBT":94.138551714589,"ISSUED_COMMON_SHARES":2054153277,"HK_COMMON_SHARES":2054153277,"PER_SHARES":5000,"TOTAL_MARKET_CAP":24649839.324,"HKSK_MARKET_CAP":24649839.324,"PE_TTM":-0.134297883495,"PB_TTM":0.203643628135,"REPORT_DATE_SQ":"2020-06-30 00:00:00","REPORT_TYPE_SQ":"2020年中报","OPERATE_INCOME_SQ":115547072.32,"DPS_HKD":null,"OPERATE_INCOME_QOQ_SQ":-21.548113356142,"NET_PROFIT_RATIO_SQ":9.5886020628,"HOLDER_PROFIT_SQ":14971933.96,"HOLDER_PROFIT_QOQ_SQ":-57.767863932098,"ROE_AVG_SQ":2.397245505754,"PE_TTM_SQ":-0.048667295806,"PB_TTM_SQ":0.197198714592,"ROA_SQ":1.633331757142,"START_DATE":"2021-07-01 00:00:00","FISCAL_YEAR":"6-30","CURRENCY":"HKD","IS_CNY_CODE":0,"DPS_HKD_LY":null,"ORG_TYPE":"一般企业","PREMIUM_INCOME":null,"PREMIUM_INCOME_YOY":null,"NET_INTEREST_INCOME":null,"NET_INTEREST_INCOME_YOY":null,"FEE_COMMISSION_INCOME":null,"FEE_COMMISSION_INCOME_YOY":null,"ACCOUNTS_RECE_TDAYS":0.174443301429,"INVENTORY_TDAYS":3.926967720071,"CURRENT_ASSETS_TDAYS":0.11758119882,"TOTAL_ASSETS_TDAYS":0.077853837703,"PREMIUM_EXPENSE":null,"LOAN_DEPOSIT":null,"LOAN_EQUITY":null,"LOAN_ASSETS":null,"DEPOSIT_EQUITY":null,"DEPOSIT_ASSETS":null,"EQUITY_MULTIPLIER":1.084263130263,"EQUITY_RATIO":0.084263130262},{"SECUCODE":"01360.HK","SECURITY_CODE":"01360","SECURITY_NAME_ABBR":"诺发集团","ORG_CODE":"10344701","STD_REPORT_DATE":"2020-12-31 00:00:00","REPORT_DATE":"2021-06-30 00:00:00","DATE_TYPE_CODE":"001","REPORT_TYPE":"2020年年报","PER_NETCASH_OPERATE":0.055825345256,"PER_OI":0.102252986927,"BPS":0.317137764087,"BASIC_EPS":-0.00041604,"DILUTED_EPS":-0.00041604,"OPERATE_INCOME":189771653.52,"OPERATE_INCOME_YOY":-58.6165788442,"GROSS_PROFIT":100648396.8,"GROSS_PROFIT_YOY":-61.361798008168,"HOLDER_PROFIT":-683969.76,"HOLDER_PROFIT_YOY":-100.5995754831,"GROSS_PROFIT_RATIO":53.036581034687,"EPS_TTM":0.027278479782,"OPERATE_INCOME_QOQ":-52.95600160298,"NET_PROFIT_RATIO":-2.388312309,"ROE_AVG":-0.111427560563,"GROSS_PROFIT_QOQ":-58.572133010679,"ROA":-0.080608308343,"HOLDER_PROFIT_QOQ":-60.478009061743,"ROE_YEARLY":-0.111427560563,"ROIC_YEARLY":-0.089942718962,"TOTAL_ASSETS":733996073.76,"TOTAL_LIABILITIES":82546496.4,"TAX_EBT":115.262833445416,"OCF_SALES":54.595319837418,"TOTAL_PARENT_EQUITY":651449577.36,"DEBT_ASSET_RATIO":11.2461768327,"OPERATE_PROFIT":47216379.6,"PRETAX_PROFIT":29695271.04,"NETCASH_OPERATE":103606441.2,"NETCASH_INVEST":31961856.96,"NETCASH_FINANCE":-199153355.52,"END_CASH":57462612.72,"DIVI_RATIO":null,"DIVIDEND_RATE":null,"CURRENT_RATIO":5.947054094407,"COMMON_ACS":5000000000,"CURRENTDEBT_DEBT":96.544529005595,"ISSUED_COMMON_SHARES":2054153277,"HK_COMMON_SHARES":2054153277,"PER_SHARES":5000,"TOTAL_MARKET_CAP":24649839.324,"HKSK_MARKET_CAP":24649839.324,"PE_TTM":-0.134297883495,"PB_TTM":0.203643628135,"REPORT_DATE_SQ":"2019-12-31 00:00:00","REPORT_TYPE_SQ":"2019年年报","OPERATE_INCOME_SQ":503407745.28,"DPS_HKD":null,"OPERATE_INCOME_QOQ_SQ":26.616033686107,"NET_PROFIT_RATIO_SQ":25.7969341985,"HOLDER_PROFIT_SQ":125229883.68,"HOLDER_PROFIT_QOQ_SQ":213.534304530889,"ROE_AVG_SQ":22.124070175665,"PE_TTM_SQ":-0.048667295806,"PB_TTM_SQ":0.197198714592,"ROA_SQ":11.760280605921,"START_DATE":"2020-07-01 00:00:00","FISCAL_YEAR":"6-30","CURRENCY":"HKD","IS_CNY_CODE":0,"DPS_HKD_LY":null,"ORG_TYPE":"一般企业","PREMIUM_INCOME":null,"PREMIUM_INCOME_YOY":null,"NET_INTEREST_INCOME":null,"NET_INTEREST_INCOME_YOY":null,"FEE_COMMISSION_INCOME":null,"FEE_COMMISSION_INCOME_YOY":null,"ACCOUNTS_RECE_TDAYS":0.542913492199,"INVENTORY_TDAYS":21.980094397702,"CURRENT_ASSETS_TDAYS":0.361436847322,"TOTAL_ASSETS_TDAYS":0.223652752744,"PREMIUM_EXPENSE":null,"LOAN_DEPOSIT":null,"LOAN_EQUITY":null,"LOAN_ASSETS":null,"DEPOSIT_EQUITY":null,"DEPOSIT_ASSETS":null,"EQUITY_MULTIPLIER":1.126712026946,"EQUITY_RATIO":0.126712026945},{"SECUCODE":"01360.HK","SECURITY_CODE":"01360","SECURITY_NAME_ABBR":"诺发集团","ORG_CODE":"10344701","STD_REPORT_DATE":"2020-06-30 00:00:00","REPORT_DATE":"2020-12-31 00:00:00","DATE_TYPE_CODE":"002","REPORT_TYPE":"2020年中报","PER_NETCASH_OPERATE":0.038462550789,"PER_OI":0.063684291002,"BPS":0.324355078767,"BASIC_EPS":0.008584728,"DILUTED_EPS":0.008584728,"OPERATE_INCOME":115547072.32,"OPERATE_INCOME_YOY":-67.8174176202,"GROSS_PROFIT":44874561.52,"GROSS_PROFIT_YOY":-77.272802400633,"HOLDER_PROFIT":14971933.96,"HOLDER_PROFIT_YOY":-82.4326993344,"GROSS_PROFIT_RATIO":38.836606258377,"EPS_TTM":0.082286672626,"OPERATE_INCOME_QOQ":-21.548113356142,"NET_PROFIT_RATIO":9.5886020628,"ROE_AVG":2.397245505754,"GROSS_PROFIT_QOQ":-29.761025084271,"ROA":1.633331757142,"HOLDER_PROFIT_QOQ":-57.767863932098,"ROE_YEARLY":4.794491011509,"ROIC_YEARLY":3.782501386091,"TOTAL_ASSETS":859210918.28,"TOTAL_LIABILITIES":192935870.32,"TAX_EBT":45.993846153846,"OCF_SALES":60.395664588311,"TOTAL_PARENT_EQUITY":666275047.96,"DEBT_ASSET_RATIO":22.4550068226,"OPERATE_PROFIT":32019352.16,"PRETAX_PROFIT":20514975,"NETCASH_OPERATE":69785422.24,"NETCASH_INVEST":30043181.44,"NETCASH_FINANCE":-101767742.24,"END_CASH":129995506.2,"DIVI_RATIO":null,"DIVIDEND_RATE":null,"CURRENT_RATIO":2.723896670279,"COMMON_ACS":5000000000,"CURRENTDEBT_DEBT":97.825404165104,"ISSUED_COMMON_SHARES":2054153277,"HK_COMMON_SHARES":2054153277,"PER_SHARES":5000,"TOTAL_MARKET_CAP":24649839.324,"HKSK_MARKET_CAP":24649839.324,"PE_TTM":-0.134297883495,"PB_TTM":0.203643628135,"REPORT_DATE_SQ":"2019-06-30 00:00:00","REPORT_TYPE_SQ":"2019年中报","OPERATE_INCOME_SQ":382131685.98,"DPS_HKD":null,"OPERATE_INCOME_QOQ_SQ":26.688039362635,"NET_PROFIT_RATIO_SQ":24.991385191,"HOLDER_PROFIT_SQ":90708474.36,"HOLDER_PROFIT_QOQ_SQ":230.505960872075,"ROE_AVG_SQ":18.021532511886,"PE_TTM_SQ":-0.048667295806,"PB_TTM_SQ":0.197198714592,"ROA_SQ":7.947740283714,"START_DATE":"2020-07-01 00:00:00","FISCAL_YEAR":"6-30","CURRENCY":"HKD","IS_CNY_CODE":0,"DPS_HKD_LY":null,"ORG_TYPE":"一般企业","PREMIUM_INCOME":null,"PREMIUM_INCOME_YOY":null,"NET_INTEREST_INCOME":null,"NET_INTEREST_INCOME_YOY":null,"FEE_COMMISSION_INCOME":null,"FEE_COMMISSION_INCOME_YOY":null,"ACCOUNTS_RECE_TDAYS":0.336961777389,"INVENTORY_TDAYS":9.806715328467,"CURRENT_ASSETS_TDAYS":0.210683330469,"TOTAL_ASSETS_TDAYS":0.126053656909,"PREMIUM_EXPENSE":null,"LOAN_DEPOSIT":null,"LOAN_EQUITY":null,"LOAN_ASSETS":null,"DEPOSIT_EQUITY":null,"DEPOSIT_ASSETS":null,"EQUITY_MULTIPLIER":1.28957390932,"EQUITY_RATIO":0.28957390932},{"SECUCODE":"01360.HK","SECURITY_CODE":"01360","SECURITY_NAME_ABBR":"诺发集团","ORG_CODE":"10344701","STD_REPORT_DATE":"2019-12-31 00:00:00","REPORT_DATE":"2020-06-30 00:00:00","DATE_TYPE_CODE":"001","REPORT_TYPE":"2019年年报","PER_NETCASH_OPERATE":0.027268035217,"PER_OI":0.330781656233,"BPS":0.307932154685,"BASIC_EPS":0.08494992,"DILUTED_EPS":0.08494992,"OPERATE_INCOME":503407745.28,"OPERATE_INCOME_YOY":-4.3407623412,"GROSS_PROFIT":260489338.56,"GROSS_PROFIT_YOY":-22.745291293974,"HOLDER_PROFIT":125229883.68,"HOLDER_PROFIT_YOY":29.0312561764,"GROSS_PROFIT_RATIO":51.745198798066,"EPS_TTM":0.202698385262,"OPERATE_INCOME_QOQ":26.616033686107,"NET_PROFIT_RATIO":25.7969341985,"ROE_AVG":22.124070175665,"GROSS_PROFIT_QOQ":9.988377248833,"ROA":11.760280605921,"HOLDER_PROFIT_QOQ":213.534304530889,"ROE_YEARLY":22.124070175665,"ROIC_YEARLY":13.84720272304,"TOTAL_ASSETS":1057188052.8,"TOTAL_LIABILITIES":419923896.48,"TAX_EBT":32.370849586148,"OCF_SALES":8.243514929815,"TOTAL_PARENT_EQUITY":632539844.64,"DEBT_ASSET_RATIO":39.7208325773,"OPERATE_PROFIT":226723115.52,"PRETAX_PROFIT":192023356.8,"NETCASH_OPERATE":41498492.64,"NETCASH_INVEST":10449753.6,"NETCASH_FINANCE":-116754987.36,"END_CASH":125534972.64,"DIVI_RATIO":null,"DIVIDEND_RATE":null,"CURRENT_RATIO":1.545695228231,"COMMON_ACS":5000000000,"CURRENTDEBT_DEBT":97.44429725244,"ISSUED_COMMON_SHARES":2054153277,"HK_COMMON_SHARES":2054153277,"PER_SHARES":5000,"TOTAL_MARKET_CAP":24649839.324,"HKSK_MARKET_CAP":24649839.324,"PE_TTM":-0.134297883495,"PB_TTM":0.203643628135,"REPORT_DATE_SQ":"2018-12-31 00:00:00","REPORT_TYPE_SQ":"2018年年报","OPERATE_INCOME_SQ":506789719.2,"DPS_HKD":null,"OPERATE_INCOME_QOQ_SQ":86.763576966338,"NET_PROFIT_RATIO_SQ":18.6273692981,"HOLDER_PROFIT_SQ":93464754.66,"HOLDER_PROFIT_QOQ_SQ":-194.762041967168,"ROE_AVG_SQ":22.806342095131,"PE_TTM_SQ":-0.048667295806,"PB_TTM_SQ":0.197198714592,"ROA_SQ":11.832884200864,"START_DATE":"2019-07-01 00:00:00","FISCAL_YEAR":"6-30","CURRENCY":"HKD","IS_CNY_CODE":0,"DPS_HKD_LY":0.05,"ORG_TYPE":"一般企业","PREMIUM_INCOME":null,"PREMIUM_INCOME_YOY":null,"NET_INTEREST_INCOME":null,"NET_INTEREST_INCOME_YOY":null,"FEE_COMMISSION_INCOME":null,"FEE_COMMISSION_INCOME_YOY":null,"ACCOUNTS_RECE_TDAYS":1.161066868917,"INVENTORY_TDAYS":67.206974981046,"CURRENT_ASSETS_TDAYS":0.739913014117,"TOTAL_ASSETS_TDAYS":0.472747891295,"PREMIUM_EXPENSE":null,"LOAN_DEPOSIT":null,"LOAN_EQUITY":null,"LOAN_ASSETS":null,"DEPOSIT_EQUITY":null,"DEPOSIT_ASSETS":null,"EQUITY_MULTIPLIER":1.658947929701,"EQUITY_RATIO":0.663869478007},{"SECUCODE":"01360.HK","SECURITY_CODE":"01360","SECURITY_NAME_ABBR":"诺发集团","ORG_CODE":"10344701","STD_REPORT_DATE":"2019-06-30 00:00:00","REPORT_DATE":"2019-12-31 00:00:00","DATE_TYPE_CODE":"002","REPORT_TYPE":"2019年中报","PER_NETCASH_OPERATE":-0.017106097532,"PER_OI":0.261215179424,"BPS":0.251585940897,"BASIC_EPS":0.061987976,"DILUTED_EPS":0.06180882,"OPERATE_INCOME":382131685.98,"OPERATE_INCOME_YOY":51.1779798567,"GROSS_PROFIT":197448723.38,"GROSS_PROFIT_YOY":20.564893636121,"HOLDER_PROFIT":90708474.36,"HOLDER_PROFIT_YOY":179.7583509897,"GROSS_PROFIT_RATIO":51.670335286023,"EPS_TTM":0.064649507991,"OPERATE_INCOME_QOQ":26.688039362635,"NET_PROFIT_RATIO":24.991385191,"ROE_AVG":18.021532511886,"GROSS_PROFIT_QOQ":51.988140354812,"ROA":7.947740283714,"HOLDER_PROFIT_QOQ":230.505960872075,"ROE_YEARLY":36.043065023772,"ROIC_YEARLY":18.615920930778,"TOTAL_ASSETS":1230837551.2,"TOTAL_LIABILITIES":709087802.86,"TAX_EBT":33.802134754019,"OCF_SALES":-6.548661364164,"TOTAL_PARENT_EQUITY":516796084.94,"DEBT_ASSET_RATIO":57.6101860208,"OPERATE_PROFIT":161177695.4,"PRETAX_PROFIT":144264473.22,"NETCASH_OPERATE":-25024510.08,"NETCASH_INVEST":2613886.04,"NETCASH_FINANCE":-24361632.88,"END_CASH":141594153.04,"DIVI_RATIO":null,"DIVIDEND_RATE":null,"CURRENT_RATIO":1.414098514786,"COMMON_ACS":5000000000,"CURRENTDEBT_DEBT":85.993074671514,"ISSUED_COMMON_SHARES":2054153277,"HK_COMMON_SHARES":2054153277,"PER_SHARES":5000,"TOTAL_MARKET_CAP":24649839.324,"HKSK_MARKET_CAP":24649839.324,"PE_TTM":-0.134297883495,"PB_TTM":0.203643628135,"REPORT_DATE_SQ":"2018-06-30 00:00:00","REPORT_TYPE_SQ":"2018年中报","OPERATE_INCOME_SQ":247244363.6,"DPS_HKD":null,"OPERATE_INCOME_QOQ_SQ":210.410675894143,"NET_PROFIT_RATIO_SQ":-44.9932312228,"HOLDER_PROFIT_SQ":-111243228.2,"HOLDER_PROFIT_QOQ_SQ":445.380841650146,"ROE_AVG_SQ":-37.582940984058,"PE_TTM_SQ":-0.048667295806,"PB_TTM_SQ":0.197198714592,"ROA_SQ":-14.315990065936,"START_DATE":"2019-07-01 00:00:00","FISCAL_YEAR":"6-30","CURRENCY":"HKD","IS_CNY_CODE":0,"DPS_HKD_LY":0.05,"ORG_TYPE":"一般企业","PREMIUM_INCOME":null,"PREMIUM_INCOME_YOY":null,"NET_INTEREST_INCOME":null,"NET_INTEREST_INCOME_YOY":null,"FEE_COMMISSION_INCOME":null,"FEE_COMMISSION_INCOME_YOY":null,"ACCOUNTS_RECE_TDAYS":0.846429187939,"INVENTORY_TDAYS":38.17962962963,"CURRENT_ASSETS_TDAYS":0.484807675261,"TOTAL_ASSETS_TDAYS":0.334818043824,"PREMIUM_EXPENSE":null,"LOAN_DEPOSIT":null,"LOAN_EQUITY":null,"LOAN_ASSETS":null,"DEPOSIT_EQUITY":null,"DEPOSIT_ASSETS":null,"EQUITY_MULTIPLIER":2.359057297328,"EQUITY_RATIO":1.372084316278}],"count":25},"success":true,"message":"ok","code":0}