{"version":"5ed9eef37569f3a4af5aa8d01e64210f","result":{"pages":2,"data":[{"SECUCODE":"01376.HK","SECURITY_CODE":"01376","SECURITY_NAME_ABBR":"RAFFLESINTERIOR","ORG_CODE":"10000013545","STD_REPORT_DATE":"2024-06-30 00:00:00","REPORT_DATE":"2024-06-30 00:00:00","DATE_TYPE_CODE":"002","REPORT_TYPE":"2024年中报","PER_NETCASH_OPERATE":-0.014997639,"PER_OI":0.128163562,"BPS":0.067317808,"BASIC_EPS":0.0021116,"DILUTED_EPS":0.0015837,"OPERATE_INCOME":128163562,"OPERATE_INCOME_YOY":-54.1214709551,"GROSS_PROFIT":29145359,"GROSS_PROFIT_YOY":-8.756181782546,"HOLDER_PROFIT":2069368,"HOLDER_PROFIT_YOY":-82.2141560799,"GROSS_PROFIT_RATIO":22.740752945053,"EPS_TTM":-0.0021650372,"OPERATE_INCOME_QOQ":-31.540137702391,"NET_PROFIT_RATIO":0.3583491227,"ROE_AVG":3.121889061442,"GROSS_PROFIT_QOQ":-4.524968519314,"ROA":0.88864708016,"HOLDER_PROFIT_QOQ":-128.697991450823,"ROE_YEARLY":6.243778122885,"ROIC_YEARLY":2.73824284442,"TOTAL_ASSETS":232281279,"TOTAL_LIABILITIES":162060021,"TAX_EBT":64.777327935223,"OCF_SALES":-11.701952384875,"TOTAL_PARENT_EQUITY":67317808,"DEBT_ASSET_RATIO":69.7688688893,"OPERATE_PROFIT":2417782,"PRETAX_PROFIT":1303913,"NETCASH_OPERATE":-14997639,"NETCASH_INVEST":-5279,"NETCASH_FINANCE":-3748090,"END_CASH":70902249,"DIVI_RATIO":null,"DIVIDEND_RATE":null,"CURRENT_RATIO":1.241783251891,"COMMON_ACS":10000000000,"CURRENTDEBT_DEBT":97.325645786508,"ISSUED_COMMON_SHARES":1000000000,"HK_COMMON_SHARES":1000000000,"PER_SHARES":8000,"TOTAL_MARKET_CAP":69000000,"HKSK_MARKET_CAP":69000000,"PE_TTM":-31.606816002031,"PB_TTM":0.935486788814,"REPORT_DATE_SQ":"2023-06-30 00:00:00","REPORT_TYPE_SQ":"2023年中报","OPERATE_INCOME_SQ":282804375.6,"DPS_HKD":null,"OPERATE_INCOME_QOQ_SQ":39.154420603056,"NET_PROFIT_RATIO_SQ":4.1649344268,"HOLDER_PROFIT_SQ":11778616.8,"HOLDER_PROFIT_QOQ_SQ":186.910987998087,"ROE_AVG_SQ":18.262418693293,"PE_TTM_SQ":60.453360510242,"PB_TTM_SQ":5.176640664926,"ROA_SQ":5.10752688172,"START_DATE":"2024-01-01 00:00:00","FISCAL_YEAR":"12-31","CURRENCY":"HKD","IS_CNY_CODE":0,"DPS_HKD_LY":null,"ORG_TYPE":"一般企业","PREMIUM_INCOME":null,"PREMIUM_INCOME_YOY":null,"NET_INTEREST_INCOME":null,"NET_INTEREST_INCOME_YOY":null,"FEE_COMMISSION_INCOME":null,"FEE_COMMISSION_INCOME_YOY":null,"ACCOUNTS_RECE_TDAYS":3.673475563625,"INVENTORY_TDAYS":101.940217391304,"CURRENT_ASSETS_TDAYS":0.606381517328,"TOTAL_ASSETS_TDAYS":0.550371780921,"PREMIUM_EXPENSE":null,"LOAN_DEPOSIT":null,"LOAN_EQUITY":null,"LOAN_ASSETS":null,"DEPOSIT_EQUITY":null,"DEPOSIT_ASSETS":null,"EQUITY_MULTIPLIER":3.307848443838,"EQUITY_RATIO":2.407387076537},{"SECUCODE":"01376.HK","SECURITY_CODE":"01376","SECURITY_NAME_ABBR":"RAFFLESINTERIOR","ORG_CODE":"10000013545","STD_REPORT_DATE":"2023-12-31 00:00:00","REPORT_DATE":"2023-12-31 00:00:00","DATE_TYPE_CODE":"001","REPORT_TYPE":"2023年年报","PER_NETCASH_OPERATE":0.1008816492,"PER_OI":0.4902984732,"BPS":0.0664675692,"BASIC_EPS":0.00752808,"DILUTED_EPS":null,"OPERATE_INCOME":490298473.2,"OPERATE_INCOME_YOY":37.1287203164,"GROSS_PROFIT":61810914,"GROSS_PROFIT_YOY":54.315114063372,"HOLDER_PROFIT":7544211.6,"HOLDER_PROFIT_YOY":202.9347028613,"GROSS_PROFIT_RATIO":12.606793081892,"EPS_TTM":0.0075442116,"OPERATE_INCOME_QOQ":2.234627232171,"NET_PROFIT_RATIO":1.538697755,"ROE_AVG":12.025370703694,"GROSS_PROFIT_QOQ":9.183833467091,"ROA":3.274365197909,"HOLDER_PROFIT_QOQ":22.872227135906,"ROE_YEARLY":12.025370703694,"ROIC_YEARLY":4.339018695202,"TOTAL_ASSETS":237795915.6,"TOTAL_LIABILITIES":171328346.4,"TAX_EBT":0.142348754448,"OCF_SALES":20.575558504513,"TOTAL_PARENT_EQUITY":66467569.2,"DEBT_ASSET_RATIO":72.0484815594,"OPERATE_PROFIT":8130326.4,"PRETAX_PROFIT":7554966,"NETCASH_OPERATE":100881649.2,"NETCASH_INVEST":-279614.4,"NETCASH_FINANCE":-31026444,"END_CASH":91304856,"DIVI_RATIO":null,"DIVIDEND_RATE":null,"CURRENT_RATIO":1.383013645726,"COMMON_ACS":10000000000,"CURRENTDEBT_DEBT":97.520557403804,"ISSUED_COMMON_SHARES":1000000000,"HK_COMMON_SHARES":1000000000,"PER_SHARES":8000,"TOTAL_MARKET_CAP":200000000,"HKSK_MARKET_CAP":200000000,"PE_TTM":-91.613959426175,"PB_TTM":2.711555909607,"REPORT_DATE_SQ":"2022-12-31 00:00:00","REPORT_TYPE_SQ":"2022年年报","OPERATE_INCOME_SQ":344639868.3,"DPS_HKD":null,"OPERATE_INCOME_QOQ_SQ":-8.57757148355,"NET_PROFIT_RATIO_SQ":-2.0498398328,"HOLDER_PROFIT_SQ":-7064565.3,"HOLDER_PROFIT_QOQ_SQ":-22.667550483017,"ROE_AVG_SQ":-11.688033271878,"PE_TTM_SQ":59.68812809872,"PB_TTM_SQ":5.111113567902,"ROA_SQ":-2.751450921019,"START_DATE":"2023-01-01 00:00:00","FISCAL_YEAR":"12-31","CURRENCY":"HKD","IS_CNY_CODE":0,"DPS_HKD_LY":null,"ORG_TYPE":"一般企业","PREMIUM_INCOME":null,"PREMIUM_INCOME_YOY":null,"NET_INTEREST_INCOME":null,"NET_INTEREST_INCOME_YOY":null,"FEE_COMMISSION_INCOME":null,"FEE_COMMISSION_INCOME_YOY":null,"ACCOUNTS_RECE_TDAYS":12.107422653034,"INVENTORY_TDAYS":null,"CURRENT_ASSETS_TDAYS":2.207665488354,"TOTAL_ASSETS_TDAYS":2.12801064227,"PREMIUM_EXPENSE":null,"LOAN_DEPOSIT":null,"LOAN_EQUITY":null,"LOAN_ASSETS":null,"DEPOSIT_EQUITY":null,"DEPOSIT_ASSETS":null,"EQUITY_MULTIPLIER":3.57762316965,"EQUITY_RATIO":2.577623169646},{"SECUCODE":"01376.HK","SECURITY_CODE":"01376","SECURITY_NAME_ABBR":"RAFFLESINTERIOR","ORG_CODE":"10000013545","STD_REPORT_DATE":"2023-06-30 00:00:00","REPORT_DATE":"2023-06-30 00:00:00","DATE_TYPE_CODE":"002","REPORT_TYPE":"2023年中报","PER_NETCASH_OPERATE":0.0390286926,"PER_OI":0.2828043756,"BPS":0.0703510488,"BASIC_EPS":0.01175724,"DILUTED_EPS":0.01175724,"OPERATE_INCOME":282804375.6,"OPERATE_INCOME_YOY":72.3937972374,"GROSS_PROFIT":31942283.4,"GROSS_PROFIT_YOY":107.612931346129,"HOLDER_PROFIT":11778616.8,"HOLDER_PROFIT_YOY":844.5945945946,"GROSS_PROFIT_RATIO":11.294833516006,"EPS_TTM":0.0061398835,"OPERATE_INCOME_QOQ":39.154420603056,"NET_PROFIT_RATIO":4.1649344268,"ROE_AVG":18.262418693293,"GROSS_PROFIT_QOQ":41.335131001683,"ROA":5.10752688172,"HOLDER_PROFIT_QOQ":186.910987998087,"ROE_YEARLY":36.524837386585,"ROIC_YEARLY":11.593897948448,"TOTAL_ASSETS":239585830.2,"TOTAL_LIABILITIES":169234781.4,"TAX_EBT":0.27149321267,"OCF_SALES":13.800597150308,"TOTAL_PARENT_EQUITY":70351048.8,"DEBT_ASSET_RATIO":70.636389998,"OPERATE_PROFIT":12409232.4,"PRETAX_PROFIT":11810682,"NETCASH_OPERATE":39028692.6,"NETCASH_INVEST":-128260.8,"NETCASH_FINANCE":-27271452.6,"END_CASH":33224891.4,"DIVI_RATIO":null,"DIVIDEND_RATE":null,"CURRENT_RATIO":1.42792003965,"COMMON_ACS":10000000000,"CURRENTDEBT_DEBT":95.572678182335,"ISSUED_COMMON_SHARES":1000000000,"HK_COMMON_SHARES":1000000000,"PER_SHARES":8000,"TOTAL_MARKET_CAP":200000000,"HKSK_MARKET_CAP":200000000,"PE_TTM":-91.613959426175,"PB_TTM":2.711555909607,"REPORT_DATE_SQ":"2022-06-30 00:00:00","REPORT_TYPE_SQ":"2022年中报","OPERATE_INCOME_SQ":147862632,"DPS_HKD":null,"OPERATE_INCOME_QOQ_SQ":0.411146466424,"NET_PROFIT_RATIO_SQ":-0.9642950222,"HOLDER_PROFIT_SQ":-1425832,"HOLDER_PROFIT_QOQ_SQ":-9.185562495002,"ROE_AVG_SQ":-2.426328947908,"PE_TTM_SQ":59.68812809872,"PB_TTM_SQ":5.111113567902,"ROA_SQ":-0.569844447867,"START_DATE":"2023-01-01 00:00:00","FISCAL_YEAR":"12-31","CURRENCY":"HKD","IS_CNY_CODE":0,"DPS_HKD_LY":null,"ORG_TYPE":"一般企业","PREMIUM_INCOME":null,"PREMIUM_INCOME_YOY":null,"NET_INTEREST_INCOME":null,"NET_INTEREST_INCOME_YOY":null,"FEE_COMMISSION_INCOME":null,"FEE_COMMISSION_INCOME_YOY":null,"ACCOUNTS_RECE_TDAYS":null,"INVENTORY_TDAYS":null,"CURRENT_ASSETS_TDAYS":1.277487416563,"TOTAL_ASSETS_TDAYS":1.226316277345,"PREMIUM_EXPENSE":null,"LOAN_DEPOSIT":null,"LOAN_EQUITY":null,"LOAN_ASSETS":null,"DEPOSIT_EQUITY":null,"DEPOSIT_ASSETS":null,"EQUITY_MULTIPLIER":3.405575812824,"EQUITY_RATIO":2.405575812823},{"SECUCODE":"01376.HK","SECURITY_CODE":"01376","SECURITY_NAME_ABBR":"RAFFLESINTERIOR","ORG_CODE":"10000013545","STD_REPORT_DATE":"2022-12-31 00:00:00","REPORT_DATE":"2022-12-31 00:00:00","DATE_TYPE_CODE":"001","REPORT_TYPE":"2022年年报","PER_NETCASH_OPERATE":-0.0036903672,"PER_OI":0.3446398683,"BPS":0.0568741563,"BASIC_EPS":-0.00725634,"DILUTED_EPS":null,"OPERATE_INCOME":344639868.3,"OPERATE_INCOME_YOY":-16.4408866995,"GROSS_PROFIT":40054996.8,"GROSS_PROFIT_YOY":32.967979146981,"HOLDER_PROFIT":-7064565.3,"HOLDER_PROFIT_YOY":-21.9141323792,"GROSS_PROFIT_RATIO":11.622276029056,"EPS_TTM":-0.0070645653,"OPERATE_INCOME_QOQ":-8.57757148355,"NET_PROFIT_RATIO":-2.0498398328,"ROE_AVG":-11.688033271878,"GROSS_PROFIT_QOQ":32.303323826728,"ROA":-2.751450921019,"HOLDER_PROFIT_QOQ":-22.667550483017,"ROE_YEARLY":-11.688033271878,"ROIC_YEARLY":-3.230738234353,"TOTAL_ASSETS":214958706.3,"TOTAL_LIABILITIES":158084550,"TAX_EBT":1.088534107402,"OCF_SALES":-1.070789406404,"TOTAL_PARENT_EQUITY":56874156.3,"DEBT_ASSET_RATIO":73.5418223905,"OPERATE_PROFIT":-4379719.5,"PRETAX_PROFIT":-7142311.8,"NETCASH_OPERATE":-3690367.2,"NETCASH_INVEST":-585690.3,"NETCASH_FINANCE":-29932402.5,"END_CASH":20976005.7,"DIVI_RATIO":null,"DIVIDEND_RATE":null,"CURRENT_RATIO":1.384489082969,"COMMON_ACS":10000000000,"CURRENTDEBT_DEBT":93.852459016393,"ISSUED_COMMON_SHARES":1000000000,"HK_COMMON_SHARES":1000000000,"PER_SHARES":8000,"TOTAL_MARKET_CAP":200000000,"HKSK_MARKET_CAP":200000000,"PE_TTM":-91.613959426175,"PB_TTM":2.711555909607,"REPORT_DATE_SQ":"2021-12-31 00:00:00","REPORT_TYPE_SQ":"2021年年报","OPERATE_INCOME_SQ":375431610.4,"DPS_HKD":null,"OPERATE_INCOME_QOQ_SQ":19.107698203508,"NET_PROFIT_RATIO_SQ":-1.4049462149,"HOLDER_PROFIT_SQ":-5274612.2,"HOLDER_PROFIT_QOQ_SQ":93.192598428742,"ROE_AVG_SQ":-8.659282782124,"PE_TTM_SQ":59.68812809872,"PB_TTM_SQ":5.111113567902,"ROA_SQ":-1.833613514289,"START_DATE":"2022-01-01 00:00:00","FISCAL_YEAR":"12-31","CURRENCY":"HKD","IS_CNY_CODE":0,"DPS_HKD_LY":null,"ORG_TYPE":"一般企业","PREMIUM_INCOME":null,"PREMIUM_INCOME_YOY":null,"NET_INTEREST_INCOME":null,"NET_INTEREST_INCOME_YOY":null,"FEE_COMMISSION_INCOME":null,"FEE_COMMISSION_INCOME_YOY":null,"ACCOUNTS_RECE_TDAYS":6.728698643999,"INVENTORY_TDAYS":null,"CURRENT_ASSETS_TDAYS":1.40525175675,"TOTAL_ASSETS_TDAYS":1.342276053495,"PREMIUM_EXPENSE":null,"LOAN_DEPOSIT":null,"LOAN_EQUITY":null,"LOAN_ASSETS":null,"DEPOSIT_EQUITY":null,"DEPOSIT_ASSETS":null,"EQUITY_MULTIPLIER":3.779549804069,"EQUITY_RATIO":2.779549804065},{"SECUCODE":"01376.HK","SECURITY_CODE":"01376","SECURITY_NAME_ABBR":"RAFFLESINTERIOR","ORG_CODE":"10000013545","STD_REPORT_DATE":"2022-06-30 00:00:00","REPORT_DATE":"2022-06-30 00:00:00","DATE_TYPE_CODE":"002","REPORT_TYPE":"2022年中报","PER_NETCASH_OPERATE":0.004542431,"PER_OI":0.147862632,"BPS":0.058040033,"BASIC_EPS":-0.0014451,"DILUTED_EPS":-0.0014451,"OPERATE_INCOME":147862632,"OPERATE_INCOME_YOY":0.754939933,"GROSS_PROFIT":15385498,"GROSS_PROFIT_YOY":0.993383004322,"HOLDER_PROFIT":-1425832,"HOLDER_PROFIT_YOY":-51.0204081633,"GROSS_PROFIT_RATIO":10.40526452958,"EPS_TTM":-0.005759115,"OPERATE_INCOME_QOQ":0.411146466424,"NET_PROFIT_RATIO":-0.9642950222,"ROE_AVG":-2.426328947908,"GROSS_PROFIT_QOQ":0.502372352431,"ROA":-0.569844447867,"HOLDER_PROFIT_QOQ":-9.185562495002,"ROE_YEARLY":-4.852657895815,"ROIC_YEARLY":-1.397231499074,"TOTAL_ASSETS":222959662,"TOTAL_LIABILITIES":164919629,"TAX_EBT":1.661129568106,"OCF_SALES":3.072061506385,"TOTAL_PARENT_EQUITY":58040033,"DEBT_ASSET_RATIO":73.9683705656,"OPERATE_PROFIT":-409445,"PRETAX_PROFIT":-1449917,"NETCASH_OPERATE":4542431,"NETCASH_INVEST":-544321,"NETCASH_FINANCE":-14369111,"END_CASH":40934866,"DIVI_RATIO":null,"DIVIDEND_RATE":null,"CURRENT_RATIO":1.38237420247,"COMMON_ACS":10000000000,"CURRENTDEBT_DEBT":92.931623681982,"ISSUED_COMMON_SHARES":1000000000,"HK_COMMON_SHARES":1000000000,"PER_SHARES":8000,"TOTAL_MARKET_CAP":200000000,"HKSK_MARKET_CAP":200000000,"PE_TTM":-91.613959426175,"PB_TTM":2.711555909607,"REPORT_DATE_SQ":"2021-06-30 00:00:00","REPORT_TYPE_SQ":"2021年中报","OPERATE_INCOME_SQ":146319058.2,"DPS_HKD":null,"OPERATE_INCOME_QOQ_SQ":-0.472359156314,"NET_PROFIT_RATIO_SQ":-0.6433401169,"HOLDER_PROFIT_SQ":-941329.2,"HOLDER_PROFIT_QOQ_SQ":1.484293658153,"ROE_AVG_SQ":-1.465694522341,"PE_TTM_SQ":59.68812809872,"PB_TTM_SQ":5.111113567902,"ROA_SQ":-0.35225506142,"START_DATE":"2022-01-01 00:00:00","FISCAL_YEAR":"12-31","CURRENCY":"HKD","IS_CNY_CODE":0,"DPS_HKD_LY":null,"ORG_TYPE":"一般企业","PREMIUM_INCOME":null,"PREMIUM_INCOME_YOY":null,"NET_INTEREST_INCOME":null,"NET_INTEREST_INCOME_YOY":null,"FEE_COMMISSION_INCOME":null,"FEE_COMMISSION_INCOME_YOY":null,"ACCOUNTS_RECE_TDAYS":null,"INVENTORY_TDAYS":null,"CURRENT_ASSETS_TDAYS":0.620202652874,"TOTAL_ASSETS_TDAYS":0.590944093639,"PREMIUM_EXPENSE":null,"LOAN_DEPOSIT":null,"LOAN_EQUITY":null,"LOAN_ASSETS":null,"DEPOSIT_EQUITY":null,"DEPOSIT_ASSETS":null,"EQUITY_MULTIPLIER":3.841480620796,"EQUITY_RATIO":2.841480620798},{"SECUCODE":"01376.HK","SECURITY_CODE":"01376","SECURITY_NAME_ABBR":"RAFFLESINTERIOR","ORG_CODE":"10000013545","STD_REPORT_DATE":"2021-12-31 00:00:00","REPORT_DATE":"2021-12-31 00:00:00","DATE_TYPE_CODE":"001","REPORT_TYPE":"2021年年报","PER_NETCASH_OPERATE":-0.0233111439,"PER_OI":0.3754316104,"BPS":0.058266065,"BASIC_EPS":-0.00518969,"DILUTED_EPS":null,"OPERATE_INCOME":375431610.4,"OPERATE_INCOME_YOY":23.9096245776,"GROSS_PROFIT":30123791.5,"GROSS_PROFIT_YOY":336.582798253855,"HOLDER_PROFIT":-5274612.2,"HOLDER_PROFIT_YOY":92.9901561226,"GROSS_PROFIT_RATIO":8.023776012868,"EPS_TTM":-0.0052746122,"OPERATE_INCOME_QOQ":19.107698203508,"NET_PROFIT_RATIO":-1.4049462149,"ROE_AVG":-8.659282782124,"GROSS_PROFIT_QOQ":266.25869882472,"ROA":-1.833613514289,"HOLDER_PROFIT_QOQ":93.192598428742,"ROE_YEARLY":-8.659282782124,"ROIC_YEARLY":-2.373068432671,"TOTAL_ASSETS":271760475.8,"TOTAL_LIABILITIES":213494410.8,"TAX_EBT":-10.583580613254,"OCF_SALES":-6.209158540263,"TOTAL_PARENT_EQUITY":58266065,"DEBT_ASSET_RATIO":78.5597722301,"OPERATE_PROFIT":-2877919,"PRETAX_PROFIT":-4769796.9,"NETCASH_OPERATE":-23311143.9,"NETCASH_INVEST":6477676.7,"NETCASH_FINANCE":-13436579.2,"END_CASH":50250352.9,"DIVI_RATIO":null,"DIVIDEND_RATE":null,"CURRENT_RATIO":1.300607694308,"COMMON_ACS":10000000000,"CURRENTDEBT_DEBT":93.456642800318,"ISSUED_COMMON_SHARES":1000000000,"HK_COMMON_SHARES":1000000000,"PER_SHARES":8000,"TOTAL_MARKET_CAP":200000000,"HKSK_MARKET_CAP":200000000,"PE_TTM":-91.613959426175,"PB_TTM":2.711555909607,"REPORT_DATE_SQ":"2020-12-31 00:00:00","REPORT_TYPE_SQ":"2020年年报","OPERATE_INCOME_SQ":316699439.4,"DPS_HKD":null,"OPERATE_INCOME_QOQ_SQ":-11.753593832406,"NET_PROFIT_RATIO_SQ":-24.8345556749,"HOLDER_PROFIT_SQ":-78650898.6,"HOLDER_PROFIT_QOQ_SQ":-580.297156974987,"ROE_AVG_SQ":-123.248715273753,"PE_TTM_SQ":59.68812809872,"PB_TTM_SQ":5.111113567902,"ROA_SQ":-29.313434481745,"START_DATE":"2021-01-01 00:00:00","FISCAL_YEAR":"12-31","CURRENCY":"HKD","IS_CNY_CODE":0,"DPS_HKD_LY":null,"ORG_TYPE":"一般企业","PREMIUM_INCOME":null,"PREMIUM_INCOME_YOY":null,"NET_INTEREST_INCOME":null,"NET_INTEREST_INCOME_YOY":null,"FEE_COMMISSION_INCOME":null,"FEE_COMMISSION_INCOME_YOY":null,"ACCOUNTS_RECE_TDAYS":null,"INVENTORY_TDAYS":null,"CURRENT_ASSETS_TDAYS":1.373693432421,"TOTAL_ASSETS_TDAYS":1.305112960761,"PREMIUM_EXPENSE":null,"LOAN_DEPOSIT":null,"LOAN_EQUITY":null,"LOAN_ASSETS":null,"DEPOSIT_EQUITY":null,"DEPOSIT_ASSETS":null,"EQUITY_MULTIPLIER":4.664129554649,"EQUITY_RATIO":3.664129554656},{"SECUCODE":"01376.HK","SECURITY_CODE":"01376","SECURITY_NAME_ABBR":"RAFFLESINTERIOR","ORG_CODE":"10000013545","STD_REPORT_DATE":"2021-06-30 00:00:00","REPORT_DATE":"2021-06-30 00:00:00","DATE_TYPE_CODE":"002","REPORT_TYPE":"2021年中报","PER_NETCASH_OPERATE":-0.0021035826,"PER_OI":0.1463190582,"BPS":0.0637462371,"BASIC_EPS":-0.00096054,"DILUTED_EPS":-0.00096054,"OPERATE_INCOME":146319058.2,"OPERATE_INCOME_YOY":4.7301478171,"GROSS_PROFIT":15234164.4,"GROSS_PROFIT_YOY":-26.119171177589,"HOLDER_PROFIT":-941329.2,"HOLDER_PROFIT_YOY":52.7710843373,"GROSS_PROFIT_RATIO":10.411606380884,"EPS_TTM":-0.0774834883,"OPERATE_INCOME_QOQ":-0.472359156314,"NET_PROFIT_RATIO":-0.6433401169,"ROE_AVG":-1.465694522341,"GROSS_PROFIT_QOQ":-42.297996992792,"ROA":-0.35225506142,"HOLDER_PROFIT_QOQ":1.484293658153,"ROE_YEARLY":-2.931389044681,"ROIC_YEARLY":-0.932245713334,"TOTAL_ASSETS":225438738,"TOTAL_LIABILITIES":161692500.9,"TAX_EBT":-97.979797979798,"OCF_SALES":-1.437668220311,"TOTAL_PARENT_EQUITY":63746237.1,"DEBT_ASSET_RATIO":71.7234767789,"OPERATE_PROFIT":393821.4,"PRETAX_PROFIT":-475467.3,"NETCASH_OPERATE":-2103582.6,"NETCASH_INVEST":-96054,"NETCASH_FINANCE":-31203141.9,"END_CASH":48579310.5,"DIVI_RATIO":null,"DIVIDEND_RATE":null,"CURRENT_RATIO":1.458089992036,"COMMON_ACS":10000000000,"CURRENTDEBT_DEBT":89.511985029851,"ISSUED_COMMON_SHARES":1000000000,"HK_COMMON_SHARES":1000000000,"PER_SHARES":8000,"TOTAL_MARKET_CAP":200000000,"HKSK_MARKET_CAP":200000000,"PE_TTM":-91.613959426175,"PB_TTM":2.711555909607,"REPORT_DATE_SQ":"2020-06-30 00:00:00","REPORT_TYPE_SQ":"2020年中报","OPERATE_INCOME_SQ":147815017,"DPS_HKD":null,"OPERATE_INCOME_QOQ_SQ":-9.516563460409,"NET_PROFIT_RATIO_SQ":-1.4266070815,"HOLDER_PROFIT_SQ":-2108739.5,"HOLDER_PROFIT_QOQ_SQ":-31.759076082451,"ROE_AVG_SQ":-2.004104792949,"PE_TTM_SQ":59.68812809872,"PB_TTM_SQ":5.111113567902,"ROA_SQ":-0.791591958189,"START_DATE":"2021-01-01 00:00:00","FISCAL_YEAR":"12-31","CURRENCY":"HKD","IS_CNY_CODE":0,"DPS_HKD_LY":null,"ORG_TYPE":"一般企业","PREMIUM_INCOME":null,"PREMIUM_INCOME_YOY":null,"NET_INTEREST_INCOME":null,"NET_INTEREST_INCOME_YOY":null,"FEE_COMMISSION_INCOME":null,"FEE_COMMISSION_INCOME_YOY":null,"ACCOUNTS_RECE_TDAYS":3.635560859189,"INVENTORY_TDAYS":null,"CURRENT_ASSETS_TDAYS":0.581445502605,"TOTAL_ASSETS_TDAYS":0.547540954144,"PREMIUM_EXPENSE":null,"LOAN_DEPOSIT":null,"LOAN_EQUITY":null,"LOAN_ASSETS":null,"DEPOSIT_EQUITY":null,"DEPOSIT_ASSETS":null,"EQUITY_MULTIPLIER":3.536502674607,"EQUITY_RATIO":2.536502674603},{"SECUCODE":"01376.HK","SECURITY_CODE":"01376","SECURITY_NAME_ABBR":"RAFFLESINTERIOR","ORG_CODE":"10000013545","STD_REPORT_DATE":"2020-12-31 00:00:00","REPORT_DATE":"2020-12-31 00:00:00","DATE_TYPE_CODE":"001","REPORT_TYPE":"2020年年报","PER_NETCASH_OPERATE":-0.018961233,"PER_OI":0.3166994394,"BPS":0.0664358208,"BASIC_EPS":-0.0862995,"DILUTED_EPS":-0.0862995,"OPERATE_INCOME":316699439.4,"OPERATE_INCOME_YOY":-16.2251007709,"GROSS_PROFIT":-12732874.8,"GROSS_PROFIT_YOY":-115.173450926919,"HOLDER_PROFIT":-78650898.6,"HOLDER_PROFIT_YOY":-443.8766709789,"GROSS_PROFIT_RATIO":-4.020491739462,"EPS_TTM":-0.0786508986,"OPERATE_INCOME_QOQ":-11.753593832406,"NET_PROFIT_RATIO":-24.8345556749,"ROE_AVG":-123.248715273753,"GROSS_PROFIT_QOQ":-119.580289469646,"ROA":-29.313434481745,"HOLDER_PROFIT_QOQ":-580.297156974987,"ROE_YEARLY":-123.248715273753,"ROIC_YEARLY":-35.792591927647,"TOTAL_ASSETS":317301070.2,"TOTAL_LIABILITIES":250865249.4,"TAX_EBT":0.777653353241,"OCF_SALES":-5.987138163529,"TOTAL_PARENT_EQUITY":66435820.8,"DEBT_ASSET_RATIO":79.0622134498,"OPERATE_PROFIT":-77388460.2,"PRETAX_PROFIT":-79267323.6,"NETCASH_OPERATE":-18961233,"NETCASH_INVEST":-33370783.8,"NETCASH_FINANCE":123551295.6,"END_CASH":84178998,"DIVI_RATIO":null,"DIVIDEND_RATE":null,"CURRENT_RATIO":1.303145812365,"COMMON_ACS":10000000000,"CURRENTDEBT_DEBT":91.794932279688,"ISSUED_COMMON_SHARES":1000000000,"HK_COMMON_SHARES":1000000000,"PER_SHARES":8000,"TOTAL_MARKET_CAP":200000000,"HKSK_MARKET_CAP":200000000,"PE_TTM":-91.613959426175,"PB_TTM":2.711555909607,"REPORT_DATE_SQ":"2019-12-31 00:00:00","REPORT_TYPE_SQ":"2019年年报","OPERATE_INCOME_SQ":396626000.1,"DPS_HKD":null,"OPERATE_INCOME_QOQ_SQ":-5.367340586726,"NET_PROFIT_RATIO_SQ":6.0501702344,"HOLDER_PROFIT_SQ":23996548.2,"HOLDER_PROFIT_QOQ_SQ":10.027525831611,"ROE_AVG_SQ":45.966303270565,"PE_TTM_SQ":59.68812809872,"PB_TTM_SQ":5.111113567902,"ROA_SQ":10.908321181617,"START_DATE":"2020-01-01 00:00:00","FISCAL_YEAR":"12-31","CURRENCY":"HKD","IS_CNY_CODE":0,"DPS_HKD_LY":null,"ORG_TYPE":"一般企业","PREMIUM_INCOME":null,"PREMIUM_INCOME_YOY":null,"NET_INTEREST_INCOME":null,"NET_INTEREST_INCOME_YOY":null,"FEE_COMMISSION_INCOME":null,"FEE_COMMISSION_INCOME_YOY":null,"ACCOUNTS_RECE_TDAYS":null,"INVENTORY_TDAYS":null,"CURRENT_ASSETS_TDAYS":1.261176516795,"TOTAL_ASSETS_TDAYS":1.180348658757,"PREMIUM_EXPENSE":null,"LOAN_DEPOSIT":null,"LOAN_EQUITY":null,"LOAN_ASSETS":null,"DEPOSIT_EQUITY":null,"DEPOSIT_ASSETS":null,"EQUITY_MULTIPLIER":4.776054038006,"EQUITY_RATIO":3.776054038005},{"SECUCODE":"01376.HK","SECURITY_CODE":"01376","SECURITY_NAME_ABBR":"RAFFLESINTERIOR","ORG_CODE":"10000013545","STD_REPORT_DATE":"2020-06-30 00:00:00","REPORT_DATE":"2020-06-30 00:00:00","DATE_TYPE_CODE":"002","REPORT_TYPE":"2020年中报","PER_NETCASH_OPERATE":-0.0366971486,"PER_OI":0.147815017,"BPS":0.1473881878,"BASIC_EPS":-0.00254065,"DILUTED_EPS":-0.00254065,"OPERATE_INCOME":147815017,"OPERATE_INCOME_YOY":-20.3537400066,"GROSS_PROFIT":20619915.4,"GROSS_PROFIT_YOY":-44.111277991942,"HOLDER_PROFIT":-2108739.5,"HOLDER_PROFIT_YOY":-138.2488479263,"GROSS_PROFIT_RATIO":13.334479202475,"EPS_TTM":0.0163754662,"OPERATE_INCOME_QOQ":-9.516563460409,"NET_PROFIT_RATIO":-1.4266070815,"ROE_AVG":-2.004104792949,"GROSS_PROFIT_QOQ":-20.90201264465,"ROA":-0.791591958189,"HOLDER_PROFIT_QOQ":-31.759076082451,"ROE_YEARLY":-4.008209585899,"ROIC_YEARLY":-1.900400686892,"TOTAL_ASSETS":306798731.4,"TOTAL_LIABILITIES":159410543.6,"TAX_EBT":-519.402985074627,"OCF_SALES":-24.826400825026,"TOTAL_PARENT_EQUITY":147388187.8,"DEBT_ASSET_RATIO":51.9593229322,"OPERATE_PROFIT":899390.1,"PRETAX_PROFIT":-340447.1,"NETCASH_OPERATE":-35787595.9,"NETCASH_INVEST":-431910.5,"NETCASH_FINANCE":98445106.2,"END_CASH":75579256.2,"DIVI_RATIO":null,"DIVIDEND_RATE":null,"CURRENT_RATIO":1.854490067084,"COMMON_ACS":10000000000,"CURRENTDEBT_DEBT":98.358408772154,"ISSUED_COMMON_SHARES":1000000000,"HK_COMMON_SHARES":1000000000,"PER_SHARES":8000,"TOTAL_MARKET_CAP":200000000,"HKSK_MARKET_CAP":200000000,"PE_TTM":-91.613959426175,"PB_TTM":2.711555909607,"REPORT_DATE_SQ":"2019-06-30 00:00:00","REPORT_TYPE_SQ":"2019年中报","OPERATE_INCOME_SQ":185560182,"DPS_HKD":null,"OPERATE_INCOME_QOQ_SQ":3.146012874574,"NET_PROFIT_RATIO_SQ":2.970649436,"HOLDER_PROFIT_SQ":5512342.5,"HOLDER_PROFIT_QOQ_SQ":-32.383746994019,"ROE_AVG_SQ":13.051061526433,"PE_TTM_SQ":59.68812809872,"PB_TTM_SQ":5.111113567902,"ROA_SQ":2.594235298337,"START_DATE":"2020-01-01 00:00:00","FISCAL_YEAR":"12-31","CURRENCY":"HKD","IS_CNY_CODE":0,"DPS_HKD_LY":null,"ORG_TYPE":"一般企业","PREMIUM_INCOME":null,"PREMIUM_INCOME_YOY":null,"NET_INTEREST_INCOME":null,"NET_INTEREST_INCOME_YOY":null,"FEE_COMMISSION_INCOME":null,"FEE_COMMISSION_INCOME_YOY":null,"ACCOUNTS_RECE_TDAYS":2.394337215523,"INVENTORY_TDAYS":null,"CURRENT_ASSETS_TDAYS":0.592379905105,"TOTAL_ASSETS_TDAYS":0.554877350933,"PREMIUM_EXPENSE":null,"LOAN_DEPOSIT":null,"LOAN_EQUITY":null,"LOAN_ASSETS":null,"DEPOSIT_EQUITY":null,"DEPOSIT_ASSETS":null,"EQUITY_MULTIPLIER":2.081569330484,"EQUITY_RATIO":1.081569330483}],"count":15},"success":true,"message":"ok","code":0}