{"version":"0c787ff8e29e23c9ea4167dd1d572c23","result":{"pages":3,"data":[{"SECUCODE":"01372.HK","SECURITY_CODE":"01372","SECURITY_NAME_ABBR":"中国碳中和","ORG_CODE":"10355801","STD_REPORT_DATE":"2023-12-31 00:00:00","REPORT_DATE":"2023-12-31 00:00:00","DATE_TYPE_CODE":"001","REPORT_TYPE":"2023年年报","PER_NETCASH_OPERATE":0.00031628059,"PER_OI":1.070405144233,"BPS":0.214708854274,"BASIC_EPS":-0.01903062,"DILUTED_EPS":-0.01903062,"OPERATE_INCOME":573523076.28,"OPERATE_INCOME_YOY":-10.7756031952,"GROSS_PROFIT":32371084.62,"GROSS_PROFIT_YOY":-14.744135118584,"HOLDER_PROFIT":-7962955.14,"HOLDER_PROFIT_YOY":95.5502326924,"GROSS_PROFIT_RATIO":5.644251462376,"EPS_TTM":-0.014861805039,"OPERATE_INCOME_QOQ":-7.207611757739,"NET_PROFIT_RATIO":-1.7869275717,"ROE_AVG":-22.588688946015,"GROSS_PROFIT_QOQ":-23.780938485222,"ROA":-2.178224203152,"HOLDER_PROFIT_QOQ":96.265138794953,"ROE_YEARLY":-22.588688946015,"ROIC_YEARLY":-2.794647329628,"TOTAL_ASSETS":332449166.08,"TOTAL_LIABILITIES":333725092.72,"TAX_EBT":null,"OCF_SALES":0.029547745681,"TOTAL_PARENT_EQUITY":1985991.68,"DEBT_ASSET_RATIO":74.9757245067,"OPERATE_PROFIT":-10281972.12,"PRETAX_PROFIT":-10248441.98,"NETCASH_OPERATE":11641233.4,"NETCASH_INVEST":-41026791.36,"NETCASH_FINANCE":85584741.64,"END_CASH":127262273.84,"DIVI_RATIO":null,"DIVIDEND_RATE":null,"CURRENT_RATIO":1.640567185129,"COMMON_ACS":10000000000,"CURRENTDEBT_DEBT":90.606967242256,"ISSUED_COMMON_SHARES":535800000,"HK_COMMON_SHARES":535800000,"PER_SHARES":1000,"TOTAL_MARKET_CAP":141987000,"HKSK_MARKET_CAP":141987000,"PE_TTM":-16.158757255036,"PB_TTM":null,"REPORT_DATE_SQ":"2022-12-31 00:00:00","REPORT_TYPE_SQ":"2022年年报","OPERATE_INCOME_SQ":633601770.62,"DPS_HKD":null,"OPERATE_INCOME_QOQ_SQ":59.074783964705,"NET_PROFIT_RATIO_SQ":-28.060949717,"HOLDER_PROFIT_SQ":-176394920.17,"HOLDER_PROFIT_QOQ_SQ":-50.407121296806,"ROE_AVG_SQ":-1046.81403731976,"PE_TTM_SQ":-1.115869589913,"PB_TTM_SQ":3.894638687793,"ROA_SQ":-49.407584865298,"START_DATE":"2023-01-01 00:00:00","FISCAL_YEAR":"12-31","CURRENCY":"HKD","IS_CNY_CODE":0,"DPS_HKD_LY":null,"ORG_TYPE":"一般企业","PREMIUM_INCOME":null,"PREMIUM_INCOME_YOY":null,"NET_INTEREST_INCOME":null,"NET_INTEREST_INCOME_YOY":null,"FEE_COMMISSION_INCOME":null,"FEE_COMMISSION_INCOME_YOY":null,"ACCOUNTS_RECE_TDAYS":20.728219572907,"INVENTORY_TDAYS":null,"CURRENT_ASSETS_TDAYS":1.739845444574,"TOTAL_ASSETS_TDAYS":1.5688419988,"PREMIUM_EXPENSE":null,"LOAN_DEPOSIT":null,"LOAN_EQUITY":null,"LOAN_ASSETS":null,"DEPOSIT_EQUITY":null,"DEPOSIT_ASSETS":null,"EQUITY_MULTIPLIER":3.996119688931,"EQUITY_RATIO":168.039522058824},{"SECUCODE":"01372.HK","SECURITY_CODE":"01372","SECURITY_NAME_ABBR":"中国碳中和","ORG_CODE":"10355801","STD_REPORT_DATE":"2023-06-30 00:00:00","REPORT_DATE":"2023-06-30 00:00:00","DATE_TYPE_CODE":"002","REPORT_TYPE":"2023年中报","PER_NETCASH_OPERATE":0.024336968152,"PER_OI":0.40784554477,"BPS":0.11718162751,"BASIC_EPS":-0.09127602,"DILUTED_EPS":-0.09127602,"OPERATE_INCOME":182103035.74,"OPERATE_INCOME_YOY":-14.5331654399,"GROSS_PROFIT":15064231.22,"GROSS_PROFIT_YOY":42.620592852151,"HOLDER_PROFIT":-33462342.12,"HOLDER_PROFIT_YOY":-1026.8130745659,"GROSS_PROFIT_RATIO":8.27236688218,"EPS_TTM":-0.477505456506,"OPERATE_INCOME_QOQ":-2.451148148592,"NET_PROFIT_RATIO":-18.6494053556,"ROE_AVG":-382.989500342954,"GROSS_PROFIT_QOQ":11.856356122787,"ROA":-11.544554077524,"HOLDER_PROFIT_QOQ":-20.868665676156,"ROE_YEARLY":-765.979000685907,"ROIC_YEARLY":-30.345519533455,"TOTAL_ASSETS":289710087.48,"TOTAL_LIABILITIES":228523806.76,"TAX_EBT":null,"OCF_SALES":5.967202158845,"TOTAL_PARENT_EQUITY":62785916.02,"DEBT_ASSET_RATIO":78.8801690503,"OPERATE_PROFIT":-33961133.3,"PRETAX_PROFIT":-33961133.3,"NETCASH_OPERATE":10866456.28,"NETCASH_INVEST":-19382785.54,"NETCASH_FINANCE":8847320.08,"END_CASH":70619058.1,"DIVI_RATIO":null,"DIVIDEND_RATE":null,"CURRENT_RATIO":1.629393470061,"COMMON_ACS":10000000000,"CURRENTDEBT_DEBT":64.602076962181,"ISSUED_COMMON_SHARES":535800000,"HK_COMMON_SHARES":535800000,"PER_SHARES":1000,"TOTAL_MARKET_CAP":150024000,"HKSK_MARKET_CAP":150024000,"PE_TTM":-17.073403892113,"PB_TTM":null,"REPORT_DATE_SQ":"2022-06-30 00:00:00","REPORT_TYPE_SQ":"2022年中报","OPERATE_INCOME_SQ":197633553.81,"DPS_HKD":null,"OPERATE_INCOME_QOQ_SQ":4.093067879393,"NET_PROFIT_RATIO_SQ":1.4876741137,"HOLDER_PROFIT_SQ":3348924.04,"HOLDER_PROFIT_QOQ_SQ":-153.592981907735,"ROE_AVG_SQ":3.658599249782,"PE_TTM_SQ":-1.14968381991,"PB_TTM_SQ":4.012658041968,"ROA_SQ":0.762190968154,"START_DATE":"2023-01-01 00:00:00","FISCAL_YEAR":"12-31","CURRENCY":"HKD","IS_CNY_CODE":0,"DPS_HKD_LY":null,"ORG_TYPE":"一般企业","PREMIUM_INCOME":null,"PREMIUM_INCOME_YOY":null,"NET_INTEREST_INCOME":null,"NET_INTEREST_INCOME_YOY":null,"FEE_COMMISSION_INCOME":null,"FEE_COMMISSION_INCOME_YOY":null,"ACCOUNTS_RECE_TDAYS":5.406871064878,"INVENTORY_TDAYS":null,"CURRENT_ASSETS_TDAYS":0.728925744885,"TOTAL_ASSETS_TDAYS":0.628257979146,"PREMIUM_EXPENSE":null,"LOAN_DEPOSIT":null,"LOAN_EQUITY":null,"LOAN_ASSETS":null,"DEPOSIT_EQUITY":null,"DEPOSIT_ASSETS":null,"EQUITY_MULTIPLIER":4.734886384184,"EQUITY_RATIO":3.639730392517},{"SECUCODE":"01372.HK","SECURITY_CODE":"01372","SECURITY_NAME_ABBR":"中国碳中和","ORG_CODE":"10355801","STD_REPORT_DATE":"2022-12-31 00:00:00","REPORT_DATE":"2022-12-31 00:00:00","DATE_TYPE_CODE":"001","REPORT_TYPE":"2022年年报","PER_NETCASH_OPERATE":0.37141358337,"PER_OI":1.976916600998,"BPS":-0.081934765622,"BASIC_EPS":-0.5627601,"DILUTED_EPS":-0.5627601,"OPERATE_INCOME":633601770.62,"OPERATE_INCOME_YOY":51.5588442053,"GROSS_PROFIT":37969334.62,"GROSS_PROFIT_YOY":29.254887493104,"HOLDER_PROFIT":-176394920.17,"HOLDER_PROFIT_YOY":-173.7792872061,"GROSS_PROFIT_RATIO":5.992618136601,"EPS_TTM":-0.550374165897,"OPERATE_INCOME_QOQ":59.074783964705,"NET_PROFIT_RATIO":-28.060949717,"ROE_AVG":-1046.81403731976,"GROSS_PROFIT_QOQ":38.17447493348,"ROA":-49.407584865298,"HOLDER_PROFIT_QOQ":-50.407121296806,"ROE_YEARLY":-1046.81403731976,"ROIC_YEARLY":-62.223713709976,"TOTAL_ASSETS":280967359.26,"TOTAL_LIABILITIES":325424513.89,"TAX_EBT":2.583253391805,"OCF_SALES":18.787519067934,"TOTAL_PARENT_EQUITY":-43900647.42,"DEBT_ASSET_RATIO":115.8228894442,"OPERATE_PROFIT":-115827641.09,"PRETAX_PROFIT":-182509353.32,"NETCASH_OPERATE":119038053.47,"NETCASH_INVEST":-3484646.27,"NETCASH_FINANCE":-124367302.29,"END_CASH":69328471.24,"DIVI_RATIO":null,"DIVIDEND_RATE":null,"CURRENT_RATIO":1.791011293242,"COMMON_ACS":10000000000,"CURRENTDEBT_DEBT":43.07026765887,"ISSUED_COMMON_SHARES":535800000,"HK_COMMON_SHARES":535800000,"PER_SHARES":1000,"TOTAL_MARKET_CAP":150024000,"HKSK_MARKET_CAP":150024000,"PE_TTM":-17.073403892113,"PB_TTM":null,"REPORT_DATE_SQ":"2021-12-31 00:00:00","REPORT_TYPE_SQ":"2021年年报","OPERATE_INCOME_SQ":382642523.2,"DPS_HKD":null,"OPERATE_INCOME_QOQ_SQ":-1.229190213425,"NET_PROFIT_RATIO_SQ":57.1709397509,"HOLDER_PROFIT_SQ":218831457.6,"HOLDER_PROFIT_QOQ_SQ":58.799751695764,"ROE_AVG_SQ":-90.414235163963,"PE_TTM_SQ":-1.14968381991,"PB_TTM_SQ":4.012658041968,"ROA_SQ":72.275794652718,"START_DATE":"2022-01-01 00:00:00","FISCAL_YEAR":"12-31","CURRENCY":"HKD","IS_CNY_CODE":0,"DPS_HKD_LY":null,"ORG_TYPE":"一般企业","PREMIUM_INCOME":null,"PREMIUM_INCOME_YOY":null,"NET_INTEREST_INCOME":null,"NET_INTEREST_INCOME_YOY":null,"FEE_COMMISSION_INCOME":null,"FEE_COMMISSION_INCOME_YOY":null,"ACCOUNTS_RECE_TDAYS":19.5711112644,"INVENTORY_TDAYS":null,"CURRENT_ASSETS_TDAYS":1.946797678025,"TOTAL_ASSETS_TDAYS":1.774695848528,"PREMIUM_EXPENSE":null,"LOAN_DEPOSIT":null,"LOAN_EQUITY":null,"LOAN_ASSETS":null,"DEPOSIT_EQUITY":null,"DEPOSIT_ASSETS":null,"EQUITY_MULTIPLIER":-6.319958206916,"EQUITY_RATIO":-7.412749766003},{"SECUCODE":"01372.HK","SECURITY_CODE":"01372","SECURITY_NAME_ABBR":"中国碳中和","ORG_CODE":"10355801","STD_REPORT_DATE":"2022-06-30 00:00:00","REPORT_DATE":"2022-06-30 00:00:00","DATE_TYPE_CODE":"002","REPORT_TYPE":"2022年中报","PER_NETCASH_OPERATE":-0.096589774758,"PER_OI":0.616641353541,"BPS":0.203019041489,"BASIC_EPS":0.01111747,"DILUTED_EPS":0.04618026,"OPERATE_INCOME":197633553.81,"OPERATE_INCOME_YOY":5.6718260591,"GROSS_PROFIT":10562451.69,"GROSS_PROFIT_YOY":-15.220504542057,"HOLDER_PROFIT":3348924.04,"HOLDER_PROFIT_YOY":-99.0401113824,"GROSS_PROFIT_RATIO":5.344462762712,"EPS_TTM":-0.365922943775,"OPERATE_INCOME_QOQ":4.093067879393,"NET_PROFIT_RATIO":1.4876741137,"ROE_AVG":3.658599249782,"GROSS_PROFIT_QOQ":-6.455307642508,"ROA":0.762190968154,"HOLDER_PROFIT_QOQ":-153.592981907735,"ROE_YEARLY":7.317198499563,"ROIC_YEARLY":1.835275150674,"TOTAL_ASSETS":464151806.93,"TOTAL_LIABILITIES":355392163.49,"TAX_EBT":null,"OCF_SALES":-15.663849692123,"TOTAL_PARENT_EQUITY":108777602.43,"DEBT_ASSET_RATIO":76.5680878936,"OPERATE_PROFIT":3012834.37,"PRETAX_PROFIT":2940143.22,"NETCASH_OPERATE":-30957022.81,"NETCASH_INVEST":-11106352.53,"NETCASH_FINANCE":39254076.19,"END_CASH":72640693.79,"DIVI_RATIO":null,"DIVIDEND_RATE":null,"CURRENT_RATIO":2.863162501108,"COMMON_ACS":10000000000,"CURRENTDEBT_DEBT":43.440952328242,"ISSUED_COMMON_SHARES":535800000,"HK_COMMON_SHARES":535800000,"PER_SHARES":1000,"TOTAL_MARKET_CAP":150024000,"HKSK_MARKET_CAP":150024000,"PE_TTM":-17.073403892113,"PB_TTM":null,"REPORT_DATE_SQ":"2021-06-30 00:00:00","REPORT_TYPE_SQ":"2021年中报","OPERATE_INCOME_SQ":181971735.6,"DPS_HKD":null,"OPERATE_INCOME_QOQ_SQ":-3.768157472367,"NET_PROFIT_RATIO_SQ":186.5447312467,"HOLDER_PROFIT_SQ":339458685.12,"HOLDER_PROFIT_QOQ_SQ":-45.789311669601,"ROE_AVG_SQ":-113.643587275809,"PE_TTM_SQ":-1.14968381991,"PB_TTM_SQ":4.012658041968,"ROA_SQ":115.521940486792,"START_DATE":"2022-01-01 00:00:00","FISCAL_YEAR":"12-31","CURRENCY":"HKD","IS_CNY_CODE":0,"DPS_HKD_LY":null,"ORG_TYPE":"一般企业","PREMIUM_INCOME":null,"PREMIUM_INCOME_YOY":null,"NET_INTEREST_INCOME":null,"NET_INTEREST_INCOME_YOY":null,"FEE_COMMISSION_INCOME":null,"FEE_COMMISSION_INCOME_YOY":null,"ACCOUNTS_RECE_TDAYS":7.282608010588,"INVENTORY_TDAYS":null,"CURRENT_ASSETS_TDAYS":0.479186602623,"TOTAL_ASSETS_TDAYS":0.449799720504,"PREMIUM_EXPENSE":null,"LOAN_DEPOSIT":null,"LOAN_EQUITY":null,"LOAN_ASSETS":null,"DEPOSIT_EQUITY":null,"DEPOSIT_ASSETS":null,"EQUITY_MULTIPLIER":4.267684154239,"EQUITY_RATIO":3.267144665362},{"SECUCODE":"01372.HK","SECURITY_CODE":"01372","SECURITY_NAME_ABBR":"中国碳中和","ORG_CODE":"10355801","STD_REPORT_DATE":"2021-12-31 00:00:00","REPORT_DATE":"2021-12-31 00:00:00","DATE_TYPE_CODE":"001","REPORT_TYPE":"2021年年报","PER_NETCASH_OPERATE":-0.238779809272,"PER_OI":1.267028222517,"BPS":0.132564730123,"BASIC_EPS":0.8453984,"DILUTED_EPS":0.5674144,"OPERATE_INCOME":382642523.2,"OPERATE_INCOME_YOY":-2.1562925316,"GROSS_PROFIT":29375550.4,"GROSS_PROFIT_YOY":331.111040875775,"HOLDER_PROFIT":218831457.6,"HOLDER_PROFIT_YOY":-11.3823507014,"GROSS_PROFIT_RATIO":7.677021924886,"EPS_TTM":0.724607475497,"OPERATE_INCOME_QOQ":-1.229190213425,"NET_PROFIT_RATIO":57.1709397509,"ROE_AVG":-90.414235163963,"GROSS_PROFIT_QOQ":112.961396670468,"ROA":72.275794652718,"HOLDER_PROFIT_QOQ":58.799751695764,"ROE_YEARLY":-90.414235163963,"ROIC_YEARLY":88.958871009288,"TOTAL_ASSETS":396386379.2,"TOTAL_LIABILITIES":325205305.6,"TAX_EBT":2.220078278316,"OCF_SALES":-18.845658291436,"TOTAL_PARENT_EQUITY":71028182.4,"DEBT_ASSET_RATIO":82.042502635,"OPERATE_PROFIT":34053040,"PRETAX_PROFIT":223727246.4,"NETCASH_OPERATE":-72111502.4,"NETCASH_INVEST":-19868497.6,"NETCASH_FINANCE":124007027.2,"END_CASH":72734513.6,"DIVI_RATIO":null,"DIVIDEND_RATE":null,"CURRENT_RATIO":2.549350797267,"COMMON_ACS":10000000000,"CURRENTDEBT_DEBT":44.147668419835,"ISSUED_COMMON_SHARES":535800000,"HK_COMMON_SHARES":535800000,"PER_SHARES":1000,"TOTAL_MARKET_CAP":150024000,"HKSK_MARKET_CAP":150024000,"PE_TTM":-17.073403892113,"PB_TTM":null,"REPORT_DATE_SQ":"2020-12-31 00:00:00","REPORT_TYPE_SQ":"2020年年报","OPERATE_INCOME_SQ":402574086.44,"DPS_HKD":null,"OPERATE_INCOME_QOQ_SQ":2.741175926457,"NET_PROFIT_RATIO_SQ":63.1435793118,"HOLDER_PROFIT_SQ":254199687.56,"HOLDER_PROFIT_QOQ_SQ":305.893167868792,"ROE_AVG_SQ":-36.528018654108,"PE_TTM_SQ":-1.14968381991,"PB_TTM_SQ":4.012658041968,"ROA_SQ":86.925326226479,"START_DATE":"2021-01-01 00:00:00","FISCAL_YEAR":"12-31","CURRENCY":"HKD","IS_CNY_CODE":0,"DPS_HKD_LY":null,"ORG_TYPE":"一般企业","PREMIUM_INCOME":null,"PREMIUM_INCOME_YOY":null,"NET_INTEREST_INCOME":null,"NET_INTEREST_INCOME_YOY":null,"FEE_COMMISSION_INCOME":null,"FEE_COMMISSION_INCOME_YOY":null,"ACCOUNTS_RECE_TDAYS":7.365549260308,"INVENTORY_TDAYS":null,"CURRENT_ASSETS_TDAYS":1.335087749327,"TOTAL_ASSETS_TDAYS":1.263794188254,"PREMIUM_EXPENSE":null,"LOAN_DEPOSIT":null,"LOAN_EQUITY":null,"LOAN_ASSETS":null,"DEPOSIT_EQUITY":null,"DEPOSIT_ASSETS":null,"EQUITY_MULTIPLIER":5.568704701297,"EQUITY_RATIO":4.578539033543},{"SECUCODE":"01372.HK","SECURITY_CODE":"01372","SECURITY_NAME_ABBR":"中国碳中和","ORG_CODE":"10355801","STD_REPORT_DATE":"2021-06-30 00:00:00","REPORT_DATE":"2021-06-30 00:00:00","DATE_TYPE_CODE":"002","REPORT_TYPE":"2021年中报","PER_NETCASH_OPERATE":-0.218654622462,"PER_OI":0.699891290769,"BPS":-0.060630958119,"BASIC_EPS":1.5227064,"DILUTED_EPS":0.86869152,"OPERATE_INCOME":181971735.6,"OPERATE_INCOME_YOY":1.3307200808,"GROSS_PROFIT":12458733.84,"GROSS_PROFIT_YOY":127.398408507863,"HOLDER_PROFIT":339458685.12,"HOLDER_PROFIT_YOY":-18.2523699888,"GROSS_PROFIT_RATIO":6.846521411098,"EPS_TTM":0.530013078308,"OPERATE_INCOME_QOQ":-3.768157472367,"NET_PROFIT_RATIO":186.5447312467,"ROE_AVG":-113.643587275809,"GROSS_PROFIT_QOQ":102.436238499538,"ROA":115.521940486792,"HOLDER_PROFIT_QOQ":-45.789311669601,"ROE_YEARLY":-227.287174551618,"ROIC_YEARLY":292.78312042486,"TOTAL_ASSETS":374832070.08,"TOTAL_LIABILITIES":407318137.44,"TAX_EBT":null,"OCF_SALES":-31.241226365486,"TOTAL_PARENT_EQUITY":-32486067.36,"DEBT_ASSET_RATIO":108.6668324173,"OPERATE_PROFIT":379923567.6,"PRETAX_PROFIT":339458685.12,"NETCASH_OPERATE":-56850201.84,"NETCASH_INVEST":-19751082.96,"NETCASH_FINANCE":119090617.92,"END_CASH":82532351.04,"DIVI_RATIO":null,"DIVIDEND_RATE":null,"CURRENT_RATIO":1.939951097692,"COMMON_ACS":10000000000,"CURRENTDEBT_DEBT":46.953533884352,"ISSUED_COMMON_SHARES":535800000,"HK_COMMON_SHARES":535800000,"PER_SHARES":1000,"TOTAL_MARKET_CAP":150024000,"HKSK_MARKET_CAP":150024000,"PE_TTM":-17.073403892113,"PB_TTM":null,"REPORT_DATE_SQ":"2020-06-30 00:00:00","REPORT_TYPE_SQ":"2020年中报","OPERATE_INCOME_SQ":197141361.12,"DPS_HKD":null,"OPERATE_INCOME_QOQ_SQ":-4.723868370745,"NET_PROFIT_RATIO_SQ":231.232537774,"HOLDER_PROFIT_SQ":455854972.32,"HOLDER_PROFIT_QOQ_SQ":84.777702952879,"ROE_AVG_SQ":-69.275584823734,"PE_TTM_SQ":-1.14968381991,"PB_TTM_SQ":4.012658041968,"ROA_SQ":123.889980499951,"START_DATE":"2021-01-01 00:00:00","FISCAL_YEAR":"12-31","CURRENCY":"HKD","IS_CNY_CODE":0,"DPS_HKD_LY":null,"ORG_TYPE":"一般企业","PREMIUM_INCOME":null,"PREMIUM_INCOME_YOY":null,"NET_INTEREST_INCOME":null,"NET_INTEREST_INCOME_YOY":null,"FEE_COMMISSION_INCOME":null,"FEE_COMMISSION_INCOME_YOY":null,"ACCOUNTS_RECE_TDAYS":3.272358635962,"INVENTORY_TDAYS":1.125784703802,"CURRENT_ASSETS_TDAYS":0.625457592605,"TOTAL_ASSETS_TDAYS":0.619272062603,"PREMIUM_EXPENSE":null,"LOAN_DEPOSIT":null,"LOAN_EQUITY":null,"LOAN_ASSETS":null,"DEPOSIT_EQUITY":null,"DEPOSIT_ASSETS":null,"EQUITY_MULTIPLIER":-11.538240868762,"EQUITY_RATIO":-12.538240868808},{"SECUCODE":"01372.HK","SECURITY_CODE":"01372","SECURITY_NAME_ABBR":"中国碳中和","ORG_CODE":"10355801","STD_REPORT_DATE":"2020-12-31 00:00:00","REPORT_DATE":"2020-12-31 00:00:00","DATE_TYPE_CODE":"001","REPORT_TYPE":"2020年年报","PER_NETCASH_OPERATE":0.0116651304,"PER_OI":2.0128704322,"BPS":-1.066468465024,"BASIC_EPS":1.2708764,"DILUTED_EPS":0.70781924,"OPERATE_INCOME":402574086.44,"OPERATE_INCOME_YOY":4.18462718,"GROSS_PROFIT":6813917.44,"GROSS_PROFIT_YOY":114.47348786928,"HOLDER_PROFIT":254199687.56,"HOLDER_PROFIT_YOY":133.3577786294,"GROSS_PROFIT_RATIO":1.692587195628,"EPS_TTM":1.2709984378,"OPERATE_INCOME_QOQ":2.741175926457,"NET_PROFIT_RATIO":63.1435793118,"ROE_AVG":-36.528018654108,"GROSS_PROFIT_QOQ":134.258364905073,"ROA":86.925326226479,"HOLDER_PROFIT_QOQ":305.893167868792,"ROE_YEARLY":-36.528018654108,"ROIC_YEARLY":104.077947586967,"TOTAL_ASSETS":215309186.44,"TOTAL_LIABILITIES":786722990,"TAX_EBT":0.038061321754,"OCF_SALES":0.579527137634,"TOTAL_PARENT_EQUITY":-571413803.56,"DEBT_ASSET_RATIO":365.3922078328,"OPERATE_PROFIT":-240831077.8,"PRETAX_PROFIT":254296476.16,"NETCASH_OPERATE":2333026.08,"NETCASH_INVEST":-102680.08,"NETCASH_FINANCE":-14302830.16,"END_CASH":41870748.36,"DIVI_RATIO":null,"DIVIDEND_RATE":null,"CURRENT_RATIO":0.52090103534,"COMMON_ACS":10000000000,"CURRENTDEBT_DEBT":52.04675046804,"ISSUED_COMMON_SHARES":535800000,"HK_COMMON_SHARES":535800000,"PER_SHARES":1000,"TOTAL_MARKET_CAP":150024000,"HKSK_MARKET_CAP":150024000,"PE_TTM":-17.073403892113,"PB_TTM":null,"REPORT_DATE_SQ":"2019-12-31 00:00:00","REPORT_TYPE_SQ":"2019年年报","OPERATE_INCOME_SQ":411260660.02,"DPS_HKD":null,"OPERATE_INCOME_QOQ_SQ":-8.17344360211,"NET_PROFIT_RATIO_SQ":-197.3921225678,"HOLDER_PROFIT_SQ":-811059814.94,"HOLDER_PROFIT_QOQ_SQ":-11.64232752008,"ROE_AVG_SQ":169.600286218969,"PE_TTM_SQ":-1.14968381991,"PB_TTM_SQ":4.012658041968,"ROA_SQ":-103.685173362497,"START_DATE":"2020-01-01 00:00:00","FISCAL_YEAR":"12-31","CURRENCY":"HKD","IS_CNY_CODE":0,"DPS_HKD_LY":null,"ORG_TYPE":"一般企业","PREMIUM_INCOME":null,"PREMIUM_INCOME_YOY":null,"NET_INTEREST_INCOME":null,"NET_INTEREST_INCOME_YOY":null,"FEE_COMMISSION_INCOME":null,"FEE_COMMISSION_INCOME_YOY":null,"ACCOUNTS_RECE_TDAYS":3.165278099461,"INVENTORY_TDAYS":null,"CURRENT_ASSETS_TDAYS":1.493381081132,"TOTAL_ASSETS_TDAYS":1.376629693373,"PREMIUM_EXPENSE":null,"LOAN_DEPOSIT":null,"LOAN_EQUITY":null,"LOAN_ASSETS":null,"DEPOSIT_EQUITY":null,"DEPOSIT_ASSETS":null,"EQUITY_MULTIPLIER":-0.376800814224,"EQUITY_RATIO":-1.376800814224},{"SECUCODE":"01372.HK","SECURITY_CODE":"01372","SECURITY_NAME_ABBR":"中国碳中和","ORG_CODE":"10355801","STD_REPORT_DATE":"2020-06-30 00:00:00","REPORT_DATE":"2020-06-30 00:00:00","DATE_TYPE_CODE":"002","REPORT_TYPE":"2020年中报","PER_NETCASH_OPERATE":-0.0402004944,"PER_OI":0.9857068056,"BPS":-0.794479698096,"BASIC_EPS":2.2790328,"DILUTED_EPS":1.18655856,"OPERATE_INCOME":197141361.12,"OPERATE_INCOME_YOY":-12.3369185527,"GROSS_PROFIT":5478813.12,"GROSS_PROFIT_YOY":125.236346841094,"HOLDER_PROFIT":455854972.32,"HOLDER_PROFIT_YOY":289.4327490264,"GROSS_PROFIT_RATIO":2.77912919383,"EPS_TTM":-0.6173096713,"OPERATE_INCOME_QOQ":-4.723868370745,"NET_PROFIT_RATIO":231.232537774,"ROE_AVG":-69.275584823734,"GROSS_PROFIT_QOQ":57.751959530513,"ROA":123.889980499951,"HOLDER_PROFIT_QOQ":84.777702952879,"ROE_YEARLY":-138.551169647468,"ROIC_YEARLY":291.423766325151,"TOTAL_ASSETS":334815951.36,"TOTAL_LIABILITIES":760498173.6,"TAX_EBT":0.008615576963,"OCF_SALES":-4.078341974674,"TOTAL_PARENT_EQUITY":-425682222.24,"DEBT_ASSET_RATIO":227.1391701951,"OPERATE_PROFIT":216962095.68,"PRETAX_PROFIT":455894250.24,"NETCASH_OPERATE":-8040098.88,"NETCASH_INVEST":-96824.64,"NETCASH_FINANCE":-1684383.36,"END_CASH":51039373.44,"DIVI_RATIO":null,"DIVIDEND_RATE":null,"CURRENT_RATIO":0.89822770881,"COMMON_ACS":10000000000,"CURRENTDEBT_DEBT":48.46336322089,"ISSUED_COMMON_SHARES":535800000,"HK_COMMON_SHARES":535800000,"PER_SHARES":1000,"TOTAL_MARKET_CAP":150024000,"HKSK_MARKET_CAP":150024000,"PE_TTM":-17.073403892113,"PB_TTM":null,"REPORT_DATE_SQ":"2019-06-30 00:00:00","REPORT_TYPE_SQ":"2019年中报","OPERATE_INCOME_SQ":216568773.36,"DPS_HKD":null,"OPERATE_INCOME_QOQ_SQ":-31.243321950533,"NET_PROFIT_RATIO_SQ":-107.3404929406,"HOLDER_PROFIT_SQ":-231742908.36,"HOLDER_PROFIT_QOQ_SQ":-17.812630951168,"ROE_AVG_SQ":125.788007343515,"PE_TTM_SQ":-1.14968381991,"PB_TTM_SQ":4.012658041968,"ROA_SQ":-22.309020831243,"START_DATE":"2020-01-01 00:00:00","FISCAL_YEAR":"12-31","CURRENCY":"HKD","IS_CNY_CODE":0,"DPS_HKD_LY":null,"ORG_TYPE":"一般企业","PREMIUM_INCOME":null,"PREMIUM_INCOME_YOY":null,"NET_INTEREST_INCOME":null,"NET_INTEREST_INCOME_YOY":null,"FEE_COMMISSION_INCOME":null,"FEE_COMMISSION_INCOME_YOY":null,"ACCOUNTS_RECE_TDAYS":1.040649975288,"INVENTORY_TDAYS":24.766879131256,"CURRENT_ASSETS_TDAYS":0.575842025851,"TOTAL_ASSETS_TDAYS":0.53578091428,"PREMIUM_EXPENSE":null,"LOAN_DEPOSIT":null,"LOAN_EQUITY":null,"LOAN_ASSETS":null,"DEPOSIT_EQUITY":null,"DEPOSIT_ASSETS":null,"EQUITY_MULTIPLIER":-0.786539662376,"EQUITY_RATIO":-1.786539662376},{"SECUCODE":"01372.HK","SECURITY_CODE":"01372","SECURITY_NAME_ABBR":"中国碳中和","ORG_CODE":"10355801","STD_REPORT_DATE":"2019-12-31 00:00:00","REPORT_DATE":"2019-12-31 00:00:00","DATE_TYPE_CODE":"001","REPORT_TYPE":"2019年年报","PER_NETCASH_OPERATE":0.1910474795,"PER_OI":2.0563033001,"BPS":-1.629649186077,"BASIC_EPS":-4.05519606,"DILUTED_EPS":-4.05519606,"OPERATE_INCOME":411260660.02,"OPERATE_INCOME_YOY":-38.2431592625,"GROSS_PROFIT":-47078613.68,"GROSS_PROFIT_YOY":-556.038384451369,"HOLDER_PROFIT":-811059814.94,"HOLDER_PROFIT_YOY":-28.6538016133,"GROSS_PROFIT_RATIO":-11.447390488969,"EPS_TTM":-4.0552990747,"OPERATE_INCOME_QOQ":-8.17344360211,"NET_PROFIT_RATIO":-197.3921225678,"ROE_AVG":169.600286218969,"GROSS_PROFIT_QOQ":-145.637322582659,"ROA":-103.685173362497,"HOLDER_PROFIT_QOQ":-11.64232752008,"ROE_YEARLY":169.600286218969,"ROIC_YEARLY":-109.434067165961,"TOTAL_ASSETS":393332519.1,"TOTAL_LIABILITIES":1266498553,"TAX_EBT":1.761420670487,"OCF_SALES":9.290822005232,"TOTAL_PARENT_EQUITY":-873166033.9,"DEBT_ASSET_RATIO":321.9918240927,"OPERATE_PROFIT":-752839489.62,"PRETAX_PROFIT":-826351675.32,"NETCASH_OPERATE":38209495.9,"NETCASH_INVEST":-14582402.62,"NETCASH_FINANCE":14976545.82,"END_CASH":58025941.06,"DIVI_RATIO":null,"DIVIDEND_RATE":null,"CURRENT_RATIO":0.283030978239,"COMMON_ACS":10000000000,"CURRENTDEBT_DEBT":96.751989249213,"ISSUED_COMMON_SHARES":535800000,"HK_COMMON_SHARES":535800000,"PER_SHARES":1000,"TOTAL_MARKET_CAP":150024000,"HKSK_MARKET_CAP":150024000,"PE_TTM":-17.073403892113,"PB_TTM":null,"REPORT_DATE_SQ":"2018-12-31 00:00:00","REPORT_TYPE_SQ":"2018年年报","OPERATE_INCOME_SQ":651379346.8,"DPS_HKD":null,"OPERATE_INCOME_QOQ_SQ":-51.951879878616,"NET_PROFIT_RATIO_SQ":-94.6669016187,"HOLDER_PROFIT_SQ":-616640645.4,"HOLDER_PROFIT_QOQ_SQ":-505.896680963034,"ROE_AVG_SQ":-230.87385488514,"PE_TTM_SQ":-1.14968381991,"PB_TTM_SQ":4.012658041968,"ROA_SQ":-36.875959865253,"START_DATE":"2019-01-01 00:00:00","FISCAL_YEAR":"12-31","CURRENCY":"HKD","IS_CNY_CODE":0,"DPS_HKD_LY":null,"ORG_TYPE":"一般企业","PREMIUM_INCOME":null,"PREMIUM_INCOME_YOY":null,"NET_INTEREST_INCOME":null,"NET_INTEREST_INCOME_YOY":null,"FEE_COMMISSION_INCOME":null,"FEE_COMMISSION_INCOME_YOY":null,"ACCOUNTS_RECE_TDAYS":1.961731810753,"INVENTORY_TDAYS":8.768969742671,"CURRENT_ASSETS_TDAYS":0.906077468006,"TOTAL_ASSETS_TDAYS":0.525752010467,"PREMIUM_EXPENSE":null,"LOAN_DEPOSIT":null,"LOAN_EQUITY":null,"LOAN_ASSETS":null,"DEPOSIT_EQUITY":null,"DEPOSIT_ASSETS":null,"EQUITY_MULTIPLIER":-0.450467040436,"EQUITY_RATIO":-1.450467040436}],"count":25},"success":true,"message":"ok","code":0}