{"version":"0eba68a88883d6f0abf9988de6abfbf2","result":{"pages":7,"data":[{"SECUCODE":"01371.HK","SECURITY_CODE":"01371","SECURITY_NAME_ABBR":"中国生态旅游","ORG_CODE":"10010749","STD_REPORT_DATE":"2023-12-31 00:00:00","REPORT_DATE":"2024-06-30 00:00:00","DATE_TYPE_CODE":"001","REPORT_TYPE":"2023年年报","PER_NETCASH_OPERATE":-0.225063979666,"PER_OI":0.397875053759,"BPS":-3.858310574945,"BASIC_EPS":-1.6063168,"DILUTED_EPS":-1.6063168,"OPERATE_INCOME":61440704.92,"OPERATE_INCOME_YOY":-46.9866519668,"GROSS_PROFIT":25040288.48,"GROSS_PROFIT_YOY":-45.736152410342,"HOLDER_PROFIT":-248218841.56,"HOLDER_PROFIT_YOY":-75.3811132893,"GROSS_PROFIT_RATIO":40.755210267532,"EPS_TTM":-0.841145751804,"OPERATE_INCOME_QOQ":-0.970447455985,"NET_PROFIT_RATIO":-407.9234688572,"ROE_AVG":53.038634167461,"GROSS_PROFIT_QOQ":-29.128550203048,"ROA":-85.845459423629,"HOLDER_PROFIT_QOQ":6.229852631249,"ROE_YEARLY":53.038634167461,"ROIC_YEARLY":-1188.45918545709,"TOTAL_ASSETS":104593128,"TOTAL_LIABILITIES":488199833.44,"TAX_EBT":2.223915458456,"OCF_SALES":-56.566496828533,"TOTAL_PARENT_EQUITY":-595808456.16,"DEBT_ASSET_RATIO":466.7609075044,"OPERATE_PROFIT":-236825857.12,"PRETAX_PROFIT":-256331654.08,"NETCASH_OPERATE":-34754854.4,"NETCASH_INVEST":-964702.76,"NETCASH_FINANCE":-14131937.12,"END_CASH":25254768.28,"DIVI_RATIO":null,"DIVIDEND_RATE":null,"CURRENT_RATIO":0.196953263559,"COMMON_ACS":250000000,"CURRENTDEBT_DEBT":94.973154262041,"ISSUED_COMMON_SHARES":154422109,"HK_COMMON_SHARES":154422109,"PER_SHARES":10000,"TOTAL_MARKET_CAP":19302763.625,"HKSK_MARKET_CAP":19302763.625,"PE_TTM":-0.070974653634,"PB_TTM":-0.029568640933,"REPORT_DATE_SQ":"2022-12-31 00:00:00","REPORT_TYPE_SQ":"2022年年报","OPERATE_INCOME_SQ":113431890.95,"DPS_HKD":null,"OPERATE_INCOME_QOQ_SQ":1.027681862605,"NET_PROFIT_RATIO_SQ":-121.7301256054,"HOLDER_PROFIT_SQ":-138521165.44,"HOLDER_PROFIT_QOQ_SQ":39.154626225369,"ROE_AVG_SQ":69.601280068941,"PE_TTM_SQ":-0.22704447516,"PB_TTM_SQ":-0.078102034286,"ROA_SQ":-28.395588458799,"START_DATE":"2023-07-01 00:00:00","FISCAL_YEAR":"6-30","CURRENCY":"HKD","IS_CNY_CODE":0,"DPS_HKD_LY":null,"ORG_TYPE":"一般企业","PREMIUM_INCOME":null,"PREMIUM_INCOME_YOY":null,"NET_INTEREST_INCOME":null,"NET_INTEREST_INCOME_YOY":null,"FEE_COMMISSION_INCOME":null,"FEE_COMMISSION_INCOME_YOY":null,"ACCOUNTS_RECE_TDAYS":11.016938057442,"INVENTORY_TDAYS":1.765906575161,"CURRENT_ASSETS_TDAYS":0.52960173075,"TOTAL_ASSETS_TDAYS":0.212490136044,"PREMIUM_EXPENSE":null,"LOAN_DEPOSIT":null,"LOAN_EQUITY":null,"LOAN_ASSETS":null,"DEPOSIT_EQUITY":null,"DEPOSIT_ASSETS":null,"EQUITY_MULTIPLIER":-0.272657194248,"EQUITY_RATIO":-0.819390574928},{"SECUCODE":"01371.HK","SECURITY_CODE":"01371","SECURITY_NAME_ABBR":"中国生态旅游","ORG_CODE":"10010749","STD_REPORT_DATE":"2023-06-30 00:00:00","REPORT_DATE":"2023-12-31 00:00:00","DATE_TYPE_CODE":"002","REPORT_TYPE":"2023年中报","PER_NETCASH_OPERATE":-0.090063258623,"PER_OI":0.278499515507,"BPS":-2.645490119294,"BASIC_EPS":-0.4168612,"DILUTED_EPS":-0.4168612,"OPERATE_INCOME":43006482.54,"OPERATE_INCOME_YOY":-7.986272685,"GROSS_PROFIT":12050007.34,"GROSS_PROFIT_YOY":-52.729318886405,"HOLDER_PROFIT":-64864508.94,"HOLDER_PROFIT_YOY":16.7118537567,"GROSS_PROFIT_RATIO":28.019048823145,"EPS_TTM":-0.897029358924,"OPERATE_INCOME_QOQ":0,"NET_PROFIT_RATIO":-169.0161619993,"ROE_AVG":17.382994405783,"GROSS_PROFIT_QOQ":0,"ROA":-16.632933100645,"HOLDER_PROFIT_QOQ":0,"ROE_YEARLY":34.765988811566,"ROIC_YEARLY":-116.22237106497,"TOTAL_ASSETS":309606438.12,"TOTAL_LIABILITIES":512859803.26,"TAX_EBT":0.551732688612,"OCF_SALES":-32.338748762037,"TOTAL_PARENT_EQUITY":-408522163.56,"DEBT_ASSET_RATIO":165.6489465704,"OPERATE_PROFIT":-20887464.78,"PRETAX_PROFIT":-73091174.1,"NETCASH_OPERATE":-13907758.34,"NETCASH_INVEST":-734038.2,"NETCASH_FINANCE":-7174543.74,"END_CASH":54493727.26,"DIVI_RATIO":null,"DIVIDEND_RATE":null,"CURRENT_RATIO":0.597552696786,"COMMON_ACS":250000000,"CURRENTDEBT_DEBT":93.703318237318,"ISSUED_COMMON_SHARES":154422109,"HK_COMMON_SHARES":154422109,"PER_SHARES":10000,"TOTAL_MARKET_CAP":26715024.857,"HKSK_MARKET_CAP":26715024.857,"PE_TTM":-0.09822892063,"PB_TTM":-0.040922999052,"REPORT_DATE_SQ":"2022-06-30 00:00:00","REPORT_TYPE_SQ":"2022年中报","OPERATE_INCOME_SQ":44107279.44,"DPS_HKD":null,"OPERATE_INCOME_QOQ_SQ":9.931442228702,"NET_PROFIT_RATIO_SQ":-169.4877462386,"HOLDER_PROFIT_SQ":-73494173.41,"HOLDER_PROFIT_QOQ_SQ":-7.796114913243,"ROE_AVG_SQ":46.079275076742,"PE_TTM_SQ":-0.20812410223,"PB_TTM_SQ":-0.071593531429,"ROA_SQ":-15.248158054657,"START_DATE":"2023-07-01 00:00:00","FISCAL_YEAR":"6-30","CURRENCY":"HKD","IS_CNY_CODE":0,"DPS_HKD_LY":null,"ORG_TYPE":"一般企业","PREMIUM_INCOME":null,"PREMIUM_INCOME_YOY":null,"NET_INTEREST_INCOME":null,"NET_INTEREST_INCOME_YOY":null,"FEE_COMMISSION_INCOME":null,"FEE_COMMISSION_INCOME_YOY":null,"ACCOUNTS_RECE_TDAYS":7.503676179935,"INVENTORY_TDAYS":1.731592953998,"CURRENT_ASSETS_TDAYS":0.201494533489,"TOTAL_ASSETS_TDAYS":0.110279713617,"PREMIUM_EXPENSE":null,"LOAN_DEPOSIT":null,"LOAN_EQUITY":null,"LOAN_ASSETS":null,"DEPOSIT_EQUITY":null,"DEPOSIT_ASSETS":null,"EQUITY_MULTIPLIER":-1.523253688355,"EQUITY_RATIO":-1.255402641538},{"SECUCODE":"01371.HK","SECURITY_CODE":"01371","SECURITY_NAME_ABBR":"中国生态旅游","ORG_CODE":"10010749","STD_REPORT_DATE":"2022-12-31 00:00:00","REPORT_DATE":"2022-12-31 00:00:00","DATE_TYPE_CODE":"001","REPORT_TYPE":"2022年年报","PER_NETCASH_OPERATE":0.007609640131,"PER_OI":0.036727865908,"BPS":-1.746972080792,"BASIC_EPS":-0.044842154,"DILUTED_EPS":-0.044842154,"OPERATE_INCOME":113431890.95,"OPERATE_INCOME_YOY":1.6530579571,"GROSS_PROFIT":46145434.93,"GROSS_PROFIT_YOY":38.019003779995,"HOLDER_PROFIT":-138521165.44,"HOLDER_PROFIT_YOY":39.9671714825,"GROSS_PROFIT_RATIO":40.681182816868,"EPS_TTM":-0.04485146767,"OPERATE_INCOME_QOQ":1.027681862605,"NET_PROFIT_RATIO":-121.7301256054,"ROE_AVG":69.601280068941,"GROSS_PROFIT_QOQ":-6.280490023379,"ROA":-28.395588458799,"HOLDER_PROFIT_QOQ":39.154626225369,"ROE_YEARLY":69.601280068941,"ROIC_YEARLY":-73.900994817418,"TOTAL_ASSETS":465241249.78,"TOTAL_LIABILITIES":592093712.04,"TAX_EBT":-0.154204002825,"OCF_SALES":20.718982556995,"TOTAL_PARENT_EQUITY":-343650527.38,"DEBT_ASSET_RATIO":112.0964510038,"OPERATE_PROFIT":-101235182.37,"PRETAX_PROFIT":-137868185.07,"NETCASH_OPERATE":23501933.7,"NETCASH_INVEST":1258617.43,"NETCASH_FINANCE":-33996962.93,"END_CASH":79015091.12,"DIVI_RATIO":null,"DIVIDEND_RATE":null,"CURRENT_RATIO":0.287030038092,"COMMON_ACS":250000000,"CURRENTDEBT_DEBT":93.448749451104,"ISSUED_COMMON_SHARES":154422109,"HK_COMMON_SHARES":154422109,"PER_SHARES":10000,"TOTAL_MARKET_CAP":26715024.857,"HKSK_MARKET_CAP":26715024.857,"PE_TTM":-0.09822892063,"PB_TTM":-0.040922999052,"REPORT_DATE_SQ":"2021-12-31 00:00:00","REPORT_TYPE_SQ":"2021年年报","OPERATE_INCOME_SQ":102134592,"DPS_HKD":null,"OPERATE_INCOME_QOQ_SQ":10.326134923894,"NET_PROFIT_RATIO_SQ":-224.8727185399,"HOLDER_PROFIT_SQ":-211195891.2,"HOLDER_PROFIT_QOQ_SQ":55.608874127693,"ROE_AVG_SQ":220.163218341821,"PE_TTM_SQ":-0.20812410223,"PB_TTM_SQ":-0.071593531429,"ROA_SQ":-39.118148584513,"START_DATE":"2022-01-01 00:00:00","FISCAL_YEAR":"12-31","CURRENCY":"HKD","IS_CNY_CODE":0,"DPS_HKD_LY":null,"ORG_TYPE":"一般企业","PREMIUM_INCOME":null,"PREMIUM_INCOME_YOY":null,"NET_INTEREST_INCOME":null,"NET_INTEREST_INCOME_YOY":null,"FEE_COMMISSION_INCOME":null,"FEE_COMMISSION_INCOME_YOY":null,"ACCOUNTS_RECE_TDAYS":13.438988252725,"INVENTORY_TDAYS":3.8251110829,"CURRENT_ASSETS_TDAYS":0.733572109413,"TOTAL_ASSETS_TDAYS":0.232525136739,"PREMIUM_EXPENSE":null,"LOAN_DEPOSIT":null,"LOAN_EQUITY":null,"LOAN_ASSETS":null,"DEPOSIT_EQUITY":null,"DEPOSIT_ASSETS":null,"EQUITY_MULTIPLIER":-8.26688753326,"EQUITY_RATIO":-1.722953014372},{"SECUCODE":"01371.HK","SECURITY_CODE":"01371","SECURITY_NAME_ABBR":"中国生态旅游","ORG_CODE":"10010749","STD_REPORT_DATE":"2022-06-30 00:00:00","REPORT_DATE":"2022-06-30 00:00:00","DATE_TYPE_CODE":"002","REPORT_TYPE":"2022年中报","PER_NETCASH_OPERATE":-0.012098042923,"PER_OI":0.01428140033,"BPS":-1.270462039344,"BASIC_EPS":-1.0091242,"DILUTED_EPS":-1.0091242,"OPERATE_INCOME":44107279.44,"OPERATE_INCOME_YOY":26.3560194032,"GROSS_PROFIT":25491503.52,"GROSS_PROFIT_YOY":54.104027104653,"HOLDER_PROFIT":-73494173.41,"HOLDER_PROFIT_YOY":-25.3888353906,"GROSS_PROFIT_RATIO":57.794322940903,"EPS_TTM":-0.073713850188,"OPERATE_INCOME_QOQ":9.931442228702,"NET_PROFIT_RATIO":-169.4877462386,"ROE_AVG":46.079275076742,"GROSS_PROFIT_QOQ":22.214407080276,"ROA":-15.248158054657,"HOLDER_PROFIT_QOQ":-7.796114913243,"ROE_YEARLY":92.158550153483,"ROIC_YEARLY":-70.173476011807,"TOTAL_ASSETS":473774404.81,"TOTAL_LIABILITIES":465198559.49,"TAX_EBT":0.59473720121,"OCF_SALES":-84.711881495269,"TOTAL_PARENT_EQUITY":-196187427.52,"DEBT_ASSET_RATIO":98.1898884294,"OPERATE_PROFIT":-54781761.02,"PRETAX_PROFIT":-75203698.22,"NETCASH_OPERATE":-37364106.29,"NETCASH_INVEST":-1177596.63,"NETCASH_FINANCE":-3239459.72,"END_CASH":45349870.51,"DIVI_RATIO":null,"DIVIDEND_RATE":null,"CURRENT_RATIO":0.508885045276,"COMMON_ACS":250000000,"CURRENTDEBT_DEBT":63.239584463142,"ISSUED_COMMON_SHARES":154422109,"HK_COMMON_SHARES":154422109,"PER_SHARES":10000,"TOTAL_MARKET_CAP":26715024.857,"HKSK_MARKET_CAP":26715024.857,"PE_TTM":-0.09822892063,"PB_TTM":-0.040922999052,"REPORT_DATE_SQ":"2021-06-30 00:00:00","REPORT_TYPE_SQ":"2021年中报","OPERATE_INCOME_SQ":33963841.44,"DPS_HKD":null,"OPERATE_INCOME_QOQ_SQ":-7.227575356282,"NET_PROFIT_RATIO_SQ":-193.4024205008,"HOLDER_PROFIT_SQ":-57029099.04,"HOLDER_PROFIT_QOQ_SQ":1.514342881201,"ROE_AVG_SQ":299.253372920578,"PE_TTM_SQ":-0.20812410223,"PB_TTM_SQ":-0.071593531429,"ROA_SQ":-8.954609622371,"START_DATE":"2022-01-01 00:00:00","FISCAL_YEAR":"12-31","CURRENCY":"HKD","IS_CNY_CODE":0,"DPS_HKD_LY":null,"ORG_TYPE":"一般企业","PREMIUM_INCOME":null,"PREMIUM_INCOME_YOY":null,"NET_INTEREST_INCOME":null,"NET_INTEREST_INCOME_YOY":null,"FEE_COMMISSION_INCOME":null,"FEE_COMMISSION_INCOME_YOY":null,"ACCOUNTS_RECE_TDAYS":3.266164270787,"INVENTORY_TDAYS":0.745122201684,"CURRENT_ASSETS_TDAYS":0.280991555434,"TOTAL_ASSETS_TDAYS":0.09151130451,"PREMIUM_EXPENSE":null,"LOAN_DEPOSIT":null,"LOAN_EQUITY":null,"LOAN_ASSETS":null,"DEPOSIT_EQUITY":null,"DEPOSIT_ASSETS":null,"EQUITY_MULTIPLIER":55.245213402427,"EQUITY_RATIO":-2.371194552936},{"SECUCODE":"01371.HK","SECURITY_CODE":"01371","SECURITY_NAME_ABBR":"中国生态旅游","ORG_CODE":"10010749","STD_REPORT_DATE":"2021-12-31 00:00:00","REPORT_DATE":"2021-12-31 00:00:00","DATE_TYPE_CODE":"001","REPORT_TYPE":"2021年年报","PER_NETCASH_OPERATE":-0.012712547968,"PER_OI":0.033069937988,"BPS":-0.760285609103,"BASIC_EPS":-1.855952,"DILUTED_EPS":-1.855952,"OPERATE_INCOME":102134592,"OPERATE_INCOME_YOY":5.3617064346,"GROSS_PROFIT":33434116.8,"GROSS_PROFIT_YOY":44.375655974422,"HOLDER_PROFIT":-211195891.2,"HOLDER_PROFIT_YOY":54.995635668,"GROSS_PROFIT_RATIO":39.4460454691,"EPS_TTM":-0.068382659474,"OPERATE_INCOME_QOQ":10.326134923894,"NET_PROFIT_RATIO":-224.8727185399,"ROE_AVG":220.163218341821,"GROSS_PROFIT_QOQ":43.296210443945,"ROA":-39.118148584513,"HOLDER_PROFIT_QOQ":55.608874127693,"ROE_YEARLY":220.163218341821,"ROIC_YEARLY":-80.72048198795,"TOTAL_ASSETS":468653225.6,"TOTAL_LIABILITIES":386706812.8,"TAX_EBT":1.566672039582,"OCF_SALES":-38.441402497599,"TOTAL_PARENT_EQUITY":-117404907.2,"DEBT_ASSET_RATIO":82.514488683,"OPERATE_PROFIT":-186299153.6,"PRETAX_PROFIT":-233328323.2,"NETCASH_OPERATE":-39261969.6,"NETCASH_INVEST":-4015233.6,"NETCASH_FINANCE":63848836.8,"END_CASH":71735406.4,"DIVI_RATIO":null,"DIVIDEND_RATE":null,"CURRENT_RATIO":0.446148377714,"COMMON_ACS":250000000,"CURRENTDEBT_DEBT":91.006769870903,"ISSUED_COMMON_SHARES":154422109,"HK_COMMON_SHARES":154422109,"PER_SHARES":10000,"TOTAL_MARKET_CAP":26715024.857,"HKSK_MARKET_CAP":26715024.857,"PE_TTM":-0.09822892063,"PB_TTM":-0.040922999052,"REPORT_DATE_SQ":"2020-12-31 00:00:00","REPORT_TYPE_SQ":"2020年年报","OPERATE_INCOME_SQ":99787363.32,"DPS_HKD":null,"OPERATE_INCOME_QOQ_SQ":-5.007650305691,"NET_PROFIT_RATIO_SQ":-526.2333105606,"HOLDER_PROFIT_SQ":-483076952.44,"HOLDER_PROFIT_QOQ_SQ":-1.02581247036,"ROE_AVG_SQ":-794.286109669607,"PE_TTM_SQ":-0.20812410223,"PB_TTM_SQ":-0.071593531429,"ROA_SQ":-62.784238828435,"START_DATE":"2021-01-01 00:00:00","FISCAL_YEAR":"12-31","CURRENCY":"HKD","IS_CNY_CODE":0,"DPS_HKD_LY":null,"ORG_TYPE":"一般企业","PREMIUM_INCOME":null,"PREMIUM_INCOME_YOY":null,"NET_INTEREST_INCOME":null,"NET_INTEREST_INCOME_YOY":null,"FEE_COMMISSION_INCOME":null,"FEE_COMMISSION_INCOME_YOY":null,"ACCOUNTS_RECE_TDAYS":3.031376641025,"INVENTORY_TDAYS":4.873812055024,"CURRENT_ASSETS_TDAYS":0.523781271423,"TOTAL_ASSETS_TDAYS":0.189175846309,"PREMIUM_EXPENSE":null,"LOAN_DEPOSIT":null,"LOAN_EQUITY":null,"LOAN_ASSETS":null,"DEPOSIT_EQUITY":null,"DEPOSIT_ASSETS":null,"EQUITY_MULTIPLIER":5.719020632973,"EQUITY_RATIO":-3.293787474669},{"SECUCODE":"01371.HK","SECURITY_CODE":"01371","SECURITY_NAME_ABBR":"中国生态旅游","ORG_CODE":"10010749","STD_REPORT_DATE":"2021-06-30 00:00:00","REPORT_DATE":"2021-06-30 00:00:00","DATE_TYPE_CODE":"002","REPORT_TYPE":"2021年中报","PER_NETCASH_OPERATE":-0.013937499809,"PER_OI":0.010997078544,"BPS":0.243833505473,"BASIC_EPS":-0.04493232,"DILUTED_EPS":-0.04493232,"OPERATE_INCOME":33963841.44,"OPERATE_INCOME_YOY":-9.4502861706,"GROSS_PROFIT":16541750.4,"GROSS_PROFIT_YOY":42.795226256105,"HOLDER_PROFIT":-57029099.04,"HOLDER_PROFIT_YOY":2.7029329093,"GROSS_PROFIT_RATIO":48.704003135871,"EPS_TTM":-0.154045787599,"OPERATE_INCOME_QOQ":-7.227575356282,"NET_PROFIT_RATIO":-193.4024205008,"ROE_AVG":299.253372920578,"GROSS_PROFIT_QOQ":21.40756229565,"ROA":-8.954609622371,"HOLDER_PROFIT_QOQ":1.514342881201,"ROE_YEARLY":598.506745841156,"ROIC_YEARLY":-33.559551089958,"TOTAL_ASSETS":651782409.36,"TOTAL_LIABILITIES":407225776.56,"TAX_EBT":3.311817947996,"OCF_SALES":-126.738203733647,"TOTAL_PARENT_EQUITY":37653284.16,"DEBT_ASSET_RATIO":62.478792111,"OPERATE_PROFIT":-46914334.56,"PRETAX_PROFIT":-67936835.76,"NETCASH_OPERATE":-43045162.56,"NETCASH_INVEST":14616317.28,"NETCASH_FINANCE":79496923.2,"END_CASH":107696946.48,"DIVI_RATIO":null,"DIVIDEND_RATE":null,"CURRENT_RATIO":0.779127350599,"COMMON_ACS":250000000,"CURRENTDEBT_DEBT":91.598608111449,"ISSUED_COMMON_SHARES":154422109,"HK_COMMON_SHARES":154422109,"PER_SHARES":10000,"TOTAL_MARKET_CAP":26715024.857,"HKSK_MARKET_CAP":26715024.857,"PE_TTM":-0.09822892063,"PB_TTM":-0.040922999052,"REPORT_DATE_SQ":"2020-06-30 00:00:00","REPORT_TYPE_SQ":"2020年中报","OPERATE_INCOME_SQ":41176048.32,"DPS_HKD":null,"OPERATE_INCOME_QOQ_SQ":-24.025532146837,"NET_PROFIT_RATIO_SQ":-166.813079551,"HOLDER_PROFIT_SQ":-64344540.48,"HOLDER_PROFIT_QOQ_SQ":-2.893631809935,"ROE_AVG_SQ":-35.241616345562,"PE_TTM_SQ":-0.20812410223,"PB_TTM_SQ":-0.071593531429,"ROA_SQ":-6.59197409701,"START_DATE":"2021-01-01 00:00:00","FISCAL_YEAR":"12-31","CURRENCY":"HKD","IS_CNY_CODE":0,"DPS_HKD_LY":null,"ORG_TYPE":"一般企业","PREMIUM_INCOME":null,"PREMIUM_INCOME_YOY":null,"NET_INTEREST_INCOME":null,"NET_INTEREST_INCOME_YOY":null,"FEE_COMMISSION_INCOME":null,"FEE_COMMISSION_INCOME_YOY":null,"ACCOUNTS_RECE_TDAYS":1.006633949049,"INVENTORY_TDAYS":0.858114754098,"CURRENT_ASSETS_TDAYS":0.128717320455,"TOTAL_ASSETS_TDAYS":0.053329431201,"PREMIUM_EXPENSE":null,"LOAN_DEPOSIT":null,"LOAN_EQUITY":null,"LOAN_ASSETS":null,"DEPOSIT_EQUITY":null,"DEPOSIT_ASSETS":null,"EQUITY_MULTIPLIER":2.665159402539,"EQUITY_RATIO":10.815146291877},{"SECUCODE":"01371.HK","SECURITY_CODE":"01371","SECURITY_NAME_ABBR":"中国生态旅游","ORG_CODE":"10010749","STD_REPORT_DATE":"2020-12-31 00:00:00","REPORT_DATE":"2020-12-31 00:00:00","DATE_TYPE_CODE":"001","REPORT_TYPE":"2020年年报","PER_NETCASH_OPERATE":-0.017407026966,"PER_OI":0.096929801716,"BPS":-0.496289395452,"BASIC_EPS":-0.408700384,"DILUTED_EPS":-0.408700384,"OPERATE_INCOME":99787363.32,"OPERATE_INCOME_YOY":-23.187607707,"GROSS_PROFIT":23157724.6,"GROSS_PROFIT_YOY":-57.958722481681,"HOLDER_PROFIT":-483076952.44,"HOLDER_PROFIT_YOY":-10.63584127,"GROSS_PROFIT_RATIO":23.207071346035,"EPS_TTM":-0.469243315542,"OPERATE_INCOME_QOQ":-5.007650305691,"NET_PROFIT_RATIO":-526.2333105606,"ROE_AVG":-794.286109669607,"GROSS_PROFIT_QOQ":-31.773538939005,"ROA":-62.784238828435,"HOLDER_PROFIT_QOQ":-1.02581247036,"ROE_YEARLY":-794.286109669607,"ROIC_YEARLY":-101.413141616296,"TOTAL_ASSETS":629100650.8,"TOTAL_LIABILITIES":487454322.08,"TAX_EBT":1.035300462372,"OCF_SALES":-17.958384993632,"TOTAL_PARENT_EQUITY":-76638055.12,"DEBT_ASSET_RATIO":77.4843137517,"OPERATE_PROFIT":-453777780.76,"PRETAX_PROFIT":-530607729.8,"NETCASH_OPERATE":-17920198.88,"NETCASH_INVEST":37952072.52,"NETCASH_FINANCE":-16235235.6,"END_CASH":57279493.48,"DIVI_RATIO":null,"DIVIDEND_RATE":null,"CURRENT_RATIO":0.540784896465,"COMMON_ACS":250000000,"CURRENTDEBT_DEBT":90.978673002148,"ISSUED_COMMON_SHARES":154422109,"HK_COMMON_SHARES":154422109,"PER_SHARES":10000,"TOTAL_MARKET_CAP":26715024.857,"HKSK_MARKET_CAP":26715024.857,"PE_TTM":-0.09822892063,"PB_TTM":-0.040922999052,"REPORT_DATE_SQ":"2019-12-31 00:00:00","REPORT_TYPE_SQ":"2019年年报","OPERATE_INCOME_SQ":138267226.12,"DPS_HKD":null,"OPERATE_INCOME_QOQ_SQ":-13.452337641884,"NET_PROFIT_RATIO_SQ":-356.388561359,"HOLDER_PROFIT_SQ":-464724393.54,"HOLDER_PROFIT_QOQ_SQ":-251.578300192985,"ROE_AVG_SQ":-107.15708701467,"PE_TTM_SQ":-0.20812410223,"PB_TTM_SQ":-0.071593531429,"ROA_SQ":-38.390351075174,"START_DATE":"2020-01-01 00:00:00","FISCAL_YEAR":"12-31","CURRENCY":"HKD","IS_CNY_CODE":0,"DPS_HKD_LY":null,"ORG_TYPE":"一般企业","PREMIUM_INCOME":null,"PREMIUM_INCOME_YOY":null,"NET_INTEREST_INCOME":null,"NET_INTEREST_INCOME_YOY":null,"FEE_COMMISSION_INCOME":null,"FEE_COMMISSION_INCOME_YOY":null,"ACCOUNTS_RECE_TDAYS":1.64300017322,"INVENTORY_TDAYS":7.797208187034,"CURRENT_ASSETS_TDAYS":0.397534916705,"TOTAL_ASSETS_TDAYS":0.12969100718,"PREMIUM_EXPENSE":null,"LOAN_DEPOSIT":null,"LOAN_EQUITY":null,"LOAN_ASSETS":null,"DEPOSIT_EQUITY":null,"DEPOSIT_ASSETS":null,"EQUITY_MULTIPLIER":4.44134808494,"EQUITY_RATIO":-6.360473544334},{"SECUCODE":"01371.HK","SECURITY_CODE":"01371","SECURITY_NAME_ABBR":"中国生态旅游","ORG_CODE":"10010749","STD_REPORT_DATE":"2020-06-30 00:00:00","REPORT_DATE":"2020-06-30 00:00:00","DATE_TYPE_CODE":"002","REPORT_TYPE":"2020年中报","PER_NETCASH_OPERATE":0.009690896935,"PER_OI":0.039996910093,"BPS":0.971177770406,"BASIC_EPS":-0.062479296,"DILUTED_EPS":-0.062479296,"OPERATE_INCOME":41176048.32,"OPERATE_INCOME_YOY":-46.6993011954,"GROSS_PROFIT":11584246.08,"GROSS_PROFIT_YOY":-64.601354700602,"HOLDER_PROFIT":-64344540.48,"HOLDER_PROFIT_YOY":-21.7455928102,"GROSS_PROFIT_RATIO":28.133457562447,"EPS_TTM":-0.464478635775,"OPERATE_INCOME_QOQ":-24.025532146837,"NET_PROFIT_RATIO":-166.813079551,"ROE_AVG":-35.241616345562,"GROSS_PROFIT_QOQ":-38.379806215167,"ROA":-6.59197409701,"HOLDER_PROFIT_QOQ":-2.893631809935,"ROE_YEARLY":-70.483232691124,"ROIC_YEARLY":-19.703725252164,"TOTAL_ASSETS":964851143.52,"TOTAL_LIABILITIES":547596318.72,"TAX_EBT":1.552721845461,"OCF_SALES":24.229113980212,"TOTAL_PARENT_EQUITY":149971319.52,"DEBT_ASSET_RATIO":56.7544871971,"OPERATE_PROFIT":-46253861.28,"PRETAX_PROFIT":-69770374.08,"NETCASH_OPERATE":9976591.68,"NETCASH_INVEST":1843321.92,"NETCASH_FINANCE":-14530090.08,"END_CASH":49242636.96,"DIVI_RATIO":null,"DIVIDEND_RATE":null,"CURRENT_RATIO":0.603084145996,"COMMON_ACS":250000000,"CURRENTDEBT_DEBT":88.895690989645,"ISSUED_COMMON_SHARES":154422109,"HK_COMMON_SHARES":154422109,"PER_SHARES":10000,"TOTAL_MARKET_CAP":26715024.857,"HKSK_MARKET_CAP":26715024.857,"PE_TTM":-0.09822892063,"PB_TTM":-0.040922999052,"REPORT_DATE_SQ":"2019-06-30 00:00:00","REPORT_TYPE_SQ":"2019年中报","OPERATE_INCOME_SQ":74395485.18,"DPS_HKD":null,"OPERATE_INCOME_QOQ_SQ":-0.867702383939,"NET_PROFIT_RATIO_SQ":-71.0959762572,"HOLDER_PROFIT_SQ":-50897127.6,"HOLDER_PROFIT_QOQ_SQ":10.98105267616,"ROE_AVG_SQ":-8.100510166938,"PE_TTM_SQ":-0.20812410223,"PB_TTM_SQ":-0.071593531429,"ROA_SQ":-3.614506000855,"START_DATE":"2020-01-01 00:00:00","FISCAL_YEAR":"12-31","CURRENCY":"HKD","IS_CNY_CODE":0,"DPS_HKD_LY":null,"ORG_TYPE":"一般企业","PREMIUM_INCOME":null,"PREMIUM_INCOME_YOY":null,"NET_INTEREST_INCOME":null,"NET_INTEREST_INCOME_YOY":null,"FEE_COMMISSION_INCOME":null,"FEE_COMMISSION_INCOME_YOY":null,"ACCOUNTS_RECE_TDAYS":0.591590330455,"INVENTORY_TDAYS":1.698170571893,"CURRENT_ASSETS_TDAYS":0.142441391993,"TOTAL_ASSETS_TDAYS":0.042184067509,"PREMIUM_EXPENSE":null,"LOAN_DEPOSIT":null,"LOAN_EQUITY":null,"LOAN_ASSETS":null,"DEPOSIT_EQUITY":null,"DEPOSIT_ASSETS":null,"EQUITY_MULTIPLIER":2.312378638121,"EQUITY_RATIO":3.651340272744},{"SECUCODE":"01371.HK","SECURITY_CODE":"01371","SECURITY_NAME_ABBR":"中国生态旅游","ORG_CODE":"10010749","STD_REPORT_DATE":"2019-12-31 00:00:00","REPORT_DATE":"2019-12-31 00:00:00","DATE_TYPE_CODE":"001","REPORT_TYPE":"2019年年报","PER_NETCASH_OPERATE":-0.006288414977,"PER_OI":0.134307735626,"BPS":1.366582422081,"BASIC_EPS":-0.463655728,"DILUTED_EPS":-0.463655728,"OPERATE_INCOME":138267226.12,"OPERATE_INCOME_YOY":-16.0786616429,"GROSS_PROFIT":55083303.76,"GROSS_PROFIT_YOY":-34.474176059865,"HOLDER_PROFIT":-464724393.54,"HOLDER_PROFIT_YOY":-206.1303608941,"GROSS_PROFIT_RATIO":39.838293792192,"EPS_TTM":-0.451416309838,"OPERATE_INCOME_QOQ":-13.452337641884,"NET_PROFIT_RATIO":-356.388561359,"ROE_AVG":-107.15708701467,"GROSS_PROFIT_QOQ":-28.595554419071,"ROA":-38.390351075174,"HOLDER_PROFIT_QOQ":-251.578300192985,"ROE_YEARLY":-107.15708701467,"ROIC_YEARLY":-55.887766198972,"TOTAL_ASSETS":968268309.16,"TOTAL_LIABILITIES":492146010.9,"TAX_EBT":-0.687294658137,"OCF_SALES":-4.682094406365,"TOTAL_PARENT_EQUITY":211030539.74,"DEBT_ASSET_RATIO":50.8274417581,"OPERATE_PROFIT":-438555972.4,"PRETAX_PROFIT":-489404924.1,"NETCASH_OPERATE":-6473802.06,"NETCASH_INVEST":-38177247.82,"NETCASH_FINANCE":-25367593.82,"END_CASH":50947487.5,"DIVI_RATIO":null,"DIVIDEND_RATE":null,"CURRENT_RATIO":0.649498291502,"COMMON_ACS":250000000,"CURRENTDEBT_DEBT":87.305539629235,"ISSUED_COMMON_SHARES":154422109,"HK_COMMON_SHARES":154422109,"PER_SHARES":10000,"TOTAL_MARKET_CAP":26715024.857,"HKSK_MARKET_CAP":26715024.857,"PE_TTM":-0.09822892063,"PB_TTM":-0.040922999052,"REPORT_DATE_SQ":"2018-12-31 00:00:00","REPORT_TYPE_SQ":"2018年年报","OPERATE_INCOME_SQ":161156837.4,"DPS_HKD":null,"OPERATE_INCOME_QOQ_SQ":-14.568572687261,"NET_PROFIT_RATIO_SQ":-88.4704257667,"HOLDER_PROFIT_SQ":-148487861.6,"HOLDER_PROFIT_QOQ_SQ":15.400243525031,"ROE_AVG_SQ":-22.251765541591,"PE_TTM_SQ":-0.20812410223,"PB_TTM_SQ":-0.071593531429,"ROA_SQ":-10.244199524567,"START_DATE":"2019-01-01 00:00:00","FISCAL_YEAR":"12-31","CURRENCY":"HKD","IS_CNY_CODE":0,"DPS_HKD_LY":null,"ORG_TYPE":"一般企业","PREMIUM_INCOME":null,"PREMIUM_INCOME_YOY":null,"NET_INTEREST_INCOME":null,"NET_INTEREST_INCOME_YOY":null,"FEE_COMMISSION_INCOME":null,"FEE_COMMISSION_INCOME_YOY":null,"ACCOUNTS_RECE_TDAYS":1.96386630533,"INVENTORY_TDAYS":5.712826822516,"CURRENT_ASSETS_TDAYS":0.269766409491,"TOTAL_ASSETS_TDAYS":0.114220975415,"PREMIUM_EXPENSE":null,"LOAN_DEPOSIT":null,"LOAN_EQUITY":null,"LOAN_ASSETS":null,"DEPOSIT_EQUITY":null,"DEPOSIT_ASSETS":null,"EQUITY_MULTIPLIER":2.033654615,"EQUITY_RATIO":2.332108004398}],"count":63},"success":true,"message":"ok","code":0}