{"version":"1c1b3c4a4398173b4554b1082c3bddfa","result":{"pages":3,"data":[{"SECUCODE":"01370.HK","SECURITY_CODE":"01370","SECURITY_NAME_ABBR":"奥威控股","ORG_CODE":"10352412","STD_REPORT_DATE":"2024-06-30 00:00:00","REPORT_DATE":"2024-06-30 00:00:00","DATE_TYPE_CODE":"002","REPORT_TYPE":"2024年中报","PER_NETCASH_OPERATE":0.015995549355,"PER_OI":0.197960669333,"BPS":0.559484055465,"BASIC_EPS":-0.03,"DILUTED_EPS":null,"OPERATE_INCOME":323731000,"OPERATE_INCOME_YOY":-9.0249714764,"GROSS_PROFIT":46672000,"GROSS_PROFIT_YOY":-44.390429892289,"HOLDER_PROFIT":-50587000,"HOLDER_PROFIT_YOY":23.0604267746,"GROSS_PROFIT_RATIO":14.416907864863,"EPS_TTM":-0.326525554637,"OPERATE_INCOME_QOQ":-4.812194789374,"NET_PROFIT_RATIO":-15.6262452468,"ROE_AVG":-5.380056132873,"GROSS_PROFIT_QOQ":-37.565540050012,"ROA":-2.344166148632,"HOLDER_PROFIT_QOQ":2.761049570327,"ROE_YEARLY":-10.760112265745,"ROIC_YEARLY":-4.786257828453,"TOTAL_ASSETS":2114980000,"TOTAL_LIABILITIES":1200039000,"TAX_EBT":3.304916278003,"OCF_SALES":8.080165322444,"TOTAL_PARENT_EQUITY":914941000,"DEBT_ASSET_RATIO":56.7399691723,"OPERATE_PROFIT":-11468000,"PRETAX_PROFIT":-52316000,"NETCASH_OPERATE":26158000,"NETCASH_INVEST":-18393000,"NETCASH_FINANCE":11644000,"END_CASH":53822000,"DIVI_RATIO":null,"DIVIDEND_RATE":null,"CURRENT_RATIO":0.55433730344,"COMMON_ACS":10000000000,"CURRENTDEBT_DEBT":60.512783334542,"ISSUED_COMMON_SHARES":1635329892,"HK_COMMON_SHARES":1635329892,"PER_SHARES":1000,"TOTAL_MARKET_CAP":1553563397.4,"HKSK_MARKET_CAP":1553563397.4,"PE_TTM":-2.632798676903,"PB_TTM":1.549724235267,"REPORT_DATE_SQ":"2023-06-30 00:00:00","REPORT_TYPE_SQ":"2023年中报","OPERATE_INCOME_SQ":355846000,"DPS_HKD":null,"OPERATE_INCOME_QOQ_SQ":-19.334876742334,"NET_PROFIT_RATIO_SQ":-18.4768130034,"HOLDER_PROFIT_SQ":-65749000,"HOLDER_PROFIT_QOQ_SQ":-181.845115628343,"ROE_AVG_SQ":-4.436784641946,"PE_TTM_SQ":-17.646171515385,"PB_TTM_SQ":0.624312811922,"ROA_SQ":-2.622329022544,"START_DATE":"2024-01-01 00:00:00","FISCAL_YEAR":"12-31","CURRENCY":"HKD","IS_CNY_CODE":0,"DPS_HKD_LY":null,"ORG_TYPE":"一般企业","PREMIUM_INCOME":null,"PREMIUM_INCOME_YOY":null,"NET_INTEREST_INCOME":null,"NET_INTEREST_INCOME_YOY":null,"FEE_COMMISSION_INCOME":null,"FEE_COMMISSION_INCOME_YOY":null,"ACCOUNTS_RECE_TDAYS":1.389585331986,"INVENTORY_TDAYS":2.620711508811,"CURRENT_ASSETS_TDAYS":0.78991918561,"TOTAL_ASSETS_TDAYS":0.150014677973,"PREMIUM_EXPENSE":null,"LOAN_DEPOSIT":null,"LOAN_EQUITY":null,"LOAN_ASSETS":null,"DEPOSIT_EQUITY":null,"DEPOSIT_ASSETS":null,"EQUITY_MULTIPLIER":2.31160260607,"EQUITY_RATIO":1.31160260607},{"SECUCODE":"01370.HK","SECURITY_CODE":"01370","SECURITY_NAME_ABBR":"奥威控股","ORG_CODE":"10352412","STD_REPORT_DATE":"2023-12-31 00:00:00","REPORT_DATE":"2023-12-31 00:00:00","DATE_TYPE_CODE":"001","REPORT_TYPE":"2023年年报","PER_NETCASH_OPERATE":0.03262032955,"PER_OI":0.408093194691,"BPS":0.590460068469,"BASIC_EPS":-0.34,"DILUTED_EPS":null,"OPERATE_INCOME":667367000,"OPERATE_INCOME_YOY":-28.8332403804,"GROSS_PROFIT":99176000,"GROSS_PROFIT_YOY":-39.414894591837,"HOLDER_PROFIT":-549139000,"HOLDER_PROFIT_YOY":-1003.8581186734,"GROSS_PROFIT_RATIO":14.860788741427,"EPS_TTM":-0.335797078428,"OPERATE_INCOME_QOQ":-11.775056250479,"NET_PROFIT_RATIO":-82.2844102271,"ROE_AVG":-44.278529341211,"GROSS_PROFIT_QOQ":-8.213713894365,"ROA":-23.742151994755,"HOLDER_PROFIT_QOQ":-1004.35193564605,"ROE_YEARLY":-44.278529341211,"ROIC_YEARLY":-24.21627375896,"TOTAL_ASSETS":2201011000,"TOTAL_LIABILITIES":1235414000,"TAX_EBT":-4.543531698394,"OCF_SALES":7.993352982692,"TOTAL_PARENT_EQUITY":965597000,"DEBT_ASSET_RATIO":56.1293878131,"OPERATE_PROFIT":-467715000,"PRETAX_PROFIT":-524790000,"NETCASH_OPERATE":53345000,"NETCASH_INVEST":-417625000,"NETCASH_FINANCE":342727000,"END_CASH":34482000,"DIVI_RATIO":null,"DIVIDEND_RATE":null,"CURRENT_RATIO":0.550358497188,"COMMON_ACS":10000000000,"CURRENTDEBT_DEBT":61.346722637108,"ISSUED_COMMON_SHARES":1635329892,"HK_COMMON_SHARES":1635329892,"PER_SHARES":1000,"TOTAL_MARKET_CAP":817664946,"HKSK_MARKET_CAP":817664946,"PE_TTM":-1.38568351416,"PB_TTM":0.815644334351,"REPORT_DATE_SQ":"2022-12-31 00:00:00","REPORT_TYPE_SQ":"2022年年报","OPERATE_INCOME_SQ":937751000,"DPS_HKD":null,"OPERATE_INCOME_QOQ_SQ":-16.497167896835,"NET_PROFIT_RATIO_SQ":6.4787987429,"HOLDER_PROFIT_SQ":60755000,"HOLDER_PROFIT_QOQ_SQ":-40.944039970061,"ROE_AVG_SQ":4.093405510584,"PE_TTM_SQ":-17.646171515385,"PB_TTM_SQ":0.624312811922,"ROA_SQ":2.464468433569,"START_DATE":"2023-01-01 00:00:00","FISCAL_YEAR":"12-31","CURRENCY":"HKD","IS_CNY_CODE":0,"DPS_HKD_LY":null,"ORG_TYPE":"一般企业","PREMIUM_INCOME":null,"PREMIUM_INCOME_YOY":null,"NET_INTEREST_INCOME":null,"NET_INTEREST_INCOME_YOY":null,"FEE_COMMISSION_INCOME":null,"FEE_COMMISSION_INCOME_YOY":null,"ACCOUNTS_RECE_TDAYS":2.374827857389,"INVENTORY_TDAYS":5.725307833377,"CURRENT_ASSETS_TDAYS":1.474945244868,"TOTAL_ASSETS_TDAYS":0.288537669885,"PREMIUM_EXPENSE":null,"LOAN_DEPOSIT":null,"LOAN_EQUITY":null,"LOAN_ASSETS":null,"DEPOSIT_EQUITY":null,"DEPOSIT_ASSETS":null,"EQUITY_MULTIPLIER":2.279430238493,"EQUITY_RATIO":1.279430238495},{"SECUCODE":"01370.HK","SECURITY_CODE":"01370","SECURITY_NAME_ABBR":"奥威控股","ORG_CODE":"10352412","STD_REPORT_DATE":"2023-06-30 00:00:00","REPORT_DATE":"2023-06-30 00:00:00","DATE_TYPE_CODE":"002","REPORT_TYPE":"2023年中报","PER_NETCASH_OPERATE":-0.060037427604,"PER_OI":0.217598908783,"BPS":0.886075040326,"BASIC_EPS":-0.04,"DILUTED_EPS":null,"OPERATE_INCOME":355846000,"OPERATE_INCOME_YOY":-33.7540653698,"GROSS_PROFIT":83928000,"GROSS_PROFIT_YOY":-39.868456875922,"HOLDER_PROFIT":-65749000,"HOLDER_PROFIT_YOY":-246.9875477857,"GROSS_PROFIT_RATIO":23.585483608078,"EPS_TTM":-0.030406708911,"OPERATE_INCOME_QOQ":-19.334876742334,"NET_PROFIT_RATIO":-18.4768130034,"ROE_AVG":-4.436784641946,"GROSS_PROFIT_QOQ":-33.993292485507,"ROA":-2.622329022544,"HOLDER_PROFIT_QOQ":-181.845115628343,"ROE_YEARLY":-8.873569283892,"ROIC_YEARLY":-5.369041472699,"TOTAL_ASSETS":2589704000,"TOTAL_LIABILITIES":1140679000,"TAX_EBT":-64.741181513325,"OCF_SALES":-27.590867959735,"TOTAL_PARENT_EQUITY":1449025000,"DEBT_ASSET_RATIO":44.0466941396,"OPERATE_PROFIT":-4392000,"PRETAX_PROFIT":-39661000,"NETCASH_OPERATE":-98181000,"NETCASH_INVEST":-26053000,"NETCASH_FINANCE":128247000,"END_CASH":60085000,"DIVI_RATIO":null,"DIVIDEND_RATE":null,"CURRENT_RATIO":0.766377965898,"COMMON_ACS":10000000000,"CURRENTDEBT_DEBT":67.230482896591,"ISSUED_COMMON_SHARES":1635329892,"HK_COMMON_SHARES":1635329892,"PER_SHARES":1000,"TOTAL_MARKET_CAP":817664946,"HKSK_MARKET_CAP":817664946,"PE_TTM":-1.38568351416,"PB_TTM":0.815644334351,"REPORT_DATE_SQ":"2022-06-30 00:00:00","REPORT_TYPE_SQ":"2022年中报","OPERATE_INCOME_SQ":537159000,"DPS_HKD":null,"OPERATE_INCOME_QOQ_SQ":-5.766689238685,"NET_PROFIT_RATIO_SQ":8.3273295244,"HOLDER_PROFIT_SQ":44731000,"HOLDER_PROFIT_QOQ_SQ":-49.357349256435,"ROE_AVG_SQ":3.030165493602,"PE_TTM_SQ":-17.646171515385,"PB_TTM_SQ":0.624312811922,"ROA_SQ":1.794518756374,"START_DATE":"2023-01-01 00:00:00","FISCAL_YEAR":"12-31","CURRENCY":"HKD","IS_CNY_CODE":0,"DPS_HKD_LY":null,"ORG_TYPE":"一般企业","PREMIUM_INCOME":null,"PREMIUM_INCOME_YOY":null,"NET_INTEREST_INCOME":null,"NET_INTEREST_INCOME_YOY":null,"FEE_COMMISSION_INCOME":null,"FEE_COMMISSION_INCOME_YOY":null,"ACCOUNTS_RECE_TDAYS":0.985189461109,"INVENTORY_TDAYS":2.968537117904,"CURRENT_ASSETS_TDAYS":0.661699294874,"TOTAL_ASSETS_TDAYS":0.141925397094,"PREMIUM_EXPENSE":null,"LOAN_DEPOSIT":null,"LOAN_EQUITY":null,"LOAN_ASSETS":null,"DEPOSIT_EQUITY":null,"DEPOSIT_ASSETS":null,"EQUITY_MULTIPLIER":1.787204499579,"EQUITY_RATIO":0.787204499577},{"SECUCODE":"01370.HK","SECURITY_CODE":"01370","SECURITY_NAME_ABBR":"奥威控股","ORG_CODE":"10352412","STD_REPORT_DATE":"2022-12-31 00:00:00","REPORT_DATE":"2022-12-31 00:00:00","DATE_TYPE_CODE":"001","REPORT_TYPE":"2022年年报","PER_NETCASH_OPERATE":0.118330253086,"PER_OI":0.573432311479,"BPS":0.926288944763,"BASIC_EPS":0.04,"DILUTED_EPS":null,"OPERATE_INCOME":937751000,"OPERATE_INCOME_YOY":-21.3125167297,"GROSS_PROFIT":163697000,"GROSS_PROFIT_YOY":-60.766987103439,"HOLDER_PROFIT":60755000,"HOLDER_PROFIT_YOY":-70.0924964188,"GROSS_PROFIT_RATIO":17.456339689321,"EPS_TTM":0.037151525388,"OPERATE_INCOME_QOQ":-16.497167896835,"NET_PROFIT_RATIO":6.4787987429,"ROE_AVG":4.093405510584,"GROSS_PROFIT_QOQ":-46.330436151064,"ROA":2.464468433569,"HOLDER_PROFIT_QOQ":-40.944039970061,"ROE_YEARLY":4.093405510584,"ROIC_YEARLY":2.5472069711,"TOTAL_ASSETS":2424846000,"TOTAL_LIABILITIES":910058000,"TAX_EBT":36.510917571305,"OCF_SALES":20.635435206148,"TOTAL_PARENT_EQUITY":1514788000,"DEBT_ASSET_RATIO":37.5305483317,"OPERATE_PROFIT":124635000,"PRETAX_PROFIT":96908000,"NETCASH_OPERATE":193509000,"NETCASH_INVEST":-168832000,"NETCASH_FINANCE":-73045000,"END_CASH":56086000,"DIVI_RATIO":null,"DIVIDEND_RATE":null,"CURRENT_RATIO":0.69682888854,"COMMON_ACS":10000000000,"CURRENTDEBT_DEBT":76.925866263469,"ISSUED_COMMON_SHARES":1635329892,"HK_COMMON_SHARES":1635329892,"PER_SHARES":1000,"TOTAL_MARKET_CAP":817664946,"HKSK_MARKET_CAP":817664946,"PE_TTM":-1.38568351416,"PB_TTM":0.815644334351,"REPORT_DATE_SQ":"2021-12-31 00:00:00","REPORT_TYPE_SQ":"2021年年报","OPERATE_INCOME_SQ":1191741000,"DPS_HKD":null,"OPERATE_INCOME_QOQ_SQ":25.832528231363,"NET_PROFIT_RATIO_SQ":17.0459017521,"HOLDER_PROFIT_SQ":203143000,"HOLDER_PROFIT_QOQ_SQ":27.163067292645,"ROE_AVG_SQ":15.024236337199,"PE_TTM_SQ":-17.646171515385,"PB_TTM_SQ":0.624312811922,"ROA_SQ":8.401626038452,"START_DATE":"2022-01-01 00:00:00","FISCAL_YEAR":"12-31","CURRENCY":"HKD","IS_CNY_CODE":0,"DPS_HKD_LY":null,"ORG_TYPE":"一般企业","PREMIUM_INCOME":null,"PREMIUM_INCOME_YOY":null,"NET_INTEREST_INCOME":null,"NET_INTEREST_INCOME_YOY":null,"FEE_COMMISSION_INCOME":null,"FEE_COMMISSION_INCOME_YOY":null,"ACCOUNTS_RECE_TDAYS":2.929327606404,"INVENTORY_TDAYS":7.433499310961,"CURRENT_ASSETS_TDAYS":1.811125542589,"TOTAL_ASSETS_TDAYS":0.380389719043,"PREMIUM_EXPENSE":null,"LOAN_DEPOSIT":null,"LOAN_EQUITY":null,"LOAN_ASSETS":null,"DEPOSIT_EQUITY":null,"DEPOSIT_ASSETS":null,"EQUITY_MULTIPLIER":1.600782419717,"EQUITY_RATIO":0.600782419718},{"SECUCODE":"01370.HK","SECURITY_CODE":"01370","SECURITY_NAME_ABBR":"奥威控股","ORG_CODE":"10352412","STD_REPORT_DATE":"2022-06-30 00:00:00","REPORT_DATE":"2022-06-30 00:00:00","DATE_TYPE_CODE":"002","REPORT_TYPE":"2022年中报","PER_NETCASH_OPERATE":0.099433759999,"PER_OI":0.328471339409,"BPS":0.916472576776,"BASIC_EPS":0.03,"DILUTED_EPS":null,"OPERATE_INCOME":537159000,"OPERATE_INCOME_YOY":-11.3427840029,"GROSS_PROFIT":139574000,"GROSS_PROFIT_YOY":-44.57126064303,"HOLDER_PROFIT":44731000,"HOLDER_PROFIT_YOY":-69.1503962151,"GROSS_PROFIT_RATIO":25.98374038227,"EPS_TTM":0.06290901946,"OPERATE_INCOME_QOQ":-5.766689238685,"NET_PROFIT_RATIO":8.3273295244,"ROE_AVG":3.030165493602,"GROSS_PROFIT_QOQ":-26.898953367702,"ROA":1.794518756374,"HOLDER_PROFIT_QOQ":-49.357349256435,"ROE_YEARLY":6.060330987204,"ROIC_YEARLY":3.713546899708,"TOTAL_ASSETS":2479663000,"TOTAL_LIABILITIES":980928000,"TAX_EBT":33.697472763655,"OCF_SALES":30.271670026938,"TOTAL_PARENT_EQUITY":1498735000,"DEBT_ASSET_RATIO":39.5589239344,"OPERATE_PROFIT":86676000,"PRETAX_PROFIT":67465000,"NETCASH_OPERATE":162607000,"NETCASH_INVEST":-54716000,"NETCASH_FINANCE":-149232000,"END_CASH":63083000,"DIVI_RATIO":null,"DIVIDEND_RATE":null,"CURRENT_RATIO":0.710042752824,"COMMON_ACS":10000000000,"CURRENTDEBT_DEBT":78.40249233379,"ISSUED_COMMON_SHARES":1635329892,"HK_COMMON_SHARES":1635329892,"PER_SHARES":1000,"TOTAL_MARKET_CAP":817664946,"HKSK_MARKET_CAP":817664946,"PE_TTM":-1.38568351416,"PB_TTM":0.815644334351,"REPORT_DATE_SQ":"2021-06-30 00:00:00","REPORT_TYPE_SQ":"2021年中报","OPERATE_INCOME_SQ":605883000,"DPS_HKD":null,"OPERATE_INCOME_QOQ_SQ":66.747068983427,"NET_PROFIT_RATIO_SQ":23.9315181314,"HOLDER_PROFIT_SQ":144997000,"HOLDER_PROFIT_QOQ_SQ":326.367771464199,"ROE_AVG_SQ":10.959265457041,"PE_TTM_SQ":-17.646171515385,"PB_TTM_SQ":0.624312811922,"ROA_SQ":5.996285947703,"START_DATE":"2022-01-01 00:00:00","FISCAL_YEAR":"12-31","CURRENCY":"HKD","IS_CNY_CODE":0,"DPS_HKD_LY":null,"ORG_TYPE":"一般企业","PREMIUM_INCOME":null,"PREMIUM_INCOME_YOY":null,"NET_INTEREST_INCOME":null,"NET_INTEREST_INCOME_YOY":null,"FEE_COMMISSION_INCOME":null,"FEE_COMMISSION_INCOME_YOY":null,"ACCOUNTS_RECE_TDAYS":1.524028258526,"INVENTORY_TDAYS":3.586354021495,"CURRENT_ASSETS_TDAYS":0.982197679628,"TOTAL_ASSETS_TDAYS":0.215497507468,"PREMIUM_EXPENSE":null,"LOAN_DEPOSIT":null,"LOAN_EQUITY":null,"LOAN_ASSETS":null,"DEPOSIT_EQUITY":null,"DEPOSIT_ASSETS":null,"EQUITY_MULTIPLIER":1.65450396501,"EQUITY_RATIO":0.65450396501},{"SECUCODE":"01370.HK","SECURITY_CODE":"01370","SECURITY_NAME_ABBR":"奥威控股","ORG_CODE":"10352412","STD_REPORT_DATE":"2021-12-31 00:00:00","REPORT_DATE":"2021-12-31 00:00:00","DATE_TYPE_CODE":"001","REPORT_TYPE":"2021年年报","PER_NETCASH_OPERATE":0.325222453648,"PER_OI":0.728746539661,"BPS":0.888900158379,"BASIC_EPS":0.12,"DILUTED_EPS":null,"OPERATE_INCOME":1191741000,"OPERATE_INCOME_YOY":109.8220526535,"GROSS_PROFIT":417243000,"GROSS_PROFIT_YOY":343.455664317827,"HOLDER_PROFIT":203143000,"HOLDER_PROFIT_YOY":387.8562015559,"GROSS_PROFIT_RATIO":35.01121468507,"EPS_TTM":0.124221419173,"OPERATE_INCOME_QOQ":25.832528231363,"NET_PROFIT_RATIO":17.0459017521,"ROE_AVG":15.024236337199,"GROSS_PROFIT_QOQ":23.946695342972,"ROA":8.401626038452,"HOLDER_PROFIT_QOQ":27.163067292645,"ROE_YEARLY":15.024236337199,"ROIC_YEARLY":8.62323952929,"TOTAL_ASSETS":2505629000,"TOTAL_LIABILITIES":1051984000,"TAX_EBT":26.966647612268,"OCF_SALES":44.627649799747,"TOTAL_PARENT_EQUITY":1453645000,"DEBT_ASSET_RATIO":41.9848269636,"OPERATE_PROFIT":312781000,"PRETAX_PROFIT":278151000,"NETCASH_OPERATE":531846000,"NETCASH_INVEST":-364371000,"NETCASH_FINANCE":-83564000,"END_CASH":104066000,"DIVI_RATIO":null,"DIVIDEND_RATE":null,"CURRENT_RATIO":0.609375,"COMMON_ACS":10000000000,"CURRENTDEBT_DEBT":85.440082738901,"ISSUED_COMMON_SHARES":1635329892,"HK_COMMON_SHARES":1635329892,"PER_SHARES":1000,"TOTAL_MARKET_CAP":817664946,"HKSK_MARKET_CAP":817664946,"PE_TTM":-1.38568351416,"PB_TTM":0.815644334351,"REPORT_DATE_SQ":"2020-12-31 00:00:00","REPORT_TYPE_SQ":"2020年年报","OPERATE_INCOME_SQ":567977000,"DPS_HKD":null,"OPERATE_INCOME_QOQ_SQ":-7.148847405702,"NET_PROFIT_RATIO_SQ":-12.424974955,"HOLDER_PROFIT_SQ":-70571000,"HOLDER_PROFIT_QOQ_SQ":72.674013382071,"ROE_AVG_SQ":-5.488000951852,"PE_TTM_SQ":-17.646171515385,"PB_TTM_SQ":0.624312811922,"ROA_SQ":-3.025871110094,"START_DATE":"2021-01-01 00:00:00","FISCAL_YEAR":"12-31","CURRENCY":"HKD","IS_CNY_CODE":0,"DPS_HKD_LY":null,"ORG_TYPE":"一般企业","PREMIUM_INCOME":null,"PREMIUM_INCOME_YOY":null,"NET_INTEREST_INCOME":null,"NET_INTEREST_INCOME_YOY":null,"FEE_COMMISSION_INCOME":null,"FEE_COMMISSION_INCOME_YOY":null,"ACCOUNTS_RECE_TDAYS":3.075131308518,"INVENTORY_TDAYS":6.118233488824,"CURRENT_ASSETS_TDAYS":1.64090853389,"TOTAL_ASSETS_TDAYS":0.49288246293,"PREMIUM_EXPENSE":null,"LOAN_DEPOSIT":null,"LOAN_EQUITY":null,"LOAN_ASSETS":null,"DEPOSIT_EQUITY":null,"DEPOSIT_ASSETS":null,"EQUITY_MULTIPLIER":1.723687007488,"EQUITY_RATIO":0.723687007488},{"SECUCODE":"01370.HK","SECURITY_CODE":"01370","SECURITY_NAME_ABBR":"奥威控股","ORG_CODE":"10352412","STD_REPORT_DATE":"2021-06-30 00:00:00","REPORT_DATE":"2021-06-30 00:00:00","DATE_TYPE_CODE":"002","REPORT_TYPE":"2021年中报","PER_NETCASH_OPERATE":0.012063620983,"PER_OI":0.370495887688,"BPS":0.853374604615,"BASIC_EPS":0.09,"DILUTED_EPS":null,"OPERATE_INCOME":605883000,"OPERATE_INCOME_YOY":167.1736302502,"GROSS_PROFIT":251808000,"GROSS_PROFIT_YOY":2617.54802503777,"HOLDER_PROFIT":144997000,"HOLDER_PROFIT_YOY":269.9369462285,"GROSS_PROFIT_RATIO":41.560499304321,"EPS_TTM":0.097686711887,"OPERATE_INCOME_QOQ":66.747068983427,"NET_PROFIT_RATIO":23.9315181314,"ROE_AVG":10.959265457041,"GROSS_PROFIT_QOQ":257.779336585573,"ROA":5.996285947703,"HOLDER_PROFIT_QOQ":326.367771464199,"ROE_YEARLY":21.918530914082,"ROIC_YEARLY":12.227397188652,"TOTAL_ASSETS":2506054000,"TOTAL_LIABILITIES":1110505000,"TAX_EBT":20.502108108405,"OCF_SALES":3.256074192542,"TOTAL_PARENT_EQUITY":1395549000,"DEBT_ASSET_RATIO":44.312891901,"OPERATE_PROFIT":200277000,"PRETAX_PROFIT":182391000,"NETCASH_OPERATE":19728000,"NETCASH_INVEST":88471000,"NETCASH_FINANCE":-55736000,"END_CASH":72667000,"DIVI_RATIO":null,"DIVIDEND_RATE":null,"CURRENT_RATIO":0.991987551941,"COMMON_ACS":10000000000,"CURRENTDEBT_DEBT":86.402762707057,"ISSUED_COMMON_SHARES":1635329892,"HK_COMMON_SHARES":1635329892,"PER_SHARES":1000,"TOTAL_MARKET_CAP":817664946,"HKSK_MARKET_CAP":817664946,"PE_TTM":-1.38568351416,"PB_TTM":0.815644334351,"REPORT_DATE_SQ":"2020-06-30 00:00:00","REPORT_TYPE_SQ":"2020年中报","OPERATE_INCOME_SQ":226775000,"DPS_HKD":null,"OPERATE_INCOME_QOQ_SQ":-24.994451590278,"NET_PROFIT_RATIO_SQ":-37.6249586595,"HOLDER_PROFIT_SQ":-85324000,"HOLDER_PROFIT_QOQ_SQ":-160.941083751806,"ROE_AVG_SQ":-6.672753613554,"PE_TTM_SQ":-17.646171515385,"PB_TTM_SQ":0.624312811922,"ROA_SQ":-3.701441464265,"START_DATE":"2021-01-01 00:00:00","FISCAL_YEAR":"12-31","CURRENCY":"HKD","IS_CNY_CODE":0,"DPS_HKD_LY":null,"ORG_TYPE":"一般企业","PREMIUM_INCOME":null,"PREMIUM_INCOME_YOY":null,"NET_INTEREST_INCOME":null,"NET_INTEREST_INCOME_YOY":null,"FEE_COMMISSION_INCOME":null,"FEE_COMMISSION_INCOME_YOY":null,"ACCOUNTS_RECE_TDAYS":1.020619312128,"INVENTORY_TDAYS":2.561334215866,"CURRENT_ASSETS_TDAYS":0.652665754984,"TOTAL_ASSETS_TDAYS":0.250560199097,"PREMIUM_EXPENSE":null,"LOAN_DEPOSIT":null,"LOAN_EQUITY":null,"LOAN_ASSETS":null,"DEPOSIT_EQUITY":null,"DEPOSIT_ASSETS":null,"EQUITY_MULTIPLIER":1.79574776665,"EQUITY_RATIO":0.79574776665},{"SECUCODE":"01370.HK","SECURITY_CODE":"01370","SECURITY_NAME_ABBR":"奥威控股","ORG_CODE":"10352412","STD_REPORT_DATE":"2020-12-31 00:00:00","REPORT_DATE":"2020-12-31 00:00:00","DATE_TYPE_CODE":"001","REPORT_TYPE":"2020年年报","PER_NETCASH_OPERATE":0.130927099815,"PER_OI":0.347316466713,"BPS":0.764713594558,"BASIC_EPS":-0.04,"DILUTED_EPS":null,"OPERATE_INCOME":567977000,"OPERATE_INCOME_YOY":-30.3564837919,"GROSS_PROFIT":94089000,"GROSS_PROFIT_YOY":-65.182526319685,"HOLDER_PROFIT":-70571000,"HOLDER_PROFIT_YOY":28.6952743733,"GROSS_PROFIT_RATIO":16.565635580314,"EPS_TTM":-0.043153984004,"OPERATE_INCOME_QOQ":-7.148847405702,"NET_PROFIT_RATIO":-12.424974955,"ROE_AVG":-5.488000951852,"GROSS_PROFIT_QOQ":-19.013763244648,"ROA":-3.025871110094,"HOLDER_PROFIT_QOQ":72.674013382071,"ROE_YEARLY":-5.488000951852,"ROIC_YEARLY":-3.374457910367,"TOTAL_ASSETS":2330173000,"TOTAL_LIABILITIES":1079614000,"TAX_EBT":11.599503952099,"OCF_SALES":37.696772932707,"TOTAL_PARENT_EQUITY":1250559000,"DEBT_ASSET_RATIO":46.3319247112,"OPERATE_PROFIT":-38275000,"PRETAX_PROFIT":-79831000,"NETCASH_OPERATE":214109000,"NETCASH_INVEST":-669293000,"NETCASH_FINANCE":14148000,"END_CASH":20212000,"DIVI_RATIO":null,"DIVIDEND_RATE":null,"CURRENT_RATIO":1.20528190496,"COMMON_ACS":10000000000,"CURRENTDEBT_DEBT":69.535408025461,"ISSUED_COMMON_SHARES":1635329892,"HK_COMMON_SHARES":1635329892,"PER_SHARES":1000,"TOTAL_MARKET_CAP":817664946,"HKSK_MARKET_CAP":817664946,"PE_TTM":-1.38568351416,"PB_TTM":0.815644334351,"REPORT_DATE_SQ":"2019-12-31 00:00:00","REPORT_TYPE_SQ":"2019年年报","OPERATE_INCOME_SQ":815549000,"DPS_HKD":null,"OPERATE_INCOME_QOQ_SQ":-6.601304869152,"NET_PROFIT_RATIO_SQ":-12.1355062663,"HOLDER_PROFIT_SQ":-98971000,"HOLDER_PROFIT_QOQ_SQ":-250.895729466831,"ROE_AVG_SQ":-7.220882198009,"PE_TTM_SQ":-17.646171515385,"PB_TTM_SQ":0.624312811922,"ROA_SQ":-4.344558601784,"START_DATE":"2020-01-01 00:00:00","FISCAL_YEAR":"12-31","CURRENCY":"HKD","IS_CNY_CODE":0,"DPS_HKD_LY":null,"ORG_TYPE":"一般企业","PREMIUM_INCOME":null,"PREMIUM_INCOME_YOY":null,"NET_INTEREST_INCOME":null,"NET_INTEREST_INCOME_YOY":null,"FEE_COMMISSION_INCOME":null,"FEE_COMMISSION_INCOME_YOY":null,"ACCOUNTS_RECE_TDAYS":1.260703092399,"INVENTORY_TDAYS":3.865869924337,"CURRENT_ASSETS_TDAYS":0.589168201885,"TOTAL_ASSETS_TDAYS":0.243531364937,"PREMIUM_EXPENSE":null,"LOAN_DEPOSIT":null,"LOAN_EQUITY":null,"LOAN_ASSETS":null,"DEPOSIT_EQUITY":null,"DEPOSIT_ASSETS":null,"EQUITY_MULTIPLIER":1.863305129947,"EQUITY_RATIO":0.863305129946},{"SECUCODE":"01370.HK","SECURITY_CODE":"01370","SECURITY_NAME_ABBR":"奥威控股","ORG_CODE":"10352412","STD_REPORT_DATE":"2020-06-30 00:00:00","REPORT_DATE":"2020-06-30 00:00:00","DATE_TYPE_CODE":"002","REPORT_TYPE":"2020年中报","PER_NETCASH_OPERATE":-0.068164228236,"PER_OI":0.138672326061,"BPS":0.75588112591,"BASIC_EPS":-0.05,"DILUTED_EPS":null,"OPERATE_INCOME":226775000,"OPERATE_INCOME_YOY":-47.3371929116,"GROSS_PROFIT":9266000,"GROSS_PROFIT_YOY":-94.326545107212,"HOLDER_PROFIT":-85324000,"HOLDER_PROFIT_YOY":-215.3635023864,"GROSS_PROFIT_RATIO":4.085988314409,"EPS_TTM":-0.157922876151,"OPERATE_INCOME_QOQ":-24.994451590278,"NET_PROFIT_RATIO":-37.6249586595,"ROE_AVG":-6.672753613554,"GROSS_PROFIT_QOQ":-57.008159564823,"ROA":-3.701441464265,"HOLDER_PROFIT_QOQ":-160.941083751806,"ROE_YEARLY":-13.345507227109,"ROIC_YEARLY":-9.008851108579,"TOTAL_ASSETS":2275977000,"TOTAL_LIABILITIES":1039862000,"TAX_EBT":8.059006713145,"OCF_SALES":-49.154889207364,"TOTAL_PARENT_EQUITY":1236115000,"DEBT_ASSET_RATIO":45.6885987864,"OPERATE_PROFIT":-70391000,"PRETAX_PROFIT":-92803000,"NETCASH_OPERATE":-111471000,"NETCASH_INVEST":-33049000,"NETCASH_FINANCE":42967000,"END_CASH":360221000,"DIVI_RATIO":null,"DIVIDEND_RATE":null,"CURRENT_RATIO":1.436952223095,"COMMON_ACS":10000000000,"CURRENTDEBT_DEBT":66.141468771818,"ISSUED_COMMON_SHARES":1635329892,"HK_COMMON_SHARES":1635329892,"PER_SHARES":1000,"TOTAL_MARKET_CAP":817664946,"HKSK_MARKET_CAP":817664946,"PE_TTM":-1.38568351416,"PB_TTM":0.815644334351,"REPORT_DATE_SQ":"2019-06-30 00:00:00","REPORT_TYPE_SQ":"2019年中报","OPERATE_INCOME_SQ":430617000,"DPS_HKD":null,"OPERATE_INCOME_QOQ_SQ":2.153529024325,"NET_PROFIT_RATIO_SQ":17.1755875871,"HOLDER_PROFIT_SQ":73961000,"HOLDER_PROFIT_QOQ_SQ":57.885994896731,"ROE_AVG_SQ":5.076212507588,"PE_TTM_SQ":-17.646171515385,"PB_TTM_SQ":0.624312811922,"ROA_SQ":3.11865135754,"START_DATE":"2020-01-01 00:00:00","FISCAL_YEAR":"12-31","CURRENCY":"HKD","IS_CNY_CODE":0,"DPS_HKD_LY":null,"ORG_TYPE":"一般企业","PREMIUM_INCOME":null,"PREMIUM_INCOME_YOY":null,"NET_INTEREST_INCOME":null,"NET_INTEREST_INCOME_YOY":null,"FEE_COMMISSION_INCOME":null,"FEE_COMMISSION_INCOME_YOY":null,"ACCOUNTS_RECE_TDAYS":0.45759744944,"INVENTORY_TDAYS":2.19115113784,"CURRENT_ASSETS_TDAYS":0.225473006126,"TOTAL_ASSETS_TDAYS":0.098377289867,"PREMIUM_EXPENSE":null,"LOAN_DEPOSIT":null,"LOAN_EQUITY":null,"LOAN_ASSETS":null,"DEPOSIT_EQUITY":null,"DEPOSIT_ASSETS":null,"EQUITY_MULTIPLIER":1.841234027579,"EQUITY_RATIO":0.841234027578}],"count":27},"success":true,"message":"ok","code":0}