{"version":"a0d03fa56a463c73043aa05195c99e11","result":{"pages":3,"data":[{"SECUCODE":"01373.HK","SECURITY_CODE":"01373","SECURITY_NAME_ABBR":"国际家居零售","ORG_CODE":"10334340","STD_REPORT_DATE":"2024-06-30 00:00:00","REPORT_DATE":"2024-10-31 00:00:00","DATE_TYPE_CODE":"002","REPORT_TYPE":"2024年中报","PER_NETCASH_OPERATE":0.25847672748,"PER_OI":1.608829033815,"BPS":1.119048669393,"BASIC_EPS":0.041986234,"DILUTED_EPS":0.041894561,"OPERATE_INCOME":1164829223.55,"OPERATE_INCOME_YOY":-3.9206493835,"GROSS_PROFIT":546995373.13,"GROSS_PROFIT_YOY":-3.693020036688,"HOLDER_PROFIT":30214504.07,"HOLDER_PROFIT_YOY":-35.0740682373,"GROSS_PROFIT_RATIO":46.959276267378,"EPS_TTM":0.126759251433,"OPERATE_INCOME_QOQ":0.052981347648,"NET_PROFIT_RATIO":2.3622834252,"ROE_AVG":3.717527047635,"GROSS_PROFIT_QOQ":1.072590059857,"ROA":1.93213237736,"HOLDER_PROFIT_QOQ":-13.299796047636,"ROE_YEARLY":7.435054095269,"ROIC_YEARLY":4.778056804208,"TOTAL_ASSETS":1530470650.97,"TOTAL_LIABILITIES":718833661.44,"TAX_EBT":19.665988652179,"OCF_SALES":16.066140158267,"TOTAL_PARENT_EQUITY":810216974.76,"DEBT_ASSET_RATIO":46.9681441447,"OPERATE_PROFIT":42956134.34,"PRETAX_PROFIT":34252699.72,"NETCASH_OPERATE":187143095.66,"NETCASH_INVEST":-14269819.18,"NETCASH_FINANCE":-200752869.24,"END_CASH":282418844.56,"DIVI_RATIO":0.690442701506,"DIVIDEND_RATE":8.971962616822,"CURRENT_RATIO":1.602843315185,"COMMON_ACS":10000000000,"CURRENTDEBT_DEBT":67.458374142997,"ISSUED_COMMON_SHARES":724023000,"HK_COMMON_SHARES":724023000,"PER_SHARES":1000,"TOTAL_MARKET_CAP":774704610,"HKSK_MARKET_CAP":774704610,"PE_TTM":9.304084669429,"PB_TTM":0.876549096414,"REPORT_DATE_SQ":"2023-06-30 00:00:00","REPORT_TYPE_SQ":"2023年中报","OPERATE_INCOME_SQ":1213816407.55,"DPS_HKD":0.096,"OPERATE_INCOME_QOQ_SQ":-5.981495637375,"NET_PROFIT_RATIO_SQ":3.6990967761,"HOLDER_PROFIT_SQ":46592722.12,"HOLDER_PROFIT_QOQ_SQ":-23.355168069534,"ROE_AVG_SQ":5.72828773689,"PE_TTM_SQ":9.021723654548,"PB_TTM_SQ":1.25710785736,"ROA_SQ":2.858583620356,"START_DATE":"2024-05-01 00:00:00","FISCAL_YEAR":"4-30","CURRENCY":"HKD","IS_CNY_CODE":0,"DPS_HKD_LY":0.096,"ORG_TYPE":"一般企业","PREMIUM_INCOME":null,"PREMIUM_INCOME_YOY":null,"NET_INTEREST_INCOME":null,"NET_INTEREST_INCOME_YOY":null,"FEE_COMMISSION_INCOME":null,"FEE_COMMISSION_INCOME_YOY":null,"ACCOUNTS_RECE_TDAYS":10.56415138263,"INVENTORY_TDAYS":1.64453228896,"CURRENT_ASSETS_TDAYS":1.488944836383,"TOTAL_ASSETS_TDAYS":0.74487545839,"PREMIUM_EXPENSE":null,"LOAN_DEPOSIT":null,"LOAN_EQUITY":null,"LOAN_ASSETS":null,"DEPOSIT_EQUITY":null,"DEPOSIT_ASSETS":null,"EQUITY_MULTIPLIER":1.885659070142,"EQUITY_RATIO":0.887211307382},{"SECUCODE":"01373.HK","SECURITY_CODE":"01373","SECURITY_NAME_ABBR":"国际家居零售","ORG_CODE":"10334340","STD_REPORT_DATE":"2023-12-31 00:00:00","REPORT_DATE":"2024-04-30 00:00:00","DATE_TYPE_CODE":"001","REPORT_TYPE":"2023年年报","PER_NETCASH_OPERATE":0.585312442561,"PER_OI":3.370007637603,"BPS":1.115406162235,"BASIC_EPS":0.127127,"DILUTED_EPS":0.127127,"OPERATE_INCOME":2439963039.8,"OPERATE_INCOME_YOY":-4.9171371206,"GROSS_PROFIT":1145367959.45,"GROSS_PROFIT_YOY":-0.984667531243,"HOLDER_PROFIT":91776613.5,"HOLDER_PROFIT_YOY":-44.3358245535,"GROSS_PROFIT_RATIO":46.942020873557,"EPS_TTM":0.146204098323,"OPERATE_INCOME_QOQ":-2.167342620172,"NET_PROFIT_RATIO":3.7140179737,"ROE_AVG":11.316007947069,"GROSS_PROFIT_QOQ":-2.03542581612,"ROA":5.743233644541,"HOLDER_PROFIT_QOQ":-33.905199518605,"ROE_YEARLY":11.316007947069,"ROIC_YEARLY":7.30534001056,"TOTAL_ASSETS":1581988365.1,"TOTAL_LIABILITIES":770456815.7,"TAX_EBT":16.675433542903,"OCF_SALES":17.368282375078,"TOTAL_PARENT_EQUITY":807579715.8,"DEBT_ASSET_RATIO":48.701800386,"OPERATE_PROFIT":124786047.1,"PRETAX_PROFIT":108756240.45,"NETCASH_OPERATE":423779670.6,"NETCASH_INVEST":-50880765.65,"NETCASH_FINANCE":-430808885.65,"END_CASH":307375833.05,"DIVI_RATIO":0.59861523038,"DIVIDEND_RATE":8.648648648649,"CURRENT_RATIO":1.506373314158,"COMMON_ACS":10000000000,"CURRENTDEBT_DEBT":67.201823509029,"ISSUED_COMMON_SHARES":724023000,"HK_COMMON_SHARES":724023000,"PER_SHARES":1000,"TOTAL_MARKET_CAP":803665530,"HKSK_MARKET_CAP":803665530,"PE_TTM":9.651900918753,"PB_TTM":0.909317286934,"REPORT_DATE_SQ":"2022-12-31 00:00:00","REPORT_TYPE_SQ":"2022年年报","OPERATE_INCOME_SQ":2492696267.64,"DPS_HKD":0.096,"OPERATE_INCOME_QOQ_SQ":7.630318304236,"NET_PROFIT_RATIO_SQ":6.435788611,"HOLDER_PROFIT_SQ":160156516.26,"HOLDER_PROFIT_QOQ_SQ":12.200837932992,"ROE_AVG_SQ":20.336501899011,"PE_TTM_SQ":5.941445880675,"PB_TTM_SQ":1.23229651807,"ROA_SQ":10.327689168812,"START_DATE":"2023-05-01 00:00:00","FISCAL_YEAR":"4-30","CURRENCY":"HKD","IS_CNY_CODE":0,"DPS_HKD_LY":0.076,"ORG_TYPE":"一般企业","PREMIUM_INCOME":null,"PREMIUM_INCOME_YOY":null,"NET_INTEREST_INCOME":null,"NET_INTEREST_INCOME_YOY":null,"FEE_COMMISSION_INCOME":null,"FEE_COMMISSION_INCOME_YOY":null,"ACCOUNTS_RECE_TDAYS":22.479919351128,"INVENTORY_TDAYS":3.73809988896,"CURRENT_ASSETS_TDAYS":3.083792060862,"TOTAL_ASSETS_TDAYS":1.526889834698,"PREMIUM_EXPENSE":null,"LOAN_DEPOSIT":null,"LOAN_EQUITY":null,"LOAN_ASSETS":null,"DEPOSIT_EQUITY":null,"DEPOSIT_ASSETS":null,"EQUITY_MULTIPLIER":1.949386152973,"EQUITY_RATIO":0.954031906233},{"SECUCODE":"01373.HK","SECURITY_CODE":"01373","SECURITY_NAME_ABBR":"国际家居零售","ORG_CODE":"10334340","STD_REPORT_DATE":"2023-06-30 00:00:00","REPORT_DATE":"2023-10-31 00:00:00","DATE_TYPE_CODE":"002","REPORT_TYPE":"2023年中报","PER_NETCASH_OPERATE":0.261309562763,"PER_OI":1.676488740758,"BPS":1.109770805927,"BASIC_EPS":0.064798798,"DILUTED_EPS":0.064339883,"OPERATE_INCOME":1213816407.55,"OPERATE_INCOME_YOY":-4.6283709476,"GROSS_PROFIT":567970642.77,"GROSS_PROFIT_YOY":-3.980445276895,"HOLDER_PROFIT":46592722.12,"HOLDER_PROFIT_YOY":-53.9972813774,"GROSS_PROFIT_RATIO":46.79213752897,"EPS_TTM":0.221203630631,"OPERATE_INCOME_QOQ":-5.981495637375,"NET_PROFIT_RATIO":3.6990967761,"ROE_AVG":5.72828773689,"GROSS_PROFIT_QOQ":-4.454117388137,"ROA":2.858583620356,"HOLDER_PROFIT_QOQ":-23.355168069534,"ROE_YEARLY":11.456575473779,"ROIC_YEARLY":7.202053757194,"TOTAL_ASSETS":1628460795.33,"TOTAL_LIABILITIES":821523015.93,"TAX_EBT":18.210392563365,"OCF_SALES":15.586717429687,"TOTAL_PARENT_EQUITY":803499588.22,"DEBT_ASSET_RATIO":50.4478227714,"OPERATE_PROFIT":61628613.18,"PRETAX_PROFIT":54897247.96,"NETCASH_OPERATE":189193215.73,"NETCASH_INVEST":-38200084.6,"NETCASH_FINANCE":-227151911.04,"END_CASH":292581258.25,"DIVI_RATIO":0.395653542171,"DIVIDEND_RATE":9.056603773585,"CURRENT_RATIO":1.535123848486,"COMMON_ACS":10000000000,"CURRENTDEBT_DEBT":60.408727352355,"ISSUED_COMMON_SHARES":724023000,"HK_COMMON_SHARES":724023000,"PER_SHARES":1000,"TOTAL_MARKET_CAP":767464380,"HKSK_MARKET_CAP":767464380,"PE_TTM":9.217130607098,"PB_TTM":0.868357048784,"REPORT_DATE_SQ":"2022-06-30 00:00:00","REPORT_TYPE_SQ":"2022年中报","OPERATE_INCOME_SQ":1267841676.15,"DPS_HKD":0.096,"OPERATE_INCOME_QOQ_SQ":13.160666062184,"NET_PROFIT_RATIO_SQ":7.923038369,"HOLDER_PROFIT_SQ":100894108.5,"HOLDER_PROFIT_QOQ_SQ":29.65566841405,"ROE_AVG_SQ":12.249984042273,"PE_TTM_SQ":9.081077099643,"PB_TTM_SQ":1.26537830379,"ROA_SQ":6.352872566327,"START_DATE":"2023-05-01 00:00:00","FISCAL_YEAR":"4-30","CURRENCY":"HKD","IS_CNY_CODE":0,"DPS_HKD_LY":0.076,"ORG_TYPE":"一般企业","PREMIUM_INCOME":null,"PREMIUM_INCOME_YOY":null,"NET_INTEREST_INCOME":null,"NET_INTEREST_INCOME_YOY":null,"FEE_COMMISSION_INCOME":null,"FEE_COMMISSION_INCOME_YOY":null,"ACCOUNTS_RECE_TDAYS":10.733323594101,"INVENTORY_TDAYS":1.888458297326,"CURRENT_ASSETS_TDAYS":1.543330141609,"TOTAL_ASSETS_TDAYS":0.744707658807,"PREMIUM_EXPENSE":null,"LOAN_DEPOSIT":null,"LOAN_EQUITY":null,"LOAN_ASSETS":null,"DEPOSIT_EQUITY":null,"DEPOSIT_ASSETS":null,"EQUITY_MULTIPLIER":2.018074796969,"EQUITY_RATIO":1.022431159859},{"SECUCODE":"01373.HK","SECURITY_CODE":"01373","SECURITY_NAME_ABBR":"国际家居零售","ORG_CODE":"10334340","STD_REPORT_DATE":"2022-12-31 00:00:00","REPORT_DATE":"2023-04-30 00:00:00","DATE_TYPE_CODE":"001","REPORT_TYPE":"2022年年报","PER_NETCASH_OPERATE":0.644330452513,"PER_OI":3.442841273882,"BPS":1.092748688619,"BASIC_EPS":0.22316118,"DILUTED_EPS":0.22139706,"OPERATE_INCOME":2492696267.64,"OPERATE_INCOME_YOY":-3.2450633822,"GROSS_PROFIT":1156758181.68,"GROSS_PROFIT_YOY":2.764498108547,"HOLDER_PROFIT":160156516.26,"HOLDER_PROFIT_YOY":-17.7749499597,"GROSS_PROFIT_RATIO":46.405901781816,"EPS_TTM":0.288608670747,"OPERATE_INCOME_QOQ":7.630318304236,"NET_PROFIT_RATIO":6.435788611,"ROE_AVG":20.336501899011,"GROSS_PROFIT_QOQ":7.555129848984,"ROA":10.327689168812,"HOLDER_PROFIT_QOQ":12.200837932992,"ROE_YEARLY":20.336501899011,"ROIC_YEARLY":13.533042182358,"TOTAL_ASSETS":1567806962.28,"TOTAL_LIABILITIES":770069252.1,"TAX_EBT":15.002547002715,"OCF_SALES":18.715078659049,"TOTAL_PARENT_EQUITY":791175183.78,"DEBT_ASSET_RATIO":49.1176063525,"OPERATE_PROFIT":198863955.24,"PRETAX_PROFIT":188740552.62,"NETCASH_OPERATE":466510067.22,"NETCASH_INVEST":-21778943.46,"NETCASH_FINANCE":-458613866.1,"END_CASH":354861558.6,"DIVI_RATIO":0.303247992424,"DIVIDEND_RATE":9.320388349515,"CURRENT_RATIO":1.544855603083,"COMMON_ACS":10000000000,"CURRENTDEBT_DEBT":65.526468011019,"ISSUED_COMMON_SHARES":724023000,"HK_COMMON_SHARES":724023000,"PER_SHARES":1000,"TOTAL_MARKET_CAP":745743690,"HKSK_MARKET_CAP":745743690,"PE_TTM":8.956268420104,"PB_TTM":0.843780905894,"REPORT_DATE_SQ":"2021-12-31 00:00:00","REPORT_TYPE_SQ":"2021年年报","OPERATE_INCOME_SQ":2463323219.5,"DPS_HKD":0.096,"OPERATE_INCOME_QOQ_SQ":-2.948922040484,"NET_PROFIT_RATIO_SQ":7.5431349556,"HOLDER_PROFIT_SQ":186236858.36,"HOLDER_PROFIT_QOQ_SQ":-32.360974182678,"ROE_AVG_SQ":24.878843203981,"PE_TTM_SQ":6.340200637767,"PB_TTM_SQ":1.31500098237,"ROA_SQ":12.704142069706,"START_DATE":"2022-05-01 00:00:00","FISCAL_YEAR":"4-30","CURRENCY":"HKD","IS_CNY_CODE":0,"DPS_HKD_LY":0.24,"ORG_TYPE":"一般企业","PREMIUM_INCOME":null,"PREMIUM_INCOME_YOY":null,"NET_INTEREST_INCOME":null,"NET_INTEREST_INCOME_YOY":null,"FEE_COMMISSION_INCOME":null,"FEE_COMMISSION_INCOME_YOY":null,"ACCOUNTS_RECE_TDAYS":23.308704904241,"INVENTORY_TDAYS":4.118567143723,"CURRENT_ASSETS_TDAYS":3.171308240369,"TOTAL_ASSETS_TDAYS":1.607414599519,"PREMIUM_EXPENSE":null,"LOAN_DEPOSIT":null,"LOAN_EQUITY":null,"LOAN_ASSETS":null,"DEPOSIT_EQUITY":null,"DEPOSIT_ASSETS":null,"EQUITY_MULTIPLIER":1.965316346805,"EQUITY_RATIO":0.97332331434},{"SECUCODE":"01373.HK","SECURITY_CODE":"01373","SECURITY_NAME_ABBR":"国际家居零售","ORG_CODE":"10334340","STD_REPORT_DATE":"2022-06-30 00:00:00","REPORT_DATE":"2022-10-31 00:00:00","DATE_TYPE_CODE":"002","REPORT_TYPE":"2022年中报","PER_NETCASH_OPERATE":0.39258643318,"PER_OI":1.751106907032,"BPS":1.152867874253,"BASIC_EPS":0.140529447,"DILUTED_EPS":0.139615137,"OPERATE_INCOME":1267841676.15,"OPERATE_INCOME_YOY":5.5058924858,"GROSS_PROFIT":591515597.43,"GROSS_PROFIT_YOY":16.791362226802,"HOLDER_PROFIT":100894108.5,"HOLDER_PROFIT_YOY":15.9857474695,"GROSS_PROFIT_RATIO":46.655320499183,"EPS_TTM":0.257600060805,"OPERATE_INCOME_QOQ":13.160666062184,"NET_PROFIT_RATIO":7.923038369,"ROE_AVG":12.249984042273,"GROSS_PROFIT_QOQ":12.41625765302,"ROA":6.352872566327,"HOLDER_PROFIT_QOQ":29.65566841405,"ROE_YEARLY":24.499968084545,"ROIC_YEARLY":17.131475340611,"TOTAL_ASSETS":1586564656.29,"TOTAL_LIABILITIES":746783721.63,"TAX_EBT":15.158114212904,"OCF_SALES":22.419329830925,"TOTAL_PARENT_EQUITY":834702856.92,"DEBT_ASSET_RATIO":47.0692271298,"OPERATE_PROFIT":124126725.6,"PRETAX_PROFIT":118398573.45,"NETCASH_OPERATE":284241607.11,"NETCASH_INVEST":-11605336.83,"NETCASH_FINANCE":-224051665.5,"END_CASH":428670586.26,"DIVI_RATIO":0.339751472599,"DIVIDEND_RATE":9.320388349515,"CURRENT_RATIO":1.560354530107,"COMMON_ACS":10000000000,"CURRENTDEBT_DEBT":75.712101159074,"ISSUED_COMMON_SHARES":724023000,"HK_COMMON_SHARES":724023000,"PER_SHARES":1000,"TOTAL_MARKET_CAP":745743690,"HKSK_MARKET_CAP":745743690,"PE_TTM":8.956268420104,"PB_TTM":0.843780905894,"REPORT_DATE_SQ":"2021-06-30 00:00:00","REPORT_TYPE_SQ":"2021年中报","OPERATE_INCOME_SQ":1079882273.64,"DPS_HKD":0.096,"OPERATE_INCOME_QOQ_SQ":-7.141176356029,"NET_PROFIT_RATIO_SQ":7.3121758258,"HOLDER_PROFIT_SQ":78171651.24,"HOLDER_PROFIT_QOQ_SQ":-11.883053315125,"ROE_AVG_SQ":10.803540353593,"PE_TTM_SQ":6.340200637767,"PB_TTM_SQ":1.31500098237,"ROA_SQ":5.467169743665,"START_DATE":"2022-05-01 00:00:00","FISCAL_YEAR":"4-30","CURRENCY":"HKD","IS_CNY_CODE":0,"DPS_HKD_LY":0.24,"ORG_TYPE":"一般企业","PREMIUM_INCOME":null,"PREMIUM_INCOME_YOY":null,"NET_INTEREST_INCOME":null,"NET_INTEREST_INCOME_YOY":null,"FEE_COMMISSION_INCOME":null,"FEE_COMMISSION_INCOME_YOY":null,"ACCOUNTS_RECE_TDAYS":null,"INVENTORY_TDAYS":1.978384421378,"CURRENT_ASSETS_TDAYS":1.488333827954,"TOTAL_ASSETS_TDAYS":0.798305939029,"PREMIUM_EXPENSE":null,"LOAN_DEPOSIT":null,"LOAN_EQUITY":null,"LOAN_ASSETS":null,"DEPOSIT_EQUITY":null,"DEPOSIT_ASSETS":null,"EQUITY_MULTIPLIER":1.889260152033,"EQUITY_RATIO":0.894670139726},{"SECUCODE":"01373.HK","SECURITY_CODE":"01373","SECURITY_NAME_ABBR":"国际家居零售","ORG_CODE":"10334340","STD_REPORT_DATE":"2021-12-31 00:00:00","REPORT_DATE":"2022-04-30 00:00:00","DATE_TYPE_CODE":"001","REPORT_TYPE":"2021年年报","PER_NETCASH_OPERATE":0.691582588908,"PER_OI":3.407232148958,"BPS":1.035207909334,"BASIC_EPS":0.25976104,"DILUTED_EPS":0.25807428,"OPERATE_INCOME":2463323219.5,"OPERATE_INCOME_YOY":8.4797917146,"GROSS_PROFIT":1125639888.26,"GROSS_PROFIT_YOY":11.072654759448,"HOLDER_PROFIT":186236858.36,"HOLDER_PROFIT_YOY":-13.3752814631,"GROSS_PROFIT_RATIO":45.695988222304,"EPS_TTM":0.198680137904,"OPERATE_INCOME_QOQ":-2.948922040484,"NET_PROFIT_RATIO":7.5431349556,"ROE_AVG":24.878843203981,"GROSS_PROFIT_QOQ":-1.195203364373,"ROA":12.704142069706,"HOLDER_PROFIT_QOQ":-32.360974182678,"ROE_YEARLY":24.878843203981,"ROIC_YEARLY":16.871864537315,"TOTAL_ASSETS":1466435408.8,"TOTAL_LIABILITIES":711732598.9,"TAX_EBT":15.913332544568,"OCF_SALES":20.297489536168,"TOTAL_PARENT_EQUITY":749514336.14,"DEBT_ASSET_RATIO":48.5348754285,"OPERATE_PROFIT":234556628.7,"PRETAX_PROFIT":220976523.94,"NETCASH_OPERATE":499992772.72,"NETCASH_INVEST":-43283104.98,"NETCASH_FINANCE":-465487566.78,"END_CASH":351624519.74,"DIVI_RATIO":0.440507042745,"DIVIDEND_RATE":9.320388349515,"CURRENT_RATIO":1.467070747315,"COMMON_ACS":10000000000,"CURRENTDEBT_DEBT":72.56966127704,"ISSUED_COMMON_SHARES":724023000,"HK_COMMON_SHARES":724023000,"PER_SHARES":1000,"TOTAL_MARKET_CAP":745743690,"HKSK_MARKET_CAP":745743690,"PE_TTM":8.956268420104,"PB_TTM":0.843780905894,"REPORT_DATE_SQ":"2020-12-31 00:00:00","REPORT_TYPE_SQ":"2020年年报","OPERATE_INCOME_SQ":2242980727.6,"DPS_HKD":0.096,"OPERATE_INCOME_QOQ_SQ":4.340436538793,"NET_PROFIT_RATIO_SQ":9.5764468182,"HOLDER_PROFIT_SQ":212361989.08,"HOLDER_PROFIT_QOQ_SQ":75.364562669254,"ROE_AVG_SQ":30.864882142978,"PE_TTM_SQ":6.340200637767,"PB_TTM_SQ":1.31500098237,"ROA_SQ":15.553444487764,"START_DATE":"2021-05-01 00:00:00","FISCAL_YEAR":"4-30","CURRENCY":"HKD","IS_CNY_CODE":0,"DPS_HKD_LY":0.084,"ORG_TYPE":"一般企业","PREMIUM_INCOME":null,"PREMIUM_INCOME_YOY":null,"NET_INTEREST_INCOME":null,"NET_INTEREST_INCOME_YOY":null,"FEE_COMMISSION_INCOME":null,"FEE_COMMISSION_INCOME_YOY":null,"ACCOUNTS_RECE_TDAYS":null,"INVENTORY_TDAYS":4.228895489279,"CURRENT_ASSETS_TDAYS":3.226375692396,"TOTAL_ASSETS_TDAYS":1.680355243302,"PREMIUM_EXPENSE":null,"LOAN_DEPOSIT":null,"LOAN_EQUITY":null,"LOAN_ASSETS":null,"DEPOSIT_EQUITY":null,"DEPOSIT_ASSETS":null,"EQUITY_MULTIPLIER":1.943063401334,"EQUITY_RATIO":0.949591708366},{"SECUCODE":"01373.HK","SECURITY_CODE":"01373","SECURITY_NAME_ABBR":"国际家居零售","ORG_CODE":"10334340","STD_REPORT_DATE":"2021-06-30 00:00:00","REPORT_DATE":"2021-10-31 00:00:00","DATE_TYPE_CODE":"002","REPORT_TYPE":"2021年中报","PER_NETCASH_OPERATE":0.367340708391,"PER_OI":1.493925112492,"BPS":0.99276492581,"BASIC_EPS":0.108949464,"DILUTED_EPS":0.108374316,"OPERATE_INCOME":1079882273.64,"OPERATE_INCOME_YOY":-0.5443081845,"GROSS_PROFIT":506472042.24,"GROSS_PROFIT_YOY":-2.335686518292,"HOLDER_PROFIT":78171651.24,"HOLDER_PROFIT_YOY":-43.8315081028,"GROSS_PROFIT_RATIO":46.900671916098,"EPS_TTM":0.293784717251,"OPERATE_INCOME_QOQ":-7.141176356029,"NET_PROFIT_RATIO":7.3121758258,"ROE_AVG":10.803540353593,"GROSS_PROFIT_QOQ":-8.559496578923,"ROA":5.467169743665,"HOLDER_PROFIT_QOQ":-11.883053315125,"ROE_YEARLY":21.607080707185,"ROIC_YEARLY":14.60264837134,"TOTAL_ASSETS":1431978841.2,"TOTAL_LIABILITIES":706856892,"TAX_EBT":13.492299244777,"OCF_SALES":24.588964019658,"TOTAL_PARENT_EQUITY":718784639.88,"DEBT_ASSET_RATIO":49.3622441661,"OPERATE_PROFIT":98161330.8,"PRETAX_PROFIT":91278452.52,"NETCASH_OPERATE":265531863.72,"NETCASH_INVEST":-33554134.32,"NETCASH_FINANCE":-229970462.88,"END_CASH":353757102,"DIVI_RATIO":0.297905217191,"DIVIDEND_RATE":9.320388349515,"CURRENT_RATIO":1.462499061458,"COMMON_ACS":10000000000,"CURRENTDEBT_DEBT":72.761943508079,"ISSUED_COMMON_SHARES":724023000,"HK_COMMON_SHARES":724023000,"PER_SHARES":1000,"TOTAL_MARKET_CAP":745743690,"HKSK_MARKET_CAP":745743690,"PE_TTM":8.956268420104,"PB_TTM":0.843780905894,"REPORT_DATE_SQ":"2020-06-30 00:00:00","REPORT_TYPE_SQ":"2020年中报","OPERATE_INCOME_SQ":1146026026.68,"DPS_HKD":0.096,"OPERATE_INCOME_QOQ_SQ":10.248092748974,"NET_PROFIT_RATIO_SQ":12.9828058243,"HOLDER_PROFIT_SQ":146894059.7,"HOLDER_PROFIT_QOQ_SQ":34.599109242854,"ROE_AVG_SQ":20.817036578674,"PE_TTM_SQ":6.340200637767,"PB_TTM_SQ":1.31500098237,"ROA_SQ":10.565224049053,"START_DATE":"2021-05-01 00:00:00","FISCAL_YEAR":"4-30","CURRENCY":"HKD","IS_CNY_CODE":0,"DPS_HKD_LY":0.084,"ORG_TYPE":"一般企业","PREMIUM_INCOME":null,"PREMIUM_INCOME_YOY":null,"NET_INTEREST_INCOME":null,"NET_INTEREST_INCOME_YOY":null,"FEE_COMMISSION_INCOME":null,"FEE_COMMISSION_INCOME_YOY":null,"ACCOUNTS_RECE_TDAYS":10.182302036769,"INVENTORY_TDAYS":1.911236113526,"CURRENT_ASSETS_TDAYS":1.438295758163,"TOTAL_ASSETS_TDAYS":0.755248174948,"PREMIUM_EXPENSE":null,"LOAN_DEPOSIT":null,"LOAN_EQUITY":null,"LOAN_ASSETS":null,"DEPOSIT_EQUITY":null,"DEPOSIT_ASSETS":null,"EQUITY_MULTIPLIER":1.974811054582,"EQUITY_RATIO":0.983405672272},{"SECUCODE":"01373.HK","SECURITY_CODE":"01373","SECURITY_NAME_ABBR":"国际家居零售","ORG_CODE":"10334340","STD_REPORT_DATE":"2020-12-31 00:00:00","REPORT_DATE":"2021-04-30 00:00:00","DATE_TYPE_CODE":"001","REPORT_TYPE":"2020年年报","PER_NETCASH_OPERATE":0.719075930805,"PER_OI":3.103831497172,"BPS":1.019978227984,"BASIC_EPS":0.29656936,"DILUTED_EPS":0.29407018,"OPERATE_INCOME":2242980727.6,"OPERATE_INCOME_YOY":5.9029635177,"GROSS_PROFIT":1013426653.66,"GROSS_PROFIT_YOY":-6.011871841699,"HOLDER_PROFIT":212361989.08,"HOLDER_PROFIT_YOY":68.9015219278,"GROSS_PROFIT_RATIO":45.182138267607,"EPS_TTM":0.333550857433,"OPERATE_INCOME_QOQ":4.340436538793,"NET_PROFIT_RATIO":9.5764468182,"ROE_AVG":30.864882142978,"GROSS_PROFIT_QOQ":2.78610095298,"ROA":15.553444487764,"HOLDER_PROFIT_QOQ":75.364562669254,"ROE_YEARLY":30.864882142978,"ROIC_YEARLY":20.595423436729,"TOTAL_ASSETS":1447540051.08,"TOTAL_LIABILITIES":703370885.32,"TAX_EBT":10.377548679518,"OCF_SALES":23.167363674855,"TOTAL_PARENT_EQUITY":738487696.56,"DEBT_ASSET_RATIO":48.5907719648,"OPERATE_PROFIT":254085799.18,"PRETAX_PROFIT":239669695.88,"NETCASH_OPERATE":519639502.32,"NETCASH_INVEST":-67414547.44,"NETCASH_FINANCE":-399027409.4,"END_CASH":356932054.54,"DIVI_RATIO":0.262388772356,"DIVIDEND_RATE":9.320388349515,"CURRENT_RATIO":1.476562120579,"COMMON_ACS":10000000000,"CURRENTDEBT_DEBT":73.161424195982,"ISSUED_COMMON_SHARES":724023000,"HK_COMMON_SHARES":724023000,"PER_SHARES":1000,"TOTAL_MARKET_CAP":745743690,"HKSK_MARKET_CAP":745743690,"PE_TTM":8.956268420104,"PB_TTM":0.843780905894,"REPORT_DATE_SQ":"2019-12-31 00:00:00","REPORT_TYPE_SQ":"2019年年报","OPERATE_INCOME_SQ":2314993175.04,"DPS_HKD":0.096,"OPERATE_INCOME_QOQ_SQ":4.145284941831,"NET_PROFIT_RATIO_SQ":6.1384904877,"HOLDER_PROFIT_SQ":137428089.12,"HOLDER_PROFIT_QOQ_SQ":-0.025248481469,"ROE_AVG_SQ":19.914143043469,"PE_TTM_SQ":6.340200637767,"PB_TTM_SQ":1.31500098237,"ROA_SQ":11.735045353396,"START_DATE":"2020-05-01 00:00:00","FISCAL_YEAR":"4-30","CURRENCY":"HKD","IS_CNY_CODE":0,"DPS_HKD_LY":0.2,"ORG_TYPE":"一般企业","PREMIUM_INCOME":null,"PREMIUM_INCOME_YOY":null,"NET_INTEREST_INCOME":null,"NET_INTEREST_INCOME_YOY":null,"FEE_COMMISSION_INCOME":null,"FEE_COMMISSION_INCOME_YOY":null,"ACCOUNTS_RECE_TDAYS":null,"INVENTORY_TDAYS":4.153338332895,"CURRENT_ASSETS_TDAYS":3.165361902937,"TOTAL_ASSETS_TDAYS":1.642764620212,"PREMIUM_EXPENSE":null,"LOAN_DEPOSIT":null,"LOAN_EQUITY":null,"LOAN_ASSETS":null,"DEPOSIT_EQUITY":null,"DEPOSIT_ASSETS":null,"EQUITY_MULTIPLIER":1.945176067058,"EQUITY_RATIO":0.952447669198},{"SECUCODE":"01373.HK","SECURITY_CODE":"01373","SECURITY_NAME_ABBR":"国际家居零售","ORG_CODE":"10334340","STD_REPORT_DATE":"2020-06-30 00:00:00","REPORT_DATE":"2020-10-31 00:00:00","DATE_TYPE_CODE":"002","REPORT_TYPE":"2020年中报","PER_NETCASH_OPERATE":0.487917397668,"PER_OI":1.586131527842,"BPS":1.032501610943,"BASIC_EPS":0.20553114,"DILUTED_EPS":0.204317032,"OPERATE_INCOME":1146026026.68,"OPERATE_INCOME_YOY":13.7547946809,"GROSS_PROFIT":518584551.7,"GROSS_PROFIT_YOY":6.14912037824,"HOLDER_PROFIT":146894059.7,"HOLDER_PROFIT_YOY":251.8957099823,"GROSS_PROFIT_RATIO":45.250678398843,"EPS_TTM":0.190319436318,"OPERATE_INCOME_QOQ":10.248092748974,"NET_PROFIT_RATIO":12.9828058243,"ROE_AVG":20.817036578674,"GROSS_PROFIT_QOQ":11.582948949822,"ROA":10.565224049053,"HOLDER_PROFIT_QOQ":34.599109242854,"ROE_YEARLY":41.634073157348,"ROIC_YEARLY":29.391848071987,"TOTAL_ASSETS":1444891719.18,"TOTAL_LIABILITIES":692171643,"TAX_EBT":10.703578789582,"OCF_SALES":30.761471486061,"TOTAL_PARENT_EQUITY":747554913.86,"DEBT_ASSET_RATIO":47.9047414981,"OPERATE_PROFIT":173361614.1,"PRETAX_PROFIT":166620713.04,"NETCASH_OPERATE":352534469.42,"NETCASH_INVEST":-16397395.76,"NETCASH_FINANCE":-193576512.3,"END_CASH":457983218.1,"DIVI_RATIO":0.459858444799,"DIVIDEND_RATE":9.320388349515,"CURRENT_RATIO":1.465852875734,"COMMON_ACS":10000000000,"CURRENTDEBT_DEBT":81.197519263296,"ISSUED_COMMON_SHARES":724023000,"HK_COMMON_SHARES":724023000,"PER_SHARES":1000,"TOTAL_MARKET_CAP":745743690,"HKSK_MARKET_CAP":745743690,"PE_TTM":8.956268420104,"PB_TTM":0.843780905894,"REPORT_DATE_SQ":"2019-06-30 00:00:00","REPORT_TYPE_SQ":"2019年中报","OPERATE_INCOME_SQ":1045545217.04,"DPS_HKD":0.096,"OPERATE_INCOME_QOQ_SQ":8.32976993595,"NET_PROFIT_RATIO_SQ":4.2120884494,"HOLDER_PROFIT_SQ":43321981.35,"HOLDER_PROFIT_QOQ_SQ":8.042807199286,"ROE_AVG_SQ":6.607045181428,"PE_TTM_SQ":6.340200637767,"PB_TTM_SQ":1.31500098237,"ROA_SQ":3.802357959595,"START_DATE":"2020-05-01 00:00:00","FISCAL_YEAR":"4-30","CURRENCY":"HKD","IS_CNY_CODE":0,"DPS_HKD_LY":0.2,"ORG_TYPE":"一般企业","PREMIUM_INCOME":null,"PREMIUM_INCOME_YOY":null,"NET_INTEREST_INCOME":null,"NET_INTEREST_INCOME_YOY":null,"FEE_COMMISSION_INCOME":null,"FEE_COMMISSION_INCOME_YOY":null,"ACCOUNTS_RECE_TDAYS":13.276809934294,"INVENTORY_TDAYS":2.231674892042,"CURRENT_ASSETS_TDAYS":1.519753434267,"TOTAL_ASSETS_TDAYS":0.824268984236,"PREMIUM_EXPENSE":null,"LOAN_DEPOSIT":null,"LOAN_EQUITY":null,"LOAN_ASSETS":null,"DEPOSIT_EQUITY":null,"DEPOSIT_ASSETS":null,"EQUITY_MULTIPLIER":1.919560491217,"EQUITY_RATIO":0.925914110344}],"count":27},"success":true,"message":"ok","code":0}