{"version":"5274876edc70345265155babca645225","result":{"pages":5,"data":[{"SECUCODE":"01375.HK","SECURITY_CODE":"01375","SECURITY_NAME_ABBR":"中州证券","ORG_CODE":"10004941","STD_REPORT_DATE":"2024-09-30 00:00:00","REPORT_DATE":"2024-09-30 00:00:00","DATE_TYPE_CODE":"004","REPORT_TYPE":"2024年三季报","PER_NETCASH_OPERATE":1.124238481824,"PER_OI":0.278355400865,"BPS":3.010435618311,"BASIC_EPS":0.0351,"DILUTED_EPS":0.0351,"OPERATE_INCOME":1292372031.84,"OPERATE_INCOME_YOY":-12.506080514,"GROSS_PROFIT":null,"GROSS_PROFIT_YOY":null,"HOLDER_PROFIT":163169587.25,"HOLDER_PROFIT_YOY":-21.4867302543,"GROSS_PROFIT_RATIO":null,"EPS_TTM":0.035957585772,"OPERATE_INCOME_QOQ":-15.919158155695,"NET_PROFIT_RATIO":10.933248553,"ROE_AVG":1.170519077408,"GROSS_PROFIT_QOQ":null,"ROA":0.315691058672,"HOLDER_PROFIT_QOQ":-32.020567980259,"ROE_YEARLY":1.560692103211,"ROIC_YEARLY":0.424528037242,"TOTAL_ASSETS":51671270746.01,"TOTAL_LIABILITIES":37469499524.37,"TAX_EBT":1.512902766958,"OCF_SALES":403.885995503825,"TOTAL_PARENT_EQUITY":13977105472.59,"DEBT_ASSET_RATIO":72.5151500697,"OPERATE_PROFIT":130631054.15,"PRETAX_PROFIT":143468789.76,"NETCASH_OPERATE":5219709646.41,"NETCASH_INVEST":182319692.89,"NETCASH_FINANCE":1399417153.63,"END_CASH":20193877640.55,"DIVI_RATIO":0.555711947033,"DIVIDEND_RATE":1.294117647059,"CURRENT_RATIO":1.309633923967,"COMMON_ACS":null,"CURRENTDEBT_DEBT":99.061314046239,"ISSUED_COMMON_SHARES":4642884700,"HK_COMMON_SHARES":1195365000,"PER_SHARES":1000,"TOTAL_MARKET_CAP":7892903990,"HKSK_MARKET_CAP":2032120500,"PE_TTM":41.99258836643,"PB_TTM":0.509242911782,"REPORT_DATE_SQ":"2023-09-30 00:00:00","REPORT_TYPE_SQ":"2023年三季报","OPERATE_INCOME_SQ":1477099253.79,"DPS_HKD":0.022,"OPERATE_INCOME_QOQ_SQ":-10.689674106045,"NET_PROFIT_RATIO_SQ":13.6640287328,"HOLDER_PROFIT_SQ":207824215.93,"HOLDER_PROFIT_QOQ_SQ":-46.886021334563,"ROE_AVG_SQ":1.502501784347,"PE_TTM_SQ":22.150345105729,"PB_TTM_SQ":0.340077992347,"ROA_SQ":0.404406831048,"START_DATE":"2024-01-01 00:00:00","FISCAL_YEAR":"12-31","CURRENCY":"HKD","IS_CNY_CODE":0,"DPS_HKD_LY":0.022,"ORG_TYPE":"证券","PREMIUM_INCOME":null,"PREMIUM_INCOME_YOY":null,"NET_INTEREST_INCOME":122982456.75,"NET_INTEREST_INCOME_YOY":null,"FEE_COMMISSION_INCOME":465801539.05,"FEE_COMMISSION_INCOME_YOY":-13.683351646825,"ACCOUNTS_RECE_TDAYS":2.778462460224,"INVENTORY_TDAYS":null,"CURRENT_ASSETS_TDAYS":0.02679603337,"TOTAL_ASSETS_TDAYS":0.0250040649,"PREMIUM_EXPENSE":null,"LOAN_DEPOSIT":null,"LOAN_EQUITY":null,"LOAN_ASSETS":null,"DEPOSIT_EQUITY":null,"DEPOSIT_ASSETS":null,"EQUITY_MULTIPLIER":3.638368055623,"EQUITY_RATIO":2.680776760099},{"SECUCODE":"01375.HK","SECURITY_CODE":"01375","SECURITY_NAME_ABBR":"中州证券","ORG_CODE":"10004941","STD_REPORT_DATE":"2024-06-30 00:00:00","REPORT_DATE":"2024-06-30 00:00:00","DATE_TYPE_CODE":"002","REPORT_TYPE":"2024年中报","PER_NETCASH_OPERATE":0.184550518821,"PER_OI":0.258173666697,"BPS":3.025916895246,"BASIC_EPS":0.04,"DILUTED_EPS":0.04,"OPERATE_INCOME":1198670567.05,"OPERATE_INCOME_YOY":14.6214289324,"GROSS_PROFIT":null,"GROSS_PROFIT_YOY":null,"HOLDER_PROFIT":201265120.05,"HOLDER_PROFIT_YOY":20.3147199456,"GROSS_PROFIT_RATIO":null,"EPS_TTM":0.052894801712,"OPERATE_INCOME_QOQ":-1.282532766564,"NET_PROFIT_RATIO":14.9667010846,"ROE_AVG":1.440089796982,"GROSS_PROFIT_QOQ":null,"ROA":0.383725829125,"HOLDER_PROFIT_QOQ":-9.676542044507,"ROE_YEARLY":2.880179593964,"ROIC_YEARLY":0.961222761809,"TOTAL_ASSETS":53198797130.31,"TOTAL_LIABILITIES":38923940463.36,"TAX_EBT":16.420504433024,"OCF_SALES":71.483091665357,"TOTAL_PARENT_EQUITY":14048983256.41,"DEBT_ASSET_RATIO":73.1669559521,"OPERATE_PROFIT":214790123.06,"PRETAX_PROFIT":214647671.11,"NETCASH_OPERATE":856846780.21,"NETCASH_INVEST":127267936.5,"NETCASH_FINANCE":-400958659.73,"END_CASH":13976518855,"DIVI_RATIO":0.377769825259,"DIVIDEND_RATE":1.189189189189,"CURRENT_RATIO":1.299637748196,"COMMON_ACS":null,"CURRENTDEBT_DEBT":98.878316249299,"ISSUED_COMMON_SHARES":4642884700,"HK_COMMON_SHARES":1195365000,"PER_SHARES":1000,"TOTAL_MARKET_CAP":8589336695,"HKSK_MARKET_CAP":2211425250,"PE_TTM":45.697816751704,"PB_TTM":0.55417610988,"REPORT_DATE_SQ":"2023-06-30 00:00:00","REPORT_TYPE_SQ":"2023年中报","OPERATE_INCOME_SQ":1045764808.74,"DPS_HKD":0.022,"OPERATE_INCOME_QOQ_SQ":9.358414319542,"NET_PROFIT_RATIO_SQ":15.6564373865,"HOLDER_PROFIT_SQ":167282207.98,"HOLDER_PROFIT_QOQ_SQ":151.700082060648,"ROE_AVG_SQ":1.210908688119,"PE_TTM_SQ":22.150345105729,"PB_TTM_SQ":0.340077992347,"ROA_SQ":0.314303504636,"START_DATE":"2024-01-01 00:00:00","FISCAL_YEAR":"12-31","CURRENCY":"HKD","IS_CNY_CODE":0,"DPS_HKD_LY":0.022,"ORG_TYPE":"证券","PREMIUM_INCOME":null,"PREMIUM_INCOME_YOY":null,"NET_INTEREST_INCOME":78626368.95,"NET_INTEREST_INCOME_YOY":null,"FEE_COMMISSION_INCOME":319162088.55,"FEE_COMMISSION_INCOME_YOY":-10.017048609142,"ACCOUNTS_RECE_TDAYS":2.253187722174,"INVENTORY_TDAYS":null,"CURRENT_ASSETS_TDAYS":0.024495447338,"TOTAL_ASSETS_TDAYS":0.022853480875,"PREMIUM_EXPENSE":null,"LOAN_DEPOSIT":null,"LOAN_EQUITY":null,"LOAN_ASSETS":null,"DEPOSIT_EQUITY":null,"DEPOSIT_ASSETS":null,"EQUITY_MULTIPLIER":3.72674825195,"EQUITY_RATIO":2.770587718197},{"SECUCODE":"01375.HK","SECURITY_CODE":"01375","SECURITY_NAME_ABBR":"中州证券","ORG_CODE":"10004941","STD_REPORT_DATE":"2024-03-31 00:00:00","REPORT_DATE":"2024-03-31 00:00:00","DATE_TYPE_CODE":"003","REPORT_TYPE":"2024年一季报","PER_NETCASH_OPERATE":0.161971867929,"PER_OI":0.138701913158,"BPS":3.023063267391,"BASIC_EPS":0.03,"DILUTED_EPS":0.03,"OPERATE_INCOME":643976990.46,"OPERATE_INCOME_YOY":38.9329739288,"GROSS_PROFIT":null,"GROSS_PROFIT_YOY":null,"HOLDER_PROFIT":130790222.34,"HOLDER_PROFIT_YOY":85.5250724305,"GROSS_PROFIT_RATIO":null,"EPS_TTM":0.058561533083,"OPERATE_INCOME_QOQ":9.169672938111,"NET_PROFIT_RATIO":19.2944198132,"ROE_AVG":0.936272436813,"GROSS_PROFIT_QOQ":null,"ROA":0.259668851748,"HOLDER_PROFIT_QOQ":28.493596313389,"ROE_YEARLY":3.74508974725,"ROIC_YEARLY":1.321905391528,"TOTAL_ASSETS":49034481893.72,"TOTAL_LIABILITIES":34757549210.89,"TAX_EBT":5.456901539449,"OCF_SALES":116.776952993744,"TOTAL_PARENT_EQUITY":14035734191.3,"DEBT_ASSET_RATIO":70.8838920461,"OPERATE_PROFIT":131210520.74,"PRETAX_PROFIT":131423262.05,"NETCASH_OPERATE":752016707.44,"NETCASH_INVEST":-16746114.43,"NETCASH_FINANCE":-398210473.38,"END_CASH":13730862030.87,"DIVI_RATIO":0.341214769286,"DIVIDEND_RATE":1.189189189189,"CURRENT_RATIO":1.318289945623,"COMMON_ACS":null,"CURRENTDEBT_DEBT":99.027236000391,"ISSUED_COMMON_SHARES":4642884700,"HK_COMMON_SHARES":1195365000,"PER_SHARES":1000,"TOTAL_MARKET_CAP":8589336695,"HKSK_MARKET_CAP":2211425250,"PE_TTM":45.697816751704,"PB_TTM":0.55417610988,"REPORT_DATE_SQ":"2023-03-31 00:00:00","REPORT_TYPE_SQ":"2023年一季报","OPERATE_INCOME_SQ":463516307.36,"DPS_HKD":0.022,"OPERATE_INCOME_QOQ_SQ":3.988874250034,"NET_PROFIT_RATIO_SQ":14.2805690003,"HOLDER_PROFIT_SQ":70497329.89,"HOLDER_PROFIT_QOQ_SQ":48.85101098559,"ROE_AVG_SQ":0.511389488737,"PE_TTM_SQ":22.150345105729,"PB_TTM_SQ":0.340077992347,"ROA_SQ":0.135579544323,"START_DATE":"2024-01-01 00:00:00","FISCAL_YEAR":"12-31","CURRENCY":"HKD","IS_CNY_CODE":0,"DPS_HKD_LY":0.022,"ORG_TYPE":"证券","PREMIUM_INCOME":null,"PREMIUM_INCOME_YOY":null,"NET_INTEREST_INCOME":28467598.95,"NET_INTEREST_INCOME_YOY":null,"FEE_COMMISSION_INCOME":152861490.42,"FEE_COMMISSION_INCOME_YOY":-13.107969095718,"ACCOUNTS_RECE_TDAYS":1.466113750991,"INVENTORY_TDAYS":null,"CURRENT_ASSETS_TDAYS":0.013815683483,"TOTAL_ASSETS_TDAYS":0.012785417952,"PREMIUM_EXPENSE":null,"LOAN_DEPOSIT":null,"LOAN_EQUITY":null,"LOAN_ASSETS":null,"DEPOSIT_EQUITY":null,"DEPOSIT_ASSETS":null,"EQUITY_MULTIPLIER":3.434524976976,"EQUITY_RATIO":2.476361317275},{"SECUCODE":"01375.HK","SECURITY_CODE":"01375","SECURITY_NAME_ABBR":"中州证券","ORG_CODE":"10004941","STD_REPORT_DATE":"2023-12-31 00:00:00","REPORT_DATE":"2023-12-31 00:00:00","DATE_TYPE_CODE":"001","REPORT_TYPE":"2023年年报","PER_NETCASH_OPERATE":-0.100648238809,"PER_OI":0.423877976739,"BPS":2.994423401486,"BASIC_EPS":0.05,"DILUTED_EPS":0.05,"OPERATE_INCOME":1968016572.87,"OPERATE_INCOME_YOY":4.6234518207,"GROSS_PROFIT":null,"GROSS_PROFIT_YOY":null,"HOLDER_PROFIT":211601553.51,"HOLDER_PROFIT_YOY":98.5415202618,"GROSS_PROFIT_RATIO":null,"EPS_TTM":0.04557544871,"OPERATE_INCOME_QOQ":3.012111512524,"NET_PROFIT_RATIO":10.2755133233,"ROE_AVG":1.52998573751,"GROSS_PROFIT_QOQ":null,"ROA":0.415376078704,"HOLDER_PROFIT_QOQ":-0.228302250333,"ROE_YEARLY":1.52998573751,"ROIC_YEARLY":0.522484440044,"TOTAL_ASSETS":51701683772.46,"TOTAL_LIABILITIES":37551184086.55,"TAX_EBT":4.723121878972,"OCF_SALES":-23.744625654678,"TOTAL_PARENT_EQUITY":13902762596.08,"DEBT_ASSET_RATIO":72.6304857919,"OPERATE_PROFIT":209272438.7,"PRETAX_PROFIT":212248563.49,"NETCASH_OPERATE":-467298168.05,"NETCASH_INVEST":1891107180.96,"NETCASH_FINANCE":-1327990652.74,"END_CASH":13393530130.84,"DIVI_RATIO":0.438439128208,"DIVIDEND_RATE":1.189189189189,"CURRENT_RATIO":1.285391594721,"COMMON_ACS":null,"CURRENTDEBT_DEBT":99.132494167616,"ISSUED_COMMON_SHARES":4642884700,"HK_COMMON_SHARES":1195365000,"PER_SHARES":1000,"TOTAL_MARKET_CAP":8589336695,"HKSK_MARKET_CAP":2211425250,"PE_TTM":45.697816751704,"PB_TTM":0.55417610988,"REPORT_DATE_SQ":"2022-12-31 00:00:00","REPORT_TYPE_SQ":"2022年年报","OPERATE_INCOME_SQ":1881047259.12,"DPS_HKD":0.022,"OPERATE_INCOME_QOQ_SQ":-21.452206870645,"NET_PROFIT_RATIO_SQ":5.7225828654,"HOLDER_PROFIT_SQ":106577985.92,"HOLDER_PROFIT_QOQ_SQ":-10.267592670679,"ROE_AVG_SQ":0.776815624764,"PE_TTM_SQ":22.150345105729,"PB_TTM_SQ":0.340077992347,"ROA_SQ":0.205093809909,"START_DATE":"2023-01-01 00:00:00","FISCAL_YEAR":"12-31","CURRENCY":"HKD","IS_CNY_CODE":0,"DPS_HKD_LY":0.0078,"ORG_TYPE":"证券","PREMIUM_INCOME":null,"PREMIUM_INCOME_YOY":null,"NET_INTEREST_INCOME":126068459.51,"NET_INTEREST_INCOME_YOY":null,"FEE_COMMISSION_INCOME":745988329.71,"FEE_COMMISSION_INCOME_YOY":-27.804548834833,"ACCOUNTS_RECE_TDAYS":7.735980979713,"INVENTORY_TDAYS":null,"CURRENT_ASSETS_TDAYS":0.042794119579,"TOTAL_ASSETS_TDAYS":0.038632372651,"PREMIUM_EXPENSE":null,"LOAN_DEPOSIT":null,"LOAN_EQUITY":null,"LOAN_ASSETS":null,"DEPOSIT_EQUITY":null,"DEPOSIT_ASSETS":null,"EQUITY_MULTIPLIER":3.653700216952,"EQUITY_RATIO":2.700987219413},{"SECUCODE":"01375.HK","SECURITY_CODE":"01375","SECURITY_NAME_ABBR":"中州证券","ORG_CODE":"10004941","STD_REPORT_DATE":"2023-09-30 00:00:00","REPORT_DATE":"2023-09-30 00:00:00","DATE_TYPE_CODE":"004","REPORT_TYPE":"2023年三季报","PER_NETCASH_OPERATE":-0.25663864071,"PER_OI":0.318142566364,"BPS":2.995105013913,"BASIC_EPS":0.0448,"DILUTED_EPS":0.0448,"OPERATE_INCOME":1477099253.79,"OPERATE_INCOME_YOY":2.0324855965,"GROSS_PROFIT":null,"GROSS_PROFIT_YOY":null,"HOLDER_PROFIT":207824215.93,"HOLDER_PROFIT_YOY":103.1190607902,"GROSS_PROFIT_RATIO":null,"EPS_TTM":0.045679736576,"OPERATE_INCOME_QOQ":-10.689674106045,"NET_PROFIT_RATIO":13.6640287328,"ROE_AVG":1.502501784347,"GROSS_PROFIT_QOQ":null,"ROA":0.404406831048,"HOLDER_PROFIT_QOQ":-46.886021334563,"ROE_YEARLY":2.003335712462,"ROIC_YEARLY":0.502179725591,"TOTAL_ASSETS":52597135656.26,"TOTAL_LIABILITIES":38438086779.91,"TAX_EBT":2.241699312457,"OCF_SALES":-80.667809920199,"TOTAL_PARENT_EQUITY":13905927243.99,"DEBT_ASSET_RATIO":73.0801902049,"OPERATE_PROFIT":205327868.52,"PRETAX_PROFIT":206459466.9,"NETCASH_OPERATE":-1191543618.38,"NETCASH_INVEST":1466481463.89,"NETCASH_FINANCE":-917092170.48,"END_CASH":12655886057.26,"DIVI_RATIO":0.437438161812,"DIVIDEND_RATE":1.189189189189,"CURRENT_RATIO":1.265292637899,"COMMON_ACS":null,"CURRENTDEBT_DEBT":99.076224398568,"ISSUED_COMMON_SHARES":4642884700,"HK_COMMON_SHARES":1195365000,"PER_SHARES":1000,"TOTAL_MARKET_CAP":8589336695,"HKSK_MARKET_CAP":2211425250,"PE_TTM":45.697816751704,"PB_TTM":0.55417610988,"REPORT_DATE_SQ":"2022-09-30 00:00:00","REPORT_TYPE_SQ":"2022年三季报","OPERATE_INCOME_SQ":1447675458.61,"DPS_HKD":0.022,"OPERATE_INCOME_QOQ_SQ":-16.630253603765,"NET_PROFIT_RATIO_SQ":6.5756757237,"HOLDER_PROFIT_SQ":102316451.8,"HOLDER_PROFIT_QOQ_SQ":-25.20855037246,"ROE_AVG_SQ":0.746084656241,"PE_TTM_SQ":22.150345105729,"PB_TTM_SQ":0.340077992347,"ROA_SQ":0.200953669263,"START_DATE":"2023-01-01 00:00:00","FISCAL_YEAR":"12-31","CURRENCY":"HKD","IS_CNY_CODE":0,"DPS_HKD_LY":0.0078,"ORG_TYPE":"证券","PREMIUM_INCOME":null,"PREMIUM_INCOME_YOY":null,"NET_INTEREST_INCOME":106943845.02,"NET_INTEREST_INCOME_YOY":null,"FEE_COMMISSION_INCOME":539642754.83,"FEE_COMMISSION_INCOME_YOY":-30.132993372413,"ACCOUNTS_RECE_TDAYS":7.297979381689,"INVENTORY_TDAYS":null,"CURRENT_ASSETS_TDAYS":0.032002002972,"TOTAL_ASSETS_TDAYS":0.028742994443,"PREMIUM_EXPENSE":null,"LOAN_DEPOSIT":null,"LOAN_EQUITY":null,"LOAN_ASSETS":null,"DEPOSIT_EQUITY":null,"DEPOSIT_ASSETS":null,"EQUITY_MULTIPLIER":3.714736499297,"EQUITY_RATIO":2.76415129358},{"SECUCODE":"01375.HK","SECURITY_CODE":"01375","SECURITY_NAME_ABBR":"中州证券","ORG_CODE":"10004941","STD_REPORT_DATE":"2023-06-30 00:00:00","REPORT_DATE":"2023-06-30 00:00:00","DATE_TYPE_CODE":"002","REPORT_TYPE":"2023年中报","PER_NETCASH_OPERATE":-0.121502327824,"PER_OI":0.225240314225,"BPS":2.98766274674,"BASIC_EPS":0.04,"DILUTED_EPS":0.04,"OPERATE_INCOME":1045764808.74,"OPERATE_INCOME_YOY":32.7661725896,"GROSS_PROFIT":null,"GROSS_PROFIT_YOY":null,"HOLDER_PROFIT":167282207.98,"HOLDER_PROFIT_YOY":233.3532892047,"GROSS_PROFIT_RATIO":null,"EPS_TTM":0.086003228762,"OPERATE_INCOME_QOQ":9.358414319542,"NET_PROFIT_RATIO":15.6564373865,"ROE_AVG":1.210908688119,"GROSS_PROFIT_QOQ":null,"ROA":0.314303504636,"HOLDER_PROFIT_QOQ":151.700082060648,"ROE_YEARLY":2.421817376238,"ROIC_YEARLY":0.800294321074,"TOTAL_ASSETS":56263649159.12,"TOTAL_LIABILITIES":42136713617.17,"TAX_EBT":12.942122205875,"OCF_SALES":-53.943419605952,"TOTAL_PARENT_EQUITY":13871373655.6,"DEBT_ASSET_RATIO":74.8915405362,"OPERATE_PROFIT":189322672.33,"PRETAX_PROFIT":188069726.3,"NETCASH_OPERATE":-564121298.87,"NETCASH_INVEST":1581370855.91,"NETCASH_FINANCE":492744842.84,"END_CASH":14808492856.01,"DIVI_RATIO":0.23234081194,"DIVIDEND_RATE":1.189189189189,"CURRENT_RATIO":1.240063123964,"COMMON_ACS":null,"CURRENTDEBT_DEBT":99.284679395839,"ISSUED_COMMON_SHARES":4642884700,"HK_COMMON_SHARES":1195365000,"PER_SHARES":1000,"TOTAL_MARKET_CAP":8589336695,"HKSK_MARKET_CAP":2211425250,"PE_TTM":45.697816751704,"PB_TTM":0.55417610988,"REPORT_DATE_SQ":"2022-06-30 00:00:00","REPORT_TYPE_SQ":"2022年中报","OPERATE_INCOME_SQ":787674140.44,"DPS_HKD":0.022,"OPERATE_INCOME_QOQ_SQ":-23.054569505201,"NET_PROFIT_RATIO_SQ":-16.5573307507,"HOLDER_PROFIT_SQ":-125442881.07,"HOLDER_PROFIT_QOQ_SQ":-61.331419334749,"ROE_AVG_SQ":-0.923557032368,"PE_TTM_SQ":22.150345105729,"PB_TTM_SQ":0.340077992347,"ROA_SQ":-0.231356719751,"START_DATE":"2023-01-01 00:00:00","FISCAL_YEAR":"12-31","CURRENCY":"HKD","IS_CNY_CODE":0,"DPS_HKD_LY":0.0078,"ORG_TYPE":"证券","PREMIUM_INCOME":null,"PREMIUM_INCOME_YOY":null,"NET_INTEREST_INCOME":74549752.14,"NET_INTEREST_INCOME_YOY":null,"FEE_COMMISSION_INCOME":354691731.73,"FEE_COMMISSION_INCOME_YOY":-30.356033621428,"ACCOUNTS_RECE_TDAYS":9.364992260448,"INVENTORY_TDAYS":null,"CURRENT_ASSETS_TDAYS":0.021785588314,"TOTAL_ASSETS_TDAYS":0.0196486852,"PREMIUM_EXPENSE":null,"LOAN_DEPOSIT":null,"LOAN_EQUITY":null,"LOAN_ASSETS":null,"DEPOSIT_EQUITY":null,"DEPOSIT_ASSETS":null,"EQUITY_MULTIPLIER":3.982721446697,"EQUITY_RATIO":3.037674181616},{"SECUCODE":"01375.HK","SECURITY_CODE":"01375","SECURITY_NAME_ABBR":"中州证券","ORG_CODE":"10004941","STD_REPORT_DATE":"2023-03-31 00:00:00","REPORT_DATE":"2023-03-31 00:00:00","DATE_TYPE_CODE":"003","REPORT_TYPE":"2023年一季报","PER_NETCASH_OPERATE":-0.406444648776,"PER_OI":0.099833689034,"BPS":2.975104273264,"BASIC_EPS":0.02,"DILUTED_EPS":0.02,"OPERATE_INCOME":463516307.36,"OPERATE_INCOME_YOY":19.3142235341,"GROSS_PROFIT":null,"GROSS_PROFIT_YOY":null,"HOLDER_PROFIT":70497329.89,"HOLDER_PROFIT_YOY":282.4536880898,"GROSS_PROFIT_RATIO":null,"EPS_TTM":0.034168931555,"OPERATE_INCOME_QOQ":3.988874250034,"NET_PROFIT_RATIO":14.2805690003,"ROE_AVG":0.511389488737,"GROSS_PROFIT_QOQ":null,"ROA":0.135579544323,"HOLDER_PROFIT_QOQ":48.85101098559,"ROE_YEARLY":2.045557954949,"ROIC_YEARLY":0.692735602534,"TOTAL_ASSETS":53811410944.62,"TOTAL_LIABILITIES":39553104868.76,"TAX_EBT":6.703942678323,"OCF_SALES":-407.121736870061,"TOTAL_PARENT_EQUITY":13813066111.24,"DEBT_ASSET_RATIO":73.5031923052,"OPERATE_PROFIT":70904322,"PRETAX_PROFIT":70949156.91,"NETCASH_OPERATE":-1887075641.2,"NETCASH_INVEST":1067209310.84,"NETCASH_FINANCE":1224697087.48,"END_CASH":13703621599.81,"DIVI_RATIO":0.584802014312,"DIVIDEND_RATE":1.189189189189,"CURRENT_RATIO":1.243305221485,"COMMON_ACS":null,"CURRENTDEBT_DEBT":99.147669797027,"ISSUED_COMMON_SHARES":4642884700,"HK_COMMON_SHARES":1195365000,"PER_SHARES":1000,"TOTAL_MARKET_CAP":8589336695,"HKSK_MARKET_CAP":2211425250,"PE_TTM":45.697816751704,"PB_TTM":0.55417610988,"REPORT_DATE_SQ":"2022-03-31 00:00:00","REPORT_TYPE_SQ":"2022年一季报","OPERATE_INCOME_SQ":388483697.61,"DPS_HKD":0.022,"OPERATE_INCOME_QOQ_SQ":-15.556004672346,"NET_PROFIT_RATIO_SQ":3.387857375,"HOLDER_PROFIT_SQ":18432906.28,"HOLDER_PROFIT_QOQ_SQ":-19.977408492857,"ROE_AVG_SQ":0.134657947148,"PE_TTM_SQ":22.150345105729,"PB_TTM_SQ":0.340077992347,"ROA_SQ":0.034186822044,"START_DATE":"2023-01-01 00:00:00","FISCAL_YEAR":"12-31","CURRENCY":"HKD","IS_CNY_CODE":0,"DPS_HKD_LY":0.0078,"ORG_TYPE":"证券","PREMIUM_INCOME":null,"PREMIUM_INCOME_YOY":null,"NET_INTEREST_INCOME":39689917.61,"NET_INTEREST_INCOME_YOY":null,"FEE_COMMISSION_INCOME":175921184.98,"FEE_COMMISSION_INCOME_YOY":-41.954074734646,"ACCOUNTS_RECE_TDAYS":5.448882221406,"INVENTORY_TDAYS":null,"CURRENT_ASSETS_TDAYS":0.009980518465,"TOTAL_ASSETS_TDAYS":0.008914285099,"PREMIUM_EXPENSE":null,"LOAN_DEPOSIT":null,"LOAN_EQUITY":null,"LOAN_ASSETS":null,"DEPOSIT_EQUITY":null,"DEPOSIT_ASSETS":null,"EQUITY_MULTIPLIER":3.77403954287,"EQUITY_RATIO":2.863455843202},{"SECUCODE":"01375.HK","SECURITY_CODE":"01375","SECURITY_NAME_ABBR":"中州证券","ORG_CODE":"10004941","STD_REPORT_DATE":"2022-12-31 00:00:00","REPORT_DATE":"2022-12-31 00:00:00","DATE_TYPE_CODE":"001","REPORT_TYPE":"2022年年报","PER_NETCASH_OPERATE":0.431304885323,"PER_OI":0.405146235727,"BPS":2.963207129619,"BASIC_EPS":0.02,"DILUTED_EPS":0.02,"OPERATE_INCOME":1881047259.12,"OPERATE_INCOME_YOY":-57.4505378325,"GROSS_PROFIT":null,"GROSS_PROFIT_YOY":null,"HOLDER_PROFIT":106577985.92,"HOLDER_PROFIT_YOY":-79.2330788793,"GROSS_PROFIT_RATIO":null,"EPS_TTM":0.022955122258,"OPERATE_INCOME_QOQ":-21.452206870645,"NET_PROFIT_RATIO":5.7225828654,"ROE_AVG":0.776815624764,"GROSS_PROFIT_QOQ":null,"ROA":0.205093809909,"HOLDER_PROFIT_QOQ":-10.267592670679,"ROE_YEARLY":0.776815624764,"ROIC_YEARLY":0.264870437984,"TOTAL_ASSETS":50182639547.46,"TOTAL_LIABILITIES":35975265974.01,"TAX_EBT":4.907413366167,"OCF_SALES":106.456594505596,"TOTAL_PARENT_EQUITY":13757829045.04,"DEBT_ASSET_RATIO":71.6886682296,"OPERATE_PROFIT":115549324.99,"PRETAX_PROFIT":113199663.56,"NETCASH_OPERATE":2002498853.1,"NETCASH_INVEST":-1451877153.18,"NETCASH_FINANCE":-2125082566.06,"END_CASH":13297323968.54,"DIVI_RATIO":0.870483710568,"DIVIDEND_RATE":1.189189189189,"CURRENT_RATIO":1.241899974797,"COMMON_ACS":null,"CURRENTDEBT_DEBT":98.766939888949,"ISSUED_COMMON_SHARES":4642884700,"HK_COMMON_SHARES":1195365000,"PER_SHARES":1000,"TOTAL_MARKET_CAP":8589336695,"HKSK_MARKET_CAP":2211425250,"PE_TTM":45.697816751704,"PB_TTM":0.55417610988,"REPORT_DATE_SQ":"2021-12-31 00:00:00","REPORT_TYPE_SQ":"2021年年报","OPERATE_INCOME_SQ":4420848497.96,"DPS_HKD":0.022,"OPERATE_INCOME_QOQ_SQ":1.195349983169,"NET_PROFIT_RATIO_SQ":12.4641201691,"HOLDER_PROFIT_SQ":513210337.25,"HOLDER_PROFIT_QOQ_SQ":-0.212624019002,"ROE_AVG_SQ":3.794447289953,"PE_TTM_SQ":22.150345105729,"PB_TTM_SQ":0.340077992347,"ROA_SQ":0.967179033238,"START_DATE":"2022-01-01 00:00:00","FISCAL_YEAR":"12-31","CURRENCY":"HKD","IS_CNY_CODE":0,"DPS_HKD_LY":0.0246,"ORG_TYPE":"证券","PREMIUM_INCOME":null,"PREMIUM_INCOME_YOY":null,"NET_INTEREST_INCOME":131533603.21,"NET_INTEREST_INCOME_YOY":null,"FEE_COMMISSION_INCOME":1033289934.02,"FEE_COMMISSION_INCOME_YOY":-36.871664725176,"ACCOUNTS_RECE_TDAYS":20.255074738187,"INVENTORY_TDAYS":null,"CURRENT_ASSETS_TDAYS":0.040216432596,"TOTAL_ASSETS_TDAYS":0.036198014596,"PREMIUM_EXPENSE":null,"LOAN_DEPOSIT":null,"LOAN_EQUITY":null,"LOAN_ASSETS":null,"DEPOSIT_EQUITY":null,"DEPOSIT_ASSETS":null,"EQUITY_MULTIPLIER":3.532154573687,"EQUITY_RATIO":2.614894098207},{"SECUCODE":"01375.HK","SECURITY_CODE":"01375","SECURITY_NAME_ABBR":"中州证券","ORG_CODE":"10004941","STD_REPORT_DATE":"2022-09-30 00:00:00","REPORT_DATE":"2022-09-30 00:00:00","DATE_TYPE_CODE":"004","REPORT_TYPE":"2022年三季报","PER_NETCASH_OPERATE":-0.172726815353,"PER_OI":0.311805171171,"BPS":2.960592253488,"BASIC_EPS":0.02,"DILUTED_EPS":0.02,"OPERATE_INCOME":1447675458.61,"OPERATE_INCOME_YOY":-58.325204767,"GROSS_PROFIT":null,"GROSS_PROFIT_YOY":null,"HOLDER_PROFIT":102316451.8,"HOLDER_PROFIT_YOY":-79.4029798729,"GROSS_PROFIT_RATIO":null,"EPS_TTM":0.025581752392,"OPERATE_INCOME_QOQ":-16.630253603765,"NET_PROFIT_RATIO":6.5756757237,"ROE_AVG":0.746084656241,"GROSS_PROFIT_QOQ":null,"ROA":0.200953669263,"HOLDER_PROFIT_QOQ":-25.20855037246,"ROE_YEARLY":0.994779541655,"ROIC_YEARLY":0.261122390568,"TOTAL_ASSETS":48082563340.95,"TOTAL_LIABILITIES":33895518846.21,"TAX_EBT":10.754033247325,"OCF_SALES":-55.395750719571,"TOTAL_PARENT_EQUITY":13745688476.66,"DEBT_ASSET_RATIO":70.4944089729,"OPERATE_PROFIT":105190673.25,"PRETAX_PROFIT":106665261.36,"NETCASH_OPERATE":-801950688.28,"NETCASH_INVEST":426428694.77,"NETCASH_FINANCE":-1198331475.48,"END_CASH":13299200711.19,"DIVI_RATIO":0.781105988902,"DIVIDEND_RATE":1.189189189189,"CURRENT_RATIO":1.312638372989,"COMMON_ACS":null,"CURRENTDEBT_DEBT":98.797447802438,"ISSUED_COMMON_SHARES":4642884700,"HK_COMMON_SHARES":1195365000,"PER_SHARES":1000,"TOTAL_MARKET_CAP":8589336695,"HKSK_MARKET_CAP":2211425250,"PE_TTM":45.697816751704,"PB_TTM":0.55417610988,"REPORT_DATE_SQ":"2021-09-30 00:00:00","REPORT_TYPE_SQ":"2021年三季报","OPERATE_INCOME_SQ":3473743423.37,"DPS_HKD":0.022,"OPERATE_INCOME_QOQ_SQ":4.278941375823,"NET_PROFIT_RATIO_SQ":14.510939447,"HOLDER_PROFIT_SQ":496753662.27,"HOLDER_PROFIT_QOQ_SQ":70.0667577705,"ROE_AVG_SQ":3.659507494076,"PE_TTM_SQ":22.150345105729,"PB_TTM_SQ":0.340077992347,"ROA_SQ":0.926840711793,"START_DATE":"2022-01-01 00:00:00","FISCAL_YEAR":"12-31","CURRENCY":"HKD","IS_CNY_CODE":0,"DPS_HKD_LY":0.0246,"ORG_TYPE":"证券","PREMIUM_INCOME":null,"PREMIUM_INCOME_YOY":null,"NET_INTEREST_INCOME":81102914.56,"NET_INTEREST_INCOME_YOY":null,"FEE_COMMISSION_INCOME":772385680.85,"FEE_COMMISSION_INCOME_YOY":-34.327120898775,"ACCOUNTS_RECE_TDAYS":14.246024299083,"INVENTORY_TDAYS":null,"CURRENT_ASSETS_TDAYS":0.031007131654,"TOTAL_ASSETS_TDAYS":0.028432934312,"PREMIUM_EXPENSE":null,"LOAN_DEPOSIT":null,"LOAN_EQUITY":null,"LOAN_ASSETS":null,"DEPOSIT_EQUITY":null,"DEPOSIT_ASSETS":null,"EQUITY_MULTIPLIER":3.389188168037,"EQUITY_RATIO":2.465901864702}],"count":43},"success":true,"message":"ok","code":0}