{"version":"4ece42b4f7da0d3505152bf6468db2ad","result":{"pages":2,"data":[{"SECUCODE":"01379.HK","SECURITY_CODE":"01379","SECURITY_NAME_ABBR":"温岭工量刃具","ORG_CODE":"10996509","STD_REPORT_DATE":"2024-06-30 00:00:00","REPORT_DATE":"2024-06-30 00:00:00","DATE_TYPE_CODE":"002","REPORT_TYPE":"2024年中报","PER_NETCASH_OPERATE":-0.14295,"PER_OI":0.4235875,"BPS":9.875575,"BASIC_EPS":0.04,"DILUTED_EPS":0.04,"OPERATE_INCOME":33887000,"OPERATE_INCOME_YOY":-45.4087057383,"GROSS_PROFIT":27393000,"GROSS_PROFIT_YOY":-21.897185869472,"HOLDER_PROFIT":3307000,"HOLDER_PROFIT_YOY":-78.9403298733,"GROSS_PROFIT_RATIO":80.836308909021,"EPS_TTM":0.185175,"OPERATE_INCOME_QOQ":-29.118200037189,"NET_PROFIT_RATIO":9.7589045947,"ROE_AVG":0.414622755354,"GROSS_PROFIT_QOQ":-12.047625770625,"ROA":0.299362846871,"HOLDER_PROFIT_QOQ":-45.556780595369,"ROE_YEARLY":0.829245510709,"ROIC_YEARLY":0.63264683404,"TOTAL_ASSETS":1079175000,"TOTAL_LIABILITIES":289129000,"TAX_EBT":-17.103399433428,"OCF_SALES":-33.747454776168,"TOTAL_PARENT_EQUITY":790046000,"DEBT_ASSET_RATIO":26.7916695624,"OPERATE_PROFIT":2891000,"PRETAX_PROFIT":2824000,"NETCASH_OPERATE":-11436000,"NETCASH_INVEST":-490000,"NETCASH_FINANCE":-18487000,"END_CASH":44024000,"DIVI_RATIO":1.239124633455,"DIVIDEND_RATE":13.326315789474,"CURRENT_RATIO":0.858018200935,"COMMON_ACS":null,"CURRENTDEBT_DEBT":19.078681142328,"ISSUED_COMMON_SHARES":80000000,"HK_COMMON_SHARES":20000000,"PER_SHARES":500,"TOTAL_MARKET_CAP":152000000,"HKSK_MARKET_CAP":38000000,"PE_TTM":9.147042188103,"PB_TTM":0.175594028702,"REPORT_DATE_SQ":"2023-06-30 00:00:00","REPORT_TYPE_SQ":"2023年中报","OPERATE_INCOME_SQ":62074000,"DPS_HKD":0.2532,"OPERATE_INCOME_QOQ_SQ":14.338127003379,"NET_PROFIT_RATIO_SQ":25.2972258917,"HOLDER_PROFIT_SQ":15703000,"HOLDER_PROFIT_QOQ_SQ":4.388878262533,"ROE_AVG_SQ":1.978254693835,"PE_TTM_SQ":2.581758611536,"PB_TTM_SQ":0.197957481553,"ROA_SQ":1.382548527427,"START_DATE":"2024-01-01 00:00:00","FISCAL_YEAR":"12-31","CURRENCY":"HKD","IS_CNY_CODE":0,"DPS_HKD_LY":0.2532,"ORG_TYPE":"一般企业","PREMIUM_INCOME":null,"PREMIUM_INCOME_YOY":null,"NET_INTEREST_INCOME":null,"NET_INTEREST_INCOME_YOY":null,"FEE_COMMISSION_INCOME":null,"FEE_COMMISSION_INCOME_YOY":null,"ACCOUNTS_RECE_TDAYS":62.007319304666,"INVENTORY_TDAYS":null,"CURRENT_ASSETS_TDAYS":0.541793240175,"TOTAL_ASSETS_TDAYS":0.030675865715,"PREMIUM_EXPENSE":null,"LOAN_DEPOSIT":null,"LOAN_EQUITY":null,"LOAN_ASSETS":null,"DEPOSIT_EQUITY":null,"DEPOSIT_ASSETS":null,"EQUITY_MULTIPLIER":1.365964766609,"EQUITY_RATIO":0.365964766609},{"SECUCODE":"01379.HK","SECURITY_CODE":"01379","SECURITY_NAME_ABBR":"温岭工量刃具","ORG_CODE":"10996509","STD_REPORT_DATE":"2023-12-31 00:00:00","REPORT_DATE":"2023-12-31 00:00:00","DATE_TYPE_CODE":"001","REPORT_TYPE":"2023年年报","PER_NETCASH_OPERATE":0.521825,"PER_OI":1.210025,"BPS":10.0642375,"BASIC_EPS":0.34,"DILUTED_EPS":0.34,"OPERATE_INCOME":96802000,"OPERATE_INCOME_YOY":-58.0689595426,"GROSS_PROFIT":63747000,"GROSS_PROFIT_YOY":-28.561983100612,"HOLDER_PROFIT":27210000,"HOLDER_PROFIT_YOY":-52.6856665913,"GROSS_PROFIT_RATIO":65.852978244251,"EPS_TTM":0.340125,"OPERATE_INCOME_QOQ":-63.32715817867,"NET_PROFIT_RATIO":28.1089233694,"ROE_AVG":3.403232382863,"GROSS_PROFIT_QOQ":-36.189189189189,"ROA":2.365961457697,"HOLDER_PROFIT_QOQ":-54.674928789166,"ROE_YEARLY":3.403232382863,"ROIC_YEARLY":2.527801402693,"TOTAL_ASSETS":1130184000,"TOTAL_LIABILITIES":325045000,"TAX_EBT":21.114429014583,"OCF_SALES":43.12514204252,"TOTAL_PARENT_EQUITY":805139000,"DEBT_ASSET_RATIO":28.7603611447,"OPERATE_PROFIT":32460000,"PRETAX_PROFIT":34493000,"NETCASH_OPERATE":41746000,"NETCASH_INVEST":-24031000,"NETCASH_FINANCE":-16104000,"END_CASH":74437000,"DIVI_RATIO":0.674619342889,"DIVIDEND_RATE":13.760869565217,"CURRENT_RATIO":0.921907787881,"COMMON_ACS":null,"CURRENTDEBT_DEBT":25.949945392177,"ISSUED_COMMON_SHARES":80000000,"HK_COMMON_SHARES":20000000,"PER_SHARES":500,"TOTAL_MARKET_CAP":147200000,"HKSK_MARKET_CAP":36800000,"PE_TTM":8.858188224268,"PB_TTM":0.170048954112,"REPORT_DATE_SQ":"2022-12-31 00:00:00","REPORT_TYPE_SQ":"2022年年报","OPERATE_INCOME_SQ":230860000,"DPS_HKD":0.2532,"OPERATE_INCOME_QOQ_SQ":304.818685557972,"NET_PROFIT_RATIO_SQ":24.9107684311,"HOLDER_PROFIT_SQ":57509000,"HOLDER_PROFIT_QOQ_SQ":58.645517241379,"ROE_AVG_SQ":7.392144601141,"PE_TTM_SQ":2.193888773183,"PB_TTM_SQ":0.168217390428,"ROA_SQ":4.774415132278,"START_DATE":"2023-01-01 00:00:00","FISCAL_YEAR":"12-31","CURRENCY":"HKD","IS_CNY_CODE":0,"DPS_HKD_LY":0.2267,"ORG_TYPE":"一般企业","PREMIUM_INCOME":null,"PREMIUM_INCOME_YOY":null,"NET_INTEREST_INCOME":null,"NET_INTEREST_INCOME_YOY":null,"FEE_COMMISSION_INCOME":null,"FEE_COMMISSION_INCOME_YOY":null,"ACCOUNTS_RECE_TDAYS":146.226586102719,"INVENTORY_TDAYS":null,"CURRENT_ASSETS_TDAYS":1.076420974208,"TOTAL_ASSETS_TDAYS":0.084171187441,"PREMIUM_EXPENSE":null,"LOAN_DEPOSIT":null,"LOAN_EQUITY":null,"LOAN_ASSETS":null,"DEPOSIT_EQUITY":null,"DEPOSIT_ASSETS":null,"EQUITY_MULTIPLIER":1.403712899263,"EQUITY_RATIO":0.403712899263},{"SECUCODE":"01379.HK","SECURITY_CODE":"01379","SECURITY_NAME_ABBR":"温岭工量刃具","ORG_CODE":"10996509","STD_REPORT_DATE":"2023-06-30 00:00:00","REPORT_DATE":"2023-06-30 00:00:00","DATE_TYPE_CODE":"002","REPORT_TYPE":"2023年中报","PER_NETCASH_OPERATE":0.0237125,"PER_OI":0.775925,"BPS":9.9204,"BASIC_EPS":0.2,"DILUTED_EPS":0.2,"OPERATE_INCOME":62074000,"OPERATE_INCOME_YOY":114.2477479032,"GROSS_PROFIT":35073000,"GROSS_PROFIT_YOY":43.700577703118,"HOLDER_PROFIT":15703000,"HOLDER_PROFIT_YOY":19.1516807042,"GROSS_PROFIT_RATIO":56.501917066727,"EPS_TTM":0.7504125,"OPERATE_INCOME_QOQ":14.338127003379,"NET_PROFIT_RATIO":25.2972258917,"ROE_AVG":1.978254693835,"GROSS_PROFIT_QOQ":11.952843086716,"ROA":1.382548527427,"HOLDER_PROFIT_QOQ":4.388878262533,"ROE_YEARLY":3.956509387671,"ROIC_YEARLY":2.906843289992,"TOTAL_ASSETS":1101664000,"TOTAL_LIABILITIES":308032000,"TAX_EBT":22.5652152473,"OCF_SALES":3.056029899797,"TOTAL_PARENT_EQUITY":793632000,"DEBT_ASSET_RATIO":27.9606123101,"OPERATE_PROFIT":20676000,"PRETAX_PROFIT":20279000,"NETCASH_OPERATE":1897000,"NETCASH_INVEST":-20675000,"NETCASH_FINANCE":-16104000,"END_CASH":37944000,"DIVI_RATIO":0.305771697566,"DIVIDEND_RATE":13.760869565217,"CURRENT_RATIO":0.647607330182,"COMMON_ACS":null,"CURRENTDEBT_DEBT":20.053760648244,"ISSUED_COMMON_SHARES":80000000,"HK_COMMON_SHARES":20000000,"PER_SHARES":500,"TOTAL_MARKET_CAP":147200000,"HKSK_MARKET_CAP":36800000,"PE_TTM":8.858188224268,"PB_TTM":0.170048954112,"REPORT_DATE_SQ":"2022-06-30 00:00:00","REPORT_TYPE_SQ":"2022年中报","OPERATE_INCOME_SQ":28973000,"DPS_HKD":0.2532,"OPERATE_INCOME_QOQ_SQ":-0.309413512805,"NET_PROFIT_RATIO_SQ":45.4871777172,"HOLDER_PROFIT_SQ":13179000,"HOLDER_PROFIT_QOQ_SQ":-23.389056787201,"ROE_AVG_SQ":1.743693351301,"PE_TTM_SQ":2.193888773183,"PB_TTM_SQ":0.168217390428,"ROA_SQ":1.049403753297,"START_DATE":"2023-01-01 00:00:00","FISCAL_YEAR":"12-31","CURRENCY":"HKD","IS_CNY_CODE":0,"DPS_HKD_LY":0.2267,"ORG_TYPE":"一般企业","PREMIUM_INCOME":null,"PREMIUM_INCOME_YOY":null,"NET_INTEREST_INCOME":null,"NET_INTEREST_INCOME_YOY":null,"FEE_COMMISSION_INCOME":null,"FEE_COMMISSION_INCOME_YOY":null,"ACCOUNTS_RECE_TDAYS":null,"INVENTORY_TDAYS":null,"CURRENT_ASSETS_TDAYS":0.873660283883,"TOTAL_ASSETS_TDAYS":0.054652179387,"PREMIUM_EXPENSE":null,"LOAN_DEPOSIT":null,"LOAN_EQUITY":null,"LOAN_ASSETS":null,"DEPOSIT_EQUITY":null,"DEPOSIT_ASSETS":null,"EQUITY_MULTIPLIER":1.388129510907,"EQUITY_RATIO":0.388129510907},{"SECUCODE":"01379.HK","SECURITY_CODE":"01379","SECURITY_NAME_ABBR":"温岭工量刃具","ORG_CODE":"10996509","STD_REPORT_DATE":"2022-12-31 00:00:00","REPORT_DATE":"2022-12-31 00:00:00","DATE_TYPE_CODE":"001","REPORT_TYPE":"2022年年报","PER_NETCASH_OPERATE":0.89195,"PER_OI":2.88575,"BPS":9.9241125,"BASIC_EPS":0.72,"DILUTED_EPS":0.72,"OPERATE_INCOME":230860000,"OPERATE_INCOME_YOY":303.5661218425,"GROSS_PROFIT":89234000,"GROSS_PROFIT_YOY":88.78710305287,"HOLDER_PROFIT":57509000,"HOLDER_PROFIT_YOY":21.5398271234,"GROSS_PROFIT_RATIO":38.652863207139,"EPS_TTM":0.7188625,"OPERATE_INCOME_QOQ":304.818685557972,"NET_PROFIT_RATIO":24.9107684311,"ROE_AVG":7.392144601141,"GROSS_PROFIT_QOQ":88.515897327559,"ROA":4.774415132278,"HOLDER_PROFIT_QOQ":58.645517241379,"ROE_YEARLY":7.392144601141,"ROIC_YEARLY":5.094952843624,"TOTAL_ASSETS":1169938000,"TOTAL_LIABILITIES":376009000,"TAX_EBT":27.185363383135,"OCF_SALES":30.908775881487,"TOTAL_PARENT_EQUITY":793929000,"DEBT_ASSET_RATIO":32.1392244717,"OPERATE_PROFIT":79248000,"PRETAX_PROFIT":78980000,"NETCASH_OPERATE":71356000,"NETCASH_INVEST":-36525000,"NETCASH_FINANCE":-40739000,"END_CASH":72826000,"DIVI_RATIO":0.319191645134,"DIVIDEND_RATE":13.760869565217,"CURRENT_RATIO":0.801301269876,"COMMON_ACS":null,"CURRENTDEBT_DEBT":33.885891029204,"ISSUED_COMMON_SHARES":80000000,"HK_COMMON_SHARES":20000000,"PER_SHARES":500,"TOTAL_MARKET_CAP":147200000,"HKSK_MARKET_CAP":36800000,"PE_TTM":8.858188224268,"PB_TTM":0.170048954112,"REPORT_DATE_SQ":"2021-12-31 00:00:00","REPORT_TYPE_SQ":"2021年年报","OPERATE_INCOME_SQ":57205000,"DPS_HKD":0.2532,"OPERATE_INCOME_QOQ_SQ":2.36748863677,"NET_PROFIT_RATIO_SQ":82.7147976575,"HOLDER_PROFIT_SQ":47317000,"HOLDER_PROFIT_QOQ_SQ":13.918046995378,"ROE_AVG_SQ":6.408378551699,"PE_TTM_SQ":2.193888773183,"PB_TTM_SQ":0.168217390428,"ROA_SQ":3.986909435301,"START_DATE":"2022-01-01 00:00:00","FISCAL_YEAR":"12-31","CURRENCY":"HKD","IS_CNY_CODE":0,"DPS_HKD_LY":0.3794,"ORG_TYPE":"一般企业","PREMIUM_INCOME":null,"PREMIUM_INCOME_YOY":null,"NET_INTEREST_INCOME":null,"NET_INTEREST_INCOME_YOY":null,"FEE_COMMISSION_INCOME":null,"FEE_COMMISSION_INCOME_YOY":null,"ACCOUNTS_RECE_TDAYS":278.480096501809,"INVENTORY_TDAYS":1.983974224277,"CURRENT_ASSETS_TDAYS":1.461227099098,"TOTAL_ASSETS_TDAYS":0.191660692663,"PREMIUM_EXPENSE":null,"LOAN_DEPOSIT":null,"LOAN_EQUITY":null,"LOAN_ASSETS":null,"DEPOSIT_EQUITY":null,"DEPOSIT_ASSETS":null,"EQUITY_MULTIPLIER":1.47360532239,"EQUITY_RATIO":0.47360532239},{"SECUCODE":"01379.HK","SECURITY_CODE":"01379","SECURITY_NAME_ABBR":"温岭工量刃具","ORG_CODE":"10996509","STD_REPORT_DATE":"2022-06-30 00:00:00","REPORT_DATE":"2022-06-30 00:00:00","DATE_TYPE_CODE":"002","REPORT_TYPE":"2022年中报","PER_NETCASH_OPERATE":0.711325,"PER_OI":0.3621625,"BPS":9.3699875,"BASIC_EPS":0.16,"DILUTED_EPS":0.16,"OPERATE_INCOME":28973000,"OPERATE_INCOME_YOY":-0.6072041166,"GROSS_PROFIT":24407000,"GROSS_PROFIT_YOY":0.27938699207,"HOLDER_PROFIT":13179000,"HOLDER_PROFIT_YOY":-45.6446424152,"GROSS_PROFIT_RATIO":84.240499775653,"EPS_TTM":0.453125,"OPERATE_INCOME_QOQ":-0.309413512805,"NET_PROFIT_RATIO":45.4871777172,"ROE_AVG":1.743693351301,"GROSS_PROFIT_QOQ":0.143863583473,"ROA":1.049403753297,"HOLDER_PROFIT_QOQ":-23.389056787201,"ROE_YEARLY":3.487386702602,"ROIC_YEARLY":2.230109610251,"TOTAL_ASSETS":1272601000,"TOTAL_LIABILITIES":523002000,"TAX_EBT":18.798521256932,"OCF_SALES":196.410451109654,"TOTAL_PARENT_EQUITY":749599000,"DEBT_ASSET_RATIO":41.0970917043,"OPERATE_PROFIT":16246000,"PRETAX_PROFIT":16230000,"NETCASH_OPERATE":56906000,"NETCASH_INVEST":-25752000,"NETCASH_FINANCE":-40740000,"END_CASH":69148000,"DIVI_RATIO":0.506383236414,"DIVIDEND_RATE":13.760869565217,"CURRENT_RATIO":0.816586728857,"COMMON_ACS":null,"CURRENTDEBT_DEBT":52.143586449,"ISSUED_COMMON_SHARES":80000000,"HK_COMMON_SHARES":20000000,"PER_SHARES":500,"TOTAL_MARKET_CAP":147200000,"HKSK_MARKET_CAP":36800000,"PE_TTM":8.858188224268,"PB_TTM":0.170048954112,"REPORT_DATE_SQ":"2021-06-30 00:00:00","REPORT_TYPE_SQ":"2021年中报","OPERATE_INCOME_SQ":29150000,"DPS_HKD":0.2532,"OPERATE_INCOME_QOQ_SQ":19.551590612498,"NET_PROFIT_RATIO_SQ":83.1766723842,"HOLDER_PROFIT_SQ":24246000,"HOLDER_PROFIT_QOQ_SQ":47.914960293437,"ROE_AVG_SQ":3.335874060642,"PE_TTM_SQ":2.193888773183,"PB_TTM_SQ":0.168217390428,"ROA_SQ":2.115237061229,"START_DATE":"2022-01-01 00:00:00","FISCAL_YEAR":"12-31","CURRENCY":"HKD","IS_CNY_CODE":0,"DPS_HKD_LY":0.3794,"ORG_TYPE":"一般企业","PREMIUM_INCOME":null,"PREMIUM_INCOME_YOY":null,"NET_INTEREST_INCOME":null,"NET_INTEREST_INCOME_YOY":null,"FEE_COMMISSION_INCOME":null,"FEE_COMMISSION_INCOME_YOY":null,"ACCOUNTS_RECE_TDAYS":null,"INVENTORY_TDAYS":0.035080305935,"CURRENT_ASSETS_TDAYS":0.132728018196,"TOTAL_ASSETS_TDAYS":0.023070320164,"PREMIUM_EXPENSE":null,"LOAN_DEPOSIT":null,"LOAN_EQUITY":null,"LOAN_ASSETS":null,"DEPOSIT_EQUITY":null,"DEPOSIT_ASSETS":null,"EQUITY_MULTIPLIER":1.697709041767,"EQUITY_RATIO":0.697709041768},{"SECUCODE":"01379.HK","SECURITY_CODE":"01379","SECURITY_NAME_ABBR":"温岭工量刃具","ORG_CODE":"10996509","STD_REPORT_DATE":"2021-12-31 00:00:00","REPORT_DATE":"2021-12-31 00:00:00","DATE_TYPE_CODE":"001","REPORT_TYPE":"2021年年报","PER_NETCASH_OPERATE":1.416175,"PER_OI":0.7150625,"BPS":9.52525,"BASIC_EPS":0.59,"DILUTED_EPS":0.59,"OPERATE_INCOME":57205000,"OPERATE_INCOME_YOY":22.3819609353,"GROSS_PROFIT":47267000,"GROSS_PROFIT_YOY":25.62657807309,"HOLDER_PROFIT":47317000,"HOLDER_PROFIT_YOY":68.5018339803,"GROSS_PROFIT_RATIO":82.627392710427,"EPS_TTM":0.5914625,"OPERATE_INCOME_QOQ":2.36748863677,"NET_PROFIT_RATIO":82.7147976575,"ROE_AVG":6.408378551699,"GROSS_PROFIT_QOQ":1.883904899446,"ROA":3.986909435301,"HOLDER_PROFIT_QOQ":13.918046995378,"ROE_YEARLY":6.408378551699,"ROIC_YEARLY":4.28306015628,"TOTAL_ASSETS":1239111000,"TOTAL_LIABILITIES":477091000,"TAX_EBT":25.833098216245,"OCF_SALES":198.049121580281,"TOTAL_PARENT_EQUITY":762020000,"DEBT_ASSET_RATIO":38.502684586,"OPERATE_PROFIT":64534000,"PRETAX_PROFIT":63798000,"NETCASH_OPERATE":113294000,"NETCASH_INVEST":-46103000,"NETCASH_FINANCE":-73846000,"END_CASH":78734000,"DIVI_RATIO":0.387944973688,"DIVIDEND_RATE":13.760869565217,"CURRENT_RATIO":0.950359021755,"COMMON_ACS":null,"CURRENTDEBT_DEBT":47.172551986938,"ISSUED_COMMON_SHARES":80000000,"HK_COMMON_SHARES":20000000,"PER_SHARES":500,"TOTAL_MARKET_CAP":147200000,"HKSK_MARKET_CAP":36800000,"PE_TTM":8.858188224268,"PB_TTM":0.170048954112,"REPORT_DATE_SQ":"2020-12-31 00:00:00","REPORT_TYPE_SQ":"2020年年报","OPERATE_INCOME_SQ":46743000,"DPS_HKD":0.2532,"OPERATE_INCOME_QOQ_SQ":3.237847030501,"NET_PROFIT_RATIO_SQ":60.0753053933,"HOLDER_PROFIT_SQ":28081000,"HOLDER_PROFIT_QOQ_SQ":-1.818118247614,"ROE_AVG_SQ":4.153173892434,"PE_TTM_SQ":2.193888773183,"PB_TTM_SQ":0.168217390428,"ROA_SQ":2.611632137556,"START_DATE":"2021-01-01 00:00:00","FISCAL_YEAR":"12-31","CURRENCY":"HKD","IS_CNY_CODE":0,"DPS_HKD_LY":null,"ORG_TYPE":"一般企业","PREMIUM_INCOME":null,"PREMIUM_INCOME_YOY":null,"NET_INTEREST_INCOME":null,"NET_INTEREST_INCOME_YOY":null,"FEE_COMMISSION_INCOME":null,"FEE_COMMISSION_INCOME_YOY":null,"ACCOUNTS_RECE_TDAYS":null,"INVENTORY_TDAYS":0.081628294742,"CURRENT_ASSETS_TDAYS":0.369970346752,"TOTAL_ASSETS_TDAYS":0.048200679301,"PREMIUM_EXPENSE":null,"LOAN_DEPOSIT":null,"LOAN_EQUITY":null,"LOAN_ASSETS":null,"DEPOSIT_EQUITY":null,"DEPOSIT_ASSETS":null,"EQUITY_MULTIPLIER":1.626087241806,"EQUITY_RATIO":0.626087241805},{"SECUCODE":"01379.HK","SECURITY_CODE":"01379","SECURITY_NAME_ABBR":"温岭工量刃具","ORG_CODE":"10996509","STD_REPORT_DATE":"2021-06-30 00:00:00","REPORT_DATE":"2021-06-30 00:00:00","DATE_TYPE_CODE":"002","REPORT_TYPE":"2021年中报","PER_NETCASH_OPERATE":-0.18435,"PER_OI":0.364375,"BPS":9.2368625,"BASIC_EPS":0.3,"DILUTED_EPS":0.3,"OPERATE_INCOME":29150000,"OPERATE_INCOME_YOY":45.6698815651,"GROSS_PROFIT":24339000,"GROSS_PROFIT_YOY":56.309806691927,"HOLDER_PROFIT":24246000,"HOLDER_PROFIT_YOY":124.6872393661,"GROSS_PROFIT_RATIO":83.495711835335,"EPS_TTM":0.5192,"OPERATE_INCOME_QOQ":19.551590612498,"NET_PROFIT_RATIO":83.1766723842,"ROE_AVG":3.335874060642,"GROSS_PROFIT_QOQ":23.30365448505,"ROA":2.115237061229,"HOLDER_PROFIT_QOQ":47.914960293437,"ROE_YEARLY":6.671748121284,"ROIC_YEARLY":4.476423587536,"TOTAL_ASSETS":1158002000,"TOTAL_LIABILITIES":419053000,"TAX_EBT":25.004639653573,"OCF_SALES":-50.593481989708,"TOTAL_PARENT_EQUITY":738949000,"DEBT_ASSET_RATIO":36.1875886225,"OPERATE_PROFIT":32675000,"PRETAX_PROFIT":32330000,"NETCASH_OPERATE":-14748000,"NETCASH_INVEST":-25041000,"NETCASH_FINANCE":-5031000,"END_CASH":40569000,"DIVI_RATIO":0.441939337442,"DIVIDEND_RATE":13.760869565217,"CURRENT_RATIO":0.308093241301,"COMMON_ACS":null,"CURRENTDEBT_DEBT":40.518979699465,"ISSUED_COMMON_SHARES":80000000,"HK_COMMON_SHARES":20000000,"PER_SHARES":500,"TOTAL_MARKET_CAP":147200000,"HKSK_MARKET_CAP":36800000,"PE_TTM":8.858188224268,"PB_TTM":0.170048954112,"REPORT_DATE_SQ":"2020-06-30 00:00:00","REPORT_TYPE_SQ":"2020年中报","OPERATE_INCOME_SQ":20011000,"DPS_HKD":0.2532,"OPERATE_INCOME_QOQ_SQ":-9.716849451645,"NET_PROFIT_RATIO_SQ":53.9253410624,"HOLDER_PROFIT_SQ":10791000,"HOLDER_PROFIT_QOQ_SQ":-11.85317594847,"ROE_AVG_SQ":1.682257414537,"PE_TTM_SQ":2.193888773183,"PB_TTM_SQ":0.168217390428,"ROA_SQ":1.058101447719,"START_DATE":"2021-01-01 00:00:00","FISCAL_YEAR":"12-31","CURRENCY":"HKD","IS_CNY_CODE":0,"DPS_HKD_LY":null,"ORG_TYPE":"一般企业","PREMIUM_INCOME":null,"PREMIUM_INCOME_YOY":null,"NET_INTEREST_INCOME":null,"NET_INTEREST_INCOME_YOY":null,"FEE_COMMISSION_INCOME":null,"FEE_COMMISSION_INCOME_YOY":null,"ACCOUNTS_RECE_TDAYS":null,"INVENTORY_TDAYS":null,"CURRENT_ASSETS_TDAYS":0.394799214465,"TOTAL_ASSETS_TDAYS":0.025430652617,"PREMIUM_EXPENSE":null,"LOAN_DEPOSIT":null,"LOAN_EQUITY":null,"LOAN_ASSETS":null,"DEPOSIT_EQUITY":null,"DEPOSIT_ASSETS":null,"EQUITY_MULTIPLIER":1.567093263541,"EQUITY_RATIO":0.567093263541},{"SECUCODE":"01379.HK","SECURITY_CODE":"01379","SECURITY_NAME_ABBR":"温岭工量刃具","ORG_CODE":"10996509","STD_REPORT_DATE":"2020-12-31 00:00:00","REPORT_DATE":"2020-12-31 00:00:00","DATE_TYPE_CODE":"001","REPORT_TYPE":"2020年年报","PER_NETCASH_OPERATE":0.386725,"PER_OI":0.5842875,"BPS":8.9337875,"BASIC_EPS":0.47,"DILUTED_EPS":0.47,"OPERATE_INCOME":46743000,"OPERATE_INCOME_YOY":-6.7936191426,"GROSS_PROFIT":37625000,"GROSS_PROFIT_YOY":-7.978085944188,"HOLDER_PROFIT":28081000,"HOLDER_PROFIT_YOY":-13.4557894412,"GROSS_PROFIT_RATIO":80.493335900563,"EPS_TTM":0.3510125,"OPERATE_INCOME_QOQ":3.237847030501,"NET_PROFIT_RATIO":60.0753053933,"ROE_AVG":4.153173892434,"GROSS_PROFIT_QOQ":5.356742831541,"ROA":2.611632137556,"HOLDER_PROFIT_QOQ":-1.818118247614,"ROE_YEARLY":4.153173892434,"ROIC_YEARLY":2.767015355994,"TOTAL_ASSETS":1134507000,"TOTAL_LIABILITIES":419804000,"TAX_EBT":25.005341309689,"OCF_SALES":66.187450527352,"TOTAL_PARENT_EQUITY":714703000,"DEBT_ASSET_RATIO":37.0032093235,"OPERATE_PROFIT":37444000,"PRETAX_PROFIT":37444000,"NETCASH_OPERATE":30938000,"NETCASH_INVEST":-72648000,"NETCASH_FINANCE":91728000,"END_CASH":85389000,"DIVI_RATIO":0.653694395499,"DIVIDEND_RATE":13.760869565217,"CURRENT_RATIO":0.733368710873,"COMMON_ACS":null,"CURRENTDEBT_DEBT":30.973025507141,"ISSUED_COMMON_SHARES":80000000,"HK_COMMON_SHARES":20000000,"PER_SHARES":500,"TOTAL_MARKET_CAP":147200000,"HKSK_MARKET_CAP":36800000,"PE_TTM":8.858188224268,"PB_TTM":0.170048954112,"REPORT_DATE_SQ":"2019-12-31 00:00:00","REPORT_TYPE_SQ":"2019年年报","OPERATE_INCOME_SQ":50150000,"DPS_HKD":0.2532,"OPERATE_INCOME_QOQ_SQ":2.403365119556,"NET_PROFIT_RATIO_SQ":64.6999002991,"HOLDER_PROFIT_SQ":32447000,"HOLDER_PROFIT_QOQ_SQ":9.90041999729,"ROE_AVG_SQ":5.222096418952,"PE_TTM_SQ":2.193888773183,"PB_TTM_SQ":0.168217390428,"ROA_SQ":3.367097355988,"START_DATE":"2020-01-01 00:00:00","FISCAL_YEAR":"12-31","CURRENCY":"HKD","IS_CNY_CODE":0,"DPS_HKD_LY":null,"ORG_TYPE":"一般企业","PREMIUM_INCOME":null,"PREMIUM_INCOME_YOY":null,"NET_INTEREST_INCOME":null,"NET_INTEREST_INCOME_YOY":null,"FEE_COMMISSION_INCOME":null,"FEE_COMMISSION_INCOME_YOY":null,"ACCOUNTS_RECE_TDAYS":null,"INVENTORY_TDAYS":null,"CURRENT_ASSETS_TDAYS":0.604613862283,"TOTAL_ASSETS_TDAYS":0.043472640221,"PREMIUM_EXPENSE":null,"LOAN_DEPOSIT":null,"LOAN_EQUITY":null,"LOAN_ASSETS":null,"DEPOSIT_EQUITY":null,"DEPOSIT_ASSETS":null,"EQUITY_MULTIPLIER":1.587382451171,"EQUITY_RATIO":0.587382451172},{"SECUCODE":"01379.HK","SECURITY_CODE":"01379","SECURITY_NAME_ABBR":"温岭工量刃具","ORG_CODE":"10996509","STD_REPORT_DATE":"2020-06-30 00:00:00","REPORT_DATE":"2020-06-30 00:00:00","DATE_TYPE_CODE":"002","REPORT_TYPE":"2020年中报","PER_NETCASH_OPERATE":-0.172083333333,"PER_OI":0.333516666667,"BPS":8.0669375,"BASIC_EPS":0.18,"DILUTED_EPS":0.18,"OPERATE_INCOME":20011000,"OPERATE_INCOME_YOY":-19.5828644912,"GROSS_PROFIT":15571000,"GROSS_PROFIT_YOY":-24.944567627495,"HOLDER_PROFIT":10791000,"HOLDER_PROFIT_YOY":-26.2758762041,"GROSS_PROFIT_RATIO":77.812203288192,"EPS_TTM":0.476683333333,"OPERATE_INCOME_QOQ":-9.716849451645,"NET_PROFIT_RATIO":53.9253410624,"ROE_AVG":1.682257414537,"GROSS_PROFIT_QOQ":-12.656834690733,"ROA":1.058101447719,"HOLDER_PROFIT_QOQ":-11.85317594847,"ROE_YEARLY":3.364514829073,"ROIC_YEARLY":2.167718451722,"TOTAL_ASSETS":1023742000,"TOTAL_LIABILITIES":378387000,"TAX_EBT":25,"OCF_SALES":-51.596621857978,"TOTAL_PARENT_EQUITY":645355000,"DEBT_ASSET_RATIO":36.9611679505,"OPERATE_PROFIT":14388000,"PRETAX_PROFIT":14388000,"NETCASH_OPERATE":-10325000,"NETCASH_INVEST":-24591000,"NETCASH_FINANCE":12647000,"END_CASH":13102000,"DIVI_RATIO":0.481357093808,"DIVIDEND_RATE":13.760869565217,"CURRENT_RATIO":0.529644777118,"COMMON_ACS":null,"CURRENTDEBT_DEBT":20.548803209413,"ISSUED_COMMON_SHARES":80000000,"HK_COMMON_SHARES":20000000,"PER_SHARES":500,"TOTAL_MARKET_CAP":147200000,"HKSK_MARKET_CAP":36800000,"PE_TTM":8.858188224268,"PB_TTM":0.170048954112,"REPORT_DATE_SQ":"2019-06-30 00:00:00","REPORT_TYPE_SQ":"2019年中报","OPERATE_INCOME_SQ":24884000,"DPS_HKD":0.2532,"OPERATE_INCOME_QOQ_SQ":4.211175894795,"NET_PROFIT_RATIO_SQ":58.8209291111,"HOLDER_PROFIT_SQ":14637000,"HOLDER_PROFIT_QOQ_SQ":-20.121208841752,"ROE_AVG_SQ":null,"PE_TTM_SQ":2.193888773183,"PB_TTM_SQ":0.168217390428,"ROA_SQ":null,"START_DATE":"2020-01-01 00:00:00","FISCAL_YEAR":"12-31","CURRENCY":"HKD","IS_CNY_CODE":0,"DPS_HKD_LY":null,"ORG_TYPE":"一般企业","PREMIUM_INCOME":null,"PREMIUM_INCOME_YOY":null,"NET_INTEREST_INCOME":null,"NET_INTEREST_INCOME_YOY":null,"FEE_COMMISSION_INCOME":null,"FEE_COMMISSION_INCOME_YOY":null,"ACCOUNTS_RECE_TDAYS":185.287037037037,"INVENTORY_TDAYS":null,"CURRENT_ASSETS_TDAYS":0.398442944468,"TOTAL_ASSETS_TDAYS":0.019621599546,"PREMIUM_EXPENSE":null,"LOAN_DEPOSIT":null,"LOAN_EQUITY":null,"LOAN_ASSETS":null,"DEPOSIT_EQUITY":null,"DEPOSIT_ASSETS":null,"EQUITY_MULTIPLIER":1.586323806277,"EQUITY_RATIO":0.586323806277}],"count":17},"success":true,"message":"ok","code":0}