{"version":"fd9df47c5d7d956bb94d4b39e6035f57","result":{"pages":4,"data":[{"SECUCODE":"01378.HK","SECURITY_CODE":"01378","SECURITY_NAME_ABBR":"中国宏桥","ORG_CODE":"10174782","STD_REPORT_DATE":"2024-06-30 00:00:00","REPORT_DATE":"2024-06-30 00:00:00","DATE_TYPE_CODE":"002","REPORT_TYPE":"2024年中报","PER_NETCASH_OPERATE":1.505318047402,"PER_OI":7.766550637992,"BPS":10.529411578002,"BASIC_EPS":0.966,"DILUTED_EPS":0.966,"OPERATE_INCOME":73592249000,"OPERATE_INCOME_YOY":11.9548400239,"GROSS_PROFIT":17801761000,"GROSS_PROFIT_YOY":202.115772209592,"HOLDER_PROFIT":9154911000,"HOLDER_PROFIT_YOY":272.6624313132,"GROSS_PROFIT_RATIO":24.189722751916,"EPS_TTM":1.916404660667,"OPERATE_INCOME_QOQ":5.880979945224,"NET_PROFIT_RATIO":13.5990897628,"ROE_AVG":9.535545071481,"GROSS_PROFIT_QOQ":56.834292732998,"ROA":4.422365892141,"HOLDER_PROFIT_QOQ":58.445826677968,"ROE_YEARLY":19.071090142962,"ROIC_YEARLY":11.426156730203,"TOTAL_ASSETS":213707665000,"TOTAL_LIABILITIES":103632190000,"TAX_EBT":27.850306852669,"OCF_SALES":19.382066989147,"TOTAL_PARENT_EQUITY":99771844000,"DEBT_ASSET_RATIO":48.4925002573,"OPERATE_PROFIT":14608085000,"PRETAX_PROFIT":13870989000,"NETCASH_OPERATE":14263699000,"NETCASH_INVEST":-6461570000,"NETCASH_FINANCE":-2062821000,"END_CASH":37501630000,"DIVI_RATIO":0.418118895474,"DIVIDEND_RATE":6.918238993711,"CURRENT_RATIO":1.268248585608,"COMMON_ACS":20000000000,"CURRENTDEBT_DEBT":73.789280145484,"ISSUED_COMMON_SHARES":9475538425,"HK_COMMON_SHARES":9475538425,"PER_SHARES":500,"TOTAL_MARKET_CAP":120528848766,"HKSK_MARKET_CAP":120528848766,"PE_TTM":6.022534830735,"PB_TTM":1.102558249718,"REPORT_DATE_SQ":"2023-06-30 00:00:00","REPORT_TYPE_SQ":"2023年中报","OPERATE_INCOME_SQ":65733870000,"DPS_HKD":0.88,"OPERATE_INCOME_QOQ_SQ":-2.281545234058,"NET_PROFIT_RATIO_SQ":4.5212977724,"HOLDER_PROFIT_SQ":2456623000,"HOLDER_PROFIT_QOQ_SQ":-61.93628028099,"ROE_AVG_SQ":2.87598560281,"PE_TTM_SQ":17.741250360918,"PB_TTM_SQ":0.612178841339,"ROA_SQ":1.309849151216,"START_DATE":"2024-01-01 00:00:00","FISCAL_YEAR":"12-31","CURRENCY":"HKD","IS_CNY_CODE":0,"DPS_HKD_LY":0.88,"ORG_TYPE":"一般企业","PREMIUM_INCOME":null,"PREMIUM_INCOME_YOY":null,"NET_INTEREST_INCOME":null,"NET_INTEREST_INCOME_YOY":null,"FEE_COMMISSION_INCOME":null,"FEE_COMMISSION_INCOME_YOY":null,"ACCOUNTS_RECE_TDAYS":6.029959024735,"INVENTORY_TDAYS":1.623730011364,"CURRENT_ASSETS_TDAYS":0.798279143264,"TOTAL_ASSETS_TDAYS":0.35549428269,"PREMIUM_EXPENSE":null,"LOAN_DEPOSIT":null,"LOAN_EQUITY":null,"LOAN_ASSETS":null,"DEPOSIT_EQUITY":null,"DEPOSIT_ASSETS":null,"EQUITY_MULTIPLIER":1.941464844917,"EQUITY_RATIO":1.038691737521},{"SECUCODE":"01378.HK","SECURITY_CODE":"01378","SECURITY_NAME_ABBR":"中国宏桥","ORG_CODE":"10174782","STD_REPORT_DATE":"2023-12-31 00:00:00","REPORT_DATE":"2023-12-31 00:00:00","DATE_TYPE_CODE":"001","REPORT_TYPE":"2023年年报","PER_NETCASH_OPERATE":2.364224701036,"PER_OI":14.101956638944,"BPS":9.735032867011,"BASIC_EPS":1.2095,"DILUTED_EPS":1.1952,"OPERATE_INCOME":133623632000,"OPERATE_INCOME_YOY":1.4610579893,"GROSS_PROFIT":20954597000,"GROSS_PROFIT_YOY":14.887068034409,"HOLDER_PROFIT":11460678000,"HOLDER_PROFIT_YOY":31.702366124,"GROSS_PROFIT_RATIO":15.68180469754,"EPS_TTM":1.209501506507,"OPERATE_INCOME_QOQ":3.829986088388,"NET_PROFIT_RATIO":9.3529503823,"ROE_AVG":12.968710011797,"GROSS_PROFIT_QOQ":128.351218011008,"ROA":5.937223389548,"HOLDER_PROFIT_QOQ":246.00498084858,"ROE_YEARLY":12.968710011797,"ROIC_YEARLY":7.611590851875,"TOTAL_ASSETS":200320085000,"TOTAL_LIABILITIES":94063640000,"TAX_EBT":21.350616319322,"OCF_SALES":16.76522458243,"TOTAL_PARENT_EQUITY":92244678000,"DEBT_ASSET_RATIO":46.9566693724,"OPERATE_PROFIT":17965143000,"PRETAX_PROFIT":15890464000,"NETCASH_OPERATE":22402302000,"NETCASH_INVEST":-17888513000,"NETCASH_FINANCE":-199576000,"END_CASH":31721122000,"DIVI_RATIO":0.662491940431,"DIVIDEND_RATE":7.260726072607,"CURRENT_RATIO":1.180548356062,"COMMON_ACS":20000000000,"CURRENTDEBT_DEBT":78.701107037746,"ISSUED_COMMON_SHARES":9475538425,"HK_COMMON_SHARES":9475538425,"PER_SHARES":500,"TOTAL_MARKET_CAP":114843525711,"HKSK_MARKET_CAP":114843525711,"PE_TTM":5.738452999096,"PB_TTM":1.050550785108,"REPORT_DATE_SQ":"2022-12-31 00:00:00","REPORT_TYPE_SQ":"2022年年报","OPERATE_INCOME_SQ":131699427000,"DPS_HKD":0.88,"OPERATE_INCOME_QOQ_SQ":0.726875677959,"NET_PROFIT_RATIO_SQ":7.4480012734,"HOLDER_PROFIT_SQ":8701953000,"HOLDER_PROFIT_QOQ_SQ":-44.844449351694,"ROE_AVG_SQ":10.496506750441,"PE_TTM_SQ":17.008140841872,"PB_TTM_SQ":0.586882195003,"ROA_SQ":4.651427145281,"START_DATE":"2023-01-01 00:00:00","FISCAL_YEAR":"12-31","CURRENCY":"HKD","IS_CNY_CODE":0,"DPS_HKD_LY":0.32,"ORG_TYPE":"一般企业","PREMIUM_INCOME":null,"PREMIUM_INCOME_YOY":null,"NET_INTEREST_INCOME":null,"NET_INTEREST_INCOME_YOY":null,"FEE_COMMISSION_INCOME":null,"FEE_COMMISSION_INCOME_YOY":null,"ACCOUNTS_RECE_TDAYS":12.941591300798,"INVENTORY_TDAYS":3.163701916749,"CURRENT_ASSETS_TDAYS":1.527453198826,"TOTAL_ASSETS_TDAYS":0.692239458527,"PREMIUM_EXPENSE":null,"LOAN_DEPOSIT":null,"LOAN_EQUITY":null,"LOAN_ASSETS":null,"DEPOSIT_EQUITY":null,"DEPOSIT_ASSETS":null,"EQUITY_MULTIPLIER":1.885251148765,"EQUITY_RATIO":1.019718882861},{"SECUCODE":"01378.HK","SECURITY_CODE":"01378","SECURITY_NAME_ABBR":"中国宏桥","ORG_CODE":"10174782","STD_REPORT_DATE":"2023-06-30 00:00:00","REPORT_DATE":"2023-06-30 00:00:00","DATE_TYPE_CODE":"002","REPORT_TYPE":"2023年中报","PER_NETCASH_OPERATE":0.747928052437,"PER_OI":6.937217396171,"BPS":9.111682115309,"BASIC_EPS":0.259,"DILUTED_EPS":0.259,"OPERATE_INCOME":65733870000,"OPERATE_INCOME_YOY":-4.371313537,"GROSS_PROFIT":5892364000,"GROSS_PROFIT_YOY":-60.599864114036,"HOLDER_PROFIT":2456623000,"HOLDER_PROFIT_YOY":-68.6906383387,"GROSS_PROFIT_RATIO":8.963969411812,"EPS_TTM":0.349561877271,"OPERATE_INCOME_QOQ":-2.281545234058,"NET_PROFIT_RATIO":4.5212977724,"ROE_AVG":2.87598560281,"GROSS_PROFIT_QOQ":-49.68843650798,"ROA":1.309849151216,"HOLDER_PROFIT_QOQ":-61.93628028099,"ROE_YEARLY":5.75197120562,"ROIC_YEARLY":3.343975543171,"TOTAL_ASSETS":189358349000,"TOTAL_LIABILITIES":90744891000,"TAX_EBT":22.678004359344,"OCF_SALES":10.781384087077,"TOTAL_PARENT_EQUITY":86338094000,"DEBT_ASSET_RATIO":47.9223078777,"OPERATE_PROFIT":4363939000,"PRETAX_PROFIT":3843698000,"NETCASH_OPERATE":7087021000,"NETCASH_INVEST":-6060284000,"NETCASH_FINANCE":1215205000,"END_CASH":29776735000,"DIVI_RATIO":2.292255111612,"DIVIDEND_RATE":7.260726072607,"CURRENT_RATIO":1.200884241827,"COMMON_ACS":20000000000,"CURRENTDEBT_DEBT":80.482621330164,"ISSUED_COMMON_SHARES":9475538425,"HK_COMMON_SHARES":9475538425,"PER_SHARES":500,"TOTAL_MARKET_CAP":114843525711,"HKSK_MARKET_CAP":114843525711,"PE_TTM":5.738452999096,"PB_TTM":1.050550785108,"REPORT_DATE_SQ":"2022-06-30 00:00:00","REPORT_TYPE_SQ":"2022年中报","OPERATE_INCOME_SQ":68738652000,"DPS_HKD":0.88,"OPERATE_INCOME_QOQ_SQ":14.20034009503,"NET_PROFIT_RATIO_SQ":12.6352143187,"HOLDER_PROFIT_SQ":7846289000,"HOLDER_PROFIT_QOQ_SQ":-1.842989466659,"ROE_AVG_SQ":9.384096675647,"PE_TTM_SQ":17.008140841872,"PB_TTM_SQ":0.586882195003,"ROA_SQ":4.113224469267,"START_DATE":"2023-01-01 00:00:00","FISCAL_YEAR":"12-31","CURRENCY":"HKD","IS_CNY_CODE":0,"DPS_HKD_LY":0.32,"ORG_TYPE":"一般企业","PREMIUM_INCOME":null,"PREMIUM_INCOME_YOY":null,"NET_INTEREST_INCOME":null,"NET_INTEREST_INCOME_YOY":null,"FEE_COMMISSION_INCOME":null,"FEE_COMMISSION_INCOME_YOY":null,"ACCOUNTS_RECE_TDAYS":6.406110014686,"INVENTORY_TDAYS":1.636935614383,"CURRENT_ASSETS_TDAYS":0.750074498107,"TOTAL_ASSETS_TDAYS":0.350487045939,"PREMIUM_EXPENSE":null,"LOAN_DEPOSIT":null,"LOAN_EQUITY":null,"LOAN_ASSETS":null,"DEPOSIT_EQUITY":null,"DEPOSIT_ASSETS":null,"EQUITY_MULTIPLIER":1.92020798013,"EQUITY_RATIO":1.051041166139},{"SECUCODE":"01378.HK","SECURITY_CODE":"01378","SECURITY_NAME_ABBR":"中国宏桥","ORG_CODE":"10174782","STD_REPORT_DATE":"2022-12-31 00:00:00","REPORT_DATE":"2022-12-31 00:00:00","DATE_TYPE_CODE":"001","REPORT_TYPE":"2022年年报","PER_NETCASH_OPERATE":0.804369699973,"PER_OI":13.898885856716,"BPS":8.917578000324,"BASIC_EPS":0.9358,"DILUTED_EPS":0.9358,"OPERATE_INCOME":131699427000,"OPERATE_INCOME_YOY":15.0304345913,"GROSS_PROFIT":18239300000,"GROSS_PROFIT_YOY":-40.106910640547,"HOLDER_PROFIT":8701953000,"HOLDER_PROFIT_YOY":-45.8609603404,"GROSS_PROFIT_RATIO":13.849187058346,"EPS_TTM":0.918359739542,"OPERATE_INCOME_QOQ":0.726875677959,"NET_PROFIT_RATIO":7.4480012734,"ROE_AVG":10.496506750441,"GROSS_PROFIT_QOQ":-38.531326955691,"ROA":4.651427145281,"HOLDER_PROFIT_QOQ":-44.844449351694,"ROE_YEARLY":10.496506750441,"ROIC_YEARLY":6.337613431612,"TOTAL_ASSETS":185741791000,"TOTAL_LIABILITIES":89436014000,"TAX_EBT":22.191489540603,"OCF_SALES":5.787296249968,"TOTAL_PARENT_EQUITY":84498853000,"DEBT_ASSET_RATIO":48.1507223111,"OPERATE_PROFIT":15122767000,"PRETAX_PROFIT":12606558000,"NETCASH_OPERATE":7621836000,"NETCASH_INVEST":-16772532000,"NETCASH_FINANCE":-12790446000,"END_CASH":27384542000,"DIVI_RATIO":0.872517560929,"DIVIDEND_RATE":7.260726072607,"CURRENT_RATIO":1.226900058347,"COMMON_ACS":20000000000,"CURRENTDEBT_DEBT":79.803561012905,"ISSUED_COMMON_SHARES":9475538425,"HK_COMMON_SHARES":9475538425,"PER_SHARES":500,"TOTAL_MARKET_CAP":114843525711,"HKSK_MARKET_CAP":114843525711,"PE_TTM":5.738452999096,"PB_TTM":1.050550785108,"REPORT_DATE_SQ":"2021-12-31 00:00:00","REPORT_TYPE_SQ":"2021年年报","OPERATE_INCOME_SQ":114490941000,"DPS_HKD":0.88,"OPERATE_INCOME_QOQ_SQ":16.014777702911,"NET_PROFIT_RATIO_SQ":14.7162726176,"HOLDER_PROFIT_SQ":16073342000,"HOLDER_PROFIT_QOQ_SQ":1.687496987019,"ROE_AVG_SQ":21.079249287815,"PE_TTM_SQ":17.008140841872,"PB_TTM_SQ":0.586882195003,"ROA_SQ":8.689422081175,"START_DATE":"2022-01-01 00:00:00","FISCAL_YEAR":"12-31","CURRENCY":"HKD","IS_CNY_CODE":0,"DPS_HKD_LY":1.01,"ORG_TYPE":"一般企业","PREMIUM_INCOME":null,"PREMIUM_INCOME_YOY":null,"NET_INTEREST_INCOME":null,"NET_INTEREST_INCOME_YOY":null,"FEE_COMMISSION_INCOME":null,"FEE_COMMISSION_INCOME_YOY":null,"ACCOUNTS_RECE_TDAYS":8.963065882768,"INVENTORY_TDAYS":3.783724251316,"CURRENT_ASSETS_TDAYS":1.378357952829,"TOTAL_ASSETS_TDAYS":0.703968741001,"PREMIUM_EXPENSE":null,"LOAN_DEPOSIT":null,"LOAN_EQUITY":null,"LOAN_ASSETS":null,"DEPOSIT_EQUITY":null,"DEPOSIT_ASSETS":null,"EQUITY_MULTIPLIER":1.928667176426,"EQUITY_RATIO":1.058428733938},{"SECUCODE":"01378.HK","SECURITY_CODE":"01378","SECURITY_NAME_ABBR":"中国宏桥","ORG_CODE":"10174782","STD_REPORT_DATE":"2022-06-30 00:00:00","REPORT_DATE":"2022-06-30 00:00:00","DATE_TYPE_CODE":"002","REPORT_TYPE":"2022年中报","PER_NETCASH_OPERATE":1.037505400591,"PER_OI":7.364285752717,"BPS":9.067288754095,"BASIC_EPS":0.85,"DILUTED_EPS":0.85,"OPERATE_INCOME":68738652000,"OPERATE_INCOME_YOY":30.9792929186,"GROSS_PROFIT":14955187000,"GROSS_PROFIT_YOY":-4.960564370221,"HOLDER_PROFIT":7846289000,"HOLDER_PROFIT_YOY":-3.6380633561,"GROSS_PROFIT_RATIO":21.756590455105,"EPS_TTM":1.690274070557,"OPERATE_INCOME_QOQ":14.20034009503,"NET_PROFIT_RATIO":12.6352143187,"ROE_AVG":9.384096675647,"GROSS_PROFIT_QOQ":-2.563230352671,"ROA":4.113224469267,"HOLDER_PROFIT_QOQ":-1.842989466659,"ROE_YEARLY":18.768193351293,"ROIC_YEARLY":12.059419733654,"TOTAL_ASSETS":193094313000,"TOTAL_LIABILITIES":95497192000,"TAX_EBT":22.664150919876,"OCF_SALES":14.088337082898,"TOTAL_PARENT_EQUITY":85917443000,"DEBT_ASSET_RATIO":49.45624266,"OPERATE_PROFIT":12655631000,"PRETAX_PROFIT":11230595000,"NETCASH_OPERATE":9684133000,"NETCASH_INVEST":-3251163000,"NETCASH_FINANCE":-6535932000,"END_CASH":49222961000,"DIVI_RATIO":0.474056257478,"DIVIDEND_RATE":7.260726072607,"CURRENT_RATIO":1.566610610584,"COMMON_ACS":20000000000,"CURRENTDEBT_DEBT":71.727211623144,"ISSUED_COMMON_SHARES":9475538425,"HK_COMMON_SHARES":9475538425,"PER_SHARES":500,"TOTAL_MARKET_CAP":114843525711,"HKSK_MARKET_CAP":114843525711,"PE_TTM":5.738452999096,"PB_TTM":1.050550785108,"REPORT_DATE_SQ":"2021-06-30 00:00:00","REPORT_TYPE_SQ":"2021年中报","OPERATE_INCOME_SQ":52480549000,"DPS_HKD":0.88,"OPERATE_INCOME_QOQ_SQ":14.559087894974,"NET_PROFIT_RATIO_SQ":16.0511221024,"HOLDER_PROFIT_SQ":8142519000,"HOLDER_PROFIT_QOQ_SQ":50.597393124348,"ROE_AVG_SQ":11.001654047706,"PE_TTM_SQ":17.008140841872,"PB_TTM_SQ":0.586882195003,"ROA_SQ":4.406112232288,"START_DATE":"2022-01-01 00:00:00","FISCAL_YEAR":"12-31","CURRENCY":"HKD","IS_CNY_CODE":0,"DPS_HKD_LY":1.01,"ORG_TYPE":"一般企业","PREMIUM_INCOME":null,"PREMIUM_INCOME_YOY":null,"NET_INTEREST_INCOME":null,"NET_INTEREST_INCOME_YOY":null,"FEE_COMMISSION_INCOME":null,"FEE_COMMISSION_INCOME_YOY":null,"ACCOUNTS_RECE_TDAYS":3.720678620921,"INVENTORY_TDAYS":2.022374716966,"CURRENT_ASSETS_TDAYS":0.652054008509,"TOTAL_ASSETS_TDAYS":0.360345515429,"PREMIUM_EXPENSE":null,"LOAN_DEPOSIT":null,"LOAN_EQUITY":null,"LOAN_ASSETS":null,"DEPOSIT_EQUITY":null,"DEPOSIT_ASSETS":null,"EQUITY_MULTIPLIER":1.978483699328,"EQUITY_RATIO":1.11149946583},{"SECUCODE":"01378.HK","SECURITY_CODE":"01378","SECURITY_NAME_ABBR":"中国宏桥","ORG_CODE":"10174782","STD_REPORT_DATE":"2021-12-31 00:00:00","REPORT_DATE":"2021-12-31 00:00:00","DATE_TYPE_CODE":"001","REPORT_TYPE":"2021年年报","PER_NETCASH_OPERATE":3.140929535864,"PER_OI":12.551969995168,"BPS":8.580810013443,"BASIC_EPS":1.772,"DILUTED_EPS":1.7119,"OPERATE_INCOME":114490941000,"OPERATE_INCOME_YOY":32.9054711598,"GROSS_PROFIT":30453096000,"GROSS_PROFIT_YOY":57.338156570734,"HOLDER_PROFIT":16073342000,"HOLDER_PROFIT_YOY":53.1387195959,"GROSS_PROFIT_RATIO":26.598694825995,"EPS_TTM":1.762166549981,"OPERATE_INCOME_QOQ":16.014777702911,"NET_PROFIT_RATIO":14.7162726176,"ROE_AVG":21.079249287815,"GROSS_PROFIT_QOQ":6.395434454341,"ROA":8.689422081175,"HOLDER_PROFIT_QOQ":1.687496987019,"ROE_YEARLY":21.079249287815,"ROIC_YEARLY":12.434762018124,"TOTAL_ASSETS":188420922000,"TOTAL_LIABILITIES":95982093000,"TAX_EBT":25.295520506533,"OCF_SALES":25.023399012853,"TOTAL_PARENT_EQUITY":81307795000,"DEBT_ASSET_RATIO":50.940252272,"OPERATE_PROFIT":26118389000,"PRETAX_PROFIT":22553934000,"NETCASH_OPERATE":28649525000,"NETCASH_INVEST":-5463487000,"NETCASH_FINANCE":-19396101000,"END_CASH":49227282000,"DIVI_RATIO":0.454715815601,"DIVIDEND_RATE":7.260726072607,"CURRENT_RATIO":1.641572170843,"COMMON_ACS":20000000000,"CURRENTDEBT_DEBT":65.706664679629,"ISSUED_COMMON_SHARES":9475538425,"HK_COMMON_SHARES":9475538425,"PER_SHARES":500,"TOTAL_MARKET_CAP":114843525711,"HKSK_MARKET_CAP":114843525711,"PE_TTM":5.738452999096,"PB_TTM":1.050550785108,"REPORT_DATE_SQ":"2020-12-31 00:00:00","REPORT_TYPE_SQ":"2020年年报","OPERATE_INCOME_SQ":86144641000,"DPS_HKD":0.88,"OPERATE_INCOME_QOQ_SQ":4.180463979114,"NET_PROFIT_RATIO_SQ":12.124667163,"HOLDER_PROFIT_SQ":10495936000,"HOLDER_PROFIT_QOQ_SQ":62.723981329418,"ROE_AVG_SQ":15.623572610814,"PE_TTM_SQ":17.008140841872,"PB_TTM_SQ":0.586882195003,"ROA_SQ":5.812742086283,"START_DATE":"2021-01-01 00:00:00","FISCAL_YEAR":"12-31","CURRENCY":"HKD","IS_CNY_CODE":0,"DPS_HKD_LY":0.95,"ORG_TYPE":"一般企业","PREMIUM_INCOME":null,"PREMIUM_INCOME_YOY":null,"NET_INTEREST_INCOME":null,"NET_INTEREST_INCOME_YOY":null,"FEE_COMMISSION_INCOME":null,"FEE_COMMISSION_INCOME_YOY":null,"ACCOUNTS_RECE_TDAYS":5.917375377967,"INVENTORY_TDAYS":3.961907993312,"CURRENT_ASSETS_TDAYS":1.139428519541,"TOTAL_ASSETS_TDAYS":0.618950378098,"PREMIUM_EXPENSE":null,"LOAN_DEPOSIT":null,"LOAN_EQUITY":null,"LOAN_ASSETS":null,"DEPOSIT_EQUITY":null,"DEPOSIT_ASSETS":null,"EQUITY_MULTIPLIER":2.038330905296,"EQUITY_RATIO":1.180478366189},{"SECUCODE":"01378.HK","SECURITY_CODE":"01378","SECURITY_NAME_ABBR":"中国宏桥","ORG_CODE":"10174782","STD_REPORT_DATE":"2021-06-30 00:00:00","REPORT_DATE":"2021-06-30 00:00:00","DATE_TYPE_CODE":"002","REPORT_TYPE":"2021年中报","PER_NETCASH_OPERATE":1.701647453812,"PER_OI":5.753592997178,"BPS":8.107972502892,"BASIC_EPS":0.903,"DILUTED_EPS":0.903,"OPERATE_INCOME":52480549000,"OPERATE_INCOME_YOY":31.4028294629,"GROSS_PROFIT":15735770000,"GROSS_PROFIT_YOY":143.271480315299,"HOLDER_PROFIT":8142519000,"HOLDER_PROFIT_YOY":187.5336573384,"GROSS_PROFIT_RATIO":29.984004168859,"EPS_TTM":1.73292351783,"OPERATE_INCOME_QOQ":14.559087894974,"NET_PROFIT_RATIO":16.0511221024,"ROE_AVG":11.001654047706,"GROSS_PROFIT_QOQ":47.880552748958,"ROA":4.406112232288,"HOLDER_PROFIT_QOQ":50.597393124348,"ROE_YEARLY":22.003308095411,"ROIC_YEARLY":12.596560903244,"TOTAL_ASSETS":188070071000,"TOTAL_LIABILITIES":101040423000,"TAX_EBT":25.299618539938,"OCF_SALES":29.575388016615,"TOTAL_PARENT_EQUITY":76827405000,"DEBT_ASSET_RATIO":53.7248816161,"OPERATE_PROFIT":13160022000,"PRETAX_PROFIT":11276672000,"NETCASH_OPERATE":15521326000,"NETCASH_INVEST":-2804507000,"NETCASH_FINANCE":-8410354000,"END_CASH":49764694000,"DIVI_RATIO":0.462389131289,"DIVIDEND_RATE":7.260726072607,"CURRENT_RATIO":1.555478601249,"COMMON_ACS":20000000000,"CURRENTDEBT_DEBT":65.970784781849,"ISSUED_COMMON_SHARES":9475538425,"HK_COMMON_SHARES":9475538425,"PER_SHARES":500,"TOTAL_MARKET_CAP":114843525711,"HKSK_MARKET_CAP":114843525711,"PE_TTM":5.738452999096,"PB_TTM":1.050550785108,"REPORT_DATE_SQ":"2020-06-30 00:00:00","REPORT_TYPE_SQ":"2020年中报","OPERATE_INCOME_SQ":39938675000,"DPS_HKD":0.88,"OPERATE_INCOME_QOQ_SQ":-1.771676899904,"NET_PROFIT_RATIO_SQ":7.0219605433,"HOLDER_PROFIT_SQ":2831849000,"HOLDER_PROFIT_QOQ_SQ":5.82104182953,"ROE_AVG_SQ":4.477459528553,"PE_TTM_SQ":17.008140841872,"PB_TTM_SQ":0.586882195003,"ROA_SQ":1.601929001855,"START_DATE":"2021-01-01 00:00:00","FISCAL_YEAR":"12-31","CURRENCY":"HKD","IS_CNY_CODE":0,"DPS_HKD_LY":0.95,"ORG_TYPE":"一般企业","PREMIUM_INCOME":null,"PREMIUM_INCOME_YOY":null,"NET_INTEREST_INCOME":null,"NET_INTEREST_INCOME_YOY":null,"FEE_COMMISSION_INCOME":null,"FEE_COMMISSION_INCOME_YOY":null,"ACCOUNTS_RECE_TDAYS":2.695369500708,"INVENTORY_TDAYS":1.873768297174,"CURRENT_ASSETS_TDAYS":0.521889692289,"TOTAL_ASSETS_TDAYS":0.283984831851,"PREMIUM_EXPENSE":null,"LOAN_DEPOSIT":null,"LOAN_EQUITY":null,"LOAN_ASSETS":null,"DEPOSIT_EQUITY":null,"DEPOSIT_ASSETS":null,"EQUITY_MULTIPLIER":2.160988528876,"EQUITY_RATIO":1.315161211029},{"SECUCODE":"01378.HK","SECURITY_CODE":"01378","SECURITY_NAME_ABBR":"中国宏桥","ORG_CODE":"10174782","STD_REPORT_DATE":"2020-12-31 00:00:00","REPORT_DATE":"2020-12-31 00:00:00","DATE_TYPE_CODE":"001","REPORT_TYPE":"2020年年报","PER_NETCASH_OPERATE":2.002519870931,"PER_OI":9.702773399132,"BPS":7.513677197716,"BASIC_EPS":1.221,"DILUTED_EPS":1.221,"OPERATE_INCOME":86144641000,"OPERATE_INCOME_YOY":2.3347227646,"GROSS_PROFIT":19355188000,"GROSS_PROFIT_YOY":17.558859184197,"HOLDER_PROFIT":10495936000,"HOLDER_PROFIT_YOY":72.1962123493,"GROSS_PROFIT_RATIO":22.468243845836,"EPS_TTM":1.182194126502,"OPERATE_INCOME_QOQ":4.180463979114,"NET_PROFIT_RATIO":12.124667163,"ROE_AVG":15.623572610814,"GROSS_PROFIT_QOQ":26.586190329628,"ROA":5.812742086283,"HOLDER_PROFIT_QOQ":62.723981329418,"ROE_YEARLY":15.623572610814,"ROIC_YEARLY":7.910846358432,"TOTAL_ASSETS":181531000000,"TOTAL_LIABILITIES":104729330000,"TAX_EBT":17.786026046197,"OCF_SALES":20.6386338066,"TOTAL_PARENT_EQUITY":71196137000,"DEBT_ASSET_RATIO":57.692256419,"OPERATE_PROFIT":17312584000,"PRETAX_PROFIT":12704350000,"NETCASH_OPERATE":17779077000,"NETCASH_INVEST":-6973978000,"NETCASH_FINANCE":-7149793000,"END_CASH":45465361000,"DIVI_RATIO":0.677794773326,"DIVIDEND_RATE":7.260726072607,"CURRENT_RATIO":1.328313794021,"COMMON_ACS":20000000000,"CURRENTDEBT_DEBT":70.038978574579,"ISSUED_COMMON_SHARES":9475538425,"HK_COMMON_SHARES":9475538425,"PER_SHARES":500,"TOTAL_MARKET_CAP":114843525711,"HKSK_MARKET_CAP":114843525711,"PE_TTM":5.738452999096,"PB_TTM":1.050550785108,"REPORT_DATE_SQ":"2019-12-31 00:00:00","REPORT_TYPE_SQ":"2019年年报","OPERATE_INCOME_SQ":84179288000,"DPS_HKD":0.88,"OPERATE_INCOME_QOQ_SQ":-3.572946926619,"NET_PROFIT_RATIO_SQ":7.6683269167,"HOLDER_PROFIT_SQ":6095335000,"HOLDER_PROFIT_QOQ_SQ":0.249021659506,"ROE_AVG_SQ":9.900691612607,"PE_TTM_SQ":17.008140841872,"PB_TTM_SQ":0.586882195003,"ROA_SQ":3.421161355786,"START_DATE":"2020-01-01 00:00:00","FISCAL_YEAR":"12-31","CURRENCY":"HKD","IS_CNY_CODE":0,"DPS_HKD_LY":0.49,"ORG_TYPE":"一般企业","PREMIUM_INCOME":null,"PREMIUM_INCOME_YOY":null,"NET_INTEREST_INCOME":null,"NET_INTEREST_INCOME_YOY":null,"FEE_COMMISSION_INCOME":null,"FEE_COMMISSION_INCOME_YOY":null,"ACCOUNTS_RECE_TDAYS":4.207887918925,"INVENTORY_TDAYS":3.213755902149,"CURRENT_ASSETS_TDAYS":0.903827661836,"TOTAL_ASSETS_TDAYS":0.477076632564,"PREMIUM_EXPENSE":null,"LOAN_DEPOSIT":null,"LOAN_EQUITY":null,"LOAN_ASSETS":null,"DEPOSIT_EQUITY":null,"DEPOSIT_ASSETS":null,"EQUITY_MULTIPLIER":2.363633499115,"EQUITY_RATIO":1.470997366051},{"SECUCODE":"01378.HK","SECURITY_CODE":"01378","SECURITY_NAME_ABBR":"中国宏桥","ORG_CODE":"10174782","STD_REPORT_DATE":"2020-06-30 00:00:00","REPORT_DATE":"2020-06-30 00:00:00","DATE_TYPE_CODE":"002","REPORT_TYPE":"2020年中报","PER_NETCASH_OPERATE":0.505830204916,"PER_OI":4.659825344519,"BPS":6.683466433202,"BASIC_EPS":0.33,"DILUTED_EPS":0.325,"OPERATE_INCOME":39938675000,"OPERATE_INCOME_YOY":-3.5997654843,"GROSS_PROFIT":6468399000,"GROSS_PROFIT_YOY":-15.363074983324,"HOLDER_PROFIT":2831849000,"HOLDER_PROFIT_YOY":14.3240492572,"GROSS_PROFIT_RATIO":16.195827728386,"EPS_TTM":0.752567742081,"OPERATE_INCOME_QOQ":-1.771676899904,"NET_PROFIT_RATIO":7.0219605433,"ROE_AVG":4.477459528553,"GROSS_PROFIT_QOQ":-7.131371219818,"ROA":1.601929001855,"HOLDER_PROFIT_QOQ":5.82104182953,"ROE_YEARLY":8.954919057105,"ROIC_YEARLY":4.280631019063,"TOTAL_ASSETS":173950425000,"TOTAL_LIABILITIES":107474333000,"TAX_EBT":17.517026860337,"OCF_SALES":10.855132274669,"TOTAL_PARENT_EQUITY":63329443000,"DEBT_ASSET_RATIO":61.7844612912,"OPERATE_PROFIT":5256745000,"PRETAX_PROFIT":3400069000,"NETCASH_OPERATE":4335396000,"NETCASH_INVEST":-2175666000,"NETCASH_FINANCE":-2947654000,"END_CASH":41079476000,"DIVI_RATIO":1.064734714491,"DIVIDEND_RATE":7.260726072607,"CURRENT_RATIO":1.178305913916,"COMMON_ACS":20000000000,"CURRENTDEBT_DEBT":72.971833191093,"ISSUED_COMMON_SHARES":9475538425,"HK_COMMON_SHARES":9475538425,"PER_SHARES":500,"TOTAL_MARKET_CAP":114843525711,"HKSK_MARKET_CAP":114843525711,"PE_TTM":5.738452999096,"PB_TTM":1.050550785108,"REPORT_DATE_SQ":"2019-06-30 00:00:00","REPORT_TYPE_SQ":"2019年中报","OPERATE_INCOME_SQ":41430060000,"DPS_HKD":0.88,"OPERATE_INCOME_QOQ_SQ":-3.211389146467,"NET_PROFIT_RATIO_SQ":6.716627975,"HOLDER_PROFIT_SQ":2477037000,"HOLDER_PROFIT_QOQ_SQ":12.441640397217,"ROE_AVG_SQ":4.129185842318,"PE_TTM_SQ":17.008140841872,"PB_TTM_SQ":0.586882195003,"ROA_SQ":1.427082446371,"START_DATE":"2020-01-01 00:00:00","FISCAL_YEAR":"12-31","CURRENCY":"HKD","IS_CNY_CODE":0,"DPS_HKD_LY":0.49,"ORG_TYPE":"一般企业","PREMIUM_INCOME":null,"PREMIUM_INCOME_YOY":null,"NET_INTEREST_INCOME":null,"NET_INTEREST_INCOME_YOY":null,"FEE_COMMISSION_INCOME":null,"FEE_COMMISSION_INCOME_YOY":null,"ACCOUNTS_RECE_TDAYS":2.042952375891,"INVENTORY_TDAYS":1.550163851941,"CURRENT_ASSETS_TDAYS":0.430378235061,"TOTAL_ASSETS_TDAYS":0.225926318028,"PREMIUM_EXPENSE":null,"LOAN_DEPOSIT":null,"LOAN_EQUITY":null,"LOAN_ASSETS":null,"DEPOSIT_EQUITY":null,"DEPOSIT_ASSETS":null,"EQUITY_MULTIPLIER":2.616736630667,"EQUITY_RATIO":1.697067397229}],"count":34},"success":true,"message":"ok","code":0}