{"version":"cdfc3d58a3020984b7380bd7154fa016","result":{"pages":10,"data":[{"SECUCODE":"01385.HK","SECURITY_CODE":"01385","SECURITY_NAME_ABBR":"上海复旦","ORG_CODE":"10010715","STD_REPORT_DATE":"2024-09-30 00:00:00","REPORT_DATE":"2024-09-30 00:00:00","DATE_TYPE_CODE":"004","REPORT_TYPE":"2024年三季报","PER_NETCASH_OPERATE":0.140844196057,"PER_OI":3.276492602401,"BPS":6.948300482867,"BASIC_EPS":0.52,"DILUTED_EPS":0.52,"OPERATE_INCOME":2683645341.52,"OPERATE_INCOME_YOY":-1.9865374001,"GROSS_PROFIT":1477331862.38,"GROSS_PROFIT_YOY":-16.447644543812,"HOLDER_PROFIT":427239183.99,"HOLDER_PROFIT_YOY":-34.2852799444,"GROSS_PROFIT_RATIO":55.049444854857,"EPS_TTM":0.606293836669,"OPERATE_INCOME_QOQ":-1.478673241056,"NET_PROFIT_RATIO":15.3126602484,"ROE_AVG":7.760577422216,"GROSS_PROFIT_QOQ":-5.017022998789,"ROA":4.95260111079,"HOLDER_PROFIT_QOQ":-19.686435040621,"ROE_YEARLY":10.347436562954,"ROIC_YEARLY":6.003144558799,"TOTAL_ASSETS":8841772247.6,"TOTAL_LIABILITIES":2500835885.21,"TAX_EBT":0.41262571479,"OCF_SALES":4.298627012117,"TOTAL_PARENT_EQUITY":5707523705.23,"DEBT_ASSET_RATIO":28.2843282453,"OPERATE_PROFIT":443552456.93,"PRETAX_PROFIT":412640152.8,"NETCASH_OPERATE":115359903.56,"NETCASH_INVEST":-506311590.08,"NETCASH_FINANCE":111254000.53,"END_CASH":703756076.42,"DIVI_RATIO":0.164125688407,"DIVIDEND_RATE":0.54766084788,"CURRENT_RATIO":2.841596830931,"COMMON_ACS":null,"CURRENTDEBT_DEBT":88.4261811512,"ISSUED_COMMON_SHARES":821427300,"HK_COMMON_SHARES":284330000,"PER_SHARES":1000,"TOTAL_MARKET_CAP":16469617365,"HKSK_MARKET_CAP":5700816500,"PE_TTM":29.451184692699,"PB_TTM":2.602203163865,"REPORT_DATE_SQ":"2023-09-30 00:00:00","REPORT_TYPE_SQ":"2023年三季报","OPERATE_INCOME_SQ":2738037480.09,"DPS_HKD":0.109806,"OPERATE_INCOME_QOQ_SQ":-1.654545167759,"NET_PROFIT_RATIO_SQ":24.2483441135,"HOLDER_PROFIT_SQ":650142287.19,"HOLDER_PROFIT_QOQ_SQ":-12.833690643673,"ROE_AVG_SQ":13.41445957495,"PE_TTM_SQ":9.005719906003,"PB_TTM_SQ":1.543396823897,"ROA_SQ":9.128171642536,"START_DATE":"2024-01-01 00:00:00","FISCAL_YEAR":"12-31","CURRENCY":"HKD","IS_CNY_CODE":0,"DPS_HKD_LY":0.109806,"ORG_TYPE":"一般企业","PREMIUM_INCOME":null,"PREMIUM_INCOME_YOY":null,"NET_INTEREST_INCOME":null,"NET_INTEREST_INCOME_YOY":null,"FEE_COMMISSION_INCOME":null,"FEE_COMMISSION_INCOME_YOY":null,"ACCOUNTS_RECE_TDAYS":1.616125781119,"INVENTORY_TDAYS":0.377136546031,"CURRENT_ASSETS_TDAYS":0.439179669576,"TOTAL_ASSETS_TDAYS":0.311090962567,"PREMIUM_EXPENSE":null,"LOAN_DEPOSIT":null,"LOAN_EQUITY":null,"LOAN_ASSETS":null,"DEPOSIT_EQUITY":null,"DEPOSIT_ASSETS":null,"EQUITY_MULTIPLIER":1.39439536092,"EQUITY_RATIO":0.438164782902},{"SECUCODE":"01385.HK","SECURITY_CODE":"01385","SECURITY_NAME_ABBR":"上海复旦","ORG_CODE":"10010715","STD_REPORT_DATE":"2024-06-30 00:00:00","REPORT_DATE":"2024-06-30 00:00:00","DATE_TYPE_CODE":"002","REPORT_TYPE":"2024年中报","PER_NETCASH_OPERATE":0.155213441951,"PER_OI":2.190431024696,"BPS":6.81662955715,"BASIC_EPS":0.42,"DILUTED_EPS":0.42,"OPERATE_INCOME":1794095311.26,"OPERATE_INCOME_YOY":-0.1188028288,"GROSS_PROFIT":1013475924.33,"GROSS_PROFIT_YOY":-15.916585675069,"HOLDER_PROFIT":348091959.43,"HOLDER_PROFIT_YOY":-22.5206752551,"GROSS_PROFIT_RATIO":56.489525276014,"EPS_TTM":0.754908385621,"OPERATE_INCOME_QOQ":-2.362688508174,"NET_PROFIT_RATIO":18.9334553353,"ROE_AVG":6.385636519939,"GROSS_PROFIT_QOQ":-7.378281909605,"ROA":4.076690160454,"HOLDER_PROFIT_QOQ":-10.709754921821,"ROE_YEARLY":12.771273039879,"ROIC_YEARLY":9.973405531638,"TOTAL_ASSETS":8665834071.48,"TOTAL_LIABILITIES":2425161836.52,"TAX_EBT":1.285354389778,"OCF_SALES":7.085977152502,"TOTAL_PARENT_EQUITY":5599365612.23,"DEBT_ASSET_RATIO":27.9853250883,"OPERATE_PROFIT":362686120.25,"PRETAX_PROFIT":344107231.84,"NETCASH_OPERATE":127129183.85,"NETCASH_INVEST":-324615033.17,"NETCASH_FINANCE":-7530906.23,"END_CASH":782322362.59,"DIVI_RATIO":0.131815191373,"DIVIDEND_RATE":0.710258732212,"CURRENT_RATIO":3.017228604457,"COMMON_ACS":null,"CURRENTDEBT_DEBT":83.592545012131,"ISSUED_COMMON_SHARES":821427300,"HK_COMMON_SHARES":284330000,"PER_SHARES":1000,"TOTAL_MARKET_CAP":12699266058,"HKSK_MARKET_CAP":4395741800,"PE_TTM":22.708993284246,"PB_TTM":2.006486828596,"REPORT_DATE_SQ":"2023-06-30 00:00:00","REPORT_TYPE_SQ":"2023年中报","OPERATE_INCOME_SQ":1796229282.46,"DPS_HKD":0.109806,"OPERATE_INCOME_QOQ_SQ":1.688906757723,"NET_PROFIT_RATIO_SQ":25.8317471857,"HOLDER_PROFIT_SQ":449270770.72,"HOLDER_PROFIT_QOQ_SQ":-3.545524524304,"ROE_AVG_SQ":9.495560743045,"PE_TTM_SQ":11.384589315135,"PB_TTM_SQ":1.951086550965,"ROA_SQ":6.43918197158,"START_DATE":"2024-01-01 00:00:00","FISCAL_YEAR":"12-31","CURRENCY":"HKD","IS_CNY_CODE":0,"DPS_HKD_LY":0.109806,"ORG_TYPE":"一般企业","PREMIUM_INCOME":null,"PREMIUM_INCOME_YOY":null,"NET_INTEREST_INCOME":null,"NET_INTEREST_INCOME_YOY":null,"FEE_COMMISSION_INCOME":null,"FEE_COMMISSION_INCOME_YOY":null,"ACCOUNTS_RECE_TDAYS":1.127159892643,"INVENTORY_TDAYS":0.243596675015,"CURRENT_ASSETS_TDAYS":0.297676985325,"TOTAL_ASSETS_TDAYS":0.210116048481,"PREMIUM_EXPENSE":null,"LOAN_DEPOSIT":null,"LOAN_EQUITY":null,"LOAN_ASSETS":null,"DEPOSIT_EQUITY":null,"DEPOSIT_ASSETS":null,"EQUITY_MULTIPLIER":1.388605865716,"EQUITY_RATIO":0.433113678311},{"SECUCODE":"01385.HK","SECURITY_CODE":"01385","SECURITY_NAME_ABBR":"上海复旦","ORG_CODE":"10010715","STD_REPORT_DATE":"2024-03-31 00:00:00","REPORT_DATE":"2024-03-31 00:00:00","DATE_TYPE_CODE":"003","REPORT_TYPE":"2024年一季报","PER_NETCASH_OPERATE":0.012917991481,"PER_OI":1.089961026928,"BPS":6.670293186165,"BASIC_EPS":0.2,"DILUTED_EPS":0.2,"OPERATE_INCOME":892743914.7,"OPERATE_INCOME_YOY":10.3028709866,"GROSS_PROFIT":505718182.81,"GROSS_PROFIT_YOY":-6.420340191315,"HOLDER_PROFIT":161246753.47,"HOLDER_PROFIT_YOY":-14.3501945278,"GROSS_PROFIT_RATIO":56.647620273048,"EPS_TTM":0.845454489413,"OPERATE_INCOME_QOQ":2.358056603639,"NET_PROFIT_RATIO":17.7369100537,"ROE_AVG":2.990998017901,"GROSS_PROFIT_QOQ":-1.602910260742,"ROA":1.907423413539,"HOLDER_PROFIT_QOQ":-3.754870672647,"ROE_YEARLY":11.963992071604,"ROIC_YEARLY":9.335045737405,"TOTAL_ASSETS":8495933812.48,"TOTAL_LIABILITIES":2360948827.13,"TAX_EBT":9.512210332784,"OCF_SALES":1.185179209377,"TOTAL_PARENT_EQUITY":5479160922.12,"DEBT_ASSET_RATIO":27.789162195,"OPERATE_PROFIT":184163796.71,"PRETAX_PROFIT":174990664.29,"NETCASH_OPERATE":10580615.27,"NETCASH_INVEST":-236550874.02,"NETCASH_FINANCE":-24290369.2,"END_CASH":740560120.1,"DIVI_RATIO":0.117698107428,"DIVIDEND_RATE":0.710258732212,"CURRENT_RATIO":3.177763268191,"COMMON_ACS":null,"CURRENTDEBT_DEBT":78.593561754815,"ISSUED_COMMON_SHARES":821427300,"HK_COMMON_SHARES":284330000,"PER_SHARES":1000,"TOTAL_MARKET_CAP":12699266058,"HKSK_MARKET_CAP":4395741800,"PE_TTM":22.708993284246,"PB_TTM":2.006486828596,"REPORT_DATE_SQ":"2023-03-31 00:00:00","REPORT_TYPE_SQ":"2023年一季报","OPERATE_INCOME_SQ":809356915.84,"DPS_HKD":0.109806,"OPERATE_INCOME_QOQ_SQ":0.948322095062,"NET_PROFIT_RATIO_SQ":24.0355622251,"HOLDER_PROFIT_SQ":188262836.77,"HOLDER_PROFIT_QOQ_SQ":-4.147730749005,"ROE_AVG_SQ":4.057202774451,"PE_TTM_SQ":11.384589315135,"PB_TTM_SQ":1.951086550965,"ROA_SQ":2.881914877246,"START_DATE":"2024-01-01 00:00:00","FISCAL_YEAR":"12-31","CURRENCY":"HKD","IS_CNY_CODE":0,"DPS_HKD_LY":0.109806,"ORG_TYPE":"一般企业","PREMIUM_INCOME":null,"PREMIUM_INCOME_YOY":null,"NET_INTEREST_INCOME":null,"NET_INTEREST_INCOME_YOY":null,"FEE_COMMISSION_INCOME":null,"FEE_COMMISSION_INCOME_YOY":null,"ACCOUNTS_RECE_TDAYS":0.578833456748,"INVENTORY_TDAYS":0.121107207373,"CURRENT_ASSETS_TDAYS":0.150880417939,"TOTAL_ASSETS_TDAYS":0.105604646825,"PREMIUM_EXPENSE":null,"LOAN_DEPOSIT":null,"LOAN_EQUITY":null,"LOAN_ASSETS":null,"DEPOSIT_EQUITY":null,"DEPOSIT_ASSETS":null,"EQUITY_MULTIPLIER":1.384833676491,"EQUITY_RATIO":0.430896055197},{"SECUCODE":"01385.HK","SECURITY_CODE":"01385","SECURITY_NAME_ABBR":"上海复旦","ORG_CODE":"10010715","STD_REPORT_DATE":"2023-12-31 00:00:00","REPORT_DATE":"2023-12-31 00:00:00","DATE_TYPE_CODE":"001","REPORT_TYPE":"2023年年报","PER_NETCASH_OPERATE":-0.86460853622,"PER_OI":4.317458668005,"BPS":6.455807078241,"BASIC_EPS":0.88,"DILUTED_EPS":0.87,"OPERATE_INCOME":3536259423.6,"OPERATE_INCOME_YOY":-0.0748666164,"GROSS_PROFIT":2164591447.18,"GROSS_PROFIT_YOY":-5.420089629656,"HOLDER_PROFIT":719494375.58,"HOLDER_PROFIT_YOY":-33.1848609357,"GROSS_PROFIT_RATIO":61.21133061489,"EPS_TTM":0.878438727571,"OPERATE_INCOME_QOQ":-1.019929146446,"NET_PROFIT_RATIO":21.1765783438,"ROE_AVG":14.632484551609,"GROSS_PROFIT_QOQ":-5.817651517146,"ROA":9.908862931245,"HOLDER_PROFIT_QOQ":-17.091046052648,"ROE_YEARLY":14.632484551609,"ROIC_YEARLY":13.02557752054,"TOTAL_ASSETS":8411350886.39,"TOTAL_LIABILITIES":2449649077.25,"TAX_EBT":0.397965556761,"OCF_SALES":-20.025867129371,"TOTAL_PARENT_EQUITY":5302976177.6,"DEBT_ASSET_RATIO":29.123135039,"OPERATE_PROFIT":767552359.49,"PRETAX_PROFIT":751850854.72,"NETCASH_OPERATE":-708166613.52,"NETCASH_INVEST":-731596775.42,"NETCASH_FINANCE":1310270705.44,"END_CASH":992924996.96,"DIVI_RATIO":0.11327869571,"DIVIDEND_RATE":0.710258732212,"CURRENT_RATIO":3.159270422659,"COMMON_ACS":null,"CURRENTDEBT_DEBT":76.717973634401,"ISSUED_COMMON_SHARES":821427300,"HK_COMMON_SHARES":284330000,"PER_SHARES":1000,"TOTAL_MARKET_CAP":12699266058,"HKSK_MARKET_CAP":4395741800,"PE_TTM":22.708993284246,"PB_TTM":2.006486828596,"REPORT_DATE_SQ":"2022-12-31 00:00:00","REPORT_TYPE_SQ":"2022年年报","OPERATE_INCOME_SQ":3538908884.94,"DPS_HKD":0.109806,"OPERATE_INCOME_QOQ_SQ":2.585422094654,"NET_PROFIT_RATIO_SQ":31.570882456,"HOLDER_PROFIT_SQ":1076843340.68,"HOLDER_PROFIT_QOQ_SQ":9.278460970905,"ROE_AVG_SQ":28.073954283222,"PE_TTM_SQ":11.384589315135,"PB_TTM_SQ":1.951086550965,"ROA_SQ":20.958613965269,"START_DATE":"2023-01-01 00:00:00","FISCAL_YEAR":"12-31","CURRENCY":"HKD","IS_CNY_CODE":0,"DPS_HKD_LY":0.1494,"ORG_TYPE":"一般企业","PREMIUM_INCOME":null,"PREMIUM_INCOME_YOY":null,"NET_INTEREST_INCOME":null,"NET_INTEREST_INCOME_YOY":null,"FEE_COMMISSION_INCOME":null,"FEE_COMMISSION_INCOME_YOY":null,"ACCOUNTS_RECE_TDAYS":2.783055276684,"INVENTORY_TDAYS":0.588618470266,"CURRENT_ASSETS_TDAYS":0.689034863003,"TOTAL_ASSETS_TDAYS":0.487012978934,"PREMIUM_EXPENSE":null,"LOAN_DEPOSIT":null,"LOAN_EQUITY":null,"LOAN_ASSETS":null,"DEPOSIT_EQUITY":null,"DEPOSIT_ASSETS":null,"EQUITY_MULTIPLIER":1.410897618779,"EQUITY_RATIO":0.461938540776},{"SECUCODE":"01385.HK","SECURITY_CODE":"01385","SECURITY_NAME_ABBR":"上海复旦","ORG_CODE":"10010715","STD_REPORT_DATE":"2023-09-30 00:00:00","REPORT_DATE":"2023-09-30 00:00:00","DATE_TYPE_CODE":"004","REPORT_TYPE":"2023年三季报","PER_NETCASH_OPERATE":-1.350125015462,"PER_OI":3.352740693413,"BPS":6.284093861843,"BASIC_EPS":0.8,"DILUTED_EPS":0.79,"OPERATE_INCOME":2738037480.09,"OPERATE_INCOME_YOY":1.2494982619,"GROSS_PROFIT":1768151064.46,"GROSS_PROFIT_YOY":0.549379304774,"HOLDER_PROFIT":650142287.19,"HOLDER_PROFIT_YOY":-24.3292921837,"GROSS_PROFIT_RATIO":64.577314127997,"EPS_TTM":1.062640941693,"OPERATE_INCOME_QOQ":-1.654545167759,"NET_PROFIT_RATIO":24.2483441135,"ROE_AVG":13.41445957495,"GROSS_PROFIT_QOQ":-3.736102551679,"ROA":9.128171642536,"HOLDER_PROFIT_QOQ":-12.833690643673,"ROE_YEARLY":17.885946099933,"ROIC_YEARLY":11.757736853586,"TOTAL_ASSETS":8133854762.98,"TOTAL_LIABILITIES":2336203019.82,"TAX_EBT":0.195409615795,"OCF_SALES":-40.269294255744,"TOTAL_PARENT_EQUITY":5161926253.88,"DEBT_ASSET_RATIO":28.7219662497,"OPERATE_PROFIT":670568398.26,"PRETAX_PROFIT":665228670.92,"NETCASH_OPERATE":-1102588369.69,"NETCASH_INVEST":-378716377.86,"NETCASH_FINANCE":1096739899.23,"END_CASH":727223855.98,"DIVI_RATIO":0.093642536642,"DIVIDEND_RATE":0.710258732212,"CURRENT_RATIO":3.409525890233,"COMMON_ACS":null,"CURRENTDEBT_DEBT":73.039491364987,"ISSUED_COMMON_SHARES":821427300,"HK_COMMON_SHARES":284330000,"PER_SHARES":1000,"TOTAL_MARKET_CAP":12699266058,"HKSK_MARKET_CAP":4395741800,"PE_TTM":22.708993284246,"PB_TTM":2.006486828596,"REPORT_DATE_SQ":"2022-09-30 00:00:00","REPORT_TYPE_SQ":"2022年三季报","OPERATE_INCOME_SQ":2704247948.97,"DPS_HKD":0.109806,"OPERATE_INCOME_QOQ_SQ":9.482508854193,"NET_PROFIT_RATIO_SQ":32.7991060002,"HOLDER_PROFIT_SQ":859172995.67,"HOLDER_PROFIT_QOQ_SQ":15.841590363175,"ROE_AVG_SQ":23.295319058192,"PE_TTM_SQ":11.384589315135,"PB_TTM_SQ":1.951086550965,"ROA_SQ":17.311727524589,"START_DATE":"2023-01-01 00:00:00","FISCAL_YEAR":"12-31","CURRENCY":"HKD","IS_CNY_CODE":0,"DPS_HKD_LY":0.1494,"ORG_TYPE":"一般企业","PREMIUM_INCOME":null,"PREMIUM_INCOME_YOY":null,"NET_INTEREST_INCOME":null,"NET_INTEREST_INCOME_YOY":null,"FEE_COMMISSION_INCOME":null,"FEE_COMMISSION_INCOME_YOY":null,"ACCOUNTS_RECE_TDAYS":2.094289614008,"INVENTORY_TDAYS":0.418722988778,"CURRENT_ASSETS_TDAYS":0.539783433135,"TOTAL_ASSETS_TDAYS":0.384427787185,"PREMIUM_EXPENSE":null,"LOAN_DEPOSIT":null,"LOAN_EQUITY":null,"LOAN_ASSETS":null,"DEPOSIT_EQUITY":null,"DEPOSIT_ASSETS":null,"EQUITY_MULTIPLIER":1.402956769968,"EQUITY_RATIO":0.452583571504},{"SECUCODE":"01385.HK","SECURITY_CODE":"01385","SECURITY_NAME_ABBR":"上海复旦","ORG_CODE":"10010715","STD_REPORT_DATE":"2023-06-30 00:00:00","REPORT_DATE":"2023-06-30 00:00:00","DATE_TYPE_CODE":"002","REPORT_TYPE":"2023年中报","PER_NETCASH_OPERATE":-1.335248279919,"PER_OI":2.199491808931,"BPS":6.003603137794,"BASIC_EPS":0.55,"DILUTED_EPS":0.55,"OPERATE_INCOME":1796229282.46,"OPERATE_INCOME_YOY":5.515719194,"GROSS_PROFIT":1205322039.39,"GROSS_PROFIT_YOY":8.934799200772,"HOLDER_PROFIT":449270770.72,"HOLDER_PROFIT_YOY":-15.316850443,"GROSS_PROFIT_RATIO":67.102905578917,"EPS_TTM":1.219095943766,"OPERATE_INCOME_QOQ":1.688906757723,"NET_PROFIT_RATIO":25.8317471857,"ROE_AVG":9.495560743045,"GROSS_PROFIT_QOQ":2.214953821519,"ROA":6.43918197158,"HOLDER_PROFIT_QOQ":-3.545524524304,"ROE_YEARLY":18.99112148609,"ROIC_YEARLY":16.768103360733,"TOTAL_ASSETS":7843392868.64,"TOTAL_LIABILITIES":2275203690.15,"TAX_EBT":0.544902569093,"OCF_SALES":-60.707126732541,"TOTAL_PARENT_EQUITY":4931523515.75,"DEBT_ASSET_RATIO":29.0079016601,"OPERATE_PROFIT":458676550.83,"PRETAX_PROFIT":466539593.35,"NETCASH_OPERATE":-1090439186.91,"NETCASH_INVEST":-307413339.01,"NETCASH_FINANCE":1014850889.73,"END_CASH":735798694.21,"DIVI_RATIO":0.081624743179,"DIVIDEND_RATE":0.710258732212,"CURRENT_RATIO":3.234470895726,"COMMON_ACS":null,"CURRENTDEBT_DEBT":77.290671213884,"ISSUED_COMMON_SHARES":821427300,"HK_COMMON_SHARES":284330000,"PER_SHARES":1000,"TOTAL_MARKET_CAP":12699266058,"HKSK_MARKET_CAP":4395741800,"PE_TTM":22.708993284246,"PB_TTM":2.006486828596,"REPORT_DATE_SQ":"2022-06-30 00:00:00","REPORT_TYPE_SQ":"2022年中报","OPERATE_INCOME_SQ":1702333354.86,"DPS_HKD":0.109806,"OPERATE_INCOME_QOQ_SQ":10.518372340559,"NET_PROFIT_RATIO_SQ":31.8126469398,"HOLDER_PROFIT_SQ":530531484.8,"HOLDER_PROFIT_QOQ_SQ":28.691574497347,"ROE_AVG_SQ":15.527510609832,"PE_TTM_SQ":11.384589315135,"PB_TTM_SQ":1.951086550965,"ROA_SQ":11.606801092003,"START_DATE":"2023-01-01 00:00:00","FISCAL_YEAR":"12-31","CURRENCY":"HKD","IS_CNY_CODE":0,"DPS_HKD_LY":0.1494,"ORG_TYPE":"一般企业","PREMIUM_INCOME":null,"PREMIUM_INCOME_YOY":null,"NET_INTEREST_INCOME":null,"NET_INTEREST_INCOME_YOY":null,"FEE_COMMISSION_INCOME":null,"FEE_COMMISSION_INCOME_YOY":null,"ACCOUNTS_RECE_TDAYS":1.361701260428,"INVENTORY_TDAYS":0.27284123735,"CURRENT_ASSETS_TDAYS":0.358708390707,"TOTAL_ASSETS_TDAYS":0.257444907754,"PREMIUM_EXPENSE":null,"LOAN_DEPOSIT":null,"LOAN_EQUITY":null,"LOAN_ASSETS":null,"DEPOSIT_EQUITY":null,"DEPOSIT_ASSETS":null,"EQUITY_MULTIPLIER":1.408607469541,"EQUITY_RATIO":0.461359189079},{"SECUCODE":"01385.HK","SECURITY_CODE":"01385","SECURITY_NAME_ABBR":"上海复旦","ORG_CODE":"10010715","STD_REPORT_DATE":"2023-03-31 00:00:00","REPORT_DATE":"2023-03-31 00:00:00","DATE_TYPE_CODE":"003","REPORT_TYPE":"2023年一季报","PER_NETCASH_OPERATE":-0.64284501736,"PER_OI":0.991061622408,"BPS":5.781637605422,"BASIC_EPS":0.23,"DILUTED_EPS":0.23,"OPERATE_INCOME":809356915.84,"OPERATE_INCOME_YOY":4.3259086522,"GROSS_PROFIT":540414641.22,"GROSS_PROFIT_YOY":9.553011905236,"HOLDER_PROFIT":188262836.77,"HOLDER_PROFIT_YOY":-19.175314938,"GROSS_PROFIT_RATIO":66.770868407188,"EPS_TTM":1.263908115983,"OPERATE_INCOME_QOQ":0.948322095062,"NET_PROFIT_RATIO":24.0355622251,"ROE_AVG":4.057202774451,"GROSS_PROFIT_QOQ":2.059046069251,"ROA":2.881914877246,"HOLDER_PROFIT_QOQ":-4.147730749005,"ROE_YEARLY":16.228811097806,"ROIC_YEARLY":15.178398177391,"TOTAL_ASSETS":6954233213.47,"TOTAL_LIABILITIES":1576828570.96,"TAX_EBT":6.614629440264,"OCF_SALES":-64.864283191445,"TOTAL_PARENT_EQUITY":4749194967.8,"DEBT_ASSET_RATIO":22.6743700212,"OPERATE_PROFIT":206915290.9,"PRETAX_PROFIT":208312591.12,"NETCASH_OPERATE":-524983561.92,"NETCASH_INVEST":-294342943.05,"NETCASH_FINANCE":323231185.34,"END_CASH":622264887.86,"DIVI_RATIO":0.078730717891,"DIVIDEND_RATE":0.710258732212,"CURRENT_RATIO":3.26083740066,"COMMON_ACS":null,"CURRENTDEBT_DEBT":95.588907942754,"ISSUED_COMMON_SHARES":821427300,"HK_COMMON_SHARES":284330000,"PER_SHARES":1000,"TOTAL_MARKET_CAP":12699266058,"HKSK_MARKET_CAP":4395741800,"PE_TTM":22.708993284246,"PB_TTM":2.006486828596,"REPORT_DATE_SQ":"2022-03-31 00:00:00","REPORT_TYPE_SQ":"2022年一季报","OPERATE_INCOME_SQ":775796660.96,"DPS_HKD":0.109806,"OPERATE_INCOME_QOQ_SQ":10.623114466253,"NET_PROFIT_RATIO_SQ":30.7014423503,"HOLDER_PROFIT_SQ":232927399.13,"HOLDER_PROFIT_QOQ_SQ":28.483096175378,"ROE_AVG_SQ":7.112117955158,"PE_TTM_SQ":11.384589315135,"PB_TTM_SQ":1.951086550965,"ROA_SQ":5.282574923314,"START_DATE":"2023-01-01 00:00:00","FISCAL_YEAR":"12-31","CURRENCY":"HKD","IS_CNY_CODE":0,"DPS_HKD_LY":0.1494,"ORG_TYPE":"一般企业","PREMIUM_INCOME":null,"PREMIUM_INCOME_YOY":null,"NET_INTEREST_INCOME":null,"NET_INTEREST_INCOME_YOY":null,"FEE_COMMISSION_INCOME":null,"FEE_COMMISSION_INCOME_YOY":null,"ACCOUNTS_RECE_TDAYS":0.685602756184,"INVENTORY_TDAYS":0.142794335324,"CURRENT_ASSETS_TDAYS":0.175146170218,"TOTAL_ASSETS_TDAYS":0.123895813788,"PREMIUM_EXPENSE":null,"LOAN_DEPOSIT":null,"LOAN_EQUITY":null,"LOAN_ASSETS":null,"DEPOSIT_EQUITY":null,"DEPOSIT_ASSETS":null,"EQUITY_MULTIPLIER":1.293232270172,"EQUITY_RATIO":0.33202018061},{"SECUCODE":"01385.HK","SECURITY_CODE":"01385","SECURITY_NAME_ABBR":"上海复旦","ORG_CODE":"10010715","STD_REPORT_DATE":"2022-12-31 00:00:00","REPORT_DATE":"2022-12-31 00:00:00","DATE_TYPE_CODE":"001","REPORT_TYPE":"2022年年报","PER_NETCASH_OPERATE":0.393415677718,"PER_OI":4.333411764849,"BPS":5.516288966303,"BASIC_EPS":1.32,"DILUTED_EPS":1.31,"OPERATE_INCOME":3538908884.94,"OPERATE_INCOME_YOY":37.3127143675,"GROSS_PROFIT":2288637659.63,"GROSS_PROFIT_YOY":50.733001942138,"HOLDER_PROFIT":1076843340.68,"HOLDER_PROFIT_YOY":109.3125117221,"GROSS_PROFIT_RATIO":64.670714450135,"EPS_TTM":1.318600097691,"OPERATE_INCOME_QOQ":2.585422094654,"NET_PROFIT_RATIO":31.570882456,"ROE_AVG":28.073954283222,"GROSS_PROFIT_QOQ":3.493036422596,"ROA":20.958613965269,"HOLDER_PROFIT_QOQ":9.278460970905,"ROE_YEARLY":28.073954283222,"ROIC_YEARLY":28.967527829243,"TOTAL_ASSETS":6110888054.09,"TOTAL_LIABILITIES":957718676.14,"TAX_EBT":0.37858958807,"OCF_SALES":9.078659012026,"TOTAL_PARENT_EQUITY":4531230351.61,"DEBT_ASSET_RATIO":15.6723321989,"OPERATE_PROFIT":1113756847.48,"PRETAX_PROFIT":1121510686.98,"NETCASH_OPERATE":321285470.41,"NETCASH_INVEST":-132514506.43,"NETCASH_FINANCE":504586861.94,"END_CASH":1120286945.68,"DIVI_RATIO":0.075465179696,"DIVIDEND_RATE":0.710258732212,"CURRENT_RATIO":4.787270988849,"COMMON_ACS":null,"CURRENTDEBT_DEBT":94.378062690914,"ISSUED_COMMON_SHARES":821427300,"HK_COMMON_SHARES":284330000,"PER_SHARES":1000,"TOTAL_MARKET_CAP":12699266058,"HKSK_MARKET_CAP":4395741800,"PE_TTM":22.708993284246,"PB_TTM":2.006486828596,"REPORT_DATE_SQ":"2021-12-31 00:00:00","REPORT_TYPE_SQ":"2021年年报","OPERATE_INCOME_SQ":2577262346.93,"DPS_HKD":0.109806,"OPERATE_INCOME_QOQ_SQ":11.873329721666,"NET_PROFIT_RATIO_SQ":21.7022807343,"HOLDER_PROFIT_SQ":514466780.71,"HOLDER_PROFIT_QOQ_SQ":23.914757331321,"ROE_AVG_SQ":20.292554067281,"PE_TTM_SQ":11.384589315135,"PB_TTM_SQ":1.951086550965,"ROA_SQ":15.035952479166,"START_DATE":"2022-01-01 00:00:00","FISCAL_YEAR":"12-31","CURRENCY":"HKD","IS_CNY_CODE":0,"DPS_HKD_LY":0.0763,"ORG_TYPE":"一般企业","PREMIUM_INCOME":null,"PREMIUM_INCOME_YOY":null,"NET_INTEREST_INCOME":null,"NET_INTEREST_INCOME_YOY":null,"FEE_COMMISSION_INCOME":null,"FEE_COMMISSION_INCOME_YOY":null,"ACCOUNTS_RECE_TDAYS":3.748599047228,"INVENTORY_TDAYS":1.042175980388,"CURRENT_ASSETS_TDAYS":0.960516314306,"TOTAL_ASSETS_TDAYS":0.688778231482,"PREMIUM_EXPENSE":null,"LOAN_DEPOSIT":null,"LOAN_EQUITY":null,"LOAN_ASSETS":null,"DEPOSIT_EQUITY":null,"DEPOSIT_ASSETS":null,"EQUITY_MULTIPLIER":1.185850416685,"EQUITY_RATIO":0.211359520886},{"SECUCODE":"01385.HK","SECURITY_CODE":"01385","SECURITY_NAME_ABBR":"上海复旦","ORG_CODE":"10010715","STD_REPORT_DATE":"2022-09-30 00:00:00","REPORT_DATE":"2022-09-30 00:00:00","DATE_TYPE_CODE":"004","REPORT_TYPE":"2022年三季报","PER_NETCASH_OPERATE":0.326955007649,"PER_OI":3.320124381487,"BPS":5.157013522974,"BASIC_EPS":1.05,"DILUTED_EPS":1.05,"OPERATE_INCOME":2704247948.97,"OPERATE_INCOME_YOY":47.6286125633,"GROSS_PROFIT":1758490282.77,"GROSS_PROFIT_YOY":65.048860187717,"HOLDER_PROFIT":859172995.67,"HOLDER_PROFIT_YOY":121.3065629311,"GROSS_PROFIT_RATIO":65.026961874549,"EPS_TTM":1.209834045454,"OPERATE_INCOME_QOQ":9.482508854193,"NET_PROFIT_RATIO":32.7991060002,"ROE_AVG":23.295319058192,"GROSS_PROFIT_QOQ":10.487421697822,"ROA":17.311727524589,"HOLDER_PROFIT_QOQ":15.841590363175,"ROE_YEARLY":31.060425410923,"ROIC_YEARLY":24.040399072469,"TOTAL_ASSETS":5760892915.91,"TOTAL_LIABILITIES":915467463.32,"TAX_EBT":0.232099862508,"OCF_SALES":9.847673462836,"TOTAL_PARENT_EQUITY":4236111694.24,"DEBT_ASSET_RATIO":15.8910689138,"OPERATE_PROFIT":879514076.78,"PRETAX_PROFIT":889032594.72,"NETCASH_OPERATE":266305507.64,"NETCASH_INVEST":-200777339.26,"NETCASH_FINANCE":394337344.77,"END_CASH":875584047.61,"DIVI_RATIO":0.08224962233,"DIVIDEND_RATE":0.710258732212,"CURRENT_RATIO":5.014400910001,"COMMON_ACS":null,"CURRENTDEBT_DEBT":93.432464682911,"ISSUED_COMMON_SHARES":821427300,"HK_COMMON_SHARES":284330000,"PER_SHARES":1000,"TOTAL_MARKET_CAP":12699266058,"HKSK_MARKET_CAP":4395741800,"PE_TTM":22.708993284246,"PB_TTM":2.006486828596,"REPORT_DATE_SQ":"2021-09-30 00:00:00","REPORT_TYPE_SQ":"2021年三季报","OPERATE_INCOME_SQ":1831791210.4,"DPS_HKD":0.109806,"OPERATE_INCOME_QOQ_SQ":11.265787134306,"NET_PROFIT_RATIO_SQ":22.7457721734,"HOLDER_PROFIT_SQ":388227526.69,"HOLDER_PROFIT_QOQ_SQ":55.597682551609,"ROE_AVG_SQ":15.750087016462,"PE_TTM_SQ":11.384589315135,"PB_TTM_SQ":1.951086550965,"ROA_SQ":11.586268681497,"START_DATE":"2022-01-01 00:00:00","FISCAL_YEAR":"12-31","CURRENCY":"HKD","IS_CNY_CODE":0,"DPS_HKD_LY":0.0763,"ORG_TYPE":"一般企业","PREMIUM_INCOME":null,"PREMIUM_INCOME_YOY":null,"NET_INTEREST_INCOME":null,"NET_INTEREST_INCOME_YOY":null,"FEE_COMMISSION_INCOME":null,"FEE_COMMISSION_INCOME_YOY":null,"ACCOUNTS_RECE_TDAYS":2.579134810766,"INVENTORY_TDAYS":0.894644819415,"CURRENT_ASSETS_TDAYS":0.737787143094,"TOTAL_ASSETS_TDAYS":0.544886814267,"PREMIUM_EXPENSE":null,"LOAN_DEPOSIT":null,"LOAN_EQUITY":null,"LOAN_ASSETS":null,"DEPOSIT_EQUITY":null,"DEPOSIT_ASSETS":null,"EQUITY_MULTIPLIER":1.18893438198,"EQUITY_RATIO":0.216110322248}],"count":82},"success":true,"message":"ok","code":0}