{"version":"375d326fa5faa4d26917deaddaa02639","result":{"pages":4,"data":[{"SECUCODE":"01389.HK","SECURITY_CODE":"01389","SECURITY_NAME_ABBR":"美捷汇控股","ORG_CODE":"10372716","STD_REPORT_DATE":"2024-06-30 00:00:00","REPORT_DATE":"2024-09-30 00:00:00","DATE_TYPE_CODE":"002","REPORT_TYPE":"2024年中报","PER_NETCASH_OPERATE":-0.014413456559,"PER_OI":0.058950386606,"BPS":0.187913406387,"BASIC_EPS":-0.012174165,"DILUTED_EPS":null,"OPERATE_INCOME":32678164.23,"OPERATE_INCOME_YOY":22.7582235171,"GROSS_PROFIT":-1961393.25,"GROSS_PROFIT_YOY":-157.691105422475,"HOLDER_PROFIT":-6725549.82,"HOLDER_PROFIT_YOY":-58.310337508,"GROSS_PROFIT_RATIO":-6.002152496068,"EPS_TTM":-0.025647787765,"OPERATE_INCOME_QOQ":0,"NET_PROFIT_RATIO":-20.5811739382,"ROE_AVG":-6.254612546125,"GROSS_PROFIT_QOQ":0,"ROA":-5.694412100435,"HOLDER_PROFIT_QOQ":0,"ROE_YEARLY":-12.509225092251,"ROIC_YEARLY":-13.690620970074,"TOTAL_ASSETS":113620129.26,"TOTAL_LIABILITIES":9453464.57,"TAX_EBT":null,"OCF_SALES":-24.450147639153,"TOTAL_PARENT_EQUITY":104166664.69,"DEBT_ASSET_RATIO":8.3202374716,"OPERATE_PROFIT":-6725549.82,"PRETAX_PROFIT":-6725549.82,"NETCASH_OPERATE":-7989859.4,"NETCASH_INVEST":null,"NETCASH_FINANCE":null,"END_CASH":15862486.1,"DIVI_RATIO":null,"DIVIDEND_RATE":null,"CURRENT_RATIO":13.673753424658,"COMMON_ACS":800000000,"CURRENTDEBT_DEBT":87.045693026805,"ISSUED_COMMON_SHARES":554333332,"HK_COMMON_SHARES":554333332,"PER_SHARES":12000,"TOTAL_MARKET_CAP":182929999.56,"HKSK_MARKET_CAP":182929999.56,"PE_TTM":-9.925664653283,"PB_TTM":1.583658695362,"REPORT_DATE_SQ":"2023-06-30 00:00:00","REPORT_TYPE_SQ":"2023年中报","OPERATE_INCOME_SQ":27087519.97,"DPS_HKD":null,"OPERATE_INCOME_QOQ_SQ":0,"NET_PROFIT_RATIO_SQ":-15.9592127105,"HOLDER_PROFIT_SQ":-4322954.93,"HOLDER_PROFIT_QOQ_SQ":0,"ROE_AVG_SQ":-4.38405881395,"PE_TTM_SQ":-5.062263046445,"PB_TTM_SQ":0.859701367395,"ROA_SQ":-3.66587684179,"START_DATE":"2024-04-01 00:00:00","FISCAL_YEAR":"3-31","CURRENCY":"HKD","IS_CNY_CODE":0,"DPS_HKD_LY":null,"ORG_TYPE":"一般企业","PREMIUM_INCOME":null,"PREMIUM_INCOME_YOY":null,"NET_INTEREST_INCOME":null,"NET_INTEREST_INCOME_YOY":null,"FEE_COMMISSION_INCOME":null,"FEE_COMMISSION_INCOME_YOY":null,"ACCOUNTS_RECE_TDAYS":1.676862563628,"INVENTORY_TDAYS":0.726282651238,"CURRENT_ASSETS_TDAYS":0.282470417661,"TOTAL_ASSETS_TDAYS":0.276680626553,"PREMIUM_EXPENSE":null,"LOAN_DEPOSIT":null,"LOAN_EQUITY":null,"LOAN_ASSETS":null,"DEPOSIT_EQUITY":null,"DEPOSIT_ASSETS":null,"EQUITY_MULTIPLIER":1.090753261594,"EQUITY_RATIO":0.090753261594},{"SECUCODE":"01389.HK","SECURITY_CODE":"01389","SECURITY_NAME_ABBR":"美捷汇控股","ORG_CODE":"10372716","STD_REPORT_DATE":"2023-12-31 00:00:00","REPORT_DATE":"2024-03-31 00:00:00","DATE_TYPE_CODE":"001","REPORT_TYPE":"2023年年报","PER_NETCASH_OPERATE":0.002104744172,"PER_OI":0.103093215131,"BPS":0.201102009413,"BASIC_EPS":-0.03589938,"DILUTED_EPS":-0.03589938,"OPERATE_INCOME":57148005.45,"OPERATE_INCOME_YOY":-15.3191032065,"GROSS_PROFIT":4955202.3,"GROSS_PROFIT_YOY":-28.066640942141,"HOLDER_PROFIT":-14217423.65,"HOLDER_PROFIT_YOY":5.4899361215,"GROSS_PROFIT_RATIO":8.670822823966,"EPS_TTM":-0.004727529714,"OPERATE_INCOME_QOQ":0,"NET_PROFIT_RATIO":-24.8782499722,"ROE_AVG":-13.474409533383,"GROSS_PROFIT_QOQ":0,"ROA":-11.690252656452,"HOLDER_PROFIT_QOQ":0,"ROE_YEARLY":-13.474409533383,"ROIC_YEARLY":-13.294846689216,"TOTAL_ASSETS":123242752.85,"TOTAL_LIABILITIES":11765205.9,"TAX_EBT":null,"OCF_SALES":2.041593299386,"TOTAL_PARENT_EQUITY":111477546.95,"DEBT_ASSET_RATIO":9.5463673343,"OPERATE_PROFIT":-13720634.25,"PRETAX_PROFIT":-14217423.65,"NETCASH_OPERATE":1166729.85,"NETCASH_INVEST":-97907.4,"NETCASH_FINANCE":17530863.9,"END_CASH":23978247.5,"DIVI_RATIO":null,"DIVIDEND_RATE":null,"CURRENT_RATIO":11.246608072361,"COMMON_ACS":800000000,"CURRENTDEBT_DEBT":90.298967483434,"ISSUED_COMMON_SHARES":554333332,"HK_COMMON_SHARES":554333332,"PER_SHARES":12000,"TOTAL_MARKET_CAP":191244999.54,"HKSK_MARKET_CAP":191244999.54,"PE_TTM":-10.376831228432,"PB_TTM":1.655643181515,"REPORT_DATE_SQ":"2022-12-31 00:00:00","REPORT_TYPE_SQ":"2022年年报","OPERATE_INCOME_SQ":65168146.63,"DPS_HKD":null,"OPERATE_INCOME_QOQ_SQ":0,"NET_PROFIT_RATIO_SQ":-22.2908802708,"HOLDER_PROFIT_SQ":-14526553.54,"HOLDER_PROFIT_QOQ_SQ":0,"ROE_AVG_SQ":-14.049614765896,"PE_TTM_SQ":-5.745513273573,"PB_TTM_SQ":0.975734680786,"ROA_SQ":-10.856040037945,"START_DATE":"2023-04-01 00:00:00","FISCAL_YEAR":"3-31","CURRENCY":"HKD","IS_CNY_CODE":0,"DPS_HKD_LY":null,"ORG_TYPE":"一般企业","PREMIUM_INCOME":null,"PREMIUM_INCOME_YOY":null,"NET_INTEREST_INCOME":null,"NET_INTEREST_INCOME_YOY":null,"FEE_COMMISSION_INCOME":null,"FEE_COMMISSION_INCOME_YOY":null,"ACCOUNTS_RECE_TDAYS":5.13514173998,"INVENTORY_TDAYS":0.852649116961,"CURRENT_ASSETS_TDAYS":0.495616897156,"TOTAL_ASSETS_TDAYS":0.469898512536,"PREMIUM_EXPENSE":null,"LOAN_DEPOSIT":null,"LOAN_EQUITY":null,"LOAN_ASSETS":null,"DEPOSIT_EQUITY":null,"DEPOSIT_ASSETS":null,"EQUITY_MULTIPLIER":1.10553879433,"EQUITY_RATIO":0.10553879433},{"SECUCODE":"01389.HK","SECURITY_CODE":"01389","SECURITY_NAME_ABBR":"美捷汇控股","ORG_CODE":"10372716","STD_REPORT_DATE":"2023-06-30 00:00:00","REPORT_DATE":"2023-09-30 00:00:00","DATE_TYPE_CODE":"002","REPORT_TYPE":"2023年中报","PER_NETCASH_OPERATE":0.001083167583,"PER_OI":0.008144173172,"BPS":0.173983310569,"BASIC_EPS":-0.011195086,"DILUTED_EPS":null,"OPERATE_INCOME":27087519.97,"OPERATE_INCOME_YOY":-28.3832306274,"GROSS_PROFIT":3399819.15,"GROSS_PROFIT_YOY":-24.729029352936,"HOLDER_PROFIT":-4322954.93,"HOLDER_PROFIT_YOY":-36.3136574074,"GROSS_PROFIT_RATIO":12.551238185575,"EPS_TTM":-0.004367574726,"OPERATE_INCOME_QOQ":0,"NET_PROFIT_RATIO":-15.9592127105,"ROE_AVG":-4.38405881395,"GROSS_PROFIT_QOQ":0,"ROA":-3.66587684179,"HOLDER_PROFIT_QOQ":0,"ROE_YEARLY":-8.768117627899,"ROIC_YEARLY":-7.702715407475,"TOTAL_ASSETS":114389002.91,"TOTAL_LIABILITIES":17944254.65,"TAX_EBT":null,"OCF_SALES":13.299908533487,"TOTAL_PARENT_EQUITY":96444748.26,"DEBT_ASSET_RATIO":15.6870452522,"OPERATE_PROFIT":-4211921.7,"PRETAX_PROFIT":-4322954.93,"NETCASH_OPERATE":3602615.38,"NETCASH_INVEST":null,"NETCASH_FINANCE":-3132788.82,"END_CASH":5914125.35,"DIVI_RATIO":null,"DIVIDEND_RATE":null,"CURRENT_RATIO":7.877786057855,"COMMON_ACS":800000000,"CURRENTDEBT_DEBT":75.484530810534,"ISSUED_COMMON_SHARES":554333332,"HK_COMMON_SHARES":554333332,"PER_SHARES":12000,"TOTAL_MARKET_CAP":191244999.54,"HKSK_MARKET_CAP":191244999.54,"PE_TTM":-10.376831228432,"PB_TTM":1.655643181515,"REPORT_DATE_SQ":"2022-06-30 00:00:00","REPORT_TYPE_SQ":"2022年中报","OPERATE_INCOME_SQ":37279207.92,"DPS_HKD":null,"OPERATE_INCOME_QOQ_SQ":0,"NET_PROFIT_RATIO_SQ":-8.3846863021,"HOLDER_PROFIT_SQ":-3125744.64,"HOLDER_PROFIT_QOQ_SQ":0,"ROE_AVG_SQ":-2.771918286159,"PE_TTM_SQ":-5.745513273573,"PB_TTM_SQ":0.975734680786,"ROA_SQ":-2.188491422709,"START_DATE":"2023-04-01 00:00:00","FISCAL_YEAR":"3-31","CURRENCY":"HKD","IS_CNY_CODE":0,"DPS_HKD_LY":null,"ORG_TYPE":"一般企业","PREMIUM_INCOME":null,"PREMIUM_INCOME_YOY":null,"NET_INTEREST_INCOME":null,"NET_INTEREST_INCOME_YOY":null,"FEE_COMMISSION_INCOME":null,"FEE_COMMISSION_INCOME_YOY":null,"ACCOUNTS_RECE_TDAYS":2.765504965336,"INVENTORY_TDAYS":0.347508851285,"CURRENT_ASSETS_TDAYS":0.247154321789,"TOTAL_ASSETS_TDAYS":0.229702862434,"PREMIUM_EXPENSE":null,"LOAN_DEPOSIT":null,"LOAN_EQUITY":null,"LOAN_ASSETS":null,"DEPOSIT_EQUITY":null,"DEPOSIT_ASSETS":null,"EQUITY_MULTIPLIER":1.186057353809,"EQUITY_RATIO":0.186057353809},{"SECUCODE":"01389.HK","SECURITY_CODE":"01389","SECURITY_NAME_ABBR":"美捷汇控股","ORG_CODE":"10372716","STD_REPORT_DATE":"2022-12-31 00:00:00","REPORT_DATE":"2023-03-31 00:00:00","DATE_TYPE_CODE":"001","REPORT_TYPE":"2022年年报","PER_NETCASH_OPERATE":0.005309311642,"PER_OI":0.019593549799,"BPS":0.173418037092,"BASIC_EPS":-0.037555089,"DILUTED_EPS":-0.037555089,"OPERATE_INCOME":65168146.63,"OPERATE_INCOME_YOY":-30.9363664196,"GROSS_PROFIT":6888601.29,"GROSS_PROFIT_YOY":-38.632649852097,"HOLDER_PROFIT":-14526553.54,"HOLDER_PROFIT_YOY":-90.4291943998,"GROSS_PROFIT_RATIO":10.570503606786,"EPS_TTM":-0.002517583506,"OPERATE_INCOME_QOQ":0,"NET_PROFIT_RATIO":-22.2908802708,"ROE_AVG":-14.049614765896,"GROSS_PROFIT_QOQ":0,"ROA":-10.856040037945,"HOLDER_PROFIT_QOQ":0,"ROE_YEARLY":-14.049614765896,"ROIC_YEARLY":-11.342563320882,"TOTAL_ASSETS":115871018.42,"TOTAL_LIABILITIES":19739620.09,"TAX_EBT":0.222476098852,"OCF_SALES":27.097242185296,"TOTAL_PARENT_EQUITY":96131398.33,"DEBT_ASSET_RATIO":17.0358562125,"OPERATE_PROFIT":-13895382.93,"PRETAX_PROFIT":-14558943.71,"NETCASH_OPERATE":17658770.52,"NETCASH_INVEST":3259151.43,"NETCASH_FINANCE":-22009558.22,"END_CASH":5193807.53,"DIVI_RATIO":null,"DIVIDEND_RATE":null,"CURRENT_RATIO":6.904364967615,"COMMON_ACS":800000000,"CURRENTDEBT_DEBT":78.739633686638,"ISSUED_COMMON_SHARES":554333332,"HK_COMMON_SHARES":554333332,"PER_SHARES":12000,"TOTAL_MARKET_CAP":191244999.54,"HKSK_MARKET_CAP":191244999.54,"PE_TTM":-10.376831228432,"PB_TTM":1.655643181515,"REPORT_DATE_SQ":"2021-12-31 00:00:00","REPORT_TYPE_SQ":"2021年年报","OPERATE_INCOME_SQ":87417956.89,"DPS_HKD":null,"OPERATE_INCOME_QOQ_SQ":0,"NET_PROFIT_RATIO_SQ":-8.0843128705,"HOLDER_PROFIT_SQ":-7067141.14,"HOLDER_PROFIT_QOQ_SQ":0,"ROE_AVG_SQ":-6.663913615368,"PE_TTM_SQ":-5.745513273573,"PB_TTM_SQ":0.975734680786,"ROA_SQ":-5.008045977011,"START_DATE":"2022-04-01 00:00:00","FISCAL_YEAR":"3-31","CURRENCY":"HKD","IS_CNY_CODE":0,"DPS_HKD_LY":null,"ORG_TYPE":"一般企业","PREMIUM_INCOME":null,"PREMIUM_INCOME_YOY":null,"NET_INTEREST_INCOME":null,"NET_INTEREST_INCOME_YOY":null,"FEE_COMMISSION_INCOME":null,"FEE_COMMISSION_INCOME_YOY":null,"ACCOUNTS_RECE_TDAYS":6.304454607046,"INVENTORY_TDAYS":0.9034087825,"CURRENT_ASSETS_TDAYS":0.511532026153,"TOTAL_ASSETS_TDAYS":0.487017107716,"PREMIUM_EXPENSE":null,"LOAN_DEPOSIT":null,"LOAN_EQUITY":null,"LOAN_ASSETS":null,"DEPOSIT_EQUITY":null,"DEPOSIT_ASSETS":null,"EQUITY_MULTIPLIER":1.205339987069,"EQUITY_RATIO":0.205339987069},{"SECUCODE":"01389.HK","SECURITY_CODE":"01389","SECURITY_NAME_ABBR":"美捷汇控股","ORG_CODE":"10372716","STD_REPORT_DATE":"2022-06-30 00:00:00","REPORT_DATE":"2022-09-30 00:00:00","DATE_TYPE_CODE":"002","REPORT_TYPE":"2022年中报","PER_NETCASH_OPERATE":0.002517258292,"PER_OI":0.011208420902,"BPS":0.200604574938,"BASIC_EPS":-0.00090444,"DILUTED_EPS":-0.00090444,"OPERATE_INCOME":37279207.92,"OPERATE_INCOME_YOY":-23.0634262889,"GROSS_PROFIT":4516773.36,"GROSS_PROFIT_YOY":-34.620687117993,"HOLDER_PROFIT":-3125744.64,"HOLDER_PROFIT_YOY":-58.2417582418,"GROSS_PROFIT_RATIO":12.116065796497,"EPS_TTM":-0.002124816939,"OPERATE_INCOME_QOQ":0,"NET_PROFIT_RATIO":-8.3846863021,"ROE_AVG":-2.771918286159,"GROSS_PROFIT_QOQ":0,"ROA":-2.188491422709,"HOLDER_PROFIT_QOQ":0,"ROE_YEARLY":-5.543836572318,"ROIC_YEARLY":-4.512618291381,"TOTAL_ASSETS":128870037.84,"TOTAL_LIABILITIES":17668235.4,"TAX_EBT":0.546762589928,"OCF_SALES":22.458634577127,"TOTAL_PARENT_EQUITY":111201802.44,"DEBT_ASSET_RATIO":13.7101188889,"OPERATE_PROFIT":-2900539.08,"PRETAX_PROFIT":-3142929,"NETCASH_OPERATE":8372401.08,"NETCASH_INVEST":903535.56,"NETCASH_FINANCE":-13677846.12,"END_CASH":2091969.72,"DIVI_RATIO":null,"DIVIDEND_RATE":null,"CURRENT_RATIO":7.101608936257,"COMMON_ACS":800000000,"CURRENTDEBT_DEBT":99.902738674175,"ISSUED_COMMON_SHARES":554333332,"HK_COMMON_SHARES":554333332,"PER_SHARES":12000,"TOTAL_MARKET_CAP":191244999.54,"HKSK_MARKET_CAP":191244999.54,"PE_TTM":-10.376831228432,"PB_TTM":1.655643181515,"REPORT_DATE_SQ":"2021-06-30 00:00:00","REPORT_TYPE_SQ":"2021年中报","OPERATE_INCOME_SQ":44630356.44,"DPS_HKD":null,"OPERATE_INCOME_QOQ_SQ":0,"NET_PROFIT_RATIO_SQ":-4.076604323,"HOLDER_PROFIT_SQ":-1819403.04,"HOLDER_PROFIT_QOQ_SQ":0,"ROE_AVG_SQ":-1.629498093696,"PE_TTM_SQ":-5.745513273573,"PB_TTM_SQ":0.975734680786,"ROA_SQ":-1.271378840624,"START_DATE":"2022-04-01 00:00:00","FISCAL_YEAR":"3-31","CURRENCY":"HKD","IS_CNY_CODE":0,"DPS_HKD_LY":null,"ORG_TYPE":"一般企业","PREMIUM_INCOME":null,"PREMIUM_INCOME_YOY":null,"NET_INTEREST_INCOME":null,"NET_INTEREST_INCOME_YOY":null,"FEE_COMMISSION_INCOME":null,"FEE_COMMISSION_INCOME_YOY":null,"ACCOUNTS_RECE_TDAYS":3.275168851808,"INVENTORY_TDAYS":0.463269899734,"CURRENT_ASSETS_TDAYS":0.268462583084,"TOTAL_ASSETS_TDAYS":0.261010530848,"PREMIUM_EXPENSE":null,"LOAN_DEPOSIT":null,"LOAN_EQUITY":null,"LOAN_ASSETS":null,"DEPOSIT_EQUITY":null,"DEPOSIT_ASSETS":null,"EQUITY_MULTIPLIER":1.158884433637,"EQUITY_RATIO":0.158884433636},{"SECUCODE":"01389.HK","SECURITY_CODE":"01389","SECURITY_NAME_ABBR":"美捷汇控股","ORG_CODE":"10372716","STD_REPORT_DATE":"2021-12-31 00:00:00","REPORT_DATE":"2022-03-31 00:00:00","DATE_TYPE_CODE":"001","REPORT_TYPE":"2021年年报","PER_NETCASH_OPERATE":-0.000849292793,"PER_OI":0.026283210129,"BPS":0.184938078142,"BASIC_EPS":-0.002108626,"DILUTED_EPS":-0.002108626,"OPERATE_INCOME":87417956.89,"OPERATE_INCOME_YOY":-5.9326101565,"GROSS_PROFIT":11225189.41,"GROSS_PROFIT_YOY":-23.480908886622,"HOLDER_PROFIT":-7067141.14,"HOLDER_PROFIT_YOY":-73.0685203575,"GROSS_PROFIT_RATIO":12.840827913795,"EPS_TTM":-0.000396648136,"OPERATE_INCOME_QOQ":0,"NET_PROFIT_RATIO":-8.0843128705,"ROE_AVG":-6.663913615368,"GROSS_PROFIT_QOQ":0,"ROA":-5.008045977011,"HOLDER_PROFIT_QOQ":0,"ROE_YEARLY":-6.663913615368,"ROIC_YEARLY":-5.219182922958,"TOTAL_ASSETS":140586961.48,"TOTAL_LIABILITIES":38069620.41,"TAX_EBT":-83.028775467339,"OCF_SALES":-3.231313028231,"TOTAL_PARENT_EQUITY":102517341.07,"DEBT_ASSET_RATIO":27.0790548492,"OPERATE_PROFIT":-3393265.84,"PRETAX_PROFIT":-3861218.61,"NETCASH_OPERATE":-2824747.83,"NETCASH_INVEST":13787.17,"NETCASH_FINANCE":3039665.48,"END_CASH":5823051.8,"DIVI_RATIO":null,"DIVIDEND_RATE":null,"CURRENT_RATIO":3.591847177213,"COMMON_ACS":800000000,"CURRENTDEBT_DEBT":99.921177648538,"ISSUED_COMMON_SHARES":554333332,"HK_COMMON_SHARES":554333332,"PER_SHARES":12000,"TOTAL_MARKET_CAP":191244999.54,"HKSK_MARKET_CAP":191244999.54,"PE_TTM":-10.376831228432,"PB_TTM":1.655643181515,"REPORT_DATE_SQ":"2020-12-31 00:00:00","REPORT_TYPE_SQ":"2020年年报","OPERATE_INCOME_SQ":96846640.66,"DPS_HKD":null,"OPERATE_INCOME_QOQ_SQ":0,"NET_PROFIT_RATIO_SQ":-4.3940412089,"HOLDER_PROFIT_SQ":-4255481.3,"HOLDER_PROFIT_QOQ_SQ":0,"ROE_AVG_SQ":-3.658133443768,"PE_TTM_SQ":-5.745513273573,"PB_TTM_SQ":0.975734680786,"ROA_SQ":-2.70804480241,"START_DATE":"2021-04-01 00:00:00","FISCAL_YEAR":"3-31","CURRENCY":"HKD","IS_CNY_CODE":0,"DPS_HKD_LY":null,"ORG_TYPE":"一般企业","PREMIUM_INCOME":null,"PREMIUM_INCOME_YOY":null,"NET_INTEREST_INCOME":null,"NET_INTEREST_INCOME_YOY":null,"FEE_COMMISSION_INCOME":null,"FEE_COMMISSION_INCOME_YOY":null,"ACCOUNTS_RECE_TDAYS":5.18228803577,"INVENTORY_TDAYS":1.179399303267,"CURRENT_ASSETS_TDAYS":0.651251733274,"TOTAL_ASSETS_TDAYS":0.619477011494,"PREMIUM_EXPENSE":null,"LOAN_DEPOSIT":null,"LOAN_EQUITY":null,"LOAN_ASSETS":null,"DEPOSIT_EQUITY":null,"DEPOSIT_ASSETS":null,"EQUITY_MULTIPLIER":1.371348105722,"EQUITY_RATIO":0.371348105722},{"SECUCODE":"01389.HK","SECURITY_CODE":"01389","SECURITY_NAME_ABBR":"美捷汇控股","ORG_CODE":"10372716","STD_REPORT_DATE":"2021-06-30 00:00:00","REPORT_DATE":"2021-09-30 00:00:00","DATE_TYPE_CODE":"002","REPORT_TYPE":"2021年中报","PER_NETCASH_OPERATE":0.003014394799,"PER_OI":0.013418627913,"BPS":0.199779610619,"BASIC_EPS":-0.000583142,"DILUTED_EPS":-0.000583142,"OPERATE_INCOME":44630356.44,"OPERATE_INCOME_YOY":41.047310639,"GROSS_PROFIT":6908566.58,"GROSS_PROFIT_YOY":32.895192580197,"HOLDER_PROFIT":-1819403.04,"HOLDER_PROFIT_YOY":59.645232816,"GROSS_PROFIT_RATIO":15.479523649532,"EPS_TTM":-0.0012794592,"OPERATE_INCOME_QOQ":0,"NET_PROFIT_RATIO":-4.076604323,"ROE_AVG":-1.629498093696,"GROSS_PROFIT_QOQ":0,"ROA":-1.271378840624,"HOLDER_PROFIT_QOQ":0,"ROE_YEARLY":-3.258996187392,"ROIC_YEARLY":-2.660040923707,"TOTAL_ASSETS":140713830.72,"TOTAL_LIABILITIES":29969333.5,"TAX_EBT":-8.49478390462,"OCF_SALES":22.464255049091,"TOTAL_PARENT_EQUITY":110744497.22,"DEBT_ASSET_RATIO":21.298072369,"OPERATE_PROFIT":-1421200.36,"PRETAX_PROFIT":-1676949.78,"NETCASH_OPERATE":10025877.1,"NETCASH_INVEST":-16661.2,"NETCASH_FINANCE":-8882918.78,"END_CASH":6872745,"DIVI_RATIO":null,"DIVIDEND_RATE":null,"CURRENT_RATIO":4.507672991071,"COMMON_ACS":800000000,"CURRENTDEBT_DEBT":99.624739402363,"ISSUED_COMMON_SHARES":554333332,"HK_COMMON_SHARES":554333332,"PER_SHARES":12000,"TOTAL_MARKET_CAP":191244999.54,"HKSK_MARKET_CAP":191244999.54,"PE_TTM":-10.376831228432,"PB_TTM":1.655643181515,"REPORT_DATE_SQ":"2020-06-30 00:00:00","REPORT_TYPE_SQ":"2020年中报","OPERATE_INCOME_SQ":33376421.76,"DPS_HKD":null,"OPERATE_INCOME_QOQ_SQ":0,"NET_PROFIT_RATIO_SQ":-14.248479583,"HOLDER_PROFIT_SQ":-4755632.64,"HOLDER_PROFIT_QOQ_SQ":0,"ROE_AVG_SQ":-3.937431793379,"PE_TTM_SQ":-5.745513273573,"PB_TTM_SQ":0.975734680786,"ROA_SQ":-2.775477131289,"START_DATE":"2021-04-01 00:00:00","FISCAL_YEAR":"3-31","CURRENCY":"HKD","IS_CNY_CODE":0,"DPS_HKD_LY":null,"ORG_TYPE":"一般企业","PREMIUM_INCOME":null,"PREMIUM_INCOME_YOY":null,"NET_INTEREST_INCOME":null,"NET_INTEREST_INCOME_YOY":null,"FEE_COMMISSION_INCOME":null,"FEE_COMMISSION_INCOME_YOY":null,"ACCOUNTS_RECE_TDAYS":1.917706226621,"INVENTORY_TDAYS":0.536514274543,"CURRENT_ASSETS_TDAYS":0.33059758596,"TOTAL_ASSETS_TDAYS":0.311872023844,"PREMIUM_EXPENSE":null,"LOAN_DEPOSIT":null,"LOAN_EQUITY":null,"LOAN_ASSETS":null,"DEPOSIT_EQUITY":null,"DEPOSIT_ASSETS":null,"EQUITY_MULTIPLIER":1.270616908761,"EQUITY_RATIO":0.270616908761},{"SECUCODE":"01389.HK","SECURITY_CODE":"01389","SECURITY_NAME_ABBR":"美捷汇控股","ORG_CODE":"10372716","STD_REPORT_DATE":"2020-12-31 00:00:00","REPORT_DATE":"2021-03-31 00:00:00","DATE_TYPE_CODE":"001","REPORT_TYPE":"2020年年报","PER_NETCASH_OPERATE":0.005113770992,"PER_OI":0.029118051912,"BPS":0.206016056022,"BASIC_EPS":-0.00126777,"DILUTED_EPS":-0.00126777,"OPERATE_INCOME":96846640.66,"OPERATE_INCOME_YOY":-26.1710243161,"GROSS_PROFIT":14669789.26,"GROSS_PROFIT_YOY":136.247314198239,"HOLDER_PROFIT":-4255481.3,"HOLDER_PROFIT_YOY":84.4406674907,"GROSS_PROFIT_RATIO":15.147442554566,"EPS_TTM":-0.00713625113,"OPERATE_INCOME_QOQ":0,"NET_PROFIT_RATIO":-4.3940412089,"ROE_AVG":-3.658133443768,"GROSS_PROFIT_QOQ":0,"ROA":-2.70804480241,"HOLDER_PROFIT_QOQ":0,"ROE_YEARLY":-3.658133443768,"ROIC_YEARLY":-2.803139962142,"TOTAL_ASSETS":147612377.36,"TOTAL_LIABILITIES":33410810.58,"TAX_EBT":9.734671925421,"OCF_SALES":17.562201645911,"TOTAL_PARENT_EQUITY":114201566.78,"DEBT_ASSET_RATIO":22.6341524861,"OPERATE_PROFIT":-3654558.32,"PRETAX_PROFIT":-4714414.04,"NETCASH_OPERATE":17008402.32,"NETCASH_INVEST":6355753.6,"NETCASH_FINANCE":-22365998.34,"END_CASH":5830051.64,"DIVI_RATIO":null,"DIVIDEND_RATE":null,"CURRENT_RATIO":4.263915849116,"COMMON_ACS":800000000,"CURRENTDEBT_DEBT":96.435708684324,"ISSUED_COMMON_SHARES":554333332,"HK_COMMON_SHARES":554333332,"PER_SHARES":12000,"TOTAL_MARKET_CAP":191244999.54,"HKSK_MARKET_CAP":191244999.54,"PE_TTM":-10.376831228432,"PB_TTM":1.655643181515,"REPORT_DATE_SQ":"2019-12-31 00:00:00","REPORT_TYPE_SQ":"2019年年报","OPERATE_INCOME_SQ":141811722.2,"DPS_HKD":null,"OPERATE_INCOME_QOQ_SQ":0,"NET_PROFIT_RATIO_SQ":-20.8497094185,"HOLDER_PROFIT_SQ":-29567332,"HOLDER_PROFIT_QOQ_SQ":0,"ROE_AVG_SQ":-23.215855080262,"PE_TTM_SQ":-5.745513273573,"PB_TTM_SQ":0.975734680786,"ROA_SQ":-17.328813704543,"START_DATE":"2020-04-01 00:00:00","FISCAL_YEAR":"3-31","CURRENCY":"HKD","IS_CNY_CODE":0,"DPS_HKD_LY":null,"ORG_TYPE":"一般企业","PREMIUM_INCOME":null,"PREMIUM_INCOME_YOY":null,"NET_INTEREST_INCOME":null,"NET_INTEREST_INCOME_YOY":null,"FEE_COMMISSION_INCOME":null,"FEE_COMMISSION_INCOME_YOY":null,"ACCOUNTS_RECE_TDAYS":3.577434008211,"INVENTORY_TDAYS":1.175332878012,"CURRENT_ASSETS_TDAYS":0.68240667953,"TOTAL_ASSETS_TDAYS":0.616299363999,"PREMIUM_EXPENSE":null,"LOAN_DEPOSIT":null,"LOAN_EQUITY":null,"LOAN_ASSETS":null,"DEPOSIT_EQUITY":null,"DEPOSIT_ASSETS":null,"EQUITY_MULTIPLIER":1.292560001776,"EQUITY_RATIO":0.292560001776},{"SECUCODE":"01389.HK","SECURITY_CODE":"01389","SECURITY_NAME_ABBR":"美捷汇控股","ORG_CODE":"10372716","STD_REPORT_DATE":"2020-06-30 00:00:00","REPORT_DATE":"2020-09-30 00:00:00","DATE_TYPE_CODE":"002","REPORT_TYPE":"2020年中报","PER_NETCASH_OPERATE":0.003827425328,"PER_OI":0.010035003536,"BPS":0.213593953033,"BASIC_EPS":-0.001405952,"DILUTED_EPS":-0.001405952,"OPERATE_INCOME":33376421.76,"OPERATE_INCOME_YOY":-44.4213576038,"GROSS_PROFIT":5198507.52,"GROSS_PROFIT_YOY":-40.406905052985,"HOLDER_PROFIT":-4755632.64,"HOLDER_PROFIT_YOY":53.893337877,"GROSS_PROFIT_RATIO":15.575388989811,"EPS_TTM":-0.008889757066,"OPERATE_INCOME_QOQ":0,"NET_PROFIT_RATIO":-14.248479583,"ROE_AVG":-3.937431793379,"GROSS_PROFIT_QOQ":0,"ROA":-2.775477131289,"HOLDER_PROFIT_QOQ":0,"ROE_YEARLY":-7.874863586759,"ROIC_YEARLY":-5.839589329693,"TOTAL_ASSETS":169403156.48,"TOTAL_LIABILITIES":51000908.8,"TAX_EBT":-2.636070548075,"OCF_SALES":38.140747176368,"TOTAL_PARENT_EQUITY":118402247.68,"DEBT_ASSET_RATIO":30.1062328824,"OPERATE_PROFIT":-4022780.16,"PRETAX_PROFIT":-4633490.56,"NETCASH_OPERATE":12730016.64,"NETCASH_INVEST":-312824.32,"NETCASH_FINANCE":-5526270.08,"END_CASH":11914564.48,"DIVI_RATIO":null,"DIVIDEND_RATE":null,"CURRENT_RATIO":3.134538261927,"COMMON_ACS":800000000,"CURRENTDEBT_DEBT":94.946588559614,"ISSUED_COMMON_SHARES":554333332,"HK_COMMON_SHARES":554333332,"PER_SHARES":12000,"TOTAL_MARKET_CAP":191244999.54,"HKSK_MARKET_CAP":191244999.54,"PE_TTM":-10.376831228432,"PB_TTM":1.655643181515,"REPORT_DATE_SQ":"2019-06-30 00:00:00","REPORT_TYPE_SQ":"2019年中报","OPERATE_INCOME_SQ":61644265.41,"DPS_HKD":null,"OPERATE_INCOME_QOQ_SQ":0,"NET_PROFIT_RATIO_SQ":-17.1756339533,"HOLDER_PROFIT_SQ":-10587793.38,"HOLDER_PROFIT_QOQ_SQ":0,"ROE_AVG_SQ":-8.842184557439,"PE_TTM_SQ":-5.745513273573,"PB_TTM_SQ":0.975734680786,"ROA_SQ":-6.662995907293,"START_DATE":"2020-04-01 00:00:00","FISCAL_YEAR":"3-31","CURRENCY":"HKD","IS_CNY_CODE":0,"DPS_HKD_LY":null,"ORG_TYPE":"一般企业","PREMIUM_INCOME":null,"PREMIUM_INCOME_YOY":null,"NET_INTEREST_INCOME":null,"NET_INTEREST_INCOME_YOY":null,"FEE_COMMISSION_INCOME":null,"FEE_COMMISSION_INCOME_YOY":null,"ACCOUNTS_RECE_TDAYS":1.182534246575,"INVENTORY_TDAYS":0.383640801091,"CURRENT_ASSETS_TDAYS":0.219543491957,"TOTAL_ASSETS_TDAYS":0.194791108422,"PREMIUM_EXPENSE":null,"LOAN_DEPOSIT":null,"LOAN_EQUITY":null,"LOAN_ASSETS":null,"DEPOSIT_EQUITY":null,"DEPOSIT_ASSETS":null,"EQUITY_MULTIPLIER":1.430742741792,"EQUITY_RATIO":0.430742741792}],"count":32},"success":true,"message":"ok","code":0}