{"version":"ffbbec3db5cbfefddef33642809bc03d","result":{"pages":3,"data":[{"SECUCODE":"01381.HK","SECURITY_CODE":"01381","SECURITY_NAME_ABBR":"粤丰环保","ORG_CODE":"10429025","STD_REPORT_DATE":"2024-06-30 00:00:00","REPORT_DATE":"2024-06-30 00:00:00","DATE_TYPE_CODE":"002","REPORT_TYPE":"2024年中报","PER_NETCASH_OPERATE":0.22936333197,"PER_OI":0.797039963608,"BPS":3.585977987994,"BASIC_EPS":0.16702044,"DILUTED_EPS":0.16702044,"OPERATE_INCOME":1944411804.56,"OPERATE_INCOME_YOY":-28.5331435102,"GROSS_PROFIT":943572392.64,"GROSS_PROFIT_YOY":-9.687885668185,"HOLDER_PROFIT":406174543.8,"HOLDER_PROFIT_YOY":-27.0758400776,"GROSS_PROFIT_RATIO":48.527394784744,"EPS_TTM":0.307796547499,"OPERATE_INCOME_QOQ":-17.81538782445,"NET_PROFIT_RATIO":21.2245627903,"ROE_AVG":4.713446075745,"GROSS_PROFIT_QOQ":-5.371132450885,"ROA":1.64189230657,"HOLDER_PROFIT_QOQ":-17.24587493349,"ROE_YEARLY":9.42689215149,"ROIC_YEARLY":3.590779723897,"TOTAL_ASSETS":24765439461.4,"TOTAL_LIABILITIES":15662528860.4,"TAX_EBT":16.361870763084,"OCF_SALES":28.776892306855,"TOTAL_PARENT_EQUITY":8748140932.84,"DEBT_ASSET_RATIO":63.2434925486,"OPERATE_PROFIT":726192095.6,"PRETAX_PROFIT":493426751.8,"NETCASH_OPERATE":559541291,"NETCASH_INVEST":-221923618.08,"NETCASH_FINANCE":-253029577.84,"END_CASH":1805456274.56,"DIVI_RATIO":0.094214961914,"DIVIDEND_RATE":0.682302771855,"CURRENT_RATIO":1.077120999765,"COMMON_ACS":5000000000,"CURRENTDEBT_DEBT":28.920665018358,"ISSUED_COMMON_SHARES":2439541169,"HK_COMMON_SHARES":2439541169,"PER_SHARES":1000,"TOTAL_MARKET_CAP":11441448082.61,"HKSK_MARKET_CAP":11441448082.61,"PE_TTM":13.685484317044,"PB_TTM":1.193668565265,"REPORT_DATE_SQ":"2023-06-30 00:00:00","REPORT_TYPE_SQ":"2023年中报","OPERATE_INCOME_SQ":2748441741.58,"DPS_HKD":0.032,"OPERATE_INCOME_QOQ_SQ":-10.42157889648,"NET_PROFIT_RATIO_SQ":21.49216661,"HOLDER_PROFIT_SQ":562657656.58,"HOLDER_PROFIT_QOQ_SQ":-8.337383568902,"ROE_AVG_SQ":6.905676514051,"PE_TTM_SQ":8.534723534361,"PB_TTM_SQ":1.112165202154,"ROA_SQ":2.330270636395,"START_DATE":"2024-01-01 00:00:00","FISCAL_YEAR":"12-31","CURRENCY":"HKD","IS_CNY_CODE":0,"DPS_HKD_LY":0.032,"ORG_TYPE":"一般企业","PREMIUM_INCOME":null,"PREMIUM_INCOME_YOY":null,"NET_INTEREST_INCOME":null,"NET_INTEREST_INCOME_YOY":null,"FEE_COMMISSION_INCOME":null,"FEE_COMMISSION_INCOME_YOY":null,"ACCOUNTS_RECE_TDAYS":1.049244934319,"INVENTORY_TDAYS":35.317037037037,"CURRENT_ASSETS_TDAYS":0.41344099199,"TOTAL_ASSETS_TDAYS":0.078599578222,"PREMIUM_EXPENSE":null,"LOAN_DEPOSIT":null,"LOAN_EQUITY":null,"LOAN_ASSETS":null,"DEPOSIT_EQUITY":null,"DEPOSIT_ASSETS":null,"EQUITY_MULTIPLIER":2.720606688005,"EQUITY_RATIO":1.790383691877},{"SECUCODE":"01381.HK","SECURITY_CODE":"01381","SECURITY_NAME_ABBR":"粤丰环保","ORG_CODE":"10429025","STD_REPORT_DATE":"2023-12-31 00:00:00","REPORT_DATE":"2023-12-31 00:00:00","DATE_TYPE_CODE":"001","REPORT_TYPE":"2023年年报","PER_NETCASH_OPERATE":0.400629404775,"PER_OI":1.84998747,"BPS":3.454136220425,"BASIC_EPS":0.37336264,"DILUTED_EPS":0.37336264,"OPERATE_INCOME":4513120595.2,"OPERATE_INCOME_YOY":-39.6098655878,"GROSS_PROFIT":1884483583.78,"GROSS_PROFIT_YOY":-16.582499177716,"HOLDER_PROFIT":907365462.08,"HOLDER_PROFIT_YOY":-24.8754318899,"GROSS_PROFIT_RATIO":41.755666484611,"EPS_TTM":0.371941032851,"OPERATE_INCOME_QOQ":-31.606711372293,"NET_PROFIT_RATIO":20.4918516674,"ROE_AVG":11.124193312834,"GROSS_PROFIT_QOQ":-15.765441512782,"ROA":3.785830875792,"HOLDER_PROFIT_QOQ":-16.854139438642,"ROE_YEARLY":11.124193312834,"ROIC_YEARLY":4.129410726378,"TOTAL_ASSETS":24536047870.32,"TOTAL_LIABILITIES":15774099399.38,"TAX_EBT":10.501520249975,"OCF_SALES":21.655790175416,"TOTAL_PARENT_EQUITY":8426507513.06,"DEBT_ASSET_RATIO":64.289487381,"OPERATE_PROFIT":1490440097.16,"PRETAX_PROFIT":1033338198.06,"NETCASH_OPERATE":977351926.46,"NETCASH_INVEST":-533530681.46,"NETCASH_FINANCE":-340232143.02,"END_CASH":1719686570.56,"DIVI_RATIO":0.077966767414,"DIVIDEND_RATE":0.700218818381,"CURRENT_RATIO":1.030132224903,"COMMON_ACS":5000000000,"CURRENTDEBT_DEBT":27.661987240498,"ISSUED_COMMON_SHARES":2439541169,"HK_COMMON_SHARES":2439541169,"PER_SHARES":1000,"TOTAL_MARKET_CAP":11148703142.33,"HKSK_MARKET_CAP":11148703142.33,"PE_TTM":13.335322671406,"PB_TTM":1.163126938861,"REPORT_DATE_SQ":"2022-12-31 00:00:00","REPORT_TYPE_SQ":"2022年年报","OPERATE_INCOME_SQ":7366480579.15,"DPS_HKD":0.032,"OPERATE_INCOME_QOQ_SQ":7.874910590519,"NET_PROFIT_RATIO_SQ":16.4850433116,"HOLDER_PROFIT_SQ":1190554722.35,"HOLDER_PROFIT_QOQ_SQ":-3.218333164971,"ROE_AVG_SQ":15.508043603875,"PE_TTM_SQ":7.78350092498,"PB_TTM_SQ":1.014272910522,"ROA_SQ":5.303656789591,"START_DATE":"2023-01-01 00:00:00","FISCAL_YEAR":"12-31","CURRENCY":"HKD","IS_CNY_CODE":0,"DPS_HKD_LY":0.096,"ORG_TYPE":"一般企业","PREMIUM_INCOME":null,"PREMIUM_INCOME_YOY":null,"NET_INTEREST_INCOME":null,"NET_INTEREST_INCOME_YOY":null,"FEE_COMMISSION_INCOME":null,"FEE_COMMISSION_INCOME_YOY":null,"ACCOUNTS_RECE_TDAYS":3.16712099826,"INVENTORY_TDAYS":93.277840306139,"CURRENT_ASSETS_TDAYS":1.055247308226,"TOTAL_ASSETS_TDAYS":0.188302420684,"PREMIUM_EXPENSE":null,"LOAN_DEPOSIT":null,"LOAN_EQUITY":null,"LOAN_ASSETS":null,"DEPOSIT_EQUITY":null,"DEPOSIT_ASSETS":null,"EQUITY_MULTIPLIER":2.800295841925,"EQUITY_RATIO":1.871961708327},{"SECUCODE":"01381.HK","SECURITY_CODE":"01381","SECURITY_NAME_ABBR":"粤丰环保","ORG_CODE":"10429025","STD_REPORT_DATE":"2023-06-30 00:00:00","REPORT_DATE":"2023-06-30 00:00:00","DATE_TYPE_CODE":"002","REPORT_TYPE":"2023年中报","PER_NETCASH_OPERATE":0.145471211648,"PER_OI":1.126622406092,"BPS":3.390591786812,"BASIC_EPS":0.23141698,"DILUTED_EPS":0.23141698,"OPERATE_INCOME":2748441741.58,"OPERATE_INCOME_YOY":-27.4961893812,"GROSS_PROFIT":1044790501.94,"GROSS_PROFIT_YOY":-2.054253120486,"HOLDER_PROFIT":562657656.58,"HOLDER_PROFIT_YOY":-21.153821308,"GROSS_PROFIT_RATIO":38.013922075692,"EPS_TTM":0.447335598357,"OPERATE_INCOME_QOQ":-10.42157889648,"NET_PROFIT_RATIO":21.49216661,"ROE_AVG":6.905676514051,"GROSS_PROFIT_QOQ":-0.969979162481,"ROA":2.330270636395,"HOLDER_PROFIT_QOQ":-8.337383568902,"ROE_YEARLY":13.811353028101,"ROIC_YEARLY":5.078822442821,"TOTAL_ASSETS":24485494913.76,"TOTAL_LIABILITIES":15897207880.7,"TAX_EBT":9.66469316767,"OCF_SALES":12.912153252191,"TOTAL_PARENT_EQUITY":8271488251.2,"DEBT_ASSET_RATIO":64.9250012576,"OPERATE_PROFIT":872098116.06,"PRETAX_PROFIT":653896797.38,"NETCASH_OPERATE":354883009.72,"NETCASH_INVEST":-344223076.96,"NETCASH_FINANCE":25373811.58,"END_CASH":1674725039.12,"DIVI_RATIO":0.064826139718,"DIVIDEND_RATE":0.700218818381,"CURRENT_RATIO":1.18720229716,"COMMON_ACS":5000000000,"CURRENTDEBT_DEBT":23.194908616604,"ISSUED_COMMON_SHARES":2439541169,"HK_COMMON_SHARES":2439541169,"PER_SHARES":1000,"TOTAL_MARKET_CAP":11148703142.33,"HKSK_MARKET_CAP":11148703142.33,"PE_TTM":13.335322671406,"PB_TTM":1.163126938861,"REPORT_DATE_SQ":"2022-06-30 00:00:00","REPORT_TYPE_SQ":"2022年中报","OPERATE_INCOME_SQ":3516145327.03,"DPS_HKD":0.032,"OPERATE_INCOME_QOQ_SQ":22.923997608235,"NET_PROFIT_RATIO_SQ":19.0452621489,"HOLDER_PROFIT_SQ":661918770.38,"HOLDER_PROFIT_QOQ_SQ":13.811348490168,"ROE_AVG_SQ":8.758200183198,"PE_TTM_SQ":7.78350092498,"PB_TTM_SQ":1.014272910522,"ROA_SQ":3.028439457592,"START_DATE":"2023-01-01 00:00:00","FISCAL_YEAR":"12-31","CURRENCY":"HKD","IS_CNY_CODE":0,"DPS_HKD_LY":0.096,"ORG_TYPE":"一般企业","PREMIUM_INCOME":null,"PREMIUM_INCOME_YOY":null,"NET_INTEREST_INCOME":null,"NET_INTEREST_INCOME_YOY":null,"FEE_COMMISSION_INCOME":null,"FEE_COMMISSION_INCOME_YOY":null,"ACCOUNTS_RECE_TDAYS":2.007215420639,"INVENTORY_TDAYS":57.526789327854,"CURRENT_ASSETS_TDAYS":0.646162163017,"TOTAL_ASSETS_TDAYS":0.113827884707,"PREMIUM_EXPENSE":null,"LOAN_DEPOSIT":null,"LOAN_EQUITY":null,"LOAN_ASSETS":null,"DEPOSIT_EQUITY":null,"DEPOSIT_ASSETS":null,"EQUITY_MULTIPLIER":2.851033601866,"EQUITY_RATIO":1.921928363786},{"SECUCODE":"01381.HK","SECURITY_CODE":"01381","SECURITY_NAME_ABBR":"粤丰环保","ORG_CODE":"10429025","STD_REPORT_DATE":"2022-12-31 00:00:00","REPORT_DATE":"2022-12-31 00:00:00","DATE_TYPE_CODE":"001","REPORT_TYPE":"2022年年报","PER_NETCASH_OPERATE":-0.090873630204,"PER_OI":3.019617243094,"BPS":3.186730062181,"BASIC_EPS":0.49040523,"DILUTED_EPS":0.49040523,"OPERATE_INCOME":7366480579.15,"OPERATE_INCOME_YOY":21.3710917143,"GROSS_PROFIT":2259098588.67,"GROSS_PROFIT_YOY":30.934599546426,"HOLDER_PROFIT":1190554722.35,"HOLDER_PROFIT_YOY":0.8177035465,"GROSS_PROFIT_RATIO":30.667271357019,"EPS_TTM":0.488024033978,"OPERATE_INCOME_QOQ":7.874910590519,"NET_PROFIT_RATIO":16.4850433116,"ROE_AVG":15.508043603875,"GROSS_PROFIT_QOQ":13.762633685274,"ROA":5.303656789591,"HOLDER_PROFIT_QOQ":-3.218333164971,"ROE_YEARLY":15.508043603875,"ROIC_YEARLY":5.792011213375,"TOTAL_ASSETS":23064393081.87,"TOTAL_LIABILITIES":15021473969.25,"TAX_EBT":17.451861801123,"OCF_SALES":-3.009442021574,"TOTAL_PARENT_EQUITY":7774159181.18,"DEBT_ASSET_RATIO":65.128416412,"OPERATE_PROFIT":1837208954.21,"PRETAX_PROFIT":1471102244.71,"NETCASH_OPERATE":-221689962.06,"NETCASH_INVEST":-266533902.6,"NETCASH_FINANCE":723002912.03,"END_CASH":1616714187.41,"DIVI_RATIO":0.059421335797,"DIVIDEND_RATE":0.700218818381,"CURRENT_RATIO":1.167554300789,"COMMON_ACS":5000000000,"CURRENTDEBT_DEBT":22.811472814283,"ISSUED_COMMON_SHARES":2439541169,"HK_COMMON_SHARES":2439541169,"PER_SHARES":1000,"TOTAL_MARKET_CAP":11148703142.33,"HKSK_MARKET_CAP":11148703142.33,"PE_TTM":13.335322671406,"PB_TTM":1.163126938861,"REPORT_DATE_SQ":"2021-12-31 00:00:00","REPORT_TYPE_SQ":"2021年年报","OPERATE_INCOME_SQ":5555241249.6,"DPS_HKD":0.032,"OPERATE_INCOME_QOQ_SQ":20.54175334733,"NET_PROFIT_RATIO_SQ":19.4150153115,"HOLDER_PROFIT_SQ":1080863112,"HOLDER_PROFIT_QOQ_SQ":9.514497631129,"ROE_AVG_SQ":16.926805246766,"PE_TTM_SQ":7.78350092498,"PB_TTM_SQ":1.014272910522,"ROA_SQ":6.083521497932,"START_DATE":"2022-01-01 00:00:00","FISCAL_YEAR":"12-31","CURRENCY":"HKD","IS_CNY_CODE":0,"DPS_HKD_LY":0.12,"ORG_TYPE":"一般企业","PREMIUM_INCOME":null,"PREMIUM_INCOME_YOY":null,"NET_INTEREST_INCOME":null,"NET_INTEREST_INCOME_YOY":null,"FEE_COMMISSION_INCOME":null,"FEE_COMMISSION_INCOME_YOY":null,"ACCOUNTS_RECE_TDAYS":6.934790652304,"INVENTORY_TDAYS":216.208130081301,"CURRENT_ASSETS_TDAYS":1.942551518286,"TOTAL_ASSETS_TDAYS":0.328160344128,"PREMIUM_EXPENSE":null,"LOAN_DEPOSIT":null,"LOAN_EQUITY":null,"LOAN_ASSETS":null,"DEPOSIT_EQUITY":null,"DEPOSIT_ASSETS":null,"EQUITY_MULTIPLIER":2.86766443364,"EQUITY_RATIO":1.932231334498},{"SECUCODE":"01381.HK","SECURITY_CODE":"01381","SECURITY_NAME_ABBR":"粤丰环保","ORG_CODE":"10429025","STD_REPORT_DATE":"2022-06-30 00:00:00","REPORT_DATE":"2022-06-30 00:00:00","DATE_TYPE_CODE":"002","REPORT_TYPE":"2022年中报","PER_NETCASH_OPERATE":-0.278500482322,"PER_OI":1.441314199453,"BPS":3.221370470014,"BASIC_EPS":0.27280561,"DILUTED_EPS":0.27280561,"OPERATE_INCOME":3516145327.03,"OPERATE_INCOME_YOY":52.5476319804,"GROSS_PROFIT":1066703287.51,"GROSS_PROFIT_YOY":32.301458954336,"HOLDER_PROFIT":661918770.38,"HOLDER_PROFIT_YOY":25.6311161825,"GROSS_PROFIT_RATIO":30.337292355633,"EPS_TTM":0.504252561396,"OPERATE_INCOME_QOQ":22.923997608235,"NET_PROFIT_RATIO":19.0452621489,"ROE_AVG":8.758200183198,"GROSS_PROFIT_QOQ":15.09455724158,"ROA":3.028439457592,"HOLDER_PROFIT_QOQ":13.811348490168,"ROE_YEARLY":17.516400366395,"ROIC_YEARLY":6.610271122046,"TOTAL_ASSETS":22812960355.43,"TOTAL_LIABILITIES":14679607445.23,"TAX_EBT":14.649716935271,"OCF_SALES":-19.322676653524,"TOTAL_PARENT_EQUITY":7858665882.2,"DEBT_ASSET_RATIO":64.3476656099,"OPERATE_PROFIT":926957544.8,"PRETAX_PROFIT":784600907.02,"NETCASH_OPERATE":-679413392.21,"NETCASH_INVEST":-153692181.23,"NETCASH_FINANCE":945614369.84,"END_CASH":1565964064.7,"DIVI_RATIO":0.05750895924,"DIVIDEND_RATE":0.700218818381,"CURRENT_RATIO":1.18792791236,"COMMON_ACS":5000000000,"CURRENTDEBT_DEBT":22.452431260081,"ISSUED_COMMON_SHARES":2439541169,"HK_COMMON_SHARES":2439541169,"PER_SHARES":1000,"TOTAL_MARKET_CAP":11148703142.33,"HKSK_MARKET_CAP":11148703142.33,"PE_TTM":13.335322671406,"PB_TTM":1.163126938861,"REPORT_DATE_SQ":"2021-06-30 00:00:00","REPORT_TYPE_SQ":"2021年中报","OPERATE_INCOME_SQ":2242661955.84,"DPS_HKD":0.032,"OPERATE_INCOME_QOQ_SQ":9.779384547865,"NET_PROFIT_RATIO_SQ":22.991205262,"HOLDER_PROFIT_SQ":512636999.28,"HOLDER_PROFIT_QOQ_SQ":11.280390090679,"ROE_AVG_SQ":8.291504542461,"PE_TTM_SQ":7.78350092498,"PB_TTM_SQ":1.014272910522,"ROA_SQ":3.003015049707,"START_DATE":"2022-01-01 00:00:00","FISCAL_YEAR":"12-31","CURRENCY":"HKD","IS_CNY_CODE":0,"DPS_HKD_LY":0.12,"ORG_TYPE":"一般企业","PREMIUM_INCOME":null,"PREMIUM_INCOME_YOY":null,"NET_INTEREST_INCOME":null,"NET_INTEREST_INCOME_YOY":null,"FEE_COMMISSION_INCOME":null,"FEE_COMMISSION_INCOME_YOY":null,"ACCOUNTS_RECE_TDAYS":3.280078181873,"INVENTORY_TDAYS":112.697540822349,"CURRENT_ASSETS_TDAYS":0.957278387624,"TOTAL_ASSETS_TDAYS":0.160872205526,"PREMIUM_EXPENSE":null,"LOAN_DEPOSIT":null,"LOAN_EQUITY":null,"LOAN_ASSETS":null,"DEPOSIT_EQUITY":null,"DEPOSIT_ASSETS":null,"EQUITY_MULTIPLIER":2.80486542356,"EQUITY_RATIO":1.867951591946},{"SECUCODE":"01381.HK","SECURITY_CODE":"01381","SECURITY_NAME_ABBR":"粤丰环保","ORG_CODE":"10429025","STD_REPORT_DATE":"2021-12-31 00:00:00","REPORT_DATE":"2021-12-31 00:00:00","DATE_TYPE_CODE":"001","REPORT_TYPE":"2021年年报","PER_NETCASH_OPERATE":-0.787549503002,"PER_OI":2.27716642793,"BPS":2.843882864598,"BASIC_EPS":0.4447744,"DILUTED_EPS":0.4447744,"OPERATE_INCOME":5555241249.6,"OPERATE_INCOME_YOY":36.2209111399,"GROSS_PROFIT":1725364110.4,"GROSS_PROFIT_YOY":32.675598041671,"HOLDER_PROFIT":1080863112,"HOLDER_PROFIT_YOY":25.451465662,"GROSS_PROFIT_RATIO":31.058311113387,"EPS_TTM":0.443060000682,"OPERATE_INCOME_QOQ":20.54175334733,"NET_PROFIT_RATIO":19.4150153115,"ROE_AVG":16.926805246766,"GROSS_PROFIT_QOQ":16.019367962799,"ROA":6.083521497932,"HOLDER_PROFIT_QOQ":9.514497631129,"ROE_YEARLY":16.926805246766,"ROIC_YEARLY":6.727251340806,"TOTAL_ASSETS":19981874192,"TOTAL_LIABILITIES":12716733736,"TAX_EBT":14.750001615603,"OCF_SALES":-34.584626461332,"TOTAL_PARENT_EQUITY":6937769328,"DEBT_ASSET_RATIO":63.6413462211,"OPERATE_PROFIT":1522796352,"PRETAX_PROFIT":1265162416,"NETCASH_OPERATE":-1921259435.2,"NETCASH_INVEST":-347422768,"NETCASH_FINANCE":2178978401.6,"END_CASH":1393196940.8,"DIVI_RATIO":0.065451722014,"DIVIDEND_RATE":0.700218818381,"CURRENT_RATIO":1.261526550822,"COMMON_ACS":5000000000,"CURRENTDEBT_DEBT":20.445706449287,"ISSUED_COMMON_SHARES":2439541169,"HK_COMMON_SHARES":2439541169,"PER_SHARES":1000,"TOTAL_MARKET_CAP":11148703142.33,"HKSK_MARKET_CAP":11148703142.33,"PE_TTM":13.335322671406,"PB_TTM":1.163126938861,"REPORT_DATE_SQ":"2020-12-31 00:00:00","REPORT_TYPE_SQ":"2020年年报","OPERATE_INCOME_SQ":4198021205.84,"DPS_HKD":0.032,"OPERATE_INCOME_QOQ_SQ":16.302453959514,"NET_PROFIT_RATIO_SQ":21.1949262877,"HOLDER_PROFIT_SQ":886911815.6,"HOLDER_PROFIT_QOQ_SQ":3.172396865908,"ROE_AVG_SQ":16.264860752996,"PE_TTM_SQ":7.78350092498,"PB_TTM_SQ":1.014272910522,"ROA_SQ":6.487136627178,"START_DATE":"2021-01-01 00:00:00","FISCAL_YEAR":"12-31","CURRENCY":"HKD","IS_CNY_CODE":0,"DPS_HKD_LY":0.099,"ORG_TYPE":"一般企业","PREMIUM_INCOME":null,"PREMIUM_INCOME_YOY":null,"NET_INTEREST_INCOME":null,"NET_INTEREST_INCOME_YOY":null,"FEE_COMMISSION_INCOME":null,"FEE_COMMISSION_INCOME_YOY":null,"ACCOUNTS_RECE_TDAYS":7.716495433693,"INVENTORY_TDAYS":248.675054414185,"CURRENT_ASSETS_TDAYS":1.841148070981,"TOTAL_ASSETS_TDAYS":0.312670764623,"PREMIUM_EXPENSE":null,"LOAN_DEPOSIT":null,"LOAN_EQUITY":null,"LOAN_ASSETS":null,"DEPOSIT_EQUITY":null,"DEPOSIT_ASSETS":null,"EQUITY_MULTIPLIER":2.750376859608,"EQUITY_RATIO":1.832971540964},{"SECUCODE":"01381.HK","SECURITY_CODE":"01381","SECURITY_NAME_ABBR":"粤丰环保","ORG_CODE":"10429025","STD_REPORT_DATE":"2021-06-30 00:00:00","REPORT_DATE":"2021-06-30 00:00:00","DATE_TYPE_CODE":"002","REPORT_TYPE":"2021年中报","PER_NETCASH_OPERATE":-0.537052444783,"PER_OI":0.919296621979,"BPS":2.635246515768,"BASIC_EPS":0.21134832,"DILUTED_EPS":0.21134832,"OPERATE_INCOME":2242661955.84,"OPERATE_INCOME_YOY":34.3768727521,"GROSS_PROFIT":806267214.24,"GROSS_PROFIT_YOY":30.133179877534,"HOLDER_PROFIT":512636999.28,"HOLDER_PROFIT_YOY":36.3974690494,"GROSS_PROFIT_RATIO":35.951348447341,"EPS_TTM":0.404567441083,"OPERATE_INCOME_QOQ":9.779384547865,"NET_PROFIT_RATIO":22.991205262,"ROE_AVG":8.291504542461,"GROSS_PROFIT_QOQ":14.356422010688,"ROA":3.003015049707,"HOLDER_PROFIT_QOQ":11.280390090679,"ROE_YEARLY":16.583009084922,"ROIC_YEARLY":6.711520453388,"TOTAL_ASSETS":18313798724.88,"TOTAL_LIABILITIES":11608908901.92,"TAX_EBT":16.474140371214,"OCF_SALES":-58.419930188242,"TOTAL_PARENT_EQUITY":6428792365.68,"DEBT_ASSET_RATIO":63.3888636449,"OPERATE_PROFIT":732613156.8,"PRETAX_PROFIT":617311831.2,"NETCASH_OPERATE":-1310161548.96,"NETCASH_INVEST":-90841501.92,"NETCASH_FINANCE":1521172044.48,"END_CASH":1603294180.08,"DIVI_RATIO":0.071679124554,"DIVIDEND_RATE":0.700218818381,"CURRENT_RATIO":1.499926171962,"COMMON_ACS":5000000000,"CURRENTDEBT_DEBT":18.640329468708,"ISSUED_COMMON_SHARES":2439541169,"HK_COMMON_SHARES":2439541169,"PER_SHARES":1000,"TOTAL_MARKET_CAP":11148703142.33,"HKSK_MARKET_CAP":11148703142.33,"PE_TTM":13.335322671406,"PB_TTM":1.163126938861,"REPORT_DATE_SQ":"2020-06-30 00:00:00","REPORT_TYPE_SQ":"2020年中报","OPERATE_INCOME_SQ":1832121318.72,"DPS_HKD":0.032,"OPERATE_INCOME_QOQ_SQ":1.95621769276,"NET_PROFIT_RATIO_SQ":22.5556378749,"HOLDER_PROFIT_SQ":412589886.72,"HOLDER_PROFIT_QOQ_SQ":7.509779816649,"ROE_AVG_SQ":7.599721442703,"PE_TTM_SQ":7.78350092498,"PB_TTM_SQ":1.014272910522,"ROA_SQ":3.180042573009,"START_DATE":"2021-01-01 00:00:00","FISCAL_YEAR":"12-31","CURRENCY":"HKD","IS_CNY_CODE":0,"DPS_HKD_LY":0.099,"ORG_TYPE":"一般企业","PREMIUM_INCOME":null,"PREMIUM_INCOME_YOY":null,"NET_INTEREST_INCOME":null,"NET_INTEREST_INCOME_YOY":null,"FEE_COMMISSION_INCOME":null,"FEE_COMMISSION_INCOME_YOY":null,"ACCOUNTS_RECE_TDAYS":3.296453550272,"INVENTORY_TDAYS":96.353538736325,"CURRENT_ASSETS_TDAYS":0.741489712467,"TOTAL_ASSETS_TDAYS":0.131374590875,"PREMIUM_EXPENSE":null,"LOAN_DEPOSIT":null,"LOAN_EQUITY":null,"LOAN_ASSETS":null,"DEPOSIT_EQUITY":null,"DEPOSIT_ASSETS":null,"EQUITY_MULTIPLIER":2.731409345781,"EQUITY_RATIO":1.805768213},{"SECUCODE":"01381.HK","SECURITY_CODE":"01381","SECURITY_NAME_ABBR":"粤丰环保","ORG_CODE":"10429025","STD_REPORT_DATE":"2020-12-31 00:00:00","REPORT_DATE":"2020-12-31 00:00:00","DATE_TYPE_CODE":"001","REPORT_TYPE":"2020年年报","PER_NETCASH_OPERATE":-0.609120762266,"PER_OI":1.720824087409,"BPS":2.461434088567,"BASIC_EPS":0.36527176,"DILUTED_EPS":0.36527176,"OPERATE_INCOME":4198021205.84,"OPERATE_INCOME_YOY":26.2052984958,"GROSS_PROFIT":1300438163.36,"GROSS_PROFIT_YOY":14.714224153308,"HOLDER_PROFIT":886911815.6,"HOLDER_PROFIT_YOY":18.0555711152,"GROSS_PROFIT_RATIO":30.977408154845,"EPS_TTM":0.363556814236,"OPERATE_INCOME_QOQ":16.302453959514,"NET_PROFIT_RATIO":21.1949262877,"ROE_AVG":16.264860752996,"GROSS_PROFIT_QOQ":7.533053852292,"ROA":6.487136627178,"HOLDER_PROFIT_QOQ":3.172396865908,"ROE_YEARLY":16.264860752996,"ROIC_YEARLY":7.21417661455,"TOTAL_ASSETS":16009537209.4,"TOTAL_LIABILITIES":9765055718.96,"TAX_EBT":15.890251402448,"OCF_SALES":-35.397038356376,"TOTAL_PARENT_EQUITY":6004769793.84,"DEBT_ASSET_RATIO":60.9952404697,"OPERATE_PROFIT":1245085183.84,"PRETAX_PROFIT":1057864890.76,"NETCASH_OPERATE":-1485975176.44,"NETCASH_INVEST":-160592486.76,"NETCASH_FINANCE":2225685839.32,"END_CASH":1489364460.72,"DIVI_RATIO":0.079764809418,"DIVIDEND_RATE":0.700218818381,"CURRENT_RATIO":1.460568533121,"COMMON_ACS":5000000000,"CURRENTDEBT_DEBT":19.880974769561,"ISSUED_COMMON_SHARES":2439541169,"HK_COMMON_SHARES":2439541169,"PER_SHARES":1000,"TOTAL_MARKET_CAP":11148703142.33,"HKSK_MARKET_CAP":11148703142.33,"PE_TTM":13.335322671406,"PB_TTM":1.163126938861,"REPORT_DATE_SQ":"2019-12-31 00:00:00","REPORT_TYPE_SQ":"2019年年报","OPERATE_INCOME_SQ":3540316048.48,"DPS_HKD":0.032,"OPERATE_INCOME_QOQ_SQ":-0.88443873957,"NET_PROFIT_RATIO_SQ":22.5709070557,"HOLDER_PROFIT_SQ":799592935.16,"HOLDER_PROFIT_QOQ_SQ":7.26715607372,"ROE_AVG_SQ":16.059098039223,"PE_TTM_SQ":7.78350092498,"PB_TTM_SQ":1.014272910522,"ROA_SQ":7.321068726664,"START_DATE":"2020-01-01 00:00:00","FISCAL_YEAR":"12-31","CURRENCY":"HKD","IS_CNY_CODE":0,"DPS_HKD_LY":0.078,"ORG_TYPE":"一般企业","PREMIUM_INCOME":null,"PREMIUM_INCOME_YOY":null,"NET_INTEREST_INCOME":null,"NET_INTEREST_INCOME_YOY":null,"FEE_COMMISSION_INCOME":null,"FEE_COMMISSION_INCOME_YOY":null,"ACCOUNTS_RECE_TDAYS":8.56331833122,"INVENTORY_TDAYS":313.379027853632,"CURRENT_ASSETS_TDAYS":1.80188565758,"TOTAL_ASSETS_TDAYS":0.307055748351,"PREMIUM_EXPENSE":null,"LOAN_DEPOSIT":null,"LOAN_EQUITY":null,"LOAN_ASSETS":null,"DEPOSIT_EQUITY":null,"DEPOSIT_ASSETS":null,"EQUITY_MULTIPLIER":2.563789681162,"EQUITY_RATIO":1.626216500252},{"SECUCODE":"01381.HK","SECURITY_CODE":"01381","SECURITY_NAME_ABBR":"粤丰环保","ORG_CODE":"10429025","STD_REPORT_DATE":"2020-06-30 00:00:00","REPORT_DATE":"2020-06-30 00:00:00","DATE_TYPE_CODE":"002","REPORT_TYPE":"2020年中报","PER_NETCASH_OPERATE":-0.249371838693,"PER_OI":0.751010617079,"BPS":2.270435781607,"BASIC_EPS":0.16989984,"DILUTED_EPS":0.16989984,"OPERATE_INCOME":1832121318.72,"OPERATE_INCOME_YOY":0.085228265,"GROSS_PROFIT":619570823.52,"GROSS_PROFIT_YOY":13.919834352449,"HOLDER_PROFIT":412589886.72,"HOLDER_PROFIT_YOY":12.7047615721,"GROSS_PROFIT_RATIO":33.817128657881,"EPS_TTM":0.352377986051,"OPERATE_INCOME_QOQ":1.95621769276,"NET_PROFIT_RATIO":22.5556378749,"ROE_AVG":7.599721442703,"GROSS_PROFIT_QOQ":6.678105051196,"ROA":3.180042573009,"HOLDER_PROFIT_QOQ":7.509779816649,"ROE_YEARLY":15.199442885407,"ROIC_YEARLY":7.007087476434,"TOTAL_ASSETS":13647618436.32,"TOTAL_LIABILITIES":7929647542.08,"TAX_EBT":15.090369925489,"OCF_SALES":-33.204835327446,"TOTAL_PARENT_EQUITY":5538821560.8,"DEBT_ASSET_RATIO":58.1027933854,"OPERATE_PROFIT":574600345.44,"PRETAX_PROFIT":486689966.4,"NETCASH_OPERATE":-608352866.88,"NETCASH_INVEST":-73932920.16,"NETCASH_FINANCE":868242988.8,"END_CASH":1102650875.04,"DIVI_RATIO":0.082295265732,"DIVIDEND_RATE":0.700218818381,"CURRENT_RATIO":1.039310130911,"COMMON_ACS":5000000000,"CURRENTDEBT_DEBT":27.184698865879,"ISSUED_COMMON_SHARES":2439541169,"HK_COMMON_SHARES":2439541169,"PER_SHARES":1000,"TOTAL_MARKET_CAP":11148703142.33,"HKSK_MARKET_CAP":11148703142.33,"PE_TTM":13.335322671406,"PB_TTM":1.163126938861,"REPORT_DATE_SQ":"2019-06-30 00:00:00","REPORT_TYPE_SQ":"2019年中报","OPERATE_INCOME_SQ":1762865029.8,"DPS_HKD":0.032,"OPERATE_INCOME_QOQ_SQ":22.571227866261,"NET_PROFIT_RATIO_SQ":19.9727548989,"HOLDER_PROFIT_SQ":352542217.86,"HOLDER_PROFIT_QOQ_SQ":12.776335360743,"ROE_AVG_SQ":7.388351406423,"PE_TTM_SQ":7.78350092498,"PB_TTM_SQ":1.014272910522,"ROA_SQ":3.4889163393,"START_DATE":"2020-01-01 00:00:00","FISCAL_YEAR":"12-31","CURRENCY":"HKD","IS_CNY_CODE":0,"DPS_HKD_LY":0.078,"ORG_TYPE":"一般企业","PREMIUM_INCOME":null,"PREMIUM_INCOME_YOY":null,"NET_INTEREST_INCOME":null,"NET_INTEREST_INCOME_YOY":null,"FEE_COMMISSION_INCOME":null,"FEE_COMMISSION_INCOME_YOY":null,"ACCOUNTS_RECE_TDAYS":3.693281345664,"INVENTORY_TDAYS":152.756616800921,"CURRENT_ASSETS_TDAYS":0.868292554111,"TOTAL_ASSETS_TDAYS":0.14121101801,"PREMIUM_EXPENSE":null,"LOAN_DEPOSIT":null,"LOAN_EQUITY":null,"LOAN_ASSETS":null,"DEPOSIT_EQUITY":null,"DEPOSIT_ASSETS":null,"EQUITY_MULTIPLIER":2.386793967432,"EQUITY_RATIO":1.43164885437}],"count":25},"success":true,"message":"ok","code":0}