{"version":"823dc306cce3411e25ebb54b45e68fca","result":{"pages":5,"data":[{"SECUCODE":"01383.HK","SECURITY_CODE":"01383","SECURITY_NAME_ABBR":"LET GROUP","ORG_CODE":"10089580","STD_REPORT_DATE":"2023-06-30 00:00:00","REPORT_DATE":"2023-06-30 00:00:00","DATE_TYPE_CODE":"002","REPORT_TYPE":"2023年中报","PER_NETCASH_OPERATE":-0.001142212376,"PER_OI":0.025374552285,"BPS":-0.328022554292,"BASIC_EPS":0.060666284,"DILUTED_EPS":0.060297492,"OPERATE_INCOME":176022577.64,"OPERATE_INCOME_YOY":0.2483656699,"GROSS_PROFIT":79171344.58,"GROSS_PROFIT_YOY":-1.301209982658,"HOLDER_PROFIT":415413762.66,"HOLDER_PROFIT_YOY":216.40963899,"GROSS_PROFIT_RATIO":44.977948648111,"EPS_TTM":0.054963858148,"OPERATE_INCOME_QOQ":3.734801977406,"NET_PROFIT_RATIO":298.1086120743,"ROE_AVG":13.385661854487,"GROSS_PROFIT_QOQ":-0.631210953187,"ROA":6.543449779012,"HOLDER_PROFIT_QOQ":204.422463387853,"ROE_YEARLY":26.771323708973,"ROIC_YEARLY":19.696300236266,"TOTAL_ASSETS":6438441728.46,"TOTAL_LIABILITIES":1705645482.38,"TAX_EBT":0.000702806129,"OCF_SALES":-4.501408981867,"TOTAL_PARENT_EQUITY":3413825487.78,"DEBT_ASSET_RATIO":26.4915884047,"OPERATE_PROFIT":436729940.26,"PRETAX_PROFIT":524742151.06,"NETCASH_OPERATE":-7923496.12,"NETCASH_INVEST":539701276.56,"NETCASH_FINANCE":-647056627.76,"END_CASH":805346764.06,"DIVI_RATIO":null,"DIVIDEND_RATE":null,"CURRENT_RATIO":1.967301172154,"COMMON_ACS":50000000000,"CURRENTDEBT_DEBT":36.126965628296,"ISSUED_COMMON_SHARES":6936972746,"HK_COMMON_SHARES":6936972746,"PER_SHARES":10000,"TOTAL_MARKET_CAP":298289828.078,"HKSK_MARKET_CAP":298289828.078,"PE_TTM":0.695544511419,"PB_TTM":-0.120861018492,"REPORT_DATE_SQ":"2022-06-30 00:00:00","REPORT_TYPE_SQ":"2022年中报","OPERATE_INCOME_SQ":162866659.55,"DPS_HKD":null,"OPERATE_INCOME_QOQ_SQ":15.28055066736,"NET_PROFIT_RATIO_SQ":-122.8774711859,"HOLDER_PROFIT_SQ":-331003855.07,"HOLDER_PROFIT_QOQ_SQ":-125.199359537963,"ROE_AVG_SQ":-12.024008065855,"PE_TTM_SQ":0.695544511419,"PB_TTM_SQ":-0.120861018492,"ROA_SQ":-4.774696046476,"START_DATE":"2023-01-01 00:00:00","FISCAL_YEAR":"12-31","CURRENCY":"HKD","IS_CNY_CODE":0,"DPS_HKD_LY":null,"ORG_TYPE":"一般企业","PREMIUM_INCOME":null,"PREMIUM_INCOME_YOY":null,"NET_INTEREST_INCOME":null,"NET_INTEREST_INCOME_YOY":null,"FEE_COMMISSION_INCOME":null,"FEE_COMMISSION_INCOME_YOY":null,"ACCOUNTS_RECE_TDAYS":null,"INVENTORY_TDAYS":25.599366394541,"CURRENT_ASSETS_TDAYS":0.141566396833,"TOTAL_ASSETS_TDAYS":0.027726450115,"PREMIUM_EXPENSE":null,"LOAN_DEPOSIT":null,"LOAN_EQUITY":null,"LOAN_ASSETS":null,"DEPOSIT_EQUITY":null,"DEPOSIT_ASSETS":null,"EQUITY_MULTIPLIER":1.360388530098,"EQUITY_RATIO":0.499628785503},{"SECUCODE":"01383.HK","SECURITY_CODE":"01383","SECURITY_NAME_ABBR":"LET GROUP","ORG_CODE":"10089580","STD_REPORT_DATE":"2022-12-31 00:00:00","REPORT_DATE":"2022-12-31 00:00:00","DATE_TYPE_CODE":"001","REPORT_TYPE":"2022年年报","PER_NETCASH_OPERATE":-0.004962839784,"PER_OI":0.052827464241,"BPS":-0.387247007688,"BASIC_EPS":-0.054757451,"DILUTED_EPS":-0.057437261,"OPERATE_INCOME":352252091.8,"OPERATE_INCOME_YOY":33.9888823953,"GROSS_PROFIT":165359462.59,"GROSS_PROFIT_YOY":133.210912705746,"HOLDER_PROFIT":-365134831.74,"HOLDER_PROFIT_YOY":22.5083982316,"GROSS_PROFIT_RATIO":46.943500532535,"EPS_TTM":-0.054759496724,"OPERATE_INCOME_QOQ":9.779159378085,"NET_PROFIT_RATIO":-52.4085814272,"ROE_AVG":-12.638526942925,"GROSS_PROFIT_QOQ":37.450616975258,"ROA":-5.406870074974,"HOLDER_PROFIT_QOQ":62.405063745025,"ROE_YEARLY":-12.638526942925,"ROIC_YEARLY":-8.304978716514,"TOTAL_ASSETS":6063754369.82,"TOTAL_LIABILITIES":2213552537.91,"TAX_EBT":4.634286694443,"OCF_SALES":-9.394431201501,"TOTAL_PARENT_EQUITY":2706048019.71,"DEBT_ASSET_RATIO":36.5046537658,"OPERATE_PROFIT":-4961221.58,"PRETAX_PROFIT":-322879587.66,"NETCASH_OPERATE":-33092080.42,"NETCASH_INVEST":-502428644.2,"NETCASH_FINANCE":-27562739.12,"END_CASH":925708206.78,"DIVI_RATIO":null,"DIVIDEND_RATE":null,"CURRENT_RATIO":1.049048459581,"COMMON_ACS":50000000000,"CURRENTDEBT_DEBT":53.177580766681,"ISSUED_COMMON_SHARES":6936972746,"HK_COMMON_SHARES":6936972746,"PER_SHARES":10000,"TOTAL_MARKET_CAP":298289828.078,"HKSK_MARKET_CAP":298289828.078,"PE_TTM":0.695544511419,"PB_TTM":-0.120861018492,"REPORT_DATE_SQ":"2021-12-31 00:00:00","REPORT_TYPE_SQ":"2021年年报","OPERATE_INCOME_SQ":240626220.8,"DPS_HKD":null,"OPERATE_INCOME_QOQ_SQ":1.792455822118,"NET_PROFIT_RATIO_SQ":-137.8807238931,"HOLDER_PROFIT_SQ":-431277459.2,"HOLDER_PROFIT_QOQ_SQ":-141.571836784661,"ROE_AVG_SQ":-14.54418722058,"PE_TTM_SQ":0.727895418927,"PB_TTM_SQ":-0.126482461212,"ROA_SQ":-6.076071612111,"START_DATE":"2022-01-01 00:00:00","FISCAL_YEAR":"12-31","CURRENCY":"HKD","IS_CNY_CODE":0,"DPS_HKD_LY":null,"ORG_TYPE":"一般企业","PREMIUM_INCOME":null,"PREMIUM_INCOME_YOY":null,"NET_INTEREST_INCOME":null,"NET_INTEREST_INCOME_YOY":null,"FEE_COMMISSION_INCOME":null,"FEE_COMMISSION_INCOME_YOY":null,"ACCOUNTS_RECE_TDAYS":null,"INVENTORY_TDAYS":1.342515592516,"CURRENT_ASSETS_TDAYS":0.192405510446,"TOTAL_ASSETS_TDAYS":0.05216104103,"PREMIUM_EXPENSE":null,"LOAN_DEPOSIT":null,"LOAN_EQUITY":null,"LOAN_ASSETS":null,"DEPOSIT_EQUITY":null,"DEPOSIT_ASSETS":null,"EQUITY_MULTIPLIER":1.574918571688,"EQUITY_RATIO":0.818001942976},{"SECUCODE":"01383.HK","SECURITY_CODE":"01383","SECURITY_NAME_ABBR":"LET GROUP","ORG_CODE":"10089580","STD_REPORT_DATE":"2022-06-30 00:00:00","REPORT_DATE":"2022-06-30 00:00:00","DATE_TYPE_CODE":"002","REPORT_TYPE":"2022年中报","PER_NETCASH_OPERATE":-0.008432915823,"PER_OI":0.024425213742,"BPS":-0.357694700907,"BASIC_EPS":-0.04960102,"DILUTED_EPS":-0.052594185,"OPERATE_INCOME":162866659.55,"OPERATE_INCOME_YOY":31.6873993044,"GROSS_PROFIT":80215111.62,"GROSS_PROFIT_YOY":138.846252026315,"HOLDER_PROFIT":-331003855.07,"HOLDER_PROFIT_YOY":-254.1300807181,"GROSS_PROFIT_RATIO":49.252015017459,"EPS_TTM":-0.145656575536,"OPERATE_INCOME_QOQ":15.28055066736,"NET_PROFIT_RATIO":-122.8774711859,"ROE_AVG":-12.024008065855,"GROSS_PROFIT_QOQ":63.293345234059,"ROA":-4.774696046476,"HOLDER_PROFIT_QOQ":-125.199359537963,"ROE_YEARLY":-24.04801613171,"ROIC_YEARLY":-14.925379465336,"TOTAL_ASSETS":6739619835.55,"TOTAL_LIABILITIES":2996988554.49,"TAX_EBT":0.182795225301,"OCF_SALES":-34.525453543018,"TOTAL_PARENT_EQUITY":2564602780.11,"DEBT_ASSET_RATIO":44.4682137512,"OPERATE_PROFIT":76724226.04,"PRETAX_PROFIT":-155323028.56,"NETCASH_OPERATE":-56230452.88,"NETCASH_INVEST":-148297642.71,"NETCASH_FINANCE":-6382282.97,"END_CASH":1285572919.4,"DIVI_RATIO":null,"DIVIDEND_RATE":null,"CURRENT_RATIO":1.212583120701,"COMMON_ACS":50000000000,"CURRENTDEBT_DEBT":64.728399806989,"ISSUED_COMMON_SHARES":6936972746,"HK_COMMON_SHARES":6936972746,"PER_SHARES":10000,"TOTAL_MARKET_CAP":298289828.078,"HKSK_MARKET_CAP":298289828.078,"PE_TTM":0.695544511419,"PB_TTM":-0.120861018492,"REPORT_DATE_SQ":"2021-06-30 00:00:00","REPORT_TYPE_SQ":"2021年中报","OPERATE_INCOME_SQ":120334577.52,"DPS_HKD":null,"OPERATE_INCOME_QOQ_SQ":37.206396676217,"NET_PROFIT_RATIO_SQ":192.107951872,"HOLDER_PROFIT_SQ":208952761.68,"HOLDER_PROFIT_QOQ_SQ":46.158267786423,"ROE_AVG_SQ":5.740865699786,"PE_TTM_SQ":0.727895418927,"PB_TTM_SQ":-0.126482461212,"ROA_SQ":2.440863337646,"START_DATE":"2022-01-01 00:00:00","FISCAL_YEAR":"12-31","CURRENCY":"HKD","IS_CNY_CODE":0,"DPS_HKD_LY":null,"ORG_TYPE":"一般企业","PREMIUM_INCOME":null,"PREMIUM_INCOME_YOY":null,"NET_INTEREST_INCOME":null,"NET_INTEREST_INCOME_YOY":null,"FEE_COMMISSION_INCOME":null,"FEE_COMMISSION_INCOME_YOY":null,"ACCOUNTS_RECE_TDAYS":null,"INVENTORY_TDAYS":0.61739294304,"CURRENT_ASSETS_TDAYS":0.069667336593,"TOTAL_ASSETS_TDAYS":0.023493345577,"PREMIUM_EXPENSE":null,"LOAN_DEPOSIT":null,"LOAN_EQUITY":null,"LOAN_ASSETS":null,"DEPOSIT_EQUITY":null,"DEPOSIT_ASSETS":null,"EQUITY_MULTIPLIER":1.800770455176,"EQUITY_RATIO":1.168597561281},{"SECUCODE":"01383.HK","SECURITY_CODE":"01383","SECURITY_NAME_ABBR":"LET GROUP","ORG_CODE":"10089580","STD_REPORT_DATE":"2021-12-31 00:00:00","REPORT_DATE":"2021-12-31 00:00:00","DATE_TYPE_CODE":"001","REPORT_TYPE":"2021年年报","PER_NETCASH_OPERATE":-0.026910651323,"PER_OI":0.036086863274,"BPS":-0.274278239236,"BASIC_EPS":-0.06467216,"DILUTED_EPS":-0.12689152,"OPERATE_INCOME":240626220.8,"OPERATE_INCOME_YOY":87.1993533416,"GROSS_PROFIT":70905542.4,"GROSS_PROFIT_YOY":210.027518952289,"HOLDER_PROFIT":-431277459.2,"HOLDER_PROFIT_YOY":-166.2890750178,"GROSS_PROFIT_RATIO":26.46892082823,"EPS_TTM":-0.064678947505,"OPERATE_INCOME_QOQ":1.792455822118,"NET_PROFIT_RATIO":-137.8807238931,"ROE_AVG":-14.54418722058,"GROSS_PROFIT_QOQ":-9.871259924397,"ROA":-6.076071612111,"HOLDER_PROFIT_QOQ":-141.571836784661,"ROE_YEARLY":-14.54418722058,"ROIC_YEARLY":-9.771323481467,"TOTAL_ASSETS":6812105025.6,"TOTAL_LIABILITIES":2865739508.8,"TAX_EBT":-4.768703241895,"OCF_SALES":-64.4674345033,"TOTAL_PARENT_EQUITY":2811835958.4,"DEBT_ASSET_RATIO":42.0683400803,"OPERATE_PROFIT":135094500.8,"PRETAX_PROFIT":-393429120,"NETCASH_OPERATE":-179439489.6,"NETCASH_INVEST":-596117883.2,"NETCASH_FINANCE":-61332264,"END_CASH":1284864123.2,"DIVI_RATIO":null,"DIVIDEND_RATE":null,"CURRENT_RATIO":1.346611288567,"COMMON_ACS":50000000000,"CURRENTDEBT_DEBT":57.556854184932,"ISSUED_COMMON_SHARES":6936972746,"HK_COMMON_SHARES":6936972746,"PER_SHARES":10000,"TOTAL_MARKET_CAP":298289828.078,"HKSK_MARKET_CAP":298289828.078,"PE_TTM":0.695544511419,"PB_TTM":-0.120861018492,"REPORT_DATE_SQ":"2020-12-31 00:00:00","REPORT_TYPE_SQ":"2020年年报","OPERATE_INCOME_SQ":153058967.12,"DPS_HKD":null,"OPERATE_INCOME_QOQ_SQ":-49.993726978009,"NET_PROFIT_RATIO_SQ":388.658293651,"HOLDER_PROFIT_SQ":669730821.8,"HOLDER_PROFIT_QOQ_SQ":303.572719190065,"ROE_AVG_SQ":112.789184396318,"PE_TTM_SQ":0.727895418927,"PB_TTM_SQ":-0.126482461212,"ROA_SQ":10.795317750677,"START_DATE":"2021-01-01 00:00:00","FISCAL_YEAR":"12-31","CURRENCY":"HKD","IS_CNY_CODE":0,"DPS_HKD_LY":null,"ORG_TYPE":"一般企业","PREMIUM_INCOME":null,"PREMIUM_INCOME_YOY":null,"NET_INTEREST_INCOME":null,"NET_INTEREST_INCOME_YOY":null,"FEE_COMMISSION_INCOME":null,"FEE_COMMISSION_INCOME_YOY":null,"ACCOUNTS_RECE_TDAYS":null,"INVENTORY_TDAYS":0.560512848645,"CURRENT_ASSETS_TDAYS":0.117208778686,"TOTAL_ASSETS_TDAYS":0.039214236262,"PREMIUM_EXPENSE":null,"LOAN_DEPOSIT":null,"LOAN_EQUITY":null,"LOAN_ASSETS":null,"DEPOSIT_EQUITY":null,"DEPOSIT_ASSETS":null,"EQUITY_MULTIPLIER":1.726171840037,"EQUITY_RATIO":1.019170232971},{"SECUCODE":"01383.HK","SECURITY_CODE":"01383","SECURITY_NAME_ABBR":"LET GROUP","ORG_CODE":"10089580","STD_REPORT_DATE":"2021-06-30 00:00:00","REPORT_DATE":"2021-06-30 00:00:00","DATE_TYPE_CODE":"002","REPORT_TYPE":"2021年中报","PER_NETCASH_OPERATE":-0.01716878643,"PER_OI":0.018046651074,"BPS":-0.214601967531,"BASIC_EPS":0.031369416,"DILUTED_EPS":-0.024379944,"OPERATE_INCOME":120334577.52,"OPERATE_INCOME_YOY":99.3674702832,"GROSS_PROFIT":33584412.96,"GROSS_PROFIT_YOY":217.313047619048,"HOLDER_PROFIT":208952761.68,"HOLDER_PROFIT_YOY":276.2618682227,"GROSS_PROFIT_RATIO":24.131881427707,"EPS_TTM":0.155583569327,"OPERATE_INCOME_QOQ":37.206396676217,"NET_PROFIT_RATIO":192.107951872,"ROE_AVG":5.740865699786,"GROSS_PROFIT_QOQ":44.867614220395,"ROA":2.440863337646,"HOLDER_PROFIT_QOQ":46.158267786423,"ROE_YEARLY":11.481731399572,"ROIC_YEARLY":8.128769420014,"TOTAL_ASSETS":8096940000,"TOTAL_LIABILITIES":3295498000,"TAX_EBT":4.905154005301,"OCF_SALES":-76.951670363649,"TOTAL_PARENT_EQUITY":3467873000,"DEBT_ASSET_RATIO":40.700536252,"OPERATE_PROFIT":442961948.4,"PRETAX_PROFIT":200286648.48,"NETCASH_OPERATE":-113929225.68,"NETCASH_INVEST":-323789786.64,"NETCASH_FINANCE":152353848,"END_CASH":1901140544.4,"DIVI_RATIO":null,"DIVIDEND_RATE":null,"CURRENT_RATIO":1.947454731489,"COMMON_ACS":50000000000,"CURRENTDEBT_DEBT":45.611983378536,"ISSUED_COMMON_SHARES":6936972746,"HK_COMMON_SHARES":6936972746,"PER_SHARES":10000,"TOTAL_MARKET_CAP":298289828.078,"HKSK_MARKET_CAP":298289828.078,"PE_TTM":0.695544511419,"PB_TTM":-0.120861018492,"REPORT_DATE_SQ":"2020-06-30 00:00:00","REPORT_TYPE_SQ":"2020年中报","OPERATE_INCOME_SQ":74621000,"DPS_HKD":null,"OPERATE_INCOME_QOQ_SQ":-34.861978958104,"NET_PROFIT_RATIO_SQ":-131.424670393,"HOLDER_PROFIT_SQ":-118594000,"HOLDER_PROFIT_QOQ_SQ":76.508927645045,"ROE_AVG_SQ":8.668765500954,"PE_TTM_SQ":0.727895418927,"PB_TTM_SQ":-0.126482461212,"ROA_SQ":-2.384029970341,"START_DATE":"2021-01-01 00:00:00","FISCAL_YEAR":"12-31","CURRENCY":"HKD","IS_CNY_CODE":0,"DPS_HKD_LY":null,"ORG_TYPE":"一般企业","PREMIUM_INCOME":null,"PREMIUM_INCOME_YOY":null,"NET_INTEREST_INCOME":null,"NET_INTEREST_INCOME_YOY":null,"FEE_COMMISSION_INCOME":null,"FEE_COMMISSION_INCOME_YOY":null,"ACCOUNTS_RECE_TDAYS":1.259835180152,"INVENTORY_TDAYS":0.269607767027,"CURRENT_ASSETS_TDAYS":0.049427613813,"TOTAL_ASSETS_TDAYS":0.017371516808,"PREMIUM_EXPENSE":null,"LOAN_DEPOSIT":null,"LOAN_EQUITY":null,"LOAN_ASSETS":null,"DEPOSIT_EQUITY":null,"DEPOSIT_ASSETS":null,"EQUITY_MULTIPLIER":1.686355890585,"EQUITY_RATIO":0.950293739131},{"SECUCODE":"01383.HK","SECURITY_CODE":"01383","SECURITY_NAME_ABBR":"LET GROUP","ORG_CODE":"10089580","STD_REPORT_DATE":"2020-12-31 00:00:00","REPORT_DATE":"2020-12-31 00:00:00","DATE_TYPE_CODE":"001","REPORT_TYPE":"2020年年报","PER_NETCASH_OPERATE":-0.075518832787,"PER_OI":0.022957791032,"BPS":-0.235725879267,"BASIC_EPS":0.100491816,"DILUTED_EPS":-0.101754276,"OPERATE_INCOME":153058967.12,"OPERATE_INCOME_YOY":-67.4269033567,"GROSS_PROFIT":22870725.36,"GROSS_PROFIT_YOY":-77.110505254309,"HOLDER_PROFIT":669730821.8,"HOLDER_PROFIT_YOY":147.8214147599,"GROSS_PROFIT_RATIO":28.31337089984,"EPS_TTM":0.106464662005,"OPERATE_INCOME_QOQ":-49.993726978009,"NET_PROFIT_RATIO":388.658293651,"ROE_AVG":112.789184396318,"GROSS_PROFIT_QOQ":-25.995776883025,"ROA":10.795317750677,"HOLDER_PROFIT_QOQ":303.572719190065,"ROE_YEARLY":112.789184396318,"ROIC_YEARLY":15.697746552198,"TOTAL_ASSETS":9031524376.96,"TOTAL_LIABILITIES":4430700158.6,"TAX_EBT":0.281547005275,"OCF_SALES":-252.636596735427,"TOTAL_PARENT_EQUITY":3210446721.32,"DEBT_ASSET_RATIO":49.0581654634,"OPERATE_PROFIT":1357455065.16,"PRETAX_PROFIT":1074967015.56,"NETCASH_OPERATE":-476818517.4,"NETCASH_INVEST":-1231594536.28,"NETCASH_FINANCE":3648369687.76,"END_CASH":2216894909.52,"DIVI_RATIO":null,"DIVIDEND_RATE":null,"CURRENT_RATIO":1.776052438273,"COMMON_ACS":50000000000,"CURRENTDEBT_DEBT":39.299744603575,"ISSUED_COMMON_SHARES":6936972746,"HK_COMMON_SHARES":6936972746,"PER_SHARES":10000,"TOTAL_MARKET_CAP":298289828.078,"HKSK_MARKET_CAP":298289828.078,"PE_TTM":0.695544511419,"PB_TTM":-0.120861018492,"REPORT_DATE_SQ":"2019-12-31 00:00:00","REPORT_TYPE_SQ":"2019年年报","OPERATE_INCOME_SQ":611827000,"DPS_HKD":null,"OPERATE_INCOME_QOQ_SQ":-4.945918820748,"NET_PROFIT_RATIO_SQ":-246.682804126,"HOLDER_PROFIT_SQ":-1484266000,"HOLDER_PROFIT_QOQ_SQ":-39.409718797872,"ROE_AVG_SQ":98.96459182755,"PE_TTM_SQ":0.727895418927,"PB_TTM_SQ":-0.126482461212,"ROA_SQ":-39.194388073732,"START_DATE":"2020-01-01 00:00:00","FISCAL_YEAR":"12-31","CURRENCY":"HKD","IS_CNY_CODE":0,"DPS_HKD_LY":null,"ORG_TYPE":"一般企业","PREMIUM_INCOME":null,"PREMIUM_INCOME_YOY":null,"NET_INTEREST_INCOME":null,"NET_INTEREST_INCOME_YOY":null,"FEE_COMMISSION_INCOME":null,"FEE_COMMISSION_INCOME_YOY":null,"ACCOUNTS_RECE_TDAYS":1.990270702118,"INVENTORY_TDAYS":0.241936986139,"CURRENT_ASSETS_TDAYS":0.098617535465,"TOTAL_ASSETS_TDAYS":0.030310210805,"PREMIUM_EXPENSE":null,"LOAN_DEPOSIT":null,"LOAN_EQUITY":null,"LOAN_ASSETS":null,"DEPOSIT_EQUITY":null,"DEPOSIT_ASSETS":null,"EQUITY_MULTIPLIER":1.963023140208,"EQUITY_RATIO":1.380088362525},{"SECUCODE":"01383.HK","SECURITY_CODE":"01383","SECURITY_NAME_ABBR":"LET GROUP","ORG_CODE":"10089580","STD_REPORT_DATE":"2020-06-30 00:00:00","REPORT_DATE":"2020-06-30 00:00:00","DATE_TYPE_CODE":"002","REPORT_TYPE":"2020年中报","PER_NETCASH_OPERATE":-0.055070271619,"PER_OI":0.011192636125,"BPS":-0.113075692917,"BASIC_EPS":-0.0178,"DILUTED_EPS":-0.0736,"OPERATE_INCOME":74621000,"OPERATE_INCOME_YOY":-69.4674687259,"GROSS_PROFIT":10584000,"GROSS_PROFIT_YOY":-79.502672554032,"HOLDER_PROFIT":-118594000,"HOLDER_PROFIT_YOY":90.5441759223,"GROSS_PROFIT_RATIO":29.82996970602,"EPS_TTM":-0.052298098895,"OPERATE_INCOME_QOQ":-34.861978958104,"NET_PROFIT_RATIO":-131.424670393,"ROE_AVG":8.668765500954,"GROSS_PROFIT_QOQ":-23.690426149443,"ROA":-2.384029970341,"HOLDER_PROFIT_QOQ":76.508927645045,"ROE_YEARLY":17.337531001907,"ROIC_YEARLY":-6.287159602797,"TOTAL_ASSETS":5830044000,"TOTAL_LIABILITIES":6370081000,"TAX_EBT":0.042681704423,"OCF_SALES":-391.637154925972,"TOTAL_PARENT_EQUITY":-784403000,"DEBT_ASSET_RATIO":109.2630004165,"OPERATE_PROFIT":426409000,"PRETAX_PROFIT":154633000,"NETCASH_OPERATE":-367152000,"NETCASH_INVEST":-772589000,"NETCASH_FINANCE":2554567000,"END_CASH":1659774000,"DIVI_RATIO":null,"DIVIDEND_RATE":null,"CURRENT_RATIO":0.642231639921,"COMMON_ACS":50000000000,"CURRENTDEBT_DEBT":56.067199145505,"ISSUED_COMMON_SHARES":6936972746,"HK_COMMON_SHARES":6936972746,"PER_SHARES":10000,"TOTAL_MARKET_CAP":298289828.078,"HKSK_MARKET_CAP":298289828.078,"PE_TTM":0.695544511419,"PB_TTM":-0.120861018492,"REPORT_DATE_SQ":"2019-06-30 00:00:00","REPORT_TYPE_SQ":"2019年中报","OPERATE_INCOME_SQ":307043000,"DPS_HKD":null,"OPERATE_INCOME_QOQ_SQ":-18.795472867356,"NET_PROFIT_RATIO_SQ":-408.5310526539,"HOLDER_PROFIT_SQ":-1254190000,"HOLDER_PROFIT_QOQ_SQ":27.003834653945,"ROE_AVG_SQ":83.683016188943,"PE_TTM_SQ":0.727895418927,"PB_TTM_SQ":-0.126482461212,"ROA_SQ":-33.480314742027,"START_DATE":"2020-01-01 00:00:00","FISCAL_YEAR":"12-31","CURRENCY":"HKD","IS_CNY_CODE":0,"DPS_HKD_LY":null,"ORG_TYPE":"一般企业","PREMIUM_INCOME":null,"PREMIUM_INCOME_YOY":null,"NET_INTEREST_INCOME":null,"NET_INTEREST_INCOME_YOY":null,"FEE_COMMISSION_INCOME":null,"FEE_COMMISSION_INCOME_YOY":null,"ACCOUNTS_RECE_TDAYS":1.261875369916,"INVENTORY_TDAYS":0.111638807736,"CURRENT_ASSETS_TDAYS":0.05781505018,"TOTAL_ASSETS_TDAYS":0.018845644945,"PREMIUM_EXPENSE":null,"LOAN_DEPOSIT":null,"LOAN_EQUITY":null,"LOAN_ASSETS":null,"DEPOSIT_EQUITY":null,"DEPOSIT_ASSETS":null,"EQUITY_MULTIPLIER":-10.795638076608,"EQUITY_RATIO":-8.120928910267},{"SECUCODE":"01383.HK","SECURITY_CODE":"01383","SECURITY_NAME_ABBR":"LET GROUP","ORG_CODE":"10089580","STD_REPORT_DATE":"2019-12-31 00:00:00","REPORT_DATE":"2019-12-31 00:00:00","DATE_TYPE_CODE":"001","REPORT_TYPE":"2019年年报","PER_NETCASH_OPERATE":-0.026276543594,"PER_OI":0.091769836672,"BPS":-0.281350247646,"BASIC_EPS":-0.2226,"DILUTED_EPS":-0.2226,"OPERATE_INCOME":611827000,"OPERATE_INCOME_YOY":-22.8117828581,"GROSS_PROFIT":99918000,"GROSS_PROFIT_YOY":-57.782791664554,"HOLDER_PROFIT":-1484266000,"HOLDER_PROFIT_YOY":-1.7637488422,"GROSS_PROFIT_RATIO":16.331087055655,"EPS_TTM":-0.222629678648,"OPERATE_INCOME_QOQ":-4.945918820748,"NET_PROFIT_RATIO":-246.682804126,"ROE_AVG":98.96459182755,"GROSS_PROFIT_QOQ":-10.34965411429,"ROA":-39.194388073732,"HOLDER_PROFIT_QOQ":-39.409718797872,"ROE_YEARLY":98.96459182755,"ROIC_YEARLY":-42.452532973829,"TOTAL_ASSETS":4118992000,"TOTAL_LIABILITIES":5824368000,"TAX_EBT":-0.951069962068,"OCF_SALES":-28.633093995525,"TOTAL_PARENT_EQUITY":-1951719000,"DEBT_ASSET_RATIO":141.4027509643,"OPERATE_PROFIT":-1196030000,"PRETAX_PROFIT":-1495053000,"NETCASH_OPERATE":-175185000,"NETCASH_INVEST":-775614000,"NETCASH_FINANCE":1112368000,"END_CASH":253397000,"DIVI_RATIO":null,"DIVIDEND_RATE":null,"CURRENT_RATIO":0.224331531341,"COMMON_ACS":50000000000,"CURRENTDEBT_DEBT":72.653582328589,"ISSUED_COMMON_SHARES":6936972746,"HK_COMMON_SHARES":6936972746,"PER_SHARES":10000,"TOTAL_MARKET_CAP":298289828.078,"HKSK_MARKET_CAP":298289828.078,"PE_TTM":0.695544511419,"PB_TTM":-0.120861018492,"REPORT_DATE_SQ":"2018-12-31 00:00:00","REPORT_TYPE_SQ":"2018年年报","OPERATE_INCOME_SQ":792643000,"DPS_HKD":null,"OPERATE_INCOME_QOQ_SQ":24.164566301315,"NET_PROFIT_RATIO_SQ":-184.0548645481,"HOLDER_PROFIT_SQ":-1458541000,"HOLDER_PROFIT_QOQ_SQ":-78.147634251264,"ROE_AVG_SQ":227.025466295799,"PE_TTM_SQ":0.727895418927,"PB_TTM_SQ":-0.126482461212,"ROA_SQ":-45.76835087476,"START_DATE":"2019-01-01 00:00:00","FISCAL_YEAR":"12-31","CURRENCY":"HKD","IS_CNY_CODE":0,"DPS_HKD_LY":null,"ORG_TYPE":"一般企业","PREMIUM_INCOME":null,"PREMIUM_INCOME_YOY":null,"NET_INTEREST_INCOME":null,"NET_INTEREST_INCOME_YOY":null,"FEE_COMMISSION_INCOME":null,"FEE_COMMISSION_INCOME_YOY":null,"ACCOUNTS_RECE_TDAYS":8.05756466312,"INVENTORY_TDAYS":0.850877207563,"CURRENT_ASSETS_TDAYS":0.688413714108,"TOTAL_ASSETS_TDAYS":0.161562582933,"PREMIUM_EXPENSE":null,"LOAN_DEPOSIT":null,"LOAN_EQUITY":null,"LOAN_ASSETS":null,"DEPOSIT_EQUITY":null,"DEPOSIT_ASSETS":null,"EQUITY_MULTIPLIER":-2.415298444449,"EQUITY_RATIO":-2.984224675786},{"SECUCODE":"01383.HK","SECURITY_CODE":"01383","SECURITY_NAME_ABBR":"LET GROUP","ORG_CODE":"10089580","STD_REPORT_DATE":"2019-06-30 00:00:00","REPORT_DATE":"2019-06-30 00:00:00","DATE_TYPE_CODE":"002","REPORT_TYPE":"2019年中报","PER_NETCASH_OPERATE":-0.018549198371,"PER_OI":0.046054335558,"BPS":-0.281045792075,"BASIC_EPS":-0.1881,"DILUTED_EPS":-0.1881,"OPERATE_INCOME":307043000,"OPERATE_INCOME_YOY":-32.6695524797,"GROSS_PROFIT":51636000,"GROSS_PROFIT_YOY":-70.803860702594,"HOLDER_PROFIT":-1254190000,"HOLDER_PROFIT_YOY":23.8986391206,"GROSS_PROFIT_RATIO":16.817188471973,"EPS_TTM":-0.159694518121,"OPERATE_INCOME_QOQ":-18.795472867356,"NET_PROFIT_RATIO":-408.5310526539,"ROE_AVG":83.683016188943,"GROSS_PROFIT_QOQ":-52.909040206865,"ROA":-33.480314742027,"HOLDER_PROFIT_QOQ":27.003834653945,"ROE_YEARLY":167.366032377886,"ROIC_YEARLY":-68.524703333394,"TOTAL_ASSETS":4037226000,"TOTAL_LIABILITIES":5984402000,"TAX_EBT":0.58104283358,"OCF_SALES":-40.276769051892,"TOTAL_PARENT_EQUITY":-1949607000,"DEBT_ASSET_RATIO":148.2305424566,"OPERATE_PROFIT":-1110151000,"PRETAX_PROFIT":-1261697000,"NETCASH_OPERATE":-123667000,"NETCASH_INVEST":-646743000,"NETCASH_FINANCE":764645000,"END_CASH":87037000,"DIVI_RATIO":null,"DIVIDEND_RATE":null,"CURRENT_RATIO":0.198948168378,"COMMON_ACS":50000000000,"CURRENTDEBT_DEBT":63.194016712113,"ISSUED_COMMON_SHARES":6936972746,"HK_COMMON_SHARES":6936972746,"PER_SHARES":10000,"TOTAL_MARKET_CAP":298289828.078,"HKSK_MARKET_CAP":298289828.078,"PE_TTM":0.695544511419,"PB_TTM":-0.120861018492,"REPORT_DATE_SQ":"2018-06-30 00:00:00","REPORT_TYPE_SQ":"2018年中报","OPERATE_INCOME_SQ":456024000,"DPS_HKD":null,"OPERATE_INCOME_QOQ_SQ":17.19692018476,"NET_PROFIT_RATIO_SQ":-361.4452309528,"HOLDER_PROFIT_SQ":-1648052000,"HOLDER_PROFIT_QOQ_SQ":-515.592735099136,"ROE_AVG_SQ":155.665825864742,"PE_TTM_SQ":0.727895418927,"PB_TTM_SQ":-0.126482461212,"ROA_SQ":-59.566468822835,"START_DATE":"2019-01-01 00:00:00","FISCAL_YEAR":"12-31","CURRENCY":"HKD","IS_CNY_CODE":0,"DPS_HKD_LY":null,"ORG_TYPE":"一般企业","PREMIUM_INCOME":null,"PREMIUM_INCOME_YOY":null,"NET_INTEREST_INCOME":null,"NET_INTEREST_INCOME_YOY":null,"FEE_COMMISSION_INCOME":null,"FEE_COMMISSION_INCOME_YOY":null,"ACCOUNTS_RECE_TDAYS":4.244442908488,"INVENTORY_TDAYS":0.424024285267,"CURRENT_ASSETS_TDAYS":0.38851620879,"TOTAL_ASSETS_TDAYS":0.08196442548,"PREMIUM_EXPENSE":null,"LOAN_DEPOSIT":null,"LOAN_EQUITY":null,"LOAN_ASSETS":null,"DEPOSIT_EQUITY":null,"DEPOSIT_ASSETS":null,"EQUITY_MULTIPLIER":-2.073374979972,"EQUITY_RATIO":-3.069542733484}],"count":38},"success":true,"message":"ok","code":0}