{"version":"343f217cc7a21c2e0d4a150796263b2f","result":{"pages":5,"data":[{"SECUCODE":"01382.HK","SECURITY_CODE":"01382","SECURITY_NAME_ABBR":"互太纺织","ORG_CODE":"10078169","STD_REPORT_DATE":"2024-06-30 00:00:00","REPORT_DATE":"2024-09-30 00:00:00","DATE_TYPE_CODE":"002","REPORT_TYPE":"2024年中报","PER_NETCASH_OPERATE":0.063497784153,"PER_OI":1.723237987819,"BPS":1.939314680323,"BASIC_EPS":0.0721432,"DILUTED_EPS":0.0721432,"OPERATE_INCOME":2405233546.83,"OPERATE_INCOME_YOY":16.2295745635,"GROSS_PROFIT":180435553.94,"GROSS_PROFIT_YOY":-8.092199579761,"HOLDER_PROFIT":96367082.98,"HOLDER_PROFIT_YOY":-14.1415521079,"GROSS_PROFIT_RATIO":7.501789345064,"EPS_TTM":0.108308405545,"OPERATE_INCOME_QOQ":0,"NET_PROFIT_RATIO":3.906377417,"ROE_AVG":3.593822279297,"GROSS_PROFIT_QOQ":0,"ROA":1.920378217216,"HOLDER_PROFIT_QOQ":0,"ROE_YEARLY":7.187644558594,"ROIC_YEARLY":4.423043393006,"TOTAL_ASSETS":5016923798.05,"TOTAL_LIABILITIES":2309449921.98,"TAX_EBT":12.844535530553,"OCF_SALES":3.684794822391,"TOTAL_PARENT_EQUITY":2698796852.69,"DEBT_ASSET_RATIO":46.033187167,"OPERATE_PROFIT":117441915.28,"PRETAX_PROFIT":107804485.55,"NETCASH_OPERATE":88627921.2,"NETCASH_INVEST":-95763785.47,"NETCASH_FINANCE":-300908385.41,"END_CASH":494262982.89,"DIVI_RATIO":1.001333178665,"DIVIDEND_RATE":8.219178082192,"CURRENT_RATIO":1.22156895991,"COMMON_ACS":5000000000,"CURRENTDEBT_DEBT":87.282708607156,"ISSUED_COMMON_SHARES":1391624000,"HK_COMMON_SHARES":1391624000,"PER_SHARES":1000,"TOTAL_MARKET_CAP":2031771040,"HKSK_MARKET_CAP":2031771040,"PE_TTM":13.58889651344,"PB_TTM":0.678906529899,"REPORT_DATE_SQ":"2023-06-30 00:00:00","REPORT_TYPE_SQ":"2023年中报","OPERATE_INCOME_SQ":2105730524.87,"DPS_HKD":0.12,"OPERATE_INCOME_QOQ_SQ":0,"NET_PROFIT_RATIO_SQ":5.5887593807,"HOLDER_PROFIT_SQ":114210982.69,"HOLDER_PROFIT_QOQ_SQ":0,"ROE_AVG_SQ":4.103950162904,"PE_TTM_SQ":11.684273416358,"PB_TTM_SQ":0.565941378118,"ROA_SQ":2.282780662823,"START_DATE":"2024-04-01 00:00:00","FISCAL_YEAR":"3-31","CURRENCY":"HKD","IS_CNY_CODE":0,"DPS_HKD_LY":0.12,"ORG_TYPE":"一般企业","PREMIUM_INCOME":null,"PREMIUM_INCOME_YOY":null,"NET_INTEREST_INCOME":null,"NET_INTEREST_INCOME_YOY":null,"FEE_COMMISSION_INCOME":null,"FEE_COMMISSION_INCOME_YOY":null,"ACCOUNTS_RECE_TDAYS":3.092671365468,"INVENTORY_TDAYS":2.288187886036,"CURRENT_ASSETS_TDAYS":0.973443401417,"TOTAL_ASSETS_TDAYS":0.479308698345,"PREMIUM_EXPENSE":null,"LOAN_DEPOSIT":null,"LOAN_EQUITY":null,"LOAN_ASSETS":null,"DEPOSIT_EQUITY":null,"DEPOSIT_ASSETS":null,"EQUITY_MULTIPLIER":1.8529906576,"EQUITY_RATIO":0.855733146301},{"SECUCODE":"01382.HK","SECURITY_CODE":"01382","SECURITY_NAME_ABBR":"互太纺织","ORG_CODE":"10078169","STD_REPORT_DATE":"2023-12-31 00:00:00","REPORT_DATE":"2024-03-31 00:00:00","DATE_TYPE_CODE":"001","REPORT_TYPE":"2023年年报","PER_NETCASH_OPERATE":0.350524984576,"PER_OI":3.023471934513,"BPS":1.924510702316,"BASIC_EPS":0.108786,"DILUTED_EPS":0.108786,"OPERATE_INCOME":4229205330.75,"OPERATE_INCOME_YOY":-7.0450023761,"GROSS_PROFIT":384007327.6,"GROSS_PROFIT_YOY":-10.475181234074,"HOLDER_PROFIT":151500822.9,"HOLDER_PROFIT_YOY":-37.7753451588,"GROSS_PROFIT_RATIO":9.079893208493,"EPS_TTM":0.089261785678,"OPERATE_INCOME_QOQ":0,"NET_PROFIT_RATIO":3.6967181225,"ROE_AVG":5.543679890452,"GROSS_PROFIT_QOQ":0,"ROA":3.012413918413,"HOLDER_PROFIT_QOQ":0,"ROE_YEARLY":5.543679890452,"ROIC_YEARLY":3.786535794883,"TOTAL_ASSETS":5045831010.05,"TOTAL_LIABILITIES":2356592136.35,"TAX_EBT":14.987528467628,"OCF_SALES":11.593459180972,"TOTAL_PARENT_EQUITY":2678195281.6,"DEBT_ASSET_RATIO":46.7037467497,"OPERATE_PROFIT":249778095.3,"PRETAX_PROFIT":183904546.1,"NETCASH_OPERATE":490311193.7,"NETCASH_INVEST":-604224640.5,"NETCASH_FINANCE":-146881044.1,"END_CASH":810355072.95,"DIVI_RATIO":1.214996979687,"DIVIDEND_RATE":7.792207792208,"CURRENT_RATIO":1.222948408916,"COMMON_ACS":5000000000,"CURRENTDEBT_DEBT":86.482258050246,"ISSUED_COMMON_SHARES":1391624000,"HK_COMMON_SHARES":1391624000,"PER_SHARES":1000,"TOTAL_MARKET_CAP":2143100960,"HKSK_MARKET_CAP":2143100960,"PE_TTM":14.33349358267,"PB_TTM":0.716106887701,"REPORT_DATE_SQ":"2022-12-31 00:00:00","REPORT_TYPE_SQ":"2022年年报","OPERATE_INCOME_SQ":4393450806.35,"DPS_HKD":0.12,"OPERATE_INCOME_QOQ_SQ":0,"NET_PROFIT_RATIO_SQ":5.4525492978,"HOLDER_PROFIT_SQ":235110614.52,"HOLDER_PROFIT_QOQ_SQ":0,"ROE_AVG_SQ":8.27140298513,"PE_TTM_SQ":12.553351604352,"PB_TTM_SQ":0.608036191367,"ROA_SQ":4.681600950224,"START_DATE":"2023-04-01 00:00:00","FISCAL_YEAR":"3-31","CURRENCY":"HKD","IS_CNY_CODE":0,"DPS_HKD_LY":0.11,"ORG_TYPE":"一般企业","PREMIUM_INCOME":null,"PREMIUM_INCOME_YOY":null,"NET_INTEREST_INCOME":null,"NET_INTEREST_INCOME_YOY":null,"FEE_COMMISSION_INCOME":null,"FEE_COMMISSION_INCOME_YOY":null,"ACCOUNTS_RECE_TDAYS":5.96806526389,"INVENTORY_TDAYS":4.249904938632,"CURRENT_ASSETS_TDAYS":1.55959237408,"TOTAL_ASSETS_TDAYS":0.840927247675,"PREMIUM_EXPENSE":null,"LOAN_DEPOSIT":null,"LOAN_EQUITY":null,"LOAN_ASSETS":null,"DEPOSIT_EQUITY":null,"DEPOSIT_ASSETS":null,"EQUITY_MULTIPLIER":1.876304503627,"EQUITY_RATIO":0.879917962869},{"SECUCODE":"01382.HK","SECURITY_CODE":"01382","SECURITY_NAME_ABBR":"互太纺织","ORG_CODE":"10078169","STD_REPORT_DATE":"2023-06-30 00:00:00","REPORT_DATE":"2023-09-30 00:00:00","DATE_TYPE_CODE":"002","REPORT_TYPE":"2023年中报","PER_NETCASH_OPERATE":0.176543025949,"PER_OI":1.500868508854,"BPS":1.972025130739,"BASIC_EPS":0.0825867,"DILUTED_EPS":0.0825867,"OPERATE_INCOME":2105730524.87,"OPERATE_INCOME_YOY":-16.8927828607,"GROSS_PROFIT":196322350.35,"GROSS_PROFIT_YOY":-34.07066283538,"HOLDER_PROFIT":114210982.69,"HOLDER_PROFIT_YOY":-49.8495037856,"GROSS_PROFIT_RATIO":9.323241888329,"EPS_TTM":0.166920205322,"OPERATE_INCOME_QOQ":0,"NET_PROFIT_RATIO":5.5887593807,"ROE_AVG":4.103950162904,"GROSS_PROFIT_QOQ":0,"ROA":2.282780662823,"HOLDER_PROFIT_QOQ":0,"ROE_YEARLY":8.207900325809,"ROIC_YEARLY":5.712471473614,"TOTAL_ASSETS":4932436517.33,"TOTAL_LIABILITIES":2176559631.68,"TAX_EBT":15.195598698654,"OCF_SALES":11.762724376392,"TOTAL_PARENT_EQUITY":2744317500.54,"DEBT_ASSET_RATIO":44.1274737958,"OPERATE_PROFIT":151522736.12,"PRETAX_PROFIT":138771349.64,"NETCASH_OPERATE":247691277.75,"NETCASH_INVEST":-330701922.81,"NETCASH_FINANCE":-238124985,"END_CASH":742162626.66,"DIVI_RATIO":0.649728412393,"DIVIDEND_RATE":7.792207792208,"CURRENT_RATIO":1.26563550054,"COMMON_ACS":5000000000,"CURRENTDEBT_DEBT":90.6511389852,"ISSUED_COMMON_SHARES":1391624000,"HK_COMMON_SHARES":1391624000,"PER_SHARES":1000,"TOTAL_MARKET_CAP":2143100960,"HKSK_MARKET_CAP":2143100960,"PE_TTM":14.33349358267,"PB_TTM":0.716106887701,"REPORT_DATE_SQ":"2022-06-30 00:00:00","REPORT_TYPE_SQ":"2022年中报","OPERATE_INCOME_SQ":2497331588.04,"DPS_HKD":0.12,"OPERATE_INCOME_QOQ_SQ":0,"NET_PROFIT_RATIO_SQ":9.0142623238,"HOLDER_PROFIT_SQ":224463014.76,"HOLDER_PROFIT_QOQ_SQ":0,"ROE_AVG_SQ":7.519525302677,"PE_TTM_SQ":12.553351604352,"PB_TTM_SQ":0.608036191367,"ROA_SQ":4.129568263862,"START_DATE":"2023-04-01 00:00:00","FISCAL_YEAR":"3-31","CURRENCY":"HKD","IS_CNY_CODE":0,"DPS_HKD_LY":0.11,"ORG_TYPE":"一般企业","PREMIUM_INCOME":null,"PREMIUM_INCOME_YOY":null,"NET_INTEREST_INCOME":null,"NET_INTEREST_INCOME_YOY":null,"FEE_COMMISSION_INCOME":null,"FEE_COMMISSION_INCOME_YOY":null,"ACCOUNTS_RECE_TDAYS":2.710614130518,"INVENTORY_TDAYS":2.128784677854,"CURRENT_ASSETS_TDAYS":0.770753377117,"TOTAL_ASSETS_TDAYS":0.420880795355,"PREMIUM_EXPENSE":null,"LOAN_DEPOSIT":null,"LOAN_EQUITY":null,"LOAN_ASSETS":null,"DEPOSIT_EQUITY":null,"DEPOSIT_ASSETS":null,"EQUITY_MULTIPLIER":1.789788412905,"EQUITY_RATIO":0.793115093735},{"SECUCODE":"01382.HK","SECURITY_CODE":"01382","SECURITY_NAME_ABBR":"互太纺织","ORG_CODE":"10078169","STD_REPORT_DATE":"2022-12-31 00:00:00","REPORT_DATE":"2023-03-31 00:00:00","DATE_TYPE_CODE":"001","REPORT_TYPE":"2022年年报","PER_NETCASH_OPERATE":0.482365160605,"PER_OI":3.119194393516,"BPS":1.93426291458,"BASIC_EPS":0.1663279,"DILUTED_EPS":0.1663279,"OPERATE_INCOME":4393450806.35,"OPERATE_INCOME_YOY":-17.26873503,"GROSS_PROFIT":428939519.67,"GROSS_PROFIT_YOY":-31.871285271694,"HOLDER_PROFIT":235110614.52,"HOLDER_PROFIT_YOY":-53.1023596198,"GROSS_PROFIT_RATIO":9.763157449038,"EPS_TTM":0.283479254346,"OPERATE_INCOME_QOQ":0,"NET_PROFIT_RATIO":5.4525492978,"ROE_AVG":8.27140298513,"GROSS_PROFIT_QOQ":0,"ROA":4.681600950224,"HOLDER_PROFIT_QOQ":0,"ROE_YEARLY":8.27140298513,"ROIC_YEARLY":6.278143261782,"TOTAL_ASSETS":4840419394.97,"TOTAL_LIABILITIES":2136648203.4,"TAX_EBT":13.728735545215,"OCF_SALES":15.464414837604,"TOTAL_PARENT_EQUITY":2691766694.24,"DEBT_ASSET_RATIO":44.1417990685,"OPERATE_PROFIT":302595096.01,"PRETAX_PROFIT":277676550.36,"NETCASH_OPERATE":679421458.38,"NETCASH_INVEST":-511343613.79,"NETCASH_FINANCE":-486267494.34,"END_CASH":1039207965.1,"DIVI_RATIO":0.382577554927,"DIVIDEND_RATE":7.792207792208,"CURRENT_RATIO":1.475700433371,"COMMON_ACS":5000000000,"CURRENTDEBT_DEBT":89.766423297852,"ISSUED_COMMON_SHARES":1391624000,"HK_COMMON_SHARES":1391624000,"PER_SHARES":1000,"TOTAL_MARKET_CAP":2143100960,"HKSK_MARKET_CAP":2143100960,"PE_TTM":14.33349358267,"PB_TTM":0.716106887701,"REPORT_DATE_SQ":"2021-12-31 00:00:00","REPORT_TYPE_SQ":"2021年年报","OPERATE_INCOME_SQ":4919838073.1,"DPS_HKD":0.12,"OPERATE_INCOME_QOQ_SQ":0,"NET_PROFIT_RATIO_SQ":9.5483910318,"HOLDER_PROFIT_SQ":464446773.77,"HOLDER_PROFIT_QOQ_SQ":0,"ROE_AVG_SQ":16.950513582415,"PE_TTM_SQ":12.553351604352,"PB_TTM_SQ":0.608036191367,"ROA_SQ":10.267115280114,"START_DATE":"2022-04-01 00:00:00","FISCAL_YEAR":"3-31","CURRENCY":"HKD","IS_CNY_CODE":0,"DPS_HKD_LY":0.29,"ORG_TYPE":"一般企业","PREMIUM_INCOME":null,"PREMIUM_INCOME_YOY":null,"NET_INTEREST_INCOME":null,"NET_INTEREST_INCOME_YOY":null,"FEE_COMMISSION_INCOME":null,"FEE_COMMISSION_INCOME_YOY":null,"ACCOUNTS_RECE_TDAYS":5.660384912964,"INVENTORY_TDAYS":4.114042255536,"CURRENT_ASSETS_TDAYS":1.423146593257,"TOTAL_ASSETS_TDAYS":0.874838573825,"PREMIUM_EXPENSE":null,"LOAN_DEPOSIT":null,"LOAN_EQUITY":null,"LOAN_ASSETS":null,"DEPOSIT_EQUITY":null,"DEPOSIT_ASSETS":null,"EQUITY_MULTIPLIER":1.790247418148,"EQUITY_RATIO":0.793771692016},{"SECUCODE":"01382.HK","SECURITY_CODE":"01382","SECURITY_NAME_ABBR":"互太纺织","ORG_CODE":"10078169","STD_REPORT_DATE":"2022-06-30 00:00:00","REPORT_DATE":"2022-09-30 00:00:00","DATE_TYPE_CODE":"002","REPORT_TYPE":"2022年中报","PER_NETCASH_OPERATE":0.270433845925,"PER_OI":1.769641036644,"BPS":2.067903743166,"BASIC_EPS":0.1627992,"DILUTED_EPS":0.1627992,"OPERATE_INCOME":2497331588.04,"OPERATE_INCOME_YOY":-12.6996056104,"GROSS_PROFIT":297776921.16,"GROSS_PROFIT_YOY":-22.639679684364,"HOLDER_PROFIT":224463014.76,"HOLDER_PROFIT_YOY":-28.6148615609,"GROSS_PROFIT_RATIO":11.923803894769,"EPS_TTM":0.329112911612,"OPERATE_INCOME_QOQ":0,"NET_PROFIT_RATIO":9.0142623238,"ROE_AVG":7.519525302677,"GROSS_PROFIT_QOQ":0,"ROA":4.129568263862,"HOLDER_PROFIT_QOQ":0,"ROE_YEARLY":15.039050605355,"ROIC_YEARLY":11.393018844257,"TOTAL_ASSETS":5494849247.04,"TOTAL_LIABILITIES":2610471605.4,"TAX_EBT":13.395615866388,"OCF_SALES":15.281847579541,"TOTAL_PARENT_EQUITY":2877744478.68,"DEBT_ASSET_RATIO":47.5076110015,"OPERATE_PROFIT":232968368.52,"PRETAX_PROFIT":259936056,"NETCASH_OPERATE":381638406.84,"NETCASH_INVEST":-258573969.36,"NETCASH_FINANCE":-61098539.76,"END_CASH":1405895000.28,"DIVI_RATIO":0.329530675259,"DIVIDEND_RATE":7.792207792208,"CURRENT_RATIO":1.526171062331,"COMMON_ACS":5000000000,"CURRENTDEBT_DEBT":92.02757177479,"ISSUED_COMMON_SHARES":1391624000,"HK_COMMON_SHARES":1391624000,"PER_SHARES":1000,"TOTAL_MARKET_CAP":2143100960,"HKSK_MARKET_CAP":2143100960,"PE_TTM":14.33349358267,"PB_TTM":0.716106887701,"REPORT_DATE_SQ":"2021-06-30 00:00:00","REPORT_TYPE_SQ":"2021年中报","OPERATE_INCOME_SQ":2634853817.72,"DPS_HKD":0.12,"OPERATE_INCOME_QOQ_SQ":0,"NET_PROFIT_RATIO_SQ":11.1445899315,"HOLDER_PROFIT_SQ":289623305.72,"HOLDER_PROFIT_QOQ_SQ":0,"ROE_AVG_SQ":10.277859198633,"PE_TTM_SQ":12.553351604352,"PB_TTM_SQ":0.608036191367,"ROA_SQ":6.353154100105,"START_DATE":"2022-04-01 00:00:00","FISCAL_YEAR":"3-31","CURRENCY":"HKD","IS_CNY_CODE":0,"DPS_HKD_LY":0.29,"ORG_TYPE":"一般企业","PREMIUM_INCOME":null,"PREMIUM_INCOME_YOY":null,"NET_INTEREST_INCOME":null,"NET_INTEREST_INCOME_YOY":null,"FEE_COMMISSION_INCOME":null,"FEE_COMMISSION_INCOME_YOY":null,"ACCOUNTS_RECE_TDAYS":2.844204805663,"INVENTORY_TDAYS":2.022181238245,"CURRENT_ASSETS_TDAYS":0.701380793961,"TOTAL_ASSETS_TDAYS":0.459447685907,"PREMIUM_EXPENSE":null,"LOAN_DEPOSIT":null,"LOAN_EQUITY":null,"LOAN_ASSETS":null,"DEPOSIT_EQUITY":null,"DEPOSIT_ASSETS":null,"EQUITY_MULTIPLIER":1.905038080908,"EQUITY_RATIO":0.907124181712},{"SECUCODE":"01382.HK","SECURITY_CODE":"01382","SECURITY_NAME_ABBR":"互太纺织","ORG_CODE":"10078169","STD_REPORT_DATE":"2021-12-31 00:00:00","REPORT_DATE":"2022-03-31 00:00:00","DATE_TYPE_CODE":"001","REPORT_TYPE":"2021年年报","PER_NETCASH_OPERATE":0.332202456002,"PER_OI":3.486260050326,"BPS":1.992596108036,"BASIC_EPS":0.3325141,"DILUTED_EPS":0.3325141,"OPERATE_INCOME":4919838073.1,"OPERATE_INCOME_YOY":12.654151045,"GROSS_PROFIT":629601661.18,"GROSS_PROFIT_YOY":-13.549779614005,"HOLDER_PROFIT":464446773.77,"HOLDER_PROFIT_YOY":-20.6258983134,"GROSS_PROFIT_RATIO":12.797202912479,"EPS_TTM":0.403487296543,"OPERATE_INCOME_QOQ":0,"NET_PROFIT_RATIO":9.5483910318,"ROE_AVG":16.950513582415,"GROSS_PROFIT_QOQ":0,"ROA":10.267115280114,"HOLDER_PROFIT_QOQ":0,"ROE_YEARLY":16.950513582415,"ROIC_YEARLY":13.278155015876,"TOTAL_ASSETS":4820800775.94,"TOTAL_LIABILITIES":2038611506.7,"TAX_EBT":10.344437960769,"OCF_SALES":9.52890636977,"TOTAL_PARENT_EQUITY":2772944566.25,"DEBT_ASSET_RATIO":42.2878190046,"OPERATE_PROFIT":500415067.27,"PRETAX_PROFIT":523966797.67,"NETCASH_OPERATE":468806763.53,"NETCASH_INVEST":-133332477.03,"NETCASH_FINANCE":138750834.84,"END_CASH":1253114259.28,"DIVI_RATIO":0.268788635799,"DIVIDEND_RATE":7.792207792208,"CURRENT_RATIO":1.688926265301,"COMMON_ACS":5000000000,"CURRENTDEBT_DEBT":89.975056391651,"ISSUED_COMMON_SHARES":1391624000,"HK_COMMON_SHARES":1391624000,"PER_SHARES":1000,"TOTAL_MARKET_CAP":2143100960,"HKSK_MARKET_CAP":2143100960,"PE_TTM":14.33349358267,"PB_TTM":0.716106887701,"REPORT_DATE_SQ":"2020-12-31 00:00:00","REPORT_TYPE_SQ":"2020年年报","OPERATE_INCOME_SQ":4551207246.46,"DPS_HKD":0.12,"OPERATE_INCOME_QOQ_SQ":0,"NET_PROFIT_RATIO_SQ":13.6555815274,"HOLDER_PROFIT_SQ":609789763.38,"HOLDER_PROFIT_QOQ_SQ":0,"ROE_AVG_SQ":22.818111449601,"PE_TTM_SQ":12.553351604352,"PB_TTM_SQ":0.608036191367,"ROA_SQ":14.394498778896,"START_DATE":"2021-04-01 00:00:00","FISCAL_YEAR":"3-31","CURRENCY":"HKD","IS_CNY_CODE":0,"DPS_HKD_LY":0.43,"ORG_TYPE":"一般企业","PREMIUM_INCOME":null,"PREMIUM_INCOME_YOY":null,"NET_INTEREST_INCOME":null,"NET_INTEREST_INCOME_YOY":null,"FEE_COMMISSION_INCOME":null,"FEE_COMMISSION_INCOME_YOY":null,"ACCOUNTS_RECE_TDAYS":6.706280266402,"INVENTORY_TDAYS":4.300441141383,"CURRENT_ASSETS_TDAYS":1.742572613536,"TOTAL_ASSETS_TDAYS":1.087585219852,"PREMIUM_EXPENSE":null,"LOAN_DEPOSIT":null,"LOAN_EQUITY":null,"LOAN_ASSETS":null,"DEPOSIT_EQUITY":null,"DEPOSIT_ASSETS":null,"EQUITY_MULTIPLIER":1.732736456589,"EQUITY_RATIO":0.735179322195},{"SECUCODE":"01382.HK","SECURITY_CODE":"01382","SECURITY_NAME_ABBR":"互太纺织","ORG_CODE":"10078169","STD_REPORT_DATE":"2021-06-30 00:00:00","REPORT_DATE":"2021-09-30 00:00:00","DATE_TYPE_CODE":"002","REPORT_TYPE":"2021年中报","PER_NETCASH_OPERATE":0.000818769607,"PER_OI":1.867091043787,"BPS":2.051689149081,"BASIC_EPS":0.208265,"DILUTED_EPS":0.208265,"OPERATE_INCOME":2634853817.72,"OPERATE_INCOME_YOY":28.9565035158,"GROSS_PROFIT":384922037.48,"GROSS_PROFIT_YOY":1.877209195005,"HOLDER_PROFIT":289623305.72,"HOLDER_PROFIT_YOY":-7.4273876599,"GROSS_PROFIT_RATIO":14.608857420906,"EPS_TTM":0.432104809057,"OPERATE_INCOME_QOQ":0,"NET_PROFIT_RATIO":11.1445899315,"ROE_AVG":10.277859198633,"GROSS_PROFIT_QOQ":0,"ROA":6.353154100105,"HOLDER_PROFIT_QOQ":0,"ROE_YEARLY":20.555718397265,"ROIC_YEARLY":15.660944264008,"TOTAL_ASSETS":4776086263.04,"TOTAL_LIABILITIES":1912924021.72,"TAX_EBT":9.123534325403,"OCF_SALES":0.04385268785,"TOTAL_PARENT_EQUITY":2855179860.4,"DEBT_ASSET_RATIO":40.0521246135,"OPERATE_PROFIT":311686066.76,"PRETAX_PROFIT":323123980.56,"NETCASH_OPERATE":1155454.22,"NETCASH_INVEST":-92815379.9,"NETCASH_FINANCE":77332126.74,"END_CASH":804574346.36,"DIVI_RATIO":0.250987255237,"DIVIDEND_RATE":7.792207792208,"CURRENT_RATIO":1.808180572383,"COMMON_ACS":5000000000,"CURRENTDEBT_DEBT":89.393849656529,"ISSUED_COMMON_SHARES":1391624000,"HK_COMMON_SHARES":1391624000,"PER_SHARES":1000,"TOTAL_MARKET_CAP":2143100960,"HKSK_MARKET_CAP":2143100960,"PE_TTM":14.33349358267,"PB_TTM":0.716106887701,"REPORT_DATE_SQ":"2020-06-30 00:00:00","REPORT_TYPE_SQ":"2020年中报","OPERATE_INCOME_SQ":2155199637.76,"DPS_HKD":0.12,"OPERATE_INCOME_QOQ_SQ":0,"NET_PROFIT_RATIO_SQ":15.7266117004,"HOLDER_PROFIT_SQ":330008568.32,"HOLDER_PROFIT_QOQ_SQ":0,"ROE_AVG_SQ":12.128982751315,"PE_TTM_SQ":12.553351604352,"PB_TTM_SQ":0.608036191367,"ROA_SQ":7.520384361495,"START_DATE":"2021-04-01 00:00:00","FISCAL_YEAR":"3-31","CURRENCY":"HKD","IS_CNY_CODE":0,"DPS_HKD_LY":0.43,"ORG_TYPE":"一般企业","PREMIUM_INCOME":null,"PREMIUM_INCOME_YOY":null,"NET_INTEREST_INCOME":null,"NET_INTEREST_INCOME_YOY":null,"FEE_COMMISSION_INCOME":null,"FEE_COMMISSION_INCOME_YOY":null,"ACCOUNTS_RECE_TDAYS":3.082363007691,"INVENTORY_TDAYS":2.128598427828,"CURRENT_ASSETS_TDAYS":0.922876623694,"TOTAL_ASSETS_TDAYS":0.57797946521,"PREMIUM_EXPENSE":null,"LOAN_DEPOSIT":null,"LOAN_EQUITY":null,"LOAN_ASSETS":null,"DEPOSIT_EQUITY":null,"DEPOSIT_ASSETS":null,"EQUITY_MULTIPLIER":1.66811583155,"EQUITY_RATIO":0.669983719152},{"SECUCODE":"01382.HK","SECURITY_CODE":"01382","SECURITY_NAME_ABBR":"互太纺织","ORG_CODE":"10078169","STD_REPORT_DATE":"2020-12-31 00:00:00","REPORT_DATE":"2021-03-31 00:00:00","DATE_TYPE_CODE":"001","REPORT_TYPE":"2020年年报","PER_NETCASH_OPERATE":0.370428938753,"PER_OI":3.225043541746,"BPS":2.027231544426,"BASIC_EPS":0.4310418,"DILUTED_EPS":0.4310418,"OPERATE_INCOME":4551207246.46,"OPERATE_INCOME_YOY":-1.6671974487,"GROSS_PROFIT":728282309.02,"GROSS_PROFIT_YOY":-13.791005402057,"HOLDER_PROFIT":609789763.38,"HOLDER_PROFIT_YOY":-2.9587525841,"GROSS_PROFIT_RATIO":16.00195881184,"EPS_TTM":0.451881104366,"OPERATE_INCOME_QOQ":0,"NET_PROFIT_RATIO":13.6555815274,"ROE_AVG":22.818111449601,"GROSS_PROFIT_QOQ":0,"ROA":14.394498778896,"HOLDER_PROFIT_QOQ":0,"ROE_YEARLY":22.818111449601,"ROIC_YEARLY":17.789469907867,"TOTAL_ASSETS":4404540625.52,"TOTAL_LIABILITIES":1570123848.02,"TAX_EBT":12.288919504035,"OCF_SALES":11.486013567205,"TOTAL_PARENT_EQUITY":2821144070.78,"DEBT_ASSET_RATIO":35.6478457463,"OPERATE_PROFIT":666798844.74,"PRETAX_PROFIT":708569330.7,"NETCASH_OPERATE":522752281.8,"NETCASH_INVEST":138791233.7,"NETCASH_FINANCE":-617305949.12,"END_CASH":799668747.36,"DIVI_RATIO":0.240002954211,"DIVIDEND_RATE":7.792207792208,"CURRENT_RATIO":1.934363870707,"COMMON_ACS":5000000000,"CURRENTDEBT_DEBT":87.453296722521,"ISSUED_COMMON_SHARES":1391624000,"HK_COMMON_SHARES":1391624000,"PER_SHARES":1000,"TOTAL_MARKET_CAP":2143100960,"HKSK_MARKET_CAP":2143100960,"PE_TTM":14.33349358267,"PB_TTM":0.716106887701,"REPORT_DATE_SQ":"2019-12-31 00:00:00","REPORT_TYPE_SQ":"2019年年报","OPERATE_INCOME_SQ":5003600285.2,"DPS_HKD":0.12,"OPERATE_INCOME_QOQ_SQ":0,"NET_PROFIT_RATIO_SQ":14.0230371594,"HOLDER_PROFIT_SQ":679325899.3,"HOLDER_PROFIT_QOQ_SQ":0,"ROE_AVG_SQ":23.732658105014,"PE_TTM_SQ":12.553351604352,"PB_TTM_SQ":0.608036191367,"ROA_SQ":15.91472322046,"START_DATE":"2020-04-01 00:00:00","FISCAL_YEAR":"3-31","CURRENCY":"HKD","IS_CNY_CODE":0,"DPS_HKD_LY":0.4,"ORG_TYPE":"一般企业","PREMIUM_INCOME":null,"PREMIUM_INCOME_YOY":null,"NET_INTEREST_INCOME":null,"NET_INTEREST_INCOME_YOY":null,"FEE_COMMISSION_INCOME":null,"FEE_COMMISSION_INCOME_YOY":null,"ACCOUNTS_RECE_TDAYS":6.707870095282,"INVENTORY_TDAYS":3.837752739777,"CURRENT_ASSETS_TDAYS":1.782049077942,"TOTAL_ASSETS_TDAYS":1.074343176713,"PREMIUM_EXPENSE":null,"LOAN_DEPOSIT":null,"LOAN_EQUITY":null,"LOAN_ASSETS":null,"DEPOSIT_EQUITY":null,"DEPOSIT_ASSETS":null,"EQUITY_MULTIPLIER":1.553949532222,"EQUITY_RATIO":0.556555712373},{"SECUCODE":"01382.HK","SECURITY_CODE":"01382","SECURITY_NAME_ABBR":"互太纺织","ORG_CODE":"10078169","STD_REPORT_DATE":"2020-06-30 00:00:00","REPORT_DATE":"2020-09-30 00:00:00","DATE_TYPE_CODE":"002","REPORT_TYPE":"2020年中报","PER_NETCASH_OPERATE":0.191495987891,"PER_OI":1.527201970057,"BPS":2.024872897852,"BASIC_EPS":0.2372544,"DILUTED_EPS":0.2372544,"OPERATE_INCOME":2155199637.76,"OPERATE_INCOME_YOY":-18.93277787,"GROSS_PROFIT":377829389.44,"GROSS_PROFIT_YOY":-22.467895951357,"HOLDER_PROFIT":330008568.32,"HOLDER_PROFIT_YOY":-8.8476222607,"GROSS_PROFIT_RATIO":17.531062219029,"EPS_TTM":0.481379002457,"OPERATE_INCOME_QOQ":0,"NET_PROFIT_RATIO":15.7266117004,"ROE_AVG":12.128982751315,"GROSS_PROFIT_QOQ":0,"ROA":7.520384361495,"HOLDER_PROFIT_QOQ":0,"ROE_YEARLY":24.25796550263,"ROIC_YEARLY":18.683996993096,"TOTAL_ASSETS":4546942791.04,"TOTAL_LIABILITIES":1719513566.08,"TAX_EBT":9.401592964836,"OCF_SALES":12.539008699949,"TOTAL_PARENT_EQUITY":2817861721.6,"DEBT_ASSET_RATIO":37.8169166647,"OPERATE_PROFIT":372838259.84,"PRETAX_PROFIT":374112403.84,"NETCASH_OPERATE":270240670.08,"NETCASH_INVEST":136517939.2,"NETCASH_FINANCE":-243885221.12,"END_CASH":875828132.48,"DIVI_RATIO":0.22529607533,"DIVIDEND_RATE":7.792207792208,"CURRENT_RATIO":1.858870758976,"COMMON_ACS":5000000000,"CURRENTDEBT_DEBT":87.846419659461,"ISSUED_COMMON_SHARES":1391624000,"HK_COMMON_SHARES":1391624000,"PER_SHARES":1000,"TOTAL_MARKET_CAP":2143100960,"HKSK_MARKET_CAP":2143100960,"PE_TTM":14.33349358267,"PB_TTM":0.716106887701,"REPORT_DATE_SQ":"2019-06-30 00:00:00","REPORT_TYPE_SQ":"2019年中报","OPERATE_INCOME_SQ":2728996978.62,"DPS_HKD":0.12,"OPERATE_INCOME_QOQ_SQ":0,"NET_PROFIT_RATIO_SQ":14.0738174864,"HOLDER_PROFIT_SQ":371636238.09,"HOLDER_PROFIT_QOQ_SQ":0,"ROE_AVG_SQ":12.729933258912,"PE_TTM_SQ":12.553351604352,"PB_TTM_SQ":0.608036191367,"ROA_SQ":8.632009347508,"START_DATE":"2020-04-01 00:00:00","FISCAL_YEAR":"3-31","CURRENCY":"HKD","IS_CNY_CODE":0,"DPS_HKD_LY":0.4,"ORG_TYPE":"一般企业","PREMIUM_INCOME":null,"PREMIUM_INCOME_YOY":null,"NET_INTEREST_INCOME":null,"NET_INTEREST_INCOME_YOY":null,"FEE_COMMISSION_INCOME":null,"FEE_COMMISSION_INCOME_YOY":null,"ACCOUNTS_RECE_TDAYS":2.814088236779,"INVENTORY_TDAYS":1.802036899028,"CURRENT_ASSETS_TDAYS":0.80464614254,"TOTAL_ASSETS_TDAYS":0.491136631216,"PREMIUM_EXPENSE":null,"LOAN_DEPOSIT":null,"LOAN_EQUITY":null,"LOAN_ASSETS":null,"DEPOSIT_EQUITY":null,"DEPOSIT_ASSETS":null,"EQUITY_MULTIPLIER":1.608154414936,"EQUITY_RATIO":0.610219285389}],"count":40},"success":true,"message":"ok","code":0}