{"version":"0699db996296d18d594db7f9777f244d","result":{"pages":4,"data":[{"SECUCODE":"01380.HK","SECURITY_CODE":"01380","SECURITY_NAME_ABBR":"中国金石","ORG_CODE":"10156708","STD_REPORT_DATE":"2024-06-30 00:00:00","REPORT_DATE":"2024-06-30 00:00:00","DATE_TYPE_CODE":"002","REPORT_TYPE":"2024年中报","PER_NETCASH_OPERATE":0.010215981717,"PER_OI":0.143154002459,"BPS":0.387503470268,"BASIC_EPS":-0.0857,"DILUTED_EPS":-0.0857,"OPERATE_INCOME":30772000,"OPERATE_INCOME_YOY":104.5602605863,"GROSS_PROFIT":10903000,"GROSS_PROFIT_YOY":76.395405274228,"HOLDER_PROFIT":-16592000,"HOLDER_PROFIT_YOY":-84.6427776541,"GROSS_PROFIT_RATIO":35.431561159496,"EPS_TTM":-0.312648118069,"OPERATE_INCOME_QOQ":26.891316612812,"NET_PROFIT_RATIO":-53.9191472767,"ROE_AVG":-11.413123854268,"GROSS_PROFIT_QOQ":21.80659462455,"ROA":-7.811896757912,"HOLDER_PROFIT_QOQ":-12.761744966443,"ROE_YEARLY":-22.826247708536,"ROIC_YEARLY":-15.94104733219,"TOTAL_ASSETS":212447000,"TOTAL_LIABILITIES":72595000,"TAX_EBT":-0.63686540911,"OCF_SALES":7.136357727805,"TOTAL_PARENT_EQUITY":139852000,"DEBT_ASSET_RATIO":34.1708755596,"OPERATE_PROFIT":-16177000,"PRETAX_PROFIT":-16487000,"NETCASH_OPERATE":2196000,"NETCASH_INVEST":1000,"NETCASH_FINANCE":-2767000,"END_CASH":3798000,"DIVI_RATIO":null,"DIVIDEND_RATE":null,"CURRENT_RATIO":0.945696603339,"COMMON_ACS":7500000000,"CURRENTDEBT_DEBT":95.70907087265,"ISSUED_COMMON_SHARES":360905155,"HK_COMMON_SHARES":360905155,"PER_SHARES":10000,"TOTAL_MARKET_CAP":57023014.49,"HKSK_MARKET_CAP":57023014.49,"PE_TTM":-0.768496919304,"PB_TTM":0.372134577015,"REPORT_DATE_SQ":"2023-06-30 00:00:00","REPORT_TYPE_SQ":"2023年中报","OPERATE_INCOME_SQ":15043000,"DPS_HKD":null,"OPERATE_INCOME_QOQ_SQ":-14.898532280153,"NET_PROFIT_RATIO_SQ":-59.7354251147,"HOLDER_PROFIT_SQ":-8986000,"HOLDER_PROFIT_QOQ_SQ":22.257772606813,"ROE_AVG_SQ":-4.539346730114,"PE_TTM_SQ":-0.664386577044,"PB_TTM_SQ":0.164877418949,"ROA_SQ":-3.097104176576,"START_DATE":"2024-01-01 00:00:00","FISCAL_YEAR":"12-31","CURRENCY":"HKD","IS_CNY_CODE":0,"DPS_HKD_LY":null,"ORG_TYPE":"一般企业","PREMIUM_INCOME":null,"PREMIUM_INCOME_YOY":null,"NET_INTEREST_INCOME":null,"NET_INTEREST_INCOME_YOY":null,"FEE_COMMISSION_INCOME":null,"FEE_COMMISSION_INCOME_YOY":null,"ACCOUNTS_RECE_TDAYS":0.914825935726,"INVENTORY_TDAYS":105.405835543767,"CURRENT_ASSETS_TDAYS":0.476963257461,"TOTAL_ASSETS_TDAYS":0.144881682157,"PREMIUM_EXPENSE":null,"LOAN_DEPOSIT":null,"LOAN_EQUITY":null,"LOAN_ASSETS":null,"DEPOSIT_EQUITY":null,"DEPOSIT_ASSETS":null,"EQUITY_MULTIPLIER":1.519084460717,"EQUITY_RATIO":0.519084460716},{"SECUCODE":"01380.HK","SECURITY_CODE":"01380","SECURITY_NAME_ABBR":"中国金石","ORG_CODE":"10156708","STD_REPORT_DATE":"2023-12-31 00:00:00","REPORT_DATE":"2023-12-31 00:00:00","DATE_TYPE_CODE":"001","REPORT_TYPE":"2023年年报","PER_NETCASH_OPERATE":-0.001148737774,"PER_OI":0.335954105812,"BPS":0.41811816182,"BASIC_EPS":-0.387,"DILUTED_EPS":-0.387,"OPERATE_INCOME":58491000,"OPERATE_INCOME_YOY":-19.0872746891,"GROSS_PROFIT":21654000,"GROSS_PROFIT_YOY":-19.345947556615,"HOLDER_PROFIT":-59600000,"HOLDER_PROFIT_YOY":3.6907762911,"GROSS_PROFIT_RATIO":37.021080166179,"EPS_TTM":-0.342323856771,"OPERATE_INCOME_QOQ":-4.9220566004,"NET_PROFIT_RATIO":-101.8960181908,"ROE_AVG":-33.853826448018,"GROSS_PROFIT_QOQ":-10.037390943083,"ROA":-23.62342048103,"HOLDER_PROFIT_QOQ":-23.882768655165,"ROE_YEARLY":-33.853826448018,"ROIC_YEARLY":-23.996456898981,"TOTAL_ASSETS":212341000,"TOTAL_LIABILITIES":61440000,"TAX_EBT":0.232678819532,"OCF_SALES":-0.341932946949,"TOTAL_PARENT_EQUITY":150901000,"DEBT_ASSET_RATIO":28.9345910587,"OPERATE_PROFIT":-58207000,"PRETAX_PROFIT":-59739000,"NETCASH_OPERATE":-200000,"NETCASH_INVEST":-250000,"NETCASH_FINANCE":3312000,"END_CASH":4656000,"DIVI_RATIO":null,"DIVIDEND_RATE":null,"CURRENT_RATIO":1.085706448129,"COMMON_ACS":7500000000,"CURRENTDEBT_DEBT":94.933268229167,"ISSUED_COMMON_SHARES":360905155,"HK_COMMON_SHARES":360905155,"PER_SHARES":10000,"TOTAL_MARKET_CAP":59910255.73,"HKSK_MARKET_CAP":59910255.73,"PE_TTM":-0.807408155725,"PB_TTM":0.390976834079,"REPORT_DATE_SQ":"2022-12-31 00:00:00","REPORT_TYPE_SQ":"2022年年报","OPERATE_INCOME_SQ":72289000,"DPS_HKD":null,"OPERATE_INCOME_QOQ_SQ":11.83323019802,"NET_PROFIT_RATIO_SQ":-85.6063854805,"HOLDER_PROFIT_SQ":-61884000,"HOLDER_PROFIT_QOQ_SQ":-8.202052698757,"ROE_AVG_SQ":-26.746133449739,"PE_TTM_SQ":-0.714215570322,"PB_TTM_SQ":0.17724322537,"ROA_SQ":-20.430201598194,"START_DATE":"2023-01-01 00:00:00","FISCAL_YEAR":"12-31","CURRENCY":"HKD","IS_CNY_CODE":0,"DPS_HKD_LY":null,"ORG_TYPE":"一般企业","PREMIUM_INCOME":null,"PREMIUM_INCOME_YOY":null,"NET_INTEREST_INCOME":null,"NET_INTEREST_INCOME_YOY":null,"FEE_COMMISSION_INCOME":null,"FEE_COMMISSION_INCOME_YOY":null,"ACCOUNTS_RECE_TDAYS":1.324629443004,"INVENTORY_TDAYS":208.70821529745,"CURRENT_ASSETS_TDAYS":0.763211461677,"TOTAL_ASSETS_TDAYS":0.23183850459,"PREMIUM_EXPENSE":null,"LOAN_DEPOSIT":null,"LOAN_EQUITY":null,"LOAN_ASSETS":null,"DEPOSIT_EQUITY":null,"DEPOSIT_ASSETS":null,"EQUITY_MULTIPLIER":1.40715435948,"EQUITY_RATIO":0.407154359481},{"SECUCODE":"01380.HK","SECURITY_CODE":"01380","SECURITY_NAME_ABBR":"中国金石","ORG_CODE":"10156708","STD_REPORT_DATE":"2023-06-30 00:00:00","REPORT_DATE":"2023-06-30 00:00:00","DATE_TYPE_CODE":"002","REPORT_TYPE":"2023年中报","PER_NETCASH_OPERATE":-0.004851816441,"PER_OI":0.101228675072,"BPS":0.5395184782,"BASIC_EPS":-0.0619,"DILUTED_EPS":-0.0619,"OPERATE_INCOME":15043000,"OPERATE_INCOME_YOY":-41.7231627475,"GROSS_PROFIT":6181000,"GROSS_PROFIT_YOY":-31.007924991629,"HOLDER_PROFIT":-8986000,"HOLDER_PROFIT_YOY":60.5184534271,"GROSS_PROFIT_RATIO":41.088878548162,"EPS_TTM":-0.32374603189,"OPERATE_INCOME_QOQ":-14.898532280153,"NET_PROFIT_RATIO":-59.7354251147,"ROE_AVG":-4.539346730114,"GROSS_PROFIT_QOQ":-10.347139451728,"ROA":-3.097104176576,"HOLDER_PROFIT_QOQ":22.257772606813,"ROE_YEARLY":-9.078693460229,"ROIC_YEARLY":-6.25428476971,"TOTAL_ASSETS":288041000,"TOTAL_LIABILITIES":93326000,"TAX_EBT":null,"OCF_SALES":-4.792926942764,"TOTAL_PARENT_EQUITY":194715000,"DEBT_ASSET_RATIO":32.4002485757,"OPERATE_PROFIT":-8031000,"PRETAX_PROFIT":-8986000,"NETCASH_OPERATE":-721000,"NETCASH_INVEST":-225000,"NETCASH_FINANCE":903000,"END_CASH":2386000,"DIVI_RATIO":null,"DIVIDEND_RATE":null,"CURRENT_RATIO":1.047622725618,"COMMON_ACS":7500000000,"CURRENTDEBT_DEBT":97.110130081649,"ISSUED_COMMON_SHARES":360905155,"HK_COMMON_SHARES":360905155,"PER_SHARES":10000,"TOTAL_MARKET_CAP":59910255.73,"HKSK_MARKET_CAP":59910255.73,"PE_TTM":-0.807408155725,"PB_TTM":0.390976834079,"REPORT_DATE_SQ":"2022-06-30 00:00:00","REPORT_TYPE_SQ":"2022年中报","OPERATE_INCOME_SQ":25813000,"DPS_HKD":null,"OPERATE_INCOME_QOQ_SQ":-12.939243336431,"NET_PROFIT_RATIO_SQ":-88.1726261961,"HOLDER_PROFIT_SQ":-22760000,"HOLDER_PROFIT_QOQ_SQ":-13.608915021255,"ROE_AVG_SQ":-9.079612161734,"PE_TTM_SQ":-0.714215570322,"PB_TTM_SQ":0.17724322537,"ROA_SQ":-7.466285260647,"START_DATE":"2023-01-01 00:00:00","FISCAL_YEAR":"12-31","CURRENCY":"HKD","IS_CNY_CODE":0,"DPS_HKD_LY":null,"ORG_TYPE":"一般企业","PREMIUM_INCOME":null,"PREMIUM_INCOME_YOY":null,"NET_INTEREST_INCOME":null,"NET_INTEREST_INCOME_YOY":null,"FEE_COMMISSION_INCOME":null,"FEE_COMMISSION_INCOME_YOY":null,"ACCOUNTS_RECE_TDAYS":0.237078713663,"INVENTORY_TDAYS":117.377483443709,"CURRENT_ASSETS_TDAYS":0.16271938127,"TOTAL_ASSETS_TDAYS":0.051847026628,"PREMIUM_EXPENSE":null,"LOAN_DEPOSIT":null,"LOAN_EQUITY":null,"LOAN_ASSETS":null,"DEPOSIT_EQUITY":null,"DEPOSIT_ASSETS":null,"EQUITY_MULTIPLIER":1.479295380427,"EQUITY_RATIO":0.479295380428},{"SECUCODE":"01380.HK","SECURITY_CODE":"01380","SECURITY_NAME_ABBR":"中国金石","ORG_CODE":"10156708","STD_REPORT_DATE":"2022-12-31 00:00:00","REPORT_DATE":"2022-12-31 00:00:00","DATE_TYPE_CODE":"001","REPORT_TYPE":"2022年年报","PER_NETCASH_OPERATE":-0.068973973063,"PER_OI":0.51050061828,"BPS":0.557489958823,"BASIC_EPS":-0.437,"DILUTED_EPS":-0.437,"OPERATE_INCOME":72289000,"OPERATE_INCOME_YOY":-2.6371435883,"GROSS_PROFIT":26848000,"GROSS_PROFIT_YOY":76.225795864785,"HOLDER_PROFIT":-61884000,"HOLDER_PROFIT_YOY":-22.9271781018,"GROSS_PROFIT_RATIO":37.13981380293,"EPS_TTM":-0.437021127165,"OPERATE_INCOME_QOQ":11.83323019802,"NET_PROFIT_RATIO":-85.6063854805,"ROE_AVG":-26.746133449739,"GROSS_PROFIT_QOQ":56.329335041342,"ROA":-20.430201598194,"HOLDER_PROFIT_QOQ":-8.202052698757,"ROE_YEARLY":-26.746133449739,"ROIC_YEARLY":-20.784716764404,"TOTAL_ASSETS":292243000,"TOTAL_LIABILITIES":91042000,"TAX_EBT":-1.853253892492,"OCF_SALES":-13.5110459406,"TOTAL_PARENT_EQUITY":201201000,"DEBT_ASSET_RATIO":31.1528419842,"OPERATE_PROFIT":-58872000,"PRETAX_PROFIT":-60758000,"NETCASH_OPERATE":-9767000,"NETCASH_INVEST":-666000,"NETCASH_FINANCE":3952000,"END_CASH":3188000,"DIVI_RATIO":null,"DIVIDEND_RATE":null,"CURRENT_RATIO":1.033848629389,"COMMON_ACS":7500000000,"CURRENTDEBT_DEBT":95.565782825509,"ISSUED_COMMON_SHARES":360905155,"HK_COMMON_SHARES":360905155,"PER_SHARES":10000,"TOTAL_MARKET_CAP":59910255.73,"HKSK_MARKET_CAP":59910255.73,"PE_TTM":-0.807408155725,"PB_TTM":0.390976834079,"REPORT_DATE_SQ":"2021-12-31 00:00:00","REPORT_TYPE_SQ":"2021年年报","OPERATE_INCOME_SQ":74247000,"DPS_HKD":null,"OPERATE_INCOME_QOQ_SQ":8.07738216542,"NET_PROFIT_RATIO_SQ":-67.8034129325,"HOLDER_PROFIT_SQ":-50342000,"HOLDER_PROFIT_QOQ_SQ":-76.613808588268,"ROE_AVG_SQ":-17.521383138862,"PE_TTM_SQ":-0.714215570322,"PB_TTM_SQ":0.17724322537,"ROA_SQ":-15.063029421709,"START_DATE":"2022-01-01 00:00:00","FISCAL_YEAR":"12-31","CURRENCY":"HKD","IS_CNY_CODE":0,"DPS_HKD_LY":null,"ORG_TYPE":"一般企业","PREMIUM_INCOME":null,"PREMIUM_INCOME_YOY":null,"NET_INTEREST_INCOME":null,"NET_INTEREST_INCOME_YOY":null,"FEE_COMMISSION_INCOME":null,"FEE_COMMISSION_INCOME_YOY":null,"ACCOUNTS_RECE_TDAYS":1.06642964624,"INVENTORY_TDAYS":414.986301369863,"CURRENT_ASSETS_TDAYS":0.836547530189,"TOTAL_ASSETS_TDAYS":0.2386527767,"PREMIUM_EXPENSE":null,"LOAN_DEPOSIT":null,"LOAN_EQUITY":null,"LOAN_ASSETS":null,"DEPOSIT_EQUITY":null,"DEPOSIT_ASSETS":null,"EQUITY_MULTIPLIER":1.45249278085,"EQUITY_RATIO":0.452492780851},{"SECUCODE":"01380.HK","SECURITY_CODE":"01380","SECURITY_NAME_ABBR":"中国金石","ORG_CODE":"10156708","STD_REPORT_DATE":"2022-06-30 00:00:00","REPORT_DATE":"2022-06-30 00:00:00","DATE_TYPE_CODE":"002","REPORT_TYPE":"2022年中报","PER_NETCASH_OPERATE":-0.00274744795,"PER_OI":0.0091144935,"BPS":0.664421099776,"BASIC_EPS":-0.161,"DILUTED_EPS":-0.161,"OPERATE_INCOME":25813000,"OPERATE_INCOME_YOY":-27.123094297,"GROSS_PROFIT":8959000,"GROSS_PROFIT_YOY":27.621082621083,"HOLDER_PROFIT":-22760000,"HOLDER_PROFIT_YOY":-43.0636746496,"GROSS_PROFIT_RATIO":34.707318018053,"EPS_TTM":-0.020194678138,"OPERATE_INCOME_QOQ":-12.939243336431,"NET_PROFIT_RATIO":-88.1726261961,"ROE_AVG":-9.079612161734,"GROSS_PROFIT_QOQ":12.727272727273,"ROA":-7.466285260647,"HOLDER_PROFIT_QOQ":-13.608915021255,"ROE_YEARLY":-18.159224323467,"ROIC_YEARLY":-15.181911113112,"TOTAL_ASSETS":296108000,"TOTAL_LIABILITIES":56315000,"TAX_EBT":-1.584467752734,"OCF_SALES":-30.14372602952,"TOTAL_PARENT_EQUITY":239793000,"DEBT_ASSET_RATIO":19.0183986924,"OPERATE_PROFIT":-21483000,"PRETAX_PROFIT":-22405000,"NETCASH_OPERATE":-7781000,"NETCASH_INVEST":-68000,"NETCASH_FINANCE":3011000,"END_CASH":2868000,"DIVI_RATIO":null,"DIVIDEND_RATE":null,"CURRENT_RATIO":1.197021165404,"COMMON_ACS":7500000000,"CURRENTDEBT_DEBT":95.13983840895,"ISSUED_COMMON_SHARES":360905155,"HK_COMMON_SHARES":360905155,"PER_SHARES":10000,"TOTAL_MARKET_CAP":59910255.73,"HKSK_MARKET_CAP":59910255.73,"PE_TTM":-0.807408155725,"PB_TTM":0.390976834079,"REPORT_DATE_SQ":"2021-06-30 00:00:00","REPORT_TYPE_SQ":"2021年中报","OPERATE_INCOME_SQ":35420000,"DPS_HKD":null,"OPERATE_INCOME_QOQ_SQ":-5.589225589226,"NET_PROFIT_RATIO_SQ":-44.9153020892,"HOLDER_PROFIT_SQ":-15909000,"HOLDER_PROFIT_QOQ_SQ":6.38773030313,"ROE_AVG_SQ":-5.21804158624,"PE_TTM_SQ":-0.714215570322,"PB_TTM_SQ":0.17724322537,"ROA_SQ":-4.572037831609,"START_DATE":"2022-01-01 00:00:00","FISCAL_YEAR":"12-31","CURRENCY":"HKD","IS_CNY_CODE":0,"DPS_HKD_LY":null,"ORG_TYPE":"一般企业","PREMIUM_INCOME":null,"PREMIUM_INCOME_YOY":null,"NET_INTEREST_INCOME":null,"NET_INTEREST_INCOME_YOY":null,"FEE_COMMISSION_INCOME":null,"FEE_COMMISSION_INCOME_YOY":null,"ACCOUNTS_RECE_TDAYS":0.426287714894,"INVENTORY_TDAYS":221.763157894737,"CURRENT_ASSETS_TDAYS":0.351171000809,"TOTAL_ASSETS_TDAYS":0.084678041051,"PREMIUM_EXPENSE":null,"LOAN_DEPOSIT":null,"LOAN_EQUITY":null,"LOAN_ASSETS":null,"DEPOSIT_EQUITY":null,"DEPOSIT_ASSETS":null,"EQUITY_MULTIPLIER":1.23484839007,"EQUITY_RATIO":0.23484839007},{"SECUCODE":"01380.HK","SECURITY_CODE":"01380","SECURITY_NAME_ABBR":"中国金石","ORG_CODE":"10156708","STD_REPORT_DATE":"2021-12-31 00:00:00","REPORT_DATE":"2021-12-31 00:00:00","DATE_TYPE_CODE":"001","REPORT_TYPE":"2021年年报","PER_NETCASH_OPERATE":0.001943446024,"PER_OI":0.026216394798,"BPS":0.724705636305,"BASIC_EPS":-0.356,"DILUTED_EPS":-0.356,"OPERATE_INCOME":74247000,"OPERATE_INCOME_YOY":2.0366934653,"GROSS_PROFIT":15235000,"GROSS_PROFIT_YOY":120.765106506303,"HOLDER_PROFIT":-50342000,"HOLDER_PROFIT_YOY":-65.3321948176,"GROSS_PROFIT_RATIO":20.519347583067,"EPS_TTM":-0.017775610421,"OPERATE_INCOME_QOQ":8.07738216542,"NET_PROFIT_RATIO":-67.8034129325,"ROE_AVG":-17.521383138862,"GROSS_PROFIT_QOQ":34.2527317589,"ROA":-15.063029421709,"HOLDER_PROFIT_QOQ":-76.613808588268,"ROE_YEARLY":-17.521383138862,"ROIC_YEARLY":-15.32436657083,"TOTAL_ASSETS":313566000,"TOTAL_LIABILITIES":52016000,"TAX_EBT":-1.226574438993,"OCF_SALES":7.413094131749,"TOTAL_PARENT_EQUITY":261550000,"DEBT_ASSET_RATIO":16.5885331956,"OPERATE_PROFIT":-48934000,"PRETAX_PROFIT":-49732000,"NETCASH_OPERATE":5504000,"NETCASH_INVEST":-4739000,"NETCASH_FINANCE":2779000,"END_CASH":7145000,"DIVI_RATIO":null,"DIVIDEND_RATE":null,"CURRENT_RATIO":1.683260216102,"COMMON_ACS":7500000000,"CURRENTDEBT_DEBT":94.655490618271,"ISSUED_COMMON_SHARES":360905155,"HK_COMMON_SHARES":360905155,"PER_SHARES":10000,"TOTAL_MARKET_CAP":59910255.73,"HKSK_MARKET_CAP":59910255.73,"PE_TTM":-0.807408155725,"PB_TTM":0.390976834079,"REPORT_DATE_SQ":"2020-12-31 00:00:00","REPORT_TYPE_SQ":"2020年年报","OPERATE_INCOME_SQ":72765000,"DPS_HKD":null,"OPERATE_INCOME_QOQ_SQ":-4.102638445926,"NET_PROFIT_RATIO_SQ":-41.84566756,"HOLDER_PROFIT_SQ":-30449000,"HOLDER_PROFIT_QOQ_SQ":53.691846759844,"ROE_AVG_SQ":-9.218463569222,"PE_TTM_SQ":-0.714215570322,"PB_TTM_SQ":0.17724322537,"ROA_SQ":-8.195536583035,"START_DATE":"2021-01-01 00:00:00","FISCAL_YEAR":"12-31","CURRENCY":"HKD","IS_CNY_CODE":0,"DPS_HKD_LY":null,"ORG_TYPE":"一般企业","PREMIUM_INCOME":null,"PREMIUM_INCOME_YOY":null,"NET_INTEREST_INCOME":null,"NET_INTEREST_INCOME_YOY":null,"FEE_COMMISSION_INCOME":null,"FEE_COMMISSION_INCOME_YOY":null,"ACCOUNTS_RECE_TDAYS":0.989175254298,"INVENTORY_TDAYS":265.222471910112,"CURRENT_ASSETS_TDAYS":0.870656800779,"TOTAL_ASSETS_TDAYS":0.22215739253,"PREMIUM_EXPENSE":null,"LOAN_DEPOSIT":null,"LOAN_EQUITY":null,"LOAN_ASSETS":null,"DEPOSIT_EQUITY":null,"DEPOSIT_ASSETS":null,"EQUITY_MULTIPLIER":1.198875931945,"EQUITY_RATIO":0.198875931944},{"SECUCODE":"01380.HK","SECURITY_CODE":"01380","SECURITY_NAME_ABBR":"中国金石","ORG_CODE":"10156708","STD_REPORT_DATE":"2021-06-30 00:00:00","REPORT_DATE":"2021-06-30 00:00:00","DATE_TYPE_CODE":"002","REPORT_TYPE":"2021年中报","PER_NETCASH_OPERATE":0.002317022677,"PER_OI":0.012506696617,"BPS":0.822055312565,"BASIC_EPS":-0.0056,"DILUTED_EPS":-0.0056,"OPERATE_INCOME":35420000,"OPERATE_INCOME_YOY":-10.2995922709,"GROSS_PROFIT":7020000,"GROSS_PROFIT_YOY":172.833268558103,"HOLDER_PROFIT":-15909000,"HOLDER_PROFIT_YOY":10.8939173294,"GROSS_PROFIT_RATIO":19.819311123659,"EPS_TTM":-0.010064677594,"OPERATE_INCOME_QOQ":-5.589225589226,"NET_PROFIT_RATIO":-44.9153020892,"ROE_AVG":-5.21804158624,"GROSS_PROFIT_QOQ":64.439936241124,"ROA":-4.572037831609,"HOLDER_PROFIT_QOQ":6.38773030313,"ROE_YEARLY":-10.43608317248,"ROIC_YEARLY":-9.329711074524,"TOTAL_ASSETS":341074000,"TOTAL_LIABILITIES":44390000,"TAX_EBT":-1.182980347262,"OCF_SALES":18.526256352343,"TOTAL_PARENT_EQUITY":296684000,"DEBT_ASSET_RATIO":13.0147709881,"OPERATE_PROFIT":-15362000,"PRETAX_PROFIT":-15723000,"NETCASH_OPERATE":6562000,"NETCASH_INVEST":-411000,"NETCASH_FINANCE":148000,"END_CASH":9593000,"DIVI_RATIO":null,"DIVIDEND_RATE":null,"CURRENT_RATIO":1.838192918193,"COMMON_ACS":7500000000,"CURRENTDEBT_DEBT":92.250506870917,"ISSUED_COMMON_SHARES":360905155,"HK_COMMON_SHARES":360905155,"PER_SHARES":10000,"TOTAL_MARKET_CAP":59910255.73,"HKSK_MARKET_CAP":59910255.73,"PE_TTM":-0.807408155725,"PB_TTM":0.390976834079,"REPORT_DATE_SQ":"2020-06-30 00:00:00","REPORT_TYPE_SQ":"2020年中报","OPERATE_INCOME_SQ":39487000,"DPS_HKD":null,"OPERATE_INCOME_QOQ_SQ":15.510968350865,"NET_PROFIT_RATIO_SQ":-45.2148808469,"HOLDER_PROFIT_SQ":-17854000,"HOLDER_PROFIT_QOQ_SQ":4.017225020072,"ROE_AVG_SQ":-5.258646842426,"PE_TTM_SQ":-0.714215570322,"PB_TTM_SQ":0.17724322537,"ROA_SQ":-4.669531399159,"START_DATE":"2021-01-01 00:00:00","FISCAL_YEAR":"12-31","CURRENCY":"HKD","IS_CNY_CODE":0,"DPS_HKD_LY":null,"ORG_TYPE":"一般企业","PREMIUM_INCOME":null,"PREMIUM_INCOME_YOY":null,"NET_INTEREST_INCOME":null,"NET_INTEREST_INCOME_YOY":null,"FEE_COMMISSION_INCOME":null,"FEE_COMMISSION_INCOME_YOY":null,"ACCOUNTS_RECE_TDAYS":0.507748104187,"INVENTORY_TDAYS":78.236914600551,"CURRENT_ASSETS_TDAYS":0.434731913275,"TOTAL_ASSETS_TDAYS":0.101792431954,"PREMIUM_EXPENSE":null,"LOAN_DEPOSIT":null,"LOAN_EQUITY":null,"LOAN_ASSETS":null,"DEPOSIT_EQUITY":null,"DEPOSIT_ASSETS":null,"EQUITY_MULTIPLIER":1.149620471613,"EQUITY_RATIO":0.149620471613},{"SECUCODE":"01380.HK","SECURITY_CODE":"01380","SECURITY_NAME_ABBR":"中国金石","ORG_CODE":"10156708","STD_REPORT_DATE":"2020-12-31 00:00:00","REPORT_DATE":"2020-12-31 00:00:00","DATE_TYPE_CODE":"001","REPORT_TYPE":"2020年年报","PER_NETCASH_OPERATE":-0.015235430425,"PER_OI":0.025693105008,"BPS":0.867499384984,"BASIC_EPS":-0.011,"DILUTED_EPS":-0.011,"OPERATE_INCOME":72765000,"OPERATE_INCOME_YOY":10.771970954,"GROSS_PROFIT":6901000,"GROSS_PROFIT_YOY":55.813953488372,"HOLDER_PROFIT":-30449000,"HOLDER_PROFIT_YOY":55.5521494781,"GROSS_PROFIT_RATIO":9.483955198241,"EPS_TTM":-0.010751451307,"OPERATE_INCOME_QOQ":-4.102638445926,"NET_PROFIT_RATIO":-41.84566756,"ROE_AVG":-9.218463569222,"GROSS_PROFIT_QOQ":161.996962794229,"ROA":-8.195536583035,"HOLDER_PROFIT_QOQ":53.691846759844,"ROE_YEARLY":-9.218463569222,"ROIC_YEARLY":-8.828522427938,"TOTAL_ASSETS":354852000,"TOTAL_LIABILITIES":41767000,"TAX_EBT":null,"OCF_SALES":-59.297739297739,"TOTAL_PARENT_EQUITY":313085000,"DEBT_ASSET_RATIO":11.7702591503,"OPERATE_PROFIT":-29813000,"PRETAX_PROFIT":-30449000,"NETCASH_OPERATE":-36833000,"NETCASH_INVEST":-6337000,"NETCASH_FINANCE":3649000,"END_CASH":4254000,"DIVI_RATIO":null,"DIVIDEND_RATE":null,"CURRENT_RATIO":2.290233262806,"COMMON_ACS":7500000000,"CURRENTDEBT_DEBT":91.658486364834,"ISSUED_COMMON_SHARES":360905155,"HK_COMMON_SHARES":360905155,"PER_SHARES":10000,"TOTAL_MARKET_CAP":59910255.73,"HKSK_MARKET_CAP":59910255.73,"PE_TTM":-0.807408155725,"PB_TTM":0.390976834079,"REPORT_DATE_SQ":"2019-12-31 00:00:00","REPORT_TYPE_SQ":"2019年年报","OPERATE_INCOME_SQ":65689000,"DPS_HKD":null,"OPERATE_INCOME_QOQ_SQ":-8.643469069871,"NET_PROFIT_RATIO_SQ":-104.2868669031,"HOLDER_PROFIT_SQ":-68505000,"HOLDER_PROFIT_QOQ_SQ":-67.818034835011,"ROE_AVG_SQ":-18.298448618501,"PE_TTM_SQ":-0.714215570322,"PB_TTM_SQ":0.17724322537,"ROA_SQ":-16.805784693133,"START_DATE":"2020-01-01 00:00:00","FISCAL_YEAR":"12-31","CURRENCY":"HKD","IS_CNY_CODE":0,"DPS_HKD_LY":null,"ORG_TYPE":"一般企业","PREMIUM_INCOME":null,"PREMIUM_INCOME_YOY":null,"NET_INTEREST_INCOME":null,"NET_INTEREST_INCOME_YOY":null,"FEE_COMMISSION_INCOME":null,"FEE_COMMISSION_INCOME_YOY":null,"ACCOUNTS_RECE_TDAYS":1.052886702359,"INVENTORY_TDAYS":181.443526170799,"CURRENT_ASSETS_TDAYS":0.726908553276,"TOTAL_ASSETS_TDAYS":0.195851495768,"PREMIUM_EXPENSE":null,"LOAN_DEPOSIT":null,"LOAN_EQUITY":null,"LOAN_ASSETS":null,"DEPOSIT_EQUITY":null,"DEPOSIT_ASSETS":null,"EQUITY_MULTIPLIER":1.133404666464,"EQUITY_RATIO":0.133404666464},{"SECUCODE":"01380.HK","SECURITY_CODE":"01380","SECURITY_NAME_ABBR":"中国金石","ORG_CODE":"10156708","STD_REPORT_DATE":"2020-06-30 00:00:00","REPORT_DATE":"2020-06-30 00:00:00","DATE_TYPE_CODE":"002","REPORT_TYPE":"2020年中报","PER_NETCASH_OPERATE":-0.011177992513,"PER_OI":0.013942742217,"BPS":0.918551579015,"BASIC_EPS":-0.0063,"DILUTED_EPS":-0.0063,"OPERATE_INCOME":39487000,"OPERATE_INCOME_YOY":34.777117892,"GROSS_PROFIT":2573000,"GROSS_PROFIT_YOY":-41.094322344322,"HOLDER_PROFIT":-17854000,"HOLDER_PROFIT_YOY":13.355333398,"GROSS_PROFIT_RATIO":6.516068579533,"EPS_TTM":-0.02321718867,"OPERATE_INCOME_QOQ":15.510968350865,"NET_PROFIT_RATIO":-45.2148808469,"ROE_AVG":-5.258646842426,"GROSS_PROFIT_QOQ":-40.528335967487,"ROA":-4.669531399159,"HOLDER_PROFIT_QOQ":4.017225020072,"ROE_YEARLY":-10.517293684852,"ROIC_YEARLY":-10.274027782573,"TOTAL_ASSETS":376491000,"TOTAL_LIABILITIES":44981000,"TAX_EBT":null,"OCF_SALES":-80.170689087548,"TOTAL_PARENT_EQUITY":331510000,"DEBT_ASSET_RATIO":11.9474303503,"OPERATE_PROFIT":-17537000,"PRETAX_PROFIT":-17854000,"NETCASH_OPERATE":-31657000,"NETCASH_INVEST":-2892000,"NETCASH_FINANCE":3544000,"END_CASH":20568000,"DIVI_RATIO":null,"DIVIDEND_RATE":null,"CURRENT_RATIO":2.58261990466,"COMMON_ACS":7500000000,"CURRENTDEBT_DEBT":91.407483159556,"ISSUED_COMMON_SHARES":360905155,"HK_COMMON_SHARES":360905155,"PER_SHARES":10000,"TOTAL_MARKET_CAP":59910255.73,"HKSK_MARKET_CAP":59910255.73,"PE_TTM":-0.807408155725,"PB_TTM":0.390976834079,"REPORT_DATE_SQ":"2019-06-30 00:00:00","REPORT_TYPE_SQ":"2019年中报","OPERATE_INCOME_SQ":29298000,"DPS_HKD":null,"OPERATE_INCOME_QOQ_SQ":6.179949497187,"NET_PROFIT_RATIO_SQ":-70.3324459007,"HOLDER_PROFIT_SQ":-20606000,"HOLDER_PROFIT_QOQ_SQ":-111.837052413077,"ROE_AVG_SQ":-5.198855071129,"PE_TTM_SQ":-0.714215570322,"PB_TTM_SQ":0.17724322537,"ROA_SQ":-4.873537773111,"START_DATE":"2020-01-01 00:00:00","FISCAL_YEAR":"12-31","CURRENCY":"HKD","IS_CNY_CODE":0,"DPS_HKD_LY":null,"ORG_TYPE":"一般企业","PREMIUM_INCOME":null,"PREMIUM_INCOME_YOY":null,"NET_INTEREST_INCOME":null,"NET_INTEREST_INCOME_YOY":null,"FEE_COMMISSION_INCOME":null,"FEE_COMMISSION_INCOME_YOY":null,"ACCOUNTS_RECE_TDAYS":0.559230698419,"INVENTORY_TDAYS":101.831724137931,"CURRENT_ASSETS_TDAYS":0.361083424015,"TOTAL_ASSETS_TDAYS":0.103274216623,"PREMIUM_EXPENSE":null,"LOAN_DEPOSIT":null,"LOAN_EQUITY":null,"LOAN_ASSETS":null,"DEPOSIT_EQUITY":null,"DEPOSIT_ASSETS":null,"EQUITY_MULTIPLIER":1.135685198034,"EQUITY_RATIO":0.135685198033}],"count":33},"success":true,"message":"ok","code":0}