{"version":"2bc9563bcafc5b07fc4a1ab5dacbca21","result":{"pages":5,"data":[{"SECUCODE":"01388.HK","SECURITY_CODE":"01388","SECURITY_NAME_ABBR":"安莉芳控股","ORG_CODE":"10077737","STD_REPORT_DATE":"2024-06-30 00:00:00","REPORT_DATE":"2024-06-30 00:00:00","DATE_TYPE_CODE":"002","REPORT_TYPE":"2024年中报","PER_NETCASH_OPERATE":0.019793399994,"PER_OI":1.364195438154,"BPS":4.392177280858,"BASIC_EPS":-0.177698796,"DILUTED_EPS":-0.177698796,"OPERATE_INCOME":576258850.56,"OPERATE_INCOME_YOY":-11.0201665751,"GROSS_PROFIT":436556748.32,"GROSS_PROFIT_YOY":-10.366607446211,"HOLDER_PROFIT":-75054239.8,"HOLDER_PROFIT_YOY":-1632.2340227315,"GROSS_PROFIT_RATIO":75.75705742233,"EPS_TTM":-0.344216061442,"OPERATE_INCOME_QOQ":-6.71248968786,"NET_PROFIT_RATIO":-13.0243968881,"ROE_AVG":-3.924157607645,"GROSS_PROFIT_QOQ":-5.827324478838,"ROA":-2.964946497741,"HOLDER_PROFIT_QOQ":-122.327832615097,"ROE_YEARLY":-7.848315215291,"ROIC_YEARLY":-6.532155186246,"TOTAL_ASSETS":2450255567.76,"TOTAL_LIABILITIES":594926807.28,"TAX_EBT":17.15943547331,"OCF_SALES":1.450921139324,"TOTAL_PARENT_EQUITY":1855328760.48,"DEBT_ASSET_RATIO":24.2801940789,"OPERATE_PROFIT":-42301805.32,"PRETAX_PROFIT":-90600830.92,"NETCASH_OPERATE":8361061.48,"NETCASH_INVEST":-3942777.6,"NETCASH_FINANCE":-44869174.16,"END_CASH":207940447.8,"DIVI_RATIO":null,"DIVIDEND_RATE":null,"CURRENT_RATIO":2.22249501977,"COMMON_ACS":1000000000,"CURRENTDEBT_DEBT":55.986076465914,"ISSUED_COMMON_SHARES":422416638,"HK_COMMON_SHARES":422416638,"PER_SHARES":1000,"TOTAL_MARKET_CAP":209096235.81,"HKSK_MARKET_CAP":209096235.81,"PE_TTM":-1.30873277718,"PB_TTM":0.102859372724,"REPORT_DATE_SQ":"2023-06-30 00:00:00","REPORT_TYPE_SQ":"2023年中报","OPERATE_INCOME_SQ":654227788.2,"DPS_HKD":null,"OPERATE_INCOME_QOQ_SQ":1.612972400748,"NET_PROFIT_RATIO_SQ":0.7563522598,"HOLDER_PROFIT_SQ":4948266.66,"HOLDER_PROFIT_QOQ_SQ":8.725916100309,"ROE_AVG_SQ":0.241134477737,"PE_TTM_SQ":-3.506054499447,"PB_TTM_SQ":0.075600258461,"ROA_SQ":0.184253991054,"START_DATE":"2024-01-01 00:00:00","FISCAL_YEAR":"12-31","CURRENCY":"HKD","IS_CNY_CODE":0,"DPS_HKD_LY":null,"ORG_TYPE":"一般企业","PREMIUM_INCOME":null,"PREMIUM_INCOME_YOY":null,"NET_INTEREST_INCOME":null,"NET_INTEREST_INCOME_YOY":null,"FEE_COMMISSION_INCOME":null,"FEE_COMMISSION_INCOME_YOY":null,"ACCOUNTS_RECE_TDAYS":12.762742184894,"INVENTORY_TDAYS":0.323758498851,"CURRENT_ASSETS_TDAYS":0.75589058004,"TOTAL_ASSETS_TDAYS":0.227645588752,"PREMIUM_EXPENSE":null,"LOAN_DEPOSIT":null,"LOAN_EQUITY":null,"LOAN_ASSETS":null,"DEPOSIT_EQUITY":null,"DEPOSIT_ASSETS":null,"EQUITY_MULTIPLIER":1.320658429899,"EQUITY_RATIO":0.320658429898},{"SECUCODE":"01388.HK","SECURITY_CODE":"01388","SECURITY_NAME_ABBR":"安莉芳控股","ORG_CODE":"10077737","STD_REPORT_DATE":"2023-12-31 00:00:00","REPORT_DATE":"2023-12-31 00:00:00","DATE_TYPE_CODE":"001","REPORT_TYPE":"2023年年报","PER_NETCASH_OPERATE":0.081419286898,"PER_OI":2.749773799535,"BPS":4.630425887817,"BASIC_EPS":-0.154782376,"DILUTED_EPS":-0.154782376,"OPERATE_INCOME":1161550203.66,"OPERATE_INCOME_YOY":-3.9359379555,"GROSS_PROFIT":866439660.66,"GROSS_PROFIT_YOY":-3.124606503692,"HOLDER_PROFIT":-65400084.96,"HOLDER_PROFIT_YOY":-40.8458400827,"GROSS_PROFIT_RATIO":74.593388897861,"EPS_TTM":-0.154823648211,"OPERATE_INCOME_QOQ":-4.090266304025,"NET_PROFIT_RATIO":-5.6304139721,"ROE_AVG":-3.257623940521,"GROSS_PROFIT_QOQ":-3.665130892114,"ROA":-2.471814979676,"HOLDER_PROFIT_QOQ":-56.547968355648,"ROE_YEARLY":-3.257623940521,"ROIC_YEARLY":-2.788840618578,"TOTAL_ASSETS":2594024844.74,"TOTAL_LIABILITIES":638055908.7,"TAX_EBT":22.612192375744,"OCF_SALES":2.960944893439,"TOTAL_PARENT_EQUITY":1955968936.04,"DEBT_ASSET_RATIO":24.5971394605,"OPERATE_PROFIT":-66422301.12,"PRETAX_PROFIT":-84509546.1,"NETCASH_OPERATE":34392861.44,"NETCASH_INVEST":-15402115.12,"NETCASH_FINANCE":-91947799.86,"END_CASH":257013054.2,"DIVI_RATIO":null,"DIVIDEND_RATE":null,"CURRENT_RATIO":2.394103228322,"COMMON_ACS":1000000000,"CURRENTDEBT_DEBT":50.989582223737,"ISSUED_COMMON_SHARES":422416638,"HK_COMMON_SHARES":422416638,"PER_SHARES":1000,"TOTAL_MARKET_CAP":190087487.1,"HKSK_MARKET_CAP":190087487.1,"PE_TTM":-1.189757070163,"PB_TTM":0.093508520658,"REPORT_DATE_SQ":"2022-12-31 00:00:00","REPORT_TYPE_SQ":"2022年年报","OPERATE_INCOME_SQ":1191862469.63,"DPS_HKD":null,"OPERATE_INCOME_QOQ_SQ":-4.231270151021,"NET_PROFIT_RATIO_SQ":-3.8402301185,"HOLDER_PROFIT_SQ":-45770261.53,"HOLDER_PROFIT_QOQ_SQ":6.475585509163,"ROE_AVG_SQ":-2.140038696029,"PE_TTM_SQ":-3.506054499447,"PB_TTM_SQ":0.075600258461,"ROA_SQ":-1.631404318212,"START_DATE":"2023-01-01 00:00:00","FISCAL_YEAR":"12-31","CURRENCY":"HKD","IS_CNY_CODE":0,"DPS_HKD_LY":null,"ORG_TYPE":"一般企业","PREMIUM_INCOME":null,"PREMIUM_INCOME_YOY":null,"NET_INTEREST_INCOME":null,"NET_INTEREST_INCOME_YOY":null,"FEE_COMMISSION_INCOME":null,"FEE_COMMISSION_INCOME_YOY":null,"ACCOUNTS_RECE_TDAYS":27.669606139432,"INVENTORY_TDAYS":0.698654823969,"CURRENT_ASSETS_TDAYS":1.419251505062,"TOTAL_ASSETS_TDAYS":0.439011232907,"PREMIUM_EXPENSE":null,"LOAN_DEPOSIT":null,"LOAN_EQUITY":null,"LOAN_ASSETS":null,"DEPOSIT_EQUITY":null,"DEPOSIT_ASSETS":null,"EQUITY_MULTIPLIER":1.326209632957,"EQUITY_RATIO":0.326209632957},{"SECUCODE":"01388.HK","SECURITY_CODE":"01388","SECURITY_NAME_ABBR":"安莉芳控股","ORG_CODE":"10077737","STD_REPORT_DATE":"2023-06-30 00:00:00","REPORT_DATE":"2023-06-30 00:00:00","DATE_TYPE_CODE":"002","REPORT_TYPE":"2023年中报","PER_NETCASH_OPERATE":0.198174239718,"PER_OI":1.548773720887,"BPS":4.756229771139,"BASIC_EPS":0.011709146,"DILUTED_EPS":0.011709146,"OPERATE_INCOME":654227788.2,"OPERATE_INCOME_YOY":-4.4360556961,"GROSS_PROFIT":487046998.76,"GROSS_PROFIT_YOY":1.041079106625,"HOLDER_PROFIT":4948266.66,"HOLDER_PROFIT_YOY":380.9139784946,"GROSS_PROFIT_RATIO":74.446088586367,"EPS_TTM":-0.098898535597,"OPERATE_INCOME_QOQ":1.612972400748,"NET_PROFIT_RATIO":0.7563522598,"ROE_AVG":0.241134477737,"GROSS_PROFIT_QOQ":0.561089036014,"ROA":0.184253991054,"HOLDER_PROFIT_QOQ":8.725916100309,"ROE_YEARLY":0.482268955475,"ROIC_YEARLY":0.424320514972,"TOTAL_ASSETS":2626581801.02,"TOTAL_LIABILITIES":617471211.54,"TAX_EBT":-32.322485207101,"OCF_SALES":12.795557998281,"TOTAL_PARENT_EQUITY":2009110589.48,"DEBT_ASSET_RATIO":23.508546785,"OPERATE_PROFIT":12305667.06,"PRETAX_PROFIT":3739550.88,"NETCASH_OPERATE":83878052.48,"NETCASH_INVEST":-11037022.58,"NETCASH_FINANCE":-41362788.74,"END_CASH":355970024.14,"DIVI_RATIO":null,"DIVIDEND_RATE":null,"CURRENT_RATIO":3.3421937251,"COMMON_ACS":1000000000,"CURRENTDEBT_DEBT":40.776261230389,"ISSUED_COMMON_SHARES":422416638,"HK_COMMON_SHARES":422416638,"PER_SHARES":1000,"TOTAL_MARKET_CAP":190087487.1,"HKSK_MARKET_CAP":190087487.1,"PE_TTM":-1.189757070163,"PB_TTM":0.093508520658,"REPORT_DATE_SQ":"2022-06-30 00:00:00","REPORT_TYPE_SQ":"2022年中报","OPERATE_INCOME_SQ":635003375.51,"DPS_HKD":null,"OPERATE_INCOME_QOQ_SQ":-7.882054086054,"NET_PROFIT_RATIO_SQ":0.1502971601,"HOLDER_PROFIT_SQ":954392.04,"HOLDER_PROFIT_QOQ_SQ":-117.78189473212,"ROE_AVG_SQ":0.045103583654,"PE_TTM_SQ":-3.506054499447,"PB_TTM_SQ":0.075600258461,"ROA_SQ":0.034346070514,"START_DATE":"2023-01-01 00:00:00","FISCAL_YEAR":"12-31","CURRENCY":"HKD","IS_CNY_CODE":0,"DPS_HKD_LY":null,"ORG_TYPE":"一般企业","PREMIUM_INCOME":null,"PREMIUM_INCOME_YOY":null,"NET_INTEREST_INCOME":null,"NET_INTEREST_INCOME_YOY":null,"FEE_COMMISSION_INCOME":null,"FEE_COMMISSION_INCOME_YOY":null,"ACCOUNTS_RECE_TDAYS":15.362416107383,"INVENTORY_TDAYS":0.413595213711,"CURRENT_ASSETS_TDAYS":0.763228147769,"TOTAL_ASSETS_TDAYS":0.243608700414,"PREMIUM_EXPENSE":null,"LOAN_DEPOSIT":null,"LOAN_EQUITY":null,"LOAN_ASSETS":null,"DEPOSIT_EQUITY":null,"DEPOSIT_ASSETS":null,"EQUITY_MULTIPLIER":1.30733560152,"EQUITY_RATIO":0.307335601521},{"SECUCODE":"01388.HK","SECURITY_CODE":"01388","SECURITY_NAME_ABBR":"安莉芳控股","ORG_CODE":"10077737","STD_REPORT_DATE":"2022-12-31 00:00:00","REPORT_DATE":"2022-12-31 00:00:00","DATE_TYPE_CODE":"001","REPORT_TYPE":"2022年年报","PER_NETCASH_OPERATE":0.305613610016,"PER_OI":2.821532966299,"BPS":4.805222671272,"BASIC_EPS":-0.108353651,"DILUTED_EPS":-0.108353651,"OPERATE_INCOME":1191862469.63,"OPERATE_INCOME_YOY":-19.2530537252,"GROSS_PROFIT":894385694.23,"GROSS_PROFIT_YOY":-9.271447959448,"HOLDER_PROFIT":-45770261.53,"HOLDER_PROFIT_YOY":-86.4253229034,"GROSS_PROFIT_RATIO":75.041014967746,"EPS_TTM":-0.108353358776,"OPERATE_INCOME_QOQ":-4.231270151021,"NET_PROFIT_RATIO":-3.8402301185,"ROE_AVG":-2.140038696029,"GROSS_PROFIT_QOQ":-3.031654146861,"ROA":-1.631404318212,"HOLDER_PROFIT_QOQ":6.475585509163,"ROE_YEARLY":-2.140038696029,"ROIC_YEARLY":-1.855555040516,"TOTAL_ASSETS":2659090602.35,"TOTAL_LIABILITIES":629284596.71,"TAX_EBT":0.75346711087,"OCF_SALES":10.831474013111,"TOTAL_PARENT_EQUITY":2029806005.64,"DEBT_ASSET_RATIO":23.6654063669,"OPERATE_PROFIT":-35242181.31,"PRETAX_PROFIT":-46117743.56,"NETCASH_OPERATE":129096273.67,"NETCASH_INVEST":-19728761.22,"NETCASH_FINANCE":-77427750.33,"END_CASH":333990079.92,"DIVI_RATIO":null,"DIVIDEND_RATE":null,"CURRENT_RATIO":3.57069687975,"COMMON_ACS":1000000000,"CURRENTDEBT_DEBT":37.636502747444,"ISSUED_COMMON_SHARES":422416638,"HK_COMMON_SHARES":422416638,"PER_SHARES":1000,"TOTAL_MARKET_CAP":190087487.1,"HKSK_MARKET_CAP":190087487.1,"PE_TTM":-1.189757070163,"PB_TTM":0.093508520658,"REPORT_DATE_SQ":"2021-12-31 00:00:00","REPORT_TYPE_SQ":"2021年年报","OPERATE_INCOME_SQ":1351008780.8,"DPS_HKD":null,"OPERATE_INCOME_QOQ_SQ":-4.427310015129,"NET_PROFIT_RATIO_SQ":-1.6633301219,"HOLDER_PROFIT_SQ":-22471736,"HOLDER_PROFIT_QOQ_SQ":-137.200401904673,"ROE_AVG_SQ":-1.098375874335,"PE_TTM_SQ":-3.506054499447,"PB_TTM_SQ":0.075600258461,"ROA_SQ":-0.816278406028,"START_DATE":"2022-01-01 00:00:00","FISCAL_YEAR":"12-31","CURRENCY":"HKD","IS_CNY_CODE":0,"DPS_HKD_LY":null,"ORG_TYPE":"一般企业","PREMIUM_INCOME":null,"PREMIUM_INCOME_YOY":null,"NET_INTEREST_INCOME":null,"NET_INTEREST_INCOME_YOY":null,"FEE_COMMISSION_INCOME":null,"FEE_COMMISSION_INCOME_YOY":null,"ACCOUNTS_RECE_TDAYS":26.850240476526,"INVENTORY_TDAYS":0.676447826255,"CURRENT_ASSETS_TDAYS":1.340184574713,"TOTAL_ASSETS_TDAYS":0.42481941651,"PREMIUM_EXPENSE":null,"LOAN_DEPOSIT":null,"LOAN_EQUITY":null,"LOAN_ASSETS":null,"DEPOSIT_EQUITY":null,"DEPOSIT_ASSETS":null,"EQUITY_MULTIPLIER":1.310022039033,"EQUITY_RATIO":0.310022039033},{"SECUCODE":"01388.HK","SECURITY_CODE":"01388","SECURITY_NAME_ABBR":"安莉芳控股","ORG_CODE":"10077737","STD_REPORT_DATE":"2022-06-30 00:00:00","REPORT_DATE":"2022-06-30 00:00:00","DATE_TYPE_CODE":"002","REPORT_TYPE":"2022年中报","PER_NETCASH_OPERATE":0.208270243513,"PER_OI":1.503263172863,"BPS":4.924307512338,"BASIC_EPS":0.002223494,"DILUTED_EPS":0.002223494,"OPERATE_INCOME":635003375.51,"OPERATE_INCOME_YOY":-16.6754757168,"GROSS_PROFIT":482028698.69,"GROSS_PROFIT_YOY":-11.629369601262,"HOLDER_PROFIT":954392.04,"HOLDER_PROFIT_YOY":-96.6136667071,"GROSS_PROFIT_RATIO":75.909627772114,"EPS_TTM":-0.11585569326,"OPERATE_INCOME_QOQ":-7.882054086054,"NET_PROFIT_RATIO":0.1502971601,"ROE_AVG":0.045103583654,"GROSS_PROFIT_QOQ":-6.434877028879,"ROA":0.034346070514,"HOLDER_PROFIT_QOQ":-117.78189473212,"ROE_YEARLY":0.090207167307,"ROIC_YEARLY":0.078089849509,"TOTAL_ASSETS":2731291283.77,"TOTAL_LIABILITIES":651181859.93,"TAX_EBT":89.683860232945,"OCF_SALES":13.854543054884,"TOTAL_PARENT_EQUITY":2080109423.84,"DEBT_ASSET_RATIO":23.8415383888,"OPERATE_PROFIT":13059606.49,"PRETAX_PROFIT":9251445.42,"NETCASH_OPERATE":87976816.06,"NETCASH_INVEST":-1849775.97,"NETCASH_FINANCE":-48391781.34,"END_CASH":345011012.08,"DIVI_RATIO":null,"DIVIDEND_RATE":null,"CURRENT_RATIO":3.30805213321,"COMMON_ACS":1000000000,"CURRENTDEBT_DEBT":41.635727765688,"ISSUED_COMMON_SHARES":422416638,"HK_COMMON_SHARES":422416638,"PER_SHARES":1000,"TOTAL_MARKET_CAP":190087487.1,"HKSK_MARKET_CAP":190087487.1,"PE_TTM":-1.189757070163,"PB_TTM":0.093508520658,"REPORT_DATE_SQ":"2021-06-30 00:00:00","REPORT_TYPE_SQ":"2021年中报","OPERATE_INCOME_SQ":741490618.32,"DPS_HKD":null,"OPERATE_INCOME_QOQ_SQ":1.762305750356,"NET_PROFIT_RATIO_SQ":3.6982299981,"HOLDER_PROFIT_SQ":27422028.48,"HOLDER_PROFIT_QOQ_SQ":2641.54575183242,"ROE_AVG_SQ":1.307910644891,"PE_TTM_SQ":-3.506054499447,"PB_TTM_SQ":0.075600258461,"ROA_SQ":0.96956445503,"START_DATE":"2022-01-01 00:00:00","FISCAL_YEAR":"12-31","CURRENCY":"HKD","IS_CNY_CODE":0,"DPS_HKD_LY":null,"ORG_TYPE":"一般企业","PREMIUM_INCOME":null,"PREMIUM_INCOME_YOY":null,"NET_INTEREST_INCOME":null,"NET_INTEREST_INCOME_YOY":null,"FEE_COMMISSION_INCOME":null,"FEE_COMMISSION_INCOME_YOY":null,"ACCOUNTS_RECE_TDAYS":12.084547843989,"INVENTORY_TDAYS":0.348921652676,"CURRENT_ASSETS_TDAYS":0.709465766867,"TOTAL_ASSETS_TDAYS":0.228521087749,"PREMIUM_EXPENSE":null,"LOAN_DEPOSIT":null,"LOAN_EQUITY":null,"LOAN_ASSETS":null,"DEPOSIT_EQUITY":null,"DEPOSIT_ASSETS":null,"EQUITY_MULTIPLIER":1.313051732984,"EQUITY_RATIO":0.313051732984},{"SECUCODE":"01388.HK","SECURITY_CODE":"01388","SECURITY_NAME_ABBR":"安莉芳控股","ORG_CODE":"10077737","STD_REPORT_DATE":"2021-12-31 00:00:00","REPORT_DATE":"2021-12-31 00:00:00","DATE_TYPE_CODE":"001","REPORT_TYPE":"2021年年报","PER_NETCASH_OPERATE":0.331685938943,"PER_OI":3.198284961493,"BPS":4.870321430852,"BASIC_EPS":-0.05322576,"DILUTED_EPS":-0.05322576,"OPERATE_INCOME":1351008780.8,"OPERATE_INCOME_YOY":0.1166325251,"GROSS_PROFIT":985781955.2,"GROSS_PROFIT_YOY":-0.949169444139,"HOLDER_PROFIT":-22471736,"HOLDER_PROFIT_YOY":-873.2648725212,"GROSS_PROFIT_RATIO":72.966361818631,"EPS_TTM":-0.053198037147,"OPERATE_INCOME_QOQ":-4.427310015129,"NET_PROFIT_RATIO":-1.6633301219,"ROE_AVG":-1.098375874335,"GROSS_PROFIT_QOQ":-4.305348481928,"ROA":-0.816278406028,"HOLDER_PROFIT_QOQ":-137.200401904673,"ROE_YEARLY":-1.098375874335,"ROIC_YEARLY":-0.926913143163,"TOTAL_ASSETS":2701985675.2,"TOTAL_LIABILITIES":644680870.4,"TAX_EBT":-67.765366538485,"OCF_SALES":10.370743787249,"TOTAL_PARENT_EQUITY":2057304804.8,"DEBT_ASSET_RATIO":23.8595221402,"OPERATE_PROFIT":-5046227.2,"PRETAX_PROFIT":-13394740.8,"NETCASH_OPERATE":140109659.2,"NETCASH_INVEST":-5434587.2,"NETCASH_FINANCE":-184724456,"END_CASH":309572793.6,"DIVI_RATIO":null,"DIVIDEND_RATE":null,"CURRENT_RATIO":3.103356984953,"COMMON_ACS":1000000000,"CURRENTDEBT_DEBT":42.68234530199,"ISSUED_COMMON_SHARES":422416638,"HK_COMMON_SHARES":422416638,"PER_SHARES":1000,"TOTAL_MARKET_CAP":190087487.1,"HKSK_MARKET_CAP":190087487.1,"PE_TTM":-1.189757070163,"PB_TTM":0.093508520658,"REPORT_DATE_SQ":"2020-12-31 00:00:00","REPORT_TYPE_SQ":"2020年年报","OPERATE_INCOME_SQ":1389112512.12,"DPS_HKD":null,"OPERATE_INCOME_QOQ_SQ":-17.930112522854,"NET_PROFIT_RATIO_SQ":-0.1711014291,"HOLDER_PROFIT_SQ":-2376791.36,"HOLDER_PROFIT_QOQ_SQ":89.529260991383,"ROE_AVG_SQ":-0.116750563909,"PE_TTM_SQ":-3.506054499447,"PB_TTM_SQ":0.075600258461,"ROA_SQ":-0.081454399453,"START_DATE":"2021-01-01 00:00:00","FISCAL_YEAR":"12-31","CURRENCY":"HKD","IS_CNY_CODE":0,"DPS_HKD_LY":0.045,"ORG_TYPE":"一般企业","PREMIUM_INCOME":null,"PREMIUM_INCOME_YOY":null,"NET_INTEREST_INCOME":null,"NET_INTEREST_INCOME_YOY":null,"FEE_COMMISSION_INCOME":null,"FEE_COMMISSION_INCOME_YOY":null,"ACCOUNTS_RECE_TDAYS":27.770862919422,"INVENTORY_TDAYS":0.808555696739,"CURRENT_ASSETS_TDAYS":1.507990054469,"TOTAL_ASSETS_TDAYS":0.490749488211,"PREMIUM_EXPENSE":null,"LOAN_DEPOSIT":null,"LOAN_EQUITY":null,"LOAN_ASSETS":null,"DEPOSIT_EQUITY":null,"DEPOSIT_ASSETS":null,"EQUITY_MULTIPLIER":1.313361864948,"EQUITY_RATIO":0.313361864949},{"SECUCODE":"01388.HK","SECURITY_CODE":"01388","SECURITY_NAME_ABBR":"安莉芳控股","ORG_CODE":"10077737","STD_REPORT_DATE":"2021-06-30 00:00:00","REPORT_DATE":"2021-06-30 00:00:00","DATE_TYPE_CODE":"002","REPORT_TYPE":"2021年中报","PER_NETCASH_OPERATE":0.214122153399,"PER_OI":1.755353723354,"BPS":5.025177194654,"BASIC_EPS":0.06490224,"DILUTED_EPS":0.06490224,"OPERATE_INCOME":741490618.32,"OPERATE_INCOME_YOY":13.5259810741,"GROSS_PROFIT":545462555.28,"GROSS_PROFIT_YOY":6.83651831508,"HOLDER_PROFIT":27422028.48,"HOLDER_PROFIT_YOY":185.1290264252,"GROSS_PROFIT_RATIO":73.562974608615,"EPS_TTM":0.143003931204,"OPERATE_INCOME_QOQ":1.762305750356,"NET_PROFIT_RATIO":3.6982299981,"ROE_AVG":1.307910644891,"GROSS_PROFIT_QOQ":3.507175149862,"ROA":0.96956445503,"HOLDER_PROFIT_QOQ":2641.54575183242,"ROE_YEARLY":2.615821289782,"ROIC_YEARLY":2.204806640378,"TOTAL_ASSETS":2802993780.72,"TOTAL_LIABILITIES":680275324.8,"TAX_EBT":44.508242267087,"OCF_SALES":12.198233925728,"TOTAL_PARENT_EQUITY":2122718455.92,"DEBT_ASSET_RATIO":24.2695980804,"OPERATE_PROFIT":53867195.04,"PRETAX_PROFIT":49416399.12,"NETCASH_OPERATE":90448760.16,"NETCASH_INVEST":-1258104.96,"NETCASH_FINANCE":-121901384.16,"END_CASH":327854497.44,"DIVI_RATIO":null,"DIVIDEND_RATE":null,"CURRENT_RATIO":3.171316946678,"COMMON_ACS":1000000000,"CURRENTDEBT_DEBT":42.641151719752,"ISSUED_COMMON_SHARES":422416638,"HK_COMMON_SHARES":422416638,"PER_SHARES":1000,"TOTAL_MARKET_CAP":190087487.1,"HKSK_MARKET_CAP":190087487.1,"PE_TTM":-1.189757070163,"PB_TTM":0.093508520658,"REPORT_DATE_SQ":"2020-06-30 00:00:00","REPORT_TYPE_SQ":"2020年中报","OPERATE_INCOME_SQ":717010208.64,"DPS_HKD":null,"OPERATE_INCOME_QOQ_SQ":-16.64605037959,"NET_PROFIT_RATIO_SQ":-4.9318687926,"HOLDER_PROFIT_SQ":-35362002.72,"HOLDER_PROFIT_QOQ_SQ":-131.54843714686,"ROE_AVG_SQ":-1.68631559231,"PE_TTM_SQ":-3.506054499447,"PB_TTM_SQ":0.075600258461,"ROA_SQ":-1.135913171434,"START_DATE":"2021-01-01 00:00:00","FISCAL_YEAR":"12-31","CURRENCY":"HKD","IS_CNY_CODE":0,"DPS_HKD_LY":0.045,"ORG_TYPE":"一般企业","PREMIUM_INCOME":null,"PREMIUM_INCOME_YOY":null,"NET_INTEREST_INCOME":null,"NET_INTEREST_INCOME_YOY":null,"FEE_COMMISSION_INCOME":null,"FEE_COMMISSION_INCOME_YOY":null,"ACCOUNTS_RECE_TDAYS":12.262849358048,"INVENTORY_TDAYS":0.415115484103,"CURRENT_ASSETS_TDAYS":0.791175453495,"TOTAL_ASSETS_TDAYS":0.262169863833,"PREMIUM_EXPENSE":null,"LOAN_DEPOSIT":null,"LOAN_EQUITY":null,"LOAN_ASSETS":null,"DEPOSIT_EQUITY":null,"DEPOSIT_ASSETS":null,"EQUITY_MULTIPLIER":1.320473646847,"EQUITY_RATIO":0.320473646848},{"SECUCODE":"01388.HK","SECURITY_CODE":"01388","SECURITY_NAME_ABBR":"安莉芳控股","ORG_CODE":"10077737","STD_REPORT_DATE":"2020-12-31 00:00:00","REPORT_DATE":"2020-12-31 00:00:00","DATE_TYPE_CODE":"001","REPORT_TYPE":"2020年年报","PER_NETCASH_OPERATE":0.87272279242,"PER_OI":3.288489105678,"BPS":4.957966920706,"BASIC_EPS":-0.005638988,"DILUTED_EPS":-0.005638988,"OPERATE_INCOME":1389112512.12,"OPERATE_INCOME_YOY":-27.1910085594,"GROSS_PROFIT":995228358.68,"GROSS_PROFIT_YOY":-36.971665479808,"HOLDER_PROFIT":-2376791.36,"HOLDER_PROFIT_YOY":-103.5158487089,"GROSS_PROFIT_RATIO":71.644906369832,"EPS_TTM":-0.005626651856,"OPERATE_INCOME_QOQ":-17.930112522854,"NET_PROFIT_RATIO":-0.1711014291,"ROE_AVG":-0.116750563909,"GROSS_PROFIT_QOQ":-21.469324177599,"ROA":-0.081454399453,"HOLDER_PROFIT_QOQ":89.529260991383,"ROE_YEARLY":-0.116750563909,"ROIC_YEARLY":-0.089529119314,"TOTAL_ASSETS":2886358089.8,"TOTAL_LIABILITIES":792030371.84,"TAX_EBT":113.76285394025,"OCF_SALES":26.538716242458,"TOTAL_PARENT_EQUITY":2094327717.96,"DEBT_ASSET_RATIO":27.4404750623,"OPERATE_PROFIT":63128049.84,"PRETAX_PROFIT":17269611.16,"NETCASH_OPERATE":368652627.88,"NETCASH_INVEST":-26403088.44,"NETCASH_FINANCE":-185064011.4,"END_CASH":357822404.36,"DIVI_RATIO":null,"DIVIDEND_RATE":null,"CURRENT_RATIO":2.804340863919,"COMMON_ACS":1000000000,"CURRENTDEBT_DEBT":43.466382446953,"ISSUED_COMMON_SHARES":422416638,"HK_COMMON_SHARES":422416638,"PER_SHARES":1000,"TOTAL_MARKET_CAP":190087487.1,"HKSK_MARKET_CAP":190087487.1,"PE_TTM":-1.189757070163,"PB_TTM":0.093508520658,"REPORT_DATE_SQ":"2019-12-31 00:00:00","REPORT_TYPE_SQ":"2019年年报","OPERATE_INCOME_SQ":2030614121.26,"DPS_HKD":null,"OPERATE_INCOME_QOQ_SQ":-1.495525719142,"NET_PROFIT_RATIO_SQ":3.5433044815,"HOLDER_PROFIT_SQ":71950841.16,"HOLDER_PROFIT_QOQ_SQ":-23.272874434458,"ROE_AVG_SQ":3.431835204232,"PE_TTM_SQ":-3.506054499447,"PB_TTM_SQ":0.075600258461,"ROA_SQ":2.364238138668,"START_DATE":"2020-01-01 00:00:00","FISCAL_YEAR":"12-31","CURRENCY":"HKD","IS_CNY_CODE":0,"DPS_HKD_LY":0.03,"ORG_TYPE":"一般企业","PREMIUM_INCOME":null,"PREMIUM_INCOME_YOY":null,"NET_INTEREST_INCOME":null,"NET_INTEREST_INCOME_YOY":null,"FEE_COMMISSION_INCOME":null,"FEE_COMMISSION_INCOME_YOY":null,"ACCOUNTS_RECE_TDAYS":22.474815147678,"INVENTORY_TDAYS":0.682735399841,"CURRENT_ASSETS_TDAYS":1.425540542817,"TOTAL_ASSETS_TDAYS":0.476059141547,"PREMIUM_EXPENSE":null,"LOAN_DEPOSIT":null,"LOAN_EQUITY":null,"LOAN_ASSETS":null,"DEPOSIT_EQUITY":null,"DEPOSIT_ASSETS":null,"EQUITY_MULTIPLIER":1.378178813682,"EQUITY_RATIO":0.378178813682},{"SECUCODE":"01388.HK","SECURITY_CODE":"01388","SECURITY_NAME_ABBR":"安莉芳控股","ORG_CODE":"10077737","STD_REPORT_DATE":"2020-06-30 00:00:00","REPORT_DATE":"2020-06-30 00:00:00","DATE_TYPE_CODE":"002","REPORT_TYPE":"2020年中报","PER_NETCASH_OPERATE":0.511674920532,"PER_OI":1.697400490745,"BPS":4.848469210155,"BASIC_EPS":-0.083671104,"DILUTED_EPS":-0.083671104,"OPERATE_INCOME":717010208.64,"OPERATE_INCOME_YOY":-34.5519853121,"GROSS_PROFIT":510558153.6,"GROSS_PROFIT_YOY":-37.908240154903,"HOLDER_PROFIT":-35362002.72,"HOLDER_PROFIT_YOY":-157.4385376638,"GROSS_PROFIT_RATIO":71.206538965241,"EPS_TTM":-0.053736912465,"OPERATE_INCOME_QOQ":-16.64605037959,"NET_PROFIT_RATIO":-4.9318687926,"ROE_AVG":-1.68631559231,"GROSS_PROFIT_QOQ":-19.740491393793,"ROA":-1.135913171434,"HOLDER_PROFIT_QOQ":-131.54843714686,"ROE_YEARLY":-3.37263118462,"ROIC_YEARLY":-2.475703328079,"TOTAL_ASSETS":3025033767.36,"TOTAL_LIABILITIES":976959704.16,"TAX_EBT":-24.755889272018,"OCF_SALES":30.144619571033,"TOTAL_PARENT_EQUITY":2048074063.2,"DEBT_ASSET_RATIO":32.2958280566,"OPERATE_PROFIT":9027527.52,"PRETAX_PROFIT":-28344956.64,"NETCASH_OPERATE":216139999.68,"NETCASH_INVEST":-18180196.32,"NETCASH_FINANCE":-40372221.12,"END_CASH":329834963.04,"DIVI_RATIO":null,"DIVIDEND_RATE":null,"CURRENT_RATIO":2.667639244931,"COMMON_ACS":1000000000,"CURRENTDEBT_DEBT":40.12008912251,"ISSUED_COMMON_SHARES":422416638,"HK_COMMON_SHARES":422416638,"PER_SHARES":1000,"TOTAL_MARKET_CAP":190087487.1,"HKSK_MARKET_CAP":190087487.1,"PE_TTM":-1.189757070163,"PB_TTM":0.093508520658,"REPORT_DATE_SQ":"2019-06-30 00:00:00","REPORT_TYPE_SQ":"2019年中报","OPERATE_INCOME_SQ":1055027258.28,"DPS_HKD":null,"OPERATE_INCOME_QOQ_SQ":-4.044461436525,"NET_PROFIT_RATIO_SQ":5.6195898139,"HOLDER_PROFIT_SQ":59288204.34,"HOLDER_PROFIT_QOQ_SQ":-29.200131704781,"ROE_AVG_SQ":2.867203743586,"PE_TTM_SQ":-3.506054499447,"PB_TTM_SQ":0.075600258461,"ROA_SQ":1.966965864902,"START_DATE":"2020-01-01 00:00:00","FISCAL_YEAR":"12-31","CURRENCY":"HKD","IS_CNY_CODE":0,"DPS_HKD_LY":0.03,"ORG_TYPE":"一般企业","PREMIUM_INCOME":null,"PREMIUM_INCOME_YOY":null,"NET_INTEREST_INCOME":null,"NET_INTEREST_INCOME_YOY":null,"FEE_COMMISSION_INCOME":null,"FEE_COMMISSION_INCOME_YOY":null,"ACCOUNTS_RECE_TDAYS":9.696620816168,"INVENTORY_TDAYS":0.317214770776,"CURRENT_ASSETS_TDAYS":0.678682176072,"TOTAL_ASSETS_TDAYS":0.230321044454,"PREMIUM_EXPENSE":null,"LOAN_DEPOSIT":null,"LOAN_EQUITY":null,"LOAN_ASSETS":null,"DEPOSIT_EQUITY":null,"DEPOSIT_ASSETS":null,"EQUITY_MULTIPLIER":1.477013854975,"EQUITY_RATIO":0.477013854974}],"count":41},"success":true,"message":"ok","code":0}