{"version":"f3fd79699cb6ae9b7730586d51a03ac9","result":{"pages":9,"data":[{"SECUCODE":"01398.HK","SECURITY_CODE":"01398","SECURITY_NAME_ABBR":"工商银行","ORG_CODE":"10008224","STD_REPORT_DATE":"2024-09-30 00:00:00","REPORT_DATE":"2024-09-30 00:00:00","DATE_TYPE_CODE":"004","REPORT_TYPE":"2024年三季报","PER_NETCASH_OPERATE":3.022528304634,"PER_OI":1.680966560165,"BPS":10.035567358479,"BASIC_EPS":0.72,"DILUTED_EPS":0.72,"OPERATE_INCOME":599107000000,"OPERATE_INCOME_YOY":-3.9153515525,"GROSS_PROFIT":null,"GROSS_PROFIT_YOY":null,"HOLDER_PROFIT":269025000000,"HOLDER_PROFIT_YOY":0.1310142813,"GROSS_PROFIT_RATIO":null,"EPS_TTM":1.022274420701,"OPERATE_INCOME_QOQ":0.319927753284,"NET_PROFIT_RATIO":45.1463594984,"ROE_AVG":7.026013421311,"GROSS_PROFIT_QOQ":null,"ROA":0.578207468513,"HOLDER_PROFIT_QOQ":1.006054624691,"ROE_YEARLY":9.368017895082,"ROIC_YEARLY":0.631340873323,"TOTAL_ASSETS":48357755000000,"TOTAL_LIABILITIES":44435477000000,"TAX_EBT":12.297909870883,"OCF_SALES":179.80894898574,"TOTAL_PARENT_EQUITY":3901083000000,"DEBT_ASSET_RATIO":91.8890403411,"OPERATE_PROFIT":304730000000,"PRETAX_PROFIT":308402000000,"NETCASH_OPERATE":1077248000000,"NETCASH_INVEST":-1129281000000,"NETCASH_FINANCE":339970000000,"END_CASH":3034512000000,"DIVI_RATIO":0.436245520918,"DIVIDEND_RATE":8.767964285714,"CURRENT_RATIO":null,"COMMON_ACS":null,"CURRENTDEBT_DEBT":null,"ISSUED_COMMON_SHARES":356406257089,"HK_COMMON_SHARES":86794044550,"PER_SHARES":1000,"TOTAL_MARKET_CAP":1995875039698.4,"HKSK_MARKET_CAP":486046649480,"PE_TTM":4.901534037091,"PB_TTM":0.503212605686,"REPORT_DATE_SQ":"2023-09-30 00:00:00","REPORT_TYPE_SQ":"2023年三季报","OPERATE_INCOME_SQ":623520000000,"DPS_HKD":0.491006,"OPERATE_INCOME_QOQ_SQ":-1.667663213853,"NET_PROFIT_RATIO_SQ":43.2911534514,"HOLDER_PROFIT_SQ":268673000000,"HOLDER_PROFIT_QOQ_SQ":0.009102017062,"ROE_AVG_SQ":7.513067395659,"PE_TTM_SQ":3.531990342258,"PB_TTM_SQ":0.394236478923,"ROA_SQ":0.638994116953,"START_DATE":"2024-01-01 00:00:00","FISCAL_YEAR":"12-31","CURRENCY":"HKD","IS_CNY_CODE":0,"DPS_HKD_LY":0.335715,"ORG_TYPE":"银行","PREMIUM_INCOME":null,"PREMIUM_INCOME_YOY":null,"NET_INTEREST_INCOME":476732000000,"NET_INTEREST_INCOME_YOY":-4.943711791612,"FEE_COMMISSION_INCOME":90323000000,"FEE_COMMISSION_INCOME_YOY":null,"ACCOUNTS_RECE_TDAYS":null,"INVENTORY_TDAYS":null,"CURRENT_ASSETS_TDAYS":null,"TOTAL_ASSETS_TDAYS":0.012876429396,"PREMIUM_EXPENSE":null,"LOAN_DEPOSIT":78.996044152032,"LOAN_EQUITY":6.967117578101,"LOAN_ASSETS":56.510009614797,"DEPOSIT_EQUITY":8.819577806571,"DEPOSIT_ASSETS":71.535239797629,"EQUITY_MULTIPLIER":12.328997332673,"EQUITY_RATIO":11.390548983449},{"SECUCODE":"01398.HK","SECURITY_CODE":"01398","SECURITY_NAME_ABBR":"工商银行","ORG_CODE":"10008224","STD_REPORT_DATE":"2024-06-30 00:00:00","REPORT_DATE":"2024-06-30 00:00:00","DATE_TYPE_CODE":"002","REPORT_TYPE":"2024年中报","PER_NETCASH_OPERATE":0.075708547376,"PER_OI":1.127923519871,"BPS":9.789937551878,"BASIC_EPS":0.47,"DILUTED_EPS":0.47,"OPERATE_INCOME":401999000000,"OPERATE_INCOME_YOY":-6.2734025637,"GROSS_PROFIT":null,"GROSS_PROFIT_YOY":null,"HOLDER_PROFIT":170467000000,"HOLDER_PROFIT_YOY":-1.8861082973,"GROSS_PROFIT_RATIO":null,"EPS_TTM":1.012092220115,"OPERATE_INCOME_QOQ":-2.331732154625,"NET_PROFIT_RATIO":42.6110512713,"ROE_AVG":4.485729920203,"GROSS_PROFIT_QOQ":null,"ROA":0.371332726633,"HOLDER_PROFIT_QOQ":-0.211905433742,"ROE_YEARLY":8.971459840406,"ROIC_YEARLY":0.810758127361,"TOTAL_ASSETS":47116536000000,"TOTAL_LIABILITIES":43252035000000,"TAX_EBT":13.128854268095,"OCF_SALES":6.712205751756,"TOTAL_PARENT_EQUITY":3843526000000,"DEBT_ASSET_RATIO":91.7979942329,"OPERATE_PROFIT":194722000000,"PRETAX_PROFIT":197184000000,"NETCASH_OPERATE":26983000000,"NETCASH_INVEST":-788118000000,"NETCASH_FINANCE":182804000000,"END_CASH":2182148000000,"DIVI_RATIO":0.440634389156,"DIVIDEND_RATE":9.424299424184,"CURRENT_RATIO":null,"COMMON_ACS":null,"CURRENTDEBT_DEBT":null,"ISSUED_COMMON_SHARES":356406257089,"HK_COMMON_SHARES":86794044550,"PER_SHARES":1000,"TOTAL_MARKET_CAP":1856876599433.69,"HKSK_MARKET_CAP":452196972105.5,"PE_TTM":4.560177202365,"PB_TTM":0.468167442076,"REPORT_DATE_SQ":"2023-06-30 00:00:00","REPORT_TYPE_SQ":"2023年中报","OPERATE_INCOME_SQ":428906000000,"DPS_HKD":0.491006,"OPERATE_INCOME_QOQ_SQ":-0.874055606014,"NET_PROFIT_RATIO_SQ":40.7361986076,"HOLDER_PROFIT_SQ":173744000000,"HOLDER_PROFIT_QOQ_SQ":0.570038446389,"ROE_AVG_SQ":4.913499624157,"PE_TTM_SQ":3.319006000011,"PB_TTM_SQ":0.370463424917,"ROA_SQ":0.417256334269,"START_DATE":"2024-01-01 00:00:00","FISCAL_YEAR":"12-31","CURRENCY":"HKD","IS_CNY_CODE":0,"DPS_HKD_LY":0.335715,"ORG_TYPE":"银行","PREMIUM_INCOME":null,"PREMIUM_INCOME_YOY":null,"NET_INTEREST_INCOME":313950000000,"NET_INTEREST_INCOME_YOY":-6.836168754284,"FEE_COMMISSION_INCOME":67405000000,"FEE_COMMISSION_INCOME_YOY":null,"ACCOUNTS_RECE_TDAYS":null,"INVENTORY_TDAYS":null,"CURRENT_ASSETS_TDAYS":null,"TOTAL_ASSETS_TDAYS":0.008756849406,"PREMIUM_EXPENSE":null,"LOAN_DEPOSIT":79.390494989403,"LOAN_EQUITY":7.006846938324,"LOAN_ASSETS":57.470198997651,"DEPOSIT_EQUITY":8.825800795497,"DEPOSIT_ASSETS":72.389269024361,"EQUITY_MULTIPLIER":12.192139683822,"EQUITY_RATIO":11.253217748494},{"SECUCODE":"01398.HK","SECURITY_CODE":"01398","SECURITY_NAME_ABBR":"工商银行","ORG_CODE":"10008224","STD_REPORT_DATE":"2024-03-31 00:00:00","REPORT_DATE":"2024-03-31 00:00:00","DATE_TYPE_CODE":"003","REPORT_TYPE":"2024年一季报","PER_NETCASH_OPERATE":3.836217722908,"PER_OI":0.589678199582,"BPS":9.829347634391,"BASIC_EPS":0.24,"DILUTED_EPS":0.24,"OPERATE_INCOME":210165000000,"OPERATE_INCOME_YOY":-3.7974741487,"GROSS_PROFIT":null,"GROSS_PROFIT_YOY":null,"HOLDER_PROFIT":87653000000,"HOLDER_PROFIT_YOY":-2.7849252473,"GROSS_PROFIT_RATIO":null,"EPS_TTM":1.014241452865,"OPERATE_INCOME_QOQ":-1.028695852729,"NET_PROFIT_RATIO":41.9013632146,"ROE_AVG":2.302277811201,"GROSS_PROFIT_QOQ":null,"ROA":0.189936616214,"HOLDER_PROFIT_QOQ":-0.689848431151,"ROE_YEARLY":9.209111244804,"ROIC_YEARLY":0.83214040619,"TOTAL_ASSETS":47600027000000,"TOTAL_LIABILITIES":43723412000000,"TAX_EBT":14.048118686253,"OCF_SALES":650.561225703614,"TOTAL_PARENT_EQUITY":3857572000000,"DEBT_ASSET_RATIO":91.8558554599,"OPERATE_PROFIT":101505000000,"PRETAX_PROFIT":102455000000,"NETCASH_OPERATE":1367252000000,"NETCASH_INVEST":-199921000000,"NETCASH_FINANCE":65894000000,"END_CASH":3994583000000,"DIVI_RATIO":0.439700660943,"DIVIDEND_RATE":9.424299424184,"CURRENT_RATIO":null,"COMMON_ACS":null,"CURRENTDEBT_DEBT":null,"ISSUED_COMMON_SHARES":356406257089,"HK_COMMON_SHARES":86794044550,"PER_SHARES":1000,"TOTAL_MARKET_CAP":1856876599433.69,"HKSK_MARKET_CAP":452196972105.5,"PE_TTM":4.560177202365,"PB_TTM":0.468167442076,"REPORT_DATE_SQ":"2023-03-31 00:00:00","REPORT_TYPE_SQ":"2023年一季报","OPERATE_INCOME_SQ":218461000000,"DPS_HKD":0.491006,"OPERATE_INCOME_QOQ_SQ":-0.947184651093,"NET_PROFIT_RATIO_SQ":41.5497502987,"HOLDER_PROFIT_SQ":90164000000,"HOLDER_PROFIT_QOQ_SQ":0.005270706247,"ROE_AVG_SQ":2.547908213814,"PE_TTM_SQ":3.319006000011,"PB_TTM_SQ":0.370463424917,"ROA_SQ":0.220872310896,"START_DATE":"2024-01-01 00:00:00","FISCAL_YEAR":"12-31","CURRENCY":"HKD","IS_CNY_CODE":0,"DPS_HKD_LY":0.335715,"ORG_TYPE":"银行","PREMIUM_INCOME":null,"PREMIUM_INCOME_YOY":null,"NET_INTEREST_INCOME":161401000000,"NET_INTEREST_INCOME_YOY":-4.163005011519,"FEE_COMMISSION_INCOME":39342000000,"FEE_COMMISSION_INCOME_YOY":null,"ACCOUNTS_RECE_TDAYS":null,"INVENTORY_TDAYS":null,"CURRENT_ASSETS_TDAYS":null,"TOTAL_ASSETS_TDAYS":0.004554097287,"PREMIUM_EXPENSE":null,"LOAN_DEPOSIT":76.010027663702,"LOAN_EQUITY":6.869439962441,"LOAN_ASSETS":55.945711963567,"DEPOSIT_EQUITY":9.037544352483,"DEPOSIT_ASSETS":73.603067494058,"EQUITY_MULTIPLIER":12.278760464972,"EQUITY_RATIO":11.334438346193},{"SECUCODE":"01398.HK","SECURITY_CODE":"01398","SECURITY_NAME_ABBR":"工商银行","ORG_CODE":"10008224","STD_REPORT_DATE":"2023-12-31 00:00:00","REPORT_DATE":"2023-12-31 00:00:00","DATE_TYPE_CODE":"001","REPORT_TYPE":"2023年年报","PER_NETCASH_OPERATE":3.975805620175,"PER_OI":2.262749275467,"BPS":9.546846982404,"BASIC_EPS":0.98,"DILUTED_EPS":0.98,"OPERATE_INCOME":806458000000,"OPERATE_INCOME_YOY":-4.261163979,"GROSS_PROFIT":null,"GROSS_PROFIT_YOY":null,"HOLDER_PROFIT":363993000000,"HOLDER_PROFIT_YOY":0.7922310956,"GROSS_PROFIT_RATIO":null,"EPS_TTM":1.02128678372,"OPERATE_INCOME_QOQ":-0.732390621461,"NET_PROFIT_RATIO":45.2740254297,"ROE_AVG":10.037038487268,"GROSS_PROFIT_QOQ":null,"ROA":0.863496838497,"HOLDER_PROFIT_QOQ":0.38693841529,"ROE_YEARLY":10.037038487268,"ROIC_YEARLY":0.947920716105,"TOTAL_ASSETS":44697079000000,"TOTAL_LIABILITIES":40920491000000,"TAX_EBT":13.472649455169,"OCF_SALES":175.706856401697,"TOTAL_PARENT_EQUITY":3756887000000,"DEBT_ASSET_RATIO":91.5507051367,"OPERATE_PROFIT":416944000000,"PRETAX_PROFIT":421966000000,"NETCASH_OPERATE":1417002000000,"NETCASH_INVEST":-891852000000,"NETCASH_FINANCE":285444000000,"END_CASH":2755732000000,"DIVI_RATIO":0.436667392831,"DIVIDEND_RATE":9.424299424184,"CURRENT_RATIO":null,"COMMON_ACS":null,"CURRENTDEBT_DEBT":null,"ISSUED_COMMON_SHARES":356406257089,"HK_COMMON_SHARES":86794044550,"PER_SHARES":1000,"TOTAL_MARKET_CAP":1856876599433.69,"HKSK_MARKET_CAP":452196972105.5,"PE_TTM":4.560177202365,"PB_TTM":0.468167442076,"REPORT_DATE_SQ":"2022-12-31 00:00:00","REPORT_TYPE_SQ":"2022年年报","OPERATE_INCOME_SQ":842352000000,"DPS_HKD":0.491006,"OPERATE_INCOME_QOQ_SQ":-3.071406190963,"NET_PROFIT_RATIO_SQ":42.9071081633,"HOLDER_PROFIT_SQ":361132000000,"HOLDER_PROFIT_QOQ_SQ":-0.512227499662,"ROE_AVG_SQ":10.676349777859,"PE_TTM_SQ":3.319006000011,"PB_TTM_SQ":0.370463424917,"ROA_SQ":0.964102665595,"START_DATE":"2023-01-01 00:00:00","FISCAL_YEAR":"12-31","CURRENCY":"HKD","IS_CNY_CODE":0,"DPS_HKD_LY":0.329236,"ORG_TYPE":"银行","PREMIUM_INCOME":null,"PREMIUM_INCOME_YOY":null,"NET_INTEREST_INCOME":655013000000,"NET_INTEREST_INCOME_YOY":-5.342890380572,"FEE_COMMISSION_INCOME":119357000000,"FEE_COMMISSION_INCOME_YOY":null,"ACCOUNTS_RECE_TDAYS":null,"INVENTORY_TDAYS":null,"CURRENT_ASSETS_TDAYS":null,"TOTAL_ASSETS_TDAYS":0.01913151993,"PREMIUM_EXPENSE":null,"LOAN_DEPOSIT":75.734021129451,"LOAN_EQUITY":6.722187593669,"LOAN_ASSETS":56.797745105446,"DEPOSIT_EQUITY":8.876047373979,"DEPOSIT_ASSETS":74.996341483523,"EQUITY_MULTIPLIER":11.83530716088,"EQUITY_RATIO":10.892127178699},{"SECUCODE":"01398.HK","SECURITY_CODE":"01398","SECURITY_NAME_ABBR":"工商银行","ORG_CODE":"10008224","STD_REPORT_DATE":"2023-09-30 00:00:00","REPORT_DATE":"2023-09-30 00:00:00","DATE_TYPE_CODE":"004","REPORT_TYPE":"2023年三季报","PER_NETCASH_OPERATE":5.356581042075,"PER_OI":1.74946423526,"BPS":9.263900210303,"BASIC_EPS":0.72,"DILUTED_EPS":0.72,"OPERATE_INCOME":623520000000,"OPERATE_INCOME_YOY":-4.4491405296,"GROSS_PROFIT":null,"GROSS_PROFIT_YOY":null,"HOLDER_PROFIT":268673000000,"HOLDER_PROFIT_YOY":0.7904233848,"GROSS_PROFIT_RATIO":null,"EPS_TTM":1.017350264727,"OPERATE_INCOME_QOQ":-1.667663213853,"NET_PROFIT_RATIO":43.2911534514,"ROE_AVG":7.513067395659,"GROSS_PROFIT_QOQ":null,"ROA":0.638994116953,"HOLDER_PROFIT_QOQ":0.009102017062,"ROE_YEARLY":10.017423194213,"ROIC_YEARLY":0.699126964965,"TOTAL_ASSETS":44482823000000,"TOTAL_LIABILITIES":40806945000000,"TAX_EBT":14.102372352782,"OCF_SALES":306.184083910701,"TOTAL_PARENT_EQUITY":3656043000000,"DEBT_ASSET_RATIO":91.7364102544,"OPERATE_PROFIT":310709000000,"PRETAX_PROFIT":314245000000,"NETCASH_OPERATE":1909119000000,"NETCASH_INVEST":-695857000000,"NETCASH_FINANCE":134063000000,"END_CASH":3311553000000,"DIVI_RATIO":0.438357026721,"DIVIDEND_RATE":9.424299424184,"CURRENT_RATIO":null,"COMMON_ACS":null,"CURRENTDEBT_DEBT":null,"ISSUED_COMMON_SHARES":356406257089,"HK_COMMON_SHARES":86794044550,"PER_SHARES":1000,"TOTAL_MARKET_CAP":1856876599433.69,"HKSK_MARKET_CAP":452196972105.5,"PE_TTM":4.560177202365,"PB_TTM":0.468167442076,"REPORT_DATE_SQ":"2022-09-30 00:00:00","REPORT_TYPE_SQ":"2022年三季报","OPERATE_INCOME_SQ":652553000000,"DPS_HKD":0.491006,"OPERATE_INCOME_QOQ_SQ":-1.1566024717,"NET_PROFIT_RATIO_SQ":40.9310740433,"HOLDER_PROFIT_SQ":266566000000,"HOLDER_PROFIT_QOQ_SQ":1.674659273622,"ROE_AVG_SQ":7.973536528703,"PE_TTM_SQ":3.319006000011,"PB_TTM_SQ":0.370463424917,"ROA_SQ":0.711495526006,"START_DATE":"2023-01-01 00:00:00","FISCAL_YEAR":"12-31","CURRENCY":"HKD","IS_CNY_CODE":0,"DPS_HKD_LY":0.329236,"ORG_TYPE":"银行","PREMIUM_INCOME":null,"PREMIUM_INCOME_YOY":null,"NET_INTEREST_INCOME":501526000000,"NET_INTEREST_INCOME_YOY":-4.716253443526,"FEE_COMMISSION_INCOME":99231000000,"FEE_COMMISSION_INCOME_YOY":null,"ACCOUNTS_RECE_TDAYS":null,"INVENTORY_TDAYS":null,"CURRENT_ASSETS_TDAYS":null,"TOTAL_ASSETS_TDAYS":0.014829387836,"PREMIUM_EXPENSE":null,"LOAN_DEPOSIT":73.840056154021,"LOAN_EQUITY":6.825977630378,"LOAN_ASSETS":56.407078750375,"DEPOSIT_EQUITY":9.244274701173,"DEPOSIT_ASSETS":76.390893626513,"EQUITY_MULTIPLIER":12.101278388517,"EQUITY_RATIO":11.161505759095},{"SECUCODE":"01398.HK","SECURITY_CODE":"01398","SECURITY_NAME_ABBR":"工商银行","ORG_CODE":"10008224","STD_REPORT_DATE":"2023-06-30 00:00:00","REPORT_DATE":"2023-06-30 00:00:00","DATE_TYPE_CODE":"002","REPORT_TYPE":"2023年中报","PER_NETCASH_OPERATE":3.639860339702,"PER_OI":1.203418827445,"BPS":9.0393138053,"BASIC_EPS":0.48,"DILUTED_EPS":0.48,"OPERATE_INCOME":428906000000,"OPERATE_INCOME_YOY":-3.4345653941,"GROSS_PROFIT":null,"GROSS_PROFIT_YOY":null,"HOLDER_PROFIT":173744000000,"HOLDER_PROFIT_YOY":1.2081318809,"GROSS_PROFIT_RATIO":null,"EPS_TTM":1.01725767376,"OPERATE_INCOME_QOQ":-0.874055606014,"NET_PROFIT_RATIO":40.7361986076,"ROE_AVG":4.913499624157,"GROSS_PROFIT_QOQ":null,"ROA":0.417256334269,"HOLDER_PROFIT_QOQ":0.570038446389,"ROE_YEARLY":9.826999248315,"ROIC_YEARLY":0.912751809012,"TOTAL_ASSETS":43669606000000,"TOTAL_LIABILITIES":40073186000000,"TAX_EBT":14.207851513589,"OCF_SALES":302.459979575944,"TOTAL_PARENT_EQUITY":3575999000000,"DEBT_ASSET_RATIO":91.7644780216,"OPERATE_PROFIT":201272000000,"PRETAX_PROFIT":203655000000,"NETCASH_OPERATE":1297269000000,"NETCASH_INVEST":-456821000000,"NETCASH_FINANCE":231872000000,"END_CASH":3036874000000,"DIVI_RATIO":0.438396926053,"DIVIDEND_RATE":9.424299424184,"CURRENT_RATIO":null,"COMMON_ACS":null,"CURRENTDEBT_DEBT":null,"ISSUED_COMMON_SHARES":356406257089,"HK_COMMON_SHARES":86794044550,"PER_SHARES":1000,"TOTAL_MARKET_CAP":1856876599433.69,"HKSK_MARKET_CAP":452196972105.5,"PE_TTM":4.560177202365,"PB_TTM":0.468167442076,"REPORT_DATE_SQ":"2022-06-30 00:00:00","REPORT_TYPE_SQ":"2022年中报","OPERATE_INCOME_SQ":444161000000,"DPS_HKD":0.491006,"OPERATE_INCOME_QOQ_SQ":0.531582453658,"NET_PROFIT_RATIO_SQ":38.8856841555,"HOLDER_PROFIT_SQ":171670000000,"HOLDER_PROFIT_QOQ_SQ":0.886080607857,"ROE_AVG_SQ":5.219331300756,"PE_TTM_SQ":3.319006000011,"PB_TTM_SQ":0.370463424917,"ROA_SQ":0.464058009605,"START_DATE":"2023-01-01 00:00:00","FISCAL_YEAR":"12-31","CURRENCY":"HKD","IS_CNY_CODE":0,"DPS_HKD_LY":0.329236,"ORG_TYPE":"银行","PREMIUM_INCOME":null,"PREMIUM_INCOME_YOY":null,"NET_INTEREST_INCOME":336987000000,"NET_INTEREST_INCOME_YOY":-3.885787953031,"FEE_COMMISSION_INCOME":73465000000,"FEE_COMMISSION_INCOME_YOY":null,"ACCOUNTS_RECE_TDAYS":null,"INVENTORY_TDAYS":null,"CURRENT_ASSETS_TDAYS":null,"TOTAL_ASSETS_TDAYS":0.01030042737,"PREMIUM_EXPENSE":null,"LOAN_DEPOSIT":73.7168546606,"LOAN_EQUITY":6.840717991781,"LOAN_ASSETS":56.336883369179,"DEPOSIT_EQUITY":9.279720388609,"DEPOSIT_ASSETS":76.423341213566,"EQUITY_MULTIPLIER":12.142521173798,"EQUITY_RATIO":11.206151344002},{"SECUCODE":"01398.HK","SECURITY_CODE":"01398","SECURITY_NAME_ABBR":"工商银行","ORG_CODE":"10008224","STD_REPORT_DATE":"2023-03-31 00:00:00","REPORT_DATE":"2023-03-31 00:00:00","DATE_TYPE_CODE":"003","REPORT_TYPE":"2023年一季报","PER_NETCASH_OPERATE":3.102117255264,"PER_OI":0.612955007536,"BPS":9.054420161861,"BASIC_EPS":0.25,"DILUTED_EPS":0.25,"OPERATE_INCOME":218461000000,"OPERATE_INCOME_YOY":-3.5198360648,"GROSS_PROFIT":null,"GROSS_PROFIT_YOY":null,"HOLDER_PROFIT":90164000000,"HOLDER_PROFIT_YOY":0.0210771535,"GROSS_PROFIT_RATIO":null,"EPS_TTM":1.011491781723,"OPERATE_INCOME_QOQ":-0.947184651093,"NET_PROFIT_RATIO":41.5497502987,"ROE_AVG":2.547908213814,"GROSS_PROFIT_QOQ":null,"ROA":0.220872310896,"HOLDER_PROFIT_QOQ":0.005270706247,"ROE_YEARLY":10.191632855254,"ROIC_YEARLY":0.967060779275,"TOTAL_ASSETS":42033895000000,"TOTAL_LIABILITIES":38432323000000,"TAX_EBT":14.838721783349,"OCF_SALES":506.092162903218,"TOTAL_PARENT_EQUITY":3581383000000,"DEBT_ASSET_RATIO":91.4317433585,"OPERATE_PROFIT":105486000000,"PRETAX_PROFIT":106586000000,"NETCASH_OPERATE":1105614000000,"NETCASH_INVEST":-318788000000,"NETCASH_FINANCE":174073000000,"END_CASH":2878441000000,"DIVI_RATIO":0.440895957079,"DIVIDEND_RATE":9.82012,"CURRENT_RATIO":null,"COMMON_ACS":null,"CURRENTDEBT_DEBT":null,"ISSUED_COMMON_SHARES":356406257089,"HK_COMMON_SHARES":86794044550,"PER_SHARES":1000,"TOTAL_MARKET_CAP":1782031285445,"HKSK_MARKET_CAP":433970222750,"PE_TTM":4.376369675974,"PB_TTM":0.449296969363,"REPORT_DATE_SQ":"2022-03-31 00:00:00","REPORT_TYPE_SQ":"2022年一季报","OPERATE_INCOME_SQ":226431000000,"DPS_HKD":0.491006,"OPERATE_INCOME_QOQ_SQ":1.479648731531,"NET_PROFIT_RATIO_SQ":40.1700623297,"HOLDER_PROFIT_SQ":90145000000,"HOLDER_PROFIT_QOQ_SQ":1.407540951604,"ROE_AVG_SQ":2.748728076753,"PE_TTM_SQ":3.150393395733,"PB_TTM_SQ":0.351643090496,"ROA_SQ":0.250132996912,"START_DATE":"2023-01-01 00:00:00","FISCAL_YEAR":"12-31","CURRENCY":"HKD","IS_CNY_CODE":0,"DPS_HKD_LY":0.329236,"ORG_TYPE":"银行","PREMIUM_INCOME":null,"PREMIUM_INCOME_YOY":null,"NET_INTEREST_INCOME":168412000000,"NET_INTEREST_INCOME_YOY":-4.790117873194,"FEE_COMMISSION_INCOME":40486000000,"FEE_COMMISSION_INCOME_YOY":null,"ACCOUNTS_RECE_TDAYS":null,"INVENTORY_TDAYS":null,"CURRENT_ASSETS_TDAYS":null,"TOTAL_ASSETS_TDAYS":0.00535158,"PREMIUM_EXPENSE":null,"LOAN_DEPOSIT":74.618462416404,"LOAN_EQUITY":6.626516143506,"LOAN_ASSETS":56.77769095631,"DEPOSIT_EQUITY":8.880531612307,"DEPOSIT_ASSETS":76.090673966807,"EQUITY_MULTIPLIER":11.670985613999,"EQUITY_RATIO":10.731140176853},{"SECUCODE":"01398.HK","SECURITY_CODE":"01398","SECURITY_NAME_ABBR":"工商银行","ORG_CODE":"10008224","STD_REPORT_DATE":"2022-12-31 00:00:00","REPORT_DATE":"2022-12-31 00:00:00","DATE_TYPE_CODE":"001","REPORT_TYPE":"2022年年报","PER_NETCASH_OPERATE":3.941168181145,"PER_OI":2.363460189729,"BPS":8.812527663384,"BASIC_EPS":0.97,"DILUTED_EPS":0.97,"OPERATE_INCOME":842352000000,"OPERATE_INCOME_YOY":-2.2580382864,"GROSS_PROFIT":null,"GROSS_PROFIT_YOY":null,"HOLDER_PROFIT":361132000000,"HOLDER_PROFIT_YOY":3.486556161,"GROSS_PROFIT_RATIO":null,"EPS_TTM":1.011438471772,"OPERATE_INCOME_QOQ":-3.071406190963,"NET_PROFIT_RATIO":42.9071081633,"ROE_AVG":10.676349777859,"GROSS_PROFIT_QOQ":null,"ROA":0.964102665595,"HOLDER_PROFIT_QOQ":-0.512227499662,"ROE_YEARLY":10.676349777859,"ROIC_YEARLY":1.056847410071,"TOTAL_ASSETS":39610146000000,"TOTAL_LIABILITIES":36094727000000,"TAX_EBT":14.741476737615,"OCF_SALES":166.934698927198,"TOTAL_PARENT_EQUITY":3496109000000,"DEBT_ASSET_RATIO":91.1288653674,"OPERATE_PROFIT":420324000000,"PRETAX_PROFIT":424720000000,"NETCASH_OPERATE":1404657000000,"NETCASH_INVEST":-910621000000,"NETCASH_FINANCE":-64789000000,"END_CASH":1926851000000,"DIVI_RATIO":0.44091919541,"DIVIDEND_RATE":9.82012,"CURRENT_RATIO":null,"COMMON_ACS":null,"CURRENTDEBT_DEBT":null,"ISSUED_COMMON_SHARES":356406257089,"HK_COMMON_SHARES":86794044550,"PER_SHARES":1000,"TOTAL_MARKET_CAP":1782031285445,"HKSK_MARKET_CAP":433970222750,"PE_TTM":4.376369675974,"PB_TTM":0.449296969363,"REPORT_DATE_SQ":"2021-12-31 00:00:00","REPORT_TYPE_SQ":"2021年年报","OPERATE_INCOME_SQ":860880000000,"DPS_HKD":0.491006,"OPERATE_INCOME_QOQ_SQ":2.033487293816,"NET_PROFIT_RATIO_SQ":40.6811634606,"HOLDER_PROFIT_SQ":348338000000,"HOLDER_PROFIT_QOQ_SQ":2.738812925451,"ROE_AVG_SQ":11.325750167811,"PE_TTM_SQ":3.150393395733,"PB_TTM_SQ":0.351643090496,"ROA_SQ":1.016801208341,"START_DATE":"2022-01-01 00:00:00","FISCAL_YEAR":"12-31","CURRENCY":"HKD","IS_CNY_CODE":0,"DPS_HKD_LY":0.343218,"ORG_TYPE":"银行","PREMIUM_INCOME":null,"PREMIUM_INCOME_YOY":null,"NET_INTEREST_INCOME":691985000000,"NET_INTEREST_INCOME_YOY":0.188944228876,"FEE_COMMISSION_INCOME":129325000000,"FEE_COMMISSION_INCOME_YOY":null,"ACCOUNTS_RECE_TDAYS":null,"INVENTORY_TDAYS":null,"CURRENT_ASSETS_TDAYS":null,"TOTAL_ASSETS_TDAYS":0.022504126714,"PREMIUM_EXPENSE":null,"LOAN_DEPOSIT":75.632087868927,"LOAN_EQUITY":6.42645329049,"LOAN_ASSETS":57.035073791447,"DEPOSIT_EQUITY":8.496993103809,"DEPOSIT_ASSETS":75.411211561805,"EQUITY_MULTIPLIER":11.272515201439,"EQUITY_RATIO":10.324256766594},{"SECUCODE":"01398.HK","SECURITY_CODE":"01398","SECURITY_NAME_ABBR":"工商银行","ORG_CODE":"10008224","STD_REPORT_DATE":"2022-09-30 00:00:00","REPORT_DATE":"2022-09-30 00:00:00","DATE_TYPE_CODE":"004","REPORT_TYPE":"2022年三季报","PER_NETCASH_OPERATE":5.169805421064,"PER_OI":1.830924645739,"BPS":8.573137926804,"BASIC_EPS":0.72,"DILUTED_EPS":0.72,"OPERATE_INCOME":652553000000,"OPERATE_INCOME_YOY":1.1219220525,"GROSS_PROFIT":null,"GROSS_PROFIT_YOY":null,"HOLDER_PROFIT":266566000000,"HOLDER_PROFIT_YOY":5.5599016762,"GROSS_PROFIT_RATIO":null,"EPS_TTM":1.016646012221,"OPERATE_INCOME_QOQ":-1.1566024717,"NET_PROFIT_RATIO":40.9310740433,"ROE_AVG":7.973536528703,"GROSS_PROFIT_QOQ":null,"ROA":0.711495526006,"HOLDER_PROFIT_QOQ":1.674659273622,"ROE_YEARLY":10.631382038271,"ROIC_YEARLY":0.779567713863,"TOTAL_ASSETS":39550661000000,"TOTAL_LIABILITIES":36121656000000,"TAX_EBT":17.482648947842,"OCF_SALES":282.982219839999,"TOTAL_PARENT_EQUITY":3409851000000,"DEBT_ASSET_RATIO":91.3300943314,"OPERATE_PROFIT":321170000000,"PRETAX_PROFIT":324476000000,"NETCASH_OPERATE":1842551000000,"NETCASH_INVEST":-678488000000,"NETCASH_FINANCE":-42813000000,"END_CASH":2631106000000,"DIVI_RATIO":0.438660686039,"DIVIDEND_RATE":9.424299424184,"CURRENT_RATIO":null,"COMMON_ACS":null,"CURRENTDEBT_DEBT":null,"ISSUED_COMMON_SHARES":356406257089,"HK_COMMON_SHARES":86794044550,"PER_SHARES":1000,"TOTAL_MARKET_CAP":1856876599433.69,"HKSK_MARKET_CAP":452196972105.5,"PE_TTM":4.560177202365,"PB_TTM":0.468167442076,"REPORT_DATE_SQ":"2021-09-30 00:00:00","REPORT_TYPE_SQ":"2021年三季报","OPERATE_INCOME_SQ":643895000000,"DPS_HKD":0.491006,"OPERATE_INCOME_QOQ_SQ":2.376795063915,"NET_PROFIT_RATIO_SQ":39.3433712018,"HOLDER_PROFIT_SQ":251821000000,"HOLDER_PROFIT_QOQ_SQ":2.559976284752,"ROE_AVG_SQ":8.338998721438,"PE_TTM_SQ":3.319006000011,"PB_TTM_SQ":0.370463424917,"ROA_SQ":0.73264345682,"START_DATE":"2022-01-01 00:00:00","FISCAL_YEAR":"12-31","CURRENCY":"HKD","IS_CNY_CODE":0,"DPS_HKD_LY":0.343218,"ORG_TYPE":"银行","PREMIUM_INCOME":null,"PREMIUM_INCOME_YOY":null,"NET_INTEREST_INCOME":526350000000,"NET_INTEREST_INCOME_YOY":2.974089696135,"FEE_COMMISSION_INCOME":105638000000,"FEE_COMMISSION_INCOME_YOY":null,"ACCOUNTS_RECE_TDAYS":null,"INVENTORY_TDAYS":null,"CURRENT_ASSETS_TDAYS":null,"TOTAL_ASSETS_TDAYS":0.017427762014,"PREMIUM_EXPENSE":null,"LOAN_DEPOSIT":74.115445420951,"LOAN_EQUITY":6.50405875757,"LOAN_ASSETS":56.389575891033,"DEPOSIT_EQUITY":8.775578046693,"DEPOSIT_ASSETS":76.083433852092,"EQUITY_MULTIPLIER":11.534150868812,"EQUITY_RATIO":10.593323872509}],"count":78},"success":true,"message":"ok","code":0}