{"version":"c608292b1faddf6b247e650b71f23646","result":{"pages":3,"data":[{"SECUCODE":"01397.HK","SECURITY_CODE":"01397","SECURITY_NAME_ABBR":"碧瑶绿色集团","ORG_CODE":"10398316","STD_REPORT_DATE":"2024-06-30 00:00:00","REPORT_DATE":"2024-06-30 00:00:00","DATE_TYPE_CODE":"002","REPORT_TYPE":"2024年中报","PER_NETCASH_OPERATE":0.320680564337,"PER_OI":2.839512422169,"BPS":0.827616024771,"BASIC_EPS":0.05339178,"DILUTED_EPS":0.05339178,"OPERATE_INCOME":1178397655.2,"OPERATE_INCOME_YOY":16.6494256249,"GROSS_PROFIT":88596585.64,"GROSS_PROFIT_YOY":11.232580090086,"HOLDER_PROFIT":22151656.28,"HOLDER_PROFIT_YOY":11.1614912522,"GROSS_PROFIT_RATIO":7.518394597023,"EPS_TTM":0.107744759952,"OPERATE_INCOME_QOQ":7.486165538813,"NET_PROFIT_RATIO":1.995523336,"ROE_AVG":6.502507662301,"GROSS_PROFIT_QOQ":4.789680095066,"ROA":2.440811257238,"HOLDER_PROFIT_QOQ":4.734144365628,"ROE_YEARLY":13.005015324603,"ROIC_YEARLY":5.190200612128,"TOTAL_ASSETS":892027876.96,"TOTAL_LIABILITIES":547650895.96,"TAX_EBT":18.11796860103,"OCF_SALES":11.293508062642,"TOTAL_PARENT_EQUITY":343460650.28,"DEBT_ASSET_RATIO":61.3939216593,"OPERATE_PROFIT":33952608.68,"PRETAX_PROFIT":28718388.88,"NETCASH_OPERATE":133082434.2,"NETCASH_INVEST":-7450206.84,"NETCASH_FINANCE":-93762354.44,"END_CASH":69638396.68,"DIVI_RATIO":0.285967317703,"DIVIDEND_RATE":5.151515151515,"CURRENT_RATIO":1.25181792488,"COMMON_ACS":1000000000,"CURRENTDEBT_DEBT":89.036858779396,"ISSUED_COMMON_SHARES":415000000,"HK_COMMON_SHARES":415000000,"PER_SHARES":4000,"TOTAL_MARKET_CAP":273900000,"HKSK_MARKET_CAP":273900000,"PE_TTM":5.527972874788,"PB_TTM":0.727836076116,"REPORT_DATE_SQ":"2023-06-30 00:00:00","REPORT_TYPE_SQ":"2023年中报","OPERATE_INCOME_SQ":1020498172.9,"DPS_HKD":0.034,"OPERATE_INCOME_QOQ_SQ":25.58391960123,"NET_PROFIT_RATIO_SQ":1.9642139214,"HOLDER_PROFIT_SQ":20130511.32,"HOLDER_PROFIT_QOQ_SQ":10.23737852573,"ROE_AVG_SQ":6.410574482484,"PE_TTM_SQ":6.683464076056,"PB_TTM_SQ":1.123355133903,"ROA_SQ":2.409784825662,"START_DATE":"2024-01-01 00:00:00","FISCAL_YEAR":"12-31","CURRENCY":"HKD","IS_CNY_CODE":0,"DPS_HKD_LY":0.034,"ORG_TYPE":"一般企业","PREMIUM_INCOME":null,"PREMIUM_INCOME_YOY":null,"NET_INTEREST_INCOME":null,"NET_INTEREST_INCOME_YOY":null,"FEE_COMMISSION_INCOME":null,"FEE_COMMISSION_INCOME_YOY":null,"ACCOUNTS_RECE_TDAYS":2.255603238562,"INVENTORY_TDAYS":454.969327490951,"CURRENT_ASSETS_TDAYS":1.908857855037,"TOTAL_ASSETS_TDAYS":1.298433952729,"PREMIUM_EXPENSE":null,"LOAN_DEPOSIT":null,"LOAN_EQUITY":null,"LOAN_ASSETS":null,"DEPOSIT_EQUITY":null,"DEPOSIT_ASSETS":null,"EQUITY_MULTIPLIER":2.590265686079,"EQUITY_RATIO":1.594508411702},{"SECUCODE":"01397.HK","SECURITY_CODE":"01397","SECURITY_NAME_ABBR":"碧瑶绿色集团","ORG_CODE":"10398316","STD_REPORT_DATE":"2023-12-31 00:00:00","REPORT_DATE":"2023-12-31 00:00:00","DATE_TYPE_CODE":"001","REPORT_TYPE":"2023年年报","PER_NETCASH_OPERATE":0.21021028506,"PER_OI":5.082450798988,"BPS":0.808372260289,"BASIC_EPS":0.10285597,"DILUTED_EPS":0.10285597,"OPERATE_INCOME":2109217081.58,"OPERATE_INCOME_YOY":29.8010006017,"GROSS_PROFIT":186791878.84,"GROSS_PROFIT_YOY":38.509267770773,"HOLDER_PROFIT":42692930.42,"HOLDER_PROFIT_YOY":-12.284719507,"GROSS_PROFIT_RATIO":8.855981703888,"EPS_TTM":0.102874531133,"OPERATE_INCOME_QOQ":4.856389739328,"NET_PROFIT_RATIO":2.0678078393,"ROE_AVG":13.311783263564,"GROSS_PROFIT_QOQ":13.082978371701,"ROA":4.939396433456,"HOLDER_PROFIT_QOQ":-19.277003764408,"ROE_YEARLY":13.311783263564,"ROIC_YEARLY":5.123124746146,"TOTAL_ASSETS":916544564.46,"TOTAL_LIABILITIES":581514124.24,"TAX_EBT":23.059214733342,"OCF_SALES":4.136002361343,"TOTAL_PARENT_EQUITY":335474488.02,"DEBT_ASSET_RATIO":63.4463556699,"OPERATE_PROFIT":69100181.22,"PRETAX_PROFIT":56685873.44,"NETCASH_OPERATE":87237268.3,"NETCASH_INVEST":-44664865.14,"NETCASH_FINANCE":-31141344.08,"END_CASH":37540163.5,"DIVI_RATIO":0.299505423362,"DIVIDEND_RATE":5.396825396825,"CURRENT_RATIO":1.187582255404,"COMMON_ACS":1000000000,"CURRENTDEBT_DEBT":89.754897988443,"ISSUED_COMMON_SHARES":415000000,"HK_COMMON_SHARES":415000000,"PER_SHARES":4000,"TOTAL_MARKET_CAP":261450000,"HKSK_MARKET_CAP":261450000,"PE_TTM":5.27670138048,"PB_TTM":0.694752618111,"REPORT_DATE_SQ":"2022-12-31 00:00:00","REPORT_TYPE_SQ":"2022年年报","OPERATE_INCOME_SQ":1601741195.67,"DPS_HKD":0.034,"OPERATE_INCOME_QOQ_SQ":37.65190908934,"NET_PROFIT_RATIO_SQ":2.8667892462,"HOLDER_PROFIT_SQ":47976638.43,"HOLDER_PROFIT_QOQ_SQ":208.885320503413,"ROE_AVG_SQ":17.208852262569,"PE_TTM_SQ":5.318025178797,"PB_TTM_SQ":0.893852472138,"ROA_SQ":6.898544805091,"START_DATE":"2023-01-01 00:00:00","FISCAL_YEAR":"12-31","CURRENCY":"HKD","IS_CNY_CODE":0,"DPS_HKD_LY":0.038,"ORG_TYPE":"一般企业","PREMIUM_INCOME":null,"PREMIUM_INCOME_YOY":null,"NET_INTEREST_INCOME":null,"NET_INTEREST_INCOME_YOY":null,"FEE_COMMISSION_INCOME":null,"FEE_COMMISSION_INCOME_YOY":null,"ACCOUNTS_RECE_TDAYS":4.42593582125,"INVENTORY_TDAYS":731.127692572807,"CURRENT_ASSETS_TDAYS":3.831531969779,"TOTAL_ASSETS_TDAYS":2.440277401352,"PREMIUM_EXPENSE":null,"LOAN_DEPOSIT":null,"LOAN_EQUITY":null,"LOAN_ASSETS":null,"DEPOSIT_EQUITY":null,"DEPOSIT_ASSETS":null,"EQUITY_MULTIPLIER":2.735705340265,"EQUITY_RATIO":1.733407889441},{"SECUCODE":"01397.HK","SECURITY_CODE":"01397","SECURITY_NAME_ABBR":"碧瑶绿色集团","ORG_CODE":"10398316","STD_REPORT_DATE":"2023-06-30 00:00:00","REPORT_DATE":"2023-06-30 00:00:00","DATE_TYPE_CODE":"002","REPORT_TYPE":"2023年中报","PER_NETCASH_OPERATE":0.246637425735,"PER_OI":2.459031741928,"BPS":0.763286136434,"BASIC_EPS":0.048496148,"DILUTED_EPS":0.048496148,"OPERATE_INCOME":1020498172.9,"OPERATE_INCOME_YOY":54.9952249055,"GROSS_PROFIT":79649852.2,"GROSS_PROFIT_YOY":61.471956925681,"HOLDER_PROFIT":20130511.32,"HOLDER_PROFIT_YOY":22.6904922454,"GROSS_PROFIT_RATIO":7.804997041166,"EPS_TTM":0.127441418096,"OPERATE_INCOME_QOQ":25.58391960123,"NET_PROFIT_RATIO":1.9642139214,"ROE_AVG":6.410574482484,"GROSS_PROFIT_QOQ":22.484630105423,"ROA":2.409784825662,"HOLDER_PROFIT_QOQ":10.23737852573,"ROE_YEARLY":12.821148964969,"ROIC_YEARLY":5.068656924309,"TOTAL_ASSETS":844482049.12,"TOTAL_LIABILITIES":529193470.5,"TAX_EBT":17.980156185159,"OCF_SALES":10.029859376341,"TOTAL_PARENT_EQUITY":316763746.62,"DEBT_ASSET_RATIO":62.6648572402,"OPERATE_PROFIT":29363219.04,"PRETAX_PROFIT":24438923.86,"NETCASH_OPERATE":102354531.68,"NETCASH_INVEST":-34055175.26,"NETCASH_FINANCE":-36519627.8,"END_CASH":58247930.46,"DIVI_RATIO":0.241769751626,"DIVIDEND_RATE":5.396825396825,"CURRENT_RATIO":1.093899450615,"COMMON_ACS":1000000000,"CURRENTDEBT_DEBT":88.160634173962,"ISSUED_COMMON_SHARES":415000000,"HK_COMMON_SHARES":415000000,"PER_SHARES":4000,"TOTAL_MARKET_CAP":261450000,"HKSK_MARKET_CAP":261450000,"PE_TTM":5.27670138048,"PB_TTM":0.694752618111,"REPORT_DATE_SQ":"2022-06-30 00:00:00","REPORT_TYPE_SQ":"2022年中报","OPERATE_INCOME_SQ":610709993.18,"DPS_HKD":0.034,"OPERATE_INCOME_QOQ_SQ":11.72874245522,"NET_PROFIT_RATIO_SQ":2.3970694083,"HOLDER_PROFIT_SQ":15218961.24,"HOLDER_PROFIT_QOQ_SQ":47.873359226921,"ROE_AVG_SQ":6.059182235115,"PE_TTM_SQ":5.318025178797,"PB_TTM_SQ":0.893852472138,"ROA_SQ":2.489513365606,"START_DATE":"2023-01-01 00:00:00","FISCAL_YEAR":"12-31","CURRENCY":"HKD","IS_CNY_CODE":0,"DPS_HKD_LY":0.038,"ORG_TYPE":"一般企业","PREMIUM_INCOME":null,"PREMIUM_INCOME_YOY":null,"NET_INTEREST_INCOME":null,"NET_INTEREST_INCOME_YOY":null,"FEE_COMMISSION_INCOME":null,"FEE_COMMISSION_INCOME_YOY":null,"ACCOUNTS_RECE_TDAYS":2.508916661094,"INVENTORY_TDAYS":345.043110735418,"CURRENT_ASSETS_TDAYS":2.041301661656,"TOTAL_ASSETS_TDAYS":1.221618752042,"PREMIUM_EXPENSE":null,"LOAN_DEPOSIT":null,"LOAN_EQUITY":null,"LOAN_ASSETS":null,"DEPOSIT_EQUITY":null,"DEPOSIT_ASSETS":null,"EQUITY_MULTIPLIER":2.67844161313,"EQUITY_RATIO":1.670625114606},{"SECUCODE":"01397.HK","SECURITY_CODE":"01397","SECURITY_NAME_ABBR":"碧瑶绿色集团","ORG_CODE":"10398316","STD_REPORT_DATE":"2022-12-31 00:00:00","REPORT_DATE":"2022-12-31 00:00:00","DATE_TYPE_CODE":"001","REPORT_TYPE":"2022年年报","PER_NETCASH_OPERATE":0.194545596169,"PER_OI":3.859617338964,"BPS":0.726708508096,"BASIC_EPS":0.115589138,"DILUTED_EPS":0.115589138,"OPERATE_INCOME":1601741195.67,"OPERATE_INCOME_YOY":40.7684354562,"GROSS_PROFIT":134858758.44,"GROSS_PROFIT_YOY":51.318439898132,"HOLDER_PROFIT":47976638.43,"HOLDER_PROFIT_YOY":318.0664746633,"GROSS_PROFIT_RATIO":8.419509893644,"EPS_TTM":0.115606357663,"OPERATE_INCOME_QOQ":37.65190908934,"NET_PROFIT_RATIO":2.8667892462,"ROE_AVG":17.208852262569,"GROSS_PROFIT_QOQ":38.103544641097,"ROA":6.898544805091,"HOLDER_PROFIT_QOQ":208.885320503413,"ROE_YEARLY":17.208852262569,"ROIC_YEARLY":7.173706161074,"TOTAL_ASSETS":800519989.36,"TOTAL_LIABILITIES":500282116.39,"TAX_EBT":21.107154915743,"OCF_SALES":5.040541045473,"TOTAL_PARENT_EQUITY":301584030.86,"DEBT_ASSET_RATIO":62.4946438614,"OPERATE_PROFIT":67121201.07,"PRETAX_PROFIT":58203686.66,"NETCASH_OPERATE":80736422.41,"NETCASH_INVEST":-114925438.39,"NETCASH_FINANCE":31800412,"END_CASH":25888751.14,"DIVI_RATIO":0.26652063626,"DIVIDEND_RATE":5.396825396825,"CURRENT_RATIO":1.083624347642,"COMMON_ACS":1000000000,"CURRENTDEBT_DEBT":87.48270265348,"ISSUED_COMMON_SHARES":415000000,"HK_COMMON_SHARES":415000000,"PER_SHARES":4000,"TOTAL_MARKET_CAP":261450000,"HKSK_MARKET_CAP":261450000,"PE_TTM":5.27670138048,"PB_TTM":0.694752618111,"REPORT_DATE_SQ":"2021-12-31 00:00:00","REPORT_TYPE_SQ":"2021年年报","OPERATE_INCOME_SQ":1041466238.4,"DPS_HKD":0.034,"OPERATE_INCOME_QOQ_SQ":15.562079235812,"NET_PROFIT_RATIO_SQ":1.0083144333,"HOLDER_PROFIT_SQ":10503707.2,"HOLDER_PROFIT_QOQ_SQ":-75.707465818762,"ROE_AVG_SQ":4.463739715366,"PE_TTM_SQ":5.318025178797,"PB_TTM_SQ":0.893852472138,"ROA_SQ":2.030764172432,"START_DATE":"2022-01-01 00:00:00","FISCAL_YEAR":"12-31","CURRENCY":"HKD","IS_CNY_CODE":0,"DPS_HKD_LY":0.009,"ORG_TYPE":"一般企业","PREMIUM_INCOME":null,"PREMIUM_INCOME_YOY":null,"NET_INTEREST_INCOME":null,"NET_INTEREST_INCOME_YOY":null,"FEE_COMMISSION_INCOME":null,"FEE_COMMISSION_INCOME_YOY":null,"ACCOUNTS_RECE_TDAYS":4.786250800769,"INVENTORY_TDAYS":499.05759003191,"CURRENT_ASSETS_TDAYS":3.929198129539,"TOTAL_ASSETS_TDAYS":2.303138311912,"PREMIUM_EXPENSE":null,"LOAN_DEPOSIT":null,"LOAN_EQUITY":null,"LOAN_ASSETS":null,"DEPOSIT_EQUITY":null,"DEPOSIT_ASSETS":null,"EQUITY_MULTIPLIER":2.666285840093,"EQUITY_RATIO":1.658848165678},{"SECUCODE":"01397.HK","SECURITY_CODE":"01397","SECURITY_NAME_ABBR":"碧瑶绿色集团","ORG_CODE":"10398316","STD_REPORT_DATE":"2022-06-30 00:00:00","REPORT_DATE":"2022-06-30 00:00:00","DATE_TYPE_CODE":"002","REPORT_TYPE":"2022年中报","PER_NETCASH_OPERATE":0.103220402651,"PER_OI":1.471590345012,"BPS":0.619903532964,"BASIC_EPS":0.036687651,"DILUTED_EPS":0.036687651,"OPERATE_INCOME":610709993.18,"OPERATE_INCOME_YOY":21.6243098063,"GROSS_PROFIT":49327359.2,"GROSS_PROFIT_YOY":20.902231465945,"HOLDER_PROFIT":15218961.24,"HOLDER_PROFIT_YOY":45.3090552788,"GROSS_PROFIT_RATIO":8.077051260149,"EPS_TTM":0.037426951036,"OPERATE_INCOME_QOQ":11.72874245522,"NET_PROFIT_RATIO":2.3970694083,"ROE_AVG":6.059182235115,"GROSS_PROFIT_QOQ":9.568831336935,"ROA":2.489513365606,"HOLDER_PROFIT_QOQ":47.873359226921,"ROE_YEARLY":12.11836447023,"ROIC_YEARLY":5.257800947503,"TOTAL_ASSETS":657413629.46,"TOTAL_LIABILITIES":400051895.67,"TAX_EBT":25.725690979303,"OCF_SALES":7.014207656395,"TOTAL_PARENT_EQUITY":257259966.18,"DEBT_ASSET_RATIO":60.8523884725,"OPERATE_PROFIT":23532263.23,"PRETAX_PROFIT":19709563.93,"NETCASH_OPERATE":42836467.1,"NETCASH_INVEST":-60278067.15,"NETCASH_FINANCE":27273719.48,"END_CASH":37143467.27,"DIVI_RATIO":0.823243121521,"DIVIDEND_RATE":5.396825396825,"CURRENT_RATIO":1.073151085308,"COMMON_ACS":1000000000,"CURRENTDEBT_DEBT":85.719965882345,"ISSUED_COMMON_SHARES":415000000,"HK_COMMON_SHARES":415000000,"PER_SHARES":4000,"TOTAL_MARKET_CAP":261450000,"HKSK_MARKET_CAP":261450000,"PE_TTM":5.27670138048,"PB_TTM":0.694752618111,"REPORT_DATE_SQ":"2021-06-30 00:00:00","REPORT_TYPE_SQ":"2021年中报","OPERATE_INCOME_SQ":488559100.32,"DPS_HKD":0.034,"OPERATE_INCOME_QOQ_SQ":-5.389119986325,"NET_PROFIT_RATIO_SQ":2.085824162,"HOLDER_PROFIT_SQ":10190483.76,"HOLDER_PROFIT_QOQ_SQ":-0.003884727673,"ROE_AVG_SQ":4.259966851079,"PE_TTM_SQ":5.318025178797,"PB_TTM_SQ":0.893852472138,"ROA_SQ":1.937407209078,"START_DATE":"2022-01-01 00:00:00","FISCAL_YEAR":"12-31","CURRENCY":"HKD","IS_CNY_CODE":0,"DPS_HKD_LY":0.009,"ORG_TYPE":"一般企业","PREMIUM_INCOME":null,"PREMIUM_INCOME_YOY":null,"NET_INTEREST_INCOME":null,"NET_INTEREST_INCOME_YOY":null,"FEE_COMMISSION_INCOME":null,"FEE_COMMISSION_INCOME_YOY":null,"ACCOUNTS_RECE_TDAYS":2.306569531675,"INVENTORY_TDAYS":177.464720194647,"CURRENT_ASSETS_TDAYS":1.758669943703,"TOTAL_ASSETS_TDAYS":0.998997675699,"PREMIUM_EXPENSE":null,"LOAN_DEPOSIT":null,"LOAN_EQUITY":null,"LOAN_ASSETS":null,"DEPOSIT_EQUITY":null,"DEPOSIT_ASSETS":null,"EQUITY_MULTIPLIER":2.554434257879,"EQUITY_RATIO":1.555049165287},{"SECUCODE":"01397.HK","SECURITY_CODE":"01397","SECURITY_NAME_ABBR":"碧瑶绿色集团","ORG_CODE":"10398316","STD_REPORT_DATE":"2021-12-31 00:00:00","REPORT_DATE":"2021-12-31 00:00:00","DATE_TYPE_CODE":"001","REPORT_TYPE":"2021年年报","PER_NETCASH_OPERATE":0.173350901205,"PER_OI":2.509557200964,"BPS":0.564605008193,"BASIC_EPS":0.0253456,"DILUTED_EPS":0.0253456,"OPERATE_INCOME":1041466238.4,"OPERATE_INCOME_YOY":12.5490708892,"GROSS_PROFIT":89122488,"GROSS_PROFIT_YOY":66.637490214004,"HOLDER_PROFIT":10503707.2,"HOLDER_PROFIT_YOY":-74.9941606976,"GROSS_PROFIT_RATIO":8.557405388092,"EPS_TTM":0.025310137831,"OPERATE_INCOME_QOQ":15.562079235812,"NET_PROFIT_RATIO":1.0083144333,"ROE_AVG":4.463739715366,"GROSS_PROFIT_QOQ":38.905242633515,"ROA":2.030764172432,"HOLDER_PROFIT_QOQ":-75.707465818762,"ROE_YEARLY":4.463739715366,"ROIC_YEARLY":2.133229276069,"TOTAL_ASSETS":540386996.8,"TOTAL_LIABILITIES":306078371.2,"TAX_EBT":40.881892663169,"OCF_SALES":6.907629008745,"TOTAL_PARENT_EQUITY":234311078.4,"DEBT_ASSET_RATIO":56.6405877663,"OPERATE_PROFIT":26731432,"PRETAX_PROFIT":17763177.6,"NETCASH_OPERATE":71940624,"NETCASH_INVEST":-55657302.4,"NETCASH_FINANCE":-13404552,"END_CASH":26370870.4,"DIVI_RATIO":1.217357258397,"DIVIDEND_RATE":5.396825396825,"CURRENT_RATIO":1.19771556565,"COMMON_ACS":1000000000,"CURRENTDEBT_DEBT":85.14913372618,"ISSUED_COMMON_SHARES":415000000,"HK_COMMON_SHARES":415000000,"PER_SHARES":4000,"TOTAL_MARKET_CAP":261450000,"HKSK_MARKET_CAP":261450000,"PE_TTM":5.27670138048,"PB_TTM":0.694752618111,"REPORT_DATE_SQ":"2020-12-31 00:00:00","REPORT_TYPE_SQ":"2020年年报","OPERATE_INCOME_SQ":952552160.84,"DPS_HKD":0.034,"OPERATE_INCOME_QOQ_SQ":-17.825458698806,"NET_PROFIT_RATIO_SQ":4.5393941054,"HOLDER_PROFIT_SQ":43240096.64,"HOLDER_PROFIT_QOQ_SQ":1512.24335302403,"ROE_AVG_SQ":19.528920295047,"PE_TTM_SQ":5.318025178797,"PB_TTM_SQ":0.893852472138,"ROA_SQ":7.814565305679,"START_DATE":"2021-01-01 00:00:00","FISCAL_YEAR":"12-31","CURRENCY":"HKD","IS_CNY_CODE":0,"DPS_HKD_LY":0.036,"ORG_TYPE":"一般企业","PREMIUM_INCOME":null,"PREMIUM_INCOME_YOY":null,"NET_INTEREST_INCOME":null,"NET_INTEREST_INCOME_YOY":null,"FEE_COMMISSION_INCOME":null,"FEE_COMMISSION_INCOME_YOY":null,"ACCOUNTS_RECE_TDAYS":4.576490771096,"INVENTORY_TDAYS":347.132767098793,"CURRENT_ASSETS_TDAYS":3.456862792989,"TOTAL_ASSETS_TDAYS":2.013548439108,"PREMIUM_EXPENSE":null,"LOAN_DEPOSIT":null,"LOAN_EQUITY":null,"LOAN_ASSETS":null,"DEPOSIT_EQUITY":null,"DEPOSIT_ASSETS":null,"EQUITY_MULTIPLIER":2.306304325829,"EQUITY_RATIO":1.306290651258},{"SECUCODE":"01397.HK","SECURITY_CODE":"01397","SECURITY_NAME_ABBR":"碧瑶绿色集团","ORG_CODE":"10398316","STD_REPORT_DATE":"2021-06-30 00:00:00","REPORT_DATE":"2021-06-30 00:00:00","DATE_TYPE_CODE":"002","REPORT_TYPE":"2021年中报","PER_NETCASH_OPERATE":0.102999473928,"PER_OI":1.177250844145,"BPS":0.573331190169,"BASIC_EPS":0.02454636,"DILUTED_EPS":0.02454636,"OPERATE_INCOME":488559100.32,"OPERATE_INCOME_YOY":-0.66000626,"GROSS_PROFIT":40799378.64,"GROSS_PROFIT_YOY":35.448920732937,"HOLDER_PROFIT":10190483.76,"HOLDER_PROFIT_YOY":9.7598135867,"GROSS_PROFIT_RATIO":8.350960736025,"EPS_TTM":0.104188956337,"OPERATE_INCOME_QOQ":-5.389119986325,"NET_PROFIT_RATIO":2.085824162,"ROE_AVG":4.259966851079,"GROSS_PROFIT_QOQ":19.964867455476,"ROA":1.937407209078,"HOLDER_PROFIT_QOQ":-0.003884727673,"ROE_YEARLY":8.519933702157,"ROIC_YEARLY":4.155832697788,"TOTAL_ASSETS":549149501.76,"TOTAL_LIABILITIES":311217057.84,"TAX_EBT":30.049120402102,"OCF_SALES":8.749152692479,"TOTAL_PARENT_EQUITY":237932443.92,"DEBT_ASSET_RATIO":56.6725558054,"OPERATE_PROFIT":17635935.6,"PRETAX_PROFIT":14568056.64,"NETCASH_OPERATE":42744781.68,"NETCASH_INVEST":-30345125.52,"NETCASH_FINANCE":11213110.08,"END_CASH":47401933.44,"DIVI_RATIO":0.295726928104,"DIVIDEND_RATE":5.396825396825,"CURRENT_RATIO":1.221277469834,"COMMON_ACS":1000000000,"CURRENTDEBT_DEBT":85.905679597244,"ISSUED_COMMON_SHARES":415000000,"HK_COMMON_SHARES":415000000,"PER_SHARES":4000,"TOTAL_MARKET_CAP":261450000,"HKSK_MARKET_CAP":261450000,"PE_TTM":5.27670138048,"PB_TTM":0.694752618111,"REPORT_DATE_SQ":"2020-06-30 00:00:00","REPORT_TYPE_SQ":"2020年中报","OPERATE_INCOME_SQ":539893279.2,"DPS_HKD":0.034,"OPERATE_INCOME_QOQ_SQ":-7.399723308936,"NET_PROFIT_RATIO_SQ":1.887810779,"HOLDER_PROFIT_SQ":10192163.52,"HOLDER_PROFIT_QOQ_SQ":69.014331502452,"ROE_AVG_SQ":4.592506616288,"PE_TTM_SQ":5.318025178797,"PB_TTM_SQ":0.893852472138,"ROA_SQ":1.649154804468,"START_DATE":"2021-01-01 00:00:00","FISCAL_YEAR":"12-31","CURRENCY":"HKD","IS_CNY_CODE":0,"DPS_HKD_LY":0.036,"ORG_TYPE":"一般企业","PREMIUM_INCOME":null,"PREMIUM_INCOME_YOY":null,"NET_INTEREST_INCOME":null,"NET_INTEREST_INCOME_YOY":null,"FEE_COMMISSION_INCOME":null,"FEE_COMMISSION_INCOME_YOY":null,"ACCOUNTS_RECE_TDAYS":2.234597877879,"INVENTORY_TDAYS":175.455167916531,"CURRENT_ASSETS_TDAYS":1.570795678903,"TOTAL_ASSETS_TDAYS":0.928844935445,"PREMIUM_EXPENSE":null,"LOAN_DEPOSIT":null,"LOAN_EQUITY":null,"LOAN_ASSETS":null,"DEPOSIT_EQUITY":null,"DEPOSIT_ASSETS":null,"EQUITY_MULTIPLIER":2.308005973093,"EQUITY_RATIO":1.308005973093},{"SECUCODE":"01397.HK","SECURITY_CODE":"01397","SECURITY_NAME_ABBR":"碧瑶绿色集团","ORG_CODE":"10398316","STD_REPORT_DATE":"2020-12-31 00:00:00","REPORT_DATE":"2020-12-31 00:00:00","DATE_TYPE_CODE":"001","REPORT_TYPE":"2020年年报","PER_NETCASH_OPERATE":0.329138025349,"PER_OI":2.295306411663,"BPS":0.586170825253,"BASIC_EPS":0.104195032,"DILUTED_EPS":0.104195032,"OPERATE_INCOME":952552160.84,"OPERATE_INCOME_YOY":-19.0112740661,"GROSS_PROFIT":53482855.44,"GROSS_PROFIT_YOY":-15.257474033154,"HOLDER_PROFIT":43240096.64,"HOLDER_PROFIT_YOY":565.7419998187,"GROSS_PROFIT_RATIO":5.614690474571,"EPS_TTM":0.104193003952,"OPERATE_INCOME_QOQ":-17.825458698806,"NET_PROFIT_RATIO":4.5393941054,"ROE_AVG":19.528920295047,"GROSS_PROFIT_QOQ":-3.692295047256,"ROA":7.814565305679,"HOLDER_PROFIT_QOQ":1512.24335302403,"ROE_YEARLY":19.528920295047,"ROIC_YEARLY":8.132530358877,"TOTAL_ASSETS":508598843.8,"TOTAL_LIABILITIES":265337951.32,"TAX_EBT":-4.588575383738,"OCF_SALES":14.339611638647,"TOTAL_PARENT_EQUITY":243260892.48,"DEBT_ASSET_RATIO":52.1703803606,"OPERATE_PROFIT":48997755.88,"PRETAX_PROFIT":41343040.08,"NETCASH_OPERATE":136592280.52,"NETCASH_INVEST":-6479786.36,"NETCASH_FINANCE":-125826863.28,"END_CASH":24005256.08,"DIVI_RATIO":0.295715439918,"DIVIDEND_RATE":5.396825396825,"CURRENT_RATIO":1.342577857745,"COMMON_ACS":1000000000,"CURRENTDEBT_DEBT":83.915016985818,"ISSUED_COMMON_SHARES":415000000,"HK_COMMON_SHARES":415000000,"PER_SHARES":4000,"TOTAL_MARKET_CAP":261450000,"HKSK_MARKET_CAP":261450000,"PE_TTM":5.27670138048,"PB_TTM":0.694752618111,"REPORT_DATE_SQ":"2019-12-31 00:00:00","REPORT_TYPE_SQ":"2019年年报","OPERATE_INCOME_SQ":1251812239.9,"DPS_HKD":0.034,"OPERATE_INCOME_QOQ_SQ":-4.074392338804,"NET_PROFIT_RATIO_SQ":-0.8093283862,"HOLDER_PROFIT_SQ":-9881349.18,"HOLDER_PROFIT_QOQ_SQ":-216.785259614776,"ROE_AVG_SQ":-4.502963604004,"PE_TTM_SQ":5.318025178797,"PB_TTM_SQ":0.893852472138,"ROA_SQ":-1.566467290357,"START_DATE":"2020-01-01 00:00:00","FISCAL_YEAR":"12-31","CURRENCY":"HKD","IS_CNY_CODE":0,"DPS_HKD_LY":null,"ORG_TYPE":"一般企业","PREMIUM_INCOME":null,"PREMIUM_INCOME_YOY":null,"NET_INTEREST_INCOME":null,"NET_INTEREST_INCOME_YOY":null,"FEE_COMMISSION_INCOME":null,"FEE_COMMISSION_INCOME_YOY":null,"ACCOUNTS_RECE_TDAYS":3.906067137303,"INVENTORY_TDAYS":367.406706792777,"CURRENT_ASSETS_TDAYS":2.908027400358,"TOTAL_ASSETS_TDAYS":1.721499637229,"PREMIUM_EXPENSE":null,"LOAN_DEPOSIT":null,"LOAN_EQUITY":null,"LOAN_ASSETS":null,"DEPOSIT_EQUITY":null,"DEPOSIT_ASSETS":null,"EQUITY_MULTIPLIER":2.090754656924,"EQUITY_RATIO":1.090754656924},{"SECUCODE":"01397.HK","SECURITY_CODE":"01397","SECURITY_NAME_ABBR":"碧瑶绿色集团","ORG_CODE":"10398316","STD_REPORT_DATE":"2020-06-30 00:00:00","REPORT_DATE":"2020-06-30 00:00:00","DATE_TYPE_CODE":"002","REPORT_TYPE":"2020年中报","PER_NETCASH_OPERATE":0.15556213359,"PER_OI":1.300947660723,"BPS":0.547625989012,"BASIC_EPS":0.024571536,"DILUTED_EPS":0.024571536,"OPERATE_INCOME":539893279.2,"OPERATE_INCOME_YOY":-17.8011417764,"GROSS_PROFIT":30121597.44,"GROSS_PROFIT_YOY":-20.102855974393,"HOLDER_PROFIT":10192163.52,"HOLDER_PROFIT_YOY":191.0276473657,"GROSS_PROFIT_RATIO":5.579176218795,"EPS_TTM":-0.007377836386,"OPERATE_INCOME_QOQ":-7.399723308936,"NET_PROFIT_RATIO":1.887810779,"ROE_AVG":4.592506616288,"GROSS_PROFIT_QOQ":-12.00857085274,"ROA":1.649154804468,"HOLDER_PROFIT_QOQ":69.014331502452,"ROE_YEARLY":9.185013232576,"ROIC_YEARLY":3.462064439761,"TOTAL_ASSETS":586971976.8,"TOTAL_LIABILITIES":359707191.36,"TAX_EBT":-3.805005116755,"OCF_SALES":11.957601238463,"TOTAL_PARENT_EQUITY":227264785.44,"DEBT_ASSET_RATIO":61.2818338145,"OPERATE_PROFIT":15146662.08,"PRETAX_PROFIT":9818566.56,"NETCASH_OPERATE":64558285.44,"NETCASH_INVEST":504218.88,"NETCASH_FINANCE":-48281698.08,"END_CASH":37558825.92,"DIVI_RATIO":-4.17622164411,"DIVIDEND_RATE":5.396825396825,"CURRENT_RATIO":1.075260051426,"COMMON_ACS":1000000000,"CURRENTDEBT_DEBT":86.908383571106,"ISSUED_COMMON_SHARES":415000000,"HK_COMMON_SHARES":415000000,"PER_SHARES":4000,"TOTAL_MARKET_CAP":261450000,"HKSK_MARKET_CAP":261450000,"PE_TTM":5.27670138048,"PB_TTM":0.694752618111,"REPORT_DATE_SQ":"2019-06-30 00:00:00","REPORT_TYPE_SQ":"2019年中报","OPERATE_INCOME_SQ":632523921.3,"DPS_HKD":0.034,"OPERATE_INCOME_QOQ_SQ":4.189343689716,"NET_PROFIT_RATIO_SQ":0.4943988986,"HOLDER_PROFIT_SQ":3372616.44,"HOLDER_PROFIT_QOQ_SQ":-46.031318867478,"ROE_AVG_SQ":1.518851947589,"PE_TTM_SQ":5.318025178797,"PB_TTM_SQ":0.893852472138,"ROA_SQ":0.535453920796,"START_DATE":"2020-01-01 00:00:00","FISCAL_YEAR":"12-31","CURRENCY":"HKD","IS_CNY_CODE":0,"DPS_HKD_LY":null,"ORG_TYPE":"一般企业","PREMIUM_INCOME":null,"PREMIUM_INCOME_YOY":null,"NET_INTEREST_INCOME":null,"NET_INTEREST_INCOME_YOY":null,"FEE_COMMISSION_INCOME":null,"FEE_COMMISSION_INCOME_YOY":null,"ACCOUNTS_RECE_TDAYS":2.122203870597,"INVENTORY_TDAYS":210.437028657617,"CURRENT_ASSETS_TDAYS":1.494076071982,"TOTAL_ASSETS_TDAYS":0.87358056368,"PREMIUM_EXPENSE":null,"LOAN_DEPOSIT":null,"LOAN_EQUITY":null,"LOAN_ASSETS":null,"DEPOSIT_EQUITY":null,"DEPOSIT_ASSETS":null,"EQUITY_MULTIPLIER":2.582766950297,"EQUITY_RATIO":1.582766950294}],"count":25},"success":true,"message":"ok","code":0}