{"version":"7b892efc4511fb5e011f3ebe81f9b724","result":{"pages":3,"data":[{"SECUCODE":"01396.HK","SECURITY_CODE":"01396","SECURITY_NAME_ABBR":"粤港湾控股","ORG_CODE":"10342913","STD_REPORT_DATE":"2024-06-30 00:00:00","REPORT_DATE":"2024-06-30 00:00:00","DATE_TYPE_CODE":"002","REPORT_TYPE":"2024年中报","PER_NETCASH_OPERATE":1.117867012176,"PER_OI":1.587703695023,"BPS":1.484289889082,"BASIC_EPS":-2.186,"DILUTED_EPS":-2.186,"OPERATE_INCOME":861703000,"OPERATE_INCOME_YOY":-46.9453508848,"GROSS_PROFIT":-364269000,"GROSS_PROFIT_YOY":-70.628188133235,"HOLDER_PROFIT":-1028298000,"HOLDER_PROFIT_YOY":-56.0183162188,"GROSS_PROFIT_RATIO":-42.273149797552,"EPS_TTM":-2.918470031621,"OPERATE_INCOME_QOQ":-21.59672750849,"NET_PROFIT_RATIO":-119.2783360392,"ROE_AVG":-59.663013269433,"GROSS_PROFIT_QOQ":-712.715069011155,"ROA":-5.947462628384,"HOLDER_PROFIT_QOQ":-30.393983273883,"ROE_YEARLY":-119.326026538865,"ROIC_YEARLY":-11.916421719775,"TOTAL_ASSETS":16357485000,"TOTAL_LIABILITIES":15144189000,"TAX_EBT":-0.057338333158,"OCF_SALES":70.407785513106,"TOTAL_PARENT_EQUITY":1208365000,"DEBT_ASSET_RATIO":92.5826250185,"OPERATE_PROFIT":-922920000,"PRETAX_PROFIT":-1027236000,"NETCASH_OPERATE":606706000,"NETCASH_INVEST":3464000,"NETCASH_FINANCE":-611613000,"END_CASH":25714000,"DIVI_RATIO":null,"DIVIDEND_RATE":null,"CURRENT_RATIO":1.326952582872,"COMMON_ACS":5000000000,"CURRENTDEBT_DEBT":70.873177824181,"ISSUED_COMMON_SHARES":814103100,"HK_COMMON_SHARES":814103100,"PER_SHARES":8000,"TOTAL_MARKET_CAP":293077116,"HKSK_MARKET_CAP":293077116,"PE_TTM":-0.167255393854,"PB_TTM":0.221361610301,"REPORT_DATE_SQ":"2023-06-30 00:00:00","REPORT_TYPE_SQ":"2023年中报","OPERATE_INCOME_SQ":1624180000,"DPS_HKD":null,"OPERATE_INCOME_QOQ_SQ":9.547233655716,"NET_PROFIT_RATIO_SQ":-45.6147101922,"HOLDER_PROFIT_SQ":-659088000,"HOLDER_PROFIT_QOQ_SQ":8.745400271785,"ROE_AVG_SQ":-21.531885477425,"PE_TTM_SQ":-0.036461897478,"PB_TTM_SQ":0.019209368418,"ROA_SQ":-3.108079673543,"START_DATE":"2024-01-01 00:00:00","FISCAL_YEAR":"12-31","CURRENCY":"HKD","IS_CNY_CODE":0,"DPS_HKD_LY":null,"ORG_TYPE":"一般企业","PREMIUM_INCOME":null,"PREMIUM_INCOME_YOY":null,"NET_INTEREST_INCOME":null,"NET_INTEREST_INCOME_YOY":null,"FEE_COMMISSION_INCOME":null,"FEE_COMMISSION_INCOME_YOY":null,"ACCOUNTS_RECE_TDAYS":0.280469685001,"INVENTORY_TDAYS":0.108747638998,"CURRENT_ASSETS_TDAYS":0.056636526351,"TOTAL_ASSETS_TDAYS":0.049839116572,"PREMIUM_EXPENSE":null,"LOAN_DEPOSIT":null,"LOAN_EQUITY":null,"LOAN_ASSETS":null,"DEPOSIT_EQUITY":null,"DEPOSIT_ASSETS":null,"EQUITY_MULTIPLIER":13.481858507816,"EQUITY_RATIO":12.532793485412},{"SECUCODE":"01396.HK","SECURITY_CODE":"01396","SECURITY_NAME_ABBR":"粤港湾控股","ORG_CODE":"10342913","STD_REPORT_DATE":"2023-12-31 00:00:00","REPORT_DATE":"2023-12-31 00:00:00","DATE_TYPE_CODE":"001","REPORT_TYPE":"2023年年报","PER_NETCASH_OPERATE":3.196918292027,"PER_OI":7.781012898707,"BPS":2.749842126876,"BASIC_EPS":-2.677,"DILUTED_EPS":-2.677,"OPERATE_INCOME":3530521000,"OPERATE_INCOME_YOY":11.4403992323,"GROSS_PROFIT":21156000,"GROSS_PROFIT_YOY":146.017314134076,"HOLDER_PROFIT":-1214747000,"HOLDER_PROFIT_YOY":22.7177586409,"GROSS_PROFIT_RATIO":0.599231671473,"EPS_TTM":-2.677214517536,"OPERATE_INCOME_QOQ":1.728172874339,"NET_PROFIT_RATIO":-34.1483594064,"ROE_AVG":-42.922420735105,"GROSS_PROFIT_QOQ":119.59669127523,"ROA":-5.935830665664,"HOLDER_PROFIT_QOQ":15.311401738325,"ROE_YEARLY":-42.922420735105,"ROIC_YEARLY":-5.965111512382,"TOTAL_ASSETS":18221900000,"TOTAL_LIABILITIES":15977467000,"TAX_EBT":-17.425304955255,"OCF_SALES":41.086145642527,"TOTAL_PARENT_EQUITY":2238655000,"DEBT_ASSET_RATIO":87.6827718295,"OPERATE_PROFIT":-340061000,"PRETAX_PROFIT":-1026708000,"NETCASH_OPERATE":1450555000,"NETCASH_INVEST":-7298000,"NETCASH_FINANCE":-1509793000,"END_CASH":25956000,"DIVI_RATIO":null,"DIVIDEND_RATE":null,"CURRENT_RATIO":1.394817311189,"COMMON_ACS":5000000000,"CURRENTDEBT_DEBT":72.633415547033,"ISSUED_COMMON_SHARES":814103100,"HK_COMMON_SHARES":814103100,"PER_SHARES":8000,"TOTAL_MARKET_CAP":153051382.8,"HKSK_MARKET_CAP":153051382.8,"PE_TTM":-0.087344483457,"PB_TTM":0.115599952046,"REPORT_DATE_SQ":"2022-12-31 00:00:00","REPORT_TYPE_SQ":"2022年年报","OPERATE_INCOME_SQ":3168080000,"DPS_HKD":null,"OPERATE_INCOME_QOQ_SQ":-26.123481203121,"NET_PROFIT_RATIO_SQ":-54.5764942804,"HOLDER_PROFIT_SQ":-1571832000,"HOLDER_PROFIT_QOQ_SQ":-14.654013501734,"ROE_AVG_SQ":-36.942493873107,"PE_TTM_SQ":-0.070277366912,"PB_TTM_SQ":0.037024508483,"ROA_SQ":-6.748903604579,"START_DATE":"2023-01-01 00:00:00","FISCAL_YEAR":"12-31","CURRENCY":"HKD","IS_CNY_CODE":0,"DPS_HKD_LY":null,"ORG_TYPE":"一般企业","PREMIUM_INCOME":null,"PREMIUM_INCOME_YOY":null,"NET_INTEREST_INCOME":null,"NET_INTEREST_INCOME_YOY":null,"FEE_COMMISSION_INCOME":null,"FEE_COMMISSION_INCOME_YOY":null,"ACCOUNTS_RECE_TDAYS":1.09050252238,"INVENTORY_TDAYS":0.268510851312,"CURRENT_ASSETS_TDAYS":0.195134241528,"TOTAL_ASSETS_TDAYS":0.17251802077,"PREMIUM_EXPENSE":null,"LOAN_DEPOSIT":null,"LOAN_EQUITY":null,"LOAN_ASSETS":null,"DEPOSIT_EQUITY":null,"DEPOSIT_ASSETS":null,"EQUITY_MULTIPLIER":8.118709714212,"EQUITY_RATIO":7.137083203977},{"SECUCODE":"01396.HK","SECURITY_CODE":"01396","SECURITY_NAME_ABBR":"粤港湾控股","ORG_CODE":"10342913","STD_REPORT_DATE":"2023-06-30 00:00:00","REPORT_DATE":"2023-06-30 00:00:00","DATE_TYPE_CODE":"002","REPORT_TYPE":"2023年中报","PER_NETCASH_OPERATE":1.48740433301,"PER_OI":3.579575232614,"BPS":3.317060210187,"BASIC_EPS":-1.453,"DILUTED_EPS":-1.453,"OPERATE_INCOME":1624180000,"OPERATE_INCOME_YOY":22.884189947,"GROSS_PROFIT":-213487000,"GROSS_PROFIT_YOY":-40.911791107826,"HOLDER_PROFIT":-659088000,"HOLDER_PROFIT_YOY":17.2572754287,"GROSS_PROFIT_RATIO":-13.144294351611,"EPS_TTM":-3.161245518864,"OPERATE_INCOME_QOQ":9.547233655716,"NET_PROFIT_RATIO":-45.6147101922,"ROE_AVG":-21.531885477425,"GROSS_PROFIT_QOQ":-134.821855831557,"ROA":-3.108079673543,"HOLDER_PROFIT_QOQ":8.745400271785,"ROE_YEARLY":-43.063770954849,"ROIC_YEARLY":-6.252491116648,"TOTAL_ASSETS":19703867000,"TOTAL_LIABILITIES":17071349000,"TAX_EBT":16.743364383266,"OCF_SALES":41.552537280351,"TOTAL_PARENT_EQUITY":2700429000,"DEBT_ASSET_RATIO":86.6395870415,"OPERATE_PROFIT":-283172000,"PRETAX_PROFIT":-889857000,"NETCASH_OPERATE":674888000,"NETCASH_INVEST":-13821000,"NETCASH_FINANCE":-592343000,"END_CASH":145178000,"DIVI_RATIO":null,"DIVIDEND_RATE":null,"CURRENT_RATIO":1.545218154103,"COMMON_ACS":5000000000,"CURRENTDEBT_DEBT":65.955238803916,"ISSUED_COMMON_SHARES":814103100,"HK_COMMON_SHARES":814103100,"PER_SHARES":8000,"TOTAL_MARKET_CAP":153051382.8,"HKSK_MARKET_CAP":153051382.8,"PE_TTM":-0.087344483457,"PB_TTM":0.115599952046,"REPORT_DATE_SQ":"2022-06-30 00:00:00","REPORT_TYPE_SQ":"2022年中报","OPERATE_INCOME_SQ":1321716000,"DPS_HKD":null,"OPERATE_INCOME_QOQ_SQ":-23.022181039849,"NET_PROFIT_RATIO_SQ":-66.1338744481,"HOLDER_PROFIT_SQ":-796551000,"HOLDER_PROFIT_QOQ_SQ":-175.020863257396,"ROE_AVG_SQ":-16.987197292971,"PE_TTM_SQ":-0.070277366912,"PB_TTM_SQ":0.037024508483,"ROA_SQ":-3.451725573536,"START_DATE":"2023-01-01 00:00:00","FISCAL_YEAR":"12-31","CURRENCY":"HKD","IS_CNY_CODE":0,"DPS_HKD_LY":null,"ORG_TYPE":"一般企业","PREMIUM_INCOME":null,"PREMIUM_INCOME_YOY":null,"NET_INTEREST_INCOME":null,"NET_INTEREST_INCOME_YOY":null,"FEE_COMMISSION_INCOME":null,"FEE_COMMISSION_INCOME_YOY":null,"ACCOUNTS_RECE_TDAYS":0.482320846498,"INVENTORY_TDAYS":0.13906139027,"CURRENT_ASSETS_TDAYS":0.086861422371,"TOTAL_ASSETS_TDAYS":0.07659190949,"PREMIUM_EXPENSE":null,"LOAN_DEPOSIT":null,"LOAN_EQUITY":null,"LOAN_ASSETS":null,"DEPOSIT_EQUITY":null,"DEPOSIT_ASSETS":null,"EQUITY_MULTIPLIER":7.484798584491,"EQUITY_RATIO":6.321717401198},{"SECUCODE":"01396.HK","SECURITY_CODE":"01396","SECURITY_NAME_ABBR":"粤港湾控股","ORG_CODE":"10342913","STD_REPORT_DATE":"2022-12-31 00:00:00","REPORT_DATE":"2022-12-31 00:00:00","DATE_TYPE_CODE":"001","REPORT_TYPE":"2022年年报","PER_NETCASH_OPERATE":-1.962749655416,"PER_OI":6.982219152396,"BPS":4.20283745388,"BASIC_EPS":-3.464,"DILUTED_EPS":-3.464,"OPERATE_INCOME":3168080000,"OPERATE_INCOME_YOY":-43.1314671065,"GROSS_PROFIT":-45974000,"GROSS_PROFIT_YOY":-106.252805153049,"HOLDER_PROFIT":-1571832000,"HOLDER_PROFIT_YOY":-215.3224576917,"GROSS_PROFIT_RATIO":-1.451162849423,"EPS_TTM":-3.464204027281,"OPERATE_INCOME_QOQ":-26.123481203121,"NET_PROFIT_RATIO":-54.5764942804,"ROE_AVG":-36.942493873107,"GROSS_PROFIT_QOQ":-541.633045148895,"ROA":-6.748903604579,"HOLDER_PROFIT_QOQ":-14.654013501734,"ROE_YEARLY":-36.942493873107,"ROIC_YEARLY":-7.069366487828,"TOTAL_ASSETS":22707401000,"TOTAL_LIABILITIES":19192796000,"TAX_EBT":9.787605041798,"OCF_SALES":-28.110685336229,"TOTAL_PARENT_EQUITY":3421543000,"DEBT_ASSET_RATIO":84.522204897,"OPERATE_PROFIT":-905715000,"PRETAX_PROFIT":-1916618000,"NETCASH_OPERATE":-890569000,"NETCASH_INVEST":176579000,"NETCASH_FINANCE":-590156000,"END_CASH":76113000,"DIVI_RATIO":null,"DIVIDEND_RATE":null,"CURRENT_RATIO":1.397376594752,"COMMON_ACS":5000000000,"CURRENTDEBT_DEBT":74.567707591953,"ISSUED_COMMON_SHARES":814103100,"HK_COMMON_SHARES":814103100,"PER_SHARES":8000,"TOTAL_MARKET_CAP":153051382.8,"HKSK_MARKET_CAP":153051382.8,"PE_TTM":-0.087344483457,"PB_TTM":0.115599952046,"REPORT_DATE_SQ":"2021-12-31 00:00:00","REPORT_TYPE_SQ":"2021年年报","OPERATE_INCOME_SQ":5570884000,"DPS_HKD":null,"OPERATE_INCOME_QOQ_SQ":-0.666427852209,"NET_PROFIT_RATIO_SQ":-7.9899348111,"HOLDER_PROFIT_SQ":-498484000,"HOLDER_PROFIT_QOQ_SQ":-248.393223406694,"ROE_AVG_SQ":-9.334496453292,"PE_TTM_SQ":-0.070277366912,"PB_TTM_SQ":0.037024508483,"ROA_SQ":-2.326648287189,"START_DATE":"2022-01-01 00:00:00","FISCAL_YEAR":"12-31","CURRENCY":"HKD","IS_CNY_CODE":0,"DPS_HKD_LY":null,"ORG_TYPE":"一般企业","PREMIUM_INCOME":null,"PREMIUM_INCOME_YOY":null,"NET_INTEREST_INCOME":null,"NET_INTEREST_INCOME_YOY":null,"FEE_COMMISSION_INCOME":null,"FEE_COMMISSION_INCOME_YOY":null,"ACCOUNTS_RECE_TDAYS":0.917642107471,"INVENTORY_TDAYS":0.226837086634,"CURRENT_ASSETS_TDAYS":0.157532389045,"TOTAL_ASSETS_TDAYS":0.136026410784,"PREMIUM_EXPENSE":null,"LOAN_DEPOSIT":null,"LOAN_EQUITY":null,"LOAN_ASSETS":null,"DEPOSIT_EQUITY":null,"DEPOSIT_ASSETS":null,"EQUITY_MULTIPLIER":6.460868575565,"EQUITY_RATIO":5.609397865232},{"SECUCODE":"01396.HK","SECURITY_CODE":"01396","SECURITY_NAME_ABBR":"粤港湾控股","ORG_CODE":"10342913","STD_REPORT_DATE":"2022-06-30 00:00:00","REPORT_DATE":"2022-06-30 00:00:00","DATE_TYPE_CODE":"002","REPORT_TYPE":"2022年中报","PER_NETCASH_OPERATE":-0.15500553847,"PER_OI":0.291296645578,"BPS":5.269822704274,"BASIC_EPS":-1.756,"DILUTED_EPS":-1.756,"OPERATE_INCOME":1321716000,"OPERATE_INCOME_YOY":-49.2478271137,"GROSS_PROFIT":-151504000,"GROSS_PROFIT_YOY":-126.424809013849,"HOLDER_PROFIT":-796551000,"HOLDER_PROFIT_YOY":-1149.4743083004,"GROSS_PROFIT_RATIO":-11.46267428101,"EPS_TTM":-0.302144157145,"OPERATE_INCOME_QOQ":-23.022181039849,"NET_PROFIT_RATIO":-66.1338744481,"ROE_AVG":-16.987197292971,"GROSS_PROFIT_QOQ":-98.58416275192,"ROA":-3.451725573536,"HOLDER_PROFIT_QOQ":-175.020863257396,"ROE_YEARLY":-33.974394585942,"ROIC_YEARLY":-7.351194222636,"TOTAL_ASSETS":22280820000,"TOTAL_LIABILITIES":17809382000,"TAX_EBT":2.739445568262,"OCF_SALES":-53.212263451453,"TOTAL_PARENT_EQUITY":4290179000,"DEBT_ASSET_RATIO":79.9314477654,"OPERATE_PROFIT":-1060781000,"PRETAX_PROFIT":-898722000,"NETCASH_OPERATE":-703315000,"NETCASH_INVEST":84298000,"NETCASH_FINANCE":-66899000,"END_CASH":687485000,"DIVI_RATIO":null,"DIVIDEND_RATE":null,"CURRENT_RATIO":1.714043962215,"COMMON_ACS":5000000000,"CURRENTDEBT_DEBT":61.874993753293,"ISSUED_COMMON_SHARES":814103100,"HK_COMMON_SHARES":814103100,"PER_SHARES":8000,"TOTAL_MARKET_CAP":153051382.8,"HKSK_MARKET_CAP":153051382.8,"PE_TTM":-0.087344483457,"PB_TTM":0.115599952046,"REPORT_DATE_SQ":"2021-06-30 00:00:00","REPORT_TYPE_SQ":"2021年中报","OPERATE_INCOME_SQ":2604255000,"DPS_HKD":null,"OPERATE_INCOME_QOQ_SQ":50.067484436034,"NET_PROFIT_RATIO_SQ":6.1854157907,"HOLDER_PROFIT_SQ":75900000,"HOLDER_PROFIT_QOQ_SQ":-6.868665025395,"ROE_AVG_SQ":1.344172785176,"PE_TTM_SQ":-0.070277366912,"PB_TTM_SQ":0.037024508483,"ROA_SQ":0.345537027365,"START_DATE":"2022-01-01 00:00:00","FISCAL_YEAR":"12-31","CURRENCY":"HKD","IS_CNY_CODE":0,"DPS_HKD_LY":null,"ORG_TYPE":"一般企业","PREMIUM_INCOME":null,"PREMIUM_INCOME_YOY":null,"NET_INTEREST_INCOME":null,"NET_INTEREST_INCOME_YOY":null,"FEE_COMMISSION_INCOME":null,"FEE_COMMISSION_INCOME_YOY":null,"ACCOUNTS_RECE_TDAYS":0.347280983358,"INVENTORY_TDAYS":0.109804179367,"CURRENT_ASSETS_TDAYS":0.067588664367,"TOTAL_ASSETS_TDAYS":0.057274435889,"PREMIUM_EXPENSE":null,"LOAN_DEPOSIT":null,"LOAN_EQUITY":null,"LOAN_ASSETS":null,"DEPOSIT_EQUITY":null,"DEPOSIT_ASSETS":null,"EQUITY_MULTIPLIER":4.982920483302,"EQUITY_RATIO":4.151197887081},{"SECUCODE":"01396.HK","SECURITY_CODE":"01396","SECURITY_NAME_ABBR":"粤港湾控股","ORG_CODE":"10342913","STD_REPORT_DATE":"2021-12-31 00:00:00","REPORT_DATE":"2021-12-31 00:00:00","DATE_TYPE_CODE":"001","REPORT_TYPE":"2021年年报","PER_NETCASH_OPERATE":-0.781964554672,"PER_OI":1.227782535813,"BPS":6.249911098484,"BASIC_EPS":-1.099,"DILUTED_EPS":-1.099,"OPERATE_INCOME":5570884000,"OPERATE_INCOME_YOY":49.0673929226,"GROSS_PROFIT":735254000,"GROSS_PROFIT_YOY":-42.858852613557,"HOLDER_PROFIT":-498484000,"HOLDER_PROFIT_YOY":-238.2005899705,"GROSS_PROFIT_RATIO":13.198156701881,"EPS_TTM":-0.109862267745,"OPERATE_INCOME_QOQ":-0.666427852209,"NET_PROFIT_RATIO":-7.9899348111,"ROE_AVG":-9.334496453292,"GROSS_PROFIT_QOQ":-51.003808387783,"ROA":-2.326648287189,"HOLDER_PROFIT_QOQ":-248.393223406694,"ROE_YEARLY":-9.334496453292,"ROIC_YEARLY":-2.565643794603,"TOTAL_ASSETS":23872965000,"TOTAL_LIABILITIES":18215838000,"TAX_EBT":-25.147257703089,"OCF_SALES":-63.689173926436,"TOTAL_PARENT_EQUITY":5088072000,"DEBT_ASSET_RATIO":76.3032074147,"OPERATE_PROFIT":-112076000,"PRETAX_PROFIT":-355669000,"NETCASH_OPERATE":-3548050000,"NETCASH_INVEST":-39338000,"NETCASH_FINANCE":3179337000,"END_CASH":1373314000,"DIVI_RATIO":null,"DIVIDEND_RATE":null,"CURRENT_RATIO":1.619066971256,"COMMON_ACS":5000000000,"CURRENTDEBT_DEBT":68.568182259855,"ISSUED_COMMON_SHARES":814103100,"HK_COMMON_SHARES":814103100,"PER_SHARES":8000,"TOTAL_MARKET_CAP":153051382.8,"HKSK_MARKET_CAP":153051382.8,"PE_TTM":-0.087344483457,"PB_TTM":0.115599952046,"REPORT_DATE_SQ":"2020-12-31 00:00:00","REPORT_TYPE_SQ":"2020年年报","OPERATE_INCOME_SQ":3737158000,"DPS_HKD":null,"OPERATE_INCOME_QOQ_SQ":122.052037718136,"NET_PROFIT_RATIO_SQ":9.533260301,"HOLDER_PROFIT_SQ":360696000,"HOLDER_PROFIT_QOQ_SQ":293.462846354362,"ROE_AVG_SQ":6.853983729827,"PE_TTM_SQ":-0.070277366912,"PB_TTM_SQ":0.037024508483,"ROA_SQ":2.132666513391,"START_DATE":"2021-01-01 00:00:00","FISCAL_YEAR":"12-31","CURRENCY":"HKD","IS_CNY_CODE":0,"DPS_HKD_LY":null,"ORG_TYPE":"一般企业","PREMIUM_INCOME":null,"PREMIUM_INCOME_YOY":null,"NET_INTEREST_INCOME":null,"NET_INTEREST_INCOME_YOY":null,"FEE_COMMISSION_INCOME":null,"FEE_COMMISSION_INCOME_YOY":null,"ACCOUNTS_RECE_TDAYS":1.651091666689,"INVENTORY_TDAYS":0.41574831718,"CURRENT_ASSETS_TDAYS":0.31882195838,"TOTAL_ASSETS_TDAYS":0.260018129303,"PREMIUM_EXPENSE":null,"LOAN_DEPOSIT":null,"LOAN_EQUITY":null,"LOAN_ASSETS":null,"DEPOSIT_EQUITY":null,"DEPOSIT_ASSETS":null,"EQUITY_MULTIPLIER":4.219980389331,"EQUITY_RATIO":3.580106177743},{"SECUCODE":"01396.HK","SECURITY_CODE":"01396","SECURITY_NAME_ABBR":"粤港湾控股","ORG_CODE":"10342913","STD_REPORT_DATE":"2021-06-30 00:00:00","REPORT_DATE":"2021-06-30 00:00:00","DATE_TYPE_CODE":"002","REPORT_TYPE":"2021年中报","PER_NETCASH_OPERATE":-0.632694076768,"PER_OI":0.573958963748,"BPS":7.002545500687,"BASIC_EPS":0.017,"DILUTED_EPS":0.017,"OPERATE_INCOME":2604255000,"OPERATE_INCOME_YOY":255.2125474321,"GROSS_PROFIT":573340000,"GROSS_PROFIT_YOY":59.510124138238,"HOLDER_PROFIT":75900000,"HOLDER_PROFIT_YOY":-24.6088899926,"GROSS_PROFIT_RATIO":22.015509233927,"EPS_TTM":0.074034558467,"OPERATE_INCOME_QOQ":50.067484436034,"NET_PROFIT_RATIO":6.1854157907,"ROE_AVG":1.344172785176,"GROSS_PROFIT_QOQ":16.623650749612,"ROA":0.345537027365,"HOLDER_PROFIT_QOQ":-6.868665025395,"ROE_YEARLY":2.688345570353,"ROIC_YEARLY":0.785500610846,"TOTAL_ASSETS":24954615000,"TOTAL_LIABILITIES":18683073000,"TAX_EBT":39.420241891811,"OCF_SALES":-110.233329685457,"TOTAL_PARENT_EQUITY":5700794000,"DEBT_ASSET_RATIO":74.8682077443,"OPERATE_PROFIT":419492000,"PRETAX_PROFIT":265904000,"NETCASH_OPERATE":-2870757000,"NETCASH_INVEST":141469000,"NETCASH_FINANCE":3609415000,"END_CASH":2661155000,"DIVI_RATIO":null,"DIVIDEND_RATE":null,"CURRENT_RATIO":1.326203480187,"COMMON_ACS":5000000000,"CURRENTDEBT_DEBT":83.455719516805,"ISSUED_COMMON_SHARES":814103100,"HK_COMMON_SHARES":814103100,"PER_SHARES":8000,"TOTAL_MARKET_CAP":153051382.8,"HKSK_MARKET_CAP":153051382.8,"PE_TTM":-0.087344483457,"PB_TTM":0.115599952046,"REPORT_DATE_SQ":"2020-06-30 00:00:00","REPORT_TYPE_SQ":"2020年中报","OPERATE_INCOME_SQ":733154000,"DPS_HKD":null,"OPERATE_INCOME_QOQ_SQ":6.297069174159,"NET_PROFIT_RATIO_SQ":13.065604225,"HOLDER_PROFIT_SQ":100675000,"HOLDER_PROFIT_QOQ_SQ":31.258272773863,"ROE_AVG_SQ":1.980408171616,"PE_TTM_SQ":-0.070277366912,"PB_TTM_SQ":0.037024508483,"ROA_SQ":0.670838425425,"START_DATE":"2021-01-01 00:00:00","FISCAL_YEAR":"12-31","CURRENCY":"HKD","IS_CNY_CODE":0,"DPS_HKD_LY":null,"ORG_TYPE":"一般企业","PREMIUM_INCOME":null,"PREMIUM_INCOME_YOY":null,"NET_INTEREST_INCOME":null,"NET_INTEREST_INCOME_YOY":null,"FEE_COMMISSION_INCOME":null,"FEE_COMMISSION_INCOME_YOY":null,"ACCOUNTS_RECE_TDAYS":0.878346576664,"INVENTORY_TDAYS":0.172885182452,"CURRENT_ASSETS_TDAYS":0.147123147049,"TOTAL_ASSETS_TDAYS":0.118559490277,"PREMIUM_EXPENSE":null,"LOAN_DEPOSIT":null,"LOAN_EQUITY":null,"LOAN_ASSETS":null,"DEPOSIT_EQUITY":null,"DEPOSIT_ASSETS":null,"EQUITY_MULTIPLIER":3.979023819016,"EQUITY_RATIO":3.277275586524},{"SECUCODE":"01396.HK","SECURITY_CODE":"01396","SECURITY_NAME_ABBR":"粤港湾控股","ORG_CODE":"10342913","STD_REPORT_DATE":"2020-12-31 00:00:00","REPORT_DATE":"2020-12-31 00:00:00","DATE_TYPE_CODE":"001","REPORT_TYPE":"2020年年报","PER_NETCASH_OPERATE":0.129262341003,"PER_OI":0.823642589932,"BPS":6.869396517468,"BASIC_EPS":0.084,"DILUTED_EPS":0.084,"OPERATE_INCOME":3737158000,"OPERATE_INCOME_YOY":136.0348081359,"GROSS_PROFIT":1286733000,"GROSS_PROFIT_YOY":124.607771260997,"HOLDER_PROFIT":360696000,"HOLDER_PROFIT_YOY":232.9897021248,"GROSS_PROFIT_RATIO":34.430789385945,"EPS_TTM":0.079494789254,"OPERATE_INCOME_QOQ":122.052037718136,"NET_PROFIT_RATIO":9.533260301,"ROE_AVG":6.853983729827,"GROSS_PROFIT_QOQ":90.48939433417,"ROA":2.132666513391,"HOLDER_PROFIT_QOQ":293.462846354362,"ROE_YEARLY":6.853983729827,"ROIC_YEARLY":2.389572787744,"TOTAL_ASSETS":18977001000,"TOTAL_LIABILITIES":13118637000,"TAX_EBT":50.918674221603,"OCF_SALES":15.693984573304,"TOTAL_PARENT_EQUITY":5592397000,"DEBT_ASSET_RATIO":69.1291368958,"OPERATE_PROFIT":964063000,"PRETAX_PROFIT":725883000,"NETCASH_OPERATE":586509000,"NETCASH_INVEST":-1382415000,"NETCASH_FINANCE":1024866000,"END_CASH":1783235000,"DIVI_RATIO":null,"DIVIDEND_RATE":null,"CURRENT_RATIO":1.228349683971,"COMMON_ACS":5000000000,"CURRENTDEBT_DEBT":91.372998582094,"ISSUED_COMMON_SHARES":814103100,"HK_COMMON_SHARES":814103100,"PER_SHARES":8000,"TOTAL_MARKET_CAP":153051382.8,"HKSK_MARKET_CAP":153051382.8,"PE_TTM":-0.087344483457,"PB_TTM":0.115599952046,"REPORT_DATE_SQ":"2019-12-31 00:00:00","REPORT_TYPE_SQ":"2019年年报","OPERATE_INCOME_SQ":1583308000,"DPS_HKD":null,"OPERATE_INCOME_QOQ_SQ":-37.983302226566,"NET_PROFIT_RATIO_SQ":-17.5130170504,"HOLDER_PROFIT_SQ":-271221000,"HOLDER_PROFIT_QOQ_SQ":-393.672242975475,"ROE_AVG_SQ":-5.332916223561,"PE_TTM_SQ":-0.070277366912,"PB_TTM_SQ":0.037024508483,"ROA_SQ":-1.843793934999,"START_DATE":"2020-01-01 00:00:00","FISCAL_YEAR":"12-31","CURRENCY":"HKD","IS_CNY_CODE":0,"DPS_HKD_LY":null,"ORG_TYPE":"一般企业","PREMIUM_INCOME":null,"PREMIUM_INCOME_YOY":null,"NET_INTEREST_INCOME":null,"NET_INTEREST_INCOME_YOY":null,"FEE_COMMISSION_INCOME":null,"FEE_COMMISSION_INCOME_YOY":null,"ACCOUNTS_RECE_TDAYS":1.774911590628,"INVENTORY_TDAYS":0.292534303249,"CURRENT_ASSETS_TDAYS":0.289444273451,"TOTAL_ASSETS_TDAYS":0.220964793673,"PREMIUM_EXPENSE":null,"LOAN_DEPOSIT":null,"LOAN_EQUITY":null,"LOAN_ASSETS":null,"DEPOSIT_EQUITY":null,"DEPOSIT_ASSETS":null,"EQUITY_MULTIPLIER":3.239300425857,"EQUITY_RATIO":2.345798590479},{"SECUCODE":"01396.HK","SECURITY_CODE":"01396","SECURITY_NAME_ABBR":"粤港湾控股","ORG_CODE":"10342913","STD_REPORT_DATE":"2020-06-30 00:00:00","REPORT_DATE":"2020-06-30 00:00:00","DATE_TYPE_CODE":"002","REPORT_TYPE":"2020年中报","PER_NETCASH_OPERATE":-0.107873002635,"PER_OI":0.161581838226,"BPS":6.429583673124,"BASIC_EPS":0.025,"DILUTED_EPS":0.025,"OPERATE_INCOME":733154000,"OPERATE_INCOME_YOY":15.7394719726,"GROSS_PROFIT":359438000,"GROSS_PROFIT_YOY":39.951719035938,"HOLDER_PROFIT":100675000,"HOLDER_PROFIT_YOY":533.3354302969,"GROSS_PROFIT_RATIO":49.026261876768,"EPS_TTM":-0.041090468145,"OPERATE_INCOME_QOQ":6.297069174159,"NET_PROFIT_RATIO":13.065604225,"ROE_AVG":1.980408171616,"GROSS_PROFIT_QOQ":17.910906298003,"ROA":0.670838425425,"HOLDER_PROFIT_QOQ":31.258272773863,"ROE_YEARLY":3.960816343231,"ROIC_YEARLY":1.445706141469,"TOTAL_ASSETS":15165857000,"TOTAL_LIABILITIES":9926826000,"TAX_EBT":54.617122985886,"OCF_SALES":-66.760598728235,"TOTAL_PARENT_EQUITY":5234344000,"DEBT_ASSET_RATIO":65.455094295,"OPERATE_PROFIT":367333000,"PRETAX_PROFIT":211073000,"NETCASH_OPERATE":-489458000,"NETCASH_INVEST":-363020000,"NETCASH_FINANCE":-156057000,"END_CASH":567633000,"DIVI_RATIO":null,"DIVIDEND_RATE":null,"CURRENT_RATIO":1.528238080651,"COMMON_ACS":5000000000,"CURRENTDEBT_DEBT":71.856250930559,"ISSUED_COMMON_SHARES":814103100,"HK_COMMON_SHARES":814103100,"PER_SHARES":8000,"TOTAL_MARKET_CAP":153051382.8,"HKSK_MARKET_CAP":153051382.8,"PE_TTM":-0.087344483457,"PB_TTM":0.115599952046,"REPORT_DATE_SQ":"2019-06-30 00:00:00","REPORT_TYPE_SQ":"2019年中报","OPERATE_INCOME_SQ":633452000,"DPS_HKD":null,"OPERATE_INCOME_QOQ_SQ":-10.174048149991,"NET_PROFIT_RATIO_SQ":1.6083302287,"HOLDER_PROFIT_SQ":15896000,"HOLDER_PROFIT_QOQ_SQ":-13.682882377681,"ROE_AVG_SQ":0.303187656967,"PE_TTM_SQ":-0.070277366912,"PB_TTM_SQ":0.037024508483,"ROA_SQ":0.10766382769,"START_DATE":"2020-01-01 00:00:00","FISCAL_YEAR":"12-31","CURRENCY":"HKD","IS_CNY_CODE":0,"DPS_HKD_LY":null,"ORG_TYPE":"一般企业","PREMIUM_INCOME":null,"PREMIUM_INCOME_YOY":null,"NET_INTEREST_INCOME":null,"NET_INTEREST_INCOME_YOY":null,"FEE_COMMISSION_INCOME":null,"FEE_COMMISSION_INCOME_YOY":null,"ACCOUNTS_RECE_TDAYS":0.386835783394,"INVENTORY_TDAYS":0.051422036378,"CURRENT_ASSETS_TDAYS":0.066650715067,"TOTAL_ASSETS_TDAYS":0.048853029546,"PREMIUM_EXPENSE":null,"LOAN_DEPOSIT":null,"LOAN_EQUITY":null,"LOAN_ASSETS":null,"DEPOSIT_EQUITY":null,"DEPOSIT_ASSETS":null,"EQUITY_MULTIPLIER":2.894782832929,"EQUITY_RATIO":1.896479482434}],"count":27},"success":true,"message":"ok","code":0}