{"version":"dd1968640d597b392162ebba6510f936","result":{"pages":5,"data":[{"SECUCODE":"01393.HK","SECURITY_CODE":"01393","SECURITY_NAME_ABBR":"恒鼎实业","ORG_CODE":"10086702","STD_REPORT_DATE":"2024-06-30 00:00:00","REPORT_DATE":"2024-06-30 00:00:00","DATE_TYPE_CODE":"002","REPORT_TYPE":"2024年中报","PER_NETCASH_OPERATE":0.005912153387,"PER_OI":0.201161740985,"BPS":0.297895054058,"BASIC_EPS":-0.077,"DILUTED_EPS":-0.077,"OPERATE_INCOME":926402000,"OPERATE_INCOME_YOY":-35.2371138633,"GROSS_PROFIT":-43325000,"GROSS_PROFIT_YOY":-114.885963043643,"HOLDER_PROFIT":-353688000,"HOLDER_PROFIT_YOY":-3016.1938325991,"GROSS_PROFIT_RATIO":-4.676695430278,"EPS_TTM":-0.236366706802,"OPERATE_INCOME_QOQ":-20.581777705368,"NET_PROFIT_RATIO":-37.9090286938,"ROE_AVG":-22.837321982943,"GROSS_PROFIT_QOQ":-123.452920261843,"ROA":-2.878305204209,"HOLDER_PROFIT_QOQ":-45.878004588631,"ROE_YEARLY":-45.674643965887,"ROIC_YEARLY":-5.781242191146,"TOTAL_ASSETS":12080909000,"TOTAL_LIABILITIES":10684761000,"TAX_EBT":-0.331686803093,"OCF_SALES":2.93900488125,"TOTAL_PARENT_EQUITY":1371884000,"DEBT_ASSET_RATIO":88.4433530623,"OPERATE_PROFIT":-215499000,"PRETAX_PROFIT":-350029000,"NETCASH_OPERATE":27227000,"NETCASH_INVEST":-50440000,"NETCASH_FINANCE":-11415000,"END_CASH":12026000,"DIVI_RATIO":null,"DIVIDEND_RATE":null,"CURRENT_RATIO":0.27273010113,"COMMON_ACS":10000000000,"CURRENTDEBT_DEBT":71.895084971952,"ISSUED_COMMON_SHARES":4605259407,"HK_COMMON_SHARES":4605259407,"PER_SHARES":1000,"TOTAL_MARKET_CAP":285526083.234,"HKSK_MARKET_CAP":285526083.234,"PE_TTM":-0.238210773811,"PB_TTM":0.189953338362,"REPORT_DATE_SQ":"2023-06-30 00:00:00","REPORT_TYPE_SQ":"2023年中报","OPERATE_INCOME_SQ":1430452000,"DPS_HKD":null,"OPERATE_INCOME_QOQ_SQ":-19.462992316758,"NET_PROFIT_RATIO_SQ":-0.9062170559,"HOLDER_PROFIT_SQ":-11350000,"HOLDER_PROFIT_QOQ_SQ":-86.027133335694,"ROE_AVG_SQ":-0.432483595154,"PE_TTM_SQ":6.696205573712,"PB_TTM_SQ":0.135178129648,"ROA_SQ":-0.085519228678,"START_DATE":"2024-01-01 00:00:00","FISCAL_YEAR":"12-31","CURRENCY":"HKD","IS_CNY_CODE":0,"DPS_HKD_LY":null,"ORG_TYPE":"一般企业","PREMIUM_INCOME":null,"PREMIUM_INCOME_YOY":null,"NET_INTEREST_INCOME":null,"NET_INTEREST_INCOME_YOY":null,"FEE_COMMISSION_INCOME":null,"FEE_COMMISSION_INCOME_YOY":null,"ACCOUNTS_RECE_TDAYS":1.839973862258,"INVENTORY_TDAYS":2.193833366514,"CURRENT_ASSETS_TDAYS":0.436723028675,"TOTAL_ASSETS_TDAYS":0.075390392034,"PREMIUM_EXPENSE":null,"LOAN_DEPOSIT":null,"LOAN_EQUITY":null,"LOAN_ASSETS":null,"DEPOSIT_EQUITY":null,"DEPOSIT_ASSETS":null,"EQUITY_MULTIPLIER":8.653028905277,"EQUITY_RATIO":7.788385169592},{"SECUCODE":"01393.HK","SECURITY_CODE":"01393","SECURITY_NAME_ABBR":"恒鼎实业","ORG_CODE":"10086702","STD_REPORT_DATE":"2023-12-31 00:00:00","REPORT_DATE":"2023-12-31 00:00:00","DATE_TYPE_CODE":"001","REPORT_TYPE":"2023年年报","PER_NETCASH_OPERATE":0.088238026154,"PER_OI":0.531785678843,"BPS":0.374695939468,"BASIC_EPS":-0.1874,"DILUTED_EPS":-0.1874,"OPERATE_INCOME":2449011000,"OPERATE_INCOME_YOY":-42.8369993504,"GROSS_PROFIT":270849000,"GROSS_PROFIT_YOY":-84.830049439043,"HOLDER_PROFIT":-746192000,"HOLDER_PROFIT_YOY":-239.0377559938,"GROSS_PROFIT_RATIO":11.059525661583,"EPS_TTM":-0.162030394828,"OPERATE_INCOME_QOQ":-29.022691190101,"NET_PROFIT_RATIO":-30.6400420415,"ROE_AVG":-47.276653116669,"GROSS_PROFIT_QOQ":-69.791646916194,"ROA":-5.804372804036,"HOLDER_PROFIT_QOQ":-1095.05534071209,"ROE_YEARLY":-47.276653116669,"ROIC_YEARLY":-5.844288914447,"TOTAL_ASSETS":12495220000,"TOTAL_LIABILITIES":10747882000,"TAX_EBT":-2.487973972973,"OCF_SALES":16.5927796976,"TOTAL_PARENT_EQUITY":1725572000,"DEBT_ASSET_RATIO":86.0159484987,"OPERATE_PROFIT":-262939000,"PRETAX_PROFIT":-732162000,"NETCASH_OPERATE":406359000,"NETCASH_INVEST":-335708000,"NETCASH_FINANCE":-102181000,"END_CASH":46654000,"DIVI_RATIO":null,"DIVIDEND_RATE":null,"CURRENT_RATIO":0.287054098776,"COMMON_ACS":10000000000,"CURRENTDEBT_DEBT":69.604420666323,"ISSUED_COMMON_SHARES":4605259407,"HK_COMMON_SHARES":4605259407,"PER_SHARES":1000,"TOTAL_MARKET_CAP":271710305.013,"HKSK_MARKET_CAP":271710305.013,"PE_TTM":-0.226684446046,"PB_TTM":0.180762047797,"REPORT_DATE_SQ":"2022-12-31 00:00:00","REPORT_TYPE_SQ":"2022年年报","OPERATE_INCOME_SQ":4284259000,"DPS_HKD":null,"OPERATE_INCOME_QOQ_SQ":6.766078051652,"NET_PROFIT_RATIO_SQ":12.5419821724,"HOLDER_PROFIT_SQ":536683000,"HOLDER_PROFIT_QOQ_SQ":-34.237277751228,"ROE_AVG_SQ":46.154745846307,"PE_TTM_SQ":6.845010142017,"PB_TTM_SQ":0.138182088084,"ROA_SQ":4.234948864549,"START_DATE":"2023-01-01 00:00:00","FISCAL_YEAR":"12-31","CURRENCY":"HKD","IS_CNY_CODE":0,"DPS_HKD_LY":null,"ORG_TYPE":"一般企业","PREMIUM_INCOME":null,"PREMIUM_INCOME_YOY":null,"NET_INTEREST_INCOME":null,"NET_INTEREST_INCOME_YOY":null,"FEE_COMMISSION_INCOME":null,"FEE_COMMISSION_INCOME_YOY":null,"ACCOUNTS_RECE_TDAYS":2.66602837582,"INVENTORY_TDAYS":5.843767313019,"CURRENT_ASSETS_TDAYS":0.97890330945,"TOTAL_ASSETS_TDAYS":0.190500204306,"PREMIUM_EXPENSE":null,"LOAN_DEPOSIT":null,"LOAN_EQUITY":null,"LOAN_ASSETS":null,"DEPOSIT_EQUITY":null,"DEPOSIT_ASSETS":null,"EQUITY_MULTIPLIER":7.151003412044,"EQUITY_RATIO":6.22859086726},{"SECUCODE":"01393.HK","SECURITY_CODE":"01393","SECURITY_NAME_ABBR":"恒鼎实业","ORG_CODE":"10086702","STD_REPORT_DATE":"2023-06-30 00:00:00","REPORT_DATE":"2023-06-30 00:00:00","DATE_TYPE_CODE":"002","REPORT_TYPE":"2023年中报","PER_NETCASH_OPERATE":0.094981837361,"PER_OI":0.310612687274,"BPS":0.613843379963,"BASIC_EPS":-0.003,"DILUTED_EPS":-0.003,"OPERATE_INCOME":1430452000,"OPERATE_INCOME_YOY":-36.8257785971,"GROSS_PROFIT":291046000,"GROSS_PROFIT_YOY":-75.332450753216,"HOLDER_PROFIT":-11350000,"HOLDER_PROFIT_YOY":-102.5203011926,"GROSS_PROFIT_RATIO":20.346435951713,"EPS_TTM":0.01628355612,"OPERATE_INCOME_QOQ":-19.462992316758,"NET_PROFIT_RATIO":-0.9062170559,"ROE_AVG":-0.432483595154,"GROSS_PROFIT_QOQ":-49.782265458592,"ROA":-0.085519228678,"HOLDER_PROFIT_QOQ":-86.027133335694,"ROE_YEARLY":-0.864967190308,"ROIC_YEARLY":-0.17218732479,"TOTAL_ASSETS":13327584000,"TOTAL_LIABILITIES":9483729000,"TAX_EBT":309.553831231814,"OCF_SALES":30.578865980823,"TOTAL_PARENT_EQUITY":3817622000,"DEBT_ASSET_RATIO":71.1586511104,"OPERATE_PROFIT":158774000,"PRETAX_PROFIT":6186000,"NETCASH_OPERATE":437416000,"NETCASH_INVEST":-128197000,"NETCASH_FINANCE":-343718000,"END_CASH":43685000,"DIVI_RATIO":null,"DIVIDEND_RATE":null,"CURRENT_RATIO":0.35827881743,"COMMON_ACS":10000000000,"CURRENTDEBT_DEBT":70.065793739994,"ISSUED_COMMON_SHARES":4605259407,"HK_COMMON_SHARES":4605259407,"PER_SHARES":1000,"TOTAL_MARKET_CAP":271710305.013,"HKSK_MARKET_CAP":271710305.013,"PE_TTM":-0.226684446046,"PB_TTM":0.180762047797,"REPORT_DATE_SQ":"2022-06-30 00:00:00","REPORT_TYPE_SQ":"2022年中报","OPERATE_INCOME_SQ":2264297000,"DPS_HKD":null,"OPERATE_INCOME_QOQ_SQ":41.307155800993,"NET_PROFIT_RATIO_SQ":19.8586139539,"HOLDER_PROFIT_SQ":450343000,"HOLDER_PROFIT_QOQ_SQ":26.497144052887,"ROE_AVG_SQ":40.222825502034,"PE_TTM_SQ":6.845010142017,"PB_TTM_SQ":0.138182088084,"ROA_SQ":3.580582770669,"START_DATE":"2023-01-01 00:00:00","FISCAL_YEAR":"12-31","CURRENCY":"HKD","IS_CNY_CODE":0,"DPS_HKD_LY":null,"ORG_TYPE":"一般企业","PREMIUM_INCOME":null,"PREMIUM_INCOME_YOY":null,"NET_INTEREST_INCOME":null,"NET_INTEREST_INCOME_YOY":null,"FEE_COMMISSION_INCOME":null,"FEE_COMMISSION_INCOME_YOY":null,"ACCOUNTS_RECE_TDAYS":1.362577906732,"INVENTORY_TDAYS":3.866876175091,"CURRENT_ASSETS_TDAYS":0.54630370464,"TOTAL_ASSETS_TDAYS":0.107780750398,"PREMIUM_EXPENSE":null,"LOAN_DEPOSIT":null,"LOAN_EQUITY":null,"LOAN_ASSETS":null,"DEPOSIT_EQUITY":null,"DEPOSIT_ASSETS":null,"EQUITY_MULTIPLIER":3.46724421187,"EQUITY_RATIO":2.484198016462},{"SECUCODE":"01393.HK","SECURITY_CODE":"01393","SECURITY_NAME_ABBR":"恒鼎实业","ORG_CODE":"10086702","STD_REPORT_DATE":"2022-12-31 00:00:00","REPORT_DATE":"2022-12-31 00:00:00","DATE_TYPE_CODE":"001","REPORT_TYPE":"2022年年报","PER_NETCASH_OPERATE":0.334186319433,"PER_OI":2.094379327875,"BPS":0.310760344537,"BASIC_EPS":0.2624,"DILUTED_EPS":0.2624,"OPERATE_INCOME":4284259000,"OPERATE_INCOME_YOY":50.8681082551,"GROSS_PROFIT":1785431000,"GROSS_PROFIT_YOY":34.28018751067,"HOLDER_PROFIT":536683000,"HOLDER_PROFIT_YOY":-16.8120345039,"GROSS_PROFIT_RATIO":41.674207838508,"EPS_TTM":0.262359904203,"OPERATE_INCOME_QOQ":6.766078051652,"NET_PROFIT_RATIO":12.5419821724,"ROE_AVG":46.154745846307,"GROSS_PROFIT_QOQ":-8.935620019127,"ROA":4.234948864549,"HOLDER_PROFIT_QOQ":-34.237277751228,"ROE_YEARLY":46.154745846307,"ROIC_YEARLY":4.260174485351,"TOTAL_ASSETS":13216154000,"TOTAL_LIABILITIES":11756019000,"TAX_EBT":12.79472481531,"OCF_SALES":15.956341575054,"TOTAL_PARENT_EQUITY":1431132000,"DEBT_ASSET_RATIO":88.9518917531,"OPERATE_PROFIT":894134000,"PRETAX_PROFIT":616168000,"NETCASH_OPERATE":683611000,"NETCASH_INVEST":-400600000,"NETCASH_FINANCE":-219362000,"END_CASH":78184000,"DIVI_RATIO":null,"DIVIDEND_RATE":null,"CURRENT_RATIO":0.250000984728,"COMMON_ACS":10000000000,"CURRENTDEBT_DEBT":97.179759576775,"ISSUED_COMMON_SHARES":4605259407,"HK_COMMON_SHARES":4605259407,"PER_SHARES":1000,"TOTAL_MARKET_CAP":271710305.013,"HKSK_MARKET_CAP":271710305.013,"PE_TTM":-0.226684446046,"PB_TTM":0.180762047797,"REPORT_DATE_SQ":"2021-12-31 00:00:00","REPORT_TYPE_SQ":"2021年年报","OPERATE_INCOME_SQ":2839738000,"DPS_HKD":null,"OPERATE_INCOME_QOQ_SQ":46.309919182073,"NET_PROFIT_RATIO_SQ":22.6936076497,"HOLDER_PROFIT_SQ":645145000,"HOLDER_PROFIT_QOQ_SQ":345.569821328674,"ROE_AVG_SQ":112.811944536976,"PE_TTM_SQ":6.845010142017,"PB_TTM_SQ":0.138182088084,"ROA_SQ":5.518218065776,"START_DATE":"2022-01-01 00:00:00","FISCAL_YEAR":"12-31","CURRENCY":"HKD","IS_CNY_CODE":0,"DPS_HKD_LY":null,"ORG_TYPE":"一般企业","PREMIUM_INCOME":null,"PREMIUM_INCOME_YOY":null,"NET_INTEREST_INCOME":null,"NET_INTEREST_INCOME_YOY":null,"FEE_COMMISSION_INCOME":null,"FEE_COMMISSION_INCOME_YOY":null,"ACCOUNTS_RECE_TDAYS":4.781888631368,"INVENTORY_TDAYS":8.548320664482,"CURRENT_ASSETS_TDAYS":1.940206838725,"TOTAL_ASSETS_TDAYS":0.338069545476,"PREMIUM_EXPENSE":null,"LOAN_DEPOSIT":null,"LOAN_EQUITY":null,"LOAN_ASSETS":null,"DEPOSIT_EQUITY":null,"DEPOSIT_ASSETS":null,"EQUITY_MULTIPLIER":9.051323336559,"EQUITY_RATIO":8.214489648754},{"SECUCODE":"01393.HK","SECURITY_CODE":"01393","SECURITY_NAME_ABBR":"恒鼎实业","ORG_CODE":"10086702","STD_REPORT_DATE":"2022-06-30 00:00:00","REPORT_DATE":"2022-06-30 00:00:00","DATE_TYPE_CODE":"002","REPORT_TYPE":"2022年中报","PER_NETCASH_OPERATE":0.175179057715,"PER_OI":1.106911797109,"BPS":0.292012214981,"BASIC_EPS":0.22,"DILUTED_EPS":0.22,"OPERATE_INCOME":2264297000,"OPERATE_INCOME_YOY":107.489631461,"GROSS_PROFIT":1179874000,"GROSS_PROFIT_YOY":114.960282757616,"HOLDER_PROFIT":450343000,"HOLDER_PROFIT_YOY":61.1833298735,"GROSS_PROFIT_RATIO":52.107740283187,"EPS_TTM":0.398949275869,"OPERATE_INCOME_QOQ":41.307155800993,"NET_PROFIT_RATIO":19.8586139539,"ROE_AVG":40.222825502034,"GROSS_PROFIT_QOQ":47.456324348635,"ROA":3.580582770669,"HOLDER_PROFIT_QOQ":26.497144052887,"ROE_YEARLY":80.445651004068,"ROIC_YEARLY":7.19283063208,"TOTAL_ASSETS":13025456000,"TOTAL_LIABILITIES":11652994000,"TAX_EBT":15.586192913985,"OCF_SALES":15.825927429131,"TOTAL_PARENT_EQUITY":1344792000,"DEBT_ASSET_RATIO":89.4632326116,"OPERATE_PROFIT":675179000,"PRETAX_PROFIT":532683000,"NETCASH_OPERATE":358346000,"NETCASH_INVEST":-158310000,"NETCASH_FINANCE":-174392000,"END_CASH":40179000,"DIVI_RATIO":null,"DIVIDEND_RATE":null,"CURRENT_RATIO":0.232175965642,"COMMON_ACS":10000000000,"CURRENTDEBT_DEBT":97.132513755692,"ISSUED_COMMON_SHARES":4605259407,"HK_COMMON_SHARES":4605259407,"PER_SHARES":1000,"TOTAL_MARKET_CAP":271710305.013,"HKSK_MARKET_CAP":271710305.013,"PE_TTM":-0.226684446046,"PB_TTM":0.180762047797,"REPORT_DATE_SQ":"2021-06-30 00:00:00","REPORT_TYPE_SQ":"2021年中报","OPERATE_INCOME_SQ":1091282000,"DPS_HKD":null,"OPERATE_INCOME_QOQ_SQ":43.924761003622,"NET_PROFIT_RATIO_SQ":25.6399354154,"HOLDER_PROFIT_SQ":279398000,"HOLDER_PROFIT_QOQ_SQ":153.588585809986,"ROE_AVG_SQ":71.824124749681,"PE_TTM_SQ":6.845010142017,"PB_TTM_SQ":0.138182088084,"ROA_SQ":2.459839573996,"START_DATE":"2022-01-01 00:00:00","FISCAL_YEAR":"12-31","CURRENCY":"HKD","IS_CNY_CODE":0,"DPS_HKD_LY":null,"ORG_TYPE":"一般企业","PREMIUM_INCOME":null,"PREMIUM_INCOME_YOY":null,"NET_INTEREST_INCOME":null,"NET_INTEREST_INCOME_YOY":null,"FEE_COMMISSION_INCOME":null,"FEE_COMMISSION_INCOME_YOY":null,"ACCOUNTS_RECE_TDAYS":2.885377362698,"INVENTORY_TDAYS":3.652307314058,"CURRENT_ASSETS_TDAYS":1.081293638253,"TOTAL_ASSETS_TDAYS":0.180029506973,"PREMIUM_EXPENSE":null,"LOAN_DEPOSIT":null,"LOAN_EQUITY":null,"LOAN_ASSETS":null,"DEPOSIT_EQUITY":null,"DEPOSIT_ASSETS":null,"EQUITY_MULTIPLIER":9.490576788294,"EQUITY_RATIO":8.66527611705},{"SECUCODE":"01393.HK","SECURITY_CODE":"01393","SECURITY_NAME_ABBR":"恒鼎实业","ORG_CODE":"10086702","STD_REPORT_DATE":"2021-12-31 00:00:00","REPORT_DATE":"2021-12-31 00:00:00","DATE_TYPE_CODE":"001","REPORT_TYPE":"2021年年报","PER_NETCASH_OPERATE":0.243075082696,"PER_OI":1.388218724354,"BPS":0.19422336962,"BASIC_EPS":0.3154,"DILUTED_EPS":0.3154,"OPERATE_INCOME":2839738000,"OPERATE_INCOME_YOY":110.5762015074,"GROSS_PROFIT":1329631000,"GROSS_PROFIT_YOY":114.475984927671,"HOLDER_PROFIT":645145000,"HOLDER_PROFIT_YOY":338.7745660461,"GROSS_PROFIT_RATIO":46.82231248094,"EPS_TTM":0.315382041908,"OPERATE_INCOME_QOQ":46.309919182073,"NET_PROFIT_RATIO":22.6936076497,"ROE_AVG":112.811944536976,"GROSS_PROFIT_QOQ":32.750566343284,"ROA":5.518218065776,"HOLDER_PROFIT_QOQ":345.569821328674,"ROE_YEARLY":112.811944536976,"ROIC_YEARLY":5.543076412779,"TOTAL_ASSETS":12129276000,"TOTAL_LIABILITIES":11206472000,"TAX_EBT":-12.579332705601,"OCF_SALES":17.509854782378,"TOTAL_PARENT_EQUITY":894449000,"DEBT_ASSET_RATIO":92.3919284218,"OPERATE_PROFIT":874935000,"PRETAX_PROFIT":572431000,"NETCASH_OPERATE":497234000,"NETCASH_INVEST":-387819000,"NETCASH_FINANCE":-127789000,"END_CASH":14535000,"DIVI_RATIO":null,"DIVIDEND_RATE":null,"CURRENT_RATIO":0.143540981525,"COMMON_ACS":10000000000,"CURRENTDEBT_DEBT":96.989534261987,"ISSUED_COMMON_SHARES":4605259407,"HK_COMMON_SHARES":4605259407,"PER_SHARES":1000,"TOTAL_MARKET_CAP":271710305.013,"HKSK_MARKET_CAP":271710305.013,"PE_TTM":-0.226684446046,"PB_TTM":0.180762047797,"REPORT_DATE_SQ":"2020-12-31 00:00:00","REPORT_TYPE_SQ":"2020年年报","OPERATE_INCOME_SQ":1348556000,"DPS_HKD":null,"OPERATE_INCOME_QOQ_SQ":20.102454672891,"NET_PROFIT_RATIO_SQ":-19.9899003082,"HOLDER_PROFIT_SQ":-270190000,"HOLDER_PROFIT_QOQ_SQ":-4.504859926589,"ROE_AVG_SQ":-70.28894456021,"PE_TTM_SQ":6.845010142017,"PB_TTM_SQ":0.138182088084,"ROA_SQ":-2.432944001362,"START_DATE":"2021-01-01 00:00:00","FISCAL_YEAR":"12-31","CURRENCY":"HKD","IS_CNY_CODE":0,"DPS_HKD_LY":null,"ORG_TYPE":"一般企业","PREMIUM_INCOME":null,"PREMIUM_INCOME_YOY":null,"NET_INTEREST_INCOME":null,"NET_INTEREST_INCOME_YOY":null,"FEE_COMMISSION_INCOME":null,"FEE_COMMISSION_INCOME_YOY":null,"ACCOUNTS_RECE_TDAYS":8.765867993604,"INVENTORY_TDAYS":6.636155696912,"CURRENT_ASSETS_TDAYS":2.116609876909,"TOTAL_ASSETS_TDAYS":0.242895682888,"PREMIUM_EXPENSE":null,"LOAN_DEPOSIT":null,"LOAN_EQUITY":null,"LOAN_ASSETS":null,"DEPOSIT_EQUITY":null,"DEPOSIT_ASSETS":null,"EQUITY_MULTIPLIER":13.143935223551,"EQUITY_RATIO":12.528911094987},{"SECUCODE":"01393.HK","SECURITY_CODE":"01393","SECURITY_NAME_ABBR":"恒鼎实业","ORG_CODE":"10086702","STD_REPORT_DATE":"2021-06-30 00:00:00","REPORT_DATE":"2021-06-30 00:00:00","DATE_TYPE_CODE":"002","REPORT_TYPE":"2021年中报","PER_NETCASH_OPERATE":0.095192194174,"PER_OI":0.533478125781,"BPS":0.114803956363,"BASIC_EPS":0.137,"DILUTED_EPS":0.137,"OPERATE_INCOME":1091282000,"OPERATE_INCOME_YOY":118.7235935959,"GROSS_PROFIT":548880000,"GROSS_PROFIT_YOY":228.232360381048,"HOLDER_PROFIT":279398000,"HOLDER_PROFIT_YOY":306.0715576437,"GROSS_PROFIT_RATIO":50.29680687485,"EPS_TTM":0.070781733145,"OPERATE_INCOME_QOQ":43.924761003622,"NET_PROFIT_RATIO":25.6399354154,"ROE_AVG":71.824124749681,"GROSS_PROFIT_QOQ":61.563141186946,"ROA":2.459839573996,"HOLDER_PROFIT_QOQ":153.588585809986,"ROE_YEARLY":143.648249499361,"ROIC_YEARLY":4.942057105313,"TOTAL_ASSETS":11463675000,"TOTAL_LIABILITIES":10905506000,"TAX_EBT":null,"OCF_SALES":17.843692097918,"TOTAL_PARENT_EQUITY":528702000,"DEBT_ASSET_RATIO":95.1309767592,"OPERATE_PROFIT":423778000,"PRETAX_PROFIT":279804000,"NETCASH_OPERATE":194725000,"NETCASH_INVEST":-188793000,"NETCASH_FINANCE":-27415000,"END_CASH":11426000,"DIVI_RATIO":null,"DIVIDEND_RATE":null,"CURRENT_RATIO":0.110421308584,"COMMON_ACS":10000000000,"CURRENTDEBT_DEBT":99.527633105699,"ISSUED_COMMON_SHARES":4605259407,"HK_COMMON_SHARES":4605259407,"PER_SHARES":1000,"TOTAL_MARKET_CAP":271710305.013,"HKSK_MARKET_CAP":271710305.013,"PE_TTM":-0.226684446046,"PB_TTM":0.180762047797,"REPORT_DATE_SQ":"2020-06-30 00:00:00","REPORT_TYPE_SQ":"2020年中报","OPERATE_INCOME_SQ":498932000,"DPS_HKD":null,"OPERATE_INCOME_QOQ_SQ":-6.003815640442,"NET_PROFIT_RATIO_SQ":-26.970007937,"HOLDER_PROFIT_SQ":-135583000,"HOLDER_PROFIT_QOQ_SQ":-1.891677799979,"ROE_AVG_SQ":-30.015995040984,"PE_TTM_SQ":6.845010142017,"PB_TTM_SQ":0.138182088084,"ROA_SQ":-1.23297450883,"START_DATE":"2021-01-01 00:00:00","FISCAL_YEAR":"12-31","CURRENCY":"HKD","IS_CNY_CODE":0,"DPS_HKD_LY":null,"ORG_TYPE":"一般企业","PREMIUM_INCOME":null,"PREMIUM_INCOME_YOY":null,"NET_INTEREST_INCOME":null,"NET_INTEREST_INCOME_YOY":null,"FEE_COMMISSION_INCOME":null,"FEE_COMMISSION_INCOME_YOY":null,"ACCOUNTS_RECE_TDAYS":5.530981457501,"INVENTORY_TDAYS":3.537515856478,"CURRENT_ASSETS_TDAYS":0.94009619928,"TOTAL_ASSETS_TDAYS":0.09607723212,"PREMIUM_EXPENSE":null,"LOAN_DEPOSIT":null,"LOAN_EQUITY":null,"LOAN_ASSETS":null,"DEPOSIT_EQUITY":null,"DEPOSIT_ASSETS":null,"EQUITY_MULTIPLIER":20.538000139751,"EQUITY_RATIO":20.626942965981},{"SECUCODE":"01393.HK","SECURITY_CODE":"01393","SECURITY_NAME_ABBR":"恒鼎实业","ORG_CODE":"10086702","STD_REPORT_DATE":"2020-12-31 00:00:00","REPORT_DATE":"2020-12-31 00:00:00","DATE_TYPE_CODE":"001","REPORT_TYPE":"2020年年报","PER_NETCASH_OPERATE":0.269004903538,"PER_OI":0.65924768061,"BPS":0.054134626949,"BASIC_EPS":-0.1321,"DILUTED_EPS":-0.1321,"OPERATE_INCOME":1348556000,"OPERATE_INCOME_YOY":12.8917247147,"GROSS_PROFIT":619944000,"GROSS_PROFIT_YOY":81.102311600067,"HOLDER_PROFIT":-270190000,"HOLDER_PROFIT_YOY":-6.4817551617,"GROSS_PROFIT_RATIO":45.970949667645,"EPS_TTM":-0.132083599661,"OPERATE_INCOME_QOQ":20.102454672891,"NET_PROFIT_RATIO":-19.9899003082,"ROE_AVG":-70.28894456021,"GROSS_PROFIT_QOQ":77.459466886507,"ROA":-2.432944001362,"HOLDER_PROFIT_QOQ":-4.504859926589,"ROE_YEARLY":-70.28894456021,"ROIC_YEARLY":-2.444876380548,"TOTAL_ASSETS":11253091000,"TOTAL_LIABILITIES":10974726000,"TAX_EBT":null,"OCF_SALES":40.804831241713,"TOTAL_PARENT_EQUITY":249304000,"DEBT_ASSET_RATIO":97.5263241006,"OPERATE_PROFIT":215391000,"PRETAX_PROFIT":-269575000,"NETCASH_OPERATE":550276000,"NETCASH_INVEST":-365527000,"NETCASH_FINANCE":-169826000,"END_CASH":32909000,"DIVI_RATIO":null,"DIVIDEND_RATE":null,"CURRENT_RATIO":0.102784024758,"COMMON_ACS":10000000000,"CURRENTDEBT_DEBT":99.565656582224,"ISSUED_COMMON_SHARES":4605259407,"HK_COMMON_SHARES":4605259407,"PER_SHARES":1000,"TOTAL_MARKET_CAP":271710305.013,"HKSK_MARKET_CAP":271710305.013,"PE_TTM":-0.226684446046,"PB_TTM":0.180762047797,"REPORT_DATE_SQ":"2019-12-31 00:00:00","REPORT_TYPE_SQ":"2019年年报","OPERATE_INCOME_SQ":1194557000,"DPS_HKD":null,"OPERATE_INCOME_QOQ_SQ":22.018702853436,"NET_PROFIT_RATIO_SQ":-22.5424153054,"HOLDER_PROFIT_SQ":-253743000,"HOLDER_PROFIT_QOQ_SQ":46.724545177782,"ROE_AVG_SQ":-38.717784198283,"PE_TTM_SQ":6.845010142017,"PB_TTM_SQ":0.138182088084,"ROA_SQ":-2.350153766815,"START_DATE":"2020-01-01 00:00:00","FISCAL_YEAR":"12-31","CURRENCY":"HKD","IS_CNY_CODE":0,"DPS_HKD_LY":null,"ORG_TYPE":"一般企业","PREMIUM_INCOME":null,"PREMIUM_INCOME_YOY":null,"NET_INTEREST_INCOME":null,"NET_INTEREST_INCOME_YOY":null,"FEE_COMMISSION_INCOME":null,"FEE_COMMISSION_INCOME_YOY":null,"ACCOUNTS_RECE_TDAYS":5.682078075294,"INVENTORY_TDAYS":7.643812191501,"CURRENT_ASSETS_TDAYS":1.274641454042,"TOTAL_ASSETS_TDAYS":0.12143163073,"PREMIUM_EXPENSE":null,"LOAN_DEPOSIT":null,"LOAN_EQUITY":null,"LOAN_ASSETS":null,"DEPOSIT_EQUITY":null,"DEPOSIT_ASSETS":null,"EQUITY_MULTIPLIER":40.42566773774,"EQUITY_RATIO":44.021459743927},{"SECUCODE":"01393.HK","SECURITY_CODE":"01393","SECURITY_NAME_ABBR":"恒鼎实业","ORG_CODE":"10086702","STD_REPORT_DATE":"2020-06-30 00:00:00","REPORT_DATE":"2020-06-30 00:00:00","DATE_TYPE_CODE":"002","REPORT_TYPE":"2020年中报","PER_NETCASH_OPERATE":0.049755123024,"PER_OI":0.243905157652,"BPS":0.083363599327,"BASIC_EPS":-0.07,"DILUTED_EPS":-0.07,"OPERATE_INCOME":498932000,"OPERATE_INCOME_YOY":-12.5679268064,"GROSS_PROFIT":167223000,"GROSS_PROFIT_YOY":4.386501535619,"HOLDER_PROFIT":-135583000,"HOLDER_PROFIT_YOY":-3.6702017846,"GROSS_PROFIT_RATIO":33.516190583086,"EPS_TTM":-0.1263899112,"OPERATE_INCOME_QOQ":-6.003815640442,"NET_PROFIT_RATIO":-26.970007937,"ROE_AVG":-30.015995040984,"GROSS_PROFIT_QOQ":2.052775643629,"ROA":-1.23297450883,"HOLDER_PROFIT_QOQ":-1.891677799979,"ROE_YEARLY":-60.031990081968,"ROIC_YEARLY":-2.475327150203,"TOTAL_ASSETS":11034971000,"TOTAL_LIABILITIES":10621593000,"TAX_EBT":null,"OCF_SALES":20.399373060858,"TOTAL_PARENT_EQUITY":383911000,"DEBT_ASSET_RATIO":96.253927627,"OPERATE_PROFIT":47755000,"PRETAX_PROFIT":-134562000,"NETCASH_OPERATE":101779000,"NETCASH_INVEST":-42156000,"NETCASH_FINANCE":-70185000,"END_CASH":7424000,"DIVI_RATIO":null,"DIVIDEND_RATE":null,"CURRENT_RATIO":0.094929326347,"COMMON_ACS":10000000000,"CURRENTDEBT_DEBT":99.568812324102,"ISSUED_COMMON_SHARES":4605259407,"HK_COMMON_SHARES":4605259407,"PER_SHARES":1000,"TOTAL_MARKET_CAP":271710305.013,"HKSK_MARKET_CAP":271710305.013,"PE_TTM":-0.226684446046,"PB_TTM":0.180762047797,"REPORT_DATE_SQ":"2019-06-30 00:00:00","REPORT_TYPE_SQ":"2019年中报","OPERATE_INCOME_SQ":570651000,"DPS_HKD":null,"OPERATE_INCOME_QOQ_SQ":-8.69278930497,"NET_PROFIT_RATIO_SQ":-22.0230929237,"HOLDER_PROFIT_SQ":-130783000,"HOLDER_PROFIT_QOQ_SQ":-15.182125531431,"ROE_AVG_SQ":-18.018021741541,"PE_TTM_SQ":6.845010142017,"PB_TTM_SQ":0.138182088084,"ROA_SQ":-1.221503763851,"START_DATE":"2020-01-01 00:00:00","FISCAL_YEAR":"12-31","CURRENCY":"HKD","IS_CNY_CODE":0,"DPS_HKD_LY":null,"ORG_TYPE":"一般企业","PREMIUM_INCOME":null,"PREMIUM_INCOME_YOY":null,"NET_INTEREST_INCOME":null,"NET_INTEREST_INCOME_YOY":null,"FEE_COMMISSION_INCOME":null,"FEE_COMMISSION_INCOME_YOY":null,"ACCOUNTS_RECE_TDAYS":2.08239737891,"INVENTORY_TDAYS":5.967169763802,"CURRENT_ASSETS_TDAYS":0.499730819715,"TOTAL_ASSETS_TDAYS":0.045372239708,"PREMIUM_EXPENSE":null,"LOAN_DEPOSIT":null,"LOAN_EQUITY":null,"LOAN_ASSETS":null,"DEPOSIT_EQUITY":null,"DEPOSIT_ASSETS":null,"EQUITY_MULTIPLIER":26.694625742085,"EQUITY_RATIO":27.666810797294}],"count":43},"success":true,"message":"ok","code":0}