{"version":"3a5f93f3d88d619282cea7f9b6a42abf","result":{"pages":3,"data":[{"SECUCODE":"01395.HK","SECURITY_CODE":"01395","SECURITY_NAME_ABBR":"强泰环保","ORG_CODE":"10419064","STD_REPORT_DATE":"2024-06-30 00:00:00","REPORT_DATE":"2024-06-30 00:00:00","DATE_TYPE_CODE":"002","REPORT_TYPE":"2024年中报","PER_NETCASH_OPERATE":-0.007339025305,"PER_OI":0.037662783275,"BPS":0.211076928709,"BASIC_EPS":-0.007392708,"DILUTED_EPS":-0.007392708,"OPERATE_INCOME":41703999.92,"OPERATE_INCOME_YOY":0.5036841526,"GROSS_PROFIT":18852318.08,"GROSS_PROFIT_YOY":5.400222694188,"HOLDER_PROFIT":-8151145.08,"HOLDER_PROFIT_YOY":-9.8929494278,"GROSS_PROFIT_RATIO":45.205059745262,"EPS_TTM":-0.007358549553,"OPERATE_INCOME_QOQ":-0.208289251959,"NET_PROFIT_RATIO":-22.1560817613,"ROE_AVG":-3.304901289618,"GROSS_PROFIT_QOQ":2.620758992749,"ROA":-1.749238588622,"HOLDER_PROFIT_QOQ":-8.788006389878,"ROE_YEARLY":-6.609802579237,"ROIC_YEARLY":-3.616294583656,"TOTAL_ASSETS":451803067.72,"TOTAL_LIABILITIES":224056551.24,"TAX_EBT":-124.429173132343,"OCF_SALES":-19.486146977721,"TOTAL_PARENT_EQUITY":233725483.16,"DEBT_ASSET_RATIO":49.5916400857,"OPERATE_PROFIT":1746869.52,"PRETAX_PROFIT":-4117099.48,"NETCASH_OPERATE":-8126502.72,"NETCASH_INVEST":5833850.56,"NETCASH_FINANCE":-10331537.6,"END_CASH":13897378.36,"DIVI_RATIO":null,"DIVIDEND_RATE":null,"CURRENT_RATIO":2.190068948585,"COMMON_ACS":3800000000,"CURRENTDEBT_DEBT":19.909732660402,"ISSUED_COMMON_SHARES":1107300000,"HK_COMMON_SHARES":1107300000,"PER_SHARES":5000,"TOTAL_MARKET_CAP":142841700,"HKSK_MARKET_CAP":142841700,"PE_TTM":-15.750545815415,"PB_TTM":0.557785830597,"REPORT_DATE_SQ":"2023-06-30 00:00:00","REPORT_TYPE_SQ":"2023年中报","OPERATE_INCOME_SQ":41917820.7,"DPS_HKD":null,"OPERATE_INCOME_QOQ_SQ":-18.377592000584,"NET_PROFIT_RATIO_SQ":-16.7733421313,"HOLDER_PROFIT_SQ":-7492931.46,"HOLDER_PROFIT_QOQ_SQ":-208.018270400992,"ROE_AVG_SQ":-2.730355933997,"PE_TTM_SQ":-6.661639645151,"PB_TTM_SQ":0.217930995373,"ROA_SQ":-1.518143184047,"START_DATE":"2024-01-01 00:00:00","FISCAL_YEAR":"12-31","CURRENCY":"HKD","IS_CNY_CODE":0,"DPS_HKD_LY":null,"ORG_TYPE":"一般企业","PREMIUM_INCOME":null,"PREMIUM_INCOME_YOY":null,"NET_INTEREST_INCOME":null,"NET_INTEREST_INCOME_YOY":null,"FEE_COMMISSION_INCOME":null,"FEE_COMMISSION_INCOME_YOY":null,"ACCOUNTS_RECE_TDAYS":17.097848456501,"INVENTORY_TDAYS":4.08283734203,"CURRENT_ASSETS_TDAYS":0.39557452408,"TOTAL_ASSETS_TDAYS":0.089496929872,"PREMIUM_EXPENSE":null,"LOAN_DEPOSIT":null,"LOAN_EQUITY":null,"LOAN_ASSETS":null,"DEPOSIT_EQUITY":null,"DEPOSIT_ASSETS":null,"EQUITY_MULTIPLIER":1.983797928955,"EQUITY_RATIO":0.958631246412},{"SECUCODE":"01395.HK","SECURITY_CODE":"01395","SECURITY_NAME_ABBR":"强泰环保","ORG_CODE":"10419064","STD_REPORT_DATE":"2023-12-31 00:00:00","REPORT_DATE":"2023-12-31 00:00:00","DATE_TYPE_CODE":"001","REPORT_TYPE":"2023年年报","PER_NETCASH_OPERATE":-0.020254708552,"PER_OI":0.092708114675,"BPS":0.232740505969,"BASIC_EPS":-0.00679665,"DILUTED_EPS":-0.00679665,"OPERATE_INCOME":102655695.38,"OPERATE_INCOME_YOY":-44.3781026127,"GROSS_PROFIT":36855967.4,"GROSS_PROFIT_YOY":-20.746052542016,"HOLDER_PROFIT":-7489908.3,"HOLDER_PROFIT_YOY":49.1728675973,"GROSS_PROFIT_RATIO":35.902506201503,"EPS_TTM":-0.006764118396,"OPERATE_INCOME_QOQ":-30.866699591557,"NET_PROFIT_RATIO":-7.1663768218,"ROE_AVG":-2.850427564135,"GROSS_PROFIT_QOQ":-31.367014447465,"ROA":-1.563627729845,"HOLDER_PROFIT_QOQ":17.284025288763,"ROE_YEARLY":-2.850427564135,"ROIC_YEARLY":-1.647132912565,"TOTAL_ASSETS":476763248.22,"TOTAL_LIABILITIES":224018490.22,"TAX_EBT":1259.71428571429,"OCF_SALES":-21.847827046496,"TOTAL_PARENT_EQUITY":257713562.26,"DEBT_ASSET_RATIO":46.9873655439,"OPERATE_PROFIT":12152410.2,"PRETAX_PROFIT":634354,"NETCASH_OPERATE":-22428038.78,"NETCASH_INVEST":15428395.5,"NETCASH_FINANCE":3915776.62,"END_CASH":27254566.5,"DIVI_RATIO":null,"DIVIDEND_RATE":null,"CURRENT_RATIO":1.056721811689,"COMMON_ACS":3800000000,"CURRENTDEBT_DEBT":47.46218664164,"ISSUED_COMMON_SHARES":1107300000,"HK_COMMON_SHARES":1107300000,"PER_SHARES":5000,"TOTAL_MARKET_CAP":161665800,"HKSK_MARKET_CAP":161665800,"PE_TTM":-17.826199139927,"PB_TTM":0.631292490443,"REPORT_DATE_SQ":"2022-12-31 00:00:00","REPORT_TYPE_SQ":"2022年年报","OPERATE_INCOME_SQ":181922474.93,"DPS_HKD":null,"OPERATE_INCOME_QOQ_SQ":37.604276975681,"NET_PROFIT_RATIO_SQ":-1.0812190966,"HOLDER_PROFIT_SQ":-14525463.47,"HOLDER_PROFIT_QOQ_SQ":-146.175241560077,"ROE_AVG_SQ":-0.995214442857,"PE_TTM_SQ":-8.016549403487,"PB_TTM_SQ":0.262255943585,"ROA_SQ":-0.621044755418,"START_DATE":"2023-01-01 00:00:00","FISCAL_YEAR":"12-31","CURRENCY":"HKD","IS_CNY_CODE":0,"DPS_HKD_LY":null,"ORG_TYPE":"一般企业","PREMIUM_INCOME":null,"PREMIUM_INCOME_YOY":null,"NET_INTEREST_INCOME":null,"NET_INTEREST_INCOME_YOY":null,"FEE_COMMISSION_INCOME":null,"FEE_COMMISSION_INCOME_YOY":null,"ACCOUNTS_RECE_TDAYS":55.474534769834,"INVENTORY_TDAYS":14.747435767239,"CURRENT_ASSETS_TDAYS":0.777171750436,"TOTAL_ASSETS_TDAYS":0.214308754518,"PREMIUM_EXPENSE":null,"LOAN_DEPOSIT":null,"LOAN_EQUITY":null,"LOAN_ASSETS":null,"DEPOSIT_EQUITY":null,"DEPOSIT_ASSETS":null,"EQUITY_MULTIPLIER":1.886342775189,"EQUITY_RATIO":0.869253788025},{"SECUCODE":"01395.HK","SECURITY_CODE":"01395","SECURITY_NAME_ABBR":"强泰环保","ORG_CODE":"10419064","STD_REPORT_DATE":"2023-06-30 00:00:00","REPORT_DATE":"2023-06-30 00:00:00","DATE_TYPE_CODE":"002","REPORT_TYPE":"2023年中报","PER_NETCASH_OPERATE":0.017491225377,"PER_OI":0.037855884313,"BPS":0.249605706186,"BASIC_EPS":-0.006730454,"DILUTED_EPS":-0.006730454,"OPERATE_INCOME":41917820.7,"OPERATE_INCOME_YOY":-48.3997276132,"GROSS_PROFIT":17886412,"GROSS_PROFIT_YOY":-2.210901861889,"HOLDER_PROFIT":-7492931.46,"HOLDER_PROFIT_YOY":-404.469273743,"GROSS_PROFIT_RATIO":42.670185857253,"EPS_TTM":-0.008177523652,"OPERATE_INCOME_QOQ":-18.377592000584,"NET_PROFIT_RATIO":-16.7733421313,"ROE_AVG":-2.730355933997,"GROSS_PROFIT_QOQ":-0.747427551349,"ROA":-1.518143184047,"HOLDER_PROFIT_QOQ":-208.018270400992,"ROE_YEARLY":-5.460711867994,"ROIC_YEARLY":-3.250699228324,"TOTAL_ASSETS":497494876.12,"TOTAL_LIABILITIES":225874958.22,"TAX_EBT":-133.568147013783,"OCF_SALES":46.204772902233,"TOTAL_PARENT_EQUITY":276388398.46,"DEBT_ASSET_RATIO":45.4024692639,"OPERATE_PROFIT":2630408.94,"PRETAX_PROFIT":-3010264.7,"NETCASH_OPERATE":19368033.86,"NETCASH_INVEST":-22882621.62,"NETCASH_FINANCE":14074946.68,"END_CASH":43137600.24,"DIVI_RATIO":null,"DIVIDEND_RATE":null,"CURRENT_RATIO":1.03223974039,"COMMON_ACS":3800000000,"CURRENTDEBT_DEBT":67.545481633869,"ISSUED_COMMON_SHARES":1107300000,"HK_COMMON_SHARES":1107300000,"PER_SHARES":5000,"TOTAL_MARKET_CAP":161665800,"HKSK_MARKET_CAP":161665800,"PE_TTM":-17.826199139927,"PB_TTM":0.631292490443,"REPORT_DATE_SQ":"2022-06-30 00:00:00","REPORT_TYPE_SQ":"2022年中报","OPERATE_INCOME_SQ":75350790.9,"DPS_HKD":null,"OPERATE_INCOME_QOQ_SQ":56.784547286907,"NET_PROFIT_RATIO_SQ":-1.1270003405,"HOLDER_PROFIT_SQ":-1377711.09,"HOLDER_PROFIT_QOQ_SQ":26.718109444141,"ROE_AVG_SQ":-0.471969660349,"PE_TTM_SQ":-8.016549403487,"PB_TTM_SQ":0.262255943585,"ROA_SQ":-0.300274832552,"START_DATE":"2023-01-01 00:00:00","FISCAL_YEAR":"12-31","CURRENCY":"HKD","IS_CNY_CODE":0,"DPS_HKD_LY":null,"ORG_TYPE":"一般企业","PREMIUM_INCOME":null,"PREMIUM_INCOME_YOY":null,"NET_INTEREST_INCOME":null,"NET_INTEREST_INCOME_YOY":null,"FEE_COMMISSION_INCOME":null,"FEE_COMMISSION_INCOME_YOY":null,"ACCOUNTS_RECE_TDAYS":215.985748218527,"INVENTORY_TDAYS":4.817484520839,"CURRENT_ASSETS_TDAYS":0.268746970575,"TOTAL_ASSETS_TDAYS":0.084929715593,"PREMIUM_EXPENSE":null,"LOAN_DEPOSIT":null,"LOAN_EQUITY":null,"LOAN_ASSETS":null,"DEPOSIT_EQUITY":null,"DEPOSIT_ASSETS":null,"EQUITY_MULTIPLIER":1.83158466421,"EQUITY_RATIO":0.81723747986},{"SECUCODE":"01395.HK","SECURITY_CODE":"01395","SECURITY_NAME_ABBR":"强泰环保","ORG_CODE":"10419064","STD_REPORT_DATE":"2022-12-31 00:00:00","REPORT_DATE":"2022-12-31 00:00:00","DATE_TYPE_CODE":"001","REPORT_TYPE":"2022年年报","PER_NETCASH_OPERATE":-0.064978071607,"PER_OI":0.164293755017,"BPS":0.248870039736,"BASIC_EPS":-0.013131069,"DILUTED_EPS":-0.013131069,"OPERATE_INCOME":181922474.93,"OPERATE_INCOME_YOY":97.4664520633,"GROSS_PROFIT":46503636.2,"GROSS_PROFIT_YOY":6.04091188163,"HOLDER_PROFIT":-14525463.47,"HOLDER_PROFIT_YOY":-153.555736371,"GROSS_PROFIT_RATIO":29.740399393103,"EPS_TTM":-0.002654882661,"OPERATE_INCOME_QOQ":37.604276975681,"NET_PROFIT_RATIO":-1.0812190966,"ROE_AVG":-0.995214442857,"GROSS_PROFIT_QOQ":13.247999512966,"ROA":-0.621044755418,"HOLDER_PROFIT_QOQ":-146.175241560077,"ROE_YEARLY":-0.995214442857,"ROIC_YEARLY":-0.712876949121,"TOTAL_ASSETS":461975125.71,"TOTAL_LIABILITIES":202996500.77,"TAX_EBT":9407.9754601227,"OCF_SALES":-39.549933958234,"TOTAL_PARENT_EQUITY":263988083.1,"DEBT_ASSET_RATIO":42.9642071646,"OPERATE_PROFIT":8451227.47,"PRETAX_PROFIT":145603.01,"NETCASH_OPERATE":-71950218.69,"NETCASH_INVEST":-25770839.5,"NETCASH_FINANCE":75360723.55,"END_CASH":30916967.97,"DIVI_RATIO":null,"DIVIDEND_RATE":null,"CURRENT_RATIO":1.07484538199,"COMMON_ACS":3800000000,"CURRENTDEBT_DEBT":68.186718650303,"ISSUED_COMMON_SHARES":1107300000,"HK_COMMON_SHARES":1107300000,"PER_SHARES":5000,"TOTAL_MARKET_CAP":161665800,"HKSK_MARKET_CAP":161665800,"PE_TTM":-17.826199139927,"PB_TTM":0.631292490443,"REPORT_DATE_SQ":"2021-12-31 00:00:00","REPORT_TYPE_SQ":"2021年年报","OPERATE_INCOME_SQ":84323993.6,"DPS_HKD":null,"OPERATE_INCOME_QOQ_SQ":58.944845007408,"NET_PROFIT_RATIO_SQ":11.1561433447,"HOLDER_PROFIT_SQ":5024152,"HOLDER_PROFIT_QOQ_SQ":302.791587154911,"ROE_AVG_SQ":1.76074246312,"PE_TTM_SQ":-8.016549403487,"PB_TTM_SQ":0.262255943585,"ROA_SQ":1.221485421686,"START_DATE":"2022-01-01 00:00:00","FISCAL_YEAR":"12-31","CURRENCY":"HKD","IS_CNY_CODE":0,"DPS_HKD_LY":null,"ORG_TYPE":"一般企业","PREMIUM_INCOME":null,"PREMIUM_INCOME_YOY":null,"NET_INTEREST_INCOME":null,"NET_INTEREST_INCOME_YOY":null,"FEE_COMMISSION_INCOME":null,"FEE_COMMISSION_INCOME_YOY":null,"ACCOUNTS_RECE_TDAYS":836.381930184805,"INVENTORY_TDAYS":44.785602503912,"CURRENT_ASSETS_TDAYS":1.32982689834,"TOTAL_ASSETS_TDAYS":0.38432498889,"PREMIUM_EXPENSE":null,"LOAN_DEPOSIT":null,"LOAN_EQUITY":null,"LOAN_ASSETS":null,"DEPOSIT_EQUITY":null,"DEPOSIT_ASSETS":null,"EQUITY_MULTIPLIER":1.753284999274,"EQUITY_RATIO":0.768960849998},{"SECUCODE":"01395.HK","SECURITY_CODE":"01395","SECURITY_NAME_ABBR":"强泰环保","ORG_CODE":"10419064","STD_REPORT_DATE":"2022-06-30 00:00:00","REPORT_DATE":"2022-06-30 00:00:00","DATE_TYPE_CODE":"002","REPORT_TYPE":"2022年中报","PER_NETCASH_OPERATE":-0.047656781486,"PER_OI":0.068049120293,"BPS":0.254715788982,"BASIC_EPS":-0.001282785,"DILUTED_EPS":-0.001282785,"OPERATE_INCOME":75350790.9,"OPERATE_INCOME_YOY":166.9110296568,"GROSS_PROFIT":18290803.72,"GROSS_PROFIT_YOY":27.284455299636,"HOLDER_PROFIT":-1377711.09,"HOLDER_PROFIT_YOY":50.7188742735,"GROSS_PROFIT_RATIO":24.274202701169,"EPS_TTM":0.005749580448,"OPERATE_INCOME_QOQ":56.784547286907,"NET_PROFIT_RATIO":-1.1270003405,"ROE_AVG":-0.471969660349,"GROSS_PROFIT_QOQ":8.940447355684,"ROA":-0.300274832552,"HOLDER_PROFIT_QOQ":26.718109444141,"ROE_YEARLY":-0.943939320698,"ROIC_YEARLY":-0.704341581621,"TOTAL_ASSETS":465433736.74,"TOTAL_LIABILITIES":158376912.05,"TAX_EBT":119.979879275654,"OCF_SALES":-70.0329134037,"TOTAL_PARENT_EQUITY":282046793.14,"DEBT_ASSET_RATIO":34.0278109531,"OPERATE_PROFIT":7514554.53,"PRETAX_PROFIT":4250294.3,"NETCASH_OPERATE":-52770354.14,"NETCASH_INVEST":-492589.44,"NETCASH_FINANCE":33620939.66,"END_CASH":34278580.77,"DIVI_RATIO":null,"DIVIDEND_RATE":null,"CURRENT_RATIO":1.57159269561,"COMMON_ACS":3800000000,"CURRENTDEBT_DEBT":80.370420367721,"ISSUED_COMMON_SHARES":1107300000,"HK_COMMON_SHARES":1107300000,"PER_SHARES":5000,"TOTAL_MARKET_CAP":161665800,"HKSK_MARKET_CAP":161665800,"PE_TTM":-17.826199139927,"PB_TTM":0.631292490443,"REPORT_DATE_SQ":"2021-06-30 00:00:00","REPORT_TYPE_SQ":"2021年中报","OPERATE_INCOME_SQ":27467792.88,"DPS_HKD":null,"OPERATE_INCOME_QOQ_SQ":6.807370294854,"NET_PROFIT_RATIO_SQ":-5.8980339887,"HOLDER_PROFIT_SQ":-2720069.52,"HOLDER_PROFIT_QOQ_SQ":40.604277386258,"ROE_AVG_SQ":-0.944774478084,"PE_TTM_SQ":-8.016549403487,"PB_TTM_SQ":0.262255943585,"ROA_SQ":-0.661510567171,"START_DATE":"2022-01-01 00:00:00","FISCAL_YEAR":"12-31","CURRENCY":"HKD","IS_CNY_CODE":0,"DPS_HKD_LY":null,"ORG_TYPE":"一般企业","PREMIUM_INCOME":null,"PREMIUM_INCOME_YOY":null,"NET_INTEREST_INCOME":null,"NET_INTEREST_INCOME_YOY":null,"FEE_COMMISSION_INCOME":null,"FEE_COMMISSION_INCOME_YOY":null,"ACCOUNTS_RECE_TDAYS":93.041182682154,"INVENTORY_TDAYS":48.001438848921,"CURRENT_ASSETS_TDAYS":0.472846605255,"TOTAL_ASSETS_TDAYS":0.164228525736,"PREMIUM_EXPENSE":null,"LOAN_DEPOSIT":null,"LOAN_EQUITY":null,"LOAN_ASSETS":null,"DEPOSIT_EQUITY":null,"DEPOSIT_ASSETS":null,"EQUITY_MULTIPLIER":1.515790235927,"EQUITY_RATIO":0.561527079556},{"SECUCODE":"01395.HK","SECURITY_CODE":"01395","SECURITY_NAME_ABBR":"强泰环保","ORG_CODE":"10419064","STD_REPORT_DATE":"2021-12-31 00:00:00","REPORT_DATE":"2021-12-31 00:00:00","DATE_TYPE_CODE":"001","REPORT_TYPE":"2021年年报","PER_NETCASH_OPERATE":-0.00564633541,"PER_OI":0.076152798338,"BPS":0.260545853879,"BASIC_EPS":0.0044968,"DILUTED_EPS":0.0044968,"OPERATE_INCOME":84323993.6,"OPERATE_INCOME_YOY":74.7564261145,"GROSS_PROFIT":43854428.8,"GROSS_PROFIT_YOY":75.926540354866,"HOLDER_PROFIT":5024152,"HOLDER_PROFIT_YOY":223.9911218725,"GROSS_PROFIT_RATIO":52.007058641018,"EPS_TTM":0.004537299738,"OPERATE_INCOME_QOQ":58.944845007408,"NET_PROFIT_RATIO":11.1561433447,"ROE_AVG":1.76074246312,"GROSS_PROFIT_QOQ":63.881520226022,"ROA":1.221485421686,"HOLDER_PROFIT_QOQ":302.791587154911,"ROE_YEARLY":1.76074246312,"ROIC_YEARLY":1.503301391746,"TOTAL_ASSETS":432323169.6,"TOTAL_LIABILITIES":119129225.6,"TAX_EBT":49.755458515284,"OCF_SALES":-7.414481849209,"TOTAL_PARENT_EQUITY":288502424,"DEBT_ASSET_RATIO":27.5555959007,"OPERATE_PROFIT":22327020.8,"PRETAX_PROFIT":18723040,"NETCASH_OPERATE":-6252187.2,"NETCASH_INVEST":-1149545.6,"NETCASH_FINANCE":17917704,"END_CASH":53188150.4,"DIVI_RATIO":null,"DIVIDEND_RATE":null,"CURRENT_RATIO":1.631645167739,"COMMON_ACS":3800000000,"CURRENTDEBT_DEBT":58.366161997447,"ISSUED_COMMON_SHARES":1107300000,"HK_COMMON_SHARES":1107300000,"PER_SHARES":5000,"TOTAL_MARKET_CAP":161665800,"HKSK_MARKET_CAP":161665800,"PE_TTM":-17.826199139927,"PB_TTM":0.631292490443,"REPORT_DATE_SQ":"2020-12-31 00:00:00","REPORT_TYPE_SQ":"2020年年报","OPERATE_INCOME_SQ":49671067.88,"DPS_HKD":null,"OPERATE_INCOME_QOQ_SQ":-31.065051323378,"NET_PROFIT_RATIO_SQ":-2.5162241388,"HOLDER_PROFIT_SQ":-4171167.84,"HOLDER_PROFIT_QOQ_SQ":-168.719474031272,"ROE_AVG_SQ":-1.434525877041,"PE_TTM_SQ":-8.016549403487,"PB_TTM_SQ":0.262255943585,"ROA_SQ":-1.035404525403,"START_DATE":"2021-01-01 00:00:00","FISCAL_YEAR":"12-31","CURRENCY":"HKD","IS_CNY_CODE":0,"DPS_HKD_LY":0.005,"ORG_TYPE":"一般企业","PREMIUM_INCOME":null,"PREMIUM_INCOME_YOY":null,"NET_INTEREST_INCOME":null,"NET_INTEREST_INCOME_YOY":null,"FEE_COMMISSION_INCOME":null,"FEE_COMMISSION_INCOME_YOY":null,"ACCOUNTS_RECE_TDAYS":1412.82191780822,"INVENTORY_TDAYS":33.706503234593,"CURRENT_ASSETS_TDAYS":0.868725836204,"TOTAL_ASSETS_TDAYS":0.20501077372,"PREMIUM_EXPENSE":null,"LOAN_DEPOSIT":null,"LOAN_EQUITY":null,"LOAN_ASSETS":null,"DEPOSIT_EQUITY":null,"DEPOSIT_ASSETS":null,"EQUITY_MULTIPLIER":1.380368866903,"EQUITY_RATIO":0.412922789169},{"SECUCODE":"01395.HK","SECURITY_CODE":"01395","SECURITY_NAME_ABBR":"强泰环保","ORG_CODE":"10419064","STD_REPORT_DATE":"2021-06-30 00:00:00","REPORT_DATE":"2021-06-30 00:00:00","DATE_TYPE_CODE":"002","REPORT_TYPE":"2021年中报","PER_NETCASH_OPERATE":-0.008352360878,"PER_OI":0.02480609851,"BPS":0.260663544189,"BASIC_EPS":-0.00249624,"DILUTED_EPS":-0.00249624,"OPERATE_INCOME":27467792.88,"OPERATE_INCOME_YOY":25.1886685123,"GROSS_PROFIT":14370021.6,"GROSS_PROFIT_YOY":14.612873421101,"HOLDER_PROFIT":-2720069.52,"HOLDER_PROFIT_YOY":32.3468543046,"GROSS_PROFIT_RATIO":52.315894701766,"EPS_TTM":-0.002237420103,"OPERATE_INCOME_QOQ":6.807370294854,"NET_PROFIT_RATIO":-5.8980339887,"ROE_AVG":-0.944774478084,"GROSS_PROFIT_QOQ":7.349834265774,"ROA":-0.661510567171,"HOLDER_PROFIT_QOQ":40.604277386258,"ROE_YEARLY":-1.889548956167,"ROIC_YEARLY":-1.653463155565,"TOTAL_ASSETS":425162093.04,"TOTAL_LIABILITIES":110054229.12,"TAX_EBT":217.289156626506,"OCF_SALES":-33.670594650268,"TOTAL_PARENT_EQUITY":288632742.48,"DEBT_ASSET_RATIO":25.8852402229,"OPERATE_PROFIT":2765001.84,"PRETAX_PROFIT":1381252.8,"NETCASH_OPERATE":-9248569.2,"NETCASH_INVEST":9115436.4,"NETCASH_FINANCE":24112014.24,"END_CASH":70398960.48,"DIVI_RATIO":null,"DIVIDEND_RATE":null,"CURRENT_RATIO":1.784737951014,"COMMON_ACS":3800000000,"CURRENTDEBT_DEBT":57.415472086131,"ISSUED_COMMON_SHARES":1107300000,"HK_COMMON_SHARES":1107300000,"PER_SHARES":5000,"TOTAL_MARKET_CAP":161665800,"HKSK_MARKET_CAP":161665800,"PE_TTM":-17.826199139927,"PB_TTM":0.631292490443,"REPORT_DATE_SQ":"2020-06-30 00:00:00","REPORT_TYPE_SQ":"2020年中报","OPERATE_INCOME_SQ":24086499.36,"DPS_HKD":null,"OPERATE_INCOME_QOQ_SQ":3.827478025828,"NET_PROFIT_RATIO_SQ":-12.1771777466,"HOLDER_PROFIT_SQ":-4413742.08,"HOLDER_PROFIT_QOQ_SQ":598.561654382646,"ROE_AVG_SQ":-1.428100658635,"PE_TTM_SQ":-8.016549403487,"PB_TTM_SQ":0.262255943585,"ROA_SQ":-1.038997900287,"START_DATE":"2021-01-01 00:00:00","FISCAL_YEAR":"12-31","CURRENCY":"HKD","IS_CNY_CODE":0,"DPS_HKD_LY":0.005,"ORG_TYPE":"一般企业","PREMIUM_INCOME":null,"PREMIUM_INCOME_YOY":null,"NET_INTEREST_INCOME":null,"NET_INTEREST_INCOME_YOY":null,"FEE_COMMISSION_INCOME":null,"FEE_COMMISSION_INCOME_YOY":null,"ACCOUNTS_RECE_TDAYS":null,"INVENTORY_TDAYS":15.186685962373,"CURRENT_ASSETS_TDAYS":0.281886301048,"TOTAL_ASSETS_TDAYS":0.066800628121,"PREMIUM_EXPENSE":null,"LOAN_DEPOSIT":null,"LOAN_EQUITY":null,"LOAN_ASSETS":null,"DEPOSIT_EQUITY":null,"DEPOSIT_ASSETS":null,"EQUITY_MULTIPLIER":1.349258910111,"EQUITY_RATIO":0.381295026248},{"SECUCODE":"01395.HK","SECURITY_CODE":"01395","SECURITY_NAME_ABBR":"强泰环保","ORG_CODE":"10419064","STD_REPORT_DATE":"2020-12-31 00:00:00","REPORT_DATE":"2020-12-31 00:00:00","DATE_TYPE_CODE":"001","REPORT_TYPE":"2020年年报","PER_NETCASH_OPERATE":0.00473303737,"PER_OI":0.044857823426,"BPS":0.262332035618,"BASIC_EPS":-0.00378738,"DILUTED_EPS":-0.00378738,"OPERATE_INCOME":49671067.88,"OPERATE_INCOME_YOY":-23.8224929976,"GROSS_PROFIT":24927693.52,"GROSS_PROFIT_YOY":-17.962562230208,"HOLDER_PROFIT":-4171167.84,"HOLDER_PROFIT_YOY":-610.9278350515,"GROSS_PROFIT_RATIO":50.18553975973,"EPS_TTM":-0.003766971769,"OPERATE_INCOME_QOQ":-31.065051323378,"NET_PROFIT_RATIO":-2.5162241388,"ROE_AVG":-1.434525877041,"GROSS_PROFIT_QOQ":-38.966072447801,"ROA":-1.035404525403,"HOLDER_PROFIT_QOQ":-168.719474031272,"ROE_YEARLY":-1.434525877041,"ROIC_YEARLY":-1.270368576064,"TOTAL_ASSETS":401782944.84,"TOTAL_LIABILITIES":86029915.88,"TAX_EBT":129.140502354788,"OCF_SALES":10.551197112696,"TOTAL_PARENT_EQUITY":290480263.04,"DEBT_ASSET_RATIO":21.4120377644,"OPERATE_PROFIT":5958811.2,"PRETAX_PROFIT":4288997.44,"NETCASH_OPERATE":5240892.28,"NETCASH_INVEST":-68172.84,"NETCASH_FINANCE":-14429076.16,"END_CASH":42980029.88,"DIVI_RATIO":null,"DIVIDEND_RATE":null,"CURRENT_RATIO":2.161187884628,"COMMON_ACS":3800000000,"CURRENTDEBT_DEBT":44.670651652856,"ISSUED_COMMON_SHARES":1107300000,"HK_COMMON_SHARES":1107300000,"PER_SHARES":5000,"TOTAL_MARKET_CAP":161665800,"HKSK_MARKET_CAP":161665800,"PE_TTM":-17.826199139927,"PB_TTM":0.631292490443,"REPORT_DATE_SQ":"2019-12-31 00:00:00","REPORT_TYPE_SQ":"2019年年报","OPERATE_INCOME_SQ":69398763.94,"DPS_HKD":null,"OPERATE_INCOME_QOQ_SQ":24.765285467908,"NET_PROFIT_RATIO_SQ":12.3914137829,"HOLDER_PROFIT_SQ":868906.6,"HOLDER_PROFIT_QOQ_SQ":100.939117728174,"ROE_AVG_SQ":0.278604735993,"PE_TTM_SQ":-8.016549403487,"PB_TTM_SQ":0.262255943585,"ROA_SQ":0.202968359953,"START_DATE":"2020-01-01 00:00:00","FISCAL_YEAR":"12-31","CURRENCY":"HKD","IS_CNY_CODE":0,"DPS_HKD_LY":0.055,"ORG_TYPE":"一般企业","PREMIUM_INCOME":null,"PREMIUM_INCOME_YOY":null,"NET_INTEREST_INCOME":null,"NET_INTEREST_INCOME_YOY":null,"FEE_COMMISSION_INCOME":null,"FEE_COMMISSION_INCOME_YOY":null,"ACCOUNTS_RECE_TDAYS":null,"INVENTORY_TDAYS":37.284717818643,"CURRENT_ASSETS_TDAYS":0.551207871596,"TOTAL_ASSETS_TDAYS":0.123297959798,"PREMIUM_EXPENSE":null,"LOAN_DEPOSIT":null,"LOAN_EQUITY":null,"LOAN_ASSETS":null,"DEPOSIT_EQUITY":null,"DEPOSIT_ASSETS":null,"EQUITY_MULTIPLIER":1.272459511041,"EQUITY_RATIO":0.296164410551},{"SECUCODE":"01395.HK","SECURITY_CODE":"01395","SECURITY_NAME_ABBR":"强泰环保","ORG_CODE":"10419064","STD_REPORT_DATE":"2020-06-30 00:00:00","REPORT_DATE":"2020-06-30 00:00:00","DATE_TYPE_CODE":"002","REPORT_TYPE":"2020年中报","PER_NETCASH_OPERATE":-0.006142395232,"PER_OI":0.021752460363,"BPS":0.272950522677,"BASIC_EPS":-0.004019136,"DILUTED_EPS":-0.004019136,"OPERATE_INCOME":24086499.36,"OPERATE_INCOME_YOY":8.2382398818,"GROSS_PROFIT":12537877.44,"GROSS_PROFIT_YOY":502.413139373049,"HOLDER_PROFIT":-4413742.08,"HOLDER_PROFIT_YOY":55.791399817,"GROSS_PROFIT_RATIO":52.053547726497,"EPS_TTM":0.005481665601,"OPERATE_INCOME_QOQ":3.827478025828,"NET_PROFIT_RATIO":-12.1771777466,"ROE_AVG":-1.428100658635,"GROSS_PROFIT_QOQ":34.412843904942,"ROA":-1.038997900287,"HOLDER_PROFIT_QOQ":598.561654382646,"ROE_YEARLY":-2.856201317269,"ROIC_YEARLY":-2.514688968572,"TOTAL_ASSETS":411231601.44,"TOTAL_LIABILITIES":85551876.96,"TAX_EBT":1226.66666666667,"OCF_SALES":-28.237703363798,"TOTAL_PARENT_EQUITY":302238113.76,"DEBT_ASSET_RATIO":20.8038187387,"OPERATE_PROFIT":1192039.2,"PRETAX_PROFIT":260330.4,"NETCASH_OPERATE":-6801474.24,"NETCASH_INVEST":-3902215.68,"NETCASH_FINANCE":-9987552.96,"END_CASH":36440775.36,"DIVI_RATIO":null,"DIVIDEND_RATE":null,"CURRENT_RATIO":2.111518361749,"COMMON_ACS":3800000000,"CURRENTDEBT_DEBT":45.152094299533,"ISSUED_COMMON_SHARES":1107300000,"HK_COMMON_SHARES":1107300000,"PER_SHARES":5000,"TOTAL_MARKET_CAP":161665800,"HKSK_MARKET_CAP":161665800,"PE_TTM":-17.826199139927,"PB_TTM":0.631292490443,"REPORT_DATE_SQ":"2019-06-30 00:00:00","REPORT_TYPE_SQ":"2019年中报","OPERATE_INCOME_SQ":21430276.92,"DPS_HKD":null,"OPERATE_INCOME_QOQ_SQ":-19.693102597453,"NET_PROFIT_RATIO_SQ":-45.2754289467,"HOLDER_PROFIT_SQ":-9614683.8,"HOLDER_PROFIT_QOQ_SQ":24.421642764503,"ROE_AVG_SQ":-3.167923111927,"PE_TTM_SQ":-8.016549403487,"PB_TTM_SQ":0.262255943585,"ROA_SQ":-2.336928168857,"START_DATE":"2020-01-01 00:00:00","FISCAL_YEAR":"12-31","CURRENCY":"HKD","IS_CNY_CODE":0,"DPS_HKD_LY":0.055,"ORG_TYPE":"一般企业","PREMIUM_INCOME":null,"PREMIUM_INCOME_YOY":null,"NET_INTEREST_INCOME":null,"NET_INTEREST_INCOME_YOY":null,"FEE_COMMISSION_INCOME":null,"FEE_COMMISSION_INCOME_YOY":null,"ACCOUNTS_RECE_TDAYS":null,"INVENTORY_TDAYS":21.302443133951,"CURRENT_ASSETS_TDAYS":0.257573907565,"TOTAL_ASSETS_TDAYS":0.056699784008,"PREMIUM_EXPENSE":null,"LOAN_DEPOSIT":null,"LOAN_EQUITY":null,"LOAN_ASSETS":null,"DEPOSIT_EQUITY":null,"DEPOSIT_ASSETS":null,"EQUITY_MULTIPLIER":1.262687144852,"EQUITY_RATIO":0.283061179464}],"count":25},"success":true,"message":"ok","code":0}