{"version":"c7510fa5fa9ac27e76533850924ef568","result":{"pages":5,"data":[{"SECUCODE":"01399.HK","SECURITY_CODE":"01399","SECURITY_NAME_ABBR":"锐信控股","ORG_CODE":"10078048","STD_REPORT_DATE":"2024-06-30 00:00:00","REPORT_DATE":"2024-06-30 00:00:00","DATE_TYPE_CODE":"002","REPORT_TYPE":"2024年中报","PER_NETCASH_OPERATE":0.018400896397,"PER_OI":2.239241476977,"BPS":1.003964907394,"BASIC_EPS":0.0051,"DILUTED_EPS":0.0051,"OPERATE_INCOME":2440776000,"OPERATE_INCOME_YOY":-7.7257740915,"GROSS_PROFIT":156183000,"GROSS_PROFIT_YOY":-13.274066012172,"HOLDER_PROFIT":5524000,"HOLDER_PROFIT_YOY":138.6564030791,"GROSS_PROFIT_RATIO":6.398907560546,"EPS_TTM":0.036626563636,"OPERATE_INCOME_QOQ":-3.3254583882,"NET_PROFIT_RATIO":0.2276325234,"ROE_AVG":0.505435212749,"GROSS_PROFIT_QOQ":-5.708275028774,"ROA":0.120467030001,"HOLDER_PROFIT_QOQ":98.532995176289,"ROE_YEARLY":1.010870425498,"ROIC_YEARLY":0.251318666633,"TOTAL_ASSETS":4300619000,"TOTAL_LIABILITIES":3211140000,"TAX_EBT":36.196600826826,"OCF_SALES":0.821746854279,"TOTAL_PARENT_EQUITY":1094323000,"DEBT_ASSET_RATIO":74.6669258542,"OPERATE_PROFIT":20377000,"PRETAX_PROFIT":8708000,"NETCASH_OPERATE":20057000,"NETCASH_INVEST":149028000,"NETCASH_FINANCE":-47376000,"END_CASH":255429000,"DIVI_RATIO":null,"DIVIDEND_RATE":null,"CURRENT_RATIO":1.174381028014,"COMMON_ACS":5000000000,"CURRENTDEBT_DEBT":92.270564347864,"ISSUED_COMMON_SHARES":1090001246,"HK_COMMON_SHARES":1090001246,"PER_SHARES":2000,"TOTAL_MARKET_CAP":228900261.66,"HKSK_MARKET_CAP":228900261.66,"PE_TTM":5.232994895299,"PB_TTM":0.190905875881,"REPORT_DATE_SQ":"2023-06-30 00:00:00","REPORT_TYPE_SQ":"2023年中报","OPERATE_INCOME_SQ":2645133000,"DPS_HKD":null,"OPERATE_INCOME_QOQ_SQ":-7.96335906288,"NET_PROFIT_RATIO_SQ":-0.5800464476,"HOLDER_PROFIT_SQ":-14290000,"HOLDER_PROFIT_QOQ_SQ":-118.578916715201,"ROE_AVG_SQ":-1.34378267771,"PE_TTM_SQ":-53.349361286242,"PB_TTM_SQ":0.242531299128,"ROA_SQ":-0.299854542219,"START_DATE":"2024-01-01 00:00:00","FISCAL_YEAR":"12-31","CURRENCY":"HKD","IS_CNY_CODE":0,"DPS_HKD_LY":null,"ORG_TYPE":"一般企业","PREMIUM_INCOME":null,"PREMIUM_INCOME_YOY":null,"NET_INTEREST_INCOME":null,"NET_INTEREST_INCOME_YOY":null,"FEE_COMMISSION_INCOME":null,"FEE_COMMISSION_INCOME_YOY":null,"ACCOUNTS_RECE_TDAYS":1.268063708255,"INVENTORY_TDAYS":3.987184633428,"CURRENT_ASSETS_TDAYS":0.652532337201,"TOTAL_ASSETS_TDAYS":0.532282830591,"PREMIUM_EXPENSE":null,"LOAN_DEPOSIT":null,"LOAN_EQUITY":null,"LOAN_ASSETS":null,"DEPOSIT_EQUITY":null,"DEPOSIT_ASSETS":null,"EQUITY_MULTIPLIER":3.947408807335,"EQUITY_RATIO":2.934362158156},{"SECUCODE":"01399.HK","SECURITY_CODE":"01399","SECURITY_NAME_ABBR":"锐信控股","ORG_CODE":"10078048","STD_REPORT_DATE":"2023-12-31 00:00:00","REPORT_DATE":"2023-12-31 00:00:00","DATE_TYPE_CODE":"001","REPORT_TYPE":"2023年年报","PER_NETCASH_OPERATE":-0.093670535125,"PER_OI":5.637817408513,"BPS":1.00138968098,"BASIC_EPS":0.0184,"DILUTED_EPS":0.0184,"OPERATE_INCOME":6145228000,"OPERATE_INCOME_YOY":-3.365157961,"GROSS_PROFIT":418778000,"GROSS_PROFIT_YOY":-8.304886940642,"HOLDER_PROFIT":20109000,"HOLDER_PROFIT_YOY":-16.3449538231,"GROSS_PROFIT_RATIO":6.814686127187,"EPS_TTM":0.018448602764,"OPERATE_INCOME_QOQ":4.996054891849,"NET_PROFIT_RATIO":0.2313014261,"ROE_AVG":1.860460382759,"GROSS_PROFIT_QOQ":11.93741012194,"ROA":0.405750359715,"HOLDER_PROFIT_QOQ":550.268696820421,"ROE_YEARLY":1.860460382759,"ROIC_YEARLY":0.419652482918,"TOTAL_ASSETS":4870355000,"TOTAL_LIABILITIES":3784300000,"TAX_EBT":-30.224461749886,"OCF_SALES":-1.661468052935,"TOTAL_PARENT_EQUITY":1091516000,"DEBT_ASSET_RATIO":77.7007014889,"OPERATE_PROFIT":38954000,"PRETAX_PROFIT":10915000,"NETCASH_OPERATE":-102101000,"NETCASH_INVEST":-11659000,"NETCASH_FINANCE":42052000,"END_CASH":133825000,"DIVI_RATIO":null,"DIVIDEND_RATE":null,"CURRENT_RATIO":1.139621764505,"COMMON_ACS":5000000000,"CURRENTDEBT_DEBT":92.780514229844,"ISSUED_COMMON_SHARES":1090001246,"HK_COMMON_SHARES":1090001246,"PER_SHARES":2000,"TOTAL_MARKET_CAP":228900261.66,"HKSK_MARKET_CAP":228900261.66,"PE_TTM":5.232994895299,"PB_TTM":0.190905875881,"REPORT_DATE_SQ":"2022-12-31 00:00:00","REPORT_TYPE_SQ":"2022年年报","OPERATE_INCOME_SQ":6359226000,"DPS_HKD":null,"OPERATE_INCOME_QOQ_SQ":-9.775291850738,"NET_PROFIT_RATIO_SQ":0.3155415455,"HOLDER_PROFIT_SQ":24038000,"HOLDER_PROFIT_QOQ_SQ":-47.759377580736,"ROE_AVG_SQ":2.259403764796,"PE_TTM_SQ":-45.608473570199,"PB_TTM_SQ":0.207340483176,"ROA_SQ":0.452681011672,"START_DATE":"2023-01-01 00:00:00","FISCAL_YEAR":"12-31","CURRENCY":"HKD","IS_CNY_CODE":0,"DPS_HKD_LY":null,"ORG_TYPE":"一般企业","PREMIUM_INCOME":null,"PREMIUM_INCOME_YOY":null,"NET_INTEREST_INCOME":null,"NET_INTEREST_INCOME_YOY":null,"FEE_COMMISSION_INCOME":null,"FEE_COMMISSION_INCOME_YOY":null,"ACCOUNTS_RECE_TDAYS":2.864835368985,"INVENTORY_TDAYS":8.412942219558,"CURRENT_ASSETS_TDAYS":1.527818440743,"TOTAL_ASSETS_TDAYS":1.239956472988,"PREMIUM_EXPENSE":null,"LOAN_DEPOSIT":null,"LOAN_EQUITY":null,"LOAN_ASSETS":null,"DEPOSIT_EQUITY":null,"DEPOSIT_ASSETS":null,"EQUITY_MULTIPLIER":4.484445999511,"EQUITY_RATIO":3.46701285185},{"SECUCODE":"01399.HK","SECURITY_CODE":"01399","SECURITY_NAME_ABBR":"锐信控股","ORG_CODE":"10078048","STD_REPORT_DATE":"2023-06-30 00:00:00","REPORT_DATE":"2023-06-30 00:00:00","DATE_TYPE_CODE":"002","REPORT_TYPE":"2023年中报","PER_NETCASH_OPERATE":-0.447608662642,"PER_OI":2.4267247489,"BPS":0.969379625828,"BASIC_EPS":-0.0131,"DILUTED_EPS":-0.0131,"OPERATE_INCOME":2645133000,"OPERATE_INCOME_YOY":-16.0685835913,"GROSS_PROFIT":180088000,"GROSS_PROFIT_YOY":-31.441275787374,"HOLDER_PROFIT":-14290000,"HOLDER_PROFIT_YOY":-200.5346841143,"GROSS_PROFIT_RATIO":6.808277693409,"EPS_TTM":-0.004097243023,"OPERATE_INCOME_QOQ":-7.96335906288,"NET_PROFIT_RATIO":-0.5800464476,"ROE_AVG":-1.34378267771,"GROSS_PROFIT_QOQ":-18.083585318377,"ROA":-0.299854542219,"HOLDER_PROFIT_QOQ":-118.578916715201,"ROE_YEARLY":-2.687565355421,"ROIC_YEARLY":-0.620339248298,"TOTAL_ASSETS":4489637000,"TOTAL_LIABILITIES":3434240000,"TAX_EBT":-22.36222984289,"OCF_SALES":-18.44497044194,"TOTAL_PARENT_EQUITY":1056625000,"DEBT_ASSET_RATIO":76.4925983994,"OPERATE_PROFIT":6415000,"PRETAX_PROFIT":-12539000,"NETCASH_OPERATE":-487894000,"NETCASH_INVEST":189689000,"NETCASH_FINANCE":209724000,"END_CASH":118205000,"DIVI_RATIO":null,"DIVIDEND_RATE":null,"CURRENT_RATIO":1.12702867112,"COMMON_ACS":5000000000,"CURRENTDEBT_DEBT":91.33129891912,"ISSUED_COMMON_SHARES":1090001246,"HK_COMMON_SHARES":1090001246,"PER_SHARES":2000,"TOTAL_MARKET_CAP":228900261.66,"HKSK_MARKET_CAP":228900261.66,"PE_TTM":5.232994895299,"PB_TTM":0.190905875881,"REPORT_DATE_SQ":"2022-06-30 00:00:00","REPORT_TYPE_SQ":"2022年中报","OPERATE_INCOME_SQ":3151541000,"DPS_HKD":null,"OPERATE_INCOME_QOQ_SQ":-0.612481393595,"NET_PROFIT_RATIO_SQ":0.3949496453,"HOLDER_PROFIT_SQ":14214000,"HOLDER_PROFIT_QOQ_SQ":9.084443601536,"ROE_AVG_SQ":1.342226108536,"PE_TTM_SQ":-45.608473570199,"PB_TTM_SQ":0.207340483176,"ROA_SQ":0.267528086779,"START_DATE":"2023-01-01 00:00:00","FISCAL_YEAR":"12-31","CURRENCY":"HKD","IS_CNY_CODE":0,"DPS_HKD_LY":null,"ORG_TYPE":"一般企业","PREMIUM_INCOME":null,"PREMIUM_INCOME_YOY":null,"NET_INTEREST_INCOME":null,"NET_INTEREST_INCOME_YOY":null,"FEE_COMMISSION_INCOME":null,"FEE_COMMISSION_INCOME_YOY":null,"ACCOUNTS_RECE_TDAYS":1.416035839698,"INVENTORY_TDAYS":3.272083004527,"CURRENT_ASSETS_TDAYS":0.698099628192,"TOTAL_ASSETS_TDAYS":0.55504208875,"PREMIUM_EXPENSE":null,"LOAN_DEPOSIT":null,"LOAN_EQUITY":null,"LOAN_ASSETS":null,"DEPOSIT_EQUITY":null,"DEPOSIT_ASSETS":null,"EQUITY_MULTIPLIER":4.253979308264,"EQUITY_RATIO":3.250197562995},{"SECUCODE":"01399.HK","SECURITY_CODE":"01399","SECURITY_NAME_ABBR":"锐信控股","ORG_CODE":"10078048","STD_REPORT_DATE":"2022-12-31 00:00:00","REPORT_DATE":"2022-12-31 00:00:00","DATE_TYPE_CODE":"001","REPORT_TYPE":"2022年年报","PER_NETCASH_OPERATE":-0.163168620818,"PER_OI":5.834145624454,"BPS":0.981840162043,"BASIC_EPS":0.0221,"DILUTED_EPS":0.0221,"OPERATE_INCOME":6359226000,"OPERATE_INCOME_YOY":-10.3279014006,"GROSS_PROFIT":456707000,"GROSS_PROFIT_YOY":-11.264926576592,"HOLDER_PROFIT":24038000,"HOLDER_PROFIT_YOY":-43.0136077,"GROSS_PROFIT_RATIO":7.18180168467,"EPS_TTM":0.0220531858,"OPERATE_INCOME_QOQ":-9.775291850738,"NET_PROFIT_RATIO":0.3155415455,"ROE_AVG":2.259403764796,"GROSS_PROFIT_QOQ":-9.347198678836,"ROA":0.452681011672,"HOLDER_PROFIT_QOQ":-47.759377580736,"ROE_YEARLY":2.259403764796,"ROIC_YEARLY":0.471804397646,"TOTAL_ASSETS":5041651000,"TOTAL_LIABILITIES":3972390000,"TAX_EBT":25.410750130102,"OCF_SALES":-2.79678690457,"TOTAL_PARENT_EQUITY":1070207000,"DEBT_ASSET_RATIO":78.7914514511,"OPERATE_PROFIT":53639000,"PRETAX_PROFIT":26902000,"NETCASH_OPERATE":-177854000,"NETCASH_INVEST":224812000,"NETCASH_FINANCE":-58820000,"END_CASH":200944000,"DIVI_RATIO":null,"DIVIDEND_RATE":null,"CURRENT_RATIO":1.107946651467,"COMMON_ACS":5000000000,"CURRENTDEBT_DEBT":91.864343631919,"ISSUED_COMMON_SHARES":1090001246,"HK_COMMON_SHARES":1090001246,"PER_SHARES":2000,"TOTAL_MARKET_CAP":228900261.66,"HKSK_MARKET_CAP":228900261.66,"PE_TTM":5.232994895299,"PB_TTM":0.190905875881,"REPORT_DATE_SQ":"2021-12-31 00:00:00","REPORT_TYPE_SQ":"2021年年报","OPERATE_INCOME_SQ":7091644000,"DPS_HKD":null,"OPERATE_INCOME_QOQ_SQ":8.951878554038,"NET_PROFIT_RATIO_SQ":0.5437526193,"HOLDER_PROFIT_SQ":42182000,"HOLDER_PROFIT_QOQ_SQ":412.644530091906,"ROE_AVG_SQ":4.072734154214,"PE_TTM_SQ":-45.608473570199,"PB_TTM_SQ":0.207340483176,"ROA_SQ":0.82526917799,"START_DATE":"2022-01-01 00:00:00","FISCAL_YEAR":"12-31","CURRENCY":"HKD","IS_CNY_CODE":0,"DPS_HKD_LY":null,"ORG_TYPE":"一般企业","PREMIUM_INCOME":null,"PREMIUM_INCOME_YOY":null,"NET_INTEREST_INCOME":null,"NET_INTEREST_INCOME_YOY":null,"FEE_COMMISSION_INCOME":null,"FEE_COMMISSION_INCOME_YOY":null,"ACCOUNTS_RECE_TDAYS":2.846540696386,"INVENTORY_TDAYS":8.807619965665,"CURRENT_ASSETS_TDAYS":1.482160171094,"TOTAL_ASSETS_TDAYS":1.197562550599,"PREMIUM_EXPENSE":null,"LOAN_DEPOSIT":null,"LOAN_EQUITY":null,"LOAN_ASSETS":null,"DEPOSIT_EQUITY":null,"DEPOSIT_ASSETS":null,"EQUITY_MULTIPLIER":4.715079854212,"EQUITY_RATIO":3.71179594228},{"SECUCODE":"01399.HK","SECURITY_CODE":"01399","SECURITY_NAME_ABBR":"锐信控股","ORG_CODE":"10078048","STD_REPORT_DATE":"2022-06-30 00:00:00","REPORT_DATE":"2022-06-30 00:00:00","DATE_TYPE_CODE":"002","REPORT_TYPE":"2022年中报","PER_NETCASH_OPERATE":-0.370234439163,"PER_OI":2.891318713227,"BPS":0.972808979706,"BASIC_EPS":0.013,"DILUTED_EPS":0.013,"OPERATE_INCOME":3151541000,"OPERATE_INCOME_YOY":-1.3594781307,"GROSS_PROFIT":262677000,"GROSS_PROFIT_YOY":-3.980041306454,"HOLDER_PROFIT":14214000,"HOLDER_PROFIT_YOY":36.9100366018,"GROSS_PROFIT_RATIO":8.334874907228,"EPS_TTM":0.042214630643,"OPERATE_INCOME_QOQ":-0.612481393595,"NET_PROFIT_RATIO":0.3949496453,"ROE_AVG":1.342226108536,"GROSS_PROFIT_QOQ":-2.115464574517,"ROA":0.267528086779,"HOLDER_PROFIT_QOQ":9.084443601536,"ROE_YEARLY":2.684452217072,"ROIC_YEARLY":0.555919665424,"TOTAL_ASSETS":5047543000,"TOTAL_LIABILITIES":3994121000,"TAX_EBT":39.580602883355,"OCF_SALES":-12.805037281762,"TOTAL_PARENT_EQUITY":1060363000,"DEBT_ASSET_RATIO":79.1300044398,"OPERATE_PROFIT":40332000,"PRETAX_PROFIT":20601000,"NETCASH_OPERATE":-403556000,"NETCASH_INVEST":241785000,"NETCASH_FINANCE":106509000,"END_CASH":175270000,"DIVI_RATIO":null,"DIVIDEND_RATE":null,"CURRENT_RATIO":1.112730450069,"COMMON_ACS":5000000000,"CURRENTDEBT_DEBT":91.376951274135,"ISSUED_COMMON_SHARES":1090001246,"HK_COMMON_SHARES":1090001246,"PER_SHARES":2000,"TOTAL_MARKET_CAP":228900261.66,"HKSK_MARKET_CAP":228900261.66,"PE_TTM":5.232994895299,"PB_TTM":0.190905875881,"REPORT_DATE_SQ":"2021-06-30 00:00:00","REPORT_TYPE_SQ":"2021年中报","OPERATE_INCOME_SQ":3194976000,"DPS_HKD":null,"OPERATE_INCOME_QOQ_SQ":4.70352546444,"NET_PROFIT_RATIO_SQ":0.2689222079,"HOLDER_PROFIT_SQ":10382000,"HOLDER_PROFIT_QOQ_SQ":74.390220754323,"ROE_AVG_SQ":1.019497321635,"PE_TTM_SQ":-45.608473570199,"PB_TTM_SQ":0.207340483176,"ROA_SQ":0.210574545813,"START_DATE":"2022-01-01 00:00:00","FISCAL_YEAR":"12-31","CURRENCY":"HKD","IS_CNY_CODE":0,"DPS_HKD_LY":null,"ORG_TYPE":"一般企业","PREMIUM_INCOME":null,"PREMIUM_INCOME_YOY":null,"NET_INTEREST_INCOME":null,"NET_INTEREST_INCOME_YOY":null,"FEE_COMMISSION_INCOME":null,"FEE_COMMISSION_INCOME_YOY":null,"ACCOUNTS_RECE_TDAYS":1.418564794799,"INVENTORY_TDAYS":4.56081931264,"CURRENT_ASSETS_TDAYS":0.732998931391,"TOTAL_ASSETS_TDAYS":0.593165705738,"PREMIUM_EXPENSE":null,"LOAN_DEPOSIT":null,"LOAN_EQUITY":null,"LOAN_ASSETS":null,"DEPOSIT_EQUITY":null,"DEPOSIT_ASSETS":null,"EQUITY_MULTIPLIER":4.791567861696,"EQUITY_RATIO":3.766748745477},{"SECUCODE":"01399.HK","SECURITY_CODE":"01399","SECURITY_NAME_ABBR":"锐信控股","ORG_CODE":"10078048","STD_REPORT_DATE":"2021-12-31 00:00:00","REPORT_DATE":"2021-12-31 00:00:00","DATE_TYPE_CODE":"001","REPORT_TYPE":"2021年年报","PER_NETCASH_OPERATE":0.140242958952,"PER_OI":6.50608797561,"BPS":0.97028421195,"BASIC_EPS":0.0387,"DILUTED_EPS":0.0387,"OPERATE_INCOME":7091644000,"OPERATE_INCOME_YOY":14.0764579058,"GROSS_PROFIT":514686000,"GROSS_PROFIT_YOY":33.356998129272,"HOLDER_PROFIT":42182000,"HOLDER_PROFIT_YOY":180.0675739802,"GROSS_PROFIT_RATIO":7.257640118427,"EPS_TTM":0.038699038331,"OPERATE_INCOME_QOQ":8.951878554038,"NET_PROFIT_RATIO":0.5437526193,"ROE_AVG":4.072734154214,"GROSS_PROFIT_QOQ":8.636716705223,"ROA":0.82526917799,"HOLDER_PROFIT_QOQ":412.644530091906,"ROE_YEARLY":4.072734154214,"ROIC_YEARLY":0.863489552436,"TOTAL_ASSETS":5578631000,"TOTAL_LIABILITIES":4517247000,"TAX_EBT":40.21365003566,"OCF_SALES":2.155565056565,"TOTAL_PARENT_EQUITY":1057611000,"DEBT_ASSET_RATIO":80.9741135415,"OPERATE_PROFIT":81050000,"PRETAX_PROFIT":64498000,"NETCASH_OPERATE":152865000,"NETCASH_INVEST":-392913000,"NETCASH_FINANCE":252220000,"END_CASH":226695000,"DIVI_RATIO":null,"DIVIDEND_RATE":null,"CURRENT_RATIO":1.085109689983,"COMMON_ACS":5000000000,"CURRENTDEBT_DEBT":92.577802365025,"ISSUED_COMMON_SHARES":1090001246,"HK_COMMON_SHARES":1090001246,"PER_SHARES":2000,"TOTAL_MARKET_CAP":228900261.66,"HKSK_MARKET_CAP":228900261.66,"PE_TTM":5.232994895299,"PB_TTM":0.190905875881,"REPORT_DATE_SQ":"2020-12-31 00:00:00","REPORT_TYPE_SQ":"2020年年报","OPERATE_INCOME_SQ":6216571000,"DPS_HKD":null,"OPERATE_INCOME_QOQ_SQ":-10.919957842759,"NET_PROFIT_RATIO_SQ":-0.924657661,"HOLDER_PROFIT_SQ":-52683000,"HOLDER_PROFIT_QOQ_SQ":-719.362802727487,"ROE_AVG_SQ":-5.083879721175,"PE_TTM_SQ":-45.608473570199,"PB_TTM_SQ":0.207340483176,"ROA_SQ":-1.072190344059,"START_DATE":"2021-01-01 00:00:00","FISCAL_YEAR":"12-31","CURRENCY":"HKD","IS_CNY_CODE":0,"DPS_HKD_LY":null,"ORG_TYPE":"一般企业","PREMIUM_INCOME":null,"PREMIUM_INCOME_YOY":null,"NET_INTEREST_INCOME":null,"NET_INTEREST_INCOME_YOY":null,"FEE_COMMISSION_INCOME":null,"FEE_COMMISSION_INCOME_YOY":null,"ACCOUNTS_RECE_TDAYS":3.165115569116,"INVENTORY_TDAYS":13.194674349064,"CURRENT_ASSETS_TDAYS":1.731196944035,"TOTAL_ASSETS_TDAYS":1.38744374721,"PREMIUM_EXPENSE":null,"LOAN_DEPOSIT":null,"LOAN_EQUITY":null,"LOAN_ASSETS":null,"DEPOSIT_EQUITY":null,"DEPOSIT_ASSETS":null,"EQUITY_MULTIPLIER":5.25599688709,"EQUITY_RATIO":4.27118004635},{"SECUCODE":"01399.HK","SECURITY_CODE":"01399","SECURITY_NAME_ABBR":"锐信控股","ORG_CODE":"10078048","STD_REPORT_DATE":"2021-06-30 00:00:00","REPORT_DATE":"2021-06-30 00:00:00","DATE_TYPE_CODE":"002","REPORT_TYPE":"2021年中报","PER_NETCASH_OPERATE":-0.012867875199,"PER_OI":2.931167291528,"BPS":0.93840901903,"BASIC_EPS":0.0095,"DILUTED_EPS":0.0095,"OPERATE_INCOME":3194976000,"OPERATE_INCOME_YOY":10.0737344526,"GROSS_PROFIT":273565000,"GROSS_PROFIT_YOY":47.281458789833,"HOLDER_PROFIT":10382000,"HOLDER_PROFIT_YOY":136.0373494394,"GROSS_PROFIT_RATIO":8.562349138147,"EPS_TTM":-0.012377967502,"OPERATE_INCOME_QOQ":4.70352546444,"NET_PROFIT_RATIO":0.2689222079,"ROE_AVG":1.019497321635,"GROSS_PROFIT_QOQ":22.754996813026,"ROA":0.210574545813,"HOLDER_PROFIT_QOQ":74.390220754323,"ROE_YEARLY":2.038994643269,"ROIC_YEARLY":0.438906374003,"TOTAL_ASSETS":5216668000,"TOTAL_LIABILITIES":4188592000,"TAX_EBT":65.080268238163,"OCF_SALES":-0.43900173272,"TOTAL_PARENT_EQUITY":1022867000,"DEBT_ASSET_RATIO":80.2924778805,"OPERATE_PROFIT":64632000,"PRETAX_PROFIT":24605000,"NETCASH_OPERATE":-14026000,"NETCASH_INVEST":-258237000,"NETCASH_FINANCE":232918000,"END_CASH":171721000,"DIVI_RATIO":null,"DIVIDEND_RATE":null,"CURRENT_RATIO":1.078385609499,"COMMON_ACS":5000000000,"CURRENTDEBT_DEBT":92.534436392945,"ISSUED_COMMON_SHARES":1090001246,"HK_COMMON_SHARES":1090001246,"PER_SHARES":2000,"TOTAL_MARKET_CAP":228900261.66,"HKSK_MARKET_CAP":228900261.66,"PE_TTM":5.232994895299,"PB_TTM":0.190905875881,"REPORT_DATE_SQ":"2020-06-30 00:00:00","REPORT_TYPE_SQ":"2020年中报","OPERATE_INCOME_SQ":2902578000,"DPS_HKD":null,"OPERATE_INCOME_QOQ_SQ":-5.632948818308,"NET_PROFIT_RATIO_SQ":-1.20654811,"HOLDER_PROFIT_SQ":-28809000,"HOLDER_PROFIT_QOQ_SQ":-83.81135450964,"ROE_AVG_SQ":-2.760737519112,"PE_TTM_SQ":-45.608473570199,"PB_TTM_SQ":0.207340483176,"ROA_SQ":-0.599756487499,"START_DATE":"2021-01-01 00:00:00","FISCAL_YEAR":"12-31","CURRENCY":"HKD","IS_CNY_CODE":0,"DPS_HKD_LY":null,"ORG_TYPE":"一般企业","PREMIUM_INCOME":null,"PREMIUM_INCOME_YOY":null,"NET_INTEREST_INCOME":null,"NET_INTEREST_INCOME_YOY":null,"FEE_COMMISSION_INCOME":null,"FEE_COMMISSION_INCOME_YOY":null,"ACCOUNTS_RECE_TDAYS":1.568599495246,"INVENTORY_TDAYS":5.636519740961,"CURRENT_ASSETS_TDAYS":0.815609374549,"TOTAL_ASSETS_TDAYS":0.648026025894,"PREMIUM_EXPENSE":null,"LOAN_DEPOSIT":null,"LOAN_EQUITY":null,"LOAN_ASSETS":null,"DEPOSIT_EQUITY":null,"DEPOSIT_ASSETS":null,"EQUITY_MULTIPLIER":5.074204630782,"EQUITY_RATIO":4.094952716238},{"SECUCODE":"01399.HK","SECURITY_CODE":"01399","SECURITY_NAME_ABBR":"锐信控股","ORG_CODE":"10078048","STD_REPORT_DATE":"2020-12-31 00:00:00","REPORT_DATE":"2020-12-31 00:00:00","DATE_TYPE_CODE":"001","REPORT_TYPE":"2020年年报","PER_NETCASH_OPERATE":-0.316631748144,"PER_OI":5.703269627272,"BPS":0.930111780808,"BASIC_EPS":-0.0483,"DILUTED_EPS":-0.0483,"OPERATE_INCOME":6216571000,"OPERATE_INCOME_YOY":-15.9377910248,"GROSS_PROFIT":385946000,"GROSS_PROFIT_YOY":-27.242873139815,"HOLDER_PROFIT":-52683000,"HOLDER_PROFIT_YOY":-200.2664484327,"GROSS_PROFIT_RATIO":6.208342187357,"EPS_TTM":-0.048332972273,"OPERATE_INCOME_QOQ":-10.919957842759,"NET_PROFIT_RATIO":-0.924657661,"ROE_AVG":-5.083879721175,"GROSS_PROFIT_QOQ":-19.392729292938,"ROA":-1.072190344059,"HOLDER_PROFIT_QOQ":-719.362802727487,"ROE_YEARLY":-5.083879721175,"ROIC_YEARLY":-1.14738206845,"TOTAL_ASSETS":4643973000,"TOTAL_LIABILITIES":3619432000,"TAX_EBT":-44.054331754505,"OCF_SALES":-5.551758356818,"TOTAL_PARENT_EQUITY":1013823000,"DEBT_ASSET_RATIO":77.9382653603,"OPERATE_PROFIT":24897000,"PRETAX_PROFIT":-39903000,"NETCASH_OPERATE":-345129000,"NETCASH_INVEST":-160580000,"NETCASH_FINANCE":306153000,"END_CASH":211294000,"DIVI_RATIO":null,"DIVIDEND_RATE":null,"CURRENT_RATIO":1.082334692297,"COMMON_ACS":5000000000,"CURRENTDEBT_DEBT":93.297484246147,"ISSUED_COMMON_SHARES":1090001246,"HK_COMMON_SHARES":1090001246,"PER_SHARES":2000,"TOTAL_MARKET_CAP":228900261.66,"HKSK_MARKET_CAP":228900261.66,"PE_TTM":5.232994895299,"PB_TTM":0.190905875881,"REPORT_DATE_SQ":"2019-12-31 00:00:00","REPORT_TYPE_SQ":"2019年年报","OPERATE_INCOME_SQ":7395203000,"DPS_HKD":null,"OPERATE_INCOME_QOQ_SQ":0.974999849805,"NET_PROFIT_RATIO_SQ":0.6584809099,"HOLDER_PROFIT_SQ":52543000,"HOLDER_PROFIT_QOQ_SQ":-37.082540024667,"ROE_AVG_SQ":5.076216183839,"PE_TTM_SQ":-45.608473570199,"PB_TTM_SQ":0.207340483176,"ROA_SQ":1.038875018351,"START_DATE":"2020-01-01 00:00:00","FISCAL_YEAR":"12-31","CURRENCY":"HKD","IS_CNY_CODE":0,"DPS_HKD_LY":null,"ORG_TYPE":"一般企业","PREMIUM_INCOME":null,"PREMIUM_INCOME_YOY":null,"NET_INTEREST_INCOME":null,"NET_INTEREST_INCOME_YOY":null,"FEE_COMMISSION_INCOME":null,"FEE_COMMISSION_INCOME_YOY":null,"ACCOUNTS_RECE_TDAYS":2.886956275407,"INVENTORY_TDAYS":12.37554150456,"CURRENT_ASSETS_TDAYS":1.51585065707,"TOTAL_ASSETS_TDAYS":1.265179925091,"PREMIUM_EXPENSE":null,"LOAN_DEPOSIT":null,"LOAN_EQUITY":null,"LOAN_ASSETS":null,"DEPOSIT_EQUITY":null,"DEPOSIT_ASSETS":null,"EQUITY_MULTIPLIER":4.532735146766,"EQUITY_RATIO":3.570082746199},{"SECUCODE":"01399.HK","SECURITY_CODE":"01399","SECURITY_NAME_ABBR":"锐信控股","ORG_CODE":"10078048","STD_REPORT_DATE":"2020-06-30 00:00:00","REPORT_DATE":"2020-06-30 00:00:00","DATE_TYPE_CODE":"002","REPORT_TYPE":"2020年中报","PER_NETCASH_OPERATE":-0.513410422285,"PER_OI":2.662912552304,"BPS":0.943414517895,"BASIC_EPS":-0.0264,"DILUTED_EPS":-0.0264,"OPERATE_INCOME":2902578000,"OPERATE_INCOME_YOY":-12.5504572562,"GROSS_PROFIT":185743000,"GROSS_PROFIT_YOY":-21.760466379953,"HOLDER_PROFIT":-28809000,"HOLDER_PROFIT_YOY":-289.1843971631,"GROSS_PROFIT_RATIO":6.399242328716,"EPS_TTM":0.007803660804,"OPERATE_INCOME_QOQ":-5.632948818308,"NET_PROFIT_RATIO":-1.20654811,"ROE_AVG":-2.760737519112,"GROSS_PROFIT_QOQ":-9.738754057814,"ROA":-0.599756487499,"HOLDER_PROFIT_QOQ":-83.81135450964,"ROE_YEARLY":-5.521475038224,"ROIC_YEARLY":-1.270178870628,"TOTAL_ASSETS":4423699000,"TOTAL_LIABILITIES":3386273000,"TAX_EBT":6.608176218032,"OCF_SALES":-19.28003312917,"TOTAL_PARENT_EQUITY":1028323000,"DEBT_ASSET_RATIO":76.548449612,"OPERATE_PROFIT":-10153000,"PRETAX_PROFIT":-37499000,"NETCASH_OPERATE":-559618000,"NETCASH_INVEST":124975000,"NETCASH_FINANCE":132460000,"END_CASH":103378000,"DIVI_RATIO":null,"DIVIDEND_RATE":null,"CURRENT_RATIO":1.097815675323,"COMMON_ACS":5000000000,"CURRENTDEBT_DEBT":97.823093412728,"ISSUED_COMMON_SHARES":1090001246,"HK_COMMON_SHARES":1090001246,"PER_SHARES":2000,"TOTAL_MARKET_CAP":228900261.66,"HKSK_MARKET_CAP":228900261.66,"PE_TTM":5.232994895299,"PB_TTM":0.190905875881,"REPORT_DATE_SQ":"2019-06-30 00:00:00","REPORT_TYPE_SQ":"2019年中报","OPERATE_INCOME_SQ":3319146000,"DPS_HKD":null,"OPERATE_INCOME_QOQ_SQ":5.195546502064,"NET_PROFIT_RATIO_SQ":0.4205599874,"HOLDER_PROFIT_SQ":15228000,"HOLDER_PROFIT_QOQ_SQ":-10.467011171388,"ROE_AVG_SQ":1.49679321784,"PE_TTM_SQ":-45.608473570199,"PB_TTM_SQ":0.207340483176,"ROA_SQ":0.324934289786,"START_DATE":"2020-01-01 00:00:00","FISCAL_YEAR":"12-31","CURRENCY":"HKD","IS_CNY_CODE":0,"DPS_HKD_LY":null,"ORG_TYPE":"一般企业","PREMIUM_INCOME":null,"PREMIUM_INCOME_YOY":null,"NET_INTEREST_INCOME":null,"NET_INTEREST_INCOME_YOY":null,"FEE_COMMISSION_INCOME":null,"FEE_COMMISSION_INCOME_YOY":null,"ACCOUNTS_RECE_TDAYS":1.367497633739,"INVENTORY_TDAYS":4.818351995162,"CURRENT_ASSETS_TDAYS":0.709347593708,"TOTAL_ASSETS_TDAYS":0.604269494246,"PREMIUM_EXPENSE":null,"LOAN_DEPOSIT":null,"LOAN_EQUITY":null,"LOAN_ASSETS":null,"DEPOSIT_EQUITY":null,"DEPOSIT_ASSETS":null,"EQUITY_MULTIPLIER":4.264110404026,"EQUITY_RATIO":3.293005213343}],"count":41},"success":true,"message":"ok","code":0}