{"version":"8059f09667ac4937782aa95e532fed5e","result":{"pages":2,"data":[{"SECUCODE":"01407.HK","SECURITY_CODE":"01407","SECURITY_NAME_ABBR":"交运燃气","ORG_CODE":"10000293843","STD_REPORT_DATE":"2024-06-30 00:00:00","REPORT_DATE":"2024-06-30 00:00:00","DATE_TYPE_CODE":"002","REPORT_TYPE":"2024年中报","PER_NETCASH_OPERATE":0.030386363636,"PER_OI":0.440065909091,"BPS":0.643256818182,"BASIC_EPS":0.03,"DILUTED_EPS":0.03,"OPERATE_INCOME":193629000,"OPERATE_INCOME_YOY":-5.3339460934,"GROSS_PROFIT":28074000,"GROSS_PROFIT_YOY":-9.505850498018,"HOLDER_PROFIT":15248000,"HOLDER_PROFIT_YOY":-18.5600598195,"GROSS_PROFIT_RATIO":14.4988612243,"EPS_TTM":0.047870454545,"OPERATE_INCOME_QOQ":-2.703921801888,"NET_PROFIT_RATIO":8.0427002154,"ROE_AVG":5.4066704016,"GROSS_PROFIT_QOQ":-4.543143689051,"ROA":2.721727140071,"HOLDER_PROFIT_QOQ":-14.16170837069,"ROE_YEARLY":10.8133408032,"ROIC_YEARLY":8.296662263871,"TOTAL_ASSETS":571178000,"TOTAL_LIABILITIES":272061000,"TAX_EBT":26.58400905148,"OCF_SALES":6.904957418569,"TOTAL_PARENT_EQUITY":283033000,"DEBT_ASSET_RATIO":47.6315614397,"OPERATE_PROFIT":21363000,"PRETAX_PROFIT":21212000,"NETCASH_OPERATE":13370000,"NETCASH_INVEST":56019000,"NETCASH_FINANCE":28626000,"END_CASH":210786000,"DIVI_RATIO":0.62471226321,"DIVIDEND_RATE":8.148148148148,"CURRENT_RATIO":1.234839488464,"COMMON_ACS":2000000000,"CURRENTDEBT_DEBT":93.785217285829,"ISSUED_COMMON_SHARES":440000000,"HK_COMMON_SHARES":440000000,"PER_SHARES":2000,"TOTAL_MARKET_CAP":178200000,"HKSK_MARKET_CAP":178200000,"PE_TTM":7.590482125982,"PB_TTM":0.574631141952,"REPORT_DATE_SQ":"2023-06-30 00:00:00","REPORT_TYPE_SQ":"2023年中报","OPERATE_INCOME_SQ":204539000,"DPS_HKD":0.033,"OPERATE_INCOME_QOQ_SQ":-4.79821504802,"NET_PROFIT_RATIO_SQ":9.4084746674,"HOLDER_PROFIT_SQ":18723000,"HOLDER_PROFIT_QOQ_SQ":-8.678963012539,"ROE_AVG_SQ":6.816791669701,"PE_TTM_SQ":4.564201995168,"PB_TTM_SQ":0.766541025306,"ROA_SQ":3.784959018009,"START_DATE":"2024-01-01 00:00:00","FISCAL_YEAR":"12-31","CURRENCY":"HKD","IS_CNY_CODE":0,"DPS_HKD_LY":0.033,"ORG_TYPE":"一般企业","PREMIUM_INCOME":null,"PREMIUM_INCOME_YOY":null,"NET_INTEREST_INCOME":null,"NET_INTEREST_INCOME_YOY":null,"FEE_COMMISSION_INCOME":null,"FEE_COMMISSION_INCOME_YOY":null,"ACCOUNTS_RECE_TDAYS":2.098140563032,"INVENTORY_TDAYS":14.767851567727,"CURRENT_ASSETS_TDAYS":0.627118150019,"TOTAL_ASSETS_TDAYS":0.345622576341,"PREMIUM_EXPENSE":null,"LOAN_DEPOSIT":null,"LOAN_EQUITY":null,"LOAN_ASSETS":null,"DEPOSIT_EQUITY":null,"DEPOSIT_ASSETS":null,"EQUITY_MULTIPLIER":1.909547100299,"EQUITY_RATIO":0.961234202372},{"SECUCODE":"01407.HK","SECURITY_CODE":"01407","SECURITY_NAME_ABBR":"交运燃气","ORG_CODE":"10000293843","STD_REPORT_DATE":"2023-12-31 00:00:00","REPORT_DATE":"2023-12-31 00:00:00","DATE_TYPE_CODE":"001","REPORT_TYPE":"2023年年报","PER_NETCASH_OPERATE":0.110452272727,"PER_OI":0.917018181818,"BPS":0.638661363636,"BASIC_EPS":0.06,"DILUTED_EPS":0.06,"OPERATE_INCOME":403488000,"OPERATE_INCOME_YOY":-15.1500112506,"GROSS_PROFIT":64911000,"GROSS_PROFIT_YOY":-35.518447142034,"HOLDER_PROFIT":24538000,"HOLDER_PROFIT_YOY":-51.6978012244,"GROSS_PROFIT_RATIO":16.087467285272,"EPS_TTM":0.055768181818,"OPERATE_INCOME_QOQ":-10.873531633658,"NET_PROFIT_RATIO":6.2502478388,"ROE_AVG":8.840372161726,"GROSS_PROFIT_QOQ":-26.905319580199,"ROA":4.670964278678,"HOLDER_PROFIT_QOQ":-47.107259872392,"ROE_YEARLY":8.840372161726,"ROIC_YEARLY":6.823180684431,"TOTAL_ASSETS":549287000,"TOTAL_LIABILITIES":252517000,"TAX_EBT":30.193484097766,"OCF_SALES":12.04472004124,"TOTAL_PARENT_EQUITY":281011000,"DEBT_ASSET_RATIO":45.9717779594,"OPERATE_PROFIT":34295000,"PRETAX_PROFIT":36127000,"NETCASH_OPERATE":48599000,"NETCASH_INVEST":-96777000,"NETCASH_FINANCE":1042000,"END_CASH":112210000,"DIVI_RATIO":0.536242334339,"DIVIDEND_RATE":7.951807228916,"CURRENT_RATIO":1.280128500866,"COMMON_ACS":2000000000,"CURRENTDEBT_DEBT":93.563205645561,"ISSUED_COMMON_SHARES":440000000,"HK_COMMON_SHARES":440000000,"PER_SHARES":2000,"TOTAL_MARKET_CAP":182600000,"HKSK_MARKET_CAP":182600000,"PE_TTM":7.777901437734,"PB_TTM":0.58881956521,"REPORT_DATE_SQ":"2022-12-31 00:00:00","REPORT_TYPE_SQ":"2022年年报","OPERATE_INCOME_SQ":475531000,"DPS_HKD":0.033,"OPERATE_INCOME_QOQ_SQ":7.856083321615,"NET_PROFIT_RATIO_SQ":10.9300970915,"HOLDER_PROFIT_SQ":50801000,"HOLDER_PROFIT_QOQ_SQ":-24.744833716021,"ROE_AVG_SQ":27.568710129945,"PE_TTM_SQ":4.827521341043,"PB_TTM_SQ":0.810764545996,"ROA_SQ":12.396701273443,"START_DATE":"2023-01-01 00:00:00","FISCAL_YEAR":"12-31","CURRENCY":"HKD","IS_CNY_CODE":0,"DPS_HKD_LY":0.044,"ORG_TYPE":"一般企业","PREMIUM_INCOME":null,"PREMIUM_INCOME_YOY":null,"NET_INTEREST_INCOME":null,"NET_INTEREST_INCOME_YOY":null,"FEE_COMMISSION_INCOME":null,"FEE_COMMISSION_INCOME_YOY":null,"ACCOUNTS_RECE_TDAYS":4.854662599939,"INVENTORY_TDAYS":33.444658467921,"CURRENT_ASSETS_TDAYS":1.466098861968,"TOTAL_ASSETS_TDAYS":0.768065056188,"PREMIUM_EXPENSE":null,"LOAN_DEPOSIT":null,"LOAN_EQUITY":null,"LOAN_ASSETS":null,"DEPOSIT_EQUITY":null,"DEPOSIT_ASSETS":null,"EQUITY_MULTIPLIER":1.850884523367,"EQUITY_RATIO":0.898601834092},{"SECUCODE":"01407.HK","SECURITY_CODE":"01407","SECURITY_NAME_ABBR":"交运燃气","ORG_CODE":"10000293843","STD_REPORT_DATE":"2023-06-30 00:00:00","REPORT_DATE":"2023-06-30 00:00:00","DATE_TYPE_CODE":"002","REPORT_TYPE":"2023年中报","PER_NETCASH_OPERATE":0.035372727273,"PER_OI":0.464861363636,"BPS":0.625445454545,"BASIC_EPS":0.04,"DILUTED_EPS":0.04,"OPERATE_INCOME":204539000,"OPERATE_INCOME_YOY":-10.0358028818,"GROSS_PROFIT":31023000,"GROSS_PROFIT_YOY":-27.660020986359,"HOLDER_PROFIT":18723000,"HOLDER_PROFIT_YOY":-19.060176379,"GROSS_PROFIT_RATIO":15.167278611903,"EPS_TTM":0.105436363636,"OPERATE_INCOME_QOQ":-4.79821504802,"NET_PROFIT_RATIO":9.4084746674,"ROE_AVG":6.816791669701,"GROSS_PROFIT_QOQ":-11.783521745177,"ROA":3.784959018009,"HOLDER_PROFIT_QOQ":-8.678963012539,"ROE_YEARLY":13.633583339401,"ROIC_YEARLY":11.918379818388,"TOTAL_ASSETS":487963000,"TOTAL_LIABILITIES":197168000,"TAX_EBT":27.383872306705,"OCF_SALES":7.60930678257,"TOTAL_PARENT_EQUITY":275196000,"DEBT_ASSET_RATIO":40.4063422841,"OPERATE_PROFIT":25929000,"PRETAX_PROFIT":26501000,"NETCASH_OPERATE":15564000,"NETCASH_INVEST":-13219000,"NETCASH_FINANCE":-20784000,"END_CASH":142263000,"DIVI_RATIO":0.283633264356,"DIVIDEND_RATE":7.951807228916,"CURRENT_RATIO":1.318054889572,"COMMON_ACS":2000000000,"CURRENTDEBT_DEBT":89.905562768806,"ISSUED_COMMON_SHARES":440000000,"HK_COMMON_SHARES":440000000,"PER_SHARES":2000,"TOTAL_MARKET_CAP":182600000,"HKSK_MARKET_CAP":182600000,"PE_TTM":7.777901437734,"PB_TTM":0.58881956521,"REPORT_DATE_SQ":"2022-06-30 00:00:00","REPORT_TYPE_SQ":"2022年中报","OPERATE_INCOME_SQ":227356000,"DPS_HKD":0.033,"OPERATE_INCOME_QOQ_SQ":0,"NET_PROFIT_RATIO_SQ":10.5451362621,"HOLDER_PROFIT_SQ":23132000,"HOLDER_PROFIT_QOQ_SQ":0,"ROE_AVG_SQ":null,"PE_TTM_SQ":4.827521341043,"PB_TTM_SQ":0.810764545996,"ROA_SQ":null,"START_DATE":"2023-01-01 00:00:00","FISCAL_YEAR":"12-31","CURRENCY":"HKD","IS_CNY_CODE":0,"DPS_HKD_LY":0.044,"ORG_TYPE":"一般企业","PREMIUM_INCOME":null,"PREMIUM_INCOME_YOY":null,"NET_INTEREST_INCOME":null,"NET_INTEREST_INCOME_YOY":null,"FEE_COMMISSION_INCOME":null,"FEE_COMMISSION_INCOME_YOY":null,"ACCOUNTS_RECE_TDAYS":5.049348276884,"INVENTORY_TDAYS":20.101482854495,"CURRENT_ASSETS_TDAYS":0.849375651444,"TOTAL_ASSETS_TDAYS":0.413487012009,"PREMIUM_EXPENSE":null,"LOAN_DEPOSIT":null,"LOAN_EQUITY":null,"LOAN_ASSETS":null,"DEPOSIT_EQUITY":null,"DEPOSIT_ASSETS":null,"EQUITY_MULTIPLIER":1.678030915248,"EQUITY_RATIO":0.716463902092},{"SECUCODE":"01407.HK","SECURITY_CODE":"01407","SECURITY_NAME_ABBR":"交运燃气","ORG_CODE":"10000293843","STD_REPORT_DATE":"2022-12-31 00:00:00","REPORT_DATE":"2022-12-31 00:00:00","DATE_TYPE_CODE":"001","REPORT_TYPE":"2022年年报","PER_NETCASH_OPERATE":0.126145454545,"PER_OI":1.080752272727,"BPS":0.623009090909,"BASIC_EPS":0.15,"DILUTED_EPS":0.15,"OPERATE_INCOME":475531000,"OPERATE_INCOME_YOY":7.8560833216,"GROSS_PROFIT":100666000,"GROSS_PROFIT_YOY":3.547733421109,"HOLDER_PROFIT":50801000,"HOLDER_PROFIT_YOY":-24.744833716,"GROSS_PROFIT_RATIO":21.169177193495,"EPS_TTM":0.115456818182,"OPERATE_INCOME_QOQ":7.856083321615,"NET_PROFIT_RATIO":10.9300970915,"ROE_AVG":27.568710129945,"GROSS_PROFIT_QOQ":3.547733421109,"ROA":12.396701273443,"HOLDER_PROFIT_QOQ":-24.744833716021,"ROE_YEARLY":27.568710129945,"ROIC_YEARLY":17.538299543426,"TOTAL_ASSETS":501374000,"TOTAL_LIABILITIES":212172000,"TAX_EBT":27.691601396753,"OCF_SALES":11.672004559114,"TOTAL_PARENT_EQUITY":274124000,"DEBT_ASSET_RATIO":42.3181098342,"OPERATE_PROFIT":72714000,"PRETAX_PROFIT":71881000,"NETCASH_OPERATE":55504000,"NETCASH_INVEST":-29806000,"NETCASH_FINANCE":97724000,"END_CASH":157687000,"DIVI_RATIO":0.259016838251,"DIVIDEND_RATE":7.951807228916,"CURRENT_RATIO":1.281634235212,"COMMON_ACS":2000000000,"CURRENTDEBT_DEBT":91.192523047339,"ISSUED_COMMON_SHARES":440000000,"HK_COMMON_SHARES":440000000,"PER_SHARES":2000,"TOTAL_MARKET_CAP":182600000,"HKSK_MARKET_CAP":182600000,"PE_TTM":7.777901437734,"PB_TTM":0.58881956521,"REPORT_DATE_SQ":"2021-12-31 00:00:00","REPORT_TYPE_SQ":"2021年年报","OPERATE_INCOME_SQ":440894000,"DPS_HKD":0.033,"OPERATE_INCOME_QOQ_SQ":8.515466556402,"NET_PROFIT_RATIO_SQ":15.5080359451,"HOLDER_PROFIT_SQ":67505000,"HOLDER_PROFIT_QOQ_SQ":-3.231124299374,"ROE_AVG_SQ":59.771733163329,"PE_TTM_SQ":4.827521341043,"PB_TTM_SQ":0.810764545996,"ROA_SQ":15.386842147251,"START_DATE":"2022-01-01 00:00:00","FISCAL_YEAR":"12-31","CURRENCY":"HKD","IS_CNY_CODE":0,"DPS_HKD_LY":null,"ORG_TYPE":"一般企业","PREMIUM_INCOME":null,"PREMIUM_INCOME_YOY":null,"NET_INTEREST_INCOME":null,"NET_INTEREST_INCOME_YOY":null,"FEE_COMMISSION_INCOME":null,"FEE_COMMISSION_INCOME_YOY":null,"ACCOUNTS_RECE_TDAYS":17.462534197529,"INVENTORY_TDAYS":39.174939910126,"CURRENT_ASSETS_TDAYS":2.801550620513,"TOTAL_ASSETS_TDAYS":1.16041332912,"PREMIUM_EXPENSE":null,"LOAN_DEPOSIT":null,"LOAN_EQUITY":null,"LOAN_ASSETS":null,"DEPOSIT_EQUITY":null,"DEPOSIT_ASSETS":null,"EQUITY_MULTIPLIER":1.733646378656,"EQUITY_RATIO":0.774000087552},{"SECUCODE":"01407.HK","SECURITY_CODE":"01407","SECURITY_NAME_ABBR":"交运燃气","ORG_CODE":"10000293843","STD_REPORT_DATE":"2022-06-30 00:00:00","REPORT_DATE":"2022-06-30 00:00:00","DATE_TYPE_CODE":"002","REPORT_TYPE":"2022年中报","PER_NETCASH_OPERATE":null,"PER_OI":null,"BPS":null,"BASIC_EPS":0.07,"DILUTED_EPS":0.07,"OPERATE_INCOME":227356000,"OPERATE_INCOME_YOY":null,"GROSS_PROFIT":42885000,"GROSS_PROFIT_YOY":null,"HOLDER_PROFIT":23132000,"HOLDER_PROFIT_YOY":null,"GROSS_PROFIT_RATIO":18.86248878411,"EPS_TTM":null,"OPERATE_INCOME_QOQ":0,"NET_PROFIT_RATIO":10.5451362621,"ROE_AVG":null,"GROSS_PROFIT_QOQ":0,"ROA":null,"HOLDER_PROFIT_QOQ":0,"ROE_YEARLY":null,"ROIC_YEARLY":null,"TOTAL_ASSETS":null,"TOTAL_LIABILITIES":null,"TAX_EBT":28.582067322014,"OCF_SALES":6.408012104365,"TOTAL_PARENT_EQUITY":null,"DEBT_ASSET_RATIO":null,"OPERATE_PROFIT":34208000,"PRETAX_PROFIT":33570000,"NETCASH_OPERATE":14569000,"NETCASH_INVEST":-4985000,"NETCASH_FINANCE":-22155000,"END_CASH":24799000,"DIVI_RATIO":null,"DIVIDEND_RATE":7.951807228916,"CURRENT_RATIO":null,"COMMON_ACS":2000000000,"CURRENTDEBT_DEBT":null,"ISSUED_COMMON_SHARES":440000000,"HK_COMMON_SHARES":440000000,"PER_SHARES":2000,"TOTAL_MARKET_CAP":182600000,"HKSK_MARKET_CAP":182600000,"PE_TTM":7.777901437734,"PB_TTM":0.58881956521,"REPORT_DATE_SQ":"2021-06-30 00:00:00","REPORT_TYPE_SQ":"2021年中报","OPERATE_INCOME_SQ":null,"DPS_HKD":0.033,"OPERATE_INCOME_QOQ_SQ":0,"NET_PROFIT_RATIO_SQ":null,"HOLDER_PROFIT_SQ":null,"HOLDER_PROFIT_QOQ_SQ":0,"ROE_AVG_SQ":null,"PE_TTM_SQ":4.827521341043,"PB_TTM_SQ":0.810764545996,"ROA_SQ":null,"START_DATE":"2022-01-01 00:00:00","FISCAL_YEAR":"12-31","CURRENCY":"HKD","IS_CNY_CODE":0,"DPS_HKD_LY":null,"ORG_TYPE":"一般企业","PREMIUM_INCOME":null,"PREMIUM_INCOME_YOY":null,"NET_INTEREST_INCOME":null,"NET_INTEREST_INCOME_YOY":null,"FEE_COMMISSION_INCOME":null,"FEE_COMMISSION_INCOME_YOY":null,"ACCOUNTS_RECE_TDAYS":null,"INVENTORY_TDAYS":null,"CURRENT_ASSETS_TDAYS":4.969530054645,"TOTAL_ASSETS_TDAYS":1.428945838505,"PREMIUM_EXPENSE":null,"LOAN_DEPOSIT":null,"LOAN_EQUITY":null,"LOAN_ASSETS":null,"DEPOSIT_EQUITY":null,"DEPOSIT_ASSETS":null,"EQUITY_MULTIPLIER":null,"EQUITY_RATIO":null},{"SECUCODE":"01407.HK","SECURITY_CODE":"01407","SECURITY_NAME_ABBR":"交运燃气","ORG_CODE":"10000293843","STD_REPORT_DATE":"2021-12-31 00:00:00","REPORT_DATE":"2021-12-31 00:00:00","DATE_TYPE_CODE":"001","REPORT_TYPE":"2021年年报","PER_NETCASH_OPERATE":null,"PER_OI":null,"BPS":0.214584090909,"BASIC_EPS":0.2,"DILUTED_EPS":0.2,"OPERATE_INCOME":440894000,"OPERATE_INCOME_YOY":26.7144331112,"GROSS_PROFIT":97217000,"GROSS_PROFIT_YOY":-0.830349583295,"HOLDER_PROFIT":67505000,"HOLDER_PROFIT_YOY":34.7916375472,"GROSS_PROFIT_RATIO":22.04997119489,"EPS_TTM":null,"OPERATE_INCOME_QOQ":8.515466556402,"NET_PROFIT_RATIO":15.5080359451,"ROE_AVG":59.771733163329,"GROSS_PROFIT_QOQ":-4.194219151893,"ROA":15.386842147251,"HOLDER_PROFIT_QOQ":-3.231124299374,"ROE_YEARLY":59.771733163329,"ROIC_YEARLY":17.493961790834,"TOTAL_ASSETS":318215000,"TOTAL_LIABILITIES":208995000,"TAX_EBT":25.28084976177,"OCF_SALES":9.049113845958,"TOTAL_PARENT_EQUITY":94417000,"DEBT_ASSET_RATIO":65.6772936537,"OPERATE_PROFIT":95115000,"PRETAX_PROFIT":91508000,"NETCASH_OPERATE":39897000,"NETCASH_INVEST":186268000,"NETCASH_FINANCE":-228374000,"END_CASH":37370000,"DIVI_RATIO":null,"DIVIDEND_RATE":7.951807228916,"CURRENT_RATIO":0.475895750225,"COMMON_ACS":2000000000,"CURRENTDEBT_DEBT":91.996937725783,"ISSUED_COMMON_SHARES":440000000,"HK_COMMON_SHARES":440000000,"PER_SHARES":2000,"TOTAL_MARKET_CAP":182600000,"HKSK_MARKET_CAP":182600000,"PE_TTM":7.777901437734,"PB_TTM":0.58881956521,"REPORT_DATE_SQ":"2020-12-31 00:00:00","REPORT_TYPE_SQ":"2020年年报","OPERATE_INCOME_SQ":347943000,"DPS_HKD":0.033,"OPERATE_INCOME_QOQ_SQ":-1.775112850089,"NET_PROFIT_RATIO_SQ":14.6638960979,"HOLDER_PROFIT_SQ":50081000,"HOLDER_PROFIT_QOQ_SQ":42.18266473611,"ROE_AVG_SQ":61.858178629217,"PE_TTM_SQ":4.827521341043,"PB_TTM_SQ":0.810764545996,"ROA_SQ":6.752536869895,"START_DATE":"2021-01-01 00:00:00","FISCAL_YEAR":"12-31","CURRENCY":"HKD","IS_CNY_CODE":0,"DPS_HKD_LY":null,"ORG_TYPE":"一般企业","PREMIUM_INCOME":null,"PREMIUM_INCOME_YOY":null,"NET_INTEREST_INCOME":null,"NET_INTEREST_INCOME_YOY":null,"FEE_COMMISSION_INCOME":null,"FEE_COMMISSION_INCOME_YOY":null,"ACCOUNTS_RECE_TDAYS":3.758558957921,"INVENTORY_TDAYS":28.319970334968,"CURRENT_ASSETS_TDAYS":1.92832009937,"TOTAL_ASSETS_TDAYS":1.004957615239,"PREMIUM_EXPENSE":null,"LOAN_DEPOSIT":null,"LOAN_EQUITY":null,"LOAN_ASSETS":null,"DEPOSIT_EQUITY":null,"DEPOSIT_ASSETS":null,"EQUITY_MULTIPLIER":2.913523164259,"EQUITY_RATIO":2.213531461495},{"SECUCODE":"01407.HK","SECURITY_CODE":"01407","SECURITY_NAME_ABBR":"交运燃气","ORG_CODE":"10000293843","STD_REPORT_DATE":"2021-09-30 00:00:00","REPORT_DATE":"2021-09-30 00:00:00","DATE_TYPE_CODE":"004","REPORT_TYPE":"2021年三季报","PER_NETCASH_OPERATE":null,"PER_OI":null,"BPS":0.171529545455,"BASIC_EPS":48560,"DILUTED_EPS":48560,"OPERATE_INCOME":285466000,"OPERATE_INCOME_YOY":25.6933773056,"GROSS_PROFIT":65113000,"GROSS_PROFIT_YOY":5.581229427121,"HOLDER_PROFIT":48561000,"HOLDER_PROFIT_YOY":68.1300418932,"GROSS_PROFIT_RATIO":22.809371343698,"EPS_TTM":null,"OPERATE_INCOME_QOQ":16.77085039791,"NET_PROFIT_RATIO":17.21711167,"ROE_AVG":46.934258597027,"GROSS_PROFIT_QOQ":3.511134233049,"ROA":11.795797954968,"HOLDER_PROFIT_QOQ":39.292346398834,"ROE_YEARLY":62.579011462703,"ROIC_YEARLY":13.381243223061,"TOTAL_ASSETS":264138000,"TOTAL_LIABILITIES":174143000,"TAX_EBT":25.271400334499,"OCF_SALES":9.122977867767,"TOTAL_PARENT_EQUITY":75473000,"DEBT_ASSET_RATIO":65.9287947967,"OPERATE_PROFIT":null,"PRETAX_PROFIT":65770000,"NETCASH_OPERATE":26043000,"NETCASH_INVEST":190806000,"NETCASH_FINANCE":-226909000,"END_CASH":29519000,"DIVI_RATIO":null,"DIVIDEND_RATE":7.951807228916,"CURRENT_RATIO":0.369772279396,"COMMON_ACS":2000000000,"CURRENTDEBT_DEBT":94.41206364884,"ISSUED_COMMON_SHARES":440000000,"HK_COMMON_SHARES":440000000,"PER_SHARES":2000,"TOTAL_MARKET_CAP":182600000,"HKSK_MARKET_CAP":182600000,"PE_TTM":7.777901437734,"PB_TTM":0.58881956521,"REPORT_DATE_SQ":"2020-09-30 00:00:00","REPORT_TYPE_SQ":"2020年三季报","OPERATE_INCOME_SQ":227113000,"DPS_HKD":0.033,"OPERATE_INCOME_QOQ_SQ":0,"NET_PROFIT_RATIO_SQ":13.0415255842,"HOLDER_PROFIT_SQ":28883000,"HOLDER_PROFIT_QOQ_SQ":0,"ROE_AVG_SQ":null,"PE_TTM_SQ":4.827521341043,"PB_TTM_SQ":0.810764545996,"ROA_SQ":null,"START_DATE":"2021-01-01 00:00:00","FISCAL_YEAR":"12-31","CURRENCY":"HKD","IS_CNY_CODE":0,"DPS_HKD_LY":null,"ORG_TYPE":"一般企业","PREMIUM_INCOME":null,"PREMIUM_INCOME_YOY":null,"NET_INTEREST_INCOME":null,"NET_INTEREST_INCOME_YOY":null,"FEE_COMMISSION_INCOME":null,"FEE_COMMISSION_INCOME_YOY":null,"ACCOUNTS_RECE_TDAYS":2.561037096847,"INVENTORY_TDAYS":15.960091261362,"CURRENT_ASSETS_TDAYS":1.338400011252,"TOTAL_ASSETS_TDAYS":0.693416375077,"PREMIUM_EXPENSE":null,"LOAN_DEPOSIT":null,"LOAN_EQUITY":null,"LOAN_ASSETS":null,"DEPOSIT_EQUITY":null,"DEPOSIT_ASSETS":null,"EQUITY_MULTIPLIER":2.935029723877,"EQUITY_RATIO":2.307354948127},{"SECUCODE":"01407.HK","SECURITY_CODE":"01407","SECURITY_NAME_ABBR":"交运燃气","ORG_CODE":"10000293843","STD_REPORT_DATE":"2020-12-31 00:00:00","REPORT_DATE":"2020-12-31 00:00:00","DATE_TYPE_CODE":"001","REPORT_TYPE":"2020年年报","PER_NETCASH_OPERATE":null,"PER_OI":null,"BPS":0.298770454545,"BASIC_EPS":50080,"DILUTED_EPS":50080,"OPERATE_INCOME":347943000,"OPERATE_INCOME_YOY":-1.7751128501,"GROSS_PROFIT":98031000,"GROSS_PROFIT_YOY":18.486511313092,"HOLDER_PROFIT":50081000,"HOLDER_PROFIT_YOY":42.1826647361,"GROSS_PROFIT_RATIO":28.17444236556,"EPS_TTM":null,"OPERATE_INCOME_QOQ":-1.775112850089,"NET_PROFIT_RATIO":14.6638960979,"ROE_AVG":61.858178629217,"GROSS_PROFIT_QOQ":18.486511313092,"ROA":6.752536869895,"HOLDER_PROFIT_QOQ":42.18266473611,"ROE_YEARLY":61.858178629217,"ROIC_YEARLY":7.210895030154,"TOTAL_ASSETS":559223000,"TOTAL_LIABILITIES":413830000,"TAX_EBT":25.472896977841,"OCF_SALES":39.220217104526,"TOTAL_PARENT_EQUITY":131459000,"DEBT_ASSET_RATIO":74.0008905213,"OPERATE_PROFIT":81599000,"PRETAX_PROFIT":68461000,"NETCASH_OPERATE":136464000,"NETCASH_INVEST":320231000,"NETCASH_FINANCE":-443397000,"END_CASH":39579000,"DIVI_RATIO":null,"DIVIDEND_RATE":7.951807228916,"CURRENT_RATIO":0.902448170965,"COMMON_ACS":2000000000,"CURRENTDEBT_DEBT":97.944324964357,"ISSUED_COMMON_SHARES":440000000,"HK_COMMON_SHARES":440000000,"PER_SHARES":2000,"TOTAL_MARKET_CAP":182600000,"HKSK_MARKET_CAP":182600000,"PE_TTM":7.777901437734,"PB_TTM":0.58881956521,"REPORT_DATE_SQ":"2019-12-31 00:00:00","REPORT_TYPE_SQ":"2019年年报","OPERATE_INCOME_SQ":354231000,"DPS_HKD":0.033,"OPERATE_INCOME_QOQ_SQ":null,"NET_PROFIT_RATIO_SQ":10.4525013339,"HOLDER_PROFIT_SQ":35223000,"HOLDER_PROFIT_QOQ_SQ":null,"ROE_AVG_SQ":115.62551291731,"PE_TTM_SQ":4.827521341043,"PB_TTM_SQ":0.810764545996,"ROA_SQ":3.811596351481,"START_DATE":"2020-01-01 00:00:00","FISCAL_YEAR":"12-31","CURRENCY":"HKD","IS_CNY_CODE":0,"DPS_HKD_LY":null,"ORG_TYPE":"一般企业","PREMIUM_INCOME":null,"PREMIUM_INCOME_YOY":null,"NET_INTEREST_INCOME":null,"NET_INTEREST_INCOME_YOY":null,"FEE_COMMISSION_INCOME":null,"FEE_COMMISSION_INCOME_YOY":null,"ACCOUNTS_RECE_TDAYS":0.999676775687,"INVENTORY_TDAYS":19.848463187991,"CURRENT_ASSETS_TDAYS":0.632365516257,"TOTAL_ASSETS_TDAYS":0.469139581103,"PREMIUM_EXPENSE":null,"LOAN_DEPOSIT":null,"LOAN_EQUITY":null,"LOAN_ASSETS":null,"DEPOSIT_EQUITY":null,"DEPOSIT_ASSETS":null,"EQUITY_MULTIPLIER":3.846285584586,"EQUITY_RATIO":3.147977696468},{"SECUCODE":"01407.HK","SECURITY_CODE":"01407","SECURITY_NAME_ABBR":"交运燃气","ORG_CODE":"10000293843","STD_REPORT_DATE":"2020-09-30 00:00:00","REPORT_DATE":"2020-09-30 00:00:00","DATE_TYPE_CODE":"004","REPORT_TYPE":"2020年三季报","PER_NETCASH_OPERATE":null,"PER_OI":null,"BPS":null,"BASIC_EPS":50080,"DILUTED_EPS":50080,"OPERATE_INCOME":227113000,"OPERATE_INCOME_YOY":null,"GROSS_PROFIT":61671000,"GROSS_PROFIT_YOY":null,"HOLDER_PROFIT":28883000,"HOLDER_PROFIT_YOY":null,"GROSS_PROFIT_RATIO":27.154324058949,"EPS_TTM":null,"OPERATE_INCOME_QOQ":0,"NET_PROFIT_RATIO":13.0415255842,"ROE_AVG":null,"GROSS_PROFIT_QOQ":0,"ROA":null,"HOLDER_PROFIT_QOQ":0,"ROE_YEARLY":null,"ROIC_YEARLY":null,"TOTAL_ASSETS":null,"TOTAL_LIABILITIES":null,"TAX_EBT":25.619647924462,"OCF_SALES":46.893396679186,"TOTAL_PARENT_EQUITY":null,"DEBT_ASSET_RATIO":null,"OPERATE_PROFIT":null,"PRETAX_PROFIT":39821000,"NETCASH_OPERATE":106501000,"NETCASH_INVEST":268470000,"NETCASH_FINANCE":-325142000,"END_CASH":76110000,"DIVI_RATIO":null,"DIVIDEND_RATE":7.951807228916,"CURRENT_RATIO":null,"COMMON_ACS":2000000000,"CURRENTDEBT_DEBT":null,"ISSUED_COMMON_SHARES":440000000,"HK_COMMON_SHARES":440000000,"PER_SHARES":2000,"TOTAL_MARKET_CAP":182600000,"HKSK_MARKET_CAP":182600000,"PE_TTM":7.777901437734,"PB_TTM":0.58881956521,"REPORT_DATE_SQ":"2019-09-30 00:00:00","REPORT_TYPE_SQ":"2019年三季报","OPERATE_INCOME_SQ":null,"DPS_HKD":0.033,"OPERATE_INCOME_QOQ_SQ":null,"NET_PROFIT_RATIO_SQ":null,"HOLDER_PROFIT_SQ":null,"HOLDER_PROFIT_QOQ_SQ":null,"ROE_AVG_SQ":null,"PE_TTM_SQ":4.827521341043,"PB_TTM_SQ":0.810764545996,"ROA_SQ":null,"START_DATE":"2020-01-01 00:00:00","FISCAL_YEAR":"12-31","CURRENCY":"HKD","IS_CNY_CODE":0,"DPS_HKD_LY":null,"ORG_TYPE":"一般企业","PREMIUM_INCOME":null,"PREMIUM_INCOME_YOY":null,"NET_INTEREST_INCOME":null,"NET_INTEREST_INCOME_YOY":null,"FEE_COMMISSION_INCOME":null,"FEE_COMMISSION_INCOME_YOY":null,"ACCOUNTS_RECE_TDAYS":null,"INVENTORY_TDAYS":null,"CURRENT_ASSETS_TDAYS":0.618275515677,"TOTAL_ASSETS_TDAYS":0.491532851929,"PREMIUM_EXPENSE":null,"LOAN_DEPOSIT":null,"LOAN_EQUITY":null,"LOAN_ASSETS":null,"DEPOSIT_EQUITY":null,"DEPOSIT_ASSETS":null,"EQUITY_MULTIPLIER":null,"EQUITY_RATIO":null}],"count":10},"success":true,"message":"ok","code":0}