{"version":"2ca2d675885b43828a6706cde7e62373","result":{"pages":2,"data":[{"SECUCODE":"01401.HK","SECURITY_CODE":"01401","SECURITY_NAME_ABBR":"SPROCOMM INTEL","ORG_CODE":"10000013899","STD_REPORT_DATE":"2024-06-30 00:00:00","REPORT_DATE":"2024-06-30 00:00:00","DATE_TYPE_CODE":"002","REPORT_TYPE":"2024年中报","PER_NETCASH_OPERATE":-0.608012,"PER_OI":1.256912,"BPS":0.362023,"BASIC_EPS":0.0099,"DILUTED_EPS":0.0099,"OPERATE_INCOME":1256912000,"OPERATE_INCOME_YOY":55.7615999088,"GROSS_PROFIT":109926000,"GROSS_PROFIT_YOY":5.188318150501,"HOLDER_PROFIT":9856000,"HOLDER_PROFIT_YOY":3.6273788245,"GROSS_PROFIT_RATIO":8.745719668521,"EPS_TTM":0.032714,"OPERATE_INCOME_QOQ":15.939730513181,"NET_PROFIT_RATIO":0.7337029164,"ROE_AVG":2.760366779255,"GROSS_PROFIT_QOQ":1.809818817843,"ROA":0.291462335975,"HOLDER_PROFIT_QOQ":1.065834594828,"ROE_YEARLY":5.520733558509,"ROIC_YEARLY":0.591254608866,"TOTAL_ASSETS":2940984000,"TOTAL_LIABILITIES":2580471000,"TAX_EBT":30.030349013657,"OCF_SALES":-48.37347403796,"TOTAL_PARENT_EQUITY":362023000,"DEBT_ASSET_RATIO":87.7417558205,"OPERATE_PROFIT":33980000,"PRETAX_PROFIT":13180000,"NETCASH_OPERATE":-608012000,"NETCASH_INVEST":606758000,"NETCASH_FINANCE":-37127000,"END_CASH":29713000,"DIVI_RATIO":null,"DIVIDEND_RATE":null,"CURRENT_RATIO":1.112824086748,"COMMON_ACS":10000000000,"CURRENTDEBT_DEBT":97.532698487989,"ISSUED_COMMON_SHARES":1000000000,"HK_COMMON_SHARES":1000000000,"PER_SHARES":2000,"TOTAL_MARKET_CAP":1440000000,"HKSK_MARKET_CAP":1440000000,"PE_TTM":39.777002011383,"PB_TTM":3.630319620577,"REPORT_DATE_SQ":"2023-06-30 00:00:00","REPORT_TYPE_SQ":"2023年中报","OPERATE_INCOME_SQ":806946000,"DPS_HKD":null,"OPERATE_INCOME_QOQ_SQ":-7.055820659042,"NET_PROFIT_RATIO_SQ":1.0793782979,"HOLDER_PROFIT_SQ":9511000,"HOLDER_PROFIT_QOQ_SQ":25.299723332309,"ROE_AVG_SQ":2.930726873265,"PE_TTM_SQ":202.322965385784,"PB_TTM_SQ":4.766464334371,"ROA_SQ":0.666493111702,"START_DATE":"2024-01-01 00:00:00","FISCAL_YEAR":"12-31","CURRENCY":"HKD","IS_CNY_CODE":0,"DPS_HKD_LY":null,"ORG_TYPE":"一般企业","PREMIUM_INCOME":null,"PREMIUM_INCOME_YOY":null,"NET_INTEREST_INCOME":null,"NET_INTEREST_INCOME_YOY":null,"FEE_COMMISSION_INCOME":null,"FEE_COMMISSION_INCOME_YOY":null,"ACCOUNTS_RECE_TDAYS":1.936445626285,"INVENTORY_TDAYS":3.116805547819,"CURRENT_ASSETS_TDAYS":0.386029602589,"TOTAL_ASSETS_TDAYS":0.371694914402,"PREMIUM_EXPENSE":null,"LOAN_DEPOSIT":null,"LOAN_EQUITY":null,"LOAN_ASSETS":null,"DEPOSIT_EQUITY":null,"DEPOSIT_ASSETS":null,"EQUITY_MULTIPLIER":8.157775170382,"EQUITY_RATIO":7.127920049279},{"SECUCODE":"01401.HK","SECURITY_CODE":"01401","SECURITY_NAME_ABBR":"SPROCOMM INTEL","ORG_CODE":"10000013899","STD_REPORT_DATE":"2023-12-31 00:00:00","REPORT_DATE":"2023-12-31 00:00:00","DATE_TYPE_CODE":"001","REPORT_TYPE":"2023年年报","PER_NETCASH_OPERATE":1.573092,"PER_OI":2.822921,"BPS":0.352085,"BASIC_EPS":0.0324,"DILUTED_EPS":0.0324,"OPERATE_INCOME":2822921000,"OPERATE_INCOME_YOY":94.63360216,"GROSS_PROFIT":299588000,"GROSS_PROFIT_YOY":47.123704758631,"HOLDER_PROFIT":32369000,"HOLDER_PROFIT_YOY":397.525361205,"GROSS_PROFIT_RATIO":10.61269514804,"EPS_TTM":0.032369,"OPERATE_INCOME_QOQ":109.40913518209,"NET_PROFIT_RATIO":1.0987200846,"ROE_AVG":9.629231883648,"GROSS_PROFIT_QOQ":54.216148045196,"ROA":1.225369065346,"HOLDER_PROFIT_QOQ":297.068204121688,"ROE_YEARLY":9.629231883648,"ROIC_YEARLY":1.250023894846,"TOTAL_ASSETS":3822154000,"TOTAL_LIABILITIES":3470940000,"TAX_EBT":22.357123188224,"OCF_SALES":55.725682723675,"TOTAL_PARENT_EQUITY":352085000,"DEBT_ASSET_RATIO":90.8110976167,"OPERATE_PROFIT":75763000,"PRETAX_PROFIT":39947000,"NETCASH_OPERATE":1573092000,"NETCASH_INVEST":-1587419000,"NETCASH_FINANCE":47685000,"END_CASH":67951000,"DIVI_RATIO":null,"DIVIDEND_RATE":null,"CURRENT_RATIO":1.079331421819,"COMMON_ACS":10000000000,"CURRENTDEBT_DEBT":99.064259249656,"ISSUED_COMMON_SHARES":1000000000,"HK_COMMON_SHARES":1000000000,"PER_SHARES":2000,"TOTAL_MARKET_CAP":1370000000,"HKSK_MARKET_CAP":1370000000,"PE_TTM":37.843397746941,"PB_TTM":3.453845750132,"REPORT_DATE_SQ":"2022-12-31 00:00:00","REPORT_TYPE_SQ":"2022年年报","OPERATE_INCOME_SQ":1450377000,"DPS_HKD":null,"OPERATE_INCOME_QOQ_SQ":-27.395803767329,"NET_PROFIT_RATIO_SQ":0.4385756255,"HOLDER_PROFIT_SQ":6506000,"HOLDER_PROFIT_QOQ_SQ":-72.928889443682,"ROE_AVG_SQ":2.045442398443,"PE_TTM_SQ":334.427960431796,"PB_TTM_SQ":7.878685164461,"ROA_SQ":0.507549664741,"START_DATE":"2023-01-01 00:00:00","FISCAL_YEAR":"12-31","CURRENCY":"HKD","IS_CNY_CODE":0,"DPS_HKD_LY":null,"ORG_TYPE":"一般企业","PREMIUM_INCOME":null,"PREMIUM_INCOME_YOY":null,"NET_INTEREST_INCOME":null,"NET_INTEREST_INCOME_YOY":null,"FEE_COMMISSION_INCOME":null,"FEE_COMMISSION_INCOME_YOY":null,"ACCOUNTS_RECE_TDAYS":5.642828729458,"INVENTORY_TDAYS":8.931235377607,"CURRENT_ASSETS_TDAYS":1.120923336307,"TOTAL_ASSETS_TDAYS":1.068652126206,"PREMIUM_EXPENSE":null,"LOAN_DEPOSIT":null,"LOAN_EQUITY":null,"LOAN_ASSETS":null,"DEPOSIT_EQUITY":null,"DEPOSIT_ASSETS":null,"EQUITY_MULTIPLIER":10.882692603389,"EQUITY_RATIO":9.858244458014},{"SECUCODE":"01401.HK","SECURITY_CODE":"01401","SECURITY_NAME_ABBR":"SPROCOMM INTEL","ORG_CODE":"10000013899","STD_REPORT_DATE":"2023-06-30 00:00:00","REPORT_DATE":"2023-06-30 00:00:00","DATE_TYPE_CODE":"002","REPORT_TYPE":"2023年中报","PER_NETCASH_OPERATE":-0.484845,"PER_OI":0.806946,"BPS":0.328832,"BASIC_EPS":0.0095,"DILUTED_EPS":0.0095,"OPERATE_INCOME":806946000,"OPERATE_INCOME_YOY":-11.2545942843,"GROSS_PROFIT":104504000,"GROSS_PROFIT_YOY":-8.224363083895,"HOLDER_PROFIT":9511000,"HOLDER_PROFIT_YOY":20.9281627463,"GROSS_PROFIT_RATIO":12.950556790665,"EPS_TTM":0.008152,"OPERATE_INCOME_QOQ":-7.055820659042,"NET_PROFIT_RATIO":1.0793782979,"ROE_AVG":2.930726873265,"GROSS_PROFIT_QOQ":-4.599027648185,"ROA":0.666493111702,"HOLDER_PROFIT_QOQ":25.299723332309,"ROE_YEARLY":5.86145374653,"ROIC_YEARLY":1.380595241076,"TOTAL_ASSETS":1393054000,"TOTAL_LIABILITIES":1064520000,"TAX_EBT":43.555181128896,"OCF_SALES":-60.08394613766,"TOTAL_PARENT_EQUITY":328832000,"DEBT_ASSET_RATIO":76.416276756,"OPERATE_PROFIT":23029000,"PRETAX_PROFIT":15431000,"NETCASH_OPERATE":-484845000,"NETCASH_INVEST":450991000,"NETCASH_FINANCE":58076000,"END_CASH":61596000,"DIVI_RATIO":null,"DIVIDEND_RATE":null,"CURRENT_RATIO":1.218871157532,"COMMON_ACS":10000000000,"CURRENTDEBT_DEBT":97.475575846391,"ISSUED_COMMON_SHARES":1000000000,"HK_COMMON_SHARES":1000000000,"PER_SHARES":2000,"TOTAL_MARKET_CAP":1370000000,"HKSK_MARKET_CAP":1370000000,"PE_TTM":37.843397746941,"PB_TTM":3.453845750132,"REPORT_DATE_SQ":"2022-06-30 00:00:00","REPORT_TYPE_SQ":"2022年中报","OPERATE_INCOME_SQ":909282000,"DPS_HKD":null,"OPERATE_INCOME_QOQ_SQ":-0.122743617332,"NET_PROFIT_RATIO_SQ":0.8558401024,"HOLDER_PROFIT_SQ":7865000,"HOLDER_PROFIT_QOQ_SQ":235.366677931734,"ROE_AVG_SQ":2.463818056513,"PE_TTM_SQ":334.427960431796,"PB_TTM_SQ":7.878685164461,"ROA_SQ":0.609744515885,"START_DATE":"2023-01-01 00:00:00","FISCAL_YEAR":"12-31","CURRENCY":"HKD","IS_CNY_CODE":0,"DPS_HKD_LY":null,"ORG_TYPE":"一般企业","PREMIUM_INCOME":null,"PREMIUM_INCOME_YOY":null,"NET_INTEREST_INCOME":null,"NET_INTEREST_INCOME_YOY":null,"FEE_COMMISSION_INCOME":null,"FEE_COMMISSION_INCOME_YOY":null,"ACCOUNTS_RECE_TDAYS":2.114311466519,"INVENTORY_TDAYS":3.396737895251,"CURRENT_ASSETS_TDAYS":0.62305287772,"TOTAL_ASSETS_TDAYS":0.565475712875,"PREMIUM_EXPENSE":null,"LOAN_DEPOSIT":null,"LOAN_EQUITY":null,"LOAN_ASSETS":null,"DEPOSIT_EQUITY":null,"DEPOSIT_ASSETS":null,"EQUITY_MULTIPLIER":4.240212580744,"EQUITY_RATIO":3.237276177501},{"SECUCODE":"01401.HK","SECURITY_CODE":"01401","SECURITY_NAME_ABBR":"SPROCOMM INTEL","ORG_CODE":"10000013899","STD_REPORT_DATE":"2022-12-31 00:00:00","REPORT_DATE":"2022-12-31 00:00:00","DATE_TYPE_CODE":"001","REPORT_TYPE":"2022年年报","PER_NETCASH_OPERATE":0.555856,"PER_OI":1.450377,"BPS":0.320222,"BASIC_EPS":0.0065,"DILUTED_EPS":0.0065,"OPERATE_INCOME":1450377000,"OPERATE_INCOME_YOY":-27.4849207841,"GROSS_PROFIT":203630000,"GROSS_PROFIT_YOY":18.226629585978,"HOLDER_PROFIT":6506000,"HOLDER_PROFIT_YOY":136.6452630393,"GROSS_PROFIT_RATIO":14.039797928401,"EPS_TTM":0.006506,"OPERATE_INCOME_QOQ":-27.395803767329,"NET_PROFIT_RATIO":0.4385756255,"ROE_AVG":2.045442398443,"GROSS_PROFIT_QOQ":-6.877943933781,"ROA":0.507549664741,"HOLDER_PROFIT_QOQ":-72.928889443682,"ROE_YEARLY":2.045442398443,"ROIC_YEARLY":0.53246014017,"TOTAL_ASSETS":1460989000,"TOTAL_LIABILITIES":1140280000,"TAX_EBT":35.256997455471,"OCF_SALES":38.324932069386,"TOTAL_PARENT_EQUITY":320222000,"DEBT_ASSET_RATIO":78.0485000229,"OPERATE_PROFIT":28086000,"PRETAX_PROFIT":9825000,"NETCASH_OPERATE":555856000,"NETCASH_INVEST":-567853000,"NETCASH_FINANCE":-35936000,"END_CASH":36635000,"DIVI_RATIO":null,"DIVIDEND_RATE":null,"CURRENT_RATIO":1.205163640133,"COMMON_ACS":10000000000,"CURRENTDEBT_DEBT":96.457273652085,"ISSUED_COMMON_SHARES":1000000000,"HK_COMMON_SHARES":1000000000,"PER_SHARES":2000,"TOTAL_MARKET_CAP":1370000000,"HKSK_MARKET_CAP":1370000000,"PE_TTM":37.843397746941,"PB_TTM":3.453845750132,"REPORT_DATE_SQ":"2021-12-31 00:00:00","REPORT_TYPE_SQ":"2021年年报","OPERATE_INCOME_SQ":2000104000,"DPS_HKD":null,"OPERATE_INCOME_QOQ_SQ":-10.557710754205,"NET_PROFIT_RATIO_SQ":-0.902903049,"HOLDER_PROFIT_SQ":-17754000,"HOLDER_PROFIT_QOQ_SQ":-13.097209835648,"ROE_AVG_SQ":-5.468995471768,"PE_TTM_SQ":334.427960431796,"PB_TTM_SQ":7.878685164461,"ROA_SQ":-1.537019762487,"START_DATE":"2022-01-01 00:00:00","FISCAL_YEAR":"12-31","CURRENCY":"HKD","IS_CNY_CODE":0,"DPS_HKD_LY":null,"ORG_TYPE":"一般企业","PREMIUM_INCOME":null,"PREMIUM_INCOME_YOY":null,"NET_INTEREST_INCOME":null,"NET_INTEREST_INCOME_YOY":null,"FEE_COMMISSION_INCOME":null,"FEE_COMMISSION_INCOME_YOY":null,"ACCOUNTS_RECE_TDAYS":6.944287773091,"INVENTORY_TDAYS":5.328969274203,"CURRENT_ASSETS_TDAYS":1.274589447209,"TOTAL_ASSETS_TDAYS":1.131476114507,"PREMIUM_EXPENSE":null,"LOAN_DEPOSIT":null,"LOAN_EQUITY":null,"LOAN_ASSETS":null,"DEPOSIT_EQUITY":null,"DEPOSIT_ASSETS":null,"EQUITY_MULTIPLIER":4.555497351175,"EQUITY_RATIO":3.560904622418},{"SECUCODE":"01401.HK","SECURITY_CODE":"01401","SECURITY_NAME_ABBR":"SPROCOMM INTEL","ORG_CODE":"10000013899","STD_REPORT_DATE":"2022-06-30 00:00:00","REPORT_DATE":"2022-06-30 00:00:00","DATE_TYPE_CODE":"002","REPORT_TYPE":"2022年中报","PER_NETCASH_OPERATE":0.431763,"PER_OI":0.909282,"BPS":0.322516,"BASIC_EPS":0.0079,"DILUTED_EPS":0.0079,"OPERATE_INCOME":909282000,"OPERATE_INCOME_YOY":-0.2692662467,"GROSS_PROFIT":113869000,"GROSS_PROFIT_YOY":68.854914289104,"HOLDER_PROFIT":7865000,"HOLDER_PROFIT_YOY":123.1855433052,"GROSS_PROFIT_RATIO":12.522957674297,"EPS_TTM":0.024033,"OPERATE_INCOME_QOQ":-0.122743617332,"NET_PROFIT_RATIO":0.8558401024,"ROE_AVG":2.463818056513,"GROSS_PROFIT_QOQ":26.958783536638,"ROA":0.609744515885,"HOLDER_PROFIT_QOQ":235.366677931734,"ROE_YEARLY":4.927636113026,"ROIC_YEARLY":1.304767794051,"TOTAL_ASSETS":1477068000,"TOTAL_LIABILITIES":1154184000,"TAX_EBT":37.664210189042,"OCF_SALES":47.483948873947,"TOTAL_PARENT_EQUITY":322516000,"DEBT_ASSET_RATIO":78.1402074921,"OPERATE_PROFIT":24006000,"PRETAX_PROFIT":12484000,"NETCASH_OPERATE":431763000,"NETCASH_INVEST":-442452000,"NETCASH_FINANCE":11544000,"END_CASH":85427000,"DIVI_RATIO":null,"DIVIDEND_RATE":null,"CURRENT_RATIO":1.198743292473,"COMMON_ACS":10000000000,"CURRENTDEBT_DEBT":95.941201749461,"ISSUED_COMMON_SHARES":1000000000,"HK_COMMON_SHARES":1000000000,"PER_SHARES":2000,"TOTAL_MARKET_CAP":1370000000,"HKSK_MARKET_CAP":1370000000,"PE_TTM":37.843397746941,"PB_TTM":3.453845750132,"REPORT_DATE_SQ":"2021-06-30 00:00:00","REPORT_TYPE_SQ":"2021年中报","OPERATE_INCOME_SQ":911737000,"DPS_HKD":null,"OPERATE_INCOME_QOQ_SQ":2.481945777296,"NET_PROFIT_RATIO_SQ":-3.7430750315,"HOLDER_PROFIT_SQ":-33922000,"HOLDER_PROFIT_QOQ_SQ":-150.837138508371,"ROE_AVG_SQ":-10.71673411619,"PE_TTM_SQ":334.427960431796,"PB_TTM_SQ":7.878685164461,"ROA_SQ":-2.826344611244,"START_DATE":"2022-01-01 00:00:00","FISCAL_YEAR":"12-31","CURRENCY":"HKD","IS_CNY_CODE":0,"DPS_HKD_LY":null,"ORG_TYPE":"一般企业","PREMIUM_INCOME":null,"PREMIUM_INCOME_YOY":null,"NET_INTEREST_INCOME":null,"NET_INTEREST_INCOME_YOY":null,"FEE_COMMISSION_INCOME":null,"FEE_COMMISSION_INCOME_YOY":null,"ACCOUNTS_RECE_TDAYS":3.98483689805,"INVENTORY_TDAYS":3.042133665818,"CURRENT_ASSETS_TDAYS":0.79841805955,"TOTAL_ASSETS_TDAYS":0.704932883526,"PREMIUM_EXPENSE":null,"LOAN_DEPOSIT":null,"LOAN_EQUITY":null,"LOAN_ASSETS":null,"DEPOSIT_EQUITY":null,"DEPOSIT_ASSETS":null,"EQUITY_MULTIPLIER":4.574608837841,"EQUITY_RATIO":3.578687568989},{"SECUCODE":"01401.HK","SECURITY_CODE":"01401","SECURITY_NAME_ABBR":"SPROCOMM INTEL","ORG_CODE":"10000013899","STD_REPORT_DATE":"2021-12-31 00:00:00","REPORT_DATE":"2021-12-31 00:00:00","DATE_TYPE_CODE":"001","REPORT_TYPE":"2021年年报","PER_NETCASH_OPERATE":0.003597,"PER_OI":2.000104,"BPS":0.315924,"BASIC_EPS":-0.0178,"DILUTED_EPS":-0.0178,"OPERATE_INCOME":2000104000,"OPERATE_INCOME_YOY":-8.3378016332,"GROSS_PROFIT":172237000,"GROSS_PROFIT_YOY":-10.953195845375,"HOLDER_PROFIT":-17754000,"HOLDER_PROFIT_YOY":-157.4953852133,"GROSS_PROFIT_RATIO":8.611402207085,"EPS_TTM":-0.017754,"OPERATE_INCOME_QOQ":-10.557710754205,"NET_PROFIT_RATIO":-0.902903049,"ROE_AVG":-5.468995471768,"GROSS_PROFIT_QOQ":-1.024026112091,"ROA":-1.537019762487,"HOLDER_PROFIT_QOQ":-13.097209835648,"ROE_YEARLY":-5.468995471768,"ROIC_YEARLY":-1.614565097784,"TOTAL_ASSETS":1102701000,"TOTAL_LIABILITIES":786864000,"TAX_EBT":-13.87224919604,"OCF_SALES":0.179840648286,"TOTAL_PARENT_EQUITY":315924000,"DEBT_ASSET_RATIO":71.3578748908,"OPERATE_PROFIT":-9391000,"PRETAX_PROFIT":-15859000,"NETCASH_OPERATE":21351000,"NETCASH_INVEST":53387000,"NETCASH_FINANCE":-17353000,"END_CASH":82904000,"DIVI_RATIO":null,"DIVIDEND_RATE":null,"CURRENT_RATIO":1.298854219487,"COMMON_ACS":10000000000,"CURRENTDEBT_DEBT":92.981887594298,"ISSUED_COMMON_SHARES":1000000000,"HK_COMMON_SHARES":1000000000,"PER_SHARES":2000,"TOTAL_MARKET_CAP":1370000000,"HKSK_MARKET_CAP":1370000000,"PE_TTM":37.843397746941,"PB_TTM":3.453845750132,"REPORT_DATE_SQ":"2020-12-31 00:00:00","REPORT_TYPE_SQ":"2020年年报","OPERATE_INCOME_SQ":2182038000,"DPS_HKD":null,"OPERATE_INCOME_QOQ_SQ":-23.419313719847,"NET_PROFIT_RATIO_SQ":1.4062083245,"HOLDER_PROFIT_SQ":30879000,"HOLDER_PROFIT_QOQ_SQ":-19.042000943841,"ROE_AVG_SQ":9.736049299805,"PE_TTM_SQ":334.427960431796,"PB_TTM_SQ":7.878685164461,"ROA_SQ":2.179605138473,"START_DATE":"2021-01-01 00:00:00","FISCAL_YEAR":"12-31","CURRENCY":"HKD","IS_CNY_CODE":0,"DPS_HKD_LY":null,"ORG_TYPE":"一般企业","PREMIUM_INCOME":null,"PREMIUM_INCOME_YOY":null,"NET_INTEREST_INCOME":null,"NET_INTEREST_INCOME_YOY":null,"FEE_COMMISSION_INCOME":null,"FEE_COMMISSION_INCOME_YOY":null,"ACCOUNTS_RECE_TDAYS":7.077108160897,"INVENTORY_TDAYS":6.094200253054,"CURRENT_ASSETS_TDAYS":1.995932501073,"TOTAL_ASSETS_TDAYS":1.731553100726,"PREMIUM_EXPENSE":null,"LOAN_DEPOSIT":null,"LOAN_EQUITY":null,"LOAN_ASSETS":null,"DEPOSIT_EQUITY":null,"DEPOSIT_ASSETS":null,"EQUITY_MULTIPLIER":3.491361050158,"EQUITY_RATIO":2.490674972462},{"SECUCODE":"01401.HK","SECURITY_CODE":"01401","SECURITY_NAME_ABBR":"SPROCOMM INTEL","ORG_CODE":"10000013899","STD_REPORT_DATE":"2021-06-30 00:00:00","REPORT_DATE":"2021-06-30 00:00:00","DATE_TYPE_CODE":"002","REPORT_TYPE":"2021年中报","PER_NETCASH_OPERATE":-0.041925,"PER_OI":0.911737,"BPS":0.29973,"BASIC_EPS":-0.0339,"DILUTED_EPS":-0.0339,"OPERATE_INCOME":911737000,"OPERATE_INCOME_YOY":6.3150959677,"GROSS_PROFIT":67436000,"GROSS_PROFIT_YOY":-22.344541685859,"HOLDER_PROFIT":-33922000,"HOLDER_PROFIT_YOY":-368.0521532991,"GROSS_PROFIT_RATIO":7.396431207684,"EPS_TTM":-0.015698,"OPERATE_INCOME_QOQ":2.481945777296,"NET_PROFIT_RATIO":-3.7430750315,"ROE_AVG":-10.71673411619,"GROSS_PROFIT_QOQ":-10.031898998568,"ROA":-2.826344611244,"HOLDER_PROFIT_QOQ":-150.837138508371,"ROE_YEARLY":-21.43346823238,"ROIC_YEARLY":-5.850209324084,"TOTAL_ASSETS":1192931000,"TOTAL_LIABILITIES":891595000,"TAX_EBT":-6.951016954464,"OCF_SALES":-4.59836553743,"TOTAL_PARENT_EQUITY":299730000,"DEBT_ASSET_RATIO":74.739863412,"OPERATE_PROFIT":-28851000,"PRETAX_PROFIT":-31909000,"NETCASH_OPERATE":-41925000,"NETCASH_INVEST":19464000,"NETCASH_FINANCE":48896000,"END_CASH":51301000,"DIVI_RATIO":null,"DIVIDEND_RATE":null,"CURRENT_RATIO":1.247320987341,"COMMON_ACS":10000000000,"CURRENTDEBT_DEBT":92.826563630348,"ISSUED_COMMON_SHARES":1000000000,"HK_COMMON_SHARES":1000000000,"PER_SHARES":2000,"TOTAL_MARKET_CAP":1370000000,"HKSK_MARKET_CAP":1370000000,"PE_TTM":37.843397746941,"PB_TTM":3.453845750132,"REPORT_DATE_SQ":"2020-06-30 00:00:00","REPORT_TYPE_SQ":"2020年中报","OPERATE_INCOME_SQ":857580000,"DPS_HKD":null,"OPERATE_INCOME_QOQ_SQ":-8.606359666005,"NET_PROFIT_RATIO_SQ":1.4687842534,"HOLDER_PROFIT_SQ":12655000,"HOLDER_PROFIT_QOQ_SQ":-2.194984358172,"ROE_AVG_SQ":4.121807472018,"PE_TTM_SQ":334.427960431796,"PB_TTM_SQ":7.878685164461,"ROA_SQ":0.882008148905,"START_DATE":"2021-01-01 00:00:00","FISCAL_YEAR":"12-31","CURRENCY":"HKD","IS_CNY_CODE":0,"DPS_HKD_LY":null,"ORG_TYPE":"一般企业","PREMIUM_INCOME":null,"PREMIUM_INCOME_YOY":null,"NET_INTEREST_INCOME":null,"NET_INTEREST_INCOME_YOY":null,"FEE_COMMISSION_INCOME":null,"FEE_COMMISSION_INCOME_YOY":null,"ACCOUNTS_RECE_TDAYS":3.312179403345,"INVENTORY_TDAYS":2.45722418106,"CURRENT_ASSETS_TDAYS":0.874058941221,"TOTAL_ASSETS_TDAYS":0.759649477278,"PREMIUM_EXPENSE":null,"LOAN_DEPOSIT":null,"LOAN_EQUITY":null,"LOAN_ASSETS":null,"DEPOSIT_EQUITY":null,"DEPOSIT_ASSETS":null,"EQUITY_MULTIPLIER":3.958806780463,"EQUITY_RATIO":2.974660527808},{"SECUCODE":"01401.HK","SECURITY_CODE":"01401","SECURITY_NAME_ABBR":"SPROCOMM INTEL","ORG_CODE":"10000013899","STD_REPORT_DATE":"2020-12-31 00:00:00","REPORT_DATE":"2020-12-31 00:00:00","DATE_TYPE_CODE":"001","REPORT_TYPE":"2020年年报","PER_NETCASH_OPERATE":-0.040146,"PER_OI":2.182038,"BPS":0.333336,"BASIC_EPS":0.0309,"DILUTED_EPS":0.0309,"OPERATE_INCOME":2182038000,"OPERATE_INCOME_YOY":-30.0101230158,"GROSS_PROFIT":193423000,"GROSS_PROFIT_YOY":-14.849022465035,"HOLDER_PROFIT":30879000,"HOLDER_PROFIT_YOY":-20.8190163598,"GROSS_PROFIT_RATIO":8.864327752312,"EPS_TTM":0.030879,"OPERATE_INCOME_QOQ":-23.419313719847,"NET_PROFIT_RATIO":1.4062083245,"ROE_AVG":9.736049299805,"GROSS_PROFIT_QOQ":-10.636833205511,"ROA":2.179605138473,"HOLDER_PROFIT_QOQ":-19.042000943841,"ROE_YEARLY":9.736049299805,"ROIC_YEARLY":2.307310368326,"TOTAL_ASSETS":1207484000,"TOTAL_LIABILITIES":872337000,"TAX_EBT":8.816974235535,"OCF_SALES":-1.839839636157,"TOTAL_PARENT_EQUITY":333336000,"DEBT_ASSET_RATIO":72.2441870865,"OPERATE_PROFIT":39134000,"PRETAX_PROFIT":33651000,"NETCASH_OPERATE":-40146000,"NETCASH_INVEST":79323000,"NETCASH_FINANCE":-138030000,"END_CASH":26327000,"DIVI_RATIO":null,"DIVIDEND_RATE":null,"CURRENT_RATIO":1.282504198408,"COMMON_ACS":10000000000,"CURRENTDEBT_DEBT":94.199833321297,"ISSUED_COMMON_SHARES":1000000000,"HK_COMMON_SHARES":1000000000,"PER_SHARES":2000,"TOTAL_MARKET_CAP":1370000000,"HKSK_MARKET_CAP":1370000000,"PE_TTM":37.843397746941,"PB_TTM":3.453845750132,"REPORT_DATE_SQ":"2019-12-31 00:00:00","REPORT_TYPE_SQ":"2019年年报","OPERATE_INCOME_SQ":3117648000,"DPS_HKD":null,"OPERATE_INCOME_QOQ_SQ":5.908298468199,"NET_PROFIT_RATIO_SQ":1.2112656721,"HOLDER_PROFIT_SQ":38998000,"HOLDER_PROFIT_QOQ_SQ":-14.088075253894,"ROE_AVG_SQ":16.908162291997,"PE_TTM_SQ":334.427960431796,"PB_TTM_SQ":7.878685164461,"ROA_SQ":2.769368643884,"START_DATE":"2020-01-01 00:00:00","FISCAL_YEAR":"12-31","CURRENCY":"HKD","IS_CNY_CODE":0,"DPS_HKD_LY":null,"ORG_TYPE":"一般企业","PREMIUM_INCOME":null,"PREMIUM_INCOME_YOY":null,"NET_INTEREST_INCOME":null,"NET_INTEREST_INCOME_YOY":null,"FEE_COMMISSION_INCOME":null,"FEE_COMMISSION_INCOME_YOY":null,"ACCOUNTS_RECE_TDAYS":4.539391852745,"INVENTORY_TDAYS":6.59199923095,"CURRENT_ASSETS_TDAYS":1.726641487576,"TOTAL_ASSETS_TDAYS":1.540199241278,"PREMIUM_EXPENSE":null,"LOAN_DEPOSIT":null,"LOAN_EQUITY":null,"LOAN_ASSETS":null,"DEPOSIT_EQUITY":null,"DEPOSIT_ASSETS":null,"EQUITY_MULTIPLIER":3.602848899135,"EQUITY_RATIO":2.616990064079},{"SECUCODE":"01401.HK","SECURITY_CODE":"01401","SECURITY_NAME_ABBR":"SPROCOMM INTEL","ORG_CODE":"10000013899","STD_REPORT_DATE":"2020-06-30 00:00:00","REPORT_DATE":"2020-06-30 00:00:00","DATE_TYPE_CODE":"002","REPORT_TYPE":"2020年中报","PER_NETCASH_OPERATE":-0.061867,"PER_OI":0.85758,"BPS":0.313064,"BASIC_EPS":0.0127,"DILUTED_EPS":0.0127,"OPERATE_INCOME":857580000,"OPERATE_INCOME_YOY":-23.8313307801,"GROSS_PROFIT":86840000,"GROSS_PROFIT_YOY":-10.976247347433,"HOLDER_PROFIT":12655000,"HOLDER_PROFIT_YOY":-6.3355784176,"GROSS_PROFIT_RATIO":10.12616898715,"EPS_TTM":0.038142,"OPERATE_INCOME_QOQ":-8.606359666005,"NET_PROFIT_RATIO":1.4687842534,"ROE_AVG":4.121807472018,"GROSS_PROFIT_QOQ":-4.713563105044,"ROA":0.882008148905,"HOLDER_PROFIT_QOQ":-2.194984358172,"ROE_YEARLY":8.243614944036,"ROIC_YEARLY":1.97275324567,"TOTAL_ASSETS":1243623000,"TOTAL_LIABILITIES":928612000,"TAX_EBT":2.356589147287,"OCF_SALES":-7.214137456564,"TOTAL_PARENT_EQUITY":313064000,"DEBT_ASSET_RATIO":74.6698959411,"OPERATE_PROFIT":15640000,"PRETAX_PROFIT":12900000,"NETCASH_OPERATE":-61867000,"NETCASH_INVEST":188396000,"NETCASH_FINANCE":-130579000,"END_CASH":123718000,"DIVI_RATIO":null,"DIVIDEND_RATE":null,"CURRENT_RATIO":1.262288510719,"COMMON_ACS":10000000000,"CURRENTDEBT_DEBT":94.027753248935,"ISSUED_COMMON_SHARES":1000000000,"HK_COMMON_SHARES":1000000000,"PER_SHARES":2000,"TOTAL_MARKET_CAP":1370000000,"HKSK_MARKET_CAP":1370000000,"PE_TTM":37.843397746941,"PB_TTM":3.453845750132,"REPORT_DATE_SQ":"2019-06-30 00:00:00","REPORT_TYPE_SQ":"2019年中报","OPERATE_INCOME_SQ":1125896000,"DPS_HKD":null,"OPERATE_INCOME_QOQ_SQ":0,"NET_PROFIT_RATIO_SQ":1.1251483263,"HOLDER_PROFIT_SQ":13511000,"HOLDER_PROFIT_QOQ_SQ":0,"ROE_AVG_SQ":null,"PE_TTM_SQ":334.427960431796,"PB_TTM_SQ":7.878685164461,"ROA_SQ":null,"START_DATE":"2020-01-01 00:00:00","FISCAL_YEAR":"12-31","CURRENCY":"HKD","IS_CNY_CODE":0,"DPS_HKD_LY":null,"ORG_TYPE":"一般企业","PREMIUM_INCOME":null,"PREMIUM_INCOME_YOY":null,"NET_INTEREST_INCOME":null,"NET_INTEREST_INCOME_YOY":null,"FEE_COMMISSION_INCOME":null,"FEE_COMMISSION_INCOME_YOY":null,"ACCOUNTS_RECE_TDAYS":1.665199033401,"INVENTORY_TDAYS":2.729548923572,"CURRENT_ASSETS_TDAYS":0.665879849987,"TOTAL_ASSETS_TDAYS":0.597702527331,"PREMIUM_EXPENSE":null,"LOAN_DEPOSIT":null,"LOAN_EQUITY":null,"LOAN_ASSETS":null,"DEPOSIT_EQUITY":null,"DEPOSIT_ASSETS":null,"EQUITY_MULTIPLIER":3.947871661619,"EQUITY_RATIO":2.966204993228}],"count":14},"success":true,"message":"ok","code":0}