{"version":"554cd9169f8a7928c093921753649baf","result":{"pages":2,"data":[{"SECUCODE":"01408.HK","SECURITY_CODE":"01408","SECURITY_NAME_ABBR":"濠江机电","ORG_CODE":"10929937","STD_REPORT_DATE":"2024-06-30 00:00:00","REPORT_DATE":"2024-06-30 00:00:00","DATE_TYPE_CODE":"002","REPORT_TYPE":"2024年中报","PER_NETCASH_OPERATE":-0.024195069963,"PER_OI":0.101002487457,"BPS":0.355586230187,"BASIC_EPS":-0.007511252545,"DILUTED_EPS":null,"OPERATE_INCOME":50501243.72873,"OPERATE_INCOME_YOY":-16.1054022314,"GROSS_PROFIT":461279.27394,"GROSS_PROFIT_YOY":349.140652471035,"HOLDER_PROFIT":-3755626.2725,"HOLDER_PROFIT_YOY":20.827123696,"GROSS_PROFIT_RATIO":0.913401809306,"EPS_TTM":-0.004527662686,"OPERATE_INCOME_QOQ":-9.170407003627,"NET_PROFIT_RATIO":-7.4367005547,"ROE_AVG":-2.090280441861,"GROSS_PROFIT_QOQ":5.527912844245,"ROA":-1.681989259014,"HOLDER_PROFIT_QOQ":31.44444945531,"ROE_YEARLY":-4.180560883721,"ROIC_YEARLY":-7.274719067467,"TOTAL_ASSETS":217101708.8536,"TOTAL_LIABILITIES":39308593.75991,"TAX_EBT":-0.377893245158,"OCF_SALES":-23.954924845579,"TOTAL_PARENT_EQUITY":177793115.09369,"DEBT_ASSET_RATIO":18.1060729404,"OPERATE_PROFIT":-3632795.20147,"PRETAX_PROFIT":-3741487.44418,"NETCASH_OPERATE":-12097534.9813,"NETCASH_INVEST":-49333906.71556,"NETCASH_FINANCE":-379097.33433,"END_CASH":39575464.14445,"DIVI_RATIO":null,"DIVIDEND_RATE":null,"CURRENT_RATIO":6.420349339588,"COMMON_ACS":2000000000,"CURRENTDEBT_DEBT":72.845806263067,"ISSUED_COMMON_SHARES":500000000,"HK_COMMON_SHARES":500000000,"PER_SHARES":2000,"TOTAL_MARKET_CAP":66500000,"HKSK_MARKET_CAP":66500000,"PE_TTM":-25.984714420649,"PB_TTM":0.341369914135,"REPORT_DATE_SQ":"2023-06-30 00:00:00","REPORT_TYPE_SQ":"2023年中报","OPERATE_INCOME_SQ":60835681.1244,"DPS_HKD":null,"OPERATE_INCOME_QOQ_SQ":-9.335859019447,"NET_PROFIT_RATIO_SQ":-7.8802113917,"HOLDER_PROFIT_SQ":-4793980.27416,"HOLDER_PROFIT_QOQ_SQ":-146.051679470913,"ROE_AVG_SQ":-2.564653833842,"PE_TTM_SQ":-17.654037139633,"PB_TTM_SQ":0.387448561019,"ROA_SQ":-2.09679309402,"START_DATE":"2024-01-01 00:00:00","FISCAL_YEAR":"12-31","CURRENCY":"HKD","IS_CNY_CODE":0,"DPS_HKD_LY":null,"ORG_TYPE":"一般企业","PREMIUM_INCOME":null,"PREMIUM_INCOME_YOY":null,"NET_INTEREST_INCOME":null,"NET_INTEREST_INCOME_YOY":null,"FEE_COMMISSION_INCOME":null,"FEE_COMMISSION_INCOME_YOY":null,"ACCOUNTS_RECE_TDAYS":1.587207687608,"INVENTORY_TDAYS":null,"CURRENT_ASSETS_TDAYS":0.266124319252,"TOTAL_ASSETS_TDAYS":0.226174127443,"PREMIUM_EXPENSE":null,"LOAN_DEPOSIT":null,"LOAN_EQUITY":null,"LOAN_ASSETS":null,"DEPOSIT_EQUITY":null,"DEPOSIT_ASSETS":null,"EQUITY_MULTIPLIER":1.221091765782,"EQUITY_RATIO":0.221091765782},{"SECUCODE":"01408.HK","SECURITY_CODE":"01408","SECURITY_NAME_ABBR":"濠江机电","ORG_CODE":"10929937","STD_REPORT_DATE":"2023-12-31 00:00:00","REPORT_DATE":"2023-12-31 00:00:00","DATE_TYPE_CODE":"001","REPORT_TYPE":"2023年年报","PER_NETCASH_OPERATE":0.048509357472,"PER_OI":0.225386668042,"BPS":0.360959868331,"BASIC_EPS":-0.00658855815,"DILUTED_EPS":null,"OPERATE_INCOME":112693334.02086,"OPERATE_INCOME_YOY":-10.3204563567,"GROSS_PROFIT":6486655.11728,"GROSS_PROFIT_YOY":-70.099286030697,"HOLDER_PROFIT":-3302185.34478,"HOLDER_PROFIT_YOY":-140.3672680412,"GROSS_PROFIT_RATIO":5.756023791149,"EPS_TTM":-0.00660437069,"OPERATE_INCOME_QOQ":0.447841112666,"NET_PROFIT_RATIO":-2.9302401721,"ROE_AVG":-1.78905009959,"GROSS_PROFIT_QOQ":-25.340998683444,"ROA":-1.447032601541,"HOLDER_PROFIT_QOQ":10.984291318143,"ROE_YEARLY":-1.78905009959,"ROIC_YEARLY":-2.895859975656,"TOTAL_ASSETS":228116966.53908,"TOTAL_LIABILITIES":47637032.37334,"TAX_EBT":1.156981330529,"OCF_SALES":21.522727095562,"TOTAL_PARENT_EQUITY":180479934.16574,"DEBT_ASSET_RATIO":20.8827221824,"OPERATE_PROFIT":-3324147.20528,"PRETAX_PROFIT":-3340838.21926,"NETCASH_OPERATE":24254678.7362,"NETCASH_INVEST":64865672.69838,"NETCASH_FINANCE":-5660889.16248,"END_CASH":100789127.15544,"DIVI_RATIO":null,"DIVIDEND_RATE":null,"CURRENT_RATIO":5.291927543851,"COMMON_ACS":2000000000,"CURRENTDEBT_DEBT":77.168200343003,"ISSUED_COMMON_SHARES":500000000,"HK_COMMON_SHARES":500000000,"PER_SHARES":2000,"TOTAL_MARKET_CAP":68500000,"HKSK_MARKET_CAP":68500000,"PE_TTM":-26.766209591195,"PB_TTM":0.351636678469,"REPORT_DATE_SQ":"2022-12-31 00:00:00","REPORT_TYPE_SQ":"2022年年报","OPERATE_INCOME_SQ":123743407.09104,"DPS_HKD":null,"OPERATE_INCOME_QOQ_SQ":-15.437924337178,"NET_PROFIT_RATIO_SQ":6.5097940523,"HOLDER_PROFIT_SQ":8055440.95488,"HOLDER_PROFIT_QOQ_SQ":-26.442792933744,"ROE_AVG_SQ":4.127787652986,"PE_TTM_SQ":-16.961721957687,"PB_TTM_SQ":0.372254499802,"ROA_SQ":3.482332175298,"START_DATE":"2023-01-01 00:00:00","FISCAL_YEAR":"12-31","CURRENCY":"HKD","IS_CNY_CODE":0,"DPS_HKD_LY":0.0108,"ORG_TYPE":"一般企业","PREMIUM_INCOME":null,"PREMIUM_INCOME_YOY":null,"NET_INTEREST_INCOME":null,"NET_INTEREST_INCOME_YOY":null,"FEE_COMMISSION_INCOME":null,"FEE_COMMISSION_INCOME_YOY":null,"ACCOUNTS_RECE_TDAYS":2.840318830953,"INVENTORY_TDAYS":null,"CURRENT_ASSETS_TDAYS":0.579035505042,"TOTAL_ASSETS_TDAYS":0.493827303068,"PREMIUM_EXPENSE":null,"LOAN_DEPOSIT":null,"LOAN_EQUITY":null,"LOAN_ASSETS":null,"DEPOSIT_EQUITY":null,"DEPOSIT_ASSETS":null,"EQUITY_MULTIPLIER":1.263946419271,"EQUITY_RATIO":0.263946419271},{"SECUCODE":"01408.HK","SECURITY_CODE":"01408","SECURITY_NAME_ABBR":"濠江机电","ORG_CODE":"10929937","STD_REPORT_DATE":"2023-06-30 00:00:00","REPORT_DATE":"2023-06-30 00:00:00","DATE_TYPE_CODE":"002","REPORT_TYPE":"2023年中报","PER_NETCASH_OPERATE":0.011495550315,"PER_OI":0.121671362249,"BPS":0.364081725456,"BASIC_EPS":-0.009555810159,"DILUTED_EPS":null,"OPERATE_INCOME":60835681.1244,"OPERATE_INCOME_YOY":-21.9129717089,"GROSS_PROFIT":102702.63255,"GROSS_PROFIT_YOY":-99.21650725921,"HOLDER_PROFIT":-4793980.27416,"HOLDER_PROFIT_YOY":-163.8971551006,"GROSS_PROFIT_RATIO":0.168819729888,"EPS_TTM":-0.007419331697,"OPERATE_INCOME_QOQ":-9.335859019447,"NET_PROFIT_RATIO":-7.8802113917,"ROE_AVG":-2.564653833842,"GROSS_PROFIT_QOQ":-59.950289393073,"ROA":-2.09679309402,"HOLDER_PROFIT_QOQ":-146.051679470913,"ROE_YEARLY":-5.129307667684,"ROIC_YEARLY":-7.743405915743,"TOTAL_ASSETS":225184899.06276,"TOTAL_LIABILITIES":43144036.3347,"TAX_EBT":-0.261486738887,"OCF_SALES":9.448032883147,"TOTAL_PARENT_EQUITY":182040862.72806,"DEBT_ASSET_RATIO":19.1593825848,"OPERATE_PROFIT":-4777905.0795,"PRETAX_PROFIT":-4781477.34498,"NETCASH_OPERATE":5747775.15732,"NETCASH_INVEST":5130666.29565,"NETCASH_FINANCE":-5483427.5118,"END_CASH":23012534.22216,"DIVI_RATIO":null,"DIVIDEND_RATE":null,"CURRENT_RATIO":5.978554007457,"COMMON_ACS":2000000000,"CURRENTDEBT_DEBT":73.837714758849,"ISSUED_COMMON_SHARES":500000000,"HK_COMMON_SHARES":500000000,"PER_SHARES":2000,"TOTAL_MARKET_CAP":68500000,"HKSK_MARKET_CAP":68500000,"PE_TTM":-26.766209591195,"PB_TTM":0.351636678469,"REPORT_DATE_SQ":"2022-06-30 00:00:00","REPORT_TYPE_SQ":"2022年中报","OPERATE_INCOME_SQ":72388191.15628,"DPS_HKD":null,"OPERATE_INCOME_QOQ_SQ":0.007744573222,"NET_PROFIT_RATIO_SQ":9.6301985419,"HOLDER_PROFIT_SQ":6971126.52923,"HOLDER_PROFIT_QOQ_SQ":-47.3731334002,"ROE_AVG_SQ":3.731497418244,"PE_TTM_SQ":-16.961721957687,"PB_TTM_SQ":0.372254499802,"ROA_SQ":3.183438993244,"START_DATE":"2023-01-01 00:00:00","FISCAL_YEAR":"12-31","CURRENCY":"HKD","IS_CNY_CODE":0,"DPS_HKD_LY":0.0108,"ORG_TYPE":"一般企业","PREMIUM_INCOME":null,"PREMIUM_INCOME_YOY":null,"NET_INTEREST_INCOME":null,"NET_INTEREST_INCOME_YOY":null,"FEE_COMMISSION_INCOME":null,"FEE_COMMISSION_INCOME_YOY":null,"ACCOUNTS_RECE_TDAYS":1.452467510315,"INVENTORY_TDAYS":null,"CURRENT_ASSETS_TDAYS":0.313262375634,"TOTAL_ASSETS_TDAYS":0.266083356119,"PREMIUM_EXPENSE":null,"LOAN_DEPOSIT":null,"LOAN_EQUITY":null,"LOAN_ASSETS":null,"DEPOSIT_EQUITY":null,"DEPOSIT_ASSETS":null,"EQUITY_MULTIPLIER":1.237001932907,"EQUITY_RATIO":0.237001932908},{"SECUCODE":"01408.HK","SECURITY_CODE":"01408","SECURITY_NAME_ABBR":"濠江机电","ORG_CODE":"10929937","STD_REPORT_DATE":"2022-12-31 00:00:00","REPORT_DATE":"2022-12-31 00:00:00","DATE_TYPE_CODE":"001","REPORT_TYPE":"2022年年报","PER_NETCASH_OPERATE":-0.00414536867,"PER_OI":0.247486814182,"BPS":0.371588356212,"BASIC_EPS":0.016090120464,"DILUTED_EPS":null,"OPERATE_INCOME":123743407.09104,"OPERATE_INCOME_YOY":-22.4666117423,"GROSS_PROFIT":21693980.69872,"GROSS_PROFIT_YOY":-37.030015933861,"HOLDER_PROFIT":8055440.95488,"HOLDER_PROFIT_YOY":-64.5094900526,"GROSS_PROFIT_RATIO":17.531423458188,"EPS_TTM":0.01611088191,"OPERATE_INCOME_QOQ":-15.437924337178,"NET_PROFIT_RATIO":6.5097940523,"ROE_AVG":4.127787652986,"GROSS_PROFIT_QOQ":-8.479480393264,"ROA":3.482332175298,"HOLDER_PROFIT_QOQ":-26.442792933744,"ROE_YEARLY":4.127787652986,"ROIC_YEARLY":7.681045255643,"TOTAL_ASSETS":224804934.68928,"TOTAL_LIABILITIES":39010756.58304,"TAX_EBT":11.5165336374,"OCF_SALES":-1.674985668946,"TOTAL_PARENT_EQUITY":185794178.10624,"DEBT_ASSET_RATIO":17.353158478,"OPERATE_PROFIT":9425696.37504,"PRETAX_PROFIT":9103893.96576,"NETCASH_OPERATE":-2072684.33504,"NETCASH_INVEST":-7487096.3772,"NETCASH_FINANCE":-16312440.94568,"END_CASH":17065043.35448,"DIVI_RATIO":null,"DIVIDEND_RATE":null,"CURRENT_RATIO":6.914121720685,"COMMON_ACS":2000000000,"CURRENTDEBT_DEBT":71.086127372716,"ISSUED_COMMON_SHARES":500000000,"HK_COMMON_SHARES":500000000,"PER_SHARES":2000,"TOTAL_MARKET_CAP":68500000,"HKSK_MARKET_CAP":68500000,"PE_TTM":-26.766209591195,"PB_TTM":0.351636678469,"REPORT_DATE_SQ":"2021-12-31 00:00:00","REPORT_TYPE_SQ":"2021年年报","OPERATE_INCOME_SQ":146323069.13536,"DPS_HKD":null,"OPERATE_INCOME_QOQ_SQ":-21.534380782587,"NET_PROFIT_RATIO_SQ":14.2214465354,"HOLDER_PROFIT_SQ":20809257.04608,"HOLDER_PROFIT_QOQ_SQ":-14.051663808836,"ROE_AVG_SQ":11.750585558755,"PE_TTM_SQ":-16.961721957687,"PB_TTM_SQ":0.372254499802,"ROA_SQ":9.794190601862,"START_DATE":"2022-01-01 00:00:00","FISCAL_YEAR":"12-31","CURRENCY":"HKD","IS_CNY_CODE":0,"DPS_HKD_LY":0.0397,"ORG_TYPE":"一般企业","PREMIUM_INCOME":null,"PREMIUM_INCOME_YOY":null,"NET_INTEREST_INCOME":null,"NET_INTEREST_INCOME_YOY":null,"FEE_COMMISSION_INCOME":null,"FEE_COMMISSION_INCOME_YOY":null,"ACCOUNTS_RECE_TDAYS":2.930639923787,"INVENTORY_TDAYS":null,"CURRENT_ASSETS_TDAYS":0.59514963408,"TOTAL_ASSETS_TDAYS":0.534937380099,"PREMIUM_EXPENSE":null,"LOAN_DEPOSIT":null,"LOAN_EQUITY":null,"LOAN_ASSETS":null,"DEPOSIT_EQUITY":null,"DEPOSIT_ASSETS":null,"EQUITY_MULTIPLIER":1.209967594144,"EQUITY_RATIO":0.209967594145},{"SECUCODE":"01408.HK","SECURITY_CODE":"01408","SECURITY_NAME_ABBR":"濠江机电","ORG_CODE":"10929937","STD_REPORT_DATE":"2022-06-30 00:00:00","REPORT_DATE":"2022-06-30 00:00:00","DATE_TYPE_CODE":"002","REPORT_TYPE":"2022年中报","PER_NETCASH_OPERATE":-0.029876019469,"PER_OI":0.144776382313,"BPS":0.354929169188,"BASIC_EPS":0.013940593464,"DILUTED_EPS":null,"OPERATE_INCOME":72388191.15628,"OPERATE_INCOME_YOY":-2.6764098845,"GROSS_PROFIT":13108306.84231,"GROSS_PROFIT_YOY":-45.051581790179,"HOLDER_PROFIT":6971126.52923,"HOLDER_PROFIT_YOY":-59.6919681413,"GROSS_PROFIT_RATIO":18.108349763859,"EPS_TTM":0.021902519892,"OPERATE_INCOME_QOQ":0.007744573222,"NET_PROFIT_RATIO":9.6301985419,"ROE_AVG":3.731497418244,"GROSS_PROFIT_QOQ":-31.195775180559,"ROA":3.183438993244,"HOLDER_PROFIT_QOQ":-47.3731334002,"ROE_YEARLY":7.462994836489,"ROIC_YEARLY":14.739630851288,"TOTAL_ASSETS":209815889.19996,"TOTAL_LIABILITIES":32351304.60601,"TAX_EBT":12.861736334405,"OCF_SALES":-20.635975973222,"TOTAL_PARENT_EQUITY":177464584.59395,"DEBT_ASSET_RATIO":15.4189011754,"OPERATE_PROFIT":8016671.03903,"PRETAX_PROFIT":8000075.09443,"NETCASH_OPERATE":-14938009.73446,"NETCASH_INVEST":67655027.75636,"NETCASH_FINANCE":-26142761.73115,"END_CASH":67761241.8018,"DIVI_RATIO":null,"DIVIDEND_RATE":null,"CURRENT_RATIO":6.151063829787,"COMMON_ACS":2000000000,"CURRENTDEBT_DEBT":98.853463975171,"ISSUED_COMMON_SHARES":500000000,"HK_COMMON_SHARES":500000000,"PER_SHARES":2000,"TOTAL_MARKET_CAP":68500000,"HKSK_MARKET_CAP":68500000,"PE_TTM":-26.766209591195,"PB_TTM":0.351636678469,"REPORT_DATE_SQ":"2021-06-30 00:00:00","REPORT_TYPE_SQ":"2021年中报","OPERATE_INCOME_SQ":72376859.05905,"DPS_HKD":null,"OPERATE_INCOME_QOQ_SQ":-17.530602277643,"NET_PROFIT_RATIO_SQ":23.2520778714,"HOLDER_PROFIT_SQ":16829123.62926,"HOLDER_PROFIT_QOQ_SQ":11.111000694911,"ROE_AVG_SQ":9.448169252877,"PE_TTM_SQ":-16.961721957687,"PB_TTM_SQ":0.372254499802,"ROA_SQ":7.600023337563,"START_DATE":"2022-01-01 00:00:00","FISCAL_YEAR":"12-31","CURRENCY":"HKD","IS_CNY_CODE":0,"DPS_HKD_LY":0.0397,"ORG_TYPE":"一般企业","PREMIUM_INCOME":null,"PREMIUM_INCOME_YOY":null,"NET_INTEREST_INCOME":null,"NET_INTEREST_INCOME_YOY":null,"FEE_COMMISSION_INCOME":null,"FEE_COMMISSION_INCOME_YOY":null,"ACCOUNTS_RECE_TDAYS":1.85590741312,"INVENTORY_TDAYS":null,"CURRENT_ASSETS_TDAYS":0.351671564655,"TOTAL_ASSETS_TDAYS":0.330568365688,"PREMIUM_EXPENSE":null,"LOAN_DEPOSIT":null,"LOAN_EQUITY":null,"LOAN_ASSETS":null,"DEPOSIT_EQUITY":null,"DEPOSIT_ASSETS":null,"EQUITY_MULTIPLIER":1.182297243588,"EQUITY_RATIO":0.182297243588},{"SECUCODE":"01408.HK","SECURITY_CODE":"01408","SECURITY_NAME_ABBR":"濠江机电","ORG_CODE":"10929937","STD_REPORT_DATE":"2021-12-31 00:00:00","REPORT_DATE":"2021-12-31 00:00:00","DATE_TYPE_CODE":"001","REPORT_TYPE":"2021年年报","PER_NETCASH_OPERATE":0.036368217513,"PER_OI":0.292646138271,"BPS":0.374991726371,"BASIC_EPS":0.0416375484,"DILUTED_EPS":null,"OPERATE_INCOME":146323069.13536,"OPERATE_INCOME_YOY":-33.3444127317,"GROSS_PROFIT":34451304.09424,"GROSS_PROFIT_YOY":-29.516213429217,"HOLDER_PROFIT":20809257.04608,"HOLDER_PROFIT_YOY":-1.6308626701,"GROSS_PROFIT_RATIO":23.544683895586,"EPS_TTM":0.041618514092,"OPERATE_INCOME_QOQ":-21.534380782587,"NET_PROFIT_RATIO":14.2214465354,"ROE_AVG":11.750585558755,"GROSS_PROFIT_QOQ":-25.611012098467,"ROA":9.794190601862,"HOLDER_PROFIT_QOQ":-14.051663808836,"ROE_YEARLY":11.750585558755,"ROIC_YEARLY":25.212603418951,"TOTAL_ASSETS":218055444.42272,"TOTAL_LIABILITIES":30559581.23712,"TAX_EBT":9.847443650357,"OCF_SALES":12.427369699072,"TOTAL_PARENT_EQUITY":187495863.1856,"DEBT_ASSET_RATIO":14.0145921685,"OPERATE_PROFIT":23119546.16016,"PRETAX_PROFIT":23082270.64064,"NETCASH_OPERATE":18184108.75648,"NETCASH_INVEST":-49979333.81088,"NETCASH_FINANCE":-877957.44912,"END_CASH":39365327.9016,"DIVI_RATIO":null,"DIVIDEND_RATE":null,"CURRENT_RATIO":6.846375432755,"COMMON_ACS":2000000000,"CURRENTDEBT_DEBT":98.201494861414,"ISSUED_COMMON_SHARES":500000000,"HK_COMMON_SHARES":500000000,"PER_SHARES":2000,"TOTAL_MARKET_CAP":68500000,"HKSK_MARKET_CAP":68500000,"PE_TTM":-26.766209591195,"PB_TTM":0.351636678469,"REPORT_DATE_SQ":"2020-12-31 00:00:00","REPORT_TYPE_SQ":"2020年年报","OPERATE_INCOME_SQ":226120830.9037,"DPS_HKD":null,"OPERATE_INCOME_QOQ_SQ":-3.962664331495,"NET_PROFIT_RATIO_SQ":9.6365475631,"HOLDER_PROFIT_SQ":21790241.42019,"HOLDER_PROFIT_QOQ_SQ":-38.721120416274,"ROE_AVG_SQ":17.065095344574,"PE_TTM_SQ":-16.961721957687,"PB_TTM_SQ":0.372254499802,"ROA_SQ":12.483911279188,"START_DATE":"2021-01-01 00:00:00","FISCAL_YEAR":"12-31","CURRENCY":"HKD","IS_CNY_CODE":0,"DPS_HKD_LY":null,"ORG_TYPE":"一般企业","PREMIUM_INCOME":null,"PREMIUM_INCOME_YOY":null,"NET_INTEREST_INCOME":null,"NET_INTEREST_INCOME_YOY":null,"FEE_COMMISSION_INCOME":null,"FEE_COMMISSION_INCOME_YOY":null,"ACCOUNTS_RECE_TDAYS":4.737225902532,"INVENTORY_TDAYS":null,"CURRENT_ASSETS_TDAYS":0.73193528679,"TOTAL_ASSETS_TDAYS":0.688691588262,"PREMIUM_EXPENSE":null,"LOAN_DEPOSIT":null,"LOAN_EQUITY":null,"LOAN_ASSETS":null,"DEPOSIT_EQUITY":null,"DEPOSIT_ASSETS":null,"EQUITY_MULTIPLIER":1.162988029271,"EQUITY_RATIO":0.162988029271},{"SECUCODE":"01408.HK","SECURITY_CODE":"01408","SECURITY_NAME_ABBR":"濠江机电","ORG_CODE":"10929937","STD_REPORT_DATE":"2021-06-30 00:00:00","REPORT_DATE":"2021-06-30 00:00:00","DATE_TYPE_CODE":"002","REPORT_TYPE":"2021年中报","PER_NETCASH_OPERATE":-0.020790532348,"PER_OI":0.144753718118,"BPS":0.373070066797,"BASIC_EPS":0.033671166651,"DILUTED_EPS":null,"OPERATE_INCOME":72376859.05905,"OPERATE_INCOME_YOY":-29.0907221062,"GROSS_PROFIT":23855658.21432,"GROSS_PROFIT_YOY":-9.711619863978,"HOLDER_PROFIT":16829123.62926,"HOLDER_PROFIT_YOY":28.1874654038,"GROSS_PROFIT_RATIO":32.960339153233,"EPS_TTM":0.048422710592,"OPERATE_INCOME_QOQ":-17.530602277643,"NET_PROFIT_RATIO":23.2520778714,"ROE_AVG":9.448169252877,"GROSS_PROFIT_QOQ":-5.249703539345,"ROA":7.600023337563,"HOLDER_PROFIT_QOQ":11.111000694911,"ROE_YEARLY":18.896338505755,"ROIC_YEARLY":32.492643476566,"TOTAL_ASSETS":232247881.30281,"TOTAL_LIABILITIES":45712847.90439,"TAX_EBT":11.250212910918,"OCF_SALES":-14.362693144419,"TOTAL_PARENT_EQUITY":186535033.39842,"DEBT_ASSET_RATIO":19.6827836052,"OPERATE_PROFIT":18985854.71139,"PRETAX_PROFIT":18962438.31252,"NETCASH_OPERATE":-10395266.17422,"NETCASH_INVEST":-17579255.85513,"NETCASH_FINANCE":-443296.65447,"END_CASH":44925572.42514,"DIVI_RATIO":null,"DIVIDEND_RATE":null,"CURRENT_RATIO":4.813146220329,"COMMON_ACS":2000000000,"CURRENTDEBT_DEBT":99.939943122604,"ISSUED_COMMON_SHARES":500000000,"HK_COMMON_SHARES":500000000,"PER_SHARES":2000,"TOTAL_MARKET_CAP":68500000,"HKSK_MARKET_CAP":68500000,"PE_TTM":-26.766209591195,"PB_TTM":0.351636678469,"REPORT_DATE_SQ":"2020-06-30 00:00:00","REPORT_TYPE_SQ":"2020年中报","OPERATE_INCOME_SQ":112017202.59168,"DPS_HKD":null,"OPERATE_INCOME_QOQ_SQ":14.544448680608,"NET_PROFIT_RATIO_SQ":12.8623188406,"HOLDER_PROFIT_SQ":14408009.75364,"HOLDER_PROFIT_QOQ_SQ":1.427360313306,"ROE_AVG_SQ":14.705975461399,"PE_TTM_SQ":-16.961721957687,"PB_TTM_SQ":0.372254499802,"ROA_SQ":9.891948456493,"START_DATE":"2021-01-01 00:00:00","FISCAL_YEAR":"12-31","CURRENCY":"HKD","IS_CNY_CODE":0,"DPS_HKD_LY":null,"ORG_TYPE":"一般企业","PREMIUM_INCOME":null,"PREMIUM_INCOME_YOY":null,"NET_INTEREST_INCOME":null,"NET_INTEREST_INCOME_YOY":null,"FEE_COMMISSION_INCOME":null,"FEE_COMMISSION_INCOME_YOY":null,"ACCOUNTS_RECE_TDAYS":1.836049119717,"INVENTORY_TDAYS":null,"CURRENT_ASSETS_TDAYS":0.346485760396,"TOTAL_ASSETS_TDAYS":0.326853513033,"PREMIUM_EXPENSE":null,"LOAN_DEPOSIT":null,"LOAN_EQUITY":null,"LOAN_ASSETS":null,"DEPOSIT_EQUITY":null,"DEPOSIT_ASSETS":null,"EQUITY_MULTIPLIER":1.245063069771,"EQUITY_RATIO":0.245063069771},{"SECUCODE":"01408.HK","SECURITY_CODE":"01408","SECURITY_NAME_ABBR":"濠江机电","ORG_CODE":"10929937","STD_REPORT_DATE":"2020-12-31 00:00:00","REPORT_DATE":"2020-12-31 00:00:00","DATE_TYPE_CODE":"001","REPORT_TYPE":"2020年年报","PER_NETCASH_OPERATE":0.054602637725,"PER_OI":0.452241661807,"BPS":0.34339583997,"BASIC_EPS":0.050895363869,"DILUTED_EPS":null,"OPERATE_INCOME":226120830.9037,"OPERATE_INCOME_YOY":16.454897341,"GROSS_PROFIT":48878338.93493,"GROSS_PROFIT_YOY":6.441912718994,"HOLDER_PROFIT":21790241.42019,"HOLDER_PROFIT_YOY":-34.2024766885,"GROSS_PROFIT_RATIO":21.616026590556,"EPS_TTM":0.04358048284,"OPERATE_INCOME_QOQ":-3.962664331495,"NET_PROFIT_RATIO":9.6365475631,"ROE_AVG":17.065095344574,"GROSS_PROFIT_QOQ":-8.823387385801,"ROA":12.483911279188,"HOLDER_PROFIT_QOQ":-38.721120416274,"ROE_YEARLY":17.065095344574,"ROIC_YEARLY":22.246316676189,"TOTAL_ASSETS":213094722.12535,"TOTAL_LIABILITIES":41396802.14019,"TAX_EBT":10.385028893966,"OCF_SALES":12.073774341559,"TOTAL_PARENT_EQUITY":171697919.98516,"DEBT_ASSET_RATIO":19.4264793268,"OPERATE_PROFIT":24381575.19535,"PRETAX_PROFIT":24315403.05292,"NETCASH_OPERATE":27301318.86257,"NETCASH_INVEST":-48946144.95742,"NETCASH_FINANCE":68042118.15867,"END_CASH":74204296.80496,"DIVI_RATIO":null,"DIVIDEND_RATE":null,"CURRENT_RATIO":4.866498540479,"COMMON_ACS":2000000000,"CURRENTDEBT_DEBT":99.380340615318,"ISSUED_COMMON_SHARES":500000000,"HK_COMMON_SHARES":500000000,"PER_SHARES":2000,"TOTAL_MARKET_CAP":68500000,"HKSK_MARKET_CAP":68500000,"PE_TTM":-26.766209591195,"PB_TTM":0.351636678469,"REPORT_DATE_SQ":"2019-12-31 00:00:00","REPORT_TYPE_SQ":"2019年年报","OPERATE_INCOME_SQ":205554232.364,"DPS_HKD":null,"OPERATE_INCOME_QOQ_SQ":10.748537016589,"NET_PROFIT_RATIO_SQ":17.0557051498,"HOLDER_PROFIT_SQ":35058723.7949,"HOLDER_PROFIT_QOQ_SQ":50.294843921623,"ROE_AVG_SQ":49.339110537718,"PE_TTM_SQ":-16.961721957687,"PB_TTM_SQ":0.372254499802,"ROA_SQ":28.913479952498,"START_DATE":"2020-01-01 00:00:00","FISCAL_YEAR":"12-31","CURRENCY":"HKD","IS_CNY_CODE":0,"DPS_HKD_LY":null,"ORG_TYPE":"一般企业","PREMIUM_INCOME":null,"PREMIUM_INCOME_YOY":null,"NET_INTEREST_INCOME":null,"NET_INTEREST_INCOME_YOY":null,"FEE_COMMISSION_INCOME":null,"FEE_COMMISSION_INCOME_YOY":null,"ACCOUNTS_RECE_TDAYS":6.080757485885,"INVENTORY_TDAYS":null,"CURRENT_ASSETS_TDAYS":1.351662169916,"TOTAL_ASSETS_TDAYS":1.295475500681,"PREMIUM_EXPENSE":null,"LOAN_DEPOSIT":null,"LOAN_EQUITY":null,"LOAN_ASSETS":null,"DEPOSIT_EQUITY":null,"DEPOSIT_ASSETS":null,"EQUITY_MULTIPLIER":1.24110252555,"EQUITY_RATIO":0.241102525551},{"SECUCODE":"01408.HK","SECURITY_CODE":"01408","SECURITY_NAME_ABBR":"濠江机电","ORG_CODE":"10929937","STD_REPORT_DATE":"2020-06-30 00:00:00","REPORT_DATE":"2020-06-30 00:00:00","DATE_TYPE_CODE":"002","REPORT_TYPE":"2020年中报","PER_NETCASH_OPERATE":null,"PER_OI":null,"BPS":0.210355701785,"BASIC_EPS":0.03633239436,"DILUTED_EPS":null,"OPERATE_INCOME":112017202.59168,"OPERATE_INCOME_YOY":30.9194854693,"GROSS_PROFIT":26421626.10336,"GROSS_PROFIT_YOY":41.040142150037,"HOLDER_PROFIT":14408009.75364,"HOLDER_PROFIT_YOY":-0.5687377691,"GROSS_PROFIT_RATIO":23.587114739573,"EPS_TTM":null,"OPERATE_INCOME_QOQ":14.544448680608,"NET_PROFIT_RATIO":12.8623188406,"ROE_AVG":14.705975461399,"GROSS_PROFIT_QOQ":16.742561131754,"ROA":9.891948456493,"HOLDER_PROFIT_QOQ":1.427360313306,"ROE_YEARLY":29.411950922798,"ROIC_YEARLY":26.16595320094,"TOTAL_ASSETS":143786779.91364,"TOTAL_LIABILITIES":38608929.02124,"TAX_EBT":15.969817561631,"OCF_SALES":11.083950382887,"TOTAL_PARENT_EQUITY":105177850.8924,"DEBT_ASSET_RATIO":26.8515151702,"OPERATE_PROFIT":17182564.0644,"PRETAX_PROFIT":17146231.67004,"NETCASH_OPERATE":12415931.15556,"NETCASH_INVEST":3544.62384,"NETCASH_FINANCE":-1693444.03956,"END_CASH":40889008.30632,"DIVI_RATIO":null,"DIVIDEND_RATE":null,"CURRENT_RATIO":3.738075744462,"COMMON_ACS":2000000000,"CURRENTDEBT_DEBT":98.117927884505,"ISSUED_COMMON_SHARES":500000000,"HK_COMMON_SHARES":500000000,"PER_SHARES":2000,"TOTAL_MARKET_CAP":68500000,"HKSK_MARKET_CAP":68500000,"PE_TTM":-26.766209591195,"PB_TTM":0.351636678469,"REPORT_DATE_SQ":"2019-06-30 00:00:00","REPORT_TYPE_SQ":"2019年中报","OPERATE_INCOME_SQ":82120472.75468,"DPS_HKD":null,"OPERATE_INCOME_QOQ_SQ":0,"NET_PROFIT_RATIO_SQ":16.9356008037,"HOLDER_PROFIT_SQ":13907595.44384,"HOLDER_PROFIT_QOQ_SQ":0,"ROE_AVG_SQ":null,"PE_TTM_SQ":-16.961721957687,"PB_TTM_SQ":0.372254499802,"ROA_SQ":null,"START_DATE":"2020-01-01 00:00:00","FISCAL_YEAR":"12-31","CURRENCY":"HKD","IS_CNY_CODE":0,"DPS_HKD_LY":null,"ORG_TYPE":"一般企业","PREMIUM_INCOME":null,"PREMIUM_INCOME_YOY":null,"NET_INTEREST_INCOME":null,"NET_INTEREST_INCOME_YOY":null,"FEE_COMMISSION_INCOME":null,"FEE_COMMISSION_INCOME_YOY":null,"ACCOUNTS_RECE_TDAYS":2.358006267721,"INVENTORY_TDAYS":null,"CURRENT_ASSETS_TDAYS":0.779617740115,"TOTAL_ASSETS_TDAYS":0.769064161688,"PREMIUM_EXPENSE":null,"LOAN_DEPOSIT":null,"LOAN_EQUITY":null,"LOAN_ASSETS":null,"DEPOSIT_EQUITY":null,"DEPOSIT_ASSETS":null,"EQUITY_MULTIPLIER":1.367082315275,"EQUITY_RATIO":0.367082315275}],"count":15},"success":true,"message":"ok","code":0}