{"version":"e4aa6659b7d334560e9a7d6f516fdf22","result":{"pages":4,"data":[{"SECUCODE":"01402.HK","SECURITY_CODE":"01402","SECURITY_NAME_ABBR":"超智能控股","ORG_CODE":"10431042","STD_REPORT_DATE":"2024-06-30 00:00:00","REPORT_DATE":"2024-09-30 00:00:00","DATE_TYPE_CODE":"002","REPORT_TYPE":"2024年中报","PER_NETCASH_OPERATE":0.007145644893,"PER_OI":0.054205262028,"BPS":0.102223755345,"BASIC_EPS":-0.014248282,"DILUTED_EPS":-0.014248282,"OPERATE_INCOME":56942627.76,"OPERATE_INCOME_YOY":-9.5384086416,"GROSS_PROFIT":19249609.34,"GROSS_PROFIT_YOY":-8.03363283557,"HOLDER_PROFIT":-14958892.52,"HOLDER_PROFIT_YOY":-510.0772342773,"GROSS_PROFIT_RATIO":33.805270492842,"EPS_TTM":-0.011116779724,"OPERATE_INCOME_QOQ":0,"NET_PROFIT_RATIO":-27.0540352211,"ROE_AVG":-12.744559476019,"GROSS_PROFIT_QOQ":0,"ROA":-9.526380170795,"HOLDER_PROFIT_QOQ":0,"ROE_YEARLY":-25.489118952039,"ROIC_YEARLY":-24.441923173265,"TOTAL_ASSETS":142579311.53,"TOTAL_LIABILITIES":35193256.54,"TAX_EBT":-2.377690802348,"OCF_SALES":13.18256683137,"TOTAL_PARENT_EQUITY":107386054.99,"DEBT_ASSET_RATIO":24.6832841051,"OPERATE_PROFIT":-8859184.96,"PRETAX_PROFIT":-9216293.8,"NETCASH_OPERATE":7506499.96,"NETCASH_INVEST":19839.38,"NETCASH_FINANCE":-2425815.1,"END_CASH":37358454.33,"DIVI_RATIO":null,"DIVIDEND_RATE":null,"CURRENT_RATIO":2.173613899821,"COMMON_ACS":2000000000,"CURRENTDEBT_DEBT":95.713114334034,"ISSUED_COMMON_SHARES":1050500000,"HK_COMMON_SHARES":1050500000,"PER_SHARES":10000,"TOTAL_MARKET_CAP":262625000,"HKSK_MARKET_CAP":262625000,"PE_TTM":-9.817390004112,"PB_TTM":2.20543159698,"REPORT_DATE_SQ":"2023-06-30 00:00:00","REPORT_TYPE_SQ":"2023年中报","OPERATE_INCOME_SQ":64052409.26,"DPS_HKD":null,"OPERATE_INCOME_QOQ_SQ":0,"NET_PROFIT_RATIO_SQ":-3.9942392051,"HOLDER_PROFIT_SQ":-2495035.97,"HOLDER_PROFIT_QOQ_SQ":0,"ROE_AVG_SQ":-1.61033361564,"PE_TTM_SQ":263.443146417445,"PB_TTM_SQ":1.068748380737,"ROA_SQ":-1.212634771265,"START_DATE":"2024-04-01 00:00:00","FISCAL_YEAR":"3-31","CURRENCY":"HKD","IS_CNY_CODE":0,"DPS_HKD_LY":null,"ORG_TYPE":"一般企业","PREMIUM_INCOME":null,"PREMIUM_INCOME_YOY":null,"NET_INTEREST_INCOME":null,"NET_INTEREST_INCOME_YOY":null,"FEE_COMMISSION_INCOME":null,"FEE_COMMISSION_INCOME_YOY":null,"ACCOUNTS_RECE_TDAYS":1.889718535366,"INVENTORY_TDAYS":5.138045482483,"CURRENT_ASSETS_TDAYS":0.708404619933,"TOTAL_ASSETS_TDAYS":0.362631872139,"PREMIUM_EXPENSE":null,"LOAN_DEPOSIT":null,"LOAN_EQUITY":null,"LOAN_ASSETS":null,"DEPOSIT_EQUITY":null,"DEPOSIT_ASSETS":null,"EQUITY_MULTIPLIER":1.327726505488,"EQUITY_RATIO":0.327726505488},{"SECUCODE":"01402.HK","SECURITY_CODE":"01402","SECURITY_NAME_ABBR":"超智能控股","ORG_CODE":"10431042","STD_REPORT_DATE":"2023-12-31 00:00:00","REPORT_DATE":"2024-03-31 00:00:00","DATE_TYPE_CODE":"001","REPORT_TYPE":"2023年年报","PER_NETCASH_OPERATE":0.008648685483,"PER_OI":0.112342299429,"BPS":0.121880706997,"BASIC_EPS":-0.011150565,"DILUTED_EPS":-0.011150565,"OPERATE_INCOME":118015585.55,"OPERATE_INCOME_YOY":-17.5255315375,"GROSS_PROFIT":41799207.4,"GROSS_PROFIT_YOY":-20.874721477643,"HOLDER_PROFIT":-11678177.1,"HOLDER_PROFIT_YOY":-324.464192368,"GROSS_PROFIT_RATIO":35.418379026125,"EPS_TTM":0.000360003522,"OPERATE_INCOME_QOQ":0,"NET_PROFIT_RATIO":-11.0062144245,"ROE_AVG":-8.034252534482,"GROSS_PROFIT_QOQ":0,"ROA":-6.043560361713,"HOLDER_PROFIT_QOQ":0,"ROE_YEARLY":-8.034252534482,"ROIC_YEARLY":-7.567475481485,"TOTAL_ASSETS":172377762.85,"TOTAL_LIABILITIES":44759093.15,"TAX_EBT":0.160267577172,"OCF_SALES":7.698512071654,"TOTAL_PARENT_EQUITY":128035682.7,"DEBT_ASSET_RATIO":25.9657002214,"OPERATE_PROFIT":-12069806.7,"PRETAX_PROFIT":-13009899.05,"NETCASH_OPERATE":9085444.1,"NETCASH_INVEST":-482284.6,"NETCASH_FINANCE":-20854276.2,"END_CASH":32471714.45,"DIVI_RATIO":null,"DIVIDEND_RATE":null,"CURRENT_RATIO":2.062635448094,"COMMON_ACS":2000000000,"CURRENTDEBT_DEBT":95.327405667065,"ISSUED_COMMON_SHARES":1050500000,"HK_COMMON_SHARES":1050500000,"PER_SHARES":10000,"TOTAL_MARKET_CAP":260524000,"HKSK_MARKET_CAP":260524000,"PE_TTM":-9.738850884079,"PB_TTM":2.187788144204,"REPORT_DATE_SQ":"2022-12-31 00:00:00","REPORT_TYPE_SQ":"2022年年报","OPERATE_INCOME_SQ":138178216.04,"DPS_HKD":null,"OPERATE_INCOME_QOQ_SQ":0,"NET_PROFIT_RATIO_SQ":3.3197334077,"HOLDER_PROFIT_SQ":5023977.99,"HOLDER_PROFIT_QOQ_SQ":0,"ROE_AVG_SQ":3.244691827775,"PE_TTM_SQ":297.805295950156,"PB_TTM_SQ":1.208150343442,"ROA_SQ":2.391479183422,"START_DATE":"2023-04-01 00:00:00","FISCAL_YEAR":"3-31","CURRENCY":"HKD","IS_CNY_CODE":0,"DPS_HKD_LY":0.012,"ORG_TYPE":"一般企业","PREMIUM_INCOME":null,"PREMIUM_INCOME_YOY":null,"NET_INTEREST_INCOME":null,"NET_INTEREST_INCOME_YOY":null,"FEE_COMMISSION_INCOME":null,"FEE_COMMISSION_INCOME_YOY":null,"ACCOUNTS_RECE_TDAYS":2.921738935272,"INVENTORY_TDAYS":5.646272666219,"CURRENT_ASSETS_TDAYS":1.147975538027,"TOTAL_ASSETS_TDAYS":0.610741136041,"PREMIUM_EXPENSE":null,"LOAN_DEPOSIT":null,"LOAN_EQUITY":null,"LOAN_ASSETS":null,"DEPOSIT_EQUITY":null,"DEPOSIT_ASSETS":null,"EQUITY_MULTIPLIER":1.350725275974,"EQUITY_RATIO":0.34958296161},{"SECUCODE":"01402.HK","SECURITY_CODE":"01402","SECURITY_NAME_ABBR":"超智能控股","ORG_CODE":"10431042","STD_REPORT_DATE":"2023-06-30 00:00:00","REPORT_DATE":"2023-09-30 00:00:00","DATE_TYPE_CODE":"002","REPORT_TYPE":"2023年中报","PER_NETCASH_OPERATE":0.002720133099,"PER_OI":0.060973259648,"BPS":0.138234997744,"BASIC_EPS":-0.002385838,"DILUTED_EPS":-0.002385838,"OPERATE_INCOME":64052409.26,"OPERATE_INCOME_YOY":2.8874388254,"GROSS_PROFIT":20931140.3,"GROSS_PROFIT_YOY":-11.968305609419,"HOLDER_PROFIT":-2495035.97,"HOLDER_PROFIT_YOY":-214.3397813288,"GROSS_PROFIT_RATIO":33.119285450029,"EPS_TTM":0.004782463579,"OPERATE_INCOME_QOQ":0,"NET_PROFIT_RATIO":-3.9942392051,"ROE_AVG":-1.61033361564,"GROSS_PROFIT_QOQ":0,"ROA":-1.212634771265,"HOLDER_PROFIT_QOQ":0,"ROE_YEARLY":-3.22066723128,"ROIC_YEARLY":-2.970537706655,"TOTAL_ASSETS":194800919.81,"TOTAL_LIABILITIES":48971160.21,"TAX_EBT":-68.527918781726,"OCF_SALES":4.114475979071,"TOTAL_PARENT_EQUITY":145215865.13,"DEBT_ASSET_RATIO":25.1390805843,"OPERATE_PROFIT":-95433.52,"PRETAX_PROFIT":-542319.33,"NETCASH_OPERATE":2857499.82,"NETCASH_INVEST":-315664.72,"NETCASH_FINANCE":-18945388.98,"END_CASH":28591515.54,"DIVI_RATIO":null,"DIVIDEND_RATE":null,"CURRENT_RATIO":2.103329281205,"COMMON_ACS":2000000000,"CURRENTDEBT_DEBT":95.568422433339,"ISSUED_COMMON_SHARES":1050500000,"HK_COMMON_SHARES":1050500000,"PER_SHARES":10000,"TOTAL_MARKET_CAP":260524000,"HKSK_MARKET_CAP":260524000,"PE_TTM":-9.738850884079,"PB_TTM":2.187788144204,"REPORT_DATE_SQ":"2022-06-30 00:00:00","REPORT_TYPE_SQ":"2022年中报","OPERATE_INCOME_SQ":66530606.4,"DPS_HKD":null,"OPERATE_INCOME_QOQ_SQ":0,"NET_PROFIT_RATIO_SQ":2.7664491572,"HOLDER_PROFIT_SQ":2150758.32,"HOLDER_PROFIT_QOQ_SQ":0,"ROE_AVG_SQ":1.381241142167,"PE_TTM_SQ":297.805295950156,"PB_TTM_SQ":1.208150343442,"ROA_SQ":0.990552676742,"START_DATE":"2023-04-01 00:00:00","FISCAL_YEAR":"3-31","CURRENCY":"HKD","IS_CNY_CODE":0,"DPS_HKD_LY":0.012,"ORG_TYPE":"一般企业","PREMIUM_INCOME":null,"PREMIUM_INCOME_YOY":null,"NET_INTEREST_INCOME":null,"NET_INTEREST_INCOME_YOY":null,"FEE_COMMISSION_INCOME":null,"FEE_COMMISSION_INCOME_YOY":null,"ACCOUNTS_RECE_TDAYS":1.414599546044,"INVENTORY_TDAYS":2.77434913675,"CURRENT_ASSETS_TDAYS":0.638697018924,"TOTAL_ASSETS_TDAYS":0.33753972059,"PREMIUM_EXPENSE":null,"LOAN_DEPOSIT":null,"LOAN_EQUITY":null,"LOAN_ASSETS":null,"DEPOSIT_EQUITY":null,"DEPOSIT_ASSETS":null,"EQUITY_MULTIPLIER":1.335810470677,"EQUITY_RATIO":0.337230096492},{"SECUCODE":"01402.HK","SECURITY_CODE":"01402","SECURITY_NAME_ABBR":"超智能控股","ORG_CODE":"10431042","STD_REPORT_DATE":"2022-12-31 00:00:00","REPORT_DATE":"2023-03-31 00:00:00","DATE_TYPE_CODE":"001","REPORT_TYPE":"2022年年报","PER_NETCASH_OPERATE":-0.003710805074,"PER_OI":0.13153566496,"BPS":0.149534694555,"BASIC_EPS":0.004814755,"DILUTED_EPS":0.004814755,"OPERATE_INCOME":138178216.04,"OPERATE_INCOME_YOY":-7.934767393,"GROSS_PROFIT":52826616.45,"GROSS_PROFIT_YOY":7.020282939542,"HOLDER_PROFIT":5023977.99,"HOLDER_PROFIT_YOY":-14.3049126475,"GROSS_PROFIT_RATIO":38.230784825524,"EPS_TTM":0.004828255602,"OPERATE_INCOME_QOQ":0,"NET_PROFIT_RATIO":3.3197334077,"ROE_AVG":3.244691827775,"GROSS_PROFIT_QOQ":0,"ROA":2.391479183422,"HOLDER_PROFIT_QOQ":0,"ROE_YEARLY":3.244691827775,"ROIC_YEARLY":3.209309738373,"TOTAL_ASSETS":206735074.78,"TOTAL_LIABILITIES":48727946.83,"TAX_EBT":23.881464264962,"OCF_SALES":-2.821139859608,"TOTAL_PARENT_EQUITY":157086196.63,"DEBT_ASSET_RATIO":23.5702368753,"OPERATE_PROFIT":6647863.54,"PRETAX_PROFIT":6026322.44,"NETCASH_OPERATE":-3898200.73,"NETCASH_INVEST":-7695729.31,"NETCASH_FINANCE":-6891227.52,"END_CASH":43277644.17,"DIVI_RATIO":null,"DIVIDEND_RATE":null,"CURRENT_RATIO":2.393420542814,"COMMON_ACS":2000000000,"CURRENTDEBT_DEBT":97.36988663924,"ISSUED_COMMON_SHARES":1050500000,"HK_COMMON_SHARES":1050500000,"PER_SHARES":10000,"TOTAL_MARKET_CAP":260524000,"HKSK_MARKET_CAP":260524000,"PE_TTM":-9.738850884079,"PB_TTM":2.187788144204,"REPORT_DATE_SQ":"2021-12-31 00:00:00","REPORT_TYPE_SQ":"2021年年报","OPERATE_INCOME_SQ":139046042.48,"DPS_HKD":null,"OPERATE_INCOME_QOQ_SQ":0,"NET_PROFIT_RATIO_SQ":3.8991414306,"HOLDER_PROFIT_SQ":5431333.97,"HOLDER_PROFIT_QOQ_SQ":0,"ROE_AVG_SQ":4.19503761565,"PE_TTM_SQ":297.805295950156,"PB_TTM_SQ":1.208150343442,"ROA_SQ":2.966792479578,"START_DATE":"2022-04-01 00:00:00","FISCAL_YEAR":"3-31","CURRENCY":"HKD","IS_CNY_CODE":0,"DPS_HKD_LY":0.005,"ORG_TYPE":"一般企业","PREMIUM_INCOME":null,"PREMIUM_INCOME_YOY":null,"NET_INTEREST_INCOME":null,"NET_INTEREST_INCOME_YOY":null,"FEE_COMMISSION_INCOME":null,"FEE_COMMISSION_INCOME_YOY":null,"ACCOUNTS_RECE_TDAYS":3.363607304963,"INVENTORY_TDAYS":5.169344149303,"CURRENT_ASSETS_TDAYS":1.140268878181,"TOTAL_ASSETS_TDAYS":0.65774636736,"PREMIUM_EXPENSE":null,"LOAN_DEPOSIT":null,"LOAN_EQUITY":null,"LOAN_ASSETS":null,"DEPOSIT_EQUITY":null,"DEPOSIT_ASSETS":null,"EQUITY_MULTIPLIER":1.30839081415,"EQUITY_RATIO":0.310198781786},{"SECUCODE":"01402.HK","SECURITY_CODE":"01402","SECURITY_NAME_ABBR":"超智能控股","ORG_CODE":"10431042","STD_REPORT_DATE":"2022-06-30 00:00:00","REPORT_DATE":"2022-09-30 00:00:00","DATE_TYPE_CODE":"002","REPORT_TYPE":"2022年中报","PER_NETCASH_OPERATE":-0.001830404036,"PER_OI":0.063332324036,"BPS":0.146384109053,"BASIC_EPS":0.002080212,"DILUTED_EPS":0.002080212,"OPERATE_INCOME":66530606.4,"OPERATE_INCOME_YOY":-1.0079532762,"GROSS_PROFIT":23776823.16,"GROSS_PROFIT_YOY":0.01944708512,"HOLDER_PROFIT":2150758.32,"HOLDER_PROFIT_YOY":-21.0753401925,"GROSS_PROFIT_RATIO":35.738172920065,"EPS_TTM":0.005170237001,"OPERATE_INCOME_QOQ":0,"NET_PROFIT_RATIO":2.7664491572,"ROE_AVG":1.381241142167,"GROSS_PROFIT_QOQ":0,"ROA":0.990552676742,"HOLDER_PROFIT_QOQ":0,"ROE_YEARLY":2.762482284334,"ROIC_YEARLY":2.686740011581,"TOTAL_ASSETS":213755349.6,"TOTAL_LIABILITIES":58927883.76,"TAX_EBT":17.040358744395,"OCF_SALES":-2.890157694399,"TOTAL_PARENT_EQUITY":153776506.56,"DEBT_ASSET_RATIO":27.5679106372,"OPERATE_PROFIT":2431134.72,"PRETAX_PROFIT":2218591.32,"NETCASH_OPERATE":-1922839.44,"NETCASH_INVEST":-7909327.8,"NETCASH_FINANCE":-5479097.52,"END_CASH":48044757.24,"DIVI_RATIO":null,"DIVIDEND_RATE":null,"CURRENT_RATIO":2.080240941294,"COMMON_ACS":2000000000,"CURRENTDEBT_DEBT":98.354667403383,"ISSUED_COMMON_SHARES":1050500000,"HK_COMMON_SHARES":1050500000,"PER_SHARES":10000,"TOTAL_MARKET_CAP":260524000,"HKSK_MARKET_CAP":260524000,"PE_TTM":-9.738850884079,"PB_TTM":2.187788144204,"REPORT_DATE_SQ":"2021-06-30 00:00:00","REPORT_TYPE_SQ":"2021年中报","OPERATE_INCOME_SQ":61903855.54,"DPS_HKD":null,"OPERATE_INCOME_QOQ_SQ":0,"NET_PROFIT_RATIO_SQ":3.7599752385,"HOLDER_PROFIT_SQ":2510009.78,"HOLDER_PROFIT_QOQ_SQ":0,"ROE_AVG_SQ":1.914851699089,"PE_TTM_SQ":297.805295950156,"PB_TTM_SQ":1.208150343442,"ROA_SQ":1.39061645432,"START_DATE":"2022-04-01 00:00:00","FISCAL_YEAR":"3-31","CURRENCY":"HKD","IS_CNY_CODE":0,"DPS_HKD_LY":0.005,"ORG_TYPE":"一般企业","PREMIUM_INCOME":null,"PREMIUM_INCOME_YOY":null,"NET_INTEREST_INCOME":null,"NET_INTEREST_INCOME_YOY":null,"FEE_COMMISSION_INCOME":null,"FEE_COMMISSION_INCOME_YOY":null,"ACCOUNTS_RECE_TDAYS":1.598557039323,"INVENTORY_TDAYS":2.564824611378,"CURRENT_ASSETS_TDAYS":0.524606064064,"TOTAL_ASSETS_TDAYS":0.306413182932,"PREMIUM_EXPENSE":null,"LOAN_DEPOSIT":null,"LOAN_EQUITY":null,"LOAN_ASSETS":null,"DEPOSIT_EQUITY":null,"DEPOSIT_ASSETS":null,"EQUITY_MULTIPLIER":1.380603554029,"EQUITY_RATIO":0.383204724039},{"SECUCODE":"01402.HK","SECURITY_CODE":"01402","SECURITY_NAME_ABBR":"超智能控股","ORG_CODE":"10431042","STD_REPORT_DATE":"2021-12-31 00:00:00","REPORT_DATE":"2022-03-31 00:00:00","DATE_TYPE_CODE":"001","REPORT_TYPE":"2021年年报","PER_NETCASH_OPERATE":0.004227597106,"PER_OI":0.132361772946,"BPS":0.134566670195,"BASIC_EPS":0.005271565,"DILUTED_EPS":0.005271565,"OPERATE_INCOME":139046042.48,"OPERATE_INCOME_YOY":17.9309396065,"GROSS_PROFIT":49361312.64,"GROSS_PROFIT_YOY":2.781116204698,"HOLDER_PROFIT":5431333.97,"HOLDER_PROFIT_YOY":-47.6346860583,"GROSS_PROFIT_RATIO":35.499976669311,"EPS_TTM":0.004736383056,"OPERATE_INCOME_QOQ":0,"NET_PROFIT_RATIO":3.8991414306,"ROE_AVG":4.19503761565,"GROSS_PROFIT_QOQ":0,"ROA":2.966792479578,"HOLDER_PROFIT_QOQ":0,"ROE_YEARLY":4.19503761565,"ROIC_YEARLY":4.306517007109,"TOTAL_ASSETS":197720993.96,"TOTAL_LIABILITIES":55722875.08,"TAX_EBT":23.213875488169,"OCF_SALES":3.193971349914,"TOTAL_PARENT_EQUITY":141362287.04,"DEBT_ASSET_RATIO":28.1825788774,"OPERATE_PROFIT":7361537.77,"PRETAX_PROFIT":7060653.06,"NETCASH_OPERATE":4441090.76,"NETCASH_INVEST":-17672718.91,"NETCASH_FINANCE":14840671.99,"END_CASH":57609284.34,"DIVI_RATIO":null,"DIVIDEND_RATE":null,"CURRENT_RATIO":2.188664931201,"COMMON_ACS":2000000000,"CURRENTDEBT_DEBT":97.841590498923,"ISSUED_COMMON_SHARES":1050500000,"HK_COMMON_SHARES":1050500000,"PER_SHARES":10000,"TOTAL_MARKET_CAP":260524000,"HKSK_MARKET_CAP":260524000,"PE_TTM":-9.738850884079,"PB_TTM":2.187788144204,"REPORT_DATE_SQ":"2020-12-31 00:00:00","REPORT_TYPE_SQ":"2020年年报","OPERATE_INCOME_SQ":122872268.4,"DPS_HKD":null,"OPERATE_INCOME_QOQ_SQ":0,"NET_PROFIT_RATIO_SQ":8.7522355207,"HOLDER_PROFIT_SQ":10809007.02,"HOLDER_PROFIT_QOQ_SQ":0,"ROE_AVG_SQ":8.942168523063,"PE_TTM_SQ":297.805295950156,"PB_TTM_SQ":1.208150343442,"ROA_SQ":6.121262160319,"START_DATE":"2021-04-01 00:00:00","FISCAL_YEAR":"3-31","CURRENCY":"HKD","IS_CNY_CODE":0,"DPS_HKD_LY":0.0065,"ORG_TYPE":"一般企业","PREMIUM_INCOME":null,"PREMIUM_INCOME_YOY":null,"NET_INTEREST_INCOME":null,"NET_INTEREST_INCOME_YOY":null,"FEE_COMMISSION_INCOME":null,"FEE_COMMISSION_INCOME_YOY":null,"ACCOUNTS_RECE_TDAYS":4.27801829002,"INVENTORY_TDAYS":7.271675160283,"CURRENT_ASSETS_TDAYS":1.275873103284,"TOTAL_ASSETS_TDAYS":0.759520138926,"PREMIUM_EXPENSE":null,"LOAN_DEPOSIT":null,"LOAN_EQUITY":null,"LOAN_ASSETS":null,"DEPOSIT_EQUITY":null,"DEPOSIT_ASSETS":null,"EQUITY_MULTIPLIER":1.392419811751,"EQUITY_RATIO":0.394184872407},{"SECUCODE":"01402.HK","SECURITY_CODE":"01402","SECURITY_NAME_ABBR":"超智能控股","ORG_CODE":"10431042","STD_REPORT_DATE":"2021-06-30 00:00:00","REPORT_DATE":"2021-09-30 00:00:00","DATE_TYPE_CODE":"002","REPORT_TYPE":"2021年中报","PER_NETCASH_OPERATE":-0.007389293746,"PER_OI":0.058927991947,"BPS":0.134590141076,"BASIC_EPS":0.00249918,"DILUTED_EPS":0.00249918,"OPERATE_INCOME":61903855.54,"OPERATE_INCOME_YOY":-1.2767370798,"GROSS_PROFIT":23772200.16,"GROSS_PROFIT_YOY":-11.309661516703,"HOLDER_PROFIT":2510009.78,"HOLDER_PROFIT_YOY":-68.2675092154,"GROSS_PROFIT_RATIO":38.401808663823,"EPS_TTM":0.010803605217,"OPERATE_INCOME_QOQ":0,"NET_PROFIT_RATIO":3.7599752385,"ROE_AVG":1.914851699089,"GROSS_PROFIT_QOQ":0,"ROA":1.39061645432,"HOLDER_PROFIT_QOQ":0,"ROE_YEARLY":3.829703398179,"ROIC_YEARLY":4.237887104544,"TOTAL_ASSETS":187992484.9,"TOTAL_LIABILITIES":46094875.92,"TAX_EBT":26.896912611198,"OCF_SALES":-12.539530877821,"TOTAL_PARENT_EQUITY":141386943.2,"DEBT_ASSET_RATIO":24.5195311635,"OPERATE_PROFIT":3343069.78,"PRETAX_PROFIT":3183955.32,"NETCASH_OPERATE":-7762453.08,"NETCASH_INVEST":-15828.14,"NETCASH_FINANCE":16997756.24,"END_CASH":66398214.24,"DIVI_RATIO":null,"DIVIDEND_RATE":null,"CURRENT_RATIO":2.606810287488,"COMMON_ACS":2000000000,"CURRENTDEBT_DEBT":97.816814863009,"ISSUED_COMMON_SHARES":1050500000,"HK_COMMON_SHARES":1050500000,"PER_SHARES":10000,"TOTAL_MARKET_CAP":260524000,"HKSK_MARKET_CAP":260524000,"PE_TTM":-9.738850884079,"PB_TTM":2.187788144204,"REPORT_DATE_SQ":"2020-06-30 00:00:00","REPORT_TYPE_SQ":"2020年中报","OPERATE_INCOME_SQ":66141254.4,"DPS_HKD":null,"OPERATE_INCOME_QOQ_SQ":0,"NET_PROFIT_RATIO_SQ":12.6145874851,"HOLDER_PROFIT_SQ":8343446.4,"HOLDER_PROFIT_QOQ_SQ":0,"ROE_AVG_SQ":6.719436119358,"PE_TTM_SQ":297.805295950156,"PB_TTM_SQ":1.208150343442,"ROA_SQ":4.676280251766,"START_DATE":"2021-04-01 00:00:00","FISCAL_YEAR":"3-31","CURRENCY":"HKD","IS_CNY_CODE":0,"DPS_HKD_LY":0.0065,"ORG_TYPE":"一般企业","PREMIUM_INCOME":null,"PREMIUM_INCOME_YOY":null,"NET_INTEREST_INCOME":null,"NET_INTEREST_INCOME_YOY":null,"FEE_COMMISSION_INCOME":null,"FEE_COMMISSION_INCOME_YOY":null,"ACCOUNTS_RECE_TDAYS":1.96426164074,"INVENTORY_TDAYS":3.07366371206,"CURRENT_ASSETS_TDAYS":0.565706933829,"TOTAL_ASSETS_TDAYS":0.342964879204,"PREMIUM_EXPENSE":null,"LOAN_DEPOSIT":null,"LOAN_EQUITY":null,"LOAN_ASSETS":null,"DEPOSIT_EQUITY":null,"DEPOSIT_ASSETS":null,"EQUITY_MULTIPLIER":1.324846036882,"EQUITY_RATIO":0.326019325949},{"SECUCODE":"01402.HK","SECURITY_CODE":"01402","SECURITY_NAME_ABBR":"超智能控股","ORG_CODE":"10431042","STD_REPORT_DATE":"2020-12-31 00:00:00","REPORT_DATE":"2021-03-31 00:00:00","DATE_TYPE_CODE":"001","REPORT_TYPE":"2020年年报","PER_NETCASH_OPERATE":0.00750350804,"PER_OI":0.1228722684,"BPS":0.116642080952,"BASIC_EPS":0.010818304,"DILUTED_EPS":0.010818304,"OPERATE_INCOME":122872268.4,"OPERATE_INCOME_YOY":-8.2799172261,"GROSS_PROFIT":48025663.14,"GROSS_PROFIT_YOY":-22.301115443213,"HOLDER_PROFIT":10809007.02,"HOLDER_PROFIT_YOY":387.9435330027,"GROSS_PROFIT_RATIO":39.085843995048,"EPS_TTM":0.0097189828,"OPERATE_INCOME_QOQ":0,"NET_PROFIT_RATIO":8.7522355207,"ROE_AVG":8.942168523063,"GROSS_PROFIT_QOQ":0,"ROA":6.121262160319,"HOLDER_PROFIT_QOQ":0,"ROE_YEARLY":8.942168523063,"ROIC_YEARLY":9.191131553416,"TOTAL_ASSETS":175516840.24,"TOTAL_LIABILITIES":53037580.54,"TAX_EBT":13.247426194859,"OCF_SALES":6.10675471179,"TOTAL_PARENT_EQUITY":122532506.04,"DEBT_ASSET_RATIO":30.217944026,"OPERATE_PROFIT":12888149.82,"PRETAX_PROFIT":12396255.06,"NETCASH_OPERATE":7503508.04,"NETCASH_INVEST":-473300.8,"NETCASH_FINANCE":-9003702.54,"END_CASH":58057104.56,"DIVI_RATIO":null,"DIVIDEND_RATE":null,"CURRENT_RATIO":1.976131286051,"COMMON_ACS":2000000000,"CURRENTDEBT_DEBT":98.074992430641,"ISSUED_COMMON_SHARES":1050500000,"HK_COMMON_SHARES":1050500000,"PER_SHARES":10000,"TOTAL_MARKET_CAP":260524000,"HKSK_MARKET_CAP":260524000,"PE_TTM":-9.738850884079,"PB_TTM":2.187788144204,"REPORT_DATE_SQ":"2019-12-31 00:00:00","REPORT_TYPE_SQ":"2019年年报","OPERATE_INCOME_SQ":144825104.8,"DPS_HKD":null,"OPERATE_INCOME_QOQ_SQ":0,"NET_PROFIT_RATIO_SQ":1.6535860294,"HOLDER_PROFIT_SQ":2394807.7,"HOLDER_PROFIT_QOQ_SQ":0,"ROE_AVG_SQ":1.797452294821,"PE_TTM_SQ":297.805295950156,"PB_TTM_SQ":1.208150343442,"ROA_SQ":1.173434096745,"START_DATE":"2020-04-01 00:00:00","FISCAL_YEAR":"3-31","CURRENCY":"HKD","IS_CNY_CODE":0,"DPS_HKD_LY":0.009,"ORG_TYPE":"一般企业","PREMIUM_INCOME":null,"PREMIUM_INCOME_YOY":null,"NET_INTEREST_INCOME":null,"NET_INTEREST_INCOME_YOY":null,"FEE_COMMISSION_INCOME":null,"FEE_COMMISSION_INCOME_YOY":null,"ACCOUNTS_RECE_TDAYS":3.95075819338,"INVENTORY_TDAYS":7.424295774648,"CURRENT_ASSETS_TDAYS":1.195628037798,"TOTAL_ASSETS_TDAYS":0.695839465843,"PREMIUM_EXPENSE":null,"LOAN_DEPOSIT":null,"LOAN_EQUITY":null,"LOAN_ASSETS":null,"DEPOSIT_EQUITY":null,"DEPOSIT_ASSETS":null,"EQUITY_MULTIPLIER":1.433033157367,"EQUITY_RATIO":0.432844983377},{"SECUCODE":"01402.HK","SECURITY_CODE":"01402","SECURITY_NAME_ABBR":"超智能控股","ORG_CODE":"10431042","STD_REPORT_DATE":"2020-06-30 00:00:00","REPORT_DATE":"2020-09-30 00:00:00","DATE_TYPE_CODE":"002","REPORT_TYPE":"2020年中报","PER_NETCASH_OPERATE":-0.0026229792,"PER_OI":0.0661412544,"BPS":0.118405951604,"BASIC_EPS":0.00834784,"DILUTED_EPS":0.00834784,"OPERATE_INCOME":66141254.4,"OPERATE_INCOME_YOY":-12.0533732152,"GROSS_PROFIT":26803596.16,"GROSS_PROFIT_YOY":-19.789971934407,"HOLDER_PROFIT":8343446.4,"HOLDER_PROFIT_YOY":740.2654867257,"GROSS_PROFIT_RATIO":40.524777467783,"EPS_TTM":0.0023948077,"OPERATE_INCOME_QOQ":0,"NET_PROFIT_RATIO":12.6145874851,"ROE_AVG":6.719436119358,"GROSS_PROFIT_QOQ":0,"ROA":4.676280251766,"HOLDER_PROFIT_QOQ":0,"ROE_YEARLY":13.438872238715,"ROIC_YEARLY":13.621495997475,"TOTAL_ASSETS":172145641.6,"TOTAL_LIABILITIES":47760189.44,"TAX_EBT":10.945413618458,"OCF_SALES":-3.965723395775,"TOTAL_PARENT_EQUITY":124385452.16,"DEBT_ASSET_RATIO":27.7440596207,"OPERATE_PROFIT":9679979.52,"PRETAX_PROFIT":9368912.64,"NETCASH_OPERATE":-2622979.2,"NETCASH_INVEST":11423.36,"NETCASH_FINANCE":-10219513.6,"END_CASH":49500055.04,"DIVI_RATIO":null,"DIVIDEND_RATE":null,"CURRENT_RATIO":2.041221117176,"COMMON_ACS":2000000000,"CURRENTDEBT_DEBT":98.417721518987,"ISSUED_COMMON_SHARES":1050500000,"HK_COMMON_SHARES":1050500000,"PER_SHARES":10000,"TOTAL_MARKET_CAP":260524000,"HKSK_MARKET_CAP":260524000,"PE_TTM":-9.738850884079,"PB_TTM":2.187788144204,"REPORT_DATE_SQ":"2019-06-30 00:00:00","REPORT_TYPE_SQ":"2019年中报","OPERATE_INCOME_SQ":77199427.86,"DPS_HKD":null,"OPERATE_INCOME_QOQ_SQ":2.640555368208,"NET_PROFIT_RATIO_SQ":1.3203093964,"HOLDER_PROFIT_SQ":1019271.3,"HOLDER_PROFIT_QOQ_SQ":-0.677838853572,"ROE_AVG_SQ":0.778775943404,"PE_TTM_SQ":297.805295950156,"PB_TTM_SQ":1.208150343442,"ROA_SQ":0.511408250871,"START_DATE":"2020-04-01 00:00:00","FISCAL_YEAR":"3-31","CURRENCY":"HKD","IS_CNY_CODE":0,"DPS_HKD_LY":0.009,"ORG_TYPE":"一般企业","PREMIUM_INCOME":null,"PREMIUM_INCOME_YOY":null,"NET_INTEREST_INCOME":null,"NET_INTEREST_INCOME_YOY":null,"FEE_COMMISSION_INCOME":null,"FEE_COMMISSION_INCOME_YOY":null,"ACCOUNTS_RECE_TDAYS":1.894371248443,"INVENTORY_TDAYS":4.367938335447,"CURRENT_ASSETS_TDAYS":0.652383057282,"TOTAL_ASSETS_TDAYS":0.370704175409,"PREMIUM_EXPENSE":null,"LOAN_DEPOSIT":null,"LOAN_EQUITY":null,"LOAN_ASSETS":null,"DEPOSIT_EQUITY":null,"DEPOSIT_ASSETS":null,"EQUITY_MULTIPLIER":1.383969255331,"EQUITY_RATIO":0.383969255332}],"count":35},"success":true,"message":"ok","code":0}