{"version":"8214812b8605c429c6acbd9ec6f8a618","result":{"pages":1,"data":[{"SECUCODE":"01405.HK","SECURITY_CODE":"01405","SECURITY_NAME_ABBR":"达势股份","ORG_CODE":"10000311149","STD_REPORT_DATE":"2024-06-30 00:00:00","REPORT_DATE":"2024-06-30 00:00:00","DATE_TYPE_CODE":"002","REPORT_TYPE":"2024年中报","PER_NETCASH_OPERATE":2.888598943922,"PER_OI":15.649737900787,"BPS":16.510492345662,"BASIC_EPS":0.08,"DILUTED_EPS":0.08,"OPERATE_INCOME":2041461000,"OPERATE_INCOME_YOY":48.3221081541,"GROSS_PROFIT":1483650000,"GROSS_PROFIT_YOY":48.972210730939,"HOLDER_PROFIT":10907000,"HOLDER_PROFIT_YOY":24.6371843218,"GROSS_PROFIT_RATIO":72.675892412346,"EPS_TTM":-0.187409479025,"OPERATE_INCOME_QOQ":21.801151533329,"NET_PROFIT_RATIO":0.5342742281,"ROE_AVG":0.512629499814,"GROSS_PROFIT_QOQ":22.029983933468,"ROA":0.251673883995,"HOLDER_PROFIT_QOQ":8.104349133556,"ROE_YEARLY":1.025258999628,"ROIC_YEARLY":0.66515659187,"TOTAL_ASSETS":4521811000,"TOTAL_LIABILITIES":2365627000,"TAX_EBT":73.328605663423,"OCF_SALES":18.457810362285,"TOTAL_PARENT_EQUITY":2156184000,"DEBT_ASSET_RATIO":52.3159194402,"OPERATE_PROFIT":76437000,"PRETAX_PROFIT":40894000,"NETCASH_OPERATE":376809000,"NETCASH_INVEST":299070000,"NETCASH_FINANCE":-175093000,"END_CASH":1089066000,"DIVI_RATIO":null,"DIVIDEND_RATE":null,"CURRENT_RATIO":1.014319962112,"COMMON_ACS":500000000,"CURRENTDEBT_DEBT":54.714754270221,"ISSUED_COMMON_SHARES":130594773,"HK_COMMON_SHARES":130594773,"PER_SHARES":100,"TOTAL_MARKET_CAP":12093075979.8,"HKSK_MARKET_CAP":12093075979.8,"PE_TTM":-449.606602138958,"PB_TTM":5.118815734299,"REPORT_DATE_SQ":"2023-06-30 00:00:00","REPORT_TYPE_SQ":"2023年中报","OPERATE_INCOME_SQ":1376370000,"DPS_HKD":null,"OPERATE_INCOME_QOQ_SQ":23.138536482532,"NET_PROFIT_RATIO_SQ":0.6358028728,"HOLDER_PROFIT_SQ":8751000,"HOLDER_PROFIT_QOQ_SQ":46.815372453196,"ROE_AVG_SQ":0.611510100119,"PE_TTM_SQ":-55.642111635115,"PB_TTM_SQ":3.116026536006,"ROA_SQ":0.243997680753,"START_DATE":"2024-01-01 00:00:00","FISCAL_YEAR":"12-31","CURRENCY":"HKD","IS_CNY_CODE":0,"DPS_HKD_LY":null,"ORG_TYPE":"一般企业","PREMIUM_INCOME":null,"PREMIUM_INCOME_YOY":null,"NET_INTEREST_INCOME":null,"NET_INTEREST_INCOME_YOY":null,"FEE_COMMISSION_INCOME":null,"FEE_COMMISSION_INCOME_YOY":null,"ACCOUNTS_RECE_TDAYS":193.1555492478,"INVENTORY_TDAYS":7.42638992438,"CURRENT_ASSETS_TDAYS":1.615154657079,"TOTAL_ASSETS_TDAYS":0.471057503341,"PREMIUM_EXPENSE":null,"LOAN_DEPOSIT":null,"LOAN_EQUITY":null,"LOAN_ASSETS":null,"DEPOSIT_EQUITY":null,"DEPOSIT_ASSETS":null,"EQUITY_MULTIPLIER":2.09713595871,"EQUITY_RATIO":1.097135958712},{"SECUCODE":"01405.HK","SECURITY_CODE":"01405","SECURITY_NAME_ABBR":"达势股份","ORG_CODE":"10000311149","STD_REPORT_DATE":"2023-12-31 00:00:00","REPORT_DATE":"2023-12-31 00:00:00","DATE_TYPE_CODE":"001","REPORT_TYPE":"2023年年报","PER_NETCASH_OPERATE":4.121591778018,"PER_OI":23.454822287982,"BPS":16.073621874591,"BASIC_EPS":-0.22,"DILUTED_EPS":-0.22,"OPERATE_INCOME":3050715000,"OPERATE_INCOME_YOY":50.9665284203,"GROSS_PROFIT":2213919000,"GROSS_PROFIT_YOY":50.497393730269,"HOLDER_PROFIT":-26603000,"HOLDER_PROFIT_YOY":88.0506845377,"GROSS_PROFIT_RATIO":72.570495769025,"EPS_TTM":-0.204531933441,"OPERATE_INCOME_QOQ":22.598930223399,"NET_PROFIT_RATIO":-0.8720250826,"ROE_AVG":-1.865400581154,"GROSS_PROFIT_QOQ":22.6278888399,"ROA":-0.717510293493,"HOLDER_PROFIT_QOQ":77.53238856139,"ROE_YEARLY":-1.865400581154,"ROIC_YEARLY":-0.909213014498,"TOTAL_ASSETS":4145755000,"TOTAL_LIABILITIES":2046624000,"TAX_EBT":1269.36263736264,"OCF_SALES":17.572470715881,"TOTAL_PARENT_EQUITY":2099131000,"DEBT_ASSET_RATIO":49.3667377836,"OPERATE_PROFIT":76729000,"PRETAX_PROFIT":2275000,"NETCASH_OPERATE":536086000,"NETCASH_INVEST":-732121000,"NETCASH_FINANCE":217077000,"END_CASH":587038000,"DIVI_RATIO":null,"DIVIDEND_RATE":null,"CURRENT_RATIO":1.194589056787,"COMMON_ACS":500000000,"CURRENTDEBT_DEBT":49.695840564754,"ISSUED_COMMON_SHARES":130594773,"HK_COMMON_SHARES":130594773,"PER_SHARES":100,"TOTAL_MARKET_CAP":9481180519.8,"HKSK_MARKET_CAP":9481180519.8,"PE_TTM":-352.499344657542,"PB_TTM":4.013239981751,"REPORT_DATE_SQ":"2022-12-31 00:00:00","REPORT_TYPE_SQ":"2022年年报","OPERATE_INCOME_SQ":2020789000,"DPS_HKD":null,"OPERATE_INCOME_QOQ_SQ":15.239424780603,"NET_PROFIT_RATIO_SQ":-11.0170829315,"HOLDER_PROFIT_SQ":-222632000,"HOLDER_PROFIT_QOQ_SQ":38.382851528445,"ROE_AVG_SQ":-26.023581503704,"PE_TTM_SQ":-61.277398488672,"PB_TTM_SQ":3.431609515474,"ROA_SQ":-6.922310718261,"START_DATE":"2023-01-01 00:00:00","FISCAL_YEAR":"12-31","CURRENCY":"HKD","IS_CNY_CODE":0,"DPS_HKD_LY":null,"ORG_TYPE":"一般企业","PREMIUM_INCOME":null,"PREMIUM_INCOME_YOY":null,"NET_INTEREST_INCOME":null,"NET_INTEREST_INCOME_YOY":null,"FEE_COMMISSION_INCOME":null,"FEE_COMMISSION_INCOME_YOY":null,"ACCOUNTS_RECE_TDAYS":338.160505459181,"INVENTORY_TDAYS":11.936324085301,"CURRENT_ASSETS_TDAYS":3.204899510553,"TOTAL_ASSETS_TDAYS":0.822809237685,"PREMIUM_EXPENSE":null,"LOAN_DEPOSIT":null,"LOAN_EQUITY":null,"LOAN_ASSETS":null,"DEPOSIT_EQUITY":null,"DEPOSIT_ASSETS":null,"EQUITY_MULTIPLIER":1.974986315766,"EQUITY_RATIO":0.974986315766},{"SECUCODE":"01405.HK","SECURITY_CODE":"01405","SECURITY_NAME_ABBR":"达势股份","ORG_CODE":"10000311149","STD_REPORT_DATE":"2023-06-30 00:00:00","REPORT_DATE":"2023-06-30 00:00:00","DATE_TYPE_CODE":"002","REPORT_TYPE":"2023年中报","PER_NETCASH_OPERATE":1.345162834995,"PER_OI":10.594317691903,"BPS":16.148961796503,"BASIC_EPS":0.08,"DILUTED_EPS":0.07,"OPERATE_INCOME":1376370000,"OPERATE_INCOME_YOY":51.4509968761,"GROSS_PROFIT":995924000,"GROSS_PROFIT_YOY":50.533558244004,"HOLDER_PROFIT":8751000,"HOLDER_PROFIT_YOY":109.1657501964,"GROSS_PROFIT_RATIO":72.358740745584,"EPS_TTM":-0.911405203999,"OPERATE_INCOME_QOQ":23.138536482532,"NET_PROFIT_RATIO":0.6358028728,"ROE_AVG":0.611510100119,"GROSS_PROFIT_QOQ":22.726889579544,"ROA":0.243997680753,"HOLDER_PROFIT_QOQ":46.815372453196,"ROE_YEARLY":1.223020200238,"ROIC_YEARLY":0.625084711622,"TOTAL_ASSETS":3903410000,"TOTAL_LIABILITIES":1794440000,"TAX_EBT":68.853217539863,"OCF_SALES":12.697021876385,"TOTAL_PARENT_EQUITY":2108970000,"DEBT_ASSET_RATIO":45.971086819,"OPERATE_PROFIT":61978000,"PRETAX_PROFIT":28096000,"NETCASH_OPERATE":174758000,"NETCASH_INVEST":-103823000,"NETCASH_FINANCE":386539000,"END_CASH":1028891000,"DIVI_RATIO":null,"DIVIDEND_RATE":null,"CURRENT_RATIO":1.384404890862,"COMMON_ACS":500000000,"CURRENTDEBT_DEBT":47.226878580504,"ISSUED_COMMON_SHARES":130594773,"HK_COMMON_SHARES":130594773,"PER_SHARES":100,"TOTAL_MARKET_CAP":9481180519.8,"HKSK_MARKET_CAP":9481180519.8,"PE_TTM":-352.499344657542,"PB_TTM":4.013239981751,"REPORT_DATE_SQ":"2022-06-30 00:00:00","REPORT_TYPE_SQ":"2022年中报","OPERATE_INCOME_SQ":908789000,"DPS_HKD":null,"OPERATE_INCOME_QOQ_SQ":8.826886162771,"NET_PROFIT_RATIO_SQ":-10.5057389559,"HOLDER_PROFIT_SQ":-95475000,"HOLDER_PROFIT_QOQ_SQ":23.29794528545,"ROE_AVG_SQ":-10.55480872553,"PE_TTM_SQ":-61.277398488672,"PB_TTM_SQ":3.431609515474,"ROA_SQ":-3.046386438467,"START_DATE":"2023-01-01 00:00:00","FISCAL_YEAR":"12-31","CURRENCY":"HKD","IS_CNY_CODE":0,"DPS_HKD_LY":null,"ORG_TYPE":"一般企业","PREMIUM_INCOME":null,"PREMIUM_INCOME_YOY":null,"NET_INTEREST_INCOME":null,"NET_INTEREST_INCOME_YOY":null,"FEE_COMMISSION_INCOME":null,"FEE_COMMISSION_INCOME_YOY":null,"ACCOUNTS_RECE_TDAYS":208.540909090909,"INVENTORY_TDAYS":6.169311225524,"CURRENT_ASSETS_TDAYS":1.478373324254,"TOTAL_ASSETS_TDAYS":0.383763098913,"PREMIUM_EXPENSE":null,"LOAN_DEPOSIT":null,"LOAN_EQUITY":null,"LOAN_ASSETS":null,"DEPOSIT_EQUITY":null,"DEPOSIT_ASSETS":null,"EQUITY_MULTIPLIER":1.850860846765,"EQUITY_RATIO":0.850860846764},{"SECUCODE":"01405.HK","SECURITY_CODE":"01405","SECURITY_NAME_ABBR":"达势股份","ORG_CODE":"10000311149","STD_REPORT_DATE":"2022-12-31 00:00:00","REPORT_DATE":"2022-12-31 00:00:00","DATE_TYPE_CODE":"001","REPORT_TYPE":"2022年年报","PER_NETCASH_OPERATE":3.170596722748,"PER_OI":21.485002266049,"BPS":5.766884712913,"BASIC_EPS":-2.34,"DILUTED_EPS":-2.34,"OPERATE_INCOME":2020789000,"OPERATE_INCOME_YOY":25.4114776206,"GROSS_PROFIT":1471068000,"GROSS_PROFIT_YOY":24.062552972936,"HOLDER_PROFIT":-222632000,"HOLDER_PROFIT_YOY":52.7383810658,"GROSS_PROFIT_RATIO":72.796714550604,"EPS_TTM":-2.367020517479,"OPERATE_INCOME_QOQ":15.239424780603,"NET_PROFIT_RATIO":-11.0170829315,"ROE_AVG":-26.023581503704,"GROSS_PROFIT_QOQ":14.537224045009,"ROA":-6.922310718261,"HOLDER_PROFIT_QOQ":38.382851528445,"ROE_YEARLY":-26.023581503704,"ROIC_YEARLY":-8.511399660205,"TOTAL_ASSETS":3269609000,"TOTAL_LIABILITIES":2516484000,"TAX_EBT":-10.826700118975,"OCF_SALES":14.757255705569,"TOTAL_PARENT_EQUITY":753125000,"DEBT_ASSET_RATIO":76.965900204,"OPERATE_PROFIT":-111096000,"PRETAX_PROFIT":-200883000,"NETCASH_OPERATE":298213000,"NETCASH_INVEST":-207233000,"NETCASH_FINANCE":-224575000,"END_CASH":544247000,"DIVI_RATIO":null,"DIVIDEND_RATE":null,"CURRENT_RATIO":0.865921745569,"COMMON_ACS":500000000,"CURRENTDEBT_DEBT":31.608824057693,"ISSUED_COMMON_SHARES":130594773,"HK_COMMON_SHARES":130594773,"PER_SHARES":100,"TOTAL_MARKET_CAP":9481180519.8,"HKSK_MARKET_CAP":9481180519.8,"PE_TTM":-352.499344657542,"PB_TTM":4.013239981751,"REPORT_DATE_SQ":"2021-12-31 00:00:00","REPORT_TYPE_SQ":"2021年年报","OPERATE_INCOME_SQ":1611327000,"DPS_HKD":null,"OPERATE_INCOME_QOQ_SQ":45.946526117858,"NET_PROFIT_RATIO_SQ":-29.2344756837,"HOLDER_PROFIT_SQ":-471063000,"HOLDER_PROFIT_QOQ_SQ":-71.889436234264,"ROE_AVG_SQ":-46.363053883198,"PE_TTM_SQ":-61.277398488672,"PB_TTM_SQ":3.431609515474,"ROA_SQ":-16.211659476788,"START_DATE":"2022-01-01 00:00:00","FISCAL_YEAR":"12-31","CURRENCY":"HKD","IS_CNY_CODE":0,"DPS_HKD_LY":null,"ORG_TYPE":"一般企业","PREMIUM_INCOME":null,"PREMIUM_INCOME_YOY":null,"NET_INTEREST_INCOME":null,"NET_INTEREST_INCOME_YOY":null,"FEE_COMMISSION_INCOME":null,"FEE_COMMISSION_INCOME_YOY":null,"ACCOUNTS_RECE_TDAYS":313.982131758856,"INVENTORY_TDAYS":10.633312700685,"CURRENT_ASSETS_TDAYS":2.74410485449,"TOTAL_ASSETS_TDAYS":0.628325189283,"PREMIUM_EXPENSE":null,"LOAN_DEPOSIT":null,"LOAN_EQUITY":null,"LOAN_ASSETS":null,"DEPOSIT_EQUITY":null,"DEPOSIT_ASSETS":null,"EQUITY_MULTIPLIER":4.341389543574,"EQUITY_RATIO":3.341389543568},{"SECUCODE":"01405.HK","SECURITY_CODE":"01405","SECURITY_NAME_ABBR":"达势股份","ORG_CODE":"10000311149","STD_REPORT_DATE":"2022-06-30 00:00:00","REPORT_DATE":"2022-06-30 00:00:00","DATE_TYPE_CODE":"002","REPORT_TYPE":"2022年中报","PER_NETCASH_OPERATE":1.726256849159,"PER_OI":9.361909351093,"BPS":6.51826241162,"BASIC_EPS":-1,"DILUTED_EPS":-1,"OPERATE_INCOME":908789000,"OPERATE_INCOME_YOY":18.5543448058,"GROSS_PROFIT":661596000,"GROSS_PROFIT_YOY":17.515741982468,"HOLDER_PROFIT":-95475000,"HOLDER_PROFIT_YOY":53.4774367395,"GROSS_PROFIT_RATIO":72.799736792589,"EPS_TTM":-3.722094212397,"OPERATE_INCOME_QOQ":8.826886162771,"NET_PROFIT_RATIO":-10.5057389559,"ROE_AVG":-10.55480872553,"GROSS_PROFIT_QOQ":8.316360910042,"ROA":-3.046386438467,"HOLDER_PROFIT_QOQ":23.29794528545,"ROE_YEARLY":-21.109617451059,"ROIC_YEARLY":-7.58571018257,"TOTAL_ASSETS":3105388000,"TOTAL_LIABILITIES":2254137000,"TAX_EBT":-11.357990132615,"OCF_SALES":18.439153642925,"TOTAL_PARENT_EQUITY":851251000,"DEBT_ASSET_RATIO":72.5879342614,"OPERATE_PROFIT":-35932000,"PRETAX_PROFIT":-85737000,"NETCASH_OPERATE":167573000,"NETCASH_INVEST":-68142000,"NETCASH_FINANCE":-191216000,"END_CASH":576944000,"DIVI_RATIO":null,"DIVIDEND_RATE":null,"CURRENT_RATIO":0.91439422996,"COMMON_ACS":500000000,"CURRENTDEBT_DEBT":33.195808418033,"ISSUED_COMMON_SHARES":130594773,"HK_COMMON_SHARES":130594773,"PER_SHARES":100,"TOTAL_MARKET_CAP":9481180519.8,"HKSK_MARKET_CAP":9481180519.8,"PE_TTM":-352.499344657542,"PB_TTM":4.013239981751,"REPORT_DATE_SQ":"2021-06-30 00:00:00","REPORT_TYPE_SQ":"2021年中报","OPERATE_INCOME_SQ":766559000,"DPS_HKD":null,"OPERATE_INCOME_QOQ_SQ":0,"NET_PROFIT_RATIO_SQ":-26.7719771081,"HOLDER_PROFIT_SQ":-205223000,"HOLDER_PROFIT_QOQ_SQ":0,"ROE_AVG_SQ":null,"PE_TTM_SQ":-61.277398488672,"PB_TTM_SQ":3.431609515474,"ROA_SQ":null,"START_DATE":"2022-01-01 00:00:00","FISCAL_YEAR":"12-31","CURRENCY":"HKD","IS_CNY_CODE":0,"DPS_HKD_LY":null,"ORG_TYPE":"一般企业","PREMIUM_INCOME":null,"PREMIUM_INCOME_YOY":null,"NET_INTEREST_INCOME":null,"NET_INTEREST_INCOME_YOY":null,"FEE_COMMISSION_INCOME":null,"FEE_COMMISSION_INCOME_YOY":null,"ACCOUNTS_RECE_TDAYS":200.284077134986,"INVENTORY_TDAYS":5.904244392959,"CURRENT_ASSETS_TDAYS":1.237910374368,"TOTAL_ASSETS_TDAYS":0.289973551718,"PREMIUM_EXPENSE":null,"LOAN_DEPOSIT":null,"LOAN_EQUITY":null,"LOAN_ASSETS":null,"DEPOSIT_EQUITY":null,"DEPOSIT_ASSETS":null,"EQUITY_MULTIPLIER":3.648028607315,"EQUITY_RATIO":2.648028607309},{"SECUCODE":"01405.HK","SECURITY_CODE":"01405","SECURITY_NAME_ABBR":"达势股份","ORG_CODE":"10000311149","STD_REPORT_DATE":"2021-12-31 00:00:00","REPORT_DATE":"2021-12-31 00:00:00","DATE_TYPE_CODE":"001","REPORT_TYPE":"2021年年报","PER_NETCASH_OPERATE":3.249904584679,"PER_OI":15.768842101717,"BPS":7.334726941943,"BASIC_EPS":-5.42,"DILUTED_EPS":-5.42,"OPERATE_INCOME":1611327000,"OPERATE_INCOME_YOY":45.9465261179,"GROSS_PROFIT":1185747000,"GROSS_PROFIT_YOY":49.423475328525,"HOLDER_PROFIT":-471063000,"HOLDER_PROFIT_YOY":-71.8894362343,"GROSS_PROFIT_RATIO":73.588228832509,"EPS_TTM":-4.609938309828,"OPERATE_INCOME_QOQ":45.946526117858,"NET_PROFIT_RATIO":-29.2344756837,"ROE_AVG":-46.363053883198,"GROSS_PROFIT_QOQ":49.423475328525,"ROA":-16.211659476788,"HOLDER_PROFIT_QOQ":-71.889436234264,"ROE_YEARLY":-46.363053883198,"ROIC_YEARLY":-19.237473016008,"TOTAL_ASSETS":3162694000,"TOTAL_LIABILITIES":2204817000,"TAX_EBT":1.476401420558,"OCF_SALES":20.60965899535,"TOTAL_PARENT_EQUITY":957877000,"DEBT_ASSET_RATIO":69.7132571156,"OPERATE_PROFIT":-390451000,"PRETAX_PROFIT":-478122000,"NETCASH_OPERATE":332089000,"NETCASH_INVEST":-181740000,"NETCASH_FINANCE":242985000,"END_CASH":656672000,"DIVI_RATIO":null,"DIVIDEND_RATE":null,"CURRENT_RATIO":0.92345500159,"COMMON_ACS":500000000,"CURRENTDEBT_DEBT":38.507957803301,"ISSUED_COMMON_SHARES":130594773,"HK_COMMON_SHARES":130594773,"PER_SHARES":100,"TOTAL_MARKET_CAP":9481180519.8,"HKSK_MARKET_CAP":9481180519.8,"PE_TTM":-352.499344657542,"PB_TTM":4.013239981751,"REPORT_DATE_SQ":"2020-12-31 00:00:00","REPORT_TYPE_SQ":"2020年年报","OPERATE_INCOME_SQ":1104053000,"DPS_HKD":null,"OPERATE_INCOME_QOQ_SQ":31.9644669262,"NET_PROFIT_RATIO_SQ":-24.8221779208,"HOLDER_PROFIT_SQ":-274050000,"HOLDER_PROFIT_QOQ_SQ":-50.950151473423,"ROE_AVG_SQ":-22.72354143968,"PE_TTM_SQ":-61.277398488672,"PB_TTM_SQ":3.431609515474,"ROA_SQ":-11.204297413281,"START_DATE":"2021-01-01 00:00:00","FISCAL_YEAR":"12-31","CURRENCY":"HKD","IS_CNY_CODE":0,"DPS_HKD_LY":null,"ORG_TYPE":"一般企业","PREMIUM_INCOME":null,"PREMIUM_INCOME_YOY":null,"NET_INTEREST_INCOME":null,"NET_INTEREST_INCOME_YOY":null,"FEE_COMMISSION_INCOME":null,"FEE_COMMISSION_INCOME_YOY":null,"ACCOUNTS_RECE_TDAYS":392.480087687249,"INVENTORY_TDAYS":13.685564523909,"CURRENT_ASSETS_TDAYS":2.779827482101,"TOTAL_ASSETS_TDAYS":0.55453908776,"PREMIUM_EXPENSE":null,"LOAN_DEPOSIT":null,"LOAN_EQUITY":null,"LOAN_ASSETS":null,"DEPOSIT_EQUITY":null,"DEPOSIT_ASSETS":null,"EQUITY_MULTIPLIER":3.301774653738,"EQUITY_RATIO":2.301774653739},{"SECUCODE":"01405.HK","SECURITY_CODE":"01405","SECURITY_NAME_ABBR":"达势股份","ORG_CODE":"10000311149","STD_REPORT_DATE":"2021-06-30 00:00:00","REPORT_DATE":"2021-06-30 00:00:00","DATE_TYPE_CODE":"002","REPORT_TYPE":"2021年中报","PER_NETCASH_OPERATE":null,"PER_OI":null,"BPS":null,"BASIC_EPS":-2.38,"DILUTED_EPS":-2.38,"OPERATE_INCOME":766559000,"OPERATE_INCOME_YOY":null,"GROSS_PROFIT":562985000,"GROSS_PROFIT_YOY":null,"HOLDER_PROFIT":-205223000,"HOLDER_PROFIT_YOY":null,"GROSS_PROFIT_RATIO":73.443140058365,"EPS_TTM":-3.068850915687,"OPERATE_INCOME_QOQ":0,"NET_PROFIT_RATIO":-26.7719771081,"ROE_AVG":null,"GROSS_PROFIT_QOQ":0,"ROA":null,"HOLDER_PROFIT_QOQ":0,"ROE_YEARLY":null,"ROIC_YEARLY":null,"TOTAL_ASSETS":null,"TOTAL_LIABILITIES":null,"TAX_EBT":4.152908483759,"OCF_SALES":20.543102357418,"TOTAL_PARENT_EQUITY":null,"DEBT_ASSET_RATIO":null,"OPERATE_PROFIT":-173174000,"PRETAX_PROFIT":-214115000,"NETCASH_OPERATE":157475000,"NETCASH_INVEST":-89464000,"NETCASH_FINANCE":134343000,"END_CASH":461701000,"DIVI_RATIO":null,"DIVIDEND_RATE":null,"CURRENT_RATIO":null,"COMMON_ACS":500000000,"CURRENTDEBT_DEBT":null,"ISSUED_COMMON_SHARES":130594773,"HK_COMMON_SHARES":130594773,"PER_SHARES":100,"TOTAL_MARKET_CAP":9481180519.8,"HKSK_MARKET_CAP":9481180519.8,"PE_TTM":-352.499344657542,"PB_TTM":4.013239981751,"REPORT_DATE_SQ":"2020-06-30 00:00:00","REPORT_TYPE_SQ":"2020年中报","OPERATE_INCOME_SQ":null,"DPS_HKD":null,"OPERATE_INCOME_QOQ_SQ":0,"NET_PROFIT_RATIO_SQ":null,"HOLDER_PROFIT_SQ":null,"HOLDER_PROFIT_QOQ_SQ":0,"ROE_AVG_SQ":null,"PE_TTM_SQ":-61.277398488672,"PB_TTM_SQ":3.431609515474,"ROA_SQ":null,"START_DATE":"2021-01-01 00:00:00","FISCAL_YEAR":"12-31","CURRENCY":"HKD","IS_CNY_CODE":0,"DPS_HKD_LY":null,"ORG_TYPE":"一般企业","PREMIUM_INCOME":null,"PREMIUM_INCOME_YOY":null,"NET_INTEREST_INCOME":null,"NET_INTEREST_INCOME_YOY":null,"FEE_COMMISSION_INCOME":null,"FEE_COMMISSION_INCOME_YOY":null,"ACCOUNTS_RECE_TDAYS":null,"INVENTORY_TDAYS":null,"CURRENT_ASSETS_TDAYS":4.085492952867,"TOTAL_ASSETS_TDAYS":0.578815546854,"PREMIUM_EXPENSE":null,"LOAN_DEPOSIT":null,"LOAN_EQUITY":null,"LOAN_ASSETS":null,"DEPOSIT_EQUITY":null,"DEPOSIT_ASSETS":null,"EQUITY_MULTIPLIER":null,"EQUITY_RATIO":null},{"SECUCODE":"01405.HK","SECURITY_CODE":"01405","SECURITY_NAME_ABBR":"达势股份","ORG_CODE":"10000311149","STD_REPORT_DATE":"2020-12-31 00:00:00","REPORT_DATE":"2020-12-31 00:00:00","DATE_TYPE_CODE":"001","REPORT_TYPE":"2020年年报","PER_NETCASH_OPERATE":1.15948925511,"PER_OI":12.363342674758,"BPS":8.225329202111,"BASIC_EPS":-3.21,"DILUTED_EPS":-3.21,"OPERATE_INCOME":1104053000,"OPERATE_INCOME_YOY":31.9644669262,"GROSS_PROFIT":793548000,"GROSS_PROFIT_YOY":30.39680296567,"HOLDER_PROFIT":-274050000,"HOLDER_PROFIT_YOY":-50.9501514734,"GROSS_PROFIT_RATIO":71.875897262179,"EPS_TTM":-3.068850915687,"OPERATE_INCOME_QOQ":31.9644669262,"NET_PROFIT_RATIO":-24.8221779208,"ROE_AVG":-22.72354143968,"GROSS_PROFIT_QOQ":30.39680296567,"ROA":-11.204297413281,"HOLDER_PROFIT_QOQ":-50.950151473423,"ROE_YEARLY":-22.72354143968,"ROIC_YEARLY":-12.043967402841,"TOTAL_ASSETS":2648716000,"TOTAL_LIABILITIES":1574531000,"TAX_EBT":-2.380854537372,"OCF_SALES":9.378444694231,"TOTAL_PARENT_EQUITY":1074185000,"DEBT_ASSET_RATIO":59.4450669683,"OPERATE_PROFIT":-205737000,"PRETAX_PROFIT":-267677000,"NETCASH_OPERATE":103543000,"NETCASH_INVEST":-152408000,"NETCASH_FINANCE":233569000,"END_CASH":257390000,"DIVI_RATIO":null,"DIVIDEND_RATE":null,"CURRENT_RATIO":0.649549437273,"COMMON_ACS":500000000,"CURRENTDEBT_DEBT":36.69168787404,"ISSUED_COMMON_SHARES":130594773,"HK_COMMON_SHARES":130594773,"PER_SHARES":100,"TOTAL_MARKET_CAP":9481180519.8,"HKSK_MARKET_CAP":9481180519.8,"PE_TTM":-352.499344657542,"PB_TTM":4.013239981751,"REPORT_DATE_SQ":"2019-12-31 00:00:00","REPORT_TYPE_SQ":"2019年年报","OPERATE_INCOME_SQ":836629000,"DPS_HKD":null,"OPERATE_INCOME_QOQ_SQ":null,"NET_PROFIT_RATIO_SQ":-21.7001801276,"HOLDER_PROFIT_SQ":-181550000,"HOLDER_PROFIT_QOQ_SQ":null,"ROE_AVG_SQ":-13.570270530874,"PE_TTM_SQ":-61.277398488672,"PB_TTM_SQ":3.431609515474,"ROA_SQ":-8.093503932181,"START_DATE":"2020-01-01 00:00:00","FISCAL_YEAR":"12-31","CURRENCY":"HKD","IS_CNY_CODE":0,"DPS_HKD_LY":null,"ORG_TYPE":"一般企业","PREMIUM_INCOME":null,"PREMIUM_INCOME_YOY":null,"NET_INTEREST_INCOME":null,"NET_INTEREST_INCOME_YOY":null,"FEE_COMMISSION_INCOME":null,"FEE_COMMISSION_INCOME_YOY":null,"ACCOUNTS_RECE_TDAYS":371.235036987223,"INVENTORY_TDAYS":13.278807706289,"CURRENT_ASSETS_TDAYS":4.096580410084,"TOTAL_ASSETS_TDAYS":0.451382527715,"PREMIUM_EXPENSE":null,"LOAN_DEPOSIT":null,"LOAN_EQUITY":null,"LOAN_ASSETS":null,"DEPOSIT_EQUITY":null,"DEPOSIT_ASSETS":null,"EQUITY_MULTIPLIER":2.465791274315,"EQUITY_RATIO":1.465791274315},{"SECUCODE":"01405.HK","SECURITY_CODE":"01405","SECURITY_NAME_ABBR":"达势股份","ORG_CODE":"10000311149","STD_REPORT_DATE":"2019-12-31 00:00:00","REPORT_DATE":"2019-12-31 00:00:00","DATE_TYPE_CODE":"001","REPORT_TYPE":"2019年年报","PER_NETCASH_OPERATE":1.504404185425,"PER_OI":10.121902170927,"BPS":10.2442920897,"BASIC_EPS":-2.14,"DILUTED_EPS":-2.14,"OPERATE_INCOME":836629000,"OPERATE_INCOME_YOY":null,"GROSS_PROFIT":608564000,"GROSS_PROFIT_YOY":null,"HOLDER_PROFIT":-181550000,"HOLDER_PROFIT_YOY":null,"GROSS_PROFIT_RATIO":72.740007817085,"EPS_TTM":-2.196471003434,"OPERATE_INCOME_QOQ":null,"NET_PROFIT_RATIO":-21.7001801276,"ROE_AVG":-13.570270530874,"GROSS_PROFIT_QOQ":null,"ROA":-8.093503932181,"HOLDER_PROFIT_QOQ":null,"ROE_YEARLY":-13.570270530874,"ROIC_YEARLY":-8.407038666358,"TOTAL_ASSETS":2243157000,"TOTAL_LIABILITIES":905306000,"TAX_EBT":null,"OCF_SALES":14.862860359849,"TOTAL_PARENT_EQUITY":1337851000,"DEBT_ASSET_RATIO":40.3585660745,"OPERATE_PROFIT":-130532000,"PRETAX_PROFIT":-181550000,"NETCASH_OPERATE":124347000,"NETCASH_INVEST":-181228000,"NETCASH_FINANCE":-75007000,"END_CASH":83657000,"DIVI_RATIO":null,"DIVIDEND_RATE":null,"CURRENT_RATIO":0.438601002269,"COMMON_ACS":500000000,"CURRENTDEBT_DEBT":41.240530826041,"ISSUED_COMMON_SHARES":130594773,"HK_COMMON_SHARES":130594773,"PER_SHARES":100,"TOTAL_MARKET_CAP":9481180519.8,"HKSK_MARKET_CAP":9481180519.8,"PE_TTM":-352.499344657542,"PB_TTM":4.013239981751,"REPORT_DATE_SQ":"2018-12-31 00:00:00","REPORT_TYPE_SQ":"2018年年报","OPERATE_INCOME_SQ":null,"DPS_HKD":null,"OPERATE_INCOME_QOQ_SQ":null,"NET_PROFIT_RATIO_SQ":null,"HOLDER_PROFIT_SQ":null,"HOLDER_PROFIT_QOQ_SQ":null,"ROE_AVG_SQ":null,"PE_TTM_SQ":-61.277398488672,"PB_TTM_SQ":3.431609515474,"ROA_SQ":null,"START_DATE":"2019-01-01 00:00:00","FISCAL_YEAR":"12-31","CURRENCY":"HKD","IS_CNY_CODE":0,"DPS_HKD_LY":null,"ORG_TYPE":"一般企业","PREMIUM_INCOME":null,"PREMIUM_INCOME_YOY":null,"NET_INTEREST_INCOME":null,"NET_INTEREST_INCOME_YOY":null,"FEE_COMMISSION_INCOME":null,"FEE_COMMISSION_INCOME_YOY":null,"ACCOUNTS_RECE_TDAYS":360.927092320966,"INVENTORY_TDAYS":10.813892840209,"CURRENT_ASSETS_TDAYS":10.21818226231,"TOTAL_ASSETS_TDAYS":0.745938870975,"PREMIUM_EXPENSE":null,"LOAN_DEPOSIT":null,"LOAN_EQUITY":null,"LOAN_ASSETS":null,"DEPOSIT_EQUITY":null,"DEPOSIT_ASSETS":null,"EQUITY_MULTIPLIER":1.676686716233,"EQUITY_RATIO":0.676686716234}],"count":9},"success":true,"message":"ok","code":0}