{"version":"bcaef50b9e41536382814b1edb3269c4","result":{"pages":3,"data":[{"SECUCODE":"01400.HK","SECURITY_CODE":"01400","SECURITY_NAME_ABBR":"满地科技股份","ORG_CODE":"10394704","STD_REPORT_DATE":"2024-06-30 00:00:00","REPORT_DATE":"2024-06-30 00:00:00","DATE_TYPE_CODE":"002","REPORT_TYPE":"2024年中报","PER_NETCASH_OPERATE":-0.003484958107,"PER_OI":0.014433287135,"BPS":-0.041494648371,"BASIC_EPS":-0.0041,"DILUTED_EPS":-0.0041,"OPERATE_INCOME":54872000,"OPERATE_INCOME_YOY":-35.1471457275,"GROSS_PROFIT":6269000,"GROSS_PROFIT_YOY":-42.023490243226,"HOLDER_PROFIT":-14803000,"HOLDER_PROFIT_YOY":-66.9260261615,"GROSS_PROFIT_RATIO":11.42477037469,"EPS_TTM":-0.21498501132,"OPERATE_INCOME_QOQ":-21.196612875634,"NET_PROFIT_RATIO":-29.7383000437,"ROE_AVG":9.351054623096,"GROSS_PROFIT_QOQ":-30.681971640783,"ROA":-4.87268573761,"HOLDER_PROFIT_QOQ":-0.73146262947,"ROE_YEARLY":18.702109246192,"ROIC_YEARLY":-10.694862629572,"TOTAL_ASSETS":297172000,"TOTAL_LIABILITIES":444606000,"TAX_EBT":-0.024518818193,"OCF_SALES":-24.145283569033,"TOTAL_PARENT_EQUITY":-157753000,"DEBT_ASSET_RATIO":149.6123457122,"OPERATE_PROFIT":-6175000,"PRETAX_PROFIT":-16314000,"NETCASH_OPERATE":-13249000,"NETCASH_INVEST":-1805000,"NETCASH_FINANCE":14566000,"END_CASH":13519000,"DIVI_RATIO":null,"DIVIDEND_RATE":null,"CURRENT_RATIO":0.217118446928,"COMMON_ACS":20000000000,"CURRENTDEBT_DEBT":96.300544751983,"ISSUED_COMMON_SHARES":3801767365,"HK_COMMON_SHARES":3801767365,"PER_SHARES":10000,"TOTAL_MARKET_CAP":72233579.935,"HKSK_MARKET_CAP":72233579.935,"PE_TTM":-0.080085554921,"PB_TTM":-0.417907385185,"REPORT_DATE_SQ":"2023-06-30 00:00:00","REPORT_TYPE_SQ":"2023年中报","OPERATE_INCOME_SQ":84610000,"DPS_HKD":null,"OPERATE_INCOME_QOQ_SQ":59.834997349355,"NET_PROFIT_RATIO_SQ":-10.9325138872,"HOLDER_PROFIT_SQ":-8868000,"HOLDER_PROFIT_QOQ_SQ":29.474440917308,"ROE_AVG_SQ":1.224828889277,"PE_TTM_SQ":-8.128995673405,"PB_TTM_SQ":-2.971224565626,"ROA_SQ":-2.997150881604,"START_DATE":"2024-01-01 00:00:00","FISCAL_YEAR":"12-31","CURRENCY":"HKD","IS_CNY_CODE":0,"DPS_HKD_LY":null,"ORG_TYPE":"一般企业","PREMIUM_INCOME":null,"PREMIUM_INCOME_YOY":null,"NET_INTEREST_INCOME":null,"NET_INTEREST_INCOME_YOY":null,"FEE_COMMISSION_INCOME":null,"FEE_COMMISSION_INCOME_YOY":null,"ACCOUNTS_RECE_TDAYS":1.700850859383,"INVENTORY_TDAYS":1.006700566493,"CURRENT_ASSETS_TDAYS":0.568286090082,"TOTAL_ASSETS_TDAYS":0.18062150361,"PREMIUM_EXPENSE":null,"LOAN_DEPOSIT":null,"LOAN_EQUITY":null,"LOAN_ASSETS":null,"DEPOSIT_EQUITY":null,"DEPOSIT_ASSETS":null,"EQUITY_MULTIPLIER":-2.015627331554,"EQUITY_RATIO":-2.818367954968},{"SECUCODE":"01400.HK","SECURITY_CODE":"01400","SECURITY_NAME_ABBR":"满地科技股份","ORG_CODE":"10394704","STD_REPORT_DATE":"2023-12-31 00:00:00","REPORT_DATE":"2023-12-31 00:00:00","DATE_TYPE_CODE":"001","REPORT_TYPE":"2023年年报","PER_NETCASH_OPERATE":-0.03339554941,"PER_OI":0.038951988228,"BPS":-0.041783987485,"BASIC_EPS":-0.24,"DILUTED_EPS":-0.24,"OPERATE_INCOME":140296000,"OPERATE_INCOME_YOY":54.9478706485,"GROSS_PROFIT":14810000,"GROSS_PROFIT_YOY":100.243374797188,"HOLDER_PROFIT":-811388000,"HOLDER_PROFIT_YOY":-477.5085766345,"GROSS_PROFIT_RATIO":10.556252494725,"EPS_TTM":-0.225274960256,"OPERATE_INCOME_QOQ":-3.0576073963,"NET_PROFIT_RATIO":-581.8555055027,"ROE_AVG":121.630235019353,"GROSS_PROFIT_QOQ":-6.820183717126,"ROA":-293.14368190875,"HOLDER_PROFIT_QOQ":-718.864230423769,"ROE_YEARLY":121.630235019353,"ROIC_YEARLY":-310.772442188921,"TOTAL_ASSETS":310419000,"TOTAL_LIABILITIES":456545000,"TAX_EBT":0.003797386173,"OCF_SALES":-85.73515994754,"TOTAL_PARENT_EQUITY":-158853000,"DEBT_ASSET_RATIO":147.0737938077,"OPERATE_PROFIT":-795825000,"PRETAX_PROFIT":-816351000,"NETCASH_OPERATE":-120283000,"NETCASH_INVEST":-3839000,"NETCASH_FINANCE":140020000,"END_CASH":17377000,"DIVI_RATIO":null,"DIVIDEND_RATE":null,"CURRENT_RATIO":0.227650980472,"COMMON_ACS":20000000000,"CURRENTDEBT_DEBT":96.363118641098,"ISSUED_COMMON_SHARES":3801767365,"HK_COMMON_SHARES":3801767365,"PER_SHARES":10000,"TOTAL_MARKET_CAP":72233579.935,"HKSK_MARKET_CAP":72233579.935,"PE_TTM":-0.080085554921,"PB_TTM":-0.417907385185,"REPORT_DATE_SQ":"2022-12-31 00:00:00","REPORT_TYPE_SQ":"2022年年报","OPERATE_INCOME_SQ":90544000,"DPS_HKD":null,"OPERATE_INCOME_QOQ_SQ":124.541216149192,"NET_PROFIT_RATIO_SQ":-155.1709666019,"HOLDER_PROFIT_SQ":-140498000,"HOLDER_PROFIT_QOQ_SQ":-27.093453463233,"ROE_AVG_SQ":12.639645329202,"PE_TTM_SQ":-9.994666811564,"PB_TTM_SQ":-3.653144957737,"ROA_SQ":-59.675412105999,"START_DATE":"2023-01-01 00:00:00","FISCAL_YEAR":"12-31","CURRENCY":"HKD","IS_CNY_CODE":0,"DPS_HKD_LY":null,"ORG_TYPE":"一般企业","PREMIUM_INCOME":null,"PREMIUM_INCOME_YOY":null,"NET_INTEREST_INCOME":null,"NET_INTEREST_INCOME_YOY":null,"FEE_COMMISSION_INCOME":null,"FEE_COMMISSION_INCOME_YOY":null,"ACCOUNTS_RECE_TDAYS":3.449576474349,"INVENTORY_TDAYS":4.402476888803,"CURRENT_ASSETS_TDAYS":1.774113392219,"TOTAL_ASSETS_TDAYS":0.506870769559,"PREMIUM_EXPENSE":null,"LOAN_DEPOSIT":null,"LOAN_EQUITY":null,"LOAN_ASSETS":null,"DEPOSIT_EQUITY":null,"DEPOSIT_ASSETS":null,"EQUITY_MULTIPLIER":-2.124324213351,"EQUITY_RATIO":-2.874009304199},{"SECUCODE":"01400.HK","SECURITY_CODE":"01400","SECURITY_NAME_ABBR":"满地科技股份","ORG_CODE":"10394704","STD_REPORT_DATE":"2023-06-30 00:00:00","REPORT_DATE":"2023-06-30 00:00:00","DATE_TYPE_CODE":"002","REPORT_TYPE":"2023年中报","PER_NETCASH_OPERATE":0.009086686691,"PER_OI":0.0252338375,"BPS":-0.071730848792,"BASIC_EPS":-0.0027,"DILUTED_EPS":-0.0027,"OPERATE_INCOME":84610000,"OPERATE_INCOME_YOY":178.0205697762,"GROSS_PROFIT":10813000,"GROSS_PROFIT_YOY":367.084233261339,"HOLDER_PROFIT":-8868000,"HOLDER_PROFIT_YOY":82.3624177092,"GROSS_PROFIT_RATIO":12.779813260844,"EPS_TTM":-0.029551415393,"OPERATE_INCOME_QOQ":59.834997349355,"NET_PROFIT_RATIO":-10.9325138872,"ROE_AVG":1.224828889277,"GROSS_PROFIT_QOQ":114.899945916712,"ROA":-2.997150881604,"HOLDER_PROFIT_QOQ":29.474440917308,"ROE_YEARLY":2.449657778554,"ROIC_YEARLY":-6.46499404022,"TOTAL_ASSETS":348604000,"TOTAL_LIABILITIES":603095000,"TAX_EBT":-2.018308150436,"OCF_SALES":36.009927904503,"TOTAL_PARENT_EQUITY":-272704000,"DEBT_ASSET_RATIO":173.0028915331,"OPERATE_PROFIT":-1573000,"PRETAX_PROFIT":-9067000,"NETCASH_OPERATE":30468000,"NETCASH_INVEST":-2823000,"NETCASH_FINANCE":-5370000,"END_CASH":23573000,"DIVI_RATIO":null,"DIVIDEND_RATE":null,"CURRENT_RATIO":0.22781075146,"COMMON_ACS":20000000000,"CURRENTDEBT_DEBT":97.554779926877,"ISSUED_COMMON_SHARES":3801767365,"HK_COMMON_SHARES":3801767365,"PER_SHARES":10000,"TOTAL_MARKET_CAP":72233579.935,"HKSK_MARKET_CAP":72233579.935,"PE_TTM":-0.080085554921,"PB_TTM":-0.417907385185,"REPORT_DATE_SQ":"2022-06-30 00:00:00","REPORT_TYPE_SQ":"2022年中报","OPERATE_INCOME_SQ":30433000,"DPS_HKD":null,"OPERATE_INCOME_QOQ_SQ":-74.075002732399,"NET_PROFIT_RATIO_SQ":-165.2121052805,"HOLDER_PROFIT_SQ":-50279000,"HOLDER_PROFIT_QOQ_SQ":-9.966377526659,"ROE_AVG_SQ":4.690599024172,"PE_TTM_SQ":-9.994666811564,"PB_TTM_SQ":-3.653144957737,"ROA_SQ":-22.345129793655,"START_DATE":"2023-01-01 00:00:00","FISCAL_YEAR":"12-31","CURRENCY":"HKD","IS_CNY_CODE":0,"DPS_HKD_LY":null,"ORG_TYPE":"一般企业","PREMIUM_INCOME":null,"PREMIUM_INCOME_YOY":null,"NET_INTEREST_INCOME":null,"NET_INTEREST_INCOME_YOY":null,"FEE_COMMISSION_INCOME":null,"FEE_COMMISSION_INCOME_YOY":null,"ACCOUNTS_RECE_TDAYS":1.760800799134,"INVENTORY_TDAYS":2.076945808649,"CURRENT_ASSETS_TDAYS":0.881179766505,"TOTAL_ASSETS_TDAYS":0.285959558066,"PREMIUM_EXPENSE":null,"LOAN_DEPOSIT":null,"LOAN_EQUITY":null,"LOAN_ASSETS":null,"DEPOSIT_EQUITY":null,"DEPOSIT_ASSETS":null,"EQUITY_MULTIPLIER":-1.369808755516,"EQUITY_RATIO":-2.211537051162},{"SECUCODE":"01400.HK","SECURITY_CODE":"01400","SECURITY_NAME_ABBR":"满地科技股份","ORG_CODE":"10394704","STD_REPORT_DATE":"2022-12-31 00:00:00","REPORT_DATE":"2022-12-31 00:00:00","DATE_TYPE_CODE":"001","REPORT_TYPE":"2022年年报","PER_NETCASH_OPERATE":-0.137846863869,"PER_OI":1.002345522175,"BPS":-0.309154897488,"BASIC_EPS":-2.16,"DILUTED_EPS":-2.16,"OPERATE_INCOME":90544000,"OPERATE_INCOME_YOY":-41.7876958487,"GROSS_PROFIT":7396000,"GROSS_PROFIT_YOY":103.915081334436,"HOLDER_PROFIT":-140498000,"HOLDER_PROFIT_YOY":-39.760066847,"GROSS_PROFIT_RATIO":8.168404311716,"EPS_TTM":-1.55534923545,"OPERATE_INCOME_QOQ":124.541216149192,"NET_PROFIT_RATIO":-155.1709666019,"ROE_AVG":12.639645329202,"GROSS_PROFIT_QOQ":827.236971484759,"ROA":-59.675412105999,"HOLDER_PROFIT_QOQ":-27.093453463233,"ROE_YEARLY":12.639645329202,"ROIC_YEARLY":-60.126545712874,"TOTAL_ASSETS":243158000,"TOTAL_LIABILITIES":1418493000,"TAX_EBT":-0.473411710861,"OCF_SALES":-13.752429757908,"TOTAL_PARENT_EQUITY":-1175335000,"DEBT_ASSET_RATIO":583.36266954,"OPERATE_PROFIT":-87251000,"PRETAX_PROFIT":-139836000,"NETCASH_OPERATE":-12452000,"NETCASH_INVEST":-655000,"NETCASH_FINANCE":12170000,"END_CASH":1298000,"DIVI_RATIO":null,"DIVIDEND_RATE":null,"CURRENT_RATIO":0.045149464295,"COMMON_ACS":20000000000,"CURRENTDEBT_DEBT":90.571825169388,"ISSUED_COMMON_SHARES":3801767365,"HK_COMMON_SHARES":3801767365,"PER_SHARES":10000,"TOTAL_MARKET_CAP":72233579.935,"HKSK_MARKET_CAP":72233579.935,"PE_TTM":-0.080085554921,"PB_TTM":-0.417907385185,"REPORT_DATE_SQ":"2021-12-31 00:00:00","REPORT_TYPE_SQ":"2021年年报","OPERATE_INCOME_SQ":155541000,"DPS_HKD":null,"OPERATE_INCOME_QOQ_SQ":-5.630923056388,"NET_PROFIT_RATIO_SQ":-64.63119049,"HOLDER_PROFIT_SQ":-100528000,"HOLDER_PROFIT_QOQ_SQ":45.647025746942,"ROE_AVG_SQ":10.017318657316,"PE_TTM_SQ":-9.994666811564,"PB_TTM_SQ":-3.653144957737,"ROA_SQ":-39.580212256212,"START_DATE":"2022-01-01 00:00:00","FISCAL_YEAR":"12-31","CURRENCY":"HKD","IS_CNY_CODE":0,"DPS_HKD_LY":null,"ORG_TYPE":"一般企业","PREMIUM_INCOME":null,"PREMIUM_INCOME_YOY":null,"NET_INTEREST_INCOME":null,"NET_INTEREST_INCOME_YOY":null,"FEE_COMMISSION_INCOME":null,"FEE_COMMISSION_INCOME_YOY":null,"ACCOUNTS_RECE_TDAYS":2.849311619857,"INVENTORY_TDAYS":13.388294018195,"CURRENT_ASSETS_TDAYS":2.277578638896,"TOTAL_ASSETS_TDAYS":0.384578464727,"PREMIUM_EXPENSE":null,"LOAN_DEPOSIT":null,"LOAN_EQUITY":null,"LOAN_ASSETS":null,"DEPOSIT_EQUITY":null,"DEPOSIT_ASSETS":null,"EQUITY_MULTIPLIER":-0.206883994776,"EQUITY_RATIO":-1.206883994776},{"SECUCODE":"01400.HK","SECURITY_CODE":"01400","SECURITY_NAME_ABBR":"满地科技股份","ORG_CODE":"10394704","STD_REPORT_DATE":"2022-06-30 00:00:00","REPORT_DATE":"2022-06-30 00:00:00","DATE_TYPE_CODE":"002","REPORT_TYPE":"2022年中报","PER_NETCASH_OPERATE":-0.056750574942,"PER_OI":0.485137709893,"BPS":-0.288293021317,"BASIC_EPS":-0.9105,"DILUTED_EPS":-0.9105,"OPERATE_INCOME":30433000,"OPERATE_INCOME_YOY":-79.1053896327,"GROSS_PROFIT":2315000,"GROSS_PROFIT_YOY":-66.733726110073,"HOLDER_PROFIT":-50279000,"HOLDER_PROFIT_YOY":-24.8857426726,"GROSS_PROFIT_RATIO":7.606874116913,"EPS_TTM":-1.762248822513,"OPERATE_INCOME_QOQ":-74.075002732399,"NET_PROFIT_RATIO":-165.2121052805,"ROE_AVG":4.690599024172,"GROSS_PROFIT_QOQ":-128.039702233251,"ROA":-22.345129793655,"HOLDER_PROFIT_QOQ":-9.966377526659,"ROE_YEARLY":9.381198048344,"ROIC_YEARLY":-44.982833625963,"TOTAL_ASSETS":222306000,"TOTAL_LIABILITIES":1318329000,"TAX_EBT":-1.250553787909,"OCF_SALES":-11.697828015641,"TOTAL_PARENT_EQUITY":-1096023000,"DEBT_ASSET_RATIO":593.0244797711,"OPERATE_PROFIT":-14571000,"PRETAX_PROFIT":-49658000,"NETCASH_OPERATE":-3560000,"NETCASH_INVEST":2000,"NETCASH_FINANCE":2015000,"END_CASH":692000,"DIVI_RATIO":null,"DIVIDEND_RATE":null,"CURRENT_RATIO":0.023545854903,"COMMON_ACS":20000000000,"CURRENTDEBT_DEBT":85.586299019441,"ISSUED_COMMON_SHARES":3801767365,"HK_COMMON_SHARES":3801767365,"PER_SHARES":10000,"TOTAL_MARKET_CAP":72233579.935,"HKSK_MARKET_CAP":72233579.935,"PE_TTM":-0.080085554921,"PB_TTM":-0.417907385185,"REPORT_DATE_SQ":"2021-06-30 00:00:00","REPORT_TYPE_SQ":"2021年中报","OPERATE_INCOME_SQ":145650000,"DPS_HKD":null,"OPERATE_INCOME_QOQ_SQ":-20.24716208762,"NET_PROFIT_RATIO_SQ":-27.6416065911,"HOLDER_PROFIT_SQ":-40260000,"HOLDER_PROFIT_QOQ_SQ":15.565010568412,"ROE_AVG_SQ":4.122180783122,"PE_TTM_SQ":-9.994666811564,"PB_TTM_SQ":-3.653144957737,"ROA_SQ":-14.659830752873,"START_DATE":"2022-01-01 00:00:00","FISCAL_YEAR":"12-31","CURRENCY":"HKD","IS_CNY_CODE":0,"DPS_HKD_LY":null,"ORG_TYPE":"一般企业","PREMIUM_INCOME":null,"PREMIUM_INCOME_YOY":null,"NET_INTEREST_INCOME":null,"NET_INTEREST_INCOME_YOY":null,"FEE_COMMISSION_INCOME":null,"FEE_COMMISSION_INCOME_YOY":null,"ACCOUNTS_RECE_TDAYS":1.465203052406,"INVENTORY_TDAYS":15.612437534703,"CURRENT_ASSETS_TDAYS":1.266195132099,"TOTAL_ASSETS_TDAYS":0.135251165499,"PREMIUM_EXPENSE":null,"LOAN_DEPOSIT":null,"LOAN_EQUITY":null,"LOAN_ASSETS":null,"DEPOSIT_EQUITY":null,"DEPOSIT_ASSETS":null,"EQUITY_MULTIPLIER":-0.202829685143,"EQUITY_RATIO":-1.202829685143},{"SECUCODE":"01400.HK","SECURITY_CODE":"01400","SECURITY_NAME_ABBR":"满地科技股份","ORG_CODE":"10394704","STD_REPORT_DATE":"2021-12-31 00:00:00","REPORT_DATE":"2021-12-31 00:00:00","DATE_TYPE_CODE":"001","REPORT_TYPE":"2021年年报","PER_NETCASH_OPERATE":-0.0006064022,"PER_OI":0.297540708712,"BPS":-0.2756078685,"BASIC_EPS":-2.24,"DILUTED_EPS":-2.24,"OPERATE_INCOME":155541000,"OPERATE_INCOME_YOY":-24.7379830258,"GROSS_PROFIT":3627000,"GROSS_PROFIT_YOY":129.451887941535,"HOLDER_PROFIT":-100528000,"HOLDER_PROFIT_YOY":54.1070719337,"GROSS_PROFIT_RATIO":2.331861052713,"EPS_TTM":-0.192304102233,"OPERATE_INCOME_QOQ":-5.630923056388,"NET_PROFIT_RATIO":-64.63119049,"ROE_AVG":10.017318657316,"GROSS_PROFIT_QOQ":145.668597330647,"ROA":-39.580212256212,"HOLDER_PROFIT_QOQ":45.647025746942,"ROE_YEARLY":10.017318657316,"ROIC_YEARLY":-40.037836169387,"TOTAL_ASSETS":227716000,"TOTAL_LIABILITIES":1275513000,"TAX_EBT":null,"OCF_SALES":-0.203804784591,"TOTAL_PARENT_EQUITY":-1047797000,"DEBT_ASSET_RATIO":560.1332361362,"OPERATE_PROFIT":-32244000,"PRETAX_PROFIT":-100528000,"NETCASH_OPERATE":-329000,"NETCASH_INVEST":4000,"NETCASH_FINANCE":-1011000,"END_CASH":2235000,"DIVI_RATIO":null,"DIVIDEND_RATE":null,"CURRENT_RATIO":0.019671036382,"COMMON_ACS":20000000000,"CURRENTDEBT_DEBT":85.701204142961,"ISSUED_COMMON_SHARES":3801767365,"HK_COMMON_SHARES":3801767365,"PER_SHARES":10000,"TOTAL_MARKET_CAP":72233579.935,"HKSK_MARKET_CAP":72233579.935,"PE_TTM":-0.080085554921,"PB_TTM":-0.417907385185,"REPORT_DATE_SQ":"2020-12-31 00:00:00","REPORT_TYPE_SQ":"2020年年报","OPERATE_INCOME_SQ":206666000,"DPS_HKD":null,"OPERATE_INCOME_QOQ_SQ":-58.897876140339,"NET_PROFIT_RATIO_SQ":-105.9917935219,"HOLDER_PROFIT_SQ":-219049000,"HOLDER_PROFIT_QOQ_SQ":30.352072595697,"ROE_AVG_SQ":25.484519290898,"PE_TTM_SQ":-9.994666811564,"PB_TTM_SQ":-3.653144957737,"ROA_SQ":-59.145604696029,"START_DATE":"2021-01-01 00:00:00","FISCAL_YEAR":"12-31","CURRENCY":"HKD","IS_CNY_CODE":0,"DPS_HKD_LY":null,"ORG_TYPE":"一般企业","PREMIUM_INCOME":null,"PREMIUM_INCOME_YOY":null,"NET_INTEREST_INCOME":null,"NET_INTEREST_INCOME_YOY":null,"FEE_COMMISSION_INCOME":null,"FEE_COMMISSION_INCOME_YOY":null,"ACCOUNTS_RECE_TDAYS":4.891610975706,"INVENTORY_TDAYS":54.148636606665,"CURRENT_ASSETS_TDAYS":4.147096464566,"TOTAL_ASSETS_TDAYS":0.612401101638,"PREMIUM_EXPENSE":null,"LOAN_DEPOSIT":null,"LOAN_EQUITY":null,"LOAN_ASSETS":null,"DEPOSIT_EQUITY":null,"DEPOSIT_ASSETS":null,"EQUITY_MULTIPLIER":-0.217328356542,"EQUITY_RATIO":-1.217328356542},{"SECUCODE":"01400.HK","SECURITY_CODE":"01400","SECURITY_NAME_ABBR":"满地科技股份","ORG_CODE":"10394704","STD_REPORT_DATE":"2021-06-30 00:00:00","REPORT_DATE":"2021-06-30 00:00:00","DATE_TYPE_CODE":"002","REPORT_TYPE":"2021年中报","PER_NETCASH_OPERATE":0.002483762198,"PER_OI":0.334343774624,"BPS":-0.261469970296,"BASIC_EPS":-1.03,"DILUTED_EPS":-1.03,"OPERATE_INCOME":145650000,"OPERATE_INCOME_YOY":-22.3175141605,"GROSS_PROFIT":6959000,"GROSS_PROFIT_YOY":169.102861562258,"HOLDER_PROFIT":-40260000,"HOLDER_PROFIT_YOY":45.8543473875,"GROSS_PROFIT_RATIO":4.777892207346,"EPS_TTM":-0.424567239903,"OPERATE_INCOME_QOQ":-20.24716208762,"NET_PROFIT_RATIO":-27.6416065911,"ROE_AVG":4.122180783122,"GROSS_PROFIT_QOQ":35.509541209907,"ROA":-14.659830752873,"HOLDER_PROFIT_QOQ":15.565010568412,"ROE_YEARLY":8.244361566244,"ROIC_YEARLY":-29.567177935512,"TOTAL_ASSETS":269001000,"TOTAL_LIABILITIES":1263049000,"TAX_EBT":null,"OCF_SALES":0.742876759355,"TOTAL_PARENT_EQUITY":-994048000,"DEBT_ASSET_RATIO":469.5331987613,"OPERATE_PROFIT":-3025000,"PRETAX_PROFIT":-40260000,"NETCASH_OPERATE":1082000,"NETCASH_INVEST":-415000,"NETCASH_FINANCE":-3211000,"END_CASH":1027000,"DIVI_RATIO":null,"DIVIDEND_RATE":null,"CURRENT_RATIO":0.049102482284,"COMMON_ACS":20000000000,"CURRENTDEBT_DEBT":85.849717627741,"ISSUED_COMMON_SHARES":3801767365,"HK_COMMON_SHARES":3801767365,"PER_SHARES":10000,"TOTAL_MARKET_CAP":72233579.935,"HKSK_MARKET_CAP":72233579.935,"PE_TTM":-0.080085554921,"PB_TTM":-0.417907385185,"REPORT_DATE_SQ":"2020-06-30 00:00:00","REPORT_TYPE_SQ":"2020年中报","OPERATE_INCOME_SQ":187494000,"DPS_HKD":null,"OPERATE_INCOME_QOQ_SQ":-2.869423275671,"NET_PROFIT_RATIO_SQ":-39.6572690326,"HOLDER_PROFIT_SQ":-74355000,"HOLDER_PROFIT_QOQ_SQ":-9.353355956719,"ROE_AVG_SQ":9.401095055938,"PE_TTM_SQ":-9.994666811564,"PB_TTM_SQ":-3.653144957737,"ROA_SQ":-17.713630240029,"START_DATE":"2021-01-01 00:00:00","FISCAL_YEAR":"12-31","CURRENCY":"HKD","IS_CNY_CODE":0,"DPS_HKD_LY":null,"ORG_TYPE":"一般企业","PREMIUM_INCOME":null,"PREMIUM_INCOME_YOY":null,"NET_INTEREST_INCOME":null,"NET_INTEREST_INCOME_YOY":null,"FEE_COMMISSION_INCOME":null,"FEE_COMMISSION_INCOME_YOY":null,"ACCOUNTS_RECE_TDAYS":2.990913291237,"INVENTORY_TDAYS":58.285774322337,"CURRENT_ASSETS_TDAYS":2.728754496403,"TOTAL_ASSETS_TDAYS":0.530353787669,"PREMIUM_EXPENSE":null,"LOAN_DEPOSIT":null,"LOAN_EQUITY":null,"LOAN_ASSETS":null,"DEPOSIT_EQUITY":null,"DEPOSIT_ASSETS":null,"EQUITY_MULTIPLIER":-0.270611680724,"EQUITY_RATIO":-1.270611680724},{"SECUCODE":"01400.HK","SECURITY_CODE":"01400","SECURITY_NAME_ABBR":"满地科技股份","ORG_CODE":"10394704","STD_REPORT_DATE":"2020-12-31 00:00:00","REPORT_DATE":"2020-12-31 00:00:00","DATE_TYPE_CODE":"001","REPORT_TYPE":"2020年年报","PER_NETCASH_OPERATE":0.097637823308,"PER_OI":0.569288147601,"BPS":-0.252326591267,"BASIC_EPS":-7.59,"DILUTED_EPS":-7.59,"OPERATE_INCOME":206666000,"OPERATE_INCOME_YOY":-60.0772700492,"GROSS_PROFIT":-12315000,"GROSS_PROFIT_YOY":-211.761502858699,"HOLDER_PROFIT":-219049000,"HOLDER_PROFIT_YOY":23.8376540291,"GROSS_PROFIT_RATIO":-5.958890189968,"EPS_TTM":-0.60339871795,"OPERATE_INCOME_QOQ":-58.897876140339,"NET_PROFIT_RATIO":-105.9917935219,"ROE_AVG":25.484519290898,"GROSS_PROFIT_QOQ":-271.97318810222,"ROA":-59.145604696029,"HOLDER_PROFIT_QOQ":30.352072595697,"ROE_YEARLY":25.484519290898,"ROIC_YEARLY":-59.801987766541,"TOTAL_ASSETS":280255000,"TOTAL_LIABILITIES":1239542000,"TAX_EBT":null,"OCF_SALES":17.150861776974,"TOTAL_PARENT_EQUITY":-959287000,"DEBT_ASSET_RATIO":442.2907709051,"OPERATE_PROFIT":-92140000,"PRETAX_PROFIT":-219049000,"NETCASH_OPERATE":-15851000,"NETCASH_INVEST":62616000,"NETCASH_FINANCE":-47753000,"END_CASH":3571000,"DIVI_RATIO":null,"DIVIDEND_RATE":null,"CURRENT_RATIO":0.054419603221,"COMMON_ACS":20000000000,"CURRENTDEBT_DEBT":79.325024888225,"ISSUED_COMMON_SHARES":3801767365,"HK_COMMON_SHARES":3801767365,"PER_SHARES":10000,"TOTAL_MARKET_CAP":72233579.935,"HKSK_MARKET_CAP":72233579.935,"PE_TTM":-0.080085554921,"PB_TTM":-0.417907385185,"REPORT_DATE_SQ":"2019-12-31 00:00:00","REPORT_TYPE_SQ":"2019年年报","OPERATE_INCOME_SQ":517665000,"DPS_HKD":null,"OPERATE_INCOME_QOQ_SQ":62.323225988523,"NET_PROFIT_RATIO_SQ":-55.5587107492,"HOLDER_PROFIT_SQ":-287608000,"HOLDER_PROFIT_QOQ_SQ":18.72082113426,"ROE_AVG_SQ":46.690823138263,"PE_TTM_SQ":-9.994666811564,"PB_TTM_SQ":-3.653144957737,"ROA_SQ":-57.31223839315,"START_DATE":"2020-01-01 00:00:00","FISCAL_YEAR":"12-31","CURRENCY":"HKD","IS_CNY_CODE":0,"DPS_HKD_LY":null,"ORG_TYPE":"一般企业","PREMIUM_INCOME":null,"PREMIUM_INCOME_YOY":null,"NET_INTEREST_INCOME":null,"NET_INTEREST_INCOME_YOY":null,"FEE_COMMISSION_INCOME":null,"FEE_COMMISSION_INCOME_YOY":null,"ACCOUNTS_RECE_TDAYS":3.482626133261,"INVENTORY_TDAYS":9.22802359882,"CURRENT_ASSETS_TDAYS":2.371736460975,"TOTAL_ASSETS_TDAYS":0.558020604527,"PREMIUM_EXPENSE":null,"LOAN_DEPOSIT":null,"LOAN_EQUITY":null,"LOAN_ASSETS":null,"DEPOSIT_EQUITY":null,"DEPOSIT_ASSETS":null,"EQUITY_MULTIPLIER":-0.292149273367,"EQUITY_RATIO":-1.292149273367},{"SECUCODE":"01400.HK","SECURITY_CODE":"01400","SECURITY_NAME_ABBR":"满地科技股份","ORG_CODE":"10394704","STD_REPORT_DATE":"2020-06-30 00:00:00","REPORT_DATE":"2020-06-30 00:00:00","DATE_TYPE_CODE":"002","REPORT_TYPE":"2020年中报","PER_NETCASH_OPERATE":-0.078718480589,"PER_OI":0.619771680508,"BPS":-0.216228117367,"BASIC_EPS":-0.31,"DILUTED_EPS":-0.31,"OPERATE_INCOME":187494000,"OPERATE_INCOME_YOY":-7.3408187874,"GROSS_PROFIT":2586000,"GROSS_PROFIT_YOY":-59.869646182495,"HOLDER_PROFIT":-74355000,"HOLDER_PROFIT_YOY":-56.6885826274,"GROSS_PROFIT_RATIO":1.379244135812,"EPS_TTM":-1.039626715868,"OPERATE_INCOME_QOQ":-2.869423275671,"NET_PROFIT_RATIO":-39.6572690326,"ROE_AVG":9.401095055938,"GROSS_PROFIT_QOQ":-35.012251565478,"ROA":-17.713630240029,"HOLDER_PROFIT_QOQ":-9.353355956719,"ROE_YEARLY":18.802190111876,"ROIC_YEARLY":-35.99022738631,"TOTAL_ASSETS":379067000,"TOTAL_LIABILITIES":1201116000,"TAX_EBT":null,"OCF_SALES":-12.701206438606,"TOTAL_PARENT_EQUITY":-822049000,"DEBT_ASSET_RATIO":316.8611353666,"OPERATE_PROFIT":-38459000,"PRETAX_PROFIT":-74355000,"NETCASH_OPERATE":-23814000,"NETCASH_INVEST":68865000,"NETCASH_FINANCE":-41037000,"END_CASH":8573000,"DIVI_RATIO":null,"DIVIDEND_RATE":null,"CURRENT_RATIO":0.132479009473,"COMMON_ACS":20000000000,"CURRENTDEBT_DEBT":74.557578119016,"ISSUED_COMMON_SHARES":3801767365,"HK_COMMON_SHARES":3801767365,"PER_SHARES":10000,"TOTAL_MARKET_CAP":72233579.935,"HKSK_MARKET_CAP":72233579.935,"PE_TTM":-0.080085554921,"PB_TTM":-0.417907385185,"REPORT_DATE_SQ":"2019-06-30 00:00:00","REPORT_TYPE_SQ":"2019年中报","OPERATE_INCOME_SQ":202348000,"DPS_HKD":null,"OPERATE_INCOME_QOQ_SQ":27.22811776909,"NET_PROFIT_RATIO_SQ":-23.4516773084,"HOLDER_PROFIT_SQ":-47454000,"HOLDER_PROFIT_QOQ_SQ":4.178119101714,"ROE_AVG_SQ":9.56886278258,"PE_TTM_SQ":-9.994666811564,"PB_TTM_SQ":-3.653144957737,"ROA_SQ":-8.429036426532,"START_DATE":"2020-01-01 00:00:00","FISCAL_YEAR":"12-31","CURRENCY":"HKD","IS_CNY_CODE":0,"DPS_HKD_LY":null,"ORG_TYPE":"一般企业","PREMIUM_INCOME":null,"PREMIUM_INCOME_YOY":null,"NET_INTEREST_INCOME":null,"NET_INTEREST_INCOME_YOY":null,"FEE_COMMISSION_INCOME":null,"FEE_COMMISSION_INCOME_YOY":null,"ACCOUNTS_RECE_TDAYS":2.690342437743,"INVENTORY_TDAYS":4.256237915477,"CURRENT_ASSETS_TDAYS":1.566346286387,"TOTAL_ASSETS_TDAYS":0.446667929288,"PREMIUM_EXPENSE":null,"LOAN_DEPOSIT":null,"LOAN_EQUITY":null,"LOAN_ASSETS":null,"DEPOSIT_EQUITY":null,"DEPOSIT_ASSETS":null,"EQUITY_MULTIPLIER":-0.461124580165,"EQUITY_RATIO":-1.461124580165}],"count":25},"success":true,"message":"ok","code":0}