{"version":"0c96f035d8c0d316de0543639947cf7d","result":{"pages":2,"data":[{"SECUCODE":"01406.HK","SECURITY_CODE":"01406","SECURITY_NAME_ABBR":"清晰医疗","ORG_CODE":"10000016345","STD_REPORT_DATE":"2024-06-30 00:00:00","REPORT_DATE":"2024-09-30 00:00:00","DATE_TYPE_CODE":"002","REPORT_TYPE":"2024年中报","PER_NETCASH_OPERATE":0.003207056285,"PER_OI":0.148675446631,"BPS":0.296711527973,"BASIC_EPS":-0.03156265,"DILUTED_EPS":-0.03156265,"OPERATE_INCOME":78636989.79,"OPERATE_INCOME_YOY":-14.1806908769,"GROSS_PROFIT":78636989.79,"GROSS_PROFIT_YOY":-15.662091720915,"HOLDER_PROFIT":-16745338.51,"HOLDER_PROFIT_YOY":7.2431190369,"GROSS_PROFIT_RATIO":null,"EPS_TTM":-0.129907202664,"OPERATE_INCOME_QOQ":0,"NET_PROFIT_RATIO":-21.2944805679,"ROE_AVG":-10.215404250871,"GROSS_PROFIT_QOQ":0,"ROA":-8.167996181905,"HOLDER_PROFIT_QOQ":0,"ROE_YEARLY":-20.430808501743,"ROIC_YEARLY":-38.917298905982,"TOTAL_ASSETS":197053740.06,"TOTAL_LIABILITIES":40117931.73,"TAX_EBT":-5.093666874186,"OCF_SALES":2.157085354526,"TOTAL_PARENT_EQUITY":156935808.33,"DEBT_ASSET_RATIO":20.3588786073,"OPERATE_PROFIT":-15361090.86,"PRETAX_PROFIT":-15933727.51,"NETCASH_OPERATE":1696266.99,"NETCASH_INVEST":18915947.04,"NETCASH_FINANCE":-10654648.85,"END_CASH":92334278.1,"DIVI_RATIO":null,"DIVIDEND_RATE":null,"CURRENT_RATIO":3.835505617978,"COMMON_ACS":5000000000,"CURRENTDEBT_DEBT":90.026299817924,"ISSUED_COMMON_SHARES":528917125,"HK_COMMON_SHARES":528917125,"PER_SHARES":1250,"TOTAL_MARKET_CAP":211566850,"HKSK_MARKET_CAP":211566850,"PE_TTM":-2.845820722866,"PB_TTM":1.215712791693,"REPORT_DATE_SQ":"2023-06-30 00:00:00","REPORT_TYPE_SQ":"2023年中报","OPERATE_INCOME_SQ":93240384.3,"DPS_HKD":null,"OPERATE_INCOME_QOQ_SQ":0,"NET_PROFIT_RATIO_SQ":-19.7018010038,"HOLDER_PROFIT_SQ":-18370034.97,"HOLDER_PROFIT_QOQ_SQ":0,"ROE_AVG_SQ":-7.999025045152,"PE_TTM_SQ":-8.060515873016,"PB_TTM_SQ":1.039822985923,"ROA_SQ":-6.414701358626,"START_DATE":"2024-04-01 00:00:00","FISCAL_YEAR":"3-31","CURRENCY":"HKD","IS_CNY_CODE":0,"DPS_HKD_LY":null,"ORG_TYPE":"一般企业","PREMIUM_INCOME":null,"PREMIUM_INCOME_YOY":null,"NET_INTEREST_INCOME":null,"NET_INTEREST_INCOME_YOY":null,"FEE_COMMISSION_INCOME":null,"FEE_COMMISSION_INCOME_YOY":null,"ACCOUNTS_RECE_TDAYS":31.941758241758,"INVENTORY_TDAYS":null,"CURRENT_ASSETS_TDAYS":0.540245337959,"TOTAL_ASSETS_TDAYS":0.38357339386,"PREMIUM_EXPENSE":null,"LOAN_DEPOSIT":null,"LOAN_EQUITY":null,"LOAN_ASSETS":null,"DEPOSIT_EQUITY":null,"DEPOSIT_ASSETS":null,"EQUITY_MULTIPLIER":1.255632746642,"EQUITY_RATIO":0.255632746643},{"SECUCODE":"01406.HK","SECURITY_CODE":"01406","SECURITY_NAME_ABBR":"清晰医疗","ORG_CODE":"10000016345","STD_REPORT_DATE":"2023-12-31 00:00:00","REPORT_DATE":"2024-03-31 00:00:00","DATE_TYPE_CODE":"001","REPORT_TYPE":"2023年年报","PER_NETCASH_OPERATE":-0.026742044876,"PER_OI":0.327744967858,"BPS":0.324835708619,"BASIC_EPS":-0.1305432,"DILUTED_EPS":-0.1305432,"OPERATE_INCOME":173090311.15,"OPERATE_INCOME_YOY":-10.7151374581,"GROSS_PROFIT":173090311.15,"GROSS_PROFIT_YOY":-7.539104948117,"HOLDER_PROFIT":-68710144.15,"HOLDER_PROFIT_YOY":-2275.211532435,"GROSS_PROFIT_RATIO":null,"EPS_TTM":-0.053622527924,"OPERATE_INCOME_QOQ":0,"NET_PROFIT_RATIO":-39.6961237712,"ROE_AVG":-33.775395159601,"GROSS_PROFIT_QOQ":0,"ROA":-26.904522720093,"HOLDER_PROFIT_QOQ":0,"ROE_YEARLY":-33.775395159601,"ROIC_YEARLY":-70.671111214714,"TOTAL_ASSETS":214093567.65,"TOTAL_LIABILITIES":42282398.55,"TAX_EBT":7.452134414379,"OCF_SALES":-8.159406702875,"TOTAL_PARENT_EQUITY":171811169.1,"DEBT_ASSET_RATIO":19.7494950521,"OPERATE_PROFIT":-72407961.6,"PRETAX_PROFIT":-74242818.8,"NETCASH_OPERATE":-14123142.45,"NETCASH_INVEST":24121482.4,"NETCASH_FINANCE":-21843322.25,"END_CASH":82886773.05,"DIVI_RATIO":null,"DIVIDEND_RATE":null,"CURRENT_RATIO":4.414160123132,"COMMON_ACS":5000000000,"CURRENTDEBT_DEBT":82.187345897386,"ISSUED_COMMON_SHARES":528917125,"HK_COMMON_SHARES":528917125,"PER_SHARES":1250,"TOTAL_MARKET_CAP":203633093.125,"HKSK_MARKET_CAP":203633093.125,"PE_TTM":-2.739102445758,"PB_TTM":1.170123562005,"REPORT_DATE_SQ":"2022-12-31 00:00:00","REPORT_TYPE_SQ":"2022年年报","OPERATE_INCOME_SQ":187203802.27,"DPS_HKD":null,"OPERATE_INCOME_QOQ_SQ":0,"NET_PROFIT_RATIO_SQ":-1.4921883403,"HOLDER_PROFIT_SQ":-2793433.31,"HOLDER_PROFIT_QOQ_SQ":0,"ROE_AVG_SQ":-1.239861287847,"PE_TTM_SQ":-102.612817298652,"PB_TTM_SQ":1.357242634258,"ROA_SQ":-1.03368464358,"START_DATE":"2023-04-01 00:00:00","FISCAL_YEAR":"3-31","CURRENCY":"HKD","IS_CNY_CODE":0,"DPS_HKD_LY":null,"ORG_TYPE":"一般企业","PREMIUM_INCOME":null,"PREMIUM_INCOME_YOY":null,"NET_INTEREST_INCOME":null,"NET_INTEREST_INCOME_YOY":null,"FEE_COMMISSION_INCOME":null,"FEE_COMMISSION_INCOME_YOY":null,"ACCOUNTS_RECE_TDAYS":82.888213588018,"INVENTORY_TDAYS":null,"CURRENT_ASSETS_TDAYS":0.94786407526,"TOTAL_ASSETS_TDAYS":0.677761961727,"PREMIUM_EXPENSE":null,"LOAN_DEPOSIT":null,"LOAN_EQUITY":null,"LOAN_ASSETS":null,"DEPOSIT_EQUITY":null,"DEPOSIT_ASSETS":null,"EQUITY_MULTIPLIER":1.246098078323,"EQUITY_RATIO":0.246098078323},{"SECUCODE":"01406.HK","SECURITY_CODE":"01406","SECURITY_NAME_ABBR":"清晰医疗","ORG_CODE":"10000016345","STD_REPORT_DATE":"2023-06-30 00:00:00","REPORT_DATE":"2023-09-30 00:00:00","DATE_TYPE_CODE":"002","REPORT_TYPE":"2023年中报","PER_NETCASH_OPERATE":-0.013272947825,"PER_OI":0.176549840095,"BPS":0.418553422259,"BASIC_EPS":-0.03486994,"DILUTED_EPS":-0.03486994,"OPERATE_INCOME":93240384.3,"OPERATE_INCOME_YOY":-5.6467114244,"GROSS_PROFIT":93240384.3,"GROSS_PROFIT_YOY":-4.270699885376,"HOLDER_PROFIT":-18370034.97,"HOLDER_PROFIT_YOY":-353.0207280081,"GROSS_PROFIT_RATIO":null,"EPS_TTM":-0.005289341179,"OPERATE_INCOME_QOQ":0,"NET_PROFIT_RATIO":-19.7018010038,"ROE_AVG":-7.999025045152,"GROSS_PROFIT_QOQ":0,"ROA":-6.414701358626,"HOLDER_PROFIT_QOQ":0,"ROE_YEARLY":-15.998050090303,"ROIC_YEARLY":-31.299371870591,"TOTAL_ASSETS":272445264.63,"TOTAL_LIABILITIES":51065191.87,"TAX_EBT":14.063103670316,"OCF_SALES":-7.517960830627,"TOTAL_PARENT_EQUITY":221380072.76,"DEBT_ASSET_RATIO":18.7432847986,"OPERATE_PROFIT":-20264940.92,"PRETAX_PROFIT":-21376190.85,"NETCASH_OPERATE":-7009775.57,"NETCASH_INVEST":-31501320.27,"NETCASH_FINANCE":-10893185.73,"END_CASH":46484382.91,"DIVI_RATIO":null,"DIVIDEND_RATE":null,"CURRENT_RATIO":5.06575089156,"COMMON_ACS":5000000000,"CURRENTDEBT_DEBT":68.024582651979,"ISSUED_COMMON_SHARES":528917125,"HK_COMMON_SHARES":528917125,"PER_SHARES":1250,"TOTAL_MARKET_CAP":203633093.125,"HKSK_MARKET_CAP":203633093.125,"PE_TTM":-2.739102445758,"PB_TTM":1.170123562005,"REPORT_DATE_SQ":"2022-06-30 00:00:00","REPORT_TYPE_SQ":"2022年中报","OPERATE_INCOME_SQ":97400048.04,"DPS_HKD":null,"OPERATE_INCOME_QOQ_SQ":0,"NET_PROFIT_RATIO_SQ":7.3469463558,"HOLDER_PROFIT_SQ":7155929.28,"HOLDER_PROFIT_QOQ_SQ":0,"ROE_AVG_SQ":3.010156233652,"PE_TTM_SQ":-102.612817298652,"PB_TTM_SQ":1.357242634258,"ROA_SQ":2.572874256949,"START_DATE":"2023-04-01 00:00:00","FISCAL_YEAR":"3-31","CURRENCY":"HKD","IS_CNY_CODE":0,"DPS_HKD_LY":null,"ORG_TYPE":"一般企业","PREMIUM_INCOME":null,"PREMIUM_INCOME_YOY":null,"NET_INTEREST_INCOME":null,"NET_INTEREST_INCOME_YOY":null,"FEE_COMMISSION_INCOME":null,"FEE_COMMISSION_INCOME_YOY":null,"ACCOUNTS_RECE_TDAYS":52.255078426331,"INVENTORY_TDAYS":null,"CURRENT_ASSETS_TDAYS":0.47768589602,"TOTAL_ASSETS_TDAYS":0.325589592412,"PREMIUM_EXPENSE":null,"LOAN_DEPOSIT":null,"LOAN_EQUITY":null,"LOAN_ASSETS":null,"DEPOSIT_EQUITY":null,"DEPOSIT_ASSETS":null,"EQUITY_MULTIPLIER":1.230667517782,"EQUITY_RATIO":0.230667517782},{"SECUCODE":"01406.HK","SECURITY_CODE":"01406","SECURITY_NAME_ABBR":"清晰医疗","ORG_CODE":"10000016345","STD_REPORT_DATE":"2022-12-31 00:00:00","REPORT_DATE":"2023-03-31 00:00:00","DATE_TYPE_CODE":"001","REPORT_TYPE":"2022年年报","PER_NETCASH_OPERATE":0.026889280038,"PER_OI":0.354468738026,"BPS":0.429140588783,"BASIC_EPS":-0.00525246,"DILUTED_EPS":-0.00525246,"OPERATE_INCOME":187203802.27,"OPERATE_INCOME_YOY":-5.0568956255,"GROSS_PROFIT":187203802.27,"GROSS_PROFIT_YOY":2.482266557113,"HOLDER_PROFIT":-2793433.31,"HOLDER_PROFIT_YOY":-123.6528055741,"GROSS_PROFIT_RATIO":null,"EPS_TTM":0.017732791044,"OPERATE_INCOME_QOQ":0,"NET_PROFIT_RATIO":-1.4921883403,"ROE_AVG":-1.239861287847,"GROSS_PROFIT_QOQ":0,"ROA":-1.03368464358,"HOLDER_PROFIT_QOQ":0,"ROE_YEARLY":-1.239861287847,"ROIC_YEARLY":-3.784460112549,"TOTAL_ASSETS":286485801.19,"TOTAL_LIABILITIES":59505994.75,"TAX_EBT":-9.39321220432,"OCF_SALES":7.585797322385,"TOTAL_PARENT_EQUITY":226979806.44,"DEBT_ASSET_RATIO":20.7710101174,"OPERATE_PROFIT":-1218570.72,"PRETAX_PROFIT":-2553570.97,"NETCASH_OPERATE":14200901.02,"NETCASH_INVEST":-125850692.42,"NETCASH_FINANCE":-8083535.94,"END_CASH":91476843.36,"DIVI_RATIO":null,"DIVIDEND_RATE":null,"CURRENT_RATIO":5.812632155029,"COMMON_ACS":5000000000,"CURRENTDEBT_DEBT":59.137918352335,"ISSUED_COMMON_SHARES":528917125,"HK_COMMON_SHARES":528917125,"PER_SHARES":1250,"TOTAL_MARKET_CAP":211566850,"HKSK_MARKET_CAP":211566850,"PE_TTM":-2.845820722866,"PB_TTM":1.215712791693,"REPORT_DATE_SQ":"2021-12-31 00:00:00","REPORT_TYPE_SQ":"2021年年报","OPERATE_INCOME_SQ":182669459.37,"DPS_HKD":null,"OPERATE_INCOME_QOQ_SQ":0,"NET_PROFIT_RATIO_SQ":5.989690859,"HOLDER_PROFIT_SQ":10941335.91,"HOLDER_PROFIT_QOQ_SQ":0,"ROE_AVG_SQ":8.031671851047,"PE_TTM_SQ":-104.267862738953,"PB_TTM_SQ":1.379133644488,"ROA_SQ":6.624698620652,"START_DATE":"2022-04-01 00:00:00","FISCAL_YEAR":"3-31","CURRENCY":"HKD","IS_CNY_CODE":0,"DPS_HKD_LY":null,"ORG_TYPE":"一般企业","PREMIUM_INCOME":null,"PREMIUM_INCOME_YOY":null,"NET_INTEREST_INCOME":null,"NET_INTEREST_INCOME_YOY":null,"FEE_COMMISSION_INCOME":null,"FEE_COMMISSION_INCOME_YOY":null,"ACCOUNTS_RECE_TDAYS":139.541272430669,"INVENTORY_TDAYS":null,"CURRENT_ASSETS_TDAYS":0.885029404826,"TOTAL_ASSETS_TDAYS":0.692730679961,"PREMIUM_EXPENSE":null,"LOAN_DEPOSIT":null,"LOAN_EQUITY":null,"LOAN_ASSETS":null,"DEPOSIT_EQUITY":null,"DEPOSIT_ASSETS":null,"EQUITY_MULTIPLIER":1.262164267753,"EQUITY_RATIO":0.262164267753},{"SECUCODE":"01406.HK","SECURITY_CODE":"01406","SECURITY_NAME_ABBR":"清晰医疗","ORG_CODE":"10000016345","STD_REPORT_DATE":"2022-06-30 00:00:00","REPORT_DATE":"2022-09-30 00:00:00","DATE_TYPE_CODE":"002","REPORT_TYPE":"2022年中报","PER_NETCASH_OPERATE":0.030693151416,"PER_OI":0.186670591807,"BPS":0.46209932764,"BASIC_EPS":0.0135666,"DILUTED_EPS":0.0135666,"OPERATE_INCOME":97400048.04,"OPERATE_INCOME_YOY":-8.3551047154,"GROSS_PROFIT":97400048.04,"GROSS_PROFIT_YOY":-0.502593941351,"HOLDER_PROFIT":7155929.28,"HOLDER_PROFIT_YOY":-24.5182217134,"GROSS_PROFIT_RATIO":null,"EPS_TTM":0.020989565795,"OPERATE_INCOME_QOQ":0,"NET_PROFIT_RATIO":7.3469463558,"ROE_AVG":3.010156233652,"GROSS_PROFIT_QOQ":0,"ROA":2.572874256949,"HOLDER_PROFIT_QOQ":0,"ROE_YEARLY":6.020312467305,"ROIC_YEARLY":22.585065083352,"TOTAL_ASSETS":293841702.72,"TOTAL_LIABILITIES":49429454.88,"TAX_EBT":22.522522522523,"OCF_SALES":16.442413943598,"TOTAL_PARENT_EQUITY":244412247.84,"DEBT_ASSET_RATIO":16.8217970501,"OPERATE_PROFIT":9615101.64,"PRETAX_PROFIT":9236141.28,"NETCASH_OPERATE":16014919.08,"NETCASH_INVEST":-185781020.4,"NETCASH_FINANCE":60597.48,"END_CASH":48508734.96,"DIVI_RATIO":null,"DIVIDEND_RATE":null,"CURRENT_RATIO":7.742349635985,"COMMON_ACS":5000000000,"CURRENTDEBT_DEBT":60.57051891971,"ISSUED_COMMON_SHARES":528917125,"HK_COMMON_SHARES":528917125,"PER_SHARES":1250,"TOTAL_MARKET_CAP":211566850,"HKSK_MARKET_CAP":211566850,"PE_TTM":-2.845820722866,"PB_TTM":1.215712791693,"REPORT_DATE_SQ":"2021-06-30 00:00:00","REPORT_TYPE_SQ":"2021年中报","OPERATE_INCOME_SQ":97892047.54,"DPS_HKD":null,"OPERATE_INCOME_QOQ_SQ":0,"NET_PROFIT_RATIO_SQ":8.9201678169,"HOLDER_PROFIT_SQ":8732134.92,"HOLDER_PROFIT_QOQ_SQ":0,"ROE_AVG_SQ":null,"PE_TTM_SQ":-104.267862738953,"PB_TTM_SQ":1.379133644488,"ROA_SQ":null,"START_DATE":"2022-04-01 00:00:00","FISCAL_YEAR":"3-31","CURRENCY":"HKD","IS_CNY_CODE":0,"DPS_HKD_LY":null,"ORG_TYPE":"一般企业","PREMIUM_INCOME":null,"PREMIUM_INCOME_YOY":null,"NET_INTEREST_INCOME":null,"NET_INTEREST_INCOME_YOY":null,"FEE_COMMISSION_INCOME":null,"FEE_COMMISSION_INCOME_YOY":null,"ACCOUNTS_RECE_TDAYS":54.846447669977,"INVENTORY_TDAYS":null,"CURRENT_ASSETS_TDAYS":0.425751205309,"TOTAL_ASSETS_TDAYS":0.350196412544,"PREMIUM_EXPENSE":null,"LOAN_DEPOSIT":null,"LOAN_EQUITY":null,"LOAN_ASSETS":null,"DEPOSIT_EQUITY":null,"DEPOSIT_ASSETS":null,"EQUITY_MULTIPLIER":1.202238043785,"EQUITY_RATIO":0.202238043784},{"SECUCODE":"01406.HK","SECURITY_CODE":"01406","SECURITY_NAME_ABBR":"清晰医疗","ORG_CODE":"10000016345","STD_REPORT_DATE":"2021-12-31 00:00:00","REPORT_DATE":"2022-03-31 00:00:00","DATE_TYPE_CODE":"001","REPORT_TYPE":"2021年年报","PER_NETCASH_OPERATE":0.043834723155,"PER_OI":0.358373921574,"BPS":0.391693340445,"BASIC_EPS":0.02838535,"DILUTED_EPS":0.02838535,"OPERATE_INCOME":182669459.37,"OPERATE_INCOME_YOY":1.2842823802,"GROSS_PROFIT":182669459.37,"GROSS_PROFIT_YOY":-2.810565970328,"HOLDER_PROFIT":10941335.91,"HOLDER_PROFIT_YOY":-62.2829824709,"GROSS_PROFIT_RATIO":null,"EPS_TTM":null,"OPERATE_INCOME_QOQ":0,"NET_PROFIT_RATIO":5.989690859,"ROE_AVG":8.031671851047,"GROSS_PROFIT_QOQ":0,"ROA":6.624698620652,"HOLDER_PROFIT_QOQ":0,"ROE_YEARLY":8.031671851047,"ROIC_YEARLY":26.672070540322,"TOTAL_ASSETS":235309685.44,"TOTAL_LIABILITIES":28136369.93,"TAX_EBT":29.166229129476,"OCF_SALES":12.231560534015,"TOTAL_PARENT_EQUITY":207173315.51,"DEBT_ASSET_RATIO":11.9571660968,"OPERATE_PROFIT":16076651.23,"PRETAX_PROFIT":15446496.46,"NETCASH_OPERATE":22343325.5,"NETCASH_INVEST":-128139.58,"NETCASH_FINANCE":120853466.16,"END_CASH":195672382.7,"DIVI_RATIO":null,"DIVIDEND_RATE":null,"CURRENT_RATIO":10.315424037031,"COMMON_ACS":5000000000,"CURRENTDEBT_DEBT":69.743175856801,"ISSUED_COMMON_SHARES":528917125,"HK_COMMON_SHARES":528917125,"PER_SHARES":1250,"TOTAL_MARKET_CAP":211566850,"HKSK_MARKET_CAP":211566850,"PE_TTM":-2.845820722866,"PB_TTM":1.215712791693,"REPORT_DATE_SQ":"2020-12-31 00:00:00","REPORT_TYPE_SQ":"2020年年报","OPERATE_INCOME_SQ":187951973.58,"DPS_HKD":null,"OPERATE_INCOME_QOQ_SQ":0,"NET_PROFIT_RATIO_SQ":16.0845575836,"HOLDER_PROFIT_SQ":30231243.42,"HOLDER_PROFIT_QOQ_SQ":0,"ROE_AVG_SQ":35.202417096827,"PE_TTM_SQ":-104.267862738953,"PB_TTM_SQ":1.379133644488,"ROA_SQ":24.970853724091,"START_DATE":"2021-04-01 00:00:00","FISCAL_YEAR":"3-31","CURRENCY":"HKD","IS_CNY_CODE":0,"DPS_HKD_LY":null,"ORG_TYPE":"一般企业","PREMIUM_INCOME":null,"PREMIUM_INCOME_YOY":null,"NET_INTEREST_INCOME":null,"NET_INTEREST_INCOME_YOY":null,"FEE_COMMISSION_INCOME":null,"FEE_COMMISSION_INCOME_YOY":null,"ACCOUNTS_RECE_TDAYS":150.660200668896,"INVENTORY_TDAYS":null,"CURRENT_ASSETS_TDAYS":1.36935507405,"TOTAL_ASSETS_TDAYS":1.106016783945,"PREMIUM_EXPENSE":null,"LOAN_DEPOSIT":null,"LOAN_EQUITY":null,"LOAN_ASSETS":null,"DEPOSIT_EQUITY":null,"DEPOSIT_ASSETS":null,"EQUITY_MULTIPLIER":1.135810781715,"EQUITY_RATIO":0.135810781715},{"SECUCODE":"01406.HK","SECURITY_CODE":"01406","SECURITY_NAME_ABBR":"清晰医疗","ORG_CODE":"10000016345","STD_REPORT_DATE":"2021-06-30 00:00:00","REPORT_DATE":"2021-09-30 00:00:00","DATE_TYPE_CODE":"002","REPORT_TYPE":"2021年中报","PER_NETCASH_OPERATE":null,"PER_OI":null,"BPS":null,"BASIC_EPS":0.02332568,"DILUTED_EPS":0.02332568,"OPERATE_INCOME":97892047.54,"OPERATE_INCOME_YOY":null,"GROSS_PROFIT":97892047.54,"GROSS_PROFIT_YOY":null,"HOLDER_PROFIT":8732134.92,"HOLDER_PROFIT_YOY":null,"GROSS_PROFIT_RATIO":null,"EPS_TTM":null,"OPERATE_INCOME_QOQ":0,"NET_PROFIT_RATIO":8.9201678169,"ROE_AVG":null,"GROSS_PROFIT_QOQ":0,"ROA":null,"HOLDER_PROFIT_QOQ":0,"ROE_YEARLY":null,"ROIC_YEARLY":null,"TOTAL_ASSETS":null,"TOTAL_LIABILITIES":null,"TAX_EBT":26.817007610138,"OCF_SALES":21.648554578798,"TOTAL_PARENT_EQUITY":null,"DEBT_ASSET_RATIO":null,"OPERATE_PROFIT":12215158.78,"PRETAX_PROFIT":11931918.38,"NETCASH_OPERATE":21192213.34,"NETCASH_INVEST":-159947.52,"NETCASH_FINANCE":-21122236.3,"END_CASH":53943967.24,"DIVI_RATIO":null,"DIVIDEND_RATE":null,"CURRENT_RATIO":null,"COMMON_ACS":5000000000,"CURRENTDEBT_DEBT":null,"ISSUED_COMMON_SHARES":528917125,"HK_COMMON_SHARES":528917125,"PER_SHARES":1250,"TOTAL_MARKET_CAP":211566850,"HKSK_MARKET_CAP":211566850,"PE_TTM":-2.845820722866,"PB_TTM":1.215712791693,"REPORT_DATE_SQ":"2020-06-30 00:00:00","REPORT_TYPE_SQ":"2020年中报","OPERATE_INCOME_SQ":null,"DPS_HKD":null,"OPERATE_INCOME_QOQ_SQ":0,"NET_PROFIT_RATIO_SQ":null,"HOLDER_PROFIT_SQ":null,"HOLDER_PROFIT_QOQ_SQ":0,"ROE_AVG_SQ":null,"PE_TTM_SQ":-104.267862738953,"PB_TTM_SQ":1.379133644488,"ROA_SQ":null,"START_DATE":"2021-04-01 00:00:00","FISCAL_YEAR":"3-31","CURRENCY":"HKD","IS_CNY_CODE":0,"DPS_HKD_LY":null,"ORG_TYPE":"一般企业","PREMIUM_INCOME":null,"PREMIUM_INCOME_YOY":null,"NET_INTEREST_INCOME":null,"NET_INTEREST_INCOME_YOY":null,"FEE_COMMISSION_INCOME":null,"FEE_COMMISSION_INCOME_YOY":null,"ACCOUNTS_RECE_TDAYS":null,"INVENTORY_TDAYS":null,"CURRENT_ASSETS_TDAYS":2.960819391252,"TOTAL_ASSETS_TDAYS":2.00612889458,"PREMIUM_EXPENSE":null,"LOAN_DEPOSIT":null,"LOAN_EQUITY":null,"LOAN_ASSETS":null,"DEPOSIT_EQUITY":null,"DEPOSIT_ASSETS":null,"EQUITY_MULTIPLIER":null,"EQUITY_RATIO":null},{"SECUCODE":"01406.HK","SECURITY_CODE":"01406","SECURITY_NAME_ABBR":"清晰医疗","ORG_CODE":"10000016345","STD_REPORT_DATE":"2020-12-31 00:00:00","REPORT_DATE":"2021-03-31 00:00:00","DATE_TYPE_CODE":"001","REPORT_TYPE":"2020年年报","PER_NETCASH_OPERATE":null,"PER_OI":null,"BPS":0.128624912495,"BASIC_EPS":0.0802921,"DILUTED_EPS":0.0802921,"OPERATE_INCOME":187951973.58,"OPERATE_INCOME_YOY":1.8339927465,"GROSS_PROFIT":187951973.58,"GROSS_PROFIT_YOY":-5.802720817063,"HOLDER_PROFIT":30231243.42,"HOLDER_PROFIT_YOY":35.5553871224,"GROSS_PROFIT_RATIO":null,"EPS_TTM":null,"OPERATE_INCOME_QOQ":0,"NET_PROFIT_RATIO":16.0845575836,"ROE_AVG":35.202417096827,"GROSS_PROFIT_QOQ":0,"ROA":24.970853724091,"HOLDER_PROFIT_QOQ":0,"ROE_YEARLY":35.202417096827,"ROIC_YEARLY":45.865042474756,"TOTAL_ASSETS":99012837,"TOTAL_LIABILITIES":30980918.08,"TAX_EBT":18.365437283184,"OCF_SALES":32.085025249459,"TOTAL_PARENT_EQUITY":68031918.92,"DEBT_ASSET_RATIO":31.2897994025,"OPERATE_PROFIT":37795604.42,"PRETAX_PROFIT":37032406.88,"NETCASH_OPERATE":60304438.18,"NETCASH_INVEST":-36801672.74,"NETCASH_FINANCE":-24167922.1,"END_CASH":54820065.16,"DIVI_RATIO":null,"DIVIDEND_RATE":null,"CURRENT_RATIO":2.51611880686,"COMMON_ACS":5000000000,"CURRENTDEBT_DEBT":86.062309035356,"ISSUED_COMMON_SHARES":528917125,"HK_COMMON_SHARES":528917125,"PER_SHARES":1250,"TOTAL_MARKET_CAP":211566850,"HKSK_MARKET_CAP":211566850,"PE_TTM":-2.845820722866,"PB_TTM":1.215712791693,"REPORT_DATE_SQ":"2019-12-31 00:00:00","REPORT_TYPE_SQ":"2019年年报","OPERATE_INCOME_SQ":199530151.2,"DPS_HKD":null,"OPERATE_INCOME_QOQ_SQ":0,"NET_PROFIT_RATIO_SQ":12.0832875408,"HOLDER_PROFIT_SQ":24109801.9,"HOLDER_PROFIT_QOQ_SQ":0,"ROE_AVG_SQ":32.722582885346,"PE_TTM_SQ":-104.267862738953,"PB_TTM_SQ":1.379133644488,"ROA_SQ":21.100400225502,"START_DATE":"2020-04-01 00:00:00","FISCAL_YEAR":"3-31","CURRENCY":"HKD","IS_CNY_CODE":0,"DPS_HKD_LY":null,"ORG_TYPE":"一般企业","PREMIUM_INCOME":null,"PREMIUM_INCOME_YOY":null,"NET_INTEREST_INCOME":null,"NET_INTEREST_INCOME_YOY":null,"FEE_COMMISSION_INCOME":null,"FEE_COMMISSION_INCOME_YOY":null,"ACCOUNTS_RECE_TDAYS":167.898074745187,"INVENTORY_TDAYS":null,"CURRENT_ASSETS_TDAYS":2.304800696474,"TOTAL_ASSETS_TDAYS":1.552473768352,"PREMIUM_EXPENSE":null,"LOAN_DEPOSIT":null,"LOAN_EQUITY":null,"LOAN_ASSETS":null,"DEPOSIT_EQUITY":null,"DEPOSIT_ASSETS":null,"EQUITY_MULTIPLIER":1.455387979229,"EQUITY_RATIO":0.455387979228},{"SECUCODE":"01406.HK","SECURITY_CODE":"01406","SECURITY_NAME_ABBR":"清晰医疗","ORG_CODE":"10000016345","STD_REPORT_DATE":"2019-12-31 00:00:00","REPORT_DATE":"2020-03-31 00:00:00","DATE_TYPE_CODE":"001","REPORT_TYPE":"2019年年报","PER_NETCASH_OPERATE":null,"PER_OI":null,"BPS":0.21200643201,"BASIC_EPS":5116.72,"DILUTED_EPS":5061.898,"OPERATE_INCOME":199530151.2,"OPERATE_INCOME_YOY":5.6993915809,"GROSS_PROFIT":199530151.2,"GROSS_PROFIT_YOY":12.588785235832,"HOLDER_PROFIT":24109801.9,"HOLDER_PROFIT_YOY":-12.1575285462,"GROSS_PROFIT_RATIO":null,"EPS_TTM":null,"OPERATE_INCOME_QOQ":0,"NET_PROFIT_RATIO":12.0832875408,"ROE_AVG":32.722582885346,"GROSS_PROFIT_QOQ":0,"ROA":21.100400225502,"HOLDER_PROFIT_QOQ":0,"ROE_YEARLY":32.722582885346,"ROIC_YEARLY":35.22258559701,"TOTAL_ASSETS":154722303.2,"TOTAL_LIABILITIES":42588470.7,"TAX_EBT":20.439606826268,"OCF_SALES":18.810675165769,"TOTAL_PARENT_EQUITY":112133832.5,"DEBT_ASSET_RATIO":27.525747626,"OPERATE_PROFIT":null,"PRETAX_PROFIT":30303774.2,"NETCASH_OPERATE":37532968.6,"NETCASH_INVEST":-40811324.2,"NETCASH_FINANCE":31620415.9,"END_CASH":59983491.3,"DIVI_RATIO":null,"DIVIDEND_RATE":null,"CURRENT_RATIO":3.209379855912,"COMMON_ACS":5000000000,"CURRENTDEBT_DEBT":75.937010576903,"ISSUED_COMMON_SHARES":528917125,"HK_COMMON_SHARES":528917125,"PER_SHARES":1250,"TOTAL_MARKET_CAP":211566850,"HKSK_MARKET_CAP":211566850,"PE_TTM":-2.845820722866,"PB_TTM":1.215712791693,"REPORT_DATE_SQ":"2018-12-31 00:00:00","REPORT_TYPE_SQ":"2018年年报","OPERATE_INCOME_SQ":177220271.79,"DPS_HKD":null,"OPERATE_INCOME_QOQ_SQ":58.393599107453,"NET_PROFIT_RATIO_SQ":14.539619847,"HOLDER_PROFIT_SQ":25767153.81,"HOLDER_PROFIT_QOQ_SQ":64.799942188679,"ROE_AVG_SQ":128.528335793595,"PE_TTM_SQ":-104.267862738953,"PB_TTM_SQ":1.379133644488,"ROA_SQ":38.797796563103,"START_DATE":"2019-04-01 00:00:00","FISCAL_YEAR":"3-31","CURRENCY":"HKD","IS_CNY_CODE":0,"DPS_HKD_LY":null,"ORG_TYPE":"一般企业","PREMIUM_INCOME":null,"PREMIUM_INCOME_YOY":null,"NET_INTEREST_INCOME":null,"NET_INTEREST_INCOME_YOY":null,"FEE_COMMISSION_INCOME":null,"FEE_COMMISSION_INCOME_YOY":null,"ACCOUNTS_RECE_TDAYS":209.775216138329,"INVENTORY_TDAYS":null,"CURRENT_ASSETS_TDAYS":2.770776765549,"TOTAL_ASSETS_TDAYS":1.746246636467,"PREMIUM_EXPENSE":null,"LOAN_DEPOSIT":null,"LOAN_EQUITY":null,"LOAN_ASSETS":null,"DEPOSIT_EQUITY":null,"DEPOSIT_ASSETS":null,"EQUITY_MULTIPLIER":1.379800366673,"EQUITY_RATIO":0.379800366673}],"count":14},"success":true,"message":"ok","code":0}