{"version":"b823fd960288777b2e7e4f0fc081eff6","result":{"pages":3,"data":[{"SECUCODE":"01418.HK","SECURITY_CODE":"01418","SECURITY_NAME_ABBR":"盛诺集团","ORG_CODE":"10401501","STD_REPORT_DATE":"2024-06-30 00:00:00","REPORT_DATE":"2024-06-30 00:00:00","DATE_TYPE_CODE":"002","REPORT_TYPE":"2024年中报","PER_NETCASH_OPERATE":0.071384532703,"PER_OI":1.044508913133,"BPS":0.49351263162,"BASIC_EPS":0.03240014,"DILUTED_EPS":0.03240014,"OPERATE_INCOME":1827892687,"OPERATE_INCOME_YOY":25.2058345097,"GROSS_PROFIT":462993437.2,"GROSS_PROFIT_YOY":36.863198256733,"HOLDER_PROFIT":56673777.28,"HOLDER_PROFIT_YOY":233.1866716746,"GROSS_PROFIT_RATIO":25.329355519217,"EPS_TTM":0.054979288298,"OPERATE_INCOME_QOQ":10.796868300898,"NET_PROFIT_RATIO":3.705109161,"ROE_AVG":6.634063999872,"GROSS_PROFIT_QOQ":14.962028325422,"ROA":2.539328388208,"HOLDER_PROFIT_QOQ":69.620464725095,"ROE_YEARLY":13.268127999744,"ROIC_YEARLY":5.876420196788,"TOTAL_ASSETS":2267642902.64,"TOTAL_LIABILITIES":1400625195.72,"TAX_EBT":19.991158648351,"OCF_SALES":6.834267453908,"TOTAL_PARENT_EQUITY":863648092.36,"DEBT_ASSET_RATIO":61.7656860385,"OPERATE_PROFIT":105726676.56,"PRETAX_PROFIT":84647419.28,"NETCASH_OPERATE":124923075,"NETCASH_INVEST":12478160.96,"NETCASH_FINANCE":-94053499.36,"END_CASH":326378018.72,"DIVI_RATIO":0.380282478134,"DIVIDEND_RATE":5.609756097561,"CURRENT_RATIO":1.303826783586,"COMMON_ACS":10000000000,"CURRENTDEBT_DEBT":85.226657387551,"ISSUED_COMMON_SHARES":1750002000,"HK_COMMON_SHARES":1750002000,"PER_SHARES":2000,"TOTAL_MARKET_CAP":717500820,"HKSK_MARKET_CAP":717500820,"PE_TTM":6.76555670803,"PB_TTM":0.758235506094,"REPORT_DATE_SQ":"2023-06-30 00:00:00","REPORT_TYPE_SQ":"2023年中报","OPERATE_INCOME_SQ":1474786300.28,"DPS_HKD":0.023,"OPERATE_INCOME_QOQ_SQ":2.691209419711,"NET_PROFIT_RATIO_SQ":1.4075819212,"HOLDER_PROFIT_SQ":17182941.26,"HOLDER_PROFIT_QOQ_SQ":164.96081178424,"ROE_AVG_SQ":2.095043031736,"PE_TTM_SQ":10.406072251863,"PB_TTM_SQ":0.28904350128,"ROA_SQ":0.818145741182,"START_DATE":"2024-01-01 00:00:00","FISCAL_YEAR":"12-31","CURRENCY":"HKD","IS_CNY_CODE":0,"DPS_HKD_LY":0.023,"ORG_TYPE":"一般企业","PREMIUM_INCOME":null,"PREMIUM_INCOME_YOY":null,"NET_INTEREST_INCOME":null,"NET_INTEREST_INCOME_YOY":null,"FEE_COMMISSION_INCOME":null,"FEE_COMMISSION_INCOME_YOY":null,"ACCOUNTS_RECE_TDAYS":2.433370937573,"INVENTORY_TDAYS":2.996372459545,"CURRENT_ASSETS_TDAYS":1.209472751346,"TOTAL_ASSETS_TDAYS":0.819006604724,"PREMIUM_EXPENSE":null,"LOAN_DEPOSIT":null,"LOAN_EQUITY":null,"LOAN_ASSETS":null,"DEPOSIT_EQUITY":null,"DEPOSIT_ASSETS":null,"EQUITY_MULTIPLIER":2.615451662104,"EQUITY_RATIO":1.621754517969},{"SECUCODE":"01418.HK","SECURITY_CODE":"01418","SECURITY_NAME_ABBR":"盛诺集团","ORG_CODE":"10401501","STD_REPORT_DATE":"2023-12-31 00:00:00","REPORT_DATE":"2023-12-31 00:00:00","DATE_TYPE_CODE":"001","REPORT_TYPE":"2023年年报","PER_NETCASH_OPERATE":0.217672759551,"PER_OI":1.868827533157,"BPS":0.479393974841,"BASIC_EPS":0.032442676,"DILUTED_EPS":0.032442676,"OPERATE_INCOME":3270451920.68,"OPERATE_INCOME_YOY":13.7921814372,"GROSS_PROFIT":833471377.06,"GROSS_PROFIT_YOY":45.276615615278,"HOLDER_PROFIT":56723028.46,"HOLDER_PROFIT_YOY":274.0144564915,"GROSS_PROFIT_RATIO":25.484899251682,"EPS_TTM":0.032413122076,"OPERATE_INCOME_QOQ":13.112617953408,"NET_PROFIT_RATIO":2.2306557078,"ROE_AVG":6.874729194891,"GROSS_PROFIT_QOQ":26.493791347605,"ROA":2.695600382939,"HOLDER_PROFIT_QOQ":171.759528252563,"ROE_YEARLY":6.874729194891,"ROIC_YEARLY":2.994352431162,"TOTAL_ASSETS":2180495815.68,"TOTAL_LIABILITIES":1348141807.88,"TAX_EBT":34.344109875053,"OCF_SALES":11.647557395701,"TOTAL_PARENT_EQUITY":838940414.76,"DEBT_ASSET_RATIO":61.8273054314,"OPERATE_PROFIT":156229609.34,"PRETAX_PROFIT":111113446.64,"NETCASH_OPERATE":380927764.56,"NETCASH_INVEST":-44824359.86,"NETCASH_FINANCE":-209725588.38,"END_CASH":280858421.06,"DIVI_RATIO":0.645036906679,"DIVIDEND_RATE":8.846153846154,"CURRENT_RATIO":1.267867881614,"COMMON_ACS":10000000000,"CURRENTDEBT_DEBT":85.174778543936,"ISSUED_COMMON_SHARES":1750002000,"HK_COMMON_SHARES":1750002000,"PER_SHARES":2000,"TOTAL_MARKET_CAP":455000520,"HKSK_MARKET_CAP":455000520,"PE_TTM":4.290353034361,"PB_TTM":0.480832272157,"REPORT_DATE_SQ":"2022-12-31 00:00:00","REPORT_TYPE_SQ":"2022年年报","OPERATE_INCOME_SQ":2832986153.06,"DPS_HKD":0.023,"OPERATE_INCOME_QOQ_SQ":-12.196869633388,"NET_PROFIT_RATIO_SQ":-1.1797421287,"HOLDER_PROFIT_SQ":-32130921.9,"HOLDER_PROFIT_QOQ_SQ":-3.161790480811,"ROE_AVG_SQ":-3.810340992151,"PE_TTM_SQ":5.203036125932,"PB_TTM_SQ":0.14452175064,"ROA_SQ":-1.419827694416,"START_DATE":"2023-01-01 00:00:00","FISCAL_YEAR":"12-31","CURRENCY":"HKD","IS_CNY_CODE":0,"DPS_HKD_LY":0.004,"ORG_TYPE":"一般企业","PREMIUM_INCOME":null,"PREMIUM_INCOME_YOY":null,"NET_INTEREST_INCOME":null,"NET_INTEREST_INCOME_YOY":null,"FEE_COMMISSION_INCOME":null,"FEE_COMMISSION_INCOME_YOY":null,"ACCOUNTS_RECE_TDAYS":5.030174967141,"INVENTORY_TDAYS":5.054747194126,"CURRENT_ASSETS_TDAYS":2.423870825181,"TOTAL_ASSETS_TDAYS":1.55418913431,"PREMIUM_EXPENSE":null,"LOAN_DEPOSIT":null,"LOAN_EQUITY":null,"LOAN_ASSETS":null,"DEPOSIT_EQUITY":null,"DEPOSIT_ASSETS":null,"EQUITY_MULTIPLIER":2.619673594702,"EQUITY_RATIO":1.606957757859},{"SECUCODE":"01418.HK","SECURITY_CODE":"01418","SECURITY_NAME_ABBR":"盛诺集团","ORG_CODE":"10401501","STD_REPORT_DATE":"2023-06-30 00:00:00","REPORT_DATE":"2023-06-30 00:00:00","DATE_TYPE_CODE":"002","REPORT_TYPE":"2023年中报","PER_NETCASH_OPERATE":0.09890884767,"PER_OI":0.842734065607,"BPS":0.465705263754,"BASIC_EPS":0.009772988,"DILUTED_EPS":0.009772988,"OPERATE_INCOME":1474786300.28,"OPERATE_INCOME_YOY":-2.1842952142,"GROSS_PROFIT":338289213.68,"GROSS_PROFIT_YOY":49.899767007342,"HOLDER_PROFIT":17182941.26,"HOLDER_PROFIT_YOY":144.4945805281,"GROSS_PROFIT_RATIO":22.412735019226,"EPS_TTM":0.011927133626,"OPERATE_INCOME_QOQ":2.691209419711,"NET_PROFIT_RATIO":1.4075819212,"ROE_AVG":2.095043031736,"GROSS_PROFIT_QOQ":18.44839482097,"ROA":0.818145741182,"HOLDER_PROFIT_QOQ":164.96081178424,"ROE_YEARLY":4.190086063473,"ROIC_YEARLY":1.790832804037,"TOTAL_ASSETS":2137121980.6,"TOTAL_LIABILITIES":1329506223.76,"TAX_EBT":6.820833333333,"OCF_SALES":11.816688937802,"TOTAL_PARENT_EQUITY":814985142.98,"DEBT_ASSET_RATIO":62.2101235132,"OPERATE_PROFIT":45601130.8,"PRETAX_PROFIT":22127520,"NETCASH_OPERATE":173090681.24,"NETCASH_INVEST":-12593324.82,"NETCASH_FINANCE":-97074352.22,"END_CASH":221694700.9,"DIVI_RATIO":1.752949254647,"DIVIDEND_RATE":8.846153846154,"CURRENT_RATIO":1.243198934287,"COMMON_ACS":10000000000,"CURRENTDEBT_DEBT":83.499721222847,"ISSUED_COMMON_SHARES":1750002000,"HK_COMMON_SHARES":1750002000,"PER_SHARES":2000,"TOTAL_MARKET_CAP":455000520,"HKSK_MARKET_CAP":455000520,"PE_TTM":4.290353034361,"PB_TTM":0.480832272157,"REPORT_DATE_SQ":"2022-06-30 00:00:00","REPORT_TYPE_SQ":"2022年中报","OPERATE_INCOME_SQ":1389026108.89,"DPS_HKD":0.023,"OPERATE_INCOME_QOQ_SQ":-7.930667520082,"NET_PROFIT_RATIO_SQ":-2.767155657,"HOLDER_PROFIT_SQ":-35820488.34,"HOLDER_PROFIT_QOQ_SQ":-348.902981355619,"ROE_AVG_SQ":-4.387811007554,"PE_TTM_SQ":5.203036125932,"PB_TTM_SQ":0.14452175064,"ROA_SQ":-1.558793314003,"START_DATE":"2023-01-01 00:00:00","FISCAL_YEAR":"12-31","CURRENCY":"HKD","IS_CNY_CODE":0,"DPS_HKD_LY":0.004,"ORG_TYPE":"一般企业","PREMIUM_INCOME":null,"PREMIUM_INCOME_YOY":null,"NET_INTEREST_INCOME":null,"NET_INTEREST_INCOME_YOY":null,"FEE_COMMISSION_INCOME":null,"FEE_COMMISSION_INCOME_YOY":null,"ACCOUNTS_RECE_TDAYS":2.29929968204,"INVENTORY_TDAYS":2.309670516836,"CURRENT_ASSETS_TDAYS":1.10784864393,"TOTAL_ASSETS_TDAYS":0.697446746118,"PREMIUM_EXPENSE":null,"LOAN_DEPOSIT":null,"LOAN_EQUITY":null,"LOAN_ASSETS":null,"DEPOSIT_EQUITY":null,"DEPOSIT_ASSETS":null,"EQUITY_MULTIPLIER":2.646211348029,"EQUITY_RATIO":1.631325718281},{"SECUCODE":"01418.HK","SECURITY_CODE":"01418","SECURITY_NAME_ABBR":"盛诺集团","ORG_CODE":"10401501","STD_REPORT_DATE":"2022-12-31 00:00:00","REPORT_DATE":"2022-12-31 00:00:00","DATE_TYPE_CODE":"001","REPORT_TYPE":"2022年年报","PER_NETCASH_OPERATE":0.097406132999,"PER_OI":1.618847380209,"BPS":0.456945876216,"BASIC_EPS":-0.018401362,"DILUTED_EPS":-0.018401362,"OPERATE_INCOME":2832986153.06,"OPERATE_INCOME_YOY":-26.0082791026,"GROSS_PROFIT":573713376.74,"GROSS_PROFIT_YOY":-2.12688587523,"HOLDER_PROFIT":-32130921.9,"HOLDER_PROFIT_YOY":-335.0212348906,"GROSS_PROFIT_RATIO":19.75735732687,"EPS_TTM":-0.018360505817,"OPERATE_INCOME_QOQ":-12.196869633388,"NET_PROFIT_RATIO":-1.1797421287,"ROE_AVG":-3.810340992151,"GROSS_PROFIT_QOQ":2.011267215074,"ROA":-1.419827694416,"HOLDER_PROFIT_QOQ":-3.161790480811,"ROE_YEARLY":-3.810340992151,"ROIC_YEARLY":-1.542523275613,"TOTAL_ASSETS":1999086450.34,"TOTAL_LIABILITIES":1206809556.54,"TAX_EBT":24.436090225564,"OCF_SALES":6.054264648029,"TOTAL_PARENT_EQUITY":799656197.27,"DEBT_ASSET_RATIO":60.3680524339,"OPERATE_PROFIT":-2843278.41,"PRETAX_PROFIT":-43957816.7,"NETCASH_OPERATE":170460927.56,"NETCASH_INVEST":-13234688.32,"NETCASH_FINANCE":-211885430.54,"END_CASH":150922432.85,"DIVI_RATIO":-1.138730065984,"DIVIDEND_RATE":8.846153846154,"CURRENT_RATIO":1.253192679365,"COMMON_ACS":10000000000,"CURRENTDEBT_DEBT":80.993366405083,"ISSUED_COMMON_SHARES":1750002000,"HK_COMMON_SHARES":1750002000,"PER_SHARES":2000,"TOTAL_MARKET_CAP":455000520,"HKSK_MARKET_CAP":455000520,"PE_TTM":4.290353034361,"PB_TTM":0.480832272157,"REPORT_DATE_SQ":"2021-12-31 00:00:00","REPORT_TYPE_SQ":"2021年年报","OPERATE_INCOME_SQ":3482879523.2,"DPS_HKD":0.023,"OPERATE_INCOME_QOQ_SQ":2.753166912635,"NET_PROFIT_RATIO_SQ":0.7379312385,"HOLDER_PROFIT_SQ":12513368,"HOLDER_PROFIT_QOQ_SQ":-85.907616918636,"ROE_AVG_SQ":1.571895877946,"PE_TTM_SQ":5.203036125932,"PB_TTM_SQ":0.14452175064,"ROA_SQ":0.572890542534,"START_DATE":"2022-01-01 00:00:00","FISCAL_YEAR":"12-31","CURRENCY":"HKD","IS_CNY_CODE":0,"DPS_HKD_LY":0.004,"ORG_TYPE":"一般企业","PREMIUM_INCOME":null,"PREMIUM_INCOME_YOY":null,"NET_INTEREST_INCOME":null,"NET_INTEREST_INCOME_YOY":null,"FEE_COMMISSION_INCOME":null,"FEE_COMMISSION_INCOME_YOY":null,"ACCOUNTS_RECE_TDAYS":3.911493444827,"INVENTORY_TDAYS":4.019257096863,"CURRENT_ASSETS_TDAYS":1.922612639265,"TOTAL_ASSETS_TDAYS":1.244159049122,"PREMIUM_EXPENSE":null,"LOAN_DEPOSIT":null,"LOAN_EQUITY":null,"LOAN_ASSETS":null,"DEPOSIT_EQUITY":null,"DEPOSIT_ASSETS":null,"EQUITY_MULTIPLIER":2.523216903061,"EQUITY_RATIO":1.509160512555},{"SECUCODE":"01418.HK","SECURITY_CODE":"01418","SECURITY_NAME_ABBR":"盛诺集团","ORG_CODE":"10401501","STD_REPORT_DATE":"2022-06-30 00:00:00","REPORT_DATE":"2022-06-30 00:00:00","DATE_TYPE_CODE":"002","REPORT_TYPE":"2022年中报","PER_NETCASH_OPERATE":-0.013983073539,"PER_OI":0.793728297962,"BPS":0.447815577931,"BASIC_EPS":-0.020439041,"DILUTED_EPS":-0.020439041,"OPERATE_INCOME":1389026108.89,"OPERATE_INCOME_YOY":-18.8412032179,"GROSS_PROFIT":225676944.29,"GROSS_PROFIT_YOY":-15.33310178574,"HOLDER_PROFIT":-35820488.34,"HOLDER_PROFIT_YOY":-544.6024838128,"GROSS_PROFIT_RATIO":16.247134797944,"EPS_TTM":-0.017797777385,"OPERATE_INCOME_QOQ":-7.930667520082,"NET_PROFIT_RATIO":-2.767155657,"ROE_AVG":-4.387811007554,"GROSS_PROFIT_QOQ":-6.972234615403,"ROA":-1.558793314003,"HOLDER_PROFIT_QOQ":-348.902981355619,"ROE_YEARLY":-8.775622015108,"ROIC_YEARLY":-3.411918540302,"TOTAL_ASSETS":2176703989.53,"TOTAL_LIABILITIES":1385985053.25,"TAX_EBT":25.082926341407,"OCF_SALES":-1.761695226849,"TOTAL_PARENT_EQUITY":783678157.01,"DEBT_ASSET_RATIO":63.6735660851,"OPERATE_PROFIT":-32801667.64,"PRETAX_PROFIT":-51305413.67,"NETCASH_OPERATE":-26464709.74,"NETCASH_INVEST":-862031.52,"NETCASH_FINANCE":25683921.27,"END_CASH":182191387.98,"DIVI_RATIO":-1.174734324813,"DIVIDEND_RATE":8.846153846154,"CURRENT_RATIO":1.200800530719,"COMMON_ACS":10000000000,"CURRENTDEBT_DEBT":83.150909343329,"ISSUED_COMMON_SHARES":1750002000,"HK_COMMON_SHARES":1750002000,"PER_SHARES":2000,"TOTAL_MARKET_CAP":455000520,"HKSK_MARKET_CAP":455000520,"PE_TTM":4.290353034361,"PB_TTM":0.480832272157,"REPORT_DATE_SQ":"2021-06-30 00:00:00","REPORT_TYPE_SQ":"2021年中报","OPERATE_INCOME_SQ":1665241704,"DPS_HKD":0.023,"OPERATE_INCOME_QOQ_SQ":24.619411404549,"NET_PROFIT_RATIO_SQ":0.7255783741,"HOLDER_PROFIT_SQ":7839025.68,"HOLDER_PROFIT_QOQ_SQ":80.275549454135,"ROE_AVG_SQ":0.976917333776,"PE_TTM_SQ":5.203036125932,"PB_TTM_SQ":0.14452175064,"ROA_SQ":0.356683798544,"START_DATE":"2022-01-01 00:00:00","FISCAL_YEAR":"12-31","CURRENCY":"HKD","IS_CNY_CODE":0,"DPS_HKD_LY":0.004,"ORG_TYPE":"一般企业","PREMIUM_INCOME":null,"PREMIUM_INCOME_YOY":null,"NET_INTEREST_INCOME":null,"NET_INTEREST_INCOME_YOY":null,"FEE_COMMISSION_INCOME":null,"FEE_COMMISSION_INCOME_YOY":null,"ACCOUNTS_RECE_TDAYS":1.931047396667,"INVENTORY_TDAYS":1.942248261515,"CURRENT_ASSETS_TDAYS":0.92134955109,"TOTAL_ASSETS_TDAYS":0.604459825048,"PREMIUM_EXPENSE":null,"LOAN_DEPOSIT":null,"LOAN_EQUITY":null,"LOAN_ASSETS":null,"DEPOSIT_EQUITY":null,"DEPOSIT_ASSETS":null,"EQUITY_MULTIPLIER":2.752816316467,"EQUITY_RATIO":1.768564098479},{"SECUCODE":"01418.HK","SECURITY_CODE":"01418","SECURITY_NAME_ABBR":"盛诺集团","ORG_CODE":"10401501","STD_REPORT_DATE":"2021-12-31 00:00:00","REPORT_DATE":"2021-12-31 00:00:00","DATE_TYPE_CODE":"001","REPORT_TYPE":"2021年年报","PER_NETCASH_OPERATE":0.073252204283,"PER_OI":1.990214595869,"BPS":0.463844506692,"BASIC_EPS":0.00711312,"DILUTED_EPS":0.00711312,"OPERATE_INCOME":3482879523.2,"OPERATE_INCOME_YOY":31.8154742657,"GROSS_PROFIT":586180772.8,"GROSS_PROFIT_YOY":11.647599022882,"HOLDER_PROFIT":12513368,"HOLDER_PROFIT_YOY":-73.8478888642,"GROSS_PROFIT_RATIO":16.830348821869,"EPS_TTM":0.007150487828,"OPERATE_INCOME_QOQ":2.753166912635,"NET_PROFIT_RATIO":0.7379312385,"ROE_AVG":1.571895877946,"GROSS_PROFIT_QOQ":-4.183569550242,"ROA":0.572890542534,"HOLDER_PROFIT_QOQ":-85.907616918636,"ROE_YEARLY":1.571895877946,"ROIC_YEARLY":0.616902524564,"TOTAL_ASSETS":2312884112,"TOTAL_LIABILITIES":1489873235.2,"TAX_EBT":16.990150254826,"OCF_SALES":3.680618383326,"TOTAL_PARENT_EQUITY":811728814.4,"DEBT_ASSET_RATIO":64.4162510119,"OPERATE_PROFIT":72403385.6,"PRETAX_PROFIT":30961694.4,"NETCASH_OPERATE":128191504,"NETCASH_INVEST":23049779.2,"NETCASH_FINANCE":-77506844.8,"END_CASH":186847763.2,"DIVI_RATIO":2.923948757466,"DIVIDEND_RATE":8.846153846154,"CURRENT_RATIO":1.246912393959,"COMMON_ACS":10000000000,"CURRENTDEBT_DEBT":83.95249394705,"ISSUED_COMMON_SHARES":1750002000,"HK_COMMON_SHARES":1750002000,"PER_SHARES":2000,"TOTAL_MARKET_CAP":455000520,"HKSK_MARKET_CAP":455000520,"PE_TTM":4.290353034361,"PB_TTM":0.480832272157,"REPORT_DATE_SQ":"2020-12-31 00:00:00","REPORT_TYPE_SQ":"2020年年报","OPERATE_INCOME_SQ":2719928829.64,"DPS_HKD":0.023,"OPERATE_INCOME_QOQ_SQ":14.342414464439,"NET_PROFIT_RATIO_SQ":1.8892218061,"HOLDER_PROFIT_SQ":49255297.72,"HOLDER_PROFIT_QOQ_SQ":120.89699603231,"ROE_AVG_SQ":6.468513207989,"PE_TTM_SQ":5.203036125932,"PB_TTM_SQ":0.14452175064,"ROA_SQ":2.378513354981,"START_DATE":"2021-01-01 00:00:00","FISCAL_YEAR":"12-31","CURRENCY":"HKD","IS_CNY_CODE":0,"DPS_HKD_LY":null,"ORG_TYPE":"一般企业","PREMIUM_INCOME":null,"PREMIUM_INCOME_YOY":null,"NET_INTEREST_INCOME":null,"NET_INTEREST_INCOME_YOY":null,"FEE_COMMISSION_INCOME":null,"FEE_COMMISSION_INCOME_YOY":null,"ACCOUNTS_RECE_TDAYS":4.506035451634,"INVENTORY_TDAYS":5.498078815135,"CURRENT_ASSETS_TDAYS":2.395605236061,"TOTAL_ASSETS_TDAYS":1.594541724998,"PREMIUM_EXPENSE":null,"LOAN_DEPOSIT":null,"LOAN_EQUITY":null,"LOAN_ASSETS":null,"DEPOSIT_EQUITY":null,"DEPOSIT_ASSETS":null,"EQUITY_MULTIPLIER":2.810271622404,"EQUITY_RATIO":1.835432238908},{"SECUCODE":"01418.HK","SECURITY_CODE":"01418","SECURITY_NAME_ABBR":"盛诺集团","ORG_CODE":"10401501","STD_REPORT_DATE":"2021-06-30 00:00:00","REPORT_DATE":"2021-06-30 00:00:00","DATE_TYPE_CODE":"002","REPORT_TYPE":"2021年中报","PER_NETCASH_OPERATE":0.006696572187,"PER_OI":0.951565600496,"BPS":0.463210799028,"BASIC_EPS":0.004493232,"DILUTED_EPS":0.004493232,"OPERATE_INCOME":1665241704,"OPERATE_INCOME_YOY":83.6125795673,"GROSS_PROFIT":266546843.04,"GROSS_PROFIT_YOY":48.246542684829,"HOLDER_PROFIT":7839025.68,"HOLDER_PROFIT_YOY":127.1459443884,"GROSS_PROFIT_RATIO":16.006495777745,"EPS_TTM":0.050740089783,"OPERATE_INCOME_QOQ":24.619411404549,"NET_PROFIT_RATIO":0.7255783741,"ROE_AVG":0.976917333776,"GROSS_PROFIT_QOQ":16.522394435707,"ROA":0.356683798544,"HOLDER_PROFIT_QOQ":80.275549454135,"ROE_YEARLY":1.953834667552,"ROIC_YEARLY":0.765608797553,"TOTAL_ASSETS":2303480347.2,"TOTAL_LIABILITIES":1485489957.84,"TAX_EBT":30.990400152077,"OCF_SALES":0.703742567331,"TOTAL_PARENT_EQUITY":810619824.72,"DEBT_ASSET_RATIO":64.4889356076,"OPERATE_PROFIT":34035400.32,"PRETAX_PROFIT":17508627.36,"NETCASH_OPERATE":20787854.64,"NETCASH_INVEST":42219739.2,"NETCASH_FINANCE":-1681633.68,"END_CASH":177010874.64,"DIVI_RATIO":0.412054060005,"DIVIDEND_RATE":8.846153846154,"CURRENT_RATIO":1.25277768351,"COMMON_ACS":10000000000,"CURRENTDEBT_DEBT":82.527994317956,"ISSUED_COMMON_SHARES":1750002000,"HK_COMMON_SHARES":1750002000,"PER_SHARES":2000,"TOTAL_MARKET_CAP":455000520,"HKSK_MARKET_CAP":455000520,"PE_TTM":4.290353034361,"PB_TTM":0.480832272157,"REPORT_DATE_SQ":"2020-06-30 00:00:00","REPORT_TYPE_SQ":"2020年中报","OPERATE_INCOME_SQ":995611235.52,"DPS_HKD":0.023,"OPERATE_INCOME_QOQ_SQ":-11.403704397084,"NET_PROFIT_RATIO_SQ":-3.1997563209,"HOLDER_PROFIT_SQ":-31700935.2,"HOLDER_PROFIT_QOQ_SQ":-21.532315480804,"ROE_AVG_SQ":-4.182648126667,"PE_TTM_SQ":5.203036125932,"PB_TTM_SQ":0.14452175064,"ROA_SQ":-1.500437852884,"START_DATE":"2021-01-01 00:00:00","FISCAL_YEAR":"12-31","CURRENCY":"HKD","IS_CNY_CODE":0,"DPS_HKD_LY":null,"ORG_TYPE":"一般企业","PREMIUM_INCOME":null,"PREMIUM_INCOME_YOY":null,"NET_INTEREST_INCOME":null,"NET_INTEREST_INCOME_YOY":null,"FEE_COMMISSION_INCOME":null,"FEE_COMMISSION_INCOME_YOY":null,"ACCOUNTS_RECE_TDAYS":2.361914787902,"INVENTORY_TDAYS":2.639612513083,"CURRENT_ASSETS_TDAYS":1.145355666615,"TOTAL_ASSETS_TDAYS":0.757702246074,"PREMIUM_EXPENSE":null,"LOAN_DEPOSIT":null,"LOAN_EQUITY":null,"LOAN_ASSETS":null,"DEPOSIT_EQUITY":null,"DEPOSIT_ASSETS":null,"EQUITY_MULTIPLIER":2.816023729815,"EQUITY_RATIO":1.832535934281},{"SECUCODE":"01418.HK","SECURITY_CODE":"01418","SECURITY_NAME_ABBR":"盛诺集团","ORG_CODE":"10401501","STD_REPORT_DATE":"2020-12-31 00:00:00","REPORT_DATE":"2020-12-31 00:00:00","DATE_TYPE_CODE":"001","REPORT_TYPE":"2020年年报","PER_NETCASH_OPERATE":0.055151884764,"PER_OI":1.554243269231,"BPS":0.459059268527,"BASIC_EPS":0.028110776,"DILUTED_EPS":0.028110776,"OPERATE_INCOME":2719928829.64,"OPERATE_INCOME_YOY":7.8196496138,"GROSS_PROFIT":525027656.6,"GROSS_PROFIT_YOY":-3.166112940549,"HOLDER_PROFIT":49255297.72,"HOLDER_PROFIT_YOY":127.0302851152,"GROSS_PROFIT_RATIO":19.302992448868,"EPS_TTM":0.028145852245,"OPERATE_INCOME_QOQ":14.342414464439,"NET_PROFIT_RATIO":1.8892218061,"ROE_AVG":6.468513207989,"GROSS_PROFIT_QOQ":30.944322645199,"ROA":2.378513354981,"HOLDER_PROFIT_QOQ":120.89699603231,"ROE_YEARLY":6.468513207989,"ROIC_YEARLY":2.582802559015,"TOTAL_ASSETS":2116059704.4,"TOTAL_LIABILITIES":1311065551.64,"TAX_EBT":11.51850670995,"OCF_SALES":3.548471841919,"TOTAL_PARENT_EQUITY":803354638.04,"DEBT_ASSET_RATIO":61.9578714586,"OPERATE_PROFIT":90940885.28,"PRETAX_PROFIT":58074843.28,"NETCASH_OPERATE":96515908.64,"NETCASH_INVEST":10727543.44,"NETCASH_FINANCE":-199541902.68,"END_CASH":115233140.6,"DIVI_RATIO":0.742832720722,"DIVIDEND_RATE":8.846153846154,"CURRENT_RATIO":1.198541416191,"COMMON_ACS":10000000000,"CURRENTDEBT_DEBT":88.314371167151,"ISSUED_COMMON_SHARES":1750002000,"HK_COMMON_SHARES":1750002000,"PER_SHARES":2000,"TOTAL_MARKET_CAP":455000520,"HKSK_MARKET_CAP":455000520,"PE_TTM":4.290353034361,"PB_TTM":0.480832272157,"REPORT_DATE_SQ":"2019-12-31 00:00:00","REPORT_TYPE_SQ":"2019年年报","OPERATE_INCOME_SQ":2684940205.38,"DPS_HKD":0.023,"OPERATE_INCOME_QOQ_SQ":-19.087055592815,"NET_PROFIT_RATIO_SQ":-7.0730495666,"HOLDER_PROFIT_SQ":-193944432.02,"HOLDER_PROFIT_QOQ_SQ":-17264.8910417194,"ROE_AVG_SQ":-22.385236490451,"PE_TTM_SQ":5.203036125932,"PB_TTM_SQ":0.14452175064,"ROA_SQ":-8.154792238467,"START_DATE":"2020-01-01 00:00:00","FISCAL_YEAR":"12-31","CURRENCY":"HKD","IS_CNY_CODE":0,"DPS_HKD_LY":null,"ORG_TYPE":"一般企业","PREMIUM_INCOME":null,"PREMIUM_INCOME_YOY":null,"NET_INTEREST_INCOME":null,"NET_INTEREST_INCOME_YOY":null,"FEE_COMMISSION_INCOME":null,"FEE_COMMISSION_INCOME_YOY":null,"ACCOUNTS_RECE_TDAYS":4.101416655297,"INVENTORY_TDAYS":4.841275159998,"CURRENT_ASSETS_TDAYS":2.12434692638,"TOTAL_ASSETS_TDAYS":1.31343984208,"PREMIUM_EXPENSE":null,"LOAN_DEPOSIT":null,"LOAN_EQUITY":null,"LOAN_ASSETS":null,"DEPOSIT_EQUITY":null,"DEPOSIT_ASSETS":null,"EQUITY_MULTIPLIER":2.628664689232,"EQUITY_RATIO":1.631988526062},{"SECUCODE":"01418.HK","SECURITY_CODE":"01418","SECURITY_NAME_ABBR":"盛诺集团","ORG_CODE":"10401501","STD_REPORT_DATE":"2020-06-30 00:00:00","REPORT_DATE":"2020-06-30 00:00:00","DATE_TYPE_CODE":"002","REPORT_TYPE":"2020年中报","PER_NETCASH_OPERATE":-0.011104285915,"PER_OI":0.568920055817,"BPS":0.41992772278,"BASIC_EPS":-0.018086112,"DILUTED_EPS":-0.018086112,"OPERATE_INCOME":995611235.52,"OPERATE_INCOME_YOY":-26.348366729,"GROSS_PROFIT":179799702.72,"GROSS_PROFIT_YOY":-43.994427989824,"HOLDER_PROFIT":-31700935.2,"HOLDER_PROFIT_YOY":-403.4714935292,"GROSS_PROFIT_RATIO":18.059227970252,"EPS_TTM":-0.134688508345,"OPERATE_INCOME_QOQ":-11.403704397084,"NET_PROFIT_RATIO":-3.1997563209,"ROE_AVG":-4.182648126667,"GROSS_PROFIT_QOQ":-26.049571983485,"ROA":-1.500437852884,"HOLDER_PROFIT_QOQ":-21.532315480804,"ROE_YEARLY":-8.365296253333,"ROIC_YEARLY":-3.316622797828,"TOTAL_ASSETS":2027124316.8,"TOTAL_LIABILITIES":1296895717.92,"TAX_EBT":-63.277153558052,"OCF_SALES":-1.951818326945,"TOTAL_PARENT_EQUITY":734874354.72,"DEBT_ASSET_RATIO":63.9771180865,"OPERATE_PROFIT":-2748540.96,"PRETAX_PROFIT":-19511078.4,"NETCASH_OPERATE":-19432522.56,"NETCASH_INVEST":34196453.28,"NETCASH_FINANCE":-52161991.2,"END_CASH":178230412.8,"DIVI_RATIO":-0.155229724176,"DIVIDEND_RATE":8.846153846154,"CURRENT_RATIO":1.119399124963,"COMMON_ACS":10000000000,"CURRENTDEBT_DEBT":85.240242767784,"ISSUED_COMMON_SHARES":1750002000,"HK_COMMON_SHARES":1750002000,"PER_SHARES":2000,"TOTAL_MARKET_CAP":455000520,"HKSK_MARKET_CAP":455000520,"PE_TTM":4.290353034361,"PB_TTM":0.480832272157,"REPORT_DATE_SQ":"2019-06-30 00:00:00","REPORT_TYPE_SQ":"2019年中报","OPERATE_INCOME_SQ":1301793879.78,"DPS_HKD":0.023,"OPERATE_INCOME_QOQ_SQ":-11.168861392665,"NET_PROFIT_RATIO_SQ":0.7130293408,"HOLDER_PROFIT_SQ":10059791.76,"HOLDER_PROFIT_QOQ_SQ":122.229523351549,"ROE_AVG_SQ":1.054081107836,"PE_TTM_SQ":5.203036125932,"PB_TTM_SQ":0.14452175064,"ROA_SQ":0.38536710294,"START_DATE":"2020-01-01 00:00:00","FISCAL_YEAR":"12-31","CURRENCY":"HKD","IS_CNY_CODE":0,"DPS_HKD_LY":null,"ORG_TYPE":"一般企业","PREMIUM_INCOME":null,"PREMIUM_INCOME_YOY":null,"NET_INTEREST_INCOME":null,"NET_INTEREST_INCOME_YOY":null,"FEE_COMMISSION_INCOME":null,"FEE_COMMISSION_INCOME_YOY":null,"ACCOUNTS_RECE_TDAYS":1.943039994295,"INVENTORY_TDAYS":1.760862450365,"CURRENT_ASSETS_TDAYS":0.793153295151,"TOTAL_ASSETS_TDAYS":0.471233033066,"PREMIUM_EXPENSE":null,"LOAN_DEPOSIT":null,"LOAN_EQUITY":null,"LOAN_ASSETS":null,"DEPOSIT_EQUITY":null,"DEPOSIT_ASSETS":null,"EQUITY_MULTIPLIER":2.776013319537,"EQUITY_RATIO":1.764785652935}],"count":25},"success":true,"message":"ok","code":0}