{"version":"33e84201b19d6bf6b6a3e28870dffd85","result":{"pages":2,"data":[{"SECUCODE":"01412.HK","SECURITY_CODE":"01412","SECURITY_NAME_ABBR":"隽思集团","ORG_CODE":"10000002615","STD_REPORT_DATE":"2024-06-30 00:00:00","REPORT_DATE":"2024-06-30 00:00:00","DATE_TYPE_CODE":"002","REPORT_TYPE":"2024年中报","PER_NETCASH_OPERATE":0.062587202556,"PER_OI":0.924054188722,"BPS":1.41845397406,"BASIC_EPS":0.09263702,"DILUTED_EPS":0.09263702,"OPERATE_INCOME":491596828.4,"OPERATE_INCOME_YOY":16.9178473207,"GROSS_PROFIT":175688161.96,"GROSS_PROFIT_YOY":23.830473162072,"HOLDER_PROFIT":49261903,"HOLDER_PROFIT_YOY":50.8946044171,"GROSS_PROFIT_RATIO":35.738261886638,"EPS_TTM":0.167048861241,"OPERATE_INCOME_QOQ":7.098427708656,"NET_PROFIT_RATIO":9.7794404322,"ROE_AVG":6.501187016175,"GROSS_PROFIT_QOQ":10.47735774164,"ROA":4.793240177077,"HOLDER_PROFIT_QOQ":22.43185083376,"ROE_YEARLY":13.00237403235,"ROIC_YEARLY":11.276341931696,"TOTAL_ASSETS":1060053177.64,"TOTAL_LIABILITIES":305646492.52,"TAX_EBT":12.218574499642,"OCF_SALES":6.773109555725,"TOTAL_PARENT_EQUITY":754617514.2,"DEBT_ASSET_RATIO":28.8331282776,"OPERATE_PROFIT":52638819,"PRETAX_PROFIT":54767188.76,"NETCASH_OPERATE":33296391.76,"NETCASH_INVEST":-47593523.96,"NETCASH_FINANCE":3396994.96,"END_CASH":50024903.48,"DIVI_RATIO":0.597896922243,"DIVIDEND_RATE":8.661417322835,"CURRENT_RATIO":1.672786322961,"COMMON_ACS":2000000000,"CURRENTDEBT_DEBT":95.068216632974,"ISSUED_COMMON_SHARES":532000000,"HK_COMMON_SHARES":532000000,"PER_SHARES":2000,"TOTAL_MARKET_CAP":675640000,"HKSK_MARKET_CAP":675640000,"PE_TTM":6.872965494792,"PB_TTM":0.817159824144,"REPORT_DATE_SQ":"2023-06-30 00:00:00","REPORT_TYPE_SQ":"2023年中报","OPERATE_INCOME_SQ":424747888.18,"DPS_HKD":0.11,"OPERATE_INCOME_QOQ_SQ":-12.083401808737,"NET_PROFIT_RATIO_SQ":7.7644234422,"HOLDER_PROFIT_SQ":32979224.6,"HOLDER_PROFIT_QOQ_SQ":-11.400656953133,"ROE_AVG_SQ":4.378890978836,"PE_TTM_SQ":5.762385144252,"PB_TTM_SQ":0.793722642134,"ROA_SQ":3.112659657599,"START_DATE":"2024-01-01 00:00:00","FISCAL_YEAR":"12-31","CURRENCY":"HKD","IS_CNY_CODE":0,"DPS_HKD_LY":0.11,"ORG_TYPE":"一般企业","PREMIUM_INCOME":null,"PREMIUM_INCOME_YOY":null,"NET_INTEREST_INCOME":null,"NET_INTEREST_INCOME_YOY":null,"FEE_COMMISSION_INCOME":null,"FEE_COMMISSION_INCOME_YOY":null,"ACCOUNTS_RECE_TDAYS":2.810480536184,"INVENTORY_TDAYS":4.919247331694,"CURRENT_ASSETS_TDAYS":1.10315886057,"TOTAL_ASSETS_TDAYS":0.47832940372,"PREMIUM_EXPENSE":null,"LOAN_DEPOSIT":null,"LOAN_EQUITY":null,"LOAN_ASSETS":null,"DEPOSIT_EQUITY":null,"DEPOSIT_ASSETS":null,"EQUITY_MULTIPLIER":1.405148176107,"EQUITY_RATIO":0.405034983642},{"SECUCODE":"01412.HK","SECURITY_CODE":"01412","SECURITY_NAME_ABBR":"隽思集团","ORG_CODE":"10000002615","STD_REPORT_DATE":"2023-12-31 00:00:00","REPORT_DATE":"2023-12-31 00:00:00","DATE_TYPE_CODE":"001","REPORT_TYPE":"2023年年报","PER_NETCASH_OPERATE":0.191014823158,"PER_OI":1.770193454474,"BPS":1.420058663947,"BASIC_EPS":0.136476732,"DILUTED_EPS":0.136476732,"OPERATE_INCOME":941742917.78,"OPERATE_INCOME_YOY":-18.5830841936,"GROSS_PROFIT":322697692.24,"GROSS_PROFIT_YOY":-13.319199525987,"HOLDER_PROFIT":72587315.78,"HOLDER_PROFIT_YOY":-36.8498647892,"GROSS_PROFIT_RATIO":34.266006799468,"EPS_TTM":0.136442322895,"OPERATE_INCOME_QOQ":-6.050458422835,"NET_PROFIT_RATIO":7.531569988,"ROE_AVG":9.555548132648,"GROSS_PROFIT_QOQ":-5.862365588501,"ROA":7.05751639285,"HOLDER_PROFIT_QOQ":-27.690613453075,"ROE_YEARLY":9.555548132648,"ROIC_YEARLY":8.832482327923,"TOTAL_ASSETS":988375186.54,"TOTAL_LIABILITIES":231935228.14,"TAX_EBT":16.928824640727,"OCF_SALES":10.790618543705,"TOTAL_PARENT_EQUITY":755471209.22,"DEBT_ASSET_RATIO":23.4663143408,"OPERATE_PROFIT":81941318.62,"PRETAX_PROFIT":85382235.96,"NETCASH_OPERATE":101619885.92,"NETCASH_INVEST":-176705650.24,"NETCASH_FINANCE":-130131379.56,"END_CASH":61151725.6,"DIVI_RATIO":0.732016267981,"DIVIDEND_RATE":9.821428571429,"CURRENT_RATIO":1.852776328694,"COMMON_ACS":2000000000,"CURRENTDEBT_DEBT":93.622649323857,"ISSUED_COMMON_SHARES":532000000,"HK_COMMON_SHARES":532000000,"PER_SHARES":2000,"TOTAL_MARKET_CAP":595840000,"HKSK_MARKET_CAP":595840000,"PE_TTM":6.061197916667,"PB_TTM":0.720644884285,"REPORT_DATE_SQ":"2022-12-31 00:00:00","REPORT_TYPE_SQ":"2022年年报","OPERATE_INCOME_SQ":1140162681.84,"DPS_HKD":0.11,"OPERATE_INCOME_QOQ_SQ":-5.631951332386,"NET_PROFIT_RATIO_SQ":9.937307661,"HOLDER_PROFIT_SQ":113301473.53,"HOLDER_PROFIT_QOQ_SQ":-2.470641783659,"ROE_AVG_SQ":15.018041565161,"PE_TTM_SQ":6.006554006297,"PB_TTM_SQ":0.827354957479,"ROA_SQ":10.573211984402,"START_DATE":"2023-01-01 00:00:00","FISCAL_YEAR":"12-31","CURRENCY":"HKD","IS_CNY_CODE":0,"DPS_HKD_LY":0.13,"ORG_TYPE":"一般企业","PREMIUM_INCOME":null,"PREMIUM_INCOME_YOY":null,"NET_INTEREST_INCOME":null,"NET_INTEREST_INCOME_YOY":null,"FEE_COMMISSION_INCOME":null,"FEE_COMMISSION_INCOME_YOY":null,"ACCOUNTS_RECE_TDAYS":6.753417491186,"INVENTORY_TDAYS":9.930901636961,"CURRENT_ASSETS_TDAYS":2.029344680386,"TOTAL_ASSETS_TDAYS":0.915637395964,"PREMIUM_EXPENSE":null,"LOAN_DEPOSIT":null,"LOAN_EQUITY":null,"LOAN_ASSETS":null,"DEPOSIT_EQUITY":null,"DEPOSIT_ASSETS":null,"EQUITY_MULTIPLIER":1.306614193981,"EQUITY_RATIO":0.307007368791},{"SECUCODE":"01412.HK","SECURITY_CODE":"01412","SECURITY_NAME_ABBR":"隽思集团","ORG_CODE":"10000002615","STD_REPORT_DATE":"2023-06-30 00:00:00","REPORT_DATE":"2023-06-30 00:00:00","DATE_TYPE_CODE":"002","REPORT_TYPE":"2023年中报","PER_NETCASH_OPERATE":0.07398542891,"PER_OI":0.798398286053,"BPS":1.37067577797,"BASIC_EPS":0.061957056,"DILUTED_EPS":0.061957056,"OPERATE_INCOME":424747888.18,"OPERATE_INCOME_YOY":-29.9616887362,"GROSS_PROFIT":141877970.32,"GROSS_PROFIT_YOY":-17.208234448737,"HOLDER_PROFIT":32979224.6,"HOLDER_PROFIT_YOY":-33.3494820004,"GROSS_PROFIT_RATIO":33.402866563488,"EPS_TTM":0.188692408289,"OPERATE_INCOME_QOQ":-12.083401808737,"NET_PROFIT_RATIO":7.7644234422,"ROE_AVG":4.378890978836,"GROSS_PROFIT_QOQ":-7.921203867191,"ROA":3.112659657599,"HOLDER_PROFIT_QOQ":-11.400656953133,"ROE_YEARLY":8.757781957672,"ROIC_YEARLY":7.866842096292,"TOTAL_ASSETS":1031807179.58,"TOTAL_LIABILITIES":302607665.7,"TAX_EBT":10.215863453815,"OCF_SALES":9.266731930947,"TOTAL_PARENT_EQUITY":729199513.88,"DEBT_ASSET_RATIO":29.3279279006,"OPERATE_PROFIT":34238649.28,"PRETAX_PROFIT":36731683.2,"NETCASH_OPERATE":39360248.18,"NETCASH_INVEST":-65760223.5,"NETCASH_FINANCE":-72475003.84,"END_CASH":170439066.76,"DIVI_RATIO":0.5293164728,"DIVIDEND_RATE":9.821428571429,"CURRENT_RATIO":1.513482343207,"COMMON_ACS":2000000000,"CURRENTDEBT_DEBT":97.217982115382,"ISSUED_COMMON_SHARES":532000000,"HK_COMMON_SHARES":532000000,"PER_SHARES":2000,"TOTAL_MARKET_CAP":595840000,"HKSK_MARKET_CAP":595840000,"PE_TTM":6.061197916667,"PB_TTM":0.720644884285,"REPORT_DATE_SQ":"2022-06-30 00:00:00","REPORT_TYPE_SQ":"2022年中报","OPERATE_INCOME_SQ":562518326.3,"DPS_HKD":0.11,"OPERATE_INCOME_QOQ_SQ":6.331384666971,"NET_PROFIT_RATIO_SQ":8.1590829621,"HOLDER_PROFIT_SQ":45896336.92,"HOLDER_PROFIT_QOQ_SQ":19.360078055958,"ROE_AVG_SQ":6.4748704857,"PE_TTM_SQ":6.006554006297,"PB_TTM_SQ":0.827354957479,"ROA_SQ":4.448456244441,"START_DATE":"2023-01-01 00:00:00","FISCAL_YEAR":"12-31","CURRENCY":"HKD","IS_CNY_CODE":0,"DPS_HKD_LY":0.13,"ORG_TYPE":"一般企业","PREMIUM_INCOME":null,"PREMIUM_INCOME_YOY":null,"NET_INTEREST_INCOME":null,"NET_INTEREST_INCOME_YOY":null,"FEE_COMMISSION_INCOME":null,"FEE_COMMISSION_INCOME_YOY":null,"ACCOUNTS_RECE_TDAYS":3.065601969689,"INVENTORY_TDAYS":4.197775284588,"CURRENT_ASSETS_TDAYS":0.866655316715,"TOTAL_ASSETS_TDAYS":0.400887416919,"PREMIUM_EXPENSE":null,"LOAN_DEPOSIT":null,"LOAN_EQUITY":null,"LOAN_ASSETS":null,"DEPOSIT_EQUITY":null,"DEPOSIT_ASSETS":null,"EQUITY_MULTIPLIER":1.414986104544,"EQUITY_RATIO":0.414986104543},{"SECUCODE":"01412.HK","SECURITY_CODE":"01412","SECURITY_NAME_ABBR":"隽思集团","ORG_CODE":"10000002615","STD_REPORT_DATE":"2022-12-31 00:00:00","REPORT_DATE":"2022-12-31 00:00:00","DATE_TYPE_CODE":"001","REPORT_TYPE":"2022年年报","PER_NETCASH_OPERATE":0.451658804211,"PER_OI":2.143162935789,"BPS":1.415196579079,"BASIC_EPS":0.212955568,"DILUTED_EPS":0.212955568,"OPERATE_INCOME":1140162681.84,"OPERATE_INCOME_YOY":-8.1573136062,"GROSS_PROFIT":372282778.28,"GROSS_PROFIT_YOY":5.865521940905,"HOLDER_PROFIT":113301473.53,"HOLDER_PROFIT_YOY":6.54978915,"GROSS_PROFIT_RATIO":32.651724548571,"EPS_TTM":0.212972694605,"OPERATE_INCOME_QOQ":-5.631951332386,"NET_PROFIT_RATIO":9.937307661,"ROE_AVG":15.018041565161,"GROSS_PROFIT_QOQ":-0.572104001609,"ROA":10.573211984402,"HOLDER_PROFIT_QOQ":-2.470641783659,"ROE_YEARLY":15.018041565161,"ROIC_YEARLY":13.037543363742,"TOTAL_ASSETS":1053375248.45,"TOTAL_LIABILITIES":300490668.38,"TAX_EBT":11.383817847736,"OCF_SALES":21.074403474795,"TOTAL_PARENT_EQUITY":752884580.07,"DEBT_ASSET_RATIO":28.5264599507,"OPERATE_PROFIT":127779593.69,"PRETAX_PROFIT":127856414.91,"NETCASH_OPERATE":240282483.84,"NETCASH_INVEST":-73248140,"NETCASH_FINANCE":-42754582.01,"END_CASH":263265427.67,"DIVI_RATIO":0.46897091754,"DIVIDEND_RATE":9.821428571429,"CURRENT_RATIO":1.777626294037,"COMMON_ACS":2000000000,"CURRENTDEBT_DEBT":97.029376267115,"ISSUED_COMMON_SHARES":532000000,"HK_COMMON_SHARES":532000000,"PER_SHARES":2000,"TOTAL_MARKET_CAP":595840000,"HKSK_MARKET_CAP":595840000,"PE_TTM":6.061197916667,"PB_TTM":0.720644884285,"REPORT_DATE_SQ":"2021-12-31 00:00:00","REPORT_TYPE_SQ":"2021年年报","OPERATE_INCOME_SQ":1136266958.4,"DPS_HKD":0.11,"OPERATE_INCOME_QOQ_SQ":6.573054498342,"NET_PROFIT_RATIO_SQ":8.5656577867,"HOLDER_PROFIT_SQ":97328739.2,"HOLDER_PROFIT_QOQ_SQ":-2.735709286198,"ROE_AVG_SQ":14.600280496308,"PE_TTM_SQ":6.006554006297,"PB_TTM_SQ":0.827354957479,"ROA_SQ":9.917356748921,"START_DATE":"2022-01-01 00:00:00","FISCAL_YEAR":"12-31","CURRENCY":"HKD","IS_CNY_CODE":0,"DPS_HKD_LY":0.14,"ORG_TYPE":"一般企业","PREMIUM_INCOME":null,"PREMIUM_INCOME_YOY":null,"NET_INTEREST_INCOME":null,"NET_INTEREST_INCOME_YOY":null,"FEE_COMMISSION_INCOME":null,"FEE_COMMISSION_INCOME_YOY":null,"ACCOUNTS_RECE_TDAYS":6.620788389168,"INVENTORY_TDAYS":9.097218327187,"CURRENT_ASSETS_TDAYS":2.20682262405,"TOTAL_ASSETS_TDAYS":1.063991610719,"PREMIUM_EXPENSE":null,"LOAN_DEPOSIT":null,"LOAN_EQUITY":null,"LOAN_ASSETS":null,"DEPOSIT_EQUITY":null,"DEPOSIT_ASSETS":null,"EQUITY_MULTIPLIER":1.39911916957,"EQUITY_RATIO":0.399119169571},{"SECUCODE":"01412.HK","SECURITY_CODE":"01412","SECURITY_NAME_ABBR":"隽思集团","ORG_CODE":"10000002615","STD_REPORT_DATE":"2022-06-30 00:00:00","REPORT_DATE":"2022-06-30 00:00:00","DATE_TYPE_CODE":"002","REPORT_TYPE":"2022年中报","PER_NETCASH_OPERATE":0.08093441,"PER_OI":1.057365275,"BPS":1.304354435,"BASIC_EPS":0.086288671,"DILUTED_EPS":0.086288671,"OPERATE_INCOME":562518326.3,"OPERATE_INCOME_YOY":11.5660496727,"GROSS_PROFIT":171367248.15,"GROSS_PROFIT_YOY":15.322194366145,"HOLDER_PROFIT":45896336.92,"HOLDER_PROFIT_YOY":65.0662811798,"GROSS_PROFIT_RATIO":30.464296030527,"EPS_TTM":0.218367780226,"OPERATE_INCOME_QOQ":6.331384666971,"NET_PROFIT_RATIO":8.1590829621,"ROE_AVG":6.4748704857,"GROSS_PROFIT_QOQ":6.474667775951,"ROA":4.448456244441,"HOLDER_PROFIT_QOQ":19.360078055958,"ROE_YEARLY":12.9497409714,"ROIC_YEARLY":10.126209690353,"TOTAL_ASSETS":1020126219.35,"TOTAL_LIABILITIES":326209659.93,"TAX_EBT":14.107837331754,"OCF_SALES":7.654347264241,"TOTAL_PARENT_EQUITY":693916559.42,"DEBT_ASSET_RATIO":31.9773821849,"OPERATE_PROFIT":53723035.8,"PRETAX_PROFIT":53434836.77,"NETCASH_OPERATE":43057106.12,"NETCASH_INVEST":-21717550.05,"NETCASH_FINANCE":-41181674.45,"END_CASH":114712621.03,"DIVI_RATIO":0.457384326098,"DIVIDEND_RATE":9.821428571429,"CURRENT_RATIO":1.530542782011,"COMMON_ACS":2000000000,"CURRENTDEBT_DEBT":97.202232551311,"ISSUED_COMMON_SHARES":532000000,"HK_COMMON_SHARES":532000000,"PER_SHARES":2000,"TOTAL_MARKET_CAP":595840000,"HKSK_MARKET_CAP":595840000,"PE_TTM":6.061197916667,"PB_TTM":0.720644884285,"REPORT_DATE_SQ":"2021-06-30 00:00:00","REPORT_TYPE_SQ":"2021年中报","OPERATE_INCOME_SQ":490576894.32,"DPS_HKD":0.11,"OPERATE_INCOME_QOQ_SQ":2.771693066964,"NET_PROFIT_RATIO_SQ":5.5146129696,"HOLDER_PROFIT_SQ":27053417.04,"HOLDER_PROFIT_QOQ_SQ":-8.081783779564,"ROE_AVG_SQ":4.215323380504,"PE_TTM_SQ":6.006554006297,"PB_TTM_SQ":0.827354957479,"ROA_SQ":2.826483734439,"START_DATE":"2022-01-01 00:00:00","FISCAL_YEAR":"12-31","CURRENCY":"HKD","IS_CNY_CODE":0,"DPS_HKD_LY":0.14,"ORG_TYPE":"一般企业","PREMIUM_INCOME":null,"PREMIUM_INCOME_YOY":null,"NET_INTEREST_INCOME":null,"NET_INTEREST_INCOME_YOY":null,"FEE_COMMISSION_INCOME":null,"FEE_COMMISSION_INCOME_YOY":null,"ACCOUNTS_RECE_TDAYS":2.545884520409,"INVENTORY_TDAYS":4.21677361065,"CURRENT_ASSETS_TDAYS":1.149910361291,"TOTAL_ASSETS_TDAYS":0.545215223952,"PREMIUM_EXPENSE":null,"LOAN_DEPOSIT":null,"LOAN_EQUITY":null,"LOAN_ASSETS":null,"DEPOSIT_EQUITY":null,"DEPOSIT_ASSETS":null,"EQUITY_MULTIPLIER":1.470099258335,"EQUITY_RATIO":0.470099258335},{"SECUCODE":"01412.HK","SECURITY_CODE":"01412","SECURITY_NAME_ABBR":"隽思集团","ORG_CODE":"10000002615","STD_REPORT_DATE":"2021-12-31 00:00:00","REPORT_DATE":"2021-12-31 00:00:00","DATE_TYPE_CODE":"001","REPORT_TYPE":"2021年年报","PER_NETCASH_OPERATE":0.178622547368,"PER_OI":2.135840147368,"BPS":1.300650989474,"BASIC_EPS":0.18297888,"DILUTED_EPS":0.18297888,"OPERATE_INCOME":1136266958.4,"OPERATE_INCOME_YOY":12.747367217,"GROSS_PROFIT":351656300.8,"GROSS_PROFIT_YOY":-4.359070231125,"HOLDER_PROFIT":97328739.2,"HOLDER_PROFIT_YOY":-7.9676531527,"GROSS_PROFIT_RATIO":30.948387454228,"EPS_TTM":0.182948757895,"OPERATE_INCOME_QOQ":6.573054498342,"NET_PROFIT_RATIO":8.5656577867,"ROE_AVG":14.600280496308,"GROSS_PROFIT_QOQ":-4.671980203483,"ROA":9.917356748921,"HOLDER_PROFIT_QOQ":-2.735709286198,"ROE_YEARLY":14.600280496308,"ROIC_YEARLY":11.873157629378,"TOTAL_ASSETS":997485899.2,"TOTAL_LIABILITIES":305539572.8,"TAX_EBT":9.011556805674,"OCF_SALES":8.363104682179,"TOTAL_PARENT_EQUITY":691946326.4,"DEBT_ASSET_RATIO":30.6309666177,"OPERATE_PROFIT":107489054.4,"PRETAX_PROFIT":106968243.2,"NETCASH_OPERATE":95027195.2,"NETCASH_INVEST":-92046225.6,"NETCASH_FINANCE":-67806020.8,"END_CASH":129819345.6,"DIVI_RATIO":0.545934288646,"DIVIDEND_RATE":9.821428571429,"CURRENT_RATIO":1.594309100462,"COMMON_ACS":2000000000,"CURRENTDEBT_DEBT":96.769359625157,"ISSUED_COMMON_SHARES":532000000,"HK_COMMON_SHARES":532000000,"PER_SHARES":2000,"TOTAL_MARKET_CAP":595840000,"HKSK_MARKET_CAP":595840000,"PE_TTM":6.061197916667,"PB_TTM":0.720644884285,"REPORT_DATE_SQ":"2020-12-31 00:00:00","REPORT_TYPE_SQ":"2020年年报","OPERATE_INCOME_SQ":1037431554.84,"DPS_HKD":0.11,"OPERATE_INCOME_QOQ_SQ":0.314484397783,"NET_PROFIT_RATIO_SQ":10.4936513847,"HOLDER_PROFIT_SQ":108864450.72,"HOLDER_PROFIT_QOQ_SQ":17.220268663971,"ROE_AVG_SQ":19.615062659986,"PE_TTM_SQ":6.006554006297,"PB_TTM_SQ":0.827354957479,"ROA_SQ":12.106004755436,"START_DATE":"2021-01-01 00:00:00","FISCAL_YEAR":"12-31","CURRENCY":"HKD","IS_CNY_CODE":0,"DPS_HKD_LY":0.14,"ORG_TYPE":"一般企业","PREMIUM_INCOME":null,"PREMIUM_INCOME_YOY":null,"NET_INTEREST_INCOME":null,"NET_INTEREST_INCOME_YOY":null,"FEE_COMMISSION_INCOME":null,"FEE_COMMISSION_INCOME_YOY":null,"ACCOUNTS_RECE_TDAYS":5.859178265846,"INVENTORY_TDAYS":9.129751456773,"CURRENT_ASSETS_TDAYS":2.357067807979,"TOTAL_ASSETS_TDAYS":1.157804455404,"PREMIUM_EXPENSE":null,"LOAN_DEPOSIT":null,"LOAN_EQUITY":null,"LOAN_ASSETS":null,"DEPOSIT_EQUITY":null,"DEPOSIT_ASSETS":null,"EQUITY_MULTIPLIER":1.441565423708,"EQUITY_RATIO":0.441565423708},{"SECUCODE":"01412.HK","SECURITY_CODE":"01412","SECURITY_NAME_ABBR":"隽思集团","ORG_CODE":"10000002615","STD_REPORT_DATE":"2021-06-30 00:00:00","REPORT_DATE":"2021-06-30 00:00:00","DATE_TYPE_CODE":"002","REPORT_TYPE":"2021年中报","PER_NETCASH_OPERATE":0.04243295188,"PER_OI":0.922137019398,"BPS":1.185937660602,"BASIC_EPS":0.050840088,"DILUTED_EPS":0.050840088,"OPERATE_INCOME":490576894.32,"OPERATE_INCOME_YOY":16.6129995688,"GROSS_PROFIT":148598670.96,"GROSS_PROFIT_YOY":0.818842219799,"HOLDER_PROFIT":27053417.04,"HOLDER_PROFIT_YOY":-17.1622206935,"GROSS_PROFIT_RATIO":30.290597188842,"EPS_TTM":0.18809447594,"OPERATE_INCOME_QOQ":2.771693066964,"NET_PROFIT_RATIO":5.5146129696,"ROE_AVG":4.215323380504,"GROSS_PROFIT_QOQ":0.328245538957,"ROA":2.826483734439,"HOLDER_PROFIT_QOQ":-8.081783779564,"ROE_YEARLY":8.430646761009,"ROIC_YEARLY":6.814942442002,"TOTAL_ASSETS":931874682.72,"TOTAL_LIABILITIES":300955847.28,"TAX_EBT":19.274505909226,"OCF_SALES":4.601588591181,"TOTAL_PARENT_EQUITY":630918835.44,"DEBT_ASSET_RATIO":32.2957424277,"OPERATE_PROFIT":33520342.8,"PRETAX_PROFIT":33512854.08,"NETCASH_OPERATE":22574330.4,"NETCASH_INVEST":-25772013.84,"NETCASH_FINANCE":-64638470.64,"END_CASH":129464159.28,"DIVI_RATIO":0.530999113615,"DIVIDEND_RATE":9.821428571429,"CURRENT_RATIO":1.544015134978,"COMMON_ACS":2000000000,"CURRENTDEBT_DEBT":94.991304732493,"ISSUED_COMMON_SHARES":532000000,"HK_COMMON_SHARES":532000000,"PER_SHARES":2000,"TOTAL_MARKET_CAP":595840000,"HKSK_MARKET_CAP":595840000,"PE_TTM":6.061197916667,"PB_TTM":0.720644884285,"REPORT_DATE_SQ":"2020-06-30 00:00:00","REPORT_TYPE_SQ":"2020年中报","OPERATE_INCOME_SQ":461822475.84,"DPS_HKD":0.11,"OPERATE_INCOME_QOQ_SQ":-3.279013236508,"NET_PROFIT_RATIO_SQ":7.7630709711,"HOLDER_PROFIT_SQ":35851606.56,"HOLDER_PROFIT_QOQ_SQ":23.003158227968,"ROE_AVG_SQ":6.59232130365,"PE_TTM_SQ":6.006554006297,"PB_TTM_SQ":0.827354957479,"ROA_SQ":3.976110312773,"START_DATE":"2021-01-01 00:00:00","FISCAL_YEAR":"12-31","CURRENCY":"HKD","IS_CNY_CODE":0,"DPS_HKD_LY":0.14,"ORG_TYPE":"一般企业","PREMIUM_INCOME":null,"PREMIUM_INCOME_YOY":null,"NET_INTEREST_INCOME":null,"NET_INTEREST_INCOME_YOY":null,"FEE_COMMISSION_INCOME":null,"FEE_COMMISSION_INCOME_YOY":null,"ACCOUNTS_RECE_TDAYS":2.78104613701,"INVENTORY_TDAYS":3.521450420269,"CURRENT_ASSETS_TDAYS":1.040590842263,"TOTAL_ASSETS_TDAYS":0.512544352618,"PREMIUM_EXPENSE":null,"LOAN_DEPOSIT":null,"LOAN_EQUITY":null,"LOAN_ASSETS":null,"DEPOSIT_EQUITY":null,"DEPOSIT_ASSETS":null,"EQUITY_MULTIPLIER":1.477011986923,"EQUITY_RATIO":0.477011986922},{"SECUCODE":"01412.HK","SECURITY_CODE":"01412","SECURITY_NAME_ABBR":"隽思集团","ORG_CODE":"10000002615","STD_REPORT_DATE":"2020-12-31 00:00:00","REPORT_DATE":"2020-12-31 00:00:00","DATE_TYPE_CODE":"001","REPORT_TYPE":"2020年年报","PER_NETCASH_OPERATE":0.306330065489,"PER_OI":1.950059313609,"BPS":1.240892183985,"BASIC_EPS":0.206790948,"DILUTED_EPS":0.206790948,"OPERATE_INCOME":1037431554.84,"OPERATE_INCOME_YOY":3.2664762688,"GROSS_PROFIT":367683900.24,"GROSS_PROFIT_YOY":12.283763165468,"HOLDER_PROFIT":108864450.72,"HOLDER_PROFIT_YOY":53.4595671982,"GROSS_PROFIT_RATIO":35.441750207483,"EPS_TTM":0.204632426165,"OPERATE_INCOME_QOQ":0.314484397783,"NET_PROFIT_RATIO":10.4936513847,"ROE_AVG":19.615062659986,"GROSS_PROFIT_QOQ":10.265002141589,"ROA":12.106004755436,"HOLDER_PROFIT_QOQ":17.220268663971,"ROE_YEARLY":19.615062659986,"ROIC_YEARLY":14.40819659166,"TOTAL_ASSETS":993693207.32,"TOTAL_LIABILITIES":333538565.44,"TAX_EBT":18.892379465378,"OCF_SALES":15.708756310688,"TOTAL_PARENT_EQUITY":660154641.88,"DEBT_ASSET_RATIO":33.5655474932,"OPERATE_PROFIT":136654561.88,"PRETAX_PROFIT":134222222.28,"NETCASH_OPERATE":162967594.84,"NETCASH_INVEST":-40163902.44,"NETCASH_FINANCE":-15099021.6,"END_CASH":199190938.8,"DIVI_RATIO":0.488084913382,"DIVIDEND_RATE":9.821428571429,"CURRENT_RATIO":1.627928397589,"COMMON_ACS":2000000000,"CURRENTDEBT_DEBT":93.417798817046,"ISSUED_COMMON_SHARES":532000000,"HK_COMMON_SHARES":532000000,"PER_SHARES":2000,"TOTAL_MARKET_CAP":595840000,"HKSK_MARKET_CAP":595840000,"PE_TTM":6.061197916667,"PB_TTM":0.720644884285,"REPORT_DATE_SQ":"2019-12-31 00:00:00","REPORT_TYPE_SQ":"2019年年报","OPERATE_INCOME_SQ":1069239734.98,"DPS_HKD":0.11,"OPERATE_INCOME_QOQ_SQ":-1.602913316855,"NET_PROFIT_RATIO_SQ":7.0614196396,"HOLDER_PROFIT_SQ":75503504.64,"HOLDER_PROFIT_QOQ_SQ":18.750569126972,"ROE_AVG_SQ":16.791057040947,"PE_TTM_SQ":6.006554006297,"PB_TTM_SQ":0.827354957479,"ROA_SQ":8.890309290747,"START_DATE":"2020-01-01 00:00:00","FISCAL_YEAR":"12-31","CURRENCY":"HKD","IS_CNY_CODE":0,"DPS_HKD_LY":0.11,"ORG_TYPE":"一般企业","PREMIUM_INCOME":null,"PREMIUM_INCOME_YOY":null,"NET_INTEREST_INCOME":null,"NET_INTEREST_INCOME_YOY":null,"FEE_COMMISSION_INCOME":null,"FEE_COMMISSION_INCOME_YOY":null,"ACCOUNTS_RECE_TDAYS":6.159228491836,"INVENTORY_TDAYS":8.872097042133,"CURRENT_ASSETS_TDAYS":2.37431619256,"TOTAL_ASSETS_TDAYS":1.153650365502,"PREMIUM_EXPENSE":null,"LOAN_DEPOSIT":null,"LOAN_EQUITY":null,"LOAN_ASSETS":null,"DEPOSIT_EQUITY":null,"DEPOSIT_ASSETS":null,"EQUITY_MULTIPLIER":1.505243081363,"EQUITY_RATIO":0.505243081364},{"SECUCODE":"01412.HK","SECURITY_CODE":"01412","SECURITY_NAME_ABBR":"隽思集团","ORG_CODE":"10000002615","STD_REPORT_DATE":"2020-06-30 00:00:00","REPORT_DATE":"2020-06-30 00:00:00","DATE_TYPE_CODE":"002","REPORT_TYPE":"2020年中报","PER_NETCASH_OPERATE":0.133401730827,"PER_OI":0.868087360602,"BPS":1.126779749774,"BASIC_EPS":0.068782032,"DILUTED_EPS":0.068782032,"OPERATE_INCOME":461822475.84,"OPERATE_INCOME_YOY":-10.4932567123,"GROSS_PROFIT":147391764.96,"GROSS_PROFIT_YOY":4.240002056514,"HOLDER_PROFIT":35851606.56,"HOLDER_PROFIT_YOY":86.7932609937,"GROSS_PROFIT_RATIO":31.915242906251,"EPS_TTM":0.174570855789,"OPERATE_INCOME_QOQ":-3.279013236508,"NET_PROFIT_RATIO":7.7630709711,"ROE_AVG":6.59232130365,"GROSS_PROFIT_QOQ":1.830826630998,"ROA":3.976110312773,"HOLDER_PROFIT_QOQ":23.003158227968,"ROE_YEARLY":13.1846426073,"ROIC_YEARLY":9.371468821165,"TOTAL_ASSETS":929864564.64,"TOTAL_LIABILITIES":330417737.76,"TAX_EBT":19.479320531758,"OCF_SALES":15.367316341829,"TOTAL_PARENT_EQUITY":599446826.88,"DEBT_ASSET_RATIO":35.533963797,"OPERATE_PROFIT":45718585.44,"PRETAX_PROFIT":44524719.36,"NETCASH_OPERATE":70969720.8,"NETCASH_INVEST":-17042963.52,"NETCASH_FINANCE":28571489.76,"END_CASH":177400095.84,"DIVI_RATIO":0.572134446774,"DIVIDEND_RATE":9.821428571429,"CURRENT_RATIO":1.690680035049,"COMMON_ACS":2000000000,"CURRENTDEBT_DEBT":82.662435137907,"ISSUED_COMMON_SHARES":532000000,"HK_COMMON_SHARES":532000000,"PER_SHARES":2000,"TOTAL_MARKET_CAP":595840000,"HKSK_MARKET_CAP":595840000,"PE_TTM":6.061197916667,"PB_TTM":0.720644884285,"REPORT_DATE_SQ":"2019-06-30 00:00:00","REPORT_TYPE_SQ":"2019年中报","OPERATE_INCOME_SQ":496882988.28,"DPS_HKD":0.11,"OPERATE_INCOME_QOQ_SQ":6.639408599243,"NET_PROFIT_RATIO_SQ":3.7198729592,"HOLDER_PROFIT_SQ":18483415.92,"HOLDER_PROFIT_QOQ_SQ":42.309742564101,"ROE_AVG_SQ":4.381753952796,"PE_TTM_SQ":6.006554006297,"PB_TTM_SQ":0.827354957479,"ROA_SQ":2.24486579897,"START_DATE":"2020-01-01 00:00:00","FISCAL_YEAR":"12-31","CURRENCY":"HKD","IS_CNY_CODE":0,"DPS_HKD_LY":0.11,"ORG_TYPE":"一般企业","PREMIUM_INCOME":null,"PREMIUM_INCOME_YOY":null,"NET_INTEREST_INCOME":null,"NET_INTEREST_INCOME_YOY":null,"FEE_COMMISSION_INCOME":null,"FEE_COMMISSION_INCOME_YOY":null,"ACCOUNTS_RECE_TDAYS":2.765243168741,"INVENTORY_TDAYS":4.451633344541,"CURRENT_ASSETS_TDAYS":1.074384485594,"TOTAL_ASSETS_TDAYS":0.512182656525,"PREMIUM_EXPENSE":null,"LOAN_DEPOSIT":null,"LOAN_EQUITY":null,"LOAN_ASSETS":null,"DEPOSIT_EQUITY":null,"DEPOSIT_ASSETS":null,"EQUITY_MULTIPLIER":1.551204415378,"EQUITY_RATIO":0.551204415377}],"count":17},"success":true,"message":"ok","code":0}