{"version":"d0cef10f06ab101dff1950603eff5747","result":{"pages":3,"data":[{"SECUCODE":"01417.HK","SECURITY_CODE":"01417","SECURITY_NAME_ABBR":"浦江中国","ORG_CODE":"10592397","STD_REPORT_DATE":"2024-06-30 00:00:00","REPORT_DATE":"2024-06-30 00:00:00","DATE_TYPE_CODE":"002","REPORT_TYPE":"2024年中报","PER_NETCASH_OPERATE":-0.054017283951,"PER_OI":1.124624691358,"BPS":0.505943209877,"BASIC_EPS":0.01,"DILUTED_EPS":0.01,"OPERATE_INCOME":455473000,"OPERATE_INCOME_YOY":-1.4185318174,"GROSS_PROFIT":55318000,"GROSS_PROFIT_YOY":-1.827926457017,"HOLDER_PROFIT":2381000,"HOLDER_PROFIT_YOY":688.4105960265,"GROSS_PROFIT_RATIO":12.145176552727,"EPS_TTM":-0.178728395062,"OPERATE_INCOME_QOQ":-0.712636079349,"NET_PROFIT_RATIO":0.8382494681,"ROE_AVG":1.167680601839,"GROSS_PROFIT_QOQ":-1.389188605956,"ROA":0.252647171487,"HOLDER_PROFIT_QOQ":2.791953158573,"ROE_YEARLY":2.335361203677,"ROIC_YEARLY":0.63941306124,"TOTAL_ASSETS":953288000,"TOTAL_LIABILITIES":669375000,"TAX_EBT":7.710901619531,"OCF_SALES":-4.803138715138,"TOTAL_PARENT_EQUITY":204907000,"DEBT_ASSET_RATIO":70.2174998531,"OPERATE_PROFIT":4771000,"PRETAX_PROFIT":4137000,"NETCASH_OPERATE":-21877000,"NETCASH_INVEST":-9840000,"NETCASH_FINANCE":-8046000,"END_CASH":99738000,"DIVI_RATIO":null,"DIVIDEND_RATE":null,"CURRENT_RATIO":1.068457094199,"COMMON_ACS":8000000000,"CURRENTDEBT_DEBT":75.090345471522,"ISSUED_COMMON_SHARES":405000000,"HK_COMMON_SHARES":405000000,"PER_SHARES":2000,"TOTAL_MARKET_CAP":86670000,"HKSK_MARKET_CAP":86670000,"PE_TTM":-1.084885051815,"PB_TTM":0.386038425237,"REPORT_DATE_SQ":"2023-06-30 00:00:00","REPORT_TYPE_SQ":"2023年中报","OPERATE_INCOME_SQ":462027000,"DPS_HKD":null,"OPERATE_INCOME_QOQ_SQ":1.820242597295,"NET_PROFIT_RATIO_SQ":0.3995437496,"HOLDER_PROFIT_SQ":302000,"HOLDER_PROFIT_QOQ_SQ":-89.724550898204,"ROE_AVG_SQ":0.106499464858,"PE_TTM_SQ":180.001047683922,"PB_TTM_SQ":0.500429290899,"ROA_SQ":0.029949903332,"START_DATE":"2024-01-01 00:00:00","FISCAL_YEAR":"12-31","CURRENCY":"HKD","IS_CNY_CODE":0,"DPS_HKD_LY":null,"ORG_TYPE":"一般企业","PREMIUM_INCOME":null,"PREMIUM_INCOME_YOY":null,"NET_INTEREST_INCOME":null,"NET_INTEREST_INCOME_YOY":null,"FEE_COMMISSION_INCOME":null,"FEE_COMMISSION_INCOME_YOY":null,"ACCOUNTS_RECE_TDAYS":1.766391964476,"INVENTORY_TDAYS":2326.48255813953,"CURRENT_ASSETS_TDAYS":0.867956132745,"TOTAL_ASSETS_TDAYS":0.483300987563,"PREMIUM_EXPENSE":null,"LOAN_DEPOSIT":null,"LOAN_EQUITY":null,"LOAN_ASSETS":null,"DEPOSIT_EQUITY":null,"DEPOSIT_ASSETS":null,"EQUITY_MULTIPLIER":3.357676471309,"EQUITY_RATIO":3.266725880521},{"SECUCODE":"01417.HK","SECURITY_CODE":"01417","SECURITY_NAME_ABBR":"浦江中国","ORG_CODE":"10592397","STD_REPORT_DATE":"2023-12-31 00:00:00","REPORT_DATE":"2023-12-31 00:00:00","DATE_TYPE_CODE":"001","REPORT_TYPE":"2023年年报","PER_NETCASH_OPERATE":0.007397530864,"PER_OI":2.270824691358,"BPS":0.501012345679,"BASIC_EPS":-0.19,"DILUTED_EPS":-0.19,"OPERATE_INCOME":919684000,"OPERATE_INCOME_YOY":0.2303911418,"GROSS_PROFIT":74144000,"GROSS_PROFIT_YOY":-42.960449891143,"HOLDER_PROFIT":-74464000,"HOLDER_PROFIT_YOY":-694.5229540918,"GROSS_PROFIT_RATIO":8.06189952201,"EPS_TTM":-0.183861728395,"OPERATE_INCOME_QOQ":-1.561429647897,"NET_PROFIT_RATIO":-8.8019363173,"ROE_AVG":-30.611686984977,"GROSS_PROFIT_QOQ":-35.908163618132,"ROA":-7.644236667062,"HOLDER_PROFIT_QOQ":-5885.85858585859,"ROE_YEARLY":-30.611686984977,"ROIC_YEARLY":-10.104136489429,"TOTAL_ASSETS":931554000,"TOTAL_LIABILITIES":651711000,"TAX_EBT":21.679986067842,"OCF_SALES":0.325764066788,"TOTAL_PARENT_EQUITY":202910000,"DEBT_ASSET_RATIO":69.9595514592,"OPERATE_PROFIT":-94334000,"PRETAX_PROFIT":-103358000,"NETCASH_OPERATE":2996000,"NETCASH_INVEST":-37680000,"NETCASH_FINANCE":2528000,"END_CASH":139674000,"DIVI_RATIO":null,"DIVIDEND_RATE":null,"CURRENT_RATIO":1.062651626682,"COMMON_ACS":8000000000,"CURRENTDEBT_DEBT":74.000592287072,"ISSUED_COMMON_SHARES":405000000,"HK_COMMON_SHARES":405000000,"PER_SHARES":2000,"TOTAL_MARKET_CAP":69255000,"HKSK_MARKET_CAP":69255000,"PE_TTM":-0.866894130188,"PB_TTM":0.308469956614,"REPORT_DATE_SQ":"2022-12-31 00:00:00","REPORT_TYPE_SQ":"2022年年报","OPERATE_INCOME_SQ":917570000,"DPS_HKD":null,"OPERATE_INCOME_QOQ_SQ":1.805396217455,"NET_PROFIT_RATIO_SQ":2.6987586778,"HOLDER_PROFIT_SQ":12525000,"HOLDER_PROFIT_QOQ_SQ":-53.074069911206,"ROE_AVG_SQ":4.41548186039,"PE_TTM_SQ":215.527570253118,"PB_TTM_SQ":0.599198229892,"ROA_SQ":1.273281222838,"START_DATE":"2023-01-01 00:00:00","FISCAL_YEAR":"12-31","CURRENCY":"HKD","IS_CNY_CODE":0,"DPS_HKD_LY":0.01,"ORG_TYPE":"一般企业","PREMIUM_INCOME":null,"PREMIUM_INCOME_YOY":null,"NET_INTEREST_INCOME":null,"NET_INTEREST_INCOME_YOY":null,"FEE_COMMISSION_INCOME":null,"FEE_COMMISSION_INCOME_YOY":null,"ACCOUNTS_RECE_TDAYS":3.783228778872,"INVENTORY_TDAYS":9291.64835164835,"CURRENT_ASSETS_TDAYS":1.680144103591,"TOTAL_ASSETS_TDAYS":0.944118252432,"PREMIUM_EXPENSE":null,"LOAN_DEPOSIT":null,"LOAN_EQUITY":null,"LOAN_ASSETS":null,"DEPOSIT_EQUITY":null,"DEPOSIT_ASSETS":null,"EQUITY_MULTIPLIER":3.328845102435,"EQUITY_RATIO":3.211822975704},{"SECUCODE":"01417.HK","SECURITY_CODE":"01417","SECURITY_NAME_ABBR":"浦江中国","ORG_CODE":"10592397","STD_REPORT_DATE":"2023-06-30 00:00:00","REPORT_DATE":"2023-06-30 00:00:00","DATE_TYPE_CODE":"002","REPORT_TYPE":"2023年中报","PER_NETCASH_OPERATE":-0.085291358025,"PER_OI":1.140807407407,"BPS":0.700103703704,"BASIC_EPS":null,"DILUTED_EPS":null,"OPERATE_INCOME":462027000,"OPERATE_INCOME_YOY":3.7505192837,"GROSS_PROFIT":56348000,"GROSS_PROFIT_YOY":-20.244582525371,"HOLDER_PROFIT":302000,"HOLDER_PROFIT_YOY":-97.3830155979,"GROSS_PROFIT_RATIO":12.195824053573,"EPS_TTM":0.003177777778,"OPERATE_INCOME_QOQ":1.820242597295,"NET_PROFIT_RATIO":0.3995437496,"ROE_AVG":0.106499464858,"GROSS_PROFIT_QOQ":-11.003408033111,"ROA":0.029949903332,"HOLDER_PROFIT_QOQ":-89.724550898204,"ROE_YEARLY":0.212998929716,"ROIC_YEARLY":0.078890826329,"TOTAL_ASSETS":1000016000,"TOTAL_LIABILITIES":629125000,"TAX_EBT":40.025990903184,"OCF_SALES":-7.476402894203,"TOTAL_PARENT_EQUITY":283542000,"DEBT_ASSET_RATIO":62.9114934161,"OPERATE_PROFIT":6129000,"PRETAX_PROFIT":3078000,"NETCASH_OPERATE":-34543000,"NETCASH_INVEST":507000,"NETCASH_FINANCE":2623000,"END_CASH":140421000,"DIVI_RATIO":null,"DIVIDEND_RATE":null,"CURRENT_RATIO":1.23487192588,"COMMON_ACS":8000000000,"CURRENTDEBT_DEBT":72.175322869064,"ISSUED_COMMON_SHARES":405000000,"HK_COMMON_SHARES":405000000,"PER_SHARES":2000,"TOTAL_MARKET_CAP":69255000,"HKSK_MARKET_CAP":69255000,"PE_TTM":-0.866894130188,"PB_TTM":0.308469956614,"REPORT_DATE_SQ":"2022-06-30 00:00:00","REPORT_TYPE_SQ":"2022年中报","OPERATE_INCOME_SQ":445325000,"DPS_HKD":null,"OPERATE_INCOME_QOQ_SQ":1.779594122901,"NET_PROFIT_RATIO_SQ":3.8376466625,"HOLDER_PROFIT_SQ":11540000,"HOLDER_PROFIT_QOQ_SQ":-30.834413060378,"ROE_AVG_SQ":3.991215176302,"PE_TTM_SQ":215.527570253118,"PB_TTM_SQ":0.599198229892,"ROA_SQ":1.191945587787,"START_DATE":"2023-01-01 00:00:00","FISCAL_YEAR":"12-31","CURRENCY":"HKD","IS_CNY_CODE":0,"DPS_HKD_LY":0.01,"ORG_TYPE":"一般企业","PREMIUM_INCOME":null,"PREMIUM_INCOME_YOY":null,"NET_INTEREST_INCOME":null,"NET_INTEREST_INCOME_YOY":null,"FEE_COMMISSION_INCOME":null,"FEE_COMMISSION_INCOME_YOY":null,"ACCOUNTS_RECE_TDAYS":1.729272400629,"INVENTORY_TDAYS":3900.75961538462,"CURRENT_ASSETS_TDAYS":0.808442657731,"TOTAL_ASSETS_TDAYS":0.458200794267,"PREMIUM_EXPENSE":null,"LOAN_DEPOSIT":null,"LOAN_EQUITY":null,"LOAN_ASSETS":null,"DEPOSIT_EQUITY":null,"DEPOSIT_ASSETS":null,"EQUITY_MULTIPLIER":2.696253077049,"EQUITY_RATIO":2.218807090308},{"SECUCODE":"01417.HK","SECURITY_CODE":"01417","SECURITY_NAME_ABBR":"浦江中国","ORG_CODE":"10592397","STD_REPORT_DATE":"2022-12-31 00:00:00","REPORT_DATE":"2022-12-31 00:00:00","DATE_TYPE_CODE":"001","REPORT_TYPE":"2022年年报","PER_NETCASH_OPERATE":0.007908641975,"PER_OI":2.265604938272,"BPS":0.700239506173,"BASIC_EPS":0.03,"DILUTED_EPS":0.03,"OPERATE_INCOME":917570000,"OPERATE_INCOME_YOY":3.6171190653,"GROSS_PROFIT":129987000,"GROSS_PROFIT_YOY":2.685899815937,"HOLDER_PROFIT":12525000,"HOLDER_PROFIT_YOY":-67.5434050272,"GROSS_PROFIT_RATIO":14.166439617686,"EPS_TTM":0.030925925926,"OPERATE_INCOME_QOQ":1.805396217455,"NET_PROFIT_RATIO":2.6987586778,"ROE_AVG":4.41548186039,"GROSS_PROFIT_QOQ":-5.463312460454,"ROA":1.273281222838,"HOLDER_PROFIT_QOQ":-53.074069911206,"ROE_YEARLY":4.41548186039,"ROIC_YEARLY":1.720753037249,"TOTAL_ASSETS":1016685000,"TOTAL_LIABILITIES":647205000,"TAX_EBT":22.207212867555,"OCF_SALES":0.349074185076,"TOTAL_PARENT_EQUITY":283597000,"DEBT_ASSET_RATIO":63.6583602591,"OPERATE_PROFIT":37181000,"PRETAX_PROFIT":31832000,"NETCASH_OPERATE":3203000,"NETCASH_INVEST":-22875000,"NETCASH_FINANCE":12076000,"END_CASH":171818000,"DIVI_RATIO":null,"DIVIDEND_RATE":null,"CURRENT_RATIO":1.266520935291,"COMMON_ACS":8000000000,"CURRENTDEBT_DEBT":71.036224998262,"ISSUED_COMMON_SHARES":405000000,"HK_COMMON_SHARES":405000000,"PER_SHARES":2000,"TOTAL_MARKET_CAP":69255000,"HKSK_MARKET_CAP":69255000,"PE_TTM":-0.866894130188,"PB_TTM":0.308469956614,"REPORT_DATE_SQ":"2021-12-31 00:00:00","REPORT_TYPE_SQ":"2021年年报","OPERATE_INCOME_SQ":885539000,"DPS_HKD":null,"OPERATE_INCOME_QOQ_SQ":3.758699880486,"NET_PROFIT_RATIO_SQ":5.9835873971,"HOLDER_PROFIT_SQ":38590000,"HOLDER_PROFIT_QOQ_SQ":22.671498505944,"ROE_AVG_SQ":14.502693652676,"PE_TTM_SQ":215.527570253118,"PB_TTM_SQ":0.599198229892,"ROA_SQ":4.803030925346,"START_DATE":"2022-01-01 00:00:00","FISCAL_YEAR":"12-31","CURRENCY":"HKD","IS_CNY_CODE":0,"DPS_HKD_LY":0.035,"ORG_TYPE":"一般企业","PREMIUM_INCOME":null,"PREMIUM_INCOME_YOY":null,"NET_INTEREST_INCOME":null,"NET_INTEREST_INCOME_YOY":null,"FEE_COMMISSION_INCOME":null,"FEE_COMMISSION_INCOME_YOY":null,"ACCOUNTS_RECE_TDAYS":4.161466175644,"INVENTORY_TDAYS":7465.24170616114,"CURRENT_ASSETS_TDAYS":1.707024404401,"TOTAL_ASSETS_TDAYS":0.932794133045,"PREMIUM_EXPENSE":null,"LOAN_DEPOSIT":null,"LOAN_EQUITY":null,"LOAN_ASSETS":null,"DEPOSIT_EQUITY":null,"DEPOSIT_ASSETS":null,"EQUITY_MULTIPLIER":2.751664501463,"EQUITY_RATIO":2.282129218574},{"SECUCODE":"01417.HK","SECURITY_CODE":"01417","SECURITY_NAME_ABBR":"浦江中国","ORG_CODE":"10592397","STD_REPORT_DATE":"2022-06-30 00:00:00","REPORT_DATE":"2022-06-30 00:00:00","DATE_TYPE_CODE":"002","REPORT_TYPE":"2022年中报","PER_NETCASH_OPERATE":-0.226567901235,"PER_OI":1.099567901235,"BPS":0.727271604938,"BASIC_EPS":0.03,"DILUTED_EPS":0.03,"OPERATE_INCOME":445325000,"OPERATE_INCOME_YOY":3.6685864337,"GROSS_PROFIT":70651000,"GROSS_PROFIT_YOY":18.266124307404,"HOLDER_PROFIT":11540000,"HOLDER_PROFIT_YOY":-50.7658176543,"GROSS_PROFIT_RATIO":15.865042384775,"EPS_TTM":0.065903703704,"OPERATE_INCOME_QOQ":1.779594122901,"NET_PROFIT_RATIO":3.8376466625,"ROE_AVG":3.991215176302,"GROSS_PROFIT_QOQ":8.620158468089,"ROA":1.191945587787,"HOLDER_PROFIT_QOQ":-30.834413060378,"ROE_YEARLY":7.982430352603,"ROIC_YEARLY":3.073763669126,"TOTAL_ASSETS":985657000,"TOTAL_LIABILITIES":609427000,"TAX_EBT":22.557549392786,"OCF_SALES":-20.60517599506,"TOTAL_PARENT_EQUITY":294545000,"DEBT_ASSET_RATIO":61.8295208171,"OPERATE_PROFIT":23591000,"PRETAX_PROFIT":22068000,"NETCASH_OPERATE":-91760000,"NETCASH_INVEST":1598000,"NETCASH_FINANCE":10886000,"END_CASH":99004000,"DIVI_RATIO":null,"DIVIDEND_RATE":null,"CURRENT_RATIO":1.315233378215,"COMMON_ACS":8000000000,"CURRENTDEBT_DEBT":68.612155352487,"ISSUED_COMMON_SHARES":405000000,"HK_COMMON_SHARES":405000000,"PER_SHARES":2000,"TOTAL_MARKET_CAP":69255000,"HKSK_MARKET_CAP":69255000,"PE_TTM":-0.866894130188,"PB_TTM":0.308469956614,"REPORT_DATE_SQ":"2021-06-30 00:00:00","REPORT_TYPE_SQ":"2021年中报","OPERATE_INCOME_SQ":429566000,"DPS_HKD":null,"OPERATE_INCOME_QOQ_SQ":11.737504713226,"NET_PROFIT_RATIO_SQ":6.90906636,"HOLDER_PROFIT_SQ":23439000,"HOLDER_PROFIT_QOQ_SQ":20.027471479263,"ROE_AVG_SQ":9.000702729894,"PE_TTM_SQ":215.527570253118,"PB_TTM_SQ":0.599198229892,"ROA_SQ":3.468541692718,"START_DATE":"2022-01-01 00:00:00","FISCAL_YEAR":"12-31","CURRENCY":"HKD","IS_CNY_CODE":0,"DPS_HKD_LY":0.035,"ORG_TYPE":"一般企业","PREMIUM_INCOME":null,"PREMIUM_INCOME_YOY":null,"NET_INTEREST_INCOME":null,"NET_INTEREST_INCOME_YOY":null,"FEE_COMMISSION_INCOME":null,"FEE_COMMISSION_INCOME_YOY":null,"ACCOUNTS_RECE_TDAYS":1.74102997664,"INVENTORY_TDAYS":3109.32780082988,"CURRENT_ASSETS_TDAYS":0.854158634804,"TOTAL_ASSETS_TDAYS":0.459968083953,"PREMIUM_EXPENSE":null,"LOAN_DEPOSIT":null,"LOAN_EQUITY":null,"LOAN_ASSETS":null,"DEPOSIT_EQUITY":null,"DEPOSIT_ASSETS":null,"EQUITY_MULTIPLIER":2.619825638574,"EQUITY_RATIO":2.069045476922},{"SECUCODE":"01417.HK","SECURITY_CODE":"01417","SECURITY_NAME_ABBR":"浦江中国","ORG_CODE":"10592397","STD_REPORT_DATE":"2021-12-31 00:00:00","REPORT_DATE":"2021-12-31 00:00:00","DATE_TYPE_CODE":"001","REPORT_TYPE":"2021年年报","PER_NETCASH_OPERATE":0.083212345679,"PER_OI":2.186516049383,"BPS":0.700555555556,"BASIC_EPS":0.1,"DILUTED_EPS":0.1,"OPERATE_INCOME":885539000,"OPERATE_INCOME_YOY":15.9373821693,"GROSS_PROFIT":126587000,"GROSS_PROFIT_YOY":7.966088684572,"HOLDER_PROFIT":38590000,"HOLDER_PROFIT_YOY":47.2394978824,"GROSS_PROFIT_RATIO":14.294909653894,"EPS_TTM":0.095283950617,"OPERATE_INCOME_QOQ":3.758699880486,"NET_PROFIT_RATIO":5.9835873971,"ROE_AVG":14.502693652676,"GROSS_PROFIT_QOQ":7.308037909228,"ROA":4.803030925346,"HOLDER_PROFIT_QOQ":22.671498505944,"ROE_YEARLY":14.502693652676,"ROIC_YEARLY":6.76265346965,"TOTAL_ASSETS":950673000,"TOTAL_LIABILITIES":590813000,"TAX_EBT":25.072824457705,"OCF_SALES":3.805704774155,"TOTAL_PARENT_EQUITY":283725000,"DEBT_ASSET_RATIO":62.1468159925,"OPERATE_PROFIT":62415000,"PRETAX_PROFIT":70718000,"NETCASH_OPERATE":33701000,"NETCASH_INVEST":15915000,"NETCASH_FINANCE":2597000,"END_CASH":177764000,"DIVI_RATIO":null,"DIVIDEND_RATE":null,"CURRENT_RATIO":1.267791490752,"COMMON_ACS":8000000000,"CURRENTDEBT_DEBT":65.787821188769,"ISSUED_COMMON_SHARES":405000000,"HK_COMMON_SHARES":405000000,"PER_SHARES":2000,"TOTAL_MARKET_CAP":69255000,"HKSK_MARKET_CAP":69255000,"PE_TTM":-0.866894130188,"PB_TTM":0.308469956614,"REPORT_DATE_SQ":"2020-12-31 00:00:00","REPORT_TYPE_SQ":"2020年年报","OPERATE_INCOME_SQ":763808000,"DPS_HKD":null,"OPERATE_INCOME_QOQ_SQ":28.134635580056,"NET_PROFIT_RATIO_SQ":4.8399597805,"HOLDER_PROFIT_SQ":26209000,"HOLDER_PROFIT_QOQ_SQ":34.013396737741,"ROE_AVG_SQ":10.996360279849,"PE_TTM_SQ":215.527570253118,"PB_TTM_SQ":0.599198229892,"ROA_SQ":4.701857492941,"START_DATE":"2021-01-01 00:00:00","FISCAL_YEAR":"12-31","CURRENCY":"HKD","IS_CNY_CODE":0,"DPS_HKD_LY":0.012,"ORG_TYPE":"一般企业","PREMIUM_INCOME":null,"PREMIUM_INCOME_YOY":null,"NET_INTEREST_INCOME":null,"NET_INTEREST_INCOME_YOY":null,"FEE_COMMISSION_INCOME":null,"FEE_COMMISSION_INCOME_YOY":null,"ACCOUNTS_RECE_TDAYS":5.313829148865,"INVENTORY_TDAYS":4312.22727272727,"CURRENT_ASSETS_TDAYS":2.033025159731,"TOTAL_ASSETS_TDAYS":1.102169267323,"PREMIUM_EXPENSE":null,"LOAN_DEPOSIT":null,"LOAN_EQUITY":null,"LOAN_ASSETS":null,"DEPOSIT_EQUITY":null,"DEPOSIT_ASSETS":null,"EQUITY_MULTIPLIER":2.64178569444,"EQUITY_RATIO":2.082343818839},{"SECUCODE":"01417.HK","SECURITY_CODE":"01417","SECURITY_NAME_ABBR":"浦江中国","ORG_CODE":"10592397","STD_REPORT_DATE":"2021-06-30 00:00:00","REPORT_DATE":"2021-06-30 00:00:00","DATE_TYPE_CODE":"002","REPORT_TYPE":"2021年中报","PER_NETCASH_OPERATE":-0.070940740741,"PER_OI":1.060656790123,"BPS":0.672528395062,"BASIC_EPS":0.05,"DILUTED_EPS":0.05,"OPERATE_INCOME":429566000,"OPERATE_INCOME_YOY":26.374906594,"GROSS_PROFIT":59739000,"GROSS_PROFIT_YOY":1.218231108099,"HOLDER_PROFIT":23439000,"HOLDER_PROFIT_YOY":28.8565145684,"GROSS_PROFIT_RATIO":13.906826890396,"EPS_TTM":0.077674074074,"OPERATE_INCOME_QOQ":11.737504713226,"NET_PROFIT_RATIO":6.90906636,"ROE_AVG":9.000702729894,"GROSS_PROFIT_QOQ":0.61323530666,"ROA":3.468541692718,"HOLDER_PROFIT_QOQ":20.027471479263,"ROE_YEARLY":18.001405459789,"ROIC_YEARLY":9.749270021379,"TOTAL_ASSETS":695290000,"TOTAL_LIABILITIES":356386000,"TAX_EBT":20.467883270359,"OCF_SALES":-6.688378502954,"TOTAL_PARENT_EQUITY":272374000,"DEBT_ASSET_RATIO":51.2571732658,"OPERATE_PROFIT":30630000,"PRETAX_PROFIT":37317000,"NETCASH_OPERATE":-28731000,"NETCASH_INVEST":30928000,"NETCASH_FINANCE":-17077000,"END_CASH":111582000,"DIVI_RATIO":null,"DIVIDEND_RATE":null,"CURRENT_RATIO":1.3322701683,"COMMON_ACS":8000000000,"CURRENTDEBT_DEBT":94.748671384398,"ISSUED_COMMON_SHARES":405000000,"HK_COMMON_SHARES":405000000,"PER_SHARES":2000,"TOTAL_MARKET_CAP":69255000,"HKSK_MARKET_CAP":69255000,"PE_TTM":-0.866894130188,"PB_TTM":0.308469956614,"REPORT_DATE_SQ":"2020-06-30 00:00:00","REPORT_TYPE_SQ":"2020年中报","OPERATE_INCOME_SQ":339914000,"DPS_HKD":null,"OPERATE_INCOME_QOQ_SQ":23.792494756298,"NET_PROFIT_RATIO_SQ":7.6439923039,"HOLDER_PROFIT_SQ":18190000,"HOLDER_PROFIT_QOQ_SQ":9.858442871587,"ROE_AVG_SQ":7.555335878085,"PE_TTM_SQ":215.527570253118,"PB_TTM_SQ":0.599198229892,"ROA_SQ":3.059675445642,"START_DATE":"2021-01-01 00:00:00","FISCAL_YEAR":"12-31","CURRENCY":"HKD","IS_CNY_CODE":0,"DPS_HKD_LY":0.012,"ORG_TYPE":"一般企业","PREMIUM_INCOME":null,"PREMIUM_INCOME_YOY":null,"NET_INTEREST_INCOME":null,"NET_INTEREST_INCOME_YOY":null,"FEE_COMMISSION_INCOME":null,"FEE_COMMISSION_INCOME_YOY":null,"ACCOUNTS_RECE_TDAYS":2.425254909046,"INVENTORY_TDAYS":1658.41704035874,"CURRENT_ASSETS_TDAYS":1.03728083414,"TOTAL_ASSETS_TDAYS":0.635678817686,"PREMIUM_EXPENSE":null,"LOAN_DEPOSIT":null,"LOAN_EQUITY":null,"LOAN_ASSETS":null,"DEPOSIT_EQUITY":null,"DEPOSIT_ASSETS":null,"EQUITY_MULTIPLIER":2.051583929371,"EQUITY_RATIO":1.308443537195},{"SECUCODE":"01417.HK","SECURITY_CODE":"01417","SECURITY_NAME_ABBR":"浦江中国","ORG_CODE":"10592397","STD_REPORT_DATE":"2020-12-31 00:00:00","REPORT_DATE":"2020-12-31 00:00:00","DATE_TYPE_CODE":"001","REPORT_TYPE":"2020年年报","PER_NETCASH_OPERATE":0.204081481481,"PER_OI":1.885945679012,"BPS":0.613461728395,"BASIC_EPS":0.07,"DILUTED_EPS":0.07,"OPERATE_INCOME":763808000,"OPERATE_INCOME_YOY":58.6210620314,"GROSS_PROFIT":117247000,"GROSS_PROFIT_YOY":58.076606760055,"HOLDER_PROFIT":26209000,"HOLDER_PROFIT_YOY":47.2250308954,"GROSS_PROFIT_RATIO":15.350323641543,"EPS_TTM":0.064713580247,"OPERATE_INCOME_QOQ":28.134635580056,"NET_PROFIT_RATIO":4.8399597805,"ROE_AVG":10.996360279849,"GROSS_PROFIT_QOQ":24.026276260393,"ROA":4.701857492941,"HOLDER_PROFIT_QOQ":34.013396737741,"ROE_YEARLY":10.996360279849,"ROIC_YEARLY":7.005777781936,"TOTAL_ASSETS":656229000,"TOTAL_LIABILITIES":322548000,"TAX_EBT":25.090172239108,"OCF_SALES":10.821174954963,"TOTAL_PARENT_EQUITY":248452000,"DEBT_ASSET_RATIO":49.1517442844,"OPERATE_PROFIT":42437000,"PRETAX_PROFIT":49350000,"NETCASH_OPERATE":82653000,"NETCASH_INVEST":-97409000,"NETCASH_FINANCE":-2012000,"END_CASH":126506000,"DIVI_RATIO":null,"DIVIDEND_RATE":null,"CURRENT_RATIO":1.248004564764,"COMMON_ACS":8000000000,"CURRENTDEBT_DEBT":93.999032702109,"ISSUED_COMMON_SHARES":405000000,"HK_COMMON_SHARES":405000000,"PER_SHARES":2000,"TOTAL_MARKET_CAP":69255000,"HKSK_MARKET_CAP":69255000,"PE_TTM":-0.866894130188,"PB_TTM":0.308469956614,"REPORT_DATE_SQ":"2019-12-31 00:00:00","REPORT_TYPE_SQ":"2019年年报","OPERATE_INCOME_SQ":481530000,"DPS_HKD":null,"OPERATE_INCOME_QOQ_SQ":11.942588537235,"NET_PROFIT_RATIO_SQ":4.2533175503,"HOLDER_PROFIT_SQ":17802000,"HOLDER_PROFIT_QOQ_SQ":-20.636618964825,"ROE_AVG_SQ":7.751424926304,"PE_TTM_SQ":215.527570253118,"PB_TTM_SQ":0.599198229892,"ROA_SQ":4.20865490661,"START_DATE":"2020-01-01 00:00:00","FISCAL_YEAR":"12-31","CURRENCY":"HKD","IS_CNY_CODE":0,"DPS_HKD_LY":0.01,"ORG_TYPE":"一般企业","PREMIUM_INCOME":null,"PREMIUM_INCOME_YOY":null,"NET_INTEREST_INCOME":null,"NET_INTEREST_INCOME_YOY":null,"FEE_COMMISSION_INCOME":null,"FEE_COMMISSION_INCOME_YOY":null,"ACCOUNTS_RECE_TDAYS":6.280954221385,"INVENTORY_TDAYS":3307.21739130435,"CURRENT_ASSETS_TDAYS":2.214706564602,"TOTAL_ASSETS_TDAYS":1.370260737902,"PREMIUM_EXPENSE":null,"LOAN_DEPOSIT":null,"LOAN_EQUITY":null,"LOAN_ASSETS":null,"DEPOSIT_EQUITY":null,"DEPOSIT_ASSETS":null,"EQUITY_MULTIPLIER":1.966635798862,"EQUITY_RATIO":1.298230644149},{"SECUCODE":"01417.HK","SECURITY_CODE":"01417","SECURITY_NAME_ABBR":"浦江中国","ORG_CODE":"10592397","STD_REPORT_DATE":"2020-06-30 00:00:00","REPORT_DATE":"2020-06-30 00:00:00","DATE_TYPE_CODE":"002","REPORT_TYPE":"2020年中报","PER_NETCASH_OPERATE":-0.004819753086,"PER_OI":0.83929382716,"BPS":0.625385185185,"BASIC_EPS":0.04,"DILUTED_EPS":0.04,"OPERATE_INCOME":339914000,"OPERATE_INCOME_YOY":50.8409290602,"GROSS_PROFIT":59020000,"GROSS_PROFIT_YOY":52.676100059498,"HOLDER_PROFIT":18190000,"HOLDER_PROFIT_YOY":10.6784301795,"GROSS_PROFIT_RATIO":17.363215401543,"EPS_TTM":0.048288888889,"OPERATE_INCOME_QOQ":23.792494756298,"NET_PROFIT_RATIO":7.6439923039,"ROE_AVG":7.555335878085,"GROSS_PROFIT_QOQ":27.454126275768,"ROA":3.059675445642,"HOLDER_PROFIT_QOQ":9.858442871587,"ROE_YEARLY":15.110671756169,"ROIC_YEARLY":9.266664968542,"TOTAL_ASSETS":730408000,"TOTAL_LIABILITIES":389182000,"TAX_EBT":22.052558948821,"OCF_SALES":-0.574262901793,"TOTAL_PARENT_EQUITY":253281000,"DEBT_ASSET_RATIO":53.2828227511,"OPERATE_PROFIT":27613000,"PRETAX_PROFIT":33334000,"NETCASH_OPERATE":-1952000,"NETCASH_INVEST":-23507000,"NETCASH_FINANCE":42263000,"END_CASH":161000000,"DIVI_RATIO":null,"DIVIDEND_RATE":null,"CURRENT_RATIO":1.322840856621,"COMMON_ACS":8000000000,"CURRENTDEBT_DEBT":93.490449198576,"ISSUED_COMMON_SHARES":405000000,"HK_COMMON_SHARES":405000000,"PER_SHARES":2000,"TOTAL_MARKET_CAP":69255000,"HKSK_MARKET_CAP":69255000,"PE_TTM":-0.866894130188,"PB_TTM":0.308469956614,"REPORT_DATE_SQ":"2019-06-30 00:00:00","REPORT_TYPE_SQ":"2019年中报","OPERATE_INCOME_SQ":225346000,"DPS_HKD":null,"OPERATE_INCOME_QOQ_SQ":9.662008168093,"NET_PROFIT_RATIO_SQ":7.8714510131,"HOLDER_PROFIT_SQ":16435000,"HOLDER_PROFIT_QOQ_SQ":-11.706357016335,"ROE_AVG_SQ":6.874799999163,"PE_TTM_SQ":215.527570253118,"PB_TTM_SQ":0.599198229892,"ROA_SQ":4.07617625649,"START_DATE":"2020-01-01 00:00:00","FISCAL_YEAR":"12-31","CURRENCY":"HKD","IS_CNY_CODE":0,"DPS_HKD_LY":0.01,"ORG_TYPE":"一般企业","PREMIUM_INCOME":null,"PREMIUM_INCOME_YOY":null,"NET_INTEREST_INCOME":null,"NET_INTEREST_INCOME_YOY":null,"FEE_COMMISSION_INCOME":null,"FEE_COMMISSION_INCOME_YOY":null,"ACCOUNTS_RECE_TDAYS":2.376015741592,"INVENTORY_TDAYS":1451.64857881137,"CURRENT_ASSETS_TDAYS":0.857623680439,"TOTAL_ASSETS_TDAYS":0.571757294904,"PREMIUM_EXPENSE":null,"LOAN_DEPOSIT":null,"LOAN_EQUITY":null,"LOAN_ASSETS":null,"DEPOSIT_EQUITY":null,"DEPOSIT_ASSETS":null,"EQUITY_MULTIPLIER":2.140540287082,"EQUITY_RATIO":1.536562158235}],"count":21},"success":true,"message":"ok","code":0}