{"version":"b5c7b4a07168085b8df32a54ce1b26ff","result":{"pages":3,"data":[{"SECUCODE":"01415.HK","SECURITY_CODE":"01415","SECURITY_NAME_ABBR":"高伟电子","ORG_CODE":"10432179","STD_REPORT_DATE":"2024-06-30 00:00:00","REPORT_DATE":"2024-06-30 00:00:00","DATE_TYPE_CODE":"002","REPORT_TYPE":"2024年中报","PER_NETCASH_OPERATE":-0.370407149803,"PER_OI":4.866345499058,"BPS":3.49915062863,"BASIC_EPS":0.1354092,"DILUTED_EPS":0.1282824,"OPERATE_INCOME":4175834431.2,"OPERATE_INCOME_YOY":59.7747631059,"GROSS_PROFIT":509808511.2,"GROSS_PROFIT_YOY":38.740918835241,"HOLDER_PROFIT":114306745.2,"HOLDER_PROFIT_YOY":-11.0624376178,"GROSS_PROFIT_RATIO":12.208542259026,"EPS_TTM":0.365890714398,"OPERATE_INCOME_QOQ":23.320760384601,"NET_PROFIT_RATIO":2.8346195988,"ROE_AVG":3.8503503101,"GROSS_PROFIT_QOQ":15.731070842706,"ROA":1.63954703156,"HOLDER_PROFIT_QOQ":-4.849848579992,"ROE_YEARLY":7.7007006202,"ROIC_YEARLY":4.799670824995,"TOTAL_ASSETS":7221016296,"TOTAL_LIABILITIES":4157240610,"TAX_EBT":4.033050210897,"OCF_SALES":-7.611608133339,"TOTAL_PARENT_EQUITY":3017943235.2,"DEBT_ASSET_RATIO":57.5714060125,"OPERATE_PROFIT":181562356.8,"PRETAX_PROFIT":123343527.6,"NETCASH_OPERATE":-317848153.2,"NETCASH_INVEST":759638485.2,"NETCASH_FINANCE":177043965.6,"END_CASH":1297483827.6,"DIVI_RATIO":null,"DIVIDEND_RATE":null,"CURRENT_RATIO":1.361519060777,"COMMON_ACS":10000000000,"CURRENTDEBT_DEBT":91.013928770411,"ISSUED_COMMON_SHARES":862478800,"HK_COMMON_SHARES":862478800,"PER_SHARES":1000,"TOTAL_MARKET_CAP":25356876720,"HKSK_MARKET_CAP":25356876720,"PE_TTM":72.858483747718,"PB_TTM":7.668372945863,"REPORT_DATE_SQ":"2023-06-30 00:00:00","REPORT_TYPE_SQ":"2023年中报","OPERATE_INCOME_SQ":2649881505,"DPS_HKD":null,"OPERATE_INCOME_QOQ_SQ":-0.839068119335,"NET_PROFIT_RATIO_SQ":4.7806939805,"HOLDER_PROFIT_SQ":130310077.2,"HOLDER_PROFIT_QOQ_SQ":-13.687711430316,"ROE_AVG_SQ":4.952239203534,"PE_TTM_SQ":25.549402279496,"PB_TTM_SQ":4.88819925914,"ROA_SQ":2.713856937874,"START_DATE":"2024-01-01 00:00:00","FISCAL_YEAR":"12-31","CURRENCY":"HKD","IS_CNY_CODE":0,"DPS_HKD_LY":null,"ORG_TYPE":"一般企业","PREMIUM_INCOME":null,"PREMIUM_INCOME_YOY":null,"NET_INTEREST_INCOME":null,"NET_INTEREST_INCOME_YOY":null,"FEE_COMMISSION_INCOME":null,"FEE_COMMISSION_INCOME_YOY":null,"ACCOUNTS_RECE_TDAYS":3.200941816603,"INVENTORY_TDAYS":2.999486868498,"CURRENT_ASSETS_TDAYS":0.796796137959,"TOTAL_ASSETS_TDAYS":0.598956512495,"PREMIUM_EXPENSE":null,"LOAN_DEPOSIT":null,"LOAN_EQUITY":null,"LOAN_ASSETS":null,"DEPOSIT_EQUITY":null,"DEPOSIT_ASSETS":null,"EQUITY_MULTIPLIER":2.356901103757,"EQUITY_RATIO":1.377507887329},{"SECUCODE":"01415.HK","SECURITY_CODE":"01415","SECURITY_NAME_ABBR":"高伟电子","ORG_CODE":"10432179","STD_REPORT_DATE":"2023-12-31 00:00:00","REPORT_DATE":"2023-12-31 00:00:00","DATE_TYPE_CODE":"001","REPORT_TYPE":"2023年年报","PER_NETCASH_OPERATE":0.941840587223,"PER_OI":7.670542501001,"BPS":3.364098304213,"BASIC_EPS":0.3895485,"DILUTED_EPS":0.3753831,"OPERATE_INCOME":6543324064.2,"OPERATE_INCOME_YOY":-17.233674667,"GROSS_PROFIT":904928248.2,"GROSS_PROFIT_YOY":-25.517462895139,"HOLDER_PROFIT":329975910.3,"HOLDER_PROFIT_YOY":-44.7375600498,"GROSS_PROFIT_RATIO":13.82979414318,"EPS_TTM":0.386820860381,"OPERATE_INCOME_QOQ":-15.11797287443,"NET_PROFIT_RATIO":5.0213996705,"ROE_AVG":12.106636314972,"GROSS_PROFIT_QOQ":-23.256497107457,"ROA":5.918130140684,"HOLDER_PROFIT_QOQ":-34.88814140517,"ROE_YEARLY":12.106636314972,"ROIC_YEARLY":8.792716552894,"TOTAL_ASSETS":6681082579.2,"TOTAL_LIABILITIES":3740586351,"TAX_EBT":7.423667930553,"OCF_SALES":12.278669821594,"TOTAL_PARENT_EQUITY":2901463468.5,"DEBT_ASSET_RATIO":55.9877281362,"OPERATE_PROFIT":422674287.9,"PRETAX_PROFIT":354914097,"NETCASH_OPERATE":803433157.2,"NETCASH_INVEST":-1705655814,"NETCASH_FINANCE":1275381789,"END_CASH":685081240.2,"DIVI_RATIO":null,"DIVIDEND_RATE":null,"CURRENT_RATIO":1.449895312318,"COMMON_ACS":10000000000,"CURRENTDEBT_DEBT":97.669134493401,"ISSUED_COMMON_SHARES":862478800,"HK_COMMON_SHARES":862478800,"PER_SHARES":1000,"TOTAL_MARKET_CAP":25615620360,"HKSK_MARKET_CAP":25615620360,"PE_TTM":73.601937663511,"PB_TTM":7.746621649392,"REPORT_DATE_SQ":"2022-12-31 00:00:00","REPORT_TYPE_SQ":"2022年年报","OPERATE_INCOME_SQ":7773956166,"DPS_HKD":null,"OPERATE_INCOME_QOQ_SQ":32.020711191876,"NET_PROFIT_RATIO_SQ":7.5089812849,"HOLDER_PROFIT_SQ":587150603,"HOLDER_PROFIT_QOQ_SQ":53.3614407123,"ROE_AVG_SQ":25.216179272513,"PE_TTM_SQ":27.557517331693,"PB_TTM_SQ":5.272398717234,"ROA_SQ":14.24966363999,"START_DATE":"2023-01-01 00:00:00","FISCAL_YEAR":"12-31","CURRENCY":"HKD","IS_CNY_CODE":0,"DPS_HKD_LY":null,"ORG_TYPE":"一般企业","PREMIUM_INCOME":null,"PREMIUM_INCOME_YOY":null,"NET_INTEREST_INCOME":null,"NET_INTEREST_INCOME_YOY":null,"FEE_COMMISSION_INCOME":null,"FEE_COMMISSION_INCOME_YOY":null,"ACCOUNTS_RECE_TDAYS":4.981255172823,"INVENTORY_TDAYS":5.848497983353,"CURRENT_ASSETS_TDAYS":1.503995858438,"TOTAL_ASSETS_TDAYS":1.173547588047,"PREMIUM_EXPENSE":null,"LOAN_DEPOSIT":null,"LOAN_EQUITY":null,"LOAN_ASSETS":null,"DEPOSIT_EQUITY":null,"DEPOSIT_ASSETS":null,"EQUITY_MULTIPLIER":2.272093572208,"EQUITY_RATIO":1.289206771552},{"SECUCODE":"01415.HK","SECURITY_CODE":"01415","SECURITY_NAME_ABBR":"高伟电子","ORG_CODE":"10432179","STD_REPORT_DATE":"2023-06-30 00:00:00","REPORT_DATE":"2023-06-30 00:00:00","DATE_TYPE_CODE":"002","REPORT_TYPE":"2023年中报","PER_NETCASH_OPERATE":0.838044209045,"PER_OI":3.11939103115,"BPS":3.085831747285,"BASIC_EPS":0.1517418,"DILUTED_EPS":0.1517418,"OPERATE_INCOME":2649881505,"OPERATE_INCOME_YOY":-9.3503430956,"GROSS_PROFIT":367453607.4,"GROSS_PROFIT_YOY":-8.876466025015,"HOLDER_PROFIT":130310077.2,"HOLDER_PROFIT_YOY":-42.5504125386,"GROSS_PROFIT_RATIO":13.866793919149,"EPS_TTM":0.596575629898,"OPERATE_INCOME_QOQ":-0.839068119335,"NET_PROFIT_RATIO":4.7806939805,"ROE_AVG":4.952239203534,"GROSS_PROFIT_QOQ":-2.946133161067,"ROA":2.713856937874,"HOLDER_PROFIT_QOQ":-13.687711430316,"ROE_YEARLY":9.904478407067,"ROIC_YEARLY":9.147326534805,"TOTAL_ASSETS":5042719626.6,"TOTAL_LIABILITIES":2345574163.8,"TAX_EBT":8.711273105962,"OCF_SALES":26.865635012612,"TOTAL_PARENT_EQUITY":2661464462.4,"DEBT_ASSET_RATIO":46.5140705311,"OPERATE_PROFIT":161792887.8,"PRETAX_PROFIT":138771489,"NETCASH_OPERATE":711907493.4,"NETCASH_INVEST":-623839443,"NETCASH_FINANCE":1395345334.8,"END_CASH":1776723058.8,"DIVI_RATIO":null,"DIVIDEND_RATE":null,"CURRENT_RATIO":1.709164323125,"COMMON_ACS":10000000000,"CURRENTDEBT_DEBT":95.521100640459,"ISSUED_COMMON_SHARES":862478800,"HK_COMMON_SHARES":862478800,"PER_SHARES":1000,"TOTAL_MARKET_CAP":25615620360,"HKSK_MARKET_CAP":25615620360,"PE_TTM":73.601937663511,"PB_TTM":7.746621649392,"REPORT_DATE_SQ":"2022-06-30 00:00:00","REPORT_TYPE_SQ":"2022年中报","OPERATE_INCOME_SQ":2715110292.8,"DPS_HKD":null,"OPERATE_INCOME_QOQ_SQ":15.549274488318,"NET_PROFIT_RATIO_SQ":7.7011113528,"HOLDER_PROFIT_SQ":210677557.4,"HOLDER_PROFIT_QOQ_SQ":20.568126731472,"ROE_AVG_SQ":10.000653096074,"PE_TTM_SQ":27.557517331693,"PB_TTM_SQ":5.272398717234,"ROA_SQ":5.410800054124,"START_DATE":"2023-01-01 00:00:00","FISCAL_YEAR":"12-31","CURRENCY":"HKD","IS_CNY_CODE":0,"DPS_HKD_LY":null,"ORG_TYPE":"一般企业","PREMIUM_INCOME":null,"PREMIUM_INCOME_YOY":null,"NET_INTEREST_INCOME":null,"NET_INTEREST_INCOME_YOY":null,"FEE_COMMISSION_INCOME":null,"FEE_COMMISSION_INCOME_YOY":null,"ACCOUNTS_RECE_TDAYS":2.58700659229,"INVENTORY_TDAYS":3.30480908563,"CURRENT_ASSETS_TDAYS":0.72575625791,"TOTAL_ASSETS_TDAYS":0.551868240846,"PREMIUM_EXPENSE":null,"LOAN_DEPOSIT":null,"LOAN_EQUITY":null,"LOAN_ASSETS":null,"DEPOSIT_EQUITY":null,"DEPOSIT_ASSETS":null,"EQUITY_MULTIPLIER":1.869650597699,"EQUITY_RATIO":0.881309593623},{"SECUCODE":"01415.HK","SECURITY_CODE":"01415","SECURITY_NAME_ABBR":"高伟电子","ORG_CODE":"10432179","STD_REPORT_DATE":"2022-12-31 00:00:00","REPORT_DATE":"2022-12-31 00:00:00","DATE_TYPE_CODE":"001","REPORT_TYPE":"2022年年报","PER_NETCASH_OPERATE":0.806047542568,"PER_OI":9.263699921638,"BPS":2.90694610627,"BASIC_EPS":0.7034246,"DILUTED_EPS":0.6755662,"OPERATE_INCOME":7773956166,"OPERATE_INCOME_YOY":39.6500148256,"GROSS_PROFIT":1214953576.2,"GROSS_PROFIT_YOY":58.143727606222,"HOLDER_PROFIT":587150603,"HOLDER_PROFIT_YOY":69.270153599,"GROSS_PROFIT_RATIO":15.628510764104,"EPS_TTM":0.69966782406,"OPERATE_INCOME_QOQ":32.020711191876,"NET_PROFIT_RATIO":7.5089812849,"ROE_AVG":25.216179272513,"GROSS_PROFIT_QOQ":38.220992216857,"ROA":14.24966363999,"HOLDER_PROFIT_QOQ":53.3614407123,"ROE_YEARLY":25.216179272513,"ROIC_YEARLY":20.18302499985,"TOTAL_ASSETS":4395735148.4,"TOTAL_LIABILITIES":1884321282.2,"TAX_EBT":16.880541065868,"OCF_SALES":8.7011404664,"TOTAL_PARENT_EQUITY":2507179389.4,"DEBT_ASSET_RATIO":42.8670340361,"OPERATE_PROFIT":737920263.8,"PRETAX_PROFIT":702296334.8,"NETCASH_OPERATE":676422845.8,"NETCASH_INVEST":-1222405698.2,"NETCASH_FINANCE":-387176043.2,"END_CASH":309980416.8,"DIVI_RATIO":null,"DIVIDEND_RATE":null,"CURRENT_RATIO":1.904908546856,"COMMON_ACS":10000000000,"CURRENTDEBT_DEBT":93.25761299837,"ISSUED_COMMON_SHARES":862478800,"HK_COMMON_SHARES":862478800,"PER_SHARES":1000,"TOTAL_MARKET_CAP":25615620360,"HKSK_MARKET_CAP":25615620360,"PE_TTM":73.601937663511,"PB_TTM":7.746621649392,"REPORT_DATE_SQ":"2021-12-31 00:00:00","REPORT_TYPE_SQ":"2021年年报","OPERATE_INCOME_SQ":5096039628.7,"DPS_HKD":null,"OPERATE_INCOME_QOQ_SQ":9.813820407161,"NET_PROFIT_RATIO_SQ":6.2311473543,"HOLDER_PROFIT_SQ":317541738.5,"HOLDER_PROFIT_QOQ_SQ":42.5460048686,"ROE_AVG_SQ":17.826304043982,"PE_TTM_SQ":27.557517331693,"PB_TTM_SQ":5.272398717234,"ROA_SQ":10.667817590065,"START_DATE":"2022-01-01 00:00:00","FISCAL_YEAR":"12-31","CURRENCY":"HKD","IS_CNY_CODE":0,"DPS_HKD_LY":null,"ORG_TYPE":"一般企业","PREMIUM_INCOME":null,"PREMIUM_INCOME_YOY":null,"NET_INTEREST_INCOME":null,"NET_INTEREST_INCOME_YOY":null,"FEE_COMMISSION_INCOME":null,"FEE_COMMISSION_INCOME_YOY":null,"ACCOUNTS_RECE_TDAYS":7.120048478663,"INVENTORY_TDAYS":6.798898330169,"CURRENT_ASSETS_TDAYS":2.380425325008,"TOTAL_ASSETS_TDAYS":1.8866754109,"PREMIUM_EXPENSE":null,"LOAN_DEPOSIT":null,"LOAN_EQUITY":null,"LOAN_ASSETS":null,"DEPOSIT_EQUITY":null,"DEPOSIT_ASSETS":null,"EQUITY_MULTIPLIER":1.750302969798,"EQUITY_RATIO":0.751570186867},{"SECUCODE":"01415.HK","SECURITY_CODE":"01415","SECURITY_NAME_ABBR":"高伟电子","ORG_CODE":"10432179","STD_REPORT_DATE":"2022-06-30 00:00:00","REPORT_DATE":"2022-06-30 00:00:00","DATE_TYPE_CODE":"002","REPORT_TYPE":"2022年中报","PER_NETCASH_OPERATE":0.67335722927,"PER_OI":3.250886255931,"BPS":2.48316231541,"BASIC_EPS":0.2550332,"DILUTED_EPS":0.2416104,"OPERATE_INCOME":2715110292.8,"OPERATE_INCOME_YOY":35.9249266705,"GROSS_PROFIT":403247757.6,"GROSS_PROFIT_YOY":37.856199701095,"HOLDER_PROFIT":210677557.4,"HOLDER_PROFIT_YOY":39.5031552751,"GROSS_PROFIT_RATIO":14.851984417331,"EPS_TTM":0.458403188469,"OPERATE_INCOME_QOQ":15.549274488318,"NET_PROFIT_RATIO":7.7011113528,"ROE_AVG":10.000653096074,"GROSS_PROFIT_QOQ":14.413682805943,"ROA":5.410800054124,"HOLDER_PROFIT_QOQ":20.568126731472,"ROE_YEARLY":20.001306192147,"ROIC_YEARLY":19.032634562624,"TOTAL_ASSETS":4081920459.8,"TOTAL_LIABILITIES":1934467090.4,"TAX_EBT":9.073663320103,"OCF_SALES":20.713035654255,"TOTAL_PARENT_EQUITY":2141674854,"DEBT_ASSET_RATIO":47.3911020426,"OPERATE_PROFIT":241563420.2,"PRETAX_PROFIT":229959409.6,"NETCASH_OPERATE":562381763,"NETCASH_INVEST":-335918992.8,"NETCASH_FINANCE":472643633.6,"END_CASH":1926218779.8,"DIVI_RATIO":null,"DIVIDEND_RATE":null,"CURRENT_RATIO":1.766128308323,"COMMON_ACS":10000000000,"CURRENTDEBT_DEBT":92.755936107912,"ISSUED_COMMON_SHARES":862478800,"HK_COMMON_SHARES":862478800,"PER_SHARES":1000,"TOTAL_MARKET_CAP":25615620360,"HKSK_MARKET_CAP":25615620360,"PE_TTM":73.601937663511,"PB_TTM":7.746621649392,"REPORT_DATE_SQ":"2021-06-30 00:00:00","REPORT_TYPE_SQ":"2021年中报","OPERATE_INCOME_SQ":1922713102.9,"DPS_HKD":null,"OPERATE_INCOME_QOQ_SQ":-5.196768942619,"NET_PROFIT_RATIO_SQ":7.5604191796,"HOLDER_PROFIT_SQ":145365170.2,"HOLDER_PROFIT_QOQ_SQ":-19.517539703868,"ROE_AVG_SQ":8.559213078837,"PE_TTM_SQ":27.557517331693,"PB_TTM_SQ":5.272398717234,"ROA_SQ":5.812667906592,"START_DATE":"2022-01-01 00:00:00","FISCAL_YEAR":"12-31","CURRENCY":"HKD","IS_CNY_CODE":0,"DPS_HKD_LY":null,"ORG_TYPE":"一般企业","PREMIUM_INCOME":null,"PREMIUM_INCOME_YOY":null,"NET_INTEREST_INCOME":null,"NET_INTEREST_INCOME_YOY":null,"FEE_COMMISSION_INCOME":null,"FEE_COMMISSION_INCOME_YOY":null,"ACCOUNTS_RECE_TDAYS":3.894885310612,"INVENTORY_TDAYS":3.104545946141,"CURRENT_ASSETS_TDAYS":0.87059218483,"TOTAL_ASSETS_TDAYS":0.697317697269,"PREMIUM_EXPENSE":null,"LOAN_DEPOSIT":null,"LOAN_EQUITY":null,"LOAN_ASSETS":null,"DEPOSIT_EQUITY":null,"DEPOSIT_ASSETS":null,"EQUITY_MULTIPLIER":1.900819136736,"EQUITY_RATIO":0.903249663126},{"SECUCODE":"01415.HK","SECURITY_CODE":"01415","SECURITY_NAME_ABBR":"高伟电子","ORG_CODE":"10432179","STD_REPORT_DATE":"2021-12-31 00:00:00","REPORT_DATE":"2021-12-31 00:00:00","DATE_TYPE_CODE":"001","REPORT_TYPE":"2021年年报","PER_NETCASH_OPERATE":0.493187699972,"PER_OI":6.107658422391,"BPS":2.281773121032,"BASIC_EPS":0.382542,"DILUTED_EPS":0.3761663,"OPERATE_INCOME":5096039628.7,"OPERATE_INCOME_YOY":6.5432956147,"GROSS_PROFIT":768259098.6,"GROSS_PROFIT_YOY":-0.598000432046,"HOLDER_PROFIT":317541738.5,"HOLDER_PROFIT_YOY":17.4092409241,"GROSS_PROFIT_RATIO":15.075610760036,"EPS_TTM":0.380577196199,"OPERATE_INCOME_QOQ":9.813820407161,"NET_PROFIT_RATIO":6.2311473543,"ROE_AVG":17.826304043982,"GROSS_PROFIT_QOQ":6.755194391147,"ROA":10.667817590065,"HOLDER_PROFIT_QOQ":42.5460048686,"ROE_YEARLY":17.826304043982,"ROIC_YEARLY":15.47787011082,"TOTAL_ASSETS":3520036721.4,"TOTAL_LIABILITIES":1552055778.1,"TAX_EBT":13.706771086007,"OCF_SALES":8.074906385784,"TOTAL_PARENT_EQUITY":1967980943.3,"DEBT_ASSET_RATIO":44.0920337184,"OPERATE_PROFIT":373673401.3,"PRETAX_PROFIT":367979901.2,"NETCASH_OPERATE":411500429.4,"NETCASH_INVEST":-208536395.6,"NETCASH_FINANCE":440446107.4,"END_CASH":1200180895.1,"DIVI_RATIO":null,"DIVIDEND_RATE":null,"CURRENT_RATIO":2.01448336638,"COMMON_ACS":10000000000,"CURRENTDEBT_DEBT":93.228937736461,"ISSUED_COMMON_SHARES":862478800,"HK_COMMON_SHARES":862478800,"PER_SHARES":1000,"TOTAL_MARKET_CAP":25615620360,"HKSK_MARKET_CAP":25615620360,"PE_TTM":73.601937663511,"PB_TTM":7.746621649392,"REPORT_DATE_SQ":"2020-12-31 00:00:00","REPORT_TYPE_SQ":"2020年年报","OPERATE_INCOME_SQ":4894999554.7,"DPS_HKD":null,"OPERATE_INCOME_QOQ_SQ":5.670101172265,"NET_PROFIT_RATIO_SQ":5.6544695236,"HOLDER_PROFIT_SQ":276786258,"HOLDER_PROFIT_QOQ_SQ":-30.463976889219,"ROE_AVG_SQ":14.47583947584,"PE_TTM_SQ":27.557517331693,"PB_TTM_SQ":5.272398717234,"ROA_SQ":10.070304589918,"START_DATE":"2021-01-01 00:00:00","FISCAL_YEAR":"12-31","CURRENCY":"HKD","IS_CNY_CODE":0,"DPS_HKD_LY":null,"ORG_TYPE":"一般企业","PREMIUM_INCOME":null,"PREMIUM_INCOME_YOY":null,"NET_INTEREST_INCOME":null,"NET_INTEREST_INCOME_YOY":null,"FEE_COMMISSION_INCOME":null,"FEE_COMMISSION_INCOME_YOY":null,"ACCOUNTS_RECE_TDAYS":7.126949946723,"INVENTORY_TDAYS":6.048042696699,"CURRENT_ASSETS_TDAYS":2.163262820582,"TOTAL_ASSETS_TDAYS":1.712014976284,"PREMIUM_EXPENSE":null,"LOAN_DEPOSIT":null,"LOAN_EQUITY":null,"LOAN_ASSETS":null,"DEPOSIT_EQUITY":null,"DEPOSIT_ASSETS":null,"EQUITY_MULTIPLIER":1.788653865467,"EQUITY_RATIO":0.788653865468},{"SECUCODE":"01415.HK","SECURITY_CODE":"01415","SECURITY_NAME_ABBR":"高伟电子","ORG_CODE":"10432179","STD_REPORT_DATE":"2021-06-30 00:00:00","REPORT_DATE":"2021-06-30 00:00:00","DATE_TYPE_CODE":"002","REPORT_TYPE":"2021年中报","PER_NETCASH_OPERATE":-0.150808404868,"PER_OI":2.304392377687,"BPS":2.064915924194,"BASIC_EPS":0.1744227,"DILUTED_EPS":0.1744227,"OPERATE_INCOME":1922713102.9,"OPERATE_INCOME_YOY":-3.2166908927,"GROSS_PROFIT":292513328,"GROSS_PROFIT_YOY":-15.397109277263,"HOLDER_PROFIT":145365170.2,"HOLDER_PROFIT_YOY":-20.1036784548,"GROSS_PROFIT_RATIO":15.213571258177,"EPS_TTM":0.266985522709,"OPERATE_INCOME_QOQ":-5.196768942619,"NET_PROFIT_RATIO":7.5604191796,"ROE_AVG":8.559213078837,"GROSS_PROFIT_QOQ":-6.887903548984,"ROA":5.812667906592,"HOLDER_PROFIT_QOQ":-19.517539703868,"ROE_YEARLY":17.118426157673,"ROIC_YEARLY":14.461207242814,"TOTAL_ASSETS":2536228799.9,"TOTAL_LIABILITIES":755282591.5,"TAX_EBT":9.873032402772,"OCF_SALES":-6.544389155627,"TOTAL_PARENT_EQUITY":1780946208.4,"DEBT_ASSET_RATIO":29.7797498211,"OPERATE_PROFIT":163886276.9,"PRETAX_PROFIT":161289316.7,"NETCASH_OPERATE":-125829827.8,"NETCASH_INVEST":-11111372,"NETCASH_FINANCE":-6989828.2,"END_CASH":403381564.2,"DIVI_RATIO":null,"DIVIDEND_RATE":null,"CURRENT_RATIO":2.827285570522,"COMMON_ACS":10000000000,"CURRENTDEBT_DEBT":88.39242184493,"ISSUED_COMMON_SHARES":862478800,"HK_COMMON_SHARES":862478800,"PER_SHARES":1000,"TOTAL_MARKET_CAP":25615620360,"HKSK_MARKET_CAP":25615620360,"PE_TTM":73.601937663511,"PB_TTM":7.746621649392,"REPORT_DATE_SQ":"2020-06-30 00:00:00","REPORT_TYPE_SQ":"2020年中报","OPERATE_INCOME_SQ":2177094919.5,"DPS_HKD":null,"OPERATE_INCOME_QOQ_SQ":22.374411343796,"NET_PROFIT_RATIO_SQ":9.1583989386,"HOLDER_PROFIT_SQ":199387038,"HOLDER_PROFIT_QOQ_SQ":94.869863106381,"ROE_AVG_SQ":8.736761777133,"PE_TTM_SQ":27.557517331693,"PB_TTM_SQ":5.272398717234,"ROA_SQ":6.567675813701,"START_DATE":"2021-01-01 00:00:00","FISCAL_YEAR":"12-31","CURRENCY":"HKD","IS_CNY_CODE":0,"DPS_HKD_LY":null,"ORG_TYPE":"一般企业","PREMIUM_INCOME":null,"PREMIUM_INCOME_YOY":null,"NET_INTEREST_INCOME":null,"NET_INTEREST_INCOME_YOY":null,"FEE_COMMISSION_INCOME":null,"FEE_COMMISSION_INCOME_YOY":null,"ACCOUNTS_RECE_TDAYS":3.131124086055,"INVENTORY_TDAYS":2.175403660313,"CURRENT_ASSETS_TDAYS":1.037099887798,"TOTAL_ASSETS_TDAYS":0.768828786939,"PREMIUM_EXPENSE":null,"LOAN_DEPOSIT":null,"LOAN_EQUITY":null,"LOAN_ASSETS":null,"DEPOSIT_EQUITY":null,"DEPOSIT_ASSETS":null,"EQUITY_MULTIPLIER":1.424090625499,"EQUITY_RATIO":0.424090625499},{"SECUCODE":"01415.HK","SECURITY_CODE":"01415","SECURITY_NAME_ABBR":"高伟电子","ORG_CODE":"10432179","STD_REPORT_DATE":"2020-12-31 00:00:00","REPORT_DATE":"2020-12-31 00:00:00","DATE_TYPE_CODE":"001","REPORT_TYPE":"2020年年报","PER_NETCASH_OPERATE":0.791151715833,"PER_OI":5.867764613672,"BPS":1.892169162651,"BASIC_EPS":0.3327699,"DILUTED_EPS":0.3327699,"OPERATE_INCOME":4894999554.7,"OPERATE_INCOME_YOY":38.2572141522,"GROSS_PROFIT":772880929.9,"GROSS_PROFIT_YOY":43.699808598474,"HOLDER_PROFIT":276786258,"HOLDER_PROFIT_YOY":44.8770491803,"GROSS_PROFIT_RATIO":15.789193058412,"EPS_TTM":0.331790961796,"OPERATE_INCOME_QOQ":5.670101172265,"NET_PROFIT_RATIO":5.6544695236,"ROE_AVG":14.47583947584,"GROSS_PROFIT_QOQ":3.721522640889,"ROA":10.070304589918,"HOLDER_PROFIT_QOQ":-30.463976889219,"ROE_YEARLY":14.47583947584,"ROIC_YEARLY":14.17397028211,"TOTAL_ASSETS":2490169360.9,"TOTAL_LIABILITIES":858213572.1,"TAX_EBT":19.459264462967,"OCF_SALES":13.483017263327,"TOTAL_PARENT_EQUITY":1631955788.8,"DEBT_ASSET_RATIO":34.4640643956,"OPERATE_PROFIT":348279587.3,"PRETAX_PROFIT":343659958.1,"NETCASH_OPERATE":659993635,"NETCASH_INVEST":77959505.2,"NETCASH_FINANCE":-971733782.3,"END_CASH":552026114.7,"DIVI_RATIO":null,"DIVIDEND_RATE":null,"CURRENT_RATIO":2.369141905867,"COMMON_ACS":10000000000,"CURRENTDEBT_DEBT":90.427206167461,"ISSUED_COMMON_SHARES":862478800,"HK_COMMON_SHARES":862478800,"PER_SHARES":1000,"TOTAL_MARKET_CAP":25615620360,"HKSK_MARKET_CAP":25615620360,"PE_TTM":73.601937663511,"PB_TTM":7.746621649392,"REPORT_DATE_SQ":"2019-12-31 00:00:00","REPORT_TYPE_SQ":"2019年年报","OPERATE_INCOME_SQ":3785383786.8,"DPS_HKD":null,"OPERATE_INCOME_QOQ_SQ":13.737502513511,"NET_PROFIT_RATIO_SQ":5.3961010958,"HOLDER_PROFIT_SQ":204263136,"HOLDER_PROFIT_QOQ_SQ":74.039902711978,"ROE_AVG_SQ":8.842154852465,"PE_TTM_SQ":27.557517331693,"PB_TTM_SQ":5.272398717234,"ROA_SQ":6.928635995778,"START_DATE":"2020-01-01 00:00:00","FISCAL_YEAR":"12-31","CURRENCY":"HKD","IS_CNY_CODE":0,"DPS_HKD_LY":1.156036,"ORG_TYPE":"一般企业","PREMIUM_INCOME":null,"PREMIUM_INCOME_YOY":null,"NET_INTEREST_INCOME":null,"NET_INTEREST_INCOME_YOY":null,"FEE_COMMISSION_INCOME":null,"FEE_COMMISSION_INCOME_YOY":null,"ACCOUNTS_RECE_TDAYS":6.776534243853,"INVENTORY_TDAYS":8.101877500769,"CURRENT_ASSETS_TDAYS":2.401567959588,"TOTAL_ASSETS_TDAYS":1.780945948673,"PREMIUM_EXPENSE":null,"LOAN_DEPOSIT":null,"LOAN_EQUITY":null,"LOAN_ASSETS":null,"DEPOSIT_EQUITY":null,"DEPOSIT_ASSETS":null,"EQUITY_MULTIPLIER":1.525880405578,"EQUITY_RATIO":0.525880405578},{"SECUCODE":"01415.HK","SECURITY_CODE":"01415","SECURITY_NAME_ABBR":"高伟电子","ORG_CODE":"10432179","STD_REPORT_DATE":"2020-06-30 00:00:00","REPORT_DATE":"2020-06-30 00:00:00","DATE_TYPE_CODE":"002","REPORT_TYPE":"2020年中报","PER_NETCASH_OPERATE":0.419779742202,"PER_OI":2.618214909272,"BPS":2.534367339812,"BASIC_EPS":0.240703,"DILUTED_EPS":0.240703,"OPERATE_INCOME":2177094919.5,"OPERATE_INCOME_YOY":58.9395450763,"GROSS_PROFIT":345748621,"GROSS_PROFIT_YOY":149.741300568573,"HOLDER_PROFIT":199387038,"HOLDER_PROFIT_YOY":3355.7055214724,"GROSS_PROFIT_RATIO":15.881191853565,"EPS_TTM":0.478699090748,"OPERATE_INCOME_QOQ":22.374411343796,"NET_PROFIT_RATIO":9.1583989386,"ROE_AVG":8.736761777133,"GROSS_PROFIT_QOQ":38.543867212594,"ROA":6.567675813701,"HOLDER_PROFIT_QOQ":94.869863106381,"ROE_YEARLY":17.473523554265,"ROIC_YEARLY":20.31829396742,"TOTAL_ASSETS":2809280110.5,"TOTAL_LIABILITIES":623442008.5,"TAX_EBT":18.42669292707,"OCF_SALES":16.033051401368,"TOTAL_PARENT_EQUITY":2185838102,"DEBT_ASSET_RATIO":22.1922337388,"OPERATE_PROFIT":246968357.5,"PRETAX_PROFIT":244426817,"NETCASH_OPERATE":349054747.5,"NETCASH_INVEST":98582037.5,"NETCASH_FINANCE":-341515080,"END_CASH":942571709.5,"DIVI_RATIO":null,"DIVIDEND_RATE":null,"CURRENT_RATIO":3.803724340564,"COMMON_ACS":10000000000,"CURRENTDEBT_DEBT":85.798803129578,"ISSUED_COMMON_SHARES":862478800,"HK_COMMON_SHARES":862478800,"PER_SHARES":1000,"TOTAL_MARKET_CAP":25615620360,"HKSK_MARKET_CAP":25615620360,"PE_TTM":73.601937663511,"PB_TTM":7.746621649392,"REPORT_DATE_SQ":"2019-06-30 00:00:00","REPORT_TYPE_SQ":"2019年中报","OPERATE_INCOME_SQ":1330137580.1,"DPS_HKD":null,"OPERATE_INCOME_QOQ_SQ":-9.5045769684,"NET_PROFIT_RATIO_SQ":0.4212256374,"HOLDER_PROFIT_SQ":5602880.5,"HOLDER_PROFIT_QOQ_SQ":22.973712274111,"ROE_AVG_SQ":0.25539262307,"PE_TTM_SQ":27.557517331693,"PB_TTM_SQ":5.272398717234,"ROA_SQ":0.20996171741,"START_DATE":"2020-01-01 00:00:00","FISCAL_YEAR":"12-31","CURRENCY":"HKD","IS_CNY_CODE":0,"DPS_HKD_LY":1.156036,"ORG_TYPE":"一般企业","PREMIUM_INCOME":null,"PREMIUM_INCOME_YOY":null,"NET_INTEREST_INCOME":null,"NET_INTEREST_INCOME_YOY":null,"FEE_COMMISSION_INCOME":null,"FEE_COMMISSION_INCOME_YOY":null,"ACCOUNTS_RECE_TDAYS":3.00231382044,"INVENTORY_TDAYS":4.355115956059,"CURRENT_ASSETS_TDAYS":0.975671739813,"TOTAL_ASSETS_TDAYS":0.717120520489,"PREMIUM_EXPENSE":null,"LOAN_DEPOSIT":null,"LOAN_EQUITY":null,"LOAN_ASSETS":null,"DEPOSIT_EQUITY":null,"DEPOSIT_ASSETS":null,"EQUITY_MULTIPLIER":1.285218748785,"EQUITY_RATIO":0.285218748785}],"count":25},"success":true,"message":"ok","code":0}