{"version":"ac98413d14cc138480d308b2eb283307","result":{"pages":2,"data":[{"SECUCODE":"01416.HK","SECURITY_CODE":"01416","SECURITY_NAME_ABBR":"CTR HOLDINGS","ORG_CODE":"10996517","STD_REPORT_DATE":"2024-06-30 00:00:00","REPORT_DATE":"2024-08-31 00:00:00","DATE_TYPE_CODE":"002","REPORT_TYPE":"2024年中报","PER_NETCASH_OPERATE":0.001563556286,"PER_OI":0.359532164571,"BPS":0.215618700857,"BASIC_EPS":0.0109176,"DILUTED_EPS":0.0109176,"OPERATE_INCOME":503345030.4,"OPERATE_INCOME_YOY":52.0279628042,"GROSS_PROFIT":47109444,"GROSS_PROFIT_YOY":15.803402704495,"HOLDER_PROFIT":17593712.4,"HOLDER_PROFIT_YOY":15.395631937,"GROSS_PROFIT_RATIO":9.359274683325,"EPS_TTM":0.010099623357,"OPERATE_INCOME_QOQ":0,"NET_PROFIT_RATIO":3.4953583203,"ROE_AVG":5.988201960147,"GROSS_PROFIT_QOQ":0,"ROA":2.941686518259,"HOLDER_PROFIT_QOQ":0,"ROE_YEARLY":11.976403920294,"ROIC_YEARLY":9.676789815802,"TOTAL_ASSETS":656649969.6,"TOTAL_LIABILITIES":354783788.4,"TAX_EBT":16.847265221878,"OCF_SALES":0.434886343918,"TOTAL_PARENT_EQUITY":301866181.2,"DEBT_ASSET_RATIO":54.0293618861,"OPERATE_PROFIT":21185602.8,"PRETAX_PROFIT":21158308.8,"NETCASH_OPERATE":2188978.8,"NETCASH_INVEST":1059007.2,"NETCASH_FINANCE":-442162.8,"END_CASH":147851598,"DIVI_RATIO":null,"DIVIDEND_RATE":null,"CURRENT_RATIO":1.468358130876,"COMMON_ACS":5000000000,"CURRENTDEBT_DEBT":100,"ISSUED_COMMON_SHARES":1400000000,"HK_COMMON_SHARES":1400000000,"PER_SHARES":10000,"TOTAL_MARKET_CAP":70000000,"HKSK_MARKET_CAP":70000000,"PE_TTM":3.793487265156,"PB_TTM":0.211535454931,"REPORT_DATE_SQ":"2023-06-30 00:00:00","REPORT_TYPE_SQ":"2023年中报","OPERATE_INCOME_SQ":326283499.2,"DPS_HKD":null,"OPERATE_INCOME_QOQ_SQ":0,"NET_PROFIT_RATIO_SQ":4.6049594407,"HOLDER_PROFIT_SQ":15025222.8,"HOLDER_PROFIT_QOQ_SQ":0,"ROE_AVG_SQ":5.467786456804,"PE_TTM_SQ":1.753419970924,"PB_TTM_SQ":0.249631096058,"ROA_SQ":3.478185067341,"START_DATE":"2024-03-01 00:00:00","FISCAL_YEAR":"2-28","CURRENCY":"HKD","IS_CNY_CODE":0,"DPS_HKD_LY":null,"ORG_TYPE":"一般企业","PREMIUM_INCOME":null,"PREMIUM_INCOME_YOY":null,"NET_INTEREST_INCOME":null,"NET_INTEREST_INCOME_YOY":null,"FEE_COMMISSION_INCOME":null,"FEE_COMMISSION_INCOME_YOY":null,"ACCOUNTS_RECE_TDAYS":6.77103833162,"INVENTORY_TDAYS":361.809523809524,"CURRENT_ASSETS_TDAYS":1.086212075698,"TOTAL_ASSETS_TDAYS":0.841597984721,"PREMIUM_EXPENSE":null,"LOAN_DEPOSIT":null,"LOAN_EQUITY":null,"LOAN_ASSETS":null,"DEPOSIT_EQUITY":null,"DEPOSIT_ASSETS":null,"EQUITY_MULTIPLIER":2.175301542524,"EQUITY_RATIO":1.175301542523},{"SECUCODE":"01416.HK","SECURITY_CODE":"01416","SECURITY_NAME_ABBR":"CTR HOLDINGS","ORG_CODE":"10996517","STD_REPORT_DATE":"2023-12-31 00:00:00","REPORT_DATE":"2024-02-29 00:00:00","DATE_TYPE_CODE":"001","REPORT_TYPE":"2023年年报","PER_NETCASH_OPERATE":0.057799641571,"PER_OI":0.568002666357,"BPS":0.197931443,"BASIC_EPS":0.01005803,"DILUTED_EPS":0.01005803,"OPERATE_INCOME":795203732.9,"OPERATE_INCOME_YOY":67.3633780848,"GROSS_PROFIT":81591798.1,"GROSS_PROFIT_YOY":-20.769204341371,"HOLDER_PROFIT":14139472.7,"HOLDER_PROFIT_YOY":-61.1490909091,"GROSS_PROFIT_RATIO":10.26048982472,"EPS_TTM":0.0282098145,"OPERATE_INCOME_QOQ":0,"NET_PROFIT_RATIO":1.7780943568,"ROE_AVG":5.23612554155,"GROSS_PROFIT_QOQ":0,"ROA":3.028928478278,"HOLDER_PROFIT_QOQ":0,"ROE_YEARLY":5.23612554155,"ROIC_YEARLY":5.139553007052,"TOTAL_ASSETS":523197545.8,"TOTAL_LIABILITIES":246093525.6,"TAX_EBT":21.602582917523,"OCF_SALES":10.17594546556,"TOTAL_PARENT_EQUITY":277104020.2,"DEBT_ASSET_RATIO":47.0364449481,"OPERATE_PROFIT":18077985.5,"PRETAX_PROFIT":18035635.9,"NETCASH_OPERATE":80919498.2,"NETCASH_INVEST":7760564.2,"NETCASH_FINANCE":-492314.1,"END_CASH":140627140.5,"DIVI_RATIO":null,"DIVIDEND_RATE":null,"CURRENT_RATIO":1.604774650319,"COMMON_ACS":5000000000,"CURRENTDEBT_DEBT":99.655825159181,"ISSUED_COMMON_SHARES":1400000000,"HK_COMMON_SHARES":1400000000,"PER_SHARES":10000,"TOTAL_MARKET_CAP":64400000,"HKSK_MARKET_CAP":64400000,"PE_TTM":3.490008283943,"PB_TTM":0.194612618537,"REPORT_DATE_SQ":"2022-12-31 00:00:00","REPORT_TYPE_SQ":"2022年年报","OPERATE_INCOME_SQ":463306334.5,"DPS_HKD":null,"OPERATE_INCOME_QOQ_SQ":0,"NET_PROFIT_RATIO_SQ":7.6597404044,"HOLDER_PROFIT_SQ":35488062.5,"HOLDER_PROFIT_QOQ_SQ":0,"ROE_AVG_SQ":14.848010366611,"PE_TTM_SQ":2.008462875786,"PB_TTM_SQ":0.285941073666,"ROA_SQ":9.66139447298,"START_DATE":"2023-03-01 00:00:00","FISCAL_YEAR":"2-29","CURRENCY":"HKD","IS_CNY_CODE":0,"DPS_HKD_LY":null,"ORG_TYPE":"一般企业","PREMIUM_INCOME":null,"PREMIUM_INCOME_YOY":null,"NET_INTEREST_INCOME":null,"NET_INTEREST_INCOME_YOY":null,"FEE_COMMISSION_INCOME":null,"FEE_COMMISSION_INCOME_YOY":null,"ACCOUNTS_RECE_TDAYS":14.987229372443,"INVENTORY_TDAYS":2669.38613861386,"CURRENT_ASSETS_TDAYS":2.284373883224,"TOTAL_ASSETS_TDAYS":1.703468922581,"PREMIUM_EXPENSE":null,"LOAN_DEPOSIT":null,"LOAN_EQUITY":null,"LOAN_ASSETS":null,"DEPOSIT_EQUITY":null,"DEPOSIT_ASSETS":null,"EQUITY_MULTIPLIER":1.888090780576,"EQUITY_RATIO":0.888090780575},{"SECUCODE":"01416.HK","SECURITY_CODE":"01416","SECURITY_NAME_ABBR":"CTR HOLDINGS","ORG_CODE":"10996517","STD_REPORT_DATE":"2023-06-30 00:00:00","REPORT_DATE":"2023-08-31 00:00:00","DATE_TYPE_CODE":"002","REPORT_TYPE":"2023年中报","PER_NETCASH_OPERATE":-0.007927224857,"PER_OI":0.233059642286,"BPS":0.201681204,"BASIC_EPS":0.0107592,"DILUTED_EPS":0.0107592,"OPERATE_INCOME":326283499.2,"OPERATE_INCOME_YOY":53.2196539093,"GROSS_PROFIT":40680535.2,"GROSS_PROFIT_YOY":22.963800287108,"HOLDER_PROFIT":15025222.8,"HOLDER_PROFIT_YOY":25.2466367713,"GROSS_PROFIT_RATIO":12.467849370177,"EPS_TTM":0.025348616071,"OPERATE_INCOME_QOQ":0,"NET_PROFIT_RATIO":4.6049594407,"ROE_AVG":5.467786456804,"GROSS_PROFIT_QOQ":0,"ROA":3.478185067341,"HOLDER_PROFIT_QOQ":0,"ROE_YEARLY":10.935572913608,"ROIC_YEARLY":10.709150514752,"TOTAL_ASSETS":446877992.4,"TOTAL_LIABILITIES":164524306.8,"TAX_EBT":18.973020017406,"OCF_SALES":-3.401371760206,"TOTAL_PARENT_EQUITY":282353685.6,"DEBT_ASSET_RATIO":36.8163815623,"OPERATE_PROFIT":18554240.4,"PRETAX_PROFIT":18543481.2,"NETCASH_OPERATE":-11098114.8,"NETCASH_INVEST":-5906800.8,"NETCASH_FINANCE":-182906.4,"END_CASH":36102495.6,"DIVI_RATIO":null,"DIVIDEND_RATE":null,"CURRENT_RATIO":1.927133615736,"COMMON_ACS":5000000000,"CURRENTDEBT_DEBT":99.574927247164,"ISSUED_COMMON_SHARES":1400000000,"HK_COMMON_SHARES":1400000000,"PER_SHARES":10000,"TOTAL_MARKET_CAP":64400000,"HKSK_MARKET_CAP":64400000,"PE_TTM":3.490008283943,"PB_TTM":0.194612618537,"REPORT_DATE_SQ":"2022-06-30 00:00:00","REPORT_TYPE_SQ":"2022年中报","OPERATE_INCOME_SQ":195609277.5,"DPS_HKD":null,"OPERATE_INCOME_QOQ_SQ":0,"NET_PROFIT_RATIO_SQ":5.6334470128,"HOLDER_PROFIT_SQ":11019545,"HOLDER_PROFIT_QOQ_SQ":0,"ROE_AVG_SQ":5.049189978603,"PE_TTM_SQ":2.008462875786,"PB_TTM_SQ":0.285941073666,"ROA_SQ":3.298353042102,"START_DATE":"2023-03-01 00:00:00","FISCAL_YEAR":"2-29","CURRENCY":"HKD","IS_CNY_CODE":0,"DPS_HKD_LY":null,"ORG_TYPE":"一般企业","PREMIUM_INCOME":null,"PREMIUM_INCOME_YOY":null,"NET_INTEREST_INCOME":null,"NET_INTEREST_INCOME_YOY":null,"FEE_COMMISSION_INCOME":null,"FEE_COMMISSION_INCOME_YOY":null,"ACCOUNTS_RECE_TDAYS":6.016466620375,"INVENTORY_TDAYS":931.40350877193,"CURRENT_ASSETS_TDAYS":1.047005817466,"TOTAL_ASSETS_TDAYS":0.755312856084,"PREMIUM_EXPENSE":null,"LOAN_DEPOSIT":null,"LOAN_EQUITY":null,"LOAN_ASSETS":null,"DEPOSIT_EQUITY":null,"DEPOSIT_ASSETS":null,"EQUITY_MULTIPLIER":1.582688716991,"EQUITY_RATIO":0.582688716991},{"SECUCODE":"01416.HK","SECURITY_CODE":"01416","SECURITY_NAME_ABBR":"CTR HOLDINGS","ORG_CODE":"10996517","STD_REPORT_DATE":"2022-12-31 00:00:00","REPORT_DATE":"2023-02-28 00:00:00","DATE_TYPE_CODE":"001","REPORT_TYPE":"2022年年报","PER_NETCASH_OPERATE":0.020216212643,"PER_OI":0.330933096071,"BPS":0.183158960286,"BASIC_EPS":0.02529331,"DILUTED_EPS":0.02529331,"OPERATE_INCOME":463306334.5,"OPERATE_INCOME_YOY":-15.0674691043,"GROSS_PROFIT":102979905,"GROSS_PROFIT_YOY":158.218137046045,"HOLDER_PROFIT":35488062.5,"HOLDER_PROFIT_YOY":2346.7320261438,"GROSS_PROFIT_RATIO":22.227173973595,"EPS_TTM":-0.000837799143,"OPERATE_INCOME_QOQ":0,"NET_PROFIT_RATIO":7.6597404044,"ROE_AVG":14.848010366611,"GROSS_PROFIT_QOQ":0,"ROA":9.66139447298,"HOLDER_PROFIT_QOQ":0,"ROE_YEARLY":14.848010366611,"ROIC_YEARLY":15.737127030089,"TOTAL_ASSETS":400212430.8,"TOTAL_LIABILITIES":143789886.4,"TAX_EBT":19.553007254856,"OCF_SALES":6.108851874547,"TOTAL_PARENT_EQUITY":256422544.4,"DEBT_ASSET_RATIO":35.928390858,"OPERATE_PROFIT":44149730.7,"PRETAX_PROFIT":44113597.4,"NETCASH_OPERATE":28302697.7,"NETCASH_INVEST":-24291901.4,"NETCASH_FINANCE":-521351.9,"END_CASH":51133781.4,"DIVI_RATIO":null,"DIVIDEND_RATE":null,"CURRENT_RATIO":2.063190184049,"COMMON_ACS":5000000000,"CURRENTDEBT_DEBT":99.475875933372,"ISSUED_COMMON_SHARES":1400000000,"HK_COMMON_SHARES":1400000000,"PER_SHARES":10000,"TOTAL_MARKET_CAP":64400000,"HKSK_MARKET_CAP":64400000,"PE_TTM":3.490008283943,"PB_TTM":0.194612618537,"REPORT_DATE_SQ":"2021-12-31 00:00:00","REPORT_TYPE_SQ":"2021年年报","OPERATE_INCOME_SQ":491434403.4,"DPS_HKD":null,"OPERATE_INCOME_QOQ_SQ":0,"NET_PROFIT_RATIO_SQ":-0.2895588486,"HOLDER_PROFIT_SQ":-1422991.8,"HOLDER_PROFIT_QOQ_SQ":0,"ROE_AVG_SQ":-0.711173086979,"PE_TTM_SQ":2.008462875786,"PB_TTM_SQ":0.285941073666,"ROA_SQ":-0.512652979167,"START_DATE":"2022-03-01 00:00:00","FISCAL_YEAR":"2-28","CURRENCY":"HKD","IS_CNY_CODE":0,"DPS_HKD_LY":null,"ORG_TYPE":"一般企业","PREMIUM_INCOME":null,"PREMIUM_INCOME_YOY":null,"NET_INTEREST_INCOME":null,"NET_INTEREST_INCOME_YOY":null,"FEE_COMMISSION_INCOME":null,"FEE_COMMISSION_INCOME_YOY":null,"ACCOUNTS_RECE_TDAYS":9.387125451028,"INVENTORY_TDAYS":1153.80165289256,"CURRENT_ASSETS_TDAYS":1.765979006188,"TOTAL_ASSETS_TDAYS":1.261321397705,"PREMIUM_EXPENSE":null,"LOAN_DEPOSIT":null,"LOAN_EQUITY":null,"LOAN_ASSETS":null,"DEPOSIT_EQUITY":null,"DEPOSIT_ASSETS":null,"EQUITY_MULTIPLIER":1.560753683872,"EQUITY_RATIO":0.560753683871},{"SECUCODE":"01416.HK","SECURITY_CODE":"01416","SECURITY_NAME_ABBR":"CTR HOLDINGS","ORG_CODE":"10996517","STD_REPORT_DATE":"2022-06-30 00:00:00","REPORT_DATE":"2022-08-31 00:00:00","DATE_TYPE_CODE":"002","REPORT_TYPE":"2022年中报","PER_NETCASH_OPERATE":0.029670177857,"PER_OI":0.1397209125,"BPS":0.160252845,"BASIC_EPS":0.009883,"DILUTED_EPS":0.009883,"OPERATE_INCOME":195609277.5,"OPERATE_INCOME_YOY":-9.9686135371,"GROSS_PROFIT":33083342.5,"GROSS_PROFIT_YOY":17.446340698811,"HOLDER_PROFIT":11019545,"HOLDER_PROFIT_YOY":-0.4464285714,"GROSS_PROFIT_RATIO":16.912972085386,"EPS_TTM":-0.001016422714,"OPERATE_INCOME_QOQ":0,"NET_PROFIT_RATIO":5.6334470128,"ROE_AVG":5.049189978603,"GROSS_PROFIT_QOQ":0,"ROA":3.298353042102,"HOLDER_PROFIT_QOQ":0,"ROE_YEARLY":10.098379957206,"ROIC_YEARLY":11.598273261559,"TOTAL_ASSETS":348039728,"TOTAL_LIABILITIES":123685745,"TAX_EBT":16.697796040344,"OCF_SALES":21.23531640773,"TOTAL_PARENT_EQUITY":224353983,"DEBT_ASSET_RATIO":35.5378237165,"OPERATE_PROFIT":13253103,"PRETAX_PROFIT":13228395.5,"NETCASH_OPERATE":41538249,"NETCASH_INVEST":-3488699,"NETCASH_FINANCE":-247075,"END_CASH":84173511,"DIVI_RATIO":null,"DIVIDEND_RATE":null,"CURRENT_RATIO":1.915512799871,"COMMON_ACS":5000000000,"CURRENTDEBT_DEBT":99.256891729924,"ISSUED_COMMON_SHARES":1400000000,"HK_COMMON_SHARES":1400000000,"PER_SHARES":10000,"TOTAL_MARKET_CAP":64400000,"HKSK_MARKET_CAP":64400000,"PE_TTM":3.490008283943,"PB_TTM":0.194612618537,"REPORT_DATE_SQ":"2021-06-30 00:00:00","REPORT_TYPE_SQ":"2021年中报","OPERATE_INCOME_SQ":211389350.4,"DPS_HKD":null,"OPERATE_INCOME_QOQ_SQ":0,"NET_PROFIT_RATIO_SQ":5.0946142649,"HOLDER_PROFIT_SQ":10769472,"HOLDER_PROFIT_QOQ_SQ":0,"ROE_AVG_SQ":5.074417234896,"PE_TTM_SQ":2.008462875786,"PB_TTM_SQ":0.285941073666,"ROA_SQ":3.95372029194,"START_DATE":"2022-03-01 00:00:00","FISCAL_YEAR":"2-28","CURRENCY":"HKD","IS_CNY_CODE":0,"DPS_HKD_LY":null,"ORG_TYPE":"一般企业","PREMIUM_INCOME":null,"PREMIUM_INCOME_YOY":null,"NET_INTEREST_INCOME":null,"NET_INTEREST_INCOME_YOY":null,"FEE_COMMISSION_INCOME":null,"FEE_COMMISSION_INCOME_YOY":null,"ACCOUNTS_RECE_TDAYS":4.055840163934,"INVENTORY_TDAYS":620.566037735849,"CURRENT_ASSETS_TDAYS":0.859917234188,"TOTAL_ASSETS_TDAYS":0.585494642025,"PREMIUM_EXPENSE":null,"LOAN_DEPOSIT":null,"LOAN_EQUITY":null,"LOAN_ASSETS":null,"DEPOSIT_EQUITY":null,"DEPOSIT_ASSETS":null,"EQUITY_MULTIPLIER":1.551297299679,"EQUITY_RATIO":0.551297299678},{"SECUCODE":"01416.HK","SECURITY_CODE":"01416","SECURITY_NAME_ABBR":"CTR HOLDINGS","ORG_CODE":"10996517","STD_REPORT_DATE":"2021-12-31 00:00:00","REPORT_DATE":"2022-02-28 00:00:00","DATE_TYPE_CODE":"001","REPORT_TYPE":"2021年年报","PER_NETCASH_OPERATE":-0.003006086786,"PER_OI":0.351024573857,"BPS":0.142594806214,"BASIC_EPS":-0.00093006,"DILUTED_EPS":-0.00093006,"OPERATE_INCOME":491434403.4,"OPERATE_INCOME_YOY":195.1404792493,"GROSS_PROFIT":39880972.8,"GROSS_PROFIT_YOY":46.334314124812,"HOLDER_PROFIT":-1422991.8,"HOLDER_PROFIT_YOY":91.0105757932,"GROSS_PROFIT_RATIO":8.115217926153,"EPS_TTM":0.011616106429,"OPERATE_INCOME_QOQ":0,"NET_PROFIT_RATIO":-0.2895588486,"ROE_AVG":-0.711173086979,"GROSS_PROFIT_QOQ":0,"ROA":-0.512652979167,"HOLDER_PROFIT_QOQ":0,"ROE_YEARLY":-0.711173086979,"ROIC_YEARLY":-0.896440603486,"TOTAL_ASSETS":301278986.1,"TOTAL_LIABILITIES":101646257.4,"TAX_EBT":352.892561983471,"OCF_SALES":-0.856375026022,"TOTAL_PARENT_EQUITY":199632728.7,"DEBT_ASSET_RATIO":33.7382499576,"OPERATE_PROFIT":590588.1,"PRETAX_PROFIT":562686.3,"NETCASH_OPERATE":-4208521.5,"NETCASH_INVEST":15053021.1,"NETCASH_FINANCE":-241815.6,"END_CASH":42508392.3,"DIVI_RATIO":null,"DIVIDEND_RATE":null,"CURRENT_RATIO":2.0554554277,"COMMON_ACS":5000000000,"CURRENTDEBT_DEBT":98.998078506725,"ISSUED_COMMON_SHARES":1400000000,"HK_COMMON_SHARES":1400000000,"PER_SHARES":10000,"TOTAL_MARKET_CAP":64400000,"HKSK_MARKET_CAP":64400000,"PE_TTM":3.490008283943,"PB_TTM":0.194612618537,"REPORT_DATE_SQ":"2020-12-31 00:00:00","REPORT_TYPE_SQ":"2020年年报","OPERATE_INCOME_SQ":174536347,"DPS_HKD":null,"OPERATE_INCOME_QOQ_SQ":0,"NET_PROFIT_RATIO_SQ":-9.5067865721,"HOLDER_PROFIT_SQ":-16592798,"HOLDER_PROFIT_QOQ_SQ":0,"ROE_AVG_SQ":-7.540398950015,"PE_TTM_SQ":2.008462875786,"PB_TTM_SQ":0.285941073666,"ROA_SQ":-5.988371581623,"START_DATE":"2021-03-01 00:00:00","FISCAL_YEAR":"2-28","CURRENCY":"HKD","IS_CNY_CODE":0,"DPS_HKD_LY":null,"ORG_TYPE":"一般企业","PREMIUM_INCOME":null,"PREMIUM_INCOME_YOY":null,"NET_INTEREST_INCOME":null,"NET_INTEREST_INCOME_YOY":null,"FEE_COMMISSION_INCOME":null,"FEE_COMMISSION_INCOME_YOY":null,"ACCOUNTS_RECE_TDAYS":13.421985140027,"INVENTORY_TDAYS":1427.97058823529,"CURRENT_ASSETS_TDAYS":2.469833479404,"TOTAL_ASSETS_TDAYS":1.770462141583,"PREMIUM_EXPENSE":null,"LOAN_DEPOSIT":null,"LOAN_EQUITY":null,"LOAN_ASSETS":null,"DEPOSIT_EQUITY":null,"DEPOSIT_ASSETS":null,"EQUITY_MULTIPLIER":1.509166297842,"EQUITY_RATIO":0.509166297841},{"SECUCODE":"01416.HK","SECURITY_CODE":"01416","SECURITY_NAME_ABBR":"CTR HOLDINGS","ORG_CODE":"10996517","STD_REPORT_DATE":"2021-06-30 00:00:00","REPORT_DATE":"2021-08-31 00:00:00","DATE_TYPE_CODE":"002","REPORT_TYPE":"2021年中报","PER_NETCASH_OPERATE":0.002798826429,"PER_OI":0.150992393143,"BPS":0.155085891429,"BASIC_EPS":0.0096156,"DILUTED_EPS":0.0096156,"OPERATE_INCOME":211389350.4,"OPERATE_INCOME_YOY":597.9047619048,"GROSS_PROFIT":28168900.2,"GROSS_PROFIT_YOY":6963.27714753824,"HOLDER_PROFIT":10769472,"HOLDER_PROFIT_YOY":151.2,"GROSS_PROFIT_RATIO":13.325600436681,"EPS_TTM":-0.011851998571,"OPERATE_INCOME_QOQ":0,"NET_PROFIT_RATIO":5.0946142649,"ROE_AVG":5.074417234896,"GROSS_PROFIT_QOQ":0,"ROA":3.95372029194,"HOLDER_PROFIT_QOQ":0,"ROE_YEARLY":10.148834469791,"ROIC_YEARLY":14.606631671612,"TOTAL_ASSETS":282309208.2,"TOTAL_LIABILITIES":65188960.2,"TAX_EBT":17.373662855035,"OCF_SALES":1.853620815138,"TOTAL_PARENT_EQUITY":217120248,"DEBT_ASSET_RATIO":23.0913332993,"OPERATE_PROFIT":13033945.8,"PRETAX_PROFIT":13033945.8,"NETCASH_OPERATE":3918357,"NETCASH_INVEST":-2115432,"NETCASH_FINANCE":null,"END_CASH":125334538.2,"DIVI_RATIO":null,"DIVIDEND_RATE":null,"CURRENT_RATIO":3.200620934358,"COMMON_ACS":5000000000,"CURRENTDEBT_DEBT":99.771369570027,"ISSUED_COMMON_SHARES":1400000000,"HK_COMMON_SHARES":1400000000,"PER_SHARES":10000,"TOTAL_MARKET_CAP":64400000,"HKSK_MARKET_CAP":64400000,"PE_TTM":3.490008283943,"PB_TTM":0.194612618537,"REPORT_DATE_SQ":"2020-06-30 00:00:00","REPORT_TYPE_SQ":"2020年中报","OPERATE_INCOME_SQ":31803660,"DPS_HKD":null,"OPERATE_INCOME_QOQ_SQ":0,"NET_PROFIT_RATIO_SQ":-69.4444444444,"HOLDER_PROFIT_SQ":-22085875,"HOLDER_PROFIT_QOQ_SQ":0,"ROE_AVG_SQ":-9.762356353899,"PE_TTM_SQ":2.008462875786,"PB_TTM_SQ":0.285941073666,"ROA_SQ":-8.030101408709,"START_DATE":"2021-03-01 00:00:00","FISCAL_YEAR":"2-28","CURRENCY":"HKD","IS_CNY_CODE":0,"DPS_HKD_LY":null,"ORG_TYPE":"一般企业","PREMIUM_INCOME":null,"PREMIUM_INCOME_YOY":null,"NET_INTEREST_INCOME":null,"NET_INTEREST_INCOME_YOY":null,"FEE_COMMISSION_INCOME":null,"FEE_COMMISSION_INCOME_YOY":null,"ACCOUNTS_RECE_TDAYS":7.719778772715,"INVENTORY_TDAYS":577.409090909091,"CURRENT_ASSETS_TDAYS":1.041957461935,"TOTAL_ASSETS_TDAYS":0.776058811589,"PREMIUM_EXPENSE":null,"LOAN_DEPOSIT":null,"LOAN_EQUITY":null,"LOAN_ASSETS":null,"DEPOSIT_EQUITY":null,"DEPOSIT_ASSETS":null,"EQUITY_MULTIPLIER":1.300243578388,"EQUITY_RATIO":0.300243578388},{"SECUCODE":"01416.HK","SECURITY_CODE":"01416","SECURITY_NAME_ABBR":"CTR HOLDINGS","ORG_CODE":"10996517","STD_REPORT_DATE":"2020-12-31 00:00:00","REPORT_DATE":"2021-02-28 00:00:00","DATE_TYPE_CODE":"001","REPORT_TYPE":"2020年年报","PER_NETCASH_OPERATE":-0.006448267143,"PER_OI":0.124668819286,"BPS":0.150155490714,"BASIC_EPS":-0.0116988,"DILUTED_EPS":-0.0116988,"OPERATE_INCOME":174536347,"OPERATE_INCOME_YOY":-45.4168508666,"GROSS_PROFIT":27253329.5,"GROSS_PROFIT_YOY":-72.21409403928,"HOLDER_PROFIT":-16592798,"HOLDER_PROFIT_YOY":-146.0934326337,"GROSS_PROFIT_RATIO":15.614701446685,"EPS_TTM":-0.000317057786,"OPERATE_INCOME_QOQ":0,"NET_PROFIT_RATIO":-9.5067865721,"ROE_AVG":-7.540398950015,"GROSS_PROFIT_QOQ":0,"ROA":-5.988371581623,"HOLDER_PROFIT_QOQ":0,"ROE_YEARLY":-7.540398950015,"ROIC_YEARLY":-11.799164630236,"TOTAL_ASSETS":266108704,"TOTAL_LIABILITIES":55891017,"TAX_EBT":-3.52798053528,"OCF_SALES":-5.172317488689,"TOTAL_PARENT_EQUITY":210217687,"DEBT_ASSET_RATIO":21.003077374,"OPERATE_PROFIT":-15062205,"PRETAX_PROFIT":-16027356,"NETCASH_OPERATE":-9027574,"NETCASH_INVEST":-103549003.5,"NETCASH_FINANCE":68243,"END_CASH":33419572,"DIVI_RATIO":null,"DIVIDEND_RATE":null,"CURRENT_RATIO":3.593965894185,"COMMON_ACS":5000000000,"CURRENTDEBT_DEBT":99.729635443921,"ISSUED_COMMON_SHARES":1400000000,"HK_COMMON_SHARES":1400000000,"PER_SHARES":10000,"TOTAL_MARKET_CAP":64400000,"HKSK_MARKET_CAP":64400000,"PE_TTM":3.490008283943,"PB_TTM":0.194612618537,"REPORT_DATE_SQ":"2019-12-31 00:00:00","REPORT_TYPE_SQ":"2019年年报","OPERATE_INCOME_SQ":329484097.3,"DPS_HKD":null,"OPERATE_INCOME_QOQ_SQ":0,"NET_PROFIT_RATIO_SQ":11.2577935639,"HOLDER_PROFIT_SQ":37092639.5,"HOLDER_PROFIT_QOQ_SQ":0,"ROE_AVG_SQ":21.496456068346,"PE_TTM_SQ":2.008462875786,"PB_TTM_SQ":0.285941073666,"ROA_SQ":15.995581450757,"START_DATE":"2020-03-01 00:00:00","FISCAL_YEAR":"2-28","CURRENCY":"HKD","IS_CNY_CODE":0,"DPS_HKD_LY":null,"ORG_TYPE":"一般企业","PREMIUM_INCOME":null,"PREMIUM_INCOME_YOY":null,"NET_INTEREST_INCOME":null,"NET_INTEREST_INCOME_YOY":null,"FEE_COMMISSION_INCOME":null,"FEE_COMMISSION_INCOME_YOY":null,"ACCOUNTS_RECE_TDAYS":6.515512692203,"INVENTORY_TDAYS":359.702380952381,"CURRENT_ASSETS_TDAYS":0.837283260648,"TOTAL_ASSETS_TDAYS":0.62990491437,"PREMIUM_EXPENSE":null,"LOAN_DEPOSIT":null,"LOAN_EQUITY":null,"LOAN_ASSETS":null,"DEPOSIT_EQUITY":null,"DEPOSIT_ASSETS":null,"EQUITY_MULTIPLIER":1.26587209572,"EQUITY_RATIO":0.26587209572},{"SECUCODE":"01416.HK","SECURITY_CODE":"01416","SECURITY_NAME_ABBR":"CTR HOLDINGS","ORG_CODE":"10996517","STD_REPORT_DATE":"2020-06-30 00:00:00","REPORT_DATE":"2020-08-31 00:00:00","DATE_TYPE_CODE":"002","REPORT_TYPE":"2020年中报","PER_NETCASH_OPERATE":-0.007438883286,"PER_OI":0.0227169,"BPS":0.153137147,"BASIC_EPS":-0.0151446,"DILUTED_EPS":-0.0151446,"OPERATE_INCOME":31803660,"OPERATE_INCOME_YOY":-76.7209843698,"GROSS_PROFIT":398807.8,"GROSS_PROFIT_YOY":-98.978589801558,"HOLDER_PROFIT":-22085875,"HOLDER_PROFIT_YOY":-245.3005645965,"GROSS_PROFIT_RATIO":1.253968253968,"EPS_TTM":0.0264947425,"OPERATE_INCOME_QOQ":0,"NET_PROFIT_RATIO":-69.4444444444,"ROE_AVG":-9.762356353899,"GROSS_PROFIT_QOQ":0,"ROA":-8.030101408709,"HOLDER_PROFIT_QOQ":0,"ROE_YEARLY":-19.524712707799,"ROIC_YEARLY":-34.147007746493,"TOTAL_ASSETS":251753734,"TOTAL_LIABILITIES":37361728.2,"TAX_EBT":-0.275040110016,"OCF_SALES":-32.746031746032,"TOTAL_PARENT_EQUITY":214392005.8,"DEBT_ASSET_RATIO":14.8405855224,"OPERATE_PROFIT":-22025296.6,"PRETAX_PROFIT":-22025296.6,"NETCASH_OPERATE":-10414436.6,"NETCASH_INVEST":-408904.2,"NETCASH_FINANCE":-10096.4,"END_CASH":139471669.6,"DIVI_RATIO":null,"DIVIDEND_RATE":null,"CURRENT_RATIO":4.819346049046,"COMMON_ACS":5000000000,"CURRENTDEBT_DEBT":99.175787055803,"ISSUED_COMMON_SHARES":1400000000,"HK_COMMON_SHARES":1400000000,"PER_SHARES":10000,"TOTAL_MARKET_CAP":64400000,"HKSK_MARKET_CAP":64400000,"PE_TTM":3.490008283943,"PB_TTM":0.194612618537,"REPORT_DATE_SQ":"2019-06-30 00:00:00","REPORT_TYPE_SQ":"2019年中报","OPERATE_INCOME_SQ":138871078.2,"DPS_HKD":null,"OPERATE_INCOME_QOQ_SQ":0,"NET_PROFIT_RATIO_SQ":11.1258914385,"HOLDER_PROFIT_SQ":15450645.4,"HOLDER_PROFIT_QOQ_SQ":0,"ROE_AVG_SQ":null,"PE_TTM_SQ":2.008462875786,"PB_TTM_SQ":0.285941073666,"ROA_SQ":null,"START_DATE":"2020-03-01 00:00:00","FISCAL_YEAR":"2-28","CURRENCY":"HKD","IS_CNY_CODE":0,"DPS_HKD_LY":null,"ORG_TYPE":"一般企业","PREMIUM_INCOME":null,"PREMIUM_INCOME_YOY":null,"NET_INTEREST_INCOME":null,"NET_INTEREST_INCOME_YOY":null,"FEE_COMMISSION_INCOME":null,"FEE_COMMISSION_INCOME_YOY":null,"ACCOUNTS_RECE_TDAYS":1.900739176346,"INVENTORY_TDAYS":null,"CURRENT_ASSETS_TDAYS":0.15788286595,"TOTAL_ASSETS_TDAYS":0.115633460285,"PREMIUM_EXPENSE":null,"LOAN_DEPOSIT":null,"LOAN_EQUITY":null,"LOAN_ASSETS":null,"DEPOSIT_EQUITY":null,"DEPOSIT_ASSETS":null,"EQUITY_MULTIPLIER":1.174268289812,"EQUITY_RATIO":0.174268289811}],"count":17},"success":true,"message":"ok","code":0}