{"version":"0770d63a5ba7c9dd7feaeb01d7cacc4d","result":{"pages":3,"data":[{"SECUCODE":"01419.HK","SECURITY_CODE":"01419","SECURITY_NAME_ABBR":"盈健医疗","ORG_CODE":"10493489","STD_REPORT_DATE":"2023-12-31 00:00:00","REPORT_DATE":"2024-06-30 00:00:00","DATE_TYPE_CODE":"001","REPORT_TYPE":"2023年年报","PER_NETCASH_OPERATE":0.031755450323,"PER_OI":1.420696910825,"BPS":1.84354263799,"BASIC_EPS":0.05841152,"DILUTED_EPS":0.05841152,"OPERATE_INCOME":539228684.92,"OPERATE_INCOME_YOY":-41.0210771992,"GROSS_PROFIT":246287610.68,"GROSS_PROFIT_YOY":-54.970868836123,"HOLDER_PROFIT":22076816.52,"HOLDER_PROFIT_YOY":-86.6240136254,"GROSS_PROFIT_RATIO":45.674055844514,"EPS_TTM":-0.143885755403,"OPERATE_INCOME_QOQ":-36.92705924683,"NET_PROFIT_RATIO":4.0941472769,"ROE_AVG":3.071847241986,"GROSS_PROFIT_QOQ":-53.126825455886,"ROA":2.085385361783,"HOLDER_PROFIT_QOQ":-132.754860560971,"ROE_YEARLY":3.071847241986,"ROIC_YEARLY":4.068732291074,"TOTAL_ASSETS":964130509.64,"TOTAL_LIABILITIES":264409784.76,"TAX_EBT":8.940671585605,"OCF_SALES":2.235202320846,"TOTAL_PARENT_EQUITY":699720724.88,"DEBT_ASSET_RATIO":27.42468806,"OPERATE_PROFIT":32906677.4,"PRETAX_PROFIT":24244431.52,"NETCASH_OPERATE":12052852.08,"NETCASH_INVEST":-43475511.8,"NETCASH_FINANCE":-113648738.96,"END_CASH":124213009.96,"DIVI_RATIO":-0.177606462353,"DIVIDEND_RATE":3.733333333333,"CURRENT_RATIO":2.843174867946,"COMMON_ACS":10000000000,"CURRENTDEBT_DEBT":74.495956259255,"ISSUED_COMMON_SHARES":379552233,"HK_COMMON_SHARES":379552233,"PER_SHARES":2000,"TOTAL_MARKET_CAP":284664174.75,"HKSK_MARKET_CAP":284664174.75,"PE_TTM":11.768331669354,"PB_TTM":0.371301420371,"REPORT_DATE_SQ":"2022-12-31 00:00:00","REPORT_TYPE_SQ":"2022年年报","OPERATE_INCOME_SQ":923589777.08,"DPS_HKD":0.028,"OPERATE_INCOME_QOQ_SQ":30.321490304701,"NET_PROFIT_RATIO_SQ":18.0523805436,"HOLDER_PROFIT_SQ":166729941.22,"HOLDER_PROFIT_QOQ_SQ":51.583441428542,"ROE_AVG_SQ":23.331610933818,"PE_TTM_SQ":2.014886963985,"PB_TTM_SQ":0.450832070694,"ROA_SQ":14.932414020891,"START_DATE":"2023-07-01 00:00:00","FISCAL_YEAR":"6-30","CURRENCY":"HKD","IS_CNY_CODE":0,"DPS_HKD_LY":0.16,"ORG_TYPE":"一般企业","PREMIUM_INCOME":null,"PREMIUM_INCOME_YOY":null,"NET_INTEREST_INCOME":null,"NET_INTEREST_INCOME_YOY":null,"FEE_COMMISSION_INCOME":null,"FEE_COMMISSION_INCOME_YOY":null,"ACCOUNTS_RECE_TDAYS":8.130891025068,"INVENTORY_TDAYS":10.591255568388,"CURRENT_ASSETS_TDAYS":0.83768170395,"TOTAL_ASSETS_TDAYS":0.50935768079,"PREMIUM_EXPENSE":null,"LOAN_DEPOSIT":null,"LOAN_EQUITY":null,"LOAN_ASSETS":null,"DEPOSIT_EQUITY":null,"DEPOSIT_ASSETS":null,"EQUITY_MULTIPLIER":1.377879024243,"EQUITY_RATIO":0.377879024243},{"SECUCODE":"01419.HK","SECURITY_CODE":"01419","SECURITY_NAME_ABBR":"盈健医疗","ORG_CODE":"10493489","STD_REPORT_DATE":"2023-06-30 00:00:00","REPORT_DATE":"2023-12-31 00:00:00","DATE_TYPE_CODE":"002","REPORT_TYPE":"2023年中报","PER_NETCASH_OPERATE":-0.087646513675,"PER_OI":0.704796490553,"BPS":1.825494299858,"BASIC_EPS":0.04802966,"DILUTED_EPS":0.04802966,"OPERATE_INCOME":267507081.8,"OPERATE_INCOME_YOY":-56.6708842551,"GROSS_PROFIT":127329347.32,"GROSS_PROFIT_YOY":-69.531686658896,"HOLDER_PROFIT":18154305.26,"HOLDER_PROFIT_YOY":-92.5281225756,"GROSS_PROFIT_RATIO":47.598495884007,"EPS_TTM":0.439280622596,"OPERATE_INCOME_QOQ":-26.126659171203,"NET_PROFIT_RATIO":6.7864765067,"ROE_AVG":2.54744914925,"GROSS_PROFIT_QOQ":-32.129436478685,"ROA":1.715558029502,"HOLDER_PROFIT_QOQ":-65.730304826159,"ROE_YEARLY":5.0948982985,"ROIC_YEARLY":6.623678169851,"TOTAL_ASSETS":971435216.08,"TOTAL_LIABILITIES":278564778.24,"TAX_EBT":16.298988886104,"OCF_SALES":-12.435719367187,"TOTAL_PARENT_EQUITY":692870437.84,"DEBT_ASSET_RATIO":28.6755898519,"OPERATE_PROFIT":26252287.18,"PRETAX_PROFIT":21689469.48,"NETCASH_OPERATE":-33266429.98,"NETCASH_INVEST":17417548.4,"NETCASH_FINANCE":-84694414.98,"END_CASH":166932067.54,"DIVI_RATIO":0.058174749091,"DIVIDEND_RATE":3.5,"CURRENT_RATIO":2.784631955933,"COMMON_ACS":10000000000,"CURRENTDEBT_DEBT":71.578961066,"ISSUED_COMMON_SHARES":379552233,"HK_COMMON_SHARES":379552233,"PER_SHARES":2000,"TOTAL_MARKET_CAP":303641786.4,"HKSK_MARKET_CAP":303641786.4,"PE_TTM":12.552887113977,"PB_TTM":0.396054848396,"REPORT_DATE_SQ":"2022-06-30 00:00:00","REPORT_TYPE_SQ":"2022年中报","OPERATE_INCOME_SQ":608561625.98,"DPS_HKD":0.028,"OPERATE_INCOME_QOQ_SQ":43.548015823268,"NET_PROFIT_RATIO_SQ":39.3545034744,"HOLDER_PROFIT_SQ":239496406.24,"HOLDER_PROFIT_QOQ_SQ":78.398886802965,"ROE_AVG_SQ":32.74440417561,"PE_TTM_SQ":2.434655081481,"PB_TTM_SQ":0.544755418755,"ROA_SQ":21.548895156176,"START_DATE":"2023-07-01 00:00:00","FISCAL_YEAR":"6-30","CURRENCY":"HKD","IS_CNY_CODE":0,"DPS_HKD_LY":0.16,"ORG_TYPE":"一般企业","PREMIUM_INCOME":null,"PREMIUM_INCOME_YOY":null,"NET_INTEREST_INCOME":null,"NET_INTEREST_INCOME_YOY":null,"FEE_COMMISSION_INCOME":null,"FEE_COMMISSION_INCOME_YOY":null,"ACCOUNTS_RECE_TDAYS":3.936732747871,"INVENTORY_TDAYS":5.064549398379,"CURRENT_ASSETS_TDAYS":0.418801890915,"TOTAL_ASSETS_TDAYS":0.252790682738,"PREMIUM_EXPENSE":null,"LOAN_DEPOSIT":null,"LOAN_EQUITY":null,"LOAN_ASSETS":null,"DEPOSIT_EQUITY":null,"DEPOSIT_ASSETS":null,"EQUITY_MULTIPLIER":1.402044542568,"EQUITY_RATIO":0.402044542568},{"SECUCODE":"01419.HK","SECURITY_CODE":"01419","SECURITY_NAME_ABBR":"盈健医疗","ORG_CODE":"10493489","STD_REPORT_DATE":"2022-12-31 00:00:00","REPORT_DATE":"2023-06-30 00:00:00","DATE_TYPE_CODE":"001","REPORT_TYPE":"2022年年报","PER_NETCASH_OPERATE":1.613580607547,"PER_OI":2.433366732636,"BPS":1.963260507705,"BASIC_EPS":0.43886248,"DILUTED_EPS":0.43886248,"OPERATE_INCOME":923589777.08,"OPERATE_INCOME_YOY":-10.7013504274,"GROSS_PROFIT":546951727.28,"GROSS_PROFIT_YOY":-3.0495620729,"HOLDER_PROFIT":166729941.22,"HOLDER_PROFIT_YOY":-51.8159703071,"GROSS_PROFIT_RATIO":59.220201528132,"EPS_TTM":1.281834052996,"OPERATE_INCOME_QOQ":30.321490304701,"NET_PROFIT_RATIO":18.0523805436,"ROE_AVG":23.331610933818,"GROSS_PROFIT_QOQ":42.846077735382,"ROA":14.932414020891,"HOLDER_PROFIT_QOQ":51.583441428542,"ROE_YEARLY":23.331610933818,"ROIC_YEARLY":23.944082499234,"TOTAL_ASSETS":1164908822.28,"TOTAL_LIABILITIES":419748912.62,"TAX_EBT":24.276849122337,"OCF_SALES":66.310621654591,"TOTAL_PARENT_EQUITY":745159909.66,"DEBT_ASSET_RATIO":36.0327696547,"OPERATE_PROFIT":229255858.88,"PRETAX_PROFIT":220183575.68,"NETCASH_OPERATE":612438122.72,"NETCASH_INVEST":-309180461.12,"NETCASH_FINANCE":-164375204.3,"END_CASH":272079985.92,"DIVI_RATIO":0.019936309182,"DIVIDEND_RATE":3.5,"CURRENT_RATIO":2.282484241516,"COMMON_ACS":10000000000,"CURRENTDEBT_DEBT":76.696853947886,"ISSUED_COMMON_SHARES":379552233,"HK_COMMON_SHARES":379552233,"PER_SHARES":2000,"TOTAL_MARKET_CAP":303641786.4,"HKSK_MARKET_CAP":303641786.4,"PE_TTM":12.552887113977,"PB_TTM":0.396054848396,"REPORT_DATE_SQ":"2021-12-31 00:00:00","REPORT_TYPE_SQ":"2021年年报","OPERATE_INCOME_SQ":959346155.67,"DPS_HKD":0.028,"OPERATE_INCOME_QOQ_SQ":22.676891043947,"NET_PROFIT_RATIO_SQ":33.4561723954,"HOLDER_PROFIT_SQ":320960503.71,"HOLDER_PROFIT_QOQ_SQ":49.681388699198,"ROE_AVG_SQ":65.153457624794,"PE_TTM_SQ":2.434655081481,"PB_TTM_SQ":0.544755418755,"ROA_SQ":42.383803067416,"START_DATE":"2022-07-01 00:00:00","FISCAL_YEAR":"6-30","CURRENCY":"HKD","IS_CNY_CODE":0,"DPS_HKD_LY":0.3,"ORG_TYPE":"一般企业","PREMIUM_INCOME":null,"PREMIUM_INCOME_YOY":null,"NET_INTEREST_INCOME":null,"NET_INTEREST_INCOME_YOY":null,"FEE_COMMISSION_INCOME":null,"FEE_COMMISSION_INCOME_YOY":null,"ACCOUNTS_RECE_TDAYS":3.823720713637,"INVENTORY_TDAYS":17.511949415925,"CURRENT_ASSETS_TDAYS":1.310393453174,"TOTAL_ASSETS_TDAYS":0.82717146278,"PREMIUM_EXPENSE":null,"LOAN_DEPOSIT":null,"LOAN_EQUITY":null,"LOAN_ASSETS":null,"DEPOSIT_EQUITY":null,"DEPOSIT_ASSETS":null,"EQUITY_MULTIPLIER":1.563300450249,"EQUITY_RATIO":0.56330045025},{"SECUCODE":"01419.HK","SECURITY_CODE":"01419","SECURITY_NAME_ABBR":"盈健医疗","ORG_CODE":"10493489","STD_REPORT_DATE":"2022-06-30 00:00:00","REPORT_DATE":"2022-12-31 00:00:00","DATE_TYPE_CODE":"002","REPORT_TYPE":"2022年中报","PER_NETCASH_OPERATE":1.071997712051,"PER_OI":1.603367265606,"BPS":2.10791887221,"BASIC_EPS":0.63064862,"DILUTED_EPS":0.63064862,"OPERATE_INCOME":608561625.98,"OPERATE_INCOME_YOY":75.3402446055,"GROSS_PROFIT":417907436.8,"GROSS_PROFIT_YOY":137.193082380896,"HOLDER_PROFIT":239496406.24,"HOLDER_PROFIT_YOY":196.4922369178,"GROSS_PROFIT_RATIO":68.671342220604,"EPS_TTM":0.845629338479,"OPERATE_INCOME_QOQ":43.548015823268,"NET_PROFIT_RATIO":39.3545034744,"ROE_AVG":32.74440417561,"GROSS_PROFIT_QOQ":41.779295175784,"ROA":21.548895156176,"HOLDER_PROFIT_QOQ":78.398886802965,"ROE_YEARLY":65.48880835122,"ROIC_YEARLY":64.020974825553,"TOTAL_ASSETS":1187863299.84,"TOTAL_LIABILITIES":387797984.91,"TAX_EBT":17.527346105103,"OCF_SALES":66.859149182267,"TOTAL_PARENT_EQUITY":800065314.93,"DEBT_ASSET_RATIO":32.6466845943,"OPERATE_PROFIT":295139087.81,"PRETAX_PROFIT":290394930.84,"NETCASH_OPERATE":406879125.38,"NETCASH_INVEST":-107765879.34,"NETCASH_FINANCE":-130625551.91,"END_CASH":298262853,"DIVI_RATIO":0.030220143551,"DIVIDEND_RATE":3.5,"CURRENT_RATIO":2.705457534747,"COMMON_ACS":10000000000,"CURRENTDEBT_DEBT":75.655386713288,"ISSUED_COMMON_SHARES":379552233,"HK_COMMON_SHARES":379552233,"PER_SHARES":2000,"TOTAL_MARKET_CAP":303641786.4,"HKSK_MARKET_CAP":303641786.4,"PE_TTM":12.552887113977,"PB_TTM":0.396054848396,"REPORT_DATE_SQ":"2021-06-30 00:00:00","REPORT_TYPE_SQ":"2021年中报","OPERATE_INCOME_SQ":317673574.4,"DPS_HKD":0.028,"OPERATE_INCOME_QOQ_SQ":43.229951974478,"NET_PROFIT_RATIO_SQ":23.2735546039,"HOLDER_PROFIT_SQ":73933932.8,"HOLDER_PROFIT_QOQ_SQ":571.786153676593,"ROE_AVG_SQ":20.896274266488,"PE_TTM_SQ":2.434655081481,"PB_TTM_SQ":0.544755418755,"ROA_SQ":13.764916572227,"START_DATE":"2022-07-01 00:00:00","FISCAL_YEAR":"6-30","CURRENCY":"HKD","IS_CNY_CODE":0,"DPS_HKD_LY":0.3,"ORG_TYPE":"一般企业","PREMIUM_INCOME":null,"PREMIUM_INCOME_YOY":null,"NET_INTEREST_INCOME":null,"NET_INTEREST_INCOME_YOY":null,"FEE_COMMISSION_INCOME":null,"FEE_COMMISSION_INCOME_YOY":null,"ACCOUNTS_RECE_TDAYS":1.909041743843,"INVENTORY_TDAYS":8.919283729288,"CURRENT_ASSETS_TDAYS":0.840805491053,"TOTAL_ASSETS_TDAYS":0.547558557567,"PREMIUM_EXPENSE":null,"LOAN_DEPOSIT":null,"LOAN_EQUITY":null,"LOAN_ASSETS":null,"DEPOSIT_EQUITY":null,"DEPOSIT_ASSETS":null,"EQUITY_MULTIPLIER":1.484707907809,"EQUITY_RATIO":0.484707907809},{"SECUCODE":"01419.HK","SECURITY_CODE":"01419","SECURITY_NAME_ABBR":"盈健医疗","ORG_CODE":"10493489","STD_REPORT_DATE":"2021-12-31 00:00:00","REPORT_DATE":"2022-06-30 00:00:00","DATE_TYPE_CODE":"001","REPORT_TYPE":"2021年年报","PER_NETCASH_OPERATE":0.666514784172,"PER_OI":2.527573472793,"BPS":1.671719317062,"BASIC_EPS":0.84578291,"DILUTED_EPS":0.84578291,"OPERATE_INCOME":959346155.67,"OPERATE_INCOME_YOY":71.3414447879,"GROSS_PROFIT":564156015.15,"GROSS_PROFIT_YOY":79.991170599272,"HOLDER_PROFIT":320960503.71,"HOLDER_PROFIT_YOY":159.813918714,"GROSS_PROFIT_RATIO":58.806303836804,"EPS_TTM":0.474010434501,"OPERATE_INCOME_QOQ":22.676891043947,"NET_PROFIT_RATIO":33.4561723954,"ROE_AVG":65.153457624794,"GROSS_PROFIT_QOQ":26.951661295897,"ROA":42.383803067416,"HOLDER_PROFIT_QOQ":49.681388699198,"ROE_YEARLY":65.153457624794,"ROIC_YEARLY":55.379609784529,"TOTAL_ASSETS":990835106.66,"TOTAL_LIABILITIES":356330306.92,"TAX_EBT":15.710525488364,"OCF_SALES":26.369749142667,"TOTAL_PARENT_EQUITY":634504799.74,"DEBT_ASSET_RATIO":35.962624308,"OPERATE_PROFIT":384983447.87,"PRETAX_PROFIT":380783609.78,"NETCASH_OPERATE":252977174.66,"NETCASH_INVEST":-173790856.61,"NETCASH_FINANCE":-57679999.93,"END_CASH":124625983.51,"DIVI_RATIO":0.053912399686,"DIVIDEND_RATE":3.5,"CURRENT_RATIO":2.430911941121,"COMMON_ACS":10000000000,"CURRENTDEBT_DEBT":72.262328760548,"ISSUED_COMMON_SHARES":379552233,"HK_COMMON_SHARES":379552233,"PER_SHARES":2000,"TOTAL_MARKET_CAP":303641786.4,"HKSK_MARKET_CAP":303641786.4,"PE_TTM":12.552887113977,"PB_TTM":0.396054848396,"REPORT_DATE_SQ":"2020-12-31 00:00:00","REPORT_TYPE_SQ":"2020年年报","OPERATE_INCOME_SQ":544772760.96,"DPS_HKD":0.028,"OPERATE_INCOME_QOQ_SQ":-8.230721516781,"NET_PROFIT_RATIO_SQ":22.0635943743,"HOLDER_PROFIT_SQ":120196452.24,"HOLDER_PROFIT_QOQ_SQ":30.918039513245,"ROE_AVG_SQ":43.173137272483,"PE_TTM_SQ":2.434655081481,"PB_TTM_SQ":0.544755418755,"ROA_SQ":27.769223227622,"START_DATE":"2021-07-01 00:00:00","FISCAL_YEAR":"6-30","CURRENCY":"HKD","IS_CNY_CODE":0,"DPS_HKD_LY":0.12,"ORG_TYPE":"一般企业","PREMIUM_INCOME":null,"PREMIUM_INCOME_YOY":null,"NET_INTEREST_INCOME":null,"NET_INTEREST_INCOME_YOY":null,"FEE_COMMISSION_INCOME":null,"FEE_COMMISSION_INCOME_YOY":null,"ACCOUNTS_RECE_TDAYS":3.421028876738,"INVENTORY_TDAYS":28.622359863735,"CURRENT_ASSETS_TDAYS":1.954675227935,"TOTAL_ASSETS_TDAYS":1.266845548452,"PREMIUM_EXPENSE":null,"LOAN_DEPOSIT":null,"LOAN_EQUITY":null,"LOAN_ASSETS":null,"DEPOSIT_EQUITY":null,"DEPOSIT_ASSETS":null,"EQUITY_MULTIPLIER":1.5615880401,"EQUITY_RATIO":0.5615880401},{"SECUCODE":"01419.HK","SECURITY_CODE":"01419","SECURITY_NAME_ABBR":"盈健医疗","ORG_CODE":"10493489","STD_REPORT_DATE":"2021-06-30 00:00:00","REPORT_DATE":"2021-12-31 00:00:00","DATE_TYPE_CODE":"002","REPORT_TYPE":"2021年中报","PER_NETCASH_OPERATE":0.609692720738,"PER_OI":0.836969320109,"BPS":0.980905278457,"BASIC_EPS":0.1945888,"DILUTED_EPS":0.1945888,"OPERATE_INCOME":317673574.4,"OPERATE_INCOME_YOY":68.445877987,"GROSS_PROFIT":176188712,"GROSS_PROFIT_YOY":92.109458391866,"HOLDER_PROFIT":73933932.8,"HOLDER_PROFIT_YOY":435.2669586836,"GROSS_PROFIT_RATIO":55.462187036732,"EPS_TTM":0.316679607679,"OPERATE_INCOME_QOQ":43.229951974478,"NET_PROFIT_RATIO":23.2735546039,"ROE_AVG":20.896274266488,"GROSS_PROFIT_QOQ":96.105329406063,"ROA":13.764916572227,"HOLDER_PROFIT_QOQ":571.786153676593,"ROE_YEARLY":41.792548532977,"ROIC_YEARLY":41.709370171352,"TOTAL_ASSETS":573548852.8,"TOTAL_LIABILITIES":201244064,"TAX_EBT":16.445216491416,"OCF_SALES":72.845289079229,"TOTAL_PARENT_EQUITY":372304788.8,"DEBT_ASSET_RATIO":35.0875192266,"OPERATE_PROFIT":89700531.2,"PRETAX_PROFIT":88485577.6,"NETCASH_OPERATE":231410233.6,"NETCASH_INVEST":-115934044.8,"NETCASH_FINANCE":-29369009.6,"END_CASH":193883211.2,"DIVI_RATIO":0.080696828531,"DIVIDEND_RATE":3.5,"CURRENT_RATIO":1.86171582192,"COMMON_ACS":10000000000,"CURRENTDEBT_DEBT":92.789469407654,"ISSUED_COMMON_SHARES":379552233,"HK_COMMON_SHARES":379552233,"PER_SHARES":2000,"TOTAL_MARKET_CAP":303641786.4,"HKSK_MARKET_CAP":303641786.4,"PE_TTM":12.552887113977,"PB_TTM":0.396054848396,"REPORT_DATE_SQ":"2020-06-30 00:00:00","REPORT_TYPE_SQ":"2020年中报","OPERATE_INCOME_SQ":194136048.96,"DPS_HKD":0.028,"OPERATE_INCOME_QOQ_SQ":-12.081906131114,"NET_PROFIT_RATIO_SQ":7.3240731107,"HOLDER_PROFIT_SQ":14218666.16,"HOLDER_PROFIT_QOQ_SQ":-320.731584981375,"ROE_AVG_SQ":6.304095945848,"PE_TTM_SQ":2.434655081481,"PB_TTM_SQ":0.544755418755,"ROA_SQ":3.886550634549,"START_DATE":"2021-07-01 00:00:00","FISCAL_YEAR":"6-30","CURRENCY":"HKD","IS_CNY_CODE":0,"DPS_HKD_LY":0.12,"ORG_TYPE":"一般企业","PREMIUM_INCOME":null,"PREMIUM_INCOME_YOY":null,"NET_INTEREST_INCOME":null,"NET_INTEREST_INCOME_YOY":null,"FEE_COMMISSION_INCOME":null,"FEE_COMMISSION_INCOME_YOY":null,"ACCOUNTS_RECE_TDAYS":2.402602060377,"INVENTORY_TDAYS":12.216229571847,"CURRENT_ASSETS_TDAYS":0.923924558273,"TOTAL_ASSETS_TDAYS":0.591440233627,"PREMIUM_EXPENSE":null,"LOAN_DEPOSIT":null,"LOAN_EQUITY":null,"LOAN_ASSETS":null,"DEPOSIT_EQUITY":null,"DEPOSIT_ASSETS":null,"EQUITY_MULTIPLIER":1.540535792325,"EQUITY_RATIO":0.540535792324},{"SECUCODE":"01419.HK","SECURITY_CODE":"01419","SECURITY_NAME_ABBR":"盈健医疗","ORG_CODE":"10493489","STD_REPORT_DATE":"2020-12-31 00:00:00","REPORT_DATE":"2021-06-30 00:00:00","DATE_TYPE_CODE":"001","REPORT_TYPE":"2020年年报","PER_NETCASH_OPERATE":0.187423519756,"PER_OI":1.435303796408,"BPS":0.899116835073,"BASIC_EPS":0.31702248,"DILUTED_EPS":0.31702248,"OPERATE_INCOME":544772760.96,"OPERATE_INCOME_YOY":44.2932800279,"GROSS_PROFIT":313435383.12,"GROSS_PROFIT_YOY":80.75176983571,"HOLDER_PROFIT":120196452.24,"HOLDER_PROFIT_YOY":457.7871897756,"GROSS_PROFIT_RATIO":57.535068854703,"EPS_TTM":-0.0671235485,"OPERATE_INCOME_QOQ":-8.230721516781,"NET_PROFIT_RATIO":22.0635943743,"ROE_AVG":43.173137272483,"GROSS_PROFIT_QOQ":-7.829241365777,"ROA":27.769223227622,"HOLDER_PROFIT_QOQ":30.918039513245,"ROE_YEARLY":43.173137272483,"ROIC_YEARLY":37.398738126244,"TOTAL_ASSETS":509555807.04,"TOTAL_LIABILITIES":168294004.56,"TAX_EBT":14.433716384315,"OCF_SALES":13.058107992522,"TOTAL_PARENT_EQUITY":341261802.48,"DEBT_ASSET_RATIO":33.0275903512,"OPERATE_PROFIT":142087644.96,"PRETAX_PROFIT":140471745.6,"NETCASH_OPERATE":71137015.44,"NETCASH_INVEST":-3972349.92,"NETCASH_FINANCE":-49344008.16,"END_CASH":100477820.4,"DIVI_RATIO":-0.380716463464,"DIVIDEND_RATE":3.5,"CURRENT_RATIO":2.244111441476,"COMMON_ACS":10000000000,"CURRENTDEBT_DEBT":91.624517322021,"ISSUED_COMMON_SHARES":379552233,"HK_COMMON_SHARES":379552233,"PER_SHARES":2000,"TOTAL_MARKET_CAP":303641786.4,"HKSK_MARKET_CAP":303641786.4,"PE_TTM":12.552887113977,"PB_TTM":0.396054848396,"REPORT_DATE_SQ":"2019-12-31 00:00:00","REPORT_TYPE_SQ":"2019年年报","OPERATE_INCOME_SQ":414461525.28,"DPS_HKD":0.028,"OPERATE_INCOME_QOQ_SQ":1.385600640094,"NET_PROFIT_RATIO_SQ":-8.8981061716,"HOLDER_PROFIT_SQ":-36879226.56,"HOLDER_PROFIT_QOQ_SQ":-28.660645758403,"ROE_AVG_SQ":-14.100808873863,"PE_TTM_SQ":2.434655081481,"PB_TTM_SQ":0.544755418755,"ROA_SQ":-9.651105392681,"START_DATE":"2020-07-01 00:00:00","FISCAL_YEAR":"6-30","CURRENCY":"HKD","IS_CNY_CODE":0,"DPS_HKD_LY":null,"ORG_TYPE":"一般企业","PREMIUM_INCOME":null,"PREMIUM_INCOME_YOY":null,"NET_INTEREST_INCOME":null,"NET_INTEREST_INCOME_YOY":null,"FEE_COMMISSION_INCOME":null,"FEE_COMMISSION_INCOME_YOY":null,"ACCOUNTS_RECE_TDAYS":4.85858994386,"INVENTORY_TDAYS":21.337145049885,"CURRENT_ASSETS_TDAYS":2.153944851206,"TOTAL_ASSETS_TDAYS":1.258599245277,"PREMIUM_EXPENSE":null,"LOAN_DEPOSIT":null,"LOAN_EQUITY":null,"LOAN_ASSETS":null,"DEPOSIT_EQUITY":null,"DEPOSIT_ASSETS":null,"EQUITY_MULTIPLIER":1.493152187959,"EQUITY_RATIO":0.493152187959},{"SECUCODE":"01419.HK","SECURITY_CODE":"01419","SECURITY_NAME_ABBR":"盈健医疗","ORG_CODE":"10493489","STD_REPORT_DATE":"2020-06-30 00:00:00","REPORT_DATE":"2020-12-31 00:00:00","DATE_TYPE_CODE":"002","REPORT_TYPE":"2020年中报","PER_NETCASH_OPERATE":0.103087265884,"PER_OI":0.511487042048,"BPS":0.614057640915,"BASIC_EPS":0.0378738,"DILUTED_EPS":0.0378738,"OPERATE_INCOME":194136048.96,"OPERATE_INCOME_YOY":-9.4743038794,"GROSS_PROFIT":91712669.16,"GROSS_PROFIT_YOY":-12.894419403344,"HOLDER_PROFIT":14218666.16,"HOLDER_PROFIT_YOY":437.3409669211,"GROSS_PROFIT_RATIO":47.241442097597,"EPS_TTM":-0.097165089159,"OPERATE_INCOME_QOQ":-12.081906131114,"NET_PROFIT_RATIO":7.3240731107,"ROE_AVG":6.304095945848,"GROSS_PROFIT_QOQ":-20.377698539918,"ROA":3.886550634549,"HOLDER_PROFIT_QOQ":-320.731584981375,"ROE_YEARLY":12.608191891695,"ROIC_YEARLY":11.075073382031,"TOTAL_ASSETS":371468755.32,"TOTAL_LIABILITIES":138401806.52,"TAX_EBT":7.642685326919,"OCF_SALES":20.154423750564,"TOTAL_PARENT_EQUITY":233066948.8,"DEBT_ASSET_RATIO":37.2579939868,"OPERATE_PROFIT":16753685.84,"PRETAX_PROFIT":15395278.88,"NETCASH_OPERATE":39127001.96,"NETCASH_INVEST":-36632381,"NETCASH_FINANCE":-25699477.4,"END_CASH":68938732.4,"DIVI_RATIO":-0.263006396857,"DIVIDEND_RATE":3.5,"CURRENT_RATIO":1.662355334222,"COMMON_ACS":10000000000,"CURRENTDEBT_DEBT":86.698734515911,"ISSUED_COMMON_SHARES":379552233,"HK_COMMON_SHARES":379552233,"PER_SHARES":2000,"TOTAL_MARKET_CAP":303641786.4,"HKSK_MARKET_CAP":303641786.4,"PE_TTM":12.552887113977,"PB_TTM":0.396054848396,"REPORT_DATE_SQ":"2019-06-30 00:00:00","REPORT_TYPE_SQ":"2019年中报","OPERATE_INCOME_SQ":228249222.9,"DPS_HKD":0.028,"OPERATE_INCOME_QOQ_SQ":4.076834981993,"NET_PROFIT_RATIO_SQ":1.2338847354,"HOLDER_PROFIT_SQ":2816332.32,"HOLDER_PROFIT_QOQ_SQ":10.159411372952,"ROE_AVG_SQ":1.01592553757,"PE_TTM_SQ":2.434655081481,"PB_TTM_SQ":0.544755418755,"ROA_SQ":0.69658002251,"START_DATE":"2020-07-01 00:00:00","FISCAL_YEAR":"6-30","CURRENCY":"HKD","IS_CNY_CODE":0,"DPS_HKD_LY":null,"ORG_TYPE":"一般企业","PREMIUM_INCOME":null,"PREMIUM_INCOME_YOY":null,"NET_INTEREST_INCOME":null,"NET_INTEREST_INCOME_YOY":null,"FEE_COMMISSION_INCOME":null,"FEE_COMMISSION_INCOME_YOY":null,"ACCOUNTS_RECE_TDAYS":5.260716362766,"INVENTORY_TDAYS":9.30816888481,"CURRENT_ASSETS_TDAYS":1.075233831101,"TOTAL_ASSETS_TDAYS":0.530654265164,"PREMIUM_EXPENSE":null,"LOAN_DEPOSIT":null,"LOAN_EQUITY":null,"LOAN_ASSETS":null,"DEPOSIT_EQUITY":null,"DEPOSIT_ASSETS":null,"EQUITY_MULTIPLIER":1.593828542539,"EQUITY_RATIO":0.593828542539},{"SECUCODE":"01419.HK","SECURITY_CODE":"01419","SECURITY_NAME_ABBR":"盈健医疗","ORG_CODE":"10493489","STD_REPORT_DATE":"2019-12-31 00:00:00","REPORT_DATE":"2020-06-30 00:00:00","DATE_TYPE_CODE":"001","REPORT_TYPE":"2019年年报","PER_NETCASH_OPERATE":0.090241228221,"PER_OI":1.091974935845,"BPS":0.623433872829,"BASIC_EPS":-0.09682464,"DILUTED_EPS":-0.09682464,"OPERATE_INCOME":414461525.28,"OPERATE_INCOME_YOY":-14.1600688631,"GROSS_PROFIT":173406536.16,"GROSS_PROFIT_YOY":-20.589330690118,"HOLDER_PROFIT":-36879226.56,"HOLDER_PROFIT_YOY":-251.6451322115,"GROSS_PROFIT_RATIO":41.838994836216,"EPS_TTM":0.044019567552,"OPERATE_INCOME_QOQ":1.385600640094,"NET_PROFIT_RATIO":-8.8981061716,"ROE_AVG":-14.100808873863,"GROSS_PROFIT_QOQ":-0.265795067864,"ROA":-9.651105392681,"HOLDER_PROFIT_QOQ":-28.660645758403,"ROE_YEARLY":-14.100808873863,"ROIC_YEARLY":-14.537820875208,"TOTAL_ASSETS":390946839.36,"TOTAL_LIABILITIES":154321120.8,"TAX_EBT":-3.491233466626,"OCF_SALES":8.264038418732,"TOTAL_PARENT_EQUITY":236625718.56,"DEBT_ASSET_RATIO":39.4736842105,"OPERATE_PROFIT":-26032126.56,"PRETAX_PROFIT":-35635121.28,"NETCASH_OPERATE":34251259.68,"NETCASH_INVEST":-17345312.16,"NETCASH_FINANCE":-59140672.8,"END_CASH":90205853.76,"DIVI_RATIO":0.580538188384,"DIVIDEND_RATE":3.5,"CURRENT_RATIO":1.480496153194,"COMMON_ACS":10000000000,"CURRENTDEBT_DEBT":76.781200982568,"ISSUED_COMMON_SHARES":379552233,"HK_COMMON_SHARES":379552233,"PER_SHARES":2000,"TOTAL_MARKET_CAP":303641786.4,"HKSK_MARKET_CAP":303641786.4,"PE_TTM":12.552887113977,"PB_TTM":0.396054848396,"REPORT_DATE_SQ":"2018-12-31 00:00:00","REPORT_TYPE_SQ":"2018年年报","OPERATE_INCOME_SQ":464975081.1,"DPS_HKD":0.028,"OPERATE_INCOME_QOQ_SQ":2.293958582869,"NET_PROFIT_RATIO_SQ":4.9844395887,"HOLDER_PROFIT_SQ":23420067.84,"HOLDER_PROFIT_QOQ_SQ":4.585681272744,"ROE_AVG_SQ":9.068444205259,"PE_TTM_SQ":2.434655081481,"PB_TTM_SQ":0.544755418755,"ROA_SQ":7.080069619975,"START_DATE":"2019-07-01 00:00:00","FISCAL_YEAR":"6-30","CURRENCY":"HKD","IS_CNY_CODE":0,"DPS_HKD_LY":0.03,"ORG_TYPE":"一般企业","PREMIUM_INCOME":null,"PREMIUM_INCOME_YOY":null,"NET_INTEREST_INCOME":null,"NET_INTEREST_INCOME_YOY":null,"FEE_COMMISSION_INCOME":null,"FEE_COMMISSION_INCOME_YOY":null,"ACCOUNTS_RECE_TDAYS":13.12554600943,"INVENTORY_TDAYS":20.970915448188,"CURRENT_ASSETS_TDAYS":2.216237734024,"TOTAL_ASSETS_TDAYS":1.084624661307,"PREMIUM_EXPENSE":null,"LOAN_DEPOSIT":null,"LOAN_EQUITY":null,"LOAN_ASSETS":null,"DEPOSIT_EQUITY":null,"DEPOSIT_ASSETS":null,"EQUITY_MULTIPLIER":1.652173913043,"EQUITY_RATIO":0.652173913043}],"count":23},"success":true,"message":"ok","code":0}