{"version":"9557b0f9e278228cbab7880a390d3119","result":{"pages":2,"data":[{"SECUCODE":"01413.HK","SECURITY_CODE":"01413","SECURITY_NAME_ABBR":"铸帝控股","ORG_CODE":"10000109924","STD_REPORT_DATE":"2024-06-30 00:00:00","REPORT_DATE":"2024-09-30 00:00:00","DATE_TYPE_CODE":"002","REPORT_TYPE":"2024年中报","PER_NETCASH_OPERATE":-0.024397176958,"PER_OI":0.2245907995,"BPS":0.223383903883,"BASIC_EPS":-0.00360716,"DILUTED_EPS":-0.004238413,"OPERATE_INCOME":269508959.4,"OPERATE_INCOME_YOY":12.6523781164,"GROSS_PROFIT":12149816.67,"GROSS_PROFIT_YOY":-15.976450254417,"HOLDER_PROFIT":-4353842.12,"HOLDER_PROFIT_YOY":-150.0829875519,"GROSS_PROFIT_RATIO":4.50813089741,"EPS_TTM":0.015647053,"OPERATE_INCOME_QOQ":0,"NET_PROFIT_RATIO":-1.6154721274,"ROE_AVG":-1.713165435078,"GROSS_PROFIT_QOQ":0,"ROA":-1.242331919799,"HOLDER_PROFIT_QOQ":0,"ROE_YEARLY":-3.426330870155,"ROIC_YEARLY":-2.631417589021,"TOTAL_ASSETS":357177376.04,"TOTAL_LIABILITIES":89116691.38,"TAX_EBT":-37.553464499572,"OCF_SALES":-10.862945860938,"TOTAL_PARENT_EQUITY":268060684.66,"DEBT_ASSET_RATIO":24.9502620709,"OPERATE_PROFIT":-2440243.74,"PRETAX_PROFIT":-3162577.53,"NETCASH_OPERATE":-29276612.35,"NETCASH_INVEST":4141921.47,"NETCASH_FINANCE":18868152.17,"END_CASH":16411676.21,"DIVI_RATIO":null,"DIVIDEND_RATE":null,"CURRENT_RATIO":3.873660978629,"COMMON_ACS":10000000000,"CURRENTDEBT_DEBT":93.992228451155,"ISSUED_COMMON_SHARES":1200000000,"HK_COMMON_SHARES":1200000000,"PER_SHARES":5000,"TOTAL_MARKET_CAP":100800000,"HKSK_MARKET_CAP":100800000,"PE_TTM":36.103151862464,"PB_TTM":0.339103931318,"REPORT_DATE_SQ":"2023-06-30 00:00:00","REPORT_TYPE_SQ":"2023年中报","OPERATE_INCOME_SQ":243441733.22,"DPS_HKD":null,"OPERATE_INCOME_QOQ_SQ":0,"NET_PROFIT_RATIO_SQ":3.6337044939,"HOLDER_PROFIT_SQ":8845953.2,"HOLDER_PROFIT_QOQ_SQ":0,"ROE_AVG_SQ":3.796157375138,"PE_TTM_SQ":16.073799706478,"PB_TTM_SQ":0.888851101982,"ROA_SQ":3.111936082641,"START_DATE":"2024-04-01 00:00:00","FISCAL_YEAR":"3-31","CURRENCY":"HKD","IS_CNY_CODE":0,"DPS_HKD_LY":null,"ORG_TYPE":"一般企业","PREMIUM_INCOME":null,"PREMIUM_INCOME_YOY":null,"NET_INTEREST_INCOME":null,"NET_INTEREST_INCOME_YOY":null,"FEE_COMMISSION_INCOME":null,"FEE_COMMISSION_INCOME_YOY":null,"ACCOUNTS_RECE_TDAYS":6.629621002895,"INVENTORY_TDAYS":null,"CURRENT_ASSETS_TDAYS":0.867578583123,"TOTAL_ASSETS_TDAYS":0.769020955988,"PREMIUM_EXPENSE":null,"LOAN_DEPOSIT":null,"LOAN_EQUITY":null,"LOAN_ASSETS":null,"DEPOSIT_EQUITY":null,"DEPOSIT_ASSETS":null,"EQUITY_MULTIPLIER":1.332449689491,"EQUITY_RATIO":0.332449689491},{"SECUCODE":"01413.HK","SECURITY_CODE":"01413","SECURITY_NAME_ABBR":"铸帝控股","ORG_CODE":"10000109924","STD_REPORT_DATE":"2023-12-31 00:00:00","REPORT_DATE":"2024-03-31 00:00:00","DATE_TYPE_CODE":"001","REPORT_TYPE":"2023年年报","PER_NETCASH_OPERATE":-0.02671512195,"PER_OI":0.56042286415,"BPS":0.201239746292,"BASIC_EPS":0.015683315,"DILUTED_EPS":0.015683315,"OPERATE_INCOME":560422864.15,"OPERATE_INCOME_YOY":82.7254240094,"GROSS_PROFIT":31510771.45,"GROSS_PROFIT_YOY":202.228747204465,"HOLDER_PROFIT":15647053,"HOLDER_PROFIT_YOY":1624.2757242757,"GROSS_PROFIT_RATIO":5.622677707447,"EPS_TTM":0.01303972453,"OPERATE_INCOME_QOQ":0,"NET_PROFIT_RATIO":2.792008321,"ROE_AVG":6.696385271056,"GROSS_PROFIT_QOQ":0,"ROA":5.122528142742,"HOLDER_PROFIT_QOQ":0,"ROE_YEARLY":6.696385271056,"ROIC_YEARLY":5.537579987712,"TOTAL_ASSETS":345551476.6,"TOTAL_LIABILITIES":104063781.05,"TAX_EBT":18.442564853754,"OCF_SALES":-4.766957891791,"TOTAL_PARENT_EQUITY":241487695.55,"DEBT_ASSET_RATIO":30.1152760434,"OPERATE_PROFIT":20222410.85,"PRETAX_PROFIT":19185317.65,"NETCASH_OPERATE":-26715121.95,"NETCASH_INVEST":2417768.85,"NETCASH_FINANCE":24104257.95,"END_CASH":22797919.4,"DIVI_RATIO":null,"DIVIDEND_RATE":null,"CURRENT_RATIO":3.077261805705,"COMMON_ACS":10000000000,"CURRENTDEBT_DEBT":93.178907754092,"ISSUED_COMMON_SHARES":1200000000,"HK_COMMON_SHARES":1200000000,"PER_SHARES":5000,"TOTAL_MARKET_CAP":153600000,"HKSK_MARKET_CAP":153600000,"PE_TTM":55.014326647564,"PB_TTM":0.516729800104,"REPORT_DATE_SQ":"2022-12-31 00:00:00","REPORT_TYPE_SQ":"2022年年报","OPERATE_INCOME_SQ":296166960.38,"DPS_HKD":null,"OPERATE_INCOME_QOQ_SQ":0,"NET_PROFIT_RATIO_SQ":0.2958754781,"HOLDER_PROFIT_SQ":876285.41,"HOLDER_PROFIT_QOQ_SQ":0,"ROE_AVG_SQ":0.402621666355,"PE_TTM_SQ":17.261863163044,"PB_TTM_SQ":0.954548792129,"ROA_SQ":0.332127256831,"START_DATE":"2023-04-01 00:00:00","FISCAL_YEAR":"3-31","CURRENCY":"HKD","IS_CNY_CODE":0,"DPS_HKD_LY":null,"ORG_TYPE":"一般企业","PREMIUM_INCOME":null,"PREMIUM_INCOME_YOY":null,"NET_INTEREST_INCOME":null,"NET_INTEREST_INCOME_YOY":null,"FEE_COMMISSION_INCOME":null,"FEE_COMMISSION_INCOME_YOY":null,"ACCOUNTS_RECE_TDAYS":18.18161230552,"INVENTORY_TDAYS":null,"CURRENT_ASSETS_TDAYS":2.206787859317,"TOTAL_ASSETS_TDAYS":1.834710915496,"PREMIUM_EXPENSE":null,"LOAN_DEPOSIT":null,"LOAN_EQUITY":null,"LOAN_ASSETS":null,"DEPOSIT_EQUITY":null,"DEPOSIT_ASSETS":null,"EQUITY_MULTIPLIER":1.430927881494,"EQUITY_RATIO":0.430927881493},{"SECUCODE":"01413.HK","SECURITY_CODE":"01413","SECURITY_NAME_ABBR":"铸帝控股","ORG_CODE":"10000109924","STD_REPORT_DATE":"2023-06-30 00:00:00","REPORT_DATE":"2023-09-30 00:00:00","DATE_TYPE_CODE":"002","REPORT_TYPE":"2023年中报","PER_NETCASH_OPERATE":-0.00744748508,"PER_OI":0.24344173322,"BPS":0.197872380358,"BASIC_EPS":0.008809248,"DILUTED_EPS":0.008809248,"OPERATE_INCOME":243441733.22,"OPERATE_INCOME_YOY":28.8060049329,"GROSS_PROFIT":14460013.54,"GROSS_PROFIT_YOY":215.279205726693,"HOLDER_PROFIT":8845953.2,"HOLDER_PROFIT_YOY":362.8135223555,"GROSS_PROFIT_RATIO":5.939825250477,"EPS_TTM":0.00087628541,"OPERATE_INCOME_QOQ":0,"NET_PROFIT_RATIO":3.6337044939,"ROE_AVG":3.796157375138,"GROSS_PROFIT_QOQ":0,"ROA":3.111936082641,"HOLDER_PROFIT_QOQ":0,"ROE_YEARLY":7.592314750277,"ROIC_YEARLY":6.802565075109,"TOTAL_ASSETS":299914518.68,"TOTAL_LIABILITIES":62467662.25,"TAX_EBT":14.93116837275,"OCF_SALES":-3.059247476385,"TOTAL_PARENT_EQUITY":237446856.43,"DEBT_ASSET_RATIO":20.8284889058,"OPERATE_PROFIT":10791328.8,"PRETAX_PROFIT":10398583.16,"NETCASH_OPERATE":-7447485.08,"NETCASH_INVEST":-2600563.42,"NETCASH_FINANCE":11867708.79,"END_CASH":25091674.72,"DIVI_RATIO":null,"DIVIDEND_RATE":null,"CURRENT_RATIO":4.526134163791,"COMMON_ACS":10000000000,"CURRENTDEBT_DEBT":87.264047006978,"ISSUED_COMMON_SHARES":1200000000,"HK_COMMON_SHARES":1200000000,"PER_SHARES":5000,"TOTAL_MARKET_CAP":153600000,"HKSK_MARKET_CAP":153600000,"PE_TTM":55.014326647564,"PB_TTM":0.516729800104,"REPORT_DATE_SQ":"2022-06-30 00:00:00","REPORT_TYPE_SQ":"2022年中报","OPERATE_INCOME_SQ":186282080.16,"DPS_HKD":null,"OPERATE_INCOME_QOQ_SQ":0,"NET_PROFIT_RATIO_SQ":-1.7808937484,"HOLDER_PROFIT_SQ":-3317485.92,"HOLDER_PROFIT_QOQ_SQ":0,"ROE_AVG_SQ":-1.489325418416,"PE_TTM_SQ":17.261863163044,"PB_TTM_SQ":0.954548792129,"ROA_SQ":-1.194478954147,"START_DATE":"2023-04-01 00:00:00","FISCAL_YEAR":"3-31","CURRENCY":"HKD","IS_CNY_CODE":0,"DPS_HKD_LY":null,"ORG_TYPE":"一般企业","PREMIUM_INCOME":null,"PREMIUM_INCOME_YOY":null,"NET_INTEREST_INCOME":null,"NET_INTEREST_INCOME_YOY":null,"FEE_COMMISSION_INCOME":null,"FEE_COMMISSION_INCOME_YOY":null,"ACCOUNTS_RECE_TDAYS":16.713538713539,"INVENTORY_TDAYS":null,"CURRENT_ASSETS_TDAYS":1.061190856672,"TOTAL_ASSETS_TDAYS":0.856408683722,"PREMIUM_EXPENSE":null,"LOAN_DEPOSIT":null,"LOAN_EQUITY":null,"LOAN_ASSETS":null,"DEPOSIT_EQUITY":null,"DEPOSIT_ASSETS":null,"EQUITY_MULTIPLIER":1.263080603337,"EQUITY_RATIO":0.263080603337},{"SECUCODE":"01413.HK","SECURITY_CODE":"01413","SECURITY_NAME_ABBR":"铸帝控股","ORG_CODE":"10000109924","STD_REPORT_DATE":"2022-12-31 00:00:00","REPORT_DATE":"2023-03-31 00:00:00","DATE_TYPE_CODE":"001","REPORT_TYPE":"2022年年报","PER_NETCASH_OPERATE":0.00875234918,"PER_OI":0.29616696038,"BPS":0.181735845508,"BASIC_EPS":0.00087541,"DILUTED_EPS":0.00087541,"OPERATE_INCOME":296166960.38,"OPERATE_INCOME_YOY":-38.357514681,"GROSS_PROFIT":10426133.1,"GROSS_PROFIT_YOY":-72.153834419851,"HOLDER_PROFIT":876285.41,"HOLDER_PROFIT_YOY":-95.743866661,"GROSS_PROFIT_RATIO":3.520356587589,"EPS_TTM":-0.01105204559,"OPERATE_INCOME_QOQ":0,"NET_PROFIT_RATIO":0.2958754781,"ROE_AVG":0.402621666355,"GROSS_PROFIT_QOQ":0,"ROA":0.332127256831,"HOLDER_PROFIT_QOQ":0,"ROE_YEARLY":0.402621666355,"ROIC_YEARLY":0.374363749921,"TOTAL_ASSETS":256244762.74,"TOTAL_LIABILITIES":38161748.13,"TAX_EBT":754.248366013072,"OCF_SALES":2.955207822226,"TOTAL_PARENT_EQUITY":218083014.61,"DEBT_ASSET_RATIO":14.8926938923,"OPERATE_PROFIT":449960.74,"PRETAX_PROFIT":-133937.73,"NETCASH_OPERATE":8752349.18,"NETCASH_INVEST":-5859119.13,"NETCASH_FINANCE":-18024691.9,"END_CASH":22201273.01,"DIVI_RATIO":null,"DIVIDEND_RATE":null,"CURRENT_RATIO":6.632554669116,"COMMON_ACS":10000000000,"CURRENTDEBT_DEBT":79.934851925768,"ISSUED_COMMON_SHARES":1200000000,"HK_COMMON_SHARES":1200000000,"PER_SHARES":5000,"TOTAL_MARKET_CAP":175200000,"HKSK_MARKET_CAP":175200000,"PE_TTM":62.750716332378,"PB_TTM":0.589394928243,"REPORT_DATE_SQ":"2021-12-31 00:00:00","REPORT_TYPE_SQ":"2021年年报","OPERATE_INCOME_SQ":445113917.39,"DPS_HKD":null,"OPERATE_INCOME_QOQ_SQ":0,"NET_PROFIT_RATIO_SQ":4.285227544,"HOLDER_PROFIT_SQ":19074144.19,"HOLDER_PROFIT_QOQ_SQ":0,"ROE_AVG_SQ":9.950478189038,"PE_TTM_SQ":236.763236763237,"PB_TTM_SQ":0.915903092042,"ROA_SQ":7.935755438771,"START_DATE":"2022-04-01 00:00:00","FISCAL_YEAR":"3-31","CURRENCY":"HKD","IS_CNY_CODE":0,"DPS_HKD_LY":null,"ORG_TYPE":"一般企业","PREMIUM_INCOME":null,"PREMIUM_INCOME_YOY":null,"NET_INTEREST_INCOME":null,"NET_INTEREST_INCOME_YOY":null,"FEE_COMMISSION_INCOME":null,"FEE_COMMISSION_INCOME_YOY":null,"ACCOUNTS_RECE_TDAYS":25.641806881916,"INVENTORY_TDAYS":null,"CURRENT_ASSETS_TDAYS":1.432967945243,"TOTAL_ASSETS_TDAYS":1.122523768997,"PREMIUM_EXPENSE":null,"LOAN_DEPOSIT":null,"LOAN_EQUITY":null,"LOAN_ASSETS":null,"DEPOSIT_EQUITY":null,"DEPOSIT_ASSETS":null,"EQUITY_MULTIPLIER":1.174987255189,"EQUITY_RATIO":0.174987255189},{"SECUCODE":"01413.HK","SECURITY_CODE":"01413","SECURITY_NAME_ABBR":"铸帝控股","ORG_CODE":"10000109924","STD_REPORT_DATE":"2022-06-30 00:00:00","REPORT_DATE":"2022-09-30 00:00:00","DATE_TYPE_CODE":"002","REPORT_TYPE":"2022年中报","PER_NETCASH_OPERATE":-0.01657114968,"PER_OI":0.18628208016,"BPS":0.1842434724,"BASIC_EPS":-0.003346428,"DILUTED_EPS":-0.003346428,"OPERATE_INCOME":186282080.16,"OPERATE_INCOME_YOY":-38.754597925,"GROSS_PROFIT":4586415.24,"GROSS_PROFIT_YOY":-86.907554889675,"HOLDER_PROFIT":-3317485.92,"HOLDER_PROFIT_YOY":-111.3980298934,"GROSS_PROFIT_RATIO":2.462080751976,"EPS_TTM":0.01907414419,"OPERATE_INCOME_QOQ":0,"NET_PROFIT_RATIO":-1.7808937484,"ROE_AVG":-1.489325418416,"GROSS_PROFIT_QOQ":0,"ROA":-1.194478954147,"HOLDER_PROFIT_QOQ":0,"ROE_YEARLY":-2.978650836832,"ROIC_YEARLY":-2.644365943335,"TOTAL_ASSETS":275032968.48,"TOTAL_LIABILITIES":53940801.6,"TAX_EBT":0.542299349241,"OCF_SALES":-8.89572935076,"TOTAL_PARENT_EQUITY":221092166.88,"DEBT_ASSET_RATIO":19.6124856951,"OPERATE_PROFIT":-3090471.48,"PRETAX_PROFIT":-3335574.72,"NETCASH_OPERATE":-16571149.68,"NETCASH_INVEST":-5480001.96,"NETCASH_FINANCE":-1439868.48,"END_CASH":15079728.12,"DIVI_RATIO":null,"DIVIDEND_RATE":null,"CURRENT_RATIO":4.773767641231,"COMMON_ACS":10000000000,"CURRENTDEBT_DEBT":82.927565392354,"ISSUED_COMMON_SHARES":1200000000,"HK_COMMON_SHARES":1200000000,"PER_SHARES":5000,"TOTAL_MARKET_CAP":175200000,"HKSK_MARKET_CAP":175200000,"PE_TTM":62.750716332378,"PB_TTM":0.589394928243,"REPORT_DATE_SQ":"2021-06-30 00:00:00","REPORT_TYPE_SQ":"2021年中报","OPERATE_INCOME_SQ":280152246.58,"DPS_HKD":null,"OPERATE_INCOME_QOQ_SQ":0,"NET_PROFIT_RATIO_SQ":9.5693338844,"HOLDER_PROFIT_SQ":26808703.86,"HOLDER_PROFIT_QOQ_SQ":0,"ROE_AVG_SQ":13.37022703336,"PE_TTM_SQ":236.763236763237,"PB_TTM_SQ":0.915903092042,"ROA_SQ":10.359330108886,"START_DATE":"2022-04-01 00:00:00","FISCAL_YEAR":"3-31","CURRENCY":"HKD","IS_CNY_CODE":0,"DPS_HKD_LY":null,"ORG_TYPE":"一般企业","PREMIUM_INCOME":null,"PREMIUM_INCOME_YOY":null,"NET_INTEREST_INCOME":null,"NET_INTEREST_INCOME_YOY":null,"FEE_COMMISSION_INCOME":null,"FEE_COMMISSION_INCOME_YOY":null,"ACCOUNTS_RECE_TDAYS":17.89901798905,"INVENTORY_TDAYS":null,"CURRENT_ASSETS_TDAYS":0.863264001677,"TOTAL_ASSETS_TDAYS":0.670718820371,"PREMIUM_EXPENSE":null,"LOAN_DEPOSIT":null,"LOAN_EQUITY":null,"LOAN_ASSETS":null,"DEPOSIT_EQUITY":null,"DEPOSIT_ASSETS":null,"EQUITY_MULTIPLIER":1.243974277158,"EQUITY_RATIO":0.243974277159},{"SECUCODE":"01413.HK","SECURITY_CODE":"01413","SECURITY_NAME_ABBR":"铸帝控股","ORG_CODE":"10000109924","STD_REPORT_DATE":"2021-12-31 00:00:00","REPORT_DATE":"2022-03-31 00:00:00","DATE_TYPE_CODE":"001","REPORT_TYPE":"2021年年报","PER_NETCASH_OPERATE":-0.02243902468,"PER_OI":0.44511391739,"BPS":0.167689834333,"BASIC_EPS":0.019058735,"DILUTED_EPS":0.019058735,"OPERATE_INCOME":445113917.39,"OPERATE_INCOME_YOY":13.9355628905,"GROSS_PROFIT":37441898.67,"GROSS_PROFIT_YOY":-27.164884236203,"HOLDER_PROFIT":19074144.19,"HOLDER_PROFIT_YOY":-24.4587910323,"GROSS_PROFIT_RATIO":8.411756453168,"EPS_TTM":0.03802349222,"OPERATE_INCOME_QOQ":0,"NET_PROFIT_RATIO":4.285227544,"ROE_AVG":9.950478189038,"GROSS_PROFIT_QOQ":0,"ROA":7.935755438771,"HOLDER_PROFIT_QOQ":0,"ROE_YEARLY":9.950478189038,"ROIC_YEARLY":10.631498056234,"TOTAL_ASSETS":251467437.67,"TOTAL_LIABILITIES":50239636.47,"TAX_EBT":16.779307172428,"OCF_SALES":-5.04118694189,"TOTAL_PARENT_EQUITY":201227801.2,"DEBT_ASSET_RATIO":19.9785852735,"OPERATE_PROFIT":23358710.02,"PRETAX_PROFIT":22919953.61,"NETCASH_OPERATE":-22439024.68,"NETCASH_INVEST":-33458217.55,"NETCASH_FINANCE":3179159.2,"END_CASH":34586332.46,"DIVI_RATIO":null,"DIVIDEND_RATE":null,"CURRENT_RATIO":4.685961979551,"COMMON_ACS":10000000000,"CURRENTDEBT_DEBT":83.048412352495,"ISSUED_COMMON_SHARES":1200000000,"HK_COMMON_SHARES":1200000000,"PER_SHARES":5000,"TOTAL_MARKET_CAP":175200000,"HKSK_MARKET_CAP":175200000,"PE_TTM":62.750716332378,"PB_TTM":0.589394928243,"REPORT_DATE_SQ":"2020-12-31 00:00:00","REPORT_TYPE_SQ":"2020年年报","OPERATE_INCOME_SQ":407131657.8,"DPS_HKD":null,"OPERATE_INCOME_QOQ_SQ":0,"NET_PROFIT_RATIO_SQ":6.4632247618,"HOLDER_PROFIT_SQ":26313834.12,"HOLDER_PROFIT_QOQ_SQ":0,"ROE_AVG_SQ":20.38746263379,"PE_TTM_SQ":236.763236763237,"PB_TTM_SQ":0.915903092042,"ROA_SQ":15.656673598033,"START_DATE":"2021-04-01 00:00:00","FISCAL_YEAR":"3-31","CURRENCY":"HKD","IS_CNY_CODE":0,"DPS_HKD_LY":null,"ORG_TYPE":"一般企业","PREMIUM_INCOME":null,"PREMIUM_INCOME_YOY":null,"NET_INTEREST_INCOME":null,"NET_INTEREST_INCOME_YOY":null,"FEE_COMMISSION_INCOME":null,"FEE_COMMISSION_INCOME_YOY":null,"ACCOUNTS_RECE_TDAYS":38.934416344483,"INVENTORY_TDAYS":null,"CURRENT_ASSETS_TDAYS":2.279605666212,"TOTAL_ASSETS_TDAYS":1.851886593503,"PREMIUM_EXPENSE":null,"LOAN_DEPOSIT":null,"LOAN_EQUITY":null,"LOAN_ASSETS":null,"DEPOSIT_EQUITY":null,"DEPOSIT_ASSETS":null,"EQUITY_MULTIPLIER":1.249665484443,"EQUITY_RATIO":0.249665484443},{"SECUCODE":"01413.HK","SECURITY_CODE":"01413","SECURITY_NAME_ABBR":"铸帝控股","ORG_CODE":"10000109924","STD_REPORT_DATE":"2021-06-30 00:00:00","REPORT_DATE":"2021-09-30 00:00:00","DATE_TYPE_CODE":"002","REPORT_TYPE":"2021年中报","PER_NETCASH_OPERATE":0.00156032138,"PER_OI":0.28015224658,"BPS":0.1782623441,"BASIC_EPS":0.026824532,"DILUTED_EPS":0.026824532,"OPERATE_INCOME":280152246.58,"OPERATE_INCOME_YOY":28.0135972075,"GROSS_PROFIT":35031006.06,"GROSS_PROFIT_YOY":19.017041633805,"HOLDER_PROFIT":26808703.86,"HOLDER_PROFIT_YOY":87.2839434325,"GROSS_PROFIT_RATIO":12.504274546303,"EPS_TTM":0.02631383412,"OPERATE_INCOME_QOQ":0,"NET_PROFIT_RATIO":9.5693338844,"ROE_AVG":13.37022703336,"GROSS_PROFIT_QOQ":0,"ROA":10.359330108886,"HOLDER_PROFIT_QOQ":0,"ROE_YEARLY":26.74045406672,"ROIC_YEARLY":29.898128405591,"TOTAL_ASSETS":282096608.62,"TOTAL_LIABILITIES":68181795.7,"TAX_EBT":16.439031990029,"OCF_SALES":0.556954798345,"TOTAL_PARENT_EQUITY":213914812.92,"DEBT_ASSET_RATIO":24.1696616041,"OPERATE_PROFIT":32305233.74,"PRETAX_PROFIT":32082806.72,"NETCASH_OPERATE":1560321.38,"NETCASH_INVEST":-27436831.1,"NETCASH_FINANCE":5429052.02,"END_CASH":69230618.24,"DIVI_RATIO":null,"DIVIDEND_RATE":null,"CURRENT_RATIO":3.787207316557,"COMMON_ACS":10000000000,"CURRENTDEBT_DEBT":86.569735475594,"ISSUED_COMMON_SHARES":1200000000,"HK_COMMON_SHARES":1200000000,"PER_SHARES":5000,"TOTAL_MARKET_CAP":175200000,"HKSK_MARKET_CAP":175200000,"PE_TTM":62.750716332378,"PB_TTM":0.589394928243,"REPORT_DATE_SQ":"2020-06-30 00:00:00","REPORT_TYPE_SQ":"2020年中报","OPERATE_INCOME_SQ":230840622.72,"DPS_HKD":null,"OPERATE_INCOME_QOQ_SQ":0,"NET_PROFIT_RATIO_SQ":6.5408963042,"HOLDER_PROFIT_SQ":15099045.76,"HOLDER_PROFIT_QOQ_SQ":0,"ROE_AVG_SQ":null,"PE_TTM_SQ":236.763236763237,"PB_TTM_SQ":0.915903092042,"ROA_SQ":null,"START_DATE":"2021-04-01 00:00:00","FISCAL_YEAR":"3-31","CURRENCY":"HKD","IS_CNY_CODE":0,"DPS_HKD_LY":null,"ORG_TYPE":"一般企业","PREMIUM_INCOME":null,"PREMIUM_INCOME_YOY":null,"NET_INTEREST_INCOME":null,"NET_INTEREST_INCOME_YOY":null,"FEE_COMMISSION_INCOME":null,"FEE_COMMISSION_INCOME_YOY":null,"ACCOUNTS_RECE_TDAYS":93.466648137854,"INVENTORY_TDAYS":null,"CURRENT_ASSETS_TDAYS":1.321953213754,"TOTAL_ASSETS_TDAYS":1.082554985957,"PREMIUM_EXPENSE":null,"LOAN_DEPOSIT":null,"LOAN_EQUITY":null,"LOAN_ASSETS":null,"DEPOSIT_EQUITY":null,"DEPOSIT_ASSETS":null,"EQUITY_MULTIPLIER":1.318733400317,"EQUITY_RATIO":0.318733400316},{"SECUCODE":"01413.HK","SECURITY_CODE":"01413","SECURITY_NAME_ABBR":"铸帝控股","ORG_CODE":"10000109924","STD_REPORT_DATE":"2020-12-31 00:00:00","REPORT_DATE":"2021-03-31 00:00:00","DATE_TYPE_CODE":"001","REPORT_TYPE":"2020年年报","PER_NETCASH_OPERATE":-0.01717659314,"PER_OI":0.4071316578,"BPS":0.15819022765,"BASIC_EPS":0.034398826,"DILUTED_EPS":0.034398826,"OPERATE_INCOME":407131657.8,"OPERATE_INCOME_YOY":18.9921571049,"GROSS_PROFIT":51406383.14,"GROSS_PROFIT_YOY":7.746087018613,"HOLDER_PROFIT":26313834.12,"HOLDER_PROFIT_YOY":-18.9387627578,"GROSS_PROFIT_RATIO":12.626476510764,"EPS_TTM":null,"OPERATE_INCOME_QOQ":0,"NET_PROFIT_RATIO":6.4632247618,"ROE_AVG":20.38746263379,"GROSS_PROFIT_QOQ":0,"ROA":15.656673598033,"HOLDER_PROFIT_QOQ":0,"ROE_YEARLY":20.38746263379,"ROIC_YEARLY":22.642250407261,"TOTAL_ASSETS":238905340.24,"TOTAL_LIABILITIES":49077067.06,"TAX_EBT":22.190288156349,"OCF_SALES":-4.218928400905,"TOTAL_PARENT_EQUITY":189828273.18,"DEBT_ASSET_RATIO":20.5424738563,"OPERATE_PROFIT":35886342.8,"PRETAX_PROFIT":33818187.34,"NETCASH_OPERATE":-17176593.14,"NETCASH_INVEST":-11800403.16,"NETCASH_FINANCE":107238128.76,"END_CASH":90982781.82,"DIVI_RATIO":null,"DIVIDEND_RATE":null,"CURRENT_RATIO":4.759818671312,"COMMON_ACS":10000000000,"CURRENTDEBT_DEBT":86.996056279815,"ISSUED_COMMON_SHARES":1200000000,"HK_COMMON_SHARES":1200000000,"PER_SHARES":5000,"TOTAL_MARKET_CAP":175200000,"HKSK_MARKET_CAP":175200000,"PE_TTM":62.750716332378,"PB_TTM":0.589394928243,"REPORT_DATE_SQ":"2019-12-31 00:00:00","REPORT_TYPE_SQ":"2019年年报","OPERATE_INCOME_SQ":369888602.5,"DPS_HKD":null,"OPERATE_INCOME_QOQ_SQ":0,"NET_PROFIT_RATIO_SQ":9.4875563515,"HOLDER_PROFIT_SQ":35093389.6,"HOLDER_PROFIT_QOQ_SQ":0,"ROE_AVG_SQ":53.257161873596,"PE_TTM_SQ":236.763236763237,"PB_TTM_SQ":0.915903092042,"ROA_SQ":37.069959800984,"START_DATE":"2020-04-01 00:00:00","FISCAL_YEAR":"3-31","CURRENCY":"HKD","IS_CNY_CODE":0,"DPS_HKD_LY":null,"ORG_TYPE":"一般企业","PREMIUM_INCOME":null,"PREMIUM_INCOME_YOY":null,"NET_INTEREST_INCOME":null,"NET_INTEREST_INCOME_YOY":null,"FEE_COMMISSION_INCOME":null,"FEE_COMMISSION_INCOME_YOY":null,"ACCOUNTS_RECE_TDAYS":58.986101757179,"INVENTORY_TDAYS":null,"CURRENT_ASSETS_TDAYS":2.976338691291,"TOTAL_ASSETS_TDAYS":2.422424435957,"PREMIUM_EXPENSE":null,"LOAN_DEPOSIT":null,"LOAN_EQUITY":null,"LOAN_ASSETS":null,"DEPOSIT_EQUITY":null,"DEPOSIT_ASSETS":null,"EQUITY_MULTIPLIER":1.258534022556,"EQUITY_RATIO":0.258534022556},{"SECUCODE":"01413.HK","SECURITY_CODE":"01413","SECURITY_NAME_ABBR":"铸帝控股","ORG_CODE":"10000109924","STD_REPORT_DATE":"2020-06-30 00:00:00","REPORT_DATE":"2020-09-30 00:00:00","DATE_TYPE_CODE":"002","REPORT_TYPE":"2020年中报","PER_NETCASH_OPERATE":null,"PER_OI":null,"BPS":null,"BASIC_EPS":0.020122688,"DILUTED_EPS":0.020122688,"OPERATE_INCOME":230840622.72,"OPERATE_INCOME_YOY":null,"GROSS_PROFIT":29433605.12,"GROSS_PROFIT_YOY":null,"HOLDER_PROFIT":15099045.76,"HOLDER_PROFIT_YOY":null,"GROSS_PROFIT_RATIO":12.750617622316,"EPS_TTM":null,"OPERATE_INCOME_QOQ":0,"NET_PROFIT_RATIO":6.5408963042,"ROE_AVG":null,"GROSS_PROFIT_QOQ":0,"ROA":null,"HOLDER_PROFIT_QOQ":0,"ROE_YEARLY":null,"ROIC_YEARLY":null,"TOTAL_ASSETS":null,"TOTAL_LIABILITIES":null,"TAX_EBT":22.473380256271,"OCF_SALES":-1.127898256954,"TOTAL_PARENT_EQUITY":null,"DEBT_ASSET_RATIO":null,"OPERATE_PROFIT":19513735.04,"PRETAX_PROFIT":19475950.08,"NETCASH_OPERATE":-2603647.36,"NETCASH_INVEST":-4132620.16,"NETCASH_FINANCE":4490259.2,"END_CASH":10980485.12,"DIVI_RATIO":null,"DIVIDEND_RATE":null,"CURRENT_RATIO":null,"COMMON_ACS":10000000000,"CURRENTDEBT_DEBT":null,"ISSUED_COMMON_SHARES":1200000000,"HK_COMMON_SHARES":1200000000,"PER_SHARES":5000,"TOTAL_MARKET_CAP":175200000,"HKSK_MARKET_CAP":175200000,"PE_TTM":62.750716332378,"PB_TTM":0.589394928243,"REPORT_DATE_SQ":"2019-06-30 00:00:00","REPORT_TYPE_SQ":"2019年中报","OPERATE_INCOME_SQ":null,"DPS_HKD":null,"OPERATE_INCOME_QOQ_SQ":0,"NET_PROFIT_RATIO_SQ":null,"HOLDER_PROFIT_SQ":null,"HOLDER_PROFIT_QOQ_SQ":0,"ROE_AVG_SQ":null,"PE_TTM_SQ":236.763236763237,"PB_TTM_SQ":0.915903092042,"ROA_SQ":null,"START_DATE":"2020-04-01 00:00:00","FISCAL_YEAR":"3-31","CURRENCY":"HKD","IS_CNY_CODE":0,"DPS_HKD_LY":null,"ORG_TYPE":"一般企业","PREMIUM_INCOME":null,"PREMIUM_INCOME_YOY":null,"NET_INTEREST_INCOME":null,"NET_INTEREST_INCOME_YOY":null,"FEE_COMMISSION_INCOME":null,"FEE_COMMISSION_INCOME_YOY":null,"ACCOUNTS_RECE_TDAYS":null,"INVENTORY_TDAYS":null,"CURRENT_ASSETS_TDAYS":6.31143838743,"TOTAL_ASSETS_TDAYS":4.56708477847,"PREMIUM_EXPENSE":null,"LOAN_DEPOSIT":null,"LOAN_EQUITY":null,"LOAN_ASSETS":null,"DEPOSIT_EQUITY":null,"DEPOSIT_ASSETS":null,"EQUITY_MULTIPLIER":null,"EQUITY_RATIO":null}],"count":12},"success":true,"message":"ok","code":0}