{"version":"b6d741b4ebd3f3a7318c44a18c224d43","result":{"pages":3,"data":[{"SECUCODE":"01410.HK","SECURITY_CODE":"01410","SECURITY_NAME_ABBR":"安领国际","ORG_CODE":"10638139","STD_REPORT_DATE":"2024-06-30 00:00:00","REPORT_DATE":"2024-09-30 00:00:00","DATE_TYPE_CODE":"002","REPORT_TYPE":"2024年中报","PER_NETCASH_OPERATE":0.032164675782,"PER_OI":0.325167828059,"BPS":0.144343225637,"BASIC_EPS":-0.001082148,"DILUTED_EPS":-0.001082148,"OPERATE_INCOME":326539060.79,"OPERATE_INCOME_YOY":24.5793180325,"GROSS_PROFIT":63798937.13,"GROSS_PROFIT_YOY":1.485629760329,"HOLDER_PROFIT":-1067719.36,"HOLDER_PROFIT_YOY":81.9457151571,"GROSS_PROFIT_RATIO":19.537918978407,"EPS_TTM":0.026823206687,"OPERATE_INCOME_QOQ":0,"NET_PROFIT_RATIO":-0.3294660882,"ROE_AVG":-0.734231692268,"GROSS_PROFIT_QOQ":0,"ROA":-0.139763558777,"HOLDER_PROFIT_QOQ":0,"ROE_YEARLY":-1.468463384535,"ROIC_YEARLY":-0.298152849922,"TOTAL_ASSETS":709534684.53,"TOTAL_LIABILITIES":564582763.51,"TAX_EBT":184.549964564139,"OCF_SALES":9.891715294904,"TOTAL_PARENT_EQUITY":144951921.02,"DEBT_ASSET_RATIO":79.5708477428,"OPERATE_PROFIT":3375399.97,"PRETAX_PROFIT":1272425.69,"NETCASH_OPERATE":32300314.22,"NETCASH_INVEST":-1868508.88,"NETCASH_FINANCE":-38920354.61,"END_CASH":42795346.24,"DIVI_RATIO":null,"DIVIDEND_RATE":null,"CURRENT_RATIO":1.218672074924,"COMMON_ACS":2000000000,"CURRENTDEBT_DEBT":63.47814697741,"ISSUED_COMMON_SHARES":1004217000,"HK_COMMON_SHARES":1004217000,"PER_SHARES":10000,"TOTAL_MARKET_CAP":218919306,"HKSK_MARKET_CAP":218919306,"PE_TTM":6.239328127227,"PB_TTM":1.36196360537,"REPORT_DATE_SQ":"2023-06-30 00:00:00","REPORT_TYPE_SQ":"2023年中报","OPERATE_INCOME_SQ":266717418.17,"DPS_HKD":null,"OPERATE_INCOME_QOQ_SQ":0,"NET_PROFIT_RATIO_SQ":-2.341919569,"HOLDER_PROFIT_SQ":-6017817.54,"HOLDER_PROFIT_QOQ_SQ":0,"ROE_AVG_SQ":-5.002135709055,"PE_TTM_SQ":-25.68202460992,"PB_TTM_SQ":3.155857274244,"ROA_SQ":-0.961695681535,"START_DATE":"2024-04-01 00:00:00","FISCAL_YEAR":"3-31","CURRENCY":"HKD","IS_CNY_CODE":0,"DPS_HKD_LY":null,"ORG_TYPE":"一般企业","PREMIUM_INCOME":null,"PREMIUM_INCOME_YOY":null,"NET_INTEREST_INCOME":null,"NET_INTEREST_INCOME_YOY":null,"FEE_COMMISSION_INCOME":null,"FEE_COMMISSION_INCOME_YOY":null,"ACCOUNTS_RECE_TDAYS":0.889144535312,"INVENTORY_TDAYS":12.65436066713,"CURRENT_ASSETS_TDAYS":0.677145785102,"TOTAL_ASSETS_TDAYS":0.427436861458,"PREMIUM_EXPENSE":null,"LOAN_DEPOSIT":null,"LOAN_EQUITY":null,"LOAN_ASSETS":null,"DEPOSIT_EQUITY":null,"DEPOSIT_ASSETS":null,"EQUITY_MULTIPLIER":4.894965720604,"EQUITY_RATIO":3.894965720614},{"SECUCODE":"01410.HK","SECURITY_CODE":"01410","SECURITY_NAME_ABBR":"安领国际","ORG_CODE":"10638139","STD_REPORT_DATE":"2023-12-31 00:00:00","REPORT_DATE":"2024-03-31 00:00:00","DATE_TYPE_CODE":"001","REPORT_TYPE":"2023年年报","PER_NETCASH_OPERATE":0.012463271683,"PER_OI":0.564550278077,"BPS":0.146042172957,"BASIC_EPS":0.02665257,"DILUTED_EPS":0.026561915,"OPERATE_INCOME":566930986.6,"OPERATE_INCOME_YOY":8.2906489072,"GROSS_PROFIT":124191910.7,"GROSS_PROFIT_YOY":3.323382670104,"HOLDER_PROFIT":26936320.15,"HOLDER_PROFIT_YOY":208.1337797511,"GROSS_PROFIT_RATIO":21.906001547879,"EPS_TTM":-0.013384165009,"OPERATE_INCOME_QOQ":0,"NET_PROFIT_RATIO":4.6204499082,"ROE_AVG":20.09794306045,"GROSS_PROFIT_QOQ":0,"ROA":3.818628940897,"HOLDER_PROFIT_QOQ":0,"ROE_YEARLY":20.09794306045,"ROIC_YEARLY":4.163531371865,"TOTAL_ASSETS":822678713.65,"TOTAL_LIABILITIES":673736174.85,"TAX_EBT":6.700032289312,"OCF_SALES":2.207646009095,"TOTAL_PARENT_EQUITY":146658032.8,"DEBT_ASSET_RATIO":81.8954184266,"OPERATE_PROFIT":32281338.95,"PRETAX_PROFIT":28075853.5,"NETCASH_OPERATE":12515829.3,"NETCASH_INVEST":-4084007.75,"NETCASH_FINANCE":-18732042.65,"END_CASH":50646228.85,"DIVI_RATIO":null,"DIVIDEND_RATE":null,"CURRENT_RATIO":1.174174505586,"COMMON_ACS":2000000000,"CURRENTDEBT_DEBT":67.058223569573,"ISSUED_COMMON_SHARES":1004217000,"HK_COMMON_SHARES":1004217000,"PER_SHARES":10000,"TOTAL_MARKET_CAP":220927740,"HKSK_MARKET_CAP":220927740,"PE_TTM":6.296569669678,"PB_TTM":1.374458684319,"REPORT_DATE_SQ":"2022-12-31 00:00:00","REPORT_TYPE_SQ":"2022年年报","OPERATE_INCOME_SQ":505544022.54,"DPS_HKD":null,"OPERATE_INCOME_QOQ_SQ":0,"NET_PROFIT_RATIO_SQ":-5.0443814135,"HOLDER_PROFIT_SQ":-24054515.98,"HOLDER_PROFIT_QOQ_SQ":0,"ROE_AVG_SQ":-18.697223110579,"PE_TTM_SQ":-27.28715114804,"PB_TTM_SQ":3.353098353884,"ROA_SQ":-4.621751566136,"START_DATE":"2023-04-01 00:00:00","FISCAL_YEAR":"3-31","CURRENCY":"HKD","IS_CNY_CODE":0,"DPS_HKD_LY":null,"ORG_TYPE":"一般企业","PREMIUM_INCOME":null,"PREMIUM_INCOME_YOY":null,"NET_INTEREST_INCOME":null,"NET_INTEREST_INCOME_YOY":null,"FEE_COMMISSION_INCOME":null,"FEE_COMMISSION_INCOME_YOY":null,"ACCOUNTS_RECE_TDAYS":1.749659369098,"INVENTORY_TDAYS":19.397783691464,"CURRENT_ASSETS_TDAYS":1.303872909441,"TOTAL_ASSETS_TDAYS":0.803710031981,"PREMIUM_EXPENSE":null,"LOAN_DEPOSIT":null,"LOAN_EQUITY":null,"LOAN_ASSETS":null,"DEPOSIT_EQUITY":null,"DEPOSIT_ASSETS":null,"EQUITY_MULTIPLIER":5.523463748365,"EQUITY_RATIO":4.593926169518},{"SECUCODE":"01410.HK","SECURITY_CODE":"01410","SECURITY_NAME_ABBR":"安领国际","ORG_CODE":"10638139","STD_REPORT_DATE":"2023-06-30 00:00:00","REPORT_DATE":"2023-09-30 00:00:00","DATE_TYPE_CODE":"002","REPORT_TYPE":"2023年中报","PER_NETCASH_OPERATE":0.008519463674,"PER_OI":0.263487847622,"BPS":0.117239365854,"BASIC_EPS":-0.005964595,"DILUTED_EPS":-0.005964595,"OPERATE_INCOME":266717418.17,"OPERATE_INCOME_YOY":-3.398961733,"GROSS_PROFIT":62864996.04,"GROSS_PROFIT_YOY":-4.014287380093,"HOLDER_PROFIT":-6017817.54,"HOLDER_PROFIT_YOY":64.105090312,"GROSS_PROFIT_RATIO":23.569887737865,"EPS_TTM":-0.023763249827,"OPERATE_INCOME_QOQ":0,"NET_PROFIT_RATIO":-2.341919569,"ROE_AVG":-5.002135709055,"GROSS_PROFIT_QOQ":0,"ROA":-0.961695681535,"HOLDER_PROFIT_QOQ":0,"ROE_YEARLY":-10.004271418111,"ROIC_YEARLY":-2.087559397002,"TOTAL_ASSETS":656207306.93,"TOTAL_LIABILITIES":535638983.6,"TAX_EBT":-33.235466823253,"OCF_SALES":3.233342163841,"TOTAL_PARENT_EQUITY":117733764.26,"DEBT_ASSET_RATIO":81.6264887549,"OPERATE_PROFIT":-2661127,"PRETAX_PROFIT":-4688171.67,"NETCASH_OPERATE":8623886.74,"NETCASH_INVEST":-5153410.08,"NETCASH_FINANCE":-34097295.54,"END_CASH":30866320.31,"DIVI_RATIO":null,"DIVIDEND_RATE":null,"CURRENT_RATIO":1.072295826009,"COMMON_ACS":2000000000,"CURRENTDEBT_DEBT":65.300143904612,"ISSUED_COMMON_SHARES":1004217000,"HK_COMMON_SHARES":1004217000,"PER_SHARES":10000,"TOTAL_MARKET_CAP":220927740,"HKSK_MARKET_CAP":220927740,"PE_TTM":6.296569669678,"PB_TTM":1.374458684319,"REPORT_DATE_SQ":"2022-06-30 00:00:00","REPORT_TYPE_SQ":"2022年中报","OPERATE_INCOME_SQ":272133333.84,"DPS_HKD":null,"OPERATE_INCOME_QOQ_SQ":0,"NET_PROFIT_RATIO_SQ":-6.2239519286,"HOLDER_PROFIT_SQ":-16524118.8,"HOLDER_PROFIT_QOQ_SQ":0,"ROE_AVG_SQ":-12.093811437158,"PE_TTM_SQ":-27.28715114804,"PB_TTM_SQ":3.353098353884,"ROA_SQ":-3.320710272118,"START_DATE":"2023-04-01 00:00:00","FISCAL_YEAR":"3-31","CURRENCY":"HKD","IS_CNY_CODE":0,"DPS_HKD_LY":null,"ORG_TYPE":"一般企业","PREMIUM_INCOME":null,"PREMIUM_INCOME_YOY":null,"NET_INTEREST_INCOME":null,"NET_INTEREST_INCOME_YOY":null,"FEE_COMMISSION_INCOME":null,"FEE_COMMISSION_INCOME_YOY":null,"ACCOUNTS_RECE_TDAYS":null,"INVENTORY_TDAYS":16.713764435918,"CURRENT_ASSETS_TDAYS":0.742605156558,"TOTAL_ASSETS_TDAYS":0.426235902866,"PREMIUM_EXPENSE":null,"LOAN_DEPOSIT":null,"LOAN_EQUITY":null,"LOAN_ASSETS":null,"DEPOSIT_EQUITY":null,"DEPOSIT_ASSETS":null,"EQUITY_MULTIPLIER":5.442617835318,"EQUITY_RATIO":4.549578338607},{"SECUCODE":"01410.HK","SECURITY_CODE":"01410","SECURITY_NAME_ABBR":"安领国际","ORG_CODE":"10638139","STD_REPORT_DATE":"2022-12-31 00:00:00","REPORT_DATE":"2023-03-31 00:00:00","DATE_TYPE_CODE":"001","REPORT_TYPE":"2022年年报","PER_NETCASH_OPERATE":0.019980437346,"PER_OI":0.499678792869,"BPS":0.116730399366,"BASIC_EPS":-0.023811152,"DILUTED_EPS":-0.023811152,"OPERATE_INCOME":505544022.54,"OPERATE_INCOME_YOY":9.9186688568,"GROSS_PROFIT":120197294.64,"GROSS_PROFIT_YOY":15.419658239699,"HOLDER_PROFIT":-24054515.98,"HOLDER_PROFIT_YOY":-220.5757163544,"GROSS_PROFIT_RATIO":23.77583143721,"EPS_TTM":-0.079509196739,"OPERATE_INCOME_QOQ":0,"NET_PROFIT_RATIO":-5.0443814135,"ROE_AVG":-18.697223110579,"GROSS_PROFIT_QOQ":0,"ROA":-4.621751566136,"HOLDER_PROFIT_QOQ":0,"ROE_YEARLY":-18.697223110579,"ROIC_YEARLY":-5.161021310484,"TOTAL_ASSETS":567904729.3,"TOTAL_LIABILITIES":447759959.26,"TAX_EBT":-18.863228333605,"OCF_SALES":3.998656263095,"TOTAL_PARENT_EQUITY":117222651.46,"DEBT_ASSET_RATIO":78.8442032895,"OPERATE_PROFIT":-18518423.14,"PRETAX_PROFIT":-21454548.28,"NETCASH_OPERATE":20214967.72,"NETCASH_INVEST":-9951660.88,"NETCASH_FINANCE":5368889.53,"END_CASH":58818797.9,"DIVI_RATIO":null,"DIVIDEND_RATE":null,"CURRENT_RATIO":1.070923082208,"COMMON_ACS":2000000000,"CURRENTDEBT_DEBT":68.292778296962,"ISSUED_COMMON_SHARES":1004217000,"HK_COMMON_SHARES":1004217000,"PER_SHARES":10000,"TOTAL_MARKET_CAP":220927740,"HKSK_MARKET_CAP":220927740,"PE_TTM":6.296569669678,"PB_TTM":1.374458684319,"REPORT_DATE_SQ":"2021-12-31 00:00:00","REPORT_TYPE_SQ":"2021年年报","OPERATE_INCOME_SQ":426090866.83,"DPS_HKD":null,"OPERATE_INCOME_QOQ_SQ":0,"NET_PROFIT_RATIO_SQ":4.0088849468,"HOLDER_PROFIT_SQ":18482106.89,"HOLDER_PROFIT_QOQ_SQ":0,"ROE_AVG_SQ":15.198847531329,"PE_TTM_SQ":-27.28715114804,"PB_TTM_SQ":3.353098353884,"ROA_SQ":4.926211665625,"START_DATE":"2022-04-01 00:00:00","FISCAL_YEAR":"3-31","CURRENCY":"HKD","IS_CNY_CODE":0,"DPS_HKD_LY":null,"ORG_TYPE":"一般企业","PREMIUM_INCOME":null,"PREMIUM_INCOME_YOY":null,"NET_INTEREST_INCOME":null,"NET_INTEREST_INCOME_YOY":null,"FEE_COMMISSION_INCOME":null,"FEE_COMMISSION_INCOME_YOY":null,"ACCOUNTS_RECE_TDAYS":2.10391058196,"INVENTORY_TDAYS":27.345239944091,"CURRENT_ASSETS_TDAYS":1.768394556657,"TOTAL_ASSETS_TDAYS":0.971334812917,"PREMIUM_EXPENSE":null,"LOAN_DEPOSIT":null,"LOAN_EQUITY":null,"LOAN_ASSETS":null,"DEPOSIT_EQUITY":null,"DEPOSIT_ASSETS":null,"EQUITY_MULTIPLIER":4.726836874471,"EQUITY_RATIO":3.81973922005},{"SECUCODE":"01410.HK","SECURITY_CODE":"01410","SECURITY_NAME_ABBR":"安领国际","ORG_CODE":"10638139","STD_REPORT_DATE":"2022-06-30 00:00:00","REPORT_DATE":"2022-09-30 00:00:00","DATE_TYPE_CODE":"002","REPORT_TYPE":"2022年中报","PER_NETCASH_OPERATE":-0.013456581961,"PER_OI":0.268976092467,"BPS":0.127997438721,"BASIC_EPS":-0.016370364,"DILUTED_EPS":-0.016370364,"OPERATE_INCOME":272133333.84,"OPERATE_INCOME_YOY":25.5030365723,"GROSS_PROFIT":65494118.16,"GROSS_PROFIT_YOY":27.072893912986,"HOLDER_PROFIT":-16524118.8,"HOLDER_PROFIT_YOY":-118.4707773498,"GROSS_PROFIT_RATIO":24.066922355975,"EPS_TTM":0.018267680852,"OPERATE_INCOME_QOQ":0,"NET_PROFIT_RATIO":-6.2239519286,"ROE_AVG":-12.093811437158,"GROSS_PROFIT_QOQ":0,"ROA":-3.320710272118,"HOLDER_PROFIT_QOQ":0,"ROE_YEARLY":-24.187622874316,"ROIC_YEARLY":-7.221208297473,"TOTAL_ASSETS":506508106.56,"TOTAL_LIABILITIES":374231947.68,"TAX_EBT":-25.53291325915,"OCF_SALES":-5.002891460553,"TOTAL_PARENT_EQUITY":128537203.92,"DEBT_ASSET_RATIO":73.8846906561,"OPERATE_PROFIT":-12451425.48,"PRETAX_PROFIT":-13492435.92,"NETCASH_OPERATE":-13614535.32,"NETCASH_INVEST":-816709.32,"NETCASH_FINANCE":-1996099.08,"END_CASH":27582706.68,"DIVI_RATIO":null,"DIVIDEND_RATE":null,"CURRENT_RATIO":1.127749511859,"COMMON_ACS":2000000000,"CURRENTDEBT_DEBT":69.066539060159,"ISSUED_COMMON_SHARES":1004217000,"HK_COMMON_SHARES":1004217000,"PER_SHARES":10000,"TOTAL_MARKET_CAP":220927740,"HKSK_MARKET_CAP":220927740,"PE_TTM":6.296569669678,"PB_TTM":1.374458684319,"REPORT_DATE_SQ":"2021-06-30 00:00:00","REPORT_TYPE_SQ":"2021年中报","OPERATE_INCOME_SQ":199721136.64,"DPS_HKD":null,"OPERATE_INCOME_QOQ_SQ":0,"NET_PROFIT_RATIO_SQ":40.9274058996,"HOLDER_PROFIT_SQ":82400463.78,"HOLDER_PROFIT_QOQ_SQ":0,"ROE_AVG_SQ":53.438323045962,"PE_TTM_SQ":-27.28715114804,"PB_TTM_SQ":3.353098353884,"ROA_SQ":21.044938548984,"START_DATE":"2022-04-01 00:00:00","FISCAL_YEAR":"3-31","CURRENCY":"HKD","IS_CNY_CODE":0,"DPS_HKD_LY":null,"ORG_TYPE":"一般企业","PREMIUM_INCOME":null,"PREMIUM_INCOME_YOY":null,"NET_INTEREST_INCOME":null,"NET_INTEREST_INCOME_YOY":null,"FEE_COMMISSION_INCOME":null,"FEE_COMMISSION_INCOME_YOY":null,"ACCOUNTS_RECE_TDAYS":null,"INVENTORY_TDAYS":13.039894983163,"CURRENT_ASSETS_TDAYS":1.000731708939,"TOTAL_ASSETS_TDAYS":0.546882994492,"PREMIUM_EXPENSE":null,"LOAN_DEPOSIT":null,"LOAN_EQUITY":null,"LOAN_ASSETS":null,"DEPOSIT_EQUITY":null,"DEPOSIT_ASSETS":null,"EQUITY_MULTIPLIER":3.829171566882,"EQUITY_RATIO":2.911467935096},{"SECUCODE":"01410.HK","SECURITY_CODE":"01410","SECURITY_NAME_ABBR":"安领国际","ORG_CODE":"10638139","STD_REPORT_DATE":"2021-12-31 00:00:00","REPORT_DATE":"2022-03-31 00:00:00","DATE_TYPE_CODE":"001","REPORT_TYPE":"2021年年报","PER_NETCASH_OPERATE":0.015993875953,"PER_OI":0.421177411152,"BPS":0.129232845291,"BASIC_EPS":0.018409927,"DILUTED_EPS":0.018409927,"OPERATE_INCOME":426090866.83,"OPERATE_INCOME_YOY":27.9845556083,"GROSS_PROFIT":104139361.07,"GROSS_PROFIT_YOY":-0.642996855174,"HOLDER_PROFIT":18482106.89,"HOLDER_PROFIT_YOY":-34.3993782204,"GROSS_PROFIT_RATIO":24.440646157184,"EPS_TTM":0.097929279791,"OPERATE_INCOME_QOQ":0,"NET_PROFIT_RATIO":4.0088849468,"ROE_AVG":15.198847531329,"GROSS_PROFIT_QOQ":0,"ROA":4.926211665625,"HOLDER_PROFIT_QOQ":0,"ROE_YEARLY":15.198847531329,"ROIC_YEARLY":5.741777484391,"TOTAL_ASSETS":438223576.43,"TOTAL_LIABILITIES":304722409.32,"TAX_EBT":12.736161750083,"OCF_SALES":3.797420167763,"TOTAL_PARENT_EQUITY":129777820.2,"DEBT_ASSET_RATIO":69.5358318698,"OPERATE_PROFIT":21168172.01,"PRETAX_PROFIT":19574537.36,"NETCASH_OPERATE":16180460.51,"NETCASH_INVEST":-49439980.61,"NETCASH_FINANCE":13865837.97,"END_CASH":39841677.26,"DIVI_RATIO":null,"DIVIDEND_RATE":null,"CURRENT_RATIO":1.113267239832,"COMMON_ACS":2000000000,"CURRENTDEBT_DEBT":66.711113240288,"ISSUED_COMMON_SHARES":1004217000,"HK_COMMON_SHARES":1004217000,"PER_SHARES":10000,"TOTAL_MARKET_CAP":220927740,"HKSK_MARKET_CAP":220927740,"PE_TTM":6.296569669678,"PB_TTM":1.374458684319,"REPORT_DATE_SQ":"2020-12-31 00:00:00","REPORT_TYPE_SQ":"2020年年报","OPERATE_INCOME_SQ":346950615.9,"DPS_HKD":null,"OPERATE_INCOME_QOQ_SQ":0,"NET_PROFIT_RATIO_SQ":8.3450871488,"HOLDER_PROFIT_SQ":29360708.02,"HOLDER_PROFIT_QOQ_SQ":0,"ROE_AVG_SQ":27.48643045907,"PE_TTM_SQ":-27.28715114804,"PB_TTM_SQ":3.353098353884,"ROA_SQ":9.638036103447,"START_DATE":"2021-04-01 00:00:00","FISCAL_YEAR":"3-31","CURRENCY":"HKD","IS_CNY_CODE":0,"DPS_HKD_LY":0.01,"ORG_TYPE":"一般企业","PREMIUM_INCOME":null,"PREMIUM_INCOME_YOY":null,"NET_INTEREST_INCOME":null,"NET_INTEREST_INCOME_YOY":null,"FEE_COMMISSION_INCOME":null,"FEE_COMMISSION_INCOME_YOY":null,"ACCOUNTS_RECE_TDAYS":null,"INVENTORY_TDAYS":42.543778801843,"CURRENT_ASSETS_TDAYS":2.0236420187,"TOTAL_ASSETS_TDAYS":1.135700497398,"PREMIUM_EXPENSE":null,"LOAN_DEPOSIT":null,"LOAN_EQUITY":null,"LOAN_ASSETS":null,"DEPOSIT_EQUITY":null,"DEPOSIT_ASSETS":null,"EQUITY_MULTIPLIER":3.282544908911,"EQUITY_RATIO":2.348031496063},{"SECUCODE":"01410.HK","SECURITY_CODE":"01410","SECURITY_NAME_ABBR":"安领国际","ORG_CODE":"10638139","STD_REPORT_DATE":"2021-06-30 00:00:00","REPORT_DATE":"2021-09-30 00:00:00","DATE_TYPE_CODE":"002","REPORT_TYPE":"2021年中报","PER_NETCASH_OPERATE":0.000594364294,"PER_OI":0.198738177614,"BPS":0.19107876208,"BASIC_EPS":0.081973104,"DILUTED_EPS":0.081973104,"OPERATE_INCOME":199721136.64,"OPERATE_INCOME_YOY":19.5742600924,"GROSS_PROFIT":51540589.14,"GROSS_PROFIT_YOY":4.161116738559,"HOLDER_PROFIT":82400463.78,"HOLDER_PROFIT_YOY":560.3885699025,"GROSS_PROFIT_RATIO":25.806276695142,"EPS_TTM":0.029216204672,"OPERATE_INCOME_QOQ":0,"NET_PROFIT_RATIO":40.9274058996,"ROE_AVG":53.438323045962,"GROSS_PROFIT_QOQ":0,"ROA":21.044938548984,"HOLDER_PROFIT_QOQ":0,"ROE_YEARLY":106.876646091925,"ROIC_YEARLY":48.920030713192,"TOTAL_ASSETS":462469926.76,"TOTAL_LIABILITIES":266648343.98,"TAX_EBT":3.739711379043,"OCF_SALES":0.299069006941,"TOTAL_PARENT_EQUITY":191884541.22,"DEBT_ASSET_RATIO":57.6574450685,"OPERATE_PROFIT":85704379.74,"PRETAX_PROFIT":84916304.98,"NETCASH_OPERATE":597304.02,"NETCASH_INVEST":-37438549.46,"NETCASH_FINANCE":16652869.4,"END_CASH":40667490.02,"DIVI_RATIO":null,"DIVIDEND_RATE":null,"CURRENT_RATIO":1.203709068459,"COMMON_ACS":2000000000,"CURRENTDEBT_DEBT":65.784499645405,"ISSUED_COMMON_SHARES":1004217000,"HK_COMMON_SHARES":1004217000,"PER_SHARES":10000,"TOTAL_MARKET_CAP":220927740,"HKSK_MARKET_CAP":220927740,"PE_TTM":6.296569669678,"PB_TTM":1.374458684319,"REPORT_DATE_SQ":"2020-06-30 00:00:00","REPORT_TYPE_SQ":"2020年中报","OPERATE_INCOME_SQ":176181602.56,"DPS_HKD":null,"OPERATE_INCOME_QOQ_SQ":0,"NET_PROFIT_RATIO_SQ":7.4703987072,"HOLDER_PROFIT_SQ":13161468.16,"HOLDER_PROFIT_QOQ_SQ":0,"ROE_AVG_SQ":12.855162706468,"PE_TTM_SQ":-27.28715114804,"PB_TTM_SQ":3.353098353884,"ROA_SQ":4.277601424534,"START_DATE":"2021-04-01 00:00:00","FISCAL_YEAR":"3-31","CURRENCY":"HKD","IS_CNY_CODE":0,"DPS_HKD_LY":0.01,"ORG_TYPE":"一般企业","PREMIUM_INCOME":null,"PREMIUM_INCOME_YOY":null,"NET_INTEREST_INCOME":null,"NET_INTEREST_INCOME_YOY":null,"FEE_COMMISSION_INCOME":null,"FEE_COMMISSION_INCOME_YOY":null,"ACCOUNTS_RECE_TDAYS":null,"INVENTORY_TDAYS":21.114012701051,"CURRENT_ASSETS_TDAYS":0.971295917417,"TOTAL_ASSETS_TDAYS":0.510084392091,"PREMIUM_EXPENSE":null,"LOAN_DEPOSIT":null,"LOAN_EQUITY":null,"LOAN_ASSETS":null,"DEPOSIT_EQUITY":null,"DEPOSIT_ASSETS":null,"EQUITY_MULTIPLIER":2.361690270268,"EQUITY_RATIO":1.389629108654},{"SECUCODE":"01410.HK","SECURITY_CODE":"01410","SECURITY_NAME_ABBR":"安领国际","ORG_CODE":"10638139","STD_REPORT_DATE":"2020-12-31 00:00:00","REPORT_DATE":"2021-03-31 00:00:00","DATE_TYPE_CODE":"001","REPORT_TYPE":"2020年年报","PER_NETCASH_OPERATE":0.02937179343,"PER_OI":0.345243043805,"BPS":0.117708806403,"BASIC_EPS":0.029243228,"DILUTED_EPS":0.029243228,"OPERATE_INCOME":346950615.9,"OPERATE_INCOME_YOY":4.1018943524,"GROSS_PROFIT":104813307.34,"GROSS_PROFIT_YOY":9.417248136458,"HOLDER_PROFIT":29360708.02,"HOLDER_PROFIT_YOY":48.8133995888,"GROSS_PROFIT_RATIO":30.209863460859,"EPS_TTM":0.024944208435,"OPERATE_INCOME_QOQ":0,"NET_PROFIT_RATIO":8.3450871488,"ROE_AVG":27.48643045907,"GROSS_PROFIT_QOQ":0,"ROA":9.638036103447,"HOLDER_PROFIT_QOQ":0,"ROE_YEARLY":27.48643045907,"ROIC_YEARLY":12.197404202502,"TOTAL_ASSETS":325285271.78,"TOTAL_LIABILITIES":203430600.1,"TAX_EBT":20.668334028067,"OCF_SALES":8.507569944337,"TOTAL_PARENT_EQUITY":118205184.44,"DEBT_ASSET_RATIO":62.5391364899,"OPERATE_PROFIT":37635020.22,"PRETAX_PROFIT":36496562.76,"NETCASH_OPERATE":29517066.32,"NETCASH_INVEST":-14215082.42,"NETCASH_FINANCE":-15448200.04,"END_CASH":62021843.94,"DIVI_RATIO":null,"DIVIDEND_RATE":null,"CURRENT_RATIO":1.481566692367,"COMMON_ACS":2000000000,"CURRENTDEBT_DEBT":67.357028604666,"ISSUED_COMMON_SHARES":1004217000,"HK_COMMON_SHARES":1004217000,"PER_SHARES":10000,"TOTAL_MARKET_CAP":220927740,"HKSK_MARKET_CAP":220927740,"PE_TTM":6.296569669678,"PB_TTM":1.374458684319,"REPORT_DATE_SQ":"2019-12-31 00:00:00","REPORT_TYPE_SQ":"2019年年报","OPERATE_INCOME_SQ":360299321,"DPS_HKD":null,"OPERATE_INCOME_QOQ_SQ":0,"NET_PROFIT_RATIO_SQ":5.9199147922,"HOLDER_PROFIT_SQ":21329412.8,"HOLDER_PROFIT_QOQ_SQ":0,"ROE_AVG_SQ":20.058429283382,"PE_TTM_SQ":-27.28715114804,"PB_TTM_SQ":3.353098353884,"ROA_SQ":7.167860081799,"START_DATE":"2020-04-01 00:00:00","FISCAL_YEAR":"3-31","CURRENCY":"HKD","IS_CNY_CODE":0,"DPS_HKD_LY":0.01,"ORG_TYPE":"一般企业","PREMIUM_INCOME":null,"PREMIUM_INCOME_YOY":null,"NET_INTEREST_INCOME":null,"NET_INTEREST_INCOME_YOY":null,"FEE_COMMISSION_INCOME":null,"FEE_COMMISSION_INCOME_YOY":null,"ACCOUNTS_RECE_TDAYS":null,"INVENTORY_TDAYS":43.319271187722,"CURRENT_ASSETS_TDAYS":1.704369235368,"TOTAL_ASSETS_TDAYS":1.138910737398,"PREMIUM_EXPENSE":null,"LOAN_DEPOSIT":null,"LOAN_EQUITY":null,"LOAN_ASSETS":null,"DEPOSIT_EQUITY":null,"DEPOSIT_ASSETS":null,"EQUITY_MULTIPLIER":2.669452613473,"EQUITY_RATIO":1.720995581232},{"SECUCODE":"01410.HK","SECURITY_CODE":"01410","SECURITY_NAME_ABBR":"安领国际","ORG_CODE":"10638139","STD_REPORT_DATE":"2020-06-30 00:00:00","REPORT_DATE":"2020-09-30 00:00:00","DATE_TYPE_CODE":"002","REPORT_TYPE":"2020年中报","PER_NETCASH_OPERATE":0.032453179375,"PER_OI":0.175314497058,"BPS":0.105102478209,"BASIC_EPS":0.013092928,"DILUTED_EPS":0.013092928,"OPERATE_INCOME":176181602.56,"OPERATE_INCOME_YOY":3.8747480818,"GROSS_PROFIT":49481601.92,"GROSS_PROFIT_YOY":2.607492330759,"HOLDER_PROFIT":13161468.16,"HOLDER_PROFIT_YOY":43.3713027663,"GROSS_PROFIT_RATIO":28.085566938324,"EPS_TTM":0.021298615003,"OPERATE_INCOME_QOQ":0,"NET_PROFIT_RATIO":7.4703987072,"ROE_AVG":12.855162706468,"GROSS_PROFIT_QOQ":0,"ROA":4.277601424534,"HOLDER_PROFIT_QOQ":0,"ROE_YEARLY":25.710325412935,"ROIC_YEARLY":11.14728964868,"TOTAL_ASSETS":320115059.84,"TOTAL_LIABILITIES":214569364.48,"TAX_EBT":21.056237811627,"OCF_SALES":18.511406597572,"TOTAL_PARENT_EQUITY":105545695.36,"DEBT_ASSET_RATIO":67.0288253815,"OPERATE_PROFIT":17215003.52,"PRETAX_PROFIT":16671954.56,"NETCASH_OPERATE":32613692.8,"NETCASH_INVEST":-6255607.68,"NETCASH_FINANCE":-12830190.72,"END_CASH":78453879.04,"DIVI_RATIO":null,"DIVIDEND_RATE":null,"CURRENT_RATIO":1.544487772367,"COMMON_ACS":2000000000,"CURRENTDEBT_DEBT":70.048406119975,"ISSUED_COMMON_SHARES":1004217000,"HK_COMMON_SHARES":1004217000,"PER_SHARES":10000,"TOTAL_MARKET_CAP":220927740,"HKSK_MARKET_CAP":220927740,"PE_TTM":6.296569669678,"PB_TTM":1.374458684319,"REPORT_DATE_SQ":"2019-06-30 00:00:00","REPORT_TYPE_SQ":"2019年中报","OPERATE_INCOME_SQ":174105068.19,"DPS_HKD":null,"OPERATE_INCOME_QOQ_SQ":3.923061809944,"NET_PROFIT_RATIO_SQ":5.4124205389,"HOLDER_PROFIT_SQ":9423298.47,"HOLDER_PROFIT_QOQ_SQ":3.53110690596,"ROE_AVG_SQ":9.507212085362,"PE_TTM_SQ":-27.28715114804,"PB_TTM_SQ":3.353098353884,"ROA_SQ":3.208015894219,"START_DATE":"2020-04-01 00:00:00","FISCAL_YEAR":"3-31","CURRENCY":"HKD","IS_CNY_CODE":0,"DPS_HKD_LY":0.01,"ORG_TYPE":"一般企业","PREMIUM_INCOME":null,"PREMIUM_INCOME_YOY":null,"NET_INTEREST_INCOME":null,"NET_INTEREST_INCOME_YOY":null,"FEE_COMMISSION_INCOME":null,"FEE_COMMISSION_INCOME_YOY":null,"ACCOUNTS_RECE_TDAYS":1.229212009,"INVENTORY_TDAYS":17.984034923605,"CURRENT_ASSETS_TDAYS":0.792968023888,"TOTAL_ASSETS_TDAYS":0.572606843648,"PREMIUM_EXPENSE":null,"LOAN_DEPOSIT":null,"LOAN_EQUITY":null,"LOAN_ASSETS":null,"DEPOSIT_EQUITY":null,"DEPOSIT_ASSETS":null,"EQUITY_MULTIPLIER":3.032952303249,"EQUITY_RATIO":2.032952303248}],"count":27},"success":true,"message":"ok","code":0}