{"version":"95aba606045e9e24b7ca546831cbd5b3","result":{"pages":2,"data":[{"SECUCODE":"01429.HK","SECURITY_CODE":"01429","SECURITY_NAME_ABBR":"天任集团","ORG_CODE":"10000066118","STD_REPORT_DATE":"2024-06-30 00:00:00","REPORT_DATE":"2024-09-30 00:00:00","DATE_TYPE_CODE":"002","REPORT_TYPE":"2024年中报","PER_NETCASH_OPERATE":-0.001600113631,"PER_OI":0.113457017994,"BPS":0.188353495588,"BASIC_EPS":-0.013617029,"DILUTED_EPS":-0.013617029,"OPERATE_INCOME":181531228.79,"OPERATE_INCOME_YOY":-28.0952295905,"GROSS_PROFIT":1218318.29,"GROSS_PROFIT_YOY":-90.419402309054,"HOLDER_PROFIT":-21812496.52,"HOLDER_PROFIT_YOY":-472.7681742837,"GROSS_PROFIT_RATIO":0.671134271563,"EPS_TTM":-0.018355371125,"OPERATE_INCOME_QOQ":0,"NET_PROFIT_RATIO":-12.0158369804,"ROE_AVG":-6.985098764006,"GROSS_PROFIT_QOQ":0,"ROA":-5.516461236186,"HOLDER_PROFIT_QOQ":0,"ROE_YEARLY":-13.970197528012,"ROIC_YEARLY":-11.335512518599,"TOTAL_ASSETS":370522966.25,"TOTAL_LIABILITIES":69157373.31,"TAX_EBT":null,"OCF_SALES":-1.410325830473,"TOTAL_PARENT_EQUITY":301365592.94,"DEBT_ASSET_RATIO":18.6648007301,"OPERATE_PROFIT":-20214524.64,"PRETAX_PROFIT":-21812496.52,"NETCASH_OPERATE":-2560181.81,"NETCASH_INVEST":null,"NETCASH_FINANCE":-519431.04,"END_CASH":9015194.63,"DIVI_RATIO":null,"DIVIDEND_RATE":null,"CURRENT_RATIO":6.23603306803,"COMMON_ACS":4000000000,"CURRENTDEBT_DEBT":84.70184772262,"ISSUED_COMMON_SHARES":1600000000,"HK_COMMON_SHARES":1600000000,"PER_SHARES":8000,"TOTAL_MARKET_CAP":44800000,"HKSK_MARKET_CAP":44800000,"PE_TTM":-0.85559863257,"PB_TTM":0.134057081984,"REPORT_DATE_SQ":"2023-06-30 00:00:00","REPORT_TYPE_SQ":"2023年中报","OPERATE_INCOME_SQ":256895106.65,"DPS_HKD":null,"OPERATE_INCOME_QOQ_SQ":0,"NET_PROFIT_RATIO_SQ":-1.5084567163,"HOLDER_PROFIT_SQ":-3875151.49,"HOLDER_PROFIT_QOQ_SQ":0,"ROE_AVG_SQ":-1.082495764091,"PE_TTM_SQ":-8.69938474746,"PB_TTM_SQ":0.156111989812,"ROA_SQ":-0.868372567405,"START_DATE":"2024-04-01 00:00:00","FISCAL_YEAR":"3-31","CURRENCY":"HKD","IS_CNY_CODE":0,"DPS_HKD_LY":null,"ORG_TYPE":"一般企业","PREMIUM_INCOME":null,"PREMIUM_INCOME_YOY":null,"NET_INTEREST_INCOME":null,"NET_INTEREST_INCOME_YOY":null,"FEE_COMMISSION_INCOME":null,"FEE_COMMISSION_INCOME_YOY":null,"ACCOUNTS_RECE_TDAYS":0.680679187991,"INVENTORY_TDAYS":null,"CURRENT_ASSETS_TDAYS":0.468522126098,"TOTAL_ASSETS_TDAYS":0.459099207585,"PREMIUM_EXPENSE":null,"LOAN_DEPOSIT":null,"LOAN_EQUITY":null,"LOAN_ASSETS":null,"DEPOSIT_EQUITY":null,"DEPOSIT_ASSETS":null,"EQUITY_MULTIPLIER":1.229479990184,"EQUITY_RATIO":0.229479990185},{"SECUCODE":"01429.HK","SECURITY_CODE":"01429","SECURITY_NAME_ABBR":"天任集团","ORG_CODE":"10000066118","STD_REPORT_DATE":"2023-12-31 00:00:00","REPORT_DATE":"2024-03-31 00:00:00","DATE_TYPE_CODE":"001","REPORT_TYPE":"2023年年报","PER_NETCASH_OPERATE":-0.008255270938,"PER_OI":0.344533194313,"BPS":0.203052468563,"BASIC_EPS":-0.01831231,"DILUTED_EPS":null,"OPERATE_INCOME":551253110.9,"OPERATE_INCOME_YOY":-0.7673226933,"GROSS_PROFIT":7887891.55,"GROSS_PROFIT_YOY":-78.393614051923,"HOLDER_PROFIT":-29368593.8,"HOLDER_PROFIT_YOY":-205.9419863305,"GROSS_PROFIT_RATIO":1.430901956657,"EPS_TTM":-0.004593263381,"OPERATE_INCOME_QOQ":0,"NET_PROFIT_RATIO":-5.3276059979,"ROE_AVG":-8.648804502205,"GROSS_PROFIT_QOQ":0,"ROA":-6.773374424636,"HOLDER_PROFIT_QOQ":0,"ROE_YEARLY":-8.648804502205,"ROIC_YEARLY":-7.05331132893,"TOTAL_ASSETS":422510319.2,"TOTAL_LIABILITIES":97626369.5,"TAX_EBT":-0.378013261449,"OCF_SALES":-2.396074187851,"TOTAL_PARENT_EQUITY":324883949.7,"DEBT_ASSET_RATIO":23.106268667,"OPERATE_PROFIT":-27438548.85,"PRETAX_PROFIT":-29257994.7,"NETCASH_OPERATE":-13208433.5,"NETCASH_INVEST":null,"NETCASH_FINANCE":3108559.95,"END_CASH":12158648.6,"DIVI_RATIO":null,"DIVIDEND_RATE":null,"CURRENT_RATIO":4.775466005025,"COMMON_ACS":4000000000,"CURRENTDEBT_DEBT":88.32482124617,"ISSUED_COMMON_SHARES":1600000000,"HK_COMMON_SHARES":1600000000,"PER_SHARES":8000,"TOTAL_MARKET_CAP":41600000,"HKSK_MARKET_CAP":41600000,"PE_TTM":-0.794484444529,"PB_TTM":0.124481576128,"REPORT_DATE_SQ":"2022-12-31 00:00:00","REPORT_TYPE_SQ":"2022年年报","OPERATE_INCOME_SQ":536433739.8,"DPS_HKD":null,"OPERATE_INCOME_QOQ_SQ":0,"NET_PROFIT_RATIO_SQ":5.4662358432,"HOLDER_PROFIT_SQ":26769162.39,"HOLDER_PROFIT_QOQ_SQ":0,"ROE_AVG_SQ":8.886318475934,"PE_TTM_SQ":-10.301902990414,"PB_TTM_SQ":0.184869461619,"ROA_SQ":7.162996885328,"START_DATE":"2023-04-01 00:00:00","FISCAL_YEAR":"3-31","CURRENCY":"HKD","IS_CNY_CODE":0,"DPS_HKD_LY":null,"ORG_TYPE":"一般企业","PREMIUM_INCOME":null,"PREMIUM_INCOME_YOY":null,"NET_INTEREST_INCOME":null,"NET_INTEREST_INCOME_YOY":null,"FEE_COMMISSION_INCOME":null,"FEE_COMMISSION_INCOME_YOY":null,"ACCOUNTS_RECE_TDAYS":1.88384838205,"INVENTORY_TDAYS":null,"CURRENT_ASSETS_TDAYS":1.324031463488,"TOTAL_ASSETS_TDAYS":1.271373000798,"PREMIUM_EXPENSE":null,"LOAN_DEPOSIT":null,"LOAN_EQUITY":null,"LOAN_ASSETS":null,"DEPOSIT_EQUITY":null,"DEPOSIT_ASSETS":null,"EQUITY_MULTIPLIER":1.300496129742,"EQUITY_RATIO":0.300496129742},{"SECUCODE":"01429.HK","SECURITY_CODE":"01429","SECURITY_NAME_ABBR":"天任集团","ORG_CODE":"10000066118","STD_REPORT_DATE":"2023-06-30 00:00:00","REPORT_DATE":"2023-09-30 00:00:00","DATE_TYPE_CODE":"002","REPORT_TYPE":"2023年中报","PER_NETCASH_OPERATE":0.00077539735,"PER_OI":0.160559441656,"BPS":0.22336490645,"BASIC_EPS":-0.002385838,"DILUTED_EPS":-0.002385838,"OPERATE_INCOME":256895106.65,"OPERATE_INCOME_YOY":-17.7350584322,"GROSS_PROFIT":12716516.54,"GROSS_PROFIT_YOY":-60.768716582828,"HOLDER_PROFIT":-3875151.49,"HOLDER_PROFIT_YOY":-111.645800011,"GROSS_PROFIT_RATIO":4.95008126306,"EPS_TTM":0.01832670835,"OPERATE_INCOME_QOQ":0,"NET_PROFIT_RATIO":-1.5084567163,"ROE_AVG":-1.082495764091,"GROSS_PROFIT_QOQ":0,"ROA":-0.868372567405,"HOLDER_PROFIT_QOQ":0,"ROE_YEARLY":-2.164991528183,"ROIC_YEARLY":-1.810042025721,"TOTAL_ASSETS":442406857.97,"TOTAL_LIABILITIES":85023007.65,"TAX_EBT":null,"OCF_SALES":0.482934757372,"TOTAL_PARENT_EQUITY":357383850.32,"DEBT_ASSET_RATIO":19.2182842825,"OPERATE_PROFIT":-2495953.6,"PRETAX_PROFIT":-3875151.49,"NETCASH_OPERATE":1240635.76,"NETCASH_INVEST":-456979.74,"NETCASH_FINANCE":-9703019.62,"END_CASH":13611205.79,"DIVI_RATIO":null,"DIVIDEND_RATE":null,"CURRENT_RATIO":5.013780765478,"COMMON_ACS":4000000000,"CURRENTDEBT_DEBT":99.541309157628,"ISSUED_COMMON_SHARES":1600000000,"HK_COMMON_SHARES":1600000000,"PER_SHARES":8000,"TOTAL_MARKET_CAP":41600000,"HKSK_MARKET_CAP":41600000,"PE_TTM":-0.794484444529,"PB_TTM":0.124481576128,"REPORT_DATE_SQ":"2022-06-30 00:00:00","REPORT_TYPE_SQ":"2022年中报","OPERATE_INCOME_SQ":307789071.96,"DPS_HKD":null,"OPERATE_INCOME_QOQ_SQ":0,"NET_PROFIT_RATIO_SQ":10.6556100485,"HOLDER_PROFIT_SQ":32796803.28,"HOLDER_PROFIT_QOQ_SQ":0,"ROE_AVG_SQ":9.584956729981,"PE_TTM_SQ":-10.301902990414,"PB_TTM_SQ":0.184869461619,"ROA_SQ":7.574047056342,"START_DATE":"2023-04-01 00:00:00","FISCAL_YEAR":"3-31","CURRENCY":"HKD","IS_CNY_CODE":0,"DPS_HKD_LY":null,"ORG_TYPE":"一般企业","PREMIUM_INCOME":null,"PREMIUM_INCOME_YOY":null,"NET_INTEREST_INCOME":null,"NET_INTEREST_INCOME_YOY":null,"FEE_COMMISSION_INCOME":null,"FEE_COMMISSION_INCOME_YOY":null,"ACCOUNTS_RECE_TDAYS":0.848399903024,"INVENTORY_TDAYS":null,"CURRENT_ASSETS_TDAYS":0.604185955167,"TOTAL_ASSETS_TDAYS":0.575669529027,"PREMIUM_EXPENSE":null,"LOAN_DEPOSIT":null,"LOAN_EQUITY":null,"LOAN_ASSETS":null,"DEPOSIT_EQUITY":null,"DEPOSIT_ASSETS":null,"EQUITY_MULTIPLIER":1.237903888421,"EQUITY_RATIO":0.237903888421},{"SECUCODE":"01429.HK","SECURITY_CODE":"01429","SECURITY_NAME_ABBR":"天任集团","ORG_CODE":"10000066118","STD_REPORT_DATE":"2022-12-31 00:00:00","REPORT_DATE":"2023-03-31 00:00:00","DATE_TYPE_CODE":"001","REPORT_TYPE":"2022年年报","PER_NETCASH_OPERATE":-0.001691182694,"PER_OI":0.335271087375,"BPS":0.215398460419,"BASIC_EPS":0.016720331,"DILUTED_EPS":null,"OPERATE_INCOME":536433739.8,"OPERATE_INCOME_YOY":13.8245209945,"GROSS_PROFIT":36507223.23,"GROSS_PROFIT_YOY":-19.820247318018,"HOLDER_PROFIT":26769162.39,"HOLDER_PROFIT_YOY":16.3580782992,"GROSS_PROFIT_RATIO":7.268513985443,"EPS_TTM":0.027282779069,"OPERATE_INCOME_QOQ":0,"NET_PROFIT_RATIO":5.4662358432,"ROE_AVG":8.886318475934,"GROSS_PROFIT_QOQ":0,"ROA":7.162996885328,"HOLDER_PROFIT_QOQ":0,"ROE_YEARLY":8.886318475934,"ROIC_YEARLY":7.627236356433,"TOTAL_ASSETS":429392982.05,"TOTAL_LIABILITIES":87309016.35,"TAX_EBT":12.131835292089,"OCF_SALES":-0.504422468096,"TOTAL_PARENT_EQUITY":342083965.7,"DEBT_ASSET_RATIO":19.7384328396,"OPERATE_PROFIT":32290373.26,"PRETAX_PROFIT":30465143.41,"NETCASH_OPERATE":-950695.26,"NETCASH_INVEST":null,"NETCASH_FINANCE":-5894135.53,"END_CASH":21493941.73,"DIVI_RATIO":null,"DIVIDEND_RATE":null,"CURRENT_RATIO":4.84293477694,"COMMON_ACS":4000000000,"CURRENTDEBT_DEBT":96.125733192961,"ISSUED_COMMON_SHARES":1600000000,"HK_COMMON_SHARES":1600000000,"PER_SHARES":8000,"TOTAL_MARKET_CAP":41600000,"HKSK_MARKET_CAP":41600000,"PE_TTM":-0.794484444529,"PB_TTM":0.124481576128,"REPORT_DATE_SQ":"2021-12-31 00:00:00","REPORT_TYPE_SQ":"2021年年报","OPERATE_INCOME_SQ":436611288.55,"DPS_HKD":null,"OPERATE_INCOME_QOQ_SQ":0,"NET_PROFIT_RATIO_SQ":5.3472151276,"HOLDER_PROFIT_SQ":23346544.87,"HOLDER_PROFIT_QOQ_SQ":0,"ROE_AVG_SQ":8.324814378357,"PE_TTM_SQ":-10.301902990414,"PB_TTM_SQ":0.184869461619,"ROA_SQ":6.589495080826,"START_DATE":"2022-04-01 00:00:00","FISCAL_YEAR":"3-31","CURRENCY":"HKD","IS_CNY_CODE":0,"DPS_HKD_LY":null,"ORG_TYPE":"一般企业","PREMIUM_INCOME":null,"PREMIUM_INCOME_YOY":null,"NET_INTEREST_INCOME":null,"NET_INTEREST_INCOME_YOY":null,"FEE_COMMISSION_INCOME":null,"FEE_COMMISSION_INCOME_YOY":null,"ACCOUNTS_RECE_TDAYS":2.115390590209,"INVENTORY_TDAYS":null,"CURRENT_ASSETS_TDAYS":1.408349708691,"TOTAL_ASSETS_TDAYS":1.310407580425,"PREMIUM_EXPENSE":null,"LOAN_DEPOSIT":null,"LOAN_EQUITY":null,"LOAN_ASSETS":null,"DEPOSIT_EQUITY":null,"DEPOSIT_ASSETS":null,"EQUITY_MULTIPLIER":1.24592633234,"EQUITY_RATIO":0.25522685979},{"SECUCODE":"01429.HK","SECURITY_CODE":"01429","SECURITY_NAME_ABBR":"天任集团","ORG_CODE":"10000066118","STD_REPORT_DATE":"2022-06-30 00:00:00","REPORT_DATE":"2022-09-30 00:00:00","DATE_TYPE_CODE":"002","REPORT_TYPE":"2022年中报","PER_NETCASH_OPERATE":0.0140459532,"PER_OI":0.192368169975,"BPS":0.224104969575,"BASIC_EPS":0.020530788,"DILUTED_EPS":0.020530788,"OPERATE_INCOME":307789071.96,"OPERATE_INCOME_YOY":24.9197935556,"GROSS_PROFIT":32414225.16,"GROSS_PROFIT_YOY":27.222837487243,"HOLDER_PROFIT":32796803.28,"HOLDER_PROFIT_YOY":141.8434040283,"GROSS_PROFIT_RATIO":10.531311249482,"EPS_TTM":0.014591590544,"OPERATE_INCOME_QOQ":0,"NET_PROFIT_RATIO":10.6556100485,"ROE_AVG":9.584956729981,"GROSS_PROFIT_QOQ":0,"ROA":7.574047056342,"HOLDER_PROFIT_QOQ":0,"ROE_YEARLY":19.169913459963,"ROIC_YEARLY":16.295898500038,"TOTAL_ASSETS":463785074.28,"TOTAL_LIABILITIES":105217122.96,"TAX_EBT":9.618404326911,"OCF_SALES":7.301599428754,"TOTAL_PARENT_EQUITY":358567951.32,"DEBT_ASSET_RATIO":22.6866125701,"OPERATE_PROFIT":37055811.24,"PRETAX_PROFIT":36287037.24,"NETCASH_OPERATE":22473525.12,"NETCASH_INVEST":null,"NETCASH_FINANCE":-20031537.12,"END_CASH":31720519.68,"DIVI_RATIO":null,"DIVIDEND_RATE":null,"CURRENT_RATIO":4.134930458851,"COMMON_ACS":4000000000,"CURRENTDEBT_DEBT":100,"ISSUED_COMMON_SHARES":1600000000,"HK_COMMON_SHARES":1600000000,"PER_SHARES":8000,"TOTAL_MARKET_CAP":41600000,"HKSK_MARKET_CAP":41600000,"PE_TTM":-0.794484444529,"PB_TTM":0.124481576128,"REPORT_DATE_SQ":"2021-06-30 00:00:00","REPORT_TYPE_SQ":"2021年中报","OPERATE_INCOME_SQ":226943871.32,"DPS_HKD":null,"OPERATE_INCOME_QOQ_SQ":0,"NET_PROFIT_RATIO_SQ":5.5039607668,"HOLDER_PROFIT_SQ":12490901.64,"HOLDER_PROFIT_QOQ_SQ":0,"ROE_AVG_SQ":4.424300902033,"PE_TTM_SQ":-10.301902990414,"PB_TTM_SQ":0.184869461619,"ROA_SQ":3.476740573103,"START_DATE":"2022-04-01 00:00:00","FISCAL_YEAR":"3-31","CURRENCY":"HKD","IS_CNY_CODE":0,"DPS_HKD_LY":null,"ORG_TYPE":"一般企业","PREMIUM_INCOME":null,"PREMIUM_INCOME_YOY":null,"NET_INTEREST_INCOME":null,"NET_INTEREST_INCOME_YOY":null,"FEE_COMMISSION_INCOME":null,"FEE_COMMISSION_INCOME_YOY":null,"ACCOUNTS_RECE_TDAYS":1.15887548122,"INVENTORY_TDAYS":null,"CURRENT_ASSETS_TDAYS":0.767372534517,"TOTAL_ASSETS_TDAYS":0.71080370076,"PREMIUM_EXPENSE":null,"LOAN_DEPOSIT":null,"LOAN_EQUITY":null,"LOAN_ASSETS":null,"DEPOSIT_EQUITY":null,"DEPOSIT_ASSETS":null,"EQUITY_MULTIPLIER":1.293437053068,"EQUITY_RATIO":0.293437053068},{"SECUCODE":"01429.HK","SECURITY_CODE":"01429","SECURITY_NAME_ABBR":"天任集团","ORG_CODE":"10000066118","STD_REPORT_DATE":"2021-12-31 00:00:00","REPORT_DATE":"2022-03-31 00:00:00","DATE_TYPE_CODE":"001","REPORT_TYPE":"2021年年报","PER_NETCASH_OPERATE":-0.012349654775,"PER_OI":0.272882055344,"BPS":0.182574064319,"BASIC_EPS":0.01459818,"DILUTED_EPS":0.01459818,"OPERATE_INCOME":436611288.55,"OPERATE_INCOME_YOY":0.7627086921,"GROSS_PROFIT":45531723.42,"GROSS_PROFIT_YOY":-25.072364545089,"HOLDER_PROFIT":23346544.87,"HOLDER_PROFIT_YOY":-52.502969905,"GROSS_PROFIT_RATIO":10.428434768879,"EPS_TTM":0.028852511125,"OPERATE_INCOME_QOQ":0,"NET_PROFIT_RATIO":5.3472151276,"ROE_AVG":8.324814378357,"GROSS_PROFIT_QOQ":0,"ROA":6.589495080826,"HOLDER_PROFIT_QOQ":0,"ROE_YEARLY":8.324814378357,"ROIC_YEARLY":7.337295903022,"TOTAL_ASSETS":360693453.46,"TOTAL_LIABILITIES":68574950.55,"TAX_EBT":16.474684462498,"OCF_SALES":-4.525638287004,"TOTAL_PARENT_EQUITY":292118502.91,"DEBT_ASSET_RATIO":19.0119753747,"OPERATE_PROFIT":28880066.1,"PRETAX_PROFIT":27951459.65,"NETCASH_OPERATE":-19759447.64,"NETCASH_INVEST":-6356696.38,"NETCASH_FINANCE":6405356.98,"END_CASH":26254015.72,"DIVI_RATIO":null,"DIVIDEND_RATE":null,"CURRENT_RATIO":4.804500153872,"COMMON_ACS":4000000000,"CURRENTDEBT_DEBT":99.918396310094,"ISSUED_COMMON_SHARES":1600000000,"HK_COMMON_SHARES":1600000000,"PER_SHARES":8000,"TOTAL_MARKET_CAP":41600000,"HKSK_MARKET_CAP":41600000,"PE_TTM":-0.794484444529,"PB_TTM":0.124481576128,"REPORT_DATE_SQ":"2020-12-31 00:00:00","REPORT_TYPE_SQ":"2020年年报","OPERATE_INCOME_SQ":451562770.4,"DPS_HKD":null,"OPERATE_INCOME_QOQ_SQ":0,"NET_PROFIT_RATIO_SQ":11.3438646403,"HOLDER_PROFIT_SQ":51224669.44,"HOLDER_PROFIT_QOQ_SQ":0,"ROE_AVG_SQ":24.481404061519,"PE_TTM_SQ":-10.301902990414,"PB_TTM_SQ":0.184869461619,"ROA_SQ":15.772058775693,"START_DATE":"2021-04-01 00:00:00","FISCAL_YEAR":"3-31","CURRENCY":"HKD","IS_CNY_CODE":0,"DPS_HKD_LY":null,"ORG_TYPE":"一般企业","PREMIUM_INCOME":null,"PREMIUM_INCOME_YOY":null,"NET_INTEREST_INCOME":null,"NET_INTEREST_INCOME_YOY":null,"FEE_COMMISSION_INCOME":null,"FEE_COMMISSION_INCOME_YOY":null,"ACCOUNTS_RECE_TDAYS":2.158630935077,"INVENTORY_TDAYS":null,"CURRENT_ASSETS_TDAYS":1.364540772358,"TOTAL_ASSETS_TDAYS":1.23232279301,"PREMIUM_EXPENSE":null,"LOAN_DEPOSIT":null,"LOAN_EQUITY":null,"LOAN_ASSETS":null,"DEPOSIT_EQUITY":null,"DEPOSIT_ASSETS":null,"EQUITY_MULTIPLIER":1.234750451843,"EQUITY_RATIO":0.234750451844},{"SECUCODE":"01429.HK","SECURITY_CODE":"01429","SECURITY_NAME_ABBR":"天任集团","ORG_CODE":"10000066118","STD_REPORT_DATE":"2021-06-30 00:00:00","REPORT_DATE":"2021-09-30 00:00:00","DATE_TYPE_CODE":"002","REPORT_TYPE":"2021年中报","PER_NETCASH_OPERATE":-0.007434539838,"PER_OI":0.141839919575,"BPS":0.180356448675,"BASIC_EPS":0.007830764,"DILUTED_EPS":0.007830764,"OPERATE_INCOME":226943871.32,"OPERATE_INCOME_YOY":18.7406832704,"GROSS_PROFIT":25478307.04,"GROSS_PROFIT_YOY":-19.881746656746,"HOLDER_PROFIT":12490901.64,"HOLDER_PROFIT_YOY":-24.9324121358,"GROSS_PROFIT_RATIO":11.22669975259,"EPS_TTM":0.0320154184,"OPERATE_INCOME_QOQ":0,"NET_PROFIT_RATIO":5.5039607668,"ROE_AVG":4.424300902033,"GROSS_PROFIT_QOQ":0,"ROA":3.476740573103,"HOLDER_PROFIT_QOQ":0,"ROE_YEARLY":8.848601804067,"ROIC_YEARLY":7.750519492603,"TOTAL_ASSETS":361176495.24,"TOTAL_LIABILITIES":72606177.36,"TAX_EBT":18.05661820964,"OCF_SALES":-5.241500319357,"TOTAL_PARENT_EQUITY":288570317.88,"DEBT_ASSET_RATIO":20.1026861706,"OPERATE_PROFIT":15714010.78,"PRETAX_PROFIT":15243331.88,"NETCASH_OPERATE":-11895263.74,"NETCASH_INVEST":-49983.6,"NETCASH_FINANCE":-8591347.78,"END_CASH":26677913.44,"DIVI_RATIO":null,"DIVIDEND_RATE":null,"CURRENT_RATIO":4.53731805868,"COMMON_ACS":4000000000,"CURRENTDEBT_DEBT":99.954105282482,"ISSUED_COMMON_SHARES":1600000000,"HK_COMMON_SHARES":1600000000,"PER_SHARES":8000,"TOTAL_MARKET_CAP":41600000,"HKSK_MARKET_CAP":41600000,"PE_TTM":-0.794484444529,"PB_TTM":0.124481576128,"REPORT_DATE_SQ":"2020-06-30 00:00:00","REPORT_TYPE_SQ":"2020年中报","OPERATE_INCOME_SQ":201601214.72,"DPS_HKD":null,"OPERATE_INCOME_QOQ_SQ":0,"NET_PROFIT_RATIO_SQ":8.7060751615,"HOLDER_PROFIT_SQ":17551553.28,"HOLDER_PROFIT_QOQ_SQ":0,"ROE_AVG_SQ":8.789419605237,"PE_TTM_SQ":-10.301902990414,"PB_TTM_SQ":0.184869461619,"ROA_SQ":5.443508002153,"START_DATE":"2021-04-01 00:00:00","FISCAL_YEAR":"3-31","CURRENCY":"HKD","IS_CNY_CODE":0,"DPS_HKD_LY":null,"ORG_TYPE":"一般企业","PREMIUM_INCOME":null,"PREMIUM_INCOME_YOY":null,"NET_INTEREST_INCOME":null,"NET_INTEREST_INCOME_YOY":null,"FEE_COMMISSION_INCOME":null,"FEE_COMMISSION_INCOME_YOY":null,"ACCOUNTS_RECE_TDAYS":1.158458744934,"INVENTORY_TDAYS":null,"CURRENT_ASSETS_TDAYS":0.699932170642,"TOTAL_ASSETS_TDAYS":0.631679752172,"PREMIUM_EXPENSE":null,"LOAN_DEPOSIT":null,"LOAN_EQUITY":null,"LOAN_ASSETS":null,"DEPOSIT_EQUITY":null,"DEPOSIT_ASSETS":null,"EQUITY_MULTIPLIER":1.251606533525,"EQUITY_RATIO":0.251606533525},{"SECUCODE":"01429.HK","SECURITY_CODE":"01429","SECURITY_NAME_ABBR":"天任集团","ORG_CODE":"10000066118","STD_REPORT_DATE":"2020-12-31 00:00:00","REPORT_DATE":"2021-03-31 00:00:00","DATE_TYPE_CODE":"001","REPORT_TYPE":"2020年年报","PER_NETCASH_OPERATE":-0.039748287163,"PER_OI":0.2822267315,"BPS":0.17506002045,"BASIC_EPS":0.036511776,"DILUTED_EPS":0.036511776,"OPERATE_INCOME":451562770.4,"OPERATE_INCOME_YOY":22.9292445884,"GROSS_PROFIT":60767596.82,"GROSS_PROFIT_YOY":-16.076109916382,"HOLDER_PROFIT":51224669.44,"HOLDER_PROFIT_YOY":59.4695574383,"GROSS_PROFIT_RATIO":13.457176012578,"EPS_TTM":0.031531352013,"OPERATE_INCOME_QOQ":0,"NET_PROFIT_RATIO":11.3438646403,"ROE_AVG":24.481404061519,"GROSS_PROFIT_QOQ":0,"ROA":15.772058775693,"HOLDER_PROFIT_QOQ":0,"ROE_YEARLY":24.481404061519,"ROIC_YEARLY":18.145645994039,"TOTAL_ASSETS":362563626.04,"TOTAL_LIABILITIES":82467593.32,"TAX_EBT":13.301958316049,"OCF_SALES":-14.083813730628,"TOTAL_PARENT_EQUITY":280096032.72,"DEBT_ASSET_RATIO":22.7456885901,"OPERATE_PROFIT":59479542.5,"PRETAX_PROFIT":59083998.26,"NETCASH_OPERATE":-63597259.46,"NETCASH_INVEST":-37976472.94,"NETCASH_FINANCE":112408940,"END_CASH":47901421.68,"DIVI_RATIO":null,"DIVIDEND_RATE":null,"CURRENT_RATIO":3.952495899483,"COMMON_ACS":4000000000,"CURRENTDEBT_DEBT":99.349211880214,"ISSUED_COMMON_SHARES":1600000000,"HK_COMMON_SHARES":1600000000,"PER_SHARES":8000,"TOTAL_MARKET_CAP":41600000,"HKSK_MARKET_CAP":41600000,"PE_TTM":-0.794484444529,"PB_TTM":0.124481576128,"REPORT_DATE_SQ":"2019-12-31 00:00:00","REPORT_TYPE_SQ":"2019年年报","OPERATE_INCOME_SQ":397115948.8,"DPS_HKD":null,"OPERATE_INCOME_QOQ_SQ":0,"NET_PROFIT_RATIO_SQ":8.7445700191,"HOLDER_PROFIT_SQ":34726082.2,"HOLDER_PROFIT_QOQ_SQ":0,"ROE_AVG_SQ":26.260295174396,"PE_TTM_SQ":-10.301902990414,"PB_TTM_SQ":0.184869461619,"ROA_SQ":14.598321458065,"START_DATE":"2020-04-01 00:00:00","FISCAL_YEAR":"3-31","CURRENCY":"HKD","IS_CNY_CODE":0,"DPS_HKD_LY":null,"ORG_TYPE":"一般企业","PREMIUM_INCOME":null,"PREMIUM_INCOME_YOY":null,"NET_INTEREST_INCOME":null,"NET_INTEREST_INCOME_YOY":null,"FEE_COMMISSION_INCOME":null,"FEE_COMMISSION_INCOME_YOY":null,"ACCOUNTS_RECE_TDAYS":2.865010228732,"INVENTORY_TDAYS":null,"CURRENT_ASSETS_TDAYS":1.494125905025,"TOTAL_ASSETS_TDAYS":1.390360276313,"PREMIUM_EXPENSE":null,"LOAN_DEPOSIT":null,"LOAN_EQUITY":null,"LOAN_ASSETS":null,"DEPOSIT_EQUITY":null,"DEPOSIT_ASSETS":null,"EQUITY_MULTIPLIER":1.29442613849,"EQUITY_RATIO":0.29442613849},{"SECUCODE":"01429.HK","SECURITY_CODE":"01429","SECURITY_NAME_ABBR":"天任集团","ORG_CODE":"10000066118","STD_REPORT_DATE":"2020-06-30 00:00:00","REPORT_DATE":"2020-09-30 00:00:00","DATE_TYPE_CODE":"002","REPORT_TYPE":"2020年中报","PER_NETCASH_OPERATE":0.0053376748,"PER_OI":0.1260007592,"BPS":0.159690884,"BASIC_EPS":0.014586752,"DILUTED_EPS":0.014586752,"OPERATE_INCOME":201601214.72,"OPERATE_INCOME_YOY":98.4190543731,"GROSS_PROFIT":31800876.8,"GROSS_PROFIT_YOY":119.797818676002,"HOLDER_PROFIT":17551553.28,"HOLDER_PROFIT_YOY":885.8835143139,"GROSS_PROFIT_RATIO":15.774149398935,"EPS_TTM":null,"OPERATE_INCOME_QOQ":0,"NET_PROFIT_RATIO":8.7060751615,"ROE_AVG":8.789419605237,"GROSS_PROFIT_QOQ":0,"ROA":5.443508002153,"HOLDER_PROFIT_QOQ":0,"ROE_YEARLY":17.578839210475,"ROIC_YEARLY":12.979674988263,"TOTAL_ASSETS":346474023.68,"TOTAL_LIABILITIES":90968609.28,"TAX_EBT":20.241185161522,"OCF_SALES":4.236224316337,"TOTAL_PARENT_EQUITY":255505414.4,"DEBT_ASSET_RATIO":26.2555352098,"OPERATE_PROFIT":22209648,"PRETAX_PROFIT":22005784.96,"NETCASH_OPERATE":8540279.68,"NETCASH_INVEST":null,"NETCASH_FINANCE":18353824.64,"END_CASH":65431248.64,"DIVI_RATIO":null,"DIVIDEND_RATE":null,"CURRENT_RATIO":3.787302176184,"COMMON_ACS":4000000000,"CURRENTDEBT_DEBT":98.940342336077,"ISSUED_COMMON_SHARES":1600000000,"HK_COMMON_SHARES":1600000000,"PER_SHARES":8000,"TOTAL_MARKET_CAP":41600000,"HKSK_MARKET_CAP":41600000,"PE_TTM":-0.794484444529,"PB_TTM":0.124481576128,"REPORT_DATE_SQ":"2019-06-30 00:00:00","REPORT_TYPE_SQ":"2019年中报","OPERATE_INCOME_SQ":104296710.27,"DPS_HKD":null,"OPERATE_INCOME_QOQ_SQ":0,"NET_PROFIT_RATIO_SQ":1.7521859081,"HOLDER_PROFIT_SQ":1827472.26,"HOLDER_PROFIT_QOQ_SQ":0,"ROE_AVG_SQ":null,"PE_TTM_SQ":-10.301902990414,"PB_TTM_SQ":0.184869461619,"ROA_SQ":null,"START_DATE":"2020-04-01 00:00:00","FISCAL_YEAR":"3-31","CURRENCY":"HKD","IS_CNY_CODE":0,"DPS_HKD_LY":null,"ORG_TYPE":"一般企业","PREMIUM_INCOME":null,"PREMIUM_INCOME_YOY":null,"NET_INTEREST_INCOME":null,"NET_INTEREST_INCOME_YOY":null,"FEE_COMMISSION_INCOME":null,"FEE_COMMISSION_INCOME_YOY":null,"ACCOUNTS_RECE_TDAYS":1.673201184381,"INVENTORY_TDAYS":null,"CURRENT_ASSETS_TDAYS":0.637343130378,"TOTAL_ASSETS_TDAYS":0.625253963604,"PREMIUM_EXPENSE":null,"LOAN_DEPOSIT":null,"LOAN_EQUITY":null,"LOAN_ASSETS":null,"DEPOSIT_EQUITY":null,"DEPOSIT_ASSETS":null,"EQUITY_MULTIPLIER":1.356033978747,"EQUITY_RATIO":0.356033978746}],"count":14},"success":true,"message":"ok","code":0}