{"version":"14b3643efe9690f6dee3a99e12999a72","result":{"pages":4,"data":[{"SECUCODE":"01428.HK","SECURITY_CODE":"01428","SECURITY_NAME_ABBR":"耀才证券金融","ORG_CODE":"10132675","STD_REPORT_DATE":"2024-06-30 00:00:00","REPORT_DATE":"2024-09-30 00:00:00","DATE_TYPE_CODE":"002","REPORT_TYPE":"2024年中报","PER_NETCASH_OPERATE":0.74237939176,"PER_OI":0.342076314962,"BPS":0.63554788684,"BASIC_EPS":0.165749002,"DILUTED_EPS":0.165749002,"OPERATE_INCOME":580604866.44,"OPERATE_INCOME_YOY":1.193252903,"GROSS_PROFIT":null,"GROSS_PROFIT_YOY":null,"HOLDER_PROFIT":281380122.96,"HOLDER_PROFIT_YOY":2.7655643273,"GROSS_PROFIT_RATIO":null,"EPS_TTM":0.298485428097,"OPERATE_INCOME_QOQ":0,"NET_PROFIT_RATIO":48.4632732559,"ROE_AVG":23.634010057316,"GROSS_PROFIT_QOQ":null,"ROA":4.105577866953,"HOLDER_PROFIT_QOQ":0,"ROE_YEARLY":47.268020114631,"ROIC_YEARLY":8.83680609149,"TOTAL_ASSETS":7323930770.92,"TOTAL_LIABILITIES":6245217689.03,"TAX_EBT":9.200590150768,"OCF_SALES":217.021570710554,"TOTAL_PARENT_EQUITY":1078713081.89,"DEBT_ASSET_RATIO":85.2713916115,"OPERATE_PROFIT":404205724.54,"PRETAX_PROFIT":309892017.39,"NETCASH_OPERATE":1260037800.77,"NETCASH_INVEST":145968238.35,"NETCASH_FINANCE":-1233524272.98,"END_CASH":570422755.55,"DIVI_RATIO":1.00226500807,"DIVIDEND_RATE":12.692307692308,"CURRENT_RATIO":1.147200187538,"COMMON_ACS":10000000000,"CURRENTDEBT_DEBT":99.540731257609,"ISSUED_COMMON_SHARES":1697296308,"HK_COMMON_SHARES":1697296308,"PER_SHARES":2000,"TOTAL_MARKET_CAP":4412970400.8,"HKSK_MARKET_CAP":4412970400.8,"PE_TTM":7.779737290278,"PB_TTM":3.689185423398,"REPORT_DATE_SQ":"2023-06-30 00:00:00","REPORT_TYPE_SQ":"2023年中报","OPERATE_INCOME_SQ":583836581.72,"DPS_HKD":0.33,"OPERATE_INCOME_QOQ_SQ":0,"NET_PROFIT_RATIO_SQ":47.7217859815,"HOLDER_PROFIT_SQ":278617244.01,"HOLDER_PROFIT_QOQ_SQ":0,"ROE_AVG_SQ":20.771657281714,"PE_TTM_SQ":3.673070098595,"PB_TTM_SQ":2.141140448758,"ROA_SQ":3.848211931945,"START_DATE":"2024-04-01 00:00:00","FISCAL_YEAR":"3-31","CURRENCY":"HKD","IS_CNY_CODE":0,"DPS_HKD_LY":0.33,"ORG_TYPE":"证券","PREMIUM_INCOME":null,"PREMIUM_INCOME_YOY":null,"NET_INTEREST_INCOME":null,"NET_INTEREST_INCOME_YOY":null,"FEE_COMMISSION_INCOME":null,"FEE_COMMISSION_INCOME_YOY":null,"ACCOUNTS_RECE_TDAYS":0.095168762859,"INVENTORY_TDAYS":null,"CURRENT_ASSETS_TDAYS":0.087038198142,"TOTAL_ASSETS_TDAYS":0.084715240864,"PREMIUM_EXPENSE":null,"LOAN_DEPOSIT":null,"LOAN_EQUITY":null,"LOAN_ASSETS":null,"DEPOSIT_EQUITY":null,"DEPOSIT_ASSETS":null,"EQUITY_MULTIPLIER":6.789507695654,"EQUITY_RATIO":5.789507695677},{"SECUCODE":"01428.HK","SECURITY_CODE":"01428","SECURITY_NAME_ABBR":"耀才证券金融","ORG_CODE":"10132675","STD_REPORT_DATE":"2023-12-31 00:00:00","REPORT_DATE":"2024-03-31 00:00:00","DATE_TYPE_CODE":"001","REPORT_TYPE":"2023年年报","PER_NETCASH_OPERATE":0.750630694384,"PER_OI":0.660283681062,"BPS":0.771407735396,"BASIC_EPS":0.298526915,"DILUTED_EPS":0.298526915,"OPERATE_INCOME":1120697054.1,"OPERATE_INCOME_YOY":3.0858494216,"GROSS_PROFIT":null,"GROSS_PROFIT_YOY":null,"HOLDER_PROFIT":506618215.1,"HOLDER_PROFIT_YOY":-9.9506119128,"GROSS_PROFIT_RATIO":null,"EPS_TTM":0.361098234357,"OPERATE_INCOME_QOQ":0,"NET_PROFIT_RATIO":45.2056345867,"ROE_AVG":35.161791543621,"GROSS_PROFIT_QOQ":null,"ROA":7.547927697151,"HOLDER_PROFIT_QOQ":0,"ROE_YEARLY":35.161791543621,"ROIC_YEARLY":8.062923008335,"TOTAL_ASSETS":6416974286.8,"TOTAL_LIABILITIES":5107666785.55,"TAX_EBT":7.636749481033,"OCF_SALES":113.683060162333,"TOTAL_PARENT_EQUITY":1309307501.25,"DEBT_ASSET_RATIO":79.5961859479,"OPERATE_PROFIT":784077814.65,"PRETAX_PROFIT":548506264.4,"NETCASH_OPERATE":1274042706.25,"NETCASH_INVEST":306248001.35,"NETCASH_FINANCE":-1628490158,"END_CASH":400037851.25,"DIVI_RATIO":0.828476773176,"DIVIDEND_RATE":12.992125984252,"CURRENT_RATIO":1.234627375937,"COMMON_ACS":10000000000,"CURRENTDEBT_DEBT":98.992755113831,"ISSUED_COMMON_SHARES":1697296308,"HK_COMMON_SHARES":1697296308,"PER_SHARES":2000,"TOTAL_MARKET_CAP":4311132622.32,"HKSK_MARKET_CAP":4311132622.32,"PE_TTM":7.600204891272,"PB_TTM":3.604050375166,"REPORT_DATE_SQ":"2022-12-31 00:00:00","REPORT_TYPE_SQ":"2022年年报","OPERATE_INCOME_SQ":1049805678.56,"DPS_HKD":0.33,"OPERATE_INCOME_QOQ_SQ":0,"NET_PROFIT_RATIO_SQ":51.7500600392,"HOLDER_PROFIT_SQ":543275068.95,"HOLDER_PROFIT_QOQ_SQ":0,"ROE_AVG_SQ":29.511494287036,"PE_TTM_SQ":3.648582964604,"PB_TTM_SQ":2.126866179099,"ROA_SQ":7.09337197572,"START_DATE":"2023-04-01 00:00:00","FISCAL_YEAR":"3-31","CURRENCY":"HKD","IS_CNY_CODE":0,"DPS_HKD_LY":0.5,"ORG_TYPE":"证券","PREMIUM_INCOME":null,"PREMIUM_INCOME_YOY":null,"NET_INTEREST_INCOME":null,"NET_INTEREST_INCOME_YOY":null,"FEE_COMMISSION_INCOME":null,"FEE_COMMISSION_INCOME_YOY":null,"ACCOUNTS_RECE_TDAYS":0.185599425406,"INVENTORY_TDAYS":null,"CURRENT_ASSETS_TDAYS":0.170803344492,"TOTAL_ASSETS_TDAYS":0.166968736667,"PREMIUM_EXPENSE":null,"LOAN_DEPOSIT":null,"LOAN_EQUITY":null,"LOAN_ASSETS":null,"DEPOSIT_EQUITY":null,"DEPOSIT_ASSETS":null,"EQUITY_MULTIPLIER":4.901044468679,"EQUITY_RATIO":3.901044468678},{"SECUCODE":"01428.HK","SECURITY_CODE":"01428","SECURITY_NAME_ABBR":"耀才证券金融","ORG_CODE":"10132675","STD_REPORT_DATE":"2023-06-30 00:00:00","REPORT_DATE":"2023-09-30 00:00:00","DATE_TYPE_CODE":"002","REPORT_TYPE":"2023年中报","PER_NETCASH_OPERATE":-0.02268426518,"PER_OI":0.343980352145,"BPS":0.64285600732,"BASIC_EPS":0.164164007,"DILUTED_EPS":0.164164007,"OPERATE_INCOME":583836581.72,"OPERATE_INCOME_YOY":20.9745746598,"GROSS_PROFIT":null,"GROSS_PROFIT_YOY":null,"HOLDER_PROFIT":278617244.01,"HOLDER_PROFIT_YOY":31.3924806564,"GROSS_PROFIT_RATIO":null,"EPS_TTM":0.320082631647,"OPERATE_INCOME_QOQ":0,"NET_PROFIT_RATIO":47.7217859815,"ROE_AVG":20.771657281714,"GROSS_PROFIT_QOQ":null,"ROA":3.848211931945,"HOLDER_PROFIT_QOQ":0,"ROE_YEARLY":41.543314563427,"ROIC_YEARLY":8.164889753201,"TOTAL_ASSETS":7387646427.7,"TOTAL_LIABILITIES":6296529299.9,"TAX_EBT":8.223484356156,"OCF_SALES":-6.594639792281,"TOTAL_PARENT_EQUITY":1091117127.8,"DEBT_ASSET_RATIO":85.2305177504,"OPERATE_PROFIT":415697401.56,"PRETAX_PROFIT":303582285.79,"NETCASH_OPERATE":-38501919.54,"NETCASH_INVEST":153268986.01,"NETCASH_FINANCE":-206648440.74,"END_CASH":367846667.58,"DIVI_RATIO":0.934638341544,"DIVIDEND_RATE":12.992125984252,"CURRENT_RATIO":1.153687733825,"COMMON_ACS":10000000000,"CURRENTDEBT_DEBT":99.890596103315,"ISSUED_COMMON_SHARES":1697296308,"HK_COMMON_SHARES":1697296308,"PER_SHARES":2000,"TOTAL_MARKET_CAP":4311132622.32,"HKSK_MARKET_CAP":4311132622.32,"PE_TTM":7.600204891272,"PB_TTM":3.604050375166,"REPORT_DATE_SQ":"2022-06-30 00:00:00","REPORT_TYPE_SQ":"2022年中报","OPERATE_INCOME_SQ":475673938.08,"DPS_HKD":0.33,"OPERATE_INCOME_QOQ_SQ":0,"NET_PROFIT_RATIO_SQ":43.9379995893,"HOLDER_PROFIT_SQ":209001612.96,"HOLDER_PROFIT_QOQ_SQ":0,"ROE_AVG_SQ":9.235039229654,"PE_TTM_SQ":3.648582964604,"PB_TTM_SQ":2.126866179099,"ROA_SQ":2.519773989738,"START_DATE":"2023-04-01 00:00:00","FISCAL_YEAR":"3-31","CURRENCY":"HKD","IS_CNY_CODE":0,"DPS_HKD_LY":0.5,"ORG_TYPE":"证券","PREMIUM_INCOME":null,"PREMIUM_INCOME_YOY":null,"NET_INTEREST_INCOME":null,"NET_INTEREST_INCOME_YOY":null,"FEE_COMMISSION_INCOME":null,"FEE_COMMISSION_INCOME_YOY":null,"ACCOUNTS_RECE_TDAYS":0.088476152341,"INVENTORY_TDAYS":null,"CURRENT_ASSETS_TDAYS":0.082112062179,"TOTAL_ASSETS_TDAYS":0.080638472614,"PREMIUM_EXPENSE":null,"LOAN_DEPOSIT":null,"LOAN_EQUITY":null,"LOAN_ASSETS":null,"DEPOSIT_EQUITY":null,"DEPOSIT_ASSETS":null,"EQUITY_MULTIPLIER":6.770718046173,"EQUITY_RATIO":5.770718046188},{"SECUCODE":"01428.HK","SECURITY_CODE":"01428","SECURITY_NAME_ABBR":"耀才证券金融","ORG_CODE":"10132675","STD_REPORT_DATE":"2022-12-31 00:00:00","REPORT_DATE":"2023-03-31 00:00:00","DATE_TYPE_CODE":"001","REPORT_TYPE":"2022年年报","PER_NETCASH_OPERATE":1.064656224645,"PER_OI":0.618516445014,"BPS":0.894554093227,"BASIC_EPS":0.320049896,"DILUTED_EPS":0.320049896,"OPERATE_INCOME":1049805678.56,"OPERATE_INCOME_YOY":-4.0451410698,"GROSS_PROFIT":null,"GROSS_PROFIT_YOY":null,"HOLDER_PROFIT":543275068.95,"HOLDER_PROFIT_YOY":10.5240943042,"GROSS_PROFIT_RATIO":null,"EPS_TTM":0.246690451365,"OPERATE_INCOME_QOQ":0,"NET_PROFIT_RATIO":51.7500600392,"ROE_AVG":29.511494287036,"GROSS_PROFIT_QOQ":null,"ROA":7.09337197572,"HOLDER_PROFIT_QOQ":0,"ROE_YEARLY":29.511494287036,"ROIC_YEARLY":7.536689284001,"TOTAL_ASSETS":6766367791.7,"TOTAL_LIABILITIES":5248044431.96,"TAX_EBT":10.343905980251,"OCF_SALES":172.13062534189,"TOTAL_PARENT_EQUITY":1518323359.74,"DEBT_ASSET_RATIO":77.5607326341,"OPERATE_PROFIT":705927997.77,"PRETAX_PROFIT":605954424.95,"NETCASH_OPERATE":1807037079.38,"NETCASH_INVEST":177793144.77,"NETCASH_FINANCE":-1993728766.8,"END_CASH":441671482.71,"DIVI_RATIO":1.212699957964,"DIVIDEND_RATE":12.992125984252,"CURRENT_RATIO":1.267889203838,"COMMON_ACS":10000000000,"CURRENTDEBT_DEBT":99.847321648399,"ISSUED_COMMON_SHARES":1697296308,"HK_COMMON_SHARES":1697296308,"PER_SHARES":2000,"TOTAL_MARKET_CAP":4311132622.32,"HKSK_MARKET_CAP":4311132622.32,"PE_TTM":7.600204891272,"PB_TTM":3.604050375166,"REPORT_DATE_SQ":"2021-12-31 00:00:00","REPORT_TYPE_SQ":"2021年年报","OPERATE_INCOME_SQ":1013576778.71,"DPS_HKD":0.33,"OPERATE_INCOME_QOQ_SQ":0,"NET_PROFIT_RATIO_SQ":44.9283908812,"HOLDER_PROFIT_SQ":455383737.02,"HOLDER_PROFIT_QOQ_SQ":0,"ROE_AVG_SQ":24.402276726482,"PE_TTM_SQ":3.648582964604,"PB_TTM_SQ":2.126866179099,"ROA_SQ":4.382129544263,"START_DATE":"2022-04-01 00:00:00","FISCAL_YEAR":"3-31","CURRENCY":"HKD","IS_CNY_CODE":0,"DPS_HKD_LY":0.8,"ORG_TYPE":"证券","PREMIUM_INCOME":null,"PREMIUM_INCOME_YOY":null,"NET_INTEREST_INCOME":null,"NET_INTEREST_INCOME_YOY":null,"FEE_COMMISSION_INCOME":null,"FEE_COMMISSION_INCOME_YOY":null,"ACCOUNTS_RECE_TDAYS":0.150962701683,"INVENTORY_TDAYS":null,"CURRENT_ASSETS_TDAYS":0.140008263553,"TOTAL_ASSETS_TDAYS":0.137069830844,"PREMIUM_EXPENSE":null,"LOAN_DEPOSIT":null,"LOAN_EQUITY":null,"LOAN_ASSETS":null,"DEPOSIT_EQUITY":null,"DEPOSIT_ASSETS":null,"EQUITY_MULTIPLIER":4.456473483264,"EQUITY_RATIO":3.456473483263},{"SECUCODE":"01428.HK","SECURITY_CODE":"01428","SECURITY_NAME_ABBR":"耀才证券金融","ORG_CODE":"10132675","STD_REPORT_DATE":"2022-06-30 00:00:00","REPORT_DATE":"2022-09-30 00:00:00","DATE_TYPE_CODE":"002","REPORT_TYPE":"2022年中报","PER_NETCASH_OPERATE":0.617994490918,"PER_OI":0.280253916678,"BPS":1.34983367616,"BASIC_EPS":0.123094284,"DILUTED_EPS":0.123094284,"OPERATE_INCOME":475673938.08,"OPERATE_INCOME_YOY":-20.3749824,"GROSS_PROFIT":null,"GROSS_PROFIT_YOY":null,"HOLDER_PROFIT":209001612.96,"HOLDER_PROFIT_YOY":-21.6428007094,"GROSS_PROFIT_RATIO":null,"EPS_TTM":0.268299491888,"OPERATE_INCOME_QOQ":0,"NET_PROFIT_RATIO":43.9379995893,"ROE_AVG":9.235039229654,"GROSS_PROFIT_QOQ":null,"ROA":2.519773989738,"HOLDER_PROFIT_QOQ":0,"ROE_YEARLY":18.470078459308,"ROIC_YEARLY":5.359653038749,"TOTAL_ASSETS":7753882601.64,"TOTAL_LIABILITIES":5462814886.68,"TAX_EBT":11.862570846651,"OCF_SALES":220.512347603873,"TOTAL_PARENT_EQUITY":2291067714.96,"DEBT_ASSET_RATIO":70.4526385984,"OPERATE_PROFIT":278220215.04,"PRETAX_PROFIT":237131505.84,"NETCASH_OPERATE":1048919767.8,"NETCASH_INVEST":35596045.08,"NETCASH_FINANCE":-1039112924.88,"END_CASH":516198276.72,"DIVI_RATIO":1.11502820186,"DIVIDEND_RATE":12.992125984252,"CURRENT_RATIO":1.397326129062,"COMMON_ACS":10000000000,"CURRENTDEBT_DEBT":99.346307622338,"ISSUED_COMMON_SHARES":1697296308,"HK_COMMON_SHARES":1697296308,"PER_SHARES":2000,"TOTAL_MARKET_CAP":4311132622.32,"HKSK_MARKET_CAP":4311132622.32,"PE_TTM":7.600204891272,"PB_TTM":3.604050375166,"REPORT_DATE_SQ":"2021-06-30 00:00:00","REPORT_TYPE_SQ":"2021年中报","OPERATE_INCOME_SQ":550245293.66,"DPS_HKD":0.33,"OPERATE_INCOME_QOQ_SQ":0,"NET_PROFIT_RATIO_SQ":44.6489157637,"HOLDER_PROFIT_SQ":245678557.66,"HOLDER_PROFIT_QOQ_SQ":0,"ROE_AVG_SQ":13.604336618427,"PE_TTM_SQ":3.648582964604,"PB_TTM_SQ":2.126866179099,"ROA_SQ":2.129502422661,"START_DATE":"2022-04-01 00:00:00","FISCAL_YEAR":"3-31","CURRENCY":"HKD","IS_CNY_CODE":0,"DPS_HKD_LY":0.8,"ORG_TYPE":"证券","PREMIUM_INCOME":null,"PREMIUM_INCOME_YOY":null,"NET_INTEREST_INCOME":null,"NET_INTEREST_INCOME_YOY":null,"FEE_COMMISSION_INCOME":null,"FEE_COMMISSION_INCOME_YOY":null,"ACCOUNTS_RECE_TDAYS":0.063135533503,"INVENTORY_TDAYS":null,"CURRENT_ASSETS_TDAYS":0.058678166992,"TOTAL_ASSETS_TDAYS":0.057348400321,"PREMIUM_EXPENSE":null,"LOAN_DEPOSIT":null,"LOAN_EQUITY":null,"LOAN_ASSETS":null,"DEPOSIT_EQUITY":null,"DEPOSIT_ASSETS":null,"EQUITY_MULTIPLIER":3.384396956494,"EQUITY_RATIO":2.384396956497},{"SECUCODE":"01428.HK","SECURITY_CODE":"01428","SECURITY_NAME_ABBR":"耀才证券金融","ORG_CODE":"10132675","STD_REPORT_DATE":"2021-12-31 00:00:00","REPORT_DATE":"2022-03-31 00:00:00","DATE_TYPE_CODE":"001","REPORT_TYPE":"2021年年报","PER_NETCASH_OPERATE":3.203139533301,"PER_OI":0.597171380114,"BPS":1.18088196225,"BASIC_EPS":0.268282108,"DILUTED_EPS":0.268282108,"OPERATE_INCOME":1013576778.71,"OPERATE_INCOME_YOY":-19.9634325969,"GROSS_PROFIT":null,"GROSS_PROFIT_YOY":null,"HOLDER_PROFIT":455383737.02,"HOLDER_PROFIT_YOY":-20.2304288221,"GROSS_PROFIT_RATIO":null,"EPS_TTM":0.316103494052,"OPERATE_INCOME_QOQ":0,"NET_PROFIT_RATIO":44.9283908812,"ROE_AVG":24.402276726482,"GROSS_PROFIT_QOQ":null,"ROA":4.382129544263,"HOLDER_PROFIT_QOQ":0,"ROE_YEARLY":24.402276726482,"ROIC_YEARLY":4.549576882754,"TOTAL_ASSETS":7922362539.14,"TOTAL_LIABILITIES":5918055944.43,"TAX_EBT":14.433096520343,"OCF_SALES":536.38530578802,"TOTAL_PARENT_EQUITY":2004306594.71,"DEBT_ASSET_RATIO":74.7006453592,"OPERATE_PROFIT":633176593.26,"PRETAX_PROFIT":532196116.14,"NETCASH_OPERATE":5436676903.88,"NETCASH_INVEST":53889992.48,"NETCASH_FINANCE":-5419406445.93,"END_CASH":425549923.16,"DIVI_RATIO":0.946403648265,"DIVIDEND_RATE":12.992125984252,"CURRENT_RATIO":1.316942958946,"COMMON_ACS":10000000000,"CURRENTDEBT_DEBT":99.286049348355,"ISSUED_COMMON_SHARES":1697296308,"HK_COMMON_SHARES":1697296308,"PER_SHARES":2000,"TOTAL_MARKET_CAP":4311132622.32,"HKSK_MARKET_CAP":4311132622.32,"PE_TTM":7.600204891272,"PB_TTM":3.604050375166,"REPORT_DATE_SQ":"2020-12-31 00:00:00","REPORT_TYPE_SQ":"2020年年报","OPERATE_INCOME_SQ":1319748570,"DPS_HKD":0.33,"OPERATE_INCOME_QOQ_SQ":0,"NET_PROFIT_RATIO_SQ":45.0787704131,"HOLDER_PROFIT_SQ":594926427.9,"HOLDER_PROFIT_QOQ_SQ":0,"ROE_AVG_SQ":34.907429516777,"PE_TTM_SQ":3.648582964604,"PB_TTM_SQ":2.126866179099,"ROA_SQ":6.308092807078,"START_DATE":"2021-04-01 00:00:00","FISCAL_YEAR":"3-31","CURRENCY":"HKD","IS_CNY_CODE":0,"DPS_HKD_LY":0.13,"ORG_TYPE":"证券","PREMIUM_INCOME":null,"PREMIUM_INCOME_YOY":null,"NET_INTEREST_INCOME":null,"NET_INTEREST_INCOME_YOY":null,"FEE_COMMISSION_INCOME":null,"FEE_COMMISSION_INCOME_YOY":null,"ACCOUNTS_RECE_TDAYS":0.103907146526,"INVENTORY_TDAYS":null,"CURRENT_ASSETS_TDAYS":0.099168970453,"TOTAL_ASSETS_TDAYS":0.097535866705,"PREMIUM_EXPENSE":null,"LOAN_DEPOSIT":null,"LOAN_EQUITY":null,"LOAN_ASSETS":null,"DEPOSIT_EQUITY":null,"DEPOSIT_ASSETS":null,"EQUITY_MULTIPLIER":3.952669995729,"EQUITY_RATIO":2.952669995723},{"SECUCODE":"01428.HK","SECURITY_CODE":"01428","SECURITY_NAME_ABBR":"耀才证券金融","ORG_CODE":"10132675","STD_REPORT_DATE":"2021-06-30 00:00:00","REPORT_DATE":"2021-09-30 00:00:00","DATE_TYPE_CODE":"002","REPORT_TYPE":"2021年中报","PER_NETCASH_OPERATE":2.133839756258,"PER_OI":0.324189295096,"BPS":1.08218474316,"BASIC_EPS":0.144785828,"DILUTED_EPS":0.144785828,"OPERATE_INCOME":550245293.66,"OPERATE_INCOME_YOY":-9.6029988586,"GROSS_PROFIT":null,"GROSS_PROFIT_YOY":null,"HOLDER_PROFIT":245678557.66,"HOLDER_PROFIT_YOY":-14.7786610721,"GROSS_PROFIT_RATIO":null,"EPS_TTM":0.350514182524,"OPERATE_INCOME_QOQ":0,"NET_PROFIT_RATIO":44.6489157637,"ROE_AVG":13.604336618427,"GROSS_PROFIT_QOQ":null,"ROA":2.129502422661,"HOLDER_PROFIT_QOQ":0,"ROE_YEARLY":27.208673236853,"ROIC_YEARLY":4.42668017787,"TOTAL_ASSETS":9862811436.42,"TOTAL_LIABILITIES":8026023267.28,"TAX_EBT":15.041109465836,"OCF_SALES":658.20796322847,"TOTAL_PARENT_EQUITY":1836788169.14,"DEBT_ASSET_RATIO":81.3766269285,"OPERATE_PROFIT":357038686.22,"PRETAX_PROFIT":289173453.32,"NETCASH_OPERATE":3621758340.16,"NETCASH_INVEST":25477473.98,"NETCASH_FINANCE":-3476571810.3,"END_CASH":525375953.48,"DIVI_RATIO":0.853493281914,"DIVIDEND_RATE":12.992125984252,"CURRENT_RATIO":1.208812873833,"COMMON_ACS":10000000000,"CURRENTDEBT_DEBT":99.955897561942,"ISSUED_COMMON_SHARES":1697296308,"HK_COMMON_SHARES":1697296308,"PER_SHARES":2000,"TOTAL_MARKET_CAP":4311132622.32,"HKSK_MARKET_CAP":4311132622.32,"PE_TTM":7.600204891272,"PB_TTM":3.604050375166,"REPORT_DATE_SQ":"2020-06-30 00:00:00","REPORT_TYPE_SQ":"2020年中报","OPERATE_INCOME_SQ":642061372.16,"DPS_HKD":0.33,"OPERATE_INCOME_QOQ_SQ":0,"NET_PROFIT_RATIO_SQ":47.3605336414,"HOLDER_PROFIT_SQ":304083692.16,"HOLDER_PROFIT_QOQ_SQ":0,"ROE_AVG_SQ":18.831391802198,"PE_TTM_SQ":3.648582964604,"PB_TTM_SQ":2.126866179099,"ROA_SQ":1.979006754814,"START_DATE":"2021-04-01 00:00:00","FISCAL_YEAR":"3-31","CURRENCY":"HKD","IS_CNY_CODE":0,"DPS_HKD_LY":0.13,"ORG_TYPE":"证券","PREMIUM_INCOME":null,"PREMIUM_INCOME_YOY":null,"NET_INTEREST_INCOME":null,"NET_INTEREST_INCOME_YOY":null,"FEE_COMMISSION_INCOME":null,"FEE_COMMISSION_INCOME_YOY":null,"ACCOUNTS_RECE_TDAYS":0.050663111947,"INVENTORY_TDAYS":null,"CURRENT_ASSETS_TDAYS":0.048380923291,"TOTAL_ASSETS_TDAYS":0.047694381515,"PREMIUM_EXPENSE":null,"LOAN_DEPOSIT":null,"LOAN_EQUITY":null,"LOAN_ASSETS":null,"DEPOSIT_EQUITY":null,"DEPOSIT_ASSETS":null,"EQUITY_MULTIPLIER":5.369596561057,"EQUITY_RATIO":4.369596561066},{"SECUCODE":"01428.HK","SECURITY_CODE":"01428","SECURITY_NAME_ABBR":"耀才证券金融","ORG_CODE":"10132675","STD_REPORT_DATE":"2020-12-31 00:00:00","REPORT_DATE":"2021-03-31 00:00:00","DATE_TYPE_CODE":"001","REPORT_TYPE":"2020年年报","PER_NETCASH_OPERATE":-3.854834379278,"PER_OI":0.777559324073,"BPS":1.06098380584,"BASIC_EPS":0.350496146,"DILUTED_EPS":0.350496146,"OPERATE_INCOME":1319748570,"OPERATE_INCOME_YOY":44.1495499654,"GROSS_PROFIT":null,"GROSS_PROFIT_YOY":null,"HOLDER_PROFIT":594926427.9,"HOLDER_PROFIT_YOY":49.4560255468,"GROSS_PROFIT_RATIO":null,"EPS_TTM":0.320295674449,"OPERATE_INCOME_QOQ":0,"NET_PROFIT_RATIO":45.0787704131,"ROE_AVG":34.907429516777,"GROSS_PROFIT_QOQ":null,"ROA":6.308092807078,"HOLDER_PROFIT_QOQ":0,"ROE_YEARLY":34.907429516777,"ROIC_YEARLY":6.571984944762,"TOTAL_ASSETS":13403191524.66,"TOTAL_LIABILITIES":11602387628.16,"TAX_EBT":13.862538363265,"OCF_SALES":-495.760806916427,"TOTAL_PARENT_EQUITY":1800803896.5,"DEBT_ASSET_RATIO":86.5643649635,"OPERATE_PROFIT":892857448.98,"PRETAX_PROFIT":690670953.84,"NETCASH_OPERATE":-6542796159.9,"NETCASH_INVEST":47968190.9,"NETCASH_FINANCE":6420501149.44,"END_CASH":353693461.94,"DIVI_RATIO":0.934016672298,"DIVIDEND_RATE":12.992125984252,"CURRENT_RATIO":1.141683180614,"COMMON_ACS":10000000000,"CURRENTDEBT_DEBT":99.941752857286,"ISSUED_COMMON_SHARES":1697296308,"HK_COMMON_SHARES":1697296308,"PER_SHARES":2000,"TOTAL_MARKET_CAP":4311132622.32,"HKSK_MARKET_CAP":4311132622.32,"PE_TTM":7.600204891272,"PB_TTM":3.604050375166,"REPORT_DATE_SQ":"2019-12-31 00:00:00","REPORT_TYPE_SQ":"2019年年报","OPERATE_INCOME_SQ":989765525,"DPS_HKD":0.33,"OPERATE_INCOME_QOQ_SQ":0,"NET_PROFIT_RATIO_SQ":42.6796070755,"HOLDER_PROFIT_SQ":430332598.6,"HOLDER_PROFIT_QOQ_SQ":0,"ROE_AVG_SQ":19.519992970817,"PE_TTM_SQ":3.648582964604,"PB_TTM_SQ":2.126866179099,"ROA_SQ":6.582282797581,"START_DATE":"2020-04-01 00:00:00","FISCAL_YEAR":"3-31","CURRENCY":"HKD","IS_CNY_CODE":0,"DPS_HKD_LY":0.28,"ORG_TYPE":"证券","PREMIUM_INCOME":null,"PREMIUM_INCOME_YOY":null,"NET_INTEREST_INCOME":null,"NET_INTEREST_INCOME_YOY":null,"FEE_COMMISSION_INCOME":null,"FEE_COMMISSION_INCOME_YOY":null,"ACCOUNTS_RECE_TDAYS":0.150256525851,"INVENTORY_TDAYS":null,"CURRENT_ASSETS_TDAYS":0.142848556653,"TOTAL_ASSETS_TDAYS":0.139934890621,"PREMIUM_EXPENSE":null,"LOAN_DEPOSIT":null,"LOAN_EQUITY":null,"LOAN_ASSETS":null,"DEPOSIT_EQUITY":null,"DEPOSIT_ASSETS":null,"EQUITY_MULTIPLIER":7.442893449274,"EQUITY_RATIO":6.442893449259},{"SECUCODE":"01428.HK","SECURITY_CODE":"01428","SECURITY_NAME_ABBR":"耀才证券金融","ORG_CODE":"10132675","STD_REPORT_DATE":"2020-06-30 00:00:00","REPORT_DATE":"2020-09-30 00:00:00","DATE_TYPE_CODE":"002","REPORT_TYPE":"2020年中报","PER_NETCASH_OPERATE":-11.113553186943,"PER_OI":0.378284786889,"BPS":0.917898630013,"BASIC_EPS":0.179171008,"DILUTED_EPS":0.179171008,"OPERATE_INCOME":642061372.16,"OPERATE_INCOME_YOY":45.4458955632,"GROSS_PROFIT":null,"GROSS_PROFIT_YOY":null,"HOLDER_PROFIT":304083692.16,"HOLDER_PROFIT_YOY":63.6145717595,"GROSS_PROFIT_RATIO":null,"EPS_TTM":0.253540054598,"OPERATE_INCOME_QOQ":0,"NET_PROFIT_RATIO":47.3605336414,"ROE_AVG":18.831391802198,"GROSS_PROFIT_QOQ":null,"ROA":1.979006754814,"HOLDER_PROFIT_QOQ":0,"ROE_YEARLY":37.662783604397,"ROIC_YEARLY":4.060770448972,"TOTAL_ASSETS":25055169191.04,"TOTAL_LIABILITIES":23497223235.2,"TAX_EBT":13.710455643744,"OCF_SALES":-2937.88002375876,"TOTAL_PARENT_EQUITY":1557945955.84,"DEBT_ASSET_RATIO":93.7819379947,"OPERATE_PROFIT":null,"PRETAX_PROFIT":352399232.64,"NETCASH_OPERATE":-18862992792.96,"NETCASH_INVEST":72640267.52,"NETCASH_FINANCE":18718279032.32,"END_CASH":357913200.64,"DIVI_RATIO":1.179937822739,"DIVIDEND_RATE":12.992125984252,"CURRENT_RATIO":1.059985167262,"COMMON_ACS":10000000000,"CURRENTDEBT_DEBT":99.840745900801,"ISSUED_COMMON_SHARES":1697296308,"HK_COMMON_SHARES":1697296308,"PER_SHARES":2000,"TOTAL_MARKET_CAP":4311132622.32,"HKSK_MARKET_CAP":4311132622.32,"PE_TTM":7.600204891272,"PB_TTM":3.604050375166,"REPORT_DATE_SQ":"2019-06-30 00:00:00","REPORT_TYPE_SQ":"2019年中报","OPERATE_INCOME_SQ":453143665.71,"DPS_HKD":0.33,"OPERATE_INCOME_QOQ_SQ":0,"NET_PROFIT_RATIO_SQ":42.1013553728,"HOLDER_PROFIT_SQ":190779625.05,"HOLDER_PROFIT_QOQ_SQ":0,"ROE_AVG_SQ":7.139671974429,"PE_TTM_SQ":3.648582964604,"PB_TTM_SQ":2.126866179099,"ROA_SQ":2.748403868076,"START_DATE":"2020-04-01 00:00:00","FISCAL_YEAR":"3-31","CURRENCY":"HKD","IS_CNY_CODE":0,"DPS_HKD_LY":0.28,"ORG_TYPE":"证券","PREMIUM_INCOME":null,"PREMIUM_INCOME_YOY":null,"NET_INTEREST_INCOME":null,"NET_INTEREST_INCOME_YOY":null,"FEE_COMMISSION_INCOME":null,"FEE_COMMISSION_INCOME_YOY":null,"ACCOUNTS_RECE_TDAYS":0.043615169511,"INVENTORY_TDAYS":null,"CURRENT_ASSETS_TDAYS":0.042360709899,"TOTAL_ASSETS_TDAYS":0.04178598936,"PREMIUM_EXPENSE":null,"LOAN_DEPOSIT":null,"LOAN_EQUITY":null,"LOAN_ASSETS":null,"DEPOSIT_EQUITY":null,"DEPOSIT_ASSETS":null,"EQUITY_MULTIPLIER":16.082181218966,"EQUITY_RATIO":15.08218121888}],"count":33},"success":true,"message":"ok","code":0}