{"version":"29ca5dcc92388be46252f3c702dce6d2","result":{"pages":2,"data":[{"SECUCODE":"01427.HK","SECURITY_CODE":"01427","SECURITY_NAME_ABBR":"中国天保集团","ORG_CODE":"10000025005","STD_REPORT_DATE":"2024-06-30 00:00:00","REPORT_DATE":"2024-06-30 00:00:00","DATE_TYPE_CODE":"002","REPORT_TYPE":"2024年中报","PER_NETCASH_OPERATE":-0.172318198889,"PER_OI":1.014571514696,"BPS":1.121842594449,"BASIC_EPS":-0.036,"DILUTED_EPS":-0.036,"OPERATE_INCOME":821251000,"OPERATE_INCOME_YOY":-13.0273027748,"GROSS_PROFIT":35050000,"GROSS_PROFIT_YOY":-61.19611186148,"HOLDER_PROFIT":-28848000,"HOLDER_PROFIT_YOY":-1030.5806451613,"GROSS_PROFIT_RATIO":4.26787912587,"EPS_TTM":-0.025891462908,"OPERATE_INCOME_QOQ":-4.528178535656,"NET_PROFIT_RATIO":-3.5126897867,"ROE_AVG":-2.886420725237,"GROSS_PROFIT_QOQ":-34.139321734512,"ROA":-0.466111204555,"HOLDER_PROFIT_QOQ":-290.700636942675,"ROE_YEARLY":-5.772841450474,"ROIC_YEARLY":-0.975526288114,"TOTAL_ASSETS":6309033000,"TOTAL_LIABILITIES":5324127000,"TAX_EBT":-17.087425927429,"OCF_SALES":-16.984332439169,"TOTAL_PARENT_EQUITY":984906000,"DEBT_ASSET_RATIO":84.388954694,"OPERATE_PROFIT":13330000,"PRETAX_PROFIT":-24638000,"NETCASH_OPERATE":-139484000,"NETCASH_INVEST":-5040000,"NETCASH_FINANCE":318146000,"END_CASH":361546000,"DIVI_RATIO":null,"DIVIDEND_RATE":null,"CURRENT_RATIO":0.958694411497,"COMMON_ACS":2000000000,"CURRENTDEBT_DEBT":89.977455458895,"ISSUED_COMMON_SHARES":877936000,"HK_COMMON_SHARES":877936000,"PER_SHARES":1000,"TOTAL_MARKET_CAP":228263360,"HKSK_MARKET_CAP":228263360,"PE_TTM":-9.992686410278,"PB_TTM":0.211524148908,"REPORT_DATE_SQ":"2023-06-30 00:00:00","REPORT_TYPE_SQ":"2023年中报","OPERATE_INCOME_SQ":944263000,"DPS_HKD":null,"OPERATE_INCOME_QOQ_SQ":-2.582036510802,"NET_PROFIT_RATIO_SQ":0.328298366,"HOLDER_PROFIT_SQ":3100000,"HOLDER_PROFIT_QOQ_SQ":13.342603628658,"ROE_AVG_SQ":0.309968848131,"PE_TTM_SQ":-0.480959216757,"PB_TTM_SQ":0.148492466433,"ROA_SQ":0.049928726743,"START_DATE":"2024-01-01 00:00:00","FISCAL_YEAR":"12-31","CURRENCY":"HKD","IS_CNY_CODE":0,"DPS_HKD_LY":null,"ORG_TYPE":"一般企业","PREMIUM_INCOME":null,"PREMIUM_INCOME_YOY":null,"NET_INTEREST_INCOME":null,"NET_INTEREST_INCOME_YOY":null,"FEE_COMMISSION_INCOME":null,"FEE_COMMISSION_INCOME_YOY":null,"ACCOUNTS_RECE_TDAYS":2.249478888478,"INVENTORY_TDAYS":0.411307434914,"CURRENT_ASSETS_TDAYS":0.183502410442,"TOTAL_ASSETS_TDAYS":0.132693529136,"PREMIUM_EXPENSE":null,"LOAN_DEPOSIT":null,"LOAN_EQUITY":null,"LOAN_ASSETS":null,"DEPOSIT_EQUITY":null,"DEPOSIT_ASSETS":null,"EQUITY_MULTIPLIER":6.405720952047,"EQUITY_RATIO":5.40572095205},{"SECUCODE":"01427.HK","SECURITY_CODE":"01427","SECURITY_NAME_ABBR":"中国天保集团","ORG_CODE":"10000025005","STD_REPORT_DATE":"2023-12-31 00:00:00","REPORT_DATE":"2023-12-31 00:00:00","DATE_TYPE_CODE":"001","REPORT_TYPE":"2023年年报","PER_NETCASH_OPERATE":-0.035753641952,"PER_OI":3.356067531774,"BPS":1.154948652294,"BASIC_EPS":0.01,"DILUTED_EPS":0.01,"OPERATE_INCOME":2716589000,"OPERATE_INCOME_YOY":41.2044687034,"GROSS_PROFIT":161913000,"GROSS_PROFIT_YOY":41.147395215845,"HOLDER_PROFIT":10990000,"HOLDER_PROFIT_YOY":103.1639921001,"GROSS_PROFIT_RATIO":5.960158124766,"EPS_TTM":0.013577019628,"OPERATE_INCOME_QOQ":44.947054573859,"NET_PROFIT_RATIO":0.404551443,"ROE_AVG":1.091346387782,"GROSS_PROFIT_QOQ":27.102238829403,"ROA":0.178077378429,"HOLDER_PROFIT_QOQ":103.651150660629,"ROE_YEARLY":1.091346387782,"ROIC_YEARLY":0.184209769839,"TOTAL_ASSETS":6069129000,"TOTAL_LIABILITIES":5055158000,"TAX_EBT":75.177865612648,"OCF_SALES":-1.065343340491,"TOTAL_PARENT_EQUITY":1013971000,"DEBT_ASSET_RATIO":83.292973341,"OPERATE_PROFIT":115772000,"PRETAX_PROFIT":44275000,"NETCASH_OPERATE":-28941000,"NETCASH_INVEST":16343000,"NETCASH_FINANCE":-26400000,"END_CASH":187924000,"DIVI_RATIO":null,"DIVIDEND_RATE":null,"CURRENT_RATIO":0.963516565924,"COMMON_ACS":2000000000,"CURRENTDEBT_DEBT":89.477539574431,"ISSUED_COMMON_SHARES":877936000,"HK_COMMON_SHARES":877936000,"PER_SHARES":1000,"TOTAL_MARKET_CAP":188756240,"HKSK_MARKET_CAP":188756240,"PE_TTM":-8.263182993115,"PB_TTM":0.174914200059,"REPORT_DATE_SQ":"2022-12-31 00:00:00","REPORT_TYPE_SQ":"2022年年报","OPERATE_INCOME_SQ":1923869000,"DPS_HKD":null,"OPERATE_INCOME_QOQ_SQ":-36.234792586558,"NET_PROFIT_RATIO_SQ":-18.0545556896,"HOLDER_PROFIT_SQ":-347346000,"HOLDER_PROFIT_QOQ_SQ":-933.060702495316,"ROE_AVG_SQ":-29.61372128167,"PE_TTM_SQ":-0.422954085087,"PB_TTM_SQ":0.130583827265,"ROA_SQ":-5.258354953871,"START_DATE":"2023-01-01 00:00:00","FISCAL_YEAR":"12-31","CURRENCY":"HKD","IS_CNY_CODE":0,"DPS_HKD_LY":null,"ORG_TYPE":"一般企业","PREMIUM_INCOME":null,"PREMIUM_INCOME_YOY":null,"NET_INTEREST_INCOME":null,"NET_INTEREST_INCOME_YOY":null,"FEE_COMMISSION_INCOME":null,"FEE_COMMISSION_INCOME_YOY":null,"ACCOUNTS_RECE_TDAYS":7.355730593855,"INVENTORY_TDAYS":1.005491743886,"CURRENT_ASSETS_TDAYS":0.54930667091,"TOTAL_ASSETS_TDAYS":0.440184756495,"PREMIUM_EXPENSE":null,"LOAN_DEPOSIT":null,"LOAN_EQUITY":null,"LOAN_ASSETS":null,"DEPOSIT_EQUITY":null,"DEPOSIT_ASSETS":null,"EQUITY_MULTIPLIER":5.985505502628,"EQUITY_RATIO":4.985505502623},{"SECUCODE":"01427.HK","SECURITY_CODE":"01427","SECURITY_NAME_ABBR":"中国天保集团","ORG_CODE":"10000025005","STD_REPORT_DATE":"2023-06-30 00:00:00","REPORT_DATE":"2023-06-30 00:00:00","DATE_TYPE_CODE":"002","REPORT_TYPE":"2023年中报","PER_NETCASH_OPERATE":-0.130073777945,"PER_OI":1.166540244312,"BPS":1.139201490769,"BASIC_EPS":0.004,"DILUTED_EPS":0.004,"OPERATE_INCOME":944263000,"OPERATE_INCOME_YOY":-4.9977966433,"GROSS_PROFIT":90326000,"GROSS_PROFIT_YOY":16.324533161623,"HOLDER_PROFIT":3100000,"HOLDER_PROFIT_YOY":107.1684587814,"GROSS_PROFIT_RATIO":9.565767164445,"EPS_TTM":-0.371855913107,"OPERATE_INCOME_QOQ":-2.582036510802,"NET_PROFIT_RATIO":0.328298366,"ROE_AVG":0.309968848131,"GROSS_PROFIT_QOQ":11.050282446475,"ROA":0.049928726743,"HOLDER_PROFIT_QOQ":13.342603628658,"ROE_YEARLY":0.619937696262,"ROIC_YEARLY":0.103506249148,"TOTAL_ASSETS":6143881000,"TOTAL_LIABILITIES":5143735000,"TAX_EBT":73.404255319149,"OCF_SALES":-11.150389245369,"TOTAL_PARENT_EQUITY":1000146000,"DEBT_ASSET_RATIO":83.7212667368,"OPERATE_PROFIT":41054000,"PRETAX_PROFIT":11656000,"NETCASH_OPERATE":-105289000,"NETCASH_INVEST":3456000,"NETCASH_FINANCE":93629000,"END_CASH":214772000,"DIVI_RATIO":null,"DIVIDEND_RATE":null,"CURRENT_RATIO":1.215794611964,"COMMON_ACS":2000000000,"CURRENTDEBT_DEBT":86.962742054169,"ISSUED_COMMON_SHARES":877936000,"HK_COMMON_SHARES":877936000,"PER_SHARES":1000,"TOTAL_MARKET_CAP":188756240,"HKSK_MARKET_CAP":188756240,"PE_TTM":-8.263182993115,"PB_TTM":0.174914200059,"REPORT_DATE_SQ":"2022-06-30 00:00:00","REPORT_TYPE_SQ":"2022年中报","OPERATE_INCOME_SQ":993938000,"DPS_HKD":null,"OPERATE_INCOME_QOQ_SQ":4.05488316944,"NET_PROFIT_RATIO_SQ":-4.3508750043,"HOLDER_PROFIT_SQ":-43245000,"HOLDER_PROFIT_QOQ_SQ":-180.422407194795,"ROE_AVG_SQ":-3.182237456212,"PE_TTM_SQ":-0.422954085087,"PB_TTM_SQ":0.130583827265,"ROA_SQ":-0.62136937338,"START_DATE":"2023-01-01 00:00:00","FISCAL_YEAR":"12-31","CURRENCY":"HKD","IS_CNY_CODE":0,"DPS_HKD_LY":null,"ORG_TYPE":"一般企业","PREMIUM_INCOME":null,"PREMIUM_INCOME_YOY":null,"NET_INTEREST_INCOME":null,"NET_INTEREST_INCOME_YOY":null,"FEE_COMMISSION_INCOME":null,"FEE_COMMISSION_INCOME_YOY":null,"ACCOUNTS_RECE_TDAYS":2.79183556411,"INVENTORY_TDAYS":0.271982133214,"CURRENT_ASSETS_TDAYS":0.172135223049,"TOTAL_ASSETS_TDAYS":0.152083384839,"PREMIUM_EXPENSE":null,"LOAN_DEPOSIT":null,"LOAN_EQUITY":null,"LOAN_ASSETS":null,"DEPOSIT_EQUITY":null,"DEPOSIT_ASSETS":null,"EQUITY_MULTIPLIER":6.142984124328,"EQUITY_RATIO":5.142984124318},{"SECUCODE":"01427.HK","SECURITY_CODE":"01427","SECURITY_NAME_ABBR":"中国天保集团","ORG_CODE":"10000025005","STD_REPORT_DATE":"2022-12-31 00:00:00","REPORT_DATE":"2022-12-31 00:00:00","DATE_TYPE_CODE":"001","REPORT_TYPE":"2022年年报","PER_NETCASH_OPERATE":-0.204816568164,"PER_OI":2.376743146014,"BPS":1.139097838567,"BASIC_EPS":-0.43,"DILUTED_EPS":-0.43,"OPERATE_INCOME":1923869000,"OPERATE_INCOME_YOY":-33.6491879232,"GROSS_PROFIT":114712000,"GROSS_PROFIT_YOY":-52.916259635355,"HOLDER_PROFIT":-347346000,"HOLDER_PROFIT_YOY":-930.8122847302,"GROSS_PROFIT_RATIO":5.962568137436,"EPS_TTM":-0.429110414896,"OPERATE_INCOME_QOQ":-36.234792586558,"NET_PROFIT_RATIO":-18.0545556896,"ROE_AVG":-29.61372128167,"GROSS_PROFIT_QOQ":-49.564728020963,"ROA":-5.258354953871,"HOLDER_PROFIT_QOQ":-933.060702495316,"ROE_YEARLY":-29.61372128167,"ROIC_YEARLY":-5.453064446356,"TOTAL_ASSETS":6273820000,"TOTAL_LIABILITIES":5273765000,"TAX_EBT":5.120570785486,"OCF_SALES":-8.617530611492,"TOTAL_PARENT_EQUITY":1000055000,"DEBT_ASSET_RATIO":84.0598710196,"OPERATE_PROFIT":-295226000,"PRETAX_PROFIT":-366092000,"NETCASH_OPERATE":-165790000,"NETCASH_INVEST":47227000,"NETCASH_FINANCE":95275000,"END_CASH":222976000,"DIVI_RATIO":null,"DIVIDEND_RATE":null,"CURRENT_RATIO":1.108111426288,"COMMON_ACS":2000000000,"CURRENTDEBT_DEBT":94.675606516407,"ISSUED_COMMON_SHARES":877936000,"HK_COMMON_SHARES":877936000,"PER_SHARES":1000,"TOTAL_MARKET_CAP":188756240,"HKSK_MARKET_CAP":188756240,"PE_TTM":-8.263182993115,"PB_TTM":0.174914200059,"REPORT_DATE_SQ":"2021-12-31 00:00:00","REPORT_TYPE_SQ":"2021年年报","OPERATE_INCOME_SQ":2899541000,"DPS_HKD":null,"OPERATE_INCOME_QOQ_SQ":-0.200697191272,"NET_PROFIT_RATIO_SQ":1.4418833877,"HOLDER_PROFIT_SQ":41808000,"HOLDER_PROFIT_QOQ_SQ":-82.250374666197,"ROE_AVG_SQ":3.141480458734,"PE_TTM_SQ":-0.422954085087,"PB_TTM_SQ":0.130583827265,"ROA_SQ":0.624092961907,"START_DATE":"2022-01-01 00:00:00","FISCAL_YEAR":"12-31","CURRENCY":"HKD","IS_CNY_CODE":0,"DPS_HKD_LY":null,"ORG_TYPE":"一般企业","PREMIUM_INCOME":null,"PREMIUM_INCOME_YOY":null,"NET_INTEREST_INCOME":null,"NET_INTEREST_INCOME_YOY":null,"FEE_COMMISSION_INCOME":null,"FEE_COMMISSION_INCOME_YOY":null,"ACCOUNTS_RECE_TDAYS":3.938512844029,"INVENTORY_TDAYS":0.654319344508,"CURRENT_ASSETS_TDAYS":0.330507422707,"TOTAL_ASSETS_TDAYS":0.291248095177,"PREMIUM_EXPENSE":null,"LOAN_DEPOSIT":null,"LOAN_EQUITY":null,"LOAN_ASSETS":null,"DEPOSIT_EQUITY":null,"DEPOSIT_ASSETS":null,"EQUITY_MULTIPLIER":6.273474958889,"EQUITY_RATIO":5.273474958877},{"SECUCODE":"01427.HK","SECURITY_CODE":"01427","SECURITY_NAME_ABBR":"中国天保集团","ORG_CODE":"10000025005","STD_REPORT_DATE":"2022-06-30 00:00:00","REPORT_DATE":"2022-06-30 00:00:00","DATE_TYPE_CODE":"002","REPORT_TYPE":"2022年中报","PER_NETCASH_OPERATE":0.068270542191,"PER_OI":1.22790862011,"BPS":1.562880437754,"BASIC_EPS":-0.054,"DILUTED_EPS":-0.054,"OPERATE_INCOME":993938000,"OPERATE_INCOME_YOY":13.4159853486,"GROSS_PROFIT":77650000,"GROSS_PROFIT_YOY":-17.252770673487,"HOLDER_PROFIT":-43245000,"HOLDER_PROFIT_YOY":-234.3596594793,"GROSS_PROFIT_RATIO":7.812358517332,"EPS_TTM":-0.041537773517,"OPERATE_INCOME_QOQ":4.05488316944,"NET_PROFIT_RATIO":-4.3508750043,"ROE_AVG":-3.182237456212,"GROSS_PROFIT_QOQ":-6.645213722223,"ROA":-0.62136937338,"HOLDER_PROFIT_QOQ":-180.422407194795,"ROE_YEARLY":-6.364474912423,"ROIC_YEARLY":-1.295369962244,"TOTAL_ASSETS":6981873000,"TOTAL_LIABILITIES":5609764000,"TAX_EBT":-113.861826813709,"OCF_SALES":5.55990413889,"TOTAL_PARENT_EQUITY":1372109000,"DEBT_ASSET_RATIO":80.3475514378,"OPERATE_PROFIT":11013000,"PRETAX_PROFIT":-20221000,"NETCASH_OPERATE":55262000,"NETCASH_INVEST":4545000,"NETCASH_FINANCE":8238000,"END_CASH":316794000,"DIVI_RATIO":null,"DIVIDEND_RATE":null,"CURRENT_RATIO":1.135965590319,"COMMON_ACS":2000000000,"CURRENTDEBT_DEBT":96.97550556494,"ISSUED_COMMON_SHARES":877936000,"HK_COMMON_SHARES":877936000,"PER_SHARES":1000,"TOTAL_MARKET_CAP":188756240,"HKSK_MARKET_CAP":188756240,"PE_TTM":-8.263182993115,"PB_TTM":0.174914200059,"REPORT_DATE_SQ":"2021-06-30 00:00:00","REPORT_TYPE_SQ":"2021年中报","OPERATE_INCOME_SQ":876365000,"DPS_HKD":null,"OPERATE_INCOME_QOQ_SQ":-13.770318884316,"NET_PROFIT_RATIO_SQ":3.6726706338,"HOLDER_PROFIT_SQ":32186000,"HOLDER_PROFIT_QOQ_SQ":-28.982937911364,"ROE_AVG_SQ":2.413430207469,"PE_TTM_SQ":-0.422954085087,"PB_TTM_SQ":0.130583827265,"ROA_SQ":0.487256300887,"START_DATE":"2022-01-01 00:00:00","FISCAL_YEAR":"12-31","CURRENCY":"HKD","IS_CNY_CODE":0,"DPS_HKD_LY":null,"ORG_TYPE":"一般企业","PREMIUM_INCOME":null,"PREMIUM_INCOME_YOY":null,"NET_INTEREST_INCOME":null,"NET_INTEREST_INCOME_YOY":null,"FEE_COMMISSION_INCOME":null,"FEE_COMMISSION_INCOME_YOY":null,"ACCOUNTS_RECE_TDAYS":1.484686164969,"INVENTORY_TDAYS":0.32701230925,"CURRENT_ASSETS_TDAYS":0.161761809918,"TOTAL_ASSETS_TDAYS":0.142814806854,"PREMIUM_EXPENSE":null,"LOAN_DEPOSIT":null,"LOAN_EQUITY":null,"LOAN_ASSETS":null,"DEPOSIT_EQUITY":null,"DEPOSIT_ASSETS":null,"EQUITY_MULTIPLIER":5.088424461893,"EQUITY_RATIO":4.088424461905},{"SECUCODE":"01427.HK","SECURITY_CODE":"01427","SECURITY_NAME_ABBR":"中国天保集团","ORG_CODE":"10000025005","STD_REPORT_DATE":"2021-12-31 00:00:00","REPORT_DATE":"2021-12-31 00:00:00","DATE_TYPE_CODE":"001","REPORT_TYPE":"2021年年报","PER_NETCASH_OPERATE":-0.187028078117,"PER_OI":3.582085993556,"BPS":1.532902170545,"BASIC_EPS":0.05,"DILUTED_EPS":0.05,"OPERATE_INCOME":2899541000,"OPERATE_INCOME_YOY":-13.9433794324,"GROSS_PROFIT":243634000,"GROSS_PROFIT_YOY":-61.210891913536,"HOLDER_PROFIT":41808000,"HOLDER_PROFIT_YOY":-87.3947375562,"GROSS_PROFIT_RATIO":8.402502327092,"EPS_TTM":0.051649502876,"OPERATE_INCOME_QOQ":-0.200697191272,"NET_PROFIT_RATIO":1.4418833877,"ROE_AVG":3.141480458734,"GROSS_PROFIT_QOQ":-42.547145562292,"ROA":0.624092961907,"HOLDER_PROFIT_QOQ":-82.250374666197,"ROE_YEARLY":3.141480458734,"ROIC_YEARLY":0.644919653451,"TOTAL_ASSETS":6937384000,"TOTAL_LIABILITIES":5591594000,"TAX_EBT":14.320845970981,"OCF_SALES":-5.221205701178,"TOTAL_PARENT_EQUITY":1345790000,"DEBT_ASSET_RATIO":80.6009008583,"OPERATE_PROFIT":106785000,"PRETAX_PROFIT":48796000,"NETCASH_OPERATE":-151391000,"NETCASH_INVEST":-104072000,"NETCASH_FINANCE":315003000,"END_CASH":248749000,"DIVI_RATIO":null,"DIVIDEND_RATE":null,"CURRENT_RATIO":1.165721428768,"COMMON_ACS":2000000000,"CURRENTDEBT_DEBT":93.72382901906,"ISSUED_COMMON_SHARES":877936000,"HK_COMMON_SHARES":877936000,"PER_SHARES":1000,"TOTAL_MARKET_CAP":188756240,"HKSK_MARKET_CAP":188756240,"PE_TTM":-8.263182993115,"PB_TTM":0.174914200059,"REPORT_DATE_SQ":"2020-12-31 00:00:00","REPORT_TYPE_SQ":"2020年年报","OPERATE_INCOME_SQ":3369341000,"DPS_HKD":null,"OPERATE_INCOME_QOQ_SQ":0.99831027054,"NET_PROFIT_RATIO_SQ":9.84379438,"HOLDER_PROFIT_SQ":331671000,"HOLDER_PROFIT_QOQ_SQ":-14.84632744283,"ROE_AVG_SQ":27.608524013483,"PE_TTM_SQ":-0.422954085087,"PB_TTM_SQ":0.130583827265,"ROA_SQ":5.271635343231,"START_DATE":"2021-01-01 00:00:00","FISCAL_YEAR":"12-31","CURRENCY":"HKD","IS_CNY_CODE":0,"DPS_HKD_LY":null,"ORG_TYPE":"一般企业","PREMIUM_INCOME":null,"PREMIUM_INCOME_YOY":null,"NET_INTEREST_INCOME":null,"NET_INTEREST_INCOME_YOY":null,"FEE_COMMISSION_INCOME":null,"FEE_COMMISSION_INCOME_YOY":null,"ACCOUNTS_RECE_TDAYS":5.012769025173,"INVENTORY_TDAYS":1.165905721193,"CURRENT_ASSETS_TDAYS":0.492986161728,"TOTAL_ASSETS_TDAYS":0.432831785988,"PREMIUM_EXPENSE":null,"LOAN_DEPOSIT":null,"LOAN_EQUITY":null,"LOAN_ASSETS":null,"DEPOSIT_EQUITY":null,"DEPOSIT_ASSETS":null,"EQUITY_MULTIPLIER":5.154878547171,"EQUITY_RATIO":4.154878547173},{"SECUCODE":"01427.HK","SECURITY_CODE":"01427","SECURITY_NAME_ABBR":"中国天保集团","ORG_CODE":"10000025005","STD_REPORT_DATE":"2021-06-30 00:00:00","REPORT_DATE":"2021-06-30 00:00:00","DATE_TYPE_CODE":"002","REPORT_TYPE":"2021年中报","PER_NETCASH_OPERATE":-0.179363671404,"PER_OI":1.082659218043,"BPS":1.539242040422,"BASIC_EPS":0.04,"DILUTED_EPS":0.04,"OPERATE_INCOME":876365000,"OPERATE_INCOME_YOY":-34.6159240906,"GROSS_PROFIT":93840000,"GROSS_PROFIT_YOY":-68.497381495904,"HOLDER_PROFIT":32186000,"HOLDER_PROFIT_YOY":-74.916221145,"GROSS_PROFIT_RATIO":10.707867155808,"EPS_TTM":0.290989256982,"OPERATE_INCOME_QOQ":-13.770318884316,"NET_PROFIT_RATIO":3.6726706338,"ROE_AVG":2.413430207469,"GROSS_PROFIT_QOQ":-32.485324765682,"ROA":0.487256300887,"HOLDER_PROFIT_QOQ":-28.982937911364,"ROE_YEARLY":4.826860414938,"ROIC_YEARLY":1.002792215197,"TOTAL_ASSETS":6750497000,"TOTAL_LIABILITIES":5399141000,"TAX_EBT":11.489385106149,"OCF_SALES":-16.566955549343,"TOTAL_PARENT_EQUITY":1351356000,"DEBT_ASSET_RATIO":79.9813850743,"OPERATE_PROFIT":57814000,"PRETAX_PROFIT":36364000,"NETCASH_OPERATE":-145187000,"NETCASH_INVEST":-71433000,"NETCASH_FINANCE":221347000,"END_CASH":188646000,"DIVI_RATIO":null,"DIVIDEND_RATE":null,"CURRENT_RATIO":1.142970448857,"COMMON_ACS":2000000000,"CURRENTDEBT_DEBT":95.369633799154,"ISSUED_COMMON_SHARES":877936000,"HK_COMMON_SHARES":877936000,"PER_SHARES":1000,"TOTAL_MARKET_CAP":188756240,"HKSK_MARKET_CAP":188756240,"PE_TTM":-8.263182993115,"PB_TTM":0.174914200059,"REPORT_DATE_SQ":"2020-06-30 00:00:00","REPORT_TYPE_SQ":"2020年中报","OPERATE_INCOME_SQ":1340334000,"DPS_HKD":null,"OPERATE_INCOME_QOQ_SQ":25.41318034298,"NET_PROFIT_RATIO_SQ":9.5732854647,"HOLDER_PROFIT_SQ":128314000,"HOLDER_PROFIT_QOQ_SQ":22.595133927166,"ROE_AVG_SQ":11.101104192783,"PE_TTM_SQ":-0.422954085087,"PB_TTM_SQ":0.130583827265,"ROA_SQ":2.06521421604,"START_DATE":"2021-01-01 00:00:00","FISCAL_YEAR":"12-31","CURRENCY":"HKD","IS_CNY_CODE":0,"DPS_HKD_LY":null,"ORG_TYPE":"一般企业","PREMIUM_INCOME":null,"PREMIUM_INCOME_YOY":null,"NET_INTEREST_INCOME":null,"NET_INTEREST_INCOME_YOY":null,"FEE_COMMISSION_INCOME":null,"FEE_COMMISSION_INCOME_YOY":null,"ACCOUNTS_RECE_TDAYS":1.826671849808,"INVENTORY_TDAYS":0.335921960417,"CURRENT_ASSETS_TDAYS":0.15189163683,"TOTAL_ASSETS_TDAYS":0.132670840778,"PREMIUM_EXPENSE":null,"LOAN_DEPOSIT":null,"LOAN_EQUITY":null,"LOAN_ASSETS":null,"DEPOSIT_EQUITY":null,"DEPOSIT_ASSETS":null,"EQUITY_MULTIPLIER":4.995350595991,"EQUITY_RATIO":3.995350595994},{"SECUCODE":"01427.HK","SECURITY_CODE":"01427","SECURITY_NAME_ABBR":"中国天保集团","ORG_CODE":"10000025005","STD_REPORT_DATE":"2020-12-31 00:00:00","REPORT_DATE":"2020-12-31 00:00:00","DATE_TYPE_CODE":"001","REPORT_TYPE":"2020年年报","PER_NETCASH_OPERATE":0.287769810836,"PER_OI":4.162475786207,"BPS":1.49883932314,"BASIC_EPS":0.42,"DILUTED_EPS":0.42,"OPERATE_INCOME":3369341000,"OPERATE_INCOME_YOY":26.665193003,"GROSS_PROFIT":628099000,"GROSS_PROFIT_YOY":-7.960053925735,"HOLDER_PROFIT":331671000,"HOLDER_PROFIT_YOY":4.3942589154,"GROSS_PROFIT_RATIO":18.641597867357,"EPS_TTM":0.40974555751,"OPERATE_INCOME_QOQ":0.99831027054,"NET_PROFIT_RATIO":9.84379438,"ROE_AVG":27.608524013483,"GROSS_PROFIT_QOQ":-23.541863969792,"ROA":5.271635343231,"HOLDER_PROFIT_QOQ":-14.84632744283,"ROE_YEARLY":27.608524013483,"ROIC_YEARLY":5.492422956527,"TOTAL_ASSETS":6460620000,"TOTAL_LIABILITIES":5144735000,"TAX_EBT":38.613434413168,"OCF_SALES":6.913429065209,"TOTAL_PARENT_EQUITY":1315885000,"DEBT_ASSET_RATIO":79.6322179605,"OPERATE_PROFIT":579230000,"PRETAX_PROFIT":540299000,"NETCASH_OPERATE":232937000,"NETCASH_INVEST":-34419000,"NETCASH_FINANCE":-345822000,"END_CASH":183919000,"DIVI_RATIO":null,"DIVIDEND_RATE":null,"CURRENT_RATIO":1.150997753591,"COMMON_ACS":2000000000,"CURRENTDEBT_DEBT":95.481788663556,"ISSUED_COMMON_SHARES":877936000,"HK_COMMON_SHARES":877936000,"PER_SHARES":1000,"TOTAL_MARKET_CAP":188756240,"HKSK_MARKET_CAP":188756240,"PE_TTM":-8.263182993115,"PB_TTM":0.174914200059,"REPORT_DATE_SQ":"2019-12-31 00:00:00","REPORT_TYPE_SQ":"2019年年报","OPERATE_INCOME_SQ":2660037000,"DPS_HKD":null,"OPERATE_INCOME_QOQ_SQ":66.07181319803,"NET_PROFIT_RATIO_SQ":11.9438188266,"HOLDER_PROFIT_SQ":317710000,"HOLDER_PROFIT_QOQ_SQ":193.613167355162,"ROE_AVG_SQ":22.974957217088,"PE_TTM_SQ":-0.422954085087,"PB_TTM_SQ":0.130583827265,"ROA_SQ":5.09090553655,"START_DATE":"2020-01-01 00:00:00","FISCAL_YEAR":"12-31","CURRENCY":"HKD","IS_CNY_CODE":0,"DPS_HKD_LY":0.05,"ORG_TYPE":"一般企业","PREMIUM_INCOME":null,"PREMIUM_INCOME_YOY":null,"NET_INTEREST_INCOME":null,"NET_INTEREST_INCOME_YOY":null,"FEE_COMMISSION_INCOME":null,"FEE_COMMISSION_INCOME_YOY":null,"ACCOUNTS_RECE_TDAYS":7.292685434395,"INVENTORY_TDAYS":1.191666375044,"CURRENT_ASSETS_TDAYS":0.612311318526,"TOTAL_ASSETS_TDAYS":0.535528795071,"PREMIUM_EXPENSE":null,"LOAN_DEPOSIT":null,"LOAN_EQUITY":null,"LOAN_ASSETS":null,"DEPOSIT_EQUITY":null,"DEPOSIT_ASSETS":null,"EQUITY_MULTIPLIER":4.909714754708,"EQUITY_RATIO":3.909714754709},{"SECUCODE":"01427.HK","SECURITY_CODE":"01427","SECURITY_NAME_ABBR":"中国天保集团","ORG_CODE":"10000025005","STD_REPORT_DATE":"2020-06-30 00:00:00","REPORT_DATE":"2020-06-30 00:00:00","DATE_TYPE_CODE":"002","REPORT_TYPE":"2020年中报","PER_NETCASH_OPERATE":0.07875289083,"PER_OI":1.655845407286,"BPS":1.395258879918,"BASIC_EPS":0.16,"DILUTED_EPS":0.16,"OPERATE_INCOME":1340334000,"OPERATE_INCOME_YOY":101.7560443994,"GROSS_PROFIT":297880000,"GROSS_PROFIT_YOY":87.574776771659,"HOLDER_PROFIT":128314000,"HOLDER_PROFIT_YOY":126.9959488386,"GROSS_PROFIT_RATIO":22.224311253762,"EPS_TTM":0.481183659149,"OPERATE_INCOME_QOQ":25.41318034298,"NET_PROFIT_RATIO":9.5732854647,"ROE_AVG":11.101104192783,"GROSS_PROFIT_QOQ":20.379531666716,"ROA":2.06521421604,"HOLDER_PROFIT_QOQ":22.595133927166,"ROE_YEARLY":22.202208385567,"ROIC_YEARLY":4.314617652847,"TOTAL_ASSETS":6303607000,"TOTAL_LIABILITIES":5078659000,"TAX_EBT":40.544172296515,"OCF_SALES":4.756053341928,"TOTAL_PARENT_EQUITY":1224948000,"DEBT_ASSET_RATIO":80.5675068259,"OPERATE_PROFIT":238279000,"PRETAX_PROFIT":215814000,"NETCASH_OPERATE":63747000,"NETCASH_INVEST":-18346000,"NETCASH_FINANCE":-158749000,"END_CASH":208561000,"DIVI_RATIO":null,"DIVIDEND_RATE":null,"CURRENT_RATIO":1.150663145579,"COMMON_ACS":2000000000,"CURRENTDEBT_DEBT":94.379559643599,"ISSUED_COMMON_SHARES":877936000,"HK_COMMON_SHARES":877936000,"PER_SHARES":1000,"TOTAL_MARKET_CAP":188756240,"HKSK_MARKET_CAP":188756240,"PE_TTM":-8.263182993115,"PB_TTM":0.174914200059,"REPORT_DATE_SQ":"2019-06-30 00:00:00","REPORT_TYPE_SQ":"2019年中报","OPERATE_INCOME_SQ":664334000,"DPS_HKD":null,"OPERATE_INCOME_QOQ_SQ":0,"NET_PROFIT_RATIO_SQ":8.5088223695,"HOLDER_PROFIT_SQ":56527000,"HOLDER_PROFIT_QOQ_SQ":0,"ROE_AVG_SQ":null,"PE_TTM_SQ":-0.422954085087,"PB_TTM_SQ":0.130583827265,"ROA_SQ":null,"START_DATE":"2020-01-01 00:00:00","FISCAL_YEAR":"12-31","CURRENCY":"HKD","IS_CNY_CODE":0,"DPS_HKD_LY":0.05,"ORG_TYPE":"一般企业","PREMIUM_INCOME":null,"PREMIUM_INCOME_YOY":null,"NET_INTEREST_INCOME":null,"NET_INTEREST_INCOME_YOY":null,"FEE_COMMISSION_INCOME":null,"FEE_COMMISSION_INCOME_YOY":null,"ACCOUNTS_RECE_TDAYS":3.394561191346,"INVENTORY_TDAYS":0.443319570329,"CURRENT_ASSETS_TDAYS":0.246687208995,"TOTAL_ASSETS_TDAYS":0.215726797625,"PREMIUM_EXPENSE":null,"LOAN_DEPOSIT":null,"LOAN_EQUITY":null,"LOAN_ASSETS":null,"DEPOSIT_EQUITY":null,"DEPOSIT_ASSETS":null,"EQUITY_MULTIPLIER":5.146020075966,"EQUITY_RATIO":4.146020075954}],"count":14},"success":true,"message":"ok","code":0}