{"version":"d7fcdf65124df3dd8f059b07250f9484","result":{"pages":3,"data":[{"SECUCODE":"01420.HK","SECURITY_CODE":"01420","SECURITY_NAME_ABBR":"川控股","ORG_CODE":"10491572","STD_REPORT_DATE":"2024-06-30 00:00:00","REPORT_DATE":"2024-06-30 00:00:00","DATE_TYPE_CODE":"002","REPORT_TYPE":"2024年中报","PER_NETCASH_OPERATE":0.024030462598,"PER_OI":0.268781308641,"BPS":0.406888738029,"BASIC_EPS":0.0100301,"DILUTED_EPS":0.0095022,"OPERATE_INCOME":339867299,"OPERATE_INCOME_YOY":-3.5577326383,"GROSS_PROFIT":37127207,"GROSS_PROFIT_YOY":63.926295418484,"HOLDER_PROFIT":12516509,"HOLDER_PROFIT_YOY":36.3427257044,"GROSS_PROFIT_RATIO":10.924030381634,"EPS_TTM":0.016348251986,"OPERATE_INCOME_QOQ":-2.59952790337,"NET_PROFIT_RATIO":3.6827635483,"ROE_AVG":2.502784096607,"GROSS_PROFIT_QOQ":31.338105205495,"ROA":1.505444617289,"HOLDER_PROFIT_QOQ":18.470643670754,"ROE_YEARLY":5.005568193214,"ROIC_YEARLY":3.679605811946,"TOTAL_ASSETS":1020457095,"TOTAL_LIABILITIES":506382796,"TAX_EBT":26.503409795412,"OCF_SALES":8.940525931564,"TOTAL_PARENT_EQUITY":514074299,"DEBT_ASSET_RATIO":49.6231344249,"OPERATE_PROFIT":20910119,"PRETAX_PROFIT":17030054,"NETCASH_OPERATE":30385924,"NETCASH_INVEST":-237064053,"NETCASH_FINANCE":190439925,"END_CASH":143272060,"DIVI_RATIO":null,"DIVIDEND_RATE":null,"CURRENT_RATIO":1.809491165609,"COMMON_ACS":10000000000,"CURRENTDEBT_DEBT":47.142529502523,"ISSUED_COMMON_SHARES":1263427200,"HK_COMMON_SHARES":1263427200,"PER_SHARES":4000,"TOTAL_MARKET_CAP":120025584,"HKSK_MARKET_CAP":120025584,"PE_TTM":5.243871932021,"PB_TTM":0.213091668424,"REPORT_DATE_SQ":"2023-06-30 00:00:00","REPORT_TYPE_SQ":"2023年中报","OPERATE_INCOME_SQ":356757415.2,"DPS_HKD":null,"OPERATE_INCOME_QOQ_SQ":33.133466779801,"NET_PROFIT_RATIO_SQ":2.6050092876,"HOLDER_PROFIT_SQ":9293563.8,"HOLDER_PROFIT_QOQ_SQ":32.273028778415,"ROE_AVG_SQ":1.939419623938,"PE_TTM_SQ":6.030676256615,"PB_TTM_SQ":0.144549665232,"ROA_SQ":1.547924232714,"START_DATE":"2024-01-01 00:00:00","FISCAL_YEAR":"12-31","CURRENCY":"HKD","IS_CNY_CODE":0,"DPS_HKD_LY":null,"ORG_TYPE":"一般企业","PREMIUM_INCOME":null,"PREMIUM_INCOME_YOY":null,"NET_INTEREST_INCOME":null,"NET_INTEREST_INCOME_YOY":null,"FEE_COMMISSION_INCOME":null,"FEE_COMMISSION_INCOME_YOY":null,"ACCOUNTS_RECE_TDAYS":3.490052583076,"INVENTORY_TDAYS":null,"CURRENT_ASSETS_TDAYS":0.813415204235,"TOTAL_ASSETS_TDAYS":0.40878123115,"PREMIUM_EXPENSE":null,"LOAN_DEPOSIT":null,"LOAN_EQUITY":null,"LOAN_ASSETS":null,"DEPOSIT_EQUITY":null,"DEPOSIT_ASSETS":null,"EQUITY_MULTIPLIER":1.985038149127,"EQUITY_RATIO":0.985038149126},{"SECUCODE":"01420.HK","SECURITY_CODE":"01420","SECURITY_NAME_ABBR":"川控股","ORG_CODE":"10491572","STD_REPORT_DATE":"2023-12-31 00:00:00","REPORT_DATE":"2023-12-31 00:00:00","DATE_TYPE_CODE":"001","REPORT_TYPE":"2023年年报","PER_NETCASH_OPERATE":0.116575796754,"PER_OI":0.626884142115,"BPS":0.391930452028,"BASIC_EPS":0.01666932,"DILUTED_EPS":0.01559388,"OPERATE_INCOME":649737830.4,"OPERATE_INCOME_YOY":36.371536595,"GROSS_PROFIT":46200902.4,"GROSS_PROFIT_YOY":43.816693105075,"HOLDER_PROFIT":17449014,"HOLDER_PROFIT_YOY":88.3343006384,"GROSS_PROFIT_RATIO":7.110699152542,"EPS_TTM":0.016835267488,"OPERATE_INCOME_QOQ":6.268143831422,"NET_PROFIT_RATIO":2.685546875,"ROE_AVG":3.588192689818,"GROSS_PROFIT_QOQ":27.612566005896,"ROA":2.794763586254,"HOLDER_PROFIT_QOQ":47.715043797107,"ROE_YEARLY":3.588192689818,"ROIC_YEARLY":3.632313599069,"TOTAL_ASSETS":654324582,"TOTAL_LIABILITIES":159148988.4,"TAX_EBT":28.790871187185,"OCF_SALES":18.596067266949,"TOTAL_PARENT_EQUITY":495175593.6,"DEBT_ASSET_RATIO":24.3226363151,"OPERATE_PROFIT":29219704.8,"PRETAX_PROFIT":24503900.4,"NETCASH_OPERATE":120825684,"NETCASH_INVEST":-59332024.8,"NETCASH_FINANCE":-24977094,"END_CASH":161880606,"DIVI_RATIO":null,"DIVIDEND_RATE":null,"CURRENT_RATIO":2.932732502397,"COMMON_ACS":10000000000,"CURRENTDEBT_DEBT":88.100145284995,"ISSUED_COMMON_SHARES":1263427200,"HK_COMMON_SHARES":1263427200,"PER_SHARES":4000,"TOTAL_MARKET_CAP":159191827.2,"HKSK_MARKET_CAP":159191827.2,"PE_TTM":6.955030141418,"PB_TTM":0.282626844436,"REPORT_DATE_SQ":"2022-12-31 00:00:00","REPORT_TYPE_SQ":"2022年年报","OPERATE_INCOME_SQ":459248575.5,"DPS_HKD":null,"OPERATE_INCOME_QOQ_SQ":12.339979116729,"NET_PROFIT_RATIO_SQ":1.94458552,"HOLDER_PROFIT_SQ":8930481.3,"HOLDER_PROFIT_QOQ_SQ":-22.083043203558,"ROE_AVG_SQ":1.965885104684,"PE_TTM_SQ":6.508516725036,"PB_TTM_SQ":0.156003054007,"ROA_SQ":1.549634626194,"START_DATE":"2023-01-01 00:00:00","FISCAL_YEAR":"12-31","CURRENCY":"HKD","IS_CNY_CODE":0,"DPS_HKD_LY":null,"ORG_TYPE":"一般企业","PREMIUM_INCOME":null,"PREMIUM_INCOME_YOY":null,"NET_INTEREST_INCOME":null,"NET_INTEREST_INCOME_YOY":null,"FEE_COMMISSION_INCOME":null,"FEE_COMMISSION_INCOME_YOY":null,"ACCOUNTS_RECE_TDAYS":6.372827720788,"INVENTORY_TDAYS":null,"CURRENT_ASSETS_TDAYS":1.563915224074,"TOTAL_ASSETS_TDAYS":1.040668331754,"PREMIUM_EXPENSE":null,"LOAN_DEPOSIT":null,"LOAN_EQUITY":null,"LOAN_ASSETS":null,"DEPOSIT_EQUITY":null,"DEPOSIT_ASSETS":null,"EQUITY_MULTIPLIER":1.321399096517,"EQUITY_RATIO":0.321399096516},{"SECUCODE":"01420.HK","SECURITY_CODE":"01420","SECURITY_NAME_ABBR":"川控股","ORG_CODE":"10491572","STD_REPORT_DATE":"2023-06-30 00:00:00","REPORT_DATE":"2023-06-30 00:00:00","DATE_TYPE_CODE":"002","REPORT_TYPE":"2023年中报","PER_NETCASH_OPERATE":0.042910101731,"PER_OI":0.344208934291,"BPS":0.38301531406,"BASIC_EPS":0.00908514,"DILUTED_EPS":0.0080163,"OPERATE_INCOME":356757415.2,"OPERATE_INCOME_YOY":57.1727921268,"GROSS_PROFIT":22648719.6,"GROSS_PROFIT_YOY":21.967079951114,"HOLDER_PROFIT":9293563.8,"HOLDER_PROFIT_YOY":30.6536438768,"GROSS_PROFIT_RATIO":6.348493019354,"EPS_TTM":0.011397124528,"OPERATE_INCOME_QOQ":33.133466779801,"NET_PROFIT_RATIO":2.6050092876,"ROE_AVG":1.939419623938,"GROSS_PROFIT_QOQ":12.697908682778,"ROA":1.547924232714,"HOLDER_PROFIT_QOQ":32.273028778415,"ROE_YEARLY":3.878839247875,"ROIC_YEARLY":3.833837640614,"TOTAL_ASSETS":610056462.6,"TOTAL_LIABILITIES":126144496.8,"TAX_EBT":23.661106233538,"OCF_SALES":12.46629516448,"TOTAL_PARENT_EQUITY":483911965.8,"DEBT_ASSET_RATIO":20.6775117605,"OPERATE_PROFIT":11495374.2,"PRETAX_PROFIT":12174087.6,"NETCASH_OPERATE":44474432.4,"NETCASH_INVEST":-52041819.6,"NETCASH_FINANCE":-11837403,"END_CASH":105868602,"DIVI_RATIO":null,"DIVIDEND_RATE":null,"CURRENT_RATIO":3.456236112453,"COMMON_ACS":10000000000,"CURRENTDEBT_DEBT":87.705473648534,"ISSUED_COMMON_SHARES":1263427200,"HK_COMMON_SHARES":1263427200,"PER_SHARES":4000,"TOTAL_MARKET_CAP":159191827.2,"HKSK_MARKET_CAP":159191827.2,"PE_TTM":6.955030141418,"PB_TTM":0.282626844436,"REPORT_DATE_SQ":"2022-06-30 00:00:00","REPORT_TYPE_SQ":"2022年中报","OPERATE_INCOME_SQ":204592441,"DPS_HKD":null,"OPERATE_INCOME_QOQ_SQ":1.443802058214,"NET_PROFIT_RATIO_SQ":3.1337555624,"HOLDER_PROFIT_SQ":6411427,"HOLDER_PROFIT_QOQ_SQ":61.958181959488,"ROE_AVG_SQ":1.524828585667,"PE_TTM_SQ":6.508516725036,"PB_TTM_SQ":0.156003054007,"ROA_SQ":1.201409919079,"START_DATE":"2023-01-01 00:00:00","FISCAL_YEAR":"12-31","CURRENCY":"HKD","IS_CNY_CODE":0,"DPS_HKD_LY":null,"ORG_TYPE":"一般企业","PREMIUM_INCOME":null,"PREMIUM_INCOME_YOY":null,"NET_INTEREST_INCOME":null,"NET_INTEREST_INCOME_YOY":null,"FEE_COMMISSION_INCOME":null,"FEE_COMMISSION_INCOME_YOY":null,"ACCOUNTS_RECE_TDAYS":3.638028284149,"INVENTORY_TDAYS":null,"CURRENT_ASSETS_TDAYS":0.89243006584,"TOTAL_ASSETS_TDAYS":0.594210638752,"PREMIUM_EXPENSE":null,"LOAN_DEPOSIT":null,"LOAN_EQUITY":null,"LOAN_ASSETS":null,"DEPOSIT_EQUITY":null,"DEPOSIT_ASSETS":null,"EQUITY_MULTIPLIER":1.260676539774,"EQUITY_RATIO":0.260676539774},{"SECUCODE":"01420.HK","SECURITY_CODE":"01420","SECURITY_NAME_ABBR":"川控股","ORG_CODE":"10491572","STD_REPORT_DATE":"2022-12-31 00:00:00","REPORT_DATE":"2022-12-31 00:00:00","DATE_TYPE_CODE":"001","REPORT_TYPE":"2022年年报","PER_NETCASH_OPERATE":0.005710903502,"PER_OI":0.443095100516,"BPS":0.364224521445,"BASIC_EPS":0.00881127,"DILUTED_EPS":0.00777465,"OPERATE_INCOME":459248575.5,"OPERATE_INCOME_YOY":3.7334925541,"GROSS_PROFIT":32124853.8,"GROSS_PROFIT_YOY":57.001212465403,"HOLDER_PROFIT":8930481.3,"HOLDER_PROFIT_YOY":14.8666666667,"GROSS_PROFIT_RATIO":6.99509057051,"EPS_TTM":0.008616363164,"OPERATE_INCOME_QOQ":12.339979116729,"NET_PROFIT_RATIO":1.94458552,"ROE_AVG":1.965885104684,"GROSS_PROFIT_QOQ":5.338892515259,"ROA":1.549634626194,"HOLDER_PROFIT_QOQ":-22.083043203558,"ROE_YEARLY":1.965885104684,"ROIC_YEARLY":2.058296499821,"TOTAL_ASSETS":572913958.5,"TOTAL_LIABILITIES":112742791.2,"TAX_EBT":29.269293924466,"OCF_SALES":1.288866316799,"TOTAL_PARENT_EQUITY":460171167.3,"DEBT_ASSET_RATIO":19.6788347582,"OPERATE_PROFIT":10697918.4,"PRETAX_PROFIT":12626031.6,"NETCASH_OPERATE":5965748.1,"NETCASH_INVEST":-17073131.4,"NETCASH_FINANCE":-30689135.1,"END_CASH":121497047.1,"DIVI_RATIO":null,"DIVIDEND_RATE":null,"CURRENT_RATIO":4.181389618043,"COMMON_ACS":10000000000,"CURRENTDEBT_DEBT":85.817396101508,"ISSUED_COMMON_SHARES":1263427200,"HK_COMMON_SHARES":1263427200,"PER_SHARES":4000,"TOTAL_MARKET_CAP":159191827.2,"HKSK_MARKET_CAP":159191827.2,"PE_TTM":6.955030141418,"PB_TTM":0.282626844436,"REPORT_DATE_SQ":"2021-12-31 00:00:00","REPORT_TYPE_SQ":"2021年年报","OPERATE_INCOME_SQ":402984146.4,"DPS_HKD":null,"OPERATE_INCOME_QOQ_SQ":3.189588605094,"NET_PROFIT_RATIO_SQ":1.7561112672,"HOLDER_PROFIT_SQ":7076850,"HOLDER_PROFIT_QOQ_SQ":357.792843596203,"ROE_AVG_SQ":1.751078372431,"PE_TTM_SQ":6.508516725036,"PB_TTM_SQ":0.156003054007,"ROA_SQ":1.282330764397,"START_DATE":"2022-01-01 00:00:00","FISCAL_YEAR":"12-31","CURRENCY":"HKD","IS_CNY_CODE":0,"DPS_HKD_LY":null,"ORG_TYPE":"一般企业","PREMIUM_INCOME":null,"PREMIUM_INCOME_YOY":null,"NET_INTEREST_INCOME":null,"NET_INTEREST_INCOME_YOY":null,"FEE_COMMISSION_INCOME":null,"FEE_COMMISSION_INCOME_YOY":null,"ACCOUNTS_RECE_TDAYS":4.366068788805,"INVENTORY_TDAYS":null,"CURRENT_ASSETS_TDAYS":1.131645327118,"TOTAL_ASSETS_TDAYS":0.796897133221,"PREMIUM_EXPENSE":null,"LOAN_DEPOSIT":null,"LOAN_EQUITY":null,"LOAN_ASSETS":null,"DEPOSIT_EQUITY":null,"DEPOSIT_ASSETS":null,"EQUITY_MULTIPLIER":1.245001858464,"EQUITY_RATIO":0.245001858464},{"SECUCODE":"01420.HK","SECURITY_CODE":"01420","SECURITY_NAME_ABBR":"川控股","ORG_CODE":"10491572","STD_REPORT_DATE":"2022-06-30 00:00:00","REPORT_DATE":"2022-06-30 00:00:00","DATE_TYPE_CODE":"002","REPORT_TYPE":"2022年中报","PER_NETCASH_OPERATE":0.007965931984,"PER_OI":0.197396166359,"BPS":0.335779687187,"BASIC_EPS":0.0062621,"DILUTED_EPS":0.0057804,"OPERATE_INCOME":204592441,"OPERATE_INCOME_YOY":2.6215328114,"GROSS_PROFIT":18569535,"GROSS_PROFIT_YOY":117.584593753239,"HOLDER_PROFIT":6411427,"HOLDER_PROFIT_YOY":215.4028436019,"GROSS_PROFIT_RATIO":9.076354389848,"EPS_TTM":0.011058392831,"OPERATE_INCOME_QOQ":1.443802058214,"NET_PROFIT_RATIO":3.1337555624,"ROE_AVG":1.524828585667,"GROSS_PROFIT_QOQ":49.043917888789,"ROA":1.201409919079,"HOLDER_PROFIT_QOQ":61.958181959488,"ROE_YEARLY":3.049657171334,"ROIC_YEARLY":3.281558185404,"TOTAL_ASSETS":528583861,"TOTAL_LIABILITIES":104350671,"TAX_EBT":16.8125,"OCF_SALES":4.035504909001,"TOTAL_PARENT_EQUITY":424233190,"DEBT_ASSET_RATIO":19.7415545005,"OPERATE_PROFIT":8029939,"PRETAX_PROFIT":7707200,"NETCASH_OPERATE":8256338,"NETCASH_INVEST":-9831497,"NETCASH_FINANCE":-16223656,"END_CASH":134004123,"DIVI_RATIO":null,"DIVIDEND_RATE":null,"CURRENT_RATIO":4.464157706093,"COMMON_ACS":10000000000,"CURRENTDEBT_DEBT":79.850436227669,"ISSUED_COMMON_SHARES":1263427200,"HK_COMMON_SHARES":1263427200,"PER_SHARES":4000,"TOTAL_MARKET_CAP":159191827.2,"HKSK_MARKET_CAP":159191827.2,"PE_TTM":6.955030141418,"PB_TTM":0.282626844436,"REPORT_DATE_SQ":"2021-06-30 00:00:00","REPORT_TYPE_SQ":"2021年中报","OPERATE_INCOME_SQ":198774147.6,"DPS_HKD":null,"OPERATE_INCOME_QOQ_SQ":9.379840203885,"NET_PROFIT_RATIO_SQ":1.0196192133,"HOLDER_PROFIT_SQ":2026739.4,"HOLDER_PROFIT_QOQ_SQ":93.348412098324,"ROE_AVG_SQ":0.495249942788,"PE_TTM_SQ":6.508516725036,"PB_TTM_SQ":0.156003054007,"ROA_SQ":0.35951150735,"START_DATE":"2022-01-01 00:00:00","FISCAL_YEAR":"12-31","CURRENCY":"HKD","IS_CNY_CODE":0,"DPS_HKD_LY":null,"ORG_TYPE":"一般企业","PREMIUM_INCOME":null,"PREMIUM_INCOME_YOY":null,"NET_INTEREST_INCOME":null,"NET_INTEREST_INCOME_YOY":null,"FEE_COMMISSION_INCOME":null,"FEE_COMMISSION_INCOME_YOY":null,"ACCOUNTS_RECE_TDAYS":2.202271077466,"INVENTORY_TDAYS":null,"CURRENT_ASSETS_TDAYS":0.545357661047,"TOTAL_ASSETS_TDAYS":0.383377036011,"PREMIUM_EXPENSE":null,"LOAN_DEPOSIT":null,"LOAN_EQUITY":null,"LOAN_ASSETS":null,"DEPOSIT_EQUITY":null,"DEPOSIT_ASSETS":null,"EQUITY_MULTIPLIER":1.245974792779,"EQUITY_RATIO":0.245974792778},{"SECUCODE":"01420.HK","SECURITY_CODE":"01420","SECURITY_NAME_ABBR":"川控股","ORG_CODE":"10491572","STD_REPORT_DATE":"2021-12-31 00:00:00","REPORT_DATE":"2021-12-31 00:00:00","DATE_TYPE_CODE":"001","REPORT_TYPE":"2021年年报","PER_NETCASH_OPERATE":0.025600189106,"PER_OI":0.388809699978,"BPS":0.323035134355,"BASIC_EPS":0.00660506,"DILUTED_EPS":0.00613327,"OPERATE_INCOME":402984146.4,"OPERATE_INCOME_YOY":17.976271046,"GROSS_PROFIT":20461532.3,"GROSS_PROFIT_YOY":201.846685070966,"HOLDER_PROFIT":7076850,"HOLDER_PROFIT_YOY":117.923288326,"GROSS_PROFIT_RATIO":5.077503043926,"EPS_TTM":0.006827930949,"OPERATE_INCOME_QOQ":3.189588605094,"NET_PROFIT_RATIO":1.7561112672,"ROE_AVG":1.751078372431,"GROSS_PROFIT_QOQ":133.472713864559,"ROA":1.282330764397,"HOLDER_PROFIT_QOQ":357.792843596203,"ROE_YEARLY":1.751078372431,"ROIC_YEARLY":1.920651484984,"TOTAL_ASSETS":527649936,"TOTAL_LIABILITIES":119518560.7,"TAX_EBT":18.78722252301,"OCF_SALES":6.584246511192,"TOTAL_PARENT_EQUITY":408131375.3,"DEBT_ASSET_RATIO":22.6511087268,"OPERATE_PROFIT":10737940.4,"PRETAX_PROFIT":8713961.3,"NETCASH_OPERATE":26533469.6,"NETCASH_INVEST":-71084599.3,"NETCASH_FINANCE":-27802584.7,"END_CASH":148679900.6,"DIVI_RATIO":null,"DIVIDEND_RATE":null,"CURRENT_RATIO":4.006989439314,"COMMON_ACS":10000000000,"CURRENTDEBT_DEBT":77.373386491928,"ISSUED_COMMON_SHARES":1263427200,"HK_COMMON_SHARES":1263427200,"PER_SHARES":4000,"TOTAL_MARKET_CAP":159191827.2,"HKSK_MARKET_CAP":159191827.2,"PE_TTM":6.955030141418,"PB_TTM":0.282626844436,"REPORT_DATE_SQ":"2020-12-31 00:00:00","REPORT_TYPE_SQ":"2020年年报","OPERATE_INCOME_SQ":357038291.4,"DPS_HKD":null,"OPERATE_INCOME_QOQ_SQ":-10.647797642889,"NET_PROFIT_RATIO_SQ":-11.5592326073,"HOLDER_PROFIT_SQ":-41270886.6,"HOLDER_PROFIT_QOQ_SQ":-9.793594817058,"ROE_AVG_SQ":-9.394978642673,"PE_TTM_SQ":6.508516725036,"PB_TTM_SQ":0.156003054007,"ROA_SQ":-6.604116031691,"START_DATE":"2021-01-01 00:00:00","FISCAL_YEAR":"12-31","CURRENCY":"HKD","IS_CNY_CODE":0,"DPS_HKD_LY":null,"ORG_TYPE":"一般企业","PREMIUM_INCOME":null,"PREMIUM_INCOME_YOY":null,"NET_INTEREST_INCOME":null,"NET_INTEREST_INCOME_YOY":null,"FEE_COMMISSION_INCOME":null,"FEE_COMMISSION_INCOME_YOY":null,"ACCOUNTS_RECE_TDAYS":5.334499125656,"INVENTORY_TDAYS":null,"CURRENT_ASSETS_TDAYS":0.974351077118,"TOTAL_ASSETS_TDAYS":0.730210430478,"PREMIUM_EXPENSE":null,"LOAN_DEPOSIT":null,"LOAN_EQUITY":null,"LOAN_ASSETS":null,"DEPOSIT_EQUITY":null,"DEPOSIT_ASSETS":null,"EQUITY_MULTIPLIER":1.292843353718,"EQUITY_RATIO":0.292843353717},{"SECUCODE":"01420.HK","SECURITY_CODE":"01420","SECURITY_NAME_ABBR":"川控股","ORG_CODE":"10491572","STD_REPORT_DATE":"2021-06-30 00:00:00","REPORT_DATE":"2021-06-30 00:00:00","DATE_TYPE_CODE":"002","REPORT_TYPE":"2021年中报","PER_NETCASH_OPERATE":-0.000695065685,"PER_OI":0.191782523908,"BPS":0.325405000066,"BASIC_EPS":0.00192108,"DILUTED_EPS":0.00192108,"OPERATE_INCOME":198774147.6,"OPERATE_INCOME_YOY":27.2380718151,"GROSS_PROFIT":8534397.9,"GROSS_PROFIT_YOY":141.99974432236,"HOLDER_PROFIT":2026739.4,"HOLDER_PROFIT_YOY":105.8749825978,"GROSS_PROFIT_RATIO":4.293515028511,"EPS_TTM":-0.002648611518,"OPERATE_INCOME_QOQ":9.379840203885,"NET_PROFIT_RATIO":1.0196192133,"ROE_AVG":0.495249942788,"GROSS_PROFIT_QOQ":143.622521615116,"ROA":0.35951150735,"HOLDER_PROFIT_QOQ":93.348412098324,"ROE_YEARLY":0.990499885576,"ROIC_YEARLY":1.085453762113,"TOTAL_ASSETS":541043365.8,"TOTAL_LIABILITIES":129917837.7,"TAX_EBT":17.092337917485,"OCF_SALES":-0.362423890983,"TOTAL_PARENT_EQUITY":411125528.1,"DEBT_ASSET_RATIO":24.0124629396,"OPERATE_PROFIT":3635643.9,"PRETAX_PROFIT":2444574.3,"NETCASH_OPERATE":-720405,"NETCASH_INVEST":-43598910.6,"NETCASH_FINANCE":-19311656.7,"END_CASH":158556337.8,"DIVI_RATIO":null,"DIVIDEND_RATE":null,"CURRENT_RATIO":4.293673276676,"COMMON_ACS":10000000000,"CURRENTDEBT_DEBT":70.466895863369,"ISSUED_COMMON_SHARES":1263427200,"HK_COMMON_SHARES":1263427200,"PER_SHARES":4000,"TOTAL_MARKET_CAP":159191827.2,"HKSK_MARKET_CAP":159191827.2,"PE_TTM":6.955030141418,"PB_TTM":0.282626844436,"REPORT_DATE_SQ":"2020-06-30 00:00:00","REPORT_TYPE_SQ":"2020年中报","OPERATE_INCOME_SQ":165284526.4,"DPS_HKD":null,"OPERATE_INCOME_QOQ_SQ":-0.549882180111,"NET_PROFIT_RATIO_SQ":-22.0825135268,"HOLDER_PROFIT_SQ":-36498977.9,"HOLDER_PROFIT_QOQ_SQ":-827.97794510531,"ROE_AVG_SQ":-7.96173754974,"PE_TTM_SQ":6.508516725036,"PB_TTM_SQ":0.156003054007,"ROA_SQ":-5.690428940937,"START_DATE":"2021-01-01 00:00:00","FISCAL_YEAR":"12-31","CURRENCY":"HKD","IS_CNY_CODE":0,"DPS_HKD_LY":null,"ORG_TYPE":"一般企业","PREMIUM_INCOME":null,"PREMIUM_INCOME_YOY":null,"NET_INTEREST_INCOME":null,"NET_INTEREST_INCOME_YOY":null,"FEE_COMMISSION_INCOME":null,"FEE_COMMISSION_INCOME_YOY":null,"ACCOUNTS_RECE_TDAYS":3.376131821519,"INVENTORY_TDAYS":null,"CURRENT_ASSETS_TDAYS":0.463383230516,"TOTAL_ASSETS_TDAYS":0.352593892564,"PREMIUM_EXPENSE":null,"LOAN_DEPOSIT":null,"LOAN_EQUITY":null,"LOAN_ASSETS":null,"DEPOSIT_EQUITY":null,"DEPOSIT_ASSETS":null,"EQUITY_MULTIPLIER":1.316005280188,"EQUITY_RATIO":0.316005280189},{"SECUCODE":"01420.HK","SECURITY_CODE":"01420","SECURITY_NAME_ABBR":"川控股","ORG_CODE":"10491572","STD_REPORT_DATE":"2020-12-31 00:00:00","REPORT_DATE":"2020-12-31 00:00:00","DATE_TYPE_CODE":"001","REPORT_TYPE":"2020年年报","PER_NETCASH_OPERATE":0.01936959157,"PER_OI":0.344479931034,"BPS":0.331053203857,"BASIC_EPS":-0.03994434,"DILUTED_EPS":-0.03994434,"OPERATE_INCOME":357038291.4,"OPERATE_INCOME_YOY":-6.7694249144,"GROSS_PROFIT":-20090523.6,"GROSS_PROFIT_YOY":-165.272351078799,"HOLDER_PROFIT":-41270886.6,"HOLDER_PROFIT_YOY":-938.5771543086,"GROSS_PROFIT_RATIO":-5.626994102291,"EPS_TTM":-0.039819236514,"OPERATE_INCOME_QOQ":-10.647797642889,"NET_PROFIT_RATIO":-11.5592326073,"ROE_AVG":-9.394978642673,"GROSS_PROFIT_QOQ":-133.263973651448,"ROA":-6.604116031691,"HOLDER_PROFIT_QOQ":-9.793594817058,"ROE_YEARLY":-9.394978642673,"ROIC_YEARLY":-10.304239155863,"TOTAL_ASSETS":602168322.6,"TOTAL_LIABILITIES":183906700.2,"TAX_EBT":6.585556423708,"OCF_SALES":5.622850513114,"TOTAL_PARENT_EQUITY":418261622.4,"DEBT_ASSET_RATIO":30.5407463823,"OPERATE_PROFIT":-12826571.4,"PRETAX_PROFIT":-44180412.6,"NETCASH_OPERATE":20075729.4,"NETCASH_INVEST":14177775,"NETCASH_FINANCE":-16890045,"END_CASH":228018073.2,"DIVI_RATIO":null,"DIVIDEND_RATE":null,"CURRENT_RATIO":3.580232300067,"COMMON_ACS":10000000000,"CURRENTDEBT_DEBT":72.490815970826,"ISSUED_COMMON_SHARES":1263427200,"HK_COMMON_SHARES":1263427200,"PER_SHARES":4000,"TOTAL_MARKET_CAP":159191827.2,"HKSK_MARKET_CAP":159191827.2,"PE_TTM":6.955030141418,"PB_TTM":0.282626844436,"REPORT_DATE_SQ":"2019-12-31 00:00:00","REPORT_TYPE_SQ":"2019年年报","OPERATE_INCOME_SQ":401794726.2,"DPS_HKD":null,"OPERATE_INCOME_QOQ_SQ":3.543018050068,"NET_PROFIT_RATIO_SQ":1.2851219449,"HOLDER_PROFIT_SQ":5163552.2,"HOLDER_PROFIT_QOQ_SQ":-52.238786890956,"ROE_AVG_SQ":1.07311827957,"PE_TTM_SQ":6.508516725036,"PB_TTM_SQ":0.156003054007,"ROA_SQ":0.781225537777,"START_DATE":"2020-01-01 00:00:00","FISCAL_YEAR":"12-31","CURRENCY":"HKD","IS_CNY_CODE":0,"DPS_HKD_LY":null,"ORG_TYPE":"一般企业","PREMIUM_INCOME":null,"PREMIUM_INCOME_YOY":null,"NET_INTEREST_INCOME":null,"NET_INTEREST_INCOME_YOY":null,"FEE_COMMISSION_INCOME":null,"FEE_COMMISSION_INCOME_YOY":null,"ACCOUNTS_RECE_TDAYS":5.467734018049,"INVENTORY_TDAYS":null,"CURRENT_ASSETS_TDAYS":0.744636429086,"TOTAL_ASSETS_TDAYS":0.571328240901,"PREMIUM_EXPENSE":null,"LOAN_DEPOSIT":null,"LOAN_EQUITY":null,"LOAN_ASSETS":null,"DEPOSIT_EQUITY":null,"DEPOSIT_ASSETS":null,"EQUITY_MULTIPLIER":1.439692982456,"EQUITY_RATIO":0.439692982456},{"SECUCODE":"01420.HK","SECURITY_CODE":"01420","SECURITY_NAME_ABBR":"川控股","ORG_CODE":"10491572","STD_REPORT_DATE":"2020-06-30 00:00:00","REPORT_DATE":"2020-06-30 00:00:00","DATE_TYPE_CODE":"002","REPORT_TYPE":"2020年中报","PER_NETCASH_OPERATE":-0.028258424091,"PER_OI":0.159470856843,"BPS":0.350282013479,"BASIC_EPS":-0.03506097,"DILUTED_EPS":-0.03506097,"OPERATE_INCOME":165284526.4,"OPERATE_INCOME_YOY":-1.3346275176,"GROSS_PROFIT":-20320118.7,"GROSS_PROFIT_YOY":-206.543146025599,"HOLDER_PROFIT":-36498977.9,"HOLDER_PROFIT_YOY":-683.5093419984,"GROSS_PROFIT_RATIO":-12.294023610428,"EPS_TTM":-0.036267358383,"OPERATE_INCOME_QOQ":-0.549882180111,"NET_PROFIT_RATIO":-22.0825135268,"ROE_AVG":-7.96173754974,"GROSS_PROFIT_QOQ":-127.982182613562,"ROA":-5.690428940937,"HOLDER_PROFIT_QOQ":-827.97794510531,"ROE_YEARLY":-15.92347509948,"ROIC_YEARLY":-17.309580755351,"TOTAL_ASSETS":615447056,"TOTAL_LIABILITIES":172891232.5,"TAX_EBT":0.236111111111,"OCF_SALES":-17.72011805214,"TOTAL_PARENT_EQUITY":442555823.5,"DEBT_ASSET_RATIO":28.0919749009,"OPERATE_PROFIT":-21641256.7,"PRETAX_PROFIT":-36585360,"NETCASH_OPERATE":-29288613.2,"NETCASH_INVEST":2002032.2,"NETCASH_FINANCE":6524389.2,"END_CASH":211880047.4,"DIVI_RATIO":null,"DIVIDEND_RATE":null,"CURRENT_RATIO":4.122983325822,"COMMON_ACS":10000000000,"CURRENTDEBT_DEBT":65.21675238795,"ISSUED_COMMON_SHARES":1263427200,"HK_COMMON_SHARES":1263427200,"PER_SHARES":4000,"TOTAL_MARKET_CAP":159191827.2,"HKSK_MARKET_CAP":159191827.2,"PE_TTM":6.955030141418,"PB_TTM":0.282626844436,"REPORT_DATE_SQ":"2019-06-30 00:00:00","REPORT_TYPE_SQ":"2019年中报","OPERATE_INCOME_SQ":167493924,"DPS_HKD":null,"OPERATE_INCOME_QOQ_SQ":-17.076982614219,"NET_PROFIT_RATIO_SQ":3.7339238049,"HOLDER_PROFIT_SQ":6254095.5,"HOLDER_PROFIT_QOQ_SQ":-29.310678653723,"ROE_AVG_SQ":1.321035150696,"PE_TTM_SQ":6.508516725036,"PB_TTM_SQ":0.156003054007,"ROA_SQ":0.961422061161,"START_DATE":"2020-01-01 00:00:00","FISCAL_YEAR":"12-31","CURRENCY":"HKD","IS_CNY_CODE":0,"DPS_HKD_LY":null,"ORG_TYPE":"一般企业","PREMIUM_INCOME":null,"PREMIUM_INCOME_YOY":null,"NET_INTEREST_INCOME":null,"NET_INTEREST_INCOME_YOY":null,"FEE_COMMISSION_INCOME":null,"FEE_COMMISSION_INCOME_YOY":null,"ACCOUNTS_RECE_TDAYS":2.76117312508,"INVENTORY_TDAYS":null,"CURRENT_ASSETS_TDAYS":0.343918672454,"TOTAL_ASSETS_TDAYS":0.257689367382,"PREMIUM_EXPENSE":null,"LOAN_DEPOSIT":null,"LOAN_EQUITY":null,"LOAN_ASSETS":null,"DEPOSIT_EQUITY":null,"DEPOSIT_ASSETS":null,"EQUITY_MULTIPLIER":1.390665365405,"EQUITY_RATIO":0.390665365406}],"count":23},"success":true,"message":"ok","code":0}