{"version":"112d274bbe62427a5bd6b26437eb8663","result":{"pages":3,"data":[{"SECUCODE":"01421.HK","SECURITY_CODE":"01421","SECURITY_NAME_ABBR":"恒昌集团国际","ORG_CODE":"10361215","STD_REPORT_DATE":"2023-12-31 00:00:00","REPORT_DATE":"2024-06-30 00:00:00","DATE_TYPE_CODE":"001","REPORT_TYPE":"2023年年报","PER_NETCASH_OPERATE":-0.008869667181,"PER_OI":1.172400777461,"BPS":0.774552427697,"BASIC_EPS":-0.4837204,"DILUTED_EPS":-0.4837204,"OPERATE_INCOME":146696881.76,"OPERATE_INCOME_YOY":97.1736303638,"GROSS_PROFIT":5424057.24,"GROSS_PROFIT_YOY":8.084751755041,"HOLDER_PROFIT":-43133256.8,"HOLDER_PROFIT_YOY":23.3066112752,"GROSS_PROFIT_RATIO":3.697459124505,"EPS_TTM":-0.878360108875,"OPERATE_INCOME_QOQ":-0.497943334167,"NET_PROFIT_RATIO":-27.4102232287,"ROE_AVG":-34.631971186435,"GROSS_PROFIT_QOQ":-65.130710608255,"ROA":-19.77716168855,"HOLDER_PROFIT_QOQ":-28.964102347844,"ROE_YEARLY":-34.631971186435,"ROIC_YEARLY":-24.868645037716,"TOTAL_ASSETS":207429347,"TOTAL_LIABILITIES":68935633.08,"TAX_EBT":-3.536849031773,"OCF_SALES":-0.756538834831,"TOTAL_PARENT_EQUITY":109835561.92,"DEBT_ASSET_RATIO":33.2333076669,"OPERATE_PROFIT":-38432954.8,"PRETAX_PROFIT":-38836359.36,"NETCASH_OPERATE":-1109818.88,"NETCASH_INVEST":-3163348.88,"NETCASH_FINANCE":14481493.56,"END_CASH":22186338.12,"DIVI_RATIO":null,"DIVIDEND_RATE":null,"CURRENT_RATIO":2.963172957503,"COMMON_ACS":250000000,"CURRENTDEBT_DEBT":98.07363863844,"ISSUED_COMMON_SHARES":141805200,"HK_COMMON_SHARES":141805200,"PER_SHARES":5000,"TOTAL_MARKET_CAP":29070066,"HKSK_MARKET_CAP":29070066,"PE_TTM":-0.615109310199,"PB_TTM":0.241558083494,"REPORT_DATE_SQ":"2022-12-31 00:00:00","REPORT_TYPE_SQ":"2022年年报","OPERATE_INCOME_SQ":75157965.64,"DPS_HKD":null,"OPERATE_INCOME_QOQ_SQ":-41.513976906913,"NET_PROFIT_RATIO_SQ":-65.1512549376,"HOLDER_PROFIT_SQ":-56814251.56,"HOLDER_PROFIT_QOQ_SQ":6.470933615268,"ROE_AVG_SQ":-32.567787898727,"PE_TTM_SQ":-0.399337184772,"PB_TTM_SQ":0.161275869527,"ROA_SQ":-22.011748505539,"START_DATE":"2023-07-01 00:00:00","FISCAL_YEAR":"6-30","CURRENCY":"HKD","IS_CNY_CODE":0,"DPS_HKD_LY":null,"ORG_TYPE":"一般企业","PREMIUM_INCOME":null,"PREMIUM_INCOME_YOY":null,"NET_INTEREST_INCOME":null,"NET_INTEREST_INCOME_YOY":null,"FEE_COMMISSION_INCOME":null,"FEE_COMMISSION_INCOME_YOY":null,"ACCOUNTS_RECE_TDAYS":1.315679830395,"INVENTORY_TDAYS":4.888794138084,"CURRENT_ASSETS_TDAYS":0.688669423081,"TOTAL_ASSETS_TDAYS":0.672624365748,"PREMIUM_EXPENSE":null,"LOAN_DEPOSIT":null,"LOAN_EQUITY":null,"LOAN_ASSETS":null,"DEPOSIT_EQUITY":null,"DEPOSIT_ASSETS":null,"EQUITY_MULTIPLIER":1.497752794179,"EQUITY_RATIO":0.627625806023},{"SECUCODE":"01421.HK","SECURITY_CODE":"01421","SECURITY_NAME_ABBR":"恒昌集团国际","ORG_CODE":"10361215","STD_REPORT_DATE":"2023-06-30 00:00:00","REPORT_DATE":"2023-12-31 00:00:00","DATE_TYPE_CODE":"002","REPORT_TYPE":"2023年中报","PER_NETCASH_OPERATE":-0.036621731114,"PER_OI":0.68569873167,"BPS":0.82428486741,"BASIC_EPS":-0.29995882,"DILUTED_EPS":-0.29995882,"OPERATE_INCOME":57198793.96,"OPERATE_INCOME_YOY":-2.0697573388,"GROSS_PROFIT":2062556.72,"GROSS_PROFIT_YOY":-61.310391308303,"HOLDER_PROFIT":-25060607.88,"HOLDER_PROFIT_YOY":-187.0756773591,"GROSS_PROFIT_RATIO":3.60594442156,"EPS_TTM":-0.681088840138,"OPERATE_INCOME_QOQ":-28.987903736849,"NET_PROFIT_RATIO":-38.0065908299,"ROE_AVG":-19.642926905497,"GROSS_PROFIT_QOQ":-65.166272375777,"ROA":-11.338671783707,"HOLDER_PROFIT_QOQ":-61.41580319221,"ROE_YEARLY":-39.285853810994,"ROIC_YEARLY":-27.21435214116,"TOTAL_ASSETS":214893761.04,"TOTAL_LIABILITIES":68165868.4,"TAX_EBT":-2.798251628385,"OCF_SALES":-5.340790265851,"TOTAL_PARENT_EQUITY":116887880.48,"DEBT_ASSET_RATIO":31.7207293828,"OPERATE_PROFIT":-20920088.7,"PRETAX_PROFIT":-21147549.92,"NETCASH_OPERATE":-3054867.62,"NETCASH_INVEST":-1584978.78,"NETCASH_FINANCE":-2288205.5,"END_CASH":5666593.66,"DIVI_RATIO":null,"DIVIDEND_RATE":null,"CURRENT_RATIO":3.153651879914,"COMMON_ACS":250000000,"CURRENTDEBT_DEBT":97.908800850838,"ISSUED_COMMON_SHARES":141805200,"HK_COMMON_SHARES":141805200,"PER_SHARES":5000,"TOTAL_MARKET_CAP":29070066,"HKSK_MARKET_CAP":29070066,"PE_TTM":-0.615109310199,"PB_TTM":0.241558083494,"REPORT_DATE_SQ":"2022-06-30 00:00:00","REPORT_TYPE_SQ":"2022年中报","OPERATE_INCOME_SQ":57573038.04,"DPS_HKD":null,"OPERATE_INCOME_QOQ_SQ":-41.061090308066,"NET_PROFIT_RATIO_SQ":-4.9851051946,"HOLDER_PROFIT_SQ":-8604869.91,"HOLDER_PROFIT_QOQ_SQ":-26.266641168519,"ROE_AVG_SQ":-4.438577332983,"PE_TTM_SQ":-0.399337184772,"PB_TTM_SQ":0.161275869527,"ROA_SQ":-2.851885788384,"START_DATE":"2023-07-01 00:00:00","FISCAL_YEAR":"6-30","CURRENCY":"HKD","IS_CNY_CODE":0,"DPS_HKD_LY":null,"ORG_TYPE":"一般企业","PREMIUM_INCOME":null,"PREMIUM_INCOME_YOY":null,"NET_INTEREST_INCOME":null,"NET_INTEREST_INCOME_YOY":null,"FEE_COMMISSION_INCOME":null,"FEE_COMMISSION_INCOME_YOY":null,"ACCOUNTS_RECE_TDAYS":0.561026447831,"INVENTORY_TDAYS":null,"CURRENT_ASSETS_TDAYS":0.263240099511,"TOTAL_ASSETS_TDAYS":0.258795937529,"PREMIUM_EXPENSE":null,"LOAN_DEPOSIT":null,"LOAN_EQUITY":null,"LOAN_ASSETS":null,"DEPOSIT_EQUITY":null,"DEPOSIT_ASSETS":null,"EQUITY_MULTIPLIER":1.464573348486,"EQUITY_RATIO":0.583173106742},{"SECUCODE":"01421.HK","SECURITY_CODE":"01421","SECURITY_NAME_ABBR":"恒昌集团国际","ORG_CODE":"10361215","STD_REPORT_DATE":"2022-12-31 00:00:00","REPORT_DATE":"2023-06-30 00:00:00","DATE_TYPE_CODE":"001","REPORT_TYPE":"2022年年报","PER_NETCASH_OPERATE":-0.439499150291,"PER_OI":0.900993152938,"BPS":0.99205441225,"BASIC_EPS":-0.8067325,"DILUTED_EPS":-0.8067325,"OPERATE_INCOME":75157965.64,"OPERATE_INCOME_YOY":-61.4765176791,"GROSS_PROFIT":5018337.14,"GROSS_PROFIT_YOY":-73.912616064827,"HOLDER_PROFIT":-56814251.56,"HOLDER_PROFIT_YOY":-40.0340870356,"GROSS_PROFIT_RATIO":6.677052920827,"EPS_TTM":-0.025316808887,"OPERATE_INCOME_QOQ":-41.513976906913,"NET_PROFIT_RATIO":-65.1512549376,"ROE_AVG":-32.567787898727,"GROSS_PROFIT_QOQ":-25.108836422571,"ROA":-22.011748505539,"HOLDER_PROFIT_QOQ":6.470933615268,"ROE_YEARLY":-32.567787898727,"ROIC_YEARLY":-26.867754073415,"TOTAL_ASSETS":231094287,"TOTAL_LIABILITIES":64202077.3,"TAX_EBT":-3.570662454416,"OCF_SALES":-48.779410682303,"TOTAL_PARENT_EQUITY":140678474.34,"DEBT_ASSET_RATIO":27.7817674047,"OPERATE_PROFIT":-46105453.86,"PRETAX_PROFIT":-47278212.42,"NETCASH_OPERATE":-36046652.06,"NETCASH_INVEST":-1099000.16,"NETCASH_FINANCE":14436362.84,"END_CASH":12637579.86,"DIVI_RATIO":null,"DIVIDEND_RATE":null,"CURRENT_RATIO":3.662253421006,"COMMON_ACS":250000000,"CURRENTDEBT_DEBT":96.96847849501,"ISSUED_COMMON_SHARES":141805200,"HK_COMMON_SHARES":141805200,"PER_SHARES":5000,"TOTAL_MARKET_CAP":29070066,"HKSK_MARKET_CAP":29070066,"PE_TTM":-0.615109310199,"PB_TTM":0.241558083494,"REPORT_DATE_SQ":"2021-12-31 00:00:00","REPORT_TYPE_SQ":"2021年年报","OPERATE_INCOME_SQ":180963335.14,"DPS_HKD":null,"OPERATE_INCOME_QOQ_SQ":-2.93269194065,"NET_PROFIT_RATIO_SQ":-24.4666975417,"HOLDER_PROFIT_SQ":-37632635.95,"HOLDER_PROFIT_QOQ_SQ":-18.833492848142,"ROE_AVG_SQ":-17.523878549427,"PE_TTM_SQ":-0.399337184772,"PB_TTM_SQ":0.161275869527,"ROA_SQ":-11.967994691166,"START_DATE":"2022-07-01 00:00:00","FISCAL_YEAR":"6-30","CURRENCY":"HKD","IS_CNY_CODE":0,"DPS_HKD_LY":null,"ORG_TYPE":"一般企业","PREMIUM_INCOME":null,"PREMIUM_INCOME_YOY":null,"NET_INTEREST_INCOME":null,"NET_INTEREST_INCOME_YOY":null,"FEE_COMMISSION_INCOME":null,"FEE_COMMISSION_INCOME_YOY":null,"ACCOUNTS_RECE_TDAYS":0.749384077956,"INVENTORY_TDAYS":null,"CURRENT_ASSETS_TDAYS":0.293585052437,"TOTAL_ASSETS_TDAYS":0.291187192021,"PREMIUM_EXPENSE":null,"LOAN_DEPOSIT":null,"LOAN_EQUITY":null,"LOAN_ASSETS":null,"DEPOSIT_EQUITY":null,"DEPOSIT_ASSETS":null,"EQUITY_MULTIPLIER":1.384691876363,"EQUITY_RATIO":0.456374563352},{"SECUCODE":"01421.HK","SECURITY_CODE":"01421","SECURITY_NAME_ABBR":"恒昌集团国际","ORG_CODE":"10361215","STD_REPORT_DATE":"2022-06-30 00:00:00","REPORT_DATE":"2022-12-31 00:00:00","DATE_TYPE_CODE":"002","REPORT_TYPE":"2022年中报","PER_NETCASH_OPERATE":-0.021283172275,"PER_OI":0.041411110021,"BPS":1.311622513561,"BASIC_EPS":-0.12416453,"DILUTED_EPS":-0.12416453,"OPERATE_INCOME":57573038.04,"OPERATE_INCOME_YOY":-60.2888442533,"GROSS_PROFIT":5331035.36,"GROSS_PROFIT_YOY":-47.535029165252,"HOLDER_PROFIT":-8604869.91,"HOLDER_PROFIT_YOY":28.6602977116,"GROSS_PROFIT_RATIO":9.259604046422,"EPS_TTM":-0.027068386188,"OPERATE_INCOME_QOQ":-41.061090308066,"NET_PROFIT_RATIO":-4.9851051946,"ROE_AVG":-4.438577332983,"GROSS_PROFIT_QOQ":-18.72259963552,"ROA":-2.851885788384,"HOLDER_PROFIT_QOQ":-26.266641168519,"ROE_YEARLY":-8.877154665966,"ROIC_YEARLY":-6.711874681015,"TOTAL_ASSETS":327206587.54,"TOTAL_LIABILITIES":117500735.8,"TAX_EBT":-64.012251148545,"OCF_SALES":-51.394836467449,"TOTAL_PARENT_EQUITY":185994892.86,"DEBT_ASSET_RATIO":35.9102598402,"OPERATE_PROFIT":-310857.96,"PRETAX_PROFIT":-1749915.93,"NETCASH_OPERATE":-29589568.75,"NETCASH_INVEST":-29105416.41,"NETCASH_FINANCE":38738440.09,"END_CASH":14172621.82,"DIVI_RATIO":null,"DIVIDEND_RATE":null,"CURRENT_RATIO":2.796151110227,"COMMON_ACS":250000000,"CURRENTDEBT_DEBT":99.391059753687,"ISSUED_COMMON_SHARES":141805200,"HK_COMMON_SHARES":141805200,"PER_SHARES":5000,"TOTAL_MARKET_CAP":29070066,"HKSK_MARKET_CAP":29070066,"PE_TTM":-0.615109310199,"PB_TTM":0.241558083494,"REPORT_DATE_SQ":"2021-06-30 00:00:00","REPORT_TYPE_SQ":"2021年中报","OPERATE_INCOME_SQ":132698115.2,"DPS_HKD":null,"OPERATE_INCOME_QOQ_SQ":0.097050719922,"NET_PROFIT_RATIO_SQ":-3.9759214304,"HOLDER_PROFIT_SQ":-11040052.8,"HOLDER_PROFIT_QOQ_SQ":56.963084897935,"ROE_AVG_SQ":-4.969225249096,"PE_TTM_SQ":-0.399337184772,"PB_TTM_SQ":0.161275869527,"ROA_SQ":-3.409301791253,"START_DATE":"2022-07-01 00:00:00","FISCAL_YEAR":"6-30","CURRENCY":"HKD","IS_CNY_CODE":0,"DPS_HKD_LY":null,"ORG_TYPE":"一般企业","PREMIUM_INCOME":null,"PREMIUM_INCOME_YOY":null,"NET_INTEREST_INCOME":null,"NET_INTEREST_INCOME_YOY":null,"FEE_COMMISSION_INCOME":null,"FEE_COMMISSION_INCOME_YOY":null,"ACCOUNTS_RECE_TDAYS":null,"INVENTORY_TDAYS":null,"CURRENT_ASSETS_TDAYS":0.191364659355,"TOTAL_ASSETS_TDAYS":0.190812563929,"PREMIUM_EXPENSE":null,"LOAN_DEPOSIT":null,"LOAN_EQUITY":null,"LOAN_ASSETS":null,"DEPOSIT_EQUITY":null,"DEPOSIT_ASSETS":null,"EQUITY_MULTIPLIER":1.560312145917,"EQUITY_RATIO":0.631741732223},{"SECUCODE":"01421.HK","SECURITY_CODE":"01421","SECURITY_NAME_ABBR":"恒昌集团国际","ORG_CODE":"10361215","STD_REPORT_DATE":"2021-12-31 00:00:00","REPORT_DATE":"2022-06-30 00:00:00","DATE_TYPE_CODE":"001","REPORT_TYPE":"2021年年报","PER_NETCASH_OPERATE":0.003926315397,"PER_OI":0.13016322981,"BPS":1.361981856801,"BASIC_EPS":-0.54133527,"DILUTED_EPS":-0.54133527,"OPERATE_INCOME":180963335.14,"OPERATE_INCOME_YOY":-44.3355973757,"GROSS_PROFIT":19236643.86,"GROSS_PROFIT_YOY":-38.768028335084,"HOLDER_PROFIT":-37632635.95,"HOLDER_PROFIT_YOY":-45.9923030987,"GROSS_PROFIT_RATIO":10.630133361058,"EPS_TTM":-0.021437480191,"OPERATE_INCOME_QOQ":-2.93269194065,"NET_PROFIT_RATIO":-24.4666975417,"ROE_AVG":-17.523878549427,"GROSS_PROFIT_QOQ":-24.662979634773,"ROA":-11.967994691166,"HOLDER_PROFIT_QOQ":-18.833492848142,"ROE_YEARLY":-17.523878549427,"ROIC_YEARLY":-16.502999266825,"TOTAL_ASSETS":264468362.69,"TOTAL_LIABILITIES":54018076.35,"TAX_EBT":-59.615858922185,"OCF_SALES":3.016455109969,"TOTAL_PARENT_EQUITY":193136109.6,"DEBT_ASSET_RATIO":20.4251562647,"OPERATE_PROFIT":-27615795.48,"PRETAX_PROFIT":-27738942.84,"NETCASH_OPERATE":5458677.77,"NETCASH_INVEST":-451540.32,"NETCASH_FINANCE":-35401445.24,"END_CASH":33189923.9,"DIVI_RATIO":null,"DIVIDEND_RATE":null,"CURRENT_RATIO":4.963951333494,"COMMON_ACS":250000000,"CURRENTDEBT_DEBT":98.242697696509,"ISSUED_COMMON_SHARES":141805200,"HK_COMMON_SHARES":141805200,"PER_SHARES":5000,"TOTAL_MARKET_CAP":29070066,"HKSK_MARKET_CAP":29070066,"PE_TTM":-0.615109310199,"PB_TTM":0.241558083494,"REPORT_DATE_SQ":"2020-12-31 00:00:00","REPORT_TYPE_SQ":"2020年年报","OPERATE_INCOME_SQ":316311883.68,"DPS_HKD":null,"OPERATE_INCOME_QOQ_SQ":14.351767778148,"NET_PROFIT_RATIO_SQ":-7.3995254455,"HOLDER_PROFIT_SQ":-25080555.36,"HOLDER_PROFIT_QOQ_SQ":14.824090923812,"ROE_AVG_SQ":-10.672719096668,"PE_TTM_SQ":-0.399337184772,"PB_TTM_SQ":0.161275869527,"ROA_SQ":-7.1565941241,"START_DATE":"2021-07-01 00:00:00","FISCAL_YEAR":"6-30","CURRENCY":"HKD","IS_CNY_CODE":0,"DPS_HKD_LY":null,"ORG_TYPE":"一般企业","PREMIUM_INCOME":null,"PREMIUM_INCOME_YOY":null,"NET_INTEREST_INCOME":null,"NET_INTEREST_INCOME_YOY":null,"FEE_COMMISSION_INCOME":null,"FEE_COMMISSION_INCOME_YOY":null,"ACCOUNTS_RECE_TDAYS":null,"INVENTORY_TDAYS":null,"CURRENT_ASSETS_TDAYS":0.577452431794,"TOTAL_ASSETS_TDAYS":0.575502666656,"PREMIUM_EXPENSE":null,"LOAN_DEPOSIT":null,"LOAN_EQUITY":null,"LOAN_ASSETS":null,"DEPOSIT_EQUITY":null,"DEPOSIT_ASSETS":null,"EQUITY_MULTIPLIER":1.256678559529,"EQUITY_RATIO":0.279689160468},{"SECUCODE":"01421.HK","SECURITY_CODE":"01421","SECURITY_NAME_ABBR":"恒昌集团国际","ORG_CODE":"10361215","STD_REPORT_DATE":"2021-06-30 00:00:00","REPORT_DATE":"2021-12-31 00:00:00","DATE_TYPE_CODE":"002","REPORT_TYPE":"2021年中报","PER_NETCASH_OPERATE":-0.002898072906,"PER_OI":0.095447043186,"BPS":1.539868337691,"BASIC_EPS":-0.00793072,"DILUTED_EPS":-0.00793072,"OPERATE_INCOME":132698115.2,"OPERATE_INCOME_YOY":-3.7856871858,"GROSS_PROFIT":10161132.8,"GROSS_PROFIT_YOY":-43.263238210976,"HOLDER_PROFIT":-11040052.8,"HOLDER_PROFIT_YOY":-79.9200532978,"GROSS_PROFIT_RATIO":7.65733016229,"EPS_TTM":-0.018039931064,"OPERATE_INCOME_QOQ":0.097050719922,"NET_PROFIT_RATIO":-3.9759214304,"ROE_AVG":-4.969225249096,"GROSS_PROFIT_QOQ":-0.052201134076,"ROA":-3.409301791253,"HOLDER_PROFIT_QOQ":56.963084897935,"ROE_YEARLY":-9.938450498192,"ROIC_YEARLY":-9.937408237385,"TOTAL_ASSETS":299241600,"TOTAL_LIABILITIES":35680064,"TAX_EBT":-59.490855165596,"OCF_SALES":-3.036315017683,"TOTAL_PARENT_EQUITY":218361337.6,"DEBT_ASSET_RATIO":11.9234972678,"OPERATE_PROFIT":665526.4,"PRETAX_PROFIT":-3308009.6,"NETCASH_OPERATE":-4029132.8,"NETCASH_INVEST":-288612.8,"NETCASH_FINANCE":-16792686.4,"END_CASH":41122009.6,"DIVI_RATIO":null,"DIVIDEND_RATE":null,"CURRENT_RATIO":8.609671069794,"COMMON_ACS":250000000,"CURRENTDEBT_DEBT":96.624656278644,"ISSUED_COMMON_SHARES":141805200,"HK_COMMON_SHARES":141805200,"PER_SHARES":5000,"TOTAL_MARKET_CAP":29070066,"HKSK_MARKET_CAP":29070066,"PE_TTM":-0.615109310199,"PB_TTM":0.241558083494,"REPORT_DATE_SQ":"2020-06-30 00:00:00","REPORT_TYPE_SQ":"2020年中报","OPERATE_INCOME_SQ":141974568.32,"DPS_HKD":null,"OPERATE_INCOME_QOQ_SQ":30.134748691058,"NET_PROFIT_RATIO_SQ":-1.0723940055,"HOLDER_PROFIT_SQ":-6316508.2,"HOLDER_PROFIT_QOQ_SQ":14.460517198518,"ROE_AVG_SQ":-2.531696810332,"PE_TTM_SQ":-0.399337184772,"PB_TTM_SQ":0.161275869527,"ROA_SQ":-1.801414728636,"START_DATE":"2021-07-01 00:00:00","FISCAL_YEAR":"6-30","CURRENCY":"HKD","IS_CNY_CODE":0,"DPS_HKD_LY":null,"ORG_TYPE":"一般企业","PREMIUM_INCOME":null,"PREMIUM_INCOME_YOY":null,"NET_INTEREST_INCOME":null,"NET_INTEREST_INCOME_YOY":null,"FEE_COMMISSION_INCOME":null,"FEE_COMMISSION_INCOME_YOY":null,"ACCOUNTS_RECE_TDAYS":null,"INVENTORY_TDAYS":null,"CURRENT_ASSETS_TDAYS":0.411985769786,"TOTAL_ASSETS_TDAYS":0.409787824427,"PREMIUM_EXPENSE":null,"LOAN_DEPOSIT":null,"LOAN_EQUITY":null,"LOAN_ASSETS":null,"DEPOSIT_EQUITY":null,"DEPOSIT_ASSETS":null,"EQUITY_MULTIPLIER":1.135376597593,"EQUITY_RATIO":0.163399182255},{"SECUCODE":"01421.HK","SECURITY_CODE":"01421","SECURITY_NAME_ABBR":"恒昌集团国际","ORG_CODE":"10361215","STD_REPORT_DATE":"2020-12-31 00:00:00","REPORT_DATE":"2021-06-30 00:00:00","DATE_TYPE_CODE":"001","REPORT_TYPE":"2020年年报","PER_NETCASH_OPERATE":-0.006476946917,"PER_OI":0.227516675547,"BPS":1.621786500918,"BASIC_EPS":-0.018056136,"DILUTED_EPS":-0.018056136,"OPERATE_INCOME":316311883.68,"OPERATE_INCOME_YOY":25.6548067642,"GROSS_PROFIT":31416012.48,"GROSS_PROFIT_YOY":37.111613962897,"HOLDER_PROFIT":-25080555.36,"HOLDER_PROFIT_YOY":59.75862115,"GROSS_PROFIT_RATIO":9.931973504917,"EPS_TTM":-0.041917342406,"OPERATE_INCOME_QOQ":14.351767778148,"NET_PROFIT_RATIO":-7.3995254455,"ROE_AVG":-10.672719096668,"GROSS_PROFIT_QOQ":37.183225162194,"ROA":-7.1565941241,"HOLDER_PROFIT_QOQ":14.824090923812,"ROE_YEARLY":-10.672719096668,"ROIC_YEARLY":-10.892520291123,"TOTAL_ASSETS":354571754.16,"TOTAL_LIABILITIES":68060815.68,"TAX_EBT":-39.868728556511,"OCF_SALES":-2.846800965945,"TOTAL_PARENT_EQUITY":229977759.12,"DEBT_ASSET_RATIO":19.1952164496,"OPERATE_PROFIT":-16619965.92,"PRETAX_PROFIT":-16733960.88,"NETCASH_OPERATE":-9004769.76,"NETCASH_INVEST":152270.64,"NETCASH_FINANCE":-1202355.6,"END_CASH":62475062.64,"DIVI_RATIO":null,"DIVIDEND_RATE":null,"CURRENT_RATIO":5.194104846203,"COMMON_ACS":250000000,"CURRENTDEBT_DEBT":100,"ISSUED_COMMON_SHARES":141805200,"HK_COMMON_SHARES":141805200,"PER_SHARES":5000,"TOTAL_MARKET_CAP":29070066,"HKSK_MARKET_CAP":29070066,"PE_TTM":-0.615109310199,"PB_TTM":0.241558083494,"REPORT_DATE_SQ":"2019-12-31 00:00:00","REPORT_TYPE_SQ":"2019年年报","OPERATE_INCOME_SQ":276344830.08,"DPS_HKD":null,"OPERATE_INCOME_QOQ_SQ":-48.836787211683,"NET_PROFIT_RATIO_SQ":-24.3941136805,"HOLDER_PROFIT_SQ":-68419396.32,"HOLDER_PROFIT_QOQ_SQ":-76.858937812236,"ROE_AVG_SQ":-22.757876826786,"PE_TTM_SQ":-0.399337184772,"PB_TTM_SQ":0.161275869527,"ROA_SQ":-29.985595740954,"START_DATE":"2020-07-01 00:00:00","FISCAL_YEAR":"6-30","CURRENCY":"HKD","IS_CNY_CODE":0,"DPS_HKD_LY":null,"ORG_TYPE":"一般企业","PREMIUM_INCOME":null,"PREMIUM_INCOME_YOY":null,"NET_INTEREST_INCOME":null,"NET_INTEREST_INCOME_YOY":null,"FEE_COMMISSION_INCOME":null,"FEE_COMMISSION_INCOME_YOY":null,"ACCOUNTS_RECE_TDAYS":null,"INVENTORY_TDAYS":9380.54794520548,"CURRENT_ASSETS_TDAYS":0.918132800377,"TOTAL_ASSETS_TDAYS":0.902578007398,"PREMIUM_EXPENSE":null,"LOAN_DEPOSIT":null,"LOAN_EQUITY":null,"LOAN_ASSETS":null,"DEPOSIT_EQUITY":null,"DEPOSIT_ASSETS":null,"EQUITY_MULTIPLIER":1.237550496471,"EQUITY_RATIO":0.29594520766},{"SECUCODE":"01421.HK","SECURITY_CODE":"01421","SECURITY_NAME_ABBR":"恒昌集团国际","ORG_CODE":"10361215","STD_REPORT_DATE":"2020-06-30 00:00:00","REPORT_DATE":"2020-12-31 00:00:00","DATE_TYPE_CODE":"002","REPORT_TYPE":"2020年中报","PER_NETCASH_OPERATE":-0.011097724545,"PER_OI":0.102119406393,"BPS":1.806848163537,"BASIC_EPS":-0.004544856,"DILUTED_EPS":-0.004544856,"OPERATE_INCOME":141974568.32,"OPERATE_INCOME_YOY":47.6895060323,"GROSS_PROFIT":17909257.56,"GROSS_PROFIT_YOY":90.735734072206,"HOLDER_PROFIT":-6316508.2,"HOLDER_PROFIT_YOY":59.1542396865,"GROSS_PROFIT_RATIO":12.614412406336,"EPS_TTM":-0.049212673936,"OPERATE_INCOME_QOQ":30.134748691058,"NET_PROFIT_RATIO":-1.0723940055,"ROE_AVG":-2.531696810332,"GROSS_PROFIT_QOQ":27.666125786651,"ROA":-1.801414728636,"HOLDER_PROFIT_QOQ":14.460517198518,"ROE_YEARLY":-5.063393620664,"ROIC_YEARLY":-5.475514309843,"TOTAL_ASSETS":350968088.2,"TOTAL_LIABILITIES":39961067.2,"TAX_EBT":161.488783140721,"OCF_SALES":-10.867400170729,"TOTAL_PARENT_EQUITY":256220465.2,"DEBT_ASSET_RATIO":11.3859546049,"OPERATE_PROFIT":2827068.76,"PRETAX_PROFIT":2476104.88,"NETCASH_OPERATE":-15428944.48,"NETCASH_INVEST":161594.88,"NETCASH_FINANCE":-596722.76,"END_CASH":62275468.52,"DIVI_RATIO":null,"DIVIDEND_RATE":null,"CURRENT_RATIO":8.563247845147,"COMMON_ACS":250000000,"CURRENTDEBT_DEBT":99.450294860994,"ISSUED_COMMON_SHARES":141805200,"HK_COMMON_SHARES":141805200,"PER_SHARES":5000,"TOTAL_MARKET_CAP":29070066,"HKSK_MARKET_CAP":29070066,"PE_TTM":-0.615109310199,"PB_TTM":0.241558083494,"REPORT_DATE_SQ":"2019-06-30 00:00:00","REPORT_TYPE_SQ":"2019年中报","OPERATE_INCOME_SQ":102314200.04,"DPS_HKD":null,"OPERATE_INCOME_QOQ_SQ":-23.467849553975,"NET_PROFIT_RATIO_SQ":-14.3655225116,"HOLDER_PROFIT_SQ":-16459061.72,"HOLDER_PROFIT_QOQ_SQ":-310.3680848819,"ROE_AVG_SQ":-1.483439965294,"PE_TTM_SQ":-0.399337184772,"PB_TTM_SQ":0.161275869527,"ROA_SQ":-3.914936294295,"START_DATE":"2020-07-01 00:00:00","FISCAL_YEAR":"6-30","CURRENCY":"HKD","IS_CNY_CODE":0,"DPS_HKD_LY":null,"ORG_TYPE":"一般企业","PREMIUM_INCOME":null,"PREMIUM_INCOME_YOY":null,"NET_INTEREST_INCOME":null,"NET_INTEREST_INCOME_YOY":null,"FEE_COMMISSION_INCOME":null,"FEE_COMMISSION_INCOME_YOY":null,"ACCOUNTS_RECE_TDAYS":0.711603076943,"INVENTORY_TDAYS":2076.18309859155,"CURRENT_ASSETS_TDAYS":0.417763777032,"TOTAL_ASSETS_TDAYS":0.404899464016,"PREMIUM_EXPENSE":null,"LOAN_DEPOSIT":null,"LOAN_EQUITY":null,"LOAN_ASSETS":null,"DEPOSIT_EQUITY":null,"DEPOSIT_ASSETS":null,"EQUITY_MULTIPLIER":1.128489276775,"EQUITY_RATIO":0.155963604113},{"SECUCODE":"01421.HK","SECURITY_CODE":"01421","SECURITY_NAME_ABBR":"恒昌集团国际","ORG_CODE":"10361215","STD_REPORT_DATE":"2019-12-31 00:00:00","REPORT_DATE":"2020-06-30 00:00:00","DATE_TYPE_CODE":"001","REPORT_TYPE":"2019年年报","PER_NETCASH_OPERATE":-0.020224350548,"PER_OI":0.198769190436,"BPS":1.858073669513,"BASIC_EPS":-0.049234416,"DILUTED_EPS":-0.049234416,"OPERATE_INCOME":276344830.08,"OPERATE_INCOME_YOY":-35.7258492851,"GROSS_PROFIT":22912728.96,"GROSS_PROFIT_YOY":-46.853181570222,"HOLDER_PROFIT":-68419396.32,"HOLDER_PROFIT_YOY":-42.4688540181,"GROSS_PROFIT_RATIO":8.291354303016,"EPS_TTM":-0.057532115375,"OPERATE_INCOME_QOQ":-48.836787211683,"NET_PROFIT_RATIO":-24.3941136805,"ROE_AVG":-22.757876826786,"GROSS_PROFIT_QOQ":-58.471579806242,"ROA":-29.985595740954,"HOLDER_PROFIT_QOQ":-76.858937812236,"ROE_YEARLY":-22.757876826786,"ROIC_YEARLY":-45.925986731196,"TOTAL_ASSETS":380200217.76,"TOTAL_LIABILITIES":62679339.36,"TAX_EBT":-5.773089491487,"OCF_SALES":-10.174791427023,"TOTAL_PARENT_EQUITY":263484508.32,"DEBT_ASSET_RATIO":16.485876765,"OPERATE_PROFIT":-62770683.36,"PRETAX_PROFIT":-63732535.68,"NETCASH_OPERATE":-28117510.08,"NETCASH_INVEST":21296853.6,"NETCASH_FINANCE":-434797.44,"END_CASH":79222651.2,"DIVI_RATIO":null,"DIVIDEND_RATE":null,"CURRENT_RATIO":5.965528974894,"COMMON_ACS":250000000,"CURRENTDEBT_DEBT":98.504787303808,"ISSUED_COMMON_SHARES":141805200,"HK_COMMON_SHARES":141805200,"PER_SHARES":5000,"TOTAL_MARKET_CAP":29070066,"HKSK_MARKET_CAP":29070066,"PE_TTM":-0.615109310199,"PB_TTM":0.241558083494,"REPORT_DATE_SQ":"2018-12-31 00:00:00","REPORT_TYPE_SQ":"2018年年报","OPERATE_INCOME_SQ":414047165.4,"DPS_HKD":null,"OPERATE_INCOME_QOQ_SQ":64.034777928335,"NET_PROFIT_RATIO_SQ":-8.4281345843,"HOLDER_PROFIT_SQ":-46248124.5,"HOLDER_PROFIT_QOQ_SQ":341.453635696814,"ROE_AVG_SQ":-3.909771524095,"PE_TTM_SQ":-0.399337184772,"PB_TTM_SQ":0.161275869527,"ROA_SQ":-9.804199869558,"START_DATE":"2019-07-01 00:00:00","FISCAL_YEAR":"6-30","CURRENCY":"HKD","IS_CNY_CODE":0,"DPS_HKD_LY":null,"ORG_TYPE":"一般企业","PREMIUM_INCOME":null,"PREMIUM_INCOME_YOY":null,"NET_INTEREST_INCOME":null,"NET_INTEREST_INCOME_YOY":null,"FEE_COMMISSION_INCOME":null,"FEE_COMMISSION_INCOME_YOY":null,"ACCOUNTS_RECE_TDAYS":1.344273002966,"INVENTORY_TDAYS":8244.37643003595,"CURRENT_ASSETS_TDAYS":1.282313961509,"TOTAL_ASSETS_TDAYS":1.211113340013,"PREMIUM_EXPENSE":null,"LOAN_DEPOSIT":null,"LOAN_EQUITY":null,"LOAN_ASSETS":null,"DEPOSIT_EQUITY":null,"DEPOSIT_ASSETS":null,"EQUITY_MULTIPLIER":1.197402261155,"EQUITY_RATIO":0.237886241433}],"count":26},"success":true,"message":"ok","code":0}