{"version":"6a633183401795839b8b919c98059211","result":{"pages":2,"data":[{"SECUCODE":"01425.HK","SECURITY_CODE":"01425","SECURITY_NAME_ABBR":"捷隆控股","ORG_CODE":"10000005023","STD_REPORT_DATE":"2024-06-30 00:00:00","REPORT_DATE":"2024-06-30 00:00:00","DATE_TYPE_CODE":"002","REPORT_TYPE":"2024年中报","PER_NETCASH_OPERATE":-0.001972118944,"PER_OI":0.281173343392,"BPS":0.513209455872,"BASIC_EPS":0.031304924,"DILUTED_EPS":0.031304924,"OPERATE_INCOME":351466679.24,"OPERATE_INCOME_YOY":5.9519617014,"GROSS_PROFIT":98307500.84,"GROSS_PROFIT_YOY":7.024632032471,"HOLDER_PROFIT":39159448.08,"HOLDER_PROFIT_YOY":6.6623576791,"GROSS_PROFIT_RATIO":27.970646051733,"EPS_TTM":0.1288327944,"OPERATE_INCOME_QOQ":1.62062693896,"NET_PROFIT_RATIO":11.1417242069,"ROE_AVG":6.006837597265,"GROSS_PROFIT_QOQ":2.004637209582,"ROA":4.306095484601,"HOLDER_PROFIT_QOQ":1.303322745356,"ROE_YEARLY":12.01367519453,"ROIC_YEARLY":13.323686139094,"TOTAL_ASSETS":960495305.2,"TOTAL_LIABILITIES":318983485.36,"TAX_EBT":20.408844698375,"OCF_SALES":-0.701389015121,"TOTAL_PARENT_EQUITY":641511819.84,"DEBT_ASSET_RATIO":33.2103117666,"OPERATE_PROFIT":55860579.4,"PRETAX_PROFIT":49200753.44,"NETCASH_OPERATE":-2465148.68,"NETCASH_INVEST":-1767861.16,"NETCASH_FINANCE":1560682.8,"END_CASH":319173322.8,"DIVI_RATIO":0.341152811322,"DIVIDEND_RATE":6.643835616438,"CURRENT_RATIO":2.576543232276,"COMMON_ACS":50000000000,"CURRENTDEBT_DEBT":94.620917762989,"ISSUED_COMMON_SHARES":1250000000,"HK_COMMON_SHARES":1250000000,"PER_SHARES":5000,"TOTAL_MARKET_CAP":912500000,"HKSK_MARKET_CAP":912500000,"PE_TTM":5.123526108928,"PB_TTM":1.298215362903,"REPORT_DATE_SQ":"2023-06-30 00:00:00","REPORT_TYPE_SQ":"2023年中报","OPERATE_INCOME_SQ":335102850.8,"DPS_HKD":0.0485,"OPERATE_INCOME_QOQ_SQ":-6.631457524392,"NET_PROFIT_RATIO_SQ":11.3762174655,"HOLDER_PROFIT_SQ":37087567.48,"HOLDER_PROFIT_QOQ_SQ":5.089777423154,"ROE_AVG_SQ":6.371835050795,"PE_TTM_SQ":3.849707422236,"PB_TTM_SQ":1.059707382037,"ROA_SQ":4.617269708996,"START_DATE":"2024-01-01 00:00:00","FISCAL_YEAR":"12-31","CURRENCY":"HKD","IS_CNY_CODE":0,"DPS_HKD_LY":0.0485,"ORG_TYPE":"一般企业","PREMIUM_INCOME":null,"PREMIUM_INCOME_YOY":null,"NET_INTEREST_INCOME":null,"NET_INTEREST_INCOME_YOY":null,"FEE_COMMISSION_INCOME":null,"FEE_COMMISSION_INCOME_YOY":null,"ACCOUNTS_RECE_TDAYS":3.142590174637,"INVENTORY_TDAYS":1.863505510637,"CURRENT_ASSETS_TDAYS":0.485115281535,"TOTAL_ASSETS_TDAYS":0.386483761817,"PREMIUM_EXPENSE":null,"LOAN_DEPOSIT":null,"LOAN_EQUITY":null,"LOAN_ASSETS":null,"DEPOSIT_EQUITY":null,"DEPOSIT_ASSETS":null,"EQUITY_MULTIPLIER":1.497237113169,"EQUITY_RATIO":0.497237113167},{"SECUCODE":"01425.HK","SECURITY_CODE":"01425","SECURITY_NAME_ABBR":"捷隆控股","ORG_CODE":"10000005023","STD_REPORT_DATE":"2023-12-31 00:00:00","REPORT_DATE":"2023-12-31 00:00:00","DATE_TYPE_CODE":"001","REPORT_TYPE":"2023年年报","PER_NETCASH_OPERATE":0.198090992288,"PER_OI":0.807777683888,"BPS":0.526103483584,"BASIC_EPS":0.127142666,"DILUTED_EPS":0.127142666,"OPERATE_INCOME":1009722104.86,"OPERATE_INCOME_YOY":-8.7279235886,"GROSS_PROFIT":321877563.14,"GROSS_PROFIT_YOY":-3.464208935098,"HOLDER_PROFIT":158969112.4,"HOLDER_PROFIT_YOY":1.66151849,"GROSS_PROFIT_RATIO":31.877836643443,"EPS_TTM":0.12717528992,"OPERATE_INCOME_QOQ":-0.828188696466,"NET_PROFIT_RATIO":15.8974092027,"ROE_AVG":26.191100072488,"GROSS_PROFIT_QOQ":0.310370454935,"ROA":19.897224517528,"HOLDER_PROFIT_QOQ":-1.859782949386,"ROE_YEARLY":26.191100072488,"ROIC_YEARLY":28.898267948984,"TOTAL_ASSETS":852221068.86,"TOTAL_LIABILITIES":194591714.38,"TAX_EBT":18.216027038008,"OCF_SALES":24.522959254649,"TOTAL_PARENT_EQUITY":657629354.48,"DEBT_ASSET_RATIO":22.8334784823,"OPERATE_PROFIT":212648147.88,"PRETAX_PROFIT":196272752.48,"NETCASH_OPERATE":247613740.36,"NETCASH_INVEST":33386957.24,"NETCASH_FINANCE":-108072172.32,"END_CASH":321690881.82,"DIVI_RATIO":0.345599133508,"DIVIDEND_RATE":7.132352941176,"CURRENT_RATIO":3.770533567763,"COMMON_ACS":50000000000,"CURRENTDEBT_DEBT":90.850793325541,"ISSUED_COMMON_SHARES":1250000000,"HK_COMMON_SHARES":1250000000,"PER_SHARES":5000,"TOTAL_MARKET_CAP":850000000,"HKSK_MARKET_CAP":850000000,"PE_TTM":4.772599663111,"PB_TTM":1.20929650243,"REPORT_DATE_SQ":"2022-12-31 00:00:00","REPORT_TYPE_SQ":"2022年年报","OPERATE_INCOME_SQ":1090468285.2,"DPS_HKD":0.0485,"OPERATE_INCOME_QOQ_SQ":1.65639356982,"NET_PROFIT_RATIO_SQ":14.4088109047,"HOLDER_PROFIT_SQ":154136418.31,"HOLDER_PROFIT_QOQ_SQ":16.477011448665,"ROE_AVG_SQ":30.311382336615,"PE_TTM_SQ":4.199680824257,"PB_TTM_SQ":1.156044416768,"ROA_SQ":21.377528897258,"START_DATE":"2023-01-01 00:00:00","FISCAL_YEAR":"12-31","CURRENCY":"HKD","IS_CNY_CODE":0,"DPS_HKD_LY":0.044,"ORG_TYPE":"一般企业","PREMIUM_INCOME":null,"PREMIUM_INCOME_YOY":null,"NET_INTEREST_INCOME":null,"NET_INTEREST_INCOME_YOY":null,"FEE_COMMISSION_INCOME":null,"FEE_COMMISSION_INCOME_YOY":null,"ACCOUNTS_RECE_TDAYS":8.542285429524,"INVENTORY_TDAYS":9.125211892425,"CURRENT_ASSETS_TDAYS":1.62640193788,"TOTAL_ASSETS_TDAYS":1.263809498424,"PREMIUM_EXPENSE":null,"LOAN_DEPOSIT":null,"LOAN_EQUITY":null,"LOAN_ASSETS":null,"DEPOSIT_EQUITY":null,"DEPOSIT_ASSETS":null,"EQUITY_MULTIPLIER":1.295898765854,"EQUITY_RATIO":0.295898765854},{"SECUCODE":"01425.HK","SECURITY_CODE":"01425","SECURITY_NAME_ABBR":"捷隆控股","ORG_CODE":"10000005023","STD_REPORT_DATE":"2023-06-30 00:00:00","REPORT_DATE":"2023-06-30 00:00:00","DATE_TYPE_CODE":"002","REPORT_TYPE":"2023年中报","PER_NETCASH_OPERATE":-0.007900262224,"PER_OI":0.26808228064,"BPS":0.478517946176,"BASIC_EPS":0.029687756,"DILUTED_EPS":0.029687756,"OPERATE_INCOME":335102850.8,"OPERATE_INCOME_YOY":-23.7077696498,"GROSS_PROFIT":91855023.44,"GROSS_PROFIT_YOY":-12.017605416818,"HOLDER_PROFIT":37087567.48,"HOLDER_PROFIT_YOY":17.640521729,"GROSS_PROFIT_RATIO":27.410994332251,"EPS_TTM":0.129585295144,"OPERATE_INCOME_QOQ":-6.631457524392,"NET_PROFIT_RATIO":11.3762174655,"ROE_AVG":6.371835050795,"GROSS_PROFIT_QOQ":-3.76290045876,"ROA":4.617269708996,"HOLDER_PROFIT_QOQ":5.089777423154,"ROE_YEARLY":12.74367010159,"ROIC_YEARLY":12.029719921588,"TOTAL_ASSETS":847822382.66,"TOTAL_LIABILITIES":225484038.7,"TAX_EBT":20.194553280192,"OCF_SALES":-2.946954272822,"TOTAL_PARENT_EQUITY":598147432.72,"DEBT_ASSET_RATIO":26.5956694836,"OPERATE_PROFIT":52394279.44,"PRETAX_PROFIT":47768705.78,"NETCASH_OPERATE":-9875327.78,"NETCASH_INVEST":36760264.58,"NETCASH_FINANCE":-6274073.9,"END_CASH":170008502.1,"DIVI_RATIO":0.33917173975,"DIVIDEND_RATE":7.132352941176,"CURRENT_RATIO":3.069190986794,"COMMON_ACS":50000000000,"CURRENTDEBT_DEBT":98.116656103694,"ISSUED_COMMON_SHARES":1250000000,"HK_COMMON_SHARES":1250000000,"PER_SHARES":5000,"TOTAL_MARKET_CAP":850000000,"HKSK_MARKET_CAP":850000000,"PE_TTM":4.772599663111,"PB_TTM":1.20929650243,"REPORT_DATE_SQ":"2022-06-30 00:00:00","REPORT_TYPE_SQ":"2022年中报","OPERATE_INCOME_SQ":407416791.95,"DPS_HKD":0.0485,"OPERATE_INCOME_QOQ_SQ":11.036527948898,"NET_PROFIT_RATIO_SQ":6.9818746655,"HOLDER_PROFIT_SQ":29242366.86,"HOLDER_PROFIT_QOQ_SQ":2.234941469213,"ROE_AVG_SQ":6.809810636122,"PE_TTM_SQ":4.199680824257,"PB_TTM_SQ":1.156044416768,"ROA_SQ":4.033674112775,"START_DATE":"2023-01-01 00:00:00","FISCAL_YEAR":"12-31","CURRENCY":"HKD","IS_CNY_CODE":0,"DPS_HKD_LY":0.044,"ORG_TYPE":"一般企业","PREMIUM_INCOME":null,"PREMIUM_INCOME_YOY":null,"NET_INTEREST_INCOME":null,"NET_INTEREST_INCOME_YOY":null,"FEE_COMMISSION_INCOME":null,"FEE_COMMISSION_INCOME_YOY":null,"ACCOUNTS_RECE_TDAYS":2.305464902015,"INVENTORY_TDAYS":1.648388517661,"CURRENT_ASSETS_TDAYS":0.530184454477,"TOTAL_ASSETS_TDAYS":0.417191082492,"PREMIUM_EXPENSE":null,"LOAN_DEPOSIT":null,"LOAN_EQUITY":null,"LOAN_ASSETS":null,"DEPOSIT_EQUITY":null,"DEPOSIT_ASSETS":null,"EQUITY_MULTIPLIER":1.362317444986,"EQUITY_RATIO":0.376970670382},{"SECUCODE":"01425.HK","SECURITY_CODE":"01425","SECURITY_NAME_ABBR":"捷隆控股","ORG_CODE":"10000005023","STD_REPORT_DATE":"2022-12-31 00:00:00","REPORT_DATE":"2022-12-31 00:00:00","DATE_TYPE_CODE":"001","REPORT_TYPE":"2022年年报","PER_NETCASH_OPERATE":0.169741309248,"PER_OI":0.87237462816,"BPS":0.43867060468,"BASIC_EPS":0.12327126,"DILUTED_EPS":0.12327126,"OPERATE_INCOME":1090468285.2,"OPERATE_INCOME_YOY":3.3138879979,"GROSS_PROFIT":333428213.09,"GROSS_PROFIT_YOY":31.356090295383,"HOLDER_PROFIT":154136418.31,"HOLDER_PROFIT_YOY":8.9927739458,"GROSS_PROFIT_RATIO":30.576608014679,"EPS_TTM":0.123309134648,"OPERATE_INCOME_QOQ":1.65639356982,"NET_PROFIT_RATIO":14.4088109047,"ROE_AVG":30.311382336615,"GROSS_PROFIT_QOQ":16.70623133184,"ROA":21.377528897258,"HOLDER_PROFIT_QOQ":16.477011448665,"ROE_YEARLY":30.311382336615,"ROIC_YEARLY":26.676241397622,"TOTAL_ASSETS":735025432.96,"TOTAL_LIABILITIES":160843982.74,"TAX_EBT":19.982440417973,"OCF_SALES":19.457387201416,"TOTAL_PARENT_EQUITY":548338255.85,"DEBT_ASSET_RATIO":21.8827778642,"OPERATE_PROFIT":206866146.41,"PRETAX_PROFIT":196361291.21,"NETCASH_OPERATE":212176636.56,"NETCASH_INVEST":-40563390.7,"NETCASH_FINANCE":-110267928.61,"END_CASH":147654851.19,"DIVI_RATIO":0.356434826385,"DIVIDEND_RATE":7.132352941176,"CURRENT_RATIO":3.633703618873,"COMMON_ACS":50000000000,"CURRENTDEBT_DEBT":96.988814963735,"ISSUED_COMMON_SHARES":1250000000,"HK_COMMON_SHARES":1250000000,"PER_SHARES":5000,"TOTAL_MARKET_CAP":850000000,"HKSK_MARKET_CAP":850000000,"PE_TTM":4.772599663111,"PB_TTM":1.20929650243,"REPORT_DATE_SQ":"2021-12-31 00:00:00","REPORT_TYPE_SQ":"2021年年报","OPERATE_INCOME_SQ":966078612.8,"DPS_HKD":0.0485,"OPERATE_INCOME_QOQ_SQ":24.586453169159,"NET_PROFIT_RATIO_SQ":13.3952774324,"HOLDER_PROFIT_SQ":129439161.6,"HOLDER_PROFIT_QOQ_SQ":47.444989757658,"ROE_AVG_SQ":34.101784508412,"PE_TTM_SQ":4.199680824257,"PB_TTM_SQ":1.156044416768,"ROA_SQ":23.123774914335,"START_DATE":"2022-01-01 00:00:00","FISCAL_YEAR":"12-31","CURRENCY":"HKD","IS_CNY_CODE":0,"DPS_HKD_LY":0.059,"ORG_TYPE":"一般企业","PREMIUM_INCOME":null,"PREMIUM_INCOME_YOY":null,"NET_INTEREST_INCOME":null,"NET_INTEREST_INCOME_YOY":null,"FEE_COMMISSION_INCOME":null,"FEE_COMMISSION_INCOME_YOY":null,"ACCOUNTS_RECE_TDAYS":7.624889133178,"INVENTORY_TDAYS":7.316570550452,"CURRENT_ASSETS_TDAYS":1.988695926282,"TOTAL_ASSETS_TDAYS":1.512395158393,"PREMIUM_EXPENSE":null,"LOAN_DEPOSIT":null,"LOAN_EQUITY":null,"LOAN_ASSETS":null,"DEPOSIT_EQUITY":null,"DEPOSIT_ASSETS":null,"EQUITY_MULTIPLIER":1.280127445215,"EQUITY_RATIO":0.293329858028},{"SECUCODE":"01425.HK","SECURITY_CODE":"01425","SECURITY_NAME_ABBR":"捷隆控股","ORG_CODE":"10000005023","STD_REPORT_DATE":"2022-06-30 00:00:00","REPORT_DATE":"2022-06-30 00:00:00","DATE_TYPE_CODE":"002","REPORT_TYPE":"2022年中报","PER_NETCASH_OPERATE":0.079842590856,"PER_OI":0.32593343356,"BPS":0.328102879552,"BASIC_EPS":0.023432206,"DILUTED_EPS":0.023432206,"OPERATE_INCOME":407416791.95,"OPERATE_INCOME_YOY":31.7863445994,"GROSS_PROFIT":104401595.2,"GROSS_PROFIT_YOY":43.926290254966,"HOLDER_PROFIT":29242366.86,"HOLDER_PROFIT_YOY":7.9799160009,"GROSS_PROFIT_RATIO":25.625255822252,"EPS_TTM":0.10586564088,"OPERATE_INCOME_QOQ":11.036527948898,"NET_PROFIT_RATIO":6.9818746655,"ROE_AVG":6.809810636122,"GROSS_PROFIT_QOQ":12.552765003514,"ROA":4.033674112775,"HOLDER_PROFIT_QOQ":2.234941469213,"ROE_YEARLY":13.619621272244,"ROIC_YEARLY":9.813496499382,"TOTAL_ASSETS":773036172.65,"TOTAL_LIABILITIES":340873602.86,"TAX_EBT":29.160454913319,"OCF_SALES":24.496594284275,"TOTAL_PARENT_EQUITY":410128599.44,"DEBT_ASSET_RATIO":44.0954272155,"OPERATE_PROFIT":43133218.03,"PRETAX_PROFIT":40154591.26,"NETCASH_OPERATE":99803238.57,"NETCASH_INVEST":-29478399.3,"NETCASH_FINANCE":-26133751.21,"END_CASH":127832946.01,"DIVI_RATIO":0.415164633536,"DIVIDEND_RATE":7.132352941176,"CURRENT_RATIO":1.800678408283,"COMMON_ACS":50000000000,"CURRENTDEBT_DEBT":97.70367842968,"ISSUED_COMMON_SHARES":1250000000,"HK_COMMON_SHARES":1250000000,"PER_SHARES":5000,"TOTAL_MARKET_CAP":850000000,"HKSK_MARKET_CAP":850000000,"PE_TTM":4.772599663111,"PB_TTM":1.20929650243,"REPORT_DATE_SQ":"2021-06-30 00:00:00","REPORT_TYPE_SQ":"2021年中报","OPERATE_INCOME_SQ":300795255.84,"DPS_HKD":0.0485,"OPERATE_INCOME_QOQ_SQ":7.452394216431,"NET_PROFIT_RATIO_SQ":8.5447222391,"HOLDER_PROFIT_SQ":26349477.36,"HOLDER_PROFIT_QOQ_SQ":-1.233793436917,"ROE_AVG_SQ":7.918818791409,"PE_TTM_SQ":4.199680824257,"PB_TTM_SQ":1.156044416768,"ROA_SQ":4.862379475037,"START_DATE":"2022-01-01 00:00:00","FISCAL_YEAR":"12-31","CURRENCY":"HKD","IS_CNY_CODE":0,"DPS_HKD_LY":0.059,"ORG_TYPE":"一般企业","PREMIUM_INCOME":null,"PREMIUM_INCOME_YOY":null,"NET_INTEREST_INCOME":null,"NET_INTEREST_INCOME_YOY":null,"FEE_COMMISSION_INCOME":null,"FEE_COMMISSION_INCOME_YOY":null,"ACCOUNTS_RECE_TDAYS":2.911174662536,"INVENTORY_TDAYS":1.985520118574,"CURRENT_ASSETS_TDAYS":0.736120435703,"TOTAL_ASSETS_TDAYS":0.561988218897,"PREMIUM_EXPENSE":null,"LOAN_DEPOSIT":null,"LOAN_EQUITY":null,"LOAN_ASSETS":null,"DEPOSIT_EQUITY":null,"DEPOSIT_ASSETS":null,"EQUITY_MULTIPLIER":1.788762439622,"EQUITY_RATIO":0.831138338866},{"SECUCODE":"01425.HK","SECURITY_CODE":"01425","SECURITY_NAME_ABBR":"捷隆控股","ORG_CODE":"10000005023","STD_REPORT_DATE":"2021-12-31 00:00:00","REPORT_DATE":"2021-12-31 00:00:00","DATE_TYPE_CODE":"001","REPORT_TYPE":"2021年年报","PER_NETCASH_OPERATE":0.0549067456,"PER_OI":0.77286289024,"BPS":0.34318334848,"BASIC_EPS":0.10358992,"DILUTED_EPS":0.10358992,"OPERATE_INCOME":966078612.8,"OPERATE_INCOME_YOY":37.8073570935,"GROSS_PROFIT":253835366.4,"GROSS_PROFIT_YOY":24.567819069334,"HOLDER_PROFIT":129439161.6,"HOLDER_PROFIT_YOY":49.9076783229,"GROSS_PROFIT_RATIO":26.274814806665,"EPS_TTM":0.10355132928,"OPERATE_INCOME_QOQ":24.586453169159,"NET_PROFIT_RATIO":13.3952774324,"ROE_AVG":34.101784508412,"GROSS_PROFIT_QOQ":23.224369185483,"ROA":23.123774914335,"HOLDER_PROFIT_QOQ":47.444989757658,"ROE_YEARLY":34.101784508412,"ROIC_YEARLY":28.028145699761,"TOTAL_ASSETS":647123859.2,"TOTAL_LIABILITIES":195290300.8,"TAX_EBT":19.086470873911,"OCF_SALES":7.104331996449,"TOTAL_PARENT_EQUITY":428979185.6,"DEBT_ASSET_RATIO":30.1781951049,"OPERATE_PROFIT":163932070.4,"PRETAX_PROFIT":159934824,"NETCASH_OPERATE":68633432,"NETCASH_INVEST":-45242713.6,"NETCASH_FINANCE":-13725868.8,"END_CASH":80513977.6,"DIVI_RATIO":0.424443320096,"DIVIDEND_RATE":7.132352941176,"CURRENT_RATIO":2.489147130663,"COMMON_ACS":50000000000,"CURRENTDEBT_DEBT":99.757177904864,"ISSUED_COMMON_SHARES":1250000000,"HK_COMMON_SHARES":1250000000,"PER_SHARES":5000,"TOTAL_MARKET_CAP":850000000,"HKSK_MARKET_CAP":850000000,"PE_TTM":4.772599663111,"PB_TTM":1.20929650243,"REPORT_DATE_SQ":"2020-12-31 00:00:00","REPORT_TYPE_SQ":"2020年年报","OPERATE_INCOME_SQ":721648226.84,"DPS_HKD":0.0485,"OPERATE_INCOME_QOQ_SQ":15.246522248648,"NET_PROFIT_RATIO_SQ":12.3882854714,"HOLDER_PROFIT_SQ":88884758.76,"HOLDER_PROFIT_QOQ_SQ":38.812306067215,"ROE_AVG_SQ":29.380230125523,"PE_TTM_SQ":4.199680824257,"PB_TTM_SQ":1.156044416768,"ROA_SQ":18.423237817451,"START_DATE":"2021-01-01 00:00:00","FISCAL_YEAR":"12-31","CURRENCY":"HKD","IS_CNY_CODE":0,"DPS_HKD_LY":0.036,"ORG_TYPE":"一般企业","PREMIUM_INCOME":null,"PREMIUM_INCOME_YOY":null,"NET_INTEREST_INCOME":null,"NET_INTEREST_INCOME_YOY":null,"FEE_COMMISSION_INCOME":null,"FEE_COMMISSION_INCOME_YOY":null,"ACCOUNTS_RECE_TDAYS":9.766807321781,"INVENTORY_TDAYS":6.961204072174,"CURRENT_ASSETS_TDAYS":2.4390482039,"TOTAL_ASSETS_TDAYS":1.725859787394,"PREMIUM_EXPENSE":null,"LOAN_DEPOSIT":null,"LOAN_EQUITY":null,"LOAN_ASSETS":null,"DEPOSIT_EQUITY":null,"DEPOSIT_ASSETS":null,"EQUITY_MULTIPLIER":1.432217344571,"EQUITY_RATIO":0.455244234116},{"SECUCODE":"01425.HK","SECURITY_CODE":"01425","SECURITY_NAME_ABBR":"捷隆控股","ORG_CODE":"10000005023","STD_REPORT_DATE":"2021-06-30 00:00:00","REPORT_DATE":"2021-06-30 00:00:00","DATE_TYPE_CODE":"002","REPORT_TYPE":"2021年中报","PER_NETCASH_OPERATE":-0.002444318208,"PER_OI":0.240636204672,"BPS":0.263590296384,"BASIC_EPS":0.021051624,"DILUTED_EPS":0.021051624,"OPERATE_INCOME":300795255.84,"OPERATE_INCOME_YOY":33.6787181564,"GROSS_PROFIT":72538238.16,"GROSS_PROFIT_YOY":3.159462496964,"HOLDER_PROFIT":26349477.36,"HOLDER_PROFIT_YOY":5.3915532333,"GROSS_PROFIT_RATIO":24.115486116106,"EPS_TTM":0.070230483552,"OPERATE_INCOME_QOQ":7.452394216431,"NET_PROFIT_RATIO":8.5447222391,"ROE_AVG":7.918818791409,"GROSS_PROFIT_QOQ":1.090246915226,"ROA":4.862379475037,"HOLDER_PROFIT_QOQ":-1.233793436917,"ROE_YEARLY":15.837637582819,"ROIC_YEARLY":11.642675348335,"TOTAL_ASSETS":603034170.48,"TOTAL_LIABILITIES":251229082.32,"TAX_EBT":23.806117414899,"OCF_SALES":-1.015773254624,"TOTAL_PARENT_EQUITY":329487870.48,"DEBT_ASSET_RATIO":41.6608369174,"OPERATE_PROFIT":34968994.08,"PRETAX_PROFIT":33732523.2,"NETCASH_OPERATE":-3055397.76,"NETCASH_INVEST":-37396171.44,"NETCASH_FINANCE":30404203.2,"END_CASH":62054030.16,"DIVI_RATIO":0.625820409843,"DIVIDEND_RATE":7.132352941176,"CURRENT_RATIO":1.736163440517,"COMMON_ACS":50000000000,"CURRENTDEBT_DEBT":99.685025287402,"ISSUED_COMMON_SHARES":1250000000,"HK_COMMON_SHARES":1250000000,"PER_SHARES":5000,"TOTAL_MARKET_CAP":850000000,"HKSK_MARKET_CAP":850000000,"PE_TTM":4.772599663111,"PB_TTM":1.20929650243,"REPORT_DATE_SQ":"2020-06-30 00:00:00","REPORT_TYPE_SQ":"2020年中报","OPERATE_INCOME_SQ":247015185.12,"DPS_HKD":0.0485,"OPERATE_INCOME_QOQ_SQ":-0.321427770514,"NET_PROFIT_RATIO_SQ":10.9628249076,"HOLDER_PROFIT_SQ":27446131.68,"HOLDER_PROFIT_QOQ_SQ":36.408620421428,"ROE_AVG_SQ":9.640985821042,"PE_TTM_SQ":4.199680824257,"PB_TTM_SQ":1.156044416768,"ROA_SQ":5.383488687722,"START_DATE":"2021-01-01 00:00:00","FISCAL_YEAR":"12-31","CURRENCY":"HKD","IS_CNY_CODE":0,"DPS_HKD_LY":0.036,"ORG_TYPE":"一般企业","PREMIUM_INCOME":null,"PREMIUM_INCOME_YOY":null,"NET_INTEREST_INCOME":null,"NET_INTEREST_INCOME_YOY":null,"FEE_COMMISSION_INCOME":null,"FEE_COMMISSION_INCOME_YOY":null,"ACCOUNTS_RECE_TDAYS":4.553961275368,"INVENTORY_TDAYS":1.795817499206,"CURRENT_ASSETS_TDAYS":0.804810634691,"TOTAL_ASSETS_TDAYS":0.555070090462,"PREMIUM_EXPENSE":null,"LOAN_DEPOSIT":null,"LOAN_EQUITY":null,"LOAN_ASSETS":null,"DEPOSIT_EQUITY":null,"DEPOSIT_ASSETS":null,"EQUITY_MULTIPLIER":1.714114408162,"EQUITY_RATIO":0.762483553504},{"SECUCODE":"01425.HK","SECURITY_CODE":"01425","SECURITY_NAME_ABBR":"捷隆控股","ORG_CODE":"10000005023","STD_REPORT_DATE":"2020-12-31 00:00:00","REPORT_DATE":"2020-12-31 00:00:00","DATE_TYPE_CODE":"001","REPORT_TYPE":"2020年年报","PER_NETCASH_OPERATE":0.12858239264,"PER_OI":0.577318581472,"BPS":0.27189011872,"BASIC_EPS":0.07111858,"DILUTED_EPS":0.07111858,"OPERATE_INCOME":721648226.84,"OPERATE_INCOME_YOY":22.2656979687,"GROSS_PROFIT":203772826.96,"GROSS_PROFIT_YOY":12.501241213441,"HOLDER_PROFIT":88884758.76,"HOLDER_PROFIT_YOY":101.5323550178,"GROSS_PROFIT_RATIO":28.237140947785,"EPS_TTM":0.071107807008,"OPERATE_INCOME_QOQ":15.246522248648,"NET_PROFIT_RATIO":12.3882854714,"ROE_AVG":29.380230125523,"GROSS_PROFIT_QOQ":7.895248677169,"ROA":18.423237817451,"HOLDER_PROFIT_QOQ":38.812306067215,"ROE_YEARLY":29.380230125523,"ROIC_YEARLY":24.091237787171,"TOTAL_ASSETS":486299592,"TOTAL_LIABILITIES":123505620.16,"TAX_EBT":20.653619182789,"OCF_SALES":22.272346112982,"TOTAL_PARENT_EQUITY":339862648.4,"DEBT_ASSET_RATIO":25.3970231914,"OPERATE_PROFIT":117111681.08,"PRETAX_PROFIT":112670346.8,"NETCASH_OPERATE":160727990.8,"NETCASH_INVEST":-70041280.8,"NETCASH_FINANCE":-129442548.72,"END_CASH":72317075.36,"DIVI_RATIO":0.6180990787,"DIVIDEND_RATE":7.132352941176,"CURRENT_RATIO":2.582524138405,"COMMON_ACS":50000000000,"CURRENTDEBT_DEBT":99.162487052282,"ISSUED_COMMON_SHARES":1250000000,"HK_COMMON_SHARES":1250000000,"PER_SHARES":5000,"TOTAL_MARKET_CAP":850000000,"HKSK_MARKET_CAP":850000000,"PE_TTM":4.772599663111,"PB_TTM":1.20929650243,"REPORT_DATE_SQ":"2019-12-31 00:00:00","REPORT_TYPE_SQ":"2019年年报","OPERATE_INCOME_SQ":628197077.3,"DPS_HKD":0.0485,"OPERATE_INCOME_QOQ_SQ":17.845621465858,"NET_PROFIT_RATIO_SQ":7.8203583422,"HOLDER_PROFIT_SQ":46941559.34,"HOLDER_PROFIT_QOQ_SQ":44.151818759953,"ROE_AVG_SQ":22.22726501527,"PE_TTM_SQ":4.199680824257,"PB_TTM_SQ":1.156044416768,"ROA_SQ":10.010975144974,"START_DATE":"2020-01-01 00:00:00","FISCAL_YEAR":"12-31","CURRENCY":"HKD","IS_CNY_CODE":0,"DPS_HKD_LY":0.0228,"ORG_TYPE":"一般企业","PREMIUM_INCOME":null,"PREMIUM_INCOME_YOY":null,"NET_INTEREST_INCOME":null,"NET_INTEREST_INCOME_YOY":null,"FEE_COMMISSION_INCOME":null,"FEE_COMMISSION_INCOME_YOY":null,"ACCOUNTS_RECE_TDAYS":10.382594586086,"INVENTORY_TDAYS":5.647959979806,"CURRENT_ASSETS_TDAYS":2.32461881317,"TOTAL_ASSETS_TDAYS":1.495767900942,"PREMIUM_EXPENSE":null,"LOAN_DEPOSIT":null,"LOAN_EQUITY":null,"LOAN_ASSETS":null,"DEPOSIT_EQUITY":null,"DEPOSIT_ASSETS":null,"EQUITY_MULTIPLIER":1.34042908578,"EQUITY_RATIO":0.363398628068},{"SECUCODE":"01425.HK","SECURITY_CODE":"01425","SECURITY_NAME_ABBR":"捷隆控股","ORG_CODE":"10000005023","STD_REPORT_DATE":"2020-06-30 00:00:00","REPORT_DATE":"2020-06-30 00:00:00","DATE_TYPE_CODE":"002","REPORT_TYPE":"2020年中报","PER_NETCASH_OPERATE":0.064509325056,"PER_OI":0.197612148096,"BPS":0.225229458432,"BASIC_EPS":0.02192256,"DILUTED_EPS":0.02192256,"OPERATE_INCOME":247015185.12,"OPERATE_INCOME_YOY":-4.4789352285,"GROSS_PROFIT":70316611.2,"GROSS_PROFIT_YOY":12.355050757182,"HOLDER_PROFIT":27446131.68,"HOLDER_PROFIT_YOY":155.2412504247,"GROSS_PROFIT_RATIO":28.46651357318,"EPS_TTM":0.0512258668,"OPERATE_INCOME_QOQ":-0.321427770514,"NET_PROFIT_RATIO":10.9628249076,"ROE_AVG":9.640985821042,"GROSS_PROFIT_QOQ":4.268948440958,"ROA":5.383488687722,"HOLDER_PROFIT_QOQ":36.408620421428,"ROE_YEARLY":19.281971642083,"ROIC_YEARLY":14.604834172405,"TOTAL_ASSETS":500189696.16,"TOTAL_LIABILITIES":196646276.64,"TAX_EBT":16.7457665197,"OCF_SALES":32.644412642416,"TOTAL_PARENT_EQUITY":281536823.04,"DEBT_ASSET_RATIO":39.3143397694,"OPERATE_PROFIT":35649736.32,"PRETAX_PROFIT":32526684.96,"NETCASH_OPERATE":80636656.32,"NETCASH_INVEST":-4196343.36,"NETCASH_FINANCE":-94096194.72,"END_CASH":102922765.44,"DIVI_RATIO":0.857997584923,"DIVIDEND_RATE":7.132352941176,"CURRENT_RATIO":1.618808047719,"COMMON_ACS":50000000000,"CURRENTDEBT_DEBT":98.977150793614,"ISSUED_COMMON_SHARES":1250000000,"HK_COMMON_SHARES":1250000000,"PER_SHARES":5000,"TOTAL_MARKET_CAP":850000000,"HKSK_MARKET_CAP":850000000,"PE_TTM":4.772599663111,"PB_TTM":1.20929650243,"REPORT_DATE_SQ":"2019-06-30 00:00:00","REPORT_TYPE_SQ":"2019年中报","OPERATE_INCOME_SQ":249034384.98,"DPS_HKD":0.0485,"OPERATE_INCOME_QOQ_SQ":0,"NET_PROFIT_RATIO_SQ":4.4669254653,"HOLDER_PROFIT_SQ":10355357.52,"HOLDER_PROFIT_QOQ_SQ":0,"ROE_AVG_SQ":null,"PE_TTM_SQ":4.199680824257,"PB_TTM_SQ":1.156044416768,"ROA_SQ":null,"START_DATE":"2020-01-01 00:00:00","FISCAL_YEAR":"12-31","CURRENCY":"HKD","IS_CNY_CODE":0,"DPS_HKD_LY":0.0228,"ORG_TYPE":"一般企业","PREMIUM_INCOME":null,"PREMIUM_INCOME_YOY":null,"NET_INTEREST_INCOME":null,"NET_INTEREST_INCOME_YOY":null,"FEE_COMMISSION_INCOME":null,"FEE_COMMISSION_INCOME_YOY":null,"ACCOUNTS_RECE_TDAYS":3.926742852164,"INVENTORY_TDAYS":1.525407289416,"CURRENT_ASSETS_TDAYS":0.765166927454,"TOTAL_ASSETS_TDAYS":0.484513981895,"PREMIUM_EXPENSE":null,"LOAN_DEPOSIT":null,"LOAN_EQUITY":null,"LOAN_ASSETS":null,"DEPOSIT_EQUITY":null,"DEPOSIT_ASSETS":null,"EQUITY_MULTIPLIER":1.647835742744,"EQUITY_RATIO":0.698474446492}],"count":16},"success":true,"message":"ok","code":0}