{"version":"3debf84bcd3cae3356ac4b0a16bb46b6","result":{"pages":3,"data":[{"SECUCODE":"01432.HK","SECURITY_CODE":"01432","SECURITY_NAME_ABBR":"中国圣牧","ORG_CODE":"10401495","STD_REPORT_DATE":"2024-06-30 00:00:00","REPORT_DATE":"2024-06-30 00:00:00","DATE_TYPE_CODE":"002","REPORT_TYPE":"2024年中报","PER_NETCASH_OPERATE":0.025966392312,"PER_OI":0.177860576351,"BPS":0.462041593118,"BASIC_EPS":-0.018,"DILUTED_EPS":-0.018,"OPERATE_INCOME":1490702000,"OPERATE_INCOME_YOY":-4.7481455402,"GROSS_PROFIT":394509000,"GROSS_PROFIT_YOY":-5.685064632347,"HOLDER_PROFIT":-143681000,"HOLDER_PROFIT_YOY":-715.9428987868,"GROSS_PROFIT_RATIO":26.464645516005,"EPS_TTM":-0.009656264072,"OPERATE_INCOME_QOQ":-2.196133204911,"NET_PROFIT_RATIO":-9.7611729239,"ROE_AVG":-3.639532269657,"GROSS_PROFIT_QOQ":-2.319954732591,"ROA":-1.73381178547,"HOLDER_PROFIT_QOQ":-194.023885868302,"ROE_YEARLY":-7.279064539315,"ROIC_YEARLY":-3.747753772882,"TOTAL_ASSETS":8057091000,"TOTAL_LIABILITIES":3974608000,"TAX_EBT":-0.002749027532,"OCF_SALES":14.599296170529,"TOTAL_PARENT_EQUITY":3872507000,"DEBT_ASSET_RATIO":49.3305586346,"OPERATE_PROFIT":-123298000,"PRETAX_PROFIT":-145506000,"NETCASH_OPERATE":217632000,"NETCASH_INVEST":-535039000,"NETCASH_FINANCE":342583000,"END_CASH":420223000,"DIVI_RATIO":-0.215850144981,"DIVIDEND_RATE":1.19170984456,"CURRENT_RATIO":0.7141271765,"COMMON_ACS":30000000000,"CURRENTDEBT_DEBT":58.106334008285,"ISSUED_COMMON_SHARES":8381295229,"HK_COMMON_SHARES":8381295229,"PER_SHARES":1000,"TOTAL_MARKET_CAP":1617589979.197,"HKSK_MARKET_CAP":1617589979.197,"PE_TTM":-18.435124161855,"PB_TTM":0.381236760118,"REPORT_DATE_SQ":"2023-06-30 00:00:00","REPORT_TYPE_SQ":"2023年中报","OPERATE_INCOME_SQ":1565011000,"DPS_HKD":0.0023,"OPERATE_INCOME_QOQ_SQ":0.517276174159,"NET_PROFIT_RATIO_SQ":1.3593514678,"HOLDER_PROFIT_SQ":23327000,"HOLDER_PROFIT_QOQ_SQ":-49.348316765116,"ROE_AVG_SQ":0.580912274078,"PE_TTM_SQ":8.421439810209,"PB_TTM_SQ":0.437292089794,"ROA_SQ":0.297941207988,"START_DATE":"2024-01-01 00:00:00","FISCAL_YEAR":"12-31","CURRENCY":"HKD","IS_CNY_CODE":0,"DPS_HKD_LY":0.0023,"ORG_TYPE":"一般企业","PREMIUM_INCOME":null,"PREMIUM_INCOME_YOY":null,"NET_INTEREST_INCOME":null,"NET_INTEREST_INCOME_YOY":null,"FEE_COMMISSION_INCOME":null,"FEE_COMMISSION_INCOME_YOY":null,"ACCOUNTS_RECE_TDAYS":5.507807982561,"INVENTORY_TDAYS":1.390279522543,"CURRENT_ASSETS_TDAYS":0.783689481268,"TOTAL_ASSETS_TDAYS":0.179884375542,"PREMIUM_EXPENSE":null,"LOAN_DEPOSIT":null,"LOAN_EQUITY":null,"LOAN_ASSETS":null,"DEPOSIT_EQUITY":null,"DEPOSIT_ASSETS":null,"EQUITY_MULTIPLIER":1.973576130016,"EQUITY_RATIO":1.026365607603},{"SECUCODE":"01432.HK","SECURITY_CODE":"01432","SECURITY_NAME_ABBR":"中国圣牧","ORG_CODE":"10401495","STD_REPORT_DATE":"2023-12-31 00:00:00","REPORT_DATE":"2023-12-31 00:00:00","DATE_TYPE_CODE":"001","REPORT_TYPE":"2023年年报","PER_NETCASH_OPERATE":0.11218838787,"PER_OI":0.403711945177,"BPS":0.480005523022,"BASIC_EPS":0.0104,"DILUTED_EPS":0.0103,"OPERATE_INCOME":3383629000,"OPERATE_INCOME_YOY":6.5289509368,"GROSS_PROFIT":1025020000,"GROSS_PROFIT_YOY":1.21834889926,"HOLDER_PROFIT":86076000,"HOLDER_PROFIT_YOY":-79.3315084282,"GROSS_PROFIT_RATIO":30.293510310971,"EPS_TTM":0.010270011692,"OPERATE_INCOME_QOQ":5.980737830846,"NET_PROFIT_RATIO":2.7961694382,"ROE_AVG":2.131054293285,"GROSS_PROFIT_QOQ":11.632779972272,"ROA":1.049416615873,"HOLDER_PROFIT_QOQ":-59.194857402913,"ROE_YEARLY":2.131054293285,"ROIC_YEARLY":1.140137836195,"TOTAL_ASSETS":8516911000,"TOTAL_LIABILITIES":4280656000,"TAX_EBT":3.146817353561,"OCF_SALES":27.789216843809,"TOTAL_PARENT_EQUITY":4023068000,"DEBT_ASSET_RATIO":50.2606637547,"OPERATE_PROFIT":160964000,"PRETAX_PROFIT":97686000,"NETCASH_OPERATE":940284000,"NETCASH_INVEST":-1153792000,"NETCASH_FINANCE":118434000,"END_CASH":395457000,"DIVI_RATIO":0.202950693963,"DIVIDEND_RATE":1.352941176471,"CURRENT_RATIO":0.713059521608,"COMMON_ACS":30000000000,"CURRENTDEBT_DEBT":70.602426357082,"ISSUED_COMMON_SHARES":8381295229,"HK_COMMON_SHARES":8381295229,"PER_SHARES":1000,"TOTAL_MARKET_CAP":1424820188.93,"HKSK_MARKET_CAP":1424820188.93,"PE_TTM":-16.238192266919,"PB_TTM":0.335804400104,"REPORT_DATE_SQ":"2022-12-31 00:00:00","REPORT_TYPE_SQ":"2022年年报","OPERATE_INCOME_SQ":3176253000,"DPS_HKD":0.0023,"OPERATE_INCOME_QOQ_SQ":2.890987001006,"NET_PROFIT_RATIO_SQ":14.1699354554,"HOLDER_PROFIT_SQ":416460000,"HOLDER_PROFIT_QOQ_SQ":-5.624760640046,"ROE_AVG_SQ":10.768168666662,"PE_TTM_SQ":9.918584665357,"PB_TTM_SQ":0.515032905758,"ROA_SQ":5.545695224991,"START_DATE":"2023-01-01 00:00:00","FISCAL_YEAR":"12-31","CURRENCY":"HKD","IS_CNY_CODE":0,"DPS_HKD_LY":0.0113,"ORG_TYPE":"一般企业","PREMIUM_INCOME":null,"PREMIUM_INCOME_YOY":null,"NET_INTEREST_INCOME":null,"NET_INTEREST_INCOME_YOY":null,"FEE_COMMISSION_INCOME":null,"FEE_COMMISSION_INCOME_YOY":null,"ACCOUNTS_RECE_TDAYS":11.663965804011,"INVENTORY_TDAYS":2.499200261087,"CURRENT_ASSETS_TDAYS":1.461621216739,"TOTAL_ASSETS_TDAYS":0.412523408912,"PREMIUM_EXPENSE":null,"LOAN_DEPOSIT":null,"LOAN_EQUITY":null,"LOAN_ASSETS":null,"DEPOSIT_EQUITY":null,"DEPOSIT_ASSETS":null,"EQUITY_MULTIPLIER":2.010481191523,"EQUITY_RATIO":1.064027751954},{"SECUCODE":"01432.HK","SECURITY_CODE":"01432","SECURITY_NAME_ABBR":"中国圣牧","ORG_CODE":"10401495","STD_REPORT_DATE":"2023-06-30 00:00:00","REPORT_DATE":"2023-06-30 00:00:00","DATE_TYPE_CODE":"002","REPORT_TYPE":"2023年中报","PER_NETCASH_OPERATE":0.06847772144,"PER_OI":0.186726628431,"BPS":0.474386582427,"BASIC_EPS":0.003,"DILUTED_EPS":0.003,"OPERATE_INCOME":1565011000,"OPERATE_INCOME_YOY":1.0609713021,"GROSS_PROFIT":418289000,"GROSS_PROFIT_YOY":-18.424655397025,"HOLDER_PROFIT":23327000,"HOLDER_PROFIT_YOY":-89.8065485945,"GROSS_PROFIT_RATIO":26.727543768063,"EPS_TTM":0.025168424955,"OPERATE_INCOME_QOQ":0.517276174159,"NET_PROFIT_RATIO":1.3593514678,"ROE_AVG":0.580912274078,"GROSS_PROFIT_QOQ":-9.329187247329,"ROA":0.297941207988,"HOLDER_PROFIT_QOQ":-49.348316765116,"ROE_YEARLY":1.161824548157,"ROIC_YEARLY":0.679381590046,"TOTAL_ASSETS":7771162000,"TOTAL_LIABILITIES":3591111000,"TAX_EBT":0.332630592645,"OCF_SALES":36.672713482525,"TOTAL_PARENT_EQUITY":3975974000,"DEBT_ASSET_RATIO":46.2107339932,"OPERATE_PROFIT":58048000,"PRETAX_PROFIT":21345000,"NETCASH_OPERATE":573932000,"NETCASH_INVEST":-124638000,"NETCASH_FINANCE":83390000,"END_CASH":1023790000,"DIVI_RATIO":0.082814320073,"DIVIDEND_RATE":1.352941176471,"CURRENT_RATIO":0.921995502327,"COMMON_ACS":30000000000,"CURRENTDEBT_DEBT":68.748417968701,"ISSUED_COMMON_SHARES":8381295229,"HK_COMMON_SHARES":8381295229,"PER_SHARES":1000,"TOTAL_MARKET_CAP":1424820188.93,"HKSK_MARKET_CAP":1424820188.93,"PE_TTM":-16.238192266919,"PB_TTM":0.335804400104,"REPORT_DATE_SQ":"2022-06-30 00:00:00","REPORT_TYPE_SQ":"2022年中报","OPERATE_INCOME_SQ":1548581000,"DPS_HKD":0.0023,"OPERATE_INCOME_QOQ_SQ":3.430659086462,"NET_PROFIT_RATIO_SQ":15.7074121405,"HOLDER_PROFIT_SQ":228843000,"HOLDER_PROFIT_QOQ_SQ":-6.451380394435,"ROE_AVG_SQ":6.050859712403,"PE_TTM_SQ":9.918584665357,"PB_TTM_SQ":0.515032905758,"ROA_SQ":3.213135999422,"START_DATE":"2023-01-01 00:00:00","FISCAL_YEAR":"12-31","CURRENCY":"HKD","IS_CNY_CODE":0,"DPS_HKD_LY":0.0113,"ORG_TYPE":"一般企业","PREMIUM_INCOME":null,"PREMIUM_INCOME_YOY":null,"NET_INTEREST_INCOME":null,"NET_INTEREST_INCOME_YOY":null,"FEE_COMMISSION_INCOME":null,"FEE_COMMISSION_INCOME_YOY":null,"ACCOUNTS_RECE_TDAYS":5.592420804374,"INVENTORY_TDAYS":1.736484092251,"CURRENT_ASSETS_TDAYS":0.65878875908,"TOTAL_ASSETS_TDAYS":0.199889084689,"PREMIUM_EXPENSE":null,"LOAN_DEPOSIT":null,"LOAN_EQUITY":null,"LOAN_ASSETS":null,"DEPOSIT_EQUITY":null,"DEPOSIT_ASSETS":null,"EQUITY_MULTIPLIER":1.859106982188,"EQUITY_RATIO":0.903202837846},{"SECUCODE":"01432.HK","SECURITY_CODE":"01432","SECURITY_NAME_ABBR":"中国圣牧","ORG_CODE":"10401495","STD_REPORT_DATE":"2022-12-31 00:00:00","REPORT_DATE":"2022-12-31 00:00:00","DATE_TYPE_CODE":"001","REPORT_TYPE":"2022年年报","PER_NETCASH_OPERATE":0.133997069583,"PER_OI":0.378969230079,"BPS":0.483837746935,"BASIC_EPS":0.0499,"DILUTED_EPS":0.0496,"OPERATE_INCOME":3176253000,"OPERATE_INCOME_YOY":6.4208259957,"GROSS_PROFIT":1012682000,"GROSS_PROFIT_YOY":-4.857993780475,"HOLDER_PROFIT":416460000,"HOLDER_PROFIT_YOY":-11.7132663293,"GROSS_PROFIT_RATIO":31.882913609212,"EPS_TTM":0.049689217313,"OPERATE_INCOME_QOQ":2.890987001006,"NET_PROFIT_RATIO":14.1699354554,"ROE_AVG":10.768168666662,"GROSS_PROFIT_QOQ":-1.66837563018,"ROA":5.545695224991,"HOLDER_PROFIT_QOQ":-5.624760640046,"ROE_YEARLY":10.768168666662,"ROIC_YEARLY":6.132818235113,"TOTAL_ASSETS":7887632000,"TOTAL_LIABILITIES":3625950000,"TAX_EBT":null,"OCF_SALES":35.358297969337,"TOTAL_PARENT_EQUITY":4055187000,"DEBT_ASSET_RATIO":45.9700706118,"OPERATE_PROFIT":527891000,"PRETAX_PROFIT":450073000,"NETCASH_OPERATE":1123069000,"NETCASH_INVEST":-1063551000,"NETCASH_FINANCE":-98818000,"END_CASH":490177000,"DIVI_RATIO":0.041946847077,"DIVIDEND_RATE":1.352941176471,"CURRENT_RATIO":0.926760139344,"COMMON_ACS":30000000000,"CURRENTDEBT_DEBT":73.650022752658,"ISSUED_COMMON_SHARES":8381295229,"HK_COMMON_SHARES":8381295229,"PER_SHARES":1000,"TOTAL_MARKET_CAP":1424820188.93,"HKSK_MARKET_CAP":1424820188.93,"PE_TTM":-16.238192266919,"PB_TTM":0.335804400104,"REPORT_DATE_SQ":"2021-12-31 00:00:00","REPORT_TYPE_SQ":"2021年年报","OPERATE_INCOME_SQ":2984616000,"DPS_HKD":0.0023,"OPERATE_INCOME_QOQ_SQ":4.505373877998,"NET_PROFIT_RATIO_SQ":17.0732516344,"HOLDER_PROFIT_SQ":471713000,"HOLDER_PROFIT_QOQ_SQ":-9.811483088924,"ROE_AVG_SQ":13.71943695726,"PE_TTM_SQ":9.918584665357,"PB_TTM_SQ":0.515032905758,"ROA_SQ":6.808391916437,"START_DATE":"2022-01-01 00:00:00","FISCAL_YEAR":"12-31","CURRENCY":"HKD","IS_CNY_CODE":0,"DPS_HKD_LY":null,"ORG_TYPE":"一般企业","PREMIUM_INCOME":null,"PREMIUM_INCOME_YOY":null,"NET_INTEREST_INCOME":null,"NET_INTEREST_INCOME_YOY":null,"FEE_COMMISSION_INCOME":null,"FEE_COMMISSION_INCOME_YOY":null,"ACCOUNTS_RECE_TDAYS":12.100172764208,"INVENTORY_TDAYS":2.624490600483,"CURRENT_ASSETS_TDAYS":1.403952190749,"TOTAL_ASSETS_TDAYS":0.422958533724,"PREMIUM_EXPENSE":null,"LOAN_DEPOSIT":null,"LOAN_EQUITY":null,"LOAN_ASSETS":null,"DEPOSIT_EQUITY":null,"DEPOSIT_ASSETS":null,"EQUITY_MULTIPLIER":1.850826035354,"EQUITY_RATIO":0.894151120528},{"SECUCODE":"01432.HK","SECURITY_CODE":"01432","SECURITY_NAME_ABBR":"中国圣牧","ORG_CODE":"10401495","STD_REPORT_DATE":"2022-06-30 00:00:00","REPORT_DATE":"2022-06-30 00:00:00","DATE_TYPE_CODE":"002","REPORT_TYPE":"2022年中报","PER_NETCASH_OPERATE":0.047324427688,"PER_OI":0.184766310897,"BPS":0.463430757881,"BASIC_EPS":0.027,"DILUTED_EPS":0.027,"OPERATE_INCOME":1548581000,"OPERATE_INCOME_YOY":7.080125765,"GROSS_PROFIT":512764000,"GROSS_PROFIT_YOY":-6.308538434833,"HOLDER_PROFIT":228843000,"HOLDER_PROFIT_YOY":-11.7373445184,"GROSS_PROFIT_RATIO":33.111861762478,"EPS_TTM":0.052650692756,"OPERATE_INCOME_QOQ":3.430659086462,"NET_PROFIT_RATIO":15.7074121405,"ROE_AVG":6.050859712403,"GROSS_PROFIT_QOQ":-3.243735848702,"ROA":3.213135999422,"HOLDER_PROFIT_QOQ":-6.451380394435,"ROE_YEARLY":12.101719424806,"ROIC_YEARLY":7.336840280341,"TOTAL_ASSETS":7112630000,"TOTAL_LIABILITIES":3004729000,"TAX_EBT":null,"OCF_SALES":25.613125822931,"TOTAL_PARENT_EQUITY":3884150000,"DEBT_ASSET_RATIO":42.2449782992,"OPERATE_PROFIT":264459000,"PRETAX_PROFIT":243242000,"NETCASH_OPERATE":396640000,"NETCASH_INVEST":-224319000,"NETCASH_FINANCE":97848000,"END_CASH":802898000,"DIVI_RATIO":0.039587437333,"DIVIDEND_RATE":1.352941176471,"CURRENT_RATIO":0.733305223838,"COMMON_ACS":30000000000,"CURRENTDEBT_DEBT":89.666189529904,"ISSUED_COMMON_SHARES":8381295229,"HK_COMMON_SHARES":8381295229,"PER_SHARES":1000,"TOTAL_MARKET_CAP":1424820188.93,"HKSK_MARKET_CAP":1424820188.93,"PE_TTM":-16.238192266919,"PB_TTM":0.335804400104,"REPORT_DATE_SQ":"2021-06-30 00:00:00","REPORT_TYPE_SQ":"2021年中报","OPERATE_INCOME_SQ":1446189000,"DPS_HKD":0.0023,"OPERATE_INCOME_QOQ_SQ":7.333144669901,"NET_PROFIT_RATIO_SQ":18.7714745445,"HOLDER_PROFIT_SQ":259275000,"HOLDER_PROFIT_QOQ_SQ":28.609717714173,"ROE_AVG_SQ":7.794501145163,"PE_TTM_SQ":9.918584665357,"PB_TTM_SQ":0.515032905758,"ROA_SQ":3.820695296548,"START_DATE":"2022-01-01 00:00:00","FISCAL_YEAR":"12-31","CURRENCY":"HKD","IS_CNY_CODE":0,"DPS_HKD_LY":null,"ORG_TYPE":"一般企业","PREMIUM_INCOME":null,"PREMIUM_INCOME_YOY":null,"NET_INTEREST_INCOME":null,"NET_INTEREST_INCOME_YOY":null,"FEE_COMMISSION_INCOME":null,"FEE_COMMISSION_INCOME_YOY":null,"ACCOUNTS_RECE_TDAYS":5.953561954558,"INVENTORY_TDAYS":1.718441085298,"CURRENT_ASSETS_TDAYS":0.76938643089,"TOTAL_ASSETS_TDAYS":0.217432971912,"PREMIUM_EXPENSE":null,"LOAN_DEPOSIT":null,"LOAN_EQUITY":null,"LOAN_ASSETS":null,"DEPOSIT_EQUITY":null,"DEPOSIT_ASSETS":null,"EQUITY_MULTIPLIER":1.731451171779,"EQUITY_RATIO":0.773587271346},{"SECUCODE":"01432.HK","SECURITY_CODE":"01432","SECURITY_NAME_ABBR":"中国圣牧","ORG_CODE":"10401495","STD_REPORT_DATE":"2021-12-31 00:00:00","REPORT_DATE":"2021-12-31 00:00:00","DATE_TYPE_CODE":"001","REPORT_TYPE":"2021年年报","PER_NETCASH_OPERATE":0.122447064798,"PER_OI":0.356104387025,"BPS":0.439053022171,"BASIC_EPS":0.0563,"DILUTED_EPS":0.0563,"OPERATE_INCOME":2984616000,"OPERATE_INCOME_YOY":12.1689041323,"GROSS_PROFIT":1064390000,"GROSS_PROFIT_YOY":3.83097360499,"HOLDER_PROFIT":471713000,"HOLDER_PROFIT_YOY":15.9911970099,"GROSS_PROFIT_RATIO":35.66254419329,"EPS_TTM":0.056281635131,"OPERATE_INCOME_QOQ":4.505373877998,"NET_PROFIT_RATIO":17.0732516344,"ROE_AVG":13.71943695726,"GROSS_PROFIT_QOQ":-3.378866606391,"ROA":6.808391916437,"HOLDER_PROFIT_QOQ":-9.811483088924,"ROE_YEARLY":13.71943695726,"ROIC_YEARLY":7.508257542531,"TOTAL_ASSETS":7131585000,"TOTAL_LIABILITIES":3242400000,"TAX_EBT":0.168680646981,"OCF_SALES":34.385160436049,"TOTAL_PARENT_EQUITY":3679833000,"DEBT_ASSET_RATIO":45.465348867,"OPERATE_PROFIT":607299000,"PRETAX_PROFIT":510432000,"NETCASH_OPERATE":1026265000,"NETCASH_INVEST":-1066474000,"NETCASH_FINANCE":238324000,"END_CASH":531835000,"DIVI_RATIO":0.037033501162,"DIVIDEND_RATE":1.352941176471,"CURRENT_RATIO":0.716024145921,"COMMON_ACS":30000000000,"CURRENTDEBT_DEBT":88.29141993585,"ISSUED_COMMON_SHARES":8381295229,"HK_COMMON_SHARES":8381295229,"PER_SHARES":1000,"TOTAL_MARKET_CAP":1424820188.93,"HKSK_MARKET_CAP":1424820188.93,"PE_TTM":-16.238192266919,"PB_TTM":0.335804400104,"REPORT_DATE_SQ":"2020-12-31 00:00:00","REPORT_TYPE_SQ":"2020年年报","OPERATE_INCOME_SQ":2660823000,"DPS_HKD":0.0023,"OPERATE_INCOME_QOQ_SQ":2.740270300951,"NET_PROFIT_RATIO_SQ":17.3243015413,"HOLDER_PROFIT_SQ":406680000,"HOLDER_PROFIT_QOQ_SQ":66.557452245995,"ROE_AVG_SQ":15.109360629356,"PE_TTM_SQ":9.918584665357,"PB_TTM_SQ":0.515032905758,"ROA_SQ":6.103795593389,"START_DATE":"2021-01-01 00:00:00","FISCAL_YEAR":"12-31","CURRENCY":"HKD","IS_CNY_CODE":0,"DPS_HKD_LY":null,"ORG_TYPE":"一般企业","PREMIUM_INCOME":null,"PREMIUM_INCOME_YOY":null,"NET_INTEREST_INCOME":null,"NET_INTEREST_INCOME_YOY":null,"FEE_COMMISSION_INCOME":null,"FEE_COMMISSION_INCOME_YOY":null,"ACCOUNTS_RECE_TDAYS":15.514653747388,"INVENTORY_TDAYS":2.589331188397,"CURRENT_ASSETS_TDAYS":1.405787408176,"TOTAL_ASSETS_TDAYS":0.430779636094,"PREMIUM_EXPENSE":null,"LOAN_DEPOSIT":null,"LOAN_EQUITY":null,"LOAN_ASSETS":null,"DEPOSIT_EQUITY":null,"DEPOSIT_ASSETS":null,"EQUITY_MULTIPLIER":1.833696519963,"EQUITY_RATIO":0.881126942445},{"SECUCODE":"01432.HK","SECURITY_CODE":"01432","SECURITY_NAME_ABBR":"中国圣牧","ORG_CODE":"10401495","STD_REPORT_DATE":"2021-06-30 00:00:00","REPORT_DATE":"2021-06-30 00:00:00","DATE_TYPE_CODE":"002","REPORT_TYPE":"2021年中报","PER_NETCASH_OPERATE":0.040884611583,"PER_OI":0.172549583386,"BPS":0.412350944045,"BASIC_EPS":0.031,"DILUTED_EPS":0.031,"OPERATE_INCOME":1446189000,"OPERATE_INCOME_YOY":15.5964468729,"GROSS_PROFIT":547290000,"GROSS_PROFIT_YOY":16.247801595596,"HOLDER_PROFIT":259275000,"HOLDER_PROFIT_YOY":81.4063319923,"GROSS_PROFIT_RATIO":37.84360135501,"EPS_TTM":0.062404435795,"OPERATE_INCOME_QOQ":7.333144669901,"NET_PROFIT_RATIO":18.7714745445,"ROE_AVG":7.794501145163,"GROSS_PROFIT_QOQ":7.46197023172,"ROA":3.820695296548,"HOLDER_PROFIT_QOQ":28.609717714173,"ROE_YEARLY":15.589002290325,"ROIC_YEARLY":8.652619960095,"TOTAL_ASSETS":6846911000,"TOTAL_LIABILITIES":3155886000,"TAX_EBT":0.08501961708,"OCF_SALES":23.694413385802,"TOTAL_PARENT_EQUITY":3456035000,"DEBT_ASSET_RATIO":46.0921136553,"OPERATE_PROFIT":316081000,"PRETAX_PROFIT":271702000,"NETCASH_OPERATE":342666000,"NETCASH_INVEST":-246132000,"NETCASH_FINANCE":377154000,"END_CASH":800737000,"DIVI_RATIO":0.033399965458,"DIVIDEND_RATE":1.352941176471,"CURRENT_RATIO":1.039590931438,"COMMON_ACS":30000000000,"CURRENTDEBT_DEBT":73.346185508602,"ISSUED_COMMON_SHARES":8381295229,"HK_COMMON_SHARES":8381295229,"PER_SHARES":1000,"TOTAL_MARKET_CAP":1424820188.93,"HKSK_MARKET_CAP":1424820188.93,"PE_TTM":-16.238192266919,"PB_TTM":0.335804400104,"REPORT_DATE_SQ":"2020-06-30 00:00:00","REPORT_TYPE_SQ":"2020年中报","OPERATE_INCOME_SQ":1251067000,"DPS_HKD":0.0023,"OPERATE_INCOME_QOQ_SQ":1.980140709026,"NET_PROFIT_RATIO_SQ":13.2470123503,"HOLDER_PROFIT_SQ":142925000,"HOLDER_PROFIT_QOQ_SQ":780.138418282748,"ROE_AVG_SQ":6.05866252031,"PE_TTM_SQ":9.918584665357,"PB_TTM_SQ":0.515032905758,"ROA_SQ":2.198093391402,"START_DATE":"2021-01-01 00:00:00","FISCAL_YEAR":"12-31","CURRENCY":"HKD","IS_CNY_CODE":0,"DPS_HKD_LY":null,"ORG_TYPE":"一般企业","PREMIUM_INCOME":null,"PREMIUM_INCOME_YOY":null,"NET_INTEREST_INCOME":null,"NET_INTEREST_INCOME_YOY":null,"FEE_COMMISSION_INCOME":null,"FEE_COMMISSION_INCOME_YOY":null,"ACCOUNTS_RECE_TDAYS":8.432933122635,"INVENTORY_TDAYS":1.496246064422,"CURRENT_ASSETS_TDAYS":0.62840324311,"TOTAL_ASSETS_TDAYS":0.213111465055,"PREMIUM_EXPENSE":null,"LOAN_DEPOSIT":null,"LOAN_EQUITY":null,"LOAN_ASSETS":null,"DEPOSIT_EQUITY":null,"DEPOSIT_ASSETS":null,"EQUITY_MULTIPLIER":1.855016154048,"EQUITY_RATIO":0.913152210553},{"SECUCODE":"01432.HK","SECURITY_CODE":"01432","SECURITY_NAME_ABBR":"中国圣牧","ORG_CODE":"10401495","STD_REPORT_DATE":"2020-12-31 00:00:00","REPORT_DATE":"2020-12-31 00:00:00","DATE_TYPE_CODE":"001","REPORT_TYPE":"2020年年报","PER_NETCASH_OPERATE":0.130099104041,"PER_OI":0.317471575371,"BPS":0.381412647169,"BASIC_EPS":0.0535,"DILUTED_EPS":0.0535,"OPERATE_INCOME":2660823000,"OPERATE_INCOME_YOY":4.7746722177,"GROSS_PROFIT":1025118000,"GROSS_PROFIT_YOY":9.386874445793,"HOLDER_PROFIT":406680000,"HOLDER_PROFIT_YOY":1365.9361257299,"GROSS_PROFIT_RATIO":38.526350681725,"EPS_TTM":0.04852233323,"OPERATE_INCOME_QOQ":2.740270300951,"NET_PROFIT_RATIO":17.3243015413,"ROE_AVG":15.109360629356,"GROSS_PROFIT_QOQ":6.410687593423,"ROA":6.103795593389,"HOLDER_PROFIT_QOQ":66.557452245995,"ROE_YEARLY":15.109360629356,"ROIC_YEARLY":6.54985174333,"TOTAL_ASSETS":6725226000,"TOTAL_LIABILITIES":3305700000,"TAX_EBT":null,"OCF_SALES":40.9797645315,"TOTAL_PARENT_EQUITY":3196732000,"DEBT_ASSET_RATIO":49.1537384766,"OPERATE_PROFIT":614305000,"PRETAX_PROFIT":460969000,"NETCASH_OPERATE":1090399000,"NETCASH_INVEST":-267055000,"NETCASH_FINANCE":-625451000,"END_CASH":327651000,"DIVI_RATIO":0.042955601292,"DIVIDEND_RATE":1.352941176471,"CURRENT_RATIO":0.670587933571,"COMMON_ACS":30000000000,"CURRENTDEBT_DEBT":99.080436821248,"ISSUED_COMMON_SHARES":8381295229,"HK_COMMON_SHARES":8381295229,"PER_SHARES":1000,"TOTAL_MARKET_CAP":1424820188.93,"HKSK_MARKET_CAP":1424820188.93,"PE_TTM":-16.238192266919,"PB_TTM":0.335804400104,"REPORT_DATE_SQ":"2019-12-31 00:00:00","REPORT_TYPE_SQ":"2019年年报","OPERATE_INCOME_SQ":2539567000,"DPS_HKD":0.0023,"OPERATE_INCOME_QOQ_SQ":5.99818269773,"NET_PROFIT_RATIO_SQ":5.3432730855,"HOLDER_PROFIT_SQ":27742000,"HOLDER_PROFIT_QOQ_SQ":102.43334228009,"ROE_AVG_SQ":1.319685828957,"PE_TTM_SQ":9.918584665357,"PB_TTM_SQ":0.515032905758,"ROA_SQ":0.391874515401,"START_DATE":"2020-01-01 00:00:00","FISCAL_YEAR":"12-31","CURRENCY":"HKD","IS_CNY_CODE":0,"DPS_HKD_LY":null,"ORG_TYPE":"一般企业","PREMIUM_INCOME":null,"PREMIUM_INCOME_YOY":null,"NET_INTEREST_INCOME":null,"NET_INTEREST_INCOME_YOY":null,"FEE_COMMISSION_INCOME":null,"FEE_COMMISSION_INCOME_YOY":null,"ACCOUNTS_RECE_TDAYS":17.521033552937,"INVENTORY_TDAYS":2.348241229115,"CURRENT_ASSETS_TDAYS":1.337220963451,"TOTAL_ASSETS_TDAYS":0.399358702228,"PREMIUM_EXPENSE":null,"LOAN_DEPOSIT":null,"LOAN_EQUITY":null,"LOAN_ASSETS":null,"DEPOSIT_EQUITY":null,"DEPOSIT_ASSETS":null,"EQUITY_MULTIPLIER":1.966712930389,"EQUITY_RATIO":1.034087311667},{"SECUCODE":"01432.HK","SECURITY_CODE":"01432","SECURITY_NAME_ABBR":"中国圣牧","ORG_CODE":"10401495","STD_REPORT_DATE":"2020-06-30 00:00:00","REPORT_DATE":"2020-06-30 00:00:00","DATE_TYPE_CODE":"002","REPORT_TYPE":"2020年中报","PER_NETCASH_OPERATE":0.072443188487,"PER_OI":0.177630030851,"BPS":0.302055581009,"BASIC_EPS":0.022,"DILUTED_EPS":0.022,"OPERATE_INCOME":1251067000,"OPERATE_INCOME_YOY":4.1878612235,"GROSS_PROFIT":470796000,"GROSS_PROFIT_YOY":5.895610513175,"HOLDER_PROFIT":142925000,"HOLDER_PROFIT_YOY":294.453136692,"GROSS_PROFIT_RATIO":37.631557702345,"EPS_TTM":0.034667663181,"OPERATE_INCOME_QOQ":1.980140709026,"NET_PROFIT_RATIO":13.2470123503,"ROE_AVG":6.05866252031,"GROSS_PROFIT_QOQ":2.796887154551,"ROA":2.198093391402,"HOLDER_PROFIT_QOQ":780.138418282748,"ROE_YEARLY":12.117325040621,"ROIC_YEARLY":4.694928983964,"TOTAL_ASSETS":6404199000,"TOTAL_LIABILITIES":3665421000,"TAX_EBT":null,"OCF_SALES":40.783187471175,"TOTAL_PARENT_EQUITY":2531617000,"DEBT_ASSET_RATIO":57.2346518277,"OPERATE_PROFIT":265749000,"PRETAX_PROFIT":165729000,"NETCASH_OPERATE":510225000,"NETCASH_INVEST":-126000000,"NETCASH_FINANCE":-253118000,"END_CASH":263280000,"DIVI_RATIO":0.060122483281,"DIVIDEND_RATE":1.352941176471,"CURRENT_RATIO":0.478797050102,"COMMON_ACS":30000000000,"CURRENTDEBT_DEBT":98.255561912261,"ISSUED_COMMON_SHARES":8381295229,"HK_COMMON_SHARES":8381295229,"PER_SHARES":1000,"TOTAL_MARKET_CAP":1424820188.93,"HKSK_MARKET_CAP":1424820188.93,"PE_TTM":-16.238192266919,"PB_TTM":0.335804400104,"REPORT_DATE_SQ":"2019-06-30 00:00:00","REPORT_TYPE_SQ":"2019年中报","OPERATE_INCOME_SQ":1200780000,"DPS_HKD":0.0023,"OPERATE_INCOME_QOQ_SQ":10.69140460228,"NET_PROFIT_RATIO_SQ":-1.728709672,"HOLDER_PROFIT_SQ":-73501000,"HOLDER_PROFIT_QOQ_SQ":48.765144706094,"ROE_AVG_SQ":-3.642246110407,"PE_TTM_SQ":9.918584665357,"PB_TTM_SQ":0.515032905758,"ROA_SQ":-1.038401177799,"START_DATE":"2020-01-01 00:00:00","FISCAL_YEAR":"12-31","CURRENCY":"HKD","IS_CNY_CODE":0,"DPS_HKD_LY":null,"ORG_TYPE":"一般企业","PREMIUM_INCOME":null,"PREMIUM_INCOME_YOY":null,"NET_INTEREST_INCOME":null,"NET_INTEREST_INCOME_YOY":null,"FEE_COMMISSION_INCOME":null,"FEE_COMMISSION_INCOME_YOY":null,"ACCOUNTS_RECE_TDAYS":7.65501649014,"INVENTORY_TDAYS":1.404457604162,"CURRENT_ASSETS_TDAYS":0.713340143248,"TOTAL_ASSETS_TDAYS":0.192405954515,"PREMIUM_EXPENSE":null,"LOAN_DEPOSIT":null,"LOAN_EQUITY":null,"LOAN_ASSETS":null,"DEPOSIT_EQUITY":null,"DEPOSIT_ASSETS":null,"EQUITY_MULTIPLIER":2.338341771406,"EQUITY_RATIO":1.447857634073}],"count":25},"success":true,"message":"ok","code":0}