{"version":"022fd07dc820356872ef7395a7362aa8","result":{"pages":3,"data":[{"SECUCODE":"01431.HK","SECURITY_CODE":"01431","SECURITY_NAME_ABBR":"原生态牧业","ORG_CODE":"10351401","STD_REPORT_DATE":"2024-06-30 00:00:00","REPORT_DATE":"2024-06-30 00:00:00","DATE_TYPE_CODE":"002","REPORT_TYPE":"2024年中报","PER_NETCASH_OPERATE":0.135272462846,"PER_OI":0.256854690263,"BPS":1.043727909055,"BASIC_EPS":0.028,"DILUTED_EPS":0.028,"OPERATE_INCOME":1204776000,"OPERATE_INCOME_YOY":11.359382409,"GROSS_PROFIT":445732000,"GROSS_PROFIT_YOY":73.371814419516,"HOLDER_PROFIT":128996000,"HOLDER_PROFIT_YOY":148.8478739156,"GROSS_PROFIT_RATIO":36.997084935291,"EPS_TTM":0.011379179398,"OPERATE_INCOME_QOQ":5.564432547414,"NET_PROFIT_RATIO":10.7070525973,"ROE_AVG":2.670602165967,"GROSS_PROFIT_QOQ":31.932206947569,"ROA":1.584640646101,"HOLDER_PROFIT_QOQ":115.712145163807,"ROE_YEARLY":5.341204331934,"ROIC_YEARLY":3.649220142424,"TOTAL_ASSETS":7933811000,"TOTAL_LIABILITIES":3038209000,"TAX_EBT":-2.649064591341,"OCF_SALES":52.664976725964,"TOTAL_PARENT_EQUITY":4895602000,"DEBT_ASSET_RATIO":38.294446389,"OPERATE_PROFIT":148234000,"PRETAX_PROFIT":125667000,"NETCASH_OPERATE":634495000,"NETCASH_INVEST":-345269000,"NETCASH_FINANCE":-212457000,"END_CASH":1037797000,"DIVI_RATIO":null,"DIVIDEND_RATE":null,"CURRENT_RATIO":0.932561555626,"COMMON_ACS":50000000000,"CURRENTDEBT_DEBT":59.916417863287,"ISSUED_COMMON_SHARES":4690496400,"HK_COMMON_SHARES":4690496400,"PER_SHARES":1000,"TOTAL_MARKET_CAP":802074884.4,"HKSK_MARKET_CAP":802074884.4,"PE_TTM":15.159603526084,"PB_TTM":0.1495296606,"REPORT_DATE_SQ":"2023-06-30 00:00:00","REPORT_TYPE_SQ":"2023年中报","OPERATE_INCOME_SQ":1081881000,"DPS_HKD":null,"OPERATE_INCOME_QOQ_SQ":3.484882624526,"NET_PROFIT_RATIO_SQ":-24.4090616251,"HOLDER_PROFIT_SQ":-264077000,"HOLDER_PROFIT_QOQ_SQ":-1386.7037345125,"ROE_AVG_SQ":-5.330333876304,"PE_TTM_SQ":-1.454730326596,"PB_TTM_SQ":0.089714833799,"ROA_SQ":-3.367323394422,"START_DATE":"2024-01-01 00:00:00","FISCAL_YEAR":"12-31","CURRENCY":"HKD","IS_CNY_CODE":0,"DPS_HKD_LY":null,"ORG_TYPE":"一般企业","PREMIUM_INCOME":null,"PREMIUM_INCOME_YOY":null,"NET_INTEREST_INCOME":null,"NET_INTEREST_INCOME_YOY":null,"FEE_COMMISSION_INCOME":null,"FEE_COMMISSION_INCOME_YOY":null,"ACCOUNTS_RECE_TDAYS":28.994067745623,"INVENTORY_TDAYS":1.150804227558,"CURRENT_ASSETS_TDAYS":0.659907157627,"TOTAL_ASSETS_TDAYS":0.147999706894,"PREMIUM_EXPENSE":null,"LOAN_DEPOSIT":null,"LOAN_EQUITY":null,"LOAN_ASSETS":null,"DEPOSIT_EQUITY":null,"DEPOSIT_ASSETS":null,"EQUITY_MULTIPLIER":1.620599672931,"EQUITY_RATIO":0.620599672931},{"SECUCODE":"01431.HK","SECURITY_CODE":"01431","SECURITY_NAME_ABBR":"原生态牧业","ORG_CODE":"10351401","STD_REPORT_DATE":"2023-12-31 00:00:00","REPORT_DATE":"2023-12-31 00:00:00","DATE_TYPE_CODE":"001","REPORT_TYPE":"2023年年报","PER_NETCASH_OPERATE":0.150900872667,"PER_OI":0.470862955998,"BPS":1.015850049475,"BASIC_EPS":-0.0724,"DILUTED_EPS":-0.0724,"OPERATE_INCOME":2208581000,"OPERATE_INCOME_YOY":5.6563922763,"GROSS_PROFIT":590739000,"GROSS_PROFIT_YOY":13.2302118973,"HOLDER_PROFIT":-339699000,"HOLDER_PROFIT_YOY":-1587.2334836478,"GROSS_PROFIT_RATIO":26.747445531769,"EPS_TTM":-0.072422825013,"OPERATE_INCOME_QOQ":2.098383451469,"NET_PROFIT_RATIO":-15.3808712472,"ROE_AVG":-6.895356216633,"GROSS_PROFIT_QOQ":16.589465208029,"ROA":-4.171082927807,"HOLDER_PROFIT_QOQ":-15.584764678662,"ROE_YEARLY":-6.895356216633,"ROIC_YEARLY":-4.701814854664,"TOTAL_ASSETS":8346978000,"TOTAL_LIABILITIES":3582137000,"TAX_EBT":-0.728855625502,"OCF_SALES":32.047726571948,"TOTAL_PARENT_EQUITY":4764841000,"DEBT_ASSET_RATIO":42.9153760798,"OPERATE_PROFIT":-301755000,"PRETAX_PROFIT":-337241000,"NETCASH_OPERATE":707800000,"NETCASH_INVEST":-752526000,"NETCASH_FINANCE":418750000,"END_CASH":959068000,"DIVI_RATIO":null,"DIVIDEND_RATE":null,"CURRENT_RATIO":0.901901550711,"COMMON_ACS":50000000000,"CURRENTDEBT_DEBT":60.473175649061,"ISSUED_COMMON_SHARES":4690496400,"HK_COMMON_SHARES":4690496400,"PER_SHARES":1000,"TOTAL_MARKET_CAP":750479424,"HKSK_MARKET_CAP":750479424,"PE_TTM":14.184424351892,"PB_TTM":0.139910793544,"REPORT_DATE_SQ":"2022-12-31 00:00:00","REPORT_TYPE_SQ":"2022年年报","OPERATE_INCOME_SQ":2090343000,"DPS_HKD":null,"OPERATE_INCOME_QOQ_SQ":7.299754534339,"NET_PROFIT_RATIO_SQ":1.0926914865,"HOLDER_PROFIT_SQ":22841000,"HOLDER_PROFIT_QOQ_SQ":-79.536454693687,"ROE_AVG_SQ":0.450471238552,"PE_TTM_SQ":-1.731129088649,"PB_TTM_SQ":0.106760652221,"ROA_SQ":0.312256807676,"START_DATE":"2023-01-01 00:00:00","FISCAL_YEAR":"12-31","CURRENCY":"HKD","IS_CNY_CODE":0,"DPS_HKD_LY":null,"ORG_TYPE":"一般企业","PREMIUM_INCOME":null,"PREMIUM_INCOME_YOY":null,"NET_INTEREST_INCOME":null,"NET_INTEREST_INCOME_YOY":null,"FEE_COMMISSION_INCOME":null,"FEE_COMMISSION_INCOME_YOY":null,"ACCOUNTS_RECE_TDAYS":40.669938311389,"INVENTORY_TDAYS":2.045299334391,"CURRENT_ASSETS_TDAYS":1.232980359011,"TOTAL_ASSETS_TDAYS":0.271186388649,"PREMIUM_EXPENSE":null,"LOAN_DEPOSIT":null,"LOAN_EQUITY":null,"LOAN_ASSETS":null,"DEPOSIT_EQUITY":null,"DEPOSIT_ASSETS":null,"EQUITY_MULTIPLIER":1.75178521172,"EQUITY_RATIO":0.751785211721},{"SECUCODE":"01431.HK","SECURITY_CODE":"01431","SECURITY_NAME_ABBR":"原生态牧业","ORG_CODE":"10351401","STD_REPORT_DATE":"2023-06-30 00:00:00","REPORT_DATE":"2023-06-30 00:00:00","DATE_TYPE_CODE":"002","REPORT_TYPE":"2023年中报","PER_NETCASH_OPERATE":0.113347064929,"PER_OI":0.230653838685,"BPS":1.027678435059,"BASIC_EPS":-0.056,"DILUTED_EPS":-0.056,"OPERATE_INCOME":1081881000,"OPERATE_INCOME_YOY":7.2193729653,"GROSS_PROFIT":257096000,"GROSS_PROFIT_YOY":-5.523871119473,"HOLDER_PROFIT":-264077000,"HOLDER_PROFIT_YOY":-601.4755032283,"GROSS_PROFIT_RATIO":23.763796572821,"EPS_TTM":-0.062657760488,"OPERATE_INCOME_QOQ":3.484882624526,"NET_PROFIT_RATIO":-24.4090616251,"ROE_AVG":-5.330333876304,"GROSS_PROFIT_QOQ":-2.881266591913,"ROA":-3.367323394422,"HOLDER_PROFIT_QOQ":-1386.7037345125,"ROE_YEARLY":-10.660667752607,"ROIC_YEARLY":-7.575790501538,"TOTAL_ASSETS":7743373000,"TOTAL_LIABILITIES":2923051000,"TAX_EBT":null,"OCF_SALES":49.141633876554,"TOTAL_PARENT_EQUITY":4820322000,"DEBT_ASSET_RATIO":37.7490662015,"OPERATE_PROFIT":-251220000,"PRETAX_PROFIT":-264077000,"NETCASH_OPERATE":531654000,"NETCASH_INVEST":-495593000,"NETCASH_FINANCE":116840000,"END_CASH":745544000,"DIVI_RATIO":null,"DIVIDEND_RATE":null,"CURRENT_RATIO":0.949159096028,"COMMON_ACS":50000000000,"CURRENTDEBT_DEBT":54.678484911827,"ISSUED_COMMON_SHARES":4690496400,"HK_COMMON_SHARES":4690496400,"PER_SHARES":1000,"TOTAL_MARKET_CAP":750479424,"HKSK_MARKET_CAP":750479424,"PE_TTM":14.184424351892,"PB_TTM":0.139910793544,"REPORT_DATE_SQ":"2022-06-30 00:00:00","REPORT_TYPE_SQ":"2022年中报","OPERATE_INCOME_SQ":1009035000,"DPS_HKD":null,"OPERATE_INCOME_QOQ_SQ":9.659010952763,"NET_PROFIT_RATIO_SQ":5.2188477109,"HOLDER_PROFIT_SQ":52660000,"HOLDER_PROFIT_QOQ_SQ":-28.901203898337,"ROE_AVG_SQ":1.036447382729,"PE_TTM_SQ":-1.731129088649,"PB_TTM_SQ":0.106760652221,"ROA_SQ":0.762479852056,"START_DATE":"2023-01-01 00:00:00","FISCAL_YEAR":"12-31","CURRENCY":"HKD","IS_CNY_CODE":0,"DPS_HKD_LY":null,"ORG_TYPE":"一般企业","PREMIUM_INCOME":null,"PREMIUM_INCOME_YOY":null,"NET_INTEREST_INCOME":null,"NET_INTEREST_INCOME_YOY":null,"FEE_COMMISSION_INCOME":null,"FEE_COMMISSION_INCOME_YOY":null,"ACCOUNTS_RECE_TDAYS":80.572035002793,"INVENTORY_TDAYS":1.30026745197,"CURRENT_ASSETS_TDAYS":0.687825235028,"TOTAL_ASSETS_TDAYS":0.137953824123,"PREMIUM_EXPENSE":null,"LOAN_DEPOSIT":null,"LOAN_EQUITY":null,"LOAN_ASSETS":null,"DEPOSIT_EQUITY":null,"DEPOSIT_ASSETS":null,"EQUITY_MULTIPLIER":1.606401605536,"EQUITY_RATIO":0.606401605536},{"SECUCODE":"01431.HK","SECURITY_CODE":"01431","SECURITY_NAME_ABBR":"原生态牧业","ORG_CODE":"10351401","STD_REPORT_DATE":"2022-12-31 00:00:00","REPORT_DATE":"2022-12-31 00:00:00","DATE_TYPE_CODE":"001","REPORT_TYPE":"2022年年报","PER_NETCASH_OPERATE":0.170494960832,"PER_OI":0.445654963087,"BPS":1.084776016457,"BASIC_EPS":0.0049,"DILUTED_EPS":0.0049,"OPERATE_INCOME":2090343000,"OPERATE_INCOME_YOY":17.6638495771,"GROSS_PROFIT":521715000,"GROSS_PROFIT_YOY":8.843686434048,"HOLDER_PROFIT":22841000,"HOLDER_PROFIT_YOY":-85.4506656475,"GROSS_PROFIT_RATIO":24.958344156916,"EPS_TTM":0.004869633841,"OPERATE_INCOME_QOQ":7.299754534339,"NET_PROFIT_RATIO":1.0926914865,"ROE_AVG":0.450471238552,"GROSS_PROFIT_QOQ":-0.148328197669,"ROA":0.312256807676,"HOLDER_PROFIT_QOQ":-79.536454693687,"ROE_YEARLY":0.450471238552,"ROIC_YEARLY":0.355182060546,"TOTAL_ASSETS":7941310000,"TOTAL_LIABILITIES":2853172000,"TAX_EBT":null,"OCF_SALES":38.257166407618,"TOTAL_PARENT_EQUITY":5088138000,"DEBT_ASSET_RATIO":35.9282284661,"OPERATE_PROFIT":33037000,"PRETAX_PROFIT":22841000,"NETCASH_OPERATE":799706000,"NETCASH_INVEST":-1794299000,"NETCASH_FINANCE":611558000,"END_CASH":576309000,"DIVI_RATIO":null,"DIVIDEND_RATE":null,"CURRENT_RATIO":0.980352974741,"COMMON_ACS":50000000000,"CURRENTDEBT_DEBT":58.230699025506,"ISSUED_COMMON_SHARES":4690496400,"HK_COMMON_SHARES":4690496400,"PER_SHARES":1000,"TOTAL_MARKET_CAP":750479424,"HKSK_MARKET_CAP":750479424,"PE_TTM":14.184424351892,"PB_TTM":0.139910793544,"REPORT_DATE_SQ":"2021-12-31 00:00:00","REPORT_TYPE_SQ":"2021年年报","OPERATE_INCOME_SQ":1776538000,"DPS_HKD":null,"OPERATE_INCOME_QOQ_SQ":8.312741244475,"NET_PROFIT_RATIO_SQ":8.8368500983,"HOLDER_PROFIT_SQ":156990000,"HOLDER_PROFIT_QOQ_SQ":-71.56307964294,"ROE_AVG_SQ":3.155801808651,"PE_TTM_SQ":-1.731129088649,"PB_TTM_SQ":0.106760652221,"ROA_SQ":2.51754939923,"START_DATE":"2022-01-01 00:00:00","FISCAL_YEAR":"12-31","CURRENCY":"HKD","IS_CNY_CODE":0,"DPS_HKD_LY":null,"ORG_TYPE":"一般企业","PREMIUM_INCOME":null,"PREMIUM_INCOME_YOY":null,"NET_INTEREST_INCOME":null,"NET_INTEREST_INCOME_YOY":null,"FEE_COMMISSION_INCOME":null,"FEE_COMMISSION_INCOME_YOY":null,"ACCOUNTS_RECE_TDAYS":52.993193139902,"INVENTORY_TDAYS":2.357332531841,"CURRENT_ASSETS_TDAYS":1.310692998286,"TOTAL_ASSETS_TDAYS":0.28576850056,"PREMIUM_EXPENSE":null,"LOAN_DEPOSIT":null,"LOAN_EQUITY":null,"LOAN_ASSETS":null,"DEPOSIT_EQUITY":null,"DEPOSIT_ASSETS":null,"EQUITY_MULTIPLIER":1.560749728093,"EQUITY_RATIO":0.560749728093},{"SECUCODE":"01431.HK","SECURITY_CODE":"01431","SECURITY_NAME_ABBR":"原生态牧业","ORG_CODE":"10351401","STD_REPORT_DATE":"2022-06-30 00:00:00","REPORT_DATE":"2022-06-30 00:00:00","DATE_TYPE_CODE":"002","REPORT_TYPE":"2022年中报","PER_NETCASH_OPERATE":0.142587253665,"PER_OI":0.215123286311,"BPS":1.089188982215,"BASIC_EPS":0.011,"DILUTED_EPS":0.011,"OPERATE_INCOME":1009035000,"OPERATE_INCOME_YOY":20.4905670741,"GROSS_PROFIT":272128000,"GROSS_PROFIT_YOY":18.852390997672,"HOLDER_PROFIT":52660000,"HOLDER_PROFIT_YOY":-46.2828464175,"GROSS_PROFIT_RATIO":26.969133875435,"EPS_TTM":0.023796628434,"OPERATE_INCOME_QOQ":9.659010952763,"NET_PROFIT_RATIO":5.2188477109,"ROE_AVG":1.036447382729,"GROSS_PROFIT_QOQ":9.005372137902,"ROA":0.762479852056,"HOLDER_PROFIT_QOQ":-28.901203898337,"ROE_YEARLY":2.072894765459,"ROIC_YEARLY":1.761209756453,"TOTAL_ASSETS":7124509000,"TOTAL_LIABILITIES":2015672000,"TAX_EBT":null,"OCF_SALES":66.281645334404,"TOTAL_PARENT_EQUITY":5108837000,"DEBT_ASSET_RATIO":28.2920830053,"OPERATE_PROFIT":55219000,"PRETAX_PROFIT":52660000,"NETCASH_OPERATE":668805000,"NETCASH_INVEST":-877549000,"NETCASH_FINANCE":126913000,"END_CASH":878620000,"DIVI_RATIO":null,"DIVIDEND_RATE":null,"CURRENT_RATIO":1.016743109861,"COMMON_ACS":50000000000,"CURRENTDEBT_DEBT":62.909243170516,"ISSUED_COMMON_SHARES":4690496400,"HK_COMMON_SHARES":4690496400,"PER_SHARES":1000,"TOTAL_MARKET_CAP":750479424,"HKSK_MARKET_CAP":750479424,"PE_TTM":14.184424351892,"PB_TTM":0.139910793544,"REPORT_DATE_SQ":"2021-06-30 00:00:00","REPORT_TYPE_SQ":"2021年中报","OPERATE_INCOME_SQ":837439000,"DPS_HKD":null,"OPERATE_INCOME_QOQ_SQ":5.545710071737,"NET_PROFIT_RATIO_SQ":11.7061660611,"HOLDER_PROFIT_SQ":98032000,"HOLDER_PROFIT_QOQ_SQ":-4.479099439226,"ROE_AVG_SQ":1.982261116678,"PE_TTM_SQ":-1.731129088649,"PB_TTM_SQ":0.106760652221,"ROA_SQ":1.685077433684,"START_DATE":"2022-01-01 00:00:00","FISCAL_YEAR":"12-31","CURRENCY":"HKD","IS_CNY_CODE":0,"DPS_HKD_LY":null,"ORG_TYPE":"一般企业","PREMIUM_INCOME":null,"PREMIUM_INCOME_YOY":null,"NET_INTEREST_INCOME":null,"NET_INTEREST_INCOME_YOY":null,"FEE_COMMISSION_INCOME":null,"FEE_COMMISSION_INCOME_YOY":null,"ACCOUNTS_RECE_TDAYS":15.694321310252,"INVENTORY_TDAYS":1.724136156095,"CURRENT_ASSETS_TDAYS":0.708052253707,"TOTAL_ASSETS_TDAYS":0.146101188287,"PREMIUM_EXPENSE":null,"LOAN_DEPOSIT":null,"LOAN_EQUITY":null,"LOAN_ASSETS":null,"DEPOSIT_EQUITY":null,"DEPOSIT_ASSETS":null,"EQUITY_MULTIPLIER":1.394546156004,"EQUITY_RATIO":0.394546156004},{"SECUCODE":"01431.HK","SECURITY_CODE":"01431","SECURITY_NAME_ABBR":"原生态牧业","ORG_CODE":"10351401","STD_REPORT_DATE":"2021-12-31 00:00:00","REPORT_DATE":"2021-12-31 00:00:00","DATE_TYPE_CODE":"001","REPORT_TYPE":"2021年年报","PER_NETCASH_OPERATE":0.153524688773,"PER_OI":0.378752662511,"BPS":1.077241632677,"BASIC_EPS":0.0335,"DILUTED_EPS":0.0335,"OPERATE_INCOME":1776538000,"OPERATE_INCOME_YOY":14.3194518446,"GROSS_PROFIT":479325000,"GROSS_PROFIT_YOY":3.463348299085,"HOLDER_PROFIT":156990000,"HOLDER_PROFIT_YOY":-72.8367975832,"GROSS_PROFIT_RATIO":26.980847018189,"EPS_TTM":0.03346980503,"OPERATE_INCOME_QOQ":8.312741244475,"NET_PROFIT_RATIO":8.8368500983,"ROE_AVG":3.155801808651,"GROSS_PROFIT_QOQ":0.893108979082,"ROA":2.51754939923,"HOLDER_PROFIT_QOQ":-71.56307964294,"ROE_YEARLY":3.155801808651,"ROIC_YEARLY":2.995232697661,"TOTAL_ASSETS":6688315000,"TOTAL_LIABILITIES":1635517000,"TAX_EBT":null,"OCF_SALES":40.534286347942,"TOTAL_PARENT_EQUITY":5052798000,"DEBT_ASSET_RATIO":24.4533488629,"OPERATE_PROFIT":160522000,"PRETAX_PROFIT":156990000,"NETCASH_OPERATE":720107000,"NETCASH_INVEST":-627163000,"NETCASH_FINANCE":-13398000,"END_CASH":959411000,"DIVI_RATIO":null,"DIVIDEND_RATE":null,"CURRENT_RATIO":1.599182016661,"COMMON_ACS":50000000000,"CURRENTDEBT_DEBT":59.678927213841,"ISSUED_COMMON_SHARES":4690496400,"HK_COMMON_SHARES":4690496400,"PER_SHARES":1000,"TOTAL_MARKET_CAP":750479424,"HKSK_MARKET_CAP":750479424,"PE_TTM":14.184424351892,"PB_TTM":0.139910793544,"REPORT_DATE_SQ":"2020-12-31 00:00:00","REPORT_TYPE_SQ":"2020年年报","OPERATE_INCOME_SQ":1554012000,"DPS_HKD":null,"OPERATE_INCOME_QOQ_SQ":4.756826499363,"NET_PROFIT_RATIO_SQ":37.1908968528,"HOLDER_PROFIT_SQ":577951000,"HOLDER_PROFIT_QOQ_SQ":84.557487506187,"ROE_AVG_SQ":12.543744047728,"PE_TTM_SQ":-1.731129088649,"PB_TTM_SQ":0.106760652221,"ROA_SQ":10.758161981583,"START_DATE":"2021-01-01 00:00:00","FISCAL_YEAR":"12-31","CURRENCY":"HKD","IS_CNY_CODE":0,"DPS_HKD_LY":null,"ORG_TYPE":"一般企业","PREMIUM_INCOME":null,"PREMIUM_INCOME_YOY":null,"NET_INTEREST_INCOME":null,"NET_INTEREST_INCOME_YOY":null,"FEE_COMMISSION_INCOME":null,"FEE_COMMISSION_INCOME_YOY":null,"ACCOUNTS_RECE_TDAYS":19.314604420574,"INVENTORY_TDAYS":3.017076126217,"CURRENT_ASSETS_TDAYS":1.16706356271,"TOTAL_ASSETS_TDAYS":0.284892169858,"PREMIUM_EXPENSE":null,"LOAN_DEPOSIT":null,"LOAN_EQUITY":null,"LOAN_ASSETS":null,"DEPOSIT_EQUITY":null,"DEPOSIT_ASSETS":null,"EQUITY_MULTIPLIER":1.323685411528,"EQUITY_RATIO":0.323685411528},{"SECUCODE":"01431.HK","SECURITY_CODE":"01431","SECURITY_NAME_ABBR":"原生态牧业","ORG_CODE":"10351401","STD_REPORT_DATE":"2021-06-30 00:00:00","REPORT_DATE":"2021-06-30 00:00:00","DATE_TYPE_CODE":"002","REPORT_TYPE":"2021年中报","PER_NETCASH_OPERATE":0.067322938357,"PER_OI":0.178539525156,"BPS":1.064797960404,"BASIC_EPS":0.021,"DILUTED_EPS":0.021,"OPERATE_INCOME":837439000,"OPERATE_INCOME_YOY":11.4715583728,"GROSS_PROFIT":228963000,"GROSS_PROFIT_YOY":5.434677497341,"HOLDER_PROFIT":98032000,"HOLDER_PROFIT_YOY":-20.8902589595,"GROSS_PROFIT_RATIO":27.34085706541,"EPS_TTM":0.117698416739,"OPERATE_INCOME_QOQ":5.545710071737,"NET_PROFIT_RATIO":11.7061660611,"ROE_AVG":1.982261116678,"GROSS_PROFIT_QOQ":2.547487480573,"ROA":1.685077433684,"HOLDER_PROFIT_QOQ":-4.479099439226,"ROE_YEARLY":3.964522233356,"ROIC_YEARLY":4.106863837912,"TOTAL_ASSETS":5851974000,"TOTAL_LIABILITIES":857543000,"TAX_EBT":null,"OCF_SALES":37.707582283605,"TOTAL_PARENT_EQUITY":4994431000,"DEBT_ASSET_RATIO":14.6539099456,"OPERATE_PROFIT":118297000,"PRETAX_PROFIT":98032000,"NETCASH_OPERATE":315778000,"NETCASH_INVEST":-125333000,"NETCASH_FINANCE":-14674000,"END_CASH":1057615000,"DIVI_RATIO":null,"DIVIDEND_RATE":null,"CURRENT_RATIO":2.628627327448,"COMMON_ACS":50000000000,"CURRENTDEBT_DEBT":61.451379114517,"ISSUED_COMMON_SHARES":4690496400,"HK_COMMON_SHARES":4690496400,"PER_SHARES":1000,"TOTAL_MARKET_CAP":750479424,"HKSK_MARKET_CAP":750479424,"PE_TTM":14.184424351892,"PB_TTM":0.139910793544,"REPORT_DATE_SQ":"2020-06-30 00:00:00","REPORT_TYPE_SQ":"2020年中报","OPERATE_INCOME_SQ":751258000,"DPS_HKD":null,"OPERATE_INCOME_QOQ_SQ":6.760440730905,"NET_PROFIT_RATIO_SQ":16.4948659449,"HOLDER_PROFIT_SQ":123919000,"HOLDER_PROFIT_QOQ_SQ":40.37789133943,"ROE_AVG_SQ":2.828820185046,"PE_TTM_SQ":-1.731129088649,"PB_TTM_SQ":0.106760652221,"ROA_SQ":2.440059836295,"START_DATE":"2021-01-01 00:00:00","FISCAL_YEAR":"12-31","CURRENCY":"HKD","IS_CNY_CODE":0,"DPS_HKD_LY":null,"ORG_TYPE":"一般企业","PREMIUM_INCOME":null,"PREMIUM_INCOME_YOY":null,"NET_INTEREST_INCOME":null,"NET_INTEREST_INCOME_YOY":null,"FEE_COMMISSION_INCOME":null,"FEE_COMMISSION_INCOME_YOY":null,"ACCOUNTS_RECE_TDAYS":6.003340609554,"INVENTORY_TDAYS":2.487382728666,"CURRENT_ASSETS_TDAYS":0.583830380563,"TOTAL_ASSETS_TDAYS":0.143947849782,"PREMIUM_EXPENSE":null,"LOAN_DEPOSIT":null,"LOAN_EQUITY":null,"LOAN_ASSETS":null,"DEPOSIT_EQUITY":null,"DEPOSIT_ASSETS":null,"EQUITY_MULTIPLIER":1.171699839281,"EQUITY_RATIO":0.171699839281},{"SECUCODE":"01431.HK","SECURITY_CODE":"01431","SECURITY_NAME_ABBR":"原生态牧业","ORG_CODE":"10351401","STD_REPORT_DATE":"2020-12-31 00:00:00","REPORT_DATE":"2020-12-31 00:00:00","DATE_TYPE_CODE":"001","REPORT_TYPE":"2020年年报","PER_NETCASH_OPERATE":0.123897334193,"PER_OI":0.33131077555,"BPS":1.043918507218,"BASIC_EPS":0.1232,"DILUTED_EPS":0.1232,"OPERATE_INCOME":1554012000,"OPERATE_INCOME_YOY":11.8388496664,"GROSS_PROFIT":463280000,"GROSS_PROFIT_YOY":22.008901530115,"HOLDER_PROFIT":577951000,"HOLDER_PROFIT_YOY":159.0779092702,"GROSS_PROFIT_RATIO":29.811867604626,"EPS_TTM":0.123217448797,"OPERATE_INCOME_QOQ":4.756826499363,"NET_PROFIT_RATIO":37.1908968528,"ROE_AVG":12.543744047728,"GROSS_PROFIT_QOQ":9.680367242673,"ROA":10.758161981583,"HOLDER_PROFIT_QOQ":84.557487506187,"ROE_YEARLY":12.543744047728,"ROIC_YEARLY":13.278516135569,"TOTAL_ASSETS":5783337000,"TOTAL_LIABILITIES":886841000,"TAX_EBT":null,"OCF_SALES":37.396107623365,"TOTAL_PARENT_EQUITY":4896496000,"DEBT_ASSET_RATIO":15.3344167909,"OPERATE_PROFIT":195741000,"PRETAX_PROFIT":577951000,"NETCASH_OPERATE":581140000,"NETCASH_INVEST":-623548000,"NETCASH_FINANCE":-12878000,"END_CASH":892560000,"DIVI_RATIO":null,"DIVIDEND_RATE":null,"CURRENT_RATIO":2.353213068313,"COMMON_ACS":50000000000,"CURRENTDEBT_DEBT":71.088391267431,"ISSUED_COMMON_SHARES":4690496400,"HK_COMMON_SHARES":4690496400,"PER_SHARES":1000,"TOTAL_MARKET_CAP":750479424,"HKSK_MARKET_CAP":750479424,"PE_TTM":14.184424351892,"PB_TTM":0.139910793544,"REPORT_DATE_SQ":"2019-12-31 00:00:00","REPORT_TYPE_SQ":"2019年年报","OPERATE_INCOME_SQ":1389510000,"DPS_HKD":null,"OPERATE_INCOME_QOQ_SQ":13.860010963915,"NET_PROFIT_RATIO_SQ":16.0545803916,"HOLDER_PROFIT_SQ":223080000,"HOLDER_PROFIT_QOQ_SQ":147.552155386495,"ROE_AVG_SQ":5.304860017971,"PE_TTM_SQ":-1.731129088649,"PB_TTM_SQ":0.106760652221,"ROA_SQ":4.575305022899,"START_DATE":"2020-01-01 00:00:00","FISCAL_YEAR":"12-31","CURRENCY":"HKD","IS_CNY_CODE":0,"DPS_HKD_LY":null,"ORG_TYPE":"一般企业","PREMIUM_INCOME":null,"PREMIUM_INCOME_YOY":null,"NET_INTEREST_INCOME":null,"NET_INTEREST_INCOME_YOY":null,"FEE_COMMISSION_INCOME":null,"FEE_COMMISSION_INCOME_YOY":null,"ACCOUNTS_RECE_TDAYS":12.053986549903,"INVENTORY_TDAYS":3.565468242047,"CURRENT_ASSETS_TDAYS":1.064729796069,"TOTAL_ASSETS_TDAYS":0.289268689168,"PREMIUM_EXPENSE":null,"LOAN_DEPOSIT":null,"LOAN_EQUITY":null,"LOAN_ASSETS":null,"DEPOSIT_EQUITY":null,"DEPOSIT_ASSETS":null,"EQUITY_MULTIPLIER":1.181117476661,"EQUITY_RATIO":0.181117476661},{"SECUCODE":"01431.HK","SECURITY_CODE":"01431","SECURITY_NAME_ABBR":"原生态牧业","ORG_CODE":"10351401","STD_REPORT_DATE":"2020-06-30 00:00:00","REPORT_DATE":"2020-06-30 00:00:00","DATE_TYPE_CODE":"002","REPORT_TYPE":"2020年中报","PER_NETCASH_OPERATE":0.119780499139,"PER_OI":0.160165990107,"BPS":0.947172030662,"BASIC_EPS":0.026,"DILUTED_EPS":0.026,"OPERATE_INCOME":751258000,"OPERATE_INCOME_YOY":14.2908867966,"GROSS_PROFIT":217161000,"GROSS_PROFIT_YOY":24.461829436039,"HOLDER_PROFIT":123919000,"HOLDER_PROFIT_YOY":266.1476184848,"GROSS_PROFIT_RATIO":28.906314475187,"EPS_TTM":0.066763722492,"OPERATE_INCOME_QOQ":6.760440730905,"NET_PROFIT_RATIO":16.4948659449,"ROE_AVG":2.828820185046,"GROSS_PROFIT_QOQ":11.240420320771,"ROA":2.440059836295,"HOLDER_PROFIT_QOQ":40.37789133943,"ROE_YEARLY":5.657640370092,"ROIC_YEARLY":6.211876474797,"TOTAL_ASSETS":5195964000,"TOTAL_LIABILITIES":753257000,"TAX_EBT":null,"OCF_SALES":74.785226912725,"TOTAL_PARENT_EQUITY":4442707000,"DEBT_ASSET_RATIO":14.4969634124,"OPERATE_PROFIT":123919000,"PRETAX_PROFIT":123919000,"NETCASH_OPERATE":561830000,"NETCASH_INVEST":-411526000,"NETCASH_FINANCE":-12648000,"END_CASH":1167775000,"DIVI_RATIO":null,"DIVIDEND_RATE":null,"CURRENT_RATIO":2.624639190805,"COMMON_ACS":50000000000,"CURRENTDEBT_DEBT":75.704042577766,"ISSUED_COMMON_SHARES":4690496400,"HK_COMMON_SHARES":4690496400,"PER_SHARES":1000,"TOTAL_MARKET_CAP":750479424,"HKSK_MARKET_CAP":750479424,"PE_TTM":14.184424351892,"PB_TTM":0.139910793544,"REPORT_DATE_SQ":"2019-06-30 00:00:00","REPORT_TYPE_SQ":"2019年中报","OPERATE_INCOME_SQ":657321000,"DPS_HKD":null,"OPERATE_INCOME_QOQ_SQ":10.988161488322,"NET_PROFIT_RATIO_SQ":5.1487781464,"HOLDER_PROFIT_SQ":33844000,"HOLDER_PROFIT_QOQ_SQ":15.672112641624,"ROE_AVG_SQ":0.823388475675,"PE_TTM_SQ":-1.731129088649,"PB_TTM_SQ":0.106760652221,"ROA_SQ":0.7077086375,"START_DATE":"2020-01-01 00:00:00","FISCAL_YEAR":"12-31","CURRENCY":"HKD","IS_CNY_CODE":0,"DPS_HKD_LY":null,"ORG_TYPE":"一般企业","PREMIUM_INCOME":null,"PREMIUM_INCOME_YOY":null,"NET_INTEREST_INCOME":null,"NET_INTEREST_INCOME_YOY":null,"FEE_COMMISSION_INCOME":null,"FEE_COMMISSION_INCOME_YOY":null,"ACCOUNTS_RECE_TDAYS":5.721058984347,"INVENTORY_TDAYS":2.227943093484,"CURRENT_ASSETS_TDAYS":0.512419169082,"TOTAL_ASSETS_TDAYS":0.147928442974,"PREMIUM_EXPENSE":null,"LOAN_DEPOSIT":null,"LOAN_EQUITY":null,"LOAN_ASSETS":null,"DEPOSIT_EQUITY":null,"DEPOSIT_ASSETS":null,"EQUITY_MULTIPLIER":1.169549105985,"EQUITY_RATIO":0.169549105984}],"count":27},"success":true,"message":"ok","code":0}