{"version":"8a50f589077b1e8312d2c9b0496c2738","result":{"pages":2,"data":[{"SECUCODE":"01433.HK","SECURITY_CODE":"01433","SECURITY_NAME_ABBR":"常达控股","ORG_CODE":"10000031846","STD_REPORT_DATE":"2024-06-30 00:00:00","REPORT_DATE":"2024-06-30 00:00:00","DATE_TYPE_CODE":"002","REPORT_TYPE":"2024年中报","PER_NETCASH_OPERATE":0.01592717868,"PER_OI":0.12071060046,"BPS":0.099245933532,"BASIC_EPS":0.014237808,"DILUTED_EPS":0.014237808,"OPERATE_INCOME":241421200.92,"OPERATE_INCOME_YOY":65.0613085395,"GROSS_PROFIT":113331126.32,"GROSS_PROFIT_YOY":95.342876574389,"HOLDER_PROFIT":28559582.56,"HOLDER_PROFIT_YOY":266.7928148819,"GROSS_PROFIT_RATIO":46.943319761529,"EPS_TTM":0.01129437231,"OPERATE_INCOME_QOQ":27.762521784118,"NET_PROFIT_RATIO":11.8297740427,"ROE_AVG":15.213295833262,"GROSS_PROFIT_QOQ":37.550112741189,"ROA":8.257096189418,"HOLDER_PROFIT_QOQ":197.080294642924,"ROE_YEARLY":30.426591666525,"ROIC_YEARLY":18.76525441516,"TOTAL_ASSETS":354591695.56,"TOTAL_LIABILITIES":157137940.96,"TAX_EBT":17.321919255971,"OCF_SALES":13.194515327821,"TOTAL_PARENT_EQUITY":197453754.6,"DEBT_ASSET_RATIO":44.3151779716,"OPERATE_PROFIT":35505990.04,"PRETAX_PROFIT":34543112.64,"NETCASH_OPERATE":31854357.36,"NETCASH_INVEST":4789744.64,"NETCASH_FINANCE":-11118267.76,"END_CASH":55769311.4,"DIVI_RATIO":null,"DIVIDEND_RATE":null,"CURRENT_RATIO":1.273708142775,"COMMON_ACS":5000000000,"CURRENTDEBT_DEBT":88.390679088354,"ISSUED_COMMON_SHARES":1989540000,"HK_COMMON_SHARES":1989540000,"PER_SHARES":10000,"TOTAL_MARKET_CAP":155184120,"HKSK_MARKET_CAP":155184120,"PE_TTM":6.366005661074,"PB_TTM":0.717299313596,"REPORT_DATE_SQ":"2023-06-30 00:00:00","REPORT_TYPE_SQ":"2023年中报","OPERATE_INCOME_SQ":147751904.9,"DPS_HKD":null,"OPERATE_INCOME_QOQ_SQ":-9.392090144911,"NET_PROFIT_RATIO_SQ":-11.7069670213,"HOLDER_PROFIT_SQ":-17297266.78,"HOLDER_PROFIT_QOQ_SQ":-224.889934194317,"ROE_AVG_SQ":-8.414740260323,"PE_TTM_SQ":-4.523132592401,"PB_TTM_SQ":0.338740273315,"ROA_SQ":-4.961855783256,"START_DATE":"2024-01-01 00:00:00","FISCAL_YEAR":"12-31","CURRENCY":"HKD","IS_CNY_CODE":0,"DPS_HKD_LY":null,"ORG_TYPE":"一般企业","PREMIUM_INCOME":null,"PREMIUM_INCOME_YOY":null,"NET_INTEREST_INCOME":null,"NET_INTEREST_INCOME_YOY":null,"FEE_COMMISSION_INCOME":null,"FEE_COMMISSION_INCOME_YOY":null,"ACCOUNTS_RECE_TDAYS":5.82236994156,"INVENTORY_TDAYS":2.084295569136,"CURRENT_ASSETS_TDAYS":1.408533127438,"TOTAL_ASSETS_TDAYS":0.697992722398,"PREMIUM_EXPENSE":null,"LOAN_DEPOSIT":null,"LOAN_EQUITY":null,"LOAN_ASSETS":null,"DEPOSIT_EQUITY":null,"DEPOSIT_ASSETS":null,"EQUITY_MULTIPLIER":1.795821488825,"EQUITY_RATIO":0.795821488826},{"SECUCODE":"01433.HK","SECURITY_CODE":"01433","SECURITY_NAME_ABBR":"常达控股","ORG_CODE":"10000031846","STD_REPORT_DATE":"2023-12-31 00:00:00","REPORT_DATE":"2023-12-31 00:00:00","DATE_TYPE_CODE":"001","REPORT_TYPE":"2023年年报","PER_NETCASH_OPERATE":0.00962949372,"PER_OI":0.1686973841,"BPS":0.088835559496,"BASIC_EPS":-0.011599616,"DILUTED_EPS":-0.011599616,"OPERATE_INCOME":337394768.2,"OPERATE_INCOME_YOY":-8.8753022723,"GROSS_PROFIT":147308779.66,"GROSS_PROFIT_YOY":-4.927140583285,"HOLDER_PROFIT":-23268104.72,"HOLDER_PROFIT_YOY":-304.4593088071,"GROSS_PROFIT_RATIO":43.660659128146,"EPS_TTM":-0.01163405236,"OPERATE_INCOME_QOQ":2.028354513896,"NET_PROFIT_RATIO":-6.8964035347,"ROE_AVG":-11.82430254299,"GROSS_PROFIT_QOQ":5.770481621183,"ROA":-6.717140270925,"HOLDER_PROFIT_QOQ":-66.084975027825,"ROE_YEARLY":-11.82430254299,"ROIC_YEARLY":-7.687321578003,"TOTAL_ASSETS":334780323.5,"TOTAL_LIABILITIES":158038424.46,"TAX_EBT":-30.666666666667,"OCF_SALES":5.708146437109,"TOTAL_PARENT_EQUITY":176741899.04,"DEBT_ASSET_RATIO":47.2066048589,"OPERATE_PROFIT":-14461458.76,"PRETAX_PROFIT":-17807223,"NETCASH_OPERATE":19258987.44,"NETCASH_INVEST":-28212441.04,"NETCASH_FINANCE":-19074118.56,"END_CASH":31011754.62,"DIVI_RATIO":null,"DIVIDEND_RATE":null,"CURRENT_RATIO":1.186720989299,"COMMON_ACS":5000000000,"CURRENTDEBT_DEBT":87.824052570917,"ISSUED_COMMON_SHARES":1989540000,"HK_COMMON_SHARES":1989540000,"PER_SHARES":10000,"TOTAL_MARKET_CAP":95497920,"HKSK_MARKET_CAP":95497920,"PE_TTM":3.917541945276,"PB_TTM":0.441414962213,"REPORT_DATE_SQ":"2022-12-31 00:00:00","REPORT_TYPE_SQ":"2022年年报","OPERATE_INCOME_SQ":364965110.44,"DPS_HKD":null,"OPERATE_INCOME_QOQ_SQ":4.794549416284,"NET_PROFIT_RATIO_SQ":3.0736320649,"HOLDER_PROFIT_SQ":11217684.66,"HOLDER_PROFIT_QOQ_SQ":-39.046819194008,"ROE_AVG_SQ":5.136973693361,"PE_TTM_SQ":-4.91082967175,"PB_TTM_SQ":0.367775153885,"ROA_SQ":3.154899854917,"START_DATE":"2023-01-01 00:00:00","FISCAL_YEAR":"12-31","CURRENCY":"HKD","IS_CNY_CODE":0,"DPS_HKD_LY":0.002,"ORG_TYPE":"一般企业","PREMIUM_INCOME":null,"PREMIUM_INCOME_YOY":null,"NET_INTEREST_INCOME":null,"NET_INTEREST_INCOME_YOY":null,"FEE_COMMISSION_INCOME":null,"FEE_COMMISSION_INCOME_YOY":null,"ACCOUNTS_RECE_TDAYS":8.477486195708,"INVENTORY_TDAYS":3.019802621634,"CURRENT_ASSETS_TDAYS":1.920836622349,"TOTAL_ASSETS_TDAYS":0.974006268215,"PREMIUM_EXPENSE":null,"LOAN_DEPOSIT":null,"LOAN_EQUITY":null,"LOAN_ASSETS":null,"DEPOSIT_EQUITY":null,"DEPOSIT_ASSETS":null,"EQUITY_MULTIPLIER":1.894176340293,"EQUITY_RATIO":0.894176340293},{"SECUCODE":"01433.HK","SECURITY_CODE":"01433","SECURITY_NAME_ABBR":"常达控股","ORG_CODE":"10000031846","STD_REPORT_DATE":"2023-06-30 00:00:00","REPORT_DATE":"2023-06-30 00:00:00","DATE_TYPE_CODE":"002","REPORT_TYPE":"2023年中报","PER_NETCASH_OPERATE":-0.00139772168,"PER_OI":0.07387595245,"BPS":0.095763504649,"BASIC_EPS":-0.008666612,"DILUTED_EPS":-0.008666612,"OPERATE_INCOME":147751904.9,"OPERATE_INCOME_YOY":-24.71095075,"GROSS_PROFIT":58016513.48,"GROSS_PROFIT_YOY":-21.266760684807,"HOLDER_PROFIT":-17297266.78,"HOLDER_PROFIT_YOY":-302.3185592581,"GROSS_PROFIT_RATIO":39.266169542292,"EPS_TTM":-0.007004879495,"OPERATE_INCOME_QOQ":-9.392090144911,"NET_PROFIT_RATIO":-11.7069670213,"ROE_AVG":-8.414740260323,"GROSS_PROFIT_QOQ":-10.113995928261,"ROA":-4.961855783256,"HOLDER_PROFIT_QOQ":-224.889934194317,"ROE_YEARLY":-16.829480520646,"ROIC_YEARLY":-11.352328510162,"TOTAL_ASSETS":332965701.16,"TOTAL_LIABILITIES":142440378.12,"TAX_EBT":-3.841257541374,"OCF_SALES":-1.891984649465,"TOTAL_PARENT_EQUITY":190525323.04,"DEBT_ASSET_RATIO":42.7792945711,"OPERATE_PROFIT":-14854019.78,"PRETAX_PROFIT":-16657412.66,"NETCASH_OPERATE":-2795443.36,"NETCASH_INVEST":-19198389.54,"NETCASH_FINANCE":-4475290.92,"END_CASH":33984182.8,"DIVI_RATIO":null,"DIVIDEND_RATE":null,"CURRENT_RATIO":1.227734565077,"COMMON_ACS":5000000000,"CURRENTDEBT_DEBT":89.123849469882,"ISSUED_COMMON_SHARES":1989540000,"HK_COMMON_SHARES":1989540000,"PER_SHARES":10000,"TOTAL_MARKET_CAP":95497920,"HKSK_MARKET_CAP":95497920,"PE_TTM":3.917541945276,"PB_TTM":0.441414962213,"REPORT_DATE_SQ":"2022-06-30 00:00:00","REPORT_TYPE_SQ":"2022年中报","OPERATE_INCOME_SQ":182029757.07,"DPS_HKD":null,"OPERATE_INCOME_QOQ_SQ":17.502792095699,"NET_PROFIT_RATIO_SQ":4.3565277445,"HOLDER_PROFIT_SQ":7930176.87,"HOLDER_PROFIT_QOQ_SQ":50.223614174101,"ROE_AVG_SQ":3.736769888235,"PE_TTM_SQ":-4.91082967175,"PB_TTM_SQ":0.367775153885,"ROA_SQ":2.344090669518,"START_DATE":"2023-01-01 00:00:00","FISCAL_YEAR":"12-31","CURRENCY":"HKD","IS_CNY_CODE":0,"DPS_HKD_LY":0.002,"ORG_TYPE":"一般企业","PREMIUM_INCOME":null,"PREMIUM_INCOME_YOY":null,"NET_INTEREST_INCOME":null,"NET_INTEREST_INCOME_YOY":null,"FEE_COMMISSION_INCOME":null,"FEE_COMMISSION_INCOME_YOY":null,"ACCOUNTS_RECE_TDAYS":4.185132470653,"INVENTORY_TDAYS":1.370126625045,"CURRENT_ASSETS_TDAYS":0.854818706744,"TOTAL_ASSETS_TDAYS":0.42383785435,"PREMIUM_EXPENSE":null,"LOAN_DEPOSIT":null,"LOAN_EQUITY":null,"LOAN_ASSETS":null,"DEPOSIT_EQUITY":null,"DEPOSIT_ASSETS":null,"EQUITY_MULTIPLIER":1.747619139793,"EQUITY_RATIO":0.747619139793},{"SECUCODE":"01433.HK","SECURITY_CODE":"01433","SECURITY_NAME_ABBR":"常达控股","ORG_CODE":"10000031846","STD_REPORT_DATE":"2022-12-31 00:00:00","REPORT_DATE":"2022-12-31 00:00:00","DATE_TYPE_CODE":"001","REPORT_TYPE":"2022年年报","PER_NETCASH_OPERATE":0.02155103202,"PER_OI":0.18248255522,"BPS":0.107423716135,"BASIC_EPS":0.005627601,"DILUTED_EPS":0.005627601,"OPERATE_INCOME":364965110.44,"OPERATE_INCOME_YOY":12.7054753898,"GROSS_PROFIT":154943041.12,"GROSS_PROFIT_YOY":19.935187906436,"HOLDER_PROFIT":11217684.66,"HOLDER_PROFIT_YOY":-16.1906033102,"GROSS_PROFIT_RATIO":42.454206357753,"EPS_TTM":0.00560884233,"OPERATE_INCOME_QOQ":4.794549416284,"NET_PROFIT_RATIO":3.0736320649,"ROE_AVG":5.136973693361,"GROSS_PROFIT_QOQ":5.34218872358,"ROA":3.154899854917,"HOLDER_PROFIT_QOQ":-39.046819194008,"ROE_YEARLY":5.136973693361,"ROIC_YEARLY":3.976133069693,"TOTAL_ASSETS":352901499.09,"TOTAL_LIABILITIES":139177718.89,"TAX_EBT":33.116744780571,"OCF_SALES":11.809913552569,"TOTAL_PARENT_EQUITY":213723780.2,"DEBT_ASSET_RATIO":39.4381206226,"OPERATE_PROFIT":18739911.33,"PRETAX_PROFIT":16772037.52,"NETCASH_OPERATE":43102064.04,"NETCASH_INVEST":-61170236.33,"NETCASH_FINANCE":-12447717.45,"END_CASH":59264891.42,"DIVI_RATIO":null,"DIVIDEND_RATE":null,"CURRENT_RATIO":1.519299591945,"COMMON_ACS":5000000000,"CURRENTDEBT_DEBT":86.980045825926,"ISSUED_COMMON_SHARES":1989540000,"HK_COMMON_SHARES":1989540000,"PER_SHARES":10000,"TOTAL_MARKET_CAP":95497920,"HKSK_MARKET_CAP":95497920,"PE_TTM":3.917541945276,"PB_TTM":0.441414962213,"REPORT_DATE_SQ":"2021-12-31 00:00:00","REPORT_TYPE_SQ":"2021年年报","OPERATE_INCOME_SQ":296390628.8,"DPS_HKD":null,"OPERATE_INCOME_QOQ_SQ":21.340934246628,"NET_PROFIT_RATIO_SQ":4.1333690102,"HOLDER_PROFIT_SQ":12250918.4,"HOLDER_PROFIT_QOQ_SQ":-12.348230318372,"ROE_AVG_SQ":6.168895329688,"PE_TTM_SQ":-4.91082967175,"PB_TTM_SQ":0.367775153885,"ROA_SQ":3.929095867422,"START_DATE":"2022-01-01 00:00:00","FISCAL_YEAR":"12-31","CURRENCY":"HKD","IS_CNY_CODE":0,"DPS_HKD_LY":0.0025,"ORG_TYPE":"一般企业","PREMIUM_INCOME":null,"PREMIUM_INCOME_YOY":null,"NET_INTEREST_INCOME":null,"NET_INTEREST_INCOME_YOY":null,"FEE_COMMISSION_INCOME":null,"FEE_COMMISSION_INCOME_YOY":null,"ACCOUNTS_RECE_TDAYS":8.457734306267,"INVENTORY_TDAYS":3.512601777844,"CURRENT_ASSETS_TDAYS":1.84762598159,"TOTAL_ASSETS_TDAYS":1.026440311772,"PREMIUM_EXPENSE":null,"LOAN_DEPOSIT":null,"LOAN_EQUITY":null,"LOAN_ASSETS":null,"DEPOSIT_EQUITY":null,"DEPOSIT_ASSETS":null,"EQUITY_MULTIPLIER":1.651203711444,"EQUITY_RATIO":0.651203711444},{"SECUCODE":"01433.HK","SECURITY_CODE":"01433","SECURITY_NAME_ABBR":"常达控股","ORG_CODE":"10000031846","STD_REPORT_DATE":"2022-06-30 00:00:00","REPORT_DATE":"2022-06-30 00:00:00","DATE_TYPE_CODE":"002","REPORT_TYPE":"2022年中报","PER_NETCASH_OPERATE":0.01123976217,"PER_OI":0.091014878535,"BPS":0.106018646295,"BASIC_EPS":0.003933874,"DILUTED_EPS":0.003933874,"OPERATE_INCOME":182029757.07,"OPERATE_INCOME_YOY":36.0787372378,"GROSS_PROFIT":73687446.35,"GROSS_PROFIT_YOY":32.077743539258,"HOLDER_PROFIT":7930176.87,"HOLDER_PROFIT_YOY":334.1292134831,"GROSS_PROFIT_RATIO":40.480989227307,"EPS_TTM":0.009201886195,"OPERATE_INCOME_QOQ":17.502792095699,"NET_PROFIT_RATIO":4.3565277445,"ROE_AVG":3.736769888235,"GROSS_PROFIT_QOQ":13.852948528673,"ROA":2.344090669518,"HOLDER_PROFIT_QOQ":50.223614174101,"ROE_YEARLY":7.473539776471,"ROIC_YEARLY":6.248915469823,"TOTAL_ASSETS":333654944.07,"TOTAL_LIABILITIES":122726606.52,"TAX_EBT":30.377655980179,"OCF_SALES":12.349367873603,"TOTAL_PARENT_EQUITY":210928337.55,"DEBT_ASSET_RATIO":36.782493022,"OPERATE_PROFIT":12499457.04,"PRETAX_PROFIT":11390275.61,"NETCASH_OPERATE":22479524.34,"NETCASH_INVEST":-16767710.33,"NETCASH_FINANCE":-10793352.99,"END_CASH":81674920.95,"DIVI_RATIO":null,"DIVIDEND_RATE":null,"CURRENT_RATIO":1.816812021116,"COMMON_ACS":5000000000,"CURRENTDEBT_DEBT":84.214120467152,"ISSUED_COMMON_SHARES":1989540000,"HK_COMMON_SHARES":1989540000,"PER_SHARES":10000,"TOTAL_MARKET_CAP":95497920,"HKSK_MARKET_CAP":95497920,"PE_TTM":3.917541945276,"PB_TTM":0.441414962213,"REPORT_DATE_SQ":"2021-06-30 00:00:00","REPORT_TYPE_SQ":"2021年中报","OPERATE_INCOME_SQ":130153121.52,"DPS_HKD":null,"OPERATE_INCOME_QOQ_SQ":11.919252703577,"NET_PROFIT_RATIO_SQ":1.3655630071,"HOLDER_PROFIT_SQ":1777322.88,"HOLDER_PROFIT_QOQ_SQ":908.295877187993,"ROE_AVG_SQ":0.904239894505,"PE_TTM_SQ":-4.91082967175,"PB_TTM_SQ":0.367775153885,"ROA_SQ":0.593091977848,"START_DATE":"2022-01-01 00:00:00","FISCAL_YEAR":"12-31","CURRENCY":"HKD","IS_CNY_CODE":0,"DPS_HKD_LY":0.0025,"ORG_TYPE":"一般企业","PREMIUM_INCOME":null,"PREMIUM_INCOME_YOY":null,"NET_INTEREST_INCOME":null,"NET_INTEREST_INCOME_YOY":null,"FEE_COMMISSION_INCOME":null,"FEE_COMMISSION_INCOME_YOY":null,"ACCOUNTS_RECE_TDAYS":4.137929023416,"INVENTORY_TDAYS":2.056857110386,"CURRENT_ASSETS_TDAYS":0.933690691079,"TOTAL_ASSETS_TDAYS":0.538063982831,"PREMIUM_EXPENSE":null,"LOAN_DEPOSIT":null,"LOAN_EQUITY":null,"LOAN_ASSETS":null,"DEPOSIT_EQUITY":null,"DEPOSIT_ASSETS":null,"EQUITY_MULTIPLIER":1.581840296784,"EQUITY_RATIO":0.581840296783},{"SECUCODE":"01433.HK","SECURITY_CODE":"01433","SECURITY_NAME_ABBR":"常达控股","ORG_CODE":"10000031846","STD_REPORT_DATE":"2021-12-31 00:00:00","REPORT_DATE":"2021-12-31 00:00:00","DATE_TYPE_CODE":"001","REPORT_TYPE":"2021年年报","PER_NETCASH_OPERATE":0.0182091784,"PER_OI":0.1481953144,"BPS":0.102600059109,"BASIC_EPS":0.006132,"DILUTED_EPS":0.006132,"OPERATE_INCOME":296390628.8,"OPERATE_INCOME_YOY":39.7969257348,"GROSS_PROFIT":129188976,"GROSS_PROFIT_YOY":17.89573948367,"HOLDER_PROFIT":12250918.4,"HOLDER_PROFIT_YOY":809.7753491196,"GROSS_PROFIT_RATIO":43.587402382811,"EPS_TTM":0.0061254592,"OPERATE_INCOME_QOQ":21.340934246628,"NET_PROFIT_RATIO":4.1333690102,"ROE_AVG":6.168895329688,"GROSS_PROFIT_QOQ":15.489105401619,"ROA":3.929095867422,"HOLDER_PROFIT_QOQ":-12.348230318372,"ROE_YEARLY":6.168895329688,"ROIC_YEARLY":5.489891477185,"TOTAL_ASSETS":327880492.8,"TOTAL_LIABILITIES":123753571.2,"TAX_EBT":29.50032934977,"OCF_SALES":12.287283490523,"TOTAL_PARENT_EQUITY":204126921.6,"DEBT_ASSET_RATIO":37.743499207,"OPERATE_PROFIT":19219323.2,"PRETAX_PROFIT":17377270.4,"NETCASH_OPERATE":36418356.8,"NETCASH_INVEST":-28919329.6,"NETCASH_FINANCE":-17729656,"END_CASH":83477777.6,"DIVI_RATIO":null,"DIVIDEND_RATE":null,"CURRENT_RATIO":1.83819641024,"COMMON_ACS":5000000000,"CURRENTDEBT_DEBT":84.95395145413,"ISSUED_COMMON_SHARES":1989540000,"HK_COMMON_SHARES":1989540000,"PER_SHARES":10000,"TOTAL_MARKET_CAP":95497920,"HKSK_MARKET_CAP":95497920,"PE_TTM":3.917541945276,"PB_TTM":0.441414962213,"REPORT_DATE_SQ":"2020-12-31 00:00:00","REPORT_TYPE_SQ":"2020年年报","OPERATE_INCOME_SQ":218249034.96,"DPS_HKD":null,"OPERATE_INCOME_QOQ_SQ":-19.127221226898,"NET_PROFIT_RATIO_SQ":0.6351373239,"HOLDER_PROFIT_SQ":1386181.08,"HOLDER_PROFIT_QOQ_SQ":-53.496640430277,"ROE_AVG_SQ":0.866623168884,"PE_TTM_SQ":-4.91082967175,"PB_TTM_SQ":0.367775153885,"ROA_SQ":0.508261172796,"START_DATE":"2021-01-01 00:00:00","FISCAL_YEAR":"12-31","CURRENCY":"HKD","IS_CNY_CODE":0,"DPS_HKD_LY":0.00075,"ORG_TYPE":"一般企业","PREMIUM_INCOME":null,"PREMIUM_INCOME_YOY":null,"NET_INTEREST_INCOME":null,"NET_INTEREST_INCOME_YOY":null,"FEE_COMMISSION_INCOME":null,"FEE_COMMISSION_INCOME_YOY":null,"ACCOUNTS_RECE_TDAYS":8.018779861971,"INVENTORY_TDAYS":3.464537715472,"CURRENT_ASSETS_TDAYS":1.611863781275,"TOTAL_ASSETS_TDAYS":0.95057950493,"PREMIUM_EXPENSE":null,"LOAN_DEPOSIT":null,"LOAN_EQUITY":null,"LOAN_ASSETS":null,"DEPOSIT_EQUITY":null,"DEPOSIT_ASSETS":null,"EQUITY_MULTIPLIER":1.606257960634,"EQUITY_RATIO":0.606257960635},{"SECUCODE":"01433.HK","SECURITY_CODE":"01433","SECURITY_NAME_ABBR":"常达控股","ORG_CODE":"10000031846","STD_REPORT_DATE":"2021-06-30 00:00:00","REPORT_DATE":"2021-06-30 00:00:00","DATE_TYPE_CODE":"002","REPORT_TYPE":"2021年中报","PER_NETCASH_OPERATE":-0.00140663124,"PER_OI":0.06507656076,"BPS":0.098833391236,"BASIC_EPS":0.000915288,"DILUTED_EPS":0.000915288,"OPERATE_INCOME":130153121.52,"OPERATE_INCOME_YOY":37.2000210512,"GROSS_PROFIT":55790964,"GROSS_PROFIT_YOY":4.26758151372,"HOLDER_PROFIT":1777322.88,"HOLDER_PROFIT_YOY":118.043588444,"GROSS_PROFIT_RATIO":42.865636527532,"EPS_TTM":0.00698840334,"OPERATE_INCOME_QOQ":11.919252703577,"NET_PROFIT_RATIO":1.3655630071,"ROE_AVG":0.904239894505,"GROSS_PROFIT_QOQ":2.083862433329,"ROA":0.593091977848,"HOLDER_PROFIT_QOQ":908.295877187993,"ROE_YEARLY":1.808479789011,"ROIC_YEARLY":1.688167220234,"TOTAL_ASSETS":298384720.08,"TOTAL_LIABILITIES":101751734.88,"TAX_EBT":43.84858044164,"OCF_SALES":-2.161502119308,"TOTAL_PARENT_EQUITY":196632985.2,"DEBT_ASSET_RATIO":34.1008530372,"OPERATE_PROFIT":4159567.92,"PRETAX_PROFIT":3165232.32,"NETCASH_OPERATE":-2813262.48,"NETCASH_INVEST":-5146414.8,"NETCASH_FINANCE":-5203828.32,"END_CASH":82741203.12,"DIVI_RATIO":null,"DIVIDEND_RATE":null,"CURRENT_RATIO":2.178865197253,"COMMON_ACS":5000000000,"CURRENTDEBT_DEBT":81.919434767676,"ISSUED_COMMON_SHARES":1989540000,"HK_COMMON_SHARES":1989540000,"PER_SHARES":10000,"TOTAL_MARKET_CAP":95497920,"HKSK_MARKET_CAP":95497920,"PE_TTM":3.917541945276,"PB_TTM":0.441414962213,"REPORT_DATE_SQ":"2020-06-30 00:00:00","REPORT_TYPE_SQ":"2020年中报","OPERATE_INCOME_SQ":104139467.52,"DPS_HKD":null,"OPERATE_INCOME_QOQ_SQ":-14.640587992766,"NET_PROFIT_RATIO_SQ":-10.3834818609,"HOLDER_PROFIT_SQ":-10813302.72,"HOLDER_PROFIT_QOQ_SQ":-86.863431306434,"ROE_AVG_SQ":-6.563175694406,"PE_TTM_SQ":-4.91082967175,"PB_TTM_SQ":0.367775153885,"ROA_SQ":-3.776504197445,"START_DATE":"2021-01-01 00:00:00","FISCAL_YEAR":"12-31","CURRENCY":"HKD","IS_CNY_CODE":0,"DPS_HKD_LY":0.00075,"ORG_TYPE":"一般企业","PREMIUM_INCOME":null,"PREMIUM_INCOME_YOY":null,"NET_INTEREST_INCOME":null,"NET_INTEREST_INCOME_YOY":null,"FEE_COMMISSION_INCOME":null,"FEE_COMMISSION_INCOME_YOY":null,"ACCOUNTS_RECE_TDAYS":4.406231073677,"INVENTORY_TDAYS":1.593854220542,"CURRENT_ASSETS_TDAYS":0.724655205163,"TOTAL_ASSETS_TDAYS":0.434320477917,"PREMIUM_EXPENSE":null,"LOAN_DEPOSIT":null,"LOAN_EQUITY":null,"LOAN_ASSETS":null,"DEPOSIT_EQUITY":null,"DEPOSIT_ASSETS":null,"EQUITY_MULTIPLIER":1.517470325624,"EQUITY_RATIO":0.517470325625},{"SECUCODE":"01433.HK","SECURITY_CODE":"01433","SECURITY_NAME_ABBR":"常达控股","ORG_CODE":"10000031846","STD_REPORT_DATE":"2020-12-31 00:00:00","REPORT_DATE":"2020-12-31 00:00:00","DATE_TYPE_CODE":"001","REPORT_TYPE":"2020年年报","PER_NETCASH_OPERATE":0.00857589078,"PER_OI":0.10912451748,"BPS":0.099888962594,"BASIC_EPS":0.000757476,"DILUTED_EPS":0.000757476,"OPERATE_INCOME":218249034.96,"OPERATE_INCOME_YOY":-26.5268305675,"GROSS_PROFIT":109579003.08,"GROSS_PROFIT_YOY":-30.005876094014,"HOLDER_PROFIT":1386181.08,"HOLDER_PROFIT_YOY":-93.49808535,"GROSS_PROFIT_RATIO":50.208241745529,"EPS_TTM":0.00069309054,"OPERATE_INCOME_QOQ":-19.127221226898,"NET_PROFIT_RATIO":0.6351373239,"ROE_AVG":0.866623168884,"GROSS_PROFIT_QOQ":-17.955636562209,"ROA":0.508261172796,"HOLDER_PROFIT_QOQ":-53.496640430277,"ROE_YEARLY":0.866623168884,"ROIC_YEARLY":0.672873829008,"TOTAL_ASSETS":304414454.88,"TOTAL_LIABILITIES":105681368.24,"TAX_EBT":65.630217028381,"OCF_SALES":7.858812096532,"TOTAL_PARENT_EQUITY":198733086.64,"DEBT_ASSET_RATIO":34.7162779381,"OPERATE_PROFIT":6037083.72,"PRETAX_PROFIT":4033138.88,"NETCASH_OPERATE":17151781.56,"NETCASH_INVEST":-18342702.16,"NETCASH_FINANCE":60529907.16,"END_CASH":96572298.52,"DIVI_RATIO":null,"DIVIDEND_RATE":null,"CURRENT_RATIO":2.098290388226,"COMMON_ACS":5000000000,"CURRENTDEBT_DEBT":81.008393992004,"ISSUED_COMMON_SHARES":1989540000,"HK_COMMON_SHARES":1989540000,"PER_SHARES":10000,"TOTAL_MARKET_CAP":95497920,"HKSK_MARKET_CAP":95497920,"PE_TTM":3.917541945276,"PB_TTM":0.441414962213,"REPORT_DATE_SQ":"2019-12-31 00:00:00","REPORT_TYPE_SQ":"2019年年报","OPERATE_INCOME_SQ":316153905.86,"DPS_HKD":null,"OPERATE_INCOME_QOQ_SQ":-2.973810219546,"NET_PROFIT_RATIO_SQ":7.5033221226,"HOLDER_PROFIT_SQ":22691003.18,"HOLDER_PROFIT_QOQ_SQ":-18.820541374575,"ROE_AVG_SQ":19.733418506458,"PE_TTM_SQ":-4.91082967175,"PB_TTM_SQ":0.367775153885,"ROA_SQ":9.804327590177,"START_DATE":"2020-01-01 00:00:00","FISCAL_YEAR":"12-31","CURRENCY":"HKD","IS_CNY_CODE":0,"DPS_HKD_LY":null,"ORG_TYPE":"一般企业","PREMIUM_INCOME":null,"PREMIUM_INCOME_YOY":null,"NET_INTEREST_INCOME":null,"NET_INTEREST_INCOME_YOY":null,"FEE_COMMISSION_INCOME":null,"FEE_COMMISSION_INCOME_YOY":null,"ACCOUNTS_RECE_TDAYS":6.097847174049,"INVENTORY_TDAYS":2.648336546745,"CURRENT_ASSETS_TDAYS":1.426824839608,"TOTAL_ASSETS_TDAYS":0.800238237781,"PREMIUM_EXPENSE":null,"LOAN_DEPOSIT":null,"LOAN_EQUITY":null,"LOAN_ASSETS":null,"DEPOSIT_EQUITY":null,"DEPOSIT_ASSETS":null,"EQUITY_MULTIPLIER":1.531775408044,"EQUITY_RATIO":0.531775408045},{"SECUCODE":"01433.HK","SECURITY_CODE":"01433","SECURITY_NAME_ABBR":"常达控股","ORG_CODE":"10000031846","STD_REPORT_DATE":"2020-06-30 00:00:00","REPORT_DATE":"2020-06-30 00:00:00","DATE_TYPE_CODE":"002","REPORT_TYPE":"2020年中报","PER_NETCASH_OPERATE":0.00154325688,"PER_OI":0.05206973376,"BPS":0.099523703369,"BASIC_EPS":-0.006028704,"DILUTED_EPS":-0.006028704,"OPERATE_INCOME":104139467.52,"OPERATE_INCOME_YOY":-33.3306043683,"GROSS_PROFIT":53507488.32,"GROSS_PROFIT_YOY":-30.056842801558,"HOLDER_PROFIT":-10813302.72,"HOLDER_PROFIT_YOY":-217.0456792565,"GROSS_PROFIT_RATIO":51.380604869834,"EPS_TTM":0.00149040961,"OPERATE_INCOME_QOQ":-14.640587992766,"NET_PROFIT_RATIO":-10.3834818609,"ROE_AVG":-6.563175694406,"GROSS_PROFIT_QOQ":-14.68746788552,"ROA":-3.776504197445,"HOLDER_PROFIT_QOQ":-86.863431306434,"ROE_YEARLY":-13.126351388812,"ROIC_YEARLY":-10.309803588575,"TOTAL_ASSETS":311052809.76,"TOTAL_LIABILITIES":113046420.96,"TAX_EBT":-11.65817770232,"OCF_SALES":2.963827099853,"TOTAL_PARENT_EQUITY":198006388.8,"DEBT_ASSET_RATIO":36.3431602007,"OPERATE_PROFIT":-8535183.36,"PRETAX_PROFIT":-9684290.88,"NETCASH_OPERATE":3086513.76,"NETCASH_INVEST":-2994256.32,"NETCASH_FINANCE":73177505.28,"END_CASH":113112188.64,"DIVI_RATIO":null,"DIVIDEND_RATE":null,"CURRENT_RATIO":2.311388851758,"COMMON_ACS":5000000000,"CURRENTDEBT_DEBT":72.537754829952,"ISSUED_COMMON_SHARES":1989540000,"HK_COMMON_SHARES":1989540000,"PER_SHARES":10000,"TOTAL_MARKET_CAP":95497920,"HKSK_MARKET_CAP":95497920,"PE_TTM":3.917541945276,"PB_TTM":0.441414962213,"REPORT_DATE_SQ":"2019-06-30 00:00:00","REPORT_TYPE_SQ":"2019年中报","OPERATE_INCOME_SQ":150426258.3,"DPS_HKD":null,"OPERATE_INCOME_QOQ_SQ":0,"NET_PROFIT_RATIO_SQ":6.5875266805,"HOLDER_PROFIT_SQ":8896881.24,"HOLDER_PROFIT_QOQ_SQ":0,"ROE_AVG_SQ":null,"PE_TTM_SQ":-4.91082967175,"PB_TTM_SQ":0.367775153885,"ROA_SQ":null,"START_DATE":"2020-01-01 00:00:00","FISCAL_YEAR":"12-31","CURRENCY":"HKD","IS_CNY_CODE":0,"DPS_HKD_LY":null,"ORG_TYPE":"一般企业","PREMIUM_INCOME":null,"PREMIUM_INCOME_YOY":null,"NET_INTEREST_INCOME":null,"NET_INTEREST_INCOME_YOY":null,"FEE_COMMISSION_INCOME":null,"FEE_COMMISSION_INCOME_YOY":null,"ACCOUNTS_RECE_TDAYS":3.114164356246,"INVENTORY_TDAYS":1.166628080736,"CURRENT_ASSETS_TDAYS":0.637724936092,"TOTAL_ASSETS_TDAYS":0.363703066854,"PREMIUM_EXPENSE":null,"LOAN_DEPOSIT":null,"LOAN_EQUITY":null,"LOAN_ASSETS":null,"DEPOSIT_EQUITY":null,"DEPOSIT_ASSETS":null,"EQUITY_MULTIPLIER":1.570923098214,"EQUITY_RATIO":0.570923098215}],"count":14},"success":true,"message":"ok","code":0}