{"version":"14586aaeea5637bfc1b7bdee9b0d9ded","result":{"pages":2,"data":[{"SECUCODE":"01449.HK","SECURITY_CODE":"01449","SECURITY_NAME_ABBR":"立德教育","ORG_CODE":"10000077191","STD_REPORT_DATE":"2024-12-31 00:00:00","REPORT_DATE":"2024-08-31 00:00:00","DATE_TYPE_CODE":"001","REPORT_TYPE":"2024年年报","PER_NETCASH_OPERATE":0.272344363828,"PER_OI":0.484351257824,"BPS":1.391871804064,"BASIC_EPS":0.0299,"DILUTED_EPS":0.0299,"OPERATE_INCOME":322901000,"OPERATE_INCOME_YOY":17.0928145341,"GROSS_PROFIT":118871000,"GROSS_PROFIT_YOY":12.825793959642,"HOLDER_PROFIT":19957000,"HOLDER_PROFIT_YOY":-65.3542350225,"GROSS_PROFIT_RATIO":36.813450562247,"EPS_TTM":0.029935485032,"OPERATE_INCOME_QOQ":0,"NET_PROFIT_RATIO":6.1789836513,"ROE_AVG":2.172959142009,"GROSS_PROFIT_QOQ":0,"ROA":0.84217962349,"HOLDER_PROFIT_QOQ":0,"ROE_YEARLY":2.172959142009,"ROIC_YEARLY":0.968036649284,"TOTAL_ASSETS":2543534000,"TOTAL_LIABILITIES":1615639000,"TAX_EBT":0.573080181392,"OCF_SALES":56.228689288667,"TOTAL_PARENT_EQUITY":927915000,"DEBT_ASSET_RATIO":63.5194575736,"OPERATE_PROFIT":82309000,"PRETAX_PROFIT":20067000,"NETCASH_OPERATE":181563000,"NETCASH_INVEST":-317789000,"NETCASH_FINANCE":211211000,"END_CASH":345437000,"DIVI_RATIO":null,"DIVIDEND_RATE":null,"CURRENT_RATIO":0.432949129144,"COMMON_ACS":1000000000,"CURRENTDEBT_DEBT":52.008214706379,"ISSUED_COMMON_SHARES":666667000,"HK_COMMON_SHARES":666667000,"PER_SHARES":1000,"TOTAL_MARKET_CAP":170000085,"HKSK_MARKET_CAP":170000085,"PE_TTM":7.770580625279,"PB_TTM":0.16712465855,"REPORT_DATE_SQ":"2023-12-31 00:00:00","REPORT_TYPE_SQ":"2023年年报","OPERATE_INCOME_SQ":275765000,"DPS_HKD":null,"OPERATE_INCOME_QOQ_SQ":0,"NET_PROFIT_RATIO_SQ":20.882998205,"HOLDER_PROFIT_SQ":57603000,"HOLDER_PROFIT_QOQ_SQ":0,"ROE_AVG_SQ":6.324138010536,"PE_TTM_SQ":3.549033364306,"PB_TTM_SQ":0.224917039045,"ROA_SQ":2.703612866556,"START_DATE":"2023-09-01 00:00:00","FISCAL_YEAR":"8-31","CURRENCY":"HKD","IS_CNY_CODE":0,"DPS_HKD_LY":null,"ORG_TYPE":"一般企业","PREMIUM_INCOME":null,"PREMIUM_INCOME_YOY":null,"NET_INTEREST_INCOME":null,"NET_INTEREST_INCOME_YOY":null,"FEE_COMMISSION_INCOME":null,"FEE_COMMISSION_INCOME_YOY":null,"ACCOUNTS_RECE_TDAYS":563.52705061082,"INVENTORY_TDAYS":null,"CURRENT_ASSETS_TDAYS":0.984106230723,"TOTAL_ASSETS_TDAYS":0.13626328737,"PREMIUM_EXPENSE":null,"LOAN_DEPOSIT":null,"LOAN_EQUITY":null,"LOAN_ASSETS":null,"DEPOSIT_EQUITY":null,"DEPOSIT_ASSETS":null,"EQUITY_MULTIPLIER":2.741187311065,"EQUITY_RATIO":1.741149782038},{"SECUCODE":"01449.HK","SECURITY_CODE":"01449","SECURITY_NAME_ABBR":"立德教育","ORG_CODE":"10000077191","STD_REPORT_DATE":"2024-06-30 00:00:00","REPORT_DATE":"2024-02-29 00:00:00","DATE_TYPE_CODE":"002","REPORT_TYPE":"2024年中报","PER_NETCASH_OPERATE":-0.112625943687,"PER_OI":0.256145871927,"BPS":1.412957293521,"BASIC_EPS":0.0429,"DILUTED_EPS":0.0429,"OPERATE_INCOME":170764000,"OPERATE_INCOME_YOY":12.2524239934,"GROSS_PROFIT":64883000,"GROSS_PROFIT_YOY":-11.733416770964,"HOLDER_PROFIT":28573000,"HOLDER_PROFIT_YOY":-30.4234543551,"GROSS_PROFIT_RATIO":37.995713382212,"EPS_TTM":0.067663466168,"OPERATE_INCOME_QOQ":0,"NET_PROFIT_RATIO":16.7295214448,"ROE_AVG":3.087459283476,"GROSS_PROFIT_QOQ":0,"ROA":1.271939430523,"HOLDER_PROFIT_QOQ":0,"ROE_YEARLY":6.174918566951,"ROIC_YEARLY":2.940073355206,"TOTAL_ASSETS":2296989000,"TOTAL_LIABILITIES":1355037000,"TAX_EBT":null,"OCF_SALES":-43.969454920241,"TOTAL_PARENT_EQUITY":941972000,"DEBT_ASSET_RATIO":58.9918802397,"OPERATE_PROFIT":48128000,"PRETAX_PROFIT":28568000,"NETCASH_OPERATE":-75084000,"NETCASH_INVEST":-34874000,"NETCASH_FINANCE":169458000,"END_CASH":334697000,"DIVI_RATIO":null,"DIVIDEND_RATE":null,"CURRENT_RATIO":0.513372612034,"COMMON_ACS":1000000000,"CURRENTDEBT_DEBT":53.735064060981,"ISSUED_COMMON_SHARES":666667000,"HK_COMMON_SHARES":666667000,"PER_SHARES":1000,"TOTAL_MARKET_CAP":170000085,"HKSK_MARKET_CAP":170000085,"PE_TTM":7.770580625279,"PB_TTM":0.16712465855,"REPORT_DATE_SQ":"2023-06-30 00:00:00","REPORT_TYPE_SQ":"2023年中报","OPERATE_INCOME_SQ":152125000,"DPS_HKD":null,"OPERATE_INCOME_QOQ_SQ":0,"NET_PROFIT_RATIO_SQ":26.9955628595,"HOLDER_PROFIT_SQ":41067000,"HOLDER_PROFIT_QOQ_SQ":0,"ROE_AVG_SQ":4.392396865523,"PE_TTM_SQ":3.473913594955,"PB_TTM_SQ":0.228274009777,"ROA_SQ":1.980273931384,"START_DATE":"2023-09-01 00:00:00","FISCAL_YEAR":"8-31","CURRENCY":"HKD","IS_CNY_CODE":0,"DPS_HKD_LY":null,"ORG_TYPE":"一般企业","PREMIUM_INCOME":null,"PREMIUM_INCOME_YOY":null,"NET_INTEREST_INCOME":null,"NET_INTEREST_INCOME_YOY":null,"FEE_COMMISSION_INCOME":null,"FEE_COMMISSION_INCOME_YOY":null,"ACCOUNTS_RECE_TDAYS":null,"INVENTORY_TDAYS":null,"CURRENT_ASSETS_TDAYS":0.512618538009,"TOTAL_ASSETS_TDAYS":0.076016331822,"PREMIUM_EXPENSE":null,"LOAN_DEPOSIT":null,"LOAN_EQUITY":null,"LOAN_ASSETS":null,"DEPOSIT_EQUITY":null,"DEPOSIT_ASSETS":null,"EQUITY_MULTIPLIER":2.438541454339,"EQUITY_RATIO":1.438510911152},{"SECUCODE":"01449.HK","SECURITY_CODE":"01449","SECURITY_NAME_ABBR":"立德教育","ORG_CODE":"10000077191","STD_REPORT_DATE":"2023-12-31 00:00:00","REPORT_DATE":"2023-08-31 00:00:00","DATE_TYPE_CODE":"001","REPORT_TYPE":"2023年年报","PER_NETCASH_OPERATE":0.328405335797,"PER_OI":0.413647293176,"BPS":1.363401818299,"BASIC_EPS":0.0864,"DILUTED_EPS":0.0864,"OPERATE_INCOME":275765000,"OPERATE_INCOME_YOY":15.7392640097,"GROSS_PROFIT":105358000,"GROSS_PROFIT_YOY":4.215794888027,"HOLDER_PROFIT":57603000,"HOLDER_PROFIT_YOY":2.8165997323,"GROSS_PROFIT_RATIO":38.205718637246,"EPS_TTM":0.086404456798,"OPERATE_INCOME_QOQ":0,"NET_PROFIT_RATIO":20.882998205,"ROE_AVG":6.324138010536,"GROSS_PROFIT_QOQ":0,"ROA":2.703612866556,"HOLDER_PROFIT_QOQ":0,"ROE_YEARLY":6.324138010536,"ROIC_YEARLY":3.082567570135,"TOTAL_ASSETS":2195835000,"TOTAL_LIABILITIES":1286915000,"TAX_EBT":null,"OCF_SALES":79.392598770692,"TOTAL_PARENT_EQUITY":908935000,"DEBT_ASSET_RATIO":58.6070902413,"OPERATE_PROFIT":64635000,"PRETAX_PROFIT":57588000,"NETCASH_OPERATE":218937000,"NETCASH_INVEST":-138383000,"NETCASH_FINANCE":-65550000,"END_CASH":270776000,"DIVI_RATIO":null,"DIVIDEND_RATE":null,"CURRENT_RATIO":0.40751315806,"COMMON_ACS":1000000000,"CURRENTDEBT_DEBT":55.762890322982,"ISSUED_COMMON_SHARES":666667000,"HK_COMMON_SHARES":666667000,"PER_SHARES":1000,"TOTAL_MARKET_CAP":186666760,"HKSK_MARKET_CAP":186666760,"PE_TTM":8.532402255209,"PB_TTM":0.183509428996,"REPORT_DATE_SQ":"2022-12-31 00:00:00","REPORT_TYPE_SQ":"2022年年报","OPERATE_INCOME_SQ":238264000,"DPS_HKD":null,"OPERATE_INCOME_QOQ_SQ":0,"NET_PROFIT_RATIO_SQ":23.5138333949,"HOLDER_PROFIT_SQ":56025000,"HOLDER_PROFIT_QOQ_SQ":0,"ROE_AVG_SQ":6.361294263651,"PE_TTM_SQ":4.07873983659,"PB_TTM_SQ":0.258486746365,"ROA_SQ":2.757789987586,"START_DATE":"2022-09-01 00:00:00","FISCAL_YEAR":"8-31","CURRENCY":"HKD","IS_CNY_CODE":0,"DPS_HKD_LY":0.105,"ORG_TYPE":"一般企业","PREMIUM_INCOME":null,"PREMIUM_INCOME_YOY":null,"NET_INTEREST_INCOME":null,"NET_INTEREST_INCOME_YOY":null,"FEE_COMMISSION_INCOME":null,"FEE_COMMISSION_INCOME_YOY":null,"ACCOUNTS_RECE_TDAYS":null,"INVENTORY_TDAYS":null,"CURRENT_ASSETS_TDAYS":0.957781748781,"TOTAL_ASSETS_TDAYS":0.129431071671,"PREMIUM_EXPENSE":null,"LOAN_DEPOSIT":null,"LOAN_EQUITY":null,"LOAN_ASSETS":null,"DEPOSIT_EQUITY":null,"DEPOSIT_ASSETS":null,"EQUITY_MULTIPLIER":2.415872684065,"EQUITY_RATIO":1.415849318158},{"SECUCODE":"01449.HK","SECURITY_CODE":"01449","SECURITY_NAME_ABBR":"立德教育","ORG_CODE":"10000077191","STD_REPORT_DATE":"2023-06-30 00:00:00","REPORT_DATE":"2023-02-28 00:00:00","DATE_TYPE_CODE":"002","REPORT_TYPE":"2023年中报","PER_NETCASH_OPERATE":0.000683999658,"PER_OI":0.228187385906,"BPS":1.43574078213,"BASIC_EPS":0.0616,"DILUTED_EPS":0.0616,"OPERATE_INCOME":152125000,"OPERATE_INCOME_YOY":15.4596375118,"GROSS_PROFIT":73508000,"GROSS_PROFIT_YOY":41.620267796937,"HOLDER_PROFIT":41067000,"HOLDER_PROFIT_YOY":12.9641855092,"GROSS_PROFIT_RATIO":48.32078882498,"EPS_TTM":0.091106954447,"OPERATE_INCOME_QOQ":0,"NET_PROFIT_RATIO":26.9955628595,"ROE_AVG":4.392396865523,"GROSS_PROFIT_QOQ":0,"ROA":1.980273931384,"HOLDER_PROFIT_QOQ":0,"ROE_YEARLY":8.784793731045,"ROIC_YEARLY":4.447223936844,"TOTAL_ASSETS":2082256000,"TOTAL_LIABILITIES":1125095000,"TAX_EBT":null,"OCF_SALES":0.299753492194,"TOTAL_PARENT_EQUITY":957161000,"DEBT_ASSET_RATIO":54.0325012871,"OPERATE_PROFIT":47739000,"PRETAX_PROFIT":41067000,"NETCASH_OPERATE":456000,"NETCASH_INVEST":-89648000,"NETCASH_FINANCE":33534000,"END_CASH":200801000,"DIVI_RATIO":null,"DIVIDEND_RATE":null,"CURRENT_RATIO":0.499549336881,"COMMON_ACS":1000000000,"CURRENTDEBT_DEBT":39.346099662695,"ISSUED_COMMON_SHARES":666667000,"HK_COMMON_SHARES":666667000,"PER_SHARES":1000,"TOTAL_MARKET_CAP":170000085,"HKSK_MARKET_CAP":170000085,"PE_TTM":7.770580625279,"PB_TTM":0.16712465855,"REPORT_DATE_SQ":"2022-06-30 00:00:00","REPORT_TYPE_SQ":"2022年中报","OPERATE_INCOME_SQ":131756000,"DPS_HKD":null,"OPERATE_INCOME_QOQ_SQ":0,"NET_PROFIT_RATIO_SQ":27.5919123228,"HOLDER_PROFIT_SQ":36354000,"HOLDER_PROFIT_QOQ_SQ":0,"ROE_AVG_SQ":4.192322839072,"PE_TTM_SQ":3.473913594955,"PB_TTM_SQ":0.228274009777,"ROA_SQ":1.844996258394,"START_DATE":"2022-09-01 00:00:00","FISCAL_YEAR":"8-31","CURRENCY":"HKD","IS_CNY_CODE":0,"DPS_HKD_LY":0.105,"ORG_TYPE":"一般企业","PREMIUM_INCOME":null,"PREMIUM_INCOME_YOY":null,"NET_INTEREST_INCOME":null,"NET_INTEREST_INCOME_YOY":null,"FEE_COMMISSION_INCOME":null,"FEE_COMMISSION_INCOME_YOY":null,"ACCOUNTS_RECE_TDAYS":null,"INVENTORY_TDAYS":null,"CURRENT_ASSETS_TDAYS":0.603022146818,"TOTAL_ASSETS_TDAYS":0.073355534081,"PREMIUM_EXPENSE":null,"LOAN_DEPOSIT":null,"LOAN_EQUITY":null,"LOAN_ASSETS":null,"DEPOSIT_EQUITY":null,"DEPOSIT_ASSETS":null,"EQUITY_MULTIPLIER":2.175450107141,"EQUITY_RATIO":1.17545010714},{"SECUCODE":"01449.HK","SECURITY_CODE":"01449","SECURITY_NAME_ABBR":"立德教育","ORG_CODE":"10000077191","STD_REPORT_DATE":"2022-12-31 00:00:00","REPORT_DATE":"2022-08-31 00:00:00","DATE_TYPE_CODE":"001","REPORT_TYPE":"2022年年报","PER_NETCASH_OPERATE":0.198410900795,"PER_OI":0.357395821302,"BPS":1.369127315436,"BASIC_EPS":0.084,"DILUTED_EPS":0.084,"OPERATE_INCOME":238264000,"OPERATE_INCOME_YOY":21.4746384016,"GROSS_PROFIT":101096000,"GROSS_PROFIT_YOY":2.157415547539,"HOLDER_PROFIT":56025000,"HOLDER_PROFIT_YOY":7.7134562513,"GROSS_PROFIT_RATIO":42.430245442031,"EPS_TTM":0.084037457981,"OPERATE_INCOME_QOQ":0,"NET_PROFIT_RATIO":23.5138333949,"ROE_AVG":6.361294263651,"GROSS_PROFIT_QOQ":0,"ROA":2.757789987586,"HOLDER_PROFIT_QOQ":0,"ROE_YEARLY":6.361294263651,"ROIC_YEARLY":3.195936126913,"TOTAL_ASSETS":2065352000,"TOTAL_LIABILITIES":1152600000,"TAX_EBT":null,"OCF_SALES":55.515730450257,"TOTAL_PARENT_EQUITY":912752000,"DEBT_ASSET_RATIO":55.8064678563,"OPERATE_PROFIT":63007000,"PRETAX_PROFIT":56025000,"NETCASH_OPERATE":132274000,"NETCASH_INVEST":-108944000,"NETCASH_FINANCE":-82650000,"END_CASH":253087000,"DIVI_RATIO":null,"DIVIDEND_RATE":null,"CURRENT_RATIO":0.542675722719,"COMMON_ACS":1000000000,"CURRENTDEBT_DEBT":45.308780149228,"ISSUED_COMMON_SHARES":666667000,"HK_COMMON_SHARES":666667000,"PER_SHARES":1000,"TOTAL_MARKET_CAP":170000085,"HKSK_MARKET_CAP":170000085,"PE_TTM":7.770580625279,"PB_TTM":0.16712465855,"REPORT_DATE_SQ":"2021-12-31 00:00:00","REPORT_TYPE_SQ":"2021年年报","OPERATE_INCOME_SQ":196143000,"DPS_HKD":null,"OPERATE_INCOME_QOQ_SQ":0,"NET_PROFIT_RATIO_SQ":26.5178976563,"HOLDER_PROFIT_SQ":52013000,"HOLDER_PROFIT_QOQ_SQ":0,"ROE_AVG_SQ":6.307476918282,"PE_TTM_SQ":3.473913594955,"PB_TTM_SQ":0.228274009777,"ROA_SQ":2.688844086022,"START_DATE":"2021-09-01 00:00:00","FISCAL_YEAR":"8-31","CURRENCY":"HKD","IS_CNY_CODE":0,"DPS_HKD_LY":null,"ORG_TYPE":"一般企业","PREMIUM_INCOME":null,"PREMIUM_INCOME_YOY":null,"NET_INTEREST_INCOME":null,"NET_INTEREST_INCOME_YOY":null,"FEE_COMMISSION_INCOME":null,"FEE_COMMISSION_INCOME_YOY":null,"ACCOUNTS_RECE_TDAYS":null,"INVENTORY_TDAYS":null,"CURRENT_ASSETS_TDAYS":0.787359370017,"TOTAL_ASSETS_TDAYS":0.117283725766,"PREMIUM_EXPENSE":null,"LOAN_DEPOSIT":null,"LOAN_EQUITY":null,"LOAN_ASSETS":null,"DEPOSIT_EQUITY":null,"DEPOSIT_ASSETS":null,"EQUITY_MULTIPLIER":2.262774554313,"EQUITY_RATIO":1.262774554315},{"SECUCODE":"01449.HK","SECURITY_CODE":"01449","SECURITY_NAME_ABBR":"立德教育","ORG_CODE":"10000077191","STD_REPORT_DATE":"2022-06-30 00:00:00","REPORT_DATE":"2022-02-28 00:00:00","DATE_TYPE_CODE":"002","REPORT_TYPE":"2022年中报","PER_NETCASH_OPERATE":-0.047038476481,"PER_OI":0.197633901183,"BPS":1.328445835777,"BASIC_EPS":0.0545,"DILUTED_EPS":0.0545,"OPERATE_INCOME":131756000,"OPERATE_INCOME_YOY":34.5231410106,"GROSS_PROFIT":51905000,"GROSS_PROFIT_YOY":6.550478301926,"HOLDER_PROFIT":36354000,"HOLDER_PROFIT_YOY":19.0763183754,"GROSS_PROFIT_RATIO":39.394790370078,"EPS_TTM":0.086755456622,"OPERATE_INCOME_QOQ":0,"NET_PROFIT_RATIO":27.5919123228,"ROE_AVG":4.192322839072,"GROSS_PROFIT_QOQ":0,"ROA":1.844996258394,"HOLDER_PROFIT_QOQ":0,"ROE_YEARLY":8.384645678145,"ROIC_YEARLY":4.171847431612,"TOTAL_ASSETS":1943137000,"TOTAL_LIABILITIES":1057506000,"TAX_EBT":null,"OCF_SALES":-23.800813625186,"TOTAL_PARENT_EQUITY":885631000,"DEBT_ASSET_RATIO":54.4226166246,"OPERATE_PROFIT":40639000,"PRETAX_PROFIT":36354000,"NETCASH_OPERATE":-31359000,"NETCASH_INVEST":-93746000,"NETCASH_FINANCE":-27969000,"END_CASH":151237000,"DIVI_RATIO":null,"DIVIDEND_RATE":null,"CURRENT_RATIO":0.437901960446,"COMMON_ACS":1000000000,"CURRENTDEBT_DEBT":38.390231355661,"ISSUED_COMMON_SHARES":666667000,"HK_COMMON_SHARES":666667000,"PER_SHARES":1000,"TOTAL_MARKET_CAP":170000085,"HKSK_MARKET_CAP":170000085,"PE_TTM":7.770580625279,"PB_TTM":0.16712465855,"REPORT_DATE_SQ":"2021-06-30 00:00:00","REPORT_TYPE_SQ":"2021年中报","OPERATE_INCOME_SQ":97943000,"DPS_HKD":null,"OPERATE_INCOME_QOQ_SQ":0,"NET_PROFIT_RATIO_SQ":31.1711914072,"HOLDER_PROFIT_SQ":30530000,"HOLDER_PROFIT_QOQ_SQ":0,"ROE_AVG_SQ":3.757152341882,"PE_TTM_SQ":3.473913594955,"PB_TTM_SQ":0.228274009777,"ROA_SQ":1.615189660458,"START_DATE":"2021-09-01 00:00:00","FISCAL_YEAR":"8-31","CURRENCY":"HKD","IS_CNY_CODE":0,"DPS_HKD_LY":null,"ORG_TYPE":"一般企业","PREMIUM_INCOME":null,"PREMIUM_INCOME_YOY":null,"NET_INTEREST_INCOME":null,"NET_INTEREST_INCOME_YOY":null,"FEE_COMMISSION_INCOME":null,"FEE_COMMISSION_INCOME_YOY":null,"ACCOUNTS_RECE_TDAYS":null,"INVENTORY_TDAYS":null,"CURRENT_ASSETS_TDAYS":0.527444901031,"TOTAL_ASSETS_TDAYS":0.066867284761,"PREMIUM_EXPENSE":null,"LOAN_DEPOSIT":null,"LOAN_EQUITY":null,"LOAN_ASSETS":null,"DEPOSIT_EQUITY":null,"DEPOSIT_ASSETS":null,"EQUITY_MULTIPLIER":2.19407066826,"EQUITY_RATIO":1.194070668258},{"SECUCODE":"01449.HK","SECURITY_CODE":"01449","SECURITY_NAME_ABBR":"立德教育","ORG_CODE":"10000077191","STD_REPORT_DATE":"2021-12-31 00:00:00","REPORT_DATE":"2021-08-31 00:00:00","DATE_TYPE_CODE":"001","REPORT_TYPE":"2021年年报","PER_NETCASH_OPERATE":0.258574370713,"PER_OI":0.294214352893,"BPS":1.273022363489,"BASIC_EPS":0.078,"DILUTED_EPS":0.078,"OPERATE_INCOME":196143000,"OPERATE_INCOME_YOY":25.6521460602,"GROSS_PROFIT":98961000,"GROSS_PROFIT_YOY":16.371311986265,"HOLDER_PROFIT":52013000,"HOLDER_PROFIT_YOY":22.7909063009,"GROSS_PROFIT_RATIO":50.453495663878,"EPS_TTM":0.07801946099,"OPERATE_INCOME_QOQ":0,"NET_PROFIT_RATIO":26.5178976563,"ROE_AVG":6.307476918282,"GROSS_PROFIT_QOQ":0,"ROA":2.688844086022,"HOLDER_PROFIT_QOQ":0,"ROE_YEARLY":6.307476918282,"ROIC_YEARLY":3.223301620668,"TOTAL_ASSETS":1997684000,"TOTAL_LIABILITIES":1149002000,"TAX_EBT":null,"OCF_SALES":87.886389012098,"TOTAL_PARENT_EQUITY":848682000,"DEBT_ASSET_RATIO":57.5167043436,"OPERATE_PROFIT":65380000,"PRETAX_PROFIT":52013000,"NETCASH_OPERATE":172383000,"NETCASH_INVEST":-202955000,"NETCASH_FINANCE":850000,"END_CASH":303934000,"DIVI_RATIO":null,"DIVIDEND_RATE":null,"CURRENT_RATIO":0.717123324301,"COMMON_ACS":1000000000,"CURRENTDEBT_DEBT":39.057199204179,"ISSUED_COMMON_SHARES":666667000,"HK_COMMON_SHARES":666667000,"PER_SHARES":1000,"TOTAL_MARKET_CAP":170000085,"HKSK_MARKET_CAP":170000085,"PE_TTM":7.770580625279,"PB_TTM":0.16712465855,"REPORT_DATE_SQ":"2020-12-31 00:00:00","REPORT_TYPE_SQ":"2020年年报","OPERATE_INCOME_SQ":156100000,"DPS_HKD":null,"OPERATE_INCOME_QOQ_SQ":0,"NET_PROFIT_RATIO_SQ":27.135810378,"HOLDER_PROFIT_SQ":42359000,"HOLDER_PROFIT_QOQ_SQ":0,"ROE_AVG_SQ":6.716427968336,"PE_TTM_SQ":3.473913594955,"PB_TTM_SQ":0.228274009777,"ROA_SQ":2.449500272221,"START_DATE":"2020-09-01 00:00:00","FISCAL_YEAR":"8-31","CURRENCY":"HKD","IS_CNY_CODE":0,"DPS_HKD_LY":null,"ORG_TYPE":"一般企业","PREMIUM_INCOME":null,"PREMIUM_INCOME_YOY":null,"NET_INTEREST_INCOME":null,"NET_INTEREST_INCOME_YOY":null,"FEE_COMMISSION_INCOME":null,"FEE_COMMISSION_INCOME_YOY":null,"ACCOUNTS_RECE_TDAYS":null,"INVENTORY_TDAYS":null,"CURRENT_ASSETS_TDAYS":0.565035404195,"TOTAL_ASSETS_TDAYS":0.101397332506,"PREMIUM_EXPENSE":null,"LOAN_DEPOSIT":null,"LOAN_EQUITY":null,"LOAN_ASSETS":null,"DEPOSIT_EQUITY":null,"DEPOSIT_ASSETS":null,"EQUITY_MULTIPLIER":2.353866348053,"EQUITY_RATIO":1.353866348055},{"SECUCODE":"01449.HK","SECURITY_CODE":"01449","SECURITY_NAME_ABBR":"立德教育","ORG_CODE":"10000077191","STD_REPORT_DATE":"2021-06-30 00:00:00","REPORT_DATE":"2021-02-28 00:00:00","DATE_TYPE_CODE":"002","REPORT_TYPE":"2021年中报","PER_NETCASH_OPERATE":0.073547963226,"PER_OI":0.146914426543,"BPS":1.23689938155,"BASIC_EPS":0.0458,"DILUTED_EPS":0.0458,"OPERATE_INCOME":97943000,"OPERATE_INCOME_YOY":9.868081574,"GROSS_PROFIT":48714000,"GROSS_PROFIT_YOY":-1.558047893301,"HOLDER_PROFIT":30530000,"HOLDER_PROFIT_YOY":5.1562015637,"GROSS_PROFIT_RATIO":49.737091982071,"EPS_TTM":0.065783967108,"OPERATE_INCOME_QOQ":0,"NET_PROFIT_RATIO":31.1711914072,"ROE_AVG":3.757152341882,"GROSS_PROFIT_QOQ":0,"ROA":1.615189660458,"HOLDER_PROFIT_QOQ":0,"ROE_YEARLY":7.514304683765,"ROIC_YEARLY":3.819960136282,"TOTAL_ASSETS":1909245000,"TOTAL_LIABILITIES":1084645000,"TAX_EBT":null,"OCF_SALES":50.061770621688,"TOTAL_PARENT_EQUITY":824600000,"DEBT_ASSET_RATIO":56.8101527043,"OPERATE_PROFIT":37280000,"PRETAX_PROFIT":30530000,"NETCASH_OPERATE":49032000,"NETCASH_INVEST":-146780000,"NETCASH_FINANCE":12606000,"END_CASH":245915000,"DIVI_RATIO":null,"DIVIDEND_RATE":null,"CURRENT_RATIO":0.690726935564,"COMMON_ACS":1000000000,"CURRENTDEBT_DEBT":34.702782938196,"ISSUED_COMMON_SHARES":666667000,"HK_COMMON_SHARES":666667000,"PER_SHARES":1000,"TOTAL_MARKET_CAP":170000085,"HKSK_MARKET_CAP":170000085,"PE_TTM":7.770580625279,"PB_TTM":0.16712465855,"REPORT_DATE_SQ":"2020-06-30 00:00:00","REPORT_TYPE_SQ":"2020年中报","OPERATE_INCOME_SQ":89146000,"DPS_HKD":null,"OPERATE_INCOME_QOQ_SQ":0,"NET_PROFIT_RATIO_SQ":32.5679222848,"HOLDER_PROFIT_SQ":29033000,"HOLDER_PROFIT_QOQ_SQ":0,"ROE_AVG_SQ":6.058772155901,"PE_TTM_SQ":3.473913594955,"PB_TTM_SQ":0.228274009777,"ROA_SQ":1.883794295087,"START_DATE":"2020-09-01 00:00:00","FISCAL_YEAR":"8-31","CURRENCY":"HKD","IS_CNY_CODE":0,"DPS_HKD_LY":null,"ORG_TYPE":"一般企业","PREMIUM_INCOME":null,"PREMIUM_INCOME_YOY":null,"NET_INTEREST_INCOME":null,"NET_INTEREST_INCOME_YOY":null,"FEE_COMMISSION_INCOME":null,"FEE_COMMISSION_INCOME_YOY":null,"ACCOUNTS_RECE_TDAYS":null,"INVENTORY_TDAYS":null,"CURRENT_ASSETS_TDAYS":0.309732036551,"TOTAL_ASSETS_TDAYS":0.051816744486,"PREMIUM_EXPENSE":null,"LOAN_DEPOSIT":null,"LOAN_EQUITY":null,"LOAN_ASSETS":null,"DEPOSIT_EQUITY":null,"DEPOSIT_ASSETS":null,"EQUITY_MULTIPLIER":2.315358961919,"EQUITY_RATIO":1.315358961921},{"SECUCODE":"01449.HK","SECURITY_CODE":"01449","SECURITY_NAME_ABBR":"立德教育","ORG_CODE":"10000077191","STD_REPORT_DATE":"2020-12-31 00:00:00","REPORT_DATE":"2020-08-31 00:00:00","DATE_TYPE_CODE":"001","REPORT_TYPE":"2020年年报","PER_NETCASH_OPERATE":0.047770476115,"PER_OI":0.234149882925,"BPS":1.200849899575,"BASIC_EPS":0.0828,"DILUTED_EPS":0.0828,"OPERATE_INCOME":156100000,"OPERATE_INCOME_YOY":12.9424362573,"GROSS_PROFIT":85039000,"GROSS_PROFIT_YOY":7.365696610063,"HOLDER_PROFIT":42359000,"HOLDER_PROFIT_YOY":-39.6689977354,"GROSS_PROFIT_RATIO":54.477258167841,"EPS_TTM":0.063538468231,"OPERATE_INCOME_QOQ":0,"NET_PROFIT_RATIO":27.135810378,"ROE_AVG":6.716427968336,"GROSS_PROFIT_QOQ":0,"ROA":2.449500272221,"HOLDER_PROFIT_QOQ":0,"ROE_YEARLY":6.716427968336,"ROIC_YEARLY":2.841839765697,"TOTAL_ASSETS":1871116000,"TOTAL_LIABILITIES":1070549000,"TAX_EBT":null,"OCF_SALES":20.401665598975,"TOTAL_PARENT_EQUITY":800567000,"DEBT_ASSET_RATIO":57.2144645228,"OPERATE_PROFIT":47065000,"PRETAX_PROFIT":43836000,"NETCASH_OPERATE":31847000,"NETCASH_INVEST":-158638000,"NETCASH_FINANCE":325760000,"END_CASH":337554000,"DIVI_RATIO":null,"DIVIDEND_RATE":null,"CURRENT_RATIO":1.402054637239,"COMMON_ACS":1000000000,"CURRENTDEBT_DEBT":24.813717074137,"ISSUED_COMMON_SHARES":666667000,"HK_COMMON_SHARES":666667000,"PER_SHARES":1000,"TOTAL_MARKET_CAP":170000085,"HKSK_MARKET_CAP":170000085,"PE_TTM":7.770580625279,"PB_TTM":0.16712465855,"REPORT_DATE_SQ":"2019-12-31 00:00:00","REPORT_TYPE_SQ":"2019年年报","OPERATE_INCOME_SQ":138212000,"DPS_HKD":null,"OPERATE_INCOME_QOQ_SQ":0,"NET_PROFIT_RATIO_SQ":50.7994964258,"HOLDER_PROFIT_SQ":70211000,"HOLDER_PROFIT_QOQ_SQ":0,"ROE_AVG_SQ":16.493748274829,"PE_TTM_SQ":3.473913594955,"PB_TTM_SQ":0.228274009777,"ROA_SQ":4.807953382485,"START_DATE":"2019-09-01 00:00:00","FISCAL_YEAR":"8-31","CURRENCY":"HKD","IS_CNY_CODE":0,"DPS_HKD_LY":null,"ORG_TYPE":"一般企业","PREMIUM_INCOME":null,"PREMIUM_INCOME_YOY":null,"NET_INTEREST_INCOME":null,"NET_INTEREST_INCOME_YOY":null,"FEE_COMMISSION_INCOME":null,"FEE_COMMISSION_INCOME_YOY":null,"ACCOUNTS_RECE_TDAYS":null,"INVENTORY_TDAYS":null,"CURRENT_ASSETS_TDAYS":0.553134190851,"TOTAL_ASSETS_TDAYS":0.090268182085,"PREMIUM_EXPENSE":null,"LOAN_DEPOSIT":null,"LOAN_EQUITY":null,"LOAN_ASSETS":null,"DEPOSIT_EQUITY":null,"DEPOSIT_ASSETS":null,"EQUITY_MULTIPLIER":2.337238482227,"EQUITY_RATIO":1.337238482226}],"count":14},"success":true,"message":"ok","code":0}