{"version":"89e4a5ab68ab64996d1a0f55836288f9","result":{"pages":3,"data":[{"SECUCODE":"01448.HK","SECURITY_CODE":"01448","SECURITY_NAME_ABBR":"福寿园","ORG_CODE":"10359119","STD_REPORT_DATE":"2024-06-30 00:00:00","REPORT_DATE":"2024-06-30 00:00:00","DATE_TYPE_CODE":"002","REPORT_TYPE":"2024年中报","PER_NETCASH_OPERATE":0.145935315325,"PER_OI":0.474161965557,"BPS":2.616475152131,"BASIC_EPS":0.132,"DILUTED_EPS":0.132,"OPERATE_INCOME":1099991000,"OPERATE_INCOME_YOY":-27.8477732985,"GROSS_PROFIT":957781000,"GROSS_PROFIT_YOY":-27.76071109368,"HOLDER_PROFIT":298801000,"HOLDER_PROFIT_YOY":-35.703419026,"GROSS_PROFIT_RATIO":87.07171240492,"EPS_TTM":0.269549489022,"OPERATE_INCOME_QOQ":-16.154730408226,"NET_PROFIT_RATIO":33.0125428299,"ROE_AVG":4.984203397521,"GROSS_PROFIT_QOQ":-16.330471265143,"ROA":3.419437917469,"HOLDER_PROFIT_QOQ":-20.969870077347,"ROE_YEARLY":9.968406795041,"ROIC_YEARLY":10.732926581442,"TOTAL_ASSETS":8808828000,"TOTAL_LIABILITIES":2029643000,"TAX_EBT":33.091902707941,"OCF_SALES":30.777524543383,"TOTAL_PARENT_EQUITY":6069865000,"DEBT_ASSET_RATIO":23.041010677,"OPERATE_PROFIT":512237000,"PRETAX_PROFIT":542737000,"NETCASH_OPERATE":338550000,"NETCASH_INVEST":-176474000,"NETCASH_FINANCE":-210388000,"END_CASH":2247155000,"DIVI_RATIO":0.446655181715,"DIVIDEND_RATE":3.086247086247,"CURRENT_RATIO":3.699321423408,"COMMON_ACS":20000000000,"CURRENTDEBT_DEBT":56.5757623385,"ISSUED_COMMON_SHARES":2319863422,"HK_COMMON_SHARES":2319863422,"PER_SHARES":1000,"TOTAL_MARKET_CAP":9952214080.38,"HKSK_MARKET_CAP":9952214080.38,"PE_TTM":14.289693451265,"PB_TTM":1.496439664948,"REPORT_DATE_SQ":"2023-06-30 00:00:00","REPORT_TYPE_SQ":"2023年中报","OPERATE_INCOME_SQ":1524542000,"DPS_HKD":0.1324,"OPERATE_INCOME_QOQ_SQ":28.464800108306,"NET_PROFIT_RATIO_SQ":38.4036648384,"HOLDER_PROFIT_SQ":464723000,"HOLDER_PROFIT_QOQ_SQ":30.917892000559,"ROE_AVG_SQ":8.256221195373,"PE_TTM_SQ":12.788657375999,"PB_TTM_SQ":1.90885607034,"ROA_SQ":5.753263921232,"START_DATE":"2024-01-01 00:00:00","FISCAL_YEAR":"12-31","CURRENCY":"HKD","IS_CNY_CODE":0,"DPS_HKD_LY":0.1324,"ORG_TYPE":"一般企业","PREMIUM_INCOME":null,"PREMIUM_INCOME_YOY":null,"NET_INTEREST_INCOME":null,"NET_INTEREST_INCOME_YOY":null,"FEE_COMMISSION_INCOME":null,"FEE_COMMISSION_INCOME_YOY":null,"ACCOUNTS_RECE_TDAYS":5.599485861183,"INVENTORY_TDAYS":0.252975634574,"CURRENT_ASSETS_TDAYS":0.265652108812,"TOTAL_ASSETS_TDAYS":0.125881470754,"PREMIUM_EXPENSE":null,"LOAN_DEPOSIT":null,"LOAN_EQUITY":null,"LOAN_ASSETS":null,"DEPOSIT_EQUITY":null,"DEPOSIT_ASSETS":null,"EQUITY_MULTIPLIER":1.299393363656,"EQUITY_RATIO":0.334380253927},{"SECUCODE":"01448.HK","SECURITY_CODE":"01448","SECURITY_NAME_ABBR":"福寿园","ORG_CODE":"10359119","STD_REPORT_DATE":"2023-12-31 00:00:00","REPORT_DATE":"2023-12-31 00:00:00","DATE_TYPE_CODE":"001","REPORT_TYPE":"2023年年报","PER_NETCASH_OPERATE":0.475406435371,"PER_OI":1.132837810656,"BPS":2.551898074627,"BASIC_EPS":0.348,"DILUTED_EPS":0.348,"OPERATE_INCOME":2628029000,"OPERATE_INCOME_YOY":21.0166483547,"GROSS_PROFIT":2253848000,"GROSS_PROFIT_YOY":23.102030828925,"HOLDER_PROFIT":791240000,"HOLDER_PROFIT_YOY":20.1404199236,"GROSS_PROFIT_RATIO":85.761915108243,"EPS_TTM":0.341071802976,"OPERATE_INCOME_QOQ":-5.797815235996,"NET_PROFIT_RATIO":37.1349022404,"ROE_AVG":13.886503753616,"GROSS_PROFIT_QOQ":-6.203941531234,"ROA":9.600284596678,"HOLDER_PROFIT_QOQ":-8.232237711953,"ROE_YEARLY":13.886503753616,"ROIC_YEARLY":14.717034124421,"TOTAL_ASSETS":8667787000,"TOTAL_LIABILITIES":2093923000,"TAX_EBT":31.828209065114,"OCF_SALES":41.965975261308,"TOTAL_PARENT_EQUITY":5920055000,"DEBT_ASSET_RATIO":24.157527175,"OPERATE_PROFIT":1372199000,"PRETAX_PROFIT":1431554000,"NETCASH_OPERATE":1102878000,"NETCASH_INVEST":-362126000,"NETCASH_FINANCE":-387518000,"END_CASH":2295467000,"DIVI_RATIO":0.352992170415,"DIVIDEND_RATE":3.229268292683,"CURRENT_RATIO":3.205854301351,"COMMON_ACS":20000000000,"CURRENTDEBT_DEBT":60.087500829782,"ISSUED_COMMON_SHARES":2319863422,"HK_COMMON_SHARES":2319863422,"PER_SHARES":1000,"TOTAL_MARKET_CAP":9511440030.2,"HKSK_MARKET_CAP":9511440030.2,"PE_TTM":13.656816585125,"PB_TTM":1.430163782351,"REPORT_DATE_SQ":"2022-12-31 00:00:00","REPORT_TYPE_SQ":"2022年年报","OPERATE_INCOME_SQ":2171626000,"DPS_HKD":0.1324,"OPERATE_INCOME_QOQ_SQ":3.874686038263,"NET_PROFIT_RATIO_SQ":37.332809609,"HOLDER_PROFIT_SQ":658596000,"HOLDER_PROFIT_QOQ_SQ":7.30531039056,"ROE_AVG_SQ":12.521791109931,"PE_TTM_SQ":12.193836102696,"PB_TTM_SQ":1.820072067068,"ROA_SQ":8.653587091965,"START_DATE":"2023-01-01 00:00:00","FISCAL_YEAR":"12-31","CURRENCY":"HKD","IS_CNY_CODE":0,"DPS_HKD_LY":0.1664,"ORG_TYPE":"一般企业","PREMIUM_INCOME":null,"PREMIUM_INCOME_YOY":null,"NET_INTEREST_INCOME":null,"NET_INTEREST_INCOME_YOY":null,"FEE_COMMISSION_INCOME":null,"FEE_COMMISSION_INCOME_YOY":null,"ACCOUNTS_RECE_TDAYS":8.142627641561,"INVENTORY_TDAYS":0.670005523976,"CURRENT_ASSETS_TDAYS":0.701720625085,"TOTAL_ASSETS_TDAYS":0.318864394221,"PREMIUM_EXPENSE":null,"LOAN_DEPOSIT":null,"LOAN_EQUITY":null,"LOAN_ASSETS":null,"DEPOSIT_EQUITY":null,"DEPOSIT_ASSETS":null,"EQUITY_MULTIPLIER":1.318522409346,"EQUITY_RATIO":0.353699923396},{"SECUCODE":"01448.HK","SECURITY_CODE":"01448","SECURITY_NAME_ABBR":"福寿园","ORG_CODE":"10359119","STD_REPORT_DATE":"2023-06-30 00:00:00","REPORT_DATE":"2023-06-30 00:00:00","DATE_TYPE_CODE":"002","REPORT_TYPE":"2023年中报","PER_NETCASH_OPERATE":0.287673400801,"PER_OI":0.657168859831,"BPS":2.492286806702,"BASIC_EPS":0.205,"DILUTED_EPS":0.205,"OPERATE_INCOME":1524542000,"OPERATE_INCOME_YOY":68.1987835299,"GROSS_PROFIT":1325845000,"GROSS_PROFIT_YOY":71.112100562697,"HOLDER_PROFIT":464723000,"HOLDER_PROFIT_YOY":77.9872768567,"GROSS_PROFIT_RATIO":87.229541724662,"EPS_TTM":0.371668431781,"OPERATE_INCOME_QOQ":28.464800108306,"NET_PROFIT_RATIO":38.4036648384,"ROE_AVG":8.256221195373,"GROSS_PROFIT_QOQ":30.034476731318,"ROA":5.753263921232,"HOLDER_PROFIT_QOQ":30.917892000559,"ROE_YEARLY":16.512442390746,"ROIC_YEARLY":17.66267518325,"TOTAL_ASSETS":8339217000,"TOTAL_LIABILITIES":1811225000,"TAX_EBT":32.352458618626,"OCF_SALES":43.774654945551,"TOTAL_PARENT_EQUITY":5781765000,"DEBT_ASSET_RATIO":21.7193652594,"OPERATE_PROFIT":845158000,"PRETAX_PROFIT":865486000,"NETCASH_OPERATE":667363000,"NETCASH_INVEST":-109881000,"NETCASH_FINANCE":-273082000,"END_CASH":2226633000,"DIVI_RATIO":0.323933015842,"DIVIDEND_RATE":3.229268292683,"CURRENT_RATIO":3.670641098951,"COMMON_ACS":20000000000,"CURRENTDEBT_DEBT":58.511449433395,"ISSUED_COMMON_SHARES":2319863422,"HK_COMMON_SHARES":2319863422,"PER_SHARES":1000,"TOTAL_MARKET_CAP":9511440030.2,"HKSK_MARKET_CAP":9511440030.2,"PE_TTM":13.656816585125,"PB_TTM":1.430163782351,"REPORT_DATE_SQ":"2022-06-30 00:00:00","REPORT_TYPE_SQ":"2022年中报","OPERATE_INCOME_SQ":906393000,"DPS_HKD":0.1324,"OPERATE_INCOME_QOQ_SQ":-10.113601576715,"NET_PROFIT_RATIO_SQ":36.0770659085,"HOLDER_PROFIT_SQ":261099000,"HOLDER_PROFIT_QOQ_SQ":-14.759601296052,"ROE_AVG_SQ":5.099563947527,"PE_TTM_SQ":12.193836102696,"PB_TTM_SQ":1.820072067068,"ROA_SQ":3.527841886142,"START_DATE":"2023-01-01 00:00:00","FISCAL_YEAR":"12-31","CURRENCY":"HKD","IS_CNY_CODE":0,"DPS_HKD_LY":0.1664,"ORG_TYPE":"一般企业","PREMIUM_INCOME":null,"PREMIUM_INCOME_YOY":null,"NET_INTEREST_INCOME":null,"NET_INTEREST_INCOME_YOY":null,"FEE_COMMISSION_INCOME":null,"FEE_COMMISSION_INCOME_YOY":null,"ACCOUNTS_RECE_TDAYS":4.313122054172,"INVENTORY_TDAYS":0.346724486434,"CURRENT_ASSETS_TDAYS":0.415025891784,"TOTAL_ASSETS_TDAYS":0.188738075908,"PREMIUM_EXPENSE":null,"LOAN_DEPOSIT":null,"LOAN_EQUITY":null,"LOAN_ASSETS":null,"DEPOSIT_EQUITY":null,"DEPOSIT_ASSETS":null,"EQUITY_MULTIPLIER":1.277455150068,"EQUITY_RATIO":0.313265066982},{"SECUCODE":"01448.HK","SECURITY_CODE":"01448","SECURITY_NAME_ABBR":"福寿园","ORG_CODE":"10359119","STD_REPORT_DATE":"2022-12-31 00:00:00","REPORT_DATE":"2022-12-31 00:00:00","DATE_TYPE_CODE":"001","REPORT_TYPE":"2022年年报","PER_NETCASH_OPERATE":0.367665178868,"PER_OI":0.936100797748,"BPS":2.360379472374,"BASIC_EPS":0.29,"DILUTED_EPS":0.29,"OPERATE_INCOME":2171626000,"OPERATE_INCOME_YOY":-6.6307858467,"GROSS_PROFIT":1830878000,"GROSS_PROFIT_YOY":-6.41013189332,"HOLDER_PROFIT":658596000,"HOLDER_PROFIT_YOY":-8.5325255926,"GROSS_PROFIT_RATIO":85.093519786556,"EPS_TTM":0.283894299015,"OPERATE_INCOME_QOQ":3.874686038263,"NET_PROFIT_RATIO":37.332809609,"ROE_AVG":12.521791109931,"GROSS_PROFIT_QOQ":6.086603581969,"ROA":8.653587091965,"HOLDER_PROFIT_QOQ":7.30531039056,"ROE_YEARLY":12.521791109931,"ROIC_YEARLY":12.40617140136,"TOTAL_ASSETS":7815891000,"TOTAL_LIABILITIES":1701887000,"TAX_EBT":25.771352447572,"OCF_SALES":39.276238173608,"TOTAL_PARENT_EQUITY":5475758000,"DEBT_ASSET_RATIO":21.774702334,"OPERATE_PROFIT":1030327000,"PRETAX_PROFIT":1092205000,"NETCASH_OPERATE":852933000,"NETCASH_INVEST":413235000,"NETCASH_FINANCE":-399541000,"END_CASH":1942233000,"DIVI_RATIO":0.424086275834,"DIVIDEND_RATE":3.229268292683,"CURRENT_RATIO":3.342628183743,"COMMON_ACS":20000000000,"CURRENTDEBT_DEBT":60.763199906927,"ISSUED_COMMON_SHARES":2319863422,"HK_COMMON_SHARES":2319863422,"PER_SHARES":1000,"TOTAL_MARKET_CAP":9511440030.2,"HKSK_MARKET_CAP":9511440030.2,"PE_TTM":13.656816585125,"PB_TTM":1.430163782351,"REPORT_DATE_SQ":"2021-12-31 00:00:00","REPORT_TYPE_SQ":"2021年年报","OPERATE_INCOME_SQ":2325848000,"DPS_HKD":0.1324,"OPERATE_INCOME_QOQ_SQ":1.111604771249,"NET_PROFIT_RATIO_SQ":38.2503069848,"HOLDER_PROFIT_SQ":720033000,"HOLDER_PROFIT_QOQ_SQ":-2.692194379651,"ROE_AVG_SQ":14.983018463331,"PE_TTM_SQ":12.193836102696,"PB_TTM_SQ":1.820072067068,"ROA_SQ":10.225108947448,"START_DATE":"2022-01-01 00:00:00","FISCAL_YEAR":"12-31","CURRENCY":"HKD","IS_CNY_CODE":0,"DPS_HKD_LY":0.1128,"ORG_TYPE":"一般企业","PREMIUM_INCOME":null,"PREMIUM_INCOME_YOY":null,"NET_INTEREST_INCOME":null,"NET_INTEREST_INCOME_YOY":null,"FEE_COMMISSION_INCOME":null,"FEE_COMMISSION_INCOME_YOY":null,"ACCOUNTS_RECE_TDAYS":7.453155781309,"INVENTORY_TDAYS":0.586731554359,"CURRENT_ASSETS_TDAYS":0.668950484826,"TOTAL_ASSETS_TDAYS":0.285339642545,"PREMIUM_EXPENSE":null,"LOAN_DEPOSIT":null,"LOAN_EQUITY":null,"LOAN_ASSETS":null,"DEPOSIT_EQUITY":null,"DEPOSIT_ASSETS":null,"EQUITY_MULTIPLIER":1.278358829991,"EQUITY_RATIO":0.310803910618},{"SECUCODE":"01448.HK","SECURITY_CODE":"01448","SECURITY_NAME_ABBR":"福寿园","ORG_CODE":"10359119","STD_REPORT_DATE":"2022-06-30 00:00:00","REPORT_DATE":"2022-06-30 00:00:00","DATE_TYPE_CODE":"002","REPORT_TYPE":"2022年中报","PER_NETCASH_OPERATE":0.103659490035,"PER_OI":0.390624942426,"BPS":2.240050836924,"BASIC_EPS":0.115,"DILUTED_EPS":0.115,"OPERATE_INCOME":906393000,"OPERATE_INCOME_YOY":-20.6046670521,"GROSS_PROFIT":774840000,"GROSS_PROFIT_YOY":-21.672174334101,"HOLDER_PROFIT":261099000,"HOLDER_PROFIT_YOY":-28.928092157,"GROSS_PROFIT_RATIO":85.486097090335,"EPS_TTM":0.264509516334,"OPERATE_INCOME_QOQ":-10.113601576715,"NET_PROFIT_RATIO":36.0770659085,"ROE_AVG":5.099563947527,"GROSS_PROFIT_QOQ":-10.958923016054,"ROA":3.527841886142,"HOLDER_PROFIT_QOQ":-14.759601296052,"ROE_YEARLY":10.199127895054,"ROIC_YEARLY":9.65176797889,"TOTAL_ASSETS":7396744000,"TOTAL_LIABILITIES":1616551000,"TAX_EBT":25.386416220582,"OCF_SALES":26.536833360364,"TOTAL_PARENT_EQUITY":5196612000,"DEBT_ASSET_RATIO":21.8548999398,"OPERATE_PROFIT":409218000,"PRETAX_PROFIT":438258000,"NETCASH_OPERATE":240528000,"NETCASH_INVEST":278538000,"NETCASH_FINANCE":-234328000,"END_CASH":1360344000,"DIVI_RATIO":0.45516576367,"DIVIDEND_RATE":3.229268292683,"CURRENT_RATIO":3.198780712902,"COMMON_ACS":20000000000,"CURRENTDEBT_DEBT":58.314398988959,"ISSUED_COMMON_SHARES":2319863422,"HK_COMMON_SHARES":2319863422,"PER_SHARES":1000,"TOTAL_MARKET_CAP":9511440030.2,"HKSK_MARKET_CAP":9511440030.2,"PE_TTM":13.656816585125,"PB_TTM":1.430163782351,"REPORT_DATE_SQ":"2021-06-30 00:00:00","REPORT_TYPE_SQ":"2021年中报","OPERATE_INCOME_SQ":1141620000,"DPS_HKD":0.1324,"OPERATE_INCOME_QOQ_SQ":21.544677858346,"NET_PROFIT_RATIO_SQ":39.9112664459,"HOLDER_PROFIT_SQ":367373000,"HOLDER_PROFIT_QOQ_SQ":19.335100892811,"ROE_AVG_SQ":7.78244332661,"PE_TTM_SQ":12.193836102696,"PB_TTM_SQ":1.820072067068,"ROA_SQ":5.39367429958,"START_DATE":"2022-01-01 00:00:00","FISCAL_YEAR":"12-31","CURRENCY":"HKD","IS_CNY_CODE":0,"DPS_HKD_LY":0.1128,"ORG_TYPE":"一般企业","PREMIUM_INCOME":null,"PREMIUM_INCOME_YOY":null,"NET_INTEREST_INCOME":null,"NET_INTEREST_INCOME_YOY":null,"FEE_COMMISSION_INCOME":null,"FEE_COMMISSION_INCOME_YOY":null,"ACCOUNTS_RECE_TDAYS":2.801846067292,"INVENTORY_TDAYS":0.239120319038,"CURRENT_ASSETS_TDAYS":0.299565372368,"TOTAL_ASSETS_TDAYS":0.122467385578,"PREMIUM_EXPENSE":null,"LOAN_DEPOSIT":null,"LOAN_EQUITY":null,"LOAN_ASSETS":null,"DEPOSIT_EQUITY":null,"DEPOSIT_ASSETS":null,"EQUITY_MULTIPLIER":1.279670765319,"EQUITY_RATIO":0.311077871506},{"SECUCODE":"01448.HK","SECURITY_CODE":"01448","SECURITY_NAME_ABBR":"福寿园","ORG_CODE":"10359119","STD_REPORT_DATE":"2021-12-31 00:00:00","REPORT_DATE":"2021-12-31 00:00:00","DATE_TYPE_CODE":"001","REPORT_TYPE":"2021年年报","PER_NETCASH_OPERATE":0.427677710982,"PER_OI":1.002362376023,"BPS":2.174024536174,"BASIC_EPS":0.316,"DILUTED_EPS":0.316,"OPERATE_INCOME":2325848000,"OPERATE_INCOME_YOY":22.8957742966,"GROSS_PROFIT":1956278000,"GROSS_PROFIT_YOY":20.76543043733,"HOLDER_PROFIT":720033000,"HOLDER_PROFIT_YOY":16.1223680136,"GROSS_PROFIT_RATIO":84.110311593879,"EPS_TTM":0.310310041196,"OPERATE_INCOME_QOQ":1.111604771249,"NET_PROFIT_RATIO":38.2503069848,"ROE_AVG":14.983018463331,"GROSS_PROFIT_QOQ":-0.444880968133,"ROA":10.225108947448,"HOLDER_PROFIT_QOQ":-2.692194379651,"ROE_YEARLY":14.983018463331,"ROIC_YEARLY":14.001294088079,"TOTAL_ASSETS":7405450000,"TOTAL_LIABILITIES":1733130000,"TAX_EBT":24.55753094167,"OCF_SALES":42.666975657911,"TOTAL_PARENT_EQUITY":5043440000,"DEBT_ASSET_RATIO":23.4034393589,"OPERATE_PROFIT":1094478000,"PRETAX_PROFIT":1179235000,"NETCASH_OPERATE":992369000,"NETCASH_INVEST":-648300000,"NETCASH_FINANCE":-502485000,"END_CASH":1075606000,"DIVI_RATIO":0.387985111716,"DIVIDEND_RATE":3.229268292683,"CURRENT_RATIO":2.80798233793,"COMMON_ACS":20000000000,"CURRENTDEBT_DEBT":62.383491140307,"ISSUED_COMMON_SHARES":2319863422,"HK_COMMON_SHARES":2319863422,"PER_SHARES":1000,"TOTAL_MARKET_CAP":9511440030.2,"HKSK_MARKET_CAP":9511440030.2,"PE_TTM":13.656816585125,"PB_TTM":1.430163782351,"REPORT_DATE_SQ":"2020-12-31 00:00:00","REPORT_TYPE_SQ":"2020年年报","OPERATE_INCOME_SQ":1892537000,"DPS_HKD":0.1324,"OPERATE_INCOME_QOQ_SQ":13.140682082991,"NET_PROFIT_RATIO_SQ":40.0153339142,"HOLDER_PROFIT_SQ":620064000,"HOLDER_PROFIT_QOQ_SQ":17.181361015517,"ROE_AVG_SQ":14.401754231327,"PE_TTM_SQ":12.193836102696,"PB_TTM_SQ":1.820072067068,"ROA_SQ":9.792704319677,"START_DATE":"2021-01-01 00:00:00","FISCAL_YEAR":"12-31","CURRENCY":"HKD","IS_CNY_CODE":0,"DPS_HKD_LY":0.1117,"ORG_TYPE":"一般企业","PREMIUM_INCOME":null,"PREMIUM_INCOME_YOY":null,"NET_INTEREST_INCOME":null,"NET_INTEREST_INCOME_YOY":null,"FEE_COMMISSION_INCOME":null,"FEE_COMMISSION_INCOME_YOY":null,"ACCOUNTS_RECE_TDAYS":17.031256521691,"INVENTORY_TDAYS":0.706128492954,"CURRENT_ASSETS_TDAYS":0.7926321965,"TOTAL_ASSETS_TDAYS":0.33029110048,"PREMIUM_EXPENSE":null,"LOAN_DEPOSIT":null,"LOAN_EQUITY":null,"LOAN_ASSETS":null,"DEPOSIT_EQUITY":null,"DEPOSIT_ASSETS":null,"EQUITY_MULTIPLIER":1.305541647863,"EQUITY_RATIO":0.343640451755},{"SECUCODE":"01448.HK","SECURITY_CODE":"01448","SECURITY_NAME_ABBR":"福寿园","ORG_CODE":"10359119","STD_REPORT_DATE":"2021-06-30 00:00:00","REPORT_DATE":"2021-06-30 00:00:00","DATE_TYPE_CODE":"002","REPORT_TYPE":"2021年中报","PER_NETCASH_OPERATE":0.217415661258,"PER_OI":0.491999879491,"BPS":2.100636595149,"BASIC_EPS":0.161,"DILUTED_EPS":0.161,"OPERATE_INCOME":1141620000,"OPERATE_INCOME_YOY":55.5597039839,"GROSS_PROFIT":989227000,"GROSS_PROFIT_YOY":53.581398092861,"HOLDER_PROFIT":367373000,"HOLDER_PROFIT_YOY":48.4437314886,"GROSS_PROFIT_RATIO":86.65116238328,"EPS_TTM":0.318895323163,"OPERATE_INCOME_QOQ":21.544677858346,"NET_PROFIT_RATIO":39.9112664459,"ROE_AVG":7.78244332661,"GROSS_PROFIT_QOQ":21.305093712633,"ROA":5.39367429958,"HOLDER_PROFIT_QOQ":19.335100892811,"ROE_YEARLY":15.56488665322,"ROIC_YEARLY":14.83964062729,"TOTAL_ASSETS":6944190000,"TOTAL_LIABILITIES":1476198000,"TAX_EBT":24.844331180774,"OCF_SALES":44.190185876211,"TOTAL_PARENT_EQUITY":4873190000,"DEBT_ASSET_RATIO":21.2580300942,"OPERATE_PROFIT":565352000,"PRETAX_PROFIT":606255000,"NETCASH_OPERATE":504484000,"NETCASH_INVEST":-605751000,"NETCASH_FINANCE":-147909000,"END_CASH":984846000,"DIVI_RATIO":0.377539798345,"DIVIDEND_RATE":3.229268292683,"CURRENT_RATIO":2.987775545759,"COMMON_ACS":20000000000,"CURRENTDEBT_DEBT":58.440466658267,"ISSUED_COMMON_SHARES":2319863422,"HK_COMMON_SHARES":2319863422,"PER_SHARES":1000,"TOTAL_MARKET_CAP":9511440030.2,"HKSK_MARKET_CAP":9511440030.2,"PE_TTM":13.656816585125,"PB_TTM":1.430163782351,"REPORT_DATE_SQ":"2020-06-30 00:00:00","REPORT_TYPE_SQ":"2020年中报","OPERATE_INCOME_SQ":733879000,"DPS_HKD":0.1324,"OPERATE_INCOME_QOQ_SQ":-9.610261464821,"NET_PROFIT_RATIO_SQ":41.8851064004,"HOLDER_PROFIT_SQ":247483000,"HOLDER_PROFIT_QOQ_SQ":-8.543344988325,"ROE_AVG_SQ":6.017539841282,"PE_TTM_SQ":12.193836102696,"PB_TTM_SQ":1.820072067068,"ROA_SQ":4.116916139811,"START_DATE":"2021-01-01 00:00:00","FISCAL_YEAR":"12-31","CURRENCY":"HKD","IS_CNY_CODE":0,"DPS_HKD_LY":0.1117,"ORG_TYPE":"一般企业","PREMIUM_INCOME":null,"PREMIUM_INCOME_YOY":null,"NET_INTEREST_INCOME":null,"NET_INTEREST_INCOME_YOY":null,"FEE_COMMISSION_INCOME":null,"FEE_COMMISSION_INCOME_YOY":null,"ACCOUNTS_RECE_TDAYS":7.839423727301,"INVENTORY_TDAYS":0.300917108733,"CURRENT_ASSETS_TDAYS":0.422020383494,"TOTAL_ASSETS_TDAYS":0.167609662493,"PREMIUM_EXPENSE":null,"LOAN_DEPOSIT":null,"LOAN_EQUITY":null,"LOAN_ASSETS":null,"DEPOSIT_EQUITY":null,"DEPOSIT_ASSETS":null,"EQUITY_MULTIPLIER":1.269970768062,"EQUITY_RATIO":0.302922315773},{"SECUCODE":"01448.HK","SECURITY_CODE":"01448","SECURITY_NAME_ABBR":"福寿园","ORG_CODE":"10359119","STD_REPORT_DATE":"2020-12-31 00:00:00","REPORT_DATE":"2020-12-31 00:00:00","DATE_TYPE_CODE":"001","REPORT_TYPE":"2020年年报","PER_NETCASH_OPERATE":0.355986311931,"PER_OI":0.81925954409,"BPS":1.969030140603,"BASIC_EPS":0.274,"DILUTED_EPS":0.273,"OPERATE_INCOME":1892537000,"OPERATE_INCOME_YOY":2.2675667117,"GROSS_PROFIT":1619899000,"GROSS_PROFIT_YOY":2.115112339931,"HOLDER_PROFIT":620064000,"HOLDER_PROFIT_YOY":7.1701530819,"GROSS_PROFIT_RATIO":85.594046510055,"EPS_TTM":0.268419243559,"OPERATE_INCOME_QOQ":13.140682082991,"NET_PROFIT_RATIO":40.0153339142,"ROE_AVG":14.401754231327,"GROSS_PROFIT_QOQ":12.940197922607,"ROA":9.792704319677,"HOLDER_PROFIT_QOQ":17.181361015517,"ROE_YEARLY":14.401754231327,"ROIC_YEARLY":14.945219373175,"TOTAL_ASSETS":6678175000,"TOTAL_LIABILITIES":1536089000,"TAX_EBT":22.730996878855,"OCF_SALES":43.452201991295,"TOTAL_PARENT_EQUITY":4567881000,"DEBT_ASSET_RATIO":23.0016284389,"OPERATE_PROFIT":927903000,"PRETAX_PROFIT":980089000,"NETCASH_OPERATE":822349000,"NETCASH_INVEST":-1109086000,"NETCASH_FINANCE":-486383000,"END_CASH":1234022000,"DIVI_RATIO":0.448535933578,"DIVIDEND_RATE":3.229268292683,"CURRENT_RATIO":3.02674121911,"COMMON_ACS":20000000000,"CURRENTDEBT_DEBT":60.927198879752,"ISSUED_COMMON_SHARES":2319863422,"HK_COMMON_SHARES":2319863422,"PER_SHARES":1000,"TOTAL_MARKET_CAP":9511440030.2,"HKSK_MARKET_CAP":9511440030.2,"PE_TTM":13.656816585125,"PB_TTM":1.430163782351,"REPORT_DATE_SQ":"2019-12-31 00:00:00","REPORT_TYPE_SQ":"2019年年报","OPERATE_INCOME_SQ":1850574000,"DPS_HKD":0.1324,"OPERATE_INCOME_QOQ_SQ":4.327751368807,"NET_PROFIT_RATIO_SQ":39.7346444941,"HOLDER_PROFIT_SQ":578579000,"HOLDER_PROFIT_QOQ_SQ":10.586996286237,"ROE_AVG_SQ":15.315437057053,"PE_TTM_SQ":12.193836102696,"PB_TTM_SQ":1.820072067068,"ROA_SQ":10.310296664339,"START_DATE":"2020-01-01 00:00:00","FISCAL_YEAR":"12-31","CURRENCY":"HKD","IS_CNY_CODE":0,"DPS_HKD_LY":0.0749,"ORG_TYPE":"一般企业","PREMIUM_INCOME":null,"PREMIUM_INCOME_YOY":null,"NET_INTEREST_INCOME":null,"NET_INTEREST_INCOME_YOY":null,"FEE_COMMISSION_INCOME":null,"FEE_COMMISSION_INCOME_YOY":null,"ACCOUNTS_RECE_TDAYS":17.20660247843,"INVENTORY_TDAYS":0.55452435723,"CURRENT_ASSETS_TDAYS":0.646642054317,"TOTAL_ASSETS_TDAYS":0.298889392951,"PREMIUM_EXPENSE":null,"LOAN_DEPOSIT":null,"LOAN_EQUITY":null,"LOAN_ASSETS":null,"DEPOSIT_EQUITY":null,"DEPOSIT_ASSETS":null,"EQUITY_MULTIPLIER":1.298728764941,"EQUITY_RATIO":0.336280432875},{"SECUCODE":"01448.HK","SECURITY_CODE":"01448","SECURITY_NAME_ABBR":"福寿园","ORG_CODE":"10359119","STD_REPORT_DATE":"2020-06-30 00:00:00","REPORT_DATE":"2020-06-30 00:00:00","DATE_TYPE_CODE":"002","REPORT_TYPE":"2020年中报","PER_NETCASH_OPERATE":0.136552511675,"PER_OI":0.320296285798,"BPS":1.802829408118,"BASIC_EPS":0.109,"DILUTED_EPS":0.109,"OPERATE_INCOME":733879000,"OPERATE_INCOME_YOY":-19.5064515138,"GROSS_PROFIT":644106000,"GROSS_PROFIT_YOY":-19.097812734722,"HOLDER_PROFIT":247483000,"HOLDER_PROFIT_YOY":-16.6479743224,"GROSS_PROFIT_RATIO":87.767329491646,"EPS_TTM":0.230943328987,"OPERATE_INCOME_QOQ":-9.610261464821,"NET_PROFIT_RATIO":41.8851064004,"ROE_AVG":6.017539841282,"GROSS_PROFIT_QOQ":-9.584794237827,"ROA":4.116916139811,"HOLDER_PROFIT_QOQ":-8.543344988325,"ROE_YEARLY":12.035079682563,"ROIC_YEARLY":13.60679275761,"TOTAL_ASSETS":6037117000,"TOTAL_LIABILITIES":1332950000,"TAX_EBT":20.725520891092,"OCF_SALES":42.633186124688,"TOTAL_PARENT_EQUITY":4182318000,"DEBT_ASSET_RATIO":22.0792474289,"OPERATE_PROFIT":356795000,"PRETAX_PROFIT":387749000,"NETCASH_OPERATE":312876000,"NETCASH_INVEST":-529890000,"NETCASH_FINANCE":-347762000,"END_CASH":1442366000,"DIVI_RATIO":0.521321297861,"DIVIDEND_RATE":3.229268292683,"CURRENT_RATIO":3.62066322871,"COMMON_ACS":20000000000,"CURRENTDEBT_DEBT":59.616489740801,"ISSUED_COMMON_SHARES":2319863422,"HK_COMMON_SHARES":2319863422,"PER_SHARES":1000,"TOTAL_MARKET_CAP":9511440030.2,"HKSK_MARKET_CAP":9511440030.2,"PE_TTM":13.656816585125,"PB_TTM":1.430163782351,"REPORT_DATE_SQ":"2019-06-30 00:00:00","REPORT_TYPE_SQ":"2019年中报","OPERATE_INCOME_SQ":911724000,"DPS_HKD":0.1324,"OPERATE_INCOME_QOQ_SQ":7.418947144036,"NET_PROFIT_RATIO_SQ":41.9010577763,"HOLDER_PROFIT_SQ":296913000,"HOLDER_PROFIT_QOQ_SQ":7.130951503387,"ROE_AVG_SQ":8.113870134299,"PE_TTM_SQ":12.193836102696,"PB_TTM_SQ":1.820072067068,"ROA_SQ":5.496734270082,"START_DATE":"2020-01-01 00:00:00","FISCAL_YEAR":"12-31","CURRENCY":"HKD","IS_CNY_CODE":0,"DPS_HKD_LY":0.0749,"ORG_TYPE":"一般企业","PREMIUM_INCOME":null,"PREMIUM_INCOME_YOY":null,"NET_INTEREST_INCOME":null,"NET_INTEREST_INCOME_YOY":null,"FEE_COMMISSION_INCOME":null,"FEE_COMMISSION_INCOME_YOY":null,"ACCOUNTS_RECE_TDAYS":7.430557383689,"INVENTORY_TDAYS":0.187029616026,"CURRENT_ASSETS_TDAYS":0.24886095128,"TOTAL_ASSETS_TDAYS":0.122081852077,"PREMIUM_EXPENSE":null,"LOAN_DEPOSIT":null,"LOAN_EQUITY":null,"LOAN_ASSETS":null,"DEPOSIT_EQUITY":null,"DEPOSIT_ASSETS":null,"EQUITY_MULTIPLIER":1.283355161499,"EQUITY_RATIO":0.318710820172}],"count":27},"success":true,"message":"ok","code":0}