{"version":"c2e0c1d9965e0e49f94fbea06ef84d4d","result":{"pages":3,"data":[{"SECUCODE":"01446.HK","SECURITY_CODE":"01446","SECURITY_NAME_ABBR":"鸿福堂","ORG_CODE":"10401103","STD_REPORT_DATE":"2024-06-30 00:00:00","REPORT_DATE":"2024-06-30 00:00:00","DATE_TYPE_CODE":"002","REPORT_TYPE":"2024年中报","PER_NETCASH_OPERATE":0.067506518178,"PER_OI":0.42859549864,"BPS":0.370021763748,"BASIC_EPS":-0.011043428,"DILUTED_EPS":-0.011043428,"OPERATE_INCOME":281134645.76,"OPERATE_INCOME_YOY":-7.1292036252,"GROSS_PROFIT":165677887.72,"GROSS_PROFIT_YOY":-7.327781157526,"HOLDER_PROFIT":-7232989,"HOLDER_PROFIT_YOY":17.8671364908,"GROSS_PROFIT_RATIO":58.931864221899,"EPS_TTM":-0.045295096228,"OPERATE_INCOME_QOQ":-4.045964419453,"NET_PROFIT_RATIO":-3.4947667775,"ROE_AVG":-2.913142407634,"GROSS_PROFIT_QOQ":-3.673923162938,"ROA":-1.140636525556,"HOLDER_PROFIT_QOQ":5.301151138991,"ROE_YEARLY":-5.826284815268,"ROIC_YEARLY":-2.497730768261,"TOTAL_ASSETS":616800096.16,"TOTAL_LIABILITIES":397097941.2,"TAX_EBT":0.572642467904,"OCF_SALES":15.750636297528,"TOTAL_PARENT_EQUITY":242713555.8,"DEBT_ASSET_RATIO":64.3803306245,"OPERATE_PROFIT":-5381161.28,"PRETAX_PROFIT":-9881586.36,"NETCASH_OPERATE":44280495.56,"NETCASH_INVEST":-4647366.56,"NETCASH_FINANCE":-47447495.16,"END_CASH":72449451.08,"DIVI_RATIO":null,"DIVIDEND_RATE":null,"CURRENT_RATIO":0.603335016252,"COMMON_ACS":1000000000,"CURRENTDEBT_DEBT":81.031970396929,"ISSUED_COMMON_SHARES":655944000,"HK_COMMON_SHARES":655944000,"PER_SHARES":2000,"TOTAL_MARKET_CAP":141027960,"HKSK_MARKET_CAP":141027960,"PE_TTM":-4.286955041493,"PB_TTM":0.530309887755,"REPORT_DATE_SQ":"2023-06-30 00:00:00","REPORT_TYPE_SQ":"2023年中报","OPERATE_INCOME_SQ":305800482.44,"DPS_HKD":null,"OPERATE_INCOME_QOQ_SQ":2.451416705101,"NET_PROFIT_RATIO_SQ":-4.1920175592,"HOLDER_PROFIT_SQ":-8896185.02,"HOLDER_PROFIT_QOQ_SQ":-236.736193911986,"ROE_AVG_SQ":-3.092598468604,"PE_TTM_SQ":-11.709857769974,"PB_TTM_SQ":0.395964255673,"ROA_SQ":-1.287220709192,"START_DATE":"2024-01-01 00:00:00","FISCAL_YEAR":"12-31","CURRENCY":"HKD","IS_CNY_CODE":0,"DPS_HKD_LY":null,"ORG_TYPE":"一般企业","PREMIUM_INCOME":null,"PREMIUM_INCOME_YOY":null,"NET_INTEREST_INCOME":null,"NET_INTEREST_INCOME_YOY":null,"FEE_COMMISSION_INCOME":null,"FEE_COMMISSION_INCOME_YOY":null,"ACCOUNTS_RECE_TDAYS":5.521573126356,"INVENTORY_TDAYS":3.676130419621,"CURRENT_ASSETS_TDAYS":1.396489191934,"TOTAL_ASSETS_TDAYS":0.443347066549,"PREMIUM_EXPENSE":null,"LOAN_DEPOSIT":null,"LOAN_EQUITY":null,"LOAN_ASSETS":null,"DEPOSIT_EQUITY":null,"DEPOSIT_ASSETS":null,"EQUITY_MULTIPLIER":2.807437625145,"EQUITY_RATIO":1.636076484855},{"SECUCODE":"01446.HK","SECURITY_CODE":"01446","SECURITY_NAME_ABBR":"鸿福堂","ORG_CODE":"10401103","STD_REPORT_DATE":"2023-12-31 00:00:00","REPORT_DATE":"2023-12-31 00:00:00","DATE_TYPE_CODE":"001","REPORT_TYPE":"2023年年报","PER_NETCASH_OPERATE":0.158687695352,"PER_OI":0.929409331254,"BPS":0.3842797544,"BASIC_EPS":-0.047848416,"DILUTED_EPS":-0.047848416,"OPERATE_INCOME":609640474.38,"OPERATE_INCOME_YOY":-2.0370807231,"GROSS_PROFIT":356580351.82,"GROSS_PROFIT_YOY":-1.574954273462,"HOLDER_PROFIT":-31374242.62,"HOLDER_PROFIT_YOY":-756.8203376968,"GROSS_PROFIT_RATIO":58.490268741202,"EPS_TTM":-0.047830672466,"OPERATE_INCOME_QOQ":-2.994882886928,"NET_PROFIT_RATIO":-6.3347945458,"ROE_AVG":-11.559522140086,"GROSS_PROFIT_QOQ":-3.325945790527,"ROA":-4.700376616641,"HOLDER_PROFIT_QOQ":-243.771723692455,"ROE_YEARLY":-11.559522140086,"ROIC_YEARLY":-5.256904422611,"TOTAL_ASSETS":646826305.86,"TOTAL_LIABILITIES":414946357.14,"TAX_EBT":5.165008790084,"OCF_SALES":17.074037242337,"TOTAL_PARENT_EQUITY":252065999.22,"DEBT_ASSET_RATIO":64.1511257939,"OPERATE_PROFIT":-32966471.16,"PRETAX_PROFIT":-40722808.14,"NETCASH_OPERATE":104090241.64,"NETCASH_INVEST":-14185061.66,"NETCASH_FINANCE":-103811125.88,"END_CASH":80227656.6,"DIVI_RATIO":null,"DIVIDEND_RATE":null,"CURRENT_RATIO":0.618413892987,"COMMON_ACS":1000000000,"CURRENTDEBT_DEBT":80.673834373983,"ISSUED_COMMON_SHARES":655944000,"HK_COMMON_SHARES":655944000,"PER_SHARES":2000,"TOTAL_MARKET_CAP":121349640,"HKSK_MARKET_CAP":121349640,"PE_TTM":-3.688775268262,"PB_TTM":0.456313159231,"REPORT_DATE_SQ":"2022-12-31 00:00:00","REPORT_TYPE_SQ":"2022年年报","OPERATE_INCOME_SQ":613424587.86,"DPS_HKD":null,"OPERATE_INCOME_QOQ_SQ":7.303673319523,"NET_PROFIT_RATIO_SQ":-0.2806100903,"HOLDER_PROFIT_SQ":4708426.17,"HOLDER_PROFIT_QOQ_SQ":-28.73103520462,"ROE_AVG_SQ":2.2642527163,"PE_TTM_SQ":-13.245576821773,"PB_TTM_SQ":0.447893994122,"ROA_SQ":0.949778793824,"START_DATE":"2023-01-01 00:00:00","FISCAL_YEAR":"12-31","CURRENCY":"HKD","IS_CNY_CODE":0,"DPS_HKD_LY":0.0028,"ORG_TYPE":"一般企业","PREMIUM_INCOME":null,"PREMIUM_INCOME_YOY":null,"NET_INTEREST_INCOME":null,"NET_INTEREST_INCOME_YOY":null,"FEE_COMMISSION_INCOME":null,"FEE_COMMISSION_INCOME_YOY":null,"ACCOUNTS_RECE_TDAYS":11.731667335159,"INVENTORY_TDAYS":5.964352459979,"CURRENT_ASSETS_TDAYS":2.724956152254,"TOTAL_ASSETS_TDAYS":0.913341515536,"PREMIUM_EXPENSE":null,"LOAN_DEPOSIT":null,"LOAN_EQUITY":null,"LOAN_ASSETS":null,"DEPOSIT_EQUITY":null,"DEPOSIT_ASSETS":null,"EQUITY_MULTIPLIER":2.789487876944,"EQUITY_RATIO":1.646181390683},{"SECUCODE":"01446.HK","SECURITY_CODE":"01446","SECURITY_NAME_ABBR":"鸿福堂","ORG_CODE":"10401103","STD_REPORT_DATE":"2023-06-30 00:00:00","REPORT_DATE":"2023-06-30 00:00:00","DATE_TYPE_CODE":"002","REPORT_TYPE":"2023年中报","PER_NETCASH_OPERATE":0.067495822204,"PER_OI":0.466199069494,"BPS":0.426104976858,"BASIC_EPS":-0.013553106,"DILUTED_EPS":-0.013553106,"OPERATE_INCOME":305800482.44,"OPERATE_INCOME_YOY":-2.4470732181,"GROSS_PROFIT":178778375.86,"GROSS_PROFIT_YOY":3.413831231589,"HOLDER_PROFIT":-8896185.02,"HOLDER_PROFIT_YOY":-219.5070596978,"GROSS_PROFIT_RATIO":58.462424399568,"EPS_TTM":-0.013913498164,"OPERATE_INCOME_QOQ":2.451416705101,"NET_PROFIT_RATIO":-4.1920175592,"ROE_AVG":-3.092598468604,"GROSS_PROFIT_QOQ":1.626057912944,"ROA":-1.287220709192,"HOLDER_PROFIT_QOQ":-236.736193911986,"ROE_YEARLY":-6.185196937209,"ROIC_YEARLY":-2.886387924375,"TOTAL_ASSETS":682123215.08,"TOTAL_LIABILITIES":419713877.38,"TAX_EBT":-1.156784285195,"OCF_SALES":14.477897237682,"TOTAL_PARENT_EQUITY":279501002.94,"DEBT_ASSET_RATIO":61.5305077003,"OPERATE_PROFIT":-9754548.4,"PRETAX_PROFIT":-12672615.1,"NETCASH_OPERATE":44273479.6,"NETCASH_INVEST":-6564497.6,"NETCASH_FINANCE":-48999549.08,"END_CASH":83776634.68,"DIVI_RATIO":null,"DIVIDEND_RATE":null,"CURRENT_RATIO":0.665562913907,"COMMON_ACS":1000000000,"CURRENTDEBT_DEBT":80.934734233829,"ISSUED_COMMON_SHARES":655944000,"HK_COMMON_SHARES":655944000,"PER_SHARES":2000,"TOTAL_MARKET_CAP":121349640,"HKSK_MARKET_CAP":121349640,"PE_TTM":-3.688775268262,"PB_TTM":0.456313159231,"REPORT_DATE_SQ":"2022-06-30 00:00:00","REPORT_TYPE_SQ":"2022年中报","OPERATE_INCOME_SQ":290762889.62,"DPS_HKD":null,"OPERATE_INCOME_QOQ_SQ":0.461339367894,"NET_PROFIT_RATIO_SQ":1.476185154,"HOLDER_PROFIT_SQ":6904804.06,"HOLDER_PROFIT_QOQ_SQ":39.298996651081,"ROE_AVG_SQ":3.031979705273,"PE_TTM_SQ":-13.245576821773,"PB_TTM_SQ":0.447893994122,"ROA_SQ":1.280944610014,"START_DATE":"2023-01-01 00:00:00","FISCAL_YEAR":"12-31","CURRENCY":"HKD","IS_CNY_CODE":0,"DPS_HKD_LY":0.0028,"ORG_TYPE":"一般企业","PREMIUM_INCOME":null,"PREMIUM_INCOME_YOY":null,"NET_INTEREST_INCOME":null,"NET_INTEREST_INCOME_YOY":null,"FEE_COMMISSION_INCOME":null,"FEE_COMMISSION_INCOME_YOY":null,"ACCOUNTS_RECE_TDAYS":5.429378207384,"INVENTORY_TDAYS":2.738904406429,"CURRENT_ASSETS_TDAYS":1.299335011312,"TOTAL_ASSETS_TDAYS":0.442473614243,"PREMIUM_EXPENSE":null,"LOAN_DEPOSIT":null,"LOAN_EQUITY":null,"LOAN_ASSETS":null,"DEPOSIT_EQUITY":null,"DEPOSIT_ASSETS":null,"EQUITY_MULTIPLIER":2.599462431709,"EQUITY_RATIO":1.501654280182},{"SECUCODE":"01446.HK","SECURITY_CODE":"01446","SECURITY_NAME_ABBR":"鸿福堂","ORG_CODE":"10401103","STD_REPORT_DATE":"2022-12-31 00:00:00","REPORT_DATE":"2022-12-31 00:00:00","DATE_TYPE_CODE":"001","REPORT_TYPE":"2022年年报","PER_NETCASH_OPERATE":0.167793850969,"PER_OI":0.935178289397,"BPS":0.439586280109,"BASIC_EPS":0.00714616,"DILUTED_EPS":0.00714616,"OPERATE_INCOME":613424587.86,"OPERATE_INCOME_YOY":-1.3330536382,"GROSS_PROFIT":362286193.71,"GROSS_PROFIT_YOY":6.191710637748,"HOLDER_PROFIT":4708426.17,"HOLDER_PROFIT_YOY":-9.1329198589,"GROSS_PROFIT_RATIO":59.167227304367,"EPS_TTM":0.010175431805,"OPERATE_INCOME_QOQ":7.303673319523,"NET_PROFIT_RATIO":-0.2806100903,"ROE_AVG":2.2642527163,"GROSS_PROFIT_QOQ":6.918661255953,"ROA":0.949778793824,"HOLDER_PROFIT_QOQ":-28.73103520462,"ROE_YEARLY":2.2642527163,"ROIC_YEARLY":1.091372504628,"TOTAL_ASSETS":678695826.76,"TOTAL_LIABILITIES":404779047.61,"TAX_EBT":864.444444444444,"OCF_SALES":17.942445079348,"TOTAL_PARENT_EQUITY":286608359.31,"DEBT_ASSET_RATIO":59.3617197799,"OPERATE_PROFIT":4539598.14,"PRETAX_PROFIT":482365.8,"NETCASH_OPERATE":110063369.78,"NETCASH_INVEST":-21639465.75,"NETCASH_FINANCE":-98276672.13,"END_CASH":92816112.62,"DIVI_RATIO":null,"DIVIDEND_RATE":null,"CURRENT_RATIO":0.710566841196,"COMMON_ACS":1000000000,"CURRENTDEBT_DEBT":82.184873207795,"ISSUED_COMMON_SHARES":655944000,"HK_COMMON_SHARES":655944000,"PER_SHARES":2000,"TOTAL_MARKET_CAP":121349640,"HKSK_MARKET_CAP":121349640,"PE_TTM":-3.688775268262,"PB_TTM":0.456313159231,"REPORT_DATE_SQ":"2021-12-31 00:00:00","REPORT_TYPE_SQ":"2021年年报","OPERATE_INCOME_SQ":569046329.6,"DPS_HKD":null,"OPERATE_INCOME_QOQ_SQ":0.881660641713,"NET_PROFIT_RATIO_SQ":1.0261553227,"HOLDER_PROFIT_SQ":6723124.8,"HOLDER_PROFIT_QOQ_SQ":-82.133716583147,"ROE_AVG_SQ":2.444411414982,"PE_TTM_SQ":-13.245576821773,"PB_TTM_SQ":0.447893994122,"ROA_SQ":0.997577934639,"START_DATE":"2022-01-01 00:00:00","FISCAL_YEAR":"12-31","CURRENCY":"HKD","IS_CNY_CODE":0,"DPS_HKD_LY":0.0031,"ORG_TYPE":"一般企业","PREMIUM_INCOME":null,"PREMIUM_INCOME_YOY":null,"NET_INTEREST_INCOME":null,"NET_INTEREST_INCOME_YOY":null,"FEE_COMMISSION_INCOME":null,"FEE_COMMISSION_INCOME_YOY":null,"ACCOUNTS_RECE_TDAYS":13.108932815378,"INVENTORY_TDAYS":5.16658375251,"CURRENT_ASSETS_TDAYS":2.589297699216,"TOTAL_ASSETS_TDAYS":0.872899081554,"PREMIUM_EXPENSE":null,"LOAN_DEPOSIT":null,"LOAN_EQUITY":null,"LOAN_ASSETS":null,"DEPOSIT_EQUITY":null,"DEPOSIT_ASSETS":null,"EQUITY_MULTIPLIER":2.460734053173,"EQUITY_RATIO":1.412307193637},{"SECUCODE":"01446.HK","SECURITY_CODE":"01446","SECURITY_NAME_ABBR":"鸿福堂","ORG_CODE":"10401103","STD_REPORT_DATE":"2022-06-30 00:00:00","REPORT_DATE":"2022-06-30 00:00:00","DATE_TYPE_CODE":"002","REPORT_TYPE":"2022年中报","PER_NETCASH_OPERATE":0.071385778756,"PER_OI":0.443273952685,"BPS":0.434564872032,"BASIC_EPS":0.010518837,"DILUTED_EPS":0.010518837,"OPERATE_INCOME":290762889.62,"OPERATE_INCOME_YOY":-1.8158400859,"GROSS_PROFIT":172876658.5,"GROSS_PROFIT_YOY":-1.285471582738,"HOLDER_PROFIT":6904804.06,"HOLDER_PROFIT_YOY":39.7827282728,"GROSS_PROFIT_RATIO":59.645056735628,"EPS_TTM":0.014277507516,"OPERATE_INCOME_QOQ":0.461339367894,"NET_PROFIT_RATIO":1.476185154,"ROE_AVG":3.031979705273,"GROSS_PROFIT_QOQ":-0.498937484333,"ROA":1.280944610014,"HOLDER_PROFIT_QOQ":39.298996651081,"ROE_YEARLY":6.063959410546,"ROIC_YEARLY":2.944345639819,"TOTAL_ASSETS":661099498.36,"TOTAL_LIABILITIES":382433271.29,"TAX_EBT":25.854646746012,"OCF_SALES":16.10421237772,"TOTAL_PARENT_EQUITY":285050220.42,"DEBT_ASSET_RATIO":57.8480655694,"OPERATE_PROFIT":5149954.18,"PRETAX_PROFIT":3377145.31,"NETCASH_OPERATE":46825073.26,"NETCASH_INVEST":-10403386.35,"NETCASH_FINANCE":-50277475.29,"END_CASH":84823730.53,"DIVI_RATIO":null,"DIVIDEND_RATE":null,"CURRENT_RATIO":0.677155860121,"COMMON_ACS":1000000000,"CURRENTDEBT_DEBT":85.495906670751,"ISSUED_COMMON_SHARES":655944000,"HK_COMMON_SHARES":655944000,"PER_SHARES":2000,"TOTAL_MARKET_CAP":121349640,"HKSK_MARKET_CAP":121349640,"PE_TTM":-3.688775268262,"PB_TTM":0.456313159231,"REPORT_DATE_SQ":"2021-06-30 00:00:00","REPORT_TYPE_SQ":"2021年中报","OPERATE_INCOME_SQ":288137654.88,"DPS_HKD":null,"OPERATE_INCOME_QOQ_SQ":-4.593184627697,"NET_PROFIT_RATIO_SQ":1.9815990251,"HOLDER_PROFIT_SQ":6050885.76,"HOLDER_PROFIT_QOQ_SQ":-28.497346719133,"ROE_AVG_SQ":2.127833893187,"PE_TTM_SQ":-13.245576821773,"PB_TTM_SQ":0.447893994122,"ROA_SQ":0.874501463816,"START_DATE":"2022-01-01 00:00:00","FISCAL_YEAR":"12-31","CURRENCY":"HKD","IS_CNY_CODE":0,"DPS_HKD_LY":0.0031,"ORG_TYPE":"一般企业","PREMIUM_INCOME":null,"PREMIUM_INCOME_YOY":null,"NET_INTEREST_INCOME":null,"NET_INTEREST_INCOME_YOY":null,"FEE_COMMISSION_INCOME":null,"FEE_COMMISSION_INCOME_YOY":null,"ACCOUNTS_RECE_TDAYS":6.764783127736,"INVENTORY_TDAYS":2.536460018302,"CURRENT_ASSETS_TDAYS":1.297677525238,"TOTAL_ASSETS_TDAYS":0.428449193818,"PREMIUM_EXPENSE":null,"LOAN_DEPOSIT":null,"LOAN_EQUITY":null,"LOAN_ASSETS":null,"DEPOSIT_EQUITY":null,"DEPOSIT_ASSETS":null,"EQUITY_MULTIPLIER":2.372370363326,"EQUITY_RATIO":1.341634715197},{"SECUCODE":"01446.HK","SECURITY_CODE":"01446","SECURITY_NAME_ABBR":"鸿福堂","ORG_CODE":"10401103","STD_REPORT_DATE":"2021-12-31 00:00:00","REPORT_DATE":"2021-12-31 00:00:00","DATE_TYPE_CODE":"001","REPORT_TYPE":"2021年年报","PER_NETCASH_OPERATE":0.170335826229,"PER_OI":0.867522729989,"BPS":0.420303467369,"BASIC_EPS":0.01022,"DILUTED_EPS":0.01022,"OPERATE_INCOME":569046329.6,"OPERATE_INCOME_YOY":-0.9220283199,"GROSS_PROFIT":341162404.8,"GROSS_PROFIT_YOY":-9.482757813751,"HOLDER_PROFIT":6723124.8,"HOLDER_PROFIT_YOY":-86.8495122341,"GROSS_PROFIT_RATIO":59.95336180093,"EPS_TTM":0.010249540814,"OPERATE_INCOME_QOQ":0.881660641713,"NET_PROFIT_RATIO":1.0261553227,"ROE_AVG":2.444411414982,"GROSS_PROFIT_QOQ":-2.204229937265,"ROA":0.997577934639,"HOLDER_PROFIT_QOQ":-82.133716583147,"ROE_YEARLY":2.444411414982,"ROIC_YEARLY":1.174510424262,"TOTAL_ASSETS":665580361.6,"TOTAL_LIABILITIES":391716248,"TAX_EBT":24.813138225076,"OCF_SALES":19.634739280111,"TOTAL_PARENT_EQUITY":275695537.6,"DEBT_ASSET_RATIO":58.853336216,"OPERATE_PROFIT":11765264,"PRETAX_PROFIT":7766382.4,"NETCASH_OPERATE":111730763.2,"NETCASH_INVEST":-27569472,"NETCASH_FINANCE":-99404625.6,"END_CASH":95394297.6,"DIVI_RATIO":null,"DIVIDEND_RATE":null,"CURRENT_RATIO":0.681478872877,"COMMON_ACS":1000000000,"CURRENTDEBT_DEBT":81.198484674549,"ISSUED_COMMON_SHARES":655944000,"HK_COMMON_SHARES":655944000,"PER_SHARES":2000,"TOTAL_MARKET_CAP":121349640,"HKSK_MARKET_CAP":121349640,"PE_TTM":-3.688775268262,"PB_TTM":0.456313159231,"REPORT_DATE_SQ":"2020-12-31 00:00:00","REPORT_TYPE_SQ":"2020年年报","OPERATE_INCOME_SQ":591229375.72,"DPS_HKD":null,"OPERATE_INCOME_QOQ_SQ":-11.275905019097,"NET_PROFIT_RATIO_SQ":8.7281646412,"HOLDER_PROFIT_SQ":52627749.2,"HOLDER_PROFIT_QOQ_SQ":105.816197771127,"ROE_AVG_SQ":20.593364214049,"PE_TTM_SQ":-13.245576821773,"PB_TTM_SQ":0.447893994122,"ROA_SQ":7.702403659904,"START_DATE":"2021-01-01 00:00:00","FISCAL_YEAR":"12-31","CURRENCY":"HKD","IS_CNY_CODE":0,"DPS_HKD_LY":0.0196,"ORG_TYPE":"一般企业","PREMIUM_INCOME":null,"PREMIUM_INCOME_YOY":null,"NET_INTEREST_INCOME":null,"NET_INTEREST_INCOME_YOY":null,"FEE_COMMISSION_INCOME":null,"FEE_COMMISSION_INCOME_YOY":null,"ACCOUNTS_RECE_TDAYS":15.678587116903,"INVENTORY_TDAYS":5.600839956194,"CURRENT_ASSETS_TDAYS":2.655378698857,"TOTAL_ASSETS_TDAYS":0.844351516718,"PREMIUM_EXPENSE":null,"LOAN_DEPOSIT":null,"LOAN_EQUITY":null,"LOAN_ASSETS":null,"DEPOSIT_EQUITY":null,"DEPOSIT_ASSETS":null,"EQUITY_MULTIPLIER":2.430330695216,"EQUITY_RATIO":1.420829119724},{"SECUCODE":"01446.HK","SECURITY_CODE":"01446","SECURITY_NAME_ABBR":"鸿福堂","ORG_CODE":"10401103","STD_REPORT_DATE":"2021-06-30 00:00:00","REPORT_DATE":"2021-06-30 00:00:00","DATE_TYPE_CODE":"002","REPORT_TYPE":"2021年中报","PER_NETCASH_OPERATE":0.09232182979,"PER_OI":0.439271728806,"BPS":0.441335615601,"BASIC_EPS":0.009236088,"DILUTED_EPS":0.009236088,"OPERATE_INCOME":288137654.88,"OPERATE_INCOME_YOY":0.3227376496,"GROSS_PROFIT":175127877.6,"GROSS_PROFIT_YOY":-13.806197674895,"HOLDER_PROFIT":6050885.76,"HOLDER_PROFIT_YOY":-68.4416091655,"GROSS_PROFIT_RATIO":60.779240281155,"EPS_TTM":0.057368063493,"OPERATE_INCOME_QOQ":-4.593184627697,"NET_PROFIT_RATIO":1.9815990251,"ROE_AVG":2.127833893187,"GROSS_PROFIT_QOQ":-7.44257944062,"ROA":0.874501463816,"HOLDER_PROFIT_QOQ":-28.497346719133,"ROE_YEARLY":4.255667786374,"ROIC_YEARLY":2.074674887005,"TOTAL_ASSETS":689454831.36,"TOTAL_LIABILITIES":401090850.72,"TAX_EBT":16.854477159821,"OCF_SALES":21.017020613019,"TOTAL_PARENT_EQUITY":289491449.04,"DEBT_ASSET_RATIO":58.1750728947,"OPERATE_PROFIT":9186163.2,"PRETAX_PROFIT":6867156.24,"NETCASH_OPERATE":60557950.32,"NETCASH_INVEST":-18095243.76,"NETCASH_FINANCE":-48230685.12,"END_CASH":106929768.72,"DIVI_RATIO":null,"DIVIDEND_RATE":null,"CURRENT_RATIO":0.661894191733,"COMMON_ACS":1000000000,"CURRENTDEBT_DEBT":81.402764120373,"ISSUED_COMMON_SHARES":655944000,"HK_COMMON_SHARES":655944000,"PER_SHARES":2000,"TOTAL_MARKET_CAP":121349640,"HKSK_MARKET_CAP":121349640,"PE_TTM":-3.688775268262,"PB_TTM":0.456313159231,"REPORT_DATE_SQ":"2020-06-30 00:00:00","REPORT_TYPE_SQ":"2020年中报","OPERATE_INCOME_SQ":315293911.68,"DPS_HKD":null,"OPERATE_INCOME_QOQ_SQ":-4.110854838924,"NET_PROFIT_RATIO_SQ":6.757790319,"HOLDER_PROFIT_SQ":21048397.92,"HOLDER_PROFIT_QOQ_SQ":185.110389134325,"ROE_AVG_SQ":8.187666445775,"PE_TTM_SQ":-13.245576821773,"PB_TTM_SQ":0.447893994122,"ROA_SQ":2.920563783007,"START_DATE":"2021-01-01 00:00:00","FISCAL_YEAR":"12-31","CURRENCY":"HKD","IS_CNY_CODE":0,"DPS_HKD_LY":0.0196,"ORG_TYPE":"一般企业","PREMIUM_INCOME":null,"PREMIUM_INCOME_YOY":null,"NET_INTEREST_INCOME":null,"NET_INTEREST_INCOME_YOY":null,"FEE_COMMISSION_INCOME":null,"FEE_COMMISSION_INCOME_YOY":null,"ACCOUNTS_RECE_TDAYS":7.860757051246,"INVENTORY_TDAYS":2.843837681645,"CURRENT_ASSETS_TDAYS":1.334890704537,"TOTAL_ASSETS_TDAYS":0.416429612072,"PREMIUM_EXPENSE":null,"LOAN_DEPOSIT":null,"LOAN_EQUITY":null,"LOAN_ASSETS":null,"DEPOSIT_EQUITY":null,"DEPOSIT_ASSETS":null,"EQUITY_MULTIPLIER":2.390918691818,"EQUITY_RATIO":1.385501547801},{"SECUCODE":"01446.HK","SECURITY_CODE":"01446","SECURITY_NAME_ABBR":"鸿福堂","ORG_CODE":"10401103","STD_REPORT_DATE":"2020-12-31 00:00:00","REPORT_DATE":"2020-12-31 00:00:00","DATE_TYPE_CODE":"001","REPORT_TYPE":"2020年年报","PER_NETCASH_OPERATE":0.282393043735,"PER_OI":0.90134123602,"BPS":0.430606183394,"BASIC_EPS":0.080208292,"DILUTED_EPS":0.080208292,"OPERATE_INCOME":591229375.72,"OPERATE_INCOME_YOY":-9.4505078056,"GROSS_PROFIT":376903224.8,"GROSS_PROFIT_YOY":-13.904250882169,"HOLDER_PROFIT":52627749.2,"HOLDER_PROFIT_YOY":524.5505393528,"GROSS_PROFIT_RATIO":63.749069359249,"EPS_TTM":0.080232076519,"OPERATE_INCOME_QOQ":-11.275905019097,"NET_PROFIT_RATIO":8.7281646412,"ROE_AVG":20.593364214049,"GROSS_PROFIT_QOQ":-11.829174883611,"ROA":7.702403659904,"HOLDER_PROFIT_QOQ":105.816197771127,"ROE_YEARLY":20.593364214049,"ROIC_YEARLY":8.96938174667,"TOTAL_ASSETS":702371304.28,"TOTAL_LIABILITIES":420751827.16,"TAX_EBT":8.181083023841,"OCF_SALES":31.33031447472,"TOTAL_PARENT_EQUITY":282453542.36,"DEBT_ASSET_RATIO":59.9044728331,"OPERATE_PROFIT":62268735.4,"PRETAX_PROFIT":56201352.64,"NETCASH_OPERATE":185234022.68,"NETCASH_INVEST":-26633697.8,"NETCASH_FINANCE":-126472401.16,"END_CASH":113541444.2,"DIVI_RATIO":null,"DIVIDEND_RATE":null,"CURRENT_RATIO":0.654459161817,"COMMON_ACS":1000000000,"CURRENTDEBT_DEBT":79.193629367958,"ISSUED_COMMON_SHARES":655944000,"HK_COMMON_SHARES":655944000,"PER_SHARES":2000,"TOTAL_MARKET_CAP":121349640,"HKSK_MARKET_CAP":121349640,"PE_TTM":-3.688775268262,"PB_TTM":0.456313159231,"REPORT_DATE_SQ":"2019-12-31 00:00:00","REPORT_TYPE_SQ":"2019年年报","OPERATE_INCOME_SQ":694936270.42,"DPS_HKD":null,"OPERATE_INCOME_QOQ_SQ":-1.243809497382,"NET_PROFIT_RATIO_SQ":1.3408284985,"HOLDER_PROFIT_SQ":8968549.36,"HOLDER_PROFIT_QOQ_SQ":-1.213191817636,"ROE_AVG_SQ":3.68351633797,"PE_TTM_SQ":-13.245576821773,"PB_TTM_SQ":0.447893994122,"ROA_SQ":1.403775415563,"START_DATE":"2020-01-01 00:00:00","FISCAL_YEAR":"12-31","CURRENCY":"HKD","IS_CNY_CODE":0,"DPS_HKD_LY":0.0128,"ORG_TYPE":"一般企业","PREMIUM_INCOME":null,"PREMIUM_INCOME_YOY":null,"NET_INTEREST_INCOME":null,"NET_INTEREST_INCOME_YOY":null,"FEE_COMMISSION_INCOME":null,"FEE_COMMISSION_INCOME_YOY":null,"ACCOUNTS_RECE_TDAYS":15.497209292065,"INVENTORY_TDAYS":5.670611813172,"CURRENT_ASSETS_TDAYS":2.815940640496,"TOTAL_ASSETS_TDAYS":0.865301552244,"PREMIUM_EXPENSE":null,"LOAN_DEPOSIT":null,"LOAN_EQUITY":null,"LOAN_ASSETS":null,"DEPOSIT_EQUITY":null,"DEPOSIT_ASSETS":null,"EQUITY_MULTIPLIER":2.494043776597,"EQUITY_RATIO":1.48963197149},{"SECUCODE":"01446.HK","SECURITY_CODE":"01446","SECURITY_NAME_ABBR":"鸿福堂","ORG_CODE":"10401103","STD_REPORT_DATE":"2020-06-30 00:00:00","REPORT_DATE":"2020-06-30 00:00:00","DATE_TYPE_CODE":"002","REPORT_TYPE":"2020年中报","PER_NETCASH_OPERATE":0.118317289525,"PER_OI":0.480671995902,"BPS":0.405494757601,"BASIC_EPS":0.032061744,"DILUTED_EPS":0.032061744,"OPERATE_INCOME":315293911.68,"OPERATE_INCOME_YOY":-11.6988101908,"GROSS_PROFIT":203179199.52,"GROSS_PROFIT_YOY":-4.82609524912,"HOLDER_PROFIT":21048397.92,"HOLDER_PROFIT_YOY":355.8456973294,"GROSS_PROFIT_RATIO":64.441206123324,"EPS_TTM":0.038982391759,"OPERATE_INCOME_QOQ":-4.110854838924,"NET_PROFIT_RATIO":6.757790319,"ROE_AVG":8.187666445775,"GROSS_PROFIT_QOQ":-2.353472359841,"ROA":2.920563783007,"HOLDER_PROFIT_QOQ":185.110389134325,"ROE_YEARLY":16.375332891551,"ROIC_YEARLY":6.70438848968,"TOTAL_ASSETS":720577191.84,"TOTAL_LIABILITIES":454294816.8,"TAX_EBT":18.108411739924,"OCF_SALES":24.614974563406,"TOTAL_PARENT_EQUITY":265981853.28,"DEBT_ASSET_RATIO":63.0459612023,"OPERATE_PROFIT":29614638.24,"PRETAX_PROFIT":26018424.96,"NETCASH_OPERATE":77609516.16,"NETCASH_INVEST":-12319565.28,"NETCASH_FINANCE":-54062859.84,"END_CASH":98118984.48,"DIVI_RATIO":null,"DIVIDEND_RATE":null,"CURRENT_RATIO":0.689998842988,"COMMON_ACS":1000000000,"CURRENTDEBT_DEBT":74.726196101298,"ISSUED_COMMON_SHARES":655944000,"HK_COMMON_SHARES":655944000,"PER_SHARES":2000,"TOTAL_MARKET_CAP":121349640,"HKSK_MARKET_CAP":121349640,"PE_TTM":-3.688775268262,"PB_TTM":0.456313159231,"REPORT_DATE_SQ":"2019-06-30 00:00:00","REPORT_TYPE_SQ":"2019年中报","OPERATE_INCOME_SQ":343861732.98,"DPS_HKD":null,"OPERATE_INCOME_QOQ_SQ":2.518739733451,"NET_PROFIT_RATIO_SQ":1.3108111219,"HOLDER_PROFIT_SQ":4446681.3,"HOLDER_PROFIT_QOQ_SQ":10.533787379381,"ROE_AVG_SQ":1.846555106245,"PE_TTM_SQ":-13.245576821773,"PB_TTM_SQ":0.447893994122,"ROA_SQ":0.740232554564,"START_DATE":"2020-01-01 00:00:00","FISCAL_YEAR":"12-31","CURRENCY":"HKD","IS_CNY_CODE":0,"DPS_HKD_LY":0.0128,"ORG_TYPE":"一般企业","PREMIUM_INCOME":null,"PREMIUM_INCOME_YOY":null,"NET_INTEREST_INCOME":null,"NET_INTEREST_INCOME_YOY":null,"FEE_COMMISSION_INCOME":null,"FEE_COMMISSION_INCOME_YOY":null,"ACCOUNTS_RECE_TDAYS":6.743682169407,"INVENTORY_TDAYS":2.747283247345,"CURRENT_ASSETS_TDAYS":1.391096181631,"TOTAL_ASSETS_TDAYS":0.437485067963,"PREMIUM_EXPENSE":null,"LOAN_DEPOSIT":null,"LOAN_EQUITY":null,"LOAN_ASSETS":null,"DEPOSIT_EQUITY":null,"DEPOSIT_ASSETS":null,"EQUITY_MULTIPLIER":2.706064161145,"EQUITY_RATIO":1.707991771611}],"count":25},"success":true,"message":"ok","code":0}