{"version":"1b949139d94cad31ffee9fa853fd1735","result":{"pages":4,"data":[{"SECUCODE":"01447.HK","SECURITY_CODE":"01447","SECURITY_NAME_ABBR":"新福港","ORG_CODE":"10124699","STD_REPORT_DATE":"2024-06-30 00:00:00","REPORT_DATE":"2024-06-30 00:00:00","DATE_TYPE_CODE":"002","REPORT_TYPE":"2024年中报","PER_NETCASH_OPERATE":-0.4528193369,"PER_OI":4.5318509341,"BPS":0.8371625751,"BASIC_EPS":0.026832792,"DILUTED_EPS":0.026832792,"OPERATE_INCOME":1812740373.64,"OPERATE_INCOME_YOY":33.5869201144,"GROSS_PROFIT":37545829.84,"GROSS_PROFIT_YOY":-1.803569865614,"HOLDER_PROFIT":10734942.16,"HOLDER_PROFIT_YOY":26.5411511565,"GROSS_PROFIT_RATIO":2.07121937515,"EPS_TTM":0.06278563335,"OPERATE_INCOME_QOQ":12.661489859105,"NET_PROFIT_RATIO":0.6011560926,"ROE_AVG":3.187339525368,"GROSS_PROFIT_QOQ":-0.777265400535,"ROA":0.680804856971,"HOLDER_PROFIT_QOQ":9.434516466467,"ROE_YEARLY":6.374679050735,"ROIC_YEARLY":1.618289617018,"TOTAL_ASSETS":1381237134.48,"TOTAL_LIABILITIES":1046173140.2,"TAX_EBT":-2.471678681771,"OCF_SALES":-9.991929202542,"TOTAL_PARENT_EQUITY":334865030.04,"DEBT_ASSET_RATIO":75.7417473136,"OPERATE_PROFIT":17357348.24,"PRETAX_PROFIT":10634547.36,"NETCASH_OPERATE":-181127734.76,"NETCASH_INVEST":8470583.08,"NETCASH_FINANCE":35272343.96,"END_CASH":181108568.48,"DIVI_RATIO":1.013435663622,"DIVIDEND_RATE":13.461538461538,"CURRENT_RATIO":1.276936594662,"COMMON_ACS":10000000000,"CURRENTDEBT_DEBT":98.692448953776,"ISSUED_COMMON_SHARES":400000000,"HK_COMMON_SHARES":400000000,"PER_SHARES":2000,"TOTAL_MARKET_CAP":208000000,"HKSK_MARKET_CAP":208000000,"PE_TTM":7.484437407794,"PB_TTM":0.56690732973,"REPORT_DATE_SQ":"2023-06-30 00:00:00","REPORT_TYPE_SQ":"2023年中报","OPERATE_INCOME_SQ":1370801707.96,"DPS_HKD":0.07,"OPERATE_INCOME_QOQ_SQ":-0.499021712366,"NET_PROFIT_RATIO_SQ":0.6465554929,"HOLDER_PROFIT_SQ":8569804.1,"HOLDER_PROFIT_QOQ_SQ":-16.005057767349,"ROE_AVG_SQ":2.515796468141,"PE_TTM_SQ":13.044647660032,"PB_TTM_SQ":0.528449083658,"ROA_SQ":0.624257665626,"START_DATE":"2024-01-01 00:00:00","FISCAL_YEAR":"12-31","CURRENCY":"HKD","IS_CNY_CODE":0,"DPS_HKD_LY":0.07,"ORG_TYPE":"一般企业","PREMIUM_INCOME":null,"PREMIUM_INCOME_YOY":null,"NET_INTEREST_INCOME":null,"NET_INTEREST_INCOME_YOY":null,"FEE_COMMISSION_INCOME":null,"FEE_COMMISSION_INCOME_YOY":null,"ACCOUNTS_RECE_TDAYS":4.308247101785,"INVENTORY_TDAYS":null,"CURRENT_ASSETS_TDAYS":1.199181415635,"TOTAL_ASSETS_TDAYS":1.149631206585,"PREMIUM_EXPENSE":null,"LOAN_DEPOSIT":null,"LOAN_EQUITY":null,"LOAN_ASSETS":null,"DEPOSIT_EQUITY":null,"DEPOSIT_ASSETS":null,"EQUITY_MULTIPLIER":4.122308448706,"EQUITY_RATIO":3.124163607275},{"SECUCODE":"01447.HK","SECURITY_CODE":"01447","SECURITY_NAME_ABBR":"新福港","ORG_CODE":"10124699","STD_REPORT_DATE":"2023-12-31 00:00:00","REPORT_DATE":"2023-12-31 00:00:00","DATE_TYPE_CODE":"001","REPORT_TYPE":"2023年年报","PER_NETCASH_OPERATE":-0.1211344274,"PER_OI":8.72603995655,"BPS":0.8408407581,"BASIC_EPS":0.05709186,"DILUTED_EPS":0.05709186,"OPERATE_INCOME":3490415982.62,"OPERATE_INCOME_YOY":5.0324550044,"GROSS_PROFIT":88721656.66,"GROSS_PROFIT_YOY":28.308502647439,"HOLDER_PROFIT":22949115.28,"HOLDER_PROFIT_YOY":35.2127716376,"GROSS_PROFIT_RATIO":2.541864840803,"EPS_TTM":0.0573727882,"OPERATE_INCOME_QOQ":7.089541706223,"NET_PROFIT_RATIO":0.6682900524,"ROE_AVG":6.817046924401,"GROSS_PROFIT_QOQ":0.81944131076,"ROA":1.423329131091,"HOLDER_PROFIT_QOQ":63.311013289222,"ROE_YEARLY":6.817046924401,"ROIC_YEARLY":1.718962174212,"TOTAL_ASSETS":1759821241.92,"TOTAL_LIABILITIES":1423085295.66,"TAX_EBT":18.572648761507,"OCF_SALES":-1.38819473671,"TOTAL_PARENT_EQUITY":336336303.24,"DEBT_ASSET_RATIO":80.8653323282,"OPERATE_PROFIT":37074366.42,"PRETAX_PROFIT":28646520.42,"NETCASH_OPERATE":-48453770.96,"NETCASH_INVEST":-1923905.06,"NETCASH_FINANCE":128591711.78,"END_CASH":316234531.2,"DIVI_RATIO":1.109048418184,"DIVIDEND_RATE":10.769230769231,"CURRENT_RATIO":1.20429541157,"COMMON_ACS":10000000000,"CURRENTDEBT_DEBT":98.773778889205,"ISSUED_COMMON_SHARES":400000000,"HK_COMMON_SHARES":400000000,"PER_SHARES":2000,"TOTAL_MARKET_CAP":260000000,"HKSK_MARKET_CAP":260000000,"PE_TTM":9.355546759742,"PB_TTM":0.708634162163,"REPORT_DATE_SQ":"2022-12-31 00:00:00","REPORT_TYPE_SQ":"2022年年报","OPERATE_INCOME_SQ":3275689871.79,"DPS_HKD":0.07,"OPERATE_INCOME_QOQ_SQ":4.475927562953,"NET_PROFIT_RATIO_SQ":0.5386033618,"HOLDER_PROFIT_SQ":16730053.83,"HOLDER_PROFIT_QOQ_SQ":-5.829816554551,"ROE_AVG_SQ":5.015062055669,"PE_TTM_SQ":13.179128563744,"PB_TTM_SQ":0.533897012356,"ROA_SQ":1.096159316213,"START_DATE":"2023-01-01 00:00:00","FISCAL_YEAR":"12-31","CURRENCY":"HKD","IS_CNY_CODE":0,"DPS_HKD_LY":0.065,"ORG_TYPE":"一般企业","PREMIUM_INCOME":null,"PREMIUM_INCOME_YOY":null,"NET_INTEREST_INCOME":null,"NET_INTEREST_INCOME_YOY":null,"FEE_COMMISSION_INCOME":null,"FEE_COMMISSION_INCOME_YOY":null,"ACCOUNTS_RECE_TDAYS":8.426680989642,"INVENTORY_TDAYS":null,"CURRENT_ASSETS_TDAYS":2.261189572025,"TOTAL_ASSETS_TDAYS":2.164794018016,"PREMIUM_EXPENSE":null,"LOAN_DEPOSIT":null,"LOAN_EQUITY":null,"LOAN_ASSETS":null,"DEPOSIT_EQUITY":null,"DEPOSIT_ASSETS":null,"EQUITY_MULTIPLIER":5.226116372399,"EQUITY_RATIO":4.231137947201},{"SECUCODE":"01447.HK","SECURITY_CODE":"01447","SECURITY_NAME_ABBR":"新福港","ORG_CODE":"10124699","STD_REPORT_DATE":"2023-06-30 00:00:00","REPORT_DATE":"2023-06-30 00:00:00","DATE_TYPE_CODE":"002","REPORT_TYPE":"2023年中报","PER_NETCASH_OPERATE":-0.3444747775,"PER_OI":3.4270042699,"BPS":0.8461748044,"BASIC_EPS":0.021389936,"DILUTED_EPS":0.021389936,"OPERATE_INCOME":1370801707.96,"OPERATE_INCOME_YOY":-8.3372430311,"GROSS_PROFIT":38235432.58,"GROSS_PROFIT_YOY":97.272629106801,"HOLDER_PROFIT":8569804.1,"HOLDER_PROFIT_YOY":-29.3263381995,"GROSS_PROFIT_RATIO":2.78927523638,"EPS_TTM":0.035130997625,"OPERATE_INCOME_QOQ":-0.499021712366,"NET_PROFIT_RATIO":0.6465554929,"ROE_AVG":2.515796468141,"GROSS_PROFIT_QOQ":27.265635456111,"ROA":0.624257665626,"HOLDER_PROFIT_QOQ":-16.005057767349,"ROE_YEARLY":5.031592936282,"ROIC_YEARLY":1.473446263201,"TOTAL_ASSETS":1255234280.9,"TOTAL_LIABILITIES":916449041.98,"TAX_EBT":16.727304227304,"OCF_SALES":-10.051775555858,"TOTAL_PARENT_EQUITY":338469921.76,"DEBT_ASSET_RATIO":73.0101986478,"OPERATE_PROFIT":12214391.04,"PRETAX_PROFIT":10643337.12,"NETCASH_OPERATE":-137789911,"NETCASH_INVEST":181630.06,"NETCASH_FINANCE":72231601.12,"END_CASH":176716828.58,"DIVI_RATIO":1.811198209604,"DIVIDEND_RATE":10.769230769231,"CURRENT_RATIO":1.318274780291,"COMMON_ACS":10000000000,"CURRENTDEBT_DEBT":97.840646035567,"ISSUED_COMMON_SHARES":400000000,"HK_COMMON_SHARES":400000000,"PER_SHARES":2000,"TOTAL_MARKET_CAP":260000000,"HKSK_MARKET_CAP":260000000,"PE_TTM":9.355546759742,"PB_TTM":0.708634162163,"REPORT_DATE_SQ":"2022-06-30 00:00:00","REPORT_TYPE_SQ":"2022年中报","OPERATE_INCOME_SQ":1387148111.65,"DPS_HKD":0.07,"OPERATE_INCOME_QOQ_SQ":5.802574948242,"NET_PROFIT_RATIO_SQ":0.847269017,"HOLDER_PROFIT_SQ":11247458.88,"HOLDER_PROFIT_QOQ_SQ":24.693934744021,"ROE_AVG_SQ":3.500972936138,"PE_TTM_SQ":13.179128563744,"PB_TTM_SQ":0.533897012356,"ROA_SQ":0.806501560328,"START_DATE":"2023-01-01 00:00:00","FISCAL_YEAR":"12-31","CURRENCY":"HKD","IS_CNY_CODE":0,"DPS_HKD_LY":0.065,"ORG_TYPE":"一般企业","PREMIUM_INCOME":null,"PREMIUM_INCOME_YOY":null,"NET_INTEREST_INCOME":null,"NET_INTEREST_INCOME_YOY":null,"FEE_COMMISSION_INCOME":null,"FEE_COMMISSION_INCOME_YOY":null,"ACCOUNTS_RECE_TDAYS":4.705315309185,"INVENTORY_TDAYS":null,"CURRENT_ASSETS_TDAYS":1.054165589849,"TOTAL_ASSETS_TDAYS":0.998544965861,"PREMIUM_EXPENSE":null,"LOAN_DEPOSIT":null,"LOAN_EQUITY":null,"LOAN_ASSETS":null,"DEPOSIT_EQUITY":null,"DEPOSIT_ASSETS":null,"EQUITY_MULTIPLIER":3.705103223809,"EQUITY_RATIO":2.707623286626},{"SECUCODE":"01447.HK","SECURITY_CODE":"01447","SECURITY_NAME_ABBR":"新福港","ORG_CODE":"10124699","STD_REPORT_DATE":"2022-12-31 00:00:00","REPORT_DATE":"2022-12-31 00:00:00","DATE_TYPE_CODE":"001","REPORT_TYPE":"2022年年报","PER_NETCASH_OPERATE":0.2344565769,"PER_OI":8.189224679475,"BPS":0.830336895325,"BASIC_EPS":0.04198369,"DILUTED_EPS":0.04198369,"OPERATE_INCOME":3275689871.79,"OPERATE_INCOME_YOY":1.1743929043,"GROSS_PROFIT":69147137.43,"GROSS_PROFIT_YOY":-1.329659456878,"HOLDER_PROFIT":16730053.83,"HOLDER_PROFIT_YOY":7.4773327212,"GROSS_PROFIT_RATIO":2.110918314505,"EPS_TTM":0.041825134575,"OPERATE_INCOME_QOQ":4.475927562953,"NET_PROFIT_RATIO":0.5386033618,"ROE_AVG":5.015062055669,"GROSS_PROFIT_QOQ":47.364409493531,"ROA":1.096159316213,"HOLDER_PROFIT_QOQ":-5.829816554551,"ROE_YEARLY":5.015062055669,"ROIC_YEARLY":1.28400603851,"TOTAL_ASSETS":1443954876.14,"TOTAL_LIABILITIES":1111797786.26,"TAX_EBT":55.123602653822,"OCF_SALES":2.862988696447,"TOTAL_PARENT_EQUITY":332134758.13,"DEBT_ASSET_RATIO":76.9967126142,"OPERATE_PROFIT":44058756.21,"PRETAX_PROFIT":39314599.24,"NETCASH_OPERATE":93782630.76,"NETCASH_INVEST":-5476638.37,"NETCASH_FINANCE":-65201563.84,"END_CASH":234539651.01,"DIVI_RATIO":1.521314889876,"DIVIDEND_RATE":10.769230769231,"CURRENT_RATIO":1.254362882241,"COMMON_ACS":10000000000,"CURRENTDEBT_DEBT":98.55974186872,"ISSUED_COMMON_SHARES":400000000,"HK_COMMON_SHARES":400000000,"PER_SHARES":2000,"TOTAL_MARKET_CAP":260000000,"HKSK_MARKET_CAP":260000000,"PE_TTM":9.355546759742,"PB_TTM":0.708634162163,"REPORT_DATE_SQ":"2021-12-31 00:00:00","REPORT_TYPE_SQ":"2021年年报","OPERATE_INCOME_SQ":2963400193.6,"DPS_HKD":0.07,"OPERATE_INCOME_QOQ_SQ":0.936794603364,"NET_PROFIT_RATIO_SQ":0.4966463062,"HOLDER_PROFIT_SQ":14247497.6,"HOLDER_PROFIT_QOQ_SQ":-27.141897011955,"ROE_AVG_SQ":4.51012617276,"PE_TTM_SQ":13.179128563744,"PB_TTM_SQ":0.533897012356,"ROA_SQ":0.881681580186,"START_DATE":"2022-01-01 00:00:00","FISCAL_YEAR":"12-31","CURRENCY":"HKD","IS_CNY_CODE":0,"DPS_HKD_LY":0.055,"ORG_TYPE":"一般企业","PREMIUM_INCOME":null,"PREMIUM_INCOME_YOY":null,"NET_INTEREST_INCOME":null,"NET_INTEREST_INCOME_YOY":null,"FEE_COMMISSION_INCOME":null,"FEE_COMMISSION_INCOME_YOY":null,"ACCOUNTS_RECE_TDAYS":10.203827398385,"INVENTORY_TDAYS":null,"CURRENT_ASSETS_TDAYS":2.275211695099,"TOTAL_ASSETS_TDAYS":2.146244122388,"PREMIUM_EXPENSE":null,"LOAN_DEPOSIT":null,"LOAN_EQUITY":null,"LOAN_ASSETS":null,"DEPOSIT_EQUITY":null,"DEPOSIT_ASSETS":null,"EQUITY_MULTIPLIER":4.347204741777,"EQUITY_RATIO":3.347429797832},{"SECUCODE":"01447.HK","SECURITY_CODE":"01447","SECURITY_NAME_ABBR":"新福港","ORG_CODE":"10124699","STD_REPORT_DATE":"2022-06-30 00:00:00","REPORT_DATE":"2022-06-30 00:00:00","DATE_TYPE_CODE":"002","REPORT_TYPE":"2022年中报","PER_NETCASH_OPERATE":0.088599821975,"PER_OI":3.467870279125,"BPS":0.804398127925,"BASIC_EPS":0.028135751,"DILUTED_EPS":0.028135751,"OPERATE_INCOME":1387148111.65,"OPERATE_INCOME_YOY":11.0655765768,"GROSS_PROFIT":19382026.16,"GROSS_PROFIT_YOY":-54.436428294498,"HOLDER_PROFIT":11247458.88,"HOLDER_PROFIT_YOY":41.5868231241,"GROSS_PROFIT_RATIO":1.397257149198,"EPS_TTM":0.0444144134,"OPERATE_INCOME_QOQ":5.802574948242,"NET_PROFIT_RATIO":0.847269017,"ROE_AVG":3.500972936138,"GROSS_PROFIT_QOQ":-33.043303412108,"ROA":0.806501560328,"HOLDER_PROFIT_QOQ":24.693934744021,"ROE_YEARLY":7.001945872275,"ROIC_YEARLY":1.904939161657,"TOTAL_ASSETS":1249237606.68,"TOTAL_LIABILITIES":926971227.84,"TAX_EBT":-11.234318089842,"OCF_SALES":2.554877052591,"TOTAL_PARENT_EQUITY":321759251.17,"DEBT_ASSET_RATIO":74.2029556974,"OPERATE_PROFIT":12804759.87,"PRETAX_PROFIT":10565872.45,"NETCASH_OPERATE":35439928.79,"NETCASH_INVEST":-1824120.27,"NETCASH_FINANCE":-12090676.22,"END_CASH":223972550.62,"DIVI_RATIO":1.432625022579,"DIVIDEND_RATE":10.769230769231,"CURRENT_RATIO":1.271531548971,"COMMON_ACS":10000000000,"CURRENTDEBT_DEBT":98.176552859209,"ISSUED_COMMON_SHARES":400000000,"HK_COMMON_SHARES":400000000,"PER_SHARES":2000,"TOTAL_MARKET_CAP":260000000,"HKSK_MARKET_CAP":260000000,"PE_TTM":9.355546759742,"PB_TTM":0.708634162163,"REPORT_DATE_SQ":"2021-06-30 00:00:00","REPORT_TYPE_SQ":"2021年中报","OPERATE_INCOME_SQ":1215194594.4,"DPS_HKD":0.07,"OPERATE_INCOME_QOQ_SQ":-7.523974018602,"NET_PROFIT_RATIO_SQ":0.6726101217,"HOLDER_PROFIT_SQ":7729191.12,"HOLDER_PROFIT_QOQ_SQ":222.113603533546,"ROE_AVG_SQ":2.404579806862,"PE_TTM_SQ":13.179128563744,"PB_TTM_SQ":0.533897012356,"ROA_SQ":0.497081538978,"START_DATE":"2022-01-01 00:00:00","FISCAL_YEAR":"12-31","CURRENCY":"HKD","IS_CNY_CODE":0,"DPS_HKD_LY":0.055,"ORG_TYPE":"一般企业","PREMIUM_INCOME":null,"PREMIUM_INCOME_YOY":null,"NET_INTEREST_INCOME":null,"NET_INTEREST_INCOME_YOY":null,"FEE_COMMISSION_INCOME":null,"FEE_COMMISSION_INCOME_YOY":null,"ACCOUNTS_RECE_TDAYS":5.323453540578,"INVENTORY_TDAYS":null,"CURRENT_ASSETS_TDAYS":1.067869826712,"TOTAL_ASSETS_TDAYS":0.994657663022,"PREMIUM_EXPENSE":null,"LOAN_DEPOSIT":null,"LOAN_EQUITY":null,"LOAN_ASSETS":null,"DEPOSIT_EQUITY":null,"DEPOSIT_ASSETS":null,"EQUITY_MULTIPLIER":3.876413081553,"EQUITY_RATIO":2.880946622263},{"SECUCODE":"01447.HK","SECURITY_CODE":"01447","SECURITY_NAME_ABBR":"新福港","ORG_CODE":"10124699","STD_REPORT_DATE":"2021-12-31 00:00:00","REPORT_DATE":"2021-12-31 00:00:00","DATE_TYPE_CODE":"001","REPORT_TYPE":"2021年年报","PER_NETCASH_OPERATE":-0.037421552,"PER_OI":7.408500484,"BPS":0.766686004,"BASIC_EPS":0.0359744,"DILUTED_EPS":0.0359744,"OPERATE_INCOME":2963400193.6,"OPERATE_INCOME_YOY":-3.9131066419,"GROSS_PROFIT":70078948.8,"GROSS_PROFIT_YOY":308.594722743195,"HOLDER_PROFIT":14247497.6,"HOLDER_PROFIT_YOY":191.5856414569,"GROSS_PROFIT_RATIO":2.364815557188,"EPS_TTM":0.035618744,"OPERATE_INCOME_QOQ":0.936794603364,"NET_PROFIT_RATIO":0.4966463062,"ROE_AVG":4.51012617276,"GROSS_PROFIT_QOQ":2111.51021741251,"ROA":0.881681580186,"HOLDER_PROFIT_QOQ":-27.141897011955,"ROE_YEARLY":4.51012617276,"ROIC_YEARLY":1.067178474668,"TOTAL_ASSETS":1472270307.2,"TOTAL_LIABILITIES":1165184652.8,"TAX_EBT":12.565572177968,"OCF_SALES":-0.505116414325,"TOTAL_PARENT_EQUITY":306674401.6,"DEBT_ASSET_RATIO":79.142033029,"OPERATE_PROFIT":20678739.2,"PRETAX_PROFIT":16832748.8,"NETCASH_OPERATE":-14968620.8,"NETCASH_INVEST":-5549051.2,"NETCASH_FINANCE":-153740686.4,"END_CASH":193637931.2,"DIVI_RATIO":1.786396510781,"DIVIDEND_RATE":10.769230769231,"CURRENT_RATIO":1.201815890037,"COMMON_ACS":10000000000,"CURRENTDEBT_DEBT":98.366392352126,"ISSUED_COMMON_SHARES":400000000,"HK_COMMON_SHARES":400000000,"PER_SHARES":2000,"TOTAL_MARKET_CAP":260000000,"HKSK_MARKET_CAP":260000000,"PE_TTM":9.355546759742,"PB_TTM":0.708634162163,"REPORT_DATE_SQ":"2020-12-31 00:00:00","REPORT_TYPE_SQ":"2020年年报","OPERATE_INCOME_SQ":3174765393.52,"DPS_HKD":0.07,"OPERATE_INCOME_QOQ_SQ":-18.992929164659,"NET_PROFIT_RATIO_SQ":-0.5030065337,"HOLDER_PROFIT_SQ":-16013884.28,"HOLDER_PROFIT_QOQ_SQ":75.454428143717,"ROE_AVG_SQ":-4.498284212032,"PE_TTM_SQ":13.179128563744,"PB_TTM_SQ":0.533897012356,"ROA_SQ":-0.839340993583,"START_DATE":"2021-01-01 00:00:00","FISCAL_YEAR":"12-31","CURRENCY":"HKD","IS_CNY_CODE":0,"DPS_HKD_LY":0.1,"ORG_TYPE":"一般企业","PREMIUM_INCOME":null,"PREMIUM_INCOME_YOY":null,"NET_INTEREST_INCOME":null,"NET_INTEREST_INCOME_YOY":null,"FEE_COMMISSION_INCOME":null,"FEE_COMMISSION_INCOME_YOY":null,"ACCOUNTS_RECE_TDAYS":9.199826893009,"INVENTORY_TDAYS":null,"CURRENT_ASSETS_TDAYS":1.970049575852,"TOTAL_ASSETS_TDAYS":1.833848608908,"PREMIUM_EXPENSE":null,"LOAN_DEPOSIT":null,"LOAN_EQUITY":null,"LOAN_ASSETS":null,"DEPOSIT_EQUITY":null,"DEPOSIT_ASSETS":null,"EQUITY_MULTIPLIER":4.794331112857,"EQUITY_RATIO":3.799419340907},{"SECUCODE":"01447.HK","SECURITY_CODE":"01447","SECURITY_NAME_ABBR":"新福港","ORG_CODE":"10124699","STD_REPORT_DATE":"2021-06-30 00:00:00","REPORT_DATE":"2021-06-30 00:00:00","DATE_TYPE_CODE":"002","REPORT_TYPE":"2021年中报","PER_NETCASH_OPERATE":-0.044235453,"PER_OI":3.037986486,"BPS":0.77997099,"BASIC_EPS":0.019304256,"DILUTED_EPS":0.019304256,"OPERATE_INCOME":1215194594.4,"OPERATE_INCOME_YOY":-8.2560335307,"GROSS_PROFIT":42538425.84,"GROSS_PROFIT_YOY":636.74228811152,"HOLDER_PROFIT":7729191.12,"HOLDER_PROFIT_YOY":130.4777216353,"GROSS_PROFIT_RATIO":3.500544360223,"EPS_TTM":0.0488878279,"OPERATE_INCOME_QOQ":-7.523974018602,"NET_PROFIT_RATIO":0.6726101217,"ROE_AVG":2.404579806862,"GROSS_PROFIT_QOQ":109.43222966373,"ROA":0.497081538978,"HOLDER_PROFIT_QOQ":222.113603533546,"ROE_YEARLY":4.809159613724,"ROIC_YEARLY":1.222402911975,"TOTAL_ASSETS":1319043170.88,"TOTAL_LIABILITIES":1006672018.08,"TAX_EBT":17.175379426644,"OCF_SALES":-1.456078004423,"TOTAL_PARENT_EQUITY":311988396,"DEBT_ASSET_RATIO":76.3183525986,"OPERATE_PROFIT":11027556.24,"PRETAX_PROFIT":9868468.8,"NETCASH_OPERATE":-17694181.2,"NETCASH_INVEST":547508.64,"NETCASH_FINANCE":-151158981.12,"END_CASH":206035489.2,"DIVI_RATIO":1.3015346096,"DIVIDEND_RATE":10.769230769231,"CURRENT_RATIO":1.229724005288,"COMMON_ACS":10000000000,"CURRENTDEBT_DEBT":96.781851274481,"ISSUED_COMMON_SHARES":400000000,"HK_COMMON_SHARES":400000000,"PER_SHARES":2000,"TOTAL_MARKET_CAP":260000000,"HKSK_MARKET_CAP":260000000,"PE_TTM":9.355546759742,"PB_TTM":0.708634162163,"REPORT_DATE_SQ":"2020-06-30 00:00:00","REPORT_TYPE_SQ":"2020年中报","OPERATE_INCOME_SQ":1454063117.76,"DPS_HKD":0.07,"OPERATE_INCOME_QOQ_SQ":-19.897529885707,"NET_PROFIT_RATIO_SQ":-1.8972217301,"HOLDER_PROFIT_SQ":-27839824.32,"HOLDER_PROFIT_QOQ_SQ":-152.651988887309,"ROE_AVG_SQ":-7.171547231079,"PE_TTM_SQ":13.179128563744,"PB_TTM_SQ":0.533897012356,"ROA_SQ":-1.441436498971,"START_DATE":"2021-01-01 00:00:00","FISCAL_YEAR":"12-31","CURRENCY":"HKD","IS_CNY_CODE":0,"DPS_HKD_LY":0.1,"ORG_TYPE":"一般企业","PREMIUM_INCOME":null,"PREMIUM_INCOME_YOY":null,"NET_INTEREST_INCOME":null,"NET_INTEREST_INCOME_YOY":null,"FEE_COMMISSION_INCOME":null,"FEE_COMMISSION_INCOME_YOY":null,"ACCOUNTS_RECE_TDAYS":4.471952121332,"INVENTORY_TDAYS":null,"CURRENT_ASSETS_TDAYS":0.85039097733,"TOTAL_ASSETS_TDAYS":0.781518777016,"PREMIUM_EXPENSE":null,"LOAN_DEPOSIT":null,"LOAN_EQUITY":null,"LOAN_ASSETS":null,"DEPOSIT_EQUITY":null,"DEPOSIT_ASSETS":null,"EQUITY_MULTIPLIER":4.22267920407,"EQUITY_RATIO":3.226632884385},{"SECUCODE":"01447.HK","SECURITY_CODE":"01447","SECURITY_NAME_ABBR":"新福港","ORG_CODE":"10124699","STD_REPORT_DATE":"2020-12-31 00:00:00","REPORT_DATE":"2020-12-31 00:00:00","DATE_TYPE_CODE":"001","REPORT_TYPE":"2020年年报","PER_NETCASH_OPERATE":1.0375422305,"PER_OI":7.9369134838,"BPS":0.8367143019,"BASIC_EPS":-0.04039872,"DILUTED_EPS":-0.04039872,"OPERATE_INCOME":3174765393.52,"OPERATE_INCOME_YOY":-30.9372557499,"GROSS_PROFIT":-33595743.88,"GROSS_PROFIT_YOY":-149.90679656428,"HOLDER_PROFIT":-16013884.28,"HOLDER_PROFIT_YOY":33.9959066153,"GROSS_PROFIT_RATIO":-1.058211858696,"EPS_TTM":-0.0400347107,"OPERATE_INCOME_QOQ":-18.992929164659,"NET_PROFIT_RATIO":-0.5030065337,"ROE_AVG":-4.498284212032,"GROSS_PROFIT_QOQ":-374.191427262465,"ROA":-0.839340993583,"HOLDER_PROFIT_QOQ":75.454428143717,"ROE_YEARLY":-4.498284212032,"ROIC_YEARLY":-0.996001754663,"TOTAL_ASSETS":1811359933.56,"TOTAL_LIABILITIES":1476736494.16,"TAX_EBT":53.011391778108,"OCF_SALES":13.072364120104,"TOTAL_PARENT_EQUITY":334685720.76,"DEBT_ASSET_RATIO":81.5263972002,"OPERATE_PROFIT":-24972300.44,"PRETAX_PROFIT":-33985423.2,"NETCASH_OPERATE":415016892.2,"NETCASH_INVEST":-860156.08,"NETCASH_FINANCE":-257805273.32,"END_CASH":378592396.28,"DIVI_RATIO":-1.589350813018,"DIVIDEND_RATE":10.769230769231,"CURRENT_RATIO":1.166282067097,"COMMON_ACS":10000000000,"CURRENTDEBT_DEBT":97.483349424425,"ISSUED_COMMON_SHARES":400000000,"HK_COMMON_SHARES":400000000,"PER_SHARES":2000,"TOTAL_MARKET_CAP":260000000,"HKSK_MARKET_CAP":260000000,"PE_TTM":9.355546759742,"PB_TTM":0.708634162163,"REPORT_DATE_SQ":"2019-12-31 00:00:00","REPORT_TYPE_SQ":"2019年年报","OPERATE_INCOME_SQ":4892634804.38,"DPS_HKD":0.07,"OPERATE_INCOME_QOQ_SQ":-10.6209552191,"NET_PROFIT_RATIO_SQ":-0.5383137024,"HOLDER_PROFIT_SQ":-25822650.06,"HOLDER_PROFIT_QOQ_SQ":-135.691660783372,"ROE_AVG_SQ":-6.122650536133,"PE_TTM_SQ":13.179128563744,"PB_TTM_SQ":0.533897012356,"ROA_SQ":-1.269630562038,"START_DATE":"2020-01-01 00:00:00","FISCAL_YEAR":"12-31","CURRENCY":"HKD","IS_CNY_CODE":0,"DPS_HKD_LY":0.08,"ORG_TYPE":"一般企业","PREMIUM_INCOME":null,"PREMIUM_INCOME_YOY":null,"NET_INTEREST_INCOME":null,"NET_INTEREST_INCOME_YOY":null,"FEE_COMMISSION_INCOME":null,"FEE_COMMISSION_INCOME_YOY":null,"ACCOUNTS_RECE_TDAYS":8.248375031297,"INVENTORY_TDAYS":null,"CURRENT_ASSETS_TDAYS":1.785231786544,"TOTAL_ASSETS_TDAYS":1.664000247034,"PREMIUM_EXPENSE":null,"LOAN_DEPOSIT":null,"LOAN_EQUITY":null,"LOAN_ASSETS":null,"DEPOSIT_EQUITY":null,"DEPOSIT_ASSETS":null,"EQUITY_MULTIPLIER":5.413129267946,"EQUITY_RATIO":4.412308032762},{"SECUCODE":"01447.HK","SECURITY_CODE":"01447","SECURITY_NAME_ABBR":"新福港","ORG_CODE":"10124699","STD_REPORT_DATE":"2020-06-30 00:00:00","REPORT_DATE":"2020-06-30 00:00:00","DATE_TYPE_CODE":"002","REPORT_TYPE":"2020年中报","PER_NETCASH_OPERATE":0.249015162,"PER_OI":3.6351577944,"BPS":0.9172353432,"BASIC_EPS":-0.069604128,"DILUTED_EPS":-0.069604128,"OPERATE_INCOME":1454063117.76,"OPERATE_INCOME_YOY":-42.3173589943,"GROSS_PROFIT":5773854.24,"GROSS_PROFIT_YOY":-90.509486577505,"HOLDER_PROFIT":-27839824.32,"HOLDER_PROFIT_YOY":-331.542961331,"GROSS_PROFIT_RATIO":0.397084154703,"EPS_TTM":-0.1631035974,"OPERATE_INCOME_QOQ":-19.897529885707,"NET_PROFIT_RATIO":-1.8972217301,"ROE_AVG":-7.171547231079,"GROSS_PROFIT_QOQ":-81.798556919686,"ROA":-1.441436498971,"HOLDER_PROFIT_QOQ":-152.651988887309,"ROE_YEARLY":-14.343094462158,"ROIC_YEARLY":-3.277006975924,"TOTAL_ASSETS":1687325550.24,"TOTAL_LIABILITIES":1320305358.24,"TAX_EBT":17.936525188848,"OCF_SALES":6.850188522314,"TOTAL_PARENT_EQUITY":366894137.28,"DEBT_ASSET_RATIO":78.2484066606,"OPERATE_PROFIT":-24610813.92,"PRETAX_PROFIT":-33616418.88,"NETCASH_OPERATE":99606064.8,"NETCASH_INVEST":-867768,"NETCASH_FINANCE":-115384827.36,"END_CASH":223892364.96,"DIVI_RATIO":-0.390115245858,"DIVIDEND_RATE":10.769230769231,"CURRENT_RATIO":1.218380899348,"COMMON_ACS":10000000000,"CURRENTDEBT_DEBT":96.660142615888,"ISSUED_COMMON_SHARES":400000000,"HK_COMMON_SHARES":400000000,"PER_SHARES":2000,"TOTAL_MARKET_CAP":260000000,"HKSK_MARKET_CAP":260000000,"PE_TTM":9.355546759742,"PB_TTM":0.708634162163,"REPORT_DATE_SQ":"2019-06-30 00:00:00","REPORT_TYPE_SQ":"2019年中报","OPERATE_INCOME_SQ":2427576590.16,"DPS_HKD":0.07,"OPERATE_INCOME_QOQ_SQ":0.81168025102,"NET_PROFIT_RATIO_SQ":0.4759254347,"HOLDER_PROFIT_SQ":11578964.58,"HOLDER_PROFIT_QOQ_SQ":-36.331053664668,"ROE_AVG_SQ":2.675923196552,"PE_TTM_SQ":13.179128563744,"PB_TTM_SQ":0.533897012356,"ROA_SQ":0.641000199902,"START_DATE":"2020-01-01 00:00:00","FISCAL_YEAR":"12-31","CURRENCY":"HKD","IS_CNY_CODE":0,"DPS_HKD_LY":0.08,"ORG_TYPE":"一般企业","PREMIUM_INCOME":null,"PREMIUM_INCOME_YOY":null,"NET_INTEREST_INCOME":null,"NET_INTEREST_INCOME_YOY":null,"FEE_COMMISSION_INCOME":null,"FEE_COMMISSION_INCOME_YOY":null,"ACCOUNTS_RECE_TDAYS":4.035874916968,"INVENTORY_TDAYS":null,"CURRENT_ASSETS_TDAYS":0.809420443503,"TOTAL_ASSETS_TDAYS":0.75285663647,"PREMIUM_EXPENSE":null,"LOAN_DEPOSIT":null,"LOAN_EQUITY":null,"LOAN_ASSETS":null,"DEPOSIT_EQUITY":null,"DEPOSIT_ASSETS":null,"EQUITY_MULTIPLIER":4.597364360378,"EQUITY_RATIO":3.598600315688}],"count":28},"success":true,"message":"ok","code":0}