{"version":"e5fde3ca3ac1ead4f28f2f78a2ee1db8","result":{"pages":2,"data":[{"SECUCODE":"01442.HK","SECURITY_CODE":"01442","SECURITY_NAME_ABBR":"鹰辉物流","ORG_CODE":"10000039019","STD_REPORT_DATE":"2024-06-30 00:00:00","REPORT_DATE":"2024-06-30 00:00:00","DATE_TYPE_CODE":"002","REPORT_TYPE":"2024年中报","PER_NETCASH_OPERATE":0.035207293665,"PER_OI":0.172276664897,"BPS":0.256770220473,"BASIC_EPS":0.014038159643,"DILUTED_EPS":0.014038159643,"OPERATE_INCOME":355579036.348267,"OPERATE_INCOME_YOY":29.4983645309,"GROSS_PROFIT":69318319.0435938,"GROSS_PROFIT_YOY":19.969504517795,"HOLDER_PROFIT":29027291.3899288,"HOLDER_PROFIT_YOY":14.1856184312,"GROSS_PROFIT_RATIO":19.494489820176,"EPS_TTM":0.015142633545,"OPERATE_INCOME_QOQ":12.832482819668,"NET_PROFIT_RATIO":8.7012446724,"ROE_AVG":5.61167391593,"GROSS_PROFIT_QOQ":10.857023204436,"ROA":2.950481620479,"HOLDER_PROFIT_QOQ":10.242653740141,"ROE_YEARLY":11.22334783186,"ROIC_YEARLY":6.414345719225,"TOTAL_ASSETS":980150344.161333,"TOTAL_LIABILITIES":440090266.875981,"TAX_EBT":16.925384023021,"OCF_SALES":20.436484352448,"TOTAL_PARENT_EQUITY":529973735.056153,"DEBT_ASSET_RATIO":44.900281829,"OPERATE_PROFIT":45572696.534235,"PRETAX_PROFIT":37243388.4796522,"NETCASH_OPERATE":72667854.1238981,"NETCASH_INVEST":-16915227.6295133,"NETCASH_FINANCE":-43346214.2253351,"END_CASH":59142917.5220384,"DIVI_RATIO":null,"DIVIDEND_RATE":null,"CURRENT_RATIO":1.843027230736,"COMMON_ACS":15000000000,"CURRENTDEBT_DEBT":41.137914121372,"ISSUED_COMMON_SHARES":2064000000,"HK_COMMON_SHARES":2064000000,"PER_SHARES":5000,"TOTAL_MARKET_CAP":743040000,"HKSK_MARKET_CAP":743040000,"PE_TTM":21.379500402953,"PB_TTM":1.279606328735,"REPORT_DATE_SQ":"2023-06-30 00:00:00","REPORT_TYPE_SQ":"2023年中报","OPERATE_INCOME_SQ":282167620.64312,"DPS_HKD":null,"OPERATE_INCOME_QOQ_SQ":1.439834846416,"NET_PROFIT_RATIO_SQ":9.1410351557,"HOLDER_PROFIT_SQ":26123443.0018459,"HOLDER_PROFIT_QOQ_SQ":-12.436137967806,"ROE_AVG_SQ":5.27318584528,"PE_TTM_SQ":13.793682787463,"PB_TTM_SQ":1.317527977244,"ROA_SQ":2.800480909138,"START_DATE":"2024-01-01 00:00:00","FISCAL_YEAR":"12-31","CURRENCY":"HKD","IS_CNY_CODE":0,"DPS_HKD_LY":null,"ORG_TYPE":"一般企业","PREMIUM_INCOME":null,"PREMIUM_INCOME_YOY":null,"NET_INTEREST_INCOME":null,"NET_INTEREST_INCOME_YOY":null,"FEE_COMMISSION_INCOME":null,"FEE_COMMISSION_INCOME_YOY":null,"ACCOUNTS_RECE_TDAYS":1.610578385825,"INVENTORY_TDAYS":7.283138429633,"CURRENT_ASSETS_TDAYS":1.033841994619,"TOTAL_ASSETS_TDAYS":0.361428628417,"PREMIUM_EXPENSE":null,"LOAN_DEPOSIT":null,"LOAN_EQUITY":null,"LOAN_ASSETS":null,"DEPOSIT_EQUITY":null,"DEPOSIT_ASSETS":null,"EQUITY_MULTIPLIER":1.81489131559,"EQUITY_RATIO":0.830400145829},{"SECUCODE":"01442.HK","SECURITY_CODE":"01442","SECURITY_NAME_ABBR":"鹰辉物流","ORG_CODE":"10000039019","STD_REPORT_DATE":"2023-12-31 00:00:00","REPORT_DATE":"2023-12-31 00:00:00","DATE_TYPE_CODE":"001","REPORT_TYPE":"2023年年报","PER_NETCASH_OPERATE":0.0506170361,"PER_OI":0.277168080944,"BPS":0.249649567471,"BASIC_EPS":0.013719747187,"DILUTED_EPS":0.013719747187,"OPERATE_INCOME":572074919.068907,"OPERATE_INCOME_YOY":3.9888474795,"GROSS_PROFIT":106275628.179436,"GROSS_PROFIT_YOY":-12.072574185538,"HOLDER_PROFIT":28350547.2483428,"HOLDER_PROFIT_YOY":-48.9394191793,"GROSS_PROFIT_RATIO":18.577222080004,"EPS_TTM":0.013735730256,"OPERATE_INCOME_QOQ":0.197720257486,"NET_PROFIT_RATIO":4.952506703,"ROE_AVG":5.725261537456,"GROSS_PROFIT_QOQ":-3.101617548822,"ROA":3.022101717197,"HOLDER_PROFIT_QOQ":-43.004515265686,"ROE_YEARLY":5.725261537456,"ROIC_YEARLY":3.280527852646,"TOTAL_ASSETS":1008456913.82766,"TOTAL_LIABILITIES":484832742.407893,"TAX_EBT":25.029573730369,"OCF_SALES":18.262216892793,"TOTAL_PARENT_EQUITY":515276707.260675,"DEBT_ASSET_RATIO":48.0766937843,"OPERATE_PROFIT":56644057.3454601,"PRETAX_PROFIT":37790966.5484816,"NETCASH_OPERATE":104473562.509635,"NETCASH_INVEST":-115995067.057191,"NETCASH_FINANCE":34592261.4459689,"END_CASH":56206258.6711885,"DIVI_RATIO":null,"DIVIDEND_RATE":null,"CURRENT_RATIO":1.786270524561,"COMMON_ACS":15000000000,"CURRENTDEBT_DEBT":41.768650381068,"ISSUED_COMMON_SHARES":2064000000,"HK_COMMON_SHARES":2064000000,"PER_SHARES":5000,"TOTAL_MARKET_CAP":629520000,"HKSK_MARKET_CAP":629520000,"PE_TTM":18.113187841391,"PB_TTM":1.084110917401,"REPORT_DATE_SQ":"2022-12-31 00:00:00","REPORT_TYPE_SQ":"2022年年报","OPERATE_INCOME_SQ":562842047.157164,"DPS_HKD":null,"OPERATE_INCOME_QOQ_SQ":13.583301305001,"NET_PROFIT_RATIO_SQ":10.0546417463,"HOLDER_PROFIT_SQ":56806245.56423,"HOLDER_PROFIT_QOQ_SQ":-19.449878052649,"ROE_AVG_SQ":12.5566072269,"PE_TTM_SQ":31.472910022099,"PB_TTM_SQ":3.006190595966,"ROA_SQ":7.381130961896,"START_DATE":"2023-01-01 00:00:00","FISCAL_YEAR":"12-31","CURRENCY":"HKD","IS_CNY_CODE":0,"DPS_HKD_LY":null,"ORG_TYPE":"一般企业","PREMIUM_INCOME":null,"PREMIUM_INCOME_YOY":null,"NET_INTEREST_INCOME":null,"NET_INTEREST_INCOME_YOY":null,"FEE_COMMISSION_INCOME":null,"FEE_COMMISSION_INCOME_YOY":null,"ACCOUNTS_RECE_TDAYS":2.711209982612,"INVENTORY_TDAYS":12.967298944297,"CURRENT_ASSETS_TDAYS":1.72745574938,"TOTAL_ASSETS_TDAYS":0.609818420836,"PREMIUM_EXPENSE":null,"LOAN_DEPOSIT":null,"LOAN_EQUITY":null,"LOAN_ASSETS":null,"DEPOSIT_EQUITY":null,"DEPOSIT_ASSETS":null,"EQUITY_MULTIPLIER":1.925917421063,"EQUITY_RATIO":0.940917250045},{"SECUCODE":"01442.HK","SECURITY_CODE":"01442","SECURITY_NAME_ABBR":"鹰辉物流","ORG_CODE":"10000039019","STD_REPORT_DATE":"2023-06-30 00:00:00","REPORT_DATE":"2023-06-30 00:00:00","DATE_TYPE_CODE":"002","REPORT_TYPE":"2023年中报","PER_NETCASH_OPERATE":0.020434407701,"PER_OI":0.136709118529,"BPS":0.248421973721,"BASIC_EPS":0.012564567918,"DILUTED_EPS":0.012564567918,"OPERATE_INCOME":282167620.64312,"OPERATE_INCOME_YOY":1.2219755271,"GROSS_PROFIT":57779949.4314921,"GROSS_PROFIT_YOY":-16.224503170331,"HOLDER_PROFIT":26123443.0018459,"HOLDER_PROFIT_YOY":-22.6128113225,"GROSS_PROFIT_RATIO":20.477172150298,"EPS_TTM":0.02409968144,"OPERATE_INCOME_QOQ":1.439834846416,"NET_PROFIT_RATIO":9.1410351557,"ROE_AVG":5.27318584528,"GROSS_PROFIT_QOQ":-9.258107730783,"ROA":2.800480909138,"HOLDER_PROFIT_QOQ":-12.436137967806,"ROE_YEARLY":10.54637169056,"ROIC_YEARLY":5.990797344143,"TOTAL_ASSETS":992458156.886469,"TOTAL_LIABILITIES":479856360.618611,"TAX_EBT":11.065946408515,"OCF_SALES":14.947362634342,"TOTAL_PARENT_EQUITY":512742953.759288,"DEBT_ASSET_RATIO":48.3502863359,"OPERATE_PROFIT":38267640.8084757,"PRETAX_PROFIT":29002435.3545225,"NETCASH_OPERATE":42176617.4942219,"NETCASH_INVEST":-101529464.687359,"NETCASH_FINANCE":50492500.0387795,"END_CASH":37385018.6917338,"DIVI_RATIO":null,"DIVIDEND_RATE":null,"CURRENT_RATIO":1.84407472073,"COMMON_ACS":15000000000,"CURRENTDEBT_DEBT":38.140094197815,"ISSUED_COMMON_SHARES":2064000000,"HK_COMMON_SHARES":2064000000,"PER_SHARES":5000,"TOTAL_MARKET_CAP":629520000,"HKSK_MARKET_CAP":629520000,"PE_TTM":18.113187841391,"PB_TTM":1.084110917401,"REPORT_DATE_SQ":"2022-06-30 00:00:00","REPORT_TYPE_SQ":"2022年中报","OPERATE_INCOME_SQ":274063624.717867,"DPS_HKD":null,"OPERATE_INCOME_QOQ_SQ":17.791915825432,"NET_PROFIT_RATIO_SQ":12.1362869973,"HOLDER_PROFIT_SQ":33187946.074544,"HOLDER_PROFIT_QOQ_SQ":8.652238210549,"ROE_AVG_SQ":7.789892684044,"PE_TTM_SQ":31.472910022099,"PB_TTM_SQ":3.006190595966,"ROA_SQ":4.669701550666,"START_DATE":"2023-01-01 00:00:00","FISCAL_YEAR":"12-31","CURRENCY":"HKD","IS_CNY_CODE":0,"DPS_HKD_LY":null,"ORG_TYPE":"一般企业","PREMIUM_INCOME":null,"PREMIUM_INCOME_YOY":null,"NET_INTEREST_INCOME":null,"NET_INTEREST_INCOME_YOY":null,"FEE_COMMISSION_INCOME":null,"FEE_COMMISSION_INCOME_YOY":null,"ACCOUNTS_RECE_TDAYS":1.263167762678,"INVENTORY_TDAYS":7.397391971363,"CURRENT_ASSETS_TDAYS":0.881807583143,"TOTAL_ASSETS_TDAYS":0.302488854448,"PREMIUM_EXPENSE":null,"LOAN_DEPOSIT":null,"LOAN_EQUITY":null,"LOAN_ASSETS":null,"DEPOSIT_EQUITY":null,"DEPOSIT_ASSETS":null,"EQUITY_MULTIPLIER":1.936119155478,"EQUITY_RATIO":0.935861443049},{"SECUCODE":"01442.HK","SECURITY_CODE":"01442","SECURITY_NAME_ABBR":"鹰辉物流","ORG_CODE":"10000039019","STD_REPORT_DATE":"2022-12-31 00:00:00","REPORT_DATE":"2022-12-31 00:00:00","DATE_TYPE_CODE":"001","REPORT_TYPE":"2022年年报","PER_NETCASH_OPERATE":0.020485539925,"PER_OI":0.272694790289,"BPS":0.235497744596,"BASIC_EPS":0.027600346976,"DILUTED_EPS":0.027600346976,"OPERATE_INCOME":562842047.157164,"OPERATE_INCOME_YOY":29.5067153915,"GROSS_PROFIT":120867439.476382,"GROSS_PROFIT_YOY":13.03474897949,"HOLDER_PROFIT":56806245.56423,"HOLDER_PROFIT_YOY":-15.283657917,"GROSS_PROFIT_RATIO":21.474486507692,"EPS_TTM":0.027522405797,"OPERATE_INCOME_QOQ":13.583301305001,"NET_PROFIT_RATIO":10.0546417463,"ROE_AVG":12.5566072269,"GROSS_PROFIT_QOQ":-5.652610299795,"ROA":7.381130961896,"HOLDER_PROFIT_QOQ":-19.449878052649,"ROE_YEARLY":12.5566072269,"ROIC_YEARLY":8.162072130256,"TOTAL_ASSETS":887806955.287438,"TOTAL_LIABILITIES":401547196.593329,"TAX_EBT":-5.930977474685,"OCF_SALES":7.512259366156,"TOTAL_PARENT_EQUITY":486067344.846621,"DEBT_ASSET_RATIO":45.229111374,"OPERATE_PROFIT":67277028.6255027,"PRETAX_PROFIT":53423231.6063402,"NETCASH_OPERATE":42282154.4042268,"NETCASH_INVEST":-99537891.3334911,"NETCASH_FINANCE":31196277.896065,"END_CASH":39107325.9206687,"DIVI_RATIO":null,"DIVIDEND_RATE":null,"CURRENT_RATIO":2.0639950887,"COMMON_ACS":15000000000,"CURRENTDEBT_DEBT":37.107474047628,"ISSUED_COMMON_SHARES":2064000000,"HK_COMMON_SHARES":2064000000,"PER_SHARES":5000,"TOTAL_MARKET_CAP":629520000,"HKSK_MARKET_CAP":629520000,"PE_TTM":18.113187841391,"PB_TTM":1.084110917401,"REPORT_DATE_SQ":"2021-12-31 00:00:00","REPORT_TYPE_SQ":"2021年年报","OPERATE_INCOME_SQ":420684548.799291,"DPS_HKD":null,"OPERATE_INCOME_QOQ_SQ":7.802299439309,"NET_PROFIT_RATIO_SQ":15.4288887034,"HOLDER_PROFIT_SQ":64906950.8266797,"HOLDER_PROFIT_QOQ_SQ":40.097908200909,"ROE_AVG_SQ":19.352592157639,"PE_TTM_SQ":31.472910022099,"PB_TTM_SQ":3.006190595966,"ROA_SQ":11.978075692671,"START_DATE":"2022-01-01 00:00:00","FISCAL_YEAR":"12-31","CURRENCY":"HKD","IS_CNY_CODE":0,"DPS_HKD_LY":null,"ORG_TYPE":"一般企业","PREMIUM_INCOME":null,"PREMIUM_INCOME_YOY":null,"NET_INTEREST_INCOME":null,"NET_INTEREST_INCOME_YOY":null,"FEE_COMMISSION_INCOME":null,"FEE_COMMISSION_INCOME_YOY":null,"ACCOUNTS_RECE_TDAYS":2.917380268219,"INVENTORY_TDAYS":15.174852439487,"CURRENT_ASSETS_TDAYS":1.875252883529,"TOTAL_ASSETS_TDAYS":0.731329947907,"PREMIUM_EXPENSE":null,"LOAN_DEPOSIT":null,"LOAN_EQUITY":null,"LOAN_ASSETS":null,"DEPOSIT_EQUITY":null,"DEPOSIT_ASSETS":null,"EQUITY_MULTIPLIER":1.825787430305,"EQUITY_RATIO":0.826114325207},{"SECUCODE":"01442.HK","SECURITY_CODE":"01442","SECURITY_NAME_ABBR":"鹰辉物流","ORG_CODE":"10000039019","STD_REPORT_DATE":"2022-06-30 00:00:00","REPORT_DATE":"2022-06-30 00:00:00","DATE_TYPE_CODE":"002","REPORT_TYPE":"2022年中报","PER_NETCASH_OPERATE":0.014962249911,"PER_OI":0.132782763914,"BPS":0.216657073094,"BASIC_EPS":0.016165436467,"DILUTED_EPS":0.016165436467,"OPERATE_INCOME":274063624.717867,"OPERATE_INCOME_YOY":40.3625656086,"GROSS_PROFIT":68969987.1896541,"GROSS_PROFIT_YOY":44.317351589005,"HOLDER_PROFIT":33187946.074544,"HOLDER_PROFIT_YOY":22.8103837472,"GROSS_PROFIT_RATIO":25.165684523313,"EPS_TTM":0.034168049819,"OPERATE_INCOME_QOQ":17.791915825432,"NET_PROFIT_RATIO":12.1362869973,"ROE_AVG":7.789892684044,"GROSS_PROFIT_QOQ":19.806970111909,"ROA":4.669701550666,"HOLDER_PROFIT_QOQ":8.652238210549,"ROE_YEARLY":15.579785368089,"ROIC_YEARLY":10.297553491134,"TOTAL_ASSETS":791522296.101995,"TOTAL_LIABILITIES":344471725.736595,"TAX_EBT":9.905816259088,"OCF_SALES":11.268216950737,"TOTAL_PARENT_EQUITY":447180198.865369,"DEBT_ASSET_RATIO":43.5201544458,"OPERATE_PROFIT":42859757.2134448,"PRETAX_PROFIT":36918196.7913134,"NETCASH_OPERATE":30882083.816263,"NETCASH_INVEST":-67539498.5664613,"NETCASH_FINANCE":-8398401.75684744,"END_CASH":26991703.776002,"DIVI_RATIO":null,"DIVIDEND_RATE":null,"CURRENT_RATIO":1.964003974772,"COMMON_ACS":15000000000,"CURRENTDEBT_DEBT":43.661815944076,"ISSUED_COMMON_SHARES":2064000000,"HK_COMMON_SHARES":2064000000,"PER_SHARES":5000,"TOTAL_MARKET_CAP":629520000,"HKSK_MARKET_CAP":629520000,"PE_TTM":18.113187841391,"PB_TTM":1.084110917401,"REPORT_DATE_SQ":"2021-06-30 00:00:00","REPORT_TYPE_SQ":"2021年中报","OPERATE_INCOME_SQ":199215783.904898,"DPS_HKD":null,"OPERATE_INCOME_QOQ_SQ":7.88052683476,"NET_PROFIT_RATIO_SQ":13.8402899275,"HOLDER_PROFIT_SQ":27572042.0738159,"HOLDER_PROFIT_QOQ_SQ":14.090756005028,"ROE_AVG_SQ":9.636143150018,"PE_TTM_SQ":31.472910022099,"PB_TTM_SQ":3.006190595966,"ROA_SQ":5.910646501978,"START_DATE":"2022-01-01 00:00:00","FISCAL_YEAR":"12-31","CURRENCY":"HKD","IS_CNY_CODE":0,"DPS_HKD_LY":null,"ORG_TYPE":"一般企业","PREMIUM_INCOME":null,"PREMIUM_INCOME_YOY":null,"NET_INTEREST_INCOME":null,"NET_INTEREST_INCOME_YOY":null,"FEE_COMMISSION_INCOME":null,"FEE_COMMISSION_INCOME_YOY":null,"ACCOUNTS_RECE_TDAYS":1.40911764014,"INVENTORY_TDAYS":8.112686252036,"CURRENT_ASSETS_TDAYS":0.947567399408,"TOTAL_ASSETS_TDAYS":0.385620529349,"PREMIUM_EXPENSE":null,"LOAN_DEPOSIT":null,"LOAN_EQUITY":null,"LOAN_ASSETS":null,"DEPOSIT_EQUITY":null,"DEPOSIT_ASSETS":null,"EQUITY_MULTIPLIER":1.770543085215,"EQUITY_RATIO":0.770319720351},{"SECUCODE":"01442.HK","SECURITY_CODE":"01442","SECURITY_NAME_ABBR":"鹰辉物流","ORG_CODE":"10000039019","STD_REPORT_DATE":"2021-12-31 00:00:00","REPORT_DATE":"2021-12-31 00:00:00","DATE_TYPE_CODE":"001","REPORT_TYPE":"2021年年报","PER_NETCASH_OPERATE":-0.00080326518,"PER_OI":0.203820033333,"BPS":0.196377626115,"BASIC_EPS":0.032059600324,"DILUTED_EPS":0.032059600324,"OPERATE_INCOME":420684548.799291,"OPERATE_INCOME_YOY":23.2003540947,"GROSS_PROFIT":106929453.612812,"GROSS_PROFIT_YOY":24.719765062173,"HOLDER_PROFIT":64906950.8266797,"HOLDER_PROFIT_YOY":69.3257397746,"GROSS_PROFIT_RATIO":25.417965532133,"EPS_TTM":0.031447166098,"OPERATE_INCOME_QOQ":7.802299439309,"NET_PROFIT_RATIO":15.4288887034,"ROE_AVG":19.352592157639,"GROSS_PROFIT_QOQ":15.390238761552,"ROA":11.978075692671,"HOLDER_PROFIT_QOQ":40.097908200909,"ROE_YEARLY":19.352592157639,"ROIC_YEARLY":14.556584975041,"TOTAL_ASSETS":630557379.051341,"TOTAL_LIABILITIES":225233958.749981,"TAX_EBT":12.637159413143,"OCF_SALES":-0.394105116471,"TOTAL_PARENT_EQUITY":405323420.30136,"DEBT_ASSET_RATIO":35.7198196759,"OPERATE_PROFIT":80952017.4648489,"PRETAX_PROFIT":74295833.7786055,"NETCASH_OPERATE":-1657939.33102301,"NETCASH_INVEST":-85189991.2981085,"NETCASH_FINANCE":52171656.2600186,"END_CASH":62607819.4891837,"DIVI_RATIO":null,"DIVIDEND_RATE":null,"CURRENT_RATIO":2.718235604241,"COMMON_ACS":15000000000,"CURRENTDEBT_DEBT":46.28325482089,"ISSUED_COMMON_SHARES":2064000000,"HK_COMMON_SHARES":2064000000,"PER_SHARES":5000,"TOTAL_MARKET_CAP":650160000,"HKSK_MARKET_CAP":650160000,"PE_TTM":18.707062852584,"PB_TTM":1.119655537643,"REPORT_DATE_SQ":"2020-12-31 00:00:00","REPORT_TYPE_SQ":"2020年年报","OPERATE_INCOME_SQ":361730791.001569,"DPS_HKD":null,"OPERATE_INCOME_QOQ_SQ":-0.254458843796,"NET_PROFIT_RATIO_SQ":11.2259633655,"HOLDER_PROFIT_SQ":40607766.0796015,"HOLDER_PROFIT_QOQ_SQ":-0.430305724317,"ROE_AVG_SQ":19.526325817226,"PE_TTM_SQ":32.250018911534,"PB_TTM_SQ":3.080417524261,"ROA_SQ":9.75161708135,"START_DATE":"2021-01-01 00:00:00","FISCAL_YEAR":"12-31","CURRENCY":"HKD","IS_CNY_CODE":0,"DPS_HKD_LY":null,"ORG_TYPE":"一般企业","PREMIUM_INCOME":null,"PREMIUM_INCOME_YOY":null,"NET_INTEREST_INCOME":null,"NET_INTEREST_INCOME_YOY":null,"FEE_COMMISSION_INCOME":null,"FEE_COMMISSION_INCOME_YOY":null,"ACCOUNTS_RECE_TDAYS":3.292442798256,"INVENTORY_TDAYS":14.277606030081,"CURRENT_ASSETS_TDAYS":1.70055819034,"TOTAL_ASSETS_TDAYS":0.776340793101,"PREMIUM_EXPENSE":null,"LOAN_DEPOSIT":null,"LOAN_EQUITY":null,"LOAN_ASSETS":null,"DEPOSIT_EQUITY":null,"DEPOSIT_ASSETS":null,"EQUITY_MULTIPLIER":1.555689475291,"EQUITY_RATIO":0.55568947529},{"SECUCODE":"01442.HK","SECURITY_CODE":"01442","SECURITY_NAME_ABBR":"鹰辉物流","ORG_CODE":"10000039019","STD_REPORT_DATE":"2021-06-30 00:00:00","REPORT_DATE":"2021-06-30 00:00:00","DATE_TYPE_CODE":"002","REPORT_TYPE":"2021年中报","PER_NETCASH_OPERATE":0.012929451671,"PER_OI":0.099607891952,"BPS":0.146173569206,"BASIC_EPS":0.01384826041,"DILUTED_EPS":0.01384826041,"OPERATE_INCOME":199215783.904898,"OPERATE_INCOME_YOY":23.9791224859,"GROSS_PROFIT":47790502.2717371,"GROSS_PROFIT_YOY":16.965596327486,"HOLDER_PROFIT":27572042.0738159,"HOLDER_PROFIT_YOY":34.0596156756,"GROSS_PROFIT_RATIO":23.989315171207,"EPS_TTM":0.023164853658,"OPERATE_INCOME_QOQ":7.88052683476,"NET_PROFIT_RATIO":13.8402899275,"ROE_AVG":9.636143150018,"GROSS_PROFIT_QOQ":8.085195420992,"ROA":5.910646501978,"HOLDER_PROFIT_QOQ":14.090756005028,"ROE_YEARLY":19.272286300036,"ROIC_YEARLY":15.310508694243,"TOTAL_ASSETS":471047799.838178,"TOTAL_LIABILITIES":169345552.996826,"TAX_EBT":14.557114614977,"OCF_SALES":12.980348662834,"TOTAL_PARENT_EQUITY":301702246.841352,"DEBT_ASSET_RATIO":35.9508213508,"OPERATE_PROFIT":35229040.8912678,"PRETAX_PROFIT":32269558.7228481,"NETCASH_OPERATE":25858903.3422543,"NETCASH_INVEST":-19471587.7263957,"NETCASH_FINANCE":-9815149.06329744,"END_CASH":95702371.3200971,"DIVI_RATIO":null,"DIVIDEND_RATE":null,"CURRENT_RATIO":3.26686074721,"COMMON_ACS":15000000000,"CURRENTDEBT_DEBT":37.873845729774,"ISSUED_COMMON_SHARES":2064000000,"HK_COMMON_SHARES":2064000000,"PER_SHARES":5000,"TOTAL_MARKET_CAP":650160000,"HKSK_MARKET_CAP":650160000,"PE_TTM":18.707062852584,"PB_TTM":1.119655537643,"REPORT_DATE_SQ":"2020-06-30 00:00:00","REPORT_TYPE_SQ":"2020年中报","OPERATE_INCOME_SQ":170709491.850431,"DPS_HKD":null,"OPERATE_INCOME_QOQ_SQ":1.943076767066,"NET_PROFIT_RATIO_SQ":12.799581675,"HOLDER_PROFIT_SQ":21850100.8364466,"HOLDER_PROFIT_QOQ_SQ":23.254209994905,"ROE_AVG_SQ":10.405620830135,"PE_TTM_SQ":32.250018911534,"PB_TTM_SQ":3.080417524261,"ROA_SQ":5.126554294624,"START_DATE":"2021-01-01 00:00:00","FISCAL_YEAR":"12-31","CURRENCY":"HKD","IS_CNY_CODE":0,"DPS_HKD_LY":null,"ORG_TYPE":"一般企业","PREMIUM_INCOME":null,"PREMIUM_INCOME_YOY":null,"NET_INTEREST_INCOME":null,"NET_INTEREST_INCOME_YOY":null,"FEE_COMMISSION_INCOME":null,"FEE_COMMISSION_INCOME_YOY":null,"ACCOUNTS_RECE_TDAYS":2.370875152772,"INVENTORY_TDAYS":6.850726831157,"CURRENT_ASSETS_TDAYS":0.937513500848,"TOTAL_ASSETS_TDAYS":0.427060887664,"PREMIUM_EXPENSE":null,"LOAN_DEPOSIT":null,"LOAN_EQUITY":null,"LOAN_ASSETS":null,"DEPOSIT_EQUITY":null,"DEPOSIT_ASSETS":null,"EQUITY_MULTIPLIER":1.561300271276,"EQUITY_RATIO":0.561300271277},{"SECUCODE":"01442.HK","SECURITY_CODE":"01442","SECURITY_NAME_ABBR":"鹰辉物流","ORG_CODE":"10000039019","STD_REPORT_DATE":"2020-12-31 00:00:00","REPORT_DATE":"2020-12-31 00:00:00","DATE_TYPE_CODE":"001","REPORT_TYPE":"2020年年报","PER_NETCASH_OPERATE":0.01993110475,"PER_OI":0.180865395501,"BPS":0.136247835348,"BASIC_EPS":0.020539194281,"DILUTED_EPS":0.020539194281,"OPERATE_INCOME":361730791.001569,"OPERATE_INCOME_YOY":6.797910539,"GROSS_PROFIT":85735772.1604968,"GROSS_PROFIT_YOY":-6.367700324025,"HOLDER_PROFIT":40607766.0796015,"HOLDER_PROFIT_YOY":28.8963039014,"GROSS_PROFIT_RATIO":23.701541116561,"EPS_TTM":0.02030388304,"OPERATE_INCOME_QOQ":-0.254458843796,"NET_PROFIT_RATIO":11.2259633655,"ROE_AVG":19.526325817226,"GROSS_PROFIT_QOQ":-8.027440640366,"ROA":9.75161708135,"HOLDER_PROFIT_QOQ":-0.430305724317,"ROE_YEARLY":19.526325817226,"ROIC_YEARLY":11.795849912855,"TOTAL_ASSETS":480104474.956738,"TOTAL_LIABILITIES":198888942.797535,"TAX_EBT":18.919529837251,"OCF_SALES":11.019855232509,"TOTAL_PARENT_EQUITY":281215532.159203,"DEBT_ASSET_RATIO":41.426179753,"OPERATE_PROFIT":56604078.7281872,"PRETAX_PROFIT":50083288.8587,"NETCASH_OPERATE":39862209.4997817,"NETCASH_INVEST":-28465382.5627092,"NETCASH_FINANCE":78944899.9725066,"END_CASH":102873869.94,"DIVI_RATIO":null,"DIVIDEND_RATE":null,"CURRENT_RATIO":2.633029092983,"COMMON_ACS":15000000000,"CURRENTDEBT_DEBT":42.763398629034,"ISSUED_COMMON_SHARES":2064000000,"HK_COMMON_SHARES":2064000000,"PER_SHARES":5000,"TOTAL_MARKET_CAP":650160000,"HKSK_MARKET_CAP":650160000,"PE_TTM":18.707062852584,"PB_TTM":1.119655537643,"REPORT_DATE_SQ":"2019-12-31 00:00:00","REPORT_TYPE_SQ":"2019年年报","OPERATE_INCOME_SQ":355741269.194184,"DPS_HKD":null,"OPERATE_INCOME_QOQ_SQ":5.605348058364,"NET_PROFIT_RATIO_SQ":9.301348409,"HOLDER_PROFIT_SQ":33088734.8824568,"HOLDER_PROFIT_QOQ_SQ":-13.507809365604,"ROE_AVG_SQ":23.464225487834,"PE_TTM_SQ":32.250018911534,"PB_TTM_SQ":3.080417524261,"ROA_SQ":9.429760867461,"START_DATE":"2020-01-01 00:00:00","FISCAL_YEAR":"12-31","CURRENCY":"HKD","IS_CNY_CODE":0,"DPS_HKD_LY":0.005425,"ORG_TYPE":"一般企业","PREMIUM_INCOME":null,"PREMIUM_INCOME_YOY":null,"NET_INTEREST_INCOME":null,"NET_INTEREST_INCOME_YOY":null,"FEE_COMMISSION_INCOME":null,"FEE_COMMISSION_INCOME_YOY":null,"ACCOUNTS_RECE_TDAYS":4.42269590493,"INVENTORY_TDAYS":15.931292008962,"CURRENT_ASSETS_TDAYS":2.11123014843,"TOTAL_ASSETS_TDAYS":0.868666390923,"PREMIUM_EXPENSE":null,"LOAN_DEPOSIT":null,"LOAN_EQUITY":null,"LOAN_ASSETS":null,"DEPOSIT_EQUITY":null,"DEPOSIT_ASSETS":null,"EQUITY_MULTIPLIER":1.707247360311,"EQUITY_RATIO":0.707247360309},{"SECUCODE":"01442.HK","SECURITY_CODE":"01442","SECURITY_NAME_ABBR":"鹰辉物流","ORG_CODE":"10000039019","STD_REPORT_DATE":"2020-06-30 00:00:00","REPORT_DATE":"2020-06-30 00:00:00","DATE_TYPE_CODE":"002","REPORT_TYPE":"2020年中报","PER_NETCASH_OPERATE":0.014950242999,"PER_OI":0.085354745925,"BPS":0.136759991317,"BASIC_EPS":0.01124078421,"DILUTED_EPS":0.01124078421,"OPERATE_INCOME":170709491.850431,"OPERATE_INCOME_YOY":4.6143404178,"GROSS_PROFIT":40858597.5468641,"GROSS_PROFIT_YOY":4.214670719456,"HOLDER_PROFIT":21850100.8364466,"HOLDER_PROFIT_YOY":54.9408041261,"GROSS_PROFIT_RATIO":23.934578624757,"EPS_TTM":0.020391629388,"OPERATE_INCOME_QOQ":1.943076767066,"NET_PROFIT_RATIO":12.799581675,"ROE_AVG":10.405620830135,"GROSS_PROFIT_QOQ":1.804603816505,"ROA":5.126554294624,"HOLDER_PROFIT_QOQ":23.254209994905,"ROE_YEARLY":20.81124166027,"ROIC_YEARLY":12.677798985239,"TOTAL_ASSETS":491883492.577776,"TOTAL_LIABILITIES":209610870.499554,"TAX_EBT":8.0550918197,"OCF_SALES":17.515420891071,"TOTAL_PARENT_EQUITY":282272622.078223,"DEBT_ASSET_RATIO":42.613926603,"OPERATE_PROFIT":27776308.3942209,"PRETAX_PROFIT":23764340.2651503,"NETCASH_OPERATE":29900485.9986114,"NETCASH_INVEST":-17819949.0858598,"NETCASH_FINANCE":101466261.116805,"END_CASH":126637352.464707,"DIVI_RATIO":null,"DIVIDEND_RATE":null,"CURRENT_RATIO":2.568297797324,"COMMON_ACS":15000000000,"CURRENTDEBT_DEBT":42.498541032476,"ISSUED_COMMON_SHARES":2064000000,"HK_COMMON_SHARES":2064000000,"PER_SHARES":5000,"TOTAL_MARKET_CAP":650160000,"HKSK_MARKET_CAP":650160000,"PE_TTM":18.707062852584,"PB_TTM":1.119655537643,"REPORT_DATE_SQ":"2019-06-30 00:00:00","REPORT_TYPE_SQ":"2019年中报","OPERATE_INCOME_SQ":163797165.897853,"DPS_HKD":null,"OPERATE_INCOME_QOQ_SQ":1.607110459463,"NET_PROFIT_RATIO_SQ":8.6421378933,"HOLDER_PROFIT_SQ":14155576.9422228,"HOLDER_PROFIT_QOQ_SQ":3.045348819323,"ROE_AVG_SQ":10.904466088913,"PE_TTM_SQ":32.250018911534,"PB_TTM_SQ":3.080417524261,"ROA_SQ":4.356196000735,"START_DATE":"2020-01-01 00:00:00","FISCAL_YEAR":"12-31","CURRENCY":"HKD","IS_CNY_CODE":0,"DPS_HKD_LY":0.005425,"ORG_TYPE":"一般企业","PREMIUM_INCOME":null,"PREMIUM_INCOME_YOY":null,"NET_INTEREST_INCOME":null,"NET_INTEREST_INCOME_YOY":null,"FEE_COMMISSION_INCOME":null,"FEE_COMMISSION_INCOME_YOY":null,"ACCOUNTS_RECE_TDAYS":2.16363045915,"INVENTORY_TDAYS":8.89402173913,"CURRENT_ASSETS_TDAYS":0.975077543351,"TOTAL_ASSETS_TDAYS":0.400525144085,"PREMIUM_EXPENSE":null,"LOAN_DEPOSIT":null,"LOAN_EQUITY":null,"LOAN_ASSETS":null,"DEPOSIT_EQUITY":null,"DEPOSIT_ASSETS":null,"EQUITY_MULTIPLIER":1.742583070777,"EQUITY_RATIO":0.742583070779}],"count":15},"success":true,"message":"ok","code":0}