{"version":"cd30889362d2f5295f52c4f497143b70","result":{"pages":3,"data":[{"SECUCODE":"01443.HK","SECURITY_CODE":"01443","SECURITY_NAME_ABBR":"富临集团控股","ORG_CODE":"10425608","STD_REPORT_DATE":"2024-06-30 00:00:00","REPORT_DATE":"2024-09-30 00:00:00","DATE_TYPE_CODE":"002","REPORT_TYPE":"2024年中报","PER_NETCASH_OPERATE":0.099577039169,"PER_OI":0.592489210008,"BPS":0.106538857969,"BASIC_EPS":-0.028226027,"DILUTED_EPS":-0.028226027,"OPERATE_INCOME":770235973.01,"OPERATE_INCOME_YOY":-4.4430049495,"GROSS_PROFIT":552458196.96,"GROSS_PROFIT_YOY":-6.581587724011,"HOLDER_PROFIT":-36646942.02,"HOLDER_PROFIT_YOY":-2025.0592136428,"GROSS_PROFIT_RATIO":71.725836797917,"EPS_TTM":0.035274557846,"OPERATE_INCOME_QOQ":0,"NET_PROFIT_RATIO":-4.7578850254,"ROE_AVG":-23.249813345844,"GROSS_PROFIT_QOQ":0,"ROA":-3.383771833959,"HOLDER_PROFIT_QOQ":0,"ROE_YEARLY":-46.499626691687,"ROIC_YEARLY":-7.422360688045,"TOTAL_ASSETS":1016741171.3,"TOTAL_LIABILITIES":880174995.49,"TAX_EBT":-0.291214215202,"OCF_SALES":16.806557400081,"TOTAL_PARENT_EQUITY":138500515.36,"DEBT_ASSET_RATIO":86.5682457183,"OPERATE_PROFIT":-24010158.75,"PRETAX_PROFIT":-36540530.8,"NETCASH_OPERATE":129450150.92,"NETCASH_INVEST":-7962805.7,"NETCASH_FINANCE":-144025782.69,"END_CASH":85524861.81,"DIVI_RATIO":0.077099478096,"DIVIDEND_RATE":2.564102564103,"CURRENT_RATIO":0.443457600424,"COMMON_ACS":2000000000,"CURRENTDEBT_DEBT":76.239689108235,"ISSUED_COMMON_SHARES":1300000000,"HK_COMMON_SHARES":1300000000,"PER_SHARES":2000,"TOTAL_MARKET_CAP":152100000,"HKSK_MARKET_CAP":152100000,"PE_TTM":19.412890874282,"PB_TTM":0.99033753516,"REPORT_DATE_SQ":"2023-06-30 00:00:00","REPORT_TYPE_SQ":"2023年中报","OPERATE_INCOME_SQ":820207058.16,"DPS_HKD":0.003,"OPERATE_INCOME_QOQ_SQ":0,"NET_PROFIT_RATIO_SQ":0.2350553572,"HOLDER_PROFIT_SQ":1937116.93,"HOLDER_PROFIT_QOQ_SQ":0,"ROE_AVG_SQ":1.434975749522,"PE_TTM_SQ":17.385638845072,"PB_TTM_SQ":1.731912277106,"ROA_SQ":0.187344027888,"START_DATE":"2024-04-01 00:00:00","FISCAL_YEAR":"3-31","CURRENCY":"HKD","IS_CNY_CODE":0,"DPS_HKD_LY":0.003,"ORG_TYPE":"一般企业","PREMIUM_INCOME":null,"PREMIUM_INCOME_YOY":null,"NET_INTEREST_INCOME":null,"NET_INTEREST_INCOME_YOY":null,"FEE_COMMISSION_INCOME":null,"FEE_COMMISSION_INCOME_YOY":null,"ACCOUNTS_RECE_TDAYS":55.693727177882,"INVENTORY_TDAYS":3.210985387387,"CURRENT_ASSETS_TDAYS":2.590189885414,"TOTAL_ASSETS_TDAYS":0.711192434433,"PREMIUM_EXPENSE":null,"LOAN_DEPOSIT":null,"LOAN_EQUITY":null,"LOAN_ASSETS":null,"DEPOSIT_EQUITY":null,"DEPOSIT_ASSETS":null,"EQUITY_MULTIPLIER":7.445043879059,"EQUITY_RATIO":6.355030471924},{"SECUCODE":"01443.HK","SECURITY_CODE":"01443","SECURITY_NAME_ABBR":"富临集团控股","ORG_CODE":"10425608","STD_REPORT_DATE":"2023-12-31 00:00:00","REPORT_DATE":"2024-03-31 00:00:00","DATE_TYPE_CODE":"001","REPORT_TYPE":"2023年年报","PER_NETCASH_OPERATE":0.253006250115,"PER_OI":1.283962106615,"BPS":0.136674964731,"BASIC_EPS":0.035264795,"DILUTED_EPS":0.035264795,"OPERATE_INCOME":1669150738.6,"OPERATE_INCOME_YOY":12.1672531264,"GROSS_PROFIT":1211089154.6,"GROSS_PROFIT_YOY":20.298329342475,"HOLDER_PROFIT":45856925.2,"HOLDER_PROFIT_YOY":139.3036238055,"GROSS_PROFIT_RATIO":72.557206883292,"EPS_TTM":0.009693728915,"OPERATE_INCOME_QOQ":0,"NET_PROFIT_RATIO":2.746777666,"ROE_AVG":29.422645153035,"GROSS_PROFIT_QOQ":0,"ROA":4.465208247359,"HOLDER_PROFIT_QOQ":0,"ROE_YEARLY":29.422645153035,"ROIC_YEARLY":5.111307140208,"TOTAL_ASSETS":1155366245.75,"TOTAL_LIABILITIES":980027690.6,"TAX_EBT":-321.344663834041,"OCF_SALES":19.705118150436,"TOTAL_PARENT_EQUITY":177677454.15,"DEBT_ASSET_RATIO":84.8239849662,"OPERATE_PROFIT":43634971.15,"PRETAX_PROFIT":10881319.65,"NETCASH_OPERATE":328908125.15,"NETCASH_INVEST":-67679396.8,"NETCASH_FINANCE":-307007690.25,"END_CASH":110408724.5,"DIVI_RATIO":0.280557670195,"DIVIDEND_RATE":2.631578947368,"CURRENT_RATIO":0.447220378687,"COMMON_ACS":2000000000,"CURRENTDEBT_DEBT":68.156665914313,"ISSUED_COMMON_SHARES":1300000000,"HK_COMMON_SHARES":1300000000,"PER_SHARES":2000,"TOTAL_MARKET_CAP":148200000,"HKSK_MARKET_CAP":148200000,"PE_TTM":18.915124441608,"PB_TTM":0.964944265028,"REPORT_DATE_SQ":"2022-12-31 00:00:00","REPORT_TYPE_SQ":"2022年年报","OPERATE_INCOME_SQ":1436975010.08,"DPS_HKD":0.003,"OPERATE_INCOME_QOQ_SQ":0,"NET_PROFIT_RATIO_SQ":1.2871857729,"HOLDER_PROFIT_SQ":18504416.58,"HOLDER_PROFIT_QOQ_SQ":0,"ROE_AVG_SQ":15.684615898315,"PE_TTM_SQ":16.048282010836,"PB_TTM_SQ":1.59868825579,"ROA_SQ":2.12743794092,"START_DATE":"2023-04-01 00:00:00","FISCAL_YEAR":"3-31","CURRENCY":"HKD","IS_CNY_CODE":0,"DPS_HKD_LY":0.003,"ORG_TYPE":"一般企业","PREMIUM_INCOME":null,"PREMIUM_INCOME_YOY":null,"NET_INTEREST_INCOME":null,"NET_INTEREST_INCOME_YOY":null,"FEE_COMMISSION_INCOME":null,"FEE_COMMISSION_INCOME_YOY":null,"ACCOUNTS_RECE_TDAYS":131.731558989769,"INVENTORY_TDAYS":6.414176996655,"CURRENT_ASSETS_TDAYS":5.349584590554,"TOTAL_ASSETS_TDAYS":1.625295549489,"PREMIUM_EXPENSE":null,"LOAN_DEPOSIT":null,"LOAN_EQUITY":null,"LOAN_ASSETS":null,"DEPOSIT_EQUITY":null,"DEPOSIT_ASSETS":null,"EQUITY_MULTIPLIER":6.589345080199,"EQUITY_RATIO":5.515768420301},{"SECUCODE":"01443.HK","SECURITY_CODE":"01443","SECURITY_NAME_ABBR":"富临集团控股","ORG_CODE":"10425608","STD_REPORT_DATE":"2023-06-30 00:00:00","REPORT_DATE":"2023-09-30 00:00:00","DATE_TYPE_CODE":"002","REPORT_TYPE":"2023年中报","PER_NETCASH_OPERATE":0.117803221792,"PER_OI":0.630928506277,"BPS":0.103318079308,"BASIC_EPS":0.001468208,"DILUTED_EPS":0.001468208,"OPERATE_INCOME":820207058.16,"OPERATE_INCOME_YOY":16.908025531,"GROSS_PROFIT":591380417.95,"GROSS_PROFIT_YOY":22.923332867588,"HOLDER_PROFIT":1937116.93,"HOLDER_PROFIT_YOY":-75.6460544532,"GROSS_PROFIT_RATIO":72.101356854532,"EPS_TTM":0.0142341666,"OPERATE_INCOME_QOQ":0,"NET_PROFIT_RATIO":0.2350553572,"ROE_AVG":1.434975749522,"GROSS_PROFIT_QOQ":0,"ROA":0.187344027888,"HOLDER_PROFIT_QOQ":0,"ROE_YEARLY":2.869951499043,"ROIC_YEARLY":0.432109126489,"TOTAL_ASSETS":1158395924.14,"TOTAL_LIABILITIES":1026449906.44,"TAX_EBT":2.641334569045,"OCF_SALES":18.671405812278,"TOTAL_PARENT_EQUITY":134313503.1,"DEBT_ASSET_RATIO":88.6095923725,"OPERATE_PROFIT":16034666.62,"PRETAX_PROFIT":1980245.54,"NETCASH_OPERATE":153144188.33,"NETCASH_INVEST":-35437035.34,"NETCASH_FINANCE":-148293596.15,"END_CASH":123756169.95,"DIVI_RATIO":0.191064926836,"DIVIDEND_RATE":2.631578947368,"CURRENT_RATIO":0.465456234563,"COMMON_ACS":2000000000,"CURRENTDEBT_DEBT":67.938239995423,"ISSUED_COMMON_SHARES":1300000000,"HK_COMMON_SHARES":1300000000,"PER_SHARES":2000,"TOTAL_MARKET_CAP":148200000,"HKSK_MARKET_CAP":148200000,"PE_TTM":18.915124441608,"PB_TTM":0.964944265028,"REPORT_DATE_SQ":"2022-06-30 00:00:00","REPORT_TYPE_SQ":"2022年中报","OPERATE_INCOME_SQ":691498646.4,"DPS_HKD":0.003,"OPERATE_INCOME_QOQ_SQ":0,"NET_PROFIT_RATIO_SQ":1.1325468243,"HOLDER_PROFIT_SQ":7839685.92,"HOLDER_PROFIT_QOQ_SQ":0,"ROE_AVG_SQ":6.801685512284,"PE_TTM_SQ":16.048282010836,"PB_TTM_SQ":1.59868825579,"ROA_SQ":0.850677116609,"START_DATE":"2023-04-01 00:00:00","FISCAL_YEAR":"3-31","CURRENCY":"HKD","IS_CNY_CODE":0,"DPS_HKD_LY":0.003,"ORG_TYPE":"一般企业","PREMIUM_INCOME":null,"PREMIUM_INCOME_YOY":null,"NET_INTEREST_INCOME":null,"NET_INTEREST_INCOME_YOY":null,"FEE_COMMISSION_INCOME":null,"FEE_COMMISSION_INCOME_YOY":null,"ACCOUNTS_RECE_TDAYS":46.542841521518,"INVENTORY_TDAYS":3.064342504639,"CURRENT_ASSETS_TDAYS":2.508776755491,"TOTAL_ASSETS_TDAYS":0.793245320393,"PREMIUM_EXPENSE":null,"LOAN_DEPOSIT":null,"LOAN_EQUITY":null,"LOAN_ASSETS":null,"DEPOSIT_EQUITY":null,"DEPOSIT_ASSETS":null,"EQUITY_MULTIPLIER":8.779317059608,"EQUITY_RATIO":7.642194438751},{"SECUCODE":"01443.HK","SECURITY_CODE":"01443","SECURITY_NAME_ABBR":"富临集团控股","ORG_CODE":"10425608","STD_REPORT_DATE":"2022-12-31 00:00:00","REPORT_DATE":"2023-03-31 00:00:00","DATE_TYPE_CODE":"001","REPORT_TYPE":"2022年年报","PER_NETCASH_OPERATE":0.219292225177,"PER_OI":1.105365392369,"BPS":0.099561726085,"BASIC_EPS":0.014269183,"DILUTED_EPS":0.014269183,"OPERATE_INCOME":1436975010.08,"OPERATE_INCOME_YOY":10.428376432,"GROSS_PROFIT":1006738132.79,"GROSS_PROFIT_YOY":27.731824179161,"HOLDER_PROFIT":18504416.58,"HOLDER_PROFIT_YOY":142.9905021457,"GROSS_PROFIT_RATIO":70.059543536109,"EPS_TTM":-0.023196780992,"OPERATE_INCOME_QOQ":0,"NET_PROFIT_RATIO":1.2871857729,"ROE_AVG":15.684615898315,"GROSS_PROFIT_QOQ":0,"ROA":2.12743794092,"HOLDER_PROFIT_QOQ":0,"ROE_YEARLY":15.684615898315,"ROIC_YEARLY":2.499436864033,"TOTAL_ASSETS":867732654.3,"TOTAL_LIABILITIES":740552214.09,"TAX_EBT":3.757857338071,"OCF_SALES":19.83889008022,"TOTAL_PARENT_EQUITY":129430243.91,"DEBT_ASSET_RATIO":85.3433612784,"OPERATE_PROFIT":38328076.03,"PRETAX_PROFIT":19218751.14,"NETCASH_OPERATE":285079892.73,"NETCASH_INVEST":-55801259.63,"NETCASH_FINANCE":-144119623.71,"END_CASH":148606975.37,"DIVI_RATIO":-0.117242560548,"DIVIDEND_RATE":2.631578947368,"CURRENT_RATIO":0.557965493435,"COMMON_ACS":2000000000,"CURRENTDEBT_DEBT":76.023968347974,"ISSUED_COMMON_SHARES":1300000000,"HK_COMMON_SHARES":1300000000,"PER_SHARES":2000,"TOTAL_MARKET_CAP":148200000,"HKSK_MARKET_CAP":148200000,"PE_TTM":18.915124441608,"PB_TTM":0.964944265028,"REPORT_DATE_SQ":"2021-12-31 00:00:00","REPORT_TYPE_SQ":"2021年年报","OPERATE_INCOME_SQ":1205544467.73,"DPS_HKD":0.003,"OPERATE_INCOME_QOQ_SQ":0,"NET_PROFIT_RATIO_SQ":-3.3907924699,"HOLDER_PROFIT_SQ":-39876550.69,"HOLDER_PROFIT_QOQ_SQ":0,"ROE_AVG_SQ":-33.935516376273,"PE_TTM_SQ":16.048282010836,"PB_TTM_SQ":1.59868825579,"ROA_SQ":-4.465776218009,"START_DATE":"2022-04-01 00:00:00","FISCAL_YEAR":"3-31","CURRENCY":"HKD","IS_CNY_CODE":0,"DPS_HKD_LY":null,"ORG_TYPE":"一般企业","PREMIUM_INCOME":null,"PREMIUM_INCOME_YOY":null,"NET_INTEREST_INCOME":null,"NET_INTEREST_INCOME_YOY":null,"FEE_COMMISSION_INCOME":null,"FEE_COMMISSION_INCOME_YOY":null,"ACCOUNTS_RECE_TDAYS":150.147541733364,"INVENTORY_TDAYS":6.182738817846,"CURRENT_ASSETS_TDAYS":5.12556556494,"TOTAL_ASSETS_TDAYS":1.652078650187,"PREMIUM_EXPENSE":null,"LOAN_DEPOSIT":null,"LOAN_EQUITY":null,"LOAN_ASSETS":null,"DEPOSIT_EQUITY":null,"DEPOSIT_ASSETS":null,"EQUITY_MULTIPLIER":6.822846759034,"EQUITY_RATIO":5.72163191321},{"SECUCODE":"01443.HK","SECURITY_CODE":"01443","SECURITY_NAME_ABBR":"富临集团控股","ORG_CODE":"10425608","STD_REPORT_DATE":"2022-06-30 00:00:00","REPORT_DATE":"2022-09-30 00:00:00","DATE_TYPE_CODE":"002","REPORT_TYPE":"2022年中报","PER_NETCASH_OPERATE":0.102962145323,"PER_OI":0.531922035692,"BPS":0.092664052338,"BASIC_EPS":0.006059748,"DILUTED_EPS":0.006059748,"OPERATE_INCOME":691498646.4,"OPERATE_INCOME_YOY":-2.8665151444,"GROSS_PROFIT":481096960.32,"GROSS_PROFIT_YOY":11.17403891302,"HOLDER_PROFIT":7839685.92,"HOLDER_PROFIT_YOY":483.8795394154,"GROSS_PROFIT_RATIO":69.573087789055,"EPS_TTM":-0.030674269762,"OPERATE_INCOME_QOQ":0,"NET_PROFIT_RATIO":1.1325468243,"ROE_AVG":6.801685512284,"GROSS_PROFIT_QOQ":0,"ROA":0.850677116609,"HOLDER_PROFIT_QOQ":0,"ROE_YEARLY":13.603371024569,"ROIC_YEARLY":2.046723041277,"TOTAL_ASSETS":942387589.08,"TOTAL_LIABILITIES":824248731.84,"TAX_EBT":7.548579970105,"OCF_SALES":19.35662341739,"TOTAL_PARENT_EQUITY":120463268.04,"DEBT_ASSET_RATIO":87.4638780679,"OPERATE_PROFIT":16767413.16,"PRETAX_PROFIT":8470985.04,"NETCASH_OPERATE":133850788.92,"NETCASH_INVEST":-17611255.68,"NETCASH_FINANCE":-20006212.8,"END_CASH":159635468.88,"DIVI_RATIO":-0.088662257362,"DIVIDEND_RATE":2.631578947368,"CURRENT_RATIO":0.526004528404,"COMMON_ACS":2000000000,"CURRENTDEBT_DEBT":81.174780761432,"ISSUED_COMMON_SHARES":1300000000,"HK_COMMON_SHARES":1300000000,"PER_SHARES":2000,"TOTAL_MARKET_CAP":148200000,"HKSK_MARKET_CAP":148200000,"PE_TTM":18.915124441608,"PB_TTM":0.964944265028,"REPORT_DATE_SQ":"2021-06-30 00:00:00","REPORT_TYPE_SQ":"2021年中报","OPERATE_INCOME_SQ":655720686.38,"DPS_HKD":0.003,"OPERATE_INCOME_QOQ_SQ":0,"NET_PROFIT_RATIO_SQ":-0.2922750337,"HOLDER_PROFIT_SQ":-1881049.48,"HOLDER_PROFIT_QOQ_SQ":0,"ROE_AVG_SQ":-1.56638039874,"PE_TTM_SQ":16.048282010836,"PB_TTM_SQ":1.59868825579,"ROA_SQ":-0.1969695648,"START_DATE":"2022-04-01 00:00:00","FISCAL_YEAR":"3-31","CURRENCY":"HKD","IS_CNY_CODE":0,"DPS_HKD_LY":null,"ORG_TYPE":"一般企业","PREMIUM_INCOME":null,"PREMIUM_INCOME_YOY":null,"NET_INTEREST_INCOME":null,"NET_INTEREST_INCOME_YOY":null,"FEE_COMMISSION_INCOME":null,"FEE_COMMISSION_INCOME_YOY":null,"ACCOUNTS_RECE_TDAYS":61.324243031883,"INVENTORY_TDAYS":2.85436285667,"CURRENT_ASSETS_TDAYS":2.279567199468,"TOTAL_ASSETS_TDAYS":0.750338828189,"PREMIUM_EXPENSE":null,"LOAN_DEPOSIT":null,"LOAN_EQUITY":null,"LOAN_ASSETS":null,"DEPOSIT_EQUITY":null,"DEPOSIT_ASSETS":null,"EQUITY_MULTIPLIER":7.976948576413,"EQUITY_RATIO":6.842324181063},{"SECUCODE":"01443.HK","SECURITY_CODE":"01443","SECURITY_NAME_ABBR":"富临集团控股","ORG_CODE":"10425608","STD_REPORT_DATE":"2021-12-31 00:00:00","REPORT_DATE":"2022-03-31 00:00:00","DATE_TYPE_CODE":"001","REPORT_TYPE":"2021年年报","PER_NETCASH_OPERATE":0.156607902562,"PER_OI":0.927341898254,"BPS":0.075914902977,"BASIC_EPS":-0.030656178,"DILUTED_EPS":-0.030656178,"OPERATE_INCOME":1205544467.73,"OPERATE_INCOME_YOY":23.6544945689,"GROSS_PROFIT":788165470.32,"GROSS_PROFIT_YOY":18.530861602442,"HOLDER_PROFIT":-39876550.69,"HOLDER_PROFIT_YOY":59.7608681419,"GROSS_PROFIT_RATIO":64.509328489443,"EPS_TTM":-0.046041284877,"OPERATE_INCOME_QOQ":0,"NET_PROFIT_RATIO":-3.3907924699,"ROE_AVG":-33.935516376273,"GROSS_PROFIT_QOQ":0,"ROA":-4.465776218009,"HOLDER_PROFIT_QOQ":0,"ROE_YEARLY":-33.935516376273,"ROIC_YEARLY":-5.099484492512,"TOTAL_ASSETS":807724598.49,"TOTAL_LIABILITIES":709035224.62,"TAX_EBT":-1.515433054609,"OCF_SALES":17.311737194102,"TOTAL_PARENT_EQUITY":98689373.87,"DEBT_ASSET_RATIO":87.7818040884,"OPERATE_PROFIT":213688158.84,"PRETAX_PROFIT":-39281269.35,"NETCASH_OPERATE":203590273.33,"NETCASH_INVEST":-62335850.62,"NETCASH_FINANCE":-200200251.53,"END_CASH":59600313.89,"DIVI_RATIO":-0.05906981109,"DIVIDEND_RATE":2.631578947368,"CURRENT_RATIO":0.412020262452,"COMMON_ACS":2000000000,"CURRENTDEBT_DEBT":78.194980452084,"ISSUED_COMMON_SHARES":1300000000,"HK_COMMON_SHARES":1300000000,"PER_SHARES":2000,"TOTAL_MARKET_CAP":148200000,"HKSK_MARKET_CAP":148200000,"PE_TTM":18.915124441608,"PB_TTM":0.964944265028,"REPORT_DATE_SQ":"2020-12-31 00:00:00","REPORT_TYPE_SQ":"2020年年报","OPERATE_INCOME_SQ":991127372.76,"DPS_HKD":0.003,"OPERATE_INCOME_QOQ_SQ":0,"NET_PROFIT_RATIO_SQ":-14.3521432068,"HOLDER_PROFIT_SQ":-103274234.56,"HOLDER_PROFIT_QOQ_SQ":0,"ROE_AVG_SQ":-82.326296918603,"PE_TTM_SQ":16.048282010836,"PB_TTM_SQ":1.59868825579,"ROA_SQ":-15.180090230013,"START_DATE":"2021-04-01 00:00:00","FISCAL_YEAR":"3-31","CURRENCY":"HKD","IS_CNY_CODE":0,"DPS_HKD_LY":null,"ORG_TYPE":"一般企业","PREMIUM_INCOME":null,"PREMIUM_INCOME_YOY":null,"NET_INTEREST_INCOME":null,"NET_INTEREST_INCOME_YOY":null,"FEE_COMMISSION_INCOME":null,"FEE_COMMISSION_INCOME_YOY":null,"ACCOUNTS_RECE_TDAYS":145.050058548009,"INVENTORY_TDAYS":6.010054887306,"CURRENT_ASSETS_TDAYS":4.386420938797,"TOTAL_ASSETS_TDAYS":1.317030239288,"PREMIUM_EXPENSE":null,"LOAN_DEPOSIT":null,"LOAN_EQUITY":null,"LOAN_ASSETS":null,"DEPOSIT_EQUITY":null,"DEPOSIT_ASSETS":null,"EQUITY_MULTIPLIER":8.184514368857,"EQUITY_RATIO":7.184514368832},{"SECUCODE":"01443.HK","SECURITY_CODE":"01443","SECURITY_NAME_ABBR":"富临集团控股","ORG_CODE":"10425608","STD_REPORT_DATE":"2021-06-30 00:00:00","REPORT_DATE":"2021-09-30 00:00:00","DATE_TYPE_CODE":"002","REPORT_TYPE":"2021年中报","PER_NETCASH_OPERATE":0.098010149815,"PER_OI":0.504400527985,"BPS":0.077036262277,"BASIC_EPS":-0.001416202,"DILUTED_EPS":-0.001416202,"OPERATE_INCOME":655720686.38,"OPERATE_INCOME_YOY":36.58084693,"GROSS_PROFIT":432742180.66,"GROSS_PROFIT_YOY":30.592648764887,"HOLDER_PROFIT":-1881049.48,"HOLDER_PROFIT_YOY":97.6456358764,"GROSS_PROFIT_RATIO":65.35388837113,"EPS_TTM":-0.109421553769,"OPERATE_INCOME_QOQ":0,"NET_PROFIT_RATIO":-0.2922750337,"ROE_AVG":-1.56638039874,"GROSS_PROFIT_QOQ":0,"ROA":-0.1969695648,"HOLDER_PROFIT_QOQ":0,"ROE_YEARLY":-3.13276079748,"ROIC_YEARLY":-0.450782955892,"TOTAL_ASSETS":905247148.18,"TOTAL_LIABILITIES":805100007.22,"TAX_EBT":-2.729754322111,"OCF_SALES":19.797297297297,"TOTAL_PARENT_EQUITY":100147140.96,"DEBT_ASSET_RATIO":88.9370387787,"OPERATE_PROFIT":6936890.62,"PRETAX_PROFIT":-1831065.88,"NETCASH_OPERATE":127413194.76,"NETCASH_INVEST":-21321337.64,"NETCASH_FINANCE":-107558875.78,"END_CASH":119994795.46,"DIVI_RATIO":-0.024854792372,"DIVIDEND_RATE":2.631578947368,"CURRENT_RATIO":0.438773401946,"COMMON_ACS":2000000000,"CURRENTDEBT_DEBT":75.122123842527,"ISSUED_COMMON_SHARES":1300000000,"HK_COMMON_SHARES":1300000000,"PER_SHARES":2000,"TOTAL_MARKET_CAP":148200000,"HKSK_MARKET_CAP":148200000,"PE_TTM":18.915124441608,"PB_TTM":0.964944265028,"REPORT_DATE_SQ":"2020-06-30 00:00:00","REPORT_TYPE_SQ":"2020年中报","OPERATE_INCOME_SQ":497041816.96,"DPS_HKD":0.003,"OPERATE_INCOME_QOQ_SQ":0,"NET_PROFIT_RATIO_SQ":-16.9553941267,"HOLDER_PROFIT_SQ":-84275399.04,"HOLDER_PROFIT_QOQ_SQ":0,"ROE_AVG_SQ":-40.004338005727,"PE_TTM_SQ":16.048282010836,"PB_TTM_SQ":1.59868825579,"ROA_SQ":-8.098806674315,"START_DATE":"2021-04-01 00:00:00","FISCAL_YEAR":"3-31","CURRENCY":"HKD","IS_CNY_CODE":0,"DPS_HKD_LY":null,"ORG_TYPE":"一般企业","PREMIUM_INCOME":null,"PREMIUM_INCOME_YOY":null,"NET_INTEREST_INCOME":null,"NET_INTEREST_INCOME_YOY":null,"FEE_COMMISSION_INCOME":null,"FEE_COMMISSION_INCOME_YOY":null,"ACCOUNTS_RECE_TDAYS":50.279335675503,"INVENTORY_TDAYS":3.086294767428,"CURRENT_ASSETS_TDAYS":2.213483580666,"TOTAL_ASSETS_TDAYS":0.673918542879,"PREMIUM_EXPENSE":null,"LOAN_DEPOSIT":null,"LOAN_EQUITY":null,"LOAN_ASSETS":null,"DEPOSIT_EQUITY":null,"DEPOSIT_ASSETS":null,"EQUITY_MULTIPLIER":9.039171158574,"EQUITY_RATIO":8.039171158581},{"SECUCODE":"01443.HK","SECURITY_CODE":"01443","SECURITY_NAME_ABBR":"富临集团控股","ORG_CODE":"10425608","STD_REPORT_DATE":"2020-12-31 00:00:00","REPORT_DATE":"2021-03-31 00:00:00","DATE_TYPE_CODE":"001","REPORT_TYPE":"2020年年报","PER_NETCASH_OPERATE":0.175194111508,"PER_OI":0.762405671354,"BPS":0.0793032394,"BASIC_EPS":-0.07944692,"DILUTED_EPS":-0.07944692,"OPERATE_INCOME":991127372.76,"OPERATE_INCOME_YOY":-36.7457460362,"GROSS_PROFIT":664945365,"GROSS_PROFIT_YOY":-39.911867355684,"HOLDER_PROFIT":-103274234.56,"HOLDER_PROFIT_YOY":73.598221737,"GROSS_PROFIT_RATIO":67.089799280623,"EPS_TTM":-0.468633275862,"OPERATE_INCOME_QOQ":0,"NET_PROFIT_RATIO":-14.3521432068,"ROE_AVG":-82.326296918603,"GROSS_PROFIT_QOQ":0,"ROA":-15.180090230013,"HOLDER_PROFIT_QOQ":0,"ROE_YEARLY":-82.326296918603,"ROIC_YEARLY":-17.20946973299,"TOTAL_ASSETS":1019360610.66,"TOTAL_LIABILITIES":877292614.1,"TAX_EBT":-0.235429227677,"OCF_SALES":22.979119659038,"TOTAL_PARENT_EQUITY":142067996.56,"DEBT_ASSET_RATIO":89.8863846472,"OPERATE_PROFIT":-80996980.12,"PRETAX_PROFIT":-103031667.9,"NETCASH_OPERATE":227752344.96,"NETCASH_INVEST":-46171338.22,"NETCASH_FINANCE":-160388963.42,"END_CASH":122613643.32,"DIVI_RATIO":-0.005803365105,"DIVIDEND_RATE":2.631578947368,"CURRENT_RATIO":0.515198866143,"COMMON_ACS":2000000000,"CURRENTDEBT_DEBT":66.521322357044,"ISSUED_COMMON_SHARES":1300000000,"HK_COMMON_SHARES":1300000000,"PER_SHARES":2000,"TOTAL_MARKET_CAP":148200000,"HKSK_MARKET_CAP":148200000,"PE_TTM":18.915124441608,"PB_TTM":0.964944265028,"REPORT_DATE_SQ":"2019-12-31 00:00:00","REPORT_TYPE_SQ":"2019年年报","OPERATE_INCOME_SQ":1693924876.6,"DPS_HKD":0.003,"OPERATE_INCOME_QOQ_SQ":0,"NET_PROFIT_RATIO_SQ":-34.3652200367,"HOLDER_PROFIT_SQ":-582461821.2,"HOLDER_PROFIT_QOQ_SQ":0,"ROE_AVG_SQ":-104.114685623058,"PE_TTM_SQ":16.048282010836,"PB_TTM_SQ":1.59868825579,"ROA_SQ":-57.591708649968,"START_DATE":"2020-04-01 00:00:00","FISCAL_YEAR":"3-31","CURRENCY":"HKD","IS_CNY_CODE":0,"DPS_HKD_LY":null,"ORG_TYPE":"一般企业","PREMIUM_INCOME":null,"PREMIUM_INCOME_YOY":null,"NET_INTEREST_INCOME":null,"NET_INTEREST_INCOME_YOY":null,"FEE_COMMISSION_INCOME":null,"FEE_COMMISSION_INCOME_YOY":null,"ACCOUNTS_RECE_TDAYS":125.851255634256,"INVENTORY_TDAYS":4.325403896912,"CURRENT_ASSETS_TDAYS":3.260950993219,"TOTAL_ASSETS_TDAYS":1.057688040825,"PREMIUM_EXPENSE":null,"LOAN_DEPOSIT":null,"LOAN_EQUITY":null,"LOAN_ASSETS":null,"DEPOSIT_EQUITY":null,"DEPOSIT_ASSETS":null,"EQUITY_MULTIPLIER":9.887660990816,"EQUITY_RATIO":6.175160031411},{"SECUCODE":"01443.HK","SECURITY_CODE":"01443","SECURITY_NAME_ABBR":"富临集团控股","ORG_CODE":"10425608","STD_REPORT_DATE":"2020-06-30 00:00:00","REPORT_DATE":"2020-09-30 00:00:00","DATE_TYPE_CODE":"002","REPORT_TYPE":"2020年中报","PER_NETCASH_OPERATE":0.099859768615,"PER_OI":0.3823398592,"BPS":0.130178312369,"BASIC_EPS":-0.064849536,"DILUTED_EPS":-0.064849536,"OPERATE_INCOME":497041816.96,"OPERATE_INCOME_YOY":-47.8086561289,"GROSS_PROFIT":331367948.16,"GROSS_PROFIT_YOY":-50.367527864363,"HOLDER_PROFIT":-84275399.04,"HOLDER_PROFIT_YOY":-50.4140397102,"GROSS_PROFIT_RATIO":66.668022056315,"EPS_TTM":-0.448047554769,"OPERATE_INCOME_QOQ":0,"NET_PROFIT_RATIO":-16.9553941267,"ROE_AVG":-40.004338005727,"GROSS_PROFIT_QOQ":0,"ROA":-8.098806674315,"HOLDER_PROFIT_QOQ":0,"ROE_YEARLY":-80.008676011454,"ROIC_YEARLY":-18.438742757939,"TOTAL_ASSETS":1192481035.52,"TOTAL_LIABILITIES":1023249229.44,"TAX_EBT":-0.596823931696,"OCF_SALES":26.118063867139,"TOTAL_PARENT_EQUITY":169231806.08,"DEBT_ASSET_RATIO":85.8084278878,"OPERATE_PROFIT":-68643848.96,"PRETAX_PROFIT":-83775407.36,"NETCASH_OPERATE":129817699.2,"NETCASH_INVEST":-44649520.64,"NETCASH_FINANCE":-40766456.96,"END_CASH":150662695.04,"DIVI_RATIO":-0.006070002996,"DIVIDEND_RATE":2.631578947368,"CURRENT_RATIO":0.534594827342,"COMMON_ACS":2000000000,"CURRENTDEBT_DEBT":66.613080378573,"ISSUED_COMMON_SHARES":1300000000,"HK_COMMON_SHARES":1300000000,"PER_SHARES":2000,"TOTAL_MARKET_CAP":148200000,"HKSK_MARKET_CAP":148200000,"PE_TTM":18.915124441608,"PB_TTM":0.964944265028,"REPORT_DATE_SQ":"2019-06-30 00:00:00","REPORT_TYPE_SQ":"2019年中报","OPERATE_INCOME_SQ":977586711.87,"DPS_HKD":0.003,"OPERATE_INCOME_QOQ_SQ":0,"NET_PROFIT_RATIO_SQ":-5.8928553304,"HOLDER_PROFIT_SQ":-57513961.62,"HOLDER_PROFIT_QOQ_SQ":0,"ROE_AVG_SQ":-7.050900686711,"PE_TTM_SQ":16.048282010836,"PB_TTM_SQ":1.59868825579,"ROA_SQ":-4.398560854795,"START_DATE":"2020-04-01 00:00:00","FISCAL_YEAR":"3-31","CURRENCY":"HKD","IS_CNY_CODE":0,"DPS_HKD_LY":null,"ORG_TYPE":"一般企业","PREMIUM_INCOME":null,"PREMIUM_INCOME_YOY":null,"NET_INTEREST_INCOME":null,"NET_INTEREST_INCOME_YOY":null,"FEE_COMMISSION_INCOME":null,"FEE_COMMISSION_INCOME_YOY":null,"ACCOUNTS_RECE_TDAYS":43.965877735028,"INVENTORY_TDAYS":2.198576184618,"CURRENT_ASSETS_TDAYS":1.499557934447,"TOTAL_ASSETS_TDAYS":0.477653696151,"PREMIUM_EXPENSE":null,"LOAN_DEPOSIT":null,"LOAN_EQUITY":null,"LOAN_ASSETS":null,"DEPOSIT_EQUITY":null,"DEPOSIT_ASSETS":null,"EQUITY_MULTIPLIER":7.046435673891,"EQUITY_RATIO":6.046435673896}],"count":27},"success":true,"message":"ok","code":0}