{"version":"e25c5466578cbe3c4c4b4bcfdb823e9e","result":{"pages":2,"data":[{"SECUCODE":"01440.HK","SECURITY_CODE":"01440","SECURITY_NAME_ABBR":"应星控股","ORG_CODE":"10000080257","STD_REPORT_DATE":"2024-06-30 00:00:00","REPORT_DATE":"2024-06-30 00:00:00","DATE_TYPE_CODE":"002","REPORT_TYPE":"2024年中报","PER_NETCASH_OPERATE":-0.042111904762,"PER_OI":0.216981746032,"BPS":0.249814285714,"BASIC_EPS":-0.0008,"DILUTED_EPS":-0.0008,"OPERATE_INCOME":273397000,"OPERATE_INCOME_YOY":480.8923828747,"GROSS_PROFIT":28158000,"GROSS_PROFIT_YOY":2066.34078212291,"HOLDER_PROFIT":-948000,"HOLDER_PROFIT_YOY":82.9250720461,"GROSS_PROFIT_RATIO":10.29930833184,"EPS_TTM":-0.004354761905,"OPERATE_INCOME_QOQ":71.318689282912,"NET_PROFIT_RATIO":-0.3467485013,"ROE_AVG":-0.300642194561,"GROSS_PROFIT_QOQ":124.087897341273,"ROA":-0.202814153347,"HOLDER_PROFIT_QOQ":45.624814190863,"ROE_YEARLY":-0.601284389122,"ROIC_YEARLY":-0.836146581435,"TOTAL_ASSETS":442671000,"TOTAL_LIABILITIES":127905000,"TAX_EBT":-50.237717908082,"OCF_SALES":-19.408040322315,"TOTAL_PARENT_EQUITY":314766000,"DEBT_ASSET_RATIO":28.8939189601,"OPERATE_PROFIT":-574000,"PRETAX_PROFIT":-631000,"NETCASH_OPERATE":-53061000,"NETCASH_INVEST":-1430000,"NETCASH_FINANCE":-2122000,"END_CASH":212359000,"DIVI_RATIO":null,"DIVIDEND_RATE":null,"CURRENT_RATIO":2.573237778924,"COMMON_ACS":10000000000,"CURRENTDEBT_DEBT":96.984480669247,"ISSUED_COMMON_SHARES":1260000000,"HK_COMMON_SHARES":1260000000,"PER_SHARES":5000,"TOTAL_MARKET_CAP":6753600000,"HKSK_MARKET_CAP":6753600000,"PE_TTM":-1097.76403688967,"PB_TTM":19.582406130268,"REPORT_DATE_SQ":"2023-06-30 00:00:00","REPORT_TYPE_SQ":"2023年中报","OPERATE_INCOME_SQ":47065000,"DPS_HKD":null,"OPERATE_INCOME_QOQ_SQ":-24.837687749245,"NET_PROFIT_RATIO_SQ":-11.7964517157,"HOLDER_PROFIT_SQ":-5552000,"HOLDER_PROFIT_QOQ_SQ":-116.918429003021,"ROE_AVG_SQ":-1.717912142656,"PE_TTM_SQ":-105.999907058781,"PB_TTM_SQ":6.633740292322,"ROA_SQ":-1.563721217123,"START_DATE":"2024-01-01 00:00:00","FISCAL_YEAR":"12-31","CURRENCY":"HKD","IS_CNY_CODE":0,"DPS_HKD_LY":null,"ORG_TYPE":"一般企业","PREMIUM_INCOME":null,"PREMIUM_INCOME_YOY":null,"NET_INTEREST_INCOME":null,"NET_INTEREST_INCOME_YOY":null,"FEE_COMMISSION_INCOME":null,"FEE_COMMISSION_INCOME_YOY":null,"ACCOUNTS_RECE_TDAYS":3.419043807761,"INVENTORY_TDAYS":36.578268327243,"CURRENT_ASSETS_TDAYS":0.801202109406,"TOTAL_ASSETS_TDAYS":0.584902754036,"PREMIUM_EXPENSE":null,"LOAN_DEPOSIT":null,"LOAN_EQUITY":null,"LOAN_ASSETS":null,"DEPOSIT_EQUITY":null,"DEPOSIT_ASSETS":null,"EQUITY_MULTIPLIER":1.40634947866,"EQUITY_RATIO":0.40634947866},{"SECUCODE":"01440.HK","SECURITY_CODE":"01440","SECURITY_NAME_ABBR":"应星控股","ORG_CODE":"10000080257","STD_REPORT_DATE":"2023-12-31 00:00:00","REPORT_DATE":"2023-12-31 00:00:00","DATE_TYPE_CODE":"001","REPORT_TYPE":"2023年年报","PER_NETCASH_OPERATE":0.036877777778,"PER_OI":0.251867460317,"BPS":0.250701587302,"BASIC_EPS":-0.008,"DILUTED_EPS":-0.008,"OPERATE_INCOME":317353000,"OPERATE_INCOME_YOY":136.5569676866,"GROSS_PROFIT":23846000,"GROSS_PROFIT_YOY":725.715035423773,"HOLDER_PROFIT":-10091000,"HOLDER_PROFIT_YOY":-12.9126104957,"GROSS_PROFIT_RATIO":7.514030117881,"EPS_TTM":-0.008008730159,"OPERATE_INCOME_QOQ":214.728167086499,"NET_PROFIT_RATIO":-3.1797399111,"ROE_AVG":-3.144681527372,"GROSS_PROFIT_QOQ":349.722484029741,"ROA":-2.382430782961,"HOLDER_PROFIT_QOQ":47.94697204168,"ROE_YEARLY":-3.144681527372,"ROIC_YEARLY":-5.17182174615,"TOTAL_ASSETS":492175000,"TOTAL_LIABILITIES":176291000,"TAX_EBT":-16.457010963647,"OCF_SALES":14.641739640085,"TOTAL_PARENT_EQUITY":315884000,"DEBT_ASSET_RATIO":35.8187636511,"OPERATE_PROFIT":-10619000,"PRETAX_PROFIT":-8665000,"NETCASH_OPERATE":46466000,"NETCASH_INVEST":-1621000,"NETCASH_FINANCE":36145000,"END_CASH":268978000,"DIVI_RATIO":null,"DIVIDEND_RATE":null,"CURRENT_RATIO":2.113733431088,"COMMON_ACS":10000000000,"CURRENTDEBT_DEBT":97.485407649852,"ISSUED_COMMON_SHARES":1260000000,"HK_COMMON_SHARES":1260000000,"PER_SHARES":5000,"TOTAL_MARKET_CAP":6753600000,"HKSK_MARKET_CAP":6753600000,"PE_TTM":-1097.76403688967,"PB_TTM":19.582406130268,"REPORT_DATE_SQ":"2022-12-31 00:00:00","REPORT_TYPE_SQ":"2022年年报","OPERATE_INCOME_SQ":134155000,"DPS_HKD":null,"OPERATE_INCOME_QOQ_SQ":-17.831921552775,"NET_PROFIT_RATIO_SQ":-6.6616972904,"HOLDER_PROFIT_SQ":-8937000,"HOLDER_PROFIT_QOQ_SQ":-244.448036204946,"ROE_AVG_SQ":-2.705705687522,"PE_TTM_SQ":-115.846892960416,"PB_TTM_SQ":7.249989390516,"ROA_SQ":-2.431314084863,"START_DATE":"2023-01-01 00:00:00","FISCAL_YEAR":"12-31","CURRENCY":"HKD","IS_CNY_CODE":0,"DPS_HKD_LY":null,"ORG_TYPE":"一般企业","PREMIUM_INCOME":null,"PREMIUM_INCOME_YOY":null,"NET_INTEREST_INCOME":null,"NET_INTEREST_INCOME_YOY":null,"FEE_COMMISSION_INCOME":null,"FEE_COMMISSION_INCOME_YOY":null,"ACCOUNTS_RECE_TDAYS":7.527169659164,"INVENTORY_TDAYS":41.176627384961,"CURRENT_ASSETS_TDAYS":1.109559921263,"TOTAL_ASSETS_TDAYS":0.749253350773,"PREMIUM_EXPENSE":null,"LOAN_DEPOSIT":null,"LOAN_EQUITY":null,"LOAN_ASSETS":null,"DEPOSIT_EQUITY":null,"DEPOSIT_ASSETS":null,"EQUITY_MULTIPLIER":1.558087779057,"EQUITY_RATIO":0.558087779058},{"SECUCODE":"01440.HK","SECURITY_CODE":"01440","SECURITY_NAME_ABBR":"应星控股","ORG_CODE":"10000080257","STD_REPORT_DATE":"2023-06-30 00:00:00","REPORT_DATE":"2023-06-30 00:00:00","DATE_TYPE_CODE":"002","REPORT_TYPE":"2023年中报","PER_NETCASH_OPERATE":0.002715873016,"PER_OI":0.037353174603,"BPS":0.25433968254,"BASIC_EPS":-0.0044,"DILUTED_EPS":-0.0044,"OPERATE_INCOME":47065000,"OPERATE_INCOME_YOY":-41.4512477297,"GROSS_PROFIT":-1432000,"GROSS_PROFIT_YOY":-133.255921969345,"HOLDER_PROFIT":-5552000,"HOLDER_PROFIT_YOY":-213.3755360425,"GROSS_PROFIT_RATIO":-3.042600658664,"EPS_TTM":-0.015385714286,"OPERATE_INCOME_QOQ":-24.837687749245,"NET_PROFIT_RATIO":-11.7964517157,"ROE_AVG":-1.717912142656,"GROSS_PROFIT_QOQ":-150.564156389399,"ROA":-1.563721217123,"HOLDER_PROFIT_QOQ":-116.918429003021,"ROE_YEARLY":-3.435824285312,"ROIC_YEARLY":-6.754627686431,"TOTAL_ASSETS":355158000,"TOTAL_LIABILITIES":34690000,"TAX_EBT":0.05400540054,"OCF_SALES":7.270795708063,"TOTAL_PARENT_EQUITY":320468000,"DEBT_ASSET_RATIO":9.7674837678,"OPERATE_PROFIT":-6620000,"PRETAX_PROFIT":-5555000,"NETCASH_OPERATE":3422000,"NETCASH_INVEST":-1741000,"NETCASH_FINANCE":3696000,"END_CASH":193409000,"DIVI_RATIO":null,"DIVIDEND_RATE":null,"CURRENT_RATIO":6.625713675083,"COMMON_ACS":10000000000,"CURRENTDEBT_DEBT":94.416258287691,"ISSUED_COMMON_SHARES":1260000000,"HK_COMMON_SHARES":1260000000,"PER_SHARES":5000,"TOTAL_MARKET_CAP":6753600000,"HKSK_MARKET_CAP":6753600000,"PE_TTM":-1097.76403688967,"PB_TTM":19.582406130268,"REPORT_DATE_SQ":"2022-06-30 00:00:00","REPORT_TYPE_SQ":"2022年中报","OPERATE_INCOME_SQ":80386000,"DPS_HKD":null,"OPERATE_INCOME_QOQ_SQ":-1.610803774813,"NET_PROFIT_RATIO_SQ":6.091856791,"HOLDER_PROFIT_SQ":4897000,"HOLDER_PROFIT_QOQ_SQ":-70.791237843452,"ROE_AVG_SQ":1.452184949706,"PE_TTM_SQ":-115.846892960416,"PB_TTM_SQ":7.249989390516,"ROA_SQ":1.285561648942,"START_DATE":"2023-01-01 00:00:00","FISCAL_YEAR":"12-31","CURRENCY":"HKD","IS_CNY_CODE":0,"DPS_HKD_LY":null,"ORG_TYPE":"一般企业","PREMIUM_INCOME":null,"PREMIUM_INCOME_YOY":null,"NET_INTEREST_INCOME":null,"NET_INTEREST_INCOME_YOY":null,"FEE_COMMISSION_INCOME":null,"FEE_COMMISSION_INCOME_YOY":null,"ACCOUNTS_RECE_TDAYS":7.603392568659,"INVENTORY_TDAYS":5.670837231057,"CURRENT_ASSETS_TDAYS":0.221074535445,"TOTAL_ASSETS_TDAYS":0.13255860786,"PREMIUM_EXPENSE":null,"LOAN_DEPOSIT":null,"LOAN_EQUITY":null,"LOAN_ASSETS":null,"DEPOSIT_EQUITY":null,"DEPOSIT_ASSETS":null,"EQUITY_MULTIPLIER":1.108247937392,"EQUITY_RATIO":0.108247937392},{"SECUCODE":"01440.HK","SECURITY_CODE":"01440","SECURITY_NAME_ABBR":"应星控股","ORG_CODE":"10000080257","STD_REPORT_DATE":"2022-12-31 00:00:00","REPORT_DATE":"2022-12-31 00:00:00","DATE_TYPE_CODE":"001","REPORT_TYPE":"2022年年报","PER_NETCASH_OPERATE":0.012882539683,"PER_OI":0.106472222222,"BPS":0.258649206349,"BASIC_EPS":-0.0071,"DILUTED_EPS":-0.0071,"OPERATE_INCOME":134155000,"OPERATE_INCOME_YOY":-19.1554880621,"GROSS_PROFIT":-3811000,"GROSS_PROFIT_YOY":-109.723427055162,"HOLDER_PROFIT":-8937000,"HOLDER_PROFIT_YOY":-142.1914833349,"GROSS_PROFIT_RATIO":-2.84074391562,"EPS_TTM":-0.007092857143,"OPERATE_INCOME_QOQ":-17.831921552775,"NET_PROFIT_RATIO":-6.6616972904,"ROE_AVG":-2.705705687522,"GROSS_PROFIT_QOQ":-123.16717325228,"ROA":-2.431314084863,"HOLDER_PROFIT_QOQ":-244.448036204946,"ROE_YEARLY":-2.705705687522,"ROIC_YEARLY":-4.897603533596,"TOTAL_ASSETS":354943000,"TOTAL_LIABILITIES":29045000,"TAX_EBT":-1.869371936624,"OCF_SALES":12.099437218143,"TOTAL_PARENT_EQUITY":325898000,"DEBT_ASSET_RATIO":8.1830040316,"OPERATE_PROFIT":-11100000,"PRETAX_PROFIT":-8773000,"NETCASH_OPERATE":16232000,"NETCASH_INVEST":-10626000,"NETCASH_FINANCE":-11000,"END_CASH":187910000,"DIVI_RATIO":null,"DIVIDEND_RATE":null,"CURRENT_RATIO":7.712016549075,"COMMON_ACS":10000000000,"CURRENTDEBT_DEBT":93.203649509382,"ISSUED_COMMON_SHARES":1260000000,"HK_COMMON_SHARES":1260000000,"PER_SHARES":5000,"TOTAL_MARKET_CAP":6753600000,"HKSK_MARKET_CAP":6753600000,"PE_TTM":-1097.76403688967,"PB_TTM":19.582406130268,"REPORT_DATE_SQ":"2021-12-31 00:00:00","REPORT_TYPE_SQ":"2021年年报","OPERATE_INCOME_SQ":165942000,"DPS_HKD":null,"OPERATE_INCOME_QOQ_SQ":-10.999195494771,"NET_PROFIT_RATIO_SQ":12.7647009196,"HOLDER_PROFIT_SQ":21182000,"HOLDER_PROFIT_QOQ_SQ":-50.122445135161,"ROE_AVG_SQ":7.596784403316,"PE_TTM_SQ":-115.846892960416,"PB_TTM_SQ":7.249989390516,"ROA_SQ":6.227847729094,"START_DATE":"2022-01-01 00:00:00","FISCAL_YEAR":"12-31","CURRENCY":"HKD","IS_CNY_CODE":0,"DPS_HKD_LY":null,"ORG_TYPE":"一般企业","PREMIUM_INCOME":null,"PREMIUM_INCOME_YOY":null,"NET_INTEREST_INCOME":null,"NET_INTEREST_INCOME_YOY":null,"FEE_COMMISSION_INCOME":null,"FEE_COMMISSION_INCOME_YOY":null,"ACCOUNTS_RECE_TDAYS":10.770743848099,"INVENTORY_TDAYS":15.596427763961,"CURRENT_ASSETS_TDAYS":0.624674054759,"TOTAL_ASSETS_TDAYS":0.364969163091,"PREMIUM_EXPENSE":null,"LOAN_DEPOSIT":null,"LOAN_EQUITY":null,"LOAN_ASSETS":null,"DEPOSIT_EQUITY":null,"DEPOSIT_ASSETS":null,"EQUITY_MULTIPLIER":1.089122977127,"EQUITY_RATIO":0.089122977128},{"SECUCODE":"01440.HK","SECURITY_CODE":"01440","SECURITY_NAME_ABBR":"应星控股","ORG_CODE":"10000080257","STD_REPORT_DATE":"2022-06-30 00:00:00","REPORT_DATE":"2022-06-30 00:00:00","DATE_TYPE_CODE":"002","REPORT_TYPE":"2022年中报","PER_NETCASH_OPERATE":0.011997619048,"PER_OI":0.063798412698,"BPS":0.269623809524,"BASIC_EPS":0.0039,"DILUTED_EPS":0.0039,"OPERATE_INCOME":80386000,"OPERATE_INCOME_YOY":-3.2181942956,"GROSS_PROFIT":4306000,"GROSS_PROFIT_YOY":-84.081330868762,"HOLDER_PROFIT":4897000,"HOLDER_PROFIT_YOY":-75.382063141,"GROSS_PROFIT_RATIO":5.356654143756,"EPS_TTM":0.00491031746,"OPERATE_INCOME_QOQ":-1.610803774813,"NET_PROFIT_RATIO":6.091856791,"ROE_AVG":1.452184949706,"GROSS_PROFIT_QOQ":-58.029290197479,"ROA":1.285561648942,"HOLDER_PROFIT_QOQ":-70.791237843452,"ROE_YEARLY":2.904369899412,"ROIC_YEARLY":5.100510363504,"TOTAL_ASSETS":381631000,"TOTAL_LIABILITIES":41905000,"TAX_EBT":6.777079763944,"OCF_SALES":18.805513397855,"TOTAL_PARENT_EQUITY":339726000,"DEBT_ASSET_RATIO":10.9805021081,"OPERATE_PROFIT":3970000,"PRETAX_PROFIT":5253000,"NETCASH_OPERATE":15117000,"NETCASH_INVEST":-2017000,"NETCASH_FINANCE":-5000,"END_CASH":195512000,"DIVI_RATIO":null,"DIVIDEND_RATE":null,"CURRENT_RATIO":5.75630399399,"COMMON_ACS":10000000000,"CURRENTDEBT_DEBT":95.298890347214,"ISSUED_COMMON_SHARES":1260000000,"HK_COMMON_SHARES":1260000000,"PER_SHARES":5000,"TOTAL_MARKET_CAP":6753600000,"HKSK_MARKET_CAP":6753600000,"PE_TTM":-1097.76403688967,"PB_TTM":19.582406130268,"REPORT_DATE_SQ":"2021-06-30 00:00:00","REPORT_TYPE_SQ":"2021年中报","OPERATE_INCOME_SQ":83059000,"DPS_HKD":null,"OPERATE_INCOME_QOQ_SQ":-6.06011749413,"NET_PROFIT_RATIO_SQ":23.949240901,"HOLDER_PROFIT_SQ":19892000,"HOLDER_PROFIT_QOQ_SQ":-3.08756075854,"ROE_AVG_SQ":7.150431534942,"PE_TTM_SQ":-115.846892960416,"PB_TTM_SQ":7.249989390516,"ROA_SQ":5.852765808455,"START_DATE":"2022-01-01 00:00:00","FISCAL_YEAR":"12-31","CURRENCY":"HKD","IS_CNY_CODE":0,"DPS_HKD_LY":null,"ORG_TYPE":"一般企业","PREMIUM_INCOME":null,"PREMIUM_INCOME_YOY":null,"NET_INTEREST_INCOME":null,"NET_INTEREST_INCOME_YOY":null,"FEE_COMMISSION_INCOME":null,"FEE_COMMISSION_INCOME_YOY":null,"ACCOUNTS_RECE_TDAYS":4.616568557071,"INVENTORY_TDAYS":7.247785081452,"CURRENT_ASSETS_TDAYS":0.356774797726,"TOTAL_ASSETS_TDAYS":0.211029525652,"PREMIUM_EXPENSE":null,"LOAN_DEPOSIT":null,"LOAN_EQUITY":null,"LOAN_ASSETS":null,"DEPOSIT_EQUITY":null,"DEPOSIT_ASSETS":null,"EQUITY_MULTIPLIER":1.123349405109,"EQUITY_RATIO":0.123349405109},{"SECUCODE":"01440.HK","SECURITY_CODE":"01440","SECURITY_NAME_ABBR":"应星控股","ORG_CODE":"10000080257","STD_REPORT_DATE":"2021-12-31 00:00:00","REPORT_DATE":"2021-12-31 00:00:00","DATE_TYPE_CODE":"001","REPORT_TYPE":"2021年年报","PER_NETCASH_OPERATE":0.019457142857,"PER_OI":0.1317,"BPS":0.26563968254,"BASIC_EPS":0.017,"DILUTED_EPS":0.017,"OPERATE_INCOME":165942000,"OPERATE_INCOME_YOY":-16.3927488185,"GROSS_PROFIT":39194000,"GROSS_PROFIT_YOY":-46.932585943106,"HOLDER_PROFIT":21182000,"HOLDER_PROFIT_YOY":-51.6624449465,"GROSS_PROFIT_RATIO":23.619095828663,"EPS_TTM":0.016811111111,"OPERATE_INCOME_QOQ":-10.999195494771,"NET_PROFIT_RATIO":12.7647009196,"ROE_AVG":7.596784403316,"GROSS_PROFIT_QOQ":-43.329333005596,"ROA":6.227847729094,"HOLDER_PROFIT_QOQ":-50.122445135161,"ROE_YEARLY":7.596784403316,"ROIC_YEARLY":10.905683497315,"TOTAL_ASSETS":380215000,"TOTAL_LIABILITIES":45509000,"TAX_EBT":12.03488372093,"OCF_SALES":14.773836641718,"TOTAL_PARENT_EQUITY":334706000,"DEBT_ASSET_RATIO":11.9692805386,"OPERATE_PROFIT":22726000,"PRETAX_PROFIT":24080000,"NETCASH_OPERATE":24516000,"NETCASH_INVEST":-35472000,"NETCASH_FINANCE":83793000,"END_CASH":182294000,"DIVI_RATIO":null,"DIVIDEND_RATE":null,"CURRENT_RATIO":5.075133345595,"COMMON_ACS":10000000000,"CURRENTDEBT_DEBT":95.576699114461,"ISSUED_COMMON_SHARES":1260000000,"HK_COMMON_SHARES":1260000000,"PER_SHARES":5000,"TOTAL_MARKET_CAP":6753600000,"HKSK_MARKET_CAP":6753600000,"PE_TTM":-1097.76403688967,"PB_TTM":19.582406130268,"REPORT_DATE_SQ":"2020-12-31 00:00:00","REPORT_TYPE_SQ":"2020年年报","OPERATE_INCOME_SQ":198478000,"DPS_HKD":null,"OPERATE_INCOME_QOQ_SQ":4.294136811241,"NET_PROFIT_RATIO_SQ":22.0785175183,"HOLDER_PROFIT_SQ":43821000,"HOLDER_PROFIT_QOQ_SQ":23.158427250499,"ROE_AVG_SQ":21.789622071558,"PE_TTM_SQ":-115.846892960416,"PB_TTM_SQ":7.249989390516,"ROA_SQ":16.398755339671,"START_DATE":"2021-01-01 00:00:00","FISCAL_YEAR":"12-31","CURRENCY":"HKD","IS_CNY_CODE":0,"DPS_HKD_LY":null,"ORG_TYPE":"一般企业","PREMIUM_INCOME":null,"PREMIUM_INCOME_YOY":null,"NET_INTEREST_INCOME":null,"NET_INTEREST_INCOME_YOY":null,"FEE_COMMISSION_INCOME":null,"FEE_COMMISSION_INCOME_YOY":null,"ACCOUNTS_RECE_TDAYS":10.425457058491,"INVENTORY_TDAYS":13.33557788416,"CURRENT_ASSETS_TDAYS":0.896663892881,"TOTAL_ASSETS_TDAYS":0.487896094732,"PREMIUM_EXPENSE":null,"LOAN_DEPOSIT":null,"LOAN_EQUITY":null,"LOAN_ASSETS":null,"DEPOSIT_EQUITY":null,"DEPOSIT_ASSETS":null,"EQUITY_MULTIPLIER":1.135967087533,"EQUITY_RATIO":0.135967087534},{"SECUCODE":"01440.HK","SECURITY_CODE":"01440","SECURITY_NAME_ABBR":"应星控股","ORG_CODE":"10000080257","STD_REPORT_DATE":"2021-06-30 00:00:00","REPORT_DATE":"2021-06-30 00:00:00","DATE_TYPE_CODE":"002","REPORT_TYPE":"2021年中报","PER_NETCASH_OPERATE":0.009144444444,"PER_OI":0.06591984127,"BPS":0.264630952381,"BASIC_EPS":0.0161,"DILUTED_EPS":0.0161,"OPERATE_INCOME":83059000,"OPERATE_INCOME_YOY":-12.6494683816,"GROSS_PROFIT":27050000,"GROSS_PROFIT_YOY":-14.792414792415,"HOLDER_PROFIT":19892000,"HOLDER_PROFIT_YOY":-6.3685573076,"GROSS_PROFIT_RATIO":32.567211259466,"EPS_TTM":0.033704761905,"OPERATE_INCOME_QOQ":-6.06011749413,"NET_PROFIT_RATIO":23.949240901,"ROE_AVG":7.150431534942,"GROSS_PROFIT_QOQ":-6.358232801224,"ROA":5.852765808455,"HOLDER_PROFIT_QOQ":-3.08756075854,"ROE_YEARLY":14.300863069883,"ROIC_YEARLY":20.731631057843,"TOTAL_ASSETS":379727000,"TOTAL_LIABILITIES":46292000,"TAX_EBT":13.305731096099,"OCF_SALES":13.872066844051,"TOTAL_PARENT_EQUITY":333435000,"DEBT_ASSET_RATIO":12.1908634361,"OPERATE_PROFIT":22658000,"PRETAX_PROFIT":22945000,"NETCASH_OPERATE":11522000,"NETCASH_INVEST":-17991000,"NETCASH_FINANCE":83798000,"END_CASH":186464000,"DIVI_RATIO":null,"DIVIDEND_RATE":null,"CURRENT_RATIO":5.009130052526,"COMMON_ACS":10000000000,"CURRENTDEBT_DEBT":95.824332498056,"ISSUED_COMMON_SHARES":1260000000,"HK_COMMON_SHARES":1260000000,"PER_SHARES":5000,"TOTAL_MARKET_CAP":6753600000,"HKSK_MARKET_CAP":6753600000,"PE_TTM":-1097.76403688967,"PB_TTM":19.582406130268,"REPORT_DATE_SQ":"2020-06-30 00:00:00","REPORT_TYPE_SQ":"2020年中报","OPERATE_INCOME_SQ":95087000,"DPS_HKD":null,"OPERATE_INCOME_QOQ_SQ":-6.4573369445,"NET_PROFIT_RATIO_SQ":22.3426966883,"HOLDER_PROFIT_SQ":21245000,"HOLDER_PROFIT_QOQ_SQ":-14.981720866885,"ROE_AVG_SQ":11.192123105452,"PE_TTM_SQ":-115.846892960416,"PB_TTM_SQ":7.249989390516,"ROA_SQ":8.737494730565,"START_DATE":"2021-01-01 00:00:00","FISCAL_YEAR":"12-31","CURRENCY":"HKD","IS_CNY_CODE":0,"DPS_HKD_LY":null,"ORG_TYPE":"一般企业","PREMIUM_INCOME":null,"PREMIUM_INCOME_YOY":null,"NET_INTEREST_INCOME":null,"NET_INTEREST_INCOME_YOY":null,"FEE_COMMISSION_INCOME":null,"FEE_COMMISSION_INCOME_YOY":null,"ACCOUNTS_RECE_TDAYS":6.202367173207,"INVENTORY_TDAYS":6.187814174446,"CURRENT_ASSETS_TDAYS":0.447053694454,"TOTAL_ASSETS_TDAYS":0.244382100988,"PREMIUM_EXPENSE":null,"LOAN_DEPOSIT":null,"LOAN_EQUITY":null,"LOAN_ASSETS":null,"DEPOSIT_EQUITY":null,"DEPOSIT_ASSETS":null,"EQUITY_MULTIPLIER":1.138833655735,"EQUITY_RATIO":0.138833655735},{"SECUCODE":"01440.HK","SECURITY_CODE":"01440","SECURITY_NAME_ABBR":"应星控股","ORG_CODE":"10000080257","STD_REPORT_DATE":"2020-12-31 00:00:00","REPORT_DATE":"2020-12-31 00:00:00","DATE_TYPE_CODE":"001","REPORT_TYPE":"2020年年报","PER_NETCASH_OPERATE":4129.95,"PER_OI":9923.9,"BPS":0.176945238095,"BASIC_EPS":0.0464,"DILUTED_EPS":0.0464,"OPERATE_INCOME":198478000,"OPERATE_INCOME_YOY":-2.440487016,"GROSS_PROFIT":73857000,"GROSS_PROFIT_YOY":10.392502690422,"HOLDER_PROFIT":43821000,"HOLDER_PROFIT_YOY":4.7071754558,"GROSS_PROFIT_RATIO":37.211680891585,"EPS_TTM":2191.05,"OPERATE_INCOME_QOQ":4.294136811241,"NET_PROFIT_RATIO":22.0785175183,"ROE_AVG":21.789622071558,"GROSS_PROFIT_QOQ":20.480571596359,"ROA":16.398755339671,"HOLDER_PROFIT_QOQ":23.158427250499,"ROE_YEARLY":21.789622071558,"ROIC_YEARLY":22.676981991306,"TOTAL_ASSETS":300020000,"TOTAL_LIABILITIES":77069000,"TAX_EBT":16.679025725857,"OCF_SALES":41.616199276494,"TOTAL_PARENT_EQUITY":222951000,"DEBT_ASSET_RATIO":25.6879541364,"OPERATE_PROFIT":52809000,"PRETAX_PROFIT":52593000,"NETCASH_OPERATE":82599000,"NETCASH_INVEST":-1983000,"NETCASH_FINANCE":-9614000,"END_CASH":109483000,"DIVI_RATIO":null,"DIVIDEND_RATE":null,"CURRENT_RATIO":1.986753557654,"COMMON_ACS":10000000000,"CURRENTDEBT_DEBT":97.561925028222,"ISSUED_COMMON_SHARES":1260000000,"HK_COMMON_SHARES":1260000000,"PER_SHARES":5000,"TOTAL_MARKET_CAP":6753600000,"HKSK_MARKET_CAP":6753600000,"PE_TTM":-1097.76403688967,"PB_TTM":19.582406130268,"REPORT_DATE_SQ":"2019-12-31 00:00:00","REPORT_TYPE_SQ":"2019年年报","OPERATE_INCOME_SQ":203443000,"DPS_HKD":null,"OPERATE_INCOME_QOQ_SQ":17.951646567718,"NET_PROFIT_RATIO_SQ":20.5713639693,"HOLDER_PROFIT_SQ":41851000,"HOLDER_PROFIT_QOQ_SQ":32.649762282092,"ROE_AVG_SQ":27.244172913364,"PE_TTM_SQ":-115.846892960416,"PB_TTM_SQ":7.249989390516,"ROA_SQ":17.901796980935,"START_DATE":"2020-01-01 00:00:00","FISCAL_YEAR":"12-31","CURRENCY":"HKD","IS_CNY_CODE":0,"DPS_HKD_LY":null,"ORG_TYPE":"一般企业","PREMIUM_INCOME":null,"PREMIUM_INCOME_YOY":null,"NET_INTEREST_INCOME":null,"NET_INTEREST_INCOME_YOY":null,"FEE_COMMISSION_INCOME":null,"FEE_COMMISSION_INCOME_YOY":null,"ACCOUNTS_RECE_TDAYS":13.805244487723,"INVENTORY_TDAYS":12.98541210795,"CURRENT_ASSETS_TDAYS":1.705635666776,"TOTAL_ASSETS_TDAYS":0.74274712177,"PREMIUM_EXPENSE":null,"LOAN_DEPOSIT":null,"LOAN_EQUITY":null,"LOAN_ASSETS":null,"DEPOSIT_EQUITY":null,"DEPOSIT_ASSETS":null,"EQUITY_MULTIPLIER":1.345676852762,"EQUITY_RATIO":0.345676852761},{"SECUCODE":"01440.HK","SECURITY_CODE":"01440","SECURITY_NAME_ABBR":"应星控股","ORG_CODE":"10000080257","STD_REPORT_DATE":"2020-06-30 00:00:00","REPORT_DATE":"2020-06-30 00:00:00","DATE_TYPE_CODE":"002","REPORT_TYPE":"2020年中报","PER_NETCASH_OPERATE":null,"PER_OI":null,"BPS":0.159026984127,"BASIC_EPS":0.0225,"DILUTED_EPS":0.0225,"OPERATE_INCOME":95087000,"OPERATE_INCOME_YOY":-12.1387123004,"GROSS_PROFIT":31746000,"GROSS_PROFIT_YOY":-14.999464496091,"HOLDER_PROFIT":21245000,"HOLDER_PROFIT_YOY":-22.7875704161,"GROSS_PROFIT_RATIO":33.386267313092,"EPS_TTM":null,"OPERATE_INCOME_QOQ":-6.4573369445,"NET_PROFIT_RATIO":22.3426966883,"ROE_AVG":11.192123105452,"GROSS_PROFIT_QOQ":-8.373191438479,"ROA":8.737494730565,"HOLDER_PROFIT_QOQ":-14.981720866885,"ROE_YEARLY":22.384246210904,"ROIC_YEARLY":21.21699356849,"TOTAL_ASSETS":251872000,"TOTAL_LIABILITIES":51498000,"TAX_EBT":16.525873246631,"OCF_SALES":20.241463081178,"TOTAL_PARENT_EQUITY":200374000,"DEBT_ASSET_RATIO":20.4460996061,"OPERATE_PROFIT":25723000,"PRETAX_PROFIT":25451000,"NETCASH_OPERATE":19247000,"NETCASH_INVEST":-3450000,"NETCASH_FINANCE":-7029000,"END_CASH":47287000,"DIVI_RATIO":null,"DIVIDEND_RATE":null,"CURRENT_RATIO":2.115043359563,"COMMON_ACS":10000000000,"CURRENTDEBT_DEBT":96.733853741893,"ISSUED_COMMON_SHARES":1260000000,"HK_COMMON_SHARES":1260000000,"PER_SHARES":5000,"TOTAL_MARKET_CAP":6753600000,"HKSK_MARKET_CAP":6753600000,"PE_TTM":-1097.76403688967,"PB_TTM":19.582406130268,"REPORT_DATE_SQ":"2019-06-30 00:00:00","REPORT_TYPE_SQ":"2019年中报","OPERATE_INCOME_SQ":108224000,"DPS_HKD":null,"OPERATE_INCOME_QOQ_SQ":0,"NET_PROFIT_RATIO_SQ":25.424120343,"HOLDER_PROFIT_SQ":27515000,"HOLDER_PROFIT_QOQ_SQ":0,"ROE_AVG_SQ":null,"PE_TTM_SQ":-115.846892960416,"PB_TTM_SQ":7.249989390516,"ROA_SQ":null,"START_DATE":"2020-01-01 00:00:00","FISCAL_YEAR":"12-31","CURRENCY":"HKD","IS_CNY_CODE":0,"DPS_HKD_LY":null,"ORG_TYPE":"一般企业","PREMIUM_INCOME":null,"PREMIUM_INCOME_YOY":null,"NET_INTEREST_INCOME":null,"NET_INTEREST_INCOME_YOY":null,"FEE_COMMISSION_INCOME":null,"FEE_COMMISSION_INCOME_YOY":null,"ACCOUNTS_RECE_TDAYS":4.888540434939,"INVENTORY_TDAYS":7.940951545164,"CURRENT_ASSETS_TDAYS":1.007752595238,"TOTAL_ASSETS_TDAYS":0.391067150598,"PREMIUM_EXPENSE":null,"LOAN_DEPOSIT":null,"LOAN_EQUITY":null,"LOAN_ASSETS":null,"DEPOSIT_EQUITY":null,"DEPOSIT_ASSETS":null,"EQUITY_MULTIPLIER":1.257009392435,"EQUITY_RATIO":0.257009392436}],"count":13},"success":true,"message":"ok","code":0}