{"version":"a006b4ae4f6a8e86b67d5a03da60e028","result":{"pages":3,"data":[{"SECUCODE":"01451.HK","SECURITY_CODE":"01451","SECURITY_NAME_ABBR":"万成集团股份","ORG_CODE":"10716466","STD_REPORT_DATE":"2024-06-30 00:00:00","REPORT_DATE":"2024-06-30 00:00:00","DATE_TYPE_CODE":"002","REPORT_TYPE":"2024年中报","PER_NETCASH_OPERATE":0.0601729924,"PER_OI":0.8167847124,"BPS":0.9789223144,"BASIC_EPS":0.086522064,"DILUTED_EPS":0.086522064,"OPERATE_INCOME":163356942.48,"OPERATE_INCOME_YOY":58.1665385329,"GROSS_PROFIT":45147541.56,"GROSS_PROFIT_YOY":32.178117064232,"HOLDER_PROFIT":17310801.56,"HOLDER_PROFIT_YOY":109.2794880282,"GROSS_PROFIT_RATIO":27.637357111729,"EPS_TTM":0.1185498543,"OPERATE_INCOME_QOQ":27.834905372309,"NET_PROFIT_RATIO":10.5969181947,"ROE_AVG":8.94494709762,"GROSS_PROFIT_QOQ":16.144219184618,"ROA":7.13479637975,"HOLDER_PROFIT_QOQ":60.690287257955,"ROE_YEARLY":17.88989419524,"ROIC_YEARLY":26.858210963055,"TOTAL_ASSETS":252387051.12,"TOTAL_LIABILITIES":56602588.24,"TAX_EBT":23.566391295587,"OCF_SALES":7.367056641302,"TOTAL_PARENT_EQUITY":195784462.88,"DEBT_ASSET_RATIO":22.4268986815,"OPERATE_PROFIT":22116974.44,"PRETAX_PROFIT":22648154.2,"NETCASH_OPERATE":12034598.48,"NETCASH_INVEST":-1829923.4,"NETCASH_FINANCE":-13273105.24,"END_CASH":112173848.08,"DIVI_RATIO":0.768235444386,"DIVIDEND_RATE":9.009009009009,"CURRENT_RATIO":4.495688089183,"COMMON_ACS":3800000000,"CURRENTDEBT_DEBT":84.325518397885,"ISSUED_COMMON_SHARES":200000000,"HK_COMMON_SHARES":200000000,"PER_SHARES":2000,"TOTAL_MARKET_CAP":222000000,"HKSK_MARKET_CAP":222000000,"PE_TTM":8.477812571603,"PB_TTM":1.034887840534,"REPORT_DATE_SQ":"2023-06-30 00:00:00","REPORT_TYPE_SQ":"2023年中报","OPERATE_INCOME_SQ":104334022.74,"DPS_HKD":0.1,"OPERATE_INCOME_QOQ_SQ":-14.423009740567,"NET_PROFIT_RATIO_SQ":8.0088014634,"HOLDER_PROFIT_SQ":8355904.74,"HOLDER_PROFIT_QOQ_SQ":-22.026678411892,"ROE_AVG_SQ":4.438839231052,"PE_TTM_SQ":19.151295232335,"PB_TTM_SQ":0.947460805042,"ROA_SQ":3.696226692116,"START_DATE":"2024-01-01 00:00:00","FISCAL_YEAR":"12-31","CURRENCY":"HKD","IS_CNY_CODE":0,"DPS_HKD_LY":0.1,"ORG_TYPE":"一般企业","PREMIUM_INCOME":null,"PREMIUM_INCOME_YOY":null,"NET_INTEREST_INCOME":null,"NET_INTEREST_INCOME_YOY":null,"FEE_COMMISSION_INCOME":null,"FEE_COMMISSION_INCOME_YOY":null,"ACCOUNTS_RECE_TDAYS":3.310019602767,"INVENTORY_TDAYS":3.261211129296,"CURRENT_ASSETS_TDAYS":0.787712484459,"TOTAL_ASSETS_TDAYS":0.673289747892,"PREMIUM_EXPENSE":null,"LOAN_DEPOSIT":null,"LOAN_EQUITY":null,"LOAN_ASSETS":null,"DEPOSIT_EQUITY":null,"DEPOSIT_ASSETS":null,"EQUITY_MULTIPLIER":1.289106640064,"EQUITY_RATIO":0.289106640064},{"SECUCODE":"01451.HK","SECURITY_CODE":"01451","SECURITY_NAME_ABBR":"万成集团股份","ORG_CODE":"10716466","STD_REPORT_DATE":"2023-12-31 00:00:00","REPORT_DATE":"2023-12-31 00:00:00","DATE_TYPE_CODE":"001","REPORT_TYPE":"2023年年报","PER_NETCASH_OPERATE":0.0713874805,"PER_OI":1.060232089,"BPS":0.9495690337,"BASIC_EPS":0.073766308,"DILUTED_EPS":0.073766308,"OPERATE_INCOME":212046417.8,"OPERATE_INCOME_YOY":-10.0529710696,"GROSS_PROFIT":68079777.5,"GROSS_PROFIT_YOY":-4.490006647098,"HOLDER_PROFIT":14755074.04,"HOLDER_PROFIT_YOY":17.9427743571,"GROSS_PROFIT_RATIO":32.106072909099,"EPS_TTM":0.0737753702,"OPERATE_INCOME_QOQ":6.630318964163,"NET_PROFIT_RATIO":6.9584170264,"ROE_AVG":7.801984278154,"GROSS_PROFIT_QOQ":9.299449932457,"ROA":6.455628950019,"HOLDER_PROFIT_QOQ":53.45328797609,"ROE_YEARLY":7.801984278154,"ROIC_YEARLY":13.382319097873,"TOTAL_ASSETS":231214783.24,"TOTAL_LIABILITIES":41300976.5,"TAX_EBT":32.158333333333,"OCF_SALES":6.733193726228,"TOTAL_PARENT_EQUITY":189913806.74,"DEBT_ASSET_RATIO":17.862602002,"OPERATE_PROFIT":25907923.58,"PRETAX_PROFIT":21749280,"NETCASH_OPERATE":14277496.1,"NETCASH_INVEST":-5809776.42,"NETCASH_FINANCE":-15211808.92,"END_CASH":114450148.68,"DIVI_RATIO":1.234479742401,"DIVIDEND_RATE":12.19512195122,"CURRENT_RATIO":5.40364621828,"COMMON_ACS":3800000000,"CURRENTDEBT_DEBT":89.061985737795,"ISSUED_COMMON_SHARES":200000000,"HK_COMMON_SHARES":200000000,"PER_SHARES":2000,"TOTAL_MARKET_CAP":164000000,"HKSK_MARKET_CAP":164000000,"PE_TTM":6.26288856641,"PB_TTM":0.764511738052,"REPORT_DATE_SQ":"2022-12-31 00:00:00","REPORT_TYPE_SQ":"2022年年报","OPERATE_INCOME_SQ":232377044.34,"DPS_HKD":0.1,"OPERATE_INCOME_QOQ_SQ":-15.26415383704,"NET_PROFIT_RATIO_SQ":5.3067171007,"HOLDER_PROFIT_SQ":12331592.35,"HOLDER_PROFIT_QOQ_SQ":-32.26099375637,"ROE_AVG_SQ":6.719494565508,"PE_TTM_SQ":18.344924906763,"PB_TTM_SQ":0.907567718514,"ROA_SQ":5.466709698113,"START_DATE":"2023-01-01 00:00:00","FISCAL_YEAR":"12-31","CURRENCY":"HKD","IS_CNY_CODE":0,"DPS_HKD_LY":0.03,"ORG_TYPE":"一般企业","PREMIUM_INCOME":null,"PREMIUM_INCOME_YOY":null,"NET_INTEREST_INCOME":null,"NET_INTEREST_INCOME_YOY":null,"FEE_COMMISSION_INCOME":null,"FEE_COMMISSION_INCOME_YOY":null,"ACCOUNTS_RECE_TDAYS":6.460688893491,"INVENTORY_TDAYS":4.067672926989,"CURRENT_ASSETS_TDAYS":1.101751577361,"TOTAL_ASSETS_TDAYS":0.927743900021,"PREMIUM_EXPENSE":null,"LOAN_DEPOSIT":null,"LOAN_EQUITY":null,"LOAN_ASSETS":null,"DEPOSIT_EQUITY":null,"DEPOSIT_ASSETS":null,"EQUITY_MULTIPLIER":1.217472216522,"EQUITY_RATIO":0.217472216523},{"SECUCODE":"01451.HK","SECURITY_CODE":"01451","SECURITY_NAME_ABBR":"万成集团股份","ORG_CODE":"10716466","STD_REPORT_DATE":"2023-06-30 00:00:00","REPORT_DATE":"2023-06-30 00:00:00","DATE_TYPE_CODE":"002","REPORT_TYPE":"2023年中报","PER_NETCASH_OPERATE":0.1205719345,"PER_OI":0.5216701137,"BPS":0.9244509064,"BASIC_EPS":0.041765694,"DILUTED_EPS":0.041765694,"OPERATE_INCOME":104334022.74,"OPERATE_INCOME_YOY":-29.7961437292,"GROSS_PROFIT":34156593.06,"GROSS_PROFIT_YOY":-20.841216080441,"HOLDER_PROFIT":8355904.74,"HOLDER_PROFIT_YOY":-29.9992276203,"GROSS_PROFIT_RATIO":32.737732297659,"EPS_TTM":0.0480767608,"OPERATE_INCOME_QOQ":-14.423009740567,"NET_PROFIT_RATIO":8.0088014634,"ROE_AVG":4.438839231052,"GROSS_PROFIT_QOQ":-12.616217728521,"ROA":3.696226692116,"HOLDER_PROFIT_QOQ":-22.026678411892,"ROE_YEARLY":8.877678462104,"ROIC_YEARLY":17.331274411845,"TOTAL_ASSETS":222294909.88,"TOTAL_LIABILITIES":37404728.6,"TAX_EBT":31.074606433949,"OCF_SALES":23.112678172194,"TOTAL_PARENT_EQUITY":184890181.28,"DEBT_ASSET_RATIO":16.8266239745,"OPERATE_PROFIT":13263604.28,"PRETAX_PROFIT":12123115.02,"NETCASH_OPERATE":24114386.9,"NETCASH_INVEST":984674.64,"NETCASH_FINANCE":-13247930.62,"END_CASH":134999077.54,"DIVI_RATIO":1.894349754112,"DIVIDEND_RATE":12.19512195122,"CURRENT_RATIO":5.429460031763,"COMMON_ACS":3800000000,"CURRENTDEBT_DEBT":93.122997288637,"ISSUED_COMMON_SHARES":200000000,"HK_COMMON_SHARES":200000000,"PER_SHARES":2000,"TOTAL_MARKET_CAP":164000000,"HKSK_MARKET_CAP":164000000,"PE_TTM":6.26288856641,"PB_TTM":0.764511738052,"REPORT_DATE_SQ":"2022-06-30 00:00:00","REPORT_TYPE_SQ":"2022年中报","OPERATE_INCOME_SQ":137849786.48,"DPS_HKD":0.1,"OPERATE_INCOME_QOQ_SQ":14.186091760813,"NET_PROFIT_RATIO_SQ":8.0320363293,"HOLDER_PROFIT_SQ":11072144.93,"HOLDER_PROFIT_QOQ_SQ":44.470925662546,"ROE_AVG_SQ":6.252007021255,"PE_TTM_SQ":18.344924906763,"PB_TTM_SQ":0.907567718514,"ROA_SQ":4.900491298193,"START_DATE":"2023-01-01 00:00:00","FISCAL_YEAR":"12-31","CURRENCY":"HKD","IS_CNY_CODE":0,"DPS_HKD_LY":0.03,"ORG_TYPE":"一般企业","PREMIUM_INCOME":null,"PREMIUM_INCOME_YOY":null,"NET_INTEREST_INCOME":null,"NET_INTEREST_INCOME_YOY":null,"FEE_COMMISSION_INCOME":null,"FEE_COMMISSION_INCOME_YOY":null,"ACCOUNTS_RECE_TDAYS":4.040814140332,"INVENTORY_TDAYS":2.483271618028,"CURRENT_ASSETS_TDAYS":0.551273775974,"TOTAL_ASSETS_TDAYS":0.461520579455,"PREMIUM_EXPENSE":null,"LOAN_DEPOSIT":null,"LOAN_EQUITY":null,"LOAN_ASSETS":null,"DEPOSIT_EQUITY":null,"DEPOSIT_ASSETS":null,"EQUITY_MULTIPLIER":1.202307815055,"EQUITY_RATIO":0.202307815056},{"SECUCODE":"01451.HK","SECURITY_CODE":"01451","SECURITY_NAME_ABBR":"万成集团股份","ORG_CODE":"10716466","STD_REPORT_DATE":"2022-12-31 00:00:00","REPORT_DATE":"2022-12-31 00:00:00","DATE_TYPE_CODE":"001","REPORT_TYPE":"2022年年报","PER_NETCASH_OPERATE":0.1021364918,"PER_OI":1.1618852217,"BPS":0.9281700589,"BASIC_EPS":0.06163563,"DILUTED_EPS":0.06163563,"OPERATE_INCOME":232377044.34,"OPERATE_INCOME_YOY":-11.4398153507,"GROSS_PROFIT":71280266.19,"GROSS_PROFIT_YOY":0.974417323124,"HOLDER_PROFIT":12331592.35,"HOLDER_PROFIT_YOY":-10.4269400467,"GROSS_PROFIT_RATIO":30.674400904122,"EPS_TTM":0.06165796175,"OPERATE_INCOME_QOQ":-15.26415383704,"NET_PROFIT_RATIO":5.3067171007,"ROE_AVG":6.719494565508,"GROSS_PROFIT_QOQ":-13.793317741844,"ROA":5.466709698113,"HOLDER_PROFIT_QOQ":-32.26099375637,"ROE_YEARLY":6.719494565508,"ROIC_YEARLY":11.176191998964,"TOTAL_ASSETS":222679705.22,"TOTAL_LIABILITIES":37045693.44,"TAX_EBT":31.712504946577,"OCF_SALES":8.790583604339,"TOTAL_PARENT_EQUITY":185634011.78,"DEBT_ASSET_RATIO":16.6363133108,"OPERATE_PROFIT":24714101.09,"PRETAX_PROFIT":18058346.32,"NETCASH_OPERATE":20427298.36,"NETCASH_INVEST":-2347513.56,"NETCASH_FINANCE":-4386848.97,"END_CASH":120411009.46,"DIVI_RATIO":1.477087425778,"DIVIDEND_RATE":12.19512195122,"CURRENT_RATIO":5.599574769667,"COMMON_ACS":3800000000,"CURRENTDEBT_DEBT":88.459683641975,"ISSUED_COMMON_SHARES":200000000,"HK_COMMON_SHARES":200000000,"PER_SHARES":2000,"TOTAL_MARKET_CAP":164000000,"HKSK_MARKET_CAP":164000000,"PE_TTM":6.26288856641,"PB_TTM":0.764511738052,"REPORT_DATE_SQ":"2021-12-31 00:00:00","REPORT_TYPE_SQ":"2021年年报","OPERATE_INCOME_SQ":240166729.6,"DPS_HKD":0.1,"OPERATE_INCOME_QOQ_SQ":5.802474149795,"NET_PROFIT_RATIO_SQ":5.2467097424,"HOLDER_PROFIT_SQ":12600851.2,"HOLDER_PROFIT_QOQ_SQ":1.746872232238,"ROE_AVG_SQ":7.98218355086,"PE_TTM_SQ":18.344924906763,"PB_TTM_SQ":0.907567718514,"ROA_SQ":6.231766563491,"START_DATE":"2022-01-01 00:00:00","FISCAL_YEAR":"12-31","CURRENCY":"HKD","IS_CNY_CODE":0,"DPS_HKD_LY":null,"ORG_TYPE":"一般企业","PREMIUM_INCOME":null,"PREMIUM_INCOME_YOY":null,"NET_INTEREST_INCOME":null,"NET_INTEREST_INCOME_YOY":null,"FEE_COMMISSION_INCOME":null,"FEE_COMMISSION_INCOME_YOY":null,"ACCOUNTS_RECE_TDAYS":8.833194682603,"INVENTORY_TDAYS":4.505471170181,"CURRENT_ASSETS_TDAYS":1.280487894919,"TOTAL_ASSETS_TDAYS":1.030149072283,"PREMIUM_EXPENSE":null,"LOAN_DEPOSIT":null,"LOAN_EQUITY":null,"LOAN_ASSETS":null,"DEPOSIT_EQUITY":null,"DEPOSIT_ASSETS":null,"EQUITY_MULTIPLIER":1.199563070823,"EQUITY_RATIO":0.199563070823},{"SECUCODE":"01451.HK","SECURITY_CODE":"01451","SECURITY_NAME_ABBR":"万成集团股份","ORG_CODE":"10716466","STD_REPORT_DATE":"2022-06-30 00:00:00","REPORT_DATE":"2022-06-30 00:00:00","DATE_TYPE_CODE":"002","REPORT_TYPE":"2022年中报","PER_NETCASH_OPERATE":0.0902310969,"PER_OI":0.6892489324,"BPS":0.90261456145,"BASIC_EPS":0.055330793,"DILUTED_EPS":0.055330793,"OPERATE_INCOME":137849786.48,"OPERATE_INCOME_YOY":29.2399958308,"GROSS_PROFIT":43149466.64,"GROSS_PROFIT_YOY":38.93835984234,"HOLDER_PROFIT":11072144.93,"HOLDER_PROFIT_YOY":97.0024345709,"GROSS_PROFIT_RATIO":31.301801578242,"EPS_TTM":0.09102283185,"OPERATE_INCOME_QOQ":14.186091760813,"NET_PROFIT_RATIO":8.0320363293,"ROE_AVG":6.252007021255,"GROSS_PROFIT_QOQ":17.130615258739,"ROA":4.900491298193,"HOLDER_PROFIT_QOQ":44.470925662546,"ROE_YEARLY":12.504014042509,"ROIC_YEARLY":19.580028280415,"TOTAL_ASSETS":233146173.75,"TOTAL_LIABILITIES":52623261.46,"TAX_EBT":31.746533818335,"OCF_SALES":13.091220407961,"TOTAL_PARENT_EQUITY":180522912.29,"DEBT_ASSET_RATIO":22.5709307657,"OPERATE_PROFIT":19110930.93,"PRETAX_PROFIT":16222099.11,"NETCASH_OPERATE":18343825.5,"NETCASH_INVEST":-992020.4,"NETCASH_FINANCE":-2114029.68,"END_CASH":120313260.34,"DIVI_RATIO":1.000564343571,"DIVIDEND_RATE":12.19512195122,"CURRENT_RATIO":4.049058915247,"COMMON_ACS":3800000000,"CURRENTDEBT_DEBT":87.551597490818,"ISSUED_COMMON_SHARES":200000000,"HK_COMMON_SHARES":200000000,"PER_SHARES":2000,"TOTAL_MARKET_CAP":164000000,"HKSK_MARKET_CAP":164000000,"PE_TTM":6.26288856641,"PB_TTM":0.764511738052,"REPORT_DATE_SQ":"2021-06-30 00:00:00","REPORT_TYPE_SQ":"2021年中报","OPERATE_INCOME_SQ":103779513.84,"DPS_HKD":0.1,"OPERATE_INCOME_QOQ_SQ":8.529245442995,"NET_PROFIT_RATIO_SQ":5.2692767172,"HOLDER_PROFIT_SQ":5468429.76,"HOLDER_PROFIT_QOQ_SQ":5.097743651428,"ROE_AVG_SQ":3.511931321757,"PE_TTM_SQ":18.344924906763,"PB_TTM_SQ":0.907567718514,"ROA_SQ":2.653172038344,"START_DATE":"2022-01-01 00:00:00","FISCAL_YEAR":"12-31","CURRENCY":"HKD","IS_CNY_CODE":0,"DPS_HKD_LY":null,"ORG_TYPE":"一般企业","PREMIUM_INCOME":null,"PREMIUM_INCOME_YOY":null,"NET_INTEREST_INCOME":null,"NET_INTEREST_INCOME_YOY":null,"FEE_COMMISSION_INCOME":null,"FEE_COMMISSION_INCOME_YOY":null,"ACCOUNTS_RECE_TDAYS":5.232741969517,"INVENTORY_TDAYS":2.794810963606,"CURRENT_ASSETS_TDAYS":0.769357802544,"TOTAL_ASSETS_TDAYS":0.610118168949,"PREMIUM_EXPENSE":null,"LOAN_DEPOSIT":null,"LOAN_EQUITY":null,"LOAN_ASSETS":null,"DEPOSIT_EQUITY":null,"DEPOSIT_ASSETS":null,"EQUITY_MULTIPLIER":1.291504611755,"EQUITY_RATIO":0.291504611755},{"SECUCODE":"01451.HK","SECURITY_CODE":"01451","SECURITY_NAME_ABBR":"万成集团股份","ORG_CODE":"10716466","STD_REPORT_DATE":"2021-12-31 00:00:00","REPORT_DATE":"2021-12-31 00:00:00","DATE_TYPE_CODE":"001","REPORT_TYPE":"2021年年报","PER_NETCASH_OPERATE":0.136412472,"PER_OI":1.200833648,"BPS":0.83019104,"BASIC_EPS":0.06303696,"DILUTED_EPS":0.06303696,"OPERATE_INCOME":240166729.6,"OPERATE_INCOME_YOY":18.2028892197,"GROSS_PROFIT":70592401.6,"GROSS_PROFIT_YOY":2.456290600019,"HOLDER_PROFIT":12600851.2,"HOLDER_PROFIT_YOY":10.077851582,"GROSS_PROFIT_RATIO":29.393081097275,"EPS_TTM":0.063004256,"OPERATE_INCOME_QOQ":5.802474149795,"NET_PROFIT_RATIO":5.2467097424,"ROE_AVG":7.98218355086,"GROSS_PROFIT_QOQ":-1.318776244734,"ROA":6.231766563491,"HOLDER_PROFIT_QOQ":1.746872232238,"ROE_YEARLY":7.98218355086,"ROIC_YEARLY":12.3539124998,"TOTAL_ASSETS":209118369.6,"TOTAL_LIABILITIES":43080161.6,"TAX_EBT":35.694913839863,"OCF_SALES":11.359814261301,"TOTAL_PARENT_EQUITY":166038208,"DEBT_ASSET_RATIO":20.6008499791,"OPERATE_PROFIT":23907441.6,"PRETAX_PROFIT":19595419.2,"NETCASH_OPERATE":27282494.4,"NETCASH_INVEST":-22227273.6,"NETCASH_FINANCE":-3981712,"END_CASH":100741401.6,"DIVI_RATIO":1.445524569007,"DIVIDEND_RATE":12.19512195122,"CURRENT_RATIO":4.087221012797,"COMMON_ACS":3800000000,"CURRENTDEBT_DEBT":93.281585090433,"ISSUED_COMMON_SHARES":200000000,"HK_COMMON_SHARES":200000000,"PER_SHARES":2000,"TOTAL_MARKET_CAP":164000000,"HKSK_MARKET_CAP":164000000,"PE_TTM":6.26288856641,"PB_TTM":0.764511738052,"REPORT_DATE_SQ":"2020-12-31 00:00:00","REPORT_TYPE_SQ":"2020年年报","OPERATE_INCOME_SQ":209155956.4,"DPS_HKD":0.1,"OPERATE_INCOME_QOQ_SQ":-2.675017278741,"NET_PROFIT_RATIO_SQ":5.6339785119,"HOLDER_PROFIT_SQ":11783801.64,"HOLDER_PROFIT_QOQ_SQ":-8.777916846488,"ROE_AVG_SQ":8.089065808517,"PE_TTM_SQ":18.344924906763,"PB_TTM_SQ":0.907567718514,"ROA_SQ":6.366825750152,"START_DATE":"2021-01-01 00:00:00","FISCAL_YEAR":"12-31","CURRENCY":"HKD","IS_CNY_CODE":0,"DPS_HKD_LY":null,"ORG_TYPE":"一般企业","PREMIUM_INCOME":null,"PREMIUM_INCOME_YOY":null,"NET_INTEREST_INCOME":null,"NET_INTEREST_INCOME_YOY":null,"FEE_COMMISSION_INCOME":null,"FEE_COMMISSION_INCOME_YOY":null,"ACCOUNTS_RECE_TDAYS":8.991719852457,"INVENTORY_TDAYS":5.583508318527,"CURRENT_ASSETS_TDAYS":1.478629423994,"TOTAL_ASSETS_TDAYS":1.187747535011,"PREMIUM_EXPENSE":null,"LOAN_DEPOSIT":null,"LOAN_EQUITY":null,"LOAN_ASSETS":null,"DEPOSIT_EQUITY":null,"DEPOSIT_ASSETS":null,"EQUITY_MULTIPLIER":1.259459326374,"EQUITY_RATIO":0.259459326374},{"SECUCODE":"01451.HK","SECURITY_CODE":"01451","SECURITY_NAME_ABBR":"万成集团股份","ORG_CODE":"10716466","STD_REPORT_DATE":"2021-06-30 00:00:00","REPORT_DATE":"2021-06-30 00:00:00","DATE_TYPE_CODE":"002","REPORT_TYPE":"2021年中报","PER_NETCASH_OPERATE":0.0971703024,"PER_OI":0.5188975692,"BPS":0.7954143948,"BASIC_EPS":0.027375432,"DILUTED_EPS":0.027375432,"OPERATE_INCOME":103779513.84,"OPERATE_INCOME_YOY":32.5655796947,"GROSS_PROFIT":31056553.92,"GROSS_PROFIT_YOY":9.274138454653,"HOLDER_PROFIT":5468429.76,"HOLDER_PROFIT_YOY":23.3252017264,"GROSS_PROFIT_RATIO":29.92551494111,"EPS_TTM":0.0619225482,"OPERATE_INCOME_QOQ":8.529245442995,"NET_PROFIT_RATIO":5.2692767172,"ROE_AVG":3.511931321757,"GROSS_PROFIT_QOQ":3.825516852239,"ROA":2.653172038344,"HOLDER_PROFIT_QOQ":5.097743651428,"ROE_YEARLY":7.023862643514,"ROIC_YEARLY":10.420085459922,"TOTAL_ASSETS":213470956.08,"TOTAL_LIABILITIES":54388077.12,"TAX_EBT":30.381355932203,"OCF_SALES":18.726297475205,"TOTAL_PARENT_EQUITY":159082878.96,"DEBT_ASSET_RATIO":25.4779751394,"OPERATE_PROFIT":9642975.12,"PRETAX_PROFIT":7854835.2,"NETCASH_OPERATE":19434060.48,"NETCASH_INVEST":-18022020.72,"NETCASH_FINANCE":-1978686.24,"END_CASH":100866401.76,"DIVI_RATIO":1.470776036313,"DIVIDEND_RATE":12.19512195122,"CURRENT_RATIO":3.123196727759,"COMMON_ACS":3800000000,"CURRENTDEBT_DEBT":97.247720457744,"ISSUED_COMMON_SHARES":200000000,"HK_COMMON_SHARES":200000000,"PER_SHARES":2000,"TOTAL_MARKET_CAP":164000000,"HKSK_MARKET_CAP":164000000,"PE_TTM":6.26288856641,"PB_TTM":0.764511738052,"REPORT_DATE_SQ":"2020-06-30 00:00:00","REPORT_TYPE_SQ":"2020年中报","OPERATE_INCOME_SQ":85940088.96,"DPS_HKD":0.1,"OPERATE_INCOME_QOQ_SQ":-8.529506782002,"NET_PROFIT_RATIO_SQ":5.6640874112,"HOLDER_PROFIT_SQ":4867721.76,"HOLDER_PROFIT_QOQ_SQ":14.277080209312,"ROE_AVG_SQ":3.232145564822,"PE_TTM_SQ":18.344924906763,"PB_TTM_SQ":0.907567718514,"ROA_SQ":2.620044396699,"START_DATE":"2021-01-01 00:00:00","FISCAL_YEAR":"12-31","CURRENCY":"HKD","IS_CNY_CODE":0,"DPS_HKD_LY":null,"ORG_TYPE":"一般企业","PREMIUM_INCOME":null,"PREMIUM_INCOME_YOY":null,"NET_INTEREST_INCOME":null,"NET_INTEREST_INCOME_YOY":null,"FEE_COMMISSION_INCOME":null,"FEE_COMMISSION_INCOME_YOY":null,"ACCOUNTS_RECE_TDAYS":3.944496276032,"INVENTORY_TDAYS":2.294418775596,"CURRENT_ASSETS_TDAYS":0.631577614778,"TOTAL_ASSETS_TDAYS":0.50351731001,"PREMIUM_EXPENSE":null,"LOAN_DEPOSIT":null,"LOAN_EQUITY":null,"LOAN_ASSETS":null,"DEPOSIT_EQUITY":null,"DEPOSIT_ASSETS":null,"EQUITY_MULTIPLIER":1.341885170016,"EQUITY_RATIO":0.341885170017},{"SECUCODE":"01451.HK","SECURITY_CODE":"01451","SECURITY_NAME_ABBR":"万成集团股份","ORG_CODE":"10716466","STD_REPORT_DATE":"2020-12-31 00:00:00","REPORT_DATE":"2020-12-31 00:00:00","DATE_TYPE_CODE":"001","REPORT_TYPE":"2020年年报","PER_NETCASH_OPERATE":0.2154514236,"PER_OI":1.045779782,"BPS":0.770437256,"BASIC_EPS":0.0589148,"DILUTED_EPS":0.0589148,"OPERATE_INCOME":209155956.4,"OPERATE_INCOME_YOY":-5.2497531255,"GROSS_PROFIT":68900016.96,"GROSS_PROFIT_YOY":-8.644052975695,"HOLDER_PROFIT":11783801.64,"HOLDER_PROFIT_YOY":10.9517394405,"GROSS_PROFIT_RATIO":32.9419339262,"EPS_TTM":0.0589190082,"OPERATE_INCOME_QOQ":-2.675017278741,"NET_PROFIT_RATIO":5.6339785119,"ROE_AVG":8.089065808517,"GROSS_PROFIT_QOQ":-7.040254584758,"ROA":6.366825750152,"HOLDER_PROFIT_QOQ":-8.777916846488,"ROE_YEARLY":8.089065808517,"ROIC_YEARLY":11.883431859752,"TOTAL_ASSETS":201030763.84,"TOTAL_LIABILITIES":46943312.64,"TAX_EBT":36.292487600673,"OCF_SALES":20.601987847572,"TOTAL_PARENT_EQUITY":154087451.2,"DEBT_ASSET_RATIO":23.351307901,"OPERATE_PROFIT":18553953.8,"PRETAX_PROFIT":18496722.28,"NETCASH_OPERATE":43090284.72,"NETCASH_INVEST":-6164171.36,"NETCASH_FINANCE":-3568553.6,"END_CASH":102598440.92,"DIVI_RATIO":1.545752428331,"DIVIDEND_RATE":12.19512195122,"CURRENT_RATIO":3.781154956689,"COMMON_ACS":3800000000,"CURRENTDEBT_DEBT":93.14041881813,"ISSUED_COMMON_SHARES":200000000,"HK_COMMON_SHARES":200000000,"PER_SHARES":2000,"TOTAL_MARKET_CAP":164000000,"HKSK_MARKET_CAP":164000000,"PE_TTM":6.26288856641,"PB_TTM":0.764511738052,"REPORT_DATE_SQ":"2019-12-31 00:00:00","REPORT_TYPE_SQ":"2019年年报","OPERATE_INCOME_SQ":234944282.62,"DPS_HKD":0.1,"OPERATE_INCOME_QOQ_SQ":8.015305165898,"NET_PROFIT_RATIO_SQ":4.8112887421,"HOLDER_PROFIT_SQ":11303847.82,"HOLDER_PROFIT_QOQ_SQ":110.67987923631,"ROE_AVG_SQ":8.002282924045,"PE_TTM_SQ":18.344924906763,"PB_TTM_SQ":0.907567718514,"ROA_SQ":6.031997935,"START_DATE":"2020-01-01 00:00:00","FISCAL_YEAR":"12-31","CURRENCY":"HKD","IS_CNY_CODE":0,"DPS_HKD_LY":null,"ORG_TYPE":"一般企业","PREMIUM_INCOME":null,"PREMIUM_INCOME_YOY":null,"NET_INTEREST_INCOME":null,"NET_INTEREST_INCOME_YOY":null,"FEE_COMMISSION_INCOME":null,"FEE_COMMISSION_INCOME_YOY":null,"ACCOUNTS_RECE_TDAYS":7.319127630436,"INVENTORY_TDAYS":4.810866207653,"CURRENT_ASSETS_TDAYS":1.402759118979,"TOTAL_ASSETS_TDAYS":1.130076328241,"PREMIUM_EXPENSE":null,"LOAN_DEPOSIT":null,"LOAN_EQUITY":null,"LOAN_ASSETS":null,"DEPOSIT_EQUITY":null,"DEPOSIT_ASSETS":null,"EQUITY_MULTIPLIER":1.304653703299,"EQUITY_RATIO":0.304653703299},{"SECUCODE":"01451.HK","SECURITY_CODE":"01451","SECURITY_NAME_ABBR":"万成集团股份","ORG_CODE":"10716466","STD_REPORT_DATE":"2020-06-30 00:00:00","REPORT_DATE":"2020-06-30 00:00:00","DATE_TYPE_CODE":"002","REPORT_TYPE":"2020年中报","PER_NETCASH_OPERATE":0.1035703944,"PER_OI":0.4297004448,"BPS":0.7611649848,"BASIC_EPS":0.024297504,"DILUTED_EPS":0.024297504,"OPERATE_INCOME":85940088.96,"OPERATE_INCOME_YOY":-21.9077341921,"GROSS_PROFIT":28420772.16,"GROSS_PROFIT_YOY":-4.37784138975,"HOLDER_PROFIT":4867721.76,"HOLDER_PROFIT_YOY":44.065963774,"GROSS_PROFIT_RATIO":33.070447685047,"EPS_TTM":0.0645885362,"OPERATE_INCOME_QOQ":-8.529506782002,"NET_PROFIT_RATIO":5.6640874112,"ROE_AVG":3.232145564822,"GROSS_PROFIT_QOQ":-1.725261169524,"ROA":2.620044396699,"HOLDER_PROFIT_QOQ":14.277080209312,"ROE_YEARLY":6.464291129644,"ROIC_YEARLY":9.631346608289,"TOTAL_ASSETS":188015182.08,"TOTAL_LIABILITIES":35782185.12,"TAX_EBT":31.591784338896,"OCF_SALES":24.102929297224,"TOTAL_PARENT_EQUITY":152232996.96,"DEBT_ASSET_RATIO":19.0315402853,"OPERATE_PROFIT":7060891.2,"PRETAX_PROFIT":7115697.6,"NETCASH_OPERATE":20714078.88,"NETCASH_INVEST":137929.44,"NETCASH_FINANCE":-1733709.12,"END_CASH":94266094.56,"DIVI_RATIO":1.410067565519,"DIVIDEND_RATE":12.19512195122,"CURRENT_RATIO":4.70549860205,"COMMON_ACS":3800000000,"CURRENTDEBT_DEBT":90.391340974651,"ISSUED_COMMON_SHARES":200000000,"HK_COMMON_SHARES":200000000,"PER_SHARES":2000,"TOTAL_MARKET_CAP":164000000,"HKSK_MARKET_CAP":164000000,"PE_TTM":6.26288856641,"PB_TTM":0.764511738052,"REPORT_DATE_SQ":"2019-06-30 00:00:00","REPORT_TYPE_SQ":"2019年中报","OPERATE_INCOME_SQ":105979677.48,"DPS_HKD":0.1,"OPERATE_INCOME_QOQ_SQ":6.45280286878,"NET_PROFIT_RATIO_SQ":3.0702700908,"HOLDER_PROFIT_SQ":3253862.34,"HOLDER_PROFIT_QOQ_SQ":296.266147817791,"ROE_AVG_SQ":2.403875835491,"PE_TTM_SQ":18.344924906763,"PB_TTM_SQ":0.907567718514,"ROA_SQ":1.748200520821,"START_DATE":"2020-01-01 00:00:00","FISCAL_YEAR":"12-31","CURRENCY":"HKD","IS_CNY_CODE":0,"DPS_HKD_LY":null,"ORG_TYPE":"一般企业","PREMIUM_INCOME":null,"PREMIUM_INCOME_YOY":null,"NET_INTEREST_INCOME":null,"NET_INTEREST_INCOME_YOY":null,"FEE_COMMISSION_INCOME":null,"FEE_COMMISSION_INCOME_YOY":null,"ACCOUNTS_RECE_TDAYS":3.21040060056,"INVENTORY_TDAYS":1.836154485413,"CURRENT_ASSETS_TDAYS":0.579866996197,"TOTAL_ASSETS_TDAYS":0.462571321109,"PREMIUM_EXPENSE":null,"LOAN_DEPOSIT":null,"LOAN_EQUITY":null,"LOAN_ASSETS":null,"DEPOSIT_EQUITY":null,"DEPOSIT_ASSETS":null,"EQUITY_MULTIPLIER":1.235048812246,"EQUITY_RATIO":0.235048812245}],"count":19},"success":true,"message":"ok","code":0}