{"version":"b01931d8a199b76b5e13a8d7668bd084","result":{"pages":4,"data":[{"SECUCODE":"01456.HK","SECURITY_CODE":"01456","SECURITY_NAME_ABBR":"国联证券","ORG_CODE":"10004787","STD_REPORT_DATE":"2024-09-30 00:00:00","REPORT_DATE":"2024-09-30 00:00:00","DATE_TYPE_CODE":"004","REPORT_TYPE":"2024年三季报","PER_NETCASH_OPERATE":4.582744611386,"PER_OI":0.707999106184,"BPS":3.356078805461,"BASIC_EPS":0.14,"DILUTED_EPS":0.14,"OPERATE_INCOME":2004892871.86,"OPERATE_INCOME_YOY":-20.035133079,"GROSS_PROFIT":null,"GROSS_PROFIT_YOY":null,"HOLDER_PROFIT":395852452.2,"HOLDER_PROFIT_YOY":-45.5334198787,"GROSS_PROFIT_RATIO":null,"EPS_TTM":0.120204193336,"OPERATE_INCOME_QOQ":4.823375745062,"NET_PROFIT_RATIO":20.0440952387,"ROE_AVG":2.191067585125,"GROSS_PROFIT_QOQ":null,"ROA":0.416640816808,"HOLDER_PROFIT_QOQ":114.46816876268,"ROE_YEARLY":2.921423446833,"ROIC_YEARLY":0.469690140782,"TOTAL_ASSETS":102892091892.32,"TOTAL_LIABILITIES":84166608426.47,"TAX_EBT":11.167656819879,"OCF_SALES":647.281129503971,"TOTAL_PARENT_EQUITY":18364604960.76,"DEBT_ASSET_RATIO":81.8008526006,"OPERATE_PROFIT":448039613.94,"PRETAX_PROFIT":452383244.98,"NETCASH_OPERATE":12977293226.32,"NETCASH_INVEST":2184121280.7,"NETCASH_FINANCE":-1208618564.39,"END_CASH":29636650468.44,"DIVI_RATIO":1.17384944613,"DIVIDEND_RATE":3.844530864198,"CURRENT_RATIO":1.217623358456,"COMMON_ACS":null,"CURRENTDEBT_DEBT":86.472809748421,"ISSUED_COMMON_SHARES":5472042233,"HK_COMMON_SHARES":442640000,"PER_SHARES":500,"TOTAL_MARKET_CAP":22161771043.65,"HKSK_MARKET_CAP":1792692000,"PE_TTM":57.15711141975,"PB_TTM":1.088249028615,"REPORT_DATE_SQ":"2023-09-30 00:00:00","REPORT_TYPE_SQ":"2023年三季报","OPERATE_INCOME_SQ":2507217168.06,"DPS_HKD":0.1557035,"OPERATE_INCOME_QOQ_SQ":-2.742322357511,"NET_PROFIT_RATIO_SQ":28.9444632166,"HOLDER_PROFIT_SQ":726780442.83,"HOLDER_PROFIT_QOQ_SQ":-8.580594482142,"ROE_AVG_SQ":4.195658165829,"PE_TTM_SQ":9.314126682213,"PB_TTM_SQ":0.448976341837,"ROA_SQ":0.884889590202,"START_DATE":"2024-01-01 00:00:00","FISCAL_YEAR":"12-31","CURRENCY":"HKD","IS_CNY_CODE":0,"DPS_HKD_LY":0.1557035,"ORG_TYPE":"证券","PREMIUM_INCOME":null,"PREMIUM_INCOME_YOY":null,"NET_INTEREST_INCOME":-128624779.29,"NET_INTEREST_INCOME_YOY":null,"FEE_COMMISSION_INCOME":1188033582.37,"FEE_COMMISSION_INCOME_YOY":4.316695512823,"ACCOUNTS_RECE_TDAYS":1.784140874013,"INVENTORY_TDAYS":null,"CURRENT_ASSETS_TDAYS":0.024891560054,"TOTAL_ASSETS_TDAYS":0.021101806976,"PREMIUM_EXPENSE":null,"LOAN_DEPOSIT":null,"LOAN_EQUITY":null,"LOAN_ASSETS":null,"DEPOSIT_EQUITY":null,"DEPOSIT_ASSETS":null,"EQUITY_MULTIPLIER":5.494762903195,"EQUITY_RATIO":4.583088425061},{"SECUCODE":"01456.HK","SECURITY_CODE":"01456","SECURITY_NAME_ABBR":"国联证券","ORG_CODE":"10004787","STD_REPORT_DATE":"2024-06-30 00:00:00","REPORT_DATE":"2024-06-30 00:00:00","DATE_TYPE_CODE":"002","REPORT_TYPE":"2024年中报","PER_NETCASH_OPERATE":1.907616069339,"PER_OI":0.649853604376,"BPS":3.337629028127,"BASIC_EPS":0.03,"DILUTED_EPS":null,"OPERATE_INCOME":1840238000,"OPERATE_INCOME_YOY":-27.0108006078,"GROSS_PROFIT":null,"GROSS_PROFIT_YOY":null,"HOLDER_PROFIT":87708000,"HOLDER_PROFIT_YOY":-85.3896217473,"GROSS_PROFIT_RATIO":null,"EPS_TTM":0.056047568285,"OPERATE_INCOME_QOQ":-4.536777800474,"NET_PROFIT_RATIO":4.9244173851,"ROE_AVG":0.486829377685,"GROSS_PROFIT_QOQ":null,"ROA":0.09720389033,"HOLDER_PROFIT_QOQ":-35.276472965515,"ROE_YEARLY":0.97365875537,"ROIC_YEARLY":0.207761630127,"TOTAL_ASSETS":93333039000,"TOTAL_LIABILITIES":74711612000,"TAX_EBT":-66.182538372669,"OCF_SALES":293.54550878745,"TOTAL_PARENT_EQUITY":18263647000,"DEBT_ASSET_RATIO":80.0484081527,"OPERATE_PROFIT":42730000,"PRETAX_PROFIT":54531000,"NETCASH_OPERATE":5401936000,"NETCASH_INVEST":1539854000,"NETCASH_FINANCE":932986000,"END_CASH":15196629000,"DIVI_RATIO":2.517533411146,"DIVIDEND_RATE":3.854047029703,"CURRENT_RATIO":1.609392513159,"COMMON_ACS":null,"CURRENTDEBT_DEBT":65.770300873712,"ISSUED_COMMON_SHARES":5472042233,"HK_COMMON_SHARES":442640000,"PER_SHARES":500,"TOTAL_MARKET_CAP":22107050621.32,"HKSK_MARKET_CAP":1788265600,"PE_TTM":57.015982749578,"PB_TTM":1.085561993977,"REPORT_DATE_SQ":"2023-06-30 00:00:00","REPORT_TYPE_SQ":"2023年中报","OPERATE_INCOME_SQ":2521247000,"DPS_HKD":0.1557035,"OPERATE_INCOME_QOQ_SQ":13.434315837985,"NET_PROFIT_RATIO_SQ":23.8391557828,"HOLDER_PROFIT_SQ":600313000,"HOLDER_PROFIT_QOQ_SQ":18.400486676413,"ROE_AVG_SQ":3.479069155014,"PE_TTM_SQ":10.308839240507,"PB_TTM_SQ":0.496925271548,"ROA_SQ":0.74785401969,"START_DATE":"2024-01-01 00:00:00","FISCAL_YEAR":"12-31","CURRENCY":"HKD","IS_CNY_CODE":0,"DPS_HKD_LY":0.1557035,"ORG_TYPE":"证券","PREMIUM_INCOME":null,"PREMIUM_INCOME_YOY":null,"NET_INTEREST_INCOME":582390000,"NET_INTEREST_INCOME_YOY":null,"FEE_COMMISSION_INCOME":878760000,"FEE_COMMISSION_INCOME_YOY":1.230884428189,"ACCOUNTS_RECE_TDAYS":null,"INVENTORY_TDAYS":null,"CURRENT_ASSETS_TDAYS":0.024285161719,"TOTAL_ASSETS_TDAYS":0.020394752216,"PREMIUM_EXPENSE":null,"LOAN_DEPOSIT":null,"LOAN_EQUITY":null,"LOAN_ASSETS":null,"DEPOSIT_EQUITY":null,"DEPOSIT_ASSETS":null,"EQUITY_MULTIPLIER":5.012131401111,"EQUITY_RATIO":4.090727990965},{"SECUCODE":"01456.HK","SECURITY_CODE":"01456","SECURITY_NAME_ABBR":"国联证券","ORG_CODE":"10004787","STD_REPORT_DATE":"2024-03-31 00:00:00","REPORT_DATE":"2024-03-31 00:00:00","DATE_TYPE_CODE":"003","REPORT_TYPE":"2024年一季报","PER_NETCASH_OPERATE":-0.359805012836,"PER_OI":0.061240938331,"BPS":3.273124157911,"BASIC_EPS":-0.08,"DILUTED_EPS":-0.08,"OPERATE_INCOME":173420445.95,"OPERATE_INCOME_YOY":-74.4358918056,"GROSS_PROFIT":null,"GROSS_PROFIT_YOY":null,"HOLDER_PROFIT":-218754276.47,"HOLDER_PROFIT_YOY":-205.501885423,"GROSS_PROFIT_RATIO":null,"EPS_TTM":0.086595355433,"OPERATE_INCOME_QOQ":-11.514004542173,"NET_PROFIT_RATIO":-124.9262249173,"ROE_AVG":-1.226222985702,"GROSS_PROFIT_QOQ":null,"ROA":-0.242573964336,"HOLDER_PROFIT_QOQ":-63.472149009636,"ROE_YEARLY":-4.904891942809,"ROIC_YEARLY":-1.069813958637,"TOTAL_ASSETS":93232012683.67,"TOTAL_LIABILITIES":74964364077,"TAX_EBT":27.641272678507,"OCF_SALES":-587.523677198801,"TOTAL_PARENT_EQUITY":17910673625.94,"DEBT_ASSET_RATIO":80.4062487971,"OPERATE_PROFIT":-300070205.01,"PRETAX_PROFIT":-299407720.92,"NETCASH_OPERATE":-1018886181.06,"NETCASH_INVEST":2645572124.88,"NETCASH_FINANCE":1179492480.52,"END_CASH":18492664184.75,"DIVI_RATIO":1.629436417965,"DIVIDEND_RATE":3.854047029703,"CURRENT_RATIO":1.247712468697,"COMMON_ACS":null,"CURRENTDEBT_DEBT":84.799852997851,"ISSUED_COMMON_SHARES":5472042233,"HK_COMMON_SHARES":442640000,"PER_SHARES":500,"TOTAL_MARKET_CAP":22107050621.32,"HKSK_MARKET_CAP":1788265600,"PE_TTM":57.015982749578,"PB_TTM":1.085561993977,"REPORT_DATE_SQ":"2023-03-31 00:00:00","REPORT_TYPE_SQ":"2023年一季报","OPERATE_INCOME_SQ":678374714.39,"DPS_HKD":0.1557035,"OPERATE_INCOME_QOQ_SQ":1.078131700579,"NET_PROFIT_RATIO_SQ":30.5651603961,"HOLDER_PROFIT_SQ":207346319.54,"HOLDER_PROFIT_QOQ_SQ":2.409748886007,"ROE_AVG_SQ":1.218279963105,"PE_TTM_SQ":10.308839240507,"PB_TTM_SQ":0.496925271548,"ROA_SQ":0.265360221707,"START_DATE":"2024-01-01 00:00:00","FISCAL_YEAR":"12-31","CURRENCY":"HKD","IS_CNY_CODE":0,"DPS_HKD_LY":0.1557035,"ORG_TYPE":"证券","PREMIUM_INCOME":null,"PREMIUM_INCOME_YOY":null,"NET_INTEREST_INCOME":-26790613.64,"NET_INTEREST_INCOME_YOY":null,"FEE_COMMISSION_INCOME":338337114.53,"FEE_COMMISSION_INCOME_YOY":39.051540082303,"ACCOUNTS_RECE_TDAYS":0.218636474773,"INVENTORY_TDAYS":null,"CURRENT_ASSETS_TDAYS":0.002285054302,"TOTAL_ASSETS_TDAYS":0.001923038294,"PREMIUM_EXPENSE":null,"LOAN_DEPOSIT":null,"LOAN_EQUITY":null,"LOAN_ASSETS":null,"DEPOSIT_EQUITY":null,"DEPOSIT_ASSETS":null,"EQUITY_MULTIPLIER":5.103667948238,"EQUITY_RATIO":4.185457545741},{"SECUCODE":"01456.HK","SECURITY_CODE":"01456","SECURITY_NAME_ABBR":"国联证券","ORG_CODE":"10004787","STD_REPORT_DATE":"2023-12-31 00:00:00","REPORT_DATE":"2023-12-31 00:00:00","DATE_TYPE_CODE":"001","REPORT_TYPE":"2023年年报","PER_NETCASH_OPERATE":0.275370926179,"PER_OI":1.548699609686,"BPS":3.247177240856,"BASIC_EPS":0.24,"DILUTED_EPS":null,"OPERATE_INCOME":4385566000,"OPERATE_INCOME_YOY":11.5884041406,"GROSS_PROFIT":null,"GROSS_PROFIT_YOY":null,"HOLDER_PROFIT":671319000,"HOLDER_PROFIT_YOY":-12.5072170054,"GROSS_PROFIT_RATIO":null,"EPS_TTM":0.237066657593,"OPERATE_INCOME_QOQ":0.067605924423,"NET_PROFIT_RATIO":15.3811389453,"ROE_AVG":3.88840821744,"GROSS_PROFIT_QOQ":null,"ROA":0.831298841797,"HOLDER_PROFIT_QOQ":-21.070554947244,"ROE_YEARLY":3.88840821744,"ROIC_YEARLY":0.86109360757,"TOTAL_ASSETS":87128874813.89,"TOTAL_LIABILITIES":69005316900.5,"TAX_EBT":18.277670559245,"OCF_SALES":17.78078359783,"TOTAL_PARENT_EQUITY":17768689592.77,"DEBT_ASSET_RATIO":79.199136672,"OPERATE_PROFIT":741970000,"PRETAX_PROFIT":825417000,"NETCASH_OPERATE":779788000,"NETCASH_INVEST":-904820000,"NETCASH_FINANCE":3720752000,"END_CASH":7321005000,"DIVI_RATIO":0.595198106737,"DIVIDEND_RATE":3.854047029703,"CURRENT_RATIO":1.677546529953,"COMMON_ACS":null,"CURRENTDEBT_DEBT":83.057519283771,"ISSUED_COMMON_SHARES":5472042233,"HK_COMMON_SHARES":442640000,"PER_SHARES":500,"TOTAL_MARKET_CAP":22107050621.32,"HKSK_MARKET_CAP":1788265600,"PE_TTM":57.015982749578,"PB_TTM":1.085561993977,"REPORT_DATE_SQ":"2022-12-31 00:00:00","REPORT_TYPE_SQ":"2022年年报","OPERATE_INCOME_SQ":3930127000,"DPS_HKD":0.1557035,"OPERATE_INCOME_QOQ_SQ":-7.136979430052,"NET_PROFIT_RATIO_SQ":19.5231604475,"HOLDER_PROFIT_SQ":767285000,"HOLDER_PROFIT_QOQ_SQ":-12.337669857317,"ROE_AVG_SQ":4.630340523758,"PE_TTM_SQ":10.308839240507,"PB_TTM_SQ":0.496925271548,"ROA_SQ":1.093612088765,"START_DATE":"2023-01-01 00:00:00","FISCAL_YEAR":"12-31","CURRENCY":"HKD","IS_CNY_CODE":0,"DPS_HKD_LY":null,"ORG_TYPE":"证券","PREMIUM_INCOME":null,"PREMIUM_INCOME_YOY":null,"NET_INTEREST_INCOME":1330276000,"NET_INTEREST_INCOME_YOY":null,"FEE_COMMISSION_INCOME":1805286000,"FEE_COMMISSION_INCOME_YOY":15.727690050213,"ACCOUNTS_RECE_TDAYS":3.447213629744,"INVENTORY_TDAYS":null,"CURRENT_ASSETS_TDAYS":0.066010210981,"TOTAL_ASSETS_TDAYS":0.054306759326,"PREMIUM_EXPENSE":null,"LOAN_DEPOSIT":null,"LOAN_EQUITY":null,"LOAN_ASSETS":null,"DEPOSIT_EQUITY":null,"DEPOSIT_ASSETS":null,"EQUITY_MULTIPLIER":4.807492767158,"EQUITY_RATIO":3.883534378842},{"SECUCODE":"01456.HK","SECURITY_CODE":"01456","SECURITY_NAME_ABBR":"国联证券","ORG_CODE":"10004787","STD_REPORT_DATE":"2023-09-30 00:00:00","REPORT_DATE":"2023-09-30 00:00:00","DATE_TYPE_CODE":"004","REPORT_TYPE":"2023年三季报","PER_NETCASH_OPERATE":-0.582686066294,"PER_OI":0.885387712686,"BPS":3.268222741001,"BASIC_EPS":0.26,"DILUTED_EPS":0.26,"OPERATE_INCOME":2507217168.06,"OPERATE_INCOME_YOY":22.0210764188,"GROSS_PROFIT":null,"GROSS_PROFIT_YOY":null,"HOLDER_PROFIT":726780442.83,"HOLDER_PROFIT_YOY":12.9356604017,"GROSS_PROFIT_RATIO":null,"EPS_TTM":0.300352621806,"OPERATE_INCOME_QOQ":-2.742322357511,"NET_PROFIT_RATIO":28.9444632166,"ROE_AVG":4.195658165829,"GROSS_PROFIT_QOQ":null,"ROA":0.884889590202,"HOLDER_PROFIT_QOQ":-8.580594482142,"ROE_YEARLY":5.594210887772,"ROIC_YEARLY":0.963478634018,"TOTAL_ASSETS":89882664010.2,"TOTAL_LIABILITIES":71648253281.72,"TAX_EBT":18.575430550988,"OCF_SALES":-65.811401936783,"TOTAL_PARENT_EQUITY":17883852865.61,"DEBT_ASSET_RATIO":79.7130949229,"OPERATE_PROFIT":891194658.82,"PRETAX_PROFIT":891255005.56,"NETCASH_OPERATE":-1650034767.9,"NETCASH_INVEST":151080677.81,"NETCASH_FINANCE":4074950703.99,"END_CASH":16162321450.85,"DIVI_RATIO":0.469786562612,"DIVIDEND_RATE":3.854047029703,"CURRENT_RATIO":1.283703562399,"COMMON_ACS":null,"CURRENTDEBT_DEBT":83.194610373004,"ISSUED_COMMON_SHARES":5472042233,"HK_COMMON_SHARES":442640000,"PER_SHARES":500,"TOTAL_MARKET_CAP":22107050621.32,"HKSK_MARKET_CAP":1788265600,"PE_TTM":57.015982749578,"PB_TTM":1.085561993977,"REPORT_DATE_SQ":"2022-09-30 00:00:00","REPORT_TYPE_SQ":"2022年三季报","OPERATE_INCOME_SQ":2054741067.4,"DPS_HKD":0.1557035,"OPERATE_INCOME_QOQ_SQ":-6.150675737059,"NET_PROFIT_RATIO_SQ":31.319515518,"HOLDER_PROFIT_SQ":643534947.46,"HOLDER_PROFIT_QOQ_SQ":-7.562380202349,"ROE_AVG_SQ":3.892793573612,"PE_TTM_SQ":10.308839240507,"PB_TTM_SQ":0.496925271548,"ROA_SQ":0.955182538498,"START_DATE":"2023-01-01 00:00:00","FISCAL_YEAR":"12-31","CURRENCY":"HKD","IS_CNY_CODE":0,"DPS_HKD_LY":null,"ORG_TYPE":"证券","PREMIUM_INCOME":null,"PREMIUM_INCOME_YOY":null,"NET_INTEREST_INCOME":138919023.18,"NET_INTEREST_INCOME_YOY":null,"FEE_COMMISSION_INCOME":1138871948.09,"FEE_COMMISSION_INCOME_YOY":11.873827099154,"ACCOUNTS_RECE_TDAYS":1.553803217119,"INVENTORY_TDAYS":null,"CURRENT_ASSETS_TDAYS":0.036622112998,"TOTAL_ASSETS_TDAYS":0.030526555775,"PREMIUM_EXPENSE":null,"LOAN_DEPOSIT":null,"LOAN_EQUITY":null,"LOAN_ASSETS":null,"DEPOSIT_EQUITY":null,"DEPOSIT_ASSETS":null,"EQUITY_MULTIPLIER":4.929288110727,"EQUITY_RATIO":4.006309704074},{"SECUCODE":"01456.HK","SECURITY_CODE":"01456","SECURITY_NAME_ABBR":"国联证券","ORG_CODE":"10004787","STD_REPORT_DATE":"2023-06-30 00:00:00","REPORT_DATE":"2023-06-30 00:00:00","DATE_TYPE_CODE":"002","REPORT_TYPE":"2023年中报","PER_NETCASH_OPERATE":1.040590762459,"PER_OI":0.890342146218,"BPS":3.243656251949,"BASIC_EPS":0.21,"DILUTED_EPS":null,"OPERATE_INCOME":2521247000,"OPERATE_INCOME_YOY":29.61396712,"GROSS_PROFIT":null,"GROSS_PROFIT_YOY":null,"HOLDER_PROFIT":600313000,"HOLDER_PROFIT_YOY":37.2969350718,"GROSS_PROFIT_RATIO":null,"EPS_TTM":0.328543617304,"OPERATE_INCOME_QOQ":13.434315837985,"NET_PROFIT_RATIO":23.8391557828,"ROE_AVG":3.479069155014,"GROSS_PROFIT_QOQ":null,"ROA":0.74785401969,"HOLDER_PROFIT_QOQ":18.400486676413,"ROE_YEARLY":6.958138310027,"ROIC_YEARLY":1.566310417908,"TOTAL_ASSETS":86160832000,"TOTAL_LIABILITIES":68059041000,"TAX_EBT":20.806789299554,"OCF_SALES":116.875379524497,"TOTAL_PARENT_EQUITY":17749424000,"DEBT_ASSET_RATIO":78.9906961437,"OPERATE_PROFIT":746134000,"PRETAX_PROFIT":758959000,"NETCASH_OPERATE":2946717000,"NETCASH_INVEST":-1276959000,"NETCASH_FINANCE":3368367000,"END_CASH":8765598000,"DIVI_RATIO":0.429476082743,"DIVIDEND_RATE":3.854047029703,"CURRENT_RATIO":1.492588737392,"COMMON_ACS":null,"CURRENTDEBT_DEBT":70.87650118373,"ISSUED_COMMON_SHARES":5472042233,"HK_COMMON_SHARES":442640000,"PER_SHARES":500,"TOTAL_MARKET_CAP":22107050621.32,"HKSK_MARKET_CAP":1788265600,"PE_TTM":57.015982749578,"PB_TTM":1.085561993977,"REPORT_DATE_SQ":"2022-06-30 00:00:00","REPORT_TYPE_SQ":"2022年中报","OPERATE_INCOME_SQ":1945197000,"DPS_HKD":0.1557035,"OPERATE_INCOME_QOQ_SQ":2.566962016359,"NET_PROFIT_RATIO_SQ":22.4777747447,"HOLDER_PROFIT_SQ":437237000,"HOLDER_PROFIT_QOQ_SQ":2.900979639616,"ROE_AVG_SQ":2.654671787507,"PE_TTM_SQ":10.308839240507,"PB_TTM_SQ":0.496925271548,"ROA_SQ":0.604665951404,"START_DATE":"2023-01-01 00:00:00","FISCAL_YEAR":"12-31","CURRENCY":"HKD","IS_CNY_CODE":0,"DPS_HKD_LY":null,"ORG_TYPE":"证券","PREMIUM_INCOME":null,"PREMIUM_INCOME_YOY":null,"NET_INTEREST_INCOME":689128000,"NET_INTEREST_INCOME_YOY":null,"FEE_COMMISSION_INCOME":868075000,"FEE_COMMISSION_INCOME_YOY":14.066405089971,"ACCOUNTS_RECE_TDAYS":null,"INVENTORY_TDAYS":null,"CURRENT_ASSETS_TDAYS":0.038083969751,"TOTAL_ASSETS_TDAYS":0.031409026684,"PREMIUM_EXPENSE":null,"LOAN_DEPOSIT":null,"LOAN_EQUITY":null,"LOAN_ASSETS":null,"DEPOSIT_EQUITY":null,"DEPOSIT_ASSETS":null,"EQUITY_MULTIPLIER":4.7597959782,"EQUITY_RATIO":3.834436599182},{"SECUCODE":"01456.HK","SECURITY_CODE":"01456","SECURITY_NAME_ABBR":"国联证券","ORG_CODE":"10004787","STD_REPORT_DATE":"2023-03-31 00:00:00","REPORT_DATE":"2023-03-31 00:00:00","DATE_TYPE_CODE":"003","REPORT_TYPE":"2023年一季报","PER_NETCASH_OPERATE":-0.131756680809,"PER_OI":0.239558281735,"BPS":3.157621212861,"BASIC_EPS":0.07,"DILUTED_EPS":0.07,"OPERATE_INCOME":678374714.39,"OPERATE_INCOME_YOY":6.6622265033,"GROSS_PROFIT":null,"GROSS_PROFIT_YOY":null,"HOLDER_PROFIT":207346319.54,"HOLDER_PROFIT_YOY":9.7903033959,"GROSS_PROFIT_RATIO":null,"EPS_TTM":0.277485022677,"OPERATE_INCOME_QOQ":1.078131700579,"NET_PROFIT_RATIO":30.5651603961,"ROE_AVG":1.218279963105,"GROSS_PROFIT_QOQ":null,"ROA":0.265360221707,"HOLDER_PROFIT_QOQ":2.409748886007,"ROE_YEARLY":4.87311985242,"ROIC_YEARLY":1.163708659912,"TOTAL_ASSETS":81893361986.5,"TOTAL_LIABILITIES":64614725353.91,"TAX_EBT":25.392025225554,"OCF_SALES":-54.999843818692,"TOTAL_PARENT_EQUITY":17278636632.59,"DEBT_ASSET_RATIO":78.9010535,"OPERATE_PROFIT":277814922.54,"PRETAX_PROFIT":277914418.89,"NETCASH_OPERATE":-373105033.42,"NETCASH_INVEST":-1009265870.12,"NETCASH_FINANCE":3105231583.65,"END_CASH":15307195964.41,"DIVI_RATIO":0.508501772126,"DIVIDEND_RATE":3.854047029703,"CURRENT_RATIO":1.171591585702,"COMMON_ACS":null,"CURRENTDEBT_DEBT":85.792472016296,"ISSUED_COMMON_SHARES":5472042233,"HK_COMMON_SHARES":442640000,"PER_SHARES":500,"TOTAL_MARKET_CAP":22107050621.32,"HKSK_MARKET_CAP":1788265600,"PE_TTM":57.015982749578,"PB_TTM":1.085561993977,"REPORT_DATE_SQ":"2022-03-31 00:00:00","REPORT_TYPE_SQ":"2022年一季报","OPERATE_INCOME_SQ":636002769.33,"DPS_HKD":0.1557035,"OPERATE_INCOME_QOQ_SQ":3.909294892077,"NET_PROFIT_RATIO_SQ":29.6943168972,"HOLDER_PROFIT_SQ":188856677.8,"HOLDER_PROFIT_QOQ_SQ":3.54987430343,"ROE_AVG_SQ":1.144756715688,"PE_TTM_SQ":10.308839240507,"PB_TTM_SQ":0.496925271548,"ROA_SQ":0.273089451158,"START_DATE":"2023-01-01 00:00:00","FISCAL_YEAR":"12-31","CURRENCY":"HKD","IS_CNY_CODE":0,"DPS_HKD_LY":null,"ORG_TYPE":"证券","PREMIUM_INCOME":null,"PREMIUM_INCOME_YOY":null,"NET_INTEREST_INCOME":54738909.86,"NET_INTEREST_INCOME_YOY":null,"FEE_COMMISSION_INCOME":243317775.79,"FEE_COMMISSION_INCOME_YOY":-29.919580954365,"ACCOUNTS_RECE_TDAYS":1.162615274246,"INVENTORY_TDAYS":null,"CURRENT_ASSETS_TDAYS":0.010823515461,"TOTAL_ASSETS_TDAYS":0.008681787312,"PREMIUM_EXPENSE":null,"LOAN_DEPOSIT":null,"LOAN_EQUITY":null,"LOAN_ASSETS":null,"DEPOSIT_EQUITY":null,"DEPOSIT_ASSETS":null,"EQUITY_MULTIPLIER":4.739573134611,"EQUITY_RATIO":3.739573134609},{"SECUCODE":"01456.HK","SECURITY_CODE":"01456","SECURITY_NAME_ABBR":"国联证券","ORG_CODE":"10004787","STD_REPORT_DATE":"2022-12-31 00:00:00","REPORT_DATE":"2022-12-31 00:00:00","DATE_TYPE_CODE":"001","REPORT_TYPE":"2022年年报","PER_NETCASH_OPERATE":0.69023854809,"PER_OI":1.387867871767,"BPS":3.062943099913,"BASIC_EPS":0.27,"DILUTED_EPS":null,"OPERATE_INCOME":3930127000,"OPERATE_INCOME_YOY":-7.1170830507,"GROSS_PROFIT":null,"GROSS_PROFIT_YOY":null,"HOLDER_PROFIT":767285000,"HOLDER_PROFIT_YOY":-13.6562612532,"GROSS_PROFIT_RATIO":null,"EPS_TTM":0.270955671404,"OPERATE_INCOME_QOQ":-7.136979430052,"NET_PROFIT_RATIO":19.5231604475,"ROE_AVG":4.630340523758,"GROSS_PROFIT_QOQ":null,"ROA":1.093612088765,"HOLDER_PROFIT_QOQ":-12.337669857317,"ROE_YEARLY":4.630340523758,"ROIC_YEARLY":1.109969278436,"TOTAL_ASSETS":74381997000,"TOTAL_LIABILITIES":57621443000,"TAX_EBT":20.524262170446,"OCF_SALES":49.733736339818,"TOTAL_PARENT_EQUITY":16760554000,"DEBT_ASSET_RATIO":77.466921196,"OPERATE_PROFIT":919881000,"PRETAX_PROFIT":965433000,"NETCASH_OPERATE":1954599000,"NETCASH_INVEST":-2163850000,"NETCASH_FINANCE":1534790000,"END_CASH":3723982000,"DIVI_RATIO":0.520755387915,"DIVIDEND_RATE":3.854047029703,"CURRENT_RATIO":1.560554016984,"COMMON_ACS":null,"CURRENTDEBT_DEBT":67.175724842573,"ISSUED_COMMON_SHARES":5472042233,"HK_COMMON_SHARES":442640000,"PER_SHARES":500,"TOTAL_MARKET_CAP":22107050621.32,"HKSK_MARKET_CAP":1788265600,"PE_TTM":57.015982749578,"PB_TTM":1.085561993977,"REPORT_DATE_SQ":"2021-12-31 00:00:00","REPORT_TYPE_SQ":"2021年年报","OPERATE_INCOME_SQ":4231270000,"DPS_HKD":0.1557035,"OPERATE_INCOME_QOQ_SQ":25.5348314777,"NET_PROFIT_RATIO_SQ":21.0017323404,"HOLDER_PROFIT_SQ":888640000,"HOLDER_PROFIT_QOQ_SQ":13.113609090333,"ROE_AVG_SQ":6.588560716737,"PE_TTM_SQ":10.308839240507,"PB_TTM_SQ":0.496925271548,"ROA_SQ":1.584604909943,"START_DATE":"2022-01-01 00:00:00","FISCAL_YEAR":"12-31","CURRENCY":"HKD","IS_CNY_CODE":0,"DPS_HKD_LY":0.1168429,"ORG_TYPE":"证券","PREMIUM_INCOME":null,"PREMIUM_INCOME_YOY":null,"NET_INTEREST_INCOME":1208535000,"NET_INTEREST_INCOME_YOY":null,"FEE_COMMISSION_INCOME":1559943000,"FEE_COMMISSION_INCOME_YOY":-6.948904134185,"ACCOUNTS_RECE_TDAYS":null,"INVENTORY_TDAYS":null,"CURRENT_ASSETS_TDAYS":0.067960911876,"TOTAL_ASSETS_TDAYS":0.056016139995,"PREMIUM_EXPENSE":null,"LOAN_DEPOSIT":null,"LOAN_EQUITY":null,"LOAN_ASSETS":null,"DEPOSIT_EQUITY":null,"DEPOSIT_ASSETS":null,"EQUITY_MULTIPLIER":4.437919951811,"EQUITY_RATIO":3.437919951811},{"SECUCODE":"01456.HK","SECURITY_CODE":"01456","SECURITY_NAME_ABBR":"国联证券","ORG_CODE":"10004787","STD_REPORT_DATE":"2022-09-30 00:00:00","REPORT_DATE":"2022-09-30 00:00:00","DATE_TYPE_CODE":"004","REPORT_TYPE":"2022年三季报","PER_NETCASH_OPERATE":-0.595963128718,"PER_OI":0.725602280091,"BPS":3.048554108634,"BASIC_EPS":0.23,"DILUTED_EPS":0.23,"OPERATE_INCOME":2054741067.4,"OPERATE_INCOME_YOY":0.0441404281,"GROSS_PROFIT":null,"GROSS_PROFIT_YOY":null,"HOLDER_PROFIT":643534947.46,"HOLDER_PROFIT_YOY":-2.034804816,"GROSS_PROFIT_RATIO":null,"EPS_TTM":0.309090199819,"OPERATE_INCOME_QOQ":-6.150675737059,"NET_PROFIT_RATIO":31.319515518,"ROE_AVG":3.892793573612,"GROSS_PROFIT_QOQ":null,"ROA":0.955182538498,"HOLDER_PROFIT_QOQ":-7.562380202349,"ROE_YEARLY":5.190391431483,"ROIC_YEARLY":1.036667522518,"TOTAL_ASSETS":68806722430.94,"TOTAL_LIABILITIES":52124905598.91,"TAX_EBT":20.011538252059,"OCF_SALES":-82.133579933528,"TOTAL_PARENT_EQUITY":16681816832.03,"DEBT_ASSET_RATIO":75.7555421292,"OPERATE_PROFIT":801446790.58,"PRETAX_PROFIT":804534720.88,"NETCASH_OPERATE":-1687632397.02,"NETCASH_INVEST":-43292055.14,"NETCASH_FINANCE":1978657937.82,"END_CASH":13577317734.67,"DIVI_RATIO":0.45650630739,"DIVIDEND_RATE":3.854047029703,"CURRENT_RATIO":1.301630113261,"COMMON_ACS":null,"CURRENTDEBT_DEBT":89.0138563332,"ISSUED_COMMON_SHARES":5472042233,"HK_COMMON_SHARES":442640000,"PER_SHARES":500,"TOTAL_MARKET_CAP":22107050621.32,"HKSK_MARKET_CAP":1788265600,"PE_TTM":57.015982749578,"PB_TTM":1.085561993977,"REPORT_DATE_SQ":"2021-09-30 00:00:00","REPORT_TYPE_SQ":"2021年三季报","OPERATE_INCOME_SQ":2053834496.06,"DPS_HKD":0.1557035,"OPERATE_INCOME_QOQ_SQ":5.872314124928,"NET_PROFIT_RATIO_SQ":31.984155217,"HOLDER_PROFIT_SQ":656901613.12,"HOLDER_PROFIT_QOQ_SQ":21.683210501452,"ROE_AVG_SQ":4.930062070478,"PE_TTM_SQ":10.308839240507,"PB_TTM_SQ":0.496925271548,"ROA_SQ":1.184326126937,"START_DATE":"2022-01-01 00:00:00","FISCAL_YEAR":"12-31","CURRENCY":"HKD","IS_CNY_CODE":0,"DPS_HKD_LY":0.1168429,"ORG_TYPE":"证券","PREMIUM_INCOME":null,"PREMIUM_INCOME_YOY":null,"NET_INTEREST_INCOME":89015782.42,"NET_INTEREST_INCOME_YOY":null,"FEE_COMMISSION_INCOME":1017996771.56,"FEE_COMMISSION_INCOME_YOY":13.860618214325,"ACCOUNTS_RECE_TDAYS":2.373795105643,"INVENTORY_TDAYS":null,"CURRENT_ASSETS_TDAYS":0.035534810758,"TOTAL_ASSETS_TDAYS":0.030497998539,"PREMIUM_EXPENSE":null,"LOAN_DEPOSIT":null,"LOAN_EQUITY":null,"LOAN_ASSETS":null,"DEPOSIT_EQUITY":null,"DEPOSIT_ASSETS":null,"EQUITY_MULTIPLIER":4.124653994447,"EQUITY_RATIO":3.124653994451}],"count":34},"success":true,"message":"ok","code":0}