{"version":"ff77ed4b125a7c1572af7d3e39e6fb67","result":{"pages":3,"data":[{"SECUCODE":"01458.HK","SECURITY_CODE":"01458","SECURITY_NAME_ABBR":"周黑鸭","ORG_CODE":"10540670","STD_REPORT_DATE":"2024-06-30 00:00:00","REPORT_DATE":"2024-06-30 00:00:00","DATE_TYPE_CODE":"002","REPORT_TYPE":"2024年中报","PER_NETCASH_OPERATE":0.083244415353,"PER_OI":0.54113875308,"BPS":1.667471788068,"BASIC_EPS":0.01,"DILUTED_EPS":0.01,"OPERATE_INCOME":1259511000,"OPERATE_INCOME_YOY":-10.9737737177,"GROSS_PROFIT":697657000,"GROSS_PROFIT_YOY":-6.079053543759,"HOLDER_PROFIT":32913000,"HOLDER_PROFIT_YOY":-67.6505278056,"GROSS_PROFIT_RATIO":55.391100196822,"EPS_TTM":0.020084471902,"OPERATE_INCOME_QOQ":-5.658675301462,"NET_PROFIT_RATIO":2.6131570109,"ROE_AVG":0.862233263531,"GROSS_PROFIT_QOQ":-3.139843174721,"ROA":0.686472724686,"HOLDER_PROFIT_QOQ":-59.553021388524,"ROE_YEARLY":1.724466527061,"ROIC_YEARLY":1.836871029475,"TOTAL_ASSETS":4695760000,"TOTAL_LIABILITIES":996809000,"TAX_EBT":42.022935052582,"OCF_SALES":15.383192365926,"TOTAL_PARENT_EQUITY":3698951000,"DEBT_ASSET_RATIO":21.2278523604,"OPERATE_PROFIT":96403000,"PRETAX_PROFIT":56769000,"NETCASH_OPERATE":193753000,"NETCASH_INVEST":374424000,"NETCASH_FINANCE":-249188000,"END_CASH":699354000,"DIVI_RATIO":2.256021478694,"DIVIDEND_RATE":2.762430939227,"CURRENT_RATIO":2.417882620075,"COMMON_ACS":50000000000,"CURRENTDEBT_DEBT":80.763817341136,"ISSUED_COMMON_SHARES":2218299000,"HK_COMMON_SHARES":2218299000,"PER_SHARES":500,"TOTAL_MARKET_CAP":4015121190,"HKSK_MARKET_CAP":4015121190,"PE_TTM":75.406076780377,"PB_TTM":0.990691903648,"REPORT_DATE_SQ":"2023-06-30 00:00:00","REPORT_TYPE_SQ":"2023年中报","OPERATE_INCOME_SQ":1414764000,"DPS_HKD":0.05,"OPERATE_INCOME_QOQ_SQ":9.97229183994,"NET_PROFIT_RATIO_SQ":7.1914467713,"HOLDER_PROFIT_SQ":101742000,"HOLDER_PROFIT_QOQ_SQ":329.727484871257,"ROE_AVG_SQ":2.446538921243,"PE_TTM_SQ":36.204736946002,"PB_TTM_SQ":0.9248316997,"ROA_SQ":1.810805512294,"START_DATE":"2024-01-01 00:00:00","FISCAL_YEAR":"12-31","CURRENCY":"HKD","IS_CNY_CODE":0,"DPS_HKD_LY":0.05,"ORG_TYPE":"一般企业","PREMIUM_INCOME":null,"PREMIUM_INCOME_YOY":null,"NET_INTEREST_INCOME":null,"NET_INTEREST_INCOME_YOY":null,"FEE_COMMISSION_INCOME":null,"FEE_COMMISSION_INCOME_YOY":null,"ACCOUNTS_RECE_TDAYS":19.206011070617,"INVENTORY_TDAYS":1.916599437492,"CURRENT_ASSETS_TDAYS":0.617805898315,"TOTAL_ASSETS_TDAYS":0.262698613904,"PREMIUM_EXPENSE":null,"LOAN_DEPOSIT":null,"LOAN_EQUITY":null,"LOAN_ASSETS":null,"DEPOSIT_EQUITY":null,"DEPOSIT_ASSETS":null,"EQUITY_MULTIPLIER":1.269484240261,"EQUITY_RATIO":0.269484240262},{"SECUCODE":"01458.HK","SECURITY_CODE":"01458","SECURITY_NAME_ABBR":"周黑鸭","ORG_CODE":"10540670","STD_REPORT_DATE":"2023-12-31 00:00:00","REPORT_DATE":"2023-12-31 00:00:00","DATE_TYPE_CODE":"001","REPORT_TYPE":"2023年年报","PER_NETCASH_OPERATE":0.151556318228,"PER_OI":1.151265735277,"BPS":1.774066525748,"BASIC_EPS":0.05,"DILUTED_EPS":0.05,"OPERATE_INCOME":2743628000,"OPERATE_INCOME_YOY":17.0812933433,"GROSS_PROFIT":1438161000,"GROSS_PROFIT_YOY":11.529960821538,"HOLDER_PROFIT":115576000,"HOLDER_PROFIT_YOY":357.1292963651,"GROSS_PROFIT_RATIO":52.418221420688,"EPS_TTM":0.04849735045,"OPERATE_INCOME_QOQ":6.464356961614,"NET_PROFIT_RATIO":4.2125244384,"ROE_AVG":2.880858614316,"GROSS_PROFIT_QOQ":5.687450028219,"ROA":2.175552739968,"HOLDER_PROFIT_QOQ":6.376555481923,"ROE_YEARLY":2.880858614316,"ROIC_YEARLY":2.783436989324,"TOTAL_ASSETS":4893259000,"TOTAL_LIABILITIES":957849000,"TAX_EBT":46.030100537476,"OCF_SALES":13.164321110588,"TOTAL_PARENT_EQUITY":3935410000,"DEBT_ASSET_RATIO":19.5748682013,"OPERATE_PROFIT":236703000,"PRETAX_PROFIT":214149000,"NETCASH_OPERATE":361180000,"NETCASH_INVEST":563151000,"NETCASH_FINANCE":-1046487000,"END_CASH":384477000,"DIVI_RATIO":0.93429846331,"DIVIDEND_RATE":2.958579881657,"CURRENT_RATIO":3.114403435333,"COMMON_ACS":50000000000,"CURRENTDEBT_DEBT":71.429212746477,"ISSUED_COMMON_SHARES":2218299000,"HK_COMMON_SHARES":2218299000,"PER_SHARES":500,"TOTAL_MARKET_CAP":3748925310,"HKSK_MARKET_CAP":3748925310,"PE_TTM":70.406778872286,"PB_TTM":0.925010672467,"REPORT_DATE_SQ":"2022-12-31 00:00:00","REPORT_TYPE_SQ":"2022年年报","OPERATE_INCOME_SQ":2343353000,"DPS_HKD":0.05,"OPERATE_INCOME_QOQ_SQ":-9.804050623752,"NET_PROFIT_RATIO_SQ":1.0789240887,"HOLDER_PROFIT_SQ":25283000,"HOLDER_PROFIT_QOQ_SQ":-80.736028039163,"ROE_AVG_SQ":0.609330446266,"PE_TTM_SQ":37.221723938867,"PB_TTM_SQ":0.950810118231,"ROA_SQ":0.408787434253,"START_DATE":"2023-01-01 00:00:00","FISCAL_YEAR":"12-31","CURRENCY":"HKD","IS_CNY_CODE":0,"DPS_HKD_LY":0.12,"ORG_TYPE":"一般企业","PREMIUM_INCOME":null,"PREMIUM_INCOME_YOY":null,"NET_INTEREST_INCOME":null,"NET_INTEREST_INCOME_YOY":null,"FEE_COMMISSION_INCOME":null,"FEE_COMMISSION_INCOME_YOY":null,"ACCOUNTS_RECE_TDAYS":46.780872486082,"INVENTORY_TDAYS":4.380423658577,"CURRENT_ASSETS_TDAYS":1.103113037979,"TOTAL_ASSETS_TDAYS":0.516448692882,"PREMIUM_EXPENSE":null,"LOAN_DEPOSIT":null,"LOAN_EQUITY":null,"LOAN_ASSETS":null,"DEPOSIT_EQUITY":null,"DEPOSIT_ASSETS":null,"EQUITY_MULTIPLIER":1.243392429251,"EQUITY_RATIO":0.243392429251},{"SECUCODE":"01458.HK","SECURITY_CODE":"01458","SECURITY_NAME_ABBR":"周黑鸭","ORG_CODE":"10540670","STD_REPORT_DATE":"2023-06-30 00:00:00","REPORT_DATE":"2023-06-30 00:00:00","DATE_TYPE_CODE":"002","REPORT_TYPE":"2023年中报","PER_NETCASH_OPERATE":0.06571328883,"PER_OI":0.593655304838,"BPS":1.906375109938,"BASIC_EPS":0.04,"DILUTED_EPS":0.04,"OPERATE_INCOME":1414764000,"OPERATE_INCOME_YOY":19.7858227822,"GROSS_PROFIT":742813000,"GROSS_PROFIT_YOY":10.615178197814,"HOLDER_PROFIT":101742000,"HOLDER_PROFIT_YOY":453.637699298,"GROSS_PROFIT_RATIO":52.504375288034,"EPS_TTM":0.045590262093,"OPERATE_INCOME_QOQ":9.97229183994,"NET_PROFIT_RATIO":7.1914467713,"ROE_AVG":2.446538921243,"GROSS_PROFIT_QOQ":5.528102713954,"ROA":1.810805512294,"HOLDER_PROFIT_QOQ":329.727484871257,"ROE_YEARLY":4.893077842486,"ROIC_YEARLY":4.611917951721,"TOTAL_ASSETS":5505490000,"TOTAL_LIABILITIES":1276580000,"TAX_EBT":30.973703492632,"OCF_SALES":11.06926667628,"TOTAL_PARENT_EQUITY":4228910000,"DEBT_ASSET_RATIO":23.1874002132,"OPERATE_PROFIT":161854000,"PRETAX_PROFIT":147396000,"NETCASH_OPERATE":156604000,"NETCASH_INVEST":376785000,"NETCASH_FINANCE":-241521000,"END_CASH":791729000,"DIVI_RATIO":0.99387452319,"DIVIDEND_RATE":2.958579881657,"CURRENT_RATIO":3.265805165156,"COMMON_ACS":50000000000,"CURRENTDEBT_DEBT":65.055695686914,"ISSUED_COMMON_SHARES":2218299000,"HK_COMMON_SHARES":2218299000,"PER_SHARES":500,"TOTAL_MARKET_CAP":3748925310,"HKSK_MARKET_CAP":3748925310,"PE_TTM":70.406778872286,"PB_TTM":0.925010672467,"REPORT_DATE_SQ":"2022-06-30 00:00:00","REPORT_TYPE_SQ":"2022年中报","OPERATE_INCOME_SQ":1181078000,"DPS_HKD":0.05,"OPERATE_INCOME_QOQ_SQ":-9.473780672434,"NET_PROFIT_RATIO_SQ":1.5559514274,"HOLDER_PROFIT_SQ":18377000,"HOLDER_PROFIT_QOQ_SQ":-61.671787024274,"ROE_AVG_SQ":0.445984585538,"PE_TTM_SQ":37.221723938867,"PB_TTM_SQ":0.950810118231,"ROA_SQ":0.278180517464,"START_DATE":"2023-01-01 00:00:00","FISCAL_YEAR":"12-31","CURRENCY":"HKD","IS_CNY_CODE":0,"DPS_HKD_LY":0.12,"ORG_TYPE":"一般企业","PREMIUM_INCOME":null,"PREMIUM_INCOME_YOY":null,"NET_INTEREST_INCOME":null,"NET_INTEREST_INCOME_YOY":null,"FEE_COMMISSION_INCOME":null,"FEE_COMMISSION_INCOME_YOY":null,"ACCOUNTS_RECE_TDAYS":23.139934085166,"INVENTORY_TDAYS":2.265122989641,"CURRENT_ASSETS_TDAYS":0.509299598036,"TOTAL_ASSETS_TDAYS":0.25179989088,"PREMIUM_EXPENSE":null,"LOAN_DEPOSIT":null,"LOAN_EQUITY":null,"LOAN_ASSETS":null,"DEPOSIT_EQUITY":null,"DEPOSIT_ASSETS":null,"EQUITY_MULTIPLIER":1.301869748942,"EQUITY_RATIO":0.301869748942},{"SECUCODE":"01458.HK","SECURITY_CODE":"01458","SECURITY_NAME_ABBR":"周黑鸭","ORG_CODE":"10540670","STD_REPORT_DATE":"2022-12-31 00:00:00","REPORT_DATE":"2022-12-31 00:00:00","DATE_TYPE_CODE":"001","REPORT_TYPE":"2022年年报","PER_NETCASH_OPERATE":0.196228044465,"PER_OI":0.983304593246,"BPS":1.842992761571,"BASIC_EPS":0.01,"DILUTED_EPS":0.01,"OPERATE_INCOME":2343353000,"OPERATE_INCOME_YOY":-18.3490170431,"GROSS_PROFIT":1289484000,"GROSS_PROFIT_YOY":-22.244968472491,"HOLDER_PROFIT":25283000,"HOLDER_PROFIT_YOY":-92.6164637993,"GROSS_PROFIT_RATIO":55.027304891751,"EPS_TTM":0.010609110122,"OPERATE_INCOME_QOQ":-9.804050623752,"NET_PROFIT_RATIO":1.0789240887,"ROE_AVG":0.609330446266,"GROSS_PROFIT_QOQ":-12.441714792068,"ROA":0.408787434253,"HOLDER_PROFIT_QOQ":-80.736028039163,"ROE_YEARLY":0.609330446266,"ROIC_YEARLY":0.56050788226,"TOTAL_ASSETS":5731719000,"TOTAL_LIABILITIES":1643410000,"TAX_EBT":53.804973415432,"OCF_SALES":19.955977609861,"TOTAL_PARENT_EQUITY":4088309000,"DEBT_ASSET_RATIO":28.672201132,"OPERATE_PROFIT":105176000,"PRETAX_PROFIT":54731000,"NETCASH_OPERATE":467639000,"NETCASH_INVEST":1044362000,"NETCASH_FINANCE":-1318294000,"END_CASH":487541000,"DIVI_RATIO":4.270951991279,"DIVIDEND_RATE":2.958579881657,"CURRENT_RATIO":3.10912790615,"COMMON_ACS":50000000000,"CURRENTDEBT_DEBT":55.650689724415,"ISSUED_COMMON_SHARES":2218299000,"HK_COMMON_SHARES":2218299000,"PER_SHARES":500,"TOTAL_MARKET_CAP":3748925310,"HKSK_MARKET_CAP":3748925310,"PE_TTM":70.406778872286,"PB_TTM":0.925010672467,"REPORT_DATE_SQ":"2021-12-31 00:00:00","REPORT_TYPE_SQ":"2021年年报","OPERATE_INCOME_SQ":2869963000,"DPS_HKD":0.05,"OPERATE_INCOME_QOQ_SQ":5.088201994578,"NET_PROFIT_RATIO_SQ":11.931303644,"HOLDER_PROFIT_SQ":342424000,"HOLDER_PROFIT_QOQ_SQ":-19.043149530346,"ROE_AVG_SQ":8.240100269986,"PE_TTM_SQ":37.221723938867,"PB_TTM_SQ":0.950810118231,"ROA_SQ":5.053137602906,"START_DATE":"2022-01-01 00:00:00","FISCAL_YEAR":"12-31","CURRENCY":"HKD","IS_CNY_CODE":0,"DPS_HKD_LY":0.12,"ORG_TYPE":"一般企业","PREMIUM_INCOME":null,"PREMIUM_INCOME_YOY":null,"NET_INTEREST_INCOME":null,"NET_INTEREST_INCOME_YOY":null,"FEE_COMMISSION_INCOME":null,"FEE_COMMISSION_INCOME_YOY":null,"ACCOUNTS_RECE_TDAYS":36.160622801062,"INVENTORY_TDAYS":3.497374154378,"CURRENT_ASSETS_TDAYS":0.706730404569,"TOTAL_ASSETS_TDAYS":0.378884333512,"PREMIUM_EXPENSE":null,"LOAN_DEPOSIT":null,"LOAN_EQUITY":null,"LOAN_ASSETS":null,"DEPOSIT_EQUITY":null,"DEPOSIT_ASSETS":null,"EQUITY_MULTIPLIER":1.401977932686,"EQUITY_RATIO":0.401977932686},{"SECUCODE":"01458.HK","SECURITY_CODE":"01458","SECURITY_NAME_ABBR":"周黑鸭","ORG_CODE":"10540670","STD_REPORT_DATE":"2022-06-30 00:00:00","REPORT_DATE":"2022-06-30 00:00:00","DATE_TYPE_CODE":"002","REPORT_TYPE":"2022年中报","PER_NETCASH_OPERATE":0.135082677668,"PER_OI":0.495597301124,"BPS":1.817060729866,"BASIC_EPS":0.01,"DILUTED_EPS":0.01,"OPERATE_INCOME":1181078000,"OPERATE_INCOME_YOY":-18.7129552393,"GROSS_PROFIT":671529000,"GROSS_PROFIT_YOY":-21.66081238254,"HOLDER_PROFIT":18377000,"HOLDER_PROFIT_YOY":-91.9945459931,"GROSS_PROFIT_RATIO":56.857294776467,"EPS_TTM":0.055072288017,"OPERATE_INCOME_QOQ":-9.473780672434,"NET_PROFIT_RATIO":1.5559514274,"ROE_AVG":0.445984585538,"GROSS_PROFIT_QOQ":-11.196260476256,"ROA":0.278180517464,"HOLDER_PROFIT_QOQ":-61.671787024274,"ROE_YEARLY":0.891969171076,"ROIC_YEARLY":0.73752134315,"TOTAL_ASSETS":6574249000,"TOTAL_LIABILITIES":2543465000,"TAX_EBT":58.7931923672,"OCF_SALES":27.256540211569,"TOTAL_PARENT_EQUITY":4030784000,"DEBT_ASSET_RATIO":38.6882973249,"OPERATE_PROFIT":52018000,"PRETAX_PROFIT":44597000,"NETCASH_OPERATE":321921000,"NETCASH_INVEST":368601000,"NETCASH_FINANCE":-341551000,"END_CASH":628276000,"DIVI_RATIO":0.822754994061,"DIVIDEND_RATE":2.958579881657,"CURRENT_RATIO":3.580499679393,"COMMON_ACS":50000000000,"CURRENTDEBT_DEBT":40.34567017828,"ISSUED_COMMON_SHARES":2218299000,"HK_COMMON_SHARES":2218299000,"PER_SHARES":500,"TOTAL_MARKET_CAP":3748925310,"HKSK_MARKET_CAP":3748925310,"PE_TTM":70.406778872286,"PB_TTM":0.925010672467,"REPORT_DATE_SQ":"2021-06-30 00:00:00","REPORT_TYPE_SQ":"2021年中报","OPERATE_INCOME_SQ":1452972000,"DPS_HKD":0.05,"OPERATE_INCOME_QOQ_SQ":25.189158662243,"NET_PROFIT_RATIO_SQ":15.7990656393,"HOLDER_PROFIT_SQ":229556000,"HOLDER_PROFIT_QOQ_SQ":179.703877107016,"ROE_AVG_SQ":5.545422295639,"PE_TTM_SQ":37.221723938867,"PB_TTM_SQ":0.950810118231,"ROA_SQ":3.350894353756,"START_DATE":"2022-01-01 00:00:00","FISCAL_YEAR":"12-31","CURRENCY":"HKD","IS_CNY_CODE":0,"DPS_HKD_LY":0.12,"ORG_TYPE":"一般企业","PREMIUM_INCOME":null,"PREMIUM_INCOME_YOY":null,"NET_INTEREST_INCOME":null,"NET_INTEREST_INCOME_YOY":null,"FEE_COMMISSION_INCOME":null,"FEE_COMMISSION_INCOME_YOY":null,"ACCOUNTS_RECE_TDAYS":15.688091917381,"INVENTORY_TDAYS":1.917165351368,"CURRENT_ASSETS_TDAYS":0.316547379604,"TOTAL_ASSETS_TDAYS":0.178784833871,"PREMIUM_EXPENSE":null,"LOAN_DEPOSIT":null,"LOAN_EQUITY":null,"LOAN_ASSETS":null,"DEPOSIT_EQUITY":null,"DEPOSIT_ASSETS":null,"EQUITY_MULTIPLIER":1.631009997062,"EQUITY_RATIO":0.631009997063},{"SECUCODE":"01458.HK","SECURITY_CODE":"01458","SECURITY_NAME_ABBR":"周黑鸭","ORG_CODE":"10540670","STD_REPORT_DATE":"2021-12-31 00:00:00","REPORT_DATE":"2021-12-31 00:00:00","DATE_TYPE_CODE":"001","REPORT_TYPE":"2021年年报","PER_NETCASH_OPERATE":0.226522103921,"PER_OI":1.204277716736,"BPS":1.897989405396,"BASIC_EPS":0.15,"DILUTED_EPS":0.15,"OPERATE_INCOME":2869963000,"OPERATE_INCOME_YOY":31.5590359303,"GROSS_PROFIT":1658393000,"GROSS_PROFIT_YOY":37.039604811281,"HOLDER_PROFIT":342424000,"HOLDER_PROFIT_YOY":126.4394495474,"GROSS_PROFIT_RATIO":57.784473179619,"EPS_TTM":0.143686031101,"OPERATE_INCOME_QOQ":5.088201994578,"NET_PROFIT_RATIO":11.931303644,"ROE_AVG":8.240100269986,"GROSS_PROFIT_QOQ":5.332579623802,"ROA":5.053137602906,"HOLDER_PROFIT_QOQ":-19.043149530346,"ROE_YEARLY":8.240100269986,"ROIC_YEARLY":6.940966997042,"TOTAL_ASSETS":6638035000,"TOTAL_LIABILITIES":2427727000,"TAX_EBT":24.072817579104,"OCF_SALES":18.809789533872,"TOTAL_PARENT_EQUITY":4210308000,"DEBT_ASSET_RATIO":36.5729767921,"OPERATE_PROFIT":483491000,"PRETAX_PROFIT":450990000,"NETCASH_OPERATE":539834000,"NETCASH_INVEST":-57629000,"NETCASH_FINANCE":-470117000,"END_CASH":271493000,"DIVI_RATIO":0.315347286392,"DIVIDEND_RATE":2.958579881657,"CURRENT_RATIO":4.369556540918,"COMMON_ACS":50000000000,"CURRENTDEBT_DEBT":35.708792627837,"ISSUED_COMMON_SHARES":2218299000,"HK_COMMON_SHARES":2218299000,"PER_SHARES":500,"TOTAL_MARKET_CAP":3748925310,"HKSK_MARKET_CAP":3748925310,"PE_TTM":70.406778872286,"PB_TTM":0.925010672467,"REPORT_DATE_SQ":"2020-12-31 00:00:00","REPORT_TYPE_SQ":"2020年年报","OPERATE_INCOME_SQ":2181502000,"DPS_HKD":0.05,"OPERATE_INCOME_QOQ_SQ":-11.449311424145,"NET_PROFIT_RATIO_SQ":6.9319670576,"HOLDER_PROFIT_SQ":151221000,"HOLDER_PROFIT_QOQ_SQ":7.09778397864,"ROE_AVG_SQ":3.626723803617,"PE_TTM_SQ":37.221723938867,"PB_TTM_SQ":0.950810118231,"ROA_SQ":2.440267143098,"START_DATE":"2021-01-01 00:00:00","FISCAL_YEAR":"12-31","CURRENCY":"HKD","IS_CNY_CODE":0,"DPS_HKD_LY":0.08,"ORG_TYPE":"一般企业","PREMIUM_INCOME":null,"PREMIUM_INCOME_YOY":null,"NET_INTEREST_INCOME":null,"NET_INTEREST_INCOME_YOY":null,"FEE_COMMISSION_INCOME":null,"FEE_COMMISSION_INCOME_YOY":null,"ACCOUNTS_RECE_TDAYS":41.051959290808,"INVENTORY_TDAYS":4.198617984225,"CURRENT_ASSETS_TDAYS":0.707563981127,"TOTAL_ASSETS_TDAYS":0.42351931974,"PREMIUM_EXPENSE":null,"LOAN_DEPOSIT":null,"LOAN_EQUITY":null,"LOAN_ASSETS":null,"DEPOSIT_EQUITY":null,"DEPOSIT_ASSETS":null,"EQUITY_MULTIPLIER":1.576615059991,"EQUITY_RATIO":0.576615059991},{"SECUCODE":"01458.HK","SECURITY_CODE":"01458","SECURITY_NAME_ABBR":"周黑鸭","ORG_CODE":"10540670","STD_REPORT_DATE":"2021-06-30 00:00:00","REPORT_DATE":"2021-06-30 00:00:00","DATE_TYPE_CODE":"002","REPORT_TYPE":"2021年中报","PER_NETCASH_OPERATE":0.135257656861,"PER_OI":0.609687930695,"BPS":1.883544102937,"BASIC_EPS":0.1,"DILUTED_EPS":0.1,"OPERATE_INCOME":1452972000,"OPERATE_INCOME_YOY":60.8212779616,"GROSS_PROFIT":857207000,"GROSS_PROFIT_YOY":73.901056543755,"HOLDER_PROFIT":229556000,"HOLDER_PROFIT_YOY":644.0489169076,"GROSS_PROFIT_RATIO":58.996801039525,"EPS_TTM":0.177484709777,"OPERATE_INCOME_QOQ":25.189158662243,"NET_PROFIT_RATIO":15.7990656393,"ROE_AVG":5.545422295639,"GROSS_PROFIT_QOQ":30.101821583333,"ROA":3.350894353756,"HOLDER_PROFIT_QOQ":179.703877107016,"ROE_YEARLY":11.090844591277,"ROIC_YEARLY":9.46474757141,"TOTAL_ASSETS":6786287000,"TOTAL_LIABILITIES":2608023000,"TAX_EBT":27.95711748128,"OCF_SALES":22.184735837993,"TOTAL_PARENT_EQUITY":4178264000,"DEBT_ASSET_RATIO":38.4307796001,"OPERATE_PROFIT":329505000,"PRETAX_PROFIT":318638000,"NETCASH_OPERATE":322338000,"NETCASH_INVEST":25765000,"NETCASH_FINANCE":-224767000,"END_CASH":380903000,"DIVI_RATIO":0.255295231104,"DIVIDEND_RATE":2.958579881657,"CURRENT_RATIO":4.036110170657,"COMMON_ACS":50000000000,"CURRENTDEBT_DEBT":39.29869483513,"ISSUED_COMMON_SHARES":2218299000,"HK_COMMON_SHARES":2218299000,"PER_SHARES":500,"TOTAL_MARKET_CAP":3748925310,"HKSK_MARKET_CAP":3748925310,"PE_TTM":70.406778872286,"PB_TTM":0.925010672467,"REPORT_DATE_SQ":"2020-06-30 00:00:00","REPORT_TYPE_SQ":"2020年中报","OPERATE_INCOME_SQ":903470000,"DPS_HKD":0.05,"OPERATE_INCOME_QOQ_SQ":-22.676331747247,"NET_PROFIT_RATIO_SQ":-4.6702159452,"HOLDER_PROFIT_SQ":-42194000,"HOLDER_PROFIT_QOQ_SQ":-65.345516483085,"ROE_AVG_SQ":-1.025560380129,"PE_TTM_SQ":37.221723938867,"PB_TTM_SQ":0.950810118231,"ROA_SQ":-0.776944520298,"START_DATE":"2021-01-01 00:00:00","FISCAL_YEAR":"12-31","CURRENCY":"HKD","IS_CNY_CODE":0,"DPS_HKD_LY":0.08,"ORG_TYPE":"一般企业","PREMIUM_INCOME":null,"PREMIUM_INCOME_YOY":null,"NET_INTEREST_INCOME":null,"NET_INTEREST_INCOME_YOY":null,"FEE_COMMISSION_INCOME":null,"FEE_COMMISSION_INCOME_YOY":null,"ACCOUNTS_RECE_TDAYS":21.158605223495,"INVENTORY_TDAYS":2.179359615462,"CURRENT_ASSETS_TDAYS":0.343455620152,"TOTAL_ASSETS_TDAYS":0.212094463702,"PREMIUM_EXPENSE":null,"LOAN_DEPOSIT":null,"LOAN_EQUITY":null,"LOAN_ASSETS":null,"DEPOSIT_EQUITY":null,"DEPOSIT_ASSETS":null,"EQUITY_MULTIPLIER":1.624188179589,"EQUITY_RATIO":0.624188179588},{"SECUCODE":"01458.HK","SECURITY_CODE":"01458","SECURITY_NAME_ABBR":"周黑鸭","ORG_CODE":"10540670","STD_REPORT_DATE":"2020-12-31 00:00:00","REPORT_DATE":"2020-12-31 00:00:00","DATE_TYPE_CODE":"001","REPORT_TYPE":"2020年年报","PER_NETCASH_OPERATE":0.224409345567,"PER_OI":0.915389587815,"BPS":1.848647544808,"BASIC_EPS":0.07,"DILUTED_EPS":0.07,"OPERATE_INCOME":2181502000,"OPERATE_INCOME_YOY":-31.5293593301,"GROSS_PROFIT":1210156000,"GROSS_PROFIT_YOY":-32.82136116354,"HOLDER_PROFIT":151221000,"HOLDER_PROFIT_YOY":-62.8858161041,"GROSS_PROFIT_RATIO":55.473522371284,"EPS_TTM":0.063454504676,"OPERATE_INCOME_QOQ":-11.449311424145,"NET_PROFIT_RATIO":6.9319670576,"ROE_AVG":3.626723803617,"GROSS_PROFIT_QOQ":-12.667939192968,"ROA":2.440267143098,"HOLDER_PROFIT_QOQ":7.09778397864,"ROE_YEARLY":3.626723803617,"ROIC_YEARLY":3.159557100803,"TOTAL_ASSETS":6914891000,"TOTAL_LIABILITIES":2814038000,"TAX_EBT":24.411420688001,"OCF_SALES":24.515173490558,"TOTAL_PARENT_EQUITY":4100853000,"DEBT_ASSET_RATIO":40.6953341708,"OPERATE_PROFIT":212961000,"PRETAX_PROFIT":200058000,"NETCASH_OPERATE":534799000,"NETCASH_INVEST":-1544524000,"NETCASH_FINANCE":1101212000,"END_CASH":271401000,"DIVI_RATIO":0.714070659469,"DIVIDEND_RATE":2.958579881657,"CURRENT_RATIO":3.427882103841,"COMMON_ACS":50000000000,"CURRENTDEBT_DEBT":44.828214828656,"ISSUED_COMMON_SHARES":2218299000,"HK_COMMON_SHARES":2218299000,"PER_SHARES":500,"TOTAL_MARKET_CAP":3748925310,"HKSK_MARKET_CAP":3748925310,"PE_TTM":70.406778872286,"PB_TTM":0.925010672467,"REPORT_DATE_SQ":"2019-12-31 00:00:00","REPORT_TYPE_SQ":"2019年年报","OPERATE_INCOME_SQ":3186040000,"DPS_HKD":0.05,"OPERATE_INCOME_QOQ_SQ":-1.692315002749,"NET_PROFIT_RATIO_SQ":12.7885400058,"HOLDER_PROFIT_SQ":407448000,"HOLDER_PROFIT_QOQ_SQ":-5.822201984574,"ROE_AVG_SQ":9.742763012852,"PE_TTM_SQ":37.221723938867,"PB_TTM_SQ":0.950810118231,"ROA_SQ":8.040397745599,"START_DATE":"2020-01-01 00:00:00","FISCAL_YEAR":"12-31","CURRENCY":"HKD","IS_CNY_CODE":0,"DPS_HKD_LY":0.11,"ORG_TYPE":"一般企业","PREMIUM_INCOME":null,"PREMIUM_INCOME_YOY":null,"NET_INTEREST_INCOME":null,"NET_INTEREST_INCOME_YOY":null,"FEE_COMMISSION_INCOME":null,"FEE_COMMISSION_INCOME_YOY":null,"ACCOUNTS_RECE_TDAYS":42.919718656239,"INVENTORY_TDAYS":3.155877637151,"CURRENT_ASSETS_TDAYS":0.61568173672,"TOTAL_ASSETS_TDAYS":0.352030978052,"PREMIUM_EXPENSE":null,"LOAN_DEPOSIT":null,"LOAN_EQUITY":null,"LOAN_ASSETS":null,"DEPOSIT_EQUITY":null,"DEPOSIT_ASSETS":null,"EQUITY_MULTIPLIER":1.686207966975,"EQUITY_RATIO":0.686207966977},{"SECUCODE":"01458.HK","SECURITY_CODE":"01458","SECURITY_NAME_ABBR":"周黑鸭","ORG_CODE":"10540670","STD_REPORT_DATE":"2020-06-30 00:00:00","REPORT_DATE":"2020-06-30 00:00:00","DATE_TYPE_CODE":"002","REPORT_TYPE":"2020年中报","PER_NETCASH_OPERATE":0.025187352571,"PER_OI":0.379108995042,"BPS":1.79870612573,"BASIC_EPS":-0.02,"DILUTED_EPS":-0.02,"OPERATE_INCOME":903470000,"OPERATE_INCOME_YOY":-44.4342281759,"GROSS_PROFIT":492928000,"GROSS_PROFIT_YOY":-45.750594574487,"HOLDER_PROFIT":-42194000,"HOLDER_PROFIT_YOY":-118.8319832184,"GROSS_PROFIT_RATIO":54.559420899421,"EPS_TTM":0.059249129458,"OPERATE_INCOME_QOQ":-22.676331747247,"NET_PROFIT_RATIO":-4.6702159452,"ROE_AVG":-1.025560380129,"GROSS_PROFIT_QOQ":-23.076773620517,"ROA":-0.776944520298,"HOLDER_PROFIT_QOQ":-65.345516483085,"ROE_YEARLY":-2.051120760257,"ROIC_YEARLY":-2.002511325942,"TOTAL_ASSETS":5382606000,"TOTAL_LIABILITIES":1392538000,"TAX_EBT":18.119190390251,"OCF_SALES":6.64382879343,"TOTAL_PARENT_EQUITY":3990068000,"DEBT_ASSET_RATIO":25.8710743458,"OPERATE_PROFIT":-28289000,"PRETAX_PROFIT":-51531000,"NETCASH_OPERATE":60025000,"NETCASH_INVEST":222735000,"NETCASH_FINANCE":-129037000,"END_CASH":358390000,"DIVI_RATIO":0.764753852333,"DIVIDEND_RATE":2.958579881657,"CURRENT_RATIO":2.521369343652,"COMMON_ACS":50000000000,"CURRENTDEBT_DEBT":80.498700933116,"ISSUED_COMMON_SHARES":2218299000,"HK_COMMON_SHARES":2218299000,"PER_SHARES":500,"TOTAL_MARKET_CAP":3748925310,"HKSK_MARKET_CAP":3748925310,"PE_TTM":70.406778872286,"PB_TTM":0.925010672467,"REPORT_DATE_SQ":"2019-06-30 00:00:00","REPORT_TYPE_SQ":"2019年中报","OPERATE_INCOME_SQ":1625947000,"DPS_HKD":0.05,"OPERATE_INCOME_QOQ_SQ":0.914364252951,"NET_PROFIT_RATIO_SQ":13.7799694578,"HOLDER_PROFIT_SQ":224055000,"HOLDER_PROFIT_QOQ_SQ":-19.895832754729,"ROE_AVG_SQ":5.492701893046,"PE_TTM_SQ":37.221723938867,"PB_TTM_SQ":0.950810118231,"ROA_SQ":4.664822640239,"START_DATE":"2020-01-01 00:00:00","FISCAL_YEAR":"12-31","CURRENCY":"HKD","IS_CNY_CODE":0,"DPS_HKD_LY":0.11,"ORG_TYPE":"一般企业","PREMIUM_INCOME":null,"PREMIUM_INCOME_YOY":null,"NET_INTEREST_INCOME":null,"NET_INTEREST_INCOME_YOY":null,"FEE_COMMISSION_INCOME":null,"FEE_COMMISSION_INCOME_YOY":null,"ACCOUNTS_RECE_TDAYS":25.561827158398,"INVENTORY_TDAYS":1.099553661702,"CURRENT_ASSETS_TDAYS":0.32332391601,"TOTAL_ASSETS_TDAYS":0.166361583579,"PREMIUM_EXPENSE":null,"LOAN_DEPOSIT":null,"LOAN_EQUITY":null,"LOAN_ASSETS":null,"DEPOSIT_EQUITY":null,"DEPOSIT_ASSETS":null,"EQUITY_MULTIPLIER":1.349001069656,"EQUITY_RATIO":0.349001069656}],"count":21},"success":true,"message":"ok","code":0}