{"version":"2e772f25aea1554ef1b6c07e26e39302","result":{"pages":3,"data":[{"SECUCODE":"01459.HK","SECURITY_CODE":"01459","SECURITY_NAME_ABBR":"巨匠建设","ORG_CODE":"10487229","STD_REPORT_DATE":"2024-06-30 00:00:00","REPORT_DATE":"2024-06-30 00:00:00","DATE_TYPE_CODE":"002","REPORT_TYPE":"2024年中报","PER_NETCASH_OPERATE":-0.135420728964,"PER_OI":7.187749362532,"BPS":3.026244937753,"BASIC_EPS":0.03,"DILUTED_EPS":0.03,"OPERATE_INCOME":3833658000,"OPERATE_INCOME_YOY":-8.028591889,"GROSS_PROFIT":155935000,"GROSS_PROFIT_YOY":-3.054436486621,"HOLDER_PROFIT":14830000,"HOLDER_PROFIT_YOY":-52.293637007,"GROSS_PROFIT_RATIO":4.067525063529,"EPS_TTM":-0.010664466777,"OPERATE_INCOME_QOQ":-4.0247030904,"NET_PROFIT_RATIO":0.4395019065,"ROE_AVG":0.920143003749,"GROSS_PROFIT_QOQ":-1.427645706747,"ROA":0.220872610642,"HOLDER_PROFIT_QOQ":-153.822861468584,"ROE_YEARLY":1.840286007498,"ROIC_YEARLY":0.457155152463,"TOTAL_ASSETS":6603179000,"TOTAL_LIABILITIES":4959251000,"TAX_EBT":1.490879326473,"OCF_SALES":-1.884049124883,"TOTAL_PARENT_EQUITY":1614078000,"DEBT_ASSET_RATIO":75.1039915774,"OPERATE_PROFIT":33391000,"PRETAX_PROFIT":17104000,"NETCASH_OPERATE":-72228000,"NETCASH_INVEST":7872000,"NETCASH_FINANCE":-69072000,"END_CASH":129460000,"DIVI_RATIO":-1.699513007032,"DIVIDEND_RATE":6.060606060606,"CURRENT_RATIO":1.262703259805,"COMMON_ACS":null,"CURRENTDEBT_DEBT":97.550497040783,"ISSUED_COMMON_SHARES":533360000,"HK_COMMON_SHARES":133360000,"PER_SHARES":2000,"TOTAL_MARKET_CAP":176008800,"HKSK_MARKET_CAP":44008800,"PE_TTM":-30.314516892502,"PB_TTM":0.099524131785,"REPORT_DATE_SQ":"2023-06-30 00:00:00","REPORT_TYPE_SQ":"2023年中报","OPERATE_INCOME_SQ":4168315000,"DPS_HKD":0.02,"OPERATE_INCOME_QOQ_SQ":-0.54164158363,"NET_PROFIT_RATIO_SQ":0.7503751516,"HOLDER_PROFIT_SQ":31086000,"HOLDER_PROFIT_QOQ_SQ":-6.978948327713,"ROE_AVG_SQ":1.914305780882,"PE_TTM_SQ":5.106763353759,"PB_TTM_SQ":0.156879311555,"ROA_SQ":0.480762167176,"START_DATE":"2024-01-01 00:00:00","FISCAL_YEAR":"12-31","CURRENCY":"HKD","IS_CNY_CODE":0,"DPS_HKD_LY":0.02,"ORG_TYPE":"一般企业","PREMIUM_INCOME":null,"PREMIUM_INCOME_YOY":null,"NET_INTEREST_INCOME":null,"NET_INTEREST_INCOME_YOY":null,"FEE_COMMISSION_INCOME":null,"FEE_COMMISSION_INCOME_YOY":null,"ACCOUNTS_RECE_TDAYS":1.552874126582,"INVENTORY_TDAYS":148.157877774644,"CURRENT_ASSETS_TDAYS":0.616837447787,"TOTAL_ASSETS_TDAYS":0.570971038954,"PREMIUM_EXPENSE":null,"LOAN_DEPOSIT":null,"LOAN_EQUITY":null,"LOAN_ASSETS":null,"DEPOSIT_EQUITY":null,"DEPOSIT_ASSETS":null,"EQUITY_MULTIPLIER":4.01670815267,"EQUITY_RATIO":3.072497735549},{"SECUCODE":"01459.HK","SECURITY_CODE":"01459","SECURITY_NAME_ABBR":"巨匠建设","ORG_CODE":"10487229","STD_REPORT_DATE":"2023-12-31 00:00:00","REPORT_DATE":"2023-12-31 00:00:00","DATE_TYPE_CODE":"001","REPORT_TYPE":"2023年年报","PER_NETCASH_OPERATE":0.242959727014,"PER_OI":15.589982375881,"BPS":3.017350382481,"BASIC_EPS":0.02,"DILUTED_EPS":0.02,"OPERATE_INCOME":8315073000,"OPERATE_INCOME_YOY":-2.7658345881,"GROSS_PROFIT":344133000,"GROSS_PROFIT_YOY":-5.362029089929,"HOLDER_PROFIT":10568000,"HOLDER_PROFIT_YOY":-80.7381755217,"GROSS_PROFIT_RATIO":4.138664807874,"EPS_TTM":0.0198140093,"OPERATE_INCOME_QOQ":-2.236305766408,"NET_PROFIT_RATIO":0.1446770221,"ROE_AVG":0.654949101692,"GROSS_PROFIT_QOQ":-2.449720076536,"ROA":0.158659953945,"HOLDER_PROFIT_QOQ":-79.293048044518,"ROE_YEARLY":0.654949101692,"ROIC_YEARLY":0.165376100352,"TOTAL_ASSETS":6825376000,"TOTAL_LIABILITIES":5186248000,"TAX_EBT":-14.3536121673,"OCF_SALES":1.558434904901,"TOTAL_PARENT_EQUITY":1609334000,"DEBT_ASSET_RATIO":75.9847955629,"OPERATE_PROFIT":51429000,"PRETAX_PROFIT":10520000,"NETCASH_OPERATE":129585000,"NETCASH_INVEST":-14721000,"NETCASH_FINANCE":-72279000,"END_CASH":263550000,"DIVI_RATIO":0.914726531416,"DIVIDEND_RATE":5.882352941176,"CURRENT_RATIO":1.252351116431,"COMMON_ACS":null,"CURRENTDEBT_DEBT":97.326660815295,"ISSUED_COMMON_SHARES":533360000,"HK_COMMON_SHARES":133360000,"PER_SHARES":2000,"TOTAL_MARKET_CAP":181342400,"HKSK_MARKET_CAP":45342400,"PE_TTM":-31.233138616517,"PB_TTM":0.102540014567,"REPORT_DATE_SQ":"2022-12-31 00:00:00","REPORT_TYPE_SQ":"2022年年报","OPERATE_INCOME_SQ":8551596000,"DPS_HKD":0.02,"OPERATE_INCOME_QOQ_SQ":-6.580793842955,"NET_PROFIT_RATIO_SQ":0.6524513085,"HOLDER_PROFIT_SQ":54865000,"HOLDER_PROFIT_QOQ_SQ":4.9264663696,"ROE_AVG_SQ":3.429597302829,"PE_TTM_SQ":5.008556366187,"PB_TTM_SQ":0.153862401718,"ROA_SQ":0.866821519609,"START_DATE":"2023-01-01 00:00:00","FISCAL_YEAR":"12-31","CURRENCY":"HKD","IS_CNY_CODE":0,"DPS_HKD_LY":0.04,"ORG_TYPE":"一般企业","PREMIUM_INCOME":null,"PREMIUM_INCOME_YOY":null,"NET_INTEREST_INCOME":null,"NET_INTEREST_INCOME_YOY":null,"FEE_COMMISSION_INCOME":null,"FEE_COMMISSION_INCOME_YOY":null,"ACCOUNTS_RECE_TDAYS":3.887107514861,"INVENTORY_TDAYS":315.830889927887,"CURRENT_ASSETS_TDAYS":1.350681739049,"TOTAL_ASSETS_TDAYS":1.248362130235,"PREMIUM_EXPENSE":null,"LOAN_DEPOSIT":null,"LOAN_EQUITY":null,"LOAN_ASSETS":null,"DEPOSIT_EQUITY":null,"DEPOSIT_ASSETS":null,"EQUITY_MULTIPLIER":4.164028678661,"EQUITY_RATIO":3.222605127338},{"SECUCODE":"01459.HK","SECURITY_CODE":"01459","SECURITY_NAME_ABBR":"巨匠建设","ORG_CODE":"10487229","STD_REPORT_DATE":"2023-06-30 00:00:00","REPORT_DATE":"2023-06-30 00:00:00","DATE_TYPE_CODE":"002","REPORT_TYPE":"2023年中报","PER_NETCASH_OPERATE":0.051529923504,"PER_OI":7.815199865007,"BPS":3.056040947953,"BASIC_EPS":0.06,"DILUTED_EPS":0.06,"OPERATE_INCOME":4168315000,"OPERATE_INCOME_YOY":-1.0990040891,"GROSS_PROFIT":160848000,"GROSS_PROFIT_YOY":-6.322508503005,"HOLDER_PROFIT":31086000,"HOLDER_PROFIT_YOY":-10.9666332522,"GROSS_PROFIT_RATIO":3.858825448653,"EPS_TTM":0.095687715614,"OPERATE_INCOME_QOQ":-0.54164158363,"NET_PROFIT_RATIO":0.7503751516,"ROE_AVG":1.914305780882,"GROSS_PROFIT_QOQ":-2.9854440353,"ROA":0.480762167176,"HOLDER_PROFIT_QOQ":-6.978948327713,"ROE_YEARLY":3.828611561764,"ROIC_YEARLY":0.999197389217,"TOTAL_ASSETS":6435770000,"TOTAL_LIABILITIES":4776556000,"TAX_EBT":5.01381760758,"OCF_SALES":0.659355159099,"TOTAL_PARENT_EQUITY":1629970000,"DEBT_ASSET_RATIO":74.2188735769,"OPERATE_PROFIT":54148000,"PRETAX_PROFIT":32929000,"NETCASH_OPERATE":27484000,"NETCASH_INVEST":-13535000,"NETCASH_FINANCE":-24704000,"END_CASH":210671000,"DIVI_RATIO":0.189411983384,"DIVIDEND_RATE":5.882352941176,"CURRENT_RATIO":1.280660293842,"COMMON_ACS":null,"CURRENTDEBT_DEBT":96.959650425955,"ISSUED_COMMON_SHARES":533360000,"HK_COMMON_SHARES":133360000,"PER_SHARES":2000,"TOTAL_MARKET_CAP":181342400,"HKSK_MARKET_CAP":45342400,"PE_TTM":-31.233138616517,"PB_TTM":0.102540014567,"REPORT_DATE_SQ":"2022-06-30 00:00:00","REPORT_TYPE_SQ":"2022年中报","OPERATE_INCOME_SQ":4214634000,"DPS_HKD":0.02,"OPERATE_INCOME_QOQ_SQ":-8.896629345211,"NET_PROFIT_RATIO_SQ":0.8189085932,"HOLDER_PROFIT_SQ":34915000,"HOLDER_PROFIT_QOQ_SQ":-44.267274917129,"ROE_AVG_SQ":2.196197869786,"PE_TTM_SQ":5.008556366187,"PB_TTM_SQ":0.153862401718,"ROA_SQ":0.586322686213,"START_DATE":"2023-01-01 00:00:00","FISCAL_YEAR":"12-31","CURRENCY":"HKD","IS_CNY_CODE":0,"DPS_HKD_LY":0.04,"ORG_TYPE":"一般企业","PREMIUM_INCOME":null,"PREMIUM_INCOME_YOY":null,"NET_INTEREST_INCOME":null,"NET_INTEREST_INCOME_YOY":null,"FEE_COMMISSION_INCOME":null,"FEE_COMMISSION_INCOME_YOY":null,"ACCOUNTS_RECE_TDAYS":1.884587674742,"INVENTORY_TDAYS":150.889227757069,"CURRENT_ASSETS_TDAYS":0.699252537409,"TOTAL_ASSETS_TDAYS":0.644652947587,"PREMIUM_EXPENSE":null,"LOAN_DEPOSIT":null,"LOAN_EQUITY":null,"LOAN_ASSETS":null,"DEPOSIT_EQUITY":null,"DEPOSIT_ASSETS":null,"EQUITY_MULTIPLIER":3.878806471016,"EQUITY_RATIO":2.930456388768},{"SECUCODE":"01459.HK","SECURITY_CODE":"01459","SECURITY_NAME_ABBR":"巨匠建设","ORG_CODE":"10487229","STD_REPORT_DATE":"2022-12-31 00:00:00","REPORT_DATE":"2022-12-31 00:00:00","DATE_TYPE_CODE":"001","REPORT_TYPE":"2022年年报","PER_NETCASH_OPERATE":0.142648492575,"PER_OI":16.033440827959,"BPS":3.033198965052,"BASIC_EPS":0.1,"DILUTED_EPS":0.1,"OPERATE_INCOME":8551596000,"OPERATE_INCOME_YOY":-14.891954352,"GROSS_PROFIT":363631000,"GROSS_PROFIT_YOY":-22.809404732085,"HOLDER_PROFIT":54865000,"HOLDER_PROFIT_YOY":-41.5216209591,"GROSS_PROFIT_RATIO":4.252200407971,"EPS_TTM":0.102866731663,"OPERATE_INCOME_QOQ":-6.580793842955,"NET_PROFIT_RATIO":0.6524513085,"ROE_AVG":3.429597302829,"GROSS_PROFIT_QOQ":-12.750616644112,"ROA":0.866821519609,"HOLDER_PROFIT_QOQ":4.9264663696,"ROE_YEARLY":3.429597302829,"ROIC_YEARLY":0.904109516805,"TOTAL_ASSETS":6496196000,"TOTAL_LIABILITIES":4851891000,"TAX_EBT":-1.307308216069,"OCF_SALES":0.889693572989,"TOTAL_PARENT_EQUITY":1617787000,"DEBT_ASSET_RATIO":74.6881867481,"OPERATE_PROFIT":98869000,"PRETAX_PROFIT":55075000,"NETCASH_OPERATE":69212000,"NETCASH_INVEST":-28555000,"NETCASH_FINANCE":-67679000,"END_CASH":221145000,"DIVI_RATIO":0.176193018937,"DIVIDEND_RATE":5.882352941176,"CURRENT_RATIO":1.276661455069,"COMMON_ACS":null,"CURRENTDEBT_DEBT":96.719794405934,"ISSUED_COMMON_SHARES":533360000,"HK_COMMON_SHARES":133360000,"PER_SHARES":2000,"TOTAL_MARKET_CAP":181342400,"HKSK_MARKET_CAP":45342400,"PE_TTM":-31.233138616517,"PB_TTM":0.102540014567,"REPORT_DATE_SQ":"2021-12-31 00:00:00","REPORT_TYPE_SQ":"2021年年报","OPERATE_INCOME_SQ":10047929000,"DPS_HKD":0.02,"OPERATE_INCOME_QOQ_SQ":7.136723119987,"NET_PROFIT_RATIO_SQ":0.9298433538,"HOLDER_PROFIT_SQ":93821000,"HOLDER_PROFIT_QOQ_SQ":-30.497299779982,"ROE_AVG_SQ":6.07711939061,"PE_TTM_SQ":5.008556366187,"PB_TTM_SQ":0.153862401718,"ROA_SQ":1.570384293981,"START_DATE":"2022-01-01 00:00:00","FISCAL_YEAR":"12-31","CURRENCY":"HKD","IS_CNY_CODE":0,"DPS_HKD_LY":0.04,"ORG_TYPE":"一般企业","PREMIUM_INCOME":null,"PREMIUM_INCOME_YOY":null,"NET_INTEREST_INCOME":null,"NET_INTEREST_INCOME_YOY":null,"FEE_COMMISSION_INCOME":null,"FEE_COMMISSION_INCOME_YOY":null,"ACCOUNTS_RECE_TDAYS":3.686801901776,"INVENTORY_TDAYS":324.14746634996,"CURRENT_ASSETS_TDAYS":1.465654051597,"TOTAL_ASSETS_TDAYS":1.351081279467,"PREMIUM_EXPENSE":null,"LOAN_DEPOSIT":null,"LOAN_EQUITY":null,"LOAN_ASSETS":null,"DEPOSIT_EQUITY":null,"DEPOSIT_ASSETS":null,"EQUITY_MULTIPLIER":3.950724470223,"EQUITY_RATIO":2.999091351334},{"SECUCODE":"01459.HK","SECURITY_CODE":"01459","SECURITY_NAME_ABBR":"巨匠建设","ORG_CODE":"10487229","STD_REPORT_DATE":"2022-06-30 00:00:00","REPORT_DATE":"2022-06-30 00:00:00","DATE_TYPE_CODE":"002","REPORT_TYPE":"2022年中报","PER_NETCASH_OPERATE":0.132332758362,"PER_OI":7.902043647818,"BPS":2.99586020699,"BASIC_EPS":0.07,"DILUTED_EPS":0.07,"OPERATE_INCOME":4214634000,"OPERATE_INCOME_YOY":-17.4986067505,"GROSS_PROFIT":171704000,"GROSS_PROFIT_YOY":-24.029484899166,"HOLDER_PROFIT":34915000,"HOLDER_PROFIT_YOY":-54.3278349706,"GROSS_PROFIT_RATIO":4.073995511829,"EPS_TTM":0.098036973151,"OPERATE_INCOME_QOQ":-8.896629345211,"NET_PROFIT_RATIO":0.8189085932,"ROE_AVG":2.196197869786,"GROSS_PROFIT_QOQ":-11.528778429233,"ROA":0.586322686213,"HOLDER_PROFIT_QOQ":-44.267274917129,"ROE_YEARLY":4.392395739571,"ROIC_YEARLY":1.232439654271,"TOTAL_ASSETS":5747128000,"TOTAL_LIABILITIES":4123399000,"TAX_EBT":9.450099695666,"OCF_SALES":1.674664988704,"TOTAL_PARENT_EQUITY":1597872000,"DEBT_ASSET_RATIO":71.7471230848,"OPERATE_PROFIT":57627000,"PRETAX_PROFIT":38116000,"NETCASH_OPERATE":70581000,"NETCASH_INVEST":-13838000,"NETCASH_FINANCE":-27363000,"END_CASH":277547000,"DIVI_RATIO":0.184873108761,"DIVIDEND_RATE":5.882352941176,"CURRENT_RATIO":1.326368125819,"COMMON_ACS":null,"CURRENTDEBT_DEBT":96.135154516941,"ISSUED_COMMON_SHARES":533360000,"HK_COMMON_SHARES":133360000,"PER_SHARES":2000,"TOTAL_MARKET_CAP":181342400,"HKSK_MARKET_CAP":45342400,"PE_TTM":-31.233138616517,"PB_TTM":0.102540014567,"REPORT_DATE_SQ":"2021-06-30 00:00:00","REPORT_TYPE_SQ":"2021年中报","OPERATE_INCOME_SQ":5108561000,"DPS_HKD":0.02,"OPERATE_INCOME_QOQ_SQ":17.119675912339,"NET_PROFIT_RATIO_SQ":1.4995220768,"HOLDER_PROFIT_SQ":76447000,"HOLDER_PROFIT_QOQ_SQ":17.024559821761,"ROE_AVG_SQ":4.979040964559,"PE_TTM_SQ":5.008556366187,"PB_TTM_SQ":0.153862401718,"ROA_SQ":1.349272970134,"START_DATE":"2022-01-01 00:00:00","FISCAL_YEAR":"12-31","CURRENCY":"HKD","IS_CNY_CODE":0,"DPS_HKD_LY":0.04,"ORG_TYPE":"一般企业","PREMIUM_INCOME":null,"PREMIUM_INCOME_YOY":null,"NET_INTEREST_INCOME":null,"NET_INTEREST_INCOME_YOY":null,"FEE_COMMISSION_INCOME":null,"FEE_COMMISSION_INCOME_YOY":null,"ACCOUNTS_RECE_TDAYS":1.834554117843,"INVENTORY_TDAYS":161.791624147108,"CURRENT_ASSETS_TDAYS":0.770777691702,"TOTAL_ASSETS_TDAYS":0.70775756216,"PREMIUM_EXPENSE":null,"LOAN_DEPOSIT":null,"LOAN_EQUITY":null,"LOAN_ASSETS":null,"DEPOSIT_EQUITY":null,"DEPOSIT_ASSETS":null,"EQUITY_MULTIPLIER":3.539462558101,"EQUITY_RATIO":2.580556515165},{"SECUCODE":"01459.HK","SECURITY_CODE":"01459","SECURITY_NAME_ABBR":"巨匠建设","ORG_CODE":"10487229","STD_REPORT_DATE":"2021-12-31 00:00:00","REPORT_DATE":"2021-12-31 00:00:00","DATE_TYPE_CODE":"001","REPORT_TYPE":"2021年年报","PER_NETCASH_OPERATE":0.373766311684,"PER_OI":18.838924928754,"BPS":2.965565471726,"BASIC_EPS":0.18,"DILUTED_EPS":0.18,"OPERATE_INCOME":10047929000,"OPERATE_INCOME_YOY":25.4781829012,"GROSS_PROFIT":471082000,"GROSS_PROFIT_YOY":19.945410149537,"HOLDER_PROFIT":93821000,"HOLDER_PROFIT_YOY":-18.6647710033,"GROSS_PROFIT_RATIO":4.688349211066,"EPS_TTM":0.175905579721,"OPERATE_INCOME_QOQ":7.136723119987,"NET_PROFIT_RATIO":0.9298433538,"ROE_AVG":6.07711939061,"GROSS_PROFIT_QOQ":10.345360679853,"ROA":1.570384293981,"HOLDER_PROFIT_QOQ":-30.497299779982,"ROE_YEARLY":6.07711939061,"ROIC_YEARLY":1.636990067631,"TOTAL_ASSETS":6162696000,"TOTAL_LIABILITIES":4554724000,"TAX_EBT":12.483490543946,"OCF_SALES":1.984010834471,"TOTAL_PARENT_EQUITY":1581714000,"DEBT_ASSET_RATIO":73.9079779369,"OPERATE_PROFIT":166546000,"PRETAX_PROFIT":106757000,"NETCASH_OPERATE":199352000,"NETCASH_INVEST":-45783000,"NETCASH_FINANCE":-89830000,"END_CASH":248167000,"DIVI_RATIO":0.103034821458,"DIVIDEND_RATE":5.882352941176,"CURRENT_RATIO":1.295601314337,"COMMON_ACS":null,"CURRENTDEBT_DEBT":96.224074170027,"ISSUED_COMMON_SHARES":533360000,"HK_COMMON_SHARES":133360000,"PER_SHARES":2000,"TOTAL_MARKET_CAP":181342400,"HKSK_MARKET_CAP":45342400,"PE_TTM":-31.233138616517,"PB_TTM":0.102540014567,"REPORT_DATE_SQ":"2020-12-31 00:00:00","REPORT_TYPE_SQ":"2020年年报","OPERATE_INCOME_SQ":8007710000,"DPS_HKD":0.02,"OPERATE_INCOME_QOQ_SQ":8.345239834824,"NET_PROFIT_RATIO_SQ":1.4661245225,"HOLDER_PROFIT_SQ":115351000,"HOLDER_PROFIT_QOQ_SQ":-7.85925393402,"ROE_AVG_SQ":7.911450138749,"PE_TTM_SQ":5.008556366187,"PB_TTM_SQ":0.153862401718,"ROA_SQ":2.041442065005,"START_DATE":"2021-01-01 00:00:00","FISCAL_YEAR":"12-31","CURRENCY":"HKD","IS_CNY_CODE":0,"DPS_HKD_LY":0.04,"ORG_TYPE":"一般企业","PREMIUM_INCOME":null,"PREMIUM_INCOME_YOY":null,"NET_INTEREST_INCOME":null,"NET_INTEREST_INCOME_YOY":null,"FEE_COMMISSION_INCOME":null,"FEE_COMMISSION_INCOME_YOY":null,"ACCOUNTS_RECE_TDAYS":4.11812689478,"INVENTORY_TDAYS":429.956316781898,"CURRENT_ASSETS_TDAYS":1.802106244491,"TOTAL_ASSETS_TDAYS":1.681831347847,"PREMIUM_EXPENSE":null,"LOAN_DEPOSIT":null,"LOAN_EQUITY":null,"LOAN_ASSETS":null,"DEPOSIT_EQUITY":null,"DEPOSIT_ASSETS":null,"EQUITY_MULTIPLIER":3.832589124682,"EQUITY_RATIO":2.879612875653},{"SECUCODE":"01459.HK","SECURITY_CODE":"01459","SECURITY_NAME_ABBR":"巨匠建设","ORG_CODE":"10487229","STD_REPORT_DATE":"2021-06-30 00:00:00","REPORT_DATE":"2021-06-30 00:00:00","DATE_TYPE_CODE":"002","REPORT_TYPE":"2021年中报","PER_NETCASH_OPERATE":0.31416679166,"PER_OI":9.578072971351,"BPS":2.933827058647,"BASIC_EPS":0.14,"DILUTED_EPS":0.14,"OPERATE_INCOME":5108561000,"OPERATE_INCOME_YOY":36.6777992796,"GROSS_PROFIT":226014000,"GROSS_PROFIT_YOY":17.81073262269,"HOLDER_PROFIT":76447000,"HOLDER_PROFIT_YOY":34.5684662641,"GROSS_PROFIT_RATIO":4.424220440942,"EPS_TTM":0.253091720414,"OPERATE_INCOME_QOQ":17.119675912339,"NET_PROFIT_RATIO":1.4995220768,"ROE_AVG":4.979040964559,"GROSS_PROFIT_QOQ":8.700002800785,"ROA":1.349272970134,"HOLDER_PROFIT_QOQ":17.024559821761,"ROE_YEARLY":9.958081929117,"ROIC_YEARLY":2.819252544226,"TOTAL_ASSETS":5545485000,"TOTAL_LIABILITIES":3953893000,"TAX_EBT":24.478971548002,"OCF_SALES":3.280062624289,"TOTAL_PARENT_EQUITY":1564786000,"DEBT_ASSET_RATIO":71.2993182742,"OPERATE_PROFIT":137274000,"PRETAX_PROFIT":101434000,"NETCASH_OPERATE":167564000,"NETCASH_INVEST":-24309000,"NETCASH_FINANCE":-81073000,"END_CASH":246610000,"DIVI_RATIO":0.07161198308,"DIVIDEND_RATE":5.882352941176,"CURRENT_RATIO":1.378429581156,"COMMON_ACS":null,"CURRENTDEBT_DEBT":95.478886252107,"ISSUED_COMMON_SHARES":533360000,"HK_COMMON_SHARES":133360000,"PER_SHARES":2000,"TOTAL_MARKET_CAP":181342400,"HKSK_MARKET_CAP":45342400,"PE_TTM":-31.233138616517,"PB_TTM":0.102540014567,"REPORT_DATE_SQ":"2020-06-30 00:00:00","REPORT_TYPE_SQ":"2020年中报","OPERATE_INCOME_SQ":3737667000,"DPS_HKD":0.02,"OPERATE_INCOME_QOQ_SQ":4.759277837766,"NET_PROFIT_RATIO_SQ":1.5364932189,"HOLDER_PROFIT_SQ":56809000,"HOLDER_PROFIT_QOQ_SQ":-6.374799946154,"ROE_AVG_SQ":3.9761190687,"PE_TTM_SQ":5.008556366187,"PB_TTM_SQ":0.153862401718,"ROA_SQ":1.042176799114,"START_DATE":"2021-01-01 00:00:00","FISCAL_YEAR":"12-31","CURRENCY":"HKD","IS_CNY_CODE":0,"DPS_HKD_LY":0.04,"ORG_TYPE":"一般企业","PREMIUM_INCOME":null,"PREMIUM_INCOME_YOY":null,"NET_INTEREST_INCOME":null,"NET_INTEREST_INCOME_YOY":null,"FEE_COMMISSION_INCOME":null,"FEE_COMMISSION_INCOME_YOY":null,"ACCOUNTS_RECE_TDAYS":2.336431081823,"INVENTORY_TDAYS":202.544885090849,"CURRENT_ASSETS_TDAYS":0.956947253888,"TOTAL_ASSETS_TDAYS":0.901649937026,"PREMIUM_EXPENSE":null,"LOAN_DEPOSIT":null,"LOAN_EQUITY":null,"LOAN_ASSETS":null,"DEPOSIT_EQUITY":null,"DEPOSIT_ASSETS":null,"EQUITY_MULTIPLIER":3.484237794606,"EQUITY_RATIO":2.526794718255},{"SECUCODE":"01459.HK","SECURITY_CODE":"01459","SECURITY_NAME_ABBR":"巨匠建设","ORG_CODE":"10487229","STD_REPORT_DATE":"2020-12-31 00:00:00","REPORT_DATE":"2020-12-31 00:00:00","DATE_TYPE_CODE":"001","REPORT_TYPE":"2020年年报","PER_NETCASH_OPERATE":-0.141956652167,"PER_OI":15.013705564722,"BPS":2.823545072746,"BASIC_EPS":0.22,"DILUTED_EPS":0.22,"OPERATE_INCOME":8007710000,"OPERATE_INCOME_YOY":13.5016908226,"GROSS_PROFIT":392747000,"GROSS_PROFIT_YOY":5.729491956152,"HOLDER_PROFIT":115351000,"HOLDER_PROFIT_YOY":-13.7330421646,"GROSS_PROFIT_RATIO":4.904610681456,"EPS_TTM":0.216272311384,"OPERATE_INCOME_QOQ":8.345239834824,"NET_PROFIT_RATIO":1.4661245225,"ROE_AVG":7.911450138749,"GROSS_PROFIT_QOQ":3.365898336132,"ROA":2.041442065005,"HOLDER_PROFIT_QOQ":-7.85925393402,"ROE_YEARLY":7.911450138749,"ROIC_YEARLY":2.138304166172,"TOTAL_ASSETS":5786099000,"TOTAL_LIABILITIES":4252814000,"TAX_EBT":20.041000074917,"OCF_SALES":-0.945513761113,"TOTAL_PARENT_EQUITY":1505966000,"DEBT_ASSET_RATIO":73.5005398283,"OPERATE_PROFIT":259013000,"PRETAX_PROFIT":146829000,"NETCASH_OPERATE":-75714000,"NETCASH_INVEST":-51351000,"NETCASH_FINANCE":37502000,"END_CASH":184428000,"DIVI_RATIO":0.083803607979,"DIVIDEND_RATE":5.882352941176,"CURRENT_RATIO":1.341620132274,"COMMON_ACS":null,"CURRENTDEBT_DEBT":95.922840735569,"ISSUED_COMMON_SHARES":533360000,"HK_COMMON_SHARES":133360000,"PER_SHARES":2000,"TOTAL_MARKET_CAP":181342400,"HKSK_MARKET_CAP":45342400,"PE_TTM":-31.233138616517,"PB_TTM":0.102540014567,"REPORT_DATE_SQ":"2019-12-31 00:00:00","REPORT_TYPE_SQ":"2019年年报","OPERATE_INCOME_SQ":7055146000,"DPS_HKD":0.02,"OPERATE_INCOME_QOQ_SQ":-0.395023327271,"NET_PROFIT_RATIO_SQ":1.9612918003,"HOLDER_PROFIT_SQ":133714000,"HOLDER_PROFIT_QOQ_SQ":-15.962869155883,"ROE_AVG_SQ":9.886374054719,"PE_TTM_SQ":5.008556366187,"PB_TTM_SQ":0.153862401718,"ROA_SQ":2.424570567743,"START_DATE":"2020-01-01 00:00:00","FISCAL_YEAR":"12-31","CURRENCY":"HKD","IS_CNY_CODE":0,"DPS_HKD_LY":0.04,"ORG_TYPE":"一般企业","PREMIUM_INCOME":null,"PREMIUM_INCOME_YOY":null,"NET_INTEREST_INCOME":null,"NET_INTEREST_INCOME_YOY":null,"FEE_COMMISSION_INCOME":null,"FEE_COMMISSION_INCOME_YOY":null,"ACCOUNTS_RECE_TDAYS":3.928884998677,"INVENTORY_TDAYS":263.065706290807,"CURRENT_ASSETS_TDAYS":1.491106340234,"TOTAL_ASSETS_TDAYS":1.417176794164,"PREMIUM_EXPENSE":null,"LOAN_DEPOSIT":null,"LOAN_EQUITY":null,"LOAN_ASSETS":null,"DEPOSIT_EQUITY":null,"DEPOSIT_ASSETS":null,"EQUITY_MULTIPLIER":3.773661778469,"EQUITY_RATIO":2.823977433753},{"SECUCODE":"01459.HK","SECURITY_CODE":"01459","SECURITY_NAME_ABBR":"巨匠建设","ORG_CODE":"10487229","STD_REPORT_DATE":"2020-06-30 00:00:00","REPORT_DATE":"2020-06-30 00:00:00","DATE_TYPE_CODE":"002","REPORT_TYPE":"2020年中报","PER_NETCASH_OPERATE":-0.223119469027,"PER_OI":7.007775236238,"BPS":2.713784310784,"BASIC_EPS":0.11,"DILUTED_EPS":0.11,"OPERATE_INCOME":3737667000,"OPERATE_INCOME_YOY":9.8702104975,"GROSS_PROFIT":191845000,"GROSS_PROFIT_YOY":4.632644490622,"HOLDER_PROFIT":56809000,"HOLDER_PROFIT_YOY":-13.0470053419,"GROSS_PROFIT_RATIO":5.132747245809,"EPS_TTM":0.234719514024,"OPERATE_INCOME_QOQ":4.759277837766,"NET_PROFIT_RATIO":1.5364932189,"ROE_AVG":3.9761190687,"GROSS_PROFIT_QOQ":2.28662804471,"ROA":1.042176799114,"HOLDER_PROFIT_QOQ":-6.374799946154,"ROE_YEARLY":7.952238137399,"ROIC_YEARLY":2.175336719314,"TOTAL_ASSETS":5387155000,"TOTAL_LIABILITIES":3913844000,"TAX_EBT":21.347375917607,"OCF_SALES":-3.183884492653,"TOTAL_PARENT_EQUITY":1447424000,"DEBT_ASSET_RATIO":72.6514087677,"OPERATE_PROFIT":125211000,"PRETAX_PROFIT":73016000,"NETCASH_OPERATE":-119003000,"NETCASH_INVEST":-12660000,"NETCASH_FINANCE":-12410000,"END_CASH":129918000,"DIVI_RATIO":0.077217269622,"DIVIDEND_RATE":5.882352941176,"CURRENT_RATIO":1.357100119877,"COMMON_ACS":null,"CURRENTDEBT_DEBT":96.253299824929,"ISSUED_COMMON_SHARES":533360000,"HK_COMMON_SHARES":133360000,"PER_SHARES":2000,"TOTAL_MARKET_CAP":181342400,"HKSK_MARKET_CAP":45342400,"PE_TTM":-31.233138616517,"PB_TTM":0.102540014567,"REPORT_DATE_SQ":"2019-06-30 00:00:00","REPORT_TYPE_SQ":"2019年中报","OPERATE_INCOME_SQ":3401893000,"DPS_HKD":0.02,"OPERATE_INCOME_QOQ_SQ":2.713648346221,"NET_PROFIT_RATIO_SQ":2.0082936177,"HOLDER_PROFIT_SQ":65333000,"HOLDER_PROFIT_QOQ_SQ":-7.003670454014,"ROE_AVG_SQ":4.956134195604,"PE_TTM_SQ":5.008556366187,"PB_TTM_SQ":0.153862401718,"ROA_SQ":1.209221869161,"START_DATE":"2020-01-01 00:00:00","FISCAL_YEAR":"12-31","CURRENCY":"HKD","IS_CNY_CODE":0,"DPS_HKD_LY":0.04,"ORG_TYPE":"一般企业","PREMIUM_INCOME":null,"PREMIUM_INCOME_YOY":null,"NET_INTEREST_INCOME":null,"NET_INTEREST_INCOME_YOY":null,"FEE_COMMISSION_INCOME":null,"FEE_COMMISSION_INCOME_YOY":null,"ACCOUNTS_RECE_TDAYS":2.219991803473,"INVENTORY_TDAYS":115.476519247053,"CURRENT_ASSETS_TDAYS":0.720162195438,"TOTAL_ASSETS_TDAYS":0.685685336868,"PREMIUM_EXPENSE":null,"LOAN_DEPOSIT":null,"LOAN_EQUITY":null,"LOAN_ASSETS":null,"DEPOSIT_EQUITY":null,"DEPOSIT_ASSETS":null,"EQUITY_MULTIPLIER":3.656495471763,"EQUITY_RATIO":2.704006566148}],"count":23},"success":true,"message":"ok","code":0}