{"version":"d085f0a59257e26f4abab7517e191713","result":{"pages":2,"data":[{"SECUCODE":"01455.HK","SECURITY_CODE":"01455","SECURITY_NAME_ABBR":"科利实业控股","ORG_CODE":"10000043628","STD_REPORT_DATE":"2024-06-30 00:00:00","REPORT_DATE":"2024-09-30 00:00:00","DATE_TYPE_CODE":"002","REPORT_TYPE":"2024年中报","PER_NETCASH_OPERATE":0.012122258184,"PER_OI":0.109225164511,"BPS":0.308392871987,"BASIC_EPS":0.01623222,"DILUTED_EPS":0.01623222,"OPERATE_INCOME":139651199.4,"OPERATE_INCOME_YOY":23.2363263065,"GROSS_PROFIT":46915624.75,"GROSS_PROFIT_YOY":12.228799207683,"HOLDER_PROFIT":20692473.34,"HOLDER_PROFIT_YOY":25.6420084323,"GROSS_PROFIT_RATIO":33.594859873434,"EPS_TTM":0.027451133441,"OPERATE_INCOME_QOQ":0,"NET_PROFIT_RATIO":14.8172542942,"ROE_AVG":5.390484781853,"GROSS_PROFIT_QOQ":0,"ROA":4.673757622914,"HOLDER_PROFIT_QOQ":0,"ROE_YEARLY":10.780969563706,"ROIC_YEARLY":19.980190476191,"TOTAL_ASSETS":456298525.68,"TOTAL_LIABILITIES":61998964.29,"TAX_EBT":22.545147679325,"OCF_SALES":11.098411468423,"TOTAL_PARENT_EQUITY":394299561.39,"DEBT_ASSET_RATIO":13.5873689703,"OPERATE_PROFIT":22057783.4,"PRETAX_PROFIT":26715528.75,"NETCASH_OPERATE":15499064.73,"NETCASH_INVEST":-1139862.56,"NETCASH_FINANCE":-452698.58,"END_CASH":242545438.4,"DIVI_RATIO":null,"DIVIDEND_RATE":null,"CURRENT_RATIO":6.876056000137,"COMMON_ACS":10000000000,"CURRENTDEBT_DEBT":84.881674448372,"ISSUED_COMMON_SHARES":1278562500,"HK_COMMON_SHARES":1278562500,"PER_SHARES":5000,"TOTAL_MARKET_CAP":204570000,"HKSK_MARKET_CAP":204570000,"PE_TTM":4.713703080716,"PB_TTM":0.467865547833,"REPORT_DATE_SQ":"2023-06-30 00:00:00","REPORT_TYPE_SQ":"2023年中报","OPERATE_INCOME_SQ":115310303.43,"DPS_HKD":null,"OPERATE_INCOME_QOQ_SQ":0,"NET_PROFIT_RATIO_SQ":14.5335466055,"HOLDER_PROFIT_SQ":16758676.69,"HOLDER_PROFIT_QOQ_SQ":0,"ROE_AVG_SQ":4.58652120792,"PE_TTM_SQ":5.568412141951,"PB_TTM_SQ":0.595116722462,"ROA_SQ":3.99240998332,"START_DATE":"2024-04-01 00:00:00","FISCAL_YEAR":"3-31","CURRENCY":"HKD","IS_CNY_CODE":0,"DPS_HKD_LY":null,"ORG_TYPE":"一般企业","PREMIUM_INCOME":null,"PREMIUM_INCOME_YOY":null,"NET_INTEREST_INCOME":null,"NET_INTEREST_INCOME_YOY":null,"FEE_COMMISSION_INCOME":null,"FEE_COMMISSION_INCOME_YOY":null,"ACCOUNTS_RECE_TDAYS":2.318055264497,"INVENTORY_TDAYS":2.884410411758,"CURRENT_ASSETS_TDAYS":0.4039576687,"TOTAL_ASSETS_TDAYS":0.315426699854,"PREMIUM_EXPENSE":null,"LOAN_DEPOSIT":null,"LOAN_EQUITY":null,"LOAN_ASSETS":null,"DEPOSIT_EQUITY":null,"DEPOSIT_ASSETS":null,"EQUITY_MULTIPLIER":1.157238227889,"EQUITY_RATIO":0.157238227888},{"SECUCODE":"01455.HK","SECURITY_CODE":"01455","SECURITY_NAME_ABBR":"科利实业控股","ORG_CODE":"10000043628","STD_REPORT_DATE":"2023-12-31 00:00:00","REPORT_DATE":"2024-03-31 00:00:00","DATE_TYPE_CODE":"001","REPORT_TYPE":"2023年年报","PER_NETCASH_OPERATE":0.027984330371,"PER_OI":0.190039327135,"BPS":0.293620630239,"BASIC_EPS":0.0271965,"DILUTED_EPS":0.0271965,"OPERATE_INCOME":242977157.2,"OPERATE_INCOME_YOY":-26.6814567199,"GROSS_PROFIT":88266240.75,"GROSS_PROFIT_YOY":-10.303743957885,"HOLDER_PROFIT":35097989.8,"HOLDER_PROFIT_YOY":-39.6994003582,"GROSS_PROFIT_RATIO":36.32697071904,"EPS_TTM":0.028291664256,"OPERATE_INCOME_QOQ":0,"NET_PROFIT_RATIO":14.4449750769,"ROE_AVG":9.448976478843,"GROSS_PROFIT_QOQ":0,"ROA":8.301963664435,"HOLDER_PROFIT_QOQ":0,"ROE_YEARLY":9.448976478843,"ROIC_YEARLY":17.92424003926,"TOTAL_ASSETS":431441649.8,"TOTAL_LIABILITIES":56029322.75,"TAX_EBT":20.698060260953,"OCF_SALES":14.725546965943,"TOTAL_PARENT_EQUITY":375412327.05,"DEBT_ASSET_RATIO":12.986535439,"OPERATE_PROFIT":35998193.95,"PRETAX_PROFIT":44258677.55,"NETCASH_OPERATE":35779715.4,"NETCASH_INVEST":-6352195.85,"NETCASH_FINANCE":-22924836.4,"END_CASH":229876603.15,"DIVI_RATIO":null,"DIVIDEND_RATE":null,"CURRENT_RATIO":7.063844592636,"COMMON_ACS":10000000000,"CURRENTDEBT_DEBT":83.706819836583,"ISSUED_COMMON_SHARES":1278562500,"HK_COMMON_SHARES":1278562500,"PER_SHARES":5000,"TOTAL_MARKET_CAP":198177187.5,"HKSK_MARKET_CAP":198177187.5,"PE_TTM":4.566399859444,"PB_TTM":0.453244749463,"REPORT_DATE_SQ":"2022-12-31 00:00:00","REPORT_TYPE_SQ":"2022年年报","OPERATE_INCOME_SQ":320015755.01,"DPS_HKD":null,"OPERATE_INCOME_QOQ_SQ":0,"NET_PROFIT_RATIO_SQ":17.5634162288,"HOLDER_PROFIT_SQ":56205699.05,"HOLDER_PROFIT_QOQ_SQ":0,"ROE_AVG_SQ":16.6734402653,"PE_TTM_SQ":5.415433786403,"PB_TTM_SQ":0.578767361955,"ROA_SQ":13.855006349717,"START_DATE":"2023-04-01 00:00:00","FISCAL_YEAR":"3-31","CURRENCY":"HKD","IS_CNY_CODE":0,"DPS_HKD_LY":0.008,"ORG_TYPE":"一般企业","PREMIUM_INCOME":null,"PREMIUM_INCOME_YOY":null,"NET_INTEREST_INCOME":null,"NET_INTEREST_INCOME_YOY":null,"FEE_COMMISSION_INCOME":null,"FEE_COMMISSION_INCOME_YOY":null,"ACCOUNTS_RECE_TDAYS":5.778932502506,"INVENTORY_TDAYS":4.938978685227,"CURRENT_ASSETS_TDAYS":0.755559063642,"TOTAL_ASSETS_TDAYS":0.574730217274,"PREMIUM_EXPENSE":null,"LOAN_DEPOSIT":null,"LOAN_EQUITY":null,"LOAN_ASSETS":null,"DEPOSIT_EQUITY":null,"DEPOSIT_ASSETS":null,"EQUITY_MULTIPLIER":1.149247423999,"EQUITY_RATIO":0.149247424},{"SECUCODE":"01455.HK","SECURITY_CODE":"01455","SECURITY_NAME_ABBR":"科利实业控股","ORG_CODE":"10000043628","STD_REPORT_DATE":"2023-06-30 00:00:00","REPORT_DATE":"2023-09-30 00:00:00","DATE_TYPE_CODE":"002","REPORT_TYPE":"2023年中报","PER_NETCASH_OPERATE":0.019174909877,"PER_OI":0.090187459299,"BPS":0.280631771376,"BASIC_EPS":0.01284682,"DILUTED_EPS":0.01284682,"OPERATE_INCOME":115310303.43,"OPERATE_INCOME_YOY":-44.4854808996,"GROSS_PROFIT":41803552.28,"GROSS_PROFIT_YOY":-29.766948904945,"HOLDER_PROFIT":16758676.69,"HOLDER_PROFIT_YOY":-55.1045994248,"GROSS_PROFIT_RATIO":36.253093640827,"EPS_TTM":0.043960071604,"OPERATE_INCOME_QOQ":0,"NET_PROFIT_RATIO":14.5335466055,"ROE_AVG":4.58652120792,"GROSS_PROFIT_QOQ":0,"ROA":3.99240998332,"HOLDER_PROFIT_QOQ":0,"ROE_YEARLY":9.173042415841,"ROIC_YEARLY":16.980070754169,"TOTAL_ASSETS":420372726.41,"TOTAL_LIABILITIES":61567467.22,"TAX_EBT":22.774747346611,"OCF_SALES":21.261170928132,"TOTAL_PARENT_EQUITY":358805259.19,"DEBT_ASSET_RATIO":14.6459233323,"OPERATE_PROFIT":17720352.93,"PRETAX_PROFIT":21701031.87,"NETCASH_OPERATE":24516320.71,"NETCASH_INVEST":-5505780,"NETCASH_FINANCE":-27073755.52,"END_CASH":217971994.94,"DIVI_RATIO":null,"DIVIDEND_RATE":null,"CURRENT_RATIO":5.712589385292,"COMMON_ACS":10000000000,"CURRENTDEBT_DEBT":90.875488121144,"ISSUED_COMMON_SHARES":1278562500,"HK_COMMON_SHARES":1278562500,"PER_SHARES":5000,"TOTAL_MARKET_CAP":198177187.5,"HKSK_MARKET_CAP":198177187.5,"PE_TTM":4.566399859444,"PB_TTM":0.453244749463,"REPORT_DATE_SQ":"2022-06-30 00:00:00","REPORT_TYPE_SQ":"2022年中报","OPERATE_INCOME_SQ":204726325.08,"DPS_HKD":null,"OPERATE_INCOME_QOQ_SQ":0,"NET_PROFIT_RATIO_SQ":17.9711694359,"HOLDER_PROFIT_SQ":36791714.76,"HOLDER_PROFIT_QOQ_SQ":0,"ROE_AVG_SQ":10.965281147232,"PE_TTM_SQ":5.415433786403,"PB_TTM_SQ":0.578767361955,"ROA_SQ":8.817106647781,"START_DATE":"2023-04-01 00:00:00","FISCAL_YEAR":"3-31","CURRENCY":"HKD","IS_CNY_CODE":0,"DPS_HKD_LY":0.008,"ORG_TYPE":"一般企业","PREMIUM_INCOME":null,"PREMIUM_INCOME_YOY":null,"NET_INTEREST_INCOME":null,"NET_INTEREST_INCOME_YOY":null,"FEE_COMMISSION_INCOME":null,"FEE_COMMISSION_INCOME_YOY":null,"ACCOUNTS_RECE_TDAYS":2.781248962518,"INVENTORY_TDAYS":2.39537700163,"CURRENT_ASSETS_TDAYS":0.363007921055,"TOTAL_ASSETS_TDAYS":0.274703077761,"PREMIUM_EXPENSE":null,"LOAN_DEPOSIT":null,"LOAN_EQUITY":null,"LOAN_ASSETS":null,"DEPOSIT_EQUITY":null,"DEPOSIT_ASSETS":null,"EQUITY_MULTIPLIER":1.171590202883,"EQUITY_RATIO":0.171590202883},{"SECUCODE":"01455.HK","SECURITY_CODE":"01455","SECURITY_NAME_ABBR":"科利实业控股","ORG_CODE":"10000043628","STD_REPORT_DATE":"2022-12-31 00:00:00","REPORT_DATE":"2023-03-31 00:00:00","DATE_TYPE_CODE":"001","REPORT_TYPE":"2022年年报","PER_NETCASH_OPERATE":0.070844149347,"PER_OI":0.250293399822,"BPS":0.277545837016,"BASIC_EPS":0.0437705,"DILUTED_EPS":0.0437705,"OPERATE_INCOME":320015755.01,"OPERATE_INCOME_YOY":-22.7780476985,"GROSS_PROFIT":98405713.51,"GROSS_PROFIT_YOY":0.9629207418,"HOLDER_PROFIT":56205699.05,"HOLDER_PROFIT_YOY":7.5082466804,"GROSS_PROFIT_RATIO":30.750271500516,"EPS_TTM":0.049466950525,"OPERATE_INCOME_QOQ":0,"NET_PROFIT_RATIO":17.5634162288,"ROE_AVG":16.6734402653,"GROSS_PROFIT_QOQ":0,"ROA":13.855006349717,"HOLDER_PROFIT_QOQ":0,"ROE_YEARLY":16.6734402653,"ROIC_YEARLY":25.30455722444,"TOTAL_ASSETS":399868904.39,"TOTAL_LIABILITIES":45009205.15,"TAX_EBT":15.840870363088,"OCF_SALES":28.30444166637,"TOTAL_PARENT_EQUITY":354859699.24,"DEBT_ASSET_RATIO":11.2559903148,"OPERATE_PROFIT":62212762.47,"PRETAX_PROFIT":66785028.9,"NETCASH_OPERATE":90578672.7,"NETCASH_INVEST":-6990148.85,"NETCASH_FINANCE":-17408403.26,"END_CASH":216336571.66,"DIVI_RATIO":null,"DIVIDEND_RATE":null,"CURRENT_RATIO":7.583968960804,"COMMON_ACS":10000000000,"CURRENTDEBT_DEBT":88.22717105903,"ISSUED_COMMON_SHARES":1278562500,"HK_COMMON_SHARES":1278562500,"PER_SHARES":5000,"TOTAL_MARKET_CAP":198177187.5,"HKSK_MARKET_CAP":198177187.5,"PE_TTM":4.566399859444,"PB_TTM":0.453244749463,"REPORT_DATE_SQ":"2021-12-31 00:00:00","REPORT_TYPE_SQ":"2021年年报","OPERATE_INCOME_SQ":383924023.9,"DPS_HKD":null,"OPERATE_INCOME_QOQ_SQ":0,"NET_PROFIT_RATIO_SQ":12.6156023575,"HOLDER_PROFIT_SQ":48434328.21,"HOLDER_PROFIT_QOQ_SQ":0,"ROE_AVG_SQ":16.769885474158,"PE_TTM_SQ":5.415433786403,"PB_TTM_SQ":0.578767361955,"ROA_SQ":13.313225616607,"START_DATE":"2022-04-01 00:00:00","FISCAL_YEAR":"3-31","CURRENCY":"HKD","IS_CNY_CODE":0,"DPS_HKD_LY":0.015,"ORG_TYPE":"一般企业","PREMIUM_INCOME":null,"PREMIUM_INCOME_YOY":null,"NET_INTEREST_INCOME":null,"NET_INTEREST_INCOME_YOY":null,"FEE_COMMISSION_INCOME":null,"FEE_COMMISSION_INCOME_YOY":null,"ACCOUNTS_RECE_TDAYS":5.696314764316,"INVENTORY_TDAYS":5.545819002344,"CURRENT_ASSETS_TDAYS":1.058108082684,"TOTAL_ASSETS_TDAYS":0.788856004394,"PREMIUM_EXPENSE":null,"LOAN_DEPOSIT":null,"LOAN_EQUITY":null,"LOAN_ASSETS":null,"DEPOSIT_EQUITY":null,"DEPOSIT_ASSETS":null,"EQUITY_MULTIPLIER":1.126836620914,"EQUITY_RATIO":0.126836620914},{"SECUCODE":"01455.HK","SECURITY_CODE":"01455","SECURITY_NAME_ABBR":"科利实业控股","ORG_CODE":"10000043628","STD_REPORT_DATE":"2022-06-30 00:00:00","REPORT_DATE":"2022-09-30 00:00:00","DATE_TYPE_CODE":"002","REPORT_TYPE":"2022年中报","PER_NETCASH_OPERATE":0.062199935287,"PER_OI":0.16012226628,"BPS":0.2668105516,"BASIC_EPS":0.02894208,"DILUTED_EPS":0.02894208,"OPERATE_INCOME":204726325.08,"OPERATE_INCOME_YOY":3.7478228985,"GROSS_PROFIT":59521196.4,"GROSS_PROFIT_YOY":26.176793186272,"HOLDER_PROFIT":36791714.76,"HOLDER_PROFIT_YOY":54.1805639782,"GROSS_PROFIT_RATIO":29.073543119939,"EPS_TTM":0.037881862021,"OPERATE_INCOME_QOQ":0,"NET_PROFIT_RATIO":17.9711694359,"ROE_AVG":10.965281147232,"GROSS_PROFIT_QOQ":0,"ROA":8.817106647781,"HOLDER_PROFIT_QOQ":0,"ROE_YEARLY":21.930562294463,"ROIC_YEARLY":31.513832185493,"TOTAL_ASSETS":409435465.8,"TOTAL_LIABILITIES":68301499.92,"TAX_EBT":19.621016024818,"OCF_SALES":38.845275383576,"TOTAL_PARENT_EQUITY":341133965.88,"DEBT_ASSET_RATIO":16.6818719005,"OPERATE_PROFIT":44783346.6,"PRETAX_PROFIT":45772803.96,"NETCASH_OPERATE":79526504.76,"NETCASH_INVEST":-5327151.6,"NETCASH_FINANCE":-17812945.8,"END_CASH":211790905.92,"DIVI_RATIO":null,"DIVIDEND_RATE":null,"CURRENT_RATIO":4.774372671681,"COMMON_ACS":10000000000,"CURRENTDEBT_DEBT":94.196085701422,"ISSUED_COMMON_SHARES":1278562500,"HK_COMMON_SHARES":1278562500,"PER_SHARES":5000,"TOTAL_MARKET_CAP":198177187.5,"HKSK_MARKET_CAP":198177187.5,"PE_TTM":4.566399859444,"PB_TTM":0.453244749463,"REPORT_DATE_SQ":"2021-06-30 00:00:00","REPORT_TYPE_SQ":"2021年中报","OPERATE_INCOME_SQ":181757030.8,"DPS_HKD":null,"OPERATE_INCOME_QOQ_SQ":0,"NET_PROFIT_RATIO_SQ":12.0927674397,"HOLDER_PROFIT_SQ":21979455.04,"HOLDER_PROFIT_QOQ_SQ":0,"ROE_AVG_SQ":7.809301960761,"PE_TTM_SQ":5.415433786403,"PB_TTM_SQ":0.578767361955,"ROA_SQ":6.035091090212,"START_DATE":"2022-04-01 00:00:00","FISCAL_YEAR":"3-31","CURRENCY":"HKD","IS_CNY_CODE":0,"DPS_HKD_LY":0.015,"ORG_TYPE":"一般企业","PREMIUM_INCOME":null,"PREMIUM_INCOME_YOY":null,"NET_INTEREST_INCOME":null,"NET_INTEREST_INCOME_YOY":null,"FEE_COMMISSION_INCOME":null,"FEE_COMMISSION_INCOME_YOY":null,"ACCOUNTS_RECE_TDAYS":3.419574133803,"INVENTORY_TDAYS":3.273763521987,"CURRENT_ASSETS_TDAYS":0.659383138258,"TOTAL_ASSETS_TDAYS":0.490625091441,"PREMIUM_EXPENSE":null,"LOAN_DEPOSIT":null,"LOAN_EQUITY":null,"LOAN_ASSETS":null,"DEPOSIT_EQUITY":null,"DEPOSIT_ASSETS":null,"EQUITY_MULTIPLIER":1.200218995326,"EQUITY_RATIO":0.200218995326},{"SECUCODE":"01455.HK","SECURITY_CODE":"01455","SECURITY_NAME_ABBR":"科利实业控股","ORG_CODE":"10000043628","STD_REPORT_DATE":"2021-12-31 00:00:00","REPORT_DATE":"2022-03-31 00:00:00","DATE_TYPE_CODE":"001","REPORT_TYPE":"2021年年报","PER_NETCASH_OPERATE":0.043685200137,"PER_OI":0.300277869795,"BPS":0.23138693715,"BASIC_EPS":0.03811747,"DILUTED_EPS":0.03811747,"OPERATE_INCOME":383924023.9,"OPERATE_INCOME_YOY":8.2167856147,"GROSS_PROFIT":97467181.8,"GROSS_PROFIT_YOY":-9.925007175877,"HOLDER_PROFIT":48434328.21,"HOLDER_PROFIT_YOY":2.7210650338,"GROSS_PROFIT_RATIO":25.387101544181,"EPS_TTM":0.036970358711,"OPERATE_INCOME_QOQ":0,"NET_PROFIT_RATIO":12.6156023575,"ROE_AVG":16.769885474158,"GROSS_PROFIT_QOQ":0,"ROA":13.313225616607,"HOLDER_PROFIT_QOQ":0,"ROE_YEARLY":16.769885474158,"ROIC_YEARLY":21.36972184402,"TOTAL_ASSETS":381202274.34,"TOTAL_LIABILITIES":85359613.51,"TAX_EBT":17.388056604557,"OCF_SALES":14.548258307104,"TOTAL_PARENT_EQUITY":295842660.83,"DEBT_ASSET_RATIO":22.3922099252,"OPERATE_PROFIT":58444624.64,"PRETAX_PROFIT":58628723.91,"NETCASH_OPERATE":55854258.7,"NETCASH_INVEST":-10582058.48,"NETCASH_FINANCE":-40369644.77,"END_CASH":139679441.29,"DIVI_RATIO":null,"DIVIDEND_RATE":null,"CURRENT_RATIO":3.483298695822,"COMMON_ACS":10000000000,"CURRENTDEBT_DEBT":94.633780201613,"ISSUED_COMMON_SHARES":1278562500,"HK_COMMON_SHARES":1278562500,"PER_SHARES":5000,"TOTAL_MARKET_CAP":198177187.5,"HKSK_MARKET_CAP":198177187.5,"PE_TTM":4.566399859444,"PB_TTM":0.453244749463,"REPORT_DATE_SQ":"2020-12-31 00:00:00","REPORT_TYPE_SQ":"2020年年报","OPERATE_INCOME_SQ":369720610.28,"DPS_HKD":null,"OPERATE_INCOME_QOQ_SQ":0,"NET_PROFIT_RATIO_SQ":13.2905547199,"HOLDER_PROFIT_SQ":49137920.02,"HOLDER_PROFIT_QOQ_SQ":0,"ROE_AVG_SQ":21.535276011127,"PE_TTM_SQ":5.415433786403,"PB_TTM_SQ":0.578767361955,"ROA_SQ":16.673214854157,"START_DATE":"2021-04-01 00:00:00","FISCAL_YEAR":"3-31","CURRENCY":"HKD","IS_CNY_CODE":0,"DPS_HKD_LY":0.038,"ORG_TYPE":"一般企业","PREMIUM_INCOME":null,"PREMIUM_INCOME_YOY":null,"NET_INTEREST_INCOME":null,"NET_INTEREST_INCOME_YOY":null,"FEE_COMMISSION_INCOME":null,"FEE_COMMISSION_INCOME_YOY":null,"ACCOUNTS_RECE_TDAYS":5.368968430842,"INVENTORY_TDAYS":7.284933484583,"CURRENT_ASSETS_TDAYS":1.444907539531,"TOTAL_ASSETS_TDAYS":1.055298450235,"PREMIUM_EXPENSE":null,"LOAN_DEPOSIT":null,"LOAN_EQUITY":null,"LOAN_ASSETS":null,"DEPOSIT_EQUITY":null,"DEPOSIT_ASSETS":null,"EQUITY_MULTIPLIER":1.288530441385,"EQUITY_RATIO":0.288530441386},{"SECUCODE":"01455.HK","SECURITY_CODE":"01455","SECURITY_NAME_ABBR":"科利实业控股","ORG_CODE":"10000043628","STD_REPORT_DATE":"2021-06-30 00:00:00","REPORT_DATE":"2021-09-30 00:00:00","DATE_TYPE_CODE":"002","REPORT_TYPE":"2021年中报","PER_NETCASH_OPERATE":0.0117128236,"PER_OI":0.14540562464,"BPS":0.213873871586,"BASIC_EPS":0.01749426,"DILUTED_EPS":0.01749426,"OPERATE_INCOME":181757030.8,"OPERATE_INCOME_YOY":8.4614658057,"GROSS_PROFIT":47172855.56,"GROSS_PROFIT_YOY":-14.003038970873,"HOLDER_PROFIT":21979455.04,"HOLDER_PROFIT_YOY":-2.7855563744,"GROSS_PROFIT_RATIO":25.953799614997,"EPS_TTM":0.039310336016,"OPERATE_INCOME_QOQ":0,"NET_PROFIT_RATIO":12.0927674397,"ROE_AVG":7.809301960761,"GROSS_PROFIT_QOQ":0,"ROA":6.035091090212,"HOLDER_PROFIT_QOQ":0,"ROE_YEARLY":15.618603921522,"ROIC_YEARLY":18.069592999266,"TOTAL_ASSETS":372560260.14,"TOTAL_LIABILITIES":99109148.2,"TAX_EBT":20.489407226592,"OCF_SALES":8.055275460629,"TOTAL_PARENT_EQUITY":273451111.94,"DEBT_ASSET_RATIO":26.6021792455,"OPERATE_PROFIT":27635932.44,"PRETAX_PROFIT":27643429.98,"NETCASH_OPERATE":12639186.32,"NETCASH_INVEST":-6900235.98,"NETCASH_FINANCE":-40522537.58,"END_CASH":103542693.52,"DIVI_RATIO":null,"DIVIDEND_RATE":null,"CURRENT_RATIO":2.855167521936,"COMMON_ACS":10000000000,"CURRENTDEBT_DEBT":95.985542573758,"ISSUED_COMMON_SHARES":1278562500,"HK_COMMON_SHARES":1278562500,"PER_SHARES":5000,"TOTAL_MARKET_CAP":198177187.5,"HKSK_MARKET_CAP":198177187.5,"PE_TTM":4.566399859444,"PB_TTM":0.453244749463,"REPORT_DATE_SQ":"2020-06-30 00:00:00","REPORT_TYPE_SQ":"2020年中报","OPERATE_INCOME_SQ":176762436.48,"DPS_HKD":null,"OPERATE_INCOME_QOQ_SQ":0,"NET_PROFIT_RATIO_SQ":13.4918149325,"HOLDER_PROFIT_SQ":23848460.8,"HOLDER_PROFIT_QOQ_SQ":0,"ROE_AVG_SQ":10.718058585998,"PE_TTM_SQ":5.415433786403,"PB_TTM_SQ":0.578767361955,"ROA_SQ":7.695121225095,"START_DATE":"2021-04-01 00:00:00","FISCAL_YEAR":"3-31","CURRENCY":"HKD","IS_CNY_CODE":0,"DPS_HKD_LY":0.038,"ORG_TYPE":"一般企业","PREMIUM_INCOME":null,"PREMIUM_INCOME_YOY":null,"NET_INTEREST_INCOME":null,"NET_INTEREST_INCOME_YOY":null,"FEE_COMMISSION_INCOME":null,"FEE_COMMISSION_INCOME_YOY":null,"ACCOUNTS_RECE_TDAYS":2.156248455799,"INVENTORY_TDAYS":3.268801974789,"CURRENT_ASSETS_TDAYS":0.687886321252,"TOTAL_ASSETS_TDAYS":0.49906616664,"PREMIUM_EXPENSE":null,"LOAN_DEPOSIT":null,"LOAN_EQUITY":null,"LOAN_ASSETS":null,"DEPOSIT_EQUITY":null,"DEPOSIT_ASSETS":null,"EQUITY_MULTIPLIER":1.362438270946,"EQUITY_RATIO":0.362438270947},{"SECUCODE":"01455.HK","SECURITY_CODE":"01455","SECURITY_NAME_ABBR":"科利实业控股","ORG_CODE":"10000043628","STD_REPORT_DATE":"2020-12-31 00:00:00","REPORT_DATE":"2021-03-31 00:00:00","DATE_TYPE_CODE":"001","REPORT_TYPE":"2020年年报","PER_NETCASH_OPERATE":0.013764263408,"PER_OI":0.295776488224,"BPS":0.229683376792,"BASIC_EPS":0.04479454,"DILUTED_EPS":0.04479454,"OPERATE_INCOME":369720610.28,"OPERATE_INCOME_YOY":20.8100658945,"GROSS_PROFIT":108206705.04,"GROSS_PROFIT_YOY":8.850301386903,"HOLDER_PROFIT":49137920.02,"HOLDER_PROFIT_YOY":34.0967801458,"GROSS_PROFIT_RATIO":29.267155260306,"EPS_TTM":0.033066339728,"OPERATE_INCOME_QOQ":0,"NET_PROFIT_RATIO":13.2905547199,"ROE_AVG":21.535276011127,"GROSS_PROFIT_QOQ":0,"ROA":16.673214854157,"HOLDER_PROFIT_QOQ":0,"ROE_YEARLY":21.535276011127,"ROIC_YEARLY":24.481331295293,"TOTAL_ASSETS":361005114.12,"TOTAL_LIABILITIES":67340561.68,"TAX_EBT":19.15369960925,"OCF_SALES":4.653602958994,"TOTAL_PARENT_EQUITY":293664552.44,"DEBT_ASSET_RATIO":18.6536309449,"OPERATE_PROFIT":60683078.82,"PRETAX_PROFIT":60779429.34,"NETCASH_OPERATE":17205329.26,"NETCASH_INVEST":-4893592.2,"NETCASH_FINANCE":80273506.04,"END_CASH":140306641.44,"DIVI_RATIO":null,"DIVIDEND_RATE":null,"CURRENT_RATIO":4.097470861077,"COMMON_ACS":10000000000,"CURRENTDEBT_DEBT":94.436216677544,"ISSUED_COMMON_SHARES":1278562500,"HK_COMMON_SHARES":1278562500,"PER_SHARES":5000,"TOTAL_MARKET_CAP":198177187.5,"HKSK_MARKET_CAP":198177187.5,"PE_TTM":4.566399859444,"PB_TTM":0.453244749463,"REPORT_DATE_SQ":"2019-12-31 00:00:00","REPORT_TYPE_SQ":"2019年年报","OPERATE_INCOME_SQ":330845287.8,"DPS_HKD":null,"OPERATE_INCOME_QOQ_SQ":0,"NET_PROFIT_RATIO_SQ":11.9736863908,"HOLDER_PROFIT_SQ":39614377.2,"HOLDER_PROFIT_QOQ_SQ":0,"ROE_AVG_SQ":22.596137559382,"PE_TTM_SQ":5.415433786403,"PB_TTM_SQ":0.578767361955,"ROA_SQ":16.845818949021,"START_DATE":"2020-04-01 00:00:00","FISCAL_YEAR":"3-31","CURRENCY":"HKD","IS_CNY_CODE":0,"DPS_HKD_LY":null,"ORG_TYPE":"一般企业","PREMIUM_INCOME":null,"PREMIUM_INCOME_YOY":null,"NET_INTEREST_INCOME":null,"NET_INTEREST_INCOME_YOY":null,"FEE_COMMISSION_INCOME":null,"FEE_COMMISSION_INCOME_YOY":null,"ACCOUNTS_RECE_TDAYS":7.210014504219,"INVENTORY_TDAYS":8.43675528289,"CURRENT_ASSETS_TDAYS":1.911413090973,"TOTAL_ASSETS_TDAYS":1.254516098504,"PREMIUM_EXPENSE":null,"LOAN_DEPOSIT":null,"LOAN_EQUITY":null,"LOAN_ASSETS":null,"DEPOSIT_EQUITY":null,"DEPOSIT_ASSETS":null,"EQUITY_MULTIPLIER":1.229311168545,"EQUITY_RATIO":0.229311168544},{"SECUCODE":"01455.HK","SECURITY_CODE":"01455","SECURITY_NAME_ABBR":"科利实业控股","ORG_CODE":"10000043628","STD_REPORT_DATE":"2020-06-30 00:00:00","REPORT_DATE":"2020-09-30 00:00:00","DATE_TYPE_CODE":"002","REPORT_TYPE":"2020年中报","PER_NETCASH_OPERATE":-0.006940482048,"PER_OI":0.141409949184,"BPS":0.215769680966,"BASIC_EPS":0.02460416,"DILUTED_EPS":0.02460416,"OPERATE_INCOME":176762436.48,"OPERATE_INCOME_YOY":4.1346571967,"GROSS_PROFIT":54854096,"GROSS_PROFIT_YOY":6.839739028063,"HOLDER_PROFIT":23848460.8,"HOLDER_PROFIT_YOY":10.6219939676,"GROSS_PROFIT_RATIO":31.032665702255,"EPS_TTM":null,"OPERATE_INCOME_QOQ":0,"NET_PROFIT_RATIO":13.4918149325,"ROE_AVG":10.718058585998,"GROSS_PROFIT_QOQ":0,"ROA":7.695121225095,"HOLDER_PROFIT_QOQ":0,"ROE_YEARLY":21.436117171996,"ROIC_YEARLY":21.347848401959,"TOTAL_ASSETS":382350403.84,"TOTAL_LIABILITIES":106475381.12,"TAX_EBT":20.061264763925,"OCF_SALES":-4.90805780502,"TOTAL_PARENT_EQUITY":275875022.72,"DEBT_ASSET_RATIO":27.8475921696,"OPERATE_PROFIT":29862420.48,"PRETAX_PROFIT":29833422.72,"NETCASH_OPERATE":-8675602.56,"NETCASH_INVEST":-3085185.92,"NETCASH_FINANCE":85563602.56,"END_CASH":123401285.76,"DIVI_RATIO":null,"DIVIDEND_RATE":null,"CURRENT_RATIO":2.705841731035,"COMMON_ACS":10000000000,"CURRENTDEBT_DEBT":96.800389532149,"ISSUED_COMMON_SHARES":1278562500,"HK_COMMON_SHARES":1278562500,"PER_SHARES":5000,"TOTAL_MARKET_CAP":198177187.5,"HKSK_MARKET_CAP":198177187.5,"PE_TTM":4.566399859444,"PB_TTM":0.453244749463,"REPORT_DATE_SQ":"2019-06-30 00:00:00","REPORT_TYPE_SQ":"2019年中报","OPERATE_INCOME_SQ":174243075.72,"DPS_HKD":null,"OPERATE_INCOME_QOQ_SQ":0,"NET_PROFIT_RATIO_SQ":12.7005984304,"HOLDER_PROFIT_SQ":22129913.34,"HOLDER_PROFIT_QOQ_SQ":0,"ROE_AVG_SQ":null,"PE_TTM_SQ":5.415433786403,"PB_TTM_SQ":0.578767361955,"ROA_SQ":null,"START_DATE":"2020-04-01 00:00:00","FISCAL_YEAR":"3-31","CURRENCY":"HKD","IS_CNY_CODE":0,"DPS_HKD_LY":null,"ORG_TYPE":"一般企业","PREMIUM_INCOME":null,"PREMIUM_INCOME_YOY":null,"NET_INTEREST_INCOME":null,"NET_INTEREST_INCOME_YOY":null,"FEE_COMMISSION_INCOME":null,"FEE_COMMISSION_INCOME_YOY":null,"ACCOUNTS_RECE_TDAYS":2.974580782539,"INVENTORY_TDAYS":3.070219310864,"CURRENT_ASSETS_TDAYS":0.861876677671,"TOTAL_ASSETS_TDAYS":0.570354786484,"PREMIUM_EXPENSE":null,"LOAN_DEPOSIT":null,"LOAN_EQUITY":null,"LOAN_ASSETS":null,"DEPOSIT_EQUITY":null,"DEPOSIT_ASSETS":null,"EQUITY_MULTIPLIER":1.385955133127,"EQUITY_RATIO":0.385955133126}],"count":14},"success":true,"message":"ok","code":0}