{"version":"817b6801063e0281c1f973c9ab40a61c","result":{"pages":3,"data":[{"SECUCODE":"01452.HK","SECURITY_CODE":"01452","SECURITY_NAME_ABBR":"迪诺斯环保","ORG_CODE":"10472735","STD_REPORT_DATE":"2024-06-30 00:00:00","REPORT_DATE":"2024-06-30 00:00:00","DATE_TYPE_CODE":"002","REPORT_TYPE":"2024年中报","PER_NETCASH_OPERATE":-0.017195068386,"PER_OI":0.088158039445,"BPS":0.26707682488,"BASIC_EPS":-0.016,"DILUTED_EPS":null,"OPERATE_INCOME":52264000,"OPERATE_INCOME_YOY":-0.0478112031,"GROSS_PROFIT":13460000,"GROSS_PROFIT_YOY":39.800581636892,"HOLDER_PROFIT":-9657000,"HOLDER_PROFIT_YOY":1.2778572889,"GROSS_PROFIT_RATIO":25.753864993112,"EPS_TTM":-0.042690797113,"OPERATE_INCOME_QOQ":-0.019779732894,"NET_PROFIT_RATIO":-18.4773457829,"ROE_AVG":-5.99253492853,"GROSS_PROFIT_QOQ":15.622961513372,"ROA":-2.433446853868,"HOLDER_PROFIT_QOQ":0.491468113549,"ROE_YEARLY":-11.985069857059,"ROIC_YEARLY":-5.855663976934,"TOTAL_ASSETS":422564000,"TOTAL_LIABILITIES":264229000,"TAX_EBT":null,"OCF_SALES":-19.504821674575,"TOTAL_PARENT_EQUITY":158335000,"DEBT_ASSET_RATIO":62.5299362937,"OPERATE_PROFIT":-10875000,"PRETAX_PROFIT":-9657000,"NETCASH_OPERATE":-10194000,"NETCASH_INVEST":-21528000,"NETCASH_FINANCE":10944000,"END_CASH":24318000,"DIVI_RATIO":null,"DIVIDEND_RATE":null,"CURRENT_RATIO":1.43519556074,"COMMON_ACS":5000000000,"CURRENTDEBT_DEBT":98.620514780739,"ISSUED_COMMON_SHARES":592844400,"HK_COMMON_SHARES":592844400,"PER_SHARES":1000,"TOTAL_MARKET_CAP":32606442,"HKSK_MARKET_CAP":32606442,"PE_TTM":-1.162971342435,"PB_TTM":0.187951163574,"REPORT_DATE_SQ":"2023-06-30 00:00:00","REPORT_TYPE_SQ":"2023年中报","OPERATE_INCOME_SQ":52289000,"DPS_HKD":null,"OPERATE_INCOME_QOQ_SQ":27.782644009492,"NET_PROFIT_RATIO_SQ":-18.7075675572,"HOLDER_PROFIT_SQ":-9782000,"HOLDER_PROFIT_QOQ_SQ":-5.703115039735,"ROE_AVG_SQ":-5.294321404603,"PE_TTM_SQ":-1.663623121191,"PB_TTM_SQ":0.229694236055,"ROA_SQ":-2.998112004708,"START_DATE":"2024-01-01 00:00:00","FISCAL_YEAR":"12-31","CURRENCY":"HKD","IS_CNY_CODE":0,"DPS_HKD_LY":null,"ORG_TYPE":"一般企业","PREMIUM_INCOME":null,"PREMIUM_INCOME_YOY":null,"NET_INTEREST_INCOME":null,"NET_INTEREST_INCOME_YOY":null,"FEE_COMMISSION_INCOME":null,"FEE_COMMISSION_INCOME_YOY":null,"ACCOUNTS_RECE_TDAYS":2.702797745255,"INVENTORY_TDAYS":0.157874287249,"CURRENT_ASSETS_TDAYS":0.14951902102,"TOTAL_ASSETS_TDAYS":0.131698940013,"PREMIUM_EXPENSE":null,"LOAN_DEPOSIT":null,"LOAN_EQUITY":null,"LOAN_ASSETS":null,"DEPOSIT_EQUITY":null,"DEPOSIT_ASSETS":null,"EQUITY_MULTIPLIER":2.668797170558,"EQUITY_RATIO":1.668797170556},{"SECUCODE":"01452.HK","SECURITY_CODE":"01452","SECURITY_NAME_ABBR":"迪诺斯环保","ORG_CODE":"10472735","STD_REPORT_DATE":"2023-12-31 00:00:00","REPORT_DATE":"2023-12-31 00:00:00","DATE_TYPE_CODE":"001","REPORT_TYPE":"2023年年报","PER_NETCASH_OPERATE":-0.00770994885,"PER_OI":0.255835089275,"BPS":0.276575101325,"BASIC_EPS":-0.05,"DILUTED_EPS":-0.05,"OPERATE_INCOME":126392000,"OPERATE_INCOME_YOY":101.2899937889,"GROSS_PROFIT":24528000,"GROSS_PROFIT_YOY":83.181478715459,"HOLDER_PROFIT":-25434000,"HOLDER_PROFIT_YOY":-8.0872041137,"GROSS_PROFIT_RATIO":19.406291537439,"EPS_TTM":-0.051481974022,"OPERATE_INCOME_QOQ":57.525300363926,"NET_PROFIT_RATIO":-20.1231090575,"ROE_AVG":-14.424868350532,"GROSS_PROFIT_QOQ":47.607871456942,"ROA":-7.420309135785,"HOLDER_PROFIT_QOQ":-2.255457725244,"ROE_YEARLY":-14.424868350532,"ROIC_YEARLY":-9.296987087518,"TOTAL_ASSETS":371125000,"TOTAL_LIABILITIES":207159000,"TAX_EBT":null,"OCF_SALES":-3.013640103804,"TOTAL_PARENT_EQUITY":163966000,"DEBT_ASSET_RATIO":55.8191983833,"OPERATE_PROFIT":-26799000,"PRETAX_PROFIT":-25434000,"NETCASH_OPERATE":-3809000,"NETCASH_INVEST":26138000,"NETCASH_FINANCE":-2301000,"END_CASH":44260000,"DIVI_RATIO":null,"DIVIDEND_RATE":null,"CURRENT_RATIO":1.60116822545,"COMMON_ACS":5000000000,"CURRENTDEBT_DEBT":98.013120356827,"ISSUED_COMMON_SHARES":592844400,"HK_COMMON_SHARES":592844400,"PER_SHARES":1000,"TOTAL_MARKET_CAP":39720574.8,"HKSK_MARKET_CAP":39720574.8,"PE_TTM":-1.416710544421,"PB_TTM":0.228958690173,"REPORT_DATE_SQ":"2022-12-31 00:00:00","REPORT_TYPE_SQ":"2022年年报","OPERATE_INCOME_SQ":62791000,"DPS_HKD":null,"OPERATE_INCOME_QOQ_SQ":-16.483560331986,"NET_PROFIT_RATIO_SQ":-37.4751158606,"HOLDER_PROFIT_SQ":-23531000,"HOLDER_PROFIT_QOQ_SQ":0.901242366814,"ROE_AVG_SQ":-11.87846419449,"PE_TTM_SQ":-1.276903711441,"PB_TTM_SQ":0.176300400481,"ROA_SQ":-7.351301028139,"START_DATE":"2023-01-01 00:00:00","FISCAL_YEAR":"12-31","CURRENCY":"HKD","IS_CNY_CODE":0,"DPS_HKD_LY":null,"ORG_TYPE":"一般企业","PREMIUM_INCOME":null,"PREMIUM_INCOME_YOY":null,"NET_INTEREST_INCOME":null,"NET_INTEREST_INCOME_YOY":null,"FEE_COMMISSION_INCOME":null,"FEE_COMMISSION_INCOME_YOY":null,"ACCOUNTS_RECE_TDAYS":6.501980554555,"INVENTORY_TDAYS":0.534510125961,"CURRENT_ASSETS_TDAYS":0.431372013652,"TOTAL_ASSETS_TDAYS":0.368745660254,"PREMIUM_EXPENSE":null,"LOAN_DEPOSIT":null,"LOAN_EQUITY":null,"LOAN_ASSETS":null,"DEPOSIT_EQUITY":null,"DEPOSIT_ASSETS":null,"EQUITY_MULTIPLIER":2.263426564044,"EQUITY_RATIO":1.263426564044},{"SECUCODE":"01452.HK","SECURITY_CODE":"01452","SECURITY_NAME_ABBR":"迪诺斯环保","ORG_CODE":"10472735","STD_REPORT_DATE":"2023-06-30 00:00:00","REPORT_DATE":"2023-06-30 00:00:00","DATE_TYPE_CODE":"002","REPORT_TYPE":"2023年中报","PER_NETCASH_OPERATE":-0.002242747001,"PER_OI":0.105840250831,"BPS":0.30505980996,"BASIC_EPS":-0.02,"DILUTED_EPS":null,"OPERATE_INCOME":52289000,"OPERATE_INCOME_YOY":50.066008495,"GROSS_PROFIT":9628000,"GROSS_PROFIT_YOY":50.413997812842,"HOLDER_PROFIT":-9782000,"HOLDER_PROFIT_YOY":-15.9004739336,"GROSS_PROFIT_RATIO":18.413050546004,"EPS_TTM":-0.050346431543,"OPERATE_INCOME_QOQ":27.782644009492,"NET_PROFIT_RATIO":-18.7075675572,"ROE_AVG":-5.294321404603,"GROSS_PROFIT_QOQ":24.100074682599,"ROA":-2.998112004708,"HOLDER_PROFIT_QOQ":-5.703115039735,"ROE_YEARLY":-10.588642809205,"ROIC_YEARLY":-7.646623138813,"TOTAL_ASSETS":338145000,"TOTAL_LIABILITIES":157292000,"TAX_EBT":null,"OCF_SALES":-2.118992522328,"TOTAL_PARENT_EQUITY":180853000,"DEBT_ASSET_RATIO":46.5161395259,"OPERATE_PROFIT":-9606000,"PRETAX_PROFIT":-9782000,"NETCASH_OPERATE":-1108000,"NETCASH_INVEST":-1326000,"NETCASH_FINANCE":-521000,"END_CASH":23022000,"DIVI_RATIO":null,"DIVIDEND_RATE":null,"CURRENT_RATIO":1.884383952281,"COMMON_ACS":5000000000,"CURRENTDEBT_DEBT":97.203926455255,"ISSUED_COMMON_SHARES":592844400,"HK_COMMON_SHARES":592844400,"PER_SHARES":1000,"TOTAL_MARKET_CAP":39720574.8,"HKSK_MARKET_CAP":39720574.8,"PE_TTM":-1.416710544421,"PB_TTM":0.228958690173,"REPORT_DATE_SQ":"2022-06-30 00:00:00","REPORT_TYPE_SQ":"2022年中报","OPERATE_INCOME_SQ":34844000,"DPS_HKD":null,"OPERATE_INCOME_QOQ_SQ":5.211307024909,"NET_PROFIT_RATIO_SQ":-24.2222477328,"HOLDER_PROFIT_SQ":-8440000,"HOLDER_PROFIT_QOQ_SQ":-93.111581001952,"ROE_AVG_SQ":-4.128350616318,"PE_TTM_SQ":-1.276903711441,"PB_TTM_SQ":0.176300400481,"ROA_SQ":-2.65334127659,"START_DATE":"2023-01-01 00:00:00","FISCAL_YEAR":"12-31","CURRENCY":"HKD","IS_CNY_CODE":0,"DPS_HKD_LY":null,"ORG_TYPE":"一般企业","PREMIUM_INCOME":null,"PREMIUM_INCOME_YOY":null,"NET_INTEREST_INCOME":null,"NET_INTEREST_INCOME_YOY":null,"FEE_COMMISSION_INCOME":null,"FEE_COMMISSION_INCOME_YOY":null,"ACCOUNTS_RECE_TDAYS":3.022136169229,"INVENTORY_TDAYS":0.24840456504,"CURRENT_ASSETS_TDAYS":0.190486425442,"TOTAL_ASSETS_TDAYS":0.160261989996,"PREMIUM_EXPENSE":null,"LOAN_DEPOSIT":null,"LOAN_EQUITY":null,"LOAN_ASSETS":null,"DEPOSIT_EQUITY":null,"DEPOSIT_ASSETS":null,"EQUITY_MULTIPLIER":1.869722924141,"EQUITY_RATIO":0.869722924143},{"SECUCODE":"01452.HK","SECURITY_CODE":"01452","SECURITY_NAME_ABBR":"迪诺斯环保","ORG_CODE":"10472735","STD_REPORT_DATE":"2022-12-31 00:00:00","REPORT_DATE":"2022-12-31 00:00:00","DATE_TYPE_CODE":"001","REPORT_TYPE":"2022年年报","PER_NETCASH_OPERATE":-0.01165297336,"PER_OI":0.127097767981,"BPS":0.318253828492,"BASIC_EPS":-0.05,"DILUTED_EPS":-0.05,"OPERATE_INCOME":62791000,"OPERATE_INCOME_YOY":-12.1312622446,"GROSS_PROFIT":13390000,"GROSS_PROFIT_YOY":9.547574245275,"HOLDER_PROFIT":-23531000,"HOLDER_PROFIT_YOY":-91.3711776187,"GROSS_PROFIT_RATIO":21.324712140275,"EPS_TTM":-0.047630035807,"OPERATE_INCOME_QOQ":-16.483560331986,"NET_PROFIT_RATIO":-37.4751158606,"ROE_AVG":-11.87846419449,"GROSS_PROFIT_QOQ":-10.893724629001,"ROA":-7.351301028139,"HOLDER_PROFIT_QOQ":0.901242366814,"ROE_YEARLY":-11.87846419449,"ROIC_YEARLY":-9.435327846667,"TOTAL_ASSETS":314399000,"TOTAL_LIABILITIES":125724000,"TAX_EBT":null,"OCF_SALES":-9.168511410871,"TOTAL_PARENT_EQUITY":188675000,"DEBT_ASSET_RATIO":39.9886768088,"OPERATE_PROFIT":-23613000,"PRETAX_PROFIT":-23531000,"NETCASH_OPERATE":-5555000,"NETCASH_INVEST":-45093000,"NETCASH_FINANCE":-1379000,"END_CASH":24017000,"DIVI_RATIO":null,"DIVIDEND_RATE":null,"CURRENT_RATIO":2.143958319637,"COMMON_ACS":5000000000,"CURRENTDEBT_DEBT":96.789793515956,"ISSUED_COMMON_SHARES":592844400,"HK_COMMON_SHARES":592844400,"PER_SHARES":1000,"TOTAL_MARKET_CAP":39720574.8,"HKSK_MARKET_CAP":39720574.8,"PE_TTM":-1.416710544421,"PB_TTM":0.228958690173,"REPORT_DATE_SQ":"2021-12-31 00:00:00","REPORT_TYPE_SQ":"2021年年报","OPERATE_INCOME_SQ":71460000,"DPS_HKD":null,"OPERATE_INCOME_QOQ_SQ":-2.692103435598,"NET_PROFIT_RATIO_SQ":-27.2222222222,"HOLDER_PROFIT_SQ":-12296000,"HOLDER_PROFIT_QOQ_SQ":8.149697467693,"ROE_AVG_SQ":-5.732828555976,"PE_TTM_SQ":-1.276903711441,"PB_TTM_SQ":0.176300400481,"ROA_SQ":-3.833437514127,"START_DATE":"2022-01-01 00:00:00","FISCAL_YEAR":"12-31","CURRENCY":"HKD","IS_CNY_CODE":0,"DPS_HKD_LY":null,"ORG_TYPE":"一般企业","PREMIUM_INCOME":null,"PREMIUM_INCOME_YOY":null,"NET_INTEREST_INCOME":null,"NET_INTEREST_INCOME_YOY":null,"FEE_COMMISSION_INCOME":null,"FEE_COMMISSION_INCOME_YOY":null,"ACCOUNTS_RECE_TDAYS":2.488792881349,"INVENTORY_TDAYS":0.349142180681,"CURRENT_ASSETS_TDAYS":0.239546475053,"TOTAL_ASSETS_TDAYS":0.196164864586,"PREMIUM_EXPENSE":null,"LOAN_DEPOSIT":null,"LOAN_EQUITY":null,"LOAN_ASSETS":null,"DEPOSIT_EQUITY":null,"DEPOSIT_ASSETS":null,"EQUITY_MULTIPLIER":1.666352192925,"EQUITY_RATIO":0.666352192924},{"SECUCODE":"01452.HK","SECURITY_CODE":"01452","SECURITY_NAME_ABBR":"迪诺斯环保","ORG_CODE":"10472735","STD_REPORT_DATE":"2022-06-30 00:00:00","REPORT_DATE":"2022-06-30 00:00:00","DATE_TYPE_CODE":"002","REPORT_TYPE":"2022年中报","PER_NETCASH_OPERATE":-0.000141689792,"PER_OI":0.070529130409,"BPS":0.339648987154,"BASIC_EPS":-0.017,"DILUTED_EPS":-0.017,"OPERATE_INCOME":34844000,"OPERATE_INCOME_YOY":11.9665809769,"GROSS_PROFIT":6401000,"GROSS_PROFIT_YOY":77.953850430915,"HOLDER_PROFIT":-8440000,"HOLDER_PROFIT_YOY":-380.4918577601,"GROSS_PROFIT_RATIO":18.370451153714,"EPS_TTM":-0.048063201744,"OPERATE_INCOME_QOQ":5.211307024909,"NET_PROFIT_RATIO":-24.2222477328,"ROE_AVG":-4.128350616318,"GROSS_PROFIT_QOQ":22.940358340833,"ROA":-2.65334127659,"HOLDER_PROFIT_QOQ":-93.111581001952,"ROE_YEARLY":-8.256701232635,"ROIC_YEARLY":-6.869943184593,"TOTAL_ASSETS":310392000,"TOTAL_LIABILITIES":109033000,"TAX_EBT":null,"OCF_SALES":-0.200895419584,"TOTAL_PARENT_EQUITY":201359000,"DEBT_ASSET_RATIO":35.1275161731,"OPERATE_PROFIT":-8354000,"PRETAX_PROFIT":-8440000,"NETCASH_OPERATE":-70000,"NETCASH_INVEST":210000,"NETCASH_FINANCE":-406000,"END_CASH":73404000,"DIVI_RATIO":null,"DIVIDEND_RATE":null,"CURRENT_RATIO":2.412334132002,"COMMON_ACS":5000000000,"CURRENTDEBT_DEBT":95.313345500903,"ISSUED_COMMON_SHARES":592844400,"HK_COMMON_SHARES":592844400,"PER_SHARES":1000,"TOTAL_MARKET_CAP":39720574.8,"HKSK_MARKET_CAP":39720574.8,"PE_TTM":-1.416710544421,"PB_TTM":0.228958690173,"REPORT_DATE_SQ":"2021-06-30 00:00:00","REPORT_TYPE_SQ":"2021年中报","OPERATE_INCOME_SQ":31120000,"DPS_HKD":null,"OPERATE_INCOME_QOQ_SQ":13.370692849203,"NET_PROFIT_RATIO_SQ":-8.0848329049,"HOLDER_PROFIT_SQ":3009000,"HOLDER_PROFIT_QOQ_SQ":36.334236933467,"ROE_AVG_SQ":1.351572904759,"PE_TTM_SQ":-1.276903711441,"PB_TTM_SQ":0.176300400481,"ROA_SQ":0.977038459728,"START_DATE":"2022-01-01 00:00:00","FISCAL_YEAR":"12-31","CURRENCY":"HKD","IS_CNY_CODE":0,"DPS_HKD_LY":null,"ORG_TYPE":"一般企业","PREMIUM_INCOME":null,"PREMIUM_INCOME_YOY":null,"NET_INTEREST_INCOME":null,"NET_INTEREST_INCOME_YOY":null,"FEE_COMMISSION_INCOME":null,"FEE_COMMISSION_INCOME_YOY":null,"ACCOUNTS_RECE_TDAYS":1.261686642286,"INVENTORY_TDAYS":0.216612024355,"CURRENT_ASSETS_TDAYS":0.135566051683,"TOTAL_ASSETS_TDAYS":0.109541496969,"PREMIUM_EXPENSE":null,"LOAN_DEPOSIT":null,"LOAN_EQUITY":null,"LOAN_ASSETS":null,"DEPOSIT_EQUITY":null,"DEPOSIT_ASSETS":null,"EQUITY_MULTIPLIER":1.541485605312,"EQUITY_RATIO":0.541485605312},{"SECUCODE":"01452.HK","SECURITY_CODE":"01452","SECURITY_NAME_ABBR":"迪诺斯环保","ORG_CODE":"10472735","STD_REPORT_DATE":"2021-12-31 00:00:00","REPORT_DATE":"2021-12-31 00:00:00","DATE_TYPE_CODE":"001","REPORT_TYPE":"2021年年报","PER_NETCASH_OPERATE":-0.05584197135,"PER_OI":0.144645036708,"BPS":0.350042945501,"BASIC_EPS":-0.02,"DILUTED_EPS":-0.02,"OPERATE_INCOME":71460000,"OPERATE_INCOME_YOY":10.318636532,"GROSS_PROFIT":12223000,"GROSS_PROFIT_YOY":-22.096876991715,"HOLDER_PROFIT":-12296000,"HOLDER_PROFIT_YOY":41.5228040139,"GROSS_PROFIT_RATIO":17.104673943465,"EPS_TTM":-0.024888824116,"OPERATE_INCOME_QOQ":-2.692103435598,"NET_PROFIT_RATIO":-27.2222222222,"ROE_AVG":-5.732828555976,"GROSS_PROFIT_QOQ":-21.22833021847,"ROA":-3.833437514127,"HOLDER_PROFIT_QOQ":8.149697467693,"ROE_YEARLY":-5.732828555976,"ROIC_YEARLY":-5.219037432247,"TOTAL_ASSETS":325787000,"TOTAL_LIABILITIES":118266000,"TAX_EBT":null,"OCF_SALES":-38.606213266163,"TOTAL_PARENT_EQUITY":207521000,"DEBT_ASSET_RATIO":36.3016326618,"OPERATE_PROFIT":-19352000,"PRETAX_PROFIT":-19453000,"NETCASH_OPERATE":-27588000,"NETCASH_INVEST":13613000,"NETCASH_FINANCE":1971000,"END_CASH":71359000,"DIVI_RATIO":null,"DIVIDEND_RATE":null,"CURRENT_RATIO":2.359156506705,"COMMON_ACS":5000000000,"CURRENTDEBT_DEBT":94.389765443999,"ISSUED_COMMON_SHARES":592844400,"HK_COMMON_SHARES":592844400,"PER_SHARES":1000,"TOTAL_MARKET_CAP":39720574.8,"HKSK_MARKET_CAP":39720574.8,"PE_TTM":-1.416710544421,"PB_TTM":0.228958690173,"REPORT_DATE_SQ":"2020-12-31 00:00:00","REPORT_TYPE_SQ":"2020年年报","OPERATE_INCOME_SQ":64776000,"DPS_HKD":null,"OPERATE_INCOME_QOQ_SQ":-5.099843239521,"NET_PROFIT_RATIO_SQ":-33.036927257,"HOLDER_PROFIT_SQ":-21027000,"HOLDER_PROFIT_QOQ_SQ":22.254677216594,"ROE_AVG_SQ":-8.993276534592,"PE_TTM_SQ":-1.276903711441,"PB_TTM_SQ":0.176300400481,"ROA_SQ":-6.698416743653,"START_DATE":"2021-01-01 00:00:00","FISCAL_YEAR":"12-31","CURRENCY":"HKD","IS_CNY_CODE":0,"DPS_HKD_LY":null,"ORG_TYPE":"一般企业","PREMIUM_INCOME":null,"PREMIUM_INCOME_YOY":null,"NET_INTEREST_INCOME":null,"NET_INTEREST_INCOME_YOY":null,"FEE_COMMISSION_INCOME":null,"FEE_COMMISSION_INCOME_YOY":null,"ACCOUNTS_RECE_TDAYS":2.117709815078,"INVENTORY_TDAYS":0.556848626139,"CURRENT_ASSETS_TDAYS":0.287991875292,"TOTAL_ASSETS_TDAYS":0.222785820396,"PREMIUM_EXPENSE":null,"LOAN_DEPOSIT":null,"LOAN_EQUITY":null,"LOAN_ASSETS":null,"DEPOSIT_EQUITY":null,"DEPOSIT_ASSETS":null,"EQUITY_MULTIPLIER":1.569898949985,"EQUITY_RATIO":0.569898949986},{"SECUCODE":"01452.HK","SECURITY_CODE":"01452","SECURITY_NAME_ABBR":"迪诺斯环保","ORG_CODE":"10472735","STD_REPORT_DATE":"2021-06-30 00:00:00","REPORT_DATE":"2021-06-30 00:00:00","DATE_TYPE_CODE":"002","REPORT_TYPE":"2021年中报","PER_NETCASH_OPERATE":-0.058606946443,"PER_OI":0.06299123345,"BPS":0.377522331323,"BASIC_EPS":0.006,"DILUTED_EPS":0.006,"OPERATE_INCOME":31120000,"OPERATE_INCOME_YOY":38.563604791,"GROSS_PROFIT":3597000,"GROSS_PROFIT_YOY":-4.588859416446,"HOLDER_PROFIT":3009000,"HOLDER_PROFIT_YOY":164.9751673505,"GROSS_PROFIT_RATIO":11.558483290488,"EPS_TTM":-0.027097160739,"OPERATE_INCOME_QOQ":13.370692849203,"NET_PROFIT_RATIO":-8.0848329049,"ROE_AVG":1.351572904759,"GROSS_PROFIT_QOQ":-1.102613129382,"ROA":0.977038459728,"HOLDER_PROFIT_QOQ":36.334236933467,"ROE_YEARLY":2.703145809518,"ROIC_YEARLY":2.691389164677,"TOTAL_ASSETS":300217000,"TOTAL_LIABILITIES":76405000,"TAX_EBT":null,"OCF_SALES":-93.039845758355,"TOTAL_PARENT_EQUITY":223812000,"DEBT_ASSET_RATIO":25.4499245546,"OPERATE_PROFIT":-2400000,"PRETAX_PROFIT":-2516000,"NETCASH_OPERATE":-28954000,"NETCASH_INVEST":15606000,"NETCASH_FINANCE":-1203000,"END_CASH":69783000,"DIVI_RATIO":null,"DIVIDEND_RATE":null,"CURRENT_RATIO":3.351072671184,"COMMON_ACS":5000000000,"CURRENTDEBT_DEBT":92.914076303907,"ISSUED_COMMON_SHARES":592844400,"HK_COMMON_SHARES":592844400,"PER_SHARES":1000,"TOTAL_MARKET_CAP":39720574.8,"HKSK_MARKET_CAP":39720574.8,"PE_TTM":-1.416710544421,"PB_TTM":0.228958690173,"REPORT_DATE_SQ":"2020-06-30 00:00:00","REPORT_TYPE_SQ":"2020年中报","OPERATE_INCOME_SQ":22459000,"DPS_HKD":null,"OPERATE_INCOME_QOQ_SQ":10.914852128697,"NET_PROFIT_RATIO_SQ":-20.490671891,"HOLDER_PROFIT_SQ":-4631000,"HOLDER_PROFIT_QOQ_SQ":32.482899795297,"ROE_AVG_SQ":-1.894201232806,"PE_TTM_SQ":-1.276903711441,"PB_TTM_SQ":0.176300400481,"ROA_SQ":-1.464336250306,"START_DATE":"2021-01-01 00:00:00","FISCAL_YEAR":"12-31","CURRENCY":"HKD","IS_CNY_CODE":0,"DPS_HKD_LY":null,"ORG_TYPE":"一般企业","PREMIUM_INCOME":null,"PREMIUM_INCOME_YOY":null,"NET_INTEREST_INCOME":null,"NET_INTEREST_INCOME_YOY":null,"FEE_COMMISSION_INCOME":null,"FEE_COMMISSION_INCOME_YOY":null,"ACCOUNTS_RECE_TDAYS":1.001512567181,"INVENTORY_TDAYS":0.273524574279,"CURRENT_ASSETS_TDAYS":0.132199105787,"TOTAL_ASSETS_TDAYS":0.101048311289,"PREMIUM_EXPENSE":null,"LOAN_DEPOSIT":null,"LOAN_EQUITY":null,"LOAN_ASSETS":null,"DEPOSIT_EQUITY":null,"DEPOSIT_ASSETS":null,"EQUITY_MULTIPLIER":1.341380265581,"EQUITY_RATIO":0.34138026558},{"SECUCODE":"01452.HK","SECURITY_CODE":"01452","SECURITY_NAME_ABBR":"迪诺斯环保","ORG_CODE":"10472735","STD_REPORT_DATE":"2020-12-31 00:00:00","REPORT_DATE":"2020-12-31 00:00:00","DATE_TYPE_CODE":"001","REPORT_TYPE":"2020年年报","PER_NETCASH_OPERATE":-0.004592773416,"PER_OI":0.131115685667,"BPS":0.373533088952,"BASIC_EPS":-0.04,"DILUTED_EPS":-0.04,"OPERATE_INCOME":64776000,"OPERATE_INCOME_YOY":5.2583685408,"GROSS_PROFIT":15690000,"GROSS_PROFIT_YOY":135.585585585586,"HOLDER_PROFIT":-21027000,"HOLDER_PROFIT_YOY":47.5086125119,"GROSS_PROFIT_RATIO":24.221934049648,"EPS_TTM":-0.042561589517,"OPERATE_INCOME_QOQ":-5.099843239521,"NET_PROFIT_RATIO":-33.036927257,"ROE_AVG":-8.993276534592,"GROSS_PROFIT_QOQ":61.187589891103,"ROA":-6.698416743653,"HOLDER_PROFIT_QOQ":22.254677216594,"ROE_YEARLY":-8.993276534592,"ROIC_YEARLY":-10.808379616898,"TOTAL_ASSETS":315726000,"TOTAL_LIABILITIES":80290000,"TAX_EBT":null,"OCF_SALES":-3.502840558231,"TOTAL_PARENT_EQUITY":221447000,"DEBT_ASSET_RATIO":25.4302781526,"OPERATE_PROFIT":-20923000,"PRETAX_PROFIT":-21400000,"NETCASH_OPERATE":-2764000,"NETCASH_INVEST":-32854000,"NETCASH_FINANCE":-1155000,"END_CASH":84967000,"DIVI_RATIO":null,"DIVIDEND_RATE":null,"CURRENT_RATIO":3.07600570538,"COMMON_ACS":5000000000,"CURRENTDEBT_DEBT":94.305642047578,"ISSUED_COMMON_SHARES":592844400,"HK_COMMON_SHARES":592844400,"PER_SHARES":1000,"TOTAL_MARKET_CAP":39720574.8,"HKSK_MARKET_CAP":39720574.8,"PE_TTM":-1.416710544421,"PB_TTM":0.228958690173,"REPORT_DATE_SQ":"2019-12-31 00:00:00","REPORT_TYPE_SQ":"2019年年报","OPERATE_INCOME_SQ":61540000,"DPS_HKD":null,"OPERATE_INCOME_QOQ_SQ":1.772838526163,"NET_PROFIT_RATIO_SQ":-63.440038999,"HOLDER_PROFIT_SQ":-40058000,"HOLDER_PROFIT_QOQ_SQ":6.37372911067,"ROE_AVG_SQ":-15.079353128953,"PE_TTM_SQ":-1.276903711441,"PB_TTM_SQ":0.176300400481,"ROA_SQ":-12.365946570023,"START_DATE":"2020-01-01 00:00:00","FISCAL_YEAR":"12-31","CURRENCY":"HKD","IS_CNY_CODE":0,"DPS_HKD_LY":null,"ORG_TYPE":"一般企业","PREMIUM_INCOME":null,"PREMIUM_INCOME_YOY":null,"NET_INTEREST_INCOME":null,"NET_INTEREST_INCOME_YOY":null,"FEE_COMMISSION_INCOME":null,"FEE_COMMISSION_INCOME_YOY":null,"ACCOUNTS_RECE_TDAYS":1.969294378743,"INVENTORY_TDAYS":0.651664808029,"CURRENT_ASSETS_TDAYS":0.269044662178,"TOTAL_ASSETS_TDAYS":0.206352139148,"PREMIUM_EXPENSE":null,"LOAN_DEPOSIT":null,"LOAN_EQUITY":null,"LOAN_ASSETS":null,"DEPOSIT_EQUITY":null,"DEPOSIT_ASSETS":null,"EQUITY_MULTIPLIER":1.341026860803,"EQUITY_RATIO":0.362569824834},{"SECUCODE":"01452.HK","SECURITY_CODE":"01452","SECURITY_NAME_ABBR":"迪诺斯环保","ORG_CODE":"10472735","STD_REPORT_DATE":"2020-06-30 00:00:00","REPORT_DATE":"2020-06-30 00:00:00","DATE_TYPE_CODE":"002","REPORT_TYPE":"2020年中报","PER_NETCASH_OPERATE":-0.010126771881,"PER_OI":0.045460157842,"BPS":0.409545911204,"BASIC_EPS":-0.009,"DILUTED_EPS":-0.009,"OPERATE_INCOME":22459000,"OPERATE_INCOME_YOY":42.669292339,"GROSS_PROFIT":3770000,"GROSS_PROFIT_YOY":441.666666666667,"HOLDER_PROFIT":-4631000,"HOLDER_PROFIT_YOY":73.7516295415,"GROSS_PROFIT_RATIO":16.786143639521,"EPS_TTM":-0.054744887529,"OPERATE_INCOME_QOQ":10.914852128697,"NET_PROFIT_RATIO":-20.490671891,"ROE_AVG":-1.894201232806,"GROSS_PROFIT_QOQ":46.156156156156,"ROA":-1.464336250306,"HOLDER_PROFIT_QOQ":32.482899795297,"ROE_YEARLY":-3.788402465611,"ROIC_YEARLY":-5.144255202157,"TOTAL_ASSETS":320411000,"TOTAL_LIABILITIES":63223000,"TAX_EBT":1.897250053294,"OCF_SALES":-22.276147646823,"TOTAL_PARENT_EQUITY":242797000,"DEBT_ASSET_RATIO":19.7318444123,"OPERATE_PROFIT":-4813000,"PRETAX_PROFIT":-4691000,"NETCASH_OPERATE":-5003000,"NETCASH_INVEST":-3241000,"NETCASH_FINANCE":null,"END_CASH":118246000,"DIVI_RATIO":null,"DIVIDEND_RATE":null,"CURRENT_RATIO":4.220229157146,"COMMON_ACS":5000000000,"CURRENTDEBT_DEBT":96.907770906158,"ISSUED_COMMON_SHARES":592844400,"HK_COMMON_SHARES":592844400,"PER_SHARES":1000,"TOTAL_MARKET_CAP":39720574.8,"HKSK_MARKET_CAP":39720574.8,"PE_TTM":-1.416710544421,"PB_TTM":0.228958690173,"REPORT_DATE_SQ":"2019-06-30 00:00:00","REPORT_TYPE_SQ":"2019年中报","OPERATE_INCOME_SQ":15742000,"DPS_HKD":null,"OPERATE_INCOME_QOQ_SQ":11.080902344037,"NET_PROFIT_RATIO_SQ":-108.1247617838,"HOLDER_PROFIT_SQ":-17643000,"HOLDER_PROFIT_QOQ_SQ":-7.727364286434,"ROE_AVG_SQ":-6.382286018152,"PE_TTM_SQ":-1.276903711441,"PB_TTM_SQ":0.176300400481,"ROA_SQ":-5.353201134176,"START_DATE":"2020-01-01 00:00:00","FISCAL_YEAR":"12-31","CURRENCY":"HKD","IS_CNY_CODE":0,"DPS_HKD_LY":null,"ORG_TYPE":"一般企业","PREMIUM_INCOME":null,"PREMIUM_INCOME_YOY":null,"NET_INTEREST_INCOME":null,"NET_INTEREST_INCOME_YOY":null,"FEE_COMMISSION_INCOME":null,"FEE_COMMISSION_INCOME_YOY":null,"ACCOUNTS_RECE_TDAYS":0.699559251818,"INVENTORY_TDAYS":0.283329795943,"CURRENT_ASSETS_TDAYS":0.088563868592,"TOTAL_ASSETS_TDAYS":0.071016039399,"PREMIUM_EXPENSE":null,"LOAN_DEPOSIT":null,"LOAN_EQUITY":null,"LOAN_ASSETS":null,"DEPOSIT_EQUITY":null,"DEPOSIT_ASSETS":null,"EQUITY_MULTIPLIER":1.245824066441,"EQUITY_RATIO":0.260394485929}],"count":22},"success":true,"message":"ok","code":0}