{"version":"df06f4c1b324d7c133b4d979106e3e37","result":{"pages":3,"data":[{"SECUCODE":"01450.HK","SECURITY_CODE":"01450","SECURITY_NAME_ABBR":"交个朋友控股","ORG_CODE":"10401229","STD_REPORT_DATE":"2024-06-30 00:00:00","REPORT_DATE":"2024-06-30 00:00:00","DATE_TYPE_CODE":"002","REPORT_TYPE":"2024年中报","PER_NETCASH_OPERATE":0.014568881436,"PER_OI":0.447256679302,"BPS":0.295100615027,"BASIC_EPS":0.0635,"DILUTED_EPS":0.0617,"OPERATE_INCOME":622063000,"OPERATE_INCOME_YOY":43.7697605621,"GROSS_PROFIT":320598000,"GROSS_PROFIT_YOY":31.198513674441,"HOLDER_PROFIT":85077000,"HOLDER_PROFIT_YOY":92.5690357628,"GROSS_PROFIT_RATIO":51.537866743401,"EPS_TTM":0.115296415052,"OPERATE_INCOME_QOQ":17.627927974049,"NET_PROFIT_RATIO":13.4733941739,"ROE_AVG":24.096866702071,"GROSS_PROFIT_QOQ":13.447813585931,"ROA":10.311826171484,"HOLDER_PROFIT_QOQ":34.234317188729,"ROE_YEARLY":48.193733404142,"ROIC_YEARLY":26.479486078171,"TOTAL_ASSETS":895499000,"TOTAL_LIABILITIES":483954000,"TAX_EBT":13.963825244313,"OCF_SALES":3.257387113524,"TOTAL_PARENT_EQUITY":408612000,"DEBT_ASSET_RATIO":54.0429414215,"OPERATE_PROFIT":102726000,"PRETAX_PROFIT":97416000,"NETCASH_OPERATE":20263000,"NETCASH_INVEST":-10925000,"NETCASH_FINANCE":49683000,"END_CASH":208244000,"DIVI_RATIO":null,"DIVIDEND_RATE":null,"CURRENT_RATIO":1.607260254395,"COMMON_ACS":5000000000,"CURRENTDEBT_DEBT":86.747914057948,"ISSUED_COMMON_SHARES":1384653163,"HK_COMMON_SHARES":1384653163,"PER_SHARES":2000,"TOTAL_MARKET_CAP":1370806631.37,"HKSK_MARKET_CAP":1370806631.37,"PE_TTM":7.739310766547,"PB_TTM":3.061847905394,"REPORT_DATE_SQ":"2023-06-30 00:00:00","REPORT_TYPE_SQ":"2023年中报","OPERATE_INCOME_SQ":432680000,"DPS_HKD":null,"OPERATE_INCOME_QOQ_SQ":69.43675606077,"NET_PROFIT_RATIO_SQ":9.9965332347,"HOLDER_PROFIT_SQ":44180000,"HOLDER_PROFIT_QOQ_SQ":773.14000217226,"ROE_AVG_SQ":31.374052848733,"PE_TTM_SQ":30.354993068586,"PB_TTM_SQ":10.281008609734,"ROA_SQ":8.52223680746,"START_DATE":"2024-01-01 00:00:00","FISCAL_YEAR":"12-31","CURRENCY":"HKD","IS_CNY_CODE":0,"DPS_HKD_LY":null,"ORG_TYPE":"一般企业","PREMIUM_INCOME":null,"PREMIUM_INCOME_YOY":null,"NET_INTEREST_INCOME":null,"NET_INTEREST_INCOME_YOY":null,"FEE_COMMISSION_INCOME":null,"FEE_COMMISSION_INCOME_YOY":null,"ACCOUNTS_RECE_TDAYS":2.139736068616,"INVENTORY_TDAYS":4.592422765218,"CURRENT_ASSETS_TDAYS":1.035010423929,"TOTAL_ASSETS_TDAYS":0.753976459409,"PREMIUM_EXPENSE":null,"LOAN_DEPOSIT":null,"LOAN_EQUITY":null,"LOAN_ASSETS":null,"DEPOSIT_EQUITY":null,"DEPOSIT_ASSETS":null,"EQUITY_MULTIPLIER":2.175944307428,"EQUITY_RATIO":1.184385186925},{"SECUCODE":"01450.HK","SECURITY_CODE":"01450","SECURITY_NAME_ABBR":"交个朋友控股","ORG_CODE":"10401229","STD_REPORT_DATE":"2023-12-31 00:00:00","REPORT_DATE":"2023-12-31 00:00:00","DATE_TYPE_CODE":"001","REPORT_TYPE":"2023年年报","PER_NETCASH_OPERATE":0.131565706328,"PER_OI":0.772435435893,"BPS":0.21486463755,"BASIC_EPS":0.0905,"DILUTED_EPS":0.0865,"OPERATE_INCOME":1074335000,"OPERATE_INCOME_YOY":152.4247778462,"GROSS_PROFIT":566910000,"GROSS_PROFIT_YOY":185.960009684839,"HOLDER_PROFIT":119462000,"HOLDER_PROFIT_YOY":1397.5127620289,"GROSS_PROFIT_RATIO":52.768456766279,"EPS_TTM":0.085891907126,"OPERATE_INCOME_QOQ":48.978759812684,"NET_PROFIT_RATIO":10.6085159657,"ROE_AVG":61.135903052138,"GROSS_PROFIT_QOQ":46.210308044649,"ROA":19.885592342194,"HOLDER_PROFIT_QOQ":92.755260100684,"ROE_YEARLY":61.135903052138,"ROIC_YEARLY":24.203560979958,"TOTAL_ASSETS":754587000,"TOTAL_LIABILITIES":452877000,"TAX_EBT":18.311484457314,"OCF_SALES":17.03258294666,"TOTAL_PARENT_EQUITY":297513000,"DEBT_ASSET_RATIO":60.0165388484,"OPERATE_PROFIT":145781000,"PRETAX_PROFIT":139519000,"NETCASH_OPERATE":182987000,"NETCASH_INVEST":-74470000,"NETCASH_FINANCE":-10278000,"END_CASH":149536000,"DIVI_RATIO":null,"DIVIDEND_RATE":null,"CURRENT_RATIO":1.291772113135,"COMMON_ACS":5000000000,"CURRENTDEBT_DEBT":90.131536819048,"ISSUED_COMMON_SHARES":1384653163,"HK_COMMON_SHARES":1384653163,"PER_SHARES":2000,"TOTAL_MARKET_CAP":1412346226.26,"HKSK_MARKET_CAP":1412346226.26,"PE_TTM":7.97383533523,"PB_TTM":3.154631175254,"REPORT_DATE_SQ":"2022-12-31 00:00:00","REPORT_TYPE_SQ":"2022年年报","OPERATE_INCOME_SQ":425606000,"DPS_HKD":null,"OPERATE_INCOME_QOQ_SQ":85.941029214524,"NET_PROFIT_RATIO_SQ":-3.8512145036,"HOLDER_PROFIT_SQ":-9207000,"HOLDER_PROFIT_QOQ_SQ":86.400697172905,"ROE_AVG_SQ":-11.574216663,"PE_TTM_SQ":29.751913736098,"PB_TTM_SQ":10.076750160534,"ROA_SQ":-2.117556955198,"START_DATE":"2023-01-01 00:00:00","FISCAL_YEAR":"12-31","CURRENCY":"HKD","IS_CNY_CODE":0,"DPS_HKD_LY":null,"ORG_TYPE":"一般企业","PREMIUM_INCOME":null,"PREMIUM_INCOME_YOY":null,"NET_INTEREST_INCOME":null,"NET_INTEREST_INCOME_YOY":null,"FEE_COMMISSION_INCOME":null,"FEE_COMMISSION_INCOME_YOY":null,"ACCOUNTS_RECE_TDAYS":4.396624576179,"INVENTORY_TDAYS":7.737791163128,"CURRENT_ASSETS_TDAYS":2.4410879222,"TOTAL_ASSETS_TDAYS":1.788333348592,"PREMIUM_EXPENSE":null,"LOAN_DEPOSIT":null,"LOAN_EQUITY":null,"LOAN_ASSETS":null,"DEPOSIT_EQUITY":null,"DEPOSIT_ASSETS":null,"EQUITY_MULTIPLIER":2.501034105598,"EQUITY_RATIO":1.522209113551},{"SECUCODE":"01450.HK","SECURITY_CODE":"01450","SECURITY_NAME_ABBR":"交个朋友控股","ORG_CODE":"10401229","STD_REPORT_DATE":"2023-06-30 00:00:00","REPORT_DATE":"2023-06-30 00:00:00","DATE_TYPE_CODE":"002","REPORT_TYPE":"2023年中报","PER_NETCASH_OPERATE":0.050601763254,"PER_OI":0.312237003531,"BPS":0.136018899919,"BASIC_EPS":0.0336,"DILUTED_EPS":0.032,"OPERATE_INCOME":432680000,"OPERATE_INCOME_YOY":215.4725015129,"GROSS_PROFIT":244361000,"GROSS_PROFIT_YOY":345.32101397773,"HOLDER_PROFIT":44180000,"HOLDER_PROFIT_YOY":263.6114505796,"GROSS_PROFIT_RATIO":56.476148654895,"EPS_TTM":0.044724046711,"OPERATE_INCOME_QOQ":69.43675606077,"NET_PROFIT_RATIO":9.9965332347,"ROE_AVG":31.374052848733,"GROSS_PROFIT_QOQ":95.581292118962,"ROA":8.52223680746,"HOLDER_PROFIT_QOQ":773.14000217226,"ROE_YEARLY":62.748105697466,"ROIC_YEARLY":19.701182383094,"TOTAL_ASSETS":589911000,"TOTAL_LIABILITIES":392811000,"TAX_EBT":10.267208829509,"OCF_SALES":16.206203198669,"TOTAL_PARENT_EQUITY":188339000,"DEBT_ASSET_RATIO":66.5881802509,"OPERATE_PROFIT":55661000,"PRETAX_PROFIT":48202000,"NETCASH_OPERATE":70121000,"NETCASH_INVEST":-39690000,"NETCASH_FINANCE":-11112000,"END_CASH":70438000,"DIVI_RATIO":null,"DIVIDEND_RATE":null,"CURRENT_RATIO":1.059528153576,"COMMON_ACS":5000000000,"CURRENTDEBT_DEBT":92.788389327183,"ISSUED_COMMON_SHARES":1384653163,"HK_COMMON_SHARES":1384653163,"PER_SHARES":2000,"TOTAL_MARKET_CAP":1412346226.26,"HKSK_MARKET_CAP":1412346226.26,"PE_TTM":7.97383533523,"PB_TTM":3.154631175254,"REPORT_DATE_SQ":"2022-06-30 00:00:00","REPORT_TYPE_SQ":"2022年中报","OPERATE_INCOME_SQ":137153000,"DPS_HKD":null,"OPERATE_INCOME_QOQ_SQ":12.873049687358,"NET_PROFIT_RATIO_SQ":-21.8697367174,"HOLDER_PROFIT_SQ":-27003000,"HOLDER_PROFIT_QOQ_SQ":-9.879087884444,"ROE_AVG_SQ":-44.706953642384,"PE_TTM_SQ":29.751913736098,"PB_TTM_SQ":10.076750160534,"ROA_SQ":-6.767889680616,"START_DATE":"2023-01-01 00:00:00","FISCAL_YEAR":"12-31","CURRENCY":"HKD","IS_CNY_CODE":0,"DPS_HKD_LY":null,"ORG_TYPE":"一般企业","PREMIUM_INCOME":null,"PREMIUM_INCOME_YOY":null,"NET_INTEREST_INCOME":null,"NET_INTEREST_INCOME_YOY":null,"FEE_COMMISSION_INCOME":null,"FEE_COMMISSION_INCOME_YOY":null,"ACCOUNTS_RECE_TDAYS":1.967630594045,"INVENTORY_TDAYS":2.963203650525,"CURRENT_ASSETS_TDAYS":1.170816714201,"TOTAL_ASSETS_TDAYS":0.834631376607,"PREMIUM_EXPENSE":null,"LOAN_DEPOSIT":null,"LOAN_EQUITY":null,"LOAN_ASSETS":null,"DEPOSIT_EQUITY":null,"DEPOSIT_ASSETS":null,"EQUITY_MULTIPLIER":2.992952815828,"EQUITY_RATIO":2.085659369541},{"SECUCODE":"01450.HK","SECURITY_CODE":"01450","SECURITY_NAME_ABBR":"交个朋友控股","ORG_CODE":"10401229","STD_REPORT_DATE":"2022-12-31 00:00:00","REPORT_DATE":"2022-12-31 00:00:00","DATE_TYPE_CODE":"001","REPORT_TYPE":"2022年年报","PER_NETCASH_OPERATE":-0.001589297718,"PER_OI":0.324575165334,"BPS":0.067377883858,"BASIC_EPS":-0.008,"DILUTED_EPS":-0.008,"OPERATE_INCOME":425606000,"OPERATE_INCOME_YOY":109.8773102945,"GROSS_PROFIT":198248000,"GROSS_PROFIT_YOY":208.139950572765,"HOLDER_PROFIT":-9207000,"HOLDER_PROFIT_YOY":85.0572100949,"GROSS_PROFIT_RATIO":46.580170392335,"EPS_TTM":-0.007021431905,"OPERATE_INCOME_QOQ":85.941029214524,"NET_PROFIT_RATIO":-3.8512145036,"ROE_AVG":-11.574216663,"GROSS_PROFIT_QOQ":119.402819894199,"ROA":-2.117556955198,"HOLDER_PROFIT_QOQ":86.400697172905,"ROE_YEARLY":-11.574216663,"ROIC_YEARLY":-2.535267115876,"TOTAL_ASSETS":446906000,"TOTAL_LIABILITIES":343923000,"TAX_EBT":-170.657199471598,"OCF_SALES":-0.489654751108,"TOTAL_PARENT_EQUITY":93295000,"DEBT_ASSET_RATIO":76.9564516923,"OPERATE_PROFIT":5384000,"PRETAX_PROFIT":-6056000,"NETCASH_OPERATE":-2084000,"NETCASH_INVEST":32340000,"NETCASH_FINANCE":-34834000,"END_CASH":50928000,"DIVI_RATIO":null,"DIVIDEND_RATE":null,"CURRENT_RATIO":1.109292296861,"COMMON_ACS":5000000000,"CURRENTDEBT_DEBT":92.507916016085,"ISSUED_COMMON_SHARES":1384653163,"HK_COMMON_SHARES":1384653163,"PER_SHARES":2000,"TOTAL_MARKET_CAP":1412346226.26,"HKSK_MARKET_CAP":1412346226.26,"PE_TTM":7.97383533523,"PB_TTM":3.154631175254,"REPORT_DATE_SQ":"2021-12-31 00:00:00","REPORT_TYPE_SQ":"2021年年报","OPERATE_INCOME_SQ":202788000,"DPS_HKD":null,"OPERATE_INCOME_QOQ_SQ":-4.072432437546,"NET_PROFIT_RATIO_SQ":-33.889579265,"HOLDER_PROFIT_SQ":-61615000,"HOLDER_PROFIT_QOQ_SQ":31.276977815452,"ROE_AVG_SQ":-84.011098764001,"PE_TTM_SQ":29.751913736098,"PB_TTM_SQ":10.076750160534,"ROA_SQ":-13.375330910007,"START_DATE":"2022-01-01 00:00:00","FISCAL_YEAR":"12-31","CURRENCY":"HKD","IS_CNY_CODE":0,"DPS_HKD_LY":null,"ORG_TYPE":"一般企业","PREMIUM_INCOME":null,"PREMIUM_INCOME_YOY":null,"NET_INTEREST_INCOME":null,"NET_INTEREST_INCOME_YOY":null,"FEE_COMMISSION_INCOME":null,"FEE_COMMISSION_INCOME_YOY":null,"ACCOUNTS_RECE_TDAYS":2.421132272965,"INVENTORY_TDAYS":3.303877760098,"CURRENT_ASSETS_TDAYS":1.22012198181,"TOTAL_ASSETS_TDAYS":0.978869279325,"PREMIUM_EXPENSE":null,"LOAN_DEPOSIT":null,"LOAN_EQUITY":null,"LOAN_ASSETS":null,"DEPOSIT_EQUITY":null,"DEPOSIT_ASSETS":null,"EQUITY_MULTIPLIER":4.339609450103,"EQUITY_RATIO":3.686403344231},{"SECUCODE":"01450.HK","SECURITY_CODE":"01450","SECURITY_NAME_ABBR":"交个朋友控股","ORG_CODE":"10401229","STD_REPORT_DATE":"2022-06-30 00:00:00","REPORT_DATE":"2022-06-30 00:00:00","DATE_TYPE_CODE":"002","REPORT_TYPE":"2022年中报","PER_NETCASH_OPERATE":-0.019567753758,"PER_OI":0.123904715197,"BPS":0.039721138455,"BASIC_EPS":-0.0246,"DILUTED_EPS":-0.0246,"OPERATE_INCOME":137153000,"OPERATE_INCOME_YOY":23.5078524602,"GROSS_PROFIT":54873000,"GROSS_PROFIT_YOY":90.187855261334,"HOLDER_PROFIT":-27003000,"HOLDER_PROFIT_YOY":-29.1021227768,"GROSS_PROFIT_RATIO":40.008603530364,"EPS_TTM":-0.061162329867,"OPERATE_INCOME_QOQ":12.873049687358,"NET_PROFIT_RATIO":-21.8697367174,"ROE_AVG":-44.706953642384,"GROSS_PROFIT_QOQ":40.444845112455,"ROA":-6.767889680616,"HOLDER_PROFIT_QOQ":-9.879087884444,"ROE_YEARLY":-89.413907284768,"ROIC_YEARLY":-16.325457175375,"TOTAL_ASSETS":375293000,"TOTAL_LIABILITIES":306413000,"TAX_EBT":-0.284185891006,"OCF_SALES":-15.792582006956,"TOTAL_PARENT_EQUITY":55000000,"DEBT_ASSET_RATIO":81.6463403261,"OPERATE_PROFIT":-27308000,"PRETAX_PROFIT":-29910000,"NETCASH_OPERATE":-21660000,"NETCASH_INVEST":38471000,"NETCASH_FINANCE":-39414000,"END_CASH":39820000,"DIVI_RATIO":null,"DIVIDEND_RATE":null,"CURRENT_RATIO":1.080763870743,"COMMON_ACS":5000000000,"CURRENTDEBT_DEBT":89.925688531492,"ISSUED_COMMON_SHARES":1384653163,"HK_COMMON_SHARES":1384653163,"PER_SHARES":2000,"TOTAL_MARKET_CAP":1412346226.26,"HKSK_MARKET_CAP":1412346226.26,"PE_TTM":7.97383533523,"PB_TTM":3.154631175254,"REPORT_DATE_SQ":"2021-06-30 00:00:00","REPORT_TYPE_SQ":"2021年中报","OPERATE_INCOME_SQ":111048000,"DPS_HKD":null,"OPERATE_INCOME_QOQ_SQ":37.892189477255,"NET_PROFIT_RATIO_SQ":-21.4582883078,"HOLDER_PROFIT_SQ":-20916000,"HOLDER_PROFIT_QOQ_SQ":8.073330530806,"ROE_AVG_SQ":-29.803787457787,"PE_TTM_SQ":29.751913736098,"PB_TTM_SQ":10.076750160534,"ROA_SQ":-4.436229205176,"START_DATE":"2022-01-01 00:00:00","FISCAL_YEAR":"12-31","CURRENCY":"HKD","IS_CNY_CODE":0,"DPS_HKD_LY":null,"ORG_TYPE":"一般企业","PREMIUM_INCOME":null,"PREMIUM_INCOME_YOY":null,"NET_INTEREST_INCOME":null,"NET_INTEREST_INCOME_YOY":null,"FEE_COMMISSION_INCOME":null,"FEE_COMMISSION_INCOME_YOY":null,"ACCOUNTS_RECE_TDAYS":0.884025369652,"INVENTORY_TDAYS":1.256250333987,"CURRENT_ASSETS_TDAYS":0.426925441429,"TOTAL_ASSETS_TDAYS":0.343753054611,"PREMIUM_EXPENSE":null,"LOAN_DEPOSIT":null,"LOAN_EQUITY":null,"LOAN_ASSETS":null,"DEPOSIT_EQUITY":null,"DEPOSIT_ASSETS":null,"EQUITY_MULTIPLIER":5.448504645763,"EQUITY_RATIO":5.571145454545},{"SECUCODE":"01450.HK","SECURITY_CODE":"01450","SECURITY_NAME_ABBR":"交个朋友控股","ORG_CODE":"10401229","STD_REPORT_DATE":"2021-12-31 00:00:00","REPORT_DATE":"2021-12-31 00:00:00","DATE_TYPE_CODE":"001","REPORT_TYPE":"2021年年报","PER_NETCASH_OPERATE":0.00716223557,"PER_OI":0.186063979854,"BPS":0.047520925643,"BASIC_EPS":-0.0583,"DILUTED_EPS":-0.0583,"OPERATE_INCOME":202788000,"OPERATE_INCOME_YOY":32.2766232241,"GROSS_PROFIT":64337000,"GROSS_PROFIT_YOY":15.193998316951,"HOLDER_PROFIT":-61615000,"HOLDER_PROFIT_YOY":36.8252145472,"GROSS_PROFIT_RATIO":31.726236266446,"EPS_TTM":-0.056533582454,"OPERATE_INCOME_QOQ":-4.072432437546,"NET_PROFIT_RATIO":-33.889579265,"ROE_AVG":-84.011098764001,"GROSS_PROFIT_QOQ":-3.805209174367,"ROA":-13.375330910007,"HOLDER_PROFIT_QOQ":31.276977815452,"ROE_YEARLY":-84.011098764001,"ROIC_YEARLY":-15.384865078117,"TOTAL_ASSETS":422681000,"TOTAL_LIABILITIES":334287000,"TAX_EBT":4.85920757538,"OCF_SALES":3.849340197645,"TOTAL_PARENT_EQUITY":65800000,"DEBT_ASSET_RATIO":79.0873022445,"OPERATE_PROFIT":-55349000,"PRETAX_PROFIT":-72234000,"NETCASH_OPERATE":7806000,"NETCASH_INVEST":4284000,"NETCASH_FINANCE":36099000,"END_CASH":54556000,"DIVI_RATIO":null,"DIVIDEND_RATE":null,"CURRENT_RATIO":1.124791171787,"COMMON_ACS":5000000000,"CURRENTDEBT_DEBT":91.679305506945,"ISSUED_COMMON_SHARES":1384653163,"HK_COMMON_SHARES":1384653163,"PER_SHARES":2000,"TOTAL_MARKET_CAP":1412346226.26,"HKSK_MARKET_CAP":1412346226.26,"PE_TTM":7.97383533523,"PB_TTM":3.154631175254,"REPORT_DATE_SQ":"2020-12-31 00:00:00","REPORT_TYPE_SQ":"2020年年报","OPERATE_INCOME_SQ":153306000,"DPS_HKD":null,"OPERATE_INCOME_QOQ_SQ":22.433235369282,"NET_PROFIT_RATIO_SQ":-63.8963902261,"HOLDER_PROFIT_SQ":-97531000,"HOLDER_PROFIT_QOQ_SQ":3.128693596607,"ROE_AVG_SQ":-77.466422030008,"PE_TTM_SQ":29.751913736098,"PB_TTM_SQ":10.076750160534,"ROA_SQ":-19.243563840702,"START_DATE":"2021-01-01 00:00:00","FISCAL_YEAR":"12-31","CURRENCY":"HKD","IS_CNY_CODE":0,"DPS_HKD_LY":null,"ORG_TYPE":"一般企业","PREMIUM_INCOME":null,"PREMIUM_INCOME_YOY":null,"NET_INTEREST_INCOME":null,"NET_INTEREST_INCOME_YOY":null,"FEE_COMMISSION_INCOME":null,"FEE_COMMISSION_INCOME_YOY":null,"ACCOUNTS_RECE_TDAYS":1.235980874075,"INVENTORY_TDAYS":1.701467958683,"CURRENT_ASSETS_TDAYS":0.552094024889,"TOTAL_ASSETS_TDAYS":0.440210436514,"PREMIUM_EXPENSE":null,"LOAN_DEPOSIT":null,"LOAN_EQUITY":null,"LOAN_ASSETS":null,"DEPOSIT_EQUITY":null,"DEPOSIT_ASSETS":null,"EQUITY_MULTIPLIER":4.781783831486,"EQUITY_RATIO":5.080349544073},{"SECUCODE":"01450.HK","SECURITY_CODE":"01450","SECURITY_NAME_ABBR":"交个朋友控股","ORG_CODE":"10401229","STD_REPORT_DATE":"2021-06-30 00:00:00","REPORT_DATE":"2021-06-30 00:00:00","DATE_TYPE_CODE":"002","REPORT_TYPE":"2021年中报","PER_NETCASH_OPERATE":0.009349401072,"PER_OI":0.106649439157,"BPS":0.04295299472,"BASIC_EPS":-0.0201,"DILUTED_EPS":-0.0201,"OPERATE_INCOME":111048000,"OPERATE_INCOME_YOY":109.69465793,"GROSS_PROFIT":28852000,"GROSS_PROFIT_YOY":61.89888333988,"HOLDER_PROFIT":-20916000,"HOLDER_PROFIT_YOY":27.3497742272,"GROSS_PROFIT_RATIO":25.981557524674,"EPS_TTM":-0.086105726951,"OPERATE_INCOME_QOQ":37.892189477255,"NET_PROFIT_RATIO":-21.4582883078,"ROE_AVG":-29.803787457787,"GROSS_PROFIT_QOQ":19.750765429446,"ROA":-4.436229205176,"HOLDER_PROFIT_QOQ":8.073330530806,"ROE_YEARLY":-59.607574915573,"ROIC_YEARLY":-9.514202959201,"TOTAL_ASSETS":444321000,"TOTAL_LIABILITIES":362856000,"TAX_EBT":-0.391809908999,"OCF_SALES":8.766479360277,"TOTAL_PARENT_EQUITY":59475000,"DEBT_ASSET_RATIO":81.6652825322,"OPERATE_PROFIT":-14027000,"PRETAX_PROFIT":-23736000,"NETCASH_OPERATE":9742000,"NETCASH_INVEST":4504000,"NETCASH_FINANCE":-22240000,"END_CASH":3930000,"DIVI_RATIO":null,"DIVIDEND_RATE":null,"CURRENT_RATIO":1.080938604542,"COMMON_ACS":5000000000,"CURRENTDEBT_DEBT":86.781808761602,"ISSUED_COMMON_SHARES":1384653163,"HK_COMMON_SHARES":1384653163,"PER_SHARES":2000,"TOTAL_MARKET_CAP":1412346226.26,"HKSK_MARKET_CAP":1412346226.26,"PE_TTM":7.97383533523,"PB_TTM":3.154631175254,"REPORT_DATE_SQ":"2020-06-30 00:00:00","REPORT_TYPE_SQ":"2020年中报","OPERATE_INCOME_SQ":52957000,"DPS_HKD":null,"OPERATE_INCOME_QOQ_SQ":-34.452180285819,"NET_PROFIT_RATIO_SQ":-55.6753592537,"HOLDER_PROFIT_SQ":-28790000,"HOLDER_PROFIT_QOQ_SQ":-19.396383041803,"ROE_AVG_SQ":-18.427015194767,"PE_TTM_SQ":29.751913736098,"PB_TTM_SQ":10.076750160534,"ROA_SQ":-5.897771281603,"START_DATE":"2021-01-01 00:00:00","FISCAL_YEAR":"12-31","CURRENCY":"HKD","IS_CNY_CODE":0,"DPS_HKD_LY":null,"ORG_TYPE":"一般企业","PREMIUM_INCOME":null,"PREMIUM_INCOME_YOY":null,"NET_INTEREST_INCOME":null,"NET_INTEREST_INCOME_YOY":null,"FEE_COMMISSION_INCOME":null,"FEE_COMMISSION_INCOME_YOY":null,"ACCOUNTS_RECE_TDAYS":0.603803951847,"INVENTORY_TDAYS":0.942695759383,"CURRENT_ASSETS_TDAYS":0.304125694771,"TOTAL_ASSETS_TDAYS":0.23552992005,"PREMIUM_EXPENSE":null,"LOAN_DEPOSIT":null,"LOAN_EQUITY":null,"LOAN_ASSETS":null,"DEPOSIT_EQUITY":null,"DEPOSIT_ASSETS":null,"EQUITY_MULTIPLIER":5.454133677032,"EQUITY_RATIO":6.100983606557},{"SECUCODE":"01450.HK","SECURITY_CODE":"01450","SECURITY_NAME_ABBR":"交个朋友控股","ORG_CODE":"10401229","STD_REPORT_DATE":"2020-12-31 00:00:00","REPORT_DATE":"2020-12-31 00:00:00","DATE_TYPE_CODE":"001","REPORT_TYPE":"2020年年报","PER_NETCASH_OPERATE":-0.001550070193,"PER_OI":0.14723361897,"BPS":0.058413906212,"BASIC_EPS":-0.0937,"DILUTED_EPS":-0.0937,"OPERATE_INCOME":153306000,"OPERATE_INCOME_YOY":-19.7476836099,"GROSS_PROFIT":55851000,"GROSS_PROFIT_YOY":14.950501162863,"HOLDER_PROFIT":-97531000,"HOLDER_PROFIT_YOY":-15.660836051,"GROSS_PROFIT_RATIO":36.431059449728,"EPS_TTM":-0.093667841388,"OPERATE_INCOME_QOQ":22.433235369282,"NET_PROFIT_RATIO":-63.8963902261,"ROE_AVG":-77.466422030008,"GROSS_PROFIT_QOQ":77.372332317073,"ROA":-19.243563840702,"HOLDER_PROFIT_QOQ":3.128693596607,"ROE_YEARLY":-77.466422030008,"ROIC_YEARLY":-20.513624078495,"TOTAL_ASSETS":498642000,"TOTAL_LIABILITIES":392856000,"TAX_EBT":1.706837383853,"OCF_SALES":-1.052796368048,"TOTAL_PARENT_EQUITY":80883000,"DEBT_ASSET_RATIO":78.7851805504,"OPERATE_PROFIT":-68919000,"PRETAX_PROFIT":-99658000,"NETCASH_OPERATE":-1614000,"NETCASH_INVEST":-3180000,"NETCASH_FINANCE":5001000,"END_CASH":6575000,"DIVI_RATIO":null,"DIVIDEND_RATE":null,"CURRENT_RATIO":1.034711809711,"COMMON_ACS":5000000000,"CURRENTDEBT_DEBT":95.917333577698,"ISSUED_COMMON_SHARES":1384653163,"HK_COMMON_SHARES":1384653163,"PER_SHARES":2000,"TOTAL_MARKET_CAP":1412346226.26,"HKSK_MARKET_CAP":1412346226.26,"PE_TTM":7.97383533523,"PB_TTM":3.154631175254,"REPORT_DATE_SQ":"2019-12-31 00:00:00","REPORT_TYPE_SQ":"2019年年报","OPERATE_INCOME_SQ":191030000,"DPS_HKD":null,"OPERATE_INCOME_QOQ_SQ":-15.304434956484,"NET_PROFIT_RATIO_SQ":-46.4031827462,"HOLDER_PROFIT_SQ":-84325000,"HOLDER_PROFIT_QOQ_SQ":-101.228970289942,"ROE_AVG_SQ":-39.919427375756,"PE_TTM_SQ":29.751913736098,"PB_TTM_SQ":10.076750160534,"ROA_SQ":-13.456152808917,"START_DATE":"2020-01-01 00:00:00","FISCAL_YEAR":"12-31","CURRENCY":"HKD","IS_CNY_CODE":0,"DPS_HKD_LY":null,"ORG_TYPE":"一般企业","PREMIUM_INCOME":null,"PREMIUM_INCOME_YOY":null,"NET_INTEREST_INCOME":null,"NET_INTEREST_INCOME_YOY":null,"FEE_COMMISSION_INCOME":null,"FEE_COMMISSION_INCOME_YOY":null,"ACCOUNTS_RECE_TDAYS":0.872238800875,"INVENTORY_TDAYS":1.081457479096,"CURRENT_ASSETS_TDAYS":0.420895706785,"TOTAL_ASSETS_TDAYS":0.302483702429,"PREMIUM_EXPENSE":null,"LOAN_DEPOSIT":null,"LOAN_EQUITY":null,"LOAN_ASSETS":null,"DEPOSIT_EQUITY":null,"DEPOSIT_ASSETS":null,"EQUITY_MULTIPLIER":4.713686121042,"EQUITY_RATIO":4.857089870554},{"SECUCODE":"01450.HK","SECURITY_CODE":"01450","SECURITY_NAME_ABBR":"交个朋友控股","ORG_CODE":"10401229","STD_REPORT_DATE":"2020-06-30 00:00:00","REPORT_DATE":"2020-06-30 00:00:00","DATE_TYPE_CODE":"002","REPORT_TYPE":"2020年中报","PER_NETCASH_OPERATE":-0.001729663208,"PER_OI":0.050859397283,"BPS":0.102232821751,"BASIC_EPS":-0.0276,"DILUTED_EPS":-0.0276,"OPERATE_INCOME":52957000,"OPERATE_INCOME_YOY":-55.4125165234,"GROSS_PROFIT":17821000,"GROSS_PROFIT_YOY":-48.966208476518,"HOLDER_PROFIT":-28790000,"HOLDER_PROFIT_YOY":-131.5425446357,"GROSS_PROFIT_RATIO":33.651830730593,"EPS_TTM":-0.096693071318,"OPERATE_INCOME_QOQ":-34.452180285819,"NET_PROFIT_RATIO":-55.6753592537,"ROE_AVG":-18.427015194767,"GROSS_PROFIT_QOQ":-35.192541214728,"ROA":-5.897771281603,"HOLDER_PROFIT_QOQ":-19.396383041803,"ROE_YEARLY":-36.854030389534,"ROIC_YEARLY":-12.435304776189,"TOTAL_ASSETS":461295000,"TOTAL_LIABILITIES":309028000,"TAX_EBT":0.395256916996,"OCF_SALES":-3.400872405914,"TOTAL_PARENT_EQUITY":141557000,"DEBT_ASSET_RATIO":66.9914046326,"OPERATE_PROFIT":-15337000,"PRETAX_PROFIT":-29601000,"NETCASH_OPERATE":-1801000,"NETCASH_INVEST":-670000,"NETCASH_FINANCE":3871000,"END_CASH":14444000,"DIVI_RATIO":null,"DIVIDEND_RATE":null,"CURRENT_RATIO":1.036441768433,"COMMON_ACS":5000000000,"CURRENTDEBT_DEBT":93.299959874186,"ISSUED_COMMON_SHARES":1384653163,"HK_COMMON_SHARES":1384653163,"PER_SHARES":2000,"TOTAL_MARKET_CAP":1412346226.26,"HKSK_MARKET_CAP":1412346226.26,"PE_TTM":7.97383533523,"PB_TTM":3.154631175254,"REPORT_DATE_SQ":"2019-06-30 00:00:00","REPORT_TYPE_SQ":"2019年中报","OPERATE_INCOME_SQ":118771000,"DPS_HKD":null,"OPERATE_INCOME_QOQ_SQ":-24.490800257111,"NET_PROFIT_RATIO_SQ":-12.1890023659,"HOLDER_PROFIT_SQ":-12434000,"HOLDER_PROFIT_QOQ_SQ":-18.212079325228,"ROE_AVG_SQ":-5.048776278791,"PE_TTM_SQ":29.751913736098,"PB_TTM_SQ":10.076750160534,"ROA_SQ":-1.803526696808,"START_DATE":"2020-01-01 00:00:00","FISCAL_YEAR":"12-31","CURRENCY":"HKD","IS_CNY_CODE":0,"DPS_HKD_LY":null,"ORG_TYPE":"一般企业","PREMIUM_INCOME":null,"PREMIUM_INCOME_YOY":null,"NET_INTEREST_INCOME":null,"NET_INTEREST_INCOME_YOY":null,"FEE_COMMISSION_INCOME":null,"FEE_COMMISSION_INCOME_YOY":null,"ACCOUNTS_RECE_TDAYS":0.359219250793,"INVENTORY_TDAYS":0.419877750757,"CURRENT_ASSETS_TDAYS":0.166163587529,"TOTAL_ASSETS_TDAYS":0.108484985676,"PREMIUM_EXPENSE":null,"LOAN_DEPOSIT":null,"LOAN_EQUITY":null,"LOAN_ASSETS":null,"DEPOSIT_EQUITY":null,"DEPOSIT_ASSETS":null,"EQUITY_MULTIPLIER":3.029513945897,"EQUITY_RATIO":2.183064066065}],"count":25},"success":true,"message":"ok","code":0}