{"version":"e8c27e5649d08af337f1ae3816885b10","result":{"pages":3,"data":[{"SECUCODE":"01461.HK","SECURITY_CODE":"01461","SECURITY_NAME_ABBR":"中泰期货","ORG_CODE":"10102952","STD_REPORT_DATE":"2024-06-30 00:00:00","REPORT_DATE":"2024-06-30 00:00:00","DATE_TYPE_CODE":"002","REPORT_TYPE":"2024年中报","PER_NETCASH_OPERATE":1.793721504481,"PER_OI":0.831617022986,"BPS":2.542189407845,"BASIC_EPS":0.0006,"DILUTED_EPS":0.0006,"OPERATE_INCOME":833197095.33,"OPERATE_INCOME_YOY":1.1922440429,"GROSS_PROFIT":null,"GROSS_PROFIT_YOY":null,"HOLDER_PROFIT":590868.22,"HOLDER_PROFIT_YOY":-99.1327553908,"GROSS_PROFIT_RATIO":null,"EPS_TTM":0.066052523935,"OPERATE_INCOME_QOQ":0.455905425456,"NET_PROFIT_RATIO":0.0709157801,"ROE_AVG":0.023138136811,"GROSS_PROFIT_QOQ":null,"ROA":0.001851502035,"HOLDER_PROFIT_QOQ":-50.509567857308,"ROE_YEARLY":0.046276273621,"ROIC_YEARLY":0.009681491907,"TOTAL_ASSETS":33699435292.26,"TOTAL_LIABILITIES":31152415724.54,"TAX_EBT":67.485244129586,"OCF_SALES":215.690811383376,"TOTAL_PARENT_EQUITY":2547019567.72,"DEBT_ASSET_RATIO":92.4419517846,"OPERATE_PROFIT":4672661.46,"PRETAX_PROFIT":1817230.99,"NETCASH_OPERATE":1797129575.34,"NETCASH_INVEST":-16644413.41,"NETCASH_FINANCE":-6203683.1,"END_CASH":20197099316.11,"DIVI_RATIO":0.209911221769,"DIVIDEND_RATE":3.06,"CURRENT_RATIO":1.07194844652,"COMMON_ACS":null,"CURRENTDEBT_DEBT":99.701758053913,"ISSUED_COMMON_SHARES":1001900000,"HK_COMMON_SHARES":277090000,"PER_SHARES":1000,"TOTAL_MARKET_CAP":500950000,"HKSK_MARKET_CAP":138545000,"PE_TTM":6.74162889764,"PB_TTM":0.179506687657,"REPORT_DATE_SQ":"2023-06-30 00:00:00","REPORT_TYPE_SQ":"2023年中报","OPERATE_INCOME_SQ":823380391.66,"DPS_HKD":0.0153,"OPERATE_INCOME_QOQ_SQ":-21.479375015158,"NET_PROFIT_RATIO_SQ":8.2746284621,"HOLDER_PROFIT_SQ":68131668.24,"HOLDER_PROFIT_QOQ_SQ":-13.558608050752,"ROE_AVG_SQ":2.759826173844,"PE_TTM_SQ":3.029120082353,"PB_TTM_SQ":0.172150940426,"ROA_SQ":0.231321149069,"START_DATE":"2024-01-01 00:00:00","FISCAL_YEAR":"12-31","CURRENCY":"HKD","IS_CNY_CODE":0,"DPS_HKD_LY":0.0153,"ORG_TYPE":"证券","PREMIUM_INCOME":null,"PREMIUM_INCOME_YOY":null,"NET_INTEREST_INCOME":133689734.56,"NET_INTEREST_INCOME_YOY":null,"FEE_COMMISSION_INCOME":159883809.41,"FEE_COMMISSION_INCOME_YOY":-8.479827799994,"ACCOUNTS_RECE_TDAYS":1.803184407635,"INVENTORY_TDAYS":null,"CURRENT_ASSETS_TDAYS":0.026425902726,"TOTAL_ASSETS_TDAYS":0.026108463197,"PREMIUM_EXPENSE":null,"LOAN_DEPOSIT":null,"LOAN_EQUITY":null,"LOAN_ASSETS":null,"DEPOSIT_EQUITY":null,"DEPOSIT_ASSETS":null,"EQUITY_MULTIPLIER":13.230929090429,"EQUITY_RATIO":12.230929090359},{"SECUCODE":"01461.HK","SECURITY_CODE":"01461","SECURITY_NAME_ABBR":"中泰期货","ORG_CODE":"10102952","STD_REPORT_DATE":"2023-12-31 00:00:00","REPORT_DATE":"2023-12-31 00:00:00","DATE_TYPE_CODE":"001","REPORT_TYPE":"2023年年报","PER_NETCASH_OPERATE":2.847919793582,"PER_OI":2.149149090368,"BPS":2.555435385328,"BASIC_EPS":0.13,"DILUTED_EPS":0.13,"OPERATE_INCOME":2153232473.64,"OPERATE_INCOME_YOY":-12.0277959002,"GROSS_PROFIT":null,"GROSS_PROFIT_YOY":null,"HOLDER_PROFIT":133718823.75,"HOLDER_PROFIT_YOY":-19.4959919341,"GROSS_PROFIT_RATIO":null,"EPS_TTM":0.133465239794,"OPERATE_INCOME_QOQ":12.037065569391,"NET_PROFIT_RATIO":6.2101433722,"ROE_AVG":5.346004449544,"GROSS_PROFIT_QOQ":null,"ROA":0.453395817492,"HOLDER_PROFIT_QOQ":-6.84489527216,"ROE_YEARLY":5.346004449544,"ROIC_YEARLY":1.128430194475,"TOTAL_ASSETS":30126389234.78,"TOTAL_LIABILITIES":27566098522.22,"TAX_EBT":26.295424264061,"OCF_SALES":132.513831001559,"TOTAL_PARENT_EQUITY":2560290712.56,"DEBT_ASSET_RATIO":91.5015015819,"OPERATE_PROFIT":184504090.3,"PRETAX_PROFIT":181425403.26,"NETCASH_OPERATE":2853330841.19,"NETCASH_INVEST":-21308290.06,"NETCASH_FINANCE":-240116065.56,"END_CASH":18422813316.08,"DIVI_RATIO":0.103885970769,"DIVIDEND_RATE":2.781818181818,"CURRENT_RATIO":1.082251589357,"COMMON_ACS":null,"CURRENTDEBT_DEBT":99.770316336935,"ISSUED_COMMON_SHARES":1001900000,"HK_COMMON_SHARES":277090000,"PER_SHARES":1000,"TOTAL_MARKET_CAP":551045000,"HKSK_MARKET_CAP":152399500,"PE_TTM":7.415791787404,"PB_TTM":0.197457356423,"REPORT_DATE_SQ":"2022-12-31 00:00:00","REPORT_TYPE_SQ":"2022年年报","OPERATE_INCOME_SQ":2447628197.65,"DPS_HKD":0.0153,"OPERATE_INCOME_QOQ_SQ":119.740941043915,"NET_PROFIT_RATIO_SQ":6.7845131699,"HOLDER_PROFIT_SQ":166102069.9,"HOLDER_PROFIT_QOQ_SQ":-24.167069571915,"ROE_AVG_SQ":7.03022836641,"PE_TTM_SQ":3.843399674383,"PB_TTM_SQ":0.21842807495,"ROA_SQ":0.672854704377,"START_DATE":"2023-01-01 00:00:00","FISCAL_YEAR":"12-31","CURRENCY":"HKD","IS_CNY_CODE":0,"DPS_HKD_LY":0.0176,"ORG_TYPE":"证券","PREMIUM_INCOME":null,"PREMIUM_INCOME_YOY":null,"NET_INTEREST_INCOME":231733024.01,"NET_INTEREST_INCOME_YOY":null,"FEE_COMMISSION_INCOME":353809957.16,"FEE_COMMISSION_INCOME_YOY":-0.450773812379,"ACCOUNTS_RECE_TDAYS":6.325889165293,"INVENTORY_TDAYS":null,"CURRENT_ASSETS_TDAYS":0.073828908087,"TOTAL_ASSETS_TDAYS":0.07300891305,"PREMIUM_EXPENSE":null,"LOAN_DEPOSIT":null,"LOAN_EQUITY":null,"LOAN_ASSETS":null,"DEPOSIT_EQUITY":null,"DEPOSIT_ASSETS":null,"EQUITY_MULTIPLIER":11.766784563614,"EQUITY_RATIO":10.766784563561},{"SECUCODE":"01461.HK","SECURITY_CODE":"01461","SECURITY_NAME_ABBR":"中泰期货","ORG_CODE":"10102952","STD_REPORT_DATE":"2023-06-30 00:00:00","REPORT_DATE":"2023-06-30 00:00:00","DATE_TYPE_CODE":"002","REPORT_TYPE":"2023年中报","PER_NETCASH_OPERATE":0.308135854936,"PER_OI":0.821818935682,"BPS":2.49037675274,"BASIC_EPS":0.068,"DILUTED_EPS":0.068,"OPERATE_INCOME":823380391.66,"OPERATE_INCOME_YOY":-38.9688791226,"GROSS_PROFIT":null,"GROSS_PROFIT_YOY":null,"HOLDER_PROFIT":68131668.24,"HOLDER_PROFIT_YOY":-24.8385126643,"GROSS_PROFIT_RATIO":null,"EPS_TTM":0.143272062421,"OPERATE_INCOME_QOQ":-21.479375015158,"NET_PROFIT_RATIO":8.2746284621,"ROE_AVG":2.759826173844,"GROSS_PROFIT_QOQ":null,"ROA":0.231321149069,"HOLDER_PROFIT_QOQ":-13.558608050752,"ROE_YEARLY":5.519652347689,"ROIC_YEARLY":1.066068336209,"TOTAL_ASSETS":30047482814.43,"TOTAL_LIABILITIES":27552374345.86,"TAX_EBT":27.422819184644,"OCF_SALES":37.494372733069,"TOTAL_PARENT_EQUITY":2495108468.57,"DEBT_ASSET_RATIO":91.6961148327,"OPERATE_PROFIT":95398722.87,"PRETAX_PROFIT":93874779.2,"NETCASH_OPERATE":308721313.06,"NETCASH_INVEST":4331803.12,"NETCASH_FINANCE":23436087.23,"END_CASH":16167283225.7,"DIVI_RATIO":0.096775084868,"DIVIDEND_RATE":2.637931034483,"CURRENT_RATIO":1.08889033229,"COMMON_ACS":null,"CURRENTDEBT_DEBT":99.014221168236,"ISSUED_COMMON_SHARES":1001900000,"HK_COMMON_SHARES":277090000,"PER_SHARES":1000,"TOTAL_MARKET_CAP":581102000,"HKSK_MARKET_CAP":160712200,"PE_TTM":7.820289521262,"PB_TTM":0.208227757683,"REPORT_DATE_SQ":"2022-06-30 00:00:00","REPORT_TYPE_SQ":"2022年中报","OPERATE_INCOME_SQ":1349115631.21,"DPS_HKD":0.0153,"OPERATE_INCOME_QOQ_SQ":48.631324415747,"NET_PROFIT_RATIO_SQ":6.7242649193,"HOLDER_PROFIT_SQ":90647046.32,"HOLDER_PROFIT_QOQ_SQ":7.157119463678,"ROE_AVG_SQ":3.912862535973,"PE_TTM_SQ":3.908542041745,"PB_TTM_SQ":0.222130245711,"ROA_SQ":0.353110616858,"START_DATE":"2023-01-01 00:00:00","FISCAL_YEAR":"12-31","CURRENCY":"HKD","IS_CNY_CODE":0,"DPS_HKD_LY":0.0176,"ORG_TYPE":"证券","PREMIUM_INCOME":null,"PREMIUM_INCOME_YOY":null,"NET_INTEREST_INCOME":108250801.86,"NET_INTEREST_INCOME_YOY":null,"FEE_COMMISSION_INCOME":174697889.62,"FEE_COMMISSION_INCOME_YOY":-1.760637057684,"ACCOUNTS_RECE_TDAYS":2.768067464085,"INVENTORY_TDAYS":null,"CURRENT_ASSETS_TDAYS":0.028260301039,"TOTAL_ASSETS_TDAYS":0.027955472578,"PREMIUM_EXPENSE":null,"LOAN_DEPOSIT":null,"LOAN_EQUITY":null,"LOAN_ASSETS":null,"DEPOSIT_EQUITY":null,"DEPOSIT_ASSETS":null,"EQUITY_MULTIPLIER":12.042555741714,"EQUITY_RATIO":11.042555741735},{"SECUCODE":"01461.HK","SECURITY_CODE":"01461","SECURITY_NAME_ABBR":"中泰期货","ORG_CODE":"10102952","STD_REPORT_DATE":"2022-12-31 00:00:00","REPORT_DATE":"2022-12-31 00:00:00","DATE_TYPE_CODE":"001","REPORT_TYPE":"2022年年报","PER_NETCASH_OPERATE":5.877473063939,"PER_OI":2.442986523256,"BPS":2.437567965875,"BASIC_EPS":0.17,"DILUTED_EPS":0.17,"OPERATE_INCOME":2447628197.65,"OPERATE_INCOME_YOY":8.5607042916,"GROSS_PROFIT":null,"GROSS_PROFIT_YOY":null,"HOLDER_PROFIT":166102069.9,"HOLDER_PROFIT_YOY":-11.9387495324,"GROSS_PROFIT_RATIO":null,"EPS_TTM":0.165744742409,"OPERATE_INCOME_QOQ":119.740941043915,"NET_PROFIT_RATIO":6.7845131699,"ROE_AVG":7.03022836641,"GROSS_PROFIT_QOQ":null,"ROA":0.672854704377,"HOLDER_PROFIT_QOQ":-24.167069571915,"ROE_YEARLY":7.03022836641,"ROIC_YEARLY":1.009705035737,"TOTAL_ASSETS":28859159906.1,"TOTAL_LIABILITIES":26416880006.83,"TAX_EBT":26.304407186788,"OCF_SALES":240.58557048876,"TOTAL_PARENT_EQUITY":2442279899.27,"DEBT_ASSET_RATIO":91.5375008494,"OPERATE_PROFIT":225635709.78,"PRETAX_PROFIT":225389420.94,"NETCASH_OPERATE":5888640262.76,"NETCASH_INVEST":-4006378.52,"NETCASH_FINANCE":170993175.12,"END_CASH":15830763403.92,"DIVI_RATIO":0.08365373042,"DIVIDEND_RATE":2.781818181818,"CURRENT_RATIO":1.091532434298,"COMMON_ACS":null,"CURRENTDEBT_DEBT":99.065445682245,"ISSUED_COMMON_SHARES":1001900000,"HK_COMMON_SHARES":277090000,"PER_SHARES":1000,"TOTAL_MARKET_CAP":551045000,"HKSK_MARKET_CAP":152399500,"PE_TTM":7.415791787404,"PB_TTM":0.197457356423,"REPORT_DATE_SQ":"2021-12-31 00:00:00","REPORT_TYPE_SQ":"2021年年报","OPERATE_INCOME_SQ":2254617095.22,"DPS_HKD":0.0153,"OPERATE_INCOME_QOQ_SQ":20.152567970987,"NET_PROFIT_RATIO_SQ":27.2684936844,"HOLDER_PROFIT_SQ":188572904.13,"HOLDER_PROFIT_QOQ_SQ":105.708562340199,"ROE_AVG_SQ":8.772502194682,"PE_TTM_SQ":3.843399674383,"PB_TTM_SQ":0.21842807495,"ROA_SQ":1.222719651484,"START_DATE":"2022-01-01 00:00:00","FISCAL_YEAR":"12-31","CURRENCY":"HKD","IS_CNY_CODE":0,"DPS_HKD_LY":0.021,"ORG_TYPE":"证券","PREMIUM_INCOME":null,"PREMIUM_INCOME_YOY":null,"NET_INTEREST_INCOME":225734734.49,"NET_INTEREST_INCOME_YOY":null,"FEE_COMMISSION_INCOME":355412061.66,"FEE_COMMISSION_INCOME_YOY":-10.925256252268,"ACCOUNTS_RECE_TDAYS":11.167278197151,"INVENTORY_TDAYS":null,"CURRENT_ASSETS_TDAYS":0.100290378688,"TOTAL_ASSETS_TDAYS":0.099175090021,"PREMIUM_EXPENSE":null,"LOAN_DEPOSIT":null,"LOAN_EQUITY":null,"LOAN_ASSETS":null,"DEPOSIT_EQUITY":null,"DEPOSIT_ASSETS":null,"EQUITY_MULTIPLIER":11.816840181651,"EQUITY_RATIO":10.816483407461},{"SECUCODE":"01461.HK","SECURITY_CODE":"01461","SECURITY_NAME_ABBR":"中泰期货","ORG_CODE":"10102952","STD_REPORT_DATE":"2022-06-30 00:00:00","REPORT_DATE":"2022-06-30 00:00:00","DATE_TYPE_CODE":"002","REPORT_TYPE":"2022年中报","PER_NETCASH_OPERATE":6.970945829823,"PER_OI":1.346557172582,"BPS":2.350490067382,"BASIC_EPS":0.09,"DILUTED_EPS":0.09,"OPERATE_INCOME":1349115631.21,"OPERATE_INCOME_YOY":37.0128285239,"GROSS_PROFIT":null,"GROSS_PROFIT_YOY":null,"HOLDER_PROFIT":90647046.32,"HOLDER_PROFIT_YOY":19.221333829,"GROSS_PROFIT_RATIO":null,"EPS_TTM":0.218565656732,"OPERATE_INCOME_QOQ":48.631324415747,"NET_PROFIT_RATIO":6.7242649193,"ROE_AVG":3.912862535973,"GROSS_PROFIT_QOQ":null,"ROA":0.353110616858,"HOLDER_PROFIT_QOQ":7.157119463678,"ROE_YEARLY":7.825725071947,"ROIC_YEARLY":1.074764233455,"TOTAL_ASSETS":30881602843.55,"TOTAL_LIABILITIES":28526646845.04,"TAX_EBT":26.633963681703,"OCF_SALES":517.686584109621,"TOTAL_PARENT_EQUITY":2354955998.51,"DEBT_ASSET_RATIO":92.3742429742,"OPERATE_PROFIT":116864160.15,"PRETAX_PROFIT":123554509.51,"NETCASH_OPERATE":6984190626.9,"NETCASH_INVEST":-620457.52,"NETCASH_FINANCE":214633466.96,"END_CASH":16973341452.6,"DIVI_RATIO":0.06343707519,"DIVIDEND_RATE":2.637931034483,"CURRENT_RATIO":1.076563151017,"COMMON_ACS":null,"CURRENTDEBT_DEBT":99.154291000129,"ISSUED_COMMON_SHARES":1001900000,"HK_COMMON_SHARES":277090000,"PER_SHARES":1000,"TOTAL_MARKET_CAP":581102000,"HKSK_MARKET_CAP":160712200,"PE_TTM":7.820289521262,"PB_TTM":0.208227757683,"REPORT_DATE_SQ":"2021-06-30 00:00:00","REPORT_TYPE_SQ":"2021年中报","OPERATE_INCOME_SQ":984663732.4,"DPS_HKD":0.0153,"OPERATE_INCOME_QOQ_SQ":27.59774067702,"NET_PROFIT_RATIO_SQ":25.9948487793,"HOLDER_PROFIT_SQ":76092177.63,"HOLDER_PROFIT_QOQ_SQ":74.793257557096,"ROE_AVG_SQ":3.713186584167,"PE_TTM_SQ":3.908542041745,"PB_TTM_SQ":0.222130245711,"ROA_SQ":0.594705851926,"START_DATE":"2022-01-01 00:00:00","FISCAL_YEAR":"12-31","CURRENCY":"HKD","IS_CNY_CODE":0,"DPS_HKD_LY":0.021,"ORG_TYPE":"证券","PREMIUM_INCOME":null,"PREMIUM_INCOME_YOY":null,"NET_INTEREST_INCOME":106691849.24,"NET_INTEREST_INCOME_YOY":null,"FEE_COMMISSION_INCOME":177828809.54,"FEE_COMMISSION_INCOME_YOY":7.132843499817,"ACCOUNTS_RECE_TDAYS":4.51126878249,"INVENTORY_TDAYS":null,"CURRENT_ASSETS_TDAYS":0.053223291487,"TOTAL_ASSETS_TDAYS":0.052512894881,"PREMIUM_EXPENSE":null,"LOAN_DEPOSIT":null,"LOAN_EQUITY":null,"LOAN_ASSETS":null,"DEPOSIT_EQUITY":null,"DEPOSIT_ASSETS":null,"EQUITY_MULTIPLIER":13.113452167657,"EQUITY_RATIO":12.113452167722},{"SECUCODE":"01461.HK","SECURITY_CODE":"01461","SECURITY_NAME_ABBR":"中泰期货","ORG_CODE":"10102952","STD_REPORT_DATE":"2021-12-31 00:00:00","REPORT_DATE":"2021-12-31 00:00:00","DATE_TYPE_CODE":"001","REPORT_TYPE":"2021年年报","PER_NETCASH_OPERATE":0.098823235852,"PER_OI":2.250341446472,"BPS":2.415007485777,"BASIC_EPS":0.19,"DILUTED_EPS":0.19,"OPERATE_INCOME":2254617095.22,"OPERATE_INCOME_YOY":53.3119620964,"GROSS_PROFIT":null,"GROSS_PROFIT_YOY":null,"HOLDER_PROFIT":188572904.13,"HOLDER_PROFIT_YOY":259.5646971883,"GROSS_PROFIT_RATIO":null,"EPS_TTM":0.203967461823,"OPERATE_INCOME_QOQ":20.152567970987,"NET_PROFIT_RATIO":27.2684936844,"ROE_AVG":8.772502194682,"GROSS_PROFIT_QOQ":null,"ROA":1.222719651484,"HOLDER_PROFIT_QOQ":105.708562340199,"ROE_YEARLY":8.772502194682,"ROIC_YEARLY":1.222719651484,"TOTAL_ASSETS":20682099727.83,"TOTAL_LIABILITIES":18400137957.01,"TAX_EBT":26.397336852774,"OCF_SALES":13.21171896058,"TOTAL_PARENT_EQUITY":2281961770.82,"DEBT_ASSET_RATIO":88.1974715153,"OPERATE_PROFIT":258141469.56,"PRETAX_PROFIT":256203914.46,"NETCASH_OPERATE":4976634925.28,"NETCASH_INVEST":-296384506.12,"NETCASH_FINANCE":-33294131.52,"END_CASH":9775110705.25,"DIVI_RATIO":0.067977342445,"DIVIDEND_RATE":2.637931034483,"CURRENT_RATIO":1.123365660654,"COMMON_ACS":null,"CURRENTDEBT_DEBT":99.837224006527,"ISSUED_COMMON_SHARES":1001900000,"HK_COMMON_SHARES":277090000,"PER_SHARES":1000,"TOTAL_MARKET_CAP":581102000,"HKSK_MARKET_CAP":160712200,"PE_TTM":7.820289521262,"PB_TTM":0.208227757683,"REPORT_DATE_SQ":"2020-12-31 00:00:00","REPORT_TYPE_SQ":"2020年年报","OPERATE_INCOME_SQ":488819000,"DPS_HKD":0.0153,"OPERATE_INCOME_QOQ_SQ":43.382739008386,"NET_PROFIT_RATIO_SQ":11.6143194107,"HOLDER_PROFIT_SQ":56834000,"HOLDER_PROFIT_QOQ_SQ":57.330306721293,"ROE_AVG_SQ":2.569584240872,"PE_TTM_SQ":3.908542041745,"PB_TTM_SQ":0.222130245711,"ROA_SQ":0.520113490788,"START_DATE":"2021-01-01 00:00:00","FISCAL_YEAR":"12-31","CURRENCY":"HKD","IS_CNY_CODE":0,"DPS_HKD_LY":0.0286,"ORG_TYPE":"证券","PREMIUM_INCOME":null,"PREMIUM_INCOME_YOY":null,"NET_INTEREST_INCOME":196487588.13,"NET_INTEREST_INCOME_YOY":null,"FEE_COMMISSION_INCOME":399004304.37,"FEE_COMMISSION_INCOME_YOY":null,"ACCOUNTS_RECE_TDAYS":10.154990465428,"INVENTORY_TDAYS":null,"CURRENT_ASSETS_TDAYS":0.045605785187,"TOTAL_ASSETS_TDAYS":0.044840014474,"PREMIUM_EXPENSE":null,"LOAN_DEPOSIT":null,"LOAN_EQUITY":null,"LOAN_ASSETS":null,"DEPOSIT_EQUITY":null,"DEPOSIT_ASSETS":null,"EQUITY_MULTIPLIER":8.472760741873,"EQUITY_RATIO":8.063298076373},{"SECUCODE":"01461.HK","SECURITY_CODE":"01461","SECURITY_NAME_ABBR":"中泰期货","ORG_CODE":"10102952","STD_REPORT_DATE":"2021-06-30 00:00:00","REPORT_DATE":"2021-06-30 00:00:00","DATE_TYPE_CODE":"002","REPORT_TYPE":"2021年中报","PER_NETCASH_OPERATE":0.137003692983,"PER_OI":0.982796419204,"BPS":2.295418704462,"BASIC_EPS":0.0759,"DILUTED_EPS":0.0759,"OPERATE_INCOME":984663732.4,"OPERATE_INCOME_YOY":71.267142827,"GROSS_PROFIT":null,"GROSS_PROFIT_YOY":null,"HOLDER_PROFIT":76092177.63,"HOLDER_PROFIT_YOY":101.7765646698,"GROSS_PROFIT_RATIO":null,"EPS_TTM":0.099153608145,"OPERATE_INCOME_QOQ":27.59774067702,"NET_PROFIT_RATIO":25.9948487793,"ROE_AVG":3.713186584167,"GROSS_PROFIT_QOQ":null,"ROA":0.594705851926,"HOLDER_PROFIT_QOQ":74.793257557096,"ROE_YEARLY":7.426373168334,"ROIC_YEARLY":1.189411703851,"TOTAL_ASSETS":15415759000,"TOTAL_LIABILITIES":13115979000,"TAX_EBT":25.889251932607,"OCF_SALES":42.339949721618,"TOTAL_PARENT_EQUITY":2299780000,"DEBT_ASSET_RATIO":85.081629779,"OPERATE_PROFIT":102729494.78,"PRETAX_PROFIT":102673606.21,"NETCASH_OPERATE":1606861653.05,"NETCASH_INVEST":-9172491.8,"NETCASH_FINANCE":-27869375.91,"END_CASH":6697100554.39,"DIVI_RATIO":0.139835213861,"DIVIDEND_RATE":2.637931034483,"CURRENT_RATIO":1.156149991309,"COMMON_ACS":null,"CURRENTDEBT_DEBT":99.388250011684,"ISSUED_COMMON_SHARES":1001900000,"HK_COMMON_SHARES":277090000,"PER_SHARES":1000,"TOTAL_MARKET_CAP":581102000,"HKSK_MARKET_CAP":160712200,"PE_TTM":7.820289521262,"PB_TTM":0.208227757683,"REPORT_DATE_SQ":"2020-06-30 00:00:00","REPORT_TYPE_SQ":"2020年中报","OPERATE_INCOME_SQ":189292000,"DPS_HKD":0.0153,"OPERATE_INCOME_QOQ_SQ":5.91921507952,"NET_PROFIT_RATIO_SQ":22.0320985567,"HOLDER_PROFIT_SQ":41766000,"HOLDER_PROFIT_QOQ_SQ":21.425210084034,"ROE_AVG_SQ":1.893747292242,"PE_TTM_SQ":3.908542041745,"PB_TTM_SQ":0.222130245711,"ROA_SQ":0.425267785522,"START_DATE":"2021-01-01 00:00:00","FISCAL_YEAR":"12-31","CURRENCY":"HKD","IS_CNY_CODE":0,"DPS_HKD_LY":0.0286,"ORG_TYPE":"证券","PREMIUM_INCOME":null,"PREMIUM_INCOME_YOY":null,"NET_INTEREST_INCOME":86209784.48,"NET_INTEREST_INCOME_YOY":null,"FEE_COMMISSION_INCOME":165989069.02,"FEE_COMMISSION_INCOME_YOY":null,"ACCOUNTS_RECE_TDAYS":null,"INVENTORY_TDAYS":null,"CURRENT_ASSETS_TDAYS":0.023415282066,"TOTAL_ASSETS_TDAYS":0.022877834642,"PREMIUM_EXPENSE":null,"LOAN_DEPOSIT":null,"LOAN_EQUITY":null,"LOAN_ASSETS":null,"DEPOSIT_EQUITY":null,"DEPOSIT_ASSETS":null,"EQUITY_MULTIPLIER":6.703145083451,"EQUITY_RATIO":5.703145083443},{"SECUCODE":"01461.HK","SECURITY_CODE":"01461","SECURITY_NAME_ABBR":"中泰期货","ORG_CODE":"10102952","STD_REPORT_DATE":"2020-12-31 00:00:00","REPORT_DATE":"2020-12-31 00:00:00","DATE_TYPE_CODE":"001","REPORT_TYPE":"2020年年报","PER_NETCASH_OPERATE":-0.223026250125,"PER_OI":0.48789200519,"BPS":2.235147220281,"BASIC_EPS":0.06,"DILUTED_EPS":0.06,"OPERATE_INCOME":488819000,"OPERATE_INCOME_YOY":51.8698717172,"GROSS_PROFIT":null,"GROSS_PROFIT_YOY":null,"HOLDER_PROFIT":56834000,"HOLDER_PROFIT_YOY":91.0386554622,"GROSS_PROFIT_RATIO":null,"EPS_TTM":0.056726220182,"OPERATE_INCOME_QOQ":43.382739008386,"NET_PROFIT_RATIO":11.6143194107,"ROE_AVG":2.569584240872,"GROSS_PROFIT_QOQ":null,"ROA":0.520113490788,"HOLDER_PROFIT_QOQ":57.330306721293,"ROE_YEARLY":2.569584240872,"ROIC_YEARLY":0.520124462341,"TOTAL_ASSETS":12925647000,"TOTAL_LIABILITIES":10686253000,"TAX_EBT":42.003268975381,"OCF_SALES":-45.712216587326,"TOTAL_PARENT_EQUITY":2239394000,"DEBT_ASSET_RATIO":82.6748015012,"OPERATE_PROFIT":113197000,"PRETAX_PROFIT":97890000,"NETCASH_OPERATE":-223450000,"NETCASH_INVEST":9127000,"NETCASH_FINANCE":-9428000,"END_CASH":811805000,"DIVI_RATIO":0.24442252552,"DIVIDEND_RATE":2.637931034483,"CURRENT_RATIO":1.18499808864,"COMMON_ACS":null,"CURRENTDEBT_DEBT":99.655913068875,"ISSUED_COMMON_SHARES":1001900000,"HK_COMMON_SHARES":277090000,"PER_SHARES":1000,"TOTAL_MARKET_CAP":581102000,"HKSK_MARKET_CAP":160712200,"PE_TTM":7.820289521262,"PB_TTM":0.208227757683,"REPORT_DATE_SQ":"2019-12-31 00:00:00","REPORT_TYPE_SQ":"2019年年报","OPERATE_INCOME_SQ":321867000,"DPS_HKD":0.0153,"OPERATE_INCOME_QOQ_SQ":-49.410276157993,"NET_PROFIT_RATIO_SQ":9.1655870282,"HOLDER_PROFIT_SQ":29750000,"HOLDER_PROFIT_QOQ_SQ":-53.995793901157,"ROE_AVG_SQ":1.354537575669,"PE_TTM_SQ":3.908542041745,"PB_TTM_SQ":0.222130245711,"ROA_SQ":0.353551234981,"START_DATE":"2020-01-01 00:00:00","FISCAL_YEAR":"12-31","CURRENCY":"HKD","IS_CNY_CODE":0,"DPS_HKD_LY":null,"ORG_TYPE":"证券","PREMIUM_INCOME":null,"PREMIUM_INCOME_YOY":null,"NET_INTEREST_INCOME":null,"NET_INTEREST_INCOME_YOY":null,"FEE_COMMISSION_INCOME":null,"FEE_COMMISSION_INCOME_YOY":null,"ACCOUNTS_RECE_TDAYS":null,"INVENTORY_TDAYS":null,"CURRENT_ASSETS_TDAYS":0.045750071961,"TOTAL_ASSETS_TDAYS":0.044734024783,"PREMIUM_EXPENSE":null,"LOAN_DEPOSIT":null,"LOAN_EQUITY":null,"LOAN_ASSETS":null,"DEPOSIT_EQUITY":null,"DEPOSIT_ASSETS":null,"EQUITY_MULTIPLIER":5.771939640803,"EQUITY_RATIO":4.771939640814},{"SECUCODE":"01461.HK","SECURITY_CODE":"01461","SECURITY_NAME_ABBR":"中泰期货","ORG_CODE":"10102952","STD_REPORT_DATE":"2020-06-30 00:00:00","REPORT_DATE":"2020-06-30 00:00:00","DATE_TYPE_CODE":"002","REPORT_TYPE":"2020年中报","PER_NETCASH_OPERATE":-0.468777323086,"PER_OI":0.188933027248,"BPS":2.222513224873,"BASIC_EPS":0.04,"DILUTED_EPS":0.04,"OPERATE_INCOME":189292000,"OPERATE_INCOME_YOY":11.1912593985,"GROSS_PROFIT":null,"GROSS_PROFIT_YOY":null,"HOLDER_PROFIT":41766000,"HOLDER_PROFIT_YOY":18.0097197107,"GROSS_PROFIT_RATIO":null,"EPS_TTM":0.03605549456,"OPERATE_INCOME_QOQ":5.91921507952,"NET_PROFIT_RATIO":22.0320985567,"ROE_AVG":1.893747292242,"GROSS_PROFIT_QOQ":null,"ROA":0.425267785522,"HOLDER_PROFIT_QOQ":21.425210084034,"ROE_YEARLY":3.787494584484,"ROIC_YEARLY":0.876118104144,"TOTAL_ASSETS":10713398000,"TOTAL_LIABILITIES":8486662000,"TAX_EBT":33.868768235443,"OCF_SALES":-248.118251167508,"TOTAL_PARENT_EQUITY":2226736000,"DEBT_ASSET_RATIO":79.215408594,"OPERATE_PROFIT":61106000,"PRETAX_PROFIT":63064000,"NETCASH_OPERATE":-469668000,"NETCASH_INVEST":5389000,"NETCASH_FINANCE":-13733000,"END_CASH":557593000,"DIVI_RATIO":0.384550709096,"DIVIDEND_RATE":2.637931034483,"CURRENT_RATIO":1.239144519674,"COMMON_ACS":null,"CURRENTDEBT_DEBT":99.753554459928,"ISSUED_COMMON_SHARES":1001900000,"HK_COMMON_SHARES":277090000,"PER_SHARES":1000,"TOTAL_MARKET_CAP":581102000,"HKSK_MARKET_CAP":160712200,"PE_TTM":7.820289521262,"PB_TTM":0.208227757683,"REPORT_DATE_SQ":"2019-06-30 00:00:00","REPORT_TYPE_SQ":"2019年中报","OPERATE_INCOME_SQ":170240000,"DPS_HKD":0.0153,"OPERATE_INCOME_QOQ_SQ":-5.560701329391,"NET_PROFIT_RATIO_SQ":10.3010801823,"HOLDER_PROFIT_SQ":35392000,"HOLDER_PROFIT_QOQ_SQ":-45.065792268028,"ROE_AVG_SQ":1.609801449331,"PE_TTM_SQ":3.908542041745,"PB_TTM_SQ":0.222130245711,"ROA_SQ":0.405851173989,"START_DATE":"2020-01-01 00:00:00","FISCAL_YEAR":"12-31","CURRENCY":"HKD","IS_CNY_CODE":0,"DPS_HKD_LY":null,"ORG_TYPE":"证券","PREMIUM_INCOME":null,"PREMIUM_INCOME_YOY":null,"NET_INTEREST_INCOME":null,"NET_INTEREST_INCOME_YOY":null,"FEE_COMMISSION_INCOME":null,"FEE_COMMISSION_INCOME_YOY":null,"ACCOUNTS_RECE_TDAYS":null,"INVENTORY_TDAYS":null,"CURRENT_ASSETS_TDAYS":0.019677158303,"TOTAL_ASSETS_TDAYS":0.019274000301,"PREMIUM_EXPENSE":null,"LOAN_DEPOSIT":null,"LOAN_EQUITY":null,"LOAN_ASSETS":null,"DEPOSIT_EQUITY":null,"DEPOSIT_ASSETS":null,"EQUITY_MULTIPLIER":4.811256475849,"EQUITY_RATIO":3.811256475846}],"count":23},"success":true,"message":"ok","code":0}