{"version":"bf805a3255a0a66f1275d14922e85d3d","result":{"pages":3,"data":[{"SECUCODE":"01466.HK","SECURITY_CODE":"01466","SECURITY_NAME_ABBR":"佰金生命科学","ORG_CODE":"10422778","STD_REPORT_DATE":"2024-06-30 00:00:00","REPORT_DATE":"2024-09-30 00:00:00","DATE_TYPE_CODE":"002","REPORT_TYPE":"2024年中报","PER_NETCASH_OPERATE":-0.010703653504,"PER_OI":0.090430056412,"BPS":0.110487927599,"BASIC_EPS":-0.008296468,"DILUTED_EPS":-0.008296468,"OPERATE_INCOME":63936911,"OPERATE_INCOME_YOY":182.2339875005,"GROSS_PROFIT":15154580.95,"GROSS_PROFIT_YOY":116.930440740023,"HOLDER_PROFIT":-5615446.33,"HOLDER_PROFIT_YOY":-168.636755824,"GROSS_PROFIT_RATIO":23.7023977433,"EPS_TTM":-0.009940319286,"OPERATE_INCOME_QOQ":0,"NET_PROFIT_RATIO":-2.6812411848,"ROE_AVG":-6.807919796211,"GROSS_PROFIT_QOQ":0,"ROA":-2.872914922133,"HOLDER_PROFIT_QOQ":0,"ROE_YEARLY":-13.615839592421,"ROIC_YEARLY":-7.933772682824,"TOTAL_ASSETS":213449184.05,"TOTAL_LIABILITIES":116564473.61,"TAX_EBT":369.263456090652,"OCF_SALES":-11.836389280677,"TOTAL_PARENT_EQUITY":78118460.54,"DEBT_ASSET_RATIO":54.6099410634,"OPERATE_PROFIT":716021.26,"PRETAX_PROFIT":636663.74,"NETCASH_OPERATE":-7567821.68,"NETCASH_INVEST":207411.7,"NETCASH_FINANCE":16232220,"END_CASH":40012422.3,"DIVI_RATIO":null,"DIVIDEND_RATE":null,"CURRENT_RATIO":1.999282669013,"COMMON_ACS":10000000000,"CURRENTDEBT_DEBT":57.160429834673,"ISSUED_COMMON_SHARES":707031639,"HK_COMMON_SHARES":707031639,"PER_SHARES":32000,"TOTAL_MARKET_CAP":360586135.89,"HKSK_MARKET_CAP":360586135.89,"PE_TTM":-31.750122029585,"PB_TTM":4.162562462656,"REPORT_DATE_SQ":"2023-06-30 00:00:00","REPORT_TYPE_SQ":"2023年中报","OPERATE_INCOME_SQ":23051783.23,"DPS_HKD":null,"OPERATE_INCOME_QOQ_SQ":0,"NET_PROFIT_RATIO_SQ":-9.227339676,"HOLDER_PROFIT_SQ":-2127066.34,"HOLDER_PROFIT_QOQ_SQ":0,"ROE_AVG_SQ":-3.019270972406,"PE_TTM_SQ":-116.4432456,"PB_TTM_SQ":5.95684895574,"ROA_SQ":-2.337907280493,"START_DATE":"2024-04-01 00:00:00","FISCAL_YEAR":"3-31","CURRENCY":"HKD","IS_CNY_CODE":0,"DPS_HKD_LY":null,"ORG_TYPE":"一般企业","PREMIUM_INCOME":null,"PREMIUM_INCOME_YOY":null,"NET_INTEREST_INCOME":null,"NET_INTEREST_INCOME_YOY":null,"FEE_COMMISSION_INCOME":null,"FEE_COMMISSION_INCOME_YOY":null,"ACCOUNTS_RECE_TDAYS":1.54390549295,"INVENTORY_TDAYS":1.161273010251,"CURRENT_ASSETS_TDAYS":0.527065050532,"TOTAL_ASSETS_TDAYS":0.327107223349,"PREMIUM_EXPENSE":null,"LOAN_DEPOSIT":null,"LOAN_EQUITY":null,"LOAN_ASSETS":null,"DEPOSIT_EQUITY":null,"DEPOSIT_ASSETS":null,"EQUITY_MULTIPLIER":2.203125581742,"EQUITY_RATIO":1.492150162769},{"SECUCODE":"01466.HK","SECURITY_CODE":"01466","SECURITY_NAME_ABBR":"佰金生命科学","ORG_CODE":"10422778","STD_REPORT_DATE":"2023-12-31 00:00:00","REPORT_DATE":"2024-03-31 00:00:00","DATE_TYPE_CODE":"001","REPORT_TYPE":"2023年年报","PER_NETCASH_OPERATE":-0.008617701615,"PER_OI":0.07163756418,"BPS":0.123485304736,"BASIC_EPS":-0.0090655,"DILUTED_EPS":-0.0090655,"OPERATE_INCOME":48659977.8,"OPERATE_INCOME_YOY":-38.2182320442,"GROSS_PROFIT":16408555,"GROSS_PROFIT_YOY":139.476829595787,"HOLDER_PROFIT":-6751984.4,"HOLDER_PROFIT_YOY":-185.8460119871,"GROSS_PROFIT_RATIO":33.720843579999,"EPS_TTM":-0.00589081246,"OPERATE_INCOME_QOQ":0,"NET_PROFIT_RATIO":-15.9195916238,"ROE_AVG":-8.531696029691,"GROSS_PROFIT_QOQ":0,"ROA":-5.02135491635,"HOLDER_PROFIT_QOQ":0,"ROE_YEARLY":-8.531696029691,"ROIC_YEARLY":-7.41006049029,"TOTAL_ASSETS":178410853.1,"TOTAL_LIABILITIES":76159265.5,"TAX_EBT":-0.18759526322,"OCF_SALES":-12.029584916909,"TOTAL_PARENT_EQUITY":87308017.4,"DEBT_ASSET_RATIO":42.6875743133,"OPERATE_PROFIT":-8681122.8,"PRETAX_PROFIT":-7731964.95,"NETCASH_OPERATE":-5853593.35,"NETCASH_INVEST":4298860.1,"NETCASH_FINANCE":742464.45,"END_CASH":34343740.2,"DIVI_RATIO":null,"DIVIDEND_RATE":null,"CURRENT_RATIO":2.959457481583,"COMMON_ACS":10000000000,"CURRENTDEBT_DEBT":48.796571836686,"ISSUED_COMMON_SHARES":707031639,"HK_COMMON_SHARES":707031639,"PER_SHARES":32000,"TOTAL_MARKET_CAP":403008034.23,"HKSK_MARKET_CAP":403008034.23,"PE_TTM":-35.485430503654,"PB_TTM":4.652275693556,"REPORT_DATE_SQ":"2022-12-31 00:00:00","REPORT_TYPE_SQ":"2022年年报","OPERATE_INCOME_SQ":76055620.8,"DPS_HKD":null,"OPERATE_INCOME_QOQ_SQ":0,"NET_PROFIT_RATIO_SQ":10.0437384899,"HOLDER_PROFIT_SQ":7595057.16,"HOLDER_PROFIT_QOQ_SQ":0,"ROE_AVG_SQ":15.281292412767,"PE_TTM_SQ":-106.272902316883,"PB_TTM_SQ":5.436568037311,"ROA_SQ":9.591118927237,"START_DATE":"2023-04-01 00:00:00","FISCAL_YEAR":"3-31","CURRENCY":"HKD","IS_CNY_CODE":0,"DPS_HKD_LY":null,"ORG_TYPE":"一般企业","PREMIUM_INCOME":null,"PREMIUM_INCOME_YOY":null,"NET_INTEREST_INCOME":null,"NET_INTEREST_INCOME_YOY":null,"FEE_COMMISSION_INCOME":null,"FEE_COMMISSION_INCOME_YOY":null,"ACCOUNTS_RECE_TDAYS":2.096227446692,"INVENTORY_TDAYS":0.799901069128,"CURRENT_ASSETS_TDAYS":0.487538148525,"TOTAL_ASSETS_TDAYS":0.361877344911,"PREMIUM_EXPENSE":null,"LOAN_DEPOSIT":null,"LOAN_EQUITY":null,"LOAN_ASSETS":null,"DEPOSIT_EQUITY":null,"DEPOSIT_ASSETS":null,"EQUITY_MULTIPLIER":1.744822327826,"EQUITY_RATIO":0.872305519791},{"SECUCODE":"01466.HK","SECURITY_CODE":"01466","SECURITY_NAME_ABBR":"佰金生命科学","ORG_CODE":"10422778","STD_REPORT_DATE":"2023-06-30 00:00:00","REPORT_DATE":"2023-09-30 00:00:00","DATE_TYPE_CODE":"002","REPORT_TYPE":"2023年中报","PER_NETCASH_OPERATE":-0.000539699669,"PER_OI":0.036057966435,"BPS":0.097675849793,"BASIC_EPS":-0.003303468,"DILUTED_EPS":-0.003303468,"OPERATE_INCOME":23051783.23,"OPERATE_INCOME_YOY":-49.7600095996,"GROSS_PROFIT":6985917.19,"GROSS_PROFIT_YOY":-39.481117127576,"HOLDER_PROFIT":-2127066.34,"HOLDER_PROFIT_YOY":-122.5969974654,"GROSS_PROFIT_RATIO":30.305322240357,"EPS_TTM":0.011948775877,"OPERATE_INCOME_QOQ":0,"NET_PROFIT_RATIO":-9.227339676,"ROE_AVG":-3.019270972406,"GROSS_PROFIT_QOQ":0,"ROA":-2.337907280493,"HOLDER_PROFIT_QOQ":0,"ROE_YEARLY":-6.038541944812,"ROIC_YEARLY":-8.006562756358,"TOTAL_ASSETS":90337002.98,"TOTAL_LIABILITIES":21277086.81,"TAX_EBT":null,"OCF_SALES":-1.4967557024,"TOTAL_PARENT_EQUITY":69059916.17,"DEBT_ASSET_RATIO":23.553013835,"OPERATE_PROFIT":-2666632.78,"PRETAX_PROFIT":-2127066.34,"NETCASH_OPERATE":-345028.88,"NETCASH_INVEST":633164.7,"NETCASH_FINANCE":340440.73,"END_CASH":37834802.53,"DIVI_RATIO":null,"DIVIDEND_RATE":null,"CURRENT_RATIO":4.240228541748,"COMMON_ACS":10000000000,"CURRENTDEBT_DEBT":99.637728037262,"ISSUED_COMMON_SHARES":707031639,"HK_COMMON_SHARES":707031639,"PER_SHARES":32000,"TOTAL_MARKET_CAP":403008034.23,"HKSK_MARKET_CAP":403008034.23,"PE_TTM":-35.485430503654,"PB_TTM":4.652275693556,"REPORT_DATE_SQ":"2022-06-30 00:00:00","REPORT_TYPE_SQ":"2022年中报","OPERATE_INCOME_SQ":45223808.88,"DPS_HKD":null,"OPERATE_INCOME_QOQ_SQ":0,"NET_PROFIT_RATIO_SQ":20.5151793928,"HOLDER_PROFIT_SQ":9277745.52,"HOLDER_PROFIT_QOQ_SQ":0,"ROE_AVG_SQ":18.007706554082,"PE_TTM_SQ":-106.272902316883,"PB_TTM_SQ":5.436568037311,"ROA_SQ":11.362490930942,"START_DATE":"2023-04-01 00:00:00","FISCAL_YEAR":"3-31","CURRENCY":"HKD","IS_CNY_CODE":0,"DPS_HKD_LY":null,"ORG_TYPE":"一般企业","PREMIUM_INCOME":null,"PREMIUM_INCOME_YOY":null,"NET_INTEREST_INCOME":null,"NET_INTEREST_INCOME_YOY":null,"FEE_COMMISSION_INCOME":null,"FEE_COMMISSION_INCOME_YOY":null,"ACCOUNTS_RECE_TDAYS":1.878346044564,"INVENTORY_TDAYS":0.399753407768,"CURRENT_ASSETS_TDAYS":0.255250617271,"TOTAL_ASSETS_TDAYS":0.253367423612,"PREMIUM_EXPENSE":null,"LOAN_DEPOSIT":null,"LOAN_EQUITY":null,"LOAN_ASSETS":null,"DEPOSIT_EQUITY":null,"DEPOSIT_ASSETS":null,"EQUITY_MULTIPLIER":1.30809604167,"EQUITY_RATIO":0.308096041669},{"SECUCODE":"01466.HK","SECURITY_CODE":"01466","SECURITY_NAME_ABBR":"佰金生命科学","ORG_CODE":"10422778","STD_REPORT_DATE":"2022-12-31 00:00:00","REPORT_DATE":"2023-03-31 00:00:00","DATE_TYPE_CODE":"001","REPORT_TYPE":"2022年年报","PER_NETCASH_OPERATE":-0.029467987264,"PER_OI":0.118967413265,"BPS":0.096994059102,"BASIC_EPS":0.0087541,"DILUTED_EPS":0.0087541,"OPERATE_INCOME":76055620.8,"OPERATE_INCOME_YOY":38.6818203585,"GROSS_PROFIT":6851834.07,"GROSS_PROFIT_YOY":-23.139375606857,"HOLDER_PROFIT":7595057.16,"HOLDER_PROFIT_YOY":156.4351312896,"GROSS_PROFIT_RATIO":9.008977900552,"EPS_TTM":0.013655304073,"OPERATE_INCOME_QOQ":0,"NET_PROFIT_RATIO":10.0437384899,"ROE_AVG":15.281292412767,"GROSS_PROFIT_QOQ":0,"ROA":9.591118927237,"HOLDER_PROFIT_QOQ":0,"ROE_YEARLY":15.281292412767,"ROIC_YEARLY":14.901719691924,"TOTAL_ASSETS":87410563.91,"TOTAL_LIABILITIES":18876465.83,"TAX_EBT":null,"OCF_SALES":-24.769797421731,"TOTAL_PARENT_EQUITY":68534098.08,"DEBT_ASSET_RATIO":21.5451022023,"OPERATE_PROFIT":8305890.08,"PRETAX_PROFIT":7595057.16,"NETCASH_OPERATE":-18838823.2,"NETCASH_INVEST":30905474.64,"NETCASH_FINANCE":3236390.77,"END_CASH":36120292.01,"DIVI_RATIO":null,"DIVIDEND_RATE":null,"CURRENT_RATIO":4.595918746804,"COMMON_ACS":10000000000,"CURRENTDEBT_DEBT":97.741501646339,"ISSUED_COMMON_SHARES":707031639,"HK_COMMON_SHARES":707031639,"PER_SHARES":32000,"TOTAL_MARKET_CAP":403008034.23,"HKSK_MARKET_CAP":403008034.23,"PE_TTM":-35.485430503654,"PB_TTM":4.652275693556,"REPORT_DATE_SQ":"2021-12-31 00:00:00","REPORT_TYPE_SQ":"2021年年报","OPERATE_INCOME_SQ":50807343.47,"DPS_HKD":null,"OPERATE_INCOME_QOQ_SQ":0,"NET_PROFIT_RATIO_SQ":-24.6811499354,"HOLDER_PROFIT_SQ":-12539836.62,"HOLDER_PROFIT_QOQ_SQ":0,"ROE_AVG_SQ":-37.798855913558,"PE_TTM_SQ":-106.272902316883,"PB_TTM_SQ":5.436568037311,"ROA_SQ":-17.785292798233,"START_DATE":"2022-04-01 00:00:00","FISCAL_YEAR":"3-31","CURRENCY":"HKD","IS_CNY_CODE":0,"DPS_HKD_LY":null,"ORG_TYPE":"一般企业","PREMIUM_INCOME":null,"PREMIUM_INCOME_YOY":null,"NET_INTEREST_INCOME":null,"NET_INTEREST_INCOME_YOY":null,"FEE_COMMISSION_INCOME":null,"FEE_COMMISSION_INCOME_YOY":null,"ACCOUNTS_RECE_TDAYS":3.861848246433,"INVENTORY_TDAYS":2.305189029991,"CURRENT_ASSETS_TDAYS":0.97384364474,"TOTAL_ASSETS_TDAYS":0.954935150583,"PREMIUM_EXPENSE":null,"LOAN_DEPOSIT":null,"LOAN_EQUITY":null,"LOAN_ASSETS":null,"DEPOSIT_EQUITY":null,"DEPOSIT_ASSETS":null,"EQUITY_MULTIPLIER":1.274617682351,"EQUITY_RATIO":0.275431739219},{"SECUCODE":"01466.HK","SECURITY_CODE":"01466","SECURITY_NAME_ABBR":"佰金生命科学","ORG_CODE":"10422778","STD_REPORT_DATE":"2022-06-30 00:00:00","REPORT_DATE":"2022-09-30 00:00:00","DATE_TYPE_CODE":"002","REPORT_TYPE":"2022年中报","PER_NETCASH_OPERATE":-0.015154689004,"PER_OI":0.070739802054,"BPS":0.099857476505,"BASIC_EPS":0.016370364,"DILUTED_EPS":0.016370364,"OPERATE_INCOME":45223808.88,"OPERATE_INCOME_YOY":60.4736994127,"GROSS_PROFIT":11543367.72,"GROSS_PROFIT_YOY":11257.8575608865,"HOLDER_PROFIT":9277745.52,"HOLDER_PROFIT_YOY":171.2608544634,"GROSS_PROFIT_RATIO":25.52497900084,"EPS_TTM":-0.019615012142,"OPERATE_INCOME_QOQ":0,"NET_PROFIT_RATIO":20.5151793928,"ROE_AVG":18.007706554082,"GROSS_PROFIT_QOQ":0,"ROA":11.362490930942,"HOLDER_PROFIT_QOQ":0,"ROE_YEARLY":36.015413108164,"ROIC_YEARLY":29.374664423524,"TOTAL_ASSETS":89042118,"TOTAL_LIABILITIES":18439722.72,"TAX_EBT":null,"OCF_SALES":-21.423143074277,"TOTAL_PARENT_EQUITY":70602395.28,"DEBT_ASSET_RATIO":20.7089893347,"OPERATE_PROFIT":9987730.92,"PRETAX_PROFIT":9277745.52,"NETCASH_OPERATE":-9688361.28,"NETCASH_INVEST":3617.76,"NETCASH_FINANCE":4358496.36,"END_CASH":15636863.16,"DIVI_RATIO":null,"DIVIDEND_RATE":null,"CURRENT_RATIO":4.785152190052,"COMMON_ACS":10000000000,"CURRENTDEBT_DEBT":99.102413184226,"ISSUED_COMMON_SHARES":707031639,"HK_COMMON_SHARES":707031639,"PER_SHARES":32000,"TOTAL_MARKET_CAP":403008034.23,"HKSK_MARKET_CAP":403008034.23,"PE_TTM":-35.485430503654,"PB_TTM":4.652275693556,"REPORT_DATE_SQ":"2021-06-30 00:00:00","REPORT_TYPE_SQ":"2021年中报","OPERATE_INCOME_SQ":25957316.54,"DPS_HKD":null,"OPERATE_INCOME_QOQ_SQ":0,"NET_PROFIT_RATIO_SQ":-46.1985301197,"HOLDER_PROFIT_SQ":-11991898.7,"HOLDER_PROFIT_QOQ_SQ":0,"ROE_AVG_SQ":-34.803317134499,"PE_TTM_SQ":-106.272902316883,"PB_TTM_SQ":5.436568037311,"ROA_SQ":-16.551018413655,"START_DATE":"2022-04-01 00:00:00","FISCAL_YEAR":"3-31","CURRENCY":"HKD","IS_CNY_CODE":0,"DPS_HKD_LY":null,"ORG_TYPE":"一般企业","PREMIUM_INCOME":null,"PREMIUM_INCOME_YOY":null,"NET_INTEREST_INCOME":null,"NET_INTEREST_INCOME_YOY":null,"FEE_COMMISSION_INCOME":null,"FEE_COMMISSION_INCOME_YOY":null,"ACCOUNTS_RECE_TDAYS":1.468983650866,"INVENTORY_TDAYS":1.106854119605,"CURRENT_ASSETS_TDAYS":0.567433995881,"TOTAL_ASSETS_TDAYS":0.553857741791,"PREMIUM_EXPENSE":null,"LOAN_DEPOSIT":null,"LOAN_EQUITY":null,"LOAN_ASSETS":null,"DEPOSIT_EQUITY":null,"DEPOSIT_ASSETS":null,"EQUITY_MULTIPLIER":1.261177013144,"EQUITY_RATIO":0.261177013143},{"SECUCODE":"01466.HK","SECURITY_CODE":"01466","SECURITY_NAME_ABBR":"佰金生命科学","ORG_CODE":"10422778","STD_REPORT_DATE":"2021-12-31 00:00:00","REPORT_DATE":"2022-03-31 00:00:00","DATE_TYPE_CODE":"001","REPORT_TYPE":"2021年年报","PER_NETCASH_OPERATE":0.002813743172,"PER_OI":0.158947311558,"BPS":0.041141717096,"BASIC_EPS":-0.0324404,"DILUTED_EPS":-0.0324404,"OPERATE_INCOME":50807343.47,"OPERATE_INCOME_YOY":44.601144862,"GROSS_PROFIT":8914621.92,"GROSS_PROFIT_YOY":222.319396957663,"HOLDER_PROFIT":-12539836.62,"HOLDER_PROFIT_YOY":70.1419329922,"GROSS_PROFIT_RATIO":17.545931968011,"EPS_TTM":-0.054657078257,"OPERATE_INCOME_QOQ":0,"NET_PROFIT_RATIO":-24.6811499354,"ROE_AVG":-37.798855913558,"GROSS_PROFIT_QOQ":0,"ROA":-17.785292798233,"HOLDER_PROFIT_QOQ":0,"ROE_YEARLY":-37.798855913558,"ROIC_YEARLY":-24.569181265642,"TOTAL_ASSETS":66591220.09,"TOTAL_LIABILITIES":37502724.42,"TAX_EBT":null,"OCF_SALES":1.770236403978,"TOTAL_PARENT_EQUITY":29088495.67,"DEBT_ASSET_RATIO":56.3178214325,"OPERATE_PROFIT":-8990856.86,"PRETAX_PROFIT":-12539836.62,"NETCASH_OPERATE":899410.09,"NETCASH_INVEST":-48660.6,"NETCASH_FINANCE":-1393315.18,"END_CASH":19127670.85,"DIVI_RATIO":null,"DIVIDEND_RATE":null,"CURRENT_RATIO":1.749884521479,"COMMON_ACS":10000000000,"CURRENTDEBT_DEBT":98.315384282687,"ISSUED_COMMON_SHARES":707031639,"HK_COMMON_SHARES":707031639,"PER_SHARES":32000,"TOTAL_MARKET_CAP":403008034.23,"HKSK_MARKET_CAP":403008034.23,"PE_TTM":-35.485430503654,"PB_TTM":4.652275693556,"REPORT_DATE_SQ":"2020-12-31 00:00:00","REPORT_TYPE_SQ":"2020年年报","OPERATE_INCOME_SQ":36616578.32,"DPS_HKD":null,"OPERATE_INCOME_QOQ_SQ":0,"NET_PROFIT_RATIO_SQ":-119.5295909888,"HOLDER_PROFIT_SQ":-43767646.3,"HOLDER_PROFIT_QOQ_SQ":0,"ROE_AVG_SQ":-79.014624991417,"PE_TTM_SQ":-106.272902316883,"PB_TTM_SQ":5.436568037311,"ROA_SQ":-41.358187379703,"START_DATE":"2021-04-01 00:00:00","FISCAL_YEAR":"3-31","CURRENCY":"HKD","IS_CNY_CODE":0,"DPS_HKD_LY":null,"ORG_TYPE":"一般企业","PREMIUM_INCOME":null,"PREMIUM_INCOME_YOY":null,"NET_INTEREST_INCOME":null,"NET_INTEREST_INCOME_YOY":null,"FEE_COMMISSION_INCOME":null,"FEE_COMMISSION_INCOME_YOY":null,"ACCOUNTS_RECE_TDAYS":1.722041259501,"INVENTORY_TDAYS":2.116878060775,"CURRENT_ASSETS_TDAYS":0.738888135353,"TOTAL_ASSETS_TDAYS":0.720602275211,"PREMIUM_EXPENSE":null,"LOAN_DEPOSIT":null,"LOAN_EQUITY":null,"LOAN_ASSETS":null,"DEPOSIT_EQUITY":null,"DEPOSIT_ASSETS":null,"EQUITY_MULTIPLIER":2.289263110938,"EQUITY_RATIO":1.289263110938},{"SECUCODE":"01466.HK","SECURITY_CODE":"01466","SECURITY_NAME_ABBR":"佰金生命科学","ORG_CODE":"10422778","STD_REPORT_DATE":"2021-06-30 00:00:00","REPORT_DATE":"2021-09-30 00:00:00","DATE_TYPE_CODE":"002","REPORT_TYPE":"2021年中报","PER_NETCASH_OPERATE":-0.004146418757,"PER_OI":0.081205695821,"BPS":0.04333249876,"BASIC_EPS":-0.044901934,"DILUTED_EPS":-0.044901934,"OPERATE_INCOME":25957316.54,"OPERATE_INCOME_YOY":87.8292844656,"GROSS_PROFIT":101633.32,"GROSS_PROFIT_YOY":100.868649213317,"HOLDER_PROFIT":-11991898.7,"HOLDER_PROFIT_YOY":66.9634865628,"GROSS_PROFIT_RATIO":0.39154016496,"EPS_TTM":-0.164307174475,"OPERATE_INCOME_QOQ":0,"NET_PROFIT_RATIO":-46.1985301197,"ROE_AVG":-34.803317134499,"GROSS_PROFIT_QOQ":0,"ROA":-16.551018413655,"HOLDER_PROFIT_QOQ":0,"ROE_YEARLY":-69.606634268997,"ROIC_YEARLY":-46.425375119934,"TOTAL_ASSETS":68462536.92,"TOTAL_LIABILITIES":37825089.3,"TAX_EBT":null,"OCF_SALES":-5.106068872557,"TOTAL_PARENT_EQUITY":30637447.62,"DEBT_ASSET_RATIO":55.2493246696,"OPERATE_PROFIT":-10107516.98,"PRETAX_PROFIT":-11991898.7,"NETCASH_OPERATE":-1325398.46,"NETCASH_INVEST":1666.12,"NETCASH_FINANCE":2216772.66,"END_CASH":21239697.76,"DIVI_RATIO":null,"DIVIDEND_RATE":null,"CURRENT_RATIO":1.791657456121,"COMMON_ACS":10000000000,"CURRENTDEBT_DEBT":99.632199097016,"ISSUED_COMMON_SHARES":707031639,"HK_COMMON_SHARES":707031639,"PER_SHARES":32000,"TOTAL_MARKET_CAP":403008034.23,"HKSK_MARKET_CAP":403008034.23,"PE_TTM":-35.485430503654,"PB_TTM":4.652275693556,"REPORT_DATE_SQ":"2020-06-30 00:00:00","REPORT_TYPE_SQ":"2020年中报","OPERATE_INCOME_SQ":14577086.08,"DPS_HKD":null,"OPERATE_INCOME_QOQ_SQ":0,"NET_PROFIT_RATIO_SQ":-262.662004943,"HOLDER_PROFIT_SQ":-38288466.56,"HOLDER_PROFIT_QOQ_SQ":0,"ROE_AVG_SQ":-64.398989077903,"PE_TTM_SQ":-106.272902316883,"PB_TTM_SQ":5.436568037311,"ROA_SQ":-33.834040587183,"START_DATE":"2021-04-01 00:00:00","FISCAL_YEAR":"3-31","CURRENCY":"HKD","IS_CNY_CODE":0,"DPS_HKD_LY":null,"ORG_TYPE":"一般企业","PREMIUM_INCOME":null,"PREMIUM_INCOME_YOY":null,"NET_INTEREST_INCOME":null,"NET_INTEREST_INCOME_YOY":null,"FEE_COMMISSION_INCOME":null,"FEE_COMMISSION_INCOME_YOY":null,"ACCOUNTS_RECE_TDAYS":0.826378114599,"INVENTORY_TDAYS":1.357224068567,"CURRENT_ASSETS_TDAYS":0.364290015023,"TOTAL_ASSETS_TDAYS":0.358258550018,"PREMIUM_EXPENSE":null,"LOAN_DEPOSIT":null,"LOAN_EQUITY":null,"LOAN_ASSETS":null,"DEPOSIT_EQUITY":null,"DEPOSIT_ASSETS":null,"EQUITY_MULTIPLIER":2.234603148705,"EQUITY_RATIO":1.234603148707},{"SECUCODE":"01466.HK","SECURITY_CODE":"01466","SECURITY_NAME_ABBR":"佰金生命科学","ORG_CODE":"10422778","STD_REPORT_DATE":"2020-12-31 00:00:00","REPORT_DATE":"2021-03-31 00:00:00","DATE_TYPE_CODE":"001","REPORT_TYPE":"2020年年报","PER_NETCASH_OPERATE":-0.051343414065,"PER_OI":0.137461504817,"BPS":0.054922287714,"BASIC_EPS":-0.1774878,"DILUTED_EPS":-0.1774878,"OPERATE_INCOME":36616578.32,"OPERATE_INCOME_YOY":-61.310257372,"GROSS_PROFIT":-7287987.14,"GROSS_PROFIT_YOY":-127.939142459949,"HOLDER_PROFIT":-43767646.3,"HOLDER_PROFIT_YOY":81.624926372,"GROSS_PROFIT_RATIO":-19.903517680731,"EPS_TTM":-1.220361348663,"OPERATE_INCOME_QOQ":0,"NET_PROFIT_RATIO":-119.5295909888,"ROE_AVG":-79.014624991417,"GROSS_PROFIT_QOQ":0,"ROA":-41.358187379703,"HOLDER_PROFIT_QOQ":0,"ROE_YEARLY":-79.014624991417,"ROIC_YEARLY":-54.08157404168,"TOTAL_ASSETS":77557942.7,"TOTAL_LIABILITIES":38726147.6,"TAX_EBT":0.560708182115,"OCF_SALES":-37.351121780076,"TOTAL_PARENT_EQUITY":38831795.1,"DEBT_ASSET_RATIO":49.9318912439,"OPERATE_PROFIT":-40263530.02,"PRETAX_PROFIT":-44014438.86,"NETCASH_OPERATE":-13676702.76,"NETCASH_INVEST":116634.84,"NETCASH_FINANCE":5723558.96,"END_CASH":20642676.32,"DIVI_RATIO":null,"DIVIDEND_RATE":null,"CURRENT_RATIO":1.976983220592,"COMMON_ACS":10000000000,"CURRENTDEBT_DEBT":99.37145351375,"ISSUED_COMMON_SHARES":707031639,"HK_COMMON_SHARES":707031639,"PER_SHARES":32000,"TOTAL_MARKET_CAP":403008034.23,"HKSK_MARKET_CAP":403008034.23,"PE_TTM":-35.485430503654,"PB_TTM":4.652275693556,"REPORT_DATE_SQ":"2019-12-31 00:00:00","REPORT_TYPE_SQ":"2019年年报","OPERATE_INCOME_SQ":102314298.6,"DPS_HKD":null,"OPERATE_INCOME_QOQ_SQ":0,"NET_PROFIT_RATIO_SQ":-251.6762221151,"HOLDER_PROFIT_SQ":-257500761.4,"HOLDER_PROFIT_QOQ_SQ":0,"ROE_AVG_SQ":-199.090106319099,"PE_TTM_SQ":-106.272902316883,"PB_TTM_SQ":5.436568037311,"ROA_SQ":-129.123035299885,"START_DATE":"2020-04-01 00:00:00","FISCAL_YEAR":"3-31","CURRENCY":"HKD","IS_CNY_CODE":0,"DPS_HKD_LY":null,"ORG_TYPE":"一般企业","PREMIUM_INCOME":null,"PREMIUM_INCOME_YOY":null,"NET_INTEREST_INCOME":null,"NET_INTEREST_INCOME_YOY":null,"FEE_COMMISSION_INCOME":null,"FEE_COMMISSION_INCOME_YOY":null,"ACCOUNTS_RECE_TDAYS":1.054933281387,"INVENTORY_TDAYS":1.763036874883,"CURRENT_ASSETS_TDAYS":0.373527839567,"TOTAL_ASSETS_TDAYS":0.3460079386,"PREMIUM_EXPENSE":null,"LOAN_DEPOSIT":null,"LOAN_EQUITY":null,"LOAN_ASSETS":null,"DEPOSIT_EQUITY":null,"DEPOSIT_ASSETS":null,"EQUITY_MULTIPLIER":1.99727935575,"EQUITY_RATIO":0.997279355751},{"SECUCODE":"01466.HK","SECURITY_CODE":"01466","SECURITY_NAME_ABBR":"佰金生命科学","ORG_CODE":"10422778","STD_REPORT_DATE":"2020-06-30 00:00:00","REPORT_DATE":"2020-09-30 00:00:00","DATE_TYPE_CODE":"002","REPORT_TYPE":"2020年中报","PER_NETCASH_OPERATE":-0.099416881226,"PER_OI":0.065666997518,"BPS":0.062377628337,"BASIC_EPS":-0.182598016,"DILUTED_EPS":-0.182598016,"OPERATE_INCOME":14577086.08,"OPERATE_INCOME_YOY":-73.9199471765,"GROSS_PROFIT":-11700156.8,"GROSS_PROFIT_YOY":-174.049239009429,"HOLDER_PROFIT":-38288466.56,"HOLDER_PROFIT_YOY":-57.9246855859,"GROSS_PROFIT_RATIO":-80.264030381578,"EPS_TTM":-0.115999190297,"OPERATE_INCOME_QOQ":0,"NET_PROFIT_RATIO":-262.662004943,"ROE_AVG":-64.398989077903,"GROSS_PROFIT_QOQ":0,"ROA":-33.834040587183,"HOLDER_PROFIT_QOQ":0,"ROE_YEARLY":-128.797978155806,"ROIC_YEARLY":-83.359399287371,"TOTAL_ASSETS":86915952.64,"TOTAL_LIABILITIES":42812995.84,"TAX_EBT":null,"OCF_SALES":-151.395503044186,"TOTAL_PARENT_EQUITY":44102956.8,"DEBT_ASSET_RATIO":49.2579262375,"OPERATE_PROFIT":null,"PRETAX_PROFIT":-38288466.56,"NETCASH_OPERATE":-22069052.8,"NETCASH_INVEST":108961.28,"NETCASH_FINANCE":3955118.72,"END_CASH":12295928.96,"DIVI_RATIO":null,"DIVIDEND_RATE":null,"CURRENT_RATIO":1.894614368672,"COMMON_ACS":10000000000,"CURRENTDEBT_DEBT":97.904437420467,"ISSUED_COMMON_SHARES":707031639,"HK_COMMON_SHARES":707031639,"PER_SHARES":32000,"TOTAL_MARKET_CAP":403008034.23,"HKSK_MARKET_CAP":403008034.23,"PE_TTM":-35.485430503654,"PB_TTM":4.652275693556,"REPORT_DATE_SQ":"2019-06-30 00:00:00","REPORT_TYPE_SQ":"2019年中报","OPERATE_INCOME_SQ":57375052.08,"DPS_HKD":null,"OPERATE_INCOME_QOQ_SQ":0,"NET_PROFIT_RATIO_SQ":-43.3766192932,"HOLDER_PROFIT_SQ":-24887357.91,"HOLDER_PROFIT_QOQ_SQ":0,"ROE_AVG_SQ":-10.107426436245,"PE_TTM_SQ":-106.272902316883,"PB_TTM_SQ":5.436568037311,"ROA_SQ":-7.567367425022,"START_DATE":"2020-04-01 00:00:00","FISCAL_YEAR":"3-31","CURRENCY":"HKD","IS_CNY_CODE":0,"DPS_HKD_LY":null,"ORG_TYPE":"一般企业","PREMIUM_INCOME":null,"PREMIUM_INCOME_YOY":null,"NET_INTEREST_INCOME":null,"NET_INTEREST_INCOME_YOY":null,"FEE_COMMISSION_INCOME":null,"FEE_COMMISSION_INCOME_YOY":null,"ACCOUNTS_RECE_TDAYS":0.593269437093,"INVENTORY_TDAYS":0.953510617945,"CURRENT_ASSETS_TDAYS":0.142804877524,"TOTAL_ASSETS_TDAYS":0.128812085305,"PREMIUM_EXPENSE":null,"LOAN_DEPOSIT":null,"LOAN_EQUITY":null,"LOAN_ASSETS":null,"DEPOSIT_EQUITY":null,"DEPOSIT_ASSETS":null,"EQUITY_MULTIPLIER":1.970751145648,"EQUITY_RATIO":0.970751145647}],"count":25},"success":true,"message":"ok","code":0}