{"version":"a675f474b3fe54acbd497936dab1a1c4","result":{"pages":4,"data":[{"SECUCODE":"01460.HK","SECURITY_CODE":"01460","SECURITY_NAME_ABBR":"扬科集团","ORG_CODE":"10431051","STD_REPORT_DATE":"2024-06-30 00:00:00","REPORT_DATE":"2024-09-30 00:00:00","DATE_TYPE_CODE":"002","REPORT_TYPE":"2024年中报","PER_NETCASH_OPERATE":0.00373626326,"PER_OI":0.517963642425,"BPS":0.588881741678,"BASIC_EPS":0.02254475,"DILUTED_EPS":0.02254475,"OPERATE_INCOME":454559874.56,"OPERATE_INCOME_YOY":-2.5944462695,"GROSS_PROFIT":94311001.78,"GROSS_PROFIT_YOY":8.573457099468,"HOLDER_PROFIT":19852906.85,"HOLDER_PROFIT_YOY":54.4262065095,"GROSS_PROFIT_RATIO":20.747762188928,"EPS_TTM":0.017241787931,"OPERATE_INCOME_QOQ":0,"NET_PROFIT_RATIO":5.5530646902,"ROE_AVG":3.963870530968,"GROSS_PROFIT_QOQ":0,"ROA":2.29915307827,"HOLDER_PROFIT_QOQ":0,"ROE_YEARLY":7.927741061936,"ROIC_YEARLY":6.842306057609,"TOTAL_ASSETS":866211679.13,"TOTAL_LIABILITIES":326201791.33,"TAX_EBT":13.036319010781,"OCF_SALES":0.721336973083,"TOTAL_PARENT_EQUITY":516796911.41,"DEBT_ASSET_RATIO":37.658438369,"OPERATE_PROFIT":29945740.53,"PRETAX_PROFIT":29025914.73,"NETCASH_OPERATE":3278908.44,"NETCASH_INVEST":25719952.59,"NETCASH_FINANCE":-14135558.25,"END_CASH":150745921.77,"DIVI_RATIO":0.525786538853,"DIVIDEND_RATE":5.102040816327,"CURRENT_RATIO":1.956867474142,"COMMON_ACS":4000000000,"CURRENTDEBT_DEBT":93.762423042792,"ISSUED_COMMON_SHARES":877590312,"HK_COMMON_SHARES":877590312,"PER_SHARES":8000,"TOTAL_MARKET_CAP":172007701.152,"HKSK_MARKET_CAP":172007701.152,"PE_TTM":7.035079801718,"PB_TTM":0.30014657866,"REPORT_DATE_SQ":"2023-06-30 00:00:00","REPORT_TYPE_SQ":"2023年中报","OPERATE_INCOME_SQ":474864348.7,"DPS_HKD":0.01,"OPERATE_INCOME_QOQ_SQ":0,"NET_PROFIT_RATIO_SQ":3.9305107345,"HOLDER_PROFIT_SQ":13081733.28,"HOLDER_PROFIT_QOQ_SQ":0,"ROE_AVG_SQ":2.67731633593,"PE_TTM_SQ":17.402147769185,"PB_TTM_SQ":0.328711979429,"ROA_SQ":1.664249170415,"START_DATE":"2024-04-01 00:00:00","FISCAL_YEAR":"3-31","CURRENCY":"HKD","IS_CNY_CODE":0,"DPS_HKD_LY":0.01,"ORG_TYPE":"一般企业","PREMIUM_INCOME":null,"PREMIUM_INCOME_YOY":null,"NET_INTEREST_INCOME":null,"NET_INTEREST_INCOME_YOY":null,"FEE_COMMISSION_INCOME":null,"FEE_COMMISSION_INCOME_YOY":null,"ACCOUNTS_RECE_TDAYS":1.493956763742,"INVENTORY_TDAYS":322.162903225807,"CURRENT_ASSETS_TDAYS":0.750420755432,"TOTAL_ASSETS_TDAYS":0.526423028501,"PREMIUM_EXPENSE":null,"LOAN_DEPOSIT":null,"LOAN_EQUITY":null,"LOAN_ASSETS":null,"DEPOSIT_EQUITY":null,"DEPOSIT_ASSETS":null,"EQUITY_MULTIPLIER":1.604066330451,"EQUITY_RATIO":0.631199188943},{"SECUCODE":"01460.HK","SECURITY_CODE":"01460","SECURITY_NAME_ABBR":"扬科集团","ORG_CODE":"10431051","STD_REPORT_DATE":"2023-12-31 00:00:00","REPORT_DATE":"2024-03-31 00:00:00","DATE_TYPE_CODE":"001","REPORT_TYPE":"2023年年报","PER_NETCASH_OPERATE":0.099606937947,"PER_OI":1.112317932869,"BPS":0.555447746556,"BASIC_EPS":0.01722445,"DILUTED_EPS":0.01722445,"OPERATE_INCOME":976159441.75,"OPERATE_INCOME_YOY":22.7354380718,"GROSS_PROFIT":189880523.7,"GROSS_PROFIT_YOY":24.843691164098,"HOLDER_PROFIT":15131226.05,"HOLDER_PROFIT_YOY":52.2068210833,"GROSS_PROFIT_RATIO":19.451793997873,"EPS_TTM":0.010246097042,"OPERATE_INCOME_QOQ":0,"NET_PROFIT_RATIO":3.0644000427,"ROE_AVG":3.123625658982,"GROSS_PROFIT_QOQ":0,"ROA":1.834534667221,"HOLDER_PROFIT_QOQ":0,"ROE_YEARLY":3.123625658982,"ROIC_YEARLY":2.672133352118,"TOTAL_ASSETS":865307414.3,"TOTAL_LIABILITIES":352890905.4,"TAX_EBT":23.871816168328,"OCF_SALES":8.954898145869,"TOTAL_PARENT_EQUITY":487455561.2,"DEBT_ASSET_RATIO":40.7821428048,"OPERATE_PROFIT":41000536.85,"PRETAX_PROFIT":39293503.2,"NETCASH_OPERATE":87414083.75,"NETCASH_INVEST":-75502923.3,"NETCASH_FINANCE":-12515829.3,"END_CASH":136546374.1,"DIVI_RATIO":0.884775926161,"DIVIDEND_RATE":6.25,"CURRENT_RATIO":1.856240100497,"COMMON_ACS":4000000000,"CURRENTDEBT_DEBT":94.068867720953,"ISSUED_COMMON_SHARES":877590312,"HK_COMMON_SHARES":877590312,"PER_SHARES":8000,"TOTAL_MARKET_CAP":140414449.92,"HKSK_MARKET_CAP":140414449.92,"PE_TTM":5.742922287117,"PB_TTM":0.245017615233,"REPORT_DATE_SQ":"2022-12-31 00:00:00","REPORT_TYPE_SQ":"2022年年报","OPERATE_INCOME_SQ":768016452.02,"DPS_HKD":0.01,"OPERATE_INCOME_QOQ_SQ":0,"NET_PROFIT_RATIO_SQ":2.5904969897,"HOLDER_PROFIT_SQ":9599746.06,"HOLDER_PROFIT_QOQ_SQ":0,"ROE_AVG_SQ":2.065224248964,"PE_TTM_SQ":17.402147769185,"PB_TTM_SQ":0.328711979429,"ROA_SQ":1.335210046585,"START_DATE":"2023-04-01 00:00:00","FISCAL_YEAR":"3-31","CURRENCY":"HKD","IS_CNY_CODE":0,"DPS_HKD_LY":null,"ORG_TYPE":"一般企业","PREMIUM_INCOME":null,"PREMIUM_INCOME_YOY":null,"NET_INTEREST_INCOME":null,"NET_INTEREST_INCOME_YOY":null,"FEE_COMMISSION_INCOME":null,"FEE_COMMISSION_INCOME_YOY":null,"ACCOUNTS_RECE_TDAYS":3.194326194848,"INVENTORY_TDAYS":104.889466682791,"CURRENT_ASSETS_TDAYS":1.714919353233,"TOTAL_ASSETS_TDAYS":1.183511719875,"PREMIUM_EXPENSE":null,"LOAN_DEPOSIT":null,"LOAN_EQUITY":null,"LOAN_ASSETS":null,"DEPOSIT_EQUITY":null,"DEPOSIT_ASSETS":null,"EQUITY_MULTIPLIER":1.688679812753,"EQUITY_RATIO":0.723944772589},{"SECUCODE":"01460.HK","SECURITY_CODE":"01460","SECURITY_NAME_ABBR":"扬科集团","ORG_CODE":"10431051","STD_REPORT_DATE":"2023-06-30 00:00:00","REPORT_DATE":"2023-09-30 00:00:00","DATE_TYPE_CODE":"002","REPORT_TYPE":"2023年中报","PER_NETCASH_OPERATE":0.032583753112,"PER_OI":0.54110026308,"BPS":0.558318563013,"BASIC_EPS":0.01468208,"DILUTED_EPS":0.01468208,"OPERATE_INCOME":474864348.7,"OPERATE_INCOME_YOY":27.904792506,"GROSS_PROFIT":86863773.43,"GROSS_PROFIT_YOY":14.93304343107,"HOLDER_PROFIT":13081733.28,"HOLDER_PROFIT_YOY":-5.8139534884,"GROSS_PROFIT_RATIO":18.292334151385,"EPS_TTM":0.010938755737,"OPERATE_INCOME_QOQ":0,"NET_PROFIT_RATIO":3.9305107345,"ROE_AVG":2.67731633593,"GROSS_PROFIT_QOQ":0,"ROA":1.664249170415,"HOLDER_PROFIT_QOQ":0,"ROE_YEARLY":5.354632671861,"ROIC_YEARLY":4.670071381071,"TOTAL_ASSETS":778211721.21,"TOTAL_LIABILITIES":272348913.48,"TAX_EBT":17.841418588682,"OCF_SALES":6.021758874568,"TOTAL_PARENT_EQUITY":489974961.91,"DEBT_ASSET_RATIO":34.9967632274,"OPERATE_PROFIT":23563820.77,"PRETAX_PROFIT":22717765.91,"NETCASH_OPERATE":28595186.06,"NETCASH_INVEST":-919465.26,"NETCASH_FINANCE":-8070555.85,"END_CASH":218960282.45,"DIVI_RATIO":0.828750565245,"DIVIDEND_RATE":6.25,"CURRENT_RATIO":2.433070296406,"COMMON_ACS":4000000000,"CURRENTDEBT_DEBT":79.161444224316,"ISSUED_COMMON_SHARES":877590312,"HK_COMMON_SHARES":877590312,"PER_SHARES":8000,"TOTAL_MARKET_CAP":140414449.92,"HKSK_MARKET_CAP":140414449.92,"PE_TTM":5.742922287117,"PB_TTM":0.245017615233,"REPORT_DATE_SQ":"2022-06-30 00:00:00","REPORT_TYPE_SQ":"2022年中报","OPERATE_INCOME_SQ":365927379.6,"DPS_HKD":0.01,"OPERATE_INCOME_QOQ_SQ":0,"NET_PROFIT_RATIO_SQ":4.8686324427,"HOLDER_PROFIT_SQ":13689603.84,"HOLDER_PROFIT_QOQ_SQ":0,"ROE_AVG_SQ":2.867291171373,"PE_TTM_SQ":17.402147769185,"PB_TTM_SQ":0.328711979429,"ROA_SQ":1.909951153403,"START_DATE":"2023-04-01 00:00:00","FISCAL_YEAR":"3-31","CURRENCY":"HKD","IS_CNY_CODE":0,"DPS_HKD_LY":null,"ORG_TYPE":"一般企业","PREMIUM_INCOME":null,"PREMIUM_INCOME_YOY":null,"NET_INTEREST_INCOME":null,"NET_INTEREST_INCOME_YOY":null,"FEE_COMMISSION_INCOME":null,"FEE_COMMISSION_INCOME_YOY":null,"ACCOUNTS_RECE_TDAYS":1.65804254283,"INVENTORY_TDAYS":53.509111617312,"CURRENT_ASSETS_TDAYS":0.901776752356,"TOTAL_ASSETS_TDAYS":0.604119180133,"PREMIUM_EXPENSE":null,"LOAN_DEPOSIT":null,"LOAN_EQUITY":null,"LOAN_ASSETS":null,"DEPOSIT_EQUITY":null,"DEPOSIT_ASSETS":null,"EQUITY_MULTIPLIER":1.538384932274,"EQUITY_RATIO":0.555842511663},{"SECUCODE":"01460.HK","SECURITY_CODE":"01460","SECURITY_NAME_ABBR":"扬科集团","ORG_CODE":"10431051","STD_REPORT_DATE":"2022-12-31 00:00:00","REPORT_DATE":"2023-03-31 00:00:00","DATE_TYPE_CODE":"001","REPORT_TYPE":"2022年年报","PER_NETCASH_OPERATE":0.121102380219,"PER_OI":0.875142354602,"BPS":0.529670792332,"BASIC_EPS":0.01050492,"DILUTED_EPS":0.01050492,"OPERATE_INCOME":768016452.02,"OPERATE_INCOME_YOY":23.1415537932,"GROSS_PROFIT":152094608.81,"GROSS_PROFIT_YOY":43.127636236078,"HOLDER_PROFIT":9599746.06,"HOLDER_PROFIT_YOY":35.0160059099,"GROSS_PROFIT_RATIO":19.803561292205,"EPS_TTM":0.011564754648,"OPERATE_INCOME_QOQ":0,"NET_PROFIT_RATIO":2.5904969897,"ROE_AVG":2.065224248964,"GROSS_PROFIT_QOQ":0,"ROA":1.335210046585,"HOLDER_PROFIT_QOQ":0,"ROE_YEARLY":2.065224248964,"ROIC_YEARLY":1.71988977398,"TOTAL_ASSETS":757350456.58,"TOTAL_LIABILITIES":275617586.04,"TAX_EBT":25.543834359848,"OCF_SALES":13.838020703915,"TOTAL_PARENT_EQUITY":464833955.9,"DEBT_ASSET_RATIO":36.3923443428,"OPERATE_PROFIT":28020998.69,"PRETAX_PROFIT":26721014.84,"NETCASH_OPERATE":106278275.64,"NETCASH_INVEST":-56512967.96,"NETCASH_FINANCE":-11210500.46,"END_CASH":132116877.2,"DIVI_RATIO":0.783890387276,"DIVIDEND_RATE":5.952380952381,"CURRENT_RATIO":2.253836162038,"COMMON_ACS":4000000000,"CURRENTDEBT_DEBT":81.181156382208,"ISSUED_COMMON_SHARES":877590312,"HK_COMMON_SHARES":877590312,"PER_SHARES":8000,"TOTAL_MARKET_CAP":147435172.416,"HKSK_MARKET_CAP":147435172.416,"PE_TTM":6.030068401472,"PB_TTM":0.257268495994,"REPORT_DATE_SQ":"2021-12-31 00:00:00","REPORT_TYPE_SQ":"2021年年报","OPERATE_INCOME_SQ":577804074.5,"DPS_HKD":0.01,"OPERATE_INCOME_QOQ_SQ":0,"NET_PROFIT_RATIO_SQ":2.6547827918,"HOLDER_PROFIT_SQ":6587023.22,"HOLDER_PROFIT_QOQ_SQ":0,"ROE_AVG_SQ":1.601017144603,"PE_TTM_SQ":16.085687827102,"PB_TTM_SQ":0.330355539326,"ROA_SQ":1.098517636875,"START_DATE":"2022-04-01 00:00:00","FISCAL_YEAR":"3-31","CURRENCY":"HKD","IS_CNY_CODE":0,"DPS_HKD_LY":null,"ORG_TYPE":"一般企业","PREMIUM_INCOME":null,"PREMIUM_INCOME_YOY":null,"NET_INTEREST_INCOME":null,"NET_INTEREST_INCOME_YOY":null,"FEE_COMMISSION_INCOME":null,"FEE_COMMISSION_INCOME_YOY":null,"ACCOUNTS_RECE_TDAYS":3.326616817327,"INVENTORY_TDAYS":87.433950540574,"CURRENT_ASSETS_TDAYS":1.713467658694,"TOTAL_ASSETS_TDAYS":1.068219176081,"PREMIUM_EXPENSE":null,"LOAN_DEPOSIT":null,"LOAN_EQUITY":null,"LOAN_ASSETS":null,"DEPOSIT_EQUITY":null,"DEPOSIT_ASSETS":null,"EQUITY_MULTIPLIER":1.572137802703,"EQUITY_RATIO":0.592937720108},{"SECUCODE":"01460.HK","SECURITY_CODE":"01460","SECURITY_NAME_ABBR":"扬科集团","ORG_CODE":"10431051","STD_REPORT_DATE":"2022-06-30 00:00:00","REPORT_DATE":"2022-09-30 00:00:00","DATE_TYPE_CODE":"002","REPORT_TYPE":"2022年中报","PER_NETCASH_OPERATE":0.05686512852,"PER_OI":0.416968344564,"BPS":0.540848929654,"BASIC_EPS":0.01537548,"DILUTED_EPS":0.01537548,"OPERATE_INCOME":365927379.6,"OPERATE_INCOME_YOY":12.7145487824,"GROSS_PROFIT":75577719.72,"GROSS_PROFIT_YOY":17.54579600527,"HOLDER_PROFIT":13689603.84,"HOLDER_PROFIT_YOY":24.5044007568,"GROSS_PROFIT_RATIO":20.653748238958,"EPS_TTM":0.007505806673,"OPERATE_INCOME_QOQ":0,"NET_PROFIT_RATIO":4.8686324427,"ROE_AVG":2.867291171373,"GROSS_PROFIT_QOQ":0,"ROA":1.909951153403,"HOLDER_PROFIT_QOQ":0,"ROE_YEARLY":5.734582342745,"ROIC_YEARLY":4.668100261147,"TOTAL_ASSETS":730346153.28,"TOTAL_LIABILITIES":244755030.6,"TAX_EBT":15.788123637296,"OCF_SALES":13.637756741393,"TOTAL_PARENT_EQUITY":474643780.92,"DEBT_ASSET_RATIO":33.5121954844,"OPERATE_PROFIT":21759921.96,"PRETAX_PROFIT":21155756.04,"NETCASH_OPERATE":49904285.88,"NETCASH_INVEST":-151945.92,"NETCASH_FINANCE":-15259711.68,"END_CASH":130889652.36,"DIVI_RATIO":1.20779822808,"DIVIDEND_RATE":5.952380952381,"CURRENT_RATIO":2.188868993811,"COMMON_ACS":4000000000,"CURRENTDEBT_DEBT":85.027067974798,"ISSUED_COMMON_SHARES":877590312,"HK_COMMON_SHARES":877590312,"PER_SHARES":8000,"TOTAL_MARKET_CAP":147435172.416,"HKSK_MARKET_CAP":147435172.416,"PE_TTM":6.030068401472,"PB_TTM":0.257268495994,"REPORT_DATE_SQ":"2021-06-30 00:00:00","REPORT_TYPE_SQ":"2021年中报","OPERATE_INCOME_SQ":299027720.06,"DPS_HKD":0.01,"OPERATE_INCOME_QOQ_SQ":0,"NET_PROFIT_RATIO_SQ":4.5242944023,"HOLDER_PROFIT_SQ":10127510.42,"HOLDER_PROFIT_QOQ_SQ":0,"ROE_AVG_SQ":2.378441618913,"PE_TTM_SQ":16.085687827102,"PB_TTM_SQ":0.330355539326,"ROA_SQ":1.667256384727,"START_DATE":"2022-04-01 00:00:00","FISCAL_YEAR":"3-31","CURRENCY":"HKD","IS_CNY_CODE":0,"DPS_HKD_LY":null,"ORG_TYPE":"一般企业","PREMIUM_INCOME":null,"PREMIUM_INCOME_YOY":null,"NET_INTEREST_INCOME":null,"NET_INTEREST_INCOME_YOY":null,"FEE_COMMISSION_INCOME":null,"FEE_COMMISSION_INCOME_YOY":null,"ACCOUNTS_RECE_TDAYS":1.686494372655,"INVENTORY_TDAYS":516.535800482703,"CURRENT_ASSETS_TDAYS":0.850323765729,"TOTAL_ASSETS_TDAYS":0.510535899283,"PREMIUM_EXPENSE":null,"LOAN_DEPOSIT":null,"LOAN_EQUITY":null,"LOAN_ASSETS":null,"DEPOSIT_EQUITY":null,"DEPOSIT_ASSETS":null,"EQUITY_MULTIPLIER":1.504035224633,"EQUITY_RATIO":0.51566046041},{"SECUCODE":"01460.HK","SECURITY_CODE":"01460","SECURITY_NAME_ABBR":"扬科集团","ORG_CODE":"10431051","STD_REPORT_DATE":"2021-12-31 00:00:00","REPORT_DATE":"2022-03-31 00:00:00","DATE_TYPE_CODE":"001","REPORT_TYPE":"2021年年报","PER_NETCASH_OPERATE":-0.036883064532,"PER_OI":0.658398419626,"BPS":0.490693266416,"BASIC_EPS":0.00729909,"DILUTED_EPS":0.00729909,"OPERATE_INCOME":577804074.5,"OPERATE_INCOME_YOY":11.7849185678,"GROSS_PROFIT":106265018.28,"GROSS_PROFIT_YOY":14.014504720549,"HOLDER_PROFIT":6587023.22,"HOLDER_PROFIT_YOY":0.2839856772,"GROSS_PROFIT_RATIO":18.39118534634,"EPS_TTM":0.008352905199,"OPERATE_INCOME_QOQ":0,"NET_PROFIT_RATIO":2.6547827918,"ROE_AVG":1.601017144603,"GROSS_PROFIT_QOQ":0,"ROA":1.098517636875,"HOLDER_PROFIT_QOQ":0,"ROE_YEARLY":1.601017144603,"ROIC_YEARLY":1.332341431767,"TOTAL_ASSETS":630519724.5,"TOTAL_LIABILITIES":180636257.3,"TAX_EBT":26.82606004333,"OCF_SALES":-5.601936978034,"TOTAL_PARENT_EQUITY":430627656.77,"DEBT_ASSET_RATIO":28.6487877034,"OPERATE_PROFIT":26322140.56,"PRETAX_PROFIT":20962986.48,"NETCASH_OPERATE":-32368220.11,"NETCASH_INVEST":8900834.75,"NETCASH_FINANCE":25051287.89,"END_CASH":87121127.23,"DIVI_RATIO":1.085311012594,"DIVIDEND_RATE":5.952380952381,"CURRENT_RATIO":2.46249072369,"COMMON_ACS":4000000000,"CURRENTDEBT_DEBT":81.675122345441,"ISSUED_COMMON_SHARES":877590312,"HK_COMMON_SHARES":877590312,"PER_SHARES":8000,"TOTAL_MARKET_CAP":147435172.416,"HKSK_MARKET_CAP":147435172.416,"PE_TTM":6.030068401472,"PB_TTM":0.257268495994,"REPORT_DATE_SQ":"2020-12-31 00:00:00","REPORT_TYPE_SQ":"2020年年报","OPERATE_INCOME_SQ":538667021.2,"DPS_HKD":0.01,"OPERATE_INCOME_QOQ_SQ":0,"NET_PROFIT_RATIO_SQ":2.5143565444,"HOLDER_PROFIT_SQ":6845112.82,"HOLDER_PROFIT_QOQ_SQ":0,"ROE_AVG_SQ":1.749884677004,"PE_TTM_SQ":16.085687827102,"PB_TTM_SQ":0.330355539326,"ROA_SQ":1.270823085076,"START_DATE":"2021-04-01 00:00:00","FISCAL_YEAR":"3-31","CURRENCY":"HKD","IS_CNY_CODE":0,"DPS_HKD_LY":null,"ORG_TYPE":"一般企业","PREMIUM_INCOME":null,"PREMIUM_INCOME_YOY":null,"NET_INTEREST_INCOME":null,"NET_INTEREST_INCOME_YOY":null,"FEE_COMMISSION_INCOME":null,"FEE_COMMISSION_INCOME_YOY":null,"ACCOUNTS_RECE_TDAYS":3.877584897856,"INVENTORY_TDAYS":663.345122646891,"CURRENT_ASSETS_TDAYS":1.806772130391,"TOTAL_ASSETS_TDAYS":0.963603657217,"PREMIUM_EXPENSE":null,"LOAN_DEPOSIT":null,"LOAN_EQUITY":null,"LOAN_ASSETS":null,"DEPOSIT_EQUITY":null,"DEPOSIT_ASSETS":null,"EQUITY_MULTIPLIER":1.401517882896,"EQUITY_RATIO":0.419472029862},{"SECUCODE":"01460.HK","SECURITY_CODE":"01460","SECURITY_NAME_ABBR":"扬科集团","ORG_CODE":"10431051","STD_REPORT_DATE":"2021-06-30 00:00:00","REPORT_DATE":"2021-09-30 00:00:00","DATE_TYPE_CODE":"002","REPORT_TYPE":"2021年中报","PER_NETCASH_OPERATE":-0.02615301895,"PER_OI":0.34073726199,"BPS":0.511306661143,"BASIC_EPS":0.01166284,"DILUTED_EPS":0.01166284,"OPERATE_INCOME":299027720.06,"OPERATE_INCOME_YOY":27.6846789484,"GROSS_PROFIT":64296403.86,"GROSS_PROFIT_YOY":57.457553583427,"HOLDER_PROFIT":10127510.42,"HOLDER_PROFIT_YOY":10.7901212066,"GROSS_PROFIT_RATIO":21.501820582754,"EPS_TTM":0.008074673067,"OPERATE_INCOME_QOQ":0,"NET_PROFIT_RATIO":4.5242944023,"ROE_AVG":2.378441618913,"GROSS_PROFIT_QOQ":0,"ROA":1.667256384727,"HOLDER_PROFIT_QOQ":0,"ROE_YEARLY":4.756883237827,"ROIC_YEARLY":4.067882815395,"TOTAL_ASSETS":630671405.24,"TOTAL_LIABILITIES":165264941.98,"TAX_EBT":26.505860524053,"OCF_SALES":-7.675420879173,"TOTAL_PARENT_EQUITY":448717772.28,"DEBT_ASSET_RATIO":26.2046036346,"OPERATE_PROFIT":21710376.66,"PRETAX_PROFIT":18408126.82,"NETCASH_OPERATE":-22951636.06,"NETCASH_INVEST":-12495.9,"NETCASH_FINANCE":28620609.36,"END_CASH":95411194.86,"DIVI_RATIO":1.122707993794,"DIVIDEND_RATE":5.952380952381,"CURRENT_RATIO":2.341385463705,"COMMON_ACS":4000000000,"CURRENTDEBT_DEBT":87.850773503778,"ISSUED_COMMON_SHARES":877590312,"HK_COMMON_SHARES":877590312,"PER_SHARES":8000,"TOTAL_MARKET_CAP":147435172.416,"HKSK_MARKET_CAP":147435172.416,"PE_TTM":6.030068401472,"PB_TTM":0.257268495994,"REPORT_DATE_SQ":"2020-06-30 00:00:00","REPORT_TYPE_SQ":"2020年中报","OPERATE_INCOME_SQ":247028402.56,"DPS_HKD":0.01,"OPERATE_INCOME_QOQ_SQ":0,"NET_PROFIT_RATIO_SQ":5.0031480882,"HOLDER_PROFIT_SQ":9642194.56,"HOLDER_PROFIT_QOQ_SQ":0,"ROE_AVG_SQ":2.368088534096,"PE_TTM_SQ":16.085687827102,"PB_TTM_SQ":0.330355539326,"ROA_SQ":1.772689308452,"START_DATE":"2021-04-01 00:00:00","FISCAL_YEAR":"3-31","CURRENCY":"HKD","IS_CNY_CODE":0,"DPS_HKD_LY":null,"ORG_TYPE":"一般企业","PREMIUM_INCOME":null,"PREMIUM_INCOME_YOY":null,"NET_INTEREST_INCOME":null,"NET_INTEREST_INCOME_YOY":null,"FEE_COMMISSION_INCOME":null,"FEE_COMMISSION_INCOME_YOY":null,"ACCOUNTS_RECE_TDAYS":2.077214647809,"INVENTORY_TDAYS":460.032653061225,"CURRENT_ASSETS_TDAYS":0.958814753873,"TOTAL_ASSETS_TDAYS":0.492278807727,"PREMIUM_EXPENSE":null,"LOAN_DEPOSIT":null,"LOAN_EQUITY":null,"LOAN_ASSETS":null,"DEPOSIT_EQUITY":null,"DEPOSIT_ASSETS":null,"EQUITY_MULTIPLIER":1.355098080981,"EQUITY_RATIO":0.36830487266},{"SECUCODE":"01460.HK","SECURITY_CODE":"01460","SECURITY_NAME_ABBR":"扬科集团","ORG_CODE":"10431051","STD_REPORT_DATE":"2020-12-31 00:00:00","REPORT_DATE":"2021-03-31 00:00:00","DATE_TYPE_CODE":"001","REPORT_TYPE":"2020年年报","PER_NETCASH_OPERATE":0.058583842033,"PER_OI":0.762509973681,"BPS":0.465767121003,"BASIC_EPS":0.01014216,"DILUTED_EPS":0.01014216,"OPERATE_INCOME":538667021.2,"OPERATE_INCOME_YOY":5.1213115836,"GROSS_PROFIT":93203069.68,"GROSS_PROFIT_YOY":-13.23937230999,"HOLDER_PROFIT":6845112.82,"HOLDER_PROFIT_YOY":-88.4441971292,"GROSS_PROFIT_RATIO":17.302538676374,"EPS_TTM":0.077386704097,"OPERATE_INCOME_QOQ":0,"NET_PROFIT_RATIO":2.5143565444,"ROE_AVG":1.749884677004,"GROSS_PROFIT_QOQ":0,"ROA":1.270823085076,"HOLDER_PROFIT_QOQ":0,"ROE_YEARLY":1.749884677004,"ROIC_YEARLY":1.483331974971,"TOTAL_ASSETS":592699378.6,"TOTAL_LIABILITIES":165744023.9,"TAX_EBT":29.208817422803,"OCF_SALES":7.683026328176,"TOTAL_PARENT_EQUITY":408752713.04,"DEBT_ASSET_RATIO":27.9642648338,"OPERATE_PROFIT":23949865.66,"PRETAX_PROFIT":19132339.66,"NETCASH_OPERATE":41385929.06,"NETCASH_INVEST":-4903734.36,"NETCASH_FINANCE":14249734.8,"END_CASH":90273675.8,"DIVI_RATIO":0.117145446441,"DIVIDEND_RATE":5.952380952381,"CURRENT_RATIO":1.989151568585,"COMMON_ACS":4000000000,"CURRENTDEBT_DEBT":87.335356059254,"ISSUED_COMMON_SHARES":877590312,"HK_COMMON_SHARES":877590312,"PER_SHARES":8000,"TOTAL_MARKET_CAP":147435172.416,"HKSK_MARKET_CAP":147435172.416,"PE_TTM":6.030068401472,"PB_TTM":0.257268495994,"REPORT_DATE_SQ":"2019-12-31 00:00:00","REPORT_TYPE_SQ":"2019年年报","OPERATE_INCOME_SQ":553967173,"DPS_HKD":0.01,"OPERATE_INCOME_QOQ_SQ":0,"NET_PROFIT_RATIO_SQ":12.7481898102,"HOLDER_PROFIT_SQ":64037578.2,"HOLDER_PROFIT_QOQ_SQ":0,"ROE_AVG_SQ":18.207679148303,"PE_TTM_SQ":16.085687827102,"PB_TTM_SQ":0.330355539326,"ROA_SQ":12.944848731115,"START_DATE":"2020-04-01 00:00:00","FISCAL_YEAR":"3-31","CURRENCY":"HKD","IS_CNY_CODE":0,"DPS_HKD_LY":null,"ORG_TYPE":"一般企业","PREMIUM_INCOME":null,"PREMIUM_INCOME_YOY":null,"NET_INTEREST_INCOME":null,"NET_INTEREST_INCOME_YOY":null,"FEE_COMMISSION_INCOME":null,"FEE_COMMISSION_INCOME_YOY":null,"ACCOUNTS_RECE_TDAYS":3.90823910324,"INVENTORY_TDAYS":619.346650998825,"CURRENT_ASSETS_TDAYS":2.148751135753,"TOTAL_ASSETS_TDAYS":1.000057272555,"PREMIUM_EXPENSE":null,"LOAN_DEPOSIT":null,"LOAN_EQUITY":null,"LOAN_ASSETS":null,"DEPOSIT_EQUITY":null,"DEPOSIT_ASSETS":null,"EQUITY_MULTIPLIER":1.388199895084,"EQUITY_RATIO":0.405487275344},{"SECUCODE":"01460.HK","SECURITY_CODE":"01460","SECURITY_NAME_ABBR":"扬科集团","ORG_CODE":"10431051","STD_REPORT_DATE":"2020-06-30 00:00:00","REPORT_DATE":"2020-09-30 00:00:00","DATE_TYPE_CODE":"002","REPORT_TYPE":"2020年中报","PER_NETCASH_OPERATE":0.003242774005,"PER_OI":0.034968099602,"BPS":0.48532994325,"BASIC_EPS":0.01581696,"DILUTED_EPS":0.01581696,"OPERATE_INCOME":247028402.56,"OPERATE_INCOME_YOY":-15.1275548712,"GROSS_PROFIT":40834118.4,"GROSS_PROFIT_YOY":-16.279586197475,"HOLDER_PROFIT":9642194.56,"HOLDER_PROFIT_YOY":-47.9360409945,"GROSS_PROFIT_RATIO":16.530130939126,"EPS_TTM":0.01028651153,"OPERATE_INCOME_QOQ":0,"NET_PROFIT_RATIO":5.0031480882,"ROE_AVG":2.368088534096,"GROSS_PROFIT_QOQ":0,"ROA":1.772689308452,"HOLDER_PROFIT_QOQ":0,"ROE_YEARLY":4.736177068193,"ROIC_YEARLY":4.046244373174,"TOTAL_ASSETS":584057943.68,"TOTAL_LIABILITIES":151801516.16,"TAX_EBT":22.579402212803,"OCF_SALES":9.27352084319,"TOTAL_PARENT_EQUITY":425920856.32,"DEBT_ASSET_RATIO":25.9908315267,"OPERATE_PROFIT":15431201.92,"PRETAX_PROFIT":15963706.24,"NETCASH_OPERATE":22908230.4,"NETCASH_INVEST":1053585.28,"NETCASH_FINANCE":16821336.96,"END_CASH":80647164.16,"DIVI_RATIO":0.881299746138,"DIVIDEND_RATE":5.952380952381,"CURRENT_RATIO":2.660877128248,"COMMON_ACS":4000000000,"CURRENTDEBT_DEBT":65.889449097845,"ISSUED_COMMON_SHARES":877590312,"HK_COMMON_SHARES":877590312,"PER_SHARES":8000,"TOTAL_MARKET_CAP":147435172.416,"HKSK_MARKET_CAP":147435172.416,"PE_TTM":6.030068401472,"PB_TTM":0.257268495994,"REPORT_DATE_SQ":"2019-06-30 00:00:00","REPORT_TYPE_SQ":"2019年中报","OPERATE_INCOME_SQ":298772772.3,"DPS_HKD":0.01,"OPERATE_INCOME_QOQ_SQ":0,"NET_PROFIT_RATIO_SQ":7.3544063038,"HOLDER_PROFIT_SQ":19010762.76,"HOLDER_PROFIT_QOQ_SQ":0,"ROE_AVG_SQ":6.045152204404,"PE_TTM_SQ":16.085687827102,"PB_TTM_SQ":0.330355539326,"ROA_SQ":4.004252000369,"START_DATE":"2020-04-01 00:00:00","FISCAL_YEAR":"3-31","CURRENCY":"HKD","IS_CNY_CODE":0,"DPS_HKD_LY":null,"ORG_TYPE":"一般企业","PREMIUM_INCOME":null,"PREMIUM_INCOME_YOY":null,"NET_INTEREST_INCOME":null,"NET_INTEREST_INCOME_YOY":null,"FEE_COMMISSION_INCOME":null,"FEE_COMMISSION_INCOME_YOY":null,"ACCOUNTS_RECE_TDAYS":1.5691169904,"INVENTORY_TDAYS":null,"CURRENT_ASSETS_TDAYS":1.012297089029,"TOTAL_ASSETS_TDAYS":0.45415450329,"PREMIUM_EXPENSE":null,"LOAN_DEPOSIT":null,"LOAN_EQUITY":null,"LOAN_ASSETS":null,"DEPOSIT_EQUITY":null,"DEPOSIT_ASSETS":null,"EQUITY_MULTIPLIER":1.351183941974,"EQUITY_RATIO":0.356407801843}],"count":29},"success":true,"message":"ok","code":0}