{"version":"a134b45108f1af6b59c37871f6df0ba9","result":{"pages":2,"data":[{"SECUCODE":"01463.HK","SECURITY_CODE":"01463","SECURITY_NAME_ABBR":"C-LINK SQ","ORG_CODE":"10000004203","STD_REPORT_DATE":"2024-06-30 00:00:00","REPORT_DATE":"2024-06-30 00:00:00","DATE_TYPE_CODE":"002","REPORT_TYPE":"2024年中报","PER_NETCASH_OPERATE":0.002289754659,"PER_OI":0.026061189269,"BPS":0.163735314022,"BASIC_EPS":0.000603791813,"DILUTED_EPS":0.000603791813,"OPERATE_INCOME":74906412.2690496,"OPERATE_INCOME_YOY":8.2052288437,"GROSS_PROFIT":16143883.5889385,"GROSS_PROFIT_YOY":10.56493608075,"HOLDER_PROFIT":1687598.11616954,"HOLDER_PROFIT_YOY":125.8916164891,"GROSS_PROFIT_RATIO":21.552071578269,"EPS_TTM":0.000638627316,"OPERATE_INCOME_QOQ":2.606679168457,"NET_PROFIT_RATIO":2.0574721909,"ROE_AVG":0.56896253397,"GROSS_PROFIT_QOQ":4.368508187949,"ROA":0.506026604869,"HOLDER_PROFIT_QOQ":128.023954814889,"ROE_YEARLY":1.13792506794,"ROIC_YEARLY":1.289623033267,"TOTAL_ASSETS":510587489.433643,"TOTAL_LIABILITIES":33107414.5634585,"TAX_EBT":53.842676311031,"OCF_SALES":8.786071255844,"TOTAL_PARENT_EQUITY":470616471.440647,"DEBT_ASSET_RATIO":6.4841805271,"OPERATE_PROFIT":3578975.96908586,"PRETAX_PROFIT":3338968.72358411,"NETCASH_OPERATE":6581330.75715493,"NETCASH_INVEST":-27543473.010506,"NETCASH_FINANCE":-2424224.12752083,"END_CASH":40422352.3729018,"DIVI_RATIO":null,"DIVIDEND_RATE":null,"CURRENT_RATIO":5.060142213537,"COMMON_ACS":4500000000,"CURRENTDEBT_DEBT":83.996717275339,"ISSUED_COMMON_SHARES":2874251497,"HK_COMMON_SHARES":2874251497,"PER_SHARES":2000,"TOTAL_MARKET_CAP":761676646.705,"HKSK_MARKET_CAP":761676646.705,"PE_TTM":403.856721556051,"PB_TTM":1.477141329083,"REPORT_DATE_SQ":"2023-06-30 00:00:00","REPORT_TYPE_SQ":"2023年中报","OPERATE_INCOME_SQ":71138722.1369073,"DPS_HKD":null,"OPERATE_INCOME_QOQ_SQ":-4.687373947701,"NET_PROFIT_RATIO_SQ":-8.6914807789,"HOLDER_PROFIT_SQ":-6698000.52740162,"HOLDER_PROFIT_QOQ_SQ":-478.205618210139,"ROE_AVG_SQ":-5.211231059806,"PE_TTM_SQ":-544.246368700234,"PB_TTM_SQ":31.785521339419,"ROA_SQ":-4.109191437123,"START_DATE":"2024-01-01 00:00:00","FISCAL_YEAR":"12-31","CURRENCY":"HKD","IS_CNY_CODE":0,"DPS_HKD_LY":null,"ORG_TYPE":"一般企业","PREMIUM_INCOME":null,"PREMIUM_INCOME_YOY":null,"NET_INTEREST_INCOME":null,"NET_INTEREST_INCOME_YOY":null,"FEE_COMMISSION_INCOME":null,"FEE_COMMISSION_INCOME_YOY":null,"ACCOUNTS_RECE_TDAYS":2.458337461607,"INVENTORY_TDAYS":31.521457489879,"CURRENT_ASSETS_TDAYS":0.612264034547,"TOTAL_ASSETS_TDAYS":0.224607014669,"PREMIUM_EXPENSE":null,"LOAN_DEPOSIT":null,"LOAN_EQUITY":null,"LOAN_ASSETS":null,"DEPOSIT_EQUITY":null,"DEPOSIT_ASSETS":null,"EQUITY_MULTIPLIER":1.069337792939,"EQUITY_RATIO":0.070349034878},{"SECUCODE":"01463.HK","SECURITY_CODE":"01463","SECURITY_NAME_ABBR":"C-LINK SQ","ORG_CODE":"10000004203","STD_REPORT_DATE":"2023-12-31 00:00:00","REPORT_DATE":"2023-12-31 00:00:00","DATE_TYPE_CODE":"001","REPORT_TYPE":"2023年年报","PER_NETCASH_OPERATE":-0.000405297775,"PER_OI":0.060224937054,"BPS":0.043561719593,"BASIC_EPS":-0.00277478033,"DILUTED_EPS":-0.00277478033,"OPERATE_INCOME":144539848.928626,"OPERATE_INCOME_YOY":-11.2764950795,"GROSS_PROFIT":35312162.7871127,"GROSS_PROFIT_YOY":-4.517562304709,"HOLDER_PROFIT":-6550023.12316941,"HOLDER_PROFIT_YOY":-426.5179677819,"GROSS_PROFIT_RATIO":24.430745603276,"EPS_TTM":-0.002729176301,"OPERATE_INCOME_QOQ":-9.015405606052,"NET_PROFIT_RATIO":-3.6453611766,"ROE_AVG":-5.125977935011,"GROSS_PROFIT_QOQ":-0.352337439611,"ROA":-3.94558454824,"HOLDER_PROFIT_QOQ":10.995800588012,"ROE_YEARLY":-5.125977935011,"ROIC_YEARLY":-7.665040093085,"TOTAL_ASSETS":159734854.324033,"TOTAL_LIABILITIES":27411746.5700632,"TAX_EBT":-133.310580204778,"OCF_SALES":-0.672973347696,"TOTAL_PARENT_EQUITY":125207337.752428,"DEBT_ASSET_RATIO":17.1607797722,"OPERATE_PROFIT":-1550793.89548327,"PRETAX_PROFIT":-2258362.87960536,"NETCASH_OPERATE":-972714.660089409,"NETCASH_INVEST":-2170494.8358255,"NETCASH_FINANCE":-10969631.570834,"END_CASH":65782333.8985663,"DIVI_RATIO":null,"DIVIDEND_RATE":null,"CURRENT_RATIO":5.34468844572,"COMMON_ACS":4500000000,"CURRENTDEBT_DEBT":72.47216286132,"ISSUED_COMMON_SHARES":2874251497,"HK_COMMON_SHARES":2874251497,"PER_SHARES":2000,"TOTAL_MARKET_CAP":1235928143.71,"HKSK_MARKET_CAP":1235928143.71,"PE_TTM":655.314680260762,"PB_TTM":2.39687083587,"REPORT_DATE_SQ":"2022-12-31 00:00:00","REPORT_TYPE_SQ":"2022年年报","OPERATE_INCOME_SQ":166674552.480088,"DPS_HKD":null,"OPERATE_INCOME_QOQ_SQ":-12.550131089267,"NET_PROFIT_RATIO_SQ":0.2649507949,"HOLDER_PROFIT_SQ":-1272770.28625503,"HOLDER_PROFIT_QOQ_SQ":-318.374679412965,"ROE_AVG_SQ":-0.951045324911,"PE_TTM_SQ":-300.957429050094,"PB_TTM_SQ":17.576761800311,"ROA_SQ":-0.705043639318,"START_DATE":"2023-01-01 00:00:00","FISCAL_YEAR":"12-31","CURRENCY":"HKD","IS_CNY_CODE":0,"DPS_HKD_LY":null,"ORG_TYPE":"一般企业","PREMIUM_INCOME":null,"PREMIUM_INCOME_YOY":null,"NET_INTEREST_INCOME":null,"NET_INTEREST_INCOME_YOY":null,"FEE_COMMISSION_INCOME":null,"FEE_COMMISSION_INCOME_YOY":null,"ACCOUNTS_RECE_TDAYS":4.753631270755,"INVENTORY_TDAYS":114.839546191248,"CURRENT_ASSETS_TDAYS":1.264095235527,"TOTAL_ASSETS_TDAYS":0.870675085895,"PREMIUM_EXPENSE":null,"LOAN_DEPOSIT":null,"LOAN_EQUITY":null,"LOAN_ASSETS":null,"DEPOSIT_EQUITY":null,"DEPOSIT_ASSETS":null,"EQUITY_MULTIPLIER":1.207157669097,"EQUITY_RATIO":0.218930831548},{"SECUCODE":"01463.HK","SECURITY_CODE":"01463","SECURITY_NAME_ABBR":"C-LINK SQ","ORG_CODE":"10000004203","STD_REPORT_DATE":"2023-06-30 00:00:00","REPORT_DATE":"2023-06-30 00:00:00","DATE_TYPE_CODE":"002","REPORT_TYPE":"2023年中报","PER_NETCASH_OPERATE":-0.0060172905,"PER_OI":0.029641134224,"BPS":0.043799495608,"BASIC_EPS":-0.002792126204,"DILUTED_EPS":-0.002792126204,"OPERATE_INCOME":71138722.1369073,"OPERATE_INCOME_YOY":-11.4139463009,"GROSS_PROFIT":14601268.8662416,"GROSS_PROFIT_YOY":-9.57363032705,"HOLDER_PROFIT":-6698000.52740162,"HOLDER_PROFIT_YOY":-976.8079800499,"GROSS_PROFIT_RATIO":20.525064869933,"EPS_TTM":-0.003066345543,"OPERATE_INCOME_QOQ":-4.687373947701,"NET_PROFIT_RATIO":-8.6914807789,"ROE_AVG":-5.211231059806,"GROSS_PROFIT_QOQ":-4.17995240237,"ROA":-4.109191437123,"HOLDER_PROFIT_QOQ":-478.205618210139,"ROE_YEARLY":-10.422462119612,"ROIC_YEARLY":-15.572144686069,"TOTAL_ASSETS":152640886.034715,"TOTAL_LIABILITIES":20402686.6458808,"TAX_EBT":-39.224589591338,"OCF_SALES":-20.300473168924,"TOTAL_PARENT_EQUITY":125890765.818171,"DEBT_ASSET_RATIO":13.3664624046,"OPERATE_PROFIT":-4113732.60738052,"PRETAX_PROFIT":-4441031.84575054,"NETCASH_OPERATE":-14441497.2001179,"NETCASH_INVEST":-240433.089797881,"NETCASH_FINANCE":-6316409.94617401,"END_CASH":58837855.0266028,"DIVI_RATIO":null,"DIVIDEND_RATE":null,"CURRENT_RATIO":8.969290898939,"COMMON_ACS":4500000000,"CURRENTDEBT_DEBT":54.466661598115,"ISSUED_COMMON_SHARES":2874251497,"HK_COMMON_SHARES":2874251497,"PER_SHARES":2000,"TOTAL_MARKET_CAP":1235928143.71,"HKSK_MARKET_CAP":1235928143.71,"PE_TTM":655.314680260762,"PB_TTM":2.39687083587,"REPORT_DATE_SQ":"2022-06-30 00:00:00","REPORT_TYPE_SQ":"2022年中报","OPERATE_INCOME_SQ":78951381.6873056,"DPS_HKD":null,"OPERATE_INCOME_QOQ_SQ":11.567411800719,"NET_PROFIT_RATIO_SQ":-0.0286987643,"HOLDER_PROFIT_SQ":-611541.511620814,"HOLDER_PROFIT_QOQ_SQ":-85.995000849907,"ROE_AVG_SQ":-0.470715287682,"PE_TTM_SQ":-300.957429050094,"PB_TTM_SQ":17.576761800311,"ROA_SQ":-0.348565319055,"START_DATE":"2023-01-01 00:00:00","FISCAL_YEAR":"12-31","CURRENCY":"HKD","IS_CNY_CODE":0,"DPS_HKD_LY":null,"ORG_TYPE":"一般企业","PREMIUM_INCOME":null,"PREMIUM_INCOME_YOY":null,"NET_INTEREST_INCOME":null,"NET_INTEREST_INCOME_YOY":null,"FEE_COMMISSION_INCOME":null,"FEE_COMMISSION_INCOME_YOY":null,"ACCOUNTS_RECE_TDAYS":2.416471270121,"INVENTORY_TDAYS":null,"CURRENT_ASSETS_TDAYS":0.638168193868,"TOTAL_ASSETS_TDAYS":0.436432673687,"PREMIUM_EXPENSE":null,"LOAN_DEPOSIT":null,"LOAN_EQUITY":null,"LOAN_ASSETS":null,"DEPOSIT_EQUITY":null,"DEPOSIT_ASSETS":null,"EQUITY_MULTIPLIER":1.154287390029,"EQUITY_RATIO":0.162066586165},{"SECUCODE":"01463.HK","SECURITY_CODE":"01463","SECURITY_NAME_ABBR":"C-LINK SQ","ORG_CODE":"10000004203","STD_REPORT_DATE":"2022-12-31 00:00:00","REPORT_DATE":"2022-12-31 00:00:00","DATE_TYPE_CODE":"001","REPORT_TYPE":"2022年年报","PER_NETCASH_OPERATE":0.010089898273,"PER_OI":0.2083431906,"BPS":0.046400412034,"BASIC_EPS":-0.000473148805,"DILUTED_EPS":-0.000473148805,"OPERATE_INCOME":166674552.480088,"OPERATE_INCOME_YOY":-5.5593783791,"GROSS_PROFIT":36982887.784875,"GROSS_PROFIT_YOY":-9.034955556582,"HOLDER_PROFIT":-1272770.28625503,"HOLDER_PROFIT_YOY":-129.6038151137,"GROSS_PROFIT_RATIO":22.188682816048,"EPS_TTM":-0.001590962858,"OPERATE_INCOME_QOQ":-12.550131089267,"NET_PROFIT_RATIO":0.2649507949,"ROE_AVG":-0.951045324911,"GROSS_PROFIT_QOQ":-9.905394291244,"ROA":-0.705043639318,"HOLDER_PROFIT_QOQ":-318.374679412965,"ROE_YEARLY":-0.951045324911,"ROIC_YEARLY":-1.571766630635,"TOTAL_ASSETS":176263701.60082,"TOTAL_LIABILITIES":37695765.3181926,"TAX_EBT":89.618094178717,"OCF_SALES":4.842922028766,"TOTAL_PARENT_EQUITY":133366453.749704,"DEBT_ASSET_RATIO":21.3860057266,"OPERATE_PROFIT":4957022.31685198,"PRETAX_PROFIT":4253607.75964041,"NETCASH_OPERATE":8071918.61840549,"NETCASH_INVEST":43600662.4083274,"NETCASH_FINANCE":-5460137.21315354,"END_CASH":81793233.9720843,"DIVI_RATIO":null,"DIVIDEND_RATE":null,"CURRENT_RATIO":4.702982601491,"COMMON_ACS":4500000000,"CURRENTDEBT_DEBT":70.699970712523,"ISSUED_COMMON_SHARES":2874251497,"HK_COMMON_SHARES":2874251497,"PER_SHARES":2000,"TOTAL_MARKET_CAP":1235928143.71,"HKSK_MARKET_CAP":1235928143.71,"PE_TTM":655.314680260762,"PB_TTM":2.39687083587,"REPORT_DATE_SQ":"2021-12-31 00:00:00","REPORT_TYPE_SQ":"2021年年报","OPERATE_INCOME_SQ":170833396.943651,"DPS_HKD":null,"OPERATE_INCOME_QOQ_SQ":29.1152391392,"NET_PROFIT_RATIO_SQ":4.0616259015,"HOLDER_PROFIT_SQ":4161641.45153657,"HOLDER_PROFIT_QOQ_SQ":434.201352748922,"ROE_AVG_SQ":3.283071586858,"PE_TTM_SQ":-300.957429050094,"PB_TTM_SQ":17.576761800311,"ROA_SQ":2.4395591611,"START_DATE":"2022-01-01 00:00:00","FISCAL_YEAR":"12-31","CURRENCY":"HKD","IS_CNY_CODE":0,"DPS_HKD_LY":null,"ORG_TYPE":"一般企业","PREMIUM_INCOME":null,"PREMIUM_INCOME_YOY":null,"NET_INTEREST_INCOME":null,"NET_INTEREST_INCOME_YOY":null,"FEE_COMMISSION_INCOME":null,"FEE_COMMISSION_INCOME_YOY":null,"ACCOUNTS_RECE_TDAYS":5.151227120957,"INVENTORY_TDAYS":null,"CURRENT_ASSETS_TDAYS":1.164094599209,"TOTAL_ASSETS_TDAYS":0.923283913298,"PREMIUM_EXPENSE":null,"LOAN_DEPOSIT":null,"LOAN_EQUITY":null,"LOAN_ASSETS":null,"DEPOSIT_EQUITY":null,"DEPOSIT_ASSETS":null,"EQUITY_MULTIPLIER":1.27203815204,"EQUITY_RATIO":0.282648029233},{"SECUCODE":"01463.HK","SECURITY_CODE":"01463","SECURITY_NAME_ABBR":"C-LINK SQ","ORG_CODE":"10000004203","STD_REPORT_DATE":"2022-06-30 00:00:00","REPORT_DATE":"2022-06-30 00:00:00","DATE_TYPE_CODE":"002","REPORT_TYPE":"2022年中报","PER_NETCASH_OPERATE":-0.009720231196,"PER_OI":0.098689227109,"BPS":0.045223011855,"BASIC_EPS":-0.000305008235,"DILUTED_EPS":-0.000305008235,"OPERATE_INCOME":78951381.6873056,"OPERATE_INCOME_YOY":30.5965871511,"GROSS_PROFIT":16147135.9726713,"GROSS_PROFIT_YOY":2.493247870779,"HOLDER_PROFIT":-611541.511620814,"HOLDER_PROFIT_YOY":-121.027792344,"GROSS_PROFIT_RATIO":17.874265649267,"EPS_TTM":0.000728547312,"OPERATE_INCOME_QOQ":11.567411800719,"NET_PROFIT_RATIO":-0.0286987643,"ROE_AVG":-0.470715287682,"GROSS_PROFIT_QOQ":0.966138569356,"ROA":-0.348565319055,"HOLDER_PROFIT_QOQ":-85.995000849907,"ROE_YEARLY":-0.941430575364,"ROIC_YEARLY":-1.488562015684,"TOTAL_ASSETS":172213749.771244,"TOTAL_LIABILITIES":37464161.5323614,"TAX_EBT":101.310717039322,"OCF_SALES":-8.607941116888,"TOTAL_PARENT_EQUITY":129982309.522357,"DEBT_ASSET_RATIO":21.7544543233,"OPERATE_PROFIT":2308912.3406332,"PRETAX_PROFIT":1977978.40541695,"NETCASH_OPERATE":-7776184.95699384,"NETCASH_INVEST":-8096443.60397731,"NETCASH_FINANCE":-2632221.06996889,"END_CASH":15122308.3023242,"DIVI_RATIO":null,"DIVIDEND_RATE":null,"CURRENT_RATIO":5.369361543712,"COMMON_ACS":4500000000,"CURRENTDEBT_DEBT":65.606936416185,"ISSUED_COMMON_SHARES":2874251497,"HK_COMMON_SHARES":2874251497,"PER_SHARES":2000,"TOTAL_MARKET_CAP":1235928143.71,"HKSK_MARKET_CAP":1235928143.71,"PE_TTM":655.314680260762,"PB_TTM":2.39687083587,"REPORT_DATE_SQ":"2021-06-30 00:00:00","REPORT_TYPE_SQ":"2021年中报","OPERATE_INCOME_SQ":70576336.5905272,"DPS_HKD":null,"OPERATE_INCOME_QOQ_SQ":6.63816357068,"NET_PROFIT_RATIO_SQ":4.2043299969,"HOLDER_PROFIT_SQ":2967262.08999813,"HOLDER_PROFIT_QOQ_SQ":84.798119108109,"ROE_AVG_SQ":2.320064236703,"PE_TTM_SQ":-300.957429050094,"PB_TTM_SQ":17.576761800311,"ROA_SQ":1.797555814249,"START_DATE":"2022-01-01 00:00:00","FISCAL_YEAR":"12-31","CURRENCY":"HKD","IS_CNY_CODE":0,"DPS_HKD_LY":null,"ORG_TYPE":"一般企业","PREMIUM_INCOME":null,"PREMIUM_INCOME_YOY":null,"NET_INTEREST_INCOME":null,"NET_INTEREST_INCOME_YOY":null,"FEE_COMMISSION_INCOME":null,"FEE_COMMISSION_INCOME_YOY":null,"ACCOUNTS_RECE_TDAYS":2.381379516548,"INVENTORY_TDAYS":12.119581464873,"CURRENT_ASSETS_TDAYS":0.628055536412,"TOTAL_ASSETS_TDAYS":0.51490312318,"PREMIUM_EXPENSE":null,"LOAN_DEPOSIT":null,"LOAN_EQUITY":null,"LOAN_ASSETS":null,"DEPOSIT_EQUITY":null,"DEPOSIT_ASSETS":null,"EQUITY_MULTIPLIER":1.278028022364,"EQUITY_RATIO":0.288225079782},{"SECUCODE":"01463.HK","SECURITY_CODE":"01463","SECURITY_NAME_ABBR":"C-LINK SQ","ORG_CODE":"10000004203","STD_REPORT_DATE":"2021-12-31 00:00:00","REPORT_DATE":"2021-12-31 00:00:00","DATE_TYPE_CODE":"001","REPORT_TYPE":"2021年年报","PER_NETCASH_OPERATE":0.048551211395,"PER_OI":0.21354174618,"BPS":0.045225501758,"BASIC_EPS":0.005190601957,"DILUTED_EPS":0.005190601957,"OPERATE_INCOME":170833396.943651,"OPERATE_INCOME_YOY":45.858261969,"GROSS_PROFIT":40656153.1532907,"GROSS_PROFIT_YOY":31.034241226345,"HOLDER_PROFIT":4161641.45153657,"HOLDER_PROFIT_YOY":153.8203356367,"GROSS_PROFIT_RATIO":23.798714935523,"EPS_TTM":0.005202051814,"OPERATE_INCOME_QOQ":29.1152391392,"NET_PROFIT_RATIO":4.0616259015,"ROE_AVG":3.283071586858,"GROSS_PROFIT_QOQ":31.010291916154,"ROA":2.4395591611,"HOLDER_PROFIT_QOQ":434.201352748922,"ROE_YEARLY":3.283071586858,"ROIC_YEARLY":4.797564259378,"TOTAL_ASSETS":178865090.148543,"TOTAL_LIABILITIES":44712455.9180495,"TAX_EBT":50.087854162091,"OCF_SALES":22.736168577582,"TOTAL_PARENT_EQUITY":129989466.131322,"DEBT_ASSET_RATIO":24.9978662024,"OPERATE_PROFIT":14668030.4718868,"PRETAX_PROFIT":13901653.3593881,"NETCASH_OPERATE":38840969.1159183,"NETCASH_INVEST":-24862983.3748073,"NETCASH_FINANCE":-5051677.02242645,"END_CASH":33424423.3088561,"DIVI_RATIO":null,"DIVIDEND_RATE":null,"CURRENT_RATIO":5.256667696427,"COMMON_ACS":4500000000,"CURRENTDEBT_DEBT":66.313848675225,"ISSUED_COMMON_SHARES":2874251497,"HK_COMMON_SHARES":2874251497,"PER_SHARES":2000,"TOTAL_MARKET_CAP":1235928143.71,"HKSK_MARKET_CAP":1235928143.71,"PE_TTM":655.314680260762,"PB_TTM":2.39687083587,"REPORT_DATE_SQ":"2020-12-31 00:00:00","REPORT_TYPE_SQ":"2020年年报","OPERATE_INCOME_SQ":124074523.312794,"DPS_HKD":null,"OPERATE_INCOME_QOQ_SQ":1.449343118273,"NET_PROFIT_RATIO_SQ":-6.6020151462,"HOLDER_PROFIT_SQ":-8191418.82166481,"HOLDER_PROFIT_QOQ_SQ":-210.559410911327,"ROE_AVG_SQ":-7.858256599617,"PE_TTM_SQ":-300.957429050094,"PB_TTM_SQ":17.576761800311,"ROA_SQ":-5.737588853332,"START_DATE":"2021-01-01 00:00:00","FISCAL_YEAR":"12-31","CURRENCY":"HKD","IS_CNY_CODE":0,"DPS_HKD_LY":null,"ORG_TYPE":"一般企业","PREMIUM_INCOME":null,"PREMIUM_INCOME_YOY":null,"NET_INTEREST_INCOME":null,"NET_INTEREST_INCOME_YOY":null,"FEE_COMMISSION_INCOME":null,"FEE_COMMISSION_INCOME_YOY":null,"ACCOUNTS_RECE_TDAYS":4.620571475762,"INVENTORY_TDAYS":null,"CURRENT_ASSETS_TDAYS":1.238994198149,"TOTAL_ASSETS_TDAYS":1.001427401637,"PREMIUM_EXPENSE":null,"LOAN_DEPOSIT":null,"LOAN_EQUITY":null,"LOAN_ASSETS":null,"DEPOSIT_EQUITY":null,"DEPOSIT_ASSETS":null,"EQUITY_MULTIPLIER":1.333295400233,"EQUITY_RATIO":0.343969840394},{"SECUCODE":"01463.HK","SECURITY_CODE":"01463","SECURITY_NAME_ABBR":"C-LINK SQ","ORG_CODE":"10000004203","STD_REPORT_DATE":"2021-06-30 00:00:00","REPORT_DATE":"2021-06-30 00:00:00","DATE_TYPE_CODE":"002","REPORT_TYPE":"2021年中报","PER_NETCASH_OPERATE":0.007235327068,"PER_OI":0.088220420738,"BPS":0.045189431366,"BASIC_EPS":0.003734362358,"DILUTED_EPS":0.003734362358,"OPERATE_INCOME":70576336.5905272,"OPERATE_INCOME_YOY":20.274713619,"GROSS_PROFIT":15754341.1962407,"GROSS_PROFIT_YOY":0.036015149091,"HOLDER_PROFIT":2967262.08999813,"HOLDER_PROFIT_YOY":179.227253843,"GROSS_PROFIT_RATIO":22.322412804797,"EPS_TTM":-0.001556562166,"OPERATE_INCOME_QOQ":6.63816357068,"NET_PROFIT_RATIO":4.2043299969,"ROE_AVG":2.320064236703,"GROSS_PROFIT_QOQ":0.018280479984,"ROA":1.797555814249,"HOLDER_PROFIT_QOQ":84.798119108109,"ROE_YEARLY":4.640128473405,"ROIC_YEARLY":6.122432599465,"TOTAL_ASSETS":164710275.720421,"TOTAL_LIABILITIES":34824484.9691915,"TAX_EBT":48.473385571467,"OCF_SALES":8.201419815689,"TOTAL_PARENT_EQUITY":129885790.751229,"DEBT_ASSET_RATIO":21.1428733374,"OPERATE_PROFIT":6169477.81166366,"PRETAX_PROFIT":5758697.95232464,"NETCASH_OPERATE":5788261.65432253,"NETCASH_INVEST":13997634.9038402,"NETCASH_FINANCE":-4898238.62575465,"END_CASH":40867928.0512852,"DIVI_RATIO":null,"DIVIDEND_RATE":null,"CURRENT_RATIO":7.325734366553,"COMMON_ACS":4500000000,"CURRENTDEBT_DEBT":49.586703007015,"ISSUED_COMMON_SHARES":2874251497,"HK_COMMON_SHARES":2874251497,"PER_SHARES":2000,"TOTAL_MARKET_CAP":1235928143.71,"HKSK_MARKET_CAP":1235928143.71,"PE_TTM":655.314680260762,"PB_TTM":2.39687083587,"REPORT_DATE_SQ":"2020-06-30 00:00:00","REPORT_TYPE_SQ":"2020年中报","OPERATE_INCOME_SQ":62340066.7834827,"DPS_HKD":null,"OPERATE_INCOME_QOQ_SQ":0.664937344944,"NET_PROFIT_RATIO_SQ":-6.382583793,"HOLDER_PROFIT_SQ":-3978906.99904123,"HOLDER_PROFIT_QOQ_SQ":-66.583430205853,"ROE_AVG_SQ":-3.606019520745,"PE_TTM_SQ":-300.957429050094,"PB_TTM_SQ":17.576761800311,"ROA_SQ":-2.65602930791,"START_DATE":"2021-01-01 00:00:00","FISCAL_YEAR":"12-31","CURRENCY":"HKD","IS_CNY_CODE":0,"DPS_HKD_LY":null,"ORG_TYPE":"一般企业","PREMIUM_INCOME":null,"PREMIUM_INCOME_YOY":null,"NET_INTEREST_INCOME":null,"NET_INTEREST_INCOME_YOY":null,"FEE_COMMISSION_INCOME":null,"FEE_COMMISSION_INCOME_YOY":null,"ACCOUNTS_RECE_TDAYS":1.638182606183,"INVENTORY_TDAYS":null,"CURRENT_ASSETS_TDAYS":0.567549644015,"TOTAL_ASSETS_TDAYS":0.42754869755,"PREMIUM_EXPENSE":null,"LOAN_DEPOSIT":null,"LOAN_EQUITY":null,"LOAN_ASSETS":null,"DEPOSIT_EQUITY":null,"DEPOSIT_ASSETS":null,"EQUITY_MULTIPLIER":1.268116202456,"EQUITY_RATIO":0.268116202456},{"SECUCODE":"01463.HK","SECURITY_CODE":"01463","SECURITY_NAME_ABBR":"C-LINK SQ","ORG_CODE":"10000004203","STD_REPORT_DATE":"2020-12-31 00:00:00","REPORT_DATE":"2020-12-31 00:00:00","DATE_TYPE_CODE":"001","REPORT_TYPE":"2020年年报","PER_NETCASH_OPERATE":-0.039244820727,"PER_OI":0.155093154141,"BPS":0.045529689513,"BASIC_EPS":-0.010835637928,"DILUTED_EPS":-0.010835637928,"OPERATE_INCOME":124074523.312794,"OPERATE_INCOME_YOY":7.260296955,"GROSS_PROFIT":31027121.4400078,"GROSS_PROFIT_YOY":-38.335402963469,"HOLDER_PROFIT":-8191418.82166481,"HOLDER_PROFIT_YOY":-138.8033402283,"GROSS_PROFIT_RATIO":25.00684315489,"EPS_TTM":-0.010239273527,"OPERATE_INCOME_QOQ":1.449343118273,"NET_PROFIT_RATIO":-6.6020151462,"ROE_AVG":-7.858256599617,"GROSS_PROFIT_QOQ":-24.193513045503,"ROA":-5.737588853332,"HOLDER_PROFIT_QOQ":-210.559410911327,"ROE_YEARLY":-7.858256599617,"ROIC_YEARLY":-9.240424348016,"TOTAL_ASSETS":171948635.841703,"TOTAL_LIABILITIES":41084857.6003105,"TAX_EBT":819.460227272727,"OCF_SALES":-25.304031595824,"TOTAL_PARENT_EQUITY":130863778.241392,"DEBT_ASSET_RATIO":23.8936804582,"OPERATE_PROFIT":2189769.21708473,"PRETAX_PROFIT":1138550.61213268,"NETCASH_OPERATE":-31395856.5814371,"NETCASH_INVEST":-48655248.8153575,"NETCASH_FINANCE":61761518.9300212,"END_CASH":24373716.3003574,"DIVI_RATIO":null,"DIVIDEND_RATE":null,"CURRENT_RATIO":6.212878727949,"COMMON_ACS":4500000000,"CURRENTDEBT_DEBT":49.759880333806,"ISSUED_COMMON_SHARES":2874251497,"HK_COMMON_SHARES":2874251497,"PER_SHARES":2000,"TOTAL_MARKET_CAP":1235928143.71,"HKSK_MARKET_CAP":1235928143.71,"PE_TTM":655.314680260762,"PB_TTM":2.39687083587,"REPORT_DATE_SQ":"2019-12-31 00:00:00","REPORT_TYPE_SQ":"2019年年报","OPERATE_INCOME_SQ":121494088.87077,"DPS_HKD":null,"OPERATE_INCOME_QOQ_SQ":0.271817545791,"NET_PROFIT_RATIO_SQ":18.249307944,"HOLDER_PROFIT_SQ":22171830.4117407,"HOLDER_PROFIT_QOQ_SQ":-3.687670587969,"ROE_AVG_SQ":31.478801909999,"PE_TTM_SQ":-300.957429050094,"PB_TTM_SQ":17.576761800311,"ROA_SQ":20.007970692377,"START_DATE":"2020-01-01 00:00:00","FISCAL_YEAR":"12-31","CURRENCY":"HKD","IS_CNY_CODE":0,"DPS_HKD_LY":null,"ORG_TYPE":"一般企业","PREMIUM_INCOME":null,"PREMIUM_INCOME_YOY":null,"NET_INTEREST_INCOME":null,"NET_INTEREST_INCOME_YOY":null,"FEE_COMMISSION_INCOME":null,"FEE_COMMISSION_INCOME_YOY":null,"ACCOUNTS_RECE_TDAYS":3.306283399414,"INVENTORY_TDAYS":null,"CURRENT_ASSETS_TDAYS":1.160185402221,"TOTAL_ASSETS_TDAYS":0.869066296621,"PREMIUM_EXPENSE":null,"LOAN_DEPOSIT":null,"LOAN_EQUITY":null,"LOAN_ASSETS":null,"DEPOSIT_EQUITY":null,"DEPOSIT_ASSETS":null,"EQUITY_MULTIPLIER":1.313951332847,"EQUITY_RATIO":0.313951332847},{"SECUCODE":"01463.HK","SECURITY_CODE":"01463","SECURITY_NAME_ABBR":"C-LINK SQ","ORG_CODE":"10000004203","STD_REPORT_DATE":"2020-06-30 00:00:00","REPORT_DATE":"2020-06-30 00:00:00","DATE_TYPE_CODE":"002","REPORT_TYPE":"2020年中报","PER_NETCASH_OPERATE":-0.047341471882,"PER_OI":0.077925083479,"BPS":0.049177290999,"BASIC_EPS":-0.005620392105,"DILUTED_EPS":-0.005620392105,"OPERATE_INCOME":62340066.7834827,"OPERATE_INCOME_YOY":1.696195022,"GROSS_PROFIT":15748669.2895163,"GROSS_PROFIT_YOY":-37.344249841432,"HOLDER_PROFIT":-3978906.99904123,"HOLDER_PROFIT_YOY":-137.0364671488,"GROSS_PROFIT_RATIO":25.262515910055,"EPS_TTM":0.00926133148,"OPERATE_INCOME_QOQ":0.664937344944,"NET_PROFIT_RATIO":-6.382583793,"ROE_AVG":-3.606019520745,"GROSS_PROFIT_QOQ":-18.655250343488,"ROA":-2.65602930791,"HOLDER_PROFIT_QOQ":-66.583430205853,"ROE_YEARLY":-7.212039041491,"ROIC_YEARLY":-8.763482455741,"TOTAL_ASSETS":183512414.454326,"TOTAL_LIABILITIES":42164512.1830264,"TAX_EBT":-173.212258796822,"OCF_SALES":-60.752545608825,"TOTAL_PARENT_EQUITY":141347902.2713,"DEBT_ASSET_RATIO":22.9763813573,"OPERATE_PROFIT":-848017.985254736,"PRETAX_PROFIT":-1456342.77779614,"NETCASH_OPERATE":-37873177.5052071,"NETCASH_INVEST":-31358481.832909,"NETCASH_FINANCE":68705987.3706483,"END_CASH":44774688.3988495,"DIVI_RATIO":null,"DIVIDEND_RATE":null,"CURRENT_RATIO":8.136007575105,"COMMON_ACS":4500000000,"CURRENTDEBT_DEBT":45.544360371663,"ISSUED_COMMON_SHARES":2874251497,"HK_COMMON_SHARES":2874251497,"PER_SHARES":2000,"TOTAL_MARKET_CAP":1235928143.71,"HKSK_MARKET_CAP":1235928143.71,"PE_TTM":655.314680260762,"PB_TTM":2.39687083587,"REPORT_DATE_SQ":"2019-06-30 00:00:00","REPORT_TYPE_SQ":"2019年中报","OPERATE_INCOME_SQ":61532207.2146816,"DPS_HKD":null,"OPERATE_INCOME_QOQ_SQ":0,"NET_PROFIT_RATIO_SQ":17.5255507915,"HOLDER_PROFIT_SQ":10783858.2285202,"HOLDER_PROFIT_QOQ_SQ":0,"ROE_AVG_SQ":null,"PE_TTM_SQ":-300.957429050094,"PB_TTM_SQ":17.576761800311,"ROA_SQ":null,"START_DATE":"2020-01-01 00:00:00","FISCAL_YEAR":"12-31","CURRENCY":"HKD","IS_CNY_CODE":0,"DPS_HKD_LY":null,"ORG_TYPE":"一般企业","PREMIUM_INCOME":null,"PREMIUM_INCOME_YOY":null,"NET_INTEREST_INCOME":null,"NET_INTEREST_INCOME_YOY":null,"FEE_COMMISSION_INCOME":null,"FEE_COMMISSION_INCOME_YOY":null,"ACCOUNTS_RECE_TDAYS":1.599321458863,"INVENTORY_TDAYS":null,"CURRENT_ASSETS_TDAYS":0.508824005613,"TOTAL_ASSETS_TDAYS":0.41613700565,"PREMIUM_EXPENSE":null,"LOAN_DEPOSIT":null,"LOAN_EQUITY":null,"LOAN_ASSETS":null,"DEPOSIT_EQUITY":null,"DEPOSIT_ASSETS":null,"EQUITY_MULTIPLIER":1.298303062907,"EQUITY_RATIO":0.298303062907}],"count":16},"success":true,"message":"ok","code":0}