{"version":"2a21973f510f4cf5c1df8eda8cfd5f00","result":{"pages":3,"data":[{"SECUCODE":"01469.HK","SECURITY_CODE":"01469","SECURITY_NAME_ABBR":"结好金融","ORG_CODE":"10489404","STD_REPORT_DATE":"2024-06-30 00:00:00","REPORT_DATE":"2024-09-30 00:00:00","DATE_TYPE_CODE":"002","REPORT_TYPE":"2024年中报","PER_NETCASH_OPERATE":0.103453709516,"PER_OI":0.059176181232,"BPS":1.565360628588,"BASIC_EPS":0.02615191,"DILUTED_EPS":0.02615191,"OPERATE_INCOME":147940453.08,"OPERATE_INCOME_YOY":-7.0395240119,"GROSS_PROFIT":null,"GROSS_PROFIT_YOY":null,"HOLDER_PROFIT":64761147.06,"HOLDER_PROFIT_YOY":-16.453575625,"GROSS_PROFIT_RATIO":null,"EPS_TTM":0.05537062352,"OPERATE_INCOME_QOQ":0,"NET_PROFIT_RATIO":43.7751444664,"ROE_AVG":1.654650325687,"GROSS_PROFIT_QOQ":null,"ROA":1.541095614818,"HOLDER_PROFIT_QOQ":0,"ROE_YEARLY":3.309300651374,"ROIC_YEARLY":7.377897385544,"TOTAL_ASSETS":4243911213.63,"TOTAL_LIABILITIES":330509642.16,"TAX_EBT":10.293052189772,"OCF_SALES":174.823226781752,"TOTAL_PARENT_EQUITY":3913401571.47,"DEBT_ASSET_RATIO":7.7878547765,"OPERATE_PROFIT":72663532.83,"PRETAX_PROFIT":72191896.66,"NETCASH_OPERATE":258634273.79,"NETCASH_INVEST":-146977341.36,"NETCASH_FINANCE":-70105154.6,"END_CASH":2236540200.48,"DIVI_RATIO":0.491172001886,"DIVIDEND_RATE":3.157894736842,"CURRENT_RATIO":12.554317462897,"COMMON_ACS":10000000000,"CURRENTDEBT_DEBT":97.382566083863,"ISSUED_COMMON_SHARES":2500000000,"HK_COMMON_SHARES":2500000000,"PER_SHARES":4000,"TOTAL_MARKET_CAP":2375000000,"HKSK_MARKET_CAP":2375000000,"PE_TTM":17.141454894517,"PB_TTM":0.547286346899,"REPORT_DATE_SQ":"2023-06-30 00:00:00","REPORT_TYPE_SQ":"2023年中报","OPERATE_INCOME_SQ":161938754.25,"DPS_HKD":0.03,"OPERATE_INCOME_QOQ_SQ":0,"NET_PROFIT_RATIO_SQ":48.7077489729,"HOLDER_PROFIT_SQ":78876721.91,"HOLDER_PROFIT_QOQ_SQ":0,"ROE_AVG_SQ":1.979019496992,"PE_TTM_SQ":10.057480022187,"PB_TTM_SQ":0.379405850438,"ROA_SQ":1.831798541159,"START_DATE":"2024-04-01 00:00:00","FISCAL_YEAR":"3-31","CURRENCY":"HKD","IS_CNY_CODE":0,"DPS_HKD_LY":0.53,"ORG_TYPE":"证券","PREMIUM_INCOME":null,"PREMIUM_INCOME_YOY":null,"NET_INTEREST_INCOME":140227443.21,"NET_INTEREST_INCOME_YOY":null,"FEE_COMMISSION_INCOME":null,"FEE_COMMISSION_INCOME_YOY":null,"ACCOUNTS_RECE_TDAYS":0.091640714683,"INVENTORY_TDAYS":null,"CURRENT_ASSETS_TDAYS":0.036350394027,"TOTAL_ASSETS_TDAYS":0.035204809341,"PREMIUM_EXPENSE":null,"LOAN_DEPOSIT":null,"LOAN_EQUITY":null,"LOAN_ASSETS":null,"DEPOSIT_EQUITY":null,"DEPOSIT_ASSETS":null,"EQUITY_MULTIPLIER":1.084455846436,"EQUITY_RATIO":0.084455846435},{"SECUCODE":"01469.HK","SECURITY_CODE":"01469","SECURITY_NAME_ABBR":"结好金融","ORG_CODE":"10489404","STD_REPORT_DATE":"2023-12-31 00:00:00","REPORT_DATE":"2024-03-31 00:00:00","DATE_TYPE_CODE":"001","REPORT_TYPE":"2023年年报","PER_NETCASH_OPERATE":0.1264510333,"PER_OI":0.12503173862,"BPS":1.5740137554,"BASIC_EPS":0.054393,"DILUTED_EPS":null,"OPERATE_INCOME":312579346.55,"OPERATE_INCOME_YOY":2.515609205,"GROSS_PROFIT":null,"GROSS_PROFIT_YOY":null,"HOLDER_PROFIT":138426558.8,"HOLDER_PROFIT_YOY":1.9121543606,"GROSS_PROFIT_RATIO":null,"EPS_TTM":0.058065556792,"OPERATE_INCOME_QOQ":0,"NET_PROFIT_RATIO":44.2852543931,"ROE_AVG":3.518911823485,"GROSS_PROFIT_QOQ":null,"ROA":3.278142663482,"HOLDER_PROFIT_QOQ":0,"ROE_YEARLY":3.518911823485,"ROIC_YEARLY":7.457640032215,"TOTAL_ASSETS":4182609567.3,"TOTAL_LIABILITIES":247575178.8,"TAX_EBT":1.107469916972,"OCF_SALES":101.135147519874,"TOTAL_PARENT_EQUITY":3935034388.5,"DEBT_ASSET_RATIO":5.919155848,"OPERATE_PROFIT":140101863.2,"PRETAX_PROFIT":139976759.3,"NETCASH_OPERATE":316127583.25,"NETCASH_INVEST":7282316.15,"NETCASH_FINANCE":-143006449.4,"END_CASH":2206574429.25,"DIVI_RATIO":0.468375772188,"DIVIDEND_RATE":3.260869565217,"CURRENT_RATIO":17.44717528654,"COMMON_ACS":10000000000,"CURRENTDEBT_DEBT":95.395758268155,"ISSUED_COMMON_SHARES":2500000000,"HK_COMMON_SHARES":2500000000,"PER_SHARES":4000,"TOTAL_MARKET_CAP":2300000000,"HKSK_MARKET_CAP":2300000000,"PE_TTM":16.600145792585,"PB_TTM":0.530003620155,"REPORT_DATE_SQ":"2022-12-31 00:00:00","REPORT_TYPE_SQ":"2022年年报","OPERATE_INCOME_SQ":294435399.4,"DPS_HKD":0.03,"OPERATE_INCOME_QOQ_SQ":0,"NET_PROFIT_RATIO_SQ":44.5474817149,"HOLDER_PROFIT_SQ":131163555.71,"HOLDER_PROFIT_QOQ_SQ":0,"ROE_AVG_SQ":3.453965036877,"PE_TTM_SQ":10.057480022187,"PB_TTM_SQ":0.379405850438,"ROA_SQ":3.128275671425,"START_DATE":"2023-04-01 00:00:00","FISCAL_YEAR":"3-31","CURRENCY":"HKD","IS_CNY_CODE":0,"DPS_HKD_LY":0.06,"ORG_TYPE":"证券","PREMIUM_INCOME":null,"PREMIUM_INCOME_YOY":null,"NET_INTEREST_INCOME":268447586,"NET_INTEREST_INCOME_YOY":null,"FEE_COMMISSION_INCOME":null,"FEE_COMMISSION_INCOME_YOY":null,"ACCOUNTS_RECE_TDAYS":0.174862032836,"INVENTORY_TDAYS":null,"CURRENT_ASSETS_TDAYS":0.075031076986,"TOTAL_ASSETS_TDAYS":0.07402334498,"PREMIUM_EXPENSE":null,"LOAN_DEPOSIT":null,"LOAN_EQUITY":null,"LOAN_ASSETS":null,"DEPOSIT_EQUITY":null,"DEPOSIT_ASSETS":null,"EQUITY_MULTIPLIER":1.062915632841,"EQUITY_RATIO":0.06291563284},{"SECUCODE":"01469.HK","SECURITY_CODE":"01469","SECURITY_NAME_ABBR":"结好金融","ORG_CODE":"10489404","STD_REPORT_DATE":"2023-06-30 00:00:00","REPORT_DATE":"2023-09-30 00:00:00","DATE_TYPE_CODE":"002","REPORT_TYPE":"2023年中报","PER_NETCASH_OPERATE":0.085695997492,"PER_OI":0.0647755017,"BPS":1.59627427806,"BASIC_EPS":0.03119942,"DILUTED_EPS":0.03119942,"OPERATE_INCOME":161938754.25,"OPERATE_INCOME_YOY":1.751058015,"GROSS_PROFIT":null,"GROSS_PROFIT_YOY":null,"HOLDER_PROFIT":78876721.91,"HOLDER_PROFIT_YOY":19.8324294935,"GROSS_PROFIT_RATIO":null,"EPS_TTM":0.052465422284,"OPERATE_INCOME_QOQ":0,"NET_PROFIT_RATIO":48.7077489729,"ROE_AVG":1.979019496992,"GROSS_PROFIT_QOQ":null,"ROA":1.831798541159,"HOLDER_PROFIT_QOQ":0,"ROE_YEARLY":3.958038993985,"ROIC_YEARLY":8.307359847068,"TOTAL_ASSETS":4297025459.09,"TOTAL_LIABILITIES":306339763.94,"TAX_EBT":16.232677802249,"OCF_SALES":132.296925910186,"TOTAL_PARENT_EQUITY":3990685695.15,"DEBT_ASSET_RATIO":7.1291121464,"OPERATE_PROFIT":94243353.89,"PRETAX_PROFIT":94161684.82,"NETCASH_OPERATE":214239993.73,"NETCASH_INVEST":8433019.7,"NETCASH_FINANCE":-72124800.37,"END_CASH":2201483380.11,"DIVI_RATIO":0.518369981905,"DIVIDEND_RATE":3.260869565217,"CURRENT_RATIO":13.873801739818,"COMMON_ACS":10000000000,"CURRENTDEBT_DEBT":99.962556689173,"ISSUED_COMMON_SHARES":2500000000,"HK_COMMON_SHARES":2500000000,"PER_SHARES":4000,"TOTAL_MARKET_CAP":2300000000,"HKSK_MARKET_CAP":2300000000,"PE_TTM":16.600145792585,"PB_TTM":0.530003620155,"REPORT_DATE_SQ":"2022-06-30 00:00:00","REPORT_TYPE_SQ":"2022年中报","OPERATE_INCOME_SQ":156864264.72,"DPS_HKD":0.03,"OPERATE_INCOME_QOQ_SQ":0,"NET_PROFIT_RATIO_SQ":41.3582951833,"HOLDER_PROFIT_SQ":64876385.64,"HOLDER_PROFIT_QOQ_SQ":0,"ROE_AVG_SQ":1.654166999125,"PE_TTM_SQ":10.057480022187,"PB_TTM_SQ":0.379405850438,"ROA_SQ":1.481444306484,"START_DATE":"2023-04-01 00:00:00","FISCAL_YEAR":"3-31","CURRENCY":"HKD","IS_CNY_CODE":0,"DPS_HKD_LY":0.06,"ORG_TYPE":"证券","PREMIUM_INCOME":null,"PREMIUM_INCOME_YOY":null,"NET_INTEREST_INCOME":127453301.22,"NET_INTEREST_INCOME_YOY":null,"FEE_COMMISSION_INCOME":null,"FEE_COMMISSION_INCOME_YOY":null,"ACCOUNTS_RECE_TDAYS":0.087954857067,"INVENTORY_TDAYS":null,"CURRENT_ASSETS_TDAYS":0.038052349338,"TOTAL_ASSETS_TDAYS":0.037607949039,"PREMIUM_EXPENSE":null,"LOAN_DEPOSIT":null,"LOAN_EQUITY":null,"LOAN_ASSETS":null,"DEPOSIT_EQUITY":null,"DEPOSIT_ASSETS":null,"EQUITY_MULTIPLIER":1.076763691089,"EQUITY_RATIO":0.07676369109},{"SECUCODE":"01469.HK","SECURITY_CODE":"01469","SECURITY_NAME_ABBR":"结好金融","ORG_CODE":"10489404","STD_REPORT_DATE":"2022-12-31 00:00:00","REPORT_DATE":"2023-03-31 00:00:00","DATE_TYPE_CODE":"001","REPORT_TYPE":"2022年年报","PER_NETCASH_OPERATE":0.321504127092,"PER_OI":0.11777415976,"BPS":1.518984119208,"BASIC_EPS":0.0525246,"DILUTED_EPS":null,"OPERATE_INCOME":294435399.4,"OPERATE_INCOME_YOY":-52.3472864703,"GROSS_PROFIT":null,"GROSS_PROFIT_YOY":null,"HOLDER_PROFIT":131163555.71,"HOLDER_PROFIT_YOY":-67.9071341517,"GROSS_PROFIT_RATIO":null,"EPS_TTM":0.033264036636,"OPERATE_INCOME_QOQ":0,"NET_PROFIT_RATIO":44.5474817149,"ROE_AVG":3.453965036877,"GROSS_PROFIT_QOQ":null,"ROA":3.128275671425,"HOLDER_PROFIT_QOQ":0,"ROE_YEARLY":3.453965036877,"ROIC_YEARLY":5.635094788597,"TOTAL_ASSETS":4116388793.81,"TOTAL_LIABILITIES":318928495.79,"TAX_EBT":13.759382050928,"OCF_SALES":272.983588035916,"TOTAL_PARENT_EQUITY":3797460298.02,"DEBT_ASSET_RATIO":7.7477738806,"OPERATE_PROFIT":152385244.93,"PRETAX_PROFIT":152090231.76,"NETCASH_OPERATE":803760317.73,"NETCASH_INVEST":217688204.7,"NETCASH_FINANCE":-138630803.01,"END_CASH":1956571989.35,"DIVI_RATIO":0.817594698371,"DIVIDEND_RATE":3.260869565217,"CURRENT_RATIO":12.755422173043,"COMMON_ACS":10000000000,"CURRENTDEBT_DEBT":99.967061833174,"ISSUED_COMMON_SHARES":2500000000,"HK_COMMON_SHARES":2500000000,"PER_SHARES":4000,"TOTAL_MARKET_CAP":2300000000,"HKSK_MARKET_CAP":2300000000,"PE_TTM":16.600145792585,"PB_TTM":0.530003620155,"REPORT_DATE_SQ":"2021-12-31 00:00:00","REPORT_TYPE_SQ":"2021年年报","OPERATE_INCOME_SQ":572423023.15,"DPS_HKD":0.03,"OPERATE_INCOME_QOQ_SQ":0,"NET_PROFIT_RATIO_SQ":66.1458030787,"HOLDER_PROFIT_SQ":378633805.67,"HOLDER_PROFIT_QOQ_SQ":0,"ROE_AVG_SQ":11.170392467623,"PE_TTM_SQ":10.057480022187,"PB_TTM_SQ":0.379405850438,"ROA_SQ":9.67174443245,"START_DATE":"2022-04-01 00:00:00","FISCAL_YEAR":"3-31","CURRENCY":"HKD","IS_CNY_CODE":0,"DPS_HKD_LY":0.06,"ORG_TYPE":"证券","PREMIUM_INCOME":null,"PREMIUM_INCOME_YOY":null,"NET_INTEREST_INCOME":257350405.57,"NET_INTEREST_INCOME_YOY":null,"FEE_COMMISSION_INCOME":null,"FEE_COMMISSION_INCOME_YOY":null,"ACCOUNTS_RECE_TDAYS":0.137124778697,"INVENTORY_TDAYS":null,"CURRENT_ASSETS_TDAYS":0.073145902305,"TOTAL_ASSETS_TDAYS":0.070223400987,"PREMIUM_EXPENSE":null,"LOAN_DEPOSIT":null,"LOAN_EQUITY":null,"LOAN_ASSETS":null,"DEPOSIT_EQUITY":null,"DEPOSIT_ASSETS":null,"EQUITY_MULTIPLIER":1.083984682067,"EQUITY_RATIO":0.083984682067},{"SECUCODE":"01469.HK","SECURITY_CODE":"01469","SECURITY_NAME_ABBR":"结好金融","ORG_CODE":"10489404","STD_REPORT_DATE":"2022-06-30 00:00:00","REPORT_DATE":"2022-09-30 00:00:00","DATE_TYPE_CODE":"002","REPORT_TYPE":"2022年中报","PER_NETCASH_OPERATE":0.069141543792,"PER_OI":0.062745705888,"BPS":1.568227328352,"BASIC_EPS":0.02622876,"DILUTED_EPS":0.02622876,"OPERATE_INCOME":156864264.72,"OPERATE_INCOME_YOY":-10.8700344314,"GROSS_PROFIT":null,"GROSS_PROFIT_YOY":null,"HOLDER_PROFIT":64876385.64,"HOLDER_PROFIT_YOY":-83.417174879,"GROSS_PROFIT_RATIO":null,"EPS_TTM":0.151453522268,"OPERATE_INCOME_QOQ":0,"NET_PROFIT_RATIO":41.3582951833,"ROE_AVG":1.654166999125,"GROSS_PROFIT_QOQ":null,"ROA":1.481444306484,"HOLDER_PROFIT_QOQ":0,"ROE_YEARLY":3.30833399825,"ROIC_YEARLY":4.771890609941,"TOTAL_ASSETS":4347666595.44,"TOTAL_LIABILITIES":427098274.56,"TAX_EBT":16.352589966649,"OCF_SALES":110.1932679113,"TOTAL_PARENT_EQUITY":3920568320.88,"DEBT_ASSET_RATIO":9.8236206752,"OPERATE_PROFIT":77730286.92,"PRETAX_PROFIT":77559347.76,"NETCASH_OPERATE":172853859.48,"NETCASH_INVEST":205564740.96,"NETCASH_FINANCE":-71784498.36,"END_CASH":1415995786.2,"DIVI_RATIO":0.179569940618,"DIVIDEND_RATE":3.260869565217,"CURRENT_RATIO":10.066209207521,"COMMON_ACS":10000000000,"CURRENTDEBT_DEBT":99.217744121434,"ISSUED_COMMON_SHARES":2500000000,"HK_COMMON_SHARES":2500000000,"PER_SHARES":4000,"TOTAL_MARKET_CAP":2300000000,"HKSK_MARKET_CAP":2300000000,"PE_TTM":16.600145792585,"PB_TTM":0.530003620155,"REPORT_DATE_SQ":"2021-06-30 00:00:00","REPORT_TYPE_SQ":"2021年中报","OPERATE_INCOME_SQ":162105145.4,"DPS_HKD":0.03,"OPERATE_INCOME_QOQ_SQ":0,"NET_PROFIT_RATIO_SQ":222.2940541652,"HOLDER_PROFIT_SQ":360350099.72,"HOLDER_PROFIT_QOQ_SQ":0,"ROE_AVG_SQ":10.299490051881,"PE_TTM_SQ":10.057480022187,"PB_TTM_SQ":0.379405850438,"ROA_SQ":8.54462276058,"START_DATE":"2022-04-01 00:00:00","FISCAL_YEAR":"3-31","CURRENCY":"HKD","IS_CNY_CODE":0,"DPS_HKD_LY":0.06,"ORG_TYPE":"证券","PREMIUM_INCOME":null,"PREMIUM_INCOME_YOY":null,"NET_INTEREST_INCOME":139445654.76,"NET_INTEREST_INCOME_YOY":null,"FEE_COMMISSION_INCOME":null,"FEE_COMMISSION_INCOME_YOY":null,"ACCOUNTS_RECE_TDAYS":0.062232982031,"INVENTORY_TDAYS":null,"CURRENT_ASSETS_TDAYS":0.037430414699,"TOTAL_ASSETS_TDAYS":0.035819762394,"PREMIUM_EXPENSE":null,"LOAN_DEPOSIT":null,"LOAN_EQUITY":null,"LOAN_ASSETS":null,"DEPOSIT_EQUITY":null,"DEPOSIT_ASSETS":null,"EQUITY_MULTIPLIER":1.10893784768,"EQUITY_RATIO":0.10893784768},{"SECUCODE":"01469.HK","SECURITY_CODE":"01469","SECURITY_NAME_ABBR":"结好金融","ORG_CODE":"10489404","STD_REPORT_DATE":"2021-12-31 00:00:00","REPORT_DATE":"2022-03-31 00:00:00","DATE_TYPE_CODE":"001","REPORT_TYPE":"2021年年报","PER_NETCASH_OPERATE":0.30609626026,"PER_OI":0.22896920926,"BPS":1.407252224648,"BASIC_EPS":0.1540919,"DILUTED_EPS":0.1540919,"OPERATE_INCOME":572423023.15,"OPERATE_INCOME_YOY":83.3843012032,"GROSS_PROFIT":null,"GROSS_PROFIT_YOY":null,"HOLDER_PROFIT":378633805.67,"HOLDER_PROFIT_YOY":118.9715255923,"GROSS_PROFIT_RATIO":null,"EPS_TTM":0.191562798248,"OPERATE_INCOME_QOQ":0,"NET_PROFIT_RATIO":66.1458030787,"ROE_AVG":11.170392467623,"GROSS_PROFIT_QOQ":null,"ROA":9.67174443245,"HOLDER_PROFIT_QOQ":0,"ROE_YEARLY":11.170392467623,"ROIC_YEARLY":13.411190187221,"TOTAL_ASSETS":3955216291.02,"TOTAL_LIABILITIES":437085729.4,"TAX_EBT":6.574281597695,"OCF_SALES":133.684464059279,"TOTAL_PARENT_EQUITY":3518130561.62,"DEBT_ASSET_RATIO":11.0508679485,"OPERATE_PROFIT":405896717.83,"PRETAX_PROFIT":405277917.2,"NETCASH_OPERATE":765240650.65,"NETCASH_INVEST":88542016.75,"NETCASH_FINANCE":-129261206.83,"END_CASH":994762968.73,"DIVI_RATIO":0.141971720233,"DIVIDEND_RATE":3.260869565217,"CURRENT_RATIO":8.55868684988,"COMMON_ACS":10000000000,"CURRENTDEBT_DEBT":98.66200319145,"ISSUED_COMMON_SHARES":2500000000,"HK_COMMON_SHARES":2500000000,"PER_SHARES":4000,"TOTAL_MARKET_CAP":2300000000,"HKSK_MARKET_CAP":2300000000,"PE_TTM":16.600145792585,"PB_TTM":0.530003620155,"REPORT_DATE_SQ":"2020-12-31 00:00:00","REPORT_TYPE_SQ":"2020年年报","OPERATE_INCOME_SQ":325295413.94,"DPS_HKD":0.03,"OPERATE_INCOME_QOQ_SQ":0,"NET_PROFIT_RATIO_SQ":55.3957956054,"HOLDER_PROFIT_SQ":180199982.62,"HOLDER_PROFIT_QOQ_SQ":0,"ROE_AVG_SQ":5.362049433645,"PE_TTM_SQ":10.057480022187,"PB_TTM_SQ":0.379405850438,"ROA_SQ":4.636679720732,"START_DATE":"2021-04-01 00:00:00","FISCAL_YEAR":"3-31","CURRENCY":"HKD","IS_CNY_CODE":0,"DPS_HKD_LY":0.06,"ORG_TYPE":"证券","PREMIUM_INCOME":null,"PREMIUM_INCOME_YOY":null,"NET_INTEREST_INCOME":235517304,"NET_INTEREST_INCOME_YOY":null,"FEE_COMMISSION_INCOME":null,"FEE_COMMISSION_INCOME_YOY":null,"ACCOUNTS_RECE_TDAYS":0.217794459844,"INVENTORY_TDAYS":null,"CURRENT_ASSETS_TDAYS":0.151787437588,"TOTAL_ASSETS_TDAYS":0.146218565386,"PREMIUM_EXPENSE":null,"LOAN_DEPOSIT":null,"LOAN_EQUITY":null,"LOAN_ASSETS":null,"DEPOSIT_EQUITY":null,"DEPOSIT_ASSETS":null,"EQUITY_MULTIPLIER":1.124238063864,"EQUITY_RATIO":0.124238063865},{"SECUCODE":"01469.HK","SECURITY_CODE":"01469","SECURITY_NAME_ABBR":"结好金融","ORG_CODE":"10489404","STD_REPORT_DATE":"2021-06-30 00:00:00","REPORT_DATE":"2021-09-30 00:00:00","DATE_TYPE_CODE":"002","REPORT_TYPE":"2021年中报","PER_NETCASH_OPERATE":0.267967411184,"PER_OI":0.06484205816,"BPS":1.459065269568,"BASIC_EPS":0.14411938,"DILUTED_EPS":0.14411938,"OPERATE_INCOME":162105145.4,"OPERATE_INCOME_YOY":4.6582297544,"GROSS_PROFIT":null,"GROSS_PROFIT_YOY":null,"HOLDER_PROFIT":360350099.72,"HOLDER_PROFIT_YOY":516.615586378,"GROSS_PROFIT_RATIO":null,"EPS_TTM":0.072079993048,"OPERATE_INCOME_QOQ":0,"NET_PROFIT_RATIO":222.2940541652,"ROE_AVG":10.299490051881,"GROSS_PROFIT_QOQ":null,"ROA":8.54462276058,"HOLDER_PROFIT_QOQ":0,"ROE_YEARLY":20.598980103761,"ROIC_YEARLY":23.803960521356,"TOTAL_ASSETS":4454732534.98,"TOTAL_LIABILITIES":807069361.06,"TAX_EBT":3.942564776735,"OCF_SALES":413.261729790842,"TOTAL_PARENT_EQUITY":3647663173.92,"DEBT_ASSET_RATIO":18.1171227391,"OPERATE_PROFIT":375548446.36,"PRETAX_PROFIT":375140246.96,"NETCASH_OPERATE":669918527.96,"NETCASH_INVEST":128106300.68,"NETCASH_FINANCE":-66252428.74,"END_CASH":1005171029.06,"DIVI_RATIO":0.377309969798,"DIVIDEND_RATE":3.260869565217,"CURRENT_RATIO":5.232717867033,"COMMON_ACS":10000000000,"CURRENTDEBT_DEBT":98.887903707779,"ISSUED_COMMON_SHARES":2500000000,"HK_COMMON_SHARES":2500000000,"PER_SHARES":4000,"TOTAL_MARKET_CAP":2300000000,"HKSK_MARKET_CAP":2300000000,"PE_TTM":16.600145792585,"PB_TTM":0.530003620155,"REPORT_DATE_SQ":"2020-06-30 00:00:00","REPORT_TYPE_SQ":"2020年中报","OPERATE_INCOME_SQ":163379530.88,"DPS_HKD":0.03,"OPERATE_INCOME_QOQ_SQ":0,"NET_PROFIT_RATIO_SQ":37.7299937073,"HOLDER_PROFIT_SQ":61643086.72,"HOLDER_PROFIT_QOQ_SQ":0,"ROE_AVG_SQ":1.776329499741,"PE_TTM_SQ":10.057480022187,"PB_TTM_SQ":0.379405850438,"ROA_SQ":1.458928473386,"START_DATE":"2021-04-01 00:00:00","FISCAL_YEAR":"3-31","CURRENCY":"HKD","IS_CNY_CODE":0,"DPS_HKD_LY":0.06,"ORG_TYPE":"证券","PREMIUM_INCOME":null,"PREMIUM_INCOME_YOY":null,"NET_INTEREST_INCOME":126401026.86,"NET_INTEREST_INCOME_YOY":null,"FEE_COMMISSION_INCOME":null,"FEE_COMMISSION_INCOME_YOY":null,"ACCOUNTS_RECE_TDAYS":0.057308877148,"INVENTORY_TDAYS":null,"CURRENT_ASSETS_TDAYS":0.039865899465,"TOTAL_ASSETS_TDAYS":0.038438377458,"PREMIUM_EXPENSE":null,"LOAN_DEPOSIT":null,"LOAN_EQUITY":null,"LOAN_ASSETS":null,"DEPOSIT_EQUITY":null,"DEPOSIT_ASSETS":null,"EQUITY_MULTIPLIER":1.221256547707,"EQUITY_RATIO":0.221256547707},{"SECUCODE":"01469.HK","SECURITY_CODE":"01469","SECURITY_NAME_ABBR":"结好金融","ORG_CODE":"10489404","STD_REPORT_DATE":"2020-12-31 00:00:00","REPORT_DATE":"2021-03-31 00:00:00","DATE_TYPE_CODE":"001","REPORT_TYPE":"2020年年报","PER_NETCASH_OPERATE":0.069419028336,"PER_OI":0.130118165576,"BPS":1.359403063312,"BASIC_EPS":0.0760662,"DILUTED_EPS":0.0760662,"OPERATE_INCOME":325295413.94,"OPERATE_INCOME_YOY":3.917952761,"GROSS_PROFIT":null,"GROSS_PROFIT_YOY":null,"HOLDER_PROFIT":180199982.62,"HOLDER_PROFIT_YOY":52.6017063185,"GROSS_PROFIT_RATIO":null,"EPS_TTM":0.05444871694,"OPERATE_INCOME_QOQ":0,"NET_PROFIT_RATIO":55.3957956054,"ROE_AVG":5.362049433645,"GROSS_PROFIT_QOQ":null,"ROA":4.636679720732,"HOLDER_PROFIT_QOQ":0,"ROE_YEARLY":5.362049433645,"ROIC_YEARLY":5.680991424383,"TOTAL_ASSETS":4037715601.92,"TOTAL_LIABILITIES":639207943.64,"TAX_EBT":17.32368041445,"OCF_SALES":53.350758542206,"TOTAL_PARENT_EQUITY":3398507658.28,"DEBT_ASSET_RATIO":15.8309303245,"OPERATE_PROFIT":222587449.98,"PRETAX_PROFIT":217958399.12,"NETCASH_OPERATE":173547570.84,"NETCASH_INVEST":-2937000.5,"NETCASH_FINANCE":-109498985.26,"END_CASH":281627498.88,"DIVI_RATIO":0.499488353967,"DIVIDEND_RATE":3.260869565217,"CURRENT_RATIO":6.28706629617,"COMMON_ACS":10000000000,"CURRENTDEBT_DEBT":99.879015943451,"ISSUED_COMMON_SHARES":2500000000,"HK_COMMON_SHARES":2500000000,"PER_SHARES":4000,"TOTAL_MARKET_CAP":2300000000,"HKSK_MARKET_CAP":2300000000,"PE_TTM":16.600145792585,"PB_TTM":0.530003620155,"REPORT_DATE_SQ":"2019-12-31 00:00:00","REPORT_TYPE_SQ":"2019年年报","OPERATE_INCOME_SQ":338408896.4,"DPS_HKD":0.03,"OPERATE_INCOME_QOQ_SQ":0,"NET_PROFIT_RATIO_SQ":37.7409739397,"HOLDER_PROFIT_SQ":127658509.2,"HOLDER_PROFIT_QOQ_SQ":0,"ROE_AVG_SQ":3.538323224393,"PE_TTM_SQ":10.057480022187,"PB_TTM_SQ":0.379405850438,"ROA_SQ":2.843440144146,"START_DATE":"2020-04-01 00:00:00","FISCAL_YEAR":"3-31","CURRENCY":"HKD","IS_CNY_CODE":0,"DPS_HKD_LY":0.05,"ORG_TYPE":"证券","PREMIUM_INCOME":null,"PREMIUM_INCOME_YOY":null,"NET_INTEREST_INCOME":261715058.08,"NET_INTEREST_INCOME_YOY":null,"FEE_COMMISSION_INCOME":null,"FEE_COMMISSION_INCOME_YOY":null,"ACCOUNTS_RECE_TDAYS":0.106616542582,"INVENTORY_TDAYS":null,"CURRENT_ASSETS_TDAYS":0.085116005258,"TOTAL_ASSETS_TDAYS":0.083700931994,"PREMIUM_EXPENSE":null,"LOAN_DEPOSIT":null,"LOAN_EQUITY":null,"LOAN_ASSETS":null,"DEPOSIT_EQUITY":null,"DEPOSIT_ASSETS":null,"EQUITY_MULTIPLIER":1.188084891345,"EQUITY_RATIO":0.188084891344},{"SECUCODE":"01469.HK","SECURITY_CODE":"01469","SECURITY_NAME_ABBR":"结好金融","ORG_CODE":"10489404","STD_REPORT_DATE":"2020-06-30 00:00:00","REPORT_DATE":"2020-09-30 00:00:00","DATE_TYPE_CODE":"002","REPORT_TYPE":"2020年中报","PER_NETCASH_OPERATE":-0.135652575744,"PER_OI":0.065351812352,"BPS":1.394334970112,"BASIC_EPS":0.02460416,"DILUTED_EPS":0.02460416,"OPERATE_INCOME":163379530.88,"OPERATE_INCOME_YOY":-3.2174275155,"GROSS_PROFIT":null,"GROSS_PROFIT_YOY":null,"HOLDER_PROFIT":61643086.72,"HOLDER_PROFIT_YOY":18.9867191343,"GROSS_PROFIT_RATIO":null,"EPS_TTM":0.05106340368,"OPERATE_INCOME_QOQ":0,"NET_PROFIT_RATIO":37.7299937073,"ROE_AVG":1.776329499741,"GROSS_PROFIT_QOQ":null,"ROA":1.458928473386,"HOLDER_PROFIT_QOQ":0,"ROE_YEARLY":3.552658999481,"ROIC_YEARLY":3.507209800649,"TOTAL_ASSETS":4567150714.88,"TOTAL_LIABILITIES":1081313289.6,"TAX_EBT":15.750726587082,"OCF_SALES":-207.572783159163,"TOTAL_PARENT_EQUITY":3485837425.28,"DEBT_ASSET_RATIO":23.6758836549,"OPERATE_PROFIT":82611982.08,"PRETAX_PROFIT":73167499.52,"NETCASH_OPERATE":-339131439.36,"NETCASH_INVEST":-42029177.6,"NETCASH_FINANCE":512775298.56,"END_CASH":360881516.8,"DIVI_RATIO":0.532602569355,"DIVIDEND_RATE":3.260869565217,"CURRENT_RATIO":4.133970250827,"COMMON_ACS":10000000000,"CURRENTDEBT_DEBT":99.349886839678,"ISSUED_COMMON_SHARES":2500000000,"HK_COMMON_SHARES":2500000000,"PER_SHARES":4000,"TOTAL_MARKET_CAP":2300000000,"HKSK_MARKET_CAP":2300000000,"PE_TTM":16.600145792585,"PB_TTM":0.530003620155,"REPORT_DATE_SQ":"2019-06-30 00:00:00","REPORT_TYPE_SQ":"2019年中报","OPERATE_INCOME_SQ":173285141.1,"DPS_HKD":0.03,"OPERATE_INCOME_QOQ_SQ":0,"NET_PROFIT_RATIO_SQ":30.7251054084,"HOLDER_PROFIT_SQ":53179803.57,"HOLDER_PROFIT_QOQ_SQ":0,"ROE_AVG_SQ":1.494189383188,"PE_TTM_SQ":10.057480022187,"PB_TTM_SQ":0.379405850438,"ROA_SQ":1.099941567295,"START_DATE":"2020-04-01 00:00:00","FISCAL_YEAR":"3-31","CURRENCY":"HKD","IS_CNY_CODE":0,"DPS_HKD_LY":0.05,"ORG_TYPE":"证券","PREMIUM_INCOME":null,"PREMIUM_INCOME_YOY":null,"NET_INTEREST_INCOME":null,"NET_INTEREST_INCOME_YOY":null,"FEE_COMMISSION_INCOME":null,"FEE_COMMISSION_INCOME_YOY":null,"ACCOUNTS_RECE_TDAYS":0.048304595196,"INVENTORY_TDAYS":null,"CURRENT_ASSETS_TDAYS":0.039776903279,"TOTAL_ASSETS_TDAYS":0.038667604472,"PREMIUM_EXPENSE":null,"LOAN_DEPOSIT":null,"LOAN_EQUITY":null,"LOAN_ASSETS":null,"DEPOSIT_EQUITY":null,"DEPOSIT_ASSETS":null,"EQUITY_MULTIPLIER":1.310201870505,"EQUITY_RATIO":0.310201870506}],"count":22},"success":true,"message":"ok","code":0}