{"version":"07f8d965457d87666a3991637d6ea459","result":{"pages":5,"data":[{"SECUCODE":"01468.HK","SECURITY_CODE":"01468","SECURITY_NAME_ABBR":"京基金融国际","ORG_CODE":"10290879","STD_REPORT_DATE":"2024-06-30 00:00:00","REPORT_DATE":"2024-09-30 00:00:00","DATE_TYPE_CODE":"002","REPORT_TYPE":"2024年中报","PER_NETCASH_OPERATE":-0.079549668446,"PER_OI":0.114877991295,"BPS":0.291568942714,"BASIC_EPS":0.006763425,"DILUTED_EPS":0.006763425,"OPERATE_INCOME":126218135.56,"OPERATE_INCOME_YOY":-47.1167433671,"GROSS_PROFIT":32037893.33,"GROSS_PROFIT_YOY":-2.549088891919,"HOLDER_PROFIT":6137582.74,"HOLDER_PROFIT_YOY":-91.1244995631,"GROSS_PROFIT_RATIO":25.382955617159,"EPS_TTM":-0.054580594104,"OPERATE_INCOME_QOQ":0,"NET_PROFIT_RATIO":1.6990083164,"ROE_AVG":1.406718600474,"GROSS_PROFIT_QOQ":0,"ROA":0.742461522853,"HOLDER_PROFIT_QOQ":0,"ROE_YEARLY":2.813437200948,"ROIC_YEARLY":2.20867894648,"TOTAL_ASSETS":871814500.4,"TOTAL_LIABILITIES":370103633.9,"TAX_EBT":18.640897755611,"OCF_SALES":-69.2470921094,"TOTAL_PARENT_EQUITY":506395665.55,"DEBT_ASSET_RATIO":42.4521080723,"OPERATE_PROFIT":7240471.91,"PRETAX_PROFIT":2892942.32,"NETCASH_OPERATE":-87402388.59,"NETCASH_INVEST":531154.31,"NETCASH_FINANCE":123152049.56,"END_CASH":143404449.38,"DIVI_RATIO":null,"DIVIDEND_RATE":null,"CURRENT_RATIO":1.977385850554,"COMMON_ACS":19000000000,"CURRENTDEBT_DEBT":94.8704953583,"ISSUED_COMMON_SHARES":1736795630,"HK_COMMON_SHARES":1736795630,"PER_SHARES":10000,"TOTAL_MARKET_CAP":1198388984.7,"HKSK_MARKET_CAP":1198388984.7,"PE_TTM":-1.929372134774,"PB_TTM":2.134092520991,"REPORT_DATE_SQ":"2023-06-30 00:00:00","REPORT_TYPE_SQ":"2023年中报","OPERATE_INCOME_SQ":242865461.58,"DPS_HKD":null,"OPERATE_INCOME_QOQ_SQ":0,"NET_PROFIT_RATIO_SQ":23.5338481639,"HOLDER_PROFIT_SQ":70366621.29,"HOLDER_PROFIT_QOQ_SQ":0,"ROE_AVG_SQ":12.190286940625,"PE_TTM_SQ":-2.005501748241,"PB_TTM_SQ":2.137007216354,"ROA_SQ":4.420601340829,"START_DATE":"2024-04-01 00:00:00","FISCAL_YEAR":"3-31","CURRENCY":"HKD","IS_CNY_CODE":0,"DPS_HKD_LY":null,"ORG_TYPE":"一般企业","PREMIUM_INCOME":null,"PREMIUM_INCOME_YOY":null,"NET_INTEREST_INCOME":null,"NET_INTEREST_INCOME_YOY":null,"FEE_COMMISSION_INCOME":null,"FEE_COMMISSION_INCOME_YOY":null,"ACCOUNTS_RECE_TDAYS":0.81877584926,"INVENTORY_TDAYS":6.067685335812,"CURRENT_ASSETS_TDAYS":0.198090903237,"TOTAL_ASSETS_TDAYS":0.152685695834,"PREMIUM_EXPENSE":null,"LOAN_DEPOSIT":null,"LOAN_EQUITY":null,"LOAN_ASSETS":null,"DEPOSIT_EQUITY":null,"DEPOSIT_ASSETS":null,"EQUITY_MULTIPLIER":1.737683113147,"EQUITY_RATIO":0.73085861329},{"SECUCODE":"01468.HK","SECURITY_CODE":"01468","SECURITY_NAME_ABBR":"京基金融国际","ORG_CODE":"10290879","STD_REPORT_DATE":"2023-12-31 00:00:00","REPORT_DATE":"2024-03-31 00:00:00","DATE_TYPE_CODE":"001","REPORT_TYPE":"2023年年报","PER_NETCASH_OPERATE":0.008383430023,"PER_OI":0.039258319958,"BPS":0.211969231722,"BASIC_EPS":-0.067719285,"DILUTED_EPS":-0.067719285,"OPERATE_INCOME":299539531.35,"OPERATE_INCOME_YOY":-0.2704391316,"GROSS_PROFIT":85513954.95,"GROSS_PROFIT_YOY":-20.38237042299,"HOLDER_PROFIT":-499737500.6,"HOLDER_PROFIT_YOY":52.414897428,"GROSS_PROFIT_RATIO":28.548470569008,"EPS_TTM":-0.123988953623,"OPERATE_INCOME_QOQ":0,"NET_PROFIT_RATIO":-208.0461961703,"ROE_AVG":-170.498922110498,"GROSS_PROFIT_QOQ":0,"ROA":-41.589674179564,"HOLDER_PROFIT_QOQ":0,"ROE_YEARLY":-170.498922110498,"ROIC_YEARLY":-56.773183586559,"TOTAL_ASSETS":785617136.55,"TOTAL_LIABILITIES":418450788.3,"TAX_EBT":16.574534006964,"OCF_SALES":21.354530789881,"TOTAL_PARENT_EQUITY":368147235.35,"DEBT_ASSET_RATIO":53.2639588461,"OPERATE_PROFIT":-741400160.3,"PRETAX_PROFIT":-746990854.15,"NETCASH_OPERATE":63965261.45,"NETCASH_INVEST":-16739445.75,"NETCASH_FINANCE":-40299773.7,"END_CASH":107473315.6,"DIVI_RATIO":null,"DIVIDEND_RATE":null,"CURRENT_RATIO":1.526195153897,"COMMON_ACS":19000000000,"CURRENTDEBT_DEBT":91.305195564857,"ISSUED_COMMON_SHARES":1736795630,"HK_COMMON_SHARES":1736795630,"PER_SHARES":10000,"TOTAL_MARKET_CAP":1267860809.9,"HKSK_MARKET_CAP":1267860809.9,"PE_TTM":-2.041219794761,"PB_TTM":2.257808029454,"REPORT_DATE_SQ":"2022-12-31 00:00:00","REPORT_TYPE_SQ":"2022年年报","OPERATE_INCOME_SQ":290034713.33,"DPS_HKD":null,"OPERATE_INCOME_QOQ_SQ":0,"NET_PROFIT_RATIO_SQ":-351.0242580279,"HOLDER_PROFIT_SQ":-1014123091.55,"HOLDER_PROFIT_QOQ_SQ":0,"ROE_AVG_SQ":-224.762035955562,"PE_TTM_SQ":-2.005501748241,"PB_TTM_SQ":2.137007216354,"ROA_SQ":-74.725364747803,"START_DATE":"2023-04-01 00:00:00","FISCAL_YEAR":"3-31","CURRENCY":"HKD","IS_CNY_CODE":0,"DPS_HKD_LY":null,"ORG_TYPE":"一般企业","PREMIUM_INCOME":null,"PREMIUM_INCOME_YOY":null,"NET_INTEREST_INCOME":null,"NET_INTEREST_INCOME_YOY":null,"FEE_COMMISSION_INCOME":null,"FEE_COMMISSION_INCOME_YOY":null,"ACCOUNTS_RECE_TDAYS":1.323701205051,"INVENTORY_TDAYS":6.444417147771,"CURRENT_ASSETS_TDAYS":0.456514845986,"TOTAL_ASSETS_TDAYS":0.249285905056,"PREMIUM_EXPENSE":null,"LOAN_DEPOSIT":null,"LOAN_EQUITY":null,"LOAN_ASSETS":null,"DEPOSIT_EQUITY":null,"DEPOSIT_ASSETS":null,"EQUITY_MULTIPLIER":2.139676308284,"EQUITY_RATIO":1.136639768331},{"SECUCODE":"01468.HK","SECURITY_CODE":"01468","SECURITY_NAME_ABBR":"京基金融国际","ORG_CODE":"10290879","STD_REPORT_DATE":"2023-06-30 00:00:00","REPORT_DATE":"2023-09-30 00:00:00","DATE_TYPE_CODE":"002","REPORT_TYPE":"2023年中报","PER_NETCASH_OPERATE":0.003567709792,"PER_OI":0.0318304898,"BPS":0.537625912664,"BASIC_EPS":0.097819358,"DILUTED_EPS":0.097819358,"OPERATE_INCOME":242865461.58,"OPERATE_INCOME_YOY":190.7470891627,"GROSS_PROFIT":32875930.01,"GROSS_PROFIT_YOY":-41.429421075357,"HOLDER_PROFIT":70366621.29,"HOLDER_PROFIT_YOY":2949.0258449304,"GROSS_PROFIT_RATIO":18.782818679782,"EPS_TTM":-0.14129597482,"OPERATE_INCOME_QOQ":0,"NET_PROFIT_RATIO":23.5338481639,"ROE_AVG":12.190286940625,"GROSS_PROFIT_QOQ":0,"ROA":4.420601340829,"HOLDER_PROFIT_QOQ":0,"ROE_YEARLY":24.38057388125,"ROIC_YEARLY":11.329230316916,"TOTAL_ASSETS":1546243255.2,"TOTAL_LIABILITIES":498583248.94,"TAX_EBT":1.228978007762,"OCF_SALES":10.503747924213,"TOTAL_PARENT_EQUITY":933746335.69,"DEBT_ASSET_RATIO":32.2448131795,"OPERATE_PROFIT":98252479.36,"PRETAX_PROFIT":92212638.7,"NETCASH_OPERATE":27221493.95,"NETCASH_INVEST":-438627.14,"NETCASH_FINANCE":-35537057.01,"END_CASH":85318484.51,"DIVI_RATIO":null,"DIVIDEND_RATE":null,"CURRENT_RATIO":1.887032156172,"COMMON_ACS":19000000000,"CURRENTDEBT_DEBT":71.435644111032,"ISSUED_COMMON_SHARES":1736795630,"HK_COMMON_SHARES":1736795630,"PER_SHARES":10000,"TOTAL_MARKET_CAP":1267860809.9,"HKSK_MARKET_CAP":1267860809.9,"PE_TTM":-2.041219794761,"PB_TTM":2.257808029454,"REPORT_DATE_SQ":"2022-06-30 00:00:00","REPORT_TYPE_SQ":"2022年中报","OPERATE_INCOME_SQ":87854588.28,"DPS_HKD":null,"OPERATE_INCOME_QOQ_SQ":0,"NET_PROFIT_RATIO_SQ":2.6622193397,"HOLDER_PROFIT_SQ":2274666.6,"HOLDER_PROFIT_QOQ_SQ":0,"ROE_AVG_SQ":0.320311982597,"PE_TTM_SQ":-2.005501748241,"PB_TTM_SQ":2.137007216354,"ROA_SQ":0.151582911332,"START_DATE":"2023-04-01 00:00:00","FISCAL_YEAR":"3-31","CURRENCY":"HKD","IS_CNY_CODE":0,"DPS_HKD_LY":null,"ORG_TYPE":"一般企业","PREMIUM_INCOME":null,"PREMIUM_INCOME_YOY":null,"NET_INTEREST_INCOME":null,"NET_INTEREST_INCOME_YOY":null,"FEE_COMMISSION_INCOME":null,"FEE_COMMISSION_INCOME_YOY":null,"ACCOUNTS_RECE_TDAYS":0.743691369178,"INVENTORY_TDAYS":6.560066351118,"CURRENT_ASSETS_TDAYS":0.367553547306,"TOTAL_ASSETS_TDAYS":0.162810465485,"PREMIUM_EXPENSE":null,"LOAN_DEPOSIT":null,"LOAN_EQUITY":null,"LOAN_ASSETS":null,"DEPOSIT_EQUITY":null,"DEPOSIT_ASSETS":null,"EQUITY_MULTIPLIER":1.475901767712,"EQUITY_RATIO":0.533960059475},{"SECUCODE":"01468.HK","SECURITY_CODE":"01468","SECURITY_NAME_ABBR":"京基金融国际","ORG_CODE":"10290879","STD_REPORT_DATE":"2022-12-31 00:00:00","REPORT_DATE":"2023-03-31 00:00:00","DATE_TYPE_CODE":"001","REPORT_TYPE":"2022年年报","PER_NETCASH_OPERATE":0.022697759635,"PER_OI":0.040410023096,"BPS":0.121239650499,"BASIC_EPS":-0.150220356,"DILUTED_EPS":-0.150220356,"OPERATE_INCOME":290034713.33,"OPERATE_INCOME_YOY":160.7921852001,"GROSS_PROFIT":107405803.72,"GROSS_PROFIT_YOY":54.018820678847,"HOLDER_PROFIT":-1014123091.55,"HOLDER_PROFIT_YOY":-1484.1253128034,"GROSS_PROFIT_RATIO":37.032051262703,"EPS_TTM":-0.00682649752,"OPERATE_INCOME_QOQ":0,"NET_PROFIT_RATIO":-351.0242580279,"ROE_AVG":-224.762035955562,"GROSS_PROFIT_QOQ":0,"ROA":-74.725364747803,"HOLDER_PROFIT_QOQ":0,"ROE_YEARLY":-224.762035955562,"ROIC_YEARLY":-98.846265262145,"TOTAL_ASSETS":1562000190.87,"TOTAL_LIABILITIES":1234738667.29,"TAX_EBT":0.110197617052,"OCF_SALES":56.168638115619,"TOTAL_PARENT_EQUITY":210568495.17,"DEBT_ASSET_RATIO":79.0485605896,"OPERATE_PROFIT":-1000858003.82,"PRETAX_PROFIT":-1019215351.52,"NETCASH_OPERATE":162908548.54,"NETCASH_INVEST":-104444291.69,"NETCASH_FINANCE":-69655498.29,"END_CASH":97215155.91,"DIVI_RATIO":null,"DIVIDEND_RATE":null,"CURRENT_RATIO":0.649291574777,"COMMON_ACS":19000000000,"CURRENTDEBT_DEBT":87.82922559801,"ISSUED_COMMON_SHARES":1736795630,"HK_COMMON_SHARES":1736795630,"PER_SHARES":10000,"TOTAL_MARKET_CAP":1267860809.9,"HKSK_MARKET_CAP":1267860809.9,"PE_TTM":-2.041219794761,"PB_TTM":2.257808029454,"REPORT_DATE_SQ":"2021-12-31 00:00:00","REPORT_TYPE_SQ":"2021年年报","OPERATE_INCOME_SQ":103031521.41,"DPS_HKD":null,"OPERATE_INCOME_QOQ_SQ":0,"NET_PROFIT_RATIO_SQ":-57.5633063342,"HOLDER_PROFIT_SQ":-59308350.29,"HOLDER_PROFIT_QOQ_SQ":0,"ROE_AVG_SQ":-12.026638884252,"PE_TTM_SQ":-2.005501748241,"PB_TTM_SQ":2.137007216354,"ROA_SQ":-6.553262225926,"START_DATE":"2022-04-01 00:00:00","FISCAL_YEAR":"3-31","CURRENCY":"HKD","IS_CNY_CODE":0,"DPS_HKD_LY":null,"ORG_TYPE":"一般企业","PREMIUM_INCOME":null,"PREMIUM_INCOME_YOY":null,"NET_INTEREST_INCOME":null,"NET_INTEREST_INCOME_YOY":null,"FEE_COMMISSION_INCOME":null,"FEE_COMMISSION_INCOME_YOY":null,"ACCOUNTS_RECE_TDAYS":0.902113744102,"INVENTORY_TDAYS":3.686469579969,"CURRENT_ASSETS_TDAYS":0.354134110338,"TOTAL_ASSETS_TDAYS":0.213711234107,"PREMIUM_EXPENSE":null,"LOAN_DEPOSIT":null,"LOAN_EQUITY":null,"LOAN_ASSETS":null,"DEPOSIT_EQUITY":null,"DEPOSIT_ASSETS":null,"EQUITY_MULTIPLIER":4.772941755513,"EQUITY_RATIO":5.863833838453},{"SECUCODE":"01468.HK","SECURITY_CODE":"01468","SECURITY_NAME_ABBR":"京基金融国际","ORG_CODE":"10290879","STD_REPORT_DATE":"2022-06-30 00:00:00","REPORT_DATE":"2022-09-30 00:00:00","DATE_TYPE_CODE":"002","REPORT_TYPE":"2022年中报","PER_NETCASH_OPERATE":0.009605076435,"PER_OI":0.013064598609,"BPS":0.40621425062,"BASIC_EPS":0.000361776,"DILUTED_EPS":0.000361776,"OPERATE_INCOME":87854588.28,"OPERATE_INCOME_YOY":52.3478670013,"GROSS_PROFIT":56130450.84,"GROSS_PROFIT_YOY":70.734444562929,"HOLDER_PROFIT":2274666.6,"HOLDER_PROFIT_YOY":118.8276688127,"GROSS_PROFIT_RATIO":63.890175731184,"EPS_TTM":-0.008819571133,"OPERATE_INCOME_QOQ":0,"NET_PROFIT_RATIO":2.6622193397,"ROE_AVG":0.320311982597,"GROSS_PROFIT_QOQ":0,"ROA":0.151582911332,"HOLDER_PROFIT_QOQ":0,"ROE_YEARLY":0.640623965195,"ROIC_YEARLY":0.397898652128,"TOTAL_ASSETS":1810739528.64,"TOTAL_LIABILITIES":980441902.08,"TAX_EBT":42.056912390769,"OCF_SALES":73.519873992403,"TOTAL_PARENT_EQUITY":705511135.32,"DEBT_ASSET_RATIO":54.1459379758,"OPERATE_PROFIT":10695907.44,"PRETAX_PROFIT":4036515.72,"NETCASH_OPERATE":64590582.6,"NETCASH_INVEST":-40234917.84,"NETCASH_FINANCE":-10754696.04,"END_CASH":126213697.56,"DIVI_RATIO":null,"DIVIDEND_RATE":null,"CURRENT_RATIO":1.069843752981,"COMMON_ACS":19000000000,"CURRENTDEBT_DEBT":82.201355679537,"ISSUED_COMMON_SHARES":1736795630,"HK_COMMON_SHARES":1736795630,"PER_SHARES":10000,"TOTAL_MARKET_CAP":1267860809.9,"HKSK_MARKET_CAP":1267860809.9,"PE_TTM":-2.041219794761,"PB_TTM":2.257808029454,"REPORT_DATE_SQ":"2021-06-30 00:00:00","REPORT_TYPE_SQ":"2021年中报","OPERATE_INCOME_SQ":53115905.6,"DPS_HKD":null,"OPERATE_INCOME_QOQ_SQ":0,"NET_PROFIT_RATIO_SQ":-20.9504391468,"HOLDER_PROFIT_SQ":-11128015.48,"HOLDER_PROFIT_QOQ_SQ":0,"ROE_AVG_SQ":-2.077140953404,"PE_TTM_SQ":-2.005501748241,"PB_TTM_SQ":2.137007216354,"ROA_SQ":-1.168595590078,"START_DATE":"2022-04-01 00:00:00","FISCAL_YEAR":"3-31","CURRENCY":"HKD","IS_CNY_CODE":0,"DPS_HKD_LY":null,"ORG_TYPE":"一般企业","PREMIUM_INCOME":null,"PREMIUM_INCOME_YOY":null,"NET_INTEREST_INCOME":null,"NET_INTEREST_INCOME_YOY":null,"FEE_COMMISSION_INCOME":null,"FEE_COMMISSION_INCOME_YOY":null,"ACCOUNTS_RECE_TDAYS":null,"INVENTORY_TDAYS":0.606636054686,"CURRENT_ASSETS_TDAYS":0.09617062943,"TOTAL_ASSETS_TDAYS":0.058545961265,"PREMIUM_EXPENSE":null,"LOAN_DEPOSIT":null,"LOAN_EQUITY":null,"LOAN_ASSETS":null,"DEPOSIT_EQUITY":null,"DEPOSIT_ASSETS":null,"EQUITY_MULTIPLIER":2.180831873678,"EQUITY_RATIO":1.389690187718},{"SECUCODE":"01468.HK","SECURITY_CODE":"01468","SECURITY_NAME_ABBR":"京基金融国际","ORG_CODE":"10290879","STD_REPORT_DATE":"2021-12-31 00:00:00","REPORT_DATE":"2022-03-31 00:00:00","DATE_TYPE_CODE":"001","REPORT_TYPE":"2021年年报","PER_NETCASH_OPERATE":-0.025537548275,"PER_OI":0.015321515901,"BPS":0.369032425485,"BASIC_EPS":-0.009245514,"DILUTED_EPS":-0.009245514,"OPERATE_INCOME":103031521.41,"OPERATE_INCOME_YOY":-14.5322318053,"GROSS_PROFIT":69735505.86,"GROSS_PROFIT_YOY":-13.972693591208,"HOLDER_PROFIT":-59308350.29,"HOLDER_PROFIT_YOY":-766.4573459716,"GROSS_PROFIT_RATIO":67.683661180249,"EPS_TTM":-0.00113824937,"OPERATE_INCOME_QOQ":0,"NET_PROFIT_RATIO":-57.5633063342,"ROE_AVG":-12.026638884252,"GROSS_PROFIT_QOQ":0,"ROA":-6.553262225926,"HOLDER_PROFIT_QOQ":0,"ROE_YEARLY":-12.026638884252,"ROIC_YEARLY":-8.984298455277,"TOTAL_ASSETS":1067500022.6,"TOTAL_LIABILITIES":426566118.69,"TAX_EBT":-2.400056010642,"OCF_SALES":-166.677686731055,"TOTAL_PARENT_EQUITY":640933903.91,"DEBT_ASSET_RATIO":39.9593545348,"OPERATE_PROFIT":-46977754.25,"PRETAX_PROFIT":-57918279.15,"NETCASH_OPERATE":-171730556.49,"NETCASH_INVEST":-116853564.84,"NETCASH_FINANCE":352614982.85,"END_CASH":100928572.48,"DIVI_RATIO":null,"DIVIDEND_RATE":null,"CURRENT_RATIO":2.283924740621,"COMMON_ACS":19000000000,"CURRENTDEBT_DEBT":88.803332515795,"ISSUED_COMMON_SHARES":1736795630,"HK_COMMON_SHARES":1736795630,"PER_SHARES":10000,"TOTAL_MARKET_CAP":1267860809.9,"HKSK_MARKET_CAP":1267860809.9,"PE_TTM":-2.041219794761,"PB_TTM":2.257808029454,"REPORT_DATE_SQ":"2020-12-31 00:00:00","REPORT_TYPE_SQ":"2020年年报","OPERATE_INCOME_SQ":125629245.56,"DPS_HKD":null,"OPERATE_INCOME_QOQ_SQ":0,"NET_PROFIT_RATIO_SQ":-5.6780721465,"HOLDER_PROFIT_SQ":-7133319.2,"HOLDER_PROFIT_QOQ_SQ":0,"ROE_AVG_SQ":-1.978981527943,"PE_TTM_SQ":-2.005501748241,"PB_TTM_SQ":2.137007216354,"ROA_SQ":-1.082961386139,"START_DATE":"2021-04-01 00:00:00","FISCAL_YEAR":"3-31","CURRENCY":"HKD","IS_CNY_CODE":0,"DPS_HKD_LY":null,"ORG_TYPE":"一般企业","PREMIUM_INCOME":null,"PREMIUM_INCOME_YOY":null,"NET_INTEREST_INCOME":null,"NET_INTEREST_INCOME_YOY":null,"FEE_COMMISSION_INCOME":null,"FEE_COMMISSION_INCOME_YOY":null,"ACCOUNTS_RECE_TDAYS":null,"INVENTORY_TDAYS":0.574464959107,"CURRENT_ASSETS_TDAYS":0.144443560124,"TOTAL_ASSETS_TDAYS":0.113844437425,"PREMIUM_EXPENSE":null,"LOAN_DEPOSIT":null,"LOAN_EQUITY":null,"LOAN_ASSETS":null,"DEPOSIT_EQUITY":null,"DEPOSIT_ASSETS":null,"EQUITY_MULTIPLIER":1.665538390289,"EQUITY_RATIO":0.665538390289},{"SECUCODE":"01468.HK","SECURITY_CODE":"01468","SECURITY_NAME_ABBR":"京基金融国际","ORG_CODE":"10290879","STD_REPORT_DATE":"2021-06-30 00:00:00","REPORT_DATE":"2021-09-30 00:00:00","DATE_TYPE_CODE":"002","REPORT_TYPE":"2021年中报","PER_NETCASH_OPERATE":-0.028932497046,"PER_OI":0.007898710813,"BPS":0.412677032645,"BASIC_EPS":-0.001832732,"DILUTED_EPS":-0.001832732,"OPERATE_INCOME":53115905.6,"OPERATE_INCOME_YOY":-22.2154446749,"GROSS_PROFIT":32875879.84,"GROSS_PROFIT_YOY":14.800165131821,"HOLDER_PROFIT":-11128015.48,"HOLDER_PROFIT_YOY":-10.6619169911,"GROSS_PROFIT_RATIO":61.89460476788,"EPS_TTM":-0.001060775014,"OPERATE_INCOME_QOQ":0,"NET_PROFIT_RATIO":-20.9504391468,"ROE_AVG":-2.077140953404,"GROSS_PROFIT_QOQ":0,"ROA":-1.168595590078,"HOLDER_PROFIT_QOQ":0,"ROE_YEARLY":-4.154281906809,"ROIC_YEARLY":-3.141707889137,"TOTAL_ASSETS":1141782039.28,"TOTAL_LIABILITIES":425046372.38,"TAX_EBT":-11.057532424343,"OCF_SALES":-366.29391468005,"TOTAL_PARENT_EQUITY":716735666.9,"DEBT_ASSET_RATIO":37.2265772063,"OPERATE_PROFIT":-4580163.88,"PRETAX_PROFIT":-10020045.68,"NETCASH_OPERATE":-194560329.94,"NETCASH_INVEST":-88591765.7,"NETCASH_FINANCE":389333090.18,"END_CASH":142208340.36,"DIVI_RATIO":null,"DIVIDEND_RATE":null,"CURRENT_RATIO":2.770733319692,"COMMON_ACS":19000000000,"CURRENTDEBT_DEBT":74.712037677643,"ISSUED_COMMON_SHARES":1736795630,"HK_COMMON_SHARES":1736795630,"PER_SHARES":10000,"TOTAL_MARKET_CAP":1267860809.9,"HKSK_MARKET_CAP":1267860809.9,"PE_TTM":-2.041219794761,"PB_TTM":2.257808029454,"REPORT_DATE_SQ":"2020-06-30 00:00:00","REPORT_TYPE_SQ":"2020年中报","OPERATE_INCOME_SQ":72028678.4,"DPS_HKD":null,"OPERATE_INCOME_QOQ_SQ":0,"NET_PROFIT_RATIO_SQ":-14.7261193119,"HOLDER_PROFIT_SQ":-10607029.12,"HOLDER_PROFIT_QOQ_SQ":0,"ROE_AVG_SQ":-2.84471655938,"PE_TTM_SQ":-2.005501748241,"PB_TTM_SQ":2.137007216354,"ROA_SQ":-1.765583051222,"START_DATE":"2021-04-01 00:00:00","FISCAL_YEAR":"3-31","CURRENCY":"HKD","IS_CNY_CODE":0,"DPS_HKD_LY":null,"ORG_TYPE":"一般企业","PREMIUM_INCOME":null,"PREMIUM_INCOME_YOY":null,"NET_INTEREST_INCOME":null,"NET_INTEREST_INCOME_YOY":null,"FEE_COMMISSION_INCOME":null,"FEE_COMMISSION_INCOME_YOY":null,"ACCOUNTS_RECE_TDAYS":null,"INVENTORY_TDAYS":0.33054208303,"CURRENT_ASSETS_TDAYS":0.072932460264,"TOTAL_ASSETS_TDAYS":0.055779049875,"PREMIUM_EXPENSE":null,"LOAN_DEPOSIT":null,"LOAN_EQUITY":null,"LOAN_ASSETS":null,"DEPOSIT_EQUITY":null,"DEPOSIT_ASSETS":null,"EQUITY_MULTIPLIER":1.593030864808,"EQUITY_RATIO":0.593030864807},{"SECUCODE":"01468.HK","SECURITY_CODE":"01468","SECURITY_NAME_ABBR":"京基金融国际","ORG_CODE":"10290879","STD_REPORT_DATE":"2020-12-31 00:00:00","REPORT_DATE":"2021-03-31 00:00:00","DATE_TYPE_CODE":"001","REPORT_TYPE":"2020年年报","PER_NETCASH_OPERATE":-0.008093608487,"PER_OI":0.025904914896,"BPS":0.207220476873,"BASIC_EPS":-0.001436806,"DILUTED_EPS":-0.001436806,"OPERATE_INCOME":125629245.56,"OPERATE_INCOME_YOY":18.8746091282,"GROSS_PROFIT":81062058.98,"GROSS_PROFIT_YOY":116.77775075568,"HOLDER_PROFIT":-7133319.2,"HOLDER_PROFIT_YOY":87.9967005148,"GROSS_PROFIT_RATIO":64.524831474281,"EPS_TTM":-0.012607266583,"OPERATE_INCOME_QOQ":0,"NET_PROFIT_RATIO":-5.6780721465,"ROE_AVG":-1.978981527943,"GROSS_PROFIT_QOQ":0,"ROA":-1.082961386139,"HOLDER_PROFIT_QOQ":0,"ROE_YEARLY":-1.978981527943,"ROIC_YEARLY":-1.354202600903,"TOTAL_ASSETS":773825678.5,"TOTAL_LIABILITIES":413926059.82,"TAX_EBT":-72.280057154521,"OCF_SALES":-31.243524710378,"TOTAL_PARENT_EQUITY":359899618.68,"DEBT_ASSET_RATIO":53.4908663954,"OPERATE_PROFIT":3619060.76,"PRETAX_PROFIT":-4140536.82,"NETCASH_OPERATE":-39251004.38,"NETCASH_INVEST":-25916599.52,"NETCASH_FINANCE":67123350.42,"END_CASH":38562182.68,"DIVI_RATIO":null,"DIVIDEND_RATE":null,"CURRENT_RATIO":1.853846710031,"COMMON_ACS":19000000000,"CURRENTDEBT_DEBT":76.247833073677,"ISSUED_COMMON_SHARES":1736795630,"HK_COMMON_SHARES":1736795630,"PER_SHARES":10000,"TOTAL_MARKET_CAP":1267860809.9,"HKSK_MARKET_CAP":1267860809.9,"PE_TTM":-2.041219794761,"PB_TTM":2.257808029454,"REPORT_DATE_SQ":"2019-12-31 00:00:00","REPORT_TYPE_SQ":"2019年年报","OPERATE_INCOME_SQ":114249961.7,"DPS_HKD":null,"OPERATE_INCOME_QOQ_SQ":0,"NET_PROFIT_RATIO_SQ":-56.6854071864,"HOLDER_PROFIT_SQ":-64245901.8,"HOLDER_PROFIT_QOQ_SQ":0,"ROE_AVG_SQ":-15.838733874401,"PE_TTM_SQ":-2.005501748241,"PB_TTM_SQ":2.137007216354,"ROA_SQ":-10.042224645397,"START_DATE":"2020-04-01 00:00:00","FISCAL_YEAR":"3-31","CURRENCY":"HKD","IS_CNY_CODE":0,"DPS_HKD_LY":null,"ORG_TYPE":"一般企业","PREMIUM_INCOME":null,"PREMIUM_INCOME_YOY":null,"NET_INTEREST_INCOME":null,"NET_INTEREST_INCOME_YOY":null,"FEE_COMMISSION_INCOME":null,"FEE_COMMISSION_INCOME_YOY":null,"ACCOUNTS_RECE_TDAYS":null,"INVENTORY_TDAYS":0.788141483137,"CURRENT_ASSETS_TDAYS":0.260924211173,"TOTAL_ASSETS_TDAYS":0.190726950662,"PREMIUM_EXPENSE":null,"LOAN_DEPOSIT":null,"LOAN_EQUITY":null,"LOAN_ASSETS":null,"DEPOSIT_EQUITY":null,"DEPOSIT_ASSETS":null,"EQUITY_MULTIPLIER":2.150115305311,"EQUITY_RATIO":1.150115305312},{"SECUCODE":"01468.HK","SECURITY_CODE":"01468","SECURITY_NAME_ABBR":"京基金融国际","ORG_CODE":"10290879","STD_REPORT_DATE":"2020-06-30 00:00:00","REPORT_DATE":"2020-09-30 00:00:00","DATE_TYPE_CODE":"002","REPORT_TYPE":"2020年中报","PER_NETCASH_OPERATE":0.00261334973,"PER_OI":0.014852407779,"BPS":0.21326671035,"BASIC_EPS":-0.0021968,"DILUTED_EPS":-0.0021968,"OPERATE_INCOME":72028678.4,"OPERATE_INCOME_YOY":22.7059070088,"GROSS_PROFIT":28637484.8,"GROSS_PROFIT_YOY":35.944688369972,"HOLDER_PROFIT":-10607029.12,"HOLDER_PROFIT_YOY":20.5959742139,"GROSS_PROFIT_RATIO":39.758448212761,"EPS_TTM":-0.013247589055,"OPERATE_INCOME_QOQ":0,"NET_PROFIT_RATIO":-14.7261193119,"ROE_AVG":-2.84471655938,"GROSS_PROFIT_QOQ":0,"ROA":-1.765583051222,"HOLDER_PROFIT_QOQ":0,"ROE_YEARLY":-5.68943311876,"ROIC_YEARLY":-4.114722036397,"TOTAL_ASSETS":636415596.16,"TOTAL_LIABILITIES":266014905.6,"TAX_EBT":-20.867127265445,"OCF_SALES":17.5954617543,"TOTAL_PARENT_EQUITY":370400690.56,"DEBT_ASSET_RATIO":41.7989293797,"OPERATE_PROFIT":-4595705.6,"PRETAX_PROFIT":-8775776.64,"NETCASH_OPERATE":12673778.56,"NETCASH_INVEST":-22817722.24,"NETCASH_FINANCE":27101482.24,"END_CASH":55050050.56,"DIVI_RATIO":null,"DIVIDEND_RATE":null,"CURRENT_RATIO":2.078607195961,"COMMON_ACS":19000000000,"CURRENTDEBT_DEBT":79.754566775675,"ISSUED_COMMON_SHARES":1736795630,"HK_COMMON_SHARES":1736795630,"PER_SHARES":10000,"TOTAL_MARKET_CAP":1267860809.9,"HKSK_MARKET_CAP":1267860809.9,"PE_TTM":-2.041219794761,"PB_TTM":2.257808029454,"REPORT_DATE_SQ":"2019-06-30 00:00:00","REPORT_TYPE_SQ":"2019年中报","OPERATE_INCOME_SQ":60256072.02,"DPS_HKD":null,"OPERATE_INCOME_QOQ_SQ":0,"NET_PROFIT_RATIO_SQ":-22.7118948534,"HOLDER_PROFIT_SQ":-13712356.02,"HOLDER_PROFIT_QOQ_SQ":0,"ROE_AVG_SQ":-3.370380470328,"PE_TTM_SQ":-2.005501748241,"PB_TTM_SQ":2.137007216354,"ROA_SQ":-2.012070836753,"START_DATE":"2020-04-01 00:00:00","FISCAL_YEAR":"3-31","CURRENCY":"HKD","IS_CNY_CODE":0,"DPS_HKD_LY":null,"ORG_TYPE":"一般企业","PREMIUM_INCOME":null,"PREMIUM_INCOME_YOY":null,"NET_INTEREST_INCOME":null,"NET_INTEREST_INCOME_YOY":null,"FEE_COMMISSION_INCOME":null,"FEE_COMMISSION_INCOME_YOY":null,"ACCOUNTS_RECE_TDAYS":null,"INVENTORY_TDAYS":1.00413815542,"CURRENT_ASSETS_TDAYS":0.172760822052,"TOTAL_ASSETS_TDAYS":0.119894658859,"PREMIUM_EXPENSE":null,"LOAN_DEPOSIT":null,"LOAN_EQUITY":null,"LOAN_ASSETS":null,"DEPOSIT_EQUITY":null,"DEPOSIT_ASSETS":null,"EQUITY_MULTIPLIER":1.718181451547,"EQUITY_RATIO":0.718181451546}],"count":37},"success":true,"message":"ok","code":0}