{"version":"131189bbc346397d5c83e690b9cc6682","result":{"pages":2,"data":[{"SECUCODE":"01477.HK","SECURITY_CODE":"01477","SECURITY_NAME_ABBR":"欧康维视生物-B","ORG_CODE":"10000090672","STD_REPORT_DATE":"2024-06-30 00:00:00","REPORT_DATE":"2024-06-30 00:00:00","DATE_TYPE_CODE":"002","REPORT_TYPE":"2024年中报","PER_NETCASH_OPERATE":-0.164899012816,"PER_OI":0.241651882056,"BPS":3.390147133964,"BASIC_EPS":-0.23,"DILUTED_EPS":-0.23,"OPERATE_INCOME":167623000,"OPERATE_INCOME_YOY":61.648472458,"GROSS_PROFIT":99202000,"GROSS_PROFIT_YOY":58.191675968745,"HOLDER_PROFIT":-151341000,"HOLDER_PROFIT_YOY":27.3802554678,"GROSS_PROFIT_RATIO":59.181615888035,"EPS_TTM":-0.465254441744,"OPERATE_INCOME_QOQ":25.947874512414,"NET_PROFIT_RATIO":-90.2865358573,"ROE_AVG":-5.321011245634,"GROSS_PROFIT_QOQ":25.277594984934,"ROA":-4.806655207504,"HOLDER_PROFIT_QOQ":15.024474244774,"ROE_YEARLY":-10.642022491267,"ROIC_YEARLY":-14.175695409087,"TOTAL_ASSETS":3026145000,"TOTAL_LIABILITIES":257683000,"TAX_EBT":-0.175408403717,"OCF_SALES":-68.238248927653,"TOTAL_PARENT_EQUITY":2768462000,"DEBT_ASSET_RATIO":8.5152231635,"OPERATE_PROFIT":-149249000,"PRETAX_PROFIT":-151076000,"NETCASH_OPERATE":-114383000,"NETCASH_INVEST":264421000,"NETCASH_FINANCE":-131589000,"END_CASH":862907000,"DIVI_RATIO":null,"DIVIDEND_RATE":null,"CURRENT_RATIO":5.348544729507,"COMMON_ACS":5000000000,"CURRENTDEBT_DEBT":87.293690309411,"ISSUED_COMMON_SHARES":816620014,"HK_COMMON_SHARES":816620014,"PER_SHARES":500,"TOTAL_MARKET_CAP":3552297060.9,"HKSK_MARKET_CAP":3552297060.9,"PE_TTM":-9.898502100171,"PB_TTM":1.17108722516,"REPORT_DATE_SQ":"2023-06-30 00:00:00","REPORT_TYPE_SQ":"2023年中报","OPERATE_INCOME_SQ":103696000,"DPS_HKD":null,"OPERATE_INCOME_QOQ_SQ":30.927231892902,"NET_PROFIT_RATIO_SQ":-200.9740009258,"HOLDER_PROFIT_SQ":-208402000,"HOLDER_PROFIT_QOQ_SQ":-3.907431645403,"ROE_AVG_SQ":-7.585975689438,"PE_TTM_SQ":-7.68804789913,"PB_TTM_SQ":1.165541770073,"ROA_SQ":-6.895439309549,"START_DATE":"2024-01-01 00:00:00","FISCAL_YEAR":"12-31","CURRENCY":"HKD","IS_CNY_CODE":0,"DPS_HKD_LY":null,"ORG_TYPE":"一般企业","PREMIUM_INCOME":null,"PREMIUM_INCOME_YOY":null,"NET_INTEREST_INCOME":null,"NET_INTEREST_INCOME_YOY":null,"FEE_COMMISSION_INCOME":null,"FEE_COMMISSION_INCOME_YOY":null,"ACCOUNTS_RECE_TDAYS":1.277872436125,"INVENTORY_TDAYS":1.229631493346,"CURRENT_ASSETS_TDAYS":0.139178932065,"TOTAL_ASSETS_TDAYS":0.053237785256,"PREMIUM_EXPENSE":null,"LOAN_DEPOSIT":null,"LOAN_EQUITY":null,"LOAN_ASSETS":null,"DEPOSIT_EQUITY":null,"DEPOSIT_ASSETS":null,"EQUITY_MULTIPLIER":1.093078033941,"EQUITY_RATIO":0.093078033941},{"SECUCODE":"01477.HK","SECURITY_CODE":"01477","SECURITY_NAME_ABBR":"欧康维视生物-B","ORG_CODE":"10000090672","STD_REPORT_DATE":"2023-12-31 00:00:00","REPORT_DATE":"2023-12-31 00:00:00","DATE_TYPE_CODE":"001","REPORT_TYPE":"2023年年报","PER_NETCASH_OPERATE":-0.257527874537,"PER_OI":0.356586520686,"BPS":3.575675283413,"BASIC_EPS":-0.59,"DILUTED_EPS":-0.59,"OPERATE_INCOME":246367000,"OPERATE_INCOME_YOY":54.9897141994,"GROSS_PROFIT":144365000,"GROSS_PROFIT_YOY":40.274592871857,"HOLDER_PROFIT":-379787000,"HOLDER_PROFIT_YOY":5.6764925753,"GROSS_PROFIT_RATIO":58.597539443188,"EPS_TTM":-0.549695880259,"OPERATE_INCOME_QOQ":18.378516034173,"NET_PROFIT_RATIO":-154.1549801719,"ROE_AVG":-13.399658857988,"GROSS_PROFIT_QOQ":9.932075356757,"ROA":-12.028714709376,"HOLDER_PROFIT_QOQ":9.223521425703,"ROE_YEARLY":-13.399658857988,"ROIC_YEARLY":-19.247141400128,"TOTAL_ASSETS":3270999000,"TOTAL_LIABILITIES":351031000,"TAX_EBT":-0.080900179193,"OCF_SALES":-72.220305479224,"TOTAL_PARENT_EQUITY":2919968000,"DEBT_ASSET_RATIO":10.7316144089,"OPERATE_PROFIT":-378155000,"PRETAX_PROFIT":-379480000,"NETCASH_OPERATE":-177927000,"NETCASH_INVEST":-259784000,"NETCASH_FINANCE":108660000,"END_CASH":842839000,"DIVI_RATIO":null,"DIVIDEND_RATE":null,"CURRENT_RATIO":3.823961888329,"COMMON_ACS":5000000000,"CURRENTDEBT_DEBT":89.81656890702,"ISSUED_COMMON_SHARES":816620014,"HK_COMMON_SHARES":816620014,"PER_SHARES":500,"TOTAL_MARKET_CAP":3503299860.06,"HKSK_MARKET_CAP":3503299860.06,"PE_TTM":-9.761971036721,"PB_TTM":1.154934297917,"REPORT_DATE_SQ":"2022-12-31 00:00:00","REPORT_TYPE_SQ":"2022年年报","OPERATE_INCOME_SQ":158957000,"DPS_HKD":null,"OPERATE_INCOME_QOQ_SQ":76.858630588131,"NET_PROFIT_RATIO_SQ":-253.3030945476,"HOLDER_PROFIT_SQ":-402643000,"HOLDER_PROFIT_QOQ_SQ":-5.114449213162,"ROE_AVG_SQ":-13.749562048432,"PE_TTM_SQ":-7.7496755376,"PB_TTM_SQ":1.174884790274,"ROA_SQ":-12.632478222205,"START_DATE":"2023-01-01 00:00:00","FISCAL_YEAR":"12-31","CURRENCY":"HKD","IS_CNY_CODE":0,"DPS_HKD_LY":null,"ORG_TYPE":"一般企业","PREMIUM_INCOME":null,"PREMIUM_INCOME_YOY":null,"NET_INTEREST_INCOME":null,"NET_INTEREST_INCOME_YOY":null,"FEE_COMMISSION_INCOME":null,"FEE_COMMISSION_INCOME_YOY":null,"ACCOUNTS_RECE_TDAYS":2.268583188689,"INVENTORY_TDAYS":3.605776198809,"CURRENT_ASSETS_TDAYS":0.185183069415,"TOTAL_ASSETS_TDAYS":0.078030010422,"PREMIUM_EXPENSE":null,"LOAN_DEPOSIT":null,"LOAN_EQUITY":null,"LOAN_ASSETS":null,"DEPOSIT_EQUITY":null,"DEPOSIT_ASSETS":null,"EQUITY_MULTIPLIER":1.120217413341,"EQUITY_RATIO":0.120217413342},{"SECUCODE":"01477.HK","SECURITY_CODE":"01477","SECURITY_NAME_ABBR":"欧康维视生物-B","ORG_CODE":"10000090672","STD_REPORT_DATE":"2023-06-30 00:00:00","REPORT_DATE":"2023-06-30 00:00:00","DATE_TYPE_CODE":"002","REPORT_TYPE":"2023年中报","PER_NETCASH_OPERATE":-0.170286780317,"PER_OI":0.150129298598,"BPS":3.362350852204,"BASIC_EPS":-0.32,"DILUTED_EPS":-0.32,"OPERATE_INCOME":103696000,"OPERATE_INCOME_YOY":90.1457779408,"GROSS_PROFIT":62710000,"GROSS_PROFIT_YOY":82.806669776119,"HOLDER_PROFIT":-208402000,"HOLDER_PROFIT_YOY":-8.165818061,"GROSS_PROFIT_RATIO":60.474849560253,"EPS_TTM":-0.605717630672,"OPERATE_INCOME_QOQ":30.927231892902,"NET_PROFIT_RATIO":-200.9740009258,"ROE_AVG":-7.585975689438,"GROSS_PROFIT_QOQ":27.601150452796,"ROA":-6.895439309549,"HOLDER_PROFIT_QOQ":-3.907431645403,"ROE_YEARLY":-15.171951378876,"ROIC_YEARLY":-22.588927467097,"TOTAL_ASSETS":3000959000,"TOTAL_LIABILITIES":255196000,"TAX_EBT":-0.066742532279,"OCF_SALES":-113.426747415522,"TOTAL_PARENT_EQUITY":2745763000,"DEBT_ASSET_RATIO":8.5038149472,"OPERATE_PROFIT":-207624000,"PRETAX_PROFIT":-208263000,"NETCASH_OPERATE":-117619000,"NETCASH_INVEST":-519115000,"NETCASH_FINANCE":-3914000,"END_CASH":537044000,"DIVI_RATIO":null,"DIVIDEND_RATE":null,"CURRENT_RATIO":5.478673939076,"COMMON_ACS":5000000000,"CURRENTDEBT_DEBT":83.769338077399,"ISSUED_COMMON_SHARES":816620014,"HK_COMMON_SHARES":816620014,"PER_SHARES":500,"TOTAL_MARKET_CAP":3503299860.06,"HKSK_MARKET_CAP":3503299860.06,"PE_TTM":-9.761971036721,"PB_TTM":1.154934297917,"REPORT_DATE_SQ":"2022-06-30 00:00:00","REPORT_TYPE_SQ":"2022年中报","OPERATE_INCOME_SQ":54535000,"DPS_HKD":null,"OPERATE_INCOME_QOQ_SQ":60.079079542621,"NET_PROFIT_RATIO_SQ":-353.2942147245,"HOLDER_PROFIT_SQ":-192669000,"HOLDER_PROFIT_QOQ_SQ":-47.332225606942,"ROE_AVG_SQ":-6.357652213467,"PE_TTM_SQ":-7.7496755376,"PB_TTM_SQ":1.174884790274,"ROA_SQ":-5.839750793168,"START_DATE":"2023-01-01 00:00:00","FISCAL_YEAR":"12-31","CURRENCY":"HKD","IS_CNY_CODE":0,"DPS_HKD_LY":null,"ORG_TYPE":"一般企业","PREMIUM_INCOME":null,"PREMIUM_INCOME_YOY":null,"NET_INTEREST_INCOME":null,"NET_INTEREST_INCOME_YOY":null,"FEE_COMMISSION_INCOME":null,"FEE_COMMISSION_INCOME_YOY":null,"ACCOUNTS_RECE_TDAYS":1.070178335535,"INVENTORY_TDAYS":1.546174739701,"CURRENT_ASSETS_TDAYS":0.07896529391,"TOTAL_ASSETS_TDAYS":0.034310106172,"PREMIUM_EXPENSE":null,"LOAN_DEPOSIT":null,"LOAN_EQUITY":null,"LOAN_ASSETS":null,"DEPOSIT_EQUITY":null,"DEPOSIT_ASSETS":null,"EQUITY_MULTIPLIER":1.092941743334,"EQUITY_RATIO":0.092941743333},{"SECUCODE":"01477.HK","SECURITY_CODE":"01477","SECURITY_NAME_ABBR":"欧康维视生物-B","ORG_CODE":"10000090672","STD_REPORT_DATE":"2022-12-31 00:00:00","REPORT_DATE":"2022-12-31 00:00:00","DATE_TYPE_CODE":"001","REPORT_TYPE":"2022年年报","PER_NETCASH_OPERATE":-0.291340612926,"PER_OI":0.23079498751,"BPS":3.365872686045,"BASIC_EPS":-0.64,"DILUTED_EPS":-0.64,"OPERATE_INCOME":158957000,"OPERATE_INCOME_YOY":183.1136679372,"GROSS_PROFIT":102916000,"GROSS_PROFIT_YOY":178.64085555706,"HOLDER_PROFIT":-402643000,"HOLDER_PROFIT_YOY":-54.8674574602,"GROSS_PROFIT_RATIO":64.74455355851,"EPS_TTM":-0.584610845425,"OPERATE_INCOME_QOQ":76.858630588131,"NET_PROFIT_RATIO":-253.3030945476,"ROE_AVG":-13.749562048432,"GROSS_PROFIT_QOQ":85.260656682028,"ROA":-12.632478222205,"HOLDER_PROFIT_QOQ":-5.114449213162,"ROE_YEARLY":-13.749562048432,"ROIC_YEARLY":-24.588442528822,"TOTAL_ASSETS":3043674000,"TOTAL_LIABILITIES":295035000,"TAX_EBT":-0.1029264424,"OCF_SALES":-126.2335096913,"TOTAL_PARENT_EQUITY":2748639000,"DEBT_ASSET_RATIO":9.6933837198,"OPERATE_PROFIT":-400436000,"PRETAX_PROFIT":-402229000,"NETCASH_OPERATE":-200657000,"NETCASH_INVEST":229146000,"NETCASH_FINANCE":-9222000,"END_CASH":1170049000,"DIVI_RATIO":null,"DIVIDEND_RATE":null,"CURRENT_RATIO":5.875802029453,"COMMON_ACS":5000000000,"CURRENTDEBT_DEBT":83.940210483502,"ISSUED_COMMON_SHARES":816620014,"HK_COMMON_SHARES":816620014,"PER_SHARES":500,"TOTAL_MARKET_CAP":3503299860.06,"HKSK_MARKET_CAP":3503299860.06,"PE_TTM":-9.761971036721,"PB_TTM":1.154934297917,"REPORT_DATE_SQ":"2021-12-31 00:00:00","REPORT_TYPE_SQ":"2021年年报","OPERATE_INCOME_SQ":56146000,"DPS_HKD":null,"OPERATE_INCOME_QOQ_SQ":75.747331517826,"NET_PROFIT_RATIO_SQ":-463.0641541695,"HOLDER_PROFIT_SQ":-259992000,"HOLDER_PROFIT_QOQ_SQ":56.134670704651,"ROE_AVG_SQ":-9.268049323937,"PE_TTM_SQ":-7.7496755376,"PB_TTM_SQ":1.174884790274,"ROA_SQ":-8.76779221042,"START_DATE":"2022-01-01 00:00:00","FISCAL_YEAR":"12-31","CURRENCY":"HKD","IS_CNY_CODE":0,"DPS_HKD_LY":null,"ORG_TYPE":"一般企业","PREMIUM_INCOME":null,"PREMIUM_INCOME_YOY":null,"NET_INTEREST_INCOME":null,"NET_INTEREST_INCOME_YOY":null,"FEE_COMMISSION_INCOME":null,"FEE_COMMISSION_INCOME_YOY":null,"ACCOUNTS_RECE_TDAYS":2.11110889761,"INVENTORY_TDAYS":3.852012234938,"CURRENT_ASSETS_TDAYS":0.096638414069,"TOTAL_ASSETS_TDAYS":0.049870998397,"PREMIUM_EXPENSE":null,"LOAN_DEPOSIT":null,"LOAN_EQUITY":null,"LOAN_ASSETS":null,"DEPOSIT_EQUITY":null,"DEPOSIT_ASSETS":null,"EQUITY_MULTIPLIER":1.107338577383,"EQUITY_RATIO":0.107338577383},{"SECUCODE":"01477.HK","SECURITY_CODE":"01477","SECURITY_NAME_ABBR":"欧康维视生物-B","ORG_CODE":"10000090672","STD_REPORT_DATE":"2022-06-30 00:00:00","REPORT_DATE":"2022-06-30 00:00:00","DATE_TYPE_CODE":"002","REPORT_TYPE":"2022年中报","PER_NETCASH_OPERATE":-0.074226703098,"PER_OI":0.081664647625,"BPS":3.615926562388,"BASIC_EPS":-0.31,"DILUTED_EPS":-0.31,"OPERATE_INCOME":54535000,"OPERATE_INCOME_YOY":162.1496899486,"GROSS_PROFIT":34304000,"GROSS_PROFIT_YOY":118.677886147766,"HOLDER_PROFIT":-192669000,"HOLDER_PROFIT_YOY":-176.787484377,"GROSS_PROFIT_RATIO":62.902723021913,"EPS_TTM":-0.573609729568,"OPERATE_INCOME_QOQ":60.079079542621,"NET_PROFIT_RATIO":-353.2942147245,"ROE_AVG":-6.357652213467,"GROSS_PROFIT_QOQ":50.404765127927,"ROA":-5.839750793168,"HOLDER_PROFIT_QOQ":-47.332225606942,"ROE_YEARLY":-12.715304426935,"ROIC_YEARLY":-23.797894097154,"TOTAL_ASSETS":3267482000,"TOTAL_LIABILITIES":314644000,"TAX_EBT":-0.188240677666,"OCF_SALES":-90.892087650133,"TOTAL_PARENT_EQUITY":2952838000,"DEBT_ASSET_RATIO":9.6295557252,"OPERATE_PROFIT":-191326000,"PRETAX_PROFIT":-192307000,"NETCASH_OPERATE":-49568000,"NETCASH_INVEST":495807000,"NETCASH_FINANCE":-13151000,"END_CASH":1572293000,"DIVI_RATIO":null,"DIVIDEND_RATE":null,"CURRENT_RATIO":6.544152514602,"COMMON_ACS":5000000000,"CURRENTDEBT_DEBT":82.437612031375,"ISSUED_COMMON_SHARES":816620014,"HK_COMMON_SHARES":816620014,"PER_SHARES":500,"TOTAL_MARKET_CAP":3503299860.06,"HKSK_MARKET_CAP":3503299860.06,"PE_TTM":-9.761971036721,"PB_TTM":1.154934297917,"REPORT_DATE_SQ":"2021-06-30 00:00:00","REPORT_TYPE_SQ":"2021年中报","OPERATE_INCOME_SQ":20803000,"DPS_HKD":null,"OPERATE_INCOME_QOQ_SQ":143.9447159438,"NET_PROFIT_RATIO_SQ":-334.6103927318,"HOLDER_PROFIT_SQ":-69609000,"HOLDER_PROFIT_QOQ_SQ":73.830460610032,"ROE_AVG_SQ":-2.463038412593,"PE_TTM_SQ":-7.7496755376,"PB_TTM_SQ":1.174884790274,"ROA_SQ":-2.367759368788,"START_DATE":"2022-01-01 00:00:00","FISCAL_YEAR":"12-31","CURRENCY":"HKD","IS_CNY_CODE":0,"DPS_HKD_LY":null,"ORG_TYPE":"一般企业","PREMIUM_INCOME":null,"PREMIUM_INCOME_YOY":null,"NET_INTEREST_INCOME":null,"NET_INTEREST_INCOME_YOY":null,"FEE_COMMISSION_INCOME":null,"FEE_COMMISSION_INCOME_YOY":null,"ACCOUNTS_RECE_TDAYS":0.830155649427,"INVENTORY_TDAYS":1.404199201805,"CURRENT_ASSETS_TDAYS":0.030880328605,"TOTAL_ASSETS_TDAYS":0.016529426608,"PREMIUM_EXPENSE":null,"LOAN_DEPOSIT":null,"LOAN_EQUITY":null,"LOAN_ASSETS":null,"DEPOSIT_EQUITY":null,"DEPOSIT_ASSETS":null,"EQUITY_MULTIPLIER":1.106556472113,"EQUITY_RATIO":0.106556472113},{"SECUCODE":"01477.HK","SECURITY_CODE":"01477","SECURITY_NAME_ABBR":"欧康维视生物-B","ORG_CODE":"10000090672","STD_REPORT_DATE":"2021-12-31 00:00:00","REPORT_DATE":"2021-12-31 00:00:00","DATE_TYPE_CODE":"001","REPORT_TYPE":"2021年年报","PER_NETCASH_OPERATE":-0.295239617563,"PER_OI":0.084209335926,"BPS":3.806143551118,"BASIC_EPS":-0.43,"DILUTED_EPS":-0.43,"OPERATE_INCOME":56146000,"OPERATE_INCOME_YOY":328.72632865,"GROSS_PROFIT":36935000,"GROSS_PROFIT_YOY":224.788955328878,"HOLDER_PROFIT":-259992000,"HOLDER_PROFIT_YOY":88.5206453715,"GROSS_PROFIT_RATIO":65.783849250169,"EPS_TTM":-0.389943249138,"OPERATE_INCOME_QOQ":75.747331517826,"NET_PROFIT_RATIO":-463.0641541695,"ROE_AVG":-9.268049323937,"GROSS_PROFIT_QOQ":46.981575072625,"ROA":-8.76779221042,"HOLDER_PROFIT_QOQ":56.134670704651,"ROE_YEARLY":-9.268049323937,"ROIC_YEARLY":-24.837132655864,"TOTAL_ASSETS":3331053000,"TOTAL_LIABILITIES":222880000,"TAX_EBT":null,"OCF_SALES":-350.602001923557,"TOTAL_PARENT_EQUITY":3108173000,"DEBT_ASSET_RATIO":6.6909772976,"OPERATE_PROFIT":-246094000,"PRETAX_PROFIT":-259992000,"NETCASH_OPERATE":-196849000,"NETCASH_INVEST":-1345290000,"NETCASH_FINANCE":668852000,"END_CASH":1125221000,"DIVI_RATIO":null,"DIVIDEND_RATE":null,"CURRENT_RATIO":8.499110509882,"COMMON_ACS":5000000000,"CURRENTDEBT_DEBT":96.847631012204,"ISSUED_COMMON_SHARES":816620014,"HK_COMMON_SHARES":816620014,"PER_SHARES":500,"TOTAL_MARKET_CAP":3503299860.06,"HKSK_MARKET_CAP":3503299860.06,"PE_TTM":-9.761971036721,"PB_TTM":1.154934297917,"REPORT_DATE_SQ":"2020-12-31 00:00:00","REPORT_TYPE_SQ":"2020年年报","OPERATE_INCOME_SQ":13096000,"DPS_HKD":null,"OPERATE_INCOME_QOQ_SQ":511.391223155929,"NET_PROFIT_RATIO_SQ":-17294.3341478314,"HOLDER_PROFIT_SQ":-2264866000,"HOLDER_PROFIT_QOQ_SQ":19.574747178114,"ROE_AVG_SQ":-1044.10197307763,"PE_TTM_SQ":-7.7496755376,"PB_TTM_SQ":1.174884790274,"ROA_SQ":-116.467738456092,"START_DATE":"2021-01-01 00:00:00","FISCAL_YEAR":"12-31","CURRENCY":"HKD","IS_CNY_CODE":0,"DPS_HKD_LY":null,"ORG_TYPE":"一般企业","PREMIUM_INCOME":null,"PREMIUM_INCOME_YOY":null,"NET_INTEREST_INCOME":null,"NET_INTEREST_INCOME_YOY":null,"FEE_COMMISSION_INCOME":null,"FEE_COMMISSION_INCOME_YOY":null,"ACCOUNTS_RECE_TDAYS":1.208597475003,"INVENTORY_TDAYS":4.790773067332,"CURRENT_ASSETS_TDAYS":0.028515192214,"TOTAL_ASSETS_TDAYS":0.018934292649,"PREMIUM_EXPENSE":null,"LOAN_DEPOSIT":null,"LOAN_EQUITY":null,"LOAN_ASSETS":null,"DEPOSIT_EQUITY":null,"DEPOSIT_ASSETS":null,"EQUITY_MULTIPLIER":1.071707720259,"EQUITY_RATIO":0.071707720259},{"SECUCODE":"01477.HK","SECURITY_CODE":"01477","SECURITY_NAME_ABBR":"欧康维视生物-B","ORG_CODE":"10000090672","STD_REPORT_DATE":"2021-06-30 00:00:00","REPORT_DATE":"2021-06-30 00:00:00","DATE_TYPE_CODE":"002","REPORT_TYPE":"2021年中报","PER_NETCASH_OPERATE":-0.185362805368,"PER_OI":0.032957577136,"BPS":3.857313004822,"BASIC_EPS":-0.12,"DILUTED_EPS":-0.12,"OPERATE_INCOME":20803000,"OPERATE_INCOME_YOY":965.7274590164,"GROSS_PROFIT":15687000,"GROSS_PROFIT_YOY":712.79792746114,"HOLDER_PROFIT":-69609000,"HOLDER_PROFIT_YOY":96.0035481148,"GROSS_PROFIT_RATIO":75.407393164447,"EPS_TTM":-0.939004987568,"OPERATE_INCOME_QOQ":143.9447159438,"NET_PROFIT_RATIO":-334.6103927318,"ROE_AVG":-2.463038412593,"GROSS_PROFIT_QOQ":120.972564192754,"ROA":-2.367759368788,"HOLDER_PROFIT_QOQ":73.830460610032,"ROE_YEARLY":-4.926076825186,"ROIC_YEARLY":-18.027079854688,"TOTAL_ASSETS":3280174000,"TOTAL_LIABILITIES":130215000,"TAX_EBT":null,"OCF_SALES":-562.428495890016,"TOTAL_PARENT_EQUITY":3149959000,"DEBT_ASSET_RATIO":3.9697589213,"OPERATE_PROFIT":-55923000,"PRETAX_PROFIT":-69609000,"NETCASH_OPERATE":-117002000,"NETCASH_INVEST":-308573000,"NETCASH_FINANCE":660966000,"END_CASH":2259090000,"DIVI_RATIO":null,"DIVIDEND_RATE":null,"CURRENT_RATIO":19.357827318635,"COMMON_ACS":5000000000,"CURRENTDEBT_DEBT":93.526091464117,"ISSUED_COMMON_SHARES":816620014,"HK_COMMON_SHARES":816620014,"PER_SHARES":500,"TOTAL_MARKET_CAP":3503299860.06,"HKSK_MARKET_CAP":3503299860.06,"PE_TTM":-9.761971036721,"PB_TTM":1.154934297917,"REPORT_DATE_SQ":"2020-06-30 00:00:00","REPORT_TYPE_SQ":"2020年中报","OPERATE_INCOME_SQ":1952000,"DPS_HKD":null,"OPERATE_INCOME_QOQ_SQ":1027.36842105263,"NET_PROFIT_RATIO_SQ":-89230.0204918033,"HOLDER_PROFIT_SQ":-1741770000,"HOLDER_PROFIT_QOQ_SQ":-114.591891708597,"ROE_AVG_SQ":61.009393955209,"PE_TTM_SQ":-7.7496755376,"PB_TTM_SQ":1.174884790274,"ROA_SQ":-137.398618653892,"START_DATE":"2021-01-01 00:00:00","FISCAL_YEAR":"12-31","CURRENCY":"HKD","IS_CNY_CODE":0,"DPS_HKD_LY":null,"ORG_TYPE":"一般企业","PREMIUM_INCOME":null,"PREMIUM_INCOME_YOY":null,"NET_INTEREST_INCOME":null,"NET_INTEREST_INCOME_YOY":null,"FEE_COMMISSION_INCOME":null,"FEE_COMMISSION_INCOME_YOY":null,"ACCOUNTS_RECE_TDAYS":0.345656652931,"INVENTORY_TDAYS":1.917541229385,"CURRENT_ASSETS_TDAYS":0.009326823731,"TOTAL_ASSETS_TDAYS":0.007076168046,"PREMIUM_EXPENSE":null,"LOAN_DEPOSIT":null,"LOAN_EQUITY":null,"LOAN_ASSETS":null,"DEPOSIT_EQUITY":null,"DEPOSIT_ASSETS":null,"EQUITY_MULTIPLIER":1.041338633296,"EQUITY_RATIO":0.041338633296},{"SECUCODE":"01477.HK","SECURITY_CODE":"01477","SECURITY_NAME_ABBR":"欧康维视生物-B","ORG_CODE":"10000090672","STD_REPORT_DATE":"2020-12-31 00:00:00","REPORT_DATE":"2020-12-31 00:00:00","DATE_TYPE_CODE":"001","REPORT_TYPE":"2020年年报","PER_NETCASH_OPERATE":-0.359600021734,"PER_OI":0.022153800016,"BPS":3.064250149519,"BASIC_EPS":-7,"DILUTED_EPS":-7,"OPERATE_INCOME":13096000,"OPERATE_INCOME_YOY":6792.6315789474,"GROSS_PROFIT":11372000,"GROSS_PROFIT_YOY":6217.77777777778,"HOLDER_PROFIT":-2264866000,"HOLDER_PROFIT_YOY":-72.5860714419,"GROSS_PROFIT_RATIO":86.835675015272,"EPS_TTM":-3.831352201234,"OPERATE_INCOME_QOQ":511.391223155929,"NET_PROFIT_RATIO":-17294.3341478314,"ROE_AVG":-1044.10197307763,"GROSS_PROFIT_QOQ":438.957345971564,"ROA":-116.467738456092,"HOLDER_PROFIT_QOQ":19.574747178114,"ROE_YEARLY":-1044.10197307763,"ROIC_YEARLY":-416.741678473513,"TOTAL_ASSETS":2599562000,"TOTAL_LIABILITIES":97234000,"TAX_EBT":null,"OCF_SALES":-1623.19792302993,"TOTAL_PARENT_EQUITY":2502328000,"DEBT_ASSET_RATIO":3.7403993442,"OPERATE_PROFIT":-2263054000,"PRETAX_PROFIT":-2264866000,"NETCASH_OPERATE":-212574000,"NETCASH_INVEST":629696000,"NETCASH_FINANCE":1527360000,"END_CASH":2034319000,"DIVI_RATIO":null,"DIVIDEND_RATE":null,"CURRENT_RATIO":22.881740549361,"COMMON_ACS":5000000000,"CURRENTDEBT_DEBT":94.539975728655,"ISSUED_COMMON_SHARES":816620014,"HK_COMMON_SHARES":816620014,"PER_SHARES":500,"TOTAL_MARKET_CAP":3503299860.06,"HKSK_MARKET_CAP":3503299860.06,"PE_TTM":-9.761971036721,"PB_TTM":1.154934297917,"REPORT_DATE_SQ":"2019-12-31 00:00:00","REPORT_TYPE_SQ":"2019年年报","OPERATE_INCOME_SQ":190000,"DPS_HKD":null,"OPERATE_INCOME_QOQ_SQ":null,"NET_PROFIT_RATIO_SQ":-697621.578947368,"HOLDER_PROFIT_SQ":-1312311000,"HOLDER_PROFIT_QOQ_SQ":-532.110034295403,"ROE_AVG_SQ":90.83044479759,"PE_TTM_SQ":-7.7496755376,"PB_TTM_SQ":1.174884790274,"ROA_SQ":-189.596617542633,"START_DATE":"2020-01-01 00:00:00","FISCAL_YEAR":"12-31","CURRENCY":"HKD","IS_CNY_CODE":0,"DPS_HKD_LY":null,"ORG_TYPE":"一般企业","PREMIUM_INCOME":null,"PREMIUM_INCOME_YOY":null,"NET_INTEREST_INCOME":null,"NET_INTEREST_INCOME_YOY":null,"FEE_COMMISSION_INCOME":null,"FEE_COMMISSION_INCOME_YOY":null,"ACCOUNTS_RECE_TDAYS":0.42150662225,"INVENTORY_TDAYS":1.049300060864,"CURRENT_ASSETS_TDAYS":0.007782737074,"TOTAL_ASSETS_TDAYS":0.006734444788,"PREMIUM_EXPENSE":null,"LOAN_DEPOSIT":null,"LOAN_EQUITY":null,"LOAN_ASSETS":null,"DEPOSIT_EQUITY":null,"DEPOSIT_ASSETS":null,"EQUITY_MULTIPLIER":1.038857415974,"EQUITY_RATIO":0.038857415974},{"SECUCODE":"01477.HK","SECURITY_CODE":"01477","SECURITY_NAME_ABBR":"欧康维视生物-B","ORG_CODE":"10000090672","STD_REPORT_DATE":"2020-06-30 00:00:00","REPORT_DATE":"2020-06-30 00:00:00","DATE_TYPE_CODE":"002","REPORT_TYPE":"2020年中报","PER_NETCASH_OPERATE":-0.688254205632,"PER_OI":0.021591594764,"BPS":-4.459055543059,"BASIC_EPS":-27,"DILUTED_EPS":-27,"OPERATE_INCOME":1952000,"OPERATE_INCOME_YOY":null,"GROSS_PROFIT":1930000,"GROSS_PROFIT_YOY":null,"HOLDER_PROFIT":-1741770000,"HOLDER_PROFIT_YOY":-631.9345458213,"GROSS_PROFIT_RATIO":98.872950819672,"EPS_TTM":-31.149780074343,"OPERATE_INCOME_QOQ":1027.36842105263,"NET_PROFIT_RATIO":-89230.0204918033,"ROE_AVG":61.009393955209,"GROSS_PROFIT_QOQ":1072.22222222222,"ROA":-137.398618653892,"HOLDER_PROFIT_QOQ":-114.591891708597,"ROE_YEARLY":122.018787910419,"ROIC_YEARLY":-676.69409543346,"TOTAL_ASSETS":1245656000,"TOTAL_LIABILITIES":4887010000,"TAX_EBT":null,"OCF_SALES":-3187.60245901639,"TOTAL_PARENT_EQUITY":-3641354000,"DEBT_ASSET_RATIO":392.3242050775,"OPERATE_PROFIT":-1741747000,"PRETAX_PROFIT":-1741770000,"NETCASH_OPERATE":-62222000,"NETCASH_INVEST":619182000,"NETCASH_FINANCE":-4372000,"END_CASH":755277000,"DIVI_RATIO":null,"DIVIDEND_RATE":null,"CURRENT_RATIO":18.962547941816,"COMMON_ACS":5000000000,"CURRENTDEBT_DEBT":1.15774266883,"ISSUED_COMMON_SHARES":816620014,"HK_COMMON_SHARES":816620014,"PER_SHARES":500,"TOTAL_MARKET_CAP":3503299860.06,"HKSK_MARKET_CAP":3503299860.06,"PE_TTM":-9.761971036721,"PB_TTM":1.154934297917,"REPORT_DATE_SQ":"2019-06-30 00:00:00","REPORT_TYPE_SQ":"2019年中报","OPERATE_INCOME_SQ":null,"DPS_HKD":null,"OPERATE_INCOME_QOQ_SQ":null,"NET_PROFIT_RATIO_SQ":null,"HOLDER_PROFIT_SQ":-237968000,"HOLDER_PROFIT_QOQ_SQ":0,"ROE_AVG_SQ":null,"PE_TTM_SQ":-7.7496755376,"PB_TTM_SQ":1.174884790274,"ROA_SQ":null,"START_DATE":"2020-01-01 00:00:00","FISCAL_YEAR":"12-31","CURRENCY":"HKD","IS_CNY_CODE":0,"DPS_HKD_LY":null,"ORG_TYPE":"一般企业","PREMIUM_INCOME":null,"PREMIUM_INCOME_YOY":null,"NET_INTEREST_INCOME":null,"NET_INTEREST_INCOME_YOY":null,"FEE_COMMISSION_INCOME":null,"FEE_COMMISSION_INCOME_YOY":null,"ACCOUNTS_RECE_TDAYS":0.104816624604,"INVENTORY_TDAYS":0.088709677419,"CURRENT_ASSETS_TDAYS":0.001672038118,"TOTAL_ASSETS_TDAYS":0.001539825026,"PREMIUM_EXPENSE":null,"LOAN_DEPOSIT":null,"LOAN_EQUITY":null,"LOAN_ASSETS":null,"DEPOSIT_EQUITY":null,"DEPOSIT_ASSETS":null,"EQUITY_MULTIPLIER":-0.342085938362,"EQUITY_RATIO":-1.342085938362}],"count":12},"success":true,"message":"ok","code":0}