{"version":"eef2ad489d70315671c9259fb9dc1a6a","result":{"pages":3,"data":[{"SECUCODE":"01470.HK","SECURITY_CODE":"01470","SECURITY_NAME_ABBR":"富一国际控股","ORG_CODE":"10443261","STD_REPORT_DATE":"2024-06-30 00:00:00","REPORT_DATE":"2024-10-31 00:00:00","DATE_TYPE_CODE":"002","REPORT_TYPE":"2024年中报","PER_NETCASH_OPERATE":0.000258976225,"PER_OI":0.050954145225,"BPS":0.020121077588,"BASIC_EPS":0.001925133,"DILUTED_EPS":0.001925133,"OPERATE_INCOME":40763316.18,"OPERATE_INCOME_YOY":98.8907277363,"GROSS_PROFIT":10058361.56,"GROSS_PROFIT_YOY":-47.053578663737,"HOLDER_PROFIT":1510771.04,"HOLDER_PROFIT_YOY":161.6305160808,"GROSS_PROFIT_RATIO":24.675032609185,"EPS_TTM":0.001454015063,"OPERATE_INCOME_QOQ":99.230061402961,"NET_PROFIT_RATIO":3.7062024918,"ROE_AVG":10.009110233829,"GROSS_PROFIT_QOQ":24.211337582401,"ROA":1.042111287115,"HOLDER_PROFIT_QOQ":114.313085070285,"ROE_YEARLY":20.018220467659,"ROIC_YEARLY":3.556860121296,"TOTAL_ASSETS":131267485.43,"TOTAL_LIABILITIES":115170623.36,"TAX_EBT":20.07759456838,"OCF_SALES":0.508253497054,"TOTAL_PARENT_EQUITY":16096862.07,"DEBT_ASSET_RATIO":87.7373577948,"OPERATE_PROFIT":1898547.83,"PRETAX_PROFIT":1890297.26,"NETCASH_OPERATE":207180.98,"NETCASH_INVEST":-442780.59,"NETCASH_FINANCE":-888311.37,"END_CASH":59690123.76,"DIVI_RATIO":null,"DIVIDEND_RATE":null,"CURRENT_RATIO":1.123694600102,"COMMON_ACS":10000000000,"CURRENTDEBT_DEBT":100,"ISSUED_COMMON_SHARES":800000000,"HK_COMMON_SHARES":800000000,"PER_SHARES":4000,"TOTAL_MARKET_CAP":40000000,"HKSK_MARKET_CAP":40000000,"PE_TTM":7.139032661074,"PB_TTM":2.278034056609,"REPORT_DATE_SQ":"2023-06-30 00:00:00","REPORT_TYPE_SQ":"2023年中报","OPERATE_INCOME_SQ":20519925.31,"DPS_HKD":null,"OPERATE_INCOME_QOQ_SQ":-33.371084109308,"NET_PROFIT_RATIO_SQ":-11.9604598112,"HOLDER_PROFIT_SQ":-2454277.42,"HOLDER_PROFIT_QOQ_SQ":-566.762668051135,"ROE_AVG_SQ":-18.627655869035,"PE_TTM_SQ":-5.171645118145,"PB_TTM_SQ":3.913300160243,"ROA_SQ":-1.072618348031,"START_DATE":"2024-05-01 00:00:00","FISCAL_YEAR":"4-30","CURRENCY":"HKD","IS_CNY_CODE":0,"DPS_HKD_LY":null,"ORG_TYPE":"一般企业","PREMIUM_INCOME":null,"PREMIUM_INCOME_YOY":null,"NET_INTEREST_INCOME":null,"NET_INTEREST_INCOME_YOY":null,"FEE_COMMISSION_INCOME":null,"FEE_COMMISSION_INCOME_YOY":null,"ACCOUNTS_RECE_TDAYS":0.515144669389,"INVENTORY_TDAYS":7.518294051627,"CURRENT_ASSETS_TDAYS":0.284587864087,"TOTAL_ASSETS_TDAYS":0.281180342796,"PREMIUM_EXPENSE":null,"LOAN_DEPOSIT":null,"LOAN_EQUITY":null,"LOAN_ASSETS":null,"DEPOSIT_EQUITY":null,"DEPOSIT_ASSETS":null,"EQUITY_MULTIPLIER":8.154849364976,"EQUITY_RATIO":7.154849364998},{"SECUCODE":"01470.HK","SECURITY_CODE":"01470","SECURITY_NAME_ABBR":"富一国际控股","ORG_CODE":"10443261","STD_REPORT_DATE":"2023-12-31 00:00:00","REPORT_DATE":"2024-04-30 00:00:00","DATE_TYPE_CODE":"001","REPORT_TYPE":"2023年年报","PER_NETCASH_OPERATE":-0.060702007438,"PER_OI":0.081558780875,"BPS":0.017447045688,"BASIC_EPS":0.00145288,"DILUTED_EPS":0.00145288,"OPERATE_INCOME":65247024.7,"OPERATE_INCOME_YOY":102.0470713944,"GROSS_PROFIT":37647753,"GROSS_PROFIT_YOY":23.147302862368,"HOLDER_PROFIT":1163212.05,"HOLDER_PROFIT_YOY":148.2122694769,"GROSS_PROFIT_RATIO":57.700336794055,"EPS_TTM":-0.010158641938,"OPERATE_INCOME_QOQ":-10.555223699883,"NET_PROFIT_RATIO":1.7827817519,"ROE_AVG":7.950595829196,"GROSS_PROFIT_QOQ":-5.870155506247,"ROA":0.683770720628,"HOLDER_PROFIT_QOQ":-246.765559863027,"ROE_YEARLY":7.950595829196,"ROIC_YEARLY":1.402605934523,"TOTAL_ASSETS":157174374.5,"TOTAL_LIABILITIES":143216737.95,"TAX_EBT":71.808978873239,"OCF_SALES":-74.427310936065,"TOTAL_PARENT_EQUITY":13957636.55,"DEBT_ASSET_RATIO":91.1196487377,"OPERATE_PROFIT":4281455.75,"PRETAX_PROFIT":4126179.2,"NETCASH_OPERATE":-48561605.95,"NETCASH_INVEST":-497611.4,"NETCASH_FINANCE":-707370.95,"END_CASH":59783287.85,"DIVI_RATIO":null,"DIVIDEND_RATE":null,"CURRENT_RATIO":1.086248327722,"COMMON_ACS":10000000000,"CURRENTDEBT_DEBT":100,"ISSUED_COMMON_SHARES":800000000,"HK_COMMON_SHARES":800000000,"PER_SHARES":4000,"TOTAL_MARKET_CAP":40000000,"HKSK_MARKET_CAP":40000000,"PE_TTM":7.139032661074,"PB_TTM":2.278034056609,"REPORT_DATE_SQ":"2022-12-31 00:00:00","REPORT_TYPE_SQ":"2022年年报","OPERATE_INCOME_SQ":31368699.78,"DPS_HKD":null,"OPERATE_INCOME_QOQ_SQ":-13.433736893441,"NET_PROFIT_RATIO_SQ":-6.4008672609,"HOLDER_PROFIT_SQ":-2343633.42,"HOLDER_PROFIT_QOQ_SQ":109.235915899682,"ROE_AVG_SQ":-13.829538061158,"PE_TTM_SQ":-4.279982166741,"PB_TTM_SQ":3.238593236063,"ROA_SQ":-1.454069835849,"START_DATE":"2023-05-01 00:00:00","FISCAL_YEAR":"4-30","CURRENCY":"HKD","IS_CNY_CODE":0,"DPS_HKD_LY":null,"ORG_TYPE":"一般企业","PREMIUM_INCOME":null,"PREMIUM_INCOME_YOY":null,"NET_INTEREST_INCOME":null,"NET_INTEREST_INCOME_YOY":null,"FEE_COMMISSION_INCOME":null,"FEE_COMMISSION_INCOME_YOY":null,"ACCOUNTS_RECE_TDAYS":0.823791753369,"INVENTORY_TDAYS":9.950564740547,"CURRENT_ASSETS_TDAYS":0.385707345746,"TOTAL_ASSETS_TDAYS":0.383541462607,"PREMIUM_EXPENSE":null,"LOAN_DEPOSIT":null,"LOAN_EQUITY":null,"LOAN_ASSETS":null,"DEPOSIT_EQUITY":null,"DEPOSIT_ASSETS":null,"EQUITY_MULTIPLIER":11.260815822065,"EQUITY_RATIO":10.260815822002},{"SECUCODE":"01470.HK","SECURITY_CODE":"01470","SECURITY_NAME_ABBR":"富一国际控股","ORG_CODE":"10443261","STD_REPORT_DATE":"2023-06-30 00:00:00","REPORT_DATE":"2023-10-31 00:00:00","DATE_TYPE_CODE":"002","REPORT_TYPE":"2023年中报","PER_NETCASH_OPERATE":0.056990359275,"PER_OI":0.025649906638,"BPS":0.013603387888,"BASIC_EPS":-0.003028839,"DILUTED_EPS":-0.003028839,"OPERATE_INCOME":20519925.31,"OPERATE_INCOME_YOY":-16.1717285339,"GROSS_PROFIT":18997245.34,"GROSS_PROFIT_YOY":-9.049309768604,"HOLDER_PROFIT":-2454277.42,"HOLDER_PROFIT_YOY":-173.4413622631,"GROSS_PROFIT_RATIO":92.579505300353,"EPS_TTM":-0.002929541775,"OPERATE_INCOME_QOQ":-33.371084109308,"NET_PROFIT_RATIO":-11.9604598112,"ROE_AVG":-18.627655869035,"GROSS_PROFIT_QOQ":-13.533864241048,"ROA":-1.072618348031,"HOLDER_PROFIT_QOQ":-566.762668051135,"ROE_YEARLY":-37.25531173807,"ROIC_YEARLY":-5.283540802213,"TOTAL_ASSETS":272591838.68,"TOTAL_LIABILITIES":261709128.37,"TAX_EBT":-89.914772727273,"OCF_SALES":222.185445274411,"TOTAL_PARENT_EQUITY":10882710.31,"DEBT_ASSET_RATIO":96.0076903393,"OPERATE_PROFIT":-1273948.04,"PRETAX_PROFIT":-1292304.64,"NETCASH_OPERATE":45592287.42,"NETCASH_INVEST":-505724.33,"NETCASH_FINANCE":-612192.61,"END_CASH":155997140.29,"DIVI_RATIO":null,"DIVIDEND_RATE":null,"CURRENT_RATIO":1.035182845944,"COMMON_ACS":10000000000,"CURRENTDEBT_DEBT":99.671037634277,"ISSUED_COMMON_SHARES":800000000,"HK_COMMON_SHARES":800000000,"PER_SHARES":4000,"TOTAL_MARKET_CAP":40000000,"HKSK_MARKET_CAP":40000000,"PE_TTM":7.139032661074,"PB_TTM":2.278034056609,"REPORT_DATE_SQ":"2022-06-30 00:00:00","REPORT_TYPE_SQ":"2022年中报","OPERATE_INCOME_SQ":24384647.7,"DPS_HKD":null,"OPERATE_INCOME_QOQ_SQ":-9.243953010228,"NET_PROFIT_RATIO_SQ":13.6520434946,"HOLDER_PROFIT_SQ":3329002.71,"HOLDER_PROFIT_QOQ_SQ":-105.212611028053,"ROE_AVG_SQ":17.027545246224,"PE_TTM_SQ":-4.279982166741,"PB_TTM_SQ":3.238593236063,"ROA_SQ":2.018633970821,"START_DATE":"2023-05-01 00:00:00","FISCAL_YEAR":"4-30","CURRENCY":"HKD","IS_CNY_CODE":0,"DPS_HKD_LY":null,"ORG_TYPE":"一般企业","PREMIUM_INCOME":null,"PREMIUM_INCOME_YOY":null,"NET_INTEREST_INCOME":null,"NET_INTEREST_INCOME_YOY":null,"FEE_COMMISSION_INCOME":null,"FEE_COMMISSION_INCOME_YOY":null,"ACCOUNTS_RECE_TDAYS":0.233080864683,"INVENTORY_TDAYS":0.444236176195,"CURRENT_ASSETS_TDAYS":0.090247264669,"TOTAL_ASSETS_TDAYS":0.089680360535,"PREMIUM_EXPENSE":null,"LOAN_DEPOSIT":null,"LOAN_EQUITY":null,"LOAN_ASSETS":null,"DEPOSIT_EQUITY":null,"DEPOSIT_ASSETS":null,"EQUITY_MULTIPLIER":25.04815720694,"EQUITY_RATIO":24.048157206713},{"SECUCODE":"01470.HK","SECURITY_CODE":"01470","SECURITY_NAME_ABBR":"富一国际控股","ORG_CODE":"10443261","STD_REPORT_DATE":"2022-12-31 00:00:00","REPORT_DATE":"2023-04-30 00:00:00","DATE_TYPE_CODE":"001","REPORT_TYPE":"2022年年报","PER_NETCASH_OPERATE":0.042401726775,"PER_OI":0.039210874725,"BPS":0.018581696475,"BASIC_EPS":-0.002910798,"DILUTED_EPS":-0.002910798,"OPERATE_INCOME":31368699.78,"OPERATE_INCOME_YOY":-44.851133933,"GROSS_PROFIT":30571317.54,"GROSS_PROFIT_YOY":-10.766165357508,"HOLDER_PROFIT":-2343633.42,"HOLDER_PROFIT_YOY":58.7806391561,"GROSS_PROFIT_RATIO":87.942664418213,"EPS_TTM":0.000627629838,"OPERATE_INCOME_QOQ":-13.433736893441,"NET_PROFIT_RATIO":-6.4008672609,"ROE_AVG":-13.829538061158,"GROSS_PROFIT_QOQ":8.697568824836,"ROA":-1.454069835849,"HOLDER_PROFIT_QOQ":109.235915899682,"ROE_YEARLY":-13.829538061158,"ROIC_YEARLY":-3.388857711341,"TOTAL_ASSETS":177820649.82,"TOTAL_LIABILITIES":162955292.64,"TAX_EBT":61.683026095284,"OCF_SALES":92.645145748013,"TOTAL_PARENT_EQUITY":14865357.18,"DEBT_ASSET_RATIO":91.6402525831,"OPERATE_PROFIT":7381960.14,"PRETAX_PROFIT":7368729.24,"NETCASH_OPERATE":33921381.42,"NETCASH_INVEST":2895802.98,"NETCASH_FINANCE":4775472.84,"END_CASH":111307151.4,"DIVI_RATIO":null,"DIVIDEND_RATE":null,"CURRENT_RATIO":1.089404797991,"COMMON_ACS":10000000000,"CURRENTDEBT_DEBT":100,"ISSUED_COMMON_SHARES":800000000,"HK_COMMON_SHARES":800000000,"PER_SHARES":4000,"TOTAL_MARKET_CAP":41600000,"HKSK_MARKET_CAP":41600000,"PE_TTM":32.474629195941,"PB_TTM":2.369155418874,"REPORT_DATE_SQ":"2021-12-31 00:00:00","REPORT_TYPE_SQ":"2021年年报","OPERATE_INCOME_SQ":63480369.22,"DPS_HKD":null,"OPERATE_INCOME_QOQ_SQ":0.708788352656,"NET_PROFIT_RATIO_SQ":-8.5639506304,"HOLDER_PROFIT_SQ":-5436427.48,"HOLDER_PROFIT_QOQ_SQ":-313.529914014658,"ROE_AVG_SQ":-25.632257038333,"PE_TTM_SQ":-17.162213022205,"PB_TTM_SQ":3.845829467825,"ROA_SQ":-3.686989149522,"START_DATE":"2022-05-01 00:00:00","FISCAL_YEAR":"4-30","CURRENCY":"HKD","IS_CNY_CODE":0,"DPS_HKD_LY":null,"ORG_TYPE":"一般企业","PREMIUM_INCOME":null,"PREMIUM_INCOME_YOY":null,"NET_INTEREST_INCOME":null,"NET_INTEREST_INCOME_YOY":null,"FEE_COMMISSION_INCOME":null,"FEE_COMMISSION_INCOME_YOY":null,"ACCOUNTS_RECE_TDAYS":0.489033429133,"INVENTORY_TDAYS":1.443194925029,"CURRENT_ASSETS_TDAYS":0.227632289676,"TOTAL_ASSETS_TDAYS":0.227167628476,"PREMIUM_EXPENSE":null,"LOAN_DEPOSIT":null,"LOAN_EQUITY":null,"LOAN_ASSETS":null,"DEPOSIT_EQUITY":null,"DEPOSIT_ASSETS":null,"EQUITY_MULTIPLIER":11.962083901942,"EQUITY_RATIO":10.962083901976},{"SECUCODE":"01470.HK","SECURITY_CODE":"01470","SECURITY_NAME_ABBR":"富一国际控股","ORG_CODE":"10443261","STD_REPORT_DATE":"2022-06-30 00:00:00","REPORT_DATE":"2022-10-31 00:00:00","DATE_TYPE_CODE":"002","REPORT_TYPE":"2022年中报","PER_NETCASH_OPERATE":0.059405006475,"PER_OI":0.030480809625,"BPS":0.024222357675,"BASIC_EPS":0.004205826,"DILUTED_EPS":0.004205826,"OPERATE_INCOME":24384647.7,"OPERATE_INCOME_YOY":-33.4198766757,"GROSS_PROFIT":20887411.95,"GROSS_PROFIT_YOY":16.639643848623,"HOLDER_PROFIT":3329002.71,"HOLDER_PROFIT_YOY":214.6410579345,"GROSS_PROFIT_RATIO":85.658042744657,"EPS_TTM":-0.00679553435,"OPERATE_INCOME_QOQ":-9.243953010228,"NET_PROFIT_RATIO":13.6520434946,"ROE_AVG":17.027545246224,"GROSS_PROFIT_QOQ":-12.609718774197,"ROA":2.018633970821,"HOLDER_PROFIT_QOQ":-105.212611028053,"ROE_YEARLY":34.055090492447,"ROIC_YEARLY":9.977255912093,"TOTAL_ASSETS":180008438.49,"TOTAL_LIABILITIES":160630552.35,"TAX_EBT":47.993143836595,"OCF_SALES":194.893138357705,"TOTAL_PARENT_EQUITY":19377886.14,"DEBT_ASSET_RATIO":89.235012368,"OPERATE_PROFIT":6478800.66,"PRETAX_PROFIT":6401084.31,"NETCASH_OPERATE":47524005.18,"NETCASH_INVEST":3368318.04,"NETCASH_FINANCE":181947.69,"END_CASH":120970527.48,"DIVI_RATIO":null,"DIVIDEND_RATE":null,"CURRENT_RATIO":1.118810133789,"COMMON_ACS":10000000000,"CURRENTDEBT_DEBT":99.980077980476,"ISSUED_COMMON_SHARES":800000000,"HK_COMMON_SHARES":800000000,"PER_SHARES":4000,"TOTAL_MARKET_CAP":41600000,"HKSK_MARKET_CAP":41600000,"PE_TTM":32.474629195941,"PB_TTM":2.369155418874,"REPORT_DATE_SQ":"2021-06-30 00:00:00","REPORT_TYPE_SQ":"2021年中报","OPERATE_INCOME_SQ":32912433.48,"DPS_HKD":null,"OPERATE_INCOME_QOQ_SQ":10.131116786878,"NET_PROFIT_RATIO_SQ":-7.9287016002,"HOLDER_PROFIT_SQ":-2609528.64,"HOLDER_PROFIT_QOQ_SQ":98.516734518903,"ROE_AVG_SQ":-11.590606353667,"PE_TTM_SQ":-17.162213022205,"PB_TTM_SQ":3.845829467825,"ROA_SQ":-1.740273972603,"START_DATE":"2022-05-01 00:00:00","FISCAL_YEAR":"4-30","CURRENCY":"HKD","IS_CNY_CODE":0,"DPS_HKD_LY":null,"ORG_TYPE":"一般企业","PREMIUM_INCOME":null,"PREMIUM_INCOME_YOY":null,"NET_INTEREST_INCOME":null,"NET_INTEREST_INCOME_YOY":null,"FEE_COMMISSION_INCOME":null,"FEE_COMMISSION_INCOME_YOY":null,"ACCOUNTS_RECE_TDAYS":0.399871057702,"INVENTORY_TDAYS":0.941538461538,"CURRENT_ASSETS_TDAYS":0.148179426562,"TOTAL_ASSETS_TDAYS":0.147863136506,"PREMIUM_EXPENSE":null,"LOAN_DEPOSIT":null,"LOAN_EQUITY":null,"LOAN_ASSETS":null,"DEPOSIT_EQUITY":null,"DEPOSIT_ASSETS":null,"EQUITY_MULTIPLIER":9.289374351229,"EQUITY_RATIO":8.289374351231},{"SECUCODE":"01470.HK","SECURITY_CODE":"01470","SECURITY_NAME_ABBR":"富一国际控股","ORG_CODE":"10443261","STD_REPORT_DATE":"2021-12-31 00:00:00","REPORT_DATE":"2022-04-30 00:00:00","DATE_TYPE_CODE":"001","REPORT_TYPE":"2021年年报","PER_NETCASH_OPERATE":0.062225630625,"PER_OI":0.079350461525,"BPS":0.0227417417,"BASIC_EPS":-0.006831378,"DILUTED_EPS":-0.006831378,"OPERATE_INCOME":63480369.22,"OPERATE_INCOME_YOY":-9.7190903421,"GROSS_PROFIT":34259782.36,"GROSS_PROFIT_YOY":-6.679915798513,"HOLDER_PROFIT":-5436427.48,"HOLDER_PROFIT_YOY":-738.2314694408,"GROSS_PROFIT_RATIO":53.96909750362,"EPS_TTM":-0.0033114604,"OPERATE_INCOME_QOQ":0.708788352656,"NET_PROFIT_RATIO":-8.5639506304,"ROE_AVG":-25.632257038333,"GROSS_PROFIT_QOQ":6.785426128064,"ROA":-3.686989149522,"HOLDER_PROFIT_QOQ":-313.529914014658,"ROE_YEARLY":-25.632257038333,"ROIC_YEARLY":-5.079790377871,"TOTAL_ASSETS":138196246.8,"TOTAL_LIABILITIES":120002853.44,"TAX_EBT":-180.62690465825,"OCF_SALES":78.418738125922,"TOTAL_PARENT_EQUITY":18193393.36,"DEBT_ASSET_RATIO":86.8351031368,"OPERATE_PROFIT":-1494469.36,"PRETAX_PROFIT":-1937243.86,"NETCASH_OPERATE":49780504.5,"NETCASH_INVEST":7242947.44,"NETCASH_FINANCE":1260009.72,"END_CASH":69544271.42,"DIVI_RATIO":null,"DIVIDEND_RATE":null,"CURRENT_RATIO":1.150416317682,"COMMON_ACS":10000000000,"CURRENTDEBT_DEBT":99.853114809401,"ISSUED_COMMON_SHARES":800000000,"HK_COMMON_SHARES":800000000,"PER_SHARES":4000,"TOTAL_MARKET_CAP":41600000,"HKSK_MARKET_CAP":41600000,"PE_TTM":32.474629195941,"PB_TTM":2.369155418874,"REPORT_DATE_SQ":"2020-12-31 00:00:00","REPORT_TYPE_SQ":"2020年年报","OPERATE_INCOME_SQ":69453878.32,"DPS_HKD":null,"OPERATE_INCOME_QOQ_SQ":-26.470898142464,"NET_PROFIT_RATIO_SQ":-0.9223720194,"HOLDER_PROFIT_SQ":-640623.14,"HOLDER_PROFIT_QOQ_SQ":19.612902329769,"ROE_AVG_SQ":-2.75864542976,"PE_TTM_SQ":-17.162213022205,"PB_TTM_SQ":3.845829467825,"ROA_SQ":-0.40827161477,"START_DATE":"2021-05-01 00:00:00","FISCAL_YEAR":"4-30","CURRENCY":"HKD","IS_CNY_CODE":0,"DPS_HKD_LY":null,"ORG_TYPE":"一般企业","PREMIUM_INCOME":null,"PREMIUM_INCOME_YOY":null,"NET_INTEREST_INCOME":null,"NET_INTEREST_INCOME_YOY":null,"FEE_COMMISSION_INCOME":null,"FEE_COMMISSION_INCOME_YOY":null,"ACCOUNTS_RECE_TDAYS":0.701494902049,"INVENTORY_TDAYS":4.035995107461,"CURRENT_ASSETS_TDAYS":0.454356952925,"TOTAL_ASSETS_TDAYS":0.430524334929,"PREMIUM_EXPENSE":null,"LOAN_DEPOSIT":null,"LOAN_EQUITY":null,"LOAN_ASSETS":null,"DEPOSIT_EQUITY":null,"DEPOSIT_ASSETS":null,"EQUITY_MULTIPLIER":7.59595772296,"EQUITY_RATIO":6.595957722974},{"SECUCODE":"01470.HK","SECURITY_CODE":"01470","SECURITY_NAME_ABBR":"富一国际控股","ORG_CODE":"10443261","STD_REPORT_DATE":"2021-06-30 00:00:00","REPORT_DATE":"2021-10-31 00:00:00","DATE_TYPE_CODE":"002","REPORT_TYPE":"2021年中报","PER_NETCASH_OPERATE":-0.007127727,"PER_OI":0.04114054185,"BPS":0.02678443695,"BASIC_EPS":-0.00328656,"DILUTED_EPS":-0.00328656,"OPERATE_INCOME":32912433.48,"OPERATE_INCOME_YOY":7.1501176974,"GROSS_PROFIT":17907643.8,"GROSS_PROFIT_YOY":16.158418310267,"HOLDER_PROFIT":-2609528.64,"HOLDER_PROFIT_YOY":-358.2972582973,"GROSS_PROFIT_RATIO":54.409965798737,"EPS_TTM":-0.000800778925,"OPERATE_INCOME_QOQ":10.131116786878,"NET_PROFIT_RATIO":-7.9287016002,"ROE_AVG":-11.590606353667,"GROSS_PROFIT_QOQ":33.279187353675,"ROA":-1.740273972603,"HOLDER_PROFIT_QOQ":98.516734518903,"ROE_YEARLY":-23.181212707334,"ROIC_YEARLY":-3.676840880543,"TOTAL_ASSETS":147236244.72,"TOTAL_LIABILITIES":125808695.16,"TAX_EBT":-62.78831368529,"OCF_SALES":-17.325311431211,"TOTAL_PARENT_EQUITY":21427549.56,"DEBT_ASSET_RATIO":85.4468241833,"OPERATE_PROFIT":-1303942.68,"PRETAX_PROFIT":-1603019.64,"NETCASH_OPERATE":-5702181.6,"NETCASH_INVEST":null,"NETCASH_FINANCE":-385349.16,"END_CASH":4989819.72,"DIVI_RATIO":null,"DIVIDEND_RATE":null,"CURRENT_RATIO":1.077991263507,"COMMON_ACS":10000000000,"CURRENTDEBT_DEBT":99.42267125569,"ISSUED_COMMON_SHARES":800000000,"HK_COMMON_SHARES":800000000,"PER_SHARES":4000,"TOTAL_MARKET_CAP":41600000,"HKSK_MARKET_CAP":41600000,"PE_TTM":32.474629195941,"PB_TTM":2.369155418874,"REPORT_DATE_SQ":"2020-06-30 00:00:00","REPORT_TYPE_SQ":"2020年中报","OPERATE_INCOME_SQ":32420152.48,"DPS_HKD":null,"OPERATE_INCOME_QOQ_SQ":-27.468064322649,"NET_PROFIT_RATIO_SQ":-1.8537342178,"HOLDER_PROFIT_SQ":-600983.46,"HOLDER_PROFIT_QOQ_SQ":-100.134458983269,"ROE_AVG_SQ":-2.537160430548,"PE_TTM_SQ":-17.162213022205,"PB_TTM_SQ":3.845829467825,"ROA_SQ":-0.368559188851,"START_DATE":"2021-05-01 00:00:00","FISCAL_YEAR":"4-30","CURRENCY":"HKD","IS_CNY_CODE":0,"DPS_HKD_LY":null,"ORG_TYPE":"一般企业","PREMIUM_INCOME":null,"PREMIUM_INCOME_YOY":null,"NET_INTEREST_INCOME":null,"NET_INTEREST_INCOME_YOY":null,"FEE_COMMISSION_INCOME":null,"FEE_COMMISSION_INCOME_YOY":null,"ACCOUNTS_RECE_TDAYS":0.276801138798,"INVENTORY_TDAYS":1.583524821158,"CURRENT_ASSETS_TDAYS":0.24132249329,"TOTAL_ASSETS_TDAYS":0.219490410959,"PREMIUM_EXPENSE":null,"LOAN_DEPOSIT":null,"LOAN_EQUITY":null,"LOAN_ASSETS":null,"DEPOSIT_EQUITY":null,"DEPOSIT_ASSETS":null,"EQUITY_MULTIPLIER":6.871352429155,"EQUITY_RATIO":5.871352429158},{"SECUCODE":"01470.HK","SECURITY_CODE":"01470","SECURITY_NAME_ABBR":"富一国际控股","ORG_CODE":"10443261","STD_REPORT_DATE":"2020-12-31 00:00:00","REPORT_DATE":"2021-04-30 00:00:00","DATE_TYPE_CODE":"001","REPORT_TYPE":"2020年年报","PER_NETCASH_OPERATE":-0.00166612,"PER_OI":0.0868173479,"BPS":0.0299110193,"BASIC_EPS":-0.00083306,"DILUTED_EPS":-0.00083306,"OPERATE_INCOME":69453878.32,"OPERATE_INCOME_YOY":-11.4881148281,"GROSS_PROFIT":36712121.14,"GROSS_PROFIT_YOY":-9.1462264763,"HOLDER_PROFIT":-640623.14,"HOLDER_PROFIT_YOY":98.6967206169,"GROSS_PROFIT_RATIO":52.858273760975,"EPS_TTM":-0.053987565625,"OPERATE_INCOME_QOQ":-26.470898142464,"NET_PROFIT_RATIO":-0.9223720194,"ROE_AVG":-2.75864542976,"GROSS_PROFIT_QOQ":-31.831987178458,"ROA":-0.40827161477,"HOLDER_PROFIT_QOQ":19.612902329769,"ROE_YEARLY":-2.75864542976,"ROIC_YEARLY":-0.450858477928,"TOTAL_ASSETS":154784214.12,"TOTAL_LIABILITIES":130855398.68,"TAX_EBT":132.807167235495,"OCF_SALES":-1.919109533177,"TOTAL_PARENT_EQUITY":23928815.44,"DEBT_ASSET_RATIO":84.5405323947,"OPERATE_PROFIT":2976523.38,"PRETAX_PROFIT":1952692.64,"NETCASH_OPERATE":-1332896,"NETCASH_INVEST":3913715.88,"NETCASH_FINANCE":-11015552.38,"END_CASH":11173833.78,"DIVI_RATIO":null,"DIVIDEND_RATE":null,"CURRENT_RATIO":1.082284601697,"COMMON_ACS":10000000000,"CURRENTDEBT_DEBT":98.745846012809,"ISSUED_COMMON_SHARES":800000000,"HK_COMMON_SHARES":800000000,"PER_SHARES":4000,"TOTAL_MARKET_CAP":41600000,"HKSK_MARKET_CAP":41600000,"PE_TTM":32.474629195941,"PB_TTM":2.369155418874,"REPORT_DATE_SQ":"2019-12-31 00:00:00","REPORT_TYPE_SQ":"2019年年报","OPERATE_INCOME_SQ":85768378.08,"DPS_HKD":null,"OPERATE_INCOME_QOQ_SQ":-31.877500521276,"NET_PROFIT_RATIO_SQ":-62.642659221,"HOLDER_PROFIT_SQ":-53727592.8,"HOLDER_PROFIT_QOQ_SQ":-16.367034418843,"ROE_AVG_SQ":-104.603956885548,"PE_TTM_SQ":-17.162213022205,"PB_TTM_SQ":3.845829467825,"ROA_SQ":-27.706885986434,"START_DATE":"2020-05-01 00:00:00","FISCAL_YEAR":"4-30","CURRENCY":"HKD","IS_CNY_CODE":0,"DPS_HKD_LY":null,"ORG_TYPE":"一般企业","PREMIUM_INCOME":null,"PREMIUM_INCOME_YOY":null,"NET_INTEREST_INCOME":null,"NET_INTEREST_INCOME_YOY":null,"FEE_COMMISSION_INCOME":null,"FEE_COMMISSION_INCOME_YOY":null,"ACCOUNTS_RECE_TDAYS":0.642098534384,"INVENTORY_TDAYS":2.267851475722,"CURRENT_ASSETS_TDAYS":0.504494473809,"TOTAL_ASSETS_TDAYS":0.442632263545,"PREMIUM_EXPENSE":null,"LOAN_DEPOSIT":null,"LOAN_EQUITY":null,"LOAN_ASSETS":null,"DEPOSIT_EQUITY":null,"DEPOSIT_ASSETS":null,"EQUITY_MULTIPLIER":6.468528060159,"EQUITY_RATIO":5.468528060159},{"SECUCODE":"01470.HK","SECURITY_CODE":"01470","SECURITY_NAME_ABBR":"富一国际控股","ORG_CODE":"10443261","STD_REPORT_DATE":"2020-06-30 00:00:00","REPORT_DATE":"2020-10-31 00:00:00","DATE_TYPE_CODE":"002","REPORT_TYPE":"2020年中报","PER_NETCASH_OPERATE":0.0001951245,"PER_OI":0.0405251906,"BPS":0.02991909,"BASIC_EPS":-0.000780498,"DILUTED_EPS":-0.000780498,"OPERATE_INCOME":32420152.48,"OPERATE_INCOME_YOY":-38.9629049112,"GROSS_PROFIT":15416569.94,"GROSS_PROFIT_YOY":-45.484447249781,"HOLDER_PROFIT":-600983.46,"HOLDER_PROFIT_YOY":94.4004524887,"GROSS_PROFIT_RATIO":47.552428846565,"EPS_TTM":-0.067159491,"OPERATE_INCOME_QOQ":-27.468064322649,"NET_PROFIT_RATIO":-1.8537342178,"ROE_AVG":-2.537160430548,"GROSS_PROFIT_QOQ":-31.634564546603,"ROA":-0.368559188851,"HOLDER_PROFIT_QOQ":-100.134458983269,"ROE_YEARLY":-5.074320861097,"ROIC_YEARLY":-0.82906141395,"TOTAL_ASSETS":160566650.22,"TOTAL_LIABILITIES":136631378.22,"TAX_EBT":198.85877318117,"OCF_SALES":0.481489407233,"TOTAL_PARENT_EQUITY":23935272,"DEBT_ASSET_RATIO":85.0932482136,"OPERATE_PROFIT":1257469,"PRETAX_PROFIT":607921.22,"NETCASH_OPERATE":156099.6,"NETCASH_INVEST":2223552.08,"NETCASH_FINANCE":-5755739.14,"END_CASH":16941142.7,"DIVI_RATIO":null,"DIVIDEND_RATE":null,"CURRENT_RATIO":1.06902142668,"COMMON_ACS":10000000000,"CURRENTDEBT_DEBT":98.258341743309,"ISSUED_COMMON_SHARES":800000000,"HK_COMMON_SHARES":800000000,"PER_SHARES":4000,"TOTAL_MARKET_CAP":41600000,"HKSK_MARKET_CAP":41600000,"PE_TTM":32.474629195941,"PB_TTM":2.369155418874,"REPORT_DATE_SQ":"2019-06-30 00:00:00","REPORT_TYPE_SQ":"2019年中报","OPERATE_INCOME_SQ":55123812.48,"DPS_HKD":null,"OPERATE_INCOME_QOQ_SQ":-29.574083460326,"NET_PROFIT_RATIO_SQ":-20.2063740857,"HOLDER_PROFIT_SQ":-11138523.76,"HOLDER_PROFIT_QOQ_SQ":-38.365790580366,"ROE_AVG_SQ":-15.608722521409,"PE_TTM_SQ":-17.162213022205,"PB_TTM_SQ":3.845829467825,"ROA_SQ":-5.231775341412,"START_DATE":"2020-05-01 00:00:00","FISCAL_YEAR":"4-30","CURRENCY":"HKD","IS_CNY_CODE":0,"DPS_HKD_LY":null,"ORG_TYPE":"一般企业","PREMIUM_INCOME":null,"PREMIUM_INCOME_YOY":null,"NET_INTEREST_INCOME":null,"NET_INTEREST_INCOME_YOY":null,"FEE_COMMISSION_INCOME":null,"FEE_COMMISSION_INCOME_YOY":null,"ACCOUNTS_RECE_TDAYS":0.301084448453,"INVENTORY_TDAYS":1.045232827785,"CURRENT_ASSETS_TDAYS":0.22785535354,"TOTAL_ASSETS_TDAYS":0.198819866032,"PREMIUM_EXPENSE":null,"LOAN_DEPOSIT":null,"LOAN_EQUITY":null,"LOAN_ASSETS":null,"DEPOSIT_EQUITY":null,"DEPOSIT_ASSETS":null,"EQUITY_MULTIPLIER":6.708369565208,"EQUITY_RATIO":5.708369565217}],"count":25},"success":true,"message":"ok","code":0}