{"version":"ab1f82dae77bc976af1f99826c6c7ecd","result":{"pages":2,"data":[{"SECUCODE":"01472.HK","SECURITY_CODE":"01472","SECURITY_NAME_ABBR":"生兴控股","ORG_CODE":"10950897","STD_REPORT_DATE":"2024-06-30 00:00:00","REPORT_DATE":"2024-09-30 00:00:00","DATE_TYPE_CODE":"002","REPORT_TYPE":"2024年中报","PER_NETCASH_OPERATE":-0.00979885014,"PER_OI":0.08091851849,"BPS":0.26523898375,"BASIC_EPS":-0.008025931,"DILUTED_EPS":-0.008025931,"OPERATE_INCOME":80918518.49,"OPERATE_INCOME_YOY":33.5461594559,"GROSS_PROFIT":2369904.12,"GROSS_PROFIT_YOY":91.306358045545,"HOLDER_PROFIT":-8028636.37,"HOLDER_PROFIT_YOY":-28.6932639491,"GROSS_PROFIT_RATIO":2.92875371945,"EPS_TTM":-0.0057620318,"OPERATE_INCOME_QOQ":0,"NET_PROFIT_RATIO":-9.921877612,"ROE_AVG":-2.981815380648,"GROSS_PROFIT_QOQ":0,"ROA":-2.772224817064,"HOLDER_PROFIT_QOQ":0,"ROE_YEARLY":-5.963630761296,"ROIC_YEARLY":-6.1921636406,"TOTAL_ASSETS":288901051.56,"TOTAL_LIABILITIES":23662067.81,"TAX_EBT":-11.664367239433,"OCF_SALES":-12.109527365125,"TOTAL_PARENT_EQUITY":265238983.75,"DEBT_ASSET_RATIO":8.190370953,"OPERATE_PROFIT":-7038470.95,"PRETAX_PROFIT":-7189971.67,"NETCASH_OPERATE":-9798850.14,"NETCASH_INVEST":-5176274.6,"NETCASH_FINANCE":-661913.86,"END_CASH":22475312.17,"DIVI_RATIO":null,"DIVIDEND_RATE":null,"CURRENT_RATIO":12.463631498786,"COMMON_ACS":10000000000,"CURRENTDEBT_DEBT":92.58355882465,"ISSUED_COMMON_SHARES":1000000000,"HK_COMMON_SHARES":1000000000,"PER_SHARES":5000,"TOTAL_MARKET_CAP":41000000,"HKSK_MARKET_CAP":41000000,"PE_TTM":-4.91547776046,"PB_TTM":0.139396515087,"REPORT_DATE_SQ":"2023-06-30 00:00:00","REPORT_TYPE_SQ":"2023年中报","OPERATE_INCOME_SQ":61656477.33,"DPS_HKD":null,"OPERATE_INCOME_QOQ_SQ":0,"NET_PROFIT_RATIO_SQ":-10.2960217886,"HOLDER_PROFIT_SQ":-6348164.34,"HOLDER_PROFIT_QOQ_SQ":0,"ROE_AVG_SQ":-2.261338563373,"PE_TTM_SQ":-4.017882406202,"PB_TTM_SQ":0.234737127479,"ROA_SQ":-2.017186028406,"START_DATE":"2024-04-01 00:00:00","FISCAL_YEAR":"3-31","CURRENCY":"HKD","IS_CNY_CODE":0,"DPS_HKD_LY":null,"ORG_TYPE":"一般企业","PREMIUM_INCOME":null,"PREMIUM_INCOME_YOY":null,"NET_INTEREST_INCOME":null,"NET_INTEREST_INCOME_YOY":null,"FEE_COMMISSION_INCOME":null,"FEE_COMMISSION_INCOME_YOY":null,"ACCOUNTS_RECE_TDAYS":6.706352765321,"INVENTORY_TDAYS":null,"CURRENT_ASSETS_TDAYS":0.29492668,"TOTAL_ASSETS_TDAYS":0.279405262338,"PREMIUM_EXPENSE":null,"LOAN_DEPOSIT":null,"LOAN_EQUITY":null,"LOAN_ASSETS":null,"DEPOSIT_EQUITY":null,"DEPOSIT_ASSETS":null,"EQUITY_MULTIPLIER":1.08921036974,"EQUITY_RATIO":0.089210369741},{"SECUCODE":"01472.HK","SECURITY_CODE":"01472","SECURITY_NAME_ABBR":"生兴控股","ORG_CODE":"10950897","STD_REPORT_DATE":"2023-12-31 00:00:00","REPORT_DATE":"2024-03-31 00:00:00","DATE_TYPE_CODE":"001","REPORT_TYPE":"2023年年报","PER_NETCASH_OPERATE":-0.01188396395,"PER_OI":0.10558497195,"BPS":0.2747100334,"BASIC_EPS":-0.00580192,"DILUTED_EPS":-0.00580192,"OPERATE_INCOME":105584971.95,"OPERATE_INCOME_YOY":-64.021796547,"GROSS_PROFIT":3780313.5,"GROSS_PROFIT_YOY":8.093487794505,"HOLDER_PROFIT":-5762031.8,"HOLDER_PROFIT_YOY":24.306299869,"GROSS_PROFIT_RATIO":3.580351853283,"EPS_TTM":-0.01582984275,"OPERATE_INCOME_QOQ":0,"NET_PROFIT_RATIO":-5.4572461342,"ROE_AVG":-2.075726798299,"GROSS_PROFIT_QOQ":0,"ROA":-1.866510438921,"HOLDER_PROFIT_QOQ":0,"ROE_YEARLY":-2.075726798299,"ROIC_YEARLY":-2.178036306316,"TOTAL_ASSETS":291851080.8,"TOTAL_LIABILITIES":17141047.4,"TAX_EBT":24.116523400191,"OCF_SALES":-11.255355502323,"TOTAL_PARENT_EQUITY":274710033.4,"DEBT_ASSET_RATIO":5.8732170369,"OPERATE_PROFIT":-7475411.3,"PRETAX_PROFIT":-7593262.8,"NETCASH_OPERATE":-11883963.95,"NETCASH_INVEST":1511218.85,"NETCASH_FINANCE":-1309058.2,"END_CASH":38313522.65,"DIVI_RATIO":null,"DIVIDEND_RATE":null,"CURRENT_RATIO":17.105018743356,"COMMON_ACS":10000000000,"CURRENTDEBT_DEBT":94.526126507299,"ISSUED_COMMON_SHARES":1000000000,"HK_COMMON_SHARES":1000000000,"PER_SHARES":5000,"TOTAL_MARKET_CAP":49000000,"HKSK_MARKET_CAP":49000000,"PE_TTM":-5.874595372258,"PB_TTM":0.166595835104,"REPORT_DATE_SQ":"2022-12-31 00:00:00","REPORT_TYPE_SQ":"2022年年报","OPERATE_INCOME_SQ":283388600.61,"DPS_HKD":null,"OPERATE_INCOME_QOQ_SQ":0,"NET_PROFIT_RATIO_SQ":-2.593900303,"HOLDER_PROFIT_SQ":-7350817.77,"HOLDER_PROFIT_QOQ_SQ":0,"ROE_AVG_SQ":-2.677764224726,"PE_TTM_SQ":-3.904702620112,"PB_TTM_SQ":0.228124814029,"ROA_SQ":-2.270459688998,"START_DATE":"2023-04-01 00:00:00","FISCAL_YEAR":"3-31","CURRENCY":"HKD","IS_CNY_CODE":0,"DPS_HKD_LY":null,"ORG_TYPE":"一般企业","PREMIUM_INCOME":null,"PREMIUM_INCOME_YOY":null,"NET_INTEREST_INCOME":null,"NET_INTEREST_INCOME_YOY":null,"FEE_COMMISSION_INCOME":null,"FEE_COMMISSION_INCOME_YOY":null,"ACCOUNTS_RECE_TDAYS":6.201261880042,"INVENTORY_TDAYS":null,"CURRENT_ASSETS_TDAYS":0.362893953793,"TOTAL_ASSETS_TDAYS":0.342024235857,"PREMIUM_EXPENSE":null,"LOAN_DEPOSIT":null,"LOAN_EQUITY":null,"LOAN_ASSETS":null,"DEPOSIT_EQUITY":null,"DEPOSIT_ASSETS":null,"EQUITY_MULTIPLIER":1.062396874216,"EQUITY_RATIO":0.062396874216},{"SECUCODE":"01472.HK","SECURITY_CODE":"01472","SECURITY_NAME_ABBR":"生兴控股","ORG_CODE":"10950897","STD_REPORT_DATE":"2023-06-30 00:00:00","REPORT_DATE":"2023-09-30 00:00:00","DATE_TYPE_CODE":"002","REPORT_TYPE":"2023年中报","PER_NETCASH_OPERATE":-0.01323314223,"PER_OI":0.06165647733,"BPS":0.27755187558,"BASIC_EPS":-0.006331647,"DILUTED_EPS":-0.006331647,"OPERATE_INCOME":61656477.33,"OPERATE_INCOME_YOY":-52.6490486258,"GROSS_PROFIT":1238800.5,"GROSS_PROFIT_YOY":-88.562105443348,"HOLDER_PROFIT":-6348164.34,"HOLDER_PROFIT_YOY":-393.6332767402,"GROSS_PROFIT_RATIO":2.009197660401,"EPS_TTM":-0.00735081777,"OPERATE_INCOME_QOQ":0,"NET_PROFIT_RATIO":-10.2960217886,"ROE_AVG":-2.261338563373,"GROSS_PROFIT_QOQ":0,"ROA":-2.017186028406,"HOLDER_PROFIT_QOQ":0,"ROE_YEARLY":-4.522677126747,"ROIC_YEARLY":-4.696984098964,"TOTAL_ASSETS":299867719.55,"TOTAL_LIABILITIES":22315843.97,"TAX_EBT":22.13843556556,"OCF_SALES":-21.462695896772,"TOTAL_PARENT_EQUITY":277551875.58,"DEBT_ASSET_RATIO":7.4418960479,"OPERATE_PROFIT":-8087073.19,"PRETAX_PROFIT":-8153142.55,"NETCASH_OPERATE":-13233142.23,"NETCASH_INVEST":1475549.04,"NETCASH_FINANCE":-663446.49,"END_CASH":38185337.19,"DIVI_RATIO":null,"DIVIDEND_RATE":null,"CURRENT_RATIO":13.73397393708,"COMMON_ACS":10000000000,"CURRENTDEBT_DEBT":93.716846909824,"ISSUED_COMMON_SHARES":1000000000,"HK_COMMON_SHARES":1000000000,"PER_SHARES":5000,"TOTAL_MARKET_CAP":49000000,"HKSK_MARKET_CAP":49000000,"PE_TTM":-5.874595372258,"PB_TTM":0.166595835104,"REPORT_DATE_SQ":"2022-06-30 00:00:00","REPORT_TYPE_SQ":"2022年中报","OPERATE_INCOME_SQ":128340036,"DPS_HKD":null,"OPERATE_INCOME_QOQ_SQ":0,"NET_PROFIT_RATIO_SQ":1.6772980977,"HOLDER_PROFIT_SQ":2130860.64,"HOLDER_PROFIT_QOQ_SQ":0,"ROE_AVG_SQ":0.738652930314,"PE_TTM_SQ":-3.904702620112,"PB_TTM_SQ":0.228124814029,"ROA_SQ":0.639199535522,"START_DATE":"2023-04-01 00:00:00","FISCAL_YEAR":"3-31","CURRENCY":"HKD","IS_CNY_CODE":0,"DPS_HKD_LY":null,"ORG_TYPE":"一般企业","PREMIUM_INCOME":null,"PREMIUM_INCOME_YOY":null,"NET_INTEREST_INCOME":null,"NET_INTEREST_INCOME_YOY":null,"FEE_COMMISSION_INCOME":null,"FEE_COMMISSION_INCOME_YOY":null,"ACCOUNTS_RECE_TDAYS":3.237808404009,"INVENTORY_TDAYS":null,"CURRENT_ASSETS_TDAYS":0.207001723705,"TOTAL_ASSETS_TDAYS":0.19591897432,"PREMIUM_EXPENSE":null,"LOAN_DEPOSIT":null,"LOAN_EQUITY":null,"LOAN_ASSETS":null,"DEPOSIT_EQUITY":null,"DEPOSIT_ASSETS":null,"EQUITY_MULTIPLIER":1.080402425397,"EQUITY_RATIO":0.080402425397},{"SECUCODE":"01472.HK","SECURITY_CODE":"01472","SECURITY_NAME_ABBR":"生兴控股","ORG_CODE":"10950897","STD_REPORT_DATE":"2022-12-31 00:00:00","REPORT_DATE":"2023-03-31 00:00:00","DATE_TYPE_CODE":"001","REPORT_TYPE":"2022年年报","PER_NETCASH_OPERATE":0.00018471151,"PER_OI":0.28338860061,"BPS":0.27083784744,"BASIC_EPS":-0.007353444,"DILUTED_EPS":-0.007353444,"OPERATE_INCOME":283388600.61,"OPERATE_INCOME_YOY":-24.1800168634,"GROSS_PROFIT":3497262.95,"GROSS_PROFIT_YOY":-86.557881545812,"HOLDER_PROFIT":-7350817.77,"HOLDER_PROFIT_YOY":-170.121085595,"GROSS_PROFIT_RATIO":1.234087377711,"EPS_TTM":0.00478918637,"OPERATE_INCOME_QOQ":0,"NET_PROFIT_RATIO":-2.593900303,"ROE_AVG":-2.677764224726,"GROSS_PROFIT_QOQ":0,"ROA":-2.270459688998,"HOLDER_PROFIT_QOQ":0,"ROE_YEARLY":-2.677764224726,"ROIC_YEARLY":-2.661164960853,"TOTAL_ASSETS":314378114.61,"TOTAL_LIABILITIES":43540267.17,"TAX_EBT":18.444055944056,"OCF_SALES":0.065179583654,"TOTAL_PARENT_EQUITY":270837847.44,"DEBT_ASSET_RATIO":13.849649561,"OPERATE_PROFIT":-8915175.44,"PRETAX_PROFIT":-9013221.36,"NETCASH_OPERATE":184711.51,"NETCASH_INVEST":2404751.27,"NETCASH_FINANCE":-1100390.37,"END_CASH":48277986.09,"DIVI_RATIO":null,"DIVIDEND_RATE":null,"CURRENT_RATIO":7.333275162515,"COMMON_ACS":10000000000,"CURRENTDEBT_DEBT":92.16880792971,"ISSUED_COMMON_SHARES":1000000000,"HK_COMMON_SHARES":1000000000,"PER_SHARES":5000,"TOTAL_MARKET_CAP":53000000,"HKSK_MARKET_CAP":53000000,"PE_TTM":-6.354154178156,"PB_TTM":0.180195495113,"REPORT_DATE_SQ":"2021-12-31 00:00:00","REPORT_TYPE_SQ":"2021年年报","OPERATE_INCOME_SQ":346268829.6,"DPS_HKD":null,"OPERATE_INCOME_QOQ_SQ":0,"NET_PROFIT_RATIO_SQ":2.8047123852,"HOLDER_PROFIT_SQ":9711844.75,"HOLDER_PROFIT_QOQ_SQ":0,"ROE_AVG_SQ":3.840683016163,"PE_TTM_SQ":-3.904702620112,"PB_TTM_SQ":0.228124814029,"ROA_SQ":3.218290100298,"START_DATE":"2022-04-01 00:00:00","FISCAL_YEAR":"3-31","CURRENCY":"HKD","IS_CNY_CODE":0,"DPS_HKD_LY":null,"ORG_TYPE":"一般企业","PREMIUM_INCOME":null,"PREMIUM_INCOME_YOY":null,"NET_INTEREST_INCOME":null,"NET_INTEREST_INCOME_YOY":null,"FEE_COMMISSION_INCOME":null,"FEE_COMMISSION_INCOME_YOY":null,"ACCOUNTS_RECE_TDAYS":10.671006872909,"INVENTORY_TDAYS":null,"CURRENT_ASSETS_TDAYS":0.941175273438,"TOTAL_ASSETS_TDAYS":0.875307229942,"PREMIUM_EXPENSE":null,"LOAN_DEPOSIT":null,"LOAN_EQUITY":null,"LOAN_ASSETS":null,"DEPOSIT_EQUITY":null,"DEPOSIT_ASSETS":null,"EQUITY_MULTIPLIER":1.160761383911,"EQUITY_RATIO":0.160761383911},{"SECUCODE":"01472.HK","SECURITY_CODE":"01472","SECURITY_NAME_ABBR":"生兴控股","ORG_CODE":"10950897","STD_REPORT_DATE":"2022-06-30 00:00:00","REPORT_DATE":"2022-09-30 00:00:00","DATE_TYPE_CODE":"002","REPORT_TYPE":"2022年中报","PER_NETCASH_OPERATE":-0.02390977584,"PER_OI":0.128340036,"BPS":0.28954470828,"BASIC_EPS":0.002170656,"DILUTED_EPS":0.002170656,"OPERATE_INCOME":128340036,"OPERATE_INCOME_YOY":-11.0294723107,"GROSS_PROFIT":10830669,"GROSS_PROFIT_YOY":-32.710174680269,"HOLDER_PROFIT":2130860.64,"HOLDER_PROFIT_YOY":-72.1743238455,"GROSS_PROFIT_RATIO":7.502990089987,"EPS_TTM":0.00971184475,"OPERATE_INCOME_QOQ":0,"NET_PROFIT_RATIO":1.6772980977,"ROE_AVG":0.738652930314,"GROSS_PROFIT_QOQ":0,"ROA":0.639199535522,"HOLDER_PROFIT_QOQ":0,"ROE_YEARLY":1.477305860628,"ROIC_YEARLY":1.439044464703,"TOTAL_ASSETS":322540488.36,"TOTAL_LIABILITIES":32995780.08,"TAX_EBT":16.660771135479,"OCF_SALES":-18.820480692562,"TOTAL_PARENT_EQUITY":289544708.28,"DEBT_ASSET_RATIO":10.2299653131,"OPERATE_PROFIT":2593933.92,"PRETAX_PROFIT":2556851.88,"NETCASH_OPERATE":-24021926.4,"NETCASH_INVEST":2197789.2,"NETCASH_FINANCE":-427800.12,"END_CASH":26088571.8,"DIVI_RATIO":null,"DIVIDEND_RATE":null,"CURRENT_RATIO":10.629383158434,"COMMON_ACS":10000000000,"CURRENTDEBT_DEBT":85.675127460117,"ISSUED_COMMON_SHARES":1000000000,"HK_COMMON_SHARES":1000000000,"PER_SHARES":5000,"TOTAL_MARKET_CAP":53000000,"HKSK_MARKET_CAP":53000000,"PE_TTM":-6.354154178156,"PB_TTM":0.180195495113,"REPORT_DATE_SQ":"2021-06-30 00:00:00","REPORT_TYPE_SQ":"2021年中报","OPERATE_INCOME_SQ":131521013.62,"DPS_HKD":null,"OPERATE_INCOME_QOQ_SQ":0,"NET_PROFIT_RATIO_SQ":5.363035781,"HOLDER_PROFIT_SQ":7053519.02,"HOLDER_PROFIT_QOQ_SQ":0,"ROE_AVG_SQ":2.730942347669,"PE_TTM_SQ":-3.904702620112,"PB_TTM_SQ":0.228124814029,"ROA_SQ":2.255211530958,"START_DATE":"2022-04-01 00:00:00","FISCAL_YEAR":"3-31","CURRENCY":"HKD","IS_CNY_CODE":0,"DPS_HKD_LY":null,"ORG_TYPE":"一般企业","PREMIUM_INCOME":null,"PREMIUM_INCOME_YOY":null,"NET_INTEREST_INCOME":null,"NET_INTEREST_INCOME_YOY":null,"FEE_COMMISSION_INCOME":null,"FEE_COMMISSION_INCOME_YOY":null,"ACCOUNTS_RECE_TDAYS":3.239689044646,"INVENTORY_TDAYS":null,"CURRENT_ASSETS_TDAYS":0.410732665856,"TOTAL_ASSETS_TDAYS":0.381088809667,"PREMIUM_EXPENSE":null,"LOAN_DEPOSIT":null,"LOAN_EQUITY":null,"LOAN_ASSETS":null,"DEPOSIT_EQUITY":null,"DEPOSIT_ASSETS":null,"EQUITY_MULTIPLIER":1.113957461961,"EQUITY_RATIO":0.113957461962},{"SECUCODE":"01472.HK","SECURITY_CODE":"01472","SECURITY_NAME_ABBR":"生兴控股","ORG_CODE":"10950897","STD_REPORT_DATE":"2021-12-31 00:00:00","REPORT_DATE":"2022-03-31 00:00:00","DATE_TYPE_CODE":"001","REPORT_TYPE":"2021年年报","PER_NETCASH_OPERATE":-0.03961621648,"PER_OI":0.3462688296,"BPS":0.25772356881,"BASIC_EPS":0.00973212,"DILUTED_EPS":0.00973212,"OPERATE_INCOME":346268829.6,"OPERATE_INCOME_YOY":9.4126781966,"GROSS_PROFIT":26017200.8,"GROSS_PROFIT_YOY":-21.912104173277,"HOLDER_PROFIT":9711844.75,"HOLDER_PROFIT_YOY":-54.6813502876,"GROSS_PROFIT_RATIO":7.513584410718,"EPS_TTM":0.01210389038,"OPERATE_INCOME_QOQ":0,"NET_PROFIT_RATIO":2.8047123852,"ROE_AVG":3.840683016163,"GROSS_PROFIT_QOQ":0,"ROA":3.218290100298,"HOLDER_PROFIT_QOQ":0,"ROE_YEARLY":3.840683016163,"ROIC_YEARLY":3.889066607776,"TOTAL_ASSETS":308632288.53,"TOTAL_LIABILITIES":50908719.72,"TAX_EBT":9.444948578342,"OCF_SALES":-11.440884391981,"TOTAL_PARENT_EQUITY":257723568.81,"DEBT_ASSET_RATIO":16.4949428857,"OPERATE_PROFIT":10770212.8,"PRETAX_PROFIT":10724796.24,"NETCASH_OPERATE":-39616216.48,"NETCASH_INVEST":23008353.7,"NETCASH_FINANCE":-795600.81,"END_CASH":43346862.48,"DIVI_RATIO":null,"DIVIDEND_RATE":null,"CURRENT_RATIO":6.139784946237,"COMMON_ACS":10000000000,"CURRENTDEBT_DEBT":91.263620722615,"ISSUED_COMMON_SHARES":1000000000,"HK_COMMON_SHARES":1000000000,"PER_SHARES":5000,"TOTAL_MARKET_CAP":53000000,"HKSK_MARKET_CAP":53000000,"PE_TTM":-6.354154178156,"PB_TTM":0.180195495113,"REPORT_DATE_SQ":"2020-12-31 00:00:00","REPORT_TYPE_SQ":"2020年年报","OPERATE_INCOME_SQ":329813746.22,"DPS_HKD":null,"OPERATE_INCOME_QOQ_SQ":0,"NET_PROFIT_RATIO_SQ":6.7714085832,"HOLDER_PROFIT_SQ":22333036.32,"HOLDER_PROFIT_QOQ_SQ":0,"ROE_AVG_SQ":8.879211274421,"PE_TTM_SQ":-3.904702620112,"PB_TTM_SQ":0.228124814029,"ROA_SQ":7.222030143722,"START_DATE":"2021-04-01 00:00:00","FISCAL_YEAR":"3-31","CURRENCY":"HKD","IS_CNY_CODE":0,"DPS_HKD_LY":null,"ORG_TYPE":"一般企业","PREMIUM_INCOME":null,"PREMIUM_INCOME_YOY":null,"NET_INTEREST_INCOME":null,"NET_INTEREST_INCOME_YOY":null,"FEE_COMMISSION_INCOME":null,"FEE_COMMISSION_INCOME_YOY":null,"ACCOUNTS_RECE_TDAYS":17.992414664981,"INVENTORY_TDAYS":null,"CURRENT_ASSETS_TDAYS":1.309755525186,"TOTAL_ASSETS_TDAYS":1.14745815551,"PREMIUM_EXPENSE":null,"LOAN_DEPOSIT":null,"LOAN_EQUITY":null,"LOAN_ASSETS":null,"DEPOSIT_EQUITY":null,"DEPOSIT_ASSETS":null,"EQUITY_MULTIPLIER":1.197532262784,"EQUITY_RATIO":0.197532262785},{"SECUCODE":"01472.HK","SECURITY_CODE":"01472","SECURITY_NAME_ABBR":"生兴控股","ORG_CODE":"10950897","STD_REPORT_DATE":"2021-06-30 00:00:00","REPORT_DATE":"2021-09-30 00:00:00","DATE_TYPE_CODE":"002","REPORT_TYPE":"2021年中报","PER_NETCASH_OPERATE":-0.01772834986,"PER_OI":0.13152101362,"BPS":0.26180826538,"BASIC_EPS":0.00708101,"DILUTED_EPS":0.00708101,"OPERATE_INCOME":131521013.62,"OPERATE_INCOME_YOY":-33.2144639881,"GROSS_PROFIT":16095552.26,"GROSS_PROFIT_YOY":-25.346253393055,"HOLDER_PROFIT":7053519.02,"HOLDER_PROFIT_YOY":-56.9503762457,"GROSS_PROFIT_RATIO":12.238008069573,"EPS_TTM":0.02233303632,"OPERATE_INCOME_QOQ":0,"NET_PROFIT_RATIO":5.363035781,"ROE_AVG":2.730942347669,"GROSS_PROFIT_QOQ":0,"ROA":2.255211530958,"HOLDER_PROFIT_QOQ":0,"ROE_YEARLY":5.461884695337,"ROIC_YEARLY":5.442863433433,"TOTAL_ASSETS":322604151.12,"TOTAL_LIABILITIES":60795885.74,"TAX_EBT":13.804336760664,"OCF_SALES":-13.479480861684,"TOTAL_PARENT_EQUITY":261808265.38,"DEBT_ASSET_RATIO":18.8453513474,"OPERATE_PROFIT":8204807.94,"PRETAX_PROFIT":8183148.38,"NETCASH_OPERATE":-17728349.86,"NETCASH_INVEST":471511.96,"NETCASH_FINANCE":-384873.72,"END_CASH":44760313.8,"DIVI_RATIO":null,"DIVIDEND_RATE":null,"CURRENT_RATIO":4.971765530482,"COMMON_ACS":10000000000,"CURRENTDEBT_DEBT":89.928609600022,"ISSUED_COMMON_SHARES":1000000000,"HK_COMMON_SHARES":1000000000,"PER_SHARES":5000,"TOTAL_MARKET_CAP":53000000,"HKSK_MARKET_CAP":53000000,"PE_TTM":-6.354154178156,"PB_TTM":0.180195495113,"REPORT_DATE_SQ":"2020-06-30 00:00:00","REPORT_TYPE_SQ":"2020年中报","OPERATE_INCOME_SQ":207724135.68,"DPS_HKD":null,"OPERATE_INCOME_QOQ_SQ":0,"NET_PROFIT_RATIO_SQ":8.320008122,"HOLDER_PROFIT_SQ":17282664.96,"HOLDER_PROFIT_QOQ_SQ":0,"ROE_AVG_SQ":6.684884574598,"PE_TTM_SQ":-3.904702620112,"PB_TTM_SQ":0.228124814029,"ROA_SQ":5.419615104821,"START_DATE":"2021-04-01 00:00:00","FISCAL_YEAR":"3-31","CURRENCY":"HKD","IS_CNY_CODE":0,"DPS_HKD_LY":null,"ORG_TYPE":"一般企业","PREMIUM_INCOME":null,"PREMIUM_INCOME_YOY":null,"NET_INTEREST_INCOME":null,"NET_INTEREST_INCOME_YOY":null,"FEE_COMMISSION_INCOME":null,"FEE_COMMISSION_INCOME_YOY":null,"ACCOUNTS_RECE_TDAYS":7.257544762912,"INVENTORY_TDAYS":null,"CURRENT_ASSETS_TDAYS":0.50397669686,"TOTAL_ASSETS_TDAYS":0.420510252596,"PREMIUM_EXPENSE":null,"LOAN_DEPOSIT":null,"LOAN_EQUITY":null,"LOAN_ASSETS":null,"DEPOSIT_EQUITY":null,"DEPOSIT_ASSETS":null,"EQUITY_MULTIPLIER":1.232215303255,"EQUITY_RATIO":0.232215303255},{"SECUCODE":"01472.HK","SECURITY_CODE":"01472","SECURITY_NAME_ABBR":"生兴控股","ORG_CODE":"10950897","STD_REPORT_DATE":"2020-12-31 00:00:00","REPORT_DATE":"2021-03-31 00:00:00","DATE_TYPE_CODE":"001","REPORT_TYPE":"2020年年报","PER_NETCASH_OPERATE":-0.03128771842,"PER_OI":0.32981374622,"BPS":0.25846111508,"BASIC_EPS":0.022312752,"DILUTED_EPS":0.022312752,"OPERATE_INCOME":329813746.22,"OPERATE_INCOME_YOY":-24.3096826751,"GROSS_PROFIT":33317840.78,"GROSS_PROFIT_YOY":-52.804384268426,"HOLDER_PROFIT":22333036.32,"HOLDER_PROFIT_YOY":-44.9843847595,"GROSS_PROFIT_RATIO":10.102017020775,"EPS_TTM":0.03925785306,"OPERATE_INCOME_QOQ":0,"NET_PROFIT_RATIO":6.7714085832,"ROE_AVG":8.879211274421,"GROSS_PROFIT_QOQ":0,"ROA":7.222030143722,"HOLDER_PROFIT_QOQ":0,"ROE_YEARLY":8.879211274421,"ROIC_YEARLY":10.904588973259,"TOTAL_ASSETS":307333648.58,"TOTAL_LIABILITIES":48872533.5,"TAX_EBT":21.671854157403,"OCF_SALES":-9.486481014994,"TOTAL_PARENT_EQUITY":258461115.08,"DEBT_ASSET_RATIO":15.9021095561,"OPERATE_PROFIT":28561167.74,"PRETAX_PROFIT":28512147.3,"NETCASH_OPERATE":-31287718.42,"NETCASH_INVEST":-41522003.04,"NETCASH_FINANCE":-9432208.8,"END_CASH":63309898.26,"DIVI_RATIO":null,"DIVIDEND_RATE":null,"CURRENT_RATIO":6.035319422667,"COMMON_ACS":10000000000,"CURRENTDEBT_DEBT":86.028534370947,"ISSUED_COMMON_SHARES":1000000000,"HK_COMMON_SHARES":1000000000,"PER_SHARES":5000,"TOTAL_MARKET_CAP":53000000,"HKSK_MARKET_CAP":53000000,"PE_TTM":-6.354154178156,"PB_TTM":0.180195495113,"REPORT_DATE_SQ":"2019-12-31 00:00:00","REPORT_TYPE_SQ":"2019年年报","OPERATE_INCOME_SQ":471067172,"DPS_HKD":null,"OPERATE_INCOME_QOQ_SQ":0,"NET_PROFIT_RATIO_SQ":9.316083482,"HOLDER_PROFIT_SQ":43885011,"HOLDER_PROFIT_QOQ_SQ":0,"ROE_AVG_SQ":21.893767592392,"PE_TTM_SQ":-3.904702620112,"PB_TTM_SQ":0.228124814029,"ROA_SQ":16.380555465557,"START_DATE":"2020-04-01 00:00:00","FISCAL_YEAR":"3-31","CURRENCY":"HKD","IS_CNY_CODE":0,"DPS_HKD_LY":0.01,"ORG_TYPE":"一般企业","PREMIUM_INCOME":null,"PREMIUM_INCOME_YOY":null,"NET_INTEREST_INCOME":null,"NET_INTEREST_INCOME_YOY":null,"FEE_COMMISSION_INCOME":null,"FEE_COMMISSION_INCOME_YOY":null,"ACCOUNTS_RECE_TDAYS":14.996406817439,"INVENTORY_TDAYS":null,"CURRENT_ASSETS_TDAYS":1.221928574784,"TOTAL_ASSETS_TDAYS":1.066547684285,"PREMIUM_EXPENSE":null,"LOAN_DEPOSIT":null,"LOAN_EQUITY":null,"LOAN_ASSETS":null,"DEPOSIT_EQUITY":null,"DEPOSIT_ASSETS":null,"EQUITY_MULTIPLIER":1.189090469121,"EQUITY_RATIO":0.189090469121},{"SECUCODE":"01472.HK","SECURITY_CODE":"01472","SECURITY_NAME_ABBR":"生兴控股","ORG_CODE":"10950897","STD_REPORT_DATE":"2020-06-30 00:00:00","REPORT_DATE":"2020-09-30 00:00:00","DATE_TYPE_CODE":"002","REPORT_TYPE":"2020年中报","PER_NETCASH_OPERATE":-0.03962675712,"PER_OI":0.20772413568,"BPS":0.262781216,"BASIC_EPS":0.017310784,"DILUTED_EPS":0.017310784,"OPERATE_INCOME":207724135.68,"OPERATE_INCOME_YOY":-13.1421726766,"GROSS_PROFIT":21560273.92,"GROSS_PROFIT_YOY":-27.431909311767,"HOLDER_PROFIT":17282664.96,"HOLDER_PROFIT_YOY":-19.0284067517,"GROSS_PROFIT_RATIO":10.379282046076,"EPS_TTM":0.043885011,"OPERATE_INCOME_QOQ":0,"NET_PROFIT_RATIO":8.320008122,"ROE_AVG":6.684884574598,"GROSS_PROFIT_QOQ":0,"ROA":5.419615104821,"HOLDER_PROFIT_QOQ":0,"ROE_YEARLY":13.369769149197,"ROIC_YEARLY":17.534842564876,"TOTAL_ASSETS":314298812.16,"TOTAL_LIABILITIES":51517596.16,"TAX_EBT":17.124557559414,"OCF_SALES":-19.076626310312,"TOTAL_PARENT_EQUITY":262781216,"DEBT_ASSET_RATIO":16.3912793071,"OPERATE_PROFIT":20881902.08,"PRETAX_PROFIT":20853783.04,"NETCASH_OPERATE":-39626757.12,"NETCASH_INVEST":-10353957.76,"NETCASH_FINANCE":-9140445.44,"END_CASH":92206725.76,"DIVI_RATIO":null,"DIVIDEND_RATE":null,"CURRENT_RATIO":5.741121326843,"COMMON_ACS":10000000000,"CURRENTDEBT_DEBT":94.613495258238,"ISSUED_COMMON_SHARES":1000000000,"HK_COMMON_SHARES":1000000000,"PER_SHARES":5000,"TOTAL_MARKET_CAP":53000000,"HKSK_MARKET_CAP":53000000,"PE_TTM":-6.354154178156,"PB_TTM":0.180195495113,"REPORT_DATE_SQ":"2019-06-30 00:00:00","REPORT_TYPE_SQ":"2019年中报","OPERATE_INCOME_SQ":245492845.62,"DPS_HKD":null,"OPERATE_INCOME_QOQ_SQ":0,"NET_PROFIT_RATIO_SQ":8.9248315342,"HOLDER_PROFIT_SQ":21909822.9,"HOLDER_PROFIT_QOQ_SQ":0,"ROE_AVG_SQ":null,"PE_TTM_SQ":-3.904702620112,"PB_TTM_SQ":0.228124814029,"ROA_SQ":null,"START_DATE":"2020-04-01 00:00:00","FISCAL_YEAR":"3-31","CURRENCY":"HKD","IS_CNY_CODE":0,"DPS_HKD_LY":0.01,"ORG_TYPE":"一般企业","PREMIUM_INCOME":null,"PREMIUM_INCOME_YOY":null,"NET_INTEREST_INCOME":null,"NET_INTEREST_INCOME_YOY":null,"FEE_COMMISSION_INCOME":null,"FEE_COMMISSION_INCOME_YOY":null,"ACCOUNTS_RECE_TDAYS":7.715712513872,"INVENTORY_TDAYS":null,"CURRENT_ASSETS_TDAYS":0.71968544929,"TOTAL_ASSETS_TDAYS":0.651395410356,"PREMIUM_EXPENSE":null,"LOAN_DEPOSIT":null,"LOAN_EQUITY":null,"LOAN_ASSETS":null,"DEPOSIT_EQUITY":null,"DEPOSIT_ASSETS":null,"EQUITY_MULTIPLIER":1.196047483699,"EQUITY_RATIO":0.196047483698}],"count":15},"success":true,"message":"ok","code":0}