{"version":"86da2486a220d1ab042a0b03681ad092","result":{"pages":2,"data":[{"SECUCODE":"01473.HK","SECURITY_CODE":"01473","SECURITY_NAME_ABBR":"环联连讯","ORG_CODE":"10000040005","STD_REPORT_DATE":"2024-06-30 00:00:00","REPORT_DATE":"2024-09-30 00:00:00","DATE_TYPE_CODE":"002","REPORT_TYPE":"2024年中报","PER_NETCASH_OPERATE":0.029026886958,"PER_OI":0.946056489188,"BPS":0.212162548448,"BASIC_EPS":0.013256313,"DILUTED_EPS":0.013256313,"OPERATE_INCOME":920512963.98,"OPERATE_INCOME_YOY":70.056426583,"GROSS_PROFIT":88052579.18,"GROSS_PROFIT_YOY":76.280481920953,"HOLDER_PROFIT":13150803.57,"HOLDER_PROFIT_YOY":204.1419695779,"GROSS_PROFIT_RATIO":9.565599032879,"EPS_TTM":-0.026659858844,"OPERATE_INCOME_QOQ":0,"NET_PROFIT_RATIO":1.4286386053,"ROE_AVG":6.523402028191,"GROSS_PROFIT_QOQ":0,"ROA":1.789530455334,"HOLDER_PROFIT_QOQ":0,"ROE_YEARLY":13.046804056381,"ROIC_YEARLY":3.863371290168,"TOTAL_ASSETS":705140261.86,"TOTAL_LIABILITIES":498706102.22,"TAX_EBT":14.131778837661,"OCF_SALES":3.068198071637,"TOTAL_PARENT_EQUITY":206434159.64,"DEBT_ASSET_RATIO":70.7243833879,"OPERATE_PROFIT":29024111.15,"PRETAX_PROFIT":15315099.57,"NETCASH_OPERATE":28243161.01,"NETCASH_INVEST":2084036.69,"NETCASH_FINANCE":-37916662.34,"END_CASH":50355051.81,"DIVI_RATIO":null,"DIVIDEND_RATE":null,"CURRENT_RATIO":1.268960761276,"COMMON_ACS":5000000000,"CURRENTDEBT_DEBT":99.116484454394,"ISSUED_COMMON_SHARES":973000000,"HK_COMMON_SHARES":973000000,"PER_SHARES":4000,"TOTAL_MARKET_CAP":152761000,"HKSK_MARKET_CAP":152761000,"PE_TTM":-226.312592592593,"PB_TTM":0.667323384997,"REPORT_DATE_SQ":"2023-06-30 00:00:00","REPORT_TYPE_SQ":"2023年中报","OPERATE_INCOME_SQ":550806489.87,"DPS_HKD":null,"OPERATE_INCOME_QOQ_SQ":0,"NET_PROFIT_RATIO_SQ":-2.3328651943,"HOLDER_PROFIT_SQ":-12849572.89,"HOLDER_PROFIT_QOQ_SQ":0,"ROE_AVG_SQ":-5.804857624912,"PE_TTM_SQ":-4.489201650085,"PB_TTM_SQ":0.949082980634,"ROA_SQ":-1.891274986494,"START_DATE":"2024-04-01 00:00:00","FISCAL_YEAR":"3-31","CURRENCY":"HKD","IS_CNY_CODE":0,"DPS_HKD_LY":null,"ORG_TYPE":"一般企业","PREMIUM_INCOME":null,"PREMIUM_INCOME_YOY":null,"NET_INTEREST_INCOME":null,"NET_INTEREST_INCOME_YOY":null,"FEE_COMMISSION_INCOME":null,"FEE_COMMISSION_INCOME_YOY":null,"ACCOUNTS_RECE_TDAYS":3.147488514076,"INVENTORY_TDAYS":4.51029586724,"CURRENT_ASSETS_TDAYS":1.402565603436,"TOTAL_ASSETS_TDAYS":1.252612416271,"PREMIUM_EXPENSE":null,"LOAN_DEPOSIT":null,"LOAN_EQUITY":null,"LOAN_ASSETS":null,"DEPOSIT_EQUITY":null,"DEPOSIT_ASSETS":null,"EQUITY_MULTIPLIER":3.415811913545,"EQUITY_RATIO":2.41581191354},{"SECUCODE":"01473.HK","SECURITY_CODE":"01473","SECURITY_NAME_ABBR":"环联连讯","ORG_CODE":"10000040005","STD_REPORT_DATE":"2023-12-31 00:00:00","REPORT_DATE":"2024-03-31 00:00:00","DATE_TYPE_CODE":"001","REPORT_TYPE":"2023年年报","PER_NETCASH_OPERATE":0.09018631365,"PER_OI":1.25467517205,"BPS":0.203281492395,"BASIC_EPS":-0.026561915,"DILUTED_EPS":-0.026561915,"OPERATE_INCOME":1254675172.05,"OPERATE_INCOME_YOY":15.4781164868,"GROSS_PROFIT":106134341.25,"GROSS_PROFIT_YOY":-5.921020721254,"HOLDER_PROFIT":-26526559.55,"HOLDER_PROFIT_YOY":6.8061659978,"GROSS_PROFIT_RATIO":8.459109067775,"EPS_TTM":-0.04399958251,"OPERATE_INCOME_QOQ":0,"NET_PROFIT_RATIO":-2.1142173003,"ROE_AVG":-12.538726887065,"GROSS_PROFIT_QOQ":0,"ROA":-3.736831821496,"HOLDER_PROFIT_QOQ":0,"ROE_YEARLY":-12.538726887065,"ROIC_YEARLY":-4.07206444942,"TOTAL_ASSETS":768644707.45,"TOTAL_LIABILITIES":570851815.35,"TAX_EBT":11.24692893324,"OCF_SALES":7.188020904458,"TOTAL_PARENT_EQUITY":197792892.1,"DEBT_ASSET_RATIO":74.2673188037,"OPERATE_PROFIT":-3973408.65,"PRETAX_PROFIT":-29888046.95,"NETCASH_OPERATE":90186313.65,"NETCASH_INVEST":13969935.5,"NETCASH_FINANCE":-104847040.25,"END_CASH":58110761.55,"DIVI_RATIO":null,"DIVIDEND_RATE":null,"CURRENT_RATIO":1.21592010828,"COMMON_ACS":5000000000,"CURRENTDEBT_DEBT":99.261390795891,"ISSUED_COMMON_SHARES":973000000,"HK_COMMON_SHARES":973000000,"PER_SHARES":4000,"TOTAL_MARKET_CAP":165410000,"HKSK_MARKET_CAP":165410000,"PE_TTM":-245.051851851852,"PB_TTM":0.722579461462,"REPORT_DATE_SQ":"2022-12-31 00:00:00","REPORT_TYPE_SQ":"2022年年报","OPERATE_INCOME_SQ":1049183262.05,"DPS_HKD":null,"OPERATE_INCOME_QOQ_SQ":0,"NET_PROFIT_RATIO_SQ":-2.6197637891,"HOLDER_PROFIT_SQ":-27486123.18,"HOLDER_PROFIT_QOQ_SQ":0,"ROE_AVG_SQ":-12.003738982332,"PE_TTM_SQ":-4.14543395616,"PB_TTM_SQ":0.87640545509,"ROA_SQ":-4.152356215508,"START_DATE":"2023-04-01 00:00:00","FISCAL_YEAR":"3-31","CURRENCY":"HKD","IS_CNY_CODE":0,"DPS_HKD_LY":null,"ORG_TYPE":"一般企业","PREMIUM_INCOME":null,"PREMIUM_INCOME_YOY":null,"NET_INTEREST_INCOME":null,"NET_INTEREST_INCOME_YOY":null,"FEE_COMMISSION_INCOME":null,"FEE_COMMISSION_INCOME_YOY":null,"ACCOUNTS_RECE_TDAYS":5.813218245968,"INVENTORY_TDAYS":4.924270455994,"CURRENT_ASSETS_TDAYS":1.991046118102,"TOTAL_ASSETS_TDAYS":1.767477648099,"PREMIUM_EXPENSE":null,"LOAN_DEPOSIT":null,"LOAN_EQUITY":null,"LOAN_ASSETS":null,"DEPOSIT_EQUITY":null,"DEPOSIT_ASSETS":null,"EQUITY_MULTIPLIER":3.886108844903,"EQUITY_RATIO":2.886108844909},{"SECUCODE":"01473.HK","SECURITY_CODE":"01473","SECURITY_NAME_ABBR":"环联连讯","ORG_CODE":"10000040005","STD_REPORT_DATE":"2023-06-30 00:00:00","REPORT_DATE":"2023-09-30 00:00:00","DATE_TYPE_CODE":"002","REPORT_TYPE":"2023年中报","PER_NETCASH_OPERATE":0.07305160667,"PER_OI":0.55080648987,"BPS":0.220599006475,"BASIC_EPS":-0.01284682,"DILUTED_EPS":-0.01284682,"OPERATE_INCOME":550806489.87,"OPERATE_INCOME_YOY":-12.0448560991,"GROSS_PROFIT":49950271.42,"GROSS_PROFIT_YOY":-33.407475567326,"HOLDER_PROFIT":-12849572.89,"HOLDER_PROFIT_YOY":-445.6677363614,"GROSS_PROFIT_RATIO":9.068569876834,"EPS_TTM":-0.02748612318,"OPERATE_INCOME_QOQ":0,"NET_PROFIT_RATIO":-2.3328651943,"ROE_AVG":-5.804857624912,"GROSS_PROFIT_QOQ":0,"ROA":-1.891274986494,"HOLDER_PROFIT_QOQ":0,"ROE_YEARLY":-11.609715249825,"ROIC_YEARLY":-4.209880728063,"TOTAL_ASSETS":699778214.59,"TOTAL_LIABILITIES":485135381.29,"TAX_EBT":11.199188280804,"OCF_SALES":13.262662661662,"TOTAL_PARENT_EQUITY":214642833.3,"DEBT_ASSET_RATIO":69.3270197864,"OPERATE_PROFIT":-1297528.82,"PRETAX_PROFIT":-14470107.47,"NETCASH_OPERATE":73051606.67,"NETCASH_INVEST":2784089.42,"NETCASH_FINANCE":-56720545.56,"END_CASH":78442682.92,"DIVI_RATIO":null,"DIVIDEND_RATE":null,"CURRENT_RATIO":1.280776023569,"COMMON_ACS":5000000000,"CURRENTDEBT_DEBT":98.744616339092,"ISSUED_COMMON_SHARES":973000000,"HK_COMMON_SHARES":973000000,"PER_SHARES":4000,"TOTAL_MARKET_CAP":165410000,"HKSK_MARKET_CAP":165410000,"PE_TTM":-245.051851851852,"PB_TTM":0.722579461462,"REPORT_DATE_SQ":"2022-06-30 00:00:00","REPORT_TYPE_SQ":"2022年中报","OPERATE_INCOME_SQ":617234173.56,"DPS_HKD":null,"OPERATE_INCOME_QOQ_SQ":0,"NET_PROFIT_RATIO_SQ":0.5935974703,"HOLDER_PROFIT_SQ":3663886.44,"HOLDER_PROFIT_QOQ_SQ":0,"ROE_AVG_SQ":1.454854963422,"PE_TTM_SQ":-4.14543395616,"PB_TTM_SQ":0.87640545509,"ROA_SQ":0.481074966823,"START_DATE":"2023-04-01 00:00:00","FISCAL_YEAR":"3-31","CURRENCY":"HKD","IS_CNY_CODE":0,"DPS_HKD_LY":null,"ORG_TYPE":"一般企业","PREMIUM_INCOME":null,"PREMIUM_INCOME_YOY":null,"NET_INTEREST_INCOME":null,"NET_INTEREST_INCOME_YOY":null,"FEE_COMMISSION_INCOME":null,"FEE_COMMISSION_INCOME_YOY":null,"ACCOUNTS_RECE_TDAYS":3.572272808427,"INVENTORY_TDAYS":2.047825042959,"CURRENT_ASSETS_TDAYS":0.924275495379,"TOTAL_ASSETS_TDAYS":0.810709076175,"PREMIUM_EXPENSE":null,"LOAN_DEPOSIT":null,"LOAN_EQUITY":null,"LOAN_ASSETS":null,"DEPOSIT_EQUITY":null,"DEPOSIT_ASSETS":null,"EQUITY_MULTIPLIER":3.260198366889,"EQUITY_RATIO":2.260198366893},{"SECUCODE":"01473.HK","SECURITY_CODE":"01473","SECURITY_NAME_ABBR":"环联连讯","ORG_CODE":"10000040005","STD_REPORT_DATE":"2022-12-31 00:00:00","REPORT_DATE":"2023-03-31 00:00:00","DATE_TYPE_CODE":"001","REPORT_TYPE":"2022年年报","PER_NETCASH_OPERATE":-0.01143373001,"PER_OI":1.04918326205,"BPS":0.223619120946,"BASIC_EPS":-0.027487874,"DILUTED_EPS":-0.027487874,"OPERATE_INCOME":1049183262.05,"OPERATE_INCOME_YOY":-2.0662024807,"GROSS_PROFIT":112814086.7,"GROSS_PROFIT_YOY":-10.516943765884,"HOLDER_PROFIT":-27486123.18,"HOLDER_PROFIT_YOY":-940.6425702811,"GROSS_PROFIT_RATIO":10.752562567532,"EPS_TTM":0.00516600981,"OPERATE_INCOME_QOQ":0,"NET_PROFIT_RATIO":-2.6197637891,"ROE_AVG":-12.003738982332,"GROSS_PROFIT_QOQ":0,"ROA":-4.152356215508,"HOLDER_PROFIT_QOQ":0,"ROE_YEARLY":-12.003738982332,"ROIC_YEARLY":-4.882000441585,"TOTAL_ASSETS":628725589.87,"TOTAL_LIABILITIES":411144185.19,"TAX_EBT":8.495322472532,"OCF_SALES":-1.08977434387,"TOTAL_PARENT_EQUITY":217581404.68,"DEBT_ASSET_RATIO":65.393264059,"OPERATE_PROFIT":-5877502.74,"PRETAX_PROFIT":-30037943.33,"NETCASH_OPERATE":-11433730.01,"NETCASH_INVEST":-9351129.62,"NETCASH_FINANCE":-63185342.98,"END_CASH":56750204.07,"DIVI_RATIO":null,"DIVIDEND_RATE":null,"CURRENT_RATIO":1.345200233937,"COMMON_ACS":5000000000,"CURRENTDEBT_DEBT":99.753651053211,"ISSUED_COMMON_SHARES":973000000,"HK_COMMON_SHARES":973000000,"PER_SHARES":4000,"TOTAL_MARKET_CAP":165410000,"HKSK_MARKET_CAP":165410000,"PE_TTM":-245.051851851852,"PB_TTM":0.722579461462,"REPORT_DATE_SQ":"2021-12-31 00:00:00","REPORT_TYPE_SQ":"2021年年报","OPERATE_INCOME_SQ":992506738.91,"DPS_HKD":null,"OPERATE_INCOME_QOQ_SQ":0,"NET_PROFIT_RATIO_SQ":0.3051991721,"HOLDER_PROFIT_SQ":3029122.35,"HOLDER_PROFIT_QOQ_SQ":0,"ROE_AVG_SQ":1.376238061549,"PE_TTM_SQ":-4.14543395616,"PB_TTM_SQ":0.87640545509,"ROA_SQ":0.488461327202,"START_DATE":"2022-04-01 00:00:00","FISCAL_YEAR":"3-31","CURRENCY":"HKD","IS_CNY_CODE":0,"DPS_HKD_LY":null,"ORG_TYPE":"一般企业","PREMIUM_INCOME":null,"PREMIUM_INCOME_YOY":null,"NET_INTEREST_INCOME":null,"NET_INTEREST_INCOME_YOY":null,"FEE_COMMISSION_INCOME":null,"FEE_COMMISSION_INCOME_YOY":null,"ACCOUNTS_RECE_TDAYS":8.748850281042,"INVENTORY_TDAYS":3.638307099671,"CURRENT_ASSETS_TDAYS":1.784712589505,"TOTAL_ASSETS_TDAYS":1.585011684205,"PREMIUM_EXPENSE":null,"LOAN_DEPOSIT":null,"LOAN_EQUITY":null,"LOAN_ASSETS":null,"DEPOSIT_EQUITY":null,"DEPOSIT_ASSETS":null,"EQUITY_MULTIPLIER":2.889610859877,"EQUITY_RATIO":1.889610859874},{"SECUCODE":"01473.HK","SECURITY_CODE":"01473","SECURITY_NAME_ABBR":"环联连讯","ORG_CODE":"10000040005","STD_REPORT_DATE":"2022-06-30 00:00:00","REPORT_DATE":"2022-09-30 00:00:00","DATE_TYPE_CODE":"002","REPORT_TYPE":"2022年中报","PER_NETCASH_OPERATE":-0.06268854528,"PER_OI":0.61723417356,"BPS":0.262413087564,"BASIC_EPS":0.003708204,"DILUTED_EPS":0.003708204,"OPERATE_INCOME":617234173.56,"OPERATE_INCOME_YOY":3.5392591042,"GROSS_PROFIT":75008826.96,"GROSS_PROFIT_YOY":22.333802767817,"HOLDER_PROFIT":3663886.44,"HOLDER_PROFIT_YOY":121.0038188762,"GROSS_PROFIT_RATIO":12.152409923672,"EPS_TTM":0.00302912235,"OPERATE_INCOME_QOQ":0,"NET_PROFIT_RATIO":0.5935974703,"ROE_AVG":1.454854963422,"GROSS_PROFIT_QOQ":0,"ROA":0.481074966823,"HOLDER_PROFIT_QOQ":0,"ROE_YEARLY":2.909709926844,"ROIC_YEARLY":1.156584264915,"TOTAL_ASSETS":805000439.76,"TOTAL_LIABILITIES":549672505.56,"TAX_EBT":21.079290863043,"OCF_SALES":-10.156363332645,"TOTAL_PARENT_EQUITY":255327934.2,"DEBT_ASSET_RATIO":68.2822615257,"OPERATE_PROFIT":13335063.36,"PRETAX_PROFIT":4642490.52,"NETCASH_OPERATE":-62688545.28,"NETCASH_INVEST":9873771.48,"NETCASH_FINANCE":19521432.96,"END_CASH":110276560.32,"DIVI_RATIO":null,"DIVIDEND_RATE":null,"CURRENT_RATIO":1.33815409842,"COMMON_ACS":5000000000,"CURRENTDEBT_DEBT":99.744631418563,"ISSUED_COMMON_SHARES":973000000,"HK_COMMON_SHARES":973000000,"PER_SHARES":4000,"TOTAL_MARKET_CAP":165410000,"HKSK_MARKET_CAP":165410000,"PE_TTM":-245.051851851852,"PB_TTM":0.722579461462,"REPORT_DATE_SQ":"2021-06-30 00:00:00","REPORT_TYPE_SQ":"2021年中报","OPERATE_INCOME_SQ":549087340.26,"DPS_HKD":null,"OPERATE_INCOME_QOQ_SQ":0,"NET_PROFIT_RATIO_SQ":0.2780976482,"HOLDER_PROFIT_SQ":1526998.98,"HOLDER_PROFIT_QOQ_SQ":0,"ROE_AVG_SQ":0.68278836913,"PE_TTM_SQ":-4.14543395616,"PB_TTM_SQ":0.87640545509,"ROA_SQ":0.229736817863,"START_DATE":"2022-04-01 00:00:00","FISCAL_YEAR":"3-31","CURRENCY":"HKD","IS_CNY_CODE":0,"DPS_HKD_LY":null,"ORG_TYPE":"一般企业","PREMIUM_INCOME":null,"PREMIUM_INCOME_YOY":null,"NET_INTEREST_INCOME":null,"NET_INTEREST_INCOME_YOY":null,"FEE_COMMISSION_INCOME":null,"FEE_COMMISSION_INCOME_YOY":null,"ACCOUNTS_RECE_TDAYS":4.088063161552,"INVENTORY_TDAYS":1.774450622226,"CURRENT_ASSETS_TDAYS":0.895581794381,"TOTAL_ASSETS_TDAYS":0.81043971867,"PREMIUM_EXPENSE":null,"LOAN_DEPOSIT":null,"LOAN_EQUITY":null,"LOAN_ASSETS":null,"DEPOSIT_EQUITY":null,"DEPOSIT_ASSETS":null,"EQUITY_MULTIPLIER":3.152809904181,"EQUITY_RATIO":2.152809904182},{"SECUCODE":"01473.HK","SECURITY_CODE":"01473","SECURITY_NAME_ABBR":"环联连讯","ORG_CODE":"10000040005","STD_REPORT_DATE":"2021-12-31 00:00:00","REPORT_DATE":"2022-03-31 00:00:00","DATE_TYPE_CODE":"001","REPORT_TYPE":"2021年年报","PER_NETCASH_OPERATE":-0.02356957262,"PER_OI":0.99250673891,"BPS":0.228874023525,"BASIC_EPS":0.003000737,"DILUTED_EPS":0.003000737,"OPERATE_INCOME":992506738.91,"OPERATE_INCOME_YOY":-21.0092533067,"GROSS_PROFIT":126073126.52,"GROSS_PROFIT_YOY":-24.566647769003,"HOLDER_PROFIT":3029122.35,"HOLDER_PROFIT_YOY":-92.5492230046,"GROSS_PROFIT_RATIO":12.702495769294,"EPS_TTM":0.00916449792,"OPERATE_INCOME_QOQ":0,"NET_PROFIT_RATIO":0.3051991721,"ROE_AVG":1.376238061549,"GROSS_PROFIT_QOQ":0,"ROA":0.488461327202,"HOLDER_PROFIT_QOQ":0,"ROE_YEARLY":1.376238061549,"ROIC_YEARLY":0.611649340696,"TOTAL_ASSETS":644015741.91,"TOTAL_LIABILITIES":421321317.02,"TAX_EBT":63.744903902155,"OCF_SALES":-2.374751897996,"TOTAL_PARENT_EQUITY":222694424.89,"DEBT_ASSET_RATIO":65.4209656072,"OPERATE_PROFIT":20540450.27,"PRETAX_PROFIT":8355025.02,"NETCASH_OPERATE":-23569572.62,"NETCASH_INVEST":-56926413.92,"NETCASH_FINANCE":91944203.7,"END_CASH":130730756.95,"DIVI_RATIO":null,"DIVIDEND_RATE":null,"CURRENT_RATIO":1.379150898862,"COMMON_ACS":5000000000,"CURRENTDEBT_DEBT":99.494515901768,"ISSUED_COMMON_SHARES":973000000,"HK_COMMON_SHARES":973000000,"PER_SHARES":4000,"TOTAL_MARKET_CAP":165410000,"HKSK_MARKET_CAP":165410000,"PE_TTM":-245.051851851852,"PB_TTM":0.722579461462,"REPORT_DATE_SQ":"2020-12-31 00:00:00","REPORT_TYPE_SQ":"2020年年报","OPERATE_INCOME_SQ":1309423851.12,"DPS_HKD":null,"OPERATE_INCOME_QOQ_SQ":0,"NET_PROFIT_RATIO_SQ":3.2356236816,"HOLDER_PROFIT_SQ":42368028.22,"HOLDER_PROFIT_QOQ_SQ":0,"ROE_AVG_SQ":25.724461048191,"PE_TTM_SQ":-4.14543395616,"PB_TTM_SQ":0.87640545509,"ROA_SQ":8.172871167515,"START_DATE":"2021-04-01 00:00:00","FISCAL_YEAR":"3-31","CURRENCY":"HKD","IS_CNY_CODE":0,"DPS_HKD_LY":0.013,"ORG_TYPE":"一般企业","PREMIUM_INCOME":null,"PREMIUM_INCOME_YOY":null,"NET_INTEREST_INCOME":null,"NET_INTEREST_INCOME_YOY":null,"FEE_COMMISSION_INCOME":null,"FEE_COMMISSION_INCOME_YOY":null,"ACCOUNTS_RECE_TDAYS":7.719496002397,"INVENTORY_TDAYS":3.984035352688,"CURRENT_ASSETS_TDAYS":1.762546969673,"TOTAL_ASSETS_TDAYS":1.600467405832,"PREMIUM_EXPENSE":null,"LOAN_DEPOSIT":null,"LOAN_EQUITY":null,"LOAN_ASSETS":null,"DEPOSIT_EQUITY":null,"DEPOSIT_ASSETS":null,"EQUITY_MULTIPLIER":2.891925750848,"EQUITY_RATIO":1.891925750849},{"SECUCODE":"01473.HK","SECURITY_CODE":"01473","SECURITY_NAME_ABBR":"环联连讯","ORG_CODE":"10000040005","STD_REPORT_DATE":"2021-06-30 00:00:00","REPORT_DATE":"2021-09-30 00:00:00","DATE_TYPE_CODE":"002","REPORT_TYPE":"2021年中报","PER_NETCASH_OPERATE":-0.08467971594,"PER_OI":0.54908734026,"BPS":0.230072678582,"BASIC_EPS":0.001499508,"DILUTED_EPS":0.001499508,"OPERATE_INCOME":549087340.26,"OPERATE_INCOME_YOY":-29.1012353912,"GROSS_PROFIT":61314882.12,"GROSS_PROFIT_YOY":-40.424762475894,"HOLDER_PROFIT":1526998.98,"HOLDER_PROFIT_YOY":-95.3623115069,"GROSS_PROFIT_RATIO":11.166690182834,"EPS_TTM":0.04236802822,"OPERATE_INCOME_QOQ":0,"NET_PROFIT_RATIO":0.2780976482,"ROE_AVG":0.68278836913,"GROSS_PROFIT_QOQ":0,"ROA":0.229736817863,"HOLDER_PROFIT_QOQ":0,"ROE_YEARLY":1.365576738261,"ROIC_YEARLY":0.576966659952,"TOTAL_ASSETS":716879786.28,"TOTAL_LIABILITIES":493019070.02,"TAX_EBT":62.002487562189,"OCF_SALES":-15.42190280692,"TOTAL_PARENT_EQUITY":223860716.26,"DEBT_ASSET_RATIO":68.7729071813,"OPERATE_PROFIT":8567189.04,"PRETAX_PROFIT":4018681.44,"NETCASH_OPERATE":-84679715.94,"NETCASH_INVEST":-26796207.96,"NETCASH_FINANCE":137548202.72,"END_CASH":148406306.76,"DIVI_RATIO":null,"DIVIDEND_RATE":null,"CURRENT_RATIO":1.346302561213,"COMMON_ACS":5000000000,"CURRENTDEBT_DEBT":99.243347183335,"ISSUED_COMMON_SHARES":973000000,"HK_COMMON_SHARES":973000000,"PER_SHARES":4000,"TOTAL_MARKET_CAP":165410000,"HKSK_MARKET_CAP":165410000,"PE_TTM":-245.051851851852,"PB_TTM":0.722579461462,"REPORT_DATE_SQ":"2020-06-30 00:00:00","REPORT_TYPE_SQ":"2020年中报","OPERATE_INCOME_SQ":816915228.8,"DPS_HKD":null,"OPERATE_INCOME_QOQ_SQ":0,"NET_PROFIT_RATIO_SQ":4.2514239,"HOLDER_PROFIT_SQ":34730529.28,"HOLDER_PROFIT_QOQ_SQ":0,"ROE_AVG_SQ":null,"PE_TTM_SQ":-4.14543395616,"PB_TTM_SQ":0.87640545509,"ROA_SQ":null,"START_DATE":"2021-04-01 00:00:00","FISCAL_YEAR":"3-31","CURRENCY":"HKD","IS_CNY_CODE":0,"DPS_HKD_LY":0.013,"ORG_TYPE":"一般企业","PREMIUM_INCOME":null,"PREMIUM_INCOME_YOY":null,"NET_INTEREST_INCOME":null,"NET_INTEREST_INCOME_YOY":null,"FEE_COMMISSION_INCOME":null,"FEE_COMMISSION_INCOME_YOY":null,"ACCOUNTS_RECE_TDAYS":3.530129128663,"INVENTORY_TDAYS":2.119736806379,"CURRENT_ASSETS_TDAYS":0.898874090722,"TOTAL_ASSETS_TDAYS":0.82610126092,"PREMIUM_EXPENSE":null,"LOAN_DEPOSIT":null,"LOAN_EQUITY":null,"LOAN_ASSETS":null,"DEPOSIT_EQUITY":null,"DEPOSIT_ASSETS":null,"EQUITY_MULTIPLIER":3.202347416091,"EQUITY_RATIO":2.202347416093},{"SECUCODE":"01473.HK","SECURITY_CODE":"01473","SECURITY_NAME_ABBR":"环联连讯","ORG_CODE":"10000040005","STD_REPORT_DATE":"2020-12-31 00:00:00","REPORT_DATE":"2021-03-31 00:00:00","DATE_TYPE_CODE":"001","REPORT_TYPE":"2020年年报","PER_NETCASH_OPERATE":0.05353201084,"PER_OI":1.30942385112,"BPS":0.232963052518,"BASIC_EPS":0.0549367,"DILUTED_EPS":0.0549367,"OPERATE_INCOME":1309423851.12,"OPERATE_INCOME_YOY":59.5775318118,"GROSS_PROFIT":167131809.46,"GROSS_PROFIT_YOY":10.482839167932,"HOLDER_PROFIT":42368028.22,"HOLDER_PROFIT_YOY":49.8714422387,"GROSS_PROFIT_RATIO":12.763767004629,"EPS_TTM":null,"OPERATE_INCOME_QOQ":0,"NET_PROFIT_RATIO":3.2356236816,"ROE_AVG":25.724461048191,"GROSS_PROFIT_QOQ":0,"ROA":8.172871167515,"HOLDER_PROFIT_QOQ":0,"ROE_YEARLY":25.724461048191,"ROIC_YEARLY":9.577835075676,"TOTAL_ASSETS":621377181.18,"TOTAL_LIABILITIES":394704131.08,"TAX_EBT":21.273655280722,"OCF_SALES":4.088211070404,"TOTAL_PARENT_EQUITY":226673050.1,"DEBT_ASSET_RATIO":63.5208602817,"OPERATE_PROFIT":66913745.78,"PRETAX_PROFIT":53816836.5,"NETCASH_OPERATE":53532010.84,"NETCASH_INVEST":-18874559.76,"NETCASH_FINANCE":61088765.22,"END_CASH":124080030.62,"DIVI_RATIO":null,"DIVIDEND_RATE":null,"CURRENT_RATIO":1.458950213506,"COMMON_ACS":5000000000,"CURRENTDEBT_DEBT":99.188875517659,"ISSUED_COMMON_SHARES":973000000,"HK_COMMON_SHARES":973000000,"PER_SHARES":4000,"TOTAL_MARKET_CAP":165410000,"HKSK_MARKET_CAP":165410000,"PE_TTM":-245.051851851852,"PB_TTM":0.722579461462,"REPORT_DATE_SQ":"2019-12-31 00:00:00","REPORT_TYPE_SQ":"2019年年报","OPERATE_INCOME_SQ":887080264.2,"DPS_HKD":null,"OPERATE_INCOME_QOQ_SQ":0,"NET_PROFIT_RATIO_SQ":3.4451716303,"HOLDER_PROFIT_SQ":30561437.6,"HOLDER_PROFIT_QOQ_SQ":0,"ROE_AVG_SQ":28.97536297169,"PE_TTM_SQ":-4.14543395616,"PB_TTM_SQ":0.87640545509,"ROA_SQ":6.897326790963,"START_DATE":"2020-04-01 00:00:00","FISCAL_YEAR":"3-31","CURRENCY":"HKD","IS_CNY_CODE":0,"DPS_HKD_LY":null,"ORG_TYPE":"一般企业","PREMIUM_INCOME":null,"PREMIUM_INCOME_YOY":null,"NET_INTEREST_INCOME":null,"NET_INTEREST_INCOME_YOY":null,"FEE_COMMISSION_INCOME":null,"FEE_COMMISSION_INCOME_YOY":null,"ACCOUNTS_RECE_TDAYS":7.765912440225,"INVENTORY_TDAYS":7.182798956224,"CURRENT_ASSETS_TDAYS":2.789675590852,"TOTAL_ASSETS_TDAYS":2.525902877355,"PREMIUM_EXPENSE":null,"LOAN_DEPOSIT":null,"LOAN_EQUITY":null,"LOAN_ASSETS":null,"DEPOSIT_EQUITY":null,"DEPOSIT_ASSETS":null,"EQUITY_MULTIPLIER":2.741292716117,"EQUITY_RATIO":1.741292716121},{"SECUCODE":"01473.HK","SECURITY_CODE":"01473","SECURITY_NAME_ABBR":"环联连讯","ORG_CODE":"10000040005","STD_REPORT_DATE":"2020-06-30 00:00:00","REPORT_DATE":"2020-09-30 00:00:00","DATE_TYPE_CODE":"002","REPORT_TYPE":"2020年中报","PER_NETCASH_OPERATE":null,"PER_OI":null,"BPS":null,"BASIC_EPS":0.046308544,"DILUTED_EPS":0.046308544,"OPERATE_INCOME":816915228.8,"OPERATE_INCOME_YOY":116.6016239326,"GROSS_PROFIT":102920080,"GROSS_PROFIT_YOY":46.198756206525,"HOLDER_PROFIT":34730529.28,"HOLDER_PROFIT_YOY":211.9741100324,"GROSS_PROFIT_RATIO":12.598624235612,"EPS_TTM":null,"OPERATE_INCOME_QOQ":0,"NET_PROFIT_RATIO":4.2514239,"ROE_AVG":null,"GROSS_PROFIT_QOQ":0,"ROA":null,"HOLDER_PROFIT_QOQ":0,"ROE_YEARLY":null,"ROIC_YEARLY":null,"TOTAL_ASSETS":null,"TOTAL_LIABILITIES":null,"TAX_EBT":20.208341745064,"OCF_SALES":-0.202330947169,"TOTAL_PARENT_EQUITY":null,"DEBT_ASSET_RATIO":null,"OPERATE_PROFIT":51116899.84,"PRETAX_PROFIT":43526516.48,"NETCASH_OPERATE":-1652872.32,"NETCASH_INVEST":-11040238.08,"NETCASH_FINANCE":33920349.44,"END_CASH":50379653.76,"DIVI_RATIO":null,"DIVIDEND_RATE":null,"CURRENT_RATIO":null,"COMMON_ACS":5000000000,"CURRENTDEBT_DEBT":null,"ISSUED_COMMON_SHARES":973000000,"HK_COMMON_SHARES":973000000,"PER_SHARES":4000,"TOTAL_MARKET_CAP":165410000,"HKSK_MARKET_CAP":165410000,"PE_TTM":-245.051851851852,"PB_TTM":0.722579461462,"REPORT_DATE_SQ":"2019-06-30 00:00:00","REPORT_TYPE_SQ":"2019年中报","OPERATE_INCOME_SQ":387147202.05,"DPS_HKD":null,"OPERATE_INCOME_QOQ_SQ":0,"NET_PROFIT_RATIO_SQ":2.9517363498,"HOLDER_PROFIT_SQ":11427564.69,"HOLDER_PROFIT_QOQ_SQ":0,"ROE_AVG_SQ":11.021984809862,"PE_TTM_SQ":-4.14543395616,"PB_TTM_SQ":0.87640545509,"ROA_SQ":2.576191226634,"START_DATE":"2020-04-01 00:00:00","FISCAL_YEAR":"3-31","CURRENCY":"HKD","IS_CNY_CODE":0,"DPS_HKD_LY":null,"ORG_TYPE":"一般企业","PREMIUM_INCOME":null,"PREMIUM_INCOME_YOY":null,"NET_INTEREST_INCOME":null,"NET_INTEREST_INCOME_YOY":null,"FEE_COMMISSION_INCOME":null,"FEE_COMMISSION_INCOME_YOY":null,"ACCOUNTS_RECE_TDAYS":null,"INVENTORY_TDAYS":null,"CURRENT_ASSETS_TDAYS":4.275157214628,"TOTAL_ASSETS_TDAYS":3.782847353901,"PREMIUM_EXPENSE":null,"LOAN_DEPOSIT":null,"LOAN_EQUITY":null,"LOAN_ASSETS":null,"DEPOSIT_EQUITY":null,"DEPOSIT_ASSETS":null,"EQUITY_MULTIPLIER":null,"EQUITY_RATIO":null}],"count":15},"success":true,"message":"ok","code":0}