{"version":"7fba3bf10c4fb91b3a9ccb48daf5a807","result":{"pages":3,"data":[{"SECUCODE":"01478.HK","SECURITY_CODE":"01478","SECURITY_NAME_ABBR":"丘钛科技","ORG_CODE":"10426966","STD_REPORT_DATE":"2024-06-30 00:00:00","REPORT_DATE":"2024-06-30 00:00:00","DATE_TYPE_CODE":"002","REPORT_TYPE":"2024年中报","PER_NETCASH_OPERATE":0.583575809979,"PER_OI":6.479436643035,"BPS":4.167600381237,"BASIC_EPS":0.097,"DILUTED_EPS":0.097,"OPERATE_INCOME":7675142000,"OPERATE_INCOME_YOY":40.1457452265,"GROSS_PROFIT":400099000,"GROSS_PROFIT_YOY":112.476168728061,"HOLDER_PROFIT":115232000,"HOLDER_PROFIT_YOY":453.9467358908,"GROSS_PROFIT_RATIO":5.212919839138,"EPS_TTM":0.148874016102,"OPERATE_INCOME_QOQ":17.545561140993,"NET_PROFIT_RATIO":1.5013663591,"ROE_AVG":2.359272735016,"GROSS_PROFIT_QOQ":41.621991290267,"ROA":0.800694854602,"HOLDER_PROFIT_QOQ":115.275217598301,"ROE_YEARLY":4.718545470031,"ROIC_YEARLY":2.057435797083,"TOTAL_ASSETS":13840250000,"TOTAL_LIABILITIES":8903567000,"TAX_EBT":8.316094331816,"OCF_SALES":9.006582549222,"TOTAL_PARENT_EQUITY":4936683000,"DEBT_ASSET_RATIO":64.330969455,"OPERATE_PROFIT":220693000,"PRETAX_PROFIT":125684000,"NETCASH_OPERATE":691268000,"NETCASH_INVEST":-1589624000,"NETCASH_FINANCE":-286416000,"END_CASH":1710030000,"DIVI_RATIO":null,"DIVIDEND_RATE":null,"CURRENT_RATIO":1.161208453425,"COMMON_ACS":50000000000,"CURRENTDEBT_DEBT":96.345700549005,"ISSUED_COMMON_SHARES":1184538475,"HK_COMMON_SHARES":1184538475,"PER_SHARES":1000,"TOTAL_MARKET_CAP":9464462415.25,"HKSK_MARKET_CAP":9464462415.25,"PE_TTM":48.763620448488,"PB_TTM":1.749763060976,"REPORT_DATE_SQ":"2023-06-30 00:00:00","REPORT_TYPE_SQ":"2023年中报","OPERATE_INCOME_SQ":5476543000,"DPS_HKD":null,"OPERATE_INCOME_QOQ_SQ":-11.761203619114,"NET_PROFIT_RATIO_SQ":0.3960892848,"HOLDER_PROFIT_SQ":20802000,"HOLDER_PROFIT_QOQ_SQ":-84.931434814871,"ROE_AVG_SQ":0.43715428991,"PE_TTM_SQ":181.288747622952,"PB_TTM_SQ":0.698288414439,"ROA_SQ":0.161018361798,"START_DATE":"2024-01-01 00:00:00","FISCAL_YEAR":"12-31","CURRENCY":"HKD","IS_CNY_CODE":0,"DPS_HKD_LY":null,"ORG_TYPE":"一般企业","PREMIUM_INCOME":null,"PREMIUM_INCOME_YOY":null,"NET_INTEREST_INCOME":null,"NET_INTEREST_INCOME_YOY":null,"FEE_COMMISSION_INCOME":null,"FEE_COMMISSION_INCOME_YOY":null,"ACCOUNTS_RECE_TDAYS":1.963419422886,"INVENTORY_TDAYS":4.567101307753,"CURRENT_ASSETS_TDAYS":0.728614492316,"TOTAL_ASSETS_TDAYS":0.533310773721,"PREMIUM_EXPENSE":null,"LOAN_DEPOSIT":null,"LOAN_EQUITY":null,"LOAN_ASSETS":null,"DEPOSIT_EQUITY":null,"DEPOSIT_ASSETS":null,"EQUITY_MULTIPLIER":2.803552506812,"EQUITY_RATIO":1.803552506815},{"SECUCODE":"01478.HK","SECURITY_CODE":"01478","SECURITY_NAME_ABBR":"丘钛科技","ORG_CODE":"10426966","STD_REPORT_DATE":"2023-12-31 00:00:00","REPORT_DATE":"2023-12-31 00:00:00","DATE_TYPE_CODE":"001","REPORT_TYPE":"2023年年报","PER_NETCASH_OPERATE":-0.319772643941,"PER_OI":10.578634011867,"BPS":4.079015668951,"BASIC_EPS":0.069,"DILUTED_EPS":0.069,"OPERATE_INCOME":12530799000,"OPERATE_INCOME_YOY":-8.9276533396,"GROSS_PROFIT":508856000,"GROSS_PROFIT_YOY":-6.001012299064,"HOLDER_PROFIT":81917000,"HOLDER_PROFIT_YOY":-52.1375861082,"GROSS_PROFIT_RATIO":4.060842409171,"EPS_TTM":0.069155204098,"OPERATE_INCOME_QOQ":3.211229522361,"NET_PROFIT_RATIO":0.6666055373,"ROE_AVG":1.707634617431,"GROSS_PROFIT_QOQ":43.819792829586,"ROA":0.601706479151,"HOLDER_PROFIT_QOQ":217.630864676231,"ROE_YEARLY":1.707634617431,"ROIC_YEARLY":0.739216392002,"TOTAL_ASSETS":14942750000,"TOTAL_LIABILITIES":10110999000,"TAX_EBT":-22.599914872382,"OCF_SALES":-3.022816023144,"TOTAL_PARENT_EQUITY":4831751000,"DEBT_ASSET_RATIO":67.6649144234,"OPERATE_PROFIT":289038000,"PRETAX_PROFIT":68133000,"NETCASH_OPERATE":-378783000,"NETCASH_INVEST":366724000,"NETCASH_FINANCE":1550685000,"END_CASH":2893084000,"DIVI_RATIO":null,"DIVIDEND_RATE":null,"CURRENT_RATIO":1.148989777253,"COMMON_ACS":50000000000,"CURRENTDEBT_DEBT":95.603629275406,"ISSUED_COMMON_SHARES":1184538475,"HK_COMMON_SHARES":1184538475,"PER_SHARES":1000,"TOTAL_MARKET_CAP":7450747007.75,"HKSK_MARKET_CAP":7450747007.75,"PE_TTM":38.388382055192,"PB_TTM":1.377473048003,"REPORT_DATE_SQ":"2022-12-31 00:00:00","REPORT_TYPE_SQ":"2022年年报","OPERATE_INCOME_SQ":13759170000,"DPS_HKD":null,"OPERATE_INCOME_QOQ_SQ":-16.212832730021,"NET_PROFIT_RATIO_SQ":1.2372112562,"HOLDER_PROFIT_SQ":171151000,"HOLDER_PROFIT_QOQ_SQ":-62.663231514972,"ROE_AVG_SQ":3.617720278826,"PE_TTM_SQ":264.180642095289,"PB_TTM_SQ":1.017571603935,"ROA_SQ":1.351178735705,"START_DATE":"2023-01-01 00:00:00","FISCAL_YEAR":"12-31","CURRENCY":"HKD","IS_CNY_CODE":0,"DPS_HKD_LY":null,"ORG_TYPE":"一般企业","PREMIUM_INCOME":null,"PREMIUM_INCOME_YOY":null,"NET_INTEREST_INCOME":null,"NET_INTEREST_INCOME_YOY":null,"FEE_COMMISSION_INCOME":null,"FEE_COMMISSION_INCOME_YOY":null,"ACCOUNTS_RECE_TDAYS":3.281389775051,"INVENTORY_TDAYS":8.117540134647,"CURRENT_ASSETS_TDAYS":1.27210893228,"TOTAL_ASSETS_TDAYS":0.920427133226,"PREMIUM_EXPENSE":null,"LOAN_DEPOSIT":null,"LOAN_EQUITY":null,"LOAN_ASSETS":null,"DEPOSIT_EQUITY":null,"DEPOSIT_ASSETS":null,"EQUITY_MULTIPLIER":3.09261590674,"EQUITY_RATIO":2.092615906739},{"SECUCODE":"01478.HK","SECURITY_CODE":"01478","SECURITY_NAME_ABBR":"丘钛科技","ORG_CODE":"10426966","STD_REPORT_DATE":"2023-06-30 00:00:00","REPORT_DATE":"2023-06-30 00:00:00","DATE_TYPE_CODE":"002","REPORT_TYPE":"2023年中报","PER_NETCASH_OPERATE":-0.075737514562,"PER_OI":4.623355944601,"BPS":4.013841762295,"BASIC_EPS":0.018,"DILUTED_EPS":0.018,"OPERATE_INCOME":5476543000,"OPERATE_INCOME_YOY":-22.8089158984,"GROSS_PROFIT":188303000,"GROSS_PROFIT_YOY":-49.896761833808,"HOLDER_PROFIT":20802000,"HOLDER_PROFIT_YOY":-87.4809674837,"GROSS_PROFIT_RATIO":3.438355181362,"EPS_TTM":0.021772192752,"OPERATE_INCOME_QOQ":-11.761203619114,"NET_PROFIT_RATIO":0.3960892848,"ROE_AVG":0.43715428991,"GROSS_PROFIT_QOQ":-34.641132592705,"ROA":0.161018361798,"HOLDER_PROFIT_QOQ":-84.931434814871,"ROE_YEARLY":0.87430857982,"ROIC_YEARLY":0.399630281475,"TOTAL_ASSETS":13552571000,"TOTAL_LIABILITIES":8792182000,"TAX_EBT":-164.053560559951,"OCF_SALES":-1.638150198036,"TOTAL_PARENT_EQUITY":4754550000,"DEBT_ASSET_RATIO":64.8746426047,"OPERATE_PROFIT":102754000,"PRETAX_PROFIT":8215000,"NETCASH_OPERATE":-89714000,"NETCASH_INVEST":-163471000,"NETCASH_FINANCE":1505620000,"END_CASH":2616261000,"DIVI_RATIO":null,"DIVIDEND_RATE":null,"CURRENT_RATIO":1.15865214434,"COMMON_ACS":50000000000,"CURRENTDEBT_DEBT":94.562362335084,"ISSUED_COMMON_SHARES":1184538475,"HK_COMMON_SHARES":1184538475,"PER_SHARES":1000,"TOTAL_MARKET_CAP":7450747007.75,"HKSK_MARKET_CAP":7450747007.75,"PE_TTM":38.388382055192,"PB_TTM":1.377473048003,"REPORT_DATE_SQ":"2022-06-30 00:00:00","REPORT_TYPE_SQ":"2022年中报","OPERATE_INCOME_SQ":7094787000,"DPS_HKD":null,"OPERATE_INCOME_QOQ_SQ":-12.008245784918,"NET_PROFIT_RATIO_SQ":2.3331214877,"HOLDER_PROFIT_SQ":166163000,"HOLDER_PROFIT_QOQ_SQ":-46.881720928508,"ROE_AVG_SQ":3.494849050213,"PE_TTM_SQ":264.180642095289,"PB_TTM_SQ":1.017571603935,"ROA_SQ":1.312017487355,"START_DATE":"2023-01-01 00:00:00","FISCAL_YEAR":"12-31","CURRENCY":"HKD","IS_CNY_CODE":0,"DPS_HKD_LY":null,"ORG_TYPE":"一般企业","PREMIUM_INCOME":null,"PREMIUM_INCOME_YOY":null,"NET_INTEREST_INCOME":null,"NET_INTEREST_INCOME_YOY":null,"FEE_COMMISSION_INCOME":null,"FEE_COMMISSION_INCOME_YOY":null,"ACCOUNTS_RECE_TDAYS":1.677354196293,"INVENTORY_TDAYS":4.637159605579,"CURRENT_ASSETS_TDAYS":0.600917130705,"TOTAL_ASSETS_TDAYS":0.423913076712,"PREMIUM_EXPENSE":null,"LOAN_DEPOSIT":null,"LOAN_EQUITY":null,"LOAN_ASSETS":null,"DEPOSIT_EQUITY":null,"DEPOSIT_ASSETS":null,"EQUITY_MULTIPLIER":2.846946121419,"EQUITY_RATIO":1.849214331535},{"SECUCODE":"01478.HK","SECURITY_CODE":"01478","SECURITY_NAME_ABBR":"丘钛科技","ORG_CODE":"10426966","STD_REPORT_DATE":"2022-12-31 00:00:00","REPORT_DATE":"2022-12-31 00:00:00","DATE_TYPE_CODE":"001","REPORT_TYPE":"2022年年报","PER_NETCASH_OPERATE":0.885029926951,"PER_OI":11.615637896439,"BPS":4.020516091721,"BASIC_EPS":0.145,"DILUTED_EPS":0.145,"OPERATE_INCOME":13759170000,"OPERATE_INCOME_YOY":-26.274201712,"GROSS_PROFIT":541342000,"GROSS_PROFIT_YOY":-69.276530634252,"HOLDER_PROFIT":171151000,"HOLDER_PROFIT_YOY":-80.1673511198,"GROSS_PROFIT_RATIO":3.934408834254,"EPS_TTM":0.144487497546,"OPERATE_INCOME_QOQ":-16.212832730021,"NET_PROFIT_RATIO":1.2372112562,"ROE_AVG":3.617720278826,"GROSS_PROFIT_QOQ":-48.690247922604,"ROA":1.351178735705,"HOLDER_PROFIT_QOQ":-62.663231514972,"ROE_YEARLY":3.617720278826,"ROIC_YEARLY":1.576755870698,"TOTAL_ASSETS":12285476000,"TOTAL_LIABILITIES":7518071000,"TAX_EBT":-58.968660117291,"OCF_SALES":7.619296803514,"TOTAL_PARENT_EQUITY":4762456000,"DEBT_ASSET_RATIO":61.1947880571,"OPERATE_PROFIT":203598000,"PRETAX_PROFIT":107084000,"NETCASH_OPERATE":1048352000,"NETCASH_INVEST":-1941098000,"NETCASH_FINANCE":468475000,"END_CASH":1348884000,"DIVI_RATIO":null,"DIVIDEND_RATE":null,"CURRENT_RATIO":1.185494983108,"COMMON_ACS":50000000000,"CURRENTDEBT_DEBT":96.426450348766,"ISSUED_COMMON_SHARES":1184538475,"HK_COMMON_SHARES":1184538475,"PER_SHARES":1000,"TOTAL_MARKET_CAP":7450747007.75,"HKSK_MARKET_CAP":7450747007.75,"PE_TTM":38.388382055192,"PB_TTM":1.377473048003,"REPORT_DATE_SQ":"2021-12-31 00:00:00","REPORT_TYPE_SQ":"2021年年报","OPERATE_INCOME_SQ":18662626000,"DPS_HKD":null,"OPERATE_INCOME_QOQ_SQ":4.061716754423,"NET_PROFIT_RATIO_SQ":4.6233900845,"HOLDER_PROFIT_SQ":862976000,"HOLDER_PROFIT_QOQ_SQ":-19.747574458746,"ROE_AVG_SQ":20.340770413373,"PE_TTM_SQ":264.180642095289,"PB_TTM_SQ":1.017571603935,"ROA_SQ":7.058790233667,"START_DATE":"2022-01-01 00:00:00","FISCAL_YEAR":"12-31","CURRENCY":"HKD","IS_CNY_CODE":0,"DPS_HKD_LY":null,"ORG_TYPE":"一般企业","PREMIUM_INCOME":null,"PREMIUM_INCOME_YOY":null,"NET_INTEREST_INCOME":null,"NET_INTEREST_INCOME_YOY":null,"FEE_COMMISSION_INCOME":null,"FEE_COMMISSION_INCOME_YOY":null,"ACCOUNTS_RECE_TDAYS":3.491169864921,"INVENTORY_TDAYS":7.678917385207,"CURRENT_ASSETS_TDAYS":1.536551557011,"TOTAL_ASSETS_TDAYS":1.086239515104,"PREMIUM_EXPENSE":null,"LOAN_DEPOSIT":null,"LOAN_EQUITY":null,"LOAN_ASSETS":null,"DEPOSIT_EQUITY":null,"DEPOSIT_ASSETS":null,"EQUITY_MULTIPLIER":2.576973426847,"EQUITY_RATIO":1.578612169855},{"SECUCODE":"01478.HK","SECURITY_CODE":"01478","SECURITY_NAME_ABBR":"丘钛科技","ORG_CODE":"10426966","STD_REPORT_DATE":"2022-06-30 00:00:00","REPORT_DATE":"2022-06-30 00:00:00","DATE_TYPE_CODE":"002","REPORT_TYPE":"2022年中报","PER_NETCASH_OPERATE":0.338032920374,"PER_OI":5.98949476926,"BPS":4.060369588248,"BASIC_EPS":0.14,"DILUTED_EPS":0.14,"OPERATE_INCOME":7094787000,"OPERATE_INCOME_YOY":-24.0048432701,"GROSS_PROFIT":375830000,"GROSS_PROFIT_YOY":-65.289790490088,"HOLDER_PROFIT":166163000,"HOLDER_PROFIT_YOY":-70.8864441139,"GROSS_PROFIT_RATIO":5.29726967138,"EPS_TTM":0.386984475114,"OPERATE_INCOME_QOQ":-12.008245784918,"NET_PROFIT_RATIO":2.3331214877,"ROE_AVG":3.494849050213,"GROSS_PROFIT_QOQ":-40.121578994564,"ROA":1.312017487355,"HOLDER_PROFIT_QOQ":-46.881720928508,"ROE_YEARLY":6.989698100425,"ROIC_YEARLY":3.069780971221,"TOTAL_ASSETS":12281280000,"TOTAL_LIABILITIES":7466379000,"TAX_EBT":-16.907973726958,"OCF_SALES":5.643763512562,"TOTAL_PARENT_EQUITY":4809664000,"DEBT_ASSET_RATIO":60.7947950051,"OPERATE_PROFIT":184696000,"PRETAX_PROFIT":141590000,"NETCASH_OPERATE":400413000,"NETCASH_INVEST":-1101008000,"NETCASH_FINANCE":540045000,"END_CASH":1628462000,"DIVI_RATIO":null,"DIVIDEND_RATE":null,"CURRENT_RATIO":1.195266548991,"COMMON_ACS":50000000000,"CURRENTDEBT_DEBT":96.485913720694,"ISSUED_COMMON_SHARES":1184538475,"HK_COMMON_SHARES":1184538475,"PER_SHARES":1000,"TOTAL_MARKET_CAP":7450747007.75,"HKSK_MARKET_CAP":7450747007.75,"PE_TTM":38.388382055192,"PB_TTM":1.377473048003,"REPORT_DATE_SQ":"2021-06-30 00:00:00","REPORT_TYPE_SQ":"2021年中报","OPERATE_INCOME_SQ":9335841000,"DPS_HKD":null,"OPERATE_INCOME_QOQ_SQ":3.067871721571,"NET_PROFIT_RATIO_SQ":6.1134395926,"HOLDER_PROFIT_SQ":570741000,"HOLDER_PROFIT_QOQ_SQ":27.998662076781,"ROE_AVG_SQ":13.990954947066,"PE_TTM_SQ":264.180642095289,"PB_TTM_SQ":1.017571603935,"ROA_SQ":4.819928597216,"START_DATE":"2022-01-01 00:00:00","FISCAL_YEAR":"12-31","CURRENCY":"HKD","IS_CNY_CODE":0,"DPS_HKD_LY":null,"ORG_TYPE":"一般企业","PREMIUM_INCOME":null,"PREMIUM_INCOME_YOY":null,"NET_INTEREST_INCOME":null,"NET_INTEREST_INCOME_YOY":null,"FEE_COMMISSION_INCOME":null,"FEE_COMMISSION_INCOME_YOY":null,"ACCOUNTS_RECE_TDAYS":1.816735207055,"INVENTORY_TDAYS":3.501570479263,"CURRENT_ASSETS_TDAYS":0.791576149625,"TOTAL_ASSETS_TDAYS":0.560202007249,"PREMIUM_EXPENSE":null,"LOAN_DEPOSIT":null,"LOAN_EQUITY":null,"LOAN_ASSETS":null,"DEPOSIT_EQUITY":null,"DEPOSIT_ASSETS":null,"EQUITY_MULTIPLIER":2.550681727414,"EQUITY_RATIO":1.552370186358},{"SECUCODE":"01478.HK","SECURITY_CODE":"01478","SECURITY_NAME_ABBR":"丘钛科技","ORG_CODE":"10426966","STD_REPORT_DATE":"2021-12-31 00:00:00","REPORT_DATE":"2021-12-31 00:00:00","DATE_TYPE_CODE":"001","REPORT_TYPE":"2021年年报","PER_NETCASH_OPERATE":1.35045112557,"PER_OI":15.789213907281,"BPS":3.967248932121,"BASIC_EPS":0.732,"DILUTED_EPS":0.728,"OPERATE_INCOME":18662626000,"OPERATE_INCOME_YOY":7.2541967357,"GROSS_PROFIT":1761982000,"GROSS_PROFIT_YOY":-0.485884608759,"HOLDER_PROFIT":862976000,"HOLDER_PROFIT_YOY":2.722030977,"GROSS_PROFIT_RATIO":9.441232975467,"EPS_TTM":0.730106934622,"OPERATE_INCOME_QOQ":4.061716754423,"NET_PROFIT_RATIO":4.6233900845,"ROE_AVG":20.340770413373,"GROSS_PROFIT_QOQ":-16.94025907173,"ROA":7.058790233667,"HOLDER_PROFIT_QOQ":-19.747574458746,"ROE_YEARLY":20.340770413373,"ROIC_YEARLY":8.330428542483,"TOTAL_ASSETS":13048108000,"TOTAL_LIABILITIES":8342879000,"TAX_EBT":9.866425989009,"OCF_SALES":8.552997847141,"TOTAL_PARENT_EQUITY":4699359000,"DEBT_ASSET_RATIO":63.9393772645,"OPERATE_PROFIT":1039029000,"PRETAX_PROFIT":957297000,"NETCASH_OPERATE":1596214000,"NETCASH_INVEST":-880473000,"NETCASH_FINANCE":-942199000,"END_CASH":1743070000,"DIVI_RATIO":null,"DIVIDEND_RATE":null,"CURRENT_RATIO":1.152973496511,"COMMON_ACS":50000000000,"CURRENTDEBT_DEBT":96.838573350998,"ISSUED_COMMON_SHARES":1184538475,"HK_COMMON_SHARES":1184538475,"PER_SHARES":1000,"TOTAL_MARKET_CAP":7450747007.75,"HKSK_MARKET_CAP":7450747007.75,"PE_TTM":38.388382055192,"PB_TTM":1.377473048003,"REPORT_DATE_SQ":"2020-12-31 00:00:00","REPORT_TYPE_SQ":"2020年年报","OPERATE_INCOME_SQ":17400369000,"DPS_HKD":null,"OPERATE_INCOME_QOQ_SQ":2.895293899686,"NET_PROFIT_RATIO_SQ":4.8281045074,"HOLDER_PROFIT_SQ":840108000,"HOLDER_PROFIT_QOQ_SQ":20.521446473121,"ROE_AVG_SQ":25.255844134957,"PE_TTM_SQ":264.180642095289,"PB_TTM_SQ":1.017571603935,"ROA_SQ":7.624108961737,"START_DATE":"2021-01-01 00:00:00","FISCAL_YEAR":"12-31","CURRENCY":"HKD","IS_CNY_CODE":0,"DPS_HKD_LY":0.05,"ORG_TYPE":"一般企业","PREMIUM_INCOME":null,"PREMIUM_INCOME_YOY":null,"NET_INTEREST_INCOME":null,"NET_INTEREST_INCOME_YOY":null,"FEE_COMMISSION_INCOME":null,"FEE_COMMISSION_INCOME_YOY":null,"ACCOUNTS_RECE_TDAYS":4.645280557495,"INVENTORY_TDAYS":8.045625048647,"CURRENT_ASSETS_TDAYS":2.170432678721,"TOTAL_ASSETS_TDAYS":1.526526370877,"PREMIUM_EXPENSE":null,"LOAN_DEPOSIT":null,"LOAN_EQUITY":null,"LOAN_ASSETS":null,"DEPOSIT_EQUITY":null,"DEPOSIT_ASSETS":null,"EQUITY_MULTIPLIER":2.773107961376,"EQUITY_RATIO":1.775322762104},{"SECUCODE":"01478.HK","SECURITY_CODE":"01478","SECURITY_NAME_ABBR":"丘钛科技","ORG_CODE":"10426966","STD_REPORT_DATE":"2021-06-30 00:00:00","REPORT_DATE":"2021-06-30 00:00:00","DATE_TYPE_CODE":"002","REPORT_TYPE":"2021年中报","PER_NETCASH_OPERATE":-0.177074891325,"PER_OI":7.898437795054,"BPS":3.691638635883,"BASIC_EPS":0.485,"DILUTED_EPS":0.481,"OPERATE_INCOME":9335841000,"OPERATE_INCOME_YOY":6.0647555902,"GROSS_PROFIT":1082765000,"GROSS_PROFIT_YOY":47.917301337282,"HOLDER_PROFIT":570741000,"HOLDER_PROFIT_YOY":70.1053880222,"GROSS_PROFIT_RATIO":11.597937454162,"EPS_TTM":0.909763075318,"OPERATE_INCOME_QOQ":3.067871721571,"NET_PROFIT_RATIO":6.1134395926,"ROE_AVG":13.990954947066,"GROSS_PROFIT_QOQ":19.810288689896,"ROA":4.819928597216,"HOLDER_PROFIT_QOQ":27.998662076781,"ROE_YEARLY":27.981909894133,"ROIC_YEARLY":11.191434490986,"TOTAL_ASSETS":12279556000,"TOTAL_LIABILITIES":7906668000,"TAX_EBT":13.062531988009,"OCF_SALES":-2.241897650142,"TOTAL_PARENT_EQUITY":4372888000,"DEBT_ASSET_RATIO":64.3888752981,"OPERATE_PROFIT":689474000,"PRETAX_PROFIT":656496000,"NETCASH_OPERATE":-209300000,"NETCASH_INVEST":-150376000,"NETCASH_FINANCE":-316397000,"END_CASH":1299826000,"DIVI_RATIO":null,"DIVIDEND_RATE":null,"CURRENT_RATIO":1.138477281746,"COMMON_ACS":50000000000,"CURRENTDEBT_DEBT":96.477568047628,"ISSUED_COMMON_SHARES":1184538475,"HK_COMMON_SHARES":1184538475,"PER_SHARES":1000,"TOTAL_MARKET_CAP":7450747007.75,"HKSK_MARKET_CAP":7450747007.75,"PE_TTM":38.388382055192,"PB_TTM":1.377473048003,"REPORT_DATE_SQ":"2020-06-30 00:00:00","REPORT_TYPE_SQ":"2020年中报","OPERATE_INCOME_SQ":8802020000,"DPS_HKD":null,"OPERATE_INCOME_QOQ_SQ":28.406730977022,"NET_PROFIT_RATIO_SQ":3.8118750014,"HOLDER_PROFIT_SQ":335522000,"HOLDER_PROFIT_QOQ_SQ":28.52083072135,"ROE_AVG_SQ":11.117533785726,"PE_TTM_SQ":264.180642095289,"PB_TTM_SQ":1.017571603935,"ROA_SQ":3.047134859344,"START_DATE":"2021-01-01 00:00:00","FISCAL_YEAR":"12-31","CURRENCY":"HKD","IS_CNY_CODE":0,"DPS_HKD_LY":0.05,"ORG_TYPE":"一般企业","PREMIUM_INCOME":null,"PREMIUM_INCOME_YOY":null,"NET_INTEREST_INCOME":null,"NET_INTEREST_INCOME_YOY":null,"FEE_COMMISSION_INCOME":null,"FEE_COMMISSION_INCOME_YOY":null,"ACCOUNTS_RECE_TDAYS":2.341697511289,"INVENTORY_TDAYS":3.698477176241,"CURRENT_ASSETS_TDAYS":1.127066542666,"TOTAL_ASSETS_TDAYS":0.788415183331,"PREMIUM_EXPENSE":null,"LOAN_DEPOSIT":null,"LOAN_EQUITY":null,"LOAN_ASSETS":null,"DEPOSIT_EQUITY":null,"DEPOSIT_ASSETS":null,"EQUITY_MULTIPLIER":2.808111252792,"EQUITY_RATIO":1.808111252792},{"SECUCODE":"01478.HK","SECURITY_CODE":"01478","SECURITY_NAME_ABBR":"丘钛科技","ORG_CODE":"10426966","STD_REPORT_DATE":"2020-12-31 00:00:00","REPORT_DATE":"2020-12-31 00:00:00","DATE_TYPE_CODE":"001","REPORT_TYPE":"2020年年报","PER_NETCASH_OPERATE":3.074385932538,"PER_OI":14.843556328754,"BPS":3.196034641256,"BASIC_EPS":0.719,"DILUTED_EPS":0.714,"OPERATE_INCOME":17400369000,"OPERATE_INCOME_YOY":32.1244832258,"GROSS_PROFIT":1770585000,"GROSS_PROFIT_YOY":50.065854601177,"HOLDER_PROFIT":840108000,"HOLDER_PROFIT_YOY":54.8951642046,"GROSS_PROFIT_RATIO":10.175560070019,"EPS_TTM":0.716662412173,"OPERATE_INCOME_QOQ":2.895293899686,"NET_PROFIT_RATIO":4.8281045074,"ROE_AVG":25.255844134957,"GROSS_PROFIT_QOQ":18.30131344568,"ROA":7.624108961737,"HOLDER_PROFIT_QOQ":20.521446473121,"ROE_YEARLY":25.255844134957,"ROIC_YEARLY":8.553694155758,"TOTAL_ASSETS":11402994000,"TOTAL_LIABILITIES":7617168000,"TAX_EBT":13.396998973268,"OCF_SALES":20.711922833361,"TOTAL_PARENT_EQUITY":3785826000,"DEBT_ASSET_RATIO":66.7997194421,"OPERATE_PROFIT":1046482000,"PRETAX_PROFIT":970068000,"NETCASH_OPERATE":3603951000,"NETCASH_INVEST":-695865000,"NETCASH_FINANCE":-1314869000,"END_CASH":1983516000,"DIVI_RATIO":null,"DIVIDEND_RATE":null,"CURRENT_RATIO":1.083257436483,"COMMON_ACS":50000000000,"CURRENTDEBT_DEBT":95.525305467859,"ISSUED_COMMON_SHARES":1184538475,"HK_COMMON_SHARES":1184538475,"PER_SHARES":1000,"TOTAL_MARKET_CAP":7450747007.75,"HKSK_MARKET_CAP":7450747007.75,"PE_TTM":38.388382055192,"PB_TTM":1.377473048003,"REPORT_DATE_SQ":"2019-12-31 00:00:00","REPORT_TYPE_SQ":"2019年年报","OPERATE_INCOME_SQ":13169678000,"DPS_HKD":null,"OPERATE_INCOME_QOQ_SQ":31.836605904222,"NET_PROFIT_RATIO_SQ":4.118339112,"HOLDER_PROFIT_SQ":542372000,"HOLDER_PROFIT_QOQ_SQ":120.011358104819,"ROE_AVG_SQ":21.824122453168,"PE_TTM_SQ":264.180642095289,"PB_TTM_SQ":1.017571603935,"ROA_SQ":6.352889859051,"START_DATE":"2020-01-01 00:00:00","FISCAL_YEAR":"12-31","CURRENCY":"HKD","IS_CNY_CODE":0,"DPS_HKD_LY":0.1,"ORG_TYPE":"一般企业","PREMIUM_INCOME":null,"PREMIUM_INCOME_YOY":null,"NET_INTEREST_INCOME":null,"NET_INTEREST_INCOME_YOY":null,"FEE_COMMISSION_INCOME":null,"FEE_COMMISSION_INCOME_YOY":null,"ACCOUNTS_RECE_TDAYS":4.09020232791,"INVENTORY_TDAYS":8.10590829306,"CURRENT_ASSETS_TDAYS":2.282700566413,"TOTAL_ASSETS_TDAYS":1.579110176673,"PREMIUM_EXPENSE":null,"LOAN_DEPOSIT":null,"LOAN_EQUITY":null,"LOAN_ASSETS":null,"DEPOSIT_EQUITY":null,"DEPOSIT_ASSETS":null,"EQUITY_MULTIPLIER":3.012022739555,"EQUITY_RATIO":2.012022739555},{"SECUCODE":"01478.HK","SECURITY_CODE":"01478","SECURITY_NAME_ABBR":"丘钛科技","ORG_CODE":"10426966","STD_REPORT_DATE":"2020-06-30 00:00:00","REPORT_DATE":"2020-06-30 00:00:00","DATE_TYPE_CODE":"002","REPORT_TYPE":"2020年中报","PER_NETCASH_OPERATE":0.562483785465,"PER_OI":7.508649941666,"BPS":2.675263038628,"BASIC_EPS":0.288,"DILUTED_EPS":0.285,"OPERATE_INCOME":8802020000,"OPERATE_INCOME_YOY":73.9204832299,"GROSS_PROFIT":732007000,"GROSS_PROFIT_YOY":76.300140894257,"HOLDER_PROFIT":335522000,"HOLDER_PROFIT_YOY":85.5424618294,"GROSS_PROFIT_RATIO":8.316352382749,"EPS_TTM":0.594634758497,"OPERATE_INCOME_QOQ":28.406730977022,"NET_PROFIT_RATIO":3.8118750014,"ROE_AVG":11.117533785726,"GROSS_PROFIT_QOQ":26.850539719563,"ROA":3.047134859344,"HOLDER_PROFIT_QOQ":28.52083072135,"ROE_YEARLY":22.235067571452,"ROIC_YEARLY":6.397057127218,"TOTAL_ASSETS":11386929000,"TOTAL_LIABILITIES":8217977000,"TAX_EBT":10.521978681359,"OCF_SALES":7.491144078291,"TOTAL_PARENT_EQUITY":3168952000,"DEBT_ASSET_RATIO":72.170266452,"OPERATE_PROFIT":419444000,"PRETAX_PROFIT":374977000,"NETCASH_OPERATE":659372000,"NETCASH_INVEST":-319297000,"NETCASH_FINANCE":-119870000,"END_CASH":630841000,"DIVI_RATIO":null,"DIVIDEND_RATE":null,"CURRENT_RATIO":1.011293268846,"COMMON_ACS":50000000000,"CURRENTDEBT_DEBT":95.83890293195,"ISSUED_COMMON_SHARES":1184538475,"HK_COMMON_SHARES":1184538475,"PER_SHARES":1000,"TOTAL_MARKET_CAP":7450747007.75,"HKSK_MARKET_CAP":7450747007.75,"PE_TTM":38.388382055192,"PB_TTM":1.377473048003,"REPORT_DATE_SQ":"2019-06-30 00:00:00","REPORT_TYPE_SQ":"2019年中报","OPERATE_INCOME_SQ":5060945000,"DPS_HKD":null,"OPERATE_INCOME_QOQ_SQ":22.79282487464,"NET_PROFIT_RATIO_SQ":3.573107394,"HOLDER_PROFIT_SQ":180833000,"HOLDER_PROFIT_QOQ_SQ":1612.06333773179,"ROE_AVG_SQ":8.166842348189,"PE_TTM_SQ":264.180642095289,"PB_TTM_SQ":1.017571603935,"ROA_SQ":2.5470064403,"START_DATE":"2020-01-01 00:00:00","FISCAL_YEAR":"12-31","CURRENCY":"HKD","IS_CNY_CODE":0,"DPS_HKD_LY":0.1,"ORG_TYPE":"一般企业","PREMIUM_INCOME":null,"PREMIUM_INCOME_YOY":null,"NET_INTEREST_INCOME":null,"NET_INTEREST_INCOME_YOY":null,"FEE_COMMISSION_INCOME":null,"FEE_COMMISSION_INCOME_YOY":null,"ACCOUNTS_RECE_TDAYS":1.655610167703,"INVENTORY_TDAYS":4.898915562743,"CURRENT_ASSETS_TDAYS":1.148469708691,"TOTAL_ASSETS_TDAYS":0.799379533224,"PREMIUM_EXPENSE":null,"LOAN_DEPOSIT":null,"LOAN_EQUITY":null,"LOAN_ASSETS":null,"DEPOSIT_EQUITY":null,"DEPOSIT_ASSETS":null,"EQUITY_MULTIPLIER":3.593279102997,"EQUITY_RATIO":2.593279102997}],"count":25},"success":true,"message":"ok","code":0}