{"version":"a0d2791aaa7c0dfa24173ce304fbe36b","result":{"pages":3,"data":[{"SECUCODE":"01476.HK","SECURITY_CODE":"01476","SECURITY_NAME_ABBR":"恒投证券","ORG_CODE":"10004801","STD_REPORT_DATE":"2024-06-30 00:00:00","REPORT_DATE":"2024-06-30 00:00:00","DATE_TYPE_CODE":"002","REPORT_TYPE":"2024年中报","PER_NETCASH_OPERATE":-0.049659686059,"PER_OI":0.448935970946,"BPS":3.11833318753,"BASIC_EPS":0.0207,"DILUTED_EPS":0.0207,"OPERATE_INCOME":1169284000,"OPERATE_INCOME_YOY":-19.2744334014,"GROSS_PROFIT":null,"GROSS_PROFIT_YOY":null,"HOLDER_PROFIT":53872000,"HOLDER_PROFIT_YOY":-72.1153647073,"GROSS_PROFIT_RATIO":null,"EPS_TTM":-0.028864294183,"OPERATE_INCOME_QOQ":-11.108202158584,"NET_PROFIT_RATIO":1.6244128886,"ROE_AVG":0.666101031423,"GROSS_PROFIT_QOQ":null,"ROA":0.1622033448,"HOLDER_PROFIT_QOQ":-217.201652506041,"ROE_YEARLY":1.332202062846,"ROIC_YEARLY":0.345416737083,"TOTAL_ASSETS":35222614000,"TOTAL_LIABILITIES":26998934000,"TAX_EBT":74.707715252071,"OCF_SALES":-11.061641141074,"TOTAL_PARENT_EQUITY":8121909000,"DEBT_ASSET_RATIO":76.6522723157,"OPERATE_PROFIT":75098000,"PRETAX_PROFIT":75098000,"NETCASH_OPERATE":-129342000,"NETCASH_INVEST":-409316000,"NETCASH_FINANCE":613992000,"END_CASH":2109677000,"DIVI_RATIO":null,"DIVIDEND_RATE":null,"CURRENT_RATIO":1.437664260173,"COMMON_ACS":null,"CURRENTDEBT_DEBT":83.800756726173,"ISSUED_COMMON_SHARES":2604567412,"HK_COMMON_SHARES":450846000,"PER_SHARES":1000,"TOTAL_MARKET_CAP":4557992971,"HKSK_MARKET_CAP":788980500,"PE_TTM":-57.163926037955,"PB_TTM":0.512193503371,"REPORT_DATE_SQ":"2023-06-30 00:00:00","REPORT_TYPE_SQ":"2023年中报","OPERATE_INCOME_SQ":1448468000,"DPS_HKD":null,"OPERATE_INCOME_QOQ_SQ":3.374519116991,"NET_PROFIT_RATIO_SQ":11.0099774382,"HOLDER_PROFIT_SQ":193196000,"HOLDER_PROFIT_QOQ_SQ":42.651581346609,"ROE_AVG_SQ":2.383120300541,"PE_TTM_SQ":-7.703046089471,"PB_TTM_SQ":0.704341570626,"ROA_SQ":0.616688488219,"START_DATE":"2024-01-01 00:00:00","FISCAL_YEAR":"12-31","CURRENCY":"HKD","IS_CNY_CODE":0,"DPS_HKD_LY":null,"ORG_TYPE":"证券","PREMIUM_INCOME":null,"PREMIUM_INCOME_YOY":null,"NET_INTEREST_INCOME":353347000,"NET_INTEREST_INCOME_YOY":null,"FEE_COMMISSION_INCOME":572872000,"FEE_COMMISSION_INCOME_YOY":-19.977426636569,"ACCOUNTS_RECE_TDAYS":null,"INVENTORY_TDAYS":null,"CURRENT_ASSETS_TDAYS":0.038431738786,"TOTAL_ASSETS_TDAYS":0.035206002343,"PREMIUM_EXPENSE":null,"LOAN_DEPOSIT":null,"LOAN_EQUITY":null,"LOAN_ASSETS":null,"DEPOSIT_EQUITY":null,"DEPOSIT_ASSETS":null,"EQUITY_MULTIPLIER":4.283072055327,"EQUITY_RATIO":3.324210354979},{"SECUCODE":"01476.HK","SECURITY_CODE":"01476","SECURITY_NAME_ABBR":"恒投证券","ORG_CODE":"10004801","STD_REPORT_DATE":"2023-12-31 00:00:00","REPORT_DATE":"2023-12-31 00:00:00","DATE_TYPE_CODE":"001","REPORT_TYPE":"2023年年报","PER_NETCASH_OPERATE":-0.077478509126,"PER_OI":0.964964081337,"BPS":3.092035538376,"BASIC_EPS":0.02,"DILUTED_EPS":0.02,"OPERATE_INCOME":2513314000,"OPERATE_INCOME_YOY":-7.7836911635,"GROSS_PROFIT":null,"GROSS_PROFIT_YOY":null,"HOLDER_PROFIT":64145000,"HOLDER_PROFIT_YOY":104.9865046814,"GROSS_PROFIT_RATIO":null,"EPS_TTM":0.024627890107,"OPERATE_INCOME_QOQ":-10.793965839742,"NET_PROFIT_RATIO":0.4839825028,"ROE_AVG":0.799287700022,"GROSS_PROFIT_QOQ":null,"ROA":0.206174804414,"HOLDER_PROFIT_QOQ":108.695104064719,"ROE_YEARLY":0.799287700022,"ROIC_YEARLY":0.220177858194,"TOTAL_ASSETS":31202650000,"TOTAL_LIABILITIES":23012586000,"TAX_EBT":27.008700870087,"OCF_SALES":-8.029159906005,"TOTAL_PARENT_EQUITY":8053415000,"DEBT_ASSET_RATIO":73.7520242672,"OPERATE_PROFIT":16665000,"PRETAX_PROFIT":16665000,"NETCASH_OPERATE":-201798000,"NETCASH_INVEST":577384000,"NETCASH_FINANCE":-371821000,"END_CASH":2034205000,"DIVI_RATIO":null,"DIVIDEND_RATE":null,"CURRENT_RATIO":1.520788071165,"COMMON_ACS":null,"CURRENTDEBT_DEBT":80.927215220402,"ISSUED_COMMON_SHARES":2604567412,"HK_COMMON_SHARES":450846000,"PER_SHARES":1000,"TOTAL_MARKET_CAP":5209134824,"HKSK_MARKET_CAP":901692000,"PE_TTM":-65.330201186234,"PB_TTM":0.585364003853,"REPORT_DATE_SQ":"2022-12-31 00:00:00","REPORT_TYPE_SQ":"2022年年报","OPERATE_INCOME_SQ":2725455000,"DPS_HKD":null,"OPERATE_INCOME_QOQ_SQ":-22.312489382104,"NET_PROFIT_RATIO_SQ":-55.096121565,"HOLDER_PROFIT_SQ":-1286372000,"HOLDER_PROFIT_QOQ_SQ":-1918.66172870504,"ROE_AVG_SQ":-14.857554827985,"PE_TTM_SQ":-6.520420756233,"PB_TTM_SQ":0.59620614277,"ROA_SQ":-3.768798404507,"START_DATE":"2023-01-01 00:00:00","FISCAL_YEAR":"12-31","CURRENCY":"HKD","IS_CNY_CODE":0,"DPS_HKD_LY":null,"ORG_TYPE":"证券","PREMIUM_INCOME":null,"PREMIUM_INCOME_YOY":null,"NET_INTEREST_INCOME":783294000,"NET_INTEREST_INCOME_YOY":null,"FEE_COMMISSION_INCOME":1377853000,"FEE_COMMISSION_INCOME_YOY":-16.429687002459,"ACCOUNTS_RECE_TDAYS":null,"INVENTORY_TDAYS":null,"CURRENT_ASSETS_TDAYS":0.088986340303,"TOTAL_ASSETS_TDAYS":0.0807829172,"PREMIUM_EXPENSE":null,"LOAN_DEPOSIT":null,"LOAN_EQUITY":null,"LOAN_ASSETS":null,"DEPOSIT_EQUITY":null,"DEPOSIT_ASSETS":null,"EQUITY_MULTIPLIER":3.809817603383,"EQUITY_RATIO":2.857494118955},{"SECUCODE":"01476.HK","SECURITY_CODE":"01476","SECURITY_NAME_ABBR":"恒投证券","ORG_CODE":"10004801","STD_REPORT_DATE":"2023-06-30 00:00:00","REPORT_DATE":"2023-06-30 00:00:00","DATE_TYPE_CODE":"002","REPORT_TYPE":"2023年中报","PER_NETCASH_OPERATE":-0.2772971038,"PER_OI":0.556126131858,"BPS":3.154679338359,"BASIC_EPS":0.0742,"DILUTED_EPS":0.0742,"OPERATE_INCOME":1448468000,"OPERATE_INCOME_YOY":6.7800371103,"GROSS_PROFIT":null,"GROSS_PROFIT_YOY":null,"HOLDER_PROFIT":193196000,"HOLDER_PROFIT_YOY":154.3506760216,"GROSS_PROFIT_RATIO":null,"EPS_TTM":-0.283238589488,"OPERATE_INCOME_QOQ":3.374519116991,"NET_PROFIT_RATIO":11.0099774382,"ROE_AVG":2.383120300541,"GROSS_PROFIT_QOQ":null,"ROA":0.616688488219,"HOLDER_PROFIT_QOQ":42.651581346609,"ROE_YEARLY":4.766240601082,"ROIC_YEARLY":1.322708247121,"TOTAL_ASSETS":31634697000,"TOTAL_LIABILITIES":23263212000,"TAX_EBT":24.43865343157,"OCF_SALES":-49.862268272409,"TOTAL_PARENT_EQUITY":8216575000,"DEBT_ASSET_RATIO":73.5370153854,"OPERATE_PROFIT":211055000,"PRETAX_PROFIT":211055000,"NETCASH_OPERATE":-722239000,"NETCASH_INVEST":390913000,"NETCASH_FINANCE":956097000,"END_CASH":2655802000,"DIVI_RATIO":null,"DIVIDEND_RATE":null,"CURRENT_RATIO":1.334830905322,"COMMON_ACS":null,"CURRENTDEBT_DEBT":93.441129281717,"ISSUED_COMMON_SHARES":2604567412,"HK_COMMON_SHARES":450846000,"PER_SHARES":1000,"TOTAL_MARKET_CAP":5209134824,"HKSK_MARKET_CAP":901692000,"PE_TTM":-65.330201186234,"PB_TTM":0.585364003853,"REPORT_DATE_SQ":"2022-06-30 00:00:00","REPORT_TYPE_SQ":"2022年中报","OPERATE_INCOME_SQ":1356497000,"DPS_HKD":null,"OPERATE_INCOME_QOQ_SQ":-8.272268283564,"NET_PROFIT_RATIO_SQ":-27.5486786922,"HOLDER_PROFIT_SQ":-355462000,"HOLDER_PROFIT_QOQ_SQ":-122.81985905002,"ROE_AVG_SQ":-3.893779058584,"PE_TTM_SQ":-6.520420756233,"PB_TTM_SQ":0.59620614277,"ROA_SQ":-0.951821733195,"START_DATE":"2023-01-01 00:00:00","FISCAL_YEAR":"12-31","CURRENCY":"HKD","IS_CNY_CODE":0,"DPS_HKD_LY":null,"ORG_TYPE":"证券","PREMIUM_INCOME":null,"PREMIUM_INCOME_YOY":null,"NET_INTEREST_INCOME":394823000,"NET_INTEREST_INCOME_YOY":null,"FEE_COMMISSION_INCOME":715888000,"FEE_COMMISSION_INCOME_YOY":-17.774794031538,"ACCOUNTS_RECE_TDAYS":null,"INVENTORY_TDAYS":null,"CURRENT_ASSETS_TDAYS":0.050662485657,"TOTAL_ASSETS_TDAYS":0.046235612598,"PREMIUM_EXPENSE":null,"LOAN_DEPOSIT":null,"LOAN_EQUITY":null,"LOAN_ASSETS":null,"DEPOSIT_EQUITY":null,"DEPOSIT_ASSETS":null,"EQUITY_MULTIPLIER":3.778863248283,"EQUITY_RATIO":2.83125414178},{"SECUCODE":"01476.HK","SECURITY_CODE":"01476","SECURITY_NAME_ABBR":"恒投证券","ORG_CODE":"10004801","STD_REPORT_DATE":"2022-12-31 00:00:00","REPORT_DATE":"2022-12-31 00:00:00","DATE_TYPE_CODE":"001","REPORT_TYPE":"2022年年报","PER_NETCASH_OPERATE":0.808048196527,"PER_OI":1.046413691365,"BPS":3.070423888111,"BASIC_EPS":-0.49,"DILUTED_EPS":-0.49,"OPERATE_INCOME":2725455000,"OPERATE_INCOME_YOY":-28.7390086832,"GROSS_PROFIT":null,"GROSS_PROFIT_YOY":null,"HOLDER_PROFIT":-1286372000,"HOLDER_PROFIT_YOY":-560.6557611872,"GROSS_PROFIT_RATIO":null,"EPS_TTM":-0.493890845011,"OPERATE_INCOME_QOQ":-22.312489382104,"NET_PROFIT_RATIO":-55.096121565,"ROE_AVG":-14.857554827985,"GROSS_PROFIT_QOQ":null,"ROA":-3.768798404507,"HOLDER_PROFIT_QOQ":-1918.66172870504,"ROE_YEARLY":-14.857554827985,"ROIC_YEARLY":-3.905638758139,"TOTAL_ASSETS":31021248000,"TOTAL_LIABILITIES":22835492000,"TAX_EBT":25.232276760374,"OCF_SALES":77.220720943842,"TOTAL_PARENT_EQUITY":7997126000,"DEBT_ASSET_RATIO":73.6124220405,"OPERATE_PROFIT":-2008380000,"PRETAX_PROFIT":-2008380000,"NETCASH_OPERATE":2104616000,"NETCASH_INVEST":-973329000,"NETCASH_FINANCE":-1611998000,"END_CASH":2029953000,"DIVI_RATIO":null,"DIVIDEND_RATE":null,"CURRENT_RATIO":1.238269623667,"COMMON_ACS":null,"CURRENTDEBT_DEBT":99.606835709955,"ISSUED_COMMON_SHARES":2604567412,"HK_COMMON_SHARES":450846000,"PER_SHARES":1000,"TOTAL_MARKET_CAP":5209134824,"HKSK_MARKET_CAP":901692000,"PE_TTM":-65.330201186234,"PB_TTM":0.585364003853,"REPORT_DATE_SQ":"2021-12-31 00:00:00","REPORT_TYPE_SQ":"2021年年报","OPERATE_INCOME_SQ":3824610000,"DPS_HKD":null,"OPERATE_INCOME_QOQ_SQ":2.151189561728,"NET_PROFIT_RATIO_SQ":7.4945157807,"HOLDER_PROFIT_SQ":279248000,"HOLDER_PROFIT_QOQ_SQ":-13.456555964645,"ROE_AVG_SQ":3.043546237956,"PE_TTM_SQ":-6.520420756233,"PB_TTM_SQ":0.59620614277,"ROA_SQ":0.788400900763,"START_DATE":"2022-01-01 00:00:00","FISCAL_YEAR":"12-31","CURRENCY":"HKD","IS_CNY_CODE":0,"DPS_HKD_LY":null,"ORG_TYPE":"证券","PREMIUM_INCOME":null,"PREMIUM_INCOME_YOY":null,"NET_INTEREST_INCOME":821436000,"NET_INTEREST_INCOME_YOY":null,"FEE_COMMISSION_INCOME":1648735000,"FEE_COMMISSION_INCOME_YOY":-26.109068712581,"ACCOUNTS_RECE_TDAYS":null,"INVENTORY_TDAYS":null,"CURRENT_ASSETS_TDAYS":0.08667872185,"TOTAL_ASSETS_TDAYS":0.079850078014,"PREMIUM_EXPENSE":null,"LOAN_DEPOSIT":null,"LOAN_EQUITY":null,"LOAN_ASSETS":null,"DEPOSIT_EQUITY":null,"DEPOSIT_ASSETS":null,"EQUITY_MULTIPLIER":3.789661944476,"EQUITY_RATIO":2.85546232484},{"SECUCODE":"01476.HK","SECURITY_CODE":"01476","SECURITY_NAME_ABBR":"恒投证券","ORG_CODE":"10004801","STD_REPORT_DATE":"2022-06-30 00:00:00","REPORT_DATE":"2022-06-30 00:00:00","DATE_TYPE_CODE":"002","REPORT_TYPE":"2022年中报","PER_NETCASH_OPERATE":0.604996435393,"PER_OI":0.5208147018,"BPS":3.432049390934,"BASIC_EPS":-0.1365,"DILUTED_EPS":-0.1365,"OPERATE_INCOME":1356497000,"OPERATE_INCOME_YOY":-18.912425824,"GROSS_PROFIT":null,"GROSS_PROFIT_YOY":null,"HOLDER_PROFIT":-355462000,"HOLDER_PROFIT_YOY":-2745.9727782226,"GROSS_PROFIT_RATIO":null,"EPS_TTM":-0.024466250981,"OPERATE_INCOME_QOQ":-8.272268283564,"NET_PROFIT_RATIO":-27.5486786922,"ROE_AVG":-3.893779058584,"GROSS_PROFIT_QOQ":null,"ROA":-0.951821733195,"HOLDER_PROFIT_QOQ":-122.81985905002,"ROE_YEARLY":-7.787558117168,"ROIC_YEARLY":-1.981043069373,"TOTAL_ASSETS":37447821000,"TOTAL_LIABILITIES":28123174000,"TAX_EBT":24.226288842703,"OCF_SALES":116.163471058174,"TOTAL_PARENT_EQUITY":8939004000,"DEBT_ASSET_RATIO":75.0996272921,"OPERATE_PROFIT":-493175000,"PRETAX_PROFIT":-493175000,"NETCASH_OPERATE":1575754000,"NETCASH_INVEST":-698279000,"NETCASH_FINANCE":-573915000,"END_CASH":2813129000,"DIVI_RATIO":null,"DIVIDEND_RATE":null,"CURRENT_RATIO":1.407924724779,"COMMON_ACS":null,"CURRENTDEBT_DEBT":87.490370041447,"ISSUED_COMMON_SHARES":2604567412,"HK_COMMON_SHARES":450846000,"PER_SHARES":1000,"TOTAL_MARKET_CAP":5209134824,"HKSK_MARKET_CAP":901692000,"PE_TTM":-65.330201186234,"PB_TTM":0.585364003853,"REPORT_DATE_SQ":"2021-06-30 00:00:00","REPORT_TYPE_SQ":"2021年中报","OPERATE_INCOME_SQ":1672879000,"DPS_HKD":null,"OPERATE_INCOME_QOQ_SQ":1.717898248631,"NET_PROFIT_RATIO_SQ":-0.7130820579,"HOLDER_PROFIT_SQ":-12490000,"HOLDER_PROFIT_QOQ_SQ":-31.938930911269,"ROE_AVG_SQ":-0.138336331174,"PE_TTM_SQ":-6.520420756233,"PB_TTM_SQ":0.59620614277,"ROA_SQ":-0.036291626317,"START_DATE":"2022-01-01 00:00:00","FISCAL_YEAR":"12-31","CURRENCY":"HKD","IS_CNY_CODE":0,"DPS_HKD_LY":null,"ORG_TYPE":"证券","PREMIUM_INCOME":null,"PREMIUM_INCOME_YOY":null,"NET_INTEREST_INCOME":425840000,"NET_INTEREST_INCOME_YOY":null,"FEE_COMMISSION_INCOME":870643000,"FEE_COMMISSION_INCOME_YOY":-10.706304299444,"ACCOUNTS_RECE_TDAYS":null,"INVENTORY_TDAYS":null,"CURRENT_ASSETS_TDAYS":0.039112912004,"TOTAL_ASSETS_TDAYS":0.036322963513,"PREMIUM_EXPENSE":null,"LOAN_DEPOSIT":null,"LOAN_EQUITY":null,"LOAN_ASSETS":null,"DEPOSIT_EQUITY":null,"DEPOSIT_ASSETS":null,"EQUITY_MULTIPLIER":4.01600414472,"EQUITY_RATIO":3.146119411066},{"SECUCODE":"01476.HK","SECURITY_CODE":"01476","SECURITY_NAME_ABBR":"恒投证券","ORG_CODE":"10004801","STD_REPORT_DATE":"2021-12-31 00:00:00","REPORT_DATE":"2021-12-31 00:00:00","DATE_TYPE_CODE":"001","REPORT_TYPE":"2021年年报","PER_NETCASH_OPERATE":0.29944665529,"PER_OI":1.468424269757,"BPS":3.577922367094,"BASIC_EPS":0.11,"DILUTED_EPS":0.11,"OPERATE_INCOME":3824610000,"OPERATE_INCOME_YOY":3.9060430582,"GROSS_PROFIT":null,"GROSS_PROFIT_YOY":null,"HOLDER_PROFIT":279248000,"HOLDER_PROFIT_YOY":-41.0976067633,"GROSS_PROFIT_RATIO":null,"EPS_TTM":0.107214733131,"OPERATE_INCOME_QOQ":2.151189561728,"NET_PROFIT_RATIO":7.4945157807,"ROE_AVG":3.043546237956,"GROSS_PROFIT_QOQ":null,"ROA":0.788400900763,"HOLDER_PROFIT_QOQ":-13.456555964645,"ROE_YEARLY":3.043546237956,"ROIC_YEARLY":0.79751151777,"TOTAL_ASSETS":37243056000,"TOTAL_LIABILITIES":27519396000,"TAX_EBT":23.835893075411,"OCF_SALES":20.392379876641,"TOTAL_PARENT_EQUITY":9318940000,"DEBT_ASSET_RATIO":73.8913476918,"OPERATE_PROFIT":376340000,"PRETAX_PROFIT":376340000,"NETCASH_OPERATE":779929000,"NETCASH_INVEST":-466142000,"NETCASH_FINANCE":-344156000,"END_CASH":2508196000,"DIVI_RATIO":null,"DIVIDEND_RATE":null,"CURRENT_RATIO":1.447509112738,"COMMON_ACS":null,"CURRENTDEBT_DEBT":87.163083085108,"ISSUED_COMMON_SHARES":2604567412,"HK_COMMON_SHARES":450846000,"PER_SHARES":1000,"TOTAL_MARKET_CAP":5209134824,"HKSK_MARKET_CAP":901692000,"PE_TTM":-65.330201186234,"PB_TTM":0.585364003853,"REPORT_DATE_SQ":"2020-12-31 00:00:00","REPORT_TYPE_SQ":"2020年年报","OPERATE_INCOME_SQ":3680835000,"DPS_HKD":null,"OPERATE_INCOME_QOQ_SQ":12.804549159981,"NET_PROFIT_RATIO_SQ":13.1044722189,"HOLDER_PROFIT_SQ":474086000,"HOLDER_PROFIT_QOQ_SQ":63.912581984642,"ROE_AVG_SQ":4.936806798645,"PE_TTM_SQ":-6.520420756233,"PB_TTM_SQ":0.59620614277,"ROA_SQ":1.502101959266,"START_DATE":"2021-01-01 00:00:00","FISCAL_YEAR":"12-31","CURRENCY":"HKD","IS_CNY_CODE":0,"DPS_HKD_LY":null,"ORG_TYPE":"证券","PREMIUM_INCOME":null,"PREMIUM_INCOME_YOY":null,"NET_INTEREST_INCOME":838453000,"NET_INTEREST_INCOME_YOY":null,"FEE_COMMISSION_INCOME":2231309000,"FEE_COMMISSION_INCOME_YOY":14.430445052787,"ACCOUNTS_RECE_TDAYS":null,"INVENTORY_TDAYS":null,"CURRENT_ASSETS_TDAYS":0.115195496526,"TOTAL_ASSETS_TDAYS":0.107980217193,"PREMIUM_EXPENSE":null,"LOAN_DEPOSIT":null,"LOAN_EQUITY":null,"LOAN_ASSETS":null,"DEPOSIT_EQUITY":null,"DEPOSIT_ASSETS":null,"EQUITY_MULTIPLIER":3.830147907274,"EQUITY_RATIO":2.953060755837},{"SECUCODE":"01476.HK","SECURITY_CODE":"01476","SECURITY_NAME_ABBR":"恒投证券","ORG_CODE":"10004801","STD_REPORT_DATE":"2021-06-30 00:00:00","REPORT_DATE":"2021-06-30 00:00:00","DATE_TYPE_CODE":"002","REPORT_TYPE":"2021年中报","PER_NETCASH_OPERATE":-0.3457775736,"PER_OI":0.642286696936,"BPS":3.4655301907,"BASIC_EPS":-0.0048,"DILUTED_EPS":-0.0048,"OPERATE_INCOME":1672879000,"OPERATE_INCOME_YOY":3.9283792834,"GROSS_PROFIT":null,"GROSS_PROFIT_YOY":null,"HOLDER_PROFIT":-12490000,"HOLDER_PROFIT_YOY":-108.9902683404,"GROSS_PROFIT_RATIO":null,"EPS_TTM":0.123885447738,"OPERATE_INCOME_QOQ":1.717898248631,"NET_PROFIT_RATIO":-0.7130820579,"ROE_AVG":-0.138336331174,"GROSS_PROFIT_QOQ":null,"ROA":-0.036291626317,"HOLDER_PROFIT_QOQ":-31.938930911269,"ROE_YEARLY":-0.276672662349,"ROIC_YEARLY":-0.073439398091,"TOTAL_ASSETS":35235274000,"TOTAL_LIABILITIES":25811174000,"TAX_EBT":25.401788506035,"OCF_SALES":-53.835393952581,"TOTAL_PARENT_EQUITY":9026207000,"DEBT_ASSET_RATIO":73.2537910731,"OPERATE_PROFIT":-15991000,"PRETAX_PROFIT":-15991000,"NETCASH_OPERATE":-900601000,"NETCASH_INVEST":70096000,"NETCASH_FINANCE":900686000,"END_CASH":2609117000,"DIVI_RATIO":null,"DIVIDEND_RATE":null,"CURRENT_RATIO":1.483850140972,"COMMON_ACS":null,"CURRENTDEBT_DEBT":86.099373085471,"ISSUED_COMMON_SHARES":2604567412,"HK_COMMON_SHARES":450846000,"PER_SHARES":1000,"TOTAL_MARKET_CAP":5235180498.12,"HKSK_MARKET_CAP":906200460,"PE_TTM":-65.656852192166,"PB_TTM":0.588290823872,"REPORT_DATE_SQ":"2020-06-30 00:00:00","REPORT_TYPE_SQ":"2020年中报","OPERATE_INCOME_SQ":1609646000,"DPS_HKD":null,"OPERATE_INCOME_QOQ_SQ":-15.18243333167,"NET_PROFIT_RATIO_SQ":9.0678944314,"HOLDER_PROFIT_SQ":138928000,"HOLDER_PROFIT_QOQ_SQ":-60.943125133349,"ROE_AVG_SQ":1.471787915412,"PE_TTM_SQ":-6.520420756233,"PB_TTM_SQ":0.59620614277,"ROA_SQ":0.458455891531,"START_DATE":"2021-01-01 00:00:00","FISCAL_YEAR":"12-31","CURRENCY":"HKD","IS_CNY_CODE":0,"DPS_HKD_LY":null,"ORG_TYPE":"证券","PREMIUM_INCOME":null,"PREMIUM_INCOME_YOY":null,"NET_INTEREST_INCOME":389637000,"NET_INTEREST_INCOME_YOY":null,"FEE_COMMISSION_INCOME":975033000,"FEE_COMMISSION_INCOME_YOY":21.776528274928,"ACCOUNTS_RECE_TDAYS":null,"INVENTORY_TDAYS":null,"CURRENT_ASSETS_TDAYS":0.051746248234,"TOTAL_ASSETS_TDAYS":0.048608086103,"PREMIUM_EXPENSE":null,"LOAN_DEPOSIT":null,"LOAN_EQUITY":null,"LOAN_ASSETS":null,"DEPOSIT_EQUITY":null,"DEPOSIT_ASSETS":null,"EQUITY_MULTIPLIER":3.738847635316,"EQUITY_RATIO":2.859581438804},{"SECUCODE":"01476.HK","SECURITY_CODE":"01476","SECURITY_NAME_ABBR":"恒投证券","ORG_CODE":"10004801","STD_REPORT_DATE":"2020-12-31 00:00:00","REPORT_DATE":"2020-12-31 00:00:00","DATE_TYPE_CODE":"001","REPORT_TYPE":"2020年年报","PER_NETCASH_OPERATE":0.468458214742,"PER_OI":1.413223164446,"BPS":3.467459877748,"BASIC_EPS":0.16,"DILUTED_EPS":0.16,"OPERATE_INCOME":3680835000,"OPERATE_INCOME_YOY":-4.3219263113,"GROSS_PROFIT":null,"GROSS_PROFIT_YOY":null,"HOLDER_PROFIT":474086000,"HOLDER_PROFIT_YOY":-35.9808679636,"GROSS_PROFIT_RATIO":null,"EPS_TTM":0.182021013476,"OPERATE_INCOME_QOQ":12.804549159981,"NET_PROFIT_RATIO":13.1044722189,"ROE_AVG":4.936806798645,"GROSS_PROFIT_QOQ":null,"ROA":1.502101959266,"HOLDER_PROFIT_QOQ":63.912581984642,"ROE_YEARLY":4.936806798645,"ROIC_YEARLY":1.521578732214,"TOTAL_ASSETS":33596031000,"TOTAL_LIABILITIES":24160266000,"TAX_EBT":19.410894935133,"OCF_SALES":33.148212294221,"TOTAL_PARENT_EQUITY":9031233000,"DEBT_ASSET_RATIO":71.9140484184,"OPERATE_PROFIT":598535000,"PRETAX_PROFIT":598535000,"NETCASH_OPERATE":1220131000,"NETCASH_INVEST":-2076538000,"NETCASH_FINANCE":617217000,"END_CASH":2539211000,"DIVI_RATIO":null,"DIVIDEND_RATE":null,"CURRENT_RATIO":1.543007951395,"COMMON_ACS":null,"CURRENTDEBT_DEBT":84.98248322266,"ISSUED_COMMON_SHARES":2604567412,"HK_COMMON_SHARES":450846000,"PER_SHARES":1000,"TOTAL_MARKET_CAP":5235180498.12,"HKSK_MARKET_CAP":906200460,"PE_TTM":-65.656852192166,"PB_TTM":0.588290823872,"REPORT_DATE_SQ":"2019-12-31 00:00:00","REPORT_TYPE_SQ":"2019年年报","OPERATE_INCOME_SQ":3847104000,"DPS_HKD":null,"OPERATE_INCOME_QOQ_SQ":16.666515037656,"NET_PROFIT_RATIO_SQ":19.8290974198,"HOLDER_PROFIT_SQ":740538000,"HOLDER_PROFIT_QOQ_SQ":235.539032446613,"ROE_AVG_SQ":7.513820966959,"PE_TTM_SQ":-6.520420756233,"PB_TTM_SQ":0.59620614277,"ROA_SQ":2.491629664248,"START_DATE":"2020-01-01 00:00:00","FISCAL_YEAR":"12-31","CURRENCY":"HKD","IS_CNY_CODE":0,"DPS_HKD_LY":null,"ORG_TYPE":"证券","PREMIUM_INCOME":null,"PREMIUM_INCOME_YOY":null,"NET_INTEREST_INCOME":725895000,"NET_INTEREST_INCOME_YOY":null,"FEE_COMMISSION_INCOME":1949926000,"FEE_COMMISSION_INCOME_YOY":13.685515274374,"ACCOUNTS_RECE_TDAYS":null,"INVENTORY_TDAYS":null,"CURRENT_ASSETS_TDAYS":0.123517308492,"TOTAL_ASSETS_TDAYS":0.116624187705,"PREMIUM_EXPENSE":null,"LOAN_DEPOSIT":null,"LOAN_EQUITY":null,"LOAN_ASSETS":null,"DEPOSIT_EQUITY":null,"DEPOSIT_ASSETS":null,"EQUITY_MULTIPLIER":3.560498910263,"EQUITY_RATIO":2.675190198282},{"SECUCODE":"01476.HK","SECURITY_CODE":"01476","SECURITY_NAME_ABBR":"恒投证券","ORG_CODE":"10004801","STD_REPORT_DATE":"2020-06-30 00:00:00","REPORT_DATE":"2020-06-30 00:00:00","DATE_TYPE_CODE":"002","REPORT_TYPE":"2020年中报","PER_NETCASH_OPERATE":0.995668220393,"PER_OI":0.618008960944,"BPS":3.341767987996,"BASIC_EPS":0.0341,"DILUTED_EPS":0.0341,"OPERATE_INCOME":1609646000,"OPERATE_INCOME_YOY":-26.6251544174,"GROSS_PROFIT":null,"GROSS_PROFIT_YOY":null,"HOLDER_PROFIT":138928000,"HOLDER_PROFIT_YOY":-76.4622565588,"GROSS_PROFIT_RATIO":null,"EPS_TTM":0.111047615304,"OPERATE_INCOME_QOQ":-15.18243333167,"NET_PROFIT_RATIO":9.0678944314,"ROE_AVG":1.471787915412,"GROSS_PROFIT_QOQ":null,"ROA":0.458455891531,"HOLDER_PROFIT_QOQ":-60.943125133349,"ROE_YEARLY":2.943575830824,"ROIC_YEARLY":0.929281825643,"TOTAL_ASSETS":31079940000,"TOTAL_LIABILITIES":21972783000,"TAX_EBT":4.339933020061,"OCF_SALES":161.109026456749,"TOTAL_PARENT_EQUITY":8703860000,"DEBT_ASSET_RATIO":70.6976364819,"OPERATE_PROFIT":152583000,"PRETAX_PROFIT":152583000,"NETCASH_OPERATE":2593285000,"NETCASH_INVEST":-1609473000,"NETCASH_FINANCE":-1260428000,"END_CASH":2504089000,"DIVI_RATIO":null,"DIVIDEND_RATE":null,"CURRENT_RATIO":1.432076575283,"COMMON_ACS":null,"CURRENTDEBT_DEBT":92.50789488068,"ISSUED_COMMON_SHARES":2604567412,"HK_COMMON_SHARES":450846000,"PER_SHARES":1000,"TOTAL_MARKET_CAP":5235180498.12,"HKSK_MARKET_CAP":906200460,"PE_TTM":-65.656852192166,"PB_TTM":0.588290823872,"REPORT_DATE_SQ":"2019-06-30 00:00:00","REPORT_TYPE_SQ":"2019年中报","OPERATE_INCOME_SQ":2193730000,"DPS_HKD":null,"OPERATE_INCOME_QOQ_SQ":57.05073312079,"NET_PROFIT_RATIO_SQ":27.9355709226,"HOLDER_PROFIT_SQ":590235000,"HOLDER_PROFIT_QOQ_SQ":132.771892623907,"ROE_AVG_SQ":6.034797819933,"PE_TTM_SQ":-6.520420756233,"PB_TTM_SQ":0.59620614277,"ROA_SQ":1.925946620703,"START_DATE":"2020-01-01 00:00:00","FISCAL_YEAR":"12-31","CURRENCY":"HKD","IS_CNY_CODE":0,"DPS_HKD_LY":null,"ORG_TYPE":"证券","PREMIUM_INCOME":null,"PREMIUM_INCOME_YOY":null,"NET_INTEREST_INCOME":322582000,"NET_INTEREST_INCOME_YOY":null,"FEE_COMMISSION_INCOME":800674000,"FEE_COMMISSION_INCOME_YOY":-12.954889882784,"ACCOUNTS_RECE_TDAYS":null,"INVENTORY_TDAYS":null,"CURRENT_ASSETS_TDAYS":0.056450611423,"TOTAL_ASSETS_TDAYS":0.053117563917,"PREMIUM_EXPENSE":null,"LOAN_DEPOSIT":null,"LOAN_EQUITY":null,"LOAN_ASSETS":null,"DEPOSIT_EQUITY":null,"DEPOSIT_ASSETS":null,"EQUITY_MULTIPLIER":3.412693994402,"EQUITY_RATIO":2.524487181549}],"count":24},"success":true,"message":"ok","code":0}