{"version":"b864015824745e4b76cc63a7f41aa75c","result":{"pages":4,"data":[{"SECUCODE":"01483.HK","SECURITY_CODE":"01483","SECURITY_NAME_ABBR":"网誉科技","ORG_CODE":"10355802","STD_REPORT_DATE":"2024-06-30 00:00:00","REPORT_DATE":"2024-06-30 00:00:00","DATE_TYPE_CODE":"002","REPORT_TYPE":"2024年中报","PER_NETCASH_OPERATE":-0.081745131321,"PER_OI":0.121029404176,"BPS":0.389335126544,"BASIC_EPS":-0.00547608,"DILUTED_EPS":-0.00547608,"OPERATE_INCOME":96218376.32,"OPERATE_INCOME_YOY":2.6953836563,"GROSS_PROFIT":6919027.08,"GROSS_PROFIT_YOY":-34.873465644293,"HOLDER_PROFIT":-4390903.48,"HOLDER_PROFIT_YOY":-147.35218509,"GROSS_PROFIT_RATIO":7.190962209744,"EPS_TTM":-0.042987280855,"OPERATE_INCOME_QOQ":0.844178430949,"NET_PROFIT_RATIO":-7.2696919108,"ROE_AVG":-1.415747431365,"GROSS_PROFIT_QOQ":-17.803319669791,"ROA":-0.728517736704,"HOLDER_PROFIT_QOQ":-8.226345042442,"ROE_YEARLY":-2.831494862729,"ROIC_YEARLY":-3.147211110421,"TOTAL_ASSETS":668319056.8,"TOTAL_LIABILITIES":293069762.12,"TAX_EBT":-51.71240644137,"OCF_SALES":-67.541546516922,"TOTAL_PARENT_EQUITY":304836945.36,"DEBT_ASSET_RATIO":43.8517739601,"OPERATE_PROFIT":-4849981.52,"PRETAX_PROFIT":-4024006.12,"NETCASH_OPERATE":-64987379.4,"NETCASH_INVEST":12295624.96,"NETCASH_FINANCE":105769572.52,"END_CASH":275187622.88,"DIVI_RATIO":null,"DIVIDEND_RATE":null,"CURRENT_RATIO":2.055892896335,"COMMON_ACS":10000000000,"CURRENTDEBT_DEBT":93.649819843106,"ISSUED_COMMON_SHARES":782968000,"HK_COMMON_SHARES":782968000,"PER_SHARES":2000,"TOTAL_MARKET_CAP":955220960,"HKSK_MARKET_CAP":955220960,"PE_TTM":-25.330035268224,"PB_TTM":2.859925868707,"REPORT_DATE_SQ":"2023-06-30 00:00:00","REPORT_TYPE_SQ":"2023年中报","OPERATE_INCOME_SQ":94647700.86,"DPS_HKD":null,"OPERATE_INCOME_QOQ_SQ":-7.439424389678,"NET_PROFIT_RATIO_SQ":-0.4229348953,"HOLDER_PROFIT_SQ":-1793251.1,"HOLDER_PROFIT_QOQ_SQ":-5.778464689474,"ROE_AVG_SQ":-0.511229974636,"PE_TTM_SQ":-5.005726827338,"PB_TTM_SQ":2.195098861625,"ROA_SQ":-0.284158561939,"START_DATE":"2024-01-01 00:00:00","FISCAL_YEAR":"12-31","CURRENCY":"HKD","IS_CNY_CODE":0,"DPS_HKD_LY":null,"ORG_TYPE":"一般企业","PREMIUM_INCOME":null,"PREMIUM_INCOME_YOY":null,"NET_INTEREST_INCOME":null,"NET_INTEREST_INCOME_YOY":null,"FEE_COMMISSION_INCOME":null,"FEE_COMMISSION_INCOME_YOY":null,"ACCOUNTS_RECE_TDAYS":0.650638918976,"INVENTORY_TDAYS":13.670951515998,"CURRENT_ASSETS_TDAYS":0.197733151025,"TOTAL_ASSETS_TDAYS":0.159640935095,"PREMIUM_EXPENSE":null,"LOAN_DEPOSIT":null,"LOAN_EQUITY":null,"LOAN_ASSETS":null,"DEPOSIT_EQUITY":null,"DEPOSIT_ASSETS":null,"EQUITY_MULTIPLIER":1.781000167823,"EQUITY_RATIO":0.96139843474},{"SECUCODE":"01483.HK","SECURITY_CODE":"01483","SECURITY_NAME_ABBR":"网誉科技","ORG_CODE":"10355802","STD_REPORT_DATE":"2023-12-31 00:00:00","REPORT_DATE":"2023-12-31 00:00:00","DATE_TYPE_CODE":"001","REPORT_TYPE":"2023年年报","PER_NETCASH_OPERATE":0.02256430805,"PER_OI":0.234037299472,"BPS":0.400048245369,"BASIC_EPS":-0.045311,"DILUTED_EPS":-0.045311,"OPERATE_INCOME":186059653.08,"OPERATE_INCOME_YOY":-21.7168501283,"GROSS_PROFIT":20810436.08,"GROSS_PROFIT_YOY":-51.319731876882,"HOLDER_PROFIT":-31577235.9,"HOLDER_PROFIT_YOY":77.8635410711,"GROSS_PROFIT_RATIO":11.184819349874,"EPS_TTM":-0.039719793585,"OPERATE_INCOME_QOQ":-14.198843969181,"NET_PROFIT_RATIO":-19.5466456257,"ROE_AVG":-9.595604940311,"GROSS_PROFIT_QOQ":-45.077234876548,"ROA":-5.485410414015,"HOLDER_PROFIT_QOQ":78.769423622959,"ROE_YEARLY":-9.595604940311,"ROIC_YEARLY":-9.100215981593,"TOTAL_ASSETS":533314094.88,"TOTAL_LIABILITIES":142695213.64,"TAX_EBT":11.484593837535,"OCF_SALES":9.641329865474,"TOTAL_PARENT_EQUITY":313224974.58,"DEBT_ASSET_RATIO":26.7563177141,"OPERATE_PROFIT":-44704738.82,"PRETAX_PROFIT":-41087108.58,"NETCASH_OPERATE":17938624.9,"NETCASH_INVEST":143018734.18,"NETCASH_FINANCE":-11974791.08,"END_CASH":222235955.48,"DIVI_RATIO":null,"DIVIDEND_RATE":null,"CURRENT_RATIO":3.42196222784,"COMMON_ACS":10000000000,"CURRENTDEBT_DEBT":83.158476330797,"ISSUED_COMMON_SHARES":782968000,"HK_COMMON_SHARES":782968000,"PER_SHARES":2000,"TOTAL_MARKET_CAP":1017858400,"HKSK_MARKET_CAP":1017858400,"PE_TTM":-26.991021187452,"PB_TTM":3.047461991246,"REPORT_DATE_SQ":"2022-12-31 00:00:00","REPORT_TYPE_SQ":"2022年年报","OPERATE_INCOME_SQ":234278816.17,"DPS_HKD":null,"OPERATE_INCOME_QOQ_SQ":-9.449630311454,"NET_PROFIT_RATIO_SQ":-60.9872993964,"HOLDER_PROFIT_SQ":-140609630.7,"HOLDER_PROFIT_QOQ_SQ":-877.87373029635,"ROE_AVG_SQ":-33.69419218811,"PE_TTM_SQ":-5.482462715656,"PB_TTM_SQ":2.404155896066,"ROA_SQ":-20.56888833136,"START_DATE":"2023-01-01 00:00:00","FISCAL_YEAR":"12-31","CURRENCY":"HKD","IS_CNY_CODE":0,"DPS_HKD_LY":null,"ORG_TYPE":"一般企业","PREMIUM_INCOME":null,"PREMIUM_INCOME_YOY":null,"NET_INTEREST_INCOME":null,"NET_INTEREST_INCOME_YOY":null,"FEE_COMMISSION_INCOME":null,"FEE_COMMISSION_INCOME_YOY":null,"ACCOUNTS_RECE_TDAYS":1.210217476518,"INVENTORY_TDAYS":15.508589896241,"CURRENT_ASSETS_TDAYS":0.430610930857,"TOTAL_ASSETS_TDAYS":0.323211810516,"PREMIUM_EXPENSE":null,"LOAN_DEPOSIT":null,"LOAN_EQUITY":null,"LOAN_ASSETS":null,"DEPOSIT_EQUITY":null,"DEPOSIT_ASSETS":null,"EQUITY_MULTIPLIER":1.365305469073,"EQUITY_RATIO":0.455567803402},{"SECUCODE":"01483.HK","SECURITY_CODE":"01483","SECURITY_NAME_ABBR":"网誉科技","ORG_CODE":"10355802","STD_REPORT_DATE":"2023-06-30 00:00:00","REPORT_DATE":"2023-06-30 00:00:00","DATE_TYPE_CODE":"002","REPORT_TYPE":"2023年中报","PER_NETCASH_OPERATE":0.004709636201,"PER_OI":0.119053711774,"BPS":0.447795609041,"BASIC_EPS":-0.00276594,"DILUTED_EPS":-0.00276594,"OPERATE_INCOME":94647700.86,"OPERATE_INCOME_YOY":-20.8526199852,"GROSS_PROFIT":10623975.54,"GROSS_PROFIT_YOY":-36.97777124469,"HOLDER_PROFIT":-1793251.1,"HOLDER_PROFIT_YOY":-126.2695840086,"GROSS_PROFIT_RATIO":11.836719844287,"EPS_TTM":-0.187087683723,"OPERATE_INCOME_QOQ":-7.439424389678,"NET_PROFIT_RATIO":-0.4229348953,"ROE_AVG":-0.511229974636,"GROSS_PROFIT_QOQ":-11.365955421768,"ROA":-0.284158561939,"HOLDER_PROFIT_QOQ":-5.778464689474,"ROE_YEARLY":-1.022459949271,"ROIC_YEARLY":-0.849320870805,"TOTAL_ASSETS":633397494.06,"TOTAL_LIABILITIES":196502519.38,"TAX_EBT":79.151119402985,"OCF_SALES":3.69363141906,"TOTAL_PARENT_EQUITY":350609632.42,"DEBT_ASSET_RATIO":31.0235706997,"OPERATE_PROFIT":-885100.8,"PRETAX_PROFIT":1976725.12,"NETCASH_OPERATE":3744160.78,"NETCASH_INVEST":99335047.18,"NETCASH_FINANCE":-10321566.1,"END_CASH":170864099.54,"DIVI_RATIO":null,"DIVIDEND_RATE":null,"CURRENT_RATIO":2.914483907391,"COMMON_ACS":10000000000,"CURRENTDEBT_DEBT":83.939924271927,"ISSUED_COMMON_SHARES":782968000,"HK_COMMON_SHARES":782968000,"PER_SHARES":2000,"TOTAL_MARKET_CAP":1017858400,"HKSK_MARKET_CAP":1017858400,"PE_TTM":-26.991021187452,"PB_TTM":3.047461991246,"REPORT_DATE_SQ":"2022-06-30 00:00:00","REPORT_TYPE_SQ":"2022年中报","OPERATE_INCOME_SQ":118797008.47,"DPS_HKD":null,"OPERATE_INCOME_QOQ_SQ":-4.697926552725,"NET_PROFIT_RATIO_SQ":7.516215185,"HOLDER_PROFIT_SQ":6331826.76,"HOLDER_PROFIT_QOQ_SQ":-41.223460448623,"ROE_AVG_SQ":1.358031258197,"PE_TTM_SQ":-5.482462715656,"PB_TTM_SQ":2.404155896066,"ROA_SQ":0.874196159275,"START_DATE":"2023-01-01 00:00:00","FISCAL_YEAR":"12-31","CURRENCY":"HKD","IS_CNY_CODE":0,"DPS_HKD_LY":null,"ORG_TYPE":"一般企业","PREMIUM_INCOME":null,"PREMIUM_INCOME_YOY":null,"NET_INTEREST_INCOME":null,"NET_INTEREST_INCOME_YOY":null,"FEE_COMMISSION_INCOME":null,"FEE_COMMISSION_INCOME_YOY":null,"ACCOUNTS_RECE_TDAYS":0.526312551429,"INVENTORY_TDAYS":5.062516321095,"CURRENT_ASSETS_TDAYS":0.214127891294,"TOTAL_ASSETS_TDAYS":0.160627749362,"PREMIUM_EXPENSE":null,"LOAN_DEPOSIT":null,"LOAN_EQUITY":null,"LOAN_ASSETS":null,"DEPOSIT_EQUITY":null,"DEPOSIT_ASSETS":null,"EQUITY_MULTIPLIER":1.449770610256,"EQUITY_RATIO":0.560459557325},{"SECUCODE":"01483.HK","SECURITY_CODE":"01483","SECURITY_NAME_ABBR":"网誉科技","ORG_CODE":"10355802","STD_REPORT_DATE":"2022-12-31 00:00:00","REPORT_DATE":"2022-12-31 00:00:00","DATE_TYPE_CODE":"001","REPORT_TYPE":"2022年年报","PER_NETCASH_OPERATE":-0.026727312566,"PER_OI":0.294690334805,"BPS":0.434253064455,"BASIC_EPS":-0.178654,"DILUTED_EPS":-0.178654,"OPERATE_INCOME":234278816.17,"OPERATE_INCOME_YOY":-21.0138926116,"GROSS_PROFIT":42749222.39,"GROSS_PROFIT_YOY":-36.121009984442,"HOLDER_PROFIT":-140609630.7,"HOLDER_PROFIT_YOY":-518.4766715406,"GROSS_PROFIT_RATIO":18.247156567062,"EPS_TTM":-0.17686746,"OPERATE_INCOME_QOQ":-9.449630311454,"NET_PROFIT_RATIO":-60.9872993964,"ROE_AVG":-33.69419218811,"GROSS_PROFIT_QOQ":-17.377575839291,"ROA":-20.56888833136,"HOLDER_PROFIT_QOQ":-877.87373029635,"ROE_YEARLY":-33.69419218811,"ROIC_YEARLY":-30.851064872297,"TOTAL_ASSETS":609171729.39,"TOTAL_LIABILITIES":186889056.13,"TAX_EBT":1.975180021449,"OCF_SALES":-9.069626455079,"TOTAL_PARENT_EQUITY":340006253.37,"DEBT_ASSET_RATIO":30.6792070468,"OPERATE_PROFIT":-147058146.83,"PRETAX_PROFIT":-145759332.25,"NETCASH_OPERATE":-21118689.34,"NETCASH_INVEST":-105862320.97,"NETCASH_FINANCE":6205546.69,"END_CASH":73168638.97,"DIVI_RATIO":null,"DIVIDEND_RATE":null,"CURRENT_RATIO":2.904757253101,"COMMON_ACS":10000000000,"CURRENTDEBT_DEBT":83.180303892094,"ISSUED_COMMON_SHARES":782968000,"HK_COMMON_SHARES":782968000,"PER_SHARES":2000,"TOTAL_MARKET_CAP":1017858400,"HKSK_MARKET_CAP":1017858400,"PE_TTM":-26.991021187452,"PB_TTM":3.047461991246,"REPORT_DATE_SQ":"2021-12-31 00:00:00","REPORT_TYPE_SQ":"2021年年报","OPERATE_INCOME_SQ":271481627.2,"DPS_HKD":null,"OPERATE_INCOME_QOQ_SQ":16.268391769212,"NET_PROFIT_RATIO_SQ":14.5452300427,"HOLDER_PROFIT_SQ":30754024,"HOLDER_PROFIT_QOQ_SQ":17.251820173532,"ROE_AVG_SQ":8.073551632954,"PE_TTM_SQ":-5.482462715656,"PB_TTM_SQ":2.404155896066,"ROA_SQ":4.956822994704,"START_DATE":"2022-01-01 00:00:00","FISCAL_YEAR":"12-31","CURRENCY":"HKD","IS_CNY_CODE":0,"DPS_HKD_LY":null,"ORG_TYPE":"一般企业","PREMIUM_INCOME":null,"PREMIUM_INCOME_YOY":null,"NET_INTEREST_INCOME":null,"NET_INTEREST_INCOME_YOY":null,"FEE_COMMISSION_INCOME":null,"FEE_COMMISSION_INCOME_YOY":null,"ACCOUNTS_RECE_TDAYS":1.63437744397,"INVENTORY_TDAYS":11.026123624396,"CURRENT_ASSETS_TDAYS":0.510614479458,"TOTAL_ASSETS_TDAYS":0.342711575602,"PREMIUM_EXPENSE":null,"LOAN_DEPOSIT":null,"LOAN_EQUITY":null,"LOAN_ASSETS":null,"DEPOSIT_EQUITY":null,"DEPOSIT_ASSETS":null,"EQUITY_MULTIPLIER":1.442568610944,"EQUITY_RATIO":0.549663584942},{"SECUCODE":"01483.HK","SECURITY_CODE":"01483","SECURITY_NAME_ABBR":"网誉科技","ORG_CODE":"10355802","STD_REPORT_DATE":"2022-06-30 00:00:00","REPORT_DATE":"2022-06-30 00:00:00","DATE_TYPE_CODE":"002","REPORT_TYPE":"2022年中报","PER_NETCASH_OPERATE":-0.020849424629,"PER_OI":0.149430199333,"BPS":0.586192808288,"BASIC_EPS":0.00769671,"DILUTED_EPS":0.00769671,"OPERATE_INCOME":118797008.47,"OPERATE_INCOME_YOY":-12.1354341267,"GROSS_PROFIT":16857505.28,"GROSS_PROFIT_YOY":-47.384816027037,"HOLDER_PROFIT":6331826.76,"HOLDER_PROFIT_YOY":-67.5917009542,"GROSS_PROFIT_RATIO":14.190176585345,"EPS_TTM":0.022737296956,"OPERATE_INCOME_QOQ":-4.697926552725,"NET_PROFIT_RATIO":7.516215185,"ROE_AVG":1.358031258197,"GROSS_PROFIT_QOQ":-22.685650216089,"ROA":0.874196159275,"HOLDER_PROFIT_QOQ":-41.223460448623,"ROE_YEARLY":2.716062516393,"ROIC_YEARLY":2.900856073814,"TOTAL_ASSETS":722885265.48,"TOTAL_LIABILITIES":173672840.39,"TAX_EBT":23.565153733529,"OCF_SALES":-13.952617825546,"TOTAL_PARENT_EQUITY":458970210.72,"DEBT_ASSET_RATIO":24.0249523242,"OPERATE_PROFIT":11795635.67,"PRETAX_PROFIT":11681895.4,"NETCASH_OPERATE":-16575292.58,"NETCASH_INVEST":4588094.35,"NETCASH_FINANCE":11642556.66,"END_CASH":197840509.79,"DIVI_RATIO":null,"DIVIDEND_RATE":null,"CURRENT_RATIO":3.190200434316,"COMMON_ACS":10000000000,"CURRENTDEBT_DEBT":78.9103855112,"ISSUED_COMMON_SHARES":782968000,"HK_COMMON_SHARES":782968000,"PER_SHARES":2000,"TOTAL_MARKET_CAP":1017858400,"HKSK_MARKET_CAP":1017858400,"PE_TTM":-26.991021187452,"PB_TTM":3.047461991246,"REPORT_DATE_SQ":"2021-06-30 00:00:00","REPORT_TYPE_SQ":"2021年中报","OPERATE_INCOME_SQ":131551015.92,"DPS_HKD":null,"OPERATE_INCOME_QOQ_SQ":8.60714679031,"NET_PROFIT_RATIO_SQ":19.2588188414,"HOLDER_PROFIT_SQ":19009699.68,"HOLDER_PROFIT_QOQ_SQ":-67.40146404738,"ROE_AVG_SQ":4.865105443271,"PE_TTM_SQ":-5.482462715656,"PB_TTM_SQ":2.404155896066,"ROA_SQ":3.018464079273,"START_DATE":"2022-01-01 00:00:00","FISCAL_YEAR":"12-31","CURRENCY":"HKD","IS_CNY_CODE":0,"DPS_HKD_LY":null,"ORG_TYPE":"一般企业","PREMIUM_INCOME":null,"PREMIUM_INCOME_YOY":null,"NET_INTEREST_INCOME":null,"NET_INTEREST_INCOME_YOY":null,"FEE_COMMISSION_INCOME":null,"FEE_COMMISSION_INCOME_YOY":null,"ACCOUNTS_RECE_TDAYS":0.915781076947,"INVENTORY_TDAYS":null,"CURRENT_ASSETS_TDAYS":0.268950629235,"TOTAL_ASSETS_TDAYS":0.164015682163,"PREMIUM_EXPENSE":null,"LOAN_DEPOSIT":null,"LOAN_EQUITY":null,"LOAN_ASSETS":null,"DEPOSIT_EQUITY":null,"DEPOSIT_ASSETS":null,"EQUITY_MULTIPLIER":1.316221615638,"EQUITY_RATIO":0.378396759383},{"SECUCODE":"01483.HK","SECURITY_CODE":"01483","SECURITY_NAME_ABBR":"网誉科技","ORG_CODE":"10355802","STD_REPORT_DATE":"2021-12-31 00:00:00","REPORT_DATE":"2021-12-31 00:00:00","DATE_TYPE_CODE":"001","REPORT_TYPE":"2021年年报","PER_NETCASH_OPERATE":-0.031969702642,"PER_OI":0.341486323522,"BPS":0.578205707513,"BASIC_EPS":0.04088,"DILUTED_EPS":0.04088,"OPERATE_INCOME":271481627.2,"OPERATE_INCOME_YOY":29.9886863214,"GROSS_PROFIT":66922195.2,"GROSS_PROFIT_YOY":-12.653610991438,"HOLDER_PROFIT":30754024,"HOLDER_PROFIT_YOY":-60.6537656904,"GROSS_PROFIT_RATIO":24.650727156095,"EPS_TTM":0.038684306918,"OPERATE_INCOME_QOQ":16.268391769212,"NET_PROFIT_RATIO":14.5452300427,"ROE_AVG":8.073551632954,"GROSS_PROFIT_QOQ":-4.621421091598,"ROA":4.956822994704,"HOLDER_PROFIT_QOQ":17.251820173532,"ROE_YEARLY":8.073551632954,"ROIC_YEARLY":7.816599285773,"TOTAL_ASSETS":693821083.2,"TOTAL_LIABILITIES":157311145.6,"TAX_EBT":15.3856935125,"OCF_SALES":-9.361927678913,"TOTAL_PARENT_EQUITY":452716566.4,"DEBT_ASSET_RATIO":22.6731573037,"OPERATE_PROFIT":41983760,"PRETAX_PROFIT":46667790.4,"NETCASH_OPERATE":-25415913.6,"NETCASH_INVEST":31274835.2,"NETCASH_FINANCE":77513385.6,"END_CASH":190997900.8,"DIVI_RATIO":null,"DIVIDEND_RATE":null,"CURRENT_RATIO":3.417212991283,"COMMON_ACS":10000000000,"CURRENTDEBT_DEBT":79.35667286883,"ISSUED_COMMON_SHARES":782968000,"HK_COMMON_SHARES":782968000,"PER_SHARES":2000,"TOTAL_MARKET_CAP":1017858400,"HKSK_MARKET_CAP":1017858400,"PE_TTM":-26.991021187452,"PB_TTM":3.047461991246,"REPORT_DATE_SQ":"2020-12-31 00:00:00","REPORT_TYPE_SQ":"2020年年报","OPERATE_INCOME_SQ":214991046.52,"DPS_HKD":null,"OPERATE_INCOME_QOQ_SQ":-50.817938074859,"NET_PROFIT_RATIO_SQ":44.9337034094,"HOLDER_PROFIT_SQ":80460784,"HOLDER_PROFIT_QOQ_SQ":325.315350128216,"ROE_AVG_SQ":29.941995214292,"PE_TTM_SQ":-5.482462715656,"PB_TTM_SQ":2.404155896066,"ROA_SQ":14.189692138599,"START_DATE":"2021-01-01 00:00:00","FISCAL_YEAR":"12-31","CURRENCY":"HKD","IS_CNY_CODE":0,"DPS_HKD_LY":null,"ORG_TYPE":"一般企业","PREMIUM_INCOME":null,"PREMIUM_INCOME_YOY":null,"NET_INTEREST_INCOME":null,"NET_INTEREST_INCOME_YOY":null,"FEE_COMMISSION_INCOME":null,"FEE_COMMISSION_INCOME_YOY":null,"ACCOUNTS_RECE_TDAYS":3.537570714765,"INVENTORY_TDAYS":null,"CURRENT_ASSETS_TDAYS":0.768532137802,"TOTAL_ASSETS_TDAYS":0.437564324052,"PREMIUM_EXPENSE":null,"LOAN_DEPOSIT":null,"LOAN_EQUITY":null,"LOAN_ASSETS":null,"DEPOSIT_EQUITY":null,"DEPOSIT_ASSETS":null,"EQUITY_MULTIPLIER":1.2932119884,"EQUITY_RATIO":0.34748263544},{"SECUCODE":"01483.HK","SECURITY_CODE":"01483","SECURITY_NAME_ABBR":"网誉科技","ORG_CODE":"10355802","STD_REPORT_DATE":"2021-06-30 00:00:00","REPORT_DATE":"2021-06-30 00:00:00","DATE_TYPE_CODE":"002","REPORT_TYPE":"2021年中报","PER_NETCASH_OPERATE":-0.006697459019,"PER_OI":0.165472976,"BPS":0.596278231958,"BASIC_EPS":0.02579448,"DILUTED_EPS":0.02579448,"OPERATE_INCOME":131551015.92,"OPERATE_INCOME_YOY":27.7474769512,"GROSS_PROFIT":32039240.4,"GROSS_PROFIT_YOY":-16.762704622543,"HOLDER_PROFIT":19009699.68,"HOLDER_PROFIT_YOY":-71.5073208451,"GROSS_PROFIT_RATIO":24.354992757703,"EPS_TTM":0.032992500126,"OPERATE_INCOME_QOQ":8.60714679031,"NET_PROFIT_RATIO":19.2588188414,"ROE_AVG":4.865105443271,"GROSS_PROFIT_QOQ":-8.421377202059,"ROA":3.018464079273,"HOLDER_PROFIT_QOQ":-67.40146404738,"ROE_YEARLY":9.730210886541,"ROIC_YEARLY":9.509201815597,"TOTAL_ASSETS":702817204.08,"TOTAL_LIABILITIES":155407581.6,"TAX_EBT":21.47315211224,"OCF_SALES":-4.047463930828,"TOTAL_PARENT_EQUITY":466866774.72,"DEBT_ASSET_RATIO":22.1120912661,"OPERATE_PROFIT":31793776.8,"PRETAX_PROFIT":32263069.92,"NETCASH_OPERATE":-5324479.92,"NETCASH_INVEST":1298876.88,"NETCASH_FINANCE":107700274.8,"END_CASH":197015742,"DIVI_RATIO":null,"DIVIDEND_RATE":null,"CURRENT_RATIO":3.408908892345,"COMMON_ACS":10000000000,"CURRENTDEBT_DEBT":80.893612464529,"ISSUED_COMMON_SHARES":782968000,"HK_COMMON_SHARES":782968000,"PER_SHARES":2000,"TOTAL_MARKET_CAP":1017858400,"HKSK_MARKET_CAP":1017858400,"PE_TTM":-26.991021187452,"PB_TTM":3.047461991246,"REPORT_DATE_SQ":"2020-06-30 00:00:00","REPORT_TYPE_SQ":"2020年中报","OPERATE_INCOME_SQ":113046420.96,"DPS_HKD":null,"OPERATE_INCOME_QOQ_SQ":5.64668042016,"NET_PROFIT_RATIO_SQ":71.8872970855,"HOLDER_PROFIT_SQ":73241446.08,"HOLDER_PROFIT_QOQ_SQ":129.743710281882,"ROE_AVG_SQ":27.049127790278,"PE_TTM_SQ":-5.482462715656,"PB_TTM_SQ":2.404155896066,"ROA_SQ":12.36491154482,"START_DATE":"2021-01-01 00:00:00","FISCAL_YEAR":"12-31","CURRENCY":"HKD","IS_CNY_CODE":0,"DPS_HKD_LY":null,"ORG_TYPE":"一般企业","PREMIUM_INCOME":null,"PREMIUM_INCOME_YOY":null,"NET_INTEREST_INCOME":null,"NET_INTEREST_INCOME_YOY":null,"FEE_COMMISSION_INCOME":null,"FEE_COMMISSION_INCOME_YOY":null,"ACCOUNTS_RECE_TDAYS":1.920495128884,"INVENTORY_TDAYS":null,"CURRENT_ASSETS_TDAYS":0.368796493495,"TOTAL_ASSETS_TDAYS":0.208883897605,"PREMIUM_EXPENSE":null,"LOAN_DEPOSIT":null,"LOAN_EQUITY":null,"LOAN_ASSETS":null,"DEPOSIT_EQUITY":null,"DEPOSIT_ASSETS":null,"EQUITY_MULTIPLIER":1.283896327755,"EQUITY_RATIO":0.332873509136},{"SECUCODE":"01483.HK","SECURITY_CODE":"01483","SECURITY_NAME_ABBR":"网誉科技","ORG_CODE":"10355802","STD_REPORT_DATE":"2020-12-31 00:00:00","REPORT_DATE":"2020-12-31 00:00:00","DATE_TYPE_CODE":"001","REPORT_TYPE":"2020年年报","PER_NETCASH_OPERATE":0.094643313362,"PER_OI":0.304951839035,"BPS":0.406426615341,"BASIC_EPS":0.1178296,"DILUTED_EPS":0.1178296,"OPERATE_INCOME":214991046.52,"OPERATE_INCOME_YOY":11.3211165101,"GROSS_PROFIT":76617014.12,"GROSS_PROFIT_YOY":23.270247650102,"HOLDER_PROFIT":80460784,"HOLDER_PROFIT_YOY":234.642198217,"GROSS_PROFIT_RATIO":35.637304604158,"EPS_TTM":0.114128771631,"OPERATE_INCOME_QOQ":-50.817938074859,"NET_PROFIT_RATIO":44.9337034094,"ROE_AVG":29.941995214292,"GROSS_PROFIT_QOQ":-77.703709356961,"ROA":14.189692138599,"HOLDER_PROFIT_QOQ":325.315350128216,"ROE_YEARLY":29.941995214292,"ROIC_YEARLY":22.998156057885,"TOTAL_ASSETS":563140482.36,"TOTAL_LIABILITIES":169140182.6,"TAX_EBT":24.042665726375,"OCF_SALES":31.035495198537,"TOTAL_PARENT_EQUITY":318219034.16,"DEBT_ASSET_RATIO":30.0351666943,"OPERATE_PROFIT":46197619.6,"PRETAX_PROFIT":47737820.8,"NETCASH_OPERATE":62219920.28,"NETCASH_INVEST":-96173361.16,"NETCASH_FINANCE":-57787002.4,"END_CASH":108682656.48,"DIVI_RATIO":null,"DIVIDEND_RATE":null,"CURRENT_RATIO":2.137012553294,"COMMON_ACS":10000000000,"CURRENTDEBT_DEBT":79.71388052646,"ISSUED_COMMON_SHARES":782968000,"HK_COMMON_SHARES":782968000,"PER_SHARES":2000,"TOTAL_MARKET_CAP":1017858400,"HKSK_MARKET_CAP":1017858400,"PE_TTM":-26.991021187452,"PB_TTM":3.047461991246,"REPORT_DATE_SQ":"2019-12-31 00:00:00","REPORT_TYPE_SQ":"2019年年报","OPERATE_INCOME_SQ":205550157.7,"DPS_HKD":null,"OPERATE_INCOME_QOQ_SQ":0.677747045539,"NET_PROFIT_RATIO_SQ":-12.9508193172,"HOLDER_PROFIT_SQ":-63603067.34,"HOLDER_PROFIT_QOQ_SQ":-219.379314088609,"ROE_AVG_SQ":-38.856783232091,"PE_TTM_SQ":-5.482462715656,"PB_TTM_SQ":2.404155896066,"ROA_SQ":-11.361779787608,"START_DATE":"2020-01-01 00:00:00","FISCAL_YEAR":"12-31","CURRENCY":"HKD","IS_CNY_CODE":0,"DPS_HKD_LY":null,"ORG_TYPE":"一般企业","PREMIUM_INCOME":null,"PREMIUM_INCOME_YOY":null,"NET_INTEREST_INCOME":null,"NET_INTEREST_INCOME_YOY":null,"FEE_COMMISSION_INCOME":null,"FEE_COMMISSION_INCOME_YOY":null,"ACCOUNTS_RECE_TDAYS":5.722866328371,"INVENTORY_TDAYS":null,"CURRENT_ASSETS_TDAYS":0.803532557408,"TOTAL_ASSETS_TDAYS":0.379148277088,"PREMIUM_EXPENSE":null,"LOAN_DEPOSIT":null,"LOAN_EQUITY":null,"LOAN_ASSETS":null,"DEPOSIT_EQUITY":null,"DEPOSIT_ASSETS":null,"EQUITY_MULTIPLIER":1.429289476944,"EQUITY_RATIO":0.531521261908},{"SECUCODE":"01483.HK","SECURITY_CODE":"01483","SECURITY_NAME_ABBR":"网誉科技","ORG_CODE":"10355802","STD_REPORT_DATE":"2020-06-30 00:00:00","REPORT_DATE":"2020-06-30 00:00:00","DATE_TYPE_CODE":"002","REPORT_TYPE":"2020年中报","PER_NETCASH_OPERATE":-0.002402152851,"PER_OI":0.160349533277,"BPS":0.387776377476,"BASIC_EPS":0.10413216,"DILUTED_EPS":0.10413216,"OPERATE_INCOME":113046420.96,"OPERATE_INCOME_YOY":21.390668066,"GROSS_PROFIT":38491448.16,"GROSS_PROFIT_YOY":36.60887323638,"HOLDER_PROFIT":73241446.08,"HOLDER_PROFIT_YOY":860.0910038866,"GROSS_PROFIT_RATIO":34.049240863291,"EPS_TTM":0.026833917844,"OPERATE_INCOME_QOQ":5.64668042016,"NET_PROFIT_RATIO":71.8872970855,"ROE_AVG":27.049127790278,"GROSS_PROFIT_QOQ":3.094677095298,"ROA":12.36491154482,"HOLDER_PROFIT_QOQ":129.743710281882,"ROE_YEARLY":54.098255580557,"ROIC_YEARLY":43.521057766548,"TOTAL_ASSETS":565026580.8,"TOTAL_LIABILITIES":192700215.84,"TAX_EBT":35.932980599647,"OCF_SALES":-1.498072867428,"TOTAL_PARENT_EQUITY":303616494.72,"DEBT_ASSET_RATIO":34.1046284172,"OPERATE_PROFIT":24232649.76,"PRETAX_PROFIT":25896024,"NETCASH_OPERATE":-1693517.76,"NETCASH_INVEST":-27106332,"NETCASH_FINANCE":1707219.36,"END_CASH":171584223.36,"DIVI_RATIO":null,"DIVIDEND_RATE":null,"CURRENT_RATIO":1.74133279812,"COMMON_ACS":10000000000,"CURRENTDEBT_DEBT":80.300624286006,"ISSUED_COMMON_SHARES":782968000,"HK_COMMON_SHARES":782968000,"PER_SHARES":2000,"TOTAL_MARKET_CAP":1017858400,"HKSK_MARKET_CAP":1017858400,"PE_TTM":-26.991021187452,"PB_TTM":3.047461991246,"REPORT_DATE_SQ":"2019-06-30 00:00:00","REPORT_TYPE_SQ":"2019年中报","OPERATE_INCOME_SQ":89682216.66,"DPS_HKD":null,"OPERATE_INCOME_QOQ_SQ":14.164032644302,"NET_PROFIT_RATIO_SQ":-0.4284726435,"HOLDER_PROFIT_SQ":-9279533.34,"HOLDER_PROFIT_QOQ_SQ":16.623784875763,"ROE_AVG_SQ":-8.317137687301,"PE_TTM_SQ":-5.482462715656,"PB_TTM_SQ":2.404155896066,"ROA_SQ":-1.713757497384,"START_DATE":"2020-01-01 00:00:00","FISCAL_YEAR":"12-31","CURRENCY":"HKD","IS_CNY_CODE":0,"DPS_HKD_LY":null,"ORG_TYPE":"一般企业","PREMIUM_INCOME":null,"PREMIUM_INCOME_YOY":null,"NET_INTEREST_INCOME":null,"NET_INTEREST_INCOME_YOY":null,"FEE_COMMISSION_INCOME":null,"FEE_COMMISSION_INCOME_YOY":null,"ACCOUNTS_RECE_TDAYS":2.514047169236,"INVENTORY_TDAYS":null,"CURRENT_ASSETS_TDAYS":0.420631359993,"TOTAL_ASSETS_TDAYS":0.190849453478,"PREMIUM_EXPENSE":null,"LOAN_DEPOSIT":null,"LOAN_EQUITY":null,"LOAN_ASSETS":null,"DEPOSIT_EQUITY":null,"DEPOSIT_ASSETS":null,"EQUITY_MULTIPLIER":1.517557266892,"EQUITY_RATIO":0.634682960877}],"count":30},"success":true,"message":"ok","code":0}