{"version":"90a151b5675a5caab9b44edcdfb56a35","result":{"pages":3,"data":[{"SECUCODE":"01480.HK","SECURITY_CODE":"01480","SECURITY_NAME_ABBR":"恩达集团控股","ORG_CODE":"10427428","STD_REPORT_DATE":"2024-06-30 00:00:00","REPORT_DATE":"2024-06-30 00:00:00","DATE_TYPE_CODE":"002","REPORT_TYPE":"2024年中报","PER_NETCASH_OPERATE":0.159057307,"PER_OI":1.191633036333,"BPS":2.759868263333,"BASIC_EPS":0.12503716,"DILUTED_EPS":0.12503716,"OPERATE_INCOME":285991928.72,"OPERATE_INCOME_YOY":1.0278367068,"GROSS_PROFIT":70750040.92,"GROSS_PROFIT_YOY":-11.282525344748,"HOLDER_PROFIT":29938642.04,"HOLDER_PROFIT_YOY":-22.9379566331,"GROSS_PROFIT_RATIO":24.73847469635,"EPS_TTM":0.244726815167,"OPERATE_INCOME_QOQ":0.004396905621,"NET_PROFIT_RATIO":10.4683520874,"ROE_AVG":4.535850684602,"GROSS_PROFIT_QOQ":-5.942808375262,"ROA":2.982965460328,"HOLDER_PROFIT_QOQ":-13.678785797282,"ROE_YEARLY":9.071701369204,"ROIC_YEARLY":10.73103389617,"TOTAL_ASSETS":1031909777.16,"TOTAL_LIABILITIES":369541393.96,"TAX_EBT":16.444636898546,"OCF_SALES":13.34784301461,"TOTAL_PARENT_EQUITY":662368383.2,"DEBT_ASSET_RATIO":35.811405429,"OPERATE_PROFIT":36426884.16,"PRETAX_PROFIT":35830904.12,"NETCASH_OPERATE":38173753.68,"NETCASH_INVEST":-10963112.16,"NETCASH_FINANCE":24345739,"END_CASH":468957801,"DIVI_RATIO":0.370298612101,"DIVIDEND_RATE":8.849557522124,"CURRENT_RATIO":3.054597290446,"COMMON_ACS":10000000000,"CURRENTDEBT_DEBT":65.664601120779,"ISSUED_COMMON_SHARES":240000000,"HK_COMMON_SHARES":240000000,"PER_SHARES":2000,"TOTAL_MARKET_CAP":271200000,"HKSK_MARKET_CAP":271200000,"PE_TTM":4.151931291049,"PB_TTM":0.373687546504,"REPORT_DATE_SQ":"2023-06-30 00:00:00","REPORT_TYPE_SQ":"2023年中报","OPERATE_INCOME_SQ":285966848.68,"DPS_HKD":0.1,"OPERATE_INCOME_QOQ_SQ":-5.087029185654,"NET_PROFIT_RATIO_SQ":13.7239413733,"HOLDER_PROFIT_SQ":39245922.66,"HOLDER_PROFIT_QOQ_SQ":0.857661825048,"ROE_AVG_SQ":6.241234787109,"PE_TTM_SQ":2.954763357448,"PB_TTM_SQ":0.398437396699,"ROA_SQ":4.103310063217,"START_DATE":"2024-01-01 00:00:00","FISCAL_YEAR":"12-31","CURRENCY":"HKD","IS_CNY_CODE":0,"DPS_HKD_LY":0.1,"ORG_TYPE":"一般企业","PREMIUM_INCOME":null,"PREMIUM_INCOME_YOY":null,"NET_INTEREST_INCOME":null,"NET_INTEREST_INCOME_YOY":null,"FEE_COMMISSION_INCOME":null,"FEE_COMMISSION_INCOME_YOY":null,"ACCOUNTS_RECE_TDAYS":1.606379297529,"INVENTORY_TDAYS":4.054725512783,"CURRENT_ASSETS_TDAYS":0.401965739384,"TOTAL_ASSETS_TDAYS":0.284950815125,"PREMIUM_EXPENSE":null,"LOAN_DEPOSIT":null,"LOAN_EQUITY":null,"LOAN_ASSETS":null,"DEPOSIT_EQUITY":null,"DEPOSIT_ASSETS":null,"EQUITY_MULTIPLIER":1.557909168573,"EQUITY_RATIO":0.557909168573},{"SECUCODE":"01480.HK","SECURITY_CODE":"01480","SECURITY_NAME_ABBR":"恩达集团控股","ORG_CODE":"10427428","STD_REPORT_DATE":"2023-12-31 00:00:00","REPORT_DATE":"2023-12-31 00:00:00","DATE_TYPE_CODE":"001","REPORT_TYPE":"2023年年报","PER_NETCASH_OPERATE":0.49951979175,"PER_OI":2.3766752275,"BPS":2.721106794,"BASIC_EPS":0.28364686,"DILUTED_EPS":0.28364686,"OPERATE_INCOME":570402054.6,"OPERATE_INCOME_YOY":-15.3550507523,"GROSS_PROFIT":151402175.4,"GROSS_PROFIT_YOY":-6.242462637436,"HOLDER_PROFIT":68041716.26,"HOLDER_PROFIT_YOY":-20.3481710939,"GROSS_PROFIT_RATIO":26.543062771079,"EPS_TTM":0.283507151083,"OPERATE_INCOME_QOQ":-9.525461659034,"NET_PROFIT_RATIO":11.9287291677,"ROE_AVG":10.695233631947,"GROSS_PROFIT_QOQ":-11.183724213365,"ROA":7.05966200915,"HOLDER_PROFIT_QOQ":-19.880588524185,"ROE_YEARLY":10.695233631947,"ROIC_YEARLY":11.670194941045,"TOTAL_ASSETS":968493625.96,"TOTAL_LIABILITIES":315427995.4,"TAX_EBT":15.909192724666,"OCF_SALES":21.017587340928,"TOTAL_PARENT_EQUITY":653065630.56,"DEBT_ASSET_RATIO":32.5689283796,"OPERATE_PROFIT":81429304.32,"PRETAX_PROFIT":80914571.36,"NETCASH_OPERATE":119884750.02,"NETCASH_INVEST":-9334972.22,"NETCASH_FINANCE":-30026693.48,"END_CASH":419394991.12,"DIVI_RATIO":0.319646258141,"DIVIDEND_RATE":9.433962264151,"CURRENT_RATIO":3.593240395994,"COMMON_ACS":10000000000,"CURRENTDEBT_DEBT":59.724193409372,"ISSUED_COMMON_SHARES":240000000,"HK_COMMON_SHARES":240000000,"PER_SHARES":2000,"TOTAL_MARKET_CAP":254400000,"HKSK_MARKET_CAP":254400000,"PE_TTM":3.894732007532,"PB_TTM":0.350538760438,"REPORT_DATE_SQ":"2022-12-31 00:00:00","REPORT_TYPE_SQ":"2022年年报","OPERATE_INCOME_SQ":664246291.24,"DPS_HKD":0.1,"OPERATE_INCOME_QOQ_SQ":3.453645219397,"NET_PROFIT_RATIO_SQ":12.6765033378,"HOLDER_PROFIT_SQ":84203203.28,"HOLDER_PROFIT_QOQ_SQ":50.660242616841,"ROE_AVG_SQ":14.108219792127,"PE_TTM_SQ":2.719428222784,"PB_TTM_SQ":0.36670344475,"ROA_SQ":8.827175985407,"START_DATE":"2023-01-01 00:00:00","FISCAL_YEAR":"12-31","CURRENCY":"HKD","IS_CNY_CODE":0,"DPS_HKD_LY":0.12,"ORG_TYPE":"一般企业","PREMIUM_INCOME":null,"PREMIUM_INCOME_YOY":null,"NET_INTEREST_INCOME":null,"NET_INTEREST_INCOME_YOY":null,"FEE_COMMISSION_INCOME":null,"FEE_COMMISSION_INCOME_YOY":null,"ACCOUNTS_RECE_TDAYS":3.133589391907,"INVENTORY_TDAYS":6.442739794745,"CURRENT_ASSETS_TDAYS":0.85942268227,"TOTAL_ASSETS_TDAYS":0.591820126849,"PREMIUM_EXPENSE":null,"LOAN_DEPOSIT":null,"LOAN_EQUITY":null,"LOAN_ASSETS":null,"DEPOSIT_EQUITY":null,"DEPOSIT_ASSETS":null,"EQUITY_MULTIPLIER":1.482995859282,"EQUITY_RATIO":0.482995859282},{"SECUCODE":"01480.HK","SECURITY_CODE":"01480","SECURITY_NAME_ABBR":"恩达集团控股","ORG_CODE":"10427428","STD_REPORT_DATE":"2023-06-30 00:00:00","REPORT_DATE":"2023-06-30 00:00:00","DATE_TYPE_CODE":"002","REPORT_TYPE":"2023年中报","PER_NETCASH_OPERATE":0.201759956667,"PER_OI":1.191528536167,"BPS":2.614808270083,"BASIC_EPS":0.16319046,"DILUTED_EPS":0.16319046,"OPERATE_INCOME":285966848.68,"OPERATE_INCOME_YOY":-17.0461778755,"GROSS_PROFIT":79747582.08,"GROSS_PROFIT_YOY":12.695844285783,"HOLDER_PROFIT":39245922.66,"HOLDER_PROFIT_YOY":-5.5053610673,"GROSS_PROFIT_RATIO":27.887002443853,"EPS_TTM":0.353855758375,"OPERATE_INCOME_QOQ":-5.087029185654,"NET_PROFIT_RATIO":13.7239413733,"ROE_AVG":6.241234787109,"GROSS_PROFIT_QOQ":5.563464052241,"ROA":4.103310063217,"HOLDER_PROFIT_QOQ":0.857661825048,"ROE_YEARLY":12.482469574219,"ROIC_YEARLY":12.947585502062,"TOTAL_ASSETS":937084798.34,"TOTAL_LIABILITIES":309530813.52,"TAX_EBT":13.976517187721,"OCF_SALES":16.932868206057,"TOTAL_PARENT_EQUITY":627553984.82,"DEBT_ASSET_RATIO":33.0312490469,"OPERATE_PROFIT":46042759.22,"PRETAX_PROFIT":45622336.34,"NETCASH_OPERATE":48422389.6,"NETCASH_INVEST":-3382744.62,"NETCASH_FINANCE":-33946381.62,"END_CASH":352337422.94,"DIVI_RATIO":0.256098700827,"DIVIDEND_RATE":9.433962264151,"CURRENT_RATIO":3.570242062437,"COMMON_ACS":10000000000,"CURRENTDEBT_DEBT":58.277632817433,"ISSUED_COMMON_SHARES":240000000,"HK_COMMON_SHARES":240000000,"PER_SHARES":2000,"TOTAL_MARKET_CAP":254400000,"HKSK_MARKET_CAP":254400000,"PE_TTM":3.894732007532,"PB_TTM":0.350538760438,"REPORT_DATE_SQ":"2022-06-30 00:00:00","REPORT_TYPE_SQ":"2022年中报","OPERATE_INCOME_SQ":319757251.38,"DPS_HKD":0.1,"OPERATE_INCOME_QOQ_SQ":2.81165131217,"NET_PROFIT_RATIO_SQ":12.047809319,"HOLDER_PROFIT_SQ":38523743.93,"HOLDER_PROFIT_QOQ_SQ":47.820162574431,"ROE_AVG_SQ":6.870717431508,"PE_TTM_SQ":2.719428222784,"PB_TTM_SQ":0.36670344475,"ROA_SQ":4.206055349025,"START_DATE":"2023-01-01 00:00:00","FISCAL_YEAR":"12-31","CURRENCY":"HKD","IS_CNY_CODE":0,"DPS_HKD_LY":0.12,"ORG_TYPE":"一般企业","PREMIUM_INCOME":null,"PREMIUM_INCOME_YOY":null,"NET_INTEREST_INCOME":null,"NET_INTEREST_INCOME_YOY":null,"FEE_COMMISSION_INCOME":null,"FEE_COMMISSION_INCOME_YOY":null,"ACCOUNTS_RECE_TDAYS":1.460085675281,"INVENTORY_TDAYS":3.027436011965,"CURRENT_ASSETS_TDAYS":0.43798580697,"TOTAL_ASSETS_TDAYS":0.29898918624,"PREMIUM_EXPENSE":null,"LOAN_DEPOSIT":null,"LOAN_EQUITY":null,"LOAN_ASSETS":null,"DEPOSIT_EQUITY":null,"DEPOSIT_ASSETS":null,"EQUITY_MULTIPLIER":1.493233763163,"EQUITY_RATIO":0.493233763162},{"SECUCODE":"01480.HK","SECURITY_CODE":"01480","SECURITY_NAME_ABBR":"恩达集团控股","ORG_CODE":"10427428","STD_REPORT_DATE":"2022-12-31 00:00:00","REPORT_DATE":"2022-12-31 00:00:00","DATE_TYPE_CODE":"001","REPORT_TYPE":"2022年年报","PER_NETCASH_OPERATE":0.526344459667,"PER_OI":2.767692880167,"BPS":2.543578881083,"BASIC_EPS":0.35105511,"DILUTED_EPS":0.35105511,"OPERATE_INCOME":664246291.24,"OPERATE_INCOME_YOY":-2.6476887709,"GROSS_PROFIT":161482670.79,"GROSS_PROFIT_YOY":38.123389086064,"HOLDER_PROFIT":84203203.28,"HOLDER_PROFIT_YOY":103.8404982268,"GROSS_PROFIT_RATIO":24.310662011909,"EPS_TTM":0.350846680333,"OPERATE_INCOME_QOQ":3.453645219397,"NET_PROFIT_RATIO":12.6765033378,"ROE_AVG":14.108219792127,"GROSS_PROFIT_QOQ":24.701298852342,"ROA":8.827175985407,"HOLDER_PROFIT_QOQ":50.660242616841,"ROE_YEARLY":14.108219792127,"ROIC_YEARLY":12.688046270504,"TOTAL_ASSETS":945419995.87,"TOTAL_LIABILITIES":334961064.41,"TAX_EBT":15.007032856061,"OCF_SALES":19.017444581314,"TOTAL_PARENT_EQUITY":610458931.46,"DEBT_ASSET_RATIO":35.429868828,"OPERATE_PROFIT":99436136.59,"PRETAX_PROFIT":99070789.16,"NETCASH_OPERATE":126322670.32,"NETCASH_INVEST":-7250672.59,"NETCASH_FINANCE":-10835365.1,"END_CASH":337258554.85,"DIVI_RATIO":0.258295161618,"DIVIDEND_RATE":9.433962264151,"CURRENT_RATIO":3.148870834722,"COMMON_ACS":10000000000,"CURRENTDEBT_DEBT":60.791022526355,"ISSUED_COMMON_SHARES":240000000,"HK_COMMON_SHARES":240000000,"PER_SHARES":2000,"TOTAL_MARKET_CAP":254400000,"HKSK_MARKET_CAP":254400000,"PE_TTM":3.894732007532,"PB_TTM":0.350538760438,"REPORT_DATE_SQ":"2021-12-31 00:00:00","REPORT_TYPE_SQ":"2021年年报","OPERATE_INCOME_SQ":624512313.6,"DPS_HKD":0.1,"OPERATE_INCOME_QOQ_SQ":9.796427102158,"NET_PROFIT_RATIO_SQ":6.0541791694,"HOLDER_PROFIT_SQ":37809094.4,"HOLDER_PROFIT_QOQ_SQ":-9.061605896153,"ROE_AVG_SQ":7.341645948632,"PE_TTM_SQ":2.719428222784,"PB_TTM_SQ":0.36670344475,"ROA_SQ":4.510401848481,"START_DATE":"2022-01-01 00:00:00","FISCAL_YEAR":"12-31","CURRENCY":"HKD","IS_CNY_CODE":0,"DPS_HKD_LY":0.06,"ORG_TYPE":"一般企业","PREMIUM_INCOME":null,"PREMIUM_INCOME_YOY":null,"NET_INTEREST_INCOME":null,"NET_INTEREST_INCOME_YOY":null,"FEE_COMMISSION_INCOME":null,"FEE_COMMISSION_INCOME_YOY":null,"ACCOUNTS_RECE_TDAYS":3.16755481153,"INVENTORY_TDAYS":5.888504111653,"CURRENT_ASSETS_TDAYS":1.064081393186,"TOTAL_ASSETS_TDAYS":0.696341550206,"PREMIUM_EXPENSE":null,"LOAN_DEPOSIT":null,"LOAN_EQUITY":null,"LOAN_ASSETS":null,"DEPOSIT_EQUITY":null,"DEPOSIT_ASSETS":null,"EQUITY_MULTIPLIER":1.548703683652,"EQUITY_RATIO":0.548703683651},{"SECUCODE":"01480.HK","SECURITY_CODE":"01480","SECURITY_NAME_ABBR":"恩达集团控股","ORG_CODE":"10427428","STD_REPORT_DATE":"2022-06-30 00:00:00","REPORT_DATE":"2022-06-30 00:00:00","DATE_TYPE_CODE":"002","REPORT_TYPE":"2022年中报","PER_NETCASH_OPERATE":0.198849491458,"PER_OI":1.33232188075,"BPS":2.34597858775,"BASIC_EPS":0.16077572,"DILUTED_EPS":0.16077572,"OPERATE_INCOME":319757251.38,"OPERATE_INCOME_YOY":2.9511211948,"GROSS_PROFIT":70763551.74,"GROSS_PROFIT_YOY":21.628936252986,"HOLDER_PROFIT":38523743.93,"HOLDER_PROFIT_YOY":83.3489356506,"GROSS_PROFIT_RATIO":22.130397804772,"EPS_TTM":0.232872770042,"OPERATE_INCOME_QOQ":2.81165131217,"NET_PROFIT_RATIO":12.047809319,"ROE_AVG":6.870717431508,"GROSS_PROFIT_QOQ":10.763392488489,"ROA":4.206055349025,"HOLDER_PROFIT_QOQ":47.820162574431,"ROE_YEARLY":13.741434863015,"ROIC_YEARLY":11.505222071321,"TOTAL_ASSETS":910452377.8,"TOTAL_LIABILITIES":347417516.74,"TAX_EBT":13.004770089415,"OCF_SALES":14.925033832395,"TOTAL_PARENT_EQUITY":563034861.06,"DEBT_ASSET_RATIO":38.1587796585,"OPERATE_PROFIT":44476721.52,"PRETAX_PROFIT":44282593.39,"NETCASH_OPERATE":47723877.95,"NETCASH_INVEST":-3624295.22,"NETCASH_FINANCE":-11177333.3,"END_CASH":259570689.56,"DIVI_RATIO":0.389148117162,"DIVIDEND_RATE":9.433962264151,"CURRENT_RATIO":2.7502231138,"COMMON_ACS":10000000000,"CURRENTDEBT_DEBT":62.33513683827,"ISSUED_COMMON_SHARES":240000000,"HK_COMMON_SHARES":240000000,"PER_SHARES":2000,"TOTAL_MARKET_CAP":254400000,"HKSK_MARKET_CAP":254400000,"PE_TTM":3.894732007532,"PB_TTM":0.350538760438,"REPORT_DATE_SQ":"2021-06-30 00:00:00","REPORT_TYPE_SQ":"2021年中报","OPERATE_INCOME_SQ":302198142.72,"DPS_HKD":0.1,"OPERATE_INCOME_QOQ_SQ":15.103873674995,"NET_PROFIT_RATIO_SQ":6.7648905238,"HOLDER_PROFIT_SQ":20443373.52,"HOLDER_PROFIT_QOQ_SQ":27.640712077889,"ROE_AVG_SQ":3.998977834637,"PE_TTM_SQ":2.719428222784,"PB_TTM_SQ":0.36670344475,"ROA_SQ":2.434531524354,"START_DATE":"2022-01-01 00:00:00","FISCAL_YEAR":"12-31","CURRENCY":"HKD","IS_CNY_CODE":0,"DPS_HKD_LY":0.06,"ORG_TYPE":"一般企业","PREMIUM_INCOME":null,"PREMIUM_INCOME_YOY":null,"NET_INTEREST_INCOME":null,"NET_INTEREST_INCOME_YOY":null,"FEE_COMMISSION_INCOME":null,"FEE_COMMISSION_INCOME_YOY":null,"ACCOUNTS_RECE_TDAYS":1.440283817984,"INVENTORY_TDAYS":3.027702674598,"CURRENT_ASSETS_TDAYS":0.543341379025,"TOTAL_ASSETS_TDAYS":0.349113705044,"PREMIUM_EXPENSE":null,"LOAN_DEPOSIT":null,"LOAN_EQUITY":null,"LOAN_ASSETS":null,"DEPOSIT_EQUITY":null,"DEPOSIT_ASSETS":null,"EQUITY_MULTIPLIER":1.617044415485,"EQUITY_RATIO":0.617044415484},{"SECUCODE":"01480.HK","SECURITY_CODE":"01480","SECURITY_NAME_ABBR":"恩达集团控股","ORG_CODE":"10427428","STD_REPORT_DATE":"2021-12-31 00:00:00","REPORT_DATE":"2021-12-31 00:00:00","DATE_TYPE_CODE":"001","REPORT_TYPE":"2021年年报","PER_NETCASH_OPERATE":0.066750226667,"PER_OI":2.60213464,"BPS":2.224216073333,"BASIC_EPS":0.1577968,"DILUTED_EPS":0.1577968,"OPERATE_INCOME":624512313.6,"OPERATE_INCOME_YOY":30.0959067196,"GROSS_PROFIT":116911894.4,"GROSS_PROFIT_YOY":1.742184680583,"HOLDER_PROFIT":37809094.4,"HOLDER_PROFIT_YOY":19.4873649941,"GROSS_PROFIT_RATIO":18.72051068554,"EPS_TTM":0.157537893333,"OPERATE_INCOME_QOQ":9.796427102158,"NET_PROFIT_RATIO":6.0541791694,"ROE_AVG":7.341645948632,"GROSS_PROFIT_QOQ":-1.66225145377,"ROA":4.510401848481,"HOLDER_PROFIT_QOQ":-9.061605896153,"ROE_YEARLY":7.341645948632,"ROIC_YEARLY":6.031095799922,"TOTAL_ASSETS":880871611.2,"TOTAL_LIABILITIES":347059753.6,"TAX_EBT":29.092107885981,"OCF_SALES":2.565210333108,"TOTAL_PARENT_EQUITY":533811857.6,"DEBT_ASSET_RATIO":39.3995843648,"OPERATE_PROFIT":53648459.2,"PRETAX_PROFIT":53321419.2,"NETCASH_OPERATE":16020054.4,"NETCASH_INVEST":-4795224,"NETCASH_FINANCE":8487505.6,"END_CASH":222666819.2,"DIVI_RATIO":0.575239379444,"DIVIDEND_RATE":9.433962264151,"CURRENT_RATIO":2.562612609217,"COMMON_ACS":10000000000,"CURRENTDEBT_DEBT":62.498645420579,"ISSUED_COMMON_SHARES":240000000,"HK_COMMON_SHARES":240000000,"PER_SHARES":2000,"TOTAL_MARKET_CAP":254400000,"HKSK_MARKET_CAP":254400000,"PE_TTM":3.894732007532,"PB_TTM":0.350538760438,"REPORT_DATE_SQ":"2020-12-31 00:00:00","REPORT_TYPE_SQ":"2020年年报","OPERATE_INCOME_SQ":494154618.12,"DPS_HKD":0.1,"OPERATE_INCOME_QOQ_SQ":-5.545989557667,"NET_PROFIT_RATIO_SQ":6.591692172,"HOLDER_PROFIT_SQ":32573151.28,"HOLDER_PROFIT_QOQ_SQ":-30.632589217463,"ROE_AVG_SQ":6.779577883602,"PE_TTM_SQ":2.719428222784,"PB_TTM_SQ":0.36670344475,"ROA_SQ":4.252238077868,"START_DATE":"2021-01-01 00:00:00","FISCAL_YEAR":"12-31","CURRENCY":"HKD","IS_CNY_CODE":0,"DPS_HKD_LY":0.06,"ORG_TYPE":"一般企业","PREMIUM_INCOME":null,"PREMIUM_INCOME_YOY":null,"NET_INTEREST_INCOME":null,"NET_INTEREST_INCOME_YOY":null,"FEE_COMMISSION_INCOME":null,"FEE_COMMISSION_INCOME_YOY":null,"ACCOUNTS_RECE_TDAYS":3.111785566607,"INVENTORY_TDAYS":8.181353363642,"CURRENT_ASSETS_TDAYS":1.229099217971,"TOTAL_ASSETS_TDAYS":0.745006337327,"PREMIUM_EXPENSE":null,"LOAN_DEPOSIT":null,"LOAN_EQUITY":null,"LOAN_ASSETS":null,"DEPOSIT_EQUITY":null,"DEPOSIT_ASSETS":null,"EQUITY_MULTIPLIER":1.650153698647,"EQUITY_RATIO":0.650153698647},{"SECUCODE":"01480.HK","SECURITY_CODE":"01480","SECURITY_NAME_ABBR":"恩达集团控股","ORG_CODE":"10427428","STD_REPORT_DATE":"2021-06-30 00:00:00","REPORT_DATE":"2021-06-30 00:00:00","DATE_TYPE_CODE":"002","REPORT_TYPE":"2021年中报","PER_NETCASH_OPERATE":0.015969002,"PER_OI":1.259158928,"BPS":2.156103031,"BASIC_EPS":0.08487216,"DILUTED_EPS":0.08487216,"OPERATE_INCOME":302198142.72,"OPERATE_INCOME_YOY":45.7832582709,"GROSS_PROFIT":58179865.68,"GROSS_PROFIT_YOY":7.339553483312,"HOLDER_PROFIT":20443373.52,"HOLDER_PROFIT_YOY":96.1753433408,"GROSS_PROFIT_RATIO":19.252224767611,"EPS_TTM":0.173235842667,"OPERATE_INCOME_QOQ":15.103873674995,"NET_PROFIT_RATIO":6.7648905238,"ROE_AVG":3.998977834637,"GROSS_PROFIT_QOQ":3.461982997051,"ROA":2.434531524354,"HOLDER_PROFIT_QOQ":27.640712077889,"ROE_YEARLY":7.997955669274,"ROIC_YEARLY":6.438868552762,"TOTAL_ASSETS":869701665.12,"TOTAL_LIABILITIES":352236937.68,"TAX_EBT":17.442876344086,"OCF_SALES":1.268227675228,"TOTAL_PARENT_EQUITY":517464727.44,"DEBT_ASSET_RATIO":40.5008926402,"OPERATE_PROFIT":24891673.2,"PRETAX_PROFIT":24762700.8,"NETCASH_OPERATE":3832560.48,"NETCASH_INVEST":-2323999.44,"NETCASH_FINANCE":-361954.8,"END_CASH":205852431.6,"DIVI_RATIO":0.523113453919,"DIVIDEND_RATE":9.433962264151,"CURRENT_RATIO":2.413380450767,"COMMON_ACS":10000000000,"CURRENTDEBT_DEBT":62.970653475731,"ISSUED_COMMON_SHARES":240000000,"HK_COMMON_SHARES":240000000,"PER_SHARES":2000,"TOTAL_MARKET_CAP":254400000,"HKSK_MARKET_CAP":254400000,"PE_TTM":3.894732007532,"PB_TTM":0.350538760438,"REPORT_DATE_SQ":"2020-06-30 00:00:00","REPORT_TYPE_SQ":"2020年中报","OPERATE_INCOME_SQ":227561653.44,"DPS_HKD":0.1,"OPERATE_INCOME_QOQ_SQ":-10.204366278417,"NET_PROFIT_RATIO_SQ":5.0271750038,"HOLDER_PROFIT_SQ":11439922.56,"HOLDER_PROFIT_QOQ_SQ":-6.225803131728,"ROE_AVG_SQ":2.335898208256,"PE_TTM_SQ":2.719428222784,"PB_TTM_SQ":0.36670344475,"ROA_SQ":1.432535624658,"START_DATE":"2021-01-01 00:00:00","FISCAL_YEAR":"12-31","CURRENCY":"HKD","IS_CNY_CODE":0,"DPS_HKD_LY":0.06,"ORG_TYPE":"一般企业","PREMIUM_INCOME":null,"PREMIUM_INCOME_YOY":null,"NET_INTEREST_INCOME":null,"NET_INTEREST_INCOME_YOY":null,"FEE_COMMISSION_INCOME":null,"FEE_COMMISSION_INCOME_YOY":null,"ACCOUNTS_RECE_TDAYS":1.505578804894,"INVENTORY_TDAYS":4.042943601197,"CURRENT_ASSETS_TDAYS":0.602098485238,"TOTAL_ASSETS_TDAYS":0.359877446026,"PREMIUM_EXPENSE":null,"LOAN_DEPOSIT":null,"LOAN_EQUITY":null,"LOAN_ASSETS":null,"DEPOSIT_EQUITY":null,"DEPOSIT_ASSETS":null,"EQUITY_MULTIPLIER":1.68069748333,"EQUITY_RATIO":0.680697483329},{"SECUCODE":"01480.HK","SECURITY_CODE":"01480","SECURITY_NAME_ABBR":"恩达集团控股","ORG_CODE":"10427428","STD_REPORT_DATE":"2020-12-31 00:00:00","REPORT_DATE":"2020-12-31 00:00:00","DATE_TYPE_CODE":"001","REPORT_TYPE":"2020年年报","PER_NETCASH_OPERATE":0.287300827667,"PER_OI":2.0589775755,"BPS":2.128195451833,"BASIC_EPS":0.13550404,"DILUTED_EPS":0.13550404,"OPERATE_INCOME":494154618.12,"OPERATE_INCOME_YOY":-9.7285088744,"GROSS_PROFIT":114909950.84,"GROSS_PROFIT_YOY":-13.552658455047,"HOLDER_PROFIT":32573151.28,"HOLDER_PROFIT_YOY":-30.7668914688,"GROSS_PROFIT_RATIO":23.253845380859,"EPS_TTM":0.135721463667,"OPERATE_INCOME_QOQ":-5.545989557667,"NET_PROFIT_RATIO":6.591692172,"ROE_AVG":6.779577883602,"GROSS_PROFIT_QOQ":-6.571385665774,"ROA":4.252238077868,"HOLDER_PROFIT_QOQ":-30.632589217463,"ROE_YEARLY":6.779577883602,"ROIC_YEARLY":5.352270448558,"TOTAL_ASSETS":819052065.68,"TOTAL_LIABILITIES":308285157.24,"TAX_EBT":23.43363602192,"OCF_SALES":13.953567590308,"TOTAL_PARENT_EQUITY":510766908.44,"DEBT_ASSET_RATIO":37.6392625277,"OPERATE_PROFIT":50162585.64,"PRETAX_PROFIT":42542377.08,"NETCASH_OPERATE":68952198.64,"NETCASH_INVEST":89449499.2,"NETCASH_FINANCE":-67821034.48,"END_CASH":205939208.32,"DIVI_RATIO":0.667705737558,"DIVIDEND_RATE":9.433962264151,"CURRENT_RATIO":2.675066275192,"COMMON_ACS":10000000000,"CURRENTDEBT_DEBT":57.464147358248,"ISSUED_COMMON_SHARES":240000000,"HK_COMMON_SHARES":240000000,"PER_SHARES":2000,"TOTAL_MARKET_CAP":254400000,"HKSK_MARKET_CAP":254400000,"PE_TTM":3.894732007532,"PB_TTM":0.350538760438,"REPORT_DATE_SQ":"2019-12-31 00:00:00","REPORT_TYPE_SQ":"2019年年报","OPERATE_INCOME_SQ":582622478.24,"DPS_HKD":0.1,"OPERATE_INCOME_QOQ_SQ":-9.128004560986,"NET_PROFIT_RATIO_SQ":8.5947589821,"HOLDER_PROFIT_SQ":50074997.78,"HOLDER_PROFIT_QOQ_SQ":22.569995526022,"ROE_AVG_SQ":10.683369883565,"PE_TTM_SQ":2.719428222784,"PB_TTM_SQ":0.36670344475,"ROA_SQ":6.258911651836,"START_DATE":"2020-01-01 00:00:00","FISCAL_YEAR":"12-31","CURRENCY":"HKD","IS_CNY_CODE":0,"DPS_HKD_LY":null,"ORG_TYPE":"一般企业","PREMIUM_INCOME":null,"PREMIUM_INCOME_YOY":null,"NET_INTEREST_INCOME":null,"NET_INTEREST_INCOME_YOY":null,"FEE_COMMISSION_INCOME":null,"FEE_COMMISSION_INCOME_YOY":null,"ACCOUNTS_RECE_TDAYS":2.605791357567,"INVENTORY_TDAYS":9.046961270504,"CURRENT_ASSETS_TDAYS":1.173656872083,"TOTAL_ASSETS_TDAYS":0.645090511956,"PREMIUM_EXPENSE":null,"LOAN_DEPOSIT":null,"LOAN_EQUITY":null,"LOAN_ASSETS":null,"DEPOSIT_EQUITY":null,"DEPOSIT_ASSETS":null,"EQUITY_MULTIPLIER":1.603573082253,"EQUITY_RATIO":0.603573082253},{"SECUCODE":"01480.HK","SECURITY_CODE":"01480","SECURITY_NAME_ABBR":"恩达集团控股","ORG_CODE":"10427428","STD_REPORT_DATE":"2020-06-30 00:00:00","REPORT_DATE":"2020-06-30 00:00:00","DATE_TYPE_CODE":"002","REPORT_TYPE":"2020年中报","PER_NETCASH_OPERATE":0.188214312,"PER_OI":0.948173556,"BPS":2.04555373,"BASIC_EPS":0.04749888,"DILUTED_EPS":0.04749888,"OPERATE_INCOME":227561653.44,"OPERATE_INCOME_YOY":-23.646327223,"GROSS_PROFIT":54201702.72,"GROSS_PROFIT_YOY":-15.487120160858,"HOLDER_PROFIT":11439922.56,"HOLDER_PROFIT_YOY":-24.3217112816,"GROSS_PROFIT_RATIO":23.818469368914,"EPS_TTM":0.195655945833,"OPERATE_INCOME_QOQ":-10.204366278417,"NET_PROFIT_RATIO":5.0271750038,"ROE_AVG":2.335898208256,"GROSS_PROFIT_QOQ":-7.472306893367,"ROA":1.432535624658,"HOLDER_PROFIT_QOQ":-6.225803131728,"ROE_YEARLY":4.671796416511,"ROIC_YEARLY":3.688652842073,"TOTAL_ASSETS":823336451.52,"TOTAL_LIABILITIES":332403556.32,"TAX_EBT":21.297052724188,"OCF_SALES":19.850196286217,"TOTAL_PARENT_EQUITY":490932895.2,"DEBT_ASSET_RATIO":40.3727486748,"OPERATE_PROFIT":15761407.2,"PRETAX_PROFIT":14535570.72,"NETCASH_OPERATE":45171434.88,"NETCASH_INVEST":98499888.96,"NETCASH_FINANCE":-21520646.4,"END_CASH":238374042.72,"DIVI_RATIO":0.46317018179,"DIVIDEND_RATE":9.433962264151,"CURRENT_RATIO":2.300810077764,"COMMON_ACS":10000000000,"CURRENTDEBT_DEBT":60.992627156138,"ISSUED_COMMON_SHARES":240000000,"HK_COMMON_SHARES":240000000,"PER_SHARES":2000,"TOTAL_MARKET_CAP":254400000,"HKSK_MARKET_CAP":254400000,"PE_TTM":3.894732007532,"PB_TTM":0.350538760438,"REPORT_DATE_SQ":"2019-06-30 00:00:00","REPORT_TYPE_SQ":"2019年中报","OPERATE_INCOME_SQ":287014585.14,"DPS_HKD":0.1,"OPERATE_INCOME_QOQ_SQ":-4.473965142427,"NET_PROFIT_RATIO_SQ":5.0720395735,"HOLDER_PROFIT_SQ":14557493.34,"HOLDER_PROFIT_QOQ_SQ":-20.150402471103,"ROE_AVG_SQ":3.23142186272,"PE_TTM_SQ":2.719428222784,"PB_TTM_SQ":0.36670344475,"ROA_SQ":1.83383559086,"START_DATE":"2020-01-01 00:00:00","FISCAL_YEAR":"12-31","CURRENCY":"HKD","IS_CNY_CODE":0,"DPS_HKD_LY":null,"ORG_TYPE":"一般企业","PREMIUM_INCOME":null,"PREMIUM_INCOME_YOY":null,"NET_INTEREST_INCOME":null,"NET_INTEREST_INCOME_YOY":null,"FEE_COMMISSION_INCOME":null,"FEE_COMMISSION_INCOME_YOY":null,"ACCOUNTS_RECE_TDAYS":1.313879469018,"INVENTORY_TDAYS":3.736425562074,"CURRENT_ASSETS_TDAYS":0.525510769104,"TOTAL_ASSETS_TDAYS":0.284958375941,"PREMIUM_EXPENSE":null,"LOAN_DEPOSIT":null,"LOAN_EQUITY":null,"LOAN_ASSETS":null,"DEPOSIT_EQUITY":null,"DEPOSIT_ASSETS":null,"EQUITY_MULTIPLIER":1.67708552344,"EQUITY_RATIO":0.677085523439}],"count":24},"success":true,"message":"ok","code":0}