{"version":"4577a838287938b5a79afa7d48507503","result":{"pages":3,"data":[{"SECUCODE":"01481.HK","SECURITY_CODE":"01481","SECURITY_NAME_ABBR":"竣球控股","ORG_CODE":"10678052","STD_REPORT_DATE":"2024-06-30 00:00:00","REPORT_DATE":"2024-06-30 00:00:00","DATE_TYPE_CODE":"002","REPORT_TYPE":"2024年中报","PER_NETCASH_OPERATE":-0.011156170824,"PER_OI":0.045142763412,"BPS":0.107368748941,"BASIC_EPS":-0.005111008,"DILUTED_EPS":null,"OPERATE_INCOME":46045618.68,"OPERATE_INCOME_YOY":10.5678406277,"GROSS_PROFIT":5692385.16,"GROSS_PROFIT_YOY":-28.233320191372,"HOLDER_PROFIT":-5173982.92,"HOLDER_PROFIT_YOY":-2.6992753623,"GROSS_PROFIT_RATIO":12.362490337159,"EPS_TTM":-0.003361377569,"OPERATE_INCOME_QOQ":4.512613237351,"NET_PROFIT_RATIO":-11.236645458,"ROE_AVG":-4.597785050102,"GROSS_PROFIT_QOQ":-11.466537798457,"ROA":-3.835562682255,"HOLDER_PROFIT_QOQ":-2.531535293063,"ROE_YEARLY":-9.195570100204,"ROIC_YEARLY":-12.779243028787,"TOTAL_ASSETS":132587761.64,"TOTAL_LIABILITIES":23071637.72,"TAX_EBT":null,"OCF_SALES":-24.713087946721,"TOTAL_PARENT_EQUITY":109516123.92,"DEBT_ASSET_RATIO":17.401031162,"OPERATE_PROFIT":-5053509.16,"PRETAX_PROFIT":-5173982.92,"NETCASH_OPERATE":-11379294.24,"NETCASH_INVEST":484633.08,"NETCASH_FINANCE":-1243070.16,"END_CASH":47925739.48,"DIVI_RATIO":null,"DIVIDEND_RATE":null,"CURRENT_RATIO":5.07785605993,"COMMON_ACS":2000000000,"CURRENTDEBT_DEBT":88.713952292417,"ISSUED_COMMON_SHARES":1020000000,"HK_COMMON_SHARES":1020000000,"PER_SHARES":10000,"TOTAL_MARKET_CAP":571200000,"HKSK_MARKET_CAP":571200000,"PE_TTM":-148.788747069549,"PB_TTM":4.760238011901,"REPORT_DATE_SQ":"2023-06-30 00:00:00","REPORT_TYPE_SQ":"2023年中报","OPERATE_INCOME_SQ":42069025.42,"DPS_HKD":null,"OPERATE_INCOME_QOQ_SQ":-15.900336928319,"NET_PROFIT_RATIO_SQ":-12.0975695282,"HOLDER_PROFIT_SQ":-5089329.6,"HOLDER_PROFIT_QOQ_SQ":-20.778469708334,"ROE_AVG_SQ":-4.310529953107,"PE_TTM_SQ":-16.870229007634,"PB_TTM_SQ":2.662436752068,"ROA_SQ":-3.770504680685,"START_DATE":"2024-01-01 00:00:00","FISCAL_YEAR":"12-31","CURRENCY":"HKD","IS_CNY_CODE":0,"DPS_HKD_LY":null,"ORG_TYPE":"一般企业","PREMIUM_INCOME":null,"PREMIUM_INCOME_YOY":null,"NET_INTEREST_INCOME":null,"NET_INTEREST_INCOME_YOY":null,"FEE_COMMISSION_INCOME":null,"FEE_COMMISSION_INCOME_YOY":null,"ACCOUNTS_RECE_TDAYS":1.520661904331,"INVENTORY_TDAYS":2.038779886104,"CURRENT_ASSETS_TDAYS":0.441632563738,"TOTAL_ASSETS_TDAYS":0.341344104573,"PREMIUM_EXPENSE":null,"LOAN_DEPOSIT":null,"LOAN_EQUITY":null,"LOAN_ASSETS":null,"DEPOSIT_EQUITY":null,"DEPOSIT_ASSETS":null,"EQUITY_MULTIPLIER":1.210668866776,"EQUITY_RATIO":0.210668866777},{"SECUCODE":"01481.HK","SECURITY_CODE":"01481","SECURITY_NAME_ABBR":"竣球控股","ORG_CODE":"10678052","STD_REPORT_DATE":"2023-12-31 00:00:00","REPORT_DATE":"2023-12-31 00:00:00","DATE_TYPE_CODE":"001","REPORT_TYPE":"2023年年报","PER_NETCASH_OPERATE":0.003710171294,"PER_OI":0.086393861784,"BPS":0.112480559471,"BASIC_EPS":-0.003262392,"DILUTED_EPS":null,"OPERATE_INCOME":88121739.02,"OPERATE_INCOME_YOY":-26.1350429558,"GROSS_PROFIT":19529947.22,"GROSS_PROFIT_YOY":185.088423990045,"HOLDER_PROFIT":-3343951.8,"HOLDER_PROFIT_YOY":77.6363636364,"GROSS_PROFIT_RATIO":22.162462335846,"EPS_TTM":-0.003278384118,"OPERATE_INCOME_QOQ":-10.896433485242,"NET_PROFIT_RATIO":-3.7946956531,"ROE_AVG":-2.858138724294,"GROSS_PROFIT_QOQ":197.109660426381,"ROA":-2.454959150544,"HOLDER_PROFIT_QOQ":81.215320342697,"ROE_YEARLY":-2.858138724294,"ROIC_YEARLY":-4.148771109262,"TOTAL_ASSETS":136231146.38,"TOTAL_LIABILITIES":21500975.72,"TAX_EBT":-0.654664484452,"OCF_SALES":4.294484836643,"TOTAL_PARENT_EQUITY":114730170.66,"DEBT_ASSET_RATIO":15.782716575,"OPERATE_PROFIT":-3217081,"PRETAX_PROFIT":-3322202.52,"NETCASH_OPERATE":3784374.72,"NETCASH_INVEST":6592750.5,"NETCASH_FINANCE":-2338047.6,"END_CASH":59490624.34,"DIVI_RATIO":null,"DIVIDEND_RATE":null,"CURRENT_RATIO":5.834682551805,"COMMON_ACS":2000000000,"CURRENTDEBT_DEBT":82.782601365591,"ISSUED_COMMON_SHARES":1020000000,"HK_COMMON_SHARES":1020000000,"PER_SHARES":10000,"TOTAL_MARKET_CAP":601800000,"HKSK_MARKET_CAP":601800000,"PE_TTM":-156.759572805418,"PB_TTM":5.015250762538,"REPORT_DATE_SQ":"2022-12-31 00:00:00","REPORT_TYPE_SQ":"2022年年报","OPERATE_INCOME_SQ":117596315.69,"DPS_HKD":null,"OPERATE_INCOME_QOQ_SQ":-11.772872245554,"NET_PROFIT_RATIO_SQ":-12.5335176647,"HOLDER_PROFIT_SQ":-14738955,"HOLDER_PROFIT_QOQ_SQ":-472.781641098133,"ROE_AVG_SQ":-12.429940336286,"PE_TTM_SQ":-14.274809160305,"PB_TTM_SQ":2.252831097904,"ROA_SQ":-10.659775498668,"START_DATE":"2023-01-01 00:00:00","FISCAL_YEAR":"12-31","CURRENCY":"HKD","IS_CNY_CODE":0,"DPS_HKD_LY":null,"ORG_TYPE":"一般企业","PREMIUM_INCOME":null,"PREMIUM_INCOME_YOY":null,"NET_INTEREST_INCOME":null,"NET_INTEREST_INCOME_YOY":null,"FEE_COMMISSION_INCOME":null,"FEE_COMMISSION_INCOME_YOY":null,"ACCOUNTS_RECE_TDAYS":3.054483202714,"INVENTORY_TDAYS":4.456678540937,"CURRENT_ASSETS_TDAYS":0.877753105142,"TOTAL_ASSETS_TDAYS":0.646944939724,"PREMIUM_EXPENSE":null,"LOAN_DEPOSIT":null,"LOAN_EQUITY":null,"LOAN_ASSETS":null,"DEPOSIT_EQUITY":null,"DEPOSIT_ASSETS":null,"EQUITY_MULTIPLIER":1.187404721847,"EQUITY_RATIO":0.187404721847},{"SECUCODE":"01481.HK","SECURITY_CODE":"01481","SECURITY_NAME_ABBR":"竣球控股","ORG_CODE":"10678052","STD_REPORT_DATE":"2023-06-30 00:00:00","REPORT_DATE":"2023-06-30 00:00:00","DATE_TYPE_CODE":"002","REPORT_TYPE":"2023年中报","PER_NETCASH_OPERATE":-0.002237157353,"PER_OI":0.041244142569,"BPS":0.112544833137,"BASIC_EPS":-0.004978692,"DILUTED_EPS":null,"OPERATE_INCOME":42069025.42,"OPERATE_INCOME_YOY":-35.7853554189,"GROSS_PROFIT":7931793.94,"GROSS_PROFIT_YOY":-3.376488282698,"HOLDER_PROFIT":-5089329.6,"HOLDER_PROFIT_YOY":-132.9113924051,"GROSS_PROFIT_RATIO":18.854237436718,"EPS_TTM":-0.017452435588,"OPERATE_INCOME_QOQ":-15.900336928319,"NET_PROFIT_RATIO":-12.0975695282,"ROE_AVG":-4.310529953107,"GROSS_PROFIT_QOQ":-4.04606044081,"ROA":-3.770504680685,"HOLDER_PROFIT_QOQ":-20.778469708334,"ROE_YEARLY":-8.621059906215,"ROIC_YEARLY":-12.159527716895,"TOTAL_ASSETS":131393213.76,"TOTAL_LIABILITIES":16597483.96,"TAX_EBT":-0.108813928183,"OCF_SALES":-5.424181989524,"TOTAL_PARENT_EQUITY":114795729.8,"DEBT_ASSET_RATIO":12.6319187156,"OPERATE_PROFIT":-5038620.7,"PRETAX_PROFIT":-5083797.72,"NETCASH_OPERATE":-2281900.5,"NETCASH_INVEST":92198,"NETCASH_FINANCE":-899852.48,"END_CASH":49904933.44,"DIVI_RATIO":null,"DIVIDEND_RATE":null,"CURRENT_RATIO":6.258292765765,"COMMON_ACS":2000000000,"CURRENTDEBT_DEBT":98.133540717698,"ISSUED_COMMON_SHARES":1020000000,"HK_COMMON_SHARES":1020000000,"PER_SHARES":10000,"TOTAL_MARKET_CAP":601800000,"HKSK_MARKET_CAP":601800000,"PE_TTM":-156.759572805418,"PB_TTM":5.015250762538,"REPORT_DATE_SQ":"2022-06-30 00:00:00","REPORT_TYPE_SQ":"2022年中报","OPERATE_INCOME_SQ":60767235.83,"DPS_HKD":null,"OPERATE_INCOME_QOQ_SQ":-2.903722039222,"NET_PROFIT_RATIO_SQ":-3.3353504933,"HOLDER_PROFIT_SQ":-2026800.3,"HOLDER_PROFIT_QOQ_SQ":-290.860503430295,"ROE_AVG_SQ":-1.807552825159,"PE_TTM_SQ":-14.274809160305,"PB_TTM_SQ":2.252831097904,"ROA_SQ":-1.50342075799,"START_DATE":"2023-01-01 00:00:00","FISCAL_YEAR":"12-31","CURRENCY":"HKD","IS_CNY_CODE":0,"DPS_HKD_LY":null,"ORG_TYPE":"一般企业","PREMIUM_INCOME":null,"PREMIUM_INCOME_YOY":null,"NET_INTEREST_INCOME":null,"NET_INTEREST_INCOME_YOY":null,"FEE_COMMISSION_INCOME":null,"FEE_COMMISSION_INCOME_YOY":null,"ACCOUNTS_RECE_TDAYS":1.225268528464,"INVENTORY_TDAYS":2.418498318038,"CURRENT_ASSETS_TDAYS":0.419523003935,"TOTAL_ASSETS_TDAYS":0.31167456173,"PREMIUM_EXPENSE":null,"LOAN_DEPOSIT":null,"LOAN_EQUITY":null,"LOAN_ASSETS":null,"DEPOSIT_EQUITY":null,"DEPOSIT_ASSETS":null,"EQUITY_MULTIPLIER":1.144582764436,"EQUITY_RATIO":0.144582764437},{"SECUCODE":"01481.HK","SECURITY_CODE":"01481","SECURITY_NAME_ABBR":"竣球控股","ORG_CODE":"10678052","STD_REPORT_DATE":"2022-12-31 00:00:00","REPORT_DATE":"2022-12-31 00:00:00","DATE_TYPE_CODE":"001","REPORT_TYPE":"2022年年报","PER_NETCASH_OPERATE":0.014749464059,"PER_OI":0.115290505578,"BPS":0.115255475382,"BASIC_EPS":-0.014649628,"DILUTED_EPS":null,"OPERATE_INCOME":117596315.69,"OPERATE_INCOME_YOY":-21.591552064,"GROSS_PROFIT":6850487.63,"GROSS_PROFIT_YOY":-68.384361725608,"HOLDER_PROFIT":-14738955,"HOLDER_PROFIT_YOY":-1100.6064281383,"GROSS_PROFIT_RATIO":5.82542708911,"EPS_TTM":-0.014449955882,"OPERATE_INCOME_QOQ":-11.772872245554,"NET_PROFIT_RATIO":-12.5335176647,"ROE_AVG":-12.429940336286,"GROSS_PROFIT_QOQ":-61.981933010538,"ROA":-10.659775498668,"HOLDER_PROFIT_QOQ":-472.781641098133,"ROE_YEARLY":-12.429940336286,"ROIC_YEARLY":-14.998363814857,"TOTAL_ASSETS":134246868.49,"TOTAL_LIABILITIES":16686283.6,"TAX_EBT":null,"OCF_SALES":12.793303303531,"TOTAL_PARENT_EQUITY":117560584.89,"DEBT_ASSET_RATIO":12.4295514582,"OPERATE_PROFIT":-14578166.4,"PRETAX_PROFIT":-14738955,"NETCASH_OPERATE":15044453.34,"NETCASH_INVEST":-7195289.85,"NETCASH_FINANCE":16079753.27,"END_CASH":50992317.95,"DIVI_RATIO":null,"DIVIDEND_RATE":null,"CURRENT_RATIO":5.726391862955,"COMMON_ACS":2000000000,"CURRENTDEBT_DEBT":100,"ISSUED_COMMON_SHARES":1020000000,"HK_COMMON_SHARES":1020000000,"PER_SHARES":10000,"TOTAL_MARKET_CAP":601800000,"HKSK_MARKET_CAP":601800000,"PE_TTM":-156.759572805418,"PB_TTM":5.015250762538,"REPORT_DATE_SQ":"2021-12-31 00:00:00","REPORT_TYPE_SQ":"2021年年报","OPERATE_INCOME_SQ":137274222.4,"DPS_HKD":null,"OPERATE_INCOME_QOQ_SQ":13.721255470805,"NET_PROFIT_RATIO_SQ":0.9821380711,"HOLDER_PROFIT_SQ":1348222.4,"HOLDER_PROFIT_QOQ_SQ":-89.701084292959,"ROE_AVG_SQ":1.22771554821,"PE_TTM_SQ":-14.274809160305,"PB_TTM_SQ":2.252831097904,"ROA_SQ":1.028042044364,"START_DATE":"2022-01-01 00:00:00","FISCAL_YEAR":"12-31","CURRENCY":"HKD","IS_CNY_CODE":0,"DPS_HKD_LY":null,"ORG_TYPE":"一般企业","PREMIUM_INCOME":null,"PREMIUM_INCOME_YOY":null,"NET_INTEREST_INCOME":null,"NET_INTEREST_INCOME_YOY":null,"FEE_COMMISSION_INCOME":null,"FEE_COMMISSION_INCOME_YOY":null,"ACCOUNTS_RECE_TDAYS":3.429110989555,"INVENTORY_TDAYS":4.854838078083,"CURRENT_ASSETS_TDAYS":1.195030954413,"TOTAL_ASSETS_TDAYS":0.850501493984,"PREMIUM_EXPENSE":null,"LOAN_DEPOSIT":null,"LOAN_EQUITY":null,"LOAN_ASSETS":null,"DEPOSIT_EQUITY":null,"DEPOSIT_ASSETS":null,"EQUITY_MULTIPLIER":1.141937738874,"EQUITY_RATIO":0.141937738874},{"SECUCODE":"01481.HK","SECURITY_CODE":"01481","SECURITY_NAME_ABBR":"竣球控股","ORG_CODE":"10678052","STD_REPORT_DATE":"2022-06-30 00:00:00","REPORT_DATE":"2022-06-30 00:00:00","DATE_TYPE_CODE":"002","REPORT_TYPE":"2022年中报","PER_NETCASH_OPERATE":0.00564767476,"PER_OI":0.06076723583,"BPS":0.107613085176,"BASIC_EPS":-0.002052456,"DILUTED_EPS":null,"OPERATE_INCOME":60767235.83,"OPERATE_INCOME_YOY":-8.6917413038,"GROSS_PROFIT":8208968.81,"GROSS_PROFIT_YOY":-30.772574310194,"HOLDER_PROFIT":-2026800.3,"HOLDER_PROFIT_YOY":-204.0843214756,"GROSS_PROFIT_RATIO":13.508873158169,"EPS_TTM":-0.00257322406,"OPERATE_INCOME_QOQ":-2.903722039222,"NET_PROFIT_RATIO":-3.3353504933,"ROE_AVG":-1.807552825159,"GROSS_PROFIT_QOQ":-16.84048985669,"ROA":-1.50342075799,"HOLDER_PROFIT_QOQ":-290.860503430295,"ROE_YEARLY":-3.615105650319,"ROIC_YEARLY":-3.843004353783,"TOTAL_ASSETS":133403653.67,"TOTAL_LIABILITIES":23638306.79,"TAX_EBT":null,"OCF_SALES":9.293947112881,"TOTAL_PARENT_EQUITY":109765346.88,"DEBT_ASSET_RATIO":17.7193848442,"OPERATE_PROFIT":-1935294.97,"PRETAX_PROFIT":-2026800.3,"NETCASH_OPERATE":5647674.76,"NETCASH_INVEST":-954392.04,"NETCASH_FINANCE":-1155361.69,"END_CASH":30900580.27,"DIVI_RATIO":null,"DIVIDEND_RATE":null,"CURRENT_RATIO":4.25510317903,"COMMON_ACS":2000000000,"CURRENTDEBT_DEBT":97.301110668934,"ISSUED_COMMON_SHARES":1020000000,"HK_COMMON_SHARES":1020000000,"PER_SHARES":10000,"TOTAL_MARKET_CAP":601800000,"HKSK_MARKET_CAP":601800000,"PE_TTM":-156.759572805418,"PB_TTM":5.015250762538,"REPORT_DATE_SQ":"2021-06-30 00:00:00","REPORT_TYPE_SQ":"2021年中报","OPERATE_INCOME_SQ":64753297.68,"DPS_HKD":null,"OPERATE_INCOME_QOQ_SQ":12.742973428132,"NET_PROFIT_RATIO_SQ":2.9259454389,"HOLDER_PROFIT_SQ":1894646.16,"HOLDER_PROFIT_QOQ_SQ":-2.793223432185,"ROE_AVG_SQ":1.700560878885,"PE_TTM_SQ":-14.274809160305,"PB_TTM_SQ":2.252831097904,"ROA_SQ":1.355764679264,"START_DATE":"2022-01-01 00:00:00","FISCAL_YEAR":"12-31","CURRENCY":"HKD","IS_CNY_CODE":0,"DPS_HKD_LY":null,"ORG_TYPE":"一般企业","PREMIUM_INCOME":null,"PREMIUM_INCOME_YOY":null,"NET_INTEREST_INCOME":null,"NET_INTEREST_INCOME_YOY":null,"FEE_COMMISSION_INCOME":null,"FEE_COMMISSION_INCOME_YOY":null,"ACCOUNTS_RECE_TDAYS":1.707895685615,"INVENTORY_TDAYS":1.745668351985,"CURRENT_ASSETS_TDAYS":0.623865212734,"TOTAL_ASSETS_TDAYS":0.450753454855,"PREMIUM_EXPENSE":null,"LOAN_DEPOSIT":null,"LOAN_EQUITY":null,"LOAN_ASSETS":null,"DEPOSIT_EQUITY":null,"DEPOSIT_ASSETS":null,"EQUITY_MULTIPLIER":1.215353091499,"EQUITY_RATIO":0.215353091498},{"SECUCODE":"01481.HK","SECURITY_CODE":"01481","SECURITY_NAME_ABBR":"竣球控股","ORG_CODE":"10678052","STD_REPORT_DATE":"2021-12-31 00:00:00","REPORT_DATE":"2021-12-31 00:00:00","DATE_TYPE_CODE":"001","REPORT_TYPE":"2021年年报","PER_NETCASH_OPERATE":-0.0022541232,"PER_OI":0.1372742224,"BPS":0.107314809412,"BASIC_EPS":0.00130816,"DILUTED_EPS":null,"OPERATE_INCOME":137274222.4,"OPERATE_INCOME_YOY":31.9825803967,"GROSS_PROFIT":21668035.2,"GROSS_PROFIT_YOY":-43.987520568073,"HOLDER_PROFIT":1348222.4,"HOLDER_PROFIT_YOY":-89.6943941004,"GROSS_PROFIT_RATIO":15.78448948475,"EPS_TTM":0.0013482224,"OPERATE_INCOME_QOQ":13.721255470805,"NET_PROFIT_RATIO":0.9821380711,"ROE_AVG":1.22771554821,"GROSS_PROFIT_QOQ":-40.165265080871,"ROA":1.028042044364,"HOLDER_PROFIT_QOQ":-89.701084292959,"ROE_YEARLY":1.22771554821,"ROIC_YEARLY":1.388625732102,"TOTAL_ASSETS":130233868.8,"TOTAL_LIABILITIES":20772763.2,"TAX_EBT":40.853658536585,"OCF_SALES":-1.642058618574,"TOTAL_PARENT_EQUITY":109461105.6,"DEBT_ASSET_RATIO":15.9503540756,"OPERATE_PROFIT":2529654.4,"PRETAX_PROFIT":2279468.8,"NETCASH_OPERATE":-2254123.2,"NETCASH_INVEST":-6515454.4,"NETCASH_FINANCE":-6336400,"END_CASH":26544201.6,"DIVI_RATIO":null,"DIVIDEND_RATE":null,"CURRENT_RATIO":4.810516041419,"COMMON_ACS":2000000000,"CURRENTDEBT_DEBT":92.746093596253,"ISSUED_COMMON_SHARES":1020000000,"HK_COMMON_SHARES":1020000000,"PER_SHARES":10000,"TOTAL_MARKET_CAP":601800000,"HKSK_MARKET_CAP":601800000,"PE_TTM":-156.759572805418,"PB_TTM":5.015250762538,"REPORT_DATE_SQ":"2020-12-31 00:00:00","REPORT_TYPE_SQ":"2020年年报","OPERATE_INCOME_SQ":107067549.32,"DPS_HKD":null,"OPERATE_INCOME_QOQ_SQ":-2.468563656048,"NET_PROFIT_RATIO_SQ":12.5781170163,"HOLDER_PROFIT_SQ":13467081.64,"HOLDER_PROFIT_QOQ_SQ":-17.626036976288,"ROE_AVG_SQ":12.595741331129,"PE_TTM_SQ":-14.274809160305,"PB_TTM_SQ":2.252831097904,"ROA_SQ":10.517528666691,"START_DATE":"2021-01-01 00:00:00","FISCAL_YEAR":"12-31","CURRENCY":"HKD","IS_CNY_CODE":0,"DPS_HKD_LY":0.005,"ORG_TYPE":"一般企业","PREMIUM_INCOME":null,"PREMIUM_INCOME_YOY":null,"NET_INTEREST_INCOME":null,"NET_INTEREST_INCOME_YOY":null,"FEE_COMMISSION_INCOME":null,"FEE_COMMISSION_INCOME_YOY":null,"ACCOUNTS_RECE_TDAYS":3.906990273188,"INVENTORY_TDAYS":4.787033432078,"CURRENT_ASSETS_TDAYS":1.455971556789,"TOTAL_ASSETS_TDAYS":1.046738818718,"PREMIUM_EXPENSE":null,"LOAN_DEPOSIT":null,"LOAN_EQUITY":null,"LOAN_ASSETS":null,"DEPOSIT_EQUITY":null,"DEPOSIT_ASSETS":null,"EQUITY_MULTIPLIER":1.189773007372,"EQUITY_RATIO":0.189773007372},{"SECUCODE":"01481.HK","SECURITY_CODE":"01481","SECURITY_NAME_ABBR":"竣球控股","ORG_CODE":"10678052","STD_REPORT_DATE":"2021-06-30 00:00:00","REPORT_DATE":"2021-06-30 00:00:00","DATE_TYPE_CODE":"002","REPORT_TYPE":"2021年中报","PER_NETCASH_OPERATE":-0.01351048296,"PER_OI":0.06475329768,"BPS":0.108534231059,"BASIC_EPS":0.001913784,"DILUTED_EPS":null,"OPERATE_INCOME":64753297.68,"OPERATE_INCOME_YOY":39.0828016371,"GROSS_PROFIT":11857972.08,"GROSS_PROFIT_YOY":-17.245712994024,"HOLDER_PROFIT":1894646.16,"HOLDER_PROFIT_YOY":-8.407079646,"GROSS_PROFIT_RATIO":18.312537746881,"EPS_TTM":0.01309091596,"OPERATE_INCOME_QOQ":12.742973428132,"NET_PROFIT_RATIO":2.9259454389,"ROE_AVG":1.700560878885,"GROSS_PROFIT_QOQ":-6.388021092377,"ROA":1.355764679264,"HOLDER_PROFIT_QOQ":-2.793223432185,"ROE_YEARLY":3.401121757769,"ROIC_YEARLY":3.455812047534,"TOTAL_ASSETS":145100606.64,"TOTAL_LIABILITIES":34395690.96,"TAX_EBT":17.410228509249,"OCF_SALES":-20.864548129682,"TOTAL_PARENT_EQUITY":110704915.68,"DEBT_ASSET_RATIO":23.7047189233,"OPERATE_PROFIT":2449643.52,"PRETAX_PROFIT":2294044.56,"NETCASH_OPERATE":-13510482.96,"NETCASH_INVEST":-5790444.72,"NETCASH_FINANCE":-5299517.52,"END_CASH":17894712.48,"DIVI_RATIO":null,"DIVIDEND_RATE":null,"CURRENT_RATIO":3.280309723016,"COMMON_ACS":2000000000,"CURRENTDEBT_DEBT":93.103031182718,"ISSUED_COMMON_SHARES":1020000000,"HK_COMMON_SHARES":1020000000,"PER_SHARES":10000,"TOTAL_MARKET_CAP":601800000,"HKSK_MARKET_CAP":601800000,"PE_TTM":-156.759572805418,"PB_TTM":5.015250762538,"REPORT_DATE_SQ":"2020-06-30 00:00:00","REPORT_TYPE_SQ":"2020年中报","OPERATE_INCOME_SQ":51109708.32,"DPS_HKD":null,"OPERATE_INCOME_QOQ_SQ":0.202261226692,"NET_PROFIT_RATIO_SQ":4.443014673,"HOLDER_PROFIT_SQ":2270811.84,"HOLDER_PROFIT_QOQ_SQ":-5.959238351314,"ROE_AVG_SQ":2.109371685546,"PE_TTM_SQ":-14.274809160305,"PB_TTM_SQ":2.252831097904,"ROA_SQ":1.737374160927,"START_DATE":"2021-01-01 00:00:00","FISCAL_YEAR":"12-31","CURRENCY":"HKD","IS_CNY_CODE":0,"DPS_HKD_LY":0.005,"ORG_TYPE":"一般企业","PREMIUM_INCOME":null,"PREMIUM_INCOME_YOY":null,"NET_INTEREST_INCOME":null,"NET_INTEREST_INCOME_YOY":null,"FEE_COMMISSION_INCOME":null,"FEE_COMMISSION_INCOME_YOY":null,"ACCOUNTS_RECE_TDAYS":1.503453338872,"INVENTORY_TDAYS":1.891429506538,"CURRENT_ASSETS_TDAYS":0.639118615671,"TOTAL_ASSETS_TDAYS":0.463359521761,"PREMIUM_EXPENSE":null,"LOAN_DEPOSIT":null,"LOAN_EQUITY":null,"LOAN_ASSETS":null,"DEPOSIT_EQUITY":null,"DEPOSIT_ASSETS":null,"EQUITY_MULTIPLIER":1.310697052148,"EQUITY_RATIO":0.310697052147},{"SECUCODE":"01481.HK","SECURITY_CODE":"01481","SECURITY_NAME_ABBR":"竣球控股","ORG_CODE":"10678052","STD_REPORT_DATE":"2020-12-31 00:00:00","REPORT_DATE":"2020-12-31 00:00:00","DATE_TYPE_CODE":"001","REPORT_TYPE":"2020年年报","PER_NETCASH_OPERATE":0.01377175532,"PER_OI":0.10706754932,"BPS":0.111185594824,"BASIC_EPS":0.01346624,"DILUTED_EPS":null,"OPERATE_INCOME":107067549.32,"OPERATE_INCOME_YOY":-3.767947108,"GROSS_PROFIT":38684299.32,"GROSS_PROFIT_YOY":-13.463761068956,"HOLDER_PROFIT":13467081.64,"HOLDER_PROFIT_YOY":-30.8573157031,"GROSS_PROFIT_RATIO":36.13074135505,"EPS_TTM":0.01346708164,"OPERATE_INCOME_QOQ":-2.468563656048,"NET_PROFIT_RATIO":12.5781170163,"ROE_AVG":12.595741331129,"GROSS_PROFIT_QOQ":-5.892119639895,"ROA":10.517528666691,"HOLDER_PROFIT_QOQ":-17.626036976288,"ROE_YEARLY":12.595741331129,"ROIC_YEARLY":15.406909567093,"TOTAL_ASSETS":135938326.24,"TOTAL_LIABILITIES":22529019.52,"TAX_EBT":20.771439889087,"OCF_SALES":12.862679128705,"TOTAL_PARENT_EQUITY":113409306.72,"DEBT_ASSET_RATIO":16.5729710988,"OPERATE_PROFIT":21800159.28,"PRETAX_PROFIT":16997761.44,"NETCASH_OPERATE":13771755.32,"NETCASH_INVEST":-918229.24,"NETCASH_FINANCE":-6173429.4,"END_CASH":42786452.68,"DIVI_RATIO":null,"DIVIDEND_RATE":null,"CURRENT_RATIO":5.133053221289,"COMMON_ACS":2000000000,"CURRENTDEBT_DEBT":85.355648535565,"ISSUED_COMMON_SHARES":1020000000,"HK_COMMON_SHARES":1020000000,"PER_SHARES":10000,"TOTAL_MARKET_CAP":601800000,"HKSK_MARKET_CAP":601800000,"PE_TTM":-156.759572805418,"PB_TTM":5.015250762538,"REPORT_DATE_SQ":"2019-12-31 00:00:00","REPORT_TYPE_SQ":"2019年年报","OPERATE_INCOME_SQ":118416741.32,"DPS_HKD":null,"OPERATE_INCOME_QOQ_SQ":-4.533041939026,"NET_PROFIT_RATIO_SQ":17.5060895351,"HOLDER_PROFIT_SQ":20730140.76,"HOLDER_PROFIT_QOQ_SQ":4.443768994489,"ROE_AVG_SQ":21.369604964264,"PE_TTM_SQ":-14.274809160305,"PB_TTM_SQ":2.252831097904,"ROA_SQ":16.945466527541,"START_DATE":"2020-01-01 00:00:00","FISCAL_YEAR":"12-31","CURRENCY":"HKD","IS_CNY_CODE":0,"DPS_HKD_LY":null,"ORG_TYPE":"一般企业","PREMIUM_INCOME":null,"PREMIUM_INCOME_YOY":null,"NET_INTEREST_INCOME":null,"NET_INTEREST_INCOME_YOY":null,"FEE_COMMISSION_INCOME":null,"FEE_COMMISSION_INCOME_YOY":null,"ACCOUNTS_RECE_TDAYS":2.758992376677,"INVENTORY_TDAYS":4.719035864673,"CURRENT_ASSETS_TDAYS":1.13983504545,"TOTAL_ASSETS_TDAYS":0.836176722877,"PREMIUM_EXPENSE":null,"LOAN_DEPOSIT":null,"LOAN_EQUITY":null,"LOAN_ASSETS":null,"DEPOSIT_EQUITY":null,"DEPOSIT_ASSETS":null,"EQUITY_MULTIPLIER":1.198652299106,"EQUITY_RATIO":0.198652299106},{"SECUCODE":"01481.HK","SECURITY_CODE":"01481","SECURITY_NAME_ABBR":"竣球控股","ORG_CODE":"10678052","STD_REPORT_DATE":"2020-09-30 00:00:00","REPORT_DATE":"2020-09-30 00:00:00","DATE_TYPE_CODE":"004","REPORT_TYPE":"2020年三季报","PER_NETCASH_OPERATE":null,"PER_OI":0.08503988544,"BPS":null,"BASIC_EPS":0.009578048,"DILUTED_EPS":null,"OPERATE_INCOME":85039885.44,"OPERATE_INCOME_YOY":-6.8161685411,"GROSS_PROFIT":27988110.72,"GROSS_PROFIT_YOY":-11.387355536537,"HOLDER_PROFIT":9542899.2,"HOLDER_PROFIT_YOY":-29.649543305,"GROSS_PROFIT_RATIO":32.911745559379,"EPS_TTM":0.01634871159,"OPERATE_INCOME_QOQ":-5.043102014257,"NET_PROFIT_RATIO":11.2216745714,"ROE_AVG":null,"GROSS_PROFIT_QOQ":-2.585175088557,"ROA":null,"HOLDER_PROFIT_QOQ":-9.209751109389,"ROE_YEARLY":null,"ROIC_YEARLY":null,"TOTAL_ASSETS":null,"TOTAL_LIABILITIES":null,"TAX_EBT":21.310049996377,"OCF_SALES":null,"TOTAL_PARENT_EQUITY":null,"DEBT_ASSET_RATIO":null,"OPERATE_PROFIT":12176423.04,"PRETAX_PROFIT":12127214.72,"NETCASH_OPERATE":null,"NETCASH_INVEST":null,"NETCASH_FINANCE":null,"END_CASH":null,"DIVI_RATIO":null,"DIVIDEND_RATE":null,"CURRENT_RATIO":null,"COMMON_ACS":2000000000,"CURRENTDEBT_DEBT":null,"ISSUED_COMMON_SHARES":1020000000,"HK_COMMON_SHARES":1020000000,"PER_SHARES":10000,"TOTAL_MARKET_CAP":601800000,"HKSK_MARKET_CAP":601800000,"PE_TTM":-156.759572805418,"PB_TTM":5.015250762538,"REPORT_DATE_SQ":"2019-09-30 00:00:00","REPORT_TYPE_SQ":"2019年三季报","OPERATE_INCOME_SQ":93679150.56,"DPS_HKD":null,"OPERATE_INCOME_QOQ_SQ":1.069127964972,"NET_PROFIT_RATIO_SQ":14.8638499461,"HOLDER_PROFIT_SQ":13924328.37,"HOLDER_PROFIT_QOQ_SQ":3.861904134932,"ROE_AVG_SQ":null,"PE_TTM_SQ":-14.274809160305,"PB_TTM_SQ":2.252831097904,"ROA_SQ":null,"START_DATE":"2020-01-01 00:00:00","FISCAL_YEAR":"12-31","CURRENCY":"HKD","IS_CNY_CODE":0,"DPS_HKD_LY":null,"ORG_TYPE":"一般企业","PREMIUM_INCOME":null,"PREMIUM_INCOME_YOY":null,"NET_INTEREST_INCOME":null,"NET_INTEREST_INCOME_YOY":null,"FEE_COMMISSION_INCOME":null,"FEE_COMMISSION_INCOME_YOY":null,"ACCOUNTS_RECE_TDAYS":null,"INVENTORY_TDAYS":null,"CURRENT_ASSETS_TDAYS":1.827136019937,"TOTAL_ASSETS_TDAYS":1.355828435733,"PREMIUM_EXPENSE":null,"LOAN_DEPOSIT":null,"LOAN_EQUITY":null,"LOAN_ASSETS":null,"DEPOSIT_EQUITY":null,"DEPOSIT_ASSETS":null,"EQUITY_MULTIPLIER":null,"EQUITY_RATIO":null}],"count":26},"success":true,"message":"ok","code":0}