{"version":"7b2459bda94925b20b05221d5b784087","result":{"pages":2,"data":[{"SECUCODE":"01489.HK","SECURITY_CODE":"01489","SECURITY_NAME_ABBR":"GC CONSTRUCTION","ORG_CODE":"10000219925","STD_REPORT_DATE":"2024-06-30 00:00:00","REPORT_DATE":"2024-09-30 00:00:00","DATE_TYPE_CODE":"002","REPORT_TYPE":"2024年中报","PER_NETCASH_OPERATE":-0.02675160035,"PER_OI":0.23925751206,"BPS":0.28735989245,"BASIC_EPS":-0.00631253,"DILUTED_EPS":-0.00631253,"OPERATE_INCOME":239257512.06,"OPERATE_INCOME_YOY":-6.1961044976,"GROSS_PROFIT":2599860.57,"GROSS_PROFIT_YOY":-90.326297256626,"HOLDER_PROFIT":-6460423.56,"HOLDER_PROFIT_YOY":-143.1202600217,"GROSS_PROFIT_RATIO":1.08663696601,"EPS_TTM":0.01728700195,"OPERATE_INCOME_QOQ":0,"NET_PROFIT_RATIO":-2.700196748,"ROE_AVG":-2.223208383891,"GROSS_PROFIT_QOQ":0,"ROA":-1.902217926625,"HOLDER_PROFIT_QOQ":0,"ROE_YEARLY":-4.446416767783,"ROIC_YEARLY":-4.740274133944,"TOTAL_ASSETS":332434062.02,"TOTAL_LIABILITIES":45074169.57,"TAX_EBT":0.055803571429,"OCF_SALES":-11.181091084526,"TOTAL_PARENT_EQUITY":287359892.45,"DEBT_ASSET_RATIO":13.5588300718,"OPERATE_PROFIT":-7180051.98,"PRETAX_PROFIT":-6464030.72,"NETCASH_OPERATE":-26751600.35,"NETCASH_INVEST":45912834.27,"NETCASH_FINANCE":-303001.44,"END_CASH":47599181.57,"DIVI_RATIO":null,"DIVIDEND_RATE":null,"CURRENT_RATIO":7.348238755441,"COMMON_ACS":10000000000,"CURRENTDEBT_DEBT":99.281755796971,"ISSUED_COMMON_SHARES":1000000000,"HK_COMMON_SHARES":1000000000,"PER_SHARES":5000,"TOTAL_MARKET_CAP":520000000,"HKSK_MARKET_CAP":520000000,"PE_TTM":-110.426842217031,"PB_TTM":1.631858906968,"REPORT_DATE_SQ":"2023-06-30 00:00:00","REPORT_TYPE_SQ":"2023年中报","OPERATE_INCOME_SQ":259541551.57,"DPS_HKD":null,"OPERATE_INCOME_QOQ_SQ":0,"NET_PROFIT_RATIO_SQ":5.8740131311,"HOLDER_PROFIT_SQ":15245504.82,"HOLDER_PROFIT_QOQ_SQ":0,"ROE_AVG_SQ":5.273331492397,"PE_TTM_SQ":16.367440604752,"PB_TTM_SQ":1.499857745451,"ROA_SQ":4.595367568554,"START_DATE":"2024-04-01 00:00:00","FISCAL_YEAR":"3-31","CURRENCY":"HKD","IS_CNY_CODE":0,"DPS_HKD_LY":null,"ORG_TYPE":"一般企业","PREMIUM_INCOME":null,"PREMIUM_INCOME_YOY":null,"NET_INTEREST_INCOME":null,"NET_INTEREST_INCOME_YOY":null,"FEE_COMMISSION_INCOME":null,"FEE_COMMISSION_INCOME_YOY":null,"ACCOUNTS_RECE_TDAYS":3.39052925503,"INVENTORY_TDAYS":null,"CURRENT_ASSETS_TDAYS":0.712809201282,"TOTAL_ASSETS_TDAYS":0.704473823262,"PREMIUM_EXPENSE":null,"LOAN_DEPOSIT":null,"LOAN_EQUITY":null,"LOAN_ASSETS":null,"DEPOSIT_EQUITY":null,"DEPOSIT_ASSETS":null,"EQUITY_MULTIPLIER":1.156856161052,"EQUITY_RATIO":0.156856161052},{"SECUCODE":"01489.HK","SECURITY_CODE":"01489","SECURITY_NAME_ABBR":"GC CONSTRUCTION","ORG_CODE":"10000219925","STD_REPORT_DATE":"2023-12-31 00:00:00","REPORT_DATE":"2024-03-31 00:00:00","DATE_TYPE_CODE":"001","REPORT_TYPE":"2023年年报","PER_NETCASH_OPERATE":-0.0094680082,"PER_OI":0.5304858635,"BPS":0.29537121445,"BASIC_EPS":0.01722445,"DILUTED_EPS":0.01722445,"OPERATE_INCOME":530485863.5,"OPERATE_INCOME_YOY":8.0351076714,"GROSS_PROFIT":37932771.65,"GROSS_PROFIT_YOY":-33.866340324326,"HOLDER_PROFIT":17287001.95,"HOLDER_PROFIT_YOY":-61.3424424262,"GROSS_PROFIT_RATIO":7.150571628757,"EPS_TTM":0.0255875129,"OPERATE_INCOME_QOQ":0,"NET_PROFIT_RATIO":3.2587111438,"ROE_AVG":6.02906560391,"GROSS_PROFIT_QOQ":0,"ROA":5.133561712982,"HOLDER_PROFIT_QOQ":0,"ROE_YEARLY":6.02906560391,"ROIC_YEARLY":6.772840444538,"TOTAL_ASSETS":348648251.4,"TOTAL_LIABILITIES":53277036.95,"TAX_EBT":16.21704745167,"OCF_SALES":-1.784780491139,"TOTAL_PARENT_EQUITY":295371214.45,"DEBT_ASSET_RATIO":15.2810280092,"OPERATE_PROFIT":18663144.85,"PRETAX_PROFIT":20633078,"NETCASH_OPERATE":-9468008.2,"NETCASH_INVEST":507668,"NETCASH_FINANCE":-5608824.85,"END_CASH":28892655.05,"DIVI_RATIO":null,"DIVIDEND_RATE":null,"CURRENT_RATIO":6.538384725307,"COMMON_ACS":10000000000,"CURRENTDEBT_DEBT":98.832717929521,"ISSUED_COMMON_SHARES":1000000000,"HK_COMMON_SHARES":1000000000,"PER_SHARES":5000,"TOTAL_MARKET_CAP":500000000,"HKSK_MARKET_CAP":500000000,"PE_TTM":-106.179655977915,"PB_TTM":1.569095102854,"REPORT_DATE_SQ":"2022-12-31 00:00:00","REPORT_TYPE_SQ":"2022年年报","OPERATE_INCOME_SQ":474164075.68,"DPS_HKD":null,"OPERATE_INCOME_QOQ_SQ":0,"NET_PROFIT_RATIO_SQ":9.1070215343,"HOLDER_PROFIT_SQ":43182224.48,"HOLDER_PROFIT_QOQ_SQ":0,"ROE_AVG_SQ":21.962306825822,"PE_TTM_SQ":15.523758099352,"PB_TTM_SQ":1.422545490531,"ROA_SQ":17.696175239776,"START_DATE":"2023-04-01 00:00:00","FISCAL_YEAR":"3-31","CURRENCY":"HKD","IS_CNY_CODE":0,"DPS_HKD_LY":null,"ORG_TYPE":"一般企业","PREMIUM_INCOME":null,"PREMIUM_INCOME_YOY":null,"NET_INTEREST_INCOME":null,"NET_INTEREST_INCOME_YOY":null,"FEE_COMMISSION_INCOME":null,"FEE_COMMISSION_INCOME_YOY":null,"ACCOUNTS_RECE_TDAYS":9.020517642706,"INVENTORY_TDAYS":null,"CURRENT_ASSETS_TDAYS":1.593047076519,"TOTAL_ASSETS_TDAYS":1.575334997947,"PREMIUM_EXPENSE":null,"LOAN_DEPOSIT":null,"LOAN_EQUITY":null,"LOAN_ASSETS":null,"DEPOSIT_EQUITY":null,"DEPOSIT_ASSETS":null,"EQUITY_MULTIPLIER":1.180373151965,"EQUITY_RATIO":0.180373151965},{"SECUCODE":"01489.HK","SECURITY_CODE":"01489","SECURITY_NAME_ABBR":"GC CONSTRUCTION","ORG_CODE":"10000219925","STD_REPORT_DATE":"2023-06-30 00:00:00","REPORT_DATE":"2023-09-30 00:00:00","DATE_TYPE_CODE":"002","REPORT_TYPE":"2023年中报","PER_NETCASH_OPERATE":0.0119108374,"PER_OI":0.25954155157,"BPS":0.29672850732,"BASIC_EPS":0.01559971,"DILUTED_EPS":0.01559971,"OPERATE_INCOME":259541551.57,"OPERATE_INCOME_YOY":7.6632902816,"GROSS_PROFIT":26875547.44,"GROSS_PROFIT_YOY":-7.056004622052,"HOLDER_PROFIT":15245504.82,"HOLDER_PROFIT_YOY":-54.2440099146,"GROSS_PROFIT_RATIO":10.355007619176,"EPS_TTM":0.04318222448,"OPERATE_INCOME_QOQ":0,"NET_PROFIT_RATIO":5.8740131311,"ROE_AVG":5.273331492397,"GROSS_PROFIT_QOQ":0,"ROA":4.595367568554,"HOLDER_PROFIT_QOQ":0,"ROE_YEARLY":10.546662984793,"ROIC_YEARLY":12.757967970697,"TOTAL_ASSETS":334704624.87,"TOTAL_LIABILITIES":37976117.55,"TAX_EBT":16.04426701703,"OCF_SALES":4.589183245592,"TOTAL_PARENT_EQUITY":296728507.32,"DEBT_ASSET_RATIO":11.3461585913,"OPERATE_PROFIT":17480851.5,"PRETAX_PROFIT":18158980.07,"NETCASH_OPERATE":11910837.4,"NETCASH_INVEST":-659775.97,"NETCASH_FINANCE":-5475498.21,"END_CASH":49768580.68,"DIVI_RATIO":null,"DIVIDEND_RATE":null,"CURRENT_RATIO":8.798638891599,"COMMON_ACS":10000000000,"CURRENTDEBT_DEBT":99.060045910354,"ISSUED_COMMON_SHARES":1000000000,"HK_COMMON_SHARES":1000000000,"PER_SHARES":5000,"TOTAL_MARKET_CAP":500000000,"HKSK_MARKET_CAP":500000000,"PE_TTM":-106.179655977915,"PB_TTM":1.569095102854,"REPORT_DATE_SQ":"2022-06-30 00:00:00","REPORT_TYPE_SQ":"2022年中报","OPERATE_INCOME_SQ":237602719.08,"DPS_HKD":null,"OPERATE_INCOME_QOQ_SQ":0,"NET_PROFIT_RATIO_SQ":13.8214817268,"HOLDER_PROFIT_SQ":32840216.4,"HOLDER_PROFIT_QOQ_SQ":0,"ROE_AVG_SQ":22.607417922807,"PE_TTM_SQ":15.523758099352,"PB_TTM_SQ":1.422545490531,"ROA_SQ":16.197348024401,"START_DATE":"2023-04-01 00:00:00","FISCAL_YEAR":"3-31","CURRENCY":"HKD","IS_CNY_CODE":0,"DPS_HKD_LY":null,"ORG_TYPE":"一般企业","PREMIUM_INCOME":null,"PREMIUM_INCOME_YOY":null,"NET_INTEREST_INCOME":null,"NET_INTEREST_INCOME_YOY":null,"FEE_COMMISSION_INCOME":null,"FEE_COMMISSION_INCOME_YOY":null,"ACCOUNTS_RECE_TDAYS":5.325632190401,"INVENTORY_TDAYS":null,"CURRENT_ASSETS_TDAYS":0.790500213109,"TOTAL_ASSETS_TDAYS":0.782321637006,"PREMIUM_EXPENSE":null,"LOAN_DEPOSIT":null,"LOAN_EQUITY":null,"LOAN_ASSETS":null,"DEPOSIT_EQUITY":null,"DEPOSIT_ASSETS":null,"EQUITY_MULTIPLIER":1.127982706795,"EQUITY_RATIO":0.127982706795},{"SECUCODE":"01489.HK","SECURITY_CODE":"01489","SECURITY_NAME_ABBR":"GC CONSTRUCTION","ORG_CODE":"10000219925","STD_REPORT_DATE":"2022-12-31 00:00:00","REPORT_DATE":"2023-03-31 00:00:00","DATE_TYPE_CODE":"001","REPORT_TYPE":"2022年年报","PER_NETCASH_OPERATE":-0.03522212135,"PER_OI":0.47416407568,"BPS":0.2685320175,"BASIC_EPS":0.04989837,"DILUTED_EPS":0.04989837,"OPERATE_INCOME":474164075.68,"OPERATE_INCOME_YOY":18.6700318996,"GROSS_PROFIT":57357738.61,"GROSS_PROFIT_YOY":22.597137122409,"HOLDER_PROFIT":43182224.48,"HOLDER_PROFIT_YOY":57.6276602544,"GROSS_PROFIT_RATIO":12.096601482882,"EPS_TTM":0.04424788102,"OPERATE_INCOME_QOQ":0,"NET_PROFIT_RATIO":9.1070215343,"ROE_AVG":21.962306825822,"GROSS_PROFIT_QOQ":0,"ROA":17.696175239776,"HOLDER_PROFIT_QOQ":0,"ROE_YEARLY":21.962306825822,"ROIC_YEARLY":22.836455553215,"TOTAL_ASSETS":313683039.07,"TOTAL_LIABILITIES":45151021.57,"TAX_EBT":13.055433154138,"OCF_SALES":-7.428255989129,"TOTAL_PARENT_EQUITY":268532017.5,"DEBT_ASSET_RATIO":14.393835798,"OPERATE_PROFIT":49258445.29,"PRETAX_PROFIT":49666386.35,"NETCASH_OPERATE":-35286026.28,"NETCASH_INVEST":-45599231.49,"NETCASH_FINANCE":98740120.13,"END_CASH":41968906.22,"DIVI_RATIO":null,"DIVIDEND_RATE":null,"CURRENT_RATIO":6.923659207523,"COMMON_ACS":10000000000,"CURRENTDEBT_DEBT":99.379568412277,"ISSUED_COMMON_SHARES":1000000000,"HK_COMMON_SHARES":1000000000,"PER_SHARES":5000,"TOTAL_MARKET_CAP":480000000,"HKSK_MARKET_CAP":480000000,"PE_TTM":-101.932469738798,"PB_TTM":1.50633129874,"REPORT_DATE_SQ":"2021-12-31 00:00:00","REPORT_TYPE_SQ":"2021年年报","OPERATE_INCOME_SQ":370170916.32,"DPS_HKD":null,"OPERATE_INCOME_QOQ_SQ":0,"NET_PROFIT_RATIO_SQ":6.8562239282,"HOLDER_PROFIT_SQ":25379746.94,"HOLDER_PROFIT_QOQ_SQ":0,"ROE_AVG_SQ":24.678059128295,"PE_TTM_SQ":9.325332468375,"PB_TTM_SQ":1.422545490531,"ROA_SQ":16.196842304119,"START_DATE":"2022-04-01 00:00:00","FISCAL_YEAR":"3-31","CURRENCY":"HKD","IS_CNY_CODE":0,"DPS_HKD_LY":null,"ORG_TYPE":"一般企业","PREMIUM_INCOME":null,"PREMIUM_INCOME_YOY":null,"NET_INTEREST_INCOME":null,"NET_INTEREST_INCOME_YOY":null,"FEE_COMMISSION_INCOME":null,"FEE_COMMISSION_INCOME_YOY":null,"ACCOUNTS_RECE_TDAYS":13.392708346211,"INVENTORY_TDAYS":null,"CURRENT_ASSETS_TDAYS":1.964760058256,"TOTAL_ASSETS_TDAYS":1.94313532401,"PREMIUM_EXPENSE":null,"LOAN_DEPOSIT":null,"LOAN_EQUITY":null,"LOAN_ASSETS":null,"DEPOSIT_EQUITY":null,"DEPOSIT_ASSETS":null,"EQUITY_MULTIPLIER":1.168140179299,"EQUITY_RATIO":0.168140179299},{"SECUCODE":"01489.HK","SECURITY_CODE":"01489","SECURITY_NAME_ABBR":"GC CONSTRUCTION","ORG_CODE":"10000219925","STD_REPORT_DATE":"2022-06-30 00:00:00","REPORT_DATE":"2022-09-30 00:00:00","DATE_TYPE_CODE":"002","REPORT_TYPE":"2022年中报","PER_NETCASH_OPERATE":-0.095360443077,"PER_OI":6.092377412308,"BPS":0.16168312104,"BASIC_EPS":0.04341312,"DILUTED_EPS":0.04341312,"OPERATE_INCOME":237602719.08,"OPERATE_INCOME_YOY":3.6650764149,"GROSS_PROFIT":28915851.24,"GROSS_PROFIT_YOY":13.369717808186,"HOLDER_PROFIT":32840216.4,"HOLDER_PROFIT_YOY":116.491772001,"GROSS_PROFIT_RATIO":12.169831789789,"EPS_TTM":0.650762742051,"OPERATE_INCOME_QOQ":0,"NET_PROFIT_RATIO":13.8214817268,"ROE_AVG":22.607417922807,"GROSS_PROFIT_QOQ":0,"ROA":16.197348024401,"HOLDER_PROFIT_QOQ":0,"ROE_YEARLY":45.214835845615,"ROIC_YEARLY":36.728521502521,"TOTAL_ASSETS":225362028.12,"TOTAL_LIABILITIES":63678907.08,"TAX_EBT":9.98785294628,"OCF_SALES":-1.565241885447,"TOTAL_PARENT_EQUITY":161683121.04,"DEBT_ASSET_RATIO":28.2562717469,"OPERATE_PROFIT":36672328.68,"PRETAX_PROFIT":36484205.16,"NETCASH_OPERATE":-3719057.28,"NETCASH_INVEST":-289420.8,"NETCASH_FINANCE":2028658.92,"END_CASH":22933885.08,"DIVI_RATIO":null,"DIVIDEND_RATE":null,"CURRENT_RATIO":3.516642423205,"COMMON_ACS":10000000000,"CURRENTDEBT_DEBT":99.595210703481,"ISSUED_COMMON_SHARES":1000000000,"HK_COMMON_SHARES":1000000000,"PER_SHARES":5000,"TOTAL_MARKET_CAP":480000000,"HKSK_MARKET_CAP":480000000,"PE_TTM":-101.932469738798,"PB_TTM":1.50633129874,"REPORT_DATE_SQ":"2021-06-30 00:00:00","REPORT_TYPE_SQ":"2021年中报","OPERATE_INCOME_SQ":211113232.14,"DPS_HKD":null,"OPERATE_INCOME_QOQ_SQ":0,"NET_PROFIT_RATIO_SQ":6.6182882894,"HOLDER_PROFIT_SQ":13972082.32,"HOLDER_PROFIT_QOQ_SQ":0,"ROE_AVG_SQ":14.029511158698,"PE_TTM_SQ":9.325332468375,"PB_TTM_SQ":1.422545490531,"ROA_SQ":8.846644794447,"START_DATE":"2022-04-01 00:00:00","FISCAL_YEAR":"3-31","CURRENCY":"HKD","IS_CNY_CODE":0,"DPS_HKD_LY":null,"ORG_TYPE":"一般企业","PREMIUM_INCOME":null,"PREMIUM_INCOME_YOY":null,"NET_INTEREST_INCOME":null,"NET_INTEREST_INCOME_YOY":null,"FEE_COMMISSION_INCOME":null,"FEE_COMMISSION_INCOME_YOY":null,"ACCOUNTS_RECE_TDAYS":6.247788242009,"INVENTORY_TDAYS":null,"CURRENT_ASSETS_TDAYS":1.185846060789,"TOTAL_ASSETS_TDAYS":1.171896642095,"PREMIUM_EXPENSE":null,"LOAN_DEPOSIT":null,"LOAN_EQUITY":null,"LOAN_ASSETS":null,"DEPOSIT_EQUITY":null,"DEPOSIT_ASSETS":null,"EQUITY_MULTIPLIER":1.393850060973,"EQUITY_RATIO":0.393850060974},{"SECUCODE":"01489.HK","SECURITY_CODE":"01489","SECURITY_NAME_ABBR":"GC CONSTRUCTION","ORG_CODE":"10000219925","STD_REPORT_DATE":"2021-12-31 00:00:00","REPORT_DATE":"2022-03-31 00:00:00","DATE_TYPE_CODE":"001","REPORT_TYPE":"2021年年报","PER_NETCASH_OPERATE":0.298472475128,"PER_OI":9.491561956923,"BPS":0.11553324056,"BASIC_EPS":0.03406242,"DILUTED_EPS":0.03406242,"OPERATE_INCOME":370170916.32,"OPERATE_INCOME_YOY":3.6476227891,"GROSS_PROFIT":46785544.88,"GROSS_PROFIT_YOY":2.658872043627,"HOLDER_PROFIT":25379746.94,"HOLDER_PROFIT_YOY":-32.0271943352,"GROSS_PROFIT_RATIO":12.638903494935,"EPS_TTM":0.993093846667,"OPERATE_INCOME_QOQ":0,"NET_PROFIT_RATIO":6.8562239282,"ROE_AVG":24.678059128295,"GROSS_PROFIT_QOQ":0,"ROA":16.196842304119,"HOLDER_PROFIT_QOQ":0,"ROE_YEARLY":24.678059128295,"ROIC_YEARLY":18.398603084268,"TOTAL_ASSETS":161530483.72,"TOTAL_LIABILITIES":45997243.16,"TAX_EBT":19.287114412463,"OCF_SALES":3.144608616399,"TOTAL_PARENT_EQUITY":115533240.56,"DEBT_ASSET_RATIO":28.4758901854,"OPERATE_PROFIT":31557210.11,"PRETAX_PROFIT":31444479.72,"NETCASH_OPERATE":11640426.53,"NETCASH_INVEST":-708011.73,"NETCASH_FINANCE":-1624453.03,"END_CASH":22340081.46,"DIVI_RATIO":null,"DIVIDEND_RATE":null,"CURRENT_RATIO":3.496716439161,"COMMON_ACS":10000000000,"CURRENTDEBT_DEBT":99.070808942803,"ISSUED_COMMON_SHARES":1000000000,"HK_COMMON_SHARES":1000000000,"PER_SHARES":5000,"TOTAL_MARKET_CAP":480000000,"HKSK_MARKET_CAP":480000000,"PE_TTM":-101.932469738798,"PB_TTM":1.50633129874,"REPORT_DATE_SQ":"2020-12-31 00:00:00","REPORT_TYPE_SQ":"2020年年报","OPERATE_INCOME_SQ":372191071.42,"DPS_HKD":null,"OPERATE_INCOME_QOQ_SQ":0,"NET_PROFIT_RATIO_SQ":10.4546414484,"HOLDER_PROFIT_SQ":38911242.02,"HOLDER_PROFIT_QOQ_SQ":0,"ROE_AVG_SQ":52.34827596009,"PE_TTM_SQ":9.325332468375,"PB_TTM_SQ":1.422545490531,"ROA_SQ":25.229406816581,"START_DATE":"2021-04-01 00:00:00","FISCAL_YEAR":"3-31","CURRENCY":"HKD","IS_CNY_CODE":0,"DPS_HKD_LY":null,"ORG_TYPE":"一般企业","PREMIUM_INCOME":null,"PREMIUM_INCOME_YOY":null,"NET_INTEREST_INCOME":null,"NET_INTEREST_INCOME_YOY":null,"FEE_COMMISSION_INCOME":null,"FEE_COMMISSION_INCOME_YOY":null,"ACCOUNTS_RECE_TDAYS":14.467399917589,"INVENTORY_TDAYS":null,"CURRENT_ASSETS_TDAYS":2.391323937759,"TOTAL_ASSETS_TDAYS":2.362356083132,"PREMIUM_EXPENSE":null,"LOAN_DEPOSIT":null,"LOAN_EQUITY":null,"LOAN_ASSETS":null,"DEPOSIT_EQUITY":null,"DEPOSIT_ASSETS":null,"EQUITY_MULTIPLIER":1.398129948897,"EQUITY_RATIO":0.398129948897},{"SECUCODE":"01489.HK","SECURITY_CODE":"01489","SECURITY_NAME_ABBR":"GC CONSTRUCTION","ORG_CODE":"10000219925","STD_REPORT_DATE":"2021-06-30 00:00:00","REPORT_DATE":"2021-09-30 00:00:00","DATE_TYPE_CODE":"002","REPORT_TYPE":"2021年中报","PER_NETCASH_OPERATE":-0.221081307692,"PER_OI":5.413159798462,"BPS":0.10657669804,"BASIC_EPS":0.01832732,"DILUTED_EPS":0.01832732,"OPERATE_INCOME":211113232.14,"OPERATE_INCOME_YOY":24.3865806072,"GROSS_PROFIT":25505798.02,"GROSS_PROFIT_YOY":39.763487773258,"HOLDER_PROFIT":13972082.32,"HOLDER_PROFIT_YOY":4.1351049298,"GROSS_PROFIT_RATIO":12.081572415644,"EPS_TTM":0.997724154359,"OPERATE_INCOME_QOQ":0,"NET_PROFIT_RATIO":6.6182882894,"ROE_AVG":14.029511158698,"GROSS_PROFIT_QOQ":0,"ROA":8.846644794447,"HOLDER_PROFIT_QOQ":0,"ROE_YEARLY":28.059022317396,"ROIC_YEARLY":18.968612781647,"TOTAL_ASSETS":159883374.38,"TOTAL_LIABILITIES":53306676.34,"TAX_EBT":18.570665630917,"OCF_SALES":-4.084145229837,"TOTAL_PARENT_EQUITY":106576698.04,"DEBT_ASSET_RATIO":33.340975287,"OPERATE_PROFIT":17243508.94,"PRETAX_PROFIT":17158536.82,"NETCASH_OPERATE":-8622171,"NETCASH_INVEST":-385706.78,"NETCASH_FINANCE":1282912.4,"END_CASH":5661475.76,"DIVI_RATIO":null,"DIVIDEND_RATE":null,"CURRENT_RATIO":2.971820199431,"COMMON_ACS":10000000000,"CURRENTDEBT_DEBT":99.989060619794,"ISSUED_COMMON_SHARES":1000000000,"HK_COMMON_SHARES":1000000000,"PER_SHARES":5000,"TOTAL_MARKET_CAP":480000000,"HKSK_MARKET_CAP":480000000,"PE_TTM":-101.932469738798,"PB_TTM":1.50633129874,"REPORT_DATE_SQ":"2020-06-30 00:00:00","REPORT_TYPE_SQ":"2020年中报","OPERATE_INCOME_SQ":179026019.2,"DPS_HKD":null,"OPERATE_INCOME_QOQ_SQ":0,"NET_PROFIT_RATIO_SQ":7.9053672663,"HOLDER_PROFIT_SQ":14152664.32,"HOLDER_PROFIT_QOQ_SQ":0,"ROE_AVG_SQ":null,"PE_TTM_SQ":9.325332468375,"PB_TTM_SQ":1.422545490531,"ROA_SQ":null,"START_DATE":"2021-04-01 00:00:00","FISCAL_YEAR":"3-31","CURRENCY":"HKD","IS_CNY_CODE":0,"DPS_HKD_LY":null,"ORG_TYPE":"一般企业","PREMIUM_INCOME":null,"PREMIUM_INCOME_YOY":null,"NET_INTEREST_INCOME":null,"NET_INTEREST_INCOME_YOY":null,"FEE_COMMISSION_INCOME":null,"FEE_COMMISSION_INCOME_YOY":null,"ACCOUNTS_RECE_TDAYS":6.214753414915,"INVENTORY_TDAYS":null,"CURRENT_ASSETS_TDAYS":1.350106284929,"TOTAL_ASSETS_TDAYS":1.336696802507,"PREMIUM_EXPENSE":null,"LOAN_DEPOSIT":null,"LOAN_EQUITY":null,"LOAN_ASSETS":null,"DEPOSIT_EQUITY":null,"DEPOSIT_ASSETS":null,"EQUITY_MULTIPLIER":1.50017196367,"EQUITY_RATIO":0.500171963669},{"SECUCODE":"01489.HK","SECURITY_CODE":"01489","SECURITY_NAME_ABBR":"GC CONSTRUCTION","ORG_CODE":"10000219925","STD_REPORT_DATE":"2020-12-31 00:00:00","REPORT_DATE":"2021-03-31 00:00:00","DATE_TYPE_CODE":"001","REPORT_TYPE":"2020年年报","PER_NETCASH_OPERATE":1.276178457436,"PER_OI":9.543360805641,"BPS":0.09395189916,"BASIC_EPS":0.9973124,"DILUTED_EPS":0.9973124,"OPERATE_INCOME":372191071.42,"OPERATE_INCOME_YOY":-14.1838512415,"GROSS_PROFIT":45573795.96,"GROSS_PROFIT_YOY":8.42871375069,"HOLDER_PROFIT":38911242.02,"HOLDER_PROFIT_YOY":78.3765982177,"GROSS_PROFIT_RATIO":12.244731123217,"EPS_TTM":null,"OPERATE_INCOME_QOQ":0,"NET_PROFIT_RATIO":10.4546414484,"ROE_AVG":52.34827596009,"GROSS_PROFIT_QOQ":0,"ROA":25.229406816581,"HOLDER_PROFIT_QOQ":0,"ROE_YEARLY":52.34827596009,"ROIC_YEARLY":27.125804246895,"TOTAL_ASSETS":158259109.82,"TOTAL_LIABILITIES":64307210.66,"TAX_EBT":12.788406895245,"OCF_SALES":13.372421764475,"TOTAL_PARENT_EQUITY":93951899.16,"DEBT_ASSET_RATIO":40.6341288872,"OPERATE_PROFIT":45300802.82,"PRETAX_PROFIT":44617052.2,"NETCASH_OPERATE":49770959.84,"NETCASH_INVEST":-1088591.84,"NETCASH_FINANCE":-27235080.32,"END_CASH":13581197.42,"DIVI_RATIO":null,"DIVIDEND_RATE":null,"CURRENT_RATIO":2.440529040587,"COMMON_ACS":10000000000,"CURRENTDEBT_DEBT":99.768685846465,"ISSUED_COMMON_SHARES":1000000000,"HK_COMMON_SHARES":1000000000,"PER_SHARES":5000,"TOTAL_MARKET_CAP":480000000,"HKSK_MARKET_CAP":480000000,"PE_TTM":-101.932469738798,"PB_TTM":1.50633129874,"REPORT_DATE_SQ":"2019-12-31 00:00:00","REPORT_TYPE_SQ":"2019年年报","OPERATE_INCOME_SQ":468868809.8,"DPS_HKD":null,"OPERATE_INCOME_QOQ_SQ":0,"NET_PROFIT_RATIO_SQ":5.0296791996,"HOLDER_PROFIT_SQ":23582597,"HOLDER_PROFIT_QOQ_SQ":0,"ROE_AVG_SQ":49.205955808057,"PE_TTM_SQ":9.325332468375,"PB_TTM_SQ":1.422545490531,"ROA_SQ":15.08747932121,"START_DATE":"2020-04-01 00:00:00","FISCAL_YEAR":"3-31","CURRENCY":"HKD","IS_CNY_CODE":0,"DPS_HKD_LY":null,"ORG_TYPE":"一般企业","PREMIUM_INCOME":null,"PREMIUM_INCOME_YOY":null,"NET_INTEREST_INCOME":null,"NET_INTEREST_INCOME_YOY":null,"FEE_COMMISSION_INCOME":null,"FEE_COMMISSION_INCOME_YOY":null,"ACCOUNTS_RECE_TDAYS":9.972914519946,"INVENTORY_TDAYS":null,"CURRENT_ASSETS_TDAYS":2.441090142102,"TOTAL_ASSETS_TDAYS":2.413225450251,"PREMIUM_EXPENSE":null,"LOAN_DEPOSIT":null,"LOAN_EQUITY":null,"LOAN_ASSETS":null,"DEPOSIT_EQUITY":null,"DEPOSIT_ASSETS":null,"EQUITY_MULTIPLIER":1.684469512963,"EQUITY_RATIO":0.684469512963},{"SECUCODE":"01489.HK","SECURITY_CODE":"01489","SECURITY_NAME_ABBR":"GC CONSTRUCTION","ORG_CODE":"10000219925","STD_REPORT_DATE":"2020-06-30 00:00:00","REPORT_DATE":"2020-09-30 00:00:00","DATE_TYPE_CODE":"002","REPORT_TYPE":"2020年中报","PER_NETCASH_OPERATE":null,"PER_OI":null,"BPS":null,"BASIC_EPS":0.3602752,"DILUTED_EPS":0.3602752,"OPERATE_INCOME":179026019.2,"OPERATE_INCOME_YOY":null,"GROSS_PROFIT":18249256.96,"GROSS_PROFIT_YOY":null,"HOLDER_PROFIT":14152664.32,"HOLDER_PROFIT_YOY":null,"GROSS_PROFIT_RATIO":10.193633887157,"EPS_TTM":null,"OPERATE_INCOME_QOQ":0,"NET_PROFIT_RATIO":7.9053672663,"ROE_AVG":null,"GROSS_PROFIT_QOQ":0,"ROA":null,"HOLDER_PROFIT_QOQ":0,"ROE_YEARLY":null,"ROIC_YEARLY":null,"TOTAL_ASSETS":null,"TOTAL_LIABILITIES":null,"TAX_EBT":12.652529963664,"OCF_SALES":16.734483520259,"TOTAL_PARENT_EQUITY":null,"DEBT_ASSET_RATIO":null,"OPERATE_PROFIT":16785309.44,"PRETAX_PROFIT":16202718.08,"NETCASH_OPERATE":29959079.68,"NETCASH_INVEST":-50087.04,"NETCASH_FINANCE":-8374201.6,"END_CASH":13356544,"DIVI_RATIO":null,"DIVIDEND_RATE":null,"CURRENT_RATIO":null,"COMMON_ACS":10000000000,"CURRENTDEBT_DEBT":null,"ISSUED_COMMON_SHARES":1000000000,"HK_COMMON_SHARES":1000000000,"PER_SHARES":5000,"TOTAL_MARKET_CAP":480000000,"HKSK_MARKET_CAP":480000000,"PE_TTM":-101.932469738798,"PB_TTM":1.50633129874,"REPORT_DATE_SQ":"2019-06-30 00:00:00","REPORT_TYPE_SQ":"2019年中报","OPERATE_INCOME_SQ":null,"DPS_HKD":null,"OPERATE_INCOME_QOQ_SQ":0,"NET_PROFIT_RATIO_SQ":null,"HOLDER_PROFIT_SQ":null,"HOLDER_PROFIT_QOQ_SQ":0,"ROE_AVG_SQ":null,"PE_TTM_SQ":9.325332468375,"PB_TTM_SQ":1.422545490531,"ROA_SQ":null,"START_DATE":"2020-04-01 00:00:00","FISCAL_YEAR":"3-31","CURRENCY":"HKD","IS_CNY_CODE":0,"DPS_HKD_LY":null,"ORG_TYPE":"一般企业","PREMIUM_INCOME":null,"PREMIUM_INCOME_YOY":null,"NET_INTEREST_INCOME":null,"NET_INTEREST_INCOME_YOY":null,"FEE_COMMISSION_INCOME":null,"FEE_COMMISSION_INCOME_YOY":null,"ACCOUNTS_RECE_TDAYS":null,"INVENTORY_TDAYS":null,"CURRENT_ASSETS_TDAYS":2.321316667996,"TOTAL_ASSETS_TDAYS":2.292841306819,"PREMIUM_EXPENSE":null,"LOAN_DEPOSIT":null,"LOAN_EQUITY":null,"LOAN_ASSETS":null,"DEPOSIT_EQUITY":null,"DEPOSIT_ASSETS":null,"EQUITY_MULTIPLIER":null,"EQUITY_RATIO":null}],"count":11},"success":true,"message":"ok","code":0}