{"version":"7e22045765a5d1e2de37d4081beecd64","result":{"pages":4,"data":[{"SECUCODE":"01488.HK","SECURITY_CODE":"01488","SECURITY_NAME_ABBR":"百福控股","ORG_CODE":"10173582","STD_REPORT_DATE":"2024-06-30 00:00:00","REPORT_DATE":"2024-06-30 00:00:00","DATE_TYPE_CODE":"002","REPORT_TYPE":"2024年中报","PER_NETCASH_OPERATE":0.009274297761,"PER_OI":0.154530666437,"BPS":-0.03170592349,"BASIC_EPS":-0.0286,"DILUTED_EPS":-0.0286,"OPERATE_INCOME":243952000,"OPERATE_INCOME_YOY":-20.0807212496,"GROSS_PROFIT":243952000,"GROSS_PROFIT_YOY":-20.080721249607,"HOLDER_PROFIT":-45124000,"HOLDER_PROFIT_YOY":-427.2111227947,"GROSS_PROFIT_RATIO":null,"EPS_TTM":-0.119228664238,"OPERATE_INCOME_QOQ":-10.03833814539,"NET_PROFIT_RATIO":-19.0894110317,"ROE_AVG":180.243658877571,"GROSS_PROFIT_QOQ":-10.03833814539,"ROA":-4.193647169144,"HOLDER_PROFIT_QOQ":-24.11032791101,"ROE_YEARLY":360.487317755143,"ROIC_YEARLY":-9.064397821885,"TOTAL_ASSETS":1043656000,"TOTAL_LIABILITIES":1047963000,"TAX_EBT":-0.975736681194,"OCF_SALES":6.001590476815,"TOTAL_PARENT_EQUITY":-50053000,"DEBT_ASSET_RATIO":100.4126838728,"OPERATE_PROFIT":-16381000,"PRETAX_PROFIT":-46119000,"NETCASH_OPERATE":14641000,"NETCASH_INVEST":6059000,"NETCASH_FINANCE":-23754000,"END_CASH":32602000,"DIVI_RATIO":null,"DIVIDEND_RATE":null,"CURRENT_RATIO":0.597360896676,"COMMON_ACS":5000000000,"CURRENTDEBT_DEBT":27.132541893178,"ISSUED_COMMON_SHARES":1578664000,"HK_COMMON_SHARES":1578664000,"PER_SHARES":2000,"TOTAL_MARKET_CAP":1578664000,"HKSK_MARKET_CAP":1578664000,"PE_TTM":-7.607684921766,"PB_TTM":-28.78578825485,"REPORT_DATE_SQ":"2023-06-30 00:00:00","REPORT_TYPE_SQ":"2023年中报","OPERATE_INCOME_SQ":305248000,"DPS_HKD":null,"OPERATE_INCOME_QOQ_SQ":6.910383062641,"NET_PROFIT_RATIO_SQ":-1.8647132823,"HOLDER_PROFIT_SQ":-8559000,"HOLDER_PROFIT_QOQ_SQ":59.086545231116,"ROE_AVG_SQ":-5.934436232025,"PE_TTM_SQ":-23.834337073275,"PB_TTM_SQ":10.729636383688,"ROA_SQ":-0.647584401985,"START_DATE":"2024-01-01 00:00:00","FISCAL_YEAR":"12-31","CURRENCY":"HKD","IS_CNY_CODE":0,"DPS_HKD_LY":null,"ORG_TYPE":"一般企业","PREMIUM_INCOME":null,"PREMIUM_INCOME_YOY":null,"NET_INTEREST_INCOME":null,"NET_INTEREST_INCOME_YOY":null,"FEE_COMMISSION_INCOME":null,"FEE_COMMISSION_INCOME_YOY":null,"ACCOUNTS_RECE_TDAYS":4.071838696755,"INVENTORY_TDAYS":null,"CURRENT_ASSETS_TDAYS":1.31356495753,"TOTAL_ASSETS_TDAYS":0.226719398592,"PREMIUM_EXPENSE":null,"LOAN_DEPOSIT":null,"LOAN_EQUITY":null,"LOAN_ASSETS":null,"DEPOSIT_EQUITY":null,"DEPOSIT_ASSETS":null,"EQUITY_MULTIPLIER":-242.316229421601,"EQUITY_RATIO":-20.937066709288},{"SECUCODE":"01488.HK","SECURITY_CODE":"01488","SECURITY_NAME_ABBR":"百福控股","ORG_CODE":"10173582","STD_REPORT_DATE":"2023-12-31 00:00:00","REPORT_DATE":"2023-12-31 00:00:00","DATE_TYPE_CODE":"001","REPORT_TYPE":"2023年年报","PER_NETCASH_OPERATE":0.052882057233,"PER_OI":0.386794783437,"BPS":-0.000010768599,"BASIC_EPS":-0.0961,"DILUTED_EPS":-0.0961,"OPERATE_INCOME":610619000,"OPERATE_INCOME_YOY":13.6014213689,"GROSS_PROFIT":610619000,"GROSS_PROFIT_YOY":13.601421368905,"HOLDER_PROFIT":-151657000,"HOLDER_PROFIT_YOY":2.934550249,"GROSS_PROFIT_RATIO":null,"EPS_TTM":-0.096066674099,"OPERATE_INCOME_QOQ":6.258548622301,"NET_PROFIT_RATIO":-26.6442740891,"ROE_AVG":-198.526014019884,"GROSS_PROFIT_QOQ":6.258548622301,"ROA":-12.371493120943,"HOLDER_PROFIT_QOQ":-137.245791877855,"ROE_YEARLY":-198.526014019884,"ROIC_YEARLY":-13.318398212703,"TOTAL_ASSETS":1108361000,"TOTAL_LIABILITIES":1061608000,"TAX_EBT":-2.862146578322,"OCF_SALES":13.671864124765,"TOTAL_PARENT_EQUITY":-17000,"DEBT_ASSET_RATIO":95.7817895072,"OPERATE_PROFIT":-112449000,"PRETAX_PROFIT":-158168000,"NETCASH_OPERATE":83483000,"NETCASH_INVEST":24505000,"NETCASH_FINANCE":-106278000,"END_CASH":35636000,"DIVI_RATIO":null,"DIVIDEND_RATE":null,"CURRENT_RATIO":0.676490526273,"COMMON_ACS":5000000000,"CURRENTDEBT_DEBT":28.068929397668,"ISSUED_COMMON_SHARES":1578664000,"HK_COMMON_SHARES":1578664000,"PER_SHARES":2000,"TOTAL_MARKET_CAP":1562877360,"HKSK_MARKET_CAP":1562877360,"PE_TTM":-7.531608072548,"PB_TTM":-28.497930372301,"REPORT_DATE_SQ":"2022-12-31 00:00:00","REPORT_TYPE_SQ":"2022年年报","OPERATE_INCOME_SQ":537510000,"DPS_HKD":null,"OPERATE_INCOME_QOQ_SQ":-17.412628027251,"NET_PROFIT_RATIO_SQ":-31.0148648397,"HOLDER_PROFIT_SQ":-156242000,"HOLDER_PROFIT_QOQ_SQ":79.049235811081,"ROE_AVG_SQ":-71.052356330464,"PE_TTM_SQ":-24.31102381474,"PB_TTM_SQ":10.944229111361,"ROA_SQ":-10.912080099118,"START_DATE":"2023-01-01 00:00:00","FISCAL_YEAR":"12-31","CURRENCY":"HKD","IS_CNY_CODE":0,"DPS_HKD_LY":null,"ORG_TYPE":"一般企业","PREMIUM_INCOME":null,"PREMIUM_INCOME_YOY":null,"NET_INTEREST_INCOME":null,"NET_INTEREST_INCOME_YOY":null,"FEE_COMMISSION_INCOME":null,"FEE_COMMISSION_INCOME_YOY":null,"ACCOUNTS_RECE_TDAYS":8.690477207065,"INVENTORY_TDAYS":null,"CURRENT_ASSETS_TDAYS":2.852866560455,"TOTAL_ASSETS_TDAYS":0.498115402389,"PREMIUM_EXPENSE":null,"LOAN_DEPOSIT":null,"LOAN_EQUITY":null,"LOAN_ASSETS":null,"DEPOSIT_EQUITY":null,"DEPOSIT_ASSETS":null,"EQUITY_MULTIPLIER":23.706735396607,"EQUITY_RATIO":-62447.5294117647},{"SECUCODE":"01488.HK","SECURITY_CODE":"01488","SECURITY_NAME_ABBR":"百福控股","ORG_CODE":"10173582","STD_REPORT_DATE":"2023-06-30 00:00:00","REPORT_DATE":"2023-06-30 00:00:00","DATE_TYPE_CODE":"002","REPORT_TYPE":"2023年中报","PER_NETCASH_OPERATE":0.03015207796,"PER_OI":0.193358434727,"BPS":0.085928354609,"BASIC_EPS":-0.0054,"DILUTED_EPS":-0.0054,"OPERATE_INCOME":305248000,"OPERATE_INCOME_YOY":13.8543251872,"GROSS_PROFIT":305248000,"GROSS_PROFIT_YOY":13.854325187241,"HOLDER_PROFIT":-8559000,"HOLDER_PROFIT_YOY":91.5154098556,"GROSS_PROFIT_RATIO":null,"EPS_TTM":-0.040492467048,"OPERATE_INCOME_QOQ":6.910383062641,"NET_PROFIT_RATIO":-1.8647132823,"ROE_AVG":-5.934436232025,"GROSS_PROFIT_QOQ":6.910383062641,"ROA":-0.647584401985,"HOLDER_PROFIT_QOQ":59.086545231116,"ROE_YEARLY":-11.86887246405,"ROIC_YEARLY":-1.394846288232,"TOTAL_ASSETS":1300006000,"TOTAL_LIABILITIES":1103679000,"TAX_EBT":-7.436768591921,"OCF_SALES":15.593877764965,"TOTAL_PARENT_EQUITY":135652000,"DEBT_ASSET_RATIO":84.8979927785,"OPERATE_PROFIT":13565000,"PRETAX_PROFIT":-5298000,"NETCASH_OPERATE":47600000,"NETCASH_INVEST":11729000,"NETCASH_FINANCE":-57060000,"END_CASH":36318000,"DIVI_RATIO":null,"DIVIDEND_RATE":null,"CURRENT_RATIO":0.694547451837,"COMMON_ACS":5000000000,"CURRENTDEBT_DEBT":28.538370305134,"ISSUED_COMMON_SHARES":1578664000,"HK_COMMON_SHARES":1578664000,"PER_SHARES":2000,"TOTAL_MARKET_CAP":1562877360,"HKSK_MARKET_CAP":1562877360,"PE_TTM":-7.531608072548,"PB_TTM":-28.497930372301,"REPORT_DATE_SQ":"2022-06-30 00:00:00","REPORT_TYPE_SQ":"2022年中报","OPERATE_INCOME_SQ":268104000,"DPS_HKD":null,"OPERATE_INCOME_QOQ_SQ":-13.562624259754,"NET_PROFIT_RATIO_SQ":-40.0184256856,"HOLDER_PROFIT_SQ":-100877000,"HOLDER_PROFIT_QOQ_SQ":-16.590451801719,"ROE_AVG_SQ":-43.467132604982,"PE_TTM_SQ":-24.31102381474,"PB_TTM_SQ":10.944229111361,"ROA_SQ":-6.90542476676,"START_DATE":"2023-01-01 00:00:00","FISCAL_YEAR":"12-31","CURRENCY":"HKD","IS_CNY_CODE":0,"DPS_HKD_LY":null,"ORG_TYPE":"一般企业","PREMIUM_INCOME":null,"PREMIUM_INCOME_YOY":null,"NET_INTEREST_INCOME":null,"NET_INTEREST_INCOME_YOY":null,"FEE_COMMISSION_INCOME":null,"FEE_COMMISSION_INCOME_YOY":null,"ACCOUNTS_RECE_TDAYS":4.175216627114,"INVENTORY_TDAYS":null,"CURRENT_ASSETS_TDAYS":1.371115428238,"TOTAL_ASSETS_TDAYS":0.23095436796,"PREMIUM_EXPENSE":null,"LOAN_DEPOSIT":null,"LOAN_EQUITY":null,"LOAN_ASSETS":null,"DEPOSIT_EQUITY":null,"DEPOSIT_ASSETS":null,"EQUITY_MULTIPLIER":6.621636351599,"EQUITY_RATIO":8.136105623212},{"SECUCODE":"01488.HK","SECURITY_CODE":"01488","SECURITY_NAME_ABBR":"百福控股","ORG_CODE":"10173582","STD_REPORT_DATE":"2022-12-31 00:00:00","REPORT_DATE":"2022-12-31 00:00:00","DATE_TYPE_CODE":"001","REPORT_TYPE":"2022年年报","PER_NETCASH_OPERATE":0.051886911971,"PER_OI":0.340484105547,"BPS":0.096790704038,"BASIC_EPS":-0.099,"DILUTED_EPS":-0.099,"OPERATE_INCOME":537510000,"OPERATE_INCOME_YOY":-28.6136429739,"GROSS_PROFIT":537510000,"GROSS_PROFIT_YOY":-28.61364297392,"HOLDER_PROFIT":-156242000,"HOLDER_PROFIT_YOY":75.5734093762,"GROSS_PROFIT_RATIO":null,"EPS_TTM":-0.098971028667,"OPERATE_INCOME_QOQ":-17.412628027251,"NET_PROFIT_RATIO":-31.0148648397,"ROE_AVG":-71.052356330464,"GROSS_PROFIT_QOQ":-17.412628027251,"ROA":-10.912080099118,"HOLDER_PROFIT_QOQ":79.049235811081,"ROE_YEARLY":-71.052356330464,"ROIC_YEARLY":-11.83311313149,"TOTAL_ASSETS":1343356000,"TOTAL_LIABILITIES":1132748000,"TAX_EBT":8.492197234588,"OCF_SALES":15.23915834124,"TOTAL_PARENT_EQUITY":152800000,"DEBT_ASSET_RATIO":84.3222496494,"OPERATE_PROFIT":-110427000,"PRETAX_PROFIT":-182179000,"NETCASH_OPERATE":81912000,"NETCASH_INVEST":-31855000,"NETCASH_FINANCE":-78840000,"END_CASH":34097000,"DIVI_RATIO":null,"DIVIDEND_RATE":null,"CURRENT_RATIO":0.666988638706,"COMMON_ACS":5000000000,"CURRENTDEBT_DEBT":29.977894465495,"ISSUED_COMMON_SHARES":1578664000,"HK_COMMON_SHARES":1578664000,"PER_SHARES":2000,"TOTAL_MARKET_CAP":1562877360,"HKSK_MARKET_CAP":1562877360,"PE_TTM":-7.531608072548,"PB_TTM":-28.497930372301,"REPORT_DATE_SQ":"2021-12-31 00:00:00","REPORT_TYPE_SQ":"2021年年报","OPERATE_INCOME_SQ":752959000,"DPS_HKD":null,"OPERATE_INCOME_QOQ_SQ":-3.106549993566,"NET_PROFIT_RATIO_SQ":-86.570052287,"HOLDER_PROFIT_SQ":-639639000,"HOLDER_PROFIT_QOQ_SQ":-1456.10996229169,"ROE_AVG_SQ":-105.628555622528,"PE_TTM_SQ":-24.31102381474,"PB_TTM_SQ":10.944229111361,"ROA_SQ":-34.781826135731,"START_DATE":"2022-01-01 00:00:00","FISCAL_YEAR":"12-31","CURRENCY":"HKD","IS_CNY_CODE":0,"DPS_HKD_LY":null,"ORG_TYPE":"一般企业","PREMIUM_INCOME":null,"PREMIUM_INCOME_YOY":null,"NET_INTEREST_INCOME":null,"NET_INTEREST_INCOME_YOY":null,"FEE_COMMISSION_INCOME":null,"FEE_COMMISSION_INCOME_YOY":null,"ACCOUNTS_RECE_TDAYS":7.235099337748,"INVENTORY_TDAYS":null,"CURRENT_ASSETS_TDAYS":2.077578226612,"TOTAL_ASSETS_TDAYS":0.375401759711,"PREMIUM_EXPENSE":null,"LOAN_DEPOSIT":null,"LOAN_EQUITY":null,"LOAN_ASSETS":null,"DEPOSIT_EQUITY":null,"DEPOSIT_ASSETS":null,"EQUITY_MULTIPLIER":6.378466155138,"EQUITY_RATIO":7.413272251309},{"SECUCODE":"01488.HK","SECURITY_CODE":"01488","SECURITY_NAME_ABBR":"百福控股","ORG_CODE":"10173582","STD_REPORT_DATE":"2022-06-30 00:00:00","REPORT_DATE":"2022-06-30 00:00:00","DATE_TYPE_CODE":"002","REPORT_TYPE":"2022年中报","PER_NETCASH_OPERATE":0.031111750189,"PER_OI":0.169829678766,"BPS":0.1122208399,"BASIC_EPS":-0.0639,"DILUTED_EPS":-0.0639,"OPERATE_INCOME":268104000,"OPERATE_INCOME_YOY":-27.5834965224,"GROSS_PROFIT":268104000,"GROSS_PROFIT_YOY":-27.583496522385,"HOLDER_PROFIT":-100877000,"HOLDER_PROFIT_YOY":-2024.399084319,"GROSS_PROFIT_RATIO":null,"EPS_TTM":-0.472398179727,"OPERATE_INCOME_QOQ":-13.562624259754,"NET_PROFIT_RATIO":-40.0184256856,"ROE_AVG":-43.467132604982,"GROSS_PROFIT_QOQ":-13.562624259754,"ROA":-6.90542476676,"HOLDER_PROFIT_QOQ":-16.590451801719,"ROE_YEARLY":-86.934265209963,"ROIC_YEARLY":-14.941437022999,"TOTAL_ASSETS":1401378000,"TOTAL_LIABILITIES":1162216000,"TAX_EBT":0.17956160917,"OCF_SALES":18.319383522812,"TOTAL_PARENT_EQUITY":177159000,"DEBT_ASSET_RATIO":82.9337980188,"OPERATE_PROFIT":-70405000,"PRETAX_PROFIT":-107484000,"NETCASH_OPERATE":49115000,"NETCASH_INVEST":-27611000,"NETCASH_FINANCE":-56662000,"END_CASH":28086000,"DIVI_RATIO":null,"DIVIDEND_RATE":null,"CURRENT_RATIO":0.598921315109,"COMMON_ACS":5000000000,"CURRENTDEBT_DEBT":34.937567543383,"ISSUED_COMMON_SHARES":1578664000,"HK_COMMON_SHARES":1578664000,"PER_SHARES":2000,"TOTAL_MARKET_CAP":1562877360,"HKSK_MARKET_CAP":1562877360,"PE_TTM":-7.531608072548,"PB_TTM":-28.497930372301,"REPORT_DATE_SQ":"2021-06-30 00:00:00","REPORT_TYPE_SQ":"2021年中报","OPERATE_INCOME_SQ":370225000,"DPS_HKD":null,"OPERATE_INCOME_QOQ_SQ":19.426886187146,"NET_PROFIT_RATIO_SQ":0.3114322372,"HOLDER_PROFIT_SQ":5242000,"HOLDER_PROFIT_QOQ_SQ":70.834693269381,"ROE_AVG_SQ":0.564558296675,"PE_TTM_SQ":-24.31102381474,"PB_TTM_SQ":10.944229111361,"ROA_SQ":0.243172035865,"START_DATE":"2022-01-01 00:00:00","FISCAL_YEAR":"12-31","CURRENCY":"HKD","IS_CNY_CODE":0,"DPS_HKD_LY":null,"ORG_TYPE":"一般企业","PREMIUM_INCOME":null,"PREMIUM_INCOME_YOY":null,"NET_INTEREST_INCOME":null,"NET_INTEREST_INCOME_YOY":null,"FEE_COMMISSION_INCOME":null,"FEE_COMMISSION_INCOME_YOY":null,"ACCOUNTS_RECE_TDAYS":3.587923558696,"INVENTORY_TDAYS":null,"CURRENT_ASSETS_TDAYS":1.003873523558,"TOTAL_ASSETS_TDAYS":0.183527662566,"PREMIUM_EXPENSE":null,"LOAN_DEPOSIT":null,"LOAN_EQUITY":null,"LOAN_ASSETS":null,"DEPOSIT_EQUITY":null,"DEPOSIT_ASSETS":null,"EQUITY_MULTIPLIER":5.859534541438,"EQUITY_RATIO":6.5602989405},{"SECUCODE":"01488.HK","SECURITY_CODE":"01488","SECURITY_NAME_ABBR":"百福控股","ORG_CODE":"10173582","STD_REPORT_DATE":"2021-12-31 00:00:00","REPORT_DATE":"2021-12-31 00:00:00","DATE_TYPE_CODE":"001","REPORT_TYPE":"2021年年报","PER_NETCASH_OPERATE":0.040056022054,"PER_OI":0.476959631689,"BPS":0.181795492898,"BASIC_EPS":-0.4052,"DILUTED_EPS":-0.4052,"OPERATE_INCOME":752959000,"OPERATE_INCOME_YOY":15.716830262,"GROSS_PROFIT":752959000,"GROSS_PROFIT_YOY":15.716830261983,"HOLDER_PROFIT":-639639000,"HOLDER_PROFIT_YOY":-353.8442435681,"GROSS_PROFIT_RATIO":null,"EPS_TTM":-0.40517741584,"OPERATE_INCOME_QOQ":-3.106549993566,"NET_PROFIT_RATIO":-86.570052287,"ROE_AVG":-105.628555622528,"GROSS_PROFIT_QOQ":57.547193498575,"ROA":-34.781826135731,"HOLDER_PROFIT_QOQ":-1456.10996229169,"ROE_YEARLY":-105.628555622528,"ROIC_YEARLY":-38.224794821681,"TOTAL_ASSETS":1520296000,"TOTAL_LIABILITIES":1164885000,"TAX_EBT":2.080263187544,"OCF_SALES":8.398199636368,"TOTAL_PARENT_EQUITY":286994000,"DEBT_ASSET_RATIO":76.6222498777,"OPERATE_PROFIT":-619291000,"PRETAX_PROFIT":-665685000,"NETCASH_OPERATE":63235000,"NETCASH_INVEST":-7681000,"NETCASH_FINANCE":-114134000,"END_CASH":62571000,"DIVI_RATIO":null,"DIVIDEND_RATE":null,"CURRENT_RATIO":0.694472093129,"COMMON_ACS":5000000000,"CURRENTDEBT_DEBT":35.964666039995,"ISSUED_COMMON_SHARES":1578664000,"HK_COMMON_SHARES":1578664000,"PER_SHARES":2000,"TOTAL_MARKET_CAP":1562877360,"HKSK_MARKET_CAP":1562877360,"PE_TTM":-7.531608072548,"PB_TTM":-28.497930372301,"REPORT_DATE_SQ":"2020-12-31 00:00:00","REPORT_TYPE_SQ":"2020年年报","OPERATE_INCOME_SQ":650691000,"DPS_HKD":null,"OPERATE_INCOME_QOQ_SQ":-13.435335687166,"NET_PROFIT_RATIO_SQ":-23.205484631,"HOLDER_PROFIT_SQ":-140938000,"HOLDER_PROFIT_QOQ_SQ":28.349482974245,"ROE_AVG_SQ":-15.457405983661,"PE_TTM_SQ":-24.31102381474,"PB_TTM_SQ":10.944229111361,"ROA_SQ":-6.351310793236,"START_DATE":"2021-01-01 00:00:00","FISCAL_YEAR":"12-31","CURRENCY":"HKD","IS_CNY_CODE":0,"DPS_HKD_LY":null,"ORG_TYPE":"一般企业","PREMIUM_INCOME":null,"PREMIUM_INCOME_YOY":null,"NET_INTEREST_INCOME":null,"NET_INTEREST_INCOME_YOY":null,"FEE_COMMISSION_INCOME":null,"FEE_COMMISSION_INCOME_YOY":null,"ACCOUNTS_RECE_TDAYS":13.061547001579,"INVENTORY_TDAYS":null,"CURRENT_ASSETS_TDAYS":2.634662924985,"TOTAL_ASSETS_TDAYS":0.409438589975,"PREMIUM_EXPENSE":null,"LOAN_DEPOSIT":null,"LOAN_EQUITY":null,"LOAN_ASSETS":null,"DEPOSIT_EQUITY":null,"DEPOSIT_ASSETS":null,"EQUITY_MULTIPLIER":4.277571600212,"EQUITY_RATIO":4.058917608034},{"SECUCODE":"01488.HK","SECURITY_CODE":"01488","SECURITY_NAME_ABBR":"百福控股","ORG_CODE":"10173582","STD_REPORT_DATE":"2021-06-30 00:00:00","REPORT_DATE":"2021-06-30 00:00:00","DATE_TYPE_CODE":"002","REPORT_TYPE":"2021年中报","PER_NETCASH_OPERATE":0.035264628825,"PER_OI":0.234517921483,"BPS":0.590949689104,"BASIC_EPS":0.0033,"DILUTED_EPS":0.0033,"OPERATE_INCOME":370225000,"OPERATE_INCOME_YOY":51.8460642452,"GROSS_PROFIT":370225000,"GROSS_PROFIT_YOY":51.846064245169,"HOLDER_PROFIT":5242000,"HOLDER_PROFIT_YOY":105.5417534438,"GROSS_PROFIT_RATIO":null,"EPS_TTM":-0.026037839591,"OPERATE_INCOME_QOQ":19.426886187146,"NET_PROFIT_RATIO":0.3114322372,"ROE_AVG":0.564558296675,"GROSS_PROFIT_QOQ":35.960991929267,"ROA":0.243172035865,"HOLDER_PROFIT_QOQ":70.834693269381,"ROE_YEARLY":1.129116593351,"ROIC_YEARLY":0.52858074507,"TOTAL_ASSETS":2153640000,"TOTAL_LIABILITIES":1146265000,"TAX_EBT":66.848763657274,"OCF_SALES":15.03707205078,"TOTAL_PARENT_EQUITY":932911000,"DEBT_ASSET_RATIO":53.2245407775,"OPERATE_PROFIT":24036000,"PRETAX_PROFIT":3478000,"NETCASH_OPERATE":55671000,"NETCASH_INVEST":-47513000,"NETCASH_FINANCE":-62190000,"END_CASH":69742000,"DIVI_RATIO":null,"DIVIDEND_RATE":null,"CURRENT_RATIO":0.735356281716,"COMMON_ACS":5000000000,"CURRENTDEBT_DEBT":34.589209301514,"ISSUED_COMMON_SHARES":1578664000,"HK_COMMON_SHARES":1578664000,"PER_SHARES":2000,"TOTAL_MARKET_CAP":1562877360,"HKSK_MARKET_CAP":1562877360,"PE_TTM":-7.531608072548,"PB_TTM":-28.497930372301,"REPORT_DATE_SQ":"2020-06-30 00:00:00","REPORT_TYPE_SQ":"2020年中报","OPERATE_INCOME_SQ":243816000,"DPS_HKD":null,"OPERATE_INCOME_QOQ_SQ":-24.700025043827,"NET_PROFIT_RATIO_SQ":-43.4692555042,"HOLDER_PROFIT_SQ":-94591000,"HOLDER_PROFIT_QOQ_SQ":-61.716296430274,"ROE_AVG_SQ":-10.796401694032,"PE_TTM_SQ":-24.31102381474,"PB_TTM_SQ":10.944229111361,"ROA_SQ":-4.214054227921,"START_DATE":"2021-01-01 00:00:00","FISCAL_YEAR":"12-31","CURRENCY":"HKD","IS_CNY_CODE":0,"DPS_HKD_LY":null,"ORG_TYPE":"一般企业","PREMIUM_INCOME":null,"PREMIUM_INCOME_YOY":null,"NET_INTEREST_INCOME":null,"NET_INTEREST_INCOME_YOY":null,"FEE_COMMISSION_INCOME":null,"FEE_COMMISSION_INCOME_YOY":null,"ACCOUNTS_RECE_TDAYS":5.46207639309,"INVENTORY_TDAYS":null,"CURRENT_ASSETS_TDAYS":1.294065422439,"TOTAL_ASSETS_TDAYS":0.171744309382,"PREMIUM_EXPENSE":null,"LOAN_DEPOSIT":null,"LOAN_EQUITY":null,"LOAN_ASSETS":null,"DEPOSIT_EQUITY":null,"DEPOSIT_ASSETS":null,"EQUITY_MULTIPLIER":2.13787318526,"EQUITY_RATIO":1.228697056847},{"SECUCODE":"01488.HK","SECURITY_CODE":"01488","SECURITY_NAME_ABBR":"百福控股","ORG_CODE":"10173582","STD_REPORT_DATE":"2020-12-31 00:00:00","REPORT_DATE":"2020-12-31 00:00:00","DATE_TYPE_CODE":"001","REPORT_TYPE":"2020年年报","PER_NETCASH_OPERATE":0.071514901208,"PER_OI":0.412178272261,"BPS":0.585378522599,"BASIC_EPS":-0.0893,"DILUTED_EPS":-0.0893,"OPERATE_INCOME":650691000,"OPERATE_INCOME_YOY":-34.8168294515,"GROSS_PROFIT":650691000,"GROSS_PROFIT_YOY":10.223465201292,"HOLDER_PROFIT":-140938000,"HOLDER_PROFIT_YOY":-15.8705625072,"GROSS_PROFIT_RATIO":54.022108804333,"EPS_TTM":-0.089276755535,"OPERATE_INCOME_QOQ":-13.435335687166,"NET_PROFIT_RATIO":-23.205484631,"ROE_AVG":-15.457405983661,"GROSS_PROFIT_QOQ":-16.24285775556,"ROA":-6.351310793236,"HOLDER_PROFIT_QOQ":28.349482974245,"ROE_YEARLY":-15.457405983661,"ROIC_YEARLY":-7.010133601792,"TOTAL_ASSETS":2157711000,"TOTAL_LIABILITIES":1157040000,"TAX_EBT":6.032149058118,"OCF_SALES":17.350478183961,"TOTAL_PARENT_EQUITY":924116000,"DEBT_ASSET_RATIO":53.6234926735,"OPERATE_PROFIT":-93805000,"PRETAX_PROFIT":-160689000,"NETCASH_OPERATE":112898000,"NETCASH_INVEST":2046000,"NETCASH_FINANCE":-123361000,"END_CASH":123741000,"DIVI_RATIO":null,"DIVIDEND_RATE":null,"CURRENT_RATIO":0.740256554322,"COMMON_ACS":5000000000,"CURRENTDEBT_DEBT":32.764727235014,"ISSUED_COMMON_SHARES":1578664000,"HK_COMMON_SHARES":1578664000,"PER_SHARES":2000,"TOTAL_MARKET_CAP":1562877360,"HKSK_MARKET_CAP":1562877360,"PE_TTM":-7.531608072548,"PB_TTM":-28.497930372301,"REPORT_DATE_SQ":"2019-12-31 00:00:00","REPORT_TYPE_SQ":"2019年年报","OPERATE_INCOME_SQ":998250000,"DPS_HKD":null,"OPERATE_INCOME_QOQ_SQ":-13.569632615743,"NET_PROFIT_RATIO_SQ":-12.1599799649,"HOLDER_PROFIT_SQ":-121634000,"HOLDER_PROFIT_QOQ_SQ":-350.830244625649,"ROE_AVG_SQ":-13.525957630884,"PE_TTM_SQ":-24.31102381474,"PB_TTM_SQ":10.944229111361,"ROA_SQ":-5.155294811243,"START_DATE":"2020-01-01 00:00:00","FISCAL_YEAR":"12-31","CURRENCY":"HKD","IS_CNY_CODE":0,"DPS_HKD_LY":null,"ORG_TYPE":"一般企业","PREMIUM_INCOME":null,"PREMIUM_INCOME_YOY":null,"NET_INTEREST_INCOME":null,"NET_INTEREST_INCOME_YOY":null,"FEE_COMMISSION_INCOME":null,"FEE_COMMISSION_INCOME_YOY":null,"ACCOUNTS_RECE_TDAYS":18.954557371319,"INVENTORY_TDAYS":8.764050210186,"CURRENT_ASSETS_TDAYS":2.171235322186,"TOTAL_ASSETS_TDAYS":0.293231120873,"PREMIUM_EXPENSE":null,"LOAN_DEPOSIT":null,"LOAN_EQUITY":null,"LOAN_ASSETS":null,"DEPOSIT_EQUITY":null,"DEPOSIT_ASSETS":null,"EQUITY_MULTIPLIER":2.156264146758,"EQUITY_RATIO":1.252050608365},{"SECUCODE":"01488.HK","SECURITY_CODE":"01488","SECURITY_NAME_ABBR":"百福控股","ORG_CODE":"10173582","STD_REPORT_DATE":"2020-06-30 00:00:00","REPORT_DATE":"2020-06-30 00:00:00","DATE_TYPE_CODE":"002","REPORT_TYPE":"2020年中报","PER_NETCASH_OPERATE":0.022190915863,"PER_OI":0.154444517643,"BPS":0.540215650702,"BASIC_EPS":-0.0599,"DILUTED_EPS":-0.0599,"OPERATE_INCOME":243816000,"OPERATE_INCOME_YOY":-50.2805964306,"GROSS_PROFIT":243816000,"GROSS_PROFIT_YOY":-23.192802396681,"HOLDER_PROFIT":-94591000,"HOLDER_PROFIT_YOY":-384.5105772678,"GROSS_PROFIT_RATIO":60.204006299833,"EPS_TTM":-0.124600294933,"OPERATE_INCOME_QOQ":-24.700025043827,"NET_PROFIT_RATIO":-43.4692555042,"ROE_AVG":-10.796401694032,"GROSS_PROFIT_QOQ":-28.907507224675,"ROA":-4.214054227921,"HOLDER_PROFIT_QOQ":-61.716296430274,"ROE_YEARLY":-21.592803388064,"ROIC_YEARLY":-9.254800283737,"TOTAL_ASSETS":2208946000,"TOTAL_LIABILITIES":1282005000,"TAX_EBT":6.691024343003,"OCF_SALES":14.368212094366,"TOTAL_PARENT_EQUITY":852819000,"DEBT_ASSET_RATIO":58.0369551813,"OPERATE_PROFIT":-75085000,"PRETAX_PROFIT":-113585000,"NETCASH_OPERATE":35032000,"NETCASH_INVEST":-23765000,"NETCASH_FINANCE":-31967000,"END_CASH":110088000,"DIVI_RATIO":null,"DIVIDEND_RATE":null,"CURRENT_RATIO":0.818601815284,"COMMON_ACS":5000000000,"CURRENTDEBT_DEBT":28.145366047714,"ISSUED_COMMON_SHARES":1578664000,"HK_COMMON_SHARES":1578664000,"PER_SHARES":2000,"TOTAL_MARKET_CAP":1562877360,"HKSK_MARKET_CAP":1562877360,"PE_TTM":-7.531608072548,"PB_TTM":-28.497930372301,"REPORT_DATE_SQ":"2019-06-30 00:00:00","REPORT_TYPE_SQ":"2019年中报","OPERATE_INCOME_SQ":490384000,"DPS_HKD":null,"OPERATE_INCOME_QOQ_SQ":35.230423379543,"NET_PROFIT_RATIO_SQ":-2.5525946288,"HOLDER_PROFIT_SQ":-19523000,"HOLDER_PROFIT_QOQ_SQ":-142.103374012922,"ROE_AVG_SQ":-2.073462798638,"PE_TTM_SQ":-24.31102381474,"PB_TTM_SQ":10.944229111361,"ROA_SQ":-0.767689787736,"START_DATE":"2020-01-01 00:00:00","FISCAL_YEAR":"12-31","CURRENCY":"HKD","IS_CNY_CODE":0,"DPS_HKD_LY":null,"ORG_TYPE":"一般企业","PREMIUM_INCOME":null,"PREMIUM_INCOME_YOY":null,"NET_INTEREST_INCOME":null,"NET_INTEREST_INCOME_YOY":null,"FEE_COMMISSION_INCOME":null,"FEE_COMMISSION_INCOME_YOY":null,"ACCOUNTS_RECE_TDAYS":7.825274813448,"INVENTORY_TDAYS":2.815372562674,"CURRENT_ASSETS_TDAYS":0.794041497181,"TOTAL_ASSETS_TDAYS":0.108620676981,"PREMIUM_EXPENSE":null,"LOAN_DEPOSIT":null,"LOAN_EQUITY":null,"LOAN_ASSETS":null,"DEPOSIT_EQUITY":null,"DEPOSIT_ASSETS":null,"EQUITY_MULTIPLIER":2.383049190831,"EQUITY_RATIO":1.503255673244}],"count":31},"success":true,"message":"ok","code":0}