{"version":"e9ea71a3ca338492bb669f22fffd7da4","result":{"pages":4,"data":[{"SECUCODE":"01486.HK","SECURITY_CODE":"01486","SECURITY_NAME_ABBR":"思城控股","ORG_CODE":"10361502","STD_REPORT_DATE":"2024-06-30 00:00:00","REPORT_DATE":"2024-06-30 00:00:00","DATE_TYPE_CODE":"002","REPORT_TYPE":"2024年中报","PER_NETCASH_OPERATE":0.019592203421,"PER_OI":0.653448109729,"BPS":1.267525009125,"BASIC_EPS":-0.038606364,"DILUTED_EPS":-0.038606364,"OPERATE_INCOME":188363461.8,"OPERATE_INCOME_YOY":-12.1668780376,"GROSS_PROFIT":27251712.12,"GROSS_PROFIT_YOY":-14.968462748341,"HOLDER_PROFIT":-11130132.6,"HOLDER_PROFIT_YOY":13.7064817436,"GROSS_PROFIT_RATIO":14.467621193401,"EPS_TTM":-0.060184476154,"OPERATE_INCOME_QOQ":-6.869388276002,"NET_PROFIT_RATIO":-5.8502313637,"ROE_AVG":-2.988582365526,"GROSS_PROFIT_QOQ":-9.042525970069,"ROA":-1.849999127717,"HOLDER_PROFIT_QOQ":9.867402481141,"ROE_YEARLY":-5.977164731052,"ROIC_YEARLY":-4.25737666001,"TOTAL_ASSETS":579716995.08,"TOTAL_LIABILITIES":212199012.68,"TAX_EBT":0.927217526873,"OCF_SALES":2.998279913753,"TOTAL_PARENT_EQUITY":365377747.8,"DEBT_ASSET_RATIO":36.6038971569,"OPERATE_PROFIT":-7724923.52,"PRETAX_PROFIT":-11122831.16,"NETCASH_OPERATE":5647663.84,"NETCASH_INVEST":-8641254.24,"NETCASH_FINANCE":-6741054.48,"END_CASH":71127890.44,"DIVI_RATIO":null,"DIVIDEND_RATE":null,"CURRENT_RATIO":2.150416227253,"COMMON_ACS":1000000000,"CURRENTDEBT_DEBT":95.842598526458,"ISSUED_COMMON_SHARES":288260780,"HK_COMMON_SHARES":288260780,"PER_SHARES":2000,"TOTAL_MARKET_CAP":95126057.4,"HKSK_MARKET_CAP":95126057.4,"PE_TTM":-4.928045246853,"PB_TTM":0.237616139983,"REPORT_DATE_SQ":"2023-06-30 00:00:00","REPORT_TYPE_SQ":"2023年中报","OPERATE_INCOME_SQ":216641328.52,"DPS_HKD":null,"OPERATE_INCOME_QOQ_SQ":-2.325809355361,"NET_PROFIT_RATIO_SQ":-3.6422208452,"HOLDER_PROFIT_SQ":-13029421.36,"HOLDER_PROFIT_QOQ_SQ":-18.537763693742,"ROE_AVG_SQ":-3.300130421939,"PE_TTM_SQ":-5.810347133549,"PB_TTM_SQ":0.29634549871,"ROA_SQ":-1.739101542142,"START_DATE":"2024-01-01 00:00:00","FISCAL_YEAR":"12-31","CURRENCY":"HKD","IS_CNY_CODE":0,"DPS_HKD_LY":null,"ORG_TYPE":"一般企业","PREMIUM_INCOME":null,"PREMIUM_INCOME_YOY":null,"NET_INTEREST_INCOME":null,"NET_INTEREST_INCOME_YOY":null,"FEE_COMMISSION_INCOME":null,"FEE_COMMISSION_INCOME_YOY":null,"ACCOUNTS_RECE_TDAYS":1.304570437069,"INVENTORY_TDAYS":null,"CURRENT_ASSETS_TDAYS":0.410439116259,"TOTAL_ASSETS_TDAYS":0.313089028269,"PREMIUM_EXPENSE":null,"LOAN_DEPOSIT":null,"LOAN_EQUITY":null,"LOAN_ASSETS":null,"DEPOSIT_EQUITY":null,"DEPOSIT_ASSETS":null,"EQUITY_MULTIPLIER":1.57738402702,"EQUITY_RATIO":0.580766108384},{"SECUCODE":"01486.HK","SECURITY_CODE":"01486","SECURITY_NAME_ABBR":"思城控股","ORG_CODE":"10361502","STD_REPORT_DATE":"2023-12-31 00:00:00","REPORT_DATE":"2023-12-31 00:00:00","DATE_TYPE_CODE":"001","REPORT_TYPE":"2023年年报","PER_NETCASH_OPERATE":-0.047668690344,"PER_OI":1.428048709922,"BPS":1.307080330595,"BASIC_EPS":-0.066788414,"DILUTED_EPS":-0.066788414,"OPERATE_INCOME":411650435,"OPERATE_INCOME_YOY":-14.8960485912,"GROSS_PROFIT":53051931.24,"GROSS_PROFIT_YOY":-16.846533009279,"HOLDER_PROFIT":-19248112.8,"HOLDER_PROFIT_YOY":-12.9967548013,"GROSS_PROFIT_RATIO":12.887616951018,"EPS_TTM":-0.066773262738,"OPERATE_INCOME_QOQ":-30.887421039711,"NET_PROFIT_RATIO":-4.2003302146,"ROE_AVG":-4.974512648823,"GROSS_PROFIT_QOQ":-45.104818985019,"ROA":-2.799523659204,"HOLDER_PROFIT_QOQ":3.292504699406,"ROE_YEARLY":-4.974512648823,"ROIC_YEARLY":-3.549563114625,"TOTAL_ASSETS":619127691.56,"TOTAL_LIABILITIES":240332262.66,"TAX_EBT":7.126110899079,"OCF_SALES":-3.338029719318,"TOTAL_PARENT_EQUITY":376779995.62,"DEBT_ASSET_RATIO":38.8178829563,"OPERATE_PROFIT":-27310752.14,"PRETAX_PROFIT":-33241962.04,"NETCASH_OPERATE":-13741013.86,"NETCASH_INVEST":-79135661.5,"NETCASH_FINANCE":-9771770.26,"END_CASH":41705150.62,"DIVI_RATIO":null,"DIVIDEND_RATE":null,"CURRENT_RATIO":2.103591149184,"COMMON_ACS":1000000000,"CURRENTDEBT_DEBT":94.373743886758,"ISSUED_COMMON_SHARES":288260780,"HK_COMMON_SHARES":288260780,"PER_SHARES":2000,"TOTAL_MARKET_CAP":105215184.7,"HKSK_MARKET_CAP":105215184.7,"PE_TTM":-5.450716712428,"PB_TTM":0.262817851799,"REPORT_DATE_SQ":"2022-12-31 00:00:00","REPORT_TYPE_SQ":"2022年年报","OPERATE_INCOME_SQ":476790901.93,"DPS_HKD":null,"OPERATE_INCOME_QOQ_SQ":-5.005017247514,"NET_PROFIT_RATIO_SQ":-1.6312492035,"HOLDER_PROFIT_SQ":-16790796.19,"HOLDER_PROFIT_QOQ_SQ":-127.67404410575,"ROE_AVG_SQ":-4.144443684998,"PE_TTM_SQ":-6.350844541321,"PB_TTM_SQ":0.323912521846,"ROA_SQ":-2.163400810369,"START_DATE":"2023-01-01 00:00:00","FISCAL_YEAR":"12-31","CURRENCY":"HKD","IS_CNY_CODE":0,"DPS_HKD_LY":null,"ORG_TYPE":"一般企业","PREMIUM_INCOME":null,"PREMIUM_INCOME_YOY":null,"NET_INTEREST_INCOME":null,"NET_INTEREST_INCOME_YOY":null,"FEE_COMMISSION_INCOME":null,"FEE_COMMISSION_INCOME_YOY":null,"ACCOUNTS_RECE_TDAYS":2.314932781589,"INVENTORY_TDAYS":null,"CURRENT_ASSETS_TDAYS":0.73337337221,"TOTAL_ASSETS_TDAYS":0.598721102728,"PREMIUM_EXPENSE":null,"LOAN_DEPOSIT":null,"LOAN_EQUITY":null,"LOAN_ASSETS":null,"DEPOSIT_EQUITY":null,"DEPOSIT_ASSETS":null,"EQUITY_MULTIPLIER":1.634464527087,"EQUITY_RATIO":0.637858340288},{"SECUCODE":"01486.HK","SECURITY_CODE":"01486","SECURITY_NAME_ABBR":"思城控股","ORG_CODE":"10361502","STD_REPORT_DATE":"2023-06-30 00:00:00","REPORT_DATE":"2023-06-30 00:00:00","DATE_TYPE_CODE":"002","REPORT_TYPE":"2023年中报","PER_NETCASH_OPERATE":-0.08705468583,"PER_OI":0.751546320384,"BPS":1.337801322192,"BASIC_EPS":-0.04517702,"DILUTED_EPS":-0.04517702,"OPERATE_INCOME":216641328.52,"OPERATE_INCOME_YOY":-11.7659508175,"GROSS_PROFIT":32048946.78,"GROSS_PROFIT_YOY":-27.521331527037,"HOLDER_PROFIT":-13029421.36,"HOLDER_PROFIT_YOY":-21.8696102104,"GROSS_PROFIT_RATIO":15.900777549022,"EPS_TTM":-0.069046626149,"OPERATE_INCOME_QOQ":-2.325809355361,"NET_PROFIT_RATIO":-3.6422208452,"ROE_AVG":-3.300130421939,"GROSS_PROFIT_QOQ":-0.219244899115,"ROA":-1.739101542142,"HOLDER_PROFIT_QOQ":-18.537763693742,"ROE_YEARLY":-6.600260843878,"ROIC_YEARLY":-4.694310905088,"TOTAL_ASSETS":729289867.92,"TOTAL_LIABILITIES":273772741.2,"TAX_EBT":9.634199538855,"OCF_SALES":-9.067407570276,"TOTAL_PARENT_EQUITY":385635652.62,"DEBT_ASSET_RATIO":37.5396331751,"OPERATE_PROFIT":-11965456.44,"PRETAX_PROFIT":-14795013.06,"NETCASH_OPERATE":-25094451.64,"NETCASH_INVEST":7587895.4,"NETCASH_FINANCE":-17911305.46,"END_CASH":107799745.56,"DIVI_RATIO":null,"DIVIDEND_RATE":null,"CURRENT_RATIO":2.518228114432,"COMMON_ACS":1000000000,"CURRENTDEBT_DEBT":92.514649424126,"ISSUED_COMMON_SHARES":288260780,"HK_COMMON_SHARES":288260780,"PER_SHARES":2000,"TOTAL_MARKET_CAP":105215184.7,"HKSK_MARKET_CAP":105215184.7,"PE_TTM":-5.450716712428,"PB_TTM":0.262817851799,"REPORT_DATE_SQ":"2022-06-30 00:00:00","REPORT_TYPE_SQ":"2022年中报","OPERATE_INCOME_SQ":290937348.38,"DPS_HKD":null,"OPERATE_INCOME_QOQ_SQ":-8.914786690058,"NET_PROFIT_RATIO_SQ":-2.9191480356,"HOLDER_PROFIT_SQ":-9916783.24,"HOLDER_PROFIT_QOQ_SQ":-691.941608579641,"ROE_AVG_SQ":-2.518725910448,"PE_TTM_SQ":-6.350844541321,"PB_TTM_SQ":0.323912521846,"ROA_SQ":-1.33278700866,"START_DATE":"2023-01-01 00:00:00","FISCAL_YEAR":"12-31","CURRENCY":"HKD","IS_CNY_CODE":0,"DPS_HKD_LY":null,"ORG_TYPE":"一般企业","PREMIUM_INCOME":null,"PREMIUM_INCOME_YOY":null,"NET_INTEREST_INCOME":null,"NET_INTEREST_INCOME_YOY":null,"FEE_COMMISSION_INCOME":null,"FEE_COMMISSION_INCOME_YOY":null,"ACCOUNTS_RECE_TDAYS":1.098142765009,"INVENTORY_TDAYS":null,"CURRENT_ASSETS_TDAYS":0.427569359623,"TOTAL_ASSETS_TDAYS":0.369397867472,"PREMIUM_EXPENSE":null,"LOAN_DEPOSIT":null,"LOAN_EQUITY":null,"LOAN_ASSETS":null,"DEPOSIT_EQUITY":null,"DEPOSIT_ASSETS":null,"EQUITY_MULTIPLIER":1.601015253086,"EQUITY_RATIO":0.709925908925},{"SECUCODE":"01486.HK","SECURITY_CODE":"01486","SECURITY_NAME_ABBR":"思城控股","ORG_CODE":"10361502","STD_REPORT_DATE":"2022-12-31 00:00:00","REPORT_DATE":"2022-12-31 00:00:00","DATE_TYPE_CODE":"001","REPORT_TYPE":"2022年年报","PER_NETCASH_OPERATE":0.000458626248,"PER_OI":1.654026267222,"BPS":1.357849774569,"BASIC_EPS":-0.058241204,"DILUTED_EPS":-0.058241204,"OPERATE_INCOME":476790901.93,"OPERATE_INCOME_YOY":-20.803373589,"GROSS_PROFIT":63800023.21,"GROSS_PROFIT_YOY":-52.047381251321,"HOLDER_PROFIT":-16790796.19,"HOLDER_PROFIT_YOY":-1550.3072870939,"GROSS_PROFIT_RATIO":15.882853572825,"EPS_TTM":-0.058248632332,"OPERATE_INCOME_QOQ":-5.005017247514,"NET_PROFIT_RATIO":-1.6312492035,"ROE_AVG":-4.144443684998,"GROSS_PROFIT_QOQ":-8.902787613149,"ROA":-2.163400810369,"HOLDER_PROFIT_QOQ":-127.67404410575,"ROE_YEARLY":-4.144443684998,"ROIC_YEARLY":-2.98803799229,"TOTAL_ASSETS":745168513.81,"TOTAL_LIABILITIES":293511549.87,"TAX_EBT":3.14131033812,"OCF_SALES":0.021679676914,"TOTAL_PARENT_EQUITY":391414835.14,"DEBT_ASSET_RATIO":39.3886140424,"OPERATE_PROFIT":-23299161.41,"PRETAX_PROFIT":-27554699.69,"NETCASH_OPERATE":132203.96,"NETCASH_INVEST":-6327924.68,"NETCASH_FINANCE":-19058808.72,"END_CASH":143699451.63,"DIVI_RATIO":null,"DIVIDEND_RATE":null,"CURRENT_RATIO":2.452638211718,"COMMON_ACS":1000000000,"CURRENTDEBT_DEBT":88.387338281885,"ISSUED_COMMON_SHARES":288260780,"HK_COMMON_SHARES":288260780,"PER_SHARES":2000,"TOTAL_MARKET_CAP":105215184.7,"HKSK_MARKET_CAP":105215184.7,"PE_TTM":-5.450716712428,"PB_TTM":0.262817851799,"REPORT_DATE_SQ":"2021-12-31 00:00:00","REPORT_TYPE_SQ":"2021年年报","OPERATE_INCOME_SQ":704763024,"DPS_HKD":null,"OPERATE_INCOME_QOQ_SQ":4.65166544507,"NET_PROFIT_RATIO_SQ":0.5226278727,"HOLDER_PROFIT_SQ":-931246.4,"HOLDER_PROFIT_QOQ_SQ":-106.939015040037,"ROE_AVG_SQ":-0.248857038295,"PE_TTM_SQ":-6.350844541321,"PB_TTM_SQ":0.323912521846,"ROA_SQ":-0.127419673307,"START_DATE":"2022-01-01 00:00:00","FISCAL_YEAR":"12-31","CURRENCY":"HKD","IS_CNY_CODE":0,"DPS_HKD_LY":null,"ORG_TYPE":"一般企业","PREMIUM_INCOME":null,"PREMIUM_INCOME_YOY":null,"NET_INTEREST_INCOME":null,"NET_INTEREST_INCOME_YOY":null,"FEE_COMMISSION_INCOME":null,"FEE_COMMISSION_INCOME_YOY":null,"ACCOUNTS_RECE_TDAYS":2.413599129988,"INVENTORY_TDAYS":null,"CURRENT_ASSETS_TDAYS":0.947599135224,"TOTAL_ASSETS_TDAYS":0.785701091138,"PREMIUM_EXPENSE":null,"LOAN_DEPOSIT":null,"LOAN_EQUITY":null,"LOAN_ASSETS":null,"DEPOSIT_EQUITY":null,"DEPOSIT_ASSETS":null,"EQUITY_MULTIPLIER":1.649855030043,"EQUITY_RATIO":0.749873340302},{"SECUCODE":"01486.HK","SECURITY_CODE":"01486","SECURITY_NAME_ABBR":"思城控股","ORG_CODE":"10361502","STD_REPORT_DATE":"2022-06-30 00:00:00","REPORT_DATE":"2022-06-30 00:00:00","DATE_TYPE_CODE":"002","REPORT_TYPE":"2022年中报","PER_NETCASH_OPERATE":-0.106327366491,"PER_OI":1.009285232559,"BPS":1.340576267399,"BASIC_EPS":-0.034378638,"DILUTED_EPS":-0.034378638,"OPERATE_INCOME":290937348.38,"OPERATE_INCOME_YOY":-19.9822183753,"GROSS_PROFIT":44218454.14,"GROSS_PROFIT_YOY":-37.673495681359,"HOLDER_PROFIT":-9916783.24,"HOLDER_PROFIT_YOY":-177.8150455199,"GROSS_PROFIT_RATIO":15.198617292079,"EPS_TTM":-0.025584221759,"OPERATE_INCOME_QOQ":-8.914786690058,"NET_PROFIT_RATIO":-2.9191480356,"ROE_AVG":-2.518725910448,"GROSS_PROFIT_QOQ":-20.088994451087,"ROA":-1.33278700866,"HOLDER_PROFIT_QOQ":-691.941608579641,"ROE_YEARLY":-5.037451820896,"ROIC_YEARLY":-3.593742252194,"TOTAL_ASSETS":715442546.91,"TOTAL_LIABILITIES":282194741.01,"TAX_EBT":15.774743448393,"OCF_SALES":-10.534917490197,"TOTAL_PARENT_EQUITY":386435560.49,"DEBT_ASSET_RATIO":39.4433825929,"OPERATE_PROFIT":-8007999.16,"PRETAX_PROFIT":-10083545.29,"NETCASH_OPERATE":-30650009.6,"NETCASH_INVEST":-4882279.71,"NETCASH_FINANCE":-10714675.51,"END_CASH":122649639.42,"DIVI_RATIO":null,"DIVIDEND_RATE":null,"CURRENT_RATIO":2.529578752553,"COMMON_ACS":1000000000,"CURRENTDEBT_DEBT":82.199776349404,"ISSUED_COMMON_SHARES":288260780,"HK_COMMON_SHARES":288260780,"PER_SHARES":2000,"TOTAL_MARKET_CAP":105215184.7,"HKSK_MARKET_CAP":105215184.7,"PE_TTM":-5.450716712428,"PB_TTM":0.262817851799,"REPORT_DATE_SQ":"2021-06-30 00:00:00","REPORT_TYPE_SQ":"2021年中报","OPERATE_INCOME_SQ":353765468.64,"DPS_HKD":null,"OPERATE_INCOME_QOQ_SQ":11.56995890517,"NET_PROFIT_RATIO_SQ":-0.0943178771,"HOLDER_PROFIT_SQ":-3473101.92,"HOLDER_PROFIT_QOQ_SQ":67.883589068937,"ROE_AVG_SQ":-0.92474945471,"PE_TTM_SQ":-6.350844541321,"PB_TTM_SQ":0.323912521846,"ROA_SQ":-0.475871795076,"START_DATE":"2022-01-01 00:00:00","FISCAL_YEAR":"12-31","CURRENCY":"HKD","IS_CNY_CODE":0,"DPS_HKD_LY":null,"ORG_TYPE":"一般企业","PREMIUM_INCOME":null,"PREMIUM_INCOME_YOY":null,"NET_INTEREST_INCOME":null,"NET_INTEREST_INCOME_YOY":null,"FEE_COMMISSION_INCOME":null,"FEE_COMMISSION_INCOME_YOY":null,"ACCOUNTS_RECE_TDAYS":1.496350413121,"INVENTORY_TDAYS":null,"CURRENT_ASSETS_TDAYS":0.480967131278,"TOTAL_ASSETS_TDAYS":0.391011388341,"PREMIUM_EXPENSE":null,"LOAN_DEPOSIT":null,"LOAN_EQUITY":null,"LOAN_ASSETS":null,"DEPOSIT_EQUITY":null,"DEPOSIT_ASSETS":null,"EQUITY_MULTIPLIER":1.651347190147,"EQUITY_RATIO":0.730250447583},{"SECUCODE":"01486.HK","SECURITY_CODE":"01486","SECURITY_NAME_ABBR":"思城控股","ORG_CODE":"10361502","STD_REPORT_DATE":"2021-12-31 00:00:00","REPORT_DATE":"2021-12-31 00:00:00","DATE_TYPE_CODE":"001","REPORT_TYPE":"2021年年报","PER_NETCASH_OPERATE":-0.011898365085,"PER_OI":2.444880028424,"BPS":1.329984783917,"BASIC_EPS":-0.0032704,"DILUTED_EPS":-0.00318864,"OPERATE_INCOME":704763024,"OPERATE_INCOME_YOY":20.192924431,"GROSS_PROFIT":133048048,"GROSS_PROFIT_YOY":18.54927163583,"HOLDER_PROFIT":-931246.4,"HOLDER_PROFIT_YOY":-111.9919983154,"GROSS_PROFIT_RATIO":18.878409262288,"EPS_TTM":-0.003230569209,"OPERATE_INCOME_QOQ":4.65166544507,"NET_PROFIT_RATIO":0.5226278727,"ROE_AVG":-0.248857038295,"GROSS_PROFIT_QOQ":3.667603947445,"ROA":-0.127419673307,"HOLDER_PROFIT_QOQ":-106.939015040037,"ROE_YEARLY":-0.248857038295,"ROIC_YEARLY":-0.180576958444,"TOTAL_ASSETS":738721222.4,"TOTAL_LIABILITIES":311891507.2,"TAX_EBT":53.856396599406,"OCF_SALES":-0.486664578475,"TOTAL_PARENT_EQUITY":383382451.2,"DEBT_ASSET_RATIO":42.2204612163,"OPERATE_PROFIT":12611480,"PRETAX_PROFIT":7982228.8,"NETCASH_OPERATE":-3429832,"NETCASH_INVEST":-5145974.4,"NETCASH_FINANCE":-19467873.6,"END_CASH":161989452.8,"DIVI_RATIO":null,"DIVIDEND_RATE":null,"CURRENT_RATIO":2.38435456527,"COMMON_ACS":1000000000,"CURRENTDEBT_DEBT":80.096573274054,"ISSUED_COMMON_SHARES":288260780,"HK_COMMON_SHARES":288260780,"PER_SHARES":2000,"TOTAL_MARKET_CAP":105215184.7,"HKSK_MARKET_CAP":105215184.7,"PE_TTM":-5.450716712428,"PB_TTM":0.262817851799,"REPORT_DATE_SQ":"2020-12-31 00:00:00","REPORT_TYPE_SQ":"2020年年报","OPERATE_INCOME_SQ":603600642.08,"DPS_HKD":null,"OPERATE_INCOME_QOQ_SQ":-2.154473452287,"NET_PROFIT_RATIO_SQ":1.9859949914,"HOLDER_PROFIT_SQ":7993896.72,"HOLDER_PROFIT_QOQ_SQ":174.586252841886,"ROE_AVG_SQ":2.208544448759,"PE_TTM_SQ":-6.350844541321,"PB_TTM_SQ":0.323912521846,"ROA_SQ":1.128248927492,"START_DATE":"2021-01-01 00:00:00","FISCAL_YEAR":"12-31","CURRENCY":"HKD","IS_CNY_CODE":0,"DPS_HKD_LY":null,"ORG_TYPE":"一般企业","PREMIUM_INCOME":null,"PREMIUM_INCOME_YOY":null,"NET_INTEREST_INCOME":null,"NET_INTEREST_INCOME_YOY":null,"FEE_COMMISSION_INCOME":null,"FEE_COMMISSION_INCOME_YOY":null,"ACCOUNTS_RECE_TDAYS":3.802337891487,"INVENTORY_TDAYS":null,"CURRENT_ASSETS_TDAYS":1.203510885826,"TOTAL_ASSETS_TDAYS":0.964306270357,"PREMIUM_EXPENSE":null,"LOAN_DEPOSIT":null,"LOAN_EQUITY":null,"LOAN_ASSETS":null,"DEPOSIT_EQUITY":null,"DEPOSIT_ASSETS":null,"EQUITY_MULTIPLIER":1.73071648035,"EQUITY_RATIO":0.813525778824},{"SECUCODE":"01486.HK","SECURITY_CODE":"01486","SECURITY_NAME_ABBR":"思城控股","ORG_CODE":"10361502","STD_REPORT_DATE":"2021-06-30 00:00:00","REPORT_DATE":"2021-06-30 00:00:00","DATE_TYPE_CODE":"002","REPORT_TYPE":"2021年中报","PER_NETCASH_OPERATE":-0.218771846798,"PER_OI":1.227241071921,"BPS":1.31701286814,"BASIC_EPS":-0.01206516,"DILUTED_EPS":-0.011981952,"OPERATE_INCOME":353765468.64,"OPERATE_INCOME_YOY":36.7793202181,"GROSS_PROFIT":70946469.12,"GROSS_PROFIT_YOY":29.38023875443,"HOLDER_PROFIT":-3473101.92,"HOLDER_PROFIT_YOY":57.1589859386,"GROSS_PROFIT_RATIO":20.054662031527,"EPS_TTM":0.046556596149,"OPERATE_INCOME_QOQ":11.56995890517,"NET_PROFIT_RATIO":-0.0943178771,"ROE_AVG":-0.92474945471,"GROSS_PROFIT_QOQ":14.35517666245,"ROA":-0.475871795076,"HOLDER_PROFIT_QOQ":67.883589068937,"ROE_YEARLY":-1.84949890942,"ROIC_YEARLY":-1.314085889397,"TOTAL_ASSETS":723897118.8,"TOTAL_LIABILITIES":301599877.2,"TAX_EBT":121.948549534756,"OCF_SALES":-17.826313982096,"TOTAL_PARENT_EQUITY":379643156.64,"DEBT_ASSET_RATIO":41.663362012,"OPERATE_PROFIT":4113803.52,"PRETAX_PROFIT":1520210.16,"NETCASH_OPERATE":-63063343.2,"NETCASH_INVEST":10589050.08,"NETCASH_FINANCE":-7833201.12,"END_CASH":131001011.04,"DIVI_RATIO":null,"DIVIDEND_RATE":null,"CURRENT_RATIO":2.46555613709,"COMMON_ACS":1000000000,"CURRENTDEBT_DEBT":76.433586691129,"ISSUED_COMMON_SHARES":288260780,"HK_COMMON_SHARES":288260780,"PER_SHARES":2000,"TOTAL_MARKET_CAP":105215184.7,"HKSK_MARKET_CAP":105215184.7,"PE_TTM":-5.450716712428,"PB_TTM":0.262817851799,"REPORT_DATE_SQ":"2020-06-30 00:00:00","REPORT_TYPE_SQ":"2020年中报","OPERATE_INCOME_SQ":283929122.4,"DPS_HKD":null,"OPERATE_INCOME_QOQ_SQ":0.521530962605,"NET_PROFIT_RATIO_SQ":-2.6403075587,"HOLDER_PROFIT_SQ":-8899645.92,"HOLDER_PROFIT_QOQ_SQ":-2.113215508768,"ROE_AVG_SQ":-2.372190130686,"PE_TTM_SQ":-6.350844541321,"PB_TTM_SQ":0.323912521846,"ROA_SQ":-1.218433956578,"START_DATE":"2021-01-01 00:00:00","FISCAL_YEAR":"12-31","CURRENCY":"HKD","IS_CNY_CODE":0,"DPS_HKD_LY":null,"ORG_TYPE":"一般企业","PREMIUM_INCOME":null,"PREMIUM_INCOME_YOY":null,"NET_INTEREST_INCOME":null,"NET_INTEREST_INCOME_YOY":null,"FEE_COMMISSION_INCOME":null,"FEE_COMMISSION_INCOME_YOY":null,"ACCOUNTS_RECE_TDAYS":1.775530999691,"INVENTORY_TDAYS":null,"CURRENT_ASSETS_TDAYS":0.613061725351,"TOTAL_ASSETS_TDAYS":0.484716580381,"PREMIUM_EXPENSE":null,"LOAN_DEPOSIT":null,"LOAN_EQUITY":null,"LOAN_ASSETS":null,"DEPOSIT_EQUITY":null,"DEPOSIT_ASSETS":null,"EQUITY_MULTIPLIER":1.714188603405,"EQUITY_RATIO":0.794429905887},{"SECUCODE":"01486.HK","SECURITY_CODE":"01486","SECURITY_NAME_ABBR":"思城控股","ORG_CODE":"10361502","STD_REPORT_DATE":"2020-12-31 00:00:00","REPORT_DATE":"2020-12-31 00:00:00","DATE_TYPE_CODE":"001","REPORT_TYPE":"2020年年报","PER_NETCASH_OPERATE":0.23368541735,"PER_OI":2.093939529616,"BPS":1.303574963337,"BASIC_EPS":0.027689956,"DILUTED_EPS":0.027689956,"OPERATE_INCOME":603600642.08,"OPERATE_INCOME_YOY":4.6827355782,"GROSS_PROFIT":112230169.08,"GROSS_PROFIT_YOY":-14.583204211944,"HOLDER_PROFIT":7993896.72,"HOLDER_PROFIT_YOY":181.0617052146,"GROSS_PROFIT_RATIO":18.59344759695,"EPS_TTM":0.027731475368,"OPERATE_INCOME_QOQ":-2.154473452287,"NET_PROFIT_RATIO":1.9859949914,"ROE_AVG":2.208544448759,"GROSS_PROFIT_QOQ":-9.538427473638,"ROA":1.128248927492,"HOLDER_PROFIT_QOQ":174.586252841886,"ROE_YEARLY":2.208544448759,"ROIC_YEARLY":1.716119380332,"TOTAL_ASSETS":744236161.16,"TOTAL_LIABILITIES":329245359.8,"TAX_EBT":26.198248613918,"OCF_SALES":11.160084331234,"TOTAL_PARENT_EQUITY":375769535.72,"DEBT_ASSET_RATIO":44.2393660753,"OPERATE_PROFIT":23075243.88,"PRETAX_PROFIT":16242810.36,"NETCASH_OPERATE":67362340.68,"NETCASH_INVEST":-23564236.72,"NETCASH_FINANCE":-79995357.08,"END_CASH":192240675.68,"DIVI_RATIO":null,"DIVIDEND_RATE":null,"CURRENT_RATIO":2.258180313354,"COMMON_ACS":1000000000,"CURRENTDEBT_DEBT":79.685067549432,"ISSUED_COMMON_SHARES":288260780,"HK_COMMON_SHARES":288260780,"PER_SHARES":2000,"TOTAL_MARKET_CAP":105215184.7,"HKSK_MARKET_CAP":105215184.7,"PE_TTM":-5.450716712428,"PB_TTM":0.262817851799,"REPORT_DATE_SQ":"2019-12-31 00:00:00","REPORT_TYPE_SQ":"2019年年报","OPERATE_INCOME_SQ":613690815.98,"DPS_HKD":null,"OPERATE_INCOME_QOQ_SQ":-0.147556865948,"NET_PROFIT_RATIO_SQ":-1.5446123216,"HOLDER_PROFIT_SQ":-10495854.26,"HOLDER_PROFIT_QOQ_SQ":-183.379222676871,"ROE_AVG_SQ":-2.804760696486,"PE_TTM_SQ":-6.350844541321,"PB_TTM_SQ":0.323912521846,"ROA_SQ":-1.596932885751,"START_DATE":"2020-01-01 00:00:00","FISCAL_YEAR":"12-31","CURRENCY":"HKD","IS_CNY_CODE":0,"DPS_HKD_LY":null,"ORG_TYPE":"一般企业","PREMIUM_INCOME":null,"PREMIUM_INCOME_YOY":null,"NET_INTEREST_INCOME":null,"NET_INTEREST_INCOME_YOY":null,"FEE_COMMISSION_INCOME":null,"FEE_COMMISSION_INCOME_YOY":null,"ACCOUNTS_RECE_TDAYS":3.231588979184,"INVENTORY_TDAYS":null,"CURRENT_ASSETS_TDAYS":1.053974972261,"TOTAL_ASSETS_TDAYS":0.851914655535,"PREMIUM_EXPENSE":null,"LOAN_DEPOSIT":null,"LOAN_EQUITY":null,"LOAN_ASSETS":null,"DEPOSIT_EQUITY":null,"DEPOSIT_ASSETS":null,"EQUITY_MULTIPLIER":1.793379898353,"EQUITY_RATIO":0.876189601611},{"SECUCODE":"01486.HK","SECURITY_CODE":"01486","SECURITY_NAME_ABBR":"思城控股","ORG_CODE":"10361502","STD_REPORT_DATE":"2020-06-30 00:00:00","REPORT_DATE":"2020-06-30 00:00:00","DATE_TYPE_CODE":"002","REPORT_TYPE":"2020年中报","PER_NETCASH_OPERATE":-0.008099446064,"PER_OI":0.984973128845,"BPS":1.292216552526,"BASIC_EPS":-0.03105696,"DILUTED_EPS":-0.03105696,"OPERATE_INCOME":283929122.4,"OPERATE_INCOME_YOY":-2.6001698351,"GROSS_PROFIT":54835630.08,"GROSS_PROFIT_YOY":-11.787254494681,"HOLDER_PROFIT":-8899645.92,"HOLDER_PROFIT_YOY":1.2366953877,"GROSS_PROFIT_RATIO":19.313140412116,"EPS_TTM":-0.037180411015,"OPERATE_INCOME_QOQ":0.521530962605,"NET_PROFIT_RATIO":-2.6403075587,"ROE_AVG":-2.372190130686,"GROSS_PROFIT_QOQ":-5.576706879417,"ROA":-1.218433956578,"HOLDER_PROFIT_QOQ":-2.113215508768,"ROE_YEARLY":-4.744380261372,"ROIC_YEARLY":-3.672913534986,"TOTAL_ASSETS":730627772.16,"TOTAL_LIABILITIES":325951929.6,"TAX_EBT":-19.985380116959,"OCF_SALES":-0.822301220905,"TOTAL_PARENT_EQUITY":372495351.36,"DEBT_ASSET_RATIO":44.6125841393,"OPERATE_PROFIT":-2545757.28,"PRETAX_PROFIT":-6247929.6,"NETCASH_OPERATE":-2334752.64,"NETCASH_INVEST":-24476538.24,"NETCASH_FINANCE":-32860090.56,"END_CASH":183810617.76,"DIVI_RATIO":null,"DIVIDEND_RATE":null,"CURRENT_RATIO":2.276283168914,"COMMON_ACS":1000000000,"CURRENTDEBT_DEBT":76.187086649479,"ISSUED_COMMON_SHARES":288260780,"HK_COMMON_SHARES":288260780,"PER_SHARES":2000,"TOTAL_MARKET_CAP":105215184.7,"HKSK_MARKET_CAP":105215184.7,"PE_TTM":-5.450716712428,"PB_TTM":0.262817851799,"REPORT_DATE_SQ":"2019-06-30 00:00:00","REPORT_TYPE_SQ":"2019年中报","OPERATE_INCOME_SQ":280728534.78,"DPS_HKD":null,"OPERATE_INCOME_QOQ_SQ":4.442746932463,"NET_PROFIT_RATIO_SQ":-2.7067084883,"HOLDER_PROFIT_SQ":-8677845.9,"HOLDER_PROFIT_QOQ_SQ":-69.420864713437,"ROE_AVG_SQ":-2.365341571867,"PE_TTM_SQ":-6.350844541321,"PB_TTM_SQ":0.323912521846,"ROA_SQ":-1.394208346877,"START_DATE":"2020-01-01 00:00:00","FISCAL_YEAR":"12-31","CURRENCY":"HKD","IS_CNY_CODE":0,"DPS_HKD_LY":null,"ORG_TYPE":"一般企业","PREMIUM_INCOME":null,"PREMIUM_INCOME_YOY":null,"NET_INTEREST_INCOME":null,"NET_INTEREST_INCOME_YOY":null,"FEE_COMMISSION_INCOME":null,"FEE_COMMISSION_INCOME_YOY":null,"ACCOUNTS_RECE_TDAYS":1.472854993662,"INVENTORY_TDAYS":null,"CURRENT_ASSETS_TDAYS":0.487276660618,"TOTAL_ASSETS_TDAYS":0.388722076252,"PREMIUM_EXPENSE":null,"LOAN_DEPOSIT":null,"LOAN_EQUITY":null,"LOAN_ASSETS":null,"DEPOSIT_EQUITY":null,"DEPOSIT_ASSETS":null,"EQUITY_MULTIPLIER":1.805464263787,"EQUITY_RATIO":0.875049657425}],"count":31},"success":true,"message":"ok","code":0}