{"version":"2009b0e55b2422667c62179908b06993","result":{"pages":2,"data":[{"SECUCODE":"01490.HK","SECURITY_CODE":"01490","SECURITY_NAME_ABBR":"车市科技","ORG_CODE":"10000039018","STD_REPORT_DATE":"2024-06-30 00:00:00","REPORT_DATE":"2024-06-30 00:00:00","DATE_TYPE_CODE":"002","REPORT_TYPE":"2024年中报","PER_NETCASH_OPERATE":0.009362546574,"PER_OI":0.054247529564,"BPS":0.436755224364,"BASIC_EPS":0.004,"DILUTED_EPS":0.004,"OPERATE_INCOME":66974000,"OPERATE_INCOME_YOY":-11.3138589475,"GROSS_PROFIT":42316000,"GROSS_PROFIT_YOY":-28.784920902053,"HOLDER_PROFIT":4525000,"HOLDER_PROFIT_YOY":-83.7947211976,"GROSS_PROFIT_RATIO":63.182727625646,"EPS_TTM":0.015783249636,"OPERATE_INCOME_QOQ":-5.499555864519,"NET_PROFIT_RATIO":6.4622092155,"ROE_AVG":0.842394111991,"GROSS_PROFIT_QOQ":-14.044537870328,"ROA":0.734700173324,"HOLDER_PROFIT_QOQ":-54.561141684544,"ROE_YEARLY":1.684788223982,"ROIC_YEARLY":4.611030297781,"TOTAL_ASSETS":622196000,"TOTAL_LIABILITIES":86341000,"TAX_EBT":-16.720604099245,"OCF_SALES":17.25893630364,"TOTAL_PARENT_EQUITY":539218000,"DEBT_ASSET_RATIO":13.8768169516,"OPERATE_PROFIT":3836000,"PRETAX_PROFIT":3708000,"NETCASH_OPERATE":11559000,"NETCASH_INVEST":13354000,"NETCASH_FINANCE":-1200000,"END_CASH":394936000,"DIVI_RATIO":null,"DIVIDEND_RATE":null,"CURRENT_RATIO":6.628833580176,"COMMON_ACS":10000000000,"CURRENTDEBT_DEBT":96.187211174297,"ISSUED_COMMON_SHARES":1234600000,"HK_COMMON_SHARES":1234600000,"PER_SHARES":4000,"TOTAL_MARKET_CAP":244450800,"HKSK_MARKET_CAP":244450800,"PE_TTM":11.114500911823,"PB_TTM":0.413757248727,"REPORT_DATE_SQ":"2023-06-30 00:00:00","REPORT_TYPE_SQ":"2023年中报","OPERATE_INCOME_SQ":75518000,"DPS_HKD":null,"OPERATE_INCOME_QOQ_SQ":0.426377788364,"NET_PROFIT_RATIO_SQ":37.1487592362,"HOLDER_PROFIT_SQ":27923000,"HOLDER_PROFIT_QOQ_SQ":84.502317638448,"ROE_AVG_SQ":5.515583503619,"PE_TTM_SQ":4.794072570585,"PB_TTM_SQ":0.273507919711,"ROA_SQ":4.80893760075,"START_DATE":"2024-01-01 00:00:00","FISCAL_YEAR":"12-31","CURRENCY":"HKD","IS_CNY_CODE":0,"DPS_HKD_LY":null,"ORG_TYPE":"一般企业","PREMIUM_INCOME":null,"PREMIUM_INCOME_YOY":null,"NET_INTEREST_INCOME":null,"NET_INTEREST_INCOME_YOY":null,"FEE_COMMISSION_INCOME":null,"FEE_COMMISSION_INCOME_YOY":null,"ACCOUNTS_RECE_TDAYS":0.804695478739,"INVENTORY_TDAYS":47.972762645914,"CURRENT_ASSETS_TDAYS":0.121205540339,"TOTAL_ASSETS_TDAYS":0.108742120239,"PREMIUM_EXPENSE":null,"LOAN_DEPOSIT":null,"LOAN_EQUITY":null,"LOAN_ASSETS":null,"DEPOSIT_EQUITY":null,"DEPOSIT_ASSETS":null,"EQUITY_MULTIPLIER":1.161127543832,"EQUITY_RATIO":0.160122622019},{"SECUCODE":"01490.HK","SECURITY_CODE":"01490","SECURITY_NAME_ABBR":"车市科技","ORG_CODE":"10000039018","STD_REPORT_DATE":"2023-12-31 00:00:00","REPORT_DATE":"2023-12-31 00:00:00","DATE_TYPE_CODE":"001","REPORT_TYPE":"2023年年报","PER_NETCASH_OPERATE":0.039878503159,"PER_OI":0.125836708246,"BPS":0.433420541066,"BASIC_EPS":0.04,"DILUTED_EPS":0.04,"OPERATE_INCOME":155358000,"OPERATE_INCOME_YOY":-8.632826973,"GROSS_PROFIT":121784000,"GROSS_PROFIT_YOY":-5.743585774544,"HOLDER_PROFIT":42884000,"HOLDER_PROFIT_YOY":161.5515979507,"GROSS_PROFIT_RATIO":78.389268656909,"EPS_TTM":0.034735136886,"OPERATE_INCOME_QOQ":-9.02074231972,"NET_PROFIT_RATIO":26.6526345602,"ROE_AVG":8.348119950204,"GROSS_PROFIT_QOQ":-9.670528548753,"ROA":7.256059335764,"HOLDER_PROFIT_QOQ":41.760602955274,"ROE_YEARLY":8.348119950204,"ROIC_YEARLY":22.552543629685,"TOTAL_ASSETS":609599000,"TOTAL_LIABILITIES":77664000,"TAX_EBT":2.617591721543,"OCF_SALES":31.690675729605,"TOTAL_PARENT_EQUITY":535101000,"DEBT_ASSET_RATIO":12.7401783796,"OPERATE_PROFIT":42746000,"PRETAX_PROFIT":42520000,"NETCASH_OPERATE":49234000,"NETCASH_INVEST":41053000,"NETCASH_FINANCE":-1530000,"END_CASH":369880000,"DIVI_RATIO":null,"DIVIDEND_RATE":null,"CURRENT_RATIO":7.341297470449,"COMMON_ACS":10000000000,"CURRENTDEBT_DEBT":97.274155335806,"ISSUED_COMMON_SHARES":1234600000,"HK_COMMON_SHARES":1234600000,"PER_SHARES":4000,"TOTAL_MARKET_CAP":225931800,"HKSK_MARKET_CAP":225931800,"PE_TTM":10.272493266988,"PB_TTM":0.382412002611,"REPORT_DATE_SQ":"2022-12-31 00:00:00","REPORT_TYPE_SQ":"2022年年报","OPERATE_INCOME_SQ":170037000,"DPS_HKD":null,"OPERATE_INCOME_QOQ_SQ":-4.373133572911,"NET_PROFIT_RATIO_SQ":8.838664526,"HOLDER_PROFIT_SQ":16396000,"HOLDER_PROFIT_QOQ_SQ":-57.923371057562,"ROE_AVG_SQ":3.371484267366,"PE_TTM_SQ":5.944649987526,"PB_TTM_SQ":0.339149820442,"ROA_SQ":2.895044910629,"START_DATE":"2023-01-01 00:00:00","FISCAL_YEAR":"12-31","CURRENCY":"HKD","IS_CNY_CODE":0,"DPS_HKD_LY":null,"ORG_TYPE":"一般企业","PREMIUM_INCOME":null,"PREMIUM_INCOME_YOY":null,"NET_INTEREST_INCOME":null,"NET_INTEREST_INCOME_YOY":null,"FEE_COMMISSION_INCOME":null,"FEE_COMMISSION_INCOME_YOY":null,"ACCOUNTS_RECE_TDAYS":1.727428393524,"INVENTORY_TDAYS":65.31906614786,"CURRENT_ASSETS_TDAYS":0.287797264816,"TOTAL_ASSETS_TDAYS":0.262868870974,"PREMIUM_EXPENSE":null,"LOAN_DEPOSIT":null,"LOAN_EQUITY":null,"LOAN_ASSETS":null,"DEPOSIT_EQUITY":null,"DEPOSIT_ASSETS":null,"EQUITY_MULTIPLIER":1.146002801095,"EQUITY_RATIO":0.145138955076},{"SECUCODE":"01490.HK","SECURITY_CODE":"01490","SECURITY_NAME_ABBR":"车市科技","ORG_CODE":"10000039018","STD_REPORT_DATE":"2023-06-30 00:00:00","REPORT_DATE":"2023-06-30 00:00:00","DATE_TYPE_CODE":"002","REPORT_TYPE":"2023年中报","PER_NETCASH_OPERATE":0.020921756034,"PER_OI":0.061167989632,"BPS":0.421368054431,"BASIC_EPS":0.03,"DILUTED_EPS":0.03,"OPERATE_INCOME":75518000,"OPERATE_INCOME_YOY":0.9693420507,"GROSS_PROFIT":59420000,"GROSS_PROFIT_YOY":10.439938293404,"HOLDER_PROFIT":27923000,"HOLDER_PROFIT_YOY":98.4859255047,"GROSS_PROFIT_RATIO":78.68322783972,"EPS_TTM":0.024502672931,"OPERATE_INCOME_QOQ":0.426377788364,"NET_PROFIT_RATIO":37.1487592362,"ROE_AVG":5.515583503619,"GROSS_PROFIT_QOQ":4.347354978523,"ROA":4.80893760075,"HOLDER_PROFIT_QOQ":84.502317638448,"ROE_YEARLY":11.031167007238,"ROIC_YEARLY":30.427403514794,"TOTAL_ASSETS":588876000,"TOTAL_LIABILITIES":70213000,"TAX_EBT":0.721919456437,"OCF_SALES":34.203765989565,"TOTAL_PARENT_EQUITY":520221000,"DEBT_ASSET_RATIO":11.9232232253,"OPERATE_PROFIT":28365000,"PRETAX_PROFIT":28258000,"NETCASH_OPERATE":25830000,"NETCASH_INVEST":-121653000,"NETCASH_FINANCE":-621000,"END_CASH":188994000,"DIVI_RATIO":null,"DIVIDEND_RATE":null,"CURRENT_RATIO":8.1110811297,"COMMON_ACS":10000000000,"CURRENTDEBT_DEBT":95.008046942874,"ISSUED_COMMON_SHARES":1234600000,"HK_COMMON_SHARES":1234600000,"PER_SHARES":4000,"TOTAL_MARKET_CAP":225931800,"HKSK_MARKET_CAP":225931800,"PE_TTM":10.272493266988,"PB_TTM":0.382412002611,"REPORT_DATE_SQ":"2022-06-30 00:00:00","REPORT_TYPE_SQ":"2022年中报","OPERATE_INCOME_SQ":74793000,"DPS_HKD":null,"OPERATE_INCOME_QOQ_SQ":-9.824276694475,"NET_PROFIT_RATIO_SQ":17.3224767024,"HOLDER_PROFIT_SQ":14068000,"HOLDER_PROFIT_QOQ_SQ":-4.988662131519,"ROE_AVG_SQ":2.893272031944,"PE_TTM_SQ":5.944649987526,"PB_TTM_SQ":0.339149820442,"ROA_SQ":2.497217523125,"START_DATE":"2023-01-01 00:00:00","FISCAL_YEAR":"12-31","CURRENCY":"HKD","IS_CNY_CODE":0,"DPS_HKD_LY":null,"ORG_TYPE":"一般企业","PREMIUM_INCOME":null,"PREMIUM_INCOME_YOY":null,"NET_INTEREST_INCOME":null,"NET_INTEREST_INCOME_YOY":null,"FEE_COMMISSION_INCOME":null,"FEE_COMMISSION_INCOME_YOY":null,"ACCOUNTS_RECE_TDAYS":1.020520408922,"INVENTORY_TDAYS":31.31906614786,"CURRENT_ASSETS_TDAYS":0.141672044544,"TOTAL_ASSETS_TDAYS":0.130058141938,"PREMIUM_EXPENSE":null,"LOAN_DEPOSIT":null,"LOAN_EQUITY":null,"LOAN_ASSETS":null,"DEPOSIT_EQUITY":null,"DEPOSIT_ASSETS":null,"EQUITY_MULTIPLIER":1.135373064977,"EQUITY_RATIO":0.134967638754},{"SECUCODE":"01490.HK","SECURITY_CODE":"01490","SECURITY_NAME_ABBR":"车市科技","ORG_CODE":"10000039018","STD_REPORT_DATE":"2022-12-31 00:00:00","REPORT_DATE":"2022-12-31 00:00:00","DATE_TYPE_CODE":"001","REPORT_TYPE":"2022年年报","PER_NETCASH_OPERATE":0.040231653977,"PER_OI":0.137726389114,"BPS":0.3987461526,"BASIC_EPS":0.01,"DILUTED_EPS":0.01,"OPERATE_INCOME":170037000,"OPERATE_INCOME_YOY":-13.767781525,"GROSS_PROFIT":129205000,"GROSS_PROFIT_YOY":-11.747027041796,"HOLDER_PROFIT":16396000,"HOLDER_PROFIT_YOY":-60.0224319118,"GROSS_PROFIT_RATIO":75.986402959356,"EPS_TTM":0.013280414709,"OPERATE_INCOME_QOQ":-4.373133572911,"NET_PROFIT_RATIO":8.838664526,"ROE_AVG":3.371484267366,"GROSS_PROFIT_QOQ":4.643157962939,"ROA":2.895044910629,"HOLDER_PROFIT_QOQ":-57.923371057562,"ROE_YEARLY":3.371484267366,"ROIC_YEARLY":7.763882509482,"TOTAL_ASSETS":572420000,"TOTAL_LIABILITIES":81817000,"TAX_EBT":-6.181998021761,"OCF_SALES":29.211289307621,"TOTAL_PARENT_EQUITY":492292000,"DEBT_ASSET_RATIO":14.2931763391,"OPERATE_PROFIT":15103000,"PRETAX_PROFIT":14154000,"NETCASH_OPERATE":49670000,"NETCASH_INVEST":-98825000,"NETCASH_FINANCE":-19148000,"END_CASH":278216000,"DIVI_RATIO":null,"DIVIDEND_RATE":null,"CURRENT_RATIO":6.719593513624,"COMMON_ACS":10000000000,"CURRENTDEBT_DEBT":95.497268293875,"ISSUED_COMMON_SHARES":1234600000,"HK_COMMON_SHARES":1234600000,"PER_SHARES":4000,"TOTAL_MARKET_CAP":225931800,"HKSK_MARKET_CAP":225931800,"PE_TTM":10.272493266988,"PB_TTM":0.382412002611,"REPORT_DATE_SQ":"2021-12-31 00:00:00","REPORT_TYPE_SQ":"2021年年报","OPERATE_INCOME_SQ":197185000,"DPS_HKD":null,"OPERATE_INCOME_QOQ_SQ":-8.571812752699,"NET_PROFIT_RATIO_SQ":20.7079646018,"HOLDER_PROFIT_SQ":41013000,"HOLDER_PROFIT_QOQ_SQ":-26.825221238938,"ROE_AVG_SQ":12.085591910524,"PE_TTM_SQ":5.944649987526,"PB_TTM_SQ":0.339149820442,"ROA_SQ":9.118376820874,"START_DATE":"2022-01-01 00:00:00","FISCAL_YEAR":"12-31","CURRENCY":"HKD","IS_CNY_CODE":0,"DPS_HKD_LY":null,"ORG_TYPE":"一般企业","PREMIUM_INCOME":null,"PREMIUM_INCOME_YOY":null,"NET_INTEREST_INCOME":null,"NET_INTEREST_INCOME_YOY":null,"FEE_COMMISSION_INCOME":null,"FEE_COMMISSION_INCOME_YOY":null,"ACCOUNTS_RECE_TDAYS":1.656118513324,"INVENTORY_TDAYS":null,"CURRENT_ASSETS_TDAYS":0.332026669609,"TOTAL_ASSETS_TDAYS":0.300234661789,"PREMIUM_EXPENSE":null,"LOAN_DEPOSIT":null,"LOAN_EQUITY":null,"LOAN_ASSETS":null,"DEPOSIT_EQUITY":null,"DEPOSIT_ASSETS":null,"EQUITY_MULTIPLIER":1.166768242347,"EQUITY_RATIO":0.16619607875},{"SECUCODE":"01490.HK","SECURITY_CODE":"01490","SECURITY_NAME_ABBR":"车市科技","ORG_CODE":"10000039018","STD_REPORT_DATE":"2022-06-30 00:00:00","REPORT_DATE":"2022-06-30 00:00:00","DATE_TYPE_CODE":"002","REPORT_TYPE":"2022年中报","PER_NETCASH_OPERATE":0.016405313462,"PER_OI":0.0605807549,"BPS":0.398612506075,"BASIC_EPS":0.01,"DILUTED_EPS":0.01,"OPERATE_INCOME":74793000,"OPERATE_INCOME_YOY":-20.5723995115,"GROSS_PROFIT":53803000,"GROSS_PROFIT_YOY":-29.883754267991,"HOLDER_PROFIT":14068000,"HOLDER_PROFIT_YOY":-12.6970336353,"GROSS_PROFIT_RATIO":71.935876352065,"EPS_TTM":0.031562449376,"OPERATE_INCOME_QOQ":-9.824276694475,"NET_PROFIT_RATIO":17.3224767024,"ROE_AVG":2.893272031944,"GROSS_PROFIT_QOQ":-15.662930404432,"ROA":2.497217523125,"HOLDER_PROFIT_QOQ":-4.988662131519,"ROE_YEARLY":5.786544063887,"ROIC_YEARLY":12.11612289235,"TOTAL_ASSETS":566420000,"TOTAL_LIABILITIES":73772000,"TAX_EBT":12.418035557358,"OCF_SALES":27.080074338508,"TOTAL_PARENT_EQUITY":492127000,"DEBT_ASSET_RATIO":13.024257618,"OPERATE_PROFIT":15248000,"PRETAX_PROFIT":14793000,"NETCASH_OPERATE":20254000,"NETCASH_INVEST":-19768000,"NETCASH_FINANCE":-4879000,"END_CASH":333381000,"DIVI_RATIO":null,"DIVIDEND_RATE":null,"CURRENT_RATIO":8.758566710246,"COMMON_ACS":10000000000,"CURRENTDEBT_DEBT":78.799544542645,"ISSUED_COMMON_SHARES":1234600000,"HK_COMMON_SHARES":1234600000,"PER_SHARES":4000,"TOTAL_MARKET_CAP":225931800,"HKSK_MARKET_CAP":225931800,"PE_TTM":10.272493266988,"PB_TTM":0.382412002611,"REPORT_DATE_SQ":"2021-06-30 00:00:00","REPORT_TYPE_SQ":"2021年中报","OPERATE_INCOME_SQ":94165000,"DPS_HKD":null,"OPERATE_INCOME_QOQ_SQ":19.549455666171,"NET_PROFIT_RATIO_SQ":17.1125152658,"HOLDER_PROFIT_SQ":16114000,"HOLDER_PROFIT_QOQ_SQ":-13.293420584459,"ROE_AVG_SQ":4.770024095815,"PE_TTM_SQ":5.944649987526,"PB_TTM_SQ":0.339149820442,"ROA_SQ":3.662892921642,"START_DATE":"2022-01-01 00:00:00","FISCAL_YEAR":"12-31","CURRENCY":"HKD","IS_CNY_CODE":0,"DPS_HKD_LY":null,"ORG_TYPE":"一般企业","PREMIUM_INCOME":null,"PREMIUM_INCOME_YOY":null,"NET_INTEREST_INCOME":null,"NET_INTEREST_INCOME_YOY":null,"FEE_COMMISSION_INCOME":null,"FEE_COMMISSION_INCOME_YOY":null,"ACCOUNTS_RECE_TDAYS":0.67515503841,"INVENTORY_TDAYS":null,"CURRENT_ASSETS_TDAYS":0.148344651952,"TOTAL_ASSETS_TDAYS":0.132765418117,"PREMIUM_EXPENSE":null,"LOAN_DEPOSIT":null,"LOAN_EQUITY":null,"LOAN_ASSETS":null,"DEPOSIT_EQUITY":null,"DEPOSIT_ASSETS":null,"EQUITY_MULTIPLIER":1.149745863172,"EQUITY_RATIO":0.149904394597},{"SECUCODE":"01490.HK","SECURITY_CODE":"01490","SECURITY_NAME_ABBR":"车市科技","ORG_CODE":"10000039018","STD_REPORT_DATE":"2021-12-31 00:00:00","REPORT_DATE":"2021-12-31 00:00:00","DATE_TYPE_CODE":"001","REPORT_TYPE":"2021年年报","PER_NETCASH_OPERATE":0.037083265835,"PER_OI":0.159715697392,"BPS":0.389062044387,"BASIC_EPS":0.04,"DILUTED_EPS":0.04,"OPERATE_INCOME":197185000,"OPERATE_INCOME_YOY":9.3019001796,"GROSS_PROFIT":146403000,"GROSS_PROFIT_YOY":-3.973475183818,"HOLDER_PROFIT":41013000,"HOLDER_PROFIT_YOY":-36.5526523414,"GROSS_PROFIT_RATIO":74.246519765702,"EPS_TTM":0.033219666289,"OPERATE_INCOME_QOQ":-8.571812752699,"NET_PROFIT_RATIO":20.7079646018,"ROE_AVG":12.085591910524,"GROSS_PROFIT_QOQ":-18.560938977582,"ROA":9.118376820874,"HOLDER_PROFIT_QOQ":-26.825221238938,"ROE_YEARLY":12.085591910524,"ROIC_YEARLY":15.082939064014,"TOTAL_ASSETS":560274000,"TOTAL_LIABILITIES":80260000,"TAX_EBT":22.61054147793,"OCF_SALES":23.218297537845,"TOTAL_PARENT_EQUITY":480336000,"DEBT_ASSET_RATIO":14.3251337738,"OPERATE_PROFIT":53602000,"PRETAX_PROFIT":52763000,"NETCASH_OPERATE":45783000,"NETCASH_INVEST":82306000,"NETCASH_FINANCE":176284000,"END_CASH":328675000,"DIVI_RATIO":null,"DIVIDEND_RATE":null,"CURRENT_RATIO":7.902097348635,"COMMON_ACS":10000000000,"CURRENTDEBT_DEBT":78.712932967855,"ISSUED_COMMON_SHARES":1234600000,"HK_COMMON_SHARES":1234600000,"PER_SHARES":4000,"TOTAL_MARKET_CAP":225931800,"HKSK_MARKET_CAP":225931800,"PE_TTM":10.272493266988,"PB_TTM":0.382412002611,"REPORT_DATE_SQ":"2020-12-31 00:00:00","REPORT_TYPE_SQ":"2020年年报","OPERATE_INCOME_SQ":180404000,"DPS_HKD":null,"OPERATE_INCOME_QOQ_SQ":13.455926745824,"NET_PROFIT_RATIO_SQ":35.8312454269,"HOLDER_PROFIT_SQ":64641000,"HOLDER_PROFIT_QOQ_SQ":18.342426128666,"ROE_AVG_SQ":39.657420160308,"PE_TTM_SQ":5.944649987526,"PB_TTM_SQ":0.339149820442,"ROA_SQ":21.214567723769,"START_DATE":"2021-01-01 00:00:00","FISCAL_YEAR":"12-31","CURRENCY":"HKD","IS_CNY_CODE":0,"DPS_HKD_LY":null,"ORG_TYPE":"一般企业","PREMIUM_INCOME":null,"PREMIUM_INCOME_YOY":null,"NET_INTEREST_INCOME":null,"NET_INTEREST_INCOME_YOY":null,"FEE_COMMISSION_INCOME":null,"FEE_COMMISSION_INCOME_YOY":null,"ACCOUNTS_RECE_TDAYS":1.59843872861,"INVENTORY_TDAYS":57.970319634703,"CURRENT_ASSETS_TDAYS":0.486705895711,"TOTAL_ASSETS_TDAYS":0.438399320563,"PREMIUM_EXPENSE":null,"LOAN_DEPOSIT":null,"LOAN_EQUITY":null,"LOAN_ASSETS":null,"DEPOSIT_EQUITY":null,"DEPOSIT_ASSETS":null,"EQUITY_MULTIPLIER":1.167203456565,"EQUITY_RATIO":0.167091369375},{"SECUCODE":"01490.HK","SECURITY_CODE":"01490","SECURITY_NAME_ABBR":"车市科技","ORG_CODE":"10000039018","STD_REPORT_DATE":"2021-06-30 00:00:00","REPORT_DATE":"2021-06-30 00:00:00","DATE_TYPE_CODE":"002","REPORT_TYPE":"2021年中报","PER_NETCASH_OPERATE":0.00720962255,"PER_OI":0.076271666937,"BPS":0.386572979103,"BASIC_EPS":0.01,"DILUTED_EPS":0.01,"OPERATE_INCOME":94165000,"OPERATE_INCOME_YOY":59.8808088697,"GROSS_PROFIT":76734000,"GROSS_PROFIT_YOY":55.253414264036,"HOLDER_PROFIT":16114000,"HOLDER_PROFIT_YOY":-34.7796171126,"GROSS_PROFIT_RATIO":81.488875909308,"EPS_TTM":0.04539769966,"OPERATE_INCOME_QOQ":19.549455666171,"NET_PROFIT_RATIO":17.1125152658,"ROE_AVG":4.770024095815,"GROSS_PROFIT_QOQ":17.912121788523,"ROA":3.662892921642,"HOLDER_PROFIT_QOQ":-13.293420584459,"ROE_YEARLY":9.54004819163,"ROIC_YEARLY":11.130105644139,"TOTAL_ASSETS":540557000,"TOTAL_LIABILITIES":63294000,"TAX_EBT":28.043225864071,"OCF_SALES":9.452556682419,"TOTAL_PARENT_EQUITY":477263000,"DEBT_ASSET_RATIO":11.7090334599,"OPERATE_PROFIT":22504000,"PRETAX_PROFIT":22394000,"NETCASH_OPERATE":8901000,"NETCASH_INVEST":52066000,"NETCASH_FINANCE":186951000,"END_CASH":273355000,"DIVI_RATIO":null,"DIVIDEND_RATE":null,"CURRENT_RATIO":8.74461292897,"COMMON_ACS":10000000000,"CURRENTDEBT_DEBT":93.043574430436,"ISSUED_COMMON_SHARES":1234600000,"HK_COMMON_SHARES":1234600000,"PER_SHARES":4000,"TOTAL_MARKET_CAP":225931800,"HKSK_MARKET_CAP":225931800,"PE_TTM":10.272493266988,"PB_TTM":0.382412002611,"REPORT_DATE_SQ":"2020-06-30 00:00:00","REPORT_TYPE_SQ":"2020年中报","OPERATE_INCOME_SQ":58897000,"DPS_HKD":null,"OPERATE_INCOME_QOQ_SQ":-10.476029614616,"NET_PROFIT_RATIO_SQ":41.9495050682,"HOLDER_PROFIT_SQ":24707000,"HOLDER_PROFIT_QOQ_SQ":5.631405917617,"ROE_AVG_SQ":17.650693861514,"PE_TTM_SQ":5.944649987526,"PB_TTM_SQ":0.339149820442,"ROA_SQ":8.809330252724,"START_DATE":"2021-01-01 00:00:00","FISCAL_YEAR":"12-31","CURRENCY":"HKD","IS_CNY_CODE":0,"DPS_HKD_LY":null,"ORG_TYPE":"一般企业","PREMIUM_INCOME":null,"PREMIUM_INCOME_YOY":null,"NET_INTEREST_INCOME":null,"NET_INTEREST_INCOME_YOY":null,"FEE_COMMISSION_INCOME":null,"FEE_COMMISSION_INCOME_YOY":null,"ACCOUNTS_RECE_TDAYS":0.768816260548,"INVENTORY_TDAYS":null,"CURRENT_ASSETS_TDAYS":0.227989172542,"TOTAL_ASSETS_TDAYS":0.214047605788,"PREMIUM_EXPENSE":null,"LOAN_DEPOSIT":null,"LOAN_EQUITY":null,"LOAN_ASSETS":null,"DEPOSIT_EQUITY":null,"DEPOSIT_ASSETS":null,"EQUITY_MULTIPLIER":1.132618702895,"EQUITY_RATIO":0.132618702895},{"SECUCODE":"01490.HK","SECURITY_CODE":"01490","SECURITY_NAME_ABBR":"车市科技","ORG_CODE":"10000039018","STD_REPORT_DATE":"2020-12-31 00:00:00","REPORT_DATE":"2020-12-31 00:00:00","DATE_TYPE_CODE":"001","REPORT_TYPE":"2020年年报","PER_NETCASH_OPERATE":0.051578,"PER_OI":0.180404,"BPS":0.160677952373,"BASIC_EPS":0.08,"DILUTED_EPS":0.07,"OPERATE_INCOME":180404000,"OPERATE_INCOME_YOY":1.5702502604,"GROSS_PROFIT":152461000,"GROSS_PROFIT_YOY":2.485833170883,"HOLDER_PROFIT":64641000,"HOLDER_PROFIT_YOY":25.0067685167,"GROSS_PROFIT_RATIO":84.510875590342,"EPS_TTM":0.064641,"OPERATE_INCOME_QOQ":13.455926745824,"NET_PROFIT_RATIO":35.8312454269,"ROE_AVG":39.657420160308,"GROSS_PROFIT_QOQ":12.188642869232,"ROA":21.214567723769,"HOLDER_PROFIT_QOQ":18.342426128666,"ROE_YEARLY":39.657420160308,"ROIC_YEARLY":25.582665479371,"TOTAL_ASSETS":339294000,"TOTAL_LIABILITIES":140921000,"TAX_EBT":17.540278858542,"OCF_SALES":28.590275160196,"TOTAL_PARENT_EQUITY":198373000,"DEBT_ASSET_RATIO":41.5335962322,"OPERATE_PROFIT":78609000,"PRETAX_PROFIT":78391000,"NETCASH_OPERATE":51578000,"NETCASH_INVEST":-90920000,"NETCASH_FINANCE":-7030000,"END_CASH":27382000,"DIVI_RATIO":null,"DIVIDEND_RATE":null,"CURRENT_RATIO":2.315638632066,"COMMON_ACS":10000000000,"CURRENTDEBT_DEBT":95.325749888235,"ISSUED_COMMON_SHARES":1234600000,"HK_COMMON_SHARES":1234600000,"PER_SHARES":4000,"TOTAL_MARKET_CAP":225931800,"HKSK_MARKET_CAP":225931800,"PE_TTM":10.272493266988,"PB_TTM":0.382412002611,"REPORT_DATE_SQ":"2019-12-31 00:00:00","REPORT_TYPE_SQ":"2019年年报","OPERATE_INCOME_SQ":177615000,"DPS_HKD":null,"OPERATE_INCOME_QOQ_SQ":12.523519610762,"NET_PROFIT_RATIO_SQ":29.1135320778,"HOLDER_PROFIT_SQ":51710000,"HOLDER_PROFIT_QOQ_SQ":8.627607503729,"ROE_AVG_SQ":50.91045136137,"PE_TTM_SQ":5.944649987526,"PB_TTM_SQ":0.339149820442,"ROA_SQ":22.516873503157,"START_DATE":"2020-01-01 00:00:00","FISCAL_YEAR":"12-31","CURRENCY":"HKD","IS_CNY_CODE":0,"DPS_HKD_LY":null,"ORG_TYPE":"一般企业","PREMIUM_INCOME":null,"PREMIUM_INCOME_YOY":null,"NET_INTEREST_INCOME":null,"NET_INTEREST_INCOME_YOY":null,"FEE_COMMISSION_INCOME":null,"FEE_COMMISSION_INCOME_YOY":null,"ACCOUNTS_RECE_TDAYS":1.493157204282,"INVENTORY_TDAYS":null,"CURRENT_ASSETS_TDAYS":0.637193022114,"TOTAL_ASSETS_TDAYS":0.592068946278,"PREMIUM_EXPENSE":null,"LOAN_DEPOSIT":null,"LOAN_EQUITY":null,"LOAN_ASSETS":null,"DEPOSIT_EQUITY":null,"DEPOSIT_ASSETS":null,"EQUITY_MULTIPLIER":1.710383973626,"EQUITY_RATIO":0.710383973625},{"SECUCODE":"01490.HK","SECURITY_CODE":"01490","SECURITY_NAME_ABBR":"车市科技","ORG_CODE":"10000039018","STD_REPORT_DATE":"2020-06-30 00:00:00","REPORT_DATE":"2020-06-30 00:00:00","DATE_TYPE_CODE":"002","REPORT_TYPE":"2020年中报","PER_NETCASH_OPERATE":0.034553364198,"PER_OI":0.063658215496,"BPS":0.123384901993,"BASIC_EPS":0.03,"DILUTED_EPS":0.02,"OPERATE_INCOME":58897000,"OPERATE_INCOME_YOY":-24.0077931462,"GROSS_PROFIT":49425000,"GROSS_PROFIT_YOY":-20.654669213851,"HOLDER_PROFIT":24707000,"HOLDER_PROFIT_YOY":13.3608625832,"GROSS_PROFIT_RATIO":83.917686809175,"EPS_TTM":0.059037625802,"OPERATE_INCOME_QOQ":-10.476029614616,"NET_PROFIT_RATIO":41.9495050682,"ROE_AVG":17.650693861514,"GROSS_PROFIT_QOQ":-8.648655915786,"ROA":8.809330252724,"HOLDER_PROFIT_QOQ":5.631405917617,"ROE_YEARLY":35.301387723027,"ROIC_YEARLY":23.040750523982,"TOTAL_ASSETS":290820000,"TOTAL_LIABILITIES":138489000,"TAX_EBT":12.02464036462,"OCF_SALES":54.279504898382,"TOTAL_PARENT_EQUITY":152331000,"DEBT_ASSET_RATIO":47.6201774293,"OPERATE_PROFIT":28202000,"PRETAX_PROFIT":28084000,"NETCASH_OPERATE":31969000,"NETCASH_INVEST":-50615000,"NETCASH_FINANCE":-3460000,"END_CASH":55331000,"DIVI_RATIO":null,"DIVIDEND_RATE":null,"CURRENT_RATIO":2.942674075754,"COMMON_ACS":10000000000,"CURRENTDEBT_DEBT":63.672927091682,"ISSUED_COMMON_SHARES":1234600000,"HK_COMMON_SHARES":1234600000,"PER_SHARES":4000,"TOTAL_MARKET_CAP":225931800,"HKSK_MARKET_CAP":225931800,"PE_TTM":10.272493266988,"PB_TTM":0.382412002611,"REPORT_DATE_SQ":"2019-06-30 00:00:00","REPORT_TYPE_SQ":"2019年中报","OPERATE_INCOME_SQ":77504000,"DPS_HKD":null,"OPERATE_INCOME_QOQ_SQ":0,"NET_PROFIT_RATIO_SQ":28.121129232,"HOLDER_PROFIT_SQ":21795000,"HOLDER_PROFIT_QOQ_SQ":0,"ROE_AVG_SQ":null,"PE_TTM_SQ":5.944649987526,"PB_TTM_SQ":0.339149820442,"ROA_SQ":null,"START_DATE":"2020-01-01 00:00:00","FISCAL_YEAR":"12-31","CURRENCY":"HKD","IS_CNY_CODE":0,"DPS_HKD_LY":null,"ORG_TYPE":"一般企业","PREMIUM_INCOME":null,"PREMIUM_INCOME_YOY":null,"NET_INTEREST_INCOME":null,"NET_INTEREST_INCOME_YOY":null,"FEE_COMMISSION_INCOME":null,"FEE_COMMISSION_INCOME_YOY":null,"ACCOUNTS_RECE_TDAYS":0.571610198278,"INVENTORY_TDAYS":null,"CURRENT_ASSETS_TDAYS":0.228876427636,"TOTAL_ASSETS_TDAYS":0.209998431171,"PREMIUM_EXPENSE":null,"LOAN_DEPOSIT":null,"LOAN_EQUITY":null,"LOAN_ASSETS":null,"DEPOSIT_EQUITY":null,"DEPOSIT_ASSETS":null,"EQUITY_MULTIPLIER":1.909132087361,"EQUITY_RATIO":0.909132087362}],"count":14},"success":true,"message":"ok","code":0}