{"version":"2fbab3bf1b08a97f99af02a481f2eec0","result":{"pages":3,"data":[{"SECUCODE":"01496.HK","SECURITY_CODE":"01496","SECURITY_NAME_ABBR":"亚积邦租赁","ORG_CODE":"10504679","STD_REPORT_DATE":"2024-06-30 00:00:00","REPORT_DATE":"2024-09-30 00:00:00","DATE_TYPE_CODE":"002","REPORT_TYPE":"2024年中报","PER_NETCASH_OPERATE":0.020336199491,"PER_OI":0.084243259572,"BPS":0.238044379063,"BASIC_EPS":0.004869666,"DILUTED_EPS":null,"OPERATE_INCOME":72786176.27,"OPERATE_INCOME_YOY":2.351031588,"GROSS_PROFIT":21372423,"GROSS_PROFIT_YOY":10.808763182286,"HOLDER_PROFIT":4187912.76,"HOLDER_PROFIT_YOY":14.2435424354,"GROSS_PROFIT_RATIO":29.363299592383,"EPS_TTM":0.010874403009,"OPERATE_INCOME_QOQ":0,"NET_PROFIT_RATIO":5.7537199708,"ROE_AVG":2.035168447001,"GROSS_PROFIT_QOQ":0,"ROA":1.357535505955,"HOLDER_PROFIT_QOQ":0,"ROE_YEARLY":4.070336894002,"ROIC_YEARLY":3.719514636979,"TOTAL_ASSETS":310896611.45,"TOTAL_LIABILITIES":105226267.94,"TAX_EBT":14,"OCF_SALES":24.139853555189,"TOTAL_PARENT_EQUITY":205670343.51,"DEBT_ASSET_RATIO":33.8460645966,"OPERATE_PROFIT":5692098.48,"PRETAX_PROFIT":4869666,"NETCASH_OPERATE":17570476.36,"NETCASH_INVEST":-21123528.96,"NETCASH_FINANCE":2159787.05,"END_CASH":82153069,"DIVI_RATIO":0.632877408915,"DIVIDEND_RATE":7.037037037037,"CURRENT_RATIO":1.765869370083,"COMMON_ACS":10000000000,"CURRENTDEBT_DEBT":81.153694530621,"ISSUED_COMMON_SHARES":864000000,"HK_COMMON_SHARES":864000000,"PER_SHARES":4000,"TOTAL_MARKET_CAP":93312000,"HKSK_MARKET_CAP":93312000,"PE_TTM":8.527094946541,"PB_TTM":0.40913933941,"REPORT_DATE_SQ":"2023-06-30 00:00:00","REPORT_TYPE_SQ":"2023年中报","OPERATE_INCOME_SQ":72363384.17,"DPS_HKD":0.0076,"OPERATE_INCOME_QOQ_SQ":0,"NET_PROFIT_RATIO_SQ":5.1547699058,"HOLDER_PROFIT_SQ":3730165.95,"HOLDER_PROFIT_QOQ_SQ":0,"ROE_AVG_SQ":1.823274673078,"PE_TTM_SQ":11.582013932869,"PB_TTM_SQ":0.494843129208,"ROA_SQ":1.249861638933,"START_DATE":"2024-04-01 00:00:00","FISCAL_YEAR":"3-31","CURRENCY":"HKD","IS_CNY_CODE":0,"DPS_HKD_LY":0.0076,"ORG_TYPE":"一般企业","PREMIUM_INCOME":null,"PREMIUM_INCOME_YOY":null,"NET_INTEREST_INCOME":null,"NET_INTEREST_INCOME_YOY":null,"FEE_COMMISSION_INCOME":null,"FEE_COMMISSION_INCOME_YOY":null,"ACCOUNTS_RECE_TDAYS":1.788911422144,"INVENTORY_TDAYS":2.495371484845,"CURRENT_ASSETS_TDAYS":0.485465448487,"TOTAL_ASSETS_TDAYS":0.235940489432,"PREMIUM_EXPENSE":null,"LOAN_DEPOSIT":null,"LOAN_EQUITY":null,"LOAN_ASSETS":null,"DEPOSIT_EQUITY":null,"DEPOSIT_ASSETS":null,"EQUITY_MULTIPLIER":1.51162586761,"EQUITY_RATIO":0.51162586761},{"SECUCODE":"01496.HK","SECURITY_CODE":"01496","SECURITY_NAME_ABBR":"亚积邦租赁","ORG_CODE":"10504679","STD_REPORT_DATE":"2023-12-31 00:00:00","REPORT_DATE":"2024-03-31 00:00:00","DATE_TYPE_CODE":"001","REPORT_TYPE":"2023年年报","PER_NETCASH_OPERATE":0.039033063137,"PER_OI":0.18264254456,"BPS":0.239549542014,"BASIC_EPS":0.0108786,"DILUTED_EPS":null,"OPERATE_INCOME":157803158.5,"OPERATE_INCOME_YOY":8.419702028,"GROSS_PROFIT":47178675.1,"GROSS_PROFIT_YOY":19.712194849718,"HOLDER_PROFIT":9395484.2,"HOLDER_PROFIT_YOY":-18.8791484033,"GROSS_PROFIT_RATIO":29.897167806055,"EPS_TTM":0.009550225266,"OPERATE_INCOME_QOQ":0,"NET_PROFIT_RATIO":5.9539265813,"ROE_AVG":4.581137946886,"GROSS_PROFIT_QOQ":0,"ROA":3.106188550201,"HOLDER_PROFIT_QOQ":0,"ROE_YEARLY":4.581137946886,"ROIC_YEARLY":4.153133784685,"TOTAL_ASSETS":307706640.3,"TOTAL_LIABILITIES":100735836,"TAX_EBT":23.035793851181,"OCF_SALES":21.37128741311,"TOTAL_PARENT_EQUITY":206970804.3,"DEBT_ASSET_RATIO":32.7376217497,"OPERATE_PROFIT":16355975.1,"PRETAX_PROFIT":12207602.3,"NETCASH_OPERATE":33724566.55,"NETCASH_INVEST":-9506989.85,"NETCASH_FINANCE":-6396616.8,"END_CASH":84908379.55,"DIVI_RATIO":0.720628446782,"DIVIDEND_RATE":7.378640776699,"CURRENT_RATIO":1.857125202229,"COMMON_ACS":10000000000,"CURRENTDEBT_DEBT":80.100791936645,"ISSUED_COMMON_SHARES":864000000,"HK_COMMON_SHARES":864000000,"PER_SHARES":4000,"TOTAL_MARKET_CAP":88992000,"HKSK_MARKET_CAP":88992000,"PE_TTM":8.132322032349,"PB_TTM":0.390197703327,"REPORT_DATE_SQ":"2022-12-31 00:00:00","REPORT_TYPE_SQ":"2022年年报","OPERATE_INCOME_SQ":140548826.32,"DPS_HKD":0.0076,"OPERATE_INCOME_QOQ_SQ":0,"NET_PROFIT_RATIO_SQ":7.9575464647,"HOLDER_PROFIT_SQ":11184238.16,"HOLDER_PROFIT_QOQ_SQ":0,"ROE_AVG_SQ":5.854950654993,"PE_TTM_SQ":12.129195693477,"PB_TTM_SQ":0.518221544761,"ROA_SQ":3.952010418262,"START_DATE":"2023-04-01 00:00:00","FISCAL_YEAR":"3-31","CURRENCY":"HKD","IS_CNY_CODE":0,"DPS_HKD_LY":0.0065,"ORG_TYPE":"一般企业","PREMIUM_INCOME":null,"PREMIUM_INCOME_YOY":null,"NET_INTEREST_INCOME":null,"NET_INTEREST_INCOME_YOY":null,"FEE_COMMISSION_INCOME":null,"FEE_COMMISSION_INCOME_YOY":null,"ACCOUNTS_RECE_TDAYS":4.125859208343,"INVENTORY_TDAYS":6.725714443189,"CURRENT_ASSETS_TDAYS":1.179499862786,"TOTAL_ASSETS_TDAYS":0.521704207771,"PREMIUM_EXPENSE":null,"LOAN_DEPOSIT":null,"LOAN_EQUITY":null,"LOAN_ASSETS":null,"DEPOSIT_EQUITY":null,"DEPOSIT_ASSETS":null,"EQUITY_MULTIPLIER":1.486715198025,"EQUITY_RATIO":0.486715198024},{"SECUCODE":"01496.HK","SECURITY_CODE":"01496","SECURITY_NAME_ABBR":"亚积邦租赁","ORG_CODE":"10504679","STD_REPORT_DATE":"2023-06-30 00:00:00","REPORT_DATE":"2023-09-30 00:00:00","DATE_TYPE_CODE":"002","REPORT_TYPE":"2023年中报","PER_NETCASH_OPERATE":0.024722906412,"PER_OI":0.083753916863,"BPS":0.235506978113,"BASIC_EPS":0.004312861,"DILUTED_EPS":null,"OPERATE_INCOME":72363384.17,"OPERATE_INCOME_YOY":-5.6225091853,"GROSS_PROFIT":19287664.97,"GROSS_PROFIT_YOY":-20.084193766978,"HOLDER_PROFIT":3730165.95,"HOLDER_PROFIT_YOY":-44.8215012895,"GROSS_PROFIT_RATIO":26.653901266818,"EPS_TTM":0.012944720093,"OPERATE_INCOME_QOQ":0,"NET_PROFIT_RATIO":5.1547699058,"ROE_AVG":1.823274673078,"GROSS_PROFIT_QOQ":0,"ROA":1.249861638933,"HOLDER_PROFIT_QOQ":0,"ROE_YEARLY":3.646549346155,"ROIC_YEARLY":3.270497936328,"TOTAL_ASSETS":296013673.55,"TOTAL_LIABILITIES":92535644.46,"TAX_EBT":24.903011269167,"OCF_SALES":29.518507716304,"TOTAL_PARENT_EQUITY":203478029.09,"DEBT_ASSET_RATIO":31.2605979819,"OPERATE_PROFIT":6469291.5,"PRETAX_PROFIT":4967131.19,"NETCASH_OPERATE":21360591.14,"NETCASH_INVEST":-8399985.02,"NETCASH_FINANCE":-8593604.95,"END_CASH":72255103.83,"DIVI_RATIO":0.531658000387,"DIVIDEND_RATE":6.333333333333,"CURRENT_RATIO":1.800177138551,"COMMON_ACS":10000000000,"CURRENTDEBT_DEBT":75.015370579719,"ISSUED_COMMON_SHARES":864000000,"HK_COMMON_SHARES":864000000,"PER_SHARES":4000,"TOTAL_MARKET_CAP":103680000,"HKSK_MARKET_CAP":103680000,"PE_TTM":9.474549940601,"PB_TTM":0.454599266012,"REPORT_DATE_SQ":"2022-06-30 00:00:00","REPORT_TYPE_SQ":"2022年中报","OPERATE_INCOME_SQ":75572293.08,"DPS_HKD":0.0076,"OPERATE_INCOME_QOQ_SQ":0,"NET_PROFIT_RATIO_SQ":8.8167358809,"HOLDER_PROFIT_SQ":6663009.48,"HOLDER_PROFIT_QOQ_SQ":0,"ROE_AVG_SQ":3.423645320197,"PE_TTM_SQ":11.946801773274,"PB_TTM_SQ":0.510428739577,"ROA_SQ":2.312528839906,"START_DATE":"2023-04-01 00:00:00","FISCAL_YEAR":"3-31","CURRENCY":"HKD","IS_CNY_CODE":0,"DPS_HKD_LY":0.0065,"ORG_TYPE":"一般企业","PREMIUM_INCOME":null,"PREMIUM_INCOME_YOY":null,"NET_INTEREST_INCOME":null,"NET_INTEREST_INCOME_YOY":null,"FEE_COMMISSION_INCOME":null,"FEE_COMMISSION_INCOME_YOY":null,"ACCOUNTS_RECE_TDAYS":1.899118582025,"INVENTORY_TDAYS":3.993096306524,"CURRENT_ASSETS_TDAYS":0.592840120584,"TOTAL_ASSETS_TDAYS":0.242467008572,"PREMIUM_EXPENSE":null,"LOAN_DEPOSIT":null,"LOAN_EQUITY":null,"LOAN_ASSETS":null,"DEPOSIT_EQUITY":null,"DEPOSIT_ASSETS":null,"EQUITY_MULTIPLIER":1.454769710881,"EQUITY_RATIO":0.454769710882},{"SECUCODE":"01496.HK","SECURITY_CODE":"01496","SECURITY_NAME_ABBR":"亚积邦租赁","ORG_CODE":"10504679","STD_REPORT_DATE":"2022-12-31 00:00:00","REPORT_DATE":"2023-03-31 00:00:00","DATE_TYPE_CODE":"001","REPORT_TYPE":"2022年年报","PER_NETCASH_OPERATE":0.067555511285,"PER_OI":0.162672252685,"BPS":0.227118234699,"BASIC_EPS":0.012956068,"DILUTED_EPS":null,"OPERATE_INCOME":140548826.32,"OPERATE_INCOME_YOY":19.1056247125,"GROSS_PROFIT":39410082.79,"GROSS_PROFIT_YOY":135.972567813714,"HOLDER_PROFIT":11184238.16,"HOLDER_PROFIT_YOY":386.7789001122,"GROSS_PROFIT_RATIO":28.040136528975,"EPS_TTM":0.003425913715,"OPERATE_INCOME_QOQ":0,"NET_PROFIT_RATIO":7.9575464647,"ROE_AVG":5.854950654993,"GROSS_PROFIT_QOQ":0,"ROA":3.952010418262,"HOLDER_PROFIT_QOQ":0,"ROE_YEARLY":5.854950654993,"ROIC_YEARLY":4.949242757336,"TOTAL_ASSETS":287035558.67,"TOTAL_LIABILITIES":90805403.89,"TAX_EBT":15.385124842705,"OCF_SALES":41.528601325427,"TOTAL_PARENT_EQUITY":196230154.78,"DEBT_ASSET_RATIO":31.6355939699,"OPERATE_PROFIT":14572950.27,"PRETAX_PROFIT":13217815.59,"NETCASH_OPERATE":58367961.75,"NETCASH_INVEST":-34668862.23,"NETCASH_FINANCE":-6842204.56,"END_CASH":65269694.19,"DIVI_RATIO":2.00885503021,"DIVIDEND_RATE":7.450980392157,"CURRENT_RATIO":1.715954438542,"COMMON_ACS":10000000000,"CURRENTDEBT_DEBT":72.957417886994,"ISSUED_COMMON_SHARES":864000000,"HK_COMMON_SHARES":864000000,"PER_SHARES":4000,"TOTAL_MARKET_CAP":88128000,"HKSK_MARKET_CAP":88128000,"PE_TTM":8.053367449511,"PB_TTM":0.38640937611,"REPORT_DATE_SQ":"2021-12-31 00:00:00","REPORT_TYPE_SQ":"2021年年报","OPERATE_INCOME_SQ":109322525.98,"DPS_HKD":0.0076,"OPERATE_INCOME_QOQ_SQ":0,"NET_PROFIT_RATIO_SQ":-3.3049451772,"HOLDER_PROFIT_SQ":-3613049.55,"HOLDER_PROFIT_QOQ_SQ":0,"ROE_AVG_SQ":-2.079870772563,"PE_TTM_SQ":9.197244834064,"PB_TTM_SQ":0.529910752538,"ROA_SQ":-1.415726159473,"START_DATE":"2022-04-01 00:00:00","FISCAL_YEAR":"3-31","CURRENCY":"HKD","IS_CNY_CODE":0,"DPS_HKD_LY":null,"ORG_TYPE":"一般企业","PREMIUM_INCOME":null,"PREMIUM_INCOME_YOY":null,"NET_INTEREST_INCOME":null,"NET_INTEREST_INCOME_YOY":null,"FEE_COMMISSION_INCOME":null,"FEE_COMMISSION_INCOME_YOY":null,"ACCOUNTS_RECE_TDAYS":3.905709489868,"INVENTORY_TDAYS":6.39328205412,"CURRENT_ASSETS_TDAYS":1.309516818375,"TOTAL_ASSETS_TDAYS":0.496636800777,"PREMIUM_EXPENSE":null,"LOAN_DEPOSIT":null,"LOAN_EQUITY":null,"LOAN_ASSETS":null,"DEPOSIT_EQUITY":null,"DEPOSIT_ASSETS":null,"EQUITY_MULTIPLIER":1.4627494892,"EQUITY_RATIO":0.4627494892},{"SECUCODE":"01496.HK","SECURITY_CODE":"01496","SECURITY_NAME_ABBR":"亚积邦租赁","ORG_CODE":"10504679","STD_REPORT_DATE":"2022-06-30 00:00:00","REPORT_DATE":"2022-09-30 00:00:00","DATE_TYPE_CODE":"002","REPORT_TYPE":"2022年中报","PER_NETCASH_OPERATE":0.02913992625,"PER_OI":0.087467931806,"BPS":0.228309338472,"BASIC_EPS":0.00768774,"DILUTED_EPS":null,"OPERATE_INCOME":75572293.08,"OPERATE_INCOME_YOY":22.005957422,"GROSS_PROFIT":24134981.4,"GROSS_PROFIT_YOY":193.947649406928,"HOLDER_PROFIT":6663009.48,"HOLDER_PROFIT_YOY":6721.2962962963,"GROSS_PROFIT_RATIO":31.936283016384,"EPS_TTM":-0.004181770313,"OPERATE_INCOME_QOQ":0,"NET_PROFIT_RATIO":8.8167358809,"ROE_AVG":3.423645320197,"GROSS_PROFIT_QOQ":0,"ROA":2.312528839906,"HOLDER_PROFIT_QOQ":0,"ROE_YEARLY":6.847290640394,"ROIC_YEARLY":5.59369940035,"TOTAL_ASSETS":288035197.92,"TOTAL_LIABILITIES":90775929.48,"TAX_EBT":2.216617998407,"OCF_SALES":33.314982586737,"TOTAL_PARENT_EQUITY":197259268.44,"DEBT_ASSET_RATIO":31.5155682832,"OPERATE_PROFIT":7430879.04,"PRETAX_PROFIT":6814050.96,"NETCASH_OPERATE":25176896.28,"NETCASH_INVEST":-16516883.28,"NETCASH_FINANCE":-8959382.64,"END_CASH":49395086.16,"DIVI_RATIO":-1.645753708526,"DIVIDEND_RATE":7.450980392157,"CURRENT_RATIO":1.516559498507,"COMMON_ACS":10000000000,"CURRENTDEBT_DEBT":74.066177129933,"ISSUED_COMMON_SHARES":864000000,"HK_COMMON_SHARES":864000000,"PER_SHARES":4000,"TOTAL_MARKET_CAP":88128000,"HKSK_MARKET_CAP":88128000,"PE_TTM":8.053367449511,"PB_TTM":0.38640937611,"REPORT_DATE_SQ":"2021-06-30 00:00:00","REPORT_TYPE_SQ":"2021年中报","OPERATE_INCOME_SQ":57052947.16,"DPS_HKD":0.0076,"OPERATE_INCOME_QOQ_SQ":0,"NET_PROFIT_RATIO_SQ":0.1576964635,"HOLDER_PROFIT_SQ":89970.48,"HOLDER_PROFIT_QOQ_SQ":0,"ROE_AVG_SQ":0.049928689811,"PE_TTM_SQ":9.197244834064,"PB_TTM_SQ":0.529910752538,"ROA_SQ":0.034847140437,"START_DATE":"2022-04-01 00:00:00","FISCAL_YEAR":"3-31","CURRENCY":"HKD","IS_CNY_CODE":0,"DPS_HKD_LY":null,"ORG_TYPE":"一般企业","PREMIUM_INCOME":null,"PREMIUM_INCOME_YOY":null,"NET_INTEREST_INCOME":null,"NET_INTEREST_INCOME_YOY":null,"FEE_COMMISSION_INCOME":null,"FEE_COMMISSION_INCOME_YOY":null,"ACCOUNTS_RECE_TDAYS":null,"INVENTORY_TDAYS":2.899413713994,"CURRENT_ASSETS_TDAYS":0.73267977868,"TOTAL_ASSETS_TDAYS":0.262288546594,"PREMIUM_EXPENSE":null,"LOAN_DEPOSIT":null,"LOAN_EQUITY":null,"LOAN_ASSETS":null,"DEPOSIT_EQUITY":null,"DEPOSIT_ASSETS":null,"EQUITY_MULTIPLIER":1.460185877186,"EQUITY_RATIO":0.460185877185},{"SECUCODE":"01496.HK","SECURITY_CODE":"01496","SECURITY_NAME_ABBR":"亚积邦租赁","ORG_CODE":"10504679","STD_REPORT_DATE":"2021-12-31 00:00:00","REPORT_DATE":"2022-03-31 00:00:00","DATE_TYPE_CODE":"001","REPORT_TYPE":"2021年年报","PER_NETCASH_OPERATE":0.054528219803,"PER_OI":0.126530701366,"BPS":0.19924093934,"BASIC_EPS":-0.004217252,"DILUTED_EPS":null,"OPERATE_INCOME":109322525.98,"OPERATE_INCOME_YOY":-9.1963624116,"GROSS_PROFIT":16701128.93,"GROSS_PROFIT_YOY":6.888301491543,"HOLDER_PROFIT":-3613049.55,"HOLDER_PROFIT_YOY":21.6220971147,"GROSS_PROFIT_RATIO":15.276932892179,"EPS_TTM":0.000580058519,"OPERATE_INCOME_QOQ":0,"NET_PROFIT_RATIO":-3.3049451772,"ROE_AVG":-2.079870772563,"GROSS_PROFIT_QOQ":0,"ROA":-1.415726159473,"HOLDER_PROFIT_QOQ":0,"ROE_YEARLY":-2.079870772563,"ROIC_YEARLY":-1.664648910412,"TOTAL_ASSETS":258444556.7,"TOTAL_LIABILITIES":86300385.11,"TAX_EBT":10.810810810811,"OCF_SALES":43.094853039363,"TOTAL_PARENT_EQUITY":172144171.59,"DEBT_ASSET_RATIO":33.3922239307,"OPERATE_PROFIT":-3088326.08,"PRETAX_PROFIT":-4050994.95,"NETCASH_OPERATE":47112381.91,"NETCASH_INVEST":-37068834.07,"NETCASH_FINANCE":4316195.22,"END_CASH":45187044.17,"DIVI_RATIO":11.864602932782,"DIVIDEND_RATE":7.450980392157,"CURRENT_RATIO":1.457978891487,"COMMON_ACS":10000000000,"CURRENTDEBT_DEBT":74.348516600727,"ISSUED_COMMON_SHARES":864000000,"HK_COMMON_SHARES":864000000,"PER_SHARES":4000,"TOTAL_MARKET_CAP":88128000,"HKSK_MARKET_CAP":88128000,"PE_TTM":8.053367449511,"PB_TTM":0.38640937611,"REPORT_DATE_SQ":"2020-12-31 00:00:00","REPORT_TYPE_SQ":"2020年年报","OPERATE_INCOME_SQ":125466971,"DPS_HKD":0.0076,"OPERATE_INCOME_QOQ_SQ":0,"NET_PROFIT_RATIO_SQ":-3.8288986191,"HOLDER_PROFIT_SQ":-4804003.12,"HOLDER_PROFIT_QOQ_SQ":0,"ROE_AVG_SQ":-2.602039882075,"PE_TTM_SQ":9.197244834064,"PB_TTM_SQ":0.529910752538,"ROA_SQ":-1.733989426447,"START_DATE":"2021-04-01 00:00:00","FISCAL_YEAR":"3-31","CURRENCY":"HKD","IS_CNY_CODE":0,"DPS_HKD_LY":null,"ORG_TYPE":"一般企业","PREMIUM_INCOME":null,"PREMIUM_INCOME_YOY":null,"NET_INTEREST_INCOME":null,"NET_INTEREST_INCOME_YOY":null,"FEE_COMMISSION_INCOME":null,"FEE_COMMISSION_INCOME_YOY":null,"ACCOUNTS_RECE_TDAYS":null,"INVENTORY_TDAYS":4.311249528124,"CURRENT_ASSETS_TDAYS":1.188364784033,"TOTAL_ASSETS_TDAYS":0.428366004141,"PREMIUM_EXPENSE":null,"LOAN_DEPOSIT":null,"LOAN_EQUITY":null,"LOAN_ASSETS":null,"DEPOSIT_EQUITY":null,"DEPOSIT_ASSETS":null,"EQUITY_MULTIPLIER":1.50132620996,"EQUITY_RATIO":0.50132620996},{"SECUCODE":"01496.HK","SECURITY_CODE":"01496","SECURITY_NAME_ABBR":"亚积邦租赁","ORG_CODE":"10504679","STD_REPORT_DATE":"2021-06-30 00:00:00","REPORT_DATE":"2021-09-30 00:00:00","DATE_TYPE_CODE":"002","REPORT_TYPE":"2021年中报","PER_NETCASH_OPERATE":0.019279939537,"PER_OI":0.066033503657,"BPS":0.20873166787,"BASIC_EPS":0.000083306,"DILUTED_EPS":null,"OPERATE_INCOME":57052947.16,"OPERATE_INCOME_YOY":0.4443922972,"GROSS_PROFIT":8210639.36,"GROSS_PROFIT_YOY":23.874626455807,"HOLDER_PROFIT":89970.48,"HOLDER_PROFIT_YOY":101.8197135636,"GROSS_PROFIT_RATIO":14.3912624478,"EPS_TTM":-0.005560188796,"OPERATE_INCOME_QOQ":0,"NET_PROFIT_RATIO":0.1576964635,"ROE_AVG":0.049928689811,"GROSS_PROFIT_QOQ":0,"ROA":0.034847140437,"HOLDER_PROFIT_QOQ":0,"ROE_YEARLY":0.099857379622,"ROIC_YEARLY":0.082854013913,"TOTAL_ASSETS":257549662.66,"TOTAL_LIABILITIES":77205501.62,"TAX_EBT":118.588640275387,"OCF_SALES":29.197208188535,"TOTAL_PARENT_EQUITY":180344161.04,"DEBT_ASSET_RATIO":29.9769375827,"OPERATE_PROFIT":89970.48,"PRETAX_PROFIT":-484007.86,"NETCASH_OPERATE":16657867.76,"NETCASH_INVEST":-1561987.5,"NETCASH_FINANCE":2744932.7,"END_CASH":50031084.42,"DIVI_RATIO":-1.237757251082,"DIVIDEND_RATE":7.450980392157,"CURRENT_RATIO":2.043921556133,"COMMON_ACS":10000000000,"CURRENTDEBT_DEBT":67.730936478306,"ISSUED_COMMON_SHARES":864000000,"HK_COMMON_SHARES":864000000,"PER_SHARES":4000,"TOTAL_MARKET_CAP":88128000,"HKSK_MARKET_CAP":88128000,"PE_TTM":8.053367449511,"PB_TTM":0.38640937611,"REPORT_DATE_SQ":"2020-06-30 00:00:00","REPORT_TYPE_SQ":"2020年中报","OPERATE_INCOME_SQ":59913765.76,"DPS_HKD":0.0076,"OPERATE_INCOME_QOQ_SQ":0,"NET_PROFIT_RATIO_SQ":-8.7045157884,"HOLDER_PROFIT_SQ":-5215203.2,"HOLDER_PROFIT_QOQ_SQ":0,"ROE_AVG_SQ":-2.721871510237,"PE_TTM_SQ":9.197244834064,"PB_TTM_SQ":0.529910752538,"ROA_SQ":-1.770159612623,"START_DATE":"2021-04-01 00:00:00","FISCAL_YEAR":"3-31","CURRENCY":"HKD","IS_CNY_CODE":0,"DPS_HKD_LY":null,"ORG_TYPE":"一般企业","PREMIUM_INCOME":null,"PREMIUM_INCOME_YOY":null,"NET_INTEREST_INCOME":null,"NET_INTEREST_INCOME_YOY":null,"FEE_COMMISSION_INCOME":null,"FEE_COMMISSION_INCOME_YOY":null,"ACCOUNTS_RECE_TDAYS":1.88645879242,"INVENTORY_TDAYS":1.883694779116,"CURRENT_ASSETS_TDAYS":0.571159315136,"TOTAL_ASSETS_TDAYS":0.220976042591,"PREMIUM_EXPENSE":null,"LOAN_DEPOSIT":null,"LOAN_EQUITY":null,"LOAN_ASSETS":null,"DEPOSIT_EQUITY":null,"DEPOSIT_ASSETS":null,"EQUITY_MULTIPLIER":1.428100922008,"EQUITY_RATIO":0.428100922008},{"SECUCODE":"01496.HK","SECURITY_CODE":"01496","SECURITY_NAME_ABBR":"亚积邦租赁","ORG_CODE":"10504679","STD_REPORT_DATE":"2020-12-31 00:00:00","REPORT_DATE":"2021-03-31 00:00:00","DATE_TYPE_CODE":"001","REPORT_TYPE":"2020年年报","PER_NETCASH_OPERATE":0.050149303102,"PER_OI":0.14521640162,"BPS":0.21142510294,"BASIC_EPS":-0.005578188,"DILUTED_EPS":null,"OPERATE_INCOME":125466971,"OPERATE_INCOME_YOY":1.8266374917,"GROSS_PROFIT":15624842.66,"GROSS_PROFIT_YOY":6.281086068276,"HOLDER_PROFIT":-4804003.12,"HOLDER_PROFIT_YOY":71.1164185172,"GROSS_PROFIT_RATIO":12.453351296733,"EPS_TTM":-0.020449523403,"OPERATE_INCOME_QOQ":0,"NET_PROFIT_RATIO":-3.8288986191,"ROE_AVG":-2.602039882075,"GROSS_PROFIT_QOQ":0,"ROA":-1.733989426447,"HOLDER_PROFIT_QOQ":0,"ROE_YEARLY":-2.602039882075,"ROIC_YEARLY":-1.935805765527,"TOTAL_ASSETS":262588129.02,"TOTAL_LIABILITIES":79916840.08,"TAX_EBT":13.035495716034,"OCF_SALES":34.534186594813,"TOTAL_PARENT_EQUITY":182671288.94,"DEBT_ASSET_RATIO":30.4342928137,"OPERATE_PROFIT":-731925.88,"PRETAX_PROFIT":-5524096.48,"NETCASH_OPERATE":43328997.88,"NETCASH_INVEST":-12296523.82,"NETCASH_FINANCE":-23737725.48,"END_CASH":32449840.92,"DIVI_RATIO":-0.336543980241,"DIVIDEND_RATE":7.450980392157,"CURRENT_RATIO":1.833886988554,"COMMON_ACS":10000000000,"CURRENTDEBT_DEBT":64.308980921359,"ISSUED_COMMON_SHARES":864000000,"HK_COMMON_SHARES":864000000,"PER_SHARES":4000,"TOTAL_MARKET_CAP":88128000,"HKSK_MARKET_CAP":88128000,"PE_TTM":8.053367449511,"PB_TTM":0.38640937611,"REPORT_DATE_SQ":"2019-12-31 00:00:00","REPORT_TYPE_SQ":"2019年年报","OPERATE_INCOME_SQ":133205581.9,"DPS_HKD":0.0076,"OPERATE_INCOME_QOQ_SQ":0,"NET_PROFIT_RATIO_SQ":-13.4984600822,"HOLDER_PROFIT_SQ":-17980702.3,"HOLDER_PROFIT_QOQ_SQ":0,"ROE_AVG_SQ":-8.531974853674,"PE_TTM_SQ":9.197244834064,"PB_TTM_SQ":0.529910752538,"ROA_SQ":-5.813889935226,"START_DATE":"2020-04-01 00:00:00","FISCAL_YEAR":"3-31","CURRENCY":"HKD","IS_CNY_CODE":0,"DPS_HKD_LY":null,"ORG_TYPE":"一般企业","PREMIUM_INCOME":null,"PREMIUM_INCOME_YOY":null,"NET_INTEREST_INCOME":null,"NET_INTEREST_INCOME_YOY":null,"FEE_COMMISSION_INCOME":null,"FEE_COMMISSION_INCOME_YOY":null,"ACCOUNTS_RECE_TDAYS":null,"INVENTORY_TDAYS":4.642945179787,"CURRENT_ASSETS_TDAYS":1.409761494376,"TOTAL_ASSETS_TDAYS":0.452868983737,"PREMIUM_EXPENSE":null,"LOAN_DEPOSIT":null,"LOAN_EQUITY":null,"LOAN_ASSETS":null,"DEPOSIT_EQUITY":null,"DEPOSIT_ASSETS":null,"EQUITY_MULTIPLIER":1.437489878917,"EQUITY_RATIO":0.437489878917},{"SECUCODE":"01496.HK","SECURITY_CODE":"01496","SECURITY_NAME_ABBR":"亚积邦租赁","ORG_CODE":"10504679","STD_REPORT_DATE":"2020-06-30 00:00:00","REPORT_DATE":"2020-09-30 00:00:00","DATE_TYPE_CODE":"002","REPORT_TYPE":"2020年中报","PER_NETCASH_OPERATE":0.027527124444,"PER_OI":0.069344636296,"BPS":0.21901078963,"BASIC_EPS":-0.006063168,"DILUTED_EPS":null,"OPERATE_INCOME":59913765.76,"OPERATE_INCOME_YOY":1.5534703604,"GROSS_PROFIT":6628184.96,"GROSS_PROFIT_YOY":-1.007154941343,"HOLDER_PROFIT":-5215203.2,"HOLDER_PROFIT_YOY":3.1494778068,"GROSS_PROFIT_RATIO":11.062874910168,"EPS_TTM":-0.020810998032,"OPERATE_INCOME_QOQ":0,"NET_PROFIT_RATIO":-8.7045157884,"ROE_AVG":-2.721871510237,"GROSS_PROFIT_QOQ":0,"ROA":-1.770159612623,"HOLDER_PROFIT_QOQ":0,"ROE_YEARLY":-5.443743020475,"ROIC_YEARLY":-3.9039695839,"TOTAL_ASSETS":286156925.44,"TOTAL_LIABILITIES":96931603.2,"TAX_EBT":6.106628697991,"OCF_SALES":39.69611193406,"TOTAL_PARENT_EQUITY":189225322.24,"DEBT_ASSET_RATIO":33.873582843,"OPERATE_PROFIT":-5456851.2,"PRETAX_PROFIT":-5554389.12,"NETCASH_OPERATE":23783435.52,"NETCASH_INVEST":-10213362.56,"NETCASH_FINANCE":-12324926.72,"END_CASH":28564551.04,"DIVI_RATIO":-0.33069841193,"DIVIDEND_RATE":7.450980392157,"CURRENT_RATIO":1.483544079414,"COMMON_ACS":10000000000,"CURRENTDEBT_DEBT":61.368869549452,"ISSUED_COMMON_SHARES":864000000,"HK_COMMON_SHARES":864000000,"PER_SHARES":4000,"TOTAL_MARKET_CAP":88128000,"HKSK_MARKET_CAP":88128000,"PE_TTM":8.053367449511,"PB_TTM":0.38640937611,"REPORT_DATE_SQ":"2019-06-30 00:00:00","REPORT_TYPE_SQ":"2019年中报","OPERATE_INCOME_SQ":60560951.4,"DPS_HKD":0.0076,"OPERATE_INCOME_QOQ_SQ":0,"NET_PROFIT_RATIO_SQ":-9.127196902,"HOLDER_PROFIT_SQ":-5527517.28,"HOLDER_PROFIT_QOQ_SQ":0,"ROE_AVG_SQ":-2.579971539478,"PE_TTM_SQ":9.197244834064,"PB_TTM_SQ":0.529910752538,"ROA_SQ":-1.800089593232,"START_DATE":"2020-04-01 00:00:00","FISCAL_YEAR":"3-31","CURRENCY":"HKD","IS_CNY_CODE":0,"DPS_HKD_LY":null,"ORG_TYPE":"一般企业","PREMIUM_INCOME":null,"PREMIUM_INCOME_YOY":null,"NET_INTEREST_INCOME":null,"NET_INTEREST_INCOME_YOY":null,"FEE_COMMISSION_INCOME":null,"FEE_COMMISSION_INCOME_YOY":null,"ACCOUNTS_RECE_TDAYS":1.622844494163,"INVENTORY_TDAYS":2.318618922898,"CURRENT_ASSETS_TDAYS":0.683477180004,"TOTAL_ASSETS_TDAYS":0.203361066331,"PREMIUM_EXPENSE":null,"LOAN_DEPOSIT":null,"LOAN_EQUITY":null,"LOAN_ASSETS":null,"DEPOSIT_EQUITY":null,"DEPOSIT_ASSETS":null,"EQUITY_MULTIPLIER":1.512254924724,"EQUITY_RATIO":0.512254924724}],"count":23},"success":true,"message":"ok","code":0}