{"version":"ffc290ba22e9908bbd5ba7afca7d2f3d","result":{"pages":3,"data":[{"SECUCODE":"01495.HK","SECURITY_CODE":"01495","SECURITY_NAME_ABBR":"集一控股","ORG_CODE":"10472787","STD_REPORT_DATE":"2024-06-30 00:00:00","REPORT_DATE":"2024-06-30 00:00:00","DATE_TYPE_CODE":"002","REPORT_TYPE":"2024年中报","PER_NETCASH_OPERATE":-0.014975421996,"PER_OI":0.784177546905,"BPS":1.111100487197,"BASIC_EPS":-0.3497,"DILUTED_EPS":-0.3497,"OPERATE_INCOME":206839000,"OPERATE_INCOME_YOY":13.60410831,"GROSS_PROFIT":3627000,"GROSS_PROFIT_YOY":-60.79766536965,"HOLDER_PROFIT":-92237000,"HOLDER_PROFIT_YOY":-17086.5561694291,"GROSS_PROFIT_RATIO":1.753537775758,"EPS_TTM":-2.242021608874,"OPERATE_INCOME_QOQ":3.93482260017,"NET_PROFIT_RATIO":-44.5950715291,"ROE_AVG":-27.306503564408,"GROSS_PROFIT_QOQ":-911.669367909238,"ROA":-11.34817477791,"HOLDER_PROFIT_QOQ":-18.608550546744,"ROE_YEARLY":-54.613007128816,"ROIC_YEARLY":-22.817893729081,"TOTAL_ASSETS":723418000,"TOTAL_LIABILITIES":429620000,"TAX_EBT":null,"OCF_SALES":-1.909697880961,"TOTAL_PARENT_EQUITY":293070000,"DEBT_ASSET_RATIO":59.387518696,"OPERATE_PROFIT":-86965000,"PRETAX_PROFIT":-92240000,"NETCASH_OPERATE":-3950000,"NETCASH_INVEST":null,"NETCASH_FINANCE":-97000,"END_CASH":1588000,"DIVI_RATIO":null,"DIVIDEND_RATE":null,"CURRENT_RATIO":1.514294543377,"COMMON_ACS":50000000000,"CURRENTDEBT_DEBT":94.907825520227,"ISSUED_COMMON_SHARES":263765522,"HK_COMMON_SHARES":263765522,"PER_SHARES":20000,"TOTAL_MARKET_CAP":25849021.156,"HKSK_MARKET_CAP":25849021.156,"PE_TTM":-0.039655777194,"PB_TTM":0.080499145694,"REPORT_DATE_SQ":"2023-06-30 00:00:00","REPORT_TYPE_SQ":"2023年中报","OPERATE_INCOME_SQ":182070000,"DPS_HKD":null,"OPERATE_INCOME_QOQ_SQ":-7.098361270752,"NET_PROFIT_RATIO_SQ":0.3114186851,"HOLDER_PROFIT_SQ":543000,"HOLDER_PROFIT_QOQ_SQ":-4.539624254923,"ROE_AVG_SQ":0.05984081022,"PE_TTM_SQ":-0.672577436855,"PB_TTM_SQ":0.031786156691,"ROA_SQ":0.041114622722,"START_DATE":"2024-01-01 00:00:00","FISCAL_YEAR":"12-31","CURRENCY":"HKD","IS_CNY_CODE":0,"DPS_HKD_LY":null,"ORG_TYPE":"一般企业","PREMIUM_INCOME":null,"PREMIUM_INCOME_YOY":null,"NET_INTEREST_INCOME":null,"NET_INTEREST_INCOME_YOY":null,"FEE_COMMISSION_INCOME":null,"FEE_COMMISSION_INCOME_YOY":null,"ACCOUNTS_RECE_TDAYS":0.480954938741,"INVENTORY_TDAYS":201.699255583127,"CURRENT_ASSETS_TDAYS":0.292968315672,"TOTAL_ASSETS_TDAYS":0.254479777409,"PREMIUM_EXPENSE":null,"LOAN_DEPOSIT":null,"LOAN_EQUITY":null,"LOAN_ASSETS":null,"DEPOSIT_EQUITY":null,"DEPOSIT_ASSETS":null,"EQUITY_MULTIPLIER":2.462297224626,"EQUITY_RATIO":1.465929641383},{"SECUCODE":"01495.HK","SECURITY_CODE":"01495","SECURITY_NAME_ABBR":"集一控股","ORG_CODE":"10472787","STD_REPORT_DATE":"2023-12-31 00:00:00","REPORT_DATE":"2023-12-31 00:00:00","DATE_TYPE_CODE":"001","REPORT_TYPE":"2023年年报","PER_NETCASH_OPERATE":-0.002149636525,"PER_OI":2.386521161776,"BPS":1.450144041191,"BASIC_EPS":-1.8903,"DILUTED_EPS":-1.8903,"OPERATE_INCOME":629482000,"OPERATE_INCOME_YOY":12.4550926017,"GROSS_PROFIT":617000,"GROSS_PROFIT_YOY":-97.964972459514,"HOLDER_PROFIT":-498588000,"HOLDER_PROFIT_YOY":-1153.9624254923,"GROSS_PROFIT_RATIO":0.098017099774,"EPS_TTM":-1.890269798037,"OPERATE_INCOME_QOQ":21.047480044382,"NET_PROFIT_RATIO":-79.2048064917,"ROE_AVG":-77.487937871393,"GROSS_PROFIT_QOQ":-98.259274932995,"ROA":-44.103200079964,"HOLDER_PROFIT_QOQ":-1099.50921426166,"ROE_YEARLY":-77.487937871393,"ROIC_YEARLY":-44.380217482541,"TOTAL_ASSETS":902165000,"TOTAL_LIABILITIES":518936000,"TAX_EBT":-2.172220172958,"OCF_SALES":-0.090074060895,"TOTAL_PARENT_EQUITY":382498000,"DEBT_ASSET_RATIO":57.5211851491,"OPERATE_PROFIT":-478259000,"PRETAX_PROFIT":-487980000,"NETCASH_OPERATE":-567000,"NETCASH_INVEST":11000,"NETCASH_FINANCE":-798000,"END_CASH":5642000,"DIVI_RATIO":null,"DIVIDEND_RATE":null,"CURRENT_RATIO":1.598562746072,"COMMON_ACS":50000000000,"CURRENTDEBT_DEBT":95.784258559822,"ISSUED_COMMON_SHARES":263765522,"HK_COMMON_SHARES":263765522,"PER_SHARES":20000,"TOTAL_MARKET_CAP":25849021.156,"HKSK_MARKET_CAP":25849021.156,"PE_TTM":-0.039655777194,"PB_TTM":0.080499145694,"REPORT_DATE_SQ":"2022-12-31 00:00:00","REPORT_TYPE_SQ":"2022年年报","OPERATE_INCOME_SQ":559763000,"DPS_HKD":null,"OPERATE_INCOME_QOQ_SQ":36.127147950176,"NET_PROFIT_RATIO_SQ":-7.130875031,"HOLDER_PROFIT_SQ":-39761000,"HOLDER_PROFIT_QOQ_SQ":-452.553644263167,"ROE_AVG_SQ":-4.965838860334,"PE_TTM_SQ":-0.79126757277,"PB_TTM_SQ":0.03739547846,"ROA_SQ":-3.103663339055,"START_DATE":"2023-01-01 00:00:00","FISCAL_YEAR":"12-31","CURRENCY":"HKD","IS_CNY_CODE":0,"DPS_HKD_LY":null,"ORG_TYPE":"一般企业","PREMIUM_INCOME":null,"PREMIUM_INCOME_YOY":null,"NET_INTEREST_INCOME":null,"NET_INTEREST_INCOME_YOY":null,"FEE_COMMISSION_INCOME":null,"FEE_COMMISSION_INCOME_YOY":null,"ACCOUNTS_RECE_TDAYS":0.972507906198,"INVENTORY_TDAYS":471.766691672918,"CURRENT_ASSETS_TDAYS":0.639942500107,"TOTAL_ASSETS_TDAYS":0.556815859843,"PREMIUM_EXPENSE":null,"LOAN_DEPOSIT":null,"LOAN_EQUITY":null,"LOAN_ASSETS":null,"DEPOSIT_EQUITY":null,"DEPOSIT_ASSETS":null,"EQUITY_MULTIPLIER":2.35411464164,"EQUITY_RATIO":1.356702518706},{"SECUCODE":"01495.HK","SECURITY_CODE":"01495","SECURITY_NAME_ABBR":"集一控股","ORG_CODE":"10472787","STD_REPORT_DATE":"2023-06-30 00:00:00","REPORT_DATE":"2023-06-30 00:00:00","DATE_TYPE_CODE":"002","REPORT_TYPE":"2023年中报","PER_NETCASH_OPERATE":0.260227339341,"PER_OI":0.690272172873,"BPS":3.451679329037,"BASIC_EPS":0.0021,"DILUTED_EPS":0.0021,"OPERATE_INCOME":182070000,"OPERATE_INCOME_YOY":-17.9140141747,"GROSS_PROFIT":9252000,"GROSS_PROFIT_YOY":124.236548715463,"HOLDER_PROFIT":543000,"HOLDER_PROFIT_YOY":-76.8739352641,"GROSS_PROFIT_RATIO":5.081562036579,"EPS_TTM":-0.157586934353,"OPERATE_INCOME_QOQ":-7.098361270752,"NET_PROFIT_RATIO":0.3114186851,"ROE_AVG":0.05984081022,"GROSS_PROFIT_QOQ":16.906890068934,"ROA":0.041114622722,"HOLDER_PROFIT_QOQ":-4.539624254923,"ROE_YEARLY":0.119681620441,"ROIC_YEARLY":0.082534210658,"TOTAL_ASSETS":1282555000,"TOTAL_LIABILITIES":371362000,"TAX_EBT":-316.911764705882,"OCF_SALES":37.699236557368,"TOTAL_PARENT_EQUITY":910434000,"DEBT_ASSET_RATIO":28.9548596356,"OPERATE_PROFIT":3338000,"PRETAX_PROFIT":136000,"NETCASH_OPERATE":68639000,"NETCASH_INVEST":null,"NETCASH_FINANCE":-74425000,"END_CASH":1261000,"DIVI_RATIO":null,"DIVIDEND_RATE":null,"CURRENT_RATIO":3.137845687225,"COMMON_ACS":50000000000,"CURRENTDEBT_DEBT":94.10898260996,"ISSUED_COMMON_SHARES":263765522,"HK_COMMON_SHARES":263765522,"PER_SHARES":20000,"TOTAL_MARKET_CAP":25849021.156,"HKSK_MARKET_CAP":25849021.156,"PE_TTM":-0.039655777194,"PB_TTM":0.080499145694,"REPORT_DATE_SQ":"2022-06-30 00:00:00","REPORT_TYPE_SQ":"2022年中报","OPERATE_INCOME_SQ":221804000,"DPS_HKD":null,"OPERATE_INCOME_QOQ_SQ":-10.275018765165,"NET_PROFIT_RATIO_SQ":1.0175650574,"HOLDER_PROFIT_SQ":2348000,"HOLDER_PROFIT_QOQ_SQ":49.199629580632,"ROE_AVG_SQ":0.308372011169,"PE_TTM_SQ":-0.79126757277,"PB_TTM_SQ":0.03739547846,"ROA_SQ":0.179618776741,"START_DATE":"2023-01-01 00:00:00","FISCAL_YEAR":"12-31","CURRENCY":"HKD","IS_CNY_CODE":0,"DPS_HKD_LY":null,"ORG_TYPE":"一般企业","PREMIUM_INCOME":null,"PREMIUM_INCOME_YOY":null,"NET_INTEREST_INCOME":null,"NET_INTEREST_INCOME_YOY":null,"FEE_COMMISSION_INCOME":null,"FEE_COMMISSION_INCOME_YOY":null,"ACCOUNTS_RECE_TDAYS":null,"INVENTORY_TDAYS":142.88383629599,"CURRENT_ASSETS_TDAYS":0.160459477967,"TOTAL_ASSETS_TDAYS":0.137858920056,"PREMIUM_EXPENSE":null,"LOAN_DEPOSIT":null,"LOAN_EQUITY":null,"LOAN_ASSETS":null,"DEPOSIT_EQUITY":null,"DEPOSIT_ASSETS":null,"EQUITY_MULTIPLIER":1.407555808703,"EQUITY_RATIO":0.407895575077},{"SECUCODE":"01495.HK","SECURITY_CODE":"01495","SECURITY_NAME_ABBR":"集一控股","ORG_CODE":"10472787","STD_REPORT_DATE":"2022-12-31 00:00:00","REPORT_DATE":"2022-12-31 00:00:00","DATE_TYPE_CODE":"001","REPORT_TYPE":"2022年年报","PER_NETCASH_OPERATE":-0.303155618648,"PER_OI":2.122199276674,"BPS":3.428730916545,"BASIC_EPS":-0.1788,"DILUTED_EPS":-0.1788,"OPERATE_INCOME":559763000,"OPERATE_INCOME_YOY":22.1400579538,"GROSS_PROFIT":30319000,"GROSS_PROFIT_YOY":9.931109499637,"HOLDER_PROFIT":-39761000,"HOLDER_PROFIT_YOY":-626.0087313137,"GROSS_PROFIT_RATIO":5.416399440477,"EPS_TTM":-0.150743735188,"OPERATE_INCOME_QOQ":36.127147950176,"NET_PROFIT_RATIO":-7.130875031,"ROE_AVG":-4.965838860334,"GROSS_PROFIT_QOQ":45.317292944785,"ROA":-3.103663339055,"HOLDER_PROFIT_QOQ":-452.553644263167,"ROE_YEARLY":-4.965838860334,"ROIC_YEARLY":-3.153605100209,"TOTAL_ASSETS":1358841000,"TOTAL_LIABILITIES":453737000,"TAX_EBT":-0.293977235609,"OCF_SALES":-14.284974176571,"TOTAL_PARENT_EQUITY":904381000,"DEBT_ASSET_RATIO":33.391471114,"OPERATE_PROFIT":-26360000,"PRETAX_PROFIT":-39799000,"NETCASH_OPERATE":-79962000,"NETCASH_INVEST":260000,"NETCASH_FINANCE":54449000,"END_CASH":7017000,"DIVI_RATIO":null,"DIVIDEND_RATE":null,"CURRENT_RATIO":2.715528180429,"COMMON_ACS":50000000000,"CURRENTDEBT_DEBT":95.178484452447,"ISSUED_COMMON_SHARES":263765522,"HK_COMMON_SHARES":263765522,"PER_SHARES":20000,"TOTAL_MARKET_CAP":25849021.156,"HKSK_MARKET_CAP":25849021.156,"PE_TTM":-0.039655777194,"PB_TTM":0.080499145694,"REPORT_DATE_SQ":"2021-12-31 00:00:00","REPORT_TYPE_SQ":"2021年年报","OPERATE_INCOME_SQ":458296000,"DPS_HKD":null,"OPERATE_INCOME_QOQ_SQ":-22.022830172307,"NET_PROFIT_RATIO_SQ":1.7159215878,"HOLDER_PROFIT_SQ":7559000,"HOLDER_PROFIT_QOQ_SQ":-72.200360413372,"ROE_AVG_SQ":1.102804938185,"PE_TTM_SQ":-0.621710235748,"PB_TTM_SQ":0.029382161647,"ROA_SQ":0.662057053921,"START_DATE":"2022-01-01 00:00:00","FISCAL_YEAR":"12-31","CURRENCY":"HKD","IS_CNY_CODE":0,"DPS_HKD_LY":null,"ORG_TYPE":"一般企业","PREMIUM_INCOME":null,"PREMIUM_INCOME_YOY":null,"NET_INTEREST_INCOME":null,"NET_INTEREST_INCOME_YOY":null,"FEE_COMMISSION_INCOME":null,"FEE_COMMISSION_INCOME_YOY":null,"ACCOUNTS_RECE_TDAYS":0.703717579142,"INVENTORY_TDAYS":192.595125500182,"CURRENT_ASSETS_TDAYS":0.522382850376,"TOTAL_ASSETS_TDAYS":0.436939690063,"PREMIUM_EXPENSE":null,"LOAN_DEPOSIT":null,"LOAN_EQUITY":null,"LOAN_ASSETS":null,"DEPOSIT_EQUITY":null,"DEPOSIT_ASSETS":null,"EQUITY_MULTIPLIER":1.501309241811,"EQUITY_RATIO":0.501710009388},{"SECUCODE":"01495.HK","SECURITY_CODE":"01495","SECURITY_NAME_ABBR":"集一控股","ORG_CODE":"10472787","STD_REPORT_DATE":"2022-06-30 00:00:00","REPORT_DATE":"2022-06-30 00:00:00","DATE_TYPE_CODE":"002","REPORT_TYPE":"2022年中报","PER_NETCASH_OPERATE":-0.094293805308,"PER_OI":0.206835016442,"BPS":3.130947493585,"BASIC_EPS":0.0115,"DILUTED_EPS":0.0115,"OPERATE_INCOME":221804000,"OPERATE_INCOME_YOY":-17.5124770356,"GROSS_PROFIT":4126000,"GROSS_PROFIT_YOY":-61.944290721269,"HOLDER_PROFIT":2348000,"HOLDER_PROFIT_YOY":271.2618526623,"GROSS_PROFIT_RATIO":1.86020089809,"EPS_TTM":0.010516876681,"OPERATE_INCOME_QOQ":-10.275018765165,"NET_PROFIT_RATIO":1.0175650574,"ROE_AVG":0.308372011169,"GROSS_PROFIT_QOQ":-24.350978970268,"ROA":0.179618776741,"HOLDER_PROFIT_QOQ":49.199629580632,"ROE_YEARLY":0.616744022337,"ROIC_YEARLY":0.367440657669,"TOTAL_ASSETS":1411069000,"TOTAL_LIABILITIES":584446000,"TAX_EBT":42.246673490276,"OCF_SALES":-45.588898306613,"TOTAL_PARENT_EQUITY":825836000,"DEBT_ASSET_RATIO":41.4186691083,"OPERATE_PROFIT":10727000,"PRETAX_PROFIT":3908000,"NETCASH_OPERATE":-101118000,"NETCASH_INVEST":3484000,"NETCASH_FINANCE":90397000,"END_CASH":24744000,"DIVI_RATIO":null,"DIVIDEND_RATE":null,"CURRENT_RATIO":2.651857450303,"COMMON_ACS":50000000000,"CURRENTDEBT_DEBT":77.198406696256,"ISSUED_COMMON_SHARES":263765522,"HK_COMMON_SHARES":263765522,"PER_SHARES":20000,"TOTAL_MARKET_CAP":25849021.156,"HKSK_MARKET_CAP":25849021.156,"PE_TTM":-0.039655777194,"PB_TTM":0.080499145694,"REPORT_DATE_SQ":"2021-06-30 00:00:00","REPORT_TYPE_SQ":"2021年中报","OPERATE_INCOME_SQ":268894000,"DPS_HKD":null,"OPERATE_INCOME_QOQ_SQ":31.508452390276,"NET_PROFIT_RATIO_SQ":-0.5199074728,"HOLDER_PROFIT_SQ":-1371000,"HOLDER_PROFIT_QOQ_SQ":174.351730400565,"ROE_AVG_SQ":-0.20490624157,"PE_TTM_SQ":-0.79126757277,"PB_TTM_SQ":0.03739547846,"ROA_SQ":-0.125953262245,"START_DATE":"2022-01-01 00:00:00","FISCAL_YEAR":"12-31","CURRENCY":"HKD","IS_CNY_CODE":0,"DPS_HKD_LY":null,"ORG_TYPE":"一般企业","PREMIUM_INCOME":null,"PREMIUM_INCOME_YOY":null,"NET_INTEREST_INCOME":null,"NET_INTEREST_INCOME_YOY":null,"FEE_COMMISSION_INCOME":null,"FEE_COMMISSION_INCOME_YOY":null,"ACCOUNTS_RECE_TDAYS":null,"INVENTORY_TDAYS":63.602045288532,"CURRENT_ASSETS_TDAYS":0.204723980656,"TOTAL_ASSETS_TDAYS":0.169677015146,"PREMIUM_EXPENSE":null,"LOAN_DEPOSIT":null,"LOAN_EQUITY":null,"LOAN_ASSETS":null,"DEPOSIT_EQUITY":null,"DEPOSIT_ASSETS":null,"EQUITY_MULTIPLIER":1.707028476101,"EQUITY_RATIO":0.707702255654},{"SECUCODE":"01495.HK","SECURITY_CODE":"01495","SECURITY_NAME_ABBR":"集一控股","ORG_CODE":"10472787","STD_REPORT_DATE":"2021-12-31 00:00:00","REPORT_DATE":"2021-12-31 00:00:00","DATE_TYPE_CODE":"001","REPORT_TYPE":"2021年年报","PER_NETCASH_OPERATE":0.010752658645,"PER_OI":0.514716988345,"BPS":2.642498514268,"BASIC_EPS":0.0444,"DILUTED_EPS":0.0442,"OPERATE_INCOME":458296000,"OPERATE_INCOME_YOY":2.5465692581,"GROSS_PROFIT":27580000,"GROSS_PROFIT_YOY":-50.812362897041,"HOLDER_PROFIT":7559000,"HOLDER_PROFIT_YOY":-23.731207749,"GROSS_PROFIT_RATIO":6.017944734407,"EPS_TTM":0.008489591257,"OPERATE_INCOME_QOQ":-22.022830172307,"NET_PROFIT_RATIO":1.7159215878,"ROE_AVG":1.102804938185,"GROSS_PROFIT_QOQ":-52.196897478118,"ROA":0.662057053921,"HOLDER_PROFIT_QOQ":-72.200360413372,"ROE_YEARLY":1.102804938185,"ROIC_YEARLY":0.673297505486,"TOTAL_ASSETS":1203357000,"TOTAL_LIABILITIES":505479000,"TAX_EBT":33.293748409534,"OCF_SALES":2.089042889312,"TOTAL_PARENT_EQUITY":697000000,"DEBT_ASSET_RATIO":42.0057389453,"OPERATE_PROFIT":29635000,"PRETAX_PROFIT":11789000,"NETCASH_OPERATE":9574000,"NETCASH_INVEST":-295000,"NETCASH_FINANCE":17990000,"END_CASH":31958000,"DIVI_RATIO":null,"DIVIDEND_RATE":null,"CURRENT_RATIO":2.022551861988,"COMMON_ACS":50000000000,"CURRENTDEBT_DEBT":94.91650493888,"ISSUED_COMMON_SHARES":263765522,"HK_COMMON_SHARES":263765522,"PER_SHARES":20000,"TOTAL_MARKET_CAP":25849021.156,"HKSK_MARKET_CAP":25849021.156,"PE_TTM":-0.039655777194,"PB_TTM":0.080499145694,"REPORT_DATE_SQ":"2020-12-31 00:00:00","REPORT_TYPE_SQ":"2020年年报","OPERATE_INCOME_SQ":446915000,"DPS_HKD":null,"OPERATE_INCOME_QOQ_SQ":-1.292715032865,"NET_PROFIT_RATIO_SQ":2.3404898023,"HOLDER_PROFIT_SQ":9911000,"HOLDER_PROFIT_QOQ_SQ":169.8252782866,"ROE_AVG_SQ":1.638953887368,"PE_TTM_SQ":-0.621710235748,"PB_TTM_SQ":0.029382161647,"ROA_SQ":0.986138736019,"START_DATE":"2021-01-01 00:00:00","FISCAL_YEAR":"12-31","CURRENCY":"HKD","IS_CNY_CODE":0,"DPS_HKD_LY":null,"ORG_TYPE":"一般企业","PREMIUM_INCOME":null,"PREMIUM_INCOME_YOY":null,"NET_INTEREST_INCOME":null,"NET_INTEREST_INCOME_YOY":null,"FEE_COMMISSION_INCOME":null,"FEE_COMMISSION_INCOME_YOY":null,"ACCOUNTS_RECE_TDAYS":null,"INVENTORY_TDAYS":42.645148514851,"CURRENT_ASSETS_TDAYS":0.495426212956,"TOTAL_ASSETS_TDAYS":0.401399787781,"PREMIUM_EXPENSE":null,"LOAN_DEPOSIT":null,"LOAN_EQUITY":null,"LOAN_ASSETS":null,"DEPOSIT_EQUITY":null,"DEPOSIT_ASSETS":null,"EQUITY_MULTIPLIER":1.724308546766,"EQUITY_RATIO":0.725220946915},{"SECUCODE":"01495.HK","SECURITY_CODE":"01495","SECURITY_NAME_ABBR":"集一控股","ORG_CODE":"10472787","STD_REPORT_DATE":"2021-06-30 00:00:00","REPORT_DATE":"2021-06-30 00:00:00","DATE_TYPE_CODE":"002","REPORT_TYPE":"2021年中报","PER_NETCASH_OPERATE":0.061282012577,"PER_OI":0.310046765447,"BPS":2.518543723846,"BASIC_EPS":-0.0017,"DILUTED_EPS":-0.0016,"OPERATE_INCOME":268894000,"OPERATE_INCOME_YOY":109.9455019597,"GROSS_PROFIT":10842000,"GROSS_PROFIT_YOY":17.617704491213,"HOLDER_PROFIT":-1371000,"HOLDER_PROFIT_YOY":92.6491877111,"GROSS_PROFIT_RATIO":4.032072117637,"EPS_TTM":0.031352434786,"OPERATE_INCOME_QOQ":31.508452390276,"NET_PROFIT_RATIO":-0.5199074728,"ROE_AVG":-0.20490624157,"GROSS_PROFIT_QOQ":2.896327870022,"ROA":-0.125953262245,"HOLDER_PROFIT_QOQ":174.351730400565,"ROE_YEARLY":-0.409812483139,"ROIC_YEARLY":-0.257630857825,"TOTAL_ASSETS":1096866000,"TOTAL_LIABILITIES":432015000,"TAX_EBT":58.930669800235,"OCF_SALES":19.765409417838,"TOTAL_PARENT_EQUITY":664305000,"DEBT_ASSET_RATIO":39.3863060757,"OPERATE_PROFIT":7421000,"PRETAX_PROFIT":-3404000,"NETCASH_OPERATE":53148000,"NETCASH_INVEST":28000,"NETCASH_FINANCE":-15241000,"END_CASH":42539000,"DIVI_RATIO":null,"DIVIDEND_RATE":null,"CURRENT_RATIO":3.047027458986,"COMMON_ACS":50000000000,"CURRENTDEBT_DEBT":68.938809995023,"ISSUED_COMMON_SHARES":263765522,"HK_COMMON_SHARES":263765522,"PER_SHARES":20000,"TOTAL_MARKET_CAP":25849021.156,"HKSK_MARKET_CAP":25849021.156,"PE_TTM":-0.039655777194,"PB_TTM":0.080499145694,"REPORT_DATE_SQ":"2020-06-30 00:00:00","REPORT_TYPE_SQ":"2020年中报","OPERATE_INCOME_SQ":128078000,"DPS_HKD":null,"OPERATE_INCOME_QOQ_SQ":-21.075870484159,"NET_PROFIT_RATIO_SQ":-14.5622198973,"HOLDER_PROFIT_SQ":-18651000,"HOLDER_PROFIT_QOQ_SQ":-208.599846977812,"ROE_AVG_SQ":-3.54214739481,"PE_TTM_SQ":-0.79126757277,"PB_TTM_SQ":0.03739547846,"ROA_SQ":-2.002303867943,"START_DATE":"2021-01-01 00:00:00","FISCAL_YEAR":"12-31","CURRENCY":"HKD","IS_CNY_CODE":0,"DPS_HKD_LY":null,"ORG_TYPE":"一般企业","PREMIUM_INCOME":null,"PREMIUM_INCOME_YOY":null,"NET_INTEREST_INCOME":null,"NET_INTEREST_INCOME_YOY":null,"FEE_COMMISSION_INCOME":null,"FEE_COMMISSION_INCOME_YOY":null,"ACCOUNTS_RECE_TDAYS":0.572116110885,"INVENTORY_TDAYS":10.529941036052,"CURRENT_ASSETS_TDAYS":0.300909911896,"TOTAL_ASSETS_TDAYS":0.24703192194,"PREMIUM_EXPENSE":null,"LOAN_DEPOSIT":null,"LOAN_EQUITY":null,"LOAN_ASSETS":null,"DEPOSIT_EQUITY":null,"DEPOSIT_ASSETS":null,"EQUITY_MULTIPLIER":1.649792209082,"EQUITY_RATIO":0.65032628085},{"SECUCODE":"01495.HK","SECURITY_CODE":"01495","SECURITY_NAME_ABBR":"集一控股","ORG_CODE":"10472787","STD_REPORT_DATE":"2020-12-31 00:00:00","REPORT_DATE":"2020-12-31 00:00:00","DATE_TYPE_CODE":"001","REPORT_TYPE":"2020年年报","PER_NETCASH_OPERATE":-0.069036800882,"PER_OI":0.548176779657,"BPS":2.554799410061,"BASIC_EPS":0.0137,"DILUTED_EPS":0.0133,"OPERATE_INCOME":446915000,"OPERATE_INCOME_YOY":-22.096134571,"GROSS_PROFIT":56071000,"GROSS_PROFIT_YOY":-27.074445947352,"HOLDER_PROFIT":9911000,"HOLDER_PROFIT_YOY":-24.1698546289,"GROSS_PROFIT_RATIO":12.546233623844,"EPS_TTM":0.012156629478,"OPERATE_INCOME_QOQ":-1.292715032865,"NET_PROFIT_RATIO":2.3404898023,"ROE_AVG":1.638953887368,"GROSS_PROFIT_QOQ":8.856704653556,"ROA":0.986138736019,"HOLDER_PROFIT_QOQ":169.8252782866,"ROE_YEARLY":1.638953887368,"ROIC_YEARLY":1.000824511365,"TOTAL_ASSETS":1080132000,"TOTAL_LIABILITIES":405691000,"TAX_EBT":20.871472879946,"OCF_SALES":-12.593893693432,"TOTAL_PARENT_EQUITY":673868000,"DEBT_ASSET_RATIO":37.5593908893,"OPERATE_PROFIT":39413000,"PRETAX_PROFIT":13219000,"NETCASH_OPERATE":-56284000,"NETCASH_INVEST":111000,"NETCASH_FINANCE":38409000,"END_CASH":4713000,"DIVI_RATIO":null,"DIVIDEND_RATE":null,"CURRENT_RATIO":3.348286125342,"COMMON_ACS":50000000000,"CURRENTDEBT_DEBT":64.763083233298,"ISSUED_COMMON_SHARES":263765522,"HK_COMMON_SHARES":263765522,"PER_SHARES":20000,"TOTAL_MARKET_CAP":25849021.156,"HKSK_MARKET_CAP":25849021.156,"PE_TTM":-0.039655777194,"PB_TTM":0.080499145694,"REPORT_DATE_SQ":"2019-12-31 00:00:00","REPORT_TYPE_SQ":"2019年年报","OPERATE_INCOME_SQ":573675000,"DPS_HKD":null,"OPERATE_INCOME_QOQ_SQ":-2.018135206177,"NET_PROFIT_RATIO_SQ":2.2782934588,"HOLDER_PROFIT_SQ":13070000,"HOLDER_PROFIT_QOQ_SQ":-4.403159742539,"ROE_AVG_SQ":2.539629490014,"PE_TTM_SQ":-0.621710235748,"PB_TTM_SQ":0.029382161647,"ROA_SQ":1.56920092015,"START_DATE":"2020-01-01 00:00:00","FISCAL_YEAR":"12-31","CURRENCY":"HKD","IS_CNY_CODE":0,"DPS_HKD_LY":null,"ORG_TYPE":"一般企业","PREMIUM_INCOME":null,"PREMIUM_INCOME_YOY":null,"NET_INTEREST_INCOME":null,"NET_INTEREST_INCOME_YOY":null,"FEE_COMMISSION_INCOME":null,"FEE_COMMISSION_INCOME_YOY":null,"ACCOUNTS_RECE_TDAYS":null,"INVENTORY_TDAYS":27.929398313563,"CURRENT_ASSETS_TDAYS":0.537246239613,"TOTAL_ASSETS_TDAYS":0.444677825858,"PREMIUM_EXPENSE":null,"LOAN_DEPOSIT":null,"LOAN_EQUITY":null,"LOAN_ASSETS":null,"DEPOSIT_EQUITY":null,"DEPOSIT_ASSETS":null,"EQUITY_MULTIPLIER":1.601521852913,"EQUITY_RATIO":0.602033335906},{"SECUCODE":"01495.HK","SECURITY_CODE":"01495","SECURITY_NAME_ABBR":"集一控股","ORG_CODE":"10472787","STD_REPORT_DATE":"2020-06-30 00:00:00","REPORT_DATE":"2020-06-30 00:00:00","DATE_TYPE_CODE":"002","REPORT_TYPE":"2020年中报","PER_NETCASH_OPERATE":-0.072796414112,"PER_OI":0.18519086177,"BPS":1.962075998697,"BASIC_EPS":-0.027,"DILUTED_EPS":-0.0265,"OPERATE_INCOME":128078000,"OPERATE_INCOME_YOY":-48.5599534108,"GROSS_PROFIT":9218000,"GROSS_PROFIT_YOY":-73.356071335665,"HOLDER_PROFIT":-18651000,"HOLDER_PROFIT_YOY":-316.5447579241,"GROSS_PROFIT_RATIO":7.197176720436,"EPS_TTM":-0.020523423944,"OPERATE_INCOME_QOQ":-21.075870484159,"NET_PROFIT_RATIO":-14.5622198973,"ROE_AVG":-3.54214739481,"GROSS_PROFIT_QOQ":-33.0077515347,"ROA":-2.002303867943,"HOLDER_PROFIT_QOQ":-208.599846977812,"ROE_YEARLY":-7.084294789619,"ROIC_YEARLY":-4.091751230476,"TOTAL_ASSETS":933024000,"TOTAL_LIABILITIES":415496000,"TAX_EBT":3.751677159666,"OCF_SALES":-39.308858664252,"TOTAL_PARENT_EQUITY":517528000,"DEBT_ASSET_RATIO":44.5321878108,"OPERATE_PROFIT":-5302000,"PRETAX_PROFIT":-19378000,"NETCASH_OPERATE":-42896000,"NETCASH_INVEST":10945000,"NETCASH_FINANCE":22574000,"END_CASH":15467000,"DIVI_RATIO":null,"DIVIDEND_RATE":null,"CURRENT_RATIO":2.053875243634,"COMMON_ACS":50000000000,"CURRENTDEBT_DEBT":92.982122571577,"ISSUED_COMMON_SHARES":263765522,"HK_COMMON_SHARES":263765522,"PER_SHARES":20000,"TOTAL_MARKET_CAP":25849021.156,"HKSK_MARKET_CAP":25849021.156,"PE_TTM":-0.039655777194,"PB_TTM":0.080499145694,"REPORT_DATE_SQ":"2019-06-30 00:00:00","REPORT_TYPE_SQ":"2019年中报","OPERATE_INCOME_SQ":248985000,"DPS_HKD":null,"OPERATE_INCOME_QOQ_SQ":-2.333196547663,"NET_PROFIT_RATIO_SQ":3.4592445328,"HOLDER_PROFIT_SQ":8613000,"HOLDER_PROFIT_QOQ_SQ":13.244429719208,"ROE_AVG_SQ":1.717695977983,"PE_TTM_SQ":-0.79126757277,"PB_TTM_SQ":0.03739547846,"ROA_SQ":1.070118678435,"START_DATE":"2020-01-01 00:00:00","FISCAL_YEAR":"12-31","CURRENCY":"HKD","IS_CNY_CODE":0,"DPS_HKD_LY":null,"ORG_TYPE":"一般企业","PREMIUM_INCOME":null,"PREMIUM_INCOME_YOY":null,"NET_INTEREST_INCOME":null,"NET_INTEREST_INCOME_YOY":null,"FEE_COMMISSION_INCOME":null,"FEE_COMMISSION_INCOME_YOY":null,"ACCOUNTS_RECE_TDAYS":0.368827698218,"INVENTORY_TDAYS":14.060448335009,"CURRENT_ASSETS_TDAYS":0.162381908993,"TOTAL_ASSETS_TDAYS":0.137499906063,"PREMIUM_EXPENSE":null,"LOAN_DEPOSIT":null,"LOAN_EQUITY":null,"LOAN_ASSETS":null,"DEPOSIT_EQUITY":null,"DEPOSIT_ASSETS":null,"EQUITY_MULTIPLIER":1.80284738217,"EQUITY_RATIO":0.802847382171}],"count":22},"success":true,"message":"ok","code":0}