{"version":"b242bcad25ea1c14aefb5fcb33efc452","result":{"pages":3,"data":[{"SECUCODE":"01499.HK","SECURITY_CODE":"01499","SECURITY_NAME_ABBR":"欧科云链","ORG_CODE":"10472812","STD_REPORT_DATE":"2024-06-30 00:00:00","REPORT_DATE":"2024-09-30 00:00:00","DATE_TYPE_CODE":"002","REPORT_TYPE":"2024年中报","PER_NETCASH_OPERATE":0.015530640273,"PER_OI":0.032865528847,"BPS":0.027237852547,"BASIC_EPS":-0.000541074,"DILUTED_EPS":-0.000541074,"OPERATE_INCOME":176504651.33,"OPERATE_INCOME_YOY":58.424392534,"GROSS_PROFIT":38036600.41,"GROSS_PROFIT_YOY":21.660391635884,"HOLDER_PROFIT":-3062478.84,"HOLDER_PROFIT_YOY":63.0387461907,"GROSS_PROFIT_RATIO":21.549913910702,"EPS_TTM":-0.006803205776,"OPERATE_INCOME_QOQ":0,"NET_PROFIT_RATIO":-1.8173271955,"ROE_AVG":-2.071382171841,"GROSS_PROFIT_QOQ":0,"ROA":-0.33650049395,"HOLDER_PROFIT_QOQ":0,"ROE_YEARLY":-4.142764343681,"ROIC_YEARLY":-0.761736854235,"TOTAL_ASSETS":617841579.12,"TOTAL_LIABILITIES":469975974.61,"TAX_EBT":-19.522849462366,"OCF_SALES":47.255105325275,"TOTAL_PARENT_EQUITY":146281159.48,"DEBT_ASSET_RATIO":76.0673917866,"OPERATE_PROFIT":-1862196.35,"PRETAX_PROFIT":-2683727.04,"NETCASH_OPERATE":83407458.89,"NETCASH_INVEST":-853093.34,"NETCASH_FINANCE":-10036020.91,"END_CASH":128105582.03,"DIVI_RATIO":null,"DIVIDEND_RATE":null,"CURRENT_RATIO":1.294714517883,"COMMON_ACS":20000000000,"CURRENTDEBT_DEBT":99.884680107223,"ISSUED_COMMON_SHARES":5370510000,"HK_COMMON_SHARES":5370510000,"PER_SHARES":10000,"TOTAL_MARKET_CAP":843170070,"HKSK_MARKET_CAP":843170070,"PE_TTM":-24.431922285648,"PB_TTM":5.197951261312,"REPORT_DATE_SQ":"2023-06-30 00:00:00","REPORT_TYPE_SQ":"2023年中报","OPERATE_INCOME_SQ":113369515.98,"DPS_HKD":null,"OPERATE_INCOME_QOQ_SQ":0,"NET_PROFIT_RATIO_SQ":-7.6816071689,"HOLDER_PROFIT_SQ":-8431184.44,"HOLDER_PROFIT_QOQ_SQ":0,"ROE_AVG_SQ":-4.572065515688,"PE_TTM_SQ":-1806.22533632287,"PB_TTM_SQ":8.204888854939,"ROA_SQ":-0.84283448503,"START_DATE":"2024-04-01 00:00:00","FISCAL_YEAR":"3-31","CURRENCY":"HKD","IS_CNY_CODE":0,"DPS_HKD_LY":null,"ORG_TYPE":"一般企业","PREMIUM_INCOME":null,"PREMIUM_INCOME_YOY":null,"NET_INTEREST_INCOME":null,"NET_INTEREST_INCOME_YOY":null,"FEE_COMMISSION_INCOME":null,"FEE_COMMISSION_INCOME_YOY":null,"ACCOUNTS_RECE_TDAYS":4.209771258348,"INVENTORY_TDAYS":null,"CURRENT_ASSETS_TDAYS":0.195659693066,"TOTAL_ASSETS_TDAYS":0.193940613014,"PREMIUM_EXPENSE":null,"LOAN_DEPOSIT":null,"LOAN_EQUITY":null,"LOAN_ASSETS":null,"DEPOSIT_EQUITY":null,"DEPOSIT_ASSETS":null,"EQUITY_MULTIPLIER":4.178399575522,"EQUITY_RATIO":3.212826424679},{"SECUCODE":"01499.HK","SECURITY_CODE":"01499","SECURITY_NAME_ABBR":"欧科云链","ORG_CODE":"10472812","STD_REPORT_DATE":"2023-12-31 00:00:00","REPORT_DATE":"2024-03-31 00:00:00","DATE_TYPE_CODE":"001","REPORT_TYPE":"2023年年报","PER_NETCASH_OPERATE":0.000241048504,"PER_OI":0.056942138568,"BPS":0.027967872092,"BASIC_EPS":-0.006799125,"DILUTED_EPS":-0.006799125,"OPERATE_INCOME":305808324.6,"OPERATE_INCOME_YOY":-2.2070185102,"GROSS_PROFIT":60019049.3,"GROSS_PROFIT_YOY":-55.472883150703,"HOLDER_PROFIT":-36536684.65,"HOLDER_PROFIT_YOY":-192.6697477639,"GROSS_PROFIT_RATIO":19.626362159534,"EPS_TTM":-0.000407874472,"OPERATE_INCOME_QOQ":0,"NET_PROFIT_RATIO":-12.1242574081,"ROE_AVG":-21.712697211231,"GROSS_PROFIT_QOQ":0,"ROA":-3.305572961606,"HOLDER_PROFIT_QOQ":0,"ROE_YEARLY":-21.712697211231,"ROIC_YEARLY":-3.970271480353,"TOTAL_ASSETS":1208697675.7,"TOTAL_LIABILITIES":1056774400.5,"TAX_EBT":null,"OCF_SALES":0.423321831312,"TOTAL_PARENT_EQUITY":150201736.75,"DEBT_ASSET_RATIO":87.4308292095,"OPERATE_PROFIT":-38590926.95,"PRETAX_PROFIT":-40857301.95,"NETCASH_OPERATE":1294553.4,"NETCASH_INVEST":-10690037.6,"NETCASH_FINANCE":-16500116.55,"END_CASH":54780096.85,"DIVI_RATIO":null,"DIVIDEND_RATE":null,"CURRENT_RATIO":1.138222137574,"COMMON_ACS":20000000000,"CURRENTDEBT_DEBT":99.990735260056,"ISSUED_COMMON_SHARES":5370510000,"HK_COMMON_SHARES":5370510000,"PER_SHARES":10000,"TOTAL_MARKET_CAP":1063360980,"HKSK_MARKET_CAP":1063360980,"PE_TTM":-30.812233201008,"PB_TTM":6.555378023821,"REPORT_DATE_SQ":"2022-12-31 00:00:00","REPORT_TYPE_SQ":"2022年年报","OPERATE_INCOME_SQ":301968302.45,"DPS_HKD":null,"OPERATE_INCOME_QOQ_SQ":0,"NET_PROFIT_RATIO_SQ":11.8732657934,"HOLDER_PROFIT_SQ":38072456.31,"HOLDER_PROFIT_QOQ_SQ":0,"ROE_AVG_SQ":23.660716714451,"PE_TTM_SQ":38.89794785128,"PB_TTM_SQ":8.615133297685,"ROA_SQ":4.137019816145,"START_DATE":"2023-04-01 00:00:00","FISCAL_YEAR":"3-31","CURRENCY":"HKD","IS_CNY_CODE":0,"DPS_HKD_LY":null,"ORG_TYPE":"一般企业","PREMIUM_INCOME":null,"PREMIUM_INCOME_YOY":null,"NET_INTEREST_INCOME":null,"NET_INTEREST_INCOME_YOY":null,"FEE_COMMISSION_INCOME":null,"FEE_COMMISSION_INCOME_YOY":null,"ACCOUNTS_RECE_TDAYS":6.339992858083,"INVENTORY_TDAYS":null,"CURRENT_ASSETS_TDAYS":0.279747397054,"TOTAL_ASSETS_TDAYS":0.276673085945,"PREMIUM_EXPENSE":null,"LOAN_DEPOSIT":null,"LOAN_EQUITY":null,"LOAN_ASSETS":null,"DEPOSIT_EQUITY":null,"DEPOSIT_ASSETS":null,"EQUITY_MULTIPLIER":7.955974317382,"EQUITY_RATIO":7.035700274617},{"SECUCODE":"01499.HK","SECURITY_CODE":"01499","SECURITY_NAME_ABBR":"欧科云链","ORG_CODE":"10472812","STD_REPORT_DATE":"2023-06-30 00:00:00","REPORT_DATE":"2023-09-30 00:00:00","DATE_TYPE_CODE":"002","REPORT_TYPE":"2023年中报","PER_NETCASH_OPERATE":0.001710696295,"PER_OI":0.021109636884,"BPS":0.033551825609,"BASIC_EPS":-0.001559971,"DILUTED_EPS":-0.001559971,"OPERATE_INCOME":113369515.98,"OPERATE_INCOME_YOY":-32.1275264308,"GROSS_PROFIT":31264571.73,"GROSS_PROFIT_YOY":-60.120122095402,"HOLDER_PROFIT":-8431184.44,"HOLDER_PROFIT_YOY":-126.1059809632,"GROSS_PROFIT_RATIO":27.626449703185,"EPS_TTM":0.007089169615,"OPERATE_INCOME_QOQ":0,"NET_PROFIT_RATIO":-7.6816071689,"ROE_AVG":-4.572065515688,"GROSS_PROFIT_QOQ":0,"ROA":-0.84283448503,"HOLDER_PROFIT_QOQ":0,"ROE_YEARLY":-9.144131031377,"ROIC_YEARLY":-2.111521327216,"TOTAL_ASSETS":986514648.84,"TOTAL_LIABILITIES":803977853.98,"TAX_EBT":-165.353159851301,"OCF_SALES":8.097310062598,"TOTAL_PARENT_EQUITY":180190414.95,"DEBT_ASSET_RATIO":81.4967983421,"OPERATE_PROFIT":-3670.52,"PRETAX_PROFIT":-1234212.35,"NETCASH_OPERATE":9187311.56,"NETCASH_INVEST":-8921198.86,"NETCASH_FINANCE":-6206849.32,"END_CASH":76581729.28,"DIVI_RATIO":null,"DIVIDEND_RATE":null,"CURRENT_RATIO":1.210547822931,"COMMON_ACS":20000000000,"CURRENTDEBT_DEBT":99.993151826294,"ISSUED_COMMON_SHARES":5370510000,"HK_COMMON_SHARES":5370510000,"PER_SHARES":10000,"TOTAL_MARKET_CAP":1063360980,"HKSK_MARKET_CAP":1063360980,"PE_TTM":-30.812233201008,"PB_TTM":6.555378023821,"REPORT_DATE_SQ":"2022-06-30 00:00:00","REPORT_TYPE_SQ":"2022年中报","OPERATE_INCOME_SQ":164765452.56,"DPS_HKD":null,"OPERATE_INCOME_QOQ_SQ":0,"NET_PROFIT_RATIO_SQ":19.1234753587,"HOLDER_PROFIT_SQ":31831765.8,"HOLDER_PROFIT_QOQ_SQ":0,"ROE_AVG_SQ":19.59599783968,"PE_TTM_SQ":38.89794785128,"PB_TTM_SQ":8.615133297685,"ROA_SQ":2.804717695342,"START_DATE":"2023-04-01 00:00:00","FISCAL_YEAR":"3-31","CURRENCY":"HKD","IS_CNY_CODE":0,"DPS_HKD_LY":null,"ORG_TYPE":"一般企业","PREMIUM_INCOME":null,"PREMIUM_INCOME_YOY":null,"NET_INTEREST_INCOME":null,"NET_INTEREST_INCOME_YOY":null,"FEE_COMMISSION_INCOME":null,"FEE_COMMISSION_INCOME_YOY":null,"ACCOUNTS_RECE_TDAYS":1.984929790174,"INVENTORY_TDAYS":null,"CURRENT_ASSETS_TDAYS":0.115259703941,"TOTAL_ASSETS_TDAYS":0.113423065668,"PREMIUM_EXPENSE":null,"LOAN_DEPOSIT":null,"LOAN_EQUITY":null,"LOAN_ASSETS":null,"DEPOSIT_EQUITY":null,"DEPOSIT_ASSETS":null,"EQUITY_MULTIPLIER":5.404470093818,"EQUITY_RATIO":4.461823644743},{"SECUCODE":"01499.HK","SECURITY_CODE":"01499","SECURITY_NAME_ABBR":"欧科云链","ORG_CODE":"10472812","STD_REPORT_DATE":"2022-12-31 00:00:00","REPORT_DATE":"2023-03-31 00:00:00","DATE_TYPE_CODE":"001","REPORT_TYPE":"2022年年报","PER_NETCASH_OPERATE":-0.01430597069,"PER_OI":0.056227118551,"BPS":0.033505947692,"BASIC_EPS":0.007090821,"DILUTED_EPS":0.007090821,"OPERATE_INCOME":301968302.45,"OPERATE_INCOME_YOY":-7.5679306249,"GROSS_PROFIT":134792130.16,"GROSS_PROFIT_YOY":97.214828490388,"HOLDER_PROFIT":38072456.31,"HOLDER_PROFIT_YOY":174.9057026231,"GROSS_PROFIT_RATIO":43.549522909062,"EPS_TTM":0.001646486809,"OPERATE_INCOME_QOQ":0,"NET_PROFIT_RATIO":11.8732657934,"ROE_AVG":23.660716714451,"GROSS_PROFIT_QOQ":0,"ROA":4.137019816145,"HOLDER_PROFIT_QOQ":0,"ROE_YEARLY":23.660716714451,"ROIC_YEARLY":5.820054840277,"TOTAL_ASSETS":967497879.54,"TOTAL_LIABILITIES":784891730.59,"TAX_EBT":16.409099390999,"OCF_SALES":-24.623279119942,"TOTAL_PARENT_EQUITY":179944027.14,"DEBT_ASSET_RATIO":81.1259380706,"OPERATE_PROFIT":55186721.81,"PRETAX_PROFIT":51604544.09,"NETCASH_OPERATE":-76830358.65,"NETCASH_INVEST":-3306423.57,"NETCASH_FINANCE":42076581.65,"END_CASH":78007785.1,"DIVI_RATIO":null,"DIVIDEND_RATE":null,"CURRENT_RATIO":1.212380184018,"COMMON_ACS":20000000000,"CURRENTDEBT_DEBT":99.812067602128,"ISSUED_COMMON_SHARES":5370510000,"HK_COMMON_SHARES":5370510000,"PER_SHARES":10000,"TOTAL_MARKET_CAP":1100954550,"HKSK_MARKET_CAP":1100954550,"PE_TTM":-31.901554576802,"PB_TTM":6.787133812542,"REPORT_DATE_SQ":"2021-12-31 00:00:00","REPORT_TYPE_SQ":"2021年年报","OPERATE_INCOME_SQ":312736810.14,"DPS_HKD":null,"OPERATE_INCOME_QOQ_SQ":0,"NET_PROFIT_RATIO_SQ":-15.152976811,"HOLDER_PROFIT_SQ":-47088051.61,"HOLDER_PROFIT_QOQ_SQ":0,"ROE_AVG_SQ":-30.427024350109,"PE_TTM_SQ":39.515375594951,"PB_TTM_SQ":8.751881445268,"ROA_SQ":-7.246415700713,"START_DATE":"2022-04-01 00:00:00","FISCAL_YEAR":"3-31","CURRENCY":"HKD","IS_CNY_CODE":0,"DPS_HKD_LY":null,"ORG_TYPE":"一般企业","PREMIUM_INCOME":null,"PREMIUM_INCOME_YOY":null,"NET_INTEREST_INCOME":null,"NET_INTEREST_INCOME_YOY":null,"FEE_COMMISSION_INCOME":null,"FEE_COMMISSION_INCOME_YOY":null,"ACCOUNTS_RECE_TDAYS":7.944014554834,"INVENTORY_TDAYS":null,"CURRENT_ASSETS_TDAYS":0.347763346355,"TOTAL_ASSETS_TDAYS":0.339049943687,"PREMIUM_EXPENSE":null,"LOAN_DEPOSIT":null,"LOAN_EQUITY":null,"LOAN_ASSETS":null,"DEPOSIT_EQUITY":null,"DEPOSIT_ASSETS":null,"EQUITY_MULTIPLIER":5.298276564634,"EQUITY_RATIO":4.361865981689},{"SECUCODE":"01499.HK","SECURITY_CODE":"01499","SECURITY_NAME_ABBR":"欧科云链","ORG_CODE":"10472812","STD_REPORT_DATE":"2022-06-30 00:00:00","REPORT_DATE":"2022-09-30 00:00:00","DATE_TYPE_CODE":"002","REPORT_TYPE":"2022年中报","PER_NETCASH_OPERATE":-0.020862118927,"PER_OI":0.030679665909,"BPS":0.033199732003,"BASIC_EPS":0.005969304,"DILUTED_EPS":0.005969304,"OPERATE_INCOME":164765452.56,"OPERATE_INCOME_YOY":-4.7237011391,"GROSS_PROFIT":78396859.2,"GROSS_PROFIT_YOY":875.91100454422,"HOLDER_PROFIT":31831765.8,"HOLDER_PROFIT_YOY":221.6641316372,"GROSS_PROFIT_RATIO":47.580884209602,"EPS_TTM":-0.00876789199,"OPERATE_INCOME_QOQ":0,"NET_PROFIT_RATIO":19.1234753587,"ROE_AVG":19.59599783968,"GROSS_PROFIT_QOQ":0,"ROA":2.804717695342,"HOLDER_PROFIT_QOQ":0,"ROE_YEARLY":39.19199567936,"ROIC_YEARLY":6.921966845559,"TOTAL_ASSETS":1367844305.04,"TOTAL_LIABILITIES":1186158588.96,"TAX_EBT":16.85044632202,"OCF_SALES":-67.999824343759,"TOTAL_PARENT_EQUITY":178299492.72,"DEBT_ASSET_RATIO":86.7173686793,"OPERATE_PROFIT":40553280.72,"PRETAX_PROFIT":37894227.12,"NETCASH_OPERATE":-112040218.32,"NETCASH_INVEST":-2773013.04,"NETCASH_FINANCE":66606579.36,"END_CASH":71642501.28,"DIVI_RATIO":null,"DIVIDEND_RATE":null,"CURRENT_RATIO":1.135493178831,"COMMON_ACS":20000000000,"CURRENTDEBT_DEBT":99.677464612607,"ISSUED_COMMON_SHARES":5370510000,"HK_COMMON_SHARES":5370510000,"PER_SHARES":10000,"TOTAL_MARKET_CAP":1100954550,"HKSK_MARKET_CAP":1100954550,"PE_TTM":-31.901554576802,"PB_TTM":6.787133812542,"REPORT_DATE_SQ":"2021-06-30 00:00:00","REPORT_TYPE_SQ":"2021年中报","OPERATE_INCOME_SQ":159286070.36,"DPS_HKD":null,"OPERATE_INCOME_QOQ_SQ":0,"NET_PROFIT_RATIO_SQ":-15.154336161,"HOLDER_PROFIT_SQ":-24098759.68,"HOLDER_PROFIT_QOQ_SQ":0,"ROE_AVG_SQ":-14.086516572158,"PE_TTM_SQ":39.515375594951,"PB_TTM_SQ":8.751881445268,"ROA_SQ":-5.176297966378,"START_DATE":"2022-04-01 00:00:00","FISCAL_YEAR":"3-31","CURRENCY":"HKD","IS_CNY_CODE":0,"DPS_HKD_LY":null,"ORG_TYPE":"一般企业","PREMIUM_INCOME":null,"PREMIUM_INCOME_YOY":null,"NET_INTEREST_INCOME":null,"NET_INTEREST_INCOME_YOY":null,"FEE_COMMISSION_INCOME":null,"FEE_COMMISSION_INCOME_YOY":null,"ACCOUNTS_RECE_TDAYS":4.180220284534,"INVENTORY_TDAYS":null,"CURRENT_ASSETS_TDAYS":0.14875900786,"TOTAL_ASSETS_TDAYS":0.14517591744,"PREMIUM_EXPENSE":null,"LOAN_DEPOSIT":null,"LOAN_EQUITY":null,"LOAN_ASSETS":null,"DEPOSIT_EQUITY":null,"DEPOSIT_ASSETS":null,"EQUITY_MULTIPLIER":7.528628747239,"EQUITY_RATIO":6.652618977569},{"SECUCODE":"01499.HK","SECURITY_CODE":"01499","SECURITY_NAME_ABBR":"欧科云链","ORG_CODE":"10472812","STD_REPORT_DATE":"2021-12-31 00:00:00","REPORT_DATE":"2022-03-31 00:00:00","DATE_TYPE_CODE":"001","REPORT_TYPE":"2021年年报","PER_NETCASH_OPERATE":-0.009461941896,"PER_OI":0.058232236815,"BPS":0.024474168874,"BASIC_EPS":-0.008758908,"DILUTED_EPS":-0.008758908,"OPERATE_INCOME":312736810.14,"OPERATE_INCOME_YOY":-14.8687312899,"GROSS_PROFIT":68347867.75,"GROSS_PROFIT_YOY":73.666539911123,"HOLDER_PROFIT":-47088051.61,"HOLDER_PROFIT_YOY":38.1375526077,"GROSS_PROFIT_RATIO":21.854756310715,"EPS_TTM":-0.0153574018,"OPERATE_INCOME_QOQ":0,"NET_PROFIT_RATIO":-15.152976811,"ROE_AVG":-30.427024350109,"GROSS_PROFIT_QOQ":0,"ROA":-7.246415700713,"HOLDER_PROFIT_QOQ":0,"ROE_YEARLY":-30.427024350109,"ROIC_YEARLY":-11.285430363816,"TOTAL_ASSETS":808847847.34,"TOTAL_LIABILITIES":673714928.11,"TAX_EBT":0.461645912475,"OCF_SALES":-16.248632051741,"TOTAL_PARENT_EQUITY":131438768.68,"DEBT_ASSET_RATIO":83.2931595634,"OPERATE_PROFIT":-43200880.68,"PRETAX_PROFIT":-47608720.03,"NETCASH_OPERATE":-50815453.57,"NETCASH_INVEST":7370458.88,"NETCASH_FINANCE":-38939023.13,"END_CASH":108708591.41,"DIVI_RATIO":null,"DIVIDEND_RATE":null,"CURRENT_RATIO":1.17077929642,"COMMON_ACS":20000000000,"CURRENTDEBT_DEBT":99.207546306718,"ISSUED_COMMON_SHARES":5370510000,"HK_COMMON_SHARES":5370510000,"PER_SHARES":10000,"TOTAL_MARKET_CAP":1100954550,"HKSK_MARKET_CAP":1100954550,"PE_TTM":-31.901554576802,"PB_TTM":6.787133812542,"REPORT_DATE_SQ":"2020-12-31 00:00:00","REPORT_TYPE_SQ":"2020年年报","OPERATE_INCOME_SQ":382836113.52,"DPS_HKD":null,"OPERATE_INCOME_QOQ_SQ":0,"NET_PROFIT_RATIO_SQ":-20.7201896839,"HOLDER_PROFIT_SQ":-79324368.9,"HOLDER_PROFIT_QOQ_SQ":0,"ROE_AVG_SQ":-36.048440992787,"PE_TTM_SQ":39.515375594951,"PB_TTM_SQ":8.751881445268,"ROA_SQ":-15.534329287064,"START_DATE":"2021-04-01 00:00:00","FISCAL_YEAR":"3-31","CURRENCY":"HKD","IS_CNY_CODE":0,"DPS_HKD_LY":null,"ORG_TYPE":"一般企业","PREMIUM_INCOME":null,"PREMIUM_INCOME_YOY":null,"NET_INTEREST_INCOME":null,"NET_INTEREST_INCOME_YOY":null,"FEE_COMMISSION_INCOME":null,"FEE_COMMISSION_INCOME_YOY":null,"ACCOUNTS_RECE_TDAYS":6.026866721369,"INVENTORY_TDAYS":null,"CURRENT_ASSETS_TDAYS":0.504768025887,"TOTAL_ASSETS_TDAYS":0.481273030781,"PREMIUM_EXPENSE":null,"LOAN_DEPOSIT":null,"LOAN_EQUITY":null,"LOAN_ASSETS":null,"DEPOSIT_EQUITY":null,"DEPOSIT_ASSETS":null,"EQUITY_MULTIPLIER":5.985572219923,"EQUITY_RATIO":5.125694153072},{"SECUCODE":"01499.HK","SECURITY_CODE":"01499","SECURITY_NAME_ABBR":"欧科云链","ORG_CODE":"10472812","STD_REPORT_DATE":"2021-06-30 00:00:00","REPORT_DATE":"2021-09-30 00:00:00","DATE_TYPE_CODE":"002","REPORT_TYPE":"2021年中报","PER_NETCASH_OPERATE":-0.003762374579,"PER_OI":0.029659393681,"BPS":0.029650086632,"BASIC_EPS":-0.004498524,"DILUTED_EPS":-0.004498524,"OPERATE_INCOME":159286070.36,"OPERATE_INCOME_YOY":-19.1384625795,"GROSS_PROFIT":8033197.58,"GROSS_PROFIT_YOY":-65.37278524385,"HOLDER_PROFIT":-24098759.68,"HOLDER_PROFIT_YOY":-21.3575533834,"GROSS_PROFIT_RATIO":5.043251780802,"EPS_TTM":-0.014770360524,"OPERATE_INCOME_QOQ":0,"NET_PROFIT_RATIO":-15.154336161,"ROE_AVG":-14.086516572158,"GROSS_PROFIT_QOQ":0,"ROA":-5.176297966378,"HOLDER_PROFIT_QOQ":0,"ROE_YEARLY":-28.173033144315,"ROIC_YEARLY":-20.104875056903,"TOTAL_ASSETS":427000731.14,"TOTAL_LIABILITIES":263805110.2,"TAX_EBT":0.845224651815,"OCF_SALES":-12.685271382697,"TOTAL_PARENT_EQUITY":159236086.76,"DEBT_ASSET_RATIO":61.7809504672,"OPERATE_PROFIT":-21773689.22,"PRETAX_PROFIT":-24344512.38,"NETCASH_OPERATE":-20205870.3,"NETCASH_INVEST":10454069.94,"NETCASH_FINANCE":-35556666.92,"END_CASH":152408327,"DIVI_RATIO":null,"DIVIDEND_RATE":null,"CURRENT_RATIO":1.542348676614,"COMMON_ACS":20000000000,"CURRENTDEBT_DEBT":98.180124419743,"ISSUED_COMMON_SHARES":5370510000,"HK_COMMON_SHARES":5370510000,"PER_SHARES":10000,"TOTAL_MARKET_CAP":1100954550,"HKSK_MARKET_CAP":1100954550,"PE_TTM":-31.901554576802,"PB_TTM":6.787133812542,"REPORT_DATE_SQ":"2020-06-30 00:00:00","REPORT_TYPE_SQ":"2020年中报","OPERATE_INCOME_SQ":207783009.92,"DPS_HKD":null,"OPERATE_INCOME_QOQ_SQ":0,"NET_PROFIT_RATIO_SQ":-10.0807321292,"HOLDER_PROFIT_SQ":-20946048.64,"HOLDER_PROFIT_QOQ_SQ":0,"ROE_AVG_SQ":-8.069165240675,"PE_TTM_SQ":39.515375594951,"PB_TTM_SQ":8.751881445268,"ROA_SQ":-3.980598818194,"START_DATE":"2021-04-01 00:00:00","FISCAL_YEAR":"3-31","CURRENCY":"HKD","IS_CNY_CODE":0,"DPS_HKD_LY":null,"ORG_TYPE":"一般企业","PREMIUM_INCOME":null,"PREMIUM_INCOME_YOY":null,"NET_INTEREST_INCOME":null,"NET_INTEREST_INCOME_YOY":null,"FEE_COMMISSION_INCOME":null,"FEE_COMMISSION_INCOME_YOY":null,"ACCOUNTS_RECE_TDAYS":1.83351233171,"INVENTORY_TDAYS":2.984392849805,"CURRENT_ASSETS_TDAYS":0.366807636342,"TOTAL_ASSETS_TDAYS":0.342138837444,"PREMIUM_EXPENSE":null,"LOAN_DEPOSIT":null,"LOAN_EQUITY":null,"LOAN_ASSETS":null,"DEPOSIT_EQUITY":null,"DEPOSIT_ASSETS":null,"EQUITY_MULTIPLIER":2.616496255727,"EQUITY_RATIO":1.656691743484},{"SECUCODE":"01499.HK","SECURITY_CODE":"01499","SECURITY_NAME_ABBR":"欧科云链","ORG_CODE":"10472812","STD_REPORT_DATE":"2020-12-31 00:00:00","REPORT_DATE":"2021-03-31 00:00:00","DATE_TYPE_CODE":"001","REPORT_TYPE":"2020年年报","PER_NETCASH_OPERATE":-0.000281542539,"PER_OI":0.07128487118,"BPS":0.034555136875,"BASIC_EPS":-0.01479065,"DILUTED_EPS":-0.01479065,"OPERATE_INCOME":382836113.52,"OPERATE_INCOME_YOY":-20.5772198064,"GROSS_PROFIT":39355806.7,"GROSS_PROFIT_YOY":1.129337019575,"HOLDER_PROFIT":-79324368.9,"HOLDER_PROFIT_YOY":-52.357066329,"GROSS_PROFIT_RATIO":10.280066407043,"EPS_TTM":-0.01017963283,"OPERATE_INCOME_QOQ":0,"NET_PROFIT_RATIO":-20.7201896839,"ROE_AVG":-36.048440992787,"GROSS_PROFIT_QOQ":0,"ROA":-15.534329287064,"HOLDER_PROFIT_QOQ":0,"ROE_YEARLY":-36.048440992787,"ROIC_YEARLY":-27.486301510275,"TOTAL_ASSETS":511453070.38,"TOTAL_LIABILITIES":325874362.24,"TAX_EBT":2.599626400996,"OCF_SALES":-0.39495412439,"TOTAL_PARENT_EQUITY":185578708.14,"DEBT_ASSET_RATIO":63.71539856,"OPERATE_PROFIT":-74736731.86,"PRETAX_PROFIT":-81441544.8,"NETCASH_OPERATE":-1512027.02,"NETCASH_INVEST":12984500.34,"NETCASH_FINANCE":-14095066.86,"END_CASH":198815917.3,"DIVI_RATIO":null,"DIVIDEND_RATE":null,"CURRENT_RATIO":1.467561952773,"COMMON_ACS":20000000000,"CURRENTDEBT_DEBT":99.499699145157,"ISSUED_COMMON_SHARES":5370510000,"HK_COMMON_SHARES":5370510000,"PER_SHARES":10000,"TOTAL_MARKET_CAP":1100954550,"HKSK_MARKET_CAP":1100954550,"PE_TTM":-31.901554576802,"PB_TTM":6.787133812542,"REPORT_DATE_SQ":"2019-12-31 00:00:00","REPORT_TYPE_SQ":"2019年年报","OPERATE_INCOME_SQ":521101384,"DPS_HKD":null,"OPERATE_INCOME_QOQ_SQ":0,"NET_PROFIT_RATIO_SQ":-10.8013045308,"HOLDER_PROFIT_SQ":-56285747.4,"HOLDER_PROFIT_QOQ_SQ":0,"ROE_AVG_SQ":-19.166024967915,"PE_TTM_SQ":39.515375594951,"PB_TTM_SQ":8.751881445268,"ROA_SQ":-10.285230571187,"START_DATE":"2020-04-01 00:00:00","FISCAL_YEAR":"3-31","CURRENCY":"HKD","IS_CNY_CODE":0,"DPS_HKD_LY":null,"ORG_TYPE":"一般企业","PREMIUM_INCOME":null,"PREMIUM_INCOME_YOY":null,"NET_INTEREST_INCOME":null,"NET_INTEREST_INCOME_YOY":null,"FEE_COMMISSION_INCOME":null,"FEE_COMMISSION_INCOME_YOY":null,"ACCOUNTS_RECE_TDAYS":4.070104815775,"INVENTORY_TDAYS":4.977634882724,"CURRENT_ASSETS_TDAYS":0.844941791382,"TOTAL_ASSETS_TDAYS":0.749719453539,"PREMIUM_EXPENSE":null,"LOAN_DEPOSIT":null,"LOAN_EQUITY":null,"LOAN_ASSETS":null,"DEPOSIT_EQUITY":null,"DEPOSIT_ASSETS":null,"EQUITY_MULTIPLIER":2.755990035204,"EQUITY_RATIO":1.755990035205},{"SECUCODE":"01499.HK","SECURITY_CODE":"01499","SECURITY_NAME_ABBR":"欧科云链","ORG_CODE":"10472812","STD_REPORT_DATE":"2020-06-30 00:00:00","REPORT_DATE":"2020-09-30 00:00:00","DATE_TYPE_CODE":"002","REPORT_TYPE":"2020年中报","PER_NETCASH_OPERATE":-0.000974797623,"PER_OI":0.03864235048,"BPS":0.047396306362,"BASIC_EPS":-0.00395424,"DILUTED_EPS":-0.00395424,"OPERATE_INCOME":207783009.92,"OPERATE_INCOME_YOY":-17.9715333354,"GROSS_PROFIT":23199086.72,"GROSS_PROFIT_YOY":17.940675931618,"HOLDER_PROFIT":-20946048.64,"HOLDER_PROFIT_YOY":4.7015551913,"GROSS_PROFIT_RATIO":11.165054702467,"EPS_TTM":-0.010563071198,"OPERATE_INCOME_QOQ":0,"NET_PROFIT_RATIO":-10.0807321292,"ROE_AVG":-8.069165240675,"GROSS_PROFIT_QOQ":0,"ROA":-3.980598818194,"HOLDER_PROFIT_QOQ":0,"ROE_YEARLY":-16.13833048135,"ROIC_YEARLY":-13.486051156133,"TOTAL_ASSETS":522349831.68,"TOTAL_LIABILITIES":267807494.4,"TAX_EBT":0.720533111204,"OCF_SALES":-2.522614722935,"TOTAL_PARENT_EQUITY":254542337.28,"DEBT_ASSET_RATIO":51.2697579587,"OPERATE_PROFIT":-17465438.72,"PRETAX_PROFIT":-21098067.2,"NETCASH_OPERATE":-5241564.8,"NETCASH_INVEST":14097304.96,"NETCASH_FINANCE":-2053568.64,"END_CASH":216250355.84,"DIVI_RATIO":null,"DIVIDEND_RATE":null,"CURRENT_RATIO":1.709185548679,"COMMON_ACS":20000000000,"CURRENTDEBT_DEBT":99.093414706172,"ISSUED_COMMON_SHARES":5370510000,"HK_COMMON_SHARES":5370510000,"PER_SHARES":10000,"TOTAL_MARKET_CAP":1100954550,"HKSK_MARKET_CAP":1100954550,"PE_TTM":-31.901554576802,"PB_TTM":6.787133812542,"REPORT_DATE_SQ":"2019-06-30 00:00:00","REPORT_TYPE_SQ":"2019年中报","OPERATE_INCOME_SQ":260019716.67,"DPS_HKD":null,"OPERATE_INCOME_QOQ_SQ":0,"NET_PROFIT_RATIO_SQ":-8.6770251191,"HOLDER_PROFIT_SQ":-22561976.13,"HOLDER_PROFIT_QOQ_SQ":0,"ROE_AVG_SQ":-7.619131748565,"PE_TTM_SQ":39.515375594951,"PB_TTM_SQ":8.751881445268,"ROA_SQ":-4.08283521427,"START_DATE":"2020-04-01 00:00:00","FISCAL_YEAR":"3-31","CURRENCY":"HKD","IS_CNY_CODE":0,"DPS_HKD_LY":null,"ORG_TYPE":"一般企业","PREMIUM_INCOME":null,"PREMIUM_INCOME_YOY":null,"NET_INTEREST_INCOME":null,"NET_INTEREST_INCOME_YOY":null,"FEE_COMMISSION_INCOME":null,"FEE_COMMISSION_INCOME_YOY":null,"ACCOUNTS_RECE_TDAYS":1.909276252841,"INVENTORY_TDAYS":null,"CURRENT_ASSETS_TDAYS":0.461229823963,"TOTAL_ASSETS_TDAYS":0.394871996119,"PREMIUM_EXPENSE":null,"LOAN_DEPOSIT":null,"LOAN_EQUITY":null,"LOAN_ASSETS":null,"DEPOSIT_EQUITY":null,"DEPOSIT_ASSETS":null,"EQUITY_MULTIPLIER":2.052113755463,"EQUITY_RATIO":1.052113755463}],"count":23},"success":true,"message":"ok","code":0}