{"version":"71d40d83a72499cc77c52c1372a8d9f4","result":{"pages":3,"data":[{"SECUCODE":"01498.HK","SECURITY_CODE":"01498","SECURITY_NAME_ABBR":"培力农本方","ORG_CODE":"10468021","STD_REPORT_DATE":"2024-06-30 00:00:00","REPORT_DATE":"2024-06-30 00:00:00","DATE_TYPE_CODE":"002","REPORT_TYPE":"2024年中报","PER_NETCASH_OPERATE":0.099418024537,"PER_OI":0.478651969403,"BPS":0.300780732275,"BASIC_EPS":-0.043169764,"DILUTED_EPS":-0.043169764,"OPERATE_INCOME":189497010.36,"OPERATE_INCOME_YOY":6.4311747428,"GROSS_PROFIT":103371962.16,"GROSS_PROFIT_YOY":0.173801842393,"HOLDER_PROFIT":-17054338.48,"HOLDER_PROFIT_YOY":50.402123424,"GROSS_PROFIT_RATIO":54.550708722854,"EPS_TTM":-0.198161166429,"OPERATE_INCOME_QOQ":2.613542618094,"NET_PROFIT_RATIO":-8.9997928978,"ROE_AVG":-13.172745120847,"GROSS_PROFIT_QOQ":0.091359295422,"ROA":-2.29883219177,"HOLDER_PROFIT_QOQ":18.392548673755,"ROE_YEARLY":-26.345490241693,"ROIC_YEARLY":-4.722443357721,"TOTAL_ASSETS":713471161.76,"TOTAL_LIABILITIES":594392889.48,"TAX_EBT":-26.556044700305,"OCF_SALES":20.770420032077,"TOTAL_PARENT_EQUITY":119078272.28,"DEBT_ASSET_RATIO":83.3100090568,"OPERATE_PROFIT":-1244895.52,"PRETAX_PROFIT":-13475720.2,"NETCASH_OPERATE":39359325,"NETCASH_INVEST":-6110392.6,"NETCASH_FINANCE":-29590910.96,"END_CASH":20835571.72,"DIVI_RATIO":null,"DIVIDEND_RATE":null,"CURRENT_RATIO":0.599166637268,"COMMON_ACS":50000000000,"CURRENTDEBT_DEBT":78.343705518986,"ISSUED_COMMON_SHARES":395897275,"HK_COMMON_SHARES":395897275,"PER_SHARES":500,"TOTAL_MARKET_CAP":221702474,"HKSK_MARKET_CAP":221702474,"PE_TTM":-2.545612386901,"PB_TTM":1.699247143043,"REPORT_DATE_SQ":"2023-06-30 00:00:00","REPORT_TYPE_SQ":"2023年中报","OPERATE_INCOME_SQ":179860780.38,"DPS_HKD":null,"OPERATE_INCOME_QOQ_SQ":-4.368023166439,"NET_PROFIT_RATIO_SQ":-19.312490709,"HOLDER_PROFIT_SQ":-34735596.5,"HOLDER_PROFIT_QOQ_SQ":-0.568941774003,"ROE_AVG_SQ":-15.875758233377,"PE_TTM_SQ":-2.617258611191,"PB_TTM_SQ":1.42742183152,"ROA_SQ":-3.838741280046,"START_DATE":"2024-01-01 00:00:00","FISCAL_YEAR":"12-31","CURRENCY":"HKD","IS_CNY_CODE":0,"DPS_HKD_LY":null,"ORG_TYPE":"一般企业","PREMIUM_INCOME":null,"PREMIUM_INCOME_YOY":null,"NET_INTEREST_INCOME":null,"NET_INTEREST_INCOME_YOY":null,"FEE_COMMISSION_INCOME":null,"FEE_COMMISSION_INCOME_YOY":null,"ACCOUNTS_RECE_TDAYS":2.884108904014,"INVENTORY_TDAYS":0.585561547101,"CURRENT_ASSETS_TDAYS":0.633708544186,"TOTAL_ASSETS_TDAYS":0.255431676914,"PREMIUM_EXPENSE":null,"LOAN_DEPOSIT":null,"LOAN_EQUITY":null,"LOAN_ASSETS":null,"DEPOSIT_EQUITY":null,"DEPOSIT_ASSETS":null,"EQUITY_MULTIPLIER":5.991614994899,"EQUITY_RATIO":4.991614994903},{"SECUCODE":"01498.HK","SECURITY_CODE":"01498","SECURITY_NAME_ABBR":"培力农本方","ORG_CODE":"10468021","STD_REPORT_DATE":"2023-12-31 00:00:00","REPORT_DATE":"2023-12-31 00:00:00","DATE_TYPE_CODE":"001","REPORT_TYPE":"2023年年报","PER_NETCASH_OPERATE":0.182224951561,"PER_OI":0.931311696904,"BPS":0.35076151489,"BASIC_EPS":-0.24332007,"DILUTED_EPS":-0.24332007,"OPERATE_INCOME":368703762.98,"OPERATE_INCOME_YOY":-9.1972441744,"GROSS_PROFIT":196313532.38,"GROSS_PROFIT_YOY":-16.343285662688,"HOLDER_PROFIT":-96132723.82,"HOLDER_PROFIT_YOY":11.7565341807,"GROSS_PROFIT_RATIO":53.244244320514,"EPS_TTM":-0.242822393309,"OPERATE_INCOME_QOQ":-3.673276088845,"NET_PROFIT_RATIO":-26.0731604807,"ROE_AVG":-51.55506955835,"GROSS_PROFIT_QOQ":-6.289747180279,"ROA":-11.403738860282,"HOLDER_PROFIT_QOQ":10.983693450577,"ROE_YEARLY":-51.55506955835,"ROIC_YEARLY":-12.02389568054,"TOTAL_ASSETS":764816149.86,"TOTAL_LIABILITIES":625950621.94,"TAX_EBT":-3.683829853781,"OCF_SALES":19.566483720404,"TOTAL_PARENT_EQUITY":138865527.92,"DEBT_ASSET_RATIO":81.8432798594,"OPERATE_PROFIT":-67749007.2,"PRETAX_PROFIT":-92717180.64,"NETCASH_OPERATE":72142361.76,"NETCASH_INVEST":-16495922.66,"NETCASH_FINANCE":-110912265.8,"END_CASH":18238583.72,"DIVI_RATIO":null,"DIVIDEND_RATE":null,"CURRENT_RATIO":0.612107745027,"COMMON_ACS":50000000000,"CURRENTDEBT_DEBT":82.679408796818,"ISSUED_COMMON_SHARES":395897275,"HK_COMMON_SHARES":395897275,"PER_SHARES":500,"TOTAL_MARKET_CAP":197948637.5,"HKSK_MARKET_CAP":197948637.5,"PE_TTM":-2.27286820259,"PB_TTM":1.517184949146,"REPORT_DATE_SQ":"2022-12-31 00:00:00","REPORT_TYPE_SQ":"2022年年报","OPERATE_INCOME_SQ":400246595.63,"DPS_HKD":null,"OPERATE_INCOME_QOQ_SQ":-17.425216850607,"NET_PROFIT_RATIO_SQ":-26.8293499439,"HOLDER_PROFIT_SQ":-107383559.78,"HOLDER_PROFIT_QOQ_SQ":25.290393520536,"ROE_AVG_SQ":-36.436931591718,"PE_TTM_SQ":-2.717922403929,"PB_TTM_SQ":1.482322671194,"ROA_SQ":-10.818589247467,"START_DATE":"2023-01-01 00:00:00","FISCAL_YEAR":"12-31","CURRENCY":"HKD","IS_CNY_CODE":0,"DPS_HKD_LY":null,"ORG_TYPE":"一般企业","PREMIUM_INCOME":null,"PREMIUM_INCOME_YOY":null,"NET_INTEREST_INCOME":null,"NET_INTEREST_INCOME_YOY":null,"FEE_COMMISSION_INCOME":null,"FEE_COMMISSION_INCOME_YOY":null,"ACCOUNTS_RECE_TDAYS":3.825013161853,"INVENTORY_TDAYS":1.093348123583,"CURRENT_ASSETS_TDAYS":0.97385478551,"TOTAL_ASSETS_TDAYS":0.43737462778,"PREMIUM_EXPENSE":null,"LOAN_DEPOSIT":null,"LOAN_EQUITY":null,"LOAN_ASSETS":null,"DEPOSIT_EQUITY":null,"DEPOSIT_ASSETS":null,"EQUITY_MULTIPLIER":5.507602652111,"EQUITY_RATIO":4.507602652118},{"SECUCODE":"01498.HK","SECURITY_CODE":"01498","SECURITY_NAME_ABBR":"培力农本方","ORG_CODE":"10468021","STD_REPORT_DATE":"2023-06-30 00:00:00","REPORT_DATE":"2023-06-30 00:00:00","DATE_TYPE_CODE":"002","REPORT_TYPE":"2023年中报","PER_NETCASH_OPERATE":0.057771445535,"PER_OI":0.454311741297,"BPS":0.503806502129,"BASIC_EPS":-0.087956892,"DILUTED_EPS":-0.087956892,"OPERATE_INCOME":179860780.38,"OPERATE_INCOME_YOY":-15.4615184607,"GROSS_PROFIT":103192611.5,"GROSS_PROFIT_YOY":-19.612072793992,"HOLDER_PROFIT":-34735596.5,"HOLDER_PROFIT_YOY":5.5835400847,"GROSS_PROFIT_RATIO":57.373603785094,"EPS_TTM":-0.272784170363,"OPERATE_INCOME_QOQ":-4.368023166439,"NET_PROFIT_RATIO":-19.312490709,"ROE_AVG":-15.875758233377,"GROSS_PROFIT_QOQ":-10.728322867455,"ROA":-3.838741280046,"HOLDER_PROFIT_QOQ":-0.568941774003,"ROE_YEARLY":-31.751516466754,"ROIC_YEARLY":-8.194764594919,"TOTAL_ASSETS":872548964.28,"TOTAL_LIABILITIES":673093342.96,"TAX_EBT":-3.179602344306,"OCF_SALES":12.716256324296,"TOTAL_PARENT_EQUITY":199455621.32,"DEBT_ASSET_RATIO":77.1410397026,"OPERATE_PROFIT":-21358588.68,"PRETAX_PROFIT":-33665177.72,"NETCASH_OPERATE":22871557.86,"NETCASH_INVEST":-7773213.38,"NETCASH_FINANCE":-45118013.28,"END_CASH":44322344.54,"DIVI_RATIO":null,"DIVIDEND_RATE":null,"CURRENT_RATIO":0.683825214085,"COMMON_ACS":50000000000,"CURRENTDEBT_DEBT":89.079545018711,"ISSUED_COMMON_SHARES":395897275,"HK_COMMON_SHARES":395897275,"PER_SHARES":500,"TOTAL_MARKET_CAP":197948637.5,"HKSK_MARKET_CAP":197948637.5,"PE_TTM":-2.27286820259,"PB_TTM":1.517184949146,"REPORT_DATE_SQ":"2022-06-30 00:00:00","REPORT_TYPE_SQ":"2022年中报","OPERATE_INCOME_SQ":197343644.4,"DPS_HKD":null,"OPERATE_INCOME_QOQ_SQ":-10.119818154087,"NET_PROFIT_RATIO_SQ":-17.2919916797,"HOLDER_PROFIT_SQ":-34124646.57,"HOLDER_PROFIT_QOQ_SQ":-44.244316329911,"ROE_AVG_SQ":-10.562314958316,"PE_TTM_SQ":-2.717922403929,"PB_TTM_SQ":1.482322671194,"ROA_SQ":-3.488596251571,"START_DATE":"2023-01-01 00:00:00","FISCAL_YEAR":"12-31","CURRENCY":"HKD","IS_CNY_CODE":0,"DPS_HKD_LY":null,"ORG_TYPE":"一般企业","PREMIUM_INCOME":null,"PREMIUM_INCOME_YOY":null,"NET_INTEREST_INCOME":null,"NET_INTEREST_INCOME_YOY":null,"FEE_COMMISSION_INCOME":null,"FEE_COMMISSION_INCOME_YOY":null,"ACCOUNTS_RECE_TDAYS":1.813627235878,"INVENTORY_TDAYS":0.449697294169,"CURRENT_ASSETS_TDAYS":0.419210792667,"TOTAL_ASSETS_TDAYS":0.198769870644,"PREMIUM_EXPENSE":null,"LOAN_DEPOSIT":null,"LOAN_EQUITY":null,"LOAN_ASSETS":null,"DEPOSIT_EQUITY":null,"DEPOSIT_ASSETS":null,"EQUITY_MULTIPLIER":4.374652158234,"EQUITY_RATIO":3.374652158237},{"SECUCODE":"01498.HK","SECURITY_CODE":"01498","SECURITY_NAME_ABBR":"培力农本方","ORG_CODE":"10468021","STD_REPORT_DATE":"2022-12-31 00:00:00","REPORT_DATE":"2022-12-31 00:00:00","DATE_TYPE_CODE":"001","REPORT_TYPE":"2022年年报","PER_NETCASH_OPERATE":0.199695391563,"PER_OI":1.01098598274,"BPS":0.582782023519,"BASIC_EPS":-0.272179369,"DILUTED_EPS":-0.272179369,"OPERATE_INCOME":400246595.63,"OPERATE_INCOME_YOY":-32.0687637206,"GROSS_PROFIT":234665602.08,"GROSS_PROFIT_YOY":-32.203712960935,"HOLDER_PROFIT":-107383559.78,"HOLDER_PROFIT_YOY":1.3644904289,"GROSS_PROFIT_RATIO":58.630255607953,"EPS_TTM":-0.271240967193,"OPERATE_INCOME_QOQ":-17.425216850607,"NET_PROFIT_RATIO":-26.8293499439,"ROE_AVG":-36.436931591718,"GROSS_PROFIT_QOQ":-24.563710038675,"ROA":-10.818589247467,"HOLDER_PROFIT_QOQ":25.290393520536,"ROE_YEARLY":-36.436931591718,"ROIC_YEARLY":-11.521052223007,"TOTAL_ASSETS":908006275.19,"TOTAL_LIABILITIES":677284460.16,"TAX_EBT":-0.86590256918,"OCF_SALES":19.75253811355,"TOTAL_PARENT_EQUITY":230721815.03,"DEBT_ASSET_RATIO":74.5902840835,"OPERATE_PROFIT":-84859756.73,"PRETAX_PROFIT":-106461705.14,"NETCASH_OPERATE":79058861.35,"NETCASH_INVEST":-27910221.15,"NETCASH_FINANCE":-31795052.38,"END_CASH":67737557.37,"DIVI_RATIO":null,"DIVIDEND_RATE":null,"CURRENT_RATIO":0.730375139389,"COMMON_ACS":50000000000,"CURRENTDEBT_DEBT":87.760350721702,"ISSUED_COMMON_SHARES":395897275,"HK_COMMON_SHARES":395897275,"PER_SHARES":500,"TOTAL_MARKET_CAP":197948637.5,"HKSK_MARKET_CAP":197948637.5,"PE_TTM":-2.27286820259,"PB_TTM":1.517184949146,"REPORT_DATE_SQ":"2021-12-31 00:00:00","REPORT_TYPE_SQ":"2021年年报","OPERATE_INCOME_SQ":539282419.2,"DPS_HKD":null,"OPERATE_INCOME_QOQ_SQ":7.368640447027,"NET_PROFIT_RATIO_SQ":-18.477634659,"HOLDER_PROFIT_SQ":-99646635.2,"HOLDER_PROFIT_QOQ_SQ":-480.262206410759,"ROE_AVG_SQ":-26.691823183124,"PE_TTM_SQ":-2.717922403929,"PB_TTM_SQ":1.482322671194,"ROA_SQ":-9.446218474369,"START_DATE":"2022-01-01 00:00:00","FISCAL_YEAR":"12-31","CURRENCY":"HKD","IS_CNY_CODE":0,"DPS_HKD_LY":null,"ORG_TYPE":"一般企业","PREMIUM_INCOME":null,"PREMIUM_INCOME_YOY":null,"NET_INTEREST_INCOME":null,"NET_INTEREST_INCOME_YOY":null,"FEE_COMMISSION_INCOME":null,"FEE_COMMISSION_INCOME_YOY":null,"ACCOUNTS_RECE_TDAYS":2.27867226754,"INVENTORY_TDAYS":1.095476317819,"CURRENT_ASSETS_TDAYS":0.817008295551,"TOTAL_ASSETS_TDAYS":0.4032370993,"PREMIUM_EXPENSE":null,"LOAN_DEPOSIT":null,"LOAN_EQUITY":null,"LOAN_ASSETS":null,"DEPOSIT_EQUITY":null,"DEPOSIT_ASSETS":null,"EQUITY_MULTIPLIER":3.935502479784,"EQUITY_RATIO":2.93550247978},{"SECUCODE":"01498.HK","SECURITY_CODE":"01498","SECURITY_NAME_ABBR":"培力农本方","ORG_CODE":"10468021","STD_REPORT_DATE":"2022-06-30 00:00:00","REPORT_DATE":"2022-06-30 00:00:00","DATE_TYPE_CODE":"002","REPORT_TYPE":"2022年中报","PER_NETCASH_OPERATE":0.16212431639,"PER_OI":0.498471843233,"BPS":0.76471879694,"BASIC_EPS":-0.086545228,"DILUTED_EPS":-0.086545228,"OPERATE_INCOME":197343644.4,"OPERATE_INCOME_YOY":-23.7804575947,"GROSS_PROFIT":128368294.95,"GROSS_PROFIT_YOY":-21.450692445703,"HOLDER_PROFIT":-34124646.57,"HOLDER_PROFIT_YOY":-433.247035243,"GROSS_PROFIT_RATIO":65.048101924077,"EPS_TTM":-0.363060361277,"OPERATE_INCOME_QOQ":-10.119818154087,"NET_PROFIT_RATIO":-17.2919916797,"ROE_AVG":-10.562314958316,"GROSS_PROFIT_QOQ":-10.127755389583,"ROA":-3.488596251571,"HOLDER_PROFIT_QOQ":-44.244316329911,"ROE_YEARLY":-21.124629916633,"ROIC_YEARLY":-7.293434483288,"TOTAL_ASSETS":925112044.78,"TOTAL_LIABILITIES":622361956.93,"TAX_EBT":-14.997550361682,"OCF_SALES":32.524267637372,"TOTAL_PARENT_EQUITY":302750087.85,"DEBT_ASSET_RATIO":67.2742248295,"OPERATE_PROFIT":-17706708.95,"PRETAX_PROFIT":-29674237.81,"NETCASH_OPERATE":64184575.07,"NETCASH_INVEST":-3128285.02,"NETCASH_FINANCE":-81829710.34,"END_CASH":33797108.8,"DIVI_RATIO":null,"DIVIDEND_RATE":null,"CURRENT_RATIO":0.854733817176,"COMMON_ACS":50000000000,"CURRENTDEBT_DEBT":82.340566158294,"ISSUED_COMMON_SHARES":395897275,"HK_COMMON_SHARES":395897275,"PER_SHARES":500,"TOTAL_MARKET_CAP":197948637.5,"HKSK_MARKET_CAP":197948637.5,"PE_TTM":-2.27286820259,"PB_TTM":1.517184949146,"REPORT_DATE_SQ":"2021-06-30 00:00:00","REPORT_TYPE_SQ":"2021年中报","OPERATE_INCOME_SQ":251918044.56,"DPS_HKD":null,"OPERATE_INCOME_QOQ_SQ":-0.837051257241,"NET_PROFIT_RATIO_SQ":3.9549870028,"HOLDER_PROFIT_SQ":9963325.92,"HOLDER_PROFIT_QOQ_SQ":-1.81235023552,"ROE_AVG_SQ":2.305678604885,"PE_TTM_SQ":-2.717922403929,"PB_TTM_SQ":1.482322671194,"ROA_SQ":0.875445344618,"START_DATE":"2022-01-01 00:00:00","FISCAL_YEAR":"12-31","CURRENCY":"HKD","IS_CNY_CODE":0,"DPS_HKD_LY":null,"ORG_TYPE":"一般企业","PREMIUM_INCOME":null,"PREMIUM_INCOME_YOY":null,"NET_INTEREST_INCOME":null,"NET_INTEREST_INCOME_YOY":null,"FEE_COMMISSION_INCOME":null,"FEE_COMMISSION_INCOME_YOY":null,"ACCOUNTS_RECE_TDAYS":1.063902867457,"INVENTORY_TDAYS":0.455932979463,"CURRENT_ASSETS_TDAYS":0.410955976635,"TOTAL_ASSETS_TDAYS":0.201746352658,"PREMIUM_EXPENSE":null,"LOAN_DEPOSIT":null,"LOAN_EQUITY":null,"LOAN_ASSETS":null,"DEPOSIT_EQUITY":null,"DEPOSIT_ASSETS":null,"EQUITY_MULTIPLIER":3.05569538014,"EQUITY_RATIO":2.055695380139},{"SECUCODE":"01498.HK","SECURITY_CODE":"01498","SECURITY_NAME_ABBR":"培力农本方","ORG_CODE":"10468021","STD_REPORT_DATE":"2021-12-31 00:00:00","REPORT_DATE":"2021-12-31 00:00:00","DATE_TYPE_CODE":"001","REPORT_TYPE":"2021年年报","PER_NETCASH_OPERATE":-0.030062710085,"PER_OI":1.365642084749,"BPS":0.829290428432,"BASIC_EPS":-0.2530472,"DILUTED_EPS":-0.2530472,"OPERATE_INCOME":539282419.2,"OPERATE_INCOME_YOY":9.6004586127,"GROSS_PROFIT":346133412.8,"GROSS_PROFIT_YOY":11.166849811376,"HOLDER_PROFIT":-99646635.2,"HOLDER_PROFIT_YOY":-484.348785872,"GROSS_PROFIT_RATIO":64.184071365329,"EPS_TTM":-0.25233835517,"OPERATE_INCOME_QOQ":7.368640447027,"NET_PROFIT_RATIO":-18.477634659,"ROE_AVG":-26.691823183124,"GROSS_PROFIT_QOQ":6.758234212877,"ROA":-9.446218474369,"HOLDER_PROFIT_QOQ":-480.262206410759,"ROE_YEARLY":-26.691823183124,"ROIC_YEARLY":-10.033638378377,"TOTAL_ASSETS":985913588.8,"TOTAL_LIABILITIES":657599768,"TAX_EBT":-3.997713154482,"OCF_SALES":-2.201360841247,"TOTAL_PARENT_EQUITY":328313820.8,"DEBT_ASSET_RATIO":66.6995338608,"OPERATE_PROFIT":-73718904,"PRETAX_PROFIT":-95816179.2,"NETCASH_OPERATE":-11871552,"NETCASH_INVEST":4909688,"NETCASH_FINANCE":-11341747.2,"END_CASH":48787009.6,"DIVI_RATIO":null,"DIVIDEND_RATE":null,"CURRENT_RATIO":0.918148423151,"COMMON_ACS":50000000000,"CURRENTDEBT_DEBT":82.719117747621,"ISSUED_COMMON_SHARES":395897275,"HK_COMMON_SHARES":395897275,"PER_SHARES":500,"TOTAL_MARKET_CAP":197948637.5,"HKSK_MARKET_CAP":197948637.5,"PE_TTM":-2.27286820259,"PB_TTM":1.517184949146,"REPORT_DATE_SQ":"2020-12-31 00:00:00","REPORT_TYPE_SQ":"2020年年报","OPERATE_INCOME_SQ":506511576.6,"DPS_HKD":null,"OPERATE_INCOME_QOQ_SQ":-13.578538481865,"NET_PROFIT_RATIO_SQ":5.2690610902,"HOLDER_PROFIT_SQ":26688404.4,"HOLDER_PROFIT_QOQ_SQ":117.399831576094,"ROE_AVG_SQ":7.258111586313,"PE_TTM_SQ":-2.717922403929,"PB_TTM_SQ":1.482322671194,"ROA_SQ":2.442218729915,"START_DATE":"2021-01-01 00:00:00","FISCAL_YEAR":"12-31","CURRENCY":"HKD","IS_CNY_CODE":0,"DPS_HKD_LY":null,"ORG_TYPE":"一般企业","PREMIUM_INCOME":null,"PREMIUM_INCOME_YOY":null,"NET_INTEREST_INCOME":null,"NET_INTEREST_INCOME_YOY":null,"FEE_COMMISSION_INCOME":null,"FEE_COMMISSION_INCOME_YOY":null,"ACCOUNTS_RECE_TDAYS":2.731603076197,"INVENTORY_TDAYS":1.364900350413,"CURRENT_ASSETS_TDAYS":1.082598366071,"TOTAL_ASSETS_TDAYS":0.511224442343,"PREMIUM_EXPENSE":null,"LOAN_DEPOSIT":null,"LOAN_EQUITY":null,"LOAN_ASSETS":null,"DEPOSIT_EQUITY":null,"DEPOSIT_ASSETS":null,"EQUITY_MULTIPLIER":3.002960967032,"EQUITY_RATIO":2.002960967033},{"SECUCODE":"01498.HK","SECURITY_CODE":"01498","SECURITY_NAME_ABBR":"培力农本方","ORG_CODE":"10468021","STD_REPORT_DATE":"2021-06-30 00:00:00","REPORT_DATE":"2021-06-30 00:00:00","DATE_TYPE_CODE":"002","REPORT_TYPE":"2021年中报","PER_NETCASH_OPERATE":0.052256148078,"PER_OI":0.637940105797,"BPS":1.107615604578,"BASIC_EPS":0.025295232,"DILUTED_EPS":0.025295232,"OPERATE_INCOME":251918044.56,"OPERATE_INCOME_YOY":7.9609317054,"GROSS_PROFIT":163423840.32,"GROSS_PROFIT_YOY":8.539692899274,"HOLDER_PROFIT":9963325.92,"HOLDER_PROFIT_YOY":4.6952872257,"GROSS_PROFIT_RATIO":64.871827901584,"EPS_TTM":0.06635904145,"OPERATE_INCOME_QOQ":-0.837051257241,"NET_PROFIT_RATIO":3.9549870028,"ROE_AVG":2.305678604885,"GROSS_PROFIT_QOQ":4.129532144292,"ROA":0.875445344618,"HOLDER_PROFIT_QOQ":-1.81235023552,"ROE_YEARLY":4.611357209771,"ROIC_YEARLY":1.863281306226,"TOTAL_ASSETS":1132415115.6,"TOTAL_LIABILITIES":693913116,"TAX_EBT":31.128494190728,"OCF_SALES":8.191387812668,"TOTAL_PARENT_EQUITY":438501999.6,"DEBT_ASSET_RATIO":61.2772742469,"OPERATE_PROFIT":25692966.24,"PRETAX_PROFIT":14466542.88,"NETCASH_OPERATE":20635584,"NETCASH_INVEST":-21546711.6,"NETCASH_FINANCE":-16678211.52,"END_CASH":61242752.16,"DIVI_RATIO":null,"DIVIDEND_RATE":null,"CURRENT_RATIO":1.01126122592,"COMMON_ACS":50000000000,"CURRENTDEBT_DEBT":68.776425445171,"ISSUED_COMMON_SHARES":395897275,"HK_COMMON_SHARES":395897275,"PER_SHARES":500,"TOTAL_MARKET_CAP":197948637.5,"HKSK_MARKET_CAP":197948637.5,"PE_TTM":-2.27286820259,"PB_TTM":1.517184949146,"REPORT_DATE_SQ":"2020-06-30 00:00:00","REPORT_TYPE_SQ":"2020年中报","OPERATE_INCOME_SQ":256157806.08,"DPS_HKD":null,"OPERATE_INCOME_QOQ_SQ":-5.977309020898,"NET_PROFIT_RATIO_SQ":4.0783505449,"HOLDER_PROFIT_SQ":10447013.28,"HOLDER_PROFIT_QOQ_SQ":24.654551370538,"ROE_AVG_SQ":2.757435153742,"PE_TTM_SQ":-2.717922403929,"PB_TTM_SQ":1.482322671194,"ROA_SQ":0.933901769245,"START_DATE":"2021-01-01 00:00:00","FISCAL_YEAR":"12-31","CURRENCY":"HKD","IS_CNY_CODE":0,"DPS_HKD_LY":null,"ORG_TYPE":"一般企业","PREMIUM_INCOME":null,"PREMIUM_INCOME_YOY":null,"NET_INTEREST_INCOME":null,"NET_INTEREST_INCOME_YOY":null,"FEE_COMMISSION_INCOME":null,"FEE_COMMISSION_INCOME_YOY":null,"ACCOUNTS_RECE_TDAYS":1.318527551254,"INVENTORY_TDAYS":0.612152921674,"CURRENT_ASSETS_TDAYS":0.509821520285,"TOTAL_ASSETS_TDAYS":0.221352268415,"PREMIUM_EXPENSE":null,"LOAN_DEPOSIT":null,"LOAN_EQUITY":null,"LOAN_ASSETS":null,"DEPOSIT_EQUITY":null,"DEPOSIT_ASSETS":null,"EQUITY_MULTIPLIER":2.582462831713,"EQUITY_RATIO":1.582462831716},{"SECUCODE":"01498.HK","SECURITY_CODE":"01498","SECURITY_NAME_ABBR":"培力农本方","ORG_CODE":"10468021","STD_REPORT_DATE":"2020-12-31 00:00:00","REPORT_DATE":"2020-12-31 00:00:00","DATE_TYPE_CODE":"001","REPORT_TYPE":"2020年年报","PER_NETCASH_OPERATE":0.255446249063,"PER_OI":1.282655433945,"BPS":1.087736305131,"BASIC_EPS":0.07196022,"DILUTED_EPS":0.071876056,"OPERATE_INCOME":506511576.6,"OPERATE_INCOME_YOY":-13.5172925178,"GROSS_PROFIT":311363876.36,"GROSS_PROFIT_YOY":-12.849628052164,"HOLDER_PROFIT":26688404.4,"HOLDER_PROFIT_YOY":113.9533041741,"GROSS_PROFIT_RATIO":61.472213221671,"EPS_TTM":0.067583898391,"OPERATE_INCOME_QOQ":-13.578538481865,"NET_PROFIT_RATIO":5.2690610902,"ROE_AVG":7.258111586313,"GROSS_PROFIT_QOQ":-7.790826989079,"ROA":2.442218729915,"HOLDER_PROFIT_QOQ":117.399831576094,"ROE_YEARLY":7.258111586313,"ROIC_YEARLY":2.601943293062,"TOTAL_ASSETS":1156898986.28,"TOTAL_LIABILITIES":726267147.16,"TAX_EBT":21.152746351046,"OCF_SALES":19.915422513563,"TOTAL_PARENT_EQUITY":430631839.12,"DEBT_ASSET_RATIO":62.7770579604,"OPERATE_PROFIT":75427776.8,"PRETAX_PROFIT":33848235.88,"NETCASH_OPERATE":100873920.56,"NETCASH_INVEST":-77523460.4,"NETCASH_FINANCE":-3040845.32,"END_CASH":63804728.4,"DIVI_RATIO":null,"DIVIDEND_RATE":null,"CURRENT_RATIO":1.026679078946,"COMMON_ACS":50000000000,"CURRENTDEBT_DEBT":68.59125827569,"ISSUED_COMMON_SHARES":395897275,"HK_COMMON_SHARES":395897275,"PER_SHARES":500,"TOTAL_MARKET_CAP":197948637.5,"HKSK_MARKET_CAP":197948637.5,"PE_TTM":-2.27286820259,"PB_TTM":1.517184949146,"REPORT_DATE_SQ":"2019-12-31 00:00:00","REPORT_TYPE_SQ":"2019年年报","OPERATE_INCOME_SQ":623354490.62,"DPS_HKD":null,"OPERATE_INCOME_QOQ_SQ":0.430649862444,"NET_PROFIT_RATIO_SQ":-32.6576890523,"HOLDER_PROFIT_SQ":-203573171.24,"HOLDER_PROFIT_QOQ_SQ":-521.284069089008,"ROE_AVG_SQ":-49.17184332206,"PE_TTM_SQ":-2.717922403929,"PB_TTM_SQ":1.482322671194,"ROA_SQ":-17.786874179416,"START_DATE":"2020-01-01 00:00:00","FISCAL_YEAR":"12-31","CURRENCY":"HKD","IS_CNY_CODE":0,"DPS_HKD_LY":null,"ORG_TYPE":"一般企业","PREMIUM_INCOME":null,"PREMIUM_INCOME_YOY":null,"NET_INTEREST_INCOME":null,"NET_INTEREST_INCOME_YOY":null,"FEE_COMMISSION_INCOME":null,"FEE_COMMISSION_INCOME_YOY":null,"ACCOUNTS_RECE_TDAYS":2.661355585921,"INVENTORY_TDAYS":1.217106022907,"CURRENT_ASSETS_TDAYS":0.998548175679,"TOTAL_ASSETS_TDAYS":0.463501691878,"PREMIUM_EXPENSE":null,"LOAN_DEPOSIT":null,"LOAN_EQUITY":null,"LOAN_ASSETS":null,"DEPOSIT_EQUITY":null,"DEPOSIT_ASSETS":null,"EQUITY_MULTIPLIER":2.686515211334,"EQUITY_RATIO":1.686515211333},{"SECUCODE":"01498.HK","SECURITY_CODE":"01498","SECURITY_NAME_ABBR":"培力农本方","ORG_CODE":"10468021","STD_REPORT_DATE":"2020-06-30 00:00:00","REPORT_DATE":"2020-06-30 00:00:00","DATE_TYPE_CODE":"002","REPORT_TYPE":"2020年中报","PER_NETCASH_OPERATE":0.147501569242,"PER_OI":0.648676589233,"BPS":1.078452664369,"BASIC_EPS":0.029960832,"DILUTED_EPS":0.029960832,"OPERATE_INCOME":256157806.08,"OPERATE_INCOME_YOY":-15.9270651581,"GROSS_PROFIT":150565968.96,"GROSS_PROFIT_YOY":-11.518551183662,"HOLDER_PROFIT":10447013.28,"HOLDER_PROFIT_YOY":125.3142983621,"GROSS_PROFIT_RATIO":58.778598733383,"EPS_TTM":-0.388416968841,"OPERATE_INCOME_QOQ":-5.977309020898,"NET_PROFIT_RATIO":4.0783505449,"ROE_AVG":2.757435153742,"GROSS_PROFIT_QOQ":-5.486223222592,"ROA":0.933901769245,"HOLDER_PROFIT_QOQ":24.654551370538,"ROE_YEARLY":5.514870307484,"ROIC_YEARLY":2.004304953325,"TOTAL_ASSETS":1120838378.88,"TOTAL_LIABILITIES":693881907.84,"TAX_EBT":30.211130095192,"OCF_SALES":22.738845780795,"TOTAL_PARENT_EQUITY":426956471.04,"DEBT_ASSET_RATIO":61.9074008273,"OPERATE_PROFIT":25168012.32,"PRETAX_PROFIT":14969454.72,"NETCASH_OPERATE":58247328.48,"NETCASH_INVEST":-14483504.64,"NETCASH_FINANCE":-14690855.52,"END_CASH":80590070.88,"DIVI_RATIO":null,"DIVIDEND_RATE":null,"CURRENT_RATIO":1.074535009307,"COMMON_ACS":50000000000,"CURRENTDEBT_DEBT":77.153663070207,"ISSUED_COMMON_SHARES":395897275,"HK_COMMON_SHARES":395897275,"PER_SHARES":500,"TOTAL_MARKET_CAP":197948637.5,"HKSK_MARKET_CAP":197948637.5,"PE_TTM":-2.27286820259,"PB_TTM":1.517184949146,"REPORT_DATE_SQ":"2019-06-30 00:00:00","REPORT_TYPE_SQ":"2019年中报","OPERATE_INCOME_SQ":293417630.28,"DPS_HKD":null,"OPERATE_INCOME_QOQ_SQ":-4.979748570144,"NET_PROFIT_RATIO_SQ":-13.5448707571,"HOLDER_PROFIT_SQ":-39743038.8,"HOLDER_PROFIT_QOQ_SQ":-279.737410917957,"ROE_AVG_SQ":-8.38009032988,"PE_TTM_SQ":-2.717922403929,"PB_TTM_SQ":1.482322671194,"ROA_SQ":-3.379064385088,"START_DATE":"2020-01-01 00:00:00","FISCAL_YEAR":"12-31","CURRENCY":"HKD","IS_CNY_CODE":0,"DPS_HKD_LY":null,"ORG_TYPE":"一般企业","PREMIUM_INCOME":null,"PREMIUM_INCOME_YOY":null,"NET_INTEREST_INCOME":null,"NET_INTEREST_INCOME_YOY":null,"FEE_COMMISSION_INCOME":null,"FEE_COMMISSION_INCOME_YOY":null,"ACCOUNTS_RECE_TDAYS":1.241860629893,"INVENTORY_TDAYS":0.597904711167,"CURRENT_ASSETS_TDAYS":0.456925732786,"TOTAL_ASSETS_TDAYS":0.228990068158,"PREMIUM_EXPENSE":null,"LOAN_DEPOSIT":null,"LOAN_EQUITY":null,"LOAN_ASSETS":null,"DEPOSIT_EQUITY":null,"DEPOSIT_ASSETS":null,"EQUITY_MULTIPLIER":2.625181850853,"EQUITY_RATIO":1.625181850857}],"count":23},"success":true,"message":"ok","code":0}