{"version":"014ed0ba7bfb8e0ca903c3980db30e3b","result":{"pages":2,"data":[{"SECUCODE":"01502.HK","SECURITY_CODE":"01502","SECURITY_NAME_ABBR":"金融街物业","ORG_CODE":"10000074120","STD_REPORT_DATE":"2024-06-30 00:00:00","REPORT_DATE":"2024-06-30 00:00:00","DATE_TYPE_CODE":"002","REPORT_TYPE":"2024年中报","PER_NETCASH_OPERATE":0.097598393574,"PER_OI":2.178564926372,"BPS":3.332797858099,"BASIC_EPS":0.17,"DILUTED_EPS":0.17,"OPERATE_INCOME":813694000,"OPERATE_INCOME_YOY":14.2254315948,"GROSS_PROFIT":127865000,"GROSS_PROFIT_YOY":1.088640819683,"HOLDER_PROFIT":63467000,"HOLDER_PROFIT_YOY":-10.7519019026,"GROSS_PROFIT_RATIO":15.714138238699,"EPS_TTM":0.322495314592,"OPERATE_INCOME_QOQ":6.691159186412,"NET_PROFIT_RATIO":8.7680381077,"ROE_AVG":5.096473815397,"GROSS_PROFIT_QOQ":0.539492242595,"ROA":2.936411675969,"HOLDER_PROFIT_QOQ":-5.968867585755,"ROE_YEARLY":10.192947630795,"ROIC_YEARLY":19.299900789503,"TOTAL_ASSETS":2219859000,"TOTAL_LIABILITIES":920575000,"TAX_EBT":22.613430520755,"OCF_SALES":4.479939633327,"TOTAL_PARENT_EQUITY":1244800000,"DEBT_ASSET_RATIO":41.4699762462,"OPERATE_PROFIT":86969000,"PRETAX_PROFIT":92193000,"NETCASH_OPERATE":36453000,"NETCASH_INVEST":68209000,"NETCASH_FINANCE":-17547000,"END_CASH":1403839000,"DIVI_RATIO":0.534438715856,"DIVIDEND_RATE":9.14375,"CURRENT_RATIO":2.317289056042,"COMMON_ACS":null,"CURRENTDEBT_DEBT":92.252559541591,"ISSUED_COMMON_SHARES":373500000,"HK_COMMON_SHARES":103500000,"PER_SHARES":1000,"TOTAL_MARKET_CAP":776880000,"HKSK_MARKET_CAP":215280000,"PE_TTM":5.807900784411,"PB_TTM":0.569603822622,"REPORT_DATE_SQ":"2023-06-30 00:00:00","REPORT_TYPE_SQ":"2023年中报","OPERATE_INCOME_SQ":712358000,"DPS_HKD":0.19019,"OPERATE_INCOME_QOQ_SQ":3.083585880597,"NET_PROFIT_RATIO_SQ":11.0137037838,"HOLDER_PROFIT_SQ":71113000,"HOLDER_PROFIT_QOQ_SQ":7.570362904891,"ROE_AVG_SQ":6.001940357021,"PE_TTM_SQ":6.180320313558,"PB_TTM_SQ":0.671334957035,"ROA_SQ":3.532207621071,"START_DATE":"2024-01-01 00:00:00","FISCAL_YEAR":"12-31","CURRENCY":"HKD","IS_CNY_CODE":0,"DPS_HKD_LY":0.19019,"ORG_TYPE":"一般企业","PREMIUM_INCOME":null,"PREMIUM_INCOME_YOY":null,"NET_INTEREST_INCOME":null,"NET_INTEREST_INCOME_YOY":null,"FEE_COMMISSION_INCOME":null,"FEE_COMMISSION_INCOME_YOY":null,"ACCOUNTS_RECE_TDAYS":2.630041259339,"INVENTORY_TDAYS":null,"CURRENT_ASSETS_TDAYS":0.426907153699,"TOTAL_ASSETS_TDAYS":0.376469749991,"PREMIUM_EXPENSE":null,"LOAN_DEPOSIT":null,"LOAN_EQUITY":null,"LOAN_ASSETS":null,"DEPOSIT_EQUITY":null,"DEPOSIT_ASSETS":null,"EQUITY_MULTIPLIER":1.70852484907,"EQUITY_RATIO":0.739536471722},{"SECUCODE":"01502.HK","SECURITY_CODE":"01502","SECURITY_NAME_ABBR":"金融街物业","ORG_CODE":"10000074120","STD_REPORT_DATE":"2023-12-31 00:00:00","REPORT_DATE":"2023-12-31 00:00:00","DATE_TYPE_CODE":"001","REPORT_TYPE":"2023年年报","PER_NETCASH_OPERATE":0.372647925033,"PER_OI":4.054821954485,"BPS":3.335539491299,"BASIC_EPS":0.343,"DILUTED_EPS":0.343,"OPERATE_INCOME":1514476000,"OPERATE_INCOME_YOY":9.0972482854,"GROSS_PROFIT":255240000,"GROSS_PROFIT_YOY":2.694090382387,"HOLDER_PROFIT":128098000,"HOLDER_PROFIT_YOY":5.7682145452,"GROSS_PROFIT_RATIO":16.853353899303,"EPS_TTM":0.342966532798,"OPERATE_INCOME_QOQ":5.833773004099,"NET_PROFIT_RATIO":9.477931641,"ROE_AVG":10.562810328627,"GROSS_PROFIT_QOQ":4.403313222211,"ROA":6.242221466365,"HOLDER_PROFIT_QOQ":-1.625772760435,"ROE_YEARLY":10.562810328627,"ROIC_YEARLY":23.343301315519,"TOTAL_ASSETS":2102900000,"TOTAL_LIABILITIES":799940000,"TAX_EBT":26.673886502143,"OCF_SALES":9.190241377216,"TOTAL_PARENT_EQUITY":1245824000,"DEBT_ASSET_RATIO":38.0398497313,"OPERATE_PROFIT":172845000,"PRETAX_PROFIT":195757000,"NETCASH_OPERATE":139184000,"NETCASH_INVEST":-165363000,"NETCASH_FINANCE":-100316000,"END_CASH":1316199000,"DIVI_RATIO":0.50253877658,"DIVIDEND_RATE":9.14375,"CURRENT_RATIO":2.51546182219,"COMMON_ACS":null,"CURRENTDEBT_DEBT":91.643873290497,"ISSUED_COMMON_SHARES":373500000,"HK_COMMON_SHARES":103500000,"PER_SHARES":1000,"TOTAL_MARKET_CAP":776880000,"HKSK_MARKET_CAP":215280000,"PE_TTM":5.807900784411,"PB_TTM":0.569603822622,"REPORT_DATE_SQ":"2022-12-31 00:00:00","REPORT_TYPE_SQ":"2022年年报","OPERATE_INCOME_SQ":1388189000,"DPS_HKD":0.19019,"OPERATE_INCOME_QOQ_SQ":1.921487087542,"NET_PROFIT_RATIO_SQ":9.7771989261,"HOLDER_PROFIT_SQ":121112000,"HOLDER_PROFIT_QOQ_SQ":-1.658908305103,"ROE_AVG_SQ":10.428028033547,"PE_TTM_SQ":6.073763066772,"PB_TTM_SQ":0.659760216396,"ROA_SQ":6.238280773911,"START_DATE":"2023-01-01 00:00:00","FISCAL_YEAR":"12-31","CURRENCY":"HKD","IS_CNY_CODE":0,"DPS_HKD_LY":0.17987,"ORG_TYPE":"一般企业","PREMIUM_INCOME":null,"PREMIUM_INCOME_YOY":null,"NET_INTEREST_INCOME":null,"NET_INTEREST_INCOME_YOY":null,"FEE_COMMISSION_INCOME":null,"FEE_COMMISSION_INCOME_YOY":null,"ACCOUNTS_RECE_TDAYS":5.901916350847,"INVENTORY_TDAYS":null,"CURRENT_ASSETS_TDAYS":0.824240511152,"TOTAL_ASSETS_TDAYS":0.738004855462,"PREMIUM_EXPENSE":null,"LOAN_DEPOSIT":null,"LOAN_EQUITY":null,"LOAN_ASSETS":null,"DEPOSIT_EQUITY":null,"DEPOSIT_ASSETS":null,"EQUITY_MULTIPLIER":1.613940566095,"EQUITY_RATIO":0.642097118052},{"SECUCODE":"01502.HK","SECURITY_CODE":"01502","SECURITY_NAME_ABBR":"金融街物业","ORG_CODE":"10000074120","STD_REPORT_DATE":"2023-06-30 00:00:00","REPORT_DATE":"2023-06-30 00:00:00","DATE_TYPE_CODE":"002","REPORT_TYPE":"2023年中报","PER_NETCASH_OPERATE":-0.102029451138,"PER_OI":1.907250334672,"BPS":3.186179384203,"BASIC_EPS":0.19,"DILUTED_EPS":0.19,"OPERATE_INCOME":712358000,"OPERATE_INCOME_YOY":6.3932301001,"GROSS_PROFIT":126488000,"GROSS_PROFIT_YOY":-3.116646369019,"HOLDER_PROFIT":71113000,"HOLDER_PROFIT_YOY":14.7928134433,"GROSS_PROFIT_RATIO":17.756240541975,"EPS_TTM":0.348634538153,"OPERATE_INCOME_QOQ":3.083585880597,"NET_PROFIT_RATIO":11.0137037838,"ROE_AVG":6.001940357021,"GROSS_PROFIT_QOQ":-1.637134672332,"ROA":3.532207621071,"HOLDER_PROFIT_QOQ":7.570362904891,"ROE_YEARLY":12.003880714041,"ROIC_YEARLY":27.489686004181,"TOTAL_ASSETS":2025203000,"TOTAL_LIABILITIES":800197000,"TAX_EBT":25.771781602127,"OCF_SALES":-5.349557385472,"TOTAL_PARENT_EQUITY":1190038000,"DEBT_ASSET_RATIO":39.5119402845,"OPERATE_PROFIT":96615000,"PRETAX_PROFIT":105697000,"NETCASH_OPERATE":-38108000,"NETCASH_INVEST":-8005000,"NETCASH_FINANCE":-25048000,"END_CASH":1372799000,"DIVI_RATIO":0.494368638039,"DIVIDEND_RATE":9.14375,"CURRENT_RATIO":2.477583080771,"COMMON_ACS":null,"CURRENTDEBT_DEBT":94.425497721186,"ISSUED_COMMON_SHARES":373500000,"HK_COMMON_SHARES":103500000,"PER_SHARES":1000,"TOTAL_MARKET_CAP":776880000,"HKSK_MARKET_CAP":215280000,"PE_TTM":5.807900784411,"PB_TTM":0.569603822622,"REPORT_DATE_SQ":"2022-06-30 00:00:00","REPORT_TYPE_SQ":"2022年中报","OPERATE_INCOME_SQ":669552000,"DPS_HKD":0.19019,"OPERATE_INCOME_QOQ_SQ":3.145674300254,"NET_PROFIT_RATIO_SQ":10.3733541234,"HOLDER_PROFIT_SQ":61949000,"HOLDER_PROFIT_QOQ_SQ":-10.618877843694,"ROE_AVG_SQ":5.476171638984,"PE_TTM_SQ":6.073763066772,"PB_TTM_SQ":0.659760216396,"ROA_SQ":3.257064052421,"START_DATE":"2023-01-01 00:00:00","FISCAL_YEAR":"12-31","CURRENCY":"HKD","IS_CNY_CODE":0,"DPS_HKD_LY":0.17987,"ORG_TYPE":"一般企业","PREMIUM_INCOME":null,"PREMIUM_INCOME_YOY":null,"NET_INTEREST_INCOME":null,"NET_INTEREST_INCOME_YOY":null,"FEE_COMMISSION_INCOME":null,"FEE_COMMISSION_INCOME_YOY":null,"ACCOUNTS_RECE_TDAYS":2.619878266306,"INVENTORY_TDAYS":null,"CURRENT_ASSETS_TDAYS":0.384766995373,"TOTAL_ASSETS_TDAYS":0.353830714009,"PREMIUM_EXPENSE":null,"LOAN_DEPOSIT":null,"LOAN_EQUITY":null,"LOAN_ASSETS":null,"DEPOSIT_EQUITY":null,"DEPOSIT_ASSETS":null,"EQUITY_MULTIPLIER":1.653218841377,"EQUITY_RATIO":0.67241298177},{"SECUCODE":"01502.HK","SECURITY_CODE":"01502","SECURITY_NAME_ABBR":"金融街物业","ORG_CODE":"10000074120","STD_REPORT_DATE":"2022-12-31 00:00:00","REPORT_DATE":"2022-12-31 00:00:00","DATE_TYPE_CODE":"001","REPORT_TYPE":"2022年年报","PER_NETCASH_OPERATE":0.580235609103,"PER_OI":3.716704149933,"BPS":3.159081659973,"BASIC_EPS":0.324,"DILUTED_EPS":0.324,"OPERATE_INCOME":1388189000,"OPERATE_INCOME_YOY":5.1276051133,"GROSS_PROFIT":248544000,"GROSS_PROFIT_YOY":-5.401259824538,"HOLDER_PROFIT":121112000,"HOLDER_PROFIT_YOY":-12.1016287023,"GROSS_PROFIT_RATIO":17.904190279566,"EPS_TTM":0.324099062918,"OPERATE_INCOME_QOQ":1.921487087542,"NET_PROFIT_RATIO":9.7771989261,"ROE_AVG":10.428028033547,"GROSS_PROFIT_QOQ":-2.294973700969,"ROA":6.238280773911,"HOLDER_PROFIT_QOQ":-1.658908305103,"ROE_YEARLY":10.428028033547,"ROIC_YEARLY":26.33426951015,"TOTAL_ASSETS":2001030000,"TOTAL_LIABILITIES":784282000,"TAX_EBT":29.476592606442,"OCF_SALES":15.611562978816,"TOTAL_PARENT_EQUITY":1179629000,"DEBT_ASSET_RATIO":39.1877658214,"OPERATE_PROFIT":114821000,"PRETAX_PROFIT":192546000,"NETCASH_OPERATE":216718000,"NETCASH_INVEST":-58595000,"NETCASH_FINANCE":-111833000,"END_CASH":1443945000,"DIVI_RATIO":0.531794138027,"DIVIDEND_RATE":9.14375,"CURRENT_RATIO":2.516221472405,"COMMON_ACS":null,"CURRENTDEBT_DEBT":92.770840080481,"ISSUED_COMMON_SHARES":373500000,"HK_COMMON_SHARES":103500000,"PER_SHARES":1000,"TOTAL_MARKET_CAP":776880000,"HKSK_MARKET_CAP":215280000,"PE_TTM":5.807900784411,"PB_TTM":0.569603822622,"REPORT_DATE_SQ":"2021-12-31 00:00:00","REPORT_TYPE_SQ":"2021年年报","OPERATE_INCOME_SQ":1320480000,"DPS_HKD":0.19019,"OPERATE_INCOME_QOQ_SQ":7.656748725098,"NET_PROFIT_RATIO_SQ":11.4188779838,"HOLDER_PROFIT_SQ":137717000,"HOLDER_PROFIT_QOQ_SQ":12.952224728317,"ROE_AVG_SQ":12.474264249657,"PE_TTM_SQ":6.073763066772,"PB_TTM_SQ":0.659760216396,"ROA_SQ":7.641664067971,"START_DATE":"2022-01-01 00:00:00","FISCAL_YEAR":"12-31","CURRENCY":"HKD","IS_CNY_CODE":0,"DPS_HKD_LY":0.26088,"ORG_TYPE":"一般企业","PREMIUM_INCOME":null,"PREMIUM_INCOME_YOY":null,"NET_INTEREST_INCOME":null,"NET_INTEREST_INCOME_YOY":null,"FEE_COMMISSION_INCOME":null,"FEE_COMMISSION_INCOME_YOY":null,"ACCOUNTS_RECE_TDAYS":6.12919448271,"INVENTORY_TDAYS":null,"CURRENT_ASSETS_TDAYS":0.774797180636,"TOTAL_ASSETS_TDAYS":0.715393738941,"PREMIUM_EXPENSE":null,"LOAN_DEPOSIT":null,"LOAN_EQUITY":null,"LOAN_ASSETS":null,"DEPOSIT_EQUITY":null,"DEPOSIT_ASSETS":null,"EQUITY_MULTIPLIER":1.644405954669,"EQUITY_RATIO":0.664854797568},{"SECUCODE":"01502.HK","SECURITY_CODE":"01502","SECURITY_NAME_ABBR":"金融街物业","ORG_CODE":"10000074120","STD_REPORT_DATE":"2022-06-30 00:00:00","REPORT_DATE":"2022-06-30 00:00:00","DATE_TYPE_CODE":"002","REPORT_TYPE":"2022年中报","PER_NETCASH_OPERATE":-0.14255957162,"PER_OI":1.792642570281,"BPS":3.000704149933,"BASIC_EPS":0.166,"DILUTED_EPS":0.166,"OPERATE_INCOME":669552000,"OPERATE_INCOME_YOY":6.6141837602,"GROSS_PROFIT":130557000,"GROSS_PROFIT_YOY":-6.01324598661,"HOLDER_PROFIT":61949000,"HOLDER_PROFIT_YOY":-19.0981155237,"GROSS_PROFIT_RATIO":19.499157645709,"EPS_TTM":0.32956626506,"OPERATE_INCOME_QOQ":3.145674300254,"NET_PROFIT_RATIO":10.3733541234,"ROE_AVG":5.476171638984,"GROSS_PROFIT_QOQ":-3.179249053229,"ROA":3.257064052421,"HOLDER_PROFIT_QOQ":-10.618877843694,"ROE_YEARLY":10.952343277968,"ROIC_YEARLY":26.199231561385,"TOTAL_ASSETS":1924413000,"TOTAL_LIABILITIES":773674000,"TAX_EBT":31.775095036492,"OCF_SALES":-7.952481659378,"TOTAL_PARENT_EQUITY":1120763000,"DEBT_ASSET_RATIO":40.2031164828,"OPERATE_PROFIT":68784000,"PRETAX_PROFIT":101803000,"NETCASH_OPERATE":-53246000,"NETCASH_INVEST":8075000,"NETCASH_FINANCE":-18809000,"END_CASH":1361711000,"DIVI_RATIO":0.522972160905,"DIVIDEND_RATE":9.14375,"CURRENT_RATIO":2.425878992624,"COMMON_ACS":null,"CURRENTDEBT_DEBT":95.573329335095,"ISSUED_COMMON_SHARES":373500000,"HK_COMMON_SHARES":103500000,"PER_SHARES":1000,"TOTAL_MARKET_CAP":776880000,"HKSK_MARKET_CAP":215280000,"PE_TTM":5.807900784411,"PB_TTM":0.569603822622,"REPORT_DATE_SQ":"2021-06-30 00:00:00","REPORT_TYPE_SQ":"2021年中报","OPERATE_INCOME_SQ":628014000,"DPS_HKD":0.19019,"OPERATE_INCOME_QOQ_SQ":8.461205840766,"NET_PROFIT_RATIO_SQ":13.4963083301,"HOLDER_PROFIT_SQ":76573000,"HOLDER_PROFIT_QOQ_SQ":16.743905475019,"ROE_AVG_SQ":7.051156922879,"PE_TTM_SQ":6.073763066772,"PB_TTM_SQ":0.659760216396,"ROA_SQ":4.214032091505,"START_DATE":"2022-01-01 00:00:00","FISCAL_YEAR":"12-31","CURRENCY":"HKD","IS_CNY_CODE":0,"DPS_HKD_LY":0.26088,"ORG_TYPE":"一般企业","PREMIUM_INCOME":null,"PREMIUM_INCOME_YOY":null,"NET_INTEREST_INCOME":null,"NET_INTEREST_INCOME_YOY":null,"FEE_COMMISSION_INCOME":null,"FEE_COMMISSION_INCOME_YOY":null,"ACCOUNTS_RECE_TDAYS":2.665891580896,"INVENTORY_TDAYS":null,"CURRENT_ASSETS_TDAYS":0.377600205732,"TOTAL_ASSETS_TDAYS":0.352027272503,"PREMIUM_EXPENSE":null,"LOAN_DEPOSIT":null,"LOAN_EQUITY":null,"LOAN_ASSETS":null,"DEPOSIT_EQUITY":null,"DEPOSIT_ASSETS":null,"EQUITY_MULTIPLIER":1.672327956209,"EQUITY_RATIO":0.690310083399},{"SECUCODE":"01502.HK","SECURITY_CODE":"01502","SECURITY_NAME_ABBR":"金融街物业","ORG_CODE":"10000074120","STD_REPORT_DATE":"2021-12-31 00:00:00","REPORT_DATE":"2021-12-31 00:00:00","DATE_TYPE_CODE":"001","REPORT_TYPE":"2021年年报","PER_NETCASH_OPERATE":0.315828647925,"PER_OI":3.535421686747,"BPS":3.056840696118,"BASIC_EPS":0.369,"DILUTED_EPS":0.369,"OPERATE_INCOME":1320480000,"OPERATE_INCOME_YOY":11.8525709116,"GROSS_PROFIT":262735000,"GROSS_PROFIT_YOY":4.762531350806,"HOLDER_PROFIT":137717000,"HOLDER_PROFIT_YOY":31.2790742012,"GROSS_PROFIT_RATIO":19.896931418878,"EPS_TTM":0.36872021419,"OPERATE_INCOME_QOQ":7.656748725098,"NET_PROFIT_RATIO":11.4188779838,"ROE_AVG":12.474264249657,"GROSS_PROFIT_QOQ":-3.868529278323,"ROA":7.641664067971,"HOLDER_PROFIT_QOQ":12.952224728317,"ROE_YEARLY":12.474264249657,"ROIC_YEARLY":37.378152628972,"TOTAL_ASSETS":1879565000,"TOTAL_LIABILITIES":715365000,"TAX_EBT":25.314154667618,"OCF_SALES":8.9332666909,"TOTAL_PARENT_EQUITY":1141730000,"DEBT_ASSET_RATIO":38.0601362549,"OPERATE_PROFIT":210295000,"PRETAX_PROFIT":201891000,"NETCASH_OPERATE":117962000,"NETCASH_INVEST":-14275000,"NETCASH_FINANCE":-87642000,"END_CASH":1397612000,"DIVI_RATIO":0.467438385982,"DIVIDEND_RATE":9.14375,"CURRENT_RATIO":2.600707531771,"COMMON_ACS":null,"CURRENTDEBT_DEBT":94.202539962117,"ISSUED_COMMON_SHARES":373500000,"HK_COMMON_SHARES":103500000,"PER_SHARES":1000,"TOTAL_MARKET_CAP":776880000,"HKSK_MARKET_CAP":215280000,"PE_TTM":5.807900784411,"PB_TTM":0.569603822622,"REPORT_DATE_SQ":"2020-12-31 00:00:00","REPORT_TYPE_SQ":"2020年年报","OPERATE_INCOME_SQ":1180554000,"DPS_HKD":0.19019,"OPERATE_INCOME_QOQ_SQ":4.973939357372,"NET_PROFIT_RATIO_SQ":10.2292995095,"HOLDER_PROFIT_SQ":104904000,"HOLDER_PROFIT_QOQ_SQ":-11.284965554734,"ROE_AVG_SQ":14.3216523148,"PE_TTM_SQ":6.073763066772,"PB_TTM_SQ":0.659760216396,"ROA_SQ":7.721797045343,"START_DATE":"2021-01-01 00:00:00","FISCAL_YEAR":"12-31","CURRENCY":"HKD","IS_CNY_CODE":0,"DPS_HKD_LY":0.18541,"ORG_TYPE":"一般企业","PREMIUM_INCOME":null,"PREMIUM_INCOME_YOY":null,"NET_INTEREST_INCOME":null,"NET_INTEREST_INCOME_YOY":null,"FEE_COMMISSION_INCOME":null,"FEE_COMMISSION_INCOME_YOY":null,"ACCOUNTS_RECE_TDAYS":7.332985328254,"INVENTORY_TDAYS":null,"CURRENT_ASSETS_TDAYS":0.780435679424,"TOTAL_ASSETS_TDAYS":0.732710164212,"PREMIUM_EXPENSE":null,"LOAN_DEPOSIT":null,"LOAN_EQUITY":null,"LOAN_ASSETS":null,"DEPOSIT_EQUITY":null,"DEPOSIT_ASSETS":null,"EQUITY_MULTIPLIER":1.614469163373,"EQUITY_RATIO":0.62656232209},{"SECUCODE":"01502.HK","SECURITY_CODE":"01502","SECURITY_NAME_ABBR":"金融街物业","ORG_CODE":"10000074120","STD_REPORT_DATE":"2021-06-30 00:00:00","REPORT_DATE":"2021-06-30 00:00:00","DATE_TYPE_CODE":"002","REPORT_TYPE":"2021年中报","PER_NETCASH_OPERATE":0.048390896921,"PER_OI":1.681429718876,"BPS":2.892168674699,"BASIC_EPS":0.205,"DILUTED_EPS":0.205,"OPERATE_INCOME":628014000,"OPERATE_INCOME_YOY":18.806839065,"GROSS_PROFIT":138910000,"GROSS_PROFIT_YOY":32.104001825928,"HOLDER_PROFIT":76573000,"HOLDER_PROFIT_YOY":30.05155525,"GROSS_PROFIT_RATIO":22.241504527114,"EPS_TTM":0.326439089692,"OPERATE_INCOME_QOQ":8.461205840766,"NET_PROFIT_RATIO":13.4963083301,"ROE_AVG":7.051156922879,"GROSS_PROFIT_QOQ":12.00367187532,"ROA":4.214032091505,"HOLDER_PROFIT_QOQ":16.743905475019,"ROE_YEARLY":14.102313845758,"ROIC_YEARLY":40.605239506902,"TOTAL_ASSETS":1866860000,"TOTAL_LIABILITIES":771341000,"TAX_EBT":24.913740520561,"OCF_SALES":2.990062352246,"TOTAL_PARENT_EQUITY":1080225000,"DEBT_ASSET_RATIO":41.317559967,"OPERATE_PROFIT":113428000,"PRETAX_PROFIT":109843000,"NETCASH_OPERATE":23772000,"NETCASH_INVEST":-33393000,"NETCASH_FINANCE":-8163000,"END_CASH":1374598000,"DIVI_RATIO":0.527982056201,"DIVIDEND_RATE":9.14375,"CURRENT_RATIO":2.391878419125,"COMMON_ACS":null,"CURRENTDEBT_DEBT":96.09692729934,"ISSUED_COMMON_SHARES":373500000,"HK_COMMON_SHARES":103500000,"PER_SHARES":1000,"TOTAL_MARKET_CAP":776880000,"HKSK_MARKET_CAP":215280000,"PE_TTM":5.807900784411,"PB_TTM":0.569603822622,"REPORT_DATE_SQ":"2020-06-30 00:00:00","REPORT_TYPE_SQ":"2020年中报","OPERATE_INCOME_SQ":508783000,"DPS_HKD":0.19019,"OPERATE_INCOME_QOQ_SQ":8.052143701091,"NET_PROFIT_RATIO_SQ":12.261809062,"HOLDER_PROFIT_SQ":58190000,"HOLDER_PROFIT_QOQ_SQ":11.8859119724,"ROE_AVG_SQ":15.233303315253,"PE_TTM_SQ":6.073763066772,"PB_TTM_SQ":0.659760216396,"ROA_SQ":5.922450402404,"START_DATE":"2021-01-01 00:00:00","FISCAL_YEAR":"12-31","CURRENCY":"HKD","IS_CNY_CODE":0,"DPS_HKD_LY":0.18541,"ORG_TYPE":"一般企业","PREMIUM_INCOME":null,"PREMIUM_INCOME_YOY":null,"NET_INTEREST_INCOME":null,"NET_INTEREST_INCOME_YOY":null,"FEE_COMMISSION_INCOME":null,"FEE_COMMISSION_INCOME_YOY":null,"ACCOUNTS_RECE_TDAYS":3.105068119622,"INVENTORY_TDAYS":null,"CURRENT_ASSETS_TDAYS":0.355120459277,"TOTAL_ASSETS_TDAYS":0.336595235583,"PREMIUM_EXPENSE":null,"LOAN_DEPOSIT":null,"LOAN_EQUITY":null,"LOAN_ASSETS":null,"DEPOSIT_EQUITY":null,"DEPOSIT_ASSETS":null,"EQUITY_MULTIPLIER":1.704087286482,"EQUITY_RATIO":0.71405586799},{"SECUCODE":"01502.HK","SECURITY_CODE":"01502","SECURITY_NAME_ABBR":"金融街物业","ORG_CODE":"10000074120","STD_REPORT_DATE":"2020-12-31 00:00:00","REPORT_DATE":"2020-12-31 00:00:00","DATE_TYPE_CODE":"001","REPORT_TYPE":"2020年年报","PER_NETCASH_OPERATE":0.507801874163,"PER_OI":3.160787148594,"BPS":2.843360107095,"BASIC_EPS":0.328,"DILUTED_EPS":0.328,"OPERATE_INCOME":1180554000,"OPERATE_INCOME_YOY":13.4265918031,"GROSS_PROFIT":250791000,"GROSS_PROFIT_YOY":31.009930574782,"HOLDER_PROFIT":104904000,"HOLDER_PROFIT_YOY":-0.7403746543,"GROSS_PROFIT_RATIO":21.57764004814,"EPS_TTM":0.279619812584,"OPERATE_INCOME_QOQ":4.973939357372,"NET_PROFIT_RATIO":10.2292995095,"ROE_AVG":14.3216523148,"GROSS_PROFIT_QOQ":15.490231343001,"ROA":7.721797045343,"HOLDER_PROFIT_QOQ":-11.284965554734,"ROE_YEARLY":14.3216523148,"ROIC_YEARLY":35.327924444693,"TOTAL_ASSETS":1748306000,"TOTAL_LIABILITIES":661747000,"TAX_EBT":26.055400991896,"OCF_SALES":16.771378723984,"TOTAL_PARENT_EQUITY":1066288000,"DEBT_ASSET_RATIO":37.2529216312,"OPERATE_PROFIT":199997000,"PRETAX_PROFIT":157073000,"NETCASH_OPERATE":182451000,"NETCASH_INVEST":29607000,"NETCASH_FINANCE":552970000,"END_CASH":1399507000,"DIVI_RATIO":0.616386872616,"DIVIDEND_RATE":9.14375,"CURRENT_RATIO":2.683974564629,"COMMON_ACS":null,"CURRENTDEBT_DEBT":94.752375152437,"ISSUED_COMMON_SHARES":373500000,"HK_COMMON_SHARES":103500000,"PER_SHARES":1000,"TOTAL_MARKET_CAP":776880000,"HKSK_MARKET_CAP":215280000,"PE_TTM":5.807900784411,"PB_TTM":0.569603822622,"REPORT_DATE_SQ":"2019-12-31 00:00:00","REPORT_TYPE_SQ":"2019年年报","OPERATE_INCOME_SQ":997014000,"DPS_HKD":0.19019,"OPERATE_INCOME_QOQ_SQ":4.524472745915,"NET_PROFIT_RATIO_SQ":11.3749656474,"HOLDER_PROFIT_SQ":105217000,"HOLDER_PROFIT_QOQ_SQ":-2.232856346404,"ROE_AVG_SQ":33.861230006758,"PE_TTM_SQ":6.073763066772,"PB_TTM_SQ":0.659760216396,"ROA_SQ":12.131648628751,"START_DATE":"2020-01-01 00:00:00","FISCAL_YEAR":"12-31","CURRENCY":"HKD","IS_CNY_CODE":0,"DPS_HKD_LY":null,"ORG_TYPE":"一般企业","PREMIUM_INCOME":null,"PREMIUM_INCOME_YOY":null,"NET_INTEREST_INCOME":null,"NET_INTEREST_INCOME_YOY":null,"FEE_COMMISSION_INCOME":null,"FEE_COMMISSION_INCOME_YOY":null,"ACCOUNTS_RECE_TDAYS":8.852616857821,"INVENTORY_TDAYS":null,"CURRENT_ASSETS_TDAYS":0.903096410866,"TOTAL_ASSETS_TDAYS":0.836134177296,"PREMIUM_EXPENSE":null,"LOAN_DEPOSIT":null,"LOAN_EQUITY":null,"LOAN_ASSETS":null,"DEPOSIT_EQUITY":null,"DEPOSIT_ASSETS":null,"EQUITY_MULTIPLIER":1.593699700443,"EQUITY_RATIO":0.620608128386},{"SECUCODE":"01502.HK","SECURITY_CODE":"01502","SECURITY_NAME_ABBR":"金融街物业","ORG_CODE":"10000074120","STD_REPORT_DATE":"2020-06-30 00:00:00","REPORT_DATE":"2020-06-30 00:00:00","DATE_TYPE_CODE":"002","REPORT_TYPE":"2020年中报","PER_NETCASH_OPERATE":0.175255555556,"PER_OI":1.884381481481,"BPS":0.983978580991,"BASIC_EPS":0.216,"DILUTED_EPS":0.216,"OPERATE_INCOME":508783000,"OPERATE_INCOME_YOY":18.7352684468,"GROSS_PROFIT":105152000,"GROSS_PROFIT_YOY":23.283270608374,"HOLDER_PROFIT":58190000,"HOLDER_PROFIT_YOY":27.3750109448,"GROSS_PROFIT_RATIO":20.667357203366,"EPS_TTM":0.436011111111,"OPERATE_INCOME_QOQ":8.052143701091,"NET_PROFIT_RATIO":12.261809062,"ROE_AVG":15.233303315253,"GROSS_PROFIT_QOQ":10.374081252057,"ROA":5.922450402404,"HOLDER_PROFIT_QOQ":11.8859119724,"ROE_YEARLY":30.466606630505,"ROIC_YEARLY":36.926982112402,"TOTAL_ASSETS":984854000,"TOTAL_LIABILITIES":606695000,"TAX_EBT":26.152061459061,"OCF_SALES":9.300428669983,"TOTAL_PARENT_EQUITY":367516000,"DEBT_ASSET_RATIO":61.6025319489,"OPERATE_PROFIT":81703000,"PRETAX_PROFIT":84479000,"NETCASH_OPERATE":44280000,"NETCASH_INVEST":-44691000,"NETCASH_FINANCE":-99848000,"END_CASH":565864000,"DIVI_RATIO":0.395297223873,"DIVIDEND_RATE":9.14375,"CURRENT_RATIO":1.558054714474,"COMMON_ACS":null,"CURRENTDEBT_DEBT":93.140540139609,"ISSUED_COMMON_SHARES":373500000,"HK_COMMON_SHARES":103500000,"PER_SHARES":1000,"TOTAL_MARKET_CAP":776880000,"HKSK_MARKET_CAP":215280000,"PE_TTM":5.807900784411,"PB_TTM":0.569603822622,"REPORT_DATE_SQ":"2019-06-30 00:00:00","REPORT_TYPE_SQ":"2019年中报","OPERATE_INCOME_SQ":428502000,"DPS_HKD":0.19019,"OPERATE_INCOME_QOQ_SQ":0,"NET_PROFIT_RATIO_SQ":11.8505864617,"HOLDER_PROFIT_SQ":45684000,"HOLDER_PROFIT_QOQ_SQ":0,"ROE_AVG_SQ":null,"PE_TTM_SQ":6.073763066772,"PB_TTM_SQ":0.659760216396,"ROA_SQ":null,"START_DATE":"2020-01-01 00:00:00","FISCAL_YEAR":"12-31","CURRENCY":"HKD","IS_CNY_CODE":0,"DPS_HKD_LY":null,"ORG_TYPE":"一般企业","PREMIUM_INCOME":null,"PREMIUM_INCOME_YOY":null,"NET_INTEREST_INCOME":null,"NET_INTEREST_INCOME_YOY":null,"FEE_COMMISSION_INCOME":null,"FEE_COMMISSION_INCOME_YOY":null,"ACCOUNTS_RECE_TDAYS":3.672820723833,"INVENTORY_TDAYS":null,"CURRENT_ASSETS_TDAYS":0.580301703096,"TOTAL_ASSETS_TDAYS":0.517828163445,"PREMIUM_EXPENSE":null,"LOAN_DEPOSIT":null,"LOAN_EQUITY":null,"LOAN_ASSETS":null,"DEPOSIT_EQUITY":null,"DEPOSIT_ASSETS":null,"EQUITY_MULTIPLIER":2.604338386763,"EQUITY_RATIO":1.650798876784}],"count":15},"success":true,"message":"ok","code":0}