{"version":"0d9b4918d7644b951219906bba7639bc","result":{"pages":2,"data":[{"SECUCODE":"01501.HK","SECURITY_CODE":"01501","SECURITY_NAME_ABBR":"瑛泰医疗","ORG_CODE":"10295272","STD_REPORT_DATE":"2024-06-30 00:00:00","REPORT_DATE":"2024-06-30 00:00:00","DATE_TYPE_CODE":"002","REPORT_TYPE":"2024年中报","PER_NETCASH_OPERATE":0.595556818182,"PER_OI":2.229102272727,"BPS":9.5378125,"BASIC_EPS":0.58,"DILUTED_EPS":0.58,"OPERATE_INCOME":392322000,"OPERATE_INCOME_YOY":15.468972581,"GROSS_PROFIT":246768000,"GROSS_PROFIT_YOY":23.168455203394,"HOLDER_PROFIT":100538000,"HOLDER_PROFIT_YOY":24.8888226379,"GROSS_PROFIT_RATIO":62.899353082417,"EPS_TTM":1.002801136364,"OPERATE_INCOME_QOQ":6.981334580174,"NET_PROFIT_RATIO":25.2797446995,"ROE_AVG":6.042135932132,"GROSS_PROFIT_QOQ":10.596023466569,"ROA":5.032627129674,"HOLDER_PROFIT_QOQ":12.806074512486,"ROE_YEARLY":12.084271864265,"ROIC_YEARLY":12.569009661353,"TOTAL_ASSETS":1965822000,"TOTAL_LIABILITIES":274716000,"TAX_EBT":10.447949868622,"OCF_SALES":26.717339328409,"TOTAL_PARENT_EQUITY":1678655000,"DEBT_ASSET_RATIO":13.974612147,"OPERATE_PROFIT":111781000,"PRETAX_PROFIT":110749000,"NETCASH_OPERATE":104818000,"NETCASH_INVEST":-80683000,"NETCASH_FINANCE":-117740000,"END_CASH":330640000,"DIVI_RATIO":0.271106593463,"DIVIDEND_RATE":1.107011070111,"CURRENT_RATIO":2.698981676855,"COMMON_ACS":null,"CURRENTDEBT_DEBT":87.292330989094,"ISSUED_COMMON_SHARES":176000000,"HK_COMMON_SHARES":104213392,"PER_SHARES":200,"TOTAL_MARKET_CAP":4769600000,"HKSK_MARKET_CAP":2824182923.2,"PE_TTM":24.398108513707,"PB_TTM":2.593218099014,"REPORT_DATE_SQ":"2023-06-30 00:00:00","REPORT_TYPE_SQ":"2023年中报","OPERATE_INCOME_SQ":339764000,"DPS_HKD":0.3,"OPERATE_INCOME_QOQ_SQ":19.551173186455,"NET_PROFIT_RATIO_SQ":23.6943878692,"HOLDER_PROFIT_SQ":80502000,"HOLDER_PROFIT_QOQ_SQ":22.519417217739,"ROE_AVG_SQ":5.25044660298,"PE_TTM_SQ":27.018272022585,"PB_TTM_SQ":2.809414845088,"ROA_SQ":4.278323257822,"START_DATE":"2024-01-01 00:00:00","FISCAL_YEAR":"12-31","CURRENCY":"HKD","IS_CNY_CODE":0,"DPS_HKD_LY":0.3,"ORG_TYPE":"一般企业","PREMIUM_INCOME":null,"PREMIUM_INCOME_YOY":null,"NET_INTEREST_INCOME":null,"NET_INTEREST_INCOME_YOY":null,"FEE_COMMISSION_INCOME":null,"FEE_COMMISSION_INCOME_YOY":null,"ACCOUNTS_RECE_TDAYS":3.840251369169,"INVENTORY_TDAYS":1.030631319568,"CURRENT_ASSETS_TDAYS":0.572097692999,"TOTAL_ASSETS_TDAYS":0.196384485545,"PREMIUM_EXPENSE":null,"LOAN_DEPOSIT":null,"LOAN_EQUITY":null,"LOAN_ASSETS":null,"DEPOSIT_EQUITY":null,"DEPOSIT_ASSETS":null,"EQUITY_MULTIPLIER":1.162447534336,"EQUITY_RATIO":0.163652447942},{"SECUCODE":"01501.HK","SECURITY_CODE":"01501","SECURITY_NAME_ABBR":"瑛泰医疗","ORG_CODE":"10295272","STD_REPORT_DATE":"2023-12-31 00:00:00","REPORT_DATE":"2023-12-31 00:00:00","DATE_TYPE_CODE":"001","REPORT_TYPE":"2023年年报","PER_NETCASH_OPERATE":1.041789473684,"PER_OI":4.402549707602,"BPS":9.3706875,"BASIC_EPS":0.92,"DILUTED_EPS":0.92,"OPERATE_INCOME":752836000,"OPERATE_INCOME_YOY":28.4959625045,"GROSS_PROFIT":438070000,"GROSS_PROFIT_YOY":31.755923557684,"HOLDER_PROFIT":156457000,"HOLDER_PROFIT_YOY":18.786300517,"GROSS_PROFIT_RATIO":58.189300192871,"EPS_TTM":0.914953216374,"OPERATE_INCOME_QOQ":7.481975357994,"NET_PROFIT_RATIO":20.3534368707,"ROE_AVG":9.898407468424,"GROSS_PROFIT_QOQ":7.156572809573,"ROA":8.11296980005,"HOLDER_PROFIT_QOQ":-3.046959237548,"ROE_YEARLY":9.898407468424,"ROIC_YEARLY":11.042204813325,"TOTAL_ASSETS":2029626000,"TOTAL_LIABILITIES":351248000,"TAX_EBT":12.50513909826,"OCF_SALES":23.663321095166,"TOTAL_PARENT_EQUITY":1649241000,"DEBT_ASSET_RATIO":17.3060455473,"OPERATE_PROFIT":178322000,"PRETAX_PROFIT":175128000,"NETCASH_OPERATE":178146000,"NETCASH_INVEST":-283812000,"NETCASH_FINANCE":8058000,"END_CASH":423668000,"DIVI_RATIO":0.29713650396,"DIVIDEND_RATE":1.107011070111,"CURRENT_RATIO":2.286056516291,"COMMON_ACS":null,"CURRENTDEBT_DEBT":90.200940645925,"ISSUED_COMMON_SHARES":176000000,"HK_COMMON_SHARES":104213392,"PER_SHARES":200,"TOTAL_MARKET_CAP":4769600000,"HKSK_MARKET_CAP":2824182923.2,"PE_TTM":24.398108513707,"PB_TTM":2.593218099014,"REPORT_DATE_SQ":"2022-12-31 00:00:00","REPORT_TYPE_SQ":"2022年年报","OPERATE_INCOME_SQ":585883000,"DPS_HKD":0.3,"OPERATE_INCOME_QOQ_SQ":15.04165693068,"NET_PROFIT_RATIO_SQ":22.8429566995,"HOLDER_PROFIT_SQ":131713000,"HOLDER_PROFIT_QOQ_SQ":-8.019078745216,"ROE_AVG_SQ":9.060264069968,"PE_TTM_SQ":26.969502578501,"PB_TTM_SQ":2.804343699159,"ROA_SQ":7.638018034266,"START_DATE":"2023-01-01 00:00:00","FISCAL_YEAR":"12-31","CURRENCY":"HKD","IS_CNY_CODE":0,"DPS_HKD_LY":0.27,"ORG_TYPE":"一般企业","PREMIUM_INCOME":null,"PREMIUM_INCOME_YOY":null,"NET_INTEREST_INCOME":null,"NET_INTEREST_INCOME_YOY":null,"FEE_COMMISSION_INCOME":null,"FEE_COMMISSION_INCOME_YOY":null,"ACCOUNTS_RECE_TDAYS":7.354643324671,"INVENTORY_TDAYS":2.224125321943,"CURRENT_ASSETS_TDAYS":0.986530208422,"TOTAL_ASSETS_TDAYS":0.390377914212,"PREMIUM_EXPENSE":null,"LOAN_DEPOSIT":null,"LOAN_EQUITY":null,"LOAN_ASSETS":null,"DEPOSIT_EQUITY":null,"DEPOSIT_ASSETS":null,"EQUITY_MULTIPLIER":1.209278243637,"EQUITY_RATIO":0.212975544508},{"SECUCODE":"01501.HK","SECURITY_CODE":"01501","SECURITY_NAME_ABBR":"瑛泰医疗","ORG_CODE":"10295272","STD_REPORT_DATE":"2023-06-30 00:00:00","REPORT_DATE":"2023-06-30 00:00:00","DATE_TYPE_CODE":"002","REPORT_TYPE":"2023年中报","PER_NETCASH_OPERATE":0.393988095238,"PER_OI":2.022404761905,"BPS":8.832198863636,"BASIC_EPS":0.48,"DILUTED_EPS":0.47,"OPERATE_INCOME":339764000,"OPERATE_INCOME_YOY":50.8607254337,"GROSS_PROFIT":200350000,"GROSS_PROFIT_YOY":61.542617095216,"HOLDER_PROFIT":80502000,"HOLDER_PROFIT_YOY":58.3407092701,"GROSS_PROFIT_RATIO":58.967400901802,"EPS_TTM":0.96055952381,"OPERATE_INCOME_QOQ":19.551173186455,"NET_PROFIT_RATIO":23.6943878692,"ROE_AVG":5.25044660298,"GROSS_PROFIT_QOQ":22.956455309396,"ROA":4.278323257822,"HOLDER_PROFIT_QOQ":22.519417217739,"ROE_YEARLY":10.50089320596,"ROIC_YEARLY":11.99090203602,"TOTAL_ASSETS":1935916000,"TOTAL_LIABILITIES":342207000,"TAX_EBT":8.948505377925,"OCF_SALES":19.481169282208,"TOTAL_PARENT_EQUITY":1554467000,"DEBT_ASSET_RATIO":17.6767483713,"OPERATE_PROFIT":89622000,"PRETAX_PROFIT":88417000,"NETCASH_OPERATE":66190000,"NETCASH_INVEST":-149615000,"NETCASH_FINANCE":19177000,"END_CASH":458217000,"DIVI_RATIO":0.283028790264,"DIVIDEND_RATE":1.107011070111,"CURRENT_RATIO":2.377006691693,"COMMON_ACS":null,"CURRENTDEBT_DEBT":89.521839120766,"ISSUED_COMMON_SHARES":176000000,"HK_COMMON_SHARES":104213392,"PER_SHARES":200,"TOTAL_MARKET_CAP":4769600000,"HKSK_MARKET_CAP":2824182923.2,"PE_TTM":24.398108513707,"PB_TTM":2.593218099014,"REPORT_DATE_SQ":"2022-06-30 00:00:00","REPORT_TYPE_SQ":"2022年中报","OPERATE_INCOME_SQ":225217000,"DPS_HKD":0.3,"OPERATE_INCOME_QOQ_SQ":9.59896701996,"NET_PROFIT_RATIO_SQ":22.2563128005,"HOLDER_PROFIT_SQ":50841000,"HOLDER_PROFIT_QOQ_SQ":0.165081141578,"ROE_AVG_SQ":3.600104517108,"PE_TTM_SQ":26.969502578501,"PB_TTM_SQ":2.804343699159,"ROA_SQ":3.084737916199,"START_DATE":"2023-01-01 00:00:00","FISCAL_YEAR":"12-31","CURRENCY":"HKD","IS_CNY_CODE":0,"DPS_HKD_LY":0.27,"ORG_TYPE":"一般企业","PREMIUM_INCOME":null,"PREMIUM_INCOME_YOY":null,"NET_INTEREST_INCOME":null,"NET_INTEREST_INCOME_YOY":null,"FEE_COMMISSION_INCOME":null,"FEE_COMMISSION_INCOME_YOY":null,"ACCOUNTS_RECE_TDAYS":4.661165414823,"INVENTORY_TDAYS":0.903871214528,"CURRENT_ASSETS_TDAYS":0.444096182237,"TOTAL_ASSETS_TDAYS":0.180569454594,"PREMIUM_EXPENSE":null,"LOAN_DEPOSIT":null,"LOAN_EQUITY":null,"LOAN_ASSETS":null,"DEPOSIT_EQUITY":null,"DEPOSIT_ASSETS":null,"EQUITY_MULTIPLIER":1.214723641518,"EQUITY_RATIO":0.2201442681},{"SECUCODE":"01501.HK","SECURITY_CODE":"01501","SECURITY_NAME_ABBR":"瑛泰医疗","ORG_CODE":"10295272","STD_REPORT_DATE":"2022-12-31 00:00:00","REPORT_DATE":"2022-12-31 00:00:00","DATE_TYPE_CODE":"001","REPORT_TYPE":"2022年年报","PER_NETCASH_OPERATE":1.074166666667,"PER_OI":3.487398809524,"BPS":8.590994318182,"BASIC_EPS":0.79,"DILUTED_EPS":0.78,"OPERATE_INCOME":585883000,"OPERATE_INCOME_YOY":26.0844676387,"GROSS_PROFIT":332486000,"GROSS_PROFIT_YOY":20.577345010789,"HOLDER_PROFIT":131713000,"HOLDER_PROFIT_YOY":-7.8672355904,"GROSS_PROFIT_RATIO":56.749555798683,"EPS_TTM":0.784005952381,"OPERATE_INCOME_QOQ":15.04165693068,"NET_PROFIT_RATIO":22.8429566995,"ROE_AVG":9.060264069968,"GROSS_PROFIT_QOQ":17.141830378534,"ROA":7.638018034266,"HOLDER_PROFIT_QOQ":-8.019078745216,"ROE_YEARLY":9.060264069968,"ROIC_YEARLY":11.998309288981,"TOTAL_ASSETS":1827334000,"TOTAL_LIABILITIES":273230000,"TAX_EBT":7.361491818257,"OCF_SALES":30.801371604911,"TOTAL_PARENT_EQUITY":1512015000,"DEBT_ASSET_RATIO":14.9523841837,"OPERATE_PROFIT":145286000,"PRETAX_PROFIT":144468000,"NETCASH_OPERATE":180460000,"NETCASH_INVEST":-316184000,"NETCASH_FINANCE":9722000,"END_CASH":518266000,"DIVI_RATIO":0.346765224389,"DIVIDEND_RATE":1.107011070111,"CURRENT_RATIO":3.346091419273,"COMMON_ACS":null,"CURRENTDEBT_DEBT":87.715477802584,"ISSUED_COMMON_SHARES":176000000,"HK_COMMON_SHARES":104213392,"PER_SHARES":200,"TOTAL_MARKET_CAP":4769600000,"HKSK_MARKET_CAP":2824182923.2,"PE_TTM":24.398108513707,"PB_TTM":2.593218099014,"REPORT_DATE_SQ":"2021-12-31 00:00:00","REPORT_TYPE_SQ":"2021年年报","OPERATE_INCOME_SQ":464675000,"DPS_HKD":0.3,"OPERATE_INCOME_QOQ_SQ":26.546513179574,"NET_PROFIT_RATIO_SQ":30.2243503524,"HOLDER_PROFIT_SQ":142960000,"HOLDER_PROFIT_QOQ_SQ":36.717479869174,"ROE_AVG_SQ":10.585230878131,"PE_TTM_SQ":26.969502578501,"PB_TTM_SQ":2.804343699159,"ROA_SQ":9.39219749894,"START_DATE":"2022-01-01 00:00:00","FISCAL_YEAR":"12-31","CURRENCY":"HKD","IS_CNY_CODE":0,"DPS_HKD_LY":0.32,"ORG_TYPE":"一般企业","PREMIUM_INCOME":null,"PREMIUM_INCOME_YOY":null,"NET_INTEREST_INCOME":null,"NET_INTEREST_INCOME_YOY":null,"FEE_COMMISSION_INCOME":null,"FEE_COMMISSION_INCOME_YOY":null,"ACCOUNTS_RECE_TDAYS":7.219575611199,"INVENTORY_TDAYS":2.053701609995,"CURRENT_ASSETS_TDAYS":0.705722856917,"TOTAL_ASSETS_TDAYS":0.339752713853,"PREMIUM_EXPENSE":null,"LOAN_DEPOSIT":null,"LOAN_EQUITY":null,"LOAN_ASSETS":null,"DEPOSIT_EQUITY":null,"DEPOSIT_ASSETS":null,"EQUITY_MULTIPLIER":1.175811914775,"EQUITY_RATIO":0.180705879241},{"SECUCODE":"01501.HK","SECURITY_CODE":"01501","SECURITY_NAME_ABBR":"瑛泰医疗","ORG_CODE":"10295272","STD_REPORT_DATE":"2022-06-30 00:00:00","REPORT_DATE":"2022-06-30 00:00:00","DATE_TYPE_CODE":"002","REPORT_TYPE":"2022年中报","PER_NETCASH_OPERATE":0.44605952381,"PER_OI":1.340577380952,"BPS":8.119011363636,"BASIC_EPS":0.31,"DILUTED_EPS":0.3,"OPERATE_INCOME":225217000,"OPERATE_INCOME_YOY":24.6958967516,"GROSS_PROFIT":124023000,"GROSS_PROFIT_YOY":6.975400220811,"HOLDER_PROFIT":50841000,"HOLDER_PROFIT_YOY":0.4663570793,"GROSS_PROFIT_RATIO":55.068223091507,"EPS_TTM":0.852357142857,"OPERATE_INCOME_QOQ":9.59896701996,"NET_PROFIT_RATIO":22.2563128005,"ROE_AVG":3.600104517108,"GROSS_PROFIT_QOQ":2.932782099403,"ROA":3.084737916199,"HOLDER_PROFIT_QOQ":0.165081141578,"ROE_YEARLY":7.200209034215,"ROIC_YEARLY":10.251157492004,"TOTAL_ASSETS":1674748000,"TOTAL_LIABILITIES":204099000,"TAX_EBT":11.796793890443,"OCF_SALES":33.273687155055,"TOTAL_PARENT_EQUITY":1428946000,"DEBT_ASSET_RATIO":12.1868484094,"OPERATE_PROFIT":57151000,"PRETAX_PROFIT":56829000,"NETCASH_OPERATE":74938000,"NETCASH_INVEST":-190642000,"NETCASH_FINANCE":-19804000,"END_CASH":507777000,"DIVI_RATIO":0.318957847985,"DIVIDEND_RATE":1.107011070111,"CURRENT_RATIO":4.865393833342,"COMMON_ACS":null,"CURRENTDEBT_DEBT":84.839710140667,"ISSUED_COMMON_SHARES":176000000,"HK_COMMON_SHARES":104213392,"PER_SHARES":200,"TOTAL_MARKET_CAP":4769600000,"HKSK_MARKET_CAP":2824182923.2,"PE_TTM":24.398108513707,"PB_TTM":2.593218099014,"REPORT_DATE_SQ":"2021-06-30 00:00:00","REPORT_TYPE_SQ":"2021年中报","OPERATE_INCOME_SQ":180613000,"DPS_HKD":0.3,"OPERATE_INCOME_QOQ_SQ":2.446516455188,"NET_PROFIT_RATIO_SQ":28.3999490624,"HOLDER_PROFIT_SQ":50605000,"HOLDER_PROFIT_QOQ_SQ":-13.833907411375,"ROE_AVG_SQ":3.922728336819,"PE_TTM_SQ":26.969502578501,"PB_TTM_SQ":2.804343699159,"ROA_SQ":3.588790746657,"START_DATE":"2022-01-01 00:00:00","FISCAL_YEAR":"12-31","CURRENCY":"HKD","IS_CNY_CODE":0,"DPS_HKD_LY":0.32,"ORG_TYPE":"一般企业","PREMIUM_INCOME":null,"PREMIUM_INCOME_YOY":null,"NET_INTEREST_INCOME":null,"NET_INTEREST_INCOME_YOY":null,"FEE_COMMISSION_INCOME":null,"FEE_COMMISSION_INCOME_YOY":null,"ACCOUNTS_RECE_TDAYS":3.031796459581,"INVENTORY_TDAYS":0.920221521002,"CURRENT_ASSETS_TDAYS":0.264818953115,"TOTAL_ASSETS_TDAYS":0.136648653503,"PREMIUM_EXPENSE":null,"LOAN_DEPOSIT":null,"LOAN_EQUITY":null,"LOAN_ASSETS":null,"DEPOSIT_EQUITY":null,"DEPOSIT_ASSETS":null,"EQUITY_MULTIPLIER":1.138781585544,"EQUITY_RATIO":0.142831849489},{"SECUCODE":"01501.HK","SECURITY_CODE":"01501","SECURITY_NAME_ABBR":"瑛泰医疗","ORG_CODE":"10295272","STD_REPORT_DATE":"2021-12-31 00:00:00","REPORT_DATE":"2021-12-31 00:00:00","DATE_TYPE_CODE":"001","REPORT_TYPE":"2021年年报","PER_NETCASH_OPERATE":0.438289156627,"PER_OI":2.799246987952,"BPS":7.928818181818,"BASIC_EPS":0.86,"DILUTED_EPS":0.86,"OPERATE_INCOME":464675000,"OPERATE_INCOME_YOY":29.642494448,"GROSS_PROFIT":275745000,"GROSS_PROFIT_YOY":17.631124288122,"HOLDER_PROFIT":142960000,"HOLDER_PROFIT_YOY":17.8041102889,"GROSS_PROFIT_RATIO":59.341475224619,"EPS_TTM":0.861204819277,"OPERATE_INCOME_QOQ":26.546513179574,"NET_PROFIT_RATIO":30.2243503524,"ROE_AVG":10.585230878131,"GROSS_PROFIT_QOQ":16.579785142625,"ROA":9.39219749894,"HOLDER_PROFIT_QOQ":36.717479869174,"ROE_YEARLY":10.585230878131,"ROIC_YEARLY":19.462242555141,"TOTAL_ASSETS":1621545000,"TOTAL_LIABILITIES":183625000,"TAX_EBT":9.792473553385,"OCF_SALES":15.657394953462,"TOTAL_PARENT_EQUITY":1395472000,"DEBT_ASSET_RATIO":11.3240767293,"OPERATE_PROFIT":156324000,"PRETAX_PROFIT":155691000,"NETCASH_OPERATE":72756000,"NETCASH_INVEST":-268084000,"NETCASH_FINANCE":-31069000,"END_CASH":640550000,"DIVI_RATIO":0.315681001679,"DIVIDEND_RATE":1.107011070111,"CURRENT_RATIO":5.602600165774,"COMMON_ACS":null,"CURRENTDEBT_DEBT":83.442341729067,"ISSUED_COMMON_SHARES":176000000,"HK_COMMON_SHARES":104213392,"PER_SHARES":200,"TOTAL_MARKET_CAP":4769600000,"HKSK_MARKET_CAP":2824182923.2,"PE_TTM":24.398108513707,"PB_TTM":2.593218099014,"REPORT_DATE_SQ":"2020-12-31 00:00:00","REPORT_TYPE_SQ":"2020年年报","OPERATE_INCOME_SQ":358428000,"DPS_HKD":0.3,"OPERATE_INCOME_QOQ_SQ":10.888773388773,"NET_PROFIT_RATIO_SQ":32.5077839901,"HOLDER_PROFIT_SQ":121354000,"HOLDER_PROFIT_QOQ_SQ":1.347074101603,"ROE_AVG_SQ":9.623513747452,"PE_TTM_SQ":26.969502578501,"PB_TTM_SQ":2.804343699159,"ROA_SQ":8.918943549762,"START_DATE":"2021-01-01 00:00:00","FISCAL_YEAR":"12-31","CURRENCY":"HKD","IS_CNY_CODE":0,"DPS_HKD_LY":0.341,"ORG_TYPE":"一般企业","PREMIUM_INCOME":null,"PREMIUM_INCOME_YOY":null,"NET_INTEREST_INCOME":null,"NET_INTEREST_INCOME_YOY":null,"FEE_COMMISSION_INCOME":null,"FEE_COMMISSION_INCOME_YOY":null,"ACCOUNTS_RECE_TDAYS":8.157774617721,"INVENTORY_TDAYS":2.558293838863,"CURRENT_ASSETS_TDAYS":0.487450643885,"TOTAL_ASSETS_TDAYS":0.305282552659,"PREMIUM_EXPENSE":null,"LOAN_DEPOSIT":null,"LOAN_EQUITY":null,"LOAN_ASSETS":null,"DEPOSIT_EQUITY":null,"DEPOSIT_ASSETS":null,"EQUITY_MULTIPLIER":1.127701819295,"EQUITY_RATIO":0.131586301982},{"SECUCODE":"01501.HK","SECURITY_CODE":"01501","SECURITY_NAME_ABBR":"瑛泰医疗","ORG_CODE":"10295272","STD_REPORT_DATE":"2021-06-30 00:00:00","REPORT_DATE":"2021-06-30 00:00:00","DATE_TYPE_CODE":"002","REPORT_TYPE":"2021年中报","PER_NETCASH_OPERATE":0.144578313253,"PER_OI":1.088030120482,"BPS":7.241147727273,"BASIC_EPS":0.3,"DILUTED_EPS":0.3,"OPERATE_INCOME":180613000,"OPERATE_INCOME_YOY":5.1028840111,"GROSS_PROFIT":115936000,"GROSS_PROFIT_YOY":1.857285937692,"HOLDER_PROFIT":50605000,"HOLDER_PROFIT_YOY":-24.9105990236,"GROSS_PROFIT_RATIO":64.190285306152,"EPS_TTM":0.629915662651,"OPERATE_INCOME_QOQ":2.446516455188,"NET_PROFIT_RATIO":28.3999490624,"ROE_AVG":3.922728336819,"GROSS_PROFIT_QOQ":0.901819422819,"ROA":3.588790746657,"HOLDER_PROFIT_QOQ":-13.833907411375,"ROE_YEARLY":7.845456673638,"ROIC_YEARLY":17.165977070759,"TOTAL_ASSETS":1397486000,"TOTAL_LIABILITIES":93921000,"TAX_EBT":14.315782440198,"OCF_SALES":13.288080038535,"TOTAL_PARENT_EQUITY":1274442000,"DEBT_ASSET_RATIO":6.7207113345,"OPERATE_PROFIT":60179000,"PRETAX_PROFIT":59864000,"NETCASH_OPERATE":24000000,"NETCASH_INVEST":-97781000,"NETCASH_FINANCE":-75408000,"END_CASH":719724000,"DIVI_RATIO":0.431591109921,"DIVIDEND_RATE":1.107011070111,"CURRENT_RATIO":11.620738355134,"COMMON_ACS":null,"CURRENTDEBT_DEBT":80.666730550143,"ISSUED_COMMON_SHARES":176000000,"HK_COMMON_SHARES":104213392,"PER_SHARES":200,"TOTAL_MARKET_CAP":4769600000,"HKSK_MARKET_CAP":2824182923.2,"PE_TTM":24.398108513707,"PB_TTM":2.593218099014,"REPORT_DATE_SQ":"2020-06-30 00:00:00","REPORT_TYPE_SQ":"2020年中报","OPERATE_INCOME_SQ":171844000,"DPS_HKD":0.3,"OPERATE_INCOME_QOQ_SQ":12.837877936305,"NET_PROFIT_RATIO_SQ":37.6510090547,"HOLDER_PROFIT_SQ":67393000,"HOLDER_PROFIT_QOQ_SQ":20.204991266288,"ROE_AVG_SQ":5.453626613549,"PE_TTM_SQ":26.969502578501,"PB_TTM_SQ":2.804343699159,"ROA_SQ":5.090513288828,"START_DATE":"2021-01-01 00:00:00","FISCAL_YEAR":"12-31","CURRENCY":"HKD","IS_CNY_CODE":0,"DPS_HKD_LY":0.341,"ORG_TYPE":"一般企业","PREMIUM_INCOME":null,"PREMIUM_INCOME_YOY":null,"NET_INTEREST_INCOME":null,"NET_INTEREST_INCOME_YOY":null,"FEE_COMMISSION_INCOME":null,"FEE_COMMISSION_INCOME_YOY":null,"ACCOUNTS_RECE_TDAYS":6.076437835383,"INVENTORY_TDAYS":0.931770705776,"CURRENT_ASSETS_TDAYS":0.187305617001,"TOTAL_ASSETS_TDAYS":0.128086604708,"PREMIUM_EXPENSE":null,"LOAN_DEPOSIT":null,"LOAN_EQUITY":null,"LOAN_ASSETS":null,"DEPOSIT_EQUITY":null,"DEPOSIT_ASSETS":null,"EQUITY_MULTIPLIER":1.072049341613,"EQUITY_RATIO":0.073695782154},{"SECUCODE":"01501.HK","SECURITY_CODE":"01501","SECURITY_NAME_ABBR":"瑛泰医疗","ORG_CODE":"10295272","STD_REPORT_DATE":"2020-12-31 00:00:00","REPORT_DATE":"2020-12-31 00:00:00","DATE_TYPE_CODE":"001","REPORT_TYPE":"2020年年报","PER_NETCASH_OPERATE":0.576584337349,"PER_OI":2.159204819277,"BPS":7.418465909091,"BASIC_EPS":0.73,"DILUTED_EPS":0.73,"OPERATE_INCOME":358428000,"OPERATE_INCOME_YOY":25.1245387615,"GROSS_PROFIT":234415000,"GROSS_PROFIT_YOY":34.379908508272,"HOLDER_PROFIT":121354000,"HOLDER_PROFIT_YOY":21.8242415725,"GROSS_PROFIT_RATIO":65.400861539835,"EPS_TTM":0.731048192771,"OPERATE_INCOME_QOQ":10.888773388773,"NET_PROFIT_RATIO":32.5077839901,"ROE_AVG":9.623513747452,"GROSS_PROFIT_QOQ":14.185578660743,"ROA":8.918943549762,"HOLDER_PROFIT_QOQ":1.347074101603,"ROE_YEARLY":9.623513747452,"ROIC_YEARLY":31.339604490958,"TOTAL_ASSETS":1422684000,"TOTAL_LIABILITIES":95036000,"TAX_EBT":15.003829740672,"OCF_SALES":26.703549945875,"TOTAL_PARENT_EQUITY":1305650000,"DEBT_ASSET_RATIO":6.6800498213,"OPERATE_PROFIT":137177000,"PRETAX_PROFIT":137085000,"NETCASH_OPERATE":95713000,"NETCASH_INVEST":-221870000,"NETCASH_FINANCE":-27946000,"END_CASH":870132000,"DIVI_RATIO":0.371885195379,"DIVIDEND_RATE":1.107011070111,"CURRENT_RATIO":11.868330464716,"COMMON_ACS":null,"CURRENTDEBT_DEBT":92.924786396734,"ISSUED_COMMON_SHARES":176000000,"HK_COMMON_SHARES":104213392,"PER_SHARES":200,"TOTAL_MARKET_CAP":4769600000,"HKSK_MARKET_CAP":2824182923.2,"PE_TTM":24.398108513707,"PB_TTM":2.593218099014,"REPORT_DATE_SQ":"2019-12-31 00:00:00","REPORT_TYPE_SQ":"2019年年报","OPERATE_INCOME_SQ":286457000,"DPS_HKD":0.3,"OPERATE_INCOME_QOQ_SQ":41.070821780862,"NET_PROFIT_RATIO_SQ":33.6996477656,"HOLDER_PROFIT_SQ":99614000,"HOLDER_PROFIT_QOQ_SQ":71.052270073494,"ROE_AVG_SQ":12.54263708397,"PE_TTM_SQ":26.969502578501,"PB_TTM_SQ":2.804343699159,"ROA_SQ":11.18868708652,"START_DATE":"2020-01-01 00:00:00","FISCAL_YEAR":"12-31","CURRENCY":"HKD","IS_CNY_CODE":0,"DPS_HKD_LY":0.195,"ORG_TYPE":"一般企业","PREMIUM_INCOME":null,"PREMIUM_INCOME_YOY":null,"NET_INTEREST_INCOME":null,"NET_INTEREST_INCOME_YOY":null,"FEE_COMMISSION_INCOME":null,"FEE_COMMISSION_INCOME_YOY":null,"ACCOUNTS_RECE_TDAYS":15.554070473876,"INVENTORY_TDAYS":2.514788039786,"CURRENT_ASSETS_TDAYS":0.330077936143,"TOTAL_ASSETS_TDAYS":0.263427583652,"PREMIUM_EXPENSE":null,"LOAN_DEPOSIT":null,"LOAN_EQUITY":null,"LOAN_ASSETS":null,"DEPOSIT_EQUITY":null,"DEPOSIT_ASSETS":null,"EQUITY_MULTIPLIER":1.071582226614,"EQUITY_RATIO":0.072788266381},{"SECUCODE":"01501.HK","SECURITY_CODE":"01501","SECURITY_NAME_ABBR":"瑛泰医疗","ORG_CODE":"10295272","STD_REPORT_DATE":"2020-06-30 00:00:00","REPORT_DATE":"2020-06-30 00:00:00","DATE_TYPE_CODE":"002","REPORT_TYPE":"2020年中报","PER_NETCASH_OPERATE":0.282536144578,"PER_OI":1.035204819277,"BPS":7.131318181818,"BASIC_EPS":0.41,"DILUTED_EPS":0.41,"OPERATE_INCOME":171844000,"OPERATE_INCOME_YOY":27.2268248081,"GROSS_PROFIT":113822000,"GROSS_PROFIT_YOY":37.182871123646,"HOLDER_PROFIT":67393000,"HOLDER_PROFIT_YOY":42.5824059578,"GROSS_PROFIT_RATIO":66.235655594609,"EPS_TTM":0.721331325301,"OPERATE_INCOME_QOQ":12.837877936305,"NET_PROFIT_RATIO":37.6510090547,"ROE_AVG":5.453626613549,"GROSS_PROFIT_QOQ":17.68553444698,"ROA":5.090513288828,"HOLDER_PROFIT_QOQ":20.204991266288,"ROE_YEARLY":10.907253227098,"ROIC_YEARLY":52.552655588394,"TOTAL_ASSETS":1349208000,"TOTAL_LIABILITIES":73842000,"TAX_EBT":15.444530116703,"OCF_SALES":27.292777169991,"TOTAL_PARENT_EQUITY":1255112000,"DEBT_ASSET_RATIO":5.4729885978,"OPERATE_PROFIT":76567000,"PRETAX_PROFIT":76519000,"NETCASH_OPERATE":46901000,"NETCASH_INVEST":-3765000,"NETCASH_FINANCE":-24205000,"END_CASH":1059889000,"DIVI_RATIO":0.376894764533,"DIVIDEND_RATE":1.107011070111,"CURRENT_RATIO":16.900817414871,"COMMON_ACS":null,"CURRENTDEBT_DEBT":92.943040546031,"ISSUED_COMMON_SHARES":176000000,"HK_COMMON_SHARES":104213392,"PER_SHARES":200,"TOTAL_MARKET_CAP":4769600000,"HKSK_MARKET_CAP":2824182923.2,"PE_TTM":24.398108513707,"PB_TTM":2.593218099014,"REPORT_DATE_SQ":"2019-06-30 00:00:00","REPORT_TYPE_SQ":"2019年中报","OPERATE_INCOME_SQ":135069000,"DPS_HKD":0.3,"OPERATE_INCOME_QOQ_SQ":0,"NET_PROFIT_RATIO_SQ":34.3172748743,"HOLDER_PROFIT_SQ":47266000,"HOLDER_PROFIT_QOQ_SQ":0,"ROE_AVG_SQ":null,"PE_TTM_SQ":26.969502578501,"PB_TTM_SQ":2.804343699159,"ROA_SQ":null,"START_DATE":"2020-01-01 00:00:00","FISCAL_YEAR":"12-31","CURRENCY":"HKD","IS_CNY_CODE":0,"DPS_HKD_LY":0.195,"ORG_TYPE":"一般企业","PREMIUM_INCOME":null,"PREMIUM_INCOME_YOY":null,"NET_INTEREST_INCOME":null,"NET_INTEREST_INCOME_YOY":null,"FEE_COMMISSION_INCOME":null,"FEE_COMMISSION_INCOME_YOY":null,"ACCOUNTS_RECE_TDAYS":10.982552565987,"INVENTORY_TDAYS":1.215298577802,"CURRENT_ASSETS_TDAYS":0.150503901327,"TOTAL_ASSETS_TDAYS":0.129801932783,"PREMIUM_EXPENSE":null,"LOAN_DEPOSIT":null,"LOAN_EQUITY":null,"LOAN_ASSETS":null,"DEPOSIT_EQUITY":null,"DEPOSIT_ASSETS":null,"EQUITY_MULTIPLIER":1.057898673793,"EQUITY_RATIO":0.058832996577}],"count":14},"success":true,"message":"ok","code":0}