{"version":"688d413383c848ec3b8b7616595cffcf","result":{"pages":3,"data":[{"SECUCODE":"01500.HK","SECURITY_CODE":"01500","SECURITY_NAME_ABBR":"现恒建筑","ORG_CODE":"10430932","STD_REPORT_DATE":"2024-06-30 00:00:00","REPORT_DATE":"2024-09-30 00:00:00","DATE_TYPE_CODE":"002","REPORT_TYPE":"2024年中报","PER_NETCASH_OPERATE":-0.021988465084,"PER_OI":0.15003612612,"BPS":0.26546524612,"BASIC_EPS":-0.018757232,"DILUTED_EPS":-0.018757232,"OPERATE_INCOME":124529984.68,"OPERATE_INCOME_YOY":-2.2758796388,"GROSS_PROFIT":-8456084.83,"GROSS_PROFIT_YOY":57.116964284855,"HOLDER_PROFIT":-15554073.92,"HOLDER_PROFIT_YOY":46.7539283178,"GROSS_PROFIT_RATIO":-6.790400602497,"EPS_TTM":-0.014040602711,"OPERATE_INCOME_QOQ":0,"NET_PROFIT_RATIO":-12.4902239087,"ROE_AVG":-6.818577143851,"GROSS_PROFIT_QOQ":0,"ROA":-4.375738095027,"HOLDER_PROFIT_QOQ":0,"ROE_YEARLY":-13.637154287702,"ROIC_YEARLY":-10.595505756023,"TOTAL_ASSETS":354478318.57,"TOTAL_LIABILITIES":134142164.29,"TAX_EBT":-0.425036390102,"OCF_SALES":-14.655447093242,"TOTAL_PARENT_EQUITY":220336154.28,"DEBT_ASSET_RATIO":37.8421351216,"OPERATE_PROFIT":-15488243.25,"PRETAX_PROFIT":-15488243.25,"NETCASH_OPERATE":-18250426.02,"NETCASH_INVEST":1914500.17,"NETCASH_FINANCE":-58616.35,"END_CASH":14907490.49,"DIVI_RATIO":null,"DIVIDEND_RATE":null,"CURRENT_RATIO":2.640862918569,"COMMON_ACS":2000000000,"CURRENTDEBT_DEBT":100,"ISSUED_COMMON_SHARES":830000000,"HK_COMMON_SHARES":830000000,"PER_SHARES":5000,"TOTAL_MARKET_CAP":55610000,"HKSK_MARKET_CAP":55610000,"PE_TTM":24.28384279476,"PB_TTM":0.227600150615,"REPORT_DATE_SQ":"2023-06-30 00:00:00","REPORT_TYPE_SQ":"2023年中报","OPERATE_INCOME_SQ":129668460.04,"DPS_HKD":null,"OPERATE_INCOME_QOQ_SQ":0,"NET_PROFIT_RATIO_SQ":-22.923684434,"HOLDER_PROFIT_SQ":-29724788.59,"HOLDER_PROFIT_QOQ_SQ":0,"ROE_AVG_SQ":-12.543830606203,"PE_TTM_SQ":-2.228252939975,"PB_TTM_SQ":0.315482436932,"ROA_SQ":-8.78243458858,"START_DATE":"2024-04-01 00:00:00","FISCAL_YEAR":"3-31","CURRENCY":"HKD","IS_CNY_CODE":0,"DPS_HKD_LY":null,"ORG_TYPE":"一般企业","PREMIUM_INCOME":null,"PREMIUM_INCOME_YOY":null,"NET_INTEREST_INCOME":null,"NET_INTEREST_INCOME_YOY":null,"FEE_COMMISSION_INCOME":null,"FEE_COMMISSION_INCOME_YOY":null,"ACCOUNTS_RECE_TDAYS":2.077524278052,"INVENTORY_TDAYS":8.389407213562,"CURRENT_ASSETS_TDAYS":0.350566943506,"TOTAL_ASSETS_TDAYS":0.350333038624,"PREMIUM_EXPENSE":null,"LOAN_DEPOSIT":null,"LOAN_EQUITY":null,"LOAN_ASSETS":null,"DEPOSIT_EQUITY":null,"DEPOSIT_ASSETS":null,"EQUITY_MULTIPLIER":1.608806869342,"EQUITY_RATIO":0.608806869342},{"SECUCODE":"01500.HK","SECURITY_CODE":"01500","SECURITY_NAME_ABBR":"现恒建筑","ORG_CODE":"10430932","STD_REPORT_DATE":"2023-12-31 00:00:00","REPORT_DATE":"2024-03-31 00:00:00","DATE_TYPE_CODE":"001","REPORT_TYPE":"2023年年报","PER_NETCASH_OPERATE":-0.037206778012,"PER_OI":0.418435082048,"BPS":0.285705239759,"BASIC_EPS":-0.01359825,"DILUTED_EPS":-0.01359825,"OPERATE_INCOME":347301118.1,"OPERATE_INCOME_YOY":15.2703015788,"GROSS_PROFIT":6360354.8,"GROSS_PROFIT_YOY":38.655963255952,"HOLDER_PROFIT":-11653700.25,"HOLDER_PROFIT_YOY":16.1393437276,"GROSS_PROFIT_RATIO":1.83136605917,"EPS_TTM":-0.037321105012,"OPERATE_INCOME_QOQ":0,"NET_PROFIT_RATIO":-3.3555032341,"ROE_AVG":-4.796507560423,"GROSS_PROFIT_QOQ":0,"ROA":-3.344886266061,"HOLDER_PROFIT_QOQ":0,"ROE_YEARLY":-4.796507560423,"ROIC_YEARLY":-4.447927587531,"TOTAL_ASSETS":358326579.2,"TOTAL_LIABILITIES":121191230.2,"TAX_EBT":-1.132877035638,"OCF_SALES":-8.891887800116,"TOTAL_PARENT_EQUITY":237135349,"DEBT_ASSET_RATIO":33.8214459197,"OPERATE_PROFIT":-11390800.75,"PRETAX_PROFIT":-11523157.05,"NETCASH_OPERATE":-30881625.75,"NETCASH_INVEST":5207223.2,"NETCASH_FINANCE":-4888117.6,"END_CASH":31467257.05,"DIVI_RATIO":null,"DIVIDEND_RATE":null,"CURRENT_RATIO":2.954654259298,"COMMON_ACS":2000000000,"CURRENTDEBT_DEBT":100,"ISSUED_COMMON_SHARES":830000000,"HK_COMMON_SHARES":830000000,"PER_SHARES":5000,"TOTAL_MARKET_CAP":55610000,"HKSK_MARKET_CAP":55610000,"PE_TTM":24.28384279476,"PB_TTM":0.227600150615,"REPORT_DATE_SQ":"2022-12-31 00:00:00","REPORT_TYPE_SQ":"2022年年报","OPERATE_INCOME_SQ":290943388.91,"DPS_HKD":null,"OPERATE_INCOME_QOQ_SQ":0,"NET_PROFIT_RATIO_SQ":-4.6122924258,"HOLDER_PROFIT_SQ":-13419159.89,"HOLDER_PROFIT_QOQ_SQ":0,"ROE_AVG_SQ":-5.204218645762,"PE_TTM_SQ":-3.172838425399,"PB_TTM_SQ":0.449219556936,"ROA_SQ":-3.882651672017,"START_DATE":"2023-04-01 00:00:00","FISCAL_YEAR":"3-31","CURRENCY":"HKD","IS_CNY_CODE":0,"DPS_HKD_LY":null,"ORG_TYPE":"一般企业","PREMIUM_INCOME":null,"PREMIUM_INCOME_YOY":null,"NET_INTEREST_INCOME":null,"NET_INTEREST_INCOME_YOY":null,"FEE_COMMISSION_INCOME":null,"FEE_COMMISSION_INCOME_YOY":null,"ACCOUNTS_RECE_TDAYS":6.393611428667,"INVENTORY_TDAYS":36.32803670611,"CURRENT_ASSETS_TDAYS":0.997743304464,"TOTAL_ASSETS_TDAYS":0.996835953559,"PREMIUM_EXPENSE":null,"LOAN_DEPOSIT":null,"LOAN_EQUITY":null,"LOAN_ASSETS":null,"DEPOSIT_EQUITY":null,"DEPOSIT_ASSETS":null,"EQUITY_MULTIPLIER":1.511063536968,"EQUITY_RATIO":0.511063536968},{"SECUCODE":"01500.HK","SECURITY_CODE":"01500","SECURITY_NAME_ABBR":"现恒建筑","ORG_CODE":"10430932","STD_REPORT_DATE":"2023-06-30 00:00:00","REPORT_DATE":"2023-09-30 00:00:00","DATE_TYPE_CODE":"002","REPORT_TYPE":"2023年中报","PER_NETCASH_OPERATE":-0.039347532169,"PER_OI":0.156227060289,"BPS":0.267596386096,"BASIC_EPS":-0.03578757,"DILUTED_EPS":-0.03578757,"OPERATE_INCOME":129668460.04,"OPERATE_INCOME_YOY":-14.931069773,"GROSS_PROFIT":-19718951.07,"GROSS_PROFIT_YOY":-1685.6172964671,"HOLDER_PROFIT":-29724788.59,"HOLDER_PROFIT_YOY":-140.7864416859,"GROSS_PROFIT_RATIO":-15.20720695219,"EPS_TTM":-0.016167662518,"OPERATE_INCOME_QOQ":0,"NET_PROFIT_RATIO":-22.923684434,"ROE_AVG":-12.543830606203,"GROSS_PROFIT_QOQ":0,"ROA":-8.78243458858,"HOLDER_PROFIT_QOQ":0,"ROE_YEARLY":-25.087661212406,"ROIC_YEARLY":-23.60618703201,"TOTAL_ASSETS":334297197.15,"TOTAL_LIABILITIES":112192196.69,"TAX_EBT":-0.157689691423,"OCF_SALES":-25.186118266482,"TOTAL_PARENT_EQUITY":222105000.46,"DEBT_ASSET_RATIO":33.5606154184,"OPERATE_PROFIT":-29580720.68,"PRETAX_PROFIT":-29677989.46,"NETCASH_OPERATE":-32658451.7,"NETCASH_INVEST":2863923.23,"NETCASH_FINANCE":-2473930.48,"END_CASH":30519456.17,"DIVI_RATIO":null,"DIVIDEND_RATE":null,"CURRENT_RATIO":2.977090370758,"COMMON_ACS":2000000000,"CURRENTDEBT_DEBT":100,"ISSUED_COMMON_SHARES":830000000,"HK_COMMON_SHARES":830000000,"PER_SHARES":5000,"TOTAL_MARKET_CAP":55610000,"HKSK_MARKET_CAP":55610000,"PE_TTM":24.28384279476,"PB_TTM":0.227600150615,"REPORT_DATE_SQ":"2022-06-30 00:00:00","REPORT_TYPE_SQ":"2022年中报","OPERATE_INCOME_SQ":150236528.4,"DPS_HKD":null,"OPERATE_INCOME_QOQ_SQ":0,"NET_PROFIT_RATIO_SQ":-8.0988501595,"HOLDER_PROFIT_SQ":-12167431.32,"HOLDER_PROFIT_QOQ_SQ":0,"ROE_AVG_SQ":-4.368743657398,"PE_TTM_SQ":-3.172838425399,"PB_TTM_SQ":0.449219556936,"ROA_SQ":-3.190738722542,"START_DATE":"2023-04-01 00:00:00","FISCAL_YEAR":"3-31","CURRENCY":"HKD","IS_CNY_CODE":0,"DPS_HKD_LY":null,"ORG_TYPE":"一般企业","PREMIUM_INCOME":null,"PREMIUM_INCOME_YOY":null,"NET_INTEREST_INCOME":null,"NET_INTEREST_INCOME_YOY":null,"FEE_COMMISSION_INCOME":null,"FEE_COMMISSION_INCOME_YOY":null,"ACCOUNTS_RECE_TDAYS":2.427200975635,"INVENTORY_TDAYS":13.839751764006,"CURRENT_ASSETS_TDAYS":0.383501937077,"TOTAL_ASSETS_TDAYS":0.383116187708,"PREMIUM_EXPENSE":null,"LOAN_DEPOSIT":null,"LOAN_EQUITY":null,"LOAN_ASSETS":null,"DEPOSIT_EQUITY":null,"DEPOSIT_ASSETS":null,"EQUITY_MULTIPLIER":1.505131340842,"EQUITY_RATIO":0.505131340842},{"SECUCODE":"01500.HK","SECURITY_CODE":"01500","SECURITY_NAME_ABBR":"现恒建筑","ORG_CODE":"10430932","STD_REPORT_DATE":"2022-12-31 00:00:00","REPORT_DATE":"2023-03-31 00:00:00","DATE_TYPE_CODE":"001","REPORT_TYPE":"2022年年报","PER_NETCASH_OPERATE":-0.011938272036,"PER_OI":0.350534203506,"BPS":0.289449570301,"BASIC_EPS":-0.01575738,"DILUTED_EPS":-0.01575738,"OPERATE_INCOME":290943388.91,"OPERATE_INCOME_YOY":-28.1008380819,"GROSS_PROFIT":4587148.4,"GROSS_PROFIT_YOY":-93.831757295193,"HOLDER_PROFIT":-13419159.89,"HOLDER_PROFIT_YOY":-124.6478646771,"GROSS_PROFIT_RATIO":1.576646376873,"EPS_TTM":-0.032769216554,"OPERATE_INCOME_QOQ":0,"NET_PROFIT_RATIO":-4.6122924258,"ROE_AVG":-5.204218645762,"GROSS_PROFIT_QOQ":0,"ROA":-3.882651672017,"HOLDER_PROFIT_QOQ":0,"ROE_YEARLY":-5.204218645762,"ROIC_YEARLY":-5.786548134726,"TOTAL_ASSETS":326853582.52,"TOTAL_LIABILITIES":86610439.17,"TAX_EBT":-0.032628556513,"OCF_SALES":-3.405736706073,"TOTAL_PARENT_EQUITY":240243143.35,"DEBT_ASSET_RATIO":26.4982376825,"OPERATE_PROFIT":-13106638.52,"PRETAX_PROFIT":-13414782.84,"NETCASH_OPERATE":-9908765.79,"NETCASH_INVEST":8803122.96,"NETCASH_FINANCE":-26499536.11,"END_CASH":59899053.84,"DIVI_RATIO":null,"DIVIDEND_RATE":null,"CURRENT_RATIO":3.772018367182,"COMMON_ACS":2000000000,"CURRENTDEBT_DEBT":99.934301626287,"ISSUED_COMMON_SHARES":830000000,"HK_COMMON_SHARES":830000000,"PER_SHARES":5000,"TOTAL_MARKET_CAP":58930000,"HKSK_MARKET_CAP":58930000,"PE_TTM":25.733624454148,"PB_TTM":0.241188219308,"REPORT_DATE_SQ":"2021-12-31 00:00:00","REPORT_TYPE_SQ":"2021年年报","OPERATE_INCOME_SQ":374886128.46,"DPS_HKD":null,"OPERATE_INCOME_QOQ_SQ":0,"NET_PROFIT_RATIO_SQ":13.4543078794,"HOLDER_PROFIT_SQ":50438333.92,"HOLDER_PROFIT_QOQ_SQ":0,"ROE_AVG_SQ":21.009533204062,"PE_TTM_SQ":-7.201382999543,"PB_TTM_SQ":0.456077870783,"ROA_SQ":15.972078653345,"START_DATE":"2022-04-01 00:00:00","FISCAL_YEAR":"3-31","CURRENCY":"HKD","IS_CNY_CODE":0,"DPS_HKD_LY":0.03,"ORG_TYPE":"一般企业","PREMIUM_INCOME":null,"PREMIUM_INCOME_YOY":null,"NET_INTEREST_INCOME":null,"NET_INTEREST_INCOME_YOY":null,"FEE_COMMISSION_INCOME":null,"FEE_COMMISSION_INCOME_YOY":null,"ACCOUNTS_RECE_TDAYS":4.561094604516,"INVENTORY_TDAYS":91.14265812204,"CURRENT_ASSETS_TDAYS":0.848492198031,"TOTAL_ASSETS_TDAYS":0.841805183539,"PREMIUM_EXPENSE":null,"LOAN_DEPOSIT":null,"LOAN_EQUITY":null,"LOAN_ASSETS":null,"DEPOSIT_EQUITY":null,"DEPOSIT_ASSETS":null,"EQUITY_MULTIPLIER":1.360511596552,"EQUITY_RATIO":0.360511596553},{"SECUCODE":"01500.HK","SECURITY_CODE":"01500","SECURITY_NAME_ABBR":"现恒建筑","ORG_CODE":"10430932","STD_REPORT_DATE":"2022-06-30 00:00:00","REPORT_DATE":"2022-09-30 00:00:00","DATE_TYPE_CODE":"002","REPORT_TYPE":"2022年中报","PER_NETCASH_OPERATE":-0.023171098988,"PER_OI":0.181007865542,"BPS":0.328225634747,"BASIC_EPS":-0.014651928,"DILUTED_EPS":-0.014651928,"OPERATE_INCOME":150236528.4,"OPERATE_INCOME_YOY":-52.68411068,"GROSS_PROFIT":-1104321.24,"GROSS_PROFIT_YOY":-101.282514963531,"HOLDER_PROFIT":-12167431.32,"HOLDER_PROFIT_YOY":-117.1181717543,"GROSS_PROFIT_RATIO":-0.73505508398,"EPS_TTM":0.060769077012,"OPERATE_INCOME_QOQ":0,"NET_PROFIT_RATIO":-8.0988501595,"ROE_AVG":-4.368743657398,"GROSS_PROFIT_QOQ":0,"ROA":-3.190738722542,"HOLDER_PROFIT_QOQ":0,"ROE_YEARLY":-8.737487314796,"ROIC_YEARLY":-9.461833181825,"TOTAL_ASSETS":386204924.4,"TOTAL_LIABILITIES":113777647.56,"TAX_EBT":0.311226380141,"OCF_SALES":-12.801155860574,"TOTAL_PARENT_EQUITY":272427276.84,"DEBT_ASSET_RATIO":29.4604341819,"OPERATE_PROFIT":-12025434.24,"PRETAX_PROFIT":-12205417.8,"NETCASH_OPERATE":-19232012.16,"NETCASH_INVEST":4738361.16,"NETCASH_FINANCE":-2426612.52,"END_CASH":73485750,"DIVI_RATIO":null,"DIVIDEND_RATE":null,"CURRENT_RATIO":3.443555266686,"COMMON_ACS":2000000000,"CURRENTDEBT_DEBT":97.842590163674,"ISSUED_COMMON_SHARES":830000000,"HK_COMMON_SHARES":830000000,"PER_SHARES":5000,"TOTAL_MARKET_CAP":58930000,"HKSK_MARKET_CAP":58930000,"PE_TTM":25.733624454148,"PB_TTM":0.241188219308,"REPORT_DATE_SQ":"2021-06-30 00:00:00","REPORT_TYPE_SQ":"2021年中报","OPERATE_INCOME_SQ":292459041.96,"DPS_HKD":null,"OPERATE_INCOME_QOQ_SQ":0,"NET_PROFIT_RATIO_SQ":22.3858191907,"HOLDER_PROFIT_SQ":65469352.34,"HOLDER_PROFIT_QOQ_SQ":0,"ROE_AVG_SQ":24.817592009259,"PE_TTM_SQ":-7.201382999543,"PB_TTM_SQ":0.456077870783,"ROA_SQ":17.25397297597,"START_DATE":"2022-04-01 00:00:00","FISCAL_YEAR":"3-31","CURRENCY":"HKD","IS_CNY_CODE":0,"DPS_HKD_LY":0.03,"ORG_TYPE":"一般企业","PREMIUM_INCOME":null,"PREMIUM_INCOME_YOY":null,"NET_INTEREST_INCOME":null,"NET_INTEREST_INCOME_YOY":null,"FEE_COMMISSION_INCOME":null,"FEE_COMMISSION_INCOME_YOY":null,"ACCOUNTS_RECE_TDAYS":2.339626893526,"INVENTORY_TDAYS":30.91280251247,"CURRENT_ASSETS_TDAYS":0.398204472039,"TOTAL_ASSETS_TDAYS":0.393974287669,"PREMIUM_EXPENSE":null,"LOAN_DEPOSIT":null,"LOAN_EQUITY":null,"LOAN_ASSETS":null,"DEPOSIT_EQUITY":null,"DEPOSIT_ASSETS":null,"EQUITY_MULTIPLIER":1.417644109943,"EQUITY_RATIO":0.417644109943},{"SECUCODE":"01500.HK","SECURITY_CODE":"01500","SECURITY_NAME_ABBR":"现恒建筑","ORG_CODE":"10430932","STD_REPORT_DATE":"2021-12-31 00:00:00","REPORT_DATE":"2022-03-31 00:00:00","DATE_TYPE_CODE":"001","REPORT_TYPE":"2021年年报","PER_NETCASH_OPERATE":0.113774931795,"PER_OI":0.451670034289,"BPS":0.307464639325,"BASIC_EPS":0.06082575,"DILUTED_EPS":0.06082575,"OPERATE_INCOME":374886128.46,"OPERATE_INCOME_YOY":22.0345158046,"GROSS_PROFIT":74367183.97,"GROSS_PROFIT_YOY":55.497399284569,"HOLDER_PROFIT":50438333.92,"HOLDER_PROFIT_YOY":116.6742152388,"GROSS_PROFIT_RATIO":19.83727279414,"EPS_TTM":0.085502413446,"OPERATE_INCOME_QOQ":0,"NET_PROFIT_RATIO":13.4543078794,"ROE_AVG":21.009533204062,"GROSS_PROFIT_QOQ":0,"ROA":15.972078653345,"HOLDER_PROFIT_QOQ":0,"ROE_YEARLY":21.009533204062,"ROIC_YEARLY":21.631510939753,"TOTAL_ASSETS":337577235.43,"TOTAL_LIABILITIES":82381584.79,"TAX_EBT":16.347886907164,"OCF_SALES":25.189833984502,"TOTAL_PARENT_EQUITY":255195650.64,"DEBT_ASSET_RATIO":24.4037737572,"OPERATE_PROFIT":60747893.04,"PRETAX_PROFIT":60295349.46,"NETCASH_OPERATE":94433193.39,"NETCASH_INVEST":-294396.63,"NETCASH_FINANCE":-24551705.73,"END_CASH":81066937.58,"DIVI_RATIO":null,"DIVIDEND_RATE":null,"CURRENT_RATIO":4.263344863046,"COMMON_ACS":2000000000,"CURRENTDEBT_DEBT":94.776479390425,"ISSUED_COMMON_SHARES":830000000,"HK_COMMON_SHARES":830000000,"PER_SHARES":5000,"TOTAL_MARKET_CAP":58930000,"HKSK_MARKET_CAP":58930000,"PE_TTM":25.733624454148,"PB_TTM":0.241188219308,"REPORT_DATE_SQ":"2020-12-31 00:00:00","REPORT_TYPE_SQ":"2020年年报","OPERATE_INCOME_SQ":320139815.94,"DPS_HKD":null,"OPERATE_INCOME_QOQ_SQ":0,"NET_PROFIT_RATIO_SQ":7.5776896006,"HOLDER_PROFIT_SQ":24259201.54,"HOLDER_PROFIT_QOQ_SQ":0,"ROE_AVG_SQ":10.912837592507,"PE_TTM_SQ":-7.201382999543,"PB_TTM_SQ":0.456077870783,"ROA_SQ":7.629768937858,"START_DATE":"2021-04-01 00:00:00","FISCAL_YEAR":"3-31","CURRENCY":"HKD","IS_CNY_CODE":0,"DPS_HKD_LY":0.03,"ORG_TYPE":"一般企业","PREMIUM_INCOME":null,"PREMIUM_INCOME_YOY":null,"NET_INTEREST_INCOME":null,"NET_INTEREST_INCOME_YOY":null,"FEE_COMMISSION_INCOME":null,"FEE_COMMISSION_INCOME_YOY":null,"ACCOUNTS_RECE_TDAYS":4.98698356358,"INVENTORY_TDAYS":124.137018425461,"CURRENT_ASSETS_TDAYS":1.2128350412,"TOTAL_ASSETS_TDAYS":1.187134915937,"PREMIUM_EXPENSE":null,"LOAN_DEPOSIT":null,"LOAN_EQUITY":null,"LOAN_ASSETS":null,"DEPOSIT_EQUITY":null,"DEPOSIT_ASSETS":null,"EQUITY_MULTIPLIER":1.322817354385,"EQUITY_RATIO":0.322817354384},{"SECUCODE":"01500.HK","SECURITY_CODE":"01500","SECURITY_NAME_ABBR":"现恒建筑","ORG_CODE":"10430932","STD_REPORT_DATE":"2021-06-30 00:00:00","REPORT_DATE":"2021-09-30 00:00:00","DATE_TYPE_CODE":"002","REPORT_TYPE":"2021年中报","PER_NETCASH_OPERATE":0.086502742289,"PER_OI":0.352360291518,"BPS":0.357273338145,"BASIC_EPS":0.078890782,"DILUTED_EPS":0.078890782,"OPERATE_INCOME":292459041.96,"OPERATE_INCOME_YOY":38.9045616229,"GROSS_PROFIT":86105914.66,"GROSS_PROFIT_YOY":160.764706581953,"HOLDER_PROFIT":65469352.34,"HOLDER_PROFIT_YOY":268.0811203222,"GROSS_PROFIT_RATIO":29.442042237072,"EPS_TTM":0.029227953663,"OPERATE_INCOME_QOQ":0,"NET_PROFIT_RATIO":22.3858191907,"ROE_AVG":24.817592009259,"GROSS_PROFIT_QOQ":0,"ROA":17.25397297597,"HOLDER_PROFIT_QOQ":0,"ROE_YEARLY":49.635184018518,"ROIC_YEARLY":44.07158428959,"TOTAL_ASSETS":456892590.06,"TOTAL_LIABILITIES":160355719.4,"TAX_EBT":16.239635069171,"OCF_SALES":24.549514906029,"TOTAL_PARENT_EQUITY":296536870.66,"DEBT_ASSET_RATIO":35.0970278111,"OPERATE_PROFIT":78420936.16,"PRETAX_PROFIT":78162687.56,"NETCASH_OPERATE":71797276.1,"NETCASH_INVEST":-1078812.7,"NETCASH_FINANCE":-2240931.4,"END_CASH":80269496.3,"DIVI_RATIO":null,"DIVIDEND_RATE":null,"CURRENT_RATIO":2.924037607504,"COMMON_ACS":2000000000,"CURRENTDEBT_DEBT":95.923944100992,"ISSUED_COMMON_SHARES":830000000,"HK_COMMON_SHARES":830000000,"PER_SHARES":5000,"TOTAL_MARKET_CAP":58930000,"HKSK_MARKET_CAP":58930000,"PE_TTM":25.733624454148,"PB_TTM":0.241188219308,"REPORT_DATE_SQ":"2020-06-30 00:00:00","REPORT_TYPE_SQ":"2020年中报","OPERATE_INCOME_SQ":222086814.08,"DPS_HKD":null,"OPERATE_INCOME_QOQ_SQ":0,"NET_PROFIT_RATIO_SQ":8.4478454057,"HOLDER_PROFIT_SQ":18761550.72,"HOLDER_PROFIT_QOQ_SQ":0,"ROE_AVG_SQ":8.232678927064,"PE_TTM_SQ":-7.201382999543,"PB_TTM_SQ":0.456077870783,"ROA_SQ":5.378146603677,"START_DATE":"2021-04-01 00:00:00","FISCAL_YEAR":"3-31","CURRENCY":"HKD","IS_CNY_CODE":0,"DPS_HKD_LY":0.03,"ORG_TYPE":"一般企业","PREMIUM_INCOME":null,"PREMIUM_INCOME_YOY":null,"NET_INTEREST_INCOME":null,"NET_INTEREST_INCOME_YOY":null,"FEE_COMMISSION_INCOME":null,"FEE_COMMISSION_INCOME_YOY":null,"ACCOUNTS_RECE_TDAYS":2.788683726602,"INVENTORY_TDAYS":249.828542612204,"CURRENT_ASSETS_TDAYS":0.787392426754,"TOTAL_ASSETS_TDAYS":0.770754593745,"PREMIUM_EXPENSE":null,"LOAN_DEPOSIT":null,"LOAN_EQUITY":null,"LOAN_ASSETS":null,"DEPOSIT_EQUITY":null,"DEPOSIT_ASSETS":null,"EQUITY_MULTIPLIER":1.540761487917,"EQUITY_RATIO":0.540761487916},{"SECUCODE":"01500.HK","SECURITY_CODE":"01500","SECURITY_NAME_ABBR":"现恒建筑","ORG_CODE":"10430932","STD_REPORT_DATE":"2020-12-31 00:00:00","REPORT_DATE":"2021-03-31 00:00:00","DATE_TYPE_CODE":"001","REPORT_TYPE":"2020年年报","PER_NETCASH_OPERATE":0.021858595036,"PER_OI":0.385710621614,"BPS":0.282444899952,"BASIC_EPS":0.0295813,"DILUTED_EPS":0.0295813,"OPERATE_INCOME":320139815.94,"OPERATE_INCOME_YOY":-3.8358230175,"GROSS_PROFIT":47825355.48,"GROSS_PROFIT_YOY":99.849240119081,"HOLDER_PROFIT":24259201.54,"HOLDER_PROFIT_YOY":663.9872238488,"GROSS_PROFIT_RATIO":14.938896412986,"EPS_TTM":0.023991732928,"OPERATE_INCOME_QOQ":0,"NET_PROFIT_RATIO":7.5776896006,"ROE_AVG":10.912837592507,"GROSS_PROFIT_QOQ":0,"ROA":7.629768937858,"HOLDER_PROFIT_QOQ":0,"ROE_YEARLY":10.912837592507,"ROIC_YEARLY":8.827957402637,"TOTAL_ASSETS":306391272.88,"TOTAL_LIABILITIES":71962005.92,"TAX_EBT":14.868311780757,"OCF_SALES":5.667096992209,"TOTAL_PARENT_EQUITY":234429266.96,"DEBT_ASSET_RATIO":23.486963334,"OPERATE_PROFIT":29262667.14,"PRETAX_PROFIT":28496088.88,"NETCASH_OPERATE":18142633.88,"NETCASH_INVEST":-1963353.14,"NETCASH_FINANCE":-13118883.96,"END_CASH":11963522.9,"DIVI_RATIO":null,"DIVIDEND_RATE":null,"CURRENT_RATIO":4.702488838987,"COMMON_ACS":2000000000,"CURRENTDEBT_DEBT":87.867612515268,"ISSUED_COMMON_SHARES":830000000,"HK_COMMON_SHARES":830000000,"PER_SHARES":5000,"TOTAL_MARKET_CAP":58930000,"HKSK_MARKET_CAP":58930000,"PE_TTM":25.733624454148,"PB_TTM":0.241188219308,"REPORT_DATE_SQ":"2019-12-31 00:00:00","REPORT_TYPE_SQ":"2019年年报","OPERATE_INCOME_SQ":359899120.4,"DPS_HKD":null,"OPERATE_INCOME_QOQ_SQ":0,"NET_PROFIT_RATIO_SQ":0.9538147513,"HOLDER_PROFIT_SQ":3432770.9,"HOLDER_PROFIT_QOQ_SQ":0,"ROE_AVG_SQ":1.522343850351,"PE_TTM_SQ":-7.201382999543,"PB_TTM_SQ":0.456077870783,"ROA_SQ":1.023631808602,"START_DATE":"2020-04-01 00:00:00","FISCAL_YEAR":"3-31","CURRENCY":"HKD","IS_CNY_CODE":0,"DPS_HKD_LY":null,"ORG_TYPE":"一般企业","PREMIUM_INCOME":null,"PREMIUM_INCOME_YOY":null,"NET_INTEREST_INCOME":null,"NET_INTEREST_INCOME_YOY":null,"FEE_COMMISSION_INCOME":null,"FEE_COMMISSION_INCOME_YOY":null,"ACCOUNTS_RECE_TDAYS":3.178763096832,"INVENTORY_TDAYS":327.769074262462,"CURRENT_ASSETS_TDAYS":1.043078486367,"TOTAL_ASSETS_TDAYS":1.006872719781,"PREMIUM_EXPENSE":null,"LOAN_DEPOSIT":null,"LOAN_EQUITY":null,"LOAN_ASSETS":null,"DEPOSIT_EQUITY":null,"DEPOSIT_ASSETS":null,"EQUITY_MULTIPLIER":1.306966817126,"EQUITY_RATIO":0.306966817126},{"SECUCODE":"01500.HK","SECURITY_CODE":"01500","SECURITY_NAME_ABBR":"现恒建筑","ORG_CODE":"10430932","STD_REPORT_DATE":"2020-06-30 00:00:00","REPORT_DATE":"2020-09-30 00:00:00","DATE_TYPE_CODE":"002","REPORT_TYPE":"2020年中报","PER_NETCASH_OPERATE":0.018445709108,"PER_OI":0.267574474795,"BPS":0.285869848675,"BASIC_EPS":0.022583104,"DILUTED_EPS":0.022583104,"OPERATE_INCOME":222086814.08,"OPERATE_INCOME_YOY":34.0171910047,"GROSS_PROFIT":33020540.16,"GROSS_PROFIT_YOY":147.701006827135,"HOLDER_PROFIT":18761550.72,"HOLDER_PROFIT_YOY":744.246737841,"GROSS_PROFIT_RATIO":14.868302873716,"EPS_TTM":0.004135868554,"OPERATE_INCOME_QOQ":0,"NET_PROFIT_RATIO":8.4478454057,"ROE_AVG":8.232678927064,"GROSS_PROFIT_QOQ":0,"ROA":5.378146603677,"HOLDER_PROFIT_QOQ":0,"ROE_YEARLY":16.465357854128,"ROIC_YEARLY":12.270813068522,"TOTAL_ASSETS":355101296.64,"TOTAL_LIABILITIES":117829322.24,"TAX_EBT":14.861631709068,"OCF_SALES":6.893672919494,"TOTAL_PARENT_EQUITY":237271974.4,"DEBT_ASSET_RATIO":33.1818901691,"OPERATE_PROFIT":22503140.48,"PRETAX_PROFIT":22036540.16,"NETCASH_OPERATE":15309938.56,"NETCASH_INVEST":-3543877.76,"NETCASH_FINANCE":-11257281.92,"END_CASH":9765215.36,"DIVI_RATIO":null,"DIVIDEND_RATE":null,"CURRENT_RATIO":3.223882565299,"COMMON_ACS":2000000000,"CURRENTDEBT_DEBT":90.48041643051,"ISSUED_COMMON_SHARES":830000000,"HK_COMMON_SHARES":830000000,"PER_SHARES":5000,"TOTAL_MARKET_CAP":58930000,"HKSK_MARKET_CAP":58930000,"PE_TTM":25.733624454148,"PB_TTM":0.241188219308,"REPORT_DATE_SQ":"2019-06-30 00:00:00","REPORT_TYPE_SQ":"2019年中报","OPERATE_INCOME_SQ":170107359.87,"DPS_HKD":null,"OPERATE_INCOME_QOQ_SQ":0,"NET_PROFIT_RATIO_SQ":1.3410256274,"HOLDER_PROFIT_SQ":2281183.29,"HOLDER_PROFIT_QOQ_SQ":0,"ROE_AVG_SQ":1.02731170522,"PE_TTM_SQ":-7.201382999543,"PB_TTM_SQ":0.456077870783,"ROA_SQ":0.679046488774,"START_DATE":"2020-04-01 00:00:00","FISCAL_YEAR":"3-31","CURRENCY":"HKD","IS_CNY_CODE":0,"DPS_HKD_LY":null,"ORG_TYPE":"一般企业","PREMIUM_INCOME":null,"PREMIUM_INCOME_YOY":null,"NET_INTEREST_INCOME":null,"NET_INTEREST_INCOME_YOY":null,"FEE_COMMISSION_INCOME":null,"FEE_COMMISSION_INCOME_YOY":null,"ACCOUNTS_RECE_TDAYS":2.097262445129,"INVENTORY_TDAYS":273.393900889454,"CURRENT_ASSETS_TDAYS":0.66022823601,"TOTAL_ASSETS_TDAYS":0.636629382449,"PREMIUM_EXPENSE":null,"LOAN_DEPOSIT":null,"LOAN_EQUITY":null,"LOAN_ASSETS":null,"DEPOSIT_EQUITY":null,"DEPOSIT_ASSETS":null,"EQUITY_MULTIPLIER":1.496600251834,"EQUITY_RATIO":0.496600251833}],"count":25},"success":true,"message":"ok","code":0}