{"version":"fb195828f257954a3d8198bd95d9d18f","result":{"pages":3,"data":[{"SECUCODE":"01508.HK","SECURITY_CODE":"01508","SECURITY_NAME_ABBR":"中国再保险","ORG_CODE":"10009977","STD_REPORT_DATE":"2024-06-30 00:00:00","REPORT_DATE":"2024-06-30 00:00:00","DATE_TYPE_CODE":"002","REPORT_TYPE":"2024年中报","PER_NETCASH_OPERATE":-0.033019876107,"PER_OI":0.285150299544,"BPS":2.313774577402,"BASIC_EPS":0.13,"DILUTED_EPS":0.13,"OPERATE_INCOME":12113130000,"OPERATE_INCOME_YOY":63.1633770106,"GROSS_PROFIT":null,"GROSS_PROFIT_YOY":null,"HOLDER_PROFIT":5726787000,"HOLDER_PROFIT_YOY":184.6774033194,"GROSS_PROFIT_RATIO":null,"EPS_TTM":0.220517874781,"OPERATE_INCOME_QOQ":4.286492554116,"NET_PROFIT_RATIO":48.8854903728,"ROE_AVG":5.979675020924,"GROSS_PROFIT_QOQ":null,"ROA":1.22603961319,"HOLDER_PROFIT_QOQ":65.725722987889,"ROE_YEARLY":11.959350041848,"ROIC_YEARLY":2.592574044894,"TOTAL_ASSETS":474465230000,"TOTAL_LIABILITIES":366972328000,"TAX_EBT":20.127355148996,"OCF_SALES":-11.579814630901,"TOTAL_PARENT_EQUITY":98288700000,"DEBT_ASSET_RATIO":77.3444089886,"OPERATE_PROFIT":7362292000,"PRETAX_PROFIT":7413756000,"NETCASH_OPERATE":-1402678000,"NETCASH_INVEST":1585031000,"NETCASH_FINANCE":-827547000,"END_CASH":17209350000,"DIVI_RATIO":0.18915244037,"DIVIDEND_RATE":5.003043478261,"CURRENT_RATIO":null,"COMMON_ACS":null,"CURRENTDEBT_DEBT":null,"ISSUED_COMMON_SHARES":42479808085,"HK_COMMON_SHARES":6679416700,"PER_SHARES":1000,"TOTAL_MARKET_CAP":39081423438.2,"HKSK_MARKET_CAP":6145063364,"PE_TTM":3.783230300783,"PB_TTM":0.362898619511,"REPORT_DATE_SQ":"2023-06-30 00:00:00","REPORT_TYPE_SQ":"2023年中报","OPERATE_INCOME_SQ":7423927000,"DPS_HKD":0.046028,"OPERATE_INCOME_QOQ_SQ":1.596571457338,"NET_PROFIT_RATIO_SQ":27.8430404825,"HOLDER_PROFIT_SQ":2011676000,"HOLDER_PROFIT_QOQ_SQ":82.585064331629,"ROE_AVG_SQ":2.236030998849,"PE_TTM_SQ":4.838089674109,"PB_TTM_SQ":0.182285487557,"ROA_SQ":0.414614811634,"START_DATE":"2024-01-01 00:00:00","FISCAL_YEAR":"12-31","CURRENCY":"HKD","IS_CNY_CODE":0,"DPS_HKD_LY":0.046028,"ORG_TYPE":"保险","PREMIUM_INCOME":51783901000,"PREMIUM_INCOME_YOY":6.84592913013,"NET_INTEREST_INCOME":null,"NET_INTEREST_INCOME_YOY":null,"FEE_COMMISSION_INCOME":null,"FEE_COMMISSION_INCOME_YOY":null,"ACCOUNTS_RECE_TDAYS":null,"INVENTORY_TDAYS":null,"CURRENT_ASSETS_TDAYS":null,"TOTAL_ASSETS_TDAYS":0.016204626844,"PREMIUM_EXPENSE":null,"LOAN_DEPOSIT":null,"LOAN_EQUITY":null,"LOAN_ASSETS":null,"DEPOSIT_EQUITY":null,"DEPOSIT_ASSETS":null,"EQUITY_MULTIPLIER":4.413921488505,"EQUITY_RATIO":3.733616661936},{"SECUCODE":"01508.HK","SECURITY_CODE":"01508","SECURITY_NAME_ABBR":"中国再保险","ORG_CODE":"10009977","STD_REPORT_DATE":"2023-12-31 00:00:00","REPORT_DATE":"2023-12-31 00:00:00","DATE_TYPE_CODE":"001","REPORT_TYPE":"2023年年报","PER_NETCASH_OPERATE":0.383556464459,"PER_OI":2.575220461945,"BPS":2.195232304567,"BASIC_EPS":0.13,"DILUTED_EPS":0.13,"OPERATE_INCOME":109394871000,"OPERATE_INCOME_YOY":13.4510477364,"GROSS_PROFIT":null,"GROSS_PROFIT_YOY":null,"HOLDER_PROFIT":5652446000,"HOLDER_PROFIT_YOY":1841.1159882333,"GROSS_PROFIT_RATIO":null,"EPS_TTM":0.13306194766,"OPERATE_INCOME_QOQ":-35.882716394065,"NET_PROFIT_RATIO":5.2932947834,"ROE_AVG":6.215883005682,"GROSS_PROFIT_QOQ":null,"ROA":1.153063291987,"HOLDER_PROFIT_QOQ":65.433457359613,"ROE_YEARLY":6.215883005682,"ROIC_YEARLY":1.211085468909,"TOTAL_ASSETS":459727587000,"TOTAL_LIABILITIES":357548670000,"TAX_EBT":8.453146249066,"OCF_SALES":14.894121498621,"TOTAL_PARENT_EQUITY":93253047000,"DEBT_ASSET_RATIO":77.7740296886,"OPERATE_PROFIT":4365490000,"PRETAX_PROFIT":6325278000,"NETCASH_OPERATE":16293405000,"NETCASH_INVEST":-14827839000,"NETCASH_FINANCE":999200000,"END_CASH":17803419000,"DIVI_RATIO":0.313474249352,"DIVIDEND_RATE":5.171685393258,"CURRENT_RATIO":null,"COMMON_ACS":null,"CURRENTDEBT_DEBT":null,"ISSUED_COMMON_SHARES":42479808085,"HK_COMMON_SHARES":6679416700,"PER_SHARES":1000,"TOTAL_MARKET_CAP":37807029195.65,"HKSK_MARKET_CAP":5944680863,"PE_TTM":3.659864095323,"PB_TTM":0.351064968875,"REPORT_DATE_SQ":"2022-12-31 00:00:00","REPORT_TYPE_SQ":"2022年年报","OPERATE_INCOME_SQ":96424734000,"DPS_HKD":0.046028,"OPERATE_INCOME_QOQ_SQ":1.710379178443,"NET_PROFIT_RATIO_SQ":0.9082790774,"HOLDER_PROFIT_SQ":-324645000,"HOLDER_PROFIT_QOQ_SQ":-53.598767936189,"ROE_AVG_SQ":2.094076936722,"PE_TTM_SQ":4.895008376157,"PB_TTM_SQ":0.184430022705,"ROA_SQ":0.36651792346,"START_DATE":"2023-01-01 00:00:00","FISCAL_YEAR":"12-31","CURRENCY":"HKD","IS_CNY_CODE":0,"DPS_HKD_LY":0.015269,"ORG_TYPE":"保险","PREMIUM_INCOME":99755335000,"PREMIUM_INCOME_YOY":11.801940414759,"NET_INTEREST_INCOME":null,"NET_INTEREST_INCOME_YOY":null,"FEE_COMMISSION_INCOME":null,"FEE_COMMISSION_INCOME_YOY":null,"ACCOUNTS_RECE_TDAYS":null,"INVENTORY_TDAYS":null,"CURRENT_ASSETS_TDAYS":null,"TOTAL_ASSETS_TDAYS":0.204534611539,"PREMIUM_EXPENSE":null,"LOAN_DEPOSIT":null,"LOAN_EQUITY":null,"LOAN_ASSETS":null,"DEPOSIT_EQUITY":null,"DEPOSIT_ASSETS":null,"EQUITY_MULTIPLIER":4.499241139934,"EQUITY_RATIO":3.834176807113},{"SECUCODE":"01508.HK","SECURITY_CODE":"01508","SECURITY_NAME_ABBR":"中国再保险","ORG_CODE":"10009977","STD_REPORT_DATE":"2023-06-30 00:00:00","REPORT_DATE":"2023-06-30 00:00:00","DATE_TYPE_CODE":"002","REPORT_TYPE":"2023年中报","PER_NETCASH_OPERATE":0.35679532661,"PER_OI":0.17476366619,"BPS":2.149603379029,"BASIC_EPS":0.05,"DILUTED_EPS":0.05,"OPERATE_INCOME":7423927000,"OPERATE_INCOME_YOY":56.5332726086,"GROSS_PROFIT":null,"GROSS_PROFIT_YOY":null,"HOLDER_PROFIT":2011676000,"HOLDER_PROFIT_YOY":331.4623610712,"GROSS_PROFIT_RATIO":null,"EPS_TTM":0.080432307819,"OPERATE_INCOME_QOQ":1.596571457338,"NET_PROFIT_RATIO":27.8430404825,"ROE_AVG":2.236030998849,"GROSS_PROFIT_QOQ":null,"ROA":0.414614811634,"HOLDER_PROFIT_QOQ":82.585064331629,"ROE_YEARLY":4.472061997697,"ROIC_YEARLY":0.871115550494,"TOTAL_ASSETS":449688168000,"TOTAL_LIABILITIES":349412305000,"TAX_EBT":12.453066889503,"OCF_SALES":204.158755871387,"TOTAL_PARENT_EQUITY":91314739000,"DEBT_ASSET_RATIO":77.7010225895,"OPERATE_PROFIT":2263246000,"PRETAX_PROFIT":2361073000,"NETCASH_OPERATE":15156597000,"NETCASH_INVEST":-9742612000,"NETCASH_FINANCE":-5146084000,"END_CASH":15748263000,"DIVI_RATIO":0.518591288636,"DIVIDEND_RATE":5.171685393258,"CURRENT_RATIO":null,"COMMON_ACS":null,"CURRENTDEBT_DEBT":null,"ISSUED_COMMON_SHARES":42479808085,"HK_COMMON_SHARES":6679416700,"PER_SHARES":1000,"TOTAL_MARKET_CAP":37807029195.65,"HKSK_MARKET_CAP":5944680863,"PE_TTM":3.659864095323,"PB_TTM":0.351064968875,"REPORT_DATE_SQ":"2022-06-30 00:00:00","REPORT_TYPE_SQ":"2022年中报","OPERATE_INCOME_SQ":4742715000,"DPS_HKD":0.046028,"OPERATE_INCOME_QOQ_SQ":0.693988472548,"NET_PROFIT_RATIO_SQ":1.9526602419,"HOLDER_PROFIT_SQ":466246000,"HOLDER_PROFIT_QOQ_SQ":-36.617172030389,"ROE_AVG_SQ":1.851240897796,"PE_TTM_SQ":4.895008376157,"PB_TTM_SQ":0.184430022705,"ROA_SQ":0.333205486203,"START_DATE":"2023-01-01 00:00:00","FISCAL_YEAR":"12-31","CURRENCY":"HKD","IS_CNY_CODE":0,"DPS_HKD_LY":0.015269,"ORG_TYPE":"保险","PREMIUM_INCOME":48465956000,"PREMIUM_INCOME_YOY":16.394516047201,"NET_INTEREST_INCOME":null,"NET_INTEREST_INCOME_YOY":null,"FEE_COMMISSION_INCOME":null,"FEE_COMMISSION_INCOME_YOY":null,"ACCOUNTS_RECE_TDAYS":null,"INVENTORY_TDAYS":null,"CURRENT_ASSETS_TDAYS":null,"TOTAL_ASSETS_TDAYS":0.006193863117,"PREMIUM_EXPENSE":null,"LOAN_DEPOSIT":null,"LOAN_EQUITY":null,"LOAN_ASSETS":null,"DEPOSIT_EQUITY":null,"DEPOSIT_ASSETS":null,"EQUITY_MULTIPLIER":4.484510574593,"EQUITY_RATIO":3.82646119155},{"SECUCODE":"01508.HK","SECURITY_CODE":"01508","SECURITY_NAME_ABBR":"中国再保险","ORG_CODE":"10009977","STD_REPORT_DATE":"2022-12-31 00:00:00","REPORT_DATE":"2022-12-31 00:00:00","DATE_TYPE_CODE":"001","REPORT_TYPE":"2022年年报","PER_NETCASH_OPERATE":0.275649950597,"PER_OI":2.269895706851,"BPS":2.024906911723,"BASIC_EPS":-0.01,"DILUTED_EPS":-0.02,"OPERATE_INCOME":96424734000,"OPERATE_INCOME_YOY":2.4162374853,"GROSS_PROFIT":null,"GROSS_PROFIT_YOY":null,"HOLDER_PROFIT":-324645000,"HOLDER_PROFIT_YOY":-68.5707169324,"GROSS_PROFIT_RATIO":null,"EPS_TTM":0.044051964554,"OPERATE_INCOME_QOQ":1.710379178443,"NET_PROFIT_RATIO":0.9082790774,"ROE_AVG":2.094076936722,"GROSS_PROFIT_QOQ":null,"ROA":0.36651792346,"HOLDER_PROFIT_QOQ":-53.598767936189,"ROE_YEARLY":2.094076936722,"ROIC_YEARLY":0.387790338853,"TOTAL_ASSETS":424732150000,"TOTAL_LIABILITIES":327236258000,"TAX_EBT":36.031277404268,"OCF_SALES":6.972646879198,"TOTAL_PARENT_EQUITY":88618008000,"DEBT_ASSET_RATIO":81.818013791,"OPERATE_PROFIT":93203000,"PRETAX_PROFIT":-1368400000,"NETCASH_OPERATE":11709557000,"NETCASH_INVEST":-6802323000,"NETCASH_FINANCE":-12203159000,"END_CASH":15416186000,"DIVI_RATIO":0.946870237974,"DIVIDEND_RATE":5.171685393258,"CURRENT_RATIO":null,"COMMON_ACS":null,"CURRENTDEBT_DEBT":null,"ISSUED_COMMON_SHARES":42479808085,"HK_COMMON_SHARES":6679416700,"PER_SHARES":1000,"TOTAL_MARKET_CAP":37807029195.65,"HKSK_MARKET_CAP":5944680863,"PE_TTM":3.659864095323,"PB_TTM":0.351064968875,"REPORT_DATE_SQ":"2021-12-31 00:00:00","REPORT_TYPE_SQ":"2021年年报","OPERATE_INCOME_SQ":163973617000,"DPS_HKD":0.046028,"OPERATE_INCOME_QOQ_SQ":8.272832592202,"NET_PROFIT_RATIO_SQ":3.8971952421,"HOLDER_PROFIT_SQ":5954062000,"HOLDER_PROFIT_QOQ_SQ":-12.284948945515,"ROE_AVG_SQ":6.836333734499,"PE_TTM_SQ":4.895008376157,"PB_TTM_SQ":0.184430022705,"ROA_SQ":1.333893357574,"START_DATE":"2022-01-01 00:00:00","FISCAL_YEAR":"12-31","CURRENCY":"HKD","IS_CNY_CODE":0,"DPS_HKD_LY":0.05271,"ORG_TYPE":"保险","PREMIUM_INCOME":89225048000,"PREMIUM_INCOME_YOY":-45.170410487608,"NET_INTEREST_INCOME":null,"NET_INTEREST_INCOME_YOY":null,"FEE_COMMISSION_INCOME":null,"FEE_COMMISSION_INCOME_YOY":null,"ACCOUNTS_RECE_TDAYS":null,"INVENTORY_TDAYS":null,"CURRENT_ASSETS_TDAYS":null,"TOTAL_ASSETS_TDAYS":0.311013937547,"PREMIUM_EXPENSE":null,"LOAN_DEPOSIT":null,"LOAN_EQUITY":null,"LOAN_ASSETS":null,"DEPOSIT_EQUITY":null,"DEPOSIT_ASSETS":null,"EQUITY_MULTIPLIER":5.499949172247,"EQUITY_RATIO":3.692660954419},{"SECUCODE":"01508.HK","SECURITY_CODE":"01508","SECURITY_NAME_ABBR":"中国再保险","ORG_CODE":"10009977","STD_REPORT_DATE":"2022-06-30 00:00:00","REPORT_DATE":"2022-06-30 00:00:00","DATE_TYPE_CODE":"002","REPORT_TYPE":"2022年中报","PER_NETCASH_OPERATE":-0.023730780468,"PER_OI":0.111646337726,"BPS":2.092615904058,"BASIC_EPS":0.01,"DILUTED_EPS":-0.003,"OPERATE_INCOME":4742715000,"OPERATE_INCOME_YOY":1.3759343822,"GROSS_PROFIT":null,"GROSS_PROFIT_YOY":null,"HOLDER_PROFIT":466246000,"HOLDER_PROFIT_YOY":-58.0897809344,"GROSS_PROFIT_RATIO":null,"EPS_TTM":0.094937057906,"OPERATE_INCOME_QOQ":0.693988472548,"NET_PROFIT_RATIO":1.9526602419,"ROE_AVG":1.851240897796,"GROSS_PROFIT_QOQ":null,"ROA":0.333205486203,"HOLDER_PROFIT_QOQ":-36.617172030389,"ROE_YEARLY":3.702481795593,"ROIC_YEARLY":0.706897517184,"TOTAL_ASSETS":508511000000,"TOTAL_LIABILITIES":410328593000,"TAX_EBT":-167.175750850502,"OCF_SALES":-1.20235077414,"TOTAL_PARENT_EQUITY":88893922000,"DEBT_ASSET_RATIO":80.6921763738,"OPERATE_PROFIT":562002000,"PRETAX_PROFIT":136978000,"NETCASH_OPERATE":-1008079000,"NETCASH_INVEST":11532057000,"NETCASH_FINANCE":-15700709000,"END_CASH":17337075000,"DIVI_RATIO":0.439359456466,"DIVIDEND_RATE":5.171685393258,"CURRENT_RATIO":null,"COMMON_ACS":null,"CURRENTDEBT_DEBT":null,"ISSUED_COMMON_SHARES":42479808085,"HK_COMMON_SHARES":6679416700,"PER_SHARES":1000,"TOTAL_MARKET_CAP":37807029195.65,"HKSK_MARKET_CAP":5944680863,"PE_TTM":3.659864095323,"PB_TTM":0.351064968875,"REPORT_DATE_SQ":"2021-06-30 00:00:00","REPORT_TYPE_SQ":"2021年中报","OPERATE_INCOME_SQ":82704380000,"DPS_HKD":0.046028,"OPERATE_INCOME_QOQ_SQ":-9.958836200445,"NET_PROFIT_RATIO_SQ":4.8090850811,"HOLDER_PROFIT_SQ":4010807000,"HOLDER_PROFIT_QOQ_SQ":27.027013775076,"ROE_AVG_SQ":4.291454108559,"PE_TTM_SQ":4.895008376157,"PB_TTM_SQ":0.184430022705,"ROA_SQ":0.816944784623,"START_DATE":"2022-01-01 00:00:00","FISCAL_YEAR":"12-31","CURRENCY":"HKD","IS_CNY_CODE":0,"DPS_HKD_LY":0.05271,"ORG_TYPE":"保险","PREMIUM_INCOME":41639381000,"PREMIUM_INCOME_YOY":-49.999022540809,"NET_INTEREST_INCOME":null,"NET_INTEREST_INCOME_YOY":null,"FEE_COMMISSION_INCOME":null,"FEE_COMMISSION_INCOME_YOY":null,"ACCOUNTS_RECE_TDAYS":null,"INVENTORY_TDAYS":null,"CURRENT_ASSETS_TDAYS":null,"TOTAL_ASSETS_TDAYS":0.157099730913,"PREMIUM_EXPENSE":null,"LOAN_DEPOSIT":null,"LOAN_EQUITY":null,"LOAN_ASSETS":null,"DEPOSIT_EQUITY":null,"DEPOSIT_ASSETS":null,"EQUITY_MULTIPLIER":5.179247642614,"EQUITY_RATIO":4.615935305453},{"SECUCODE":"01508.HK","SECURITY_CODE":"01508","SECURITY_NAME_ABBR":"中国再保险","ORG_CODE":"10009977","STD_REPORT_DATE":"2021-12-31 00:00:00","REPORT_DATE":"2021-12-31 00:00:00","DATE_TYPE_CODE":"001","REPORT_TYPE":"2021年年报","PER_NETCASH_OPERATE":0.22507629933,"PER_OI":3.86003667135,"BPS":2.192039587695,"BASIC_EPS":0.14,"DILUTED_EPS":0.13,"OPERATE_INCOME":163973617000,"OPERATE_INCOME_YOY":-2.5098814552,"GROSS_PROFIT":null,"GROSS_PROFIT_YOY":null,"HOLDER_PROFIT":5954062000,"HOLDER_PROFIT_YOY":11.4218099858,"GROSS_PROFIT_RATIO":null,"EPS_TTM":0.149783562752,"OPERATE_INCOME_QOQ":8.272832592202,"NET_PROFIT_RATIO":3.8971952421,"ROE_AVG":6.836333734499,"GROSS_PROFIT_QOQ":null,"ROA":1.333893357574,"HOLDER_PROFIT_QOQ":-12.284948945515,"ROE_YEARLY":6.836333734499,"ROIC_YEARLY":1.417564861549,"TOTAL_ASSETS":499795757000,"TOTAL_LIABILITIES":397706036000,"TAX_EBT":17.07123481234,"OCF_SALES":5.830936814671,"TOTAL_PARENT_EQUITY":92707295000,"DEBT_ASSET_RATIO":79.5005906157,"OPERATE_PROFIT":5421813000,"PRETAX_PROFIT":7108238000,"NETCASH_OPERATE":9561198000,"NETCASH_INVEST":-15569799000,"NETCASH_FINANCE":14011574000,"END_CASH":22203831000,"DIVI_RATIO":0.27847844846,"DIVIDEND_RATE":5.171685393258,"CURRENT_RATIO":null,"COMMON_ACS":null,"CURRENTDEBT_DEBT":null,"ISSUED_COMMON_SHARES":42479808085,"HK_COMMON_SHARES":6679416700,"PER_SHARES":1000,"TOTAL_MARKET_CAP":37807029195.65,"HKSK_MARKET_CAP":5944680863,"PE_TTM":3.659864095323,"PB_TTM":0.351064968875,"REPORT_DATE_SQ":"2020-12-31 00:00:00","REPORT_TYPE_SQ":"2020年年报","OPERATE_INCOME_SQ":168195115000,"DPS_HKD":0.046028,"OPERATE_INCOME_QOQ_SQ":3.792252649677,"NET_PROFIT_RATIO_SQ":3.5220012186,"HOLDER_PROFIT_SQ":5710531000,"HOLDER_PROFIT_QOQ_SQ":9.880472322798,"ROE_AVG_SQ":6.339232039705,"PE_TTM_SQ":4.895008376157,"PB_TTM_SQ":0.184430022705,"ROA_SQ":1.343313846587,"START_DATE":"2021-01-01 00:00:00","FISCAL_YEAR":"12-31","CURRENCY":"HKD","IS_CNY_CODE":0,"DPS_HKD_LY":0.049223,"ORG_TYPE":"保险","PREMIUM_INCOME":162731563000,"PREMIUM_INCOME_YOY":0.716526246662,"NET_INTEREST_INCOME":null,"NET_INTEREST_INCOME_YOY":null,"FEE_COMMISSION_INCOME":null,"FEE_COMMISSION_INCOME_YOY":null,"ACCOUNTS_RECE_TDAYS":null,"INVENTORY_TDAYS":null,"CURRENT_ASSETS_TDAYS":null,"TOTAL_ASSETS_TDAYS":0.343754493571,"PREMIUM_EXPENSE":138.489915630214,"LOAN_DEPOSIT":null,"LOAN_EQUITY":null,"LOAN_ASSETS":null,"DEPOSIT_EQUITY":null,"DEPOSIT_ASSETS":null,"EQUITY_MULTIPLIER":4.878189323668,"EQUITY_RATIO":4.289910907227},{"SECUCODE":"01508.HK","SECURITY_CODE":"01508","SECURITY_NAME_ABBR":"中国再保险","ORG_CODE":"10009977","STD_REPORT_DATE":"2021-06-30 00:00:00","REPORT_DATE":"2021-06-30 00:00:00","DATE_TYPE_CODE":"002","REPORT_TYPE":"2021年中报","PER_NETCASH_OPERATE":0.155109669677,"PER_OI":1.946910396453,"BPS":2.21027804109,"BASIC_EPS":0.09,"DILUTED_EPS":0.09,"OPERATE_INCOME":82704380000,"OPERATE_INCOME_YOY":-16.84212351,"GROSS_PROFIT":null,"GROSS_PROFIT_YOY":null,"HOLDER_PROFIT":4010807000,"HOLDER_PROFIT_YOY":62.5505740609,"GROSS_PROFIT_RATIO":null,"EPS_TTM":0.170761529466,"OPERATE_INCOME_QOQ":-9.958836200445,"NET_PROFIT_RATIO":4.8090850811,"ROE_AVG":4.291454108559,"GROSS_PROFIT_QOQ":null,"ROA":0.816944784623,"HOLDER_PROFIT_QOQ":27.027013775076,"ROE_YEARLY":8.582908217119,"ROIC_YEARLY":1.724885936241,"TOTAL_ASSETS":528326987000,"TOTAL_LIABILITIES":424758059000,"TAX_EBT":18.896660290945,"OCF_SALES":7.966964990246,"TOTAL_PARENT_EQUITY":93892187000,"DEBT_ASSET_RATIO":80.3968128548,"OPERATE_PROFIT":3700599000,"PRETAX_PROFIT":4904020000,"NETCASH_OPERATE":6589029000,"NETCASH_INVEST":-2088210000,"NETCASH_FINANCE":-880283000,"END_CASH":18377701000,"DIVI_RATIO":0.244267513242,"DIVIDEND_RATE":5.171685393258,"CURRENT_RATIO":null,"COMMON_ACS":null,"CURRENTDEBT_DEBT":null,"ISSUED_COMMON_SHARES":42479808085,"HK_COMMON_SHARES":6679416700,"PER_SHARES":1000,"TOTAL_MARKET_CAP":37807029195.65,"HKSK_MARKET_CAP":5944680863,"PE_TTM":3.659864095323,"PB_TTM":0.351064968875,"REPORT_DATE_SQ":"2020-06-30 00:00:00","REPORT_TYPE_SQ":"2020年中报","OPERATE_INCOME_SQ":99454656000,"DPS_HKD":0.046028,"OPERATE_INCOME_QOQ_SQ":13.612154886482,"NET_PROFIT_RATIO_SQ":2.7644467445,"HOLDER_PROFIT_SQ":2467421000,"HOLDER_PROFIT_QOQ_SQ":-14.089227842023,"ROE_AVG_SQ":2.81630481194,"PE_TTM_SQ":4.895008376157,"PB_TTM_SQ":0.184430022705,"ROA_SQ":0.564598069696,"START_DATE":"2021-01-01 00:00:00","FISCAL_YEAR":"12-31","CURRENCY":"HKD","IS_CNY_CODE":0,"DPS_HKD_LY":0.049223,"ORG_TYPE":"保险","PREMIUM_INCOME":83277134000,"PREMIUM_INCOME_YOY":-18.454321318167,"NET_INTEREST_INCOME":null,"NET_INTEREST_INCOME_YOY":null,"FEE_COMMISSION_INCOME":null,"FEE_COMMISSION_INCOME_YOY":null,"ACCOUNTS_RECE_TDAYS":null,"INVENTORY_TDAYS":null,"CURRENT_ASSETS_TDAYS":null,"TOTAL_ASSETS_TDAYS":0.168457150659,"PREMIUM_EXPENSE":143.868978669584,"LOAN_DEPOSIT":null,"LOAN_EQUITY":null,"LOAN_ASSETS":null,"DEPOSIT_EQUITY":null,"DEPOSIT_ASSETS":null,"EQUITY_MULTIPLIER":5.101211311166,"EQUITY_RATIO":4.523891418143},{"SECUCODE":"01508.HK","SECURITY_CODE":"01508","SECURITY_NAME_ABBR":"中国再保险","ORG_CODE":"10009977","STD_REPORT_DATE":"2020-12-31 00:00:00","REPORT_DATE":"2020-12-31 00:00:00","DATE_TYPE_CODE":"001","REPORT_TYPE":"2020年年报","PER_NETCASH_OPERATE":0.782517588909,"PER_OI":3.959413250254,"BPS":2.189945510438,"BASIC_EPS":0.13,"DILUTED_EPS":0.13,"OPERATE_INCOME":168195115000,"OPERATE_INCOME_YOY":17.9206148405,"GROSS_PROFIT":null,"GROSS_PROFIT_YOY":null,"HOLDER_PROFIT":5710531000,"HOLDER_PROFIT_YOY":-5.6008377767,"GROSS_PROFIT_RATIO":null,"EPS_TTM":0.134429303178,"OPERATE_INCOME_QOQ":3.792252649677,"NET_PROFIT_RATIO":3.5220012186,"ROE_AVG":6.339232039705,"GROSS_PROFIT_QOQ":null,"ROA":1.343313846587,"HOLDER_PROFIT_QOQ":9.880472322798,"ROE_YEARLY":6.339232039705,"ROIC_YEARLY":1.434146393737,"TOTAL_ASSETS":453577072000,"TOTAL_LIABILITIES":350676218000,"TAX_EBT":18.826491971559,"OCF_SALES":19.763473511106,"TOTAL_PARENT_EQUITY":93028465000,"DEBT_ASSET_RATIO":77.3134798136,"OPERATE_PROFIT":6949340000,"PRETAX_PROFIT":7297743000,"NETCASH_OPERATE":33241197000,"NETCASH_INVEST":-47341256000,"NETCASH_FINANCE":7956760000,"END_CASH":14837049000,"DIVI_RATIO":0.310285727694,"DIVIDEND_RATE":5.171685393258,"CURRENT_RATIO":null,"COMMON_ACS":null,"CURRENTDEBT_DEBT":null,"ISSUED_COMMON_SHARES":42479808085,"HK_COMMON_SHARES":6679416700,"PER_SHARES":1000,"TOTAL_MARKET_CAP":37807029195.65,"HKSK_MARKET_CAP":5944680863,"PE_TTM":3.659864095323,"PB_TTM":0.351064968875,"REPORT_DATE_SQ":"2019-12-31 00:00:00","REPORT_TYPE_SQ":"2019年年报","OPERATE_INCOME_SQ":142634191000,"DPS_HKD":0.046028,"OPERATE_INCOME_QOQ_SQ":3.340393282433,"NET_PROFIT_RATIO_SQ":4.6589909147,"HOLDER_PROFIT_SQ":6049345000,"HOLDER_PROFIT_QOQ_SQ":28.18912931721,"ROE_AVG_SQ":7.314032984408,"PE_TTM_SQ":4.895008376157,"PB_TTM_SQ":0.184430022705,"ROA_SQ":1.640399443852,"START_DATE":"2020-01-01 00:00:00","FISCAL_YEAR":"12-31","CURRENCY":"HKD","IS_CNY_CODE":0,"DPS_HKD_LY":0.048135,"ORG_TYPE":"保险","PREMIUM_INCOME":161573844000,"PREMIUM_INCOME_YOY":11.451183914924,"NET_INTEREST_INCOME":null,"NET_INTEREST_INCOME_YOY":null,"FEE_COMMISSION_INCOME":null,"FEE_COMMISSION_INCOME_YOY":null,"ACCOUNTS_RECE_TDAYS":null,"INVENTORY_TDAYS":null,"CURRENT_ASSETS_TDAYS":null,"TOTAL_ASSETS_TDAYS":0.395652920731,"PREMIUM_EXPENSE":138.498095930069,"LOAN_DEPOSIT":null,"LOAN_EQUITY":null,"LOAN_ASSETS":null,"DEPOSIT_EQUITY":null,"DEPOSIT_ASSETS":null,"EQUITY_MULTIPLIER":4.407903864426,"EQUITY_RATIO":3.76955825295},{"SECUCODE":"01508.HK","SECURITY_CODE":"01508","SECURITY_NAME_ABBR":"中国再保险","ORG_CODE":"10009977","STD_REPORT_DATE":"2020-06-30 00:00:00","REPORT_DATE":"2020-06-30 00:00:00","DATE_TYPE_CODE":"002","REPORT_TYPE":"2020年中报","PER_NETCASH_OPERATE":0.565553049391,"PER_OI":2.341221876544,"BPS":2.073637193081,"BASIC_EPS":0.06,"DILUTED_EPS":0.06,"OPERATE_INCOME":99454656000,"OPERATE_INCOME_YOY":24.2576372296,"GROSS_PROFIT":null,"GROSS_PROFIT_YOY":null,"HOLDER_PROFIT":2467421000,"HOLDER_PROFIT_YOY":-25.6739786133,"GROSS_PROFIT_RATIO":null,"EPS_TTM":0.12234139546,"OPERATE_INCOME_QOQ":13.612154886482,"NET_PROFIT_RATIO":2.7644467445,"ROE_AVG":2.81630481194,"GROSS_PROFIT_QOQ":null,"ROA":0.564598069696,"HOLDER_PROFIT_QOQ":-14.089227842023,"ROE_YEARLY":5.63260962388,"ROIC_YEARLY":1.208133919825,"TOTAL_ASSETS":477406754000,"TOTAL_LIABILITIES":379244603000,"TAX_EBT":16.346372390056,"OCF_SALES":24.15632004197,"TOTAL_PARENT_EQUITY":88087710000,"DEBT_ASSET_RATIO":79.4384662183,"OPERATE_PROFIT":2389281000,"PRETAX_PROFIT":3286613000,"NETCASH_OPERATE":24024585000,"NETCASH_INVEST":-32408929000,"NETCASH_FINANCE":5645323000,"END_CASH":18667331000,"DIVI_RATIO":0.340943423141,"DIVIDEND_RATE":5.171685393258,"CURRENT_RATIO":null,"COMMON_ACS":null,"CURRENTDEBT_DEBT":null,"ISSUED_COMMON_SHARES":42479808085,"HK_COMMON_SHARES":6679416700,"PER_SHARES":1000,"TOTAL_MARKET_CAP":37807029195.65,"HKSK_MARKET_CAP":5944680863,"PE_TTM":3.659864095323,"PB_TTM":0.351064968875,"REPORT_DATE_SQ":"2019-06-30 00:00:00","REPORT_TYPE_SQ":"2019年中报","OPERATE_INCOME_SQ":80039069000,"DPS_HKD":0.046028,"OPERATE_INCOME_QOQ_SQ":15.092871865787,"NET_PROFIT_RATIO_SQ":4.5178786375,"HOLDER_PROFIT_SQ":3319727000,"HOLDER_PROFIT_QOQ_SQ":26.520533709966,"ROE_AVG_SQ":4.130616530346,"PE_TTM_SQ":4.895008376157,"PB_TTM_SQ":0.184430022705,"ROA_SQ":0.91478733012,"START_DATE":"2020-01-01 00:00:00","FISCAL_YEAR":"12-31","CURRENCY":"HKD","IS_CNY_CODE":0,"DPS_HKD_LY":0.048135,"ORG_TYPE":"保险","PREMIUM_INCOME":102123295000,"PREMIUM_INCOME_YOY":20.468820691827,"NET_INTEREST_INCOME":null,"NET_INTEREST_INCOME_YOY":null,"FEE_COMMISSION_INCOME":null,"FEE_COMMISSION_INCOME_YOY":null,"ACCOUNTS_RECE_TDAYS":null,"INVENTORY_TDAYS":null,"CURRENT_ASSETS_TDAYS":null,"TOTAL_ASSETS_TDAYS":0.227573271038,"PREMIUM_EXPENSE":142.203883266131,"LOAN_DEPOSIT":null,"LOAN_EQUITY":null,"LOAN_ASSETS":null,"DEPOSIT_EQUITY":null,"DEPOSIT_ASSETS":null,"EQUITY_MULTIPLIER":4.863450414823,"EQUITY_RATIO":4.305306642663}],"count":25},"success":true,"message":"ok","code":0}