{"version":"529faa3b2cfb65562d66534f907b5ae2","result":{"pages":3,"data":[{"SECUCODE":"01515.HK","SECURITY_CODE":"01515","SECURITY_NAME_ABBR":"华润医疗","ORG_CODE":"10352409","STD_REPORT_DATE":"2024-06-30 00:00:00","REPORT_DATE":"2024-06-30 00:00:00","DATE_TYPE_CODE":"002","REPORT_TYPE":"2024年中报","PER_NETCASH_OPERATE":0.391588799315,"PER_OI":3.837760566028,"BPS":4.758391876359,"BASIC_EPS":0.34,"DILUTED_EPS":0.34,"OPERATE_INCOME":4976334000,"OPERATE_INCOME_YOY":-2.6924384037,"GROSS_PROFIT":1036348000,"GROSS_PROFIT_YOY":-4.858919923803,"HOLDER_PROFIT":433949000,"HOLDER_PROFIT_YOY":9.1209700335,"GROSS_PROFIT_RATIO":20.825531405247,"EPS_TTM":0.226696478553,"OPERATE_INCOME_QOQ":-1.362275537967,"NET_PROFIT_RATIO":10.2817656532,"ROE_AVG":7.243254052109,"GROSS_PROFIT_QOQ":-2.777100035313,"ROA":3.170644216549,"HOLDER_PROFIT_QOQ":14.076373796957,"ROE_YEARLY":14.486508104218,"ROIC_YEARLY":7.760654740024,"TOTAL_ASSETS":13718731000,"TOTAL_LIABILITIES":6269925000,"TAX_EBT":18.43899841869,"OCF_SALES":10.203575563859,"TOTAL_PARENT_EQUITY":6170095000,"DEBT_ASSET_RATIO":45.703389038,"OPERATE_PROFIT":622840000,"PRETAX_PROFIT":627328000,"NETCASH_OPERATE":507764000,"NETCASH_INVEST":-261286000,"NETCASH_FINANCE":-192266000,"END_CASH":1290492000,"DIVI_RATIO":0.483925517679,"DIVIDEND_RATE":2.986806930693,"CURRENT_RATIO":0.857116924642,"COMMON_ACS":3040000000,"CURRENTDEBT_DEBT":65.544165201338,"ISSUED_COMMON_SHARES":1296676516,"HK_COMMON_SHARES":1296676516,"PER_SHARES":500,"TOTAL_MARKET_CAP":5238573124.64,"HKSK_MARKET_CAP":5238573124.64,"PE_TTM":15.947755607524,"PB_TTM":0.774889352497,"REPORT_DATE_SQ":"2023-06-30 00:00:00","REPORT_TYPE_SQ":"2023年中报","OPERATE_INCOME_SQ":5114026000,"DPS_HKD":0.120667,"OPERATE_INCOME_QOQ_SQ":33.949065743895,"NET_PROFIT_RATIO_SQ":9.5202488216,"HOLDER_PROFIT_SQ":397677000,"HOLDER_PROFIT_QOQ_SQ":110.098291766805,"ROE_AVG_SQ":5.142744302242,"PE_TTM_SQ":19.096077723074,"PB_TTM_SQ":0.888706473111,"ROA_SQ":2.686326825656,"START_DATE":"2024-01-01 00:00:00","FISCAL_YEAR":"12-31","CURRENCY":"HKD","IS_CNY_CODE":0,"DPS_HKD_LY":0.120667,"ORG_TYPE":"一般企业","PREMIUM_INCOME":null,"PREMIUM_INCOME_YOY":null,"NET_INTEREST_INCOME":null,"NET_INTEREST_INCOME_YOY":null,"FEE_COMMISSION_INCOME":null,"FEE_COMMISSION_INCOME_YOY":null,"ACCOUNTS_RECE_TDAYS":3.233188111684,"INVENTORY_TDAYS":13.674168397635,"CURRENT_ASSETS_TDAYS":1.43173758725,"TOTAL_ASSETS_TDAYS":0.363595367583,"PREMIUM_EXPENSE":null,"LOAN_DEPOSIT":null,"LOAN_EQUITY":null,"LOAN_ASSETS":null,"DEPOSIT_EQUITY":null,"DEPOSIT_ASSETS":null,"EQUITY_MULTIPLIER":1.841735574804,"EQUITY_RATIO":1.016179653636},{"SECUCODE":"01515.HK","SECURITY_CODE":"01515","SECURITY_NAME_ABBR":"华润医疗","ORG_CODE":"10352409","STD_REPORT_DATE":"2023-12-31 00:00:00","REPORT_DATE":"2023-12-31 00:00:00","DATE_TYPE_CODE":"001","REPORT_TYPE":"2023年年报","PER_NETCASH_OPERATE":0.921681687956,"PER_OI":7.794927937139,"BPS":4.482275207643,"BASIC_EPS":0.2,"DILUTED_EPS":0.2,"OPERATE_INCOME":10107500000,"OPERATE_INCOME_YOY":27.9221979913,"GROSS_PROFIT":1905837000,"GROSS_PROFIT_YOY":45.947765223018,"HOLDER_PROFIT":257680000,"HOLDER_PROFIT_YOY":-3.074984484,"GROSS_PROFIT_RATIO":18.855671531041,"EPS_TTM":0.198723426252,"OPERATE_INCOME_QOQ":34.255511183753,"NET_PROFIT_RATIO":3.2440267128,"ROE_AVG":3.364348145796,"GROSS_PROFIT_QOQ":30.989412043671,"ROA":2.08164914954,"HOLDER_PROFIT_QOQ":-11.747984464796,"ROE_YEARLY":3.364348145796,"ROIC_YEARLY":2.740331327199,"TOTAL_ASSETS":13654192000,"TOTAL_LIABILITIES":6641126000,"TAX_EBT":33.480212853581,"OCF_SALES":11.824120702449,"TOTAL_PARENT_EQUITY":5812061000,"DEBT_ASSET_RATIO":48.638000696,"OPERATE_PROFIT":991017000,"PRETAX_PROFIT":492921000,"NETCASH_OPERATE":1195123000,"NETCASH_INVEST":-2622095000,"NETCASH_FINANCE":-437083000,"END_CASH":1236097000,"DIVI_RATIO":0.552044682447,"DIVIDEND_RATE":3.001666666667,"CURRENT_RATIO":0.65850458571,"COMMON_ACS":3040000000,"CURRENTDEBT_DEBT":78.41099536434,"ISSUED_COMMON_SHARES":1296676516,"HK_COMMON_SHARES":1296676516,"PER_SHARES":500,"TOTAL_MARKET_CAP":5212639594.32,"HKSK_MARKET_CAP":5212639594.32,"PE_TTM":15.868806322338,"PB_TTM":0.771053266594,"REPORT_DATE_SQ":"2022-12-31 00:00:00","REPORT_TYPE_SQ":"2022年年报","OPERATE_INCOME_SQ":7901287000,"DPS_HKD":0.120667,"OPERATE_INCOME_QOQ_SQ":1.712281727874,"NET_PROFIT_RATIO_SQ":2.8350343504,"HOLDER_PROFIT_SQ":265855000,"HOLDER_PROFIT_QOQ_SQ":-66.925835754863,"ROE_AVG_SQ":2.152522349182,"PE_TTM_SQ":18.535696209756,"PB_TTM_SQ":0.86262705065,"ROA_SQ":1.288543943675,"START_DATE":"2023-01-01 00:00:00","FISCAL_YEAR":"12-31","CURRENCY":"HKD","IS_CNY_CODE":0,"DPS_HKD_LY":0.037,"ORG_TYPE":"一般企业","PREMIUM_INCOME":null,"PREMIUM_INCOME_YOY":null,"NET_INTEREST_INCOME":null,"NET_INTEREST_INCOME_YOY":null,"FEE_COMMISSION_INCOME":null,"FEE_COMMISSION_INCOME_YOY":null,"ACCOUNTS_RECE_TDAYS":6.679725422477,"INVENTORY_TDAYS":31.579899234343,"CURRENT_ASSETS_TDAYS":2.494781814886,"TOTAL_ASSETS_TDAYS":0.816527040475,"PREMIUM_EXPENSE":null,"LOAN_DEPOSIT":null,"LOAN_EQUITY":null,"LOAN_ASSETS":null,"DEPOSIT_EQUITY":null,"DEPOSIT_ASSETS":null,"EQUITY_MULTIPLIER":1.946964708444,"EQUITY_RATIO":1.142645612288},{"SECUCODE":"01515.HK","SECURITY_CODE":"01515","SECURITY_NAME_ABBR":"华润医疗","ORG_CODE":"10352409","STD_REPORT_DATE":"2023-06-30 00:00:00","REPORT_DATE":"2023-06-30 00:00:00","DATE_TYPE_CODE":"002","REPORT_TYPE":"2023年中报","PER_NETCASH_OPERATE":0.416786294293,"PER_OI":3.943948962518,"BPS":4.595860977249,"BASIC_EPS":0.31,"DILUTED_EPS":0.31,"OPERATE_INCOME":5114026000,"OPERATE_INCOME_YOY":59.5176067365,"GROSS_PROFIT":1089275000,"GROSS_PROFIT_YOY":79.908664486506,"HOLDER_PROFIT":397677000,"HOLDER_PROFIT_YOY":62.5367333009,"GROSS_PROFIT_RATIO":21.299754831125,"EPS_TTM":0.225177209888,"OPERATE_INCOME_QOQ":33.949065743895,"NET_PROFIT_RATIO":9.5202488216,"ROE_AVG":5.142744302242,"GROSS_PROFIT_QOQ":49.819284552176,"ROA":2.686326825656,"HOLDER_PROFIT_QOQ":110.098291766805,"ROE_YEARLY":10.285488604483,"ROIC_YEARLY":7.621716017353,"TOTAL_ASSETS":18504390000,"TOTAL_LIABILITIES":11325340000,"TAX_EBT":22.116821248836,"OCF_SALES":10.567740562915,"TOTAL_PARENT_EQUITY":5959345000,"DEBT_ASSET_RATIO":61.2035306217,"OPERATE_PROFIT":644747000,"PRETAX_PROFIT":625126000,"NETCASH_OPERATE":540437000,"NETCASH_INVEST":398705000,"NETCASH_FINANCE":-36504000,"END_CASH":4003347000,"DIVI_RATIO":0.487190558914,"DIVIDEND_RATE":3.001666666667,"CURRENT_RATIO":0.794847932131,"COMMON_ACS":3040000000,"CURRENTDEBT_DEBT":84.450577201214,"ISSUED_COMMON_SHARES":1296676516,"HK_COMMON_SHARES":1296676516,"PER_SHARES":500,"TOTAL_MARKET_CAP":5212639594.32,"HKSK_MARKET_CAP":5212639594.32,"PE_TTM":15.868806322338,"PB_TTM":0.771053266594,"REPORT_DATE_SQ":"2022-06-30 00:00:00","REPORT_TYPE_SQ":"2022年中报","OPERATE_INCOME_SQ":3205932000,"DPS_HKD":0.120667,"OPERATE_INCOME_QOQ_SQ":24.246690876648,"NET_PROFIT_RATIO_SQ":7.5336898336,"HOLDER_PROFIT_SQ":244669000,"HOLDER_PROFIT_QOQ_SQ":0.544129787158,"ROE_AVG_SQ":3.107166965314,"PE_TTM_SQ":18.535696209756,"PB_TTM_SQ":0.86262705065,"ROA_SQ":1.890106794986,"START_DATE":"2023-01-01 00:00:00","FISCAL_YEAR":"12-31","CURRENCY":"HKD","IS_CNY_CODE":0,"DPS_HKD_LY":0.037,"ORG_TYPE":"一般企业","PREMIUM_INCOME":null,"PREMIUM_INCOME_YOY":null,"NET_INTEREST_INCOME":null,"NET_INTEREST_INCOME_YOY":null,"FEE_COMMISSION_INCOME":null,"FEE_COMMISSION_INCOME_YOY":null,"ACCOUNTS_RECE_TDAYS":3.233568494049,"INVENTORY_TDAYS":14.03097813298,"CURRENT_ASSETS_TDAYS":0.833173971022,"TOTAL_ASSETS_TDAYS":0.345454859871,"PREMIUM_EXPENSE":null,"LOAN_DEPOSIT":null,"LOAN_EQUITY":null,"LOAN_ASSETS":null,"DEPOSIT_EQUITY":null,"DEPOSIT_ASSETS":null,"EQUITY_MULTIPLIER":2.57755413321,"EQUITY_RATIO":1.900433688602},{"SECUCODE":"01515.HK","SECURITY_CODE":"01515","SECURITY_NAME_ABBR":"华润医疗","ORG_CODE":"10352409","STD_REPORT_DATE":"2022-12-31 00:00:00","REPORT_DATE":"2022-12-31 00:00:00","DATE_TYPE_CODE":"001","REPORT_TYPE":"2022年年报","PER_NETCASH_OPERATE":0.483222293508,"PER_OI":6.093491246663,"BPS":4.983424100202,"BASIC_EPS":0.21,"DILUTED_EPS":0.21,"OPERATE_INCOME":7901287000,"OPERATE_INCOME_YOY":26.374144262,"GROSS_PROFIT":1305835000,"GROSS_PROFIT_YOY":39.877671910064,"HOLDER_PROFIT":265855000,"HOLDER_PROFIT_YOY":-66.7458693754,"GROSS_PROFIT_RATIO":17.278653832844,"EPS_TTM":0.107177077926,"OPERATE_INCOME_QOQ":1.712281727874,"NET_PROFIT_RATIO":2.8350343504,"ROE_AVG":2.152522349182,"GROSS_PROFIT_QOQ":-8.662803657099,"ROA":1.288543943675,"HOLDER_PROFIT_QOQ":-66.925835754863,"ROE_YEARLY":2.152522349182,"ROIC_YEARLY":1.812238248028,"TOTAL_ASSETS":17817574000,"TOTAL_LIABILITIES":7163674000,"TAX_EBT":22.381372342715,"OCF_SALES":11.148249227243,"TOTAL_PARENT_EQUITY":9506211000,"DEBT_ASSET_RATIO":36.9720912228,"OPERATE_PROFIT":678723000,"PRETAX_PROFIT":422941000,"NETCASH_OPERATE":863588000,"NETCASH_INVEST":-494021000,"NETCASH_FINANCE":-223691000,"END_CASH":3100011000,"DIVI_RATIO":1.023579041928,"DIVIDEND_RATE":3.001666666667,"CURRENT_RATIO":1.616846939626,"COMMON_ACS":3040000000,"CURRENTDEBT_DEBT":71.531870378244,"ISSUED_COMMON_SHARES":1296676516,"HK_COMMON_SHARES":1296676516,"PER_SHARES":500,"TOTAL_MARKET_CAP":5212639594.32,"HKSK_MARKET_CAP":5212639594.32,"PE_TTM":15.868806322338,"PB_TTM":0.771053266594,"REPORT_DATE_SQ":"2021-12-31 00:00:00","REPORT_TYPE_SQ":"2021年年报","OPERATE_INCOME_SQ":4447477000,"DPS_HKD":0.120667,"OPERATE_INCOME_QOQ_SQ":23.016158833422,"NET_PROFIT_RATIO_SQ":9.5754064608,"HOLDER_PROFIT_SQ":417915000,"HOLDER_PROFIT_QOQ_SQ":4.038407440508,"ROE_AVG_SQ":6.656694460567,"PE_TTM_SQ":18.535696209756,"PB_TTM_SQ":0.86262705065,"ROA_SQ":4.301573867667,"START_DATE":"2022-01-01 00:00:00","FISCAL_YEAR":"12-31","CURRENCY":"HKD","IS_CNY_CODE":0,"DPS_HKD_LY":0.12,"ORG_TYPE":"一般企业","PREMIUM_INCOME":null,"PREMIUM_INCOME_YOY":null,"NET_INTEREST_INCOME":null,"NET_INTEREST_INCOME_YOY":null,"FEE_COMMISSION_INCOME":null,"FEE_COMMISSION_INCOME_YOY":null,"ACCOUNTS_RECE_TDAYS":7.000736729673,"INVENTORY_TDAYS":23.106693968024,"CURRENT_ASSETS_TDAYS":1.307324744465,"TOTAL_ASSETS_TDAYS":0.521119848476,"PREMIUM_EXPENSE":null,"LOAN_DEPOSIT":null,"LOAN_EQUITY":null,"LOAN_ASSETS":null,"DEPOSIT_EQUITY":null,"DEPOSIT_ASSETS":null,"EQUITY_MULTIPLIER":1.586598729675,"EQUITY_RATIO":0.753578265831},{"SECUCODE":"01515.HK","SECURITY_CODE":"01515","SECURITY_NAME_ABBR":"华润医疗","ORG_CODE":"10352409","STD_REPORT_DATE":"2022-06-30 00:00:00","REPORT_DATE":"2022-06-30 00:00:00","DATE_TYPE_CODE":"002","REPORT_TYPE":"2022年中报","PER_NETCASH_OPERATE":0.029768411415,"PER_OI":2.472422350865,"BPS":5.032070003187,"BASIC_EPS":0.19,"DILUTED_EPS":0.19,"OPERATE_INCOME":3205932000,"OPERATE_INCOME_YOY":60.8516451736,"GROSS_PROFIT":605460000,"GROSS_PROFIT_YOY":53.446501796875,"HOLDER_PROFIT":244669000,"HOLDER_PROFIT_YOY":1.1409076086,"GROSS_PROFIT_RATIO":18.392142541157,"EPS_TTM":0.324050751915,"OPERATE_INCOME_QOQ":24.246690876648,"NET_PROFIT_RATIO":7.5336898336,"ROE_AVG":3.107166965314,"GROSS_PROFIT_QOQ":13.892272013968,"ROA":1.890106794986,"HOLDER_PROFIT_QOQ":0.544129787158,"ROE_YEARLY":6.214333930627,"ROIC_YEARLY":5.127983036541,"TOTAL_ASSETS":10863362000,"TOTAL_LIABILITIES":3795224000,"TAX_EBT":13.812225085281,"OCF_SALES":1.354153620659,"TOTAL_PARENT_EQUITY":6524967000,"DEBT_ASSET_RATIO":34.9359986347,"OPERATE_PROFIT":298131000,"PRETAX_PROFIT":313961000,"NETCASH_OPERATE":96598000,"NETCASH_INVEST":7226000,"NETCASH_FINANCE":-44287000,"END_CASH":3012683000,"DIVI_RATIO":0.338540213506,"DIVIDEND_RATE":3.001666666667,"CURRENT_RATIO":1.554825073497,"COMMON_ACS":3040000000,"CURRENTDEBT_DEBT":70.409757105246,"ISSUED_COMMON_SHARES":1296676516,"HK_COMMON_SHARES":1296676516,"PER_SHARES":500,"TOTAL_MARKET_CAP":5212639594.32,"HKSK_MARKET_CAP":5212639594.32,"PE_TTM":15.868806322338,"PB_TTM":0.771053266594,"REPORT_DATE_SQ":"2021-06-30 00:00:00","REPORT_TYPE_SQ":"2021年中报","OPERATE_INCOME_SQ":1772123000,"DPS_HKD":0.120667,"OPERATE_INCOME_QOQ_SQ":31.436569538109,"NET_PROFIT_RATIO_SQ":11.5863853694,"HOLDER_PROFIT_SQ":199315000,"HOLDER_PROFIT_QOQ_SQ":29.523652907965,"ROE_AVG_SQ":3.234239663625,"PE_TTM_SQ":18.535696209756,"PB_TTM_SQ":0.86262705065,"ROA_SQ":2.066542749099,"START_DATE":"2022-01-01 00:00:00","FISCAL_YEAR":"12-31","CURRENCY":"HKD","IS_CNY_CODE":0,"DPS_HKD_LY":0.12,"ORG_TYPE":"一般企业","PREMIUM_INCOME":null,"PREMIUM_INCOME_YOY":null,"NET_INTEREST_INCOME":null,"NET_INTEREST_INCOME_YOY":null,"FEE_COMMISSION_INCOME":null,"FEE_COMMISSION_INCOME_YOY":null,"ACCOUNTS_RECE_TDAYS":3.605918510812,"INVENTORY_TDAYS":12.794415217624,"CURRENT_ASSETS_TDAYS":0.705619156279,"TOTAL_ASSETS_TDAYS":0.26726302665,"PREMIUM_EXPENSE":null,"LOAN_DEPOSIT":null,"LOAN_EQUITY":null,"LOAN_ASSETS":null,"DEPOSIT_EQUITY":null,"DEPOSIT_ASSETS":null,"EQUITY_MULTIPLIER":1.536948203332,"EQUITY_RATIO":0.581646466565},{"SECUCODE":"01515.HK","SECURITY_CODE":"01515","SECURITY_NAME_ABBR":"华润医疗","ORG_CODE":"10352409","STD_REPORT_DATE":"2021-12-31 00:00:00","REPORT_DATE":"2021-12-31 00:00:00","DATE_TYPE_CODE":"001","REPORT_TYPE":"2021年年报","PER_NETCASH_OPERATE":0.547885298479,"PER_OI":3.42990479516,"BPS":4.974853728283,"BASIC_EPS":0.33,"DILUTED_EPS":0.33,"OPERATE_INCOME":4447477000,"OPERATE_INCOME_YOY":61.6882191482,"GROSS_PROFIT":933555000,"GROSS_PROFIT_YOY":46.668457691746,"HOLDER_PROFIT":417915000,"HOLDER_PROFIT_YOY":34.7543457442,"GROSS_PROFIT_RATIO":20.990665044474,"EPS_TTM":0.322297037729,"OPERATE_INCOME_QOQ":23.016158833422,"NET_PROFIT_RATIO":9.5754064608,"ROE_AVG":6.656694460567,"GROSS_PROFIT_QOQ":18.809480781615,"ROA":4.301573867667,"HOLDER_PROFIT_QOQ":4.038407440508,"ROE_YEARLY":6.656694460567,"ROIC_YEARLY":6.067860463384,"TOTAL_ASSETS":10467602000,"TOTAL_LIABILITIES":3621157000,"TAX_EBT":-57.45041131343,"OCF_SALES":15.9737756935,"TOTAL_PARENT_EQUITY":6450776000,"DEBT_ASSET_RATIO":34.5939499801,"OPERATE_PROFIT":204755000,"PRETAX_PROFIT":270475000,"NETCASH_OPERATE":710430000,"NETCASH_INVEST":-1936045000,"NETCASH_FINANCE":845956000,"END_CASH":2324051000,"DIVI_RATIO":0.340382311649,"DIVIDEND_RATE":3.001666666667,"CURRENT_RATIO":1.139629832037,"COMMON_ACS":3040000000,"CURRENTDEBT_DEBT":95.10037813881,"ISSUED_COMMON_SHARES":1296676516,"HK_COMMON_SHARES":1296676516,"PER_SHARES":500,"TOTAL_MARKET_CAP":5212639594.32,"HKSK_MARKET_CAP":5212639594.32,"PE_TTM":15.868806322338,"PB_TTM":0.771053266594,"REPORT_DATE_SQ":"2020-12-31 00:00:00","REPORT_TYPE_SQ":"2020年年报","OPERATE_INCOME_SQ":2750650000,"DPS_HKD":0.120667,"OPERATE_INCOME_QOQ_SQ":33.669842559556,"NET_PROFIT_RATIO_SQ":11.645283842,"HOLDER_PROFIT_SQ":310131000,"HOLDER_PROFIT_QOQ_SQ":-1.700808565533,"ROE_AVG_SQ":5.1649091743,"PE_TTM_SQ":18.535696209756,"PB_TTM_SQ":0.86262705065,"ROA_SQ":3.683884243282,"START_DATE":"2021-01-01 00:00:00","FISCAL_YEAR":"12-31","CURRENCY":"HKD","IS_CNY_CODE":0,"DPS_HKD_LY":0.0882,"ORG_TYPE":"一般企业","PREMIUM_INCOME":null,"PREMIUM_INCOME_YOY":null,"NET_INTEREST_INCOME":null,"NET_INTEREST_INCOME_YOY":null,"FEE_COMMISSION_INCOME":null,"FEE_COMMISSION_INCOME_YOY":null,"ACCOUNTS_RECE_TDAYS":6.423713048113,"INVENTORY_TDAYS":21.484650423405,"CURRENT_ASSETS_TDAYS":1.102023496576,"TOTAL_ASSETS_TDAYS":0.457776122902,"PREMIUM_EXPENSE":null,"LOAN_DEPOSIT":null,"LOAN_EQUITY":null,"LOAN_ASSETS":null,"DEPOSIT_EQUITY":null,"DEPOSIT_ASSETS":null,"EQUITY_MULTIPLIER":1.528910551387,"EQUITY_RATIO":0.561352153601},{"SECUCODE":"01515.HK","SECURITY_CODE":"01515","SECURITY_NAME_ABBR":"华润医疗","ORG_CODE":"10352409","STD_REPORT_DATE":"2021-06-30 00:00:00","REPORT_DATE":"2021-06-30 00:00:00","DATE_TYPE_CODE":"002","REPORT_TYPE":"2021年中报","PER_NETCASH_OPERATE":0.098257351335,"PER_OI":1.366665454439,"BPS":4.796764592596,"BASIC_EPS":0.16,"DILUTED_EPS":0.16,"OPERATE_INCOME":1772123000,"OPERATE_INCOME_YOY":95.2939841065,"GROSS_PROFIT":394574000,"GROSS_PROFIT_YOY":60.838567928812,"HOLDER_PROFIT":199315000,"HOLDER_PROFIT_YOY":84.9739682422,"GROSS_PROFIT_RATIO":22.265610231344,"EPS_TTM":0.309786592912,"OPERATE_INCOME_QOQ":31.436569538109,"NET_PROFIT_RATIO":11.5863853694,"ROE_AVG":3.234239663625,"GROSS_PROFIT_QOQ":23.448445971529,"ROA":2.066542749099,"HOLDER_PROFIT_QOQ":29.523652907965,"ROE_YEARLY":6.468479327251,"ROIC_YEARLY":5.511389335905,"TOTAL_ASSETS":10326512000,"TOTAL_LIABILITIES":3705924000,"TAX_EBT":23.993677399294,"OCF_SALES":7.189568669895,"TOTAL_PARENT_EQUITY":6219852000,"DEBT_ASSET_RATIO":35.8874710067,"OPERATE_PROFIT":232306000,"PRETAX_PROFIT":270142000,"NETCASH_OPERATE":127408000,"NETCASH_INVEST":-2217328000,"NETCASH_FINANCE":879842000,"END_CASH":1486920000,"DIVI_RATIO":0.354128336249,"DIVIDEND_RATE":3.001666666667,"CURRENT_RATIO":1.175002824299,"COMMON_ACS":3040000000,"CURRENTDEBT_DEBT":87.420627082477,"ISSUED_COMMON_SHARES":1296676516,"HK_COMMON_SHARES":1296676516,"PER_SHARES":500,"TOTAL_MARKET_CAP":5212639594.32,"HKSK_MARKET_CAP":5212639594.32,"PE_TTM":15.868806322338,"PB_TTM":0.771053266594,"REPORT_DATE_SQ":"2020-06-30 00:00:00","REPORT_TYPE_SQ":"2020年中报","OPERATE_INCOME_SQ":907413000,"DPS_HKD":0.120667,"OPERATE_INCOME_QOQ_SQ":-2.719493977271,"NET_PROFIT_RATIO_SQ":12.1466190147,"HOLDER_PROFIT_SQ":107753000,"HOLDER_PROFIT_QOQ_SQ":-19.282360917452,"ROE_AVG_SQ":1.825341454281,"PE_TTM_SQ":18.535696209756,"PB_TTM_SQ":0.86262705065,"ROA_SQ":1.31085633153,"START_DATE":"2021-01-01 00:00:00","FISCAL_YEAR":"12-31","CURRENCY":"HKD","IS_CNY_CODE":0,"DPS_HKD_LY":0.0882,"ORG_TYPE":"一般企业","PREMIUM_INCOME":null,"PREMIUM_INCOME_YOY":null,"NET_INTEREST_INCOME":null,"NET_INTEREST_INCOME_YOY":null,"FEE_COMMISSION_INCOME":null,"FEE_COMMISSION_INCOME_YOY":null,"ACCOUNTS_RECE_TDAYS":2.42519537411,"INVENTORY_TDAYS":9.573492619465,"CURRENT_ASSETS_TDAYS":0.445615430903,"TOTAL_ASSETS_TDAYS":0.183737698425,"PREMIUM_EXPENSE":null,"LOAN_DEPOSIT":null,"LOAN_EQUITY":null,"LOAN_ASSETS":null,"DEPOSIT_EQUITY":null,"DEPOSIT_ASSETS":null,"EQUITY_MULTIPLIER":1.559757532111,"EQUITY_RATIO":0.595821894154},{"SECUCODE":"01515.HK","SECURITY_CODE":"01515","SECURITY_NAME_ABBR":"华润医疗","ORG_CODE":"10352409","STD_REPORT_DATE":"2020-12-31 00:00:00","REPORT_DATE":"2020-12-31 00:00:00","DATE_TYPE_CODE":"001","REPORT_TYPE":"2020年年报","PER_NETCASH_OPERATE":0.496413710017,"PER_OI":2.121307794241,"BPS":4.708542126477,"BASIC_EPS":0.25,"DILUTED_EPS":0.25,"OPERATE_INCOME":2750650000,"OPERATE_INCOME_YOY":30.0346992417,"GROSS_PROFIT":636507000,"GROSS_PROFIT_YOY":-16.500785133237,"HOLDER_PROFIT":310131000,"HOLDER_PROFIT_YOY":-20.6552134369,"GROSS_PROFIT_RATIO":23.140239579736,"EPS_TTM":0.239173761669,"OPERATE_INCOME_QOQ":33.669842559556,"NET_PROFIT_RATIO":11.645283842,"ROE_AVG":5.1649091743,"GROSS_PROFIT_QOQ":-3.858313030265,"ROA":3.683884243282,"HOLDER_PROFIT_QOQ":-1.700808565533,"ROE_YEARLY":5.1649091743,"ROIC_YEARLY":5.331919195028,"TOTAL_ASSETS":8963193000,"TOTAL_LIABILITIES":2622739000,"TAX_EBT":23.40208281024,"OCF_SALES":23.401305146056,"TOTAL_PARENT_EQUITY":6105456000,"DEBT_ASSET_RATIO":29.2612130521,"OPERATE_PROFIT":400608000,"PRETAX_PROFIT":418185000,"NETCASH_OPERATE":643688000,"NETCASH_INVEST":60365000,"NETCASH_FINANCE":-7382000,"END_CASH":2701370000,"DIVI_RATIO":0.458679957092,"DIVIDEND_RATE":3.001666666667,"CURRENT_RATIO":1.878814019299,"COMMON_ACS":3040000000,"CURRENTDEBT_DEBT":84.155762353784,"ISSUED_COMMON_SHARES":1296676516,"HK_COMMON_SHARES":1296676516,"PER_SHARES":500,"TOTAL_MARKET_CAP":5212639594.32,"HKSK_MARKET_CAP":5212639594.32,"PE_TTM":15.868806322338,"PB_TTM":0.771053266594,"REPORT_DATE_SQ":"2019-12-31 00:00:00","REPORT_TYPE_SQ":"2019年年报","OPERATE_INCOME_SQ":2115320000,"DPS_HKD":0.120667,"OPERATE_INCOME_QOQ_SQ":0.33296969122,"NET_PROFIT_RATIO_SQ":18.9396403381,"HOLDER_PROFIT_SQ":390865000,"HOLDER_PROFIT_QOQ_SQ":-5.136531651898,"ROE_AVG_SQ":6.801675216941,"PE_TTM_SQ":18.535696209756,"PB_TTM_SQ":0.86262705065,"ROA_SQ":5.145172950685,"START_DATE":"2020-01-01 00:00:00","FISCAL_YEAR":"12-31","CURRENCY":"HKD","IS_CNY_CODE":0,"DPS_HKD_LY":0.1,"ORG_TYPE":"一般企业","PREMIUM_INCOME":null,"PREMIUM_INCOME_YOY":null,"NET_INTEREST_INCOME":null,"NET_INTEREST_INCOME_YOY":null,"FEE_COMMISSION_INCOME":null,"FEE_COMMISSION_INCOME_YOY":null,"ACCOUNTS_RECE_TDAYS":4.448007399735,"INVENTORY_TDAYS":20.711054291816,"CURRENT_ASSETS_TDAYS":0.748975405512,"TOTAL_ASSETS_TDAYS":0.326735353569,"PREMIUM_EXPENSE":null,"LOAN_DEPOSIT":null,"LOAN_EQUITY":null,"LOAN_ASSETS":null,"DEPOSIT_EQUITY":null,"DEPOSIT_ASSETS":null,"EQUITY_MULTIPLIER":1.413651609175,"EQUITY_RATIO":0.429572991763},{"SECUCODE":"01515.HK","SECURITY_CODE":"01515","SECURITY_NAME_ABBR":"华润医疗","ORG_CODE":"10352409","STD_REPORT_DATE":"2020-06-30 00:00:00","REPORT_DATE":"2020-06-30 00:00:00","DATE_TYPE_CODE":"002","REPORT_TYPE":"2020年中报","PER_NETCASH_OPERATE":0.173607678725,"PER_OI":0.699799054585,"BPS":4.552129175755,"BASIC_EPS":0.09,"DILUTED_EPS":0.09,"OPERATE_INCOME":907413000,"OPERATE_INCOME_YOY":-5.9616203719,"GROSS_PROFIT":245323000,"GROSS_PROFIT_YOY":-29.007735203132,"HOLDER_PROFIT":107753000,"HOLDER_PROFIT_YOY":-41.1574860338,"GROSS_PROFIT_RATIO":27.035429291844,"EPS_TTM":0.243312033577,"OPERATE_INCOME_QOQ":-2.719493977271,"NET_PROFIT_RATIO":12.1466190147,"ROE_AVG":1.825341454281,"GROSS_PROFIT_QOQ":-13.1498338561,"ROA":1.31085633153,"HOLDER_PROFIT_QOQ":-19.282360917452,"ROE_YEARLY":3.650682908563,"ROIC_YEARLY":3.46968744863,"TOTAL_ASSETS":8566112000,"TOTAL_LIABILITIES":2342153000,"TAX_EBT":29.432553732289,"OCF_SALES":24.808218528939,"TOTAL_PARENT_EQUITY":5902639000,"DEBT_ASSET_RATIO":27.3420777127,"OPERATE_PROFIT":165130000,"PRETAX_PROFIT":156191000,"NETCASH_OPERATE":225113000,"NETCASH_INVEST":-832600000,"NETCASH_FINANCE":7659000,"END_CASH":1407603000,"DIVI_RATIO":0.450878689093,"DIVIDEND_RATE":3.001666666667,"CURRENT_RATIO":2.054539499659,"COMMON_ACS":3040000000,"CURRENTDEBT_DEBT":81.215061526724,"ISSUED_COMMON_SHARES":1296676516,"HK_COMMON_SHARES":1296676516,"PER_SHARES":500,"TOTAL_MARKET_CAP":5212639594.32,"HKSK_MARKET_CAP":5212639594.32,"PE_TTM":15.868806322338,"PB_TTM":0.771053266594,"REPORT_DATE_SQ":"2019-06-30 00:00:00","REPORT_TYPE_SQ":"2019年中报","OPERATE_INCOME_SQ":964939000,"DPS_HKD":0.120667,"OPERATE_INCOME_QOQ_SQ":2.370600705616,"NET_PROFIT_RATIO_SQ":19.5374008098,"HOLDER_PROFIT_SQ":183121000,"HOLDER_PROFIT_QOQ_SQ":-4.378994564839,"ROE_AVG_SQ":3.249065446346,"PE_TTM_SQ":18.535696209756,"PB_TTM_SQ":0.86262705065,"ROA_SQ":2.484142178651,"START_DATE":"2020-01-01 00:00:00","FISCAL_YEAR":"12-31","CURRENCY":"HKD","IS_CNY_CODE":0,"DPS_HKD_LY":0.1,"ORG_TYPE":"一般企业","PREMIUM_INCOME":null,"PREMIUM_INCOME_YOY":null,"NET_INTEREST_INCOME":null,"NET_INTEREST_INCOME_YOY":null,"FEE_COMMISSION_INCOME":null,"FEE_COMMISSION_INCOME_YOY":null,"ACCOUNTS_RECE_TDAYS":1.520696017657,"INVENTORY_TDAYS":7.707862814035,"CURRENT_ASSETS_TDAYS":0.255382149539,"TOTAL_ASSETS_TDAYS":0.110390251442,"PREMIUM_EXPENSE":null,"LOAN_DEPOSIT":null,"LOAN_EQUITY":null,"LOAN_ASSETS":null,"DEPOSIT_EQUITY":null,"DEPOSIT_ASSETS":null,"EQUITY_MULTIPLIER":1.376312408227,"EQUITY_RATIO":0.396797601886}],"count":27},"success":true,"message":"ok","code":0}