{"version":"ca1aa883ca5a30f32d15a801e2266748","result":{"pages":3,"data":[{"SECUCODE":"01518.HK","SECURITY_CODE":"01518","SECURITY_NAME_ABBR":"新世纪医疗","ORG_CODE":"10571355","STD_REPORT_DATE":"2024-06-30 00:00:00","REPORT_DATE":"2024-06-30 00:00:00","DATE_TYPE_CODE":"002","REPORT_TYPE":"2024年中报","PER_NETCASH_OPERATE":0.132189174022,"PER_OI":0.848846487424,"BPS":1.083354930871,"BASIC_EPS":0.05,"DILUTED_EPS":0.05,"OPERATE_INCOME":415956000,"OPERATE_INCOME_YOY":-0.0425344782,"GROSS_PROFIT":168719000,"GROSS_PROFIT_YOY":-0.634875763412,"HOLDER_PROFIT":25193000,"HOLDER_PROFIT_YOY":9.0653275034,"GROSS_PROFIT_RATIO":40.561742107338,"EPS_TTM":0.176027753686,"OPERATE_INCOME_QOQ":-0.018969576871,"NET_PROFIT_RATIO":11.6134879651,"ROE_AVG":4.784291011295,"GROSS_PROFIT_QOQ":-0.264808259659,"ROA":2.682847739632,"HOLDER_PROFIT_QOQ":2.48799961979,"ROE_YEARLY":9.568582022589,"ROIC_YEARLY":7.411482458295,"TOTAL_ASSETS":933686000,"TOTAL_LIABILITIES":450226000,"TAX_EBT":33.064057975031,"OCF_SALES":15.572800969333,"TOTAL_PARENT_EQUITY":530871000,"DEBT_ASSET_RATIO":48.2202796229,"OPERATE_PROFIT":72363000,"PRETAX_PROFIT":72169000,"NETCASH_OPERATE":64776000,"NETCASH_INVEST":-8130000,"NETCASH_FINANCE":-29169000,"END_CASH":332031000,"DIVI_RATIO":0.19460065406,"DIVIDEND_RATE":3.15,"CURRENT_RATIO":1.460931377671,"COMMON_ACS":1000000000,"CURRENTDEBT_DEBT":68.022726364093,"ISSUED_COMMON_SHARES":490025000,"HK_COMMON_SHARES":490025000,"PER_SHARES":500,"TOTAL_MARKET_CAP":588030000,"HKSK_MARKET_CAP":588030000,"PE_TTM":6.162329587292,"PB_TTM":1.010948460926,"REPORT_DATE_SQ":"2023-06-30 00:00:00","REPORT_TYPE_SQ":"2023年中报","OPERATE_INCOME_SQ":416133000,"DPS_HKD":0.0378,"OPERATE_INCOME_QOQ_SQ":21.372782850113,"NET_PROFIT_RATIO_SQ":10.6038213744,"HOLDER_PROFIT_SQ":23099000,"HOLDER_PROFIT_QOQ_SQ":86.233685101466,"ROE_AVG_SQ":5.137003818449,"PE_TTM_SQ":-11.886184543831,"PB_TTM_SQ":0.832926863393,"ROA_SQ":2.551057878941,"START_DATE":"2024-01-01 00:00:00","FISCAL_YEAR":"12-31","CURRENCY":"HKD","IS_CNY_CODE":0,"DPS_HKD_LY":0.0378,"ORG_TYPE":"一般企业","PREMIUM_INCOME":null,"PREMIUM_INCOME_YOY":null,"NET_INTEREST_INCOME":null,"NET_INTEREST_INCOME_YOY":null,"FEE_COMMISSION_INCOME":null,"FEE_COMMISSION_INCOME_YOY":null,"ACCOUNTS_RECE_TDAYS":8.07987490409,"INVENTORY_TDAYS":11.77066819015,"CURRENT_ASSETS_TDAYS":0.933780967037,"TOTAL_ASSETS_TDAYS":0.442959002257,"PREMIUM_EXPENSE":null,"LOAN_DEPOSIT":null,"LOAN_EQUITY":null,"LOAN_ASSETS":null,"DEPOSIT_EQUITY":null,"DEPOSIT_ASSETS":null,"EQUITY_MULTIPLIER":1.93125801514,"EQUITY_RATIO":0.848089272158},{"SECUCODE":"01518.HK","SECURITY_CODE":"01518","SECURITY_NAME_ABBR":"新世纪医疗","ORG_CODE":"10571355","STD_REPORT_DATE":"2023-12-31 00:00:00","REPORT_DATE":"2023-12-31 00:00:00","DATE_TYPE_CODE":"001","REPORT_TYPE":"2023年年报","PER_NETCASH_OPERATE":0.324312024897,"PER_OI":1.904133462578,"BPS":1.065831335136,"BASIC_EPS":0.17,"DILUTED_EPS":0.17,"OPERATE_INCOME":933073000,"OPERATE_INCOME_YOY":46.6037875181,"GROSS_PROFIT":407087000,"GROSS_PROFIT_YOY":101.386648989324,"HOLDER_PROFIT":84164000,"HOLDER_PROFIT_YOY":128.268185696,"GROSS_PROFIT_RATIO":43.628633558146,"EPS_TTM":0.171754502321,"OPERATE_INCOME_QOQ":20.788025186152,"NET_PROFIT_RATIO":14.1563414652,"ROE_AVG":17.524163290122,"GROSS_PROFIT_QOQ":33.342614004861,"ROA":9.119628210775,"HOLDER_PROFIT_QOQ":305.343157586552,"ROE_YEARLY":17.524163290122,"ROIC_YEARLY":11.507041849133,"TOTAL_ASSETS":944393000,"TOTAL_LIABILITIES":492634000,"TAX_EBT":20.496322422988,"OCF_SALES":17.032000711627,"TOTAL_PARENT_EQUITY":522284000,"DEBT_ASSET_RATIO":52.1640884674,"OPERATE_PROFIT":171809000,"PRETAX_PROFIT":166142000,"NETCASH_OPERATE":158921000,"NETCASH_INVEST":-8636000,"NETCASH_FINANCE":-73071000,"END_CASH":304310000,"DIVI_RATIO":0.199442317593,"DIVIDEND_RATE":3.896907216495,"CURRENT_RATIO":1.319995118713,"COMMON_ACS":1000000000,"CURRENTDEBT_DEBT":68.200124230159,"ISSUED_COMMON_SHARES":490025000,"HK_COMMON_SHARES":490025000,"PER_SHARES":500,"TOTAL_MARKET_CAP":475324250,"HKSK_MARKET_CAP":475324250,"PE_TTM":4.981216416394,"PB_TTM":0.817183339248,"REPORT_DATE_SQ":"2022-12-31 00:00:00","REPORT_TYPE_SQ":"2022年年报","OPERATE_INCOME_SQ":636459000,"DPS_HKD":0.0378,"OPERATE_INCOME_QOQ_SQ":1.536952099868,"NET_PROFIT_RATIO_SQ":-45.8117490679,"HOLDER_PROFIT_SQ":-297734000,"HOLDER_PROFIT_QOQ_SQ":-6.086541339452,"ROE_AVG_SQ":-50.646963613028,"PE_TTM_SQ":-12.305696939496,"PB_TTM_SQ":0.862324282101,"ROA_SQ":-27.412119984532,"START_DATE":"2023-01-01 00:00:00","FISCAL_YEAR":"12-31","CURRENCY":"HKD","IS_CNY_CODE":0,"DPS_HKD_LY":null,"ORG_TYPE":"一般企业","PREMIUM_INCOME":null,"PREMIUM_INCOME_YOY":null,"NET_INTEREST_INCOME":null,"NET_INTEREST_INCOME_YOY":null,"FEE_COMMISSION_INCOME":null,"FEE_COMMISSION_INCOME_YOY":null,"ACCOUNTS_RECE_TDAYS":21.967063753649,"INVENTORY_TDAYS":22.313070037755,"CURRENT_ASSETS_TDAYS":2.370808057068,"TOTAL_ASSETS_TDAYS":1.011035460947,"PREMIUM_EXPENSE":null,"LOAN_DEPOSIT":null,"LOAN_EQUITY":null,"LOAN_ASSETS":null,"DEPOSIT_EQUITY":null,"DEPOSIT_ASSETS":null,"EQUITY_MULTIPLIER":2.090479658402,"EQUITY_RATIO":0.943230120011},{"SECUCODE":"01518.HK","SECURITY_CODE":"01518","SECURITY_NAME_ABBR":"新世纪医疗","ORG_CODE":"10571355","STD_REPORT_DATE":"2023-06-30 00:00:00","REPORT_DATE":"2023-06-30 00:00:00","DATE_TYPE_CODE":"002","REPORT_TYPE":"2023年中报","PER_NETCASH_OPERATE":0.088311820825,"PER_OI":0.849207693485,"BPS":0.940878526606,"BASIC_EPS":0.05,"DILUTED_EPS":0.05,"OPERATE_INCOME":416133000,"OPERATE_INCOME_YOY":48.5637477508,"GROSS_PROFIT":169797000,"GROSS_PROFIT_YOY":154.778302948458,"HOLDER_PROFIT":23099000,"HOLDER_PROFIT_YOY":109.8862391289,"GROSS_PROFIT_RATIO":40.803541175538,"EPS_TTM":-0.083642671292,"OPERATE_INCOME_QOQ":21.372782850113,"NET_PROFIT_RATIO":10.6038213744,"ROE_AVG":5.137003818449,"GROSS_PROFIT_QOQ":51.029474329926,"ROA":2.551057878941,"HOLDER_PROFIT_QOQ":86.233685101466,"ROE_YEARLY":10.274007636898,"ROIC_YEARLY":6.244150079643,"TOTAL_ASSETS":909551000,"TOTAL_LIABILITIES":512469000,"TAX_EBT":30.790344589614,"OCF_SALES":10.399319448349,"TOTAL_PARENT_EQUITY":461054000,"DEBT_ASSET_RATIO":56.3430747699,"OPERATE_PROFIT":64551000,"PRETAX_PROFIT":63757000,"NETCASH_OPERATE":43275000,"NETCASH_INVEST":-2524000,"NETCASH_FINANCE":-23262000,"END_CASH":246020000,"DIVI_RATIO":-0.409541152509,"DIVIDEND_RATE":3.896907216495,"CURRENT_RATIO":1.166395463511,"COMMON_ACS":1000000000,"CURRENTDEBT_DEBT":63.317000638087,"ISSUED_COMMON_SHARES":490025000,"HK_COMMON_SHARES":490025000,"PER_SHARES":500,"TOTAL_MARKET_CAP":475324250,"HKSK_MARKET_CAP":475324250,"PE_TTM":4.981216416394,"PB_TTM":0.817183339248,"REPORT_DATE_SQ":"2022-06-30 00:00:00","REPORT_TYPE_SQ":"2022年中报","OPERATE_INCOME_SQ":280104000,"DPS_HKD":0.0378,"OPERATE_INCOME_QOQ_SQ":-0.907416629121,"NET_PROFIT_RATIO_SQ":-83.804943878,"HOLDER_PROFIT_SQ":-233648000,"HOLDER_PROFIT_QOQ_SQ":-176.610717418516,"ROE_AVG_SQ":-37.674010998358,"PE_TTM_SQ":-12.305696939496,"PB_TTM_SQ":0.862324282101,"ROA_SQ":-20.425659883844,"START_DATE":"2023-01-01 00:00:00","FISCAL_YEAR":"12-31","CURRENCY":"HKD","IS_CNY_CODE":0,"DPS_HKD_LY":null,"ORG_TYPE":"一般企业","PREMIUM_INCOME":null,"PREMIUM_INCOME_YOY":null,"NET_INTEREST_INCOME":null,"NET_INTEREST_INCOME_YOY":null,"FEE_COMMISSION_INCOME":null,"FEE_COMMISSION_INCOME_YOY":null,"ACCOUNTS_RECE_TDAYS":10.489601976255,"INVENTORY_TDAYS":9.394249103806,"CURRENT_ASSETS_TDAYS":1.152533031259,"TOTAL_ASSETS_TDAYS":0.459578063266,"PREMIUM_EXPENSE":null,"LOAN_DEPOSIT":null,"LOAN_EQUITY":null,"LOAN_ASSETS":null,"DEPOSIT_EQUITY":null,"DEPOSIT_ASSETS":null,"EQUITY_MULTIPLIER":2.290587334608,"EQUITY_RATIO":1.111516221527},{"SECUCODE":"01518.HK","SECURITY_CODE":"01518","SECURITY_NAME_ABBR":"新世纪医疗","ORG_CODE":"10571355","STD_REPORT_DATE":"2022-12-31 00:00:00","REPORT_DATE":"2022-12-31 00:00:00","DATE_TYPE_CODE":"001","REPORT_TYPE":"2022年年报","PER_NETCASH_OPERATE":0.155665527269,"PER_OI":1.298829651548,"BPS":0.894370695373,"BASIC_EPS":-0.62,"DILUTED_EPS":-0.62,"OPERATE_INCOME":636459000,"OPERATE_INCOME_YOY":0.6155889118,"GROSS_PROFIT":202142000,"GROSS_PROFIT_YOY":1.714343220872,"HOLDER_PROFIT":-297734000,"HOLDER_PROFIT_YOY":-193.4467430835,"GROSS_PROFIT_RATIO":31.760411903988,"EPS_TTM":-0.607589408704,"OPERATE_INCOME_QOQ":1.536952099868,"NET_PROFIT_RATIO":-45.8117490679,"ROE_AVG":-50.646963613028,"GROSS_PROFIT_QOQ":6.317223388085,"ROA":-27.412119984532,"HOLDER_PROFIT_QOQ":-6.086541339452,"ROE_YEARLY":-50.646963613028,"ROIC_YEARLY":-32.144160406631,"TOTAL_ASSETS":901384000,"TOTAL_LIABILITIES":540033000,"TAX_EBT":-0.59340424284,"OCF_SALES":11.985061095844,"TOTAL_PARENT_EQUITY":438264000,"DEBT_ASSET_RATIO":59.9115360379,"OPERATE_PROFIT":-278649000,"PRETAX_PROFIT":-289853000,"NETCASH_OPERATE":76280000,"NETCASH_INVEST":-23068000,"NETCASH_FINANCE":-57257000,"END_CASH":226079000,"DIVI_RATIO":-0.056378724694,"DIVIDEND_RATE":3.896907216495,"CURRENT_RATIO":1.029462691575,"COMMON_ACS":1000000000,"CURRENTDEBT_DEBT":61.813259560064,"ISSUED_COMMON_SHARES":490025000,"HK_COMMON_SHARES":490025000,"PER_SHARES":500,"TOTAL_MARKET_CAP":475324250,"HKSK_MARKET_CAP":475324250,"PE_TTM":4.981216416394,"PB_TTM":0.817183339248,"REPORT_DATE_SQ":"2021-12-31 00:00:00","REPORT_TYPE_SQ":"2021年年报","OPERATE_INCOME_SQ":632565000,"DPS_HKD":0.0378,"OPERATE_INCOME_QOQ_SQ":8.699724025583,"NET_PROFIT_RATIO_SQ":-13.4787729324,"HOLDER_PROFIT_SQ":-101461000,"HOLDER_PROFIT_QOQ_SQ":13.873043360158,"ROE_AVG_SQ":-12.875009834451,"PE_TTM_SQ":-12.305696939496,"PB_TTM_SQ":0.862324282101,"ROA_SQ":-7.400669817476,"START_DATE":"2022-01-01 00:00:00","FISCAL_YEAR":"12-31","CURRENCY":"HKD","IS_CNY_CODE":0,"DPS_HKD_LY":null,"ORG_TYPE":"一般企业","PREMIUM_INCOME":null,"PREMIUM_INCOME_YOY":null,"NET_INTEREST_INCOME":null,"NET_INTEREST_INCOME_YOY":null,"FEE_COMMISSION_INCOME":null,"FEE_COMMISSION_INCOME_YOY":null,"ACCOUNTS_RECE_TDAYS":17.440338690452,"INVENTORY_TDAYS":18.872270623764,"CURRENT_ASSETS_TDAYS":1.581111395418,"TOTAL_ASSETS_TDAYS":0.585982470031,"PREMIUM_EXPENSE":null,"LOAN_DEPOSIT":null,"LOAN_EQUITY":null,"LOAN_ASSETS":null,"DEPOSIT_EQUITY":null,"DEPOSIT_ASSETS":null,"EQUITY_MULTIPLIER":2.494483203311,"EQUITY_RATIO":1.232209353267},{"SECUCODE":"01518.HK","SECURITY_CODE":"01518","SECURITY_NAME_ABBR":"新世纪医疗","ORG_CODE":"10571355","STD_REPORT_DATE":"2022-06-30 00:00:00","REPORT_DATE":"2022-06-30 00:00:00","DATE_TYPE_CODE":"002","REPORT_TYPE":"2022年中报","PER_NETCASH_OPERATE":-0.010166828223,"PER_OI":0.571611652467,"BPS":1.026290495383,"BASIC_EPS":-0.48,"DILUTED_EPS":-0.48,"OPERATE_INCOME":280104000,"OPERATE_INCOME_YOY":-2.0080883279,"GROSS_PROFIT":66645000,"GROSS_PROFIT_YOY":-11.434038990551,"HOLDER_PROFIT":-233648000,"HOLDER_PROFIT_YOY":-329.0504434692,"GROSS_PROFIT_RATIO":23.792948333476,"EPS_TTM":-0.572729962757,"OPERATE_INCOME_QOQ":-0.907416629121,"NET_PROFIT_RATIO":-83.804943878,"ROE_AVG":-37.674010998358,"GROSS_PROFIT_QOQ":-4.329383349687,"ROA":-20.425659883844,"HOLDER_PROFIT_QOQ":-176.610717418516,"ROE_YEARLY":-75.348021996716,"ROIC_YEARLY":-46.524033557725,"TOTAL_ASSETS":1016893000,"TOTAL_LIABILITIES":584523000,"TAX_EBT":-0.477688603531,"OCF_SALES":-1.778625082112,"TOTAL_PARENT_EQUITY":502908000,"DEBT_ASSET_RATIO":57.4812689241,"OPERATE_PROFIT":-232280000,"PRETAX_PROFIT":-233625000,"NETCASH_OPERATE":-4982000,"NETCASH_INVEST":-19942000,"NETCASH_FINANCE":-22999000,"END_CASH":178868000,"DIVI_RATIO":-0.059810239079,"DIVIDEND_RATE":3.896907216495,"CURRENT_RATIO":0.988751920817,"COMMON_ACS":1000000000,"CURRENTDEBT_DEBT":60.564939275272,"ISSUED_COMMON_SHARES":490025000,"HK_COMMON_SHARES":490025000,"PER_SHARES":500,"TOTAL_MARKET_CAP":475324250,"HKSK_MARKET_CAP":475324250,"PE_TTM":4.981216416394,"PB_TTM":0.817183339248,"REPORT_DATE_SQ":"2021-06-30 00:00:00","REPORT_TYPE_SQ":"2021年中报","OPERATE_INCOME_SQ":285844000,"DPS_HKD":0.0378,"OPERATE_INCOME_QOQ_SQ":13.485768889496,"NET_PROFIT_RATIO_SQ":-17.1915450386,"HOLDER_PROFIT_SQ":-54457000,"HOLDER_PROFIT_QOQ_SQ":68.279646618181,"ROE_AVG_SQ":-6.711101717735,"PE_TTM_SQ":-12.305696939496,"PB_TTM_SQ":0.862324282101,"ROA_SQ":-3.837827019058,"START_DATE":"2022-01-01 00:00:00","FISCAL_YEAR":"12-31","CURRENCY":"HKD","IS_CNY_CODE":0,"DPS_HKD_LY":null,"ORG_TYPE":"一般企业","PREMIUM_INCOME":null,"PREMIUM_INCOME_YOY":null,"NET_INTEREST_INCOME":null,"NET_INTEREST_INCOME_YOY":null,"FEE_COMMISSION_INCOME":null,"FEE_COMMISSION_INCOME_YOY":null,"ACCOUNTS_RECE_TDAYS":6.847252948726,"INVENTORY_TDAYS":10.720118521495,"CURRENT_ASSETS_TDAYS":0.690366189546,"TOTAL_ASSETS_TDAYS":0.244868735709,"PREMIUM_EXPENSE":null,"LOAN_DEPOSIT":null,"LOAN_EQUITY":null,"LOAN_ASSETS":null,"DEPOSIT_EQUITY":null,"DEPOSIT_ASSETS":null,"EQUITY_MULTIPLIER":2.351904618731,"EQUITY_RATIO":1.162286143788},{"SECUCODE":"01518.HK","SECURITY_CODE":"01518","SECURITY_NAME_ABBR":"新世纪医疗","ORG_CODE":"10571355","STD_REPORT_DATE":"2021-12-31 00:00:00","REPORT_DATE":"2021-12-31 00:00:00","DATE_TYPE_CODE":"001","REPORT_TYPE":"2021年年报","PER_NETCASH_OPERATE":0.045416050202,"PER_OI":1.290883118208,"BPS":1.504941584613,"BASIC_EPS":-0.21,"DILUTED_EPS":-0.21,"OPERATE_INCOME":632565000,"OPERATE_INCOME_YOY":23.3587175912,"GROSS_PROFIT":198735000,"GROSS_PROFIT_YOY":46.38269349754,"HOLDER_PROFIT":-101461000,"HOLDER_PROFIT_YOY":72.6802249968,"GROSS_PROFIT_RATIO":31.417324701809,"EPS_TTM":-0.207052701393,"OPERATE_INCOME_QOQ":8.699724025583,"NET_PROFIT_RATIO":-13.4787729324,"ROE_AVG":-12.875009834451,"GROSS_PROFIT_QOQ":17.816364520221,"ROA":-7.400669817476,"HOLDER_PROFIT_QOQ":13.873043360158,"ROE_YEARLY":-12.875009834451,"ROIC_YEARLY":-8.826959457373,"TOTAL_ASSETS":1270896000,"TOTAL_LIABILITIES":586658000,"TAX_EBT":-44.152704279169,"OCF_SALES":3.518215519354,"TOTAL_PARENT_EQUITY":737459000,"DEBT_ASSET_RATIO":46.1609761932,"OPERATE_PROFIT":-44850000,"PRETAX_PROFIT":-59147000,"NETCASH_OPERATE":22255000,"NETCASH_INVEST":-15743000,"NETCASH_FINANCE":-79843000,"END_CASH":223843000,"DIVI_RATIO":-0.165441531405,"DIVIDEND_RATE":3.896907216495,"CURRENT_RATIO":1.584709643962,"COMMON_ACS":1000000000,"CURRENTDEBT_DEBT":49.633176399197,"ISSUED_COMMON_SHARES":490025000,"HK_COMMON_SHARES":490025000,"PER_SHARES":500,"TOTAL_MARKET_CAP":475324250,"HKSK_MARKET_CAP":475324250,"PE_TTM":4.981216416394,"PB_TTM":0.817183339248,"REPORT_DATE_SQ":"2020-12-31 00:00:00","REPORT_TYPE_SQ":"2020年年报","OPERATE_INCOME_SQ":512785000,"DPS_HKD":0.0378,"OPERATE_INCOME_QOQ_SQ":-15.041618895509,"NET_PROFIT_RATIO_SQ":-73.6242284778,"HOLDER_PROFIT_SQ":-371383000,"HOLDER_PROFIT_QOQ_SQ":-14.201414514145,"ROE_AVG_SQ":-36.242423532695,"PE_TTM_SQ":-12.305696939496,"PB_TTM_SQ":0.862324282101,"ROA_SQ":-22.187266351686,"START_DATE":"2021-01-01 00:00:00","FISCAL_YEAR":"12-31","CURRENCY":"HKD","IS_CNY_CODE":0,"DPS_HKD_LY":null,"ORG_TYPE":"一般企业","PREMIUM_INCOME":null,"PREMIUM_INCOME_YOY":null,"NET_INTEREST_INCOME":null,"NET_INTEREST_INCOME_YOY":null,"FEE_COMMISSION_INCOME":null,"FEE_COMMISSION_INCOME_YOY":null,"ACCOUNTS_RECE_TDAYS":18.624573077376,"INVENTORY_TDAYS":21.304817561263,"CURRENT_ASSETS_TDAYS":1.282209024202,"TOTAL_ASSETS_TDAYS":0.461399424714,"PREMIUM_EXPENSE":null,"LOAN_DEPOSIT":null,"LOAN_EQUITY":null,"LOAN_ASSETS":null,"DEPOSIT_EQUITY":null,"DEPOSIT_ASSETS":null,"EQUITY_MULTIPLIER":1.857388803312,"EQUITY_RATIO":0.795512699689},{"SECUCODE":"01518.HK","SECURITY_CODE":"01518","SECURITY_NAME_ABBR":"新世纪医疗","ORG_CODE":"10571355","STD_REPORT_DATE":"2021-06-30 00:00:00","REPORT_DATE":"2021-06-30 00:00:00","DATE_TYPE_CODE":"002","REPORT_TYPE":"2021年中报","PER_NETCASH_OPERATE":0.016709351564,"PER_OI":0.583325340544,"BPS":1.600448956686,"BASIC_EPS":-0.11,"DILUTED_EPS":-0.11,"OPERATE_INCOME":285844000,"OPERATE_INCOME_YOY":31.9131851346,"GROSS_PROFIT":75249000,"GROSS_PROFIT_YOY":77.763341286528,"HOLDER_PROFIT":-54457000,"HOLDER_PROFIT_YOY":82.3212221948,"GROSS_PROFIT_RATIO":26.325198359945,"EPS_TTM":-0.240404061017,"OPERATE_INCOME_QOQ":13.485768889496,"NET_PROFIT_RATIO":-17.1915450386,"ROE_AVG":-6.711101717735,"GROSS_PROFIT_QOQ":24.24648655019,"ROA":-3.837827019058,"HOLDER_PROFIT_QOQ":68.279646618181,"ROE_YEARLY":-13.42220343547,"ROIC_YEARLY":-9.229878760067,"TOTAL_ASSETS":1366863000,"TOTAL_LIABILITIES":638717000,"TAX_EBT":-29.806904931717,"OCF_SALES":2.864499517219,"TOTAL_PARENT_EQUITY":784260000,"DEBT_ASSET_RATIO":46.7286772705,"OPERATE_PROFIT":-30409000,"PRETAX_PROFIT":-37857000,"NETCASH_OPERATE":8188000,"NETCASH_INVEST":-9778000,"NETCASH_FINANCE":-35281000,"END_CASH":261561000,"DIVI_RATIO":-0.142489756018,"DIVIDEND_RATE":3.896907216495,"CURRENT_RATIO":1.651786047174,"COMMON_ACS":1000000000,"CURRENTDEBT_DEBT":46.192132039698,"ISSUED_COMMON_SHARES":490025000,"HK_COMMON_SHARES":490025000,"PER_SHARES":500,"TOTAL_MARKET_CAP":475324250,"HKSK_MARKET_CAP":475324250,"PE_TTM":4.981216416394,"PB_TTM":0.817183339248,"REPORT_DATE_SQ":"2020-06-30 00:00:00","REPORT_TYPE_SQ":"2020年中报","OPERATE_INCOME_SQ":216691000,"DPS_HKD":0.0378,"OPERATE_INCOME_QOQ_SQ":-17.247374100078,"NET_PROFIT_RATIO_SQ":-147.3388373306,"HOLDER_PROFIT_SQ":-308036000,"HOLDER_PROFIT_QOQ_SQ":-1124.58201536376,"ROE_AVG_SQ":-29.126386178308,"PE_TTM_SQ":-12.305696939496,"PB_TTM_SQ":0.862324282101,"ROA_SQ":-18.139269755949,"START_DATE":"2021-01-01 00:00:00","FISCAL_YEAR":"12-31","CURRENCY":"HKD","IS_CNY_CODE":0,"DPS_HKD_LY":null,"ORG_TYPE":"一般企业","PREMIUM_INCOME":null,"PREMIUM_INCOME_YOY":null,"NET_INTEREST_INCOME":null,"NET_INTEREST_INCOME_YOY":null,"FEE_COMMISSION_INCOME":null,"FEE_COMMISSION_INCOME_YOY":null,"ACCOUNTS_RECE_TDAYS":9.163869519917,"INVENTORY_TDAYS":11.408797876375,"CURRENT_ASSETS_TDAYS":0.564581611259,"TOTAL_ASSETS_TDAYS":0.201446981368,"PREMIUM_EXPENSE":null,"LOAN_DEPOSIT":null,"LOAN_EQUITY":null,"LOAN_ASSETS":null,"DEPOSIT_EQUITY":null,"DEPOSIT_ASSETS":null,"EQUITY_MULTIPLIER":1.877182597995,"EQUITY_RATIO":0.814419962767},{"SECUCODE":"01518.HK","SECURITY_CODE":"01518","SECURITY_NAME_ABBR":"新世纪医疗","ORG_CODE":"10571355","STD_REPORT_DATE":"2020-12-31 00:00:00","REPORT_DATE":"2020-12-31 00:00:00","DATE_TYPE_CODE":"001","REPORT_TYPE":"2020年年报","PER_NETCASH_OPERATE":-0.008615886945,"PER_OI":1.046446609867,"BPS":1.711408601602,"BASIC_EPS":-0.77,"DILUTED_EPS":-0.77,"OPERATE_INCOME":512785000,"OPERATE_INCOME_YOY":-29.694708714,"GROSS_PROFIT":135764000,"GROSS_PROFIT_YOY":-48.043260288861,"HOLDER_PROFIT":-371383000,"HOLDER_PROFIT_YOY":-1298.4899834312,"GROSS_PROFIT_RATIO":26.475813450081,"EPS_TTM":-0.757885822152,"OPERATE_INCOME_QOQ":-15.041618895509,"NET_PROFIT_RATIO":-73.6242284778,"ROE_AVG":-36.242423532695,"GROSS_PROFIT_QOQ":-26.433119293397,"ROA":-22.187266351686,"HOLDER_PROFIT_QOQ":-14.201414514145,"ROE_YEARLY":-36.242423532695,"ROIC_YEARLY":-27.474897676475,"TOTAL_ASSETS":1471045000,"TOTAL_LIABILITIES":659193000,"TAX_EBT":-14.840287515932,"OCF_SALES":-0.823347016781,"TOTAL_PARENT_EQUITY":838633000,"DEBT_ASSET_RATIO":44.8112056395,"OPERATE_PROFIT":-308761000,"PRETAX_PROFIT":-328747000,"NETCASH_OPERATE":-4222000,"NETCASH_INVEST":47821000,"NETCASH_FINANCE":-86473000,"END_CASH":299211000,"DIVI_RATIO":-0.045198254142,"DIVIDEND_RATE":3.896907216495,"CURRENT_RATIO":1.879204739791,"COMMON_ACS":1000000000,"CURRENTDEBT_DEBT":42.401239090828,"ISSUED_COMMON_SHARES":490025000,"HK_COMMON_SHARES":490025000,"PER_SHARES":500,"TOTAL_MARKET_CAP":475324250,"HKSK_MARKET_CAP":475324250,"PE_TTM":4.981216416394,"PB_TTM":0.817183339248,"REPORT_DATE_SQ":"2019-12-31 00:00:00","REPORT_TYPE_SQ":"2019年年报","OPERATE_INCOME_SQ":729369000,"DPS_HKD":0.0378,"OPERATE_INCOME_QOQ_SQ":6.226469778639,"NET_PROFIT_RATIO_SQ":0.6160119226,"HOLDER_PROFIT_SQ":-26556000,"HOLDER_PROFIT_QOQ_SQ":-534.205362982341,"ROE_AVG_SQ":-2.169330473677,"PE_TTM_SQ":-12.305696939496,"PB_TTM_SQ":0.862324282101,"ROA_SQ":-1.522840893061,"START_DATE":"2020-01-01 00:00:00","FISCAL_YEAR":"12-31","CURRENCY":"HKD","IS_CNY_CODE":0,"DPS_HKD_LY":null,"ORG_TYPE":"一般企业","PREMIUM_INCOME":null,"PREMIUM_INCOME_YOY":null,"NET_INTEREST_INCOME":null,"NET_INTEREST_INCOME_YOY":null,"FEE_COMMISSION_INCOME":null,"FEE_COMMISSION_INCOME_YOY":null,"ACCOUNTS_RECE_TDAYS":17.263744402922,"INVENTORY_TDAYS":21.378526268039,"CURRENT_ASSETS_TDAYS":0.888398592173,"TOTAL_ASSETS_TDAYS":0.306349439154,"PREMIUM_EXPENSE":null,"LOAN_DEPOSIT":null,"LOAN_EQUITY":null,"LOAN_ASSETS":null,"DEPOSIT_EQUITY":null,"DEPOSIT_ASSETS":null,"EQUITY_MULTIPLIER":1.811962032488,"EQUITY_RATIO":0.786032746148},{"SECUCODE":"01518.HK","SECURITY_CODE":"01518","SECURITY_NAME_ABBR":"新世纪医疗","ORG_CODE":"10571355","STD_REPORT_DATE":"2020-06-30 00:00:00","REPORT_DATE":"2020-06-30 00:00:00","DATE_TYPE_CODE":"002","REPORT_TYPE":"2020年中报","PER_NETCASH_OPERATE":-0.016482832509,"PER_OI":0.442203969185,"BPS":1.845544615071,"BASIC_EPS":-0.63,"DILUTED_EPS":-0.63,"OPERATE_INCOME":216691000,"OPERATE_INCOME_YOY":-36.7303379972,"GROSS_PROFIT":42331000,"GROSS_PROFIT_YOY":-64.454017197367,"HOLDER_PROFIT":-308036000,"HOLDER_PROFIT_YOY":-3179.7700170358,"GROSS_PROFIT_RATIO":19.535190663202,"EPS_TTM":-0.663639610224,"OPERATE_INCOME_QOQ":-17.247374100078,"NET_PROFIT_RATIO":-147.3388373306,"ROE_AVG":-29.126386178308,"GROSS_PROFIT_QOQ":-29.374823001737,"ROA":-18.139269755949,"HOLDER_PROFIT_QOQ":-1124.58201536376,"ROE_YEARLY":-58.252772356617,"ROIC_YEARLY":-44.834207413299,"TOTAL_ASSETS":1519676000,"TOTAL_LIABILITIES":647177000,"TAX_EBT":-11.03305569563,"OCF_SALES":-3.727427535061,"TOTAL_PARENT_EQUITY":904363000,"DEBT_ASSET_RATIO":42.5865118617,"OPERATE_PROFIT":-283633000,"PRETAX_PROFIT":-287545000,"NETCASH_OPERATE":-8077000,"NETCASH_INVEST":20609000,"NETCASH_FINANCE":-55512000,"END_CASH":308137000,"DIVI_RATIO":-0.051617045565,"DIVIDEND_RATE":3.896907216495,"CURRENT_RATIO":1.998738589808,"COMMON_ACS":1000000000,"CURRENTDEBT_DEBT":42.995965555018,"ISSUED_COMMON_SHARES":490025000,"HK_COMMON_SHARES":490025000,"PER_SHARES":500,"TOTAL_MARKET_CAP":475324250,"HKSK_MARKET_CAP":475324250,"PE_TTM":4.981216416394,"PB_TTM":0.817183339248,"REPORT_DATE_SQ":"2019-06-30 00:00:00","REPORT_TYPE_SQ":"2019年中报","OPERATE_INCOME_SQ":342488000,"DPS_HKD":0.0378,"OPERATE_INCOME_QOQ_SQ":11.466693940102,"NET_PROFIT_RATIO_SQ":1.1696760178,"HOLDER_PROFIT_SQ":-9392000,"HOLDER_PROFIT_QOQ_SQ":-85.267620561738,"ROE_AVG_SQ":-0.760616397309,"PE_TTM_SQ":-12.305696939496,"PB_TTM_SQ":0.862324282101,"ROA_SQ":-0.526998724867,"START_DATE":"2020-01-01 00:00:00","FISCAL_YEAR":"12-31","CURRENCY":"HKD","IS_CNY_CODE":0,"DPS_HKD_LY":null,"ORG_TYPE":"一般企业","PREMIUM_INCOME":null,"PREMIUM_INCOME_YOY":null,"NET_INTEREST_INCOME":null,"NET_INTEREST_INCOME_YOY":null,"FEE_COMMISSION_INCOME":null,"FEE_COMMISSION_INCOME_YOY":null,"ACCOUNTS_RECE_TDAYS":8.99132780083,"INVENTORY_TDAYS":11.551609911223,"CURRENT_ASSETS_TDAYS":0.365623547337,"TOTAL_ASSETS_TDAYS":0.12760250434,"PREMIUM_EXPENSE":null,"LOAN_DEPOSIT":null,"LOAN_EQUITY":null,"LOAN_ASSETS":null,"DEPOSIT_EQUITY":null,"DEPOSIT_ASSETS":null,"EQUITY_MULTIPLIER":1.74175099341,"EQUITY_RATIO":0.715616406244}],"count":23},"success":true,"message":"ok","code":0}