{"version":"6dc686f162f82c1ddc7a455ed561f650","result":{"pages":6,"data":[{"SECUCODE":"01513.HK","SECURITY_CODE":"01513","SECURITY_NAME_ABBR":"丽珠医药","ORG_CODE":"10005459","STD_REPORT_DATE":"2024-09-30 00:00:00","REPORT_DATE":"2024-09-30 00:00:00","DATE_TYPE_CODE":"004","REPORT_TYPE":"2024年三季报","PER_NETCASH_OPERATE":2.490711538971,"PER_OI":9.800903325019,"BPS":15.535921217001,"BASIC_EPS":1.81,"DILUTED_EPS":1.81,"OPERATE_INCOME":9081603788.36,"OPERATE_INCOME_YOY":-5.9368316442,"GROSS_PROFIT":5976608871.69,"GROSS_PROFIT_YOY":-3.16741801078,"HOLDER_PROFIT":1672733989.63,"HOLDER_PROFIT_YOY":4.4443753758,"GROSS_PROFIT_RATIO":65.810059665346,"EPS_TTM":2.185204617239,"OPERATE_INCOME_QOQ":-1.377627519785,"NET_PROFIT_RATIO":21.4267759848,"ROE_AVG":11.86290277594,"GROSS_PROFIT_QOQ":-0.662989078186,"ROA":6.697079151716,"HOLDER_PROFIT_QOQ":1.747622009414,"ROE_YEARLY":15.817203701254,"ROIC_YEARLY":12.674952312476,"TOTAL_ASSETS":24909308152.3,"TOTAL_LIABILITIES":9973518408.08,"TAX_EBT":15.500887645342,"OCF_SALES":25.413081390295,"TOTAL_PARENT_EQUITY":14158595462.73,"DEBT_ASSET_RATIO":40.0393232405,"OPERATE_PROFIT":2247928142.33,"PRETAX_PROFIT":2302858391.45,"NETCASH_OPERATE":2307915362.28,"NETCASH_INVEST":-627321540.66,"NETCASH_FINANCE":-1912251596.1,"END_CASH":10723355139.5,"DIVI_RATIO":0.614608451769,"DIVIDEND_RATE":5.571541353383,"CURRENT_RATIO":1.843215906146,"COMMON_ACS":null,"CURRENTDEBT_DEBT":90.371972556023,"ISSUED_COMMON_SHARES":911345730,"HK_COMMON_SHARES":307052417,"PER_SHARES":100,"TOTAL_MARKET_CAP":24241796418,"HKSK_MARKET_CAP":8167594292.2,"PE_TTM":10.700835656587,"PB_TTM":1.544009760667,"REPORT_DATE_SQ":"2023-09-30 00:00:00","REPORT_TYPE_SQ":"2023年三季报","OPERATE_INCOME_SQ":9654792568.76,"DPS_HKD":1.48203,"OPERATE_INCOME_QOQ_SQ":-1.696357880147,"NET_PROFIT_RATIO_SQ":16.8239884018,"HOLDER_PROFIT_SQ":1601554878.96,"HOLDER_PROFIT_QOQ_SQ":-1.098974519923,"ROE_AVG_SQ":11.639839257753,"PE_TTM_SQ":11.101850398892,"PB_TTM_SQ":1.655411962582,"ROA_SQ":6.449458125505,"START_DATE":"2024-01-01 00:00:00","FISCAL_YEAR":"12-31","CURRENCY":"HKD","IS_CNY_CODE":0,"DPS_HKD_LY":1.48203,"ORG_TYPE":"一般企业","PREMIUM_INCOME":null,"PREMIUM_INCOME_YOY":null,"NET_INTEREST_INCOME":null,"NET_INTEREST_INCOME_YOY":null,"FEE_COMMISSION_INCOME":null,"FEE_COMMISSION_INCOME_YOY":null,"ACCOUNTS_RECE_TDAYS":2.596349671685,"INVENTORY_TDAYS":1.533301693415,"CURRENT_ASSETS_TDAYS":0.536110944236,"TOTAL_ASSETS_TDAYS":0.363597677648,"PREMIUM_EXPENSE":null,"LOAN_DEPOSIT":null,"LOAN_EQUITY":null,"LOAN_ASSETS":null,"DEPOSIT_EQUITY":null,"DEPOSIT_ASSETS":null,"EQUITY_MULTIPLIER":1.66775969526,"EQUITY_RATIO":0.70441439155},{"SECUCODE":"01513.HK","SECURITY_CODE":"01513","SECURITY_NAME_ABBR":"丽珠医药","ORG_CODE":"10005459","STD_REPORT_DATE":"2024-06-30 00:00:00","REPORT_DATE":"2024-06-30 00:00:00","DATE_TYPE_CODE":"002","REPORT_TYPE":"2024年中报","PER_NETCASH_OPERATE":1.651721001762,"PER_OI":6.782015997327,"BPS":15.273993207298,"BASIC_EPS":1.27,"DILUTED_EPS":1.27,"OPERATE_INCOME":6282354251.22,"OPERATE_INCOME_YOY":-6.0922100488,"GROSS_PROFIT":4143803947.26,"GROSS_PROFIT_YOY":-3.350349882331,"HOLDER_PROFIT":1170970883.51,"HOLDER_PROFIT_YOY":3.2083100891,"GROSS_PROFIT_RATIO":65.959412372445,"EPS_TTM":2.148328425174,"OPERATE_INCOME_QOQ":-1.935783870356,"NET_PROFIT_RATIO":21.5635585026,"ROE_AVG":8.375329458392,"GROSS_PROFIT_QOQ":-1.114341156516,"ROA":4.626442828376,"HOLDER_PROFIT_QOQ":0.529715151732,"ROE_YEARLY":16.750658916783,"ROIC_YEARLY":17.752062841329,"TOTAL_ASSETS":25575959811.53,"TOTAL_LIABILITIES":10968560927.66,"TAX_EBT":15.773176359773,"OCF_SALES":24.354425032509,"TOTAL_PARENT_EQUITY":13919888489.52,"DEBT_ASSET_RATIO":42.886214275,"OPERATE_PROFIT":1530801551.17,"PRETAX_PROFIT":1608393948.33,"NETCASH_OPERATE":1530031256.39,"NETCASH_INVEST":-223171702.31,"NETCASH_FINANCE":-805738985.9,"END_CASH":11480358011.11,"DIVI_RATIO":0.625158244365,"DIVIDEND_RATE":5.468745387454,"CURRENT_RATIO":1.805330370881,"COMMON_ACS":null,"CURRENTDEBT_DEBT":88.40971238338,"ISSUED_COMMON_SHARES":911345730,"HK_COMMON_SHARES":307052417,"PER_SHARES":100,"TOTAL_MARKET_CAP":24697469283,"HKSK_MARKET_CAP":8321120500.7,"PE_TTM":10.901979183966,"PB_TTM":1.573032500529,"REPORT_DATE_SQ":"2023-06-30 00:00:00","REPORT_TYPE_SQ":"2023年中报","OPERATE_INCOME_SQ":6689918114.87,"DPS_HKD":1.48203,"OPERATE_INCOME_QOQ_SQ":3.60824074149,"NET_PROFIT_RATIO_SQ":17.5498537253,"HOLDER_PROFIT_SQ":1134570348.55,"HOLDER_PROFIT_QOQ_SQ":4.561852218971,"ROE_AVG_SQ":8.315083103764,"PE_TTM_SQ":9.64847909292,"PB_TTM_SQ":1.438697796967,"ROA_SQ":4.485269760787,"START_DATE":"2024-01-01 00:00:00","FISCAL_YEAR":"12-31","CURRENCY":"HKD","IS_CNY_CODE":0,"DPS_HKD_LY":1.48203,"ORG_TYPE":"一般企业","PREMIUM_INCOME":null,"PREMIUM_INCOME_YOY":null,"NET_INTEREST_INCOME":null,"NET_INTEREST_INCOME_YOY":null,"FEE_COMMISSION_INCOME":null,"FEE_COMMISSION_INCOME_YOY":null,"ACCOUNTS_RECE_TDAYS":1.71976593897,"INVENTORY_TDAYS":1.060196008056,"CURRENT_ASSETS_TDAYS":0.361335640472,"TOTAL_ASSETS_TDAYS":0.248212429362,"PREMIUM_EXPENSE":null,"LOAN_DEPOSIT":null,"LOAN_EQUITY":null,"LOAN_ASSETS":null,"DEPOSIT_EQUITY":null,"DEPOSIT_ASSETS":null,"EQUITY_MULTIPLIER":1.750890765349,"EQUITY_RATIO":0.78797764335},{"SECUCODE":"01513.HK","SECURITY_CODE":"01513","SECURITY_NAME_ABBR":"丽珠医药","ORG_CODE":"10005459","STD_REPORT_DATE":"2024-03-31 00:00:00","REPORT_DATE":"2024-03-31 00:00:00","DATE_TYPE_CODE":"003","REPORT_TYPE":"2024年一季报","PER_NETCASH_OPERATE":0.99760862093,"PER_OI":3.500203942775,"BPS":16.027026196096,"BASIC_EPS":0.65,"DILUTED_EPS":0.65,"OPERATE_INCOME":3242814513.73,"OPERATE_INCOME_YOY":-4.9879263204,"GROSS_PROFIT":2097163138.1,"GROSS_PROFIT_YOY":-2.578685048297,"HOLDER_PROFIT":607823809.46,"HOLDER_PROFIT_YOY":4.4533531514,"GROSS_PROFIT_RATIO":64.671079064827,"EPS_TTM":2.136687829871,"OPERATE_INCOME_QOQ":-1.369590935986,"NET_PROFIT_RATIO":22.0820203289,"ROE_AVG":4.243297027186,"GROSS_PROFIT_QOQ":-0.696970620189,"ROA":2.419944590111,"HOLDER_PROFIT_QOQ":1.326464132103,"ROE_YEARLY":16.973188108745,"ROIC_YEARLY":18.553766812118,"TOTAL_ASSETS":25189695757.11,"TOTAL_LIABILITIES":9750195000.46,"TAX_EBT":15.200837289381,"OCF_SALES":28.501442694201,"TOTAL_PARENT_EQUITY":14606161888.41,"DEBT_ASSET_RATIO":38.7070772687,"OPERATE_PROFIT":789932765.75,"PRETAX_PROFIT":844441073.78,"NETCASH_OPERATE":924248920.31,"NETCASH_INVEST":-457336601.18,"NETCASH_FINANCE":-654613688.15,"END_CASH":10787974836.57,"DIVI_RATIO":0.628564083075,"DIVIDEND_RATE":5.468745387454,"CURRENT_RATIO":2.06223109408,"COMMON_ACS":null,"CURRENTDEBT_DEBT":85.433367890663,"ISSUED_COMMON_SHARES":911345730,"HK_COMMON_SHARES":307052417,"PER_SHARES":100,"TOTAL_MARKET_CAP":24697469283,"HKSK_MARKET_CAP":8321120500.7,"PE_TTM":10.901979183966,"PB_TTM":1.573032500529,"REPORT_DATE_SQ":"2023-03-31 00:00:00","REPORT_TYPE_SQ":"2023年一季报","OPERATE_INCOME_SQ":3413055191.98,"DPS_HKD":1.48203,"OPERATE_INCOME_QOQ_SQ":-0.522363205385,"NET_PROFIT_RATIO_SQ":17.985702439,"HOLDER_PROFIT_SQ":581909331.89,"HOLDER_PROFIT_QOQ_SQ":1.498672831252,"ROE_AVG_SQ":4.132736210804,"PE_TTM_SQ":9.64847909292,"PB_TTM_SQ":1.438697796967,"ROA_SQ":2.305246617868,"START_DATE":"2024-01-01 00:00:00","FISCAL_YEAR":"12-31","CURRENCY":"HKD","IS_CNY_CODE":0,"DPS_HKD_LY":1.48203,"ORG_TYPE":"一般企业","PREMIUM_INCOME":null,"PREMIUM_INCOME_YOY":null,"NET_INTEREST_INCOME":null,"NET_INTEREST_INCOME_YOY":null,"FEE_COMMISSION_INCOME":null,"FEE_COMMISSION_INCOME_YOY":null,"ACCOUNTS_RECE_TDAYS":0.903248113407,"INVENTORY_TDAYS":0.56213927571,"CURRENT_ASSETS_TDAYS":0.188292727672,"TOTAL_ASSETS_TDAYS":0.129107009582,"PREMIUM_EXPENSE":null,"LOAN_DEPOSIT":null,"LOAN_EQUITY":null,"LOAN_ASSETS":null,"DEPOSIT_EQUITY":null,"DEPOSIT_ASSETS":null,"EQUITY_MULTIPLIER":1.631509732998,"EQUITY_RATIO":0.667539842085},{"SECUCODE":"01513.HK","SECURITY_CODE":"01513","SECURITY_NAME_ABBR":"丽珠医药","ORG_CODE":"10005459","STD_REPORT_DATE":"2023-12-31 00:00:00","REPORT_DATE":"2023-12-31 00:00:00","DATE_TYPE_CODE":"001","REPORT_TYPE":"2023年年报","PER_NETCASH_OPERATE":3.516397965037,"PER_OI":13.453323118876,"BPS":15.408527017206,"BASIC_EPS":2.1,"DILUTED_EPS":2.1,"OPERATE_INCOME":12430038325.82,"OPERATE_INCOME_YOY":-1.579947527,"GROSS_PROFIT":7964564964.72,"GROSS_PROFIT_YOY":-2.494167786759,"HOLDER_PROFIT":1953650833.28,"HOLDER_PROFIT_YOY":2.317113607,"GROSS_PROFIT_RATIO":64.075144065934,"EPS_TTM":2.114482291417,"OPERATE_INCOME_QOQ":-2.860866627202,"NET_PROFIT_RATIO":15.2662523035,"ROE_AVG":13.995352939667,"GROSS_PROFIT_QOQ":-1.970668849367,"ROA":7.828749492959,"HOLDER_PROFIT_QOQ":-2.519556020225,"ROE_YEARLY":13.995352939667,"ROIC_YEARLY":14.807036147156,"TOTAL_ASSETS":25044827127.75,"TOTAL_LIABILITIES":10278124131.71,"TAX_EBT":20.358095629846,"OCF_SALES":26.137764877613,"TOTAL_PARENT_EQUITY":14042495302.72,"DEBT_ASSET_RATIO":41.0389102679,"OPERATE_PROFIT":2111164623.38,"PRETAX_PROFIT":2382666546.27,"NETCASH_OPERATE":3248934191.8,"NETCASH_INVEST":-708373580.87,"NETCASH_FINANCE":-1656880756.82,"END_CASH":10976366402.44,"DIVI_RATIO":0.635165038767,"DIVIDEND_RATE":5.635095057034,"CURRENT_RATIO":2.135016842759,"COMMON_ACS":null,"CURRENTDEBT_DEBT":78.683010353899,"ISSUED_COMMON_SHARES":911345730,"HK_COMMON_SHARES":307052417,"PER_SHARES":100,"TOTAL_MARKET_CAP":23968392699,"HKSK_MARKET_CAP":8075478567.1,"PE_TTM":10.580149540159,"PB_TTM":1.52659611675,"REPORT_DATE_SQ":"2022-12-31 00:00:00","REPORT_TYPE_SQ":"2022年年报","OPERATE_INCOME_SQ":12629579047.66,"DPS_HKD":1.48203,"OPERATE_INCOME_QOQ_SQ":3.666851985529,"NET_PROFIT_RATIO_SQ":15.4838115006,"HOLDER_PROFIT_SQ":1909407687.93,"HOLDER_PROFIT_QOQ_SQ":4.352429700524,"ROE_AVG_SQ":14.206897224535,"PE_TTM_SQ":10.344335173947,"PB_TTM_SQ":1.542457840508,"ROA_SQ":8.084349707217,"START_DATE":"2023-01-01 00:00:00","FISCAL_YEAR":"12-31","CURRENCY":"HKD","IS_CNY_CODE":0,"DPS_HKD_LY":1.74385,"ORG_TYPE":"一般企业","PREMIUM_INCOME":null,"PREMIUM_INCOME_YOY":null,"NET_INTEREST_INCOME":null,"NET_INTEREST_INCOME_YOY":null,"FEE_COMMISSION_INCOME":null,"FEE_COMMISSION_INCOME_YOY":null,"ACCOUNTS_RECE_TDAYS":3.264967499547,"INVENTORY_TDAYS":2.175100470214,"CURRENT_ASSETS_TDAYS":0.725768086423,"TOTAL_ASSETS_TDAYS":0.498101577739,"PREMIUM_EXPENSE":null,"LOAN_DEPOSIT":null,"LOAN_EQUITY":null,"LOAN_ASSETS":null,"DEPOSIT_EQUITY":null,"DEPOSIT_ASSETS":null,"EQUITY_MULTIPLIER":1.696033781844,"EQUITY_RATIO":0.731930038796},{"SECUCODE":"01513.HK","SECURITY_CODE":"01513","SECURITY_NAME_ABBR":"丽珠医药","ORG_CODE":"10005459","STD_REPORT_DATE":"2023-09-30 00:00:00","REPORT_DATE":"2023-09-30 00:00:00","DATE_TYPE_CODE":"004","REPORT_TYPE":"2023年三季报","PER_NETCASH_OPERATE":2.364808937148,"PER_OI":10.319881181379,"BPS":14.969550226422,"BASIC_EPS":1.72,"DILUTED_EPS":1.72,"OPERATE_INCOME":9654792568.76,"OPERATE_INCOME_YOY":1.755214011,"GROSS_PROFIT":6172105244.86,"GROSS_PROFIT_YOY":-0.701777407237,"HOLDER_PROFIT":1601554878.96,"HOLDER_PROFIT_YOY":6.2884757841,"GROSS_PROFIT_RATIO":63.927890743413,"EPS_TTM":2.142205835159,"OPERATE_INCOME_QOQ":-1.696357880147,"NET_PROFIT_RATIO":16.8239884018,"ROE_AVG":11.639839257753,"GROSS_PROFIT_QOQ":-2.640003859792,"ROA":6.449458125505,"HOLDER_PROFIT_QOQ":-1.098974519923,"ROE_YEARLY":15.519785677004,"ROIC_YEARLY":11.858412965767,"TOTAL_ASSETS":24799963451.5,"TOTAL_LIABILITIES":10331726594.21,"TAX_EBT":17.551777983409,"OCF_SALES":22.915079113648,"TOTAL_PARENT_EQUITY":13642435678.87,"DEBT_ASSET_RATIO":41.6602492758,"OPERATE_PROFIT":1753634941.39,"PRETAX_PROFIT":1970110624.9,"NETCASH_OPERATE":2212403355.39,"NETCASH_INVEST":-553929894.9,"NETCASH_FINANCE":-1768301850.08,"END_CASH":9995849149.3,"DIVI_RATIO":0.626944994994,"DIVIDEND_RATE":5.635095057034,"CURRENT_RATIO":2.326346079719,"COMMON_ACS":null,"CURRENTDEBT_DEBT":70.664739876116,"ISSUED_COMMON_SHARES":911345730,"HK_COMMON_SHARES":307052417,"PER_SHARES":100,"TOTAL_MARKET_CAP":23968392699,"HKSK_MARKET_CAP":8075478567.1,"PE_TTM":10.580149540159,"PB_TTM":1.52659611675,"REPORT_DATE_SQ":"2022-09-30 00:00:00","REPORT_TYPE_SQ":"2022年三季报","OPERATE_INCOME_SQ":9488253415.41,"DPS_HKD":1.48203,"OPERATE_INCOME_QOQ_SQ":0.42828202749,"NET_PROFIT_RATIO_SQ":16.4448704736,"HOLDER_PROFIT_SQ":1506800118.4,"HOLDER_PROFIT_QOQ_SQ":5.720043410487,"ROE_AVG_SQ":11.399352275429,"PE_TTM_SQ":10.344335173947,"PB_TTM_SQ":1.542457840508,"ROA_SQ":6.559605750336,"START_DATE":"2023-01-01 00:00:00","FISCAL_YEAR":"12-31","CURRENCY":"HKD","IS_CNY_CODE":0,"DPS_HKD_LY":1.74385,"ORG_TYPE":"一般企业","PREMIUM_INCOME":null,"PREMIUM_INCOME_YOY":null,"NET_INTEREST_INCOME":null,"NET_INTEREST_INCOME_YOY":null,"FEE_COMMISSION_INCOME":null,"FEE_COMMISSION_INCOME_YOY":null,"ACCOUNTS_RECE_TDAYS":2.403100326648,"INVENTORY_TDAYS":1.663245755658,"CURRENT_ASSETS_TDAYS":0.568402276988,"TOTAL_ASSETS_TDAYS":0.388798293463,"PREMIUM_EXPENSE":null,"LOAN_DEPOSIT":null,"LOAN_EQUITY":null,"LOAN_ASSETS":null,"DEPOSIT_EQUITY":null,"DEPOSIT_ASSETS":null,"EQUITY_MULTIPLIER":1.71409714232,"EQUITY_RATIO":0.757322727217},{"SECUCODE":"01513.HK","SECURITY_CODE":"01513","SECURITY_NAME_ABBR":"丽珠医药","ORG_CODE":"10005459","STD_REPORT_DATE":"2023-06-30 00:00:00","REPORT_DATE":"2023-06-30 00:00:00","DATE_TYPE_CODE":"002","REPORT_TYPE":"2023年中报","PER_NETCASH_OPERATE":1.311850375093,"PER_OI":7.150765753581,"BPS":14.71821633916,"BASIC_EPS":1.22,"DILUTED_EPS":1.22,"OPERATE_INCOME":6689918114.87,"OPERATE_INCOME_YOY":6.1459563103,"GROSS_PROFIT":4287448472.1,"GROSS_PROFIT_YOY":4.298165599591,"HOLDER_PROFIT":1134570348.55,"HOLDER_PROFIT_YOY":11.5006675539,"GROSS_PROFIT_RATIO":64.088205542757,"EPS_TTM":2.166009730193,"OPERATE_INCOME_QOQ":3.60824074149,"NET_PROFIT_RATIO":17.5498537253,"ROE_AVG":8.315083103764,"GROSS_PROFIT_QOQ":4.057747697383,"ROA":4.485269760787,"HOLDER_PROFIT_QOQ":4.561852218971,"ROE_YEARLY":16.630166207528,"ROIC_YEARLY":16.535526687582,"TOTAL_ASSETS":25726127198.95,"TOTAL_LIABILITIES":11476301953.22,"TAX_EBT":17.51472102527,"OCF_SALES":18.345592909904,"TOTAL_PARENT_EQUITY":13413383613.91,"DEBT_ASSET_RATIO":44.60952037,"OPERATE_PROFIT":1381917566.83,"PRETAX_PROFIT":1423370155.37,"NETCASH_OPERATE":1227305143.36,"NETCASH_INVEST":-437099017.89,"NETCASH_FINANCE":-409891439.18,"END_CASH":10484933029.28,"DIVI_RATIO":0.620055029245,"DIVIDEND_RATE":5.468745387454,"CURRENT_RATIO":2.175918942285,"COMMON_ACS":null,"CURRENTDEBT_DEBT":71.790377563901,"ISSUED_COMMON_SHARES":911345730,"HK_COMMON_SHARES":307052417,"PER_SHARES":100,"TOTAL_MARKET_CAP":24697469283,"HKSK_MARKET_CAP":8321120500.7,"PE_TTM":10.901979183966,"PB_TTM":1.573032500529,"REPORT_DATE_SQ":"2022-06-30 00:00:00","REPORT_TYPE_SQ":"2022年中报","OPERATE_INCOME_SQ":6302565210.6,"DPS_HKD":1.48203,"OPERATE_INCOME_QOQ_SQ":-0.509954524238,"NET_PROFIT_RATIO_SQ":17.7309148083,"HOLDER_PROFIT_SQ":1017545790.03,"HOLDER_PROFIT_QOQ_SQ":-4.342658419416,"ROE_AVG_SQ":7.866400454622,"PE_TTM_SQ":9.64847909292,"PB_TTM_SQ":1.438697796967,"ROA_SQ":4.4915196145,"START_DATE":"2023-01-01 00:00:00","FISCAL_YEAR":"12-31","CURRENCY":"HKD","IS_CNY_CODE":0,"DPS_HKD_LY":1.74385,"ORG_TYPE":"一般企业","PREMIUM_INCOME":null,"PREMIUM_INCOME_YOY":null,"NET_INTEREST_INCOME":null,"NET_INTEREST_INCOME_YOY":null,"FEE_COMMISSION_INCOME":null,"FEE_COMMISSION_INCOME_YOY":null,"ACCOUNTS_RECE_TDAYS":1.608595240159,"INVENTORY_TDAYS":1.116492581543,"CURRENT_ASSETS_TDAYS":0.383217913269,"TOTAL_ASSETS_TDAYS":0.264470929115,"PREMIUM_EXPENSE":null,"LOAN_DEPOSIT":null,"LOAN_EQUITY":null,"LOAN_ASSETS":null,"DEPOSIT_EQUITY":null,"DEPOSIT_ASSETS":null,"EQUITY_MULTIPLIER":1.805364399586,"EQUITY_RATIO":0.855585904612},{"SECUCODE":"01513.HK","SECURITY_CODE":"01513","SECURITY_NAME_ABBR":"丽珠医药","ORG_CODE":"10005459","STD_REPORT_DATE":"2023-03-31 00:00:00","REPORT_DATE":"2023-03-31 00:00:00","DATE_TYPE_CODE":"003","REPORT_TYPE":"2023年一季报","PER_NETCASH_OPERATE":0.320435821537,"PER_OI":3.648169942117,"BPS":15.674514686243,"BASIC_EPS":0.62,"DILUTED_EPS":0.62,"OPERATE_INCOME":3413055191.98,"OPERATE_INCOME_YOY":-1.8962849413,"GROSS_PROFIT":2152673815.93,"GROSS_PROFIT_YOY":-6.462437908764,"HOLDER_PROFIT":581909331.89,"HOLDER_PROFIT_YOY":5.1718515977,"GROSS_PROFIT_RATIO":63.071755211822,"EPS_TTM":2.071510483247,"OPERATE_INCOME_QOQ":-0.522363205385,"NET_PROFIT_RATIO":17.985702439,"ROE_AVG":4.132736210804,"GROSS_PROFIT_QOQ":-1.820778428667,"ROA":2.305246617868,"HOLDER_PROFIT_QOQ":1.498672831252,"ROE_YEARLY":16.530944843217,"ROIC_YEARLY":17.232888009907,"TOTAL_ASSETS":25620821364.99,"TOTAL_LIABILITIES":10204667286.46,"TAX_EBT":16.531438074913,"OCF_SALES":8.783467508947,"TOTAL_PARENT_EQUITY":14284902029.13,"DEBT_ASSET_RATIO":39.8295868079,"OPERATE_PROFIT":726687716.51,"PRETAX_PROFIT":735440909.43,"NETCASH_OPERATE":299784593.85,"NETCASH_INVEST":-64826182.09,"NETCASH_FINANCE":316685632.38,"END_CASH":10600468696.85,"DIVI_RATIO":0.648341023356,"DIVIDEND_RATE":5.468745387454,"CURRENT_RATIO":2.428530115949,"COMMON_ACS":null,"CURRENTDEBT_DEBT":72.099761697496,"ISSUED_COMMON_SHARES":911345730,"HK_COMMON_SHARES":307052417,"PER_SHARES":100,"TOTAL_MARKET_CAP":24697469283,"HKSK_MARKET_CAP":8321120500.7,"PE_TTM":10.901979183966,"PB_TTM":1.573032500529,"REPORT_DATE_SQ":"2022-03-31 00:00:00","REPORT_TYPE_SQ":"2022年一季报","OPERATE_INCOME_SQ":3479027465.92,"DPS_HKD":1.48203,"OPERATE_INCOME_QOQ_SQ":1.071077457744,"NET_PROFIT_RATIO_SQ":17.5659369599,"HOLDER_PROFIT_SQ":553293797.77,"HOLDER_PROFIT_QOQ_SQ":1.894635159782,"ROE_AVG_SQ":4.165501216021,"PE_TTM_SQ":9.64847909292,"PB_TTM_SQ":1.438697796967,"ROA_SQ":2.40031301261,"START_DATE":"2023-01-01 00:00:00","FISCAL_YEAR":"12-31","CURRENCY":"HKD","IS_CNY_CODE":0,"DPS_HKD_LY":1.74385,"ORG_TYPE":"一般企业","PREMIUM_INCOME":null,"PREMIUM_INCOME_YOY":null,"NET_INTEREST_INCOME":null,"NET_INTEREST_INCOME_YOY":null,"FEE_COMMISSION_INCOME":null,"FEE_COMMISSION_INCOME_YOY":null,"ACCOUNTS_RECE_TDAYS":0.822122578656,"INVENTORY_TDAYS":0.588500746052,"CURRENT_ASSETS_TDAYS":0.195841353321,"TOTAL_ASSETS_TDAYS":0.13520893216,"PREMIUM_EXPENSE":null,"LOAN_DEPOSIT":null,"LOAN_EQUITY":null,"LOAN_ASSETS":null,"DEPOSIT_EQUITY":null,"DEPOSIT_ASSETS":null,"EQUITY_MULTIPLIER":1.661946373556,"EQUITY_RATIO":0.714367327522},{"SECUCODE":"01513.HK","SECURITY_CODE":"01513","SECURITY_NAME_ABBR":"丽珠医药","ORG_CODE":"10005459","STD_REPORT_DATE":"2022-12-31 00:00:00","REPORT_DATE":"2022-12-31 00:00:00","DATE_TYPE_CODE":"001","REPORT_TYPE":"2022年年报","PER_NETCASH_OPERATE":2.963671991495,"PER_OI":13.499591442743,"BPS":15.225857990897,"BASIC_EPS":2.04,"DILUTED_EPS":2.04,"OPERATE_INCOME":12629579047.66,"OPERATE_INCOME_YOY":4.6893417298,"GROSS_PROFIT":8168295971.57,"GROSS_PROFIT_YOY":4.577268541814,"HOLDER_PROFIT":1909407687.93,"HOLDER_PROFIT_YOY":7.5299698606,"GROSS_PROFIT_RATIO":64.675916281497,"EPS_TTM":2.040923714038,"OPERATE_INCOME_QOQ":3.666851985529,"NET_PROFIT_RATIO":15.4838115006,"ROE_AVG":14.206897224535,"GROSS_PROFIT_QOQ":3.912967191405,"ROA":8.084349707217,"HOLDER_PROFIT_QOQ":4.352429700524,"ROE_YEARLY":14.206897224535,"ROIC_YEARLY":15.087131363929,"TOTAL_ASSETS":24868169417.63,"TOTAL_LIABILITIES":9931885118.24,"TAX_EBT":16.089469412459,"OCF_SALES":21.953790261471,"TOTAL_PARENT_EQUITY":13876069405.18,"DEBT_ASSET_RATIO":39.9301970888,"OPERATE_PROFIT":2061789379,"PRETAX_PROFIT":2330550610.2,"NETCASH_OPERATE":2772671295.03,"NETCASH_INVEST":-1229869786.23,"NETCASH_FINANCE":-720355963.38,"END_CASH":10072642681.72,"DIVI_RATIO":0.658057534127,"DIVIDEND_RATE":5.635095057034,"CURRENT_RATIO":2.296615734719,"COMMON_ACS":null,"CURRENTDEBT_DEBT":74.473927479346,"ISSUED_COMMON_SHARES":911345730,"HK_COMMON_SHARES":307052417,"PER_SHARES":100,"TOTAL_MARKET_CAP":23968392699,"HKSK_MARKET_CAP":8075478567.1,"PE_TTM":10.580149540159,"PB_TTM":1.52659611675,"REPORT_DATE_SQ":"2021-12-31 00:00:00","REPORT_TYPE_SQ":"2021年年报","OPERATE_INCOME_SQ":12063863272.98,"DPS_HKD":1.48203,"OPERATE_INCOME_QOQ_SQ":0.833446957677,"NET_PROFIT_RATIO_SQ":16.181393346,"HOLDER_PROFIT_SQ":1775683251.01,"HOLDER_PROFIT_QOQ_SQ":1.69463616378,"ROE_AVG_SQ":14.142669426146,"PE_TTM_SQ":10.344335173947,"PB_TTM_SQ":1.542457840508,"ROA_SQ":8.266156242252,"START_DATE":"2022-01-01 00:00:00","FISCAL_YEAR":"12-31","CURRENCY":"HKD","IS_CNY_CODE":0,"DPS_HKD_LY":1.51156,"ORG_TYPE":"一般企业","PREMIUM_INCOME":null,"PREMIUM_INCOME_YOY":null,"NET_INTEREST_INCOME":null,"NET_INTEREST_INCOME_YOY":null,"FEE_COMMISSION_INCOME":null,"FEE_COMMISSION_INCOME_YOY":null,"ACCOUNTS_RECE_TDAYS":3.444529048519,"INVENTORY_TDAYS":2.40593201863,"CURRENT_ASSETS_TDAYS":0.797815667944,"TOTAL_ASSETS_TDAYS":0.534735411113,"PREMIUM_EXPENSE":null,"LOAN_DEPOSIT":null,"LOAN_EQUITY":null,"LOAN_ASSETS":null,"DEPOSIT_EQUITY":null,"DEPOSIT_ASSETS":null,"EQUITY_MULTIPLIER":1.664729950052,"EQUITY_RATIO":0.71575637367},{"SECUCODE":"01513.HK","SECURITY_CODE":"01513","SECURITY_NAME_ABBR":"丽珠医药","ORG_CODE":"10005459","STD_REPORT_DATE":"2022-09-30 00:00:00","REPORT_DATE":"2022-09-30 00:00:00","DATE_TYPE_CODE":"004","REPORT_TYPE":"2022年三季报","PER_NETCASH_OPERATE":1.976111887201,"PER_OI":10.146441465765,"BPS":14.739552505326,"BASIC_EPS":1.61,"DILUTED_EPS":1.61,"OPERATE_INCOME":9488253415.41,"OPERATE_INCOME_YOY":1.2699889539,"GROSS_PROFIT":6215725804.25,"GROSS_PROFIT_YOY":0.809842658283,"HOLDER_PROFIT":1506800118.4,"HOLDER_PROFIT_YOY":3.7219364331,"GROSS_PROFIT_RATIO":65.509694272657,"EPS_TTM":1.956680584718,"OPERATE_INCOME_QOQ":0.42828202749,"NET_PROFIT_RATIO":16.4448704736,"ROE_AVG":11.399352275429,"GROSS_PROFIT_QOQ":0.634869427021,"ROA":6.559605750336,"HOLDER_PROFIT_QOQ":5.720043410487,"ROE_YEARLY":15.199136367238,"ROIC_YEARLY":12.159341169339,"TOTAL_ASSETS":23569873466.33,"TOTAL_LIABILITIES":9058494489.03,"TAX_EBT":16.372747376342,"OCF_SALES":19.475910779836,"TOTAL_PARENT_EQUITY":13432828237.84,"DEBT_ASSET_RATIO":38.4325121727,"OPERATE_PROFIT":1611649596.63,"PRETAX_PROFIT":1865816388.1,"NETCASH_OPERATE":1847923769.75,"NETCASH_INVEST":-769052038.33,"NETCASH_FINANCE":-757588971.12,"END_CASH":9578442791.54,"DIVI_RATIO":0.686389611615,"DIVIDEND_RATE":5.468745387454,"CURRENT_RATIO":2.318507944225,"COMMON_ACS":null,"CURRENTDEBT_DEBT":74.339258460498,"ISSUED_COMMON_SHARES":911345730,"HK_COMMON_SHARES":307052417,"PER_SHARES":100,"TOTAL_MARKET_CAP":24697469283,"HKSK_MARKET_CAP":8321120500.7,"PE_TTM":10.901979183966,"PB_TTM":1.573032500529,"REPORT_DATE_SQ":"2021-09-30 00:00:00","REPORT_TYPE_SQ":"2021年三季报","OPERATE_INCOME_SQ":9369264787.55,"DPS_HKD":1.48203,"OPERATE_INCOME_QOQ_SQ":2.602295012698,"NET_PROFIT_RATIO_SQ":17.210774516,"HOLDER_PROFIT_SQ":1452730415.78,"HOLDER_PROFIT_QOQ_SQ":-1.49772853856,"ROE_AVG_SQ":11.792000289349,"PE_TTM_SQ":9.64847909292,"PB_TTM_SQ":1.438697796967,"ROA_SQ":6.871990438017,"START_DATE":"2022-01-01 00:00:00","FISCAL_YEAR":"12-31","CURRENCY":"HKD","IS_CNY_CODE":0,"DPS_HKD_LY":1.51156,"ORG_TYPE":"一般企业","PREMIUM_INCOME":null,"PREMIUM_INCOME_YOY":null,"NET_INTEREST_INCOME":null,"NET_INTEREST_INCOME_YOY":null,"FEE_COMMISSION_INCOME":null,"FEE_COMMISSION_INCOME_YOY":null,"ACCOUNTS_RECE_TDAYS":2.673852101255,"INVENTORY_TDAYS":1.881213026738,"CURRENT_ASSETS_TDAYS":0.62657748293,"TOTAL_ASSETS_TDAYS":0.413055460405,"PREMIUM_EXPENSE":null,"LOAN_DEPOSIT":null,"LOAN_EQUITY":null,"LOAN_ASSETS":null,"DEPOSIT_EQUITY":null,"DEPOSIT_ASSETS":null,"EQUITY_MULTIPLIER":1.624233885919,"EQUITY_RATIO":0.674354970423}],"count":51},"success":true,"message":"ok","code":0}