{"version":"e406f6c2dc6ed4718377fc44453586f4","result":{"pages":2,"data":[{"SECUCODE":"01516.HK","SECURITY_CODE":"01516","SECURITY_NAME_ABBR":"融创服务","ORG_CODE":"10000118633","STD_REPORT_DATE":"2024-06-30 00:00:00","REPORT_DATE":"2024-06-30 00:00:00","DATE_TYPE_CODE":"002","REPORT_TYPE":"2024年中报","PER_NETCASH_OPERATE":-0.160986952556,"PER_OI":1.139648604901,"BPS":1.683494807062,"BASIC_EPS":-0.15,"DILUTED_EPS":-0.15,"OPERATE_INCOME":3483728000,"OPERATE_INCOME_YOY":2.5817339021,"GROSS_PROFIT":888424000,"GROSS_PROFIT_YOY":4.828048414996,"HOLDER_PROFIT":-472234000,"HOLDER_PROFIT_YOY":-238.9229977201,"GROSS_PROFIT_RATIO":25.502105790119,"EPS_TTM":-0.408011334566,"OPERATE_INCOME_QOQ":1.250827981443,"NET_PROFIT_RATIO":-13.2143496852,"ROE_AVG":-8.446924996009,"GROSS_PROFIT_QOQ":2.453323420431,"ROA":-4.311050479981,"HOLDER_PROFIT_QOQ":-186.674037162007,"ROE_YEARLY":-16.893849992018,"ROIC_YEARLY":-12.34700777548,"TOTAL_ASSETS":10263242000,"TOTAL_LIABILITIES":4968340000,"TAX_EBT":28.680782238362,"OCF_SALES":-14.126016726909,"TOTAL_PARENT_EQUITY":5146181000,"DEBT_ASSET_RATIO":48.4090699605,"OPERATE_PROFIT":-666152000,"PRETAX_PROFIT":-645481000,"NETCASH_OPERATE":-492112000,"NETCASH_INVEST":-780552000,"NETCASH_FINANCE":-528308000,"END_CASH":2180527000,"DIVI_RATIO":-0.348707322436,"DIVIDEND_RATE":9.573170731707,"CURRENT_RATIO":1.476710475795,"COMMON_ACS":10000000000,"CURRENTDEBT_DEBT":96.927001775241,"ISSUED_COMMON_SHARES":3056844000,"HK_COMMON_SHARES":3056844000,"PER_SHARES":1000,"TOTAL_MARKET_CAP":5013224160,"HKSK_MARKET_CAP":5013224160,"PE_TTM":-3.669477111211,"PB_TTM":0.889099980422,"REPORT_DATE_SQ":"2023-06-30 00:00:00","REPORT_TYPE_SQ":"2023年中报","OPERATE_INCOME_SQ":3396051000,"DPS_HKD":0.157,"OPERATE_INCOME_QOQ_SQ":-8.314434658437,"NET_PROFIT_RATIO_SQ":10.7454216677,"HOLDER_PROFIT_SQ":339925000,"HOLDER_PROFIT_QOQ_SQ":226.336475050944,"ROE_AVG_SQ":4.492868871738,"PE_TTM_SQ":7.305607472395,"PB_TTM_SQ":0.632701341222,"ROA_SQ":2.718643129753,"START_DATE":"2024-01-01 00:00:00","FISCAL_YEAR":"12-31","CURRENCY":"HKD","IS_CNY_CODE":0,"DPS_HKD_LY":0.157,"ORG_TYPE":"一般企业","PREMIUM_INCOME":null,"PREMIUM_INCOME_YOY":null,"NET_INTEREST_INCOME":null,"NET_INTEREST_INCOME_YOY":null,"FEE_COMMISSION_INCOME":null,"FEE_COMMISSION_INCOME_YOY":null,"ACCOUNTS_RECE_TDAYS":0.88633765639,"INVENTORY_TDAYS":49.182360855805,"CURRENT_ASSETS_TDAYS":0.439603520863,"TOTAL_ASSETS_TDAYS":0.318031468859,"PREMIUM_EXPENSE":null,"LOAN_DEPOSIT":null,"LOAN_EQUITY":null,"LOAN_ASSETS":null,"DEPOSIT_EQUITY":null,"DEPOSIT_ASSETS":null,"EQUITY_MULTIPLIER":1.938325204129,"EQUITY_RATIO":0.965442140492},{"SECUCODE":"01516.HK","SECURITY_CODE":"01516","SECURITY_NAME_ABBR":"融创服务","ORG_CODE":"10000118633","STD_REPORT_DATE":"2023-12-31 00:00:00","REPORT_DATE":"2023-12-31 00:00:00","DATE_TYPE_CODE":"001","REPORT_TYPE":"2023年年报","PER_NETCASH_OPERATE":0.282069677092,"PER_OI":2.293056825929,"BPS":1.974266269394,"BASIC_EPS":-0.14,"DILUTED_EPS":-0.14,"OPERATE_INCOME":7009517000,"OPERATE_INCOME_YOY":-1.6368420528,"GROSS_PROFIT":1667860000,"GROSS_PROFIT_YOY":3.952845823369,"HOLDER_PROFIT":-435068000,"HOLDER_PROFIT_YOY":9.7185734859,"GROSS_PROFIT_RATIO":23.794221484876,"EPS_TTM":-0.142325875969,"OPERATE_INCOME_QOQ":7.283144932068,"NET_PROFIT_RATIO":-5.6092737916,"ROE_AVG":-6.379891613052,"GROSS_PROFIT_QOQ":25.847637630999,"ROA":-3.604796131755,"HOLDER_PROFIT_QOQ":-171.461093463071,"ROE_YEARLY":-6.379891613052,"ROIC_YEARLY":-5.519644357024,"TOTAL_ASSETS":11644829000,"TOTAL_LIABILITIES":5407323000,"TAX_EBT":-11.829654342688,"OCF_SALES":12.301033009835,"TOTAL_PARENT_EQUITY":6035024000,"DEBT_ASSET_RATIO":46.4354006401,"OPERATE_PROFIT":-412428000,"PRETAX_PROFIT":-351591000,"NETCASH_OPERATE":862243000,"NETCASH_INVEST":368351000,"NETCASH_FINANCE":-1129988000,"END_CASH":3979504000,"DIVI_RATIO":-0.999653359107,"DIVIDEND_RATE":9.573170731707,"CURRENT_RATIO":1.66798104877,"COMMON_ACS":10000000000,"CURRENTDEBT_DEBT":96.881765709206,"ISSUED_COMMON_SHARES":3056844000,"HK_COMMON_SHARES":3056844000,"PER_SHARES":1000,"TOTAL_MARKET_CAP":5013224160,"HKSK_MARKET_CAP":5013224160,"PE_TTM":-3.669477111211,"PB_TTM":0.889099980422,"REPORT_DATE_SQ":"2022-12-31 00:00:00","REPORT_TYPE_SQ":"2022年年报","OPERATE_INCOME_SQ":7126161000,"DPS_HKD":0.157,"OPERATE_INCOME_QOQ_SQ":-16.417355334097,"NET_PROFIT_RATIO_SQ":-6.4887111027,"HOLDER_PROFIT_SQ":-481902000,"HOLDER_PROFIT_QOQ_SQ":-1885.0146228941,"ROE_AVG_SQ":-5.98441698559,"PE_TTM_SQ":7.694663491635,"PB_TTM_SQ":0.666395495488,"ROA_SQ":-3.712403833906,"START_DATE":"2023-01-01 00:00:00","FISCAL_YEAR":"12-31","CURRENCY":"HKD","IS_CNY_CODE":0,"DPS_HKD_LY":0.152,"ORG_TYPE":"一般企业","PREMIUM_INCOME":null,"PREMIUM_INCOME_YOY":null,"NET_INTEREST_INCOME":null,"NET_INTEREST_INCOME_YOY":null,"FEE_COMMISSION_INCOME":null,"FEE_COMMISSION_INCOME_YOY":null,"ACCOUNTS_RECE_TDAYS":1.635010816074,"INVENTORY_TDAYS":97.241261923833,"CURRENT_ASSETS_TDAYS":0.785156737213,"TOTAL_ASSETS_TDAYS":0.580780010644,"PREMIUM_EXPENSE":null,"LOAN_DEPOSIT":null,"LOAN_EQUITY":null,"LOAN_ASSETS":null,"DEPOSIT_EQUITY":null,"DEPOSIT_ASSETS":null,"EQUITY_MULTIPLIER":1.866904657087,"EQUITY_RATIO":0.895990305921},{"SECUCODE":"01516.HK","SECURITY_CODE":"01516","SECURITY_NAME_ABBR":"融创服务","ORG_CODE":"10000118633","STD_REPORT_DATE":"2023-06-30 00:00:00","REPORT_DATE":"2023-06-30 00:00:00","DATE_TYPE_CODE":"002","REPORT_TYPE":"2023年中报","PER_NETCASH_OPERATE":0.002163669458,"PER_OI":1.110966408492,"BPS":2.462688315138,"BASIC_EPS":0.11,"DILUTED_EPS":0.11,"OPERATE_INCOME":3396051000,"OPERATE_INCOME_YOY":-14.8550187775,"GROSS_PROFIT":847506000,"GROSS_PROFIT_YOY":-24.776060583467,"HOLDER_PROFIT":339925000,"HOLDER_PROFIT_YOY":145.2753414714,"GROSS_PROFIT_RATIO":24.955632291741,"EPS_TTM":0.199165544594,"OPERATE_INCOME_QOQ":-8.314434658437,"NET_PROFIT_RATIO":10.7454216677,"ROE_AVG":4.492868871738,"GROSS_PROFIT_QOQ":-17.397856820982,"ROA":2.718643129753,"HOLDER_PROFIT_QOQ":226.336475050944,"ROE_YEARLY":8.985737743476,"ROIC_YEARLY":7.783221065173,"TOTAL_ASSETS":12513503000,"TOTAL_LIABILITIES":4796291000,"TAX_EBT":22.946658952605,"OCF_SALES":0.194755614683,"TOTAL_PARENT_EQUITY":7528054000,"DEBT_ASSET_RATIO":38.3289235636,"OPERATE_PROFIT":432676000,"PRETAX_PROFIT":473594000,"NETCASH_OPERATE":6614000,"NETCASH_INVEST":-320537000,"NETCASH_FINANCE":-444498000,"END_CASH":3123176000,"DIVI_RATIO":0.714363221258,"DIVIDEND_RATE":9.573170731707,"CURRENT_RATIO":1.991525914998,"COMMON_ACS":10000000000,"CURRENTDEBT_DEBT":95.310084396464,"ISSUED_COMMON_SHARES":3056844000,"HK_COMMON_SHARES":3056844000,"PER_SHARES":1000,"TOTAL_MARKET_CAP":5013224160,"HKSK_MARKET_CAP":5013224160,"PE_TTM":-3.669477111211,"PB_TTM":0.889099980422,"REPORT_DATE_SQ":"2022-06-30 00:00:00","REPORT_TYPE_SQ":"2022年中报","OPERATE_INCOME_SQ":3988551000,"DPS_HKD":0.157,"OPERATE_INCOME_QOQ_SQ":7.872440082929,"NET_PROFIT_RATIO_SQ":-18.7273774361,"HOLDER_PROFIT_SQ":-750795000,"HOLDER_PROFIT_QOQ_SQ":-101.787052427173,"ROE_AVG_SQ":-9.491493754636,"PE_TTM_SQ":7.694663491635,"PB_TTM_SQ":0.666395495488,"ROA_SQ":-5.913185230737,"START_DATE":"2023-01-01 00:00:00","FISCAL_YEAR":"12-31","CURRENCY":"HKD","IS_CNY_CODE":0,"DPS_HKD_LY":0.152,"ORG_TYPE":"一般企业","PREMIUM_INCOME":null,"PREMIUM_INCOME_YOY":null,"NET_INTEREST_INCOME":null,"NET_INTEREST_INCOME_YOY":null,"FEE_COMMISSION_INCOME":null,"FEE_COMMISSION_INCOME_YOY":null,"ACCOUNTS_RECE_TDAYS":0.742354502834,"INVENTORY_TDAYS":47.678240697435,"CURRENT_ASSETS_TDAYS":0.37276296188,"TOTAL_ASSETS_TDAYS":0.271608464204,"PREMIUM_EXPENSE":null,"LOAN_DEPOSIT":null,"LOAN_EQUITY":null,"LOAN_ASSETS":null,"DEPOSIT_EQUITY":null,"DEPOSIT_ASSETS":null,"EQUITY_MULTIPLIER":1.621505668109,"EQUITY_RATIO":0.637122289505},{"SECUCODE":"01516.HK","SECURITY_CODE":"01516","SECURITY_NAME_ABBR":"融创服务","ORG_CODE":"10000118633","STD_REPORT_DATE":"2022-12-31 00:00:00","REPORT_DATE":"2022-12-31 00:00:00","DATE_TYPE_CODE":"001","REPORT_TYPE":"2022年年报","PER_NETCASH_OPERATE":-0.129155429587,"PER_OI":2.33121513561,"BPS":2.487435734372,"BASIC_EPS":-0.16,"DILUTED_EPS":-0.16,"OPERATE_INCOME":7126161000,"OPERATE_INCOME_YOY":-9.837361713,"GROSS_PROFIT":1604439000,"GROSS_PROFIT_YOY":-35.589790322645,"HOLDER_PROFIT":-481902000,"HOLDER_PROFIT_YOY":-137.7569680473,"GROSS_PROFIT_RATIO":22.51477338219,"EPS_TTM":-0.157646906417,"OPERATE_INCOME_QOQ":-16.417355334097,"NET_PROFIT_RATIO":-6.4887111027,"ROE_AVG":-5.98441698559,"GROSS_PROFIT_QOQ":-37.160420330327,"ROA":-3.712403833906,"HOLDER_PROFIT_QOQ":-1885.0146228941,"ROE_YEARLY":-5.98441698559,"ROIC_YEARLY":-5.909255837834,"TOTAL_ASSETS":12493457000,"TOTAL_LIABILITIES":4724428000,"TAX_EBT":27.869302538168,"OCF_SALES":-5.540262141144,"TOTAL_PARENT_EQUITY":7603703000,"DEBT_ASSET_RATIO":37.8152179977,"OPERATE_PROFIT":-730151000,"PRETAX_PROFIT":-641053000,"NETCASH_OPERATE":-394808000,"NETCASH_INVEST":-519303000,"NETCASH_FINANCE":-519702000,"END_CASH":3878267000,"DIVI_RATIO":-0.902501312798,"DIVIDEND_RATE":9.573170731707,"CURRENT_RATIO":2.033134918688,"COMMON_ACS":10000000000,"CURRENTDEBT_DEBT":94.915447965341,"ISSUED_COMMON_SHARES":3056844000,"HK_COMMON_SHARES":3056844000,"PER_SHARES":1000,"TOTAL_MARKET_CAP":5013224160,"HKSK_MARKET_CAP":5013224160,"PE_TTM":-3.669477111211,"PB_TTM":0.889099980422,"REPORT_DATE_SQ":"2021-12-31 00:00:00","REPORT_TYPE_SQ":"2021年年报","OPERATE_INCOME_SQ":7903674000,"DPS_HKD":0.157,"OPERATE_INCOME_QOQ_SQ":28.491352731277,"NET_PROFIT_RATIO_SQ":17.1881330126,"HOLDER_PROFIT_SQ":1276326000,"HOLDER_PROFIT_QOQ_SQ":35.166269673072,"ROE_AVG_SQ":14.943778528814,"PE_TTM_SQ":7.694663491635,"PB_TTM_SQ":0.666395495488,"ROA_SQ":10.281664743971,"START_DATE":"2022-01-01 00:00:00","FISCAL_YEAR":"12-31","CURRENCY":"HKD","IS_CNY_CODE":0,"DPS_HKD_LY":0.146,"ORG_TYPE":"一般企业","PREMIUM_INCOME":null,"PREMIUM_INCOME_YOY":null,"NET_INTEREST_INCOME":null,"NET_INTEREST_INCOME_YOY":null,"FEE_COMMISSION_INCOME":null,"FEE_COMMISSION_INCOME_YOY":null,"ACCOUNTS_RECE_TDAYS":1.64409285431,"INVENTORY_TDAYS":97.465659364906,"CURRENT_ASSETS_TDAYS":0.737068990261,"TOTAL_ASSETS_TDAYS":0.548974426697,"PREMIUM_EXPENSE":null,"LOAN_DEPOSIT":null,"LOAN_EQUITY":null,"LOAN_ASSETS":null,"DEPOSIT_EQUITY":null,"DEPOSIT_ASSETS":null,"EQUITY_MULTIPLIER":1.608110485879,"EQUITY_RATIO":0.62133252706},{"SECUCODE":"01516.HK","SECURITY_CODE":"01516","SECURITY_NAME_ABBR":"融创服务","ORG_CODE":"10000118633","STD_REPORT_DATE":"2022-06-30 00:00:00","REPORT_DATE":"2022-06-30 00:00:00","DATE_TYPE_CODE":"002","REPORT_TYPE":"2022年中报","PER_NETCASH_OPERATE":-0.330061985499,"PER_OI":1.30479376769,"BPS":2.394250737035,"BASIC_EPS":-0.24,"DILUTED_EPS":-0.24,"OPERATE_INCOME":3988551000,"OPERATE_INCOME_YOY":18.4833434779,"GROSS_PROFIT":1126644000,"GROSS_PROFIT_YOY":5.849392700379,"HOLDER_PROFIT":-750795000,"HOLDER_PROFIT_YOY":-218.8011886527,"GROSS_PROFIT_RATIO":28.246949832157,"EPS_TTM":-0.007941851138,"OPERATE_INCOME_QOQ":7.872440082929,"NET_PROFIT_RATIO":-18.7273774361,"ROE_AVG":-9.491493754636,"GROSS_PROFIT_QOQ":2.499427933697,"ROA":-5.913185230737,"HOLDER_PROFIT_QOQ":-101.787052427173,"ROE_YEARLY":-18.982987509273,"ROIC_YEARLY":-19.145573372686,"TOTAL_ASSETS":11925662000,"TOTAL_LIABILITIES":4430715000,"TAX_EBT":27.426231260263,"OCF_SALES":-25.296103773024,"TOTAL_PARENT_EQUITY":7318851000,"DEBT_ASSET_RATIO":37.1527802817,"OPERATE_PROFIT":-1078054000,"PRETAX_PROFIT":-1029230000,"NETCASH_OPERATE":-1008948000,"NETCASH_INVEST":87761000,"NETCASH_FINANCE":-471534000,"END_CASH":3916103000,"DIVI_RATIO":-17.914783030842,"DIVIDEND_RATE":9.573170731707,"CURRENT_RATIO":1.955114683509,"COMMON_ACS":10000000000,"CURRENTDEBT_DEBT":95.227609990713,"ISSUED_COMMON_SHARES":3056844000,"HK_COMMON_SHARES":3056844000,"PER_SHARES":1000,"TOTAL_MARKET_CAP":5013224160,"HKSK_MARKET_CAP":5013224160,"PE_TTM":-3.669477111211,"PB_TTM":0.889099980422,"REPORT_DATE_SQ":"2021-06-30 00:00:00","REPORT_TYPE_SQ":"2021年中报","OPERATE_INCOME_SQ":3366339000,"DPS_HKD":0.157,"OPERATE_INCOME_QOQ_SQ":33.069140590099,"NET_PROFIT_RATIO_SQ":18.9843301856,"HOLDER_PROFIT_SQ":631976000,"HOLDER_PROFIT_QOQ_SQ":60.630276141373,"ROE_AVG_SQ":6.427654776153,"PE_TTM_SQ":7.694663491635,"PB_TTM_SQ":0.666395495488,"ROA_SQ":4.638815848536,"START_DATE":"2022-01-01 00:00:00","FISCAL_YEAR":"12-31","CURRENCY":"HKD","IS_CNY_CODE":0,"DPS_HKD_LY":0.146,"ORG_TYPE":"一般企业","PREMIUM_INCOME":null,"PREMIUM_INCOME_YOY":null,"NET_INTEREST_INCOME":null,"NET_INTEREST_INCOME_YOY":null,"FEE_COMMISSION_INCOME":null,"FEE_COMMISSION_INCOME_YOY":null,"ACCOUNTS_RECE_TDAYS":0.948746687992,"INVENTORY_TDAYS":48.705434865851,"CURRENT_ASSETS_TDAYS":0.431927344869,"TOTAL_ASSETS_TDAYS":0.314134229254,"PREMIUM_EXPENSE":null,"LOAN_DEPOSIT":null,"LOAN_EQUITY":null,"LOAN_ASSETS":null,"DEPOSIT_EQUITY":null,"DEPOSIT_ASSETS":null,"EQUITY_MULTIPLIER":1.591160284389,"EQUITY_RATIO":0.605383959859},{"SECUCODE":"01516.HK","SECURITY_CODE":"01516","SECURITY_NAME_ABBR":"融创服务","ORG_CODE":"10000118633","STD_REPORT_DATE":"2021-12-31 00:00:00","REPORT_DATE":"2021-12-31 00:00:00","DATE_TYPE_CODE":"001","REPORT_TYPE":"2021年年报","PER_NETCASH_OPERATE":-0.125407490301,"PER_OI":2.56218814187,"BPS":2.781144539924,"BASIC_EPS":0.41,"DILUTED_EPS":0.41,"OPERATE_INCOME":7903674000,"OPERATE_INCOME_YOY":70.8841152945,"GROSS_PROFIT":2490970000,"GROSS_PROFIT_YOY":95.263452057973,"HOLDER_PROFIT":1276326000,"HOLDER_PROFIT_YOY":118.5370420716,"GROSS_PROFIT_RATIO":31.516608605061,"EPS_TTM":0.440392305857,"OPERATE_INCOME_QOQ":28.491352731277,"NET_PROFIT_RATIO":17.1881330126,"ROE_AVG":14.943778528814,"GROSS_PROFIT_QOQ":35.386162291429,"ROA":10.281664743971,"HOLDER_PROFIT_QOQ":35.166269673072,"ROE_YEARLY":14.943778528814,"ROIC_YEARLY":23.687595073377,"TOTAL_ASSETS":13468266000,"TOTAL_LIABILITIES":4795279000,"TAX_EBT":23.892827630639,"OCF_SALES":-4.894546510901,"TOTAL_PARENT_EQUITY":8501525000,"DEBT_ASSET_RATIO":35.604278977,"OPERATE_PROFIT":1636778000,"PRETAX_PROFIT":1784975000,"NETCASH_OPERATE":-386849000,"NETCASH_INVEST":-1330465000,"NETCASH_FINANCE":-2320641000,"END_CASH":5304239000,"DIVI_RATIO":0.323067724181,"DIVIDEND_RATE":9.573170731707,"CURRENT_RATIO":2.248256576653,"COMMON_ACS":10000000000,"CURRENTDEBT_DEBT":94.791377102354,"ISSUED_COMMON_SHARES":3056844000,"HK_COMMON_SHARES":3056844000,"PER_SHARES":1000,"TOTAL_MARKET_CAP":5013224160,"HKSK_MARKET_CAP":5013224160,"PE_TTM":-3.669477111211,"PB_TTM":0.889099980422,"REPORT_DATE_SQ":"2020-12-31 00:00:00","REPORT_TYPE_SQ":"2020年年报","OPERATE_INCOME_SQ":4625166000,"DPS_HKD":0.157,"OPERATE_INCOME_QOQ_SQ":34.116230164763,"NET_PROFIT_RATIO_SQ":13.5358092326,"HOLDER_PROFIT_SQ":621631000,"HOLDER_PROFIT_QOQ_SQ":33.967241194733,"ROE_AVG_SQ":12.450139023243,"PE_TTM_SQ":7.694663491635,"PB_TTM_SQ":0.666395495488,"ROA_SQ":8.217437827697,"START_DATE":"2021-01-01 00:00:00","FISCAL_YEAR":"12-31","CURRENCY":"HKD","IS_CNY_CODE":0,"DPS_HKD_LY":0.07,"ORG_TYPE":"一般企业","PREMIUM_INCOME":null,"PREMIUM_INCOME_YOY":null,"NET_INTEREST_INCOME":null,"NET_INTEREST_INCOME_YOY":null,"FEE_COMMISSION_INCOME":null,"FEE_COMMISSION_INCOME_YOY":null,"ACCOUNTS_RECE_TDAYS":2.766642589396,"INVENTORY_TDAYS":109.457012568124,"CURRENT_ASSETS_TDAYS":0.74465830019,"TOTAL_ASSETS_TDAYS":0.598183917733,"PREMIUM_EXPENSE":null,"LOAN_DEPOSIT":null,"LOAN_EQUITY":null,"LOAN_ASSETS":null,"DEPOSIT_EQUITY":null,"DEPOSIT_ASSETS":null,"EQUITY_MULTIPLIER":1.552898211424,"EQUITY_RATIO":0.564049273513},{"SECUCODE":"01516.HK","SECURITY_CODE":"01516","SECURITY_NAME_ABBR":"融创服务","ORG_CODE":"10000118633","STD_REPORT_DATE":"2021-06-30 00:00:00","REPORT_DATE":"2021-06-30 00:00:00","DATE_TYPE_CODE":"002","REPORT_TYPE":"2021年中报","PER_NETCASH_OPERATE":0.042597067827,"PER_OI":1.084691155147,"BPS":3.247527188172,"BASIC_EPS":0.2,"DILUTED_EPS":0.2,"OPERATE_INCOME":3366339000,"OPERATE_INCOME_YOY":85.368229176,"GROSS_PROFIT":1064384000,"GROSS_PROFIT_YOY":129.073683893364,"HOLDER_PROFIT":631976000,"HOLDER_PROFIT_YOY":151.2738409025,"GROSS_PROFIT_RATIO":31.01319937528,"EPS_TTM":0.323845335911,"OPERATE_INCOME_QOQ":33.069140590099,"NET_PROFIT_RATIO":18.9843301856,"ROE_AVG":6.427654776153,"GROSS_PROFIT_QOQ":44.289812428733,"ROA":4.638815848536,"HOLDER_PROFIT_QOQ":60.630276141373,"ROE_YEARLY":12.855309552305,"ROIC_YEARLY":27.235137791181,"TOTAL_ASSETS":14210712000,"TOTAL_LIABILITIES":4166931000,"TAX_EBT":23.87291778302,"OCF_SALES":3.982829845796,"TOTAL_PARENT_EQUITY":9927184000,"DEBT_ASSET_RATIO":29.3224646309,"OPERATE_PROFIT":762040000,"PRETAX_PROFIT":862182000,"NETCASH_OPERATE":128326000,"NETCASH_INVEST":-1098942000,"NETCASH_FINANCE":-13113000,"END_CASH":8377086000,"DIVI_RATIO":0.43933484359,"DIVIDEND_RATE":9.573170731707,"CURRENT_RATIO":2.830166750657,"COMMON_ACS":10000000000,"CURRENTDEBT_DEBT":96.100031414007,"ISSUED_COMMON_SHARES":3056844000,"HK_COMMON_SHARES":3056844000,"PER_SHARES":1000,"TOTAL_MARKET_CAP":5013224160,"HKSK_MARKET_CAP":5013224160,"PE_TTM":-3.669477111211,"PB_TTM":0.889099980422,"REPORT_DATE_SQ":"2020-06-30 00:00:00","REPORT_TYPE_SQ":"2020年中报","OPERATE_INCOME_SQ":1790624000,"DPS_HKD":0.157,"OPERATE_INCOME_QOQ_SQ":14.497049577659,"NET_PROFIT_RATIO_SQ":14.0050060761,"HOLDER_PROFIT_SQ":250777000,"HOLDER_PROFIT_QOQ_SQ":47.055119300256,"ROE_AVG_SQ":23.890053757551,"PE_TTM_SQ":7.694663491635,"PB_TTM_SQ":0.666395495488,"ROA_SQ":7.623286351181,"START_DATE":"2021-01-01 00:00:00","FISCAL_YEAR":"12-31","CURRENCY":"HKD","IS_CNY_CODE":0,"DPS_HKD_LY":0.07,"ORG_TYPE":"一般企业","PREMIUM_INCOME":null,"PREMIUM_INCOME_YOY":null,"NET_INTEREST_INCOME":null,"NET_INTEREST_INCOME_YOY":null,"FEE_COMMISSION_INCOME":null,"FEE_COMMISSION_INCOME_YOY":null,"ACCOUNTS_RECE_TDAYS":1.73516904597,"INVENTORY_TDAYS":53.254639750686,"CURRENT_ASSETS_TDAYS":0.297139296802,"TOTAL_ASSETS_TDAYS":0.244349724387,"PREMIUM_EXPENSE":null,"LOAN_DEPOSIT":null,"LOAN_EQUITY":null,"LOAN_ASSETS":null,"DEPOSIT_EQUITY":null,"DEPOSIT_ASSETS":null,"EQUITY_MULTIPLIER":1.414876728196,"EQUITY_RATIO":0.419749548311},{"SECUCODE":"01516.HK","SECURITY_CODE":"01516","SECURITY_NAME_ABBR":"融创服务","ORG_CODE":"10000118633","STD_REPORT_DATE":"2020-12-31 00:00:00","REPORT_DATE":"2020-12-31 00:00:00","DATE_TYPE_CODE":"001","REPORT_TYPE":"2020年年报","PER_NETCASH_OPERATE":0.329858869019,"PER_OI":1.490306428226,"BPS":3.1679526335,"BASIC_EPS":0.25,"DILUTED_EPS":0.25,"OPERATE_INCOME":4625166000,"OPERATE_INCOME_YOY":63.4912466479,"GROSS_PROFIT":1275697000,"GROSS_PROFIT_YOY":77.107819862445,"HOLDER_PROFIT":621631000,"HOLDER_PROFIT_YOY":131.8260972664,"GROSS_PROFIT_RATIO":27.585495236461,"EPS_TTM":0.201609150959,"OPERATE_INCOME_QOQ":34.116230164763,"NET_PROFIT_RATIO":13.5358092326,"ROE_AVG":12.450139023243,"GROSS_PROFIT_QOQ":34.195103213483,"ROA":8.217437827697,"HOLDER_PROFIT_QOQ":33.967241194733,"ROE_YEARLY":12.450139023243,"ROIC_YEARLY":27.276089904284,"TOTAL_ASSETS":12959461000,"TOTAL_LIABILITIES":3228306000,"TAX_EBT":23.895834557599,"OCF_SALES":22.146349525766,"TOTAL_PARENT_EQUITY":9679874000,"DEBT_ASSET_RATIO":24.8669186379,"OPERATE_PROFIT":797774000,"PRETAX_PROFIT":816816000,"NETCASH_OPERATE":1023827000,"NETCASH_INVEST":-1370550000,"NETCASH_FINANCE":8629225000,"END_CASH":9368602000,"DIVI_RATIO":0.705704772445,"DIVIDEND_RATE":9.573170731707,"CURRENT_RATIO":3.731952632632,"COMMON_ACS":10000000000,"CURRENTDEBT_DEBT":91.563036465564,"ISSUED_COMMON_SHARES":3056844000,"HK_COMMON_SHARES":3056844000,"PER_SHARES":1000,"TOTAL_MARKET_CAP":5013224160,"HKSK_MARKET_CAP":5013224160,"PE_TTM":-3.669477111211,"PB_TTM":0.889099980422,"REPORT_DATE_SQ":"2019-12-31 00:00:00","REPORT_TYPE_SQ":"2019年年报","OPERATE_INCOME_SQ":2827374000,"DPS_HKD":0.157,"OPERATE_INCOME_QOQ_SQ":53.532963136328,"NET_PROFIT_RATIO_SQ":9.5458895781,"HOLDER_PROFIT_SQ":269898000,"HOLDER_PROFIT_QOQ_SQ":174.546064878391,"ROE_AVG_SQ":137.751555394501,"PE_TTM_SQ":7.694663491635,"PB_TTM_SQ":0.666395495488,"ROA_SQ":13.793025910281,"START_DATE":"2020-01-01 00:00:00","FISCAL_YEAR":"12-31","CURRENCY":"HKD","IS_CNY_CODE":0,"DPS_HKD_LY":null,"ORG_TYPE":"一般企业","PREMIUM_INCOME":null,"PREMIUM_INCOME_YOY":null,"NET_INTEREST_INCOME":null,"NET_INTEREST_INCOME_YOY":null,"FEE_COMMISSION_INCOME":null,"FEE_COMMISSION_INCOME_YOY":null,"ACCOUNTS_RECE_TDAYS":4.058273843368,"INVENTORY_TDAYS":54.316125106487,"CURRENT_ASSETS_TDAYS":0.704306661151,"TOTAL_ASSETS_TDAYS":0.607088773673,"PREMIUM_EXPENSE":null,"LOAN_DEPOSIT":null,"LOAN_EQUITY":null,"LOAN_ASSETS":null,"DEPOSIT_EQUITY":null,"DEPOSIT_ASSETS":null,"EQUITY_MULTIPLIER":1.330971633095,"EQUITY_RATIO":0.333507027054},{"SECUCODE":"01516.HK","SECURITY_CODE":"01516","SECURITY_NAME_ABBR":"融创服务","ORG_CODE":"10000118633","STD_REPORT_DATE":"2020-06-30 00:00:00","REPORT_DATE":"2020-06-30 00:00:00","DATE_TYPE_CODE":"002","REPORT_TYPE":"2020年中报","PER_NETCASH_OPERATE":-1.8262572,"PER_OI":185.8667712,"BPS":0.566651749321,"BASIC_EPS":0.1,"DILUTED_EPS":0.1,"OPERATE_INCOME":1790624000,"OPERATE_INCOME_YOY":52.8678776868,"GROSS_PROFIT":464647000,"GROSS_PROFIT_YOY":97.952932355172,"HOLDER_PROFIT":250777000,"HOLDER_PROFIT_YOY":367.6494172494,"GROSS_PROFIT_RATIO":25.948887091874,"EPS_TTM":48.47979,"OPERATE_INCOME_QOQ":14.497049577659,"NET_PROFIT_RATIO":14.0050060761,"ROE_AVG":23.890053757551,"GROSS_PROFIT_QOQ":25.415758158099,"ROA":7.623286351181,"HOLDER_PROFIT_QOQ":47.055119300256,"ROE_YEARLY":47.780107515102,"ROIC_YEARLY":24.156038431659,"TOTAL_ASSETS":4308090000,"TOTAL_LIABILITIES":2541602000,"TAX_EBT":20.552193885633,"OCF_SALES":-0.982562503351,"TOTAL_PARENT_EQUITY":1732166000,"DEBT_ASSET_RATIO":58.9960284024,"OPERATE_PROFIT":306750000,"PRETAX_PROFIT":315650000,"NETCASH_OPERATE":-17594000,"NETCASH_INVEST":-959420000,"NETCASH_FINANCE":1053443000,"END_CASH":1171484000,"DIVI_RATIO":0.002934759825,"DIVIDEND_RATE":9.573170731707,"CURRENT_RATIO":1.202478222643,"COMMON_ACS":10000000000,"CURRENTDEBT_DEBT":89.142831961889,"ISSUED_COMMON_SHARES":3056844000,"HK_COMMON_SHARES":3056844000,"PER_SHARES":1000,"TOTAL_MARKET_CAP":5013224160,"HKSK_MARKET_CAP":5013224160,"PE_TTM":-3.669477111211,"PB_TTM":0.889099980422,"REPORT_DATE_SQ":"2019-06-30 00:00:00","REPORT_TYPE_SQ":"2019年中报","OPERATE_INCOME_SQ":1171354000,"DPS_HKD":0.157,"OPERATE_INCOME_QOQ_SQ":0,"NET_PROFIT_RATIO_SQ":4.5780353335,"HOLDER_PROFIT_SQ":53625000,"HOLDER_PROFIT_QOQ_SQ":0,"ROE_AVG_SQ":null,"PE_TTM_SQ":7.694663491635,"PB_TTM_SQ":0.666395495488,"ROA_SQ":null,"START_DATE":"2020-01-01 00:00:00","FISCAL_YEAR":"12-31","CURRENCY":"HKD","IS_CNY_CODE":0,"DPS_HKD_LY":null,"ORG_TYPE":"一般企业","PREMIUM_INCOME":null,"PREMIUM_INCOME_YOY":null,"NET_INTEREST_INCOME":null,"NET_INTEREST_INCOME_YOY":null,"FEE_COMMISSION_INCOME":null,"FEE_COMMISSION_INCOME_YOY":null,"ACCOUNTS_RECE_TDAYS":1.787602951013,"INVENTORY_TDAYS":23.733468171364,"CURRENT_ASSETS_TDAYS":0.739524812323,"TOTAL_ASSETS_TDAYS":0.544325815338,"PREMIUM_EXPENSE":null,"LOAN_DEPOSIT":null,"LOAN_EQUITY":null,"LOAN_ASSETS":null,"DEPOSIT_EQUITY":null,"DEPOSIT_ASSETS":null,"EQUITY_MULTIPLIER":2.438788149142,"EQUITY_RATIO":1.467297014258}],"count":15},"success":true,"message":"ok","code":0}