{"version":"0df2d91ec272bc5dc642955bad035265","result":{"pages":3,"data":[{"SECUCODE":"01529.HK","SECURITY_CODE":"01529","SECURITY_NAME_ABBR":"乐氏国际控股","ORG_CODE":"10726531","STD_REPORT_DATE":"2024-06-30 00:00:00","REPORT_DATE":"2024-06-30 00:00:00","DATE_TYPE_CODE":"002","REPORT_TYPE":"2024年中报","PER_NETCASH_OPERATE":-0.019258559693,"PER_OI":0.07098174132,"BPS":1.069871679559,"BASIC_EPS":-0.008772,"DILUTED_EPS":-0.008772,"OPERATE_INCOME":94701000,"OPERATE_INCOME_YOY":55.3060990209,"GROSS_PROFIT":94701000,"GROSS_PROFIT_YOY":55.306099020942,"HOLDER_PROFIT":-10588000,"HOLDER_PROFIT_YOY":-0.246165499,"GROSS_PROFIT_RATIO":null,"EPS_TTM":-0.025826737423,"OPERATE_INCOME_QOQ":25.18953398914,"NET_PROFIT_RATIO":-13.9639496943,"ROE_AVG":-7.53074389923,"GROSS_PROFIT_QOQ":25.18953398914,"ROA":-3.72354081019,"HOLDER_PROFIT_QOQ":-0.075513345532,"ROE_YEARLY":-15.061487798459,"ROIC_YEARLY":-10.592872721452,"TOTAL_ASSETS":285878000,"TOTAL_LIABILITIES":140424000,"TAX_EBT":1.775235831538,"OCF_SALES":-27.131709274453,"TOTAL_PARENT_EQUITY":142738000,"DEBT_ASSET_RATIO":49.1202540944,"OPERATE_PROFIT":-7847000,"PRETAX_PROFIT":-13463000,"NETCASH_OPERATE":-25694000,"NETCASH_INVEST":25450000,"NETCASH_FINANCE":6447000,"END_CASH":82796000,"DIVI_RATIO":null,"DIVIDEND_RATE":null,"CURRENT_RATIO":2.057192107316,"COMMON_ACS":1000000000,"CURRENTDEBT_DEBT":73.949609753319,"ISSUED_COMMON_SHARES":133416000,"HK_COMMON_SHARES":133416000,"PER_SHARES":2000,"TOTAL_MARKET_CAP":19478736,"HKSK_MARKET_CAP":19478736,"PE_TTM":-0.510726039495,"PB_TTM":0.124548843143,"REPORT_DATE_SQ":"2023-06-30 00:00:00","REPORT_TYPE_SQ":"2023年中报","OPERATE_INCOME_SQ":60977000,"DPS_HKD":null,"OPERATE_INCOME_QOQ_SQ":-18.167180178624,"NET_PROFIT_RATIO_SQ":-17.3212850747,"HOLDER_PROFIT_SQ":-10562000,"HOLDER_PROFIT_QOQ_SQ":-8490,"ROE_AVG_SQ":-7.613404551319,"PE_TTM_SQ":-11.573293746714,"PB_TTM_SQ":1.293120440926,"ROA_SQ":-6.052063099147,"START_DATE":"2024-01-01 00:00:00","FISCAL_YEAR":"12-31","CURRENCY":"HKD","IS_CNY_CODE":0,"DPS_HKD_LY":null,"ORG_TYPE":"一般企业","PREMIUM_INCOME":null,"PREMIUM_INCOME_YOY":null,"NET_INTEREST_INCOME":null,"NET_INTEREST_INCOME_YOY":null,"FEE_COMMISSION_INCOME":null,"FEE_COMMISSION_INCOME_YOY":null,"ACCOUNTS_RECE_TDAYS":0.990104289187,"INVENTORY_TDAYS":null,"CURRENT_ASSETS_TDAYS":0.454802388768,"TOTAL_ASSETS_TDAYS":0.333040270368,"PREMIUM_EXPENSE":null,"LOAN_DEPOSIT":null,"LOAN_EQUITY":null,"LOAN_ASSETS":null,"DEPOSIT_EQUITY":null,"DEPOSIT_ASSETS":null,"EQUITY_MULTIPLIER":1.96541862032,"EQUITY_RATIO":0.983788479592},{"SECUCODE":"01529.HK","SECURITY_CODE":"01529","SECURITY_NAME_ABBR":"乐氏国际控股","ORG_CODE":"10726531","STD_REPORT_DATE":"2023-12-31 00:00:00","REPORT_DATE":"2023-12-31 00:00:00","DATE_TYPE_CODE":"001","REPORT_TYPE":"2023年年报","PER_NETCASH_OPERATE":-0.029631641665,"PER_OI":0.117307759708,"BPS":1.037776578521,"BASIC_EPS":-0.0328,"DILUTED_EPS":-0.0328,"OPERATE_INCOME":133881000,"OPERATE_INCOME_YOY":-25.4074202014,"GROSS_PROFIT":133881000,"GROSS_PROFIT_YOY":-25.407420201356,"HOLDER_PROFIT":-34431000,"HOLDER_PROFIT_YOY":-20153.5294117647,"GROSS_PROFIT_RATIO":null,"EPS_TTM":-0.030168757886,"OPERATE_INCOME_QOQ":-8.847599335494,"NET_PROFIT_RATIO":-25.517437127,"ROE_AVG":-24.379035912541,"GROSS_PROFIT_QOQ":-8.847599335494,"ROA":-14.904065709308,"HOLDER_PROFIT_QOQ":-135.780319112511,"ROE_YEARLY":-24.379035912541,"ROIC_YEARLY":-21.311125347,"TOTAL_ASSETS":282828000,"TOTAL_LIABILITIES":139020000,"TAX_EBT":-2.266059989223,"OCF_SALES":-25.259745594969,"TOTAL_PARENT_EQUITY":138456000,"DEBT_ASSET_RATIO":49.1535491535,"OPERATE_PROFIT":-32349000,"PRETAX_PROFIT":-33406000,"NETCASH_OPERATE":-33818000,"NETCASH_INVEST":27814000,"NETCASH_FINANCE":29041000,"END_CASH":78026000,"DIVI_RATIO":null,"DIVIDEND_RATE":null,"CURRENT_RATIO":1.97203694701,"COMMON_ACS":1000000000,"CURRENTDEBT_DEBT":73.982160840167,"ISSUED_COMMON_SHARES":133416000,"HK_COMMON_SHARES":133416000,"PER_SHARES":2000,"TOTAL_MARKET_CAP":18678240,"HKSK_MARKET_CAP":18678240,"PE_TTM":-0.489737298146,"PB_TTM":0.119430397534,"REPORT_DATE_SQ":"2022-12-31 00:00:00","REPORT_TYPE_SQ":"2022年年报","OPERATE_INCOME_SQ":179483000,"DPS_HKD":null,"OPERATE_INCOME_QOQ_SQ":-12.935304076178,"NET_PROFIT_RATIO_SQ":-0.0947164913,"HOLDER_PROFIT_SQ":-170000,"HOLDER_PROFIT_QOQ_SQ":-102.8600269179,"ROE_AVG_SQ":-0.123799779345,"PE_TTM_SQ":-11.643862611023,"PB_TTM_SQ":1.301005321664,"ROA_SQ":-0.093470019491,"START_DATE":"2023-01-01 00:00:00","FISCAL_YEAR":"12-31","CURRENCY":"HKD","IS_CNY_CODE":0,"DPS_HKD_LY":null,"ORG_TYPE":"一般企业","PREMIUM_INCOME":null,"PREMIUM_INCOME_YOY":null,"NET_INTEREST_INCOME":null,"NET_INTEREST_INCOME_YOY":null,"FEE_COMMISSION_INCOME":null,"FEE_COMMISSION_INCOME_YOY":null,"ACCOUNTS_RECE_TDAYS":1.722196852268,"INVENTORY_TDAYS":null,"CURRENT_ASSETS_TDAYS":0.833749540719,"TOTAL_ASSETS_TDAYS":0.579527524971,"PREMIUM_EXPENSE":null,"LOAN_DEPOSIT":null,"LOAN_EQUITY":null,"LOAN_ASSETS":null,"DEPOSIT_EQUITY":null,"DEPOSIT_ASSETS":null,"EQUITY_MULTIPLIER":1.966705607475,"EQUITY_RATIO":1.004073496273},{"SECUCODE":"01529.HK","SECURITY_CODE":"01529","SECURITY_NAME_ABBR":"乐氏国际控股","ORG_CODE":"10726531","STD_REPORT_DATE":"2023-06-30 00:00:00","REPORT_DATE":"2023-06-30 00:00:00","DATE_TYPE_CODE":"002","REPORT_TYPE":"2023年中报","PER_NETCASH_OPERATE":-0.006867482372,"PER_OI":0.063227913729,"BPS":1.000254841998,"BASIC_EPS":-0.010952,"DILUTED_EPS":-0.010952,"OPERATE_INCOME":60977000,"OPERATE_INCOME_YOY":-34.8424944435,"GROSS_PROFIT":60977000,"GROSS_PROFIT_YOY":-34.842494443495,"HOLDER_PROFIT":-10562000,"HOLDER_PROFIT_YOY":-372.8493929217,"GROSS_PROFIT_RATIO":null,"EPS_TTM":-0.015142057238,"OPERATE_INCOME_QOQ":-18.167180178624,"NET_PROFIT_RATIO":-17.3212850747,"ROE_AVG":-7.613404551319,"GROSS_PROFIT_QOQ":-18.167180178624,"ROA":-6.052063099147,"HOLDER_PROFIT_QOQ":-8490,"ROE_YEARLY":-15.226809102639,"ROIC_YEARLY":-17.74261284416,"TOTAL_ASSETS":169831000,"TOTAL_LIABILITIES":36381000,"TAX_EBT":-2.673276951492,"OCF_SALES":-10.86147235843,"TOTAL_PARENT_EQUITY":133450000,"DEBT_ASSET_RATIO":21.4218841083,"OPERATE_PROFIT":-7419000,"PRETAX_PROFIT":-10287000,"NETCASH_OPERATE":-6623000,"NETCASH_INVEST":8738000,"NETCASH_FINANCE":-1972000,"END_CASH":55392000,"DIVI_RATIO":null,"DIVIDEND_RATE":null,"CURRENT_RATIO":4.389892984542,"COMMON_ACS":1000000000,"CURRENTDEBT_DEBT":92.465847557791,"ISSUED_COMMON_SHARES":133416000,"HK_COMMON_SHARES":133416000,"PER_SHARES":2000,"TOTAL_MARKET_CAP":18678240,"HKSK_MARKET_CAP":18678240,"PE_TTM":-0.489737298146,"PB_TTM":0.119430397534,"REPORT_DATE_SQ":"2022-06-30 00:00:00","REPORT_TYPE_SQ":"2022年中报","OPERATE_INCOME_SQ":93584000,"DPS_HKD":null,"OPERATE_INCOME_QOQ_SQ":-2.658431666974,"NET_PROFIT_RATIO_SQ":4.136390836,"HOLDER_PROFIT_SQ":3871000,"HOLDER_PROFIT_QOQ_SQ":134.756168869138,"ROE_AVG_SQ":2.924003112088,"PE_TTM_SQ":-11.643862611023,"PB_TTM_SQ":1.301005321664,"ROA_SQ":2.188031675871,"START_DATE":"2023-01-01 00:00:00","FISCAL_YEAR":"12-31","CURRENCY":"HKD","IS_CNY_CODE":0,"DPS_HKD_LY":null,"ORG_TYPE":"一般企业","PREMIUM_INCOME":null,"PREMIUM_INCOME_YOY":null,"NET_INTEREST_INCOME":null,"NET_INTEREST_INCOME_YOY":null,"FEE_COMMISSION_INCOME":null,"FEE_COMMISSION_INCOME_YOY":null,"ACCOUNTS_RECE_TDAYS":0.786373836115,"INVENTORY_TDAYS":null,"CURRENT_ASSETS_TDAYS":0.458463342932,"TOTAL_ASSETS_TDAYS":0.349400351824,"PREMIUM_EXPENSE":null,"LOAN_DEPOSIT":null,"LOAN_EQUITY":null,"LOAN_ASSETS":null,"DEPOSIT_EQUITY":null,"DEPOSIT_ASSETS":null,"EQUITY_MULTIPLIER":1.272618958411,"EQUITY_RATIO":0.272618958411},{"SECUCODE":"01529.HK","SECURITY_CODE":"01529","SECURITY_NAME_ABBR":"乐氏国际控股","ORG_CODE":"10726531","STD_REPORT_DATE":"2022-12-31 00:00:00","REPORT_DATE":"2022-12-31 00:00:00","DATE_TYPE_CODE":"001","REPORT_TYPE":"2022年年报","PER_NETCASH_OPERATE":0.003512028204,"PER_OI":0.186108461219,"BPS":1.079390777718,"BASIC_EPS":-0.0002,"DILUTED_EPS":-0.0002,"OPERATE_INCOME":179483000,"OPERATE_INCOME_YOY":-15.2498595234,"GROSS_PROFIT":179483000,"GROSS_PROFIT_YOY":-15.249859523371,"HOLDER_PROFIT":-170000,"HOLDER_PROFIT_YOY":99.0059642147,"GROSS_PROFIT_RATIO":null,"EPS_TTM":-0.000176275404,"OPERATE_INCOME_QOQ":-12.935304076178,"NET_PROFIT_RATIO":-0.0947164913,"ROE_AVG":-0.123799779345,"GROSS_PROFIT_QOQ":-12.935304076178,"ROA":-0.093470019491,"HOLDER_PROFIT_QOQ":-102.8600269179,"ROE_YEARLY":-0.123799779345,"ROIC_YEARLY":-0.141630668872,"TOTAL_ASSETS":179207000,"TOTAL_LIABILITIES":35199000,"TAX_EBT":83.809523809524,"OCF_SALES":1.887086799307,"TOTAL_PARENT_EQUITY":144008000,"DEBT_ASSET_RATIO":19.6415318598,"OPERATE_PROFIT":-623000,"PRETAX_PROFIT":-1050000,"NETCASH_OPERATE":3387000,"NETCASH_INVEST":-24329000,"NETCASH_FINANCE":8563000,"END_CASH":55530000,"DIVI_RATIO":null,"DIVIDEND_RATE":null,"CURRENT_RATIO":3.821658108064,"COMMON_ACS":1000000000,"CURRENTDEBT_DEBT":87.965567203614,"ISSUED_COMMON_SHARES":133416000,"HK_COMMON_SHARES":133416000,"PER_SHARES":2000,"TOTAL_MARKET_CAP":18678240,"HKSK_MARKET_CAP":18678240,"PE_TTM":-0.489737298146,"PB_TTM":0.119430397534,"REPORT_DATE_SQ":"2021-12-31 00:00:00","REPORT_TYPE_SQ":"2021年年报","OPERATE_INCOME_SQ":211779000,"DPS_HKD":null,"OPERATE_INCOME_QOQ_SQ":5.364783378774,"NET_PROFIT_RATIO_SQ":-8.075399355,"HOLDER_PROFIT_SQ":-17102000,"HOLDER_PROFIT_QOQ_SQ":-4.669808433809,"ROE_AVG_SQ":-12.913651002201,"PE_TTM_SQ":-11.643862611023,"PB_TTM_SQ":1.301005321664,"ROA_SQ":-8.290431730704,"START_DATE":"2022-01-01 00:00:00","FISCAL_YEAR":"12-31","CURRENCY":"HKD","IS_CNY_CODE":0,"DPS_HKD_LY":null,"ORG_TYPE":"一般企业","PREMIUM_INCOME":null,"PREMIUM_INCOME_YOY":null,"NET_INTEREST_INCOME":null,"NET_INTEREST_INCOME_YOY":null,"FEE_COMMISSION_INCOME":null,"FEE_COMMISSION_INCOME_YOY":null,"ACCOUNTS_RECE_TDAYS":2.961179304428,"INVENTORY_TDAYS":null,"CURRENT_ASSETS_TDAYS":1.259901163852,"TOTAL_ASSETS_TDAYS":0.986839971079,"PREMIUM_EXPENSE":null,"LOAN_DEPOSIT":null,"LOAN_EQUITY":null,"LOAN_ASSETS":null,"DEPOSIT_EQUITY":null,"DEPOSIT_ASSETS":null,"EQUITY_MULTIPLIER":1.244423920893,"EQUITY_RATIO":0.244423920893},{"SECUCODE":"01529.HK","SECURITY_CODE":"01529","SECURITY_NAME_ABBR":"乐氏国际控股","ORG_CODE":"10726531","STD_REPORT_DATE":"2022-06-30 00:00:00","REPORT_DATE":"2022-06-30 00:00:00","DATE_TYPE_CODE":"002","REPORT_TYPE":"2022年中报","PER_NETCASH_OPERATE":0.00065807327,"PER_OI":0.105816372682,"BPS":1.00546411225,"BASIC_EPS":0.004377,"DILUTED_EPS":0.004377,"OPERATE_INCOME":93584000,"OPERATE_INCOME_YOY":-5.6746023747,"GROSS_PROFIT":93584000,"GROSS_PROFIT_YOY":-5.674602374665,"HOLDER_PROFIT":3871000,"HOLDER_PROFIT_YOY":120.1877444589,"GROSS_PROFIT_RATIO":null,"EPS_TTM":0.006720940751,"OPERATE_INCOME_QOQ":-2.658431666974,"NET_PROFIT_RATIO":4.136390836,"ROE_AVG":2.924003112088,"GROSS_PROFIT_QOQ":-2.658431666974,"ROA":2.188031675871,"HOLDER_PROFIT_QOQ":134.756168869138,"ROE_YEARLY":5.848006224176,"ROIC_YEARLY":7.079565094141,"TOTAL_ASSETS":169288000,"TOTAL_LIABILITIES":35143000,"TAX_EBT":3.321678321678,"OCF_SALES":0.621901179689,"TOTAL_PARENT_EQUITY":134145000,"DEBT_ASSET_RATIO":20.7592977648,"OPERATE_PROFIT":4920000,"PRETAX_PROFIT":4004000,"NETCASH_OPERATE":582000,"NETCASH_INVEST":838000,"NETCASH_FINANCE":-2599000,"END_CASH":66958000,"DIVI_RATIO":null,"DIVIDEND_RATE":null,"CURRENT_RATIO":5.201163616683,"COMMON_ACS":1000000000,"CURRENTDEBT_DEBT":84.122015764164,"ISSUED_COMMON_SHARES":133416000,"HK_COMMON_SHARES":133416000,"PER_SHARES":2000,"TOTAL_MARKET_CAP":18678240,"HKSK_MARKET_CAP":18678240,"PE_TTM":-0.489737298146,"PB_TTM":0.119430397534,"REPORT_DATE_SQ":"2021-06-30 00:00:00","REPORT_TYPE_SQ":"2021年中报","OPERATE_INCOME_SQ":99214000,"DPS_HKD":null,"OPERATE_INCOME_QOQ_SQ":8.530329701185,"NET_PROFIT_RATIO_SQ":-19.3269095087,"HOLDER_PROFIT_SQ":-19175000,"HOLDER_PROFIT_QOQ_SQ":-763.377994315875,"ROE_AVG_SQ":-15.383010898472,"PE_TTM_SQ":-11.643862611023,"PB_TTM_SQ":1.301005321664,"ROA_SQ":-9.585870402032,"START_DATE":"2022-01-01 00:00:00","FISCAL_YEAR":"12-31","CURRENCY":"HKD","IS_CNY_CODE":0,"DPS_HKD_LY":null,"ORG_TYPE":"一般企业","PREMIUM_INCOME":null,"PREMIUM_INCOME_YOY":null,"NET_INTEREST_INCOME":null,"NET_INTEREST_INCOME_YOY":null,"FEE_COMMISSION_INCOME":null,"FEE_COMMISSION_INCOME_YOY":null,"ACCOUNTS_RECE_TDAYS":null,"INVENTORY_TDAYS":null,"CURRENT_ASSETS_TDAYS":0.584264612234,"TOTAL_ASSETS_TDAYS":0.528971212489,"PREMIUM_EXPENSE":null,"LOAN_DEPOSIT":null,"LOAN_EQUITY":null,"LOAN_ASSETS":null,"DEPOSIT_EQUITY":null,"DEPOSIT_ASSETS":null,"EQUITY_MULTIPLIER":1.261977710687,"EQUITY_RATIO":0.261977710686},{"SECUCODE":"01529.HK","SECURITY_CODE":"01529","SECURITY_NAME_ABBR":"乐氏国际控股","ORG_CODE":"10726531","STD_REPORT_DATE":"2021-12-31 00:00:00","REPORT_DATE":"2021-12-31 00:00:00","DATE_TYPE_CODE":"001","REPORT_TYPE":"2021年年报","PER_NETCASH_OPERATE":0.007300995025,"PER_OI":0.239460651289,"BPS":0.97911045152,"BASIC_EPS":-0.0212,"DILUTED_EPS":-0.0212,"OPERATE_INCOME":211779000,"OPERATE_INCOME_YOY":14.3527467899,"GROSS_PROFIT":211779000,"GROSS_PROFIT_YOY":14.352746789922,"HOLDER_PROFIT":-17102000,"HOLDER_PROFIT_YOY":-794.3564758425,"GROSS_PROFIT_RATIO":null,"EPS_TTM":-0.01933740389,"OPERATE_INCOME_QOQ":5.364783378774,"NET_PROFIT_RATIO":-8.075399355,"ROE_AVG":-12.913651002201,"GROSS_PROFIT_QOQ":5.364783378774,"ROA":-8.290431730704,"HOLDER_PROFIT_QOQ":-4.669808433809,"ROE_YEARLY":-12.913651002201,"ROIC_YEARLY":-12.694241867543,"TOTAL_ASSETS":184546000,"TOTAL_LIABILITIES":53917000,"TAX_EBT":18.878664263353,"OCF_SALES":3.048933085906,"TOTAL_PARENT_EQUITY":130629000,"DEBT_ASSET_RATIO":29.2160220216,"OPERATE_PROFIT":-19119000,"PRETAX_PROFIT":-21082000,"NETCASH_OPERATE":6457000,"NETCASH_INVEST":-5539000,"NETCASH_FINANCE":-7487000,"END_CASH":68162000,"DIVI_RATIO":null,"DIVIDEND_RATE":null,"CURRENT_RATIO":3.537533711325,"COMMON_ACS":1000000000,"CURRENTDEBT_DEBT":87.33980006306,"ISSUED_COMMON_SHARES":133416000,"HK_COMMON_SHARES":133416000,"PER_SHARES":2000,"TOTAL_MARKET_CAP":18678240,"HKSK_MARKET_CAP":18678240,"PE_TTM":-0.489737298146,"PB_TTM":0.119430397534,"REPORT_DATE_SQ":"2020-12-31 00:00:00","REPORT_TYPE_SQ":"2020年年报","OPERATE_INCOME_SQ":185198000,"DPS_HKD":null,"OPERATE_INCOME_QOQ_SQ":0.326661068826,"NET_PROFIT_RATIO_SQ":1.329927969,"HOLDER_PROFIT_SQ":2463000,"HOLDER_PROFIT_QOQ_SQ":-19.40445026178,"ROE_AVG_SQ":1.89169780454,"PE_TTM_SQ":-11.643862611023,"PB_TTM_SQ":1.301005321664,"ROA_SQ":1.062489754717,"START_DATE":"2021-01-01 00:00:00","FISCAL_YEAR":"12-31","CURRENCY":"HKD","IS_CNY_CODE":0,"DPS_HKD_LY":null,"ORG_TYPE":"一般企业","PREMIUM_INCOME":null,"PREMIUM_INCOME_YOY":null,"NET_INTEREST_INCOME":null,"NET_INTEREST_INCOME_YOY":null,"FEE_COMMISSION_INCOME":null,"FEE_COMMISSION_INCOME_YOY":null,"ACCOUNTS_RECE_TDAYS":3.061120064755,"INVENTORY_TDAYS":null,"CURRENT_ASSETS_TDAYS":1.317467822106,"TOTAL_ASSETS_TDAYS":1.026628079462,"PREMIUM_EXPENSE":null,"LOAN_DEPOSIT":null,"LOAN_EQUITY":null,"LOAN_ASSETS":null,"DEPOSIT_EQUITY":null,"DEPOSIT_ASSETS":null,"EQUITY_MULTIPLIER":1.412749083281,"EQUITY_RATIO":0.412749083282},{"SECUCODE":"01529.HK","SECURITY_CODE":"01529","SECURITY_NAME_ABBR":"乐氏国际控股","ORG_CODE":"10726531","STD_REPORT_DATE":"2021-06-30 00:00:00","REPORT_DATE":"2021-06-30 00:00:00","DATE_TYPE_CODE":"002","REPORT_TYPE":"2021年中报","PER_NETCASH_OPERATE":0.00646125,"PER_OI":0.1240175,"BPS":0.862437788571,"BASIC_EPS":-0.02397,"DILUTED_EPS":-0.02397,"OPERATE_INCOME":99214000,"OPERATE_INCOME_YOY":18.9388126978,"GROSS_PROFIT":99214000,"GROSS_PROFIT_YOY":18.938812697804,"HOLDER_PROFIT":-19175000,"HOLDER_PROFIT_YOY":-5040.7506702413,"GROSS_PROFIT_RATIO":null,"EPS_TTM":-0.02042375,"OPERATE_INCOME_QOQ":8.530329701185,"NET_PROFIT_RATIO":-19.3269095087,"ROE_AVG":-15.383010898472,"GROSS_PROFIT_QOQ":8.530329701185,"ROA":-9.585870402032,"HOLDER_PROFIT_QOQ":-763.377994315875,"ROE_YEARLY":-30.766021796944,"ROIC_YEARLY":-30.266319939073,"TOTAL_ASSETS":172042000,"TOTAL_LIABILITIES":56979000,"TAX_EBT":-0.214278248145,"OCF_SALES":5.20995020864,"TOTAL_PARENT_EQUITY":115063000,"DEBT_ASSET_RATIO":33.1192383255,"OPERATE_PROFIT":-17771000,"PRETAX_PROFIT":-19134000,"NETCASH_OPERATE":5169000,"NETCASH_INVEST":405000,"NETCASH_FINANCE":-8793000,"END_CASH":71686000,"DIVI_RATIO":null,"DIVIDEND_RATE":null,"CURRENT_RATIO":3.177133818669,"COMMON_ACS":1000000000,"CURRENTDEBT_DEBT":86.545920426824,"ISSUED_COMMON_SHARES":133416000,"HK_COMMON_SHARES":133416000,"PER_SHARES":2000,"TOTAL_MARKET_CAP":18678240,"HKSK_MARKET_CAP":18678240,"PE_TTM":-0.489737298146,"PB_TTM":0.119430397534,"REPORT_DATE_SQ":"2020-06-30 00:00:00","REPORT_TYPE_SQ":"2020年中报","OPERATE_INCOME_SQ":83416000,"DPS_HKD":null,"OPERATE_INCOME_QOQ_SQ":-11.992848629321,"NET_PROFIT_RATIO_SQ":-0.4471564208,"HOLDER_PROFIT_SQ":-373000,"HOLDER_PROFIT_QOQ_SQ":-67.213818259843,"ROE_AVG_SQ":-0.289635625958,"PE_TTM_SQ":-11.643862611023,"PB_TTM_SQ":1.301005321664,"ROA_SQ":-0.162532544637,"START_DATE":"2021-01-01 00:00:00","FISCAL_YEAR":"12-31","CURRENCY":"HKD","IS_CNY_CODE":0,"DPS_HKD_LY":null,"ORG_TYPE":"一般企业","PREMIUM_INCOME":null,"PREMIUM_INCOME_YOY":null,"NET_INTEREST_INCOME":null,"NET_INTEREST_INCOME_YOY":null,"FEE_COMMISSION_INCOME":null,"FEE_COMMISSION_INCOME_YOY":null,"ACCOUNTS_RECE_TDAYS":1.203097052707,"INVENTORY_TDAYS":null,"CURRENT_ASSETS_TDAYS":0.636840382307,"TOTAL_ASSETS_TDAYS":0.495985682434,"PREMIUM_EXPENSE":null,"LOAN_DEPOSIT":null,"LOAN_EQUITY":null,"LOAN_ASSETS":null,"DEPOSIT_EQUITY":null,"DEPOSIT_ASSETS":null,"EQUITY_MULTIPLIER":1.495198282679,"EQUITY_RATIO":0.49519828268},{"SECUCODE":"01529.HK","SECURITY_CODE":"01529","SECURITY_NAME_ABBR":"乐氏国际控股","ORG_CODE":"10726531","STD_REPORT_DATE":"2020-12-31 00:00:00","REPORT_DATE":"2020-12-31 00:00:00","DATE_TYPE_CODE":"001","REPORT_TYPE":"2020年年报","PER_NETCASH_OPERATE":0.02088125,"PER_OI":0.2314975,"BPS":1.006161180068,"BASIC_EPS":0.0031,"DILUTED_EPS":0.0031,"OPERATE_INCOME":185198000,"OPERATE_INCOME_YOY":-11.705363528,"GROSS_PROFIT":185198000,"GROSS_PROFIT_YOY":-11.70536352801,"HOLDER_PROFIT":2463000,"HOLDER_PROFIT_YOY":-73.5757965883,"GROSS_PROFIT_RATIO":null,"EPS_TTM":0.00307875,"OPERATE_INCOME_QOQ":0.326661068826,"NET_PROFIT_RATIO":1.329927969,"ROE_AVG":1.89169780454,"GROSS_PROFIT_QOQ":0.326661068826,"ROA":1.062489754717,"HOLDER_PROFIT_QOQ":-19.40445026178,"ROE_YEARLY":1.89169780454,"ROIC_YEARLY":1.552748042516,"TOTAL_ASSETS":228026000,"TOTAL_LIABILITIES":93788000,"TAX_EBT":64.884516680924,"OCF_SALES":9.020075810754,"TOTAL_PARENT_EQUITY":134238000,"DEBT_ASSET_RATIO":41.1303974108,"OPERATE_PROFIT":10452000,"PRETAX_PROFIT":7014000,"NETCASH_OPERATE":16705000,"NETCASH_INVEST":-2674000,"NETCASH_FINANCE":-9432000,"END_CASH":74965000,"DIVI_RATIO":null,"DIVIDEND_RATE":null,"CURRENT_RATIO":2.729127393809,"COMMON_ACS":1000000000,"CURRENTDEBT_DEBT":60.520535676206,"ISSUED_COMMON_SHARES":133416000,"HK_COMMON_SHARES":133416000,"PER_SHARES":2000,"TOTAL_MARKET_CAP":18678240,"HKSK_MARKET_CAP":18678240,"PE_TTM":-0.489737298146,"PB_TTM":0.119430397534,"REPORT_DATE_SQ":"2019-12-31 00:00:00","REPORT_TYPE_SQ":"2019年年报","OPERATE_INCOME_SQ":209750000,"DPS_HKD":null,"OPERATE_INCOME_QOQ_SQ":-5.598811827715,"NET_PROFIT_RATIO_SQ":4.4438617402,"HOLDER_PROFIT_SQ":9321000,"HOLDER_PROFIT_QOQ_SQ":-48.687035507845,"ROE_AVG_SQ":7.671447089566,"PE_TTM_SQ":-11.643862611023,"PB_TTM_SQ":1.301005321664,"ROA_SQ":4.770141707139,"START_DATE":"2020-01-01 00:00:00","FISCAL_YEAR":"12-31","CURRENCY":"HKD","IS_CNY_CODE":0,"DPS_HKD_LY":null,"ORG_TYPE":"一般企业","PREMIUM_INCOME":null,"PREMIUM_INCOME_YOY":null,"NET_INTEREST_INCOME":null,"NET_INTEREST_INCOME_YOY":null,"FEE_COMMISSION_INCOME":null,"FEE_COMMISSION_INCOME_YOY":null,"ACCOUNTS_RECE_TDAYS":2.48905315503,"INVENTORY_TDAYS":null,"CURRENT_ASSETS_TDAYS":1.25475450043,"TOTAL_ASSETS_TDAYS":0.798907745002,"PREMIUM_EXPENSE":null,"LOAN_DEPOSIT":null,"LOAN_EQUITY":null,"LOAN_ASSETS":null,"DEPOSIT_EQUITY":null,"DEPOSIT_ASSETS":null,"EQUITY_MULTIPLIER":1.698669527257,"EQUITY_RATIO":0.698669527258},{"SECUCODE":"01529.HK","SECURITY_CODE":"01529","SECURITY_NAME_ABBR":"乐氏国际控股","ORG_CODE":"10726531","STD_REPORT_DATE":"2020-06-30 00:00:00","REPORT_DATE":"2020-06-30 00:00:00","DATE_TYPE_CODE":"002","REPORT_TYPE":"2020年中报","PER_NETCASH_OPERATE":0.0178575,"PER_OI":0.10427,"BPS":0.984904359297,"BASIC_EPS":-0.00047,"DILUTED_EPS":-0.00047,"OPERATE_INCOME":83416000,"OPERATE_INCOME_YOY":-23.1691704046,"GROSS_PROFIT":83416000,"GROSS_PROFIT_YOY":-23.16917040462,"HOLDER_PROFIT":-373000,"HOLDER_PROFIT_YOY":-106.3306177868,"GROSS_PROFIT_RATIO":null,"EPS_TTM":0.00382,"OPERATE_INCOME_QOQ":-11.992848629321,"NET_PROFIT_RATIO":-0.4471564208,"ROE_AVG":-0.289635625958,"GROSS_PROFIT_QOQ":-11.992848629321,"ROA":-0.162532544637,"HOLDER_PROFIT_QOQ":-67.213818259843,"ROE_YEARLY":-0.579271251917,"ROIC_YEARLY":-0.474506411561,"TOTAL_ASSETS":223383000,"TOTAL_LIABILITIES":91981000,"TAX_EBT":115.362438220758,"OCF_SALES":17.126210798888,"TOTAL_PARENT_EQUITY":131402000,"DEBT_ASSET_RATIO":41.1763652561,"OPERATE_PROFIT":4209000,"PRETAX_PROFIT":2428000,"NETCASH_OPERATE":14286000,"NETCASH_INVEST":-3038000,"NETCASH_FINANCE":-9536000,"END_CASH":73134000,"DIVI_RATIO":null,"DIVIDEND_RATE":null,"CURRENT_RATIO":3.233596180279,"COMMON_ACS":1000000000,"CURRENTDEBT_DEBT":45.084310890293,"ISSUED_COMMON_SHARES":133416000,"HK_COMMON_SHARES":133416000,"PER_SHARES":2000,"TOTAL_MARKET_CAP":18678240,"HKSK_MARKET_CAP":18678240,"PE_TTM":-0.489737298146,"PB_TTM":0.119430397534,"REPORT_DATE_SQ":"2019-06-30 00:00:00","REPORT_TYPE_SQ":"2019年中报","OPERATE_INCOME_SQ":108571000,"DPS_HKD":null,"OPERATE_INCOME_QOQ_SQ":2.051975540922,"NET_PROFIT_RATIO_SQ":5.4268635271,"HOLDER_PROFIT_SQ":5892000,"HOLDER_PROFIT_QOQ_SQ":-10.44776119403,"ROE_AVG_SQ":4.91868968511,"PE_TTM_SQ":-11.643862611023,"PB_TTM_SQ":1.301005321664,"ROA_SQ":2.997878283699,"START_DATE":"2020-01-01 00:00:00","FISCAL_YEAR":"12-31","CURRENCY":"HKD","IS_CNY_CODE":0,"DPS_HKD_LY":null,"ORG_TYPE":"一般企业","PREMIUM_INCOME":null,"PREMIUM_INCOME_YOY":null,"NET_INTEREST_INCOME":null,"NET_INTEREST_INCOME_YOY":null,"FEE_COMMISSION_INCOME":null,"FEE_COMMISSION_INCOME_YOY":null,"ACCOUNTS_RECE_TDAYS":1.290350524394,"INVENTORY_TDAYS":null,"CURRENT_ASSETS_TDAYS":0.608032655441,"TOTAL_ASSETS_TDAYS":0.363480288027,"PREMIUM_EXPENSE":null,"LOAN_DEPOSIT":null,"LOAN_EQUITY":null,"LOAN_ASSETS":null,"DEPOSIT_EQUITY":null,"DEPOSIT_ASSETS":null,"EQUITY_MULTIPLIER":1.699996955907,"EQUITY_RATIO":0.699996955906}],"count":26},"success":true,"message":"ok","code":0}