{"version":"c7cb0c26031bb98f01dc8c3662f976c7","result":{"pages":4,"data":[{"SECUCODE":"01522.HK","SECURITY_CODE":"01522","SECURITY_NAME_ABBR":"京投交通科技","ORG_CODE":"10205113","STD_REPORT_DATE":"2024-06-30 00:00:00","REPORT_DATE":"2024-06-30 00:00:00","DATE_TYPE_CODE":"002","REPORT_TYPE":"2024年中报","PER_NETCASH_OPERATE":-0.00178911062,"PER_OI":0.2041013565,"BPS":1.150467760494,"BASIC_EPS":0.004198328,"DILUTED_EPS":0.004198328,"OPERATE_INCOME":428030491.76,"OPERATE_INCOME_YOY":-0.8888644682,"GROSS_PROFIT":173089762,"GROSS_PROFIT_YOY":-0.338684553755,"HOLDER_PROFIT":8794584.48,"HOLDER_PROFIT_YOY":89.6477071443,"GROSS_PROFIT_RATIO":40.438652229723,"EPS_TTM":0.077284020652,"OPERATE_INCOME_QOQ":-0.5553467309,"NET_PROFIT_RATIO":0.7772153302,"ROE_AVG":0.360133356978,"GROSS_PROFIT_QOQ":-0.109828205715,"ROA":0.212701591653,"HOLDER_PROFIT_QOQ":2.601829509501,"ROE_YEARLY":0.720266713957,"ROIC_YEARLY":0.523981421389,"TOTAL_ASSETS":4154426266.64,"TOTAL_LIABILITIES":1594382596.32,"TAX_EBT":-0.496277915633,"OCF_SALES":-0.876579484927,"TOTAL_PARENT_EQUITY":2412699698.44,"DEBT_ASSET_RATIO":38.3779249887,"OPERATE_PROFIT":6940931.4,"PRETAX_PROFIT":3310290.36,"NETCASH_OPERATE":-3752027.48,"NETCASH_INVEST":-7804326.68,"NETCASH_FINANCE":-4713992.2,"END_CASH":499211317.64,"DIVI_RATIO":0.293145980357,"DIVIDEND_RATE":8.928571428571,"CURRENT_RATIO":1.773557734346,"COMMON_ACS":5000000000,"CURRENTDEBT_DEBT":96.235268391756,"ISSUED_COMMON_SHARES":2097146727,"HK_COMMON_SHARES":2097146727,"PER_SHARES":4000,"TOTAL_MARKET_CAP":587201083.56,"HKSK_MARKET_CAP":587201083.56,"PE_TTM":3.282873871011,"PB_TTM":0.222127389202,"REPORT_DATE_SQ":"2023-06-30 00:00:00","REPORT_TYPE_SQ":"2023年中报","OPERATE_INCOME_SQ":436269872.24,"DPS_HKD":0.025,"OPERATE_INCOME_QOQ_SQ":-3.72172381268,"NET_PROFIT_RATIO_SQ":0.5562271233,"HOLDER_PROFIT_SQ":4684580.38,"HOLDER_PROFIT_QOQ_SQ":-14.460093515745,"ROE_AVG_SQ":0.202399435146,"PE_TTM_SQ":3.592400557514,"PB_TTM_SQ":0.222795329242,"ROA_SQ":0.117974319863,"START_DATE":"2024-01-01 00:00:00","FISCAL_YEAR":"12-31","CURRENCY":"HKD","IS_CNY_CODE":0,"DPS_HKD_LY":0.025,"ORG_TYPE":"一般企业","PREMIUM_INCOME":null,"PREMIUM_INCOME_YOY":null,"NET_INTEREST_INCOME":null,"NET_INTEREST_INCOME_YOY":null,"FEE_COMMISSION_INCOME":null,"FEE_COMMISSION_INCOME_YOY":null,"ACCOUNTS_RECE_TDAYS":0.430224968592,"INVENTORY_TDAYS":0.641059359473,"CURRENT_ASSETS_TDAYS":0.158872362668,"TOTAL_ASSETS_TDAYS":0.103521396696,"PREMIUM_EXPENSE":null,"LOAN_DEPOSIT":null,"LOAN_EQUITY":null,"LOAN_ASSETS":null,"DEPOSIT_EQUITY":null,"DEPOSIT_ASSETS":null,"EQUITY_MULTIPLIER":1.622795077603,"EQUITY_RATIO":0.660829276578},{"SECUCODE":"01522.HK","SECURITY_CODE":"01522","SECURITY_NAME_ABBR":"京投交通科技","ORG_CODE":"10205113","STD_REPORT_DATE":"2023-12-31 00:00:00","REPORT_DATE":"2023-12-31 00:00:00","DATE_TYPE_CODE":"001","REPORT_TYPE":"2023年年报","PER_NETCASH_OPERATE":0.00375296616,"PER_OI":0.707459400298,"BPS":1.170103548964,"BASIC_EPS":0.07521626,"DILUTED_EPS":0.07521626,"OPERATE_INCOME":1483646165.82,"OPERATE_INCOME_YOY":-0.1078130606,"GROSS_PROFIT":535582363.54,"GROSS_PROFIT_YOY":2.264374266901,"HOLDER_PROFIT":157965926.86,"HOLDER_PROFIT_YOY":-2.7553388526,"GROSS_PROFIT_RATIO":36.099062962495,"EPS_TTM":0.075324213049,"OPERATE_INCOME_QOQ":5.257756577787,"NET_PROFIT_RATIO":11.3443779277,"ROE_AVG":6.601223615773,"GROSS_PROFIT_QOQ":-0.375394617274,"ROA":3.911677191091,"HOLDER_PROFIT_QOQ":15.331486651133,"ROE_YEARLY":6.601223615773,"ROIC_YEARLY":4.86958625432,"TOTAL_ASSETS":4085858708.26,"TOTAL_LIABILITIES":1476988167.48,"TAX_EBT":8.909084666958,"OCF_SALES":0.530485022731,"TOTAL_PARENT_EQUITY":2453878827.96,"DEBT_ASSET_RATIO":36.1487822497,"OPERATE_PROFIT":167847349.74,"PRETAX_PROFIT":184771914.46,"NETCASH_OPERATE":7870520.7,"NETCASH_INVEST":-38109269.66,"NETCASH_FINANCE":-66351615.96,"END_CASH":515032918.82,"DIVI_RATIO":0.30077313898,"DIVIDEND_RATE":9.803921568627,"CURRENT_RATIO":1.872534583119,"COMMON_ACS":5000000000,"CURRENTDEBT_DEBT":95.751346456142,"ISSUED_COMMON_SHARES":2097146727,"HK_COMMON_SHARES":2097146727,"PER_SHARES":4000,"TOTAL_MARKET_CAP":534772415.385,"HKSK_MARKET_CAP":534772415.385,"PE_TTM":2.989760132528,"PB_TTM":0.202294586595,"REPORT_DATE_SQ":"2022-12-31 00:00:00","REPORT_TYPE_SQ":"2022年年报","OPERATE_INCOME_SQ":1464023079.96,"DPS_HKD":0.025,"OPERATE_INCOME_QOQ_SQ":-1.721459656538,"NET_PROFIT_RATIO_SQ":11.287667455,"HOLDER_PROFIT_SQ":160120434.04,"HOLDER_PROFIT_QOQ_SQ":39.742013796978,"ROE_AVG_SQ":6.850078579174,"PE_TTM_SQ":3.31606205309,"PB_TTM_SQ":0.205657226992,"ROA_SQ":4.064476733653,"START_DATE":"2023-01-01 00:00:00","FISCAL_YEAR":"12-31","CURRENCY":"HKD","IS_CNY_CODE":0,"DPS_HKD_LY":0.026,"ORG_TYPE":"一般企业","PREMIUM_INCOME":null,"PREMIUM_INCOME_YOY":null,"NET_INTEREST_INCOME":null,"NET_INTEREST_INCOME_YOY":null,"FEE_COMMISSION_INCOME":null,"FEE_COMMISSION_INCOME_YOY":null,"ACCOUNTS_RECE_TDAYS":1.543065573037,"INVENTORY_TDAYS":2.583295573941,"CURRENT_ASSETS_TDAYS":0.567987568796,"TOTAL_ASSETS_TDAYS":0.367392195383,"PREMIUM_EXPENSE":null,"LOAN_DEPOSIT":null,"LOAN_EQUITY":null,"LOAN_ASSETS":null,"DEPOSIT_EQUITY":null,"DEPOSIT_ASSETS":null,"EQUITY_MULTIPLIER":1.566140843093,"EQUITY_RATIO":0.601899389102},{"SECUCODE":"01522.HK","SECURITY_CODE":"01522","SECURITY_NAME_ABBR":"京投交通科技","ORG_CODE":"10205113","STD_REPORT_DATE":"2023-06-30 00:00:00","REPORT_DATE":"2023-06-30 00:00:00","DATE_TYPE_CODE":"002","REPORT_TYPE":"2023年中报","PER_NETCASH_OPERATE":-0.022004632468,"PER_OI":0.208030209152,"BPS":1.075941765995,"BASIC_EPS":0.002212752,"DILUTED_EPS":0.002212752,"OPERATE_INCOME":436269872.24,"OPERATE_INCOME_YOY":-17.5425236601,"GROSS_PROFIT":173677982.5,"GROSS_PROFIT_YOY":8.684048393214,"HOLDER_PROFIT":4684580.38,"HOLDER_PROFIT_YOY":-84.3911280413,"GROSS_PROFIT_RATIO":39.809758489226,"EPS_TTM":0.065311057055,"OPERATE_INCOME_QOQ":-3.72172381268,"NET_PROFIT_RATIO":0.5562271233,"ROE_AVG":0.202399435146,"GROSS_PROFIT_QOQ":2.649715774566,"ROA":0.117974319863,"HOLDER_PROFIT_QOQ":-14.460093515745,"ROE_YEARLY":0.404798870292,"ROIC_YEARLY":0.29210869594,"TOTAL_ASSETS":3881516438.42,"TOTAL_LIABILITIES":1559743069.36,"TAX_EBT":23.643748186829,"OCF_SALES":-10.577613971614,"TOTAL_PARENT_EQUITY":2256407753,"DEBT_ASSET_RATIO":40.1838583993,"OPERATE_PROFIT":55318.8,"PRETAX_PROFIT":3178065.06,"NETCASH_OPERATE":-46146942.96,"NETCASH_INVEST":-11201135.02,"NETCASH_FINANCE":-25537002.04,"END_CASH":518838713.12,"DIVI_RATIO":0.346886132633,"DIVIDEND_RATE":9.803921568627,"CURRENT_RATIO":2.042296332601,"COMMON_ACS":5000000000,"CURRENTDEBT_DEBT":78.273686375856,"ISSUED_COMMON_SHARES":2097146727,"HK_COMMON_SHARES":2097146727,"PER_SHARES":4000,"TOTAL_MARKET_CAP":534772415.385,"HKSK_MARKET_CAP":534772415.385,"PE_TTM":2.989760132528,"PB_TTM":0.202294586595,"REPORT_DATE_SQ":"2022-06-30 00:00:00","REPORT_TYPE_SQ":"2022年中报","OPERATE_INCOME_SQ":490756767.83,"DPS_HKD":0.025,"OPERATE_INCOME_QOQ_SQ":4.161299977146,"NET_PROFIT_RATIO_SQ":4.8832723135,"HOLDER_PROFIT_SQ":27838144.88,"HOLDER_PROFIT_QOQ_SQ":-25.269730993985,"ROE_AVG_SQ":1.256965011797,"PE_TTM_SQ":3.31606205309,"PB_TTM_SQ":0.205657226992,"ROA_SQ":0.751324546492,"START_DATE":"2023-01-01 00:00:00","FISCAL_YEAR":"12-31","CURRENCY":"HKD","IS_CNY_CODE":0,"DPS_HKD_LY":0.026,"ORG_TYPE":"一般企业","PREMIUM_INCOME":null,"PREMIUM_INCOME_YOY":null,"NET_INTEREST_INCOME":null,"NET_INTEREST_INCOME_YOY":null,"FEE_COMMISSION_INCOME":null,"FEE_COMMISSION_INCOME_YOY":null,"ACCOUNTS_RECE_TDAYS":0.494322511832,"INVENTORY_TDAYS":0.61592841889,"CURRENT_ASSETS_TDAYS":0.170611558072,"TOTAL_ASSETS_TDAYS":0.109868200093,"PREMIUM_EXPENSE":null,"LOAN_DEPOSIT":null,"LOAN_EQUITY":null,"LOAN_ASSETS":null,"DEPOSIT_EQUITY":null,"DEPOSIT_ASSETS":null,"EQUITY_MULTIPLIER":1.671789542487,"EQUITY_RATIO":0.691250536294},{"SECUCODE":"01522.HK","SECURITY_CODE":"01522","SECURITY_NAME_ABBR":"京投交通科技","ORG_CODE":"10205113","STD_REPORT_DATE":"2022-12-31 00:00:00","REPORT_DATE":"2022-12-31 00:00:00","DATE_TYPE_CODE":"001","REPORT_TYPE":"2022年年报","PER_NETCASH_OPERATE":-0.066099484898,"PER_OI":0.698102360274,"BPS":1.096134279712,"BASIC_EPS":0.07592795,"DILUTED_EPS":0.07592795,"OPERATE_INCOME":1464023079.96,"OPERATE_INCOME_YOY":-6.3035313084,"GROSS_PROFIT":523723307.73,"GROSS_PROFIT_YOY":-1.075512705387,"HOLDER_PROFIT":160120434.04,"HOLDER_PROFIT_YOY":-4.4167755352,"GROSS_PROFIT_RATIO":35.772886022009,"EPS_TTM":0.076351564713,"OPERATE_INCOME_QOQ":-1.721459656538,"NET_PROFIT_RATIO":11.287667455,"ROE_AVG":6.850078579174,"GROSS_PROFIT_QOQ":5.307615053525,"ROA":4.064476733653,"HOLDER_PROFIT_QOQ":39.742013796978,"ROE_YEARLY":6.850078579174,"ROIC_YEARLY":5.173005897017,"TOTAL_ASSETS":3933746695.2,"TOTAL_LIABILITIES":1566766102.09,"TAX_EBT":17.152632545309,"OCF_SALES":-9.468451714148,"TOTAL_PARENT_EQUITY":2298754417.05,"DEBT_ASSET_RATIO":39.8288508002,"OPERATE_PROFIT":153250294.47,"PRETAX_PROFIT":199468084.27,"NETCASH_OPERATE":-138620318.41,"NETCASH_INVEST":-18173578.15,"NETCASH_FINANCE":-39951500.75,"END_CASH":596141599.9,"DIVI_RATIO":0.296726073461,"DIVIDEND_RATE":9.803921568627,"CURRENT_RATIO":2.062118330163,"COMMON_ACS":5000000000,"CURRENTDEBT_DEBT":78.592242613459,"ISSUED_COMMON_SHARES":2097146727,"HK_COMMON_SHARES":2097146727,"PER_SHARES":4000,"TOTAL_MARKET_CAP":534772415.385,"HKSK_MARKET_CAP":534772415.385,"PE_TTM":2.989760132528,"PB_TTM":0.202294586595,"REPORT_DATE_SQ":"2021-12-31 00:00:00","REPORT_TYPE_SQ":"2021年年报","OPERATE_INCOME_SQ":1430154096,"DPS_HKD":0.025,"OPERATE_INCOME_QOQ_SQ":14.267202847558,"NET_PROFIT_RATIO_SQ":11.4054344533,"HOLDER_PROFIT_SQ":153328616,"HOLDER_PROFIT_QOQ_SQ":-14.060693227539,"ROE_AVG_SQ":7.335935050561,"PE_TTM_SQ":3.31606205309,"PB_TTM_SQ":0.205657226992,"ROA_SQ":4.304375229237,"START_DATE":"2022-01-01 00:00:00","FISCAL_YEAR":"12-31","CURRENCY":"HKD","IS_CNY_CODE":0,"DPS_HKD_LY":0.027,"ORG_TYPE":"一般企业","PREMIUM_INCOME":null,"PREMIUM_INCOME_YOY":null,"NET_INTEREST_INCOME":null,"NET_INTEREST_INCOME_YOY":null,"FEE_COMMISSION_INCOME":null,"FEE_COMMISSION_INCOME_YOY":null,"ACCOUNTS_RECE_TDAYS":1.811849139704,"INVENTORY_TDAYS":2.294800315232,"CURRENT_ASSETS_TDAYS":0.577468907651,"TOTAL_ASSETS_TDAYS":0.371625756681,"PREMIUM_EXPENSE":null,"LOAN_DEPOSIT":null,"LOAN_EQUITY":null,"LOAN_ASSETS":null,"DEPOSIT_EQUITY":null,"DEPOSIT_ASSETS":null,"EQUITY_MULTIPLIER":1.661926044788,"EQUITY_RATIO":0.68157176359},{"SECUCODE":"01522.HK","SECURITY_CODE":"01522","SECURITY_NAME_ABBR":"京投交通科技","ORG_CODE":"10205113","STD_REPORT_DATE":"2022-06-30 00:00:00","REPORT_DATE":"2022-06-30 00:00:00","DATE_TYPE_CODE":"002","REPORT_TYPE":"2022年中报","PER_NETCASH_OPERATE":-0.090106333871,"PER_OI":0.234011650931,"BPS":1.027338783339,"BASIC_EPS":0.013255445,"DILUTED_EPS":0.013255445,"OPERATE_INCOME":490756767.83,"OPERATE_INCOME_YOY":10.7250632872,"GROSS_PROFIT":159800803.4,"GROSS_PROFIT_YOY":-16.723121123551,"HOLDER_PROFIT":27838144.88,"HOLDER_PROFIT_YOY":-59.3206783219,"GROSS_PROFIT_RATIO":32.562119134209,"EPS_TTM":0.05463751569,"OPERATE_INCOME_QOQ":4.161299977146,"NET_PROFIT_RATIO":4.8832723135,"ROE_AVG":1.256965011797,"GROSS_PROFIT_QOQ":-6.061411376251,"ROA":0.751324546492,"HOLDER_PROFIT_QOQ":-25.269730993985,"ROE_YEARLY":2.513930023593,"ROIC_YEARLY":1.90431980545,"TOTAL_ASSETS":3633332867.92,"TOTAL_LIABILITIES":1389303190.45,"TAX_EBT":-7.776623976001,"OCF_SALES":-38.505063108057,"TOTAL_PARENT_EQUITY":2154480167,"DEBT_ASSET_RATIO":38.2377073875,"OPERATE_PROFIT":6995454.2,"PRETAX_PROFIT":22235795.19,"NETCASH_OPERATE":-188966203.16,"NETCASH_INVEST":-24403701.84,"NETCASH_FINANCE":-16124607.45,"END_CASH":503722303.42,"DIVI_RATIO":0.414650990515,"DIVIDEND_RATE":9.803921568627,"CURRENT_RATIO":2.179275565733,"COMMON_ACS":5000000000,"CURRENTDEBT_DEBT":76.39839833062,"ISSUED_COMMON_SHARES":2097146727,"HK_COMMON_SHARES":2097146727,"PER_SHARES":4000,"TOTAL_MARKET_CAP":534772415.385,"HKSK_MARKET_CAP":534772415.385,"PE_TTM":2.989760132528,"PB_TTM":0.202294586595,"REPORT_DATE_SQ":"2021-06-30 00:00:00","REPORT_TYPE_SQ":"2021年中报","OPERATE_INCOME_SQ":431243765.76,"DPS_HKD":0.025,"OPERATE_INCOME_QOQ_SQ":-4.05775055764,"NET_PROFIT_RATIO_SQ":15.021455915,"HOLDER_PROFIT_SQ":66583873.68,"HOLDER_PROFIT_QOQ_SQ":25.876558988061,"ROE_AVG_SQ":3.227335781297,"PE_TTM_SQ":3.31606205309,"PB_TTM_SQ":0.205657226992,"ROA_SQ":1.814079159468,"START_DATE":"2022-01-01 00:00:00","FISCAL_YEAR":"12-31","CURRENCY":"HKD","IS_CNY_CODE":0,"DPS_HKD_LY":0.027,"ORG_TYPE":"一般企业","PREMIUM_INCOME":null,"PREMIUM_INCOME_YOY":null,"NET_INTEREST_INCOME":null,"NET_INTEREST_INCOME_YOY":null,"FEE_COMMISSION_INCOME":null,"FEE_COMMISSION_INCOME_YOY":null,"ACCOUNTS_RECE_TDAYS":0.699165665579,"INVENTORY_TDAYS":0.790720102324,"CURRENT_ASSETS_TDAYS":0.20722484949,"TOTAL_ASSETS_TDAYS":0.132450494678,"PREMIUM_EXPENSE":null,"LOAN_DEPOSIT":null,"LOAN_EQUITY":null,"LOAN_ASSETS":null,"DEPOSIT_EQUITY":null,"DEPOSIT_ASSETS":null,"EQUITY_MULTIPLIER":1.619110880929,"EQUITY_RATIO":0.644843805819},{"SECUCODE":"01522.HK","SECURITY_CODE":"01522","SECURITY_NAME_ABBR":"京投交通科技","ORG_CODE":"10205113","STD_REPORT_DATE":"2021-12-31 00:00:00","REPORT_DATE":"2021-12-31 00:00:00","DATE_TYPE_CODE":"001","REPORT_TYPE":"2021年年报","PER_NETCASH_OPERATE":0.031113019971,"PER_OI":0.681952329604,"BPS":1.037098066625,"BASIC_EPS":0.0727664,"DILUTED_EPS":0.0727664,"OPERATE_INCOME":1430154096,"OPERATE_INCOME_YOY":12.8540054814,"GROSS_PROFIT":529417257.6,"GROSS_PROFIT_YOY":2.23833097433,"HOLDER_PROFIT":153328616,"HOLDER_PROFIT_YOY":11.3581976996,"GROSS_PROFIT_RATIO":37.018196785978,"EPS_TTM":0.073112965357,"OPERATE_INCOME_QOQ":14.267202847558,"NET_PROFIT_RATIO":11.4054344533,"ROE_AVG":7.335935050561,"GROSS_PROFIT_QOQ":4.55197516565,"ROA":4.304375229237,"HOLDER_PROFIT_QOQ":-14.060693227539,"ROE_YEARLY":7.335935050561,"ROIC_YEARLY":5.661974947946,"TOTAL_ASSETS":3611062851.2,"TOTAL_LIABILITIES":1344762316.8,"TAX_EBT":13.57583476287,"OCF_SALES":4.562345287301,"TOTAL_PARENT_EQUITY":2174946816,"DEBT_ASSET_RATIO":37.2400695367,"OPERATE_PROFIT":149001059.2,"PRETAX_PROFIT":188738054.4,"NETCASH_OPERATE":65248568,"NETCASH_INVEST":102322640,"NETCASH_FINANCE":-259279764.8,"END_CASH":693359956.8,"DIVI_RATIO":0.309869800648,"DIVIDEND_RATE":9.803921568627,"CURRENT_RATIO":2.274376491853,"COMMON_ACS":5000000000,"CURRENTDEBT_DEBT":75.751352166385,"ISSUED_COMMON_SHARES":2097146727,"HK_COMMON_SHARES":2097146727,"PER_SHARES":4000,"TOTAL_MARKET_CAP":534772415.385,"HKSK_MARKET_CAP":534772415.385,"PE_TTM":2.989760132528,"PB_TTM":0.202294586595,"REPORT_DATE_SQ":"2020-12-31 00:00:00","REPORT_TYPE_SQ":"2020年年报","OPERATE_INCOME_SQ":1304521800.64,"DPS_HKD":0.025,"OPERATE_INCOME_QOQ_SQ":16.744833385392,"NET_PROFIT_RATIO_SQ":11.8577319907,"HOLDER_PROFIT_SQ":141738067.48,"HOLDER_PROFIT_QOQ_SQ":120.203387748756,"ROE_AVG_SQ":7.256055958928,"PE_TTM_SQ":3.31606205309,"PB_TTM_SQ":0.205657226992,"ROA_SQ":4.0429601881,"START_DATE":"2021-01-01 00:00:00","FISCAL_YEAR":"12-31","CURRENCY":"HKD","IS_CNY_CODE":0,"DPS_HKD_LY":0.025,"ORG_TYPE":"一般企业","PREMIUM_INCOME":null,"PREMIUM_INCOME_YOY":null,"NET_INTEREST_INCOME":null,"NET_INTEREST_INCOME_YOY":null,"FEE_COMMISSION_INCOME":null,"FEE_COMMISSION_INCOME_YOY":null,"ACCOUNTS_RECE_TDAYS":2.301174260463,"INVENTORY_TDAYS":2.498277122982,"CURRENT_ASSETS_TDAYS":0.617808551083,"TOTAL_ASSETS_TDAYS":0.401485386447,"PREMIUM_EXPENSE":null,"LOAN_DEPOSIT":null,"LOAN_EQUITY":null,"LOAN_ASSETS":null,"DEPOSIT_EQUITY":null,"DEPOSIT_ASSETS":null,"EQUITY_MULTIPLIER":1.593373339674,"EQUITY_RATIO":0.618296643811},{"SECUCODE":"01522.HK","SECURITY_CODE":"01522","SECURITY_NAME_ABBR":"京投交通科技","ORG_CODE":"10205113","STD_REPORT_DATE":"2021-06-30 00:00:00","REPORT_DATE":"2021-06-30 00:00:00","DATE_TYPE_CODE":"002","REPORT_TYPE":"2021年中报","PER_NETCASH_OPERATE":-0.000438428265,"PER_OI":0.205633568795,"BPS":0.994432276898,"BASIC_EPS":0.031785456,"DILUTED_EPS":0.031785456,"OPERATE_INCOME":431243765.76,"OPERATE_INCOME_YOY":-2.2238991812,"GROSS_PROFIT":191890961.28,"GROSS_PROFIT_YOY":-5.635136856997,"HOLDER_PROFIT":66583873.68,"HOLDER_PROFIT_YOY":144.4060963318,"GROSS_PROFIT_RATIO":44.497098048901,"EPS_TTM":0.085075116501,"OPERATE_INCOME_QOQ":-4.05775055764,"NET_PROFIT_RATIO":15.021455915,"ROE_AVG":3.227335781297,"GROSS_PROFIT_QOQ":-2.212912943686,"ROA":1.814079159468,"HOLDER_PROFIT_QOQ":25.876558988061,"ROE_YEARLY":6.454671562595,"ROIC_YEARLY":4.896664655482,"TOTAL_ASSETS":3765317598.96,"TOTAL_LIABILITIES":1599443313.84,"TAX_EBT":11.141040713136,"OCF_SALES":-0.213208508274,"TOTAL_PARENT_EQUITY":2085470394.72,"DEBT_ASSET_RATIO":42.4783108411,"OPERATE_PROFIT":49130995.68,"PRETAX_PROFIT":72901025.04,"NETCASH_OPERATE":-919448.4,"NETCASH_INVEST":143364887.76,"NETCASH_FINANCE":-33386377.92,"END_CASH":900207382.08,"DIVI_RATIO":0.266299958574,"DIVIDEND_RATE":9.803921568627,"CURRENT_RATIO":1.623030757689,"COMMON_ACS":5000000000,"CURRENTDEBT_DEBT":96.669429093295,"ISSUED_COMMON_SHARES":2097146727,"HK_COMMON_SHARES":2097146727,"PER_SHARES":4000,"TOTAL_MARKET_CAP":534772415.385,"HKSK_MARKET_CAP":534772415.385,"PE_TTM":2.989760132528,"PB_TTM":0.202294586595,"REPORT_DATE_SQ":"2020-06-30 00:00:00","REPORT_TYPE_SQ":"2020年中报","OPERATE_INCOME_SQ":484178006.4,"DPS_HKD":0.025,"OPERATE_INCOME_QOQ_SQ":4.479455031332,"NET_PROFIT_RATIO_SQ":6.5766139682,"HOLDER_PROFIT_SQ":29906939.04,"HOLDER_PROFIT_QOQ_SQ":-25.822558547656,"ROE_AVG_SQ":1.510974304069,"PE_TTM_SQ":3.31606205309,"PB_TTM_SQ":0.205657226992,"ROA_SQ":0.819418575957,"START_DATE":"2021-01-01 00:00:00","FISCAL_YEAR":"12-31","CURRENCY":"HKD","IS_CNY_CODE":0,"DPS_HKD_LY":0.025,"ORG_TYPE":"一般企业","PREMIUM_INCOME":null,"PREMIUM_INCOME_YOY":null,"NET_INTEREST_INCOME":null,"NET_INTEREST_INCOME_YOY":null,"FEE_COMMISSION_INCOME":null,"FEE_COMMISSION_INCOME_YOY":null,"ACCOUNTS_RECE_TDAYS":0.652403562923,"INVENTORY_TDAYS":0.658913645516,"CURRENT_ASSETS_TDAYS":0.177343920022,"TOTAL_ASSETS_TDAYS":0.117492462496,"PREMIUM_EXPENSE":null,"LOAN_DEPOSIT":null,"LOAN_EQUITY":null,"LOAN_ASSETS":null,"DEPOSIT_EQUITY":null,"DEPOSIT_ASSETS":null,"EQUITY_MULTIPLIER":1.73847467733,"EQUITY_RATIO":0.766946065449},{"SECUCODE":"01522.HK","SECURITY_CODE":"01522","SECURITY_NAME_ABBR":"京投交通科技","ORG_CODE":"10205113","STD_REPORT_DATE":"2020-12-31 00:00:00","REPORT_DATE":"2020-12-31 00:00:00","DATE_TYPE_CODE":"001","REPORT_TYPE":"2020年年报","PER_NETCASH_OPERATE":0.129060497253,"PER_OI":0.62204603228,"BPS":0.984299546285,"BASIC_EPS":0.0673312,"DILUTED_EPS":0.0673312,"OPERATE_INCOME":1304521800.64,"OPERATE_INCOME_YOY":29.8205851733,"GROSS_PROFIT":517826584.76,"GROSS_PROFIT_YOY":36.088034923815,"HOLDER_PROFIT":141738067.48,"HOLDER_PROFIT_YOY":73.8484566945,"GROSS_PROFIT_RATIO":39.694743660547,"EPS_TTM":0.067586147242,"OPERATE_INCOME_QOQ":16.744833385392,"NET_PROFIT_RATIO":11.8577319907,"ROE_AVG":7.256055958928,"GROSS_PROFIT_QOQ":21.286293773385,"ROA":4.0429601881,"HOLDER_PROFIT_QOQ":120.203387748756,"ROE_YEARLY":7.256055958928,"ROIC_YEARLY":5.33571381612,"TOTAL_ASSETS":3616552329.2,"TOTAL_LIABILITIES":1467842042.64,"TAX_EBT":13.673768459024,"OCF_SALES":20.747740610177,"TOTAL_PARENT_EQUITY":2064220571.88,"DEBT_ASSET_RATIO":40.5867773788,"OPERATE_PROFIT":204729771.64,"PRETAX_PROFIT":179188522.56,"NETCASH_OPERATE":270658799.4,"NETCASH_INVEST":-124826994.96,"NETCASH_FINANCE":-60130969.8,"END_CASH":794919721.96,"DIVI_RATIO":0.33520922444,"DIVIDEND_RATE":9.803921568627,"CURRENT_RATIO":1.709851590294,"COMMON_ACS":5000000000,"CURRENTDEBT_DEBT":94.865214165385,"ISSUED_COMMON_SHARES":2097146727,"HK_COMMON_SHARES":2097146727,"PER_SHARES":4000,"TOTAL_MARKET_CAP":534772415.385,"HKSK_MARKET_CAP":534772415.385,"PE_TTM":2.989760132528,"PB_TTM":0.202294586595,"REPORT_DATE_SQ":"2019-12-31 00:00:00","REPORT_TYPE_SQ":"2019年年报","OPERATE_INCOME_SQ":1069504885.86,"DPS_HKD":0.025,"OPERATE_INCOME_QOQ_SQ":49.012786556283,"NET_PROFIT_RATIO_SQ":9.2536708386,"HOLDER_PROFIT_SQ":86774208.6,"HOLDER_PROFIT_QOQ_SQ":11.88996258512,"ROE_AVG_SQ":4.445590733052,"PE_TTM_SQ":3.31606205309,"PB_TTM_SQ":0.205657226992,"ROA_SQ":2.73749314355,"START_DATE":"2020-01-01 00:00:00","FISCAL_YEAR":"12-31","CURRENCY":"HKD","IS_CNY_CODE":0,"DPS_HKD_LY":0.02,"ORG_TYPE":"一般企业","PREMIUM_INCOME":null,"PREMIUM_INCOME_YOY":null,"NET_INTEREST_INCOME":null,"NET_INTEREST_INCOME_YOY":null,"FEE_COMMISSION_INCOME":null,"FEE_COMMISSION_INCOME_YOY":null,"ACCOUNTS_RECE_TDAYS":2.490585441258,"INVENTORY_TDAYS":2.047079564618,"CURRENT_ASSETS_TDAYS":0.581137848032,"TOTAL_ASSETS_TDAYS":0.372103966017,"PREMIUM_EXPENSE":null,"LOAN_DEPOSIT":null,"LOAN_EQUITY":null,"LOAN_ASSETS":null,"DEPOSIT_EQUITY":null,"DEPOSIT_ASSETS":null,"EQUITY_MULTIPLIER":1.683127014294,"EQUITY_RATIO":0.711087789084},{"SECUCODE":"01522.HK","SECURITY_CODE":"01522","SECURITY_NAME_ABBR":"京投交通科技","ORG_CODE":"10205113","STD_REPORT_DATE":"2020-06-30 00:00:00","REPORT_DATE":"2020-06-30 00:00:00","DATE_TYPE_CODE":"002","REPORT_TYPE":"2020年中报","PER_NETCASH_OPERATE":-0.005550770404,"PER_OI":0.230547042793,"BPS":0.934084509271,"BASIC_EPS":0.014249664,"DILUTED_EPS":0.014249664,"OPERATE_INCOME":484178006.4,"OPERATE_INCOME_YOY":6.8770629475,"GROSS_PROFIT":203350012.8,"GROSS_PROFIT_YOY":29.594220870873,"HOLDER_PROFIT":29906939.04,"HOLDER_PROFIT_YOY":-44.9462763364,"GROSS_PROFIT_RATIO":41.999018978984,"EPS_TTM":0.030649049389,"OPERATE_INCOME_QOQ":4.479455031332,"NET_PROFIT_RATIO":6.5766139682,"ROE_AVG":1.510974304069,"GROSS_PROFIT_QOQ":12.203968552362,"ROA":0.819418575957,"HOLDER_PROFIT_QOQ":-25.822558547656,"ROE_YEARLY":3.021948608137,"ROIC_YEARLY":2.104004297847,"TOTAL_ASSETS":3614874859.2,"TOTAL_LIABILITIES":1578631670.88,"TAX_EBT":17.676230959972,"OCF_SALES":-2.407651963929,"TOTAL_PARENT_EQUITY":1958912271.36,"DEBT_ASSET_RATIO":43.6704376325,"OPERATE_PROFIT":82140178.56,"PRETAX_PROFIT":38679616.8,"NETCASH_OPERATE":-11657321.28,"NETCASH_INVEST":-71963543.52,"NETCASH_FINANCE":-4363502.88,"END_CASH":657971841.12,"DIVI_RATIO":0.739190952127,"DIVIDEND_RATE":9.803921568627,"CURRENT_RATIO":2.377737958332,"COMMON_ACS":5000000000,"CURRENTDEBT_DEBT":60.579310472525,"ISSUED_COMMON_SHARES":2097146727,"HK_COMMON_SHARES":2097146727,"PER_SHARES":4000,"TOTAL_MARKET_CAP":534772415.385,"HKSK_MARKET_CAP":534772415.385,"PE_TTM":2.989760132528,"PB_TTM":0.202294586595,"REPORT_DATE_SQ":"2019-06-30 00:00:00","REPORT_TYPE_SQ":"2019年中报","OPERATE_INCOME_SQ":436270015.98,"DPS_HKD":0.025,"OPERATE_INCOME_QOQ_SQ":80.743319258779,"NET_PROFIT_RATIO_SQ":12.5140890367,"HOLDER_PROFIT_SQ":52314259.86,"HOLDER_PROFIT_QOQ_SQ":86.739532579717,"ROE_AVG_SQ":2.733220014077,"PE_TTM_SQ":3.31606205309,"PB_TTM_SQ":0.205657226992,"ROA_SQ":1.821973203321,"START_DATE":"2020-01-01 00:00:00","FISCAL_YEAR":"12-31","CURRENCY":"HKD","IS_CNY_CODE":0,"DPS_HKD_LY":0.02,"ORG_TYPE":"一般企业","PREMIUM_INCOME":null,"PREMIUM_INCOME_YOY":null,"NET_INTEREST_INCOME":null,"NET_INTEREST_INCOME_YOY":null,"FEE_COMMISSION_INCOME":null,"FEE_COMMISSION_INCOME_YOY":null,"ACCOUNTS_RECE_TDAYS":0.879309372377,"INVENTORY_TDAYS":0.619934949579,"CURRENT_ASSETS_TDAYS":0.212247156661,"TOTAL_ASSETS_TDAYS":0.132659665365,"PREMIUM_EXPENSE":null,"LOAN_DEPOSIT":null,"LOAN_EQUITY":null,"LOAN_ASSETS":null,"DEPOSIT_EQUITY":null,"DEPOSIT_ASSETS":null,"EQUITY_MULTIPLIER":1.775266765745,"EQUITY_RATIO":0.805871551248}],"count":34},"success":true,"message":"ok","code":0}