{"version":"9148d75c921f4ee6a6c308e6d2c78e56","result":{"pages":4,"data":[{"SECUCODE":"01520.HK","SECURITY_CODE":"01520","SECURITY_NAME_ABBR":"天机控股","ORG_CODE":"10355401","STD_REPORT_DATE":"2024-06-30 00:00:00","REPORT_DATE":"2024-06-30 00:00:00","DATE_TYPE_CODE":"002","REPORT_TYPE":"2024年中报","PER_NETCASH_OPERATE":-0.018299493583,"PER_OI":0.01094728954,"BPS":0.211188576465,"BASIC_EPS":-0.011591036,"DILUTED_EPS":-0.011591036,"OPERATE_INCOME":27316512.4,"OPERATE_INCOME_YOY":-6.2695728423,"GROSS_PROFIT":5038906.28,"GROSS_PROFIT_YOY":-11.835622738904,"HOLDER_PROFIT":-25702894.16,"HOLDER_PROFIT_YOY":-32.5208225495,"GROSS_PROFIT_RATIO":18.446374874708,"EPS_TTM":-0.036495804126,"OPERATE_INCOME_QOQ":-3.533908025097,"NET_PROFIT_RATIO":-94.9782826595,"ROE_AVG":-18.57204564864,"GROSS_PROFIT_QOQ":-6.645150916729,"ROA":-12.201642078811,"HOLDER_PROFIT_QOQ":-7.191733990047,"ROE_YEARLY":-37.14409129728,"ROIC_YEARLY":-26.750001187327,"TOTAL_ASSETS":225819849,"TOTAL_LIABILITIES":83903585.08,"TAX_EBT":-0.084498116396,"OCF_SALES":-167.160040093552,"TOTAL_PARENT_EQUITY":141611428.8,"DEBT_ASSET_RATIO":37.1550975043,"OPERATE_PROFIT":-22893665.12,"PRETAX_PROFIT":-25922850.04,"NETCASH_OPERATE":-45662293.08,"NETCASH_INVEST":-14079001.68,"NETCASH_FINANCE":39968995.24,"END_CASH":7593497.6,"DIVI_RATIO":null,"DIVIDEND_RATE":null,"CURRENT_RATIO":2.181844291269,"COMMON_ACS":2500000000,"CURRENTDEBT_DEBT":98.473855391544,"ISSUED_COMMON_SHARES":670544928,"HK_COMMON_SHARES":670544928,"PER_SHARES":6000,"TOTAL_MARKET_CAP":341977913.28,"HKSK_MARKET_CAP":341977913.28,"PE_TTM":-3.397356579376,"PB_TTM":2.204033986079,"REPORT_DATE_SQ":"2023-06-30 00:00:00","REPORT_TYPE_SQ":"2023年中报","OPERATE_INCOME_SQ":29440665.36,"DPS_HKD":null,"OPERATE_INCOME_QOQ_SQ":11.966460388698,"NET_PROFIT_RATIO_SQ":-66.7794062383,"HOLDER_PROFIT_SQ":-19592996.98,"HOLDER_PROFIT_QOQ_SQ":26.269825182786,"ROE_AVG_SQ":-10.379683153712,"PE_TTM_SQ":-6.019411581228,"PB_TTM_SQ":1.38190678578,"ROA_SQ":-7.755103530322,"START_DATE":"2024-01-01 00:00:00","FISCAL_YEAR":"12-31","CURRENCY":"HKD","IS_CNY_CODE":0,"DPS_HKD_LY":null,"ORG_TYPE":"一般企业","PREMIUM_INCOME":null,"PREMIUM_INCOME_YOY":null,"NET_INTEREST_INCOME":null,"NET_INTEREST_INCOME_YOY":null,"FEE_COMMISSION_INCOME":null,"FEE_COMMISSION_INCOME_YOY":null,"ACCOUNTS_RECE_TDAYS":0.810583902069,"INVENTORY_TDAYS":1.517642304225,"CURRENT_ASSETS_TDAYS":0.166074336715,"TOTAL_ASSETS_TDAYS":0.129676566799,"PREMIUM_EXPENSE":null,"LOAN_DEPOSIT":null,"LOAN_EQUITY":null,"LOAN_ASSETS":null,"DEPOSIT_EQUITY":null,"DEPOSIT_ASSETS":null,"EQUITY_MULTIPLIER":1.591218953786,"EQUITY_RATIO":0.592491621552},{"SECUCODE":"01520.HK","SECURITY_CODE":"01520","SECURITY_NAME_ABBR":"天机控股","ORG_CODE":"10355401","STD_REPORT_DATE":"2023-12-31 00:00:00","REPORT_DATE":"2023-12-31 00:00:00","DATE_TYPE_CODE":"001","REPORT_TYPE":"2023年年报","PER_NETCASH_OPERATE":-0.011760509065,"PER_OI":0.028126164464,"BPS":0.200169977067,"BASIC_EPS":-0.043317316,"DILUTED_EPS":-0.043317316,"OPERATE_INCOME":60107760.16,"OPERATE_INCOME_YOY":-25.9897344343,"GROSS_PROFIT":10179569.26,"GROSS_PROFIT_YOY":-18.94844857024,"HOLDER_PROFIT":-84957218.78,"HOLDER_PROFIT_YOY":-42.2702784733,"GROSS_PROFIT_RATIO":16.935532505126,"EPS_TTM":-0.039753946935,"OPERATE_INCOME_QOQ":-32.94133433769,"NET_PROFIT_RATIO":-141.7470751417,"ROE_AVG":-52.587471427169,"GROSS_PROFIT_QOQ":-21.535114574807,"ROA":-37.308728544765,"HOLDER_PROFIT_QOQ":-95.758131910329,"ROE_YEARLY":-52.587471427169,"ROIC_YEARLY":-44.8735867661,"TOTAL_ASSETS":194098730.7,"TOTAL_LIABILITIES":59332942.06,"TAX_EBT":0.656177685732,"OCF_SALES":-41.813412133639,"TOTAL_PARENT_EQUITY":134222962.86,"DEBT_ASSET_RATIO":30.5684338306,"OPERATE_PROFIT":-79938572.42,"PRETAX_PROFIT":-85763754.58,"NETCASH_OPERATE":-25133105.48,"NETCASH_INVEST":-842784.6,"NETCASH_FINANCE":9283317.68,"END_CASH":28313031.46,"DIVI_RATIO":null,"DIVIDEND_RATE":null,"CURRENT_RATIO":4.17237758656,"COMMON_ACS":2500000000,"CURRENTDEBT_DEBT":59.639851541857,"ISSUED_COMMON_SHARES":670544928,"HK_COMMON_SHARES":670544928,"PER_SHARES":6000,"TOTAL_MARKET_CAP":455970551.04,"HKSK_MARKET_CAP":455970551.04,"PE_TTM":-4.529808772501,"PB_TTM":2.938711981439,"REPORT_DATE_SQ":"2022-12-31 00:00:00","REPORT_TYPE_SQ":"2022年年报","OPERATE_INCOME_SQ":80054857.4,"DPS_HKD":null,"OPERATE_INCOME_QOQ_SQ":-25.518012201876,"NET_PROFIT_RATIO_SQ":-73.5047980362,"HOLDER_PROFIT_SQ":-58862026.65,"HOLDER_PROFIT_QOQ_SQ":-5.466386393942,"ROE_AVG_SQ":-32.565748018849,"PE_TTM_SQ":-7.269597063483,"PB_TTM_SQ":1.668918195134,"ROA_SQ":-25.188979463117,"START_DATE":"2023-01-01 00:00:00","FISCAL_YEAR":"12-31","CURRENCY":"HKD","IS_CNY_CODE":0,"DPS_HKD_LY":null,"ORG_TYPE":"一般企业","PREMIUM_INCOME":null,"PREMIUM_INCOME_YOY":null,"NET_INTEREST_INCOME":null,"NET_INTEREST_INCOME_YOY":null,"FEE_COMMISSION_INCOME":null,"FEE_COMMISSION_INCOME_YOY":null,"ACCOUNTS_RECE_TDAYS":1.875606204137,"INVENTORY_TDAYS":7.346489765984,"CURRENT_ASSETS_TDAYS":0.330834418192,"TOTAL_ASSETS_TDAYS":0.263961572595,"PREMIUM_EXPENSE":null,"LOAN_DEPOSIT":null,"LOAN_EQUITY":null,"LOAN_ASSETS":null,"DEPOSIT_EQUITY":null,"DEPOSIT_ASSETS":null,"EQUITY_MULTIPLIER":1.440267093443,"EQUITY_RATIO":0.442047625799},{"SECUCODE":"01520.HK","SECURITY_CODE":"01520","SECURITY_NAME_ABBR":"天机控股","ORG_CODE":"10355401","STD_REPORT_DATE":"2023-06-30 00:00:00","REPORT_DATE":"2023-06-30 00:00:00","DATE_TYPE_CODE":"002","REPORT_TYPE":"2023年中报","PER_NETCASH_OPERATE":-0.013223805173,"PER_OI":0.014540220612,"BPS":0.276425595721,"BASIC_EPS":-0.009772988,"DILUTED_EPS":-0.009772988,"OPERATE_INCOME":29440665.36,"OPERATE_INCOME_YOY":37.4956941095,"GROSS_PROFIT":5715354.02,"GROSS_PROFIT_YOY":7.809960359686,"HOLDER_PROFIT":-19592996.98,"HOLDER_PROFIT_YOY":48.1581772053,"GROSS_PROFIT_RATIO":19.413127896781,"EPS_TTM":-0.021434030764,"OPERATE_INCOME_QOQ":11.966460388698,"NET_PROFIT_RATIO":-66.7794062383,"ROE_AVG":-10.379683153712,"GROSS_PROFIT_QOQ":3.296590558375,"ROA":-7.755103530322,"HOLDER_PROFIT_QOQ":26.269825182786,"ROE_YEARLY":-20.759366307424,"ROIC_YEARLY":-18.084533770746,"TOTAL_ASSETS":239418844.42,"TOTAL_LIABILITIES":53330089.14,"TAX_EBT":null,"OCF_SALES":-90.9463860704,"TOTAL_PARENT_EQUITY":185355781.18,"DEBT_ASSET_RATIO":22.2748085136,"OPERATE_PROFIT":-16721951.26,"PRETAX_PROFIT":-19660301.52,"NETCASH_OPERATE":-26775221.18,"NETCASH_INVEST":297799.54,"NETCASH_FINANCE":3096008.84,"END_CASH":22440993.2,"DIVI_RATIO":null,"DIVIDEND_RATE":null,"CURRENT_RATIO":6.315435233316,"COMMON_ACS":2500000000,"CURRENTDEBT_DEBT":57.536780595751,"ISSUED_COMMON_SHARES":670544928,"HK_COMMON_SHARES":670544928,"PER_SHARES":6000,"TOTAL_MARKET_CAP":455970551.04,"HKSK_MARKET_CAP":455970551.04,"PE_TTM":-4.529808772501,"PB_TTM":2.938711981439,"REPORT_DATE_SQ":"2022-06-30 00:00:00","REPORT_TYPE_SQ":"2022年中报","OPERATE_INCOME_SQ":19860932.56,"DPS_HKD":null,"OPERATE_INCOME_QOQ_SQ":-5.977355689598,"NET_PROFIT_RATIO_SQ":-176.3994143989,"HOLDER_PROFIT_SQ":-35055948.48,"HOLDER_PROFIT_QOQ_SQ":-47.526954387368,"ROE_AVG_SQ":-21.561686347737,"PE_TTM_SQ":-7.269597063483,"PB_TTM_SQ":1.668918195134,"ROA_SQ":-17.585170663069,"START_DATE":"2023-01-01 00:00:00","FISCAL_YEAR":"12-31","CURRENCY":"HKD","IS_CNY_CODE":0,"DPS_HKD_LY":null,"ORG_TYPE":"一般企业","PREMIUM_INCOME":null,"PREMIUM_INCOME_YOY":null,"NET_INTEREST_INCOME":null,"NET_INTEREST_INCOME_YOY":null,"FEE_COMMISSION_INCOME":null,"FEE_COMMISSION_INCOME_YOY":null,"ACCOUNTS_RECE_TDAYS":0.763622015233,"INVENTORY_TDAYS":3.616216975829,"CURRENT_ASSETS_TDAYS":0.142478833648,"TOTAL_ASSETS_TDAYS":0.116529088481,"PREMIUM_EXPENSE":null,"LOAN_DEPOSIT":null,"LOAN_EQUITY":null,"LOAN_ASSETS":null,"DEPOSIT_EQUITY":null,"DEPOSIT_ASSETS":null,"EQUITY_MULTIPLIER":1.286584157435,"EQUITY_RATIO":0.287717430773},{"SECUCODE":"01520.HK","SECURITY_CODE":"01520","SECURITY_NAME_ABBR":"天机控股","ORG_CODE":"10355401","STD_REPORT_DATE":"2022-12-31 00:00:00","REPORT_DATE":"2022-12-31 00:00:00","DATE_TYPE_CODE":"001","REPORT_TYPE":"2022年年报","PER_NETCASH_OPERATE":-0.036479926929,"PER_OI":0.040357627565,"BPS":0.277663799792,"BASIC_EPS":-0.031889739,"DILUTED_EPS":-0.031889739,"OPERATE_INCOME":80054857.4,"OPERATE_INCOME_YOY":-35.9023873893,"GROSS_PROFIT":12559376.2,"GROSS_PROFIT_YOY":-60.305764334288,"HOLDER_PROFIT":-58862026.65,"HOLDER_PROFIT_YOY":-42.4110133777,"GROSS_PROFIT_RATIO":15.688462396786,"EPS_TTM":-0.029673799022,"OPERATE_INCOME_QOQ":-25.518012201876,"NET_PROFIT_RATIO":-73.5047980362,"ROE_AVG":-32.565748018849,"GROSS_PROFIT_QOQ":-64.039518790081,"ROA":-25.188979463117,"HOLDER_PROFIT_QOQ":-5.466386393942,"ROE_YEARLY":-32.565748018849,"ROIC_YEARLY":-28.966299395354,"TOTAL_ASSETS":257594949.71,"TOTAL_LIABILITIES":70633538.71,"TAX_EBT":-12.793863328939,"OCF_SALES":-90.391653648739,"TOTAL_PARENT_EQUITY":186186052.64,"DEBT_ASSET_RATIO":27.4203895649,"OPERATE_PROFIT":-48461684.04,"PRETAX_PROFIT":-52169647.81,"NETCASH_OPERATE":-72362909.43,"NETCASH_INVEST":66082328.06,"NETCASH_FINANCE":41684444.55,"END_CASH":46460759.24,"DIVI_RATIO":null,"DIVIDEND_RATE":null,"CURRENT_RATIO":4.420056817127,"COMMON_ACS":2500000000,"CURRENTDEBT_DEBT":68.110480189192,"ISSUED_COMMON_SHARES":670544928,"HK_COMMON_SHARES":670544928,"PER_SHARES":6000,"TOTAL_MARKET_CAP":455970551.04,"HKSK_MARKET_CAP":455970551.04,"PE_TTM":-4.529808772501,"PB_TTM":2.938711981439,"REPORT_DATE_SQ":"2021-12-31 00:00:00","REPORT_TYPE_SQ":"2021年年报","OPERATE_INCOME_SQ":114315196.8,"DPS_HKD":null,"OPERATE_INCOME_QOQ_SQ":5.030084599709,"NET_PROFIT_RATIO_SQ":-33.0937361427,"HOLDER_PROFIT_SQ":-37831169.6,"HOLDER_PROFIT_QOQ_SQ":21.66269002496,"ROE_AVG_SQ":-21.289586410295,"PE_TTM_SQ":-7.269597063483,"PB_TTM_SQ":1.668918195134,"ROA_SQ":-17.846921694322,"START_DATE":"2022-01-01 00:00:00","FISCAL_YEAR":"12-31","CURRENCY":"HKD","IS_CNY_CODE":0,"DPS_HKD_LY":null,"ORG_TYPE":"一般企业","PREMIUM_INCOME":null,"PREMIUM_INCOME_YOY":null,"NET_INTEREST_INCOME":null,"NET_INTEREST_INCOME_YOY":null,"FEE_COMMISSION_INCOME":null,"FEE_COMMISSION_INCOME_YOY":null,"ACCOUNTS_RECE_TDAYS":2.693272828357,"INVENTORY_TDAYS":12.012718600954,"CURRENT_ASSETS_TDAYS":0.425381440706,"TOTAL_ASSETS_TDAYS":0.34258082396,"PREMIUM_EXPENSE":null,"LOAN_DEPOSIT":null,"LOAN_EQUITY":null,"LOAN_ASSETS":null,"DEPOSIT_EQUITY":null,"DEPOSIT_ASSETS":null,"EQUITY_MULTIPLIER":1.377797419971,"EQUITY_RATIO":0.379370730022},{"SECUCODE":"01520.HK","SECURITY_CODE":"01520","SECURITY_NAME_ABBR":"天机控股","ORG_CODE":"10355401","STD_REPORT_DATE":"2022-06-30 00:00:00","REPORT_DATE":"2022-06-30 00:00:00","DATE_TYPE_CODE":"002","REPORT_TYPE":"2022年中报","PER_NETCASH_OPERATE":-0.012585179184,"PER_OI":0.011093835929,"BPS":0.23463285352,"BASIC_EPS":-0.01966937,"DILUTED_EPS":-0.01966937,"OPERATE_INCOME":19860932.56,"OPERATE_INCOME_YOY":-27.6082416384,"GROSS_PROFIT":5301322.81,"GROSS_PROFIT_YOY":162.945506029512,"HOLDER_PROFIT":-35055948.48,"HOLDER_PROFIT_YOY":-99.7466133905,"GROSS_PROFIT_RATIO":26.692214950052,"EPS_TTM":-0.031174769203,"OPERATE_INCOME_QOQ":-5.977355689598,"NET_PROFIT_RATIO":-176.3994143989,"ROE_AVG":-21.561686347737,"GROSS_PROFIT_QOQ":10.382937964588,"ROA":-17.585170663069,"HOLDER_PROFIT_QOQ":-47.526954387368,"ROE_YEARLY":-43.123372695474,"ROIC_YEARLY":-37.945805591619,"TOTAL_ASSETS":197873007.01,"TOTAL_LIABILITIES":39794556.27,"TAX_EBT":null,"OCF_SALES":-113.442990010334,"TOTAL_PARENT_EQUITY":157331869.87,"DEBT_ASSET_RATIO":20.1111596126,"OPERATE_PROFIT":-35802529.35,"PRETAX_PROFIT":-35034568.73,"NETCASH_OPERATE":-22530835.74,"NETCASH_INVEST":-3171044.52,"NETCASH_FINANCE":28036548.96,"END_CASH":15289942.01,"DIVI_RATIO":null,"DIVIDEND_RATE":null,"CURRENT_RATIO":5.832733003152,"COMMON_ACS":2500000000,"CURRENTDEBT_DEBT":66.821395568736,"ISSUED_COMMON_SHARES":670544928,"HK_COMMON_SHARES":670544928,"PER_SHARES":6000,"TOTAL_MARKET_CAP":455970551.04,"HKSK_MARKET_CAP":455970551.04,"PE_TTM":-4.529808772501,"PB_TTM":2.938711981439,"REPORT_DATE_SQ":"2021-06-30 00:00:00","REPORT_TYPE_SQ":"2021年中报","OPERATE_INCOME_SQ":26693958.48,"DPS_HKD":null,"OPERATE_INCOME_QOQ_SQ":12.968412794282,"NET_PROFIT_RATIO_SQ":-63.9693276394,"HOLDER_PROFIT_SQ":-17075945.76,"HOLDER_PROFIT_QOQ_SQ":15.761236116427,"ROE_AVG_SQ":-8.991058011207,"PE_TTM_SQ":-7.269597063483,"PB_TTM_SQ":1.668918195134,"ROA_SQ":-7.38653133211,"START_DATE":"2022-01-01 00:00:00","FISCAL_YEAR":"12-31","CURRENCY":"HKD","IS_CNY_CODE":0,"DPS_HKD_LY":null,"ORG_TYPE":"一般企业","PREMIUM_INCOME":null,"PREMIUM_INCOME_YOY":null,"NET_INTEREST_INCOME":null,"NET_INTEREST_INCOME_YOY":null,"FEE_COMMISSION_INCOME":null,"FEE_COMMISSION_INCOME_YOY":null,"ACCOUNTS_RECE_TDAYS":0.984109496165,"INVENTORY_TDAYS":2.792356896835,"CURRENT_ASSETS_TDAYS":0.127368204566,"TOTAL_ASSETS_TDAYS":0.099628708889,"PREMIUM_EXPENSE":null,"LOAN_DEPOSIT":null,"LOAN_EQUITY":null,"LOAN_ASSETS":null,"DEPOSIT_EQUITY":null,"DEPOSIT_ASSETS":null,"EQUITY_MULTIPLIER":1.251739285676,"EQUITY_RATIO":0.252933854424},{"SECUCODE":"01520.HK","SECURITY_CODE":"01520","SECURITY_NAME_ABBR":"天机控股","ORG_CODE":"10355401","STD_REPORT_DATE":"2021-12-31 00:00:00","REPORT_DATE":"2021-12-31 00:00:00","DATE_TYPE_CODE":"001","REPORT_TYPE":"2021年年报","PER_NETCASH_OPERATE":-0.02844280426,"PER_OI":0.067642128284,"BPS":0.239297497453,"BASIC_EPS":-0.02240224,"DILUTED_EPS":-0.02240224,"OPERATE_INCOME":114315196.8,"OPERATE_INCOME_YOY":22.1395251323,"GROSS_PROFIT":31640302.4,"GROSS_PROFIT_YOY":50.633608127352,"HOLDER_PROFIT":-37831169.6,"HOLDER_PROFIT_YOY":32.0692945754,"GROSS_PROFIT_RATIO":27.678124418887,"EPS_TTM":-0.022385307456,"OPERATE_INCOME_QOQ":5.030084599709,"NET_PROFIT_RATIO":-33.0937361427,"ROE_AVG":-21.289586410295,"GROSS_PROFIT_QOQ":37.261674948716,"ROA":-17.846921694322,"HOLDER_PROFIT_QOQ":21.66269002496,"ROE_YEARLY":-21.289586410295,"ROIC_YEARLY":-21.793202193874,"TOTAL_ASSETS":191998643.2,"TOTAL_LIABILITIES":31538920,"TAX_EBT":-0.54541503694,"OCF_SALES":-42.048949348439,"TOTAL_PARENT_EQUITY":160459723.2,"DEBT_ASSET_RATIO":16.4266369149,"OPERATE_PROFIT":-37326710.4,"PRETAX_PROFIT":-37625952,"NETCASH_OPERATE":-48068339.2,"NETCASH_INVEST":-596848,"NETCASH_FINANCE":-758732.8,"END_CASH":12548524.8,"DIVI_RATIO":null,"DIVIDEND_RATE":null,"CURRENT_RATIO":4.869750019924,"COMMON_ACS":2500000000,"CURRENTDEBT_DEBT":97.583927414128,"ISSUED_COMMON_SHARES":670544928,"HK_COMMON_SHARES":670544928,"PER_SHARES":6000,"TOTAL_MARKET_CAP":455970551.04,"HKSK_MARKET_CAP":455970551.04,"PE_TTM":-4.529808772501,"PB_TTM":2.938711981439,"REPORT_DATE_SQ":"2020-12-31 00:00:00","REPORT_TYPE_SQ":"2020年年报","OPERATE_INCOME_SQ":96345897.36,"DPS_HKD":null,"OPERATE_INCOME_QOQ_SQ":-25.028937685106,"NET_PROFIT_RATIO_SQ":-59.5025944756,"HOLDER_PROFIT_SQ":-57328308.6,"HOLDER_PROFIT_QOQ_SQ":16.372316617099,"ROE_AVG_SQ":-25.059692212604,"PE_TTM_SQ":-7.269597063483,"PB_TTM_SQ":1.668918195134,"ROA_SQ":-21.461857664544,"START_DATE":"2021-01-01 00:00:00","FISCAL_YEAR":"12-31","CURRENCY":"HKD","IS_CNY_CODE":0,"DPS_HKD_LY":null,"ORG_TYPE":"一般企业","PREMIUM_INCOME":null,"PREMIUM_INCOME_YOY":null,"NET_INTEREST_INCOME":null,"NET_INTEREST_INCOME_YOY":null,"FEE_COMMISSION_INCOME":null,"FEE_COMMISSION_INCOME_YOY":null,"ACCOUNTS_RECE_TDAYS":5.997940886277,"INVENTORY_TDAYS":11.243564796798,"CURRENT_ASSETS_TDAYS":0.673958102363,"TOTAL_ASSETS_TDAYS":0.539283978617,"PREMIUM_EXPENSE":null,"LOAN_DEPOSIT":null,"LOAN_EQUITY":null,"LOAN_ASSETS":null,"DEPOSIT_EQUITY":null,"DEPOSIT_ASSETS":null,"EQUITY_MULTIPLIER":1.196553498729,"EQUITY_RATIO":0.196553498729},{"SECUCODE":"01520.HK","SECURITY_CODE":"01520","SECURITY_NAME_ABBR":"天机控股","ORG_CODE":"10355401","STD_REPORT_DATE":"2021-06-30 00:00:00","REPORT_DATE":"2021-06-30 00:00:00","DATE_TYPE_CODE":"002","REPORT_TYPE":"2021年中报","PER_NETCASH_OPERATE":-0.027060324781,"PER_OI":0.015795241704,"BPS":0.270607045498,"BASIC_EPS":-0.010068168,"DILUTED_EPS":-0.010068168,"OPERATE_INCOME":26693958.48,"OPERATE_INCOME_YOY":106.3750402059,"GROSS_PROFIT":2016129.84,"GROSS_PROFIT_YOY":6788.43532540327,"HOLDER_PROFIT":-17075945.76,"HOLDER_PROFIT_YOY":28.2096130973,"GROSS_PROFIT_RATIO":7.552757083632,"EPS_TTM":-0.028575537586,"OPERATE_INCOME_QOQ":12.968412794282,"NET_PROFIT_RATIO":-63.9693276394,"ROE_AVG":-8.991058011207,"GROSS_PROFIT_QOQ":9.741927733019,"ROA":-7.38653133211,"HOLDER_PROFIT_QOQ":15.761236116427,"ROE_YEARLY":-17.982116022414,"ROIC_YEARLY":-17.766965495448,"TOTAL_ASSETS":226292476.8,"TOTAL_LIABILITIES":44838294.96,"TAX_EBT":-3.135993567193,"OCF_SALES":-171.319472585019,"TOTAL_PARENT_EQUITY":181454181.84,"DEBT_ASSET_RATIO":19.8143109281,"OPERATE_PROFIT":-16455214.08,"PRETAX_PROFIT":-16556727.84,"NETCASH_OPERATE":-45731948.88,"NETCASH_INVEST":-11197300.56,"NETCASH_FINANCE":4205332.32,"END_CASH":12553590.96,"DIVI_RATIO":null,"DIVIDEND_RATE":null,"CURRENT_RATIO":4.194610091743,"COMMON_ACS":2500000000,"CURRENTDEBT_DEBT":97.092063020766,"ISSUED_COMMON_SHARES":670544928,"HK_COMMON_SHARES":670544928,"PER_SHARES":6000,"TOTAL_MARKET_CAP":455970551.04,"HKSK_MARKET_CAP":455970551.04,"PE_TTM":-4.529808772501,"PB_TTM":2.938711981439,"REPORT_DATE_SQ":"2020-06-30 00:00:00","REPORT_TYPE_SQ":"2020年中报","OPERATE_INCOME_SQ":14199424.8,"DPS_HKD":null,"OPERATE_INCOME_QOQ_SQ":-9.609463830727,"NET_PROFIT_RATIO_SQ":-183.8919266645,"HOLDER_PROFIT_SQ":-26111595.84,"HOLDER_PROFIT_QOQ_SQ":0.198838347262,"ROE_AVG_SQ":-9.833183986075,"PE_TTM_SQ":-7.269597063483,"PB_TTM_SQ":1.668918195134,"ROA_SQ":-8.546208752196,"START_DATE":"2021-01-01 00:00:00","FISCAL_YEAR":"12-31","CURRENCY":"HKD","IS_CNY_CODE":0,"DPS_HKD_LY":null,"ORG_TYPE":"一般企业","PREMIUM_INCOME":null,"PREMIUM_INCOME_YOY":null,"NET_INTEREST_INCOME":null,"NET_INTEREST_INCOME_YOY":null,"FEE_COMMISSION_INCOME":null,"FEE_COMMISSION_INCOME_YOY":null,"ACCOUNTS_RECE_TDAYS":1.872686941801,"INVENTORY_TDAYS":2.006494824437,"CURRENT_ASSETS_TDAYS":0.142245259009,"TOTAL_ASSETS_TDAYS":0.11546989166,"PREMIUM_EXPENSE":null,"LOAN_DEPOSIT":null,"LOAN_EQUITY":null,"LOAN_ASSETS":null,"DEPOSIT_EQUITY":null,"DEPOSIT_ASSETS":null,"EQUITY_MULTIPLIER":1.247105327116,"EQUITY_RATIO":0.247105327115},{"SECUCODE":"01520.HK","SECURITY_CODE":"01520","SECURITY_NAME_ABBR":"天机控股","ORG_CODE":"10355401","STD_REPORT_DATE":"2020-12-31 00:00:00","REPORT_DATE":"2020-12-31 00:00:00","DATE_TYPE_CODE":"001","REPORT_TYPE":"2020年年报","PER_NETCASH_OPERATE":-0.010331753515,"PER_OI":0.057009406722,"BPS":0.299261106334,"BASIC_EPS":-0.033918092,"DILUTED_EPS":-0.033918092,"OPERATE_INCOME":96345897.36,"OPERATE_INCOME_YOY":-27.874037577,"GROSS_PROFIT":21004809.48,"GROSS_PROFIT_YOY":-27.169135302052,"HOLDER_PROFIT":-57328308.6,"HOLDER_PROFIT_YOY":11.1697965571,"GROSS_PROFIT_RATIO":21.801457099429,"EPS_TTM":-0.033922076095,"OPERATE_INCOME_QOQ":-25.028937685106,"NET_PROFIT_RATIO":-59.5025944756,"ROE_AVG":-25.059692212604,"GROSS_PROFIT_QOQ":-15.819811580066,"ROA":-21.461857664544,"HOLDER_PROFIT_QOQ":16.372316617099,"ROE_YEARLY":-25.059692212604,"ROIC_YEARLY":-29.92684694976,"TOTAL_ASSETS":238773268,"TOTAL_LIABILITIES":38105251,"TAX_EBT":-1.6065515081,"OCF_SALES":-18.122892534549,"TOTAL_PARENT_EQUITY":200668017,"DEBT_ASSET_RATIO":15.9587592527,"OPERATE_PROFIT":-56163478.84,"PRETAX_PROFIT":-56421862.32,"NETCASH_OPERATE":-17460663.44,"NETCASH_INVEST":3719207.16,"NETCASH_FINANCE":-5059939.68,"END_CASH":66108297.08,"DIVI_RATIO":null,"DIVIDEND_RATE":null,"CURRENT_RATIO":5.269236019475,"COMMON_ACS":2500000000,"CURRENTDEBT_DEBT":97.082274986196,"ISSUED_COMMON_SHARES":670544928,"HK_COMMON_SHARES":670544928,"PER_SHARES":6000,"TOTAL_MARKET_CAP":455970551.04,"HKSK_MARKET_CAP":455970551.04,"PE_TTM":-4.529808772501,"PB_TTM":2.938711981439,"REPORT_DATE_SQ":"2019-12-31 00:00:00","REPORT_TYPE_SQ":"2019年年报","OPERATE_INCOME_SQ":142172826.92,"DPS_HKD":null,"OPERATE_INCOME_QOQ_SQ":-17.943591147919,"NET_PROFIT_RATIO_SQ":-48.3133182958,"HOLDER_PROFIT_SQ":-68688410.4,"HOLDER_PROFIT_QOQ_SQ":-67.244768522349,"ROE_AVG_SQ":-22.303178377435,"PE_TTM_SQ":-7.269597063483,"PB_TTM_SQ":1.668918195134,"ROA_SQ":-19.695121168146,"START_DATE":"2020-01-01 00:00:00","FISCAL_YEAR":"12-31","CURRENCY":"HKD","IS_CNY_CODE":0,"DPS_HKD_LY":null,"ORG_TYPE":"一般企业","PREMIUM_INCOME":null,"PREMIUM_INCOME_YOY":null,"NET_INTEREST_INCOME":null,"NET_INTEREST_INCOME_YOY":null,"FEE_COMMISSION_INCOME":null,"FEE_COMMISSION_INCOME_YOY":null,"ACCOUNTS_RECE_TDAYS":5.295431941714,"INVENTORY_TDAYS":6.64121967505,"CURRENT_ASSETS_TDAYS":0.45783007247,"TOTAL_ASSETS_TDAYS":0.360687762503,"PREMIUM_EXPENSE":null,"LOAN_DEPOSIT":null,"LOAN_EQUITY":null,"LOAN_ASSETS":null,"DEPOSIT_EQUITY":null,"DEPOSIT_ASSETS":null,"EQUITY_MULTIPLIER":1.18989199958,"EQUITY_RATIO":0.189891999581},{"SECUCODE":"01520.HK","SECURITY_CODE":"01520","SECURITY_NAME_ABBR":"天机控股","ORG_CODE":"10355401","STD_REPORT_DATE":"2020-06-30 00:00:00","REPORT_DATE":"2020-06-30 00:00:00","DATE_TYPE_CODE":"002","REPORT_TYPE":"2020年中报","PER_NETCASH_OPERATE":-0.015131755172,"PER_OI":0.008402026509,"BPS":0.376279370918,"BASIC_EPS":-0.015437136,"DILUTED_EPS":-0.015437136,"OPERATE_INCOME":14199424.8,"OPERATE_INCOME_YOY":-50.9203422473,"GROSS_PROFIT":-30143.52,"GROSS_PROFIT_YOY":-100.781286812934,"HOLDER_PROFIT":-26111595.84,"HOLDER_PROFIT_YOY":4.1992023861,"GROSS_PROFIT_RATIO":-0.212286908974,"EPS_TTM":-0.040563213905,"OPERATE_INCOME_QOQ":-9.609463830727,"NET_PROFIT_RATIO":-183.8919266645,"ROE_AVG":-9.833183986075,"GROSS_PROFIT_QOQ":-13.482179043566,"ROA":-8.546208752196,"HOLDER_PROFIT_QOQ":0.198838347262,"ROE_YEARLY":-19.666367972151,"ROIC_YEARLY":-23.186219342803,"TOTAL_ASSETS":290401758.24,"TOTAL_LIABILITIES":38089534.56,"TAX_EBT":null,"OCF_SALES":-180.096494049534,"TOTAL_PARENT_EQUITY":252312223.68,"DEBT_ASSET_RATIO":13.1161514968,"OPERATE_PROFIT":-25943522.88,"PRETAX_PROFIT":-26111595.84,"NETCASH_OPERATE":-25572666.24,"NETCASH_INVEST":3816352.32,"NETCASH_FINANCE":-1957501.92,"END_CASH":68346321.12,"DIVI_RATIO":null,"DIVIDEND_RATE":null,"CURRENT_RATIO":5.793844423801,"COMMON_ACS":2500000000,"CURRENTDEBT_DEBT":98.098275738027,"ISSUED_COMMON_SHARES":670544928,"HK_COMMON_SHARES":670544928,"PER_SHARES":6000,"TOTAL_MARKET_CAP":455970551.04,"HKSK_MARKET_CAP":455970551.04,"PE_TTM":-4.529808772501,"PB_TTM":2.938711981439,"REPORT_DATE_SQ":"2019-06-30 00:00:00","REPORT_TYPE_SQ":"2019年中报","OPERATE_INCOME_SQ":27861471.18,"DPS_HKD":null,"OPERATE_INCOME_QOQ_SQ":-3.015873708901,"NET_PROFIT_RATIO_SQ":-94.2095791368,"HOLDER_PROFIT_SQ":-26248174.74,"HOLDER_PROFIT_QOQ_SQ":21.919090576177,"ROE_AVG_SQ":-8.119212758258,"PE_TTM_SQ":-7.269597063483,"PB_TTM_SQ":1.668918195134,"ROA_SQ":-7.014693972544,"START_DATE":"2020-01-01 00:00:00","FISCAL_YEAR":"12-31","CURRENCY":"HKD","IS_CNY_CODE":0,"DPS_HKD_LY":null,"ORG_TYPE":"一般企业","PREMIUM_INCOME":null,"PREMIUM_INCOME_YOY":null,"NET_INTEREST_INCOME":null,"NET_INTEREST_INCOME_YOY":null,"FEE_COMMISSION_INCOME":null,"FEE_COMMISSION_INCOME_YOY":null,"ACCOUNTS_RECE_TDAYS":1.108575503655,"INVENTORY_TDAYS":0.664377865444,"CURRENT_ASSETS_TDAYS":0.06150699051,"TOTAL_ASSETS_TDAYS":0.046474083486,"PREMIUM_EXPENSE":null,"LOAN_DEPOSIT":null,"LOAN_EQUITY":null,"LOAN_ASSETS":null,"DEPOSIT_EQUITY":null,"DEPOSIT_ASSETS":null,"EQUITY_MULTIPLIER":1.150961907452,"EQUITY_RATIO":0.150961907451}],"count":30},"success":true,"message":"ok","code":0}