{"version":"41e665d0a60fc617e9199b85e5f2b75d","result":{"pages":3,"data":[{"SECUCODE":"01526.HK","SECURITY_CODE":"01526","SECURITY_NAME_ABBR":"瑞慈医疗","ORG_CODE":"10521881","STD_REPORT_DATE":"2024-06-30 00:00:00","REPORT_DATE":"2024-06-30 00:00:00","DATE_TYPE_CODE":"002","REPORT_TYPE":"2024年中报","PER_NETCASH_OPERATE":0.04640186528,"PER_OI":0.774185008841,"BPS":0.762445891529,"BASIC_EPS":0.05,"DILUTED_EPS":0.05,"OPERATE_INCOME":1231205000,"OPERATE_INCOME_YOY":-4.1371443699,"GROSS_PROFIT":396287000,"GROSS_PROFIT_YOY":-18.128102835964,"HOLDER_PROFIT":84991000,"HOLDER_PROFIT_YOY":-31.1088595282,"GROSS_PROFIT_RATIO":32.186922567728,"EPS_TTM":0.204627484714,"OPERATE_INCOME_QOQ":-1.775493544434,"NET_PROFIT_RATIO":7.0760758769,"ROE_AVG":7.265799551268,"GROSS_PROFIT_QOQ":-7.022438413809,"ROA":1.851540808468,"HOLDER_PROFIT_QOQ":-10.549390741693,"ROE_YEARLY":14.531599102536,"ROIC_YEARLY":4.34678430481,"TOTAL_ASSETS":4542815000,"TOTAL_LIABILITIES":3356183000,"TAX_EBT":30.385623421869,"OCF_SALES":5.993640376704,"TOTAL_PARENT_EQUITY":1212536000,"DEBT_ASSET_RATIO":73.8789274932,"OPERATE_PROFIT":185697000,"PRETAX_PROFIT":125148000,"NETCASH_OPERATE":73794000,"NETCASH_INVEST":-109021000,"NETCASH_FINANCE":-188343000,"END_CASH":587118000,"DIVI_RATIO":0.200709108346,"DIVIDEND_RATE":3.75,"CURRENT_RATIO":0.631846752314,"COMMON_ACS":10000000000,"CURRENTDEBT_DEBT":57.316034316365,"ISSUED_COMMON_SHARES":1590324000,"HK_COMMON_SHARES":1590324000,"PER_SHARES":1000,"TOTAL_MARKET_CAP":1908388800,"HKSK_MARKET_CAP":1908388800,"PE_TTM":5.289858285002,"PB_TTM":1.436450785778,"REPORT_DATE_SQ":"2023-06-30 00:00:00","REPORT_TYPE_SQ":"2023年中报","OPERATE_INCOME_SQ":1284340000,"DPS_HKD":0.045,"OPERATE_INCOME_QOQ_SQ":20.201959809299,"NET_PROFIT_RATIO_SQ":9.8275378794,"HOLDER_PROFIT_SQ":123370000,"HOLDER_PROFIT_QOQ_SQ":82.953853772271,"ROE_AVG_SQ":12.157374787515,"PE_TTM_SQ":3.009365632262,"PB_TTM_SQ":1.540358618298,"ROA_SQ":2.795630504528,"START_DATE":"2024-01-01 00:00:00","FISCAL_YEAR":"12-31","CURRENCY":"HKD","IS_CNY_CODE":0,"DPS_HKD_LY":0.045,"ORG_TYPE":"一般企业","PREMIUM_INCOME":null,"PREMIUM_INCOME_YOY":null,"NET_INTEREST_INCOME":null,"NET_INTEREST_INCOME_YOY":null,"FEE_COMMISSION_INCOME":null,"FEE_COMMISSION_INCOME_YOY":null,"ACCOUNTS_RECE_TDAYS":4.207313218366,"INVENTORY_TDAYS":21.751719466444,"CURRENT_ASSETS_TDAYS":0.927796868171,"TOTAL_ASSETS_TDAYS":0.268219729276,"PREMIUM_EXPENSE":null,"LOAN_DEPOSIT":null,"LOAN_EQUITY":null,"LOAN_ASSETS":null,"DEPOSIT_EQUITY":null,"DEPOSIT_ASSETS":null,"EQUITY_MULTIPLIER":3.828326726399,"EQUITY_RATIO":2.76790379832},{"SECUCODE":"01526.HK","SECURITY_CODE":"01526","SECURITY_NAME_ABBR":"瑞慈医疗","ORG_CODE":"10521881","STD_REPORT_DATE":"2023-12-31 00:00:00","REPORT_DATE":"2023-12-31 00:00:00","DATE_TYPE_CODE":"001","REPORT_TYPE":"2023年年报","PER_NETCASH_OPERATE":0.519573369955,"PER_OI":1.881810876274,"BPS":0.708626040983,"BASIC_EPS":0.23,"DILUTED_EPS":0.23,"OPERATE_INCOME":2992689000,"OPERATE_INCOME_YOY":26.0065253995,"GROSS_PROFIT":1249509000,"GROSS_PROFIT_YOY":34.761249436477,"HOLDER_PROFIT":363803000,"HOLDER_PROFIT_YOY":25.1072068447,"GROSS_PROFIT_RATIO":41.752049745229,"EPS_TTM":0.228760302932,"OPERATE_INCOME_QOQ":4.829010774376,"NET_PROFIT_RATIO":13.4319002075,"ROE_AVG":34.966549936252,"GROSS_PROFIT_QOQ":0.018410619245,"ROA":7.904797301092,"HOLDER_PROFIT_QOQ":-31.618162577512,"ROE_YEARLY":34.966549936252,"ROIC_YEARLY":9.406362092311,"TOTAL_ASSETS":4637755000,"TOTAL_LIABILITIES":3523710000,"TAX_EBT":26.328551111372,"OCF_SALES":27.610286267634,"TOTAL_PARENT_EQUITY":1126945000,"DEBT_ASSET_RATIO":75.9787871502,"OPERATE_PROFIT":656920000,"PRETAX_PROFIT":545632000,"NETCASH_OPERATE":826290000,"NETCASH_INVEST":-146999000,"NETCASH_FINANCE":-592721000,"END_CASH":811210000,"DIVI_RATIO":0.179535520252,"DIVIDEND_RATE":3.688524590164,"CURRENT_RATIO":0.664410399274,"COMMON_ACS":10000000000,"CURRENTDEBT_DEBT":61.447394933181,"ISSUED_COMMON_SHARES":1590324000,"HK_COMMON_SHARES":1590324000,"PER_SHARES":1000,"TOTAL_MARKET_CAP":1940195280,"HKSK_MARKET_CAP":1940195280,"PE_TTM":5.378022589752,"PB_TTM":1.460391632208,"REPORT_DATE_SQ":"2022-12-31 00:00:00","REPORT_TYPE_SQ":"2022年年报","OPERATE_INCOME_SQ":2375027000,"DPS_HKD":0.045,"OPERATE_INCOME_QOQ_SQ":-0.318766468202,"NET_PROFIT_RATIO_SQ":11.2498510543,"HOLDER_PROFIT_SQ":290793000,"HOLDER_PROFIT_QOQ_SQ":446.202971505851,"ROE_AVG_SQ":35.649110160609,"PE_TTM_SQ":3.062628740798,"PB_TTM_SQ":1.567621602693,"ROA_SQ":6.388908692981,"START_DATE":"2023-01-01 00:00:00","FISCAL_YEAR":"12-31","CURRENCY":"HKD","IS_CNY_CODE":0,"DPS_HKD_LY":0.13,"ORG_TYPE":"一般企业","PREMIUM_INCOME":null,"PREMIUM_INCOME_YOY":null,"NET_INTEREST_INCOME":null,"NET_INTEREST_INCOME_YOY":null,"FEE_COMMISSION_INCOME":null,"FEE_COMMISSION_INCOME_YOY":null,"ACCOUNTS_RECE_TDAYS":10.352083517099,"INVENTORY_TDAYS":45.799035771055,"CURRENT_ASSETS_TDAYS":2.141519563523,"TOTAL_ASSETS_TDAYS":0.650258517115,"PREMIUM_EXPENSE":null,"LOAN_DEPOSIT":null,"LOAN_EQUITY":null,"LOAN_ASSETS":null,"DEPOSIT_EQUITY":null,"DEPOSIT_ASSETS":null,"EQUITY_MULTIPLIER":4.162987132468,"EQUITY_RATIO":3.126780810066},{"SECUCODE":"01526.HK","SECURITY_CODE":"01526","SECURITY_NAME_ABBR":"瑞慈医疗","ORG_CODE":"10521881","STD_REPORT_DATE":"2023-06-30 00:00:00","REPORT_DATE":"2023-06-30 00:00:00","DATE_TYPE_CODE":"002","REPORT_TYPE":"2023年中报","PER_NETCASH_OPERATE":0.137741114389,"PER_OI":0.807596439468,"BPS":0.676360288847,"BASIC_EPS":0.08,"DILUTED_EPS":0.08,"OPERATE_INCOME":1284340000,"OPERATE_INCOME_YOY":59.6369593481,"GROSS_PROFIT":484033000,"GROSS_PROFIT_YOY":198.866976215762,"HOLDER_PROFIT":123370000,"HOLDER_PROFIT_YOY":204.680367234,"GROSS_PROFIT_RATIO":37.687294641606,"EPS_TTM":0.334533717658,"OPERATE_INCOME_QOQ":20.201959809299,"NET_PROFIT_RATIO":9.8275378794,"ROE_AVG":12.157374787515,"GROSS_PROFIT_QOQ":34.736443622857,"ROA":2.795630504528,"HOLDER_PROFIT_QOQ":82.953853772271,"ROE_YEARLY":24.314749575029,"ROIC_YEARLY":6.464084822709,"TOTAL_ASSETS":4259058000,"TOTAL_LIABILITIES":3233149000,"TAX_EBT":29.853782157088,"OCF_SALES":17.055686189015,"TOTAL_PARENT_EQUITY":1075632000,"DEBT_ASSET_RATIO":75.9123026735,"OPERATE_PROFIT":228536000,"PRETAX_PROFIT":179937000,"NETCASH_OPERATE":219053000,"NETCASH_INVEST":-34348000,"NETCASH_FINANCE":-340203000,"END_CASH":570408000,"DIVI_RATIO":0.122769687575,"DIVIDEND_RATE":3.688524590164,"CURRENT_RATIO":0.54722476601,"COMMON_ACS":10000000000,"CURRENTDEBT_DEBT":56.505004872958,"ISSUED_COMMON_SHARES":1590324000,"HK_COMMON_SHARES":1590324000,"PER_SHARES":1000,"TOTAL_MARKET_CAP":1940195280,"HKSK_MARKET_CAP":1940195280,"PE_TTM":5.378022589752,"PB_TTM":1.460391632208,"REPORT_DATE_SQ":"2022-06-30 00:00:00","REPORT_TYPE_SQ":"2022年中报","OPERATE_INCOME_SQ":804538000,"DPS_HKD":0.045,"OPERATE_INCOME_QOQ_SQ":-4.943104429165,"NET_PROFIT_RATIO_SQ":-19.2492745248,"HOLDER_PROFIT_SQ":-117854000,"HOLDER_PROFIT_QOQ_SQ":-70.675780626043,"ROE_AVG_SQ":-19.389302930096,"PE_TTM_SQ":3.062628740798,"PB_TTM_SQ":1.567621602693,"ROA_SQ":-2.705544686173,"START_DATE":"2023-01-01 00:00:00","FISCAL_YEAR":"12-31","CURRENCY":"HKD","IS_CNY_CODE":0,"DPS_HKD_LY":0.13,"ORG_TYPE":"一般企业","PREMIUM_INCOME":null,"PREMIUM_INCOME_YOY":null,"NET_INTEREST_INCOME":null,"NET_INTEREST_INCOME_YOY":null,"FEE_COMMISSION_INCOME":null,"FEE_COMMISSION_INCOME_YOY":null,"ACCOUNTS_RECE_TDAYS":4.900882612196,"INVENTORY_TDAYS":20.987255133349,"CURRENT_ASSETS_TDAYS":1.090252673871,"TOTAL_ASSETS_TDAYS":0.291038346615,"PREMIUM_EXPENSE":null,"LOAN_DEPOSIT":null,"LOAN_EQUITY":null,"LOAN_ASSETS":null,"DEPOSIT_EQUITY":null,"DEPOSIT_ASSETS":null,"EQUITY_MULTIPLIER":4.151496867656,"EQUITY_RATIO":3.005813326491},{"SECUCODE":"01526.HK","SECURITY_CODE":"01526","SECURITY_NAME_ABBR":"瑞慈医疗","ORG_CODE":"10521881","STD_REPORT_DATE":"2022-12-31 00:00:00","REPORT_DATE":"2022-12-31 00:00:00","DATE_TYPE_CODE":"001","REPORT_TYPE":"2022年年报","PER_NETCASH_OPERATE":0.44416923847,"PER_OI":1.493423352726,"BPS":0.599826198938,"BASIC_EPS":0.18,"DILUTED_EPS":0.18,"OPERATE_INCOME":2375027000,"OPERATE_INCOME_YOY":-0.0917042563,"GROSS_PROFIT":927202000,"GROSS_PROFIT_YOY":-4.923519585897,"HOLDER_PROFIT":290793000,"HOLDER_PROFIT_YOY":60.1697575914,"GROSS_PROFIT_RATIO":39.039640391457,"EPS_TTM":0.182851418956,"OPERATE_INCOME_QOQ":-0.318766468202,"NET_PROFIT_RATIO":11.2498510543,"ROE_AVG":35.649110160609,"GROSS_PROFIT_QOQ":22.187402811675,"ROA":6.388908692981,"HOLDER_PROFIT_QOQ":446.202971505851,"ROE_YEARLY":35.649110160609,"ROIC_YEARLY":7.503543496957,"TOTAL_ASSETS":4566858000,"TOTAL_LIABILITIES":3662032000,"TAX_EBT":25.685687215379,"OCF_SALES":29.741682936657,"TOTAL_PARENT_EQUITY":953918000,"DEBT_ASSET_RATIO":80.187122087,"OPERATE_PROFIT":431678000,"PRETAX_PROFIT":327190000,"NETCASH_OPERATE":706373000,"NETCASH_INVEST":-273987000,"NETCASH_FINANCE":-495234000,"END_CASH":720141000,"DIVI_RATIO":0.224611874682,"DIVIDEND_RATE":3.688524590164,"CURRENT_RATIO":0.629716123742,"COMMON_ACS":10000000000,"CURRENTDEBT_DEBT":58.816007069299,"ISSUED_COMMON_SHARES":1590324000,"HK_COMMON_SHARES":1590324000,"PER_SHARES":1000,"TOTAL_MARKET_CAP":1940195280,"HKSK_MARKET_CAP":1940195280,"PE_TTM":5.378022589752,"PB_TTM":1.460391632208,"REPORT_DATE_SQ":"2021-12-31 00:00:00","REPORT_TYPE_SQ":"2021年年报","OPERATE_INCOME_SQ":2377207000,"DPS_HKD":0.045,"OPERATE_INCOME_QOQ_SQ":7.049396039997,"NET_PROFIT_RATIO_SQ":5.0310749317,"HOLDER_PROFIT_SQ":181553000,"HOLDER_PROFIT_QOQ_SQ":8.92243267079,"ROE_AVG_SQ":30.685645085096,"PE_TTM_SQ":3.062628740798,"PB_TTM_SQ":1.567621602693,"ROA_SQ":4.151114534686,"START_DATE":"2022-01-01 00:00:00","FISCAL_YEAR":"12-31","CURRENCY":"HKD","IS_CNY_CODE":0,"DPS_HKD_LY":null,"ORG_TYPE":"一般企业","PREMIUM_INCOME":null,"PREMIUM_INCOME_YOY":null,"NET_INTEREST_INCOME":null,"NET_INTEREST_INCOME_YOY":null,"FEE_COMMISSION_INCOME":null,"FEE_COMMISSION_INCOME_YOY":null,"ACCOUNTS_RECE_TDAYS":7.599709454411,"INVENTORY_TDAYS":32.27393809699,"CURRENT_ASSETS_TDAYS":1.697624674819,"TOTAL_ASSETS_TDAYS":0.521808662738,"PREMIUM_EXPENSE":null,"LOAN_DEPOSIT":null,"LOAN_EQUITY":null,"LOAN_ASSETS":null,"DEPOSIT_EQUITY":null,"DEPOSIT_ASSETS":null,"EQUITY_MULTIPLIER":5.04722233888,"EQUITY_RATIO":3.838937938062},{"SECUCODE":"01526.HK","SECURITY_CODE":"01526","SECURITY_NAME_ABBR":"瑞慈医疗","ORG_CODE":"10521881","STD_REPORT_DATE":"2022-06-30 00:00:00","REPORT_DATE":"2022-06-30 00:00:00","DATE_TYPE_CODE":"002","REPORT_TYPE":"2022年中报","PER_NETCASH_OPERATE":0.037887248133,"PER_OI":0.505895653967,"BPS":0.338396452547,"BASIC_EPS":-0.07,"DILUTED_EPS":-0.07,"OPERATE_INCOME":804538000,"OPERATE_INCOME_YOY":-12.3957888334,"GROSS_PROFIT":161956000,"GROSS_PROFIT_YOY":-40.589715560186,"HOLDER_PROFIT":-117854000,"HOLDER_PROFIT_YOY":-1226.7112810707,"GROSS_PROFIT_RATIO":15.111011119956,"EPS_TTM":0.033476826106,"OPERATE_INCOME_QOQ":-4.943104429165,"NET_PROFIT_RATIO":-19.2492745248,"ROE_AVG":-19.389302930096,"GROSS_PROFIT_QOQ":-15.602836090644,"ROA":-2.705544686173,"HOLDER_PROFIT_QOQ":-70.675780626043,"ROE_YEARLY":-38.778605860191,"ROIC_YEARLY":-6.218463540251,"TOTAL_ASSETS":4175836000,"TOTAL_LIABILITIES":3748684000,"TAX_EBT":21.786911253296,"OCF_SALES":6.881079173581,"TOTAL_PARENT_EQUITY":538160000,"DEBT_ASSET_RATIO":89.7708626488,"OPERATE_PROFIT":-46914000,"PRETAX_PROFIT":-95181000,"NETCASH_OPERATE":60253000,"NETCASH_INVEST":-141268000,"NETCASH_FINANCE":-137110000,"END_CASH":560945000,"DIVI_RATIO":1.226836733868,"DIVIDEND_RATE":3.688524590164,"CURRENT_RATIO":0.568836306359,"COMMON_ACS":10000000000,"CURRENTDEBT_DEBT":52.44984639943,"ISSUED_COMMON_SHARES":1590324000,"HK_COMMON_SHARES":1590324000,"PER_SHARES":1000,"TOTAL_MARKET_CAP":1940195280,"HKSK_MARKET_CAP":1940195280,"PE_TTM":5.378022589752,"PB_TTM":1.460391632208,"REPORT_DATE_SQ":"2021-06-30 00:00:00","REPORT_TYPE_SQ":"2021年中报","OPERATE_INCOME_SQ":999533000,"DPS_HKD":0.045,"OPERATE_INCOME_QOQ_SQ":21.622437265932,"NET_PROFIT_RATIO_SQ":-3.0072043644,"HOLDER_PROFIT_SQ":10460000,"HOLDER_PROFIT_QOQ_SQ":2216.31538852209,"ROE_AVG_SQ":2.034380248229,"PE_TTM_SQ":3.062628740798,"PB_TTM_SQ":1.567621602693,"ROA_SQ":0.250075369274,"START_DATE":"2022-01-01 00:00:00","FISCAL_YEAR":"12-31","CURRENCY":"HKD","IS_CNY_CODE":0,"DPS_HKD_LY":null,"ORG_TYPE":"一般企业","PREMIUM_INCOME":null,"PREMIUM_INCOME_YOY":null,"NET_INTEREST_INCOME":null,"NET_INTEREST_INCOME_YOY":null,"FEE_COMMISSION_INCOME":null,"FEE_COMMISSION_INCOME_YOY":null,"ACCOUNTS_RECE_TDAYS":2.896052986807,"INVENTORY_TDAYS":14.350699371579,"CURRENT_ASSETS_TDAYS":0.684042322156,"TOTAL_ASSETS_TDAYS":0.201016869193,"PREMIUM_EXPENSE":null,"LOAN_DEPOSIT":null,"LOAN_EQUITY":null,"LOAN_ASSETS":null,"DEPOSIT_EQUITY":null,"DEPOSIT_ASSETS":null,"EQUITY_MULTIPLIER":9.775995430179,"EQUITY_RATIO":6.965742530103},{"SECUCODE":"01526.HK","SECURITY_CODE":"01526","SECURITY_NAME_ABBR":"瑞慈医疗","ORG_CODE":"10521881","STD_REPORT_DATE":"2021-12-31 00:00:00","REPORT_DATE":"2021-12-31 00:00:00","DATE_TYPE_CODE":"001","REPORT_TYPE":"2021年年报","PER_NETCASH_OPERATE":0.428261159361,"PER_OI":1.494794142577,"BPS":0.426013818568,"BASIC_EPS":0.11,"DILUTED_EPS":0.11,"OPERATE_INCOME":2377207000,"OPERATE_INCOME_YOY":30.1960845423,"GROSS_PROFIT":975217000,"GROSS_PROFIT_YOY":67.948589890195,"HOLDER_PROFIT":181553000,"HOLDER_PROFIT_YOY":2405.1422041646,"GROSS_PROFIT_RATIO":35.871418643044,"EPS_TTM":0.114161013731,"OPERATE_INCOME_QOQ":7.049396039997,"NET_PROFIT_RATIO":5.0310749317,"ROE_AVG":30.685645085096,"GROSS_PROFIT_QOQ":10.824808980122,"ROA":4.151114534686,"HOLDER_PROFIT_QOQ":8.92243267079,"ROE_YEARLY":30.685645085096,"ROIC_YEARLY":4.729449604581,"TOTAL_ASSETS":4536199000,"TOTAL_LIABILITIES":3948773000,"TAX_EBT":25.090352611108,"OCF_SALES":27.172073494667,"TOTAL_PARENT_EQUITY":677500000,"DEBT_ASSET_RATIO":87.0502594794,"OPERATE_PROFIT":516379000,"PRETAX_PROFIT":392075000,"NETCASH_OPERATE":681074000,"NETCASH_INVEST":-269133000,"NETCASH_FINANCE":-193991000,"END_CASH":771264000,"DIVI_RATIO":0.3597602952,"DIVIDEND_RATE":3.688524590164,"CURRENT_RATIO":0.710184277544,"COMMON_ACS":10000000000,"CURRENTDEBT_DEBT":51.410653385241,"ISSUED_COMMON_SHARES":1590324000,"HK_COMMON_SHARES":1590324000,"PER_SHARES":1000,"TOTAL_MARKET_CAP":1940195280,"HKSK_MARKET_CAP":1940195280,"PE_TTM":5.378022589752,"PB_TTM":1.460391632208,"REPORT_DATE_SQ":"2020-12-31 00:00:00","REPORT_TYPE_SQ":"2020年年报","OPERATE_INCOME_SQ":1925190000,"DPS_HKD":0.045,"OPERATE_INCOME_QOQ_SQ":19.835073415859,"NET_PROFIT_RATIO_SQ":-4.8045647443,"HOLDER_PROFIT_SQ":-7876000,"HOLDER_PROFIT_QOQ_SQ":95.447898785683,"ROE_AVG_SQ":-1.36968672503,"PE_TTM_SQ":3.062628740798,"PB_TTM_SQ":1.567621602693,"ROA_SQ":-0.190205457394,"START_DATE":"2021-01-01 00:00:00","FISCAL_YEAR":"12-31","CURRENCY":"HKD","IS_CNY_CODE":0,"DPS_HKD_LY":null,"ORG_TYPE":"一般企业","PREMIUM_INCOME":null,"PREMIUM_INCOME_YOY":null,"NET_INTEREST_INCOME":null,"NET_INTEREST_INCOME_YOY":null,"FEE_COMMISSION_INCOME":null,"FEE_COMMISSION_INCOME_YOY":null,"ACCOUNTS_RECE_TDAYS":7.559023295155,"INVENTORY_TDAYS":33.944987645978,"CURRENT_ASSETS_TDAYS":1.892220261111,"TOTAL_ASSETS_TDAYS":0.573103165781,"PREMIUM_EXPENSE":null,"LOAN_DEPOSIT":null,"LOAN_EQUITY":null,"LOAN_ASSETS":null,"DEPOSIT_EQUITY":null,"DEPOSIT_ASSETS":null,"EQUITY_MULTIPLIER":7.722162451126,"EQUITY_RATIO":5.828447232472},{"SECUCODE":"01526.HK","SECURITY_CODE":"01526","SECURITY_NAME_ABBR":"瑞慈医疗","ORG_CODE":"10521881","STD_REPORT_DATE":"2021-06-30 00:00:00","REPORT_DATE":"2021-06-30 00:00:00","DATE_TYPE_CODE":"002","REPORT_TYPE":"2021年中报","PER_NETCASH_OPERATE":0.058151672238,"PER_OI":0.628509033379,"BPS":0.328558205749,"BASIC_EPS":0.01,"DILUTED_EPS":0.01,"OPERATE_INCOME":999533000,"OPERATE_INCOME_YOY":71.3700579501,"GROSS_PROFIT":272606000,"GROSS_PROFIT_YOY":549.572282984249,"HOLDER_PROFIT":10460000,"HOLDER_PROFIT_YOY":106.3742786279,"GROSS_PROFIT_RATIO":27.273336648215,"EPS_TTM":0.104809460211,"OPERATE_INCOME_QOQ":21.622437265932,"NET_PROFIT_RATIO":-3.0072043644,"ROE_AVG":2.034380248229,"GROSS_PROFIT_QOQ":39.719872421917,"ROA":0.250075369274,"HOLDER_PROFIT_QOQ":2216.31538852209,"ROE_YEARLY":4.068760496459,"ROIC_YEARLY":0.542137803292,"TOTAL_ASSETS":4154484000,"TOTAL_LIABILITIES":3851462000,"TAX_EBT":-584.692482915718,"OCF_SALES":9.252320833829,"TOTAL_PARENT_EQUITY":522514000,"DEBT_ASSET_RATIO":92.7061459377,"OPERATE_PROFIT":76548000,"PRETAX_PROFIT":-4390000,"NETCASH_OPERATE":92480000,"NETCASH_INVEST":-129603000,"NETCASH_FINANCE":-41826000,"END_CASH":478925000,"DIVI_RATIO":0.391859665315,"DIVIDEND_RATE":3.688524590164,"CURRENT_RATIO":0.566652475076,"COMMON_ACS":10000000000,"CURRENTDEBT_DEBT":49.763648193855,"ISSUED_COMMON_SHARES":1590324000,"HK_COMMON_SHARES":1590324000,"PER_SHARES":1000,"TOTAL_MARKET_CAP":1940195280,"HKSK_MARKET_CAP":1940195280,"PE_TTM":5.378022589752,"PB_TTM":1.460391632208,"REPORT_DATE_SQ":"2020-06-30 00:00:00","REPORT_TYPE_SQ":"2020年中报","OPERATE_INCOME_SQ":583260000,"DPS_HKD":0.045,"OPERATE_INCOME_QOQ_SQ":-6.932718343002,"NET_PROFIT_RATIO_SQ":-42.8990501663,"HOLDER_PROFIT_SQ":-164097000,"HOLDER_PROFIT_QOQ_SQ":-150.161213365528,"ROE_AVG_SQ":-28.873897413971,"PE_TTM_SQ":3.062628740798,"PB_TTM_SQ":1.567621602693,"ROA_SQ":-4.045438425933,"START_DATE":"2021-01-01 00:00:00","FISCAL_YEAR":"12-31","CURRENCY":"HKD","IS_CNY_CODE":0,"DPS_HKD_LY":null,"ORG_TYPE":"一般企业","PREMIUM_INCOME":null,"PREMIUM_INCOME_YOY":null,"NET_INTEREST_INCOME":null,"NET_INTEREST_INCOME_YOY":null,"FEE_COMMISSION_INCOME":null,"FEE_COMMISSION_INCOME_YOY":null,"ACCOUNTS_RECE_TDAYS":3.497824211703,"INVENTORY_TDAYS":15.899019061054,"CURRENT_ASSETS_TDAYS":0.871578328718,"TOTAL_ASSETS_TDAYS":0.238966141564,"PREMIUM_EXPENSE":null,"LOAN_DEPOSIT":null,"LOAN_EQUITY":null,"LOAN_ASSETS":null,"DEPOSIT_EQUITY":null,"DEPOSIT_ASSETS":null,"EQUITY_MULTIPLIER":13.710172858664,"EQUITY_RATIO":7.371021637698},{"SECUCODE":"01526.HK","SECURITY_CODE":"01526","SECURITY_NAME_ABBR":"瑞慈医疗","ORG_CODE":"10521881","STD_REPORT_DATE":"2020-12-31 00:00:00","REPORT_DATE":"2020-12-31 00:00:00","DATE_TYPE_CODE":"001","REPORT_TYPE":"2020年年报","PER_NETCASH_OPERATE":0.279586423899,"PER_OI":1.210564639658,"BPS":0.318054056909,"BASIC_EPS":0,"DILUTED_EPS":0,"OPERATE_INCOME":1925190000,"OPERATE_INCOME_YOY":11.5272452998,"GROSS_PROFIT":580664000,"GROSS_PROFIT_YOY":19.976362757293,"HOLDER_PROFIT":-7876000,"HOLDER_PROFIT_YOY":88.6124083686,"GROSS_PROFIT_RATIO":30.161386668329,"EPS_TTM":-0.004952449941,"OPERATE_INCOME_QOQ":19.835073415859,"NET_PROFIT_RATIO":-4.8045647443,"ROE_AVG":-1.36968672503,"GROSS_PROFIT_QOQ":54.736449395086,"ROA":-0.190205457394,"HOLDER_PROFIT_QOQ":95.447898785683,"ROE_YEARLY":-1.36968672503,"ROIC_YEARLY":-0.206046696157,"TOTAL_ASSETS":4210994000,"TOTAL_LIABILITIES":3878554000,"TAX_EBT":15.002343254643,"OCF_SALES":23.095538622162,"TOTAL_PARENT_EQUITY":505809000,"DEBT_ASSET_RATIO":92.1054268897,"OPERATE_PROFIT":75780000,"PRETAX_PROFIT":-108823000,"NETCASH_OPERATE":444633000,"NETCASH_INVEST":-355444000,"NETCASH_FINANCE":169319000,"END_CASH":561819000,"DIVI_RATIO":-8.292986398476,"DIVIDEND_RATE":3.688524590164,"CURRENT_RATIO":0.620778254043,"COMMON_ACS":10000000000,"CURRENTDEBT_DEBT":50.1533819047,"ISSUED_COMMON_SHARES":1590324000,"HK_COMMON_SHARES":1590324000,"PER_SHARES":1000,"TOTAL_MARKET_CAP":1940195280,"HKSK_MARKET_CAP":1940195280,"PE_TTM":5.378022589752,"PB_TTM":1.460391632208,"REPORT_DATE_SQ":"2019-12-31 00:00:00","REPORT_TYPE_SQ":"2019年年报","OPERATE_INCOME_SQ":1726206000,"DPS_HKD":0.045,"OPERATE_INCOME_QOQ_SQ":12.778294271795,"NET_PROFIT_RATIO_SQ":-9.877036692,"HOLDER_PROFIT_SQ":-69163000,"HOLDER_PROFIT_QOQ_SQ":-49.713184838842,"ROE_AVG_SQ":-10.332582376212,"PE_TTM_SQ":3.062628740798,"PB_TTM_SQ":1.567621602693,"ROA_SQ":-2.150171927017,"START_DATE":"2020-01-01 00:00:00","FISCAL_YEAR":"12-31","CURRENCY":"HKD","IS_CNY_CODE":0,"DPS_HKD_LY":null,"ORG_TYPE":"一般企业","PREMIUM_INCOME":null,"PREMIUM_INCOME_YOY":null,"NET_INTEREST_INCOME":null,"NET_INTEREST_INCOME_YOY":null,"FEE_COMMISSION_INCOME":null,"FEE_COMMISSION_INCOME_YOY":null,"ACCOUNTS_RECE_TDAYS":6.723440664944,"INVENTORY_TDAYS":30.524456552585,"CURRENT_ASSETS_TDAYS":1.703487867939,"TOTAL_ASSETS_TDAYS":0.464933525294,"PREMIUM_EXPENSE":null,"LOAN_DEPOSIT":null,"LOAN_EQUITY":null,"LOAN_ASSETS":null,"DEPOSIT_EQUITY":null,"DEPOSIT_ASSETS":null,"EQUITY_MULTIPLIER":12.6669293707,"EQUITY_RATIO":7.668020932803},{"SECUCODE":"01526.HK","SECURITY_CODE":"01526","SECURITY_NAME_ABBR":"瑞慈医疗","ORG_CODE":"10521881","STD_REPORT_DATE":"2020-06-30 00:00:00","REPORT_DATE":"2020-06-30 00:00:00","DATE_TYPE_CODE":"002","REPORT_TYPE":"2020年中报","PER_NETCASH_OPERATE":0.04735764536,"PER_OI":0.366755453606,"BPS":0.309629358546,"BASIC_EPS":-0.1,"DILUTED_EPS":-0.1,"OPERATE_INCOME":583260000,"OPERATE_INCOME_YOY":-17.0248089078,"GROSS_PROFIT":41967000,"GROSS_PROFIT_YOY":-72.149924679306,"HOLDER_PROFIT":-164097000,"HOLDER_PROFIT_YOY":-172.4008565595,"GROSS_PROFIT_RATIO":7.195247402531,"EPS_TTM":-0.108794811623,"OPERATE_INCOME_QOQ":-6.932718343002,"NET_PROFIT_RATIO":-42.8990501663,"ROE_AVG":-28.873897413971,"GROSS_PROFIT_QOQ":-22.464058580691,"ROA":-4.045438425933,"HOLDER_PROFIT_QOQ":-150.161213365528,"ROE_YEARLY":-57.747794827941,"ROIC_YEARLY":-8.619469089302,"TOTAL_ASSETS":4042116000,"TOTAL_LIABILITIES":3717120000,"TAX_EBT":-11.069532484597,"OCF_SALES":12.912594726194,"TOTAL_PARENT_EQUITY":492411000,"DEBT_ASSET_RATIO":91.9597557319,"OPERATE_PROFIT":-154099000,"PRETAX_PROFIT":-225276000,"NETCASH_OPERATE":75314000,"NETCASH_INVEST":-276847000,"NETCASH_FINANCE":282605000,"END_CASH":416677000,"DIVI_RATIO":-0.377505134548,"DIVIDEND_RATE":3.688524590164,"CURRENT_RATIO":0.537257856636,"COMMON_ACS":10000000000,"CURRENTDEBT_DEBT":48.738943052686,"ISSUED_COMMON_SHARES":1590324000,"HK_COMMON_SHARES":1590324000,"PER_SHARES":1000,"TOTAL_MARKET_CAP":1940195280,"HKSK_MARKET_CAP":1940195280,"PE_TTM":5.378022589752,"PB_TTM":1.460391632208,"REPORT_DATE_SQ":"2019-06-30 00:00:00","REPORT_TYPE_SQ":"2019年中报","OPERATE_INCOME_SQ":702933000,"DPS_HKD":0.045,"OPERATE_INCOME_QOQ_SQ":11.40395185802,"NET_PROFIT_RATIO_SQ":-16.6617586598,"HOLDER_PROFIT_SQ":-60241000,"HOLDER_PROFIT_QOQ_SQ":14.189389999257,"ROE_AVG_SQ":-9.006875403221,"PE_TTM_SQ":3.062628740798,"PB_TTM_SQ":1.567621602693,"ROA_SQ":-1.928564579829,"START_DATE":"2020-01-01 00:00:00","FISCAL_YEAR":"12-31","CURRENCY":"HKD","IS_CNY_CODE":0,"DPS_HKD_LY":null,"ORG_TYPE":"一般企业","PREMIUM_INCOME":null,"PREMIUM_INCOME_YOY":null,"NET_INTEREST_INCOME":null,"NET_INTEREST_INCOME_YOY":null,"FEE_COMMISSION_INCOME":null,"FEE_COMMISSION_INCOME_YOY":null,"ACCOUNTS_RECE_TDAYS":2.347680133311,"INVENTORY_TDAYS":12.468166950753,"CURRENT_ASSETS_TDAYS":0.575752191424,"TOTAL_ASSETS_TDAYS":0.143789491356,"PREMIUM_EXPENSE":null,"LOAN_DEPOSIT":null,"LOAN_EQUITY":null,"LOAN_ASSETS":null,"DEPOSIT_EQUITY":null,"DEPOSIT_ASSETS":null,"EQUITY_MULTIPLIER":12.437433076101,"EQUITY_RATIO":7.548815928158}],"count":21},"success":true,"message":"ok","code":0}