{"version":"8da64dbe456fa72325a5a35e2bbb2084","result":{"pages":3,"data":[{"SECUCODE":"01523.HK","SECURITY_CODE":"01523","SECURITY_NAME_ABBR":"珩湾科技","ORG_CODE":"10522585","STD_REPORT_DATE":"2024-06-30 00:00:00","REPORT_DATE":"2024-06-30 00:00:00","DATE_TYPE_CODE":"002","REPORT_TYPE":"2024年中报","PER_NETCASH_OPERATE":0.206194682556,"PER_OI":0.371024806742,"BPS":0.336583903917,"BASIC_EPS":0.12400632,"DILUTED_EPS":0.12329364,"OPERATE_INCOME":408351386.4,"OPERATE_INCOME_YOY":28.37874171,"GROSS_PROFIT":226240266,"GROSS_PROFIT_YOY":31.560421731648,"HOLDER_PROFIT":136143260.4,"HOLDER_PROFIT_YOY":55.0190700316,"GROSS_PROFIT_RATIO":55.403329959161,"EPS_TTM":0.223619498294,"OPERATE_INCOME_QOQ":12.859260613959,"NET_PROFIT_RATIO":33.3397326259,"ROE_AVG":37.353225853759,"GROSS_PROFIT_QOQ":15.050811223028,"ROA":21.184128814762,"HOLDER_PROFIT_QOQ":23.666208081734,"ROE_YEARLY":74.706451707517,"ROIC_YEARLY":84.837180383928,"TOTAL_ASSETS":677594763.6,"TOTAL_LIABILITIES":306580682.4,"TAX_EBT":15.882870981946,"OCF_SALES":55.574365597403,"TOTAL_PARENT_EQUITY":371014081.2,"DEBT_ASSET_RATIO":45.2454326493,"OPERATE_PROFIT":163011296.4,"PRETAX_PROFIT":161849628,"NETCASH_OPERATE":226938692.4,"NETCASH_INVEST":983498.4,"NETCASH_FINANCE":-109538916,"END_CASH":381554618.4,"DIVI_RATIO":0.499560945501,"DIVIDEND_RATE":2.276951672862,"CURRENT_RATIO":2.74645324451,"COMMON_ACS":4000000000,"CURRENTDEBT_DEBT":75.373099632712,"ISSUED_COMMON_SHARES":1102293000,"HK_COMMON_SHARES":1102293000,"PER_SHARES":1000,"TOTAL_MARKET_CAP":5930336340,"HKSK_MARKET_CAP":5930336340,"PE_TTM":21.786521522619,"PB_TTM":14.588393400396,"REPORT_DATE_SQ":"2023-06-30 00:00:00","REPORT_TYPE_SQ":"2023年中报","OPERATE_INCOME_SQ":322501905.6,"DPS_HKD":0.1225,"OPERATE_INCOME_QOQ_SQ":8.817999735531,"NET_PROFIT_RATIO_SQ":27.6102348091,"HOLDER_PROFIT_SQ":89043533.4,"HOLDER_PROFIT_QOQ_SQ":12.58621920264,"ROE_AVG_SQ":28.248211993398,"PE_TTM_SQ":12.359208851086,"PB_TTM_SQ":6.900637278844,"ROA_SQ":15.283014187916,"START_DATE":"2024-01-01 00:00:00","FISCAL_YEAR":"12-31","CURRENCY":"HKD","IS_CNY_CODE":0,"DPS_HKD_LY":0.1225,"ORG_TYPE":"一般企业","PREMIUM_INCOME":null,"PREMIUM_INCOME_YOY":null,"NET_INTEREST_INCOME":null,"NET_INTEREST_INCOME_YOY":null,"FEE_COMMISSION_INCOME":null,"FEE_COMMISSION_INCOME_YOY":null,"ACCOUNTS_RECE_TDAYS":3.281202576951,"INVENTORY_TDAYS":1.699737253467,"CURRENT_ASSETS_TDAYS":0.68530080134,"TOTAL_ASSETS_TDAYS":0.635401880767,"PREMIUM_EXPENSE":null,"LOAN_DEPOSIT":null,"LOAN_EQUITY":null,"LOAN_ASSETS":null,"DEPOSIT_EQUITY":null,"DEPOSIT_ASSETS":null,"EQUITY_MULTIPLIER":1.826331662152,"EQUITY_RATIO":0.826331662153},{"SECUCODE":"01523.HK","SECURITY_CODE":"01523","SECURITY_NAME_ABBR":"珩湾科技","ORG_CODE":"10522585","STD_REPORT_DATE":"2023-12-31 00:00:00","REPORT_DATE":"2023-12-31 00:00:00","DATE_TYPE_CODE":"001","REPORT_TYPE":"2023年年报","PER_NETCASH_OPERATE":0.242776070928,"PER_OI":0.606644124639,"BPS":0.322710499658,"BASIC_EPS":0.18131712,"DILUTED_EPS":0.18060885,"OPERATE_INCOME":667608219.3,"OPERATE_INCOME_YOY":8.6471408647,"GROSS_PROFIT":360601505.1,"GROSS_PROFIT_YOY":11.330210682356,"HOLDER_PROFIT":199016787.3,"HOLDER_PROFIT_YOY":24.0081203937,"GROSS_PROFIT_RATIO":54.013940313392,"EPS_TTM":0.180843137082,"OPERATE_INCOME_QOQ":1.536042414357,"NET_PROFIT_RATIO":29.8104159815,"ROE_AVG":60.095171897557,"GROSS_PROFIT_QOQ":4.249243800217,"ROA":33.339068015306,"HOLDER_PROFIT_QOQ":12.012775396651,"ROE_YEARLY":60.095171897557,"ROIC_YEARLY":54.475485159264,"TOTAL_ASSETS":603977242.5,"TOTAL_LIABILITIES":248255717.7,"TAX_EBT":14.722306525038,"OCF_SALES":40.019520682375,"TOTAL_PARENT_EQUITY":355721524.8,"DEBT_ASSET_RATIO":41.103488713,"OPERATE_PROFIT":295419417,"PRETAX_PROFIT":233374965,"NETCASH_OPERATE":267173609.4,"NETCASH_INVEST":-6771061.2,"NETCASH_FINANCE":-204187158.3,"END_CASH":260253811.5,"DIVI_RATIO":0.617726333454,"DIVIDEND_RATE":2.525773195876,"CURRENT_RATIO":2.869429557301,"COMMON_ACS":4000000000,"CURRENTDEBT_DEBT":77.721035063194,"ISSUED_COMMON_SHARES":1102293000,"HK_COMMON_SHARES":1102293000,"PER_SHARES":1000,"TOTAL_MARKET_CAP":5346121050,"HKSK_MARKET_CAP":5346121050,"PE_TTM":19.640265684889,"PB_TTM":13.151246838647,"REPORT_DATE_SQ":"2022-12-31 00:00:00","REPORT_TYPE_SQ":"2022年年报","OPERATE_INCOME_SQ":604227802.2,"DPS_HKD":0.1225,"OPERATE_INCOME_QOQ_SQ":13.948431848482,"NET_PROFIT_RATIO_SQ":26.1177772399,"HOLDER_PROFIT_SQ":157810871.4,"HOLDER_PROFIT_QOQ_SQ":9.348871083943,"ROE_AVG_SQ":54.355074723535,"PE_TTM_SQ":11.443711899154,"PB_TTM_SQ":6.389478961892,"ROA_SQ":29.231195938929,"START_DATE":"2023-01-01 00:00:00","FISCAL_YEAR":"12-31","CURRENCY":"HKD","IS_CNY_CODE":0,"DPS_HKD_LY":0.157,"ORG_TYPE":"一般企业","PREMIUM_INCOME":null,"PREMIUM_INCOME_YOY":null,"NET_INTEREST_INCOME":null,"NET_INTEREST_INCOME_YOY":null,"FEE_COMMISSION_INCOME":null,"FEE_COMMISSION_INCOME_YOY":null,"ACCOUNTS_RECE_TDAYS":6.396294913989,"INVENTORY_TDAYS":1.759493413976,"CURRENT_ASSETS_TDAYS":1.208719905107,"TOTAL_ASSETS_TDAYS":1.118369768339,"PREMIUM_EXPENSE":null,"LOAN_DEPOSIT":null,"LOAN_EQUITY":null,"LOAN_ASSETS":null,"DEPOSIT_EQUITY":null,"DEPOSIT_ASSETS":null,"EQUITY_MULTIPLIER":1.697893437401,"EQUITY_RATIO":0.6978934374},{"SECUCODE":"01523.HK","SECURITY_CODE":"01523","SECURITY_NAME_ABBR":"珩湾科技","ORG_CODE":"10522585","STD_REPORT_DATE":"2023-06-30 00:00:00","REPORT_DATE":"2023-06-30 00:00:00","DATE_TYPE_CODE":"002","REPORT_TYPE":"2023年中报","PER_NETCASH_OPERATE":0.10385346145,"PER_OI":0.293422022626,"BPS":0.288148877476,"BASIC_EPS":0.08092896,"DILUTED_EPS":0.08092896,"OPERATE_INCOME":322501905.6,"OPERATE_INCOME_YOY":11.2629007329,"GROSS_PROFIT":171966814.2,"GROSS_PROFIT_YOY":14.670356626215,"HOLDER_PROFIT":89043533.4,"HOLDER_PROFIT_YOY":19.5479239426,"GROSS_PROFIT_RATIO":53.322728087471,"EPS_TTM":0.161652555441,"OPERATE_INCOME_QOQ":8.817999735531,"NET_PROFIT_RATIO":27.6102348091,"ROE_AVG":28.248211993398,"GROSS_PROFIT_QOQ":6.792343641081,"ROA":15.283014187916,"HOLDER_PROFIT_QOQ":12.58621920264,"ROE_YEARLY":56.496423986796,"ROIC_YEARLY":48.411872164057,"TOTAL_ASSETS":563424529.2,"TOTAL_LIABILITIES":245800038.6,"TAX_EBT":17.223080540069,"OCF_SALES":35.393887793511,"TOTAL_PARENT_EQUITY":317624490.6,"DEBT_ASSET_RATIO":43.6260804884,"OPERATE_PROFIT":109311902.4,"PRETAX_PROFIT":107570484.6,"NETCASH_OPERATE":114145962.6,"NETCASH_INVEST":-1755869.4,"NETCASH_FINANCE":-97649461.2,"END_CASH":222467930.4,"DIVI_RATIO":0.691059709484,"DIVIDEND_RATE":2.525773195876,"CURRENT_RATIO":2.564771733427,"COMMON_ACS":4000000000,"CURRENTDEBT_DEBT":84.031513654937,"ISSUED_COMMON_SHARES":1102293000,"HK_COMMON_SHARES":1102293000,"PER_SHARES":1000,"TOTAL_MARKET_CAP":5346121050,"HKSK_MARKET_CAP":5346121050,"PE_TTM":19.640265684889,"PB_TTM":13.151246838647,"REPORT_DATE_SQ":"2022-06-30 00:00:00","REPORT_TYPE_SQ":"2022年中报","OPERATE_INCOME_SQ":269221099.6,"DPS_HKD":0.1225,"OPERATE_INCOME_QOQ_SQ":12.197245548362,"NET_PROFIT_RATIO_SQ":25.696764222,"HOLDER_PROFIT_SQ":69181111.2,"HOLDER_PROFIT_QOQ_SQ":6.772369204891,"ROE_AVG_SQ":26.255396645483,"PE_TTM_SQ":11.443711899154,"PB_TTM_SQ":6.389478961892,"ROA_SQ":14.102002845573,"START_DATE":"2023-01-01 00:00:00","FISCAL_YEAR":"12-31","CURRENCY":"HKD","IS_CNY_CODE":0,"DPS_HKD_LY":0.157,"ORG_TYPE":"一般企业","PREMIUM_INCOME":null,"PREMIUM_INCOME_YOY":null,"NET_INTEREST_INCOME":null,"NET_INTEREST_INCOME_YOY":null,"FEE_COMMISSION_INCOME":null,"FEE_COMMISSION_INCOME_YOY":null,"ACCOUNTS_RECE_TDAYS":3.597759058482,"INVENTORY_TDAYS":0.728949071887,"CURRENT_ASSETS_TDAYS":0.590721990603,"TOTAL_ASSETS_TDAYS":0.553527135629,"PREMIUM_EXPENSE":null,"LOAN_DEPOSIT":null,"LOAN_EQUITY":null,"LOAN_ASSETS":null,"DEPOSIT_EQUITY":null,"DEPOSIT_ASSETS":null,"EQUITY_MULTIPLIER":1.77386991833,"EQUITY_RATIO":0.773869918329},{"SECUCODE":"01523.HK","SECURITY_CODE":"01523","SECURITY_NAME_ABBR":"珩湾科技","ORG_CODE":"10522585","STD_REPORT_DATE":"2022-12-31 00:00:00","REPORT_DATE":"2022-12-31 00:00:00","DATE_TYPE_CODE":"001","REPORT_TYPE":"2022年年报","PER_NETCASH_OPERATE":0.111507413694,"PER_OI":0.550537712832,"BPS":0.273524823799,"BASIC_EPS":0.14416722,"DILUTED_EPS":0.14347076,"OPERATE_INCOME":604227802.2,"OPERATE_INCOME_YOY":17.036747248,"GROSS_PROFIT":323902652.2,"GROSS_PROFIT_YOY":17.721424713349,"HOLDER_PROFIT":157810871.4,"HOLDER_PROFIT_YOY":6.8820754717,"GROSS_PROFIT_RATIO":53.606049079613,"EPS_TTM":0.143788213459,"OPERATE_INCOME_QOQ":13.948431848482,"NET_PROFIT_RATIO":26.1177772399,"ROE_AVG":54.355074723535,"GROSS_PROFIT_QOQ":8.618937779068,"ROA":29.231195938929,"HOLDER_PROFIT_QOQ":9.348871083943,"ROE_YEARLY":54.355074723535,"ROIC_YEARLY":47.83710177972,"TOTAL_ASSETS":580081534,"TOTAL_LIABILITIES":278577035.4,"TAX_EBT":14.108638793071,"OCF_SALES":20.254273430386,"TOTAL_PARENT_EQUITY":301504498.6,"DEBT_ASSET_RATIO":48.0237723616,"OPERATE_PROFIT":246665238.2,"PRETAX_PROFIT":183733112.6,"NETCASH_OPERATE":122381951.2,"NETCASH_INVEST":-7326759.2,"NETCASH_FINANCE":-134994841.8,"END_CASH":199591506.8,"DIVI_RATIO":0.776917421204,"DIVIDEND_RATE":2.525773195876,"CURRENT_RATIO":2.208043595493,"COMMON_ACS":4000000000,"CURRENTDEBT_DEBT":88.084702117553,"ISSUED_COMMON_SHARES":1102293000,"HK_COMMON_SHARES":1102293000,"PER_SHARES":1000,"TOTAL_MARKET_CAP":5346121050,"HKSK_MARKET_CAP":5346121050,"PE_TTM":19.640265684889,"PB_TTM":13.151246838647,"REPORT_DATE_SQ":"2021-12-31 00:00:00","REPORT_TYPE_SQ":"2021年年报","OPERATE_INCOME_SQ":472617889.6,"DPS_HKD":0.1225,"OPERATE_INCOME_QOQ_SQ":22.574256694576,"NET_PROFIT_RATIO_SQ":28.5991797971,"HOLDER_PROFIT_SQ":135164840,"HOLDER_PROFIT_QOQ_SQ":15.89246121001,"ROE_AVG_SQ":55.847525717522,"PE_TTM_SQ":11.443711899154,"PB_TTM_SQ":6.389478961892,"ROA_SQ":32.354063334605,"START_DATE":"2022-01-01 00:00:00","FISCAL_YEAR":"12-31","CURRENCY":"HKD","IS_CNY_CODE":0,"DPS_HKD_LY":0.0661,"ORG_TYPE":"一般企业","PREMIUM_INCOME":null,"PREMIUM_INCOME_YOY":null,"NET_INTEREST_INCOME":null,"NET_INTEREST_INCOME_YOY":null,"FEE_COMMISSION_INCOME":null,"FEE_COMMISSION_INCOME_YOY":null,"ACCOUNTS_RECE_TDAYS":7.315709587655,"INVENTORY_TDAYS":1.579825336081,"CURRENT_ASSETS_TDAYS":1.19880612689,"TOTAL_ASSETS_TDAYS":1.119206878536,"PREMIUM_EXPENSE":null,"LOAN_DEPOSIT":null,"LOAN_EQUITY":null,"LOAN_ASSETS":null,"DEPOSIT_EQUITY":null,"DEPOSIT_ASSETS":null,"EQUITY_MULTIPLIER":1.923956480561,"EQUITY_RATIO":0.923956480562},{"SECUCODE":"01523.HK","SECURITY_CODE":"01523","SECURITY_NAME_ABBR":"珩湾科技","ORG_CODE":"10522585","STD_REPORT_DATE":"2022-06-30 00:00:00","REPORT_DATE":"2022-06-30 00:00:00","DATE_TYPE_CODE":"002","REPORT_TYPE":"2022年中报","PER_NETCASH_OPERATE":0.03049785808,"PER_OI":0.246105628448,"BPS":0.234032868938,"BASIC_EPS":0.06308716,"DILUTED_EPS":0.06308716,"OPERATE_INCOME":269221099.6,"OPERATE_INCOME_YOY":22.4817562823,"GROSS_PROFIT":149966233,"GROSS_PROFIT_YOY":18.168632213445,"HOLDER_PROFIT":69181111.2,"HOLDER_PROFIT_YOY":10.934136892,"GROSS_PROFIT_RATIO":55.703744328663,"EPS_TTM":0.131927419156,"OPERATE_INCOME_QOQ":12.197245548362,"NET_PROFIT_RATIO":25.696764222,"ROE_AVG":26.255396645483,"GROSS_PROFIT_QOQ":8.380202495439,"ROA":14.102002845573,"HOLDER_PROFIT_QOQ":6.772369204891,"ROE_YEARLY":52.510793290967,"ROIC_YEARLY":47.040032856833,"TOTAL_ASSETS":499657018.6,"TOTAL_LIABILITIES":241684225.4,"TAX_EBT":16.07913376211,"OCF_SALES":12.392182280501,"TOTAL_PARENT_EQUITY":257972793.2,"DEBT_ASSET_RATIO":48.3700251179,"OPERATE_PROFIT":82939481.2,"PRETAX_PROFIT":82436126.2,"NETCASH_OPERATE":33362369.4,"NETCASH_INVEST":-1523487.8,"NETCASH_FINANCE":-63033468.8,"END_CASH":180523237.2,"DIVI_RATIO":0.846765355639,"DIVIDEND_RATE":2.525773195876,"CURRENT_RATIO":2.187919886453,"COMMON_ACS":4000000000,"CURRENTDEBT_DEBT":88.042542556441,"ISSUED_COMMON_SHARES":1102293000,"HK_COMMON_SHARES":1102293000,"PER_SHARES":1000,"TOTAL_MARKET_CAP":5346121050,"HKSK_MARKET_CAP":5346121050,"PE_TTM":19.640265684889,"PB_TTM":13.151246838647,"REPORT_DATE_SQ":"2021-06-30 00:00:00","REPORT_TYPE_SQ":"2021年中报","OPERATE_INCOME_SQ":211574735.1,"DPS_HKD":0.1225,"OPERATE_INCOME_QOQ_SQ":11.880674492417,"NET_PROFIT_RATIO_SQ":28.371652774,"HOLDER_PROFIT_SQ":60027249.2,"HOLDER_PROFIT_QOQ_SQ":25.611611810606,"ROE_AVG_SQ":26.472180279764,"PE_TTM_SQ":11.443711899154,"PB_TTM_SQ":6.389478961892,"ROA_SQ":15.825059182179,"START_DATE":"2022-01-01 00:00:00","FISCAL_YEAR":"12-31","CURRENCY":"HKD","IS_CNY_CODE":0,"DPS_HKD_LY":0.0661,"ORG_TYPE":"一般企业","PREMIUM_INCOME":null,"PREMIUM_INCOME_YOY":null,"NET_INTEREST_INCOME":null,"NET_INTEREST_INCOME_YOY":null,"FEE_COMMISSION_INCOME":null,"FEE_COMMISSION_INCOME_YOY":null,"ACCOUNTS_RECE_TDAYS":3.716496039283,"INVENTORY_TDAYS":0.776735951741,"CURRENT_ASSETS_TDAYS":0.588565853086,"TOTAL_ASSETS_TDAYS":0.548785159243,"PREMIUM_EXPENSE":null,"LOAN_DEPOSIT":null,"LOAN_EQUITY":null,"LOAN_ASSETS":null,"DEPOSIT_EQUITY":null,"DEPOSIT_ASSETS":null,"EQUITY_MULTIPLIER":1.936859357928,"EQUITY_RATIO":0.936859357927},{"SECUCODE":"01523.HK","SECURITY_CODE":"01523","SECURITY_NAME_ABBR":"珩湾科技","ORG_CODE":"10522585","STD_REPORT_DATE":"2021-12-31 00:00:00","REPORT_DATE":"2021-12-31 00:00:00","DATE_TYPE_CODE":"001","REPORT_TYPE":"2021年年报","PER_NETCASH_OPERATE":0.110562454174,"PER_OI":0.433272023843,"BPS":0.231841427914,"BASIC_EPS":0.12496372,"DILUTED_EPS":0.12368858,"OPERATE_INCOME":472617889.6,"OPERATE_INCOME_YOY":40.3460941346,"GROSS_PROFIT":275143333.5,"GROSS_PROFIT_YOY":36.909762810715,"HOLDER_PROFIT":135164840,"HOLDER_PROFIT_YOY":48.9810260014,"GROSS_PROFIT_RATIO":58.216868120009,"EPS_TTM":0.123912245109,"OPERATE_INCOME_QOQ":22.574256694576,"NET_PROFIT_RATIO":28.5991797971,"ROE_AVG":55.847525717522,"GROSS_PROFIT_QOQ":20.782971150685,"ROA":32.354063334605,"HOLDER_PROFIT_QOQ":15.89246121001,"ROE_YEARLY":55.847525717522,"ROIC_YEARLY":62.117260980398,"TOTAL_ASSETS":457411845.1,"TOTAL_LIABILITIES":201854662,"TAX_EBT":14.263760262062,"OCF_SALES":25.518022879344,"TOTAL_PARENT_EQUITY":255557183.1,"DEBT_ASSET_RATIO":44.1297408806,"OPERATE_PROFIT":158397890.8,"PRETAX_PROFIT":157651933.9,"NETCASH_OPERATE":120602741.2,"NETCASH_INVEST":-8887725.8,"NETCASH_FINANCE":-107832214.1,"END_CASH":201873789.1,"DIVI_RATIO":0.901537760868,"DIVIDEND_RATE":2.525773195876,"CURRENT_RATIO":2.444245655031,"COMMON_ACS":4000000000,"CURRENTDEBT_DEBT":86.506632975363,"ISSUED_COMMON_SHARES":1102293000,"HK_COMMON_SHARES":1102293000,"PER_SHARES":1000,"TOTAL_MARKET_CAP":5346121050,"HKSK_MARKET_CAP":5346121050,"PE_TTM":19.640265684889,"PB_TTM":13.151246838647,"REPORT_DATE_SQ":"2020-12-31 00:00:00","REPORT_TYPE_SQ":"2020年年报","OPERATE_INCOME_SQ":344632168.2,"DPS_HKD":0.1225,"OPERATE_INCOME_QOQ_SQ":1.51402151502,"NET_PROFIT_RATIO_SQ":26.9415729486,"HOLDER_PROFIT_SQ":92849327,"HOLDER_PROFIT_QOQ_SQ":14.631913356974,"ROE_AVG_SQ":40.685041171089,"PE_TTM_SQ":11.443711899154,"PB_TTM_SQ":6.389478961892,"ROA_SQ":26.018192622389,"START_DATE":"2021-01-01 00:00:00","FISCAL_YEAR":"12-31","CURRENCY":"HKD","IS_CNY_CODE":0,"DPS_HKD_LY":0.0749,"ORG_TYPE":"一般企业","PREMIUM_INCOME":null,"PREMIUM_INCOME_YOY":null,"NET_INTEREST_INCOME":null,"NET_INTEREST_INCOME_YOY":null,"FEE_COMMISSION_INCOME":null,"FEE_COMMISSION_INCOME_YOY":null,"ACCOUNTS_RECE_TDAYS":7.944697497455,"INVENTORY_TDAYS":1.989849346311,"CURRENT_ASSETS_TDAYS":1.216369662958,"TOTAL_ASSETS_TDAYS":1.131293399466,"PREMIUM_EXPENSE":null,"LOAN_DEPOSIT":null,"LOAN_EQUITY":null,"LOAN_ASSETS":null,"DEPOSIT_EQUITY":null,"DEPOSIT_ASSETS":null,"EQUITY_MULTIPLIER":1.789861038344,"EQUITY_RATIO":0.789861038345},{"SECUCODE":"01523.HK","SECURITY_CODE":"01523","SECURITY_NAME_ABBR":"珩湾科技","ORG_CODE":"10522585","STD_REPORT_DATE":"2021-06-30 00:00:00","REPORT_DATE":"2021-06-30 00:00:00","DATE_TYPE_CODE":"002","REPORT_TYPE":"2021年中报","PER_NETCASH_OPERATE":0.046377326394,"PER_OI":0.195583803339,"BPS":0.201393709658,"BASIC_EPS":0.05555686,"DILUTED_EPS":0.05555686,"OPERATE_INCOME":211574735.1,"OPERATE_INCOME_YOY":35.8849887976,"GROSS_PROFIT":126908664.5,"GROSS_PROFIT_YOY":26.812525388253,"HOLDER_PROFIT":60027249.2,"HOLDER_PROFIT_YOY":81.484375,"GROSS_PROFIT_RATIO":59.982901285457,"EPS_TTM":0.107814613408,"OPERATE_INCOME_QOQ":11.880674492417,"NET_PROFIT_RATIO":28.371652774,"ROE_AVG":26.472180279764,"GROSS_PROFIT_QOQ":13.351875273801,"ROA":15.825059182179,"HOLDER_PROFIT_QOQ":25.611611810606,"ROE_YEARLY":52.944360559528,"ROIC_YEARLY":60.89321406337,"TOTAL_ASSETS":375506232.7,"TOTAL_LIABILITIES":153511356.3,"TAX_EBT":15.848578156131,"OCF_SALES":23.712253060975,"TOTAL_PARENT_EQUITY":221994876.4,"DEBT_ASSET_RATIO":40.8811739811,"OPERATE_PROFIT":71500386.8,"PRETAX_PROFIT":71332424.2,"NETCASH_OPERATE":50169136.6,"NETCASH_INVEST":-3669336.8,"NETCASH_FINANCE":-86610560.7,"END_CASH":163085224.5,"DIVI_RATIO":1.036144957247,"DIVIDEND_RATE":2.525773195876,"CURRENT_RATIO":2.592957880694,"COMMON_ACS":4000000000,"CURRENTDEBT_DEBT":88.322181542735,"ISSUED_COMMON_SHARES":1102293000,"HK_COMMON_SHARES":1102293000,"PER_SHARES":1000,"TOTAL_MARKET_CAP":5346121050,"HKSK_MARKET_CAP":5346121050,"PE_TTM":19.640265684889,"PB_TTM":13.151246838647,"REPORT_DATE_SQ":"2020-06-30 00:00:00","REPORT_TYPE_SQ":"2020年中报","OPERATE_INCOME_SQ":170630109,"DPS_HKD":0.1225,"OPERATE_INCOME_QOQ_SQ":5.999438293078,"NET_PROFIT_RATIO_SQ":21.2430503693,"HOLDER_PROFIT_SQ":36247040,"HOLDER_PROFIT_QOQ_SQ":-3.957397815916,"ROE_AVG_SQ":16.091773395144,"PE_TTM_SQ":11.443711899154,"PB_TTM_SQ":6.389478961892,"ROA_SQ":10.572614450616,"START_DATE":"2021-01-01 00:00:00","FISCAL_YEAR":"12-31","CURRENCY":"HKD","IS_CNY_CODE":0,"DPS_HKD_LY":0.0749,"ORG_TYPE":"一般企业","PREMIUM_INCOME":null,"PREMIUM_INCOME_YOY":null,"NET_INTEREST_INCOME":null,"NET_INTEREST_INCOME_YOY":null,"FEE_COMMISSION_INCOME":null,"FEE_COMMISSION_INCOME_YOY":null,"ACCOUNTS_RECE_TDAYS":4.224027858387,"INVENTORY_TDAYS":0.925140295768,"CURRENT_ASSETS_TDAYS":0.598946617655,"TOTAL_ASSETS_TDAYS":0.55777713439,"PREMIUM_EXPENSE":null,"LOAN_DEPOSIT":null,"LOAN_EQUITY":null,"LOAN_ASSETS":null,"DEPOSIT_EQUITY":null,"DEPOSIT_ASSETS":null,"EQUITY_MULTIPLIER":1.691508555465,"EQUITY_RATIO":0.691508555465},{"SECUCODE":"01523.HK","SECURITY_CODE":"01523","SECURITY_NAME_ABBR":"珩湾科技","ORG_CODE":"10522585","STD_REPORT_DATE":"2020-12-31 00:00:00","REPORT_DATE":"2020-12-31 00:00:00","DATE_TYPE_CODE":"001","REPORT_TYPE":"2020年年报","PER_NETCASH_OPERATE":0.096424994215,"PER_OI":0.321566823112,"BPS":0.212139028552,"BASIC_EPS":0.08743366,"DILUTED_EPS":0.08678117,"OPERATE_INCOME":344632168.2,"OPERATE_INCOME_YOY":15.0468307558,"GROSS_PROFIT":200966920,"GROSS_PROFIT_YOY":0.11644372963,"HOLDER_PROFIT":92849327,"HOLDER_PROFIT_YOY":17.7103151625,"GROSS_PROFIT_RATIO":58.313453746829,"EPS_TTM":0.086635160227,"OPERATE_INCOME_QOQ":1.51402151502,"NET_PROFIT_RATIO":26.9415729486,"ROE_AVG":40.685041171089,"GROSS_PROFIT_QOQ":-1.559528653471,"ROA":26.018192622389,"HOLDER_PROFIT_QOQ":14.631913356974,"ROE_YEARLY":40.685041171089,"ROIC_YEARLY":57.718828587653,"TOTAL_ASSETS":386972244.3,"TOTAL_LIABILITIES":153132878.1,"TAX_EBT":11.295349707019,"OCF_SALES":29.985989624749,"TOTAL_PARENT_EQUITY":233839366.2,"DEBT_ASSET_RATIO":39.5720572614,"OPERATE_PROFIT":105063939.8,"PRETAX_PROFIT":104672445.8,"NETCASH_OPERATE":103341366.2,"NETCASH_INVEST":-18197946.1,"NETCASH_FINANCE":-70899563.4,"END_CASH":203257159.9,"DIVI_RATIO":1.289448391473,"DIVIDEND_RATE":2.525773195876,"CURRENT_RATIO":2.626996270441,"COMMON_ACS":4000000000,"CURRENTDEBT_DEBT":89.113298393626,"ISSUED_COMMON_SHARES":1102293000,"HK_COMMON_SHARES":1102293000,"PER_SHARES":1000,"TOTAL_MARKET_CAP":5346121050,"HKSK_MARKET_CAP":5346121050,"PE_TTM":19.640265684889,"PB_TTM":13.151246838647,"REPORT_DATE_SQ":"2019-12-31 00:00:00","REPORT_TYPE_SQ":"2019年年报","OPERATE_INCOME_SQ":320277342,"DPS_HKD":0.1225,"OPERATE_INCOME_QOQ_SQ":4.051715452067,"NET_PROFIT_RATIO_SQ":26.3319538227,"HOLDER_PROFIT_SQ":84335281.8,"HOLDER_PROFIT_QOQ_SQ":4.003134929007,"ROE_AVG_SQ":36.177280344745,"PE_TTM_SQ":11.443711899154,"PB_TTM_SQ":6.389478961892,"ROA_SQ":25.350990322209,"START_DATE":"2020-01-01 00:00:00","FISCAL_YEAR":"12-31","CURRENCY":"HKD","IS_CNY_CODE":0,"DPS_HKD_LY":0.0601,"ORG_TYPE":"一般企业","PREMIUM_INCOME":null,"PREMIUM_INCOME_YOY":null,"NET_INTEREST_INCOME":null,"NET_INTEREST_INCOME_YOY":null,"FEE_COMMISSION_INCOME":null,"FEE_COMMISSION_INCOME_YOY":null,"ACCOUNTS_RECE_TDAYS":7.990620272315,"INVENTORY_TDAYS":2.213309207881,"CURRENT_ASSETS_TDAYS":1.061679011849,"TOTAL_ASSETS_TDAYS":0.965726562143,"PREMIUM_EXPENSE":null,"LOAN_DEPOSIT":null,"LOAN_EQUITY":null,"LOAN_ASSETS":null,"DEPOSIT_EQUITY":null,"DEPOSIT_ASSETS":null,"EQUITY_MULTIPLIER":1.654863552654,"EQUITY_RATIO":0.654863552654},{"SECUCODE":"01523.HK","SECURITY_CODE":"01523","SECURITY_NAME_ABBR":"珩湾科技","ORG_CODE":"10522585","STD_REPORT_DATE":"2020-06-30 00:00:00","REPORT_DATE":"2020-06-30 00:00:00","DATE_TYPE_CODE":"002","REPORT_TYPE":"2020年中报","PER_NETCASH_OPERATE":0.023630549672,"PER_OI":0.162216892108,"BPS":0.18959924403,"BASIC_EPS":0.03468955,"DILUTED_EPS":0.0339816,"OPERATE_INCOME":170630109,"OPERATE_INCOME_YOY":9.4301929625,"GROSS_PROFIT":100075812,"GROSS_PROFIT_YOY":3.535682539857,"HOLDER_PROFIT":36247040,"HOLDER_PROFIT_YOY":-11.0802361931,"GROSS_PROFIT_RATIO":58.65073437889,"EPS_TTM":0.077004060601,"OPERATE_INCOME_QOQ":5.999438293078,"NET_PROFIT_RATIO":21.2430503693,"ROE_AVG":16.091773395144,"GROSS_PROFIT_QOQ":1.702523728479,"ROA":10.572614450616,"HOLDER_PROFIT_QOQ":-3.957397815916,"ROE_YEARLY":32.183546790288,"ROIC_YEARLY":44.303112899388,"TOTAL_ASSETS":331150692,"TOTAL_LIABILITIES":122156772.5,"TAX_EBT":15.650741350906,"OCF_SALES":14.567255829392,"TOTAL_PARENT_EQUITY":208993919.5,"DEBT_ASSET_RATIO":36.8885753378,"OPERATE_PROFIT":43192029.5,"PRETAX_PROFIT":42972565,"NETCASH_OPERATE":24856124.5,"NETCASH_INVEST":-41500029,"NETCASH_FINANCE":-74256875.5,"END_CASH":114305607,"DIVI_RATIO":1.450723080421,"DIVIDEND_RATE":2.525773195876,"CURRENT_RATIO":2.88637617209,"COMMON_ACS":4000000000,"CURRENTDEBT_DEBT":84.056795131846,"ISSUED_COMMON_SHARES":1102293000,"HK_COMMON_SHARES":1102293000,"PER_SHARES":1000,"TOTAL_MARKET_CAP":5346121050,"HKSK_MARKET_CAP":5346121050,"PE_TTM":19.640265684889,"PB_TTM":13.151246838647,"REPORT_DATE_SQ":"2019-06-30 00:00:00","REPORT_TYPE_SQ":"2019年中报","OPERATE_INCOME_SQ":151415267.5,"DPS_HKD":0.1225,"OPERATE_INCOME_QOQ_SQ":7.278254836726,"NET_PROFIT_RATIO_SQ":26.1430192963,"HOLDER_PROFIT_SQ":39584522.6,"HOLDER_PROFIT_QOQ_SQ":11.252991746807,"ROE_AVG_SQ":17.958394411003,"PE_TTM_SQ":11.443711899154,"PB_TTM_SQ":6.389478961892,"ROA_SQ":12.441121818418,"START_DATE":"2020-01-01 00:00:00","FISCAL_YEAR":"12-31","CURRENCY":"HKD","IS_CNY_CODE":0,"DPS_HKD_LY":0.0601,"ORG_TYPE":"一般企业","PREMIUM_INCOME":null,"PREMIUM_INCOME_YOY":null,"NET_INTEREST_INCOME":null,"NET_INTEREST_INCOME_YOY":null,"FEE_COMMISSION_INCOME":null,"FEE_COMMISSION_INCOME_YOY":null,"ACCOUNTS_RECE_TDAYS":3.651541549883,"INVENTORY_TDAYS":1.067938276897,"CURRENT_ASSETS_TDAYS":0.557774640716,"TOTAL_ASSETS_TDAYS":0.497697565408,"PREMIUM_EXPENSE":null,"LOAN_DEPOSIT":null,"LOAN_EQUITY":null,"LOAN_ASSETS":null,"DEPOSIT_EQUITY":null,"DEPOSIT_ASSETS":null,"EQUITY_MULTIPLIER":1.584499170083,"EQUITY_RATIO":0.584499170082}],"count":21},"success":true,"message":"ok","code":0}