{"version":"40ff9e6b88ea6314827534c49142c7ea","result":{"pages":2,"data":[{"SECUCODE":"01525.HK","SECURITY_CODE":"01525","SECURITY_NAME_ABBR":"建桥教育","ORG_CODE":"11003437","STD_REPORT_DATE":"2024-06-30 00:00:00","REPORT_DATE":"2024-06-30 00:00:00","DATE_TYPE_CODE":"002","REPORT_TYPE":"2024年中报","PER_NETCASH_OPERATE":-0.583780722892,"PER_OI":1.290202409639,"BPS":5.571927710843,"BASIC_EPS":0.45,"DILUTED_EPS":0.45,"OPERATE_INCOME":535434000,"OPERATE_INCOME_YOY":8.3343787052,"GROSS_PROFIT":330833000,"GROSS_PROFIT_YOY":-2.301070505722,"HOLDER_PROFIT":179857000,"HOLDER_PROFIT_YOY":-1.963381464,"GROSS_PROFIT_RATIO":61.787820721135,"EPS_TTM":0.674127710843,"OPERATE_INCOME_QOQ":4.429795082188,"NET_PROFIT_RATIO":33.5908814158,"ROE_AVG":8.02542691847,"GROSS_PROFIT_QOQ":-1.356600281697,"ROA":4.945576713331,"HOLDER_PROFIT_QOQ":-1.271152047712,"ROE_YEARLY":16.05085383694,"ROIC_YEARLY":11.134422567856,"TOTAL_ASSETS":3470947000,"TOTAL_LIABILITIES":1158597000,"TAX_EBT":25.583598824941,"OCF_SALES":-45.247220012177,"TOTAL_PARENT_EQUITY":2312350000,"DEBT_ASSET_RATIO":33.3798528183,"OPERATE_PROFIT":255446000,"PRETAX_PROFIT":241690000,"NETCASH_OPERATE":-242269000,"NETCASH_INVEST":16163000,"NETCASH_FINANCE":27391000,"END_CASH":306046000,"DIVI_RATIO":0.269815343702,"DIVIDEND_RATE":7.380073800738,"CURRENT_RATIO":1.322574675494,"COMMON_ACS":500000000,"CURRENTDEBT_DEBT":33.114188971661,"ISSUED_COMMON_SHARES":415000000,"HK_COMMON_SHARES":415000000,"PER_SHARES":500,"TOTAL_MARKET_CAP":1124650000,"HKSK_MARKET_CAP":1124650000,"PE_TTM":3.618914875471,"PB_TTM":0.443897144463,"REPORT_DATE_SQ":"2023-06-30 00:00:00","REPORT_TYPE_SQ":"2023年中报","OPERATE_INCOME_SQ":494242000,"DPS_HKD":0.2,"OPERATE_INCOME_QOQ_SQ":11.361525045753,"NET_PROFIT_RATIO_SQ":37.119265461,"HOLDER_PROFIT_SQ":183459000,"HOLDER_PROFIT_QOQ_SQ":22.381430832429,"ROE_AVG_SQ":9.02080731896,"PE_TTM_SQ":4.921485358226,"PB_TTM_SQ":0.635698264805,"ROA_SQ":5.497196177951,"START_DATE":"2024-01-01 00:00:00","FISCAL_YEAR":"12-31","CURRENCY":"HKD","IS_CNY_CODE":0,"DPS_HKD_LY":0.2,"ORG_TYPE":"一般企业","PREMIUM_INCOME":null,"PREMIUM_INCOME_YOY":null,"NET_INTEREST_INCOME":null,"NET_INTEREST_INCOME_YOY":null,"FEE_COMMISSION_INCOME":null,"FEE_COMMISSION_INCOME_YOY":null,"ACCOUNTS_RECE_TDAYS":62.256147898378,"INVENTORY_TDAYS":null,"CURRENT_ASSETS_TDAYS":0.776797935828,"TOTAL_ASSETS_TDAYS":0.147229739289,"PREMIUM_EXPENSE":null,"LOAN_DEPOSIT":null,"LOAN_EQUITY":null,"LOAN_ASSETS":null,"DEPOSIT_EQUITY":null,"DEPOSIT_ASSETS":null,"EQUITY_MULTIPLIER":1.501047419293,"EQUITY_RATIO":0.501047419292},{"SECUCODE":"01525.HK","SECURITY_CODE":"01525","SECURITY_NAME_ABBR":"建桥教育","ORG_CODE":"11003437","STD_REPORT_DATE":"2023-12-31 00:00:00","REPORT_DATE":"2023-12-31 00:00:00","DATE_TYPE_CODE":"001","REPORT_TYPE":"2023年年报","PER_NETCASH_OPERATE":1.127101204819,"PER_OI":2.240686746988,"BPS":5.228503614458,"BASIC_EPS":0.72,"DILUTED_EPS":0.72,"OPERATE_INCOME":929885000,"OPERATE_INCOME_YOY":17.6899789144,"GROSS_PROFIT":574377000,"GROSS_PROFIT_YOY":13.741848735502,"HOLDER_PROFIT":283365000,"HOLDER_PROFIT_YOY":25.9780733733,"GROSS_PROFIT_RATIO":61.76860579534,"EPS_TTM":0.682807228916,"OPERATE_INCOME_QOQ":5.68280100877,"NET_PROFIT_RATIO":30.4731230206,"ROE_AVG":13.720050258191,"GROSS_PROFIT_QOQ":1.073064463054,"ROA":7.788023075074,"HOLDER_PROFIT_QOQ":2.938879302516,"ROE_YEARLY":13.720050258191,"ROIC_YEARLY":9.210155954936,"TOTAL_ASSETS":3802502000,"TOTAL_LIABILITIES":1632673000,"TAX_EBT":25.298946569232,"OCF_SALES":50.301596433968,"TOTAL_PARENT_EQUITY":2169829000,"DEBT_ASSET_RATIO":42.9368084488,"OPERATE_PROFIT":404139000,"PRETAX_PROFIT":379332000,"NETCASH_OPERATE":467747000,"NETCASH_INVEST":-464185000,"NETCASH_FINANCE":-114488000,"END_CASH":506107000,"DIVI_RATIO":0.266385580435,"DIVIDEND_RATE":6.756756756757,"CURRENT_RATIO":0.92982656504,"COMMON_ACS":500000000,"CURRENTDEBT_DEBT":57.383995447956,"ISSUED_COMMON_SHARES":415000000,"HK_COMMON_SHARES":415000000,"PER_SHARES":500,"TOTAL_MARKET_CAP":1228400000,"HKSK_MARKET_CAP":1228400000,"PE_TTM":3.952763111215,"PB_TTM":0.484847065539,"REPORT_DATE_SQ":"2022-12-31 00:00:00","REPORT_TYPE_SQ":"2022年年报","OPERATE_INCOME_SQ":790114000,"DPS_HKD":0.2,"OPERATE_INCOME_QOQ_SQ":6.708857853247,"NET_PROFIT_RATIO_SQ":28.4682969799,"HOLDER_PROFIT_SQ":224932000,"HOLDER_PROFIT_QOQ_SQ":12.311571589065,"ROE_AVG_SQ":11.872644546961,"PE_TTM_SQ":5.357388347097,"PB_TTM_SQ":0.692002968259,"ROA_SQ":6.697160364346,"START_DATE":"2023-01-01 00:00:00","FISCAL_YEAR":"12-31","CURRENCY":"HKD","IS_CNY_CODE":0,"DPS_HKD_LY":0.2,"ORG_TYPE":"一般企业","PREMIUM_INCOME":null,"PREMIUM_INCOME_YOY":null,"NET_INTEREST_INCOME":null,"NET_INTEREST_INCOME_YOY":null,"FEE_COMMISSION_INCOME":null,"FEE_COMMISSION_INCOME_YOY":null,"ACCOUNTS_RECE_TDAYS":98.960783270367,"INVENTORY_TDAYS":null,"CURRENT_ASSETS_TDAYS":1.143738334425,"TOTAL_ASSETS_TDAYS":0.255570230521,"PREMIUM_EXPENSE":null,"LOAN_DEPOSIT":null,"LOAN_EQUITY":null,"LOAN_ASSETS":null,"DEPOSIT_EQUITY":null,"DEPOSIT_ASSETS":null,"EQUITY_MULTIPLIER":1.752443164878,"EQUITY_RATIO":0.752443164876},{"SECUCODE":"01525.HK","SECURITY_CODE":"01525","SECURITY_NAME_ABBR":"建桥教育","ORG_CODE":"11003437","STD_REPORT_DATE":"2023-06-30 00:00:00","REPORT_DATE":"2023-06-30 00:00:00","DATE_TYPE_CODE":"002","REPORT_TYPE":"2023年中报","PER_NETCASH_OPERATE":-0.40536626506,"PER_OI":1.190944578313,"BPS":5.076197590361,"BASIC_EPS":0.46,"DILUTED_EPS":0.46,"OPERATE_INCOME":494242000,"OPERATE_INCOME_YOY":22.1940648696,"GROSS_PROFIT":338625000,"GROSS_PROFIT_YOY":22.989223801343,"HOLDER_PROFIT":183459000,"HOLDER_PROFIT_YOY":37.8188947985,"GROSS_PROFIT_RATIO":68.514007308161,"EPS_TTM":0.663313253012,"OPERATE_INCOME_QOQ":11.361525045753,"NET_PROFIT_RATIO":37.119265461,"ROE_AVG":9.02080731896,"GROSS_PROFIT_QOQ":12.53428333231,"ROA":5.497196177951,"HOLDER_PROFIT_QOQ":22.381430832429,"ROE_YEARLY":18.041614637921,"ROIC_YEARLY":12.809121853667,"TOTAL_ASSETS":3200198000,"TOTAL_LIABILITIES":1093576000,"TAX_EBT":25.580782164603,"OCF_SALES":-34.037374403632,"TOTAL_PARENT_EQUITY":2106622000,"DEBT_ASSET_RATIO":34.1721355991,"OPERATE_PROFIT":258191000,"PRETAX_PROFIT":246521000,"NETCASH_OPERATE":-168227000,"NETCASH_INVEST":-56552000,"NETCASH_FINANCE":-64561000,"END_CASH":328108000,"DIVI_RATIO":0.274214331123,"DIVIDEND_RATE":6.756756756757,"CURRENT_RATIO":0.910469937534,"COMMON_ACS":500000000,"CURRENTDEBT_DEBT":35.264764405949,"ISSUED_COMMON_SHARES":415000000,"HK_COMMON_SHARES":415000000,"PER_SHARES":500,"TOTAL_MARKET_CAP":1228400000,"HKSK_MARKET_CAP":1228400000,"PE_TTM":3.952763111215,"PB_TTM":0.484847065539,"REPORT_DATE_SQ":"2022-06-30 00:00:00","REPORT_TYPE_SQ":"2022年中报","OPERATE_INCOME_SQ":404473000,"DPS_HKD":0.2,"OPERATE_INCOME_QOQ_SQ":8.317826735715,"NET_PROFIT_RATIO_SQ":32.9109730439,"HOLDER_PROFIT_SQ":133116000,"HOLDER_PROFIT_QOQ_SQ":11.877974660917,"ROE_AVG_SQ":7.119934275555,"PE_TTM_SQ":5.357388347097,"PB_TTM_SQ":0.692002968259,"ROA_SQ":4.294536222446,"START_DATE":"2023-01-01 00:00:00","FISCAL_YEAR":"12-31","CURRENCY":"HKD","IS_CNY_CODE":0,"DPS_HKD_LY":0.2,"ORG_TYPE":"一般企业","PREMIUM_INCOME":null,"PREMIUM_INCOME_YOY":null,"NET_INTEREST_INCOME":null,"NET_INTEREST_INCOME_YOY":null,"FEE_COMMISSION_INCOME":null,"FEE_COMMISSION_INCOME_YOY":null,"ACCOUNTS_RECE_TDAYS":53.532845924722,"INVENTORY_TDAYS":1260.05668016194,"CURRENT_ASSETS_TDAYS":0.893733098135,"TOTAL_ASSETS_TDAYS":0.148095499996,"PREMIUM_EXPENSE":null,"LOAN_DEPOSIT":null,"LOAN_EQUITY":null,"LOAN_ASSETS":null,"DEPOSIT_EQUITY":null,"DEPOSIT_ASSETS":null,"EQUITY_MULTIPLIER":1.519113538167,"EQUITY_RATIO":0.519113538167},{"SECUCODE":"01525.HK","SECURITY_CODE":"01525","SECURITY_NAME_ABBR":"建桥教育","ORG_CODE":"11003437","STD_REPORT_DATE":"2022-12-31 00:00:00","REPORT_DATE":"2022-12-31 00:00:00","DATE_TYPE_CODE":"001","REPORT_TYPE":"2022年年报","PER_NETCASH_OPERATE":1.048814457831,"PER_OI":1.903889156627,"BPS":4.724918072289,"BASIC_EPS":0.56,"DILUTED_EPS":0.56,"OPERATE_INCOME":790114000,"OPERATE_INCOME_YOY":15.5847157611,"GROSS_PROFIT":504983000,"GROSS_PROFIT_YOY":19.756163499938,"HOLDER_PROFIT":224932000,"HOLDER_PROFIT_YOY":25.6519116037,"GROSS_PROFIT_RATIO":63.91267589234,"EPS_TTM":0.542004819277,"OPERATE_INCOME_QOQ":6.708857853247,"NET_PROFIT_RATIO":28.4682969799,"ROE_AVG":11.872644546961,"GROSS_PROFIT_QOQ":7.062549955371,"ROA":6.697160364346,"HOLDER_PROFIT_QOQ":12.311571589065,"ROE_YEARLY":11.872644546961,"ROIC_YEARLY":8.017565558958,"TOTAL_ASSETS":3474441000,"TOTAL_LIABILITIES":1513600000,"TAX_EBT":26.325719114593,"OCF_SALES":55.0879999595,"TOTAL_PARENT_EQUITY":1960841000,"DEBT_ASSET_RATIO":43.5638423562,"OPERATE_PROFIT":330375000,"PRETAX_PROFIT":305306000,"NETCASH_OPERATE":435258000,"NETCASH_INVEST":-174421000,"NETCASH_FINANCE":-141829000,"END_CASH":617520000,"DIVI_RATIO":0.335587421976,"DIVIDEND_RATE":6.756756756757,"CURRENT_RATIO":0.962126551561,"COMMON_ACS":500000000,"CURRENTDEBT_DEBT":51.837539640592,"ISSUED_COMMON_SHARES":415000000,"HK_COMMON_SHARES":415000000,"PER_SHARES":500,"TOTAL_MARKET_CAP":1228400000,"HKSK_MARKET_CAP":1228400000,"PE_TTM":3.952763111215,"PB_TTM":0.484847065539,"REPORT_DATE_SQ":"2021-12-31 00:00:00","REPORT_TYPE_SQ":"2021年年报","OPERATE_INCOME_SQ":683580000,"DPS_HKD":0.2,"OPERATE_INCOME_QOQ_SQ":9.643663706821,"NET_PROFIT_RATIO_SQ":26.1874250271,"HOLDER_PROFIT_SQ":179012000,"HOLDER_PROFIT_QOQ_SQ":-10.910050066191,"ROE_AVG_SQ":9.971074681685,"PE_TTM_SQ":5.357388347097,"PB_TTM_SQ":0.692002968259,"ROA_SQ":5.402442947689,"START_DATE":"2022-01-01 00:00:00","FISCAL_YEAR":"12-31","CURRENCY":"HKD","IS_CNY_CODE":0,"DPS_HKD_LY":0.2,"ORG_TYPE":"一般企业","PREMIUM_INCOME":null,"PREMIUM_INCOME_YOY":null,"NET_INTEREST_INCOME":null,"NET_INTEREST_INCOME_YOY":null,"FEE_COMMISSION_INCOME":null,"FEE_COMMISSION_INCOME_YOY":null,"ACCOUNTS_RECE_TDAYS":108.532142857143,"INVENTORY_TDAYS":2715.53333333333,"CURRENT_ASSETS_TDAYS":1.257449512331,"TOTAL_ASSETS_TDAYS":0.235249771669,"PREMIUM_EXPENSE":null,"LOAN_DEPOSIT":null,"LOAN_EQUITY":null,"LOAN_ASSETS":null,"DEPOSIT_EQUITY":null,"DEPOSIT_ASSETS":null,"EQUITY_MULTIPLIER":1.771913683975,"EQUITY_RATIO":0.771913683975},{"SECUCODE":"01525.HK","SECURITY_CODE":"01525","SECURITY_NAME_ABBR":"建桥教育","ORG_CODE":"11003437","STD_REPORT_DATE":"2022-06-30 00:00:00","REPORT_DATE":"2022-06-30 00:00:00","DATE_TYPE_CODE":"002","REPORT_TYPE":"2022年中报","PER_NETCASH_OPERATE":-0.515703614458,"PER_OI":0.97463373494,"BPS":4.604840963855,"BASIC_EPS":0.33,"DILUTED_EPS":0.33,"OPERATE_INCOME":404473000,"OPERATE_INCOME_YOY":16.3569361418,"GROSS_PROFIT":275329000,"GROSS_PROFIT_YOY":22.187064535312,"HOLDER_PROFIT":133116000,"HOLDER_PROFIT_YOY":19.009771754,"GROSS_PROFIT_RATIO":68.071045533324,"EPS_TTM":0.482590361446,"OPERATE_INCOME_QOQ":8.317826735715,"NET_PROFIT_RATIO":32.9109730439,"ROE_AVG":7.119934275555,"GROSS_PROFIT_QOQ":11.856259308094,"ROA":4.294536222446,"HOLDER_PROFIT_QOQ":11.877974660917,"ROE_YEARLY":14.23986855111,"ROIC_YEARLY":9.608257922206,"TOTAL_ASSETS":2956525000,"TOTAL_LIABILITIES":1045516000,"TAX_EBT":27.312241309642,"OCF_SALES":-52.912555349801,"TOTAL_PARENT_EQUITY":1911009000,"DEBT_ASSET_RATIO":35.3630021732,"OPERATE_PROFIT":195639000,"PRETAX_PROFIT":183134000,"NETCASH_OPERATE":-214017000,"NETCASH_INVEST":-60912000,"NETCASH_FINANCE":-50701000,"END_CASH":168851000,"DIVI_RATIO":0.376903507677,"DIVIDEND_RATE":6.756756756757,"CURRENT_RATIO":0.646795454385,"COMMON_ACS":500000000,"CURRENTDEBT_DEBT":27.151951763531,"ISSUED_COMMON_SHARES":415000000,"HK_COMMON_SHARES":415000000,"PER_SHARES":500,"TOTAL_MARKET_CAP":1228400000,"HKSK_MARKET_CAP":1228400000,"PE_TTM":3.952763111215,"PB_TTM":0.484847065539,"REPORT_DATE_SQ":"2021-06-30 00:00:00","REPORT_TYPE_SQ":"2021年中报","OPERATE_INCOME_SQ":347614000,"DPS_HKD":0.2,"OPERATE_INCOME_QOQ_SQ":12.355670892691,"NET_PROFIT_RATIO_SQ":32.1773576438,"HOLDER_PROFIT_SQ":111853000,"HOLDER_PROFIT_QOQ_SQ":4.080681253108,"ROE_AVG_SQ":6.221997243704,"PE_TTM_SQ":5.357388347097,"PB_TTM_SQ":0.692002968259,"ROA_SQ":3.307363024584,"START_DATE":"2022-01-01 00:00:00","FISCAL_YEAR":"12-31","CURRENCY":"HKD","IS_CNY_CODE":0,"DPS_HKD_LY":0.2,"ORG_TYPE":"一般企业","PREMIUM_INCOME":null,"PREMIUM_INCOME_YOY":null,"NET_INTEREST_INCOME":null,"NET_INTEREST_INCOME_YOY":null,"FEE_COMMISSION_INCOME":null,"FEE_COMMISSION_INCOME_YOY":null,"ACCOUNTS_RECE_TDAYS":63.892741489614,"INVENTORY_TDAYS":null,"CURRENT_ASSETS_TDAYS":1.180241812529,"TOTAL_ASSETS_TDAYS":0.130489494088,"PREMIUM_EXPENSE":null,"LOAN_DEPOSIT":null,"LOAN_EQUITY":null,"LOAN_ASSETS":null,"DEPOSIT_EQUITY":null,"DEPOSIT_ASSETS":null,"EQUITY_MULTIPLIER":1.547101557346,"EQUITY_RATIO":0.547101557345},{"SECUCODE":"01525.HK","SECURITY_CODE":"01525","SECURITY_NAME_ABBR":"建桥教育","ORG_CODE":"11003437","STD_REPORT_DATE":"2021-12-31 00:00:00","REPORT_DATE":"2021-12-31 00:00:00","DATE_TYPE_CODE":"001","REPORT_TYPE":"2021年年报","PER_NETCASH_OPERATE":0.993346987952,"PER_OI":1.647180722892,"BPS":4.405395180723,"BASIC_EPS":0.43,"DILUTED_EPS":0.43,"OPERATE_INCOME":683580000,"OPERATE_INCOME_YOY":23.1908739491,"GROSS_PROFIT":421676000,"GROSS_PROFIT_YOY":25.719567096986,"HOLDER_PROFIT":179012000,"HOLDER_PROFIT_YOY":-7.2745731808,"GROSS_PROFIT_RATIO":61.686415635332,"EPS_TTM":0.431354216867,"OPERATE_INCOME_QOQ":9.643663706821,"NET_PROFIT_RATIO":26.1874250271,"ROE_AVG":9.971074681685,"GROSS_PROFIT_QOQ":10.660431329943,"ROA":5.402442947689,"HOLDER_PROFIT_QOQ":-10.910050066191,"ROE_YEARLY":9.971074681685,"ROIC_YEARLY":6.601078226752,"TOTAL_ASSETS":3242794000,"TOTAL_LIABILITIES":1414555000,"TAX_EBT":26.447228396863,"OCF_SALES":60.305889581322,"TOTAL_PARENT_EQUITY":1828239000,"DEBT_ASSET_RATIO":43.6214881365,"OPERATE_PROFIT":289319000,"PRETAX_PROFIT":243379000,"NETCASH_OPERATE":412239000,"NETCASH_INVEST":32308000,"NETCASH_FINANCE":-497378000,"END_CASH":488735000,"DIVI_RATIO":0.421672010815,"DIVIDEND_RATE":6.756756756757,"CURRENT_RATIO":0.761721157437,"COMMON_ACS":500000000,"CURRENTDEBT_DEBT":46.570546921117,"ISSUED_COMMON_SHARES":415000000,"HK_COMMON_SHARES":415000000,"PER_SHARES":500,"TOTAL_MARKET_CAP":1228400000,"HKSK_MARKET_CAP":1228400000,"PE_TTM":3.952763111215,"PB_TTM":0.484847065539,"REPORT_DATE_SQ":"2020-12-31 00:00:00","REPORT_TYPE_SQ":"2020年年报","OPERATE_INCOME_SQ":554895000,"DPS_HKD":0.2,"OPERATE_INCOME_QOQ_SQ":5.436418359669,"NET_PROFIT_RATIO_SQ":34.7914470305,"HOLDER_PROFIT_SQ":193056000,"HOLDER_PROFIT_QOQ_SQ":30.094274143008,"ROE_AVG_SQ":13.902112868254,"PE_TTM_SQ":5.357388347097,"PB_TTM_SQ":0.692002968259,"ROA_SQ":6.203592991395,"START_DATE":"2021-01-01 00:00:00","FISCAL_YEAR":"12-31","CURRENCY":"HKD","IS_CNY_CODE":0,"DPS_HKD_LY":0.18,"ORG_TYPE":"一般企业","PREMIUM_INCOME":null,"PREMIUM_INCOME_YOY":null,"NET_INTEREST_INCOME":null,"NET_INTEREST_INCOME_YOY":null,"FEE_COMMISSION_INCOME":null,"FEE_COMMISSION_INCOME_YOY":null,"ACCOUNTS_RECE_TDAYS":154.167794316644,"INVENTORY_TDAYS":null,"CURRENT_ASSETS_TDAYS":1.117027404412,"TOTAL_ASSETS_TDAYS":0.206299128002,"PREMIUM_EXPENSE":null,"LOAN_DEPOSIT":null,"LOAN_EQUITY":null,"LOAN_ASSETS":null,"DEPOSIT_EQUITY":null,"DEPOSIT_ASSETS":null,"EQUITY_MULTIPLIER":1.773725426491,"EQUITY_RATIO":0.77372542649},{"SECUCODE":"01525.HK","SECURITY_CODE":"01525","SECURITY_NAME_ABBR":"建桥教育","ORG_CODE":"11003437","STD_REPORT_DATE":"2021-06-30 00:00:00","REPORT_DATE":"2021-06-30 00:00:00","DATE_TYPE_CODE":"002","REPORT_TYPE":"2021年中报","PER_NETCASH_OPERATE":-0.257869879518,"PER_OI":0.837624096386,"BPS":4.416910843373,"BASIC_EPS":0.27,"DILUTED_EPS":0.27,"OPERATE_INCOME":347614000,"OPERATE_INCOME_YOY":24.5691678642,"GROSS_PROFIT":225334000,"GROSS_PROFIT_YOY":25.40152484835,"HOLDER_PROFIT":111853000,"HOLDER_PROFIT_YOY":7.5768213513,"GROSS_PROFIT_RATIO":64.823050855259,"EPS_TTM":0.484178313253,"OPERATE_INCOME_QOQ":12.355670892691,"NET_PROFIT_RATIO":32.1773576438,"ROE_AVG":6.221997243704,"GROSS_PROFIT_QOQ":13.608419546227,"ROA":3.307363024584,"HOLDER_PROFIT_QOQ":4.080681253108,"ROE_YEARLY":12.443994487408,"ROIC_YEARLY":8.309972609772,"TOTAL_ASSETS":3379596000,"TOTAL_LIABILITIES":1546578000,"TAX_EBT":25.324796709973,"OCF_SALES":-30.78587168526,"TOTAL_PARENT_EQUITY":1833018000,"DEBT_ASSET_RATIO":45.7622153654,"OPERATE_PROFIT":175986000,"PRETAX_PROFIT":149786000,"NETCASH_OPERATE":-107016000,"NETCASH_INVEST":-62972000,"NETCASH_FINANCE":122414000,"END_CASH":665220000,"DIVI_RATIO":0.37566738332,"DIVIDEND_RATE":6.756756756757,"CURRENT_RATIO":1.225458917429,"COMMON_ACS":500000000,"CURRENTDEBT_DEBT":35.709676459901,"ISSUED_COMMON_SHARES":415000000,"HK_COMMON_SHARES":415000000,"PER_SHARES":500,"TOTAL_MARKET_CAP":1228400000,"HKSK_MARKET_CAP":1228400000,"PE_TTM":3.952763111215,"PB_TTM":0.484847065539,"REPORT_DATE_SQ":"2020-06-30 00:00:00","REPORT_TYPE_SQ":"2020年中报","OPERATE_INCOME_SQ":279053000,"DPS_HKD":0.2,"OPERATE_INCOME_QOQ_SQ":4.954112340011,"NET_PROFIT_RATIO_SQ":37.2599470352,"HOLDER_PROFIT_SQ":103975000,"HOLDER_PROFIT_QOQ_SQ":18.320044649976,"ROE_AVG_SQ":7.592902142663,"PE_TTM_SQ":5.357388347097,"PB_TTM_SQ":0.692002968259,"ROA_SQ":3.519526645245,"START_DATE":"2021-01-01 00:00:00","FISCAL_YEAR":"12-31","CURRENCY":"HKD","IS_CNY_CODE":0,"DPS_HKD_LY":0.18,"ORG_TYPE":"一般企业","PREMIUM_INCOME":null,"PREMIUM_INCOME_YOY":null,"NET_INTEREST_INCOME":null,"NET_INTEREST_INCOME_YOY":null,"FEE_COMMISSION_INCOME":null,"FEE_COMMISSION_INCOME_YOY":null,"ACCOUNTS_RECE_TDAYS":103.057812036763,"INVENTORY_TDAYS":null,"CURRENT_ASSETS_TDAYS":0.496973032865,"TOTAL_ASSETS_TDAYS":0.10278541393,"PREMIUM_EXPENSE":null,"LOAN_DEPOSIT":null,"LOAN_EQUITY":null,"LOAN_ASSETS":null,"DEPOSIT_EQUITY":null,"DEPOSIT_ASSETS":null,"EQUITY_MULTIPLIER":1.843733122097,"EQUITY_RATIO":0.843733122097},{"SECUCODE":"01525.HK","SECURITY_CODE":"01525","SECURITY_NAME_ABBR":"建桥教育","ORG_CODE":"11003437","STD_REPORT_DATE":"2020-12-31 00:00:00","REPORT_DATE":"2020-12-31 00:00:00","DATE_TYPE_CODE":"001","REPORT_TYPE":"2020年年报","PER_NETCASH_OPERATE":0.497486746988,"PER_OI":1.337096385542,"BPS":4.246715662651,"BASIC_EPS":0.47,"DILUTED_EPS":0.47,"OPERATE_INCOME":554895000,"OPERATE_INCOME_YOY":10.6598569725,"GROSS_PROFIT":335410000,"GROSS_PROFIT_YOY":19.826517525088,"HOLDER_PROFIT":193056000,"HOLDER_PROFIT_YOY":53.9276032531,"GROSS_PROFIT_RATIO":60.445669901513,"EPS_TTM":0.465195180723,"OPERATE_INCOME_QOQ":5.436418359669,"NET_PROFIT_RATIO":34.7914470305,"ROE_AVG":13.902112868254,"GROSS_PROFIT_QOQ":7.401311576197,"ROA":6.203592991395,"HOLDER_PROFIT_QOQ":30.094274143008,"ROE_YEARLY":13.902112868254,"ROIC_YEARLY":7.461796441717,"TOTAL_ASSETS":3384282000,"TOTAL_LIABILITIES":1621895000,"TAX_EBT":2.49992424472,"OCF_SALES":37.206498526748,"TOTAL_PARENT_EQUITY":1762387000,"DEBT_ASSET_RATIO":47.924345548,"OPERATE_PROFIT":254115000,"PRETAX_PROFIT":198006000,"NETCASH_OPERATE":206457000,"NETCASH_INVEST":-487905000,"NETCASH_FINANCE":492874000,"END_CASH":546293000,"DIVI_RATIO":0.390997171805,"DIVIDEND_RATE":6.756756756757,"CURRENT_RATIO":0.817873755432,"COMMON_ACS":500000000,"CURRENTDEBT_DEBT":54.438604225304,"ISSUED_COMMON_SHARES":415000000,"HK_COMMON_SHARES":415000000,"PER_SHARES":500,"TOTAL_MARKET_CAP":1228400000,"HKSK_MARKET_CAP":1228400000,"PE_TTM":3.952763111215,"PB_TTM":0.484847065539,"REPORT_DATE_SQ":"2019-12-31 00:00:00","REPORT_TYPE_SQ":"2019年年报","OPERATE_INCOME_SQ":501442000,"DPS_HKD":0.2,"OPERATE_INCOME_QOQ_SQ":8.46140036295,"NET_PROFIT_RATIO_SQ":25.0118657791,"HOLDER_PROFIT_SQ":125420000,"HOLDER_PROFIT_QOQ_SQ":-10.046117323044,"ROE_AVG_SQ":13.168373434996,"PE_TTM_SQ":5.357388347097,"PB_TTM_SQ":0.692002968259,"ROA_SQ":4.451976811526,"START_DATE":"2020-01-01 00:00:00","FISCAL_YEAR":"12-31","CURRENCY":"HKD","IS_CNY_CODE":0,"DPS_HKD_LY":0.1,"ORG_TYPE":"一般企业","PREMIUM_INCOME":null,"PREMIUM_INCOME_YOY":null,"NET_INTEREST_INCOME":null,"NET_INTEREST_INCOME_YOY":null,"FEE_COMMISSION_INCOME":null,"FEE_COMMISSION_INCOME_YOY":null,"ACCOUNTS_RECE_TDAYS":130.640376692172,"INVENTORY_TDAYS":null,"CURRENT_ASSETS_TDAYS":1.036229130271,"TOTAL_ASSETS_TDAYS":0.178307990063,"PREMIUM_EXPENSE":null,"LOAN_DEPOSIT":null,"LOAN_EQUITY":null,"LOAN_ASSETS":null,"DEPOSIT_EQUITY":null,"DEPOSIT_ASSETS":null,"EQUITY_MULTIPLIER":1.920283116023,"EQUITY_RATIO":0.920283116024},{"SECUCODE":"01525.HK","SECURITY_CODE":"01525","SECURITY_NAME_ABBR":"建桥教育","ORG_CODE":"11003437","STD_REPORT_DATE":"2020-06-30 00:00:00","REPORT_DATE":"2020-06-30 00:00:00","DATE_TYPE_CODE":"002","REPORT_TYPE":"2020年中报","PER_NETCASH_OPERATE":-0.997655421687,"PER_OI":0.67241686747,"BPS":4.153655421687,"BASIC_EPS":0.26,"DILUTED_EPS":0.26,"OPERATE_INCOME":279053000,"OPERATE_INCOME_YOY":9.7721971118,"GROSS_PROFIT":179690000,"GROSS_PROFIT_YOY":21.983340913874,"HOLDER_PROFIT":103975000,"HOLDER_PROFIT_YOY":28.3673670955,"GROSS_PROFIT_RATIO":64.392785599868,"EPS_TTM":0.35758313253,"OPERATE_INCOME_QOQ":4.954112340011,"NET_PROFIT_RATIO":37.2599470352,"ROE_AVG":7.592902142663,"GROSS_PROFIT_QOQ":11.568951781446,"ROA":3.519526645245,"HOLDER_PROFIT_QOQ":18.320044649976,"ROE_YEARLY":15.185804285325,"ROIC_YEARLY":8.312384153266,"TOTAL_ASSETS":3068741000,"TOTAL_LIABILITIES":1344974000,"TAX_EBT":0.354592936892,"OCF_SALES":-148.368589479418,"TOTAL_PARENT_EQUITY":1723767000,"DEBT_ASSET_RATIO":43.8282018587,"OPERATE_PROFIT":133895000,"PRETAX_PROFIT":104345000,"NETCASH_OPERATE":-414027000,"NETCASH_INVEST":-91442000,"NETCASH_FINANCE":556215000,"END_CASH":387532000,"DIVI_RATIO":0.50866493258,"DIVIDEND_RATE":6.756756756757,"CURRENT_RATIO":1.379364825931,"COMMON_ACS":500000000,"CURRENTDEBT_DEBT":31.200082678178,"ISSUED_COMMON_SHARES":415000000,"HK_COMMON_SHARES":415000000,"PER_SHARES":500,"TOTAL_MARKET_CAP":1228400000,"HKSK_MARKET_CAP":1228400000,"PE_TTM":3.952763111215,"PB_TTM":0.484847065539,"REPORT_DATE_SQ":"2019-06-30 00:00:00","REPORT_TYPE_SQ":"2019年中报","OPERATE_INCOME_SQ":254211000,"DPS_HKD":0.2,"OPERATE_INCOME_QOQ_SQ":8.887695572403,"NET_PROFIT_RATIO_SQ":31.8625079167,"HOLDER_PROFIT_SQ":80998000,"HOLDER_PROFIT_QOQ_SQ":28.415381072991,"ROE_AVG_SQ":8.705802184243,"PE_TTM_SQ":5.357388347097,"PB_TTM_SQ":0.692002968259,"ROA_SQ":2.948787399557,"START_DATE":"2020-01-01 00:00:00","FISCAL_YEAR":"12-31","CURRENCY":"HKD","IS_CNY_CODE":0,"DPS_HKD_LY":0.1,"ORG_TYPE":"一般企业","PREMIUM_INCOME":null,"PREMIUM_INCOME_YOY":null,"NET_INTEREST_INCOME":null,"NET_INTEREST_INCOME_YOY":null,"FEE_COMMISSION_INCOME":null,"FEE_COMMISSION_INCOME_YOY":null,"ACCOUNTS_RECE_TDAYS":71.196070927414,"INVENTORY_TDAYS":null,"CURRENT_ASSETS_TDAYS":0.601611538399,"TOTAL_ASSETS_TDAYS":0.09445871305,"PREMIUM_EXPENSE":null,"LOAN_DEPOSIT":null,"LOAN_EQUITY":null,"LOAN_ASSETS":null,"DEPOSIT_EQUITY":null,"DEPOSIT_ASSETS":null,"EQUITY_MULTIPLIER":1.780252783585,"EQUITY_RATIO":0.780252783584}],"count":17},"success":true,"message":"ok","code":0}