{"version":"69f93b6534a0992e05a599018be68932","result":{"pages":3,"data":[{"SECUCODE":"01527.HK","SECURITY_CODE":"01527","SECURITY_NAME_ABBR":"天洁环境","ORG_CODE":"10472750","STD_REPORT_DATE":"2024-06-30 00:00:00","REPORT_DATE":"2024-06-30 00:00:00","DATE_TYPE_CODE":"002","REPORT_TYPE":"2024年中报","PER_NETCASH_OPERATE":0.583340740741,"PER_OI":2.642533333333,"BPS":6.55522962963,"BASIC_EPS":0.11,"DILUTED_EPS":0.11,"OPERATE_INCOME":356742000,"OPERATE_INCOME_YOY":23.5658420677,"GROSS_PROFIT":90615000,"GROSS_PROFIT_YOY":46.597748010095,"HOLDER_PROFIT":14778000,"HOLDER_PROFIT_YOY":115.1091703057,"GROSS_PROFIT_RATIO":25.400709756631,"EPS_TTM":0.374925925926,"OPERATE_INCOME_QOQ":10.971177197186,"NET_PROFIT_RATIO":4.1424895302,"ROE_AVG":1.683973987171,"GROSS_PROFIT_QOQ":20.453916019855,"ROA":0.813837103163,"HOLDER_PROFIT_QOQ":18.5168707706,"ROE_YEARLY":3.367947974343,"ROIC_YEARLY":2.236340379843,"TOTAL_ASSETS":1834829000,"TOTAL_LIABILITIES":949873000,"TAX_EBT":42.922250975242,"OCF_SALES":22.075057044026,"TOTAL_PARENT_EQUITY":884956000,"DEBT_ASSET_RATIO":51.7690204373,"OPERATE_PROFIT":40408000,"PRETAX_PROFIT":25891000,"NETCASH_OPERATE":78751000,"NETCASH_INVEST":3403000,"NETCASH_FINANCE":null,"END_CASH":535296000,"DIVI_RATIO":null,"DIVIDEND_RATE":null,"CURRENT_RATIO":1.645508399544,"COMMON_ACS":null,"CURRENTDEBT_DEBT":100,"ISSUED_COMMON_SHARES":135000000,"HK_COMMON_SHARES":35000000,"PER_SHARES":200,"TOTAL_MARKET_CAP":137700000,"HKSK_MARKET_CAP":35700000,"PE_TTM":2.464780428733,"PB_TTM":0.142013880916,"REPORT_DATE_SQ":"2023-06-30 00:00:00","REPORT_TYPE_SQ":"2023年中报","OPERATE_INCOME_SQ":288706000,"DPS_HKD":null,"OPERATE_INCOME_QOQ_SQ":-5.020837257736,"NET_PROFIT_RATIO_SQ":2.3795833824,"HOLDER_PROFIT_SQ":6870000,"HOLDER_PROFIT_QOQ_SQ":-4.012685383826,"ROE_AVG_SQ":0.820145740017,"PE_TTM_SQ":2.039967440482,"PB_TTM_SQ":0.127265513482,"ROA_SQ":0.445878929917,"START_DATE":"2024-01-01 00:00:00","FISCAL_YEAR":"12-31","CURRENCY":"HKD","IS_CNY_CODE":0,"DPS_HKD_LY":null,"ORG_TYPE":"一般企业","PREMIUM_INCOME":null,"PREMIUM_INCOME_YOY":null,"NET_INTEREST_INCOME":null,"NET_INTEREST_INCOME_YOY":null,"FEE_COMMISSION_INCOME":null,"FEE_COMMISSION_INCOME_YOY":null,"ACCOUNTS_RECE_TDAYS":0.630598175776,"INVENTORY_TDAYS":0.742625771048,"CURRENT_ASSETS_TDAYS":0.231927305494,"TOTAL_ASSETS_TDAYS":0.196460871469,"PREMIUM_EXPENSE":null,"LOAN_DEPOSIT":null,"LOAN_EQUITY":null,"LOAN_ASSETS":null,"DEPOSIT_EQUITY":null,"DEPOSIT_ASSETS":null,"EQUITY_MULTIPLIER":2.073356189459,"EQUITY_RATIO":1.07335618946},{"SECUCODE":"01527.HK","SECURITY_CODE":"01527","SECURITY_NAME_ABBR":"天洁环境","ORG_CODE":"10472750","STD_REPORT_DATE":"2023-12-31 00:00:00","REPORT_DATE":"2023-12-31 00:00:00","DATE_TYPE_CODE":"001","REPORT_TYPE":"2023年年报","PER_NETCASH_OPERATE":1.873814814815,"PER_OI":4.593585185185,"BPS":6.445762962963,"BASIC_EPS":0.32,"DILUTED_EPS":0.32,"OPERATE_INCOME":620134000,"OPERATE_INCOME_YOY":31.2533467663,"GROSS_PROFIT":140819000,"GROSS_PROFIT_YOY":108.809442607393,"HOLDER_PROFIT":42707000,"HOLDER_PROFIT_YOY":-20.330193079,"GROSS_PROFIT_RATIO":22.707834113272,"EPS_TTM":0.316348148148,"OPERATE_INCOME_QOQ":38.191728560955,"NET_PROFIT_RATIO":6.8867373826,"ROE_AVG":5.011385244887,"GROSS_PROFIT_QOQ":127.534780009372,"ROA":2.562997699682,"HOLDER_PROFIT_QOQ":-16.99965017297,"ROE_YEARLY":5.011385244887,"ROIC_YEARLY":3.237342039623,"TOTAL_ASSETS":1796856000,"TOTAL_LIABILITIES":926678000,"TAX_EBT":30.047009876988,"OCF_SALES":40.791990118265,"TOTAL_PARENT_EQUITY":870178000,"DEBT_ASSET_RATIO":51.5721905372,"OPERATE_PROFIT":81828000,"PRETAX_PROFIT":61051000,"NETCASH_OPERATE":252965000,"NETCASH_INVEST":-64944000,"NETCASH_FINANCE":23250000,"END_CASH":453142000,"DIVI_RATIO":null,"DIVIDEND_RATE":null,"CURRENT_RATIO":1.633039739802,"COMMON_ACS":null,"CURRENTDEBT_DEBT":100,"ISSUED_COMMON_SHARES":135000000,"HK_COMMON_SHARES":35000000,"PER_SHARES":200,"TOTAL_MARKET_CAP":135000000,"HKSK_MARKET_CAP":35000000,"PE_TTM":2.416451400718,"PB_TTM":0.139229295016,"REPORT_DATE_SQ":"2022-12-31 00:00:00","REPORT_TYPE_SQ":"2022年年报","OPERATE_INCOME_SQ":472471000,"DPS_HKD":null,"OPERATE_INCOME_QOQ_SQ":-48.074232577973,"NET_PROFIT_RATIO_SQ":11.345669893,"HOLDER_PROFIT_SQ":53605000,"HOLDER_PROFIT_QOQ_SQ":90.656565656566,"ROE_AVG_SQ":6.639060165206,"PE_TTM_SQ":2.016246888849,"PB_TTM_SQ":0.12578568193,"ROA_SQ":3.431744581662,"START_DATE":"2023-01-01 00:00:00","FISCAL_YEAR":"12-31","CURRENCY":"HKD","IS_CNY_CODE":0,"DPS_HKD_LY":0.0543,"ORG_TYPE":"一般企业","PREMIUM_INCOME":null,"PREMIUM_INCOME_YOY":null,"NET_INTEREST_INCOME":null,"NET_INTEREST_INCOME_YOY":null,"FEE_COMMISSION_INCOME":null,"FEE_COMMISSION_INCOME_YOY":null,"ACCOUNTS_RECE_TDAYS":0.983639424949,"INVENTORY_TDAYS":1.439060271711,"CURRENT_ASSETS_TDAYS":0.434765142595,"TOTAL_ASSETS_TDAYS":0.37216428583,"PREMIUM_EXPENSE":null,"LOAN_DEPOSIT":null,"LOAN_EQUITY":null,"LOAN_ASSETS":null,"DEPOSIT_EQUITY":null,"DEPOSIT_ASSETS":null,"EQUITY_MULTIPLIER":2.064929244359,"EQUITY_RATIO":1.064929244361},{"SECUCODE":"01527.HK","SECURITY_CODE":"01527","SECURITY_NAME_ABBR":"天洁环境","ORG_CODE":"10472750","STD_REPORT_DATE":"2023-06-30 00:00:00","REPORT_DATE":"2023-06-30 00:00:00","DATE_TYPE_CODE":"002","REPORT_TYPE":"2023年中报","PER_NETCASH_OPERATE":0.175666666667,"PER_OI":2.138562962963,"BPS":6.230303703704,"BASIC_EPS":0.05,"DILUTED_EPS":0.05,"OPERATE_INCOME":288706000,"OPERATE_INCOME_YOY":-7.5927893787,"GROSS_PROFIT":61812000,"GROSS_PROFIT_YOY":-8.239066536029,"HOLDER_PROFIT":6870000,"HOLDER_PROFIT_YOY":-23.8443631526,"GROSS_PROFIT_RATIO":21.41001572534,"EPS_TTM":0.381140740741,"OPERATE_INCOME_QOQ":-5.020837257736,"NET_PROFIT_RATIO":2.3795833824,"ROE_AVG":0.820145740017,"GROSS_PROFIT_QOQ":-8.229659395899,"ROA":0.445878929917,"HOLDER_PROFIT_QOQ":-4.012685383826,"ROE_YEARLY":1.640291480035,"ROIC_YEARLY":1.078858341738,"TOTAL_ASSETS":1545828000,"TOTAL_LIABILITIES":704737000,"TAX_EBT":43.316831683168,"OCF_SALES":8.214238706504,"TOTAL_PARENT_EQUITY":841091000,"DEBT_ASSET_RATIO":45.5896128159,"OPERATE_PROFIT":23172000,"PRETAX_PROFIT":12120000,"NETCASH_OPERATE":23715000,"NETCASH_INVEST":-1380000,"NETCASH_FINANCE":30000000,"END_CASH":293376000,"DIVI_RATIO":null,"DIVIDEND_RATE":null,"CURRENT_RATIO":1.922623617037,"COMMON_ACS":null,"CURRENTDEBT_DEBT":100,"ISSUED_COMMON_SHARES":135000000,"HK_COMMON_SHARES":35000000,"PER_SHARES":200,"TOTAL_MARKET_CAP":135000000,"HKSK_MARKET_CAP":35000000,"PE_TTM":2.416451400718,"PB_TTM":0.139229295016,"REPORT_DATE_SQ":"2022-06-30 00:00:00","REPORT_TYPE_SQ":"2022年中报","OPERATE_INCOME_SQ":312428000,"DPS_HKD":null,"OPERATE_INCOME_QOQ_SQ":19.226772716254,"NET_PROFIT_RATIO_SQ":2.8873852536,"HOLDER_PROFIT_SQ":9021000,"HOLDER_PROFIT_QOQ_SQ":36.405977100718,"ROE_AVG_SQ":1.148986819321,"PE_TTM_SQ":2.016246888849,"PB_TTM_SQ":0.12578568193,"ROA_SQ":0.5856668412,"START_DATE":"2023-01-01 00:00:00","FISCAL_YEAR":"12-31","CURRENCY":"HKD","IS_CNY_CODE":0,"DPS_HKD_LY":0.0543,"ORG_TYPE":"一般企业","PREMIUM_INCOME":null,"PREMIUM_INCOME_YOY":null,"NET_INTEREST_INCOME":null,"NET_INTEREST_INCOME_YOY":null,"FEE_COMMISSION_INCOME":null,"FEE_COMMISSION_INCOME_YOY":null,"ACCOUNTS_RECE_TDAYS":0.419467721489,"INVENTORY_TDAYS":0.820775687902,"CURRENT_ASSETS_TDAYS":0.214302919455,"TOTAL_ASSETS_TDAYS":0.187376888414,"PREMIUM_EXPENSE":null,"LOAN_DEPOSIT":null,"LOAN_EQUITY":null,"LOAN_ASSETS":null,"DEPOSIT_EQUITY":null,"DEPOSIT_ASSETS":null,"EQUITY_MULTIPLIER":1.837884366852,"EQUITY_RATIO":0.837884366852},{"SECUCODE":"01527.HK","SECURITY_CODE":"01527","SECURITY_NAME_ABBR":"天洁环境","ORG_CODE":"10472750","STD_REPORT_DATE":"2022-12-31 00:00:00","REPORT_DATE":"2022-12-31 00:00:00","DATE_TYPE_CODE":"001","REPORT_TYPE":"2022年年报","PER_NETCASH_OPERATE":0.49782962963,"PER_OI":3.499785185185,"BPS":6.179414814815,"BASIC_EPS":0.4,"DILUTED_EPS":0.4,"OPERATE_INCOME":472471000,"OPERATE_INCOME_YOY":-38.0905832946,"GROSS_PROFIT":67439000,"GROSS_PROFIT_YOY":-39.238670150464,"HOLDER_PROFIT":53605000,"HOLDER_PROFIT_YOY":160.0669512905,"GROSS_PROFIT_RATIO":14.273680289372,"EPS_TTM":0.397074074074,"OPERATE_INCOME_QOQ":-48.074232577973,"NET_PROFIT_RATIO":11.345669893,"ROE_AVG":6.639060165206,"GROSS_PROFIT_QOQ":-57.034549983754,"ROA":3.431744581662,"HOLDER_PROFIT_QOQ":90.656565656566,"ROE_YEARLY":6.639060165206,"ROIC_YEARLY":3.730791435152,"TOTAL_ASSETS":1535726000,"TOTAL_LIABILITIES":701505000,"TAX_EBT":29.253002507589,"OCF_SALES":14.224576746509,"TOTAL_PARENT_EQUITY":834221000,"DEBT_ASSET_RATIO":45.6790469133,"OPERATE_PROFIT":105332000,"PRETAX_PROFIT":75770000,"NETCASH_OPERATE":67207000,"NETCASH_INVEST":215285000,"NETCASH_FINANCE":-51500000,"END_CASH":241041000,"DIVI_RATIO":null,"DIVIDEND_RATE":null,"CURRENT_RATIO":1.909364865539,"COMMON_ACS":null,"CURRENTDEBT_DEBT":100,"ISSUED_COMMON_SHARES":135000000,"HK_COMMON_SHARES":35000000,"PER_SHARES":200,"TOTAL_MARKET_CAP":135000000,"HKSK_MARKET_CAP":35000000,"PE_TTM":2.416451400718,"PB_TTM":0.139229295016,"REPORT_DATE_SQ":"2021-12-31 00:00:00","REPORT_TYPE_SQ":"2021年年报","OPERATE_INCOME_SQ":763165000,"DPS_HKD":null,"OPERATE_INCOME_QOQ_SQ":42.990037828895,"NET_PROFIT_RATIO_SQ":2.7008576127,"HOLDER_PROFIT_SQ":20612000,"HOLDER_PROFIT_QOQ_SQ":478.176718092567,"ROE_AVG_SQ":2.6758058444,"PE_TTM_SQ":2.016246888849,"PB_TTM_SQ":0.12578568193,"ROA_SQ":1.334579942711,"START_DATE":"2022-01-01 00:00:00","FISCAL_YEAR":"12-31","CURRENCY":"HKD","IS_CNY_CODE":0,"DPS_HKD_LY":null,"ORG_TYPE":"一般企业","PREMIUM_INCOME":null,"PREMIUM_INCOME_YOY":null,"NET_INTEREST_INCOME":null,"NET_INTEREST_INCOME_YOY":null,"FEE_COMMISSION_INCOME":null,"FEE_COMMISSION_INCOME_YOY":null,"ACCOUNTS_RECE_TDAYS":0.631214082883,"INVENTORY_TDAYS":1.322208076258,"CURRENT_ASSETS_TDAYS":0.362971974155,"TOTAL_ASSETS_TDAYS":0.302471745964,"PREMIUM_EXPENSE":null,"LOAN_DEPOSIT":null,"LOAN_EQUITY":null,"LOAN_ASSETS":null,"DEPOSIT_EQUITY":null,"DEPOSIT_ASSETS":null,"EQUITY_MULTIPLIER":1.840910262388,"EQUITY_RATIO":0.840910262389},{"SECUCODE":"01527.HK","SECURITY_CODE":"01527","SECURITY_NAME_ABBR":"天洁环境","ORG_CODE":"10472750","STD_REPORT_DATE":"2022-06-30 00:00:00","REPORT_DATE":"2022-06-30 00:00:00","DATE_TYPE_CODE":"002","REPORT_TYPE":"2022年中报","PER_NETCASH_OPERATE":0.500785185185,"PER_OI":2.314281481481,"BPS":5.849162962963,"BASIC_EPS":0.07,"DILUTED_EPS":0.07,"OPERATE_INCOME":312428000,"OPERATE_INCOME_YOY":88.5549439938,"GROSS_PROFIT":67362000,"GROSS_PROFIT_YOY":214.908138936936,"HOLDER_PROFIT":9021000,"HOLDER_PROFIT_YOY":494.6605141727,"GROSS_PROFIT_RATIO":21.560807610073,"EPS_TTM":0.208266666667,"OPERATE_INCOME_QOQ":19.226772716254,"NET_PROFIT_RATIO":2.8873852536,"ROE_AVG":1.148986819321,"GROSS_PROFIT_QOQ":41.419046760969,"ROA":0.5856668412,"HOLDER_PROFIT_QOQ":36.405977100718,"ROE_YEARLY":2.297973638643,"ROIC_YEARLY":1.177905747301,"TOTAL_ASSETS":1492250000,"TOTAL_LIABILITIES":702613000,"TAX_EBT":51.18770629295,"OCF_SALES":21.638905603851,"TOTAL_PARENT_EQUITY":789637000,"DEBT_ASSET_RATIO":47.0841346959,"OPERATE_PROFIT":28749000,"PRETAX_PROFIT":18481000,"NETCASH_OPERATE":67606000,"NETCASH_INVEST":-22664000,"NETCASH_FINANCE":-46500000,"END_CASH":7815000,"DIVI_RATIO":null,"DIVIDEND_RATE":null,"CURRENT_RATIO":1.659019972588,"COMMON_ACS":null,"CURRENTDEBT_DEBT":100,"ISSUED_COMMON_SHARES":135000000,"HK_COMMON_SHARES":35000000,"PER_SHARES":200,"TOTAL_MARKET_CAP":135000000,"HKSK_MARKET_CAP":35000000,"PE_TTM":2.416451400718,"PB_TTM":0.139229295016,"REPORT_DATE_SQ":"2021-06-30 00:00:00","REPORT_TYPE_SQ":"2021年中报","OPERATE_INCOME_SQ":165696000,"DPS_HKD":null,"OPERATE_INCOME_QOQ_SQ":-12.083949673683,"NET_PROFIT_RATIO_SQ":0.9155320587,"HOLDER_PROFIT_SQ":1517000,"HOLDER_PROFIT_QOQ_SQ":-20.583648919581,"ROE_AVG_SQ":0.199405202018,"PE_TTM_SQ":2.016246888849,"PB_TTM_SQ":0.12578568193,"ROA_SQ":0.098261286931,"START_DATE":"2022-01-01 00:00:00","FISCAL_YEAR":"12-31","CURRENCY":"HKD","IS_CNY_CODE":0,"DPS_HKD_LY":null,"ORG_TYPE":"一般企业","PREMIUM_INCOME":null,"PREMIUM_INCOME_YOY":null,"NET_INTEREST_INCOME":null,"NET_INTEREST_INCOME_YOY":null,"FEE_COMMISSION_INCOME":null,"FEE_COMMISSION_INCOME_YOY":null,"ACCOUNTS_RECE_TDAYS":0.396157715983,"INVENTORY_TDAYS":0.865419385824,"CURRENT_ASSETS_TDAYS":0.257188215019,"TOTAL_ASSETS_TDAYS":0.202836403794,"PREMIUM_EXPENSE":null,"LOAN_DEPOSIT":null,"LOAN_EQUITY":null,"LOAN_ASSETS":null,"DEPOSIT_EQUITY":null,"DEPOSIT_ASSETS":null,"EQUITY_MULTIPLIER":1.889792398278,"EQUITY_RATIO":0.889792398279},{"SECUCODE":"01527.HK","SECURITY_CODE":"01527","SECURITY_NAME_ABBR":"天洁环境","ORG_CODE":"10472750","STD_REPORT_DATE":"2021-12-31 00:00:00","REPORT_DATE":"2021-12-31 00:00:00","DATE_TYPE_CODE":"001","REPORT_TYPE":"2021年年报","PER_NETCASH_OPERATE":-0.096562962963,"PER_OI":5.653074074074,"BPS":5.782340740741,"BASIC_EPS":0.15,"DILUTED_EPS":0.15,"OPERATE_INCOME":763165000,"OPERATE_INCOME_YOY":25.7111936193,"GROSS_PROFIT":110990000,"GROSS_PROFIT_YOY":0.032445878472,"HOLDER_PROFIT":20612000,"HOLDER_PROFIT_YOY":359.1668523056,"GROSS_PROFIT_RATIO":14.543381837479,"EPS_TTM":0.152681481481,"OPERATE_INCOME_QOQ":42.990037828895,"NET_PROFIT_RATIO":2.7008576127,"ROE_AVG":2.6758058444,"GROSS_PROFIT_QOQ":23.17851395594,"ROA":1.334579942711,"HOLDER_PROFIT_QOQ":478.176718092567,"ROE_YEARLY":2.6758058444,"ROIC_YEARLY":1.385684864257,"TOTAL_ASSETS":1588341000,"TOTAL_LIABILITIES":807725000,"TAX_EBT":19.872492613901,"OCF_SALES":-1.708149613779,"TOTAL_PARENT_EQUITY":780616000,"DEBT_ASSET_RATIO":50.8533746847,"OPERATE_PROFIT":35051000,"PRETAX_PROFIT":25724000,"NETCASH_OPERATE":-13036000,"NETCASH_INVEST":-82005000,"NETCASH_FINANCE":null,"END_CASH":9373000,"DIVI_RATIO":null,"DIVIDEND_RATE":null,"CURRENT_RATIO":1.564787520505,"COMMON_ACS":null,"CURRENTDEBT_DEBT":100,"ISSUED_COMMON_SHARES":135000000,"HK_COMMON_SHARES":35000000,"PER_SHARES":200,"TOTAL_MARKET_CAP":135000000,"HKSK_MARKET_CAP":35000000,"PE_TTM":2.416451400718,"PB_TTM":0.139229295016,"REPORT_DATE_SQ":"2020-12-31 00:00:00","REPORT_TYPE_SQ":"2020年年报","OPERATE_INCOME_SQ":607078000,"DPS_HKD":null,"OPERATE_INCOME_QOQ_SQ":-3.123119960297,"NET_PROFIT_RATIO_SQ":0.7394436959,"HOLDER_PROFIT_SQ":4489000,"HOLDER_PROFIT_QOQ_SQ":-41.473272490222,"ROE_AVG_SQ":0.592404318257,"PE_TTM_SQ":2.016246888849,"PB_TTM_SQ":0.12578568193,"ROA_SQ":0.289682894351,"START_DATE":"2021-01-01 00:00:00","FISCAL_YEAR":"12-31","CURRENCY":"HKD","IS_CNY_CODE":0,"DPS_HKD_LY":null,"ORG_TYPE":"一般企业","PREMIUM_INCOME":null,"PREMIUM_INCOME_YOY":null,"NET_INTEREST_INCOME":null,"NET_INTEREST_INCOME_YOY":null,"FEE_COMMISSION_INCOME":null,"FEE_COMMISSION_INCOME_YOY":null,"ACCOUNTS_RECE_TDAYS":0.961349629494,"INVENTORY_TDAYS":2.380165982978,"CURRENT_ASSETS_TDAYS":0.607633587786,"TOTAL_ASSETS_TDAYS":0.494131914409,"PREMIUM_EXPENSE":null,"LOAN_DEPOSIT":null,"LOAN_EQUITY":null,"LOAN_ASSETS":null,"DEPOSIT_EQUITY":null,"DEPOSIT_ASSETS":null,"EQUITY_MULTIPLIER":2.034727702227,"EQUITY_RATIO":1.034727702225},{"SECUCODE":"01527.HK","SECURITY_CODE":"01527","SECURITY_NAME_ABBR":"天洁环境","ORG_CODE":"10472750","STD_REPORT_DATE":"2021-06-30 00:00:00","REPORT_DATE":"2021-06-30 00:00:00","DATE_TYPE_CODE":"002","REPORT_TYPE":"2021年中报","PER_NETCASH_OPERATE":-0.476177777778,"PER_OI":1.227377777778,"BPS":5.640896296296,"BASIC_EPS":0.01,"DILUTED_EPS":0.01,"OPERATE_INCOME":165696000,"OPERATE_INCOME_YOY":-30.687080379,"GROSS_PROFIT":21391000,"GROSS_PROFIT_YOY":-49.358428030303,"HOLDER_PROFIT":1517000,"HOLDER_PROFIT_YOY":-37.8533387956,"GROSS_PROFIT_RATIO":12.909786597142,"EPS_TTM":0.026407407407,"OPERATE_INCOME_QOQ":-12.083949673683,"NET_PROFIT_RATIO":0.9155320587,"ROE_AVG":0.199405202018,"GROSS_PROFIT_QOQ":-18.79067000739,"ROA":0.098261286931,"HOLDER_PROFIT_QOQ":-20.583648919581,"ROE_YEARLY":0.398810404035,"ROIC_YEARLY":0.204534200997,"TOTAL_ASSETS":1587115000,"TOTAL_LIABILITIES":825594000,"TAX_EBT":224.242424242424,"OCF_SALES":-38.796349942063,"TOTAL_PARENT_EQUITY":761521000,"DEBT_ASSET_RATIO":52.018536779,"OPERATE_PROFIT":2025000,"PRETAX_PROFIT":-1221000,"NETCASH_OPERATE":-64284000,"NETCASH_INVEST":-23851000,"NETCASH_FINANCE":-17000,"END_CASH":16397000,"DIVI_RATIO":null,"DIVIDEND_RATE":null,"CURRENT_RATIO":1.620434499282,"COMMON_ACS":null,"CURRENTDEBT_DEBT":100,"ISSUED_COMMON_SHARES":135000000,"HK_COMMON_SHARES":35000000,"PER_SHARES":200,"TOTAL_MARKET_CAP":135000000,"HKSK_MARKET_CAP":35000000,"PE_TTM":2.416451400718,"PB_TTM":0.139229295016,"REPORT_DATE_SQ":"2020-06-30 00:00:00","REPORT_TYPE_SQ":"2020年中报","OPERATE_INCOME_SQ":239055000,"DPS_HKD":null,"OPERATE_INCOME_QOQ_SQ":-13.761565106579,"NET_PROFIT_RATIO_SQ":1.0211039301,"HOLDER_PROFIT_SQ":2441000,"HOLDER_PROFIT_QOQ_SQ":-77.63131033276,"ROE_AVG_SQ":0.32256977504,"PE_TTM_SQ":2.016246888849,"PB_TTM_SQ":0.12578568193,"ROA_SQ":0.155983909566,"START_DATE":"2021-01-01 00:00:00","FISCAL_YEAR":"12-31","CURRENCY":"HKD","IS_CNY_CODE":0,"DPS_HKD_LY":null,"ORG_TYPE":"一般企业","PREMIUM_INCOME":null,"PREMIUM_INCOME_YOY":null,"NET_INTEREST_INCOME":null,"NET_INTEREST_INCOME_YOY":null,"FEE_COMMISSION_INCOME":null,"FEE_COMMISSION_INCOME_YOY":null,"ACCOUNTS_RECE_TDAYS":0.206003205124,"INVENTORY_TDAYS":0.450819288024,"CURRENT_ASSETS_TDAYS":0.128157015857,"TOTAL_ASSETS_TDAYS":0.107326975606,"PREMIUM_EXPENSE":null,"LOAN_DEPOSIT":null,"LOAN_EQUITY":null,"LOAN_ASSETS":null,"DEPOSIT_EQUITY":null,"DEPOSIT_ASSETS":null,"EQUITY_MULTIPLIER":2.084138191856,"EQUITY_RATIO":1.084138191856},{"SECUCODE":"01527.HK","SECURITY_CODE":"01527","SECURITY_NAME_ABBR":"天洁环境","ORG_CODE":"10472750","STD_REPORT_DATE":"2020-12-31 00:00:00","REPORT_DATE":"2020-12-31 00:00:00","DATE_TYPE_CODE":"001","REPORT_TYPE":"2020年年报","PER_NETCASH_OPERATE":0.95942962963,"PER_OI":4.496874074074,"BPS":5.629659259259,"BASIC_EPS":0.03,"DILUTED_EPS":0.03,"OPERATE_INCOME":607078000,"OPERATE_INCOME_YOY":-16.4548948802,"GROSS_PROFIT":110954000,"GROSS_PROFIT_YOY":-11.459214453293,"HOLDER_PROFIT":4489000,"HOLDER_PROFIT_YOY":-86.9083379509,"GROSS_PROFIT_RATIO":18.276728855271,"EPS_TTM":0.033251851852,"OPERATE_INCOME_QOQ":-3.123119960297,"NET_PROFIT_RATIO":0.7394436959,"ROE_AVG":0.592404318257,"GROSS_PROFIT_QOQ":5.368420052991,"ROA":0.289682894351,"HOLDER_PROFIT_QOQ":-41.473272490222,"ROE_YEARLY":0.592404318257,"ROIC_YEARLY":0.303783317024,"TOTAL_ASSETS":1500571000,"TOTAL_LIABILITIES":740567000,"TAX_EBT":-792.445328031809,"OCF_SALES":21.335479131183,"TOTAL_PARENT_EQUITY":760004000,"DEBT_ASSET_RATIO":49.3523465401,"OPERATE_PROFIT":5570000,"PRETAX_PROFIT":503000,"NETCASH_OPERATE":129523000,"NETCASH_INVEST":-44947000,"NETCASH_FINANCE":-18552000,"END_CASH":104548000,"DIVI_RATIO":null,"DIVIDEND_RATE":null,"CURRENT_RATIO":1.685204714766,"COMMON_ACS":null,"CURRENTDEBT_DEBT":100,"ISSUED_COMMON_SHARES":135000000,"HK_COMMON_SHARES":35000000,"PER_SHARES":200,"TOTAL_MARKET_CAP":135000000,"HKSK_MARKET_CAP":35000000,"PE_TTM":2.416451400718,"PB_TTM":0.139229295016,"REPORT_DATE_SQ":"2019-12-31 00:00:00","REPORT_TYPE_SQ":"2019年年报","OPERATE_INCOME_SQ":726647000,"DPS_HKD":null,"OPERATE_INCOME_QOQ_SQ":-6.783242081065,"NET_PROFIT_RATIO_SQ":4.7187974353,"HOLDER_PROFIT_SQ":34289000,"HOLDER_PROFIT_QOQ_SQ":26.229568546606,"ROE_AVG_SQ":4.643874585997,"PE_TTM_SQ":2.016246888849,"PB_TTM_SQ":0.12578568193,"ROA_SQ":2.210077577339,"START_DATE":"2020-01-01 00:00:00","FISCAL_YEAR":"12-31","CURRENCY":"HKD","IS_CNY_CODE":0,"DPS_HKD_LY":null,"ORG_TYPE":"一般企业","PREMIUM_INCOME":null,"PREMIUM_INCOME_YOY":null,"NET_INTEREST_INCOME":null,"NET_INTEREST_INCOME_YOY":null,"FEE_COMMISSION_INCOME":null,"FEE_COMMISSION_INCOME_YOY":null,"ACCOUNTS_RECE_TDAYS":0.762606674275,"INVENTORY_TDAYS":1.798296757169,"CURRENT_ASSETS_TDAYS":0.452973478341,"TOTAL_ASSETS_TDAYS":0.391757879565,"PREMIUM_EXPENSE":null,"LOAN_DEPOSIT":null,"LOAN_EQUITY":null,"LOAN_ASSETS":null,"DEPOSIT_EQUITY":null,"DEPOSIT_ASSETS":null,"EQUITY_MULTIPLIER":1.974425134605,"EQUITY_RATIO":0.974425134605},{"SECUCODE":"01527.HK","SECURITY_CODE":"01527","SECURITY_NAME_ABBR":"天洁环境","ORG_CODE":"10472750","STD_REPORT_DATE":"2020-06-30 00:00:00","REPORT_DATE":"2020-06-30 00:00:00","DATE_TYPE_CODE":"002","REPORT_TYPE":"2020年中报","PER_NETCASH_OPERATE":-0.112274074074,"PER_OI":1.770777777778,"BPS":5.614488888889,"BASIC_EPS":0.02,"DILUTED_EPS":0.02,"OPERATE_INCOME":239055000,"OPERATE_INCOME_YOY":-29.4933240526,"GROSS_PROFIT":42240000,"GROSS_PROFIT_YOY":-32.147848296468,"HOLDER_PROFIT":2441000,"HOLDER_PROFIT_YOY":-91.6001376462,"GROSS_PROFIT_RATIO":17.669573947418,"EPS_TTM":0.056814814815,"OPERATE_INCOME_QOQ":-13.761565106579,"NET_PROFIT_RATIO":1.0211039301,"ROE_AVG":0.32256977504,"GROSS_PROFIT_QOQ":-15.970282649983,"ROA":0.155983909566,"HOLDER_PROFIT_QOQ":-77.63131033276,"ROE_YEARLY":0.645139550081,"ROIC_YEARLY":0.316487084124,"TOTAL_ASSETS":1531130000,"TOTAL_LIABILITIES":773174000,"TAX_EBT":33.937753721245,"OCF_SALES":-6.340381920479,"TOTAL_PARENT_EQUITY":757956000,"DEBT_ASSET_RATIO":50.4969532306,"OPERATE_PROFIT":7377000,"PRETAX_PROFIT":3695000,"NETCASH_OPERATE":-15157000,"NETCASH_INVEST":-1471000,"NETCASH_FINANCE":-17360000,"END_CASH":5385000,"DIVI_RATIO":null,"DIVIDEND_RATE":null,"CURRENT_RATIO":1.772185821044,"COMMON_ACS":null,"CURRENTDEBT_DEBT":100,"ISSUED_COMMON_SHARES":135000000,"HK_COMMON_SHARES":35000000,"PER_SHARES":200,"TOTAL_MARKET_CAP":135000000,"HKSK_MARKET_CAP":35000000,"PE_TTM":2.416451400718,"PB_TTM":0.139229295016,"REPORT_DATE_SQ":"2019-06-30 00:00:00","REPORT_TYPE_SQ":"2019年中报","OPERATE_INCOME_SQ":339053000,"DPS_HKD":null,"OPERATE_INCOME_QOQ_SQ":-9.232816770045,"NET_PROFIT_RATIO_SQ":8.5709313883,"HOLDER_PROFIT_SQ":29060000,"HOLDER_PROFIT_QOQ_SQ":-13.036240235626,"ROE_AVG_SQ":3.949678969658,"PE_TTM_SQ":2.016246888849,"PB_TTM_SQ":0.12578568193,"ROA_SQ":1.929448321194,"START_DATE":"2020-01-01 00:00:00","FISCAL_YEAR":"12-31","CURRENCY":"HKD","IS_CNY_CODE":0,"DPS_HKD_LY":null,"ORG_TYPE":"一般企业","PREMIUM_INCOME":null,"PREMIUM_INCOME_YOY":null,"NET_INTEREST_INCOME":null,"NET_INTEREST_INCOME_YOY":null,"FEE_COMMISSION_INCOME":null,"FEE_COMMISSION_INCOME_YOY":null,"ACCOUNTS_RECE_TDAYS":0.319570670697,"INVENTORY_TDAYS":0.612584095504,"CURRENT_ASSETS_TDAYS":0.170594309455,"TOTAL_ASSETS_TDAYS":0.152760071698,"PREMIUM_EXPENSE":null,"LOAN_DEPOSIT":null,"LOAN_EQUITY":null,"LOAN_ASSETS":null,"DEPOSIT_EQUITY":null,"DEPOSIT_ASSETS":null,"EQUITY_MULTIPLIER":2.020077682609,"EQUITY_RATIO":1.02007768261}],"count":22},"success":true,"message":"ok","code":0}