{"version":"d10bd556298cb8970571dc2c230d97ce","result":{"pages":2,"data":[{"SECUCODE":"01521.HK","SECURITY_CODE":"01521","SECURITY_NAME_ABBR":"方达控股","ORG_CODE":"10948152","STD_REPORT_DATE":"2024-06-30 00:00:00","REPORT_DATE":"2024-06-30 00:00:00","DATE_TYPE_CODE":"002","REPORT_TYPE":"2024年中报","PER_NETCASH_OPERATE":0.016216011033,"PER_OI":0.449773751602,"BPS":1.172622048231,"BASIC_EPS":-0.00071268,"DILUTED_EPS":-0.00071268,"OPERATE_INCOME":915615630,"OPERATE_INCOME_YOY":0.0927108978,"GROSS_PROFIT":248311965.6,"GROSS_PROFIT_YOY":-11.858435762668,"HOLDER_PROFIT":-833835.6,"HOLDER_PROFIT_YOY":-102.5479094077,"GROSS_PROFIT_RATIO":27.119673088149,"EPS_TTM":0.020894332133,"OPERATE_INCOME_QOQ":-0.64435293852,"NET_PROFIT_RATIO":-0.2335084647,"ROE_AVG":-0.034541039626,"GROSS_PROFIT_QOQ":-6.016759162453,"ROA":-0.020510249427,"HOLDER_PROFIT_QOQ":-44.434733470365,"ROE_YEARLY":-0.069082079252,"ROIC_YEARLY":-0.045016448318,"TOTAL_ASSETS":4055320243.2,"TOTAL_LIABILITIES":1650759303.6,"TAX_EBT":175.566750629723,"OCF_SALES":3.605370694688,"TOTAL_PARENT_EQUITY":2387135913.6,"DEBT_ASSET_RATIO":40.706015915,"OPERATE_PROFIT":31521836.4,"PRETAX_PROFIT":2829339.6,"NETCASH_OPERATE":33011337.6,"NETCASH_INVEST":-105868614,"NETCASH_FINANCE":5986512,"END_CASH":306438146.4,"DIVI_RATIO":null,"DIVIDEND_RATE":null,"CURRENT_RATIO":1.276355029996,"COMMON_ACS":5000000000,"CURRENTDEBT_DEBT":49.799030337569,"ISSUED_COMMON_SHARES":2035724910,"HK_COMMON_SHARES":2035724910,"PER_SHARES":2000,"TOTAL_MARKET_CAP":2992515617.7,"HKSK_MARKET_CAP":2992515617.7,"PE_TTM":62.908628173176,"PB_TTM":1.144136427187,"REPORT_DATE_SQ":"2023-06-30 00:00:00","REPORT_TYPE_SQ":"2023年中报","OPERATE_INCOME_SQ":927474784.8,"DPS_HKD":null,"OPERATE_INCOME_QOQ_SQ":7.413604259391,"NET_PROFIT_RATIO_SQ":3.5510611113,"HOLDER_PROFIT_SQ":33180873.6,"HOLDER_PROFIT_QOQ_SQ":-29.959831891476,"ROE_AVG_SQ":1.371970803792,"PE_TTM_SQ":28.175794185029,"PB_TTM_SQ":1.443584079559,"ROA_SQ":0.844395490428,"START_DATE":"2024-01-01 00:00:00","FISCAL_YEAR":"12-31","CURRENCY":"HKD","IS_CNY_CODE":0,"DPS_HKD_LY":null,"ORG_TYPE":"一般企业","PREMIUM_INCOME":null,"PREMIUM_INCOME_YOY":null,"NET_INTEREST_INCOME":null,"NET_INTEREST_INCOME_YOY":null,"FEE_COMMISSION_INCOME":null,"FEE_COMMISSION_INCOME_YOY":null,"ACCOUNTS_RECE_TDAYS":1.448879014796,"INVENTORY_TDAYS":31.799286805909,"CURRENT_ASSETS_TDAYS":0.88974995585,"TOTAL_ASSETS_TDAYS":0.225218315828,"PREMIUM_EXPENSE":null,"LOAN_DEPOSIT":null,"LOAN_EQUITY":null,"LOAN_ASSETS":null,"DEPOSIT_EQUITY":null,"DEPOSIT_ASSETS":null,"EQUITY_MULTIPLIER":1.686511735434,"EQUITY_RATIO":0.691522964484},{"SECUCODE":"01521.HK","SECURITY_CODE":"01521","SECURITY_NAME_ABBR":"方达控股","ORG_CODE":"10948152","STD_REPORT_DATE":"2023-12-31 00:00:00","REPORT_DATE":"2023-12-31 00:00:00","DATE_TYPE_CODE":"001","REPORT_TYPE":"2023年年报","PER_NETCASH_OPERATE":0.136458951406,"PER_OI":0.892288395006,"BPS":1.191637429096,"BASIC_EPS":0.03753831,"DILUTED_EPS":0.03683004,"OPERATE_INCOME":1840475008.5,"OPERATE_INCOME_YOY":3.7925387442,"GROSS_PROFIT":555241183.8,"GROSS_PROFIT_YOY":-10.618044441328,"HOLDER_PROFIT":76549821.6,"HOLDER_PROFIT_YOY":-58.0027200311,"GROSS_PROFIT_RATIO":30.168363125589,"EPS_TTM":0.037112439527,"OPERATE_INCOME_QOQ":-1.732589093942,"NET_PROFIT_RATIO":4.1284562544,"ROE_AVG":3.199611594151,"GROSS_PROFIT_QOQ":-8.41777457452,"ROA":1.925765036353,"HOLDER_PROFIT_QOQ":-39.021511935207,"ROE_YEARLY":3.199611594151,"ROIC_YEARLY":2.213776498288,"TOTAL_ASSETS":4050376566.3,"TOTAL_LIABILITIES":1605803909.4,"TAX_EBT":26.404610002058,"OCF_SALES":15.293144253526,"TOTAL_PARENT_EQUITY":2425845998.1,"DEBT_ASSET_RATIO":39.645793005,"OPERATE_PROFIT":152185974.9,"PRETAX_PROFIT":103244517.9,"NETCASH_OPERATE":281466498,"NETCASH_INVEST":-620628670.2,"NETCASH_FINANCE":91437657,"END_CASH":376700482.2,"DIVI_RATIO":null,"DIVIDEND_RATE":null,"CURRENT_RATIO":1.421610765214,"COMMON_ACS":5000000000,"CURRENTDEBT_DEBT":43.921630895987,"ISSUED_COMMON_SHARES":2035724910,"HK_COMMON_SHARES":2035724910,"PER_SHARES":2000,"TOTAL_MARKET_CAP":3216445357.8,"HKSK_MARKET_CAP":3216445357.8,"PE_TTM":67.616076539876,"PB_TTM":1.229752078201,"REPORT_DATE_SQ":"2022-12-31 00:00:00","REPORT_TYPE_SQ":"2022年年报","OPERATE_INCOME_SQ":1743657256,"DPS_HKD":null,"OPERATE_INCOME_QOQ_SQ":22.427945833825,"NET_PROFIT_RATIO_SQ":10.3451030516,"HOLDER_PROFIT_SQ":179233981,"HOLDER_PROFIT_QOQ_SQ":21.688616061146,"ROE_AVG_SQ":7.883036385719,"PE_TTM_SQ":33.012866532554,"PB_TTM_SQ":1.691411011666,"ROA_SQ":5.014438308867,"START_DATE":"2023-01-01 00:00:00","FISCAL_YEAR":"12-31","CURRENCY":"HKD","IS_CNY_CODE":0,"DPS_HKD_LY":null,"ORG_TYPE":"一般企业","PREMIUM_INCOME":null,"PREMIUM_INCOME_YOY":null,"NET_INTEREST_INCOME":null,"NET_INTEREST_INCOME_YOY":null,"FEE_COMMISSION_INCOME":null,"FEE_COMMISSION_INCOME_YOY":null,"ACCOUNTS_RECE_TDAYS":3.343067947176,"INVENTORY_TDAYS":60.628466421651,"CURRENT_ASSETS_TDAYS":1.65826965109,"TOTAL_ASSETS_TDAYS":0.463008580238,"PREMIUM_EXPENSE":null,"LOAN_DEPOSIT":null,"LOAN_EQUITY":null,"LOAN_ASSETS":null,"DEPOSIT_EQUITY":null,"DEPOSIT_ASSETS":null,"EQUITY_MULTIPLIER":1.65688532712,"EQUITY_RATIO":0.661956245639},{"SECUCODE":"01521.HK","SECURITY_CODE":"01521","SECURITY_NAME_ABBR":"方达控股","ORG_CODE":"10948152","STD_REPORT_DATE":"2023-06-30 00:00:00","REPORT_DATE":"2023-06-30 00:00:00","DATE_TYPE_CODE":"002","REPORT_TYPE":"2023年中报","PER_NETCASH_OPERATE":0.039965880557,"PER_OI":0.450541064884,"BPS":1.193777568601,"BASIC_EPS":0.01661934,"DILUTED_EPS":0.01589676,"OPERATE_INCOME":927474784.8,"OPERATE_INCOME_YOY":7.9229482145,"GROSS_PROFIT":281719490.4,"GROSS_PROFIT_YOY":-5.031079555729,"HOLDER_PROFIT":33180873.6,"HOLDER_PROFIT_YOY":-64.5268443414,"GROSS_PROFIT_RATIO":30.374894823771,"EPS_TTM":0.060981738426,"OPERATE_INCOME_QOQ":7.413604259391,"NET_PROFIT_RATIO":3.5510611113,"ROE_AVG":1.371970803792,"GROSS_PROFIT_QOQ":-2.402507535262,"ROA":0.844395490428,"HOLDER_PROFIT_QOQ":-29.959831891476,"ROE_YEARLY":2.743941607584,"ROIC_YEARLY":2.002446368495,"TOTAL_ASSETS":3880601438.4,"TOTAL_LIABILITIES":1431351496.2,"TAX_EBT":38.463615498852,"OCF_SALES":8.870641029636,"TOTAL_PARENT_EQUITY":2430202733.4,"DEBT_ASSET_RATIO":36.8847849727,"OPERATE_PROFIT":76094899.8,"PRETAX_PROFIT":53521500.6,"NETCASH_OPERATE":82272958.8,"NETCASH_INVEST":-112368415.8,"NETCASH_FINANCE":-34727194.8,"END_CASH":560187370.8,"DIVI_RATIO":null,"DIVIDEND_RATE":null,"CURRENT_RATIO":2.075602188189,"COMMON_ACS":5000000000,"CURRENTDEBT_DEBT":40.511588225495,"ISSUED_COMMON_SHARES":2035724910,"HK_COMMON_SHARES":2035724910,"PER_SHARES":2000,"TOTAL_MARKET_CAP":2911086621.3,"HKSK_MARKET_CAP":2911086621.3,"PE_TTM":61.196828767103,"PB_TTM":1.113003463182,"REPORT_DATE_SQ":"2022-06-30 00:00:00","REPORT_TYPE_SQ":"2022年中报","OPERATE_INCOME_SQ":798206936.2,"DPS_HKD":null,"OPERATE_INCOME_QOQ_SQ":21.114242356788,"NET_PROFIT_RATIO_SQ":11.0162864806,"HOLDER_PROFIT_SQ":86879073,"HOLDER_PROFIT_QOQ_SQ":25.361540931035,"ROE_AVG_SQ":4.016444306547,"PE_TTM_SQ":31.43405613094,"PB_TTM_SQ":1.610520814022,"ROA_SQ":2.672494059404,"START_DATE":"2023-01-01 00:00:00","FISCAL_YEAR":"12-31","CURRENCY":"HKD","IS_CNY_CODE":0,"DPS_HKD_LY":null,"ORG_TYPE":"一般企业","PREMIUM_INCOME":null,"PREMIUM_INCOME_YOY":null,"NET_INTEREST_INCOME":null,"NET_INTEREST_INCOME_YOY":null,"FEE_COMMISSION_INCOME":null,"FEE_COMMISSION_INCOME_YOY":null,"ACCOUNTS_RECE_TDAYS":1.67325203199,"INVENTORY_TDAYS":26.6650753394,"CURRENT_ASSETS_TDAYS":0.758591750737,"TOTAL_ASSETS_TDAYS":0.236026192442,"PREMIUM_EXPENSE":null,"LOAN_DEPOSIT":null,"LOAN_EQUITY":null,"LOAN_ASSETS":null,"DEPOSIT_EQUITY":null,"DEPOSIT_ASSETS":null,"EQUITY_MULTIPLIER":1.584404013466,"EQUITY_RATIO":0.588984398926},{"SECUCODE":"01521.HK","SECURITY_CODE":"01521","SECURITY_NAME_ABBR":"方达控股","ORG_CODE":"10948152","STD_REPORT_DATE":"2022-12-31 00:00:00","REPORT_DATE":"2022-12-31 00:00:00","DATE_TYPE_CODE":"001","REPORT_TYPE":"2022年年报","PER_NETCASH_OPERATE":0.211548931958,"PER_OI":0.848201380562,"BPS":1.139526265069,"BASIC_EPS":0.08775396,"DILUTED_EPS":0.08566458,"OPERATE_INCOME":1743657256,"OPERATE_INCOME_YOY":35.739884299,"GROSS_PROFIT":621200532.4,"GROSS_PROFIT_YOY":46.073555562272,"HOLDER_PROFIT":179233981,"HOLDER_PROFIT_YOY":39.6516171044,"GROSS_PROFIT_RATIO":35.626298130692,"EPS_TTM":0.087188298965,"OPERATE_INCOME_QOQ":22.427945833825,"NET_PROFIT_RATIO":10.3451030516,"ROE_AVG":7.883036385719,"GROSS_PROFIT_QOQ":17.14213210577,"ROA":5.014438308867,"HOLDER_PROFIT_QOQ":21.688616061146,"ROE_YEARLY":7.883036385719,"ROIC_YEARLY":6.528718369584,"TOTAL_ASSETS":3834666972.4,"TOTAL_LIABILITIES":1495619991.6,"TAX_EBT":28.246897163121,"OCF_SALES":24.940885125419,"TOTAL_PARENT_EQUITY":2319762003.4,"DEBT_ASSET_RATIO":39.0026044599,"OPERATE_PROFIT":277100540.2,"PRETAX_PROFIT":251394201.6,"NETCASH_OPERATE":434883553.2,"NETCASH_INVEST":-1030133986,"NETCASH_FINANCE":213527671.4,"END_CASH":608935871.8,"DIVI_RATIO":null,"DIVIDEND_RATE":null,"CURRENT_RATIO":1.762978086014,"COMMON_ACS":5000000000,"CURRENTDEBT_DEBT":45.389436823038,"ISSUED_COMMON_SHARES":2035724910,"HK_COMMON_SHARES":2035724910,"PER_SHARES":2000,"TOTAL_MARKET_CAP":3216445357.8,"HKSK_MARKET_CAP":3216445357.8,"PE_TTM":67.616076539876,"PB_TTM":1.229752078201,"REPORT_DATE_SQ":"2021-12-31 00:00:00","REPORT_TYPE_SQ":"2021年年报","OPERATE_INCOME_SQ":1175940483.7,"DPS_HKD":null,"OPERATE_INCOME_QOQ_SQ":16.179009423774,"NET_PROFIT_RATIO_SQ":10.2591072484,"HOLDER_PROFIT_SQ":117491399.6,"HOLDER_PROFIT_QOQ_SQ":-14.762947317249,"ROE_AVG_SQ":6.06472484454,"PE_TTM_SQ":33.012866532554,"PB_TTM_SQ":1.691411011666,"ROA_SQ":4.305823773858,"START_DATE":"2022-01-01 00:00:00","FISCAL_YEAR":"12-31","CURRENCY":"HKD","IS_CNY_CODE":0,"DPS_HKD_LY":null,"ORG_TYPE":"一般企业","PREMIUM_INCOME":null,"PREMIUM_INCOME_YOY":null,"NET_INTEREST_INCOME":null,"NET_INTEREST_INCOME_YOY":null,"FEE_COMMISSION_INCOME":null,"FEE_COMMISSION_INCOME_YOY":null,"ACCOUNTS_RECE_TDAYS":3.847400975835,"INVENTORY_TDAYS":78.027596223675,"CURRENT_ASSETS_TDAYS":1.307666794634,"TOTAL_ASSETS_TDAYS":0.487823887705,"PREMIUM_EXPENSE":null,"LOAN_DEPOSIT":null,"LOAN_EQUITY":null,"LOAN_ASSETS":null,"DEPOSIT_EQUITY":null,"DEPOSIT_ASSETS":null,"EQUITY_MULTIPLIER":1.639414258831,"EQUITY_RATIO":0.644729928936},{"SECUCODE":"01521.HK","SECURITY_CODE":"01521","SECURITY_NAME_ABBR":"方达控股","ORG_CODE":"10948152","STD_REPORT_DATE":"2022-06-30 00:00:00","REPORT_DATE":"2022-06-30 00:00:00","DATE_TYPE_CODE":"002","REPORT_TYPE":"2022年中报","PER_NETCASH_OPERATE":0.079266737628,"PER_OI":0.384620411503,"BPS":1.070665702666,"BASIC_EPS":0.04228182,"DILUTED_EPS":0.04093954,"OPERATE_INCOME":798206936.2,"OPERATE_INCOME_YOY":39.715712188,"GROSS_PROFIT":296643880,"GROSS_PROFIT_YOY":54.814046851484,"HOLDER_PROFIT":86879073,"HOLDER_PROFIT_YOY":46.5029425079,"GROSS_PROFIT_RATIO":37.163781288625,"EPS_TTM":0.070972030403,"OPERATE_INCOME_QOQ":21.114242356788,"NET_PROFIT_RATIO":11.0162864806,"ROE_AVG":4.016444306547,"GROSS_PROFIT_QOQ":24.697709471755,"ROA":2.672494059404,"HOLDER_PROFIT_QOQ":25.361540931035,"ROE_YEARLY":8.032888613093,"ROIC_YEARLY":6.905657357766,"TOTAL_ASSETS":3308156442.4,"TOTAL_LIABILITIES":1106877645,"TAX_EBT":26.926938092582,"OCF_SALES":20.609082424558,"TOTAL_PARENT_EQUITY":2179580841.2,"DEBT_ASSET_RATIO":33.4590477891,"OPERATE_PROFIT":128805188.8,"PRETAX_PROFIT":120335402,"NETCASH_OPERATE":164503125.4,"NETCASH_INVEST":-687629909.8,"NETCASH_FINANCE":15301992,"END_CASH":455261107.6,"DIVI_RATIO":null,"DIVIDEND_RATE":null,"CURRENT_RATIO":1.808479338245,"COMMON_ACS":5000000000,"CURRENTDEBT_DEBT":50.284068515992,"ISSUED_COMMON_SHARES":2035724910,"HK_COMMON_SHARES":2035724910,"PER_SHARES":2000,"TOTAL_MARKET_CAP":2911086621.3,"HKSK_MARKET_CAP":2911086621.3,"PE_TTM":61.196828767103,"PB_TTM":1.113003463182,"REPORT_DATE_SQ":"2021-06-30 00:00:00","REPORT_TYPE_SQ":"2021年中报","OPERATE_INCOME_SQ":549916012.5,"DPS_HKD":null,"OPERATE_INCOME_QOQ_SQ":23.300602362777,"NET_PROFIT_RATIO_SQ":10.6419970631,"HOLDER_PROFIT_SQ":57081443.6,"HOLDER_PROFIT_QOQ_SQ":23.179849320881,"ROE_AVG_SQ":2.956291319825,"PE_TTM_SQ":31.43405613094,"PB_TTM_SQ":1.610520814022,"ROA_SQ":2.240606556234,"START_DATE":"2022-01-01 00:00:00","FISCAL_YEAR":"12-31","CURRENCY":"HKD","IS_CNY_CODE":0,"DPS_HKD_LY":null,"ORG_TYPE":"一般企业","PREMIUM_INCOME":null,"PREMIUM_INCOME_YOY":null,"NET_INTEREST_INCOME":null,"NET_INTEREST_INCOME_YOY":null,"FEE_COMMISSION_INCOME":null,"FEE_COMMISSION_INCOME_YOY":null,"ACCOUNTS_RECE_TDAYS":1.992194239483,"INVENTORY_TDAYS":43.160843199538,"CURRENT_ASSETS_TDAYS":0.65881916305,"TOTAL_ASSETS_TDAYS":0.245537069113,"PREMIUM_EXPENSE":null,"LOAN_DEPOSIT":null,"LOAN_EQUITY":null,"LOAN_ASSETS":null,"DEPOSIT_EQUITY":null,"DEPOSIT_ASSETS":null,"EQUITY_MULTIPLIER":1.502833919224,"EQUITY_RATIO":0.507839683703},{"SECUCODE":"01521.HK","SECURITY_CODE":"01521","SECURITY_NAME_ABBR":"方达控股","ORG_CODE":"10948152","STD_REPORT_DATE":"2021-12-31 00:00:00","REPORT_DATE":"2021-12-31 00:00:00","DATE_TYPE_CODE":"001","REPORT_TYPE":"2021年年报","PER_NETCASH_OPERATE":0.138460189744,"PER_OI":0.573250485005,"BPS":1.001715226543,"BASIC_EPS":0.0573813,"DILUTED_EPS":0.05546859,"OPERATE_INCOME":1175940483.7,"OPERATE_INCOME_YOY":46.6016485045,"GROSS_PROFIT":425265565.7,"GROSS_PROFIT_YOY":57.106901780894,"HOLDER_PROFIT":117491399.6,"HOLDER_PROFIT_YOY":7.4518950437,"GROSS_PROFIT_RATIO":36.163868120429,"EPS_TTM":0.057275009015,"OPERATE_INCOME_QOQ":16.179009423774,"NET_PROFIT_RATIO":10.2591072484,"ROE_AVG":6.06472484454,"GROSS_PROFIT_QOQ":18.570107488485,"ROA":4.305823773858,"HOLDER_PROFIT_QOQ":-14.762947317249,"ROE_YEARLY":6.06472484454,"ROIC_YEARLY":7.445716733065,"TOTAL_ASSETS":3033825839.4,"TOTAL_LIABILITIES":973939180.6,"TAX_EBT":24.511290193888,"OCF_SALES":24.15352334893,"TOTAL_PARENT_EQUITY":2039216639.4,"DEBT_ASSET_RATIO":32.1026727359,"OPERATE_PROFIT":176198845.2,"PRETAX_PROFIT":159813296.2,"NETCASH_OPERATE":284031059.3,"NETCASH_INVEST":-685024335.1,"NETCASH_FINANCE":-35346880.8,"END_CASH":922111115.3,"DIVI_RATIO":null,"DIVIDEND_RATE":null,"CURRENT_RATIO":2.891647144247,"COMMON_ACS":5000000000,"CURRENTDEBT_DEBT":47.78342214483,"ISSUED_COMMON_SHARES":2035724910,"HK_COMMON_SHARES":2035724910,"PER_SHARES":2000,"TOTAL_MARKET_CAP":3216445357.8,"HKSK_MARKET_CAP":3216445357.8,"PE_TTM":67.616076539876,"PB_TTM":1.229752078201,"REPORT_DATE_SQ":"2020-12-31 00:00:00","REPORT_TYPE_SQ":"2020年年报","OPERATE_INCOME_SQ":820904193.9,"DPS_HKD":null,"OPERATE_INCOME_QOQ_SQ":14.402399552108,"NET_PROFIT_RATIO_SQ":13.8421918592,"HOLDER_PROFIT_SQ":111902035,"HOLDER_PROFIT_QOQ_SQ":16.833864039856,"ROE_AVG_SQ":6.208504383964,"PE_TTM_SQ":33.012866532554,"PB_TTM_SQ":1.691411011666,"ROA_SQ":4.932533582213,"START_DATE":"2021-01-01 00:00:00","FISCAL_YEAR":"12-31","CURRENCY":"HKD","IS_CNY_CODE":0,"DPS_HKD_LY":null,"ORG_TYPE":"一般企业","PREMIUM_INCOME":null,"PREMIUM_INCOME_YOY":null,"NET_INTEREST_INCOME":null,"NET_INTEREST_INCOME_YOY":null,"FEE_COMMISSION_INCOME":null,"FEE_COMMISSION_INCOME_YOY":null,"ACCOUNTS_RECE_TDAYS":4.106491222211,"INVENTORY_TDAYS":141.005988023952,"CURRENT_ASSETS_TDAYS":0.792512337284,"TOTAL_ASSETS_TDAYS":0.430958564507,"PREMIUM_EXPENSE":null,"LOAN_DEPOSIT":null,"LOAN_EQUITY":null,"LOAN_ASSETS":null,"DEPOSIT_EQUITY":null,"DEPOSIT_ASSETS":null,"EQUITY_MULTIPLIER":1.472812024117,"EQUITY_RATIO":0.477604567255},{"SECUCODE":"01521.HK","SECURITY_CODE":"01521","SECURITY_NAME_ABBR":"方达控股","ORG_CODE":"10948152","STD_REPORT_DATE":"2021-06-30 00:00:00","REPORT_DATE":"2021-06-30 00:00:00","DATE_TYPE_CODE":"002","REPORT_TYPE":"2021年中报","PER_NETCASH_OPERATE":0.039126918976,"PER_OI":0.268084270595,"BPS":0.98344830427,"BASIC_EPS":0.02777843,"DILUTED_EPS":0.02713242,"OPERATE_INCOME":549916012.5,"OPERATE_INCOME_YOY":68.0352948143,"GROSS_PROFIT":191613026.1,"GROSS_PROFIT_YOY":84.888982654381,"HOLDER_PROFIT":57081443.6,"HOLDER_PROFIT_YOY":100.8638326892,"GROSS_PROFIT_RATIO":34.844052863436,"EPS_TTM":0.06719742334,"OPERATE_INCOME_QOQ":23.300602362777,"NET_PROFIT_RATIO":10.6419970631,"ROE_AVG":2.956291319825,"GROSS_PROFIT_QOQ":32.501272967262,"ROA":2.240606556234,"HOLDER_PROFIT_QOQ":23.179849320881,"ROE_YEARLY":5.912582639651,"ROIC_YEARLY":9.021343502254,"TOTAL_ASSETS":2639596860,"TOTAL_LIABILITIES":629581965.7,"TAX_EBT":21.020052310375,"OCF_SALES":14.595007342144,"TOTAL_PARENT_EQUITY":2002030210.7,"DEBT_ASSET_RATIO":23.851443955,"OPERATE_PROFIT":81914068,"PRETAX_PROFIT":74097347,"NETCASH_OPERATE":80260282.4,"NETCASH_INVEST":-263668981.5,"NETCASH_FINANCE":-9321924.3,"END_CASH":1179659480.7,"DIVI_RATIO":null,"DIVIDEND_RATE":null,"CURRENT_RATIO":4.998747381823,"COMMON_ACS":5000000000,"CURRENTDEBT_DEBT":49.968704146444,"ISSUED_COMMON_SHARES":2035724910,"HK_COMMON_SHARES":2035724910,"PER_SHARES":2000,"TOTAL_MARKET_CAP":2911086621.3,"HKSK_MARKET_CAP":2911086621.3,"PE_TTM":61.196828767103,"PB_TTM":1.113003463182,"REPORT_DATE_SQ":"2020-06-30 00:00:00","REPORT_TYPE_SQ":"2020年中报","OPERATE_INCOME_SQ":358640390.5,"DPS_HKD":null,"OPERATE_INCOME_QOQ_SQ":2.432984191263,"NET_PROFIT_RATIO_SQ":8.798041809,"HOLDER_PROFIT_SQ":31142720.5,"HOLDER_PROFIT_QOQ_SQ":-25.481106716872,"ROE_AVG_SQ":1.639139628688,"PE_TTM_SQ":31.43405613094,"PB_TTM_SQ":1.610520814022,"ROA_SQ":1.338540628618,"START_DATE":"2021-01-01 00:00:00","FISCAL_YEAR":"12-31","CURRENCY":"HKD","IS_CNY_CODE":0,"DPS_HKD_LY":null,"ORG_TYPE":"一般企业","PREMIUM_INCOME":null,"PREMIUM_INCOME_YOY":null,"NET_INTEREST_INCOME":null,"NET_INTEREST_INCOME_YOY":null,"FEE_COMMISSION_INCOME":null,"FEE_COMMISSION_INCOME_YOY":null,"ACCOUNTS_RECE_TDAYS":2.100581129934,"INVENTORY_TDAYS":70.252058264725,"CURRENT_ASSETS_TDAYS":0.341992455074,"TOTAL_ASSETS_TDAYS":0.215857438999,"PREMIUM_EXPENSE":null,"LOAN_DEPOSIT":null,"LOAN_EQUITY":null,"LOAN_ASSETS":null,"DEPOSIT_EQUITY":null,"DEPOSIT_ASSETS":null,"EQUITY_MULTIPLIER":1.313222537548,"EQUITY_RATIO":0.314471760883},{"SECUCODE":"01521.HK","SECURITY_CODE":"01521","SECURITY_NAME_ABBR":"方达控股","ORG_CODE":"10948152","STD_REPORT_DATE":"2020-12-31 00:00:00","REPORT_DATE":"2020-12-31 00:00:00","DATE_TYPE_CODE":"001","REPORT_TYPE":"2020年年报","PER_NETCASH_OPERATE":0.101388684679,"PER_OI":0.40297630025,"BPS":0.922676943664,"BASIC_EPS":0.05546165,"DILUTED_EPS":0.05415667,"OPERATE_INCOME":820904193.9,"OPERATE_INCOME_YOY":25.291042175,"GROSS_PROFIT":270685476.5,"GROSS_PROFIT_YOY":4.049980240168,"HOLDER_PROFIT":111902035,"HOLDER_PROFIT_YOY":-6.914893617,"GROSS_PROFIT_RATIO":32.97406427101,"EPS_TTM":0.054931949903,"OPERATE_INCOME_QOQ":14.402399552108,"NET_PROFIT_RATIO":13.8421918592,"ROE_AVG":6.208504383964,"GROSS_PROFIT_QOQ":16.94941675065,"ROA":4.932533582213,"HOLDER_PROFIT_QOQ":16.833864039856,"ROE_YEARLY":6.208504383964,"ROIC_YEARLY":12.524556163323,"TOTAL_ASSETS":2497170578.6,"TOTAL_LIABILITIES":612309665.8,"TAX_EBT":10.79295154185,"OCF_SALES":25.15996216547,"TOTAL_PARENT_EQUITY":1878316438.1,"DEBT_ASSET_RATIO":24.0040514055,"OPERATE_PROFIT":142151471.4,"PRETAX_PROFIT":127379097.8,"NETCASH_OPERATE":206539184.6,"NETCASH_INVEST":-168942710.8,"NETCASH_FINANCE":-19007033.7,"END_CASH":1383846466.3,"DIVI_RATIO":null,"DIVIDEND_RATE":null,"CURRENT_RATIO":5.609830859814,"COMMON_ACS":5000000000,"CURRENTDEBT_DEBT":48.514524413376,"ISSUED_COMMON_SHARES":2035724910,"HK_COMMON_SHARES":2035724910,"PER_SHARES":2000,"TOTAL_MARKET_CAP":3216445357.8,"HKSK_MARKET_CAP":3216445357.8,"PE_TTM":67.616076539876,"PB_TTM":1.229752078201,"REPORT_DATE_SQ":"2019-12-31 00:00:00","REPORT_TYPE_SQ":"2019年年报","OPERATE_INCOME_SQ":700515123,"DPS_HKD":null,"OPERATE_INCOME_QOQ_SQ":5.083282529138,"NET_PROFIT_RATIO_SQ":18.3558233332,"HOLDER_PROFIT_SQ":128529508.8,"HOLDER_PROFIT_QOQ_SQ":4.851537267032,"ROE_AVG_SQ":11.954592791817,"PE_TTM_SQ":33.012866532554,"PB_TTM_SQ":1.691411011666,"ROA_SQ":9.382479655337,"START_DATE":"2020-01-01 00:00:00","FISCAL_YEAR":"12-31","CURRENCY":"HKD","IS_CNY_CODE":0,"DPS_HKD_LY":null,"ORG_TYPE":"一般企业","PREMIUM_INCOME":null,"PREMIUM_INCOME_YOY":null,"NET_INTEREST_INCOME":null,"NET_INTEREST_INCOME_YOY":null,"FEE_COMMISSION_INCOME":null,"FEE_COMMISSION_INCOME_YOY":null,"ACCOUNTS_RECE_TDAYS":3.714800324795,"INVENTORY_TDAYS":188.017837235229,"CURRENT_ASSETS_TDAYS":0.506488565752,"TOTAL_ASSETS_TDAYS":0.361846637033,"PREMIUM_EXPENSE":null,"LOAN_DEPOSIT":null,"LOAN_EQUITY":null,"LOAN_ASSETS":null,"DEPOSIT_EQUITY":null,"DEPOSIT_ASSETS":null,"EQUITY_MULTIPLIER":1.315859619486,"EQUITY_RATIO":0.325988557295},{"SECUCODE":"01521.HK","SECURITY_CODE":"01521","SECURITY_NAME_ABBR":"方达控股","ORG_CODE":"10948152","STD_REPORT_DATE":"2020-06-30 00:00:00","REPORT_DATE":"2020-06-30 00:00:00","DATE_TYPE_CODE":"002","REPORT_TYPE":"2020年中报","PER_NETCASH_OPERATE":0.032533598695,"PER_OI":0.17687482038,"BPS":0.946423358842,"BASIC_EPS":0.0155749,"DILUTED_EPS":0.01486695,"OPERATE_INCOME":358640390.5,"OPERATE_INCOME_YOY":1.9521423253,"GROSS_PROFIT":103636800.5,"GROSS_PROFIT_YOY":-21.683715872496,"HOLDER_PROFIT":31142720.5,"HOLDER_PROFIT_YOY":-52.6683882074,"GROSS_PROFIT_RATIO":28.897135750804,"EPS_TTM":0.047236320132,"OPERATE_INCOME_QOQ":2.432984191263,"NET_PROFIT_RATIO":8.798041809,"ROE_AVG":1.639139628688,"GROSS_PROFIT_QOQ":-11.029928039732,"ROA":1.338540628618,"HOLDER_PROFIT_QOQ":-25.481106716872,"ROE_YEARLY":3.278279257375,"ROIC_YEARLY":7.508908186997,"TOTAL_ASSETS":2421295192.5,"TOTAL_LIABILITIES":489497868.5,"TAX_EBT":15.762615762616,"OCF_SALES":18.39357271166,"TOTAL_PARENT_EQUITY":1926657607,"DEBT_ASSET_RATIO":20.2163647793,"OPERATE_PROFIT":44013251.5,"PRETAX_PROFIT":37457634.5,"NETCASH_OPERATE":65966781,"NETCASH_INVEST":-11957275.5,"NETCASH_FINANCE":-8863534,"END_CASH":1513533384.5,"DIVI_RATIO":null,"DIVIDEND_RATE":null,"CURRENT_RATIO":7.852828409805,"COMMON_ACS":5000000000,"CURRENTDEBT_DEBT":46.020566073211,"ISSUED_COMMON_SHARES":2035724910,"HK_COMMON_SHARES":2035724910,"PER_SHARES":2000,"TOTAL_MARKET_CAP":2911086621.3,"HKSK_MARKET_CAP":2911086621.3,"PE_TTM":61.196828767103,"PB_TTM":1.113003463182,"REPORT_DATE_SQ":"2019-06-30 00:00:00","REPORT_TYPE_SQ":"2019年中报","OPERATE_INCOME_SQ":341596968.3,"DPS_HKD":null,"OPERATE_INCOME_QOQ_SQ":16.864618618037,"NET_PROFIT_RATIO_SQ":18.704341001,"HOLDER_PROFIT_SQ":63893461.8,"HOLDER_PROFIT_QOQ_SQ":58.889955341512,"ROE_AVG_SQ":6.388902255432,"PE_TTM_SQ":31.43405613094,"PB_TTM_SQ":1.610520814022,"ROA_SQ":5.05188317724,"START_DATE":"2020-01-01 00:00:00","FISCAL_YEAR":"12-31","CURRENCY":"HKD","IS_CNY_CODE":0,"DPS_HKD_LY":null,"ORG_TYPE":"一般企业","PREMIUM_INCOME":null,"PREMIUM_INCOME_YOY":null,"NET_INTEREST_INCOME":null,"NET_INTEREST_INCOME_YOY":null,"FEE_COMMISSION_INCOME":null,"FEE_COMMISSION_INCOME_YOY":null,"ACCOUNTS_RECE_TDAYS":1.569045886051,"INVENTORY_TDAYS":202.359550561798,"CURRENT_ASSETS_TDAYS":0.205811674132,"TOTAL_ASSETS_TDAYS":0.15414669176,"PREMIUM_EXPENSE":null,"LOAN_DEPOSIT":null,"LOAN_EQUITY":null,"LOAN_ASSETS":null,"DEPOSIT_EQUITY":null,"DEPOSIT_ASSETS":null,"EQUITY_MULTIPLIER":1.253389867776,"EQUITY_RATIO":0.254065832311}],"count":16},"success":true,"message":"ok","code":0}