{"version":"e615c575e1d70a9b2b64d79958833818","result":{"pages":5,"data":[{"SECUCODE":"01528.HK","SECURITY_CODE":"01528","SECURITY_NAME_ABBR":"红星美凯龙","ORG_CODE":"10187649","STD_REPORT_DATE":"2024-09-30 00:00:00","REPORT_DATE":"2024-09-30 00:00:00","DATE_TYPE_CODE":"004","REPORT_TYPE":"2024年三季报","PER_NETCASH_OPERATE":-0.122032340351,"PER_OI":1.401998560755,"BPS":10.943874247699,"BASIC_EPS":-0.43,"DILUTED_EPS":null,"OPERATE_INCOME":6105328940.02,"OPERATE_INCOME_YOY":-29.6247031716,"GROSS_PROFIT":3628014261.55,"GROSS_PROFIT_YOY":-27.64520157299,"HOLDER_PROFIT":-1886834620.45,"HOLDER_PROFIT_YOY":-245.1947523805,"GROSS_PROFIT_RATIO":59.42373125498,"EPS_TTM":-0.861808949516,"OPERATE_INCOME_QOQ":-11.259946376553,"NET_PROFIT_RATIO":-32.8357260017,"ROE_AVG":-3.879464526108,"GROSS_PROFIT_QOQ":-9.039832919102,"ROA":-1.553896374654,"HOLDER_PROFIT_QOQ":3.216751076867,"ROE_YEARLY":-5.172619368144,"ROIC_YEARLY":-1.642208832953,"TOTAL_ASSETS":118665443585.58,"TOTAL_LIABILITIES":67921859728.93,"TAX_EBT":2.44611574459,"OCF_SALES":-8.704170158738,"TOTAL_PARENT_EQUITY":47657646755.66,"DEBT_ASSET_RATIO":57.2381121889,"OPERATE_PROFIT":-225918486.2,"PRETAX_PROFIT":-2054996679.58,"NETCASH_OPERATE":-531418219.69,"NETCASH_INVEST":144476478.82,"NETCASH_FINANCE":1460260367.78,"END_CASH":3579296318.28,"DIVI_RATIO":null,"DIVIDEND_RATE":null,"CURRENT_RATIO":0.330405493333,"COMMON_ACS":null,"CURRENTDEBT_DEBT":45.429186499729,"ISSUED_COMMON_SHARES":4354732673,"HK_COMMON_SHARES":741285634,"PER_SHARES":200,"TOTAL_MARKET_CAP":6749835643.15,"HKSK_MARKET_CAP":1148992732.7,"PE_TTM":-1.622927773173,"PB_TTM":0.127722090766,"REPORT_DATE_SQ":"2023-09-30 00:00:00","REPORT_TYPE_SQ":"2023年三季报","OPERATE_INCOME_SQ":8675386414.22,"DPS_HKD":null,"OPERATE_INCOME_QOQ_SQ":-3.985412477672,"NET_PROFIT_RATIO_SQ":-7.3295632506,"HOLDER_PROFIT_SQ":-546600030.11,"HOLDER_PROFIT_QOQ_SQ":-584.466746758543,"ROE_AVG_SQ":-1.048302719336,"PE_TTM_SQ":-5.558210765544,"PB_TTM_SQ":0.127128926334,"ROA_SQ":-0.438670002182,"START_DATE":"2024-01-01 00:00:00","FISCAL_YEAR":"12-31","CURRENCY":"HKD","IS_CNY_CODE":0,"DPS_HKD_LY":null,"ORG_TYPE":"一般企业","PREMIUM_INCOME":null,"PREMIUM_INCOME_YOY":null,"NET_INTEREST_INCOME":null,"NET_INTEREST_INCOME_YOY":null,"FEE_COMMISSION_INCOME":null,"FEE_COMMISSION_INCOME_YOY":null,"ACCOUNTS_RECE_TDAYS":5.535721681506,"INVENTORY_TDAYS":24.450100814253,"CURRENT_ASSETS_TDAYS":0.605124743117,"TOTAL_ASSETS_TDAYS":0.050280233377,"PREMIUM_EXPENSE":null,"LOAN_DEPOSIT":null,"LOAN_EQUITY":null,"LOAN_ASSETS":null,"DEPOSIT_EQUITY":null,"DEPOSIT_ASSETS":null,"EQUITY_MULTIPLIER":2.338530993808,"EQUITY_RATIO":1.42520380994},{"SECUCODE":"01528.HK","SECURITY_CODE":"01528","SECURITY_NAME_ABBR":"红星美凯龙","ORG_CODE":"10187649","STD_REPORT_DATE":"2024-06-30 00:00:00","REPORT_DATE":"2024-06-30 00:00:00","DATE_TYPE_CODE":"002","REPORT_TYPE":"2024年中报","PER_NETCASH_OPERATE":-0.188591599455,"PER_OI":0.970177119297,"BPS":11.577158642271,"BASIC_EPS":-0.31,"DILUTED_EPS":-0.31,"OPERATE_INCOME":4224862000,"OPERATE_INCOME_YOY":-25.3548191266,"GROSS_PROFIT":2797379000,"GROSS_PROFIT_YOY":-22.774384335456,"HOLDER_PROFIT":-1336774000,"HOLDER_PROFIT_YOY":-1142.7579643671,"GROSS_PROFIT_RATIO":66.212316520634,"EPS_TTM":-0.890452592886,"OPERATE_INCOME_QOQ":-8.447305426953,"NET_PROFIT_RATIO":-33.6876328742,"ROE_AVG":-2.672726797264,"GROSS_PROFIT_QOQ":-8.0706343938,"ROA":-1.089235846388,"HOLDER_PROFIT_QOQ":-31.382562735085,"ROE_YEARLY":-5.345453594527,"ROIC_YEARLY":-2.284918846178,"TOTAL_ASSETS":121265100000,"TOTAL_LIABILITIES":67635715000,"TAX_EBT":7.36718237963,"OCF_SALES":-19.438883447554,"TOTAL_PARENT_EQUITY":50415431000,"DEBT_ASSET_RATIO":55.7750869789,"OPERATE_PROFIT":-199825000,"PRETAX_PROFIT":-1536449000,"NETCASH_OPERATE":-821266000,"NETCASH_INVEST":-113067000,"NETCASH_FINANCE":780991000,"END_CASH":2353240000,"DIVI_RATIO":null,"DIVIDEND_RATE":null,"CURRENT_RATIO":0.309740669671,"COMMON_ACS":null,"CURRENTDEBT_DEBT":41.154180154671,"ISSUED_COMMON_SHARES":4354732673,"HK_COMMON_SHARES":741285634,"PER_SHARES":200,"TOTAL_MARKET_CAP":7011119603.53,"HKSK_MARKET_CAP":1193469870.74,"PE_TTM":-1.685750783748,"PB_TTM":0.132666171699,"REPORT_DATE_SQ":"2023-06-30 00:00:00","REPORT_TYPE_SQ":"2023年中报","OPERATE_INCOME_SQ":5659926000,"DPS_HKD":null,"OPERATE_INCOME_QOQ_SQ":-4.02422561673,"NET_PROFIT_RATIO_SQ":2.0044254996,"HOLDER_PROFIT_SQ":128196000,"HOLDER_PROFIT_QOQ_SQ":-238.588210759799,"ROE_AVG_SQ":0.23599854884,"PE_TTM_SQ":-5.891037757493,"PB_TTM_SQ":0.134741436893,"ROA_SQ":0.099712882884,"START_DATE":"2024-01-01 00:00:00","FISCAL_YEAR":"12-31","CURRENCY":"HKD","IS_CNY_CODE":0,"DPS_HKD_LY":null,"ORG_TYPE":"一般企业","PREMIUM_INCOME":null,"PREMIUM_INCOME_YOY":null,"NET_INTEREST_INCOME":null,"NET_INTEREST_INCOME_YOY":null,"FEE_COMMISSION_INCOME":null,"FEE_COMMISSION_INCOME_YOY":null,"ACCOUNTS_RECE_TDAYS":3.593884591657,"INVENTORY_TDAYS":12.566701146643,"CURRENT_ASSETS_TDAYS":0.454158144429,"TOTAL_ASSETS_TDAYS":0.034425199297,"PREMIUM_EXPENSE":null,"LOAN_DEPOSIT":null,"LOAN_EQUITY":null,"LOAN_ASSETS":null,"DEPOSIT_EQUITY":null,"DEPOSIT_ASSETS":null,"EQUITY_MULTIPLIER":2.26116894684,"EQUITY_RATIO":1.341567723581},{"SECUCODE":"01528.HK","SECURITY_CODE":"01528","SECURITY_NAME_ABBR":"红星美凯龙","ORG_CODE":"10187649","STD_REPORT_DATE":"2024-03-31 00:00:00","REPORT_DATE":"2024-03-31 00:00:00","DATE_TYPE_CODE":"003","REPORT_TYPE":"2024年一季报","PER_NETCASH_OPERATE":-0.041718820883,"PER_OI":0.48488378698,"BPS":11.295238568905,"BASIC_EPS":-0.09,"DILUTED_EPS":null,"OPERATE_INCOME":2111539269.77,"OPERATE_INCOME_YOY":-19.3008790715,"GROSS_PROFIT":1277781136.29,"GROSS_PROFIT_YOY":-17.970654376673,"HOLDER_PROFIT":-371506929.54,"HOLDER_PROFIT_YOY":-322.1609191554,"GROSS_PROFIT_RATIO":60.514201870808,"EPS_TTM":-0.677755536465,"OPERATE_INCOME_QOQ":-4.385752780443,"NET_PROFIT_RATIO":-16.9284144987,"ROE_AVG":-0.752015189696,"GROSS_PROFIT_QOQ":-3.980108184079,"ROA":-0.302295547989,"HOLDER_PROFIT_QOQ":-22.328854652418,"ROE_YEARLY":-3.008060758783,"ROIC_YEARLY":-1.275774901462,"TOTAL_ASSETS":121603930762.47,"TOTAL_LIABILITIES":69205296865.7,"TAX_EBT":0.435890200652,"OCF_SALES":-8.603880353113,"TOTAL_PARENT_EQUITY":49187744445.34,"DEBT_ASSET_RATIO":56.910411063,"OPERATE_PROFIT":285490735.38,"PRETAX_PROFIT":-359015031.23,"NETCASH_OPERATE":-181674312.38,"NETCASH_INVEST":-470841213.48,"NETCASH_FINANCE":1450612057.07,"END_CASH":3304603819.16,"DIVI_RATIO":null,"DIVIDEND_RATE":null,"CURRENT_RATIO":0.407570541717,"COMMON_ACS":null,"CURRENTDEBT_DEBT":40.71089829389,"ISSUED_COMMON_SHARES":4354732673,"HK_COMMON_SHARES":741285634,"PER_SHARES":200,"TOTAL_MARKET_CAP":7011119603.53,"HKSK_MARKET_CAP":1193469870.74,"PE_TTM":-1.685750783748,"PB_TTM":0.132666171699,"REPORT_DATE_SQ":"2023-03-31 00:00:00","REPORT_TYPE_SQ":"2023年一季报","OPERATE_INCOME_SQ":2616557956.86,"DPS_HKD":null,"OPERATE_INCOME_QOQ_SQ":-5.363082650202,"NET_PROFIT_RATIO_SQ":7.0754006727,"HOLDER_PROFIT_SQ":167224249.41,"HOLDER_PROFIT_QOQ_SQ":-81.358499162941,"ROE_AVG_SQ":0.269665756356,"PE_TTM_SQ":-5.891037757493,"PB_TTM_SQ":0.134741436893,"ROA_SQ":0.113467773718,"START_DATE":"2024-01-01 00:00:00","FISCAL_YEAR":"12-31","CURRENCY":"HKD","IS_CNY_CODE":0,"DPS_HKD_LY":null,"ORG_TYPE":"一般企业","PREMIUM_INCOME":null,"PREMIUM_INCOME_YOY":null,"NET_INTEREST_INCOME":null,"NET_INTEREST_INCOME_YOY":null,"FEE_COMMISSION_INCOME":null,"FEE_COMMISSION_INCOME_YOY":null,"ACCOUNTS_RECE_TDAYS":1.643034695867,"INVENTORY_TDAYS":5.206625520007,"CURRENT_ASSETS_TDAYS":0.196728143447,"TOTAL_ASSETS_TDAYS":0.017181615467,"PREMIUM_EXPENSE":null,"LOAN_DEPOSIT":null,"LOAN_EQUITY":null,"LOAN_ASSETS":null,"DEPOSIT_EQUITY":null,"DEPOSIT_ASSETS":null,"EQUITY_MULTIPLIER":2.320746204987,"EQUITY_RATIO":1.406962194467},{"SECUCODE":"01528.HK","SECURITY_CODE":"01528","SECURITY_NAME_ABBR":"红星美凯龙","ORG_CODE":"10187649","STD_REPORT_DATE":"2023-12-31 00:00:00","REPORT_DATE":"2023-12-31 00:00:00","DATE_TYPE_CODE":"001","REPORT_TYPE":"2023年年报","PER_NETCASH_OPERATE":0.54277522353,"PER_OI":2.64424566665,"BPS":11.902543254002,"BASIC_EPS":-0.55,"DILUTED_EPS":-0.55,"OPERATE_INCOME":11514983000,"OPERATE_INCOME_YOY":-18.5548000045,"GROSS_PROFIT":7033253000,"GROSS_PROFIT_YOY":-20.480583906812,"HOLDER_PROFIT":-2412713000,"HOLDER_PROFIT_YOY":-455.5605497476,"GROSS_PROFIT_RATIO":61.079143581888,"EPS_TTM":-0.554043883097,"OPERATE_INCOME_QOQ":-6.608776886416,"NET_PROFIT_RATIO":-22.322377723,"ROE_AVG":-4.54032282976,"GROSS_PROFIT_QOQ":-7.109539348159,"ROA":-1.902252425984,"HOLDER_PROFIT_QOQ":-101.073136600587,"ROE_YEARLY":-4.54032282976,"ROIC_YEARLY":-1.99689453825,"TOTAL_ASSETS":121060638399.35,"TOTAL_LIABILITIES":68238972398.9,"TAX_EBT":-1.213338772502,"OCF_SALES":20.526656444043,"TOTAL_PARENT_EQUITY":49615294277.92,"DEBT_ASSET_RATIO":55.5965530873,"OPERATE_PROFIT":37317000,"PRETAX_PROFIT":-2539604000,"NETCASH_OPERATE":2363641000,"NETCASH_INVEST":701361000,"NETCASH_FINANCE":-3165956000,"END_CASH":2506800000,"DIVI_RATIO":null,"DIVIDEND_RATE":null,"CURRENT_RATIO":0.3491815289,"COMMON_ACS":null,"CURRENTDEBT_DEBT":41.899140066096,"ISSUED_COMMON_SHARES":4354732673,"HK_COMMON_SHARES":741285634,"PER_SHARES":200,"TOTAL_MARKET_CAP":7011119603.53,"HKSK_MARKET_CAP":1193469870.74,"PE_TTM":-1.685750783748,"PB_TTM":0.132666171699,"REPORT_DATE_SQ":"2022-12-31 00:00:00","REPORT_TYPE_SQ":"2022年年报","OPERATE_INCOME_SQ":14138320000,"DPS_HKD":null,"OPERATE_INCOME_QOQ_SQ":-3.442735430618,"NET_PROFIT_RATIO_SQ":5.77780104,"HOLDER_PROFIT_SQ":678566000,"HOLDER_PROFIT_QOQ_SQ":-47.820807359096,"ROE_AVG_SQ":1.24054259401,"PE_TTM_SQ":-5.891037757493,"PB_TTM_SQ":0.134741436893,"ROA_SQ":0.512763817158,"START_DATE":"2023-01-01 00:00:00","FISCAL_YEAR":"12-31","CURRENCY":"HKD","IS_CNY_CODE":0,"DPS_HKD_LY":0.0372098,"ORG_TYPE":"一般企业","PREMIUM_INCOME":null,"PREMIUM_INCOME_YOY":null,"NET_INTEREST_INCOME":null,"NET_INTEREST_INCOME_YOY":null,"FEE_COMMISSION_INCOME":null,"FEE_COMMISSION_INCOME_YOY":null,"ACCOUNTS_RECE_TDAYS":7.217883089853,"INVENTORY_TDAYS":19.385358025706,"CURRENT_ASSETS_TDAYS":1.089658955642,"TOTAL_ASSETS_TDAYS":0.090787442795,"PREMIUM_EXPENSE":null,"LOAN_DEPOSIT":null,"LOAN_EQUITY":null,"LOAN_ASSETS":null,"DEPOSIT_EQUITY":null,"DEPOSIT_ASSETS":null,"EQUITY_MULTIPLIER":2.252077416346,"EQUITY_RATIO":1.375361637818},{"SECUCODE":"01528.HK","SECURITY_CODE":"01528","SECURITY_NAME_ABBR":"红星美凯龙","ORG_CODE":"10187649","STD_REPORT_DATE":"2023-09-30 00:00:00","REPORT_DATE":"2023-09-30 00:00:00","DATE_TYPE_CODE":"004","REPORT_TYPE":"2023年三季报","PER_NETCASH_OPERATE":0.635734430888,"PER_OI":1.992174276967,"BPS":12.054236153754,"BASIC_EPS":-0.13,"DILUTED_EPS":null,"OPERATE_INCOME":8675386414.22,"OPERATE_INCOME_YOY":-17.2501699185,"GROSS_PROFIT":5014199943.09,"GROSS_PROFIT_YOY":-20.523238894087,"HOLDER_PROFIT":-546600030.11,"HOLDER_PROFIT_YOY":-142.5300043842,"GROSS_PROFIT_RATIO":58.047796848629,"EPS_TTM":-0.275543462674,"OPERATE_INCOME_QOQ":-3.985412477672,"NET_PROFIT_RATIO":-7.3295632506,"ROE_AVG":-1.048302719336,"GROSS_PROFIT_QOQ":-3.298099512375,"ROA":-0.438670002182,"HOLDER_PROFIT_QOQ":-584.466746758543,"ROE_YEARLY":-1.397736959114,"ROIC_YEARLY":-0.462611011192,"TOTAL_ASSETS":126075090926.67,"TOTAL_LIABILITIES":70213091112.16,"TAX_EBT":-17.087741238048,"OCF_SALES":31.911587165756,"TOTAL_PARENT_EQUITY":52492976026.81,"DEBT_ASSET_RATIO":55.6914856028,"OPERATE_PROFIT":1347529823.57,"PRETAX_PROFIT":-531175000.11,"NETCASH_OPERATE":2768453497.54,"NETCASH_INVEST":535999807.85,"NETCASH_FINANCE":-2794817455.4,"END_CASH":3118251176.16,"DIVI_RATIO":null,"DIVIDEND_RATE":null,"CURRENT_RATIO":0.450542757327,"COMMON_ACS":null,"CURRENTDEBT_DEBT":36.978749586305,"ISSUED_COMMON_SHARES":4354732673,"HK_COMMON_SHARES":741285634,"PER_SHARES":200,"TOTAL_MARKET_CAP":7011119603.53,"HKSK_MARKET_CAP":1193469870.74,"PE_TTM":-1.685750783748,"PB_TTM":0.132666171699,"REPORT_DATE_SQ":"2022-09-30 00:00:00","REPORT_TYPE_SQ":"2022年三季报","OPERATE_INCOME_SQ":10483872179.16,"DPS_HKD":null,"OPERATE_INCOME_QOQ_SQ":-2.167436784333,"NET_PROFIT_RATIO_SQ":12.628348183,"HOLDER_PROFIT_SQ":1317956964.82,"HOLDER_PROFIT_QOQ_SQ":-16.788389113102,"ROE_AVG_SQ":2.413411190389,"PE_TTM_SQ":-5.891037757493,"PB_TTM_SQ":0.134741436893,"ROA_SQ":0.980540346704,"START_DATE":"2023-01-01 00:00:00","FISCAL_YEAR":"12-31","CURRENCY":"HKD","IS_CNY_CODE":0,"DPS_HKD_LY":0.0372098,"ORG_TYPE":"一般企业","PREMIUM_INCOME":null,"PREMIUM_INCOME_YOY":null,"NET_INTEREST_INCOME":null,"NET_INTEREST_INCOME_YOY":null,"FEE_COMMISSION_INCOME":null,"FEE_COMMISSION_INCOME_YOY":null,"ACCOUNTS_RECE_TDAYS":4.90081545835,"INVENTORY_TDAYS":15.491811310597,"CURRENT_ASSETS_TDAYS":0.759358808984,"TOTAL_ASSETS_TDAYS":0.067893798612,"PREMIUM_EXPENSE":null,"LOAN_DEPOSIT":null,"LOAN_EQUITY":null,"LOAN_ASSETS":null,"DEPOSIT_EQUITY":null,"DEPOSIT_ASSETS":null,"EQUITY_MULTIPLIER":2.256902569641,"EQUITY_RATIO":1.33757116526},{"SECUCODE":"01528.HK","SECURITY_CODE":"01528","SECURITY_NAME_ABBR":"红星美凯龙","ORG_CODE":"10187649","STD_REPORT_DATE":"2023-06-30 00:00:00","REPORT_DATE":"2023-06-30 00:00:00","DATE_TYPE_CODE":"002","REPORT_TYPE":"2023年中报","PER_NETCASH_OPERATE":0.474940290324,"PER_OI":1.299718358165,"BPS":12.444938660877,"BASIC_EPS":0.03,"DILUTED_EPS":0.03,"OPERATE_INCOME":5659926000,"OPERATE_INCOME_YOY":-18.6397129641,"GROSS_PROFIT":3622346000,"GROSS_PROFIT_YOY":-21.885986429472,"HOLDER_PROFIT":128196000,"HOLDER_PROFIT_YOY":-86.946334728,"GROSS_PROFIT_RATIO":63.999882683979,"EPS_TTM":-0.040256661697,"OPERATE_INCOME_QOQ":-4.02422561673,"NET_PROFIT_RATIO":2.0044254996,"ROE_AVG":0.23599854884,"GROSS_PROFIT_QOQ":-6.065481067796,"ROA":0.099712882884,"HOLDER_PROFIT_QOQ":-238.588210759799,"ROE_YEARLY":0.47199709768,"ROIC_YEARLY":0.209400215905,"TOTAL_ASSETS":127647806000,"TOTAL_LIABILITIES":69904864000,"TAX_EBT":60.635322692575,"OCF_SALES":36.541785175283,"TOTAL_PARENT_EQUITY":54194381000,"DEBT_ASSET_RATIO":54.7638586127,"OPERATE_PROFIT":1457435000,"PRETAX_PROFIT":288200000,"NETCASH_OPERATE":2068238000,"NETCASH_INVEST":734465000,"NETCASH_FINANCE":-2913174000,"END_CASH":2498420000,"DIVI_RATIO":null,"DIVIDEND_RATE":null,"CURRENT_RATIO":0.445893611439,"COMMON_ACS":null,"CURRENTDEBT_DEBT":35.125032215212,"ISSUED_COMMON_SHARES":4354732673,"HK_COMMON_SHARES":741285634,"PER_SHARES":200,"TOTAL_MARKET_CAP":7011119603.53,"HKSK_MARKET_CAP":1193469870.74,"PE_TTM":-1.685750783748,"PB_TTM":0.132666171699,"REPORT_DATE_SQ":"2022-06-30 00:00:00","REPORT_TYPE_SQ":"2022年中报","OPERATE_INCOME_SQ":6956620000,"DPS_HKD":null,"OPERATE_INCOME_QOQ_SQ":-3.728619580839,"NET_PROFIT_RATIO_SQ":14.0290587024,"HOLDER_PROFIT_SQ":982069000,"HOLDER_PROFIT_QOQ_SQ":-22.741602597099,"ROE_AVG_SQ":1.877647557771,"PE_TTM_SQ":-5.891037757493,"PB_TTM_SQ":0.134741436893,"ROA_SQ":0.761811890089,"START_DATE":"2023-01-01 00:00:00","FISCAL_YEAR":"12-31","CURRENCY":"HKD","IS_CNY_CODE":0,"DPS_HKD_LY":0.0372098,"ORG_TYPE":"一般企业","PREMIUM_INCOME":null,"PREMIUM_INCOME_YOY":null,"NET_INTEREST_INCOME":null,"NET_INTEREST_INCOME_YOY":null,"FEE_COMMISSION_INCOME":null,"FEE_COMMISSION_INCOME_YOY":null,"ACCOUNTS_RECE_TDAYS":3.101096520426,"INVENTORY_TDAYS":7.098184503748,"CURRENT_ASSETS_TDAYS":0.512212745911,"TOTAL_ASSETS_TDAYS":0.044023802488,"PREMIUM_EXPENSE":null,"LOAN_DEPOSIT":null,"LOAN_EQUITY":null,"LOAN_ASSETS":null,"DEPOSIT_EQUITY":null,"DEPOSIT_ASSETS":null,"EQUITY_MULTIPLIER":2.210621793398,"EQUITY_RATIO":1.289891363461},{"SECUCODE":"01528.HK","SECURITY_CODE":"01528","SECURITY_NAME_ABBR":"红星美凯龙","ORG_CODE":"10187649","STD_REPORT_DATE":"2023-03-31 00:00:00","REPORT_DATE":"2023-03-31 00:00:00","DATE_TYPE_CODE":"003","REPORT_TYPE":"2023年一季报","PER_NETCASH_OPERATE":0.24715373839,"PER_OI":0.600853864827,"BPS":12.342341175775,"BASIC_EPS":0.04,"DILUTED_EPS":null,"OPERATE_INCOME":2616557956.86,"OPERATE_INCOME_YOY":-22.4679402357,"GROSS_PROFIT":1557712214.55,"GROSS_PROFIT_YOY":-24.90267740166,"HOLDER_PROFIT":167224249.41,"HOLDER_PROFIT_YOY":-79.098613999,"GROSS_PROFIT_RATIO":59.808699984158,"EPS_TTM":0.02904768124,"OPERATE_INCOME_QOQ":-5.363082650202,"NET_PROFIT_RATIO":7.0754006727,"ROE_AVG":0.269665756356,"GROSS_PROFIT_QOQ":-5.758575753002,"ROA":0.113467773718,"HOLDER_PROFIT_QOQ":-81.358499162941,"ROE_YEARLY":1.078663025424,"ROIC_YEARLY":0.476759809592,"TOTAL_ASSETS":127651062456.68,"TOTAL_LIABILITIES":70404399408.19,"TAX_EBT":31.648604428076,"OCF_SALES":41.133751958302,"TOTAL_PARENT_EQUITY":53747596379.46,"DEBT_ASSET_RATIO":55.1537903823,"OPERATE_PROFIT":828762666.82,"PRETAX_PROFIT":302077764.21,"NETCASH_OPERATE":1076288459.82,"NETCASH_INVEST":232657059.22,"NETCASH_FINANCE":-1501355849.19,"END_CASH":2415117287.45,"DIVI_RATIO":null,"DIVIDEND_RATE":null,"CURRENT_RATIO":0.449524582441,"COMMON_ACS":null,"CURRENTDEBT_DEBT":35.294216497924,"ISSUED_COMMON_SHARES":4354732673,"HK_COMMON_SHARES":741285634,"PER_SHARES":200,"TOTAL_MARKET_CAP":7011119603.53,"HKSK_MARKET_CAP":1193469870.74,"PE_TTM":-1.685750783748,"PB_TTM":0.132666171699,"REPORT_DATE_SQ":"2022-03-31 00:00:00","REPORT_TYPE_SQ":"2022年一季报","OPERATE_INCOME_SQ":3374807743.81,"DPS_HKD":null,"OPERATE_INCOME_QOQ_SQ":0.217195785331,"NET_PROFIT_RATIO_SQ":18.7412117004,"HOLDER_PROFIT_SQ":697952954.57,"HOLDER_PROFIT_QOQ_SQ":-1.198847185612,"ROE_AVG_SQ":1.280577379984,"PE_TTM_SQ":-5.891037757493,"PB_TTM_SQ":0.134741436893,"ROA_SQ":0.516453300703,"START_DATE":"2023-01-01 00:00:00","FISCAL_YEAR":"12-31","CURRENCY":"HKD","IS_CNY_CODE":0,"DPS_HKD_LY":0.0372098,"ORG_TYPE":"一般企业","PREMIUM_INCOME":null,"PREMIUM_INCOME_YOY":null,"NET_INTEREST_INCOME":null,"NET_INTEREST_INCOME_YOY":null,"FEE_COMMISSION_INCOME":null,"FEE_COMMISSION_INCOME_YOY":null,"ACCOUNTS_RECE_TDAYS":1.383742792949,"INVENTORY_TDAYS":3.582093036089,"CURRENT_ASSETS_TDAYS":0.23444308409,"TOTAL_ASSETS_TDAYS":0.02035174521,"PREMIUM_EXPENSE":null,"LOAN_DEPOSIT":null,"LOAN_EQUITY":null,"LOAN_ASSETS":null,"DEPOSIT_EQUITY":null,"DEPOSIT_ASSETS":null,"EQUITY_MULTIPLIER":2.229842852996,"EQUITY_RATIO":1.309907868459},{"SECUCODE":"01528.HK","SECURITY_CODE":"01528","SECURITY_NAME_ABBR":"红星美凯龙","ORG_CODE":"10187649","STD_REPORT_DATE":"2022-12-31 00:00:00","REPORT_DATE":"2022-12-31 00:00:00","DATE_TYPE_CODE":"001","REPORT_TYPE":"2022年年报","PER_NETCASH_OPERATE":0.890755711378,"PER_OI":3.246656238547,"BPS":12.502940843552,"BASIC_EPS":0.16,"DILUTED_EPS":0.16,"OPERATE_INCOME":14138320000,"OPERATE_INCOME_YOY":-8.8602490126,"GROSS_PROFIT":8844699000,"GROSS_PROFIT_YOY":-12.951153748946,"HOLDER_PROFIT":678566000,"HOLDER_PROFIT_YOY":-65.4430925755,"GROSS_PROFIT_RATIO":62.558344980167,"EPS_TTM":0.15582265341,"OPERATE_INCOME_QOQ":-3.442735430618,"NET_PROFIT_RATIO":5.77780104,"ROE_AVG":1.24054259401,"GROSS_PROFIT_QOQ":1.526746385803,"ROA":0.512763817158,"HOLDER_PROFIT_QOQ":-47.820807359096,"ROE_YEARLY":1.24054259401,"ROIC_YEARLY":0.547153752359,"TOTAL_ASSETS":129482459000,"TOTAL_LIABILITIES":71479743000,"TAX_EBT":48.869748312055,"OCF_SALES":27.436095660588,"TOTAL_PARENT_EQUITY":54446965000,"DEBT_ASSET_RATIO":55.2041902448,"OPERATE_PROFIT":4127399000,"PRETAX_PROFIT":1597653000,"NETCASH_OPERATE":3879003000,"NETCASH_INVEST":687695000,"NETCASH_FINANCE":-8059246000,"END_CASH":2608264000,"DIVI_RATIO":null,"DIVIDEND_RATE":null,"CURRENT_RATIO":0.439695741498,"COMMON_ACS":null,"CURRENTDEBT_DEBT":35.480810276556,"ISSUED_COMMON_SHARES":4354732673,"HK_COMMON_SHARES":741285634,"PER_SHARES":200,"TOTAL_MARKET_CAP":7011119603.53,"HKSK_MARKET_CAP":1193469870.74,"PE_TTM":-1.685750783748,"PB_TTM":0.132666171699,"REPORT_DATE_SQ":"2021-12-31 00:00:00","REPORT_TYPE_SQ":"2021年年报","OPERATE_INCOME_SQ":15512792000,"DPS_HKD":null,"OPERATE_INCOME_QOQ_SQ":-3.428638570923,"NET_PROFIT_RATIO_SQ":14.1109346578,"HOLDER_PROFIT_SQ":1963619000,"HOLDER_PROFIT_QOQ_SQ":-10.501754351254,"ROE_AVG_SQ":4.032500934109,"PE_TTM_SQ":-5.891037757493,"PB_TTM_SQ":0.134741436893,"ROA_SQ":1.535155394863,"START_DATE":"2022-01-01 00:00:00","FISCAL_YEAR":"12-31","CURRENCY":"HKD","IS_CNY_CODE":0,"DPS_HKD_LY":0.1159232,"ORG_TYPE":"一般企业","PREMIUM_INCOME":null,"PREMIUM_INCOME_YOY":null,"NET_INTEREST_INCOME":null,"NET_INTEREST_INCOME_YOY":null,"FEE_COMMISSION_INCOME":null,"FEE_COMMISSION_INCOME_YOY":null,"ACCOUNTS_RECE_TDAYS":7.024573277266,"INVENTORY_TDAYS":16.753117991804,"CURRENT_ASSETS_TDAYS":1.054930264769,"TOTAL_ASSETS_TDAYS":0.106837344214,"PREMIUM_EXPENSE":null,"LOAN_DEPOSIT":null,"LOAN_EQUITY":null,"LOAN_ASSETS":null,"DEPOSIT_EQUITY":null,"DEPOSIT_ASSETS":null,"EQUITY_MULTIPLIER":2.232351654016,"EQUITY_RATIO":1.312832459991},{"SECUCODE":"01528.HK","SECURITY_CODE":"01528","SECURITY_NAME_ABBR":"红星美凯龙","ORG_CODE":"10187649","STD_REPORT_DATE":"2022-09-30 00:00:00","REPORT_DATE":"2022-09-30 00:00:00","DATE_TYPE_CODE":"004","REPORT_TYPE":"2022年三季报","PER_NETCASH_OPERATE":0.912969453048,"PER_OI":2.407466305374,"BPS":12.461875253802,"BASIC_EPS":0.3,"DILUTED_EPS":null,"OPERATE_INCOME":10483872179.16,"OPERATE_INCOME_YOY":-7.6656129175,"GROSS_PROFIT":6309013947.37,"GROSS_PROFIT_YOY":-11.930007014423,"HOLDER_PROFIT":1317956964.82,"HOLDER_PROFIT_YOY":-36.1735014459,"GROSS_PROFIT_RATIO":60.178279928967,"EPS_TTM":0.298629866665,"OPERATE_INCOME_QOQ":-2.167436784333,"NET_PROFIT_RATIO":12.628348183,"ROE_AVG":2.413411190389,"GROSS_PROFIT_QOQ":-4.603947192782,"ROA":0.980540346704,"HOLDER_PROFIT_QOQ":-16.788389113102,"ROE_YEARLY":3.217881587186,"ROIC_YEARLY":1.057573249932,"TOTAL_ASSETS":133635045311.12,"TOTAL_LIABILITIES":75977477322.18,"TAX_EBT":41.948485757135,"OCF_SALES":37.922418727529,"TOTAL_PARENT_EQUITY":54268135334.58,"DEBT_ASSET_RATIO":56.8544554651,"OPERATE_PROFIT":4052035385.14,"PRETAX_PROFIT":2280629367.05,"NETCASH_OPERATE":3975737906.64,"NETCASH_INVEST":170509021.62,"NETCASH_FINANCE":-5053574314.65,"END_CASH":5192313896.39,"DIVI_RATIO":null,"DIVIDEND_RATE":null,"CURRENT_RATIO":0.514199071159,"COMMON_ACS":null,"CURRENTDEBT_DEBT":38.194574397456,"ISSUED_COMMON_SHARES":4354732673,"HK_COMMON_SHARES":741285634,"PER_SHARES":200,"TOTAL_MARKET_CAP":7011119603.53,"HKSK_MARKET_CAP":1193469870.74,"PE_TTM":-1.685750783748,"PB_TTM":0.132666171699,"REPORT_DATE_SQ":"2021-09-30 00:00:00","REPORT_TYPE_SQ":"2021年三季报","OPERATE_INCOME_SQ":11354244621.56,"DPS_HKD":null,"OPERATE_INCOME_QOQ_SQ":2.220465566722,"NET_PROFIT_RATIO_SQ":20.901430096,"HOLDER_PROFIT_SQ":2064905634.3,"HOLDER_PROFIT_QOQ_SQ":-3.113804080002,"ROE_AVG_SQ":4.648529076836,"PE_TTM_SQ":-5.891037757493,"PB_TTM_SQ":0.134741436893,"ROA_SQ":1.723506282454,"START_DATE":"2022-01-01 00:00:00","FISCAL_YEAR":"12-31","CURRENCY":"HKD","IS_CNY_CODE":0,"DPS_HKD_LY":0.1159232,"ORG_TYPE":"一般企业","PREMIUM_INCOME":null,"PREMIUM_INCOME_YOY":null,"NET_INTEREST_INCOME":null,"NET_INTEREST_INCOME_YOY":null,"FEE_COMMISSION_INCOME":null,"FEE_COMMISSION_INCOME_YOY":null,"ACCOUNTS_RECE_TDAYS":4.974322994987,"INVENTORY_TDAYS":12.808333916605,"CURRENT_ASSETS_TDAYS":0.685790239216,"TOTAL_ASSETS_TDAYS":0.07799844711,"PREMIUM_EXPENSE":null,"LOAN_DEPOSIT":null,"LOAN_EQUITY":null,"LOAN_ASSETS":null,"DEPOSIT_EQUITY":null,"DEPOSIT_ASSETS":null,"EQUITY_MULTIPLIER":2.317736421639,"EQUITY_RATIO":1.400038472923}],"count":44},"success":true,"message":"ok","code":0}