{"version":"aec0cc1596911c902827327b3597a2ba","result":{"pages":4,"data":[{"SECUCODE":"01539.HK","SECURITY_CODE":"01539","SECURITY_NAME_ABBR":"知行集团控股","ORG_CODE":"10433917","STD_REPORT_DATE":"2024-06-30 00:00:00","REPORT_DATE":"2024-09-30 00:00:00","DATE_TYPE_CODE":"002","REPORT_TYPE":"2024年中报","PER_NETCASH_OPERATE":-0.010640463153,"PER_OI":0.01991414601,"BPS":0.096483953629,"BASIC_EPS":0.005320561,"DILUTED_EPS":0.005320561,"OPERATE_INCOME":68586540.24,"OPERATE_INCOME_YOY":89.2081498619,"GROSS_PROFIT":35002077.06,"GROSS_PROFIT_YOY":42.18510527078,"HOLDER_PROFIT":18300024.47,"HOLDER_PROFIT_YOY":18.1749359422,"GROSS_PROFIT_RATIO":51.033449037551,"EPS_TTM":0.002207604122,"OPERATE_INCOME_QOQ":0,"NET_PROFIT_RATIO":32.849479331,"ROE_AVG":5.878663663555,"GROSS_PROFIT_QOQ":0,"ROA":4.100548612304,"HOLDER_PROFIT_QOQ":0,"ROE_YEARLY":11.75732732711,"ROIC_YEARLY":8.426048377219,"TOTAL_ASSETS":470182484.52,"TOTAL_LIABILITIES":140091272.92,"TAX_EBT":7.716174786688,"OCF_SALES":-53.431681918586,"TOTAL_PARENT_EQUITY":332301498.89,"DEBT_ASSET_RATIO":29.7950854258,"OPERATE_PROFIT":27665113.62,"PRETAX_PROFIT":24414160.67,"NETCASH_OPERATE":-36646942.02,"NETCASH_INVEST":2332028.94,"NETCASH_FINANCE":6694888.96,"END_CASH":4293422.19,"DIVI_RATIO":null,"DIVIDEND_RATE":null,"CURRENT_RATIO":2.225574488041,"COMMON_ACS":50000000000,"CURRENTDEBT_DEBT":90.592733733296,"ISSUED_COMMON_SHARES":3444111548,"HK_COMMON_SHARES":3444111548,"PER_SHARES":2000,"TOTAL_MARKET_CAP":1291541830.5,"HKSK_MARKET_CAP":1291541830.5,"PE_TTM":112.229912278415,"PB_TTM":3.504948100496,"REPORT_DATE_SQ":"2023-06-30 00:00:00","REPORT_TYPE_SQ":"2023年中报","OPERATE_INCOME_SQ":36885973.11,"DPS_HKD":null,"OPERATE_INCOME_QOQ_SQ":0,"NET_PROFIT_RATIO_SQ":44.2694728462,"HOLDER_PROFIT_SQ":15757542.36,"HOLDER_PROFIT_QOQ_SQ":0,"ROE_AVG_SQ":8.715079400229,"PE_TTM_SQ":30.523584360077,"PB_TTM_SQ":6.232534608714,"ROA_SQ":4.152929093015,"START_DATE":"2024-04-01 00:00:00","FISCAL_YEAR":"3-31","CURRENCY":"HKD","IS_CNY_CODE":0,"DPS_HKD_LY":null,"ORG_TYPE":"一般企业","PREMIUM_INCOME":null,"PREMIUM_INCOME_YOY":null,"NET_INTEREST_INCOME":null,"NET_INTEREST_INCOME_YOY":null,"FEE_COMMISSION_INCOME":null,"FEE_COMMISSION_INCOME_YOY":null,"ACCOUNTS_RECE_TDAYS":0.336179918315,"INVENTORY_TDAYS":10.06948763012,"CURRENT_ASSETS_TDAYS":0.254450866085,"TOTAL_ASSETS_TDAYS":0.153684189256,"PREMIUM_EXPENSE":null,"LOAN_DEPOSIT":null,"LOAN_EQUITY":null,"LOAN_ASSETS":null,"DEPOSIT_EQUITY":null,"DEPOSIT_ASSETS":null,"EQUITY_MULTIPLIER":1.424401704731,"EQUITY_RATIO":0.421578817393},{"SECUCODE":"01539.HK","SECURITY_CODE":"01539","SECURITY_NAME_ABBR":"知行集团控股","ORG_CODE":"10433917","STD_REPORT_DATE":"2023-12-31 00:00:00","REPORT_DATE":"2024-03-31 00:00:00","DATE_TYPE_CODE":"001","REPORT_TYPE":"2023年年报","PER_NETCASH_OPERATE":-0.017412053366,"PER_OI":0.025068192668,"BPS":0.084730725801,"BASIC_EPS":0.00253834,"DILUTED_EPS":0.00072524,"OPERATE_INCOME":83963754.45,"OPERATE_INCOME_YOY":98.9667024705,"GROSS_PROFIT":51441273.2,"GROSS_PROFIT_YOY":112.039447513517,"HOLDER_PROFIT":7603234.85,"HOLDER_PROFIT_YOY":133.4356561952,"GROSS_PROFIT_RATIO":61.266046923417,"EPS_TTM":0.015102578863,"OPERATE_INCOME_QOQ":0,"NET_PROFIT_RATIO":12.5265874173,"ROE_AVG":3.649520693091,"GROSS_PROFIT_QOQ":0,"ROA":1.992114201563,"HOLDER_PROFIT_QOQ":0,"ROE_YEARLY":3.649520693091,"ROIC_YEARLY":2.068555587344,"TOTAL_ASSETS":424611702.1,"TOTAL_LIABILITIES":139855281.6,"TAX_EBT":23.756325162647,"OCF_SALES":-69.458750364396,"TOTAL_PARENT_EQUITY":291822071.2,"DEBT_ASSET_RATIO":32.9372179119,"OPERATE_PROFIT":13988973.05,"PRETAX_PROFIT":13794971.35,"NETCASH_OPERATE":-58320174.6,"NETCASH_INVEST":5936995.95,"NETCASH_FINANCE":71728955.65,"END_CASH":28926197.4,"DIVI_RATIO":null,"DIVIDEND_RATE":null,"CURRENT_RATIO":2.541354122017,"COMMON_ACS":50000000000,"CURRENTDEBT_DEBT":72.588674548849,"ISSUED_COMMON_SHARES":3444111548,"HK_COMMON_SHARES":3444111548,"PER_SHARES":2000,"TOTAL_MARKET_CAP":1325982945.98,"HKSK_MARKET_CAP":1325982945.98,"PE_TTM":115.222709939173,"PB_TTM":3.598413383176,"REPORT_DATE_SQ":"2022-12-31 00:00:00","REPORT_TYPE_SQ":"2022年年报","OPERATE_INCOME_SQ":40750335.5,"DPS_HKD":null,"OPERATE_INCOME_QOQ_SQ":0,"NET_PROFIT_RATIO_SQ":-51.5875402793,"HOLDER_PROFIT_SQ":-21958784.44,"HOLDER_PROFIT_QOQ_SQ":0,"ROE_AVG_SQ":-16.967106108672,"PE_TTM_SQ":-73.440347530298,"PB_TTM_SQ":6.855788069586,"ROA_SQ":-6.338753349868,"START_DATE":"2023-04-01 00:00:00","FISCAL_YEAR":"3-31","CURRENCY":"HKD","IS_CNY_CODE":0,"DPS_HKD_LY":null,"ORG_TYPE":"一般企业","PREMIUM_INCOME":null,"PREMIUM_INCOME_YOY":null,"NET_INTEREST_INCOME":null,"NET_INTEREST_INCOME_YOY":null,"FEE_COMMISSION_INCOME":null,"FEE_COMMISSION_INCOME_YOY":null,"ACCOUNTS_RECE_TDAYS":0.53069948001,"INVENTORY_TDAYS":12.212765957447,"CURRENT_ASSETS_TDAYS":0.380963153695,"TOTAL_ASSETS_TDAYS":0.21999239923,"PREMIUM_EXPENSE":null,"LOAN_DEPOSIT":null,"LOAN_EQUITY":null,"LOAN_ASSETS":null,"DEPOSIT_EQUITY":null,"DEPOSIT_ASSETS":null,"EQUITY_MULTIPLIER":1.491140046481,"EQUITY_RATIO":0.479248471594},{"SECUCODE":"01539.HK","SECURITY_CODE":"01539","SECURITY_NAME_ABBR":"知行集团控股","ORG_CODE":"10433917","STD_REPORT_DATE":"2023-06-30 00:00:00","REPORT_DATE":"2023-09-30 00:00:00","DATE_TYPE_CODE":"002","REPORT_TYPE":"2023年中报","PER_NETCASH_OPERATE":-0.007387288704,"PER_OI":0.011628557489,"BPS":0.071592005103,"BASIC_EPS":0.005689306,"DILUTED_EPS":0.00550578,"OPERATE_INCOME":36885973.11,"OPERATE_INCOME_YOY":620.118237191,"GROSS_PROFIT":24617260.01,"GROSS_PROFIT_YOY":1013.22022489551,"HOLDER_PROFIT":15757542.36,"HOLDER_PROFIT_YOY":128.4543701799,"GROSS_PROFIT_RATIO":66.738811354081,"EPS_TTM":-0.006922658282,"OPERATE_INCOME_QOQ":0,"NET_PROFIT_RATIO":44.2694728462,"ROE_AVG":8.715079400229,"GROSS_PROFIT_QOQ":0,"ROA":4.152929093015,"HOLDER_PROFIT_QOQ":0,"ROE_YEARLY":17.430158800459,"ROIC_YEARLY":9.151568000517,"TOTAL_ASSETS":439777848.02,"TOTAL_LIABILITIES":203153188.07,"TAX_EBT":12.334264668529,"OCF_SALES":-63.527128890216,"TOTAL_PARENT_EQUITY":246570851.52,"DEBT_ASSET_RATIO":46.194502289,"OPERATE_PROFIT":19351899.07,"PRETAX_PROFIT":18063546.55,"NETCASH_OPERATE":-19732715.52,"NETCASH_INVEST":3592521.45,"NETCASH_FINANCE":76081620.93,"END_CASH":69441650.25,"DIVI_RATIO":null,"DIVIDEND_RATE":null,"CURRENT_RATIO":2.277278658527,"COMMON_ACS":50000000000,"CURRENTDEBT_DEBT":60.231538152302,"ISSUED_COMMON_SHARES":3444111548,"HK_COMMON_SHARES":3444111548,"PER_SHARES":2000,"TOTAL_MARKET_CAP":1325982945.98,"HKSK_MARKET_CAP":1325982945.98,"PE_TTM":115.222709939173,"PB_TTM":3.598413383176,"REPORT_DATE_SQ":"2022-06-30 00:00:00","REPORT_TYPE_SQ":"2022年中报","OPERATE_INCOME_SQ":5048584.08,"DPS_HKD":null,"OPERATE_INCOME_QOQ_SQ":0,"NET_PROFIT_RATIO_SQ":-1125.4209960588,"HOLDER_PROFIT_SQ":-56292345.6,"HOLDER_PROFIT_QOQ_SQ":0,"ROE_AVG_SQ":-49.304477328179,"PE_TTM_SQ":-73.440347530298,"PB_TTM_SQ":6.855788069586,"ROA_SQ":-16.092167995615,"START_DATE":"2023-04-01 00:00:00","FISCAL_YEAR":"3-31","CURRENCY":"HKD","IS_CNY_CODE":0,"DPS_HKD_LY":null,"ORG_TYPE":"一般企业","PREMIUM_INCOME":null,"PREMIUM_INCOME_YOY":null,"NET_INTEREST_INCOME":null,"NET_INTEREST_INCOME_YOY":null,"FEE_COMMISSION_INCOME":null,"FEE_COMMISSION_INCOME_YOY":null,"ACCOUNTS_RECE_TDAYS":0.235606835453,"INVENTORY_TDAYS":5.577805590321,"CURRENT_ASSETS_TDAYS":0.159098060402,"TOTAL_ASSETS_TDAYS":0.094260469086,"PREMIUM_EXPENSE":null,"LOAN_DEPOSIT":null,"LOAN_EQUITY":null,"LOAN_ASSETS":null,"DEPOSIT_EQUITY":null,"DEPOSIT_ASSETS":null,"EQUITY_MULTIPLIER":1.858546138484,"EQUITY_RATIO":0.823914046683},{"SECUCODE":"01539.HK","SECURITY_CODE":"01539","SECURITY_NAME_ABBR":"知行集团控股","ORG_CODE":"10433917","STD_REPORT_DATE":"2022-12-31 00:00:00","REPORT_DATE":"2023-03-31 00:00:00","DATE_TYPE_CODE":"001","REPORT_TYPE":"2022年年报","PER_NETCASH_OPERATE":-0.003337001854,"PER_OI":0.01708131035,"BPS":0.035004590502,"BASIC_EPS":-0.009191805,"DILUTED_EPS":-0.009191805,"OPERATE_INCOME":40750335.5,"OPERATE_INCOME_YOY":-42.1264639332,"GROSS_PROFIT":24260237.33,"GROSS_PROFIT_YOY":-8.136195692463,"HOLDER_PROFIT":-21958784.44,"HOLDER_PROFIT_YOY":93.4359994243,"GROSS_PROFIT_RATIO":59.533834586466,"EPS_TTM":-0.145922106031,"OPERATE_INCOME_QOQ":0,"NET_PROFIT_RATIO":-51.5875402793,"ROE_AVG":-16.967106108672,"GROSS_PROFIT_QOQ":0,"ROA":-6.338753349868,"HOLDER_PROFIT_QOQ":0,"ROE_YEARLY":-16.967106108672,"ROIC_YEARLY":-6.511476984379,"TOTAL_ASSETS":327086441.58,"TOTAL_LIABILITIES":216214014.26,"TAX_EBT":30.705525898139,"OCF_SALES":-19.535982814178,"TOTAL_PARENT_EQUITY":120559714.38,"DEBT_ASSET_RATIO":66.1030195002,"OPERATE_PROFIT":-11256021.78,"PRETAX_PROFIT":-30337333.55,"NETCASH_OPERATE":-14068714.11,"NETCASH_INVEST":6202279.85,"NETCASH_FINANCE":-4698325.47,"END_CASH":9709172.31,"DIVI_RATIO":null,"DIVIDEND_RATE":null,"CURRENT_RATIO":0.987144528592,"COMMON_ACS":50000000000,"CURRENTDEBT_DEBT":82.70549747759,"ISSUED_COMMON_SHARES":3444111548,"HK_COMMON_SHARES":3444111548,"PER_SHARES":2000,"TOTAL_MARKET_CAP":1394865176.94,"HKSK_MARKET_CAP":1394865176.94,"PE_TTM":121.208305260688,"PB_TTM":3.785343948536,"REPORT_DATE_SQ":"2021-12-31 00:00:00","REPORT_TYPE_SQ":"2021年年报","OPERATE_INCOME_SQ":65232778.34,"DPS_HKD":null,"OPERATE_INCOME_QOQ_SQ":0,"NET_PROFIT_RATIO_SQ":-481.0217072382,"HOLDER_PROFIT_SQ":-309923416.45,"HOLDER_PROFIT_QOQ_SQ":0,"ROE_AVG_SQ":-347.270372810505,"PE_TTM_SQ":-74.775626576304,"PB_TTM_SQ":6.98043876176,"ROA_SQ":-92.9000937157,"START_DATE":"2022-04-01 00:00:00","FISCAL_YEAR":"3-31","CURRENCY":"HKD","IS_CNY_CODE":0,"DPS_HKD_LY":null,"ORG_TYPE":"一般企业","PREMIUM_INCOME":null,"PREMIUM_INCOME_YOY":null,"NET_INTEREST_INCOME":null,"NET_INTEREST_INCOME_YOY":null,"FEE_COMMISSION_INCOME":null,"FEE_COMMISSION_INCOME_YOY":null,"ACCOUNTS_RECE_TDAYS":0.27226123041,"INVENTORY_TDAYS":12.866803278689,"CURRENT_ASSETS_TDAYS":0.204519642453,"TOTAL_ASSETS_TDAYS":0.117632342703,"PREMIUM_EXPENSE":null,"LOAN_DEPOSIT":null,"LOAN_EQUITY":null,"LOAN_ASSETS":null,"DEPOSIT_EQUITY":null,"DEPOSIT_ASSETS":null,"EQUITY_MULTIPLIER":2.950115276509,"EQUITY_RATIO":1.793418434773},{"SECUCODE":"01539.HK","SECURITY_CODE":"01539","SECURITY_NAME_ABBR":"知行集团控股","ORG_CODE":"10433917","STD_REPORT_DATE":"2022-06-30 00:00:00","REPORT_DATE":"2022-09-30 00:00:00","DATE_TYPE_CODE":"002","REPORT_TYPE":"2022年中报","PER_NETCASH_OPERATE":-0.001659760838,"PER_OI":0.002116214025,"BPS":0.024819298704,"BASIC_EPS":-0.02351544,"DILUTED_EPS":-0.02351544,"OPERATE_INCOME":5048584.08,"OPERATE_INCOME_YOY":-85.6311779242,"GROSS_PROFIT":2211355.8,"GROSS_PROFIT_YOY":-85.874320800211,"HOLDER_PROFIT":-56292345.6,"HOLDER_PROFIT_YOY":-186.5561694291,"GROSS_PROFIT_RATIO":43.801504836976,"EPS_TTM":-0.129910539291,"OPERATE_INCOME_QOQ":0,"NET_PROFIT_RATIO":-1125.4209960588,"ROE_AVG":-49.304477328179,"GROSS_PROFIT_QOQ":0,"ROA":-16.092167995615,"HOLDER_PROFIT_QOQ":0,"ROE_YEARLY":-98.608954656358,"ROIC_YEARLY":-33.051619258516,"TOTAL_ASSETS":321739154.52,"TOTAL_LIABILITIES":247578692.28,"TAX_EBT":12.324847875844,"OCF_SALES":-78.430670010749,"TOTAL_PARENT_EQUITY":85480433.28,"DEBT_ASSET_RATIO":76.9501283266,"OPERATE_PROFIT":-54573909.6,"PRETAX_PROFIT":-64804934.88,"NETCASH_OPERATE":-3959638.32,"NETCASH_INVEST":4479691.32,"NETCASH_FINANCE":-6839375.28,"END_CASH":17023369.68,"DIVI_RATIO":null,"DIVIDEND_RATE":null,"CURRENT_RATIO":0.913265330408,"COMMON_ACS":50000000000,"CURRENTDEBT_DEBT":76.748484859555,"ISSUED_COMMON_SHARES":3444111548,"HK_COMMON_SHARES":3444111548,"PER_SHARES":2000,"TOTAL_MARKET_CAP":1394865176.94,"HKSK_MARKET_CAP":1394865176.94,"PE_TTM":121.208305260688,"PB_TTM":3.785343948536,"REPORT_DATE_SQ":"2021-06-30 00:00:00","REPORT_TYPE_SQ":"2021年中报","OPERATE_INCOME_SQ":32362714.88,"DPS_HKD":null,"OPERATE_INCOME_QOQ_SQ":0,"NET_PROFIT_RATIO_SQ":-57.1972817133,"HOLDER_PROFIT_SQ":-18094063.2,"HOLDER_PROFIT_QOQ_SQ":0,"ROE_AVG_SQ":-41.941027671037,"PE_TTM_SQ":-74.775626576304,"PB_TTM_SQ":6.98043876176,"ROA_SQ":-5.290122547199,"START_DATE":"2022-04-01 00:00:00","FISCAL_YEAR":"3-31","CURRENCY":"HKD","IS_CNY_CODE":0,"DPS_HKD_LY":null,"ORG_TYPE":"一般企业","PREMIUM_INCOME":null,"PREMIUM_INCOME_YOY":null,"NET_INTEREST_INCOME":null,"NET_INTEREST_INCOME_YOY":null,"FEE_COMMISSION_INCOME":null,"FEE_COMMISSION_INCOME_YOY":null,"ACCOUNTS_RECE_TDAYS":0.034391615888,"INVENTORY_TDAYS":2.651732882502,"CURRENT_ASSETS_TDAYS":0.025063140526,"TOTAL_ASSETS_TDAYS":0.014432275346,"PREMIUM_EXPENSE":null,"LOAN_DEPOSIT":null,"LOAN_EQUITY":null,"LOAN_ASSETS":null,"DEPOSIT_EQUITY":null,"DEPOSIT_ASSETS":null,"EQUITY_MULTIPLIER":4.338418947269,"EQUITY_RATIO":2.896320044016},{"SECUCODE":"01539.HK","SECURITY_CODE":"01539","SECURITY_NAME_ABBR":"知行集团控股","ORG_CODE":"10433917","STD_REPORT_DATE":"2021-12-31 00:00:00","REPORT_DATE":"2022-03-31 00:00:00","DATE_TYPE_CODE":"001","REPORT_TYPE":"2021年年报","PER_NETCASH_OPERATE":-0.004756933039,"PER_OI":0.02734361124,"BPS":0.037195990262,"BASIC_EPS":-0.18491028,"DILUTED_EPS":-0.18491028,"OPERATE_INCOME":65232778.34,"OPERATE_INCOME_YOY":49.5500520601,"GROSS_PROFIT":26408918.63,"GROSS_PROFIT_YOY":18.46565848649,"HOLDER_PROFIT":-309923416.45,"HOLDER_PROFIT_YOY":-36.5793771913,"GROSS_PROFIT_RATIO":40.484123629311,"EPS_TTM":-0.28318811957,"OPERATE_INCOME_QOQ":0,"NET_PROFIT_RATIO":-481.0217072382,"ROE_AVG":-347.270372810505,"GROSS_PROFIT_QOQ":0,"ROA":-92.9000937157,"HOLDER_PROFIT_QOQ":0,"ROE_YEARLY":-347.270372810505,"ROIC_YEARLY":-94.580865037045,"TOTAL_ASSETS":338848899.11,"TOTAL_LIABILITIES":220732591.7,"TAX_EBT":2.28166459985,"OCF_SALES":-17.396871969565,"TOTAL_PARENT_EQUITY":128107139.6,"DEBT_ASSET_RATIO":65.1418943015,"OPERATE_PROFIT":-40915454.5,"PRETAX_PROFIT":-321110488.39,"NETCASH_OPERATE":-11348462.93,"NETCASH_INVEST":-442811.46,"NETCASH_FINANCE":25734969.32,"END_CASH":21338484.11,"DIVI_RATIO":null,"DIVIDEND_RATE":null,"CURRENT_RATIO":1.21347045621,"COMMON_ACS":50000000000,"CURRENTDEBT_DEBT":76.775912113752,"ISSUED_COMMON_SHARES":3444111548,"HK_COMMON_SHARES":3444111548,"PER_SHARES":2000,"TOTAL_MARKET_CAP":1394865176.94,"HKSK_MARKET_CAP":1394865176.94,"PE_TTM":121.208305260688,"PB_TTM":3.785343948536,"REPORT_DATE_SQ":"2020-12-31 00:00:00","REPORT_TYPE_SQ":"2020年年报","OPERATE_INCOME_SQ":45457161.12,"DPS_HKD":null,"OPERATE_INCOME_QOQ_SQ":0,"NET_PROFIT_RATIO_SQ":-525.3123605533,"HOLDER_PROFIT_SQ":-236478828.46,"HOLDER_PROFIT_QOQ_SQ":0,"ROE_AVG_SQ":-146.434225572882,"PE_TTM_SQ":-74.775626576304,"PB_TTM_SQ":6.98043876176,"ROA_SQ":-53.018063853534,"START_DATE":"2021-04-01 00:00:00","FISCAL_YEAR":"3-31","CURRENCY":"HKD","IS_CNY_CODE":0,"DPS_HKD_LY":null,"ORG_TYPE":"一般企业","PREMIUM_INCOME":null,"PREMIUM_INCOME_YOY":null,"NET_INTEREST_INCOME":null,"NET_INTEREST_INCOME_YOY":null,"FEE_COMMISSION_INCOME":null,"FEE_COMMISSION_INCOME_YOY":null,"ACCOUNTS_RECE_TDAYS":0.417923631281,"INVENTORY_TDAYS":45.831498324557,"CURRENT_ASSETS_TDAYS":0.323993587316,"TOTAL_ASSETS_TDAYS":0.195536409947,"PREMIUM_EXPENSE":null,"LOAN_DEPOSIT":null,"LOAN_EQUITY":null,"LOAN_ASSETS":null,"DEPOSIT_EQUITY":null,"DEPOSIT_ASSETS":null,"EQUITY_MULTIPLIER":2.868773216334,"EQUITY_RATIO":1.723031147126},{"SECUCODE":"01539.HK","SECURITY_CODE":"01539","SECURITY_NAME_ABBR":"知行集团控股","ORG_CODE":"10433917","STD_REPORT_DATE":"2021-06-30 00:00:00","REPORT_DATE":"2021-09-30 00:00:00","DATE_TYPE_CODE":"002","REPORT_TYPE":"2021年中报","PER_NETCASH_OPERATE":0.006687797425,"PER_OI":0.048826828484,"BPS":0.010025663646,"BASIC_EPS":-0.01166284,"DILUTED_EPS":-0.01166284,"OPERATE_INCOME":32362714.88,"OPERATE_INCOME_YOY":125.2972220611,"GROSS_PROFIT":15654863.52,"GROSS_PROFIT_YOY":297.136226843471,"HOLDER_PROFIT":-18094063.2,"HOLDER_PROFIT_YOY":71.4601072217,"GROSS_PROFIT_RATIO":48.373146622735,"EPS_TTM":-0.358301255242,"OPERATE_INCOME_QOQ":0,"NET_PROFIT_RATIO":-57.1972817133,"ROE_AVG":-41.941027671037,"GROSS_PROFIT_QOQ":0,"ROA":-5.290122547199,"HOLDER_PROFIT_QOQ":0,"ROE_YEARLY":-83.882055342074,"ROIC_YEARLY":-10.616691961962,"TOTAL_ASSETS":346772054.78,"TOTAL_LIABILITIES":319036155.14,"TAX_EBT":11.940712558951,"OCF_SALES":13.696972817133,"TOTAL_PARENT_EQUITY":34529503.94,"DEBT_ASSET_RATIO":92.0016912385,"OPERATE_PROFIT":-5713125.48,"PRETAX_PROFIT":-21020602.98,"NETCASH_OPERATE":4432712.26,"NETCASH_INVEST":-402367.98,"NETCASH_FINANCE":-2462525.36,"END_CASH":8618838.76,"DIVI_RATIO":null,"DIVIDEND_RATE":null,"CURRENT_RATIO":0.684339385535,"COMMON_ACS":50000000000,"CURRENTDEBT_DEBT":96.413025597372,"ISSUED_COMMON_SHARES":3444111548,"HK_COMMON_SHARES":3444111548,"PER_SHARES":2000,"TOTAL_MARKET_CAP":1394865176.94,"HKSK_MARKET_CAP":1394865176.94,"PE_TTM":121.208305260688,"PB_TTM":3.785343948536,"REPORT_DATE_SQ":"2020-06-30 00:00:00","REPORT_TYPE_SQ":"2020年中报","OPERATE_INCOME_SQ":15151768.96,"DPS_HKD":null,"OPERATE_INCOME_QOQ_SQ":0,"NET_PROFIT_RATIO_SQ":-445.1371571072,"HOLDER_PROFIT_SQ":-66874106.88,"HOLDER_PROFIT_QOQ_SQ":0,"ROE_AVG_SQ":-26.115468226421,"PE_TTM_SQ":-74.775626576304,"PB_TTM_SQ":6.98043876176,"ROA_SQ":-12.270514342929,"START_DATE":"2021-04-01 00:00:00","FISCAL_YEAR":"3-31","CURRENCY":"HKD","IS_CNY_CODE":0,"DPS_HKD_LY":null,"ORG_TYPE":"一般企业","PREMIUM_INCOME":null,"PREMIUM_INCOME_YOY":null,"NET_INTEREST_INCOME":null,"NET_INTEREST_INCOME_YOY":null,"FEE_COMMISSION_INCOME":null,"FEE_COMMISSION_INCOME_YOY":null,"ACCOUNTS_RECE_TDAYS":0.192771084337,"INVENTORY_TDAYS":27.029649595687,"CURRENT_ASSETS_TDAYS":0.15676273334,"TOTAL_ASSETS_TDAYS":0.094618177124,"PREMIUM_EXPENSE":null,"LOAN_DEPOSIT":null,"LOAN_EQUITY":null,"LOAN_ASSETS":null,"DEPOSIT_EQUITY":null,"DEPOSIT_ASSETS":null,"EQUITY_MULTIPLIER":12.502643118924,"EQUITY_RATIO":9.23952326956},{"SECUCODE":"01539.HK","SECURITY_CODE":"01539","SECURITY_NAME_ABBR":"知行集团控股","ORG_CODE":"10433917","STD_REPORT_DATE":"2020-12-31 00:00:00","REPORT_DATE":"2021-03-31 00:00:00","DATE_TYPE_CODE":"001","REPORT_TYPE":"2020年年报","PER_NETCASH_OPERATE":0.00197720897,"PER_OI":0.068874486545,"BPS":0.015245385281,"BASIC_EPS":-0.169036,"DILUTED_EPS":-0.169036,"OPERATE_INCOME":45457161.12,"OPERATE_INCOME_YOY":-57.4987949141,"GROSS_PROFIT":22292467.68,"GROSS_PROFIT_YOY":-65.199383088488,"HOLDER_PROFIT":-236478828.46,"HOLDER_PROFIT_YOY":-154.9124469306,"GROSS_PROFIT_RATIO":49.040606871932,"EPS_TTM":-0.298288550939,"OPERATE_INCOME_QOQ":0,"NET_PROFIT_RATIO":-525.3123605533,"ROE_AVG":-146.434225572882,"GROSS_PROFIT_QOQ":0,"ROA":-53.018063853534,"HOLDER_PROFIT_QOQ":0,"ROE_YEARLY":-146.434225572882,"ROIC_YEARLY":-53.273357323737,"TOTAL_ASSETS":342204930.2,"TOTAL_LIABILITIES":296101206.38,"TAX_EBT":7.898279779504,"OCF_SALES":2.870742228172,"TOTAL_PARENT_EQUITY":52506807.5,"DEBT_ASSET_RATIO":86.5274519005,"OPERATE_PROFIT":14738248.84,"PRETAX_PROFIT":-259269952.34,"NETCASH_OPERATE":1304957.92,"NETCASH_INVEST":13052114.74,"NETCASH_FINANCE":-16366910.7,"END_CASH":6933856.72,"DIVI_RATIO":null,"DIVIDEND_RATE":null,"CURRENT_RATIO":0.72743060234,"COMMON_ACS":50000000000,"CURRENTDEBT_DEBT":95.330263942844,"ISSUED_COMMON_SHARES":3444111548,"HK_COMMON_SHARES":3444111548,"PER_SHARES":2000,"TOTAL_MARKET_CAP":1394865176.94,"HKSK_MARKET_CAP":1394865176.94,"PE_TTM":121.208305260688,"PB_TTM":3.785343948536,"REPORT_DATE_SQ":"2019-12-31 00:00:00","REPORT_TYPE_SQ":"2019年年报","OPERATE_INCOME_SQ":115625993.9,"DPS_HKD":null,"OPERATE_INCOME_QOQ_SQ":0,"NET_PROFIT_RATIO_SQ":-87.8250768489,"HOLDER_PROFIT_SQ":-100289539.4,"HOLDER_PROFIT_QOQ_SQ":0,"ROE_AVG_SQ":-29.206585730916,"PE_TTM_SQ":-74.775626576304,"PB_TTM_SQ":6.98043876176,"ROA_SQ":-15.371139167473,"START_DATE":"2020-04-01 00:00:00","FISCAL_YEAR":"3-31","CURRENCY":"HKD","IS_CNY_CODE":0,"DPS_HKD_LY":null,"ORG_TYPE":"一般企业","PREMIUM_INCOME":null,"PREMIUM_INCOME_YOY":null,"NET_INTEREST_INCOME":null,"NET_INTEREST_INCOME_YOY":null,"FEE_COMMISSION_INCOME":null,"FEE_COMMISSION_INCOME_YOY":null,"ACCOUNTS_RECE_TDAYS":0.204090615869,"INVENTORY_TDAYS":31.64896073903,"CURRENT_ASSETS_TDAYS":0.1695923213,"TOTAL_ASSETS_TDAYS":0.101914014314,"PREMIUM_EXPENSE":null,"LOAN_DEPOSIT":null,"LOAN_EQUITY":null,"LOAN_ASSETS":null,"DEPOSIT_EQUITY":null,"DEPOSIT_ASSETS":null,"EQUITY_MULTIPLIER":7.422500870768,"EQUITY_RATIO":5.639291750503},{"SECUCODE":"01539.HK","SECURITY_CODE":"01539","SECURITY_NAME_ABBR":"知行集团控股","ORG_CODE":"10433917","STD_REPORT_DATE":"2020-06-30 00:00:00","REPORT_DATE":"2020-09-30 00:00:00","DATE_TYPE_CODE":"002","REPORT_TYPE":"2020年中报","PER_NETCASH_OPERATE":-0.017873963636,"PER_OI":0.022957225697,"BPS":0.067051257307,"BASIC_EPS":-0.11774848,"DILUTED_EPS":-0.11774848,"OPERATE_INCOME":15151768.96,"OPERATE_INCOME_YOY":-85.0158592222,"GROSS_PROFIT":3941937.92,"GROSS_PROFIT_YOY":-93.410179933178,"HOLDER_PROFIT":-66874106.88,"HOLDER_PROFIT_YOY":-331.0803425032,"GROSS_PROFIT_RATIO":26.016354462681,"EPS_TTM":-0.182344617091,"OPERATE_INCOME_QOQ":0,"NET_PROFIT_RATIO":-445.1371571072,"ROE_AVG":-26.115468226421,"GROSS_PROFIT_QOQ":0,"ROA":-12.270514342929,"HOLDER_PROFIT_QOQ":0,"ROE_YEARLY":-52.230936452841,"ROIC_YEARLY":-24.546074689038,"TOTAL_ASSETS":518312113.28,"TOTAL_LIABILITIES":292237667.84,"TAX_EBT":16.348794629234,"OCF_SALES":-77.857681377951,"TOTAL_PARENT_EQUITY":230932009.6,"DEBT_ASSET_RATIO":56.3825657075,"OPERATE_PROFIT":6580734.08,"PRETAX_PROFIT":-80627832.32,"NETCASH_OPERATE":-11796816,"NETCASH_INVEST":13551619.84,"NETCASH_FINANCE":-9563109.76,"END_CASH":1188908.16,"DIVI_RATIO":null,"DIVIDEND_RATE":null,"CURRENT_RATIO":1.164996701438,"COMMON_ACS":50000000000,"CURRENTDEBT_DEBT":92.068484418412,"ISSUED_COMMON_SHARES":3444111548,"HK_COMMON_SHARES":3444111548,"PER_SHARES":2000,"TOTAL_MARKET_CAP":1394865176.94,"HKSK_MARKET_CAP":1394865176.94,"PE_TTM":121.208305260688,"PB_TTM":3.785343948536,"REPORT_DATE_SQ":"2019-06-30 00:00:00","REPORT_TYPE_SQ":"2019年中报","OPERATE_INCOME_SQ":103798800.75,"DPS_HKD":null,"OPERATE_INCOME_QOQ_SQ":0,"NET_PROFIT_RATIO_SQ":29.7883488808,"HOLDER_PROFIT_SQ":29706797.34,"HOLDER_PROFIT_QOQ_SQ":0,"ROE_AVG_SQ":7.367233104454,"PE_TTM_SQ":-74.775626576304,"PB_TTM_SQ":6.98043876176,"ROA_SQ":4.177819273226,"START_DATE":"2020-04-01 00:00:00","FISCAL_YEAR":"3-31","CURRENCY":"HKD","IS_CNY_CODE":0,"DPS_HKD_LY":null,"ORG_TYPE":"一般企业","PREMIUM_INCOME":null,"PREMIUM_INCOME_YOY":null,"NET_INTEREST_INCOME":null,"NET_INTEREST_INCOME_YOY":null,"FEE_COMMISSION_INCOME":null,"FEE_COMMISSION_INCOME_YOY":null,"ACCOUNTS_RECE_TDAYS":0.054265505385,"INVENTORY_TDAYS":15.250448296473,"CURRENT_ASSETS_TDAYS":0.046101751107,"TOTAL_ASSETS_TDAYS":0.027801492539,"PREMIUM_EXPENSE":null,"LOAN_DEPOSIT":null,"LOAN_EQUITY":null,"LOAN_ASSETS":null,"DEPOSIT_EQUITY":null,"DEPOSIT_ASSETS":null,"EQUITY_MULTIPLIER":2.292661217287,"EQUITY_RATIO":1.265470596069}],"count":29},"success":true,"message":"ok","code":0}