{"version":"26b378eec2cb1192ad8ef14d04d44825","result":{"pages":3,"data":[{"SECUCODE":"01536.HK","SECURITY_CODE":"01536","SECURITY_NAME_ABBR":"煜荣集团","ORG_CODE":"10551831","STD_REPORT_DATE":"2024-06-30 00:00:00","REPORT_DATE":"2024-09-30 00:00:00","DATE_TYPE_CODE":"002","REPORT_TYPE":"2024年中报","PER_NETCASH_OPERATE":0.000512596421,"PER_OI":0.248277025789,"BPS":0.253195340987,"BASIC_EPS":0.011993807,"DILUTED_EPS":null,"OPERATE_INCOME":94345269.8,"OPERATE_INCOME_YOY":55.8259729814,"GROSS_PROFIT":22575410.86,"GROSS_PROFIT_YOY":49.156460609343,"HOLDER_PROFIT":4544119.81,"HOLDER_PROFIT_YOY":190.8255227109,"GROSS_PROFIT_RATIO":23.928503154273,"EPS_TTM":-0.044549775526,"OPERATE_INCOME_QOQ":0,"NET_PROFIT_RATIO":5.9873829096,"ROE_AVG":4.019334923306,"GROSS_PROFIT_QOQ":0,"ROA":2.449052990722,"HOLDER_PROFIT_QOQ":0,"ROE_YEARLY":8.038669846613,"ROIC_YEARLY":7.542340535403,"TOTAL_ASSETS":189168488.3,"TOTAL_LIABILITIES":45021865.75,"TAX_EBT":3.690036900369,"OCF_SALES":0.206461479641,"TOTAL_PARENT_EQUITY":115457075.49,"DEBT_ASSET_RATIO":23.7998760547,"OPERATE_PROFIT":6488379.05,"PRETAX_PROFIT":5865242.16,"NETCASH_OPERATE":194786.64,"NETCASH_INVEST":875638.09,"NETCASH_FINANCE":-11505938.61,"END_CASH":32222760.28,"DIVI_RATIO":null,"DIVIDEND_RATE":null,"CURRENT_RATIO":4.455589481839,"COMMON_ACS":500000000,"CURRENTDEBT_DEBT":87.903855783676,"ISSUED_COMMON_SHARES":456000000,"HK_COMMON_SHARES":456000000,"PER_SHARES":2000,"TOTAL_MARKET_CAP":40128000,"HKSK_MARKET_CAP":40128000,"PE_TTM":-4.962037838506,"PB_TTM":0.313424092603,"REPORT_DATE_SQ":"2023-06-30 00:00:00","REPORT_TYPE_SQ":"2023年中报","OPERATE_INCOME_SQ":61608760.57,"DPS_HKD":null,"OPERATE_INCOME_QOQ_SQ":0,"NET_PROFIT_RATIO_SQ":-10.3844263394,"HOLDER_PROFIT_SQ":-5091011.24,"HOLDER_PROFIT_QOQ_SQ":0,"ROE_AVG_SQ":-3.987221916784,"PE_TTM_SQ":-3.327495621716,"PB_TTM_SQ":0.280285596271,"ROA_SQ":-2.550529023301,"START_DATE":"2024-04-01 00:00:00","FISCAL_YEAR":"3-31","CURRENCY":"HKD","IS_CNY_CODE":0,"DPS_HKD_LY":null,"ORG_TYPE":"一般企业","PREMIUM_INCOME":null,"PREMIUM_INCOME_YOY":null,"NET_INTEREST_INCOME":null,"NET_INTEREST_INCOME_YOY":null,"FEE_COMMISSION_INCOME":null,"FEE_COMMISSION_INCOME_YOY":null,"ACCOUNTS_RECE_TDAYS":1.360972532083,"INVENTORY_TDAYS":1.583990128175,"CURRENT_ASSETS_TDAYS":0.548305608838,"TOTAL_ASSETS_TDAYS":0.508473752509,"PREMIUM_EXPENSE":null,"LOAN_DEPOSIT":null,"LOAN_EQUITY":null,"LOAN_ASSETS":null,"DEPOSIT_EQUITY":null,"DEPOSIT_ASSETS":null,"EQUITY_MULTIPLIER":1.312333823391,"EQUITY_RATIO":0.389944622787},{"SECUCODE":"01536.HK","SECURITY_CODE":"01536","SECURITY_NAME_ABBR":"煜荣集团","ORG_CODE":"10551831","STD_REPORT_DATE":"2023-12-31 00:00:00","REPORT_DATE":"2024-03-31 00:00:00","DATE_TYPE_CODE":"001","REPORT_TYPE":"2023年年报","PER_NETCASH_OPERATE":-0.019039935658,"PER_OI":0.353628455395,"BPS":0.243947436075,"BASIC_EPS":-0.044511605,"DILUTED_EPS":null,"OPERATE_INCOME":134378813.05,"OPERATE_INCOME_YOY":-5.6142071214,"GROSS_PROFIT":30955056.3,"GROSS_PROFIT_YOY":-18.557653012031,"HOLDER_PROFIT":-16928914.7,"HOLDER_PROFIT_YOY":-432.9337899543,"GROSS_PROFIT_RATIO":23.035667303061,"EPS_TTM":-0.027105688947,"OPERATE_INCOME_QOQ":0,"NET_PROFIT_RATIO":-15.2201631238,"ROE_AVG":-14.07128324919,"GROSS_PROFIT_QOQ":0,"ROA":-8.628572616735,"HOLDER_PROFIT_QOQ":0,"ROE_YEARLY":-14.07128324919,"ROIC_YEARLY":-14.646619136137,"TOTAL_ASSETS":182883770.8,"TOTAL_LIABILITIES":44351145.65,"TAX_EBT":-5.781132783196,"OCF_SALES":-5.384163906335,"TOTAL_PARENT_EQUITY":111240030.85,"DEBT_ASSET_RATIO":24.2510013086,"OPERATE_PROFIT":-18257010.45,"PRETAX_PROFIT":-19334898.4,"NETCASH_OPERATE":-7235175.55,"NETCASH_INVEST":269245.35,"NETCASH_FINANCE":-8162576.2,"END_CASH":42259734.8,"DIVI_RATIO":null,"DIVIDEND_RATE":null,"CURRENT_RATIO":4.460174021429,"COMMON_ACS":500000000,"CURRENTDEBT_DEBT":85.274819614496,"ISSUED_COMMON_SHARES":456000000,"HK_COMMON_SHARES":456000000,"PER_SHARES":2000,"TOTAL_MARKET_CAP":60648000,"HKSK_MARKET_CAP":60648000,"PE_TTM":-7.499443551379,"PB_TTM":0.47369777632,"REPORT_DATE_SQ":"2022-12-31 00:00:00","REPORT_TYPE_SQ":"2022年年报","OPERATE_INCOME_SQ":137481389.68,"DPS_HKD":null,"OPERATE_INCOME_QOQ_SQ":0,"NET_PROFIT_RATIO_SQ":-2.2770108502,"HOLDER_PROFIT_SQ":-3067436.64,"HOLDER_PROFIT_QOQ_SQ":0,"ROE_AVG_SQ":-2.39964662738,"PE_TTM_SQ":-3.693520140105,"PB_TTM_SQ":0.311117011861,"ROA_SQ":-1.510667146654,"START_DATE":"2023-04-01 00:00:00","FISCAL_YEAR":"3-31","CURRENCY":"HKD","IS_CNY_CODE":0,"DPS_HKD_LY":null,"ORG_TYPE":"一般企业","PREMIUM_INCOME":null,"PREMIUM_INCOME_YOY":null,"NET_INTEREST_INCOME":null,"NET_INTEREST_INCOME_YOY":null,"FEE_COMMISSION_INCOME":null,"FEE_COMMISSION_INCOME_YOY":null,"ACCOUNTS_RECE_TDAYS":2.098519168696,"INVENTORY_TDAYS":2.249598233212,"CURRENT_ASSETS_TDAYS":0.742616097171,"TOTAL_ASSETS_TDAYS":0.684921252839,"PREMIUM_EXPENSE":null,"LOAN_DEPOSIT":null,"LOAN_EQUITY":null,"LOAN_ASSETS":null,"DEPOSIT_EQUITY":null,"DEPOSIT_ASSETS":null,"EQUITY_MULTIPLIER":1.320149463723,"EQUITY_RATIO":0.398697710807},{"SECUCODE":"01536.HK","SECURITY_CODE":"01536","SECURITY_NAME_ABBR":"煜荣集团","ORG_CODE":"10551831","STD_REPORT_DATE":"2023-06-30 00:00:00","REPORT_DATE":"2023-09-30 00:00:00","DATE_TYPE_CODE":"002","REPORT_TYPE":"2023年中报","PER_NETCASH_OPERATE":0.023670024368,"PER_OI":0.162128317289,"BPS":0.272825887895,"BASIC_EPS":-0.013397398,"DILUTED_EPS":null,"OPERATE_INCOME":61608760.57,"OPERATE_INCOME_YOY":-24.0586365642,"GROSS_PROFIT":15135389.22,"GROSS_PROFIT_YOY":-30.957413733911,"HOLDER_PROFIT":-5091011.24,"HOLDER_PROFIT_YOY":-334.2905405405,"GROSS_PROFIT_RATIO":24.566943207376,"EPS_TTM":-0.008072201684,"OPERATE_INCOME_QOQ":0,"NET_PROFIT_RATIO":-10.3844263394,"ROE_AVG":-3.987221916784,"GROSS_PROFIT_QOQ":0,"ROA":-2.550529023301,"HOLDER_PROFIT_QOQ":0,"ROE_YEARLY":-7.974443833569,"ROIC_YEARLY":-9.056295782407,"TOTAL_ASSETS":187143297.46,"TOTAL_LIABILITIES":33077808.61,"TAX_EBT":-6.965326787358,"OCF_SALES":14.599562102504,"TOTAL_PARENT_EQUITY":124408604.88,"DEBT_ASSET_RATIO":17.6751233194,"OPERATE_PROFIT":-5188280.02,"PRETAX_PROFIT":-5981112.34,"NETCASH_OPERATE":8994609.26,"NETCASH_INVEST":925888.67,"NETCASH_FINANCE":-15883257.67,"END_CASH":51899317.54,"DIVI_RATIO":null,"DIVIDEND_RATE":null,"CURRENT_RATIO":6.70379728816,"COMMON_ACS":500000000,"CURRENTDEBT_DEBT":77.951008405693,"ISSUED_COMMON_SHARES":456000000,"HK_COMMON_SHARES":456000000,"PER_SHARES":2000,"TOTAL_MARKET_CAP":60648000,"HKSK_MARKET_CAP":60648000,"PE_TTM":-7.499443551379,"PB_TTM":0.47369777632,"REPORT_DATE_SQ":"2022-06-30 00:00:00","REPORT_TYPE_SQ":"2022年中报","OPERATE_INCOME_SQ":79960635.96,"DPS_HKD":null,"OPERATE_INCOME_QOQ_SQ":0,"NET_PROFIT_RATIO_SQ":3.3650420206,"HOLDER_PROFIT_SQ":2141713.92,"HOLDER_PROFIT_QOQ_SQ":0,"ROE_AVG_SQ":1.602642193887,"PE_TTM_SQ":-3.693520140105,"PB_TTM_SQ":0.311117011861,"ROA_SQ":0.964896196239,"START_DATE":"2023-04-01 00:00:00","FISCAL_YEAR":"3-31","CURRENCY":"HKD","IS_CNY_CODE":0,"DPS_HKD_LY":null,"ORG_TYPE":"一般企业","PREMIUM_INCOME":null,"PREMIUM_INCOME_YOY":null,"NET_INTEREST_INCOME":null,"NET_INTEREST_INCOME_YOY":null,"FEE_COMMISSION_INCOME":null,"FEE_COMMISSION_INCOME_YOY":null,"ACCOUNTS_RECE_TDAYS":1.097777923118,"INVENTORY_TDAYS":0.909948434159,"CURRENT_ASSETS_TDAYS":0.334433350186,"TOTAL_ASSETS_TDAYS":0.308651708896,"PREMIUM_EXPENSE":null,"LOAN_DEPOSIT":null,"LOAN_EQUITY":null,"LOAN_ASSETS":null,"DEPOSIT_EQUITY":null,"DEPOSIT_ASSETS":null,"EQUITY_MULTIPLIER":1.214699663481,"EQUITY_RATIO":0.26588039181},{"SECUCODE":"01536.HK","SECURITY_CODE":"01536","SECURITY_NAME_ABBR":"煜荣集团","ORG_CODE":"10551831","STD_REPORT_DATE":"2022-12-31 00:00:00","REPORT_DATE":"2023-03-31 00:00:00","DATE_TYPE_CODE":"001","REPORT_TYPE":"2022年年报","PER_NETCASH_OPERATE":-0.008645825605,"PER_OI":0.361793130737,"BPS":0.273974533618,"BASIC_EPS":-0.008053772,"DILUTED_EPS":null,"OPERATE_INCOME":137481389.68,"OPERATE_INCOME_YOY":10.7938030872,"GROSS_PROFIT":38008551.38,"GROSS_PROFIT_YOY":18.344738840837,"HOLDER_PROFIT":-3067436.64,"HOLDER_PROFIT_YOY":-671.8061674009,"GROSS_PROFIT_RATIO":27.646324690541,"EPS_TTM":0.003364941421,"OPERATE_INCOME_QOQ":0,"NET_PROFIT_RATIO":-2.2770108502,"ROE_AVG":-2.39964662738,"GROSS_PROFIT_QOQ":0,"ROA":-1.510667146654,"HOLDER_PROFIT_QOQ":0,"ROE_YEARLY":-2.39964662738,"ROIC_YEARLY":-2.683494669771,"TOTAL_ASSETS":202311628.05,"TOTAL_LIABILITIES":46603326.76,"TAX_EBT":45.1197053407,"OCF_SALES":-2.389715246294,"TOTAL_PARENT_EQUITY":124932387.33,"DEBT_ASSET_RATIO":23.0354168019,"OPERATE_PROFIT":-4798122.21,"PRETAX_PROFIT":-5704171.56,"NETCASH_OPERATE":-3285413.73,"NETCASH_INVEST":4095167.98,"NETCASH_FINANCE":4322774.58,"END_CASH":57749922.29,"DIVI_RATIO":null,"DIVIDEND_RATE":null,"CURRENT_RATIO":4.85057235839,"COMMON_ACS":500000000,"CURRENTDEBT_DEBT":82.540010519198,"ISSUED_COMMON_SHARES":456000000,"HK_COMMON_SHARES":456000000,"PER_SHARES":2000,"TOTAL_MARKET_CAP":60648000,"HKSK_MARKET_CAP":60648000,"PE_TTM":-7.499443551379,"PB_TTM":0.47369777632,"REPORT_DATE_SQ":"2021-12-31 00:00:00","REPORT_TYPE_SQ":"2021年年报","OPERATE_INCOME_SQ":114959045.48,"DPS_HKD":null,"OPERATE_INCOME_QOQ_SQ":0,"NET_PROFIT_RATIO_SQ":-1.0405790558,"HOLDER_PROFIT_SQ":-368198.54,"HOLDER_PROFIT_QOQ_SQ":0,"ROE_AVG_SQ":-0.304494649546,"PE_TTM_SQ":-3.693520140105,"PB_TTM_SQ":0.311117011861,"ROA_SQ":-0.19241813223,"START_DATE":"2022-04-01 00:00:00","FISCAL_YEAR":"3-31","CURRENCY":"HKD","IS_CNY_CODE":0,"DPS_HKD_LY":null,"ORG_TYPE":"一般企业","PREMIUM_INCOME":null,"PREMIUM_INCOME_YOY":null,"NET_INTEREST_INCOME":null,"NET_INTEREST_INCOME_YOY":null,"FEE_COMMISSION_INCOME":null,"FEE_COMMISSION_INCOME_YOY":null,"ACCOUNTS_RECE_TDAYS":2.472457060092,"INVENTORY_TDAYS":2.025291638075,"CURRENT_ASSETS_TDAYS":0.747077417805,"TOTAL_ASSETS_TDAYS":0.677075496712,"PREMIUM_EXPENSE":null,"LOAN_DEPOSIT":null,"LOAN_EQUITY":null,"LOAN_ASSETS":null,"DEPOSIT_EQUITY":null,"DEPOSIT_ASSETS":null,"EQUITY_MULTIPLIER":1.299298922241,"EQUITY_RATIO":0.373028385641},{"SECUCODE":"01536.HK","SECURITY_CODE":"01536","SECURITY_NAME_ABBR":"煜荣集团","ORG_CODE":"10551831","STD_REPORT_DATE":"2022-06-30 00:00:00","REPORT_DATE":"2022-09-30 00:00:00","DATE_TYPE_CODE":"002","REPORT_TYPE":"2022年中报","PER_NETCASH_OPERATE":0.022349188421,"PER_OI":0.210422726211,"BPS":0.289940456316,"BASIC_EPS":0.005607528,"DILUTED_EPS":null,"OPERATE_INCOME":79960635.96,"OPERATE_INCOME_YOY":9.0284629045,"GROSS_PROFIT":21921816.72,"GROSS_PROFIT_YOY":46.266529498714,"HOLDER_PROFIT":2141713.92,"HOLDER_PROFIT_YOY":298.6531986532,"GROSS_PROFIT_RATIO":27.415760838829,"EPS_TTM":-0.000968943526,"OPERATE_INCOME_QOQ":0,"NET_PROFIT_RATIO":3.3650420206,"ROE_AVG":1.602642193887,"GROSS_PROFIT_QOQ":0,"ROA":0.964896196239,"HOLDER_PROFIT_QOQ":0,"ROE_YEARLY":3.205284387774,"ROIC_YEARLY":3.432282003711,"TOTAL_ASSETS":233376270.96,"TOTAL_LIABILITIES":69810105.84,"TAX_EBT":640.909090909091,"OCF_SALES":10.621090612947,"TOTAL_PARENT_EQUITY":132212848.08,"DEBT_ASSET_RATIO":29.9131122255,"OPERATE_PROFIT":116672.76,"PRETAX_PROFIT":-497442,"NETCASH_OPERATE":8492691.6,"NETCASH_INVEST":-575223.84,"NETCASH_FINANCE":11419459.44,"END_CASH":71063659.68,"DIVI_RATIO":null,"DIVIDEND_RATE":null,"CURRENT_RATIO":3.483289148372,"COMMON_ACS":500000000,"CURRENTDEBT_DEBT":86.987277485554,"ISSUED_COMMON_SHARES":456000000,"HK_COMMON_SHARES":456000000,"PER_SHARES":2000,"TOTAL_MARKET_CAP":60648000,"HKSK_MARKET_CAP":60648000,"PE_TTM":-7.499443551379,"PB_TTM":0.47369777632,"REPORT_DATE_SQ":"2021-06-30 00:00:00","REPORT_TYPE_SQ":"2021年中报","OPERATE_INCOME_SQ":67551169.28,"DPS_HKD":null,"OPERATE_INCOME_QOQ_SQ":0,"NET_PROFIT_RATIO_SQ":-0.8139305446,"HOLDER_PROFIT_SQ":494837.64,"HOLDER_PROFIT_QOQ_SQ":0,"ROE_AVG_SQ":null,"PE_TTM_SQ":-3.693520140105,"PB_TTM_SQ":0.311117011861,"ROA_SQ":null,"START_DATE":"2022-04-01 00:00:00","FISCAL_YEAR":"3-31","CURRENCY":"HKD","IS_CNY_CODE":0,"DPS_HKD_LY":null,"ORG_TYPE":"一般企业","PREMIUM_INCOME":null,"PREMIUM_INCOME_YOY":null,"NET_INTEREST_INCOME":null,"NET_INTEREST_INCOME_YOY":null,"FEE_COMMISSION_INCOME":null,"FEE_COMMISSION_INCOME_YOY":null,"ACCOUNTS_RECE_TDAYS":1.446304854607,"INVENTORY_TDAYS":1.001279470736,"CURRENT_ASSETS_TDAYS":0.400794253449,"TOTAL_ASSETS_TDAYS":0.360242853941,"PREMIUM_EXPENSE":null,"LOAN_DEPOSIT":null,"LOAN_EQUITY":null,"LOAN_ASSETS":null,"DEPOSIT_EQUITY":null,"DEPOSIT_ASSETS":null,"EQUITY_MULTIPLIER":1.426800406971,"EQUITY_RATIO":0.528013024859},{"SECUCODE":"01536.HK","SECURITY_CODE":"01536","SECURITY_NAME_ABBR":"煜荣集团","ORG_CODE":"10551831","STD_REPORT_DATE":"2021-12-31 00:00:00","REPORT_DATE":"2022-03-31 00:00:00","DATE_TYPE_CODE":"001","REPORT_TYPE":"2021年年报","PER_NETCASH_OPERATE":0.004212983526,"PER_OI":0.302523803895,"BPS":0.265587989693,"BASIC_EPS":-0.000973212,"DILUTED_EPS":null,"OPERATE_INCOME":114959045.48,"OPERATE_INCOME_YOY":32.8559511871,"GROSS_PROFIT":32116807.01,"GROSS_PROFIT_YOY":-2.50170374113,"HOLDER_PROFIT":-368198.54,"HOLDER_PROFIT_YOY":89.7098821396,"GROSS_PROFIT_RATIO":27.937607585292,"EPS_TTM":-0.025835438842,"OPERATE_INCOME_QOQ":0,"NET_PROFIT_RATIO":-1.0405790558,"ROE_AVG":-0.304494649546,"GROSS_PROFIT_QOQ":0,"ROA":-0.19241813223,"HOLDER_PROFIT_QOQ":0,"ROE_YEARLY":-0.304494649546,"ROIC_YEARLY":-0.369539825242,"TOTAL_ASSETS":188799883.96,"TOTAL_LIABILITIES":37704665.91,"TAX_EBT":-32.286995515695,"OCF_SALES":1.392612241443,"TOTAL_PARENT_EQUITY":121108123.3,"DEBT_ASSET_RATIO":19.970703964,"OPERATE_PROFIT":-196264.42,"PRETAX_PROFIT":-904276.15,"NETCASH_OPERATE":1600933.74,"NETCASH_INVEST":-19199039.73,"NETCASH_FINANCE":-2174317.81,"END_CASH":52430985.49,"DIVI_RATIO":null,"DIVIDEND_RATE":null,"CURRENT_RATIO":5.847503526093,"COMMON_ACS":500000000,"CURRENTDEBT_DEBT":76.251317459293,"ISSUED_COMMON_SHARES":456000000,"HK_COMMON_SHARES":456000000,"PER_SHARES":2000,"TOTAL_MARKET_CAP":60648000,"HKSK_MARKET_CAP":60648000,"PE_TTM":-7.499443551379,"PB_TTM":0.47369777632,"REPORT_DATE_SQ":"2020-12-31 00:00:00","REPORT_TYPE_SQ":"2020年年报","OPERATE_INCOME_SQ":90174789.74,"DPS_HKD":null,"OPERATE_INCOME_QOQ_SQ":0,"NET_PROFIT_RATIO_SQ":-6.1269249154,"HOLDER_PROFIT_SQ":-3728934.16,"HOLDER_PROFIT_QOQ_SQ":0,"ROE_AVG_SQ":-2.952711113491,"PE_TTM_SQ":-3.693520140105,"PB_TTM_SQ":0.311117011861,"ROA_SQ":-1.848751820153,"START_DATE":"2021-04-01 00:00:00","FISCAL_YEAR":"3-31","CURRENCY":"HKD","IS_CNY_CODE":0,"DPS_HKD_LY":null,"ORG_TYPE":"一般企业","PREMIUM_INCOME":null,"PREMIUM_INCOME_YOY":null,"NET_INTEREST_INCOME":null,"NET_INTEREST_INCOME_YOY":null,"FEE_COMMISSION_INCOME":null,"FEE_COMMISSION_INCOME_YOY":null,"ACCOUNTS_RECE_TDAYS":2.442372968968,"INVENTORY_TDAYS":1.691847754074,"CURRENT_ASSETS_TDAYS":0.677986530956,"TOTAL_ASSETS_TDAYS":0.600768401043,"PREMIUM_EXPENSE":null,"LOAN_DEPOSIT":null,"LOAN_EQUITY":null,"LOAN_ASSETS":null,"DEPOSIT_EQUITY":null,"DEPOSIT_ASSETS":null,"EQUITY_MULTIPLIER":1.249542417005,"EQUITY_RATIO":0.311330610058},{"SECUCODE":"01536.HK","SECURITY_CODE":"01536","SECURITY_NAME_ABBR":"煜荣集团","ORG_CODE":"10551831","STD_REPORT_DATE":"2021-06-30 00:00:00","REPORT_DATE":"2021-09-30 00:00:00","DATE_TYPE_CODE":"002","REPORT_TYPE":"2021年中报","PER_NETCASH_OPERATE":0.001517046105,"PER_OI":0.177766234947,"BPS":null,"BASIC_EPS":0.001332896,"DILUTED_EPS":null,"OPERATE_INCOME":67551169.28,"OPERATE_INCOME_YOY":43.2599554786,"GROSS_PROFIT":14987582.46,"GROSS_PROFIT_YOY":-34.920052450167,"HOLDER_PROFIT":494837.64,"HOLDER_PROFIT_YOY":-92.0715429792,"GROSS_PROFIT_RATIO":22.187006708761,"EPS_TTM":-0.009812984632,"OPERATE_INCOME_QOQ":0,"NET_PROFIT_RATIO":-0.8139305446,"ROE_AVG":null,"GROSS_PROFIT_QOQ":0,"ROA":null,"HOLDER_PROFIT_QOQ":0,"ROE_YEARLY":null,"ROIC_YEARLY":null,"TOTAL_ASSETS":null,"TOTAL_LIABILITIES":null,"TAX_EBT":-40.425531914894,"OCF_SALES":0.853393843725,"TOTAL_PARENT_EQUITY":null,"DEBT_ASSET_RATIO":null,"OPERATE_PROFIT":24991.8,"PRETAX_PROFIT":-391538.2,"NETCASH_OPERATE":576477.52,"NETCASH_INVEST":-79140.7,"NETCASH_FINANCE":-1114634.28,"END_CASH":72250460.74,"DIVI_RATIO":null,"DIVIDEND_RATE":null,"CURRENT_RATIO":null,"COMMON_ACS":500000000,"CURRENTDEBT_DEBT":null,"ISSUED_COMMON_SHARES":456000000,"HK_COMMON_SHARES":456000000,"PER_SHARES":2000,"TOTAL_MARKET_CAP":60648000,"HKSK_MARKET_CAP":60648000,"PE_TTM":-7.499443551379,"PB_TTM":0.47369777632,"REPORT_DATE_SQ":"2020-06-30 00:00:00","REPORT_TYPE_SQ":"2020年中报","OPERATE_INCOME_SQ":49737309.44,"DPS_HKD":null,"OPERATE_INCOME_QOQ_SQ":0,"NET_PROFIT_RATIO_SQ":12.8281686159,"HOLDER_PROFIT_SQ":6583370.24,"HOLDER_PROFIT_QOQ_SQ":0,"ROE_AVG_SQ":4.848092665092,"PE_TTM_SQ":-3.693520140105,"PB_TTM_SQ":0.311117011861,"ROA_SQ":3.041016378138,"START_DATE":"2021-04-01 00:00:00","FISCAL_YEAR":"3-31","CURRENCY":"HKD","IS_CNY_CODE":0,"DPS_HKD_LY":null,"ORG_TYPE":"一般企业","PREMIUM_INCOME":null,"PREMIUM_INCOME_YOY":null,"NET_INTEREST_INCOME":null,"NET_INTEREST_INCOME_YOY":null,"FEE_COMMISSION_INCOME":null,"FEE_COMMISSION_INCOME_YOY":null,"ACCOUNTS_RECE_TDAYS":null,"INVENTORY_TDAYS":null,"CURRENT_ASSETS_TDAYS":0.769153426607,"TOTAL_ASSETS_TDAYS":0.678296729724,"PREMIUM_EXPENSE":null,"LOAN_DEPOSIT":null,"LOAN_EQUITY":null,"LOAN_ASSETS":null,"DEPOSIT_EQUITY":null,"DEPOSIT_ASSETS":null,"EQUITY_MULTIPLIER":null,"EQUITY_RATIO":null},{"SECUCODE":"01536.HK","SECURITY_CODE":"01536","SECURITY_NAME_ABBR":"煜荣集团","ORG_CODE":"10551831","STD_REPORT_DATE":"2020-12-31 00:00:00","REPORT_DATE":"2021-03-31 00:00:00","DATE_TYPE_CODE":"001","REPORT_TYPE":"2020年年报","PER_NETCASH_OPERATE":-0.033186659947,"PER_OI":0.237302078263,"BPS":0.275923468026,"BASIC_EPS":-0.009804088,"DILUTED_EPS":null,"OPERATE_INCOME":90174789.74,"OPERATE_INCOME_YOY":-40.2477612442,"GROSS_PROFIT":32940890.5,"GROSS_PROFIT_YOY":-45.70779633494,"HOLDER_PROFIT":-3728934.16,"HOLDER_PROFIT_YOY":-132.2585362287,"GROSS_PROFIT_RATIO":36.530044145352,"EPS_TTM":0.012062743237,"OPERATE_INCOME_QOQ":0,"NET_PROFIT_RATIO":-6.1269249154,"ROE_AVG":-2.952711113491,"GROSS_PROFIT_QOQ":0,"ROA":-1.848751820153,"HOLDER_PROFIT_QOQ":0,"ROE_YEARLY":-2.952711113491,"ROIC_YEARLY":-4.131531016917,"TOTAL_ASSETS":202076621.74,"TOTAL_LIABILITIES":44884974.26,"TAX_EBT":12.066182405166,"OCF_SALES":-13.984984956839,"TOTAL_PARENT_EQUITY":125821101.42,"DEBT_ASSET_RATIO":22.2118589837,"OPERATE_PROFIT":-5553677.78,"PRETAX_PROFIT":-6283068.12,"NETCASH_OPERATE":-12610930.78,"NETCASH_INVEST":-763197.54,"NETCASH_FINANCE":-2102807.84,"END_CASH":73900003.66,"DIVI_RATIO":null,"DIVIDEND_RATE":null,"CURRENT_RATIO":5.250771989242,"COMMON_ACS":500000000,"CURRENTDEBT_DEBT":75.613384299622,"ISSUED_COMMON_SHARES":456000000,"HK_COMMON_SHARES":456000000,"PER_SHARES":2000,"TOTAL_MARKET_CAP":60648000,"HKSK_MARKET_CAP":60648000,"PE_TTM":-7.499443551379,"PB_TTM":0.47369777632,"REPORT_DATE_SQ":"2019-12-31 00:00:00","REPORT_TYPE_SQ":"2019年年报","OPERATE_INCOME_SQ":163149358.3,"DPS_HKD":null,"OPERATE_INCOME_QOQ_SQ":0,"NET_PROFIT_RATIO_SQ":11.6947339535,"HOLDER_PROFIT_SQ":12496674.9,"HOLDER_PROFIT_QOQ_SQ":0,"ROE_AVG_SQ":9.500753697285,"PE_TTM_SQ":-3.693520140105,"PB_TTM_SQ":0.311117011861,"ROA_SQ":5.97842835131,"START_DATE":"2020-04-01 00:00:00","FISCAL_YEAR":"3-31","CURRENCY":"HKD","IS_CNY_CODE":0,"DPS_HKD_LY":null,"ORG_TYPE":"一般企业","PREMIUM_INCOME":null,"PREMIUM_INCOME_YOY":null,"NET_INTEREST_INCOME":null,"NET_INTEREST_INCOME_YOY":null,"FEE_COMMISSION_INCOME":null,"FEE_COMMISSION_INCOME_YOY":null,"ACCOUNTS_RECE_TDAYS":1.896899335064,"INVENTORY_TDAYS":1.173012298632,"CURRENT_ASSETS_TDAYS":0.509143227999,"TOTAL_ASSETS_TDAYS":0.447073612755,"PREMIUM_EXPENSE":null,"LOAN_DEPOSIT":null,"LOAN_EQUITY":null,"LOAN_ASSETS":null,"DEPOSIT_EQUITY":null,"DEPOSIT_ASSETS":null,"EQUITY_MULTIPLIER":1.285542997859,"EQUITY_RATIO":0.356736459572},{"SECUCODE":"01536.HK","SECURITY_CODE":"01536","SECURITY_NAME_ABBR":"煜荣集团","ORG_CODE":"10551831","STD_REPORT_DATE":"2020-06-30 00:00:00","REPORT_DATE":"2020-09-30 00:00:00","DATE_TYPE_CODE":"002","REPORT_TYPE":"2020年中报","PER_NETCASH_OPERATE":-0.017280722526,"PER_OI":0.130887656421,"BPS":0.30657885614,"BASIC_EPS":0.017310784,"DILUTED_EPS":null,"OPERATE_INCOME":49737309.44,"OPERATE_INCOME_YOY":-51.4841386167,"GROSS_PROFIT":23029493.76,"GROSS_PROFIT_YOY":-40.407285945919,"HOLDER_PROFIT":6583370.24,"HOLDER_PROFIT_YOY":-53.3818679609,"GROSS_PROFIT_RATIO":46.302250803859,"EPS_TTM":0.032885986579,"OPERATE_INCOME_QOQ":0,"NET_PROFIT_RATIO":12.8281686159,"ROE_AVG":4.848092665092,"GROSS_PROFIT_QOQ":0,"ROA":3.041016378138,"HOLDER_PROFIT_QOQ":0,"ROE_YEARLY":9.696185330184,"ROIC_YEARLY":13.455943101405,"TOTAL_ASSETS":223658844.16,"TOTAL_LIABILITIES":50205667.2,"TAX_EBT":21.680509114443,"OCF_SALES":-13.202713685029,"TOTAL_PARENT_EQUITY":139799958.4,"DEBT_ASSET_RATIO":22.4474321096,"OPERATE_PROFIT":null,"PRETAX_PROFIT":8146613.12,"NETCASH_OPERATE":-6566674.56,"NETCASH_INVEST":-589621.12,"NETCASH_FINANCE":-992953.6,"END_CASH":81330808.32,"DIVI_RATIO":null,"DIVIDEND_RATE":null,"CURRENT_RATIO":5.225716201531,"COMMON_ACS":500000000,"CURRENTDEBT_DEBT":75.696158221756,"ISSUED_COMMON_SHARES":456000000,"HK_COMMON_SHARES":456000000,"PER_SHARES":2000,"TOTAL_MARKET_CAP":60648000,"HKSK_MARKET_CAP":60648000,"PE_TTM":-7.499443551379,"PB_TTM":0.47369777632,"REPORT_DATE_SQ":"2019-06-30 00:00:00","REPORT_TYPE_SQ":"2019年中报","OPERATE_INCOME_SQ":105234800.67,"DPS_HKD":null,"OPERATE_INCOME_QOQ_SQ":0,"NET_PROFIT_RATIO_SQ":17.6450924426,"HOLDER_PROFIT_SQ":14496202.71,"HOLDER_PROFIT_QOQ_SQ":0,"ROE_AVG_SQ":11.072948066489,"PE_TTM_SQ":-3.693520140105,"PB_TTM_SQ":0.311117011861,"ROA_SQ":6.809010043406,"START_DATE":"2020-04-01 00:00:00","FISCAL_YEAR":"3-31","CURRENCY":"HKD","IS_CNY_CODE":0,"DPS_HKD_LY":null,"ORG_TYPE":"一般企业","PREMIUM_INCOME":null,"PREMIUM_INCOME_YOY":null,"NET_INTEREST_INCOME":null,"NET_INTEREST_INCOME_YOY":null,"FEE_COMMISSION_INCOME":null,"FEE_COMMISSION_INCOME_YOY":null,"ACCOUNTS_RECE_TDAYS":0.925701202061,"INVENTORY_TDAYS":0.51516127392,"CURRENT_ASSETS_TDAYS":0.260679538991,"TOTAL_ASSETS_TDAYS":0.229748543827,"PREMIUM_EXPENSE":null,"LOAN_DEPOSIT":null,"LOAN_EQUITY":null,"LOAN_ASSETS":null,"DEPOSIT_EQUITY":null,"DEPOSIT_ASSETS":null,"EQUITY_MULTIPLIER":1.289447954081,"EQUITY_RATIO":0.35912505107}],"count":22},"success":true,"message":"ok","code":0}