{"version":"3fa0c2be5be38fa7275a92c332263fb6","result":{"pages":3,"data":[{"SECUCODE":"01532.HK","SECURITY_CODE":"01532","SECURITY_NAME_ABBR":"中国派对文化","ORG_CODE":"10472813","STD_REPORT_DATE":"2024-06-30 00:00:00","REPORT_DATE":"2024-06-30 00:00:00","DATE_TYPE_CODE":"002","REPORT_TYPE":"2024年中报","PER_NETCASH_OPERATE":-0.005813576047,"PER_OI":0.092845217466,"BPS":0.229080498781,"BASIC_EPS":0.0005,"DILUTED_EPS":0.0005,"OPERATE_INCOME":164639000,"OPERATE_INCOME_YOY":-13.8867821894,"GROSS_PROFIT":39302000,"GROSS_PROFIT_YOY":-12.718470319128,"HOLDER_PROFIT":768000,"HOLDER_PROFIT_YOY":124.4585987261,"GROSS_PROFIT_RATIO":23.871622155139,"EPS_TTM":-0.011292176426,"OPERATE_INCOME_QOQ":-7.464679834118,"NET_PROFIT_RATIO":-0.3200942669,"ROE_AVG":0.194596895571,"GROSS_PROFIT_QOQ":-6.579884648085,"ROA":0.161587428161,"HOLDER_PROFIT_QOQ":16.329600534849,"ROE_YEARLY":0.389193791143,"ROIC_YEARLY":0.379131945816,"TOTAL_ASSETS":498086000,"TOTAL_LIABILITIES":65185000,"TAX_EBT":156.605800214823,"OCF_SALES":-6.261578362356,"TOTAL_PARENT_EQUITY":406220000,"DEBT_ASSET_RATIO":13.0870974089,"OPERATE_PROFIT":1113000,"PRETAX_PROFIT":931000,"NETCASH_OPERATE":-10309000,"NETCASH_INVEST":-34104000,"NETCASH_FINANCE":31206000,"END_CASH":36184000,"DIVI_RATIO":null,"DIVIDEND_RATE":null,"CURRENT_RATIO":2.623811288131,"COMMON_ACS":5000000000,"CURRENTDEBT_DEBT":99.372555035668,"ISSUED_COMMON_SHARES":1773263120,"HK_COMMON_SHARES":1773263120,"PER_SHARES":3000,"TOTAL_MARKET_CAP":163140207.04,"HKSK_MARKET_CAP":163140207.04,"PE_TTM":-7.361455394692,"PB_TTM":0.36653735454,"REPORT_DATE_SQ":"2023-06-30 00:00:00","REPORT_TYPE_SQ":"2023年中报","OPERATE_INCOME_SQ":191189000,"DPS_HKD":null,"OPERATE_INCOME_QOQ_SQ":9.921192376284,"NET_PROFIT_RATIO_SQ":-1.636600432,"HOLDER_PROFIT_SQ":-3140000,"HOLDER_PROFIT_QOQ_SQ":-17.298546895641,"ROE_AVG_SQ":-0.806964566803,"PE_TTM_SQ":-7.109661673782,"PB_TTM_SQ":0.322088912302,"ROA_SQ":-0.5955355695,"START_DATE":"2024-01-01 00:00:00","FISCAL_YEAR":"12-31","CURRENCY":"HKD","IS_CNY_CODE":0,"DPS_HKD_LY":null,"ORG_TYPE":"一般企业","PREMIUM_INCOME":null,"PREMIUM_INCOME_YOY":null,"NET_INTEREST_INCOME":null,"NET_INTEREST_INCOME_YOY":null,"FEE_COMMISSION_INCOME":null,"FEE_COMMISSION_INCOME_YOY":null,"ACCOUNTS_RECE_TDAYS":1.897145161755,"INVENTORY_TDAYS":5.688990763225,"CURRENT_ASSETS_TDAYS":1.085765725365,"TOTAL_ASSETS_TDAYS":0.346400945118,"PREMIUM_EXPENSE":null,"LOAN_DEPOSIT":null,"LOAN_EQUITY":null,"LOAN_ASSETS":null,"DEPOSIT_EQUITY":null,"DEPOSIT_ASSETS":null,"EQUITY_MULTIPLIER":1.150577152744,"EQUITY_RATIO":0.160467234503},{"SECUCODE":"01532.HK","SECURITY_CODE":"01532","SECURITY_NAME_ABBR":"中国派对文化","ORG_CODE":"10472813","STD_REPORT_DATE":"2023-12-31 00:00:00","REPORT_DATE":"2023-12-31 00:00:00","DATE_TYPE_CODE":"001","REPORT_TYPE":"2023年年报","PER_NETCASH_OPERATE":0.036437863188,"PER_OI":0.240691558905,"BPS":0.216044644294,"BASIC_EPS":-0.0168,"DILUTED_EPS":-0.0168,"OPERATE_INCOME":355675000,"OPERATE_INCOME_YOY":18.1201077336,"GROSS_PROFIT":87038000,"GROSS_PROFIT_YOY":15.960990167604,"HOLDER_PROFIT":-23932000,"HOLDER_PROFIT_YOY":-58.071334214,"GROSS_PROFIT_RATIO":24.47121670064,"EPS_TTM":-0.016195207388,"OPERATE_INCOME_QOQ":7.458903219764,"NET_PROFIT_RATIO":-5.2328670837,"ROE_AVG":-6.302198475011,"GROSS_PROFIT_QOQ":4.347096341054,"ROA":-5.0356018651,"HOLDER_PROFIT_QOQ":-34.759840081086,"ROE_YEARLY":-6.302198475011,"ROIC_YEARLY":-5.961330563402,"TOTAL_ASSETS":452483000,"TOTAL_LIABILITIES":41403000,"TAX_EBT":-25.299582604012,"OCF_SALES":15.138820552471,"TOTAL_PARENT_EQUITY":383104000,"DEBT_ASSET_RATIO":9.1501780177,"OPERATE_PROFIT":-12288000,"PRETAX_PROFIT":-14854000,"NETCASH_OPERATE":53845000,"NETCASH_INVEST":-11024000,"NETCASH_FINANCE":-41112000,"END_CASH":49456000,"DIVI_RATIO":null,"DIVIDEND_RATE":null,"CURRENT_RATIO":3.264392585156,"COMMON_ACS":5000000000,"CURRENTDEBT_DEBT":98.632949303191,"ISSUED_COMMON_SHARES":1773263120,"HK_COMMON_SHARES":1773263120,"PER_SHARES":3000,"TOTAL_MARKET_CAP":195058943.2,"HKSK_MARKET_CAP":195058943.2,"PE_TTM":-8.801740145827,"PB_TTM":0.438251184776,"REPORT_DATE_SQ":"2022-12-31 00:00:00","REPORT_TYPE_SQ":"2022年年报","OPERATE_INCOME_SQ":301113000,"DPS_HKD":null,"OPERATE_INCOME_QOQ_SQ":-0.161141117842,"NET_PROFIT_RATIO_SQ":-4.8523311846,"HOLDER_PROFIT_SQ":-15140000,"HOLDER_PROFIT_QOQ_SQ":-15.669646267859,"ROE_AVG_SQ":-4.105473241209,"PE_TTM_SQ":-8.456755464604,"PB_TTM_SQ":0.383116285159,"ROA_SQ":-3.073546891383,"START_DATE":"2023-01-01 00:00:00","FISCAL_YEAR":"12-31","CURRENCY":"HKD","IS_CNY_CODE":0,"DPS_HKD_LY":null,"ORG_TYPE":"一般企业","PREMIUM_INCOME":null,"PREMIUM_INCOME_YOY":null,"NET_INTEREST_INCOME":null,"NET_INTEREST_INCOME_YOY":null,"FEE_COMMISSION_INCOME":null,"FEE_COMMISSION_INCOME_YOY":null,"ACCOUNTS_RECE_TDAYS":5.447034320107,"INVENTORY_TDAYS":10.721891837956,"CURRENT_ASSETS_TDAYS":2.486933417239,"TOTAL_ASSETS_TDAYS":0.748386132947,"PREMIUM_EXPENSE":null,"LOAN_DEPOSIT":null,"LOAN_EQUITY":null,"LOAN_ASSETS":null,"DEPOSIT_EQUITY":null,"DEPOSIT_ASSETS":null,"EQUITY_MULTIPLIER":1.100717621874,"EQUITY_RATIO":0.108072481624},{"SECUCODE":"01532.HK","SECURITY_CODE":"01532","SECURITY_NAME_ABBR":"中国派对文化","ORG_CODE":"10472813","STD_REPORT_DATE":"2023-06-30 00:00:00","REPORT_DATE":"2023-06-30 00:00:00","DATE_TYPE_CODE":"002","REPORT_TYPE":"2023年中报","PER_NETCASH_OPERATE":0.024520864938,"PER_OI":0.129380975485,"BPS":0.226614987628,"BASIC_EPS":-0.0023,"DILUTED_EPS":-0.0023,"OPERATE_INCOME":191189000,"OPERATE_INCOME_YOY":18.5190465859,"GROSS_PROFIT":45029000,"GROSS_PROFIT_YOY":22.778459441036,"HOLDER_PROFIT":-3140000,"HOLDER_PROFIT_YOY":-502.6871401152,"GROSS_PROFIT_RATIO":23.55208720167,"EPS_TTM":-0.012017829183,"OPERATE_INCOME_QOQ":9.921192376284,"NET_PROFIT_RATIO":-1.636600432,"ROE_AVG":-0.806964566803,"GROSS_PROFIT_QOQ":11.130059420715,"ROA":-0.5955355695,"HOLDER_PROFIT_QOQ":-17.298546895641,"ROE_YEARLY":-1.613929133605,"ROIC_YEARLY":-1.488035295818,"TOTAL_ASSETS":556484000,"TOTAL_LIABILITIES":132004000,"TAX_EBT":6.485355648536,"OCF_SALES":18.952450193264,"TOTAL_PARENT_EQUITY":401848000,"DEBT_ASSET_RATIO":23.7210773356,"OPERATE_PROFIT":-1471000,"PRETAX_PROFIT":-3346000,"NETCASH_OPERATE":36235000,"NETCASH_INVEST":-198000,"NETCASH_FINANCE":33999000,"END_CASH":117643000,"DIVI_RATIO":null,"DIVIDEND_RATE":null,"CURRENT_RATIO":1.823393985583,"COMMON_ACS":5000000000,"CURRENTDEBT_DEBT":95.424381079361,"ISSUED_COMMON_SHARES":1773263120,"HK_COMMON_SHARES":1773263120,"PER_SHARES":3000,"TOTAL_MARKET_CAP":177326312,"HKSK_MARKET_CAP":177326312,"PE_TTM":-8.001581950752,"PB_TTM":0.398410167978,"REPORT_DATE_SQ":"2022-06-30 00:00:00","REPORT_TYPE_SQ":"2022年中报","OPERATE_INCOME_SQ":161315000,"DPS_HKD":null,"OPERATE_INCOME_QOQ_SQ":24.518603537397,"NET_PROFIT_RATIO_SQ":-0.2027089855,"HOLDER_PROFIT_SQ":-521000,"HOLDER_PROFIT_QOQ_SQ":26.142647556709,"ROE_AVG_SQ":-0.14275321914,"PE_TTM_SQ":-7.259338761651,"PB_TTM_SQ":0.328869731508,"ROA_SQ":-0.100119143703,"START_DATE":"2023-01-01 00:00:00","FISCAL_YEAR":"12-31","CURRENCY":"HKD","IS_CNY_CODE":0,"DPS_HKD_LY":null,"ORG_TYPE":"一般企业","PREMIUM_INCOME":null,"PREMIUM_INCOME_YOY":null,"NET_INTEREST_INCOME":null,"NET_INTEREST_INCOME_YOY":null,"FEE_COMMISSION_INCOME":null,"FEE_COMMISSION_INCOME_YOY":null,"ACCOUNTS_RECE_TDAYS":2.3100502634,"INVENTORY_TDAYS":8.49051671556,"CURRENT_ASSETS_TDAYS":0.999918934962,"TOTAL_ASSETS_TDAYS":0.362610987252,"PREMIUM_EXPENSE":null,"LOAN_DEPOSIT":null,"LOAN_EQUITY":null,"LOAN_ASSETS":null,"DEPOSIT_EQUITY":null,"DEPOSIT_ASSETS":null,"EQUITY_MULTIPLIER":1.310978137958,"EQUITY_RATIO":0.328492365272},{"SECUCODE":"01532.HK","SECURITY_CODE":"01532","SECURITY_NAME_ABBR":"中国派对文化","ORG_CODE":"10472813","STD_REPORT_DATE":"2022-12-31 00:00:00","REPORT_DATE":"2022-12-31 00:00:00","DATE_TYPE_CODE":"001","REPORT_TYPE":"2022年年报","PER_NETCASH_OPERATE":0.00414809031,"PER_OI":0.238549258493,"BPS":0.212251073039,"BASIC_EPS":-0.0131,"DILUTED_EPS":-0.0131,"OPERATE_INCOME":301113000,"OPERATE_INCOME_YOY":24.3179528677,"GROSS_PROFIT":75058000,"GROSS_PROFIT_YOY":13.748370866547,"HOLDER_PROFIT":-15140000,"HOLDER_PROFIT_YOY":14.569461686,"GROSS_PROFIT_RATIO":24.926854702388,"EPS_TTM":-0.011994287107,"OPERATE_INCOME_QOQ":-0.161141117842,"NET_PROFIT_RATIO":-4.8523311846,"ROE_AVG":-4.105473241209,"GROSS_PROFIT_QOQ":-0.093174315834,"ROA":-3.073546891383,"HOLDER_PROFIT_QOQ":-15.669646267859,"ROE_YEARLY":-4.105473241209,"ROIC_YEARLY":-3.729142112581,"TOTAL_ASSETS":498029000,"TOTAL_LIABILITIES":99031000,"TAX_EBT":-33.726889987187,"OCF_SALES":1.738882080814,"TOTAL_PARENT_EQUITY":376377000,"DEBT_ASSET_RATIO":19.8845850342,"OPERATE_PROFIT":-6308000,"PRETAX_PROFIT":-10926000,"NETCASH_OPERATE":5236000,"NETCASH_INVEST":-33905000,"NETCASH_FINANCE":-25258000,"END_CASH":47551000,"DIVI_RATIO":null,"DIVIDEND_RATE":null,"CURRENT_RATIO":1.645906974739,"COMMON_ACS":5000000000,"CURRENTDEBT_DEBT":93.699952540114,"ISSUED_COMMON_SHARES":1773263120,"HK_COMMON_SHARES":1773263120,"PER_SHARES":3000,"TOTAL_MARKET_CAP":195058943.2,"HKSK_MARKET_CAP":195058943.2,"PE_TTM":-8.801740145827,"PB_TTM":0.438251184776,"REPORT_DATE_SQ":"2021-12-31 00:00:00","REPORT_TYPE_SQ":"2021年年报","OPERATE_INCOME_SQ":242212000,"DPS_HKD":null,"OPERATE_INCOME_QOQ_SQ":1.004995788192,"NET_PROFIT_RATIO_SQ":-7.1908080524,"HOLDER_PROFIT_SQ":-17722000,"HOLDER_PROFIT_QOQ_SQ":41.45745243129,"ROE_AVG_SQ":-4.973179571294,"PE_TTM_SQ":-8.456755464604,"PB_TTM_SQ":0.383116285159,"ROA_SQ":-3.741723532194,"START_DATE":"2022-01-01 00:00:00","FISCAL_YEAR":"12-31","CURRENCY":"HKD","IS_CNY_CODE":0,"DPS_HKD_LY":null,"ORG_TYPE":"一般企业","PREMIUM_INCOME":null,"PREMIUM_INCOME_YOY":null,"NET_INTEREST_INCOME":null,"NET_INTEREST_INCOME_YOY":null,"FEE_COMMISSION_INCOME":null,"FEE_COMMISSION_INCOME_YOY":null,"ACCOUNTS_RECE_TDAYS":5.109325686361,"INVENTORY_TDAYS":10.871687587169,"CURRENT_ASSETS_TDAYS":1.865608852431,"TOTAL_ASSETS_TDAYS":0.611284626886,"PREMIUM_EXPENSE":null,"LOAN_DEPOSIT":null,"LOAN_EQUITY":null,"LOAN_ASSETS":null,"DEPOSIT_EQUITY":null,"DEPOSIT_ASSETS":null,"EQUITY_MULTIPLIER":1.248199239094,"EQUITY_RATIO":0.263116502868},{"SECUCODE":"01532.HK","SECURITY_CODE":"01532","SECURITY_NAME_ABBR":"中国派对文化","ORG_CODE":"10472813","STD_REPORT_DATE":"2022-06-30 00:00:00","REPORT_DATE":"2022-06-30 00:00:00","DATE_TYPE_CODE":"002","REPORT_TYPE":"2022年中报","PER_NETCASH_OPERATE":-0.036434772567,"PER_OI":0.149744594565,"BPS":0.207953346484,"BASIC_EPS":-0.0005,"DILUTED_EPS":-0.0005,"OPERATE_INCOME":161315000,"OPERATE_INCOME_YOY":58.2636763205,"GROSS_PROFIT":36675000,"GROSS_PROFIT_YOY":33.20379181346,"HOLDER_PROFIT":-521000,"HOLDER_PROFIT_YOY":89.891346527,"GROSS_PROFIT_RATIO":22.735021541704,"EPS_TTM":-0.012150184411,"OPERATE_INCOME_QOQ":24.518603537397,"NET_PROFIT_RATIO":-0.2027089855,"ROE_AVG":-0.14275321914,"GROSS_PROFIT_QOQ":13.854453975086,"ROA":-0.100119143703,"HOLDER_PROFIT_QOQ":26.142647556709,"ROE_YEARLY":-0.28550643828,"ROIC_YEARLY":-0.246841342845,"TOTAL_ASSETS":553608000,"TOTAL_LIABILITIES":181293000,"TAX_EBT":168.125,"OCF_SALES":-24.331277314571,"TOTAL_PARENT_EQUITY":368756000,"DEBT_ASSET_RATIO":32.7475397754,"OPERATE_PROFIT":2635000,"PRETAX_PROFIT":480000,"NETCASH_OPERATE":-39250000,"NETCASH_INVEST":1021000,"NETCASH_FINANCE":28498000,"END_CASH":89908000,"DIVI_RATIO":null,"DIVIDEND_RATE":null,"CURRENT_RATIO":1.475054725856,"COMMON_ACS":5000000000,"CURRENTDEBT_DEBT":96.508414555443,"ISSUED_COMMON_SHARES":1773263120,"HK_COMMON_SHARES":1773263120,"PER_SHARES":3000,"TOTAL_MARKET_CAP":177326312,"HKSK_MARKET_CAP":177326312,"PE_TTM":-8.001581950752,"PB_TTM":0.398410167978,"REPORT_DATE_SQ":"2021-06-30 00:00:00","REPORT_TYPE_SQ":"2021年中报","OPERATE_INCOME_SQ":101928000,"DPS_HKD":null,"OPERATE_INCOME_QOQ_SQ":-6.052841897419,"NET_PROFIT_RATIO_SQ":-5.056510478,"HOLDER_PROFIT_SQ":-5154000,"HOLDER_PROFIT_QOQ_SQ":55.766617473004,"ROE_AVG_SQ":-1.420180953208,"PE_TTM_SQ":-7.259338761651,"PB_TTM_SQ":0.328869731508,"ROA_SQ":-1.080829432785,"START_DATE":"2022-01-01 00:00:00","FISCAL_YEAR":"12-31","CURRENCY":"HKD","IS_CNY_CODE":0,"DPS_HKD_LY":null,"ORG_TYPE":"一般企业","PREMIUM_INCOME":null,"PREMIUM_INCOME_YOY":null,"NET_INTEREST_INCOME":null,"NET_INTEREST_INCOME_YOY":null,"FEE_COMMISSION_INCOME":null,"FEE_COMMISSION_INCOME_YOY":null,"ACCOUNTS_RECE_TDAYS":1.756010210691,"INVENTORY_TDAYS":6.546390398908,"CURRENT_ASSETS_TDAYS":0.753531998776,"TOTAL_ASSETS_TDAYS":0.309994619317,"PREMIUM_EXPENSE":null,"LOAN_DEPOSIT":null,"LOAN_EQUITY":null,"LOAN_ASSETS":null,"DEPOSIT_EQUITY":null,"DEPOSIT_ASSETS":null,"EQUITY_MULTIPLIER":1.486934450666,"EQUITY_RATIO":0.491634034429},{"SECUCODE":"01532.HK","SECURITY_CODE":"01532","SECURITY_NAME_ABBR":"中国派对文化","ORG_CODE":"10472813","STD_REPORT_DATE":"2021-12-31 00:00:00","REPORT_DATE":"2021-12-31 00:00:00","DATE_TYPE_CODE":"001","REPORT_TYPE":"2021年年报","PER_NETCASH_OPERATE":0.020228957039,"PER_OI":0.224839213581,"BPS":0.203678177213,"BASIC_EPS":-0.0178,"DILUTED_EPS":-0.0178,"OPERATE_INCOME":242212000,"OPERATE_INCOME_YOY":-5.1086769154,"GROSS_PROFIT":65986000,"GROSS_PROFIT_YOY":2.64762615892,"HOLDER_PROFIT":-17722000,"HOLDER_PROFIT_YOY":74.1046509929,"GROSS_PROFIT_RATIO":27.243076313312,"EPS_TTM":-0.016450879986,"OPERATE_INCOME_QOQ":1.004995788192,"NET_PROFIT_RATIO":-7.1908080524,"ROE_AVG":-4.973179571294,"GROSS_PROFIT_QOQ":9.029923497629,"ROA":-3.741723532194,"HOLDER_PROFIT_QOQ":41.45745243129,"ROE_YEARLY":-4.973179571294,"ROIC_YEARLY":-4.456514905762,"TOTAL_ASSETS":487152000,"TOTAL_LIABILITIES":122612000,"TAX_EBT":2.425770308123,"OCF_SALES":8.997076940862,"TOTAL_PARENT_EQUITY":361175000,"DEBT_ASSET_RATIO":25.1691463855,"OPERATE_PROFIT":-13309000,"PRETAX_PROFIT":-17850000,"NETCASH_OPERATE":21792000,"NETCASH_INVEST":-60000,"NETCASH_FINANCE":28994000,"END_CASH":99661000,"DIVI_RATIO":null,"DIVIDEND_RATE":null,"CURRENT_RATIO":1.460502700707,"COMMON_ACS":5000000000,"CURRENTDEBT_DEBT":94.975206341957,"ISSUED_COMMON_SHARES":1773263120,"HK_COMMON_SHARES":1773263120,"PER_SHARES":3000,"TOTAL_MARKET_CAP":177326312,"HKSK_MARKET_CAP":177326312,"PE_TTM":-8.001581950752,"PB_TTM":0.398410167978,"REPORT_DATE_SQ":"2020-12-31 00:00:00","REPORT_TYPE_SQ":"2020年年报","OPERATE_INCOME_SQ":255252000,"DPS_HKD":null,"OPERATE_INCOME_QOQ_SQ":-5.225989224994,"NET_PROFIT_RATIO_SQ":-26.8115431025,"HOLDER_PROFIT_SQ":-68437000,"HOLDER_PROFIT_QOQ_SQ":38.980527122936,"ROE_AVG_SQ":-17.74793149994,"PE_TTM_SQ":-7.259338761651,"PB_TTM_SQ":0.328869731508,"ROA_SQ":-13.401794360386,"START_DATE":"2021-01-01 00:00:00","FISCAL_YEAR":"12-31","CURRENCY":"HKD","IS_CNY_CODE":0,"DPS_HKD_LY":null,"ORG_TYPE":"一般企业","PREMIUM_INCOME":null,"PREMIUM_INCOME_YOY":null,"NET_INTEREST_INCOME":null,"NET_INTEREST_INCOME_YOY":null,"FEE_COMMISSION_INCOME":null,"FEE_COMMISSION_INCOME_YOY":null,"ACCOUNTS_RECE_TDAYS":4.196799708907,"INVENTORY_TDAYS":12.181661079045,"CURRENT_ASSETS_TDAYS":1.584115159859,"TOTAL_ASSETS_TDAYS":0.511392811297,"PREMIUM_EXPENSE":null,"LOAN_DEPOSIT":null,"LOAN_EQUITY":null,"LOAN_ASSETS":null,"DEPOSIT_EQUITY":null,"DEPOSIT_ASSETS":null,"EQUITY_MULTIPLIER":1.336347177264,"EQUITY_RATIO":0.339480861078},{"SECUCODE":"01532.HK","SECURITY_CODE":"01532","SECURITY_NAME_ABBR":"中国派对文化","ORG_CODE":"10472813","STD_REPORT_DATE":"2021-06-30 00:00:00","REPORT_DATE":"2021-06-30 00:00:00","DATE_TYPE_CODE":"002","REPORT_TYPE":"2021年中报","PER_NETCASH_OPERATE":0.00012067568,"PER_OI":0.094617159191,"BPS":0.211076966401,"BASIC_EPS":-0.0057,"DILUTED_EPS":-0.0057,"OPERATE_INCOME":101928000,"OPERATE_INCOME_YOY":-13.1626028728,"GROSS_PROFIT":27533000,"GROSS_PROFIT_YOY":-12.023900817996,"HOLDER_PROFIT":-5154000,"HOLDER_PROFIT_YOY":88.1022184261,"GROSS_PROFIT_RATIO":27.012204693509,"EPS_TTM":-0.028100724463,"OPERATE_INCOME_QOQ":-6.052841897419,"NET_PROFIT_RATIO":-5.056510478,"ROE_AVG":-1.420180953208,"GROSS_PROFIT_QOQ":-5.853711654533,"ROA":-1.080829432785,"HOLDER_PROFIT_QOQ":55.766617473004,"ROE_YEARLY":-2.840361906415,"ROIC_YEARLY":-2.482868257199,"TOTAL_ASSETS":493600000,"TOTAL_LIABILITIES":119305000,"TAX_EBT":-31.917071922191,"OCF_SALES":0.12754100934,"TOTAL_PARENT_EQUITY":374295000,"DEBT_ASSET_RATIO":24.1703808752,"OPERATE_PROFIT":-1251000,"PRETAX_PROFIT":-3907000,"NETCASH_OPERATE":130000,"NETCASH_INVEST":-632000,"NETCASH_FINANCE":26011000,"END_CASH":74474000,"DIVI_RATIO":null,"DIVIDEND_RATE":null,"CURRENT_RATIO":1.63227350307,"COMMON_ACS":5000000000,"CURRENTDEBT_DEBT":95.273458782113,"ISSUED_COMMON_SHARES":1773263120,"HK_COMMON_SHARES":1773263120,"PER_SHARES":3000,"TOTAL_MARKET_CAP":177326312,"HKSK_MARKET_CAP":177326312,"PE_TTM":-8.001581950752,"PB_TTM":0.398410167978,"REPORT_DATE_SQ":"2020-06-30 00:00:00","REPORT_TYPE_SQ":"2020年中报","OPERATE_INCOME_SQ":117378000,"DPS_HKD":null,"OPERATE_INCOME_QOQ_SQ":-14.787194998481,"NET_PROFIT_RATIO_SQ":-36.9055529997,"HOLDER_PROFIT_SQ":-43319000,"HOLDER_PROFIT_QOQ_SQ":-55.329963298941,"ROE_AVG_SQ":-10.891313147567,"PE_TTM_SQ":-7.259338761651,"PB_TTM_SQ":0.328869731508,"ROA_SQ":-7.959342475519,"START_DATE":"2021-01-01 00:00:00","FISCAL_YEAR":"12-31","CURRENCY":"HKD","IS_CNY_CODE":0,"DPS_HKD_LY":null,"ORG_TYPE":"一般企业","PREMIUM_INCOME":null,"PREMIUM_INCOME_YOY":null,"NET_INTEREST_INCOME":null,"NET_INTEREST_INCOME_YOY":null,"FEE_COMMISSION_INCOME":null,"FEE_COMMISSION_INCOME_YOY":null,"ACCOUNTS_RECE_TDAYS":1.30603249449,"INVENTORY_TDAYS":4.4197237487,"CURRENT_ASSETS_TDAYS":0.634555404068,"TOTAL_ASSETS_TDAYS":0.213750062912,"PREMIUM_EXPENSE":null,"LOAN_DEPOSIT":null,"LOAN_EQUITY":null,"LOAN_ASSETS":null,"DEPOSIT_EQUITY":null,"DEPOSIT_ASSETS":null,"EQUITY_MULTIPLIER":1.318745908975,"EQUITY_RATIO":0.318745908976},{"SECUCODE":"01532.HK","SECURITY_CODE":"01532","SECURITY_NAME_ABBR":"中国派对文化","ORG_CODE":"10472813","STD_REPORT_DATE":"2020-12-31 00:00:00","REPORT_DATE":"2020-12-31 00:00:00","DATE_TYPE_CODE":"001","REPORT_TYPE":"2020年年报","PER_NETCASH_OPERATE":-0.02103544189,"PER_OI":0.284332695052,"BPS":0.198237924217,"BASIC_EPS":-0.0762,"DILUTED_EPS":-0.0762,"OPERATE_INCOME":255252000,"OPERATE_INCOME_YOY":-19.2404070062,"GROSS_PROFIT":64284000,"GROSS_PROFIT_YOY":-22.921787508543,"HOLDER_PROFIT":-68437000,"HOLDER_PROFIT_YOY":5.2184751748,"GROSS_PROFIT_RATIO":25.184523529688,"EPS_TTM":-0.076233983088,"OPERATE_INCOME_QOQ":-5.225989224994,"NET_PROFIT_RATIO":-26.8115431025,"ROE_AVG":-17.74793149994,"GROSS_PROFIT_QOQ":-9.245690567956,"ROA":-13.401794360386,"HOLDER_PROFIT_QOQ":38.980527122936,"ROE_YEARLY":-17.74793149994,"ROIC_YEARLY":-15.316424250427,"TOTAL_ASSETS":460112000,"TOTAL_LIABILITIES":108584000,"TAX_EBT":15.708637656883,"OCF_SALES":-7.398179054425,"TOTAL_PARENT_EQUITY":351528000,"DEBT_ASSET_RATIO":23.599471433,"OPERATE_PROFIT":-74487000,"PRETAX_PROFIT":-81191000,"NETCASH_OPERATE":-18884000,"NETCASH_INVEST":6966000,"NETCASH_FINANCE":-18114000,"END_CASH":48908000,"DIVI_RATIO":null,"DIVIDEND_RATE":null,"CURRENT_RATIO":1.316711616446,"COMMON_ACS":5000000000,"CURRENTDEBT_DEBT":94.929271347528,"ISSUED_COMMON_SHARES":1773263120,"HK_COMMON_SHARES":1773263120,"PER_SHARES":3000,"TOTAL_MARKET_CAP":177326312,"HKSK_MARKET_CAP":177326312,"PE_TTM":-8.001581950752,"PB_TTM":0.398410167978,"REPORT_DATE_SQ":"2019-12-31 00:00:00","REPORT_TYPE_SQ":"2019年年报","OPERATE_INCOME_SQ":316064000,"DPS_HKD":null,"OPERATE_INCOME_QOQ_SQ":4.010846529505,"NET_PROFIT_RATIO_SQ":-22.8450566974,"HOLDER_PROFIT_SQ":-72205000,"HOLDER_PROFIT_QOQ_SQ":-182.990397805213,"ROE_AVG_SQ":-15.831096962043,"PE_TTM_SQ":-7.259338761651,"PB_TTM_SQ":0.328869731508,"ROA_SQ":-12.540183991011,"START_DATE":"2020-01-01 00:00:00","FISCAL_YEAR":"12-31","CURRENCY":"HKD","IS_CNY_CODE":0,"DPS_HKD_LY":null,"ORG_TYPE":"一般企业","PREMIUM_INCOME":null,"PREMIUM_INCOME_YOY":null,"NET_INTEREST_INCOME":null,"NET_INTEREST_INCOME_YOY":null,"FEE_COMMISSION_INCOME":null,"FEE_COMMISSION_INCOME_YOY":null,"ACCOUNTS_RECE_TDAYS":4.684038609755,"INVENTORY_TDAYS":9.94884084397,"CURRENT_ASSETS_TDAYS":1.779491219386,"TOTAL_ASSETS_TDAYS":0.499851661247,"PREMIUM_EXPENSE":null,"LOAN_DEPOSIT":null,"LOAN_EQUITY":null,"LOAN_ASSETS":null,"DEPOSIT_EQUITY":null,"DEPOSIT_ASSETS":null,"EQUITY_MULTIPLIER":1.308891468104,"EQUITY_RATIO":0.308891468105},{"SECUCODE":"01532.HK","SECURITY_CODE":"01532","SECURITY_NAME_ABBR":"中国派对文化","ORG_CODE":"10472813","STD_REPORT_DATE":"2020-06-30 00:00:00","REPORT_DATE":"2020-06-30 00:00:00","DATE_TYPE_CODE":"002","REPORT_TYPE":"2020年中报","PER_NETCASH_OPERATE":-0.029191632608,"PER_OI":0.130750799523,"BPS":0.211922864555,"BASIC_EPS":-0.0483,"DILUTED_EPS":-0.0483,"OPERATE_INCOME":117378000,"OPERATE_INCOME_YOY":-28.4782012613,"GROSS_PROFIT":31296000,"GROSS_PROFIT_YOY":-28.652197701988,"HOLDER_PROFIT":-43319000,"HOLDER_PROFIT_YOY":-1186.1935866983,"GROSS_PROFIT_RATIO":26.662577314318,"EPS_TTM":-0.124933860445,"OPERATE_INCOME_QOQ":-14.787194998481,"NET_PROFIT_RATIO":-36.9055529997,"ROE_AVG":-10.891313147567,"GROSS_PROFIT_QOQ":-15.069363676695,"ROA":-7.959342475519,"HOLDER_PROFIT_QOQ":-55.329963298941,"ROE_YEARLY":-21.782626295133,"ROIC_YEARLY":-18.509071021441,"TOTAL_ASSETS":527308000,"TOTAL_LIABILITIES":151513000,"TAX_EBT":-1.616232699977,"OCF_SALES":-22.326159927755,"TOTAL_PARENT_EQUITY":375795000,"DEBT_ASSET_RATIO":28.7333019791,"OPERATE_PROFIT":-39169000,"PRETAX_PROFIT":-42630000,"NETCASH_OPERATE":-26206000,"NETCASH_INVEST":2635000,"NETCASH_FINANCE":18632000,"END_CASH":73578000,"DIVI_RATIO":null,"DIVIDEND_RATE":null,"CURRENT_RATIO":1.149419521757,"COMMON_ACS":5000000000,"CURRENTDEBT_DEBT":100,"ISSUED_COMMON_SHARES":1773263120,"HK_COMMON_SHARES":1773263120,"PER_SHARES":3000,"TOTAL_MARKET_CAP":177326312,"HKSK_MARKET_CAP":177326312,"PE_TTM":-8.001581950752,"PB_TTM":0.398410167978,"REPORT_DATE_SQ":"2019-06-30 00:00:00","REPORT_TYPE_SQ":"2019年中报","OPERATE_INCOME_SQ":164115000,"DPS_HKD":null,"OPERATE_INCOME_QOQ_SQ":-16.951760439242,"NET_PROFIT_RATIO_SQ":-2.0522194802,"HOLDER_PROFIT_SQ":-3368000,"HOLDER_PROFIT_QOQ_SQ":-117.426501917341,"ROE_AVG_SQ":-0.686382501322,"PE_TTM_SQ":-7.259338761651,"PB_TTM_SQ":0.328869731508,"ROA_SQ":-0.544440259482,"START_DATE":"2020-01-01 00:00:00","FISCAL_YEAR":"12-31","CURRENCY":"HKD","IS_CNY_CODE":0,"DPS_HKD_LY":null,"ORG_TYPE":"一般企业","PREMIUM_INCOME":null,"PREMIUM_INCOME_YOY":null,"NET_INTEREST_INCOME":null,"NET_INTEREST_INCOME_YOY":null,"FEE_COMMISSION_INCOME":null,"FEE_COMMISSION_INCOME_YOY":null,"ACCOUNTS_RECE_TDAYS":2.095437017995,"INVENTORY_TDAYS":3.504182695243,"CURRENT_ASSETS_TDAYS":0.721637822385,"TOTAL_ASSETS_TDAYS":0.215667882705,"PREMIUM_EXPENSE":null,"LOAN_DEPOSIT":null,"LOAN_EQUITY":null,"LOAN_ASSETS":null,"DEPOSIT_EQUITY":null,"DEPOSIT_ASSETS":null,"EQUITY_MULTIPLIER":1.403179925225,"EQUITY_RATIO":0.403179925225}],"count":24},"success":true,"message":"ok","code":0}