{"version":"ffbbeafd3c0273a3808ecaa17dca1d5d","result":{"pages":3,"data":[{"SECUCODE":"01538.HK","SECURITY_CODE":"01538","SECURITY_NAME_ABBR":"中奥到家","ORG_CODE":"10472803","STD_REPORT_DATE":"2024-06-30 00:00:00","REPORT_DATE":"2024-06-30 00:00:00","DATE_TYPE_CODE":"002","REPORT_TYPE":"2024年中报","PER_NETCASH_OPERATE":-0.042610730794,"PER_OI":1.040854250775,"BPS":1.172201743608,"BASIC_EPS":0.059,"DILUTED_EPS":0.059,"OPERATE_INCOME":889462000,"OPERATE_INCOME_YOY":3.8463918404,"GROSS_PROFIT":187619000,"GROSS_PROFIT_YOY":1.054610284335,"HOLDER_PROFIT":50807000,"HOLDER_PROFIT_YOY":4.6725313665,"GROSS_PROFIT_RATIO":21.093537441734,"EPS_TTM":0.096333742906,"OPERATE_INCOME_QOQ":1.927011619977,"NET_PROFIT_RATIO":6.3432726749,"ROE_AVG":5.152753528972,"GROSS_PROFIT_QOQ":0.558538102111,"ROA":2.456680379631,"HOLDER_PROFIT_QOQ":2.833087665826,"ROE_YEARLY":10.305507057945,"ROIC_YEARLY":6.811612467287,"TOTAL_ASSETS":2068980000,"TOTAL_LIABILITIES":997772000,"TAX_EBT":30.073370845004,"OCF_SALES":-4.093823007616,"TOTAL_PARENT_EQUITY":1001705000,"DEBT_ASSET_RATIO":48.2253090895,"OPERATE_PROFIT":78156000,"PRETAX_PROFIT":80686000,"NETCASH_OPERATE":-36413000,"NETCASH_INVEST":-5550000,"NETCASH_FINANCE":546000,"END_CASH":489215000,"DIVI_RATIO":0.235177200809,"DIVIDEND_RATE":8.474576271186,"CURRENT_RATIO":1.469736773738,"COMMON_ACS":8000000000,"CURRENTDEBT_DEBT":96.443876957862,"ISSUED_COMMON_SHARES":854550000,"HK_COMMON_SHARES":854550000,"PER_SHARES":2000,"TOTAL_MARKET_CAP":252092250,"HKSK_MARKET_CAP":252092250,"PE_TTM":2.759333996117,"PB_TTM":0.229687936798,"REPORT_DATE_SQ":"2023-06-30 00:00:00","REPORT_TYPE_SQ":"2023年中报","OPERATE_INCOME_SQ":856517000,"DPS_HKD":0.025,"OPERATE_INCOME_QOQ_SQ":2.075546509476,"NET_PROFIT_RATIO_SQ":6.2588366606,"HOLDER_PROFIT_SQ":48539000,"HOLDER_PROFIT_QOQ_SQ":-15.97123798874,"ROE_AVG_SQ":5.213579646213,"PE_TTM_SQ":4.675785664108,"PB_TTM_SQ":0.308340381254,"ROA_SQ":2.468398734449,"START_DATE":"2024-01-01 00:00:00","FISCAL_YEAR":"12-31","CURRENCY":"HKD","IS_CNY_CODE":0,"DPS_HKD_LY":0.025,"ORG_TYPE":"一般企业","PREMIUM_INCOME":null,"PREMIUM_INCOME_YOY":null,"NET_INTEREST_INCOME":null,"NET_INTEREST_INCOME_YOY":null,"FEE_COMMISSION_INCOME":null,"FEE_COMMISSION_INCOME_YOY":null,"ACCOUNTS_RECE_TDAYS":1.535962396238,"INVENTORY_TDAYS":151.455114372033,"CURRENT_ASSETS_TDAYS":0.632963169861,"TOTAL_ASSETS_TDAYS":0.430083225506,"PREMIUM_EXPENSE":null,"LOAN_DEPOSIT":null,"LOAN_EQUITY":null,"LOAN_ASSETS":null,"DEPOSIT_EQUITY":null,"DEPOSIT_ASSETS":null,"EQUITY_MULTIPLIER":1.931445620272,"EQUITY_RATIO":0.996073694351},{"SECUCODE":"01538.HK","SECURITY_CODE":"01538","SECURITY_NAME_ABBR":"中奥到家","ORG_CODE":"10472803","STD_REPORT_DATE":"2023-12-31 00:00:00","REPORT_DATE":"2023-12-31 00:00:00","DATE_TYPE_CODE":"001","REPORT_TYPE":"2023年年报","PER_NETCASH_OPERATE":0.145205078696,"PER_OI":2.000634251945,"BPS":1.135484172957,"BASIC_EPS":0.094,"DILUTED_EPS":0.094,"OPERATE_INCOME":1709642000,"OPERATE_INCOME_YOY":0.4256943894,"GROSS_PROFIT":350558000,"GROSS_PROFIT_YOY":-1.902030194065,"HOLDER_PROFIT":80054000,"HOLDER_PROFIT_YOY":4.0919552186,"GROSS_PROFIT_RATIO":20.504760645796,"EPS_TTM":0.09367971447,"OPERATE_INCOME_QOQ":-1.616304958944,"NET_PROFIT_RATIO":4.9116715663,"ROE_AVG":8.485159397494,"GROSS_PROFIT_QOQ":0.827482663706,"ROA":3.978459247803,"HOLDER_PROFIT_QOQ":23.87657836098,"ROE_YEARLY":8.485159397494,"ROIC_YEARLY":5.494404806558,"TOTAL_ASSETS":2067252000,"TOTAL_LIABILITIES":1034545000,"TAX_EBT":32.66564562301,"OCF_SALES":7.257952249652,"TOTAL_PARENT_EQUITY":970328000,"DEBT_ASSET_RATIO":50.0444551511,"OPERATE_PROFIT":125083000,"PRETAX_PROFIT":124709000,"NETCASH_OPERATE":124085000,"NETCASH_INVEST":-311000,"NETCASH_FINANCE":-40141000,"END_CASH":531583000,"DIVI_RATIO":0.241839977078,"DIVIDEND_RATE":8.620689655172,"CURRENT_RATIO":1.399729108685,"COMMON_ACS":8000000000,"CURRENTDEBT_DEBT":96.41417241396,"ISSUED_COMMON_SHARES":854550000,"HK_COMMON_SHARES":854550000,"PER_SHARES":2000,"TOTAL_MARKET_CAP":247819500,"HKSK_MARKET_CAP":247819500,"PE_TTM":2.712565623301,"PB_TTM":0.22579492092,"REPORT_DATE_SQ":"2022-12-31 00:00:00","REPORT_TYPE_SQ":"2022年年报","OPERATE_INCOME_SQ":1702395000,"DPS_HKD":0.025,"OPERATE_INCOME_QOQ_SQ":-3.438263607962,"NET_PROFIT_RATIO_SQ":5.2308659271,"HOLDER_PROFIT_SQ":76907000,"HOLDER_PROFIT_QOQ_SQ":-21.624238224324,"ROE_AVG_SQ":8.470656911796,"PE_TTM_SQ":4.486226785833,"PB_TTM_SQ":0.295840095528,"ROA_SQ":3.711187778419,"START_DATE":"2023-01-01 00:00:00","FISCAL_YEAR":"12-31","CURRENCY":"HKD","IS_CNY_CODE":0,"DPS_HKD_LY":0.025,"ORG_TYPE":"一般企业","PREMIUM_INCOME":null,"PREMIUM_INCOME_YOY":null,"NET_INTEREST_INCOME":null,"NET_INTEREST_INCOME_YOY":null,"FEE_COMMISSION_INCOME":null,"FEE_COMMISSION_INCOME_YOY":null,"ACCOUNTS_RECE_TDAYS":3.305271949378,"INVENTORY_TDAYS":229.555611857107,"CURRENT_ASSETS_TDAYS":1.28243668987,"TOTAL_ASSETS_TDAYS":0.849644118387,"PREMIUM_EXPENSE":null,"LOAN_DEPOSIT":null,"LOAN_EQUITY":null,"LOAN_ASSETS":null,"DEPOSIT_EQUITY":null,"DEPOSIT_ASSETS":null,"EQUITY_MULTIPLIER":2.001779788459,"EQUITY_RATIO":1.06618071415},{"SECUCODE":"01538.HK","SECURITY_CODE":"01538","SECURITY_NAME_ABBR":"中奥到家","ORG_CODE":"10472803","STD_REPORT_DATE":"2023-06-30 00:00:00","REPORT_DATE":"2023-06-30 00:00:00","DATE_TYPE_CODE":"002","REPORT_TYPE":"2023年中报","PER_NETCASH_OPERATE":-0.051875255983,"PER_OI":1.002301796267,"BPS":1.1063507109,"BASIC_EPS":0.057,"DILUTED_EPS":0.057,"OPERATE_INCOME":856517000,"OPERATE_INCOME_YOY":4.3028167899,"GROSS_PROFIT":185661000,"GROSS_PROFIT_YOY":-4.952517469987,"HOLDER_PROFIT":48539000,"HOLDER_PROFIT_YOY":-20.194995232,"GROSS_PROFIT_RATIO":21.676277295138,"EPS_TTM":0.075623427535,"OPERATE_INCOME_QOQ":2.075546509476,"NET_PROFIT_RATIO":6.2588366606,"ROE_AVG":5.213579646213,"GROSS_PROFIT_QOQ":-2.707111975487,"ROA":2.468398734449,"HOLDER_PROFIT_QOQ":-15.97123798874,"ROE_YEARLY":10.427159292425,"ROIC_YEARLY":6.572411416517,"TOTAL_ASSETS":1975713000,"TOTAL_LIABILITIES":958912000,"TAX_EBT":31.905596626273,"OCF_SALES":-5.175612392982,"TOTAL_PARENT_EQUITY":945432000,"DEBT_ASSET_RATIO":48.5349845853,"OPERATE_PROFIT":78085000,"PRETAX_PROFIT":78726000,"NETCASH_OPERATE":-44330000,"NETCASH_INVEST":-7591000,"NETCASH_FINANCE":-3691000,"END_CASH":390967000,"DIVI_RATIO":0.299583088713,"DIVIDEND_RATE":8.620689655172,"CURRENT_RATIO":1.390687874122,"COMMON_ACS":8000000000,"CURRENTDEBT_DEBT":97.055725655743,"ISSUED_COMMON_SHARES":854550000,"HK_COMMON_SHARES":854550000,"PER_SHARES":2000,"TOTAL_MARKET_CAP":247819500,"HKSK_MARKET_CAP":247819500,"PE_TTM":2.712565623301,"PB_TTM":0.22579492092,"REPORT_DATE_SQ":"2022-06-30 00:00:00","REPORT_TYPE_SQ":"2022年中报","OPERATE_INCOME_SQ":821183000,"DPS_HKD":0.025,"OPERATE_INCOME_QOQ_SQ":-5.899068764735,"NET_PROFIT_RATIO_SQ":8.083825408,"HOLDER_PROFIT_SQ":60822000,"HOLDER_PROFIT_QOQ_SQ":-7.673924088745,"ROE_AVG_SQ":6.758901186825,"PE_TTM_SQ":4.486226785833,"PB_TTM_SQ":0.295840095528,"ROA_SQ":2.910950667901,"START_DATE":"2023-01-01 00:00:00","FISCAL_YEAR":"12-31","CURRENCY":"HKD","IS_CNY_CODE":0,"DPS_HKD_LY":0.025,"ORG_TYPE":"一般企业","PREMIUM_INCOME":null,"PREMIUM_INCOME_YOY":null,"NET_INTEREST_INCOME":null,"NET_INTEREST_INCOME_YOY":null,"FEE_COMMISSION_INCOME":null,"FEE_COMMISSION_INCOME_YOY":null,"ACCOUNTS_RECE_TDAYS":1.585618457602,"INVENTORY_TDAYS":102.07790626902,"CURRENT_ASSETS_TDAYS":0.668014367678,"TOTAL_ASSETS_TDAYS":0.435572524946,"PREMIUM_EXPENSE":null,"LOAN_DEPOSIT":null,"LOAN_EQUITY":null,"LOAN_ASSETS":null,"DEPOSIT_EQUITY":null,"DEPOSIT_ASSETS":null,"EQUITY_MULTIPLIER":1.943067522553,"EQUITY_RATIO":1.014258032307},{"SECUCODE":"01538.HK","SECURITY_CODE":"01538","SECURITY_NAME_ABBR":"中奥到家","ORG_CODE":"10472803","STD_REPORT_DATE":"2022-12-31 00:00:00","REPORT_DATE":"2022-12-31 00:00:00","DATE_TYPE_CODE":"001","REPORT_TYPE":"2022年年报","PER_NETCASH_OPERATE":0.097745011995,"PER_OI":1.99215376514,"BPS":1.072599613832,"BASIC_EPS":0.09,"DILUTED_EPS":0.09,"OPERATE_INCOME":1702395000,"OPERATE_INCOME_YOY":-9.1345068382,"GROSS_PROFIT":357355000,"GROSS_PROFIT_YOY":-17.420200166844,"HOLDER_PROFIT":76907000,"HOLDER_PROFIT_YOY":-27.638734687,"GROSS_PROFIT_RATIO":20.991309302483,"EPS_TTM":0.089997074484,"OPERATE_INCOME_QOQ":-3.438263607962,"NET_PROFIT_RATIO":5.2308659271,"ROE_AVG":8.470656911796,"GROSS_PROFIT_QOQ":-7.212332395127,"ROA":3.711187778419,"HOLDER_PROFIT_QOQ":-21.624238224324,"ROE_YEARLY":8.470656911796,"ROIC_YEARLY":4.949132822248,"TOTAL_ASSETS":1957120000,"TOTAL_LIABILITIES":970191000,"TAX_EBT":32.850226974528,"OCF_SALES":4.906499372942,"TOTAL_PARENT_EQUITY":916590000,"DEBT_ASSET_RATIO":49.5723818672,"OPERATE_PROFIT":131021000,"PRETAX_PROFIT":132614000,"NETCASH_OPERATE":83528000,"NETCASH_INVEST":-68457000,"NETCASH_FINANCE":-4757000,"END_CASH":446052000,"DIVI_RATIO":0.251735960641,"DIVIDEND_RATE":8.620689655172,"CURRENT_RATIO":1.351382150153,"COMMON_ACS":8000000000,"CURRENTDEBT_DEBT":96.871646923132,"ISSUED_COMMON_SHARES":854550000,"HK_COMMON_SHARES":854550000,"PER_SHARES":2000,"TOTAL_MARKET_CAP":247819500,"HKSK_MARKET_CAP":247819500,"PE_TTM":2.712565623301,"PB_TTM":0.22579492092,"REPORT_DATE_SQ":"2021-12-31 00:00:00","REPORT_TYPE_SQ":"2021年年报","OPERATE_INCOME_SQ":1873533000,"DPS_HKD":0.025,"OPERATE_INCOME_QOQ_SQ":1.549641371034,"NET_PROFIT_RATIO_SQ":7.0475940376,"HOLDER_PROFIT_SQ":106282000,"HOLDER_PROFIT_QOQ_SQ":-22.901372486435,"ROE_AVG_SQ":12.404666018122,"PE_TTM_SQ":4.486226785833,"PB_TTM_SQ":0.295840095528,"ROA_SQ":4.993264059441,"START_DATE":"2022-01-01 00:00:00","FISCAL_YEAR":"12-31","CURRENCY":"HKD","IS_CNY_CODE":0,"DPS_HKD_LY":0.025,"ORG_TYPE":"一般企业","PREMIUM_INCOME":null,"PREMIUM_INCOME_YOY":null,"NET_INTEREST_INCOME":null,"NET_INTEREST_INCOME_YOY":null,"FEE_COMMISSION_INCOME":null,"FEE_COMMISSION_INCOME_YOY":null,"ACCOUNTS_RECE_TDAYS":3.755256856662,"INVENTORY_TDAYS":48.1670217909,"CURRENT_ASSETS_TDAYS":1.269317273957,"TOTAL_ASSETS_TDAYS":0.821499670777,"PREMIUM_EXPENSE":null,"LOAN_DEPOSIT":null,"LOAN_EQUITY":null,"LOAN_ASSETS":null,"DEPOSIT_EQUITY":null,"DEPOSIT_ASSETS":null,"EQUITY_MULTIPLIER":1.983040320022,"EQUITY_RATIO":1.058478709128},{"SECUCODE":"01538.HK","SECURITY_CODE":"01538","SECURITY_NAME_ABBR":"中奥到家","ORG_CODE":"10472803","STD_REPORT_DATE":"2022-06-30 00:00:00","REPORT_DATE":"2022-06-30 00:00:00","DATE_TYPE_CODE":"002","REPORT_TYPE":"2022年中报","PER_NETCASH_OPERATE":-0.044681996372,"PER_OI":0.960953718331,"BPS":1.053776841613,"BASIC_EPS":0.071,"DILUTED_EPS":0.071,"OPERATE_INCOME":821183000,"OPERATE_INCOME_YOY":-11.8622438028,"GROSS_PROFIT":195335000,"GROSS_PROFIT_YOY":-19.596035267677,"HOLDER_PROFIT":60822000,"HOLDER_PROFIT_YOY":-11.8240598452,"GROSS_PROFIT_RATIO":23.787024329534,"EPS_TTM":0.114827687087,"OPERATE_INCOME_QOQ":-5.899068764735,"NET_PROFIT_RATIO":8.083825408,"ROE_AVG":6.758901186825,"GROSS_PROFIT_QOQ":-11.001319502056,"ROA":2.910950667901,"HOLDER_PROFIT_QOQ":-7.673924088745,"ROE_YEARLY":13.51780237365,"ROIC_YEARLY":7.652529705736,"TOTAL_ASSETS":1991358000,"TOTAL_LIABILITIES":1022811000,"TAX_EBT":30.576239280485,"OCF_SALES":-4.64975529206,"TOTAL_PARENT_EQUITY":900505000,"DEBT_ASSET_RATIO":51.3624873077,"OPERATE_PROFIT":94058000,"PRETAX_PROFIT":95620000,"NETCASH_OPERATE":-38183000,"NETCASH_INVEST":-22714000,"NETCASH_FINANCE":35860000,"END_CASH":411301000,"DIVI_RATIO":0.197299976816,"DIVIDEND_RATE":8.620689655172,"CURRENT_RATIO":1.302152625333,"COMMON_ACS":8000000000,"CURRENTDEBT_DEBT":97.137301026289,"ISSUED_COMMON_SHARES":854550000,"HK_COMMON_SHARES":854550000,"PER_SHARES":2000,"TOTAL_MARKET_CAP":247819500,"HKSK_MARKET_CAP":247819500,"PE_TTM":2.712565623301,"PB_TTM":0.22579492092,"REPORT_DATE_SQ":"2021-06-30 00:00:00","REPORT_TYPE_SQ":"2021年中报","OPERATE_INCOME_SQ":931704000,"DPS_HKD":0.025,"OPERATE_INCOME_QOQ_SQ":5.285915733283,"NET_PROFIT_RATIO_SQ":8.8902698711,"HOLDER_PROFIT_SQ":68978000,"HOLDER_PROFIT_QOQ_SQ":4.82324403653,"ROE_AVG_SQ":8.222296921973,"PE_TTM_SQ":4.486226785833,"PB_TTM_SQ":0.295840095528,"ROA_SQ":3.039100139447,"START_DATE":"2022-01-01 00:00:00","FISCAL_YEAR":"12-31","CURRENCY":"HKD","IS_CNY_CODE":0,"DPS_HKD_LY":0.025,"ORG_TYPE":"一般企业","PREMIUM_INCOME":null,"PREMIUM_INCOME_YOY":null,"NET_INTEREST_INCOME":null,"NET_INTEREST_INCOME_YOY":null,"FEE_COMMISSION_INCOME":null,"FEE_COMMISSION_INCOME_YOY":null,"ACCOUNTS_RECE_TDAYS":1.728882750606,"INVENTORY_TDAYS":22.777988062309,"CURRENT_ASSETS_TDAYS":0.606929352094,"TOTAL_ASSETS_TDAYS":0.393019499904,"PREMIUM_EXPENSE":null,"LOAN_DEPOSIT":null,"LOAN_EQUITY":null,"LOAN_ASSETS":null,"DEPOSIT_EQUITY":null,"DEPOSIT_ASSETS":null,"EQUITY_MULTIPLIER":2.056026191813,"EQUITY_RATIO":1.135819345812},{"SECUCODE":"01538.HK","SECURITY_CODE":"01538","SECURITY_NAME_ABBR":"中奥到家","ORG_CODE":"10472803","STD_REPORT_DATE":"2021-12-31 00:00:00","REPORT_DATE":"2021-12-31 00:00:00","DATE_TYPE_CODE":"001","REPORT_TYPE":"2021年年报","PER_NETCASH_OPERATE":0.03959042771,"PER_OI":2.192420572231,"BPS":1.052314083436,"BASIC_EPS":0.124,"DILUTED_EPS":0.124,"OPERATE_INCOME":1873533000,"OPERATE_INCOME_YOY":6.9174698414,"GROSS_PROFIT":432739000,"GROSS_PROFIT_YOY":-2.01566430653,"HOLDER_PROFIT":106282000,"HOLDER_PROFIT_YOY":-19.1827175326,"GROSS_PROFIT_RATIO":23.097484805445,"EPS_TTM":0.124371891639,"OPERATE_INCOME_QOQ":1.549641371034,"NET_PROFIT_RATIO":7.0475940376,"ROE_AVG":12.404666018122,"GROSS_PROFIT_QOQ":-4.016014373011,"ROA":4.993264059441,"HOLDER_PROFIT_QOQ":-22.901372486435,"ROE_YEARLY":12.404666018122,"ROIC_YEARLY":6.718570036045,"TOTAL_ASSETS":2187483000,"TOTAL_LIABILITIES":1204378000,"TAX_EBT":30.827260678007,"OCF_SALES":1.805786180441,"TOTAL_PARENT_EQUITY":899255000,"DEBT_ASSET_RATIO":55.057707877,"OPERATE_PROFIT":193243000,"PRETAX_PROFIT":190883000,"NETCASH_OPERATE":33832000,"NETCASH_INVEST":-42243000,"NETCASH_FINANCE":-51155000,"END_CASH":436464000,"DIVI_RATIO":0.182159326368,"DIVIDEND_RATE":8.620689655172,"CURRENT_RATIO":1.276567512381,"COMMON_ACS":8000000000,"CURRENTDEBT_DEBT":91.858453077024,"ISSUED_COMMON_SHARES":854550000,"HK_COMMON_SHARES":854550000,"PER_SHARES":2000,"TOTAL_MARKET_CAP":247819500,"HKSK_MARKET_CAP":247819500,"PE_TTM":2.712565623301,"PB_TTM":0.22579492092,"REPORT_DATE_SQ":"2020-12-31 00:00:00","REPORT_TYPE_SQ":"2020年年报","OPERATE_INCOME_SQ":1752317000,"DPS_HKD":0.025,"OPERATE_INCOME_QOQ_SQ":2.898789866068,"NET_PROFIT_RATIO_SQ":8.6046074997,"HOLDER_PROFIT_SQ":131509000,"HOLDER_PROFIT_QOQ_SQ":10.497836407176,"ROE_AVG_SQ":17.619612569226,"PE_TTM_SQ":4.486226785833,"PB_TTM_SQ":0.295840095528,"ROA_SQ":6.634902039727,"START_DATE":"2021-01-01 00:00:00","FISCAL_YEAR":"12-31","CURRENCY":"HKD","IS_CNY_CODE":0,"DPS_HKD_LY":0.03,"ORG_TYPE":"一般企业","PREMIUM_INCOME":null,"PREMIUM_INCOME_YOY":null,"NET_INTEREST_INCOME":null,"NET_INTEREST_INCOME_YOY":null,"FEE_COMMISSION_INCOME":null,"FEE_COMMISSION_INCOME_YOY":null,"ACCOUNTS_RECE_TDAYS":4.775066106803,"INVENTORY_TDAYS":46.416584784395,"CURRENT_ASSETS_TDAYS":1.434190859998,"TOTAL_ASSETS_TDAYS":0.88020972442,"PREMIUM_EXPENSE":null,"LOAN_DEPOSIT":null,"LOAN_EQUITY":null,"LOAN_ASSETS":null,"DEPOSIT_EQUITY":null,"DEPOSIT_ASSETS":null,"EQUITY_MULTIPLIER":2.225075653158,"EQUITY_RATIO":1.339306425875},{"SECUCODE":"01538.HK","SECURITY_CODE":"01538","SECURITY_NAME_ABBR":"中奥到家","ORG_CODE":"10472803","STD_REPORT_DATE":"2021-06-30 00:00:00","REPORT_DATE":"2021-06-30 00:00:00","DATE_TYPE_CODE":"002","REPORT_TYPE":"2021年中报","PER_NETCASH_OPERATE":-0.039041600843,"PER_OI":1.090286115499,"BPS":1.010475688959,"BASIC_EPS":0.081,"DILUTED_EPS":0.081,"OPERATE_INCOME":931704000,"OPERATE_INCOME_YOY":11.0390214021,"GROSS_PROFIT":242942000,"GROSS_PROFIT_YOY":3.937742258426,"HOLDER_PROFIT":68978000,"HOLDER_PROFIT_YOY":10.1269258402,"GROSS_PROFIT_RATIO":26.075019534101,"EPS_TTM":0.161315312153,"OPERATE_INCOME_QOQ":5.285915733283,"NET_PROFIT_RATIO":8.8902698711,"ROE_AVG":8.222296921973,"GROSS_PROFIT_QOQ":2.084045638879,"ROA":3.039100139447,"HOLDER_PROFIT_QOQ":4.82324403653,"ROE_YEARLY":16.444593843946,"ROIC_YEARLY":7.85520628913,"TOTAL_ASSETS":2469838000,"TOTAL_LIABILITIES":1503666000,"TAX_EBT":27.768912143013,"OCF_SALES":-3.580858298344,"TOTAL_PARENT_EQUITY":863502000,"DEBT_ASSET_RATIO":60.8811590072,"OPERATE_PROFIT":121268000,"PRETAX_PROFIT":114675000,"NETCASH_OPERATE":-33363000,"NETCASH_INVEST":-74268000,"NETCASH_FINANCE":-37944000,"END_CASH":351354000,"DIVI_RATIO":0.140442340517,"DIVIDEND_RATE":8.620689655172,"CURRENT_RATIO":1.083530904949,"COMMON_ACS":8000000000,"CURRENTDEBT_DEBT":98.03699757792,"ISSUED_COMMON_SHARES":854550000,"HK_COMMON_SHARES":854550000,"PER_SHARES":2000,"TOTAL_MARKET_CAP":247819500,"HKSK_MARKET_CAP":247819500,"PE_TTM":2.712565623301,"PB_TTM":0.22579492092,"REPORT_DATE_SQ":"2020-06-30 00:00:00","REPORT_TYPE_SQ":"2020年中报","OPERATE_INCOME_SQ":839078000,"DPS_HKD":0.025,"OPERATE_INCOME_QOQ_SQ":12.074509602615,"NET_PROFIT_RATIO_SQ":8.9516111732,"HOLDER_PROFIT_SQ":62635000,"HOLDER_PROFIT_QOQ_SQ":9.622540711812,"ROE_AVG_SQ":8.814779162585,"PE_TTM_SQ":4.486226785833,"PB_TTM_SQ":0.295840095528,"ROA_SQ":3.110482851126,"START_DATE":"2021-01-01 00:00:00","FISCAL_YEAR":"12-31","CURRENCY":"HKD","IS_CNY_CODE":0,"DPS_HKD_LY":0.03,"ORG_TYPE":"一般企业","PREMIUM_INCOME":null,"PREMIUM_INCOME_YOY":null,"NET_INTEREST_INCOME":null,"NET_INTEREST_INCOME_YOY":null,"FEE_COMMISSION_INCOME":null,"FEE_COMMISSION_INCOME_YOY":null,"ACCOUNTS_RECE_TDAYS":1.901782160433,"INVENTORY_TDAYS":12.992445178024,"CURRENT_ASSETS_TDAYS":0.666059730653,"TOTAL_ASSETS_TDAYS":0.410499254302,"PREMIUM_EXPENSE":null,"LOAN_DEPOSIT":null,"LOAN_EQUITY":null,"LOAN_ASSETS":null,"DEPOSIT_EQUITY":null,"DEPOSIT_ASSETS":null,"EQUITY_MULTIPLIER":2.55631295463,"EQUITY_RATIO":1.741357865992},{"SECUCODE":"01538.HK","SECURITY_CODE":"01538","SECURITY_NAME_ABBR":"中奥到家","ORG_CODE":"10472803","STD_REPORT_DATE":"2020-12-31 00:00:00","REPORT_DATE":"2020-12-31 00:00:00","DATE_TYPE_CODE":"001","REPORT_TYPE":"2020年年报","PER_NETCASH_OPERATE":0.254236732783,"PER_OI":2.050572816102,"BPS":0.952929612077,"BASIC_EPS":0.157,"DILUTED_EPS":0.157,"OPERATE_INCOME":1752317000,"OPERATE_INCOME_YOY":15.3233141294,"GROSS_PROFIT":441641000,"GROSS_PROFIT_YOY":9.46854682593,"HOLDER_PROFIT":131509000,"HOLDER_PROFIT_YOY":21.1305357011,"GROSS_PROFIT_RATIO":25.203259455909,"EPS_TTM":0.15389269206,"OPERATE_INCOME_QOQ":2.898789866068,"NET_PROFIT_RATIO":8.6046074997,"ROE_AVG":17.619612569226,"GROSS_PROFIT_QOQ":1.356341412477,"ROA":6.634902039727,"HOLDER_PROFIT_QOQ":10.497836407176,"ROE_YEARLY":17.619612569226,"ROIC_YEARLY":9.152300915411,"TOTAL_ASSETS":2069532000,"TOTAL_LIABILITIES":1178106000,"TAX_EBT":25.584471347702,"OCF_SALES":12.398327471571,"TOTAL_PARENT_EQUITY":814326000,"DEBT_ASSET_RATIO":56.9262036055,"OPERATE_PROFIT":222732000,"PRETAX_PROFIT":202619000,"NETCASH_OPERATE":217258000,"NETCASH_INVEST":-80725000,"NETCASH_FINANCE":-102262000,"END_CASH":495773000,"DIVI_RATIO":0.147216217331,"DIVIDEND_RATE":8.620689655172,"CURRENT_RATIO":1.090095653414,"COMMON_ACS":8000000000,"CURRENTDEBT_DEBT":93.468923848958,"ISSUED_COMMON_SHARES":854550000,"HK_COMMON_SHARES":854550000,"PER_SHARES":2000,"TOTAL_MARKET_CAP":247819500,"HKSK_MARKET_CAP":247819500,"PE_TTM":2.712565623301,"PB_TTM":0.22579492092,"REPORT_DATE_SQ":"2019-12-31 00:00:00","REPORT_TYPE_SQ":"2019年年报","OPERATE_INCOME_SQ":1519482000,"DPS_HKD":0.025,"OPERATE_INCOME_QOQ_SQ":28.705744435391,"NET_PROFIT_RATIO_SQ":8.813529874,"HOLDER_PROFIT_SQ":108568000,"HOLDER_PROFIT_QOQ_SQ":7.325174479527,"ROE_AVG_SQ":17.507536829476,"PE_TTM_SQ":4.486226785833,"PB_TTM_SQ":0.295840095528,"ROA_SQ":6.710333776803,"START_DATE":"2020-01-01 00:00:00","FISCAL_YEAR":"12-31","CURRENCY":"HKD","IS_CNY_CODE":0,"DPS_HKD_LY":0.0275,"ORG_TYPE":"一般企业","PREMIUM_INCOME":null,"PREMIUM_INCOME_YOY":null,"NET_INTEREST_INCOME":null,"NET_INTEREST_INCOME_YOY":null,"FEE_COMMISSION_INCOME":null,"FEE_COMMISSION_INCOME_YOY":null,"ACCOUNTS_RECE_TDAYS":4.960824502946,"INVENTORY_TDAYS":186.652805468527,"CURRENT_ASSETS_TDAYS":1.495613617693,"TOTAL_ASSETS_TDAYS":0.884080301542,"PREMIUM_EXPENSE":null,"LOAN_DEPOSIT":null,"LOAN_EQUITY":null,"LOAN_ASSETS":null,"DEPOSIT_EQUITY":null,"DEPOSIT_ASSETS":null,"EQUITY_MULTIPLIER":2.321597081533,"EQUITY_RATIO":1.446725267276},{"SECUCODE":"01538.HK","SECURITY_CODE":"01538","SECURITY_NAME_ABBR":"中奥到家","ORG_CODE":"10472803","STD_REPORT_DATE":"2020-06-30 00:00:00","REPORT_DATE":"2020-06-30 00:00:00","DATE_TYPE_CODE":"002","REPORT_TYPE":"2020年中报","PER_NETCASH_OPERATE":-0.021611374408,"PER_OI":0.981894564391,"BPS":0.869118249371,"BASIC_EPS":0.076,"DILUTED_EPS":0.076,"OPERATE_INCOME":839078000,"OPERATE_INCOME_YOY":27.9847103757,"GROSS_PROFIT":233738000,"GROSS_PROFIT_YOY":16.02895039911,"HOLDER_PROFIT":62635000,"HOLDER_PROFIT_YOY":20.0180118035,"GROSS_PROFIT_RATIO":27.856528236946,"EPS_TTM":0.139272131531,"OPERATE_INCOME_QOQ":12.074509602615,"NET_PROFIT_RATIO":8.9516111732,"ROE_AVG":8.814779162585,"GROSS_PROFIT_QOQ":8.003648612808,"ROA":3.110482851126,"HOLDER_PROFIT_QOQ":9.622540711812,"ROE_YEARLY":17.629558325171,"ROIC_YEARLY":8.308390034707,"TOTAL_ASSETS":2132723000,"TOTAL_LIABILITIES":1318708000,"TAX_EBT":30.52932417059,"OCF_SALES":-2.200987274127,"TOTAL_PARENT_EQUITY":742705000,"DEBT_ASSET_RATIO":61.8321272852,"OPERATE_PROFIT":114814000,"PRETAX_PROFIT":108119000,"NETCASH_OPERATE":-18468000,"NETCASH_INVEST":-68968000,"NETCASH_FINANCE":51951000,"END_CASH":423039000,"DIVI_RATIO":0.162670734991,"DIVIDEND_RATE":8.620689655172,"CURRENT_RATIO":1.079535624256,"COMMON_ACS":8000000000,"CURRENTDEBT_DEBT":91.780212147041,"ISSUED_COMMON_SHARES":854550000,"HK_COMMON_SHARES":854550000,"PER_SHARES":2000,"TOTAL_MARKET_CAP":247819500,"HKSK_MARKET_CAP":247819500,"PE_TTM":2.712565623301,"PB_TTM":0.22579492092,"REPORT_DATE_SQ":"2019-06-30 00:00:00","REPORT_TYPE_SQ":"2019年中报","OPERATE_INCOME_SQ":655608000,"DPS_HKD":0.025,"OPERATE_INCOME_QOQ_SQ":15.403060182149,"NET_PROFIT_RATIO_SQ":8.8781711022,"HOLDER_PROFIT_SQ":52188000,"HOLDER_PROFIT_QOQ_SQ":5.276413287819,"ROE_AVG_SQ":8.843632518498,"PE_TTM_SQ":4.486226785833,"PB_TTM_SQ":0.295840095528,"ROA_SQ":3.288285435878,"START_DATE":"2020-01-01 00:00:00","FISCAL_YEAR":"12-31","CURRENCY":"HKD","IS_CNY_CODE":0,"DPS_HKD_LY":0.0275,"ORG_TYPE":"一般企业","PREMIUM_INCOME":null,"PREMIUM_INCOME_YOY":null,"NET_INTEREST_INCOME":null,"NET_INTEREST_INCOME_YOY":null,"FEE_COMMISSION_INCOME":null,"FEE_COMMISSION_INCOME_YOY":null,"ACCOUNTS_RECE_TDAYS":1.953165626549,"INVENTORY_TDAYS":196.666666666667,"CURRENT_ASSETS_TDAYS":0.685107602518,"TOTAL_ASSETS_TDAYS":0.416689986391,"PREMIUM_EXPENSE":null,"LOAN_DEPOSIT":null,"LOAN_EQUITY":null,"LOAN_ASSETS":null,"DEPOSIT_EQUITY":null,"DEPOSIT_ASSETS":null,"EQUITY_MULTIPLIER":2.620004545373,"EQUITY_RATIO":1.775547491938}],"count":24},"success":true,"message":"ok","code":0}