{"version":"b7f6168c5b94fef9e60b0b621694bc89","result":{"pages":4,"data":[{"SECUCODE":"01530.HK","SECURITY_CODE":"01530","SECURITY_NAME_ABBR":"三生制药","ORG_CODE":"10002785","STD_REPORT_DATE":"2024-06-30 00:00:00","REPORT_DATE":"2024-06-30 00:00:00","DATE_TYPE_CODE":"002","REPORT_TYPE":"2024年中报","PER_NETCASH_OPERATE":0.456137460225,"PER_OI":1.832314577318,"BPS":6.00452940648,"BASIC_EPS":0.45,"DILUTED_EPS":0.45,"OPERATE_INCOME":4389445000,"OPERATE_INCOME_YOY":16.0052518174,"GROSS_PROFIT":3797393000,"GROSS_PROFIT_YOY":18.610930816722,"HOLDER_PROFIT":1089942000,"HOLDER_PROFIT_YOY":11.1531271894,"GROSS_PROFIT_RATIO":86.511916654611,"EPS_TTM":0.692361856043,"OPERATE_INCOME_QOQ":7.74842379763,"NET_PROFIT_RATIO":25.2329166899,"ROE_AVG":7.670768576256,"GROSS_PROFIT_QOQ":8.971263121759,"ROA":4.582360756088,"HOLDER_PROFIT_QOQ":7.059272326607,"ROE_YEARLY":15.341537152512,"ROIC_YEARLY":11.573229938895,"TOTAL_ASSETS":23946172000,"TOTAL_LIABILITIES":7070301000,"TAX_EBT":22.103528597591,"OCF_SALES":24.894058360453,"TOTAL_PARENT_EQUITY":14384294000,"DEBT_ASSET_RATIO":29.5258089685,"OPERATE_PROFIT":1571445000,"PRETAX_PROFIT":1421868000,"NETCASH_OPERATE":1092711000,"NETCASH_INVEST":-618888000,"NETCASH_FINANCE":-972817000,"END_CASH":2085208000,"DIVI_RATIO":0.327220510522,"DIVIDEND_RATE":3.748125937031,"CURRENT_RATIO":1.718967209353,"COMMON_ACS":50000000000,"CURRENTDEBT_DEBT":75.688489075642,"ISSUED_COMMON_SHARES":2395573912,"HK_COMMON_SHARES":2395573912,"PER_SHARES":500,"TOTAL_MARKET_CAP":15978477993.04,"HKSK_MARKET_CAP":15978477993.04,"PE_TTM":8.682881862913,"PB_TTM":1.013830591525,"REPORT_DATE_SQ":"2023-06-30 00:00:00","REPORT_TYPE_SQ":"2023年中报","OPERATE_INCOME_SQ":3783833000,"DPS_HKD":0.25,"OPERATE_INCOME_QOQ_SQ":10.049999759455,"NET_PROFIT_RATIO_SQ":26.0705744677,"HOLDER_PROFIT_SQ":980577000,"HOLDER_PROFIT_QOQ_SQ":0.714612104643,"ROE_AVG_SQ":7.415534767808,"PE_TTM_SQ":6.400848610143,"PB_TTM_SQ":0.906388994043,"ROA_SQ":4.342812166156,"START_DATE":"2024-01-01 00:00:00","FISCAL_YEAR":"12-31","CURRENCY":"HKD","IS_CNY_CODE":0,"DPS_HKD_LY":0.25,"ORG_TYPE":"一般企业","PREMIUM_INCOME":null,"PREMIUM_INCOME_YOY":null,"NET_INTEREST_INCOME":null,"NET_INTEREST_INCOME_YOY":null,"FEE_COMMISSION_INCOME":null,"FEE_COMMISSION_INCOME_YOY":null,"ACCOUNTS_RECE_TDAYS":3.750615746973,"INVENTORY_TDAYS":0.740448181934,"CURRENT_ASSETS_TDAYS":0.477332251823,"TOTAL_ASSETS_TDAYS":0.18454211792,"PREMIUM_EXPENSE":null,"LOAN_DEPOSIT":null,"LOAN_EQUITY":null,"LOAN_ASSETS":null,"DEPOSIT_EQUITY":null,"DEPOSIT_ASSETS":null,"EQUITY_MULTIPLIER":1.418959175499,"EQUITY_RATIO":0.491529233204},{"SECUCODE":"01530.HK","SECURITY_CODE":"01530","SECURITY_NAME_ABBR":"三生制药","ORG_CODE":"10002785","STD_REPORT_DATE":"2023-12-31 00:00:00","REPORT_DATE":"2023-12-31 00:00:00","DATE_TYPE_CODE":"001","REPORT_TYPE":"2023年年报","PER_NETCASH_OPERATE":0.854007777274,"PER_OI":3.204671198594,"BPS":5.858208310627,"BASIC_EPS":0.64,"DILUTED_EPS":0.62,"OPERATE_INCOME":7815938000,"OPERATE_INCOME_YOY":13.8397855437,"GROSS_PROFIT":6641640000,"GROSS_PROFIT_YOY":17.103999700965,"HOLDER_PROFIT":1549239000,"HOLDER_PROFIT_YOY":-19.1304919751,"GROSS_PROFIT_RATIO":84.97559729875,"EPS_TTM":0.635215069904,"OPERATE_INCOME_QOQ":3.538731820635,"NET_PROFIT_RATIO":20.2956062343,"ROE_AVG":11.493051671139,"GROSS_PROFIT_QOQ":5.284433180946,"ROA":6.792862289803,"HOLDER_PROFIT_QOQ":-19.668987731318,"ROE_YEARLY":11.493051671139,"ROIC_YEARLY":8.641363333184,"TOTAL_ASSETS":23625028000,"TOTAL_LIABILITIES":7111428000,"TAX_EBT":19.821841139998,"OCF_SALES":26.648842403816,"TOTAL_PARENT_EQUITY":14033771000,"DEBT_ASSET_RATIO":30.1012468641,"OPERATE_PROFIT":2220550000,"PRETAX_PROFIT":1978459000,"NETCASH_OPERATE":2082857000,"NETCASH_INVEST":-1345355000,"NETCASH_FINANCE":-352976000,"END_CASH":2611161000,"DIVI_RATIO":0.356658729828,"DIVIDEND_RATE":4.012841091493,"CURRENT_RATIO":2.466106432808,"COMMON_ACS":50000000000,"CURRENTDEBT_DEBT":52.417179784426,"ISSUED_COMMON_SHARES":2395573912,"HK_COMMON_SHARES":2395573912,"PER_SHARES":500,"TOTAL_MARKET_CAP":14924425471.76,"HKSK_MARKET_CAP":14924425471.76,"PE_TTM":8.110098051867,"PB_TTM":0.946951212174,"REPORT_DATE_SQ":"2022-12-31 00:00:00","REPORT_TYPE_SQ":"2022年年报","OPERATE_INCOME_SQ":6865735000,"DPS_HKD":0.25,"OPERATE_INCOME_QOQ_SQ":7.747124555447,"NET_PROFIT_RATIO_SQ":27.8159579662,"HOLDER_PROFIT_SQ":1915727000,"HOLDER_PROFIT_QOQ_SQ":12.187912857273,"ROE_AVG_SQ":15.203458307708,"PE_TTM_SQ":8.209528767871,"PB_TTM_SQ":1.162506251076,"ROA_SQ":9.295269692963,"START_DATE":"2023-01-01 00:00:00","FISCAL_YEAR":"12-31","CURRENCY":"HKD","IS_CNY_CODE":0,"DPS_HKD_LY":0.1,"ORG_TYPE":"一般企业","PREMIUM_INCOME":null,"PREMIUM_INCOME_YOY":null,"NET_INTEREST_INCOME":null,"NET_INTEREST_INCOME_YOY":null,"FEE_COMMISSION_INCOME":null,"FEE_COMMISSION_INCOME_YOY":null,"ACCOUNTS_RECE_TDAYS":6.49450982722,"INVENTORY_TDAYS":1.576553178721,"CURRENT_ASSETS_TDAYS":0.824744080388,"TOTAL_ASSETS_TDAYS":0.342701097117,"PREMIUM_EXPENSE":null,"LOAN_DEPOSIT":null,"LOAN_EQUITY":null,"LOAN_ASSETS":null,"DEPOSIT_EQUITY":null,"DEPOSIT_ASSETS":null,"EQUITY_MULTIPLIER":1.430640684042,"EQUITY_RATIO":0.506736785145},{"SECUCODE":"01530.HK","SECURITY_CODE":"01530","SECURITY_NAME_ABBR":"三生制药","ORG_CODE":"10002785","STD_REPORT_DATE":"2023-06-30 00:00:00","REPORT_DATE":"2023-06-30 00:00:00","DATE_TYPE_CODE":"002","REPORT_TYPE":"2023年中报","PER_NETCASH_OPERATE":0.485659554191,"PER_OI":1.551437669463,"BPS":5.644057539728,"BASIC_EPS":0.4,"DILUTED_EPS":0.39,"OPERATE_INCOME":3783833000,"OPERATE_INCOME_YOY":22.277651028,"GROSS_PROFIT":3201554000,"GROSS_PROFIT_YOY":24.808404884657,"HOLDER_PROFIT":980577000,"HOLDER_PROFIT_YOY":1.4152548421,"GROSS_PROFIT_RATIO":84.611398018887,"EPS_TTM":0.790747000399,"OPERATE_INCOME_QOQ":10.049999759455,"NET_PROFIT_RATIO":26.0705744677,"ROE_AVG":7.415534767808,"GROSS_PROFIT_QOQ":11.219847867665,"ROA":4.342812166156,"HOLDER_PROFIT_QOQ":0.714612104643,"ROE_YEARLY":14.831069535617,"ROIC_YEARLY":10.878568157808,"TOTAL_ASSETS":23169915000,"TOTAL_LIABILITIES":7205492000,"TAX_EBT":17.386028266397,"OCF_SALES":31.303839255062,"TOTAL_PARENT_EQUITY":13520757000,"DEBT_ASSET_RATIO":31.098482666,"OPERATE_PROFIT":1293507000,"PRETAX_PROFIT":1194068000,"NETCASH_OPERATE":1184485000,"NETCASH_INVEST":-1399796000,"NETCASH_FINANCE":92337000,"END_CASH":2071521000,"DIVI_RATIO":0.286507568016,"DIVIDEND_RATE":4.012841091493,"CURRENT_RATIO":2.879873773717,"COMMON_ACS":50000000000,"CURRENTDEBT_DEBT":49.401747999998,"ISSUED_COMMON_SHARES":2395573912,"HK_COMMON_SHARES":2395573912,"PER_SHARES":500,"TOTAL_MARKET_CAP":14924425471.76,"HKSK_MARKET_CAP":14924425471.76,"PE_TTM":8.110098051867,"PB_TTM":0.946951212174,"REPORT_DATE_SQ":"2022-06-30 00:00:00","REPORT_TYPE_SQ":"2022年中报","OPERATE_INCOME_SQ":3094460000,"DPS_HKD":0.25,"OPERATE_INCOME_QOQ_SQ":-0.247194888005,"NET_PROFIT_RATIO_SQ":30.4285914383,"HOLDER_PROFIT_SQ":966893000,"HOLDER_PROFIT_QOQ_SQ":3.367636701232,"ROE_AVG_SQ":7.878583854688,"PE_TTM_SQ":8.209528767871,"PB_TTM_SQ":1.162506251076,"ROA_SQ":4.804547174741,"START_DATE":"2023-01-01 00:00:00","FISCAL_YEAR":"12-31","CURRENCY":"HKD","IS_CNY_CODE":0,"DPS_HKD_LY":0.1,"ORG_TYPE":"一般企业","PREMIUM_INCOME":null,"PREMIUM_INCOME_YOY":null,"NET_INTEREST_INCOME":null,"NET_INTEREST_INCOME_YOY":null,"FEE_COMMISSION_INCOME":null,"FEE_COMMISSION_INCOME_YOY":null,"ACCOUNTS_RECE_TDAYS":2.856133655443,"INVENTORY_TDAYS":0.801933358491,"CURRENT_ASSETS_TDAYS":0.378151946639,"TOTAL_ASSETS_TDAYS":0.167579659599,"PREMIUM_EXPENSE":null,"LOAN_DEPOSIT":null,"LOAN_EQUITY":null,"LOAN_ASSETS":null,"DEPOSIT_EQUITY":null,"DEPOSIT_ASSETS":null,"EQUITY_MULTIPLIER":1.451346847926,"EQUITY_RATIO":0.532920752884},{"SECUCODE":"01530.HK","SECURITY_CODE":"01530","SECURITY_NAME_ABBR":"三生制药","ORG_CODE":"10002785","STD_REPORT_DATE":"2022-12-31 00:00:00","REPORT_DATE":"2022-12-31 00:00:00","DATE_TYPE_CODE":"001","REPORT_TYPE":"2022年年报","PER_NETCASH_OPERATE":0.893970417318,"PER_OI":2.815129072139,"BPS":5.41109332301,"BASIC_EPS":0.78,"DILUTED_EPS":0.74,"OPERATE_INCOME":6865735000,"OPERATE_INCOME_YOY":7.4807791716,"GROSS_PROFIT":5671574000,"GROSS_PROFIT_YOY":7.503255951838,"HOLDER_PROFIT":1915727000,"HOLDER_PROFIT_YOY":15.965994185,"GROSS_PROFIT_RATIO":82.687650713988,"EPS_TTM":0.78515241752,"OPERATE_INCOME_QOQ":7.747124555447,"NET_PROFIT_RATIO":27.8159579662,"ROE_AVG":15.203458307708,"GROSS_PROFIT_QOQ":7.963077981993,"ROA":9.295269692963,"HOLDER_PROFIT_QOQ":12.187912857273,"ROE_YEARLY":15.203458307708,"ROIC_YEARLY":12.229906804749,"TOTAL_ASSETS":22008962000,"TOTAL_LIABILITIES":6645381000,"TAX_EBT":16.263276475305,"OCF_SALES":31.785105270363,"TOTAL_PARENT_EQUITY":12925805000,"DEBT_ASSET_RATIO":29.9619932125,"OPERATE_PROFIT":2416591000,"PRETAX_PROFIT":2279596000,"NETCASH_OPERATE":2134263000,"NETCASH_INVEST":-3722991000,"NETCASH_FINANCE":763217000,"END_CASH":2151746000,"DIVI_RATIO":0.288549070148,"DIVIDEND_RATE":4.012841091493,"CURRENT_RATIO":5.441081624656,"COMMON_ACS":50000000000,"CURRENTDEBT_DEBT":27.747257832169,"ISSUED_COMMON_SHARES":2395573912,"HK_COMMON_SHARES":2395573912,"PER_SHARES":500,"TOTAL_MARKET_CAP":14924425471.76,"HKSK_MARKET_CAP":14924425471.76,"PE_TTM":8.110098051867,"PB_TTM":0.946951212174,"REPORT_DATE_SQ":"2021-12-31 00:00:00","REPORT_TYPE_SQ":"2021年年报","OPERATE_INCOME_SQ":6382009000,"DPS_HKD":0.25,"OPERATE_INCOME_QOQ_SQ":6.374014641657,"NET_PROFIT_RATIO_SQ":25.5025180942,"HOLDER_PROFIT_SQ":1651247000,"HOLDER_PROFIT_QOQ_SQ":59.970916968041,"ROE_AVG_SQ":14.410821702401,"PE_TTM_SQ":8.209528767871,"PB_TTM_SQ":1.162506251076,"ROA_SQ":8.952087473371,"START_DATE":"2022-01-01 00:00:00","FISCAL_YEAR":"12-31","CURRENCY":"HKD","IS_CNY_CODE":0,"DPS_HKD_LY":0.2,"ORG_TYPE":"一般企业","PREMIUM_INCOME":null,"PREMIUM_INCOME_YOY":null,"NET_INTEREST_INCOME":null,"NET_INTEREST_INCOME_YOY":null,"FEE_COMMISSION_INCOME":null,"FEE_COMMISSION_INCOME_YOY":null,"ACCOUNTS_RECE_TDAYS":5.103569440139,"INVENTORY_TDAYS":1.693220226608,"CURRENT_ASSETS_TDAYS":0.781629482356,"TOTAL_ASSETS_TDAYS":0.332971847791,"PREMIUM_EXPENSE":null,"LOAN_DEPOSIT":null,"LOAN_EQUITY":null,"LOAN_ASSETS":null,"DEPOSIT_EQUITY":null,"DEPOSIT_ASSETS":null,"EQUITY_MULTIPLIER":1.42779620076,"EQUITY_RATIO":0.514117379923},{"SECUCODE":"01530.HK","SECURITY_CODE":"01530","SECURITY_NAME_ABBR":"三生制药","ORG_CODE":"10002785","STD_REPORT_DATE":"2022-06-30 00:00:00","REPORT_DATE":"2022-06-30 00:00:00","DATE_TYPE_CODE":"002","REPORT_TYPE":"2022年中报","PER_NETCASH_OPERATE":0.440124656823,"PER_OI":1.268821707507,"BPS":5.010573432894,"BASIC_EPS":0.39,"DILUTED_EPS":0.37,"OPERATE_INCOME":3094460000,"OPERATE_INCOME_YOY":-0.5077346173,"GROSS_PROFIT":2565175000,"GROSS_PROFIT_YOY":-0.849160309592,"HOLDER_PROFIT":966893000,"HOLDER_PROFIT_YOY":6.186172556,"GROSS_PROFIT_RATIO":82.972569669197,"EPS_TTM":0.699861906623,"OPERATE_INCOME_QOQ":-0.247194888005,"NET_PROFIT_RATIO":30.4285914383,"ROE_AVG":7.878583854688,"GROSS_PROFIT_QOQ":-0.420113034744,"ROA":4.804547174741,"HOLDER_PROFIT_QOQ":3.367636701232,"ROE_YEARLY":15.757167709375,"ROIC_YEARLY":13.126151720575,"TOTAL_ASSETS":20521284000,"TOTAL_LIABILITIES":6099300000,"TAX_EBT":14.679598856228,"OCF_SALES":34.722463486124,"TOTAL_PARENT_EQUITY":12003199000,"DEBT_ASSET_RATIO":29.7218244239,"OPERATE_PROFIT":1166272000,"PRETAX_PROFIT":1117006000,"NETCASH_OPERATE":1027581000,"NETCASH_INVEST":-1811685000,"NETCASH_FINANCE":822165000,"END_CASH":2929776000,"DIVI_RATIO":0.323713861058,"DIVIDEND_RATE":4.012841091493,"CURRENT_RATIO":4.727812432758,"COMMON_ACS":50000000000,"CURRENTDEBT_DEBT":30.706917187218,"ISSUED_COMMON_SHARES":2395573912,"HK_COMMON_SHARES":2395573912,"PER_SHARES":500,"TOTAL_MARKET_CAP":14924425471.76,"HKSK_MARKET_CAP":14924425471.76,"PE_TTM":8.110098051867,"PB_TTM":0.946951212174,"REPORT_DATE_SQ":"2021-06-30 00:00:00","REPORT_TYPE_SQ":"2021年中报","OPERATE_INCOME_SQ":3107135000,"DPS_HKD":0.25,"OPERATE_INCOME_QOQ_SQ":7.372670660723,"NET_PROFIT_RATIO_SQ":28.6767391826,"HOLDER_PROFIT_SQ":898908000,"HOLDER_PROFIT_QOQ_SQ":23.501808466471,"ROE_AVG_SQ":8.018150526436,"PE_TTM_SQ":8.209528767871,"PB_TTM_SQ":1.162506251076,"ROA_SQ":4.963676964636,"START_DATE":"2022-01-01 00:00:00","FISCAL_YEAR":"12-31","CURRENCY":"HKD","IS_CNY_CODE":0,"DPS_HKD_LY":0.2,"ORG_TYPE":"一般企业","PREMIUM_INCOME":null,"PREMIUM_INCOME_YOY":null,"NET_INTEREST_INCOME":null,"NET_INTEREST_INCOME_YOY":null,"FEE_COMMISSION_INCOME":null,"FEE_COMMISSION_INCOME_YOY":null,"ACCOUNTS_RECE_TDAYS":2.431287447968,"INVENTORY_TDAYS":0.722401587041,"CURRENT_ASSETS_TDAYS":0.371435895609,"TOTAL_ASSETS_TDAYS":0.155603260182,"PREMIUM_EXPENSE":null,"LOAN_DEPOSIT":null,"LOAN_EQUITY":null,"LOAN_ASSETS":null,"DEPOSIT_EQUITY":null,"DEPOSIT_ASSETS":null,"EQUITY_MULTIPLIER":1.422916846948,"EQUITY_RATIO":0.508139538468},{"SECUCODE":"01530.HK","SECURITY_CODE":"01530","SECURITY_NAME_ABBR":"三生制药","ORG_CODE":"10002785","STD_REPORT_DATE":"2021-12-31 00:00:00","REPORT_DATE":"2021-12-31 00:00:00","DATE_TYPE_CODE":"001","REPORT_TYPE":"2021年年报","PER_NETCASH_OPERATE":0.625742485794,"PER_OI":2.530178241144,"BPS":5.104183986455,"BASIC_EPS":0.65,"DILUTED_EPS":0.62,"OPERATE_INCOME":6382009000,"OPERATE_INCOME_YOY":14.2166204098,"GROSS_PROFIT":5275723000,"GROSS_PROFIT_YOY":16.597649580914,"HOLDER_PROFIT":1651247000,"HOLDER_PROFIT_YOY":97.5669754759,"GROSS_PROFIT_RATIO":82.665552492953,"EPS_TTM":0.654644835216,"OPERATE_INCOME_QOQ":6.374014641657,"NET_PROFIT_RATIO":25.5025180942,"ROE_AVG":14.410821702401,"GROSS_PROFIT_QOQ":7.782439651638,"ROA":8.952087473371,"HOLDER_PROFIT_QOQ":59.970916968041,"ROE_YEARLY":14.410821702401,"ROIC_YEARLY":12.654450677057,"TOTAL_ASSETS":19212575000,"TOTAL_LIABILITIES":4554778000,"TAX_EBT":12.906538325291,"OCF_SALES":24.731162240605,"TOTAL_PARENT_EQUITY":12227450000,"DEBT_ASSET_RATIO":23.7072750529,"OPERATE_PROFIT":1972392000,"PRETAX_PROFIT":1868766000,"NETCASH_OPERATE":1578345000,"NETCASH_INVEST":-1286516000,"NETCASH_FINANCE":-481119000,"END_CASH":2868077000,"DIVI_RATIO":0.346073149611,"DIVIDEND_RATE":4.012841091493,"CURRENT_RATIO":5.486449542919,"COMMON_ACS":50000000000,"CURRENTDEBT_DEBT":31.175811422642,"ISSUED_COMMON_SHARES":2395573912,"HK_COMMON_SHARES":2395573912,"PER_SHARES":500,"TOTAL_MARKET_CAP":14924425471.76,"HKSK_MARKET_CAP":14924425471.76,"PE_TTM":8.110098051867,"PB_TTM":0.946951212174,"REPORT_DATE_SQ":"2020-12-31 00:00:00","REPORT_TYPE_SQ":"2020年年报","OPERATE_INCOME_SQ":5587636000,"DPS_HKD":0.25,"OPERATE_INCOME_QOQ_SQ":4.0463017584,"NET_PROFIT_RATIO_SQ":13.8002189119,"HOLDER_PROFIT_SQ":835791000,"HOLDER_PROFIT_QOQ_SQ":-38.313682509106,"ROE_AVG_SQ":8.228575310415,"PE_TTM_SQ":8.209528767871,"PB_TTM_SQ":1.162506251076,"ROA_SQ":5.145308037082,"START_DATE":"2021-01-01 00:00:00","FISCAL_YEAR":"12-31","CURRENCY":"HKD","IS_CNY_CODE":0,"DPS_HKD_LY":null,"ORG_TYPE":"一般企业","PREMIUM_INCOME":null,"PREMIUM_INCOME_YOY":null,"NET_INTEREST_INCOME":null,"NET_INTEREST_INCOME_YOY":null,"FEE_COMMISSION_INCOME":null,"FEE_COMMISSION_INCOME_YOY":null,"ACCOUNTS_RECE_TDAYS":5.40453872217,"INVENTORY_TDAYS":1.688946292111,"CURRENT_ASSETS_TDAYS":0.882065079781,"TOTAL_ASSETS_TDAYS":0.345994892489,"PREMIUM_EXPENSE":null,"LOAN_DEPOSIT":null,"LOAN_EQUITY":null,"LOAN_ASSETS":null,"DEPOSIT_EQUITY":null,"DEPOSIT_ASSETS":null,"EQUITY_MULTIPLIER":1.310740966053,"EQUITY_RATIO":0.372504324287},{"SECUCODE":"01530.HK","SECURITY_CODE":"01530","SECURITY_NAME_ABBR":"三生制药","ORG_CODE":"10002785","STD_REPORT_DATE":"2021-06-30 00:00:00","REPORT_DATE":"2021-06-30 00:00:00","DATE_TYPE_CODE":"002","REPORT_TYPE":"2021年中报","PER_NETCASH_OPERATE":0.31832730653,"PER_OI":1.218841123968,"BPS":4.89758005012,"BASIC_EPS":0.35,"DILUTED_EPS":0.34,"OPERATE_INCOME":3107135000,"OPERATE_INCOME_YOY":15.2850072556,"GROSS_PROFIT":2587144000,"GROSS_PROFIT_YOY":16.691504140581,"HOLDER_PROFIT":898908000,"HOLDER_PROFIT_YOY":27.961712898,"GROSS_PROFIT_RATIO":83.2646151519,"EPS_TTM":0.404909515827,"OPERATE_INCOME_QOQ":7.372670660723,"NET_PROFIT_RATIO":28.6767391826,"ROE_AVG":8.018150526436,"GROSS_PROFIT_QOQ":8.178706993243,"ROA":4.963676964636,"HOLDER_PROFIT_QOQ":23.501808466471,"ROE_YEARLY":16.036301052871,"ROIC_YEARLY":14.151149349537,"TOTAL_ASSETS":18541245000,"TOTAL_LIABILITIES":4412592000,"TAX_EBT":13.14301366765,"OCF_SALES":26.117210871108,"TOTAL_PARENT_EQUITY":11732515000,"DEBT_ASSET_RATIO":23.7987902107,"OPERATE_PROFIT":1082071000,"PRETAX_PROFIT":1025853000,"NETCASH_OPERATE":811497000,"NETCASH_INVEST":-765999000,"NETCASH_FINANCE":-202947000,"END_CASH":2919683000,"DIVI_RATIO":0.559520068422,"DIVIDEND_RATE":4.012841091493,"CURRENT_RATIO":5.544484279,"COMMON_ACS":50000000000,"CURRENTDEBT_DEBT":30.253556186477,"ISSUED_COMMON_SHARES":2395573912,"HK_COMMON_SHARES":2395573912,"PER_SHARES":500,"TOTAL_MARKET_CAP":14924425471.76,"HKSK_MARKET_CAP":14924425471.76,"PE_TTM":8.110098051867,"PB_TTM":0.946951212174,"REPORT_DATE_SQ":"2020-06-30 00:00:00","REPORT_TYPE_SQ":"2020年中报","OPERATE_INCOME_SQ":2695177000,"DPS_HKD":0.25,"OPERATE_INCOME_QOQ_SQ":0.982401391778,"NET_PROFIT_RATIO_SQ":25.443486643,"HOLDER_PROFIT_SQ":702482000,"HOLDER_PROFIT_QOQ_SQ":39.147719511932,"ROE_AVG_SQ":6.920440381809,"PE_TTM_SQ":8.209528767871,"PB_TTM_SQ":1.162506251076,"ROA_SQ":4.334604366512,"START_DATE":"2021-01-01 00:00:00","FISCAL_YEAR":"12-31","CURRENCY":"HKD","IS_CNY_CODE":0,"DPS_HKD_LY":null,"ORG_TYPE":"一般企业","PREMIUM_INCOME":null,"PREMIUM_INCOME_YOY":null,"NET_INTEREST_INCOME":null,"NET_INTEREST_INCOME_YOY":null,"FEE_COMMISSION_INCOME":null,"FEE_COMMISSION_INCOME_YOY":null,"ACCOUNTS_RECE_TDAYS":2.815630009488,"INVENTORY_TDAYS":0.799367566329,"CURRENT_ASSETS_TDAYS":0.441304004486,"TOTAL_ASSETS_TDAYS":0.171572779701,"PREMIUM_EXPENSE":null,"LOAN_DEPOSIT":null,"LOAN_EQUITY":null,"LOAN_ASSETS":null,"DEPOSIT_EQUITY":null,"DEPOSIT_ASSETS":null,"EQUITY_MULTIPLIER":1.312315123034,"EQUITY_RATIO":0.376099412615},{"SECUCODE":"01530.HK","SECURITY_CODE":"01530","SECURITY_NAME_ABBR":"三生制药","ORG_CODE":"10002785","STD_REPORT_DATE":"2020-12-31 00:00:00","REPORT_DATE":"2020-12-31 00:00:00","DATE_TYPE_CODE":"001","REPORT_TYPE":"2020年年报","PER_NETCASH_OPERATE":0.528605312126,"PER_OI":2.196742335845,"BPS":4.462109871232,"BASIC_EPS":0.33,"DILUTED_EPS":0.33,"OPERATE_INCOME":5587636000,"OPERATE_INCOME_YOY":5.068454075,"GROSS_PROFIT":4524725000,"GROSS_PROFIT_YOY":3.004522913241,"HOLDER_PROFIT":835791000,"HOLDER_PROFIT_YOY":-14.1648959605,"GROSS_PROFIT_RATIO":80.977447349827,"EPS_TTM":0.328585733505,"OPERATE_INCOME_QOQ":4.0463017584,"NET_PROFIT_RATIO":13.8002189119,"ROE_AVG":8.228575310415,"GROSS_PROFIT_QOQ":2.246694123926,"ROA":5.145308037082,"HOLDER_PROFIT_QOQ":-38.313682509106,"ROE_YEARLY":8.228575310415,"ROIC_YEARLY":6.914357995195,"TOTAL_ASSETS":17678195000,"TOTAL_LIABILITIES":4584860000,"TAX_EBT":21.245719409802,"OCF_SALES":24.063145845578,"TOTAL_PARENT_EQUITY":10689314000,"DEBT_ASSET_RATIO":25.9351138507,"OPERATE_PROFIT":1640060000,"PRETAX_PROFIT":979129000,"NETCASH_OPERATE":1344561000,"NETCASH_INVEST":-1869481000,"NETCASH_FINANCE":1550686000,"END_CASH":3090835000,"DIVI_RATIO":0.689485199444,"DIVIDEND_RATE":4.012841091493,"CURRENT_RATIO":4.603910206,"COMMON_ACS":50000000000,"CURRENTDEBT_DEBT":31.645917214484,"ISSUED_COMMON_SHARES":2395573912,"HK_COMMON_SHARES":2395573912,"PER_SHARES":500,"TOTAL_MARKET_CAP":14924425471.76,"HKSK_MARKET_CAP":14924425471.76,"PE_TTM":8.110098051867,"PB_TTM":0.946951212174,"REPORT_DATE_SQ":"2019-12-31 00:00:00","REPORT_TYPE_SQ":"2019年年报","OPERATE_INCOME_SQ":5318091000,"DPS_HKD":0.25,"OPERATE_INCOME_QOQ_SQ":5.249605320734,"NET_PROFIT_RATIO_SQ":18.4319523679,"HOLDER_PROFIT_SQ":973717000,"HOLDER_PROFIT_QOQ_SQ":-10.195579674323,"ROE_AVG_SQ":10.677029392405,"PE_TTM_SQ":8.209528767871,"PB_TTM_SQ":1.162506251076,"ROA_SQ":6.797572868349,"START_DATE":"2020-01-01 00:00:00","FISCAL_YEAR":"12-31","CURRENCY":"HKD","IS_CNY_CODE":0,"DPS_HKD_LY":null,"ORG_TYPE":"一般企业","PREMIUM_INCOME":null,"PREMIUM_INCOME_YOY":null,"NET_INTEREST_INCOME":null,"NET_INTEREST_INCOME_YOY":null,"FEE_COMMISSION_INCOME":null,"FEE_COMMISSION_INCOME_YOY":null,"ACCOUNTS_RECE_TDAYS":5.584201715945,"INVENTORY_TDAYS":1.851791972167,"CURRENT_ASSETS_TDAYS":0.991059046969,"TOTAL_ASSETS_TDAYS":0.343986815114,"PREMIUM_EXPENSE":null,"LOAN_DEPOSIT":null,"LOAN_EQUITY":null,"LOAN_ASSETS":null,"DEPOSIT_EQUITY":null,"DEPOSIT_ASSETS":null,"EQUITY_MULTIPLIER":1.350167470702,"EQUITY_RATIO":0.428919947529},{"SECUCODE":"01530.HK","SECURITY_CODE":"01530","SECURITY_NAME_ABBR":"三生制药","ORG_CODE":"10002785","STD_REPORT_DATE":"2020-06-30 00:00:00","REPORT_DATE":"2020-06-30 00:00:00","DATE_TYPE_CODE":"002","REPORT_TYPE":"2020年中报","PER_NETCASH_OPERATE":0.278995355247,"PER_OI":1.061709377747,"BPS":4.456808845061,"BASIC_EPS":0.28,"DILUTED_EPS":0.27,"OPERATE_INCOME":2695177000,"OPERATE_INCOME_YOY":1.9767818468,"GROSS_PROFIT":2217080000,"GROSS_PROFIT_YOY":1.490394695041,"HOLDER_PROFIT":702482000,"HOLDER_PROFIT_YOY":118.6414934608,"GROSS_PROFIT_RATIO":82.261016623398,"EPS_TTM":0.533736873109,"OPERATE_INCOME_QOQ":0.982401391778,"NET_PROFIT_RATIO":25.443486643,"ROE_AVG":6.920440381809,"GROSS_PROFIT_QOQ":0.7411768134,"ROA":4.334604366512,"HOLDER_PROFIT_QOQ":39.147719511932,"ROE_YEARLY":13.840880763619,"ROIC_YEARLY":11.246476080574,"TOTAL_ASSETS":17603433000,"TOTAL_LIABILITIES":6109275000,"TAX_EBT":16.226837825688,"OCF_SALES":26.277940187231,"TOTAL_PARENT_EQUITY":10676615000,"DEBT_ASSET_RATIO":34.7050203219,"OPERATE_PROFIT":938434000,"PRETAX_PROFIT":818576000,"NETCASH_OPERATE":708237000,"NETCASH_INVEST":-657479000,"NETCASH_FINANCE":1640678000,"END_CASH":3793107000,"DIVI_RATIO":0.424469455671,"DIVIDEND_RATE":4.012841091493,"CURRENT_RATIO":4.161296514973,"COMMON_ACS":50000000000,"CURRENTDEBT_DEBT":27.030212259229,"ISSUED_COMMON_SHARES":2395573912,"HK_COMMON_SHARES":2395573912,"PER_SHARES":500,"TOTAL_MARKET_CAP":14924425471.76,"HKSK_MARKET_CAP":14924425471.76,"PE_TTM":8.110098051867,"PB_TTM":0.946951212174,"REPORT_DATE_SQ":"2019-06-30 00:00:00","REPORT_TYPE_SQ":"2019年中报","OPERATE_INCOME_SQ":2642932000,"DPS_HKD":0.25,"OPERATE_INCOME_QOQ_SQ":10.230833385509,"NET_PROFIT_RATIO_SQ":11.7748394586,"HOLDER_PROFIT_SQ":321294000,"HOLDER_PROFIT_QOQ_SQ":-15.103976222373,"ROE_AVG_SQ":3.664798683248,"PE_TTM_SQ":8.209528767871,"PB_TTM_SQ":1.162506251076,"ROA_SQ":2.235974530431,"START_DATE":"2020-01-01 00:00:00","FISCAL_YEAR":"12-31","CURRENCY":"HKD","IS_CNY_CODE":0,"DPS_HKD_LY":null,"ORG_TYPE":"一般企业","PREMIUM_INCOME":null,"PREMIUM_INCOME_YOY":null,"NET_INTEREST_INCOME":null,"NET_INTEREST_INCOME_YOY":null,"FEE_COMMISSION_INCOME":null,"FEE_COMMISSION_INCOME_YOY":null,"ACCOUNTS_RECE_TDAYS":2.449427194309,"INVENTORY_TDAYS":0.870567584128,"CURRENT_ASSETS_TDAYS":0.470036897653,"TOTAL_ASSETS_TDAYS":0.166303563546,"PREMIUM_EXPENSE":null,"LOAN_DEPOSIT":null,"LOAN_EQUITY":null,"LOAN_ASSETS":null,"DEPOSIT_EQUITY":null,"DEPOSIT_ASSETS":null,"EQUITY_MULTIPLIER":1.531511312095,"EQUITY_RATIO":0.57221085522}],"count":29},"success":true,"message":"ok","code":0}