{"version":"a7c9f6e8403d33562e41f4592e32b40c","result":{"pages":3,"data":[{"SECUCODE":"01548.HK","SECURITY_CODE":"01548","SECURITY_NAME_ABBR":"金斯瑞生物科技","ORG_CODE":"10483799","STD_REPORT_DATE":"2024-06-30 00:00:00","REPORT_DATE":"2024-06-30 00:00:00","DATE_TYPE_CODE":"002","REPORT_TYPE":"2024年中报","PER_NETCASH_OPERATE":0.267478601501,"PER_OI":1.880342245361,"BPS":4.032006381071,"BASIC_EPS":-0.58938636,"DILUTED_EPS":-0.58938636,"OPERATE_INCOME":4000778842.8,"OPERATE_INCOME_YOY":43.4590389741,"GROSS_PROFIT":2187827824.8,"GROSS_PROFIT_YOY":72.96970770875,"HOLDER_PROFIT":-1248009582,"HOLDER_PROFIT_YOY":-87.1266603263,"GROSS_PROFIT_RATIO":54.685047856052,"EPS_TTM":-0.586574634058,"OPERATE_INCOME_QOQ":19.731210297212,"NET_PROFIT_RATIO":-38.4114961407,"ROE_AVG":-13.43938615432,"GROSS_PROFIT_QOQ":31.818282841114,"ROA":-5.212400521553,"HOLDER_PROFIT_QOQ":-84.558184100914,"ROE_YEARLY":-26.87877230864,"ROIC_YEARLY":-36.643503999104,"TOTAL_ASSETS":23745549735.6,"TOTAL_LIABILITIES":10744791288,"TAX_EBT":-4.885012743934,"OCF_SALES":14.224995591151,"TOTAL_PARENT_EQUITY":8658477602.4,"DEBT_ASSET_RATIO":45.2497053454,"OPERATE_PROFIT":-1363798701.6,"PRETAX_PROFIT":-1465184558.4,"NETCASH_OPERATE":569110614,"NETCASH_INVEST":-8075049247.2,"NETCASH_FINANCE":39660642,"END_CASH":2845709859.6,"DIVI_RATIO":null,"DIVIDEND_RATE":null,"CURRENT_RATIO":4.154475541138,"COMMON_ACS":5000000000,"CURRENTDEBT_DEBT":35.352599392436,"ISSUED_COMMON_SHARES":2147436483,"HK_COMMON_SHARES":2147436483,"PER_SHARES":2000,"TOTAL_MARKET_CAP":26714109848.52,"HKSK_MARKET_CAP":26714109848.52,"PE_TTM":-19.355132594647,"PB_TTM":2.815903084693,"REPORT_DATE_SQ":"2023-06-30 00:00:00","REPORT_TYPE_SQ":"2023年中报","OPERATE_INCOME_SQ":2827535023.8,"DPS_HKD":null,"OPERATE_INCOME_QOQ_SQ":17.205249679355,"NET_PROFIT_RATIO_SQ":-62.8034990072,"HOLDER_PROFIT_SQ":-676197589.8,"HOLDER_PROFIT_QOQ_SQ":14.762971173013,"ROE_AVG_SQ":-7.913351502785,"PE_TTM_SQ":-20.514198015851,"PB_TTM_SQ":2.779989118059,"ROA_SQ":-3.155814216997,"START_DATE":"2024-01-01 00:00:00","FISCAL_YEAR":"12-31","CURRENCY":"HKD","IS_CNY_CODE":0,"DPS_HKD_LY":null,"ORG_TYPE":"一般企业","PREMIUM_INCOME":null,"PREMIUM_INCOME_YOY":null,"NET_INTEREST_INCOME":null,"NET_INTEREST_INCOME_YOY":null,"FEE_COMMISSION_INCOME":null,"FEE_COMMISSION_INCOME_YOY":null,"ACCOUNTS_RECE_TDAYS":3.227095435327,"INVENTORY_TDAYS":4.882488987841,"CURRENT_ASSETS_TDAYS":0.245814608377,"TOTAL_ASSETS_TDAYS":0.167095365513,"PREMIUM_EXPENSE":null,"LOAN_DEPOSIT":null,"LOAN_EQUITY":null,"LOAN_ASSETS":null,"DEPOSIT_EQUITY":null,"DEPOSIT_ASSETS":null,"EQUITY_MULTIPLIER":1.826474188511,"EQUITY_RATIO":1.240956179759},{"SECUCODE":"01548.HK","SECURITY_CODE":"01548","SECURITY_NAME_ABBR":"金斯瑞生物科技","ORG_CODE":"10483799","STD_REPORT_DATE":"2023-12-31 00:00:00","REPORT_DATE":"2023-12-31 00:00:00","DATE_TYPE_CODE":"001","REPORT_TYPE":"2023年年报","PER_NETCASH_OPERATE":-0.957112053843,"PER_OI":2.800601320448,"BPS":4.588072947115,"BASIC_EPS":-0.32084631,"DILUTED_EPS":-0.32084631,"OPERATE_INCOME":5946132048.3,"OPERATE_INCOME_YOY":34.1747935905,"GROSS_PROFIT":2900741033.1,"GROSS_PROFIT_YOY":36.968480764125,"HOLDER_PROFIT":-676234947.9,"HOLDER_PROFIT_YOY":57.9120215472,"GROSS_PROFIT_RATIO":48.783663220687,"EPS_TTM":-0.318503604131,"OPERATE_INCOME_QOQ":16.419717167848,"NET_PROFIT_RATIO":-42.3000277537,"ROE_AVG":-7.951049708114,"GROSS_PROFIT_QOQ":28.817577467619,"ROA":-3.218135104914,"HOLDER_PROFIT_QOQ":49.785119666442,"ROE_YEARLY":-7.951049708114,"ROIC_YEARLY":-10.303080661801,"TOTAL_ASSETS":23991243875.4,"TOTAL_LIABILITIES":9511697799.6,"TAX_EBT":-1.180127585981,"OCF_SALES":-34.175233970476,"TOTAL_PARENT_EQUITY":9852595233.3,"DEBT_ASSET_RATIO":39.6465387497,"OPERATE_PROFIT":-2291033886.3,"PRETAX_PROFIT":-2485878963.3,"NETCASH_OPERATE":-2032104539.7,"NETCASH_INVEST":-2533680105.6,"NETCASH_FINANCE":7566165102,"END_CASH":10244438528.1,"DIVI_RATIO":null,"DIVIDEND_RATE":null,"CURRENT_RATIO":4.755575361097,"COMMON_ACS":5000000000,"CURRENTDEBT_DEBT":36.845134733437,"ISSUED_COMMON_SHARES":2147436483,"HK_COMMON_SHARES":2147436483,"PER_SHARES":2000,"TOTAL_MARKET_CAP":25726289066.34,"HKSK_MARKET_CAP":25726289066.34,"PE_TTM":-18.639428334716,"PB_TTM":2.711778051015,"REPORT_DATE_SQ":"2022-12-31 00:00:00","REPORT_TYPE_SQ":"2022年年报","OPERATE_INCOME_SQ":4357736290.8,"DPS_HKD":null,"OPERATE_INCOME_QOQ_SQ":14.072238430181,"NET_PROFIT_RATIO_SQ":-68.398972028,"HOLDER_PROFIT_SQ":-1579926474.6,"HOLDER_PROFIT_QOQ_SQ":37.04907287367,"ROE_AVG_SQ":-22.061498648454,"PE_TTM_SQ":-20.632265342561,"PB_TTM_SQ":2.795989055429,"ROA_SQ":-9.493355831044,"START_DATE":"2023-01-01 00:00:00","FISCAL_YEAR":"12-31","CURRENCY":"HKD","IS_CNY_CODE":0,"DPS_HKD_LY":null,"ORG_TYPE":"一般企业","PREMIUM_INCOME":null,"PREMIUM_INCOME_YOY":null,"NET_INTEREST_INCOME":null,"NET_INTEREST_INCOME_YOY":null,"FEE_COMMISSION_INCOME":null,"FEE_COMMISSION_INCOME_YOY":null,"ACCOUNTS_RECE_TDAYS":5.222055658535,"INVENTORY_TDAYS":7.591317167045,"CURRENT_ASSETS_TDAYS":0.407730240033,"TOTAL_ASSETS_TDAYS":0.282970531803,"PREMIUM_EXPENSE":null,"LOAN_DEPOSIT":null,"LOAN_EQUITY":null,"LOAN_ASSETS":null,"DEPOSIT_EQUITY":null,"DEPOSIT_ASSETS":null,"EQUITY_MULTIPLIER":1.656905800071,"EQUITY_RATIO":0.96540023967},{"SECUCODE":"01548.HK","SECURITY_CODE":"01548","SECURITY_NAME_ABBR":"金斯瑞生物科技","ORG_CODE":"10483799","STD_REPORT_DATE":"2023-06-30 00:00:00","REPORT_DATE":"2023-06-30 00:00:00","DATE_TYPE_CODE":"002","REPORT_TYPE":"2023年中报","PER_NETCASH_OPERATE":-0.638347164078,"PER_OI":1.334588536087,"BPS":4.558028134143,"BASIC_EPS":-0.32082552,"DILUTED_EPS":-0.32082552,"OPERATE_INCOME":2827535023.8,"OPERATE_INCOME_YOY":26.3969327076,"GROSS_PROFIT":1264861838.4,"GROSS_PROFIT_YOY":11.849801049359,"HOLDER_PROFIT":-676197589.8,"HOLDER_PROFIT_YOY":30.9400990355,"GROSS_PROFIT_RATIO":44.733728415506,"EPS_TTM":-0.635630277648,"OPERATE_INCOME_QOQ":17.205249679355,"NET_PROFIT_RATIO":-62.8034990072,"ROE_AVG":-7.913351502785,"GROSS_PROFIT_QOQ":6.327477551388,"ROA":-3.155814216997,"HOLDER_PROFIT_QOQ":14.762971173013,"ROE_YEARLY":-15.82670300557,"ROIC_YEARLY":-22.049928723743,"TOTAL_ASSETS":24454426681.8,"TOTAL_LIABILITIES":9381089946.6,"TAX_EBT":-0.451251364177,"OCF_SALES":-47.831009095068,"TOTAL_PARENT_EQUITY":9788075905.8,"DEBT_ASSET_RATIO":38.3615206714,"OPERATE_PROFIT":-1677758502,"PRETAX_PROFIT":-1767813647.4,"NETCASH_OPERATE":-1352438534.4,"NETCASH_INVEST":-3284436809.4,"NETCASH_FINANCE":7370453290.2,"END_CASH":10096856017.2,"DIVI_RATIO":null,"DIVIDEND_RATE":null,"CURRENT_RATIO":5.636742299682,"COMMON_ACS":5000000000,"CURRENTDEBT_DEBT":33.729627806701,"ISSUED_COMMON_SHARES":2147436483,"HK_COMMON_SHARES":2147436483,"PER_SHARES":2000,"TOTAL_MARKET_CAP":25726289066.34,"HKSK_MARKET_CAP":25726289066.34,"PE_TTM":-18.639428334716,"PB_TTM":2.711778051015,"REPORT_DATE_SQ":"2022-06-30 00:00:00","REPORT_TYPE_SQ":"2022年中报","OPERATE_INCOME_SQ":2077775614.6,"DPS_HKD":null,"OPERATE_INCOME_QOQ_SQ":17.24100095624,"NET_PROFIT_RATIO_SQ":-74.1536118578,"HOLDER_PROFIT_SQ":-909441679.8,"HOLDER_PROFIT_QOQ_SQ":-13.160833386035,"ROE_AVG_SQ":-14.551007880382,"PE_TTM_SQ":-20.632265342561,"PB_TTM_SQ":2.795989055429,"ROA_SQ":-5.994977455207,"START_DATE":"2023-01-01 00:00:00","FISCAL_YEAR":"12-31","CURRENCY":"HKD","IS_CNY_CODE":0,"DPS_HKD_LY":null,"ORG_TYPE":"一般企业","PREMIUM_INCOME":null,"PREMIUM_INCOME_YOY":null,"NET_INTEREST_INCOME":null,"NET_INTEREST_INCOME_YOY":null,"FEE_COMMISSION_INCOME":null,"FEE_COMMISSION_INCOME_YOY":null,"ACCOUNTS_RECE_TDAYS":3.309141955916,"INVENTORY_TDAYS":3.880897263347,"CURRENT_ASSETS_TDAYS":0.184872706932,"TOTAL_ASSETS_TDAYS":0.131961062295,"PREMIUM_EXPENSE":null,"LOAN_DEPOSIT":null,"LOAN_EQUITY":null,"LOAN_ASSETS":null,"DEPOSIT_EQUITY":null,"DEPOSIT_ASSETS":null,"EQUITY_MULTIPLIER":1.622363190806,"EQUITY_RATIO":0.95842022854},{"SECUCODE":"01548.HK","SECURITY_CODE":"01548","SECURITY_NAME_ABBR":"金斯瑞生物科技","ORG_CODE":"10483799","STD_REPORT_DATE":"2022-12-31 00:00:00","REPORT_DATE":"2022-12-31 00:00:00","DATE_TYPE_CODE":"001","REPORT_TYPE":"2022年年报","PER_NETCASH_OPERATE":-0.396077334613,"PER_OI":2.060193496762,"BPS":3.277402570142,"BASIC_EPS":-0.75356972,"DILUTED_EPS":-0.75356972,"OPERATE_INCOME":4357736290.8,"OPERATE_INCOME_YOY":27.6684567921,"GROSS_PROFIT":2117816461.8,"GROSS_PROFIT_YOY":17.574820096354,"HOLDER_PROFIT":-1579926474.6,"HOLDER_PROFIT_YOY":36.7595731395,"GROSS_PROFIT_RATIO":48.599004631627,"EPS_TTM":-0.74693694871,"OPERATE_INCOME_QOQ":14.072238430181,"NET_PROFIT_RATIO":-68.398972028,"ROE_AVG":-22.061498648454,"GROSS_PROFIT_QOQ":-4.492529403131,"ROA":-9.493355831044,"HOLDER_PROFIT_QOQ":37.04907287367,"ROE_YEARLY":-22.061498648454,"ROIC_YEARLY":-28.530177273679,"TOTAL_ASSETS":17734539041.8,"TOTAL_LIABILITIES":8244101489,"TAX_EBT":0.861497834094,"OCF_SALES":-19.225249241647,"TOTAL_PARENT_EQUITY":7038013848.6,"DEBT_ASSET_RATIO":46.4861334685,"OPERATE_PROFIT":-2914134896.6,"PRETAX_PROFIT":-3006548174,"NETCASH_OPERATE":-837785663.2,"NETCASH_INVEST":-3087379321.6,"NETCASH_FINANCE":2920375178.2,"END_CASH":7131743435.4,"DIVI_RATIO":null,"DIVIDEND_RATE":null,"CURRENT_RATIO":3.232639410379,"COMMON_ACS":5000000000,"CURRENTDEBT_DEBT":46.124109266166,"ISSUED_COMMON_SHARES":2147436483,"HK_COMMON_SHARES":2147436483,"PER_SHARES":2000,"TOTAL_MARKET_CAP":25726289066.34,"HKSK_MARKET_CAP":25726289066.34,"PE_TTM":-18.639428334716,"PB_TTM":2.711778051015,"REPORT_DATE_SQ":"2021-12-31 00:00:00","REPORT_TYPE_SQ":"2021年年报","OPERATE_INCOME_SQ":3124705067.2,"DPS_HKD":null,"OPERATE_INCOME_QOQ_SQ":14.117755199811,"NET_PROFIT_RATIO_SQ":-98.0221577812,"HOLDER_PROFIT_SQ":-2287040098.4,"HOLDER_PROFIT_QOQ_SQ":-97.098183233966,"ROE_AVG_SQ":-39.054009753819,"PE_TTM_SQ":-20.632265342561,"PB_TTM_SQ":2.795989055429,"ROA_SQ":-18.904802379017,"START_DATE":"2022-01-01 00:00:00","FISCAL_YEAR":"12-31","CURRENCY":"HKD","IS_CNY_CODE":0,"DPS_HKD_LY":null,"ORG_TYPE":"一般企业","PREMIUM_INCOME":null,"PREMIUM_INCOME_YOY":null,"NET_INTEREST_INCOME":null,"NET_INTEREST_INCOME_YOY":null,"FEE_COMMISSION_INCOME":null,"FEE_COMMISSION_INCOME_YOY":null,"ACCOUNTS_RECE_TDAYS":5.078016832093,"INVENTORY_TDAYS":6.167528022015,"CURRENT_ASSETS_TDAYS":0.367742686264,"TOTAL_ASSETS_TDAYS":0.261844724369,"PREMIUM_EXPENSE":null,"LOAN_DEPOSIT":null,"LOAN_EQUITY":null,"LOAN_ASSETS":null,"DEPOSIT_EQUITY":null,"DEPOSIT_ASSETS":null,"EQUITY_MULTIPLIER":1.868674541413,"EQUITY_RATIO":1.171367613981},{"SECUCODE":"01548.HK","SECURITY_CODE":"01548","SECURITY_NAME_ABBR":"金斯瑞生物科技","ORG_CODE":"10483799","STD_REPORT_DATE":"2022-06-30 00:00:00","REPORT_DATE":"2022-06-30 00:00:00","DATE_TYPE_CODE":"002","REPORT_TYPE":"2022年中报","PER_NETCASH_OPERATE":-0.197026718691,"PER_OI":0.983875103839,"BPS":2.366942489819,"BASIC_EPS":-0.43489872,"DILUTED_EPS":-0.43489872,"OPERATE_INCOME":2077775614.6,"OPERATE_INCOME_YOY":32.7175390298,"GROSS_PROFIT":1130857477.2,"GROSS_PROFIT_YOY":26.283285289082,"HOLDER_PROFIT":-909441679.8,"HOLDER_PROFIT_YOY":-43.9849871601,"GROSS_PROFIT_RATIO":57.609534031122,"EPS_TTM":-1.188436747693,"OPERATE_INCOME_QOQ":17.24100095624,"NET_PROFIT_RATIO":-74.1536118578,"ROE_AVG":-14.551007880382,"GROSS_PROFIT_QOQ":14.600708619187,"ROA":-5.994977455207,"HOLDER_PROFIT_QOQ":-13.160833386035,"ROE_YEARLY":-29.102015760764,"ROIC_YEARLY":-36.926895992705,"TOTAL_ASSETS":14391214751.6,"TOTAL_LIABILITIES":8429075447.6,"TAX_EBT":-1.659442239398,"OCF_SALES":-20.348434571694,"TOTAL_PARENT_EQUITY":5082858655.8,"DEBT_ASSET_RATIO":58.5709795392,"OPERATE_PROFIT":-1519950892.2,"PRETAX_PROFIT":-1542118646.4,"NETCASH_OPERATE":-416086665.8,"NETCASH_INVEST":-2260882740.8,"NETCASH_FINANCE":55221399.2,"END_CASH":5249965804.4,"DIVI_RATIO":null,"DIVIDEND_RATE":null,"CURRENT_RATIO":2.920669772303,"COMMON_ACS":5000000000,"CURRENTDEBT_DEBT":40.83263929474,"ISSUED_COMMON_SHARES":2147436483,"HK_COMMON_SHARES":2147436483,"PER_SHARES":2000,"TOTAL_MARKET_CAP":25726289066.34,"HKSK_MARKET_CAP":25726289066.34,"PE_TTM":-18.639428334716,"PB_TTM":2.711778051015,"REPORT_DATE_SQ":"2021-06-30 00:00:00","REPORT_TYPE_SQ":"2021年中报","OPERATE_INCOME_SQ":1483032236.8,"DPS_HKD":null,"OPERATE_INCOME_QOQ_SQ":11.96150097686,"NET_PROFIT_RATIO_SQ":-68.0186262894,"HOLDER_PROFIT_SQ":-588657232.2,"HOLDER_PROFIT_QOQ_SQ":15.851805903508,"ROE_AVG_SQ":-9.528684506764,"PE_TTM_SQ":-20.632265342561,"PB_TTM_SQ":2.795989055429,"ROA_SQ":-5.463819330955,"START_DATE":"2022-01-01 00:00:00","FISCAL_YEAR":"12-31","CURRENCY":"HKD","IS_CNY_CODE":0,"DPS_HKD_LY":null,"ORG_TYPE":"一般企业","PREMIUM_INCOME":null,"PREMIUM_INCOME_YOY":null,"NET_INTEREST_INCOME":null,"NET_INTEREST_INCOME_YOY":null,"FEE_COMMISSION_INCOME":null,"FEE_COMMISSION_INCOME_YOY":null,"ACCOUNTS_RECE_TDAYS":2.530520998512,"INVENTORY_TDAYS":2.740493973858,"CURRENT_ASSETS_TDAYS":0.194323439332,"TOTAL_ASSETS_TDAYS":0.139215236515,"PREMIUM_EXPENSE":null,"LOAN_DEPOSIT":null,"LOAN_EQUITY":null,"LOAN_ASSETS":null,"DEPOSIT_EQUITY":null,"DEPOSIT_ASSETS":null,"EQUITY_MULTIPLIER":2.413766941331,"EQUITY_RATIO":1.658333630423},{"SECUCODE":"01548.HK","SECURITY_CODE":"01548","SECURITY_NAME_ABBR":"金斯瑞生物科技","ORG_CODE":"10483799","STD_REPORT_DATE":"2021-12-31 00:00:00","REPORT_DATE":"2021-12-31 00:00:00","DATE_TYPE_CODE":"001","REPORT_TYPE":"2021年年报","PER_NETCASH_OPERATE":-0.414996014343,"PER_OI":1.48686224611,"BPS":2.611964775258,"BASIC_EPS":-1.12658619,"DILUTED_EPS":-1.12658619,"OPERATE_INCOME":3124705067.2,"OPERATE_INCOME_YOY":30.7578944137,"GROSS_PROFIT":1801250012.6,"GROSS_PROFIT_YOY":7.880197015851,"HOLDER_PROFIT":-2287040098.4,"HOLDER_PROFIT_YOY":-69.735782771,"GROSS_PROFIT_RATIO":59.383010280553,"EPS_TTM":-1.055359226036,"OPERATE_INCOME_QOQ":14.117755199811,"NET_PROFIT_RATIO":-98.0221577812,"ROE_AVG":-39.054009753819,"GROSS_PROFIT_QOQ":7.534067615441,"ROA":-18.904802379017,"HOLDER_PROFIT_QOQ":-97.098183233966,"ROE_YEARLY":-39.054009753819,"ROIC_YEARLY":-49.108365496738,"TOTAL_ASSETS":14242472207.6,"TOTAL_LIABILITIES":5394957947.5,"TAX_EBT":-0.186329521052,"OCF_SALES":-26.76583271697,"TOTAL_PARENT_EQUITY":6668931194.4,"DEBT_ASSET_RATIO":51.0493691692,"OPERATE_PROFIT":-3283389864.5,"PRETAX_PROFIT":-3298551279.1,"NETCASH_OPERATE":-872132003,"NETCASH_INVEST":-1355142283.6,"NETCASH_FINANCE":5751780373.7,"END_CASH":7529516804.7,"DIVI_RATIO":null,"DIVIDEND_RATE":null,"CURRENT_RATIO":3.527300604909,"COMMON_ACS":5000000000,"CURRENTDEBT_DEBT":48.843915265755,"ISSUED_COMMON_SHARES":2147436483,"HK_COMMON_SHARES":2147436483,"PER_SHARES":2000,"TOTAL_MARKET_CAP":25726289066.34,"HKSK_MARKET_CAP":25726289066.34,"PE_TTM":-18.639428334716,"PB_TTM":2.711778051015,"REPORT_DATE_SQ":"2020-12-31 00:00:00","REPORT_TYPE_SQ":"2020年年报","OPERATE_INCOME_SQ":2550231065.4,"DPS_HKD":null,"OPERATE_INCOME_QOQ_SQ":13.490696372296,"NET_PROFIT_RATIO_SQ":-72.0035512708,"HOLDER_PROFIT_SQ":-1337245630.5,"HOLDER_PROFIT_QOQ_SQ":-3.765673709183,"ROE_AVG_SQ":-31.910247417496,"PE_TTM_SQ":-20.632265342561,"PB_TTM_SQ":2.795989055429,"ROA_SQ":-17.540526279978,"START_DATE":"2021-01-01 00:00:00","FISCAL_YEAR":"12-31","CURRENCY":"HKD","IS_CNY_CODE":0,"DPS_HKD_LY":null,"ORG_TYPE":"一般企业","PREMIUM_INCOME":null,"PREMIUM_INCOME_YOY":null,"NET_INTEREST_INCOME":null,"NET_INTEREST_INCOME_YOY":null,"FEE_COMMISSION_INCOME":null,"FEE_COMMISSION_INCOME_YOY":null,"ACCOUNTS_RECE_TDAYS":3.450250446157,"INVENTORY_TDAYS":5.455185735122,"CURRENT_ASSETS_TDAYS":0.388472507692,"TOTAL_ASSETS_TDAYS":0.277737803844,"PREMIUM_EXPENSE":null,"LOAN_DEPOSIT":null,"LOAN_EQUITY":null,"LOAN_ASSETS":null,"DEPOSIT_EQUITY":null,"DEPOSIT_ASSETS":null,"EQUITY_MULTIPLIER":2.042874592273,"EQUITY_RATIO":0.808968902248},{"SECUCODE":"01548.HK","SECURITY_CODE":"01548","SECURITY_NAME_ABBR":"金斯瑞生物科技","ORG_CODE":"10483799","STD_REPORT_DATE":"2021-06-30 00:00:00","REPORT_DATE":"2021-06-30 00:00:00","DATE_TYPE_CODE":"002","REPORT_TYPE":"2021年中报","PER_NETCASH_OPERATE":-0.111031791985,"PER_OI":0.710920578524,"BPS":3.041008672199,"BASIC_EPS":-0.29781061,"DILUTED_EPS":-0.29781061,"OPERATE_INCOME":1483032236.8,"OPERATE_INCOME_YOY":37.9665132156,"GROSS_PROFIT":895492601.9,"GROSS_PROFIT_YOY":16.933928886127,"HOLDER_PROFIT":-588657232.2,"HOLDER_PROFIT_YOY":19.4266614791,"GROSS_PROFIT_RATIO":60.38254460552,"EPS_TTM":-0.539419300758,"OPERATE_INCOME_QOQ":11.96150097686,"NET_PROFIT_RATIO":-68.0186262894,"ROE_AVG":-9.528684506764,"GROSS_PROFIT_QOQ":7.766885916396,"ROA":-5.463819330955,"HOLDER_PROFIT_QOQ":15.851805903508,"ROE_YEARLY":-19.057369013528,"ROIC_YEARLY":-27.265749948758,"TOTAL_ASSETS":12197075786.3,"TOTAL_LIABILITIES":4707539471,"TAX_EBT":-3.944110128874,"OCF_SALES":-15.618030387511,"TOTAL_PARENT_EQUITY":6530372967.8,"DEBT_ASSET_RATIO":38.5956400819,"OPERATE_PROFIT":-926662584.4,"PRETAX_PROFIT":-970462062.4,"NETCASH_OPERATE":-231620425.4,"NETCASH_INVEST":-1091227171.8,"NETCASH_FINANCE":3443142858.6,"END_CASH":6186288661.5,"DIVI_RATIO":null,"DIVIDEND_RATE":null,"CURRENT_RATIO":3.25513369809,"COMMON_ACS":5000000000,"CURRENTDEBT_DEBT":57.812435673999,"ISSUED_COMMON_SHARES":2147436483,"HK_COMMON_SHARES":2147436483,"PER_SHARES":2000,"TOTAL_MARKET_CAP":25726289066.34,"HKSK_MARKET_CAP":25726289066.34,"PE_TTM":-18.639428334716,"PB_TTM":2.711778051015,"REPORT_DATE_SQ":"2020-06-30 00:00:00","REPORT_TYPE_SQ":"2020年中报","OPERATE_INCOME_SQ":1177986323,"DPS_HKD":null,"OPERATE_INCOME_QOQ_SQ":17.835165132164,"NET_PROFIT_RATIO_SQ":-96.4632138178,"HOLDER_PROFIT_SQ":-800634814,"HOLDER_PROFIT_QOQ_SQ":-90.616722620489,"ROE_AVG_SQ":-17.055494602859,"PE_TTM_SQ":-20.632265342561,"PB_TTM_SQ":2.795989055429,"ROA_SQ":-9.710722778751,"START_DATE":"2021-01-01 00:00:00","FISCAL_YEAR":"12-31","CURRENCY":"HKD","IS_CNY_CODE":0,"DPS_HKD_LY":null,"ORG_TYPE":"一般企业","PREMIUM_INCOME":null,"PREMIUM_INCOME_YOY":null,"NET_INTEREST_INCOME":null,"NET_INTEREST_INCOME_YOY":null,"FEE_COMMISSION_INCOME":null,"FEE_COMMISSION_INCOME_YOY":null,"ACCOUNTS_RECE_TDAYS":1.958913402423,"INVENTORY_TDAYS":2.729930512824,"CURRENT_ASSETS_TDAYS":0.194177828585,"TOTAL_ASSETS_TDAYS":0.137652605975,"PREMIUM_EXPENSE":null,"LOAN_DEPOSIT":null,"LOAN_EQUITY":null,"LOAN_ASSETS":null,"DEPOSIT_EQUITY":null,"DEPOSIT_ASSETS":null,"EQUITY_MULTIPLIER":1.628548854403,"EQUITY_RATIO":0.720868393614},{"SECUCODE":"01548.HK","SECURITY_CODE":"01548","SECURITY_NAME_ABBR":"金斯瑞生物科技","ORG_CODE":"10483799","STD_REPORT_DATE":"2020-12-31 00:00:00","REPORT_DATE":"2020-12-31 00:00:00","DATE_TYPE_CODE":"001","REPORT_TYPE":"2020年年报","PER_NETCASH_OPERATE":-0.504722881861,"PER_OI":1.305612566325,"BPS":2.739794634708,"BASIC_EPS":-0.70338422,"DILUTED_EPS":-0.70338422,"OPERATE_INCOME":2550231065.4,"OPERATE_INCOME_YOY":42.9816282184,"GROSS_PROFIT":1669676235.7,"GROSS_PROFIT_YOY":32.75219307049,"HOLDER_PROFIT":-1337245630.5,"HOLDER_PROFIT_YOY":-111.4753590887,"GROSS_PROFIT_RATIO":65.471566806364,"EPS_TTM":-0.684614317162,"OPERATE_INCOME_QOQ":13.490696372296,"NET_PROFIT_RATIO":-72.0035512708,"ROE_AVG":-31.910247417496,"GROSS_PROFIT_QOQ":12.728909545709,"ROA":-17.540526279978,"HOLDER_PROFIT_QOQ":-3.765673709183,"ROE_YEARLY":-31.910247417496,"ROIC_YEARLY":-32.350099917604,"TOTAL_ASSETS":9444179409.4,"TOTAL_LIABILITIES":4122529693.5,"TAX_EBT":0.16920893934,"OCF_SALES":-38.657936885628,"TOTAL_PARENT_EQUITY":5883534954.5,"DEBT_ASSET_RATIO":43.6515393746,"OPERATE_PROFIT":-1698901262.8,"PRETAX_PROFIT":-1839369310,"NETCASH_OPERATE":-985866715.7,"NETCASH_INVEST":-653573133.4,"NETCASH_FINANCE":4072862154.7,"END_CASH":4104540544.2,"DIVI_RATIO":null,"DIVIDEND_RATE":null,"CURRENT_RATIO":3.028791348872,"COMMON_ACS":5000000000,"CURRENTDEBT_DEBT":51.899844099934,"ISSUED_COMMON_SHARES":2147436483,"HK_COMMON_SHARES":2147436483,"PER_SHARES":2000,"TOTAL_MARKET_CAP":25726289066.34,"HKSK_MARKET_CAP":25726289066.34,"PE_TTM":-18.639428334716,"PB_TTM":2.711778051015,"REPORT_DATE_SQ":"2019-12-31 00:00:00","REPORT_TYPE_SQ":"2019年年报","OPERATE_INCOME_SQ":1906972174.8,"DPS_HKD":null,"OPERATE_INCOME_QOQ_SQ":13.451558091128,"NET_PROFIT_RATIO_SQ":-42.9904080423,"HOLDER_PROFIT_SQ":-676077494.4,"HOLDER_PROFIT_QOQ_SQ":-366.038858729858,"ROE_AVG_SQ":-22.499268690189,"PE_TTM_SQ":-20.632265342561,"PB_TTM_SQ":2.795989055429,"ROA_SQ":-10.729926643626,"START_DATE":"2020-01-01 00:00:00","FISCAL_YEAR":"12-31","CURRENCY":"HKD","IS_CNY_CODE":0,"DPS_HKD_LY":0.06042,"ORG_TYPE":"一般企业","PREMIUM_INCOME":null,"PREMIUM_INCOME_YOY":null,"NET_INTEREST_INCOME":null,"NET_INTEREST_INCOME_YOY":null,"FEE_COMMISSION_INCOME":null,"FEE_COMMISSION_INCOME_YOY":null,"ACCOUNTS_RECE_TDAYS":3.638907897493,"INVENTORY_TDAYS":5.230736434109,"CURRENT_ASSETS_TDAYS":0.50522356226,"TOTAL_ASSETS_TDAYS":0.334511431576,"PREMIUM_EXPENSE":null,"LOAN_DEPOSIT":null,"LOAN_EQUITY":null,"LOAN_ASSETS":null,"DEPOSIT_EQUITY":null,"DEPOSIT_ASSETS":null,"EQUITY_MULTIPLIER":1.774671373275,"EQUITY_RATIO":0.70068924981},{"SECUCODE":"01548.HK","SECURITY_CODE":"01548","SECURITY_NAME_ABBR":"金斯瑞生物科技","ORG_CODE":"10483799","STD_REPORT_DATE":"2020-06-30 00:00:00","REPORT_DATE":"2020-06-30 00:00:00","DATE_TYPE_CODE":"002","REPORT_TYPE":"2020年中报","PER_NETCASH_OPERATE":-0.353882204985,"PER_OI":0.614199034288,"BPS":3.109998480686,"BASIC_EPS":-0.42547795,"DILUTED_EPS":-0.42547795,"OPERATE_INCOME":1177986323,"OPERATE_INCOME_YOY":36.5250496398,"GROSS_PROFIT":765810753.5,"GROSS_PROFIT_YOY":41.187487737217,"HOLDER_PROFIT":-800634814,"HOLDER_PROFIT_YOY":-313.5595699554,"GROSS_PROFIT_RATIO":65.010156616224,"EPS_TTM":-0.671933600042,"OPERATE_INCOME_QOQ":17.835165132164,"NET_PROFIT_RATIO":-96.4632138178,"ROE_AVG":-17.055494602859,"GROSS_PROFIT_QOQ":17.762332311625,"ROA":-9.710722778751,"HOLDER_PROFIT_QOQ":-90.616722620489,"ROE_YEARLY":-34.110989205717,"ROIC_YEARLY":-40.50565812024,"TOTAL_ASSETS":10193120736,"TOTAL_LIABILITIES":3924570381.5,"TAX_EBT":-1.55776446247,"OCF_SALES":-57.616861184899,"TOTAL_PARENT_EQUITY":6678524199.5,"DEBT_ASSET_RATIO":38.5021475086,"OPERATE_PROFIT":-1070802693,"PRETAX_PROFIT":-1118893736.5,"NETCASH_OPERATE":-489441232.5,"NETCASH_INVEST":-791997824,"NETCASH_FINANCE":4504402670,"END_CASH":5003033093.5,"DIVI_RATIO":null,"DIVIDEND_RATE":null,"CURRENT_RATIO":3.802282855974,"COMMON_ACS":5000000000,"CURRENTDEBT_DEBT":50.271936676185,"ISSUED_COMMON_SHARES":2147436483,"HK_COMMON_SHARES":2147436483,"PER_SHARES":2000,"TOTAL_MARKET_CAP":25726289066.34,"HKSK_MARKET_CAP":25726289066.34,"PE_TTM":-18.639428334716,"PB_TTM":2.711778051015,"REPORT_DATE_SQ":"2019-06-30 00:00:00","REPORT_TYPE_SQ":"2019年中报","OPERATE_INCOME_SQ":837874686.6,"DPS_HKD":null,"OPERATE_INCOME_QOQ_SQ":6.014018499568,"NET_PROFIT_RATIO_SQ":-27.3511216134,"HOLDER_PROFIT_SQ":-187995546.2,"HOLDER_PROFIT_QOQ_SQ":-199.628636703993,"ROE_AVG_SQ":-5.864685035359,"PE_TTM_SQ":-20.632265342561,"PB_TTM_SQ":2.795989055429,"ROA_SQ":-3.040255085251,"START_DATE":"2020-01-01 00:00:00","FISCAL_YEAR":"12-31","CURRENCY":"HKD","IS_CNY_CODE":0,"DPS_HKD_LY":0.06042,"ORG_TYPE":"一般企业","PREMIUM_INCOME":null,"PREMIUM_INCOME_YOY":null,"NET_INTEREST_INCOME":null,"NET_INTEREST_INCOME_YOY":null,"FEE_COMMISSION_INCOME":null,"FEE_COMMISSION_INCOME_YOY":null,"ACCOUNTS_RECE_TDAYS":2.44197889608,"INVENTORY_TDAYS":2.6443657174,"CURRENT_ASSETS_TDAYS":0.206228089799,"TOTAL_ASSETS_TDAYS":0.14287535865,"PREMIUM_EXPENSE":null,"LOAN_DEPOSIT":null,"LOAN_EQUITY":null,"LOAN_ASSETS":null,"DEPOSIT_EQUITY":null,"DEPOSIT_ASSETS":null,"EQUITY_MULTIPLIER":1.626073040745,"EQUITY_RATIO":0.587640362491}],"count":23},"success":true,"message":"ok","code":0}