{"version":"42d6a18bb9790c196d7d175abbbf2851","result":{"pages":3,"data":[{"SECUCODE":"01540.HK","SECURITY_CODE":"01540","SECURITY_NAME_ABBR":"澳狮环球","ORG_CODE":"10943686","STD_REPORT_DATE":"2024-06-30 00:00:00","REPORT_DATE":"2024-06-30 00:00:00","DATE_TYPE_CODE":"002","REPORT_TYPE":"2024年中报","PER_NETCASH_OPERATE":0.078589720518,"PER_OI":0.461871092003,"BPS":0.497913648271,"BASIC_EPS":0.01916628,"DILUTED_EPS":null,"OPERATE_INCOME":230322099.44,"OPERATE_INCOME_YOY":-4.326133852,"GROSS_PROFIT":41743245.16,"GROSS_PROFIT_YOY":-1.379573745483,"HOLDER_PROFIT":9529291.88,"HOLDER_PROFIT_YOY":38.5850809663,"GROSS_PROFIT_RATIO":18.123855792168,"EPS_TTM":0.065754919985,"OPERATE_INCOME_QOQ":-2.544494949354,"NET_PROFIT_RATIO":4.137376267,"ROE_AVG":3.731567322607,"GROSS_PROFIT_QOQ":-0.567146084963,"ROA":2.709140397354,"HOLDER_PROFIT_QOQ":8.551302303648,"ROE_YEARLY":7.463134645213,"ROIC_YEARLY":7.065698271472,"TOTAL_ASSETS":335858025.88,"TOTAL_LIABILITIES":87562519.2,"TAX_EBT":31.363397317907,"OCF_SALES":17.015509712393,"TOTAL_PARENT_EQUITY":248295506.68,"DEBT_ASSET_RATIO":26.071289787,"OPERATE_PROFIT":14202213.48,"PRETAX_PROFIT":13883688.16,"NETCASH_OPERATE":39190479.2,"NETCASH_INVEST":-3557626.64,"NETCASH_FINANCE":-26172011.68,"END_CASH":85977194.04,"DIVI_RATIO":0.551271296633,"DIVIDEND_RATE":8.988764044944,"CURRENT_RATIO":3.397716670122,"COMMON_ACS":10000000000,"CURRENTDEBT_DEBT":80.433604336043,"ISSUED_COMMON_SHARES":498671823,"HK_COMMON_SHARES":498671823,"PER_SHARES":3000,"TOTAL_MARKET_CAP":221908961.235,"HKSK_MARKET_CAP":221908961.235,"PE_TTM":6.123315707368,"PB_TTM":0.815688827591,"REPORT_DATE_SQ":"2023-06-30 00:00:00","REPORT_TYPE_SQ":"2023年中报","OPERATE_INCOME_SQ":243189742.62,"DPS_HKD":0.04,"OPERATE_INCOME_QOQ_SQ":15.044460015267,"NET_PROFIT_RATIO_SQ":2.85628713,"HOLDER_PROFIT_SQ":6946197.32,"HOLDER_PROFIT_QOQ_SQ":-5.830861528802,"ROE_AVG_SQ":2.948601038703,"PE_TTM_SQ":22.799003161676,"PB_TTM_SQ":0.885498388062,"ROA_SQ":2.046384535048,"START_DATE":"2024-01-01 00:00:00","FISCAL_YEAR":"12-31","CURRENCY":"HKD","IS_CNY_CODE":0,"DPS_HKD_LY":0.04,"ORG_TYPE":"一般企业","PREMIUM_INCOME":null,"PREMIUM_INCOME_YOY":null,"NET_INTEREST_INCOME":null,"NET_INTEREST_INCOME_YOY":null,"FEE_COMMISSION_INCOME":null,"FEE_COMMISSION_INCOME_YOY":null,"ACCOUNTS_RECE_TDAYS":2.696506993493,"INVENTORY_TDAYS":2.445088723086,"CURRENT_ASSETS_TDAYS":0.91714684969,"TOTAL_ASSETS_TDAYS":0.654796717168,"PREMIUM_EXPENSE":null,"LOAN_DEPOSIT":null,"LOAN_EQUITY":null,"LOAN_ASSETS":null,"DEPOSIT_EQUITY":null,"DEPOSIT_ASSETS":null,"EQUITY_MULTIPLIER":1.352654465523,"EQUITY_RATIO":0.352654465523},{"SECUCODE":"01540.HK","SECURITY_CODE":"01540","SECURITY_NAME_ABBR":"澳狮环球","ORG_CODE":"10943686","STD_REPORT_DATE":"2023-12-31 00:00:00","REPORT_DATE":"2023-12-31 00:00:00","DATE_TYPE_CODE":"001","REPORT_TYPE":"2023年年报","PER_NETCASH_OPERATE":0.152112542521,"PER_OI":1.014104212501,"BPS":0.522560665434,"BASIC_EPS":0.060535496,"DILUTED_EPS":null,"OPERATE_INCOME":505705196.36,"OPERATE_INCOME_YOY":10.423637756,"GROSS_PROFIT":102960185.3,"GROSS_PROFIT_YOY":22.918717232599,"HOLDER_PROFIT":30207031.26,"HOLDER_PROFIT_YOY":196.9796863863,"GROSS_PROFIT_RATIO":20.359724606568,"EPS_TTM":0.060574971087,"OPERATE_INCOME_QOQ":-2.625052998846,"NET_PROFIT_RATIO":5.9732491336,"ROE_AVG":12.292288970019,"GROSS_PROFIT_QOQ":16.914075677352,"ROA":8.580662682625,"HOLDER_PROFIT_QOQ":219.940368820165,"ROE_YEARLY":12.292288970019,"ROIC_YEARLY":10.366834092712,"TOTAL_ASSETS":365031759.54,"TOTAL_LIABILITIES":104445479.88,"TAX_EBT":29.269845311605,"OCF_SALES":14.999695361248,"TOTAL_PARENT_EQUITY":260586279.66,"DEBT_ASSET_RATIO":28.6127103054,"OPERATE_PROFIT":43933545.6,"PRETAX_PROFIT":42707429.94,"NETCASH_OPERATE":75854238.88,"NETCASH_INVEST":-25150323.66,"NETCASH_FINANCE":-17655884.26,"END_CASH":77494497.08,"DIVI_RATIO":0.598412171722,"DIVIDEND_RATE":8.695652173913,"CURRENT_RATIO":3.007913473785,"COMMON_ACS":10000000000,"CURRENTDEBT_DEBT":83.108612282437,"ISSUED_COMMON_SHARES":498671823,"HK_COMMON_SHARES":498671823,"PER_SHARES":3000,"TOTAL_MARKET_CAP":229389038.58,"HKSK_MARKET_CAP":229389038.58,"PE_TTM":6.329719607616,"PB_TTM":0.843183956611,"REPORT_DATE_SQ":"2022-12-31 00:00:00","REPORT_TYPE_SQ":"2022年年报","OPERATE_INCOME_SQ":451423820.47,"DPS_HKD":0.04,"OPERATE_INCOME_QOQ_SQ":36.473488597802,"NET_PROFIT_RATIO_SQ":2.2209865819,"HOLDER_PROFIT_SQ":10026062.48,"HOLDER_PROFIT_QOQ_SQ":-22.557874747976,"ROE_AVG_SQ":4.252264129856,"PE_TTM_SQ":20.293618198855,"PB_TTM_SQ":0.78819087289,"ROA_SQ":3.056465920432,"START_DATE":"2023-01-01 00:00:00","FISCAL_YEAR":"12-31","CURRENCY":"HKD","IS_CNY_CODE":0,"DPS_HKD_LY":null,"ORG_TYPE":"一般企业","PREMIUM_INCOME":null,"PREMIUM_INCOME_YOY":null,"NET_INTEREST_INCOME":null,"NET_INTEREST_INCOME_YOY":null,"FEE_COMMISSION_INCOME":null,"FEE_COMMISSION_INCOME_YOY":null,"ACCOUNTS_RECE_TDAYS":5.013886081124,"INVENTORY_TDAYS":4.964954419519,"CURRENT_ASSETS_TDAYS":2.009785331367,"TOTAL_ASSETS_TDAYS":1.436515117777,"PREMIUM_EXPENSE":null,"LOAN_DEPOSIT":null,"LOAN_EQUITY":null,"LOAN_ASSETS":null,"DEPOSIT_EQUITY":null,"DEPOSIT_ASSETS":null,"EQUITY_MULTIPLIER":1.400809589884,"EQUITY_RATIO":0.400809589884},{"SECUCODE":"01540.HK","SECURITY_CODE":"01540","SECURITY_NAME_ABBR":"澳狮环球","ORG_CODE":"10943686","STD_REPORT_DATE":"2023-06-30 00:00:00","REPORT_DATE":"2023-06-30 00:00:00","DATE_TYPE_CODE":"002","REPORT_TYPE":"2023年中报","PER_NETCASH_OPERATE":0.079338763361,"PER_OI":0.487674922471,"BPS":0.473745526424,"BASIC_EPS":0.0138297,"DILUTED_EPS":null,"OPERATE_INCOME":243189742.62,"OPERATE_INCOME_YOY":28.6960552316,"GROSS_PROFIT":42327179.82,"GROSS_PROFIT_YOY":11.313590098795,"HOLDER_PROFIT":6946197.32,"HOLDER_PROFIT_YOY":-14.4446967976,"GROSS_PROFIT_RATIO":17.405002104114,"EPS_TTM":0.018933206619,"OPERATE_INCOME_QOQ":15.044460015267,"NET_PROFIT_RATIO":2.85628713,"ROE_AVG":2.948601038703,"GROSS_PROFIT_QOQ":5.135944085824,"ROA":2.046384535048,"HOLDER_PROFIT_QOQ":-5.830861528802,"ROE_YEARLY":5.897202077406,"ROIC_YEARLY":4.817366561696,"TOTAL_ASSETS":333938390.06,"TOTAL_LIABILITIES":97694844.76,"TAX_EBT":32.193321933219,"OCF_SALES":16.268780637603,"TOTAL_PARENT_EQUITY":236243545.3,"DEBT_ASSET_RATIO":29.2553499891,"OPERATE_PROFIT":10952200.42,"PRETAX_PROFIT":10244119.78,"NETCASH_OPERATE":39564005.76,"NETCASH_INVEST":-14740616.24,"NETCASH_FINANCE":-10392558.56,"END_CASH":57535239.92,"DIVI_RATIO":1.914562109271,"DIVIDEND_RATE":8.695652173913,"CURRENT_RATIO":3.12555113658,"COMMON_ACS":10000000000,"CURRENTDEBT_DEBT":74.27285253204,"ISSUED_COMMON_SHARES":498671823,"HK_COMMON_SHARES":498671823,"PER_SHARES":3000,"TOTAL_MARKET_CAP":229389038.58,"HKSK_MARKET_CAP":229389038.58,"PE_TTM":6.329719607616,"PB_TTM":0.843183956611,"REPORT_DATE_SQ":"2022-06-30 00:00:00","REPORT_TYPE_SQ":"2022年中报","OPERATE_INCOME_SQ":175275466.45,"DPS_HKD":0.04,"OPERATE_INCOME_QOQ_SQ":4.468366644847,"NET_PROFIT_RATIO_SQ":4.2965529019,"HOLDER_PROFIT_SQ":7530803.14,"HOLDER_PROFIT_QOQ_SQ":-13.711578209477,"ROE_AVG_SQ":3.249608375325,"PE_TTM_SQ":20.293618198855,"PB_TTM_SQ":0.78819087289,"ROA_SQ":2.408870640145,"START_DATE":"2023-01-01 00:00:00","FISCAL_YEAR":"12-31","CURRENCY":"HKD","IS_CNY_CODE":0,"DPS_HKD_LY":null,"ORG_TYPE":"一般企业","PREMIUM_INCOME":null,"PREMIUM_INCOME_YOY":null,"NET_INTEREST_INCOME":null,"NET_INTEREST_INCOME_YOY":null,"FEE_COMMISSION_INCOME":null,"FEE_COMMISSION_INCOME_YOY":null,"ACCOUNTS_RECE_TDAYS":2.644844303842,"INVENTORY_TDAYS":2.352864941924,"CURRENT_ASSETS_TDAYS":1.027960459012,"TOTAL_ASSETS_TDAYS":0.71644916701,"PREMIUM_EXPENSE":null,"LOAN_DEPOSIT":null,"LOAN_EQUITY":null,"LOAN_ASSETS":null,"DEPOSIT_EQUITY":null,"DEPOSIT_ASSETS":null,"EQUITY_MULTIPLIER":1.413534450797,"EQUITY_RATIO":0.413534450797},{"SECUCODE":"01540.HK","SECURITY_CODE":"01540","SECURITY_NAME_ABBR":"澳狮环球","ORG_CODE":"10943686","STD_REPORT_DATE":"2022-12-31 00:00:00","REPORT_DATE":"2022-12-31 00:00:00","DATE_TYPE_CODE":"001","REPORT_TYPE":"2022年年报","PER_NETCASH_OPERATE":0.007226097433,"PER_OI":0.905252311539,"BPS":0.456399525686,"BASIC_EPS":0.020098575,"DILUTED_EPS":null,"OPERATE_INCOME":451423820.47,"OPERATE_INCOME_YOY":30.4942068392,"GROSS_PROFIT":83762821.17,"GROSS_PROFIT_YOY":32.155561651434,"HOLDER_PROFIT":10026062.48,"HOLDER_PROFIT_YOY":-38.8371205929,"GROSS_PROFIT_RATIO":18.555250603034,"EPS_TTM":0.020105532371,"OPERATE_INCOME_QOQ":36.473488597802,"NET_PROFIT_RATIO":2.2209865819,"ROE_AVG":4.252264129856,"GROSS_PROFIT_QOQ":24.748358999545,"ROA":3.056465920432,"HOLDER_PROFIT_QOQ":-22.557874747976,"ROE_YEARLY":4.252264129856,"ROIC_YEARLY":4.348617810581,"TOTAL_ASSETS":334195532.02,"TOTAL_LIABILITIES":106601948.53,"TAX_EBT":36.63768770464,"OCF_SALES":0.79824125724,"TOTAL_PARENT_EQUITY":227593583.49,"DEBT_ASSET_RATIO":31.8980771184,"OPERATE_PROFIT":16787223.11,"PRETAX_PROFIT":15823384.78,"NETCASH_OPERATE":3603451.18,"NETCASH_INVEST":-86590020.72,"NETCASH_FINANCE":-29415381.1,"END_CASH":43188711.23,"DIVI_RATIO":1.802926643797,"DIVIDEND_RATE":8.695652173913,"CURRENT_RATIO":2.847392425566,"COMMON_ACS":10000000000,"CURRENTDEBT_DEBT":78.634813430647,"ISSUED_COMMON_SHARES":498671823,"HK_COMMON_SHARES":498671823,"PER_SHARES":3000,"TOTAL_MARKET_CAP":229389038.58,"HKSK_MARKET_CAP":229389038.58,"PE_TTM":6.329719607616,"PB_TTM":0.843183956611,"REPORT_DATE_SQ":"2021-12-31 00:00:00","REPORT_TYPE_SQ":"2021年年报","OPERATE_INCOME_SQ":316629499.2,"DPS_HKD":0.04,"OPERATE_INCOME_QOQ_SQ":1.085156086726,"NET_PROFIT_RATIO_SQ":4.7385912045,"HOLDER_PROFIT_SQ":15003777.6,"HOLDER_PROFIT_QOQ_SQ":-39.79154590019,"ROE_AVG_SQ":6.459663622987,"PE_TTM_SQ":20.293618198855,"PB_TTM_SQ":0.78819087289,"ROA_SQ":4.861031091686,"START_DATE":"2022-01-01 00:00:00","FISCAL_YEAR":"12-31","CURRENCY":"HKD","IS_CNY_CODE":0,"DPS_HKD_LY":0.03,"ORG_TYPE":"一般企业","PREMIUM_INCOME":null,"PREMIUM_INCOME_YOY":null,"NET_INTEREST_INCOME":null,"NET_INTEREST_INCOME_YOY":null,"FEE_COMMISSION_INCOME":null,"FEE_COMMISSION_INCOME_YOY":null,"ACCOUNTS_RECE_TDAYS":5.505051770434,"INVENTORY_TDAYS":6.075084316721,"CURRENT_ASSETS_TDAYS":1.811404412727,"TOTAL_ASSETS_TDAYS":1.376174869935,"PREMIUM_EXPENSE":null,"LOAN_DEPOSIT":null,"LOAN_EQUITY":null,"LOAN_ASSETS":null,"DEPOSIT_EQUITY":null,"DEPOSIT_ASSETS":null,"EQUITY_MULTIPLIER":1.468387319604,"EQUITY_RATIO":0.468387319604},{"SECUCODE":"01540.HK","SECURITY_CODE":"01540","SECURITY_NAME_ABBR":"澳狮环球","ORG_CODE":"10943686","STD_REPORT_DATE":"2022-06-30 00:00:00","REPORT_DATE":"2022-06-30 00:00:00","DATE_TYPE_CODE":"002","REPORT_TYPE":"2022年中报","PER_NETCASH_OPERATE":-0.013854963708,"PER_OI":0.351484600424,"BPS":0.461065547451,"BASIC_EPS":0.01539342,"DILUTED_EPS":null,"OPERATE_INCOME":175275466.45,"OPERATE_INCOME_YOY":5.8411311479,"GROSS_PROFIT":38025168.16,"GROSS_PROFIT_YOY":10.984391361989,"HOLDER_PROFIT":7530803.14,"HOLDER_PROFIT_YOY":-23.5789290983,"GROSS_PROFIT_RATIO":21.694518308897,"EPS_TTM":0.025962010089,"OPERATE_INCOME_QOQ":4.468366644847,"NET_PROFIT_RATIO":4.2965529019,"ROE_AVG":3.249608375325,"GROSS_PROFIT_QOQ":5.937715502868,"ROA":2.408870640145,"HOLDER_PROFIT_QOQ":-13.711578209477,"ROE_YEARLY":6.49921675065,"ROIC_YEARLY":6.627817490408,"TOTAL_ASSETS":317116424.66,"TOTAL_LIABILITIES":87196027.59,"TAX_EBT":33.654787915317,"OCF_SALES":-3.941840891903,"TOTAL_PARENT_EQUITY":229920397.07,"DEBT_ASSET_RATIO":27.4965346508,"OPERATE_PROFIT":11752876.17,"PRETAX_PROFIT":11350936.87,"NETCASH_OPERATE":4830968.31,"NETCASH_INVEST":-116213479.48,"NETCASH_FINANCE":-6047903.68,"END_CASH":25476110.1,"DIVI_RATIO":1.396224709691,"DIVIDEND_RATE":8.695652173913,"CURRENT_RATIO":2.623390114625,"COMMON_ACS":10000000000,"CURRENTDEBT_DEBT":83.081766557802,"ISSUED_COMMON_SHARES":498671823,"HK_COMMON_SHARES":498671823,"PER_SHARES":3000,"TOTAL_MARKET_CAP":229389038.58,"HKSK_MARKET_CAP":229389038.58,"PE_TTM":6.329719607616,"PB_TTM":0.843183956611,"REPORT_DATE_SQ":"2021-06-30 00:00:00","REPORT_TYPE_SQ":"2021年中报","OPERATE_INCOME_SQ":161127299.52,"DPS_HKD":0.04,"OPERATE_INCOME_QOQ_SQ":12.795931821088,"NET_PROFIT_RATIO_SQ":5.9506103985,"HOLDER_PROFIT_SQ":9588057.84,"HOLDER_PROFIT_QOQ_SQ":5.526142526557,"ROE_AVG_SQ":3.968788370896,"PE_TTM_SQ":20.293618198855,"PB_TTM_SQ":0.78819087289,"ROA_SQ":3.000476514104,"START_DATE":"2022-01-01 00:00:00","FISCAL_YEAR":"12-31","CURRENCY":"HKD","IS_CNY_CODE":0,"DPS_HKD_LY":0.03,"ORG_TYPE":"一般企业","PREMIUM_INCOME":null,"PREMIUM_INCOME_YOY":null,"NET_INTEREST_INCOME":null,"NET_INTEREST_INCOME_YOY":null,"FEE_COMMISSION_INCOME":null,"FEE_COMMISSION_INCOME_YOY":null,"ACCOUNTS_RECE_TDAYS":2.447048569655,"INVENTORY_TDAYS":2.845786935244,"CURRENT_ASSETS_TDAYS":0.799041719136,"TOTAL_ASSETS_TDAYS":0.560651921475,"PREMIUM_EXPENSE":null,"LOAN_DEPOSIT":null,"LOAN_EQUITY":null,"LOAN_ASSETS":null,"DEPOSIT_EQUITY":null,"DEPOSIT_ASSETS":null,"EQUITY_MULTIPLIER":1.379244419813,"EQUITY_RATIO":0.379244419813},{"SECUCODE":"01540.HK","SECURITY_CODE":"01540","SECURITY_NAME_ABBR":"澳狮环球","ORG_CODE":"10943686","STD_REPORT_DATE":"2021-12-31 00:00:00","REPORT_DATE":"2021-12-31 00:00:00","DATE_TYPE_CODE":"001","REPORT_TYPE":"2021年年报","PER_NETCASH_OPERATE":0.073658658673,"PER_OI":0.634945638787,"BPS":0.447795326908,"BASIC_EPS":0.03008768,"DILUTED_EPS":null,"OPERATE_INCOME":316629499.2,"OPERATE_INCOME_YOY":17.3724870964,"GROSS_PROFIT":63381987.2,"GROSS_PROFIT_YOY":55.129709164313,"HOLDER_PROFIT":15003777.6,"HOLDER_PROFIT_YOY":-34.596193599,"GROSS_PROFIT_RATIO":20.017713876989,"EPS_TTM":0.030087478193,"OPERATE_INCOME_QOQ":1.085156086726,"NET_PROFIT_RATIO":4.7385912045,"ROE_AVG":6.459663622987,"GROSS_PROFIT_QOQ":10.602424237968,"ROA":4.861031091686,"HOLDER_PROFIT_QOQ":-39.79154590019,"ROE_YEARLY":6.459663622987,"ROIC_YEARLY":8.943222162387,"TOTAL_ASSETS":294595179.2,"TOTAL_LIABILITIES":71292267.2,"TAX_EBT":31.691792294807,"OCF_SALES":11.600781889497,"TOTAL_PARENT_EQUITY":223302912,"DEBT_ASSET_RATIO":24.2000793746,"OPERATE_PROFIT":23176507.2,"PRETAX_PROFIT":21964824,"NETCASH_OPERATE":36731497.6,"NETCASH_INVEST":-1965510.4,"NETCASH_FINANCE":-31058171.2,"END_CASH":138897158.4,"DIVI_RATIO":1.204780266642,"DIVIDEND_RATE":8.695652173913,"CURRENT_RATIO":4.489716509172,"COMMON_ACS":10000000000,"CURRENTDEBT_DEBT":74.27319747239,"ISSUED_COMMON_SHARES":498671823,"HK_COMMON_SHARES":498671823,"PER_SHARES":3000,"TOTAL_MARKET_CAP":229389038.58,"HKSK_MARKET_CAP":229389038.58,"PE_TTM":6.329719607616,"PB_TTM":0.843183956611,"REPORT_DATE_SQ":"2020-12-31 00:00:00","REPORT_TYPE_SQ":"2020年年报","OPERATE_INCOME_SQ":277696593.08,"DPS_HKD":0.04,"OPERATE_INCOME_QOQ_SQ":-10.913665890478,"NET_PROFIT_RATIO_SQ":8.5037900026,"HOLDER_PROFIT_SQ":23614735.12,"HOLDER_PROFIT_QOQ_SQ":7.49861746305,"ROE_AVG_SQ":9.886853353348,"PE_TTM_SQ":20.293618198855,"PB_TTM_SQ":0.78819087289,"ROA_SQ":12.128626203331,"START_DATE":"2021-01-01 00:00:00","FISCAL_YEAR":"12-31","CURRENCY":"HKD","IS_CNY_CODE":0,"DPS_HKD_LY":0.05,"ORG_TYPE":"一般企业","PREMIUM_INCOME":null,"PREMIUM_INCOME_YOY":null,"NET_INTEREST_INCOME":null,"NET_INTEREST_INCOME_YOY":null,"FEE_COMMISSION_INCOME":null,"FEE_COMMISSION_INCOME_YOY":null,"ACCOUNTS_RECE_TDAYS":5.688703150133,"INVENTORY_TDAYS":6.660824686845,"CURRENT_ASSETS_TDAYS":1.302317839038,"TOTAL_ASSETS_TDAYS":1.025838879507,"PREMIUM_EXPENSE":null,"LOAN_DEPOSIT":null,"LOAN_EQUITY":null,"LOAN_ASSETS":null,"DEPOSIT_EQUITY":null,"DEPOSIT_ASSETS":null,"EQUITY_MULTIPLIER":1.319262595197,"EQUITY_RATIO":0.319262595196},{"SECUCODE":"01540.HK","SECURITY_CODE":"01540","SECURITY_NAME_ABBR":"澳狮环球","ORG_CODE":"10943686","STD_REPORT_DATE":"2021-06-30 00:00:00","REPORT_DATE":"2021-06-30 00:00:00","DATE_TYPE_CODE":"002","REPORT_TYPE":"2021年中报","PER_NETCASH_OPERATE":0.070122594434,"PER_OI":0.323112901288,"BPS":0.476598370628,"BASIC_EPS":0.01913784,"DILUTED_EPS":0.01913784,"OPERATE_INCOME":161127299.52,"OPERATE_INCOME_YOY":40.8371213499,"GROSS_PROFIT":34261726.08,"GROSS_PROFIT_YOY":92.341204163156,"HOLDER_PROFIT":9588057.84,"HOLDER_PROFIT_YOY":27.0732245258,"GROSS_PROFIT_RATIO":21.263762368057,"EPS_TTM":0.049972181885,"OPERATE_INCOME_QOQ":12.795931821088,"NET_PROFIT_RATIO":5.9506103985,"ROE_AVG":3.968788370896,"GROSS_PROFIT_QOQ":40.258868856746,"ROA":3.000476514104,"HOLDER_PROFIT_QOQ":5.526142526557,"ROE_YEARLY":7.937576741791,"ROIC_YEARLY":11.373607663342,"TOTAL_ASSETS":310673709.6,"TOTAL_LIABILITIES":73007531.28,"TAX_EBT":31.500416121745,"OCF_SALES":21.70219578195,"TOTAL_PARENT_EQUITY":237666178.32,"DEBT_ASSET_RATIO":23.4997455607,"OPERATE_PROFIT":14662081.68,"PRETAX_PROFIT":13997249.76,"NETCASH_OPERATE":34968162,"NETCASH_INVEST":-1641693.84,"NETCASH_FINANCE":-18006211.2,"END_CASH":156490949.76,"DIVI_RATIO":0.725379573845,"DIVIDEND_RATE":8.695652173913,"CURRENT_RATIO":5.043850651349,"COMMON_ACS":10000000000,"CURRENTDEBT_DEBT":66.666666666667,"ISSUED_COMMON_SHARES":498671823,"HK_COMMON_SHARES":498671823,"PER_SHARES":3000,"TOTAL_MARKET_CAP":229389038.58,"HKSK_MARKET_CAP":229389038.58,"PE_TTM":6.329719607616,"PB_TTM":0.843183956611,"REPORT_DATE_SQ":"2020-06-30 00:00:00","REPORT_TYPE_SQ":"2020年中报","OPERATE_INCOME_SQ":125593432.8,"DPS_HKD":0.04,"OPERATE_INCOME_QOQ_SQ":-16.100215758395,"NET_PROFIT_RATIO_SQ":6.5951489145,"HOLDER_PROFIT_SQ":8283073.92,"HOLDER_PROFIT_QOQ_SQ":-25.053001986719,"ROE_AVG_SQ":3.494385399727,"PE_TTM_SQ":20.293618198855,"PB_TTM_SQ":0.78819087289,"ROA_SQ":4.527616061353,"START_DATE":"2021-01-01 00:00:00","FISCAL_YEAR":"12-31","CURRENCY":"HKD","IS_CNY_CODE":0,"DPS_HKD_LY":0.05,"ORG_TYPE":"一般企业","PREMIUM_INCOME":null,"PREMIUM_INCOME_YOY":null,"NET_INTEREST_INCOME":null,"NET_INTEREST_INCOME_YOY":null,"FEE_COMMISSION_INCOME":null,"FEE_COMMISSION_INCOME_YOY":null,"ACCOUNTS_RECE_TDAYS":2.994942542957,"INVENTORY_TDAYS":3.457794711299,"CURRENT_ASSETS_TDAYS":0.646559754791,"TOTAL_ASSETS_TDAYS":0.504230039137,"PREMIUM_EXPENSE":null,"LOAN_DEPOSIT":null,"LOAN_EQUITY":null,"LOAN_ASSETS":null,"DEPOSIT_EQUITY":null,"DEPOSIT_ASSETS":null,"EQUITY_MULTIPLIER":1.307185194781,"EQUITY_RATIO":0.307185194781},{"SECUCODE":"01540.HK","SECURITY_CODE":"01540","SECURITY_NAME_ABBR":"澳狮环球","ORG_CODE":"10943686","STD_REPORT_DATE":"2020-12-31 00:00:00","REPORT_DATE":"2020-12-31 00:00:00","DATE_TYPE_CODE":"001","REPORT_TYPE":"2020年年报","PER_NETCASH_OPERATE":0.053900408646,"PER_OI":0.556872436484,"BPS":0.497977936243,"BASIC_EPS":0.046879348,"DILUTED_EPS":0.046879348,"OPERATE_INCOME":277696593.08,"OPERATE_INCOME_YOY":-18.8629645841,"GROSS_PROFIT":40857413.8,"GROSS_PROFIT_YOY":-51.373691281536,"HOLDER_PROFIT":23614735.12,"HOLDER_PROFIT_YOY":-12.7196939061,"GROSS_PROFIT_RATIO":14.712969052605,"EPS_TTM":0.047355262581,"OPERATE_INCOME_QOQ":-10.913665890478,"NET_PROFIT_RATIO":8.5037900026,"ROE_AVG":9.886853353348,"GROSS_PROFIT_QOQ":-30.743159283788,"ROA":12.128626203331,"HOLDER_PROFIT_QOQ":7.49861746305,"ROE_YEARLY":9.886853353348,"ROIC_YEARLY":21.802273627936,"TOTAL_ASSETS":332202041.12,"TOTAL_LIABILITIES":83874475.84,"TAX_EBT":31.025836426658,"OCF_SALES":9.679130284561,"TOTAL_PARENT_EQUITY":248327565.28,"DEBT_ASSET_RATIO":25.2480314562,"OPERATE_PROFIT":35540773.92,"PRETAX_PROFIT":34237073.56,"NETCASH_OPERATE":26878615.04,"NETCASH_INVEST":850056.4,"NETCASH_FINANCE":-34281680.48,"END_CASH":147078273.28,"DIVI_RATIO":0.765465082954,"DIVIDEND_RATE":8.695652173913,"CURRENT_RATIO":4.526626954579,"COMMON_ACS":10000000000,"CURRENTDEBT_DEBT":67.38179336919,"ISSUED_COMMON_SHARES":498671823,"HK_COMMON_SHARES":498671823,"PER_SHARES":3000,"TOTAL_MARKET_CAP":229389038.58,"HKSK_MARKET_CAP":229389038.58,"PE_TTM":6.329719607616,"PB_TTM":0.843183956611,"REPORT_DATE_SQ":"2019-12-31 00:00:00","REPORT_TYPE_SQ":"2019年年报","OPERATE_INCOME_SQ":364272520.12,"DPS_HKD":0.04,"OPERATE_INCOME_QOQ_SQ":-2.43147247123,"NET_PROFIT_RATIO_SQ":7.8890977691,"HOLDER_PROFIT_SQ":28796639.66,"HOLDER_PROFIT_QOQ_SQ":38.95655083702,"ROE_AVG_SQ":3.534844816719,"PE_TTM_SQ":20.293618198855,"PB_TTM_SQ":0.78819087289,"ROA_SQ":9.026367642856,"START_DATE":"2020-01-01 00:00:00","FISCAL_YEAR":"12-31","CURRENCY":"HKD","IS_CNY_CODE":0,"DPS_HKD_LY":0.05,"ORG_TYPE":"一般企业","PREMIUM_INCOME":null,"PREMIUM_INCOME_YOY":null,"NET_INTEREST_INCOME":null,"NET_INTEREST_INCOME_YOY":null,"FEE_COMMISSION_INCOME":null,"FEE_COMMISSION_INCOME_YOY":null,"ACCOUNTS_RECE_TDAYS":5.312257991805,"INVENTORY_TDAYS":10.310975944891,"CURRENT_ASSETS_TDAYS":1.857171804729,"TOTAL_ASSETS_TDAYS":1.426261255225,"PREMIUM_EXPENSE":null,"LOAN_DEPOSIT":null,"LOAN_EQUITY":null,"LOAN_ASSETS":null,"DEPOSIT_EQUITY":null,"DEPOSIT_ASSETS":null,"EQUITY_MULTIPLIER":1.337757412253,"EQUITY_RATIO":0.337757412253},{"SECUCODE":"01540.HK","SECURITY_CODE":"01540","SECURITY_NAME_ABBR":"澳狮环球","ORG_CODE":"10943686","STD_REPORT_DATE":"2020-06-30 00:00:00","REPORT_DATE":"2020-06-30 00:00:00","DATE_TYPE_CODE":"002","REPORT_TYPE":"2020年中报","PER_NETCASH_OPERATE":0.032404957992,"PER_OI":0.247762870439,"BPS":0.45147770573,"BASIC_EPS":0.01644192,"DILUTED_EPS":0.01644192,"OPERATE_INCOME":125593432.8,"OPERATE_INCOME_YOY":-34.7672410521,"GROSS_PROFIT":17812993.44,"GROSS_PROFIT_YOY":-59.930621504551,"HOLDER_PROFIT":8283073.92,"HOLDER_PROFIT_YOY":-48.9529385274,"GROSS_PROFIT_RATIO":14.183061202226,"EPS_TTM":0.043336066857,"OPERATE_INCOME_QOQ":-16.100215758395,"NET_PROFIT_RATIO":6.5951489145,"ROE_AVG":3.494385399727,"GROSS_PROFIT_QOQ":-31.111039295882,"ROA":4.527616061353,"HOLDER_PROFIT_QOQ":-25.053001986719,"ROE_YEARLY":6.988770799454,"ROIC_YEARLY":15.890999101882,"TOTAL_ASSETS":303808317.12,"TOTAL_LIABILITIES":78669106.56,"TAX_EBT":26.97696891609,"OCF_SALES":13.079021055311,"TOTAL_PARENT_EQUITY":225139210.56,"DEBT_ASSET_RATIO":25.8943228763,"OPERATE_PROFIT":12024524.16,"PRETAX_PROFIT":11343097.92,"NETCASH_OPERATE":16426391.52,"NETCASH_INVEST":-1723661.28,"NETCASH_FINANCE":-28377840.48,"END_CASH":129501129.12,"DIVI_RATIO":0.83645800436,"DIVIDEND_RATE":8.695652173913,"CURRENT_RATIO":4.550962971138,"COMMON_ACS":10000000000,"CURRENTDEBT_DEBT":63.12177790163,"ISSUED_COMMON_SHARES":498671823,"HK_COMMON_SHARES":498671823,"PER_SHARES":3000,"TOTAL_MARKET_CAP":229389038.58,"HKSK_MARKET_CAP":229389038.58,"PE_TTM":6.329719607616,"PB_TTM":0.843183956611,"REPORT_DATE_SQ":"2019-06-30 00:00:00","REPORT_TYPE_SQ":"2019年中报","OPERATE_INCOME_SQ":185411216.16,"DPS_HKD":0.04,"OPERATE_INCOME_QOQ_SQ":-0.601006198587,"NET_PROFIT_RATIO_SQ":8.4306597571,"HOLDER_PROFIT_SQ":15626280.24,"HOLDER_PROFIT_QOQ_SQ":-41.311685054224,"ROE_AVG_SQ":1.924803178574,"PE_TTM_SQ":20.293618198855,"PB_TTM_SQ":0.78819087289,"ROA_SQ":5.012569746766,"START_DATE":"2020-01-01 00:00:00","FISCAL_YEAR":"12-31","CURRENCY":"HKD","IS_CNY_CODE":0,"DPS_HKD_LY":0.05,"ORG_TYPE":"一般企业","PREMIUM_INCOME":null,"PREMIUM_INCOME_YOY":null,"NET_INTEREST_INCOME":null,"NET_INTEREST_INCOME_YOY":null,"FEE_COMMISSION_INCOME":null,"FEE_COMMISSION_INCOME_YOY":null,"ACCOUNTS_RECE_TDAYS":2.790926621334,"INVENTORY_TDAYS":4.693943311785,"CURRENT_ASSETS_TDAYS":0.920428567125,"TOTAL_ASSETS_TDAYS":0.686507025095,"PREMIUM_EXPENSE":null,"LOAN_DEPOSIT":null,"LOAN_EQUITY":null,"LOAN_ASSETS":null,"DEPOSIT_EQUITY":null,"DEPOSIT_ASSETS":null,"EQUITY_MULTIPLIER":1.349424280046,"EQUITY_RATIO":0.349424280046}],"count":19},"success":true,"message":"ok","code":0}