{"version":"229822533de5576c160f5fa40fc809fd","result":{"pages":3,"data":[{"SECUCODE":"01547.HK","SECURITY_CODE":"01547","SECURITY_NAME_ABBR":"IBI GROUP HLDGS","ORG_CODE":"10540099","STD_REPORT_DATE":"2024-06-30 00:00:00","REPORT_DATE":"2024-09-30 00:00:00","DATE_TYPE_CODE":"002","REPORT_TYPE":"2024年中报","PER_NETCASH_OPERATE":0.040127400525,"PER_OI":0.139252157325,"BPS":0.185498203,"BASIC_EPS":0.00450895,"DILUTED_EPS":0.00450895,"OPERATE_INCOME":111401725.86,"OPERATE_INCOME_YOY":-43.0340871362,"GROSS_PROFIT":17634503.45,"GROSS_PROFIT_YOY":51.12806181434,"HOLDER_PROFIT":3761366.09,"HOLDER_PROFIT_YOY":184.5016207455,"GROSS_PROFIT_RATIO":15.829650136804,"EPS_TTM":0.000396615625,"OPERATE_INCOME_QOQ":0,"NET_PROFIT_RATIO":3.6151990545,"ROE_AVG":2.538200804484,"GROSS_PROFIT_QOQ":0,"ROA":1.080914384636,"HOLDER_PROFIT_QOQ":0,"ROE_YEARLY":5.076401608967,"ROIC_YEARLY":2.380915005444,"TOTAL_ASSETS":316365967.8,"TOTAL_LIABILITIES":168834025.59,"TAX_EBT":6.764091858038,"OCF_SALES":28.816358249551,"TOTAL_PARENT_EQUITY":148398562.4,"DEBT_ASSET_RATIO":53.3666837695,"OPERATE_PROFIT":6306217.47,"PRETAX_PROFIT":4319574.1,"NETCASH_OPERATE":32101920.42,"NETCASH_INVEST":5097818.87,"NETCASH_FINANCE":-7975430.76,"END_CASH":47007607.33,"DIVI_RATIO":11.428571428571,"DIVIDEND_RATE":2.369668246445,"CURRENT_RATIO":1.175485990007,"COMMON_ACS":10000000000,"CURRENTDEBT_DEBT":99.848841743181,"ISSUED_COMMON_SHARES":800000000,"HK_COMMON_SHARES":800000000,"PER_SHARES":8000,"TOTAL_MARKET_CAP":168800000,"HKSK_MARKET_CAP":168800000,"PE_TTM":17.84921222375,"PB_TTM":1.025765678172,"REPORT_DATE_SQ":"2023-06-30 00:00:00","REPORT_TYPE_SQ":"2023年中报","OPERATE_INCOME_SQ":198993571.28,"DPS_HKD":0.005,"OPERATE_INCOME_QOQ_SQ":0,"NET_PROFIT_RATIO_SQ":-2.3351901723,"HOLDER_PROFIT_SQ":-4529421.68,"HOLDER_PROFIT_QOQ_SQ":0,"ROE_AVG_SQ":-3.061683367604,"PE_TTM_SQ":-95.449949443883,"PB_TTM_SQ":1.191422765767,"ROA_SQ":-1.465960811684,"START_DATE":"2024-04-01 00:00:00","FISCAL_YEAR":"3-31","CURRENCY":"HKD","IS_CNY_CODE":0,"DPS_HKD_LY":0.005,"ORG_TYPE":"一般企业","PREMIUM_INCOME":null,"PREMIUM_INCOME_YOY":null,"NET_INTEREST_INCOME":null,"NET_INTEREST_INCOME_YOY":null,"FEE_COMMISSION_INCOME":null,"FEE_COMMISSION_INCOME_YOY":null,"ACCOUNTS_RECE_TDAYS":4.758537008147,"INVENTORY_TDAYS":9.066881757935,"CURRENT_ASSETS_TDAYS":0.480881932185,"TOTAL_ASSETS_TDAYS":0.320138282406,"PREMIUM_EXPENSE":null,"LOAN_DEPOSIT":null,"LOAN_EQUITY":null,"LOAN_ASSETS":null,"DEPOSIT_EQUITY":null,"DEPOSIT_ASSETS":null,"EQUITY_MULTIPLIER":2.144389635636,"EQUITY_RATIO":1.13770661157},{"SECUCODE":"01547.HK","SECURITY_CODE":"01547","SECURITY_NAME_ABBR":"IBI GROUP HLDGS","ORG_CODE":"10540099","STD_REPORT_DATE":"2023-12-31 00:00:00","REPORT_DATE":"2024-03-31 00:00:00","DATE_TYPE_CODE":"001","REPORT_TYPE":"2023年年报","PER_NETCASH_OPERATE":-0.022202542688,"PER_OI":0.597468576625,"BPS":0.185953802375,"BASIC_EPS":0,"DILUTED_EPS":0,"OPERATE_INCOME":477974861.3,"OPERATE_INCOME_YOY":70.8969035742,"GROSS_PROFIT":42438325.15,"GROSS_PROFIT_YOY":33.534121629158,"HOLDER_PROFIT":317292.5,"HOLDER_PROFIT_YOY":-87.5,"GROSS_PROFIT_RATIO":8.878777648384,"EPS_TTM":-0.0024192152,"OPERATE_INCOME_QOQ":0,"NET_PROFIT_RATIO":0.0570891007,"ROE_AVG":0.213369748437,"GROSS_PROFIT_QOQ":0,"ROA":0.094133720985,"HOLDER_PROFIT_QOQ":0,"ROE_YEARLY":0.213369748437,"ROIC_YEARLY":0.105087590507,"TOTAL_ASSETS":381597717.7,"TOTAL_LIABILITIES":233973302.6,"TAX_EBT":88.515833651278,"OCF_SALES":-3.716102161041,"TOTAL_PARENT_EQUITY":148763041.9,"DEBT_ASSET_RATIO":61.3141252548,"OPERATE_PROFIT":6335877.95,"PRETAX_PROFIT":2376067.55,"NETCASH_OPERATE":-17762034.15,"NETCASH_INVEST":-8022967.5,"NETCASH_FINANCE":-8874217.95,"END_CASH":19132737.75,"DIVI_RATIO":-1.873644808449,"DIVIDEND_RATE":2.450980392157,"CURRENT_RATIO":1.456672083069,"COMMON_ACS":10000000000,"CURRENTDEBT_DEBT":78.210870542287,"ISSUED_COMMON_SHARES":800000000,"HK_COMMON_SHARES":800000000,"PER_SHARES":8000,"TOTAL_MARKET_CAP":163200000,"HKSK_MARKET_CAP":163200000,"PE_TTM":17.25705826372,"PB_TTM":0.99173553719,"REPORT_DATE_SQ":"2022-12-31 00:00:00","REPORT_TYPE_SQ":"2022年年报","OPERATE_INCOME_SQ":270078866.97,"DPS_HKD":0.005,"OPERATE_INCOME_QOQ_SQ":0,"NET_PROFIT_RATIO_SQ":0.7960663432,"HOLDER_PROFIT_SQ":2451148,"HOLDER_PROFIT_QOQ_SQ":0,"ROE_AVG_SQ":1.684185200223,"PE_TTM_SQ":-76.845298281092,"PB_TTM_SQ":0.959196294473,"ROA_SQ":0.874469852652,"START_DATE":"2023-04-01 00:00:00","FISCAL_YEAR":"3-31","CURRENCY":"HKD","IS_CNY_CODE":0,"DPS_HKD_LY":null,"ORG_TYPE":"一般企业","PREMIUM_INCOME":null,"PREMIUM_INCOME_YOY":null,"NET_INTEREST_INCOME":null,"NET_INTEREST_INCOME_YOY":null,"FEE_COMMISSION_INCOME":null,"FEE_COMMISSION_INCOME_YOY":null,"ACCOUNTS_RECE_TDAYS":18.311285533193,"INVENTORY_TDAYS":42.100775533453,"CURRENT_ASSETS_TDAYS":2.197371053246,"TOTAL_ASSETS_TDAYS":1.418046510127,"PREMIUM_EXPENSE":null,"LOAN_DEPOSIT":null,"LOAN_EQUITY":null,"LOAN_ASSETS":null,"DEPOSIT_EQUITY":null,"DEPOSIT_ASSETS":null,"EQUITY_MULTIPLIER":2.584922808613,"EQUITY_RATIO":1.572791868274},{"SECUCODE":"01547.HK","SECURITY_CODE":"01547","SECURITY_NAME_ABBR":"IBI GROUP HLDGS","ORG_CODE":"10540099","STD_REPORT_DATE":"2023-06-30 00:00:00","REPORT_DATE":"2023-09-30 00:00:00","DATE_TYPE_CODE":"002","REPORT_TYPE":"2023年中报","PER_NETCASH_OPERATE":-0.013446720613,"PER_OI":0.2487419641,"BPS":0.181766444475,"BASIC_EPS":-0.00550578,"DILUTED_EPS":-0.00550578,"OPERATE_INCOME":198993571.28,"OPERATE_INCOME_YOY":22.7713803684,"GROSS_PROFIT":11668583.08,"GROSS_PROFIT_YOY":-33.177369961419,"HOLDER_PROFIT":-4529421.68,"HOLDER_PROFIT_YOY":-3024.0506329114,"GROSS_PROFIT_RATIO":5.863799018704,"EPS_TTM":0.003063935,"OPERATE_INCOME_QOQ":0,"NET_PROFIT_RATIO":-2.3351901723,"ROE_AVG":-3.061683367604,"GROSS_PROFIT_QOQ":0,"ROA":-1.465960811684,"HOLDER_PROFIT_QOQ":0,"ROE_YEARLY":-6.123366735207,"ROIC_YEARLY":-3.413873356088,"TOTAL_ASSETS":321836699.38,"TOTAL_LIABILITIES":177648579.85,"TAX_EBT":-4.004929143561,"OCF_SALES":-5.405891467149,"TOTAL_PARENT_EQUITY":145413155.58,"DEBT_ASSET_RATIO":55.1983599733,"OPERATE_PROFIT":-2490447.82,"PRETAX_PROFIT":-4467940.47,"NETCASH_OPERATE":-10757376.49,"NETCASH_INVEST":-752456.6,"NETCASH_FINANCE":-8026509.61,"END_CASH":35549903.83,"DIVI_RATIO":1.479388433501,"DIVIDEND_RATE":2.450980392157,"CURRENT_RATIO":1.593690338105,"COMMON_ACS":10000000000,"CURRENTDEBT_DEBT":71.697616157442,"ISSUED_COMMON_SHARES":800000000,"HK_COMMON_SHARES":800000000,"PER_SHARES":8000,"TOTAL_MARKET_CAP":163200000,"HKSK_MARKET_CAP":163200000,"PE_TTM":17.25705826372,"PB_TTM":0.99173553719,"REPORT_DATE_SQ":"2022-06-30 00:00:00","REPORT_TYPE_SQ":"2022年中报","OPERATE_INCOME_SQ":159754854.96,"DPS_HKD":0.005,"OPERATE_INCOME_QOQ_SQ":0,"NET_PROFIT_RATIO_SQ":-0.2038112708,"HOLDER_PROFIT_SQ":-142901.52,"HOLDER_PROFIT_QOQ_SQ":0,"ROE_AVG_SQ":-0.096599159343,"PE_TTM_SQ":-76.845298281092,"PB_TTM_SQ":0.959196294473,"ROA_SQ":-0.046995206786,"START_DATE":"2023-04-01 00:00:00","FISCAL_YEAR":"3-31","CURRENCY":"HKD","IS_CNY_CODE":0,"DPS_HKD_LY":null,"ORG_TYPE":"一般企业","PREMIUM_INCOME":null,"PREMIUM_INCOME_YOY":null,"NET_INTEREST_INCOME":null,"NET_INTEREST_INCOME_YOY":null,"FEE_COMMISSION_INCOME":null,"FEE_COMMISSION_INCOME_YOY":null,"ACCOUNTS_RECE_TDAYS":6.22961462777,"INVENTORY_TDAYS":17.842845905078,"CURRENT_ASSETS_TDAYS":1.065476994735,"TOTAL_ASSETS_TDAYS":0.644048617866,"PREMIUM_EXPENSE":null,"LOAN_DEPOSIT":null,"LOAN_EQUITY":null,"LOAN_ASSETS":null,"DEPOSIT_EQUITY":null,"DEPOSIT_ASSETS":null,"EQUITY_MULTIPLIER":2.232061146431,"EQUITY_RATIO":1.221681622556},{"SECUCODE":"01547.HK","SECURITY_CODE":"01547","SECURITY_NAME_ABBR":"IBI GROUP HLDGS","ORG_CODE":"10540099","STD_REPORT_DATE":"2022-12-31 00:00:00","REPORT_DATE":"2023-03-31 00:00:00","DATE_TYPE_CODE":"001","REPORT_TYPE":"2022年年报","PER_NETCASH_OPERATE":-0.044183036963,"PER_OI":0.337598583713,"BPS":0.179427316388,"BASIC_EPS":0.00262623,"DILUTED_EPS":0.00262623,"OPERATE_INCOME":270078866.97,"OPERATE_INCOME_YOY":-23.9877500136,"GROSS_PROFIT":31780884.64,"GROSS_PROFIT_YOY":-42.331649547601,"HOLDER_PROFIT":2451148,"HOLDER_PROFIT_YOY":-89.6334690855,"GROSS_PROFIT_RATIO":11.767260799243,"EPS_TTM":0.01432919725,"OPERATE_INCOME_QOQ":0,"NET_PROFIT_RATIO":0.7960663432,"ROE_AVG":1.684185200223,"GROSS_PROFIT_QOQ":0,"ROA":0.874469852652,"HOLDER_PROFIT_QOQ":0,"ROE_YEARLY":1.684185200223,"ROIC_YEARLY":1.267137468576,"TOTAL_ASSETS":282485177.49,"TOTAL_LIABILITIES":139999944.25,"TAX_EBT":36.356569059342,"OCF_SALES":-13.087447369189,"TOTAL_PARENT_EQUITY":143541853.11,"DEBT_ASSET_RATIO":49.5601027615,"OPERATE_PROFIT":5343502.64,"PRETAX_PROFIT":3378207.19,"NETCASH_OPERATE":-35346429.57,"NETCASH_INVEST":-96287221.31,"NETCASH_FINANCE":59315155.37,"END_CASH":51535386.7,"DIVI_RATIO":0.316329653428,"DIVIDEND_RATE":2.439024390244,"CURRENT_RATIO":1.888546779258,"COMMON_ACS":10000000000,"CURRENTDEBT_DEBT":61.534469282476,"ISSUED_COMMON_SHARES":800000000,"HK_COMMON_SHARES":800000000,"PER_SHARES":8000,"TOTAL_MARKET_CAP":164000000,"HKSK_MARKET_CAP":164000000,"PE_TTM":17.341651686581,"PB_TTM":0.996596985902,"REPORT_DATE_SQ":"2021-12-31 00:00:00","REPORT_TYPE_SQ":"2021年年报","OPERATE_INCOME_SQ":329171116.78,"DPS_HKD":0.005,"OPERATE_INCOME_QOQ_SQ":0,"NET_PROFIT_RATIO_SQ":6.5184612125,"HOLDER_PROFIT_SQ":21905380.1,"HOLDER_PROFIT_QOQ_SQ":0,"ROE_AVG_SQ":15.431728456427,"PE_TTM_SQ":55.428571428571,"PB_TTM_SQ":0.979389900673,"ROA_SQ":7.566716532477,"START_DATE":"2022-04-01 00:00:00","FISCAL_YEAR":"3-31","CURRENCY":"HKD","IS_CNY_CODE":0,"DPS_HKD_LY":0.01,"ORG_TYPE":"一般企业","PREMIUM_INCOME":null,"PREMIUM_INCOME_YOY":null,"NET_INTEREST_INCOME":null,"NET_INTEREST_INCOME_YOY":null,"FEE_COMMISSION_INCOME":null,"FEE_COMMISSION_INCOME_YOY":null,"ACCOUNTS_RECE_TDAYS":12.927051034945,"INVENTORY_TDAYS":24.438928042376,"CURRENT_ASSETS_TDAYS":1.279460706962,"TOTAL_ASSETS_TDAYS":0.963531484038,"PREMIUM_EXPENSE":null,"LOAN_DEPOSIT":null,"LOAN_EQUITY":null,"LOAN_ASSETS":null,"DEPOSIT_EQUITY":null,"DEPOSIT_ASSETS":null,"EQUITY_MULTIPLIER":1.982557568013,"EQUITY_RATIO":0.975324905014},{"SECUCODE":"01547.HK","SECURITY_CODE":"01547","SECURITY_NAME_ABBR":"IBI GROUP HLDGS","ORG_CODE":"10540099","STD_REPORT_DATE":"2022-06-30 00:00:00","REPORT_DATE":"2022-09-30 00:00:00","DATE_TYPE_CODE":"002","REPORT_TYPE":"2022年中报","PER_NETCASH_OPERATE":-0.0205466157,"PER_OI":0.1996935687,"BPS":0.17929505505,"BASIC_EPS":0,"DILUTED_EPS":0,"OPERATE_INCOME":159754854.96,"OPERATE_INCOME_YOY":4.2808310161,"GROSS_PROFIT":17462023.08,"GROSS_PROFIT_YOY":-28.637514031985,"HOLDER_PROFIT":-142901.52,"HOLDER_PROFIT_YOY":-101.2780069562,"GROSS_PROFIT_RATIO":10.930511679518,"EPS_TTM":0.027381725125,"OPERATE_INCOME_QOQ":0,"NET_PROFIT_RATIO":-0.2038112708,"ROE_AVG":-0.096599159343,"GROSS_PROFIT_QOQ":0,"ROA":-0.046995206786,"HOLDER_PROFIT_QOQ":0,"ROE_YEARLY":-0.193198318686,"ROIC_YEARLY":-0.134741007317,"TOTAL_ASSETS":320813912.4,"TOTAL_LIABILITIES":178341096.96,"TAX_EBT":141.426927502877,"OCF_SALES":-10.289072319033,"TOTAL_PARENT_EQUITY":143436044.04,"DEBT_ASSET_RATIO":55.5902004454,"OPERATE_PROFIT":1441677.36,"PRETAX_PROFIT":785958.36,"NETCASH_OPERATE":-16437292.56,"NETCASH_INVEST":-112167744.36,"NETCASH_FINANCE":54587476.2,"END_CASH":57560370.48,"DIVI_RATIO":0.165539241202,"DIVIDEND_RATE":2.439024390244,"CURRENT_RATIO":1.58820693176,"COMMON_ACS":10000000000,"CURRENTDEBT_DEBT":71.523044466082,"ISSUED_COMMON_SHARES":800000000,"HK_COMMON_SHARES":800000000,"PER_SHARES":8000,"TOTAL_MARKET_CAP":164000000,"HKSK_MARKET_CAP":164000000,"PE_TTM":17.341651686581,"PB_TTM":0.996596985902,"REPORT_DATE_SQ":"2021-06-30 00:00:00","REPORT_TYPE_SQ":"2021年中报","OPERATE_INCOME_SQ":141106201.98,"DPS_HKD":0.005,"OPERATE_INCOME_QOQ_SQ":0,"NET_PROFIT_RATIO_SQ":7.0963437889,"HOLDER_PROFIT_SQ":10299120.78,"HOLDER_PROFIT_QOQ_SQ":0,"ROE_AVG_SQ":7.200118808075,"PE_TTM_SQ":55.428571428571,"PB_TTM_SQ":0.979389900673,"ROA_SQ":3.246722551368,"START_DATE":"2022-04-01 00:00:00","FISCAL_YEAR":"3-31","CURRENCY":"HKD","IS_CNY_CODE":0,"DPS_HKD_LY":0.01,"ORG_TYPE":"一般企业","PREMIUM_INCOME":null,"PREMIUM_INCOME_YOY":null,"NET_INTEREST_INCOME":null,"NET_INTEREST_INCOME_YOY":null,"FEE_COMMISSION_INCOME":null,"FEE_COMMISSION_INCOME_YOY":null,"ACCOUNTS_RECE_TDAYS":4.915374982607,"INVENTORY_TDAYS":14.052699745433,"CURRENT_ASSETS_TDAYS":0.678840658802,"TOTAL_ASSETS_TDAYS":0.52537666807,"PREMIUM_EXPENSE":null,"LOAN_DEPOSIT":null,"LOAN_EQUITY":null,"LOAN_ASSETS":null,"DEPOSIT_EQUITY":null,"DEPOSIT_ASSETS":null,"EQUITY_MULTIPLIER":2.251755265796,"EQUITY_RATIO":1.243349244282},{"SECUCODE":"01547.HK","SECURITY_CODE":"01547","SECURITY_NAME_ABBR":"IBI GROUP HLDGS","ORG_CODE":"10540099","STD_REPORT_DATE":"2021-12-31 00:00:00","REPORT_DATE":"2022-03-31 00:00:00","DATE_TYPE_CODE":"001","REPORT_TYPE":"2021年年报","PER_NETCASH_OPERATE":0.100222588275,"PER_OI":0.411463895975,"BPS":0.170853449175,"BASIC_EPS":0.02757434,"DILUTED_EPS":0.02757434,"OPERATE_INCOME":329171116.78,"OPERATE_INCOME_YOY":-27.0924120984,"GROSS_PROFIT":55109751.52,"GROSS_PROFIT_YOY":-17.913297728165,"HOLDER_PROFIT":21905380.1,"HOLDER_PROFIT_YOY":-50.3401360544,"GROSS_PROFIT_RATIO":16.741976653083,"EPS_TTM":0.058533268225,"OPERATE_INCOME_QOQ":0,"NET_PROFIT_RATIO":6.5184612125,"ROE_AVG":15.431728456427,"GROSS_PROFIT_QOQ":0,"ROA":7.566716532477,"HOLDER_PROFIT_QOQ":0,"ROE_YEARLY":15.431728456427,"ROIC_YEARLY":11.10836931935,"TOTAL_ASSETS":257657065.99,"TOTAL_LIABILITIES":121674208.28,"TAX_EBT":21.473940401282,"OCF_SALES":24.357565573892,"TOTAL_PARENT_EQUITY":136682759.34,"DEBT_ASSET_RATIO":47.2233151505,"OPERATE_PROFIT":27610835.45,"PRETAX_PROFIT":27324548.92,"NETCASH_OPERATE":44371979.12,"NETCASH_INVEST":34510097.52,"NETCASH_FINANCE":-34677976.59,"END_CASH":114877133.47,"DIVI_RATIO":0.077438867459,"DIVIDEND_RATE":2.439024390244,"CURRENT_RATIO":1.999143448732,"COMMON_ACS":10000000000,"CURRENTDEBT_DEBT":98.827552190258,"ISSUED_COMMON_SHARES":800000000,"HK_COMMON_SHARES":800000000,"PER_SHARES":8000,"TOTAL_MARKET_CAP":164000000,"HKSK_MARKET_CAP":164000000,"PE_TTM":17.341651686581,"PB_TTM":0.996596985902,"REPORT_DATE_SQ":"2020-12-31 00:00:00","REPORT_TYPE_SQ":"2020年年报","OPERATE_INCOME_SQ":470513396.36,"DPS_HKD":0.005,"OPERATE_INCOME_QOQ_SQ":0,"NET_PROFIT_RATIO_SQ":9.7139942016,"HOLDER_PROFIT_SQ":45969340.2,"HOLDER_PROFIT_QOQ_SQ":0,"ROE_AVG_SQ":34.352519121576,"PE_TTM_SQ":55.428571428571,"PB_TTM_SQ":0.979389900673,"ROA_SQ":13.674023252628,"START_DATE":"2021-04-01 00:00:00","FISCAL_YEAR":"3-31","CURRENCY":"HKD","IS_CNY_CODE":0,"DPS_HKD_LY":0.05,"ORG_TYPE":"一般企业","PREMIUM_INCOME":null,"PREMIUM_INCOME_YOY":null,"NET_INTEREST_INCOME":null,"NET_INTEREST_INCOME_YOY":null,"FEE_COMMISSION_INCOME":null,"FEE_COMMISSION_INCOME_YOY":null,"ACCOUNTS_RECE_TDAYS":5.576779334982,"INVENTORY_TDAYS":60.155941255007,"CURRENT_ASSETS_TDAYS":1.295457991085,"TOTAL_ASSETS_TDAYS":1.137046935494,"PREMIUM_EXPENSE":null,"LOAN_DEPOSIT":null,"LOAN_EQUITY":null,"LOAN_ASSETS":null,"DEPOSIT_EQUITY":null,"DEPOSIT_ASSETS":null,"EQUITY_MULTIPLIER":1.894776079346,"EQUITY_RATIO":0.890194263472},{"SECUCODE":"01547.HK","SECURITY_CODE":"01547","SECURITY_NAME_ABBR":"IBI GROUP HLDGS","ORG_CODE":"10540099","STD_REPORT_DATE":"2021-06-30 00:00:00","REPORT_DATE":"2021-09-30 00:00:00","DATE_TYPE_CODE":"002","REPORT_TYPE":"2021年中报","PER_NETCASH_OPERATE":0.084038051475,"PER_OI":0.176382752475,"BPS":0.168576980275,"BASIC_EPS":0.0124959,"DILUTED_EPS":0.0124959,"OPERATE_INCOME":141106201.98,"OPERATE_INCOME_YOY":-34.4777031627,"GROSS_PROFIT":24469471.38,"GROSS_PROFIT_YOY":34.194601705415,"HOLDER_PROFIT":10299120.78,"HOLDER_PROFIT_YOY":15.0581665891,"GROSS_PROFIT_RATIO":17.341173553426,"EPS_TTM":0.05746167525,"OPERATE_INCOME_QOQ":0,"NET_PROFIT_RATIO":7.0963437889,"ROE_AVG":7.200118808075,"GROSS_PROFIT_QOQ":0,"ROA":3.246722551368,"HOLDER_PROFIT_QOQ":0,"ROE_YEARLY":14.400237616151,"ROIC_YEARLY":9.751845775226,"TOTAL_ASSETS":304359304.06,"TOTAL_LIABILITIES":170041708.02,"TAX_EBT":18.458720575266,"OCF_SALES":47.645277271037,"TOTAL_PARENT_EQUITY":134861584.22,"DEBT_ASSET_RATIO":55.8687399241,"OPERATE_PROFIT":12431754.38,"PRETAX_PROFIT":12280137.46,"NETCASH_OPERATE":67230441.18,"NETCASH_INVEST":1466185.6,"NETCASH_FINANCE":-1099639.2,"END_CASH":140191502.1,"DIVI_RATIO":0.078883011682,"DIVIDEND_RATE":2.439024390244,"CURRENT_RATIO":1.50586824679,"COMMON_ACS":10000000000,"CURRENTDEBT_DEBT":98.471464895134,"ISSUED_COMMON_SHARES":800000000,"HK_COMMON_SHARES":800000000,"PER_SHARES":8000,"TOTAL_MARKET_CAP":164000000,"HKSK_MARKET_CAP":164000000,"PE_TTM":17.341651686581,"PB_TTM":0.996596985902,"REPORT_DATE_SQ":"2020-06-30 00:00:00","REPORT_TYPE_SQ":"2020年中报","OPERATE_INCOME_SQ":227159664.64,"DPS_HKD":0.005,"OPERATE_INCOME_QOQ_SQ":0,"NET_PROFIT_RATIO_SQ":4.0988426069,"HOLDER_PROFIT_SQ":9441846.4,"HOLDER_PROFIT_QOQ_SQ":0,"ROE_AVG_SQ":7.647333041532,"PE_TTM_SQ":55.428571428571,"PB_TTM_SQ":0.979389900673,"ROA_SQ":2.7277943073,"START_DATE":"2021-04-01 00:00:00","FISCAL_YEAR":"3-31","CURRENCY":"HKD","IS_CNY_CODE":0,"DPS_HKD_LY":0.05,"ORG_TYPE":"一般企业","PREMIUM_INCOME":null,"PREMIUM_INCOME_YOY":null,"NET_INTEREST_INCOME":null,"NET_INTEREST_INCOME_YOY":null,"FEE_COMMISSION_INCOME":null,"FEE_COMMISSION_INCOME_YOY":null,"ACCOUNTS_RECE_TDAYS":2.696279906401,"INVENTORY_TDAYS":311.133333333333,"CURRENT_ASSETS_TDAYS":0.535275983953,"TOTAL_ASSETS_TDAYS":0.444826988529,"PREMIUM_EXPENSE":null,"LOAN_DEPOSIT":null,"LOAN_EQUITY":null,"LOAN_ASSETS":null,"DEPOSIT_EQUITY":null,"DEPOSIT_ASSETS":null,"EQUITY_MULTIPLIER":2.265967475844,"EQUITY_RATIO":1.260860970924},{"SECUCODE":"01547.HK","SECURITY_CODE":"01547","SECURITY_NAME_ABBR":"IBI GROUP HLDGS","ORG_CODE":"10540099","STD_REPORT_DATE":"2020-12-31 00:00:00","REPORT_DATE":"2021-03-31 00:00:00","DATE_TYPE_CODE":"001","REPORT_TYPE":"2020年年报","PER_NETCASH_OPERATE":-0.105502762925,"PER_OI":0.58814174545,"BPS":0.1917755679,"BASIC_EPS":0.05747224,"DILUTED_EPS":0.05747224,"OPERATE_INCOME":470513396.36,"OPERATE_INCOME_YOY":-5.8239402905,"GROSS_PROFIT":67136028.12,"GROSS_PROFIT_YOY":41.653528994495,"HOLDER_PROFIT":45969340.2,"HOLDER_PROFIT_YOY":151.4911915661,"GROSS_PROFIT_RATIO":14.268675161936,"EPS_TTM":0.019178815813,"OPERATE_INCOME_QOQ":0,"NET_PROFIT_RATIO":9.7139942016,"ROE_AVG":34.352519121576,"GROSS_PROFIT_QOQ":0,"ROA":13.674023252628,"HOLDER_PROFIT_QOQ":0,"ROE_YEARLY":34.352519121576,"ROIC_YEARLY":21.203934364876,"TOTAL_ASSETS":334874684.06,"TOTAL_LIABILITIES":181716235.54,"TAX_EBT":3.082547761569,"OCF_SALES":-17.938322477735,"TOTAL_PARENT_EQUITY":153420454.32,"DEBT_ASSET_RATIO":54.2639513196,"OPERATE_PROFIT":47426430.52,"PRETAX_PROFIT":47159353.64,"NETCASH_OPERATE":-84402210.34,"NETCASH_INVEST":1555976.38,"NETCASH_FINANCE":-8881996.62,"END_CASH":73650675.56,"DIVI_RATIO":0.236341494924,"DIVIDEND_RATE":2.439024390244,"CURRENT_RATIO":1.544404325376,"COMMON_ACS":10000000000,"CURRENTDEBT_DEBT":99.444193801947,"ISSUED_COMMON_SHARES":800000000,"HK_COMMON_SHARES":800000000,"PER_SHARES":8000,"TOTAL_MARKET_CAP":164000000,"HKSK_MARKET_CAP":164000000,"PE_TTM":17.341651686581,"PB_TTM":0.996596985902,"REPORT_DATE_SQ":"2019-12-31 00:00:00","REPORT_TYPE_SQ":"2019年年报","OPERATE_INCOME_SQ":540114567.3,"DPS_HKD":0.005,"OPERATE_INCOME_QOQ_SQ":0,"NET_PROFIT_RATIO_SQ":3.658592287,"HOLDER_PROFIT_SQ":19760589.9,"HOLDER_PROFIT_QOQ_SQ":0,"ROE_AVG_SQ":16.101041910952,"PE_TTM_SQ":55.428571428571,"PB_TTM_SQ":0.979389900673,"ROA_SQ":5.719885110367,"START_DATE":"2020-04-01 00:00:00","FISCAL_YEAR":"3-31","CURRENCY":"HKD","IS_CNY_CODE":0,"DPS_HKD_LY":0.01,"ORG_TYPE":"一般企业","PREMIUM_INCOME":null,"PREMIUM_INCOME_YOY":null,"NET_INTEREST_INCOME":null,"NET_INTEREST_INCOME_YOY":null,"FEE_COMMISSION_INCOME":null,"FEE_COMMISSION_INCOME_YOY":null,"ACCOUNTS_RECE_TDAYS":7.825442788867,"INVENTORY_TDAYS":1252.6719160105,"CURRENT_ASSETS_TDAYS":1.564985164039,"TOTAL_ASSETS_TDAYS":1.399587441218,"PREMIUM_EXPENSE":null,"LOAN_DEPOSIT":null,"LOAN_EQUITY":null,"LOAN_ASSETS":null,"DEPOSIT_EQUITY":null,"DEPOSIT_ASSETS":null,"EQUITY_MULTIPLIER":2.186459103601,"EQUITY_RATIO":1.184432912452},{"SECUCODE":"01547.HK","SECURITY_CODE":"01547","SECURITY_NAME_ABBR":"IBI GROUP HLDGS","ORG_CODE":"10540099","STD_REPORT_DATE":"2020-06-30 00:00:00","REPORT_DATE":"2020-09-30 00:00:00","DATE_TYPE_CODE":"002","REPORT_TYPE":"2020年中报","PER_NETCASH_OPERATE":-0.0902379536,"PER_OI":0.2839495808,"BPS":0.1602334936,"BASIC_EPS":0.01142336,"DILUTED_EPS":0.01142336,"OPERATE_INCOME":227159664.64,"OPERATE_INCOME_YOY":-19.764612405,"GROSS_PROFIT":18234318.72,"GROSS_PROFIT_YOY":-35.095335394395,"HOLDER_PROFIT":9441846.4,"HOLDER_PROFIT_YOY":-30.0683371298,"GROSS_PROFIT_RATIO":8.027093519837,"EPS_TTM":0.024700737375,"OPERATE_INCOME_QOQ":0,"NET_PROFIT_RATIO":4.0988426069,"ROE_AVG":7.647333041532,"GROSS_PROFIT_QOQ":0,"ROA":2.7277943073,"HOLDER_PROFIT_QOQ":0,"ROE_YEARLY":15.294666083064,"ROIC_YEARLY":8.937186013242,"TOTAL_ASSETS":341391507.2,"TOTAL_LIABILITIES":213333884.16,"TAX_EBT":14.257970545396,"OCF_SALES":-31.779569226961,"TOTAL_PARENT_EQUITY":128186794.88,"DEBT_ASSET_RATIO":62.4895112095,"OPERATE_PROFIT":11005968,"PRETAX_PROFIT":10859221.76,"NETCASH_OPERATE":-72190362.88,"NETCASH_INVEST":-671342.08,"NETCASH_FINANCE":-1209997.44,"END_CASH":97870076.16,"DIVI_RATIO":0.183506667481,"DIVIDEND_RATE":2.439024390244,"CURRENT_RATIO":1.315704928648,"COMMON_ACS":10000000000,"CURRENTDEBT_DEBT":99.233867978153,"ISSUED_COMMON_SHARES":800000000,"HK_COMMON_SHARES":800000000,"PER_SHARES":8000,"TOTAL_MARKET_CAP":164000000,"HKSK_MARKET_CAP":164000000,"PE_TTM":17.341651686581,"PB_TTM":0.996596985902,"REPORT_DATE_SQ":"2019-06-30 00:00:00","REPORT_TYPE_SQ":"2019年中报","OPERATE_INCOME_SQ":290620405.92,"DPS_HKD":0.005,"OPERATE_INCOME_QOQ_SQ":0,"NET_PROFIT_RATIO_SQ":4.7688955654,"HOLDER_PROFIT_SQ":13859383.65,"HOLDER_PROFIT_QOQ_SQ":0,"ROE_AVG_SQ":11.365527648227,"PE_TTM_SQ":55.428571428571,"PB_TTM_SQ":0.979389900673,"ROA_SQ":3.975363869337,"START_DATE":"2020-04-01 00:00:00","FISCAL_YEAR":"3-31","CURRENCY":"HKD","IS_CNY_CODE":0,"DPS_HKD_LY":0.01,"ORG_TYPE":"一般企业","PREMIUM_INCOME":null,"PREMIUM_INCOME_YOY":null,"NET_INTEREST_INCOME":null,"NET_INTEREST_INCOME_YOY":null,"FEE_COMMISSION_INCOME":null,"FEE_COMMISSION_INCOME_YOY":null,"ACCOUNTS_RECE_TDAYS":7.918278581821,"INVENTORY_TDAYS":null,"CURRENT_ASSETS_TDAYS":0.740490792274,"TOTAL_ASSETS_TDAYS":0.656275069306,"PREMIUM_EXPENSE":null,"LOAN_DEPOSIT":null,"LOAN_EQUITY":null,"LOAN_ASSETS":null,"DEPOSIT_EQUITY":null,"DEPOSIT_ASSETS":null,"EQUITY_MULTIPLIER":2.665921005682,"EQUITY_RATIO":1.664242282988}],"count":21},"success":true,"message":"ok","code":0}