{"version":"d3c94f837cb84ec15ea9a54e8d14a4ae","result":{"pages":2,"data":[{"SECUCODE":"01545.HK","SECURITY_CODE":"01545","SECURITY_NAME_ABBR":"设计都会","ORG_CODE":"10931394","STD_REPORT_DATE":"2024-06-30 00:00:00","REPORT_DATE":"2024-06-30 00:00:00","DATE_TYPE_CODE":"002","REPORT_TYPE":"2024年中报","PER_NETCASH_OPERATE":0.0237739765,"PER_OI":0.0830360305,"BPS":0.141941752,"BASIC_EPS":0.0005279,"DILUTED_EPS":0.0005279,"OPERATE_INCOME":166072061,"OPERATE_INCOME_YOY":-32.1199697918,"GROSS_PROFIT":48461220,"GROSS_PROFIT_YOY":-29.206005976189,"HOLDER_PROFIT":1335587,"HOLDER_PROFIT_YOY":-61.4329268293,"GROSS_PROFIT_RATIO":29.180838551766,"EPS_TTM":0.0066903271,"OPERATE_INCOME_QOQ":-16.955391966989,"NET_PROFIT_RATIO":0.7597189993,"ROE_AVG":0.469440011875,"GROSS_PROFIT_QOQ":-13.465787979559,"ROA":0.291097368043,"HOLDER_PROFIT_QOQ":-13.955548857535,"ROE_YEARLY":0.93888002375,"ROIC_YEARLY":0.954356846473,"TOTAL_ASSETS":458787332,"TOTAL_LIABILITIES":164588662,"TAX_EBT":37.760416666667,"OCF_SALES":28.63091643091,"TOTAL_PARENT_EQUITY":283883504,"DEBT_ASSET_RATIO":35.8747180927,"OPERATE_PROFIT":4033156,"PRETAX_PROFIT":2027136,"NETCASH_OPERATE":47547953,"NETCASH_INVEST":50768143,"NETCASH_FINANCE":-10653022,"END_CASH":171762823,"DIVI_RATIO":0.514718630125,"DIVIDEND_RATE":5.277777777778,"CURRENT_RATIO":3.595466653264,"COMMON_ACS":10000000000,"CURRENTDEBT_DEBT":63.817435371095,"ISSUED_COMMON_SHARES":2000000000,"HK_COMMON_SHARES":2000000000,"PER_SHARES":10000,"TOTAL_MARKET_CAP":144000000,"HKSK_MARKET_CAP":144000000,"PE_TTM":9.715913909889,"PB_TTM":0.462957227959,"REPORT_DATE_SQ":"2023-06-30 00:00:00","REPORT_TYPE_SQ":"2023年中报","OPERATE_INCOME_SQ":247676949,"DPS_HKD":0.0038,"OPERATE_INCOME_QOQ_SQ":6.469471381975,"NET_PROFIT_RATIO_SQ":1.5816161398,"HOLDER_PROFIT_SQ":3505795.2,"HOLDER_PROFIT_QOQ_SQ":-18.354194724857,"ROE_AVG_SQ":1.242636055388,"PE_TTM_SQ":6.94919306599,"PB_TTM_SQ":0.478857075907,"ROA_SQ":0.711354012481,"START_DATE":"2024-01-01 00:00:00","FISCAL_YEAR":"12-31","CURRENCY":"HKD","IS_CNY_CODE":0,"DPS_HKD_LY":0.0038,"ORG_TYPE":"一般企业","PREMIUM_INCOME":null,"PREMIUM_INCOME_YOY":null,"NET_INTEREST_INCOME":null,"NET_INTEREST_INCOME_YOY":null,"FEE_COMMISSION_INCOME":null,"FEE_COMMISSION_INCOME_YOY":null,"ACCOUNTS_RECE_TDAYS":4.329915353382,"INVENTORY_TDAYS":0.732283723376,"CURRENT_ASSETS_TDAYS":0.438199508298,"TOTAL_ASSETS_TDAYS":0.361961743132,"PREMIUM_EXPENSE":null,"LOAN_DEPOSIT":null,"LOAN_EQUITY":null,"LOAN_ASSETS":null,"DEPOSIT_EQUITY":null,"DEPOSIT_ASSETS":null,"EQUITY_MULTIPLIER":1.559447335367,"EQUITY_RATIO":0.579775364475},{"SECUCODE":"01545.HK","SECURITY_CODE":"01545","SECURITY_NAME_ABBR":"设计都会","ORG_CODE":"10931394","STD_REPORT_DATE":"2023-12-31 00:00:00","REPORT_DATE":"2023-12-31 00:00:00","DATE_TYPE_CODE":"001","REPORT_TYPE":"2023年年报","PER_NETCASH_OPERATE":0.037008579,"PER_OI":0.2406458316,"BPS":0.1452166632,"BASIC_EPS":0.00752808,"DILUTED_EPS":0.00752808,"OPERATE_INCOME":481291663.2,"OPERATE_INCOME_YOY":-7.2716912717,"GROSS_PROFIT":148469869.2,"GROSS_PROFIT_YOY":-0.758750852004,"HOLDER_PROFIT":15550862.4,"HOLDER_PROFIT_YOY":-36.3416244772,"GROSS_PROFIT_RATIO":30.848211293098,"EPS_TTM":0.0077754312,"OPERATE_INCOME_QOQ":-9.644656155123,"NET_PROFIT_RATIO":4.3371394096,"ROE_AVG":5.40591061181,"GROSS_PROFIT_QOQ":-3.887106740953,"ROA":3.203189898654,"HOLDER_PROFIT_QOQ":-19.111221546057,"ROE_YEARLY":5.40591061181,"ROIC_YEARLY":4.56677246672,"TOTAL_ASSETS":467370092.4,"TOTAL_LIABILITIES":163289432.4,"TAX_EBT":17.333901192504,"OCF_SALES":15.378857283311,"TOTAL_PARENT_EQUITY":290433326.4,"DEBT_ASSET_RATIO":34.9379292889,"OPERATE_PROFIT":29316494.4,"PRETAX_PROFIT":25251331.2,"NETCASH_OPERATE":74017158,"NETCASH_INVEST":-26805342,"NETCASH_FINANCE":-31488883.2,"END_CASH":85363050,"DIVI_RATIO":0.442886820219,"DIVIDEND_RATE":6.333333333333,"CURRENT_RATIO":3.823382688532,"COMMON_ACS":10000000000,"CURRENTDEBT_DEBT":62.050910527876,"ISSUED_COMMON_SHARES":2000000000,"HK_COMMON_SHARES":2000000000,"PER_SHARES":10000,"TOTAL_MARKET_CAP":120000000,"HKSK_MARKET_CAP":120000000,"PE_TTM":8.096594924907,"PB_TTM":0.385797689966,"REPORT_DATE_SQ":"2022-12-31 00:00:00","REPORT_TYPE_SQ":"2022年年报","OPERATE_INCOME_SQ":500298727.5,"DPS_HKD":0.0038,"OPERATE_INCOME_QOQ_SQ":23.445799033444,"NET_PROFIT_RATIO_SQ":5.3468013468,"HOLDER_PROFIT_SQ":23546823.3,"HOLDER_PROFIT_QOQ_SQ":45.311436427874,"ROE_AVG_SQ":8.648638358225,"PE_TTM_SQ":6.663609789305,"PB_TTM_SQ":0.459178017993,"ROA_SQ":4.686814915688,"START_DATE":"2023-01-01 00:00:00","FISCAL_YEAR":"12-31","CURRENCY":"HKD","IS_CNY_CODE":0,"DPS_HKD_LY":0.0038,"ORG_TYPE":"一般企业","PREMIUM_INCOME":null,"PREMIUM_INCOME_YOY":null,"NET_INTEREST_INCOME":null,"NET_INTEREST_INCOME_YOY":null,"FEE_COMMISSION_INCOME":null,"FEE_COMMISSION_INCOME_YOY":null,"ACCOUNTS_RECE_TDAYS":9.745862369338,"INVENTORY_TDAYS":1.615171837896,"CURRENT_ASSETS_TDAYS":1.198944463793,"TOTAL_ASSETS_TDAYS":0.991371767182,"PREMIUM_EXPENSE":null,"LOAN_DEPOSIT":null,"LOAN_EQUITY":null,"LOAN_ASSETS":null,"DEPOSIT_EQUITY":null,"DEPOSIT_ASSETS":null,"EQUITY_MULTIPLIER":1.536993810788,"EQUITY_RATIO":0.562226912538},{"SECUCODE":"01545.HK","SECURITY_CODE":"01545","SECURITY_NAME_ABBR":"设计都会","ORG_CODE":"10931394","STD_REPORT_DATE":"2023-06-30 00:00:00","REPORT_DATE":"2023-06-30 00:00:00","DATE_TYPE_CODE":"002","REPORT_TYPE":"2023年中报","PER_NETCASH_OPERATE":0.0155115405,"PER_OI":0.1238384745,"BPS":0.14055246,"BASIC_EPS":0.00160326,"DILUTED_EPS":0.00160326,"OPERATE_INCOME":247676949,"OPERATE_INCOME_YOY":3.6847286232,"GROSS_PROFIT":68453857.8,"GROSS_PROFIT_YOY":7.658258629475,"HOLDER_PROFIT":3505795.2,"HOLDER_PROFIT_YOY":-59.6307692308,"GROSS_PROFIT_RATIO":27.638364440609,"EPS_TTM":0.00961249675,"OPERATE_INCOME_QOQ":6.469471381975,"NET_PROFIT_RATIO":1.5816161398,"ROE_AVG":1.242636055388,"GROSS_PROFIT_QOQ":3.254876409263,"ROA":0.711354012481,"HOLDER_PROFIT_QOQ":-18.354194724857,"ROE_YEARLY":2.485272110776,"ROIC_YEARLY":1.94554837179,"TOTAL_ASSETS":485167852.8,"TOTAL_LIABILITIES":192065203.8,"TAX_EBT":30.914231856739,"OCF_SALES":12.525623044557,"TOTAL_PARENT_EQUITY":281104920,"DEBT_ASSET_RATIO":39.5873722242,"OPERATE_PROFIT":7781155.2,"PRETAX_PROFIT":5670196.2,"NETCASH_OPERATE":31023081,"NETCASH_INVEST":-11596914,"NETCASH_FINANCE":-10581516,"END_CASH":78388725.6,"DIVI_RATIO":0.358245738809,"DIVIDEND_RATE":6.333333333333,"CURRENT_RATIO":3.171028350948,"COMMON_ACS":10000000000,"CURRENTDEBT_DEBT":66.345752525112,"ISSUED_COMMON_SHARES":2000000000,"HK_COMMON_SHARES":2000000000,"PER_SHARES":10000,"TOTAL_MARKET_CAP":120000000,"HKSK_MARKET_CAP":120000000,"PE_TTM":8.096594924907,"PB_TTM":0.385797689966,"REPORT_DATE_SQ":"2022-06-30 00:00:00","REPORT_TYPE_SQ":"2022年中报","OPERATE_INCOME_SQ":215310266,"DPS_HKD":0.0038,"OPERATE_INCOME_QOQ_SQ":-3.675473298358,"NET_PROFIT_RATIO_SQ":4.190344087,"HOLDER_PROFIT_SQ":7827625,"HOLDER_PROFIT_QOQ_SQ":-28.504155758485,"ROE_AVG_SQ":3.152952133336,"PE_TTM_SQ":6.663609789305,"PB_TTM_SQ":0.459178017993,"ROA_SQ":1.605025458173,"START_DATE":"2023-01-01 00:00:00","FISCAL_YEAR":"12-31","CURRENCY":"HKD","IS_CNY_CODE":0,"DPS_HKD_LY":0.0038,"ORG_TYPE":"一般企业","PREMIUM_INCOME":null,"PREMIUM_INCOME_YOY":null,"NET_INTEREST_INCOME":null,"NET_INTEREST_INCOME_YOY":null,"FEE_COMMISSION_INCOME":null,"FEE_COMMISSION_INCOME_YOY":null,"ACCOUNTS_RECE_TDAYS":4.535845363347,"INVENTORY_TDAYS":0.825044590688,"CURRENT_ASSETS_TDAYS":0.60631631278,"TOTAL_ASSETS_TDAYS":0.502556428482,"PREMIUM_EXPENSE":null,"LOAN_DEPOSIT":null,"LOAN_EQUITY":null,"LOAN_ASSETS":null,"DEPOSIT_EQUITY":null,"DEPOSIT_ASSETS":null,"EQUITY_MULTIPLIER":1.655283070472,"EQUITY_RATIO":0.68325095057},{"SECUCODE":"01545.HK","SECURITY_CODE":"01545","SECURITY_NAME_ABBR":"设计都会","ORG_CODE":"10931394","STD_REPORT_DATE":"2022-12-31 00:00:00","REPORT_DATE":"2022-12-31 00:00:00","DATE_TYPE_CODE":"001","REPORT_TYPE":"2022年年报","PER_NETCASH_OPERATE":-0.0281649654,"PER_OI":0.25014936375,"BPS":0.1373055021,"BASIC_EPS":0.01192113,"DILUTED_EPS":0.01192113,"OPERATE_INCOME":500298727.5,"OPERATE_INCOME_YOY":8.2361516035,"GROSS_PROFIT":149604998.4,"GROSS_PROFIT_YOY":17.128070537886,"HOLDER_PROFIT":23546823.3,"HOLDER_PROFIT_YOY":-5.4329725229,"GROSS_PROFIT_RATIO":29.903133903134,"EPS_TTM":0.01177341165,"OPERATE_INCOME_QOQ":23.445799033444,"NET_PROFIT_RATIO":5.3468013468,"ROE_AVG":8.648638358225,"GROSS_PROFIT_QOQ":20.24182352959,"ROA":4.686814915688,"HOLDER_PROFIT_QOQ":45.311436427874,"ROE_YEARLY":8.648638358225,"ROIC_YEARLY":7.13646145871,"TOTAL_ASSETS":485412864.3,"TOTAL_LIABILITIES":199637462.7,"TAX_EBT":20.904214559387,"OCF_SALES":-11.259259259259,"TOTAL_PARENT_EQUITY":274611004.2,"DEBT_ASSET_RATIO":41.1273531013,"OPERATE_PROFIT":38329024.5,"PRETAX_PROFIT":33819727.5,"NETCASH_OPERATE":-56329930.8,"NETCASH_INVEST":67463229.6,"NETCASH_FINANCE":-47202491.7,"END_CASH":67229990.1,"DIVI_RATIO":0.292492618314,"DIVIDEND_RATE":6.333333333333,"CURRENT_RATIO":3.06664020639,"COMMON_ACS":10000000000,"CURRENTDEBT_DEBT":65.412674922761,"ISSUED_COMMON_SHARES":2000000000,"HK_COMMON_SHARES":2000000000,"PER_SHARES":10000,"TOTAL_MARKET_CAP":120000000,"HKSK_MARKET_CAP":120000000,"PE_TTM":8.096594924907,"PB_TTM":0.385797689966,"REPORT_DATE_SQ":"2021-12-31 00:00:00","REPORT_TYPE_SQ":"2021年年报","OPERATE_INCOME_SQ":420742322,"DPS_HKD":0.0038,"OPERATE_INCOME_QOQ_SQ":-16.087756570482,"NET_PROFIT_RATIO_SQ":6.6382596995,"HOLDER_PROFIT_SQ":22664791.6,"HOLDER_PROFIT_QOQ_SQ":-33.88201294397,"ROE_AVG_SQ":8.830233071098,"PE_TTM_SQ":6.663609789305,"PB_TTM_SQ":0.459178017993,"ROA_SQ":4.787674031552,"START_DATE":"2022-01-01 00:00:00","FISCAL_YEAR":"12-31","CURRENCY":"HKD","IS_CNY_CODE":0,"DPS_HKD_LY":0.01,"ORG_TYPE":"一般企业","PREMIUM_INCOME":null,"PREMIUM_INCOME_YOY":null,"NET_INTEREST_INCOME":null,"NET_INTEREST_INCOME_YOY":null,"FEE_COMMISSION_INCOME":null,"FEE_COMMISSION_INCOME_YOY":null,"ACCOUNTS_RECE_TDAYS":10.559566787004,"INVENTORY_TDAYS":1.791537585723,"CURRENT_ASSETS_TDAYS":1.204672669749,"TOTAL_ASSETS_TDAYS":0.995806316832,"PREMIUM_EXPENSE":null,"LOAN_DEPOSIT":null,"LOAN_EQUITY":null,"LOAN_ASSETS":null,"DEPOSIT_EQUITY":null,"DEPOSIT_ASSETS":null,"EQUITY_MULTIPLIER":1.698581688913,"EQUITY_RATIO":0.726982748858},{"SECUCODE":"01545.HK","SECURITY_CODE":"01545","SECURITY_NAME_ABBR":"设计都会","ORG_CODE":"10931394","STD_REPORT_DATE":"2022-06-30 00:00:00","REPORT_DATE":"2022-06-30 00:00:00","DATE_TYPE_CODE":"002","REPORT_TYPE":"2022年中报","PER_NETCASH_OPERATE":-0.024292131,"PER_OI":0.107655133,"BPS":0.1228407255,"BASIC_EPS":0.0038536,"DILUTED_EPS":0.0038536,"OPERATE_INCOME":215310266,"OPERATE_INCOME_YOY":-6.978002539,"GROSS_PROFIT":63584400,"GROSS_PROFIT_YOY":-4.94469491583,"HOLDER_PROFIT":7827625,"HOLDER_PROFIT_YOY":-45.3781512605,"GROSS_PROFIT_RATIO":29.531522663206,"EPS_TTM":0.00810219205,"OPERATE_INCOME_QOQ":-3.675473298358,"NET_PROFIT_RATIO":4.190344087,"ROE_AVG":3.152952133336,"GROSS_PROFIT_QOQ":-2.589575657041,"ROA":1.605025458173,"HOLDER_PROFIT_QOQ":-28.504155758485,"ROE_YEARLY":6.305904266672,"ROIC_YEARLY":5.104084052486,"TOTAL_ASSETS":492677943,"TOTAL_LIABILITIES":231851844,"TAX_EBT":26.404715127701,"OCF_SALES":-22.564767998568,"TOTAL_PARENT_EQUITY":245681451,"DEBT_ASSET_RATIO":47.0595136832,"OPERATE_PROFIT":14320941,"PRETAX_PROFIT":12259265,"NETCASH_OPERATE":-48584262,"NETCASH_INVEST":31922259,"NETCASH_FINANCE":-10399903,"END_CASH":68902368,"DIVI_RATIO":0.425025225118,"DIVIDEND_RATE":6.333333333333,"CURRENT_RATIO":2.512101534829,"COMMON_ACS":10000000000,"CURRENTDEBT_DEBT":70.389761489238,"ISSUED_COMMON_SHARES":2000000000,"HK_COMMON_SHARES":2000000000,"PER_SHARES":10000,"TOTAL_MARKET_CAP":120000000,"HKSK_MARKET_CAP":120000000,"PE_TTM":8.096594924907,"PB_TTM":0.385797689966,"REPORT_DATE_SQ":"2021-06-30 00:00:00","REPORT_TYPE_SQ":"2021年中报","OPERATE_INCOME_SQ":230774537.7,"DPS_HKD":0.0038,"OPERATE_INCOME_QOQ_SQ":-11.031718110419,"NET_PROFIT_RATIO_SQ":7.2610351502,"HOLDER_PROFIT_SQ":14288032.5,"HOLDER_PROFIT_QOQ_SQ":-6.241792778633,"ROE_AVG_SQ":5.570848079696,"PE_TTM_SQ":6.663609789305,"PB_TTM_SQ":0.459178017993,"ROA_SQ":2.904209884076,"START_DATE":"2022-01-01 00:00:00","FISCAL_YEAR":"12-31","CURRENCY":"HKD","IS_CNY_CODE":0,"DPS_HKD_LY":0.01,"ORG_TYPE":"一般企业","PREMIUM_INCOME":null,"PREMIUM_INCOME_YOY":null,"NET_INTEREST_INCOME":null,"NET_INTEREST_INCOME_YOY":null,"FEE_COMMISSION_INCOME":null,"FEE_COMMISSION_INCOME_YOY":null,"ACCOUNTS_RECE_TDAYS":5.346330961067,"INVENTORY_TDAYS":0.81225421303,"CURRENT_ASSETS_TDAYS":0.531811989506,"TOTAL_ASSETS_TDAYS":0.441485710335,"PREMIUM_EXPENSE":null,"LOAN_DEPOSIT":null,"LOAN_EQUITY":null,"LOAN_ASSETS":null,"DEPOSIT_EQUITY":null,"DEPOSIT_ASSETS":null,"EQUITY_MULTIPLIER":1.888913513215,"EQUITY_RATIO":0.943709193577},{"SECUCODE":"01545.HK","SECURITY_CODE":"01545","SECURITY_NAME_ABBR":"设计都会","ORG_CODE":"10931394","STD_REPORT_DATE":"2021-12-31 00:00:00","REPORT_DATE":"2021-12-31 00:00:00","DATE_TYPE_CODE":"001","REPORT_TYPE":"2021年年报","PER_NETCASH_OPERATE":0.0120589524,"PER_OI":0.210371161,"BPS":0.12284232125,"BASIC_EPS":0.01132296,"DILUTED_EPS":0.01132296,"OPERATE_INCOME":420742322,"OPERATE_INCOME_YOY":-21.9663294949,"GROSS_PROFIT":127727706.7,"GROSS_PROFIT_YOY":-20.39065095595,"HOLDER_PROFIT":22664791.6,"HOLDER_PROFIT_YOY":-35.2036687348,"GROSS_PROFIT_RATIO":30.357703520969,"EPS_TTM":0.0113323958,"OPERATE_INCOME_QOQ":-16.087756570482,"NET_PROFIT_RATIO":6.6382596995,"ROE_AVG":8.830233071098,"GROSS_PROFIT_QOQ":-13.857649178062,"ROA":4.787674031552,"HOLDER_PROFIT_QOQ":-33.88201294397,"ROE_YEARLY":8.830233071098,"ROIC_YEARLY":9.146817463491,"TOTAL_ASSETS":472780759,"TOTAL_LIABILITIES":213626512,"TAX_EBT":19.313070737359,"OCF_SALES":5.732226956717,"TOTAL_PARENT_EQUITY":245684642.5,"DEBT_ASSET_RATIO":45.1851112663,"OPERATE_PROFIT":38488628.2,"PRETAX_PROFIT":34615232.3,"NETCASH_OPERATE":24117904.8,"NETCASH_INVEST":49000109.4,"NETCASH_FINANCE":-67140434.9,"END_CASH":93546521.2,"DIVI_RATIO":0.303875372937,"DIVIDEND_RATE":6.333333333333,"CURRENT_RATIO":2.655414053501,"COMMON_ACS":10000000000,"CURRENTDEBT_DEBT":69.019434628975,"ISSUED_COMMON_SHARES":2000000000,"HK_COMMON_SHARES":2000000000,"PER_SHARES":10000,"TOTAL_MARKET_CAP":120000000,"HKSK_MARKET_CAP":120000000,"PE_TTM":8.096594924907,"PB_TTM":0.385797689966,"REPORT_DATE_SQ":"2020-12-31 00:00:00","REPORT_TYPE_SQ":"2020年年报","OPERATE_INCOME_SQ":563580117.6,"DPS_HKD":0.0038,"OPERATE_INCOME_QOQ_SQ":-7.45174362157,"NET_PROFIT_RATIO_SQ":7.7044905674,"HOLDER_PROFIT_SQ":36561399.6,"HOLDER_PROFIT_QOQ_SQ":4.808814712264,"ROE_AVG_SQ":13.519698751789,"PE_TTM_SQ":6.663609789305,"PB_TTM_SQ":0.459178017993,"ROA_SQ":8.014095468696,"START_DATE":"2021-01-01 00:00:00","FISCAL_YEAR":"12-31","CURRENCY":"HKD","IS_CNY_CODE":0,"DPS_HKD_LY":0.016,"ORG_TYPE":"一般企业","PREMIUM_INCOME":null,"PREMIUM_INCOME_YOY":null,"NET_INTEREST_INCOME":null,"NET_INTEREST_INCOME_YOY":null,"FEE_COMMISSION_INCOME":null,"FEE_COMMISSION_INCOME_YOY":null,"ACCOUNTS_RECE_TDAYS":9.09211398277,"INVENTORY_TDAYS":2.402127248114,"CURRENT_ASSETS_TDAYS":1.070883917528,"TOTAL_ASSETS_TDAYS":0.888769296698,"PREMIUM_EXPENSE":null,"LOAN_DEPOSIT":null,"LOAN_EQUITY":null,"LOAN_ASSETS":null,"DEPOSIT_EQUITY":null,"DEPOSIT_ASSETS":null,"EQUITY_MULTIPLIER":1.824321864189,"EQUITY_RATIO":0.86951512242},{"SECUCODE":"01545.HK","SECURITY_CODE":"01545","SECURITY_NAME_ABBR":"设计都会","ORG_CODE":"10931394","STD_REPORT_DATE":"2021-06-30 00:00:00","REPORT_DATE":"2021-06-30 00:00:00","DATE_TYPE_CODE":"002","REPORT_TYPE":"2021年中报","PER_NETCASH_OPERATE":0.01780601025,"PER_OI":0.11538726885,"BPS":0.12024279855,"BASIC_EPS":0.00720405,"DILUTED_EPS":0.00720405,"OPERATE_INCOME":230774537.7,"OPERATE_INCOME_YOY":-16.6533684868,"GROSS_PROFIT":66892005.6,"GROSS_PROFIT_YOY":-15.390778273823,"HOLDER_PROFIT":14288032.5,"HOLDER_PROFIT_YOY":-8.770315854,"GROSS_PROFIT_RATIO":28.985869180662,"EPS_TTM":0.0171396564,"OPERATE_INCOME_QOQ":-11.031718110419,"NET_PROFIT_RATIO":7.2610351502,"ROE_AVG":5.570848079696,"GROSS_PROFIT_QOQ":-7.583960404554,"ROA":2.904209884076,"HOLDER_PROFIT_QOQ":-6.241792778633,"ROE_YEARLY":11.141696159392,"ROIC_YEARLY":12.474840657498,"TOTAL_ASSETS":501416288.1,"TOTAL_LIABILITIES":249774018.9,"TAX_EBT":23.183619550859,"OCF_SALES":15.431520675949,"TOTAL_PARENT_EQUITY":240485597.1,"DEBT_ASSET_RATIO":49.8137026714,"OPERATE_PROFIT":23710929.9,"PRETAX_PROFIT":21813863.4,"NETCASH_OPERATE":35612020.5,"NETCASH_INVEST":85430427.6,"NETCASH_FINANCE":-13188214.2,"END_CASH":196728197.4,"DIVI_RATIO":0.200916279745,"DIVIDEND_RATE":6.333333333333,"CURRENT_RATIO":2.292850764301,"COMMON_ACS":10000000000,"CURRENTDEBT_DEBT":73.209375660969,"ISSUED_COMMON_SHARES":2000000000,"HK_COMMON_SHARES":2000000000,"PER_SHARES":10000,"TOTAL_MARKET_CAP":120000000,"HKSK_MARKET_CAP":120000000,"PE_TTM":8.096594924907,"PB_TTM":0.385797689966,"REPORT_DATE_SQ":"2020-06-30 00:00:00","REPORT_TYPE_SQ":"2020年中报","OPERATE_INCOME_SQ":292947107.6,"DPS_HKD":0.0038,"OPERATE_INCOME_QOQ_SQ":2.075437899448,"NET_PROFIT_RATIO_SQ":6.2859918129,"HOLDER_PROFIT_SQ":16570119.3,"HOLDER_PROFIT_QOQ_SQ":10.947555044281,"ROE_AVG_SQ":6.104912385802,"PE_TTM_SQ":6.663609789305,"PB_TTM_SQ":0.459178017993,"ROA_SQ":3.569513009403,"START_DATE":"2021-01-01 00:00:00","FISCAL_YEAR":"12-31","CURRENCY":"HKD","IS_CNY_CODE":0,"DPS_HKD_LY":0.016,"ORG_TYPE":"一般企业","PREMIUM_INCOME":null,"PREMIUM_INCOME_YOY":null,"NET_INTEREST_INCOME":null,"NET_INTEREST_INCOME_YOY":null,"FEE_COMMISSION_INCOME":null,"FEE_COMMISSION_INCOME_YOY":null,"ACCOUNTS_RECE_TDAYS":4.586331965257,"INVENTORY_TDAYS":1.704147626539,"CURRENT_ASSETS_TDAYS":0.562444034764,"TOTAL_ASSETS_TDAYS":0.469076266016,"PREMIUM_EXPENSE":null,"LOAN_DEPOSIT":null,"LOAN_EQUITY":null,"LOAN_ASSETS":null,"DEPOSIT_EQUITY":null,"DEPOSIT_ASSETS":null,"EQUITY_MULTIPLIER":1.992575769144,"EQUITY_RATIO":1.03862360953},{"SECUCODE":"01545.HK","SECURITY_CODE":"01545","SECURITY_NAME_ABBR":"设计都会","ORG_CODE":"10931394","STD_REPORT_DATE":"2020-12-31 00:00:00","REPORT_DATE":"2020-12-31 00:00:00","DATE_TYPE_CODE":"001","REPORT_TYPE":"2020年年报","PER_NETCASH_OPERATE":0.0561637146,"PER_OI":0.2817900588,"BPS":0.1398865581,"BASIC_EPS":0.01824618,"DILUTED_EPS":0.01824618,"OPERATE_INCOME":563580117.6,"OPERATE_INCOME_YOY":-0.8854776462,"GROSS_PROFIT":160443099,"GROSS_PROFIT_YOY":-11.870608725418,"HOLDER_PROFIT":36561399.6,"HOLDER_PROFIT_YOY":22.0009873293,"GROSS_PROFIT_RATIO":28.46855202828,"EPS_TTM":0.0182806998,"OPERATE_INCOME_QOQ":-7.45174362157,"NET_PROFIT_RATIO":7.7044905674,"ROE_AVG":13.519698751789,"GROSS_PROFIT_QOQ":-7.447393203557,"ROA":8.014095468696,"HOLDER_PROFIT_QOQ":4.808814712264,"ROE_YEARLY":13.519698751789,"ROIC_YEARLY":15.613680397608,"TOTAL_ASSETS":495467620.8,"TOTAL_LIABILITIES":206783464.8,"TAX_EBT":17.463442069741,"OCF_SALES":19.931048965735,"TOTAL_PARENT_EQUITY":279773116.2,"DEBT_ASSET_RATIO":41.7350107493,"OPERATE_PROFIT":56247548.4,"PRETAX_PROFIT":52608175.2,"NETCASH_OPERATE":112327429.2,"NETCASH_INVEST":-131032229.4,"NETCASH_FINANCE":-33878718,"END_CASH":90210100.2,"DIVI_RATIO":0.188375501905,"DIVIDEND_RATE":6.333333333333,"CURRENT_RATIO":2.93805154168,"COMMON_ACS":10000000000,"CURRENTDEBT_DEBT":67.831250596203,"ISSUED_COMMON_SHARES":2000000000,"HK_COMMON_SHARES":2000000000,"PER_SHARES":10000,"TOTAL_MARKET_CAP":120000000,"HKSK_MARKET_CAP":120000000,"PE_TTM":8.096594924907,"PB_TTM":0.385797689966,"REPORT_DATE_SQ":"2019-12-31 00:00:00","REPORT_TYPE_SQ":"2019年年报","OPERATE_INCOME_SQ":596576539.5,"DPS_HKD":0.0038,"OPERATE_INCOME_QOQ_SQ":2.685154055185,"NET_PROFIT_RATIO_SQ":6.9762803001,"HOLDER_PROFIT_SQ":31441790.3,"HOLDER_PROFIT_QOQ_SQ":-6.50321685259,"ROE_AVG_SQ":15.600251575556,"PE_TTM_SQ":6.663609789305,"PB_TTM_SQ":0.459178017993,"ROA_SQ":8.08633227547,"START_DATE":"2020-01-01 00:00:00","FISCAL_YEAR":"12-31","CURRENCY":"HKD","IS_CNY_CODE":0,"DPS_HKD_LY":0.0088,"ORG_TYPE":"一般企业","PREMIUM_INCOME":null,"PREMIUM_INCOME_YOY":null,"NET_INTEREST_INCOME":null,"NET_INTEREST_INCOME_YOY":null,"FEE_COMMISSION_INCOME":null,"FEE_COMMISSION_INCOME_YOY":null,"ACCOUNTS_RECE_TDAYS":8.939612015019,"INVENTORY_TDAYS":3.548133680556,"CURRENT_ASSETS_TDAYS":1.407031216335,"TOTAL_ASSETS_TDAYS":1.235342442062,"PREMIUM_EXPENSE":null,"LOAN_DEPOSIT":null,"LOAN_EQUITY":null,"LOAN_ASSETS":null,"DEPOSIT_EQUITY":null,"DEPOSIT_ASSETS":null,"EQUITY_MULTIPLIER":1.716296549369,"EQUITY_RATIO":0.739111275624},{"SECUCODE":"01545.HK","SECURITY_CODE":"01545","SECURITY_NAME_ABBR":"设计都会","ORG_CODE":"10931394","STD_REPORT_DATE":"2020-06-30 00:00:00","REPORT_DATE":"2020-06-30 00:00:00","DATE_TYPE_CODE":"002","REPORT_TYPE":"2020年中报","PER_NETCASH_OPERATE":0.0358993845,"PER_OI":0.1464735538,"BPS":0.1369105472,"BASIC_EPS":0.00813008,"DILUTED_EPS":0.00813008,"OPERATE_INCOME":292947107.6,"OPERATE_INCOME_YOY":4.3966391424,"GROSS_PROFIT":79059946.7,"GROSS_PROFIT_YOY":-9.914032678712,"HOLDER_PROFIT":16570119.3,"HOLDER_PROFIT_YOY":26.1996904025,"GROSS_PROFIT_RATIO":26.987788801776,"EPS_TTM":0.0174419488,"OPERATE_INCOME_QOQ":2.075437899448,"NET_PROFIT_RATIO":6.2859918129,"ROE_AVG":6.104912385802,"GROSS_PROFIT_QOQ":-4.779136617502,"ROA":3.569513009403,"HOLDER_PROFIT_QOQ":10.947555044281,"ROE_YEARLY":12.209824771604,"ROIC_YEARLY":13.883685286104,"TOTAL_ASSETS":498790570.6,"TOTAL_LIABILITIES":213516226,"TAX_EBT":21.337095723898,"OCF_SALES":24.509123707764,"TOTAL_PARENT_EQUITY":273821094.4,"DEBT_ASSET_RATIO":42.8067887777,"OPERATE_PROFIT":25233735.8,"PRETAX_PROFIT":23409549.1,"NETCASH_OPERATE":71798769,"NETCASH_INVEST":-35116864.3,"NETCASH_FINANCE":-8882112.4,"END_CASH":178084321.1,"DIVI_RATIO":0.197434130755,"DIVIDEND_RATE":6.333333333333,"CURRENT_RATIO":2.730414746544,"COMMON_ACS":10000000000,"CURRENTDEBT_DEBT":73.331746787244,"ISSUED_COMMON_SHARES":2000000000,"HK_COMMON_SHARES":2000000000,"PER_SHARES":10000,"TOTAL_MARKET_CAP":120000000,"HKSK_MARKET_CAP":120000000,"PE_TTM":8.096594924907,"PB_TTM":0.385797689966,"REPORT_DATE_SQ":"2019-06-30 00:00:00","REPORT_TYPE_SQ":"2019年中报","OPERATE_INCOME_SQ":280565532,"DPS_HKD":0.0038,"OPERATE_INCOME_QOQ_SQ":5.747359096269,"NET_PROFIT_RATIO_SQ":6.1096624656,"HOLDER_PROFIT_SQ":13128012,"HOLDER_PROFIT_QOQ_SQ":18.766238351008,"ROE_AVG_SQ":6.942597294429,"PE_TTM_SQ":6.663609789305,"PB_TTM_SQ":0.459178017993,"ROA_SQ":3.575629263703,"START_DATE":"2020-01-01 00:00:00","FISCAL_YEAR":"12-31","CURRENCY":"HKD","IS_CNY_CODE":0,"DPS_HKD_LY":0.0088,"ORG_TYPE":"一般企业","PREMIUM_INCOME":null,"PREMIUM_INCOME_YOY":null,"NET_INTEREST_INCOME":null,"NET_INTEREST_INCOME_YOY":null,"FEE_COMMISSION_INCOME":null,"FEE_COMMISSION_INCOME_YOY":null,"ACCOUNTS_RECE_TDAYS":4.188303668725,"INVENTORY_TDAYS":1.859642147117,"CURRENT_ASSETS_TDAYS":0.70732141214,"TOTAL_ASSETS_TDAYS":0.631062753812,"PREMIUM_EXPENSE":null,"LOAN_DEPOSIT":null,"LOAN_EQUITY":null,"LOAN_ASSETS":null,"DEPOSIT_EQUITY":null,"DEPOSIT_ASSETS":null,"EQUITY_MULTIPLIER":1.748459264008,"EQUITY_RATIO":0.77976543943}],"count":16},"success":true,"message":"ok","code":0}