{"version":"b98b4f0641165550c72a04eda33c2f2d","result":{"pages":3,"data":[{"SECUCODE":"01543.HK","SECURITY_CODE":"01543","SECURITY_NAME_ABBR":"中盈盛达融资担保","ORG_CODE":"10472730","STD_REPORT_DATE":"2024-06-30 00:00:00","REPORT_DATE":"2024-06-30 00:00:00","DATE_TYPE_CODE":"002","REPORT_TYPE":"2024年中报","PER_NETCASH_OPERATE":-0.218843926452,"PER_OI":0.113537179842,"BPS":1.283991792563,"BASIC_EPS":0.01,"DILUTED_EPS":0.01,"OPERATE_INCOME":177208000,"OPERATE_INCOME_YOY":9.7453428458,"GROSS_PROFIT":null,"GROSS_PROFIT_YOY":null,"HOLDER_PROFIT":21619000,"HOLDER_PROFIT_YOY":9.1978987777,"GROSS_PROFIT_RATIO":null,"EPS_TTM":0.025769597933,"OPERATE_INCOME_QOQ":4.367156408364,"NET_PROFIT_RATIO":14.0428197373,"ROE_AVG":1.075445868047,"GROSS_PROFIT_QOQ":null,"ROA":0.576628988896,"HOLDER_PROFIT_QOQ":4.7421875,"ROE_YEARLY":2.150891736095,"ROIC_YEARLY":1.820344256325,"TOTAL_ASSETS":3710171000,"TOTAL_LIABILITIES":1371088000,"TAX_EBT":37.012756909993,"OCF_SALES":-192.750891607602,"TOTAL_PARENT_EQUITY":2004045000,"DEBT_ASSET_RATIO":36.9548465556,"OPERATE_PROFIT":35448000,"PRETAX_PROFIT":39508000,"NETCASH_OPERATE":-341570000,"NETCASH_INVEST":88541000,"NETCASH_FINANCE":-35106000,"END_CASH":545219000,"DIVI_RATIO":0.772250744933,"DIVIDEND_RATE":6.8625,"CURRENT_RATIO":null,"COMMON_ACS":null,"CURRENTDEBT_DEBT":null,"ISSUED_COMMON_SHARES":1560792687,"HK_COMMON_SHARES":554363334,"PER_SHARES":2000,"TOTAL_MARKET_CAP":499453659.84,"HKSK_MARKET_CAP":177396266.88,"PE_TTM":11.2015646283,"PB_TTM":0.227460643979,"REPORT_DATE_SQ":"2023-06-30 00:00:00","REPORT_TYPE_SQ":"2023年中报","OPERATE_INCOME_SQ":161472000,"DPS_HKD":0.02196,"OPERATE_INCOME_QOQ_SQ":0.281972041969,"NET_PROFIT_RATIO_SQ":17.0966252309,"HOLDER_PROFIT_SQ":19798000,"HOLDER_PROFIT_QOQ_SQ":-14.45446432765,"ROE_AVG_SQ":0.966403587965,"PE_TTM_SQ":30.978081856445,"PB_TTM_SQ":0.545328123071,"ROA_SQ":0.53498955449,"START_DATE":"2024-01-01 00:00:00","FISCAL_YEAR":"12-31","CURRENCY":"HKD","IS_CNY_CODE":0,"DPS_HKD_LY":0.02196,"ORG_TYPE":"保险","PREMIUM_INCOME":119576000,"PREMIUM_INCOME_YOY":10.136224221938,"NET_INTEREST_INCOME":null,"NET_INTEREST_INCOME_YOY":null,"FEE_COMMISSION_INCOME":null,"FEE_COMMISSION_INCOME_YOY":null,"ACCOUNTS_RECE_TDAYS":null,"INVENTORY_TDAYS":null,"CURRENT_ASSETS_TDAYS":null,"TOTAL_ASSETS_TDAYS":0.034696960382,"PREMIUM_EXPENSE":null,"LOAN_DEPOSIT":null,"LOAN_EQUITY":null,"LOAN_ASSETS":null,"DEPOSIT_EQUITY":null,"DEPOSIT_ASSETS":null,"EQUITY_MULTIPLIER":1.586164749178,"EQUITY_RATIO":0.684160285822},{"SECUCODE":"01543.HK","SECURITY_CODE":"01543","SECURITY_NAME_ABBR":"中盈盛达融资担保","ORG_CODE":"10472730","STD_REPORT_DATE":"2023-12-31 00:00:00","REPORT_DATE":"2023-12-31 00:00:00","DATE_TYPE_CODE":"001","REPORT_TYPE":"2023年年报","PER_NETCASH_OPERATE":-0.021892721746,"PER_OI":0.230860897159,"BPS":1.291924940958,"BASIC_EPS":0.02,"DILUTED_EPS":0.02,"OPERATE_INCOME":360326000,"OPERATE_INCOME_YOY":12.909907341,"GROSS_PROFIT":null,"GROSS_PROFIT_YOY":null,"HOLDER_PROFIT":38400000,"HOLDER_PROFIT_YOY":-9.8210511484,"GROSS_PROFIT_RATIO":null,"EPS_TTM":0.024602883086,"OPERATE_INCOME_QOQ":13.076087843393,"NET_PROFIT_RATIO":11.6178127584,"ROE_AVG":1.881526084248,"GROSS_PROFIT_QOQ":null,"ROA":1.029576736714,"HOLDER_PROFIT_QOQ":5.416312076207,"ROE_YEARLY":1.881526084248,"ROIC_YEARLY":1.696792465711,"TOTAL_ASSETS":3788238000,"TOTAL_LIABILITIES":1432492000,"TAX_EBT":44.412280235832,"OCF_SALES":-9.483079211603,"TOTAL_PARENT_EQUITY":2016427000,"DEBT_ASSET_RATIO":37.8142028035,"OPERATE_PROFIT":62753000,"PRETAX_PROFIT":75308000,"NETCASH_OPERATE":-34170000,"NETCASH_INVEST":-218553000,"NETCASH_FINANCE":241196000,"END_CASH":833200000,"DIVI_RATIO":0.808872323228,"DIVIDEND_RATE":4.392,"CURRENT_RATIO":null,"COMMON_ACS":null,"CURRENTDEBT_DEBT":null,"ISSUED_COMMON_SHARES":1560792687,"HK_COMMON_SHARES":554363334,"PER_SHARES":2000,"TOTAL_MARKET_CAP":780396343.5,"HKSK_MARKET_CAP":277181667,"PE_TTM":17.502444731719,"PB_TTM":0.355407256217,"REPORT_DATE_SQ":"2022-12-31 00:00:00","REPORT_TYPE_SQ":"2022年年报","OPERATE_INCOME_SQ":319127000,"DPS_HKD":0.02196,"OPERATE_INCOME_QOQ_SQ":-4.867658021502,"NET_PROFIT_RATIO_SQ":16.5189670256,"HOLDER_PROFIT_SQ":42582000,"HOLDER_PROFIT_QOQ_SQ":-28.699641673085,"ROE_AVG_SQ":2.043742580202,"PE_TTM_SQ":31.380394607827,"PB_TTM_SQ":0.552410306487,"ROA_SQ":1.196761812444,"START_DATE":"2023-01-01 00:00:00","FISCAL_YEAR":"12-31","CURRENCY":"HKD","IS_CNY_CODE":0,"DPS_HKD_LY":0.03817,"ORG_TYPE":"保险","PREMIUM_INCOME":250340000,"PREMIUM_INCOME_YOY":20.856626982978,"NET_INTEREST_INCOME":null,"NET_INTEREST_INCOME_YOY":null,"FEE_COMMISSION_INCOME":null,"FEE_COMMISSION_INCOME_YOY":null,"ACCOUNTS_RECE_TDAYS":null,"INVENTORY_TDAYS":null,"CURRENT_ASSETS_TDAYS":null,"TOTAL_ASSETS_TDAYS":0.073176630324,"PREMIUM_EXPENSE":null,"LOAN_DEPOSIT":null,"LOAN_EQUITY":null,"LOAN_ASSETS":null,"DEPOSIT_EQUITY":null,"DEPOSIT_ASSETS":null,"EQUITY_MULTIPLIER":1.608084233189,"EQUITY_RATIO":0.710411038932},{"SECUCODE":"01543.HK","SECURITY_CODE":"01543","SECURITY_NAME_ABBR":"中盈盛达融资担保","ORG_CODE":"10472730","STD_REPORT_DATE":"2023-06-30 00:00:00","REPORT_DATE":"2023-06-30 00:00:00","DATE_TYPE_CODE":"002","REPORT_TYPE":"2023年中报","PER_NETCASH_OPERATE":0.010511325519,"PER_OI":0.103455123377,"BPS":1.3018301642,"BASIC_EPS":0.01,"DILUTED_EPS":0.01,"OPERATE_INCOME":161472000,"OPERATE_INCOME_YOY":0.5622772228,"GROSS_PROFIT":null,"GROSS_PROFIT_YOY":null,"HOLDER_PROFIT":19798000,"HOLDER_PROFIT_YOY":-23.71594806,"GROSS_PROFIT_RATIO":null,"EPS_TTM":0.023338781828,"OPERATE_INCOME_QOQ":0.281972041969,"NET_PROFIT_RATIO":17.0966252309,"ROE_AVG":0.966403587965,"GROSS_PROFIT_QOQ":null,"ROA":0.53498955449,"HOLDER_PROFIT_QOQ":-14.45446432765,"ROE_YEARLY":1.93280717593,"ROIC_YEARLY":1.681943027345,"TOTAL_ASSETS":3730128000,"TOTAL_LIABILITIES":1352878000,"TAX_EBT":27.845667632341,"OCF_SALES":10.23788128401,"TOTAL_PARENT_EQUITY":2031887000,"DEBT_ASSET_RATIO":36.2689430497,"OPERATE_PROFIT":38427000,"PRETAX_PROFIT":37970000,"NETCASH_OPERATE":16406000,"NETCASH_INVEST":-121376000,"NETCASH_FINANCE":-15294000,"END_CASH":725071000,"DIVI_RATIO":0.852683372552,"DIVIDEND_RATE":4.392,"CURRENT_RATIO":null,"COMMON_ACS":null,"CURRENTDEBT_DEBT":null,"ISSUED_COMMON_SHARES":1560792687,"HK_COMMON_SHARES":554363334,"PER_SHARES":2000,"TOTAL_MARKET_CAP":780396343.5,"HKSK_MARKET_CAP":277181667,"PE_TTM":17.502444731719,"PB_TTM":0.355407256217,"REPORT_DATE_SQ":"2022-06-30 00:00:00","REPORT_TYPE_SQ":"2022年中报","OPERATE_INCOME_SQ":159352000,"DPS_HKD":0.02196,"OPERATE_INCOME_QOQ_SQ":4.806355760693,"NET_PROFIT_RATIO_SQ":20.1020382549,"HOLDER_PROFIT_SQ":25953000,"HOLDER_PROFIT_QOQ_SQ":-27.156744361911,"ROE_AVG_SQ":1.250655072338,"PE_TTM_SQ":31.380394607827,"PB_TTM_SQ":0.552410306487,"ROA_SQ":0.750268200718,"START_DATE":"2023-01-01 00:00:00","FISCAL_YEAR":"12-31","CURRENCY":"HKD","IS_CNY_CODE":0,"DPS_HKD_LY":0.03817,"ORG_TYPE":"保险","PREMIUM_INCOME":108571000,"PREMIUM_INCOME_YOY":16.523745639925,"NET_INTEREST_INCOME":null,"NET_INTEREST_INCOME_YOY":null,"FEE_COMMISSION_INCOME":null,"FEE_COMMISSION_INCOME_YOY":null,"ACCOUNTS_RECE_TDAYS":null,"INVENTORY_TDAYS":null,"CURRENT_ASSETS_TDAYS":null,"TOTAL_ASSETS_TDAYS":0.031596486331,"PREMIUM_EXPENSE":null,"LOAN_DEPOSIT":null,"LOAN_EQUITY":null,"LOAN_ASSETS":null,"DEPOSIT_EQUITY":null,"DEPOSIT_ASSETS":null,"EQUITY_MULTIPLIER":1.569093700705,"EQUITY_RATIO":0.665823443922},{"SECUCODE":"01543.HK","SECURITY_CODE":"01543","SECURITY_NAME_ABBR":"中盈盛达融资担保","ORG_CODE":"10472730","STD_REPORT_DATE":"2022-12-31 00:00:00","REPORT_DATE":"2022-12-31 00:00:00","DATE_TYPE_CODE":"001","REPORT_TYPE":"2022年年报","PER_NETCASH_OPERATE":-0.024069179919,"PER_OI":0.204464694548,"BPS":1.323280162191,"BASIC_EPS":0.03,"DILUTED_EPS":0.03,"OPERATE_INCOME":319127000,"OPERATE_INCOME_YOY":2.4800691452,"GROSS_PROFIT":null,"GROSS_PROFIT_YOY":null,"HOLDER_PROFIT":42582000,"HOLDER_PROFIT_YOY":-48.0624977131,"GROSS_PROFIT_RATIO":null,"EPS_TTM":0.027282290822,"OPERATE_INCOME_QOQ":-4.867658021502,"NET_PROFIT_RATIO":16.5189670256,"ROE_AVG":2.043742580202,"GROSS_PROFIT_QOQ":null,"ROA":1.196761812444,"HOLDER_PROFIT_QOQ":-28.699641673085,"ROE_YEARLY":2.043742580202,"ROIC_YEARLY":1.938378571043,"TOTAL_ASSETS":3671138000,"TOTAL_LIABILITIES":1320178000,"TAX_EBT":24.23573222482,"OCF_SALES":-11.822370201597,"TOTAL_PARENT_EQUITY":2065366000,"DEBT_ASSET_RATIO":35.9610017384,"OPERATE_PROFIT":33735000,"PRETAX_PROFIT":69282000,"NETCASH_OPERATE":-37567000,"NETCASH_INVEST":-154631000,"NETCASH_FINANCE":244731000,"END_CASH":844624000,"DIVI_RATIO":0.729432558638,"DIVIDEND_RATE":4.392,"CURRENT_RATIO":null,"COMMON_ACS":null,"CURRENTDEBT_DEBT":null,"ISSUED_COMMON_SHARES":1560792687,"HK_COMMON_SHARES":554363334,"PER_SHARES":2000,"TOTAL_MARKET_CAP":780396343.5,"HKSK_MARKET_CAP":277181667,"PE_TTM":17.502444731719,"PB_TTM":0.355407256217,"REPORT_DATE_SQ":"2021-12-31 00:00:00","REPORT_TYPE_SQ":"2021年年报","OPERATE_INCOME_SQ":310072000,"DPS_HKD":0.02196,"OPERATE_INCOME_QOQ_SQ":8.313593278979,"NET_PROFIT_RATIO_SQ":30.2328500202,"HOLDER_PROFIT_SQ":81987000,"HOLDER_PROFIT_QOQ_SQ":-16.803320276825,"ROE_AVG_SQ":3.911372377087,"PE_TTM_SQ":31.380394607827,"PB_TTM_SQ":0.552410306487,"ROA_SQ":2.471880538588,"START_DATE":"2022-01-01 00:00:00","FISCAL_YEAR":"12-31","CURRENCY":"HKD","IS_CNY_CODE":0,"DPS_HKD_LY":0.05849,"ORG_TYPE":"保险","PREMIUM_INCOME":207138000,"PREMIUM_INCOME_YOY":-10.492610837438,"NET_INTEREST_INCOME":null,"NET_INTEREST_INCOME_YOY":null,"FEE_COMMISSION_INCOME":null,"FEE_COMMISSION_INCOME_YOY":null,"ACCOUNTS_RECE_TDAYS":null,"INVENTORY_TDAYS":null,"CURRENT_ASSETS_TDAYS":null,"TOTAL_ASSETS_TDAYS":0.062909672476,"PREMIUM_EXPENSE":null,"LOAN_DEPOSIT":null,"LOAN_EQUITY":null,"LOAN_ASSETS":null,"DEPOSIT_EQUITY":null,"DEPOSIT_ASSETS":null,"EQUITY_MULTIPLIER":1.561548473814,"EQUITY_RATIO":0.639198088862},{"SECUCODE":"01543.HK","SECURITY_CODE":"01543","SECURITY_NAME_ABBR":"中盈盛达融资担保","ORG_CODE":"10472730","STD_REPORT_DATE":"2022-06-30 00:00:00","REPORT_DATE":"2022-06-30 00:00:00","DATE_TYPE_CODE":"002","REPORT_TYPE":"2022年中报","PER_NETCASH_OPERATE":-0.116096135963,"PER_OI":0.102096839207,"BPS":1.312544591644,"BASIC_EPS":0.02,"DILUTED_EPS":0.02,"OPERATE_INCOME":159352000,"OPERATE_INCOME_YOY":10.6349889609,"GROSS_PROFIT":null,"GROSS_PROFIT_YOY":null,"HOLDER_PROFIT":25953000,"HOLDER_PROFIT_YOY":-46.17570202,"GROSS_PROFIT_RATIO":null,"EPS_TTM":0.0382638902,"OPERATE_INCOME_QOQ":4.806355760693,"NET_PROFIT_RATIO":20.1020382549,"ROE_AVG":1.250655072338,"GROSS_PROFIT_QOQ":null,"ROA":0.750268200718,"HOLDER_PROFIT_QOQ":-27.156744361911,"ROE_YEARLY":2.501310144676,"ROIC_YEARLY":2.331580208655,"TOTAL_ASSETS":3473261000,"TOTAL_LIABILITIES":1175822000,"TAX_EBT":27.169588250006,"OCF_SALES":-113.711782720016,"TOTAL_PARENT_EQUITY":2048610000,"DEBT_ASSET_RATIO":33.8535457024,"OPERATE_PROFIT":29449000,"PRETAX_PROFIT":43983000,"NETCASH_OPERATE":-181202000,"NETCASH_INVEST":-78201000,"NETCASH_FINANCE":24418000,"END_CASH":552941000,"DIVI_RATIO":0.520088028062,"DIVIDEND_RATE":4.392,"CURRENT_RATIO":null,"COMMON_ACS":null,"CURRENTDEBT_DEBT":null,"ISSUED_COMMON_SHARES":1560792687,"HK_COMMON_SHARES":554363334,"PER_SHARES":2000,"TOTAL_MARKET_CAP":780396343.5,"HKSK_MARKET_CAP":277181667,"PE_TTM":17.502444731719,"PB_TTM":0.355407256217,"REPORT_DATE_SQ":"2021-06-30 00:00:00","REPORT_TYPE_SQ":"2021年中报","OPERATE_INCOME_SQ":144034000,"DPS_HKD":0.02196,"OPERATE_INCOME_QOQ_SQ":-4.058209183956,"NET_PROFIT_RATIO_SQ":38.523580675,"HOLDER_PROFIT_SQ":48218000,"HOLDER_PROFIT_QOQ_SQ":-7.535396943055,"ROE_AVG_SQ":2.327763350013,"PE_TTM_SQ":31.380394607827,"PB_TTM_SQ":0.552410306487,"ROA_SQ":1.435745562351,"START_DATE":"2022-01-01 00:00:00","FISCAL_YEAR":"12-31","CURRENCY":"HKD","IS_CNY_CODE":0,"DPS_HKD_LY":0.05849,"ORG_TYPE":"保险","PREMIUM_INCOME":93175000,"PREMIUM_INCOME_YOY":-17.889402952192,"NET_INTEREST_INCOME":null,"NET_INTEREST_INCOME_YOY":null,"FEE_COMMISSION_INCOME":null,"FEE_COMMISSION_INCOME_YOY":null,"ACCOUNTS_RECE_TDAYS":null,"INVENTORY_TDAYS":null,"CURRENT_ASSETS_TDAYS":null,"TOTAL_ASSETS_TDAYS":0.03012405024,"PREMIUM_EXPENSE":null,"LOAN_DEPOSIT":null,"LOAN_EQUITY":null,"LOAN_ASSETS":null,"DEPOSIT_EQUITY":null,"DEPOSIT_ASSETS":null,"EQUITY_MULTIPLIER":1.511796831166,"EQUITY_RATIO":0.573960880792},{"SECUCODE":"01543.HK","SECURITY_CODE":"01543","SECURITY_NAME_ABBR":"中盈盛达融资担保","ORG_CODE":"10472730","STD_REPORT_DATE":"2021-12-31 00:00:00","REPORT_DATE":"2021-12-31 00:00:00","DATE_TYPE_CODE":"001","REPORT_TYPE":"2021年年报","PER_NETCASH_OPERATE":-0.100060694352,"PER_OI":0.19866315532,"BPS":1.346556155411,"BASIC_EPS":0.05,"DILUTED_EPS":0.05,"OPERATE_INCOME":310072000,"OPERATE_INCOME_YOY":3.9180010891,"GROSS_PROFIT":null,"GROSS_PROFIT_YOY":null,"HOLDER_PROFIT":81987000,"HOLDER_PROFIT_YOY":-23.0725203374,"GROSS_PROFIT_RATIO":null,"EPS_TTM":0.052529077489,"OPERATE_INCOME_QOQ":8.313593278979,"NET_PROFIT_RATIO":30.2328500202,"ROE_AVG":3.911372377087,"GROSS_PROFIT_QOQ":null,"ROA":2.471880538588,"HOLDER_PROFIT_QOQ":-16.803320276825,"ROE_YEARLY":3.911372377087,"ROIC_YEARLY":4.204204974158,"TOTAL_ASSETS":3445065000,"TOTAL_LIABILITIES":1076279000,"TAX_EBT":29.797449908925,"OCF_SALES":-49.002990244836,"TOTAL_PARENT_EQUITY":2101695000,"DEBT_ASSET_RATIO":31.2411812259,"OPERATE_PROFIT":131641000,"PRETAX_PROFIT":137250000,"NETCASH_OPERATE":-156174000,"NETCASH_INVEST":220891000,"NETCASH_FINANCE":72679000,"END_CASH":782441000,"DIVI_RATIO":0.378849051825,"DIVIDEND_RATE":4.392,"CURRENT_RATIO":null,"COMMON_ACS":null,"CURRENTDEBT_DEBT":null,"ISSUED_COMMON_SHARES":1560792687,"HK_COMMON_SHARES":554363334,"PER_SHARES":2000,"TOTAL_MARKET_CAP":780396343.5,"HKSK_MARKET_CAP":277181667,"PE_TTM":17.502444731719,"PB_TTM":0.355407256217,"REPORT_DATE_SQ":"2020-12-31 00:00:00","REPORT_TYPE_SQ":"2020年年报","OPERATE_INCOME_SQ":306687000,"DPS_HKD":0.02196,"OPERATE_INCOME_QOQ_SQ":-10.635340602472,"NET_PROFIT_RATIO_SQ":38.5008167937,"HOLDER_PROFIT_SQ":106577000,"HOLDER_PROFIT_QOQ_SQ":-16.257818147531,"ROE_AVG_SQ":5.100824037436,"PE_TTM_SQ":31.380394607827,"PB_TTM_SQ":0.552410306487,"ROA_SQ":3.340827262018,"START_DATE":"2021-01-01 00:00:00","FISCAL_YEAR":"12-31","CURRENCY":"HKD","IS_CNY_CODE":0,"DPS_HKD_LY":0.07305,"ORG_TYPE":"保险","PREMIUM_INCOME":231420000,"PREMIUM_INCOME_YOY":7.017008407092,"NET_INTEREST_INCOME":null,"NET_INTEREST_INCOME_YOY":null,"FEE_COMMISSION_INCOME":null,"FEE_COMMISSION_INCOME_YOY":null,"ACCOUNTS_RECE_TDAYS":null,"INVENTORY_TDAYS":null,"CURRENT_ASSETS_TDAYS":null,"TOTAL_ASSETS_TDAYS":0.072345928808,"PREMIUM_EXPENSE":null,"LOAN_DEPOSIT":null,"LOAN_EQUITY":null,"LOAN_ASSETS":null,"DEPOSIT_EQUITY":null,"DEPOSIT_ASSETS":null,"EQUITY_MULTIPLIER":1.454358899453,"EQUITY_RATIO":0.512100471286},{"SECUCODE":"01543.HK","SECURITY_CODE":"01543","SECURITY_NAME_ABBR":"中盈盛达融资担保","ORG_CODE":"10472730","STD_REPORT_DATE":"2021-06-30 00:00:00","REPORT_DATE":"2021-06-30 00:00:00","DATE_TYPE_CODE":"002","REPORT_TYPE":"2021年中报","PER_NETCASH_OPERATE":-0.160775356068,"PER_OI":0.092282595376,"BPS":1.314920948243,"BASIC_EPS":0.03,"DILUTED_EPS":0.03,"OPERATE_INCOME":144034000,"OPERATE_INCOME_YOY":-7.6899312936,"GROSS_PROFIT":null,"GROSS_PROFIT_YOY":null,"HOLDER_PROFIT":48218000,"HOLDER_PROFIT_YOY":-14.2775871571,"GROSS_PROFIT_RATIO":null,"EPS_TTM":0.06313843012,"OPERATE_INCOME_QOQ":-4.058209183956,"NET_PROFIT_RATIO":38.523580675,"ROE_AVG":2.327763350013,"GROSS_PROFIT_QOQ":null,"ROA":1.435745562351,"HOLDER_PROFIT_QOQ":-7.535396943055,"ROE_YEARLY":4.655526700027,"ROIC_YEARLY":4.958177141362,"TOTAL_ASSETS":3528281000,"TOTAL_LIABILITIES":1161543000,"TAX_EBT":25.917106448706,"OCF_SALES":-167.960937604584,"TOTAL_PARENT_EQUITY":2052319000,"DEBT_ASSET_RATIO":32.920932318,"OPERATE_PROFIT":144034000,"PRETAX_PROFIT":77690000,"NETCASH_OPERATE":-250937000,"NETCASH_INVEST":90787000,"NETCASH_FINANCE":166048000,"END_CASH":650954000,"DIVI_RATIO":0.315189832281,"DIVIDEND_RATE":4.392,"CURRENT_RATIO":null,"COMMON_ACS":null,"CURRENTDEBT_DEBT":null,"ISSUED_COMMON_SHARES":1560792687,"HK_COMMON_SHARES":554363334,"PER_SHARES":2000,"TOTAL_MARKET_CAP":780396343.5,"HKSK_MARKET_CAP":277181667,"PE_TTM":17.502444731719,"PB_TTM":0.355407256217,"REPORT_DATE_SQ":"2020-06-30 00:00:00","REPORT_TYPE_SQ":"2020年中报","OPERATE_INCOME_SQ":161848000,"DPS_HKD":0.02196,"OPERATE_INCOME_QOQ_SQ":-6.055197560401,"NET_PROFIT_RATIO_SQ":39.1873856952,"HOLDER_PROFIT_SQ":56249000,"HOLDER_PROFIT_QOQ_SQ":-4.42331666141,"ROE_AVG_SQ":2.716542468162,"PE_TTM_SQ":31.380394607827,"PB_TTM_SQ":0.552410306487,"ROA_SQ":1.733837763226,"START_DATE":"2021-01-01 00:00:00","FISCAL_YEAR":"12-31","CURRENCY":"HKD","IS_CNY_CODE":0,"DPS_HKD_LY":0.07305,"ORG_TYPE":"保险","PREMIUM_INCOME":113475000,"PREMIUM_INCOME_YOY":6.168484871166,"NET_INTEREST_INCOME":null,"NET_INTEREST_INCOME_YOY":null,"FEE_COMMISSION_INCOME":null,"FEE_COMMISSION_INCOME_YOY":null,"ACCOUNTS_RECE_TDAYS":null,"INVENTORY_TDAYS":null,"CURRENT_ASSETS_TDAYS":null,"TOTAL_ASSETS_TDAYS":0.032396730045,"PREMIUM_EXPENSE":null,"LOAN_DEPOSIT":null,"LOAN_EQUITY":null,"LOAN_ASSETS":null,"DEPOSIT_EQUITY":null,"DEPOSIT_ASSETS":null,"EQUITY_MULTIPLIER":1.490778024436,"EQUITY_RATIO":0.565966109557},{"SECUCODE":"01543.HK","SECURITY_CODE":"01543","SECURITY_NAME_ABBR":"中盈盛达融资担保","ORG_CODE":"10472730","STD_REPORT_DATE":"2020-12-31 00:00:00","REPORT_DATE":"2020-12-31 00:00:00","DATE_TYPE_CODE":"001","REPORT_TYPE":"2020年年报","PER_NETCASH_OPERATE":-0.014501605619,"PER_OI":0.196494385548,"BPS":1.339410427414,"BASIC_EPS":0.07,"DILUTED_EPS":0.07,"OPERATE_INCOME":306687000,"OPERATE_INCOME_YOY":-16.2757366792,"GROSS_PROFIT":null,"GROSS_PROFIT_YOY":null,"HOLDER_PROFIT":106577000,"HOLDER_PROFIT_YOY":-19.96200003,"GROSS_PROFIT_RATIO":null,"EPS_TTM":0.068283892465,"OPERATE_INCOME_QOQ":-10.635340602472,"NET_PROFIT_RATIO":38.5008167937,"ROE_AVG":5.100824037436,"GROSS_PROFIT_QOQ":null,"ROA":3.340827262018,"HOLDER_PROFIT_QOQ":-16.257818147531,"ROE_YEARLY":5.100824037436,"ROIC_YEARLY":5.752563708819,"TOTAL_ASSETS":3188508000,"TOTAL_LIABILITIES":774445000,"TAX_EBT":23.472720909433,"OCF_SALES":-7.380162837029,"TOTAL_PARENT_EQUITY":2090542000,"DEBT_ASSET_RATIO":24.2886328026,"OPERATE_PROFIT":139186000,"PRETAX_PROFIT":154294000,"NETCASH_OPERATE":-22634000,"NETCASH_INVEST":87063000,"NETCASH_FINANCE":-154987000,"END_CASH":649365000,"DIVI_RATIO":0.291439027294,"DIVIDEND_RATE":4.392,"CURRENT_RATIO":null,"COMMON_ACS":null,"CURRENTDEBT_DEBT":null,"ISSUED_COMMON_SHARES":1560792687,"HK_COMMON_SHARES":554363334,"PER_SHARES":2000,"TOTAL_MARKET_CAP":780396343.5,"HKSK_MARKET_CAP":277181667,"PE_TTM":17.502444731719,"PB_TTM":0.355407256217,"REPORT_DATE_SQ":"2019-12-31 00:00:00","REPORT_TYPE_SQ":"2019年年报","OPERATE_INCOME_SQ":366306000,"DPS_HKD":0.02196,"OPERATE_INCOME_QOQ_SQ":-0.251211000857,"NET_PROFIT_RATIO_SQ":39.1313036194,"HOLDER_PROFIT_SQ":133158000,"HOLDER_PROFIT_QOQ_SQ":0.654612523811,"ROE_AVG_SQ":6.478521088472,"PE_TTM_SQ":31.380394607827,"PB_TTM_SQ":0.552410306487,"ROA_SQ":4.277377789263,"START_DATE":"2020-01-01 00:00:00","FISCAL_YEAR":"12-31","CURRENCY":"HKD","IS_CNY_CODE":0,"DPS_HKD_LY":0.0657,"ORG_TYPE":"保险","PREMIUM_INCOME":216246000,"PREMIUM_INCOME_YOY":10.543911665474,"NET_INTEREST_INCOME":null,"NET_INTEREST_INCOME_YOY":null,"FEE_COMMISSION_INCOME":null,"FEE_COMMISSION_INCOME_YOY":null,"ACCOUNTS_RECE_TDAYS":null,"INVENTORY_TDAYS":null,"CURRENT_ASSETS_TDAYS":null,"TOTAL_ASSETS_TDAYS":0.066262650707,"PREMIUM_EXPENSE":null,"LOAN_DEPOSIT":null,"LOAN_EQUITY":null,"LOAN_ASSETS":null,"DEPOSIT_EQUITY":null,"DEPOSIT_ASSETS":null,"EQUITY_MULTIPLIER":1.320805629349,"EQUITY_RATIO":0.370451777577},{"SECUCODE":"01543.HK","SECURITY_CODE":"01543","SECURITY_NAME_ABBR":"中盈盛达融资担保","ORG_CODE":"10472730","STD_REPORT_DATE":"2020-06-30 00:00:00","REPORT_DATE":"2020-06-30 00:00:00","DATE_TYPE_CODE":"002","REPORT_TYPE":"2020年中报","PER_NETCASH_OPERATE":0.077383115007,"PER_OI":0.103696026608,"BPS":1.315323307893,"BASIC_EPS":0.04,"DILUTED_EPS":0.04,"OPERATE_INCOME":161848000,"OPERATE_INCOME_YOY":-12.0238302313,"GROSS_PROFIT":null,"GROSS_PROFIT_YOY":null,"HOLDER_PROFIT":56249000,"HOLDER_PROFIT_YOY":-9.4787492557,"GROSS_PROFIT_RATIO":null,"EPS_TTM":0.081540617828,"OPERATE_INCOME_QOQ":-6.055197560401,"NET_PROFIT_RATIO":39.1873856952,"ROE_AVG":2.716542468162,"GROSS_PROFIT_QOQ":null,"ROA":1.733837763226,"HOLDER_PROFIT_QOQ":-4.42331666141,"ROE_YEARLY":5.433084936323,"ROIC_YEARLY":5.863602875353,"TOTAL_ASSETS":3296613000,"TOTAL_LIABILITIES":922253000,"TAX_EBT":25.073244494849,"OCF_SALES":74.624956749543,"TOTAL_PARENT_EQUITY":2052947000,"DEBT_ASSET_RATIO":27.9757739231,"OPERATE_PROFIT":75872000,"PRETAX_PROFIT":84648000,"NETCASH_OPERATE":120779000,"NETCASH_INVEST":-99082000,"NETCASH_FINANCE":-11995000,"END_CASH":755744000,"DIVI_RATIO":0.244057400226,"DIVIDEND_RATE":4.392,"CURRENT_RATIO":null,"COMMON_ACS":null,"CURRENTDEBT_DEBT":null,"ISSUED_COMMON_SHARES":1560792687,"HK_COMMON_SHARES":554363334,"PER_SHARES":2000,"TOTAL_MARKET_CAP":780396343.5,"HKSK_MARKET_CAP":277181667,"PE_TTM":17.502444731719,"PB_TTM":0.355407256217,"REPORT_DATE_SQ":"2019-06-30 00:00:00","REPORT_TYPE_SQ":"2019年中报","OPERATE_INCOME_SQ":183968000,"DPS_HKD":0.02196,"OPERATE_INCOME_QOQ_SQ":11.795717142116,"NET_PROFIT_RATIO_SQ":37.2434336406,"HOLDER_PROFIT_SQ":62139000,"HOLDER_PROFIT_QOQ_SQ":5.755763757874,"ROE_AVG_SQ":3.089328470405,"PE_TTM_SQ":31.380394607827,"PB_TTM_SQ":0.552410306487,"ROA_SQ":1.992385910905,"START_DATE":"2020-01-01 00:00:00","FISCAL_YEAR":"12-31","CURRENCY":"HKD","IS_CNY_CODE":0,"DPS_HKD_LY":0.0657,"ORG_TYPE":"保险","PREMIUM_INCOME":106882000,"PREMIUM_INCOME_YOY":24.757213558689,"NET_INTEREST_INCOME":null,"NET_INTEREST_INCOME_YOY":null,"FEE_COMMISSION_INCOME":null,"FEE_COMMISSION_INCOME_YOY":null,"ACCOUNTS_RECE_TDAYS":null,"INVENTORY_TDAYS":null,"CURRENT_ASSETS_TDAYS":null,"TOTAL_ASSETS_TDAYS":0.034182641247,"PREMIUM_EXPENSE":null,"LOAN_DEPOSIT":null,"LOAN_EQUITY":null,"LOAN_ASSETS":null,"DEPOSIT_EQUITY":null,"DEPOSIT_ASSETS":null,"EQUITY_MULTIPLIER":1.388421722064,"EQUITY_RATIO":0.449233711343}],"count":23},"success":true,"message":"ok","code":0}