{"version":"79beb76b9fc1cfe73971a58da319aba7","result":{"pages":4,"data":[{"SECUCODE":"01546.HK","SECURITY_CODE":"01546","SECURITY_NAME_ABBR":"德莱建业","ORG_CODE":"10472686","STD_REPORT_DATE":"2024-06-30 00:00:00","REPORT_DATE":"2024-09-30 00:00:00","DATE_TYPE_CODE":"002","REPORT_TYPE":"2024年中报","PER_NETCASH_OPERATE":-0.0316889006,"PER_OI":0.203659126363,"BPS":0.175719417688,"BASIC_EPS":-0.015510788,"DILUTED_EPS":null,"OPERATE_INCOME":162927301.09,"OPERATE_INCOME_YOY":41.7271999874,"GROSS_PROFIT":4058956.79,"GROSS_PROFIT_YOY":-75.75474473228,"HOLDER_PROFIT":-12438389.47,"HOLDER_PROFIT_YOY":-5847.0833333333,"GROSS_PROFIT_RATIO":2.491268659608,"EPS_TTM":0.009381659313,"OPERATE_INCOME_QOQ":0,"NET_PROFIT_RATIO":-7.6343187341,"ROE_AVG":-8.473321599813,"GROSS_PROFIT_QOQ":0,"ROA":-3.74970775496,"HOLDER_PROFIT_QOQ":0,"ROE_YEARLY":-16.946643199627,"ROIC_YEARLY":-8.191031019974,"TOTAL_ASSETS":345234069.28,"TOTAL_LIABILITIES":204658535.13,"TAX_EBT":null,"OCF_SALES":-15.559774396555,"TOTAL_PARENT_EQUITY":140575534.15,"DEBT_ASSET_RATIO":59.2810945793,"OPERATE_PROFIT":-9687028.18,"PRETAX_PROFIT":-12438389.47,"NETCASH_OPERATE":-25351120.48,"NETCASH_INVEST":-1493364.24,"NETCASH_FINANCE":25028279.66,"END_CASH":27100593.08,"DIVI_RATIO":null,"DIVIDEND_RATE":null,"CURRENT_RATIO":0.740520161488,"COMMON_ACS":2000000000,"CURRENTDEBT_DEBT":98.992716361089,"ISSUED_COMMON_SHARES":800000000,"HK_COMMON_SHARES":800000000,"PER_SHARES":8000,"TOTAL_MARKET_CAP":41600000,"HKSK_MARKET_CAP":41600000,"PE_TTM":-7.229753215155,"PB_TTM":0.266863392886,"REPORT_DATE_SQ":"2023-06-30 00:00:00","REPORT_TYPE_SQ":"2023年中报","OPERATE_INCOME_SQ":116977637.14,"DPS_HKD":null,"OPERATE_INCOME_QOQ_SQ":0,"NET_PROFIT_RATIO_SQ":0.1882677795,"HOLDER_PROFIT_SQ":220231.2,"HOLDER_PROFIT_QOQ_SQ":0,"ROE_AVG_SQ":0.148589330048,"PE_TTM_SQ":5.869292402742,"PB_TTM_SQ":0.376146845749,"ROA_SQ":0.074324345249,"START_DATE":"2024-04-01 00:00:00","FISCAL_YEAR":"3-31","CURRENCY":"HKD","IS_CNY_CODE":0,"DPS_HKD_LY":null,"ORG_TYPE":"一般企业","PREMIUM_INCOME":null,"PREMIUM_INCOME_YOY":null,"NET_INTEREST_INCOME":null,"NET_INTEREST_INCOME_YOY":null,"FEE_COMMISSION_INCOME":null,"FEE_COMMISSION_INCOME_YOY":null,"ACCOUNTS_RECE_TDAYS":4.433154620962,"INVENTORY_TDAYS":null,"CURRENT_ASSETS_TDAYS":1.198814926878,"TOTAL_ASSETS_TDAYS":0.491164684838,"PREMIUM_EXPENSE":null,"LOAN_DEPOSIT":null,"LOAN_EQUITY":null,"LOAN_ASSETS":null,"DEPOSIT_EQUITY":null,"DEPOSIT_ASSETS":null,"EQUITY_MULTIPLIER":2.455861692912,"EQUITY_RATIO":1.455861692915},{"SECUCODE":"01546.HK","SECURITY_CODE":"01546","SECURITY_NAME_ABBR":"德莱建业","ORG_CODE":"10472686","STD_REPORT_DATE":"2023-12-31 00:00:00","REPORT_DATE":"2024-03-31 00:00:00","DATE_TYPE_CODE":"001","REPORT_TYPE":"2023年年报","PER_NETCASH_OPERATE":-0.005976430875,"PER_OI":0.2923533095,"BPS":0.192276988625,"BASIC_EPS":0.009337465,"DILUTED_EPS":null,"OPERATE_INCOME":233882647.6,"OPERATE_INCOME_YOY":-0.4422354112,"GROSS_PROFIT":27404099.95,"GROSS_PROFIT_YOY":-32.404173804455,"HOLDER_PROFIT":7505327.45,"HOLDER_PROFIT_YOY":-34.6050552923,"GROSS_PROFIT_RATIO":11.717029985426,"EPS_TTM":0.0112559247,"OPERATE_INCOME_QOQ":0,"NET_PROFIT_RATIO":3.209014233,"ROE_AVG":5.001253484839,"GROSS_PROFIT_QOQ":0,"ROA":2.385469926626,"HOLDER_PROFIT_QOQ":0,"ROE_YEARLY":5.001253484839,"ROIC_YEARLY":2.778071389623,"TOTAL_ASSETS":319877980.6,"TOTAL_LIABILITIES":166056389.7,"TAX_EBT":5.824138323285,"OCF_SALES":-2.044249434091,"TOTAL_PARENT_EQUITY":153821590.9,"DEBT_ASSET_RATIO":51.9124165372,"OPERATE_PROFIT":-2786734.7,"PRETAX_PROFIT":7969481.05,"NETCASH_OPERATE":-4781144.7,"NETCASH_INVEST":-29339584.2,"NETCASH_FINANCE":3332477.8,"END_CASH":29069432.3,"DIVI_RATIO":null,"DIVIDEND_RATE":null,"CURRENT_RATIO":0.747102591763,"COMMON_ACS":2000000000,"CURRENTDEBT_DEBT":98.684857021193,"ISSUED_COMMON_SHARES":800000000,"HK_COMMON_SHARES":800000000,"PER_SHARES":8000,"TOTAL_MARKET_CAP":43200000,"HKSK_MARKET_CAP":43200000,"PE_TTM":-7.507820646507,"PB_TTM":0.277127369535,"REPORT_DATE_SQ":"2022-12-31 00:00:00","REPORT_TYPE_SQ":"2022年年报","OPERATE_INCOME_SQ":226851996.58,"DPS_HKD":null,"OPERATE_INCOME_QOQ_SQ":0,"NET_PROFIT_RATIO_SQ":4.8854278415,"HOLDER_PROFIT_SQ":11082690.6,"HOLDER_PROFIT_QOQ_SQ":0,"ROE_AVG_SQ":8.164107590814,"PE_TTM_SQ":6.178202529202,"PB_TTM_SQ":0.395944048157,"ROA_SQ":4.126386055032,"START_DATE":"2023-04-01 00:00:00","FISCAL_YEAR":"3-31","CURRENCY":"HKD","IS_CNY_CODE":0,"DPS_HKD_LY":null,"ORG_TYPE":"一般企业","PREMIUM_INCOME":null,"PREMIUM_INCOME_YOY":null,"NET_INTEREST_INCOME":null,"NET_INTEREST_INCOME_YOY":null,"FEE_COMMISSION_INCOME":null,"FEE_COMMISSION_INCOME_YOY":null,"ACCOUNTS_RECE_TDAYS":5.455472029266,"INVENTORY_TDAYS":null,"CURRENT_ASSETS_TDAYS":1.738268011508,"TOTAL_ASSETS_TDAYS":0.743365330729,"PREMIUM_EXPENSE":null,"LOAN_DEPOSIT":null,"LOAN_EQUITY":null,"LOAN_ASSETS":null,"DEPOSIT_EQUITY":null,"DEPOSIT_ASSETS":null,"EQUITY_MULTIPLIER":2.07953889131,"EQUITY_RATIO":1.079538891312},{"SECUCODE":"01546.HK","SECURITY_CODE":"01546","SECURITY_NAME_ABBR":"德莱建业","ORG_CODE":"10472686","STD_REPORT_DATE":"2023-06-30 00:00:00","REPORT_DATE":"2023-09-30 00:00:00","DATE_TYPE_CODE":"002","REPORT_TYPE":"2023年中报","PER_NETCASH_OPERATE":-0.0160768776,"PER_OI":0.146222046425,"BPS":0.185405994463,"BASIC_EPS":0.000275289,"DILUTED_EPS":null,"OPERATE_INCOME":116977637.14,"OPERATE_INCOME_YOY":21.5894241866,"GROSS_PROFIT":16741241.72,"GROSS_PROFIT_YOY":6.275841856995,"HOLDER_PROFIT":220231.2,"HOLDER_PROFIT_YOY":-90.5548996458,"GROSS_PROFIT_RATIO":14.311489041246,"EPS_TTM":0.01385336325,"OPERATE_INCOME_QOQ":0,"NET_PROFIT_RATIO":0.1882677795,"ROE_AVG":0.148589330048,"GROSS_PROFIT_QOQ":0,"ROA":0.074324345249,"HOLDER_PROFIT_QOQ":0,"ROE_YEARLY":0.297178660096,"ROIC_YEARLY":0.1747099996,"TOTAL_ASSETS":279465134.13,"TOTAL_LIABILITIES":131140338.56,"TAX_EBT":78.300180831826,"OCF_SALES":-10.994838325044,"TOTAL_PARENT_EQUITY":148324795.57,"DEBT_ASSET_RATIO":46.9254738944,"OPERATE_PROFIT":2929992.59,"PRETAX_PROFIT":1014898.78,"NETCASH_OPERATE":-12861502.08,"NETCASH_INVEST":-17029377.54,"NETCASH_FINANCE":-2886863.98,"END_CASH":27811530.04,"DIVI_RATIO":null,"DIVIDEND_RATE":null,"CURRENT_RATIO":0.779811131374,"COMMON_ACS":2000000000,"CURRENTDEBT_DEBT":98.993786386028,"ISSUED_COMMON_SHARES":800000000,"HK_COMMON_SHARES":800000000,"PER_SHARES":8000,"TOTAL_MARKET_CAP":43200000,"HKSK_MARKET_CAP":43200000,"PE_TTM":-7.507820646507,"PB_TTM":0.277127369535,"REPORT_DATE_SQ":"2022-06-30 00:00:00","REPORT_TYPE_SQ":"2022年中报","OPERATE_INCOME_SQ":94824202.92,"DPS_HKD":null,"OPERATE_INCOME_QOQ_SQ":0,"NET_PROFIT_RATIO_SQ":2.4236238948,"HOLDER_PROFIT_SQ":2298182.04,"HOLDER_PROFIT_QOQ_SQ":0,"ROE_AVG_SQ":1.693892720128,"PE_TTM_SQ":6.178202529202,"PB_TTM_SQ":0.395944048157,"ROA_SQ":0.8709601127,"START_DATE":"2023-04-01 00:00:00","FISCAL_YEAR":"3-31","CURRENCY":"HKD","IS_CNY_CODE":0,"DPS_HKD_LY":null,"ORG_TYPE":"一般企业","PREMIUM_INCOME":null,"PREMIUM_INCOME_YOY":null,"NET_INTEREST_INCOME":null,"NET_INTEREST_INCOME_YOY":null,"FEE_COMMISSION_INCOME":null,"FEE_COMMISSION_INCOME_YOY":null,"ACCOUNTS_RECE_TDAYS":2.601326395266,"INVENTORY_TDAYS":null,"CURRENT_ASSETS_TDAYS":0.936955874625,"TOTAL_ASSETS_TDAYS":0.394779953485,"PREMIUM_EXPENSE":null,"LOAN_DEPOSIT":null,"LOAN_EQUITY":null,"LOAN_ASSETS":null,"DEPOSIT_EQUITY":null,"DEPOSIT_ASSETS":null,"EQUITY_MULTIPLIER":1.884143059535,"EQUITY_RATIO":0.884143059534},{"SECUCODE":"01546.HK","SECURITY_CODE":"01546","SECURITY_NAME_ABBR":"德莱建业","ORG_CODE":"10472686","STD_REPORT_DATE":"2022-12-31 00:00:00","REPORT_DATE":"2023-03-31 00:00:00","DATE_TYPE_CODE":"001","REPORT_TYPE":"2022年年报","PER_NETCASH_OPERATE":-0.0224367583,"PER_OI":0.283564995725,"BPS":0.176612873238,"BASIC_EPS":0.013831478,"DILUTED_EPS":null,"OPERATE_INCOME":226851996.58,"OPERATE_INCOME_YOY":26.8158283662,"GROSS_PROFIT":40541112.51,"GROSS_PROFIT_YOY":25.472954164843,"HOLDER_PROFIT":11082690.6,"HOLDER_PROFIT_YOY":196.904315197,"GROSS_PROFIT_RATIO":17.871172888577,"EPS_TTM":0.0165444267,"OPERATE_INCOME_QOQ":0,"NET_PROFIT_RATIO":4.8854278415,"ROE_AVG":8.164107590814,"GROSS_PROFIT_QOQ":0,"ROA":4.126386055032,"HOLDER_PROFIT_QOQ":0,"ROE_YEARLY":8.164107590814,"ROIC_YEARLY":5.156539253442,"TOTAL_ASSETS":298748544.47,"TOTAL_LIABILITIES":157458245.88,"TAX_EBT":14.111261872456,"OCF_SALES":-7.912386450463,"TOTAL_PARENT_EQUITY":141290298.59,"DEBT_ASSET_RATIO":52.7059457844,"OPERATE_PROFIT":15288160.24,"PRETAX_PROFIT":12903543.4,"NETCASH_OPERATE":-18334587.04,"NETCASH_INVEST":-7358696.46,"NETCASH_FINANCE":33984291.61,"END_CASH":57801571.48,"DIVI_RATIO":null,"DIVIDEND_RATE":null,"CURRENT_RATIO":0.9123863662,"COMMON_ACS":2000000000,"CURRENTDEBT_DEBT":98.585629461605,"ISSUED_COMMON_SHARES":800000000,"HK_COMMON_SHARES":800000000,"PER_SHARES":8000,"TOTAL_MARKET_CAP":43200000,"HKSK_MARKET_CAP":43200000,"PE_TTM":-7.507820646507,"PB_TTM":0.277127369535,"REPORT_DATE_SQ":"2021-12-31 00:00:00","REPORT_TYPE_SQ":"2021年年报","OPERATE_INCOME_SQ":165723405.42,"DPS_HKD":null,"OPERATE_INCOME_QOQ_SQ":0,"NET_PROFIT_RATIO_SQ":2.086697791,"HOLDER_PROFIT_SQ":3458146.64,"HOLDER_PROFIT_QOQ_SQ":0,"ROE_AVG_SQ":2.90845594003,"PE_TTM_SQ":6.178202529202,"PB_TTM_SQ":0.395944048157,"ROA_SQ":1.553683896015,"START_DATE":"2022-04-01 00:00:00","FISCAL_YEAR":"3-31","CURRENCY":"HKD","IS_CNY_CODE":0,"DPS_HKD_LY":null,"ORG_TYPE":"一般企业","PREMIUM_INCOME":null,"PREMIUM_INCOME_YOY":null,"NET_INTEREST_INCOME":null,"NET_INTEREST_INCOME_YOY":null,"FEE_COMMISSION_INCOME":null,"FEE_COMMISSION_INCOME_YOY":null,"ACCOUNTS_RECE_TDAYS":7.329081524429,"INVENTORY_TDAYS":null,"CURRENT_ASSETS_TDAYS":2.021948697942,"TOTAL_ASSETS_TDAYS":0.844631460923,"PREMIUM_EXPENSE":null,"LOAN_DEPOSIT":null,"LOAN_EQUITY":null,"LOAN_ASSETS":null,"DEPOSIT_EQUITY":null,"DEPOSIT_ASSETS":null,"EQUITY_MULTIPLIER":2.114430696597,"EQUITY_RATIO":1.114430696597},{"SECUCODE":"01546.HK","SECURITY_CODE":"01546","SECURITY_NAME_ABBR":"德莱建业","ORG_CODE":"10472686","STD_REPORT_DATE":"2022-06-30 00:00:00","REPORT_DATE":"2022-09-30 00:00:00","DATE_TYPE_CODE":"002","REPORT_TYPE":"2022年中报","PER_NETCASH_OPERATE":-0.08255163045,"PER_OI":0.11853025365,"BPS":0.171029604,"BASIC_EPS":0.002894208,"DILUTED_EPS":null,"OPERATE_INCOME":94824202.92,"OPERATE_INCOME_YOY":16.1206361864,"GROSS_PROFIT":15752631.48,"GROSS_PROFIT_YOY":62.689151218232,"HOLDER_PROFIT":2298182.04,"HOLDER_PROFIT_YOY":128.3025172644,"GROSS_PROFIT_RATIO":16.612458628616,"EPS_TTM":0.0043226833,"OPERATE_INCOME_QOQ":0,"NET_PROFIT_RATIO":2.4236238948,"ROE_AVG":1.693892720128,"GROSS_PROFIT_QOQ":0,"ROA":0.8709601127,"HOLDER_PROFIT_QOQ":0,"ROE_YEARLY":3.387785440255,"ROIC_YEARLY":1.978205485024,"TOTAL_ASSETS":281415601.56,"TOTAL_LIABILITIES":144591918.36,"TAX_EBT":28.442692199381,"OCF_SALES":-69.646042177351,"TOTAL_PARENT_EQUITY":136823683.2,"DEBT_ASSET_RATIO":51.3802069105,"OPERATE_PROFIT":3625899.96,"PRETAX_PROFIT":3211666.44,"NETCASH_OPERATE":-66041304.36,"NETCASH_INVEST":-6909921.6,"NETCASH_FINANCE":33681345.6,"END_CASH":11882532.72,"DIVI_RATIO":null,"DIVIDEND_RATE":null,"CURRENT_RATIO":0.830706366845,"COMMON_ACS":2000000000,"CURRENTDEBT_DEBT":97.665588700749,"ISSUED_COMMON_SHARES":800000000,"HK_COMMON_SHARES":800000000,"PER_SHARES":8000,"TOTAL_MARKET_CAP":43200000,"HKSK_MARKET_CAP":43200000,"PE_TTM":-7.507820646507,"PB_TTM":0.277127369535,"REPORT_DATE_SQ":"2021-06-30 00:00:00","REPORT_TYPE_SQ":"2021年中报","OPERATE_INCOME_SQ":75215321.28,"DPS_HKD":null,"OPERATE_INCOME_QOQ_SQ":0,"NET_PROFIT_RATIO_SQ":-9.9437356016,"HOLDER_PROFIT_SQ":-7479212.68,"HOLDER_PROFIT_QOQ_SQ":0,"ROE_AVG_SQ":-6.413498492706,"PE_TTM_SQ":6.178202529202,"PB_TTM_SQ":0.395944048157,"ROA_SQ":-3.29855242854,"START_DATE":"2022-04-01 00:00:00","FISCAL_YEAR":"3-31","CURRENCY":"HKD","IS_CNY_CODE":0,"DPS_HKD_LY":null,"ORG_TYPE":"一般企业","PREMIUM_INCOME":null,"PREMIUM_INCOME_YOY":null,"NET_INTEREST_INCOME":null,"NET_INTEREST_INCOME_YOY":null,"FEE_COMMISSION_INCOME":null,"FEE_COMMISSION_INCOME_YOY":null,"ACCOUNTS_RECE_TDAYS":4.365093573704,"INVENTORY_TDAYS":null,"CURRENT_ASSETS_TDAYS":0.935092155315,"TOTAL_ASSETS_TDAYS":0.359362735521,"PREMIUM_EXPENSE":null,"LOAN_DEPOSIT":null,"LOAN_EQUITY":null,"LOAN_ASSETS":null,"DEPOSIT_EQUITY":null,"DEPOSIT_ASSETS":null,"EQUITY_MULTIPLIER":2.0567755156,"EQUITY_RATIO":1.0567755156},{"SECUCODE":"01546.HK","SECURITY_CODE":"01546","SECURITY_NAME_ABBR":"德莱建业","ORG_CODE":"10472686","STD_REPORT_DATE":"2021-12-31 00:00:00","REPORT_DATE":"2022-03-31 00:00:00","DATE_TYPE_CODE":"001","REPORT_TYPE":"2021年年报","PER_NETCASH_OPERATE":-0.002936869963,"PER_OI":0.207154256775,"BPS":0.150786020488,"BASIC_EPS":0.004298353,"DILUTED_EPS":null,"OPERATE_INCOME":165723405.42,"OPERATE_INCOME_YOY":34.5869366195,"GROSS_PROFIT":32310638.4,"GROSS_PROFIT_YOY":95.97733313329,"HOLDER_PROFIT":3458146.64,"HOLDER_PROFIT_YOY":-79.8134734649,"GROSS_PROFIT_RATIO":19.496726076871,"EPS_TTM":0.003032975975,"OPERATE_INCOME_QOQ":0,"NET_PROFIT_RATIO":2.086697791,"ROE_AVG":2.90845594003,"GROSS_PROFIT_QOQ":0,"ROA":1.553683896015,"HOLDER_PROFIT_QOQ":0,"ROE_YEARLY":2.90845594003,"ROIC_YEARLY":2.126524200185,"TOTAL_ASSETS":220874518.45,"TOTAL_LIABILITIES":100245702.06,"TAX_EBT":9.005548442168,"OCF_SALES":-1.417721271202,"TOTAL_PARENT_EQUITY":120628816.39,"DEBT_ASSET_RATIO":45.3858157851,"OPERATE_PROFIT":4494617.42,"PRETAX_PROFIT":3800392.86,"NETCASH_OPERATE":-2349495.97,"NETCASH_INVEST":-10582058.48,"NETCASH_FINANCE":-15246988,"END_CASH":45868292.57,"DIVI_RATIO":null,"DIVIDEND_RATE":null,"CURRENT_RATIO":0.794769186794,"COMMON_ACS":2000000000,"CURRENTDEBT_DEBT":96.232383541252,"ISSUED_COMMON_SHARES":800000000,"HK_COMMON_SHARES":800000000,"PER_SHARES":8000,"TOTAL_MARKET_CAP":43200000,"HKSK_MARKET_CAP":43200000,"PE_TTM":-7.507820646507,"PB_TTM":0.277127369535,"REPORT_DATE_SQ":"2020-12-31 00:00:00","REPORT_TYPE_SQ":"2020年年报","OPERATE_INCOME_SQ":128322834.22,"DPS_HKD":null,"OPERATE_INCOME_QOQ_SQ":0,"NET_PROFIT_RATIO_SQ":13.9123619335,"HOLDER_PROFIT_SQ":17852737.14,"HOLDER_PROFIT_QOQ_SQ":0,"ROE_AVG_SQ":15.773615057481,"PE_TTM_SQ":6.178202529202,"PB_TTM_SQ":0.395944048157,"ROA_SQ":8.525709719018,"START_DATE":"2021-04-01 00:00:00","FISCAL_YEAR":"3-31","CURRENCY":"HKD","IS_CNY_CODE":0,"DPS_HKD_LY":null,"ORG_TYPE":"一般企业","PREMIUM_INCOME":null,"PREMIUM_INCOME_YOY":null,"NET_INTEREST_INCOME":null,"NET_INTEREST_INCOME_YOY":null,"FEE_COMMISSION_INCOME":null,"FEE_COMMISSION_INCOME_YOY":null,"ACCOUNTS_RECE_TDAYS":22.342226109775,"INVENTORY_TDAYS":null,"CURRENT_ASSETS_TDAYS":1.965270998735,"TOTAL_ASSETS_TDAYS":0.744565841181,"PREMIUM_EXPENSE":null,"LOAN_DEPOSIT":null,"LOAN_EQUITY":null,"LOAN_ASSETS":null,"DEPOSIT_EQUITY":null,"DEPOSIT_ASSETS":null,"EQUITY_MULTIPLIER":1.831026159917,"EQUITY_RATIO":0.831026159918},{"SECUCODE":"01546.HK","SECURITY_CODE":"01546","SECURITY_NAME_ABBR":"德莱建业","ORG_CODE":"10472686","STD_REPORT_DATE":"2021-06-30 00:00:00","REPORT_DATE":"2021-09-30 00:00:00","DATE_TYPE_CODE":"002","REPORT_TYPE":"2021年中报","PER_NETCASH_OPERATE":-0.021777229725,"PER_OI":0.0940191516,"BPS":0.141096413525,"BASIC_EPS":-0.009330272,"DILUTED_EPS":null,"OPERATE_INCOME":75215321.28,"OPERATE_INCOME_YOY":-14.7583081571,"GROSS_PROFIT":9682656.38,"GROSS_PROFIT_YOY":15.941143911729,"HOLDER_PROFIT":-7479212.68,"HOLDER_PROFIT_YOY":-199.2702344096,"GROSS_PROFIT_RATIO":12.873250044303,"EPS_TTM":0.022315921425,"OPERATE_INCOME_QOQ":0,"NET_PROFIT_RATIO":-9.9437356016,"ROE_AVG":-6.413498492706,"GROSS_PROFIT_QOQ":0,"ROA":-3.29855242854,"HOLDER_PROFIT_QOQ":0,"ROE_YEARLY":-12.826996985413,"ROIC_YEARLY":-9.119234138723,"TOTAL_ASSETS":223106796.96,"TOTAL_LIABILITIES":110229666.14,"TAX_EBT":null,"OCF_SALES":-23.16254651781,"TOTAL_PARENT_EQUITY":112877130.82,"DEBT_ASSET_RATIO":49.4066821997,"OPERATE_PROFIT":-6008861.78,"PRETAX_PROFIT":-7479212.68,"NETCASH_OPERATE":-17421783.78,"NETCASH_INVEST":-45818.3,"NETCASH_FINANCE":-9231137.86,"END_CASH":49361304.18,"DIVI_RATIO":null,"DIVIDEND_RATE":null,"CURRENT_RATIO":0.770601013758,"COMMON_ACS":2000000000,"CURRENTDEBT_DEBT":99.150537715672,"ISSUED_COMMON_SHARES":800000000,"HK_COMMON_SHARES":800000000,"PER_SHARES":8000,"TOTAL_MARKET_CAP":43200000,"HKSK_MARKET_CAP":43200000,"PE_TTM":-7.507820646507,"PB_TTM":0.277127369535,"REPORT_DATE_SQ":"2020-06-30 00:00:00","REPORT_TYPE_SQ":"2020年中报","OPERATE_INCOME_SQ":93074022.4,"DPS_HKD":null,"OPERATE_INCOME_QOQ_SQ":0,"NET_PROFIT_RATIO_SQ":8.5385196375,"HOLDER_PROFIT_SQ":7947143.68,"HOLDER_PROFIT_QOQ_SQ":0,"ROE_AVG_SQ":7.072587077905,"PE_TTM_SQ":6.178202529202,"PB_TTM_SQ":0.395944048157,"ROA_SQ":3.947621126146,"START_DATE":"2021-04-01 00:00:00","FISCAL_YEAR":"3-31","CURRENCY":"HKD","IS_CNY_CODE":0,"DPS_HKD_LY":null,"ORG_TYPE":"一般企业","PREMIUM_INCOME":null,"PREMIUM_INCOME_YOY":null,"NET_INTEREST_INCOME":null,"NET_INTEREST_INCOME_YOY":null,"FEE_COMMISSION_INCOME":null,"FEE_COMMISSION_INCOME_YOY":null,"ACCOUNTS_RECE_TDAYS":5.582637729549,"INVENTORY_TDAYS":null,"CURRENT_ASSETS_TDAYS":0.841787287602,"TOTAL_ASSETS_TDAYS":0.331721654787,"PREMIUM_EXPENSE":null,"LOAN_DEPOSIT":null,"LOAN_EQUITY":null,"LOAN_ASSETS":null,"DEPOSIT_EQUITY":null,"DEPOSIT_ASSETS":null,"EQUITY_MULTIPLIER":1.976545606175,"EQUITY_RATIO":0.976545606176},{"SECUCODE":"01546.HK","SECURITY_CODE":"01546","SECURITY_NAME_ABBR":"德莱建业","ORG_CODE":"10472686","STD_REPORT_DATE":"2020-12-31 00:00:00","REPORT_DATE":"2021-03-31 00:00:00","DATE_TYPE_CODE":"001","REPORT_TYPE":"2020年年报","PER_NETCASH_OPERATE":0.0862294895,"PER_OI":0.160403542775,"BPS":0.152634225625,"BASIC_EPS":0.022312752,"DILUTED_EPS":null,"OPERATE_INCOME":128322834.22,"OPERATE_INCOME_YOY":-71.7056834996,"GROSS_PROFIT":16486926.26,"GROSS_PROFIT_YOY":-66.729722280931,"HOLDER_PROFIT":17852737.14,"HOLDER_PROFIT_YOY":65.5926622766,"GROSS_PROFIT_RATIO":12.848006639048,"EPS_TTM":0.004222308763,"OPERATE_INCOME_QOQ":0,"NET_PROFIT_RATIO":13.9123619335,"ROE_AVG":15.773615057481,"GROSS_PROFIT_QOQ":0,"ROA":8.525709719018,"HOLDER_PROFIT_QOQ":0,"ROE_YEARLY":15.773615057481,"ROIC_YEARLY":12.093124443592,"TOTAL_ASSETS":233729457.92,"TOTAL_LIABILITIES":111622077.42,"TAX_EBT":16.697558859487,"OCF_SALES":53.7578459978,"TOTAL_PARENT_EQUITY":122107380.5,"DEBT_ASSET_RATIO":47.7569573016,"OPERATE_PROFIT":21817476.52,"PRETAX_PROFIT":21431229.26,"NETCASH_OPERATE":68983591.6,"NETCASH_INVEST":-61866330.82,"NETCASH_FINANCE":23672646.62,"END_CASH":77166624.36,"DIVI_RATIO":null,"DIVIDEND_RATE":null,"CURRENT_RATIO":0.859993933879,"COMMON_ACS":2000000000,"CURRENTDEBT_DEBT":99.856892987756,"ISSUED_COMMON_SHARES":800000000,"HK_COMMON_SHARES":800000000,"PER_SHARES":8000,"TOTAL_MARKET_CAP":43200000,"HKSK_MARKET_CAP":43200000,"PE_TTM":-7.507820646507,"PB_TTM":0.277127369535,"REPORT_DATE_SQ":"2019-12-31 00:00:00","REPORT_TYPE_SQ":"2019年年报","OPERATE_INCOME_SQ":490296902.2,"DPS_HKD":null,"OPERATE_INCOME_QOQ_SQ":0,"NET_PROFIT_RATIO_SQ":2.3771631327,"HOLDER_PROFIT_SQ":11655157.2,"HOLDER_PROFIT_QOQ_SQ":0,"ROE_AVG_SQ":9.739337578451,"PE_TTM_SQ":6.178202529202,"PB_TTM_SQ":0.395944048157,"ROA_SQ":4.427122197041,"START_DATE":"2020-04-01 00:00:00","FISCAL_YEAR":"3-31","CURRENCY":"HKD","IS_CNY_CODE":0,"DPS_HKD_LY":null,"ORG_TYPE":"一般企业","PREMIUM_INCOME":null,"PREMIUM_INCOME_YOY":null,"NET_INTEREST_INCOME":null,"NET_INTEREST_INCOME_YOY":null,"FEE_COMMISSION_INCOME":null,"FEE_COMMISSION_INCOME_YOY":null,"ACCOUNTS_RECE_TDAYS":7.640155994465,"INVENTORY_TDAYS":null,"CURRENT_ASSETS_TDAYS":1.274385381781,"TOTAL_ASSETS_TDAYS":0.612815405448,"PREMIUM_EXPENSE":null,"LOAN_DEPOSIT":null,"LOAN_EQUITY":null,"LOAN_ASSETS":null,"DEPOSIT_EQUITY":null,"DEPOSIT_ASSETS":null,"EQUITY_MULTIPLIER":1.914130472402,"EQUITY_RATIO":0.9141304724},{"SECUCODE":"01546.HK","SECURITY_CODE":"01546","SECURITY_NAME_ABBR":"德莱建业","ORG_CODE":"10472686","STD_REPORT_DATE":"2020-06-30 00:00:00","REPORT_DATE":"2020-09-30 00:00:00","DATE_TYPE_CODE":"002","REPORT_TYPE":"2020年中报","PER_NETCASH_OPERATE":0.0365690312,"PER_OI":0.116342528,"BPS":0.1454237664,"BASIC_EPS":0.009929536,"DILUTED_EPS":null,"OPERATE_INCOME":93074022.4,"OPERATE_INCOME_YOY":-69.3826817903,"GROSS_PROFIT":8351354.88,"GROSS_PROFIT_YOY":-70.987071799362,"HOLDER_PROFIT":7947143.68,"HOLDER_PROFIT_YOY":-49.7192416745,"GROSS_PROFIT_RATIO":8.972809667674,"EPS_TTM":0.0145689465,"OPERATE_INCOME_QOQ":0,"NET_PROFIT_RATIO":8.5385196375,"ROE_AVG":7.072587077905,"GROSS_PROFIT_QOQ":0,"ROA":3.947621126146,"HOLDER_PROFIT_QOQ":0,"ROE_YEARLY":14.14517415581,"ROIC_YEARLY":12.01261829653,"TOTAL_ASSETS":210217064.32,"TOTAL_LIABILITIES":93878051.2,"TAX_EBT":18.286953379111,"OCF_SALES":31.432212990937,"TOTAL_PARENT_EQUITY":116339013.12,"DEBT_ASSET_RATIO":44.6576739637,"OPERATE_PROFIT":1067644.8,"PRETAX_PROFIT":9725672.96,"NETCASH_OPERATE":29255224.96,"NETCASH_INVEST":4368995.84,"NETCASH_FINANCE":7944507.52,"END_CASH":89785852.16,"DIVI_RATIO":null,"DIVIDEND_RATE":null,"CURRENT_RATIO":1.384864510694,"COMMON_ACS":2000000000,"CURRENTDEBT_DEBT":100,"ISSUED_COMMON_SHARES":800000000,"HK_COMMON_SHARES":800000000,"PER_SHARES":8000,"TOTAL_MARKET_CAP":43200000,"HKSK_MARKET_CAP":43200000,"PE_TTM":-7.507820646507,"PB_TTM":0.277127369535,"REPORT_DATE_SQ":"2019-06-30 00:00:00","REPORT_TYPE_SQ":"2019年中报","OPERATE_INCOME_SQ":312048555.48,"DPS_HKD":null,"OPERATE_INCOME_QOQ_SQ":0,"NET_PROFIT_RATIO_SQ":5.1993363164,"HOLDER_PROFIT_SQ":16224453.87,"HOLDER_PROFIT_QOQ_SQ":0,"ROE_AVG_SQ":13.072945246549,"PE_TTM_SQ":6.178202529202,"PB_TTM_SQ":0.395944048157,"ROA_SQ":6.089846137178,"START_DATE":"2020-04-01 00:00:00","FISCAL_YEAR":"3-31","CURRENCY":"HKD","IS_CNY_CODE":0,"DPS_HKD_LY":null,"ORG_TYPE":"一般企业","PREMIUM_INCOME":null,"PREMIUM_INCOME_YOY":null,"NET_INTEREST_INCOME":null,"NET_INTEREST_INCOME_YOY":null,"FEE_COMMISSION_INCOME":null,"FEE_COMMISSION_INCOME_YOY":null,"ACCOUNTS_RECE_TDAYS":4.356337912314,"INVENTORY_TDAYS":null,"CURRENT_ASSETS_TDAYS":0.776499739749,"TOTAL_ASSETS_TDAYS":0.462330859887,"PREMIUM_EXPENSE":null,"LOAN_DEPOSIT":null,"LOAN_EQUITY":null,"LOAN_ASSETS":null,"DEPOSIT_EQUITY":null,"DEPOSIT_ASSETS":null,"EQUITY_MULTIPLIER":1.806935254843,"EQUITY_RATIO":0.806935254842}],"count":29},"success":true,"message":"ok","code":0}