{"version":"53078dcbaa375e018b50047658a3c161","result":{"pages":3,"data":[{"SECUCODE":"01549.HK","SECURITY_CODE":"01549","SECURITY_NAME_ABBR":"永丰集团控股","ORG_CODE":"10520836","STD_REPORT_DATE":"2024-06-30 00:00:00","REPORT_DATE":"2024-06-30 00:00:00","DATE_TYPE_CODE":"002","REPORT_TYPE":"2024年中报","PER_NETCASH_OPERATE":0.001385507123,"PER_OI":0.105252024077,"BPS":0.120494957729,"BASIC_EPS":-0.00547608,"DILUTED_EPS":-0.00547608,"OPERATE_INCOME":163140637.32,"OPERATE_INCOME_YOY":-9.9732562415,"GROSS_PROFIT":29836421.88,"GROSS_PROFIT_YOY":-17.796006000692,"HOLDER_PROFIT":-8419473,"HOLDER_PROFIT_YOY":-243.7139741393,"GROSS_PROFIT_RATIO":18.288773643489,"EPS_TTM":-0.008950175329,"OPERATE_INCOME_QOQ":-5.604194150885,"NET_PROFIT_RATIO":-5.1608680328,"ROE_AVG":-4.403393835249,"GROSS_PROFIT_QOQ":-10.425940828233,"ROA":-2.665199001525,"HOLDER_PROFIT_QOQ":-3084.09217165509,"ROE_YEARLY":-8.806787670497,"ROIC_YEARLY":-7.65981296771,"TOTAL_ASSETS":308683891.56,"TOTAL_LIABILITIES":121916707.08,"TAX_EBT":-606.896551724138,"OCF_SALES":1.316371000677,"TOTAL_PARENT_EQUITY":186767184.48,"DEBT_ASSET_RATIO":39.4956492429,"OPERATE_PROFIT":-32856.48,"PRETAX_PROFIT":-1191047.4,"NETCASH_OPERATE":2147536.04,"NETCASH_INVEST":834189.52,"NETCASH_FINANCE":-5148427.88,"END_CASH":94933322.88,"DIVI_RATIO":null,"DIVIDEND_RATE":null,"CURRENT_RATIO":1.34955755539,"COMMON_ACS":10000000000,"CURRENTDEBT_DEBT":99.573292608979,"ISSUED_COMMON_SHARES":1550000000,"HK_COMMON_SHARES":1550000000,"PER_SHARES":8000,"TOTAL_MARKET_CAP":136400000,"HKSK_MARKET_CAP":136400000,"PE_TTM":-9.014605776221,"PB_TTM":0.66654938525,"REPORT_DATE_SQ":"2023-06-30 00:00:00","REPORT_TYPE_SQ":"2023年中报","OPERATE_INCOME_SQ":183060050.98,"DPS_HKD":null,"OPERATE_INCOME_QOQ_SQ":-18.889575982614,"NET_PROFIT_RATIO_SQ":3.2329225237,"HOLDER_PROFIT_SQ":5918189.62,"HOLDER_PROFIT_QOQ_SQ":-55.9788201472,"ROE_AVG_SQ":2.917793586218,"PE_TTM_SQ":11.860083803972,"PB_TTM_SQ":0.592896174863,"ROA_SQ":1.657778179517,"START_DATE":"2024-01-01 00:00:00","FISCAL_YEAR":"12-31","CURRENCY":"HKD","IS_CNY_CODE":0,"DPS_HKD_LY":null,"ORG_TYPE":"一般企业","PREMIUM_INCOME":null,"PREMIUM_INCOME_YOY":null,"NET_INTEREST_INCOME":null,"NET_INTEREST_INCOME_YOY":null,"FEE_COMMISSION_INCOME":null,"FEE_COMMISSION_INCOME_YOY":null,"ACCOUNTS_RECE_TDAYS":2.523776579222,"INVENTORY_TDAYS":null,"CURRENT_ASSETS_TDAYS":0.969281074105,"TOTAL_ASSETS_TDAYS":0.5164245597,"PREMIUM_EXPENSE":null,"LOAN_DEPOSIT":null,"LOAN_EQUITY":null,"LOAN_ASSETS":null,"DEPOSIT_EQUITY":null,"DEPOSIT_ASSETS":null,"EQUITY_MULTIPLIER":1.652773705505,"EQUITY_RATIO":0.652773705506},{"SECUCODE":"01549.HK","SECURITY_CODE":"01549","SECURITY_NAME_ABBR":"永丰集团控股","ORG_CODE":"10520836","STD_REPORT_DATE":"2023-12-31 00:00:00","REPORT_DATE":"2023-12-31 00:00:00","DATE_TYPE_CODE":"001","REPORT_TYPE":"2023年年报","PER_NETCASH_OPERATE":-0.008897326426,"PER_OI":0.229314586065,"BPS":0.125326718052,"BASIC_EPS":0.000271866,"DILUTED_EPS":0.000271866,"OPERATE_INCOME":355437608.4,"OPERATE_INCOME_YOY":-40.1664027532,"GROSS_PROFIT":61952824.08,"GROSS_PROFIT_YOY":-33.190354325676,"HOLDER_PROFIT":464890.86,"HOLDER_PROFIT_YOY":-98.1441285001,"GROSS_PROFIT_RATIO":17.430013767783,"EPS_TTM":0.000299929587,"OPERATE_INCOME_QOQ":-25.162488818071,"NET_PROFIT_RATIO":0.1307939422,"ROE_AVG":0.235998242664,"GROSS_PROFIT_QOQ":-16.577418239127,"ROA":0.133738110539,"HOLDER_PROFIT_QOQ":-95.723020996951,"ROE_YEARLY":0.235998242664,"ROIC_YEARLY":0.200126785976,"TOTAL_ASSETS":320837222.58,"TOTAL_LIABILITIES":126580809.6,"TAX_EBT":25.109489051095,"OCF_SALES":-3.879965325583,"TOTAL_PARENT_EQUITY":194256412.98,"DEBT_ASSET_RATIO":39.4532805708,"OPERATE_PROFIT":3224330.76,"PRETAX_PROFIT":620760.7,"NETCASH_OPERATE":-13790855.96,"NETCASH_INVEST":-3465385.28,"NETCASH_FINANCE":-15509049.08,"END_CASH":96516961.1,"DIVI_RATIO":null,"DIVIDEND_RATE":null,"CURRENT_RATIO":1.365516246529,"COMMON_ACS":10000000000,"CURRENTDEBT_DEBT":99.259020618557,"ISSUED_COMMON_SHARES":1550000000,"HK_COMMON_SHARES":1550000000,"PER_SHARES":8000,"TOTAL_MARKET_CAP":151900000,"HKSK_MARKET_CAP":151900000,"PE_TTM":-10.038992796246,"PB_TTM":0.742293633574,"REPORT_DATE_SQ":"2022-12-31 00:00:00","REPORT_TYPE_SQ":"2022年年报","OPERATE_INCOME_SQ":585554563.86,"DPS_HKD":null,"OPERATE_INCOME_QOQ_SQ":9.303873458111,"NET_PROFIT_RATIO_SQ":4.2168178448,"HOLDER_PROFIT_SQ":24691769.34,"HOLDER_PROFIT_QOQ_SQ":-32.814861585917,"ROE_AVG_SQ":13.235114565952,"PE_TTM_SQ":12.989615594826,"PB_TTM_SQ":0.649362477231,"ROA_SQ":6.828169348085,"START_DATE":"2023-01-01 00:00:00","FISCAL_YEAR":"12-31","CURRENCY":"HKD","IS_CNY_CODE":0,"DPS_HKD_LY":null,"ORG_TYPE":"一般企业","PREMIUM_INCOME":null,"PREMIUM_INCOME_YOY":null,"NET_INTEREST_INCOME":null,"NET_INTEREST_INCOME_YOY":null,"FEE_COMMISSION_INCOME":null,"FEE_COMMISSION_INCOME_YOY":null,"ACCOUNTS_RECE_TDAYS":5.029170780495,"INVENTORY_TDAYS":null,"CURRENT_ASSETS_TDAYS":1.835685936798,"TOTAL_ASSETS_TDAYS":1.02250997496,"PREMIUM_EXPENSE":null,"LOAN_DEPOSIT":null,"LOAN_EQUITY":null,"LOAN_ASSETS":null,"DEPOSIT_EQUITY":null,"DEPOSIT_ASSETS":null,"EQUITY_MULTIPLIER":1.651617146936,"EQUITY_RATIO":0.651617146936},{"SECUCODE":"01549.HK","SECURITY_CODE":"01549","SECURITY_NAME_ABBR":"永丰集团控股","ORG_CODE":"10520836","STD_REPORT_DATE":"2023-06-30 00:00:00","REPORT_DATE":"2023-06-30 00:00:00","DATE_TYPE_CODE":"002","REPORT_TYPE":"2023年中报","PER_NETCASH_OPERATE":-0.010926950065,"PER_OI":0.118103258697,"BPS":0.130623747097,"BASIC_EPS":0.003780118,"DILUTED_EPS":0.003780118,"OPERATE_INCOME":183060050.98,"OPERATE_INCOME_YOY":-42.1801651737,"GROSS_PROFIT":36295586.66,"GROSS_PROFIT_YOY":-33.721328812684,"HOLDER_PROFIT":5918189.62,"HOLDER_PROFIT_YOY":-72.1916561972,"GROSS_PROFIT_RATIO":19.827147684978,"EPS_TTM":0.007012650445,"OPERATE_INCOME_QOQ":-18.889575982614,"NET_PROFIT_RATIO":3.2329225237,"ROE_AVG":2.917793586218,"GROSS_PROFIT_QOQ":-19.914195576168,"ROA":1.657778179517,"HOLDER_PROFIT_QOQ":-55.9788201472,"ROE_YEARLY":5.835587172436,"ROIC_YEARLY":5.116004750177,"TOTAL_ASSETS":333091090.44,"TOTAL_LIABILITIES":130624282.44,"TAX_EBT":16.222918298095,"OCF_SALES":-9.252030964337,"TOTAL_PARENT_EQUITY":202466808,"DEBT_ASSET_RATIO":39.2157839669,"OPERATE_PROFIT":8354982.76,"PRETAX_PROFIT":7064210.76,"NETCASH_OPERATE":-16936772.6,"NETCASH_INVEST":357728.24,"NETCASH_FINANCE":-118935.42,"END_CASH":114826155.14,"DIVI_RATIO":null,"DIVIDEND_RATE":null,"CURRENT_RATIO":1.372647758515,"COMMON_ACS":10000000000,"CURRENTDEBT_DEBT":99.096542864806,"ISSUED_COMMON_SHARES":1550000000,"HK_COMMON_SHARES":1550000000,"PER_SHARES":8000,"TOTAL_MARKET_CAP":151900000,"HKSK_MARKET_CAP":151900000,"PE_TTM":-10.038992796246,"PB_TTM":0.742293633574,"REPORT_DATE_SQ":"2022-06-30 00:00:00","REPORT_TYPE_SQ":"2022年中报","OPERATE_INCOME_SQ":293668825.24,"DPS_HKD":null,"OPERATE_INCOME_QOQ_SQ":34.0028544576,"NET_PROFIT_RATIO_SQ":6.7219769595,"HOLDER_PROFIT_SQ":19740350.77,"HOLDER_PROFIT_QOQ_SQ":97.300053102474,"ROE_AVG_SQ":11.111993664869,"PE_TTM_SQ":12.989615594826,"PB_TTM_SQ":0.649362477231,"ROA_SQ":5.674356862793,"START_DATE":"2023-01-01 00:00:00","FISCAL_YEAR":"12-31","CURRENCY":"HKD","IS_CNY_CODE":0,"DPS_HKD_LY":null,"ORG_TYPE":"一般企业","PREMIUM_INCOME":null,"PREMIUM_INCOME_YOY":null,"NET_INTEREST_INCOME":null,"NET_INTEREST_INCOME_YOY":null,"FEE_COMMISSION_INCOME":null,"FEE_COMMISSION_INCOME_YOY":null,"ACCOUNTS_RECE_TDAYS":2.735992834505,"INVENTORY_TDAYS":null,"CURRENT_ASSETS_TDAYS":0.921942872798,"TOTAL_ASSETS_TDAYS":0.51278005191,"PREMIUM_EXPENSE":null,"LOAN_DEPOSIT":null,"LOAN_EQUITY":null,"LOAN_ASSETS":null,"DEPOSIT_EQUITY":null,"DEPOSIT_ASSETS":null,"EQUITY_MULTIPLIER":1.645163934426,"EQUITY_RATIO":0.645163934426},{"SECUCODE":"01549.HK","SECURITY_CODE":"01549","SECURITY_NAME_ABBR":"永丰集团控股","ORG_CODE":"10520836","STD_REPORT_DATE":"2022-12-31 00:00:00","REPORT_DATE":"2022-12-31 00:00:00","DATE_TYPE_CODE":"001","REPORT_TYPE":"2022年年报","PER_NETCASH_OPERATE":0.0333368364,"PER_OI":0.377777137974,"BPS":0.127011467935,"BASIC_EPS":0.015900206,"DILUTED_EPS":0.015900206,"OPERATE_INCOME":585554563.86,"OPERATE_INCOME_YOY":34.0626303777,"GROSS_PROFIT":92730358.7,"GROSS_PROFIT_YOY":38.766174868755,"HOLDER_PROFIT":24691769.34,"HOLDER_PROFIT_YOY":21.327305447,"GROSS_PROFIT_RATIO":15.836330962689,"EPS_TTM":0.015930173768,"OPERATE_INCOME_QOQ":9.303873458111,"NET_PROFIT_RATIO":4.2168178448,"ROE_AVG":13.235114565952,"GROSS_PROFIT_QOQ":-7.599024213399,"ROA":6.828169348085,"HOLDER_PROFIT_QOQ":-32.814861585917,"ROE_YEARLY":13.235114565952,"ROIC_YEARLY":10.279008021062,"TOTAL_ASSETS":369038421.64,"TOTAL_LIABILITIES":172170646.34,"TAX_EBT":15.971546692607,"OCF_SALES":8.824471639223,"TOTAL_PARENT_EQUITY":196867775.3,"DEBT_ASSET_RATIO":46.653853974,"OPERATE_PROFIT":31116167.18,"PRETAX_PROFIT":29385009.92,"NETCASH_OPERATE":51672096.42,"NETCASH_INVEST":-21351832.81,"NETCASH_FINANCE":-6036718.66,"END_CASH":132195920.57,"DIVI_RATIO":null,"DIVIDEND_RATE":null,"CURRENT_RATIO":1.24158689585,"COMMON_ACS":10000000000,"CURRENTDEBT_DEBT":99.456786792707,"ISSUED_COMMON_SHARES":1550000000,"HK_COMMON_SHARES":1550000000,"PER_SHARES":8000,"TOTAL_MARKET_CAP":151900000,"HKSK_MARKET_CAP":151900000,"PE_TTM":-10.038992796246,"PB_TTM":0.742293633574,"REPORT_DATE_SQ":"2021-12-31 00:00:00","REPORT_TYPE_SQ":"2021年年报","OPERATE_INCOME_SQ":399776966.4,"DPS_HKD":null,"OPERATE_INCOME_QOQ_SQ":28.395319305582,"NET_PROFIT_RATIO_SQ":4.659443231,"HOLDER_PROFIT_SQ":18627380.8,"HOLDER_PROFIT_QOQ_SQ":81.434329570523,"ROE_AVG_SQ":13.412099912285,"PE_TTM_SQ":12.989615594826,"PB_TTM_SQ":0.649362477231,"ROA_SQ":6.120727405589,"START_DATE":"2022-01-01 00:00:00","FISCAL_YEAR":"12-31","CURRENCY":"HKD","IS_CNY_CODE":0,"DPS_HKD_LY":null,"ORG_TYPE":"一般企业","PREMIUM_INCOME":null,"PREMIUM_INCOME_YOY":null,"NET_INTEREST_INCOME":null,"NET_INTEREST_INCOME_YOY":null,"FEE_COMMISSION_INCOME":null,"FEE_COMMISSION_INCOME_YOY":null,"ACCOUNTS_RECE_TDAYS":7.276701319317,"INVENTORY_TDAYS":null,"CURRENT_ASSETS_TDAYS":2.853154705944,"TOTAL_ASSETS_TDAYS":1.619270644207,"PREMIUM_EXPENSE":null,"LOAN_DEPOSIT":null,"LOAN_EQUITY":null,"LOAN_ASSETS":null,"DEPOSIT_EQUITY":null,"DEPOSIT_ASSETS":null,"EQUITY_MULTIPLIER":1.874549661962,"EQUITY_RATIO":0.874549661963},{"SECUCODE":"01549.HK","SECURITY_CODE":"01549","SECURITY_NAME_ABBR":"永丰集团控股","ORG_CODE":"10520836","STD_REPORT_DATE":"2022-06-30 00:00:00","REPORT_DATE":"2022-06-30 00:00:00","DATE_TYPE_CODE":"002","REPORT_TYPE":"2022年中报","PER_NETCASH_OPERATE":0.004271536116,"PER_OI":0.189463758219,"BPS":0.120357785394,"BASIC_EPS":0.012742331,"DILUTED_EPS":0.012742331,"OPERATE_INCOME":293668825.24,"OPERATE_INCOME_YOY":81.1494737953,"GROSS_PROFIT":54762091.65,"GROSS_PROFIT_YOY":157.940401623301,"HOLDER_PROFIT":19740350.77,"HOLDER_PROFIT_YOY":1088.6199794027,"GROSS_PROFIT_RATIO":18.647567240154,"EPS_TTM":0.02371085949,"OPERATE_INCOME_QOQ":34.0028544576,"NET_PROFIT_RATIO":6.7219769595,"ROE_AVG":11.111993664869,"GROSS_PROFIT_QOQ":50.178256979919,"ROA":5.674356862793,"HOLDER_PROFIT_QOQ":97.300053102474,"ROE_YEARLY":22.223987329737,"ROIC_YEARLY":16.174278321892,"TOTAL_ASSETS":356679224.44,"TOTAL_LIABILITIES":170124657.08,"TAX_EBT":13.368361793958,"OCF_SALES":2.254539948048,"TOTAL_PARENT_EQUITY":186554567.36,"DEBT_ASSET_RATIO":47.6968226414,"OPERATE_PROFIT":23391156.88,"PRETAX_PROFIT":22786537.55,"NETCASH_OPERATE":6620880.98,"NETCASH_INVEST":-8096938.92,"NETCASH_FINANCE":348917.52,"END_CASH":101692353.28,"DIVI_RATIO":null,"DIVIDEND_RATE":null,"CURRENT_RATIO":1.244080476284,"COMMON_ACS":10000000000,"CURRENTDEBT_DEBT":99.716988719764,"ISSUED_COMMON_SHARES":1550000000,"HK_COMMON_SHARES":1550000000,"PER_SHARES":8000,"TOTAL_MARKET_CAP":151900000,"HKSK_MARKET_CAP":151900000,"PE_TTM":-10.038992796246,"PB_TTM":0.742293633574,"REPORT_DATE_SQ":"2021-06-30 00:00:00","REPORT_TYPE_SQ":"2021年中报","OPERATE_INCOME_SQ":157733245.2,"DPS_HKD":null,"OPERATE_INCOME_QOQ_SQ":1.157813881087,"NET_PROFIT_RATIO_SQ":1.0244507161,"HOLDER_PROFIT_SQ":1615899.36,"HOLDER_PROFIT_QOQ_SQ":-53.485274312819,"ROE_AVG_SQ":1.350040841864,"PE_TTM_SQ":12.989615594826,"PB_TTM_SQ":0.649362477231,"ROA_SQ":0.565972849624,"START_DATE":"2022-01-01 00:00:00","FISCAL_YEAR":"12-31","CURRENCY":"HKD","IS_CNY_CODE":0,"DPS_HKD_LY":null,"ORG_TYPE":"一般企业","PREMIUM_INCOME":null,"PREMIUM_INCOME_YOY":null,"NET_INTEREST_INCOME":null,"NET_INTEREST_INCOME_YOY":null,"FEE_COMMISSION_INCOME":null,"FEE_COMMISSION_INCOME_YOY":null,"ACCOUNTS_RECE_TDAYS":3.171194798958,"INVENTORY_TDAYS":null,"CURRENT_ASSETS_TDAYS":1.466611144922,"TOTAL_ASSETS_TDAYS":0.844150001844,"PREMIUM_EXPENSE":null,"LOAN_DEPOSIT":null,"LOAN_EQUITY":null,"LOAN_ASSETS":null,"DEPOSIT_EQUITY":null,"DEPOSIT_ASSETS":null,"EQUITY_MULTIPLIER":1.911929734486,"EQUITY_RATIO":0.911929734487},{"SECUCODE":"01549.HK","SECURITY_CODE":"01549","SECURITY_NAME_ABBR":"永丰集团控股","ORG_CODE":"10520836","STD_REPORT_DATE":"2021-12-31 00:00:00","REPORT_DATE":"2021-12-31 00:00:00","DATE_TYPE_CODE":"001","REPORT_TYPE":"2021年年报","PER_NETCASH_OPERATE":0.012528269419,"PER_OI":0.257920623484,"BPS":0.104081534968,"BASIC_EPS":0.01283632,"DILUTED_EPS":0.01283632,"OPERATE_INCOME":399776966.4,"OPERATE_INCOME_YOY":33.7008326156,"GROSS_PROFIT":66824900.8,"GROSS_PROFIT_YOY":27.33699635403,"HOLDER_PROFIT":18627380.8,"HOLDER_PROFIT_YOY":-13.1248808389,"GROSS_PROFIT_RATIO":16.715545520734,"EPS_TTM":0.012017665032,"OPERATE_INCOME_QOQ":28.395319305582,"NET_PROFIT_RATIO":4.659443231,"ROE_AVG":13.412099912285,"GROSS_PROFIT_QOQ":43.927941997232,"ROA":6.120727405589,"HOLDER_PROFIT_QOQ":81.434329570523,"ROE_YEARLY":13.412099912285,"ROIC_YEARLY":8.796660952293,"TOTAL_ASSETS":324189846.4,"TOTAL_LIABILITIES":162863467.2,"TAX_EBT":14.032903177119,"OCF_SALES":4.857412815667,"TOTAL_PARENT_EQUITY":161326379.2,"DEBT_ASSET_RATIO":50.2370660305,"OPERATE_PROFIT":22547772.8,"PRETAX_PROFIT":21668035.2,"NETCASH_OPERATE":19418817.6,"NETCASH_INVEST":-44569828.8,"NETCASH_FINANCE":43505313.6,"END_CASH":101236049.6,"DIVI_RATIO":null,"DIVIDEND_RATE":null,"CURRENT_RATIO":1.118529890014,"COMMON_ACS":10000000000,"CURRENTDEBT_DEBT":99.41213974106,"ISSUED_COMMON_SHARES":1550000000,"HK_COMMON_SHARES":1550000000,"PER_SHARES":8000,"TOTAL_MARKET_CAP":151900000,"HKSK_MARKET_CAP":151900000,"PE_TTM":-10.038992796246,"PB_TTM":0.742293633574,"REPORT_DATE_SQ":"2020-12-31 00:00:00","REPORT_TYPE_SQ":"2020年年报","OPERATE_INCOME_SQ":307800372.6,"DPS_HKD":null,"OPERATE_INCOME_QOQ_SQ":-2.175122371906,"NET_PROFIT_RATIO_SQ":7.1708844319,"HOLDER_PROFIT_SQ":22072009,"HOLDER_PROFIT_QOQ_SQ":89.963732949974,"ROE_AVG_SQ":20.451053940873,"PE_TTM_SQ":12.989615594826,"PB_TTM_SQ":0.649362477231,"ROA_SQ":8.881611254669,"START_DATE":"2021-01-01 00:00:00","FISCAL_YEAR":"12-31","CURRENCY":"HKD","IS_CNY_CODE":0,"DPS_HKD_LY":null,"ORG_TYPE":"一般企业","PREMIUM_INCOME":null,"PREMIUM_INCOME_YOY":null,"NET_INTEREST_INCOME":null,"NET_INTEREST_INCOME_YOY":null,"FEE_COMMISSION_INCOME":null,"FEE_COMMISSION_INCOME_YOY":null,"ACCOUNTS_RECE_TDAYS":6.049288630459,"INVENTORY_TDAYS":null,"CURRENT_ASSETS_TDAYS":2.475178058892,"TOTAL_ASSETS_TDAYS":1.313617765503,"PREMIUM_EXPENSE":null,"LOAN_DEPOSIT":null,"LOAN_EQUITY":null,"LOAN_ASSETS":null,"DEPOSIT_EQUITY":null,"DEPOSIT_ASSETS":null,"EQUITY_MULTIPLIER":2.009527815649,"EQUITY_RATIO":1.009527815647},{"SECUCODE":"01549.HK","SECURITY_CODE":"01549","SECURITY_NAME_ABBR":"永丰集团控股","ORG_CODE":"10520836","STD_REPORT_DATE":"2021-06-30 00:00:00","REPORT_DATE":"2021-06-30 00:00:00","DATE_TYPE_CODE":"002","REPORT_TYPE":"2021年中报","PER_NETCASH_OPERATE":-0.009081558857,"PER_OI":0.112666603714,"BPS":0.077986832206,"BASIC_EPS":0.001164912,"DILUTED_EPS":0.001164912,"OPERATE_INCOME":157733245.2,"OPERATE_INCOME_YOY":12.3155131859,"GROSS_PROFIT":21230521.2,"GROSS_PROFIT_YOY":-22.175182435516,"HOLDER_PROFIT":1615899.36,"HOLDER_PROFIT_YOY":-86.7828217519,"GROSS_PROFIT_RATIO":13.45976314193,"EPS_TTM":0.007333381743,"OPERATE_INCOME_QOQ":1.157813881087,"NET_PROFIT_RATIO":1.0244507161,"ROE_AVG":1.350040841864,"GROSS_PROFIT_QOQ":-11.527258302297,"ROA":0.565972849624,"HOLDER_PROFIT_QOQ":-53.485274312819,"ROE_YEARLY":2.700081683728,"ROIC_YEARLY":1.552358113509,"TOTAL_ASSETS":281502648.96,"TOTAL_LIABILITIES":160623059.04,"TAX_EBT":8.439415370108,"OCF_SALES":-8.060559702477,"TOTAL_PARENT_EQUITY":120879589.92,"DEBT_ASSET_RATIO":57.0591643217,"OPERATE_PROFIT":2151758.88,"PRETAX_PROFIT":1764841.68,"NETCASH_OPERATE":-12714182.4,"NETCASH_INVEST":-835408.32,"NETCASH_FINANCE":-3261753.6,"END_CASH":69238208.88,"DIVI_RATIO":null,"DIVIDEND_RATE":null,"CURRENT_RATIO":0.876116997136,"COMMON_ACS":10000000000,"CURRENTDEBT_DEBT":99.305318123893,"ISSUED_COMMON_SHARES":1550000000,"HK_COMMON_SHARES":1550000000,"PER_SHARES":8000,"TOTAL_MARKET_CAP":151900000,"HKSK_MARKET_CAP":151900000,"PE_TTM":-10.038992796246,"PB_TTM":0.742293633574,"REPORT_DATE_SQ":"2020-06-30 00:00:00","REPORT_TYPE_SQ":"2020年中报","OPERATE_INCOME_SQ":154169489.76,"DPS_HKD":null,"OPERATE_INCOME_QOQ_SQ":4.320627415874,"NET_PROFIT_RATIO_SQ":8.7054669124,"HOLDER_PROFIT_SQ":13421173.92,"HOLDER_PROFIT_QOQ_SQ":709.668597568139,"ROE_AVG_SQ":12.140717635151,"PE_TTM_SQ":12.989615594826,"PB_TTM_SQ":0.649362477231,"ROA_SQ":6.041107323912,"START_DATE":"2021-01-01 00:00:00","FISCAL_YEAR":"12-31","CURRENCY":"HKD","IS_CNY_CODE":0,"DPS_HKD_LY":null,"ORG_TYPE":"一般企业","PREMIUM_INCOME":null,"PREMIUM_INCOME_YOY":null,"NET_INTEREST_INCOME":null,"NET_INTEREST_INCOME_YOY":null,"FEE_COMMISSION_INCOME":null,"FEE_COMMISSION_INCOME_YOY":null,"ACCOUNTS_RECE_TDAYS":2.67993214109,"INVENTORY_TDAYS":null,"CURRENT_ASSETS_TDAYS":1.110044064472,"TOTAL_ASSETS_TDAYS":0.55246469227,"PREMIUM_EXPENSE":null,"LOAN_DEPOSIT":null,"LOAN_EQUITY":null,"LOAN_ASSETS":null,"DEPOSIT_EQUITY":null,"DEPOSIT_ASSETS":null,"EQUITY_MULTIPLIER":2.328785605133,"EQUITY_RATIO":1.328785605132},{"SECUCODE":"01549.HK","SECURITY_CODE":"01549","SECURITY_NAME_ABBR":"永丰集团控股","ORG_CODE":"10520836","STD_REPORT_DATE":"2020-12-31 00:00:00","REPORT_DATE":"2020-12-31 00:00:00","DATE_TYPE_CODE":"001","REPORT_TYPE":"2020年年报","PER_NETCASH_OPERATE":0.028214177486,"PER_OI":0.219857409,"BPS":0.077333684155,"BASIC_EPS":0.015738668,"DILUTED_EPS":0.015738668,"OPERATE_INCOME":307800372.6,"OPERATE_INCOME_YOY":8.616173256,"GROSS_PROFIT":52478778.92,"GROSS_PROFIT_YOY":22.538539467019,"HOLDER_PROFIT":22072009,"HOLDER_PROFIT_YOY":1537.0162297129,"GROSS_PROFIT_RATIO":17.04961513747,"EPS_TTM":0.015765720714,"OPERATE_INCOME_QOQ":-2.175122371906,"NET_PROFIT_RATIO":7.1708844319,"ROE_AVG":20.451053940873,"GROSS_PROFIT_QOQ":9.540716166213,"ROA":8.881611254669,"HOLDER_PROFIT_QOQ":89.963732949974,"ROE_YEARLY":20.451053940873,"ROIC_YEARLY":12.67465407498,"TOTAL_ASSETS":292840221.6,"TOTAL_LIABILITIES":172973011.16,"TAX_EBT":-35.180412371134,"OCF_SALES":12.832943685657,"TOTAL_PARENT_EQUITY":119867210.44,"DEBT_ASSET_RATIO":59.067367937,"OPERATE_PROFIT":17321792.84,"PRETAX_PROFIT":16327816,"NETCASH_OPERATE":39499848.48,"NETCASH_INVEST":-17637407.84,"NETCASH_FINANCE":3645984.48,"END_CASH":86386771.24,"DIVI_RATIO":null,"DIVIDEND_RATE":null,"CURRENT_RATIO":0.85293004928,"COMMON_ACS":10000000000,"CURRENTDEBT_DEBT":99.031719695016,"ISSUED_COMMON_SHARES":1550000000,"HK_COMMON_SHARES":1550000000,"PER_SHARES":8000,"TOTAL_MARKET_CAP":151900000,"HKSK_MARKET_CAP":151900000,"PE_TTM":-10.038992796246,"PB_TTM":0.742293633574,"REPORT_DATE_SQ":"2019-12-31 00:00:00","REPORT_TYPE_SQ":"2019年年报","OPERATE_INCOME_SQ":301612709.12,"DPS_HKD":null,"OPERATE_INCOME_QOQ_SQ":2.401256998569,"NET_PROFIT_RATIO_SQ":0.4757888234,"HOLDER_PROFIT_SQ":1435039.56,"HOLDER_PROFIT_QOQ_SQ":-48.966371330574,"ROE_AVG_SQ":1.410683151054,"PE_TTM_SQ":12.989615594826,"PB_TTM_SQ":0.649362477231,"ROA_SQ":0.691253187661,"START_DATE":"2020-01-01 00:00:00","FISCAL_YEAR":"12-31","CURRENCY":"HKD","IS_CNY_CODE":0,"DPS_HKD_LY":null,"ORG_TYPE":"一般企业","PREMIUM_INCOME":null,"PREMIUM_INCOME_YOY":null,"NET_INTEREST_INCOME":null,"NET_INTEREST_INCOME_YOY":null,"FEE_COMMISSION_INCOME":null,"FEE_COMMISSION_INCOME_YOY":null,"ACCOUNTS_RECE_TDAYS":5.792633187877,"INVENTORY_TDAYS":null,"CURRENT_ASSETS_TDAYS":2.345071032154,"TOTAL_ASSETS_TDAYS":1.238565666349,"PREMIUM_EXPENSE":null,"LOAN_DEPOSIT":null,"LOAN_EQUITY":null,"LOAN_ASSETS":null,"DEPOSIT_EQUITY":null,"DEPOSIT_ASSETS":null,"EQUITY_MULTIPLIER":2.443038596836,"EQUITY_RATIO":1.443038596836},{"SECUCODE":"01549.HK","SECURITY_CODE":"01549","SECURITY_NAME_ABBR":"永丰集团控股","ORG_CODE":"10520836","STD_REPORT_DATE":"2020-06-30 00:00:00","REPORT_DATE":"2020-06-30 00:00:00","DATE_TYPE_CODE":"002","REPORT_TYPE":"2020年中报","PER_NETCASH_OPERATE":0.001775335886,"PER_OI":0.110121064114,"BPS":0.075432464516,"BASIC_EPS":0.00959112,"DILUTED_EPS":0.00959112,"OPERATE_INCOME":154169489.76,"OPERATE_INCOME_YOY":5.193647707,"GROSS_PROFIT":27279885.6,"GROSS_PROFIT_YOY":22.892220534384,"HOLDER_PROFIT":13421173.92,"HOLDER_PROFIT_YOY":299.2663043478,"GROSS_PROFIT_RATIO":17.694736904473,"EPS_TTM":0.008299331914,"OPERATE_INCOME_QOQ":4.320627415874,"NET_PROFIT_RATIO":8.7054669124,"ROE_AVG":12.140717635151,"GROSS_PROFIT_QOQ":11.865746140534,"ROA":6.041107323912,"HOLDER_PROFIT_QOQ":709.668597568139,"ROE_YEARLY":24.281435270301,"ROIC_YEARLY":17.660917122423,"TOTAL_ASSETS":222722248.32,"TOTAL_LIABILITIES":105801928.32,"TAX_EBT":-103.588748787585,"OCF_SALES":1.612167390493,"TOTAL_PARENT_EQUITY":116920320,"DEBT_ASSET_RATIO":47.5039782142,"OPERATE_PROFIT":7207955.04,"PRETAX_PROFIT":6592296.48,"NETCASH_OPERATE":2485470.24,"NETCASH_INVEST":-2498258.4,"NETCASH_FINANCE":5839621.92,"END_CASH":72679680.48,"DIVI_RATIO":null,"DIVIDEND_RATE":null,"CURRENT_RATIO":1.252265015567,"COMMON_ACS":10000000000,"CURRENTDEBT_DEBT":98.722243326311,"ISSUED_COMMON_SHARES":1550000000,"HK_COMMON_SHARES":1550000000,"PER_SHARES":8000,"TOTAL_MARKET_CAP":151900000,"HKSK_MARKET_CAP":151900000,"PE_TTM":-10.038992796246,"PB_TTM":0.742293633574,"REPORT_DATE_SQ":"2019-06-30 00:00:00","REPORT_TYPE_SQ":"2019年中报","OPERATE_INCOME_SQ":141137928.36,"DPS_HKD":null,"OPERATE_INCOME_QOQ_SQ":-0.239142440655,"NET_PROFIT_RATIO_SQ":2.2936065717,"HOLDER_PROFIT_SQ":3237148.8,"HOLDER_PROFIT_QOQ_SQ":161.362421075189,"ROE_AVG_SQ":3.201447611094,"PE_TTM_SQ":12.989615594826,"PB_TTM_SQ":0.649362477231,"ROA_SQ":1.621477527335,"START_DATE":"2020-01-01 00:00:00","FISCAL_YEAR":"12-31","CURRENCY":"HKD","IS_CNY_CODE":0,"DPS_HKD_LY":null,"ORG_TYPE":"一般企业","PREMIUM_INCOME":null,"PREMIUM_INCOME_YOY":null,"NET_INTEREST_INCOME":null,"NET_INTEREST_INCOME_YOY":null,"FEE_COMMISSION_INCOME":null,"FEE_COMMISSION_INCOME_YOY":null,"ACCOUNTS_RECE_TDAYS":2.81303021717,"INVENTORY_TDAYS":null,"CURRENT_ASSETS_TDAYS":1.199144579554,"TOTAL_ASSETS_TDAYS":0.693944091079,"PREMIUM_EXPENSE":null,"LOAN_DEPOSIT":null,"LOAN_EQUITY":null,"LOAN_ASSETS":null,"DEPOSIT_EQUITY":null,"DEPOSIT_ASSETS":null,"EQUITY_MULTIPLIER":1.904906250002,"EQUITY_RATIO":0.90490625}],"count":21},"success":true,"message":"ok","code":0}