{"version":"a58895650f6b636c6e666cf2e21667df","result":{"pages":2,"data":[{"SECUCODE":"01542.HK","SECURITY_CODE":"01542","SECURITY_NAME_ABBR":"台州水务","ORG_CODE":"10097168","STD_REPORT_DATE":"2024-06-30 00:00:00","REPORT_DATE":"2024-06-30 00:00:00","DATE_TYPE_CODE":"002","REPORT_TYPE":"2024年中报","PER_NETCASH_OPERATE":0.41288,"PER_OI":1.50173,"BPS":4.171705,"BASIC_EPS":-0.18,"DILUTED_EPS":-0.18,"OPERATE_INCOME":300346000,"OPERATE_INCOME_YOY":7.167681208,"GROSS_PROFIT":67633000,"GROSS_PROFIT_YOY":10.950162406903,"HOLDER_PROFIT":-36276000,"HOLDER_PROFIT_YOY":27.9580569567,"GROSS_PROFIT_RATIO":22.518362155647,"EPS_TTM":-0.34961,"OPERATE_INCOME_QOQ":3.312954463368,"NET_PROFIT_RATIO":-15.6209837987,"ROE_AVG":-4.251224940145,"GROSS_PROFIT_QOQ":4.61069820131,"ROA":-0.619812735429,"HOLDER_PROFIT_QOQ":16.759523809524,"ROE_YEARLY":-8.502449880289,"ROIC_YEARLY":-1.380899160406,"TOTAL_ASSETS":5802479000,"TOTAL_LIABILITIES":4773185000,"TAX_EBT":-43.236147153106,"OCF_SALES":27.493624020297,"TOTAL_PARENT_EQUITY":834341000,"DEBT_ASSET_RATIO":82.2611335603,"OPERATE_PROFIT":41311000,"PRETAX_PROFIT":-32755000,"NETCASH_OPERATE":82576000,"NETCASH_INVEST":-192087000,"NETCASH_FINANCE":10842000,"END_CASH":349158000,"DIVI_RATIO":null,"DIVIDEND_RATE":null,"CURRENT_RATIO":0.465438485312,"COMMON_ACS":null,"CURRENTDEBT_DEBT":25.753097774337,"ISSUED_COMMON_SHARES":200000000,"HK_COMMON_SHARES":50000000,"PER_SHARES":1000,"TOTAL_MARKET_CAP":330000000,"HKSK_MARKET_CAP":82500000,"PE_TTM":-4.240318855246,"PB_TTM":0.360984777207,"REPORT_DATE_SQ":"2023-06-30 00:00:00","REPORT_TYPE_SQ":"2023年中报","OPERATE_INCOME_SQ":280258000,"DPS_HKD":null,"OPERATE_INCOME_QOQ_SQ":8.15208077264,"NET_PROFIT_RATIO_SQ":-22.3269273312,"HOLDER_PROFIT_SQ":-50354000,"HOLDER_PROFIT_QOQ_SQ":-146.537326776933,"ROE_AVG_SQ":-5.52836423921,"PE_TTM_SQ":-18.580323672701,"PB_TTM_SQ":0.565106065923,"ROA_SQ":-0.880564768788,"START_DATE":"2024-01-01 00:00:00","FISCAL_YEAR":"12-31","CURRENCY":"HKD","IS_CNY_CODE":0,"DPS_HKD_LY":null,"ORG_TYPE":"一般企业","PREMIUM_INCOME":null,"PREMIUM_INCOME_YOY":null,"NET_INTEREST_INCOME":null,"NET_INTEREST_INCOME_YOY":null,"FEE_COMMISSION_INCOME":null,"FEE_COMMISSION_INCOME_YOY":null,"ACCOUNTS_RECE_TDAYS":1.853009676991,"INVENTORY_TDAYS":46.127452923687,"CURRENT_ASSETS_TDAYS":0.495393611011,"TOTAL_ASSETS_TDAYS":0.051317200307,"PREMIUM_EXPENSE":null,"LOAN_DEPOSIT":null,"LOAN_EQUITY":null,"LOAN_ASSETS":null,"DEPOSIT_EQUITY":null,"DEPOSIT_ASSETS":null,"EQUITY_MULTIPLIER":5.637338797264,"EQUITY_RATIO":5.720904282542},{"SECUCODE":"01542.HK","SECURITY_CODE":"01542","SECURITY_NAME_ABBR":"台州水务","ORG_CODE":"10097168","STD_REPORT_DATE":"2023-12-31 00:00:00","REPORT_DATE":"2023-12-31 00:00:00","DATE_TYPE_CODE":"001","REPORT_TYPE":"2023年年报","PER_NETCASH_OPERATE":1.064605,"PER_OI":3.031735,"BPS":4.361365,"BASIC_EPS":-0.42,"DILUTED_EPS":-0.42,"OPERATE_INCOME":606347000,"OPERATE_INCOME_YOY":11.7362837436,"GROSS_PROFIT":144772000,"GROSS_PROFIT_YOY":-31.47828227131,"HOLDER_PROFIT":-84000000,"HOLDER_PROFIT_YOY":-250.2011622709,"GROSS_PROFIT_RATIO":23.876097350197,"EPS_TTM":-0.42,"OPERATE_INCOME_QOQ":3.314039771885,"NET_PROFIT_RATIO":-18.2172914189,"ROE_AVG":-9.250199732735,"GROSS_PROFIT_QOQ":-17.982244933801,"ROA":-1.443219616791,"HOLDER_PROFIT_QOQ":-222.754168908015,"ROE_YEARLY":-9.250199732735,"ROIC_YEARLY":-1.600794298885,"TOTAL_ASSETS":5902992000,"TOTAL_LIABILITIES":4825125000,"TAX_EBT":-40.824600321273,"OCF_SALES":35.115371231325,"TOTAL_PARENT_EQUITY":872273000,"DEBT_ASSET_RATIO":81.7403276169,"OPERATE_PROFIT":73306000,"PRETAX_PROFIT":-78438000,"NETCASH_OPERATE":212921000,"NETCASH_INVEST":-259070000,"NETCASH_FINANCE":224262000,"END_CASH":447830000,"DIVI_RATIO":null,"DIVIDEND_RATE":null,"CURRENT_RATIO":0.471062538341,"COMMON_ACS":null,"CURRENTDEBT_DEBT":28.175808916867,"ISSUED_COMMON_SHARES":200000000,"HK_COMMON_SHARES":50000000,"PER_SHARES":1000,"TOTAL_MARKET_CAP":430000000,"HKSK_MARKET_CAP":107500000,"PE_TTM":-5.525263962896,"PB_TTM":0.470374103634,"REPORT_DATE_SQ":"2022-12-31 00:00:00","REPORT_TYPE_SQ":"2022年年报","OPERATE_INCOME_SQ":542659000,"DPS_HKD":null,"OPERATE_INCOME_QOQ_SQ":9.292475630387,"NET_PROFIT_RATIO_SQ":10.6427793513,"HOLDER_PROFIT_SQ":55925000,"HOLDER_PROFIT_QOQ_SQ":-38.554084491567,"ROE_AVG_SQ":5.990644204474,"PE_TTM_SQ":-15.19580374719,"PB_TTM_SQ":0.462168529751,"ROA_SQ":1.055830644198,"START_DATE":"2023-01-01 00:00:00","FISCAL_YEAR":"12-31","CURRENCY":"HKD","IS_CNY_CODE":0,"DPS_HKD_LY":0.0815,"ORG_TYPE":"一般企业","PREMIUM_INCOME":null,"PREMIUM_INCOME_YOY":null,"NET_INTEREST_INCOME":null,"NET_INTEREST_INCOME_YOY":null,"FEE_COMMISSION_INCOME":null,"FEE_COMMISSION_INCOME_YOY":null,"ACCOUNTS_RECE_TDAYS":4.504371791729,"INVENTORY_TDAYS":91.274471030255,"CURRENT_ASSETS_TDAYS":1.125286264146,"TOTAL_ASSETS_TDAYS":0.104177605355,"PREMIUM_EXPENSE":null,"LOAN_DEPOSIT":null,"LOAN_EQUITY":null,"LOAN_ASSETS":null,"DEPOSIT_EQUITY":null,"DEPOSIT_ASSETS":null,"EQUITY_MULTIPLIER":5.47654951863,"EQUITY_RATIO":5.531668411151},{"SECUCODE":"01542.HK","SECURITY_CODE":"01542","SECURITY_NAME_ABBR":"台州水务","ORG_CODE":"10097168","STD_REPORT_DATE":"2023-06-30 00:00:00","REPORT_DATE":"2023-06-30 00:00:00","DATE_TYPE_CODE":"002","REPORT_TYPE":"2023年中报","PER_NETCASH_OPERATE":0.28131,"PER_OI":1.40129,"BPS":4.38878,"BASIC_EPS":-0.25,"DILUTED_EPS":-0.25,"OPERATE_INCOME":280258000,"OPERATE_INCOME_YOY":18.7433268367,"GROSS_PROFIT":60958000,"GROSS_PROFIT_YOY":-36.319000459655,"HOLDER_PROFIT":-50354000,"HOLDER_PROFIT_YOY":-259.3632306865,"GROSS_PROFIT_RATIO":21.750672594538,"EPS_TTM":-0.13013,"OPERATE_INCOME_QOQ":8.15208077264,"NET_PROFIT_RATIO":-22.3269273312,"ROE_AVG":-5.52836423921,"GROSS_PROFIT_QOQ":-16.455019192632,"ROA":-0.880564768788,"HOLDER_PROFIT_QOQ":-146.537326776933,"ROE_YEARLY":-11.056728478421,"ROIC_YEARLY":-1.923036162238,"TOTAL_ASSETS":5699103000,"TOTAL_LIABILITIES":4610899000,"TAX_EBT":-29.951610558452,"OCF_SALES":20.075073682107,"TOTAL_PARENT_EQUITY":877756000,"DEBT_ASSET_RATIO":80.9056969141,"OPERATE_PROFIT":29940000,"PRETAX_PROFIT":-48151000,"NETCASH_OPERATE":56262000,"NETCASH_INVEST":-128787000,"NETCASH_FINANCE":62769000,"END_CASH":260023000,"DIVI_RATIO":null,"DIVIDEND_RATE":null,"CURRENT_RATIO":0.381853600829,"COMMON_ACS":null,"CURRENTDEBT_DEBT":26.619190747835,"ISSUED_COMMON_SHARES":200000000,"HK_COMMON_SHARES":50000000,"PER_SHARES":1000,"TOTAL_MARKET_CAP":430000000,"HKSK_MARKET_CAP":107500000,"PE_TTM":-5.525263962896,"PB_TTM":0.470374103634,"REPORT_DATE_SQ":"2022-06-30 00:00:00","REPORT_TYPE_SQ":"2022年中报","OPERATE_INCOME_SQ":236020000,"DPS_HKD":null,"OPERATE_INCOME_QOQ_SQ":-4.566588311271,"NET_PROFIT_RATIO_SQ":15.9270400813,"HOLDER_PROFIT_SQ":31597000,"HOLDER_PROFIT_QOQ_SQ":-24.34959687474,"ROE_AVG_SQ":3.427504648181,"PE_TTM_SQ":-15.19580374719,"PB_TTM_SQ":0.462168529751,"ROA_SQ":0.62615476825,"START_DATE":"2023-01-01 00:00:00","FISCAL_YEAR":"12-31","CURRENCY":"HKD","IS_CNY_CODE":0,"DPS_HKD_LY":0.0815,"ORG_TYPE":"一般企业","PREMIUM_INCOME":null,"PREMIUM_INCOME_YOY":null,"NET_INTEREST_INCOME":null,"NET_INTEREST_INCOME_YOY":null,"FEE_COMMISSION_INCOME":null,"FEE_COMMISSION_INCOME_YOY":null,"ACCOUNTS_RECE_TDAYS":1.999243840151,"INVENTORY_TDAYS":41.094350229551,"CURRENT_ASSETS_TDAYS":0.618712738937,"TOTAL_ASSETS_TDAYS":0.049010072878,"PREMIUM_EXPENSE":null,"LOAN_DEPOSIT":null,"LOAN_EQUITY":null,"LOAN_ASSETS":null,"DEPOSIT_EQUITY":null,"DEPOSIT_ASSETS":null,"EQUITY_MULTIPLIER":5.237164171435,"EQUITY_RATIO":5.253053240308},{"SECUCODE":"01542.HK","SECURITY_CODE":"01542","SECURITY_NAME_ABBR":"台州水务","ORG_CODE":"10097168","STD_REPORT_DATE":"2022-12-31 00:00:00","REPORT_DATE":"2022-12-31 00:00:00","DATE_TYPE_CODE":"001","REPORT_TYPE":"2022年年报","PER_NETCASH_OPERATE":1.22423,"PER_OI":2.713295,"BPS":4.71952,"BASIC_EPS":0.28,"DILUTED_EPS":0.28,"OPERATE_INCOME":542659000,"OPERATE_INCOME_YOY":4.3015382132,"GROSS_PROFIT":211279000,"GROSS_PROFIT_YOY":-6.761664776413,"HOLDER_PROFIT":55925000,"HOLDER_PROFIT_YOY":-53.5159172139,"GROSS_PROFIT_RATIO":38.934026709223,"EPS_TTM":0.279625,"OPERATE_INCOME_QOQ":9.292475630387,"NET_PROFIT_RATIO":10.6427793513,"ROE_AVG":5.990644204474,"GROSS_PROFIT_QOQ":3.452007305525,"ROA":1.055830644198,"HOLDER_PROFIT_QOQ":-38.554084491567,"ROE_YEARLY":5.990644204474,"ROIC_YEARLY":1.152708230533,"TOTAL_ASSETS":5737648000,"TOTAL_LIABILITIES":4571077000,"TAX_EBT":37.627975290509,"OCF_SALES":45.119679209227,"TOTAL_PARENT_EQUITY":943904000,"DEBT_ASSET_RATIO":79.6681323079,"OPERATE_PROFIT":159173000,"PRETAX_PROFIT":92596000,"NETCASH_OPERATE":244846000,"NETCASH_INVEST":-457593000,"NETCASH_FINANCE":291794000,"END_CASH":269759000,"DIVI_RATIO":null,"DIVIDEND_RATE":null,"CURRENT_RATIO":0.327811310089,"COMMON_ACS":null,"CURRENTDEBT_DEBT":29.180672301079,"ISSUED_COMMON_SHARES":200000000,"HK_COMMON_SHARES":50000000,"PER_SHARES":1000,"TOTAL_MARKET_CAP":430000000,"HKSK_MARKET_CAP":107500000,"PE_TTM":-5.525263962896,"PB_TTM":0.470374103634,"REPORT_DATE_SQ":"2021-12-31 00:00:00","REPORT_TYPE_SQ":"2021年年报","OPERATE_INCOME_SQ":520279000,"DPS_HKD":null,"OPERATE_INCOME_QOQ_SQ":0.223262444136,"NET_PROFIT_RATIO_SQ":25.9458867262,"HOLDER_PROFIT_SQ":120310000,"HOLDER_PROFIT_QOQ_SQ":-0.057318967594,"ROE_AVG_SQ":13.680856580138,"PE_TTM_SQ":-15.19580374719,"PB_TTM_SQ":0.462168529751,"ROA_SQ":2.878586733785,"START_DATE":"2022-01-01 00:00:00","FISCAL_YEAR":"12-31","CURRENCY":"HKD","IS_CNY_CODE":0,"DPS_HKD_LY":0.1992,"ORG_TYPE":"一般企业","PREMIUM_INCOME":null,"PREMIUM_INCOME_YOY":null,"NET_INTEREST_INCOME":null,"NET_INTEREST_INCOME_YOY":null,"FEE_COMMISSION_INCOME":null,"FEE_COMMISSION_INCOME_YOY":null,"ACCOUNTS_RECE_TDAYS":4.871506223377,"INVENTORY_TDAYS":65.264401772526,"CURRENT_ASSETS_TDAYS":1.401580416167,"TOTAL_ASSETS_TDAYS":0.102450782575,"PREMIUM_EXPENSE":null,"LOAN_DEPOSIT":null,"LOAN_EQUITY":null,"LOAN_ASSETS":null,"DEPOSIT_EQUITY":null,"DEPOSIT_ASSETS":null,"EQUITY_MULTIPLIER":4.918387307766,"EQUITY_RATIO":4.842735066278},{"SECUCODE":"01542.HK","SECURITY_CODE":"01542","SECURITY_NAME_ABBR":"台州水务","ORG_CODE":"10097168","STD_REPORT_DATE":"2022-06-30 00:00:00","REPORT_DATE":"2022-06-30 00:00:00","DATE_TYPE_CODE":"002","REPORT_TYPE":"2022年中报","PER_NETCASH_OPERATE":0.46965,"PER_OI":1.1801,"BPS":4.60279,"BASIC_EPS":0.16,"DILUTED_EPS":0.16,"OPERATE_INCOME":236020000,"OPERATE_INCOME_YOY":-9.1458508963,"GROSS_PROFIT":95724000,"GROSS_PROFIT_YOY":-18.94391003929,"HOLDER_PROFIT":31597000,"HOLDER_PROFIT_YOY":-48.109768114,"GROSS_PROFIT_RATIO":40.557579866113,"EPS_TTM":0.455075,"OPERATE_INCOME_QOQ":-4.566588311271,"NET_PROFIT_RATIO":15.9270400813,"ROE_AVG":3.427504648181,"GROSS_PROFIT_QOQ":-9.872860225683,"ROA":0.62615476825,"HOLDER_PROFIT_QOQ":-24.34959687474,"ROE_YEARLY":6.855009296362,"ROIC_YEARLY":1.368629569602,"TOTAL_ASSETS":5236486000,"TOTAL_LIABILITIES":4088740000,"TAX_EBT":31.79162432864,"OCF_SALES":39.797474790272,"TOTAL_PARENT_EQUITY":920558000,"DEBT_ASSET_RATIO":78.0817517702,"OPERATE_PROFIT":74635000,"PRETAX_PROFIT":55112000,"NETCASH_OPERATE":93930000,"NETCASH_INVEST":-360564000,"NETCASH_FINANCE":308578000,"END_CASH":232673000,"DIVI_RATIO":null,"DIVIDEND_RATE":null,"CURRENT_RATIO":0.37154233732,"COMMON_ACS":null,"CURRENTDEBT_DEBT":23.954934772081,"ISSUED_COMMON_SHARES":200000000,"HK_COMMON_SHARES":50000000,"PER_SHARES":1000,"TOTAL_MARKET_CAP":430000000,"HKSK_MARKET_CAP":107500000,"PE_TTM":-5.525263962896,"PB_TTM":0.470374103634,"REPORT_DATE_SQ":"2021-06-30 00:00:00","REPORT_TYPE_SQ":"2021年中报","OPERATE_INCOME_SQ":259779000,"DPS_HKD":null,"OPERATE_INCOME_QOQ_SQ":7.30142456738,"NET_PROFIT_RATIO_SQ":26.4867445021,"HOLDER_PROFIT_SQ":60892000,"HOLDER_PROFIT_QOQ_SQ":16.794574508339,"ROE_AVG_SQ":7.171526829038,"PE_TTM_SQ":-15.19580374719,"PB_TTM_SQ":0.462168529751,"ROA_SQ":1.60841769941,"START_DATE":"2022-01-01 00:00:00","FISCAL_YEAR":"12-31","CURRENCY":"HKD","IS_CNY_CODE":0,"DPS_HKD_LY":0.1992,"ORG_TYPE":"一般企业","PREMIUM_INCOME":null,"PREMIUM_INCOME_YOY":null,"NET_INTEREST_INCOME":null,"NET_INTEREST_INCOME_YOY":null,"FEE_COMMISSION_INCOME":null,"FEE_COMMISSION_INCOME_YOY":null,"ACCOUNTS_RECE_TDAYS":2.473032089064,"INVENTORY_TDAYS":28.259844898781,"CURRENT_ASSETS_TDAYS":0.673377042071,"TOTAL_ASSETS_TDAYS":0.046771860747,"PREMIUM_EXPENSE":null,"LOAN_DEPOSIT":null,"LOAN_EQUITY":null,"LOAN_ASSETS":null,"DEPOSIT_EQUITY":null,"DEPOSIT_ASSETS":null,"EQUITY_MULTIPLIER":4.56240840744,"EQUITY_RATIO":4.4415886886},{"SECUCODE":"01542.HK","SECURITY_CODE":"01542","SECURITY_NAME_ABBR":"台州水务","ORG_CODE":"10097168","STD_REPORT_DATE":"2021-12-31 00:00:00","REPORT_DATE":"2021-12-31 00:00:00","DATE_TYPE_CODE":"001","REPORT_TYPE":"2021年年报","PER_NETCASH_OPERATE":1.22717,"PER_OI":2.601395,"BPS":4.61587,"BASIC_EPS":0.6,"DILUTED_EPS":0.6,"OPERATE_INCOME":520279000,"OPERATE_INCOME_YOY":7.5409883505,"GROSS_PROFIT":226601000,"GROSS_PROFIT_YOY":10.976648970557,"HOLDER_PROFIT":120310000,"HOLDER_PROFIT_YOY":16.727629064,"GROSS_PROFIT_RATIO":43.553747124139,"EPS_TTM":0.60155,"OPERATE_INCOME_QOQ":0.223262444136,"NET_PROFIT_RATIO":25.9458867262,"ROE_AVG":13.680856580138,"GROSS_PROFIT_QOQ":-2.290935432962,"ROA":2.878586733785,"HOLDER_PROFIT_QOQ":-0.057318967594,"ROE_YEARLY":13.680856580138,"ROIC_YEARLY":3.187935290558,"TOTAL_ASSETS":4855907000,"TOTAL_LIABILITIES":3725539000,"TAX_EBT":24.543035696319,"OCF_SALES":47.173535737556,"TOTAL_PARENT_EQUITY":923174000,"DEBT_ASSET_RATIO":76.7217947131,"OPERATE_PROFIT":192370000,"PRETAX_PROFIT":178898000,"NETCASH_OPERATE":245434000,"NETCASH_INVEST":-934487000,"NETCASH_FINANCE":649404000,"END_CASH":190699000,"DIVI_RATIO":null,"DIVIDEND_RATE":null,"CURRENT_RATIO":0.34835811456,"COMMON_ACS":null,"CURRENTDEBT_DEBT":25.97390605762,"ISSUED_COMMON_SHARES":200000000,"HK_COMMON_SHARES":50000000,"PER_SHARES":1000,"TOTAL_MARKET_CAP":430000000,"HKSK_MARKET_CAP":107500000,"PE_TTM":-5.525263962896,"PB_TTM":0.470374103634,"REPORT_DATE_SQ":"2020-12-31 00:00:00","REPORT_TYPE_SQ":"2020年年报","OPERATE_INCOME_SQ":483796000,"DPS_HKD":null,"OPERATE_INCOME_QOQ_SQ":2.756697400476,"NET_PROFIT_RATIO_SQ":24.0243821776,"HOLDER_PROFIT_SQ":103069000,"HOLDER_PROFIT_QOQ_SQ":14.799180236573,"ROE_AVG_SQ":12.882143553491,"PE_TTM_SQ":-15.19580374719,"PB_TTM_SQ":0.462168529751,"ROA_SQ":3.204690515989,"START_DATE":"2021-01-01 00:00:00","FISCAL_YEAR":"12-31","CURRENCY":"HKD","IS_CNY_CODE":0,"DPS_HKD_LY":0.205,"ORG_TYPE":"一般企业","PREMIUM_INCOME":null,"PREMIUM_INCOME_YOY":null,"NET_INTEREST_INCOME":null,"NET_INTEREST_INCOME_YOY":null,"FEE_COMMISSION_INCOME":null,"FEE_COMMISSION_INCOME_YOY":null,"ACCOUNTS_RECE_TDAYS":5.152552612033,"INVENTORY_TDAYS":67.63657300783,"CURRENT_ASSETS_TDAYS":1.478615621154,"TOTAL_ASSETS_TDAYS":0.124484101676,"PREMIUM_EXPENSE":null,"LOAN_DEPOSIT":null,"LOAN_EQUITY":null,"LOAN_ASSETS":null,"DEPOSIT_EQUITY":null,"DEPOSIT_ASSETS":null,"EQUITY_MULTIPLIER":4.295863824875,"EQUITY_RATIO":4.035576175239},{"SECUCODE":"01542.HK","SECURITY_CODE":"01542","SECURITY_NAME_ABBR":"台州水务","ORG_CODE":"10097168","STD_REPORT_DATE":"2021-06-30 00:00:00","REPORT_DATE":"2021-06-30 00:00:00","DATE_TYPE_CODE":"002","REPORT_TYPE":"2021年中报","PER_NETCASH_OPERATE":0.73364,"PER_OI":1.298895,"BPS":4.31263,"BASIC_EPS":0.3,"DILUTED_EPS":0.3,"OPERATE_INCOME":259779000,"OPERATE_INCOME_YOY":15.7376757034,"GROSS_PROFIT":118096000,"GROSS_PROFIT_YOY":30.680535575966,"HOLDER_PROFIT":60892000,"HOLDER_PROFIT_YOY":39.7182322977,"GROSS_PROFIT_RATIO":45.460179614211,"EPS_TTM":0.601895,"OPERATE_INCOME_QOQ":7.30142456738,"NET_PROFIT_RATIO":26.4867445021,"ROE_AVG":7.171526829038,"GROSS_PROFIT_QOQ":13.578662800948,"ROA":1.60841769941,"HOLDER_PROFIT_QOQ":16.794574508339,"ROE_YEARLY":14.343053658077,"ROIC_YEARLY":3.674729251082,"TOTAL_ASSETS":4068609000,"TOTAL_LIABILITIES":3019655000,"TAX_EBT":25.813755404371,"OCF_SALES":56.481855731218,"TOTAL_PARENT_EQUITY":862526000,"DEBT_ASSET_RATIO":74.2183630818,"OPERATE_PROFIT":99517000,"PRETAX_PROFIT":92749000,"NETCASH_OPERATE":146728000,"NETCASH_INVEST":-424133000,"NETCASH_FINANCE":390896000,"END_CASH":343810000,"DIVI_RATIO":null,"DIVIDEND_RATE":null,"CURRENT_RATIO":0.879789440829,"COMMON_ACS":null,"CURRENTDEBT_DEBT":18.885965449695,"ISSUED_COMMON_SHARES":200000000,"HK_COMMON_SHARES":50000000,"PER_SHARES":1000,"TOTAL_MARKET_CAP":430000000,"HKSK_MARKET_CAP":107500000,"PE_TTM":-5.525263962896,"PB_TTM":0.470374103634,"REPORT_DATE_SQ":"2020-06-30 00:00:00","REPORT_TYPE_SQ":"2020年中报","OPERATE_INCOME_SQ":224455000,"DPS_HKD":null,"OPERATE_INCOME_QOQ_SQ":-0.281903132069,"NET_PROFIT_RATIO_SQ":22.1162371077,"HOLDER_PROFIT_SQ":43582000,"HOLDER_PROFIT_QOQ_SQ":-2.980332829047,"ROE_AVG_SQ":5.657439457596,"PE_TTM_SQ":-15.19580374719,"PB_TTM_SQ":0.462168529751,"ROA_SQ":1.43303412967,"START_DATE":"2021-01-01 00:00:00","FISCAL_YEAR":"12-31","CURRENCY":"HKD","IS_CNY_CODE":0,"DPS_HKD_LY":0.205,"ORG_TYPE":"一般企业","PREMIUM_INCOME":null,"PREMIUM_INCOME_YOY":null,"NET_INTEREST_INCOME":null,"NET_INTEREST_INCOME_YOY":null,"FEE_COMMISSION_INCOME":null,"FEE_COMMISSION_INCOME_YOY":null,"ACCOUNTS_RECE_TDAYS":2.375263444228,"INVENTORY_TDAYS":34.858654201009,"CURRENT_ASSETS_TDAYS":0.598307881697,"TOTAL_ASSETS_TDAYS":0.068618725208,"PREMIUM_EXPENSE":null,"LOAN_DEPOSIT":null,"LOAN_EQUITY":null,"LOAN_ASSETS":null,"DEPOSIT_EQUITY":null,"DEPOSIT_ASSETS":null,"EQUITY_MULTIPLIER":3.878729667836,"EQUITY_RATIO":3.500943739667},{"SECUCODE":"01542.HK","SECURITY_CODE":"01542","SECURITY_NAME_ABBR":"台州水务","ORG_CODE":"10097168","STD_REPORT_DATE":"2020-12-31 00:00:00","REPORT_DATE":"2020-12-31 00:00:00","DATE_TYPE_CODE":"001","REPORT_TYPE":"2020年年报","PER_NETCASH_OPERATE":0.772495,"PER_OI":2.41898,"BPS":4.17817,"BASIC_EPS":0.52,"DILUTED_EPS":0.52,"OPERATE_INCOME":483796000,"OPERATE_INCOME_YOY":2.4670230521,"GROSS_PROFIT":204188000,"GROSS_PROFIT_YOY":8.881684192564,"HOLDER_PROFIT":103069000,"HOLDER_PROFIT_YOY":11.3777825805,"GROSS_PROFIT_RATIO":42.205392355456,"EPS_TTM":0.515345,"OPERATE_INCOME_QOQ":2.756697400476,"NET_PROFIT_RATIO":24.0243821776,"ROE_AVG":12.882143553491,"GROSS_PROFIT_QOQ":9.097514973739,"ROA":3.204690515989,"HOLDER_PROFIT_QOQ":14.799180236573,"ROE_YEARLY":12.882143553491,"ROIC_YEARLY":3.6698165608,"TOTAL_ASSETS":3503056000,"TOTAL_LIABILITIES":2484553000,"TAX_EBT":25.606298204628,"OCF_SALES":31.934741089219,"TOTAL_PARENT_EQUITY":835634000,"DEBT_ASSET_RATIO":70.9253006518,"OPERATE_PROFIT":170534000,"PRETAX_PROFIT":156235000,"NETCASH_OPERATE":154499000,"NETCASH_INVEST":-701469000,"NETCASH_FINANCE":512991000,"END_CASH":230369000,"DIVI_RATIO":null,"DIVIDEND_RATE":null,"CURRENT_RATIO":0.829085128419,"COMMON_ACS":null,"CURRENTDEBT_DEBT":17.799016563543,"ISSUED_COMMON_SHARES":200000000,"HK_COMMON_SHARES":50000000,"PER_SHARES":1000,"TOTAL_MARKET_CAP":430000000,"HKSK_MARKET_CAP":107500000,"PE_TTM":-5.525263962896,"PB_TTM":0.470374103634,"REPORT_DATE_SQ":"2019-12-31 00:00:00","REPORT_TYPE_SQ":"2019年年报","OPERATE_INCOME_SQ":472148000,"DPS_HKD":null,"OPERATE_INCOME_QOQ_SQ":-3.002089321043,"NET_PROFIT_RATIO_SQ":22.1373382922,"HOLDER_PROFIT_SQ":92540000,"HOLDER_PROFIT_QOQ_SQ":-13.790372916725,"ROE_AVG_SQ":14.411647676172,"PE_TTM_SQ":-15.19580374719,"PB_TTM_SQ":0.462168529751,"ROA_SQ":3.790677121682,"START_DATE":"2020-01-01 00:00:00","FISCAL_YEAR":"12-31","CURRENCY":"HKD","IS_CNY_CODE":0,"DPS_HKD_LY":0.1744,"ORG_TYPE":"一般企业","PREMIUM_INCOME":null,"PREMIUM_INCOME_YOY":null,"NET_INTEREST_INCOME":null,"NET_INTEREST_INCOME_YOY":null,"FEE_COMMISSION_INCOME":null,"FEE_COMMISSION_INCOME_YOY":null,"ACCOUNTS_RECE_TDAYS":4.705637474225,"INVENTORY_TDAYS":68.031143552311,"CURRENT_ASSETS_TDAYS":1.041741044032,"TOTAL_ASSETS_TDAYS":0.150425098999,"PREMIUM_EXPENSE":null,"LOAN_DEPOSIT":null,"LOAN_EQUITY":null,"LOAN_ASSETS":null,"DEPOSIT_EQUITY":null,"DEPOSIT_ASSETS":null,"EQUITY_MULTIPLIER":3.439416476931,"EQUITY_RATIO":2.973255037492},{"SECUCODE":"01542.HK","SECURITY_CODE":"01542","SECURITY_NAME_ABBR":"台州水务","ORG_CODE":"10097168","STD_REPORT_DATE":"2020-06-30 00:00:00","REPORT_DATE":"2020-06-30 00:00:00","DATE_TYPE_CODE":"002","REPORT_TYPE":"2020年中报","PER_NETCASH_OPERATE":0.24055,"PER_OI":1.122275,"BPS":3.880735,"BASIC_EPS":0.22,"DILUTED_EPS":0.22,"OPERATE_INCOME":224455000,"OPERATE_INCOME_YOY":-0.5894962487,"GROSS_PROFIT":90370000,"GROSS_PROFIT_YOY":-0.408855974697,"HOLDER_PROFIT":43582000,"HOLDER_PROFIT_YOY":-5.9516616314,"GROSS_PROFIT_RATIO":40.261967877748,"EPS_TTM":0.44891,"OPERATE_INCOME_QOQ":-0.281903132069,"NET_PROFIT_RATIO":22.1162371077,"ROE_AVG":5.657439457596,"GROSS_PROFIT_QOQ":-0.197832903185,"ROA":1.43303412967,"HOLDER_PROFIT_QOQ":-2.980332829047,"ROE_YEARLY":11.314878915192,"ROIC_YEARLY":3.364535692415,"TOTAL_ASSETS":3153151000,"TOTAL_LIABILITIES":2233276000,"TAX_EBT":26.175604532881,"OCF_SALES":21.434140473592,"TOTAL_PARENT_EQUITY":776147000,"DEBT_ASSET_RATIO":70.8268015074,"OPERATE_PROFIT":73524000,"PRETAX_PROFIT":67242000,"NETCASH_OPERATE":48110000,"NETCASH_INVEST":-279216000,"NETCASH_FINANCE":321545000,"END_CASH":355386000,"DIVI_RATIO":null,"DIVIDEND_RATE":null,"CURRENT_RATIO":1.099602785237,"COMMON_ACS":null,"CURRENTDEBT_DEBT":20.80960884369,"ISSUED_COMMON_SHARES":200000000,"HK_COMMON_SHARES":50000000,"PER_SHARES":1000,"TOTAL_MARKET_CAP":430000000,"HKSK_MARKET_CAP":107500000,"PE_TTM":-5.525263962896,"PB_TTM":0.470374103634,"REPORT_DATE_SQ":"2019-06-30 00:00:00","REPORT_TYPE_SQ":"2019年中报","OPERATE_INCOME_SQ":225786000,"DPS_HKD":null,"OPERATE_INCOME_QOQ_SQ":-3.470807891914,"NET_PROFIT_RATIO_SQ":22.9814957526,"HOLDER_PROFIT_SQ":46340000,"HOLDER_PROFIT_QOQ_SQ":-2.813037573563,"ROE_AVG_SQ":8.536286586388,"PE_TTM_SQ":-15.19580374719,"PB_TTM_SQ":0.462168529751,"ROA_SQ":2.158347936959,"START_DATE":"2020-01-01 00:00:00","FISCAL_YEAR":"12-31","CURRENCY":"HKD","IS_CNY_CODE":0,"DPS_HKD_LY":0.1744,"ORG_TYPE":"一般企业","PREMIUM_INCOME":null,"PREMIUM_INCOME_YOY":null,"NET_INTEREST_INCOME":null,"NET_INTEREST_INCOME_YOY":null,"FEE_COMMISSION_INCOME":null,"FEE_COMMISSION_INCOME_YOY":null,"ACCOUNTS_RECE_TDAYS":1.989099851563,"INVENTORY_TDAYS":31.717327025429,"CURRENT_ASSETS_TDAYS":0.418289533024,"TOTAL_ASSETS_TDAYS":0.07380378954,"PREMIUM_EXPENSE":null,"LOAN_DEPOSIT":null,"LOAN_EQUITY":null,"LOAN_ASSETS":null,"DEPOSIT_EQUITY":null,"DEPOSIT_ASSETS":null,"EQUITY_MULTIPLIER":3.427803777682,"EQUITY_RATIO":2.877387917495}],"count":15},"success":true,"message":"ok","code":0}