{"version":"1cb0a76f92c67ec0a1cf44c0262da953","result":{"pages":3,"data":[{"SECUCODE":"01557.HK","SECURITY_CODE":"01557","SECURITY_NAME_ABBR":"剑虹集团控股","ORG_CODE":"10484703","STD_REPORT_DATE":"2024-06-30 00:00:00","REPORT_DATE":"2024-09-30 00:00:00","DATE_TYPE_CODE":"002","REPORT_TYPE":"2024年中报","PER_NETCASH_OPERATE":-0.023414601604,"PER_OI":0.141032441083,"BPS":-0.1317966085,"BASIC_EPS":-0.08386647,"DILUTED_EPS":null,"OPERATE_INCOME":67695571.72,"OPERATE_INCOME_YOY":-0.6366728878,"GROSS_PROFIT":-9842136.06,"GROSS_PROFIT_YOY":79.048280850526,"HOLDER_PROFIT":-40422736.75,"HOLDER_PROFIT_YOY":-90.5500765176,"GROSS_PROFIT_RATIO":-14.538818138221,"EPS_TTM":-0.097378579167,"OPERATE_INCOME_QOQ":0,"NET_PROFIT_RATIO":-59.7125273086,"ROE_AVG":93.467200467075,"GROSS_PROFIT_QOQ":0,"ROA":-26.449718980956,"HOLDER_PROFIT_QOQ":0,"ROE_YEARLY":186.934400934151,"ROIC_YEARLY":-98.340874811463,"TOTAL_ASSETS":123505551.24,"TOTAL_LIABILITIES":186767923.32,"TAX_EBT":null,"OCF_SALES":-16.602280598924,"TOTAL_PARENT_EQUITY":-63262372.08,"DEBT_ASSET_RATIO":151.2222903706,"OPERATE_PROFIT":-40053904.64,"PRETAX_PROFIT":-40422736.75,"NETCASH_OPERATE":-11239008.77,"NETCASH_INVEST":2044357.93,"NETCASH_FINANCE":-2758575.61,"END_CASH":64692611.02,"DIVI_RATIO":null,"DIVIDEND_RATE":null,"CURRENT_RATIO":0.648598798694,"COMMON_ACS":10000000000,"CURRENTDEBT_DEBT":100,"ISSUED_COMMON_SHARES":480000000,"HK_COMMON_SHARES":480000000,"PER_SHARES":4000,"TOTAL_MARKET_CAP":65280000,"HKSK_MARKET_CAP":65280000,"PE_TTM":-0.895952567217,"PB_TTM":-0.930550803969,"REPORT_DATE_SQ":"2023-06-30 00:00:00","REPORT_TYPE_SQ":"2023年中报","OPERATE_INCOME_SQ":69326028.87,"DPS_HKD":null,"OPERATE_INCOME_QOQ_SQ":0,"NET_PROFIT_RATIO_SQ":-31.1374075104,"HOLDER_PROFIT_SQ":-21586328.12,"HOLDER_PROFIT_QOQ_SQ":0,"ROE_AVG_SQ":219.113263785395,"PE_TTM_SQ":-5.971309722816,"PB_TTM_SQ":-13.654547070851,"ROA_SQ":-5.90204817932,"START_DATE":"2024-04-01 00:00:00","FISCAL_YEAR":"3-31","CURRENCY":"HKD","IS_CNY_CODE":0,"DPS_HKD_LY":null,"ORG_TYPE":"一般企业","PREMIUM_INCOME":null,"PREMIUM_INCOME_YOY":null,"NET_INTEREST_INCOME":null,"NET_INTEREST_INCOME_YOY":null,"FEE_COMMISSION_INCOME":null,"FEE_COMMISSION_INCOME_YOY":null,"ACCOUNTS_RECE_TDAYS":3.389150996636,"INVENTORY_TDAYS":97.929384965831,"CURRENT_ASSETS_TDAYS":0.46388095856,"TOTAL_ASSETS_TDAYS":0.442950921241,"PREMIUM_EXPENSE":null,"LOAN_DEPOSIT":null,"LOAN_EQUITY":null,"LOAN_ASSETS":null,"DEPOSIT_EQUITY":null,"DEPOSIT_ASSETS":null,"EQUITY_MULTIPLIER":-1.952275059871,"EQUITY_RATIO":-2.95227505987},{"SECUCODE":"01557.HK","SECURITY_CODE":"01557","SECURITY_NAME_ABBR":"剑虹集团控股","ORG_CODE":"10484703","STD_REPORT_DATE":"2023-12-31 00:00:00","REPORT_DATE":"2024-03-31 00:00:00","DATE_TYPE_CODE":"001","REPORT_TYPE":"2023年年报","PER_NETCASH_OPERATE":0.099943360208,"PER_OI":0.330841645208,"BPS":-0.04865907125,"BASIC_EPS":-0.1105991,"DILUTED_EPS":null,"OPERATE_INCOME":158803989.7,"OPERATE_INCOME_YOY":-28.6021137237,"GROSS_PROFIT":-28138405.45,"GROSS_PROFIT_YOY":-10.903344412981,"HOLDER_PROFIT":-46741718,"HOLDER_PROFIT_YOY":30.4324360791,"GROSS_PROFIT_RATIO":-17.71895372601,"EPS_TTM":-0.093101131979,"OPERATE_INCOME_QOQ":0,"NET_PROFIT_RATIO":-29.4335917431,"ROE_AVG":416.848573045517,"GROSS_PROFIT_QOQ":0,"ROA":-16.061704858385,"HOLDER_PROFIT_QOQ":0,"ROE_YEARLY":416.848573045517,"ROIC_YEARLY":-20.674901607758,"TOTAL_ASSETS":183113127.95,"TOTAL_LIABILITIES":206469482.15,"TAX_EBT":null,"OCF_SALES":30.208820943747,"TOTAL_PARENT_EQUITY":-23356354.2,"DEBT_ASSET_RATIO":112.7551500329,"OPERATE_PROFIT":-38420495.55,"PRETAX_PROFIT":-46741718,"NETCASH_OPERATE":47972812.9,"NETCASH_INVEST":72746104.75,"NETCASH_FINANCE":-92897804.7,"END_CASH":76600755.35,"DIVI_RATIO":null,"DIVIDEND_RATE":null,"CURRENT_RATIO":0.831829945034,"COMMON_ACS":10000000000,"CURRENTDEBT_DEBT":99.931504744175,"ISSUED_COMMON_SHARES":480000000,"HK_COMMON_SHARES":480000000,"PER_SHARES":4000,"TOTAL_MARKET_CAP":66240000,"HKSK_MARKET_CAP":66240000,"PE_TTM":-0.909128340264,"PB_TTM":-0.944235374615,"REPORT_DATE_SQ":"2022-12-31 00:00:00","REPORT_TYPE_SQ":"2022年年报","OPERATE_INCOME_SQ":214780968.09,"DPS_HKD":null,"OPERATE_INCOME_QOQ_SQ":0,"NET_PROFIT_RATIO_SQ":-30.2079894355,"HOLDER_PROFIT_SQ":-64881012.15,"HOLDER_PROFIT_QOQ_SQ":0,"ROE_AVG_SQ":-194.61183977313,"PE_TTM_SQ":-7.930645725615,"PB_TTM_SQ":-18.134945328474,"ROA_SQ":-13.499323804363,"START_DATE":"2023-04-01 00:00:00","FISCAL_YEAR":"3-31","CURRENCY":"HKD","IS_CNY_CODE":0,"DPS_HKD_LY":null,"ORG_TYPE":"一般企业","PREMIUM_INCOME":null,"PREMIUM_INCOME_YOY":null,"NET_INTEREST_INCOME":null,"NET_INTEREST_INCOME_YOY":null,"FEE_COMMISSION_INCOME":null,"FEE_COMMISSION_INCOME_YOY":null,"ACCOUNTS_RECE_TDAYS":9.553816367157,"INVENTORY_TDAYS":24.675481632165,"CURRENT_ASSETS_TDAYS":0.605715036549,"TOTAL_ASSETS_TDAYS":0.5456929959,"PREMIUM_EXPENSE":null,"LOAN_DEPOSIT":null,"LOAN_EQUITY":null,"LOAN_ASSETS":null,"DEPOSIT_EQUITY":null,"DEPOSIT_ASSETS":null,"EQUITY_MULTIPLIER":-7.839970501489,"EQUITY_RATIO":-8.839970501475},{"SECUCODE":"01557.HK","SECURITY_CODE":"01557","SECURITY_NAME_ABBR":"剑虹集团控股","ORG_CODE":"10484703","STD_REPORT_DATE":"2023-06-30 00:00:00","REPORT_DATE":"2023-09-30 00:00:00","DATE_TYPE_CODE":"002","REPORT_TYPE":"2023年中报","PER_NETCASH_OPERATE":0.0170403891,"PER_OI":0.173315072175,"BPS":-0.043010082792,"BASIC_EPS":-0.05414017,"DILUTED_EPS":null,"OPERATE_INCOME":69326028.87,"OPERATE_INCOME_YOY":-44.9816481692,"GROSS_PROFIT":-46975314.96,"GROSS_PROFIT_YOY":-146.797643859313,"HOLDER_PROFIT":-21586328.12,"HOLDER_PROFIT_YOY":49.0745351027,"GROSS_PROFIT_RATIO":1.996055540113,"EPS_TTM":-0.162202530375,"OPERATE_INCOME_QOQ":0,"NET_PROFIT_RATIO":-31.1374075104,"ROE_AVG":219.113263785395,"GROSS_PROFIT_QOQ":0,"ROA":-5.90204817932,"HOLDER_PROFIT_QOQ":0,"ROE_YEARLY":438.22652757079,"ROIC_YEARLY":-13.740473621112,"TOTAL_ASSETS":327696684.56,"TOTAL_LIABILITIES":348341524.3,"TAX_EBT":null,"OCF_SALES":9.83202954374,"TOTAL_PARENT_EQUITY":-20644839.74,"DEBT_ASSET_RATIO":106.2999843186,"OPERATE_PROFIT":-14989486.05,"PRETAX_PROFIT":-21586328.12,"NETCASH_OPERATE":6816155.64,"NETCASH_INVEST":37276883.49,"NETCASH_FINANCE":-48844527.27,"END_CASH":49166615.4,"DIVI_RATIO":null,"DIVIDEND_RATE":null,"CURRENT_RATIO":0.946748340139,"COMMON_ACS":10000000000,"CURRENTDEBT_DEBT":94.82626906562,"ISSUED_COMMON_SHARES":480000000,"HK_COMMON_SHARES":480000000,"PER_SHARES":4000,"TOTAL_MARKET_CAP":66240000,"HKSK_MARKET_CAP":66240000,"PE_TTM":-0.909128340264,"PB_TTM":-0.944235374615,"REPORT_DATE_SQ":"2022-06-30 00:00:00","REPORT_TYPE_SQ":"2022年中报","OPERATE_INCOME_SQ":124194083.04,"DPS_HKD":null,"OPERATE_INCOME_QOQ_SQ":0,"NET_PROFIT_RATIO_SQ":-33.6399254275,"HOLDER_PROFIT_SQ":-41778796.92,"HOLDER_PROFIT_QOQ_SQ":0,"ROE_AVG_SQ":-88.756737023124,"PE_TTM_SQ":-7.930645725615,"PB_TTM_SQ":-18.134945328474,"ROA_SQ":-7.615770661321,"START_DATE":"2023-04-01 00:00:00","FISCAL_YEAR":"3-31","CURRENCY":"HKD","IS_CNY_CODE":0,"DPS_HKD_LY":null,"ORG_TYPE":"一般企业","PREMIUM_INCOME":null,"PREMIUM_INCOME_YOY":null,"NET_INTEREST_INCOME":null,"NET_INTEREST_INCOME_YOY":null,"FEE_COMMISSION_INCOME":null,"FEE_COMMISSION_INCOME_YOY":null,"ACCOUNTS_RECE_TDAYS":2.540743231882,"INVENTORY_TDAYS":5.934436741073,"CURRENT_ASSETS_TDAYS":0.207016741039,"TOTAL_ASSETS_TDAYS":0.189548477257,"PREMIUM_EXPENSE":null,"LOAN_DEPOSIT":null,"LOAN_EQUITY":null,"LOAN_ASSETS":null,"DEPOSIT_EQUITY":null,"DEPOSIT_ASSETS":null,"EQUITY_MULTIPLIER":-15.873055382814,"EQUITY_RATIO":-16.873055382701},{"SECUCODE":"01557.HK","SECURITY_CODE":"01557","SECURITY_NAME_ABBR":"剑虹集团控股","ORG_CODE":"10484703","STD_REPORT_DATE":"2022-12-31 00:00:00","REPORT_DATE":"2023-03-31 00:00:00","DATE_TYPE_CODE":"001","REPORT_TYPE":"2022年年报","PER_NETCASH_OPERATE":0.093493788,"PER_OI":0.536952420225,"BPS":0.001871188875,"BASIC_EPS":-0.16195085,"DILUTED_EPS":null,"OPERATE_INCOME":214780968.09,"OPERATE_INCOME_YOY":-67.3636911437,"GROSS_PROFIT":-25372008.03,"GROSS_PROFIT_YOY":-205.164910879929,"HOLDER_PROFIT":-64881012.15,"HOLDER_PROFIT_YOY":-303.9845197863,"GROSS_PROFIT_RATIO":-11.812968465329,"EPS_TTM":-0.1314160718,"OPERATE_INCOME_QOQ":0,"NET_PROFIT_RATIO":-30.2079894355,"ROE_AVG":-194.61183977313,"GROSS_PROFIT_QOQ":0,"ROA":-13.499323804363,"HOLDER_PROFIT_QOQ":0,"ROE_YEARLY":-194.61183977313,"ROIC_YEARLY":-15.103948546921,"TOTAL_ASSETS":385211039.35,"TOTAL_LIABILITIES":384312868.69,"TAX_EBT":null,"OCF_SALES":17.411931575022,"TOTAL_PARENT_EQUITY":898170.66,"DEBT_ASSET_RATIO":99.7668367289,"OPERATE_PROFIT":-55845905.54,"PRETAX_PROFIT":-64881012.15,"NETCASH_OPERATE":36233219.9,"NETCASH_INVEST":26461893.48,"NETCASH_FINANCE":-59876293.18,"END_CASH":51437340.78,"DIVI_RATIO":null,"DIVIDEND_RATE":null,"CURRENT_RATIO":1.041445618017,"COMMON_ACS":10000000000,"CURRENTDEBT_DEBT":85.100305460708,"ISSUED_COMMON_SHARES":480000000,"HK_COMMON_SHARES":480000000,"PER_SHARES":4000,"TOTAL_MARKET_CAP":66240000,"HKSK_MARKET_CAP":66240000,"PE_TTM":-0.909128340264,"PB_TTM":-0.944235374615,"REPORT_DATE_SQ":"2021-12-31 00:00:00","REPORT_TYPE_SQ":"2021年年报","OPERATE_INCOME_SQ":609690554.67,"DPS_HKD":null,"OPERATE_INCOME_QOQ_SQ":0,"NET_PROFIT_RATIO_SQ":-2.4403837891,"HOLDER_PROFIT_SQ":-14878789.46,"HOLDER_PROFIT_QOQ_SQ":0,"ROE_AVG_SQ":-21.759138458619,"PE_TTM_SQ":-6.453368580648,"PB_TTM_SQ":-14.756867277091,"ROA_SQ":-2.736346605892,"START_DATE":"2022-04-01 00:00:00","FISCAL_YEAR":"3-31","CURRENCY":"HKD","IS_CNY_CODE":0,"DPS_HKD_LY":null,"ORG_TYPE":"一般企业","PREMIUM_INCOME":null,"PREMIUM_INCOME_YOY":null,"NET_INTEREST_INCOME":null,"NET_INTEREST_INCOME_YOY":null,"FEE_COMMISSION_INCOME":null,"FEE_COMMISSION_INCOME_YOY":null,"ACCOUNTS_RECE_TDAYS":4.936549934105,"INVENTORY_TDAYS":15.341236998099,"CURRENT_ASSETS_TDAYS":0.503173688431,"TOTAL_ASSETS_TDAYS":0.446879254682,"PREMIUM_EXPENSE":null,"LOAN_DEPOSIT":null,"LOAN_EQUITY":null,"LOAN_ASSETS":null,"DEPOSIT_EQUITY":null,"DEPOSIT_ASSETS":null,"EQUITY_MULTIPLIER":428.884015600859,"EQUITY_RATIO":427.884015594542},{"SECUCODE":"01557.HK","SECURITY_CODE":"01557","SECURITY_NAME_ABBR":"剑虹集团控股","ORG_CODE":"10484703","STD_REPORT_DATE":"2022-06-30 00:00:00","REPORT_DATE":"2022-09-30 00:00:00","DATE_TYPE_CODE":"002","REPORT_TYPE":"2022年中报","PER_NETCASH_OPERATE":0.0521296605,"PER_OI":0.3104852076,"BPS":0.054545269,"BASIC_EPS":-0.1040106,"DILUTED_EPS":null,"OPERATE_INCOME":124194083.04,"OPERATE_INCOME_YOY":-66.7274048946,"GROSS_PROFIT":-19033939.8,"GROSS_PROFIT_YOY":-226.400873958887,"HOLDER_PROFIT":-41778796.92,"HOLDER_PROFIT_YOY":-840.6027285685,"GROSS_PROFIT_RATIO":-15.325963471118,"EPS_TTM":-0.03719697365,"OPERATE_INCOME_QOQ":0,"NET_PROFIT_RATIO":-33.6399254275,"ROE_AVG":-88.756737023124,"GROSS_PROFIT_QOQ":0,"ROA":-7.615770661321,"HOLDER_PROFIT_QOQ":0,"ROE_YEARLY":-177.513474046249,"ROIC_YEARLY":-16.890876447552,"TOTAL_ASSETS":502025701.92,"TOTAL_LIABILITIES":475843972.8,"TAX_EBT":null,"OCF_SALES":16.789740452679,"TOTAL_PARENT_EQUITY":26181729.12,"DEBT_ASSET_RATIO":94.7847831257,"OPERATE_PROFIT":-37636461.72,"PRETAX_PROFIT":-41778796.92,"NETCASH_OPERATE":20851864.2,"NETCASH_INVEST":1265311.56,"NETCASH_FINANCE":-16929307.92,"END_CASH":55418656.56,"DIVI_RATIO":null,"DIVIDEND_RATE":null,"CURRENT_RATIO":1.058424095738,"COMMON_ACS":10000000000,"CURRENTDEBT_DEBT":87.640462251958,"ISSUED_COMMON_SHARES":480000000,"HK_COMMON_SHARES":480000000,"PER_SHARES":4000,"TOTAL_MARKET_CAP":66240000,"HKSK_MARKET_CAP":66240000,"PE_TTM":-0.909128340264,"PB_TTM":-0.944235374615,"REPORT_DATE_SQ":"2021-06-30 00:00:00","REPORT_TYPE_SQ":"2021年中报","OPERATE_INCOME_SQ":343803862,"DPS_HKD":null,"OPERATE_INCOME_QOQ_SQ":0,"NET_PROFIT_RATIO_SQ":-1.1899685001,"HOLDER_PROFIT_SQ":-4091157.66,"HOLDER_PROFIT_QOQ_SQ":0,"ROE_AVG_SQ":-5.394835853523,"PE_TTM_SQ":-6.453368580648,"PB_TTM_SQ":-14.756867277091,"ROA_SQ":-0.707650143302,"START_DATE":"2022-04-01 00:00:00","FISCAL_YEAR":"3-31","CURRENCY":"HKD","IS_CNY_CODE":0,"DPS_HKD_LY":null,"ORG_TYPE":"一般企业","PREMIUM_INCOME":null,"PREMIUM_INCOME_YOY":null,"NET_INTEREST_INCOME":null,"NET_INTEREST_INCOME_YOY":null,"FEE_COMMISSION_INCOME":null,"FEE_COMMISSION_INCOME_YOY":null,"ACCOUNTS_RECE_TDAYS":2.294546700198,"INVENTORY_TDAYS":7.903034234954,"CURRENT_ASSETS_TDAYS":0.255672122418,"TOTAL_ASSETS_TDAYS":0.226390830673,"PREMIUM_EXPENSE":null,"LOAN_DEPOSIT":null,"LOAN_EQUITY":null,"LOAN_ASSETS":null,"DEPOSIT_EQUITY":null,"DEPOSIT_ASSETS":null,"EQUITY_MULTIPLIER":19.174658007568,"EQUITY_RATIO":18.174658007462},{"SECUCODE":"01557.HK","SECURITY_CODE":"01557","SECURITY_NAME_ABBR":"剑虹集团控股","ORG_CODE":"10484703","STD_REPORT_DATE":"2021-12-31 00:00:00","REPORT_DATE":"2022-03-31 00:00:00","DATE_TYPE_CODE":"001","REPORT_TYPE":"2021年年报","PER_NETCASH_OPERATE":0.033087180475,"PER_OI":1.524226386675,"BPS":0.126958546688,"BASIC_EPS":-0.03730646,"DILUTED_EPS":null,"OPERATE_INCOME":609690554.67,"OPERATE_INCOME_YOY":-19.4935301784,"GROSS_PROFIT":24125925.48,"GROSS_PROFIT_YOY":-31.468776696166,"HOLDER_PROFIT":-14878789.46,"HOLDER_PROFIT_YOY":-1812.9785247432,"GROSS_PROFIT_RATIO":3.95707712629,"EPS_TTM":-0.0116445647,"OPERATE_INCOME_QOQ":0,"NET_PROFIT_RATIO":-2.4403837891,"ROE_AVG":-21.759138458619,"GROSS_PROFIT_QOQ":0,"ROA":-2.736346605892,"HOLDER_PROFIT_QOQ":0,"ROE_YEARLY":-21.759138458619,"ROIC_YEARLY":-2.874165566099,"TOTAL_ASSETS":533660800.2,"TOTAL_LIABILITIES":472720697.79,"TAX_EBT":-0.010902747492,"OCF_SALES":2.170752374073,"TOTAL_PARENT_EQUITY":60940102.41,"DEBT_ASSET_RATIO":88.5807422267,"OPERATE_PROFIT":-7720004.19,"PRETAX_PROFIT":-14877167.44,"NETCASH_OPERATE":13234872.19,"NETCASH_INVEST":-34955342.01,"NETCASH_FINANCE":72268290.09,"END_CASH":45041873.38,"DIVI_RATIO":null,"DIVIDEND_RATE":null,"CURRENT_RATIO":1.197153583144,"COMMON_ACS":10000000000,"CURRENTDEBT_DEBT":83.996506993733,"ISSUED_COMMON_SHARES":480000000,"HK_COMMON_SHARES":480000000,"PER_SHARES":4000,"TOTAL_MARKET_CAP":66240000,"HKSK_MARKET_CAP":66240000,"PE_TTM":-0.909128340264,"PB_TTM":-0.944235374615,"REPORT_DATE_SQ":"2020-12-31 00:00:00","REPORT_TYPE_SQ":"2020年年报","OPERATE_INCOME_SQ":789226548.46,"DPS_HKD":null,"OPERATE_INCOME_QOQ_SQ":0,"NET_PROFIT_RATIO_SQ":0.1146930221,"HOLDER_PROFIT_SQ":905187.78,"HOLDER_PROFIT_QOQ_SQ":0,"ROE_AVG_SQ":1.152213788911,"PE_TTM_SQ":-6.453368580648,"PB_TTM_SQ":-14.756867277091,"ROA_SQ":0.194429795141,"START_DATE":"2021-04-01 00:00:00","FISCAL_YEAR":"3-31","CURRENCY":"HKD","IS_CNY_CODE":0,"DPS_HKD_LY":null,"ORG_TYPE":"一般企业","PREMIUM_INCOME":null,"PREMIUM_INCOME_YOY":null,"NET_INTEREST_INCOME":null,"NET_INTEREST_INCOME_YOY":null,"FEE_COMMISSION_INCOME":null,"FEE_COMMISSION_INCOME_YOY":null,"ACCOUNTS_RECE_TDAYS":8.528463493216,"INVENTORY_TDAYS":54.723283310596,"CURRENT_ASSETS_TDAYS":1.254970731923,"TOTAL_ASSETS_TDAYS":1.121277160619,"PREMIUM_EXPENSE":null,"LOAN_DEPOSIT":null,"LOAN_EQUITY":null,"LOAN_ASSETS":null,"DEPOSIT_EQUITY":null,"DEPOSIT_ASSETS":null,"EQUITY_MULTIPLIER":8.757136583239,"EQUITY_RATIO":7.757136583224},{"SECUCODE":"01557.HK","SECURITY_CODE":"01557","SECURITY_NAME_ABBR":"剑虹集团控股","ORG_CODE":"10484703","STD_REPORT_DATE":"2021-06-30 00:00:00","REPORT_DATE":"2021-09-30 00:00:00","DATE_TYPE_CODE":"002","REPORT_TYPE":"2021年中报","PER_NETCASH_OPERATE":0.0169402751,"PER_OI":0.859509655,"BPS":0.153727338667,"BASIC_EPS":-0.00999672,"DILUTED_EPS":null,"OPERATE_INCOME":343803862,"OPERATE_INCOME_YOY":8.1337431254,"GROSS_PROFIT":15058392.56,"GROSS_PROFIT_YOY":27.46753859391,"HOLDER_PROFIT":-4091157.66,"HOLDER_PROFIT_YOY":-393.1940298507,"GROSS_PROFIT_RATIO":4.379937000242,"EPS_TTM":0.00226296945,"OPERATE_INCOME_QOQ":0,"NET_PROFIT_RATIO":-1.1899685001,"ROE_AVG":-5.394835853523,"GROSS_PROFIT_QOQ":0,"ROA":-0.707650143302,"HOLDER_PROFIT_QOQ":0,"ROE_YEARLY":-10.789671707047,"ROIC_YEARLY":-1.463223874594,"TOTAL_ASSETS":587375610.92,"TOTAL_LIABILITIES":513586488.36,"TAX_EBT":null,"OCF_SALES":1.970923188757,"TOTAL_PARENT_EQUITY":73789122.56,"DEBT_ASSET_RATIO":87.4374895402,"OPERATE_PROFIT":-28324.04,"PRETAX_PROFIT":-4091157.66,"NETCASH_OPERATE":6776110.04,"NETCASH_INVEST":-14336129.54,"NETCASH_FINANCE":44575374.48,"END_CASH":31359710.64,"DIVI_RATIO":null,"DIVIDEND_RATE":null,"CURRENT_RATIO":1.167130640061,"COMMON_ACS":10000000000,"CURRENTDEBT_DEBT":87.399636013275,"ISSUED_COMMON_SHARES":480000000,"HK_COMMON_SHARES":480000000,"PER_SHARES":4000,"TOTAL_MARKET_CAP":66240000,"HKSK_MARKET_CAP":66240000,"PE_TTM":-0.909128340264,"PB_TTM":-0.944235374615,"REPORT_DATE_SQ":"2020-06-30 00:00:00","REPORT_TYPE_SQ":"2020年中报","OPERATE_INCOME_SQ":335369639.04,"DPS_HKD":null,"OPERATE_INCOME_QOQ_SQ":0,"NET_PROFIT_RATIO_SQ":0.4388757445,"HOLDER_PROFIT_SQ":1471856,"HOLDER_PROFIT_QOQ_SQ":0,"ROE_AVG_SQ":1.796179231879,"PE_TTM_SQ":-6.453368580648,"PB_TTM_SQ":-14.756867277091,"ROA_SQ":0.329739014031,"START_DATE":"2021-04-01 00:00:00","FISCAL_YEAR":"3-31","CURRENCY":"HKD","IS_CNY_CODE":0,"DPS_HKD_LY":null,"ORG_TYPE":"一般企业","PREMIUM_INCOME":null,"PREMIUM_INCOME_YOY":null,"NET_INTEREST_INCOME":null,"NET_INTEREST_INCOME_YOY":null,"FEE_COMMISSION_INCOME":null,"FEE_COMMISSION_INCOME_YOY":null,"ACCOUNTS_RECE_TDAYS":5.079353357825,"INVENTORY_TDAYS":14.663495838288,"CURRENT_ASSETS_TDAYS":0.665206875792,"TOTAL_ASSETS_TDAYS":0.59467972743,"PREMIUM_EXPENSE":null,"LOAN_DEPOSIT":null,"LOAN_EQUITY":null,"LOAN_ASSETS":null,"DEPOSIT_EQUITY":null,"DEPOSIT_ASSETS":null,"EQUITY_MULTIPLIER":7.960192377153,"EQUITY_RATIO":6.960192377168},{"SECUCODE":"01557.HK","SECURITY_CODE":"01557","SECURITY_NAME_ABBR":"剑虹集团控股","ORG_CODE":"10484703","STD_REPORT_DATE":"2020-12-31 00:00:00","REPORT_DATE":"2021-03-31 00:00:00","DATE_TYPE_CODE":"001","REPORT_TYPE":"2020年年报","PER_NETCASH_OPERATE":-0.16752524075,"PER_OI":1.97306637115,"BPS":0.164611130542,"BASIC_EPS":0.00253554,"DILUTED_EPS":null,"OPERATE_INCOME":789226548.46,"OPERATE_INCOME_YOY":149.0769612406,"GROSS_PROFIT":35204282.54,"GROSS_PROFIT_YOY":-5.662389442736,"HOLDER_PROFIT":905187.78,"HOLDER_PROFIT_YOY":6.1446977205,"GROSS_PROFIT_RATIO":4.4606054635,"EPS_TTM":0.0283588063,"OPERATE_INCOME_QOQ":0,"NET_PROFIT_RATIO":0.1146930221,"ROE_AVG":1.152213788911,"GROSS_PROFIT_QOQ":0,"ROA":0.194429795141,"HOLDER_PROFIT_QOQ":0,"ROE_YEARLY":1.152213788911,"ROIC_YEARLY":0.209134552016,"TOTAL_ASSETS":577166660.56,"TOTAL_LIABILITIES":498153317.9,"TAX_EBT":null,"OCF_SALES":-8.490603418088,"TOTAL_PARENT_EQUITY":79013342.66,"DEBT_ASSET_RATIO":86.3101339597,"OPERATE_PROFIT":7255025.12,"PRETAX_PROFIT":905187.78,"NETCASH_OPERATE":-67010096.3,"NETCASH_INVEST":-19455198.42,"NETCASH_FINANCE":22734496.82,"END_CASH":-5737927.02,"DIVI_RATIO":null,"DIVIDEND_RATE":null,"CURRENT_RATIO":1.237282720999,"COMMON_ACS":10000000000,"CURRENTDEBT_DEBT":83.912250489901,"ISSUED_COMMON_SHARES":480000000,"HK_COMMON_SHARES":480000000,"PER_SHARES":4000,"TOTAL_MARKET_CAP":66240000,"HKSK_MARKET_CAP":66240000,"PE_TTM":-0.909128340264,"PB_TTM":-0.944235374615,"REPORT_DATE_SQ":"2019-12-31 00:00:00","REPORT_TYPE_SQ":"2019年年报","OPERATE_INCOME_SQ":342548871.1,"DPS_HKD":null,"OPERATE_INCOME_QOQ_SQ":0,"NET_PROFIT_RATIO_SQ":0.2691362833,"HOLDER_PROFIT_SQ":921923.3,"HOLDER_PROFIT_QOQ_SQ":0,"ROE_AVG_SQ":1.09779516165,"PE_TTM_SQ":-6.453368580648,"PB_TTM_SQ":-14.756867277091,"ROA_SQ":0.270487265787,"START_DATE":"2020-04-01 00:00:00","FISCAL_YEAR":"3-31","CURRENCY":"HKD","IS_CNY_CODE":0,"DPS_HKD_LY":null,"ORG_TYPE":"一般企业","PREMIUM_INCOME":null,"PREMIUM_INCOME_YOY":null,"NET_INTEREST_INCOME":null,"NET_INTEREST_INCOME_YOY":null,"FEE_COMMISSION_INCOME":null,"FEE_COMMISSION_INCOME_YOY":null,"ACCOUNTS_RECE_TDAYS":15.218086406675,"INVENTORY_TDAYS":175.084682563046,"CURRENT_ASSETS_TDAYS":1.936418174768,"TOTAL_ASSETS_TDAYS":1.695219042138,"PREMIUM_EXPENSE":null,"LOAN_DEPOSIT":null,"LOAN_EQUITY":null,"LOAN_ASSETS":null,"DEPOSIT_EQUITY":null,"DEPOSIT_ASSETS":null,"EQUITY_MULTIPLIER":7.304673377053,"EQUITY_RATIO":6.304673377047},{"SECUCODE":"01557.HK","SECURITY_CODE":"01557","SECURITY_NAME_ABBR":"剑虹集团控股","ORG_CODE":"10484703","STD_REPORT_DATE":"2020-06-30 00:00:00","REPORT_DATE":"2020-09-30 00:00:00","DATE_TYPE_CODE":"002","REPORT_TYPE":"2020年中报","PER_NETCASH_OPERATE":-0.0001933184,"PER_OI":0.8384240976,"BPS":0.172249257333,"BASIC_EPS":0.00351488,"DILUTED_EPS":null,"OPERATE_INCOME":335369639.04,"OPERATE_INCOME_YOY":196.8776496029,"GROSS_PROFIT":11813511.68,"GROSS_PROFIT_YOY":78.992406761279,"HOLDER_PROFIT":1471856,"HOLDER_PROFIT_YOY":116.8816770812,"GROSS_PROFIT_RATIO":3.522534631882,"EPS_TTM":0.00230480825,"OPERATE_INCOME_QOQ":0,"NET_PROFIT_RATIO":0.4388757445,"ROE_AVG":1.796179231879,"GROSS_PROFIT_QOQ":0,"ROA":0.329739014031,"HOLDER_PROFIT_QOQ":0,"ROE_YEARLY":3.592358463757,"ROIC_YEARLY":0.760697161918,"TOTAL_ASSETS":524739950.08,"TOTAL_LIABILITIES":442060306.56,"TAX_EBT":null,"OCF_SALES":-0.023057352544,"TOTAL_PARENT_EQUITY":82679643.52,"DEBT_ASSET_RATIO":84.2436918501,"OPERATE_PROFIT":4840868.48,"PRETAX_PROFIT":1471856,"NETCASH_OPERATE":-77327.36,"NETCASH_INVEST":-690673.92,"NETCASH_FINANCE":-4942800,"END_CASH":54583450.24,"DIVI_RATIO":null,"DIVIDEND_RATE":null,"CURRENT_RATIO":1.305427630376,"COMMON_ACS":10000000000,"CURRENTDEBT_DEBT":81.534687808728,"ISSUED_COMMON_SHARES":480000000,"HK_COMMON_SHARES":480000000,"PER_SHARES":4000,"TOTAL_MARKET_CAP":66240000,"HKSK_MARKET_CAP":66240000,"PE_TTM":-0.909128340264,"PB_TTM":-0.944235374615,"REPORT_DATE_SQ":"2019-06-30 00:00:00","REPORT_TYPE_SQ":"2019年中报","OPERATE_INCOME_SQ":115959699.57,"DPS_HKD":null,"OPERATE_INCOME_QOQ_SQ":0,"NET_PROFIT_RATIO_SQ":-7.7179772397,"HOLDER_PROFIT_SQ":-8949743.22,"HOLDER_PROFIT_QOQ_SQ":0,"ROE_AVG_SQ":-11.477685491521,"PE_TTM_SQ":-6.453368580648,"PB_TTM_SQ":-14.756867277091,"ROA_SQ":-2.997311421926,"START_DATE":"2020-04-01 00:00:00","FISCAL_YEAR":"3-31","CURRENCY":"HKD","IS_CNY_CODE":0,"DPS_HKD_LY":null,"ORG_TYPE":"一般企业","PREMIUM_INCOME":null,"PREMIUM_INCOME_YOY":null,"NET_INTEREST_INCOME":null,"NET_INTEREST_INCOME_YOY":null,"FEE_COMMISSION_INCOME":null,"FEE_COMMISSION_INCOME_YOY":null,"ACCOUNTS_RECE_TDAYS":5.526735354384,"INVENTORY_TDAYS":96.201959503592,"CURRENT_ASSETS_TDAYS":0.859609134461,"TOTAL_ASSETS_TDAYS":0.751326584347,"PREMIUM_EXPENSE":null,"LOAN_DEPOSIT":null,"LOAN_EQUITY":null,"LOAN_ASSETS":null,"DEPOSIT_EQUITY":null,"DEPOSIT_ASSETS":null,"EQUITY_MULTIPLIER":6.34666439934,"EQUITY_RATIO":5.346664399358}],"count":23},"success":true,"message":"ok","code":0}