{"version":"afc282746228be5ca7d1a0e15c06a973","result":{"pages":3,"data":[{"SECUCODE":"01552.HK","SECURITY_CODE":"01552","SECURITY_NAME_ABBR":"BHCC HOLDING","ORG_CODE":"10667225","STD_REPORT_DATE":"2024-06-30 00:00:00","REPORT_DATE":"2024-06-30 00:00:00","DATE_TYPE_CODE":"002","REPORT_TYPE":"2024年中报","PER_NETCASH_OPERATE":-0.520033201206,"PER_OI":0.665863095076,"BPS":0.291880931649,"BASIC_EPS":0.0332577,"DILUTED_EPS":0.0332577,"OPERATE_INCOME":532690476.061,"OPERATE_INCOME_YOY":-29.5602851851,"GROSS_PROFIT":31957577.322,"GROSS_PROFIT_YOY":10.357733035507,"HOLDER_PROFIT":26592344.857,"HOLDER_PROFIT_YOY":29.2167449296,"GROSS_PROFIT_RATIO":5.99927702074,"EPS_TTM":0.019246782657,"OPERATE_INCOME_QOQ":-14.007954650958,"NET_PROFIT_RATIO":4.9874281345,"ROE_AVG":12.07598074314,"GROSS_PROFIT_QOQ":10.620736531371,"ROA":3.095264750318,"HOLDER_PROFIT_QOQ":59.742567606673,"ROE_YEARLY":24.15196148628,"ROIC_YEARLY":10.27378629502,"TOTAL_ASSETS":1018758956.838,"TOTAL_LIABILITIES":703406299.154,"TAX_EBT":6.616120325552,"OCF_SALES":-78.099117529062,"TOTAL_PARENT_EQUITY":233504745.319,"DEBT_ASSET_RATIO":69.0454100484,"OPERATE_PROFIT":29769326.242,"PRETAX_PROFIT":28449829.634,"NETCASH_OPERATE":-416026560.965,"NETCASH_INVEST":10920091.889,"NETCASH_FINANCE":413779786.891,"END_CASH":301741025.413,"DIVI_RATIO":null,"DIVIDEND_RATE":null,"CURRENT_RATIO":2.874392932088,"COMMON_ACS":5000000000,"CURRENTDEBT_DEBT":44.585234695679,"ISSUED_COMMON_SHARES":800000000,"HK_COMMON_SHARES":800000000,"PER_SHARES":5000,"TOTAL_MARKET_CAP":144000000,"HKSK_MARKET_CAP":144000000,"PE_TTM":8.383740054353,"PB_TTM":0.562840467741,"REPORT_DATE_SQ":"2023-06-30 00:00:00","REPORT_TYPE_SQ":"2023年中报","OPERATE_INCOME_SQ":765576129.609,"DPS_HKD":null,"OPERATE_INCOME_QOQ_SQ":29.381616012997,"NET_PROFIT_RATIO_SQ":2.7213255202,"HOLDER_PROFIT_SQ":20833818.5916,"HOLDER_PROFIT_QOQ_SQ":165.826647395554,"ROE_AVG_SQ":9.906473178624,"PE_TTM_SQ":3.146977681446,"PB_TTM_SQ":0.467836257382,"ROA_SQ":3.162453807933,"START_DATE":"2024-01-01 00:00:00","FISCAL_YEAR":"12-31","CURRENCY":"HKD","IS_CNY_CODE":0,"DPS_HKD_LY":null,"ORG_TYPE":"一般企业","PREMIUM_INCOME":null,"PREMIUM_INCOME_YOY":null,"NET_INTEREST_INCOME":null,"NET_INTEREST_INCOME_YOY":null,"FEE_COMMISSION_INCOME":null,"FEE_COMMISSION_INCOME_YOY":null,"ACCOUNTS_RECE_TDAYS":18.978546142059,"INVENTORY_TDAYS":12.006763142299,"CURRENT_ASSETS_TDAYS":0.742970212819,"TOTAL_ASSETS_TDAYS":0.62003484922,"PREMIUM_EXPENSE":null,"LOAN_DEPOSIT":null,"LOAN_EQUITY":null,"LOAN_ASSETS":null,"DEPOSIT_EQUITY":null,"DEPOSIT_ASSETS":null,"EQUITY_MULTIPLIER":3.230538674761,"EQUITY_RATIO":3.012385457919},{"SECUCODE":"01552.HK","SECURITY_CODE":"01552","SECURITY_NAME_ABBR":"BHCC HOLDING","ORG_CODE":"10667225","STD_REPORT_DATE":"2023-12-31 00:00:00","REPORT_DATE":"2023-12-31 00:00:00","DATE_TYPE_CODE":"001","REPORT_TYPE":"2023年年报","PER_NETCASH_OPERATE":0.217756220412,"PER_OI":2.078155406615,"BPS":0.263451733227,"BASIC_EPS":0.01182984,"DILUTED_EPS":0.01182984,"OPERATE_INCOME":1662524325.2916,"OPERATE_INCOME_YOY":50.5891997579,"GROSS_PROFIT":28241070.5316,"GROSS_PROFIT_YOY":193.85127855522,"HOLDER_PROFIT":9638899.86,"HOLDER_PROFIT_YOY":120.3849225605,"GROSS_PROFIT_RATIO":1.698686154661,"EPS_TTM":0.012048624825,"OPERATE_INCOME_QOQ":20.750199267696,"NET_PROFIT_RATIO":0.5797749671,"ROE_AVG":4.680396822871,"GROSS_PROFIT_QOQ":-42.990129491444,"ROA":1.406125914565,"HOLDER_PROFIT_QOQ":-67.872722001236,"ROE_YEARLY":4.680396822871,"ROIC_YEARLY":2.129316096883,"TOTAL_ASSETS":712512957.018,"TOTAL_LIABILITIES":501751570.4364,"TAX_EBT":9.771578714237,"OCF_SALES":10.478341500299,"TOTAL_PARENT_EQUITY":210761386.5816,"DEBT_ASSET_RATIO":70.4199924358,"OPERATE_PROFIT":14192296.6884,"PRETAX_PROFIT":10682775.696,"NETCASH_OPERATE":174204976.3296,"NETCASH_INVEST":-19441890.3552,"NETCASH_FINANCE":-17600500.4784,"END_CASH":297166962.7404,"DIVI_RATIO":null,"DIVIDEND_RATE":null,"CURRENT_RATIO":1.0974106197,"COMMON_ACS":5000000000,"CURRENTDEBT_DEBT":98.505819312478,"ISSUED_COMMON_SHARES":800000000,"HK_COMMON_SHARES":800000000,"PER_SHARES":5000,"TOTAL_MARKET_CAP":101600000,"HKSK_MARKET_CAP":101600000,"PE_TTM":5.915194371682,"PB_TTM":0.397115218906,"REPORT_DATE_SQ":"2022-12-31 00:00:00","REPORT_TYPE_SQ":"2022年年报","OPERATE_INCOME_SQ":1064161593.963,"DPS_HKD":null,"OPERATE_INCOME_QOQ_SQ":44.684524360885,"NET_PROFIT_RATIO_SQ":-4.2829619821,"HOLDER_PROFIT_SQ":-45577636.4979,"HOLDER_PROFIT_QOQ_SQ":11.503541178777,"ROE_AVG_SQ":-21.037312992301,"PE_TTM_SQ":2.854758325312,"PB_TTM_SQ":0.424394319197,"ROA_SQ":-7.400386749446,"START_DATE":"2023-01-01 00:00:00","FISCAL_YEAR":"12-31","CURRENCY":"HKD","IS_CNY_CODE":0,"DPS_HKD_LY":null,"ORG_TYPE":"一般企业","PREMIUM_INCOME":null,"PREMIUM_INCOME_YOY":null,"NET_INTEREST_INCOME":null,"NET_INTEREST_INCOME_YOY":null,"FEE_COMMISSION_INCOME":null,"FEE_COMMISSION_INCOME_YOY":null,"ACCOUNTS_RECE_TDAYS":40.308284545077,"INVENTORY_TDAYS":null,"CURRENT_ASSETS_TDAYS":3.20396704369,"TOTAL_ASSETS_TDAYS":2.425296010273,"PREMIUM_EXPENSE":null,"LOAN_DEPOSIT":null,"LOAN_EQUITY":null,"LOAN_ASSETS":null,"DEPOSIT_EQUITY":null,"DEPOSIT_ASSETS":null,"EQUITY_MULTIPLIER":3.380661745368,"EQUITY_RATIO":2.380661745372},{"SECUCODE":"01552.HK","SECURITY_CODE":"01552","SECURITY_NAME_ABBR":"BHCC HOLDING","ORG_CODE":"10667225","STD_REPORT_DATE":"2023-06-30 00:00:00","REPORT_DATE":"2023-06-30 00:00:00","DATE_TYPE_CODE":"002","REPORT_TYPE":"2023年中报","PER_NETCASH_OPERATE":0.03434610456,"PER_OI":0.956970162011,"BPS":0.275902514987,"BASIC_EPS":0.02618658,"DILUTED_EPS":0.02618658,"OPERATE_INCOME":765576129.609,"OPERATE_INCOME_YOY":52.3603949247,"GROSS_PROFIT":28958167.6272,"GROSS_PROFIT_YOY":157.150188116995,"HOLDER_PROFIT":20833818.5916,"HOLDER_PROFIT_YOY":134.3012580097,"GROSS_PROFIT_RATIO":3.782532723687,"EPS_TTM":0.037502787586,"OPERATE_INCOME_QOQ":29.381616012997,"NET_PROFIT_RATIO":2.7213255202,"ROE_AVG":9.906473178624,"GROSS_PROFIT_QOQ":264.622858669947,"ROA":3.162453807933,"HOLDER_PROFIT_QOQ":165.826647395554,"ROE_YEARLY":19.812946357249,"ROIC_YEARLY":8.506355888055,"TOTAL_ASSETS":663140283.6276,"TOTAL_LIABILITIES":442418271.6384,"TAX_EBT":2.032160226655,"OCF_SALES":3.589046547472,"TOTAL_PARENT_EQUITY":220722011.9892,"DEBT_ASSET_RATIO":66.7156380876,"OPERATE_PROFIT":23074529.4234,"PRETAX_PROFIT":21265977.3246,"NETCASH_OPERATE":27476883.648,"NETCASH_INVEST":-6631430.733,"NETCASH_FINANCE":-8775641.3454,"END_CASH":172078943.2632,"DIVI_RATIO":null,"DIVIDEND_RATE":null,"CURRENT_RATIO":1.173872089187,"COMMON_ACS":5000000000,"CURRENTDEBT_DEBT":97.414701441638,"ISSUED_COMMON_SHARES":800000000,"HK_COMMON_SHARES":800000000,"PER_SHARES":5000,"TOTAL_MARKET_CAP":101600000,"HKSK_MARKET_CAP":101600000,"PE_TTM":5.915194371682,"PB_TTM":0.397115218906,"REPORT_DATE_SQ":"2022-06-30 00:00:00","REPORT_TYPE_SQ":"2022年中报","OPERATE_INCOME_SQ":452908256.313,"DPS_HKD":null,"OPERATE_INCOME_QOQ_SQ":36.240663496072,"NET_PROFIT_RATIO_SQ":-12.0876683549,"HOLDER_PROFIT_SQ":-54746047.975,"HOLDER_PROFIT_QOQ_SQ":-1305.09123768368,"ROE_AVG_SQ":-28.052636796799,"PE_TTM_SQ":2.854758325312,"PB_TTM_SQ":0.424394319197,"ROA_SQ":-10.210811192255,"START_DATE":"2023-01-01 00:00:00","FISCAL_YEAR":"12-31","CURRENCY":"HKD","IS_CNY_CODE":0,"DPS_HKD_LY":null,"ORG_TYPE":"一般企业","PREMIUM_INCOME":null,"PREMIUM_INCOME_YOY":null,"NET_INTEREST_INCOME":null,"NET_INTEREST_INCOME_YOY":null,"FEE_COMMISSION_INCOME":null,"FEE_COMMISSION_INCOME_YOY":null,"ACCOUNTS_RECE_TDAYS":17.761963385373,"INVENTORY_TDAYS":null,"CURRENT_ASSETS_TDAYS":1.533810810498,"TOTAL_ASSETS_TDAYS":1.162100522139,"PREMIUM_EXPENSE":null,"LOAN_DEPOSIT":null,"LOAN_EQUITY":null,"LOAN_ASSETS":null,"DEPOSIT_EQUITY":null,"DEPOSIT_ASSETS":null,"EQUITY_MULTIPLIER":3.004413912551,"EQUITY_RATIO":2.004413912556},{"SECUCODE":"01552.HK","SECURITY_CODE":"01552","SECURITY_NAME_ABBR":"BHCC HOLDING","ORG_CODE":"10667225","STD_REPORT_DATE":"2022-12-31 00:00:00","REPORT_DATE":"2022-12-31 00:00:00","DATE_TYPE_CODE":"001","REPORT_TYPE":"2022年年报","PER_NETCASH_OPERATE":-0.022950727927,"PER_OI":1.330201992454,"BPS":0.242328247259,"BASIC_EPS":-0.0570141,"DILUTED_EPS":-0.0570141,"OPERATE_INCOME":1064161593.963,"OPERATE_INCOME_YOY":79.4270737453,"GROSS_PROFIT":-30091300.7967,"GROSS_PROFIT_YOY":-266.741565163269,"HOLDER_PROFIT":-45577636.4979,"HOLDER_PROFIT_YOY":-1070.7445587138,"GROSS_PROFIT_RATIO":-2.827700319896,"EPS_TTM":-0.056972045622,"OPERATE_INCOME_QOQ":44.684524360885,"NET_PROFIT_RATIO":-4.2829619821,"ROE_AVG":-21.037312992301,"GROSS_PROFIT_QOQ":20.84427984904,"ROA":-7.400386749446,"HOLDER_PROFIT_QOQ":11.503541178777,"ROE_YEARLY":-21.037312992301,"ROIC_YEARLY":-10.308081979312,"TOTAL_ASSETS":634704943.4037,"TOTAL_LIABILITIES":440842345.5969,"TAX_EBT":-0.887455331518,"OCF_SALES":-1.725356604256,"TOTAL_PARENT_EQUITY":193862597.8068,"DEBT_ASSET_RATIO":69.4562647067,"OPERATE_PROFIT":-42986589.2586,"PRETAX_PROFIT":-45176713.3467,"NETCASH_OPERATE":-18360582.3414,"NETCASH_INVEST":1162413.837,"NETCASH_FINANCE":-15420790.2186,"END_CASH":154941212.3571,"DIVI_RATIO":null,"DIVIDEND_RATE":null,"CURRENT_RATIO":1.275415016285,"COMMON_ACS":5000000000,"CURRENTDEBT_DEBT":84.92717885535,"ISSUED_COMMON_SHARES":800000000,"HK_COMMON_SHARES":800000000,"PER_SHARES":5000,"TOTAL_MARKET_CAP":101600000,"HKSK_MARKET_CAP":101600000,"PE_TTM":5.915194371682,"PB_TTM":0.397115218906,"REPORT_DATE_SQ":"2021-12-31 00:00:00","REPORT_TYPE_SQ":"2021年年报","OPERATE_INCOME_SQ":539857016.3063,"DPS_HKD":null,"OPERATE_INCOME_QOQ_SQ":-21.326515470992,"NET_PROFIT_RATIO_SQ":0.7916390862,"HOLDER_PROFIT_SQ":4273719.1508,"HOLDER_PROFIT_QOQ_SQ":-74.491981449686,"ROE_AVG_SQ":1.980289576569,"PE_TTM_SQ":2.854758325312,"PB_TTM_SQ":0.424394319197,"ROA_SQ":0.766890644493,"START_DATE":"2022-01-01 00:00:00","FISCAL_YEAR":"12-31","CURRENCY":"HKD","IS_CNY_CODE":0,"DPS_HKD_LY":null,"ORG_TYPE":"一般企业","PREMIUM_INCOME":null,"PREMIUM_INCOME_YOY":null,"NET_INTEREST_INCOME":null,"NET_INTEREST_INCOME_YOY":null,"FEE_COMMISSION_INCOME":null,"FEE_COMMISSION_INCOME_YOY":null,"ACCOUNTS_RECE_TDAYS":42.050254168903,"INVENTORY_TDAYS":null,"CURRENT_ASSETS_TDAYS":2.341181952589,"TOTAL_ASSETS_TDAYS":1.727866551307,"PREMIUM_EXPENSE":null,"LOAN_DEPOSIT":null,"LOAN_EQUITY":null,"LOAN_ASSETS":null,"DEPOSIT_EQUITY":null,"DEPOSIT_ASSETS":null,"EQUITY_MULTIPLIER":3.273993800684,"EQUITY_RATIO":2.273993800683},{"SECUCODE":"01552.HK","SECURITY_CODE":"01552","SECURITY_NAME_ABBR":"BHCC HOLDING","ORG_CODE":"10667225","STD_REPORT_DATE":"2022-06-30 00:00:00","REPORT_DATE":"2022-06-30 00:00:00","DATE_TYPE_CODE":"002","REPORT_TYPE":"2022年中报","PER_NETCASH_OPERATE":-0.078411968975,"PER_OI":0.566135320391,"BPS":0.209727134193,"BASIC_EPS":-0.0684014,"DILUTED_EPS":-0.0684014,"OPERATE_INCOME":452908256.313,"OPERATE_INCOME_YOY":75.5278185402,"GROSS_PROFIT":-50670292.752,"GROSS_PROFIT_YOY":-1039.78352821104,"HOLDER_PROFIT":-54746047.975,"HOLDER_PROFIT_YOY":-5399.9570973564,"GROSS_PROFIT_RATIO":-11.187760886607,"EPS_TTM":-0.064377768762,"OPERATE_INCOME_QOQ":36.240663496072,"NET_PROFIT_RATIO":-12.0876683549,"ROE_AVG":-28.052636796799,"GROSS_PROFIT_QOQ":-310.650051373764,"ROA":-10.210811192255,"HOLDER_PROFIT_QOQ":-1305.09123768368,"ROE_YEARLY":-56.105273593598,"ROIC_YEARLY":-27.902267240351,"TOTAL_ASSETS":517428946.237,"TOTAL_LIABILITIES":349647238.883,"TAX_EBT":-0.459552283464,"OCF_SALES":-13.850393386657,"TOTAL_PARENT_EQUITY":167781707.354,"DEBT_ASSET_RATIO":67.5739618794,"OPERATE_PROFIT":-53666269.255,"PRETAX_PROFIT":-54495612.145,"NETCASH_OPERATE":-62729575.18,"NETCASH_INVEST":-1826278.844,"NETCASH_FINANCE":-6878984.288,"END_CASH":103810887.614,"DIVI_RATIO":null,"DIVIDEND_RATE":null,"CURRENT_RATIO":1.302454985571,"COMMON_ACS":5000000000,"CURRENTDEBT_DEBT":80.646382443008,"ISSUED_COMMON_SHARES":800000000,"HK_COMMON_SHARES":800000000,"PER_SHARES":5000,"TOTAL_MARKET_CAP":101600000,"HKSK_MARKET_CAP":101600000,"PE_TTM":5.915194371682,"PB_TTM":0.397115218906,"REPORT_DATE_SQ":"2021-06-30 00:00:00","REPORT_TYPE_SQ":"2021年中报","OPERATE_INCOME_SQ":257260491.6735,"DPS_HKD":null,"OPERATE_INCOME_QOQ_SQ":11.924267528568,"NET_PROFIT_RATIO_SQ":0.4003281571,"HOLDER_PROFIT_SQ":1029886.1853,"HOLDER_PROFIT_QOQ_SQ":22.229341204134,"ROE_AVG_SQ":0.472356482253,"PE_TTM_SQ":2.854758325312,"PB_TTM_SQ":0.424394319197,"ROA_SQ":0.190476950147,"START_DATE":"2022-01-01 00:00:00","FISCAL_YEAR":"12-31","CURRENCY":"HKD","IS_CNY_CODE":0,"DPS_HKD_LY":null,"ORG_TYPE":"一般企业","PREMIUM_INCOME":null,"PREMIUM_INCOME_YOY":null,"NET_INTEREST_INCOME":null,"NET_INTEREST_INCOME_YOY":null,"FEE_COMMISSION_INCOME":null,"FEE_COMMISSION_INCOME_YOY":null,"ACCOUNTS_RECE_TDAYS":45.983854792907,"INVENTORY_TDAYS":null,"CURRENT_ASSETS_TDAYS":1.178908626085,"TOTAL_ASSETS_TDAYS":0.844729594863,"PREMIUM_EXPENSE":null,"LOAN_DEPOSIT":null,"LOAN_EQUITY":null,"LOAN_ASSETS":null,"DEPOSIT_EQUITY":null,"DEPOSIT_ASSETS":null,"EQUITY_MULTIPLIER":3.083941356884,"EQUITY_RATIO":2.08394135688},{"SECUCODE":"01552.HK","SECURITY_CODE":"01552","SECURITY_NAME_ABBR":"BHCC HOLDING","ORG_CODE":"10667225","STD_REPORT_DATE":"2021-12-31 00:00:00","REPORT_DATE":"2021-12-31 00:00:00","DATE_TYPE_CODE":"001","REPORT_TYPE":"2021年年报","PER_NETCASH_OPERATE":0.00669991338,"PER_OI":0.674821270383,"BPS":0.272437122915,"BASIC_EPS":0.00518969,"DILUTED_EPS":0.00518969,"OPERATE_INCOME":539857016.3063,"OPERATE_INCOME_YOY":-7.9605221369,"GROSS_PROFIT":18046670.4671,"GROSS_PROFIT_YOY":-4.30966165044,"HOLDER_PROFIT":4273719.1508,"HOLDER_PROFIT_YOY":-67.4108003719,"GROSS_PROFIT_RATIO":3.342861150639,"EPS_TTM":0.005342148939,"OPERATE_INCOME_QOQ":-21.326515470992,"NET_PROFIT_RATIO":0.7916390862,"ROE_AVG":1.980289576569,"GROSS_PROFIT_QOQ":-13.073432453618,"ROA":0.766890644493,"HOLDER_PROFIT_QOQ":-74.491981449686,"ROE_YEARLY":1.980289576569,"ROIC_YEARLY":1.100453293794,"TOTAL_ASSETS":543470743.7082,"TOTAL_LIABILITIES":325521045.3759,"TAX_EBT":41.541453945403,"OCF_SALES":0.992842649388,"TOTAL_PARENT_EQUITY":217949698.3323,"DEBT_ASSET_RATIO":59.896700815,"OPERATE_PROFIT":8981249.2066,"PRETAX_PROFIT":7310683.2777,"NETCASH_OPERATE":5359930.7036,"NETCASH_INVEST":44703385.7688,"NETCASH_FINANCE":-38078647.4079,"END_CASH":170570013.02,"DIVI_RATIO":null,"DIVIDEND_RATE":null,"CURRENT_RATIO":1.545222656651,"COMMON_ACS":5000000000,"CURRENTDEBT_DEBT":78.098364565624,"ISSUED_COMMON_SHARES":800000000,"HK_COMMON_SHARES":800000000,"PER_SHARES":5000,"TOTAL_MARKET_CAP":101600000,"HKSK_MARKET_CAP":101600000,"PE_TTM":5.915194371682,"PB_TTM":0.397115218906,"REPORT_DATE_SQ":"2020-12-31 00:00:00","REPORT_TYPE_SQ":"2020年年报","OPERATE_INCOME_SQ":613092640.9698,"DPS_HKD":null,"OPERATE_INCOME_QOQ_SQ":11.152795554889,"NET_PROFIT_RATIO_SQ":2.2357728629,"HOLDER_PROFIT_SQ":13707358.8912,"HOLDER_PROFIT_QOQ_SQ":292.558646194345,"ROE_AVG_SQ":6.331582874534,"PE_TTM_SQ":2.854758325312,"PB_TTM_SQ":0.424394319197,"ROA_SQ":2.52655700684,"START_DATE":"2021-01-01 00:00:00","FISCAL_YEAR":"12-31","CURRENCY":"HKD","IS_CNY_CODE":0,"DPS_HKD_LY":null,"ORG_TYPE":"一般企业","PREMIUM_INCOME":null,"PREMIUM_INCOME_YOY":null,"NET_INTEREST_INCOME":null,"NET_INTEREST_INCOME_YOY":null,"FEE_COMMISSION_INCOME":null,"FEE_COMMISSION_INCOME_YOY":null,"ACCOUNTS_RECE_TDAYS":30.843255125048,"INVENTORY_TDAYS":null,"CURRENT_ASSETS_TDAYS":1.345151401216,"TOTAL_ASSETS_TDAYS":0.968737721316,"PREMIUM_EXPENSE":null,"LOAN_DEPOSIT":null,"LOAN_EQUITY":null,"LOAN_ASSETS":null,"DEPOSIT_EQUITY":null,"DEPOSIT_ASSETS":null,"EQUITY_MULTIPLIER":2.493560430993,"EQUITY_RATIO":1.493560430993},{"SECUCODE":"01552.HK","SECURITY_CODE":"01552","SECURITY_NAME_ABBR":"BHCC HOLDING","ORG_CODE":"10667225","STD_REPORT_DATE":"2021-06-30 00:00:00","REPORT_DATE":"2021-06-30 00:00:00","DATE_TYPE_CODE":"002","REPORT_TYPE":"2021年中报","PER_NETCASH_OPERATE":0.009142617831,"PER_OI":0.321575614592,"BPS":0.273183123119,"BASIC_EPS":0.00144081,"DILUTED_EPS":0.00144081,"OPERATE_INCOME":257260491.6735,"OPERATE_INCOME_YOY":47.8025948795,"GROSS_PROFIT":5391698.3253,"GROSS_PROFIT_YOY":54.475553823703,"HOLDER_PROFIT":1029886.1853,"HOLDER_PROFIT_YOY":154.0177188214,"GROSS_PROFIT_RATIO":2.095812804456,"EPS_TTM":0.020943018087,"OPERATE_INCOME_QOQ":11.924267528568,"NET_PROFIT_RATIO":0.4003281571,"ROE_AVG":0.472356482253,"GROSS_PROFIT_QOQ":10.081809336946,"ROA":0.190476950147,"HOLDER_PROFIT_QOQ":22.229341204134,"ROE_YEARLY":0.944712964507,"ROIC_YEARLY":0.530457286913,"TOTAL_ASSETS":500024508.8643,"TOTAL_LIABILITIES":281478010.3695,"TAX_EBT":36.343126515806,"OCF_SALES":2.843069379803,"TOTAL_PARENT_EQUITY":218546498.4948,"DEBT_ASSET_RATIO":56.2928427266,"OPERATE_PROFIT":2543140.1121,"PRETAX_PROFIT":1617871.1409,"NETCASH_OPERATE":7314094.2651,"NETCASH_INVEST":-287734.5597,"NETCASH_FINANCE":-34014138.1965,"END_CASH":134499296.5218,"DIVI_RATIO":null,"DIVIDEND_RATE":null,"CURRENT_RATIO":1.704402199997,"COMMON_ACS":5000000000,"CURRENTDEBT_DEBT":71.172155950306,"ISSUED_COMMON_SHARES":800000000,"HK_COMMON_SHARES":800000000,"PER_SHARES":5000,"TOTAL_MARKET_CAP":101600000,"HKSK_MARKET_CAP":101600000,"PE_TTM":5.915194371682,"PB_TTM":0.397115218906,"REPORT_DATE_SQ":"2020-06-30 00:00:00","REPORT_TYPE_SQ":"2020年中报","OPERATE_INCOME_SQ":184153684.9663,"DPS_HKD":null,"OPERATE_INCOME_QOQ_SQ":-13.013006578808,"NET_PROFIT_RATIO_SQ":-1.0953728094,"HOLDER_PROFIT_SQ":-2017169.3927,"HOLDER_PROFIT_QOQ_SQ":-2620.38908807404,"ROE_AVG_SQ":-0.938209880026,"PE_TTM_SQ":2.854758325312,"PB_TTM_SQ":0.424394319197,"ROA_SQ":-0.421350574538,"START_DATE":"2021-01-01 00:00:00","FISCAL_YEAR":"12-31","CURRENCY":"HKD","IS_CNY_CODE":0,"DPS_HKD_LY":null,"ORG_TYPE":"一般企业","PREMIUM_INCOME":null,"PREMIUM_INCOME_YOY":null,"NET_INTEREST_INCOME":null,"NET_INTEREST_INCOME_YOY":null,"FEE_COMMISSION_INCOME":null,"FEE_COMMISSION_INCOME_YOY":null,"ACCOUNTS_RECE_TDAYS":12.092313544362,"INVENTORY_TDAYS":null,"CURRENT_ASSETS_TDAYS":0.678205692853,"TOTAL_ASSETS_TDAYS":0.475802030815,"PREMIUM_EXPENSE":null,"LOAN_DEPOSIT":null,"LOAN_EQUITY":null,"LOAN_ASSETS":null,"DEPOSIT_EQUITY":null,"DEPOSIT_ASSETS":null,"EQUITY_MULTIPLIER":2.287954793639,"EQUITY_RATIO":1.287954793639},{"SECUCODE":"01552.HK","SECURITY_CODE":"01552","SECURITY_NAME_ABBR":"BHCC HOLDING","ORG_CODE":"10667225","STD_REPORT_DATE":"2020-12-31 00:00:00","REPORT_DATE":"2020-12-31 00:00:00","DATE_TYPE_CODE":"001","REPORT_TYPE":"2020年年报","PER_NETCASH_OPERATE":0.083264081522,"PER_OI":0.766365801212,"BPS":0.279181872161,"BASIC_EPS":0.0172599,"DILUTED_EPS":0.0172599,"OPERATE_INCOME":613092640.9698,"OPERATE_INCOME_YOY":1.4430994401,"GROSS_PROFIT":18859448.904,"GROSS_PROFIT_YOY":-14.971825892866,"HOLDER_PROFIT":13707358.8912,"HOLDER_PROFIT_YOY":4991.8829800876,"GROSS_PROFIT_RATIO":3.076117317958,"EPS_TTM":0.017134198614,"OPERATE_INCOME_QOQ":11.152795554889,"NET_PROFIT_RATIO":2.2357728629,"ROE_AVG":6.331582874534,"GROSS_PROFIT_QOQ":78.615789932527,"ROA":2.52655700684,"HOLDER_PROFIT_QOQ":292.558646194345,"ROE_YEARLY":6.331582874534,"ROIC_YEARLY":3.509412068106,"TOTAL_ASSETS":596930401.5702,"TOTAL_LIABILITIES":373584903.8412,"TAX_EBT":16.324653149888,"OCF_SALES":10.864796079175,"TOTAL_PARENT_EQUITY":223345497.729,"DEBT_ASSET_RATIO":62.5843319185,"OPERATE_PROFIT":1124788.2318,"PRETAX_PROFIT":16381597.9344,"NETCASH_OPERATE":66611265.2178,"NETCASH_INVEST":-49403426.0076,"NETCASH_FINANCE":13387197.609,"END_CASH":165085223.076,"DIVI_RATIO":null,"DIVIDEND_RATE":null,"CURRENT_RATIO":1.656960593982,"COMMON_ACS":5000000000,"CURRENTDEBT_DEBT":69.20353668533,"ISSUED_COMMON_SHARES":800000000,"HK_COMMON_SHARES":800000000,"PER_SHARES":5000,"TOTAL_MARKET_CAP":101600000,"HKSK_MARKET_CAP":101600000,"PE_TTM":5.915194371682,"PB_TTM":0.397115218906,"REPORT_DATE_SQ":"2019-12-31 00:00:00","REPORT_TYPE_SQ":"2019年年报","OPERATE_INCOME_SQ":634090713.7523,"DPS_HKD":null,"OPERATE_INCOME_QOQ_SQ":16.212149310023,"NET_PROFIT_RATIO_SQ":0.0445422115,"HOLDER_PROFIT_SQ":282438.0271,"HOLDER_PROFIT_QOQ_SQ":-97.768819428886,"ROE_AVG_SQ":0.128494342491,"PE_TTM_SQ":2.854758325312,"PB_TTM_SQ":0.424394319197,"ROA_SQ":0.05716046348,"START_DATE":"2020-01-01 00:00:00","FISCAL_YEAR":"12-31","CURRENCY":"HKD","IS_CNY_CODE":0,"DPS_HKD_LY":null,"ORG_TYPE":"一般企业","PREMIUM_INCOME":null,"PREMIUM_INCOME_YOY":null,"NET_INTEREST_INCOME":null,"NET_INTEREST_INCOME_YOY":null,"FEE_COMMISSION_INCOME":null,"FEE_COMMISSION_INCOME_YOY":null,"ACCOUNTS_RECE_TDAYS":22.222421086697,"INVENTORY_TDAYS":null,"CURRENT_ASSETS_TDAYS":1.6690719436,"TOTAL_ASSETS_TDAYS":1.130059787724,"PREMIUM_EXPENSE":null,"LOAN_DEPOSIT":null,"LOAN_EQUITY":null,"LOAN_ASSETS":null,"DEPOSIT_EQUITY":null,"DEPOSIT_ASSETS":null,"EQUITY_MULTIPLIER":2.672677119708,"EQUITY_RATIO":1.672677119708},{"SECUCODE":"01552.HK","SECURITY_CODE":"01552","SECURITY_NAME_ABBR":"BHCC HOLDING","ORG_CODE":"10667225","STD_REPORT_DATE":"2020-06-30 00:00:00","REPORT_DATE":"2020-06-30 00:00:00","DATE_TYPE_CODE":"002","REPORT_TYPE":"2020年中报","PER_NETCASH_OPERATE":0.015080224975,"PER_OI":0.230192106208,"BPS":0.267491687384,"BASIC_EPS":-0.00254065,"DILUTED_EPS":-0.00254065,"OPERATE_INCOME":184153684.9663,"OPERATE_INCOME_YOY":-30.9535731858,"GROSS_PROFIT":3490324.6448,"GROSS_PROFIT_YOY":-76.90345595655,"HOLDER_PROFIT":-2017169.3927,"HOLDER_PROFIT_YOY":-137.4614513542,"GROSS_PROFIT_RATIO":1.895332502002,"EPS_TTM":-0.00889817152,"OPERATE_INCOME_QOQ":-13.013006578808,"NET_PROFIT_RATIO":-1.0953728094,"ROE_AVG":-0.938209880026,"GROSS_PROFIT_QOQ":-52.396048446079,"ROA":-0.421350574538,"HOLDER_PROFIT_QOQ":-2620.38908807404,"ROE_YEARLY":-1.876419760053,"ROIC_YEARLY":-1.208242843484,"TOTAL_ASSETS":454508260.612,"TOTAL_LIABILITIES":240514910.7046,"TAX_EBT":3.337351011116,"OCF_SALES":6.551147745161,"TOTAL_PARENT_EQUITY":213993349.9074,"DEBT_ASSET_RATIO":52.917610426,"OPERATE_PROFIT":-503577.1552,"PRETAX_PROFIT":-2086813.6905,"NETCASH_OPERATE":12064179.9803,"NETCASH_INVEST":-118856.6883,"NETCASH_FINANCE":-5908164.7051,"END_CASH":146656038.5269,"DIVI_RATIO":null,"DIVIDEND_RATE":null,"CURRENT_RATIO":1.939040933258,"COMMON_ACS":5000000000,"CURRENTDEBT_DEBT":59.569563036559,"ISSUED_COMMON_SHARES":800000000,"HK_COMMON_SHARES":800000000,"PER_SHARES":5000,"TOTAL_MARKET_CAP":101600000,"HKSK_MARKET_CAP":101600000,"PE_TTM":5.915194371682,"PB_TTM":0.397115218906,"REPORT_DATE_SQ":"2019-06-30 00:00:00","REPORT_TYPE_SQ":"2019年中报","OPERATE_INCOME_SQ":266667951.2625,"DPS_HKD":null,"OPERATE_INCOME_QOQ_SQ":-0.876698973815,"NET_PROFIT_RATIO_SQ":2.0263837187,"HOLDER_PROFIT_SQ":5383805.85,"HOLDER_PROFIT_QOQ_SQ":-19.612888769392,"ROE_AVG_SQ":2.465213320629,"PE_TTM_SQ":2.854758325312,"PB_TTM_SQ":0.424394319197,"ROA_SQ":1.170435803327,"START_DATE":"2020-01-01 00:00:00","FISCAL_YEAR":"12-31","CURRENCY":"HKD","IS_CNY_CODE":0,"DPS_HKD_LY":null,"ORG_TYPE":"一般企业","PREMIUM_INCOME":null,"PREMIUM_INCOME_YOY":null,"NET_INTEREST_INCOME":null,"NET_INTEREST_INCOME_YOY":null,"FEE_COMMISSION_INCOME":null,"FEE_COMMISSION_INCOME_YOY":null,"ACCOUNTS_RECE_TDAYS":7.871268857901,"INVENTORY_TDAYS":null,"CURRENT_ASSETS_TDAYS":0.620679714868,"TOTAL_ASSETS_TDAYS":0.384664080492,"PREMIUM_EXPENSE":null,"LOAN_DEPOSIT":null,"LOAN_EQUITY":null,"LOAN_ASSETS":null,"DEPOSIT_EQUITY":null,"DEPOSIT_ASSETS":null,"EQUITY_MULTIPLIER":2.123936378438,"EQUITY_RATIO":1.123936378437}],"count":19},"success":true,"message":"ok","code":0}