{"version":"6b7f606b6b25210bebad357c85168c04","result":{"pages":4,"data":[{"SECUCODE":"01555.HK","SECURITY_CODE":"01555","SECURITY_NAME_ABBR":"MI能源","ORG_CODE":"10156412","STD_REPORT_DATE":"2024-06-30 00:00:00","REPORT_DATE":"2024-06-30 00:00:00","DATE_TYPE_CODE":"002","REPORT_TYPE":"2024年中报","PER_NETCASH_OPERATE":0.075524604567,"PER_OI":0.136212763978,"BPS":-0.598682630328,"BASIC_EPS":-0.03,"DILUTED_EPS":-0.03,"OPERATE_INCOME":461288000,"OPERATE_INCOME_YOY":-9.8745870203,"GROSS_PROFIT":304300000,"GROSS_PROFIT_YOY":-15.06761377116,"HOLDER_PROFIT":-110090000,"HOLDER_PROFIT_YOY":-81.9428835856,"GROSS_PROFIT_RATIO":65.967465011013,"EPS_TTM":-0.061157667169,"OPERATE_INCOME_QOQ":-4.878554956983,"NET_PROFIT_RATIO":-23.8657844991,"ROE_AVG":5.602611532504,"GROSS_PROFIT_QOQ":-6.586773743681,"ROA":-6.585395543956,"HOLDER_PROFIT_QOQ":-31.474639751159,"ROE_YEARLY":11.205223065009,"ROIC_YEARLY":-13.742062645032,"TOTAL_ASSETS":1617133000,"TOTAL_LIABILITIES":3644587000,"TAX_EBT":-37.289868808301,"OCF_SALES":55.446055392727,"TOTAL_PARENT_EQUITY":-2027454000,"DEBT_ASSET_RATIO":225.3733613747,"OPERATE_PROFIT":113611000,"PRETAX_PROFIT":-80188000,"NETCASH_OPERATE":255766000,"NETCASH_INVEST":-133282000,"NETCASH_FINANCE":-109643000,"END_CASH":76086000,"DIVI_RATIO":null,"DIVIDEND_RATE":null,"CURRENT_RATIO":0.426560310724,"COMMON_ACS":100000000000,"CURRENTDEBT_DEBT":14.863220441713,"ISSUED_COMMON_SHARES":3386525510,"HK_COMMON_SHARES":3386525510,"PER_SHARES":2000,"TOTAL_MARKET_CAP":91436188.77,"HKSK_MARKET_CAP":91436188.77,"PE_TTM":-0.399587549354,"PB_TTM":-0.041160973697,"REPORT_DATE_SQ":"2023-06-30 00:00:00","REPORT_TYPE_SQ":"2023年中报","OPERATE_INCOME_SQ":511829000,"DPS_HKD":null,"OPERATE_INCOME_QOQ_SQ":-13.894489881184,"NET_PROFIT_RATIO_SQ":-11.8219170856,"HOLDER_PROFIT_SQ":-60508000,"HOLDER_PROFIT_QOQ_SQ":-105.827164230554,"ROE_AVG_SQ":3.380847988955,"PE_TTM_SQ":-0.467036812652,"PB_TTM_SQ":-0.063815419589,"ROA_SQ":-2.564398145401,"START_DATE":"2024-01-01 00:00:00","FISCAL_YEAR":"12-31","CURRENCY":"HKD","IS_CNY_CODE":0,"DPS_HKD_LY":null,"ORG_TYPE":"一般企业","PREMIUM_INCOME":null,"PREMIUM_INCOME_YOY":null,"NET_INTEREST_INCOME":null,"NET_INTEREST_INCOME_YOY":null,"FEE_COMMISSION_INCOME":null,"FEE_COMMISSION_INCOME_YOY":null,"ACCOUNTS_RECE_TDAYS":5.541429661175,"INVENTORY_TDAYS":5.181464123044,"CURRENT_ASSETS_TDAYS":2.094369391355,"TOTAL_ASSETS_TDAYS":0.275934593485,"PREMIUM_EXPENSE":null,"LOAN_DEPOSIT":null,"LOAN_EQUITY":null,"LOAN_ASSETS":null,"DEPOSIT_EQUITY":null,"DEPOSIT_ASSETS":null,"EQUITY_MULTIPLIER":-0.797617603162,"EQUITY_RATIO":-1.797617603161},{"SECUCODE":"01555.HK","SECURITY_CODE":"01555","SECURITY_NAME_ABBR":"MI能源","ORG_CODE":"10156412","STD_REPORT_DATE":"2023-12-31 00:00:00","REPORT_DATE":"2023-12-31 00:00:00","DATE_TYPE_CODE":"001","REPORT_TYPE":"2023年年报","PER_NETCASH_OPERATE":0.152060570186,"PER_OI":0.305913242626,"BPS":-0.56178493101,"BASIC_EPS":-0.05,"DILUTED_EPS":-0.05,"OPERATE_INCOME":1035983000,"OPERATE_INCOME_YOY":-27.6191334555,"GROSS_PROFIT":819597000,"GROSS_PROFIT_YOY":-30.233110451878,"HOLDER_PROFIT":-157530000,"HOLDER_PROFIT_YOY":-106.6222743496,"GROSS_PROFIT_RATIO":79.112977722607,"EPS_TTM":-0.046516702601,"OPERATE_INCOME_QOQ":-15.939332518137,"NET_PROFIT_RATIO":-15.2058479724,"ROE_AVG":8.696773117901,"GROSS_PROFIT_QOQ":-18.110642957699,"ROA":-7.576307746321,"HOLDER_PROFIT_QOQ":-13.644889478848,"ROE_YEARLY":8.696773117901,"ROIC_YEARLY":-7.925553230331,"TOTAL_ASSETS":1726326000,"TOTAL_LIABILITIES":3628825000,"TAX_EBT":-113.721712704184,"OCF_SALES":49.707089788153,"TOTAL_PARENT_EQUITY":-1902499000,"DEBT_ASSET_RATIO":210.2050829334,"OPERATE_PROFIT":309792000,"PRETAX_PROFIT":-73708000,"NETCASH_OPERATE":514957000,"NETCASH_INVEST":-298002000,"NETCASH_FINANCE":-282296000,"END_CASH":62905000,"DIVI_RATIO":null,"DIVIDEND_RATE":null,"CURRENT_RATIO":0.331792402015,"COMMON_ACS":100000000000,"CURRENTDEBT_DEBT":17.394611203351,"ISSUED_COMMON_SHARES":3386525510,"HK_COMMON_SHARES":3386525510,"PER_SHARES":2000,"TOTAL_MARKET_CAP":77890086.73,"HKSK_MARKET_CAP":77890086.73,"PE_TTM":-0.340389393894,"PB_TTM":-0.035063051668,"REPORT_DATE_SQ":"2022-12-31 00:00:00","REPORT_TYPE_SQ":"2022年年报","OPERATE_INCOME_SQ":1431294000,"DPS_HKD":null,"OPERATE_INCOME_QOQ_SQ":9.184738330846,"NET_PROFIT_RATIO_SQ":166.1985587867,"HOLDER_PROFIT_SQ":2378790000,"HOLDER_PROFIT_QOQ_SQ":-1.832984140439,"ROE_AVG_SQ":-83.569986557008,"PE_TTM_SQ":0.044350811007,"PB_TTM_SQ":-0.062136066442,"ROA_SQ":101.2928001458,"START_DATE":"2023-01-01 00:00:00","FISCAL_YEAR":"12-31","CURRENCY":"HKD","IS_CNY_CODE":0,"DPS_HKD_LY":null,"ORG_TYPE":"一般企业","PREMIUM_INCOME":null,"PREMIUM_INCOME_YOY":null,"NET_INTEREST_INCOME":null,"NET_INTEREST_INCOME_YOY":null,"FEE_COMMISSION_INCOME":null,"FEE_COMMISSION_INCOME_YOY":null,"ACCOUNTS_RECE_TDAYS":10.493092271853,"INVENTORY_TDAYS":9.242525200752,"CURRENT_ASSETS_TDAYS":2.248012342571,"TOTAL_ASSETS_TDAYS":0.498249605025,"PREMIUM_EXPENSE":null,"LOAN_DEPOSIT":null,"LOAN_EQUITY":null,"LOAN_ASSETS":null,"DEPOSIT_EQUITY":null,"DEPOSIT_ASSETS":null,"EQUITY_MULTIPLIER":-0.90739916289,"EQUITY_RATIO":-1.90739916289},{"SECUCODE":"01555.HK","SECURITY_CODE":"01555","SECURITY_NAME_ABBR":"MI能源","ORG_CODE":"10156412","STD_REPORT_DATE":"2023-06-30 00:00:00","REPORT_DATE":"2023-06-30 00:00:00","DATE_TYPE_CODE":"002","REPORT_TYPE":"2023年中报","PER_NETCASH_OPERATE":0.071791279671,"PER_OI":0.15113690964,"BPS":-0.549009004807,"BASIC_EPS":-0.02,"DILUTED_EPS":-0.02,"OPERATE_INCOME":511829000,"OPERATE_INCOME_YOY":-27.9824117068,"GROSS_PROFIT":358285000,"GROSS_PROFIT_YOY":-38.167236755361,"HOLDER_PROFIT":-60508000,"HOLDER_PROFIT_YOY":-102.4627803026,"GROSS_PROFIT_RATIO":79.23271248796,"EPS_TTM":-0.040931627295,"OPERATE_INCOME_QOQ":-13.894489881184,"NET_PROFIT_RATIO":-11.8219170856,"ROE_AVG":3.380847988955,"GROSS_PROFIT_QOQ":-14.803471332564,"ROA":-2.564398145401,"HOLDER_PROFIT_QOQ":-105.827164230554,"ROE_YEARLY":6.76169597791,"ROIC_YEARLY":-5.327429619542,"TOTAL_ASSETS":2286916000,"TOTAL_LIABILITIES":4146149000,"TAX_EBT":-184.155161078238,"OCF_SALES":47.500825471007,"TOTAL_PARENT_EQUITY":-1859233000,"DEBT_ASSET_RATIO":181.298700958,"OPERATE_PROFIT":171003000,"PRETAX_PROFIT":-21294000,"NETCASH_OPERATE":243123000,"NETCASH_INVEST":-189651000,"NETCASH_FINANCE":-120295000,"END_CASH":55609000,"DIVI_RATIO":null,"DIVIDEND_RATE":null,"CURRENT_RATIO":0.521955711702,"COMMON_ACS":100000000000,"CURRENTDEBT_DEBT":30.590458760648,"ISSUED_COMMON_SHARES":3386525510,"HK_COMMON_SHARES":3386525510,"PER_SHARES":2000,"TOTAL_MARKET_CAP":77890086.73,"HKSK_MARKET_CAP":77890086.73,"PE_TTM":-0.340389393894,"PB_TTM":-0.035063051668,"REPORT_DATE_SQ":"2022-06-30 00:00:00","REPORT_TYPE_SQ":"2022年中报","OPERATE_INCOME_SQ":710700000,"DPS_HKD":null,"OPERATE_INCOME_QOQ_SQ":28.792191268722,"NET_PROFIT_RATIO_SQ":345.7011397214,"HOLDER_PROFIT_SQ":2456898000,"HOLDER_PROFIT_QOQ_SQ":816.16025487571,"ROE_AVG_SQ":-87.482316764651,"PE_TTM_SQ":0.044350811007,"PB_TTM_SQ":-0.062136066442,"ROA_SQ":104.593269822674,"START_DATE":"2023-01-01 00:00:00","FISCAL_YEAR":"12-31","CURRENCY":"HKD","IS_CNY_CODE":0,"DPS_HKD_LY":null,"ORG_TYPE":"一般企业","PREMIUM_INCOME":null,"PREMIUM_INCOME_YOY":null,"NET_INTEREST_INCOME":null,"NET_INTEREST_INCOME_YOY":null,"FEE_COMMISSION_INCOME":null,"FEE_COMMISSION_INCOME_YOY":null,"ACCOUNTS_RECE_TDAYS":5.077341242876,"INVENTORY_TDAYS":4.329918324949,"CURRENT_ASSETS_TDAYS":0.744877257936,"TOTAL_ASSETS_TDAYS":0.216918975733,"PREMIUM_EXPENSE":null,"LOAN_DEPOSIT":null,"LOAN_EQUITY":null,"LOAN_ASSETS":null,"DEPOSIT_EQUITY":null,"DEPOSIT_ASSETS":null,"EQUITY_MULTIPLIER":-1.230031954037,"EQUITY_RATIO":-2.230031954037},{"SECUCODE":"01555.HK","SECURITY_CODE":"01555","SECURITY_NAME_ABBR":"MI能源","ORG_CODE":"10156412","STD_REPORT_DATE":"2022-12-31 00:00:00","REPORT_DATE":"2022-12-31 00:00:00","DATE_TYPE_CODE":"001","REPORT_TYPE":"2022年年报","PER_NETCASH_OPERATE":0.235678720755,"PER_OI":0.422643796946,"BPS":-0.507961329369,"BASIC_EPS":0.72,"DILUTED_EPS":0.7,"OPERATE_INCOME":1431294000,"OPERATE_INCOME_YOY":40.6214170273,"GROSS_PROFIT":1174765000,"GROSS_PROFIT_YOY":55.590594355766,"HOLDER_PROFIT":2378790000,"HOLDER_PROFIT_YOY":803.0331509837,"GROSS_PROFIT_RATIO":82.077127410581,"EPS_TTM":0.702427899325,"OPERATE_INCOME_QOQ":9.184738330846,"NET_PROFIT_RATIO":166.1985587867,"ROE_AVG":-83.569986557008,"GROSS_PROFIT_QOQ":15.442745158542,"ROA":101.2928001458,"HOLDER_PROFIT_QOQ":-1.832984140439,"ROE_YEARLY":-83.569986557008,"ROIC_YEARLY":104.792003210557,"TOTAL_ASSETS":2432164000,"TOTAL_LIABILITIES":4152388000,"TAX_EBT":5.095266193577,"OCF_SALES":55.76296693761,"TOTAL_PARENT_EQUITY":-1720224000,"DEBT_ASSET_RATIO":170.7281252416,"OPERATE_PROFIT":572082000,"PRETAX_PROFIT":2506503000,"NETCASH_OPERATE":798132000,"NETCASH_INVEST":-494807000,"NETCASH_FINANCE":-224208000,"END_CASH":120342000,"DIVI_RATIO":null,"DIVIDEND_RATE":null,"CURRENT_RATIO":0.570741499024,"COMMON_ACS":100000000000,"CURRENTDEBT_DEBT":30.053670321752,"ISSUED_COMMON_SHARES":3386525510,"HK_COMMON_SHARES":3386525510,"PER_SHARES":2000,"TOTAL_MARKET_CAP":77890086.73,"HKSK_MARKET_CAP":77890086.73,"PE_TTM":-0.340389393894,"PB_TTM":-0.035063051668,"REPORT_DATE_SQ":"2021-12-31 00:00:00","REPORT_TYPE_SQ":"2021年年报","OPERATE_INCOME_SQ":1017835000,"DPS_HKD":null,"OPERATE_INCOME_QOQ_SQ":45.276534036331,"NET_PROFIT_RATIO_SQ":-33.2432073961,"HOLDER_PROFIT_SQ":-338361000,"HOLDER_PROFIT_QOQ_SQ":58.812409313558,"ROE_AVG_SQ":8.737718913609,"PE_TTM_SQ":0.044350811007,"PB_TTM_SQ":-0.062136066442,"ROA_SQ":-17.106101651986,"START_DATE":"2022-01-01 00:00:00","FISCAL_YEAR":"12-31","CURRENCY":"HKD","IS_CNY_CODE":0,"DPS_HKD_LY":null,"ORG_TYPE":"一般企业","PREMIUM_INCOME":null,"PREMIUM_INCOME_YOY":null,"NET_INTEREST_INCOME":null,"NET_INTEREST_INCOME_YOY":null,"FEE_COMMISSION_INCOME":null,"FEE_COMMISSION_INCOME_YOY":null,"ACCOUNTS_RECE_TDAYS":14.530313489808,"INVENTORY_TDAYS":14.310842096455,"CURRENT_ASSETS_TDAYS":2.188685246536,"TOTAL_ASSETS_TDAYS":0.609468583153,"PREMIUM_EXPENSE":null,"LOAN_DEPOSIT":null,"LOAN_EQUITY":null,"LOAN_ASSETS":null,"DEPOSIT_EQUITY":null,"DEPOSIT_ASSETS":null,"EQUITY_MULTIPLIER":-1.413864705991,"EQUITY_RATIO":-2.413864705992},{"SECUCODE":"01555.HK","SECURITY_CODE":"01555","SECURITY_NAME_ABBR":"MI能源","ORG_CODE":"10156412","STD_REPORT_DATE":"2022-06-30 00:00:00","REPORT_DATE":"2022-06-30 00:00:00","DATE_TYPE_CODE":"002","REPORT_TYPE":"2022年中报","PER_NETCASH_OPERATE":0.120370879581,"PER_OI":0.217377984409,"BPS":-0.485511476333,"BASIC_EPS":0.75,"DILUTED_EPS":0.74,"OPERATE_INCOME":710700000,"OPERATE_INCOME_YOY":70.1692593914,"GROSS_PROFIT":579442000,"GROSS_PROFIT_YOY":82.869460110269,"HOLDER_PROFIT":2456898000,"HOLDER_PROFIT_YOY":906.4128401221,"GROSS_PROFIT_RATIO":81.531166455607,"EPS_TTM":0.741173284742,"OPERATE_INCOME_QOQ":28.792191268722,"NET_PROFIT_RATIO":345.7011397214,"ROE_AVG":-87.482316764651,"GROSS_PROFIT_QOQ":34.777282142838,"ROA":104.593269822674,"HOLDER_PROFIT_QOQ":816.16025487571,"ROE_YEARLY":-174.964633529301,"ROIC_YEARLY":215.821221983582,"TOTAL_ASSETS":2433309000,"TOTAL_LIABILITIES":4077506000,"TAX_EBT":2.755070740014,"OCF_SALES":55.373997467286,"TOTAL_PARENT_EQUITY":-1644197000,"DEBT_ASSET_RATIO":167.5704154302,"OPERATE_PROFIT":319721000,"PRETAX_PROFIT":2526505000,"NETCASH_OPERATE":393543000,"NETCASH_INVEST":-213034000,"NETCASH_FINANCE":-113344000,"END_CASH":107929000,"DIVI_RATIO":null,"DIVIDEND_RATE":null,"CURRENT_RATIO":0.630178504132,"COMMON_ACS":100000000000,"CURRENTDEBT_DEBT":27.722681462639,"ISSUED_COMMON_SHARES":3386525510,"HK_COMMON_SHARES":3386525510,"PER_SHARES":2000,"TOTAL_MARKET_CAP":77890086.73,"HKSK_MARKET_CAP":77890086.73,"PE_TTM":-0.340389393894,"PB_TTM":-0.035063051668,"REPORT_DATE_SQ":"2021-06-30 00:00:00","REPORT_TYPE_SQ":"2021年中报","OPERATE_INCOME_SQ":417643000,"DPS_HKD":null,"OPERATE_INCOME_QOQ_SQ":22.385064046912,"NET_PROFIT_RATIO_SQ":-72.949863879,"HOLDER_PROFIT_SQ":-304670000,"HOLDER_PROFIT_QOQ_SQ":39.206386677254,"ROE_AVG_SQ":7.823850250063,"PE_TTM_SQ":0.044350811007,"PB_TTM_SQ":-0.062136066442,"ROA_SQ":-17.658374469747,"START_DATE":"2022-01-01 00:00:00","FISCAL_YEAR":"12-31","CURRENCY":"HKD","IS_CNY_CODE":0,"DPS_HKD_LY":null,"ORG_TYPE":"一般企业","PREMIUM_INCOME":null,"PREMIUM_INCOME_YOY":null,"NET_INTEREST_INCOME":null,"NET_INTEREST_INCOME_YOY":null,"FEE_COMMISSION_INCOME":null,"FEE_COMMISSION_INCOME_YOY":null,"ACCOUNTS_RECE_TDAYS":6.141920095408,"INVENTORY_TDAYS":5.799920463082,"CURRENT_ASSETS_TDAYS":1.086698078515,"TOTAL_ASSETS_TDAYS":0.302554020814,"PREMIUM_EXPENSE":null,"LOAN_DEPOSIT":null,"LOAN_EQUITY":null,"LOAN_ASSETS":null,"DEPOSIT_EQUITY":null,"DEPOSIT_ASSETS":null,"EQUITY_MULTIPLIER":-1.479937623046,"EQUITY_RATIO":-2.479937623046},{"SECUCODE":"01555.HK","SECURITY_CODE":"01555","SECURITY_NAME_ABBR":"MI能源","ORG_CODE":"10156412","STD_REPORT_DATE":"2021-12-31 00:00:00","REPORT_DATE":"2021-12-31 00:00:00","DATE_TYPE_CODE":"001","REPORT_TYPE":"2021年年报","PER_NETCASH_OPERATE":0.149852864299,"PER_OI":0.31131971403,"BPS":-1.173091709562,"BASIC_EPS":-0.1,"DILUTED_EPS":-0.1,"OPERATE_INCOME":1017835000,"OPERATE_INCOME_YOY":77.7967792255,"GROSS_PROFIT":755036000,"GROSS_PROFIT_YOY":105.055253645328,"HOLDER_PROFIT":-338361000,"HOLDER_PROFIT_YOY":74.9605753811,"GROSS_PROFIT_RATIO":74.180589191765,"EPS_TTM":-0.1034926582,"OPERATE_INCOME_QOQ":45.276534036331,"NET_PROFIT_RATIO":-33.2432073961,"ROE_AVG":8.737718913609,"GROSS_PROFIT_QOQ":44.968674819086,"ROA":-17.106101651986,"HOLDER_PROFIT_QOQ":58.812409313558,"ROE_YEARLY":8.737718913609,"ROIC_YEARLY":-17.355499709041,"TOTAL_ASSETS":2264695000,"TOTAL_LIABILITIES":6237400000,"TAX_EBT":-41.915067631331,"OCF_SALES":48.134717316657,"TOTAL_PARENT_EQUITY":-3972705000,"DEBT_ASSET_RATIO":275.4189857795,"OPERATE_PROFIT":546689000,"PRETAX_PROFIT":-238425000,"NETCASH_OPERATE":489932000,"NETCASH_INVEST":-463780000,"NETCASH_FINANCE":-8735000,"END_CASH":36495000,"DIVI_RATIO":null,"DIVIDEND_RATE":null,"CURRENT_RATIO":0.104092494196,"COMMON_ACS":100000000000,"CURRENTDEBT_DEBT":91.741831532369,"ISSUED_COMMON_SHARES":3386525510,"HK_COMMON_SHARES":3386525510,"PER_SHARES":2000,"TOTAL_MARKET_CAP":77890086.73,"HKSK_MARKET_CAP":77890086.73,"PE_TTM":-0.340389393894,"PB_TTM":-0.035063051668,"REPORT_DATE_SQ":"2020-12-31 00:00:00","REPORT_TYPE_SQ":"2020年年报","OPERATE_INCOME_SQ":572471000,"DPS_HKD":null,"OPERATE_INCOME_QOQ_SQ":-16.690047994784,"NET_PROFIT_RATIO_SQ":-236.0491623156,"HOLDER_PROFIT_SQ":-1351313000,"HOLDER_PROFIT_QOQ_SQ":0.977610441914,"ROE_AVG_SQ":41.475090861127,"PE_TTM_SQ":0.044350811007,"PB_TTM_SQ":-0.062136066442,"ROA_SQ":-65.689444508315,"START_DATE":"2021-01-01 00:00:00","FISCAL_YEAR":"12-31","CURRENCY":"HKD","IS_CNY_CODE":0,"DPS_HKD_LY":null,"ORG_TYPE":"一般企业","PREMIUM_INCOME":null,"PREMIUM_INCOME_YOY":null,"NET_INTEREST_INCOME":null,"NET_INTEREST_INCOME_YOY":null,"FEE_COMMISSION_INCOME":null,"FEE_COMMISSION_INCOME_YOY":null,"ACCOUNTS_RECE_TDAYS":14.875300513705,"INVENTORY_TDAYS":13.096730788398,"CURRENT_ASSETS_TDAYS":2.66851325559,"TOTAL_ASSETS_TDAYS":0.514574344412,"PREMIUM_EXPENSE":null,"LOAN_DEPOSIT":null,"LOAN_EQUITY":null,"LOAN_ASSETS":null,"DEPOSIT_EQUITY":null,"DEPOSIT_ASSETS":null,"EQUITY_MULTIPLIER":-0.570063722325,"EQUITY_RATIO":-1.570063722325},{"SECUCODE":"01555.HK","SECURITY_CODE":"01555","SECURITY_NAME_ABBR":"MI能源","ORG_CODE":"10156412","STD_REPORT_DATE":"2021-06-30 00:00:00","REPORT_DATE":"2021-06-30 00:00:00","DATE_TYPE_CODE":"002","REPORT_TYPE":"2021年中报","PER_NETCASH_OPERATE":0.050565232875,"PER_OI":0.127742216888,"BPS":-1.185907499631,"BASIC_EPS":-0.09,"DILUTED_EPS":-0.09,"OPERATE_INCOME":417643000,"OPERATE_INCOME_YOY":44.2660495,"GROSS_PROFIT":316861000,"GROSS_PROFIT_YOY":37.270880175368,"HOLDER_PROFIT":-304670000,"HOLDER_PROFIT_YOY":63.4894442108,"GROSS_PROFIT_RATIO":78.676285727284,"EPS_TTM":-0.251271454521,"OPERATE_INCOME_QOQ":22.385064046912,"NET_PROFIT_RATIO":-72.949863879,"ROE_AVG":7.823850250063,"GROSS_PROFIT_QOQ":23.106578107642,"ROA":-17.658374469747,"HOLDER_PROFIT_QOQ":39.206386677254,"ROE_YEARLY":15.647700500126,"ROIC_YEARLY":-36.066996277524,"TOTAL_ASSETS":1759382000,"TOTAL_LIABILITIES":5775488000,"TAX_EBT":-17.168151122187,"OCF_SALES":39.583807222915,"TOTAL_PARENT_EQUITY":-4016106000,"DEBT_ASSET_RATIO":328.2679941025,"OPERATE_PROFIT":122004000,"PRETAX_PROFIT":-260028000,"NETCASH_OPERATE":165319000,"NETCASH_INVEST":-129779000,"NETCASH_FINANCE":-4285000,"END_CASH":51427000,"DIVI_RATIO":null,"DIVIDEND_RATE":null,"CURRENT_RATIO":0.038879509681,"COMMON_ACS":100000000000,"CURRENTDEBT_DEBT":90.784986480796,"ISSUED_COMMON_SHARES":3386525510,"HK_COMMON_SHARES":3386525510,"PER_SHARES":2000,"TOTAL_MARKET_CAP":77890086.73,"HKSK_MARKET_CAP":77890086.73,"PE_TTM":-0.340389393894,"PB_TTM":-0.035063051668,"REPORT_DATE_SQ":"2020-06-30 00:00:00","REPORT_TYPE_SQ":"2020年中报","OPERATE_INCOME_SQ":289495000,"DPS_HKD":null,"OPERATE_INCOME_QOQ_SQ":-9.117384875426,"NET_PROFIT_RATIO_SQ":-288.2505742759,"HOLDER_PROFIT_SQ":-834471000,"HOLDER_PROFIT_QOQ_SQ":-21.298588401981,"ROE_AVG_SQ":26.099252228092,"PE_TTM_SQ":0.044350811007,"PB_TTM_SQ":-0.062136066442,"ROA_SQ":-40.485797942406,"START_DATE":"2021-01-01 00:00:00","FISCAL_YEAR":"12-31","CURRENCY":"HKD","IS_CNY_CODE":0,"DPS_HKD_LY":null,"ORG_TYPE":"一般企业","PREMIUM_INCOME":null,"PREMIUM_INCOME_YOY":null,"NET_INTEREST_INCOME":null,"NET_INTEREST_INCOME_YOY":null,"FEE_COMMISSION_INCOME":null,"FEE_COMMISSION_INCOME_YOY":null,"ACCOUNTS_RECE_TDAYS":5.704336543058,"INVENTORY_TDAYS":4.027541606368,"CURRENT_ASSETS_TDAYS":2.251111021277,"TOTAL_ASSETS_TDAYS":0.242061787792,"PREMIUM_EXPENSE":null,"LOAN_DEPOSIT":null,"LOAN_EQUITY":null,"LOAN_ASSETS":null,"DEPOSIT_EQUITY":null,"DEPOSIT_ASSETS":null,"EQUITY_MULTIPLIER":-0.43808156458,"EQUITY_RATIO":-1.43808156458},{"SECUCODE":"01555.HK","SECURITY_CODE":"01555","SECURITY_NAME_ABBR":"MI能源","ORG_CODE":"10156412","STD_REPORT_DATE":"2020-12-31 00:00:00","REPORT_DATE":"2020-12-31 00:00:00","DATE_TYPE_CODE":"001","REPORT_TYPE":"2020年年报","PER_NETCASH_OPERATE":0.057151415707,"PER_OI":0.17509862405,"BPS":-1.113864634671,"BASIC_EPS":-0.41,"DILUTED_EPS":-0.41,"OPERATE_INCOME":572471000,"OPERATE_INCOME_YOY":-24.2857369586,"GROSS_PROFIT":368211000,"GROSS_PROFIT_YOY":-39.28369431688,"HOLDER_PROFIT":-1351313000,"HOLDER_PROFIT_YOY":-20.1127607359,"GROSS_PROFIT_RATIO":73.902433485714,"EPS_TTM":-0.413318835297,"OPERATE_INCOME_QOQ":-16.690047994784,"NET_PROFIT_RATIO":-236.0491623156,"ROE_AVG":41.475090861127,"GROSS_PROFIT_QOQ":-21.571935184275,"ROA":-65.689444508315,"HOLDER_PROFIT_QOQ":0.977610441914,"ROE_YEARLY":41.475090861127,"ROIC_YEARLY":-66.237862370389,"TOTAL_ASSETS":1691332000,"TOTAL_LIABILITIES":5463463000,"TAX_EBT":-3.254396273617,"OCF_SALES":32.639557287618,"TOTAL_PARENT_EQUITY":-3772131000,"DEBT_ASSET_RATIO":323.0272353388,"OPERATE_PROFIT":-498111000,"PRETAX_PROFIT":-1308722000,"NETCASH_OPERATE":186852000,"NETCASH_INVEST":-159651000,"NETCASH_FINANCE":-20384000,"END_CASH":20353000,"DIVI_RATIO":null,"DIVIDEND_RATE":null,"CURRENT_RATIO":0.033052490911,"COMMON_ACS":100000000000,"CURRENTDEBT_DEBT":92.589443728273,"ISSUED_COMMON_SHARES":3386525510,"HK_COMMON_SHARES":3386525510,"PER_SHARES":2000,"TOTAL_MARKET_CAP":77890086.73,"HKSK_MARKET_CAP":77890086.73,"PE_TTM":-0.340389393894,"PB_TTM":-0.035063051668,"REPORT_DATE_SQ":"2019-12-31 00:00:00","REPORT_TYPE_SQ":"2019年年报","OPERATE_INCOME_SQ":756094000,"DPS_HKD":null,"OPERATE_INCOME_QOQ_SQ":-7.212018722189,"NET_PROFIT_RATIO_SQ":-149.313312895,"HOLDER_PROFIT_SQ":-1125037000,"HOLDER_PROFIT_QOQ_SQ":11.37351565368,"ROE_AVG_SQ":50.570120020299,"PE_TTM_SQ":0.044350811007,"PB_TTM_SQ":-0.062136066442,"ROA_SQ":-21.092175022924,"START_DATE":"2020-01-01 00:00:00","FISCAL_YEAR":"12-31","CURRENCY":"HKD","IS_CNY_CODE":0,"DPS_HKD_LY":null,"ORG_TYPE":"一般企业","PREMIUM_INCOME":null,"PREMIUM_INCOME_YOY":null,"NET_INTEREST_INCOME":null,"NET_INTEREST_INCOME_YOY":null,"FEE_COMMISSION_INCOME":null,"FEE_COMMISSION_INCOME_YOY":null,"ACCOUNTS_RECE_TDAYS":10.124077070678,"INVENTORY_TDAYS":8.067879900637,"CURRENT_ASSETS_TDAYS":3.045844273656,"TOTAL_ASSETS_TDAYS":0.278287132494,"PREMIUM_EXPENSE":null,"LOAN_DEPOSIT":null,"LOAN_EQUITY":null,"LOAN_ASSETS":null,"DEPOSIT_EQUITY":null,"DEPOSIT_ASSETS":null,"EQUITY_MULTIPLIER":-0.448375732444,"EQUITY_RATIO":-1.448375732444},{"SECUCODE":"01555.HK","SECURITY_CODE":"01555","SECURITY_NAME_ABBR":"MI能源","ORG_CODE":"10156412","STD_REPORT_DATE":"2020-06-30 00:00:00","REPORT_DATE":"2020-06-30 00:00:00","DATE_TYPE_CODE":"002","REPORT_TYPE":"2020年中报","PER_NETCASH_OPERATE":0.016862622286,"PER_OI":0.088546277749,"BPS":-1.07793813725,"BASIC_EPS":-0.26,"DILUTED_EPS":-0.26,"OPERATE_INCOME":289495000,"OPERATE_INCOME_YOY":-19.2327114563,"GROSS_PROFIT":230829000,"GROSS_PROFIT_YOY":-22.498212109308,"HOLDER_PROFIT":-834471000,"HOLDER_PROFIT_YOY":-40.2816489424,"GROSS_PROFIT_RATIO":79.735055873158,"EPS_TTM":-0.417399375174,"OPERATE_INCOME_QOQ":-9.117384875426,"NET_PROFIT_RATIO":-288.2505742759,"ROE_AVG":26.099252228092,"GROSS_PROFIT_QOQ":-11.049311973881,"ROA":-40.485797942406,"HOLDER_PROFIT_QOQ":-21.298588401981,"ROE_YEARLY":52.198504456184,"ROIC_YEARLY":-81.430573632215,"TOTAL_ASSETS":1699375000,"TOTAL_LIABILITIES":5349840000,"TAX_EBT":-0.226523418029,"OCF_SALES":19.043852225427,"TOTAL_PARENT_EQUITY":-3650465000,"DEBT_ASSET_RATIO":314.8122103715,"OPERATE_PROFIT":-535124000,"PRETAX_PROFIT":-832585000,"NETCASH_OPERATE":55131000,"NETCASH_INVEST":-31908000,"NETCASH_FINANCE":-28633000,"END_CASH":9524000,"DIVI_RATIO":null,"DIVIDEND_RATE":null,"CURRENT_RATIO":0.03289089144,"COMMON_ACS":100000000000,"CURRENTDEBT_DEBT":93.092784083262,"ISSUED_COMMON_SHARES":3386525510,"HK_COMMON_SHARES":3386525510,"PER_SHARES":2000,"TOTAL_MARKET_CAP":77890086.73,"HKSK_MARKET_CAP":77890086.73,"PE_TTM":-0.340389393894,"PB_TTM":-0.035063051668,"REPORT_DATE_SQ":"2019-06-30 00:00:00","REPORT_TYPE_SQ":"2019年中报","OPERATE_INCOME_SQ":358431000,"DPS_HKD":null,"OPERATE_INCOME_QOQ_SQ":3.185750610355,"NET_PROFIT_RATIO_SQ":-166.6217486769,"HOLDER_PROFIT_SQ":-594854000,"HOLDER_PROFIT_QOQ_SQ":-6.156667583771,"ROE_AVG_SQ":30.18594283815,"PE_TTM_SQ":0.044350811007,"PB_TTM_SQ":-0.062136066442,"ROA_SQ":-7.325078673106,"START_DATE":"2020-01-01 00:00:00","FISCAL_YEAR":"12-31","CURRENCY":"HKD","IS_CNY_CODE":0,"DPS_HKD_LY":null,"ORG_TYPE":"一般企业","PREMIUM_INCOME":null,"PREMIUM_INCOME_YOY":null,"NET_INTEREST_INCOME":null,"NET_INTEREST_INCOME_YOY":null,"FEE_COMMISSION_INCOME":null,"FEE_COMMISSION_INCOME_YOY":null,"ACCOUNTS_RECE_TDAYS":6.290566160733,"INVENTORY_TDAYS":3.383861106304,"CURRENT_ASSETS_TDAYS":1.554289671983,"TOTAL_ASSETS_TDAYS":0.140453485805,"PREMIUM_EXPENSE":null,"LOAN_DEPOSIT":null,"LOAN_EQUITY":null,"LOAN_ASSETS":null,"DEPOSIT_EQUITY":null,"DEPOSIT_ASSETS":null,"EQUITY_MULTIPLIER":-0.465522885441,"EQUITY_RATIO":-1.465522885441}],"count":33},"success":true,"message":"ok","code":0}