{"version":"8751d0bb4a3b2ba9050060ac9c2a5e48","result":{"pages":4,"data":[{"SECUCODE":"01559.HK","SECURITY_CODE":"01559","SECURITY_NAME_ABBR":"均安控股","ORG_CODE":"10431069","STD_REPORT_DATE":"2024-06-30 00:00:00","REPORT_DATE":"2024-09-30 00:00:00","DATE_TYPE_CODE":"002","REPORT_TYPE":"2024年中报","PER_NETCASH_OPERATE":0.005111153381,"PER_OI":0.091375496112,"BPS":0.068334297019,"BASIC_EPS":-0.011272375,"DILUTED_EPS":-0.011272375,"OPERATE_INCOME":170795418.84,"OPERATE_INCOME_YOY":0.8836830247,"GROSS_PROFIT":-1067719.36,"GROSS_PROFIT_YOY":93.957719486298,"HOLDER_PROFIT":-21129841.49,"HOLDER_PROFIT_YOY":54.5338119724,"GROSS_PROFIT_RATIO":-0.62514519842,"EPS_TTM":-0.075371071772,"OPERATE_INCOME_QOQ":0,"NET_PROFIT_RATIO":-12.2969862088,"ROE_AVG":-15.036788181576,"GROSS_PROFIT_QOQ":0,"ROA":-3.619310506751,"HOLDER_PROFIT_QOQ":0,"ROE_YEARLY":-30.073576363152,"ROIC_YEARLY":-7.188928356934,"TOTAL_ASSETS":580789733.39,"TOTAL_LIABILITIES":485220734.56,"TAX_EBT":-0.336033086335,"OCF_SALES":5.593571141946,"TOTAL_PARENT_EQUITY":127727732.02,"DEBT_ASSET_RATIO":83.5449917008,"OPERATE_PROFIT":-17187215.61,"PRETAX_PROFIT":-20932349.48,"NETCASH_OPERATE":9553563.26,"NETCASH_INVEST":5198819.35,"NETCASH_FINANCE":-7048390.64,"END_CASH":32993790.73,"DIVI_RATIO":null,"DIVIDEND_RATE":null,"CURRENT_RATIO":1.108584969457,"COMMON_ACS":10000000000,"CURRENTDEBT_DEBT":99.762667638051,"ISSUED_COMMON_SHARES":1869159962,"HK_COMMON_SHARES":1869159962,"PER_SHARES":10000,"TOTAL_MARKET_CAP":186915996.2,"HKSK_MARKET_CAP":186915996.2,"PE_TTM":-1.468322580696,"PB_TTM":1.31967407193,"REPORT_DATE_SQ":"2023-06-30 00:00:00","REPORT_TYPE_SQ":"2023年中报","OPERATE_INCOME_SQ":172273103.31,"DPS_HKD":null,"OPERATE_INCOME_QOQ_SQ":0,"NET_PROFIT_RATIO_SQ":-27.5944539435,"HOLDER_PROFIT_SQ":-47290062.05,"HOLDER_PROFIT_QOQ_SQ":0,"ROE_AVG_SQ":-16.885731745077,"PE_TTM_SQ":-2.325058725189,"PB_TTM_SQ":1.035799874062,"ROA_SQ":-6.06028534554,"START_DATE":"2024-04-01 00:00:00","FISCAL_YEAR":"3-31","CURRENCY":"HKD","IS_CNY_CODE":0,"DPS_HKD_LY":null,"ORG_TYPE":"一般企业","PREMIUM_INCOME":null,"PREMIUM_INCOME_YOY":null,"NET_INTEREST_INCOME":null,"NET_INTEREST_INCOME_YOY":null,"FEE_COMMISSION_INCOME":null,"FEE_COMMISSION_INCOME_YOY":null,"ACCOUNTS_RECE_TDAYS":1.677347361709,"INVENTORY_TDAYS":null,"CURRENT_ASSETS_TDAYS":0.318623731745,"TOTAL_ASSETS_TDAYS":0.292553852903,"PREMIUM_EXPENSE":null,"LOAN_DEPOSIT":null,"LOAN_EQUITY":null,"LOAN_ASSETS":null,"DEPOSIT_EQUITY":null,"DEPOSIT_ASSETS":null,"EQUITY_MULTIPLIER":6.077177123324,"EQUITY_RATIO":3.798867535548},{"SECUCODE":"01559.HK","SECURITY_CODE":"01559","SECURITY_NAME_ABBR":"均安控股","ORG_CODE":"10431069","STD_REPORT_DATE":"2023-12-31 00:00:00","REPORT_DATE":"2024-03-31 00:00:00","DATE_TYPE_CODE":"001","REPORT_TYPE":"2023年年报","PER_NETCASH_OPERATE":0.015189354297,"PER_OI":0.317411817427,"BPS":0.082456009749,"BASIC_EPS":-0.075334305,"DILUTED_EPS":null,"OPERATE_INCOME":593293460.6,"OPERATE_INCOME_YOY":4.8487071983,"GROSS_PROFIT":-107204070.25,"GROSS_PROFIT_YOY":-287.622433585265,"HOLDER_PROFIT":-140880589.65,"HOLDER_PROFIT_YOY":-39.1016747375,"GROSS_PROFIT_RATIO":-18.069316007897,"EPS_TTM":-0.056589049193,"OPERATE_INCOME_QOQ":0,"NET_PROFIT_RATIO":-29.0621772109,"ROE_AVG":-60.760191504294,"GROSS_PROFIT_QOQ":0,"ROA":-20.647816044,"HOLDER_PROFIT_QOQ":0,"ROE_YEARLY":-60.760191504294,"ROIC_YEARLY":-21.152085869822,"TOTAL_ASSETS":589924720.8,"TOTAL_LIABILITIES":468809640.8,"TAX_EBT":3.360567445074,"OCF_SALES":4.785377690037,"TOTAL_PARENT_EQUITY":154123472.05,"DEBT_ASSET_RATIO":79.4694008016,"OPERATE_PROFIT":-162663173.05,"PRETAX_PROFIT":-178419918.6,"NETCASH_OPERATE":28391332.9,"NETCASH_INVEST":35851332.85,"NETCASH_FINANCE":-81768090.35,"END_CASH":24055304.25,"DIVI_RATIO":null,"DIVIDEND_RATE":null,"CURRENT_RATIO":1.150250676089,"COMMON_ACS":10000000000,"CURRENTDEBT_DEBT":99.819776615823,"ISSUED_COMMON_SHARES":1869159962,"HK_COMMON_SHARES":1869159962,"PER_SHARES":10000,"TOTAL_MARKET_CAP":186915996.2,"HKSK_MARKET_CAP":186915996.2,"PE_TTM":-1.468322580696,"PB_TTM":1.31967407193,"REPORT_DATE_SQ":"2022-12-31 00:00:00","REPORT_TYPE_SQ":"2022年年报","OPERATE_INCOME_SQ":546419541.67,"DPS_HKD":null,"OPERATE_INCOME_QOQ_SQ":0,"NET_PROFIT_RATIO_SQ":-17.9789069622,"HOLDER_PROFIT_SQ":-97799929.79,"HOLDER_PROFIT_QOQ_SQ":0,"ROE_AVG_SQ":-29.053956530502,"PE_TTM_SQ":-1.957515870658,"PB_TTM_SQ":0.813346209834,"ROA_SQ":-13.431986135065,"START_DATE":"2023-04-01 00:00:00","FISCAL_YEAR":"3-31","CURRENCY":"HKD","IS_CNY_CODE":0,"DPS_HKD_LY":null,"ORG_TYPE":"一般企业","PREMIUM_INCOME":null,"PREMIUM_INCOME_YOY":null,"NET_INTEREST_INCOME":null,"NET_INTEREST_INCOME_YOY":null,"FEE_COMMISSION_INCOME":null,"FEE_COMMISSION_INCOME_YOY":null,"ACCOUNTS_RECE_TDAYS":4.288591967393,"INVENTORY_TDAYS":null,"CURRENT_ASSETS_TDAYS":0.958748803307,"TOTAL_ASSETS_TDAYS":0.869545922899,"PREMIUM_EXPENSE":null,"LOAN_DEPOSIT":null,"LOAN_EQUITY":null,"LOAN_ASSETS":null,"DEPOSIT_EQUITY":null,"DEPOSIT_ASSETS":null,"EQUITY_MULTIPLIER":4.870778443125,"EQUITY_RATIO":3.041779649552},{"SECUCODE":"01559.HK","SECURITY_CODE":"01559","SECURITY_NAME_ABBR":"均安控股","ORG_CODE":"10431069","STD_REPORT_DATE":"2023-06-30 00:00:00","REPORT_DATE":"2023-09-30 00:00:00","DATE_TYPE_CODE":"002","REPORT_TYPE":"2023年中报","PER_NETCASH_OPERATE":-0.019380022372,"PER_OI":0.092166056845,"BPS":0.132001242155,"BASIC_EPS":-0.025326588,"DILUTED_EPS":-0.025326588,"OPERATE_INCOME":172273103.31,"OPERATE_INCOME_YOY":-10.7514511321,"GROSS_PROFIT":-17670800.91,"GROSS_PROFIT_YOY":34.198314115226,"HOLDER_PROFIT":-47290062.05,"HOLDER_PROFIT_YOY":-18.5530250748,"GROSS_PROFIT_RATIO":-10.257434602662,"EPS_TTM":-0.052322932108,"OPERATE_INCOME_QOQ":0,"NET_PROFIT_RATIO":-27.5944539435,"ROE_AVG":-16.885731745077,"GROSS_PROFIT_QOQ":0,"ROA":-6.06028534554,"HOLDER_PROFIT_QOQ":0,"ROE_YEARLY":-33.771463490155,"ROIC_YEARLY":-12.691841425249,"TOTAL_ASSETS":776505847.04,"TOTAL_LIABILITIES":531688586.45,"TAX_EBT":-4.120188925736,"OCF_SALES":-21.027288174414,"TOTAL_PARENT_EQUITY":246731436.77,"DEBT_ASSET_RATIO":68.4719359779,"OPERATE_PROFIT":-40295886.19,"PRETAX_PROFIT":-45656680.65,"NETCASH_OPERATE":-36224361.88,"NETCASH_INVEST":-9711278.29,"NETCASH_FINANCE":32741038.4,"END_CASH":30168003.88,"DIVI_RATIO":null,"DIVIDEND_RATE":null,"CURRENT_RATIO":1.392468354205,"COMMON_ACS":10000000000,"CURRENTDEBT_DEBT":96.994727440608,"ISSUED_COMMON_SHARES":1869159962,"HK_COMMON_SHARES":1869159962,"PER_SHARES":10000,"TOTAL_MARKET_CAP":186915996.2,"HKSK_MARKET_CAP":186915996.2,"PE_TTM":-1.468322580696,"PB_TTM":1.31967407193,"REPORT_DATE_SQ":"2022-06-30 00:00:00","REPORT_TYPE_SQ":"2022年中报","OPERATE_INCOME_SQ":190251667.32,"DPS_HKD":null,"OPERATE_INCOME_QOQ_SQ":0,"NET_PROFIT_RATIO_SQ":-20.8078800873,"HOLDER_PROFIT_SQ":-39316006.8,"HOLDER_PROFIT_QOQ_SQ":0,"ROE_AVG_SQ":-10.645892441465,"PE_TTM_SQ":-1.957515870658,"PB_TTM_SQ":0.813346209834,"ROA_SQ":-5.671447452024,"START_DATE":"2023-04-01 00:00:00","FISCAL_YEAR":"3-31","CURRENCY":"HKD","IS_CNY_CODE":0,"DPS_HKD_LY":null,"ORG_TYPE":"一般企业","PREMIUM_INCOME":null,"PREMIUM_INCOME_YOY":null,"NET_INTEREST_INCOME":null,"NET_INTEREST_INCOME_YOY":null,"FEE_COMMISSION_INCOME":null,"FEE_COMMISSION_INCOME_YOY":null,"ACCOUNTS_RECE_TDAYS":1.088279963828,"INVENTORY_TDAYS":1.271028611254,"CURRENT_ASSETS_TDAYS":0.241613562699,"TOTAL_ASSETS_TDAYS":0.220770309482,"PREMIUM_EXPENSE":null,"LOAN_DEPOSIT":null,"LOAN_EQUITY":null,"LOAN_ASSETS":null,"DEPOSIT_EQUITY":null,"DEPOSIT_ASSETS":null,"EQUITY_MULTIPLIER":3.171777370469,"EQUITY_RATIO":2.154928425054},{"SECUCODE":"01559.HK","SECURITY_CODE":"01559","SECURITY_NAME_ABBR":"均安控股","ORG_CODE":"10431069","STD_REPORT_DATE":"2022-12-31 00:00:00","REPORT_DATE":"2023-03-31 00:00:00","DATE_TYPE_CODE":"001","REPORT_TYPE":"2022年年报","PER_NETCASH_OPERATE":-0.022954479976,"PER_OI":0.292334285336,"BPS":0.159947933006,"BASIC_EPS":-0.056376404,"DILUTED_EPS":null,"OPERATE_INCOME":546419541.67,"OPERATE_INCOME_YOY":21.1164601124,"GROSS_PROFIT":-27656828.13,"GROSS_PROFIT_YOY":4.525140339647,"HOLDER_PROFIT":-97799929.79,"HOLDER_PROFIT_YOY":-64.3772529979,"GROSS_PROFIT_RATIO":-5.061463952309,"EPS_TTM":-0.034225515563,"OPERATE_INCOME_QOQ":0,"NET_PROFIT_RATIO":-17.9789069622,"ROE_AVG":-29.053956530502,"GROSS_PROFIT_QOQ":0,"ROA":-13.431986135065,"HOLDER_PROFIT_QOQ":0,"ROE_YEARLY":-29.053956530502,"ROIC_YEARLY":-15.202490770514,"TOTAL_ASSETS":748070235.17,"TOTAL_LIABILITIES":450731976.21,"TAX_EBT":0.113929684023,"OCF_SALES":-7.85213405598,"TOTAL_PARENT_EQUITY":298968272.38,"DEBT_ASSET_RATIO":60.2526280313,"OPERATE_PROFIT":-90279282.48,"PRETAX_PROFIT":-98352313.5,"NETCASH_OPERATE":-42905594.92,"NETCASH_INVEST":-12787113.87,"NETCASH_FINANCE":-25579480.2,"END_CASH":41690525.84,"DIVI_RATIO":null,"DIVIDEND_RATE":null,"CURRENT_RATIO":1.578073477069,"COMMON_ACS":10000000000,"CURRENTDEBT_DEBT":94.946210872027,"ISSUED_COMMON_SHARES":1869159962,"HK_COMMON_SHARES":1869159962,"PER_SHARES":10000,"TOTAL_MARKET_CAP":188785156.162,"HKSK_MARKET_CAP":188785156.162,"PE_TTM":-1.483005806503,"PB_TTM":1.332870812649,"REPORT_DATE_SQ":"2021-12-31 00:00:00","REPORT_TYPE_SQ":"2021年年报","OPERATE_INCOME_SQ":417962924.61,"DPS_HKD":null,"OPERATE_INCOME_QOQ_SQ":0,"NET_PROFIT_RATIO_SQ":-13.3603435262,"HOLDER_PROFIT_SQ":-55120294.65,"HOLDER_PROFIT_QOQ_SQ":0,"ROE_AVG_SQ":-14.320057983962,"PE_TTM_SQ":-1.957515870658,"PB_TTM_SQ":0.813346209834,"ROA_SQ":-7.688326673284,"START_DATE":"2022-04-01 00:00:00","FISCAL_YEAR":"3-31","CURRENCY":"HKD","IS_CNY_CODE":0,"DPS_HKD_LY":null,"ORG_TYPE":"一般企业","PREMIUM_INCOME":null,"PREMIUM_INCOME_YOY":null,"NET_INTEREST_INCOME":null,"NET_INTEREST_INCOME_YOY":null,"FEE_COMMISSION_INCOME":null,"FEE_COMMISSION_INCOME_YOY":null,"ACCOUNTS_RECE_TDAYS":3.501691416133,"INVENTORY_TDAYS":3.941980547975,"CURRENT_ASSETS_TDAYS":0.83814034242,"TOTAL_ASSETS_TDAYS":0.750460631557,"PREMIUM_EXPENSE":null,"LOAN_DEPOSIT":null,"LOAN_EQUITY":null,"LOAN_ASSETS":null,"DEPOSIT_EQUITY":null,"DEPOSIT_ASSETS":null,"EQUITY_MULTIPLIER":2.515889605953,"EQUITY_RATIO":1.507624781124},{"SECUCODE":"01559.HK","SECURITY_CODE":"01559","SECURITY_NAME_ABBR":"均安控股","ORG_CODE":"10431069","STD_REPORT_DATE":"2022-06-30 00:00:00","REPORT_DATE":"2022-09-30 00:00:00","DATE_TYPE_CODE":"002","REPORT_TYPE":"2022年中报","PER_NETCASH_OPERATE":-0.042878593716,"PER_OI":0.101784583015,"BPS":0.188288389755,"BASIC_EPS":-0.024510324,"DILUTED_EPS":-0.024510324,"OPERATE_INCOME":190251667.32,"OPERATE_INCOME_YOY":-26.8690963326,"GROSS_PROFIT":-26854632.48,"GROSS_PROFIT_YOY":-38.471359224382,"HOLDER_PROFIT":-39316006.8,"HOLDER_PROFIT_YOY":-18.8744257274,"GROSS_PROFIT_RATIO":-14.11532043755,"EPS_TTM":-0.034798165814,"OPERATE_INCOME_QOQ":0,"NET_PROFIT_RATIO":-20.8078800873,"ROE_AVG":-10.645892441465,"GROSS_PROFIT_QOQ":0,"ROA":-5.671447452024,"HOLDER_PROFIT_QOQ":0,"ROE_YEARLY":-21.291784882931,"ROIC_YEARLY":-12.928986493269,"TOTAL_ASSETS":654816368.88,"TOTAL_LIABILITIES":304227387.24,"TAX_EBT":-0.500551065393,"OCF_SALES":-42.126805892951,"TOTAL_PARENT_EQUITY":351941119.44,"DEBT_ASSET_RATIO":46.4599545305,"OPERATE_PROFIT":-35596045.08,"PRETAX_PROFIT":-39390170.88,"NETCASH_OPERATE":-80146950.6,"NETCASH_INVEST":-3661173.12,"NETCASH_FINANCE":-13371240.96,"END_CASH":37609328.52,"DIVI_RATIO":null,"DIVIDEND_RATE":null,"CURRENT_RATIO":2.117007649474,"COMMON_ACS":10000000000,"CURRENTDEBT_DEBT":90.281564106299,"ISSUED_COMMON_SHARES":1869159962,"HK_COMMON_SHARES":1869159962,"PER_SHARES":10000,"TOTAL_MARKET_CAP":188785156.162,"HKSK_MARKET_CAP":188785156.162,"PE_TTM":-1.483005806503,"PB_TTM":1.332870812649,"REPORT_DATE_SQ":"2021-06-30 00:00:00","REPORT_TYPE_SQ":"2021年中报","OPERATE_INCOME_SQ":239620545.34,"DPS_HKD":null,"OPERATE_INCOME_QOQ_SQ":0,"NET_PROFIT_RATIO_SQ":-12.9172330595,"HOLDER_PROFIT_SQ":-30463338.08,"HOLDER_PROFIT_QOQ_SQ":0,"ROE_AVG_SQ":-7.375279462142,"PE_TTM_SQ":-1.957515870658,"PB_TTM_SQ":0.813346209834,"ROA_SQ":-4.054133457798,"START_DATE":"2022-04-01 00:00:00","FISCAL_YEAR":"3-31","CURRENCY":"HKD","IS_CNY_CODE":0,"DPS_HKD_LY":null,"ORG_TYPE":"一般企业","PREMIUM_INCOME":null,"PREMIUM_INCOME_YOY":null,"NET_INTEREST_INCOME":null,"NET_INTEREST_INCOME_YOY":null,"FEE_COMMISSION_INCOME":null,"FEE_COMMISSION_INCOME_YOY":null,"ACCOUNTS_RECE_TDAYS":0.997500948407,"INVENTORY_TDAYS":1.524143623607,"CURRENT_ASSETS_TDAYS":0.309139206184,"TOTAL_ASSETS_TDAYS":0.27444352102,"PREMIUM_EXPENSE":null,"LOAN_DEPOSIT":null,"LOAN_EQUITY":null,"LOAN_ASSETS":null,"DEPOSIT_EQUITY":null,"DEPOSIT_ASSETS":null,"EQUITY_MULTIPLIER":1.867760834401,"EQUITY_RATIO":0.864426946542},{"SECUCODE":"01559.HK","SECURITY_CODE":"01559","SECURITY_NAME_ABBR":"均安控股","ORG_CODE":"10431069","STD_REPORT_DATE":"2021-12-31 00:00:00","REPORT_DATE":"2022-03-31 00:00:00","DATE_TYPE_CODE":"001","REPORT_TYPE":"2021年年报","PER_NETCASH_OPERATE":-0.008720405505,"PER_OI":0.263865482708,"BPS":0.185499732136,"BASIC_EPS":-0.034792329,"DILUTED_EPS":null,"OPERATE_INCOME":417962924.61,"OPERATE_INCOME_YOY":-4.3381495809,"GROSS_PROFIT":-28967655.18,"GROSS_PROFIT_YOY":-384.053934812188,"HOLDER_PROFIT":-55120294.65,"HOLDER_PROFIT_YOY":-178.4880147511,"GROSS_PROFIT_RATIO":-6.930675778726,"EPS_TTM":-0.034379552412,"OPERATE_INCOME_QOQ":0,"NET_PROFIT_RATIO":-13.3603435262,"ROE_AVG":-14.320057983962,"GROSS_PROFIT_QOQ":0,"ROA":-7.688326673284,"HOLDER_PROFIT_QOQ":0,"ROE_YEARLY":-14.320057983962,"ROIC_YEARLY":-9.386426176756,"TOTAL_ASSETS":656058429.4,"TOTAL_LIABILITIES":310452194.97,"TAX_EBT":3.019803374743,"OCF_SALES":-3.304867849915,"TOTAL_PARENT_EQUITY":346728672.27,"DEBT_ASSET_RATIO":47.3208148936,"OPERATE_PROFIT":-52506409.42,"PRETAX_PROFIT":-57580087.98,"NETCASH_OPERATE":-7668910.56,"NETCASH_INVEST":-16898204.36,"NETCASH_FINANCE":5897664.72,"END_CASH":121126776.53,"DIVI_RATIO":null,"DIVIDEND_RATE":null,"CURRENT_RATIO":2.138534121235,"COMMON_ACS":10000000000,"CURRENTDEBT_DEBT":87.708106385369,"ISSUED_COMMON_SHARES":1869159962,"HK_COMMON_SHARES":1869159962,"PER_SHARES":10000,"TOTAL_MARKET_CAP":188785156.162,"HKSK_MARKET_CAP":188785156.162,"PE_TTM":-1.483005806503,"PB_TTM":1.332870812649,"REPORT_DATE_SQ":"2020-12-31 00:00:00","REPORT_TYPE_SQ":"2020年年报","OPERATE_INCOME_SQ":455325511.76,"DPS_HKD":null,"OPERATE_INCOME_QOQ_SQ":0,"NET_PROFIT_RATIO_SQ":-4.5620085683,"HOLDER_PROFIT_SQ":-20626617.9,"HOLDER_PROFIT_QOQ_SQ":0,"ROE_AVG_SQ":-4.701324769942,"PE_TTM_SQ":-1.957515870658,"PB_TTM_SQ":0.813346209834,"ROA_SQ":-2.586825052508,"START_DATE":"2021-04-01 00:00:00","FISCAL_YEAR":"3-31","CURRENCY":"HKD","IS_CNY_CODE":0,"DPS_HKD_LY":null,"ORG_TYPE":"一般企业","PREMIUM_INCOME":null,"PREMIUM_INCOME_YOY":null,"NET_INTEREST_INCOME":null,"NET_INTEREST_INCOME_YOY":null,"FEE_COMMISSION_INCOME":null,"FEE_COMMISSION_INCOME_YOY":null,"ACCOUNTS_RECE_TDAYS":2.931810618236,"INVENTORY_TDAYS":3.222618250504,"CURRENT_ASSETS_TDAYS":0.668277622028,"TOTAL_ASSETS_TDAYS":0.582985907845,"PREMIUM_EXPENSE":null,"LOAN_DEPOSIT":null,"LOAN_EQUITY":null,"LOAN_ASSETS":null,"DEPOSIT_EQUITY":null,"DEPOSIT_ASSETS":null,"EQUITY_MULTIPLIER":1.898282970741,"EQUITY_RATIO":0.895375028946},{"SECUCODE":"01559.HK","SECURITY_CODE":"01559","SECURITY_NAME_ABBR":"均安控股","ORG_CODE":"10431069","STD_REPORT_DATE":"2021-06-30 00:00:00","REPORT_DATE":"2021-09-30 00:00:00","DATE_TYPE_CODE":"002","REPORT_TYPE":"2021年中报","PER_NETCASH_OPERATE":-0.044134824583,"PER_OI":0.151275596806,"BPS":0.209444291617,"BASIC_EPS":-0.019243686,"DILUTED_EPS":-0.019243686,"OPERATE_INCOME":239620545.34,"OPERATE_INCOME_YOY":8.7194315304,"GROSS_PROFIT":-19393636.8,"GROSS_PROFIT_YOY":-212.880144888622,"HOLDER_PROFIT":-30463338.08,"HOLDER_PROFIT_YOY":-1054.2797494781,"GROSS_PROFIT_RATIO":-8.093478283543,"EPS_TTM":-0.013021854735,"OPERATE_INCOME_QOQ":0,"NET_PROFIT_RATIO":-12.9172330595,"ROE_AVG":-7.375279462142,"GROSS_PROFIT_QOQ":0,"ROA":-4.054133457798,"HOLDER_PROFIT_QOQ":0,"ROE_YEARLY":-14.750558924284,"ROIC_YEARLY":-9.186670183769,"TOTAL_ASSETS":703869888.26,"TOTAL_LIABILITIES":313298870.92,"TAX_EBT":null,"OCF_SALES":-29.175111858962,"TOTAL_PARENT_EQUITY":391484884.16,"DEBT_ASSET_RATIO":44.5109069369,"OPERATE_PROFIT":-28522308.28,"PRETAX_PROFIT":-30952344.3,"NETCASH_OPERATE":-69909562.14,"NETCASH_INVEST":-12176004.96,"NETCASH_FINANCE":-27419336.84,"END_CASH":34140464.92,"DIVI_RATIO":null,"DIVIDEND_RATE":null,"CURRENT_RATIO":2.38394514048,"COMMON_ACS":10000000000,"CURRENTDEBT_DEBT":81.815933759127,"ISSUED_COMMON_SHARES":1869159962,"HK_COMMON_SHARES":1869159962,"PER_SHARES":10000,"TOTAL_MARKET_CAP":188785156.162,"HKSK_MARKET_CAP":188785156.162,"PE_TTM":-1.483005806503,"PB_TTM":1.332870812649,"REPORT_DATE_SQ":"2020-06-30 00:00:00","REPORT_TYPE_SQ":"2020年中报","OPERATE_INCOME_SQ":232482950.4,"DPS_HKD":null,"OPERATE_INCOME_QOQ_SQ":0,"NET_PROFIT_RATIO_SQ":1.3425558453,"HOLDER_PROFIT_SQ":3367255.04,"HOLDER_PROFIT_QOQ_SQ":0,"ROE_AVG_SQ":0.725046947357,"PE_TTM_SQ":-1.957515870658,"PB_TTM_SQ":0.813346209834,"ROA_SQ":0.41387384624,"START_DATE":"2021-04-01 00:00:00","FISCAL_YEAR":"3-31","CURRENCY":"HKD","IS_CNY_CODE":0,"DPS_HKD_LY":null,"ORG_TYPE":"一般企业","PREMIUM_INCOME":null,"PREMIUM_INCOME_YOY":null,"NET_INTEREST_INCOME":null,"NET_INTEREST_INCOME_YOY":null,"FEE_COMMISSION_INCOME":null,"FEE_COMMISSION_INCOME_YOY":null,"ACCOUNTS_RECE_TDAYS":1.476260373737,"INVENTORY_TDAYS":1.817729526215,"CURRENT_ASSETS_TDAYS":0.369268828745,"TOTAL_ASSETS_TDAYS":0.31889271868,"PREMIUM_EXPENSE":null,"LOAN_DEPOSIT":null,"LOAN_EQUITY":null,"LOAN_ASSETS":null,"DEPOSIT_EQUITY":null,"DEPOSIT_ASSETS":null,"EQUITY_MULTIPLIER":1.802155963989,"EQUITY_RATIO":0.800283442852},{"SECUCODE":"01559.HK","SECURITY_CODE":"01559","SECURITY_NAME_ABBR":"均安控股","ORG_CODE":"10431069","STD_REPORT_DATE":"2020-12-31 00:00:00","REPORT_DATE":"2021-03-31 00:00:00","DATE_TYPE_CODE":"001","REPORT_TYPE":"2020年年报","PER_NETCASH_OPERATE":0.061217924091,"PER_OI":0.287452974596,"BPS":0.235898082638,"BASIC_EPS":-0.013015772,"DILUTED_EPS":-0.013015772,"OPERATE_INCOME":455325511.76,"OPERATE_INCOME_YOY":-10.1981623972,"GROSS_PROFIT":10197941.88,"GROSS_PROFIT_YOY":-83.090961500515,"HOLDER_PROFIT":-20626617.9,"HOLDER_PROFIT_YOY":-250.4345682056,"GROSS_PROFIT_RATIO":2.239703600306,"EPS_TTM":0.00873839642,"OPERATE_INCOME_QOQ":0,"NET_PROFIT_RATIO":-4.5620085683,"ROE_AVG":-4.701324769942,"GROSS_PROFIT_QOQ":0,"ROA":-2.586825052508,"HOLDER_PROFIT_QOQ":0,"ROE_YEARLY":-4.701324769942,"ROIC_YEARLY":-3.039562890804,"TOTAL_ASSETS":810582556.7,"TOTAL_LIABILITIES":370114464.16,"TAX_EBT":-9.728547191714,"OCF_SALES":21.296674413252,"TOTAL_PARENT_EQUITY":440931251.18,"DEBT_ASSET_RATIO":45.6603045675,"OPERATE_PROFIT":-15372979.02,"PRETAX_PROFIT":-18930341.64,"NETCASH_OPERATE":96969191.76,"NETCASH_INVEST":-3508342.18,"NETCASH_FINANCE":-36662218.04,"END_CASH":145733542.22,"DIVI_RATIO":null,"DIVIDEND_RATE":null,"CURRENT_RATIO":2.218121545772,"COMMON_ACS":10000000000,"CURRENTDEBT_DEBT":84.867735983485,"ISSUED_COMMON_SHARES":1869159962,"HK_COMMON_SHARES":1869159962,"PER_SHARES":10000,"TOTAL_MARKET_CAP":188785156.162,"HKSK_MARKET_CAP":188785156.162,"PE_TTM":-1.483005806503,"PB_TTM":1.332870812649,"REPORT_DATE_SQ":"2019-12-31 00:00:00","REPORT_TYPE_SQ":"2019年年报","OPERATE_INCOME_SQ":548139594.4,"DPS_HKD":null,"OPERATE_INCOME_QOQ_SQ":0,"NET_PROFIT_RATIO_SQ":2.4288562322,"HOLDER_PROFIT_SQ":14822955.1,"HOLDER_PROFIT_QOQ_SQ":0,"ROE_AVG_SQ":3.654166263101,"PE_TTM_SQ":-1.957515870658,"PB_TTM_SQ":0.813346209834,"ROA_SQ":2.068810290619,"START_DATE":"2020-04-01 00:00:00","FISCAL_YEAR":"3-31","CURRENCY":"HKD","IS_CNY_CODE":0,"DPS_HKD_LY":null,"ORG_TYPE":"一般企业","PREMIUM_INCOME":null,"PREMIUM_INCOME_YOY":null,"NET_INTEREST_INCOME":null,"NET_INTEREST_INCOME_YOY":null,"FEE_COMMISSION_INCOME":null,"FEE_COMMISSION_INCOME_YOY":null,"ACCOUNTS_RECE_TDAYS":3.096703732551,"INVENTORY_TDAYS":3.140880600664,"CURRENT_ASSETS_TDAYS":0.666970398524,"TOTAL_ASSETS_TDAYS":0.571032753201,"PREMIUM_EXPENSE":null,"LOAN_DEPOSIT":null,"LOAN_EQUITY":null,"LOAN_ASSETS":null,"DEPOSIT_EQUITY":null,"DEPOSIT_ASSETS":null,"EQUITY_MULTIPLIER":1.840275312625,"EQUITY_RATIO":0.839392678948},{"SECUCODE":"01559.HK","SECURITY_CODE":"01559","SECURITY_NAME_ABBR":"均安控股","ORG_CODE":"10431069","STD_REPORT_DATE":"2020-06-30 00:00:00","REPORT_DATE":"2020-09-30 00:00:00","DATE_TYPE_CODE":"002","REPORT_TYPE":"2020年中报","PER_NETCASH_OPERATE":-0.000675682424,"PER_OI":0.146769539394,"BPS":0.254105580376,"BASIC_EPS":0.002108928,"DILUTED_EPS":0.002108928,"OPERATE_INCOME":232482950.4,"OPERATE_INCOME_YOY":8.8622074459,"GROSS_PROFIT":17180733.44,"GROSS_PROFIT_YOY":-22.632254951949,"HOLDER_PROFIT":3367255.04,"HOLDER_PROFIT_YOY":-20.5144160962,"GROSS_PROFIT_RATIO":7.39010469819,"EPS_TTM":0.009357926199,"OPERATE_INCOME_QOQ":0,"NET_PROFIT_RATIO":1.3425558453,"ROE_AVG":0.725046947357,"GROSS_PROFIT_QOQ":0,"ROA":0.41387384624,"HOLDER_PROFIT_QOQ":0,"ROE_YEARLY":1.450093894715,"ROIC_YEARLY":0.904835272519,"TOTAL_ASSETS":811909160.96,"TOTAL_LIABILITIES":337521624.32,"TAX_EBT":4.848647200643,"OCF_SALES":-0.460369656424,"TOTAL_PARENT_EQUITY":474963976.96,"DEBT_ASSET_RATIO":41.5713531205,"OPERATE_PROFIT":6976158.08,"PRETAX_PROFIT":3280261.76,"NETCASH_OPERATE":-1070280.96,"NETCASH_INVEST":-5146663.04,"NETCASH_FINANCE":-46751418.88,"END_CASH":43279596.16,"DIVI_RATIO":null,"DIVIDEND_RATE":null,"CURRENT_RATIO":2.531262002068,"COMMON_ACS":10000000000,"CURRENTDEBT_DEBT":79.310138347227,"ISSUED_COMMON_SHARES":1869159962,"HK_COMMON_SHARES":1869159962,"PER_SHARES":10000,"TOTAL_MARKET_CAP":188785156.162,"HKSK_MARKET_CAP":188785156.162,"PE_TTM":-1.483005806503,"PB_TTM":1.332870812649,"REPORT_DATE_SQ":"2019-06-30 00:00:00","REPORT_TYPE_SQ":"2019年中报","OPERATE_INCOME_SQ":219217294.32,"DPS_HKD":null,"OPERATE_INCOME_QOQ_SQ":0,"NET_PROFIT_RATIO_SQ":2.0713321702,"HOLDER_PROFIT_SQ":4348590.21,"HOLDER_PROFIT_QOQ_SQ":0,"ROE_AVG_SQ":1.141840729679,"PE_TTM_SQ":-1.957515870658,"PB_TTM_SQ":0.813346209834,"ROA_SQ":0.633574729555,"START_DATE":"2020-04-01 00:00:00","FISCAL_YEAR":"3-31","CURRENCY":"HKD","IS_CNY_CODE":0,"DPS_HKD_LY":null,"ORG_TYPE":"一般企业","PREMIUM_INCOME":null,"PREMIUM_INCOME_YOY":null,"NET_INTEREST_INCOME":null,"NET_INTEREST_INCOME_YOY":null,"FEE_COMMISSION_INCOME":null,"FEE_COMMISSION_INCOME_YOY":null,"ACCOUNTS_RECE_TDAYS":1.469980331366,"INVENTORY_TDAYS":1.474470959569,"CURRENT_ASSETS_TDAYS":0.338711380956,"TOTAL_ASSETS_TDAYS":0.28574792145,"PREMIUM_EXPENSE":null,"LOAN_DEPOSIT":null,"LOAN_EQUITY":null,"LOAN_ASSETS":null,"DEPOSIT_EQUITY":null,"DEPOSIT_ASSETS":null,"EQUITY_MULTIPLIER":1.711489232435,"EQUITY_RATIO":0.710625733093}],"count":29},"success":true,"message":"ok","code":0}