{"version":"8191ffba0076054f3af09d679938d848","result":{"pages":3,"data":[{"SECUCODE":"01556.HK","SECURITY_CODE":"01556","SECURITY_NAME_ABBR":"建业建荣","ORG_CODE":"10482603","STD_REPORT_DATE":"2024-06-30 00:00:00","REPORT_DATE":"2024-06-30 00:00:00","DATE_TYPE_CODE":"002","REPORT_TYPE":"2024年中报","PER_NETCASH_OPERATE":0.1216967512,"PER_OI":0.67054782136,"BPS":0.44137387336,"BASIC_EPS":0.033586624,"DILUTED_EPS":0.033586624,"OPERATE_INCOME":1005821732.04,"OPERATE_INCOME_YOY":7.8867067845,"GROSS_PROFIT":159246231.76,"GROSS_PROFIT_YOY":16.458548456072,"HOLDER_PROFIT":50377197.96,"HOLDER_PROFIT_YOY":26.2222730391,"GROSS_PROFIT_RATIO":15.832450889386,"EPS_TTM":0.07948514072,"OPERATE_INCOME_QOQ":3.328940300008,"NET_PROFIT_RATIO":5.0085612942,"ROE_AVG":7.584042143185,"GROSS_PROFIT_QOQ":7.292343931022,"ROA":3.000732283709,"HOLDER_PROFIT_QOQ":9.214191152198,"ROE_YEARLY":15.168084286371,"ROIC_YEARLY":9.292721484357,"TOTAL_ASSETS":1754307862,"TOTAL_LIABILITIES":1092247051.96,"TAX_EBT":15.487199902009,"OCF_SALES":18.148854909882,"TOTAL_PARENT_EQUITY":662060810.04,"DEBT_ASSET_RATIO":62.2608537315,"OPERATE_PROFIT":59660066.24,"PRETAX_PROFIT":59608956.16,"NETCASH_OPERATE":182545126.8,"NETCASH_INVEST":-27084691.68,"NETCASH_FINANCE":-388801.68,"END_CASH":672136797.24,"DIVI_RATIO":0.228022493712,"DIVIDEND_RATE":7.142857142857,"CURRENT_RATIO":1.229963424259,"COMMON_ACS":3000000000,"CURRENTDEBT_DEBT":97.299847001914,"ISSUED_COMMON_SHARES":1500000000,"HK_COMMON_SHARES":1500000000,"PER_SHARES":5000,"TOTAL_MARKET_CAP":420000000,"HKSK_MARKET_CAP":420000000,"PE_TTM":3.18343401575,"PB_TTM":0.578988507078,"REPORT_DATE_SQ":"2023-06-30 00:00:00","REPORT_TYPE_SQ":"2023年中报","OPERATE_INCOME_SQ":941794272.18,"DPS_HKD":0.02,"OPERATE_INCOME_QOQ_SQ":13.218849118718,"NET_PROFIT_RATIO_SQ":4.2809970915,"HOLDER_PROFIT_SQ":40318185.4,"HOLDER_PROFIT_QOQ_SQ":11.589553907044,"ROE_AVG_SQ":6.724847180039,"PE_TTM_SQ":3.165983901452,"PB_TTM_SQ":0.509739106257,"ROA_SQ":2.819629469867,"START_DATE":"2024-01-01 00:00:00","FISCAL_YEAR":"12-31","CURRENCY":"HKD","IS_CNY_CODE":0,"DPS_HKD_LY":0.02,"ORG_TYPE":"一般企业","PREMIUM_INCOME":null,"PREMIUM_INCOME_YOY":null,"NET_INTEREST_INCOME":null,"NET_INTEREST_INCOME_YOY":null,"FEE_COMMISSION_INCOME":null,"FEE_COMMISSION_INCOME_YOY":null,"ACCOUNTS_RECE_TDAYS":4.149834974799,"INVENTORY_TDAYS":null,"CURRENT_ASSETS_TDAYS":0.813653812859,"TOTAL_ASSETS_TDAYS":0.599120607181,"PREMIUM_EXPENSE":null,"LOAN_DEPOSIT":null,"LOAN_EQUITY":null,"LOAN_ASSETS":null,"DEPOSIT_EQUITY":null,"DEPOSIT_ASSETS":null,"EQUITY_MULTIPLIER":2.649768473524,"EQUITY_RATIO":1.649768473524},{"SECUCODE":"01556.HK","SECURITY_CODE":"01556","SECURITY_NAME_ABBR":"建业建荣","ORG_CODE":"10482603","STD_REPORT_DATE":"2023-12-31 00:00:00","REPORT_DATE":"2023-12-31 00:00:00","DATE_TYPE_CODE":"001","REPORT_TYPE":"2023年年报","PER_NETCASH_OPERATE":0.1690372166,"PER_OI":1.282239072893,"BPS":0.44115152088,"BASIC_EPS":0.072769466,"DILUTED_EPS":0.072769466,"OPERATE_INCOME":1923358609.34,"OPERATE_INCOME_YOY":17.5294308531,"GROSS_PROFIT":308618658.32,"GROSS_PROFIT_YOY":19.364416360287,"HOLDER_PROFIT":109168698.52,"HOLDER_PROFIT_YOY":25.4540531534,"GROSS_PROFIT_RATIO":16.045819891378,"EPS_TTM":0.072779132347,"OPERATE_INCOME_QOQ":5.312225642513,"NET_PROFIT_RATIO":5.6759409291,"ROE_AVG":17.416359806443,"GROSS_PROFIT_QOQ":7.787468573775,"ROA":7.340087917029,"HOLDER_PROFIT_QOQ":14.054401417208,"ROE_YEARLY":17.416359806443,"ROIC_YEARLY":10.669635522466,"TOTAL_ASSETS":1592003797.44,"TOTAL_LIABILITIES":930276516.12,"TAX_EBT":15.486179318086,"OCF_SALES":13.182971894514,"TOTAL_PARENT_EQUITY":661727281.32,"DEBT_ASSET_RATIO":58.4343151452,"OPERATE_PROFIT":129897574.8,"PRETAX_PROFIT":129172598.8,"NETCASH_OPERATE":253555824.9,"NETCASH_INVEST":-109407034.38,"NETCASH_FINANCE":-45582866,"END_CASH":513405347.7,"DIVI_RATIO":0.249032922152,"DIVIDEND_RATE":7.843137254902,"CURRENT_RATIO":1.285507582013,"COMMON_ACS":3000000000,"CURRENTDEBT_DEBT":96.745786355409,"ISSUED_COMMON_SHARES":1500000000,"HK_COMMON_SHARES":1500000000,"PER_SHARES":5000,"TOTAL_MARKET_CAP":382500000,"HKSK_MARKET_CAP":382500000,"PE_TTM":2.899198835773,"PB_TTM":0.52729310466,"REPORT_DATE_SQ":"2022-12-31 00:00:00","REPORT_TYPE_SQ":"2022年年报","OPERATE_INCOME_SQ":1613105376.61,"DPS_HKD":0.02,"OPERATE_INCOME_QOQ_SQ":2.892275298049,"NET_PROFIT_RATIO_SQ":5.3174057767,"HOLDER_PROFIT_SQ":85775358.48,"HOLDER_PROFIT_QOQ_SQ":52.868803035775,"ROE_AVG_SQ":15.664728097293,"PE_TTM_SQ":2.849385511306,"PB_TTM_SQ":0.458765195632,"ROA_SQ":7.009793007289,"START_DATE":"2023-01-01 00:00:00","FISCAL_YEAR":"12-31","CURRENCY":"HKD","IS_CNY_CODE":0,"DPS_HKD_LY":0.013,"ORG_TYPE":"一般企业","PREMIUM_INCOME":null,"PREMIUM_INCOME_YOY":null,"NET_INTEREST_INCOME":null,"NET_INTEREST_INCOME_YOY":null,"FEE_COMMISSION_INCOME":null,"FEE_COMMISSION_INCOME_YOY":null,"ACCOUNTS_RECE_TDAYS":7.413852788146,"INVENTORY_TDAYS":null,"CURRENT_ASSETS_TDAYS":1.813544093477,"TOTAL_ASSETS_TDAYS":1.293193147846,"PREMIUM_EXPENSE":null,"LOAN_DEPOSIT":null,"LOAN_EQUITY":null,"LOAN_ASSETS":null,"DEPOSIT_EQUITY":null,"DEPOSIT_ASSETS":null,"EQUITY_MULTIPLIER":2.405830683395,"EQUITY_RATIO":1.405830683396},{"SECUCODE":"01556.HK","SECURITY_CODE":"01556","SECURITY_NAME_ABBR":"建业建荣","ORG_CODE":"10482603","STD_REPORT_DATE":"2023-06-30 00:00:00","REPORT_DATE":"2023-06-30 00:00:00","DATE_TYPE_CODE":"002","REPORT_TYPE":"2023年中报","PER_NETCASH_OPERATE":0.080496844493,"PER_OI":0.62786284812,"BPS":0.397920421467,"BASIC_EPS":0.026921816,"DILUTED_EPS":0.026921816,"OPERATE_INCOME":941794272.18,"OPERATE_INCOME_YOY":19.9034425444,"GROSS_PROFIT":136740697.76,"GROSS_PROFIT_YOY":25.483710482925,"HOLDER_PROFIT":40318185.4,"HOLDER_PROFIT_YOY":23.1102727964,"GROSS_PROFIT_RATIO":14.51916854872,"EPS_TTM":0.06381089326,"OPERATE_INCOME_QOQ":13.218849118718,"NET_PROFIT_RATIO":4.2809970915,"ROE_AVG":6.724847180039,"GROSS_PROFIT_QOQ":10.740532215567,"ROA":2.819629469867,"HOLDER_PROFIT_QOQ":11.589553907044,"ROE_YEARLY":13.449694360078,"ROIC_YEARLY":8.240533891622,"TOTAL_ASSETS":1453192606.7,"TOTAL_LIABILITIES":856311974.5,"TAX_EBT":16.373441444198,"OCF_SALES":12.820768856505,"TOTAL_PARENT_EQUITY":596880632.2,"DEBT_ASSET_RATIO":58.9262545482,"OPERATE_PROFIT":48665792.32,"PRETAX_PROFIT":48212178.16,"NETCASH_OPERATE":120745266.74,"NETCASH_INVEST":-61644504.78,"NETCASH_FINANCE":-453614.16,"END_CASH":480701010.42,"DIVI_RATIO":0.284033008693,"DIVIDEND_RATE":7.843137254902,"CURRENT_RATIO":1.219105368481,"COMMON_ACS":3000000000,"CURRENTDEBT_DEBT":96.469973890339,"ISSUED_COMMON_SHARES":1500000000,"HK_COMMON_SHARES":1500000000,"PER_SHARES":5000,"TOTAL_MARKET_CAP":382500000,"HKSK_MARKET_CAP":382500000,"PE_TTM":2.899198835773,"PB_TTM":0.52729310466,"REPORT_DATE_SQ":"2022-06-30 00:00:00","REPORT_TYPE_SQ":"2022年中报","OPERATE_INCOME_SQ":728560306.32,"DPS_HKD":0.02,"OPERATE_INCOME_QOQ_SQ":-6.113540661484,"NET_PROFIT_RATIO_SQ":4.1694838061,"HOLDER_PROFIT_SQ":30377203.99,"HOLDER_PROFIT_QOQ_SQ":2.901697842317,"ROE_AVG_SQ":6.131282035349,"PE_TTM_SQ":2.849385511306,"PB_TTM_SQ":0.458765195632,"ROA_SQ":2.884939084586,"START_DATE":"2023-01-01 00:00:00","FISCAL_YEAR":"12-31","CURRENCY":"HKD","IS_CNY_CODE":0,"DPS_HKD_LY":0.013,"ORG_TYPE":"一般企业","PREMIUM_INCOME":null,"PREMIUM_INCOME_YOY":null,"NET_INTEREST_INCOME":null,"NET_INTEREST_INCOME_YOY":null,"FEE_COMMISSION_INCOME":null,"FEE_COMMISSION_INCOME_YOY":null,"ACCOUNTS_RECE_TDAYS":4.397216578277,"INVENTORY_TDAYS":null,"CURRENT_ASSETS_TDAYS":0.947481777163,"TOTAL_ASSETS_TDAYS":0.658638492295,"PREMIUM_EXPENSE":null,"LOAN_DEPOSIT":null,"LOAN_EQUITY":null,"LOAN_ASSETS":null,"DEPOSIT_EQUITY":null,"DEPOSIT_ASSETS":null,"EQUITY_MULTIPLIER":2.434645267921,"EQUITY_RATIO":1.434645267922},{"SECUCODE":"01556.HK","SECURITY_CODE":"01556","SECURITY_NAME_ABBR":"建业建荣","ORG_CODE":"10482603","STD_REPORT_DATE":"2022-12-31 00:00:00","REPORT_DATE":"2022-12-31 00:00:00","DATE_TYPE_CODE":"001","REPORT_TYPE":"2022年年报","PER_NETCASH_OPERATE":0.237841474687,"PER_OI":1.075403584407,"BPS":0.3889654888,"BASIC_EPS":0.05716928,"DILUTED_EPS":0.05716928,"OPERATE_INCOME":1613105376.61,"OPERATE_INCOME_YOY":-11.5813527173,"GROSS_PROFIT":258551641.88,"GROSS_PROFIT_YOY":22.987344219811,"HOLDER_PROFIT":85775358.48,"HOLDER_PROFIT_YOY":43.9791282443,"GROSS_PROFIT_RATIO":16.028192927071,"EPS_TTM":0.05718357232,"OPERATE_INCOME_QOQ":2.892275298049,"NET_PROFIT_RATIO":5.3174057767,"ROE_AVG":15.664728097293,"GROSS_PROFIT_QOQ":22.158125540264,"ROA":7.009793007289,"HOLDER_PROFIT_QOQ":52.868803035775,"ROE_YEARLY":15.664728097293,"ROIC_YEARLY":9.162975753287,"TOTAL_ASSETS":1362827201.47,"TOTAL_LIABILITIES":779378968.27,"TAX_EBT":17.361033417386,"OCF_SALES":22.116485209401,"TOTAL_PARENT_EQUITY":583448233.2,"DEBT_ASSET_RATIO":57.188392441,"OPERATE_PROFIT":105487147.57,"PRETAX_PROFIT":103795294.19,"NETCASH_OPERATE":356762212.03,"NETCASH_INVEST":-92233700.58,"NETCASH_FINANCE":-21790428.38,"END_CASH":408911314.63,"DIVI_RATIO":0.316951167349,"DIVIDEND_RATE":7.843137254902,"CURRENT_RATIO":1.270965984704,"COMMON_ACS":3000000000,"CURRENTDEBT_DEBT":95.941895768601,"ISSUED_COMMON_SHARES":1500000000,"HK_COMMON_SHARES":1500000000,"PER_SHARES":5000,"TOTAL_MARKET_CAP":382500000,"HKSK_MARKET_CAP":382500000,"PE_TTM":2.899198835773,"PB_TTM":0.52729310466,"REPORT_DATE_SQ":"2021-12-31 00:00:00","REPORT_TYPE_SQ":"2021年年报","OPERATE_INCOME_SQ":1669848252.8,"DPS_HKD":0.02,"OPERATE_INCOME_QOQ_SQ":10.540311392584,"NET_PROFIT_RATIO_SQ":3.2654582061,"HOLDER_PROFIT_SQ":54528196.8,"HOLDER_PROFIT_QOQ_SQ":-14.581691951568,"ROE_AVG_SQ":12.348577496383,"PE_TTM_SQ":2.849385511306,"PB_TTM_SQ":0.458765195632,"ROA_SQ":5.649040853967,"START_DATE":"2022-01-01 00:00:00","FISCAL_YEAR":"12-31","CURRENCY":"HKD","IS_CNY_CODE":0,"DPS_HKD_LY":0.015,"ORG_TYPE":"一般企业","PREMIUM_INCOME":null,"PREMIUM_INCOME_YOY":null,"NET_INTEREST_INCOME":null,"NET_INTEREST_INCOME_YOY":null,"FEE_COMMISSION_INCOME":null,"FEE_COMMISSION_INCOME_YOY":null,"ACCOUNTS_RECE_TDAYS":7.737414896033,"INVENTORY_TDAYS":null,"CURRENT_ASSETS_TDAYS":1.992186112395,"TOTAL_ASSETS_TDAYS":1.318273101898,"PREMIUM_EXPENSE":null,"LOAN_DEPOSIT":null,"LOAN_EQUITY":null,"LOAN_ASSETS":null,"DEPOSIT_EQUITY":null,"DEPOSIT_ASSETS":null,"EQUITY_MULTIPLIER":2.335815114211,"EQUITY_RATIO":1.335815114214},{"SECUCODE":"01556.HK","SECURITY_CODE":"01556","SECURITY_NAME_ABBR":"建业建荣","ORG_CODE":"10482603","STD_REPORT_DATE":"2022-06-30 00:00:00","REPORT_DATE":"2022-06-30 00:00:00","DATE_TYPE_CODE":"002","REPORT_TYPE":"2022年中报","PER_NETCASH_OPERATE":0.08156973258,"PER_OI":0.48570687088,"BPS":0.334009277793,"BASIC_EPS":0.020268003,"DILUTED_EPS":0.020268003,"OPERATE_INCOME":728560306.32,"OPERATE_INCOME_YOY":-14.6602449418,"GROSS_PROFIT":108970875.37,"GROSS_PROFIT_YOY":1.326930078103,"HOLDER_PROFIT":30377203.99,"HOLDER_PROFIT_YOY":2.6440501647,"GROSS_PROFIT_RATIO":14.95701514682,"EPS_TTM":0.037406960207,"OPERATE_INCOME_QOQ":-6.113540661484,"NET_PROFIT_RATIO":4.1694838061,"ROE_AVG":6.131282035349,"GROSS_PROFIT_QOQ":0.678807632222,"ROA":2.884939084586,"HOLDER_PROFIT_QOQ":2.901697842317,"ROE_YEARLY":12.262564070698,"ROIC_YEARLY":7.182209569236,"TOTAL_ASSETS":1067673928.16,"TOTAL_LIABILITIES":566660011.47,"TAX_EBT":19.237415306262,"OCF_SALES":16.79402484717,"TOTAL_PARENT_EQUITY":501013916.69,"DEBT_ASSET_RATIO":53.0742576478,"OPERATE_PROFIT":38551110.01,"PRETAX_PROFIT":37612966.58,"NETCASH_OPERATE":122354598.87,"NETCASH_INVEST":-25481241.24,"NETCASH_FINANCE":-938143.43,"END_CASH":255024499.52,"DIVI_RATIO":0.484519455734,"DIVIDEND_RATE":7.843137254902,"CURRENT_RATIO":1.306816833641,"COMMON_ACS":3000000000,"CURRENTDEBT_DEBT":91.588906345031,"ISSUED_COMMON_SHARES":1500000000,"HK_COMMON_SHARES":1500000000,"PER_SHARES":5000,"TOTAL_MARKET_CAP":382500000,"HKSK_MARKET_CAP":382500000,"PE_TTM":2.899198835773,"PB_TTM":0.52729310466,"REPORT_DATE_SQ":"2021-06-30 00:00:00","REPORT_TYPE_SQ":"2021年中报","OPERATE_INCOME_SQ":830647158.24,"DPS_HKD":0.02,"OPERATE_INCOME_QOQ_SQ":15.548934615862,"NET_PROFIT_RATIO_SQ":3.4665694326,"HOLDER_PROFIT_SQ":28794960.48,"HOLDER_PROFIT_QOQ_SQ":-1.725910341831,"ROE_AVG_SQ":6.740605692292,"PE_TTM_SQ":2.849385511306,"PB_TTM_SQ":0.458765195632,"ROA_SQ":3.053330045249,"START_DATE":"2022-01-01 00:00:00","FISCAL_YEAR":"12-31","CURRENCY":"HKD","IS_CNY_CODE":0,"DPS_HKD_LY":0.015,"ORG_TYPE":"一般企业","PREMIUM_INCOME":null,"PREMIUM_INCOME_YOY":null,"NET_INTEREST_INCOME":null,"NET_INTEREST_INCOME_YOY":null,"FEE_COMMISSION_INCOME":null,"FEE_COMMISSION_INCOME_YOY":null,"ACCOUNTS_RECE_TDAYS":4.992560339195,"INVENTORY_TDAYS":null,"CURRENT_ASSETS_TDAYS":1.104901208685,"TOTAL_ASSETS_TDAYS":0.691917565511,"PREMIUM_EXPENSE":null,"LOAN_DEPOSIT":null,"LOAN_EQUITY":null,"LOAN_ASSETS":null,"DEPOSIT_EQUITY":null,"DEPOSIT_ASSETS":null,"EQUITY_MULTIPLIER":2.131026489671,"EQUITY_RATIO":1.131026489671},{"SECUCODE":"01556.HK","SECURITY_CODE":"01556","SECURITY_NAME_ABBR":"建业建荣","ORG_CODE":"10482603","STD_REPORT_DATE":"2021-12-31 00:00:00","REPORT_DATE":"2021-12-31 00:00:00","DATE_TYPE_CODE":"001","REPORT_TYPE":"2021年年报","PER_NETCASH_OPERATE":0.137420027733,"PER_OI":1.113232168533,"BPS":0.312230538667,"BASIC_EPS":0.0363832,"DILUTED_EPS":0.0363832,"OPERATE_INCOME":1669848252.8,"OPERATE_INCOME_YOY":31.4837597396,"GROSS_PROFIT":210226217.6,"GROSS_PROFIT_YOY":21.334504549096,"HOLDER_PROFIT":54528196.8,"HOLDER_PROFIT_YOY":-13.5877170251,"GROSS_PROFIT_RATIO":12.589540232024,"EPS_TTM":0.0363521312,"OPERATE_INCOME_QOQ":10.540311392584,"NET_PROFIT_RATIO":3.2654582061,"ROE_AVG":12.348577496383,"GROSS_PROFIT_QOQ":13.3769838199,"ROA":5.649040853967,"HOLDER_PROFIT_QOQ":-14.581691951568,"ROE_YEARLY":12.348577496383,"ROIC_YEARLY":6.368089372673,"TOTAL_ASSETS":992606462.4,"TOTAL_LIABILITIES":524260654.4,"TAX_EBT":18.429324494563,"OCF_SALES":12.344237942242,"TOTAL_PARENT_EQUITY":468345808,"DEBT_ASSET_RATIO":52.8165667119,"OPERATE_PROFIT":69473924.8,"PRETAX_PROFIT":66847793.6,"NETCASH_OPERATE":206130041.6,"NETCASH_INVEST":-98191307.2,"NETCASH_FINANCE":-21730172.8,"END_CASH":152096492.8,"DIVI_RATIO":0.498578746327,"DIVIDEND_RATE":7.843137254902,"CURRENT_RATIO":1.336709872809,"COMMON_ACS":3000000000,"CURRENTDEBT_DEBT":87.386212822764,"ISSUED_COMMON_SHARES":1500000000,"HK_COMMON_SHARES":1500000000,"PER_SHARES":5000,"TOTAL_MARKET_CAP":382500000,"HKSK_MARKET_CAP":382500000,"PE_TTM":2.899198835773,"PB_TTM":0.52729310466,"REPORT_DATE_SQ":"2020-12-31 00:00:00","REPORT_TYPE_SQ":"2020年年报","OPERATE_INCOME_SQ":1307345502.84,"DPS_HKD":0.02,"OPERATE_INCOME_QOQ_SQ":-2.393042283977,"NET_PROFIT_RATIO_SQ":4.9686769916,"HOLDER_PROFIT_SQ":64957775.2,"HOLDER_PROFIT_QOQ_SQ":13.104050094747,"ROE_AVG_SQ":16.079066172503,"PE_TTM_SQ":2.849385511306,"PB_TTM_SQ":0.458765195632,"ROA_SQ":7.550824740251,"START_DATE":"2021-01-01 00:00:00","FISCAL_YEAR":"12-31","CURRENCY":"HKD","IS_CNY_CODE":0,"DPS_HKD_LY":0.015,"ORG_TYPE":"一般企业","PREMIUM_INCOME":null,"PREMIUM_INCOME_YOY":null,"NET_INTEREST_INCOME":null,"NET_INTEREST_INCOME_YOY":null,"FEE_COMMISSION_INCOME":null,"FEE_COMMISSION_INCOME_YOY":null,"ACCOUNTS_RECE_TDAYS":8.933427229226,"INVENTORY_TDAYS":null,"CURRENT_ASSETS_TDAYS":2.802957794609,"TOTAL_ASSETS_TDAYS":1.729938188602,"PREMIUM_EXPENSE":null,"LOAN_DEPOSIT":null,"LOAN_EQUITY":null,"LOAN_ASSETS":null,"DEPOSIT_EQUITY":null,"DEPOSIT_ASSETS":null,"EQUITY_MULTIPLIER":2.119387951051,"EQUITY_RATIO":1.11938795105},{"SECUCODE":"01556.HK","SECURITY_CODE":"01556","SECURITY_NAME_ABBR":"建业建荣","ORG_CODE":"10482603","STD_REPORT_DATE":"2021-06-30 00:00:00","REPORT_DATE":"2021-06-30 00:00:00","DATE_TYPE_CODE":"002","REPORT_TYPE":"2021年中报","PER_NETCASH_OPERATE":0.04696869712,"PER_OI":0.55376477216,"BPS":0.28814874928,"BASIC_EPS":0.019221048,"DILUTED_EPS":0.019221048,"OPERATE_INCOME":830647158.24,"OPERATE_INCOME_YOY":45.3478349495,"GROSS_PROFIT":107543843.76,"GROSS_PROFIT_YOY":12.749213741046,"HOLDER_PROFIT":28794960.48,"HOLDER_PROFIT_YOY":5.6639491924,"GROSS_PROFIT_RATIO":12.946994724916,"EPS_TTM":0.042557774827,"OPERATE_INCOME_QOQ":15.548934615862,"NET_PROFIT_RATIO":3.4665694326,"ROE_AVG":6.740605692292,"GROSS_PROFIT_QOQ":7.01863858174,"ROA":3.053330045249,"HOLDER_PROFIT_QOQ":-1.725910341831,"ROE_YEARLY":13.481211384584,"ROIC_YEARLY":6.723077625455,"TOTAL_ASSETS":931600928.4,"TOTAL_LIABILITIES":499377804.48,"TAX_EBT":18.776698117636,"OCF_SALES":8.481705496866,"TOTAL_PARENT_EQUITY":432223123.92,"DEBT_ASSET_RATIO":53.6042622175,"OPERATE_PROFIT":36891098.88,"PRETAX_PROFIT":35451600.48,"NETCASH_OPERATE":70453045.68,"NETCASH_INVEST":-29482258.56,"NETCASH_FINANCE":-2146766.4,"END_CASH":105878851.68,"DIVI_RATIO":0.425877529401,"DIVIDEND_RATE":7.843137254902,"CURRENT_RATIO":1.354560923635,"COMMON_ACS":3000000000,"CURRENTDEBT_DEBT":83.820873239624,"ISSUED_COMMON_SHARES":1500000000,"HK_COMMON_SHARES":1500000000,"PER_SHARES":5000,"TOTAL_MARKET_CAP":382500000,"HKSK_MARKET_CAP":382500000,"PE_TTM":2.899198835773,"PB_TTM":0.52729310466,"REPORT_DATE_SQ":"2020-06-30 00:00:00","REPORT_TYPE_SQ":"2020年中报","OPERATE_INCOME_SQ":627368860.8,"DPS_HKD":0.02,"OPERATE_INCOME_QOQ_SQ":14.696340607031,"NET_PROFIT_RATIO_SQ":4.7684982965,"HOLDER_PROFIT_SQ":29916073.44,"HOLDER_PROFIT_QOQ_SQ":11.360907990536,"ROE_AVG_SQ":7.154177092697,"PE_TTM_SQ":2.849385511306,"PB_TTM_SQ":0.458765195632,"ROA_SQ":3.705140881559,"START_DATE":"2021-01-01 00:00:00","FISCAL_YEAR":"12-31","CURRENCY":"HKD","IS_CNY_CODE":0,"DPS_HKD_LY":0.015,"ORG_TYPE":"一般企业","PREMIUM_INCOME":null,"PREMIUM_INCOME_YOY":null,"NET_INTEREST_INCOME":null,"NET_INTEREST_INCOME_YOY":null,"FEE_COMMISSION_INCOME":null,"FEE_COMMISSION_INCOME_YOY":null,"ACCOUNTS_RECE_TDAYS":4.637125225579,"INVENTORY_TDAYS":null,"CURRENT_ASSETS_TDAYS":1.436666824973,"TOTAL_ASSETS_TDAYS":0.880792987029,"PREMIUM_EXPENSE":null,"LOAN_DEPOSIT":null,"LOAN_EQUITY":null,"LOAN_ASSETS":null,"DEPOSIT_EQUITY":null,"DEPOSIT_ASSETS":null,"EQUITY_MULTIPLIER":2.1553704021,"EQUITY_RATIO":1.155370402099},{"SECUCODE":"01556.HK","SECURITY_CODE":"01556","SECURITY_NAME_ABBR":"建业建荣","ORG_CODE":"10482603","STD_REPORT_DATE":"2020-12-31 00:00:00","REPORT_DATE":"2020-12-31 00:00:00","DATE_TYPE_CODE":"001","REPORT_TYPE":"2020年年报","PER_NETCASH_OPERATE":0.100797611867,"PER_OI":0.87156366856,"BPS":0.284666775013,"BASIC_EPS":0.04334446,"DILUTED_EPS":0.04334446,"OPERATE_INCOME":1307345502.84,"OPERATE_INCOME_YOY":19.1530963615,"GROSS_PROFIT":173261693.68,"GROSS_PROFIT_YOY":-2.379732263488,"HOLDER_PROFIT":64957775.2,"HOLDER_PROFIT_YOY":34.055894256,"GROSS_PROFIT_RATIO":13.252938362783,"EPS_TTM":0.043305183467,"OPERATE_INCOME_QOQ":-2.393042283977,"NET_PROFIT_RATIO":4.9686769916,"ROE_AVG":16.079066172503,"GROSS_PROFIT_QOQ":-25.413776609163,"ROA":7.550824740251,"HOLDER_PROFIT_QOQ":13.104050094747,"ROE_YEARLY":16.079066172503,"ROIC_YEARLY":8.085544600924,"TOTAL_ASSETS":965500792.24,"TOTAL_LIABILITIES":538500629.72,"TAX_EBT":9.205340862302,"OCF_SALES":11.565146127902,"TOTAL_PARENT_EQUITY":427000162.52,"DEBT_ASSET_RATIO":55.7742297104,"OPERATE_PROFIT":71742235.24,"PRETAX_PROFIT":71543608.2,"NETCASH_OPERATE":151196417.8,"NETCASH_INVEST":-102569825.16,"NETCASH_FINANCE":-26760785.44,"END_CASH":67825242.68,"DIVI_RATIO":0.418527265078,"DIVIDEND_RATE":7.843137254902,"CURRENT_RATIO":1.360507865773,"COMMON_ACS":3000000000,"CURRENTDEBT_DEBT":81.367815786554,"ISSUED_COMMON_SHARES":1500000000,"HK_COMMON_SHARES":1500000000,"PER_SHARES":5000,"TOTAL_MARKET_CAP":382500000,"HKSK_MARKET_CAP":382500000,"PE_TTM":2.899198835773,"PB_TTM":0.52729310466,"REPORT_DATE_SQ":"2019-12-31 00:00:00","REPORT_TYPE_SQ":"2019年年报","OPERATE_INCOME_SQ":1167777326.54,"DPS_HKD":0.02,"OPERATE_INCOME_QOQ_SQ":6.272425911479,"NET_PROFIT_RATIO_SQ":4.4163164302,"HOLDER_PROFIT_SQ":51572741.94,"HOLDER_PROFIT_QOQ_SQ":6.23786088915,"ROE_AVG_SQ":13.118269034683,"PE_TTM_SQ":2.849385511306,"PB_TTM_SQ":0.458765195632,"ROA_SQ":6.261249161241,"START_DATE":"2020-01-01 00:00:00","FISCAL_YEAR":"12-31","CURRENCY":"HKD","IS_CNY_CODE":0,"DPS_HKD_LY":0.015,"ORG_TYPE":"一般企业","PREMIUM_INCOME":null,"PREMIUM_INCOME_YOY":null,"NET_INTEREST_INCOME":null,"NET_INTEREST_INCOME_YOY":null,"FEE_COMMISSION_INCOME":null,"FEE_COMMISSION_INCOME_YOY":null,"ACCOUNTS_RECE_TDAYS":5.942773302625,"INVENTORY_TDAYS":null,"CURRENT_ASSETS_TDAYS":2.319003265022,"TOTAL_ASSETS_TDAYS":1.519685170329,"PREMIUM_EXPENSE":null,"LOAN_DEPOSIT":null,"LOAN_EQUITY":null,"LOAN_ASSETS":null,"DEPOSIT_EQUITY":null,"DEPOSIT_ASSETS":null,"EQUITY_MULTIPLIER":2.261125116537,"EQUITY_RATIO":1.261125116539},{"SECUCODE":"01556.HK","SECURITY_CODE":"01556","SECURITY_NAME_ABBR":"建业建荣","ORG_CODE":"10482603","STD_REPORT_DATE":"2020-06-30 00:00:00","REPORT_DATE":"2020-06-30 00:00:00","DATE_TYPE_CODE":"002","REPORT_TYPE":"2020年中报","PER_NETCASH_OPERATE":0.01585549152,"PER_OI":0.4182459072,"BPS":0.28189610944,"BASIC_EPS":0.019912992,"DILUTED_EPS":0.019912992,"OPERATE_INCOME":627368860.8,"OPERATE_INCOME_YOY":32.5661653439,"GROSS_PROFIT":95383231.68,"GROSS_PROFIT_YOY":-12.665471818075,"HOLDER_PROFIT":29916073.44,"HOLDER_PROFIT_YOY":19.7564721369,"GROSS_PROFIT_RATIO":18.689612999039,"EPS_TTM":0.0382879158,"OPERATE_INCOME_QOQ":14.696340607031,"NET_PROFIT_RATIO":4.7684982965,"ROE_AVG":7.154177092697,"GROSS_PROFIT_QOQ":3.583721692252,"ROA":3.705140881559,"HOLDER_PROFIT_QOQ":11.360907990536,"ROE_YEARLY":14.308354185394,"ROIC_YEARLY":7.927903067097,"TOTAL_ASSETS":795381533.76,"TOTAL_LIABILITIES":372537369.6,"TAX_EBT":17.907005890463,"OCF_SALES":3.79094959378,"TOTAL_PARENT_EQUITY":422844164.16,"DEBT_ASSET_RATIO":46.8375683603,"OPERATE_PROFIT":36598800.48,"PRETAX_PROFIT":36441688.8,"NETCASH_OPERATE":23783237.28,"NETCASH_INVEST":-13850490.72,"NETCASH_FINANCE":-4258457.28,"END_CASH":55554507.36,"DIVI_RATIO":0.473371287554,"DIVIDEND_RATE":7.843137254902,"CURRENT_RATIO":1.702983425414,"COMMON_ACS":3000000000,"CURRENTDEBT_DEBT":89.869801883091,"ISSUED_COMMON_SHARES":1500000000,"HK_COMMON_SHARES":1500000000,"PER_SHARES":5000,"TOTAL_MARKET_CAP":382500000,"HKSK_MARKET_CAP":382500000,"PE_TTM":2.899198835773,"PB_TTM":0.52729310466,"REPORT_DATE_SQ":"2019-06-30 00:00:00","REPORT_TYPE_SQ":"2019年中报","OPERATE_INCOME_SQ":455748327.36,"DPS_HKD":0.02,"OPERATE_INCOME_QOQ_SQ":0.897508078978,"NET_PROFIT_RATIO_SQ":5.2785584139,"HOLDER_PROFIT_SQ":24056941.68,"HOLDER_PROFIT_QOQ_SQ":-3.873346597951,"ROE_AVG_SQ":6.453592093713,"PE_TTM_SQ":2.849385511306,"PB_TTM_SQ":0.458765195632,"ROA_SQ":3.041425915845,"START_DATE":"2020-01-01 00:00:00","FISCAL_YEAR":"12-31","CURRENCY":"HKD","IS_CNY_CODE":0,"DPS_HKD_LY":0.015,"ORG_TYPE":"一般企业","PREMIUM_INCOME":null,"PREMIUM_INCOME_YOY":null,"NET_INTEREST_INCOME":null,"NET_INTEREST_INCOME_YOY":null,"FEE_COMMISSION_INCOME":null,"FEE_COMMISSION_INCOME_YOY":null,"ACCOUNTS_RECE_TDAYS":3.012705368364,"INVENTORY_TDAYS":null,"CURRENT_ASSETS_TDAYS":1.09405788398,"TOTAL_ASSETS_TDAYS":0.777003712947,"PREMIUM_EXPENSE":null,"LOAN_DEPOSIT":null,"LOAN_EQUITY":null,"LOAN_ASSETS":null,"DEPOSIT_EQUITY":null,"DEPOSIT_ASSETS":null,"EQUITY_MULTIPLIER":1.881027577477,"EQUITY_RATIO":0.881027577477}],"count":22},"success":true,"message":"ok","code":0}