{"version":"e09cba4d8de9d5d16fb4aac713e051df","result":{"pages":2,"data":[{"SECUCODE":"01553.HK","SECURITY_CODE":"01553","SECURITY_NAME_ABBR":"迈科管业","ORG_CODE":"10000038383","STD_REPORT_DATE":"2024-06-30 00:00:00","REPORT_DATE":"2024-06-30 00:00:00","DATE_TYPE_CODE":"002","REPORT_TYPE":"2024年中报","PER_NETCASH_OPERATE":-0.161590594744,"PER_OI":2.678709082527,"BPS":2.475603964961,"BASIC_EPS":0.188,"DILUTED_EPS":null,"OPERATE_INCOME":1162024000,"OPERATE_INCOME_YOY":8.66374409,"GROSS_PROFIT":166838000,"GROSS_PROFIT_YOY":-10.366725047546,"HOLDER_PROFIT":81547000,"HOLDER_PROFIT_YOY":12.8287789692,"GROSS_PROFIT_RATIO":14.357534784135,"EPS_TTM":0.375756108806,"OPERATE_INCOME_QOQ":4.228683369984,"NET_PROFIT_RATIO":7.0094937798,"ROE_AVG":7.691491463828,"GROSS_PROFIT_QOQ":-5.031039868175,"ROA":4.624540683419,"HOLDER_PROFIT_QOQ":6.031314438857,"ROE_YEARLY":15.382982927656,"ROIC_YEARLY":9.773279733122,"TOTAL_ASSETS":1831406000,"TOTAL_LIABILITIES":753406000,"TAX_EBT":13.88577590764,"OCF_SALES":-6.032405526908,"TOTAL_PARENT_EQUITY":1073917000,"DEBT_ASSET_RATIO":41.138120111,"OPERATE_PROFIT":98773000,"PRETAX_PROFIT":94586000,"NETCASH_OPERATE":-70098000,"NETCASH_INVEST":-48135000,"NETCASH_FINANCE":115468000,"END_CASH":69522000,"DIVI_RATIO":0.289406871775,"DIVIDEND_RATE":9.83606557377,"CURRENT_RATIO":1.896210759991,"COMMON_ACS":5000000000,"CURRENTDEBT_DEBT":96.622007257707,"ISSUED_COMMON_SHARES":433800000,"HK_COMMON_SHARES":433800000,"PER_SHARES":2000,"TOTAL_MARKET_CAP":529236000,"HKSK_MARKET_CAP":529236000,"PE_TTM":2.930469189606,"PB_TTM":0.44977694969,"REPORT_DATE_SQ":"2023-06-30 00:00:00","REPORT_TYPE_SQ":"2023年中报","OPERATE_INCOME_SQ":1069376000,"DPS_HKD":0.12,"OPERATE_INCOME_QOQ_SQ":2.670206758443,"NET_PROFIT_RATIO_SQ":6.7127932551,"HOLDER_PROFIT_SQ":72275000,"HOLDER_PROFIT_QOQ_SQ":1.448154908909,"ROE_AVG_SQ":7.591357563707,"PE_TTM_SQ":3.041132362556,"PB_TTM_SQ":0.441386696962,"ROA_SQ":5.145889802844,"START_DATE":"2024-01-01 00:00:00","FISCAL_YEAR":"12-31","CURRENCY":"HKD","IS_CNY_CODE":0,"DPS_HKD_LY":0.12,"ORG_TYPE":"一般企业","PREMIUM_INCOME":null,"PREMIUM_INCOME_YOY":null,"NET_INTEREST_INCOME":null,"NET_INTEREST_INCOME_YOY":null,"FEE_COMMISSION_INCOME":null,"FEE_COMMISSION_INCOME_YOY":null,"ACCOUNTS_RECE_TDAYS":2.095726933503,"INVENTORY_TDAYS":3.205541490314,"CURRENT_ASSETS_TDAYS":0.873768280987,"TOTAL_ASSETS_TDAYS":0.658985280036,"PREMIUM_EXPENSE":null,"LOAN_DEPOSIT":null,"LOAN_EQUITY":null,"LOAN_ASSETS":null,"DEPOSIT_EQUITY":null,"DEPOSIT_ASSETS":null,"EQUITY_MULTIPLIER":1.698892393321,"EQUITY_RATIO":0.701549561093},{"SECUCODE":"01553.HK","SECURITY_CODE":"01553","SECURITY_NAME_ABBR":"迈科管业","ORG_CODE":"10000038383","STD_REPORT_DATE":"2023-12-31 00:00:00","REPORT_DATE":"2023-12-31 00:00:00","DATE_TYPE_CODE":"001","REPORT_TYPE":"2023年年报","PER_NETCASH_OPERATE":-0.047000922084,"PER_OI":5.050580912863,"BPS":2.412471184878,"BASIC_EPS":0.35,"DILUTED_EPS":null,"OPERATE_INCOME":2190942000,"OPERATE_INCOME_YOY":3.9696482212,"GROSS_PROFIT":383539000,"GROSS_PROFIT_YOY":-1.887608142884,"HOLDER_PROFIT":153731000,"HOLDER_PROFIT_YOY":10.0476037081,"GROSS_PROFIT_RATIO":17.505666512395,"EPS_TTM":0.354382203781,"OPERATE_INCOME_QOQ":1.265646095161,"NET_PROFIT_RATIO":6.9769532922,"ROE_AVG":15.519706911338,"GROSS_PROFIT_QOQ":0.825979174389,"ROA":10.325298866192,"HOLDER_PROFIT_QOQ":8.476693151188,"ROE_YEARLY":15.519706911338,"ROIC_YEARLY":10.903557375049,"TOTAL_ASSETS":1695301000,"TOTAL_LIABILITIES":644341000,"TAX_EBT":11.807230305898,"OCF_SALES":-0.93060427889,"TOTAL_PARENT_EQUITY":1046530000,"DEBT_ASSET_RATIO":38.0074688802,"OPERATE_PROFIT":180016000,"PRETAX_PROFIT":173326000,"NETCASH_OPERATE":-20389000,"NETCASH_INVEST":-180755000,"NETCASH_FINANCE":214545000,"END_CASH":71943000,"DIVI_RATIO":0.30686191022,"DIVIDEND_RATE":8.108108108108,"CURRENT_RATIO":2.077422675558,"COMMON_ACS":5000000000,"CURRENTDEBT_DEBT":95.582773717643,"ISSUED_COMMON_SHARES":433800000,"HK_COMMON_SHARES":433800000,"PER_SHARES":2000,"TOTAL_MARKET_CAP":642024000,"HKSK_MARKET_CAP":642024000,"PE_TTM":3.554995410342,"PB_TTM":0.545631053722,"REPORT_DATE_SQ":"2022-12-31 00:00:00","REPORT_TYPE_SQ":"2022年年报","OPERATE_INCOME_SQ":2107290000,"DPS_HKD":0.12,"OPERATE_INCOME_QOQ_SQ":3.432180012997,"NET_PROFIT_RATIO_SQ":6.5861841512,"HOLDER_PROFIT_SQ":139695000,"HOLDER_PROFIT_QOQ_SQ":13.194016789291,"ROE_AVG_SQ":15.863543658671,"PE_TTM_SQ":3.922208093763,"PB_TTM_SQ":0.569265085802,"ROA_SQ":11.127577825138,"START_DATE":"2023-01-01 00:00:00","FISCAL_YEAR":"12-31","CURRENCY":"HKD","IS_CNY_CODE":0,"DPS_HKD_LY":0.1,"ORG_TYPE":"一般企业","PREMIUM_INCOME":null,"PREMIUM_INCOME_YOY":null,"NET_INTEREST_INCOME":null,"NET_INTEREST_INCOME_YOY":null,"FEE_COMMISSION_INCOME":null,"FEE_COMMISSION_INCOME_YOY":null,"ACCOUNTS_RECE_TDAYS":4.857162176093,"INVENTORY_TDAYS":6.827512480003,"CURRENT_ASSETS_TDAYS":2.053720604115,"TOTAL_ASSETS_TDAYS":1.471539959312,"PREMIUM_EXPENSE":null,"LOAN_DEPOSIT":null,"LOAN_EQUITY":null,"LOAN_ASSETS":null,"DEPOSIT_EQUITY":null,"DEPOSIT_ASSETS":null,"EQUITY_MULTIPLIER":1.613097548909,"EQUITY_RATIO":0.615692813393},{"SECUCODE":"01553.HK","SECURITY_CODE":"01553","SECURITY_NAME_ABBR":"迈科管业","ORG_CODE":"10000038383","STD_REPORT_DATE":"2023-06-30 00:00:00","REPORT_DATE":"2023-06-30 00:00:00","DATE_TYPE_CODE":"002","REPORT_TYPE":"2023年中报","PER_NETCASH_OPERATE":0.088561549101,"PER_OI":2.465136007377,"BPS":2.235043798986,"BASIC_EPS":0.167,"DILUTED_EPS":null,"OPERATE_INCOME":1069376000,"OPERATE_INCOME_YOY":5.5541023801,"GROSS_PROFIT":186134000,"GROSS_PROFIT_YOY":-5.349978388548,"HOLDER_PROFIT":72275000,"HOLDER_PROFIT_YOY":2.87963332,"GROSS_PROFIT_RATIO":17.405851636842,"EPS_TTM":0.326689718764,"OPERATE_INCOME_QOQ":2.670206758443,"NET_PROFIT_RATIO":6.7127932551,"ROE_AVG":7.591357563707,"GROSS_PROFIT_QOQ":-2.691357266741,"ROA":5.145889802844,"HOLDER_PROFIT_QOQ":1.448154908909,"ROE_YEARLY":15.182715127415,"ROIC_YEARLY":10.971582803572,"TOTAL_ASSETS":1526585000,"TOTAL_LIABILITIES":551485000,"TAX_EBT":15.089541293085,"OCF_SALES":3.592562391526,"TOTAL_PARENT_EQUITY":969562000,"DEBT_ASSET_RATIO":36.1254040882,"OPERATE_PROFIT":87156000,"PRETAX_PROFIT":84542000,"NETCASH_OPERATE":38418000,"NETCASH_INVEST":-37311000,"NETCASH_FINANCE":44521000,"END_CASH":105445000,"DIVI_RATIO":0.332873652747,"DIVIDEND_RATE":8.108108108108,"CURRENT_RATIO":2.123063945047,"COMMON_ACS":5000000000,"CURRENTDEBT_DEBT":94.794418705858,"ISSUED_COMMON_SHARES":433800000,"HK_COMMON_SHARES":433800000,"PER_SHARES":2000,"TOTAL_MARKET_CAP":642024000,"HKSK_MARKET_CAP":642024000,"PE_TTM":3.554995410342,"PB_TTM":0.545631053722,"REPORT_DATE_SQ":"2022-06-30 00:00:00","REPORT_TYPE_SQ":"2022年中报","OPERATE_INCOME_SQ":1013107000,"DPS_HKD":0.12,"OPERATE_INCOME_QOQ_SQ":14.71463287741,"NET_PROFIT_RATIO_SQ":6.8965074765,"HOLDER_PROFIT_SQ":70252000,"HOLDER_PROFIT_QOQ_SQ":6.370398462347,"ROE_AVG_SQ":8.322750018955,"PE_TTM_SQ":3.922208093763,"PB_TTM_SQ":0.569265085802,"ROA_SQ":5.515370172864,"START_DATE":"2023-01-01 00:00:00","FISCAL_YEAR":"12-31","CURRENCY":"HKD","IS_CNY_CODE":0,"DPS_HKD_LY":0.1,"ORG_TYPE":"一般企业","PREMIUM_INCOME":null,"PREMIUM_INCOME_YOY":null,"NET_INTEREST_INCOME":null,"NET_INTEREST_INCOME_YOY":null,"FEE_COMMISSION_INCOME":null,"FEE_COMMISSION_INCOME_YOY":null,"ACCOUNTS_RECE_TDAYS":2.537632265245,"INVENTORY_TDAYS":3.140181533112,"CURRENT_ASSETS_TDAYS":1.088933241009,"TOTAL_ASSETS_TDAYS":0.76138236649,"PREMIUM_EXPENSE":null,"LOAN_DEPOSIT":null,"LOAN_EQUITY":null,"LOAN_ASSETS":null,"DEPOSIT_EQUITY":null,"DEPOSIT_ASSETS":null,"EQUITY_MULTIPLIER":1.565567634089,"EQUITY_RATIO":0.568798075832},{"SECUCODE":"01553.HK","SECURITY_CODE":"01553","SECURITY_NAME_ABBR":"迈科管业","ORG_CODE":"10000038383","STD_REPORT_DATE":"2022-12-31 00:00:00","REPORT_DATE":"2022-12-31 00:00:00","DATE_TYPE_CODE":"001","REPORT_TYPE":"2022年年报","PER_NETCASH_OPERATE":0.409976947902,"PER_OI":4.857745504841,"BPS":2.154396035039,"BASIC_EPS":0.32,"DILUTED_EPS":null,"OPERATE_INCOME":2107290000,"OPERATE_INCOME_YOY":18.651845579,"GROSS_PROFIT":390918000,"GROSS_PROFIT_YOY":18.702801184241,"HOLDER_PROFIT":139695000,"HOLDER_PROFIT_YOY":20.4049266943,"GROSS_PROFIT_RATIO":18.550745269991,"EPS_TTM":0.322026279391,"OPERATE_INCOME_QOQ":3.432180012997,"NET_PROFIT_RATIO":6.5861841512,"ROE_AVG":15.863543658671,"GROSS_PROFIT_QOQ":0.841987958334,"ROA":11.127577825138,"HOLDER_PROFIT_QOQ":13.194016789291,"ROE_YEARLY":15.863543658671,"ROIC_YEARLY":11.861387466896,"TOTAL_ASSETS":1282453000,"TOTAL_LIABILITIES":342570000,"TAX_EBT":9.436153760824,"OCF_SALES":8.439654722416,"TOTAL_PARENT_EQUITY":934577000,"DEBT_ASSET_RATIO":26.7120900337,"OPERATE_PROFIT":158582000,"PRETAX_PROFIT":153251000,"NETCASH_OPERATE":177848000,"NETCASH_INVEST":-74604000,"NETCASH_FINANCE":-136089000,"END_CASH":57760000,"DIVI_RATIO":0.33769417889,"DIVIDEND_RATE":8.108108108108,"CURRENT_RATIO":2.728696013289,"COMMON_ACS":5000000000,"CURRENTDEBT_DEBT":91.379863969408,"ISSUED_COMMON_SHARES":433800000,"HK_COMMON_SHARES":433800000,"PER_SHARES":2000,"TOTAL_MARKET_CAP":642024000,"HKSK_MARKET_CAP":642024000,"PE_TTM":3.554995410342,"PB_TTM":0.545631053722,"REPORT_DATE_SQ":"2021-12-31 00:00:00","REPORT_TYPE_SQ":"2021年年报","OPERATE_INCOME_SQ":1776028000,"DPS_HKD":0.12,"OPERATE_INCOME_QOQ_SQ":20.937523407443,"NET_PROFIT_RATIO_SQ":6.4913954059,"HOLDER_PROFIT_SQ":116021000,"HOLDER_PROFIT_QOQ_SQ":5.004932528441,"ROE_AVG_SQ":14.667107443031,"PE_TTM_SQ":3.922208093763,"PB_TTM_SQ":0.569265085802,"ROA_SQ":10.41957699684,"START_DATE":"2022-01-01 00:00:00","FISCAL_YEAR":"12-31","CURRENCY":"HKD","IS_CNY_CODE":0,"DPS_HKD_LY":0.1,"ORG_TYPE":"一般企业","PREMIUM_INCOME":null,"PREMIUM_INCOME_YOY":null,"NET_INTEREST_INCOME":null,"NET_INTEREST_INCOME_YOY":null,"FEE_COMMISSION_INCOME":null,"FEE_COMMISSION_INCOME_YOY":null,"ACCOUNTS_RECE_TDAYS":6.188674258276,"INVENTORY_TDAYS":6.384421816153,"CURRENT_ASSETS_TDAYS":2.520921546965,"TOTAL_ASSETS_TDAYS":1.678587886119,"PREMIUM_EXPENSE":null,"LOAN_DEPOSIT":null,"LOAN_EQUITY":null,"LOAN_ASSETS":null,"DEPOSIT_EQUITY":null,"DEPOSIT_ASSETS":null,"EQUITY_MULTIPLIER":1.364481536532,"EQUITY_RATIO":0.366550856698},{"SECUCODE":"01553.HK","SECURITY_CODE":"01553","SECURITY_NAME_ABBR":"迈科管业","ORG_CODE":"10000038383","STD_REPORT_DATE":"2022-06-30 00:00:00","REPORT_DATE":"2022-06-30 00:00:00","DATE_TYPE_CODE":"002","REPORT_TYPE":"2022年中报","PER_NETCASH_OPERATE":0.153934993084,"PER_OI":2.335424158598,"BPS":1.986078838174,"BASIC_EPS":0.162,"DILUTED_EPS":null,"OPERATE_INCOME":1013107000,"OPERATE_INCOME_YOY":34.7627136455,"GROSS_PROFIT":196655000,"GROSS_PROFIT_YOY":42.167777568931,"HOLDER_PROFIT":70252000,"HOLDER_PROFIT_YOY":11.7576875964,"GROSS_PROFIT_RATIO":19.411078987708,"EPS_TTM":0.28449054864,"OPERATE_INCOME_QOQ":14.71463287741,"NET_PROFIT_RATIO":6.8965074765,"ROE_AVG":8.322750018955,"GROSS_PROFIT_QOQ":17.71168298793,"ROA":5.515370172864,"HOLDER_PROFIT_QOQ":6.370398462347,"ROE_YEARLY":16.64550003791,"ROIC_YEARLY":11.792328322646,"TOTAL_ASSETS":1319163000,"TOTAL_LIABILITIES":452778000,"TAX_EBT":14.978461388693,"OCF_SALES":6.591307729588,"TOTAL_PARENT_EQUITY":861561000,"DEBT_ASSET_RATIO":34.3231276196,"OPERATE_PROFIT":85803000,"PRETAX_PROFIT":82178000,"NETCASH_OPERATE":66777000,"NETCASH_INVEST":-49053000,"NETCASH_FINANCE":-39134000,"END_CASH":67437000,"DIVI_RATIO":0.382249605549,"DIVIDEND_RATE":8.108108108108,"CURRENT_RATIO":2.05780702336,"COMMON_ACS":5000000000,"CURRENTDEBT_DEBT":96.596786946362,"ISSUED_COMMON_SHARES":433800000,"HK_COMMON_SHARES":433800000,"PER_SHARES":2000,"TOTAL_MARKET_CAP":642024000,"HKSK_MARKET_CAP":642024000,"PE_TTM":3.554995410342,"PB_TTM":0.545631053722,"REPORT_DATE_SQ":"2021-06-30 00:00:00","REPORT_TYPE_SQ":"2021年中报","OPERATE_INCOME_SQ":751771000,"DPS_HKD":0.12,"OPERATE_INCOME_QOQ_SQ":17.00297735948,"NET_PROFIT_RATIO_SQ":8.350681258,"HOLDER_PROFIT_SQ":62861000,"HOLDER_PROFIT_QOQ_SQ":11.016106182242,"ROE_AVG_SQ":8.219267639077,"PE_TTM_SQ":3.922208093763,"PB_TTM_SQ":0.569265085802,"ROA_SQ":5.81450847558,"START_DATE":"2022-01-01 00:00:00","FISCAL_YEAR":"12-31","CURRENCY":"HKD","IS_CNY_CODE":0,"DPS_HKD_LY":0.1,"ORG_TYPE":"一般企业","PREMIUM_INCOME":null,"PREMIUM_INCOME_YOY":null,"NET_INTEREST_INCOME":null,"NET_INTEREST_INCOME_YOY":null,"FEE_COMMISSION_INCOME":null,"FEE_COMMISSION_INCOME_YOY":null,"ACCOUNTS_RECE_TDAYS":3.093078707944,"INVENTORY_TDAYS":2.52482686215,"CURRENT_ASSETS_TDAYS":1.179628694901,"TOTAL_ASSETS_TDAYS":0.795373815652,"PREMIUM_EXPENSE":null,"LOAN_DEPOSIT":null,"LOAN_EQUITY":null,"LOAN_ASSETS":null,"DEPOSIT_EQUITY":null,"DEPOSIT_ASSETS":null,"EQUITY_MULTIPLIER":1.522606000797,"EQUITY_RATIO":0.525532144561},{"SECUCODE":"01553.HK","SECURITY_CODE":"01553","SECURITY_NAME_ABBR":"迈科管业","ORG_CODE":"10000038383","STD_REPORT_DATE":"2021-12-31 00:00:00","REPORT_DATE":"2021-12-31 00:00:00","DATE_TYPE_CODE":"001","REPORT_TYPE":"2021年年报","PER_NETCASH_OPERATE":0.052254495159,"PER_OI":4.094117104657,"BPS":1.905557860765,"BASIC_EPS":0.267,"DILUTED_EPS":null,"OPERATE_INCOME":1776028000,"OPERATE_INCOME_YOY":41.5005031315,"GROSS_PROFIT":329325000,"GROSS_PROFIT_YOY":23.118593122631,"HOLDER_PROFIT":116021000,"HOLDER_PROFIT_YOY":16.5723873924,"GROSS_PROFIT_RATIO":18.542781983167,"EPS_TTM":0.2674527432,"OPERATE_INCOME_QOQ":20.937523407443,"NET_PROFIT_RATIO":6.4913954059,"ROE_AVG":14.667107443031,"GROSS_PROFIT_QOQ":17.40599855259,"ROA":10.41957699684,"HOLDER_PROFIT_QOQ":5.004932528441,"ROE_YEARLY":14.667107443031,"ROIC_YEARLY":11.333152947405,"TOTAL_ASSETS":1228336000,"TOTAL_LIABILITIES":395988000,"TAX_EBT":11.407472297785,"OCF_SALES":1.276331229012,"TOTAL_PARENT_EQUITY":826631000,"DEBT_ASSET_RATIO":32.2377590496,"OPERATE_PROFIT":135376000,"PRETAX_PROFIT":130134000,"NETCASH_OPERATE":22668000,"NETCASH_INVEST":-80425000,"NETCASH_FINANCE":57813000,"END_CASH":86548000,"DIVI_RATIO":0.406600428543,"DIVIDEND_RATE":8.108108108108,"CURRENT_RATIO":2.143351455639,"COMMON_ACS":5000000000,"CURRENTDEBT_DEBT":96.336757679526,"ISSUED_COMMON_SHARES":433800000,"HK_COMMON_SHARES":433800000,"PER_SHARES":2000,"TOTAL_MARKET_CAP":642024000,"HKSK_MARKET_CAP":642024000,"PE_TTM":3.554995410342,"PB_TTM":0.545631053722,"REPORT_DATE_SQ":"2020-12-31 00:00:00","REPORT_TYPE_SQ":"2020年年报","OPERATE_INCOME_SQ":1255139000,"DPS_HKD":0.12,"OPERATE_INCOME_QOQ_SQ":8.928926322732,"NET_PROFIT_RATIO_SQ":7.929559993,"HOLDER_PROFIT_SQ":99527000,"HOLDER_PROFIT_QOQ_SQ":5.117128915739,"ROE_AVG_SQ":14.089645292079,"PE_TTM_SQ":3.922208093763,"PB_TTM_SQ":0.569265085802,"ROA_SQ":9.903962600045,"START_DATE":"2021-01-01 00:00:00","FISCAL_YEAR":"12-31","CURRENCY":"HKD","IS_CNY_CODE":0,"DPS_HKD_LY":0.12,"ORG_TYPE":"一般企业","PREMIUM_INCOME":null,"PREMIUM_INCOME_YOY":null,"NET_INTEREST_INCOME":null,"NET_INTEREST_INCOME_YOY":null,"FEE_COMMISSION_INCOME":null,"FEE_COMMISSION_INCOME_YOY":null,"ACCOUNTS_RECE_TDAYS":6.33721969574,"INVENTORY_TDAYS":5.795238276454,"CURRENT_ASSETS_TDAYS":2.258670978761,"TOTAL_ASSETS_TDAYS":1.595009566763,"PREMIUM_EXPENSE":null,"LOAN_DEPOSIT":null,"LOAN_EQUITY":null,"LOAN_ASSETS":null,"DEPOSIT_EQUITY":null,"DEPOSIT_ASSETS":null,"EQUITY_MULTIPLIER":1.475748124582,"EQUITY_RATIO":0.479038410125},{"SECUCODE":"01553.HK","SECURITY_CODE":"01553","SECURITY_NAME_ABBR":"迈科管业","ORG_CODE":"10000038383","STD_REPORT_DATE":"2021-06-30 00:00:00","REPORT_DATE":"2021-06-30 00:00:00","DATE_TYPE_CODE":"002","REPORT_TYPE":"2021年中报","PER_NETCASH_OPERATE":-0.281864914707,"PER_OI":1.732989857077,"BPS":1.784635776856,"BASIC_EPS":0.145,"DILUTED_EPS":null,"OPERATE_INCOME":751771000,"OPERATE_INCOME_YOY":39.6409465785,"GROSS_PROFIT":138326000,"GROSS_PROFIT_YOY":10.386159235821,"HOLDER_PROFIT":62861000,"HOLDER_PROFIT_YOY":21.1264620306,"GROSS_PROFIT_RATIO":18.400018090615,"EPS_TTM":0.254704933149,"OPERATE_INCOME_QOQ":17.00297735948,"NET_PROFIT_RATIO":8.350681258,"ROE_AVG":8.219267639077,"GROSS_PROFIT_QOQ":4.865675212908,"ROA":5.81450847558,"HOLDER_PROFIT_QOQ":11.016106182242,"ROE_YEARLY":16.438535278154,"ROIC_YEARLY":12.817690823497,"TOTAL_ASSETS":1163567000,"TOTAL_LIABILITIES":382780000,"TAX_EBT":10.713828561676,"OCF_SALES":-16.264660381951,"TOTAL_PARENT_EQUITY":774175000,"DEBT_ASSET_RATIO":32.8971172266,"OPERATE_PROFIT":72914000,"PRETAX_PROFIT":70311000,"NETCASH_OPERATE":-122273000,"NETCASH_INVEST":30982000,"NETCASH_FINANCE":113384000,"END_CASH":106651000,"DIVI_RATIO":0.426950505652,"DIVIDEND_RATE":8.108108108108,"CURRENT_RATIO":2.268403867356,"COMMON_ACS":5000000000,"CURRENTDEBT_DEBT":98.571503213334,"ISSUED_COMMON_SHARES":433800000,"HK_COMMON_SHARES":433800000,"PER_SHARES":2000,"TOTAL_MARKET_CAP":642024000,"HKSK_MARKET_CAP":642024000,"PE_TTM":3.554995410342,"PB_TTM":0.545631053722,"REPORT_DATE_SQ":"2020-06-30 00:00:00","REPORT_TYPE_SQ":"2020年中报","OPERATE_INCOME_SQ":538360000,"DPS_HKD":0.12,"OPERATE_INCOME_QOQ_SQ":2.397090149038,"NET_PROFIT_RATIO_SQ":9.6398320826,"HOLDER_PROFIT_SQ":51897000,"HOLDER_PROFIT_QOQ_SQ":22.419901217967,"ROE_AVG_SQ":7.593075417204,"PE_TTM_SQ":3.922208093763,"PB_TTM_SQ":0.569265085802,"ROA_SQ":5.296901337724,"START_DATE":"2021-01-01 00:00:00","FISCAL_YEAR":"12-31","CURRENCY":"HKD","IS_CNY_CODE":0,"DPS_HKD_LY":0.12,"ORG_TYPE":"一般企业","PREMIUM_INCOME":null,"PREMIUM_INCOME_YOY":null,"NET_INTEREST_INCOME":null,"NET_INTEREST_INCOME_YOY":null,"FEE_COMMISSION_INCOME":null,"FEE_COMMISSION_INCOME_YOY":null,"ACCOUNTS_RECE_TDAYS":3.032673700686,"INVENTORY_TDAYS":2.362720742581,"CURRENT_ASSETS_TDAYS":0.933368593629,"TOTAL_ASSETS_TDAYS":0.695372146672,"PREMIUM_EXPENSE":null,"LOAN_DEPOSIT":null,"LOAN_EQUITY":null,"LOAN_ASSETS":null,"DEPOSIT_EQUITY":null,"DEPOSIT_ASSETS":null,"EQUITY_MULTIPLIER":1.490248941133,"EQUITY_RATIO":0.494436012529},{"SECUCODE":"01553.HK","SECURITY_CODE":"01553","SECURITY_NAME_ABBR":"迈科管业","ORG_CODE":"10000038383","STD_REPORT_DATE":"2020-12-31 00:00:00","REPORT_DATE":"2020-12-31 00:00:00","DATE_TYPE_CODE":"001","REPORT_TYPE":"2020年年报","PER_NETCASH_OPERATE":0.42520746888,"PER_OI":2.893358690641,"BPS":1.741415398801,"BASIC_EPS":0.229,"DILUTED_EPS":null,"OPERATE_INCOME":1255139000,"OPERATE_INCOME_YOY":11.5400508851,"GROSS_PROFIT":267486000,"GROSS_PROFIT_YOY":2.328232593726,"HOLDER_PROFIT":99527000,"HOLDER_PROFIT_YOY":28.6842853818,"GROSS_PROFIT_RATIO":21.311265126811,"EPS_TTM":0.229430613186,"OPERATE_INCOME_QOQ":8.928926322732,"NET_PROFIT_RATIO":7.929559993,"ROE_AVG":14.089645292079,"GROSS_PROFIT_QOQ":0.661957572998,"ROA":9.903962600045,"HOLDER_PROFIT_QOQ":5.117128915739,"ROE_YEARLY":14.089645292079,"ROIC_YEARLY":11.65776465903,"TOTAL_ASSETS":998645000,"TOTAL_LIABILITIES":243219000,"TAX_EBT":4.506639545594,"OCF_SALES":14.695981879298,"TOTAL_PARENT_EQUITY":755426000,"DEBT_ASSET_RATIO":24.3549008907,"OPERATE_PROFIT":109335000,"PRETAX_PROFIT":104224000,"NETCASH_OPERATE":184455000,"NETCASH_INVEST":-130912000,"NETCASH_FINANCE":-179332000,"END_CASH":87254000,"DIVI_RATIO":0.4739838267,"DIVIDEND_RATE":8.108108108108,"CURRENT_RATIO":3.138848699528,"COMMON_ACS":5000000000,"CURRENTDEBT_DEBT":98.893589727776,"ISSUED_COMMON_SHARES":433800000,"HK_COMMON_SHARES":433800000,"PER_SHARES":2000,"TOTAL_MARKET_CAP":642024000,"HKSK_MARKET_CAP":642024000,"PE_TTM":3.554995410342,"PB_TTM":0.545631053722,"REPORT_DATE_SQ":"2019-12-31 00:00:00","REPORT_TYPE_SQ":"2019年年报","OPERATE_INCOME_SQ":1125281000,"DPS_HKD":0.12,"OPERATE_INCOME_QOQ_SQ":-7.37200567318,"NET_PROFIT_RATIO_SQ":7.9689428685,"HOLDER_PROFIT_SQ":77342000,"HOLDER_PROFIT_QOQ_SQ":48.318183561539,"ROE_AVG_SQ":18.152522781015,"PE_TTM_SQ":3.922208093763,"PB_TTM_SQ":0.569265085802,"ROA_SQ":8.502643402816,"START_DATE":"2020-01-01 00:00:00","FISCAL_YEAR":"12-31","CURRENCY":"HKD","IS_CNY_CODE":0,"DPS_HKD_LY":null,"ORG_TYPE":"一般企业","PREMIUM_INCOME":null,"PREMIUM_INCOME_YOY":null,"NET_INTEREST_INCOME":null,"NET_INTEREST_INCOME_YOY":null,"FEE_COMMISSION_INCOME":null,"FEE_COMMISSION_INCOME_YOY":null,"ACCOUNTS_RECE_TDAYS":5.084405970173,"INVENTORY_TDAYS":4.86610072623,"CURRENT_ASSETS_TDAYS":1.639261382299,"TOTAL_ASSETS_TDAYS":1.248992706889,"PREMIUM_EXPENSE":null,"LOAN_DEPOSIT":null,"LOAN_EQUITY":null,"LOAN_ASSETS":null,"DEPOSIT_EQUITY":null,"DEPOSIT_ASSETS":null,"EQUITY_MULTIPLIER":1.321962707135,"EQUITY_RATIO":0.321962707135},{"SECUCODE":"01553.HK","SECURITY_CODE":"01553","SECURITY_NAME_ABBR":"迈科管业","ORG_CODE":"10000038383","STD_REPORT_DATE":"2020-06-30 00:00:00","REPORT_DATE":"2020-06-30 00:00:00","DATE_TYPE_CODE":"002","REPORT_TYPE":"2020年中报","PER_NETCASH_OPERATE":0.203031350853,"PER_OI":1.241032733979,"BPS":1.635809128631,"BASIC_EPS":0.12,"DILUTED_EPS":null,"OPERATE_INCOME":538360000,"OPERATE_INCOME_YOY":5.274684876,"GROSS_PROFIT":125311000,"GROSS_PROFIT_YOY":3.576505984262,"HOLDER_PROFIT":51897000,"HOLDER_PROFIT_YOY":50.1779668374,"GROSS_PROFIT_RATIO":23.276432127201,"EPS_TTM":0.21826187183,"OPERATE_INCOME_QOQ":2.397090149038,"NET_PROFIT_RATIO":9.6398320826,"ROE_AVG":7.593075417204,"GROSS_PROFIT_QOQ":1.655317521041,"ROA":5.296901337724,"HOLDER_PROFIT_QOQ":22.419901217967,"ROE_YEARLY":15.186150834409,"ROIC_YEARLY":13.036572966639,"TOTAL_ASSETS":948326000,"TOTAL_LIABILITIES":238712000,"TAX_EBT":6.550823804808,"OCF_SALES":16.359870718478,"TOTAL_PARENT_EQUITY":709614000,"DEBT_ASSET_RATIO":25.1719345457,"OPERATE_PROFIT":58700000,"PRETAX_PROFIT":55535000,"NETCASH_OPERATE":88075000,"NETCASH_INVEST":-11163000,"NETCASH_FINANCE":-139956000,"END_CASH":152064000,"DIVI_RATIO":0.498238190152,"DIVIDEND_RATE":8.108108108108,"CURRENT_RATIO":2.975165417036,"COMMON_ACS":5000000000,"CURRENTDEBT_DEBT":99.842906933879,"ISSUED_COMMON_SHARES":433800000,"HK_COMMON_SHARES":433800000,"PER_SHARES":2000,"TOTAL_MARKET_CAP":642024000,"HKSK_MARKET_CAP":642024000,"PE_TTM":3.554995410342,"PB_TTM":0.545631053722,"REPORT_DATE_SQ":"2019-06-30 00:00:00","REPORT_TYPE_SQ":"2019年中报","OPERATE_INCOME_SQ":511386000,"DPS_HKD":0.12,"OPERATE_INCOME_QOQ_SQ":0,"NET_PROFIT_RATIO_SQ":9.1688079064,"HOLDER_PROFIT_SQ":34557000,"HOLDER_PROFIT_QOQ_SQ":0,"ROE_AVG_SQ":null,"PE_TTM_SQ":3.922208093763,"PB_TTM_SQ":0.569265085802,"ROA_SQ":null,"START_DATE":"2020-01-01 00:00:00","FISCAL_YEAR":"12-31","CURRENCY":"HKD","IS_CNY_CODE":0,"DPS_HKD_LY":null,"ORG_TYPE":"一般企业","PREMIUM_INCOME":null,"PREMIUM_INCOME_YOY":null,"NET_INTEREST_INCOME":null,"NET_INTEREST_INCOME_YOY":null,"FEE_COMMISSION_INCOME":null,"FEE_COMMISSION_INCOME_YOY":null,"ACCOUNTS_RECE_TDAYS":2.174664727743,"INVENTORY_TDAYS":1.960379404694,"CURRENT_ASSETS_TDAYS":0.724840419588,"TOTAL_ASSETS_TDAYS":0.549480664427,"PREMIUM_EXPENSE":null,"LOAN_DEPOSIT":null,"LOAN_EQUITY":null,"LOAN_ASSETS":null,"DEPOSIT_EQUITY":null,"DEPOSIT_ASSETS":null,"EQUITY_MULTIPLIER":1.336396970747,"EQUITY_RATIO":0.336396970747}],"count":14},"success":true,"message":"ok","code":0}