{"version":"bdd71f4729deef875374d4ed417df5cb","result":{"pages":3,"data":[{"SECUCODE":"01551.HK","SECURITY_CODE":"01551","SECURITY_NAME_ABBR":"广州农商银行","ORG_CODE":"10063434","STD_REPORT_DATE":"2024-06-30 00:00:00","REPORT_DATE":"2024-06-30 00:00:00","DATE_TYPE_CODE":"002","REPORT_TYPE":"2024年中报","PER_NETCASH_OPERATE":-1.25041272923,"PER_OI":0.50978947945,"BPS":5.571583954359,"BASIC_EPS":0.06,"DILUTED_EPS":0.06,"OPERATE_INCOME":7345959000,"OPERATE_INCOME_YOY":-21.8631374051,"GROSS_PROFIT":null,"GROSS_PROFIT_YOY":null,"HOLDER_PROFIT":1475088000,"HOLDER_PROFIT_YOY":-29.8637869584,"GROSS_PROFIT_RATIO":null,"EPS_TTM":0.139233680276,"OPERATE_INCOME_QOQ":-11.322166215383,"NET_PROFIT_RATIO":23.15070095,"ROE_AVG":1.628927802199,"GROSS_PROFIT_QOQ":null,"ROA":0.111615792312,"HOLDER_PROFIT_QOQ":-23.841640803882,"ROE_YEARLY":3.257855604397,"ROIC_YEARLY":0.23828840779,"TOTAL_ASSETS":1329110404000,"TOTAL_LIABILITIES":1229019953000,"TAX_EBT":-21.492147064392,"OCF_SALES":-245.280214605064,"TOTAL_PARENT_EQUITY":92285351000,"DEBT_ASSET_RATIO":92.469365171,"OPERATE_PROFIT":1399795000,"PRETAX_PROFIT":1399795000,"NETCASH_OPERATE":-18018184000,"NETCASH_INVEST":-13360993000,"NETCASH_FINANCE":19234887000,"END_CASH":34572646000,"DIVI_RATIO":0.285891412344,"DIVIDEND_RATE":2.780063291139,"CURRENT_RATIO":null,"COMMON_ACS":null,"CURRENTDEBT_DEBT":null,"ISSUED_COMMON_SHARES":14409789327,"HK_COMMON_SHARES":2674925000,"PER_SHARES":1000,"TOTAL_MARKET_CAP":22767467136.66,"HKSK_MARKET_CAP":4226381500,"PE_TTM":10.154516317308,"PB_TTM":0.2588194689,"REPORT_DATE_SQ":"2023-06-30 00:00:00","REPORT_TYPE_SQ":"2023年中报","OPERATE_INCOME_SQ":9401400000,"DPS_HKD":0.043925,"OPERATE_INCOME_QOQ_SQ":-8.024773773359,"NET_PROFIT_RATIO_SQ":25.4082477078,"HOLDER_PROFIT_SQ":2103176000,"HOLDER_PROFIT_QOQ_SQ":-12.124304763901,"ROE_AVG_SQ":2.57945209688,"PE_TTM_SQ":7.257974303439,"PB_TTM_SQ":0.300052092464,"ROA_SQ":0.168435667259,"START_DATE":"2024-01-01 00:00:00","FISCAL_YEAR":"12-31","CURRENCY":"HKD","IS_CNY_CODE":0,"DPS_HKD_LY":0.043925,"ORG_TYPE":"银行","PREMIUM_INCOME":null,"PREMIUM_INCOME_YOY":null,"NET_INTEREST_INCOME":6269974000,"NET_INTEREST_INCOME_YOY":-26.757234972526,"FEE_COMMISSION_INCOME":null,"FEE_COMMISSION_INCOME_YOY":null,"ACCOUNTS_RECE_TDAYS":null,"INVENTORY_TDAYS":null,"CURRENT_ASSETS_TDAYS":null,"TOTAL_ASSETS_TDAYS":0.005558482166,"PREMIUM_EXPENSE":null,"LOAN_DEPOSIT":81.026127878267,"LOAN_EQUITY":7.833384505381,"LOAN_ASSETS":58.990358185474,"DEPOSIT_EQUITY":9.667726584627,"DEPOSIT_ASSETS":72.804118535814,"EQUITY_MULTIPLIER":13.279092967688,"EQUITY_RATIO":13.317606095468},{"SECUCODE":"01551.HK","SECURITY_CODE":"01551","SECURITY_NAME_ABBR":"广州农商银行","ORG_CODE":"10063434","STD_REPORT_DATE":"2023-12-31 00:00:00","REPORT_DATE":"2023-12-31 00:00:00","DATE_TYPE_CODE":"001","REPORT_TYPE":"2023年年报","PER_NETCASH_OPERATE":-0.657255341149,"PER_OI":1.259847148909,"BPS":5.482761698116,"BASIC_EPS":0.17,"DILUTED_EPS":0.17,"OPERATE_INCOME":18154132000,"OPERATE_INCOME_YOY":-19.474759597,"GROSS_PROFIT":null,"GROSS_PROFIT_YOY":null,"HOLDER_PROFIT":2634416000,"HOLDER_PROFIT_YOY":-24.5619686847,"GROSS_PROFIT_RATIO":null,"EPS_TTM":0.182821271027,"OPERATE_INCOME_QOQ":-12.44898903045,"NET_PROFIT_RATIO":17.9546287314,"ROE_AVG":3.101050459749,"GROSS_PROFIT_QOQ":null,"ROA":0.206823882609,"HOLDER_PROFIT_QOQ":-14.153701871017,"ROE_YEARLY":3.101050459749,"ROIC_YEARLY":0.222831487398,"TOTAL_ASSETS":1314042450000,"TOTAL_LIABILITIES":1217501573000,"TAX_EBT":-11.899880461866,"OCF_SALES":-52.169451009831,"TOTAL_PARENT_EQUITY":88826175000,"DEBT_ASSET_RATIO":92.653138641,"OPERATE_PROFIT":2912878000,"PRETAX_PROFIT":2912878000,"NETCASH_OPERATE":-9470911000,"NETCASH_INVEST":-43662928000,"NETCASH_FINANCE":4058810000,"END_CASH":46700943000,"DIVI_RATIO":0.217730208724,"DIVIDEND_RATE":2.51,"CURRENT_RATIO":null,"COMMON_ACS":null,"CURRENTDEBT_DEBT":null,"ISSUED_COMMON_SHARES":14409789327,"HK_COMMON_SHARES":2674925000,"PER_SHARES":1000,"TOTAL_MARKET_CAP":25217131322.25,"HKSK_MARKET_CAP":4681118750,"PE_TTM":11.247090857778,"PB_TTM":0.286667133276,"REPORT_DATE_SQ":"2022-12-31 00:00:00","REPORT_TYPE_SQ":"2022年年报","OPERATE_INCOME_SQ":22544648000,"DPS_HKD":0.043925,"OPERATE_INCOME_QOQ_SQ":-1.529743701223,"NET_PROFIT_RATIO_SQ":17.9101310431,"HOLDER_PROFIT_SQ":3492159000,"HOLDER_PROFIT_QOQ_SQ":35.775799726595,"ROE_AVG_SQ":4.335234745439,"PE_TTM_SQ":7.218616288054,"PB_TTM_SQ":0.298424991791,"ROA_SQ":0.291610678021,"START_DATE":"2023-01-01 00:00:00","FISCAL_YEAR":"12-31","CURRENCY":"HKD","IS_CNY_CODE":0,"DPS_HKD_LY":0.11501,"ORG_TYPE":"银行","PREMIUM_INCOME":null,"PREMIUM_INCOME_YOY":null,"NET_INTEREST_INCOME":16583429000,"NET_INTEREST_INCOME_YOY":-10.755490685187,"FEE_COMMISSION_INCOME":847093000,"FEE_COMMISSION_INCOME_YOY":null,"ACCOUNTS_RECE_TDAYS":null,"INVENTORY_TDAYS":null,"CURRENT_ASSETS_TDAYS":null,"TOTAL_ASSETS_TDAYS":0.014252525287,"PREMIUM_EXPENSE":null,"LOAN_DEPOSIT":80.700206958397,"LOAN_EQUITY":7.917693517535,"LOAN_ASSETS":58.170196556435,"DEPOSIT_EQUITY":9.811243137971,"DEPOSIT_ASSETS":72.081843094186,"EQUITY_MULTIPLIER":13.611254536265,"EQUITY_RATIO":13.706563104851},{"SECUCODE":"01551.HK","SECURITY_CODE":"01551","SECURITY_NAME_ABBR":"广州农商银行","ORG_CODE":"10063434","STD_REPORT_DATE":"2023-06-30 00:00:00","REPORT_DATE":"2023-06-30 00:00:00","DATE_TYPE_CODE":"002","REPORT_TYPE":"2023年中报","PER_NETCASH_OPERATE":-2.026923123927,"PER_OI":0.820992012193,"BPS":5.008554973442,"BASIC_EPS":0.13,"DILUTED_EPS":0.13,"OPERATE_INCOME":9401400000,"OPERATE_INCOME_YOY":-16.1379760167,"GROSS_PROFIT":null,"GROSS_PROFIT_YOY":null,"HOLDER_PROFIT":2103176000,"HOLDER_PROFIT_YOY":-16.757857274,"GROSS_PROFIT_RATIO":null,"EPS_TTM":0.267984196646,"OPERATE_INCOME_QOQ":-8.024773773359,"NET_PROFIT_RATIO":25.4082477078,"ROE_AVG":2.57945209688,"GROSS_PROFIT_QOQ":null,"ROA":0.168435667259,"HOLDER_PROFIT_QOQ":-12.124304763901,"ROE_YEARLY":5.158904193761,"ROIC_YEARLY":0.363060476253,"TOTAL_ASSETS":1263850347000,"TOTAL_LIABILITIES":1174553008000,"TAX_EBT":0.635521747215,"OCF_SALES":-246.887070010849,"TOTAL_PARENT_EQUITY":81992956000,"DEBT_ASSET_RATIO":92.934500575,"OPERATE_PROFIT":2404009000,"PRETAX_PROFIT":2404009000,"NETCASH_OPERATE":-23210841000,"NETCASH_INVEST":-40221531000,"NETCASH_FINANCE":5414786000,"END_CASH":37773399000,"DIVI_RATIO":0.148537540639,"DIVIDEND_RATE":2.51,"CURRENT_RATIO":null,"COMMON_ACS":null,"CURRENTDEBT_DEBT":null,"ISSUED_COMMON_SHARES":14409789327,"HK_COMMON_SHARES":2674925000,"PER_SHARES":1000,"TOTAL_MARKET_CAP":25217131322.25,"HKSK_MARKET_CAP":4681118750,"PE_TTM":11.247090857778,"PB_TTM":0.286667133276,"REPORT_DATE_SQ":"2022-06-30 00:00:00","REPORT_TYPE_SQ":"2022年中报","OPERATE_INCOME_SQ":11210557000,"DPS_HKD":0.043925,"OPERATE_INCOME_QOQ_SQ":-2.494198172341,"NET_PROFIT_RATIO_SQ":26.4458135309,"HOLDER_PROFIT_SQ":2526576000,"HOLDER_PROFIT_QOQ_SQ":-18.99730663314,"ROE_AVG_SQ":3.14940844726,"PE_TTM_SQ":7.218616288054,"PB_TTM_SQ":0.298424991791,"ROA_SQ":0.210698641891,"START_DATE":"2023-01-01 00:00:00","FISCAL_YEAR":"12-31","CURRENCY":"HKD","IS_CNY_CODE":0,"DPS_HKD_LY":0.11501,"ORG_TYPE":"银行","PREMIUM_INCOME":null,"PREMIUM_INCOME_YOY":null,"NET_INTEREST_INCOME":8560537000,"NET_INTEREST_INCOME_YOY":-5.940681959796,"FEE_COMMISSION_INCOME":null,"FEE_COMMISSION_INCOME_YOY":null,"ACCOUNTS_RECE_TDAYS":null,"INVENTORY_TDAYS":null,"CURRENT_ASSETS_TDAYS":null,"TOTAL_ASSETS_TDAYS":0.007529237126,"PREMIUM_EXPENSE":null,"LOAN_DEPOSIT":80.603106493323,"LOAN_EQUITY":8.331632771274,"LOAN_ASSETS":58.867146554655,"DEPOSIT_EQUITY":10.336614969008,"DEPOSIT_ASSETS":73.033347119855,"EQUITY_MULTIPLIER":14.153281174459,"EQUITY_RATIO":14.325047727271},{"SECUCODE":"01551.HK","SECURITY_CODE":"01551","SECURITY_NAME_ABBR":"广州农商银行","ORG_CODE":"10063434","STD_REPORT_DATE":"2022-12-31 00:00:00","REPORT_DATE":"2022-12-31 00:00:00","DATE_TYPE_CODE":"001","REPORT_TYPE":"2022年年报","PER_NETCASH_OPERATE":3.066145630977,"PER_OI":1.968746774492,"BPS":4.945099361479,"BASIC_EPS":0.25,"DILUTED_EPS":0.25,"OPERATE_INCOME":22544648000,"OPERATE_INCOME_YOY":-3.9857870341,"GROSS_PROFIT":null,"GROSS_PROFIT_YOY":null,"HOLDER_PROFIT":3492159000,"HOLDER_PROFIT_YOY":9.9820547189,"GROSS_PROFIT_RATIO":null,"EPS_TTM":0.304958266249,"OPERATE_INCOME_QOQ":-1.529743701223,"NET_PROFIT_RATIO":17.9101310431,"ROE_AVG":4.335234745439,"GROSS_PROFIT_QOQ":null,"ROA":0.291610678021,"HOLDER_PROFIT_QOQ":35.775799726595,"ROE_YEARLY":4.335234745439,"ROIC_YEARLY":0.316385600357,"TOTAL_ASSETS":1233454451000,"TOTAL_LIABILITIES":1145205349000,"TAX_EBT":10.477506391968,"OCF_SALES":155.740985621066,"TOTAL_PARENT_EQUITY":81078574000,"DEBT_ASSET_RATIO":92.8453700152,"OPERATE_PROFIT":4510348000,"PRETAX_PROFIT":4510348000,"NETCASH_OPERATE":35111257000,"NETCASH_INVEST":-49979683000,"NETCASH_FINANCE":10648522000,"END_CASH":95744368000,"DIVI_RATIO":0.130528396523,"DIVIDEND_RATE":2.51,"CURRENT_RATIO":null,"COMMON_ACS":null,"CURRENTDEBT_DEBT":null,"ISSUED_COMMON_SHARES":14409789327,"HK_COMMON_SHARES":2674925000,"PER_SHARES":1000,"TOTAL_MARKET_CAP":25217131322.25,"HKSK_MARKET_CAP":4681118750,"PE_TTM":11.247090857778,"PB_TTM":0.286667133276,"REPORT_DATE_SQ":"2021-12-31 00:00:00","REPORT_TYPE_SQ":"2021年年报","OPERATE_INCOME_SQ":23480532000,"DPS_HKD":0.043925,"OPERATE_INCOME_QOQ_SQ":10.647992837637,"NET_PROFIT_RATIO_SQ":16.0826551971,"HOLDER_PROFIT_SQ":3175208000,"HOLDER_PROFIT_QOQ_SQ":-38.049774672037,"ROE_AVG_SQ":4.247361357483,"PE_TTM_SQ":7.218616288054,"PB_TTM_SQ":0.298424991791,"ROA_SQ":0.290039516378,"START_DATE":"2022-01-01 00:00:00","FISCAL_YEAR":"12-31","CURRENCY":"HKD","IS_CNY_CODE":0,"DPS_HKD_LY":0.12255,"ORG_TYPE":"银行","PREMIUM_INCOME":null,"PREMIUM_INCOME_YOY":null,"NET_INTEREST_INCOME":18582016000,"NET_INTEREST_INCOME_YOY":-4.995818837991,"FEE_COMMISSION_INCOME":1382088000,"FEE_COMMISSION_INCOME_YOY":null,"ACCOUNTS_RECE_TDAYS":null,"INVENTORY_TDAYS":null,"CURRENT_ASSETS_TDAYS":null,"TOTAL_ASSETS_TDAYS":0.01882577537,"PREMIUM_EXPENSE":null,"LOAN_DEPOSIT":78.264530547494,"LOAN_EQUITY":8.0747205337,"LOAN_ASSETS":57.771637649228,"DEPOSIT_EQUITY":10.31721582844,"DEPOSIT_ASSETS":73.815861725728,"EQUITY_MULTIPLIER":13.976963198998,"EQUITY_RATIO":14.124636047496},{"SECUCODE":"01551.HK","SECURITY_CODE":"01551","SECURITY_NAME_ABBR":"广州农商银行","ORG_CODE":"10063434","STD_REPORT_DATE":"2022-06-30 00:00:00","REPORT_DATE":"2022-06-30 00:00:00","DATE_TYPE_CODE":"002","REPORT_TYPE":"2022年中报","PER_NETCASH_OPERATE":-2.423750251378,"PER_OI":0.978979487017,"BPS":4.899420484081,"BASIC_EPS":0.17,"DILUTED_EPS":0.17,"OPERATE_INCOME":11210557000,"OPERATE_INCOME_YOY":-4.9647395163,"GROSS_PROFIT":null,"GROSS_PROFIT_YOY":null,"HOLDER_PROFIT":2526576000,"HOLDER_PROFIT_YOY":-19.2730479459,"GROSS_PROFIT_RATIO":null,"EPS_TTM":0.224604286524,"OPERATE_INCOME_QOQ":-2.494198172341,"NET_PROFIT_RATIO":26.4458135309,"ROE_AVG":3.14940844726,"GROSS_PROFIT_QOQ":null,"ROA":0.210698641891,"HOLDER_PROFIT_QOQ":-18.99730663314,"ROE_YEARLY":6.298816894519,"ROIC_YEARLY":0.456490935786,"TOTAL_ASSETS":1236655461000,"TOTAL_LIABILITIES":1149120606000,"TAX_EBT":6.546368679864,"OCF_SALES":-247.579268362848,"TOTAL_PARENT_EQUITY":80420351000,"DEBT_ASSET_RATIO":92.9216457,"OPERATE_PROFIT":3172400000,"PRETAX_PROFIT":3172400000,"NETCASH_OPERATE":-27755015000,"NETCASH_INVEST":-53676778000,"NETCASH_FINANCE":36839222000,"END_CASH":55252455000,"DIVI_RATIO":0.17722597425,"DIVIDEND_RATE":2.51,"CURRENT_RATIO":null,"COMMON_ACS":null,"CURRENTDEBT_DEBT":null,"ISSUED_COMMON_SHARES":14409789327,"HK_COMMON_SHARES":2674925000,"PER_SHARES":1000,"TOTAL_MARKET_CAP":25217131322.25,"HKSK_MARKET_CAP":4681118750,"PE_TTM":11.247090857778,"PB_TTM":0.286667133276,"REPORT_DATE_SQ":"2021-06-30 00:00:00","REPORT_TYPE_SQ":"2021年中报","OPERATE_INCOME_SQ":11796208000,"DPS_HKD":0.043925,"OPERATE_INCOME_QOQ_SQ":0.01189533332,"NET_PROFIT_RATIO_SQ":31.0276064986,"HOLDER_PROFIT_SQ":3129780000,"HOLDER_PROFIT_QOQ_SQ":0.868341633383,"ROE_AVG_SQ":4.479581719068,"PE_TTM_SQ":7.218616288054,"PB_TTM_SQ":0.298424991791,"ROA_SQ":0.295377389857,"START_DATE":"2022-01-01 00:00:00","FISCAL_YEAR":"12-31","CURRENCY":"HKD","IS_CNY_CODE":0,"DPS_HKD_LY":0.12255,"ORG_TYPE":"银行","PREMIUM_INCOME":null,"PREMIUM_INCOME_YOY":null,"NET_INTEREST_INCOME":9101211000,"NET_INTEREST_INCOME_YOY":-5.781834256065,"FEE_COMMISSION_INCOME":null,"FEE_COMMISSION_INCOME_YOY":null,"ACCOUNTS_RECE_TDAYS":null,"INVENTORY_TDAYS":null,"CURRENT_ASSETS_TDAYS":null,"TOTAL_ASSETS_TDAYS":0.009348814897,"PREMIUM_EXPENSE":null,"LOAN_DEPOSIT":80.095997846313,"LOAN_EQUITY":8.10703468921,"LOAN_ASSETS":57.384463852701,"DEPOSIT_EQUITY":10.121647656811,"DEPOSIT_ASSETS":71.644608214769,"EQUITY_MULTIPLIER":14.127577648946,"EQUITY_RATIO":14.288928010274},{"SECUCODE":"01551.HK","SECURITY_CODE":"01551","SECURITY_NAME_ABBR":"广州农商银行","ORG_CODE":"10063434","STD_REPORT_DATE":"2021-12-31 00:00:00","REPORT_DATE":"2021-12-31 00:00:00","DATE_TYPE_CODE":"001","REPORT_TYPE":"2021年年报","PER_NETCASH_OPERATE":1.086783002042,"PER_OI":2.050474313831,"BPS":4.872144096406,"BASIC_EPS":0.26,"DILUTED_EPS":0.26,"OPERATE_INCOME":23480532000,"OPERATE_INCOME_YOY":10.6611547852,"GROSS_PROFIT":null,"GROSS_PROFIT_YOY":null,"HOLDER_PROFIT":3175208000,"HOLDER_PROFIT_YOY":-37.5118350735,"GROSS_PROFIT_RATIO":null,"EPS_TTM":0.277280022662,"OPERATE_INCOME_QOQ":10.647992837637,"NET_PROFIT_RATIO":16.0826551971,"ROE_AVG":4.247361357483,"GROSS_PROFIT_QOQ":null,"ROA":0.290039516378,"HOLDER_PROFIT_QOQ":-38.049774672037,"ROE_YEARLY":4.247361357483,"ROIC_YEARLY":0.319727795445,"TOTAL_ASSETS":1161628626000,"TOTAL_LIABILITIES":1074743360000,"TAX_EBT":15.278198437345,"OCF_SALES":53.001541873072,"TOTAL_PARENT_EQUITY":80027304000,"DEBT_ASSET_RATIO":92.5203921412,"OPERATE_PROFIT":4457286000,"PRETAX_PROFIT":4457286000,"NETCASH_OPERATE":12445044000,"NETCASH_INVEST":-43625970000,"NETCASH_FINANCE":35242249000,"END_CASH":99541275000,"DIVI_RATIO":0.143557812488,"DIVIDEND_RATE":2.51,"CURRENT_RATIO":null,"COMMON_ACS":null,"CURRENTDEBT_DEBT":null,"ISSUED_COMMON_SHARES":14409789327,"HK_COMMON_SHARES":2674925000,"PER_SHARES":1000,"TOTAL_MARKET_CAP":25217131322.25,"HKSK_MARKET_CAP":4681118750,"PE_TTM":11.247090857778,"PB_TTM":0.286667133276,"REPORT_DATE_SQ":"2020-12-31 00:00:00","REPORT_TYPE_SQ":"2020年年报","OPERATE_INCOME_SQ":21218405000,"DPS_HKD":0.043925,"OPERATE_INCOME_QOQ_SQ":-13.924273954278,"NET_PROFIT_RATIO_SQ":24.8681133195,"HOLDER_PROFIT_SQ":5081295000,"HOLDER_PROFIT_QOQ_SQ":-27.559640074572,"ROE_AVG_SQ":7.373077111263,"PE_TTM_SQ":7.218616288054,"PB_TTM_SQ":0.298424991791,"ROA_SQ":0.528743645149,"START_DATE":"2021-01-01 00:00:00","FISCAL_YEAR":"12-31","CURRENCY":"HKD","IS_CNY_CODE":0,"DPS_HKD_LY":0.24281,"ORG_TYPE":"银行","PREMIUM_INCOME":null,"PREMIUM_INCOME_YOY":null,"NET_INTEREST_INCOME":19559156000,"NET_INTEREST_INCOME_YOY":10.832553288194,"FEE_COMMISSION_INCOME":1319067000,"FEE_COMMISSION_INCOME_YOY":null,"ACCOUNTS_RECE_TDAYS":null,"INVENTORY_TDAYS":null,"CURRENT_ASSETS_TDAYS":null,"TOTAL_ASSETS_TDAYS":0.021448302428,"PREMIUM_EXPENSE":null,"LOAN_DEPOSIT":79.02235199576,"LOAN_EQUITY":7.728648894279,"LOAN_ASSETS":57.807263007308,"DEPOSIT_EQUITY":9.780332651568,"DEPOSIT_ASSETS":73.15305296204,"EQUITY_MULTIPLIER":13.369684866881,"EQUITY_RATIO":13.429708440509},{"SECUCODE":"01551.HK","SECURITY_CODE":"01551","SECURITY_NAME_ABBR":"广州农商银行","ORG_CODE":"10063434","STD_REPORT_DATE":"2021-06-30 00:00:00","REPORT_DATE":"2021-06-30 00:00:00","DATE_TYPE_CODE":"002","REPORT_TYPE":"2021年中报","PER_NETCASH_OPERATE":-3.253478620932,"PER_OI":1.202679958557,"BPS":4.193507387841,"BASIC_EPS":0.26,"DILUTED_EPS":0.26,"OPERATE_INCOME":11796208000,"OPERATE_INCOME_YOY":0.0214012856,"GROSS_PROFIT":null,"GROSS_PROFIT_YOY":null,"HOLDER_PROFIT":3129780000,"HOLDER_PROFIT_YOY":1.4299385836,"GROSS_PROFIT_RATIO":null,"EPS_TTM":0.522560937195,"OPERATE_INCOME_QOQ":0.01189533332,"NET_PROFIT_RATIO":31.0276064986,"ROE_AVG":4.479581719068,"GROSS_PROFIT_QOQ":null,"ROA":0.295377389857,"HOLDER_PROFIT_QOQ":0.868341633383,"ROE_YEARLY":8.959163438135,"ROIC_YEARLY":0.658280777522,"TOTAL_ASSETS":1091302067000,"TOTAL_LIABILITIES":1014276535000,"TAX_EBT":17.883095487507,"OCF_SALES":-270.519068500657,"TOTAL_PARENT_EQUITY":70248292000,"DEBT_ASSET_RATIO":92.9418687704,"OPERATE_PROFIT":4457159000,"PRETAX_PROFIT":4457159000,"NETCASH_OPERATE":-31910992000,"NETCASH_INVEST":1030797000,"NETCASH_FINANCE":4430131000,"END_CASH":69160386000,"DIVI_RATIO":0.076174299812,"DIVIDEND_RATE":2.51,"CURRENT_RATIO":null,"COMMON_ACS":null,"CURRENTDEBT_DEBT":null,"ISSUED_COMMON_SHARES":14409789327,"HK_COMMON_SHARES":2674925000,"PER_SHARES":1000,"TOTAL_MARKET_CAP":25217131322.25,"HKSK_MARKET_CAP":4681118750,"PE_TTM":11.247090857778,"PB_TTM":0.286667133276,"REPORT_DATE_SQ":"2020-06-30 00:00:00","REPORT_TYPE_SQ":"2020年中报","OPERATE_INCOME_SQ":11793684000,"DPS_HKD":0.043925,"OPERATE_INCOME_QOQ_SQ":4.199865039453,"NET_PROFIT_RATIO_SQ":28.1698153011,"HOLDER_PROFIT_SQ":3085657000,"HOLDER_PROFIT_QOQ_SQ":-6.727015824268,"ROE_AVG_SQ":4.497937923204,"PE_TTM_SQ":7.218616288054,"PB_TTM_SQ":0.298424991791,"ROA_SQ":0.330657194683,"START_DATE":"2021-01-01 00:00:00","FISCAL_YEAR":"12-31","CURRENCY":"HKD","IS_CNY_CODE":0,"DPS_HKD_LY":0.24281,"ORG_TYPE":"银行","PREMIUM_INCOME":null,"PREMIUM_INCOME_YOY":null,"NET_INTEREST_INCOME":9659720000,"NET_INTEREST_INCOME_YOY":2.869032318319,"FEE_COMMISSION_INCOME":694193000,"FEE_COMMISSION_INCOME_YOY":null,"ACCOUNTS_RECE_TDAYS":null,"INVENTORY_TDAYS":null,"CURRENT_ASSETS_TDAYS":null,"TOTAL_ASSETS_TDAYS":0.011132837226,"PREMIUM_EXPENSE":null,"LOAN_DEPOSIT":78.753659608474,"LOAN_EQUITY":8.485780312429,"LOAN_ASSETS":59.893751030529,"DEPOSIT_EQUITY":10.775093315811,"DEPOSIT_ASSETS":76.052022633986,"EQUITY_MULTIPLIER":14.168056210208,"EQUITY_RATIO":14.438451186827},{"SECUCODE":"01551.HK","SECURITY_CODE":"01551","SECURITY_NAME_ABBR":"广州农商银行","ORG_CODE":"10063434","STD_REPORT_DATE":"2020-12-31 00:00:00","REPORT_DATE":"2020-12-31 00:00:00","DATE_TYPE_CODE":"001","REPORT_TYPE":"2020年年报","PER_NETCASH_OPERATE":3.110464999882,"PER_OI":2.163318114266,"BPS":4.140681077703,"BASIC_EPS":0.45,"DILUTED_EPS":0.45,"OPERATE_INCOME":21218405000,"OPERATE_INCOME_YOY":-10.3092096286,"GROSS_PROFIT":null,"GROSS_PROFIT_YOY":null,"HOLDER_PROFIT":5081295000,"HOLDER_PROFIT_YOY":-32.4327145499,"GROSS_PROFIT_RATIO":null,"EPS_TTM":0.518062385812,"OPERATE_INCOME_QOQ":-13.924273954278,"NET_PROFIT_RATIO":24.8681133195,"ROE_AVG":7.373077111263,"GROSS_PROFIT_QOQ":null,"ROA":0.528743645149,"HOLDER_PROFIT_QOQ":-27.559640074572,"ROE_YEARLY":7.373077111263,"ROIC_YEARLY":0.595376512687,"TOTAL_ASSETS":1027871646000,"TOTAL_LIABILITIES":951986336000,"TAX_EBT":16.078529605658,"OCF_SALES":143.782136310434,"TOTAL_PARENT_EQUITY":69487076000,"DEBT_ASSET_RATIO":92.6172387092,"OPERATE_PROFIT":6287565000,"PRETAX_PROFIT":6287565000,"NETCASH_OPERATE":30508276000,"NETCASH_INVEST":-12473100000,"NETCASH_FINANCE":-8387007000,"END_CASH":95700856000,"DIVI_RATIO":0.076835752971,"DIVIDEND_RATE":2.51,"CURRENT_RATIO":null,"COMMON_ACS":null,"CURRENTDEBT_DEBT":null,"ISSUED_COMMON_SHARES":14409789327,"HK_COMMON_SHARES":2674925000,"PER_SHARES":1000,"TOTAL_MARKET_CAP":25217131322.25,"HKSK_MARKET_CAP":4681118750,"PE_TTM":11.247090857778,"PB_TTM":0.286667133276,"REPORT_DATE_SQ":"2019-12-31 00:00:00","REPORT_TYPE_SQ":"2019年年报","OPERATE_INCOME_SQ":23657284000,"DPS_HKD":0.043925,"OPERATE_INCOME_QOQ_SQ":1.570291254691,"NET_PROFIT_RATIO_SQ":33.438804725,"HOLDER_PROFIT_SQ":7520348000,"HOLDER_PROFIT_QOQ_SQ":10.654343011413,"ROE_AVG_SQ":12.408994160692,"PE_TTM_SQ":7.218616288054,"PB_TTM_SQ":0.298424991791,"ROA_SQ":0.907463360232,"START_DATE":"2020-01-01 00:00:00","FISCAL_YEAR":"12-31","CURRENCY":"HKD","IS_CNY_CODE":0,"DPS_HKD_LY":0.21854,"ORG_TYPE":"银行","PREMIUM_INCOME":null,"PREMIUM_INCOME_YOY":null,"NET_INTEREST_INCOME":17647483000,"NET_INTEREST_INCOME_YOY":-6.544081262429,"FEE_COMMISSION_INCOME":1326961000,"FEE_COMMISSION_INCOME_YOY":null,"ACCOUNTS_RECE_TDAYS":null,"INVENTORY_TDAYS":null,"CURRENT_ASSETS_TDAYS":null,"TOTAL_ASSETS_TDAYS":0.022079207769,"PREMIUM_EXPENSE":null,"LOAN_DEPOSIT":73.851636808092,"LOAN_EQUITY":7.57563612773,"LOAN_ASSETS":55.929113156994,"DEPOSIT_EQUITY":10.257912288953,"DEPOSIT_ASSETS":75.731717771306,"EQUITY_MULTIPLIER":13.545067497254,"EQUITY_RATIO":13.700192766782},{"SECUCODE":"01551.HK","SECURITY_CODE":"01551","SECURITY_NAME_ABBR":"广州农商银行","ORG_CODE":"10063434","STD_REPORT_DATE":"2020-06-30 00:00:00","REPORT_DATE":"2020-06-30 00:00:00","DATE_TYPE_CODE":"002","REPORT_TYPE":"2020年中报","PER_NETCASH_OPERATE":-1.178732510639,"PER_OI":1.202422624656,"BPS":4.096920201976,"BASIC_EPS":0.25,"DILUTED_EPS":0.25,"OPERATE_INCOME":11793684000,"OPERATE_INCOME_YOY":9.199665559,"GROSS_PROFIT":null,"GROSS_PROFIT_YOY":null,"HOLDER_PROFIT":3085657000,"HOLDER_PROFIT_YOY":-14.0856933159,"GROSS_PROFIT_RATIO":null,"EPS_TTM":0.715157111789,"OPERATE_INCOME_QOQ":4.199865039453,"NET_PROFIT_RATIO":28.1698153011,"ROE_AVG":4.497937923204,"GROSS_PROFIT_QOQ":null,"ROA":0.330657194683,"HOLDER_PROFIT_QOQ":-6.727015824268,"ROE_YEARLY":8.995875846408,"ROIC_YEARLY":0.739420830086,"TOTAL_ASSETS":972223970000,"TOTAL_LIABILITIES":896808381000,"TAX_EBT":18.863320263417,"OCF_SALES":-98.029801375041,"TOTAL_PARENT_EQUITY":68856491000,"DEBT_ASSET_RATIO":92.2429819335,"OPERATE_PROFIT":4094645000,"PRETAX_PROFIT":4094645000,"NETCASH_OPERATE":-11561325000,"NETCASH_INVEST":5294375000,"NETCASH_FINANCE":-435235000,"END_CASH":80296550000,"DIVI_RATIO":0.055660096004,"DIVIDEND_RATE":2.51,"CURRENT_RATIO":null,"COMMON_ACS":null,"CURRENTDEBT_DEBT":null,"ISSUED_COMMON_SHARES":14409789327,"HK_COMMON_SHARES":2674925000,"PER_SHARES":1000,"TOTAL_MARKET_CAP":25217131322.25,"HKSK_MARKET_CAP":4681118750,"PE_TTM":11.247090857778,"PB_TTM":0.286667133276,"REPORT_DATE_SQ":"2019-06-30 00:00:00","REPORT_TYPE_SQ":"2019年中报","OPERATE_INCOME_SQ":10800110000,"DPS_HKD":0.043925,"OPERATE_INCOME_QOQ_SQ":12.700987890259,"NET_PROFIT_RATIO_SQ":34.0061443819,"HOLDER_PROFIT_SQ":3591552000,"HOLDER_PROFIT_QOQ_SQ":4.135780913551,"ROE_AVG_SQ":6.09623027071,"PE_TTM_SQ":7.218616288054,"PB_TTM_SQ":0.298424991791,"ROA_SQ":0.444324278279,"START_DATE":"2020-01-01 00:00:00","FISCAL_YEAR":"12-31","CURRENCY":"HKD","IS_CNY_CODE":0,"DPS_HKD_LY":0.21854,"ORG_TYPE":"银行","PREMIUM_INCOME":null,"PREMIUM_INCOME_YOY":null,"NET_INTEREST_INCOME":9390309000,"NET_INTEREST_INCOME_YOY":21.364110982858,"FEE_COMMISSION_INCOME":600041000,"FEE_COMMISSION_INCOME_YOY":null,"ACCOUNTS_RECE_TDAYS":null,"INVENTORY_TDAYS":null,"CURRENT_ASSETS_TDAYS":null,"TOTAL_ASSETS_TDAYS":0.012638042616,"PREMIUM_EXPENSE":null,"LOAN_DEPOSIT":78.53110789215,"LOAN_EQUITY":7.570582946717,"LOAN_ASSETS":58.725148691818,"DEPOSIT_EQUITY":9.640234487859,"DEPOSIT_ASSETS":74.779473087873,"EQUITY_MULTIPLIER":12.89155177192,"EQUITY_RATIO":13.024311404425}],"count":22},"success":true,"message":"ok","code":0}