{"version":"bd684f62c8135fea20f31dbc5a9f947d","result":{"pages":3,"data":[{"SECUCODE":"01558.HK","SECURITY_CODE":"01558","SECURITY_NAME_ABBR":"东阳光长江药业","ORG_CODE":"10489236","STD_REPORT_DATE":"2024-06-30 00:00:00","REPORT_DATE":"2024-06-30 00:00:00","DATE_TYPE_CODE":"002","REPORT_TYPE":"2024年中报","PER_NETCASH_OPERATE":0.027733972508,"PER_OI":2.789604663898,"BPS":9.847384171033,"BASIC_EPS":0.78,"DILUTED_EPS":0.78,"OPERATE_INCOME":2454762000,"OPERATE_INCOME_YOY":-23.5038806458,"GROSS_PROFIT":1949232000,"GROSS_PROFIT_YOY":-23.975043068531,"HOLDER_PROFIT":684731000,"HOLDER_PROFIT_YOY":-33.4886522033,"GROSS_PROFIT_RATIO":79.40615016853,"EPS_TTM":1.872636916105,"OPERATE_INCOME_QOQ":-11.982362618028,"NET_PROFIT_RATIO":27.8939872786,"ROE_AVG":8.249327310284,"GROSS_PROFIT_QOQ":-12.3292037088,"ROA":5.426077791789,"HOLDER_PROFIT_QOQ":-17.302009812187,"ROE_YEARLY":16.498654620568,"ROIC_YEARLY":12.426500585818,"TOTAL_ASSETS":12494196000,"TOTAL_LIABILITIES":3828816000,"TAX_EBT":15.83221782575,"OCF_SALES":0.994190068121,"TOTAL_PARENT_EQUITY":8665380000,"DEBT_ASSET_RATIO":30.6447569736,"OPERATE_PROFIT":867385000,"PRETAX_PROFIT":813531000,"NETCASH_OPERATE":24405000,"NETCASH_INVEST":150554000,"NETCASH_FINANCE":-326253000,"END_CASH":1523120000,"DIVI_RATIO":null,"DIVIDEND_RATE":null,"CURRENT_RATIO":2.154392305262,"COMMON_ACS":null,"CURRENTDEBT_DEBT":66.298876728472,"ISSUED_COMMON_SHARES":879967700,"HK_COMMON_SHARES":653767700,"PER_SHARES":200,"TOTAL_MARKET_CAP":8746878938,"HKSK_MARKET_CAP":6498450938,"PE_TTM":4.773300546781,"PB_TTM":0.921263864843,"REPORT_DATE_SQ":"2023-06-30 00:00:00","REPORT_TYPE_SQ":"2023年中报","OPERATE_INCOME_SQ":3209002000,"DPS_HKD":null,"OPERATE_INCOME_QOQ_SQ":51.154033482939,"NET_PROFIT_RATIO_SQ":31.9078641896,"HOLDER_PROFIT_SQ":1029495000,"HOLDER_PROFIT_QOQ_SQ":1386.75117162513,"ROE_AVG_SQ":16.086785621953,"PE_TTM_SQ":6.446984554311,"PB_TTM_SQ":1.066593502644,"ROA_SQ":8.127379510125,"START_DATE":"2024-01-01 00:00:00","FISCAL_YEAR":"12-31","CURRENCY":"HKD","IS_CNY_CODE":0,"DPS_HKD_LY":null,"ORG_TYPE":"一般企业","PREMIUM_INCOME":null,"PREMIUM_INCOME_YOY":null,"NET_INTEREST_INCOME":null,"NET_INTEREST_INCOME_YOY":null,"FEE_COMMISSION_INCOME":null,"FEE_COMMISSION_INCOME_YOY":null,"ACCOUNTS_RECE_TDAYS":1.197728243023,"INVENTORY_TDAYS":1.021063357716,"CURRENT_ASSETS_TDAYS":0.426103717799,"TOTAL_ASSETS_TDAYS":0.194524997004,"PREMIUM_EXPENSE":null,"LOAN_DEPOSIT":null,"LOAN_EQUITY":null,"LOAN_ASSETS":null,"DEPOSIT_EQUITY":null,"DEPOSIT_ASSETS":null,"EQUITY_MULTIPLIER":1.441852059576,"EQUITY_RATIO":0.441852059575},{"SECUCODE":"01558.HK","SECURITY_CODE":"01558","SECURITY_NAME_ABBR":"东阳光长江药业","ORG_CODE":"10489236","STD_REPORT_DATE":"2023-12-31 00:00:00","REPORT_DATE":"2023-12-31 00:00:00","DATE_TYPE_CODE":"001","REPORT_TYPE":"2023年年报","PER_NETCASH_OPERATE":1.901447064477,"PER_OI":7.153200054957,"BPS":9.017959409192,"BASIC_EPS":2.26,"DILUTED_EPS":2.26,"OPERATE_INCOME":6294585000,"OPERATE_INCOME_YOY":68.0818605953,"GROSS_PROFIT":4985764000,"GROSS_PROFIT_YOY":75.180406412483,"HOLDER_PROFIT":1992624000,"HOLDER_PROFIT_YOY":2501.2349385794,"GROSS_PROFIT_RATIO":79.207191578158,"EPS_TTM":2.264428569367,"OPERATE_INCOME_QOQ":11.199057492731,"NET_PROFIT_RATIO":29.4828968073,"ROE_AVG":28.835987851869,"GROSS_PROFIT_QOQ":12.055907441844,"ROA":16.177750794436,"HOLDER_PROFIT_QOQ":74.961014877566,"ROE_YEARLY":28.835987851869,"ROIC_YEARLY":18.238239836098,"TOTAL_ASSETS":12744329000,"TOTAL_LIABILITIES":4808816000,"TAX_EBT":12.739735495735,"OCF_SALES":26.581768297672,"TOTAL_PARENT_EQUITY":7935513000,"DEBT_ASSET_RATIO":37.7329869623,"OPERATE_PROFIT":2354198000,"PRETAX_PROFIT":2126771000,"NETCASH_OPERATE":1673212000,"NETCASH_INVEST":554568000,"NETCASH_FINANCE":-1476899000,"END_CASH":1674413000,"DIVI_RATIO":null,"DIVIDEND_RATE":null,"CURRENT_RATIO":1.397218054485,"COMMON_ACS":null,"CURRENTDEBT_DEBT":90.089119650242,"ISSUED_COMMON_SHARES":879967700,"HK_COMMON_SHARES":653767700,"PER_SHARES":200,"TOTAL_MARKET_CAP":8245297349,"HKSK_MARKET_CAP":6125803349,"PE_TTM":4.499580092891,"PB_TTM":0.868434850461,"REPORT_DATE_SQ":"2022-12-31 00:00:00","REPORT_TYPE_SQ":"2022年年报","OPERATE_INCOME_SQ":3744952000,"DPS_HKD":null,"OPERATE_INCOME_QOQ_SQ":86.79462303913,"NET_PROFIT_RATIO_SQ":1.3148099094,"HOLDER_PROFIT_SQ":76603000,"HOLDER_PROFIT_QOQ_SQ":167.539830187182,"ROE_AVG_SQ":1.310218405368,"PE_TTM_SQ":6.269674748087,"PB_TTM_SQ":1.037259247896,"ROA_SQ":0.682998518905,"START_DATE":"2023-01-01 00:00:00","FISCAL_YEAR":"12-31","CURRENCY":"HKD","IS_CNY_CODE":0,"DPS_HKD_LY":null,"ORG_TYPE":"一般企业","PREMIUM_INCOME":null,"PREMIUM_INCOME_YOY":null,"NET_INTEREST_INCOME":null,"NET_INTEREST_INCOME_YOY":null,"FEE_COMMISSION_INCOME":null,"FEE_COMMISSION_INCOME_YOY":null,"ACCOUNTS_RECE_TDAYS":3.996924800156,"INVENTORY_TDAYS":3.615143140854,"CURRENT_ASSETS_TDAYS":1.137533527374,"TOTAL_ASSETS_TDAYS":0.511045874608,"PREMIUM_EXPENSE":null,"LOAN_DEPOSIT":null,"LOAN_EQUITY":null,"LOAN_ASSETS":null,"DEPOSIT_EQUITY":null,"DEPOSIT_ASSETS":null,"EQUITY_MULTIPLIER":1.605986783716,"EQUITY_RATIO":0.605986783715},{"SECUCODE":"01558.HK","SECURITY_CODE":"01558","SECURITY_NAME_ABBR":"东阳光长江药业","ORG_CODE":"10489236","STD_REPORT_DATE":"2023-06-30 00:00:00","REPORT_DATE":"2023-06-30 00:00:00","DATE_TYPE_CODE":"002","REPORT_TYPE":"2023年中报","PER_NETCASH_OPERATE":1.414596240294,"PER_OI":3.646727033276,"BPS":7.85753727097,"BASIC_EPS":1.17,"DILUTED_EPS":1.17,"OPERATE_INCOME":3209002000,"OPERATE_INCOME_YOY":148.1235714926,"GROSS_PROFIT":2563937000,"GROSS_PROFIT_YOY":166.894115173262,"HOLDER_PROFIT":1029495000,"HOLDER_PROFIT_YOY":3238.8956643698,"GROSS_PROFIT_RATIO":79.898267436418,"EPS_TTM":1.294247504766,"OPERATE_INCOME_QOQ":51.154033482939,"NET_PROFIT_RATIO":31.9078641896,"ROE_AVG":16.086785621953,"GROSS_PROFIT_QOQ":56.333039829604,"ROA":8.127379510125,"HOLDER_PROFIT_QOQ":1386.75117162513,"ROE_YEARLY":32.173571243907,"ROIC_YEARLY":20.321472651671,"TOTAL_ASSETS":13444196000,"TOTAL_LIABILITIES":6350271000,"TAX_EBT":18.85552437566,"OCF_SALES":38.790845253446,"TOTAL_PARENT_EQUITY":6914379000,"DEBT_ASSET_RATIO":47.2342935197,"OPERATE_PROFIT":1398121000,"PRETAX_PROFIT":1261853000,"NETCASH_OPERATE":1244799000,"NETCASH_INVEST":1217801000,"NETCASH_FINANCE":395490000,"END_CASH":3781609000,"DIVI_RATIO":null,"DIVIDEND_RATE":null,"CURRENT_RATIO":1.168990539779,"COMMON_ACS":null,"CURRENTDEBT_DEBT":89.095347269432,"ISSUED_COMMON_SHARES":879967700,"HK_COMMON_SHARES":653767700,"PER_SHARES":200,"TOTAL_MARKET_CAP":8245297349,"HKSK_MARKET_CAP":6125803349,"PE_TTM":4.499580092891,"PB_TTM":0.868434850461,"REPORT_DATE_SQ":"2022-06-30 00:00:00","REPORT_TYPE_SQ":"2022年中报","OPERATE_INCOME_SQ":1293308000,"DPS_HKD":null,"OPERATE_INCOME_QOQ_SQ":119.399904573052,"NET_PROFIT_RATIO_SQ":-2.5099976185,"HOLDER_PROFIT_SQ":-32798000,"HOLDER_PROFIT_QOQ_SQ":80.699533224765,"ROE_AVG_SQ":-0.566275348842,"PE_TTM_SQ":6.269674748087,"PB_TTM_SQ":1.037259247896,"ROA_SQ":-0.307164937307,"START_DATE":"2023-01-01 00:00:00","FISCAL_YEAR":"12-31","CURRENCY":"HKD","IS_CNY_CODE":0,"DPS_HKD_LY":null,"ORG_TYPE":"一般企业","PREMIUM_INCOME":null,"PREMIUM_INCOME_YOY":null,"NET_INTEREST_INCOME":null,"NET_INTEREST_INCOME_YOY":null,"FEE_COMMISSION_INCOME":null,"FEE_COMMISSION_INCOME_YOY":null,"ACCOUNTS_RECE_TDAYS":2.940914148089,"INVENTORY_TDAYS":1.929679974633,"CURRENT_ASSETS_TDAYS":0.551947251144,"TOTAL_ASSETS_TDAYS":0.253335636431,"PREMIUM_EXPENSE":null,"LOAN_DEPOSIT":null,"LOAN_EQUITY":null,"LOAN_ASSETS":null,"DEPOSIT_EQUITY":null,"DEPOSIT_ASSETS":null,"EQUITY_MULTIPLIER":1.89517030417,"EQUITY_RATIO":0.918415232952},{"SECUCODE":"01558.HK","SECURITY_CODE":"01558","SECURITY_NAME_ABBR":"东阳光长江药业","ORG_CODE":"10489236","STD_REPORT_DATE":"2022-12-31 00:00:00","REPORT_DATE":"2022-12-31 00:00:00","DATE_TYPE_CODE":"001","REPORT_TYPE":"2022年年报","PER_NETCASH_OPERATE":1.931785678043,"PER_OI":4.255783479325,"BPS":6.687613647637,"BASIC_EPS":0.09,"DILUTED_EPS":0.09,"OPERATE_INCOME":3744952000,"OPERATE_INCOME_YOY":309.8272246954,"GROSS_PROFIT":2846074000,"GROSS_PROFIT_YOY":488.397743224609,"HOLDER_PROFIT":76603000,"HOLDER_PROFIT_YOY":113.0355024853,"GROSS_PROFIT_RATIO":75.997609582179,"EPS_TTM":0.087052058843,"OPERATE_INCOME_QOQ":86.79462303913,"NET_PROFIT_RATIO":1.3148099094,"ROE_AVG":1.310218405368,"GROSS_PROFIT_QOQ":111.82954640182,"ROA":0.682998518905,"HOLDER_PROFIT_QOQ":167.539830187182,"ROE_YEARLY":1.310218405368,"ROIC_YEARLY":0.766830609498,"TOTAL_ASSETS":11889800000,"TOTAL_LIABILITIES":5819799000,"TAX_EBT":-24.902338795596,"OCF_SALES":45.392010364886,"TOTAL_PARENT_EQUITY":5884884000,"DEBT_ASSET_RATIO":48.9478292318,"OPERATE_PROFIT":321068000,"PRETAX_PROFIT":39422000,"NETCASH_OPERATE":1699909000,"NETCASH_INVEST":-1120161000,"NETCASH_FINANCE":-787027000,"END_CASH":923543000,"DIVI_RATIO":null,"DIVIDEND_RATE":null,"CURRENT_RATIO":1.01482336497,"COMMON_ACS":null,"CURRENTDEBT_DEBT":84.89607630779,"ISSUED_COMMON_SHARES":879967700,"HK_COMMON_SHARES":653767700,"PER_SHARES":200,"TOTAL_MARKET_CAP":8245297349,"HKSK_MARKET_CAP":6125803349,"PE_TTM":4.499580092891,"PB_TTM":0.868434850461,"REPORT_DATE_SQ":"2021-12-31 00:00:00","REPORT_TYPE_SQ":"2021年年报","OPERATE_INCOME_SQ":913788000,"DPS_HKD":null,"OPERATE_INCOME_QOQ_SQ":95.817029319367,"NET_PROFIT_RATIO_SQ":-64.3173252439,"HOLDER_PROFIT_SQ":-587649000,"HOLDER_PROFIT_QOQ_SQ":-106.13404611321,"ROE_AVG_SQ":-10.984725849638,"PE_TTM_SQ":6.269674748087,"PB_TTM_SQ":1.037259247896,"ROA_SQ":-5.84642534232,"START_DATE":"2022-01-01 00:00:00","FISCAL_YEAR":"12-31","CURRENCY":"HKD","IS_CNY_CODE":0,"DPS_HKD_LY":null,"ORG_TYPE":"一般企业","PREMIUM_INCOME":null,"PREMIUM_INCOME_YOY":null,"NET_INTEREST_INCOME":null,"NET_INTEREST_INCOME_YOY":null,"FEE_COMMISSION_INCOME":null,"FEE_COMMISSION_INCOME_YOY":null,"ACCOUNTS_RECE_TDAYS":4.729349557715,"INVENTORY_TDAYS":3.022845929954,"CURRENT_ASSETS_TDAYS":1.059183222096,"TOTAL_ASSETS_TDAYS":0.33390293714,"PREMIUM_EXPENSE":null,"LOAN_DEPOSIT":null,"LOAN_EQUITY":null,"LOAN_ASSETS":null,"DEPOSIT_EQUITY":null,"DEPOSIT_ASSETS":null,"EQUITY_MULTIPLIER":1.958780566923,"EQUITY_RATIO":0.988940308764},{"SECUCODE":"01558.HK","SECURITY_CODE":"01558","SECURITY_NAME_ABBR":"东阳光长江药业","ORG_CODE":"10489236","STD_REPORT_DATE":"2022-06-30 00:00:00","REPORT_DATE":"2022-06-30 00:00:00","DATE_TYPE_CODE":"002","REPORT_TYPE":"2022年中报","PER_NETCASH_OPERATE":0.173218857919,"PER_OI":1.469722127301,"BPS":6.563289766204,"BASIC_EPS":-0.04,"DILUTED_EPS":-0.04,"OPERATE_INCOME":1293308000,"OPERATE_INCOME_YOY":539.4727213394,"GROSS_PROFIT":960657000,"GROSS_PROFIT_YOY":853.146207881891,"HOLDER_PROFIT":-32798000,"HOLDER_PROFIT_YOY":93.5313237139,"GROSS_PROFIT_RATIO":74.279058043405,"EPS_TTM":-0.12888995812,"OPERATE_INCOME_QOQ":119.399904573052,"NET_PROFIT_RATIO":-2.5099976185,"ROE_AVG":-0.566275348842,"GROSS_PROFIT_QOQ":177.769439258713,"ROA":-0.307164937307,"HOLDER_PROFIT_QOQ":80.699533224765,"ROE_YEARLY":-1.132550697683,"ROIC_YEARLY":-0.692679420982,"TOTAL_ASSETS":10813721000,"TOTAL_LIABILITIES":4825421000,"TAX_EBT":10.823581121916,"OCF_SALES":11.785823639845,"TOTAL_PARENT_EQUITY":5775483000,"DEBT_ASSET_RATIO":44.6231320375,"OPERATE_PROFIT":100611000,"PRETAX_PROFIT":-36402000,"NETCASH_OPERATE":152427000,"NETCASH_INVEST":-476929000,"NETCASH_FINANCE":52666000,"END_CASH":859097000,"DIVI_RATIO":null,"DIVIDEND_RATE":null,"CURRENT_RATIO":0.554018744089,"COMMON_ACS":null,"CURRENTDEBT_DEBT":82.341126297581,"ISSUED_COMMON_SHARES":879967700,"HK_COMMON_SHARES":653767700,"PER_SHARES":200,"TOTAL_MARKET_CAP":8245297349,"HKSK_MARKET_CAP":6125803349,"PE_TTM":4.499580092891,"PB_TTM":0.868434850461,"REPORT_DATE_SQ":"2021-06-30 00:00:00","REPORT_TYPE_SQ":"2021年中报","OPERATE_INCOME_SQ":202246000,"DPS_HKD":null,"OPERATE_INCOME_QOQ_SQ":-80.126424920777,"NET_PROFIT_RATIO_SQ":-250.6734372991,"HOLDER_PROFIT_SQ":-507028000,"HOLDER_PROFIT_QOQ_SQ":-133.960248018059,"ROE_AVG_SQ":-10.933008509379,"PE_TTM_SQ":6.269674748087,"PB_TTM_SQ":1.037259247896,"ROA_SQ":-5.488818908208,"START_DATE":"2022-01-01 00:00:00","FISCAL_YEAR":"12-31","CURRENCY":"HKD","IS_CNY_CODE":0,"DPS_HKD_LY":null,"ORG_TYPE":"一般企业","PREMIUM_INCOME":null,"PREMIUM_INCOME_YOY":null,"NET_INTEREST_INCOME":null,"NET_INTEREST_INCOME_YOY":null,"FEE_COMMISSION_INCOME":null,"FEE_COMMISSION_INCOME_YOY":null,"ACCOUNTS_RECE_TDAYS":1.912446202155,"INVENTORY_TDAYS":1.118122675487,"CURRENT_ASSETS_TDAYS":0.607377622361,"TOTAL_ASSETS_TDAYS":0.121122894914,"PREMIUM_EXPENSE":null,"LOAN_DEPOSIT":null,"LOAN_EQUITY":null,"LOAN_ASSETS":null,"DEPOSIT_EQUITY":null,"DEPOSIT_ASSETS":null,"EQUITY_MULTIPLIER":1.805808159243,"EQUITY_RATIO":0.835500857677},{"SECUCODE":"01558.HK","SECURITY_CODE":"01558","SECURITY_NAME_ABBR":"东阳光长江药业","ORG_CODE":"10489236","STD_REPORT_DATE":"2021-12-31 00:00:00","REPORT_DATE":"2021-12-31 00:00:00","DATE_TYPE_CODE":"001","REPORT_TYPE":"2021年年报","PER_NETCASH_OPERATE":-0.752879906842,"PER_OI":1.038433569778,"BPS":6.600561588795,"BASIC_EPS":-0.67,"DILUTED_EPS":-0.67,"OPERATE_INCOME":913788000,"OPERATE_INCOME_YOY":-61.0841556603,"GROSS_PROFIT":483699000,"GROSS_PROFIT_YOY":-75.773453018833,"HOLDER_PROFIT":-587649000,"HOLDER_PROFIT_YOY":-170.0036333097,"GROSS_PROFIT_RATIO":52.933393741218,"EPS_TTM":-0.667807466115,"OPERATE_INCOME_QOQ":95.817029319367,"NET_PROFIT_RATIO":-64.3173252439,"ROE_AVG":-10.984725849638,"GROSS_PROFIT_QOQ":31.973217866761,"ROA":-5.84642534232,"HOLDER_PROFIT_QOQ":-106.13404611321,"ROE_YEARLY":-10.984725849638,"ROIC_YEARLY":-7.122274443705,"TOTAL_ASSETS":10541581000,"TOTAL_LIABILITIES":4520819000,"TAX_EBT":11.909758027771,"OCF_SALES":-72.501499253656,"TOTAL_PARENT_EQUITY":5808281000,"DEBT_ASSET_RATIO":42.8855880347,"OPERATE_PROFIT":-423377000,"PRETAX_PROFIT":-667184000,"NETCASH_OPERATE":-662510000,"NETCASH_INVEST":-439106000,"NETCASH_FINANCE":187479000,"END_CASH":1131121000,"DIVI_RATIO":null,"DIVIDEND_RATE":null,"CURRENT_RATIO":1.661768696933,"COMMON_ACS":null,"CURRENTDEBT_DEBT":27.385834292415,"ISSUED_COMMON_SHARES":879967700,"HK_COMMON_SHARES":653767700,"PER_SHARES":200,"TOTAL_MARKET_CAP":8245297349,"HKSK_MARKET_CAP":6125803349,"PE_TTM":4.499580092891,"PB_TTM":0.868434850461,"REPORT_DATE_SQ":"2020-12-31 00:00:00","REPORT_TYPE_SQ":"2020年年报","OPERATE_INCOME_SQ":2348113000,"DPS_HKD":null,"OPERATE_INCOME_QOQ_SQ":-55.158475079586,"NET_PROFIT_RATIO_SQ":35.6631473869,"HOLDER_PROFIT_SQ":839455000,"HOLDER_PROFIT_QOQ_SQ":-46.45626048847,"ROE_AVG_SQ":18.053459600342,"PE_TTM_SQ":6.269674748087,"PB_TTM_SQ":1.037259247896,"ROA_SQ":8.621464355395,"START_DATE":"2021-01-01 00:00:00","FISCAL_YEAR":"12-31","CURRENCY":"HKD","IS_CNY_CODE":0,"DPS_HKD_LY":null,"ORG_TYPE":"一般企业","PREMIUM_INCOME":null,"PREMIUM_INCOME_YOY":null,"NET_INTEREST_INCOME":null,"NET_INTEREST_INCOME_YOY":null,"FEE_COMMISSION_INCOME":null,"FEE_COMMISSION_INCOME_YOY":null,"ACCOUNTS_RECE_TDAYS":1.593981237593,"INVENTORY_TDAYS":1.30733292399,"CURRENT_ASSETS_TDAYS":0.343433394356,"TOTAL_ASSETS_TDAYS":0.090911297742,"PREMIUM_EXPENSE":null,"LOAN_DEPOSIT":null,"LOAN_EQUITY":null,"LOAN_ASSETS":null,"DEPOSIT_EQUITY":null,"DEPOSIT_ASSETS":null,"EQUITY_MULTIPLIER":1.750871567421,"EQUITY_RATIO":0.778340269694},{"SECUCODE":"01558.HK","SECURITY_CODE":"01558","SECURITY_NAME_ABBR":"东阳光长江药业","ORG_CODE":"10489236","STD_REPORT_DATE":"2021-06-30 00:00:00","REPORT_DATE":"2021-06-30 00:00:00","DATE_TYPE_CODE":"002","REPORT_TYPE":"2021年中报","PER_NETCASH_OPERATE":-0.524786307497,"PER_OI":0.229833435932,"BPS":4.982086274303,"BASIC_EPS":-0.58,"DILUTED_EPS":-0.58,"OPERATE_INCOME":202246000,"OPERATE_INCOME_YOY":-90.293923564,"GROSS_PROFIT":100788000,"GROSS_PROFIT_YOY":-94.176934796437,"HOLDER_PROFIT":-507028000,"HOLDER_PROFIT_YOY":-182.108733814,"GROSS_PROFIT_RATIO":49.834360135676,"EPS_TTM":-0.323967572901,"OPERATE_INCOME_QOQ":-80.126424920777,"NET_PROFIT_RATIO":-250.6734372991,"ROE_AVG":-10.933008509379,"GROSS_PROFIT_QOQ":-81.642830740381,"ROA":-5.488818908208,"HOLDER_PROFIT_QOQ":-133.960248018059,"ROE_YEARLY":-21.866017018757,"ROIC_YEARLY":-13.818142573554,"TOTAL_ASSETS":8913673000,"TOTAL_LIABILITIES":4316991000,"TAX_EBT":13.809324656072,"OCF_SALES":-228.333316851755,"TOTAL_PARENT_EQUITY":4384075000,"DEBT_ASSET_RATIO":48.4311125167,"OPERATE_PROFIT":-468906000,"PRETAX_PROFIT":-588204000,"NETCASH_OPERATE":-461795000,"NETCASH_INVEST":-329431000,"NETCASH_FINANCE":73607000,"END_CASH":1327642000,"DIVI_RATIO":null,"DIVIDEND_RATE":null,"CURRENT_RATIO":2.059316840744,"COMMON_ACS":null,"CURRENTDEBT_DEBT":25.591413093055,"ISSUED_COMMON_SHARES":879967700,"HK_COMMON_SHARES":653767700,"PER_SHARES":200,"TOTAL_MARKET_CAP":8245297349,"HKSK_MARKET_CAP":6125803349,"PE_TTM":4.499580092891,"PB_TTM":0.868434850461,"REPORT_DATE_SQ":"2020-06-30 00:00:00","REPORT_TYPE_SQ":"2020年中报","OPERATE_INCOME_SQ":2083705000,"DPS_HKD":null,"OPERATE_INCOME_QOQ_SQ":-15.86680899688,"NET_PROFIT_RATIO_SQ":29.5982876655,"HOLDER_PROFIT_SQ":617508000,"HOLDER_PROFIT_QOQ_SQ":-18.289172563427,"ROE_AVG_SQ":13.470069674805,"PE_TTM_SQ":6.269674748087,"PB_TTM_SQ":1.037259247896,"ROA_SQ":6.062218466368,"START_DATE":"2021-01-01 00:00:00","FISCAL_YEAR":"12-31","CURRENCY":"HKD","IS_CNY_CODE":0,"DPS_HKD_LY":null,"ORG_TYPE":"一般企业","PREMIUM_INCOME":null,"PREMIUM_INCOME_YOY":null,"NET_INTEREST_INCOME":null,"NET_INTEREST_INCOME_YOY":null,"FEE_COMMISSION_INCOME":null,"FEE_COMMISSION_INCOME_YOY":null,"ACCOUNTS_RECE_TDAYS":0.407864221382,"INVENTORY_TDAYS":0.263409251699,"CURRENT_ASSETS_TDAYS":0.073023541306,"TOTAL_ASSETS_TDAYS":0.021894090048,"PREMIUM_EXPENSE":null,"LOAN_DEPOSIT":null,"LOAN_EQUITY":null,"LOAN_ASSETS":null,"DEPOSIT_EQUITY":null,"DEPOSIT_ASSETS":null,"EQUITY_MULTIPLIER":1.93915372001,"EQUITY_RATIO":0.984698254478},{"SECUCODE":"01558.HK","SECURITY_CODE":"01558","SECURITY_NAME_ABBR":"东阳光长江药业","ORG_CODE":"10489236","STD_REPORT_DATE":"2020-12-31 00:00:00","REPORT_DATE":"2020-12-31 00:00:00","DATE_TYPE_CODE":"001","REPORT_TYPE":"2020年年报","PER_NETCASH_OPERATE":1.476750794376,"PER_OI":2.668408169982,"BPS":5.558275604889,"BASIC_EPS":0.95,"DILUTED_EPS":0.53,"OPERATE_INCOME":2348113000,"OPERATE_INCOME_YOY":-62.27339419,"GROSS_PROFIT":1996566000,"GROSS_PROFIT_YOY":-62.344588154129,"HOLDER_PROFIT":839455000,"HOLDER_PROFIT_YOY":-56.2489674046,"GROSS_PROFIT_RATIO":85.028531420762,"EPS_TTM":0.953961151074,"OPERATE_INCOME_QOQ":-55.158475079586,"NET_PROFIT_RATIO":35.6631473869,"ROE_AVG":18.053459600342,"GROSS_PROFIT_QOQ":-54.749204652621,"ROA":8.621464355395,"HOLDER_PROFIT_QOQ":-46.45626048847,"ROE_YEARLY":18.053459600342,"ROIC_YEARLY":11.804734029445,"TOTAL_ASSETS":9561267000,"TOTAL_LIABILITIES":4457608000,"TAX_EBT":17.123632023467,"OCF_SALES":55.342012926976,"TOTAL_PARENT_EQUITY":4891103000,"DEBT_ASSET_RATIO":46.6215199304,"OPERATE_PROFIT":1254640000,"PRETAX_PROFIT":1010434000,"NETCASH_OPERATE":1299493000,"NETCASH_INVEST":-2094628000,"NETCASH_FINANCE":64633000,"END_CASH":2044967000,"DIVI_RATIO":null,"DIVIDEND_RATE":null,"CURRENT_RATIO":0.784413102622,"COMMON_ACS":null,"CURRENTDEBT_DEBT":93.350806082545,"ISSUED_COMMON_SHARES":879967700,"HK_COMMON_SHARES":653767700,"PER_SHARES":200,"TOTAL_MARKET_CAP":8245297349,"HKSK_MARKET_CAP":6125803349,"PE_TTM":4.499580092891,"PB_TTM":0.868434850461,"REPORT_DATE_SQ":"2019-12-31 00:00:00","REPORT_TYPE_SQ":"2019年年报","OPERATE_INCOME_SQ":6224024000,"DPS_HKD":null,"OPERATE_INCOME_QOQ_SQ":51.831126578224,"NET_PROFIT_RATIO_SQ":30.6423143613,"HOLDER_PROFIT_SQ":1918709000,"HOLDER_PROFIT_QOQ_SQ":50.320036727838,"ROE_AVG_SQ":48.930986516946,"PE_TTM_SQ":6.269674748087,"PB_TTM_SQ":1.037259247896,"ROA_SQ":26.513812108507,"START_DATE":"2020-01-01 00:00:00","FISCAL_YEAR":"12-31","CURRENCY":"HKD","IS_CNY_CODE":0,"DPS_HKD_LY":0.4416,"ORG_TYPE":"一般企业","PREMIUM_INCOME":null,"PREMIUM_INCOME_YOY":null,"NET_INTEREST_INCOME":null,"NET_INTEREST_INCOME_YOY":null,"FEE_COMMISSION_INCOME":null,"FEE_COMMISSION_INCOME_YOY":null,"ACCOUNTS_RECE_TDAYS":1.587095265405,"INVENTORY_TDAYS":1.232224946503,"CURRENT_ASSETS_TDAYS":0.546401966115,"TOTAL_ASSETS_TDAYS":0.241158519896,"PREMIUM_EXPENSE":null,"LOAN_DEPOSIT":null,"LOAN_EQUITY":null,"LOAN_ASSETS":null,"DEPOSIT_EQUITY":null,"DEPOSIT_ASSETS":null,"EQUITY_MULTIPLIER":1.873414152475,"EQUITY_RATIO":0.91137070718},{"SECUCODE":"01558.HK","SECURITY_CODE":"01558","SECURITY_NAME_ABBR":"东阳光长江药业","ORG_CODE":"10489236","STD_REPORT_DATE":"2020-06-30 00:00:00","REPORT_DATE":"2020-06-30 00:00:00","DATE_TYPE_CODE":"002","REPORT_TYPE":"2020年中报","PER_NETCASH_OPERATE":1.521642214822,"PER_OI":2.367933504832,"BPS":5.40933377441,"BASIC_EPS":0.7,"DILUTED_EPS":0.63,"OPERATE_INCOME":2083705000,"OPERATE_INCOME_YOY":-32.1546961686,"GROSS_PROFIT":1730841000,"GROSS_PROFIT_YOY":-33.958036034524,"HOLDER_PROFIT":617508000,"HOLDER_PROFIT_YOY":-36.2357810215,"GROSS_PROFIT_RATIO":83.06554910604,"EPS_TTM":1.781648349138,"OPERATE_INCOME_QOQ":-15.86680899688,"NET_PROFIT_RATIO":29.5982876655,"ROE_AVG":13.470069674805,"GROSS_PROFIT_QOQ":-16.785082876888,"ROA":6.062218466368,"HOLDER_PROFIT_QOQ":-18.289172563427,"ROE_YEARLY":26.94013934961,"ROIC_YEARLY":17.874699689035,"TOTAL_ASSETS":10460005000,"TOTAL_LIABILITIES":5486133000,"TAX_EBT":18.618144295072,"OCF_SALES":64.260343954639,"TOTAL_PARENT_EQUITY":4760039000,"DEBT_ASSET_RATIO":52.4486651775,"OPERATE_PROFIT":880900000,"PRETAX_PROFIT":757836000,"NETCASH_OPERATE":1338996000,"NETCASH_INVEST":-965002000,"NETCASH_FINANCE":192048000,"END_CASH":3346180000,"DIVI_RATIO":null,"DIVIDEND_RATE":null,"CURRENT_RATIO":1.934959733866,"COMMON_ACS":null,"CURRENTDEBT_DEBT":44.349307608839,"ISSUED_COMMON_SHARES":879967700,"HK_COMMON_SHARES":653767700,"PER_SHARES":200,"TOTAL_MARKET_CAP":8245297349,"HKSK_MARKET_CAP":6125803349,"PE_TTM":4.499580092891,"PB_TTM":0.868434850461,"REPORT_DATE_SQ":"2019-06-30 00:00:00","REPORT_TYPE_SQ":"2019年中报","OPERATE_INCOME_SQ":3071259000,"DPS_HKD":null,"OPERATE_INCOME_QOQ_SQ":63.288037806376,"NET_PROFIT_RATIO_SQ":31.2630748498,"HOLDER_PROFIT_SQ":968424000,"HOLDER_PROFIT_QOQ_SQ":35.423580637769,"ROE_AVG_SQ":25.837245130658,"PE_TTM_SQ":6.269674748087,"PB_TTM_SQ":1.037259247896,"ROA_SQ":14.14563965694,"START_DATE":"2020-01-01 00:00:00","FISCAL_YEAR":"12-31","CURRENCY":"HKD","IS_CNY_CODE":0,"DPS_HKD_LY":0.4416,"ORG_TYPE":"一般企业","PREMIUM_INCOME":null,"PREMIUM_INCOME_YOY":null,"NET_INTEREST_INCOME":null,"NET_INTEREST_INCOME_YOY":null,"FEE_COMMISSION_INCOME":null,"FEE_COMMISSION_INCOME_YOY":null,"ACCOUNTS_RECE_TDAYS":1.226280847478,"INVENTORY_TDAYS":1.370734227567,"CURRENT_ASSETS_TDAYS":0.415139144099,"TOTAL_ASSETS_TDAYS":0.204562125988,"PREMIUM_EXPENSE":null,"LOAN_DEPOSIT":null,"LOAN_EQUITY":null,"LOAN_ASSETS":null,"DEPOSIT_EQUITY":null,"DEPOSIT_ASSETS":null,"EQUITY_MULTIPLIER":2.102990386564,"EQUITY_RATIO":1.152539506504}],"count":23},"success":true,"message":"ok","code":0}