{"version":"2402fb7cff5e4e88edbf623d5afa2757","result":{"pages":2,"data":[{"SECUCODE":"01563.HK","SECURITY_CODE":"01563","SECURITY_NAME_ABBR":"友联国际教育租赁","ORG_CODE":"10946134","STD_REPORT_DATE":"2024-06-30 00:00:00","REPORT_DATE":"2024-09-30 00:00:00","DATE_TYPE_CODE":"002","REPORT_TYPE":"2024年中报","PER_NETCASH_OPERATE":0.277293818609,"PER_OI":0.197917221101,"BPS":1.457944046829,"BASIC_EPS":0.061,"DILUTED_EPS":0.061,"OPERATE_INCOME":334661000,"OPERATE_INCOME_YOY":12.224018135,"GROSS_PROFIT":155595000,"GROSS_PROFIT_YOY":-9.124093985994,"HOLDER_PROFIT":103208000,"HOLDER_PROFIT_YOY":-18.5285759394,"GROSS_PROFIT_RATIO":46.493317117919,"EPS_TTM":0.117396863471,"OPERATE_INCOME_QOQ":0,"NET_PROFIT_RATIO":38.5811313538,"ROE_AVG":4.258418079049,"GROSS_PROFIT_QOQ":0,"ROA":2.661948436484,"HOLDER_PROFIT_QOQ":0,"ROE_YEARLY":8.516836158099,"ROIC_YEARLY":6.805359068608,"TOTAL_ASSETS":4074973000,"TOTAL_LIABILITIES":1164789000,"TAX_EBT":6.413267229132,"OCF_SALES":140.105957969408,"TOTAL_PARENT_EQUITY":2465258000,"DEBT_ASSET_RATIO":28.5839685318,"OPERATE_PROFIT":151837000,"PRETAX_PROFIT":137964000,"NETCASH_OPERATE":468880000,"NETCASH_INVEST":44089000,"NETCASH_FINANCE":-51876000,"END_CASH":632652000,"DIVI_RATIO":null,"DIVIDEND_RATE":null,"CURRENT_RATIO":1.704881303701,"COMMON_ACS":50000000000,"CURRENTDEBT_DEBT":86.14083752508,"ISSUED_COMMON_SHARES":1690914000,"HK_COMMON_SHARES":1690914000,"PER_SHARES":1000,"TOTAL_MARKET_CAP":380455650,"HKSK_MARKET_CAP":380455650,"PE_TTM":1.717983108496,"PB_TTM":0.139170464354,"REPORT_DATE_SQ":"2023-06-30 00:00:00","REPORT_TYPE_SQ":"2023年中报","OPERATE_INCOME_SQ":298208000,"DPS_HKD":null,"OPERATE_INCOME_QOQ_SQ":44.748316142258,"NET_PROFIT_RATIO_SQ":51.5733984333,"HOLDER_PROFIT_SQ":126680000,"HOLDER_PROFIT_QOQ_SQ":22.389881959899,"ROE_AVG_SQ":5.506968915273,"PE_TTM_SQ":6.795577629161,"PB_TTM_SQ":0.569554473998,"ROA_SQ":3.274022474402,"START_DATE":"2024-04-01 00:00:00","FISCAL_YEAR":"3-31","CURRENCY":"HKD","IS_CNY_CODE":0,"DPS_HKD_LY":null,"ORG_TYPE":"一般企业","PREMIUM_INCOME":null,"PREMIUM_INCOME_YOY":null,"NET_INTEREST_INCOME":null,"NET_INTEREST_INCOME_YOY":null,"FEE_COMMISSION_INCOME":null,"FEE_COMMISSION_INCOME_YOY":null,"ACCOUNTS_RECE_TDAYS":1.025398970192,"INVENTORY_TDAYS":49.830527341032,"CURRENT_ASSETS_TDAYS":0.233791528244,"TOTAL_ASSETS_TDAYS":0.086316014815,"PREMIUM_EXPENSE":null,"LOAN_DEPOSIT":null,"LOAN_EQUITY":null,"LOAN_ASSETS":null,"DEPOSIT_EQUITY":null,"DEPOSIT_ASSETS":null,"EQUITY_MULTIPLIER":1.40024582638,"EQUITY_RATIO":0.472481582049},{"SECUCODE":"01563.HK","SECURITY_CODE":"01563","SECURITY_NAME_ABBR":"友联国际教育租赁","ORG_CODE":"10946134","STD_REPORT_DATE":"2023-09-30 00:00:00","REPORT_DATE":"2023-09-30 00:00:00","DATE_TYPE_CODE":"004","REPORT_TYPE":"2023年三季报","PER_NETCASH_OPERATE":0.449671006331,"PER_OI":0.261048166849,"BPS":1.433911482192,"BASIC_EPS":0.112,"DILUTED_EPS":0.112,"OPERATE_INCOME":441410000,"OPERATE_INCOME_YOY":117.2539214576,"GROSS_PROFIT":250562000,"GROSS_PROFIT_YOY":34.047720950139,"HOLDER_PROFIT":189362000,"HOLDER_PROFIT_YOY":-46.087575447,"GROSS_PROFIT_RATIO":56.76400625269,"EPS_TTM":0.117396863471,"OPERATE_INCOME_QOQ":13.712895213047,"NET_PROFIT_RATIO":52.4514623593,"ROE_AVG":8.120403348559,"GROSS_PROFIT_QOQ":8.707940643292,"ROA":4.654039498212,"HOLDER_PROFIT_QOQ":-54.994604104508,"ROE_YEARLY":10.827204464745,"ROIC_YEARLY":5.500934605774,"TOTAL_ASSETS":3962887000,"TOTAL_LIABILITIES":1119730000,"TAX_EBT":20.657016353443,"OCF_SALES":172.255952515802,"TOTAL_PARENT_EQUITY":2424621000,"DEBT_ASSET_RATIO":28.2554107649,"OPERATE_PROFIT":329867000,"PRETAX_PROFIT":291804000,"NETCASH_OPERATE":760355000,"NETCASH_INVEST":-504839000,"NETCASH_FINANCE":-148698000,"END_CASH":242369000,"DIVI_RATIO":null,"DIVIDEND_RATE":null,"CURRENT_RATIO":1.624968061784,"COMMON_ACS":50000000000,"CURRENTDEBT_DEBT":84.936100667125,"ISSUED_COMMON_SHARES":1690914000,"HK_COMMON_SHARES":1690914000,"PER_SHARES":1000,"TOTAL_MARKET_CAP":431183070,"HKSK_MARKET_CAP":431183070,"PE_TTM":1.947047522962,"PB_TTM":0.157726526268,"REPORT_DATE_SQ":"2022-09-30 00:00:00","REPORT_TYPE_SQ":"2022年三季报","OPERATE_INCOME_SQ":203177000,"DPS_HKD":null,"OPERATE_INCOME_QOQ_SQ":0,"NET_PROFIT_RATIO_SQ":176.7330947893,"HOLDER_PROFIT_SQ":351240000,"HOLDER_PROFIT_QOQ_SQ":0,"ROE_AVG_SQ":null,"PE_TTM_SQ":4.304804574187,"PB_TTM_SQ":0.793536570514,"ROA_SQ":null,"START_DATE":"2023-01-01 00:00:00","FISCAL_YEAR":"12-31","CURRENCY":"HKD","IS_CNY_CODE":0,"DPS_HKD_LY":null,"ORG_TYPE":"一般企业","PREMIUM_INCOME":null,"PREMIUM_INCOME_YOY":null,"NET_INTEREST_INCOME":null,"NET_INTEREST_INCOME_YOY":null,"FEE_COMMISSION_INCOME":null,"FEE_COMMISSION_INCOME_YOY":null,"ACCOUNTS_RECE_TDAYS":1.529659438433,"INVENTORY_TDAYS":56.305649800856,"CURRENT_ASSETS_TDAYS":0.261298120253,"TOTAL_ASSETS_TDAYS":0.108487424874,"PREMIUM_EXPENSE":null,"LOAN_DEPOSIT":null,"LOAN_EQUITY":null,"LOAN_ASSETS":null,"DEPOSIT_EQUITY":null,"DEPOSIT_ASSETS":null,"EQUITY_MULTIPLIER":1.39383333386,"EQUITY_RATIO":0.46181650658},{"SECUCODE":"01563.HK","SECURITY_CODE":"01563","SECURITY_NAME_ABBR":"友联国际教育租赁","ORG_CODE":"10946134","STD_REPORT_DATE":"2023-06-30 00:00:00","REPORT_DATE":"2023-06-30 00:00:00","DATE_TYPE_CODE":"002","REPORT_TYPE":"2023年中报","PER_NETCASH_OPERATE":0.319037514622,"PER_OI":0.176359057882,"BPS":1.39657013899,"BASIC_EPS":0.0749,"DILUTED_EPS":0.0749,"OPERATE_INCOME":298208000,"OPERATE_INCOME_YOY":123.9168631456,"GROSS_PROFIT":171217000,"GROSS_PROFIT_YOY":28.562525342024,"HOLDER_PROFIT":126680000,"HOLDER_PROFIT_YOY":175.4511850402,"GROSS_PROFIT_RATIO":57.415294022964,"EPS_TTM":0.260850640541,"OPERATE_INCOME_QOQ":44.748316142258,"NET_PROFIT_RATIO":51.5733984333,"ROE_AVG":5.506968915273,"GROSS_PROFIT_QOQ":14.860145323853,"ROA":3.274022474402,"HOLDER_PROFIT_QOQ":22.389881959899,"ROE_YEARLY":11.013937830546,"ROIC_YEARLY":7.765051414809,"TOTAL_ASSETS":3563847000,"TOTAL_LIABILITIES":816527000,"TAX_EBT":20.959610235431,"OCF_SALES":180.902256143363,"TOTAL_PARENT_EQUITY":2361480000,"DEBT_ASSET_RATIO":22.911393222,"OPERATE_PROFIT":227613000,"PRETAX_PROFIT":194579000,"NETCASH_OPERATE":539465000,"NETCASH_INVEST":-321703000,"NETCASH_FINANCE":-107752000,"END_CASH":242448000,"DIVI_RATIO":null,"DIVIDEND_RATE":null,"CURRENT_RATIO":2.142005458199,"COMMON_ACS":50000000000,"CURRENTDEBT_DEBT":78.307882041868,"ISSUED_COMMON_SHARES":1690914000,"HK_COMMON_SHARES":1690914000,"PER_SHARES":1000,"TOTAL_MARKET_CAP":385528392,"HKSK_MARKET_CAP":385528392,"PE_TTM":1.740889549942,"PB_TTM":0.141026070546,"REPORT_DATE_SQ":"2022-06-30 00:00:00","REPORT_TYPE_SQ":"2022年中报","OPERATE_INCOME_SQ":133178000,"DPS_HKD":null,"OPERATE_INCOME_QOQ_SQ":4.999935301044,"NET_PROFIT_RATIO_SQ":34.5327306312,"HOLDER_PROFIT_SQ":45990000,"HOLDER_PROFIT_QOQ_SQ":1.574164438079,"ROE_AVG_SQ":3.545485557678,"PE_TTM_SQ":4.131223744583,"PB_TTM_SQ":0.761539128155,"ROA_SQ":2.015840500072,"START_DATE":"2023-01-01 00:00:00","FISCAL_YEAR":"12-31","CURRENCY":"HKD","IS_CNY_CODE":0,"DPS_HKD_LY":null,"ORG_TYPE":"一般企业","PREMIUM_INCOME":null,"PREMIUM_INCOME_YOY":null,"NET_INTEREST_INCOME":null,"NET_INTEREST_INCOME_YOY":null,"FEE_COMMISSION_INCOME":null,"FEE_COMMISSION_INCOME_YOY":null,"ACCOUNTS_RECE_TDAYS":1.053513294861,"INVENTORY_TDAYS":67.873329770176,"CURRENT_ASSETS_TDAYS":0.186218920634,"TOTAL_ASSETS_TDAYS":0.077071336758,"PREMIUM_EXPENSE":null,"LOAN_DEPOSIT":null,"LOAN_EQUITY":null,"LOAN_ASSETS":null,"DEPOSIT_EQUITY":null,"DEPOSIT_ASSETS":null,"EQUITY_MULTIPLIER":1.297208552335,"EQUITY_RATIO":0.345769178651},{"SECUCODE":"01563.HK","SECURITY_CODE":"01563","SECURITY_NAME_ABBR":"友联国际教育租赁","ORG_CODE":"10946134","STD_REPORT_DATE":"2022-12-31 00:00:00","REPORT_DATE":"2022-12-31 00:00:00","DATE_TYPE_CODE":"001","REPORT_TYPE":"2022年年报","PER_NETCASH_OPERATE":0.089456944587,"PER_OI":0.218104528084,"BPS":1.324275510168,"BASIC_EPS":0.2388,"DILUTED_EPS":0.2388,"OPERATE_INCOME":368796000,"OPERATE_INCOME_YOY":59.0714405869,"GROSS_PROFIT":255980000,"GROSS_PROFIT_YOY":10.410924634343,"HOLDER_PROFIT":360386000,"HOLDER_PROFIT_YOY":356.7687803394,"GROSS_PROFIT_RATIO":69.40964652545,"EPS_TTM":0.213130886609,"OPERATE_INCOME_QOQ":51.496703432128,"NET_PROFIT_RATIO":100.901311294,"ROE_AVG":20.51897253118,"GROSS_PROFIT_QOQ":5.15332634995,"ROA":10.902320009439,"HOLDER_PROFIT_QOQ":349.689921513333,"ROE_YEARLY":20.51897253118,"ROIC_YEARLY":12.459752295757,"TOTAL_ASSETS":4174646000,"TOTAL_LIABILITIES":1576686000,"TAX_EBT":10.336635190196,"OCF_SALES":41.01562923676,"TOTAL_PARENT_EQUITY":2239236000,"DEBT_ASSET_RATIO":37.7681365079,"OPERATE_PROFIT":492003000,"PRETAX_PROFIT":415019000,"NETCASH_OPERATE":151264000,"NETCASH_INVEST":-266566000,"NETCASH_FINANCE":90778000,"END_CASH":125832000,"DIVI_RATIO":null,"DIVIDEND_RATE":null,"CURRENT_RATIO":1.443979176365,"COMMON_ACS":50000000000,"CURRENTDEBT_DEBT":80.518188149067,"ISSUED_COMMON_SHARES":1690914000,"HK_COMMON_SHARES":1690914000,"PER_SHARES":1000,"TOTAL_MARKET_CAP":431183070,"HKSK_MARKET_CAP":431183070,"PE_TTM":1.947047522962,"PB_TTM":0.157726526268,"REPORT_DATE_SQ":"2021-12-31 00:00:00","REPORT_TYPE_SQ":"2021年年报","OPERATE_INCOME_SQ":231843000,"DPS_HKD":null,"OPERATE_INCOME_QOQ_SQ":-4.370189491746,"NET_PROFIT_RATIO_SQ":34.0312194028,"HOLDER_PROFIT_SQ":78899000,"HOLDER_PROFIT_QOQ_SQ":-18.565117767273,"ROE_AVG_SQ":6.391367251483,"PE_TTM_SQ":4.304804574187,"PB_TTM_SQ":0.793536570514,"ROA_SQ":2.845237322486,"START_DATE":"2022-01-01 00:00:00","FISCAL_YEAR":"12-31","CURRENCY":"HKD","IS_CNY_CODE":0,"DPS_HKD_LY":null,"ORG_TYPE":"一般企业","PREMIUM_INCOME":null,"PREMIUM_INCOME_YOY":null,"NET_INTEREST_INCOME":null,"NET_INTEREST_INCOME_YOY":null,"FEE_COMMISSION_INCOME":null,"FEE_COMMISSION_INCOME_YOY":null,"ACCOUNTS_RECE_TDAYS":2.26996085383,"INVENTORY_TDAYS":56.043715846995,"CURRENT_ASSETS_TDAYS":0.232122356495,"TOTAL_ASSETS_TDAYS":0.111567375264,"PREMIUM_EXPENSE":null,"LOAN_DEPOSIT":null,"LOAN_EQUITY":null,"LOAN_ASSETS":null,"DEPOSIT_EQUITY":null,"DEPOSIT_ASSETS":null,"EQUITY_MULTIPLIER":1.606893870576,"EQUITY_RATIO":0.704117833047},{"SECUCODE":"01563.HK","SECURITY_CODE":"01563","SECURITY_NAME_ABBR":"友联国际教育租赁","ORG_CODE":"10946134","STD_REPORT_DATE":"2022-09-30 00:00:00","REPORT_DATE":"2022-09-30 00:00:00","DATE_TYPE_CODE":"004","REPORT_TYPE":"2022年三季报","PER_NETCASH_OPERATE":0.192957333333,"PER_OI":0.135451333333,"BPS":null,"BASIC_EPS":0.2342,"DILUTED_EPS":0.2342,"OPERATE_INCOME":203177000,"OPERATE_INCOME_YOY":null,"GROSS_PROFIT":186920000,"GROSS_PROFIT_YOY":null,"HOLDER_PROFIT":351240000,"HOLDER_PROFIT_YOY":null,"GROSS_PROFIT_RATIO":91.99860220399,"EPS_TTM":0.053427333333,"OPERATE_INCOME_QOQ":0,"NET_PROFIT_RATIO":176.7330947893,"ROE_AVG":null,"GROSS_PROFIT_QOQ":0,"ROA":null,"HOLDER_PROFIT_QOQ":0,"ROE_YEARLY":null,"ROIC_YEARLY":null,"TOTAL_ASSETS":null,"TOTAL_LIABILITIES":null,"TAX_EBT":9.023169789331,"OCF_SALES":142.455100724984,"TOTAL_PARENT_EQUITY":null,"DEBT_ASSET_RATIO":null,"OPERATE_PROFIT":436775000,"PRETAX_PROFIT":394695000,"NETCASH_OPERATE":289436000,"NETCASH_INVEST":38556000,"NETCASH_FINANCE":-318374000,"END_CASH":144275000,"DIVI_RATIO":null,"DIVIDEND_RATE":null,"CURRENT_RATIO":null,"COMMON_ACS":50000000000,"CURRENTDEBT_DEBT":null,"ISSUED_COMMON_SHARES":1690914000,"HK_COMMON_SHARES":1690914000,"PER_SHARES":1000,"TOTAL_MARKET_CAP":431183070,"HKSK_MARKET_CAP":431183070,"PE_TTM":1.947047522962,"PB_TTM":0.157726526268,"REPORT_DATE_SQ":"2021-09-30 00:00:00","REPORT_TYPE_SQ":"2021年三季报","OPERATE_INCOME_SQ":null,"DPS_HKD":null,"OPERATE_INCOME_QOQ_SQ":0,"NET_PROFIT_RATIO_SQ":null,"HOLDER_PROFIT_SQ":null,"HOLDER_PROFIT_QOQ_SQ":0,"ROE_AVG_SQ":null,"PE_TTM_SQ":4.304804574187,"PB_TTM_SQ":0.793536570514,"ROA_SQ":null,"START_DATE":"2022-01-01 00:00:00","FISCAL_YEAR":"12-31","CURRENCY":"HKD","IS_CNY_CODE":0,"DPS_HKD_LY":null,"ORG_TYPE":"一般企业","PREMIUM_INCOME":null,"PREMIUM_INCOME_YOY":null,"NET_INTEREST_INCOME":null,"NET_INTEREST_INCOME_YOY":null,"FEE_COMMISSION_INCOME":null,"FEE_COMMISSION_INCOME_YOY":null,"ACCOUNTS_RECE_TDAYS":null,"INVENTORY_TDAYS":null,"CURRENT_ASSETS_TDAYS":0.302247551213,"TOTAL_ASSETS_TDAYS":0.166775427718,"PREMIUM_EXPENSE":null,"LOAN_DEPOSIT":null,"LOAN_EQUITY":null,"LOAN_ASSETS":null,"DEPOSIT_EQUITY":null,"DEPOSIT_ASSETS":null,"EQUITY_MULTIPLIER":null,"EQUITY_RATIO":null},{"SECUCODE":"01563.HK","SECURITY_CODE":"01563","SECURITY_NAME_ABBR":"友联国际教育租赁","ORG_CODE":"10946134","STD_REPORT_DATE":"2022-06-30 00:00:00","REPORT_DATE":"2022-06-30 00:00:00","DATE_TYPE_CODE":"002","REPORT_TYPE":"2022年中报","PER_NETCASH_OPERATE":0.183149333333,"PER_OI":0.088785333333,"BPS":0.781122517171,"BASIC_EPS":0.0307,"DILUTED_EPS":0.0307,"OPERATE_INCOME":133178000,"OPERATE_INCOME_YOY":9.5339924004,"GROSS_PROFIT":133178000,"GROSS_PROFIT_YOY":9.533992400441,"HOLDER_PROFIT":45990000,"HOLDER_PROFIT_YOY":2.775543041,"GROSS_PROFIT_RATIO":null,"EPS_TTM":0.053427333333,"OPERATE_INCOME_QOQ":4.999935301044,"NET_PROFIT_RATIO":34.5327306312,"ROE_AVG":3.545485557678,"GROSS_PROFIT_QOQ":4.999935301044,"ROA":2.015840500072,"HOLDER_PROFIT_QOQ":1.574164438079,"ROE_YEARLY":7.090971115355,"ROIC_YEARLY":4.430803380571,"TOTAL_ASSETS":2126327000,"TOTAL_LIABILITIES":805516000,"TAX_EBT":23.486449165655,"OCF_SALES":206.283320067879,"TOTAL_PARENT_EQUITY":1320811000,"DEBT_ASSET_RATIO":37.8829784883,"OPERATE_PROFIT":110587000,"PRETAX_PROFIT":60107000,"NETCASH_OPERATE":274724000,"NETCASH_INVEST":3821000,"NETCASH_FINANCE":-350917000,"END_CASH":69195000,"DIVI_RATIO":null,"DIVIDEND_RATE":null,"CURRENT_RATIO":3.512552538294,"COMMON_ACS":50000000000,"CURRENTDEBT_DEBT":46.017956192056,"ISSUED_COMMON_SHARES":1690914000,"HK_COMMON_SHARES":1690914000,"PER_SHARES":1000,"TOTAL_MARKET_CAP":431183070,"HKSK_MARKET_CAP":431183070,"PE_TTM":1.947047522962,"PB_TTM":0.157726526268,"REPORT_DATE_SQ":"2021-06-30 00:00:00","REPORT_TYPE_SQ":"2021年中报","OPERATE_INCOME_SQ":121586000,"DPS_HKD":null,"OPERATE_INCOME_QOQ_SQ":-2.260870967482,"NET_PROFIT_RATIO_SQ":35.9081352614,"HOLDER_PROFIT_SQ":44748000,"HOLDER_PROFIT_QOQ_SQ":483.299217338952,"ROE_AVG_SQ":3.671880833731,"PE_TTM_SQ":4.304804574187,"PB_TTM_SQ":0.793536570514,"ROA_SQ":1.549466639358,"START_DATE":"2022-01-01 00:00:00","FISCAL_YEAR":"12-31","CURRENCY":"HKD","IS_CNY_CODE":0,"DPS_HKD_LY":null,"ORG_TYPE":"一般企业","PREMIUM_INCOME":null,"PREMIUM_INCOME_YOY":null,"NET_INTEREST_INCOME":null,"NET_INTEREST_INCOME_YOY":null,"FEE_COMMISSION_INCOME":null,"FEE_COMMISSION_INCOME_YOY":null,"ACCOUNTS_RECE_TDAYS":null,"INVENTORY_TDAYS":null,"CURRENT_ASSETS_TDAYS":0.100645347539,"TOTAL_ASSETS_TDAYS":0.058374778456,"PREMIUM_EXPENSE":null,"LOAN_DEPOSIT":null,"LOAN_EQUITY":null,"LOAN_ASSETS":null,"DEPOSIT_EQUITY":null,"DEPOSIT_ASSETS":null,"EQUITY_MULTIPLIER":1.609864696767,"EQUITY_RATIO":0.609864696766},{"SECUCODE":"01563.HK","SECURITY_CODE":"01563","SECURITY_NAME_ABBR":"友联国际教育租赁","ORG_CODE":"10946134","STD_REPORT_DATE":"2021-12-31 00:00:00","REPORT_DATE":"2021-12-31 00:00:00","DATE_TYPE_CODE":"001","REPORT_TYPE":"2021年年报","PER_NETCASH_OPERATE":0.530884666667,"PER_OI":0.154562,"BPS":0.753127598447,"BASIC_EPS":0.0526,"DILUTED_EPS":0.0526,"OPERATE_INCOME":231843000,"OPERATE_INCOME_YOY":-6.5322561138,"GROSS_PROFIT":231843000,"GROSS_PROFIT_YOY":-6.532256113785,"HOLDER_PROFIT":78899000,"HOLDER_PROFIT_YOY":375.0090307044,"GROSS_PROFIT_RATIO":null,"EPS_TTM":0.052599333333,"OPERATE_INCOME_QOQ":-4.370189491746,"NET_PROFIT_RATIO":34.0312194028,"ROE_AVG":6.391367251483,"GROSS_PROFIT_QOQ":-4.370189491746,"ROA":2.845237322486,"HOLDER_PROFIT_QOQ":-18.565117767273,"ROE_YEARLY":6.391367251483,"ROIC_YEARLY":3.09657512096,"TOTAL_ASSETS":2436534000,"TOTAL_LIABILITIES":1163060000,"TAX_EBT":35.779286318943,"OCF_SALES":343.476835617206,"TOTAL_PARENT_EQUITY":1273474000,"DEBT_ASSET_RATIO":47.7341994817,"OPERATE_PROFIT":212649000,"PRETAX_PROFIT":122856000,"NETCASH_OPERATE":796327000,"NETCASH_INVEST":76353000,"NETCASH_FINANCE":-762856000,"END_CASH":141822000,"DIVI_RATIO":null,"DIVIDEND_RATE":null,"CURRENT_RATIO":3.729378640777,"COMMON_ACS":50000000000,"CURRENTDEBT_DEBT":30.995821367771,"ISSUED_COMMON_SHARES":1690914000,"HK_COMMON_SHARES":1690914000,"PER_SHARES":1000,"TOTAL_MARKET_CAP":431183070,"HKSK_MARKET_CAP":431183070,"PE_TTM":1.947047522962,"PB_TTM":0.157726526268,"REPORT_DATE_SQ":"2020-12-31 00:00:00","REPORT_TYPE_SQ":"2020年年报","OPERATE_INCOME_SQ":248046000,"DPS_HKD":null,"OPERATE_INCOME_QOQ_SQ":-4.285515836266,"NET_PROFIT_RATIO_SQ":6.6963385824,"HOLDER_PROFIT_SQ":16610000,"HOLDER_PROFIT_QOQ_SQ":114.200222279217,"ROE_AVG_SQ":1.39666566044,"PE_TTM_SQ":4.304804574187,"PB_TTM_SQ":0.793536570514,"ROA_SQ":0.536371718195,"START_DATE":"2021-01-01 00:00:00","FISCAL_YEAR":"12-31","CURRENCY":"HKD","IS_CNY_CODE":0,"DPS_HKD_LY":null,"ORG_TYPE":"一般企业","PREMIUM_INCOME":null,"PREMIUM_INCOME_YOY":null,"NET_INTEREST_INCOME":null,"NET_INTEREST_INCOME_YOY":null,"FEE_COMMISSION_INCOME":null,"FEE_COMMISSION_INCOME_YOY":null,"ACCOUNTS_RECE_TDAYS":7.958908341916,"INVENTORY_TDAYS":null,"CURRENT_ASSETS_TDAYS":0.15675367767,"TOTAL_ASSETS_TDAYS":0.083606681524,"PREMIUM_EXPENSE":null,"LOAN_DEPOSIT":null,"LOAN_EQUITY":null,"LOAN_ASSETS":null,"DEPOSIT_EQUITY":null,"DEPOSIT_ASSETS":null,"EQUITY_MULTIPLIER":1.913297012738,"EQUITY_RATIO":0.913297012738},{"SECUCODE":"01563.HK","SECURITY_CODE":"01563","SECURITY_NAME_ABBR":"友联国际教育租赁","ORG_CODE":"10946134","STD_REPORT_DATE":"2021-06-30 00:00:00","REPORT_DATE":"2021-06-30 00:00:00","DATE_TYPE_CODE":"002","REPORT_TYPE":"2021年中报","PER_NETCASH_OPERATE":0.362215333333,"PER_OI":0.081057333333,"BPS":0.734445394621,"BASIC_EPS":0.0298,"DILUTED_EPS":0.0298,"OPERATE_INCOME":121586000,"OPERATE_INCOME_YOY":-4.3063597131,"GROSS_PROFIT":121586000,"GROSS_PROFIT_YOY":-6.634619814784,"HOLDER_PROFIT":44748000,"HOLDER_PROFIT_YOY":225.9513623058,"GROSS_PROFIT_RATIO":null,"EPS_TTM":0.064590666667,"OPERATE_INCOME_QOQ":-2.260870967482,"NET_PROFIT_RATIO":35.9081352614,"ROE_AVG":3.671880833731,"GROSS_PROFIT_QOQ":-2.260870967482,"ROA":1.549466639358,"HOLDER_PROFIT_QOQ":483.299217338952,"ROE_YEARLY":7.343761667461,"ROIC_YEARLY":3.341565027522,"TOTAL_ASSETS":2666417000,"TOTAL_LIABILITIES":1424533000,"TAX_EBT":31.440653296358,"OCF_SALES":435.990787847662,"TOTAL_PARENT_EQUITY":1241884000,"DEBT_ASSET_RATIO":53.4249894146,"OPERATE_PROFIT":113475000,"PRETAX_PROFIT":65269000,"NETCASH_OPERATE":543323000,"NETCASH_INVEST":7402000,"NETCASH_FINANCE":-542114000,"END_CASH":43060000,"DIVI_RATIO":null,"DIVIDEND_RATE":null,"CURRENT_RATIO":1.797952301722,"COMMON_ACS":50000000000,"CURRENTDEBT_DEBT":61.556102947422,"ISSUED_COMMON_SHARES":1690914000,"HK_COMMON_SHARES":1690914000,"PER_SHARES":1000,"TOTAL_MARKET_CAP":431183070,"HKSK_MARKET_CAP":431183070,"PE_TTM":1.947047522962,"PB_TTM":0.157726526268,"REPORT_DATE_SQ":"2020-06-30 00:00:00","REPORT_TYPE_SQ":"2020年中报","OPERATE_INCOME_SQ":130226000,"DPS_HKD":null,"OPERATE_INCOME_QOQ_SQ":-5.273777322904,"NET_PROFIT_RATIO_SQ":-27.7634077536,"HOLDER_PROFIT_SQ":-35528000,"HOLDER_PROFIT_QOQ_SQ":-38.112218391347,"ROE_AVG_SQ":-3.049820545771,"PE_TTM_SQ":4.304804574187,"PB_TTM_SQ":0.793536570514,"ROA_SQ":-1.086314419656,"START_DATE":"2021-01-01 00:00:00","FISCAL_YEAR":"12-31","CURRENCY":"HKD","IS_CNY_CODE":0,"DPS_HKD_LY":null,"ORG_TYPE":"一般企业","PREMIUM_INCOME":null,"PREMIUM_INCOME_YOY":null,"NET_INTEREST_INCOME":null,"NET_INTEREST_INCOME_YOY":null,"FEE_COMMISSION_INCOME":null,"FEE_COMMISSION_INCOME_YOY":null,"ACCOUNTS_RECE_TDAYS":null,"INVENTORY_TDAYS":null,"CURRENT_ASSETS_TDAYS":0.078125142036,"TOTAL_ASSETS_TDAYS":0.043150852253,"PREMIUM_EXPENSE":null,"LOAN_DEPOSIT":null,"LOAN_EQUITY":null,"LOAN_ASSETS":null,"DEPOSIT_EQUITY":null,"DEPOSIT_ASSETS":null,"EQUITY_MULTIPLIER":2.147074122863,"EQUITY_RATIO":1.147074122865},{"SECUCODE":"01563.HK","SECURITY_CODE":"01563","SECURITY_NAME_ABBR":"友联国际教育租赁","ORG_CODE":"10946134","STD_REPORT_DATE":"2020-12-31 00:00:00","REPORT_DATE":"2020-12-31 00:00:00","DATE_TYPE_CODE":"001","REPORT_TYPE":"2020年年报","PER_NETCASH_OPERATE":0.15095,"PER_OI":0.165364,"BPS":0.706984506604,"BASIC_EPS":0.0111,"DILUTED_EPS":0.0111,"OPERATE_INCOME":248046000,"OPERATE_INCOME_YOY":-4.9180453549,"GROSS_PROFIT":248046000,"GROSS_PROFIT_YOY":-4.918045354881,"HOLDER_PROFIT":16610000,"HOLDER_PROFIT_YOY":119.6122420063,"GROSS_PROFIT_RATIO":null,"EPS_TTM":0.011073333333,"OPERATE_INCOME_QOQ":-4.285515836266,"NET_PROFIT_RATIO":6.6963385824,"ROE_AVG":1.39666566044,"GROSS_PROFIT_QOQ":-4.285515836266,"ROA":0.536371718195,"HOLDER_PROFIT_QOQ":114.200222279217,"ROE_YEARLY":1.39666566044,"ROIC_YEARLY":0.583125792977,"TOTAL_ASSETS":3109506000,"TOTAL_LIABILITIES":1914056000,"TAX_EBT":-29.593508621362,"OCF_SALES":91.283471614136,"TOTAL_PARENT_EQUITY":1195450000,"DEBT_ASSET_RATIO":61.5549865477,"OPERATE_PROFIT":141638000,"PRETAX_PROFIT":12817000,"NETCASH_OPERATE":226425000,"NETCASH_INVEST":-139295000,"NETCASH_FINANCE":-306124000,"END_CASH":35705000,"DIVI_RATIO":null,"DIVIDEND_RATE":null,"CURRENT_RATIO":1.384442997324,"COMMON_ACS":50000000000,"CURRENTDEBT_DEBT":60.893359441939,"ISSUED_COMMON_SHARES":1690914000,"HK_COMMON_SHARES":1690914000,"PER_SHARES":1000,"TOTAL_MARKET_CAP":431183070,"HKSK_MARKET_CAP":431183070,"PE_TTM":1.947047522962,"PB_TTM":0.157726526268,"REPORT_DATE_SQ":"2019-12-31 00:00:00","REPORT_TYPE_SQ":"2019年年报","OPERATE_INCOME_SQ":260876000,"DPS_HKD":null,"OPERATE_INCOME_QOQ_SQ":-15.904857341342,"NET_PROFIT_RATIO_SQ":-30.9569412969,"HOLDER_PROFIT_SQ":-84692000,"HOLDER_PROFIT_QOQ_SQ":-564.829857299671,"ROE_AVG_SQ":-7.970756700491,"PE_TTM_SQ":4.304804574187,"PB_TTM_SQ":0.793536570514,"ROA_SQ":-2.321527693069,"START_DATE":"2020-01-01 00:00:00","FISCAL_YEAR":"12-31","CURRENCY":"HKD","IS_CNY_CODE":0,"DPS_HKD_LY":null,"ORG_TYPE":"一般企业","PREMIUM_INCOME":null,"PREMIUM_INCOME_YOY":null,"NET_INTEREST_INCOME":null,"NET_INTEREST_INCOME_YOY":null,"FEE_COMMISSION_INCOME":null,"FEE_COMMISSION_INCOME_YOY":null,"ACCOUNTS_RECE_TDAYS":null,"INVENTORY_TDAYS":null,"CURRENT_ASSETS_TDAYS":0.170089715972,"TOTAL_ASSETS_TDAYS":0.080099252987,"PREMIUM_EXPENSE":null,"LOAN_DEPOSIT":null,"LOAN_EQUITY":null,"LOAN_ASSETS":null,"DEPOSIT_EQUITY":null,"DEPOSIT_ASSETS":null,"EQUITY_MULTIPLIER":2.601117570789,"EQUITY_RATIO":1.601117570789}],"count":17},"success":true,"message":"ok","code":0}