{"version":"d98cb9d0114a6ee616dddfaf0c04f21b","result":{"pages":3,"data":[{"SECUCODE":"01569.HK","SECURITY_CODE":"01569","SECURITY_NAME_ABBR":"民生教育","ORG_CODE":"10298553","STD_REPORT_DATE":"2024-06-30 00:00:00","REPORT_DATE":"2024-06-30 00:00:00","DATE_TYPE_CODE":"002","REPORT_TYPE":"2024年中报","PER_NETCASH_OPERATE":-0.184703109737,"PER_OI":0.256011778876,"BPS":1.221223552061,"BASIC_EPS":0.0248,"DILUTED_EPS":0.0248,"OPERATE_INCOME":1079786000,"OPERATE_INCOME_YOY":-10.6893009391,"GROSS_PROFIT":580838000,"GROSS_PROFIT_YOY":-19.89292171728,"HOLDER_PROFIT":104802000,"HOLDER_PROFIT_YOY":-64.1834809711,"GROSS_PROFIT_RATIO":53.791955072579,"EPS_TTM":-0.011602714263,"OPERATE_INCOME_QOQ":-5.493805249544,"NET_PROFIT_RATIO":10.4803173962,"ROE_AVG":2.046622059099,"GROSS_PROFIT_QOQ":-11.444406095156,"ROA":0.946501342168,"HOLDER_PROFIT_QOQ":-135.239686323081,"ROE_YEARLY":4.093244118198,"ROIC_YEARLY":2.788708659613,"TOTAL_ASSETS":10778567000,"TOTAL_LIABILITIES":4759646000,"TAX_EBT":39.136350923994,"OCF_SALES":-72.146332699257,"TOTAL_PARENT_EQUITY":5150779000,"DEBT_ASSET_RATIO":44.1584303368,"OPERATE_PROFIT":254351000,"PRETAX_PROFIT":185932000,"NETCASH_OPERATE":-779026000,"NETCASH_INVEST":-190407000,"NETCASH_FINANCE":-20737000,"END_CASH":2194356000,"DIVI_RATIO":-0.765420555823,"DIVIDEND_RATE":5.130890052356,"CURRENT_RATIO":1.150416955359,"COMMON_ACS":10000000000,"CURRENTDEBT_DEBT":66.984624486779,"ISSUED_COMMON_SHARES":4217720000,"HK_COMMON_SHARES":4217720000,"PER_SHARES":2000,"TOTAL_MARKET_CAP":805584520,"HKSK_MARKET_CAP":805584520,"PE_TTM":-16.340306562712,"PB_TTM":0.142743627656,"REPORT_DATE_SQ":"2023-06-30 00:00:00","REPORT_TYPE_SQ":"2023年中报","OPERATE_INCOME_SQ":1209022000,"DPS_HKD":0.0098,"OPERATE_INCOME_QOQ_SQ":-2.761256008479,"NET_PROFIT_RATIO_SQ":25.3547908971,"HOLDER_PROFIT_SQ":292608000,"HOLDER_PROFIT_QOQ_SQ":-9.547897630115,"ROE_AVG_SQ":6.014702523948,"PE_TTM_SQ":2.427492292843,"PB_TTM_SQ":0.213676498439,"ROA_SQ":2.492181908634,"START_DATE":"2024-01-01 00:00:00","FISCAL_YEAR":"12-31","CURRENCY":"HKD","IS_CNY_CODE":0,"DPS_HKD_LY":0.0098,"ORG_TYPE":"一般企业","PREMIUM_INCOME":null,"PREMIUM_INCOME_YOY":null,"NET_INTEREST_INCOME":null,"NET_INTEREST_INCOME_YOY":null,"FEE_COMMISSION_INCOME":null,"FEE_COMMISSION_INCOME_YOY":null,"ACCOUNTS_RECE_TDAYS":2.137798522053,"INVENTORY_TDAYS":56.140421940928,"CURRENT_ASSETS_TDAYS":0.270607458718,"TOTAL_ASSETS_TDAYS":0.097519026188,"PREMIUM_EXPENSE":null,"LOAN_DEPOSIT":null,"LOAN_EQUITY":null,"LOAN_ASSETS":null,"DEPOSIT_EQUITY":null,"DEPOSIT_ASSETS":null,"EQUITY_MULTIPLIER":1.79078060669,"EQUITY_RATIO":0.924063331003},{"SECUCODE":"01569.HK","SECURITY_CODE":"01569","SECURITY_NAME_ABBR":"民生教育","ORG_CODE":"10298553","STD_REPORT_DATE":"2023-12-31 00:00:00","REPORT_DATE":"2023-12-31 00:00:00","DATE_TYPE_CODE":"001","REPORT_TYPE":"2023年年报","PER_NETCASH_OPERATE":0.130951556765,"PER_OI":0.557740912152,"BPS":1.206974858454,"BASIC_EPS":0.0329,"DILUTED_EPS":0.0329,"OPERATE_INCOME":2352395000,"OPERATE_INCOME_YOY":-0.0666959789,"GROSS_PROFIT":1260345000,"GROSS_PROFIT_YOY":-1.160729830153,"HOLDER_PROFIT":138869000,"HOLDER_PROFIT_YOY":-71.663204548,"GROSS_PROFIT_RATIO":53.577099084125,"EPS_TTM":0.032925134907,"OPERATE_INCOME_QOQ":2.771076547227,"NET_PROFIT_RATIO":5.1511757167,"ROE_AVG":2.80351803974,"GROSS_PROFIT_QOQ":-0.45147903616,"ROA":1.190825475582,"HOLDER_PROFIT_QOQ":-68.67204331397,"ROE_YEARLY":2.80351803974,"ROIC_YEARLY":1.783260791666,"TOTAL_ASSETS":11366568000,"TOTAL_LIABILITIES":5415429000,"TAX_EBT":62.335183792218,"OCF_SALES":23.478922544896,"TOTAL_PARENT_EQUITY":5090682000,"DEBT_ASSET_RATIO":47.6434839434,"OPERATE_PROFIT":651857000,"PRETAX_PROFIT":321722000,"NETCASH_OPERATE":552317000,"NETCASH_INVEST":-355241000,"NETCASH_FINANCE":-489568000,"END_CASH":3189846000,"DIVI_RATIO":0.269731802924,"DIVIDEND_RATE":4.666666666667,"CURRENT_RATIO":1.142354582832,"COMMON_ACS":10000000000,"CURRENTDEBT_DEBT":69.712704201274,"ISSUED_COMMON_SHARES":4217720000,"HK_COMMON_SHARES":4217720000,"PER_SHARES":2000,"TOTAL_MARKET_CAP":885721200,"HKSK_MARKET_CAP":885721200,"PE_TTM":-17.965782084657,"PB_TTM":0.156943255538,"REPORT_DATE_SQ":"2022-12-31 00:00:00","REPORT_TYPE_SQ":"2022年年报","OPERATE_INCOME_SQ":2353965000,"DPS_HKD":0.0098,"OPERATE_INCOME_QOQ_SQ":-3.128175181761,"NET_PROFIT_RATIO_SQ":21.8045722855,"HOLDER_PROFIT_SQ":490066000,"HOLDER_PROFIT_QOQ_SQ":-7.955170814074,"ROE_AVG_SQ":10.418191539229,"PE_TTM_SQ":2.148780214776,"PB_TTM_SQ":0.18914327084,"ROA_SQ":4.189605407283,"START_DATE":"2023-01-01 00:00:00","FISCAL_YEAR":"12-31","CURRENCY":"HKD","IS_CNY_CODE":0,"DPS_HKD_LY":0.0429,"ORG_TYPE":"一般企业","PREMIUM_INCOME":null,"PREMIUM_INCOME_YOY":null,"NET_INTEREST_INCOME":null,"NET_INTEREST_INCOME_YOY":null,"FEE_COMMISSION_INCOME":null,"FEE_COMMISSION_INCOME_YOY":null,"ACCOUNTS_RECE_TDAYS":4.120914156782,"INVENTORY_TDAYS":115.189072306313,"CURRENT_ASSETS_TDAYS":0.509853065817,"TOTAL_ASSETS_TDAYS":0.20172190299,"PREMIUM_EXPENSE":null,"LOAN_DEPOSIT":null,"LOAN_EQUITY":null,"LOAN_ASSETS":null,"DEPOSIT_EQUITY":null,"DEPOSIT_ASSETS":null,"EQUITY_MULTIPLIER":1.90998193791,"EQUITY_RATIO":1.063792434884},{"SECUCODE":"01569.HK","SECURITY_CODE":"01569","SECURITY_NAME_ABBR":"民生教育","ORG_CODE":"10298553","STD_REPORT_DATE":"2023-06-30 00:00:00","REPORT_DATE":"2023-06-30 00:00:00","DATE_TYPE_CODE":"002","REPORT_TYPE":"2023年中报","PER_NETCASH_OPERATE":-0.058100822245,"PER_OI":0.286652978386,"BPS":1.165006923172,"BASIC_EPS":0.0694,"DILUTED_EPS":0.0694,"OPERATE_INCOME":1209022000,"OPERATE_INCOME_YOY":-5.1018782265,"GROSS_PROFIT":725077000,"GROSS_PROFIT_YOY":-1.237465300574,"HOLDER_PROFIT":292608000,"HOLDER_PROFIT_YOY":-13.7864283631,"GROSS_PROFIT_RATIO":59.972192400138,"EPS_TTM":0.105098252136,"OPERATE_INCOME_QOQ":-2.761256008479,"NET_PROFIT_RATIO":25.3547908971,"ROE_AVG":6.014702523948,"GROSS_PROFIT_QOQ":-0.712467435102,"ROA":2.492181908634,"HOLDER_PROFIT_QOQ":-9.547897630115,"ROE_YEARLY":12.029405047895,"ROIC_YEARLY":7.075576321189,"TOTAL_ASSETS":11525493000,"TOTAL_LIABILITIES":6385033000,"TAX_EBT":8.96199238541,"OCF_SALES":-20.268696516689,"TOTAL_PARENT_EQUITY":4913673000,"DEBT_ASSET_RATIO":55.3992180638,"OPERATE_PROFIT":437220000,"PRETAX_PROFIT":336722000,"NETCASH_OPERATE":-245053000,"NETCASH_INVEST":-98644000,"NETCASH_FINANCE":-130468000,"END_CASH":3015307000,"DIVI_RATIO":0.084501462389,"DIVIDEND_RATE":4.666666666667,"CURRENT_RATIO":1.104556688964,"COMMON_ACS":10000000000,"CURRENTDEBT_DEBT":64.76113749138,"ISSUED_COMMON_SHARES":4217720000,"HK_COMMON_SHARES":4217720000,"PER_SHARES":2000,"TOTAL_MARKET_CAP":885721200,"HKSK_MARKET_CAP":885721200,"PE_TTM":-17.965782084657,"PB_TTM":0.156943255538,"REPORT_DATE_SQ":"2022-06-30 00:00:00","REPORT_TYPE_SQ":"2022年中报","OPERATE_INCOME_SQ":1274021000,"DPS_HKD":0.0098,"OPERATE_INCOME_QOQ_SQ":1.502373421687,"NET_PROFIT_RATIO_SQ":27.4006472421,"HOLDER_PROFIT_SQ":339399000,"HOLDER_PROFIT_QOQ_SQ":-7.707762018839,"ROE_AVG_SQ":7.294481044717,"PE_TTM_SQ":2.148780214776,"PB_TTM_SQ":0.18914327084,"ROA_SQ":2.999077078585,"START_DATE":"2023-01-01 00:00:00","FISCAL_YEAR":"12-31","CURRENCY":"HKD","IS_CNY_CODE":0,"DPS_HKD_LY":0.0429,"ORG_TYPE":"一般企业","PREMIUM_INCOME":null,"PREMIUM_INCOME_YOY":null,"NET_INTEREST_INCOME":null,"NET_INTEREST_INCOME_YOY":null,"FEE_COMMISSION_INCOME":null,"FEE_COMMISSION_INCOME_YOY":null,"ACCOUNTS_RECE_TDAYS":1.627308676937,"INVENTORY_TDAYS":48.725835682642,"CURRENT_ASSETS_TDAYS":0.255002406555,"TOTAL_ASSETS_TDAYS":0.102974038835,"PREMIUM_EXPENSE":null,"LOAN_DEPOSIT":null,"LOAN_EQUITY":null,"LOAN_ASSETS":null,"DEPOSIT_EQUITY":null,"DEPOSIT_ASSETS":null,"EQUITY_MULTIPLIER":2.242113157187,"EQUITY_RATIO":1.299441985659},{"SECUCODE":"01569.HK","SECURITY_CODE":"01569","SECURITY_NAME_ABBR":"民生教育","ORG_CODE":"10298553","STD_REPORT_DATE":"2022-12-31 00:00:00","REPORT_DATE":"2022-12-31 00:00:00","DATE_TYPE_CODE":"001","REPORT_TYPE":"2022年年报","PER_NETCASH_OPERATE":0.17067017251,"PER_OI":0.558113151181,"BPS":1.141869303794,"BASIC_EPS":0.1162,"DILUTED_EPS":0.1162,"OPERATE_INCOME":2353965000,"OPERATE_INCOME_YOY":-1.6727986326,"GROSS_PROFIT":1275146000,"GROSS_PROFIT_YOY":-6.029281607946,"HOLDER_PROFIT":490066000,"HOLDER_PROFIT_YOY":-15.0497671984,"GROSS_PROFIT_RATIO":54.170134220347,"EPS_TTM":0.116192160693,"OPERATE_INCOME_QOQ":-3.128175181761,"NET_PROFIT_RATIO":21.8045722855,"ROE_AVG":10.418191539229,"GROSS_PROFIT_QOQ":-6.5316282745,"ROA":4.189605407283,"HOLDER_PROFIT_QOQ":-7.955170814074,"ROE_YEARLY":10.418191539229,"ROIC_YEARLY":5.851953922189,"TOTAL_ASSETS":11956581000,"TOTAL_LIABILITIES":6919465000,"TAX_EBT":6.080318242785,"OCF_SALES":30.579851442141,"TOTAL_PARENT_EQUITY":4816085000,"DEBT_ASSET_RATIO":57.8716022582,"OPERATE_PROFIT":764567000,"PRETAX_PROFIT":546501000,"NETCASH_OPERATE":719839000,"NETCASH_INVEST":-235923000,"NETCASH_FINANCE":227215000,"END_CASH":3477088000,"DIVI_RATIO":0.076433349264,"DIVIDEND_RATE":4.666666666667,"CURRENT_RATIO":1.090008307449,"COMMON_ACS":10000000000,"CURRENTDEBT_DEBT":65.166974614367,"ISSUED_COMMON_SHARES":4217720000,"HK_COMMON_SHARES":4217720000,"PER_SHARES":2000,"TOTAL_MARKET_CAP":885721200,"HKSK_MARKET_CAP":885721200,"PE_TTM":-17.965782084657,"PB_TTM":0.156943255538,"REPORT_DATE_SQ":"2021-12-31 00:00:00","REPORT_TYPE_SQ":"2021年年报","OPERATE_INCOME_SQ":2394012000,"DPS_HKD":0.0098,"OPERATE_INCOME_QOQ_SQ":32.814357637203,"NET_PROFIT_RATIO_SQ":25.3791125525,"HOLDER_PROFIT_SQ":576886000,"HOLDER_PROFIT_QOQ_SQ":106.757318576712,"ROE_AVG_SQ":13.373272533578,"PE_TTM_SQ":2.148780214776,"PB_TTM_SQ":0.18914327084,"ROA_SQ":5.614970503413,"START_DATE":"2022-01-01 00:00:00","FISCAL_YEAR":"12-31","CURRENCY":"HKD","IS_CNY_CODE":0,"DPS_HKD_LY":0.0532,"ORG_TYPE":"一般企业","PREMIUM_INCOME":null,"PREMIUM_INCOME_YOY":null,"NET_INTEREST_INCOME":null,"NET_INTEREST_INCOME_YOY":null,"FEE_COMMISSION_INCOME":null,"FEE_COMMISSION_INCOME_YOY":null,"ACCOUNTS_RECE_TDAYS":3.649082910133,"INVENTORY_TDAYS":99.923030611772,"CURRENT_ASSETS_TDAYS":0.53115613244,"TOTAL_ASSETS_TDAYS":0.201241965216,"PREMIUM_EXPENSE":null,"LOAN_DEPOSIT":null,"LOAN_EQUITY":null,"LOAN_ASSETS":null,"DEPOSIT_EQUITY":null,"DEPOSIT_ASSETS":null,"EQUITY_MULTIPLIER":2.373695781475,"EQUITY_RATIO":1.436740630616},{"SECUCODE":"01569.HK","SECURITY_CODE":"01569","SECURITY_NAME_ABBR":"民生教育","ORG_CODE":"10298553","STD_REPORT_DATE":"2022-06-30 00:00:00","REPORT_DATE":"2022-06-30 00:00:00","DATE_TYPE_CODE":"002","REPORT_TYPE":"2022年中报","PER_NETCASH_OPERATE":-0.057100755859,"PER_OI":0.302063911308,"BPS":1.117625873695,"BASIC_EPS":0.0805,"DILUTED_EPS":0.0805,"OPERATE_INCOME":1274021000,"OPERATE_INCOME_YOY":2.905123686,"GROSS_PROFIT":734162000,"GROSS_PROFIT_YOY":1.003344481605,"HOLDER_PROFIT":339399000,"HOLDER_PROFIT_YOY":-11.5835295834,"GROSS_PROFIT_RATIO":57.625580740035,"EPS_TTM":0.126234316171,"OPERATE_INCOME_QOQ":1.502373421687,"NET_PROFIT_RATIO":27.4006472421,"ROE_AVG":7.294481044717,"GROSS_PROFIT_QOQ":0.537450965798,"ROA":2.999077078585,"HOLDER_PROFIT_QOQ":-7.707762018839,"ROE_YEARLY":14.588962089434,"ROIC_YEARLY":8.037879030985,"TOTAL_ASSETS":11195769000,"TOTAL_LIABILITIES":6271184000,"TAX_EBT":4.686625438561,"OCF_SALES":-18.903534557123,"TOTAL_PARENT_EQUITY":4713833000,"DEBT_ASSET_RATIO":56.0138745271,"OPERATE_PROFIT":439010000,"PRETAX_PROFIT":366255000,"NETCASH_OPERATE":-240835000,"NETCASH_INVEST":-117776000,"NETCASH_FINANCE":172601000,"END_CASH":2585376000,"DIVI_RATIO":0.070352945771,"DIVIDEND_RATE":4.666666666667,"CURRENT_RATIO":1.276340001798,"COMMON_ACS":10000000000,"CURRENTDEBT_DEBT":46.465133218863,"ISSUED_COMMON_SHARES":4217720000,"HK_COMMON_SHARES":4217720000,"PER_SHARES":2000,"TOTAL_MARKET_CAP":885721200,"HKSK_MARKET_CAP":885721200,"PE_TTM":-17.965782084657,"PB_TTM":0.156943255538,"REPORT_DATE_SQ":"2021-06-30 00:00:00","REPORT_TYPE_SQ":"2021年中报","OPERATE_INCOME_SQ":1238054000,"DPS_HKD":0.0098,"OPERATE_INCOME_QOQ_SQ":62.799424858608,"NET_PROFIT_RATIO_SQ":31.4197926746,"HOLDER_PROFIT_SQ":383864000,"HOLDER_PROFIT_QOQ_SQ":112.232727604646,"ROE_AVG_SQ":9.114966319071,"PE_TTM_SQ":2.148780214776,"PB_TTM_SQ":0.18914327084,"ROA_SQ":3.924192297322,"START_DATE":"2022-01-01 00:00:00","FISCAL_YEAR":"12-31","CURRENCY":"HKD","IS_CNY_CODE":0,"DPS_HKD_LY":0.0532,"ORG_TYPE":"一般企业","PREMIUM_INCOME":null,"PREMIUM_INCOME_YOY":null,"NET_INTEREST_INCOME":null,"NET_INTEREST_INCOME_YOY":null,"FEE_COMMISSION_INCOME":null,"FEE_COMMISSION_INCOME_YOY":null,"ACCOUNTS_RECE_TDAYS":1.800774574726,"INVENTORY_TDAYS":46.8363336659,"CURRENT_ASSETS_TDAYS":0.332311765377,"TOTAL_ASSETS_TDAYS":0.112578032897,"PREMIUM_EXPENSE":null,"LOAN_DEPOSIT":null,"LOAN_EQUITY":null,"LOAN_ASSETS":null,"DEPOSIT_EQUITY":null,"DEPOSIT_ASSETS":null,"EQUITY_MULTIPLIER":2.273444158241,"EQUITY_RATIO":1.330378908205},{"SECUCODE":"01569.HK","SECURITY_CODE":"01569","SECURITY_NAME_ABBR":"民生教育","ORG_CODE":"10298553","STD_REPORT_DATE":"2021-12-31 00:00:00","REPORT_DATE":"2021-12-31 00:00:00","DATE_TYPE_CODE":"001","REPORT_TYPE":"2021年年报","PER_NETCASH_OPERATE":0.196899509688,"PER_OI":0.567608091576,"BPS":1.088693654391,"BASIC_EPS":0.1368,"DILUTED_EPS":0.1368,"OPERATE_INCOME":2394012000,"OPERATE_INCOME_YOY":116.221010363,"GROSS_PROFIT":1356961000,"GROSS_PROFIT_YOY":139.289165549834,"HOLDER_PROFIT":576886000,"HOLDER_PROFIT_YOY":338.8066967376,"GROSS_PROFIT_RATIO":56.681461914143,"EPS_TTM":0.136776741936,"OPERATE_INCOME_QOQ":32.814357637203,"NET_PROFIT_RATIO":25.3791125525,"ROE_AVG":13.373272533578,"GROSS_PROFIT_QOQ":37.466809979344,"ROA":5.614970503413,"HOLDER_PROFIT_QOQ":106.757318576712,"ROE_YEARLY":13.373272533578,"ROIC_YEARLY":7.769625615902,"TOTAL_ASSETS":11437794000,"TOTAL_LIABILITIES":6648759000,"TAX_EBT":8.193097320796,"OCF_SALES":34.689341573894,"TOTAL_PARENT_EQUITY":4591805000,"DEBT_ASSET_RATIO":58.1297320095,"OPERATE_PROFIT":792387000,"PRETAX_PROFIT":661801000,"NETCASH_OPERATE":830467000,"NETCASH_INVEST":-362098000,"NETCASH_FINANCE":-328636000,"END_CASH":2750227000,"DIVI_RATIO":0.064930308138,"DIVIDEND_RATE":4.666666666667,"CURRENT_RATIO":1.189864957102,"COMMON_ACS":10000000000,"CURRENTDEBT_DEBT":49.910472014402,"ISSUED_COMMON_SHARES":4217720000,"HK_COMMON_SHARES":4217720000,"PER_SHARES":2000,"TOTAL_MARKET_CAP":885721200,"HKSK_MARKET_CAP":885721200,"PE_TTM":-17.965782084657,"PB_TTM":0.156943255538,"REPORT_DATE_SQ":"2020-12-31 00:00:00","REPORT_TYPE_SQ":"2020年年报","OPERATE_INCOME_SQ":1107206000,"DPS_HKD":0.0098,"OPERATE_INCOME_QOQ_SQ":8.361144440943,"NET_PROFIT_RATIO_SQ":11.4533338873,"HOLDER_PROFIT_SQ":131467000,"HOLDER_PROFIT_QOQ_SQ":-64.544750901437,"ROE_AVG_SQ":3.373944607738,"PE_TTM_SQ":2.148780214776,"PB_TTM_SQ":0.18914327084,"ROA_SQ":1.624257750272,"START_DATE":"2021-01-01 00:00:00","FISCAL_YEAR":"12-31","CURRENCY":"HKD","IS_CNY_CODE":0,"DPS_HKD_LY":0.0107,"ORG_TYPE":"一般企业","PREMIUM_INCOME":null,"PREMIUM_INCOME_YOY":null,"NET_INTEREST_INCOME":null,"NET_INTEREST_INCOME_YOY":null,"FEE_COMMISSION_INCOME":null,"FEE_COMMISSION_INCOME_YOY":null,"ACCOUNTS_RECE_TDAYS":7.64817302547,"INVENTORY_TDAYS":145.204564547746,"CURRENT_ASSETS_TDAYS":0.717314918547,"TOTAL_ASSETS_TDAYS":0.233014959018,"PREMIUM_EXPENSE":null,"LOAN_DEPOSIT":null,"LOAN_EQUITY":null,"LOAN_ASSETS":null,"DEPOSIT_EQUITY":null,"DEPOSIT_ASSETS":null,"EQUITY_MULTIPLIER":2.388329590407,"EQUITY_RATIO":1.447961967026},{"SECUCODE":"01569.HK","SECURITY_CODE":"01569","SECURITY_NAME_ABBR":"民生教育","ORG_CODE":"10298553","STD_REPORT_DATE":"2021-06-30 00:00:00","REPORT_DATE":"2021-06-30 00:00:00","DATE_TYPE_CODE":"002","REPORT_TYPE":"2021年中报","PER_NETCASH_OPERATE":-0.033878730689,"PER_OI":0.2935363182,"BPS":1.040153684929,"BASIC_EPS":0.091,"DILUTED_EPS":0.091,"OPERATE_INCOME":1238054000,"OPERATE_INCOME_YOY":128.1139045759,"GROSS_PROFIT":726869000,"GROSS_PROFIT_YOY":136.896326956295,"HOLDER_PROFIT":383864000,"HOLDER_PROFIT_YOY":62.4374246239,"GROSS_PROFIT_RATIO":58.710605514784,"EPS_TTM":0.066153277126,"OPERATE_INCOME_QOQ":62.799424858608,"NET_PROFIT_RATIO":31.4197926746,"ROE_AVG":9.114966319071,"GROSS_PROFIT_QOQ":74.070501516541,"ROA":3.924192297322,"HOLDER_PROFIT_QOQ":112.232727604646,"ROE_YEARLY":18.229932638142,"ROIC_YEARLY":10.67266475334,"TOTAL_ASSETS":10453629000,"TOTAL_LIABILITIES":5935185000,"TAX_EBT":6.842288027014,"OCF_SALES":-11.541580577261,"TOTAL_PARENT_EQUITY":4387077000,"DEBT_ASSET_RATIO":56.7763118435,"OPERATE_PROFIT":477069000,"PRETAX_PROFIT":417565000,"NETCASH_OPERATE":-142891000,"NETCASH_INVEST":-120084000,"NETCASH_FINANCE":-59540000,"END_CASH":2294891000,"DIVI_RATIO":0.134248164049,"DIVIDEND_RATE":4.666666666667,"CURRENT_RATIO":1.164031539773,"COMMON_ACS":10000000000,"CURRENTDEBT_DEBT":52.34985935569,"ISSUED_COMMON_SHARES":4217720000,"HK_COMMON_SHARES":4217720000,"PER_SHARES":2000,"TOTAL_MARKET_CAP":885721200,"HKSK_MARKET_CAP":885721200,"PE_TTM":-17.965782084657,"PB_TTM":0.156943255538,"REPORT_DATE_SQ":"2020-06-30 00:00:00","REPORT_TYPE_SQ":"2020年中报","OPERATE_INCOME_SQ":542735000,"DPS_HKD":0.0098,"OPERATE_INCOME_QOQ_SQ":1.624966681121,"NET_PROFIT_RATIO_SQ":43.5608538237,"HOLDER_PROFIT_SQ":236315000,"HOLDER_PROFIT_QOQ_SQ":8.544906866663,"ROE_AVG_SQ":6.012800625719,"PE_TTM_SQ":2.148780214776,"PB_TTM_SQ":0.18914327084,"ROA_SQ":3.286985331003,"START_DATE":"2021-01-01 00:00:00","FISCAL_YEAR":"12-31","CURRENCY":"HKD","IS_CNY_CODE":0,"DPS_HKD_LY":0.0107,"ORG_TYPE":"一般企业","PREMIUM_INCOME":null,"PREMIUM_INCOME_YOY":null,"NET_INTEREST_INCOME":null,"NET_INTEREST_INCOME_YOY":null,"FEE_COMMISSION_INCOME":null,"FEE_COMMISSION_INCOME_YOY":null,"ACCOUNTS_RECE_TDAYS":3.874567142412,"INVENTORY_TDAYS":68.64768683274,"CURRENT_ASSETS_TDAYS":0.390358564016,"TOTAL_ASSETS_TDAYS":0.126564667968,"PREMIUM_EXPENSE":null,"LOAN_DEPOSIT":null,"LOAN_EQUITY":null,"LOAN_ASSETS":null,"DEPOSIT_EQUITY":null,"DEPOSIT_ASSETS":null,"EQUITY_MULTIPLIER":2.313546211927,"EQUITY_RATIO":1.352879149374},{"SECUCODE":"01569.HK","SECURITY_CODE":"01569","SECURITY_NAME_ABBR":"民生教育","ORG_CODE":"10298553","STD_REPORT_DATE":"2020-12-31 00:00:00","REPORT_DATE":"2020-12-31 00:00:00","DATE_TYPE_CODE":"001","REPORT_TYPE":"2020年年报","PER_NETCASH_OPERATE":0.108414498829,"PER_OI":0.262512921673,"BPS":0.956830230551,"BASIC_EPS":0.0318,"DILUTED_EPS":0.0318,"OPERATE_INCOME":1107206000,"OPERATE_INCOME_YOY":10.1219769334,"GROSS_PROFIT":567080000,"GROSS_PROFIT_YOY":9.794962148348,"HOLDER_PROFIT":131467000,"HOLDER_PROFIT_YOY":-61.5151328866,"GROSS_PROFIT_RATIO":51.217207999234,"EPS_TTM":0.031170158285,"OPERATE_INCOME_QOQ":8.361144440943,"NET_PROFIT_RATIO":11.4533338873,"ROE_AVG":3.373944607738,"GROSS_PROFIT_QOQ":9.731013117489,"ROA":1.624257750272,"HOLDER_PROFIT_QOQ":-64.544750901437,"ROE_YEARLY":3.373944607738,"ROIC_YEARLY":2.188323089882,"TOTAL_ASSETS":9110346000,"TOTAL_LIABILITIES":4948467000,"TAX_EBT":11.642814342052,"OCF_SALES":41.298728511226,"TOTAL_PARENT_EQUITY":4035642000,"DEBT_ASSET_RATIO":54.3170039865,"OPERATE_PROFIT":444842000,"PRETAX_PROFIT":143522000,"NETCASH_OPERATE":457262000,"NETCASH_INVEST":-631380000,"NETCASH_FINANCE":1383987000,"END_CASH":2624670000,"DIVI_RATIO":0.284918540321,"DIVIDEND_RATE":4.666666666667,"CURRENT_RATIO":1.346659093154,"COMMON_ACS":10000000000,"CURRENTDEBT_DEBT":40.913680944018,"ISSUED_COMMON_SHARES":4217720000,"HK_COMMON_SHARES":4217720000,"PER_SHARES":2000,"TOTAL_MARKET_CAP":885721200,"HKSK_MARKET_CAP":885721200,"PE_TTM":-17.965782084657,"PB_TTM":0.156943255538,"REPORT_DATE_SQ":"2019-12-31 00:00:00","REPORT_TYPE_SQ":"2019年年报","OPERATE_INCOME_SQ":1005436000,"DPS_HKD":0.0098,"OPERATE_INCOME_QOQ_SQ":20.659028641992,"NET_PROFIT_RATIO_SQ":33.2175295096,"HOLDER_PROFIT_SQ":341607000,"HOLDER_PROFIT_QOQ_SQ":6.072659524918,"ROE_AVG_SQ":9.53431837719,"PE_TTM_SQ":2.148780214776,"PB_TTM_SQ":0.18914327084,"ROA_SQ":4.986208657171,"START_DATE":"2020-01-01 00:00:00","FISCAL_YEAR":"12-31","CURRENCY":"HKD","IS_CNY_CODE":0,"DPS_HKD_LY":0.0284,"ORG_TYPE":"一般企业","PREMIUM_INCOME":null,"PREMIUM_INCOME_YOY":null,"NET_INTEREST_INCOME":null,"NET_INTEREST_INCOME_YOY":null,"FEE_COMMISSION_INCOME":null,"FEE_COMMISSION_INCOME_YOY":null,"ACCOUNTS_RECE_TDAYS":74.296661633954,"INVENTORY_TDAYS":263.347635299854,"CURRENT_ASSETS_TDAYS":0.524588532837,"TOTAL_ASSETS_TDAYS":0.136793866647,"PREMIUM_EXPENSE":null,"LOAN_DEPOSIT":null,"LOAN_EQUITY":null,"LOAN_ASSETS":null,"DEPOSIT_EQUITY":null,"DEPOSIT_ASSETS":null,"EQUITY_MULTIPLIER":2.188998286593,"EQUITY_RATIO":1.226190777081},{"SECUCODE":"01569.HK","SECURITY_CODE":"01569","SECURITY_NAME_ABBR":"民生教育","ORG_CODE":"10298553","STD_REPORT_DATE":"2020-06-30 00:00:00","REPORT_DATE":"2020-06-30 00:00:00","DATE_TYPE_CODE":"002","REPORT_TYPE":"2020年中报","PER_NETCASH_OPERATE":-0.036673605645,"PER_OI":0.12867971321,"BPS":0.972792172074,"BASIC_EPS":0.0584,"DILUTED_EPS":0.0584,"OPERATE_INCOME":542735000,"OPERATE_INCOME_YOY":3.1037410927,"GROSS_PROFIT":306830000,"GROSS_PROFIT_YOY":0.098196255493,"HOLDER_PROFIT":236315000,"HOLDER_PROFIT_YOY":14.0929390465,"GROSS_PROFIT_RATIO":56.534035947562,"EPS_TTM":0.087914086284,"OPERATE_INCOME_QOQ":1.624966681121,"NET_PROFIT_RATIO":43.5608538237,"ROE_AVG":6.012800625719,"GROSS_PROFIT_QOQ":0.058277991829,"ROA":3.286985331003,"HOLDER_PROFIT_QOQ":8.544906866663,"ROE_YEARLY":12.025601251438,"ROIC_YEARLY":8.199192692738,"TOTAL_ASSETS":7301227000,"TOTAL_LIABILITIES":3084796000,"TAX_EBT":1.337506520605,"OCF_SALES":-28.499912480308,"TOTAL_PARENT_EQUITY":4102965000,"DEBT_ASSET_RATIO":42.2503779159,"OPERATE_PROFIT":277187000,"PRETAX_PROFIT":239625000,"NETCASH_OPERATE":-154679000,"NETCASH_INVEST":-300275000,"NETCASH_FINANCE":367696000,"END_CASH":1314945000,"DIVI_RATIO":0.101018578199,"DIVIDEND_RATE":4.666666666667,"CURRENT_RATIO":1.030651613204,"COMMON_ACS":10000000000,"CURRENTDEBT_DEBT":46.540614030879,"ISSUED_COMMON_SHARES":4217720000,"HK_COMMON_SHARES":4217720000,"PER_SHARES":2000,"TOTAL_MARKET_CAP":885721200,"HKSK_MARKET_CAP":885721200,"PE_TTM":-17.965782084657,"PB_TTM":0.156943255538,"REPORT_DATE_SQ":"2019-06-30 00:00:00","REPORT_TYPE_SQ":"2019年中报","OPERATE_INCOME_SQ":526397000,"DPS_HKD":0.0098,"OPERATE_INCOME_QOQ_SQ":33.72323848619,"NET_PROFIT_RATIO_SQ":38.6920898105,"HOLDER_PROFIT_SQ":207125000,"HOLDER_PROFIT_QOQ_SQ":-3.241507155111,"ROE_AVG_SQ":5.889208666641,"PE_TTM_SQ":2.148780214776,"PB_TTM_SQ":0.18914327084,"ROA_SQ":3.198389478677,"START_DATE":"2020-01-01 00:00:00","FISCAL_YEAR":"12-31","CURRENCY":"HKD","IS_CNY_CODE":0,"DPS_HKD_LY":0.0284,"ORG_TYPE":"一般企业","PREMIUM_INCOME":null,"PREMIUM_INCOME_YOY":null,"NET_INTEREST_INCOME":null,"NET_INTEREST_INCOME_YOY":null,"FEE_COMMISSION_INCOME":null,"FEE_COMMISSION_INCOME_YOY":null,"ACCOUNTS_RECE_TDAYS":48.095617882937,"INVENTORY_TDAYS":157.27,"CURRENT_ASSETS_TDAYS":0.364927773906,"TOTAL_ASSETS_TDAYS":0.075490848385,"PREMIUM_EXPENSE":null,"LOAN_DEPOSIT":null,"LOAN_EQUITY":null,"LOAN_ASSETS":null,"DEPOSIT_EQUITY":null,"DEPOSIT_ASSETS":null,"EQUITY_MULTIPLIER":1.731613063275,"EQUITY_RATIO":0.751845555592}],"count":21},"success":true,"message":"ok","code":0}