{"version":"8e88b0451cd549d0d8fc17519ba06978","result":{"pages":3,"data":[{"SECUCODE":"01566.HK","SECURITY_CODE":"01566","SECURITY_NAME_ABBR":"华夏文化科技","ORG_CODE":"10437091","STD_REPORT_DATE":"2024-06-30 00:00:00","REPORT_DATE":"2024-09-30 00:00:00","DATE_TYPE_CODE":"002","REPORT_TYPE":"2024年中报","PER_NETCASH_OPERATE":0.02871587947,"PER_OI":0.14695297915,"BPS":-0.794773759917,"BASIC_EPS":-0.001442864,"DILUTED_EPS":null,"OPERATE_INCOME":173704593.38,"OPERATE_INCOME_YOY":9.6830033539,"GROSS_PROFIT":37157355.16,"GROSS_PROFIT_YOY":97.544845092855,"HOLDER_PROFIT":-1701677.73,"HOLDER_PROFIT_YOY":97.6582278481,"GROSS_PROFIT_RATIO":21.391118356159,"EPS_TTM":-0.130899788205,"OPERATE_INCOME_QOQ":0,"NET_PROFIT_RATIO":1.7220255215,"ROE_AVG":0.181458883263,"GROSS_PROFIT_QOQ":0,"ROA":-0.509157825435,"HOLDER_PROFIT_QOQ":0,"ROE_YEARLY":0.362917766527,"ROIC_YEARLY":-1.062386343803,"TOTAL_ASSETS":300557589.1,"TOTAL_LIABILITIES":1242231957.22,"TAX_EBT":5.120137299771,"OCF_SALES":19.54086241447,"TOTAL_PARENT_EQUITY":-939455964.72,"DEBT_ASSET_RATIO":413.3091301869,"OPERATE_PROFIT":44430291.51,"PRETAX_PROFIT":3152657.84,"NETCASH_OPERATE":33943375.6,"NETCASH_INVEST":2859576.09,"NETCASH_FINANCE":-21559995.32,"END_CASH":25994998.54,"DIVI_RATIO":null,"DIVIDEND_RATE":null,"CURRENT_RATIO":0.099202697944,"COMMON_ACS":5000000000,"CURRENTDEBT_DEBT":90.494570669857,"ISSUED_COMMON_SHARES":1182042000,"HK_COMMON_SHARES":1182042000,"PER_SHARES":1000,"TOTAL_MARKET_CAP":60284142,"HKSK_MARKET_CAP":60284142,"PE_TTM":-0.655362142065,"PB_TTM":-0.057867147004,"REPORT_DATE_SQ":"2023-06-30 00:00:00","REPORT_TYPE_SQ":"2023年中报","OPERATE_INCOME_SQ":161151427.71,"DPS_HKD":null,"OPERATE_INCOME_QOQ_SQ":0,"NET_PROFIT_RATIO_SQ":-46.4556392604,"HOLDER_PROFIT_SQ":-73942625.4,"HOLDER_PROFIT_QOQ_SQ":0,"ROE_AVG_SQ":8.810413738472,"PE_TTM_SQ":-0.032273456364,"PB_TTM_SQ":-0.028547092208,"ROA_SQ":-15.550430830688,"START_DATE":"2024-04-01 00:00:00","FISCAL_YEAR":"3-31","CURRENCY":"HKD","IS_CNY_CODE":0,"DPS_HKD_LY":null,"ORG_TYPE":"一般企业","PREMIUM_INCOME":null,"PREMIUM_INCOME_YOY":null,"NET_INTEREST_INCOME":null,"NET_INTEREST_INCOME_YOY":null,"FEE_COMMISSION_INCOME":null,"FEE_COMMISSION_INCOME_YOY":null,"ACCOUNTS_RECE_TDAYS":5.072337063858,"INVENTORY_TDAYS":29.498928501851,"CURRENT_ASSETS_TDAYS":1.601626388063,"TOTAL_ASSETS_TDAYS":0.519740321414,"PREMIUM_EXPENSE":null,"LOAN_DEPOSIT":null,"LOAN_EQUITY":null,"LOAN_ASSETS":null,"DEPOSIT_EQUITY":null,"DEPOSIT_ASSETS":null,"EQUITY_MULTIPLIER":-0.319173590442,"EQUITY_RATIO":-1.32228864776},{"SECUCODE":"01566.HK","SECURITY_CODE":"01566","SECURITY_NAME_ABBR":"华夏文化科技","ORG_CODE":"10437091","STD_REPORT_DATE":"2023-12-31 00:00:00","REPORT_DATE":"2024-03-31 00:00:00","DATE_TYPE_CODE":"001","REPORT_TYPE":"2023年年报","PER_NETCASH_OPERATE":0.068676008382,"PER_OI":0.279186004727,"BPS":-0.796111284624,"BASIC_EPS":-0.126917,"DILUTED_EPS":-0.126917,"OPERATE_INCOME":330009583.4,"OPERATE_INCOME_YOY":1.0341324778,"GROSS_PROFIT":50201112.8,"GROSS_PROFIT_YOY":187.591924400702,"HOLDER_PROFIT":-154729047.45,"HOLDER_PROFIT_YOY":83.4865394384,"GROSS_PROFIT_RATIO":15.212016658059,"EPS_TTM":-0.62007356533,"OPERATE_INCOME_QOQ":0,"NET_PROFIT_RATIO":-46.785137407,"ROE_AVG":17.826544243365,"GROSS_PROFIT_QOQ":0,"ROA":-35.17591668032,"HOLDER_PROFIT_QOQ":0,"ROE_YEARLY":17.826544243365,"ROIC_YEARLY":-36.398901714073,"TOTAL_ASSETS":369812567.7,"TOTAL_LIABILITIES":1317470077.45,"TAX_EBT":8.549996241288,"OCF_SALES":24.598657246146,"TOTAL_PARENT_EQUITY":-941036975.1,"DEBT_ASSET_RATIO":356.2534625699,"OPERATE_PROFIT":-78833588,"PRETAX_PROFIT":-168830432.7,"NETCASH_OPERATE":81177926.3,"NETCASH_INVEST":3250888.3,"NETCASH_FINANCE":-107127920.05,"END_CASH":10593036.75,"DIVI_RATIO":null,"DIVIDEND_RATE":null,"CURRENT_RATIO":0.094210901376,"COMMON_ACS":5000000000,"CURRENTDEBT_DEBT":85.358970989053,"ISSUED_COMMON_SHARES":1182042000,"HK_COMMON_SHARES":1182042000,"PER_SHARES":1000,"TOTAL_MARKET_CAP":60284142,"HKSK_MARKET_CAP":60284142,"PE_TTM":-0.655362142065,"PB_TTM":-0.057867147004,"REPORT_DATE_SQ":"2022-12-31 00:00:00","REPORT_TYPE_SQ":"2022年年报","OPERATE_INCOME_SQ":315411973.82,"DPS_HKD":null,"OPERATE_INCOME_QOQ_SQ":0,"NET_PROFIT_RATIO_SQ":-286.7444532642,"HOLDER_PROFIT_SQ":-904801890.75,"HOLDER_PROFIT_QOQ_SQ":0,"ROE_AVG_SQ":284.149016891,"PE_TTM_SQ":-0.030878391989,"PB_TTM_SQ":-0.033511803897,"ROA_SQ":-118.55609498711,"START_DATE":"2023-04-01 00:00:00","FISCAL_YEAR":"3-31","CURRENCY":"HKD","IS_CNY_CODE":0,"DPS_HKD_LY":null,"ORG_TYPE":"一般企业","PREMIUM_INCOME":null,"PREMIUM_INCOME_YOY":null,"NET_INTEREST_INCOME":null,"NET_INTEREST_INCOME_YOY":null,"FEE_COMMISSION_INCOME":null,"FEE_COMMISSION_INCOME_YOY":null,"ACCOUNTS_RECE_TDAYS":7.620989605686,"INVENTORY_TDAYS":51.852498950021,"CURRENT_ASSETS_TDAYS":2.611326114481,"TOTAL_ASSETS_TDAYS":0.750239841885,"PREMIUM_EXPENSE":null,"LOAN_DEPOSIT":null,"LOAN_EQUITY":null,"LOAN_ASSETS":null,"DEPOSIT_EQUITY":null,"DEPOSIT_ASSETS":null,"EQUITY_MULTIPLIER":-0.390238629352,"EQUITY_RATIO":-1.400019459714},{"SECUCODE":"01566.HK","SECURITY_CODE":"01566","SECURITY_NAME_ABBR":"华夏文化科技","ORG_CODE":"10437091","STD_REPORT_DATE":"2023-06-30 00:00:00","REPORT_DATE":"2023-09-30 00:00:00","DATE_TYPE_CODE":"002","REPORT_TYPE":"2023年中报","PER_NETCASH_OPERATE":0.017990964154,"PER_OI":0.136333080982,"BPS":-0.739321884205,"BASIC_EPS":-0.062582366,"DILUTED_EPS":null,"OPERATE_INCOME":161151427.71,"OPERATE_INCOME_YOY":-9.0882266155,"GROSS_PROFIT":18809579.74,"GROSS_PROFIT_YOY":-38.576009118662,"HOLDER_PROFIT":-73942625.4,"HOLDER_PROFIT_YOY":70.3489463168,"GROSS_PROFIT_RATIO":11.671990752604,"EPS_TTM":-0.765456634155,"OPERATE_INCOME_QOQ":0,"NET_PROFIT_RATIO":-46.4556392604,"ROE_AVG":8.810413738472,"GROSS_PROFIT_QOQ":0,"ROA":-15.550430830688,"HOLDER_PROFIT_QOQ":0,"ROE_YEARLY":17.620827476945,"ROIC_YEARLY":-32.540845161427,"TOTAL_ASSETS":434840080.99,"TOTAL_LIABILITIES":1316325552.92,"TAX_EBT":4.444886915986,"OCF_SALES":13.196330651361,"TOTAL_PARENT_EQUITY":-873909518.65,"DEBT_ASSET_RATIO":302.7148624209,"OPERATE_PROFIT":-34490958.81,"PRETAX_PROFIT":-78346331.77,"NETCASH_OPERATE":21266075.25,"NETCASH_INVEST":-387239.86,"NETCASH_FINANCE":-27753719.35,"END_CASH":23760193.59,"DIVI_RATIO":null,"DIVIDEND_RATE":null,"CURRENT_RATIO":0.102234140433,"COMMON_ACS":5000000000,"CURRENTDEBT_DEBT":84.253850164937,"ISSUED_COMMON_SHARES":1182042000,"HK_COMMON_SHARES":1182042000,"PER_SHARES":1000,"TOTAL_MARKET_CAP":60284142,"HKSK_MARKET_CAP":60284142,"PE_TTM":-0.655362142065,"PB_TTM":-0.057867147004,"REPORT_DATE_SQ":"2022-06-30 00:00:00","REPORT_TYPE_SQ":"2022年中报","OPERATE_INCOME_SQ":174713388.12,"DPS_HKD":null,"OPERATE_INCOME_QOQ_SQ":0,"NET_PROFIT_RATIO_SQ":-140.3006631362,"HOLDER_PROFIT_SQ":-245791518.84,"HOLDER_PROFIT_QOQ_SQ":0,"ROE_AVG_SQ":-1337.86737557229,"PE_TTM_SQ":-0.030878391989,"PB_TTM_SQ":-0.033511803897,"ROA_SQ":-24.317058341129,"START_DATE":"2023-04-01 00:00:00","FISCAL_YEAR":"3-31","CURRENCY":"HKD","IS_CNY_CODE":0,"DPS_HKD_LY":null,"ORG_TYPE":"一般企业","PREMIUM_INCOME":null,"PREMIUM_INCOME_YOY":null,"NET_INTEREST_INCOME":null,"NET_INTEREST_INCOME_YOY":null,"FEE_COMMISSION_INCOME":null,"FEE_COMMISSION_INCOME_YOY":null,"ACCOUNTS_RECE_TDAYS":3.878124723964,"INVENTORY_TDAYS":26.710116229014,"CURRENT_ASSETS_TDAYS":1.230245990354,"TOTAL_ASSETS_TDAYS":0.338907918986,"PREMIUM_EXPENSE":null,"LOAN_DEPOSIT":null,"LOAN_EQUITY":null,"LOAN_ASSETS":null,"DEPOSIT_EQUITY":null,"DEPOSIT_ASSETS":null,"EQUITY_MULTIPLIER":-0.493303741057,"EQUITY_RATIO":-1.506249245292},{"SECUCODE":"01566.HK","SECURITY_CODE":"01566","SECURITY_NAME_ABBR":"华夏文化科技","ORG_CODE":"10437091","STD_REPORT_DATE":"2022-12-31 00:00:00","REPORT_DATE":"2023-03-31 00:00:00","DATE_TYPE_CODE":"001","REPORT_TYPE":"2022年年报","PER_NETCASH_OPERATE":-0.186116513863,"PER_OI":0.266836520039,"BPS":-0.649383021957,"BASIC_EPS":-0.7616067,"DILUTED_EPS":-0.7616067,"OPERATE_INCOME":315411973.82,"OPERATE_INCOME_YOY":-20.4870061085,"GROSS_PROFIT":17455675.4,"GROSS_PROFIT_YOY":-65.686670997746,"HOLDER_PROFIT":-904801890.75,"HOLDER_PROFIT_YOY":1.5815323791,"GROSS_PROFIT_RATIO":5.534246271184,"EPS_TTM":-0.942134556336,"OPERATE_INCOME_QOQ":0,"NET_PROFIT_RATIO":-286.7444532642,"ROE_AVG":284.149016891,"GROSS_PROFIT_QOQ":0,"ROA":-118.55609498711,"HOLDER_PROFIT_QOQ":0,"ROE_YEARLY":284.149016891,"ROIC_YEARLY":-121.150015267193,"TOTAL_ASSETS":492415498.77,"TOTAL_LIABILITIES":1267032542.19,"TAX_EBT":2.264439027021,"OCF_SALES":-69.749265893612,"TOTAL_PARENT_EQUITY":-767598006.04,"DEBT_ASSET_RATIO":257.3096389847,"OPERATE_PROFIT":-640741467.53,"PRETAX_PROFIT":-925381029.03,"NETCASH_OPERATE":-219997536.28,"NETCASH_INVEST":13645015.67,"NETCASH_FINANCE":222277103.92,"END_CASH":31726609.22,"DIVI_RATIO":null,"DIVIDEND_RATE":null,"CURRENT_RATIO":0.139122590733,"COMMON_ACS":5000000000,"CURRENTDEBT_DEBT":80.421996201357,"ISSUED_COMMON_SHARES":1182042000,"HK_COMMON_SHARES":1182042000,"PER_SHARES":1000,"TOTAL_MARKET_CAP":60284142,"HKSK_MARKET_CAP":60284142,"PE_TTM":-0.655362142065,"PB_TTM":-0.057867147004,"REPORT_DATE_SQ":"2021-12-31 00:00:00","REPORT_TYPE_SQ":"2021年年报","OPERATE_INCOME_SQ":367497827.36,"DPS_HKD":null,"OPERATE_INCOME_QOQ_SQ":0,"NET_PROFIT_RATIO_SQ":-234.0281946259,"HOLDER_PROFIT_SQ":-851709725.84,"HOLDER_PROFIT_QOQ_SQ":0,"ROE_AVG_SQ":-158.890202655422,"PE_TTM_SQ":-0.030878391989,"PB_TTM_SQ":-0.033511803897,"ROA_SQ":-61.956698085991,"START_DATE":"2022-04-01 00:00:00","FISCAL_YEAR":"3-31","CURRENCY":"HKD","IS_CNY_CODE":0,"DPS_HKD_LY":null,"ORG_TYPE":"一般企业","PREMIUM_INCOME":null,"PREMIUM_INCOME_YOY":null,"NET_INTEREST_INCOME":null,"NET_INTEREST_INCOME_YOY":null,"FEE_COMMISSION_INCOME":null,"FEE_COMMISSION_INCOME_YOY":null,"ACCOUNTS_RECE_TDAYS":3.217298127495,"INVENTORY_TDAYS":86.342465753425,"CURRENT_ASSETS_TDAYS":1.164661464563,"TOTAL_ASSETS_TDAYS":0.413283972001,"PREMIUM_EXPENSE":null,"LOAN_DEPOSIT":null,"LOAN_EQUITY":null,"LOAN_ASSETS":null,"DEPOSIT_EQUITY":null,"DEPOSIT_ASSETS":null,"EQUITY_MULTIPLIER":-0.635688954888,"EQUITY_RATIO":-1.650645952986},{"SECUCODE":"01566.HK","SECURITY_CODE":"01566","SECURITY_NAME_ABBR":"华夏文化科技","ORG_CODE":"10437091","STD_REPORT_DATE":"2022-06-30 00:00:00","REPORT_DATE":"2022-09-30 00:00:00","DATE_TYPE_CODE":"002","REPORT_TYPE":"2022年中报","PER_NETCASH_OPERATE":-0.086387784292,"PER_OI":0.147806413072,"BPS":-0.083194811352,"BASIC_EPS":-0.2080212,"DILUTED_EPS":null,"OPERATE_INCOME":174713388.12,"OPERATE_INCOME_YOY":-37.5398513939,"GROSS_PROFIT":30622529.52,"GROSS_PROFIT_YOY":-46.637789382009,"HOLDER_PROFIT":-245791518.84,"HOLDER_PROFIT_YOY":-1502.5650289017,"GROSS_PROFIT_RATIO":17.527294187076,"EPS_TTM":-0.720541000946,"OPERATE_INCOME_QOQ":0,"NET_PROFIT_RATIO":-140.3006631362,"ROE_AVG":-1337.86737557229,"GROSS_PROFIT_QOQ":0,"ROA":-24.317058341129,"HOLDER_PROFIT_QOQ":0,"ROE_YEARLY":-2675.73475114459,"ROIC_YEARLY":-49.249306935807,"TOTAL_ASSETS":953315033.16,"TOTAL_LIABILITIES":1060924399.92,"TAX_EBT":-0.286031452359,"OCF_SALES":-58.446573796545,"TOTAL_PARENT_EQUITY":-98339761.2,"DEBT_ASSET_RATIO":111.2879124966,"OPERATE_PROFIT":-207979595.76,"PRETAX_PROFIT":-244424910,"NETCASH_OPERATE":-102113989.32,"NETCASH_INVEST":-470308.8,"NETCASH_FINANCE":117989624.64,"END_CASH":26283930.84,"DIVI_RATIO":null,"DIVIDEND_RATE":null,"CURRENT_RATIO":0.434769434512,"COMMON_ACS":5000000000,"CURRENTDEBT_DEBT":80.46551715319,"ISSUED_COMMON_SHARES":1182042000,"HK_COMMON_SHARES":1182042000,"PER_SHARES":1000,"TOTAL_MARKET_CAP":60284142,"HKSK_MARKET_CAP":60284142,"PE_TTM":-0.655362142065,"PB_TTM":-0.057867147004,"REPORT_DATE_SQ":"2021-06-30 00:00:00","REPORT_TYPE_SQ":"2021年中报","OPERATE_INCOME_SQ":257643798.44,"DPS_HKD":null,"OPERATE_INCOME_QOQ_SQ":0,"NET_PROFIT_RATIO_SQ":4.9224959098,"HOLDER_PROFIT_SQ":16141370.56,"HOLDER_PROFIT_QOQ_SQ":0,"ROE_AVG_SQ":1.494896205551,"PE_TTM_SQ":-0.030878391989,"PB_TTM_SQ":-0.033511803897,"ROA_SQ":0.842849061245,"START_DATE":"2022-04-01 00:00:00","FISCAL_YEAR":"3-31","CURRENCY":"HKD","IS_CNY_CODE":0,"DPS_HKD_LY":null,"ORG_TYPE":"一般企业","PREMIUM_INCOME":null,"PREMIUM_INCOME_YOY":null,"NET_INTEREST_INCOME":null,"NET_INTEREST_INCOME_YOY":null,"FEE_COMMISSION_INCOME":null,"FEE_COMMISSION_INCOME_YOY":null,"ACCOUNTS_RECE_TDAYS":1.269638772774,"INVENTORY_TDAYS":40.594980252261,"CURRENT_ASSETS_TDAYS":0.445533319341,"TOTAL_ASSETS_TDAYS":0.172850376284,"PREMIUM_EXPENSE":null,"LOAN_DEPOSIT":null,"LOAN_EQUITY":null,"LOAN_ASSETS":null,"DEPOSIT_EQUITY":null,"DEPOSIT_ASSETS":null,"EQUITY_MULTIPLIER":-8.859033947164,"EQUITY_RATIO":-10.788356479353},{"SECUCODE":"01566.HK","SECURITY_CODE":"01566","SECURITY_NAME_ABBR":"华夏文化科技","ORG_CODE":"10437091","STD_REPORT_DATE":"2021-12-31 00:00:00","REPORT_DATE":"2022-03-31 00:00:00","DATE_TYPE_CODE":"001","REPORT_TYPE":"2021年年报","PER_NETCASH_OPERATE":-0.002413046381,"PER_OI":0.310900820242,"BPS":0.10247453945,"BASIC_EPS":-0.8272302,"DILUTED_EPS":-0.8272302,"OPERATE_INCOME":367497827.36,"OPERATE_INCOME_YOY":-5.2629158138,"GROSS_PROFIT":50871413.26,"GROSS_PROFIT_YOY":-64.108506628975,"HOLDER_PROFIT":-851709725.84,"HOLDER_PROFIT_YOY":-1363.9722696965,"GROSS_PROFIT_RATIO":13.842643268246,"EPS_TTM":0.064862065858,"OPERATE_INCOME_QOQ":0,"NET_PROFIT_RATIO":-234.0281946259,"ROE_AVG":-158.890202655422,"GROSS_PROFIT_QOQ":0,"ROA":-61.956698085991,"HOLDER_PROFIT_QOQ":0,"ROE_YEARLY":-158.890202655422,"ROIC_YEARLY":-63.128332441677,"TOTAL_ASSETS":957890399.08,"TOTAL_LIABILITIES":846369224.99,"TAX_EBT":1.73090733868,"OCF_SALES":-0.776146675612,"TOTAL_PARENT_EQUITY":121129209.56,"DEBT_ASSET_RATIO":88.3576269063,"OPERATE_PROFIT":-568993261.86,"PRETAX_PROFIT":-875197386.45,"NETCASH_OPERATE":-2852322.17,"NETCASH_INVEST":-53402575.47,"NETCASH_FINANCE":30957062.71,"END_CASH":16994714.55,"DIVI_RATIO":null,"DIVIDEND_RATE":null,"CURRENT_RATIO":0.652780834408,"COMMON_ACS":5000000000,"CURRENTDEBT_DEBT":67.051999858183,"ISSUED_COMMON_SHARES":1182042000,"HK_COMMON_SHARES":1182042000,"PER_SHARES":1000,"TOTAL_MARKET_CAP":60284142,"HKSK_MARKET_CAP":60284142,"PE_TTM":-0.655362142065,"PB_TTM":-0.057867147004,"REPORT_DATE_SQ":"2020-12-31 00:00:00","REPORT_TYPE_SQ":"2020年年报","OPERATE_INCOME_SQ":404257200.62,"DPS_HKD":null,"OPERATE_INCOME_QOQ_SQ":0,"NET_PROFIT_RATIO_SQ":14.8401974456,"HOLDER_PROFIT_SQ":70222625.48,"HOLDER_PROFIT_QOQ_SQ":0,"ROE_AVG_SQ":7.893440547675,"PE_TTM_SQ":-0.036483037628,"PB_TTM_SQ":-0.032270625975,"ROA_SQ":4.012317136568,"START_DATE":"2021-04-01 00:00:00","FISCAL_YEAR":"3-31","CURRENCY":"HKD","IS_CNY_CODE":0,"DPS_HKD_LY":null,"ORG_TYPE":"一般企业","PREMIUM_INCOME":null,"PREMIUM_INCOME_YOY":null,"NET_INTEREST_INCOME":null,"NET_INTEREST_INCOME_YOY":null,"FEE_COMMISSION_INCOME":null,"FEE_COMMISSION_INCOME_YOY":null,"ACCOUNTS_RECE_TDAYS":2.286850518677,"INVENTORY_TDAYS":330.715798390513,"CURRENT_ASSETS_TDAYS":0.765548816543,"TOTAL_ASSETS_TDAYS":0.267332299329,"PREMIUM_EXPENSE":null,"LOAN_DEPOSIT":null,"LOAN_EQUITY":null,"LOAN_ASSETS":null,"DEPOSIT_EQUITY":null,"DEPOSIT_ASSETS":null,"EQUITY_MULTIPLIER":8.589314154011,"EQUITY_RATIO":6.987325584509},{"SECUCODE":"01566.HK","SECURITY_CODE":"01566","SECURITY_NAME_ABBR":"华夏文化科技","ORG_CODE":"10437091","STD_REPORT_DATE":"2021-06-30 00:00:00","REPORT_DATE":"2021-09-30 00:00:00","DATE_TYPE_CODE":"002","REPORT_TYPE":"2021年中报","PER_NETCASH_OPERATE":0.028317146688,"PER_OI":0.24040619355,"BPS":1.000583682001,"BASIC_EPS":0.0166612,"DILUTED_EPS":null,"OPERATE_INCOME":257643798.44,"OPERATE_INCOME_YOY":79.4203302122,"GROSS_PROFIT":57386171.16,"GROSS_PROFIT_YOY":71.09840310478,"HOLDER_PROFIT":16141370.56,"HOLDER_PROFIT_YOY":-24.0901077375,"GROSS_PROFIT_RATIO":22.273453313243,"EPS_TTM":0.071531509032,"OPERATE_INCOME_QOQ":0,"NET_PROFIT_RATIO":4.9224959098,"ROE_AVG":1.494896205551,"GROSS_PROFIT_QOQ":0,"ROA":0.842849061245,"HOLDER_PROFIT_QOQ":0,"ROE_YEARLY":2.989792411103,"ROIC_YEARLY":1.711808216697,"TOTAL_ASSETS":1990004564.34,"TOTAL_LIABILITIES":812243496.72,"TAX_EBT":43.812511533493,"OCF_SALES":11.778875689518,"TOTAL_PARENT_EQUITY":1182731936.64,"DEBT_ASSET_RATIO":40.8161624991,"OPERATE_PROFIT":10718149.96,"PRETAX_PROFIT":22571760.7,"NETCASH_OPERATE":30347542.74,"NETCASH_INVEST":-40656660.24,"NETCASH_FINANCE":-19620229.12,"END_CASH":18565575.16,"DIVI_RATIO":null,"DIVIDEND_RATE":null,"CURRENT_RATIO":1.624290290324,"COMMON_ACS":5000000000,"CURRENTDEBT_DEBT":54.463637370617,"ISSUED_COMMON_SHARES":1182042000,"HK_COMMON_SHARES":1182042000,"PER_SHARES":1000,"TOTAL_MARKET_CAP":60284142,"HKSK_MARKET_CAP":60284142,"PE_TTM":-0.655362142065,"PB_TTM":-0.057867147004,"REPORT_DATE_SQ":"2020-06-30 00:00:00","REPORT_TYPE_SQ":"2020年中报","OPERATE_INCOME_SQ":151468481.28,"DPS_HKD":null,"OPERATE_INCOME_QOQ_SQ":0,"NET_PROFIT_RATIO_SQ":10.7023100932,"HOLDER_PROFIT_SQ":22429328,"HOLDER_PROFIT_QOQ_SQ":0,"ROE_AVG_SQ":2.51511904322,"PE_TTM_SQ":-0.030878391989,"PB_TTM_SQ":-0.033511803897,"ROA_SQ":1.251067573578,"START_DATE":"2021-04-01 00:00:00","FISCAL_YEAR":"3-31","CURRENCY":"HKD","IS_CNY_CODE":0,"DPS_HKD_LY":null,"ORG_TYPE":"一般企业","PREMIUM_INCOME":null,"PREMIUM_INCOME_YOY":null,"NET_INTEREST_INCOME":null,"NET_INTEREST_INCOME_YOY":null,"FEE_COMMISSION_INCOME":null,"FEE_COMMISSION_INCOME_YOY":null,"ACCOUNTS_RECE_TDAYS":1.406506948992,"INVENTORY_TDAYS":191.239459029435,"CURRENT_ASSETS_TDAYS":0.389127666749,"TOTAL_ASSETS_TDAYS":0.134533082456,"PREMIUM_EXPENSE":null,"LOAN_DEPOSIT":null,"LOAN_EQUITY":null,"LOAN_ASSETS":null,"DEPOSIT_EQUITY":null,"DEPOSIT_ASSETS":null,"EQUITY_MULTIPLIER":1.689650489434,"EQUITY_RATIO":0.686751977821},{"SECUCODE":"01566.HK","SECURITY_CODE":"01566","SECURITY_NAME_ABBR":"华夏文化科技","ORG_CODE":"10437091","STD_REPORT_DATE":"2020-12-31 00:00:00","REPORT_DATE":"2021-03-31 00:00:00","DATE_TYPE_CODE":"001","REPORT_TYPE":"2020年年报","PER_NETCASH_OPERATE":0.092787953656,"PER_OI":0.411792173816,"BPS":0.838388054519,"BASIC_EPS":0.0760662,"DILUTED_EPS":0.0760662,"OPERATE_INCOME":404257200.62,"OPERATE_INCOME_YOY":22.0755256321,"GROSS_PROFIT":141736686,"GROSS_PROFIT_YOY":128.900937812145,"HOLDER_PROFIT":70222625.48,"HOLDER_PROFIT_YOY":-21.0374256334,"GROSS_PROFIT_RATIO":35.061017041285,"EPS_TTM":0.099741119254,"OPERATE_INCOME_QOQ":0,"NET_PROFIT_RATIO":14.8401974456,"ROE_AVG":7.893440547675,"GROSS_PROFIT_QOQ":0,"ROA":4.012317136568,"HOLDER_PROFIT_QOQ":0,"ROE_YEARLY":7.893440547675,"ROIC_YEARLY":4.128822071204,"TOTAL_ASSETS":1866960361,"TOTAL_LIABILITIES":877811554.62,"TAX_EBT":-36.619447224575,"OCF_SALES":22.532714207761,"TOTAL_PARENT_EQUITY":991009892.74,"DEBT_ASSET_RATIO":47.0182213269,"OPERATE_PROFIT":104069548.94,"PRETAX_PROFIT":43912172.08,"NETCASH_OPERATE":91090119.68,"NETCASH_INVEST":4285062.6,"NETCASH_FINANCE":-90534836.42,"END_CASH":47340222.16,"DIVI_RATIO":null,"DIVIDEND_RATE":null,"CURRENT_RATIO":1.207094127355,"COMMON_ACS":5000000000,"CURRENTDEBT_DEBT":57.9911208164,"ISSUED_COMMON_SHARES":1182042000,"HK_COMMON_SHARES":1182042000,"PER_SHARES":1000,"TOTAL_MARKET_CAP":60284142,"HKSK_MARKET_CAP":60284142,"PE_TTM":-0.655362142065,"PB_TTM":-0.057867147004,"REPORT_DATE_SQ":"2019-12-31 00:00:00","REPORT_TYPE_SQ":"2019年年报","OPERATE_INCOME_SQ":358000451.8,"DPS_HKD":null,"OPERATE_INCOME_QOQ_SQ":0,"NET_PROFIT_RATIO_SQ":27.9438713267,"HOLDER_PROFIT_SQ":96141341.4,"HOLDER_PROFIT_QOQ_SQ":0,"ROE_AVG_SQ":11.595400718059,"PE_TTM_SQ":-0.030878391989,"PB_TTM_SQ":-0.033511803897,"ROA_SQ":5.833560408386,"START_DATE":"2020-04-01 00:00:00","FISCAL_YEAR":"3-31","CURRENCY":"HKD","IS_CNY_CODE":0,"DPS_HKD_LY":null,"ORG_TYPE":"一般企业","PREMIUM_INCOME":null,"PREMIUM_INCOME_YOY":null,"NET_INTEREST_INCOME":null,"NET_INTEREST_INCOME_YOY":null,"FEE_COMMISSION_INCOME":null,"FEE_COMMISSION_INCOME_YOY":null,"ACCOUNTS_RECE_TDAYS":3.099442072045,"INVENTORY_TDAYS":374.453285111513,"CURRENT_ASSETS_TDAYS":0.787474079946,"TOTAL_ASSETS_TDAYS":0.230980838803,"PREMIUM_EXPENSE":null,"LOAN_DEPOSIT":null,"LOAN_EQUITY":null,"LOAN_ASSETS":null,"DEPOSIT_EQUITY":null,"DEPOSIT_ASSETS":null,"EQUITY_MULTIPLIER":1.887441352564,"EQUITY_RATIO":0.885774764763},{"SECUCODE":"01566.HK","SECURITY_CODE":"01566","SECURITY_NAME_ABBR":"华夏文化科技","ORG_CODE":"10437091","STD_REPORT_DATE":"2020-06-30 00:00:00","REPORT_DATE":"2020-09-30 00:00:00","DATE_TYPE_CODE":"002","REPORT_TYPE":"2020年中报","PER_NETCASH_OPERATE":0.014653810066,"PER_OI":0.157114875682,"BPS":0.815557739437,"BASIC_EPS":0.0263616,"DILUTED_EPS":null,"OPERATE_INCOME":151468481.28,"OPERATE_INCOME_YOY":-26.9994536838,"GROSS_PROFIT":33539863.68,"GROSS_PROFIT_YOY":-27.223940437472,"HOLDER_PROFIT":22429328,"HOLDER_PROFIT_YOY":2.7204314057,"GROSS_PROFIT_RATIO":22.143130634551,"EPS_TTM":0.099725268084,"OPERATE_INCOME_QOQ":0,"NET_PROFIT_RATIO":10.7023100932,"ROE_AVG":2.51511904322,"GROSS_PROFIT_QOQ":0,"ROA":1.251067573578,"HOLDER_PROFIT_QOQ":0,"ROE_YEARLY":5.03023808644,"ROIC_YEARLY":2.585414917312,"TOTAL_ASSETS":1887418504.96,"TOTAL_LIABILITIES":920161313.92,"TAX_EBT":8.469362441082,"OCF_SALES":9.326812628355,"TOTAL_PARENT_EQUITY":964023501.44,"DEBT_ASSET_RATIO":48.7523732284,"OPERATE_PROFIT":31775393.92,"PRETAX_PROFIT":17710601.6,"NETCASH_OPERATE":14127181.44,"NETCASH_INVEST":-29316735.36,"NETCASH_FINANCE":20156079.36,"END_CASH":56857577.6,"DIVI_RATIO":null,"DIVIDEND_RATE":null,"CURRENT_RATIO":1.034702889508,"COMMON_ACS":5000000000,"CURRENTDEBT_DEBT":49.739247355469,"ISSUED_COMMON_SHARES":1182042000,"HK_COMMON_SHARES":1182042000,"PER_SHARES":1000,"TOTAL_MARKET_CAP":60284142,"HKSK_MARKET_CAP":60284142,"PE_TTM":-0.655362142065,"PB_TTM":-0.057867147004,"REPORT_DATE_SQ":"2019-06-30 00:00:00","REPORT_TYPE_SQ":"2019年中报","OPERATE_INCOME_SQ":212988915.27,"DPS_HKD":null,"OPERATE_INCOME_QOQ_SQ":0,"NET_PROFIT_RATIO_SQ":9.4571988803,"HOLDER_PROFIT_SQ":22414046.49,"HOLDER_PROFIT_QOQ_SQ":0,"ROE_AVG_SQ":2.836548312585,"PE_TTM_SQ":-0.030878391989,"PB_TTM_SQ":-0.033511803897,"ROA_SQ":1.426308267181,"START_DATE":"2020-04-01 00:00:00","FISCAL_YEAR":"3-31","CURRENCY":"HKD","IS_CNY_CODE":0,"DPS_HKD_LY":null,"ORG_TYPE":"一般企业","PREMIUM_INCOME":null,"PREMIUM_INCOME_YOY":null,"NET_INTEREST_INCOME":null,"NET_INTEREST_INCOME_YOY":null,"FEE_COMMISSION_INCOME":null,"FEE_COMMISSION_INCOME_YOY":null,"ACCOUNTS_RECE_TDAYS":1.734991419355,"INVENTORY_TDAYS":26.384547331171,"CURRENT_ASSETS_TDAYS":0.335787837348,"TOTAL_ASSETS_TDAYS":0.084486394487,"PREMIUM_EXPENSE":null,"LOAN_DEPOSIT":null,"LOAN_EQUITY":null,"LOAN_ASSETS":null,"DEPOSIT_EQUITY":null,"DEPOSIT_ASSETS":null,"EQUITY_MULTIPLIER":1.951309871298,"EQUITY_RATIO":0.954500914703}],"count":24},"success":true,"message":"ok","code":0}