{"version":"2de4e35a41959618c6d53e658b3a4d07","result":{"pages":3,"data":[{"SECUCODE":"01568.HK","SECURITY_CODE":"01568","SECURITY_NAME_ABBR":"承达集团","ORG_CODE":"10280384","STD_REPORT_DATE":"2024-06-30 00:00:00","REPORT_DATE":"2024-06-30 00:00:00","DATE_TYPE_CODE":"002","REPORT_TYPE":"2024年中报","PER_NETCASH_OPERATE":-0.099480897855,"PER_OI":1.169753302413,"BPS":1.520864094968,"BASIC_EPS":0.0707327,"DILUTED_EPS":0.0707327,"OPERATE_INCOME":2524573274.8,"OPERATE_INCOME_YOY":29.5496898846,"GROSS_PROFIT":351302396.84,"GROSS_PROFIT_YOY":40.286879505526,"HOLDER_PROFIT":152580929.72,"HOLDER_PROFIT_YOY":47.1892305931,"GROSS_PROFIT_RATIO":13.915317901313,"EPS_TTM":0.160854127402,"OPERATE_INCOME_QOQ":11.233912823151,"NET_PROFIT_RATIO":6.0438305057,"ROE_AVG":4.750306912068,"GROSS_PROFIT_QOQ":15.99008118692,"ROA":2.362334347343,"HOLDER_PROFIT_QOQ":15.991394666327,"ROE_YEARLY":9.500613824135,"ROIC_YEARLY":6.27153002633,"TOTAL_ASSETS":6302194127.36,"TOTAL_LIABILITIES":3019850028.96,"TAX_EBT":22.10174640747,"OCF_SALES":-8.504434024677,"TOTAL_PARENT_EQUITY":3282344098.4,"DEBT_ASSET_RATIO":47.9174390368,"OPERATE_PROFIT":197767716.52,"PRETAX_PROFIT":195872080.16,"NETCASH_OPERATE":-214700668.56,"NETCASH_INVEST":283768640.24,"NETCASH_FINANCE":22101458.88,"END_CASH":1157516449.48,"DIVI_RATIO":null,"DIVIDEND_RATE":null,"CURRENT_RATIO":1.921242713979,"COMMON_ACS":null,"CURRENTDEBT_DEBT":99.838097034187,"ISSUED_COMMON_SHARES":2158210000,"HK_COMMON_SHARES":2158210000,"PER_SHARES":2000,"TOTAL_MARKET_CAP":949612400,"HKSK_MARKET_CAP":949612400,"PE_TTM":2.473812215721,"PB_TTM":0.264046735884,"REPORT_DATE_SQ":"2023-06-30 00:00:00","REPORT_TYPE_SQ":"2023年中报","OPERATE_INCOME_SQ":1968586802.54,"DPS_HKD":null,"OPERATE_INCOME_QOQ_SQ":5.36700324651,"NET_PROFIT_RATIO_SQ":5.3195221183,"HOLDER_PROFIT_SQ":104719410.38,"HOLDER_PROFIT_QOQ_SQ":8.790115035547,"ROE_AVG_SQ":3.520639326106,"PE_TTM_SQ":3.219002061896,"PB_TTM_SQ":0.306423680346,"ROA_SQ":1.752213194861,"START_DATE":"2024-01-01 00:00:00","FISCAL_YEAR":"12-31","CURRENCY":"HKD","IS_CNY_CODE":0,"DPS_HKD_LY":null,"ORG_TYPE":"一般企业","PREMIUM_INCOME":null,"PREMIUM_INCOME_YOY":null,"NET_INTEREST_INCOME":null,"NET_INTEREST_INCOME_YOY":null,"FEE_COMMISSION_INCOME":null,"FEE_COMMISSION_INCOME_YOY":null,"ACCOUNTS_RECE_TDAYS":0.872585914039,"INVENTORY_TDAYS":49.853905178641,"CURRENT_ASSETS_TDAYS":0.423996252549,"TOTAL_ASSETS_TDAYS":0.390867074305,"PREMIUM_EXPENSE":null,"LOAN_DEPOSIT":null,"LOAN_EQUITY":null,"LOAN_ASSETS":null,"DEPOSIT_EQUITY":null,"DEPOSIT_ASSETS":null,"EQUITY_MULTIPLIER":1.920028473075,"EQUITY_RATIO":0.920028473076},{"SECUCODE":"01568.HK","SECURITY_CODE":"01568","SECURITY_NAME_ABBR":"承达集团","ORG_CODE":"10280384","STD_REPORT_DATE":"2023-12-31 00:00:00","REPORT_DATE":"2023-12-31 00:00:00","DATE_TYPE_CODE":"001","REPORT_TYPE":"2023年年报","PER_NETCASH_OPERATE":0.168522463477,"PER_OI":2.293187020577,"BPS":1.445394047762,"BASIC_EPS":0.13865166,"DILUTED_EPS":0.13865166,"OPERATE_INCOME":4949179159.68,"OPERATE_INCOME_YOY":16.7296302954,"GROSS_PROFIT":630923957.3,"GROSS_PROFIT_YOY":6.41948272689,"HOLDER_PROFIT":299295466.96,"HOLDER_PROFIT_YOY":14.8638402949,"GROSS_PROFIT_RATIO":12.748052494038,"EPS_TTM":0.138677638858,"OPERATE_INCOME_QOQ":12.389923506923,"NET_PROFIT_RATIO":6.047375884,"ROE_AVG":9.873617114971,"GROSS_PROFIT_QOQ":3.370001648238,"ROA":4.737959227941,"HOLDER_PROFIT_QOQ":7.113643000566,"ROE_YEARLY":9.873617114971,"ROIC_YEARLY":6.268739948498,"TOTAL_ASSETS":6568790043.2,"TOTAL_LIABILITIES":3449326155.38,"TAX_EBT":14.193147777198,"OCF_SALES":7.348832082359,"TOTAL_PARENT_EQUITY":3119463887.82,"DEBT_ASSET_RATIO":52.5108297372,"OPERATE_PROFIT":354113620.98,"PRETAX_PROFIT":348801359.34,"NETCASH_OPERATE":363706865.9,"NETCASH_INVEST":-538349959.42,"NETCASH_FINANCE":-132829196.5,"END_CASH":1067688467.16,"DIVI_RATIO":null,"DIVIDEND_RATE":null,"CURRENT_RATIO":1.764196133594,"COMMON_ACS":null,"CURRENTDEBT_DEBT":99.793288931263,"ISSUED_COMMON_SHARES":2158210000,"HK_COMMON_SHARES":2158210000,"PER_SHARES":2000,"TOTAL_MARKET_CAP":884866100,"HKSK_MARKET_CAP":884866100,"PE_TTM":2.305143201013,"PB_TTM":0.246043549347,"REPORT_DATE_SQ":"2022-12-31 00:00:00","REPORT_TYPE_SQ":"2022年年报","OPERATE_INCOME_SQ":4179277140.29,"DPS_HKD":null,"OPERATE_INCOME_QOQ_SQ":-3.943818191195,"NET_PROFIT_RATIO_SQ":6.1456063926,"HOLDER_PROFIT_SQ":256841923.1,"HOLDER_PROFIT_QOQ_SQ":0.238041453166,"ROE_AVG_SQ":8.88128215654,"PE_TTM_SQ":2.936012869642,"PB_TTM_SQ":0.279485334821,"ROA_SQ":4.189634090767,"START_DATE":"2023-01-01 00:00:00","FISCAL_YEAR":"12-31","CURRENCY":"HKD","IS_CNY_CODE":0,"DPS_HKD_LY":0.06,"ORG_TYPE":"一般企业","PREMIUM_INCOME":null,"PREMIUM_INCOME_YOY":null,"NET_INTEREST_INCOME":null,"NET_INTEREST_INCOME_YOY":null,"FEE_COMMISSION_INCOME":null,"FEE_COMMISSION_INCOME_YOY":null,"ACCOUNTS_RECE_TDAYS":1.762751668917,"INVENTORY_TDAYS":82.391786980202,"CURRENT_ASSETS_TDAYS":0.851372387107,"TOTAL_ASSETS_TDAYS":0.783473579086,"PREMIUM_EXPENSE":null,"LOAN_DEPOSIT":null,"LOAN_EQUITY":null,"LOAN_ASSETS":null,"DEPOSIT_EQUITY":null,"DEPOSIT_ASSETS":null,"EQUITY_MULTIPLIER":2.105743255707,"EQUITY_RATIO":1.105743255707},{"SECUCODE":"01568.HK","SECURITY_CODE":"01568","SECURITY_NAME_ABBR":"承达集团","ORG_CODE":"10280384","STD_REPORT_DATE":"2023-06-30 00:00:00","REPORT_DATE":"2023-06-30 00:00:00","DATE_TYPE_CODE":"002","REPORT_TYPE":"2023年中报","PER_NETCASH_OPERATE":-0.092946875661,"PER_OI":0.912138671649,"BPS":1.369022457815,"BASIC_EPS":0.048496148,"DILUTED_EPS":0.048496148,"OPERATE_INCOME":1968586802.54,"OPERATE_INCOME_YOY":4.683508805,"GROSS_PROFIT":250417143.84,"GROSS_PROFIT_YOY":7.508738929076,"HOLDER_PROFIT":104719410.38,"HOLDER_PROFIT_YOY":18.2494898597,"GROSS_PROFIT_RATIO":12.720655422301,"EPS_TTM":0.129467764305,"OPERATE_INCOME_QOQ":5.36700324651,"NET_PROFIT_RATIO":5.3195221183,"ROE_AVG":3.520639326106,"GROSS_PROFIT_QOQ":2.950063877361,"ROA":1.752213194861,"HOLDER_PROFIT_QOQ":8.790115035547,"ROE_YEARLY":7.041278652213,"ROIC_YEARLY":4.416670587636,"TOTAL_ASSETS":5782187428.22,"TOTAL_LIABILITIES":2827549469.54,"TAX_EBT":22.543798034629,"OCF_SALES":-10.189993972385,"TOTAL_PARENT_EQUITY":2954637958.68,"DEBT_ASSET_RATIO":48.9010345071,"OPERATE_PROFIT":139229121.78,"PRETAX_PROFIT":135198225.22,"NETCASH_OPERATE":-200598876.52,"NETCASH_INVEST":-355275773.2,"NETCASH_FINANCE":-127815009.38,"END_CASH":706941994.7,"DIVI_RATIO":null,"DIVIDEND_RATE":null,"CURRENT_RATIO":1.865888770382,"COMMON_ACS":null,"CURRENTDEBT_DEBT":99.695254665822,"ISSUED_COMMON_SHARES":2158210000,"HK_COMMON_SHARES":2158210000,"PER_SHARES":2000,"TOTAL_MARKET_CAP":884866100,"HKSK_MARKET_CAP":884866100,"PE_TTM":2.305143201013,"PB_TTM":0.246043549347,"REPORT_DATE_SQ":"2022-06-30 00:00:00","REPORT_TYPE_SQ":"2022年中报","OPERATE_INCOME_SQ":1744284862.74,"DPS_HKD":null,"OPERATE_INCOME_QOQ_SQ":-6.475225096534,"NET_PROFIT_RATIO_SQ":4.7092485657,"HOLDER_PROFIT_SQ":82142709.88,"HOLDER_PROFIT_QOQ_SQ":-15.592174062952,"ROE_AVG_SQ":3.030860969051,"PE_TTM_SQ":2.936012869642,"PB_TTM_SQ":0.279485334821,"ROA_SQ":1.461702591641,"START_DATE":"2023-01-01 00:00:00","FISCAL_YEAR":"12-31","CURRENCY":"HKD","IS_CNY_CODE":0,"DPS_HKD_LY":0.06,"ORG_TYPE":"一般企业","PREMIUM_INCOME":null,"PREMIUM_INCOME_YOY":null,"NET_INTEREST_INCOME":null,"NET_INTEREST_INCOME_YOY":null,"FEE_COMMISSION_INCOME":null,"FEE_COMMISSION_INCOME_YOY":null,"ACCOUNTS_RECE_TDAYS":0.736901939068,"INVENTORY_TDAYS":34.701643312695,"CURRENT_ASSETS_TDAYS":0.360876027832,"TOTAL_ASSETS_TDAYS":0.329392971,"PREMIUM_EXPENSE":null,"LOAN_DEPOSIT":null,"LOAN_EQUITY":null,"LOAN_ASSETS":null,"DEPOSIT_EQUITY":null,"DEPOSIT_ASSETS":null,"EQUITY_MULTIPLIER":1.956986781149,"EQUITY_RATIO":0.95698678115},{"SECUCODE":"01568.HK","SECURITY_CODE":"01568","SECURITY_NAME_ABBR":"承达集团","ORG_CODE":"10280384","STD_REPORT_DATE":"2022-12-31 00:00:00","REPORT_DATE":"2022-12-31 00:00:00","DATE_TYPE_CODE":"001","REPORT_TYPE":"2022年年报","PER_NETCASH_OPERATE":0.021906577469,"PER_OI":1.936455275571,"BPS":1.344173488011,"BASIC_EPS":0.118983564,"DILUTED_EPS":0.118983564,"OPERATE_INCOME":4179277140.29,"OPERATE_INCOME_YOY":-17.7738179681,"GROSS_PROFIT":592865085.54,"GROSS_PROFIT_YOY":-10.34181172882,"HOLDER_PROFIT":256841923.1,"HOLDER_PROFIT_YOY":-22.5585598203,"GROSS_PROFIT_RATIO":14.185828449244,"EPS_TTM":0.119006919206,"OPERATE_INCOME_QOQ":-3.943818191195,"NET_PROFIT_RATIO":6.1456063926,"ROE_AVG":8.88128215654,"GROSS_PROFIT_QOQ":-6.736435747233,"ROA":4.189634090767,"HOLDER_PROFIT_QOQ":0.238041453166,"ROE_YEARLY":8.88128215654,"ROIC_YEARLY":5.529296541098,"TOTAL_ASSETS":5978478349.27,"TOTAL_LIABILITIES":3077469685.71,"TAX_EBT":14.522012372948,"OCF_SALES":1.131272059089,"TOTAL_PARENT_EQUITY":2901008663.56,"DEBT_ASSET_RATIO":51.4758021343,"OPERATE_PROFIT":311300128.65,"PRETAX_PROFIT":300477269.33,"NETCASH_OPERATE":47278994.56,"NETCASH_INVEST":8052829.05,"NETCASH_FINANCE":-221071819.22,"END_CASH":1364606595.31,"DIVI_RATIO":null,"DIVIDEND_RATE":null,"CURRENT_RATIO":1.784855840992,"COMMON_ACS":null,"CURRENTDEBT_DEBT":99.662194032056,"ISSUED_COMMON_SHARES":2158210000,"HK_COMMON_SHARES":2158210000,"PER_SHARES":2000,"TOTAL_MARKET_CAP":884866100,"HKSK_MARKET_CAP":884866100,"PE_TTM":2.305143201013,"PB_TTM":0.246043549347,"REPORT_DATE_SQ":"2021-12-31 00:00:00","REPORT_TYPE_SQ":"2021年年报","OPERATE_INCOME_SQ":4652101484.8,"DPS_HKD":null,"OPERATE_INCOME_QOQ_SQ":-2.998669564322,"NET_PROFIT_RATIO_SQ":6.5253144668,"HOLDER_PROFIT_SQ":303564251.2,"HOLDER_PROFIT_QOQ_SQ":-17.931493181865,"ROE_AVG_SQ":11.930453911345,"PE_TTM_SQ":2.936012869642,"PB_TTM_SQ":0.279485334821,"ROA_SQ":5.577166015499,"START_DATE":"2022-01-01 00:00:00","FISCAL_YEAR":"12-31","CURRENCY":"HKD","IS_CNY_CODE":0,"DPS_HKD_LY":0.07,"ORG_TYPE":"一般企业","PREMIUM_INCOME":null,"PREMIUM_INCOME_YOY":null,"NET_INTEREST_INCOME":null,"NET_INTEREST_INCOME_YOY":null,"FEE_COMMISSION_INCOME":null,"FEE_COMMISSION_INCOME_YOY":null,"ACCOUNTS_RECE_TDAYS":1.53992066423,"INVENTORY_TDAYS":80.400608773142,"CURRENT_ASSETS_TDAYS":0.75154978338,"TOTAL_ASSETS_TDAYS":0.681728347553,"PREMIUM_EXPENSE":null,"LOAN_DEPOSIT":null,"LOAN_EQUITY":null,"LOAN_ASSETS":null,"DEPOSIT_EQUITY":null,"DEPOSIT_ASSETS":null,"EQUITY_MULTIPLIER":2.060827471621,"EQUITY_RATIO":1.060827471619},{"SECUCODE":"01568.HK","SECURITY_CODE":"01568","SECURITY_NAME_ABBR":"承达集团","ORG_CODE":"10280384","STD_REPORT_DATE":"2022-06-30 00:00:00","REPORT_DATE":"2022-06-30 00:00:00","DATE_TYPE_CODE":"002","REPORT_TYPE":"2022年中报","PER_NETCASH_OPERATE":-0.139725162338,"PER_OI":0.808209054142,"BPS":1.232703796725,"BASIC_EPS":0.038055955,"DILUTED_EPS":0.038055955,"OPERATE_INCOME":1744284862.74,"OPERATE_INCOME_YOY":-17.0308991506,"GROSS_PROFIT":232927245.11,"GROSS_PROFIT_YOY":-9.889197199943,"HOLDER_PROFIT":82142709.88,"HOLDER_PROFIT_YOY":-38.2715097298,"GROSS_PROFIT_RATIO":13.353738835072,"EPS_TTM":0.118724306143,"OPERATE_INCOME_QOQ":-6.475225096534,"NET_PROFIT_RATIO":4.7092485657,"ROE_AVG":3.030860969051,"GROSS_PROFIT_QOQ":-3.865792617378,"ROA":1.461702591641,"HOLDER_PROFIT_QOQ":-15.592174062952,"ROE_YEARLY":6.061721938101,"ROIC_YEARLY":3.813799532328,"TOTAL_ASSETS":5224785015.38,"TOTAL_LIABILITIES":2564351354.25,"TAX_EBT":18.1226132024,"OCF_SALES":-17.288245117045,"TOTAL_PARENT_EQUITY":2660433661.13,"DEBT_ASSET_RATIO":49.0805142547,"OPERATE_PROFIT":105766478.44,"PRETAX_PROFIT":100324049.28,"NETCASH_OPERATE":-301556242.61,"NETCASH_INVEST":43241827.16,"NETCASH_FINANCE":-168445919.11,"END_CASH":1086466728.41,"DIVI_RATIO":null,"DIVIDEND_RATE":null,"CURRENT_RATIO":1.818094708034,"COMMON_ACS":null,"CURRENTDEBT_DEBT":99.88621261766,"ISSUED_COMMON_SHARES":2158210000,"HK_COMMON_SHARES":2158210000,"PER_SHARES":2000,"TOTAL_MARKET_CAP":884866100,"HKSK_MARKET_CAP":884866100,"PE_TTM":2.305143201013,"PB_TTM":0.246043549347,"REPORT_DATE_SQ":"2021-06-30 00:00:00","REPORT_TYPE_SQ":"2021年中报","OPERATE_INCOME_SQ":2045518905.6,"DPS_HKD":null,"OPERATE_INCOME_QOQ_SQ":-3.892333851083,"NET_PROFIT_RATIO_SQ":6.3296885678,"HOLDER_PROFIT_SQ":129474976.32,"HOLDER_PROFIT_QOQ_SQ":8.126476474653,"ROE_AVG_SQ":5.198393283421,"PE_TTM_SQ":2.936012869642,"PB_TTM_SQ":0.279485334821,"ROA_SQ":2.535148209492,"START_DATE":"2022-01-01 00:00:00","FISCAL_YEAR":"12-31","CURRENCY":"HKD","IS_CNY_CODE":0,"DPS_HKD_LY":0.07,"ORG_TYPE":"一般企业","PREMIUM_INCOME":null,"PREMIUM_INCOME_YOY":null,"NET_INTEREST_INCOME":null,"NET_INTEREST_INCOME_YOY":null,"FEE_COMMISSION_INCOME":null,"FEE_COMMISSION_INCOME_YOY":null,"ACCOUNTS_RECE_TDAYS":0.692953528892,"INVENTORY_TDAYS":49.129239408429,"CURRENT_ASSETS_TDAYS":0.346650536688,"TOTAL_ASSETS_TDAYS":0.310389772647,"PREMIUM_EXPENSE":null,"LOAN_DEPOSIT":null,"LOAN_EQUITY":null,"LOAN_ASSETS":null,"DEPOSIT_EQUITY":null,"DEPOSIT_ASSETS":null,"EQUITY_MULTIPLIER":1.963884719893,"EQUITY_RATIO":0.963884719892},{"SECUCODE":"01568.HK","SECURITY_CODE":"01568","SECURITY_NAME_ABBR":"承达集团","ORG_CODE":"10280384","STD_REPORT_DATE":"2021-12-31 00:00:00","REPORT_DATE":"2021-12-31 00:00:00","DATE_TYPE_CODE":"001","REPORT_TYPE":"2021年年报","PER_NETCASH_OPERATE":0.201100558704,"PER_OI":2.155536988894,"BPS":1.222620388563,"BASIC_EPS":0.1406272,"DILUTED_EPS":0.1406272,"OPERATE_INCOME":4652101484.8,"OPERATE_INCOME_YOY":-4.0331572688,"GROSS_PROFIT":661250352,"GROSS_PROFIT_YOY":-14.095023496771,"HOLDER_PROFIT":303564251.2,"HOLDER_PROFIT_YOY":-8.6530465632,"GROSS_PROFIT_RATIO":14.21401390663,"EPS_TTM":0.140655566974,"OPERATE_INCOME_QOQ":-2.998669564322,"NET_PROFIT_RATIO":6.5253144668,"ROE_AVG":11.930453911345,"GROSS_PROFIT_QOQ":-7.825151518045,"ROA":5.577166015499,"HOLDER_PROFIT_QOQ":-17.931493181865,"ROE_YEARLY":11.930453911345,"ROIC_YEARLY":7.467153580473,"TOTAL_ASSETS":5750164448,"TOTAL_LIABILITIES":3111492899.2,"TAX_EBT":14.21636808081,"OCF_SALES":9.329487721153,"TOTAL_PARENT_EQUITY":2638671548.8,"DEBT_ASSET_RATIO":54.1113724197,"OPERATE_PROFIT":357486606.4,"PRETAX_PROFIT":353871996.8,"NETCASH_OPERATE":434017236.8,"NETCASH_INVEST":-54030278.4,"NETCASH_FINANCE":-217169276.8,"END_CASH":1469954864,"DIVI_RATIO":null,"DIVIDEND_RATE":null,"CURRENT_RATIO":1.663009345844,"COMMON_ACS":null,"CURRENTDEBT_DEBT":99.896154183709,"ISSUED_COMMON_SHARES":2158210000,"HK_COMMON_SHARES":2158210000,"PER_SHARES":2000,"TOTAL_MARKET_CAP":884866100,"HKSK_MARKET_CAP":884866100,"PE_TTM":2.305143201013,"PB_TTM":0.246043549347,"REPORT_DATE_SQ":"2020-12-31 00:00:00","REPORT_TYPE_SQ":"2020年年报","OPERATE_INCOME_SQ":4990148366.28,"DPS_HKD":null,"OPERATE_INCOME_QOQ_SQ":-10.210127385368,"NET_PROFIT_RATIO_SQ":6.8553334693,"HOLDER_PROFIT_SQ":342091311.12,"HOLDER_PROFIT_QOQ_SQ":-4.890336332408,"ROE_AVG_SQ":14.694339708588,"PE_TTM_SQ":2.936012869642,"PB_TTM_SQ":0.279485334821,"ROA_SQ":6.760365759442,"START_DATE":"2021-01-01 00:00:00","FISCAL_YEAR":"12-31","CURRENCY":"HKD","IS_CNY_CODE":0,"DPS_HKD_LY":0.08,"ORG_TYPE":"一般企业","PREMIUM_INCOME":null,"PREMIUM_INCOME_YOY":null,"NET_INTEREST_INCOME":null,"NET_INTEREST_INCOME_YOY":null,"FEE_COMMISSION_INCOME":null,"FEE_COMMISSION_INCOME_YOY":null,"ACCOUNTS_RECE_TDAYS":2.17989049877,"INVENTORY_TDAYS":111.826664681153,"CURRENT_ASSETS_TDAYS":0.959403943355,"TOTAL_ASSETS_TDAYS":0.854696895274,"PREMIUM_EXPENSE":null,"LOAN_DEPOSIT":null,"LOAN_EQUITY":null,"LOAN_ASSETS":null,"DEPOSIT_EQUITY":null,"DEPOSIT_ASSETS":null,"EQUITY_MULTIPLIER":2.17918916457,"EQUITY_RATIO":1.179189164568},{"SECUCODE":"01568.HK","SECURITY_CODE":"01568","SECURITY_NAME_ABBR":"承达集团","ORG_CODE":"10280384","STD_REPORT_DATE":"2021-06-30 00:00:00","REPORT_DATE":"2021-06-30 00:00:00","DATE_TYPE_CODE":"002","REPORT_TYPE":"2021年中报","PER_NETCASH_OPERATE":-0.16113022299,"PER_OI":0.947784926212,"BPS":1.152680303325,"BASIC_EPS":0.059992968,"DILUTED_EPS":0.059992968,"OPERATE_INCOME":2045518905.6,"OPERATE_INCOME_YOY":0.2578714411,"GROSS_PROFIT":258489812.4,"GROSS_PROFIT_YOY":-16.843960014979,"HOLDER_PROFIT":129474976.32,"HOLDER_PROFIT_YOY":39.7933698679,"GROSS_PROFIT_RATIO":12.636882098344,"EPS_TTM":0.171387993309,"OPERATE_INCOME_QOQ":-3.892333851083,"NET_PROFIT_RATIO":6.3296885678,"ROE_AVG":5.198393283421,"GROSS_PROFIT_QOQ":-6.802150567086,"ROA":2.535148209492,"HOLDER_PROFIT_QOQ":8.126476474653,"ROE_YEARLY":10.396786566842,"ROIC_YEARLY":6.384038017692,"TOTAL_ASSETS":4987630637.76,"TOTAL_LIABILITIES":2499904480.32,"TAX_EBT":17.990934963634,"OCF_SALES":-17.000715936086,"TOTAL_PARENT_EQUITY":2487726157.44,"DEBT_ASSET_RATIO":50.1220852521,"OPERATE_PROFIT":182096547.6,"PRETAX_PROFIT":157878859.2,"NETCASH_OPERATE":-347752858.56,"NETCASH_INVEST":5040740.64,"NETCASH_FINANCE":-182977720.32,"END_CASH":793850084.4,"DIVI_RATIO":null,"DIVIDEND_RATE":null,"CURRENT_RATIO":1.760754514453,"COMMON_ACS":null,"CURRENTDEBT_DEBT":99.847091136878,"ISSUED_COMMON_SHARES":2158210000,"HK_COMMON_SHARES":2158210000,"PER_SHARES":2000,"TOTAL_MARKET_CAP":884866100,"HKSK_MARKET_CAP":884866100,"PE_TTM":2.305143201013,"PB_TTM":0.246043549347,"REPORT_DATE_SQ":"2020-06-30 00:00:00","REPORT_TYPE_SQ":"2020年中报","OPERATE_INCOME_SQ":2239752139.68,"DPS_HKD":null,"OPERATE_INCOME_QOQ_SQ":1.772034212904,"NET_PROFIT_RATIO_SQ":4.5395650973,"HOLDER_PROFIT_SQ":101675006.4,"HOLDER_PROFIT_QOQ_SQ":-2.771558214465,"ROE_AVG_SQ":4.307079982796,"PE_TTM_SQ":2.936012869642,"PB_TTM_SQ":0.279485334821,"ROA_SQ":2.034633739879,"START_DATE":"2021-01-01 00:00:00","FISCAL_YEAR":"12-31","CURRENCY":"HKD","IS_CNY_CODE":0,"DPS_HKD_LY":0.08,"ORG_TYPE":"一般企业","PREMIUM_INCOME":null,"PREMIUM_INCOME_YOY":null,"NET_INTEREST_INCOME":null,"NET_INTEREST_INCOME_YOY":null,"FEE_COMMISSION_INCOME":null,"FEE_COMMISSION_INCOME_YOY":null,"ACCOUNTS_RECE_TDAYS":1.068799233417,"INVENTORY_TDAYS":55.33864131205,"CURRENT_ASSETS_TDAYS":0.45435651402,"TOTAL_ASSETS_TDAYS":0.400517052669,"PREMIUM_EXPENSE":null,"LOAN_DEPOSIT":null,"LOAN_EQUITY":null,"LOAN_ASSETS":null,"DEPOSIT_EQUITY":null,"DEPOSIT_ASSETS":null,"EQUITY_MULTIPLIER":2.004895363117,"EQUITY_RATIO":1.004895363118},{"SECUCODE":"01568.HK","SECURITY_CODE":"01568","SECURITY_NAME_ABBR":"承达集团","ORG_CODE":"10280384","STD_REPORT_DATE":"2020-12-31 00:00:00","REPORT_DATE":"2020-12-31 00:00:00","DATE_TYPE_CODE":"001","REPORT_TYPE":"2020年年报","PER_NETCASH_OPERATE":0.338582848286,"PER_OI":2.312169977101,"BPS":1.16868593679,"BASIC_EPS":0.158480812,"DILUTED_EPS":0.158480812,"OPERATE_INCOME":4990148366.28,"OPERATE_INCOME_YOY":-2.7407749699,"GROSS_PROFIT":769746269.56,"GROSS_PROFIT_YOY":1.13275949644,"HOLDER_PROFIT":342091311.12,"HOLDER_PROFIT_YOY":-1.5778233012,"GROSS_PROFIT_RATIO":15.425318308398,"EPS_TTM":0.158506962307,"OPERATE_INCOME_QOQ":-10.210127385368,"NET_PROFIT_RATIO":6.8553334693,"ROE_AVG":14.694339708588,"GROSS_PROFIT_QOQ":-6.580019650551,"ROA":6.760365759442,"HOLDER_PROFIT_QOQ":-4.890336332408,"ROE_YEARLY":14.694339708588,"ROIC_YEARLY":8.671547983257,"TOTAL_ASSETS":5286812158.4,"TOTAL_LIABILITIES":2764542482.76,"TAX_EBT":15.096432428368,"OCF_SALES":14.643510279931,"TOTAL_PARENT_EQUITY":2522269675.64,"DEBT_ASSET_RATIO":52.2912938824,"OPERATE_PROFIT":472157515.08,"PRETAX_PROFIT":402917475.56,"NETCASH_OPERATE":730732889,"NETCASH_INVEST":-169306827.32,"NETCASH_FINANCE":-189268003.2,"END_CASH":1323151502.04,"DIVI_RATIO":null,"DIVIDEND_RATE":null,"CURRENT_RATIO":1.691113192582,"COMMON_ACS":null,"CURRENTDEBT_DEBT":99.718483433388,"ISSUED_COMMON_SHARES":2158210000,"HK_COMMON_SHARES":2158210000,"PER_SHARES":2000,"TOTAL_MARKET_CAP":884866100,"HKSK_MARKET_CAP":884866100,"PE_TTM":2.305143201013,"PB_TTM":0.246043549347,"REPORT_DATE_SQ":"2019-12-31 00:00:00","REPORT_TYPE_SQ":"2019年年报","OPERATE_INCOME_SQ":5460817309.02,"DPS_HKD":null,"OPERATE_INCOME_QOQ_SQ":19.050646586176,"NET_PROFIT_RATIO_SQ":6.7743311813,"HOLDER_PROFIT_SQ":369933849.72,"HOLDER_PROFIT_QOQ_SQ":36.257807310535,"ROE_AVG_SQ":17.086402856133,"PE_TTM_SQ":2.936012869642,"PB_TTM_SQ":0.279485334821,"ROA_SQ":7.72682151406,"START_DATE":"2020-01-01 00:00:00","FISCAL_YEAR":"12-31","CURRENCY":"HKD","IS_CNY_CODE":0,"DPS_HKD_LY":null,"ORG_TYPE":"一般企业","PREMIUM_INCOME":null,"PREMIUM_INCOME_YOY":null,"NET_INTEREST_INCOME":null,"NET_INTEREST_INCOME_YOY":null,"FEE_COMMISSION_INCOME":null,"FEE_COMMISSION_INCOME_YOY":null,"ACCOUNTS_RECE_TDAYS":2.753652117798,"INVENTORY_TDAYS":107.66270182068,"CURRENT_ASSETS_TDAYS":1.107069026603,"TOTAL_ASSETS_TDAYS":0.986146886908,"PREMIUM_EXPENSE":null,"LOAN_DEPOSIT":null,"LOAN_EQUITY":null,"LOAN_ASSETS":null,"DEPOSIT_EQUITY":null,"DEPOSIT_ASSETS":null,"EQUITY_MULTIPLIER":2.096053490814,"EQUITY_RATIO":1.096053490814},{"SECUCODE":"01568.HK","SECURITY_CODE":"01568","SECURITY_NAME_ABBR":"承达集团","ORG_CODE":"10280384","STD_REPORT_DATE":"2020-06-30 00:00:00","REPORT_DATE":"2020-06-30 00:00:00","DATE_TYPE_CODE":"002","REPORT_TYPE":"2020年中报","PER_NETCASH_OPERATE":-0.072930536695,"PER_OI":1.037782300925,"BPS":1.114550351337,"BASIC_EPS":0.047133504,"DILUTED_EPS":null,"OPERATE_INCOME":2239752139.68,"OPERATE_INCOME_YOY":0.6504522913,"GROSS_PROFIT":310849112.64,"GROSS_PROFIT_YOY":25.337097359727,"HOLDER_PROFIT":101675006.4,"HOLDER_PROFIT_YOY":-12.5196479095,"GROSS_PROFIT_RATIO":13.878728236617,"EPS_TTM":0.166657052706,"OPERATE_INCOME_QOQ":1.772034212904,"NET_PROFIT_RATIO":4.5395650973,"ROE_AVG":4.307079982796,"GROSS_PROFIT_QOQ":8.256027370312,"ROA":2.034633739879,"HOLDER_PROFIT_QOQ":-2.771558214465,"ROE_YEARLY":8.614159965593,"ROIC_YEARLY":4.811525529377,"TOTAL_ASSETS":4748383564.32,"TOTAL_LIABILITIES":2342949850.56,"TAX_EBT":24.630635266715,"OCF_SALES":-7.027537146253,"TOTAL_PARENT_EQUITY":2405433713.76,"DEBT_ASSET_RATIO":49.3420512228,"OPERATE_PROFIT":157571140.32,"PRETAX_PROFIT":134902299.84,"NETCASH_OPERATE":-152572796.64,"NETCASH_INVEST":-149933868.48,"NETCASH_FINANCE":-121503048.48,"END_CASH":557024846.4,"DIVI_RATIO":null,"DIVIDEND_RATE":null,"CURRENT_RATIO":1.749375037451,"COMMON_ACS":null,"CURRENTDEBT_DEBT":99.546934978678,"ISSUED_COMMON_SHARES":2158210000,"HK_COMMON_SHARES":2158210000,"PER_SHARES":2000,"TOTAL_MARKET_CAP":884866100,"HKSK_MARKET_CAP":884866100,"PE_TTM":2.305143201013,"PB_TTM":0.246043549347,"REPORT_DATE_SQ":"2019-06-30 00:00:00","REPORT_TYPE_SQ":"2019年中报","OPERATE_INCOME_SQ":2142984588.66,"DPS_HKD":null,"OPERATE_INCOME_QOQ_SQ":-2.887949027787,"NET_PROFIT_RATIO_SQ":5.222993156,"HOLDER_PROFIT_SQ":111927938.4,"HOLDER_PROFIT_QOQ_SQ":-18.716151687567,"ROE_AVG_SQ":5.514796310322,"PE_TTM_SQ":2.936012869642,"PB_TTM_SQ":0.279485334821,"ROA_SQ":2.593064713513,"START_DATE":"2020-01-01 00:00:00","FISCAL_YEAR":"12-31","CURRENCY":"HKD","IS_CNY_CODE":0,"DPS_HKD_LY":null,"ORG_TYPE":"一般企业","PREMIUM_INCOME":null,"PREMIUM_INCOME_YOY":null,"NET_INTEREST_INCOME":null,"NET_INTEREST_INCOME_YOY":null,"FEE_COMMISSION_INCOME":null,"FEE_COMMISSION_INCOME_YOY":null,"ACCOUNTS_RECE_TDAYS":1.201464887366,"INVENTORY_TDAYS":43.718952827552,"CURRENT_ASSETS_TDAYS":0.508771125336,"TOTAL_ASSETS_TDAYS":0.448200146104,"PREMIUM_EXPENSE":null,"LOAN_DEPOSIT":null,"LOAN_EQUITY":null,"LOAN_ASSETS":null,"DEPOSIT_EQUITY":null,"DEPOSIT_ASSETS":null,"EQUITY_MULTIPLIER":1.974023868195,"EQUITY_RATIO":0.974023868194}],"count":22},"success":true,"message":"ok","code":0}