{"version":"c3f48a348f5df1ce72c1a4c51bdf575a","result":{"pages":3,"data":[{"SECUCODE":"01561.HK","SECURITY_CODE":"01561","SECURITY_NAME_ABBR":"联洋智能控股","ORG_CODE":"10430968","STD_REPORT_DATE":"2024-06-30 00:00:00","REPORT_DATE":"2024-06-30 00:00:00","DATE_TYPE_CODE":"002","REPORT_TYPE":"2024年中报","PER_NETCASH_OPERATE":-0.077185815963,"PER_OI":0.077268050646,"BPS":0.004729350875,"BASIC_EPS":-0.193579428,"DILUTED_EPS":-0.193579428,"OPERATE_INCOME":82325561.36,"OPERATE_INCOME_YOY":-67.6502865504,"GROSS_PROFIT":52038275.56,"GROSS_PROFIT_YOY":-72.185298574725,"HOLDER_PROFIT":-206270243.4,"HOLDER_PROFIT_YOY":-1223.834348641,"GROSS_PROFIT_RATIO":63.210350103102,"EPS_TTM":-0.229773182008,"OPERATE_INCOME_QOQ":-34.21913548294,"NET_PROFIT_RATIO":-399.0709740361,"ROE_AVG":-192.145176922685,"GROSS_PROFIT_QOQ":-37.035347952151,"ROA":-15.409349518247,"HOLDER_PROFIT_QOQ":-350.99696414566,"ROE_YEARLY":-384.290353845369,"ROIC_YEARLY":-36.767448188125,"TOTAL_ASSETS":1190716097.16,"TOTAL_LIABILITIES":1100107052.12,"TAX_EBT":1.72218915687,"OCF_SALES":-99.893572204607,"TOTAL_PARENT_EQUITY":5038906.28,"DEBT_ASSET_RATIO":92.3903737208,"OPERATE_PROFIT":-324048859.36,"PRETAX_PROFIT":-334294605.04,"NETCASH_OPERATE":-82237944.08,"NETCASH_INVEST":15286477.32,"NETCASH_FINANCE":-14894024.92,"END_CASH":28882671.28,"DIVI_RATIO":null,"DIVIDEND_RATE":null,"CURRENT_RATIO":0.887889980524,"COMMON_ACS":10000000000,"CURRENTDEBT_DEBT":99.212018991852,"ISSUED_COMMON_SHARES":1065454100,"HK_COMMON_SHARES":1065454100,"PER_SHARES":4000,"TOTAL_MARKET_CAP":117199951,"HKSK_MARKET_CAP":117199951,"PE_TTM":-0.435958200816,"PB_TTM":21.228029523637,"REPORT_DATE_SQ":"2023-06-30 00:00:00","REPORT_TYPE_SQ":"2023年中报","OPERATE_INCOME_SQ":257079371.32,"DPS_HKD":null,"OPERATE_INCOME_QOQ_SQ":12.212506298446,"NET_PROFIT_RATIO_SQ":-2.5880970702,"HOLDER_PROFIT_SQ":-15740042.56,"HOLDER_PROFIT_QOQ_SQ":27.1738812959,"ROE_AVG_SQ":-7.551275870153,"PE_TTM_SQ":-3.030098986215,"PB_TTM_SQ":0.72691925224,"ROA_SQ":-1.020972028524,"START_DATE":"2024-01-01 00:00:00","FISCAL_YEAR":"12-31","CURRENCY":"HKD","IS_CNY_CODE":0,"DPS_HKD_LY":null,"ORG_TYPE":"一般企业","PREMIUM_INCOME":null,"PREMIUM_INCOME_YOY":null,"NET_INTEREST_INCOME":null,"NET_INTEREST_INCOME_YOY":null,"FEE_COMMISSION_INCOME":null,"FEE_COMMISSION_INCOME_YOY":null,"ACCOUNTS_RECE_TDAYS":0.228126458162,"INVENTORY_TDAYS":193.498542274052,"CURRENT_ASSETS_TDAYS":0.08218351847,"TOTAL_ASSETS_TDAYS":0.061501035165,"PREMIUM_EXPENSE":null,"LOAN_DEPOSIT":null,"LOAN_EQUITY":null,"LOAN_ASSETS":null,"DEPOSIT_EQUITY":null,"DEPOSIT_ASSETS":null,"EQUITY_MULTIPLIER":13.141249823705,"EQUITY_RATIO":218.322586487955},{"SECUCODE":"01561.HK","SECURITY_CODE":"01561","SECURITY_NAME_ABBR":"联洋智能控股","ORG_CODE":"10430968","STD_REPORT_DATE":"2023-12-31 00:00:00","REPORT_DATE":"2023-12-31 00:00:00","DATE_TYPE_CODE":"001","REPORT_TYPE":"2023年年报","PER_NETCASH_OPERATE":0.080187126728,"PER_OI":0.479317046675,"BPS":0.195390469716,"BASIC_EPS":-0.05981052,"DILUTED_EPS":-0.05981052,"OPERATE_INCOME":510690312.58,"OPERATE_INCOME_YOY":27.5226119168,"GROSS_PROFIT":364653865.8,"GROSS_PROFIT_YOY":52.540792448346,"HOLDER_PROFIT":-54282578,"HOLDER_PROFIT_YOY":29.8011227133,"GROSS_PROFIT_RATIO":71.404108677483,"EPS_TTM":-0.050947833417,"OPERATE_INCOME_QOQ":-38.455195238718,"NET_PROFIT_RATIO":-24.5372547419,"ROE_AVG":-27.685723133525,"GROSS_PROFIT_QOQ":-6.942487036485,"ROA":-3.630558269551,"HOLDER_PROFIT_QOQ":2.210123938378,"ROE_YEARLY":-27.685723133525,"ROIC_YEARLY":-4.937583666902,"TOTAL_ASSETS":1475971388.64,"TOTAL_LIABILITIES":1062062653.4,"TAX_EBT":9.343945905993,"OCF_SALES":16.729454394461,"TOTAL_PARENT_EQUITY":208179577.06,"DEBT_ASSET_RATIO":71.9568591623,"OPERATE_PROFIT":-122138519.16,"PRETAX_PROFIT":-132413241.52,"NETCASH_OPERATE":85435702.94,"NETCASH_INVEST":-157022551.84,"NETCASH_FINANCE":-7984704.42,"END_CASH":110718334.72,"DIVI_RATIO":null,"DIVIDEND_RATE":null,"CURRENT_RATIO":0.981651360254,"COMMON_ACS":10000000000,"CURRENTDEBT_DEBT":98.511651322133,"ISSUED_COMMON_SHARES":1065454100,"HK_COMMON_SHARES":1065454100,"PER_SHARES":4000,"TOTAL_MARKET_CAP":117199951,"HKSK_MARKET_CAP":117199951,"PE_TTM":-0.435958200816,"PB_TTM":21.228029523637,"REPORT_DATE_SQ":"2022-12-31 00:00:00","REPORT_TYPE_SQ":"2022年年报","OPERATE_INCOME_SQ":394747625.51,"DPS_HKD":null,"OPERATE_INCOME_QOQ_SQ":9.476993176364,"NET_PROFIT_RATIO_SQ":-12.4098850975,"HOLDER_PROFIT_SQ":-76221835.83,"HOLDER_PROFIT_QOQ_SQ":23.005222771481,"ROE_AVG_SQ":-41.124391536942,"PE_TTM_SQ":-3.297460661469,"PB_TTM_SQ":0.791059186262,"ROA_SQ":-4.931066545618,"START_DATE":"2023-01-01 00:00:00","FISCAL_YEAR":"12-31","CURRENCY":"HKD","IS_CNY_CODE":0,"DPS_HKD_LY":null,"ORG_TYPE":"一般企业","PREMIUM_INCOME":null,"PREMIUM_INCOME_YOY":null,"NET_INTEREST_INCOME":null,"NET_INTEREST_INCOME_YOY":null,"FEE_COMMISSION_INCOME":null,"FEE_COMMISSION_INCOME_YOY":null,"ACCOUNTS_RECE_TDAYS":1.34544829455,"INVENTORY_TDAYS":5.056527400806,"CURRENT_ASSETS_TDAYS":0.545827709566,"TOTAL_ASSETS_TDAYS":0.341562800779,"PREMIUM_EXPENSE":null,"LOAN_DEPOSIT":null,"LOAN_EQUITY":null,"LOAN_ASSETS":null,"DEPOSIT_EQUITY":null,"DEPOSIT_ASSETS":null,"EQUITY_MULTIPLIER":3.565934378704,"EQUITY_RATIO":5.10166591939},{"SECUCODE":"01561.HK","SECURITY_CODE":"01561","SECURITY_NAME_ABBR":"联洋智能控股","ORG_CODE":"10430968","STD_REPORT_DATE":"2023-06-30 00:00:00","REPORT_DATE":"2023-06-30 00:00:00","DATE_TYPE_CODE":"002","REPORT_TYPE":"2023年中报","PER_NETCASH_OPERATE":0.019222121206,"PER_OI":0.287141377068,"BPS":0.215617621238,"BASIC_EPS":-0.018070808,"DILUTED_EPS":-0.018070808,"OPERATE_INCOME":257079371.32,"OPERATE_INCOME_YOY":16.3243503369,"GROSS_PROFIT":187089103.58,"GROSS_PROFIT_YOY":24.796235994934,"HOLDER_PROFIT":-15740042.56,"HOLDER_PROFIT_YOY":59.9483870968,"GROSS_PROFIT_RATIO":51.49758813844,"EPS_TTM":-0.062000489602,"OPERATE_INCOME_QOQ":12.212506298446,"NET_PROFIT_RATIO":-2.5880970702,"ROE_AVG":-7.551275870153,"GROSS_PROFIT_QOQ":25.500663692726,"ROA":-1.020972028524,"HOLDER_PROFIT_QOQ":27.1738812959,"ROE_YEARLY":-15.102551740306,"ROIC_YEARLY":-2.98075525445,"TOTAL_ASSETS":1542664311.84,"TOTAL_LIABILITIES":1025010343.02,"TAX_EBT":262.481089258699,"OCF_SALES":3.861046987862,"TOTAL_PARENT_EQUITY":229730678.58,"DEBT_ASSET_RATIO":66.444159961,"OPERATE_PROFIT":293189.64,"PRETAX_PROFIT":-4266001.46,"NETCASH_OPERATE":17209678.68,"NETCASH_INVEST":1359920.5,"NETCASH_FINANCE":-13175094.2,"END_CASH":199818881.44,"DIVI_RATIO":null,"DIVIDEND_RATE":null,"CURRENT_RATIO":0.880044951096,"COMMON_ACS":10000000000,"CURRENTDEBT_DEBT":96.129342144675,"ISSUED_COMMON_SHARES":1065454100,"HK_COMMON_SHARES":1065454100,"PER_SHARES":4000,"TOTAL_MARKET_CAP":117199951,"HKSK_MARKET_CAP":117199951,"PE_TTM":-0.435958200816,"PB_TTM":21.228029523637,"REPORT_DATE_SQ":"2022-06-30 00:00:00","REPORT_TYPE_SQ":"2022年中报","OPERATE_INCOME_SQ":355416964,"DPS_HKD":null,"OPERATE_INCOME_QOQ_SQ":35.845354399837,"NET_PROFIT_RATIO_SQ":-11.93719923,"HOLDER_PROFIT_SQ":-36452473.75,"HOLDER_PROFIT_QOQ_SQ":49.270849840598,"ROE_AVG_SQ":-24.262311878145,"PE_TTM_SQ":-3.297460661469,"PB_TTM_SQ":0.791059186262,"ROA_SQ":-2.38143259163,"START_DATE":"2023-01-01 00:00:00","FISCAL_YEAR":"12-31","CURRENCY":"HKD","IS_CNY_CODE":0,"DPS_HKD_LY":null,"ORG_TYPE":"一般企业","PREMIUM_INCOME":null,"PREMIUM_INCOME_YOY":null,"NET_INTEREST_INCOME":null,"NET_INTEREST_INCOME_YOY":null,"FEE_COMMISSION_INCOME":null,"FEE_COMMISSION_INCOME_YOY":null,"ACCOUNTS_RECE_TDAYS":0.569171525706,"INVENTORY_TDAYS":3.930173309644,"CURRENT_ASSETS_TDAYS":0.516479859493,"TOTAL_ASSETS_TDAYS":0.289118323195,"PREMIUM_EXPENSE":null,"LOAN_DEPOSIT":null,"LOAN_EQUITY":null,"LOAN_ASSETS":null,"DEPOSIT_EQUITY":null,"DEPOSIT_ASSETS":null,"EQUITY_MULTIPLIER":2.980107185032,"EQUITY_RATIO":4.461791299951},{"SECUCODE":"01561.HK","SECURITY_CODE":"01561","SECURITY_NAME_ABBR":"联洋智能控股","ORG_CODE":"10430968","STD_REPORT_DATE":"2022-12-31 00:00:00","REPORT_DATE":"2022-12-31 00:00:00","DATE_TYPE_CODE":"001","REPORT_TYPE":"2022年年报","PER_NETCASH_OPERATE":0.014695844902,"PER_OI":0.462062248895,"BPS":0.170186374589,"BASIC_EPS":-0.09915297,"DILUTED_EPS":-0.09915297,"OPERATE_INCOME":394747625.51,"OPERATE_INCOME_YOY":36.1212053447,"GROSS_PROFIT":239053344.32,"GROSS_PROFIT_YOY":53.491397087108,"HOLDER_PROFIT":-76221835.83,"HOLDER_PROFIT_YOY":64.249922491,"GROSS_PROFIT_RATIO":42.223905333449,"EPS_TTM":-0.089219619328,"OPERATE_INCOME_QOQ":9.476993176364,"NET_PROFIT_RATIO":-12.4098850975,"ROE_AVG":-41.124391536942,"GROSS_PROFIT_QOQ":19.657809162439,"ROA":-4.931066545618,"HOLDER_PROFIT_QOQ":23.005222771481,"ROE_YEARLY":-41.124391536942,"ROIC_YEARLY":-7.246664206639,"TOTAL_ASSETS":1492704193.12,"TOTAL_LIABILITIES":1033115884.85,"TAX_EBT":7.14404662781,"OCF_SALES":1.697808250949,"TOTAL_PARENT_EQUITY":181325770.57,"DEBT_ASSET_RATIO":69.2110258423,"OPERATE_PROFIT":-71433015.36,"PRETAX_PROFIT":-85825381.6,"NETCASH_OPERATE":12554909.85,"NETCASH_INVEST":-11424923.3,"NETCASH_FINANCE":-9583000.56,"END_CASH":190065524.25,"DIVI_RATIO":null,"DIVIDEND_RATE":null,"CURRENT_RATIO":0.837634258739,"COMMON_ACS":10000000000,"CURRENTDEBT_DEBT":96.158418752243,"ISSUED_COMMON_SHARES":1065454100,"HK_COMMON_SHARES":1065454100,"PER_SHARES":4000,"TOTAL_MARKET_CAP":138509033,"HKSK_MARKET_CAP":138509033,"PE_TTM":-0.515223328237,"PB_TTM":25.087671255207,"REPORT_DATE_SQ":"2021-12-31 00:00:00","REPORT_TYPE_SQ":"2021年年报","OPERATE_INCOME_SQ":497229980.8,"DPS_HKD":null,"OPERATE_INCOME_QOQ_SQ":34.940061096159,"NET_PROFIT_RATIO_SQ":-104.1296834046,"HOLDER_PROFIT_SQ":-195146403.2,"HOLDER_PROFIT_QOQ_SQ":68.9180155175,"ROE_AVG_SQ":-106.794752478792,"PE_TTM_SQ":-3.35093299652,"PB_TTM_SQ":0.803887173066,"ROA_SQ":-12.262120931509,"START_DATE":"2022-01-01 00:00:00","FISCAL_YEAR":"12-31","CURRENCY":"HKD","IS_CNY_CODE":0,"DPS_HKD_LY":null,"ORG_TYPE":"一般企业","PREMIUM_INCOME":null,"PREMIUM_INCOME_YOY":null,"NET_INTEREST_INCOME":null,"NET_INTEREST_INCOME_YOY":null,"FEE_COMMISSION_INCOME":null,"FEE_COMMISSION_INCOME_YOY":null,"ACCOUNTS_RECE_TDAYS":0.95986767726,"INVENTORY_TDAYS":8.952782951323,"CURRENT_ASSETS_TDAYS":0.868682215526,"TOTAL_ASSETS_TDAYS":0.478394763866,"PREMIUM_EXPENSE":null,"LOAN_DEPOSIT":null,"LOAN_EQUITY":null,"LOAN_ASSETS":null,"DEPOSIT_EQUITY":null,"DEPOSIT_ASSETS":null,"EQUITY_MULTIPLIER":3.24791594185,"EQUITY_RATIO":5.697567872467},{"SECUCODE":"01561.HK","SECURITY_CODE":"01561","SECURITY_NAME_ABBR":"联洋智能控股","ORG_CODE":"10430968","STD_REPORT_DATE":"2022-06-30 00:00:00","REPORT_DATE":"2022-06-30 00:00:00","DATE_TYPE_CODE":"002","REPORT_TYPE":"2022年中报","PER_NETCASH_OPERATE":0.019981440416,"PER_OI":0.466742729143,"BPS":0.11187298168,"BASIC_EPS":-0.04789064,"DILUTED_EPS":-0.04789064,"OPERATE_INCOME":355416964,"OPERATE_INCOME_YOY":95.1723490185,"GROSS_PROFIT":149915662.19,"GROSS_PROFIT_YOY":235.243231606019,"HOLDER_PROFIT":-36452473.75,"HOLDER_PROFIT_YOY":73.2528880606,"GROSS_PROFIT_RATIO":42.180221366699,"EPS_TTM":-0.13000424889,"OPERATE_INCOME_QOQ":35.845354399837,"NET_PROFIT_RATIO":-11.93719923,"ROE_AVG":-24.262311878145,"GROSS_PROFIT_QOQ":67.545021007012,"ROA":-2.38143259163,"HOLDER_PROFIT_QOQ":49.270849840598,"ROE_YEARLY":-48.52462375629,"ROIC_YEARLY":-7.029794371299,"TOTAL_ASSETS":1530755892.4,"TOTAL_LIABILITIES":1128297492.07,"TAX_EBT":9.632233738319,"OCF_SALES":4.28103946102,"TOTAL_PARENT_EQUITY":119195527.01,"DEBT_ASSET_RATIO":73.7085186261,"OPERATE_PROFIT":-39550827.12,"PRETAX_PROFIT":-46949075.81,"NETCASH_OPERATE":15215540.48,"NETCASH_INVEST":-4163064.92,"NETCASH_FINANCE":-2213231.72,"END_CASH":206577130.83,"DIVI_RATIO":null,"DIVIDEND_RATE":null,"CURRENT_RATIO":1.304514380239,"COMMON_ACS":10000000000,"CURRENTDEBT_DEBT":58.32881723087,"ISSUED_COMMON_SHARES":1065454100,"HK_COMMON_SHARES":1065454100,"PER_SHARES":4000,"TOTAL_MARKET_CAP":117199951,"HKSK_MARKET_CAP":117199951,"PE_TTM":-0.435958200816,"PB_TTM":21.228029523637,"REPORT_DATE_SQ":"2021-06-30 00:00:00","REPORT_TYPE_SQ":"2021年中报","OPERATE_INCOME_SQ":177183115.2,"DPS_HKD":null,"OPERATE_INCOME_QOQ_SQ":-29.619527938552,"NET_PROFIT_RATIO_SQ":-242.7167277167,"HOLDER_PROFIT_SQ":-132602765.04,"HOLDER_PROFIT_QOQ_SQ":-18.846328452748,"ROE_AVG_SQ":-68.217834073174,"PE_TTM_SQ":-3.297460661469,"PB_TTM_SQ":0.791059186262,"ROA_SQ":-8.136404747883,"START_DATE":"2022-01-01 00:00:00","FISCAL_YEAR":"12-31","CURRENCY":"HKD","IS_CNY_CODE":0,"DPS_HKD_LY":null,"ORG_TYPE":"一般企业","PREMIUM_INCOME":null,"PREMIUM_INCOME_YOY":null,"NET_INTEREST_INCOME":null,"NET_INTEREST_INCOME_YOY":null,"FEE_COMMISSION_INCOME":null,"FEE_COMMISSION_INCOME_YOY":null,"ACCOUNTS_RECE_TDAYS":0.863859953253,"INVENTORY_TDAYS":5.51416409468,"CURRENT_ASSETS_TDAYS":0.420158509752,"TOTAL_ASSETS_TDAYS":0.232193169521,"PREMIUM_EXPENSE":null,"LOAN_DEPOSIT":null,"LOAN_EQUITY":null,"LOAN_ASSETS":null,"DEPOSIT_EQUITY":null,"DEPOSIT_ASSETS":null,"EQUITY_MULTIPLIER":3.803513334904,"EQUITY_RATIO":9.465938197289},{"SECUCODE":"01561.HK","SECURITY_CODE":"01561","SECURITY_NAME_ABBR":"联洋智能控股","ORG_CODE":"10430968","STD_REPORT_DATE":"2021-12-31 00:00:00","REPORT_DATE":"2021-12-31 00:00:00","DATE_TYPE_CODE":"001","REPORT_TYPE":"2021年年报","PER_NETCASH_OPERATE":0.01053507983,"PER_OI":0.652975242483,"BPS":0.162674493814,"BASIC_EPS":-0.269808,"DILUTED_EPS":-0.269808,"OPERATE_INCOME":497229980.8,"OPERATE_INCOME_YOY":-2.2360899452,"GROSS_PROFIT":155743806.4,"GROSS_PROFIT_YOY":35.312534093599,"HOLDER_PROFIT":-195146403.2,"HOLDER_PROFIT_YOY":61.9740569269,"GROSS_PROFIT_RATIO":31.322287958064,"EPS_TTM":-0.256271292701,"OPERATE_INCOME_QOQ":34.940061096159,"NET_PROFIT_RATIO":-104.1296834046,"ROE_AVG":-106.794752478792,"GROSS_PROFIT_QOQ":92.694004087887,"ROA":-12.262120931509,"HOLDER_PROFIT_QOQ":68.9180155175,"ROE_YEARLY":-106.794752478792,"ROIC_YEARLY":-19.269783999868,"TOTAL_ASSETS":1463355196.8,"TOTAL_LIABILITIES":1009117076.8,"TAX_EBT":20.377571997058,"OCF_SALES":1.613396518668,"TOTAL_PARENT_EQUITY":173322206.4,"DEBT_ASSET_RATIO":68.9591343924,"OPERATE_PROFIT":-621918068.8,"PRETAX_PROFIT":-650274072,"NETCASH_OPERATE":8022291.2,"NETCASH_INVEST":-19072155.2,"NETCASH_FINANCE":15491067.2,"END_CASH":194601881.6,"DIVI_RATIO":null,"DIVIDEND_RATE":null,"CURRENT_RATIO":1.571001776737,"COMMON_ACS":10000000000,"CURRENTDEBT_DEBT":50.252502951202,"ISSUED_COMMON_SHARES":1065454100,"HK_COMMON_SHARES":1065454100,"PER_SHARES":4000,"TOTAL_MARKET_CAP":138509033,"HKSK_MARKET_CAP":138509033,"PE_TTM":-0.515223328237,"PB_TTM":25.087671255207,"REPORT_DATE_SQ":"2020-12-31 00:00:00","REPORT_TYPE_SQ":"2020年年报","OPERATE_INCOME_SQ":523557311.52,"DPS_HKD":null,"OPERATE_INCOME_QOQ_SQ":-36.086213878793,"NET_PROFIT_RATIO_SQ":-180.5051859282,"HOLDER_PROFIT_SQ":-528282278.48,"HOLDER_PROFIT_QOQ_SQ":-1440.50340847127,"ROE_AVG_SQ":-126.754766818661,"PE_TTM_SQ":-3.35093299652,"PB_TTM_SQ":0.803887173066,"ROA_SQ":-21.36421777219,"START_DATE":"2021-01-01 00:00:00","FISCAL_YEAR":"12-31","CURRENCY":"HKD","IS_CNY_CODE":0,"DPS_HKD_LY":null,"ORG_TYPE":"一般企业","PREMIUM_INCOME":null,"PREMIUM_INCOME_YOY":null,"NET_INTEREST_INCOME":null,"NET_INTEREST_INCOME_YOY":null,"FEE_COMMISSION_INCOME":null,"FEE_COMMISSION_INCOME_YOY":null,"ACCOUNTS_RECE_TDAYS":1.454577199925,"INVENTORY_TDAYS":10.237110748906,"CURRENT_ASSETS_TDAYS":0.616532359033,"TOTAL_ASSETS_TDAYS":0.312436921991,"PREMIUM_EXPENSE":null,"LOAN_DEPOSIT":null,"LOAN_EQUITY":null,"LOAN_ASSETS":null,"DEPOSIT_EQUITY":null,"DEPOSIT_ASSETS":null,"EQUITY_MULTIPLIER":3.221559645409,"EQUITY_RATIO":5.822203038837},{"SECUCODE":"01561.HK","SECURITY_CODE":"01561","SECURITY_NAME_ABBR":"联洋智能控股","ORG_CODE":"10430968","STD_REPORT_DATE":"2021-06-30 00:00:00","REPORT_DATE":"2021-06-30 00:00:00","DATE_TYPE_CODE":"002","REPORT_TYPE":"2021年中报","PER_NETCASH_OPERATE":-0.03509191666,"PER_OI":0.237356989185,"BPS":0.181351272852,"BASIC_EPS":-0.19262652,"DILUTED_EPS":-0.19262652,"OPERATE_INCOME":177183115.2,"OPERATE_INCOME_YOY":-41.4588281869,"GROSS_PROFIT":44718475.44,"GROSS_PROFIT_YOY":-43.389589471835,"HOLDER_PROFIT":-132602765.04,"HOLDER_PROFIT_YOY":-340.5700541856,"GROSS_PROFIT_RATIO":25.23856485395,"EPS_TTM":-0.841068761819,"OPERATE_INCOME_QOQ":-29.619527938552,"NET_PROFIT_RATIO":-242.7167277167,"ROE_AVG":-68.217834073174,"GROSS_PROFIT_QOQ":-29.778544623587,"ROA":-8.136404747883,"HOLDER_PROFIT_QOQ":-18.846328452748,"ROE_YEARLY":-136.435668146347,"ROIC_YEARLY":-25.923073231791,"TOTAL_ASSETS":1509479656.32,"TOTAL_LIABILITIES":1000536260.16,"TAX_EBT":23.491263182203,"OCF_SALES":-14.784446322908,"TOTAL_PARENT_EQUITY":193221457.2,"DEBT_ASSET_RATIO":66.2835206802,"OPERATE_PROFIT":-559127805.12,"PRETAX_PROFIT":-562096666.56,"NETCASH_OPERATE":-26195542.56,"NETCASH_INVEST":14267675.76,"NETCASH_FINANCE":22481137.44,"END_CASH":203613304.32,"DIVI_RATIO":null,"DIVIDEND_RATE":null,"CURRENT_RATIO":0.896973055919,"COMMON_ACS":10000000000,"CURRENTDEBT_DEBT":94.083256545791,"ISSUED_COMMON_SHARES":1065454100,"HK_COMMON_SHARES":1065454100,"PER_SHARES":4000,"TOTAL_MARKET_CAP":117199951,"HKSK_MARKET_CAP":117199951,"PE_TTM":-0.435958200816,"PB_TTM":21.228029523637,"REPORT_DATE_SQ":"2020-06-30 00:00:00","REPORT_TYPE_SQ":"2020年中报","OPERATE_INCOME_SQ":332258319.36,"DPS_HKD":null,"OPERATE_INCOME_QOQ_SQ":25.149698923882,"NET_PROFIT_RATIO_SQ":-5.4299177443,"HOLDER_PROFIT_SQ":-33040951.68,"HOLDER_PROFIT_QOQ_SQ":-64.239787740382,"ROE_AVG_SQ":-4.814837985733,"PE_TTM_SQ":-3.297460661469,"PB_TTM_SQ":0.791059186262,"ROA_SQ":-1.02461997043,"START_DATE":"2021-01-01 00:00:00","FISCAL_YEAR":"12-31","CURRENCY":"HKD","IS_CNY_CODE":0,"DPS_HKD_LY":null,"ORG_TYPE":"一般企业","PREMIUM_INCOME":null,"PREMIUM_INCOME_YOY":null,"NET_INTEREST_INCOME":null,"NET_INTEREST_INCOME_YOY":null,"FEE_COMMISSION_INCOME":null,"FEE_COMMISSION_INCOME_YOY":null,"ACCOUNTS_RECE_TDAYS":0.507558314146,"INVENTORY_TDAYS":3.724037100717,"CURRENT_ASSETS_TDAYS":0.211544861638,"TOTAL_ASSETS_TDAYS":0.108718211066,"PREMIUM_EXPENSE":null,"LOAN_DEPOSIT":null,"LOAN_EQUITY":null,"LOAN_ASSETS":null,"DEPOSIT_EQUITY":null,"DEPOSIT_ASSETS":null,"EQUITY_MULTIPLIER":2.965908719339,"EQUITY_RATIO":5.178184010508},{"SECUCODE":"01561.HK","SECURITY_CODE":"01561","SECURITY_NAME_ABBR":"联洋智能控股","ORG_CODE":"10430968","STD_REPORT_DATE":"2020-12-31 00:00:00","REPORT_DATE":"2020-12-31 00:00:00","DATE_TYPE_CODE":"001","REPORT_TYPE":"2020年年报","PER_NETCASH_OPERATE":-0.144973547823,"PER_OI":0.772918905264,"BPS":0.18563720851,"BASIC_EPS":-0.78609176,"DILUTED_EPS":-0.78609176,"OPERATE_INCOME":523557311.52,"OPERATE_INCOME_YOY":-14.8667235072,"GROSS_PROFIT":115099319.84,"GROSS_PROFIT_YOY":-38.161450662483,"HOLDER_PROFIT":-528282278.48,"HOLDER_PROFIT_YOY":-2592.8739971685,"GROSS_PROFIT_RATIO":21.984091771318,"EPS_TTM":-0.779894294987,"OPERATE_INCOME_QOQ":-36.086213878793,"NET_PROFIT_RATIO":-180.5051859282,"ROE_AVG":-126.754766818661,"GROSS_PROFIT_QOQ":-52.356608199634,"ROA":-21.36421777219,"HOLDER_PROFIT_QOQ":-1440.50340847127,"ROE_YEARLY":-126.754766818661,"ROIC_YEARLY":-35.015153957852,"TOTAL_ASSETS":1770119573.56,"TOTAL_LIABILITIES":1062087398.64,"TAX_EBT":17.205485593276,"OCF_SALES":-18.756631107853,"TOTAL_PARENT_EQUITY":197787924.92,"DEBT_ASSET_RATIO":60.0008843755,"OPERATE_PROFIT":-1103017193.48,"PRETAX_PROFIT":-1141438059.48,"NETCASH_OPERATE":-98201713.56,"NETCASH_INVEST":25683486.24,"NETCASH_FINANCE":-103867634.04,"END_CASH":191791239.92,"DIVI_RATIO":null,"DIVIDEND_RATE":null,"CURRENT_RATIO":1.081640988086,"COMMON_ACS":10000000000,"CURRENTDEBT_DEBT":73.148346258022,"ISSUED_COMMON_SHARES":1065454100,"HK_COMMON_SHARES":1065454100,"PER_SHARES":4000,"TOTAL_MARKET_CAP":138509033,"HKSK_MARKET_CAP":138509033,"PE_TTM":-0.515223328237,"PB_TTM":25.087671255207,"REPORT_DATE_SQ":"2019-12-31 00:00:00","REPORT_TYPE_SQ":"2019年年报","OPERATE_INCOME_SQ":654545550.22,"DPS_HKD":null,"OPERATE_INCOME_QOQ_SQ":75.326632459548,"NET_PROFIT_RATIO_SQ":4.2564722273,"HOLDER_PROFIT_SQ":-20879736.02,"HOLDER_PROFIT_QOQ_SQ":-13.211367811241,"ROE_AVG_SQ":-3.435283540955,"PE_TTM_SQ":-3.35093299652,"PB_TTM_SQ":0.803887173066,"ROA_SQ":-1.049230182664,"START_DATE":"2020-01-01 00:00:00","FISCAL_YEAR":"12-31","CURRENCY":"HKD","IS_CNY_CODE":0,"DPS_HKD_LY":null,"ORG_TYPE":"一般企业","PREMIUM_INCOME":null,"PREMIUM_INCOME_YOY":null,"NET_INTEREST_INCOME":null,"NET_INTEREST_INCOME_YOY":null,"FEE_COMMISSION_INCOME":null,"FEE_COMMISSION_INCOME_YOY":null,"ACCOUNTS_RECE_TDAYS":1.326339893947,"INVENTORY_TDAYS":11.544602502498,"CURRENT_ASSETS_TDAYS":0.508970233405,"TOTAL_ASSETS_TDAYS":0.211731357935,"PREMIUM_EXPENSE":null,"LOAN_DEPOSIT":null,"LOAN_EQUITY":null,"LOAN_ASSETS":null,"DEPOSIT_EQUITY":null,"DEPOSIT_ASSETS":null,"EQUITY_MULTIPLIER":2.500055274691,"EQUITY_RATIO":5.369829321328},{"SECUCODE":"01561.HK","SECURITY_CODE":"01561","SECURITY_NAME_ABBR":"联洋智能控股","ORG_CODE":"10430968","STD_REPORT_DATE":"2020-06-30 00:00:00","REPORT_DATE":"2020-06-30 00:00:00","DATE_TYPE_CODE":"002","REPORT_TYPE":"2020年中报","PER_NETCASH_OPERATE":-0.215971105829,"PER_OI":0.490507401605,"BPS":0.640538922587,"BASIC_EPS":-0.049508448,"DILUTED_EPS":-0.049508448,"OPERATE_INCOME":332258319.36,"OPERATE_INCOME_YOY":90.8655864327,"GROSS_PROFIT":78993377.76,"GROSS_PROFIT_YOY":235.612727192549,"HOLDER_PROFIT":-33040951.68,"HOLDER_PROFIT_YOY":-62.1117734056,"GROSS_PROFIT_RATIO":23.774687692443,"EPS_TTM":-0.050625937645,"OPERATE_INCOME_QOQ":25.149698923882,"NET_PROFIT_RATIO":-5.4299177443,"ROE_AVG":-4.814837985733,"GROSS_PROFIT_QOQ":29.794599000489,"ROA":-1.02461997043,"HOLDER_PROFIT_QOQ":-64.239787740382,"ROE_YEARLY":-9.629675971467,"ROIC_YEARLY":-3.331506647448,"TOTAL_ASSETS":3003149571.84,"TOTAL_LIABILITIES":1383213971.04,"TAX_EBT":-23.621455842774,"OCF_SALES":-44.030142077945,"TOTAL_PARENT_EQUITY":682464821.28,"DEBT_ASSET_RATIO":46.0587772254,"OPERATE_PROFIT":5534532.96,"PRETAX_PROFIT":-14594030.88,"NETCASH_OPERATE":-146293810.08,"NETCASH_INVEST":60237714.24,"NETCASH_FINANCE":-76908907.68,"END_CASH":214255572.96,"DIVI_RATIO":null,"DIVIDEND_RATE":null,"CURRENT_RATIO":2.315194665881,"COMMON_ACS":10000000000,"CURRENTDEBT_DEBT":31.396211164169,"ISSUED_COMMON_SHARES":1065454100,"HK_COMMON_SHARES":1065454100,"PER_SHARES":4000,"TOTAL_MARKET_CAP":117199951,"HKSK_MARKET_CAP":117199951,"PE_TTM":-0.435958200816,"PB_TTM":21.228029523637,"REPORT_DATE_SQ":"2019-06-30 00:00:00","REPORT_TYPE_SQ":"2019年中报","OPERATE_INCOME_SQ":167642084.16,"DPS_HKD":null,"OPERATE_INCOME_QOQ_SQ":-0.062946244852,"NET_PROFIT_RATIO_SQ":-12.3189698598,"HOLDER_PROFIT_SQ":-19627853.58,"HOLDER_PROFIT_QOQ_SQ":-345.813524172238,"ROE_AVG_SQ":-3.781950942945,"PE_TTM_SQ":-3.297460661469,"PB_TTM_SQ":0.791059186262,"ROA_SQ":-3.346810270671,"START_DATE":"2020-01-01 00:00:00","FISCAL_YEAR":"12-31","CURRENCY":"HKD","IS_CNY_CODE":0,"DPS_HKD_LY":null,"ORG_TYPE":"一般企业","PREMIUM_INCOME":null,"PREMIUM_INCOME_YOY":null,"NET_INTEREST_INCOME":null,"NET_INTEREST_INCOME_YOY":null,"FEE_COMMISSION_INCOME":null,"FEE_COMMISSION_INCOME_YOY":null,"ACCOUNTS_RECE_TDAYS":0.69050588577,"INVENTORY_TDAYS":7.803906667793,"CURRENT_ASSETS_TDAYS":0.285659985581,"TOTAL_ASSETS_TDAYS":0.103035321941,"PREMIUM_EXPENSE":null,"LOAN_DEPOSIT":null,"LOAN_EQUITY":null,"LOAN_ASSETS":null,"DEPOSIT_EQUITY":null,"DEPOSIT_ASSETS":null,"EQUITY_MULTIPLIER":1.853869728127,"EQUITY_RATIO":2.026791605823}],"count":24},"success":true,"message":"ok","code":0}