{"version":"b9041fc0ce213930c0387b8f70eb1ba2","result":{"pages":3,"data":[{"SECUCODE":"01565.HK","SECURITY_CODE":"01565","SECURITY_NAME_ABBR":"成实外教育","ORG_CODE":"10506917","STD_REPORT_DATE":"2024-12-31 00:00:00","REPORT_DATE":"2024-08-31 00:00:00","DATE_TYPE_CODE":"001","REPORT_TYPE":"2024年年报","PER_NETCASH_OPERATE":0.152626894732,"PER_OI":0.30922010476,"BPS":0.271618943648,"BASIC_EPS":0.015,"DILUTED_EPS":0.015,"OPERATE_INCOME":955107000,"OPERATE_INCOME_YOY":25.2980579009,"GROSS_PROFIT":312806000,"GROSS_PROFIT_YOY":24.240293913216,"HOLDER_PROFIT":45009000,"HOLDER_PROFIT_YOY":39.506555497,"GROSS_PROFIT_RATIO":32.750885502881,"EPS_TTM":0.01457186231,"OPERATE_INCOME_QOQ":0,"NET_PROFIT_RATIO":5.6492099838,"ROE_AVG":5.360856422094,"GROSS_PROFIT_QOQ":0,"ROA":0.999832617059,"HOLDER_PROFIT_QOQ":0,"ROE_YEARLY":5.360856422094,"ROIC_YEARLY":1.211584143104,"TOTAL_ASSETS":4468044000,"TOTAL_LIABILITIES":3627701000,"TAX_EBT":9.459164666991,"OCF_SALES":49.358658244574,"TOTAL_PARENT_EQUITY":838966000,"DEBT_ASSET_RATIO":81.1921503011,"OPERATE_PROFIT":185847000,"PRETAX_PROFIT":59593000,"NETCASH_OPERATE":471428000,"NETCASH_INVEST":-156280000,"NETCASH_FINANCE":-258486000,"END_CASH":813180000,"DIVI_RATIO":0.655545241705,"DIVIDEND_RATE":5.329949238579,"CURRENT_RATIO":0.587240582768,"COMMON_ACS":10000000000,"CURRENTDEBT_DEBT":45.465985206609,"ISSUED_COMMON_SHARES":3088761000,"HK_COMMON_SHARES":3088761000,"PER_SHARES":1000,"TOTAL_MARKET_CAP":608485917,"HKSK_MARKET_CAP":608485917,"PE_TTM":12.332489573324,"PB_TTM":0.661615635444,"REPORT_DATE_SQ":"2023-12-31 00:00:00","REPORT_TYPE_SQ":"2023年年报","OPERATE_INCOME_SQ":762268000,"DPS_HKD":0.0105,"OPERATE_INCOME_QOQ_SQ":0,"NET_PROFIT_RATIO_SQ":5.0587195055,"HOLDER_PROFIT_SQ":32263000,"HOLDER_PROFIT_QOQ_SQ":0,"ROE_AVG_SQ":3.912805667098,"PE_TTM_SQ":14.372252030051,"PB_TTM_SQ":0.551878904989,"ROA_SQ":0.759004220716,"START_DATE":"2023-09-01 00:00:00","FISCAL_YEAR":"8-31","CURRENCY":"HKD","IS_CNY_CODE":0,"DPS_HKD_LY":0.0125,"ORG_TYPE":"一般企业","PREMIUM_INCOME":null,"PREMIUM_INCOME_YOY":null,"NET_INTEREST_INCOME":null,"NET_INTEREST_INCOME_YOY":null,"FEE_COMMISSION_INCOME":null,"FEE_COMMISSION_INCOME_YOY":null,"ACCOUNTS_RECE_TDAYS":600.507387613958,"INVENTORY_TDAYS":3125.55231143552,"CURRENT_ASSETS_TDAYS":0.958481333535,"TOTAL_ASSETS_TDAYS":0.212168040032,"PREMIUM_EXPENSE":null,"LOAN_DEPOSIT":null,"LOAN_EQUITY":null,"LOAN_ASSETS":null,"DEPOSIT_EQUITY":null,"DEPOSIT_ASSETS":null,"EQUITY_MULTIPLIER":5.316928920686,"EQUITY_RATIO":4.324014322392},{"SECUCODE":"01565.HK","SECURITY_CODE":"01565","SECURITY_NAME_ABBR":"成实外教育","ORG_CODE":"10506917","STD_REPORT_DATE":"2024-06-30 00:00:00","REPORT_DATE":"2024-02-29 00:00:00","DATE_TYPE_CODE":"002","REPORT_TYPE":"2024年中报","PER_NETCASH_OPERATE":-0.025384288393,"PER_OI":0.168470788125,"BPS":0.272369082619,"BASIC_EPS":0.01,"DILUTED_EPS":0.01,"OPERATE_INCOME":520366000,"OPERATE_INCOME_YOY":27.6724266952,"GROSS_PROFIT":179274000,"GROSS_PROFIT_YOY":28.06749342782,"HOLDER_PROFIT":31602000,"HOLDER_PROFIT_YOY":34.4765957447,"GROSS_PROFIT_RATIO":34.451520660458,"EPS_TTM":0.013068346823,"OPERATE_INCOME_QOQ":0,"NET_PROFIT_RATIO":7.0807854472,"ROE_AVG":3.758811386813,"GROSS_PROFIT_QOQ":0,"ROA":0.721569451231,"HOLDER_PROFIT_QOQ":0,"ROE_YEARLY":7.517622773625,"ROIC_YEARLY":1.688606249291,"TOTAL_ASSETS":4223977000,"TOTAL_LIABILITIES":3374831000,"TAX_EBT":7.356934526803,"OCF_SALES":-15.067471741044,"TOTAL_PARENT_EQUITY":841283000,"DEBT_ASSET_RATIO":79.8970022801,"OPERATE_PROFIT":106163000,"PRETAX_PROFIT":39772000,"NETCASH_OPERATE":-78406000,"NETCASH_INVEST":-4279000,"NETCASH_FINANCE":-167381000,"END_CASH":506467000,"DIVI_RATIO":1.221284927367,"DIVIDEND_RATE":7.990867579909,"CURRENT_RATIO":0.505906416086,"COMMON_ACS":10000000000,"CURRENTDEBT_DEBT":40.766248739567,"ISSUED_COMMON_SHARES":3088761000,"HK_COMMON_SHARES":3088761000,"PER_SHARES":1000,"TOTAL_MARKET_CAP":676438659,"HKSK_MARKET_CAP":676438659,"PE_TTM":13.709721911462,"PB_TTM":0.735501645493,"REPORT_DATE_SQ":"2023-06-30 00:00:00","REPORT_TYPE_SQ":"2023年中报","OPERATE_INCOME_SQ":407579000,"DPS_HKD":0.0175,"OPERATE_INCOME_QOQ_SQ":0,"NET_PROFIT_RATIO_SQ":6.6254640205,"HOLDER_PROFIT_SQ":23500000,"HOLDER_PROFIT_QOQ_SQ":0,"ROE_AVG_SQ":2.863695410045,"PE_TTM_SQ":12.268995635409,"PB_TTM_SQ":0.471116138406,"ROA_SQ":0.606413819629,"START_DATE":"2023-09-01 00:00:00","FISCAL_YEAR":"8-31","CURRENCY":"HKD","IS_CNY_CODE":0,"DPS_HKD_LY":0.0125,"ORG_TYPE":"一般企业","PREMIUM_INCOME":null,"PREMIUM_INCOME_YOY":null,"NET_INTEREST_INCOME":null,"NET_INTEREST_INCOME_YOY":null,"FEE_COMMISSION_INCOME":null,"FEE_COMMISSION_INCOME_YOY":null,"ACCOUNTS_RECE_TDAYS":395.114654517844,"INVENTORY_TDAYS":1714.03015075377,"CURRENT_ASSETS_TDAYS":0.604934654883,"TOTAL_ASSETS_TDAYS":0.11881533101,"PREMIUM_EXPENSE":null,"LOAN_DEPOSIT":null,"LOAN_EQUITY":null,"LOAN_ASSETS":null,"DEPOSIT_EQUITY":null,"DEPOSIT_ASSETS":null,"EQUITY_MULTIPLIER":4.974382497244,"EQUITY_RATIO":4.011528819672},{"SECUCODE":"01565.HK","SECURITY_CODE":"01565","SECURITY_NAME_ABBR":"成实外教育","ORG_CODE":"10506917","STD_REPORT_DATE":"2023-12-31 00:00:00","REPORT_DATE":"2023-08-31 00:00:00","DATE_TYPE_CODE":"001","REPORT_TYPE":"2023年年报","PER_NETCASH_OPERATE":0.081473121423,"PER_OI":0.24678762779,"BPS":0.272020399118,"BASIC_EPS":0.011,"DILUTED_EPS":0.011,"OPERATE_INCOME":762268000,"OPERATE_INCOME_YOY":38.3130291517,"GROSS_PROFIT":251775000,"GROSS_PROFIT_YOY":50.217473017237,"HOLDER_PROFIT":32263000,"HOLDER_PROFIT_YOY":183.5061511424,"GROSS_PROFIT_RATIO":33.029721830118,"EPS_TTM":0.01044528858,"OPERATE_INCOME_QOQ":0,"NET_PROFIT_RATIO":5.0587195055,"ROE_AVG":3.912805667098,"GROSS_PROFIT_QOQ":0,"ROA":0.759004220716,"HOLDER_PROFIT_QOQ":0,"ROE_YEARLY":3.912805667098,"ROIC_YEARLY":0.87626977365,"TOTAL_ASSETS":4535263000,"TOTAL_LIABILITIES":3692497000,"TAX_EBT":29.004878946884,"OCF_SALES":33.013454585526,"TOTAL_PARENT_EQUITY":840206000,"DEBT_ASSET_RATIO":81.4174833962,"OPERATE_PROFIT":153990000,"PRETAX_PROFIT":54315000,"NETCASH_OPERATE":251651000,"NETCASH_INVEST":-141239000,"NETCASH_FINANCE":257168000,"END_CASH":756413000,"DIVI_RATIO":1.527978368198,"DIVIDEND_RATE":7.990867579909,"CURRENT_RATIO":0.583506924567,"COMMON_ACS":10000000000,"CURRENTDEBT_DEBT":47.544006129186,"ISSUED_COMMON_SHARES":3088761000,"HK_COMMON_SHARES":3088761000,"PER_SHARES":1000,"TOTAL_MARKET_CAP":676438659,"HKSK_MARKET_CAP":676438659,"PE_TTM":13.709721911462,"PB_TTM":0.735501645493,"REPORT_DATE_SQ":"2022-12-31 00:00:00","REPORT_TYPE_SQ":"2022年年报","OPERATE_INCOME_SQ":551118000,"DPS_HKD":0.0175,"OPERATE_INCOME_QOQ_SQ":0,"NET_PROFIT_RATIO_SQ":0.7060194006,"HOLDER_PROFIT_SQ":11380000,"HOLDER_PROFIT_QOQ_SQ":0,"ROE_AVG_SQ":1.360834629295,"PE_TTM_SQ":12.268995635409,"PB_TTM_SQ":0.471116138406,"ROA_SQ":0.256164579214,"START_DATE":"2022-09-01 00:00:00","FISCAL_YEAR":"8-31","CURRENCY":"HKD","IS_CNY_CODE":0,"DPS_HKD_LY":null,"ORG_TYPE":"一般企业","PREMIUM_INCOME":null,"PREMIUM_INCOME_YOY":null,"NET_INTEREST_INCOME":null,"NET_INTEREST_INCOME_YOY":null,"FEE_COMMISSION_INCOME":null,"FEE_COMMISSION_INCOME_YOY":null,"ACCOUNTS_RECE_TDAYS":482.295476115153,"INVENTORY_TDAYS":4932.29951690821,"CURRENT_ASSETS_TDAYS":1.019290852407,"TOTAL_ASSETS_TDAYS":0.179327597966,"PREMIUM_EXPENSE":null,"LOAN_DEPOSIT":null,"LOAN_EQUITY":null,"LOAN_ASSETS":null,"DEPOSIT_EQUITY":null,"DEPOSIT_ASSETS":null,"EQUITY_MULTIPLIER":5.381402429612,"EQUITY_RATIO":4.394752001295},{"SECUCODE":"01565.HK","SECURITY_CODE":"01565","SECURITY_NAME_ABBR":"成实外教育","ORG_CODE":"10506917","STD_REPORT_DATE":"2023-06-30 00:00:00","REPORT_DATE":"2023-02-28 00:00:00","DATE_TYPE_CODE":"002","REPORT_TYPE":"2023年中报","PER_NETCASH_OPERATE":-0.008866662069,"PER_OI":0.131955499309,"BPS":0.269475041934,"BASIC_EPS":0.008,"DILUTED_EPS":0.008,"OPERATE_INCOME":407579000,"OPERATE_INCOME_YOY":36.4696861638,"GROSS_PROFIT":139984000,"GROSS_PROFIT_YOY":63.362858709986,"HOLDER_PROFIT":23500000,"HOLDER_PROFIT_YOY":131.8468823994,"GROSS_PROFIT_RATIO":34.345243498806,"EPS_TTM":0.00801097916,"OPERATE_INCOME_QOQ":0,"NET_PROFIT_RATIO":6.6254640205,"ROE_AVG":2.863695410045,"GROSS_PROFIT_QOQ":0,"ROA":0.606413819629,"HOLDER_PROFIT_QOQ":0,"ROE_YEARLY":5.727390820089,"ROIC_YEARLY":1.314847325943,"TOTAL_ASSETS":3784344000,"TOTAL_LIABILITIES":2956271000,"TAX_EBT":3.687852200585,"OCF_SALES":-6.719433533131,"TOTAL_PARENT_EQUITY":832344000,"DEBT_ASSET_RATIO":78.1184532907,"OPERATE_PROFIT":77672000,"PRETAX_PROFIT":28038000,"NETCASH_OPERATE":-27387000,"NETCASH_INVEST":-22899000,"NETCASH_FINANCE":-111966000,"END_CASH":226920000,"DIVI_RATIO":1.992287669462,"DIVIDEND_RATE":7.990867579909,"CURRENT_RATIO":0.248904719221,"COMMON_ACS":10000000000,"CURRENTDEBT_DEBT":43.021089744479,"ISSUED_COMMON_SHARES":3088761000,"HK_COMMON_SHARES":3088761000,"PER_SHARES":1000,"TOTAL_MARKET_CAP":676438659,"HKSK_MARKET_CAP":676438659,"PE_TTM":13.709721911462,"PB_TTM":0.735501645493,"REPORT_DATE_SQ":"2022-06-30 00:00:00","REPORT_TYPE_SQ":"2022年中报","OPERATE_INCOME_SQ":298659000,"DPS_HKD":0.0175,"OPERATE_INCOME_QOQ_SQ":0,"NET_PROFIT_RATIO_SQ":2.5437036888,"HOLDER_PROFIT_SQ":10136000,"HOLDER_PROFIT_QOQ_SQ":0,"ROE_AVG_SQ":1.210304062626,"PE_TTM_SQ":12.268995635409,"PB_TTM_SQ":0.471116138406,"ROA_SQ":0.217670712917,"START_DATE":"2022-09-01 00:00:00","FISCAL_YEAR":"8-31","CURRENCY":"HKD","IS_CNY_CODE":0,"DPS_HKD_LY":null,"ORG_TYPE":"一般企业","PREMIUM_INCOME":null,"PREMIUM_INCOME_YOY":null,"NET_INTEREST_INCOME":null,"NET_INTEREST_INCOME_YOY":null,"FEE_COMMISSION_INCOME":null,"FEE_COMMISSION_INCOME_YOY":null,"ACCOUNTS_RECE_TDAYS":202.775621890547,"INVENTORY_TDAYS":3878.1884057971,"CURRENT_ASSETS_TDAYS":1.034644348066,"TOTAL_ASSETS_TDAYS":0.105175122634,"PREMIUM_EXPENSE":null,"LOAN_DEPOSIT":null,"LOAN_EQUITY":null,"LOAN_ASSETS":null,"DEPOSIT_EQUITY":null,"DEPOSIT_ASSETS":null,"EQUITY_MULTIPLIER":4.57006085212,"EQUITY_RATIO":3.551741827898},{"SECUCODE":"01565.HK","SECURITY_CODE":"01565","SECURITY_NAME_ABBR":"成实外教育","ORG_CODE":"10506917","STD_REPORT_DATE":"2022-12-31 00:00:00","REPORT_DATE":"2022-08-31 00:00:00","DATE_TYPE_CODE":"001","REPORT_TYPE":"2022年年报","PER_NETCASH_OPERATE":0.083131715274,"PER_OI":0.178426883789,"BPS":0.261882353474,"BASIC_EPS":0.004,"DILUTED_EPS":0.004,"OPERATE_INCOME":551118000,"OPERATE_INCOME_YOY":null,"GROSS_PROFIT":167607000,"GROSS_PROFIT_YOY":null,"HOLDER_PROFIT":11380000,"HOLDER_PROFIT_YOY":null,"GROSS_PROFIT_RATIO":30.412180331617,"EPS_TTM":0.003684325204,"OPERATE_INCOME_QOQ":0,"NET_PROFIT_RATIO":0.7060194006,"ROE_AVG":1.360834629295,"GROSS_PROFIT_QOQ":0,"ROA":0.256164579214,"HOLDER_PROFIT_QOQ":0,"ROE_YEARLY":1.360834629295,"ROIC_YEARLY":0.288934494386,"TOTAL_ASSETS":3966139000,"TOTAL_LIABILITIES":3167797000,"TAX_EBT":12.008141112619,"OCF_SALES":46.591474058187,"TOTAL_PARENT_EQUITY":808892000,"DEBT_ASSET_RATIO":79.8710534351,"OPERATE_PROFIT":90863000,"PRETAX_PROFIT":4422000,"NETCASH_OPERATE":256774000,"NETCASH_INVEST":-228733000,"NETCASH_FINANCE":-269891000,"END_CASH":389265000,"DIVI_RATIO":4.331912661966,"DIVIDEND_RATE":7.990867579909,"CURRENT_RATIO":0.363981156118,"COMMON_ACS":10000000000,"CURRENTDEBT_DEBT":40.875409630099,"ISSUED_COMMON_SHARES":3088761000,"HK_COMMON_SHARES":3088761000,"PER_SHARES":1000,"TOTAL_MARKET_CAP":676438659,"HKSK_MARKET_CAP":676438659,"PE_TTM":13.709721911462,"PB_TTM":0.735501645493,"REPORT_DATE_SQ":"2021-12-31 00:00:00","REPORT_TYPE_SQ":"2021年年报","OPERATE_INCOME_SQ":null,"DPS_HKD":0.0175,"OPERATE_INCOME_QOQ_SQ":0,"NET_PROFIT_RATIO_SQ":null,"HOLDER_PROFIT_SQ":null,"HOLDER_PROFIT_QOQ_SQ":0,"ROE_AVG_SQ":null,"PE_TTM_SQ":12.268995635409,"PB_TTM_SQ":0.471116138406,"ROA_SQ":null,"START_DATE":"2021-09-01 00:00:00","FISCAL_YEAR":"8-31","CURRENCY":"HKD","IS_CNY_CODE":0,"DPS_HKD_LY":0.019,"ORG_TYPE":"一般企业","PREMIUM_INCOME":null,"PREMIUM_INCOME_YOY":null,"NET_INTEREST_INCOME":null,"NET_INTEREST_INCOME_YOY":null,"FEE_COMMISSION_INCOME":null,"FEE_COMMISSION_INCOME_YOY":null,"ACCOUNTS_RECE_TDAYS":440.8944,"INVENTORY_TDAYS":13456.5263157895,"CURRENT_ASSETS_TDAYS":0.602258806559,"TOTAL_ASSETS_TDAYS":0.124057039163,"PREMIUM_EXPENSE":null,"LOAN_DEPOSIT":null,"LOAN_EQUITY":null,"LOAN_ASSETS":null,"DEPOSIT_EQUITY":null,"DEPOSIT_ASSETS":null,"EQUITY_MULTIPLIER":4.967969867553,"EQUITY_RATIO":3.91621749257},{"SECUCODE":"01565.HK","SECURITY_CODE":"01565","SECURITY_NAME_ABBR":"成实外教育","ORG_CODE":"10506917","STD_REPORT_DATE":"2022-06-30 00:00:00","REPORT_DATE":"2022-02-28 00:00:00","DATE_TYPE_CODE":"002","REPORT_TYPE":"2022年中报","PER_NETCASH_OPERATE":0.001743093752,"PER_OI":0.096692168802,"BPS":0.262674904274,"BASIC_EPS":0.003,"DILUTED_EPS":0.003,"OPERATE_INCOME":298659000,"OPERATE_INCOME_YOY":15.2113784444,"GROSS_PROFIT":85689000,"GROSS_PROFIT_YOY":8.23007843583,"HOLDER_PROFIT":10136000,"HOLDER_PROFIT_YOY":-93.6976932164,"GROSS_PROFIT_RATIO":28.691249886995,"EPS_TTM":0.051960316774,"OPERATE_INCOME_QOQ":0,"NET_PROFIT_RATIO":2.5437036888,"ROE_AVG":1.210304062626,"GROSS_PROFIT_QOQ":0,"ROA":0.217670712917,"HOLDER_PROFIT_QOQ":0,"ROE_YEARLY":2.420608125253,"ROIC_YEARLY":0.473546609956,"TOTAL_ASSETS":4394376000,"TOTAL_LIABILITIES":3586743000,"TAX_EBT":24.789624789625,"OCF_SALES":1.802724846732,"TOTAL_PARENT_EQUITY":811340000,"DEBT_ASSET_RATIO":81.6212131142,"OPERATE_PROFIT":47857000,"PRETAX_PROFIT":10101000,"NETCASH_OPERATE":5384000,"NETCASH_INVEST":-77480000,"NETCASH_FINANCE":-433777000,"END_CASH":126101000,"DIVI_RATIO":0.307160848717,"DIVIDEND_RATE":7.990867579909,"CURRENT_RATIO":0.82128037291,"COMMON_ACS":10000000000,"CURRENTDEBT_DEBT":26.855422872506,"ISSUED_COMMON_SHARES":3088761000,"HK_COMMON_SHARES":3088761000,"PER_SHARES":1000,"TOTAL_MARKET_CAP":676438659,"HKSK_MARKET_CAP":676438659,"PE_TTM":13.709721911462,"PB_TTM":0.735501645493,"REPORT_DATE_SQ":"2021-06-30 00:00:00","REPORT_TYPE_SQ":"2021年中报","OPERATE_INCOME_SQ":259227000,"DPS_HKD":0.0175,"OPERATE_INCOME_QOQ_SQ":14.867644707279,"NET_PROFIT_RATIO_SQ":15.0960134214,"HOLDER_PROFIT_SQ":160830000,"HOLDER_PROFIT_QOQ_SQ":-28.818783790377,"ROE_AVG_SQ":6.419223563162,"PE_TTM_SQ":12.268995635409,"PB_TTM_SQ":0.471116138406,"ROA_SQ":2.330946751439,"START_DATE":"2021-09-01 00:00:00","FISCAL_YEAR":"8-31","CURRENCY":"HKD","IS_CNY_CODE":0,"DPS_HKD_LY":0.019,"ORG_TYPE":"一般企业","PREMIUM_INCOME":null,"PREMIUM_INCOME_YOY":null,"NET_INTEREST_INCOME":null,"NET_INTEREST_INCOME_YOY":null,"FEE_COMMISSION_INCOME":null,"FEE_COMMISSION_INCOME_YOY":null,"ACCOUNTS_RECE_TDAYS":83.751822770611,"INVENTORY_TDAYS":3086.52173913044,"CURRENT_ASSETS_TDAYS":0.277828140589,"TOTAL_ASSETS_TDAYS":0.064137053521,"PREMIUM_EXPENSE":null,"LOAN_DEPOSIT":null,"LOAN_EQUITY":null,"LOAN_ASSETS":null,"DEPOSIT_EQUITY":null,"DEPOSIT_ASSETS":null,"EQUITY_MULTIPLIER":5.44105552893,"EQUITY_RATIO":4.420764414426},{"SECUCODE":"01565.HK","SECURITY_CODE":"01565","SECURITY_NAME_ABBR":"成实外教育","ORG_CODE":"10506917","STD_REPORT_DATE":"2021-06-30 00:00:00","REPORT_DATE":"2021-02-28 00:00:00","DATE_TYPE_CODE":"002","REPORT_TYPE":"2021年中报","PER_NETCASH_OPERATE":-0.090116716703,"PER_OI":0.083925884845,"BPS":0.919172121119,"BASIC_EPS":0.052,"DILUTED_EPS":0.052,"OPERATE_INCOME":259227000,"OPERATE_INCOME_YOY":30.9696643283,"GROSS_PROFIT":79173000,"GROSS_PROFIT_YOY":-79.586590623131,"HOLDER_PROFIT":160830000,"HOLDER_PROFIT_YOY":-26.6756984215,"GROSS_PROFIT_RATIO":31.822798036454,"EPS_TTM":0.051960316774,"OPERATE_INCOME_QOQ":14.867644707279,"NET_PROFIT_RATIO":15.0960134214,"ROE_AVG":6.419223563162,"GROSS_PROFIT_QOQ":-2.823047600666,"ROA":2.330946751439,"HOLDER_PROFIT_QOQ":-28.818783790377,"ROE_YEARLY":12.838447126324,"ROIC_YEARLY":5.135745798023,"TOTAL_ASSETS":7738099000,"TOTAL_LIABILITIES":4853069000,"TAX_EBT":-16.422957411808,"OCF_SALES":-23.99680328844,"TOTAL_PARENT_EQUITY":2839103000,"DEBT_ASSET_RATIO":62.7165535101,"OPERATE_PROFIT":-22549000,"PRETAX_PROFIT":-54710000,"NETCASH_OPERATE":73757000,"NETCASH_INVEST":115238000,"NETCASH_FINANCE":-453901000,"END_CASH":175578000,"DIVI_RATIO":0.307160848717,"DIVIDEND_RATE":7.990867579909,"CURRENT_RATIO":0.257642767637,"COMMON_ACS":10000000000,"CURRENTDEBT_DEBT":59.757279362812,"ISSUED_COMMON_SHARES":3088761000,"HK_COMMON_SHARES":3088761000,"PER_SHARES":1000,"TOTAL_MARKET_CAP":676438659,"HKSK_MARKET_CAP":676438659,"PE_TTM":13.709721911462,"PB_TTM":0.735501645493,"REPORT_DATE_SQ":"2020-06-30 00:00:00","REPORT_TYPE_SQ":"2020年中报","OPERATE_INCOME_SQ":885657000,"DPS_HKD":0.0175,"OPERATE_INCOME_QOQ_SQ":8.806241259397,"NET_PROFIT_RATIO_SQ":27.0705250452,"HOLDER_PROFIT_SQ":243585000,"HOLDER_PROFIT_QOQ_SQ":1.850732739084,"ROE_AVG_SQ":8.714372086534,"PE_TTM_SQ":12.268995635409,"PB_TTM_SQ":0.471116138406,"ROA_SQ":3.788393969644,"START_DATE":"2020-09-01 00:00:00","FISCAL_YEAR":"8-31","CURRENCY":"HKD","IS_CNY_CODE":0,"DPS_HKD_LY":0.065,"ORG_TYPE":"一般企业","PREMIUM_INCOME":null,"PREMIUM_INCOME_YOY":null,"NET_INTEREST_INCOME":null,"NET_INTEREST_INCOME_YOY":null,"FEE_COMMISSION_INCOME":null,"FEE_COMMISSION_INCOME_YOY":null,"ACCOUNTS_RECE_TDAYS":null,"INVENTORY_TDAYS":2160.69945355191,"CURRENT_ASSETS_TDAYS":1.430999843939,"TOTAL_ASSETS_TDAYS":0.151380575048,"PREMIUM_EXPENSE":null,"LOAN_DEPOSIT":null,"LOAN_EQUITY":null,"LOAN_ASSETS":null,"DEPOSIT_EQUITY":null,"DEPOSIT_ASSETS":null,"EQUITY_MULTIPLIER":2.68215547152,"EQUITY_RATIO":1.709367007819},{"SECUCODE":"01565.HK","SECURITY_CODE":"01565","SECURITY_NAME_ABBR":"成实外教育","ORG_CODE":"10506917","STD_REPORT_DATE":"2020-12-31 00:00:00","REPORT_DATE":"2020-12-31 00:00:00","DATE_TYPE_CODE":"001","REPORT_TYPE":"2020年年报","PER_NETCASH_OPERATE":0.265791040485,"PER_OI":0.12066197417,"BPS":0.882441535619,"BASIC_EPS":0.07,"DILUTED_EPS":0.07,"OPERATE_INCOME":372696000,"OPERATE_INCOME_YOY":23.5636610602,"GROSS_PROFIT":109434000,"GROSS_PROFIT_YOY":-81.660806874893,"HOLDER_PROFIT":225471000,"HOLDER_PROFIT_YOY":-43.226318175,"GROSS_PROFIT_RATIO":35.947952266993,"EPS_TTM":0.072997230929,"OPERATE_INCOME_QOQ":13.563026927471,"NET_PROFIT_RATIO":11.9144426768,"ROE_AVG":8.266100760047,"GROSS_PROFIT_QOQ":7.602794624923,"ROA":3.240294500894,"HOLDER_PROFIT_QOQ":-44.257954461173,"ROE_YEARLY":8.266100760047,"ROIC_YEARLY":3.56018384596,"TOTAL_ASSETS":7586747000,"TOTAL_LIABILITIES":4814693000,"TAX_EBT":-7.408847910804,"OCF_SALES":44.500486490735,"TOTAL_PARENT_EQUITY":2725651000,"DEBT_ASSET_RATIO":63.4618895292,"OPERATE_PROFIT":-82280000,"PRETAX_PROFIT":-131127000,"NETCASH_OPERATE":820965000,"NETCASH_INVEST":-1135526000,"NETCASH_FINANCE":693968000,"END_CASH":773832000,"DIVI_RATIO":0.218640827837,"DIVIDEND_RATE":7.990867579909,"CURRENT_RATIO":0.279299360411,"COMMON_ACS":10000000000,"CURRENTDEBT_DEBT":64.992679699412,"ISSUED_COMMON_SHARES":3088761000,"HK_COMMON_SHARES":3088761000,"PER_SHARES":1000,"TOTAL_MARKET_CAP":676438659,"HKSK_MARKET_CAP":676438659,"PE_TTM":13.709721911462,"PB_TTM":0.735501645493,"REPORT_DATE_SQ":"2019-12-31 00:00:00","REPORT_TYPE_SQ":"2019年年报","OPERATE_INCOME_SQ":1493032000,"DPS_HKD":0.0175,"OPERATE_INCOME_QOQ_SQ":12.109100165419,"NET_PROFIT_RATIO_SQ":27.3306265371,"HOLDER_PROFIT_SQ":397140000,"HOLDER_PROFIT_QOQ_SQ":4.500901232781,"ROE_AVG_SQ":14.338535147175,"PE_TTM_SQ":12.268995635409,"PB_TTM_SQ":0.471116138406,"ROA_SQ":7.050623294166,"START_DATE":"2020-01-01 00:00:00","FISCAL_YEAR":"12-31","CURRENCY":"HKD","IS_CNY_CODE":0,"DPS_HKD_LY":0.08,"ORG_TYPE":"一般企业","PREMIUM_INCOME":null,"PREMIUM_INCOME_YOY":null,"NET_INTEREST_INCOME":null,"NET_INTEREST_INCOME_YOY":null,"FEE_COMMISSION_INCOME":null,"FEE_COMMISSION_INCOME_YOY":null,"ACCOUNTS_RECE_TDAYS":null,"INVENTORY_TDAYS":4823.10612244898,"CURRENT_ASSETS_TDAYS":2.039857408069,"TOTAL_ASSETS_TDAYS":0.265126828217,"PREMIUM_EXPENSE":null,"LOAN_DEPOSIT":null,"LOAN_EQUITY":null,"LOAN_ASSETS":null,"DEPOSIT_EQUITY":null,"DEPOSIT_ASSETS":null,"EQUITY_MULTIPLIER":2.736868401553,"EQUITY_RATIO":1.76643781614},{"SECUCODE":"01565.HK","SECURITY_CODE":"01565","SECURITY_NAME_ABBR":"成实外教育","ORG_CODE":"10506917","STD_REPORT_DATE":"2020-06-30 00:00:00","REPORT_DATE":"2020-06-30 00:00:00","DATE_TYPE_CODE":"002","REPORT_TYPE":"2020年中报","PER_NETCASH_OPERATE":-0.043075200703,"PER_OI":0.286735360878,"BPS":0.926181727884,"BASIC_EPS":0.08,"DILUTED_EPS":0.08,"OPERATE_INCOME":885657000,"OPERATE_INCOME_YOY":17.4335732858,"GROSS_PROFIT":387848000,"GROSS_PROFIT_YOY":14.107173328469,"HOLDER_PROFIT":243585000,"HOLDER_PROFIT_YOY":3.1113086545,"GROSS_PROFIT_RATIO":42.795574358922,"EPS_TTM":0.130955421931,"OPERATE_INCOME_QOQ":8.806241259397,"NET_PROFIT_RATIO":27.0705250452,"ROE_AVG":8.714372086534,"GROSS_PROFIT_QOQ":6.778216291697,"ROA":3.788393969644,"HOLDER_PROFIT_QOQ":1.850732739084,"ROE_YEARLY":17.428744173068,"ROIC_YEARLY":8.201089909816,"TOTAL_ASSETS":6529588000,"TOTAL_LIABILITIES":3645664000,"TAX_EBT":1.270399486075,"OCF_SALES":-15.022632915452,"TOTAL_PARENT_EQUITY":2860754000,"DEBT_ASSET_RATIO":55.8329867061,"OPERATE_PROFIT":311098000,"PRETAX_PROFIT":242837000,"NETCASH_OPERATE":-133049000,"NETCASH_INVEST":-348301000,"NETCASH_FINANCE":612546000,"END_CASH":525546000,"DIVI_RATIO":0.121874869819,"DIVIDEND_RATE":7.990867579909,"CURRENT_RATIO":0.524588765396,"COMMON_ACS":10000000000,"CURRENTDEBT_DEBT":49.193809413045,"ISSUED_COMMON_SHARES":3088761000,"HK_COMMON_SHARES":3088761000,"PER_SHARES":1000,"TOTAL_MARKET_CAP":676438659,"HKSK_MARKET_CAP":676438659,"PE_TTM":13.709721911462,"PB_TTM":0.735501645493,"REPORT_DATE_SQ":"2019-06-30 00:00:00","REPORT_TYPE_SQ":"2019年中报","OPERATE_INCOME_SQ":754177000,"DPS_HKD":0.0175,"OPERATE_INCOME_QOQ_SQ":14.025637996017,"NET_PROFIT_RATIO_SQ":31.4350610003,"HOLDER_PROFIT_SQ":236235000,"HOLDER_PROFIT_QOQ_SQ":6.640270953585,"ROE_AVG_SQ":8.620554385194,"PE_TTM_SQ":12.268995635409,"PB_TTM_SQ":0.471116138406,"ROA_SQ":4.628805952836,"START_DATE":"2020-01-01 00:00:00","FISCAL_YEAR":"12-31","CURRENCY":"HKD","IS_CNY_CODE":0,"DPS_HKD_LY":0.08,"ORG_TYPE":"一般企业","PREMIUM_INCOME":null,"PREMIUM_INCOME_YOY":null,"NET_INTEREST_INCOME":null,"NET_INTEREST_INCOME_YOY":null,"FEE_COMMISSION_INCOME":null,"FEE_COMMISSION_INCOME_YOY":null,"ACCOUNTS_RECE_TDAYS":null,"INVENTORY_TDAYS":2854.28169014085,"CURRENT_ASSETS_TDAYS":0.944381473145,"TOTAL_ASSETS_TDAYS":0.137743195926,"PREMIUM_EXPENSE":null,"LOAN_DEPOSIT":null,"LOAN_EQUITY":null,"LOAN_ASSETS":null,"DEPOSIT_EQUITY":null,"DEPOSIT_ASSETS":null,"EQUITY_MULTIPLIER":2.264133174108,"EQUITY_RATIO":1.274371721581}],"count":23},"success":true,"message":"ok","code":0}