{"version":"9111db7364ad94ff6b008d1223879f64","result":{"pages":3,"data":[{"SECUCODE":"01560.HK","SECURITY_CODE":"01560","SECURITY_NAME_ABBR":"星星集团","ORG_CODE":"10522847","STD_REPORT_DATE":"2024-06-30 00:00:00","REPORT_DATE":"2024-06-30 00:00:00","DATE_TYPE_CODE":"002","REPORT_TYPE":"2024年中报","PER_NETCASH_OPERATE":0.64247750484,"PER_OI":0.736862996112,"BPS":1.711074750412,"BASIC_EPS":-0.310950076,"DILUTED_EPS":-0.310950076,"OPERATE_INCOME":472696138.28,"OPERATE_INCOME_YOY":223.1069160418,"GROSS_PROFIT":-74167114.84,"GROSS_PROFIT_YOY":-375.339886362241,"HOLDER_PROFIT":-199455261.84,"HOLDER_PROFIT_YOY":-634.9026465346,"GROSS_PROFIT_RATIO":-15.690230749477,"EPS_TTM":-0.68434542817,"OPERATE_INCOME_QOQ":28.827567983367,"NET_PROFIT_RATIO":-41.9069703681,"ROE_AVG":-16.60149402659,"GROSS_PROFIT_QOQ":-90704.3718632547,"ROA":-5.892445836336,"HOLDER_PROFIT_QOQ":-64.441588253997,"ROE_YEARLY":-33.202988053181,"ROIC_YEARLY":-11.845409326624,"TOTAL_ASSETS":3098878077.48,"TOTAL_LIABILITIES":2014291148.76,"TAX_EBT":0.059859560262,"OCF_SALES":87.190903632021,"TOTAL_PARENT_EQUITY":1097651030.24,"DEBT_ASSET_RATIO":65.0006582511,"OPERATE_PROFIT":-121358146.92,"PRETAX_PROFIT":-198211279,"NETCASH_OPERATE":412148034.4,"NETCASH_INVEST":156068.28,"NETCASH_FINANCE":-435870412.96,"END_CASH":19255722.64,"DIVI_RATIO":null,"DIVIDEND_RATE":null,"CURRENT_RATIO":1.226041874801,"COMMON_ACS":1000000000,"CURRENTDEBT_DEBT":93.65493630061,"ISSUED_COMMON_SHARES":641498000,"HK_COMMON_SHARES":641498000,"PER_SHARES":2000,"TOTAL_MARKET_CAP":91092716,"HKSK_MARKET_CAP":91092716,"PE_TTM":-0.188443255633,"PB_TTM":0.075742196516,"REPORT_DATE_SQ":"2023-06-30 00:00:00","REPORT_TYPE_SQ":"2023年中报","OPERATE_INCOME_SQ":147787862.12,"DPS_HKD":null,"OPERATE_INCOME_QOQ_SQ":-0.911401025925,"NET_PROFIT_RATIO_SQ":-18.4585823549,"HOLDER_PROFIT_SQ":-27416919.26,"HOLDER_PROFIT_QOQ_SQ":-27.126191985475,"ROE_AVG_SQ":-1.733977819288,"PE_TTM_SQ":0.59106411137,"PB_TTM_SQ":0.082998249815,"ROA_SQ":-0.569133325754,"START_DATE":"2024-01-01 00:00:00","FISCAL_YEAR":"12-31","CURRENCY":"HKD","IS_CNY_CODE":0,"DPS_HKD_LY":null,"ORG_TYPE":"一般企业","PREMIUM_INCOME":null,"PREMIUM_INCOME_YOY":null,"NET_INTEREST_INCOME":null,"NET_INTEREST_INCOME_YOY":null,"FEE_COMMISSION_INCOME":null,"FEE_COMMISSION_INCOME_YOY":null,"ACCOUNTS_RECE_TDAYS":10.061798189377,"INVENTORY_TDAYS":0.228863943971,"CURRENT_ASSETS_TDAYS":0.182004558891,"TOTAL_ASSETS_TDAYS":0.13964717532,"PREMIUM_EXPENSE":null,"LOAN_DEPOSIT":null,"LOAN_EQUITY":null,"LOAN_ASSETS":null,"DEPOSIT_EQUITY":null,"DEPOSIT_ASSETS":null,"EQUITY_MULTIPLIER":2.857196592937,"EQUITY_RATIO":1.835092477725},{"SECUCODE":"01560.HK","SECURITY_CODE":"01560","SECURITY_NAME_ABBR":"星星集团","ORG_CODE":"10522847","STD_REPORT_DATE":"2023-12-31 00:00:00","REPORT_DATE":"2023-12-31 00:00:00","DATE_TYPE_CODE":"001","REPORT_TYPE":"2023年年报","PER_NETCASH_OPERATE":1.195739474917,"PER_OI":1.75694215134,"BPS":2.02022425052,"BASIC_EPS":-0.416136224,"DILUTED_EPS":-0.416136224,"OPERATE_INCOME":1127074876.2,"OPERATE_INCOME_YOY":-26.8106236436,"GROSS_PROFIT":-111465.06,"GROSS_PROFIT_YOY":-100.020453004598,"HOLDER_PROFIT":-266967880.9,"HOLDER_PROFIT_YOY":-189.2893405631,"GROSS_PROFIT_RATIO":-0.009889765299,"EPS_TTM":-0.416163231842,"OPERATE_INCOME_QOQ":-25.066632073481,"NET_PROFIT_RATIO":-23.9772133375,"ROE_AVG":-18.647566406972,"GROSS_PROFIT_QOQ":-100.021552656999,"ROA":-6.453120112434,"HOLDER_PROFIT_QOQ":-224.302265890933,"ROE_YEARLY":-18.647566406972,"ROIC_YEARLY":-6.507586680383,"TOTAL_ASSETS":3645001708.88,"TOTAL_LIABILITIES":2363356512.16,"TAX_EBT":0.985144800016,"OCF_SALES":68.057987794582,"TOTAL_PARENT_EQUITY":1295969816.26,"DEBT_ASSET_RATIO":64.8382826928,"OPERATE_PROFIT":-183133468.7,"PRETAX_PROFIT":-272929902.28,"NETCASH_OPERATE":767064481.68,"NETCASH_INVEST":57236855.2,"NETCASH_FINANCE":-833475908.16,"END_CASH":42518936.18,"DIVI_RATIO":null,"DIVIDEND_RATE":null,"CURRENT_RATIO":1.301174191687,"COMMON_ACS":1000000000,"CURRENTDEBT_DEBT":93.037461156903,"ISSUED_COMMON_SHARES":641498000,"HK_COMMON_SHARES":641498000,"PER_SHARES":2000,"TOTAL_MARKET_CAP":96224700,"HKSK_MARKET_CAP":96224700,"PE_TTM":-0.199059777077,"PB_TTM":0.080009362517,"REPORT_DATE_SQ":"2022-12-31 00:00:00","REPORT_TYPE_SQ":"2022年年报","OPERATE_INCOME_SQ":1517937284.08,"DPS_HKD":null,"OPERATE_INCOME_QOQ_SQ":696.07101384486,"NET_PROFIT_RATIO_SQ":19.4848596837,"HOLDER_PROFIT_SQ":294719250.91,"HOLDER_PROFIT_QOQ_SQ":572.312785269322,"ROE_AVG_SQ":21.139523559337,"PE_TTM_SQ":0.67166376292,"PB_TTM_SQ":0.094316192972,"ROA_SQ":6.339250271779,"START_DATE":"2023-01-01 00:00:00","FISCAL_YEAR":"12-31","CURRENCY":"HKD","IS_CNY_CODE":0,"DPS_HKD_LY":null,"ORG_TYPE":"一般企业","PREMIUM_INCOME":null,"PREMIUM_INCOME_YOY":null,"NET_INTEREST_INCOME":null,"NET_INTEREST_INCOME_YOY":null,"FEE_COMMISSION_INCOME":null,"FEE_COMMISSION_INCOME_YOY":null,"ACCOUNTS_RECE_TDAYS":21.421116086807,"INVENTORY_TDAYS":0.367659801629,"CURRENT_ASSETS_TDAYS":0.346905213104,"TOTAL_ASSETS_TDAYS":0.272435377893,"PREMIUM_EXPENSE":null,"LOAN_DEPOSIT":null,"LOAN_EQUITY":null,"LOAN_ASSETS":null,"DEPOSIT_EQUITY":null,"DEPOSIT_ASSETS":null,"EQUITY_MULTIPLIER":2.844002160825,"EQUITY_RATIO":1.823620027649},{"SECUCODE":"01560.HK","SECURITY_CODE":"01560","SECURITY_NAME_ABBR":"星星集团","ORG_CODE":"10522847","STD_REPORT_DATE":"2023-06-30 00:00:00","REPORT_DATE":"2023-06-30 00:00:00","DATE_TYPE_CODE":"002","REPORT_TYPE":"2023年中报","PER_NETCASH_OPERATE":-0.010989058547,"PER_OI":0.230379303006,"BPS":2.443853942117,"BASIC_EPS":-0.042779872,"DILUTED_EPS":-0.042779872,"OPERATE_INCOME":147787862.12,"OPERATE_INCOME_YOY":-15.1838721625,"GROSS_PROFIT":26936567.68,"GROSS_PROFIT_YOY":-50.793979224699,"HOLDER_PROFIT":-27416919.26,"HOLDER_PROFIT_YOY":-148.412672571,"GROSS_PROFIT_RATIO":18.226508790098,"EPS_TTM":0.334799393124,"OPERATE_INCOME_QOQ":-0.911401025925,"NET_PROFIT_RATIO":-18.4585823549,"ROE_AVG":-1.733977819288,"GROSS_PROFIT_QOQ":-5.102166293098,"ROA":-0.569133325754,"HOLDER_PROFIT_QOQ":-27.126191985475,"ROE_YEARLY":-3.467955638577,"ROIC_YEARLY":-1.153981341375,"TOTAL_ASSETS":4925047515.68,"TOTAL_LIABILITIES":3368426270.6,"TAX_EBT":0.691414378734,"OCF_SALES":-4.769985152283,"TOTAL_PARENT_EQUITY":1567727416.16,"DEBT_ASSET_RATIO":68.3937821894,"OPERATE_PROFIT":-20607174.98,"PRETAX_PROFIT":-27469472.12,"NETCASH_OPERATE":-7049459.08,"NETCASH_INVEST":2868279.78,"NETCASH_FINANCE":51703716.42,"END_CASH":100537309.1,"DIVI_RATIO":null,"DIVIDEND_RATE":null,"CURRENT_RATIO":1.240084613901,"COMMON_ACS":1000000000,"CURRENTDEBT_DEBT":95.220735355703,"ISSUED_COMMON_SHARES":641498000,"HK_COMMON_SHARES":641498000,"PER_SHARES":2000,"TOTAL_MARKET_CAP":96224700,"HKSK_MARKET_CAP":96224700,"PE_TTM":-0.199059777077,"PB_TTM":0.080009362517,"REPORT_DATE_SQ":"2022-06-30 00:00:00","REPORT_TYPE_SQ":"2022年中报","OPERATE_INCOME_SQ":161622358.1,"DPS_HKD":null,"OPERATE_INCOME_QOQ_SQ":197.334769156032,"NET_PROFIT_RATIO_SQ":31.9514260014,"HOLDER_PROFIT_SQ":52529190.56,"HOLDER_PROFIT_QOQ_SQ":244.385811653506,"ROE_AVG_SQ":4.31324385796,"PE_TTM_SQ":0.67166376292,"PB_TTM_SQ":0.094316192972,"ROA_SQ":1.123448568629,"START_DATE":"2023-01-01 00:00:00","FISCAL_YEAR":"12-31","CURRENCY":"HKD","IS_CNY_CODE":0,"DPS_HKD_LY":null,"ORG_TYPE":"一般企业","PREMIUM_INCOME":null,"PREMIUM_INCOME_YOY":null,"NET_INTEREST_INCOME":null,"NET_INTEREST_INCOME_YOY":null,"FEE_COMMISSION_INCOME":null,"FEE_COMMISSION_INCOME_YOY":null,"ACCOUNTS_RECE_TDAYS":null,"INVENTORY_TDAYS":0.033559077987,"CURRENT_ASSETS_TDAYS":0.038498460604,"TOTAL_ASSETS_TDAYS":0.030678500628,"PREMIUM_EXPENSE":null,"LOAN_DEPOSIT":null,"LOAN_EQUITY":null,"LOAN_ASSETS":null,"DEPOSIT_EQUITY":null,"DEPOSIT_ASSETS":null,"EQUITY_MULTIPLIER":3.163934406807,"EQUITY_RATIO":2.148604557067},{"SECUCODE":"01560.HK","SECURITY_CODE":"01560","SECURITY_NAME_ABBR":"星星集团","ORG_CODE":"10522847","STD_REPORT_DATE":"2022-12-31 00:00:00","REPORT_DATE":"2022-12-31 00:00:00","DATE_TYPE_CODE":"001","REPORT_TYPE":"2022年年报","PER_NETCASH_OPERATE":1.123614625657,"PER_OI":2.366238529317,"BPS":2.408320519705,"BASIC_EPS":0.459408761,"DILUTED_EPS":0.21795788,"OPERATE_INCOME":1517937284.08,"OPERATE_INCOME_YOY":2066.4847773981,"GROSS_PROFIT":544981347.19,"GROSS_PROFIT_YOY":963.352178510513,"HOLDER_PROFIT":294719250.91,"HOLDER_PROFIT_YOY":988.4930252599,"GROSS_PROFIT_RATIO":35.902757834972,"EPS_TTM":0.459423491437,"OPERATE_INCOME_QOQ":696.07101384486,"NET_PROFIT_RATIO":19.4848596837,"ROE_AVG":21.139523559337,"GROSS_PROFIT_QOQ":602.199655004846,"ROA":6.339250271779,"HOLDER_PROFIT_QOQ":572.312785269322,"ROE_YEARLY":21.139523559337,"ROIC_YEARLY":6.419201590729,"TOTAL_ASSETS":4562919633.16,"TOTAL_LIABILITIES":3028880264.06,"TAX_EBT":11.179932615134,"OCF_SALES":47.485264555371,"TOTAL_PARENT_EQUITY":1544932796.75,"DEBT_ASSET_RATIO":66.3803114578,"OPERATE_PROFIT":350503962.41,"PRETAX_PROFIT":332996763.68,"NETCASH_OPERATE":720796535.13,"NETCASH_INVEST":-116199241.41,"NETCASH_FINANCE":-635807254.25,"END_CASH":51363918.27,"DIVI_RATIO":null,"DIVIDEND_RATE":null,"CURRENT_RATIO":1.247944017446,"COMMON_ACS":1000000000,"CURRENTDEBT_DEBT":94.841331399461,"ISSUED_COMMON_SHARES":641498000,"HK_COMMON_SHARES":641498000,"PER_SHARES":2000,"TOTAL_MARKET_CAP":96224700,"HKSK_MARKET_CAP":96224700,"PE_TTM":-0.199059777077,"PB_TTM":0.080009362517,"REPORT_DATE_SQ":"2021-12-31 00:00:00","REPORT_TYPE_SQ":"2021年年报","OPERATE_INCOME_SQ":64129273.6,"DPS_HKD":null,"OPERATE_INCOME_QOQ_SQ":-32.618779544494,"NET_PROFIT_RATIO_SQ":-47.8683257688,"HOLDER_PROFIT_SQ":-30360758.4,"HOLDER_PROFIT_QOQ_SQ":-15.59006077866,"ROE_AVG_SQ":-2.638579796895,"PE_TTM_SQ":0.67166376292,"PB_TTM_SQ":0.094316192972,"ROA_SQ":-0.787178241371,"START_DATE":"2022-01-01 00:00:00","FISCAL_YEAR":"12-31","CURRENCY":"HKD","IS_CNY_CODE":0,"DPS_HKD_LY":null,"ORG_TYPE":"一般企业","PREMIUM_INCOME":null,"PREMIUM_INCOME_YOY":null,"NET_INTEREST_INCOME":null,"NET_INTEREST_INCOME_YOY":null,"FEE_COMMISSION_INCOME":null,"FEE_COMMISSION_INCOME_YOY":null,"ACCOUNTS_RECE_TDAYS":23.669494240386,"INVENTORY_TDAYS":0.281766097098,"CURRENT_ASSETS_TDAYS":0.414774054483,"TOTAL_ASSETS_TDAYS":0.326500027091,"PREMIUM_EXPENSE":null,"LOAN_DEPOSIT":null,"LOAN_EQUITY":null,"LOAN_ASSETS":null,"DEPOSIT_EQUITY":null,"DEPOSIT_ASSETS":null,"EQUITY_MULTIPLIER":2.974447543572,"EQUITY_RATIO":1.960525577832},{"SECUCODE":"01560.HK","SECURITY_CODE":"01560","SECURITY_NAME_ABBR":"星星集团","ORG_CODE":"10522847","STD_REPORT_DATE":"2022-06-30 00:00:00","REPORT_DATE":"2022-06-30 00:00:00","DATE_TYPE_CODE":"002","REPORT_TYPE":"2022年中报","PER_NETCASH_OPERATE":0.105775934687,"PER_OI":0.251945225238,"BPS":1.94128468611,"BASIC_EPS":0.081927202,"DILUTED_EPS":0.037371803,"OPERATE_INCOME":161622358.1,"OPERATE_INCOME_YOY":348.3642143721,"GROSS_PROFIT":54742422.28,"GROSS_PROFIT_YOY":92.869909054073,"HOLDER_PROFIT":52529190.56,"HOLDER_PROFIT_YOY":335.8741983795,"GROSS_PROFIT_RATIO":33.870575162707,"EPS_TTM":0.068334784271,"OPERATE_INCOME_QOQ":197.334769156032,"NET_PROFIT_RATIO":31.9514260014,"ROE_AVG":4.31324385796,"GROSS_PROFIT_QOQ":51.431600817744,"ROA":1.123448568629,"HOLDER_PROFIT_QOQ":244.385811653506,"ROE_YEARLY":8.62648771592,"ROIC_YEARLY":2.281693536359,"TOTAL_ASSETS":4817967711.62,"TOTAL_LIABILITIES":3581951342.34,"TAX_EBT":5.590906958928,"OCF_SALES":41.98370284142,"TOTAL_PARENT_EQUITY":1245330243.57,"DEBT_ASSET_RATIO":74.3456900656,"OPERATE_PROFIT":60394372.99,"PRETAX_PROFIT":54698807.59,"NETCASH_OPERATE":67855050.55,"NETCASH_INVEST":-31085301.31,"NETCASH_FINANCE":-37394037.94,"END_CASH":79797778.9,"DIVI_RATIO":null,"DIVIDEND_RATE":null,"CURRENT_RATIO":1.657548424138,"COMMON_ACS":1000000000,"CURRENTDEBT_DEBT":66.367942975099,"ISSUED_COMMON_SHARES":641498000,"HK_COMMON_SHARES":641498000,"PER_SHARES":2000,"TOTAL_MARKET_CAP":96224700,"HKSK_MARKET_CAP":96224700,"PE_TTM":-0.199059777077,"PB_TTM":0.080009362517,"REPORT_DATE_SQ":"2021-06-30 00:00:00","REPORT_TYPE_SQ":"2021年中报","OPERATE_INCOME_SQ":35073004.08,"DPS_HKD":null,"OPERATE_INCOME_QOQ_SQ":6.90039405532,"NET_PROFIT_RATIO_SQ":-60.4018884487,"HOLDER_PROFIT_SQ":-21668195.28,"HOLDER_PROFIT_QOQ_SQ":-110.167587698349,"ROE_AVG_SQ":-1.84252793049,"PE_TTM_SQ":0.67166376292,"PB_TTM_SQ":0.094316192972,"ROA_SQ":-0.619052560275,"START_DATE":"2022-01-01 00:00:00","FISCAL_YEAR":"12-31","CURRENCY":"HKD","IS_CNY_CODE":0,"DPS_HKD_LY":null,"ORG_TYPE":"一般企业","PREMIUM_INCOME":null,"PREMIUM_INCOME_YOY":null,"NET_INTEREST_INCOME":null,"NET_INTEREST_INCOME_YOY":null,"FEE_COMMISSION_INCOME":null,"FEE_COMMISSION_INCOME_YOY":null,"ACCOUNTS_RECE_TDAYS":null,"INVENTORY_TDAYS":0.030473367623,"CURRENT_ASSETS_TDAYS":0.043009264891,"TOTAL_ASSETS_TDAYS":0.034566382031,"PREMIUM_EXPENSE":null,"LOAN_DEPOSIT":null,"LOAN_EQUITY":null,"LOAN_ASSETS":null,"DEPOSIT_EQUITY":null,"DEPOSIT_ASSETS":null,"EQUITY_MULTIPLIER":3.897980505253,"EQUITY_RATIO":2.876306394095},{"SECUCODE":"01560.HK","SECURITY_CODE":"01560","SECURITY_NAME_ABBR":"星星集团","ORG_CODE":"10522847","STD_REPORT_DATE":"2021-12-31 00:00:00","REPORT_DATE":"2021-12-31 00:00:00","DATE_TYPE_CODE":"001","REPORT_TYPE":"2021年年报","PER_NETCASH_OPERATE":-1.110819166389,"PER_OI":0.099968002394,"BPS":1.77407007972,"BASIC_EPS":-0.04733904,"DILUTED_EPS":-0.04733904,"OPERATE_INCOME":64129273.6,"OPERATE_INCOME_YOY":-25.8512790456,"GROSS_PROFIT":51251256,"GROSS_PROFIT_YOY":-14.152072071996,"HOLDER_PROFIT":-30360758.4,"HOLDER_PROFIT_YOY":-112.0982875909,"GROSS_PROFIT_RATIO":79.918659799072,"EPS_TTM":-0.047327908115,"OPERATE_INCOME_QOQ":-32.618779544494,"NET_PROFIT_RATIO":-47.8683257688,"ROE_AVG":-2.638579796895,"GROSS_PROFIT_QOQ":-19.311058508927,"ROA":-0.787178241371,"HOLDER_PROFIT_QOQ":-15.59006077866,"ROE_YEARLY":-2.638579796895,"ROIC_YEARLY":-0.798239462165,"TOTAL_ASSETS":4334182630.4,"TOTAL_LIABILITIES":3204050124.8,"TAX_EBT":-4.291547457015,"OCF_SALES":-1111.17471569177,"TOTAL_PARENT_EQUITY":1138062408,"DEBT_ASSET_RATIO":73.9251295579,"OPERATE_PROFIT":-15332452.8,"PRETAX_PROFIT":-29434417.6,"NETCASH_OPERATE":-712588273.6,"NETCASH_INVEST":9377872,"NETCASH_FINANCE":737075393.6,"END_CASH":76887104,"DIVI_RATIO":null,"DIVIDEND_RATE":null,"CURRENT_RATIO":1.5865074239,"COMMON_ACS":1000000000,"CURRENTDEBT_DEBT":67.242669274236,"ISSUED_COMMON_SHARES":641498000,"HK_COMMON_SHARES":641498000,"PER_SHARES":2000,"TOTAL_MARKET_CAP":96224700,"HKSK_MARKET_CAP":96224700,"PE_TTM":-0.199059777077,"PB_TTM":0.080009362517,"REPORT_DATE_SQ":"2020-12-31 00:00:00","REPORT_TYPE_SQ":"2020年年报","OPERATE_INCOME_SQ":89030362.48,"DPS_HKD":null,"OPERATE_INCOME_QOQ_SQ":-1.073667065411,"NET_PROFIT_RATIO_SQ":286.2386795485,"HOLDER_PROFIT_SQ":258329615.04,"HOLDER_PROFIT_QOQ_SQ":-21.234901208176,"ROE_AVG_SQ":25.829623583072,"PE_TTM_SQ":0.67166376292,"PB_TTM_SQ":0.094316192972,"ROA_SQ":8.052500658829,"START_DATE":"2021-01-01 00:00:00","FISCAL_YEAR":"12-31","CURRENCY":"HKD","IS_CNY_CODE":0,"DPS_HKD_LY":null,"ORG_TYPE":"一般企业","PREMIUM_INCOME":null,"PREMIUM_INCOME_YOY":null,"NET_INTEREST_INCOME":null,"NET_INTEREST_INCOME_YOY":null,"FEE_COMMISSION_INCOME":null,"FEE_COMMISSION_INCOME_YOY":null,"ACCOUNTS_RECE_TDAYS":1.221858740692,"INVENTORY_TDAYS":0.004757323208,"CURRENT_ASSETS_TDAYS":0.02202372838,"TOTAL_ASSETS_TDAYS":0.01662711061,"PREMIUM_EXPENSE":null,"LOAN_DEPOSIT":null,"LOAN_EQUITY":null,"LOAN_ASSETS":null,"DEPOSIT_EQUITY":null,"DEPOSIT_ASSETS":null,"EQUITY_MULTIPLIER":3.835110138785,"EQUITY_RATIO":2.81535538146},{"SECUCODE":"01560.HK","SECURITY_CODE":"01560","SECURITY_NAME_ABBR":"星星集团","ORG_CODE":"10522847","STD_REPORT_DATE":"2021-06-30 00:00:00","REPORT_DATE":"2021-06-30 00:00:00","DATE_TYPE_CODE":"002","REPORT_TYPE":"2021年中报","PER_NETCASH_OPERATE":0.010328719715,"PER_OI":0.054673598484,"BPS":1.821007893275,"BASIC_EPS":-0.033782448,"DILUTED_EPS":-0.033782448,"OPERATE_INCOME":35073004.08,"OPERATE_INCOME_YOY":33.0902087083,"GROSS_PROFIT":28383080.88,"GROSS_PROFIT_YOY":15.537803949653,"HOLDER_PROFIT":-21668195.28,"HOLDER_PROFIT_YOY":-109.0469457308,"GROSS_PROFIT_RATIO":80.925719437261,"EPS_TTM":-0.04094461738,"OPERATE_INCOME_QOQ":6.90039405532,"NET_PROFIT_RATIO":-60.4018884487,"ROE_AVG":-1.84252793049,"GROSS_PROFIT_QOQ":6.393672220254,"ROA":-0.619052560275,"HOLDER_PROFIT_QOQ":-110.167587698349,"ROE_YEARLY":-3.685055860981,"ROIC_YEARLY":-1.260402367036,"TOTAL_ASSETS":3560945437.68,"TOTAL_LIABILITIES":2399921747.52,"TAX_EBT":-4.511309059562,"OCF_SALES":18.89160399516,"TOTAL_PARENT_EQUITY":1168172921.52,"DEBT_ASSET_RATIO":67.3956338147,"OPERATE_PROFIT":-6721542.24,"PRETAX_PROFIT":-20270300.88,"NETCASH_OPERATE":6625853.04,"NETCASH_INVEST":-1546836.72,"NETCASH_FINANCE":41775408.48,"END_CASH":92999085.36,"DIVI_RATIO":null,"DIVIDEND_RATE":null,"CURRENT_RATIO":1.17159890889,"COMMON_ACS":1000000000,"CURRENTDEBT_DEBT":94.234953769515,"ISSUED_COMMON_SHARES":641498000,"HK_COMMON_SHARES":641498000,"PER_SHARES":2000,"TOTAL_MARKET_CAP":96224700,"HKSK_MARKET_CAP":96224700,"PE_TTM":-0.199059777077,"PB_TTM":0.080009362517,"REPORT_DATE_SQ":"2020-06-30 00:00:00","REPORT_TYPE_SQ":"2020年中报","OPERATE_INCOME_SQ":28929558.24,"DPS_HKD":null,"OPERATE_INCOME_QOQ_SQ":-16.262569319208,"NET_PROFIT_RATIO_SQ":5580.0797448166,"HOLDER_PROFIT_SQ":262927309.92,"HOLDER_PROFIT_QOQ_SQ":6296.45557368388,"ROE_AVG_SQ":34.91247713453,"PE_TTM_SQ":0.67166376292,"PB_TTM_SQ":0.094316192972,"ROA_SQ":10.883498228232,"START_DATE":"2021-01-01 00:00:00","FISCAL_YEAR":"12-31","CURRENCY":"HKD","IS_CNY_CODE":0,"DPS_HKD_LY":null,"ORG_TYPE":"一般企业","PREMIUM_INCOME":null,"PREMIUM_INCOME_YOY":null,"NET_INTEREST_INCOME":null,"NET_INTEREST_INCOME_YOY":null,"FEE_COMMISSION_INCOME":null,"FEE_COMMISSION_INCOME_YOY":null,"ACCOUNTS_RECE_TDAYS":0.802662147237,"INVENTORY_TDAYS":0.002901045134,"CURRENT_ASSETS_TDAYS":0.013760080489,"TOTAL_ASSETS_TDAYS":0.010020231354,"PREMIUM_EXPENSE":null,"LOAN_DEPOSIT":null,"LOAN_EQUITY":null,"LOAN_ASSETS":null,"DEPOSIT_EQUITY":null,"DEPOSIT_ASSETS":null,"EQUITY_MULTIPLIER":3.06707388304,"EQUITY_RATIO":2.05442336773},{"SECUCODE":"01560.HK","SECURITY_CODE":"01560","SECURITY_NAME_ABBR":"星星集团","ORG_CODE":"10522847","STD_REPORT_DATE":"2020-12-31 00:00:00","REPORT_DATE":"2020-12-31 00:00:00","DATE_TYPE_CODE":"001","REPORT_TYPE":"2020年年报","PER_NETCASH_OPERATE":-0.150460510929,"PER_OI":0.138785097506,"BPS":1.866624268883,"BASIC_EPS":0.40272474,"DILUTED_EPS":0.317550772,"OPERATE_INCOME":89030362.48,"OPERATE_INCOME_YOY":-39.3590919514,"GROSS_PROFIT":59700050.12,"GROSS_PROFIT_YOY":-37.541344122069,"HOLDER_PROFIT":258329615.04,"HOLDER_PROFIT_YOY":1197.1684557518,"GROSS_PROFIT_RATIO":67.055831805033,"EPS_TTM":0.402697459758,"OPERATE_INCOME_QOQ":-1.073667065411,"NET_PROFIT_RATIO":286.2386795485,"ROE_AVG":25.829623583072,"GROSS_PROFIT_QOQ":19.772611170359,"ROA":8.052500658829,"HOLDER_PROFIT_QOQ":-21.234901208176,"ROE_YEARLY":25.829623583072,"ROIC_YEARLY":8.172171097045,"TOTAL_ASSETS":3479009837.12,"TOTAL_LIABILITIES":2289200201.92,"TAX_EBT":2.260549013532,"OCF_SALES":-108.412584371632,"TOTAL_PARENT_EQUITY":1197435735.24,"DEBT_ASSET_RATIO":65.8003371389,"OPERATE_PROFIT":281140583.96,"PRETAX_PROFIT":260733338.88,"NETCASH_OPERATE":-96520116.84,"NETCASH_INVEST":783145178.36,"NETCASH_FINANCE":-713830232.88,"END_CASH":46674829.48,"DIVI_RATIO":null,"DIVIDEND_RATE":null,"CURRENT_RATIO":1.150611715274,"COMMON_ACS":1000000000,"CURRENTDEBT_DEBT":94.012488565874,"ISSUED_COMMON_SHARES":641498000,"HK_COMMON_SHARES":641498000,"PER_SHARES":2000,"TOTAL_MARKET_CAP":96224700,"HKSK_MARKET_CAP":96224700,"PE_TTM":-0.199059777077,"PB_TTM":0.080009362517,"REPORT_DATE_SQ":"2019-12-31 00:00:00","REPORT_TYPE_SQ":"2019年年报","OPERATE_INCOME_SQ":156259863.2,"DPS_HKD":null,"OPERATE_INCOME_QOQ_SQ":-82.386663397382,"NET_PROFIT_RATIO_SQ":4.414939281,"HOLDER_PROFIT_SQ":21195946.36,"HOLDER_PROFIT_QOQ_SQ":-97.112730165612,"ROE_AVG_SQ":0.660069812415,"PE_TTM_SQ":0.67166376292,"PB_TTM_SQ":0.094316192972,"ROA_SQ":0.168030396945,"START_DATE":"2020-01-01 00:00:00","FISCAL_YEAR":"12-31","CURRENCY":"HKD","IS_CNY_CODE":0,"DPS_HKD_LY":0.022,"ORG_TYPE":"一般企业","PREMIUM_INCOME":null,"PREMIUM_INCOME_YOY":null,"NET_INTEREST_INCOME":null,"NET_INTEREST_INCOME_YOY":null,"FEE_COMMISSION_INCOME":null,"FEE_COMMISSION_INCOME_YOY":null,"ACCOUNTS_RECE_TDAYS":2.081523824516,"INVENTORY_TDAYS":0.011821298894,"CURRENT_ASSETS_TDAYS":0.034085160379,"TOTAL_ASSETS_TDAYS":0.027752027286,"PREMIUM_EXPENSE":null,"LOAN_DEPOSIT":null,"LOAN_EQUITY":null,"LOAN_ASSETS":null,"DEPOSIT_EQUITY":null,"DEPOSIT_ASSETS":null,"EQUITY_MULTIPLIER":2.924005432631,"EQUITY_RATIO":1.911752033575},{"SECUCODE":"01560.HK","SECURITY_CODE":"01560","SECURITY_NAME_ABBR":"星星集团","ORG_CODE":"10522847","STD_REPORT_DATE":"2020-06-30 00:00:00","REPORT_DATE":"2020-06-30 00:00:00","DATE_TYPE_CODE":"002","REPORT_TYPE":"2020年中报","PER_NETCASH_OPERATE":-0.189709905004,"PER_OI":0.045096879866,"BPS":1.499339187215,"BASIC_EPS":0.409860528,"DILUTED_EPS":0.409860528,"OPERATE_INCOME":28929558.24,"OPERATE_INCOME_YOY":-76.2319939348,"GROSS_PROFIT":24566055.36,"GROSS_PROFIT_YOY":42.149861983477,"HOLDER_PROFIT":262927309.92,"HOLDER_PROFIT_YOY":10909.0095649491,"GROSS_PROFIT_RATIO":90.717703349282,"EPS_TTM":0.511263828695,"OPERATE_INCOME_QOQ":-16.262569319208,"NET_PROFIT_RATIO":5580.0797448166,"ROE_AVG":34.91247713453,"GROSS_PROFIT_QOQ":-19.515626600096,"ROA":10.883498228232,"HOLDER_PROFIT_QOQ":6296.45557368388,"ROE_YEARLY":69.82495426906,"ROIC_YEARLY":22.255568021407,"TOTAL_ASSETS":2692705113.12,"TOTAL_LIABILITIES":1728690680.64,"TAX_EBT":2.42276745124,"OCF_SALES":-2124.89633173844,"TOTAL_PARENT_EQUITY":961823089.92,"DEBT_ASSET_RATIO":64.1990343546,"OPERATE_PROFIT":291413849.76,"PRETAX_PROFIT":267234179.52,"NETCASH_OPERATE":-107116368.48,"NETCASH_INVEST":893489556.96,"NETCASH_FINANCE":-761995301.76,"END_CASH":104540467.68,"DIVI_RATIO":null,"DIVIDEND_RATE":null,"CURRENT_RATIO":1.449756358435,"COMMON_ACS":1000000000,"CURRENTDEBT_DEBT":99.990647321594,"ISSUED_COMMON_SHARES":641498000,"HK_COMMON_SHARES":641498000,"PER_SHARES":2000,"TOTAL_MARKET_CAP":96224700,"HKSK_MARKET_CAP":96224700,"PE_TTM":-0.199059777077,"PB_TTM":0.080009362517,"REPORT_DATE_SQ":"2019-06-30 00:00:00","REPORT_TYPE_SQ":"2019年中报","OPERATE_INCOME_SQ":23205430.8,"DPS_HKD":null,"OPERATE_INCOME_QOQ_SQ":3.683035792911,"NET_PROFIT_RATIO_SQ":-13.1311599697,"HOLDER_PROFIT_SQ":-2850978.06,"HOLDER_PROFIT_QOQ_SQ":5.666386264105,"ROE_AVG_SQ":-0.375815610321,"PE_TTM_SQ":0.67166376292,"PB_TTM_SQ":0.094316192972,"ROA_SQ":-0.096460687433,"START_DATE":"2020-01-01 00:00:00","FISCAL_YEAR":"12-31","CURRENCY":"HKD","IS_CNY_CODE":0,"DPS_HKD_LY":0.022,"ORG_TYPE":"一般企业","PREMIUM_INCOME":null,"PREMIUM_INCOME_YOY":null,"NET_INTEREST_INCOME":null,"NET_INTEREST_INCOME_YOY":null,"FEE_COMMISSION_INCOME":null,"FEE_COMMISSION_INCOME_YOY":null,"ACCOUNTS_RECE_TDAYS":0.811671087533,"INVENTORY_TDAYS":0.000201551252,"CURRENT_ASSETS_TDAYS":0.002087167366,"TOTAL_ASSETS_TDAYS":0.001947920013,"PREMIUM_EXPENSE":null,"LOAN_DEPOSIT":null,"LOAN_EQUITY":null,"LOAN_ASSETS":null,"DEPOSIT_EQUITY":null,"DEPOSIT_ASSETS":null,"EQUITY_MULTIPLIER":2.793220746906,"EQUITY_RATIO":1.797306280913}],"count":21},"success":true,"message":"ok","code":0}