{"version":"b1b0e14ff20817e1440e42a143ded7c5","result":{"pages":3,"data":[{"SECUCODE":"01576.HK","SECURITY_CODE":"01576","SECURITY_NAME_ABBR":"齐鲁高速","ORG_CODE":"10906584","STD_REPORT_DATE":"2024-06-30 00:00:00","REPORT_DATE":"2024-06-30 00:00:00","DATE_TYPE_CODE":"002","REPORT_TYPE":"2024年中报","PER_NETCASH_OPERATE":0.10068,"PER_OI":1.403799,"BPS":1.9363295,"BASIC_EPS":0.12,"DILUTED_EPS":0.12,"OPERATE_INCOME":2807598000,"OPERATE_INCOME_YOY":69.4547820492,"GROSS_PROFIT":356274000,"GROSS_PROFIT_YOY":-20.982698317294,"HOLDER_PROFIT":248588000,"HOLDER_PROFIT_YOY":-17.2677744756,"GROSS_PROFIT_RATIO":12.689637191649,"EPS_TTM":0.2366875,"OPERATE_INCOME_QOQ":20.516867246265,"NET_PROFIT_RATIO":9.0064532031,"ROE_AVG":4.222371052228,"GROSS_PROFIT_QOQ":-11.651337957398,"ROA":1.596938919887,"HOLDER_PROFIT_QOQ":-9.877965198188,"ROE_YEARLY":8.444742104456,"ROIC_YEARLY":3.370955564905,"TOTAL_ASSETS":16626031000,"TOTAL_LIABILITIES":10644842000,"TAX_EBT":24.3980757559,"OCF_SALES":7.171966926889,"TOTAL_PARENT_EQUITY":5849851000,"DEBT_ASSET_RATIO":64.0251542897,"OPERATE_PROFIT":370107000,"PRETAX_PROFIT":334469000,"NETCASH_OPERATE":201360000,"NETCASH_INVEST":-1542214000,"NETCASH_FINANCE":1919922000,"END_CASH":978077000,"DIVI_RATIO":0.629674296192,"DIVIDEND_RATE":6.658259109312,"CURRENT_RATIO":1.169853780122,"COMMON_ACS":null,"CURRENTDEBT_DEBT":16.952914848337,"ISSUED_COMMON_SHARES":2000000000,"HK_COMMON_SHARES":2000000000,"PER_SHARES":1000,"TOTAL_MARKET_CAP":4940000000,"HKSK_MARKET_CAP":4940000000,"PE_TTM":9.390060236603,"PB_TTM":1.164223134544,"REPORT_DATE_SQ":"2023-06-30 00:00:00","REPORT_TYPE_SQ":"2023年中报","OPERATE_INCOME_SQ":1656842000,"DPS_HKD":0.164459,"OPERATE_INCOME_QOQ_SQ":22.810130952405,"NET_PROFIT_RATIO_SQ":18.0068467603,"HOLDER_PROFIT_SQ":300473000,"HOLDER_PROFIT_QOQ_SQ":-13.38534024314,"ROE_AVG_SQ":5.312546825998,"PE_TTM_SQ":5.417392027297,"PB_TTM_SQ":0.974901828175,"ROA_SQ":2.707360433728,"START_DATE":"2024-01-01 00:00:00","FISCAL_YEAR":"12-31","CURRENCY":"HKD","IS_CNY_CODE":0,"DPS_HKD_LY":0.164459,"ORG_TYPE":"一般企业","PREMIUM_INCOME":null,"PREMIUM_INCOME_YOY":null,"NET_INTEREST_INCOME":null,"NET_INTEREST_INCOME_YOY":null,"FEE_COMMISSION_INCOME":null,"FEE_COMMISSION_INCOME_YOY":null,"ACCOUNTS_RECE_TDAYS":4.936900438107,"INVENTORY_TDAYS":58.99483773149,"CURRENT_ASSETS_TDAYS":1.398080849326,"TOTAL_ASSETS_TDAYS":0.180361180652,"PREMIUM_EXPENSE":null,"LOAN_DEPOSIT":null,"LOAN_EQUITY":null,"LOAN_ASSETS":null,"DEPOSIT_EQUITY":null,"DEPOSIT_ASSETS":null,"EQUITY_MULTIPLIER":2.779720052319,"EQUITY_RATIO":1.819677458452},{"SECUCODE":"01576.HK","SECURITY_CODE":"01576","SECURITY_NAME_ABBR":"齐鲁高速","ORG_CODE":"10906584","STD_REPORT_DATE":"2023-12-31 00:00:00","REPORT_DATE":"2023-12-31 00:00:00","DATE_TYPE_CODE":"001","REPORT_TYPE":"2023年年报","PER_NETCASH_OPERATE":0.482151,"PER_OI":2.8044145,"BPS":1.9684475,"BASIC_EPS":0.25,"DILUTED_EPS":0.25,"OPERATE_INCOME":5608829000,"OPERATE_INCOME_YOY":91.3431064915,"GROSS_PROFIT":811984000,"GROSS_PROFIT_YOY":-29.964369101948,"HOLDER_PROFIT":525260000,"HOLDER_PROFIT_YOY":-32.8046504309,"GROSS_PROFIT_RATIO":14.476889917664,"EPS_TTM":0.26263,"OPERATE_INCOME_QOQ":55.804008193502,"NET_PROFIT_RATIO":9.5189744597,"ROE_AVG":9.107612301744,"GROSS_PROFIT_QOQ":-19.606579321256,"ROA":4.215638505186,"HOLDER_PROFIT_QOQ":-22.420350368284,"ROE_YEARLY":9.107612301744,"ROIC_YEARLY":4.452195246468,"TOTAL_ASSETS":14507032000,"TOTAL_LIABILITIES":8455016000,"TAX_EBT":25.180810856639,"OCF_SALES":17.192572638603,"TOTAL_PARENT_EQUITY":5924955000,"DEBT_ASSET_RATIO":58.2821903198,"OPERATE_PROFIT":742701000,"PRETAX_PROFIT":713591000,"NETCASH_OPERATE":964302000,"NETCASH_INVEST":-4298320000,"NETCASH_FINANCE":3055897000,"END_CASH":398957000,"DIVI_RATIO":0.567475288352,"DIVIDEND_RATE":7.119437229437,"CURRENT_RATIO":1.106059840805,"COMMON_ACS":null,"CURRENTDEBT_DEBT":20.372959672696,"ISSUED_COMMON_SHARES":2000000000,"HK_COMMON_SHARES":2000000000,"PER_SHARES":1000,"TOTAL_MARKET_CAP":4620000000,"HKSK_MARKET_CAP":4620000000,"PE_TTM":8.781797225325,"PB_TTM":1.088807870768,"REPORT_DATE_SQ":"2022-12-31 00:00:00","REPORT_TYPE_SQ":"2022年年报","OPERATE_INCOME_SQ":2931294000,"DPS_HKD":0.164459,"OPERATE_INCOME_QOQ_SQ":41.456698613082,"NET_PROFIT_RATIO_SQ":26.6113190966,"HOLDER_PROFIT_SQ":781691000,"HOLDER_PROFIT_QOQ_SQ":-8.104895877663,"ROE_AVG_SQ":17.367387461166,"PE_TTM_SQ":5.912382161771,"PB_TTM_SQ":1.063979152577,"ROA_SQ":9.171844588655,"START_DATE":"2023-01-01 00:00:00","FISCAL_YEAR":"12-31","CURRENCY":"HKD","IS_CNY_CODE":0,"DPS_HKD_LY":0.196692,"ORG_TYPE":"一般企业","PREMIUM_INCOME":null,"PREMIUM_INCOME_YOY":null,"NET_INTEREST_INCOME":null,"NET_INTEREST_INCOME_YOY":null,"FEE_COMMISSION_INCOME":null,"FEE_COMMISSION_INCOME_YOY":null,"ACCOUNTS_RECE_TDAYS":12.312767888798,"INVENTORY_TDAYS":157.008493854639,"CURRENT_ASSETS_TDAYS":2.597566391866,"TOTAL_ASSETS_TDAYS":0.450154123699,"PREMIUM_EXPENSE":null,"LOAN_DEPOSIT":null,"LOAN_EQUITY":null,"LOAN_ASSETS":null,"DEPOSIT_EQUITY":null,"DEPOSIT_ASSETS":null,"EQUITY_MULTIPLIER":2.397057773804,"EQUITY_RATIO":1.427017757941},{"SECUCODE":"01576.HK","SECURITY_CODE":"01576","SECURITY_NAME_ABBR":"齐鲁高速","ORG_CODE":"10906584","STD_REPORT_DATE":"2023-06-30 00:00:00","REPORT_DATE":"2023-06-30 00:00:00","DATE_TYPE_CODE":"002","REPORT_TYPE":"2023年中报","PER_NETCASH_OPERATE":0.2623905,"PER_OI":0.828421,"BPS":1.86306,"BASIC_EPS":0.15,"DILUTED_EPS":0.15,"OPERATE_INCOME":1656842000,"OPERATE_INCOME_YOY":67.6609222736,"GROSS_PROFIT":450881000,"GROSS_PROFIT_YOY":-24.885090503203,"HOLDER_PROFIT":300473000,"HOLDER_PROFIT_YOY":-25.8283654855,"GROSS_PROFIT_RATIO":27.213276824223,"EPS_TTM":0.3385295,"OPERATE_INCOME_QOQ":22.810130952405,"NET_PROFIT_RATIO":18.0068467603,"ROE_AVG":5.312546825998,"GROSS_PROFIT_QOQ":-12.883877428331,"ROA":2.707360433728,"HOLDER_PROFIT_QOQ":-13.38534024314,"ROE_YEARLY":10.625093651997,"ROIC_YEARLY":5.796141419462,"TOTAL_ASSETS":11784187000,"TOTAL_LIABILITIES":5965644000,"TAX_EBT":25.70776153373,"OCF_SALES":31.673569356644,"TOTAL_PARENT_EQUITY":5702253000,"DEBT_ASSET_RATIO":50.6241457302,"OPERATE_PROFIT":440505000,"PRETAX_PROFIT":401583000,"NETCASH_OPERATE":524781000,"NETCASH_INVEST":-1686598000,"NETCASH_FINANCE":1028525000,"END_CASH":546363000,"DIVI_RATIO":0.44024534045,"DIVIDEND_RATE":7.119437229437,"CURRENT_RATIO":1.151578360591,"COMMON_ACS":null,"CURRENTDEBT_DEBT":26.101490467752,"ISSUED_COMMON_SHARES":2000000000,"HK_COMMON_SHARES":2000000000,"PER_SHARES":1000,"TOTAL_MARKET_CAP":4620000000,"HKSK_MARKET_CAP":4620000000,"PE_TTM":8.781797225325,"PB_TTM":1.088807870768,"REPORT_DATE_SQ":"2022-06-30 00:00:00","REPORT_TYPE_SQ":"2022年中报","OPERATE_INCOME_SQ":988210000,"DPS_HKD":0.164459,"OPERATE_INCOME_QOQ_SQ":3.854590943057,"NET_PROFIT_RATIO_SQ":40.9938171037,"HOLDER_PROFIT_SQ":405105000,"HOLDER_PROFIT_QOQ_SQ":-0.32808629607,"ROE_AVG_SQ":9.393476657638,"PE_TTM_SQ":5.912382161771,"PB_TTM_SQ":1.063979152577,"ROA_SQ":5.204563411767,"START_DATE":"2023-01-01 00:00:00","FISCAL_YEAR":"12-31","CURRENCY":"HKD","IS_CNY_CODE":0,"DPS_HKD_LY":0.196692,"ORG_TYPE":"一般企业","PREMIUM_INCOME":null,"PREMIUM_INCOME_YOY":null,"NET_INTEREST_INCOME":null,"NET_INTEREST_INCOME_YOY":null,"FEE_COMMISSION_INCOME":null,"FEE_COMMISSION_INCOME_YOY":null,"ACCOUNTS_RECE_TDAYS":3.552580851972,"INVENTORY_TDAYS":61.353327228327,"CURRENT_ASSETS_TDAYS":0.787763539045,"TOTAL_ASSETS_TDAYS":0.149286906835,"PREMIUM_EXPENSE":null,"LOAN_DEPOSIT":null,"LOAN_EQUITY":null,"LOAN_ASSETS":null,"DEPOSIT_EQUITY":null,"DEPOSIT_ASSETS":null,"EQUITY_MULTIPLIER":2.025281414952,"EQUITY_RATIO":1.04619068989},{"SECUCODE":"01576.HK","SECURITY_CODE":"01576","SECURITY_NAME_ABBR":"齐鲁高速","ORG_CODE":"10906584","STD_REPORT_DATE":"2022-12-31 00:00:00","REPORT_DATE":"2022-12-31 00:00:00","DATE_TYPE_CODE":"001","REPORT_TYPE":"2022年年报","PER_NETCASH_OPERATE":0.3652395,"PER_OI":1.465647,"BPS":1.8986445,"BASIC_EPS":0.39,"DILUTED_EPS":0.39,"OPERATE_INCOME":2931294000,"OPERATE_INCOME_YOY":46.9092757062,"GROSS_PROFIT":1159387000,"GROSS_PROFIT_YOY":-12.411902867836,"HOLDER_PROFIT":781691000,"HOLDER_PROFIT_YOY":-8.406391121,"GROSS_PROFIT_RATIO":39.552054485152,"EPS_TTM":0.3908455,"OPERATE_INCOME_QOQ":41.456698613082,"NET_PROFIT_RATIO":26.6113190966,"ROE_AVG":17.367387461166,"GROSS_PROFIT_QOQ":-9.799407628936,"ROA":9.171844588655,"HOLDER_PROFIT_QOQ":-8.104895877663,"ROE_YEARLY":17.367387461166,"ROIC_YEARLY":9.983316672995,"TOTAL_ASSETS":10412562000,"TOTAL_LIABILITIES":4684572000,"TAX_EBT":25.104150564415,"OCF_SALES":24.920018258148,"TOTAL_PARENT_EQUITY":5609572000,"DEBT_ASSET_RATIO":44.9896192695,"OPERATE_PROFIT":1124554000,"PRETAX_PROFIT":1041521000,"NETCASH_OPERATE":730479000,"NETCASH_INVEST":-3140078000,"NETCASH_FINANCE":2505603000,"END_CASH":679607000,"DIVI_RATIO":0.381317003727,"DIVIDEND_RATE":7.119437229437,"CURRENT_RATIO":2.177535257654,"COMMON_ACS":null,"CURRENTDEBT_DEBT":23.657870985866,"ISSUED_COMMON_SHARES":2000000000,"HK_COMMON_SHARES":2000000000,"PER_SHARES":1000,"TOTAL_MARKET_CAP":4620000000,"HKSK_MARKET_CAP":4620000000,"PE_TTM":8.781797225325,"PB_TTM":1.088807870768,"REPORT_DATE_SQ":"2021-12-31 00:00:00","REPORT_TYPE_SQ":"2021年年报","OPERATE_INCOME_SQ":1995309000,"DPS_HKD":0.164459,"OPERATE_INCOME_QOQ_SQ":-5.552823296581,"NET_PROFIT_RATIO_SQ":42.7720217771,"HOLDER_PROFIT_SQ":853434000,"HOLDER_PROFIT_QOQ_SQ":-7.326496572933,"ROE_AVG_SQ":27.131583573806,"PE_TTM_SQ":5.912382161771,"PB_TTM_SQ":1.063979152577,"ROA_SQ":12.794217615814,"START_DATE":"2022-01-01 00:00:00","FISCAL_YEAR":"12-31","CURRENCY":"HKD","IS_CNY_CODE":0,"DPS_HKD_LY":0.210957,"ORG_TYPE":"一般企业","PREMIUM_INCOME":null,"PREMIUM_INCOME_YOY":null,"NET_INTEREST_INCOME":null,"NET_INTEREST_INCOME_YOY":null,"FEE_COMMISSION_INCOME":null,"FEE_COMMISSION_INCOME_YOY":null,"ACCOUNTS_RECE_TDAYS":10.623016764636,"INVENTORY_TDAYS":166.595242572396,"CURRENT_ASSETS_TDAYS":1.808632996313,"TOTAL_ASSETS_TDAYS":0.343938628072,"PREMIUM_EXPENSE":null,"LOAN_DEPOSIT":null,"LOAN_EQUITY":null,"LOAN_ASSETS":null,"DEPOSIT_EQUITY":null,"DEPOSIT_ASSETS":null,"EQUITY_MULTIPLIER":1.817838718294,"EQUITY_RATIO":0.835103284172},{"SECUCODE":"01576.HK","SECURITY_CODE":"01576","SECURITY_NAME_ABBR":"齐鲁高速","ORG_CODE":"10906584","STD_REPORT_DATE":"2022-06-30 00:00:00","REPORT_DATE":"2022-06-30 00:00:00","DATE_TYPE_CODE":"002","REPORT_TYPE":"2022年中报","PER_NETCASH_OPERATE":0.2386125,"PER_OI":0.494105,"BPS":1.7159835,"BASIC_EPS":0.2,"DILUTED_EPS":0.2,"OPERATE_INCOME":988210000,"OPERATE_INCOME_YOY":8.4397107865,"GROSS_PROFIT":600255000,"GROSS_PROFIT_YOY":-6.00351084337,"HOLDER_PROFIT":405105000,"HOLDER_PROFIT_YOY":-0.6864343413,"GROSS_PROFIT_RATIO":60.741643982554,"EPS_TTM":0.425317,"OPERATE_INCOME_QOQ":3.854590943057,"NET_PROFIT_RATIO":40.9938171037,"ROE_AVG":9.393476657638,"GROSS_PROFIT_QOQ":-2.89631716403,"ROA":5.204563411767,"HOLDER_PROFIT_QOQ":-0.32808629607,"ROE_YEARLY":18.786953315276,"ROIC_YEARLY":11.580874155101,"TOTAL_ASSETS":8934414000,"TOTAL_LIABILITIES":3701427000,"TAX_EBT":25.088483629142,"OCF_SALES":48.291861041681,"TOTAL_PARENT_EQUITY":5232987000,"DEBT_ASSET_RATIO":41.4288726714,"OPERATE_PROFIT":592212000,"PRETAX_PROFIT":540778000,"NETCASH_OPERATE":477225000,"NETCASH_INVEST":-1926737000,"NETCASH_FINANCE":1849695000,"END_CASH":987615000,"DIVI_RATIO":0.350411657611,"DIVIDEND_RATE":7.119437229437,"CURRENT_RATIO":1.866464312208,"COMMON_ACS":null,"CURRENTDEBT_DEBT":32.558956316037,"ISSUED_COMMON_SHARES":2000000000,"HK_COMMON_SHARES":2000000000,"PER_SHARES":1000,"TOTAL_MARKET_CAP":4620000000,"HKSK_MARKET_CAP":4620000000,"PE_TTM":8.781797225325,"PB_TTM":1.088807870768,"REPORT_DATE_SQ":"2021-06-30 00:00:00","REPORT_TYPE_SQ":"2021年中报","OPERATE_INCOME_SQ":911299000,"DPS_HKD":0.164459,"OPERATE_INCOME_QOQ_SQ":25.041372305769,"NET_PROFIT_RATIO_SQ":44.760830419,"HOLDER_PROFIT_SQ":407905000,"HOLDER_PROFIT_QOQ_SQ":48.347229918682,"ROE_AVG_SQ":13.956098191016,"PE_TTM_SQ":5.912382161771,"PB_TTM_SQ":1.063979152577,"ROA_SQ":6.12560934349,"START_DATE":"2022-01-01 00:00:00","FISCAL_YEAR":"12-31","CURRENCY":"HKD","IS_CNY_CODE":0,"DPS_HKD_LY":0.210957,"ORG_TYPE":"一般企业","PREMIUM_INCOME":null,"PREMIUM_INCOME_YOY":null,"NET_INTEREST_INCOME":null,"NET_INTEREST_INCOME_YOY":null,"FEE_COMMISSION_INCOME":null,"FEE_COMMISSION_INCOME_YOY":null,"ACCOUNTS_RECE_TDAYS":7.381752719015,"INVENTORY_TDAYS":110.717751141553,"CURRENT_ASSETS_TDAYS":0.642213580321,"TOTAL_ASSETS_TDAYS":0.126959716842,"PREMIUM_EXPENSE":null,"LOAN_DEPOSIT":null,"LOAN_EQUITY":null,"LOAN_ASSETS":null,"DEPOSIT_EQUITY":null,"DEPOSIT_ASSETS":null,"EQUITY_MULTIPLIER":1.707325854238,"EQUITY_RATIO":0.70732585424},{"SECUCODE":"01576.HK","SECURITY_CODE":"01576","SECURITY_NAME_ABBR":"齐鲁高速","ORG_CODE":"10906584","STD_REPORT_DATE":"2021-12-31 00:00:00","REPORT_DATE":"2021-12-31 00:00:00","DATE_TYPE_CODE":"001","REPORT_TYPE":"2021年年报","PER_NETCASH_OPERATE":0.673445,"PER_OI":0.9976545,"BPS":1.696127,"BASIC_EPS":0.43,"DILUTED_EPS":0.43,"OPERATE_INCOME":1995309000,"OPERATE_INCOME_YOY":18.098045854,"GROSS_PROFIT":1323681000,"GROSS_PROFIT_YOY":34.63905697398,"HOLDER_PROFIT":853434000,"HOLDER_PROFIT_YOY":37.4785752026,"GROSS_PROFIT_RATIO":66.33964964825,"EPS_TTM":0.426717,"OPERATE_INCOME_QOQ":-5.552823296581,"NET_PROFIT_RATIO":42.7720217771,"ROE_AVG":27.131583573806,"GROSS_PROFIT_QOQ":-7.01614262834,"ROA":12.794217615814,"HOLDER_PROFIT_QOQ":-7.326496572933,"ROE_YEARLY":27.131583573806,"ROIC_YEARLY":13.46245777868,"TOTAL_ASSETS":6632886000,"TOTAL_LIABILITIES":3240632000,"TAX_EBT":25.256695451122,"OCF_SALES":67.502827882799,"TOTAL_PARENT_EQUITY":3392254000,"DEBT_ASSET_RATIO":48.8570435252,"OPERATE_PROFIT":1268864000,"PRETAX_PROFIT":1141820000,"NETCASH_OPERATE":1346890000,"NETCASH_INVEST":336473000,"NETCASH_FINANCE":-1170262000,"END_CASH":587477000,"DIVI_RATIO":0.349262004982,"DIVIDEND_RATE":7.119437229437,"CURRENT_RATIO":0.919881503401,"COMMON_ACS":null,"CURRENTDEBT_DEBT":27.780969884887,"ISSUED_COMMON_SHARES":2000000000,"HK_COMMON_SHARES":2000000000,"PER_SHARES":1000,"TOTAL_MARKET_CAP":4620000000,"HKSK_MARKET_CAP":4620000000,"PE_TTM":8.781797225325,"PB_TTM":1.088807870768,"REPORT_DATE_SQ":"2020-12-31 00:00:00","REPORT_TYPE_SQ":"2020年年报","OPERATE_INCOME_SQ":1689536000,"DPS_HKD":0.164459,"OPERATE_INCOME_QOQ_SQ":60.809407554407,"NET_PROFIT_RATIO_SQ":36.7423955453,"HOLDER_PROFIT_SQ":620776000,"HOLDER_PROFIT_QOQ_SQ":45.793935977829,"ROE_AVG_SQ":15.819445444312,"PE_TTM_SQ":5.912382161771,"PB_TTM_SQ":1.063979152577,"ROA_SQ":11.187116441696,"START_DATE":"2021-01-01 00:00:00","FISCAL_YEAR":"12-31","CURRENCY":"HKD","IS_CNY_CODE":0,"DPS_HKD_LY":0.216714,"ORG_TYPE":"一般企业","PREMIUM_INCOME":null,"PREMIUM_INCOME_YOY":null,"NET_INTEREST_INCOME":null,"NET_INTEREST_INCOME_YOY":null,"FEE_COMMISSION_INCOME":null,"FEE_COMMISSION_INCOME_YOY":null,"ACCOUNTS_RECE_TDAYS":18.489635361164,"INVENTORY_TDAYS":172.366996022071,"CURRENT_ASSETS_TDAYS":2.731662873278,"TOTAL_ASSETS_TDAYS":0.29912585574,"PREMIUM_EXPENSE":null,"LOAN_DEPOSIT":null,"LOAN_EQUITY":null,"LOAN_ASSETS":null,"DEPOSIT_EQUITY":null,"DEPOSIT_ASSETS":null,"EQUITY_MULTIPLIER":1.955303464892,"EQUITY_RATIO":0.955303464894},{"SECUCODE":"01576.HK","SECURITY_CODE":"01576","SECURITY_NAME_ABBR":"齐鲁高速","ORG_CODE":"10906584","STD_REPORT_DATE":"2021-06-30 00:00:00","REPORT_DATE":"2021-06-30 00:00:00","DATE_TYPE_CODE":"002","REPORT_TYPE":"2021年中报","PER_NETCASH_OPERATE":0.30653,"PER_OI":0.4556495,"BPS":1.4733625,"BASIC_EPS":0.2,"DILUTED_EPS":0.2,"OPERATE_INCOME":911299000,"OPERATE_INCOME_YOY":86.6589788127,"GROSS_PROFIT":638593000,"GROSS_PROFIT_YOY":222.251546683084,"HOLDER_PROFIT":407905000,"HOLDER_PROFIT_YOY":278.4712879371,"GROSS_PROFIT_RATIO":70.075024772331,"EPS_TTM":0.460452,"OPERATE_INCOME_QOQ":25.041372305769,"NET_PROFIT_RATIO":44.760830419,"ROE_AVG":13.956098191016,"GROSS_PROFIT_QOQ":44.798313147865,"ROA":6.12560934349,"HOLDER_PROFIT_QOQ":48.347229918682,"ROE_YEARLY":27.912196382031,"ROIC_YEARLY":12.514343650433,"TOTAL_ASSETS":6609975000,"TOTAL_LIABILITIES":3663250000,"TAX_EBT":25.871305877521,"OCF_SALES":67.273200124218,"TOTAL_PARENT_EQUITY":2946725000,"DEBT_ASSET_RATIO":55.4200280636,"OPERATE_PROFIT":618864000,"PRETAX_PROFIT":550266000,"NETCASH_OPERATE":613060000,"NETCASH_INVEST":60447000,"NETCASH_FINANCE":-542931000,"END_CASH":205292000,"DIVI_RATIO":0.323673336157,"DIVIDEND_RATE":7.119437229437,"CURRENT_RATIO":0.629771745297,"COMMON_ACS":null,"CURRENTDEBT_DEBT":31.274141813963,"ISSUED_COMMON_SHARES":2000000000,"HK_COMMON_SHARES":2000000000,"PER_SHARES":1000,"TOTAL_MARKET_CAP":4620000000,"HKSK_MARKET_CAP":4620000000,"PE_TTM":8.781797225325,"PB_TTM":1.088807870768,"REPORT_DATE_SQ":"2020-06-30 00:00:00","REPORT_TYPE_SQ":"2020年中报","OPERATE_INCOME_SQ":488216000,"DPS_HKD":0.164459,"OPERATE_INCOME_QOQ_SQ":-11.213523766224,"NET_PROFIT_RATIO_SQ":38.5373142825,"HOLDER_PROFIT_SQ":107777000,"HOLDER_PROFIT_QOQ_SQ":-17.549828531373,"ROE_AVG_SQ":3.167129056702,"PE_TTM_SQ":5.912382161771,"PB_TTM_SQ":1.063979152577,"ROA_SQ":3.064174144903,"START_DATE":"2021-01-01 00:00:00","FISCAL_YEAR":"12-31","CURRENCY":"HKD","IS_CNY_CODE":0,"DPS_HKD_LY":0.216714,"ORG_TYPE":"一般企业","PREMIUM_INCOME":null,"PREMIUM_INCOME_YOY":null,"NET_INTEREST_INCOME":null,"NET_INTEREST_INCOME_YOY":null,"FEE_COMMISSION_INCOME":null,"FEE_COMMISSION_INCOME_YOY":null,"ACCOUNTS_RECE_TDAYS":11.141868554416,"INVENTORY_TDAYS":64.454266130938,"CURRENT_ASSETS_TDAYS":1.345862535195,"TOTAL_ASSETS_TDAYS":0.136852003999,"PREMIUM_EXPENSE":null,"LOAN_DEPOSIT":null,"LOAN_EQUITY":null,"LOAN_ASSETS":null,"DEPOSIT_EQUITY":null,"DEPOSIT_ASSETS":null,"EQUITY_MULTIPLIER":2.243159779074,"EQUITY_RATIO":1.243159779077},{"SECUCODE":"01576.HK","SECURITY_CODE":"01576","SECURITY_NAME_ABBR":"齐鲁高速","ORG_CODE":"10906584","STD_REPORT_DATE":"2020-12-31 00:00:00","REPORT_DATE":"2020-12-31 00:00:00","DATE_TYPE_CODE":"001","REPORT_TYPE":"2020年年报","PER_NETCASH_OPERATE":0.5690715,"PER_OI":0.844768,"BPS":1.44941,"BASIC_EPS":0.31,"DILUTED_EPS":0.31,"OPERATE_INCOME":1689536000,"OPERATE_INCOME_YOY":3.5100778499,"GROSS_PROFIT":983133000,"GROSS_PROFIT_YOY":3.286547250092,"HOLDER_PROFIT":620776000,"HOLDER_PROFIT_YOY":4.2046034432,"GROSS_PROFIT_RATIO":58.189526591916,"EPS_TTM":0.310388,"OPERATE_INCOME_QOQ":60.809407554407,"NET_PROFIT_RATIO":36.7423955453,"ROE_AVG":15.819445444312,"GROSS_PROFIT_QOQ":63.282650036123,"ROA":11.187116441696,"HOLDER_PROFIT_QOQ":45.793935977829,"ROE_YEARLY":15.819445444312,"ROIC_YEARLY":12.896356794163,"TOTAL_ASSETS":6708047000,"TOTAL_LIABILITIES":3809227000,"TAX_EBT":24.961893238211,"OCF_SALES":67.364234914201,"TOTAL_PARENT_EQUITY":2898820000,"DEBT_ASSET_RATIO":56.7859318815,"OPERATE_PROFIT":957273000,"PRETAX_PROFIT":827281000,"NETCASH_OPERATE":1138143000,"NETCASH_INVEST":-2734529000,"NETCASH_FINANCE":271424000,"END_CASH":74731000,"DIVI_RATIO":0.480160428174,"DIVIDEND_RATE":7.119437229437,"CURRENT_RATIO":0.647987702341,"COMMON_ACS":null,"CURRENTDEBT_DEBT":25.633704686016,"ISSUED_COMMON_SHARES":2000000000,"HK_COMMON_SHARES":2000000000,"PER_SHARES":1000,"TOTAL_MARKET_CAP":4620000000,"HKSK_MARKET_CAP":4620000000,"PE_TTM":8.781797225325,"PB_TTM":1.088807870768,"REPORT_DATE_SQ":"2019-12-31 00:00:00","REPORT_TYPE_SQ":"2019年年报","OPERATE_INCOME_SQ":1632243000,"DPS_HKD":0.164459,"OPERATE_INCOME_QOQ_SQ":23.640035775334,"NET_PROFIT_RATIO_SQ":43.6410022825,"HOLDER_PROFIT_SQ":595728000,"HOLDER_PROFIT_QOQ_SQ":18.834119929218,"ROE_AVG_SQ":14.104304519325,"PE_TTM_SQ":5.912382161771,"PB_TTM_SQ":1.063979152577,"ROA_SQ":11.812993100637,"START_DATE":"2020-01-01 00:00:00","FISCAL_YEAR":"12-31","CURRENCY":"HKD","IS_CNY_CODE":0,"DPS_HKD_LY":0.178291,"ORG_TYPE":"一般企业","PREMIUM_INCOME":null,"PREMIUM_INCOME_YOY":null,"NET_INTEREST_INCOME":null,"NET_INTEREST_INCOME_YOY":null,"FEE_COMMISSION_INCOME":null,"FEE_COMMISSION_INCOME_YOY":null,"ACCOUNTS_RECE_TDAYS":31.147252666218,"INVENTORY_TDAYS":224.077081681205,"CURRENT_ASSETS_TDAYS":1.492536153146,"TOTAL_ASSETS_TDAYS":0.304474334775,"PREMIUM_EXPENSE":null,"LOAN_DEPOSIT":null,"LOAN_EQUITY":null,"LOAN_ASSETS":null,"DEPOSIT_EQUITY":null,"DEPOSIT_ASSETS":null,"EQUITY_MULTIPLIER":2.31406123871,"EQUITY_RATIO":1.314061238711},{"SECUCODE":"01576.HK","SECURITY_CODE":"01576","SECURITY_NAME_ABBR":"齐鲁高速","ORG_CODE":"10906584","STD_REPORT_DATE":"2020-06-30 00:00:00","REPORT_DATE":"2020-06-30 00:00:00","DATE_TYPE_CODE":"002","REPORT_TYPE":"2020年中报","PER_NETCASH_OPERATE":0.105331,"PER_OI":0.244108,"BPS":1.800348,"BASIC_EPS":0.05,"DILUTED_EPS":0.05,"OPERATE_INCOME":488216000,"OPERATE_INCOME_YOY":-27.4141899123,"GROSS_PROFIT":198166000,"GROSS_PROFIT_YOY":-41.422477881861,"HOLDER_PROFIT":107777000,"HOLDER_PROFIT_YOY":-40.0972445892,"GROSS_PROFIT_RATIO":52.64245460238,"EPS_TTM":0.212895,"OPERATE_INCOME_QOQ":-11.213523766224,"NET_PROFIT_RATIO":38.5373142825,"ROE_AVG":3.167129056702,"GROSS_PROFIT_QOQ":-20.298286579619,"ROA":3.064174144903,"HOLDER_PROFIT_QOQ":-17.549828531373,"ROE_YEARLY":6.334258113404,"ROIC_YEARLY":9.238768957936,"TOTAL_ASSETS":4447417000,"TOTAL_LIABILITIES":846721000,"TAX_EBT":29.093145962447,"OCF_SALES":59.959583309615,"TOTAL_PARENT_EQUITY":3600696000,"DEBT_ASSET_RATIO":19.0384890825,"OPERATE_PROFIT":197703000,"PRETAX_PROFIT":151998000,"NETCASH_OPERATE":331053000,"NETCASH_INVEST":49231000,"NETCASH_FINANCE":-198371000,"END_CASH":1579131000,"DIVI_RATIO":0.700044787243,"DIVIDEND_RATE":7.119437229437,"CURRENT_RATIO":2.339169485263,"COMMON_ACS":null,"CURRENTDEBT_DEBT":87.259321547476,"ISSUED_COMMON_SHARES":2000000000,"HK_COMMON_SHARES":2000000000,"PER_SHARES":1000,"TOTAL_MARKET_CAP":4620000000,"HKSK_MARKET_CAP":4620000000,"PE_TTM":8.781797225325,"PB_TTM":1.088807870768,"REPORT_DATE_SQ":"2019-06-30 00:00:00","REPORT_TYPE_SQ":"2019年中报","OPERATE_INCOME_SQ":484034000,"DPS_HKD":0.164459,"OPERATE_INCOME_QOQ_SQ":3.835050204234,"NET_PROFIT_RATIO_SQ":46.6967196519,"HOLDER_PROFIT_SQ":226028000,"HOLDER_PROFIT_QOQ_SQ":6.381317242139,"ROE_AVG_SQ":6.428105428346,"PE_TTM_SQ":5.912382161771,"PB_TTM_SQ":1.063979152577,"ROA_SQ":5.099773392792,"START_DATE":"2020-01-01 00:00:00","FISCAL_YEAR":"12-31","CURRENCY":"HKD","IS_CNY_CODE":0,"DPS_HKD_LY":0.178291,"ORG_TYPE":"一般企业","PREMIUM_INCOME":null,"PREMIUM_INCOME_YOY":null,"NET_INTEREST_INCOME":null,"NET_INTEREST_INCOME_YOY":null,"FEE_COMMISSION_INCOME":null,"FEE_COMMISSION_INCOME_YOY":null,"ACCOUNTS_RECE_TDAYS":20.427020355223,"INVENTORY_TDAYS":42.165737455651,"CURRENT_ASSETS_TDAYS":0.209159960876,"TOTAL_ASSETS_TDAYS":0.079511875748,"PREMIUM_EXPENSE":null,"LOAN_DEPOSIT":null,"LOAN_EQUITY":null,"LOAN_ASSETS":null,"DEPOSIT_EQUITY":null,"DEPOSIT_ASSETS":null,"EQUITY_MULTIPLIER":1.235154814513,"EQUITY_RATIO":0.235154814514}],"count":19},"success":true,"message":"ok","code":0}