{"version":"7dbeeb72b9e719f0e63f904f018be41c","result":{"pages":3,"data":[{"SECUCODE":"01572.HK","SECURITY_CODE":"01572","SECURITY_NAME_ABBR":"中国艺术金融","ORG_CODE":"10527654","STD_REPORT_DATE":"2024-06-30 00:00:00","REPORT_DATE":"2024-06-30 00:00:00","DATE_TYPE_CODE":"002","REPORT_TYPE":"2024年中报","PER_NETCASH_OPERATE":-0.008829931973,"PER_OI":0.021755693582,"BPS":0.657369417332,"BASIC_EPS":0.0032,"DILUTED_EPS":0.0032,"OPERATE_INCOME":36778000,"OPERATE_INCOME_YOY":483.1298557159,"GROSS_PROFIT":13828000,"GROSS_PROFIT_YOY":119.248454098621,"HOLDER_PROFIT":5416000,"HOLDER_PROFIT_YOY":57.6710334789,"GROSS_PROFIT_RATIO":37.598564359128,"EPS_TTM":0.007690032535,"OPERATE_INCOME_QOQ":51.00431856985,"NET_PROFIT_RATIO":14.7261950079,"ROE_AVG":0.488835576688,"GROSS_PROFIT_QOQ":30.837672721309,"ROA":0.478399164745,"HOLDER_PROFIT_QOQ":17.978037934477,"ROE_YEARLY":0.977671153376,"ROIC_YEARLY":2.450196454544,"TOTAL_ASSETS":1132417000,"TOTAL_LIABILITIES":21134000,"TAX_EBT":33.011750154607,"OCF_SALES":-40.5867638262,"TOTAL_PARENT_EQUITY":1111283000,"DEBT_ASSET_RATIO":1.866273643,"OPERATE_PROFIT":8701000,"PRETAX_PROFIT":8085000,"NETCASH_OPERATE":-14927000,"NETCASH_INVEST":695000,"NETCASH_FINANCE":2638000,"END_CASH":684226000,"DIVI_RATIO":null,"DIVIDEND_RATE":null,"CURRENT_RATIO":55.350004898599,"COMMON_ACS":5000000000,"CURRENTDEBT_DEBT":96.593167407968,"ISSUED_COMMON_SHARES":1690500000,"HK_COMMON_SHARES":1690500000,"PER_SHARES":4000,"TOTAL_MARKET_CAP":160597500,"HKSK_MARKET_CAP":160597500,"PE_TTM":11.17760349067,"PB_TTM":0.131896309311,"REPORT_DATE_SQ":"2023-06-30 00:00:00","REPORT_TYPE_SQ":"2023年中报","OPERATE_INCOME_SQ":6307000,"DPS_HKD":null,"OPERATE_INCOME_QOQ_SQ":-49.915868022533,"NET_PROFIT_RATIO_SQ":54.4632947519,"HOLDER_PROFIT_SQ":3435000,"HOLDER_PROFIT_QOQ_SQ":-72.725404220334,"ROE_AVG_SQ":0.313620296666,"PE_TTM_SQ":78.442606666439,"PB_TTM_SQ":0.239772242456,"ROA_SQ":0.309072422822,"START_DATE":"2024-01-01 00:00:00","FISCAL_YEAR":"12-31","CURRENCY":"HKD","IS_CNY_CODE":0,"DPS_HKD_LY":null,"ORG_TYPE":"一般企业","PREMIUM_INCOME":null,"PREMIUM_INCOME_YOY":null,"NET_INTEREST_INCOME":null,"NET_INTEREST_INCOME_YOY":null,"FEE_COMMISSION_INCOME":null,"FEE_COMMISSION_INCOME_YOY":null,"ACCOUNTS_RECE_TDAYS":null,"INVENTORY_TDAYS":2.004366812227,"CURRENT_ASSETS_TDAYS":0.032564784468,"TOTAL_ASSETS_TDAYS":0.032486271198,"PREMIUM_EXPENSE":null,"LOAN_DEPOSIT":null,"LOAN_EQUITY":null,"LOAN_ASSETS":null,"DEPOSIT_EQUITY":null,"DEPOSIT_ASSETS":null,"EQUITY_MULTIPLIER":1.019017657968,"EQUITY_RATIO":0.019017657968},{"SECUCODE":"01572.HK","SECURITY_CODE":"01572","SECURITY_NAME_ABBR":"中国艺术金融","ORG_CODE":"10527654","STD_REPORT_DATE":"2023-12-31 00:00:00","REPORT_DATE":"2023-12-31 00:00:00","DATE_TYPE_CODE":"001","REPORT_TYPE":"2023年年报","PER_NETCASH_OPERATE":0.045060786651,"PER_OI":0.035603098927,"BPS":0.653413191364,"BASIC_EPS":0.0066,"DILUTED_EPS":0.0066,"OPERATE_INCOME":59742000,"OPERATE_INCOME_YOY":118.5309825152,"GROSS_PROFIT":24389000,"GROSS_PROFIT_YOY":-10.787182676129,"HOLDER_PROFIT":11019000,"HOLDER_PROFIT_YOY":-24.5067141683,"GROSS_PROFIT_RATIO":40.823876000134,"EPS_TTM":0.006566746126,"OPERATE_INCOME_QOQ":336.327782646801,"NET_PROFIT_RATIO":18.4443105353,"ROE_AVG":1.00252427953,"GROSS_PROFIT_QOQ":78.125912941864,"ROA":0.983686902074,"HOLDER_PROFIT_QOQ":176.789751318764,"ROE_YEARLY":1.00252427953,"ROIC_YEARLY":2.364310688319,"TOTAL_ASSETS":1131801000,"TOTAL_LIABILITIES":27206000,"TAX_EBT":33.189838113139,"OCF_SALES":126.564226172542,"TOTAL_PARENT_EQUITY":1104595000,"DEBT_ASSET_RATIO":2.403779463,"OPERATE_PROFIT":17155000,"PRETAX_PROFIT":16493000,"NETCASH_OPERATE":75612000,"NETCASH_INVEST":2103000,"NETCASH_FINANCE":5682000,"END_CASH":695818000,"DIVI_RATIO":null,"DIVIDEND_RATE":null,"CURRENT_RATIO":42.767342299678,"COMMON_ACS":5000000000,"CURRENTDEBT_DEBT":97.019039917665,"ISSUED_COMMON_SHARES":1690500000,"HK_COMMON_SHARES":1690500000,"PER_SHARES":4000,"TOTAL_MARKET_CAP":140311500,"HKSK_MARKET_CAP":140311500,"PE_TTM":9.765695681322,"PB_TTM":0.115235722872,"REPORT_DATE_SQ":"2022-12-31 00:00:00","REPORT_TYPE_SQ":"2022年年报","OPERATE_INCOME_SQ":27338000,"DPS_HKD":null,"OPERATE_INCOME_QOQ_SQ":-34.802413488827,"NET_PROFIT_RATIO_SQ":53.3908844831,"HOLDER_PROFIT_SQ":14596000,"HOLDER_PROFIT_QOQ_SQ":-43.053333853537,"ROE_AVG_SQ":1.343541524279,"PE_TTM_SQ":35.991313646954,"PB_TTM_SQ":0.110013146539,"ROA_SQ":1.325938744828,"START_DATE":"2023-01-01 00:00:00","FISCAL_YEAR":"12-31","CURRENCY":"HKD","IS_CNY_CODE":0,"DPS_HKD_LY":null,"ORG_TYPE":"一般企业","PREMIUM_INCOME":null,"PREMIUM_INCOME_YOY":null,"NET_INTEREST_INCOME":null,"NET_INTEREST_INCOME_YOY":null,"FEE_COMMISSION_INCOME":null,"FEE_COMMISSION_INCOME_YOY":null,"ACCOUNTS_RECE_TDAYS":null,"INVENTORY_TDAYS":3.335188679245,"CURRENT_ASSETS_TDAYS":0.053460594042,"TOTAL_ASSETS_TDAYS":0.053332809605,"PREMIUM_EXPENSE":null,"LOAN_DEPOSIT":null,"LOAN_EQUITY":null,"LOAN_ASSETS":null,"DEPOSIT_EQUITY":null,"DEPOSIT_ASSETS":null,"EQUITY_MULTIPLIER":1.024629841707,"EQUITY_RATIO":0.024629841707},{"SECUCODE":"01572.HK","SECURITY_CODE":"01572","SECURITY_NAME_ABBR":"中国艺术金融","ORG_CODE":"10527654","STD_REPORT_DATE":"2023-06-30 00:00:00","REPORT_DATE":"2023-06-30 00:00:00","DATE_TYPE_CODE":"002","REPORT_TYPE":"2023年中报","PER_NETCASH_OPERATE":0.148090584029,"PER_OI":0.00375864124,"BPS":0.648855959775,"BASIC_EPS":0.002,"DILUTED_EPS":0.002,"OPERATE_INCOME":6307000,"OPERATE_INCOME_YOY":-68.3907181877,"GROSS_PROFIT":6307000,"GROSS_PROFIT_YOY":-68.390718187741,"HOLDER_PROFIT":3435000,"HOLDER_PROFIT_YOY":-75.5516014235,"GROSS_PROFIT_RATIO":null,"EPS_TTM":0.002372467223,"OPERATE_INCOME_QOQ":-49.915868022533,"NET_PROFIT_RATIO":54.4632947519,"ROE_AVG":0.313620296666,"GROSS_PROFIT_QOQ":-49.915868022533,"ROA":0.309072422822,"HOLDER_PROFIT_QOQ":-72.725404220334,"ROE_YEARLY":0.627240593331,"ROIC_YEARLY":1.843641984585,"TOTAL_ASSETS":1114234000,"TOTAL_LIABILITIES":17343000,"TAX_EBT":39.182011331445,"OCF_SALES":3940.00317107975,"TOTAL_PARENT_EQUITY":1096891000,"DEBT_ASSET_RATIO":1.5564953143,"OPERATE_PROFIT":6091000,"PRETAX_PROFIT":5648000,"NETCASH_OPERATE":248496000,"NETCASH_INVEST":1436000,"NETCASH_FINANCE":2747000,"END_CASH":865098000,"DIVI_RATIO":null,"DIVIDEND_RATE":null,"CURRENT_RATIO":64.161333102693,"COMMON_ACS":5000000000,"CURRENTDEBT_DEBT":100,"ISSUED_COMMON_SHARES":1690500000,"HK_COMMON_SHARES":1690500000,"PER_SHARES":4000,"TOTAL_MARKET_CAP":140311500,"HKSK_MARKET_CAP":140311500,"PE_TTM":9.765695681322,"PB_TTM":0.115235722872,"REPORT_DATE_SQ":"2022-06-30 00:00:00","REPORT_TYPE_SQ":"2022年中报","OPERATE_INCOME_SQ":19953000,"DPS_HKD":null,"OPERATE_INCOME_QOQ_SQ":-2.249627004849,"NET_PROFIT_RATIO_SQ":70.4154763695,"HOLDER_PROFIT_SQ":14050000,"HOLDER_PROFIT_QOQ_SQ":1.056657335489,"ROE_AVG_SQ":1.29354314818,"PE_TTM_SQ":35.991313646954,"PB_TTM_SQ":0.110013146539,"ROA_SQ":1.277873908862,"START_DATE":"2023-01-01 00:00:00","FISCAL_YEAR":"12-31","CURRENCY":"HKD","IS_CNY_CODE":0,"DPS_HKD_LY":null,"ORG_TYPE":"一般企业","PREMIUM_INCOME":null,"PREMIUM_INCOME_YOY":null,"NET_INTEREST_INCOME":null,"NET_INTEREST_INCOME_YOY":null,"FEE_COMMISSION_INCOME":null,"FEE_COMMISSION_INCOME_YOY":null,"ACCOUNTS_RECE_TDAYS":null,"INVENTORY_TDAYS":null,"CURRENT_ASSETS_TDAYS":0.005684803898,"TOTAL_ASSETS_TDAYS":0.005674875606,"PREMIUM_EXPENSE":null,"LOAN_DEPOSIT":null,"LOAN_EQUITY":null,"LOAN_ASSETS":null,"DEPOSIT_EQUITY":null,"DEPOSIT_ASSETS":null,"EQUITY_MULTIPLIER":1.015811051417,"EQUITY_RATIO":0.015811051417},{"SECUCODE":"01572.HK","SECURITY_CODE":"01572","SECURITY_NAME_ABBR":"中国艺术金融","ORG_CODE":"10527654","STD_REPORT_DATE":"2022-12-31 00:00:00","REPORT_DATE":"2022-12-31 00:00:00","DATE_TYPE_CODE":"001","REPORT_TYPE":"2022年年报","PER_NETCASH_OPERATE":-0.065388557807,"PER_OI":0.016292014303,"BPS":0.646942324756,"BASIC_EPS":0.0087,"DILUTED_EPS":0.0087,"OPERATE_INCOME":27338000,"OPERATE_INCOME_YOY":-36.2691160015,"GROSS_PROFIT":27338000,"GROSS_PROFIT_YOY":-36.269116001492,"HOLDER_PROFIT":14596000,"HOLDER_PROFIT_YOY":-42.4516027284,"GROSS_PROFIT_RATIO":null,"EPS_TTM":0.008698450536,"OPERATE_INCOME_QOQ":-34.802413488827,"NET_PROFIT_RATIO":53.3908844831,"ROE_AVG":1.343541524279,"GROSS_PROFIT_QOQ":-34.802413488827,"ROA":1.325938744828,"HOLDER_PROFIT_QOQ":-43.053333853537,"ROE_YEARLY":1.343541524279,"ROIC_YEARLY":3.34717287038,"TOTAL_ASSETS":1108546000,"TOTAL_LIABILITIES":14890000,"TAX_EBT":33.482203891902,"OCF_SALES":-401.353427463604,"TOTAL_PARENT_EQUITY":1093656000,"DEBT_ASSET_RATIO":1.3432009136,"OPERATE_PROFIT":23119000,"PRETAX_PROFIT":21943000,"NETCASH_OPERATE":-109722000,"NETCASH_INVEST":5142000,"NETCASH_FINANCE":-58000,"END_CASH":612418000,"DIVI_RATIO":null,"DIVIDEND_RATE":null,"CURRENT_RATIO":75.417467784823,"COMMON_ACS":5000000000,"CURRENTDEBT_DEBT":98.502350570853,"ISSUED_COMMON_SHARES":1690500000,"HK_COMMON_SHARES":1690500000,"PER_SHARES":4000,"TOTAL_MARKET_CAP":140311500,"HKSK_MARKET_CAP":140311500,"PE_TTM":9.765695681322,"PB_TTM":0.115235722872,"REPORT_DATE_SQ":"2021-12-31 00:00:00","REPORT_TYPE_SQ":"2021年年报","OPERATE_INCOME_SQ":42896000,"DPS_HKD":null,"OPERATE_INCOME_QOQ_SQ":-17.041850390655,"NET_PROFIT_RATIO_SQ":59.1267251026,"HOLDER_PROFIT_SQ":25363000,"HOLDER_PROFIT_QOQ_SQ":-37.76867209736,"ROE_AVG_SQ":2.378228654266,"PE_TTM_SQ":35.991313646954,"PB_TTM_SQ":0.110013146539,"ROA_SQ":2.254290511324,"START_DATE":"2022-01-01 00:00:00","FISCAL_YEAR":"12-31","CURRENCY":"HKD","IS_CNY_CODE":0,"DPS_HKD_LY":null,"ORG_TYPE":"一般企业","PREMIUM_INCOME":null,"PREMIUM_INCOME_YOY":null,"NET_INTEREST_INCOME":null,"NET_INTEREST_INCOME_YOY":null,"FEE_COMMISSION_INCOME":null,"FEE_COMMISSION_INCOME_YOY":null,"ACCOUNTS_RECE_TDAYS":null,"INVENTORY_TDAYS":null,"CURRENT_ASSETS_TDAYS":0.024922726148,"TOTAL_ASSETS_TDAYS":0.024834552895,"PREMIUM_EXPENSE":null,"LOAN_DEPOSIT":null,"LOAN_EQUITY":null,"LOAN_ASSETS":null,"DEPOSIT_EQUITY":null,"DEPOSIT_ASSETS":null,"EQUITY_MULTIPLIER":1.013614884387,"EQUITY_RATIO":0.013614884388},{"SECUCODE":"01572.HK","SECURITY_CODE":"01572","SECURITY_NAME_ABBR":"中国艺术金融","ORG_CODE":"10527654","STD_REPORT_DATE":"2022-06-30 00:00:00","REPORT_DATE":"2022-06-30 00:00:00","DATE_TYPE_CODE":"002","REPORT_TYPE":"2022年中报","PER_NETCASH_OPERATE":0.082942789035,"PER_OI":0.011890941597,"BPS":0.646683821355,"BASIC_EPS":0.0084,"DILUTED_EPS":0.0084,"OPERATE_INCOME":19953000,"OPERATE_INCOME_YOY":-4.6132517449,"GROSS_PROFIT":19953000,"GROSS_PROFIT_YOY":-4.613251744909,"HOLDER_PROFIT":14050000,"HOLDER_PROFIT_YOY":1.9445653751,"GROSS_PROFIT_RATIO":null,"EPS_TTM":0.015274731824,"OPERATE_INCOME_QOQ":-2.249627004849,"NET_PROFIT_RATIO":70.4154763695,"ROE_AVG":1.29354314818,"GROSS_PROFIT_QOQ":-2.249627004849,"ROA":1.277873908862,"HOLDER_PROFIT_QOQ":1.056657335489,"ROE_YEARLY":2.58708629636,"ROIC_YEARLY":9.023271048144,"TOTAL_ASSETS":1105901000,"TOTAL_LIABILITIES":12682000,"TAX_EBT":29.637419871795,"OCF_SALES":697.529193604972,"TOTAL_PARENT_EQUITY":1093219000,"DEBT_ASSET_RATIO":1.1467572595,"OPERATE_PROFIT":20390000,"PRETAX_PROFIT":19968000,"NETCASH_OPERATE":139178000,"NETCASH_INVEST":3135000,"NETCASH_FINANCE":-292000,"END_CASH":859078000,"DIVI_RATIO":null,"DIVIDEND_RATE":null,"CURRENT_RATIO":88.526835138388,"COMMON_ACS":5000000000,"CURRENTDEBT_DEBT":98.288913420596,"ISSUED_COMMON_SHARES":1690500000,"HK_COMMON_SHARES":1690500000,"PER_SHARES":4000,"TOTAL_MARKET_CAP":140311500,"HKSK_MARKET_CAP":140311500,"PE_TTM":9.765695681322,"PB_TTM":0.115235722872,"REPORT_DATE_SQ":"2021-06-30 00:00:00","REPORT_TYPE_SQ":"2021年中报","OPERATE_INCOME_SQ":20918000,"DPS_HKD":null,"OPERATE_INCOME_QOQ_SQ":-8.862098138748,"NET_PROFIT_RATIO_SQ":65.8858399465,"HOLDER_PROFIT_SQ":13782000,"HOLDER_PROFIT_QOQ_SQ":-7.163845926061,"ROE_AVG_SQ":1.299327568286,"PE_TTM_SQ":35.991313646954,"PB_TTM_SQ":0.110013146539,"ROA_SQ":1.182833212535,"START_DATE":"2022-01-01 00:00:00","FISCAL_YEAR":"12-31","CURRENCY":"HKD","IS_CNY_CODE":0,"DPS_HKD_LY":null,"ORG_TYPE":"一般企业","PREMIUM_INCOME":null,"PREMIUM_INCOME_YOY":null,"NET_INTEREST_INCOME":null,"NET_INTEREST_INCOME_YOY":null,"FEE_COMMISSION_INCOME":null,"FEE_COMMISSION_INCOME_YOY":null,"ACCOUNTS_RECE_TDAYS":null,"INVENTORY_TDAYS":null,"CURRENT_ASSETS_TDAYS":0.018212271126,"TOTAL_ASSETS_TDAYS":0.018147628543,"PREMIUM_EXPENSE":null,"LOAN_DEPOSIT":null,"LOAN_EQUITY":null,"LOAN_ASSETS":null,"DEPOSIT_EQUITY":null,"DEPOSIT_ASSETS":null,"EQUITY_MULTIPLIER":1.011600603356,"EQUITY_RATIO":0.011600603356},{"SECUCODE":"01572.HK","SECURITY_CODE":"01572","SECURITY_NAME_ABBR":"中国艺术金融","ORG_CODE":"10527654","STD_REPORT_DATE":"2021-12-31 00:00:00","REPORT_DATE":"2021-12-31 00:00:00","DATE_TYPE_CODE":"001","REPORT_TYPE":"2021年年报","PER_NETCASH_OPERATE":-0.015177592372,"PER_OI":0.025563766389,"BPS":0.63833717835,"BASIC_EPS":0.0151,"DILUTED_EPS":0.0151,"OPERATE_INCOME":42896000,"OPERATE_INCOME_YOY":-24.3936830231,"GROSS_PROFIT":42896000,"GROSS_PROFIT_YOY":-24.393683023125,"HOLDER_PROFIT":25363000,"HOLDER_PROFIT_YOY":-42.226828546,"GROSS_PROFIT_RATIO":null,"EPS_TTM":0.015115017878,"OPERATE_INCOME_QOQ":-17.041850390655,"NET_PROFIT_RATIO":59.1267251026,"ROE_AVG":2.378228654266,"GROSS_PROFIT_QOQ":-17.041850390655,"ROA":2.254290511324,"HOLDER_PROFIT_QOQ":-37.76867209736,"ROE_YEARLY":2.378228654266,"ROIC_YEARLY":7.190241026019,"TOTAL_ASSETS":1093064000,"TOTAL_LIABILITIES":13955000,"TAX_EBT":27.637660485021,"OCF_SALES":-59.371503170459,"TOTAL_PARENT_EQUITY":1079109000,"DEBT_ASSET_RATIO":1.276686452,"OPERATE_PROFIT":35232000,"PRETAX_PROFIT":35050000,"NETCASH_OPERATE":-25468000,"NETCASH_INVEST":923000,"NETCASH_FINANCE":-86060000,"END_CASH":717053000,"DIVI_RATIO":null,"DIVIDEND_RATE":null,"CURRENT_RATIO":80.449186390533,"COMMON_ACS":5000000000,"CURRENTDEBT_DEBT":96.882837692583,"ISSUED_COMMON_SHARES":1690500000,"HK_COMMON_SHARES":1690500000,"PER_SHARES":4000,"TOTAL_MARKET_CAP":140311500,"HKSK_MARKET_CAP":140311500,"PE_TTM":9.765695681322,"PB_TTM":0.115235722872,"REPORT_DATE_SQ":"2020-12-31 00:00:00","REPORT_TYPE_SQ":"2020年年报","OPERATE_INCOME_SQ":56736000,"DPS_HKD":null,"OPERATE_INCOME_QOQ_SQ":-36.695527983576,"NET_PROFIT_RATIO_SQ":77.377679075,"HOLDER_PROFIT_SQ":43901000,"HOLDER_PROFIT_QOQ_SQ":-24.217158639738,"ROE_AVG_SQ":4.254760328704,"PE_TTM_SQ":35.991313646954,"PB_TTM_SQ":0.110013146539,"ROA_SQ":3.717874779071,"START_DATE":"2021-01-01 00:00:00","FISCAL_YEAR":"12-31","CURRENCY":"HKD","IS_CNY_CODE":0,"DPS_HKD_LY":null,"ORG_TYPE":"一般企业","PREMIUM_INCOME":null,"PREMIUM_INCOME_YOY":null,"NET_INTEREST_INCOME":null,"NET_INTEREST_INCOME_YOY":null,"FEE_COMMISSION_INCOME":null,"FEE_COMMISSION_INCOME_YOY":null,"ACCOUNTS_RECE_TDAYS":null,"INVENTORY_TDAYS":null,"CURRENT_ASSETS_TDAYS":0.038272440426,"TOTAL_ASSETS_TDAYS":0.038126422653,"PREMIUM_EXPENSE":null,"LOAN_DEPOSIT":null,"LOAN_EQUITY":null,"LOAN_ASSETS":null,"DEPOSIT_EQUITY":null,"DEPOSIT_ASSETS":null,"EQUITY_MULTIPLIER":1.012931965167,"EQUITY_RATIO":0.012931965168},{"SECUCODE":"01572.HK","SECURITY_CODE":"01572","SECURITY_NAME_ABBR":"中国艺术金融","ORG_CODE":"10527654","STD_REPORT_DATE":"2021-06-30 00:00:00","REPORT_DATE":"2021-06-30 00:00:00","DATE_TYPE_CODE":"002","REPORT_TYPE":"2021年中报","PER_NETCASH_OPERATE":0.047811084625,"PER_OI":0.012466030989,"BPS":0.631518485655,"BASIC_EPS":0.0082,"DILUTED_EPS":0.0082,"OPERATE_INCOME":20918000,"OPERATE_INCOME_YOY":-19.3787096277,"GROSS_PROFIT":20918000,"GROSS_PROFIT_YOY":-19.378709627688,"HOLDER_PROFIT":13782000,"HOLDER_PROFIT_YOY":-18.5797837774,"GROSS_PROFIT_RATIO":null,"EPS_TTM":0.024288438617,"OPERATE_INCOME_QOQ":-8.862098138748,"NET_PROFIT_RATIO":65.8858399465,"ROE_AVG":1.299327568286,"GROSS_PROFIT_QOQ":-8.862098138748,"ROA":1.182833212535,"HOLDER_PROFIT_QOQ":-7.163845926061,"ROE_YEARLY":2.598655136572,"ROIC_YEARLY":9.353066026932,"TOTAL_ASSETS":1173203000,"TOTAL_LIABILITIES":105621000,"TAX_EBT":28.03508955146,"OCF_SALES":383.530930299264,"TOTAL_PARENT_EQUITY":1067582000,"DEBT_ASSET_RATIO":9.0027897985,"OPERATE_PROFIT":19203000,"PRETAX_PROFIT":19151000,"NETCASH_OPERATE":80227000,"NETCASH_INVEST":-700000,"NETCASH_FINANCE":6080000,"END_CASH":913265000,"DIVI_RATIO":null,"DIVIDEND_RATE":null,"CURRENT_RATIO":11.105372725717,"COMMON_ACS":5000000000,"CURRENTDEBT_DEBT":99.599511460789,"ISSUED_COMMON_SHARES":1690500000,"HK_COMMON_SHARES":1690500000,"PER_SHARES":4000,"TOTAL_MARKET_CAP":140311500,"HKSK_MARKET_CAP":140311500,"PE_TTM":9.765695681322,"PB_TTM":0.115235722872,"REPORT_DATE_SQ":"2020-06-30 00:00:00","REPORT_TYPE_SQ":"2020年中报","OPERATE_INCOME_SQ":25946000,"DPS_HKD":null,"OPERATE_INCOME_QOQ_SQ":-45.340887606804,"NET_PROFIT_RATIO_SQ":65.2393432514,"HOLDER_PROFIT_SQ":16927000,"HOLDER_PROFIT_QOQ_SQ":-46.125159262325,"ROE_AVG_SQ":1.661036491874,"PE_TTM_SQ":35.991313646954,"PB_TTM_SQ":0.110013146539,"ROA_SQ":1.444380636579,"START_DATE":"2021-01-01 00:00:00","FISCAL_YEAR":"12-31","CURRENCY":"HKD","IS_CNY_CODE":0,"DPS_HKD_LY":null,"ORG_TYPE":"一般企业","PREMIUM_INCOME":null,"PREMIUM_INCOME_YOY":null,"NET_INTEREST_INCOME":null,"NET_INTEREST_INCOME_YOY":null,"FEE_COMMISSION_INCOME":null,"FEE_COMMISSION_INCOME_YOY":null,"ACCOUNTS_RECE_TDAYS":null,"INVENTORY_TDAYS":null,"CURRENT_ASSETS_TDAYS":0.018015651517,"TOTAL_ASSETS_TDAYS":0.017952768205,"PREMIUM_EXPENSE":null,"LOAN_DEPOSIT":null,"LOAN_EQUITY":null,"LOAN_ASSETS":null,"DEPOSIT_EQUITY":null,"DEPOSIT_ASSETS":null,"EQUITY_MULTIPLIER":1.098934789084,"EQUITY_RATIO":0.098934789084},{"SECUCODE":"01572.HK","SECURITY_CODE":"01572","SECURITY_NAME_ABBR":"中国艺术金融","ORG_CODE":"10527654","STD_REPORT_DATE":"2020-12-31 00:00:00","REPORT_DATE":"2020-12-31 00:00:00","DATE_TYPE_CODE":"001","REPORT_TYPE":"2020年年报","PER_NETCASH_OPERATE":0.138482121573,"PER_OI":0.033811680572,"BPS":0.623379473529,"BASIC_EPS":0.0262,"DILUTED_EPS":0.0262,"OPERATE_INCOME":56736000,"OPERATE_INCOME_YOY":-65.3983374906,"GROSS_PROFIT":56736000,"GROSS_PROFIT_YOY":-65.398337490623,"HOLDER_PROFIT":43901000,"HOLDER_PROFIT_YOY":-59.1721149107,"GROSS_PROFIT_RATIO":null,"EPS_TTM":0.026162693683,"OPERATE_INCOME_QOQ":-36.695527983576,"NET_PROFIT_RATIO":77.377679075,"ROE_AVG":4.254760328704,"GROSS_PROFIT_QOQ":-36.695527983576,"ROA":3.717874779071,"HOLDER_PROFIT_QOQ":-24.217158639738,"ROE_YEARLY":4.254760328704,"ROIC_YEARLY":9.282926148498,"TOTAL_ASSETS":1157134000,"TOTAL_LIABILITIES":103311000,"TAX_EBT":23.905846463176,"OCF_SALES":409.568880428652,"TOTAL_PARENT_EQUITY":1053823000,"DEBT_ASSET_RATIO":8.9281794503,"OPERATE_PROFIT":56910000,"PRETAX_PROFIT":57693000,"NETCASH_OPERATE":232373000,"NETCASH_INVEST":3349000,"NETCASH_FINANCE":3833000,"END_CASH":827661000,"DIVI_RATIO":null,"DIVIDEND_RATE":null,"CURRENT_RATIO":11.248294147464,"COMMON_ACS":5000000000,"CURRENTDEBT_DEBT":99.300171327351,"ISSUED_COMMON_SHARES":1690500000,"HK_COMMON_SHARES":1690500000,"PER_SHARES":4000,"TOTAL_MARKET_CAP":140311500,"HKSK_MARKET_CAP":140311500,"PE_TTM":9.765695681322,"PB_TTM":0.115235722872,"REPORT_DATE_SQ":"2019-12-31 00:00:00","REPORT_TYPE_SQ":"2019年年报","OPERATE_INCOME_SQ":163969000,"DPS_HKD":null,"OPERATE_INCOME_QOQ_SQ":-28.242079972692,"NET_PROFIT_RATIO_SQ":65.5776396758,"HOLDER_PROFIT_SQ":107527000,"HOLDER_PROFIT_QOQ_SQ":-16.409869709879,"ROE_AVG_SQ":11.701167374455,"PE_TTM_SQ":35.991313646954,"PB_TTM_SQ":0.110013146539,"ROA_SQ":8.997691311919,"START_DATE":"2020-01-01 00:00:00","FISCAL_YEAR":"12-31","CURRENCY":"HKD","IS_CNY_CODE":0,"DPS_HKD_LY":null,"ORG_TYPE":"一般企业","PREMIUM_INCOME":null,"PREMIUM_INCOME_YOY":null,"NET_INTEREST_INCOME":null,"NET_INTEREST_INCOME_YOY":null,"FEE_COMMISSION_INCOME":null,"FEE_COMMISSION_INCOME_YOY":null,"ACCOUNTS_RECE_TDAYS":null,"INVENTORY_TDAYS":null,"CURRENT_ASSETS_TDAYS":0.048285402678,"TOTAL_ASSETS_TDAYS":0.048048414265,"PREMIUM_EXPENSE":null,"LOAN_DEPOSIT":null,"LOAN_EQUITY":null,"LOAN_ASSETS":null,"DEPOSIT_EQUITY":null,"DEPOSIT_ASSETS":null,"EQUITY_MULTIPLIER":1.098034489663,"EQUITY_RATIO":0.098034489663},{"SECUCODE":"01572.HK","SECURITY_CODE":"01572","SECURITY_NAME_ABBR":"中国艺术金融","ORG_CODE":"10527654","STD_REPORT_DATE":"2020-06-30 00:00:00","REPORT_DATE":"2020-06-30 00:00:00","DATE_TYPE_CODE":"002","REPORT_TYPE":"2020年中报","PER_NETCASH_OPERATE":0.099328963051,"PER_OI":0.015462455304,"BPS":0.608299319728,"BASIC_EPS":0.0101,"DILUTED_EPS":0.0101,"OPERATE_INCOME":25946000,"OPERATE_INCOME_YOY":-74.1292837842,"GROSS_PROFIT":25946000,"GROSS_PROFIT_YOY":-74.129283784188,"HOLDER_PROFIT":16927000,"HOLDER_PROFIT_YOY":-74.5550478023,"GROSS_PROFIT_RATIO":null,"EPS_TTM":0.034523241955,"OPERATE_INCOME_QOQ":-45.340887606804,"NET_PROFIT_RATIO":65.2393432514,"ROE_AVG":1.661036491874,"GROSS_PROFIT_QOQ":-45.340887606804,"ROA":1.444380636579,"HOLDER_PROFIT_QOQ":-46.125159262325,"ROE_YEARLY":3.322072983747,"ROIC_YEARLY":6.79487423943,"TOTAL_ASSETS":1139358000,"TOTAL_LIABILITIES":111028000,"TAX_EBT":29.107509318591,"OCF_SALES":642.38803669159,"TOTAL_PARENT_EQUITY":1028330000,"DEBT_ASSET_RATIO":9.7447860988,"OPERATE_PROFIT":23984000,"PRETAX_PROFIT":23877000,"NETCASH_OPERATE":166674000,"NETCASH_INVEST":2140000,"NETCASH_FINANCE":2340000,"END_CASH":759272000,"DIVI_RATIO":null,"DIVIDEND_RATE":null,"CURRENT_RATIO":10.530191430668,"COMMON_ACS":5000000000,"CURRENTDEBT_DEBT":96.969232986274,"ISSUED_COMMON_SHARES":1690500000,"HK_COMMON_SHARES":1690500000,"PER_SHARES":4000,"TOTAL_MARKET_CAP":140311500,"HKSK_MARKET_CAP":140311500,"PE_TTM":9.765695681322,"PB_TTM":0.115235722872,"REPORT_DATE_SQ":"2019-06-30 00:00:00","REPORT_TYPE_SQ":"2019年中报","OPERATE_INCOME_SQ":100291000,"DPS_HKD":null,"OPERATE_INCOME_QOQ_SQ":-11.157119584446,"NET_PROFIT_RATIO_SQ":66.3309768573,"HOLDER_PROFIT_SQ":66524000,"HOLDER_PROFIT_QOQ_SQ":-6.301397801686,"ROE_AVG_SQ":7.410373788103,"PE_TTM_SQ":35.991313646954,"PB_TTM_SQ":0.110013146539,"ROA_SQ":5.387160670585,"START_DATE":"2020-01-01 00:00:00","FISCAL_YEAR":"12-31","CURRENCY":"HKD","IS_CNY_CODE":0,"DPS_HKD_LY":null,"ORG_TYPE":"一般企业","PREMIUM_INCOME":null,"PREMIUM_INCOME_YOY":null,"NET_INTEREST_INCOME":null,"NET_INTEREST_INCOME_YOY":null,"FEE_COMMISSION_INCOME":null,"FEE_COMMISSION_INCOME_YOY":null,"ACCOUNTS_RECE_TDAYS":0.641663884458,"INVENTORY_TDAYS":null,"CURRENT_ASSETS_TDAYS":0.022273166054,"TOTAL_ASSETS_TDAYS":0.022139717609,"PREMIUM_EXPENSE":null,"LOAN_DEPOSIT":null,"LOAN_EQUITY":null,"LOAN_ASSETS":null,"DEPOSIT_EQUITY":null,"DEPOSIT_ASSETS":null,"EQUITY_MULTIPLIER":1.107969231666,"EQUITY_RATIO":0.107969231667}],"count":21},"success":true,"message":"ok","code":0}