{"version":"89a2f9a154394d1a2f416bf543fbb31e","result":{"pages":4,"data":[{"SECUCODE":"01570.HK","SECURITY_CODE":"01570","SECURITY_NAME_ABBR":"伟业控股","ORG_CODE":"10492639","STD_REPORT_DATE":"2024-06-30 00:00:00","REPORT_DATE":"2024-06-30 00:00:00","DATE_TYPE_CODE":"002","REPORT_TYPE":"2024年中报","PER_NETCASH_OPERATE":-0.994248030032,"PER_OI":0.299368053801,"BPS":6.209138983296,"BASIC_EPS":-0.3656,"DILUTED_EPS":-0.3656,"OPERATE_INCOME":58716000,"OPERATE_INCOME_YOY":-95.6571134405,"GROSS_PROFIT":20989000,"GROSS_PROFIT_YOY":-60.687394643192,"HOLDER_PROFIT":-71710000,"HOLDER_PROFIT_YOY":-71.399206463,"GROSS_PROFIT_RATIO":35.746644866817,"EPS_TTM":-0.420653006178,"OPERATE_INCOME_QOQ":-80.216890920019,"NET_PROFIT_RATIO":-108.7574085428,"ROE_AVG":-5.720441824558,"GROSS_PROFIT_QOQ":-26.774809318007,"ROA":-1.827716268395,"HOLDER_PROFIT_QOQ":-56.756345949232,"ROE_YEARLY":-11.440883649117,"ROIC_YEARLY":-4.190317305073,"TOTAL_ASSETS":3987925000,"TOTAL_LIABILITIES":2323478000,"TAX_EBT":25.091497747748,"OCF_SALES":-332.1156073302,"TOTAL_PARENT_EQUITY":1217818000,"DEBT_ASSET_RATIO":58.2628309208,"OPERATE_PROFIT":-67079000,"PRETAX_PROFIT":-85248000,"NETCASH_OPERATE":-195005000,"NETCASH_INVEST":7102000,"NETCASH_FINANCE":164378000,"END_CASH":18083000,"DIVI_RATIO":null,"DIVIDEND_RATE":null,"CURRENT_RATIO":1.860657126048,"COMMON_ACS":null,"CURRENTDEBT_DEBT":71.910343028856,"ISSUED_COMMON_SHARES":196133152,"HK_COMMON_SHARES":196133152,"PER_SHARES":1000,"TOTAL_MARKET_CAP":368730325.76,"HKSK_MARKET_CAP":368730325.76,"PE_TTM":-4.039950981357,"PB_TTM":0.276340794531,"REPORT_DATE_SQ":"2023-06-30 00:00:00","REPORT_TYPE_SQ":"2023年中报","OPERATE_INCOME_SQ":1352004000,"DPS_HKD":null,"OPERATE_INCOME_QOQ_SQ":17.293709219618,"NET_PROFIT_RATIO_SQ":-4.1925911462,"HOLDER_PROFIT_SQ":-41838000,"HOLDER_PROFIT_QOQ_SQ":-1028.8131147541,"ROE_AVG_SQ":-3.155309510764,"PE_TTM_SQ":-6.599299304808,"PB_TTM_SQ":0.371391592366,"ROA_SQ":-0.856957810016,"START_DATE":"2024-01-01 00:00:00","FISCAL_YEAR":"12-31","CURRENCY":"HKD","IS_CNY_CODE":0,"DPS_HKD_LY":null,"ORG_TYPE":"一般企业","PREMIUM_INCOME":null,"PREMIUM_INCOME_YOY":null,"NET_INTEREST_INCOME":null,"NET_INTEREST_INCOME_YOY":null,"FEE_COMMISSION_INCOME":null,"FEE_COMMISSION_INCOME_YOY":null,"ACCOUNTS_RECE_TDAYS":0.07029246627,"INVENTORY_TDAYS":0.02021021798,"CURRENT_ASSETS_TDAYS":0.019296741629,"TOTAL_ASSETS_TDAYS":0.014965303084,"PREMIUM_EXPENSE":null,"LOAN_DEPOSIT":null,"LOAN_EQUITY":null,"LOAN_ASSETS":null,"DEPOSIT_EQUITY":null,"DEPOSIT_ASSETS":null,"EQUITY_MULTIPLIER":2.395945920775,"EQUITY_RATIO":1.907902494461},{"SECUCODE":"01570.HK","SECURITY_CODE":"01570","SECURITY_NAME_ABBR":"伟业控股","ORG_CODE":"10492639","STD_REPORT_DATE":"2023-12-31 00:00:00","REPORT_DATE":"2023-12-31 00:00:00","DATE_TYPE_CODE":"001","REPORT_TYPE":"2023年年报","PER_NETCASH_OPERATE":-1.476323594698,"PER_OI":8.220124867009,"BPS":6.573753528419,"BASIC_EPS":-0.2683,"DILUTED_EPS":-0.2683,"OPERATE_INCOME":1612239000,"OPERATE_INCOME_YOY":21.5440286777,"GROSS_PROFIT":121013000,"GROSS_PROFIT_YOY":-41.32304738261,"HOLDER_PROFIT":-52632000,"HOLDER_PROFIT_YOY":-790.2557377049,"GROSS_PROFIT_RATIO":7.505897078535,"EPS_TTM":-0.268348310642,"OPERATE_INCOME_QOQ":3.623655084648,"NET_PROFIT_RATIO":-5.9309444816,"ROE_AVG":-3.992796095204,"GROSS_PROFIT_QOQ":544.268753660225,"ROA":-1.108065549597,"HOLDER_PROFIT_QOQ":25.684109457513,"ROE_YEARLY":-3.992796095204,"ROIC_YEARLY":-1.298592512935,"TOTAL_ASSETS":3859026000,"TOTAL_LIABILITIES":2131086000,"TAX_EBT":-100.682085292142,"OCF_SALES":-17.959868232936,"TOTAL_PARENT_EQUITY":1289331000,"DEBT_ASSET_RATIO":55.2234164787,"OPERATE_PROFIT":-27530000,"PRETAX_PROFIT":-47648000,"NETCASH_OPERATE":-289556000,"NETCASH_INVEST":7689000,"NETCASH_FINANCE":228728000,"END_CASH":41423000,"DIVI_RATIO":null,"DIVIDEND_RATE":null,"CURRENT_RATIO":1.930198644149,"COMMON_ACS":null,"CURRENTDEBT_DEBT":72.367093585149,"ISSUED_COMMON_SHARES":196133152,"HK_COMMON_SHARES":196133152,"PER_SHARES":1000,"TOTAL_MARKET_CAP":215746467.2,"HKSK_MARKET_CAP":215746467.2,"PE_TTM":-2.363801106113,"PB_TTM":0.161688762758,"REPORT_DATE_SQ":"2022-12-31 00:00:00","REPORT_TYPE_SQ":"2022年年报","OPERATE_INCOME_SQ":1326465000,"DPS_HKD":null,"OPERATE_INCOME_QOQ_SQ":-16.206363304431,"NET_PROFIT_RATIO_SQ":3.5210880046,"HOLDER_PROFIT_SQ":7625000,"HOLDER_PROFIT_QOQ_SQ":658.199121522694,"ROE_AVG_SQ":0.565755435611,"PE_TTM_SQ":-5.368086747941,"PB_TTM_SQ":0.302102116178,"ROA_SQ":0.111742961586,"START_DATE":"2023-01-01 00:00:00","FISCAL_YEAR":"12-31","CURRENCY":"HKD","IS_CNY_CODE":0,"DPS_HKD_LY":null,"ORG_TYPE":"一般企业","PREMIUM_INCOME":null,"PREMIUM_INCOME_YOY":null,"NET_INTEREST_INCOME":null,"NET_INTEREST_INCOME_YOY":null,"FEE_COMMISSION_INCOME":null,"FEE_COMMISSION_INCOME_YOY":null,"ACCOUNTS_RECE_TDAYS":2.178402556947,"INVENTORY_TDAYS":0.581709623826,"CURRENT_ASSETS_TDAYS":0.417522521379,"TOTAL_ASSETS_TDAYS":0.33942591838,"PREMIUM_EXPENSE":null,"LOAN_DEPOSIT":null,"LOAN_EQUITY":null,"LOAN_ASSETS":null,"DEPOSIT_EQUITY":null,"DEPOSIT_ASSETS":null,"EQUITY_MULTIPLIER":2.233310184383,"EQUITY_RATIO":1.652861832997},{"SECUCODE":"01570.HK","SECURITY_CODE":"01570","SECURITY_NAME_ABBR":"伟业控股","ORG_CODE":"10492639","STD_REPORT_DATE":"2023-06-30 00:00:00","REPORT_DATE":"2023-06-30 00:00:00","DATE_TYPE_CODE":"002","REPORT_TYPE":"2023年中报","PER_NETCASH_OPERATE":-1.226585090521,"PER_OI":6.893296651858,"BPS":6.653102684038,"BASIC_EPS":-0.2133,"DILUTED_EPS":-0.2133,"OPERATE_INCOME":1352004000,"OPERATE_INCOME_YOY":20.4340959319,"GROSS_PROFIT":53390000,"GROSS_PROFIT_YOY":-77.832031655477,"HOLDER_PROFIT":-41838000,"HOLDER_PROFIT_YOY":-214.2833729411,"GROSS_PROFIT_RATIO":3.948952813749,"EPS_TTM":-0.361091428337,"OPERATE_INCOME_QOQ":17.293709219618,"NET_PROFIT_RATIO":-4.1925911462,"ROE_AVG":-3.155309510764,"GROSS_PROFIT_QOQ":-90.892472701177,"ROA":-0.856957810016,"HOLDER_PROFIT_QOQ":-1028.8131147541,"ROE_YEARLY":-6.310619021528,"ROIC_YEARLY":-2.024548583081,"TOTAL_ASSETS":4123535000,"TOTAL_LIABILITIES":2352832000,"TAX_EBT":-18303.8961038961,"OCF_SALES":-17.793882266621,"TOTAL_PARENT_EQUITY":1304894000,"DEBT_ASSET_RATIO":57.0586159691,"OPERATE_PROFIT":13658000,"PRETAX_PROFIT":-308000,"NETCASH_OPERATE":-240574000,"NETCASH_INVEST":17208000,"NETCASH_FINANCE":236505000,"END_CASH":100964000,"DIVI_RATIO":null,"DIVIDEND_RATE":null,"CURRENT_RATIO":1.712006327833,"COMMON_ACS":null,"CURRENTDEBT_DEBT":80.868714808367,"ISSUED_COMMON_SHARES":196133152,"HK_COMMON_SHARES":196133152,"PER_SHARES":1000,"TOTAL_MARKET_CAP":215746467.2,"HKSK_MARKET_CAP":215746467.2,"PE_TTM":-2.363801106113,"PB_TTM":0.161688762758,"REPORT_DATE_SQ":"2022-06-30 00:00:00","REPORT_TYPE_SQ":"2022年中报","OPERATE_INCOME_SQ":1122609000,"DPS_HKD":null,"OPERATE_INCOME_QOQ_SQ":55.298242584893,"NET_PROFIT_RATIO_SQ":7.2441072537,"HOLDER_PROFIT_SQ":36609000,"HOLDER_PROFIT_QOQ_SQ":98.933062563462,"ROE_AVG_SQ":2.68082026114,"PE_TTM_SQ":-5.368086747941,"PB_TTM_SQ":0.302102116178,"ROA_SQ":0.50134442995,"START_DATE":"2023-01-01 00:00:00","FISCAL_YEAR":"12-31","CURRENCY":"HKD","IS_CNY_CODE":0,"DPS_HKD_LY":null,"ORG_TYPE":"一般企业","PREMIUM_INCOME":null,"PREMIUM_INCOME_YOY":null,"NET_INTEREST_INCOME":null,"NET_INTEREST_INCOME_YOY":null,"FEE_COMMISSION_INCOME":null,"FEE_COMMISSION_INCOME_YOY":null,"ACCOUNTS_RECE_TDAYS":1.791224878874,"INVENTORY_TDAYS":0.491127948305,"CURRENT_ASSETS_TDAYS":0.337850445395,"TOTAL_ASSETS_TDAYS":0.2769277659,"PREMIUM_EXPENSE":null,"LOAN_DEPOSIT":null,"LOAN_EQUITY":null,"LOAN_ASSETS":null,"DEPOSIT_EQUITY":null,"DEPOSIT_ASSETS":null,"EQUITY_MULTIPLIER":2.328755867022,"EQUITY_RATIO":1.803082855772},{"SECUCODE":"01570.HK","SECURITY_CODE":"01570","SECURITY_NAME_ABBR":"伟业控股","ORG_CODE":"10492639","STD_REPORT_DATE":"2022-12-31 00:00:00","REPORT_DATE":"2022-12-31 00:00:00","DATE_TYPE_CODE":"001","REPORT_TYPE":"2022年年报","PER_NETCASH_OPERATE":0.178954958109,"PER_OI":6.763084090955,"BPS":6.867870047793,"BASIC_EPS":0.0389,"DILUTED_EPS":0.0389,"OPERATE_INCOME":1326465000,"OPERATE_INCOME_YOY":30.1300451862,"GROSS_PROFIT":206236000,"GROSS_PROFIT_YOY":19.73409968359,"HOLDER_PROFIT":7625000,"HOLDER_PROFIT_YOY":105.955635398,"GROSS_PROFIT_RATIO":15.547790556102,"EPS_TTM":0.038876650491,"OPERATE_INCOME_QOQ":-16.206363304431,"NET_PROFIT_RATIO":3.5210880046,"ROE_AVG":0.565755435611,"GROSS_PROFIT_QOQ":-42.773581659665,"ROA":0.111742961586,"HOLDER_PROFIT_QOQ":658.199121522694,"ROE_YEARLY":0.565755435611,"ROIC_YEARLY":0.135666633365,"TOTAL_ASSETS":5640773000,"TOTAL_LIABILITIES":3808097000,"TAX_EBT":18.610810999198,"OCF_SALES":2.64605549336,"TOTAL_PARENT_EQUITY":1347017000,"DEBT_ASSET_RATIO":67.5101976272,"OPERATE_PROFIT":81560000,"PRETAX_PROFIT":57386000,"NETCASH_OPERATE":35099000,"NETCASH_INVEST":187753000,"NETCASH_FINANCE":-566179000,"END_CASH":93419000,"DIVI_RATIO":null,"DIVIDEND_RATE":null,"CURRENT_RATIO":1.377808962669,"COMMON_ACS":null,"CURRENTDEBT_DEBT":90.456939515984,"ISSUED_COMMON_SHARES":196133152,"HK_COMMON_SHARES":196133152,"PER_SHARES":1000,"TOTAL_MARKET_CAP":215746467.2,"HKSK_MARKET_CAP":215746467.2,"PE_TTM":-2.363801106113,"PB_TTM":0.161688762758,"REPORT_DATE_SQ":"2021-12-31 00:00:00","REPORT_TYPE_SQ":"2021年年报","OPERATE_INCOME_SQ":1019338000,"DPS_HKD":null,"OPERATE_INCOME_QOQ_SQ":-68.962696031191,"NET_PROFIT_RATIO_SQ":-7.592378583,"HOLDER_PROFIT_SQ":-128030000,"HOLDER_PROFIT_QOQ_SQ":-640.051461593622,"ROE_AVG_SQ":-9.074870695674,"PE_TTM_SQ":-5.368086747941,"PB_TTM_SQ":0.302102116178,"ROA_SQ":-1.620341044898,"START_DATE":"2022-01-01 00:00:00","FISCAL_YEAR":"12-31","CURRENCY":"HKD","IS_CNY_CODE":0,"DPS_HKD_LY":null,"ORG_TYPE":"一般企业","PREMIUM_INCOME":null,"PREMIUM_INCOME_YOY":null,"NET_INTEREST_INCOME":null,"NET_INTEREST_INCOME_YOY":null,"FEE_COMMISSION_INCOME":null,"FEE_COMMISSION_INCOME_YOY":null,"ACCOUNTS_RECE_TDAYS":2.147707567287,"INVENTORY_TDAYS":0.27740494663,"CURRENT_ASSETS_TDAYS":0.224097134184,"TOTAL_ASSETS_TDAYS":0.194390986937,"PREMIUM_EXPENSE":null,"LOAN_DEPOSIT":null,"LOAN_EQUITY":null,"LOAN_ASSETS":null,"DEPOSIT_EQUITY":null,"DEPOSIT_ASSETS":null,"EQUITY_MULTIPLIER":3.077888835782,"EQUITY_RATIO":2.82705934669},{"SECUCODE":"01570.HK","SECURITY_CODE":"01570","SECURITY_NAME_ABBR":"伟业控股","ORG_CODE":"10492639","STD_REPORT_DATE":"2022-06-30 00:00:00","REPORT_DATE":"2022-06-30 00:00:00","DATE_TYPE_CODE":"002","REPORT_TYPE":"2022年中报","PER_NETCASH_OPERATE":1.054966984878,"PER_OI":5.72370855489,"BPS":7.04972609628,"BASIC_EPS":0.1867,"DILUTED_EPS":0.1867,"OPERATE_INCOME":1122609000,"OPERATE_INCOME_YOY":100.8485811358,"GROSS_PROFIT":240843000,"GROSS_PROFIT_YOY":356.990247049448,"HOLDER_PROFIT":36609000,"HOLDER_PROFIT_YOY":140.6518238854,"GROSS_PROFIT_RATIO":21.453863277419,"EPS_TTM":-0.006964656337,"OPERATE_INCOME_QOQ":55.298242584893,"NET_PROFIT_RATIO":7.2441072537,"ROE_AVG":2.68082026114,"GROSS_PROFIT_QOQ":109.228714911899,"ROA":0.50134442995,"HOLDER_PROFIT_QOQ":98.933062563462,"ROE_YEARLY":5.36164052228,"ROIC_YEARLY":1.235655386517,"TOTAL_ASSETS":6597712000,"TOTAL_LIABILITIES":4576877000,"TAX_EBT":52.334536843833,"OCF_SALES":18.431528697882,"TOTAL_PARENT_EQUITY":1382685000,"DEBT_ASSET_RATIO":69.370669711,"OPERATE_PROFIT":179303000,"PRETAX_PROFIT":170612000,"NETCASH_OPERATE":206914000,"NETCASH_INVEST":68179000,"NETCASH_FINANCE":-467981000,"END_CASH":236549000,"DIVI_RATIO":null,"DIVIDEND_RATE":null,"CURRENT_RATIO":1.39544160676,"COMMON_ACS":null,"CURRENTDEBT_DEBT":89.091775898719,"ISSUED_COMMON_SHARES":196133152,"HK_COMMON_SHARES":196133152,"PER_SHARES":1000,"TOTAL_MARKET_CAP":215746467.2,"HKSK_MARKET_CAP":215746467.2,"PE_TTM":-2.363801106113,"PB_TTM":0.161688762758,"REPORT_DATE_SQ":"2021-06-30 00:00:00","REPORT_TYPE_SQ":"2021年中报","OPERATE_INCOME_SQ":558933000,"DPS_HKD":null,"OPERATE_INCOME_QOQ_SQ":18.228449690986,"NET_PROFIT_RATIO_SQ":-15.3617696575,"HOLDER_PROFIT_SQ":-90055000,"HOLDER_PROFIT_QOQ_SQ":1.834192439863,"ROE_AVG_SQ":-6.296744438738,"PE_TTM_SQ":-5.368086747941,"PB_TTM_SQ":0.302102116178,"ROA_SQ":-1.122431046925,"START_DATE":"2022-01-01 00:00:00","FISCAL_YEAR":"12-31","CURRENCY":"HKD","IS_CNY_CODE":0,"DPS_HKD_LY":null,"ORG_TYPE":"一般企业","PREMIUM_INCOME":null,"PREMIUM_INCOME_YOY":null,"NET_INTEREST_INCOME":null,"NET_INTEREST_INCOME_YOY":null,"FEE_COMMISSION_INCOME":null,"FEE_COMMISSION_INCOME_YOY":null,"ACCOUNTS_RECE_TDAYS":2.126816025068,"INVENTORY_TDAYS":0.195761895691,"CURRENT_ASSETS_TDAYS":0.175651042726,"TOTAL_ASSETS_TDAYS":0.153736449824,"PREMIUM_EXPENSE":null,"LOAN_DEPOSIT":null,"LOAN_EQUITY":null,"LOAN_ASSETS":null,"DEPOSIT_EQUITY":null,"DEPOSIT_ASSETS":null,"EQUITY_MULTIPLIER":3.264844482607,"EQUITY_RATIO":3.310137160669},{"SECUCODE":"01570.HK","SECURITY_CODE":"01570","SECURITY_NAME_ABBR":"伟业控股","ORG_CODE":"10492639","STD_REPORT_DATE":"2021-12-31 00:00:00","REPORT_DATE":"2021-12-31 00:00:00","DATE_TYPE_CODE":"001","REPORT_TYPE":"2021年年报","PER_NETCASH_OPERATE":4.410830046723,"PER_OI":5.197173397795,"BPS":6.87540064619,"BASIC_EPS":-0.6528,"DILUTED_EPS":-0.6528,"OPERATE_INCOME":1019338000,"OPERATE_INCOME_YOY":-63.3050766918,"GROSS_PROFIT":172245000,"GROSS_PROFIT_YOY":-72.947567801881,"HOLDER_PROFIT":-128030000,"HOLDER_PROFIT_YOY":-649.9570446735,"GROSS_PROFIT_RATIO":16.897731665061,"EPS_TTM":-0.652770827851,"OPERATE_INCOME_QOQ":-68.962696031191,"NET_PROFIT_RATIO":-7.592378583,"ROE_AVG":-9.074870695674,"GROSS_PROFIT_QOQ":-74.804021526548,"ROA":-1.620341044898,"HOLDER_PROFIT_QOQ":-640.051461593622,"ROE_YEARLY":-9.074870695674,"ROIC_YEARLY":-1.98960859583,"TOTAL_ASSETS":8006619000,"TOTAL_LIABILITIES":6062098000,"TAX_EBT":-16.000419683139,"OCF_SALES":84.869788038904,"TOTAL_PARENT_EQUITY":1348494000,"DEBT_ASSET_RATIO":75.7135814755,"OPERATE_PROFIT":-21741000,"PRETAX_PROFIT":-66717000,"NETCASH_OPERATE":865110000,"NETCASH_INVEST":160382000,"NETCASH_FINANCE":-932192000,"END_CASH":434141000,"DIVI_RATIO":null,"DIVIDEND_RATE":null,"CURRENT_RATIO":1.328202816534,"COMMON_ACS":null,"CURRENTDEBT_DEBT":88.083086086698,"ISSUED_COMMON_SHARES":196133152,"HK_COMMON_SHARES":196133152,"PER_SHARES":1000,"TOTAL_MARKET_CAP":215746467.2,"HKSK_MARKET_CAP":215746467.2,"PE_TTM":-2.363801106113,"PB_TTM":0.161688762758,"REPORT_DATE_SQ":"2020-12-31 00:00:00","REPORT_TYPE_SQ":"2020年年报","OPERATE_INCOME_SQ":2777872000,"DPS_HKD":null,"OPERATE_INCOME_QOQ_SQ":340.073570764334,"NET_PROFIT_RATIO_SQ":8.0101962941,"HOLDER_PROFIT_SQ":23280000,"HOLDER_PROFIT_QOQ_SQ":117.269004806836,"ROE_AVG_SQ":1.591402597855,"PE_TTM_SQ":-5.368086747941,"PB_TTM_SQ":0.302102116178,"ROA_SQ":0.279181563895,"START_DATE":"2021-01-01 00:00:00","FISCAL_YEAR":"12-31","CURRENCY":"HKD","IS_CNY_CODE":0,"DPS_HKD_LY":null,"ORG_TYPE":"一般企业","PREMIUM_INCOME":null,"PREMIUM_INCOME_YOY":null,"NET_INTEREST_INCOME":null,"NET_INTEREST_INCOME_YOY":null,"FEE_COMMISSION_INCOME":null,"FEE_COMMISSION_INCOME_YOY":null,"ACCOUNTS_RECE_TDAYS":1.808634029193,"INVENTORY_TDAYS":0.184254054748,"CURRENT_ASSETS_TDAYS":0.148466495713,"TOTAL_ASSETS_TDAYS":0.129006889012,"PREMIUM_EXPENSE":null,"LOAN_DEPOSIT":null,"LOAN_EQUITY":null,"LOAN_ASSETS":null,"DEPOSIT_EQUITY":null,"DEPOSIT_ASSETS":null,"EQUITY_MULTIPLIER":4.117527658478,"EQUITY_RATIO":4.495457895994},{"SECUCODE":"01570.HK","SECURITY_CODE":"01570","SECURITY_NAME_ABBR":"伟业控股","ORG_CODE":"10492639","STD_REPORT_DATE":"2021-06-30 00:00:00","REPORT_DATE":"2021-06-30 00:00:00","DATE_TYPE_CODE":"002","REPORT_TYPE":"2021年中报","PER_NETCASH_OPERATE":-0.618717431309,"PER_OI":2.84976300182,"BPS":7.072863439221,"BASIC_EPS":-0.4592,"DILUTED_EPS":-0.4592,"OPERATE_INCOME":558933000,"OPERATE_INCOME_YOY":963.2166634963,"GROSS_PROFIT":52702000,"GROSS_PROFIT_YOY":810.381758507514,"HOLDER_PROFIT":-90055000,"HOLDER_PROFIT_YOY":0.4719170664,"GROSS_PROFIT_RATIO":9.429037111783,"EPS_TTM":0.120871967631,"OPERATE_INCOME_QOQ":18.228449690986,"NET_PROFIT_RATIO":-15.3617696575,"ROE_AVG":-6.296744438738,"GROSS_PROFIT_QOQ":7.368055686437,"ROA":-1.122431046925,"HOLDER_PROFIT_QOQ":1.834192439863,"ROE_YEARLY":-12.593488877476,"ROIC_YEARLY":-2.729296063311,"TOTAL_ASSETS":8250193000,"TOTAL_LIABILITIES":6315320000,"TAX_EBT":-6.953163926258,"OCF_SALES":-21.711188997608,"TOTAL_PARENT_EQUITY":1387223000,"DEBT_ASSET_RATIO":76.5475425848,"OPERATE_PROFIT":-55567000,"PRETAX_PROFIT":-80280000,"NETCASH_OPERATE":-121351000,"NETCASH_INVEST":40080000,"NETCASH_FINANCE":82969000,"END_CASH":345954000,"DIVI_RATIO":null,"DIVIDEND_RATE":null,"CURRENT_RATIO":1.323507314717,"COMMON_ACS":null,"CURRENTDEBT_DEBT":87.845429843618,"ISSUED_COMMON_SHARES":196133152,"HK_COMMON_SHARES":196133152,"PER_SHARES":1000,"TOTAL_MARKET_CAP":215746467.2,"HKSK_MARKET_CAP":215746467.2,"PE_TTM":-2.363801106113,"PB_TTM":0.161688762758,"REPORT_DATE_SQ":"2020-06-30 00:00:00","REPORT_TYPE_SQ":"2020年中报","OPERATE_INCOME_SQ":52570000,"DPS_HKD":null,"OPERATE_INCOME_QOQ_SQ":-17.276839889812,"NET_PROFIT_RATIO_SQ":-202.7506182233,"HOLDER_PROFIT_SQ":-90482000,"HOLDER_PROFIT_QOQ_SQ":-336.413078666235,"ROE_AVG_SQ":-6.421537508352,"PE_TTM_SQ":-5.368086747941,"PB_TTM_SQ":0.302102116178,"ROA_SQ":-0.989380144297,"START_DATE":"2021-01-01 00:00:00","FISCAL_YEAR":"12-31","CURRENCY":"HKD","IS_CNY_CODE":0,"DPS_HKD_LY":null,"ORG_TYPE":"一般企业","PREMIUM_INCOME":null,"PREMIUM_INCOME_YOY":null,"NET_INTEREST_INCOME":null,"NET_INTEREST_INCOME_YOY":null,"FEE_COMMISSION_INCOME":null,"FEE_COMMISSION_INCOME_YOY":null,"ACCOUNTS_RECE_TDAYS":0.953588455931,"INVENTORY_TDAYS":0.106897993104,"CURRENT_ASSETS_TDAYS":0.079951382588,"TOTAL_ASSETS_TDAYS":0.069664510838,"PREMIUM_EXPENSE":null,"LOAN_DEPOSIT":null,"LOAN_EQUITY":null,"LOAN_ASSETS":null,"DEPOSIT_EQUITY":null,"DEPOSIT_ASSETS":null,"EQUITY_MULTIPLIER":4.263945488936,"EQUITY_RATIO":4.552490839613},{"SECUCODE":"01570.HK","SECURITY_CODE":"01570","SECURITY_NAME_ABBR":"伟业控股","ORG_CODE":"10492639","STD_REPORT_DATE":"2020-12-31 00:00:00","REPORT_DATE":"2020-12-31 00:00:00","DATE_TYPE_CODE":"001","REPORT_TYPE":"2020年年报","PER_NETCASH_OPERATE":1.693446501079,"PER_OI":14.163194603633,"BPS":7.510938283396,"BASIC_EPS":0.1187,"DILUTED_EPS":0.1187,"OPERATE_INCOME":2777872000,"OPERATE_INCOME_YOY":264.042764546,"GROSS_PROFIT":636708000,"GROSS_PROFIT_YOY":279.861111111111,"HOLDER_PROFIT":23280000,"HOLDER_PROFIT_YOY":175.3641955325,"GROSS_PROFIT_RATIO":22.920710529499,"EPS_TTM":0.118694875204,"OPERATE_INCOME_QOQ":340.073570764334,"NET_PROFIT_RATIO":8.0101962941,"ROE_AVG":1.591402597855,"GROSS_PROFIT_QOQ":902.326716307479,"ROA":0.279181563895,"HOLDER_PROFIT_QOQ":117.269004806836,"ROE_YEARLY":1.591402597855,"ROIC_YEARLY":0.333490002964,"TOTAL_ASSETS":7796227000,"TOTAL_LIABILITIES":5779626000,"TAX_EBT":55.963133895917,"OCF_SALES":11.956670429739,"TOTAL_PARENT_EQUITY":1473144000,"DEBT_ASSET_RATIO":74.1336289977,"OPERATE_PROFIT":563309000,"PRETAX_PROFIT":505288000,"NETCASH_OPERATE":332141000,"NETCASH_INVEST":188990000,"NETCASH_FINANCE":-557564000,"END_CASH":344600000,"DIVI_RATIO":null,"DIVIDEND_RATE":null,"CURRENT_RATIO":1.362949487286,"COMMON_ACS":null,"CURRENTDEBT_DEBT":84.284484843829,"ISSUED_COMMON_SHARES":196133152,"HK_COMMON_SHARES":196133152,"PER_SHARES":1000,"TOTAL_MARKET_CAP":215746467.2,"HKSK_MARKET_CAP":215746467.2,"PE_TTM":-2.363801106113,"PB_TTM":0.161688762758,"REPORT_DATE_SQ":"2019-12-31 00:00:00","REPORT_TYPE_SQ":"2019年年报","OPERATE_INCOME_SQ":763062000,"DPS_HKD":null,"OPERATE_INCOME_QOQ_SQ":-50.683874420195,"NET_PROFIT_RATIO_SQ":-7.452343322,"HOLDER_PROFIT_SQ":-30890000,"HOLDER_PROFIT_QOQ_SQ":-120.239413456687,"ROE_AVG_SQ":-2.101886730828,"PE_TTM_SQ":-5.368086747941,"PB_TTM_SQ":0.302102116178,"ROA_SQ":-0.390889701151,"START_DATE":"2020-01-01 00:00:00","FISCAL_YEAR":"12-31","CURRENCY":"HKD","IS_CNY_CODE":0,"DPS_HKD_LY":null,"ORG_TYPE":"一般企业","PREMIUM_INCOME":null,"PREMIUM_INCOME_YOY":null,"NET_INTEREST_INCOME":null,"NET_INTEREST_INCOME_YOY":null,"FEE_COMMISSION_INCOME":null,"FEE_COMMISSION_INCOME_YOY":null,"ACCOUNTS_RECE_TDAYS":2.779435432431,"INVENTORY_TDAYS":0.468922674091,"CURRENT_ASSETS_TDAYS":0.378827141856,"TOTAL_ASSETS_TDAYS":0.333131722191,"PREMIUM_EXPENSE":null,"LOAN_DEPOSIT":null,"LOAN_EQUITY":null,"LOAN_ASSETS":null,"DEPOSIT_EQUITY":null,"DEPOSIT_ASSETS":null,"EQUITY_MULTIPLIER":3.866023571343,"EQUITY_RATIO":3.923327251104},{"SECUCODE":"01570.HK","SECURITY_CODE":"01570","SECURITY_NAME_ABBR":"伟业控股","ORG_CODE":"10492639","STD_REPORT_DATE":"2020-06-30 00:00:00","REPORT_DATE":"2020-06-30 00:00:00","DATE_TYPE_CODE":"002","REPORT_TYPE":"2020年中报","PER_NETCASH_OPERATE":-1.535242751822,"PER_OI":0.26803219886,"BPS":6.962117245737,"BASIC_EPS":-0.4613,"DILUTED_EPS":-0.4613,"OPERATE_INCOME":52570000,"OPERATE_INCOME_YOY":-71.49178701,"GROSS_PROFIT":5789000,"GROSS_PROFIT_YOY":-94.731621193644,"HOLDER_PROFIT":-90482000,"HOLDER_PROFIT_YOY":-773.4295921405,"GROSS_PROFIT_RATIO":11.011984021305,"EPS_TTM":-0.687328983526,"OPERATE_INCOME_QOQ":-17.276839889812,"NET_PROFIT_RATIO":-202.7506182233,"ROE_AVG":-6.421537508352,"GROSS_PROFIT_QOQ":-62.102066628484,"ROA":-0.989380144297,"HOLDER_PROFIT_QOQ":-336.413078666235,"ROE_YEARLY":-12.843075016705,"ROIC_YEARLY":-2.285311615607,"TOTAL_ASSETS":9409552000,"TOTAL_LIABILITIES":7746082000,"TAX_EBT":9.471109336912,"OCF_SALES":-572.782956058589,"TOTAL_PARENT_EQUITY":1365502000,"DEBT_ASSET_RATIO":82.3214750288,"OPERATE_PROFIT":-93245000,"PRETAX_PROFIT":-117737000,"NETCASH_OPERATE":-301112000,"NETCASH_INVEST":13232000,"NETCASH_FINANCE":215987000,"END_CASH":311974000,"DIVI_RATIO":null,"DIVIDEND_RATE":null,"CURRENT_RATIO":1.353417413525,"COMMON_ACS":null,"CURRENTDEBT_DEBT":78.71634976237,"ISSUED_COMMON_SHARES":196133152,"HK_COMMON_SHARES":196133152,"PER_SHARES":1000,"TOTAL_MARKET_CAP":215746467.2,"HKSK_MARKET_CAP":215746467.2,"PE_TTM":-2.363801106113,"PB_TTM":0.161688762758,"REPORT_DATE_SQ":"2019-06-30 00:00:00","REPORT_TYPE_SQ":"2019年中报","OPERATE_INCOME_SQ":184403000,"DPS_HKD":null,"OPERATE_INCOME_QOQ_SQ":-12.976424753755,"NET_PROFIT_RATIO_SQ":4.3670656117,"HOLDER_PROFIT_SQ":13436000,"HOLDER_PROFIT_QOQ_SQ":-8.267318996502,"ROE_AVG_SQ":0.900015607594,"PE_TTM_SQ":-5.368086747941,"PB_TTM_SQ":0.302102116178,"ROA_SQ":0.18541500407,"START_DATE":"2020-01-01 00:00:00","FISCAL_YEAR":"12-31","CURRENCY":"HKD","IS_CNY_CODE":0,"DPS_HKD_LY":null,"ORG_TYPE":"一般企业","PREMIUM_INCOME":null,"PREMIUM_INCOME_YOY":null,"NET_INTEREST_INCOME":null,"NET_INTEREST_INCOME_YOY":null,"FEE_COMMISSION_INCOME":null,"FEE_COMMISSION_INCOME_YOY":null,"ACCOUNTS_RECE_TDAYS":0.039906098832,"INVENTORY_TDAYS":0.009399506346,"CURRENT_ASSETS_TDAYS":0.006458769718,"TOTAL_ASSETS_TDAYS":0.005748294046,"PREMIUM_EXPENSE":null,"LOAN_DEPOSIT":null,"LOAN_EQUITY":null,"LOAN_ASSETS":null,"DEPOSIT_EQUITY":null,"DEPOSIT_ASSETS":null,"EQUITY_MULTIPLIER":5.656580521447,"EQUITY_RATIO":5.672699124571}],"count":30},"success":true,"message":"ok","code":0}