{"version":"172fdef9ab05b3bf124914091c08b821","result":{"pages":3,"data":[{"SECUCODE":"01577.HK","SECURITY_CODE":"01577","SECURITY_NAME_ABBR":"汇鑫小贷","ORG_CODE":"10430989","STD_REPORT_DATE":"2024-06-30 00:00:00","REPORT_DATE":"2024-06-30 00:00:00","DATE_TYPE_CODE":"002","REPORT_TYPE":"2024年中报","PER_NETCASH_OPERATE":0.174507155882,"PER_OI":0.111254444118,"BPS":1.703220151471,"BASIC_EPS":0.05,"DILUTED_EPS":0.05,"OPERATE_INCOME":75653022,"OPERATE_INCOME_YOY":-5.8918702842,"GROSS_PROFIT":null,"GROSS_PROFIT_YOY":null,"HOLDER_PROFIT":33251157,"HOLDER_PROFIT_YOY":-4.5230275697,"GROSS_PROFIT_RATIO":null,"EPS_TTM":0.092999591176,"OPERATE_INCOME_QOQ":-3.15967548338,"NET_PROFIT_RATIO":48.4195396715,"ROE_AVG":2.869837422065,"GROSS_PROFIT_QOQ":null,"ROA":2.559167821509,"HOLDER_PROFIT_QOQ":-2.43031358455,"ROE_YEARLY":5.739674844131,"ROIC_YEARLY":6.206621584945,"TOTAL_ASSETS":1295713819,"TOTAL_LIABILITIES":51286288,"TAX_EBT":21.593545005187,"OCF_SALES":156.854098967785,"TOTAL_PARENT_EQUITY":1158189703,"DEBT_ASSET_RATIO":3.9581493419,"OPERATE_PROFIT":46719170,"PRETAX_PROFIT":46719170,"NETCASH_OPERATE":118664866,"NETCASH_INVEST":-53211950,"NETCASH_FINANCE":-28486468,"END_CASH":148495199,"DIVI_RATIO":0.535617351752,"DIVIDEND_RATE":7.529726027397,"CURRENT_RATIO":null,"COMMON_ACS":null,"CURRENTDEBT_DEBT":null,"ISSUED_COMMON_SHARES":680000000,"HK_COMMON_SHARES":180000000,"PER_SHARES":2000,"TOTAL_MARKET_CAP":496400000,"HKSK_MARKET_CAP":131400000,"PE_TTM":7.073111409604,"PB_TTM":0.391174563913,"REPORT_DATE_SQ":"2023-06-30 00:00:00","REPORT_TYPE_SQ":"2023年中报","OPERATE_INCOME_SQ":80389465,"DPS_HKD":0.054967,"OPERATE_INCOME_QOQ_SQ":16.935089425049,"NET_PROFIT_RATIO_SQ":53.2322761446,"HOLDER_PROFIT_SQ":34826363,"HOLDER_PROFIT_QOQ_SQ":20.053508576318,"ROE_AVG_SQ":3.085546200571,"PE_TTM_SQ":5.149149852059,"PB_TTM_SQ":0.333155234444,"ROA_SQ":2.632410105764,"START_DATE":"2024-01-01 00:00:00","FISCAL_YEAR":"12-31","CURRENCY":"HKD","IS_CNY_CODE":0,"DPS_HKD_LY":0.054967,"ORG_TYPE":"银行","PREMIUM_INCOME":null,"PREMIUM_INCOME_YOY":null,"NET_INTEREST_INCOME":58679128,"NET_INTEREST_INCOME_YOY":-13.839311128301,"FEE_COMMISSION_INCOME":null,"FEE_COMMISSION_INCOME_YOY":null,"ACCOUNTS_RECE_TDAYS":null,"INVENTORY_TDAYS":null,"CURRENT_ASSETS_TDAYS":null,"TOTAL_ASSETS_TDAYS":0.058226178266,"PREMIUM_EXPENSE":null,"LOAN_DEPOSIT":null,"LOAN_EQUITY":0.614180044205,"LOAN_ASSETS":58.986988082744,"DEPOSIT_EQUITY":null,"DEPOSIT_ASSETS":null,"EQUITY_MULTIPLIER":1.041212755843,"EQUITY_RATIO":0.044281422868},{"SECUCODE":"01577.HK","SECURITY_CODE":"01577","SECURITY_NAME_ABBR":"汇鑫小贷","ORG_CODE":"10430989","STD_REPORT_DATE":"2023-12-31 00:00:00","REPORT_DATE":"2023-12-31 00:00:00","DATE_TYPE_CODE":"001","REPORT_TYPE":"2023年年报","PER_NETCASH_OPERATE":0.099423211765,"PER_OI":0.220445339706,"BPS":1.704552004412,"BASIC_EPS":0.1,"DILUTED_EPS":0.1,"OPERATE_INCOME":149902831,"OPERATE_INCOME_YOY":16.7060586942,"GROSS_PROFIT":null,"GROSS_PROFIT_YOY":null,"HOLDER_PROFIT":64814928,"HOLDER_PROFIT_YOY":6.7788139527,"GROSS_PROFIT_RATIO":null,"EPS_TTM":0.095316070588,"OPERATE_INCOME_QOQ":-0.195861423579,"NET_PROFIT_RATIO":50.8260814634,"ROE_AVG":5.667186656139,"GROSS_PROFIT_QOQ":null,"ROA":4.931083178359,"HOLDER_PROFIT_QOQ":-11.057315009816,"ROE_YEARLY":5.667186656139,"ROIC_YEARLY":6.019178908355,"TOTAL_ASSETS":1302877545,"TOTAL_LIABILITIES":34356033,"TAX_EBT":23.480498853444,"OCF_SALES":45.10107217388,"TOTAL_PARENT_EQUITY":1159095363,"DEBT_ASSET_RATIO":2.6369349239,"OPERATE_PROFIT":99569043,"PRETAX_PROFIT":99569043,"NETCASH_OPERATE":67607784,"NETCASH_INVEST":-9355462,"NETCASH_FINANCE":-77845293,"END_CASH":111484915,"DIVI_RATIO":0.522600170492,"DIVIDEND_RATE":7.852428571429,"CURRENT_RATIO":null,"COMMON_ACS":null,"CURRENTDEBT_DEBT":null,"ISSUED_COMMON_SHARES":680000000,"HK_COMMON_SHARES":180000000,"PER_SHARES":2000,"TOTAL_MARKET_CAP":476000000,"HKSK_MARKET_CAP":126000000,"PE_TTM":6.78243559825,"PB_TTM":0.375098896903,"REPORT_DATE_SQ":"2022-12-31 00:00:00","REPORT_TYPE_SQ":"2022年年报","OPERATE_INCOME_SQ":128444772,"DPS_HKD":0.054967,"OPERATE_INCOME_QOQ_SQ":8.272360180807,"NET_PROFIT_RATIO_SQ":56.3894963354,"HOLDER_PROFIT_SQ":60700176,"HOLDER_PROFIT_QOQ_SQ":89.726914372616,"ROE_AVG_SQ":5.444302073518,"PE_TTM_SQ":4.290958210049,"PB_TTM_SQ":0.277629362037,"ROA_SQ":4.505253783869,"START_DATE":"2023-01-01 00:00:00","FISCAL_YEAR":"12-31","CURRENCY":"HKD","IS_CNY_CODE":0,"DPS_HKD_LY":0.055002,"ORG_TYPE":"银行","PREMIUM_INCOME":null,"PREMIUM_INCOME_YOY":null,"NET_INTEREST_INCOME":139378944,"NET_INTEREST_INCOME_YOY":2.78864733636,"FEE_COMMISSION_INCOME":null,"FEE_COMMISSION_INCOME_YOY":null,"ACCOUNTS_RECE_TDAYS":null,"INVENTORY_TDAYS":null,"CURRENT_ASSETS_TDAYS":null,"TOTAL_ASSETS_TDAYS":0.114045228644,"PREMIUM_EXPENSE":null,"LOAN_DEPOSIT":null,"LOAN_EQUITY":0.679175508535,"LOAN_ASSETS":66.126609235559,"DEPOSIT_EQUITY":null,"DEPOSIT_ASSETS":null,"EQUITY_MULTIPLIER":1.027083524146,"EQUITY_RATIO":0.029640385163},{"SECUCODE":"01577.HK","SECURITY_CODE":"01577","SECURITY_NAME_ABBR":"汇鑫小贷","ORG_CODE":"10430989","STD_REPORT_DATE":"2023-06-30 00:00:00","REPORT_DATE":"2023-06-30 00:00:00","DATE_TYPE_CODE":"002","REPORT_TYPE":"2023年中报","PER_NETCASH_OPERATE":-0.018707258824,"PER_OI":0.118219801471,"BPS":1.660451173529,"BASIC_EPS":0.05,"DILUTED_EPS":0.05,"OPERATE_INCOME":80389465,"OPERATE_INCOME_YOY":37.096291455,"GROSS_PROFIT":null,"GROSS_PROFIT_YOY":null,"HOLDER_PROFIT":34826363,"HOLDER_PROFIT_YOY":53.7326594581,"GROSS_PROFIT_RATIO":null,"EPS_TTM":0.107165722059,"OPERATE_INCOME_QOQ":16.935089425049,"NET_PROFIT_RATIO":53.2322761446,"ROE_AVG":3.085546200571,"GROSS_PROFIT_QOQ":null,"ROA":2.632410105764,"HOLDER_PROFIT_QOQ":20.053508576318,"ROE_YEARLY":6.171092401141,"ROIC_YEARLY":6.337417407439,"TOTAL_ASSETS":1320014171,"TOTAL_LIABILITIES":78859852,"TAX_EBT":23.916160022064,"OCF_SALES":-15.824133174664,"TOTAL_PARENT_EQUITY":1129106798,"DEBT_ASSET_RATIO":5.9741670758,"OPERATE_PROFIT":56244719,"PRETAX_PROFIT":56244719,"NETCASH_OPERATE":-12720936,"NETCASH_INVEST":-10126,"NETCASH_FINANCE":-37110248,"END_CASH":81471488,"DIVI_RATIO":0.464814623398,"DIVIDEND_RATE":7.852428571429,"CURRENT_RATIO":null,"COMMON_ACS":null,"CURRENTDEBT_DEBT":null,"ISSUED_COMMON_SHARES":680000000,"HK_COMMON_SHARES":180000000,"PER_SHARES":2000,"TOTAL_MARKET_CAP":476000000,"HKSK_MARKET_CAP":126000000,"PE_TTM":6.78243559825,"PB_TTM":0.375098896903,"REPORT_DATE_SQ":"2022-06-30 00:00:00","REPORT_TYPE_SQ":"2022年中报","OPERATE_INCOME_SQ":58637228,"DPS_HKD":0.054967,"OPERATE_INCOME_QOQ_SQ":-9.761932533263,"NET_PROFIT_RATIO_SQ":43.574210227,"HOLDER_PROFIT_SQ":22653848,"HOLDER_PROFIT_QOQ_SQ":-23.967657199548,"ROE_AVG_SQ":2.067131993604,"PE_TTM_SQ":4.290958210049,"PB_TTM_SQ":0.277629362037,"ROA_SQ":1.671810771935,"START_DATE":"2023-01-01 00:00:00","FISCAL_YEAR":"12-31","CURRENCY":"HKD","IS_CNY_CODE":0,"DPS_HKD_LY":0.055002,"ORG_TYPE":"银行","PREMIUM_INCOME":null,"PREMIUM_INCOME_YOY":null,"NET_INTEREST_INCOME":68104293,"NET_INTEREST_INCOME_YOY":1.723960083704,"FEE_COMMISSION_INCOME":null,"FEE_COMMISSION_INCOME_YOY":null,"ACCOUNTS_RECE_TDAYS":null,"INVENTORY_TDAYS":null,"CURRENT_ASSETS_TDAYS":null,"TOTAL_ASSETS_TDAYS":0.060763749595,"PREMIUM_EXPENSE":null,"LOAN_DEPOSIT":null,"LOAN_EQUITY":0.717287548673,"LOAN_ASSETS":67.443559210093,"DEPOSIT_EQUITY":null,"DEPOSIT_ASSETS":null,"EQUITY_MULTIPLIER":1.063537507619,"EQUITY_RATIO":0.069842686396},{"SECUCODE":"01577.HK","SECURITY_CODE":"01577","SECURITY_NAME_ABBR":"汇鑫小贷","ORG_CODE":"10430989","STD_REPORT_DATE":"2022-12-31 00:00:00","REPORT_DATE":"2022-12-31 00:00:00","DATE_TYPE_CODE":"001","REPORT_TYPE":"2022年年报","PER_NETCASH_OPERATE":0.316454442647,"PER_OI":0.188889370588,"BPS":1.659235933824,"BASIC_EPS":0.09,"DILUTED_EPS":0.09,"OPERATE_INCOME":128444772,"OPERATE_INCOME_YOY":-2.2971145722,"GROSS_PROFIT":null,"GROSS_PROFIT_YOY":null,"HOLDER_PROFIT":60700176,"HOLDER_PROFIT_YOY":44.2538179205,"GROSS_PROFIT_RATIO":null,"EPS_TTM":0.089264964706,"OPERATE_INCOME_QOQ":8.272360180807,"NET_PROFIT_RATIO":56.3894963354,"ROE_AVG":5.444302073518,"GROSS_PROFIT_QOQ":null,"ROA":4.505253783869,"HOLDER_PROFIT_QOQ":89.726914372616,"ROE_YEARLY":5.444302073518,"ROIC_YEARLY":5.293302335694,"TOTAL_ASSETS":1325953714,"TOTAL_LIABILITIES":86635537,"TAX_EBT":24.259152438937,"OCF_SALES":167.534277689403,"TOTAL_PARENT_EQUITY":1128280435,"DEBT_ASSET_RATIO":6.5338281484,"OPERATE_PROFIT":95627871,"PRETAX_PROFIT":95627871,"NETCASH_OPERATE":215189021,"NETCASH_INVEST":-1583158,"NETCASH_FINANCE":-111489197,"END_CASH":131077717,"DIVI_RATIO":0.558026263766,"DIVIDEND_RATE":7.852428571429,"CURRENT_RATIO":null,"COMMON_ACS":null,"CURRENTDEBT_DEBT":null,"ISSUED_COMMON_SHARES":680000000,"HK_COMMON_SHARES":180000000,"PER_SHARES":2000,"TOTAL_MARKET_CAP":476000000,"HKSK_MARKET_CAP":126000000,"PE_TTM":6.78243559825,"PB_TTM":0.375098896903,"REPORT_DATE_SQ":"2021-12-31 00:00:00","REPORT_TYPE_SQ":"2021年年报","OPERATE_INCOME_SQ":131464666,"DPS_HKD":0.054967,"OPERATE_INCOME_QOQ_SQ":-20.407540823001,"NET_PROFIT_RATIO_SQ":47.1280480795,"HOLDER_PROFIT_SQ":42078731,"HOLDER_PROFIT_QOQ_SQ":-37.542870438722,"ROE_AVG_SQ":3.844429907773,"PE_TTM_SQ":4.290958210049,"PB_TTM_SQ":0.277629362037,"ROA_SQ":3.141408286376,"START_DATE":"2022-01-01 00:00:00","FISCAL_YEAR":"12-31","CURRENCY":"HKD","IS_CNY_CODE":0,"DPS_HKD_LY":0.058752,"ORG_TYPE":"银行","PREMIUM_INCOME":null,"PREMIUM_INCOME_YOY":null,"NET_INTEREST_INCOME":135597605,"NET_INTEREST_INCOME_YOY":-1.5226150809,"FEE_COMMISSION_INCOME":null,"FEE_COMMISSION_INCOME_YOY":null,"ACCOUNTS_RECE_TDAYS":null,"INVENTORY_TDAYS":null,"CURRENT_ASSETS_TDAYS":null,"TOTAL_ASSETS_TDAYS":0.095333544844,"PREMIUM_EXPENSE":null,"LOAN_DEPOSIT":null,"LOAN_EQUITY":0.64502696308,"LOAN_ASSETS":60.288200980144,"DEPOSIT_EQUITY":null,"DEPOSIT_ASSETS":null,"EQUITY_MULTIPLIER":1.069905806764,"EQUITY_RATIO":0.076785464245},{"SECUCODE":"01577.HK","SECURITY_CODE":"01577","SECURITY_NAME_ABBR":"汇鑫小贷","ORG_CODE":"10430989","STD_REPORT_DATE":"2022-06-30 00:00:00","REPORT_DATE":"2022-06-30 00:00:00","DATE_TYPE_CODE":"002","REPORT_TYPE":"2022年中报","PER_NETCASH_OPERATE":0.074134142647,"PER_OI":0.086231217647,"BPS":1.603285451471,"BASIC_EPS":0.03,"DILUTED_EPS":0.03,"OPERATE_INCOME":58637228,"OPERATE_INCOME_YOY":-17.9562931505,"GROSS_PROFIT":null,"GROSS_PROFIT_YOY":null,"HOLDER_PROFIT":22653848,"HOLDER_PROFIT_YOY":-30.8049870837,"GROSS_PROFIT_RATIO":null,"EPS_TTM":0.047049183824,"OPERATE_INCOME_QOQ":-9.761932533263,"NET_PROFIT_RATIO":43.574210227,"ROE_AVG":2.067131993604,"GROSS_PROFIT_QOQ":null,"ROA":1.671810771935,"HOLDER_PROFIT_QOQ":-23.967657199548,"ROE_YEARLY":4.134263987208,"ROIC_YEARLY":3.7570195719,"TOTAL_ASSETS":1341411271,"TOTAL_LIABILITIES":142316215,"TAX_EBT":25.611768724294,"OCF_SALES":85.971350828521,"TOTAL_PARENT_EQUITY":1090234107,"DEBT_ASSET_RATIO":10.6094393328,"OPERATE_PROFIT":34347784,"PRETAX_PROFIT":34347784,"NETCASH_OPERATE":50411217,"NETCASH_INVEST":-791981,"NETCASH_FINANCE":-48296639,"END_CASH":30287369,"DIVI_RATIO":1.058726011631,"DIVIDEND_RATE":7.852428571429,"CURRENT_RATIO":null,"COMMON_ACS":null,"CURRENTDEBT_DEBT":null,"ISSUED_COMMON_SHARES":680000000,"HK_COMMON_SHARES":180000000,"PER_SHARES":2000,"TOTAL_MARKET_CAP":476000000,"HKSK_MARKET_CAP":126000000,"PE_TTM":6.78243559825,"PB_TTM":0.375098896903,"REPORT_DATE_SQ":"2021-06-30 00:00:00","REPORT_TYPE_SQ":"2021年中报","OPERATE_INCOME_SQ":71470720,"DPS_HKD":0.054967,"OPERATE_INCOME_QOQ_SQ":-0.807856899785,"NET_PROFIT_RATIO_SQ":60.7236515877,"HOLDER_PROFIT_SQ":32739134,"HOLDER_PROFIT_QOQ_SQ":63.937805028321,"ROE_AVG_SQ":3.012255301193,"PE_TTM_SQ":4.290958210049,"PB_TTM_SQ":0.277629362037,"ROA_SQ":2.491810872029,"START_DATE":"2022-01-01 00:00:00","FISCAL_YEAR":"12-31","CURRENCY":"HKD","IS_CNY_CODE":0,"DPS_HKD_LY":0.058752,"ORG_TYPE":"银行","PREMIUM_INCOME":null,"PREMIUM_INCOME_YOY":null,"NET_INTEREST_INCOME":66950100,"NET_INTEREST_INCOME_YOY":1.027006266592,"FEE_COMMISSION_INCOME":null,"FEE_COMMISSION_INCOME_YOY":null,"ACCOUNTS_RECE_TDAYS":null,"INVENTORY_TDAYS":null,"CURRENT_ASSETS_TDAYS":null,"TOTAL_ASSETS_TDAYS":0.043273155804,"PREMIUM_EXPENSE":null,"LOAN_DEPOSIT":null,"LOAN_EQUITY":0.714949121598,"LOAN_ASSETS":63.909702828194,"DEPOSIT_EQUITY":null,"DEPOSIT_ASSETS":null,"EQUITY_MULTIPLIER":1.118686349583,"EQUITY_RATIO":0.130537298445},{"SECUCODE":"01577.HK","SECURITY_CODE":"01577","SECURITY_NAME_ABBR":"汇鑫小贷","ORG_CODE":"10430989","STD_REPORT_DATE":"2021-12-31 00:00:00","REPORT_DATE":"2021-12-31 00:00:00","DATE_TYPE_CODE":"001","REPORT_TYPE":"2021年年报","PER_NETCASH_OPERATE":0.063934466176,"PER_OI":0.193330391176,"BPS":1.619970969118,"BASIC_EPS":0.06,"DILUTED_EPS":0.06,"OPERATE_INCOME":131464666,"OPERATE_INCOME_YOY":-21.1150271776,"GROSS_PROFIT":null,"GROSS_PROFIT_YOY":null,"HOLDER_PROFIT":42078731,"HOLDER_PROFIT_YOY":2.3908472865,"GROSS_PROFIT_RATIO":null,"EPS_TTM":0.061880486765,"OPERATE_INCOME_QOQ":-20.407540823001,"NET_PROFIT_RATIO":47.1280480795,"ROE_AVG":3.844429907773,"GROSS_PROFIT_QOQ":null,"ROA":3.141408286376,"HOLDER_PROFIT_QOQ":-37.542870438722,"ROE_YEARLY":3.844429907773,"ROIC_YEARLY":3.569414933105,"TOTAL_ASSETS":1368685874,"TOTAL_LIABILITIES":161141527,"TAX_EBT":24.629333696793,"OCF_SALES":33.070054732425,"TOTAL_PARENT_EQUITY":1101580259,"DEBT_ASSET_RATIO":11.7734485364,"OPERATE_PROFIT":82202711,"PRETAX_PROFIT":82202711,"NETCASH_OPERATE":43475437,"NETCASH_INVEST":-3168597,"NETCASH_FINANCE":-31047367,"END_CASH":28706821,"DIVI_RATIO":0.804974190481,"DIVIDEND_RATE":7.852428571429,"CURRENT_RATIO":null,"COMMON_ACS":null,"CURRENTDEBT_DEBT":null,"ISSUED_COMMON_SHARES":680000000,"HK_COMMON_SHARES":180000000,"PER_SHARES":2000,"TOTAL_MARKET_CAP":476000000,"HKSK_MARKET_CAP":126000000,"PE_TTM":6.78243559825,"PB_TTM":0.375098896903,"REPORT_DATE_SQ":"2020-12-31 00:00:00","REPORT_TYPE_SQ":"2020年年报","OPERATE_INCOME_SQ":166653624,"DPS_HKD":0.054967,"OPERATE_INCOME_QOQ_SQ":11.598237758676,"NET_PROFIT_RATIO_SQ":32.3574059964,"HOLDER_PROFIT_SQ":41096184,"HOLDER_PROFIT_QOQ_SQ":40.545248554951,"ROE_AVG_SQ":3.791346756034,"PE_TTM_SQ":4.290958210049,"PB_TTM_SQ":0.277629362037,"ROA_SQ":3.123908250417,"START_DATE":"2021-01-01 00:00:00","FISCAL_YEAR":"12-31","CURRENCY":"HKD","IS_CNY_CODE":0,"DPS_HKD_LY":0.06064,"ORG_TYPE":"银行","PREMIUM_INCOME":null,"PREMIUM_INCOME_YOY":null,"NET_INTEREST_INCOME":137694157,"NET_INTEREST_INCOME_YOY":-4.076218266307,"FEE_COMMISSION_INCOME":null,"FEE_COMMISSION_INCOME_YOY":null,"ACCOUNTS_RECE_TDAYS":null,"INVENTORY_TDAYS":null,"CURRENT_ASSETS_TDAYS":null,"TOTAL_ASSETS_TDAYS":0.098145590735,"PREMIUM_EXPENSE":null,"LOAN_DEPOSIT":null,"LOAN_EQUITY":0.814288215951,"LOAN_ASSETS":71.841841190801,"DEPOSIT_EQUITY":null,"DEPOSIT_ASSETS":null,"EQUITY_MULTIPLIER":1.133445638995,"EQUITY_RATIO":0.146282148471},{"SECUCODE":"01577.HK","SECURITY_CODE":"01577","SECURITY_NAME_ABBR":"汇鑫小贷","ORG_CODE":"10430989","STD_REPORT_DATE":"2021-06-30 00:00:00","REPORT_DATE":"2021-06-30 00:00:00","DATE_TYPE_CODE":"002","REPORT_TYPE":"2021年中报","PER_NETCASH_OPERATE":0.139030408824,"PER_OI":0.105104,"BPS":1.597403063235,"BASIC_EPS":0.05,"DILUTED_EPS":0.05,"OPERATE_INCOME":71470720,"OPERATE_INCOME_YOY":-1.8474292093,"GROSS_PROFIT":null,"GROSS_PROFIT_YOY":null,"HOLDER_PROFIT":32739134,"HOLDER_PROFIT_YOY":406.5518348987,"GROSS_PROFIT_RATIO":null,"EPS_TTM":0.099076738235,"OPERATE_INCOME_QOQ":-0.807856899785,"NET_PROFIT_RATIO":60.7236515877,"ROE_AVG":3.012255301193,"GROSS_PROFIT_QOQ":null,"ROA":2.491810872029,"HOLDER_PROFIT_QOQ":63.937805028321,"ROE_YEARLY":6.024510602387,"ROIC_YEARLY":5.94193266216,"TOTAL_ASSETS":1317451715,"TOTAL_LIABILITIES":78061555,"TAX_EBT":24.104639606768,"OCF_SALES":132.278894070187,"TOTAL_PARENT_EQUITY":1086234083,"DEBT_ASSET_RATIO":5.9251928637,"OPERATE_PROFIT":57183510,"PRETAX_PROFIT":57183510,"NETCASH_OPERATE":94540678,"NETCASH_INVEST":870617,"NETCASH_FINANCE":-30952291,"END_CASH":84080540,"DIVI_RATIO":0.502763773084,"DIVIDEND_RATE":7.852428571429,"CURRENT_RATIO":null,"COMMON_ACS":null,"CURRENTDEBT_DEBT":null,"ISSUED_COMMON_SHARES":680000000,"HK_COMMON_SHARES":180000000,"PER_SHARES":2000,"TOTAL_MARKET_CAP":476000000,"HKSK_MARKET_CAP":126000000,"PE_TTM":6.78243559825,"PB_TTM":0.375098896903,"REPORT_DATE_SQ":"2020-06-30 00:00:00","REPORT_TYPE_SQ":"2020年中报","OPERATE_INCOME_SQ":72815943,"DPS_HKD":0.054967,"OPERATE_INCOME_QOQ_SQ":-11.412715347921,"NET_PROFIT_RATIO_SQ":15.6106596051,"HOLDER_PROFIT_SQ":6463136,"HOLDER_PROFIT_QOQ_SQ":-54.610909229428,"ROE_AVG_SQ":0.605939640008,"PE_TTM_SQ":4.290958210049,"PB_TTM_SQ":0.277629362037,"ROA_SQ":0.496761577541,"START_DATE":"2021-01-01 00:00:00","FISCAL_YEAR":"12-31","CURRENCY":"HKD","IS_CNY_CODE":0,"DPS_HKD_LY":0.06064,"ORG_TYPE":"银行","PREMIUM_INCOME":null,"PREMIUM_INCOME_YOY":null,"NET_INTEREST_INCOME":66269508,"NET_INTEREST_INCOME_YOY":-2.193004963576,"FEE_COMMISSION_INCOME":null,"FEE_COMMISSION_INCOME_YOY":null,"ACCOUNTS_RECE_TDAYS":null,"INVENTORY_TDAYS":null,"CURRENT_ASSETS_TDAYS":null,"TOTAL_ASSETS_TDAYS":0.054397137422,"PREMIUM_EXPENSE":null,"LOAN_DEPOSIT":null,"LOAN_EQUITY":0.730802686863,"LOAN_ASSETS":68.750121821353,"DEPOSIT_EQUITY":null,"DEPOSIT_ASSETS":null,"EQUITY_MULTIPLIER":1.062983842796,"EQUITY_RATIO":0.071864394813},{"SECUCODE":"01577.HK","SECURITY_CODE":"01577","SECURITY_NAME_ABBR":"汇鑫小贷","ORG_CODE":"10430989","STD_REPORT_DATE":"2020-12-31 00:00:00","REPORT_DATE":"2020-12-31 00:00:00","DATE_TYPE_CODE":"001","REPORT_TYPE":"2020年年报","PER_NETCASH_OPERATE":0.101093622059,"PER_OI":0.245078858824,"BPS":1.599257277941,"BASIC_EPS":0.06,"DILUTED_EPS":0.06,"OPERATE_INCOME":166653624,"OPERATE_INCOME_YOY":-1.13815145,"GROSS_PROFIT":null,"GROSS_PROFIT_YOY":null,"HOLDER_PROFIT":41096184,"HOLDER_PROFIT_YOY":-36.2077895597,"GROSS_PROFIT_RATIO":null,"EPS_TTM":0.060435564706,"OPERATE_INCOME_QOQ":11.598237758676,"NET_PROFIT_RATIO":32.3574059964,"ROE_AVG":3.791346756034,"GROSS_PROFIT_QOQ":null,"ROA":3.123908250417,"HOLDER_PROFIT_QOQ":40.545248554951,"ROE_YEARLY":3.791346756034,"ROIC_YEARLY":3.617435576043,"TOTAL_ASSETS":1310286559,"TOTAL_LIABILITIES":80296030,"TAX_EBT":23.886115130532,"OCF_SALES":41.283149686754,"TOTAL_PARENT_EQUITY":1087494949,"DEBT_ASSET_RATIO":6.1281274274,"OPERATE_PROFIT":70789632,"PRETAX_PROFIT":70789632,"NETCASH_OPERATE":68743663,"NETCASH_INVEST":-7872666,"NETCASH_FINANCE":-76954300,"END_CASH":19685413,"DIVI_RATIO":0.824219894071,"DIVIDEND_RATE":7.852428571429,"CURRENT_RATIO":null,"COMMON_ACS":null,"CURRENTDEBT_DEBT":null,"ISSUED_COMMON_SHARES":680000000,"HK_COMMON_SHARES":180000000,"PER_SHARES":2000,"TOTAL_MARKET_CAP":476000000,"HKSK_MARKET_CAP":126000000,"PE_TTM":6.78243559825,"PB_TTM":0.375098896903,"REPORT_DATE_SQ":"2019-12-31 00:00:00","REPORT_TYPE_SQ":"2019年年报","OPERATE_INCOME_SQ":168434526,"DPS_HKD":0.054967,"OPERATE_INCOME_QOQ_SQ":-0.965892624465,"NET_PROFIT_RATIO_SQ":44.2498909042,"HOLDER_PROFIT_SQ":64421947,"HOLDER_PROFIT_QOQ_SQ":-24.965495304196,"ROE_AVG_SQ":6.047942673966,"PE_TTM_SQ":4.290958210049,"PB_TTM_SQ":0.277629362037,"ROA_SQ":4.93064941409,"START_DATE":"2020-01-01 00:00:00","FISCAL_YEAR":"12-31","CURRENCY":"HKD","IS_CNY_CODE":0,"DPS_HKD_LY":0.054754,"ORG_TYPE":"银行","PREMIUM_INCOME":null,"PREMIUM_INCOME_YOY":null,"NET_INTEREST_INCOME":143545380,"NET_INTEREST_INCOME_YOY":-11.260871889902,"FEE_COMMISSION_INCOME":null,"FEE_COMMISSION_INCOME_YOY":null,"ACCOUNTS_RECE_TDAYS":null,"INVENTORY_TDAYS":null,"CURRENT_ASSETS_TDAYS":null,"TOTAL_ASSETS_TDAYS":0.126577530496,"PREMIUM_EXPENSE":null,"LOAN_DEPOSIT":null,"LOAN_EQUITY":0.677676445751,"LOAN_ASSETS":63.614756960962,"DEPOSIT_EQUITY":null,"DEPOSIT_ASSETS":null,"EQUITY_MULTIPLIER":1.065281827873,"EQUITY_RATIO":0.073835772823},{"SECUCODE":"01577.HK","SECURITY_CODE":"01577","SECURITY_NAME_ABBR":"汇鑫小贷","ORG_CODE":"10430989","STD_REPORT_DATE":"2020-06-30 00:00:00","REPORT_DATE":"2020-06-30 00:00:00","DATE_TYPE_CODE":"002","REPORT_TYPE":"2020年中报","PER_NETCASH_OPERATE":0.080607279412,"PER_OI":0.107082269118,"BPS":1.548326325,"BASIC_EPS":0.01,"DILUTED_EPS":0.01,"OPERATE_INCOME":72815943,"OPERATE_INCOME_YOY":-20.8856840265,"GROSS_PROFIT":null,"GROSS_PROFIT_YOY":null,"HOLDER_PROFIT":6463136,"HOLDER_PROFIT_YOY":-84.4802345911,"GROSS_PROFIT_RATIO":null,"EPS_TTM":0.043000788235,"OPERATE_INCOME_QOQ":-11.412715347921,"NET_PROFIT_RATIO":15.6106596051,"ROE_AVG":0.605939640008,"GROSS_PROFIT_QOQ":null,"ROA":0.496761577541,"HOLDER_PROFIT_QOQ":-54.610909229428,"ROE_YEARLY":1.211879280017,"ROIC_YEARLY":1.155271870155,"TOTAL_ASSETS":1281319440,"TOTAL_LIABILITIES":93842601,"TAX_EBT":24.131215388395,"OCF_SALES":75.276028492826,"TOTAL_PARENT_EQUITY":1052861901,"DEBT_ASSET_RATIO":7.3239036317,"OPERATE_PROFIT":14982511,"PRETAX_PROFIT":14982511,"NETCASH_OPERATE":54812950,"NETCASH_INVEST":-7107803,"NETCASH_FINANCE":-40850167,"END_CASH":43100157,"DIVI_RATIO":1.158401898761,"DIVIDEND_RATE":7.852428571429,"CURRENT_RATIO":null,"COMMON_ACS":null,"CURRENTDEBT_DEBT":null,"ISSUED_COMMON_SHARES":680000000,"HK_COMMON_SHARES":180000000,"PER_SHARES":2000,"TOTAL_MARKET_CAP":476000000,"HKSK_MARKET_CAP":126000000,"PE_TTM":6.78243559825,"PB_TTM":0.375098896903,"REPORT_DATE_SQ":"2019-06-30 00:00:00","REPORT_TYPE_SQ":"2019年中报","OPERATE_INCOME_SQ":92038896,"DPS_HKD":0.054967,"OPERATE_INCOME_QOQ_SQ":13.92729824757,"NET_PROFIT_RATIO_SQ":48.2903825791,"HOLDER_PROFIT_SQ":41644547,"HOLDER_PROFIT_QOQ_SQ":-2.424618349153,"ROE_AVG_SQ":3.951848823548,"PE_TTM_SQ":4.290958210049,"PB_TTM_SQ":0.277629362037,"ROA_SQ":3.034680881975,"START_DATE":"2020-01-01 00:00:00","FISCAL_YEAR":"12-31","CURRENCY":"HKD","IS_CNY_CODE":0,"DPS_HKD_LY":0.054754,"ORG_TYPE":"银行","PREMIUM_INCOME":null,"PREMIUM_INCOME_YOY":null,"NET_INTEREST_INCOME":67755387,"NET_INTEREST_INCOME_YOY":-25.360050188429,"FEE_COMMISSION_INCOME":null,"FEE_COMMISSION_INCOME_YOY":null,"ACCOUNTS_RECE_TDAYS":null,"INVENTORY_TDAYS":null,"CURRENT_ASSETS_TDAYS":null,"TOTAL_ASSETS_TDAYS":0.055966890863,"PREMIUM_EXPENSE":null,"LOAN_DEPOSIT":null,"LOAN_EQUITY":0.761542003431,"LOAN_ASSETS":70.576740098472,"DEPOSIT_EQUITY":null,"DEPOSIT_ASSETS":null,"EQUITY_MULTIPLIER":1.079026889551,"EQUITY_RATIO":0.089130968564}],"count":26},"success":true,"message":"ok","code":0}