{"version":"f15066925aa0c58ada2620b1938fedfd","result":{"pages":3,"data":[{"SECUCODE":"01579.HK","SECURITY_CODE":"01579","SECURITY_NAME_ABBR":"颐海国际","ORG_CODE":"10542294","STD_REPORT_DATE":"2024-06-30 00:00:00","REPORT_DATE":"2024-06-30 00:00:00","DATE_TYPE_CODE":"002","REPORT_TYPE":"2024年中报","PER_NETCASH_OPERATE":0.201533712742,"PER_OI":2.823309539886,"BPS":4.239362399923,"BASIC_EPS":0.3178,"DILUTED_EPS":0.3178,"OPERATE_INCOME":2926925000,"OPERATE_INCOME_YOY":11.8758471172,"GROSS_PROFIT":877508000,"GROSS_PROFIT_YOY":9.882304915294,"HOLDER_PROFIT":308280000,"HOLDER_PROFIT_YOY":-13.8461538462,"GROSS_PROFIT_RATIO":29.980542719749,"EPS_TTM":0.774718819331,"OPERATE_INCOME_QOQ":5.054010745379,"NET_PROFIT_RATIO":11.4161790958,"ROE_AVG":6.692372718356,"GROSS_PROFIT_QOQ":4.065257167347,"ROA":5.434553149121,"HOLDER_PROFIT_QOQ":-5.810394325762,"ROE_YEARLY":13.384745436713,"ROIC_YEARLY":18.528042912361,"TOTAL_ASSETS":5290745000,"TOTAL_LIABILITIES":706454000,"TAX_EBT":27.290827550641,"OCF_SALES":7.138208187774,"TOTAL_PARENT_EQUITY":4394947000,"DEBT_ASSET_RATIO":13.352637483,"OPERATE_PROFIT":414006000,"PRETAX_PROFIT":459561000,"NETCASH_OPERATE":208930000,"NETCASH_INVEST":190194000,"NETCASH_FINANCE":-835790000,"END_CASH":1864581000,"DIVI_RATIO":1.317597232093,"DIVIDEND_RATE":7.658038147139,"CURRENT_RATIO":4.660457701001,"COMMON_ACS":5000000000,"CURRENTDEBT_DEBT":77.156049792343,"ISSUED_COMMON_SHARES":1036700000,"HK_COMMON_SHARES":1036700000,"PER_SHARES":1000,"TOTAL_MARKET_CAP":15218756000,"HKSK_MARKET_CAP":15218756000,"PE_TTM":17.088079113771,"PB_TTM":3.160414500125,"REPORT_DATE_SQ":"2023-06-30 00:00:00","REPORT_TYPE_SQ":"2023年中报","OPERATE_INCOME_SQ":2616226000,"DPS_HKD":1.1242,"OPERATE_INCOME_QOQ_SQ":-1.17546560434,"NET_PROFIT_RATIO_SQ":14.4085411581,"HOLDER_PROFIT_SQ":357825000,"HOLDER_PROFIT_QOQ_SQ":12.76046615372,"ROE_AVG_SQ":8.280670590261,"PE_TTM_SQ":11.652355935206,"PB_TTM_SQ":2.264306079901,"ROA_SQ":6.623013604918,"START_DATE":"2024-01-01 00:00:00","FISCAL_YEAR":"12-31","CURRENCY":"HKD","IS_CNY_CODE":0,"DPS_HKD_LY":1.1242,"ORG_TYPE":"一般企业","PREMIUM_INCOME":null,"PREMIUM_INCOME_YOY":null,"NET_INTEREST_INCOME":null,"NET_INTEREST_INCOME_YOY":null,"FEE_COMMISSION_INCOME":null,"FEE_COMMISSION_INCOME_YOY":null,"ACCOUNTS_RECE_TDAYS":12.896811845807,"INVENTORY_TDAYS":5.750650990516,"CURRENT_ASSETS_TDAYS":1.022022584589,"TOTAL_ASSETS_TDAYS":0.515976692487,"PREMIUM_EXPENSE":null,"LOAN_DEPOSIT":null,"LOAN_EQUITY":null,"LOAN_ASSETS":null,"DEPOSIT_EQUITY":null,"DEPOSIT_ASSETS":null,"EQUITY_MULTIPLIER":1.154103219015,"EQUITY_RATIO":0.16074232522},{"SECUCODE":"01579.HK","SECURITY_CODE":"01579","SECURITY_NAME_ABBR":"颐海国际","ORG_CODE":"10542294","STD_REPORT_DATE":"2023-12-31 00:00:00","REPORT_DATE":"2023-12-31 00:00:00","DATE_TYPE_CODE":"001","REPORT_TYPE":"2023年年报","PER_NETCASH_OPERATE":0.925049676859,"PER_OI":5.929944053246,"BPS":4.647370502556,"BASIC_EPS":0.875,"DILUTED_EPS":0.875,"OPERATE_INCOME":6147573000,"OPERATE_INCOME_YOY":0.0091426549,"GROSS_PROFIT":1941304000,"GROSS_PROFIT_YOY":4.715618361902,"HOLDER_PROFIT":852696000,"HOLDER_PROFIT_YOY":14.9206118166,"GROSS_PROFIT_RATIO":31.578380606461,"EPS_TTM":0.822509887142,"OPERATE_INCOME_QOQ":1.198698548337,"NET_PROFIT_RATIO":14.7542452932,"ROE_AVG":18.663045956024,"GROSS_PROFIT_QOQ":2.857954268493,"ROA":14.694395381041,"HOLDER_PROFIT_QOQ":1.915694158256,"ROE_YEARLY":18.663045956024,"ROIC_YEARLY":24.618735502826,"TOTAL_ASSETS":6054438000,"TOTAL_LIABILITIES":965028000,"TAX_EBT":28.248097288463,"OCF_SALES":15.599635823763,"TOTAL_PARENT_EQUITY":4817929000,"DEBT_ASSET_RATIO":15.9391837855,"OPERATE_PROFIT":1194821000,"PRETAX_PROFIT":1264117000,"NETCASH_OPERATE":958999000,"NETCASH_INVEST":-153776000,"NETCASH_FINANCE":-384207000,"END_CASH":2309358000,"DIVI_RATIO":1.241039637283,"DIVIDEND_RATE":7.151399491094,"CURRENT_RATIO":3.902758748199,"COMMON_ACS":5000000000,"CURRENTDEBT_DEBT":84.630808639749,"ISSUED_COMMON_SHARES":1036700000,"HK_COMMON_SHARES":1036700000,"PER_SHARES":1000,"TOTAL_MARKET_CAP":16296924000,"HKSK_MARKET_CAP":16296924000,"PE_TTM":18.298678724011,"PB_TTM":3.384313075066,"REPORT_DATE_SQ":"2022-12-31 00:00:00","REPORT_TYPE_SQ":"2022年年报","OPERATE_INCOME_SQ":6147011000,"DPS_HKD":1.1242,"OPERATE_INCOME_QOQ_SQ":2.445146446966,"NET_PROFIT_RATIO_SQ":13.2745166716,"HOLDER_PROFIT_SQ":741987000,"HOLDER_PROFIT_QOQ_SQ":9.034120048376,"ROE_AVG_SQ":18.263265898365,"PE_TTM_SQ":13.108900427106,"PB_TTM_SQ":2.547344339889,"ROA_SQ":14.057615064874,"START_DATE":"2023-01-01 00:00:00","FISCAL_YEAR":"12-31","CURRENCY":"HKD","IS_CNY_CODE":0,"DPS_HKD_LY":0.20255732,"ORG_TYPE":"一般企业","PREMIUM_INCOME":null,"PREMIUM_INCOME_YOY":null,"NET_INTEREST_INCOME":null,"NET_INTEREST_INCOME_YOY":null,"FEE_COMMISSION_INCOME":null,"FEE_COMMISSION_INCOME_YOY":null,"ACCOUNTS_RECE_TDAYS":29.716221311317,"INVENTORY_TDAYS":11.098100831645,"CURRENT_ASSETS_TDAYS":1.951947884325,"TOTAL_ASSETS_TDAYS":1.059402979442,"PREMIUM_EXPENSE":null,"LOAN_DEPOSIT":null,"LOAN_EQUITY":null,"LOAN_ASSETS":null,"DEPOSIT_EQUITY":null,"DEPOSIT_ASSETS":null,"EQUITY_MULTIPLIER":1.189614906246,"EQUITY_RATIO":0.200299340235},{"SECUCODE":"01579.HK","SECURITY_CODE":"01579","SECURITY_NAME_ABBR":"颐海国际","ORG_CODE":"10542294","STD_REPORT_DATE":"2023-06-30 00:00:00","REPORT_DATE":"2023-06-30 00:00:00","DATE_TYPE_CODE":"002","REPORT_TYPE":"2023年中报","PER_NETCASH_OPERATE":0.2131706376,"PER_OI":2.52360953024,"BPS":4.169522523392,"BASIC_EPS":0.3659,"DILUTED_EPS":0.3659,"OPERATE_INCOME":2616226000,"OPERATE_INCOME_YOY":-2.6876133074,"GROSS_PROFIT":798589000,"GROSS_PROFIT_YOY":4.376119941394,"HOLDER_PROFIT":357825000,"HOLDER_PROFIT_YOY":35.9806797799,"GROSS_PROFIT_RATIO":30.524465394045,"EPS_TTM":0.80704929102,"OPERATE_INCOME_QOQ":-1.17546560434,"NET_PROFIT_RATIO":14.4085411581,"ROE_AVG":8.280670590261,"GROSS_PROFIT_QOQ":1.806048065627,"ROA":6.623013604918,"HOLDER_PROFIT_QOQ":12.76046615372,"ROE_YEARLY":16.561341180522,"ROIC_YEARLY":22.436075290409,"TOTAL_ASSETS":5254211000,"TOTAL_LIABILITIES":695383000,"TAX_EBT":28.460542846624,"OCF_SALES":8.447053121558,"TOTAL_PARENT_EQUITY":4322544000,"DEBT_ASSET_RATIO":13.2347749262,"OPERATE_PROFIT":498429000,"PRETAX_PROFIT":526926000,"NETCASH_OPERATE":220994000,"NETCASH_INVEST":329338000,"NETCASH_FINANCE":-364532000,"END_CASH":2092082000,"DIVI_RATIO":1.264814161116,"DIVIDEND_RATE":7.151399491094,"CURRENT_RATIO":4.666107788694,"COMMON_ACS":5000000000,"CURRENTDEBT_DEBT":80.795762910511,"ISSUED_COMMON_SHARES":1036700000,"HK_COMMON_SHARES":1036700000,"PER_SHARES":1000,"TOTAL_MARKET_CAP":16296924000,"HKSK_MARKET_CAP":16296924000,"PE_TTM":18.298678724011,"PB_TTM":3.384313075066,"REPORT_DATE_SQ":"2022-06-30 00:00:00","REPORT_TYPE_SQ":"2022年中报","OPERATE_INCOME_SQ":2688482000,"DPS_HKD":1.1242,"OPERATE_INCOME_QOQ_SQ":0.970582489163,"NET_PROFIT_RATIO_SQ":11.0105628381,"HOLDER_PROFIT_SQ":263144000,"HOLDER_PROFIT_QOQ_SQ":-11.184010462007,"ROE_AVG_SQ":6.885025819763,"PE_TTM_SQ":13.108900427106,"PB_TTM_SQ":2.547344339889,"ROA_SQ":5.308742759574,"START_DATE":"2023-01-01 00:00:00","FISCAL_YEAR":"12-31","CURRENCY":"HKD","IS_CNY_CODE":0,"DPS_HKD_LY":0.20255732,"ORG_TYPE":"一般企业","PREMIUM_INCOME":null,"PREMIUM_INCOME_YOY":null,"NET_INTEREST_INCOME":null,"NET_INTEREST_INCOME_YOY":null,"FEE_COMMISSION_INCOME":null,"FEE_COMMISSION_INCOME_YOY":null,"ACCOUNTS_RECE_TDAYS":14.779393114279,"INVENTORY_TDAYS":5.619729871367,"CURRENT_ASSETS_TDAYS":0.912675553205,"TOTAL_ASSETS_TDAYS":0.484239513492,"PREMIUM_EXPENSE":null,"LOAN_DEPOSIT":null,"LOAN_EQUITY":null,"LOAN_ASSETS":null,"DEPOSIT_EQUITY":null,"DEPOSIT_ASSETS":null,"EQUITY_MULTIPLIER":1.152535476223,"EQUITY_RATIO":0.160873550391},{"SECUCODE":"01579.HK","SECURITY_CODE":"01579","SECURITY_NAME_ABBR":"颐海国际","ORG_CODE":"10542294","STD_REPORT_DATE":"2022-12-31 00:00:00","REPORT_DATE":"2022-12-31 00:00:00","DATE_TYPE_CODE":"001","REPORT_TYPE":"2022年年报","PER_NETCASH_OPERATE":1.214849555832,"PER_OI":5.871631483427,"BPS":4.166945114305,"BASIC_EPS":0.757,"DILUTED_EPS":0.757,"OPERATE_INCOME":6147011000,"OPERATE_INCOME_YOY":3.4394610994,"GROSS_PROFIT":1853882000,"GROSS_PROFIT_YOY":-3.642032835521,"HOLDER_PROFIT":741987000,"HOLDER_PROFIT_YOY":-3.160267345,"GROSS_PROFIT_RATIO":30.159080567775,"EPS_TTM":0.708746776196,"OPERATE_INCOME_QOQ":2.445146446966,"NET_PROFIT_RATIO":13.2745166716,"ROE_AVG":18.263265898365,"GROSS_PROFIT_QOQ":1.4110378773,"ROA":14.057615064874,"HOLDER_PROFIT_QOQ":9.034120048376,"ROE_YEARLY":18.263265898365,"ROIC_YEARLY":22.546916336104,"TOTAL_ASSETS":5551293000,"TOTAL_LIABILITIES":1014272000,"TAX_EBT":28.556832001485,"OCF_SALES":20.690153311911,"TOTAL_PARENT_EQUITY":4319872000,"DEBT_ASSET_RATIO":18.2709145419,"OPERATE_PROFIT":1117712000,"PRETAX_PROFIT":1142147000,"NETCASH_OPERATE":1271826000,"NETCASH_INVEST":-573034000,"NETCASH_FINANCE":-416646000,"END_CASH":1880531000,"DIVI_RATIO":1.440242702024,"DIVIDEND_RATE":7.151399491094,"CURRENT_RATIO":3.618708516654,"COMMON_ACS":5000000000,"CURRENTDEBT_DEBT":84.773413837708,"ISSUED_COMMON_SHARES":1036700000,"HK_COMMON_SHARES":1036700000,"PER_SHARES":1000,"TOTAL_MARKET_CAP":16296924000,"HKSK_MARKET_CAP":16296924000,"PE_TTM":18.298678724011,"PB_TTM":3.384313075066,"REPORT_DATE_SQ":"2021-12-31 00:00:00","REPORT_TYPE_SQ":"2021年年报","OPERATE_INCOME_SQ":5942617000,"DPS_HKD":1.1242,"OPERATE_INCOME_QOQ_SQ":2.943600663261,"NET_PROFIT_RATIO_SQ":14.4306624506,"HOLDER_PROFIT_SQ":766201000,"HOLDER_PROFIT_QOQ_SQ":-8.254673772869,"ROE_AVG_SQ":21.58056140932,"PE_TTM_SQ":13.108900427106,"PB_TTM_SQ":2.547344339889,"ROA_SQ":16.49089601279,"START_DATE":"2022-01-01 00:00:00","FISCAL_YEAR":"12-31","CURRENCY":"HKD","IS_CNY_CODE":0,"DPS_HKD_LY":0.27006249,"ORG_TYPE":"一般企业","PREMIUM_INCOME":null,"PREMIUM_INCOME_YOY":null,"NET_INTEREST_INCOME":null,"NET_INTEREST_INCOME_YOY":null,"FEE_COMMISSION_INCOME":null,"FEE_COMMISSION_INCOME_YOY":null,"ACCOUNTS_RECE_TDAYS":31.350384675213,"INVENTORY_TDAYS":10.969152899214,"CURRENT_ASSETS_TDAYS":2.232661671548,"TOTAL_ASSETS_TDAYS":1.164606852109,"PREMIUM_EXPENSE":null,"LOAN_DEPOSIT":null,"LOAN_EQUITY":null,"LOAN_ASSETS":null,"DEPOSIT_EQUITY":null,"DEPOSIT_ASSETS":null,"EQUITY_MULTIPLIER":1.223554618769,"EQUITY_RATIO":0.234792141989},{"SECUCODE":"01579.HK","SECURITY_CODE":"01579","SECURITY_NAME_ABBR":"颐海国际","ORG_CODE":"10542294","STD_REPORT_DATE":"2022-06-30 00:00:00","REPORT_DATE":"2022-06-30 00:00:00","DATE_TYPE_CODE":"002","REPORT_TYPE":"2022年中报","PER_NETCASH_OPERATE":0.32206227911,"PER_OI":2.568040882606,"BPS":3.702483842963,"BASIC_EPS":0.2684,"DILUTED_EPS":0.2684,"OPERATE_INCOME":2688482000,"OPERATE_INCOME_YOY":2.1924096208,"GROSS_PROFIT":765107000,"GROSS_PROFIT_YOY":-11.134611654489,"HOLDER_PROFIT":263144000,"HOLDER_PROFIT_YOY":-24.5651251591,"GROSS_PROFIT_RATIO":28.458698998171,"EPS_TTM":0.650022924826,"OPERATE_INCOME_QOQ":0.970582489163,"NET_PROFIT_RATIO":11.0105628381,"ROE_AVG":6.885025819763,"GROSS_PROFIT_QOQ":-4.982762052919,"ROA":5.308742759574,"HOLDER_PROFIT_QOQ":-11.184010462007,"ROE_YEARLY":13.770051639525,"ROIC_YEARLY":16.775381351394,"TOTAL_ASSETS":4908531000,"TOTAL_LIABILITIES":894143000,"TAX_EBT":26.250738073112,"OCF_SALES":12.541166353355,"TOTAL_PARENT_EQUITY":3838365000,"DEBT_ASSET_RATIO":18.2161017217,"OPERATE_PROFIT":389315000,"PRETAX_PROFIT":401383000,"NETCASH_OPERATE":337167000,"NETCASH_INVEST":-96865000,"NETCASH_FINANCE":-236181000,"END_CASH":1586083000,"DIVI_RATIO":1.570355956713,"DIVIDEND_RATE":7.151399491094,"CURRENT_RATIO":3.067599725566,"COMMON_ACS":5000000000,"CURRENTDEBT_DEBT":82.809125609662,"ISSUED_COMMON_SHARES":1036700000,"HK_COMMON_SHARES":1036700000,"PER_SHARES":1000,"TOTAL_MARKET_CAP":16296924000,"HKSK_MARKET_CAP":16296924000,"PE_TTM":18.298678724011,"PB_TTM":3.384313075066,"REPORT_DATE_SQ":"2021-06-30 00:00:00","REPORT_TYPE_SQ":"2021年中报","OPERATE_INCOME_SQ":2630804000,"DPS_HKD":1.1242,"OPERATE_INCOME_QOQ_SQ":7.699055656685,"NET_PROFIT_RATIO_SQ":14.9153262653,"HOLDER_PROFIT_SQ":348836000,"HOLDER_PROFIT_QOQ_SQ":-5.657676831349,"ROE_AVG_SQ":10.426485321932,"PE_TTM_SQ":13.108900427106,"PB_TTM_SQ":2.547344339889,"ROA_SQ":8.178316732415,"START_DATE":"2022-01-01 00:00:00","FISCAL_YEAR":"12-31","CURRENCY":"HKD","IS_CNY_CODE":0,"DPS_HKD_LY":0.27006249,"ORG_TYPE":"一般企业","PREMIUM_INCOME":null,"PREMIUM_INCOME_YOY":null,"NET_INTEREST_INCOME":null,"NET_INTEREST_INCOME_YOY":null,"FEE_COMMISSION_INCOME":null,"FEE_COMMISSION_INCOME_YOY":null,"ACCOUNTS_RECE_TDAYS":14.569033348868,"INVENTORY_TDAYS":4.811197924809,"CURRENT_ASSETS_TDAYS":1.152295627419,"TOTAL_ASSETS_TDAYS":0.542382093141,"PREMIUM_EXPENSE":null,"LOAN_DEPOSIT":null,"LOAN_EQUITY":null,"LOAN_ASSETS":null,"DEPOSIT_EQUITY":null,"DEPOSIT_ASSETS":null,"EQUITY_MULTIPLIER":1.222734573739,"EQUITY_RATIO":0.232948924868},{"SECUCODE":"01579.HK","SECURITY_CODE":"01579","SECURITY_NAME_ABBR":"颐海国际","ORG_CODE":"10542294","STD_REPORT_DATE":"2021-12-31 00:00:00","REPORT_DATE":"2021-12-31 00:00:00","DATE_TYPE_CODE":"001","REPORT_TYPE":"2021年年报","PER_NETCASH_OPERATE":0.792328780208,"PER_OI":5.676394115961,"BPS":3.670865245491,"BASIC_EPS":0.782,"DILUTED_EPS":0.782,"OPERATE_INCOME":5942617000,"OPERATE_INCOME_YOY":10.8692857733,"GROSS_PROFIT":1923953000,"GROSS_PROFIT_YOY":-7.949677289712,"HOLDER_PROFIT":766201000,"HOLDER_PROFIT_YOY":-13.4453278387,"GROSS_PROFIT_RATIO":32.375517385691,"EPS_TTM":0.731876014901,"OPERATE_INCOME_QOQ":2.943600663261,"NET_PROFIT_RATIO":14.4306624506,"ROE_AVG":21.58056140932,"GROSS_PROFIT_QOQ":-7.114641870884,"ROA":16.49089601279,"HOLDER_PROFIT_QOQ":-8.254673772869,"ROE_YEARLY":21.58056140932,"ROIC_YEARLY":30.175836441036,"TOTAL_ASSETS":5005078000,"TOTAL_LIABILITIES":896342000,"TAX_EBT":26.714443568022,"OCF_SALES":13.958311632737,"TOTAL_PARENT_EQUITY":3805586000,"DEBT_ASSET_RATIO":17.9086519731,"OPERATE_PROFIT":1147031000,"PRETAX_PROFIT":1170161000,"NETCASH_OPERATE":829489000,"NETCASH_INVEST":-922056000,"NETCASH_FINANCE":-299026000,"END_CASH":1573621000,"DIVI_RATIO":1.394727182223,"DIVIDEND_RATE":7.151399491094,"CURRENT_RATIO":3.265990001391,"COMMON_ACS":5000000000,"CURRENTDEBT_DEBT":81.810514290304,"ISSUED_COMMON_SHARES":1036700000,"HK_COMMON_SHARES":1036700000,"PER_SHARES":1000,"TOTAL_MARKET_CAP":16296924000,"HKSK_MARKET_CAP":16296924000,"PE_TTM":18.298678724011,"PB_TTM":3.384313075066,"REPORT_DATE_SQ":"2020-12-31 00:00:00","REPORT_TYPE_SQ":"2020年年报","OPERATE_INCOME_SQ":5360021000,"DPS_HKD":1.1242,"OPERATE_INCOME_QOQ_SQ":10.633008219422,"NET_PROFIT_RATIO_SQ":18.3368871129,"HOLDER_PROFIT_SQ":885222000,"HOLDER_PROFIT_QOQ_SQ":4.489810371997,"ROE_AVG_SQ":29.961278413134,"PE_TTM_SQ":13.108900427106,"PB_TTM_SQ":2.547344339889,"ROA_SQ":23.298120760592,"START_DATE":"2021-01-01 00:00:00","FISCAL_YEAR":"12-31","CURRENCY":"HKD","IS_CNY_CODE":0,"DPS_HKD_LY":0.3029,"ORG_TYPE":"一般企业","PREMIUM_INCOME":null,"PREMIUM_INCOME_YOY":null,"NET_INTEREST_INCOME":null,"NET_INTEREST_INCOME_YOY":null,"FEE_COMMISSION_INCOME":null,"FEE_COMMISSION_INCOME_YOY":null,"ACCOUNTS_RECE_TDAYS":27.81141029271,"INVENTORY_TDAYS":10.030197937635,"CURRENT_ASSETS_TDAYS":2.274688980445,"TOTAL_ASSETS_TDAYS":1.279025725506,"PREMIUM_EXPENSE":null,"LOAN_DEPOSIT":null,"LOAN_EQUITY":null,"LOAN_ASSETS":null,"DEPOSIT_EQUITY":null,"DEPOSIT_ASSETS":null,"EQUITY_MULTIPLIER":1.218155169863,"EQUITY_RATIO":0.235533239822},{"SECUCODE":"01579.HK","SECURITY_CODE":"01579","SECURITY_NAME_ABBR":"颐海国际","ORG_CODE":"10542294","STD_REPORT_DATE":"2021-06-30 00:00:00","REPORT_DATE":"2021-06-30 00:00:00","DATE_TYPE_CODE":"002","REPORT_TYPE":"2021年中报","PER_NETCASH_OPERATE":0.221376444742,"PER_OI":2.5129467953,"BPS":3.275861869393,"BASIC_EPS":0.3556,"DILUTED_EPS":0.3556,"OPERATE_INCOME":2630804000,"OPERATE_INCOME_YOY":18.6044299418,"GROSS_PROFIT":860973000,"GROSS_PROFIT_YOY":-2.135802483169,"HOLDER_PROFIT":348836000,"HOLDER_PROFIT_YOY":-12.5546790201,"GROSS_PROFIT_RATIO":32.726611332505,"EPS_TTM":0.797725666253,"OPERATE_INCOME_QOQ":7.699055656685,"NET_PROFIT_RATIO":14.9153262653,"ROE_AVG":10.426485321932,"GROSS_PROFIT_QOQ":-0.898995746635,"ROA":8.178316732415,"HOLDER_PROFIT_QOQ":-5.657676831349,"ROE_YEARLY":20.852970643865,"ROIC_YEARLY":29.608102344511,"TOTAL_ASSETS":4243419000,"TOTAL_LIABILITIES":585660000,"TAX_EBT":25.239821745998,"OCF_SALES":8.809436202773,"TOTAL_PARENT_EQUITY":3396086000,"DEBT_ASSET_RATIO":13.8016066761,"OPERATE_PROFIT":515778000,"PRETAX_PROFIT":524869000,"NETCASH_OPERATE":231759000,"NETCASH_INVEST":-723244000,"NETCASH_FINANCE":-262830000,"END_CASH":1218292000,"DIVI_RATIO":1.279597003309,"DIVIDEND_RATE":7.151399491094,"CURRENT_RATIO":4.012390171258,"COMMON_ACS":5000000000,"CURRENTDEBT_DEBT":80.259877744767,"ISSUED_COMMON_SHARES":1036700000,"HK_COMMON_SHARES":1036700000,"PER_SHARES":1000,"TOTAL_MARKET_CAP":16296924000,"HKSK_MARKET_CAP":16296924000,"PE_TTM":18.298678724011,"PB_TTM":3.384313075066,"REPORT_DATE_SQ":"2020-06-30 00:00:00","REPORT_TYPE_SQ":"2020年中报","OPERATE_INCOME_SQ":2218133000,"DPS_HKD":1.1242,"OPERATE_INCOME_QOQ_SQ":13.132039132392,"NET_PROFIT_RATIO_SQ":20.0987497143,"HOLDER_PROFIT_SQ":398919000,"HOLDER_PROFIT_QOQ_SQ":17.888243528695,"ROE_AVG_SQ":14.730784562474,"PE_TTM_SQ":13.108900427106,"PB_TTM_SQ":2.547344339889,"ROA_SQ":11.780188432695,"START_DATE":"2021-01-01 00:00:00","FISCAL_YEAR":"12-31","CURRENCY":"HKD","IS_CNY_CODE":0,"DPS_HKD_LY":0.3029,"ORG_TYPE":"一般企业","PREMIUM_INCOME":null,"PREMIUM_INCOME_YOY":null,"NET_INTEREST_INCOME":null,"NET_INTEREST_INCOME_YOY":null,"FEE_COMMISSION_INCOME":null,"FEE_COMMISSION_INCOME_YOY":null,"ACCOUNTS_RECE_TDAYS":14.491075289251,"INVENTORY_TDAYS":4.867160579385,"CURRENT_ASSETS_TDAYS":1.115678765749,"TOTAL_ASSETS_TDAYS":0.616781191531,"PREMIUM_EXPENSE":null,"LOAN_DEPOSIT":null,"LOAN_EQUITY":null,"LOAN_ASSETS":null,"DEPOSIT_EQUITY":null,"DEPOSIT_ASSETS":null,"EQUITY_MULTIPLIER":1.160114430721,"EQUITY_RATIO":0.172451463243},{"SECUCODE":"01579.HK","SECURITY_CODE":"01579","SECURITY_NAME_ABBR":"颐海国际","ORG_CODE":"10542294","STD_REPORT_DATE":"2020-12-31 00:00:00","REPORT_DATE":"2020-12-31 00:00:00","DATE_TYPE_CODE":"001","REPORT_TYPE":"2020年年报","PER_NETCASH_OPERATE":1.145051103257,"PER_OI":5.119897793486,"BPS":3.178603260345,"BASIC_EPS":0.902,"DILUTED_EPS":0.902,"OPERATE_INCOME":5360021000,"OPERATE_INCOME_YOY":25.1613781521,"GROSS_PROFIT":2090110000,"GROSS_PROFIT_YOY":27.337029365176,"HOLDER_PROFIT":885222000,"HOLDER_PROFIT_YOY":23.181202114,"GROSS_PROFIT_RATIO":38.994436775528,"EPS_TTM":0.845565001433,"OPERATE_INCOME_QOQ":10.633008219422,"NET_PROFIT_RATIO":18.3368871129,"ROE_AVG":29.961278413134,"GROSS_PROFIT_QOQ":10.175924295728,"ROA":23.298120760592,"HOLDER_PROFIT_QOQ":4.489810371997,"ROE_YEARLY":29.961278413134,"ROIC_YEARLY":48.821639162894,"TOTAL_ASSETS":4287334000,"TOTAL_LIABILITIES":773747000,"TAX_EBT":27.313019021834,"OCF_SALES":22.364725809843,"TOTAL_PARENT_EQUITY":3295258000,"DEBT_ASSET_RATIO":18.0472759995,"OPERATE_PROFIT":1333783000,"PRETAX_PROFIT":1352183000,"NETCASH_OPERATE":1198754000,"NETCASH_INVEST":-72511000,"NETCASH_FINANCE":-210176000,"END_CASH":1986929000,"DIVI_RATIO":1.207201540119,"DIVIDEND_RATE":7.151399491094,"CURRENT_RATIO":4.010571903113,"COMMON_ACS":5000000000,"CURRENTDEBT_DEBT":91.198285744565,"ISSUED_COMMON_SHARES":1036700000,"HK_COMMON_SHARES":1036700000,"PER_SHARES":1000,"TOTAL_MARKET_CAP":16296924000,"HKSK_MARKET_CAP":16296924000,"PE_TTM":18.298678724011,"PB_TTM":3.384313075066,"REPORT_DATE_SQ":"2019-12-31 00:00:00","REPORT_TYPE_SQ":"2019年年报","OPERATE_INCOME_SQ":4282488000,"DPS_HKD":1.1242,"OPERATE_INCOME_QOQ_SQ":28.480704289242,"NET_PROFIT_RATIO_SQ":18.5640917149,"HOLDER_PROFIT_SQ":718634000,"HOLDER_PROFIT_QOQ_SQ":19.062522263108,"ROE_AVG_SQ":31.116169402337,"PE_TTM_SQ":13.108900427106,"PB_TTM_SQ":2.547344339889,"ROA_SQ":24.892973246343,"START_DATE":"2020-01-01 00:00:00","FISCAL_YEAR":"12-31","CURRENCY":"HKD","IS_CNY_CODE":0,"DPS_HKD_LY":0.22583,"ORG_TYPE":"一般企业","PREMIUM_INCOME":null,"PREMIUM_INCOME_YOY":null,"NET_INTEREST_INCOME":null,"NET_INTEREST_INCOME_YOY":null,"FEE_COMMISSION_INCOME":null,"FEE_COMMISSION_INCOME_YOY":null,"ACCOUNTS_RECE_TDAYS":23.3042364849,"INVENTORY_TDAYS":9.297880054083,"CURRENT_ASSETS_TDAYS":2.067900161708,"TOTAL_ASSETS_TDAYS":1.410701683163,"PREMIUM_EXPENSE":null,"LOAN_DEPOSIT":null,"LOAN_EQUITY":null,"LOAN_ASSETS":null,"DEPOSIT_EQUITY":null,"DEPOSIT_ASSETS":null,"EQUITY_MULTIPLIER":1.220215694104,"EQUITY_RATIO":0.234806197269},{"SECUCODE":"01579.HK","SECURITY_CODE":"01579","SECURITY_NAME_ABBR":"颐海国际","ORG_CODE":"10542294","STD_REPORT_DATE":"2020-06-30 00:00:00","REPORT_DATE":"2020-06-30 00:00:00","DATE_TYPE_CODE":"002","REPORT_TYPE":"2020年中报","PER_NETCASH_OPERATE":0.430899799408,"PER_OI":2.118763014615,"BPS":2.703075142278,"BASIC_EPS":0.4067,"DILUTED_EPS":0.4067,"OPERATE_INCOME":2218133000,"OPERATE_INCOME_YOY":33.965049177,"GROSS_PROFIT":879763000,"GROSS_PROFIT_YOY":40.965747311716,"HOLDER_PROFIT":398919000,"HOLDER_PROFIT_YOY":47.5466771216,"GROSS_PROFIT_RATIO":39.662319617444,"EPS_TTM":0.80923201834,"OPERATE_INCOME_QOQ":13.132039132392,"NET_PROFIT_RATIO":20.0987497143,"ROE_AVG":14.730784562474,"GROSS_PROFIT_QOQ":15.576093578652,"ROA":11.780188432695,"HOLDER_PROFIT_QOQ":17.888243528695,"ROE_YEARLY":29.461569124949,"ROIC_YEARLY":47.547102345359,"TOTAL_ASSETS":3460959000,"TOTAL_LIABILITIES":491067000,"TAX_EBT":23.886294762901,"OCF_SALES":20.337328735473,"TOTAL_PARENT_EQUITY":2802278000,"DEBT_ASSET_RATIO":14.1887551976,"OPERATE_PROFIT":574136000,"PRETAX_PROFIT":585725000,"NETCASH_OPERATE":440950000,"NETCASH_INVEST":-16672000,"NETCASH_FINANCE":-203587000,"END_CASH":1269163000,"DIVI_RATIO":1.261402600078,"DIVIDEND_RATE":7.151399491094,"CURRENT_RATIO":4.989114306181,"COMMON_ACS":5000000000,"CURRENTDEBT_DEBT":95.51771957798,"ISSUED_COMMON_SHARES":1036700000,"HK_COMMON_SHARES":1036700000,"PER_SHARES":1000,"TOTAL_MARKET_CAP":16296924000,"HKSK_MARKET_CAP":16296924000,"PE_TTM":18.298678724011,"PB_TTM":3.384313075066,"REPORT_DATE_SQ":"2019-06-30 00:00:00","REPORT_TYPE_SQ":"2019年中报","OPERATE_INCOME_SQ":1655755000,"DPS_HKD":1.1242,"OPERATE_INCOME_QOQ_SQ":24.308553864009,"NET_PROFIT_RATIO_SQ":17.6590739572,"HOLDER_PROFIT_SQ":270368000,"HOLDER_PROFIT_QOQ_SQ":16.567238259304,"ROE_AVG_SQ":13.074741339498,"PE_TTM_SQ":13.108900427106,"PB_TTM_SQ":2.547344339889,"ROA_SQ":10.71015673975,"START_DATE":"2020-01-01 00:00:00","FISCAL_YEAR":"12-31","CURRENCY":"HKD","IS_CNY_CODE":0,"DPS_HKD_LY":0.22583,"ORG_TYPE":"一般企业","PREMIUM_INCOME":null,"PREMIUM_INCOME_YOY":null,"NET_INTEREST_INCOME":null,"NET_INTEREST_INCOME_YOY":null,"FEE_COMMISSION_INCOME":null,"FEE_COMMISSION_INCOME_YOY":null,"ACCOUNTS_RECE_TDAYS":10.461361782004,"INVENTORY_TDAYS":4.756999795626,"CURRENT_ASSETS_TDAYS":0.945060469805,"TOTAL_ASSETS_TDAYS":0.655020811462,"PREMIUM_EXPENSE":null,"LOAN_DEPOSIT":null,"LOAN_EQUITY":null,"LOAN_ASSETS":null,"DEPOSIT_EQUITY":null,"DEPOSIT_ASSETS":null,"EQUITY_MULTIPLIER":1.165348436913,"EQUITY_RATIO":0.17523850239}],"count":21},"success":true,"message":"ok","code":0}