{"version":"33f2badfa7b95999f03cc282611041fe","result":{"pages":3,"data":[{"SECUCODE":"01571.HK","SECURITY_CODE":"01571","SECURITY_NAME_ABBR":"信邦控股","ORG_CODE":"10582406","STD_REPORT_DATE":"2024-06-30 00:00:00","REPORT_DATE":"2024-06-30 00:00:00","DATE_TYPE_CODE":"002","REPORT_TYPE":"2024年中报","PER_NETCASH_OPERATE":0.419549209546,"PER_OI":1.641596163146,"BPS":3.52146015824,"BASIC_EPS":0.321,"DILUTED_EPS":0.321,"OPERATE_INCOME":1646365000,"OPERATE_INCOME_YOY":8.6454989095,"GROSS_PROFIT":614781000,"GROSS_PROFIT_YOY":21.569577400174,"HOLDER_PROFIT":322155000,"HOLDER_PROFIT_YOY":22.1792819922,"GROSS_PROFIT_RATIO":37.341719485047,"EPS_TTM":0.663946236184,"OPERATE_INCOME_QOQ":4.222147955331,"NET_PROFIT_RATIO":19.5055166989,"ROE_AVG":9.18940258543,"GROSS_PROFIT_QOQ":9.88922917358,"ROA":7.036891941644,"HOLDER_PROFIT_QOQ":9.628182036701,"ROE_YEARLY":18.378805170859,"ROIC_YEARLY":17.13359395422,"TOTAL_ASSETS":4723857000,"TOTAL_LIABILITIES":1197688000,"TAX_EBT":20.793417456763,"OCF_SALES":25.557394623914,"TOTAL_PARENT_EQUITY":3531690000,"DEBT_ASSET_RATIO":25.3540274399,"OPERATE_PROFIT":410466000,"PRETAX_PROFIT":405436000,"NETCASH_OPERATE":420768000,"NETCASH_INVEST":-97034000,"NETCASH_FINANCE":-23876000,"END_CASH":978016000,"DIVI_RATIO":0.616150793099,"DIVIDEND_RATE":11.392405063291,"CURRENT_RATIO":2.357369320917,"COMMON_ACS":20000000000,"CURRENTDEBT_DEBT":95.568879374261,"ISSUED_COMMON_SHARES":1002905000,"HK_COMMON_SHARES":1002905000,"PER_SHARES":1000,"TOTAL_MARKET_CAP":3961474750,"HKSK_MARKET_CAP":3961474750,"PE_TTM":5.373383230589,"PB_TTM":1.02374749053,"REPORT_DATE_SQ":"2023-06-30 00:00:00","REPORT_TYPE_SQ":"2023年中报","OPERATE_INCOME_SQ":1515355000,"DPS_HKD":0.45,"OPERATE_INCOME_QOQ_SQ":7.155379403691,"NET_PROFIT_RATIO_SQ":17.3127748943,"HOLDER_PROFIT_SQ":263674000,"HOLDER_PROFIT_QOQ_SQ":21.205622124944,"ROE_AVG_SQ":8.569625239369,"PE_TTM_SQ":4.701349393597,"PB_TTM_SQ":0.760761214294,"ROA_SQ":6.320595330784,"START_DATE":"2024-01-01 00:00:00","FISCAL_YEAR":"12-31","CURRENCY":"HKD","IS_CNY_CODE":0,"DPS_HKD_LY":0.45,"ORG_TYPE":"一般企业","PREMIUM_INCOME":null,"PREMIUM_INCOME_YOY":null,"NET_INTEREST_INCOME":null,"NET_INTEREST_INCOME_YOY":null,"FEE_COMMISSION_INCOME":null,"FEE_COMMISSION_INCOME_YOY":null,"ACCOUNTS_RECE_TDAYS":2.110628298327,"INVENTORY_TDAYS":1.670769422631,"CURRENT_ASSETS_TDAYS":0.659915985586,"TOTAL_ASSETS_TDAYS":0.359618587373,"PREMIUM_EXPENSE":null,"LOAN_DEPOSIT":null,"LOAN_EQUITY":null,"LOAN_ASSETS":null,"DEPOSIT_EQUITY":null,"DEPOSIT_ASSETS":null,"EQUITY_MULTIPLIER":1.339657004529,"EQUITY_RATIO":0.339126027483},{"SECUCODE":"01571.HK","SECURITY_CODE":"01571","SECURITY_NAME_ABBR":"信邦控股","ORG_CODE":"10582406","STD_REPORT_DATE":"2023-12-31 00:00:00","REPORT_DATE":"2023-12-31 00:00:00","DATE_TYPE_CODE":"001","REPORT_TYPE":"2023年年报","PER_NETCASH_OPERATE":0.894998030721,"PER_OI":3.093935118481,"BPS":3.469676589507,"BASIC_EPS":0.61,"DILUTED_EPS":0.61,"OPERATE_INCOME":3102923000,"OPERATE_INCOME_YOY":7.6332718898,"GROSS_PROFIT":1102998000,"GROSS_PROFIT_YOY":25.040442664375,"HOLDER_PROFIT":607394000,"HOLDER_PROFIT_YOY":40.8299636445,"GROSS_PROFIT_RATIO":35.547063204598,"EPS_TTM":0.605634631396,"OPERATE_INCOME_QOQ":0.44598086332,"NET_PROFIT_RATIO":19.4886241135,"ROE_AVG":18.979941497205,"GROSS_PROFIT_QOQ":9.908306611849,"ROA":14.467883197248,"HOLDER_PROFIT_QOQ":16.190949871355,"ROE_YEARLY":18.979941497205,"ROIC_YEARLY":16.429224075299,"TOTAL_ASSETS":4432316000,"TOTAL_LIABILITIES":957058000,"TAX_EBT":19.314694533247,"OCF_SALES":28.927498362028,"TOTAL_PARENT_EQUITY":3479756000,"DEBT_ASSET_RATIO":21.5927293993,"OPERATE_PROFIT":762544000,"PRETAX_PROFIT":749476000,"NETCASH_OPERATE":897598000,"NETCASH_INVEST":-261901000,"NETCASH_FINANCE":-325217000,"END_CASH":667162000,"DIVI_RATIO":0.675474913079,"DIVIDEND_RATE":10.112359550562,"CURRENT_RATIO":2.796305901161,"COMMON_ACS":20000000000,"CURRENTDEBT_DEBT":85.618113008825,"ISSUED_COMMON_SHARES":1002905000,"HK_COMMON_SHARES":1002905000,"PER_SHARES":1000,"TOTAL_MARKET_CAP":4462927250,"HKSK_MARKET_CAP":4462927250,"PE_TTM":6.053558323068,"PB_TTM":1.153335780471,"REPORT_DATE_SQ":"2022-12-31 00:00:00","REPORT_TYPE_SQ":"2022年年报","OPERATE_INCOME_SQ":2882866000,"DPS_HKD":0.45,"OPERATE_INCOME_QOQ_SQ":17.345897485474,"NET_PROFIT_RATIO_SQ":14.8633686061,"HOLDER_PROFIT_SQ":431296000,"HOLDER_PROFIT_QOQ_SQ":82.912203024674,"ROE_AVG_SQ":15.977482395155,"PE_TTM_SQ":4.701349393597,"PB_TTM_SQ":0.760761214294,"ROA_SQ":11.714349736201,"START_DATE":"2023-01-01 00:00:00","FISCAL_YEAR":"12-31","CURRENCY":"HKD","IS_CNY_CODE":0,"DPS_HKD_LY":0.24,"ORG_TYPE":"一般企业","PREMIUM_INCOME":null,"PREMIUM_INCOME_YOY":null,"NET_INTEREST_INCOME":null,"NET_INTEREST_INCOME_YOY":null,"FEE_COMMISSION_INCOME":null,"FEE_COMMISSION_INCOME_YOY":null,"ACCOUNTS_RECE_TDAYS":3.989622609365,"INVENTORY_TDAYS":3.343537076619,"CURRENT_ASSETS_TDAYS":1.453254213394,"TOTAL_ASSETS_TDAYS":0.739103901818,"PREMIUM_EXPENSE":null,"LOAN_DEPOSIT":null,"LOAN_EQUITY":null,"LOAN_ASSETS":null,"DEPOSIT_EQUITY":null,"DEPOSIT_ASSETS":null,"EQUITY_MULTIPLIER":1.275391927737,"EQUITY_RATIO":0.275035950797},{"SECUCODE":"01571.HK","SECURITY_CODE":"01571","SECURITY_NAME_ABBR":"信邦控股","ORG_CODE":"10582406","STD_REPORT_DATE":"2023-06-30 00:00:00","REPORT_DATE":"2023-06-30 00:00:00","DATE_TYPE_CODE":"002","REPORT_TYPE":"2023年中报","PER_NETCASH_OPERATE":0.474935312916,"PER_OI":1.510965644802,"BPS":3.223701148165,"BASIC_EPS":0.263,"DILUTED_EPS":0.263,"OPERATE_INCOME":1515355000,"OPERATE_INCOME_YOY":15.7576914997,"GROSS_PROFIT":505703000,"GROSS_PROFIT_YOY":31.606437408589,"HOLDER_PROFIT":263674000,"HOLDER_PROFIT_YOY":53.1074528932,"GROSS_PROFIT_RATIO":33.371916151661,"EPS_TTM":0.521240795489,"OPERATE_INCOME_QOQ":7.155379403691,"NET_PROFIT_RATIO":17.3127748943,"ROE_AVG":8.569625239369,"GROSS_PROFIT_QOQ":13.767963968335,"ROA":6.320595330784,"HOLDER_PROFIT_QOQ":21.205622124944,"ROE_YEARLY":17.139250478737,"ROIC_YEARLY":14.318953141669,"TOTAL_ASSETS":4379198000,"TOTAL_LIABILITIES":1149277000,"TAX_EBT":18.029457529042,"OCF_SALES":31.432568606036,"TOTAL_PARENT_EQUITY":3233066000,"DEBT_ASSET_RATIO":26.2440063226,"OPERATE_PROFIT":327423000,"PRETAX_PROFIT":320054000,"NETCASH_OPERATE":476315000,"NETCASH_INVEST":-168889000,"NETCASH_FINANCE":-18283000,"END_CASH":641025000,"DIVI_RATIO":0.78484071765,"DIVIDEND_RATE":10.112359550562,"CURRENT_RATIO":2.289670670768,"COMMON_ACS":20000000000,"CURRENTDEBT_DEBT":86.22673211071,"ISSUED_COMMON_SHARES":1002905000,"HK_COMMON_SHARES":1002905000,"PER_SHARES":1000,"TOTAL_MARKET_CAP":4462927250,"HKSK_MARKET_CAP":4462927250,"PE_TTM":6.053558323068,"PB_TTM":1.153335780471,"REPORT_DATE_SQ":"2022-06-30 00:00:00","REPORT_TYPE_SQ":"2022年中报","OPERATE_INCOME_SQ":1309075000,"DPS_HKD":0.45,"OPERATE_INCOME_QOQ_SQ":6.238226864112,"NET_PROFIT_RATIO_SQ":13.0599087142,"HOLDER_PROFIT_SQ":172215000,"HOLDER_PROFIT_QOQ_SQ":9.549340271325,"ROE_AVG_SQ":6.685188434467,"PE_TTM_SQ":4.701349393597,"PB_TTM_SQ":0.760761214294,"ROA_SQ":4.931672079245,"START_DATE":"2023-01-01 00:00:00","FISCAL_YEAR":"12-31","CURRENCY":"HKD","IS_CNY_CODE":0,"DPS_HKD_LY":0.24,"ORG_TYPE":"一般企业","PREMIUM_INCOME":null,"PREMIUM_INCOME_YOY":null,"NET_INTEREST_INCOME":null,"NET_INTEREST_INCOME_YOY":null,"FEE_COMMISSION_INCOME":null,"FEE_COMMISSION_INCOME_YOY":null,"ACCOUNTS_RECE_TDAYS":1.921296032154,"INVENTORY_TDAYS":1.721438356807,"CURRENT_ASSETS_TDAYS":0.713443637738,"TOTAL_ASSETS_TDAYS":0.36324953304,"PREMIUM_EXPENSE":null,"LOAN_DEPOSIT":null,"LOAN_EQUITY":null,"LOAN_ASSETS":null,"DEPOSIT_EQUITY":null,"DEPOSIT_ASSETS":null,"EQUITY_MULTIPLIER":1.355822015461,"EQUITY_RATIO":0.355475885738},{"SECUCODE":"01571.HK","SECURITY_CODE":"01571","SECURITY_NAME_ABBR":"信邦控股","ORG_CODE":"10582406","STD_REPORT_DATE":"2022-12-31 00:00:00","REPORT_DATE":"2022-12-31 00:00:00","DATE_TYPE_CODE":"001","REPORT_TYPE":"2022年年报","PER_NETCASH_OPERATE":0.448019503343,"PER_OI":2.874515532378,"BPS":2.912162168899,"BASIC_EPS":0.43,"DILUTED_EPS":0.43,"OPERATE_INCOME":2882866000,"OPERATE_INCOME_YOY":24.6662007863,"GROSS_PROFIT":882113000,"GROSS_PROFIT_YOY":38.400626331661,"HOLDER_PROFIT":431296000,"HOLDER_PROFIT_YOY":100.3791116893,"GROSS_PROFIT_RATIO":30.598473879813,"EPS_TTM":0.430046714295,"OPERATE_INCOME_QOQ":17.345897485474,"NET_PROFIT_RATIO":14.8633686061,"ROE_AVG":15.977482395155,"GROSS_PROFIT_QOQ":37.754606458021,"ROA":11.714349736201,"HOLDER_PROFIT_QOQ":82.912203024674,"ROE_YEARLY":15.977482395155,"ROIC_YEARLY":12.54128186,"TOTAL_ASSETS":3964130000,"TOTAL_LIABILITIES":1045329000,"TAX_EBT":16.730278167522,"OCF_SALES":15.585913462506,"TOTAL_PARENT_EQUITY":2920622000,"DEBT_ASSET_RATIO":26.3696952421,"OPERATE_PROFIT":528273000,"PRETAX_PROFIT":514582000,"NETCASH_OPERATE":449321000,"NETCASH_INVEST":-165449000,"NETCASH_FINANCE":-94428000,"END_CASH":341535000,"DIVI_RATIO":0.951271074517,"DIVIDEND_RATE":10.112359550562,"CURRENT_RATIO":2.257511253476,"COMMON_ACS":20000000000,"CURRENTDEBT_DEBT":83.860487942074,"ISSUED_COMMON_SHARES":1002905000,"HK_COMMON_SHARES":1002905000,"PER_SHARES":1000,"TOTAL_MARKET_CAP":4462927250,"HKSK_MARKET_CAP":4462927250,"PE_TTM":6.053558323068,"PB_TTM":1.153335780471,"REPORT_DATE_SQ":"2021-12-31 00:00:00","REPORT_TYPE_SQ":"2021年年报","OPERATE_INCOME_SQ":2312468000,"DPS_HKD":0.45,"OPERATE_INCOME_QOQ_SQ":-4.322015384819,"NET_PROFIT_RATIO_SQ":9.2124950486,"HOLDER_PROFIT_SQ":215240000,"HOLDER_PROFIT_QOQ_SQ":-48.927244339618,"ROE_AVG_SQ":8.737327495729,"PE_TTM_SQ":4.701349393597,"PB_TTM_SQ":0.760761214294,"ROA_SQ":6.492366552669,"START_DATE":"2022-01-01 00:00:00","FISCAL_YEAR":"12-31","CURRENCY":"HKD","IS_CNY_CODE":0,"DPS_HKD_LY":0.0802,"ORG_TYPE":"一般企业","PREMIUM_INCOME":null,"PREMIUM_INCOME_YOY":null,"NET_INTEREST_INCOME":null,"NET_INTEREST_INCOME_YOY":null,"FEE_COMMISSION_INCOME":null,"FEE_COMMISSION_INCOME_YOY":null,"ACCOUNTS_RECE_TDAYS":4.10043182413,"INVENTORY_TDAYS":3.437158883,"CURRENT_ASSETS_TDAYS":1.640590423754,"TOTAL_ASSETS_TDAYS":0.783009825424,"PREMIUM_EXPENSE":null,"LOAN_DEPOSIT":null,"LOAN_EQUITY":null,"LOAN_ASSETS":null,"DEPOSIT_EQUITY":null,"DEPOSIT_ASSETS":null,"EQUITY_MULTIPLIER":1.358136440272,"EQUITY_RATIO":0.357913143159},{"SECUCODE":"01571.HK","SECURITY_CODE":"01571","SECURITY_NAME_ABBR":"信邦控股","ORG_CODE":"10582406","STD_REPORT_DATE":"2022-06-30 00:00:00","REPORT_DATE":"2022-06-30 00:00:00","DATE_TYPE_CODE":"002","REPORT_TYPE":"2022年中报","PER_NETCASH_OPERATE":0.220877351294,"PER_OI":1.305283152442,"BPS":2.666214646452,"BASIC_EPS":0.172,"DILUTED_EPS":0.172,"OPERATE_INCOME":1309075000,"OPERATE_INCOME_YOY":12.3845098548,"GROSS_PROFIT":384254000,"GROSS_PROFIT_YOY":0.783969155312,"HOLDER_PROFIT":172215000,"HOLDER_PROFIT_YOY":13.5525942728,"GROSS_PROFIT_RATIO":29.353092832725,"EPS_TTM":0.235111002538,"OPERATE_INCOME_QOQ":6.238226864112,"NET_PROFIT_RATIO":13.0599087142,"ROE_AVG":6.685188434467,"GROSS_PROFIT_QOQ":0.468964262068,"ROA":4.931672079245,"HOLDER_PROFIT_QOQ":9.549340271325,"ROE_YEARLY":13.370376868934,"ROIC_YEARLY":10.296203814794,"TOTAL_ASSETS":3584621000,"TOTAL_LIABILITIES":914757000,"TAX_EBT":17.614460502031,"OCF_SALES":16.921795924603,"TOTAL_PARENT_EQUITY":2673960000,"DEBT_ASSET_RATIO":25.518932127,"OPERATE_PROFIT":214010000,"PRETAX_PROFIT":207517000,"NETCASH_OPERATE":221519000,"NETCASH_INVEST":-147448000,"NETCASH_FINANCE":-72425000,"END_CASH":151895000,"DIVI_RATIO":1.739990879136,"DIVIDEND_RATE":10.112359550562,"CURRENT_RATIO":2.010779539887,"COMMON_ACS":20000000000,"CURRENTDEBT_DEBT":90.004121313092,"ISSUED_COMMON_SHARES":1002905000,"HK_COMMON_SHARES":1002905000,"PER_SHARES":1000,"TOTAL_MARKET_CAP":4462927250,"HKSK_MARKET_CAP":4462927250,"PE_TTM":6.053558323068,"PB_TTM":1.153335780471,"REPORT_DATE_SQ":"2021-06-30 00:00:00","REPORT_TYPE_SQ":"2021年中报","OPERATE_INCOME_SQ":1164818000,"DPS_HKD":0.45,"OPERATE_INCOME_QOQ_SQ":16.795578935771,"NET_PROFIT_RATIO_SQ":12.9389312322,"HOLDER_PROFIT_SQ":151661000,"HOLDER_PROFIT_QOQ_SQ":26.776485593786,"ROE_AVG_SQ":6.014625206769,"PE_TTM_SQ":4.701349393597,"PB_TTM_SQ":0.760761214294,"ROA_SQ":4.52195800743,"START_DATE":"2022-01-01 00:00:00","FISCAL_YEAR":"12-31","CURRENCY":"HKD","IS_CNY_CODE":0,"DPS_HKD_LY":0.0802,"ORG_TYPE":"一般企业","PREMIUM_INCOME":null,"PREMIUM_INCOME_YOY":null,"NET_INTEREST_INCOME":null,"NET_INTEREST_INCOME_YOY":null,"FEE_COMMISSION_INCOME":null,"FEE_COMMISSION_INCOME_YOY":null,"ACCOUNTS_RECE_TDAYS":1.9640151231,"INVENTORY_TDAYS":1.598978184852,"CURRENT_ASSETS_TDAYS":0.82048898718,"TOTAL_ASSETS_TDAYS":0.374876092509,"PREMIUM_EXPENSE":null,"LOAN_DEPOSIT":null,"LOAN_EQUITY":null,"LOAN_ASSETS":null,"DEPOSIT_EQUITY":null,"DEPOSIT_ASSETS":null,"EQUITY_MULTIPLIER":1.342623069939,"EQUITY_RATIO":0.342098236324},{"SECUCODE":"01571.HK","SECURITY_CODE":"01571","SECURITY_NAME_ABBR":"信邦控股","ORG_CODE":"10582406","STD_REPORT_DATE":"2021-12-31 00:00:00","REPORT_DATE":"2021-12-31 00:00:00","DATE_TYPE_CODE":"001","REPORT_TYPE":"2021年年报","PER_NETCASH_OPERATE":0.134882167304,"PER_OI":2.305769738908,"BPS":2.470997751532,"BASIC_EPS":0.21,"DILUTED_EPS":0.21,"OPERATE_INCOME":2312468000,"OPERATE_INCOME_YOY":11.7476560454,"GROSS_PROFIT":637362000,"GROSS_PROFIT_YOY":-6.482633549705,"HOLDER_PROFIT":215240000,"HOLDER_PROFIT_YOY":-35.2517552779,"GROSS_PROFIT_RATIO":27.561981398229,"EPS_TTM":0.214616538954,"OPERATE_INCOME_QOQ":-4.322015384819,"NET_PROFIT_RATIO":9.2124950486,"ROE_AVG":8.737327495729,"GROSS_PROFIT_QOQ":-22.291595799546,"ROA":6.492366552669,"HOLDER_PROFIT_QOQ":-48.927244339618,"ROE_YEARLY":8.737327495729,"ROIC_YEARLY":7.239089739286,"TOTAL_ASSETS":3399420000,"TOTAL_LIABILITIES":924089000,"TAX_EBT":17.023638424417,"OCF_SALES":5.84976743462,"TOTAL_PARENT_EQUITY":2478176000,"DEBT_ASSET_RATIO":27.183725459,"OPERATE_PROFIT":262288000,"PRETAX_PROFIT":256743000,"NETCASH_OPERATE":135274000,"NETCASH_INVEST":-416835000,"NETCASH_FINANCE":-103486000,"END_CASH":148660000,"DIVI_RATIO":1.906148528875,"DIVIDEND_RATE":10.112359550562,"CURRENT_RATIO":1.891845271465,"COMMON_ACS":20000000000,"CURRENTDEBT_DEBT":87.828661525026,"ISSUED_COMMON_SHARES":1002905000,"HK_COMMON_SHARES":1002905000,"PER_SHARES":1000,"TOTAL_MARKET_CAP":4462927250,"HKSK_MARKET_CAP":4462927250,"PE_TTM":6.053558323068,"PB_TTM":1.153335780471,"REPORT_DATE_SQ":"2020-12-31 00:00:00","REPORT_TYPE_SQ":"2020年年报","OPERATE_INCOME_SQ":2069366000,"DPS_HKD":0.45,"OPERATE_INCOME_QOQ_SQ":7.469385211421,"NET_PROFIT_RATIO_SQ":16.013117061,"HOLDER_PROFIT_SQ":332426000,"HOLDER_PROFIT_QOQ_SQ":53.450520232281,"ROE_AVG_SQ":13.831485846824,"PE_TTM_SQ":4.701349393597,"PB_TTM_SQ":0.760761214294,"ROA_SQ":10.360008632665,"START_DATE":"2021-01-01 00:00:00","FISCAL_YEAR":"12-31","CURRENCY":"HKD","IS_CNY_CODE":0,"DPS_HKD_LY":0.184,"ORG_TYPE":"一般企业","PREMIUM_INCOME":null,"PREMIUM_INCOME_YOY":null,"NET_INTEREST_INCOME":null,"NET_INTEREST_INCOME_YOY":null,"FEE_COMMISSION_INCOME":null,"FEE_COMMISSION_INCOME_YOY":null,"ACCOUNTS_RECE_TDAYS":3.675046683671,"INVENTORY_TDAYS":3.353340666842,"CURRENT_ASSETS_TDAYS":1.403464435416,"TOTAL_ASSETS_TDAYS":0.697518579136,"PREMIUM_EXPENSE":null,"LOAN_DEPOSIT":null,"LOAN_EQUITY":null,"LOAN_ASSETS":null,"DEPOSIT_EQUITY":null,"DEPOSIT_ASSETS":null,"EQUITY_MULTIPLIER":1.373319366177,"EQUITY_RATIO":0.372890787418},{"SECUCODE":"01571.HK","SECURITY_CODE":"01571","SECURITY_NAME_ABBR":"信邦控股","ORG_CODE":"10582406","STD_REPORT_DATE":"2021-06-30 00:00:00","REPORT_DATE":"2021-06-30 00:00:00","DATE_TYPE_CODE":"002","REPORT_TYPE":"2021年中报","PER_NETCASH_OPERATE":0.024030192291,"PER_OI":1.161444005165,"BPS":2.586828263893,"BASIC_EPS":0.151,"DILUTED_EPS":0.151,"OPERATE_INCOME":1164818000,"OPERATE_INCOME_YOY":42.5279227072,"GROSS_PROFIT":381265000,"GROSS_PROFIT_YOY":57.150099747745,"HOLDER_PROFIT":151661000,"HOLDER_PROFIT_YOY":142.0804801354,"GROSS_PROFIT_RATIO":32.731722895766,"EPS_TTM":0.420217268834,"OPERATE_INCOME_QOQ":16.795578935771,"NET_PROFIT_RATIO":12.9389312322,"ROE_AVG":6.014625206769,"GROSS_PROFIT_QOQ":20.343954315495,"ROA":4.52195800743,"HOLDER_PROFIT_QOQ":26.776485593786,"ROE_YEARLY":12.029250413538,"ROIC_YEARLY":10.585535163292,"TOTAL_ASSETS":3476622000,"TOTAL_LIABILITIES":884066000,"TAX_EBT":18.169280971229,"OCF_SALES":2.068992752516,"TOTAL_PARENT_EQUITY":2594343000,"DEBT_ASSET_RATIO":25.428878952,"OPERATE_PROFIT":186614000,"PRETAX_PROFIT":184179000,"NETCASH_OPERATE":24100000,"NETCASH_INVEST":-183281000,"NETCASH_FINANCE":70137000,"END_CASH":440531000,"DIVI_RATIO":0.973522580676,"DIVIDEND_RATE":10.112359550562,"CURRENT_RATIO":2.304640814038,"COMMON_ACS":20000000000,"CURRENTDEBT_DEBT":93.999543020544,"ISSUED_COMMON_SHARES":1002905000,"HK_COMMON_SHARES":1002905000,"PER_SHARES":1000,"TOTAL_MARKET_CAP":4462927250,"HKSK_MARKET_CAP":4462927250,"PE_TTM":6.053558323068,"PB_TTM":1.153335780471,"REPORT_DATE_SQ":"2020-06-30 00:00:00","REPORT_TYPE_SQ":"2020年中报","OPERATE_INCOME_SQ":817256000,"DPS_HKD":0.45,"OPERATE_INCOME_QOQ_SQ":-9.631008380605,"NET_PROFIT_RATIO_SQ":7.6065516803,"HOLDER_PROFIT_SQ":62649000,"HOLDER_PROFIT_QOQ_SQ":5.442633802543,"ROE_AVG_SQ":2.648921778607,"PE_TTM_SQ":4.701349393597,"PB_TTM_SQ":0.760761214294,"ROA_SQ":2.017248149471,"START_DATE":"2021-01-01 00:00:00","FISCAL_YEAR":"12-31","CURRENCY":"HKD","IS_CNY_CODE":0,"DPS_HKD_LY":0.184,"ORG_TYPE":"一般企业","PREMIUM_INCOME":null,"PREMIUM_INCOME_YOY":null,"NET_INTEREST_INCOME":null,"NET_INTEREST_INCOME_YOY":null,"FEE_COMMISSION_INCOME":null,"FEE_COMMISSION_INCOME_YOY":null,"ACCOUNTS_RECE_TDAYS":1.844864614878,"INVENTORY_TDAYS":1.517970803075,"CURRENT_ASSETS_TDAYS":0.633894031731,"TOTAL_ASSETS_TDAYS":0.34730471791,"PREMIUM_EXPENSE":null,"LOAN_DEPOSIT":null,"LOAN_EQUITY":null,"LOAN_ASSETS":null,"DEPOSIT_EQUITY":null,"DEPOSIT_ASSETS":null,"EQUITY_MULTIPLIER":1.341001698709,"EQUITY_RATIO":0.340766814565},{"SECUCODE":"01571.HK","SECURITY_CODE":"01571","SECURITY_NAME_ABBR":"信邦控股","ORG_CODE":"10582406","STD_REPORT_DATE":"2020-12-31 00:00:00","REPORT_DATE":"2020-12-31 00:00:00","DATE_TYPE_CODE":"001","REPORT_TYPE":"2020年年报","PER_NETCASH_OPERATE":0.409967045732,"PER_OI":2.063371904617,"BPS":2.441638041489,"BASIC_EPS":0.33,"DILUTED_EPS":0.33,"OPERATE_INCOME":2069366000,"OPERATE_INCOME_YOY":-2.8810002849,"GROSS_PROFIT":681544000,"GROSS_PROFIT_YOY":17.881555278816,"HOLDER_PROFIT":332426000,"HOLDER_PROFIT_YOY":61.8022701166,"GROSS_PROFIT_RATIO":32.934918230994,"EPS_TTM":0.331463099695,"OPERATE_INCOME_QOQ":7.469385211421,"NET_PROFIT_RATIO":16.013117061,"ROE_AVG":13.831485846824,"GROSS_PROFIT_QOQ":21.229110895686,"ROA":10.360008632665,"HOLDER_PROFIT_QOQ":53.450520232281,"ROE_YEARLY":13.831485846824,"ROIC_YEARLY":12.275196202224,"TOTAL_ASSETS":3231136000,"TOTAL_LIABILITIES":783246000,"TAX_EBT":5.282805300527,"OCF_SALES":19.868790731074,"TOTAL_PARENT_EQUITY":2448731000,"DEBT_ASSET_RATIO":24.2405766888,"OPERATE_PROFIT":358853000,"PRETAX_PROFIT":349852000,"NETCASH_OPERATE":411158000,"NETCASH_INVEST":-194287000,"NETCASH_FINANCE":-112294000,"END_CASH":538978000,"DIVI_RATIO":1.234197714243,"DIVIDEND_RATE":10.112359550562,"CURRENT_RATIO":2.447771801794,"COMMON_ACS":20000000000,"CURRENTDEBT_DEBT":91.796064071824,"ISSUED_COMMON_SHARES":1002905000,"HK_COMMON_SHARES":1002905000,"PER_SHARES":1000,"TOTAL_MARKET_CAP":4462927250,"HKSK_MARKET_CAP":4462927250,"PE_TTM":6.053558323068,"PB_TTM":1.153335780471,"REPORT_DATE_SQ":"2019-12-31 00:00:00","REPORT_TYPE_SQ":"2019年年报","OPERATE_INCOME_SQ":2130753000,"DPS_HKD":0.45,"OPERATE_INCOME_QOQ_SQ":1.491734680998,"NET_PROFIT_RATIO_SQ":9.6174920322,"HOLDER_PROFIT_SQ":205452000,"HOLDER_PROFIT_QOQ_SQ":-17.143755898081,"ROE_AVG_SQ":8.914401749453,"PE_TTM_SQ":4.701349393597,"PB_TTM_SQ":0.760761214294,"ROA_SQ":6.715023955848,"START_DATE":"2020-01-01 00:00:00","FISCAL_YEAR":"12-31","CURRENCY":"HKD","IS_CNY_CODE":0,"DPS_HKD_LY":0.1381,"ORG_TYPE":"一般企业","PREMIUM_INCOME":null,"PREMIUM_INCOME_YOY":null,"NET_INTEREST_INCOME":null,"NET_INTEREST_INCOME_YOY":null,"FEE_COMMISSION_INCOME":null,"FEE_COMMISSION_INCOME_YOY":null,"ACCOUNTS_RECE_TDAYS":3.31124785083,"INVENTORY_TDAYS":3.167935829658,"CURRENT_ASSETS_TDAYS":1.207505751268,"TOTAL_ASSETS_TDAYS":0.644914947211,"PREMIUM_EXPENSE":null,"LOAN_DEPOSIT":null,"LOAN_EQUITY":null,"LOAN_ASSETS":null,"DEPOSIT_EQUITY":null,"DEPOSIT_ASSETS":null,"EQUITY_MULTIPLIER":1.319967809011,"EQUITY_RATIO":0.319857918244},{"SECUCODE":"01571.HK","SECURITY_CODE":"01571","SECURITY_NAME_ABBR":"信邦控股","ORG_CODE":"10582406","STD_REPORT_DATE":"2020-06-30 00:00:00","REPORT_DATE":"2020-06-30 00:00:00","DATE_TYPE_CODE":"002","REPORT_TYPE":"2020年中报","PER_NETCASH_OPERATE":0.160956421595,"PER_OI":0.814888748187,"BPS":2.365210064762,"BASIC_EPS":0.062,"DILUTED_EPS":0.062,"OPERATE_INCOME":817256000,"OPERATE_INCOME_YOY":-20.0703395409,"GROSS_PROFIT":242612000,"GROSS_PROFIT_YOY":-6.174176357526,"HOLDER_PROFIT":62649000,"HOLDER_PROFIT_YOY":21.7265432219,"GROSS_PROFIT_RATIO":29.686169327604,"EPS_TTM":0.216006501114,"OPERATE_INCOME_QOQ":-9.631008380605,"NET_PROFIT_RATIO":7.6065516803,"ROE_AVG":2.648921778607,"GROSS_PROFIT_QOQ":-2.761346340113,"ROA":2.017248149471,"HOLDER_PROFIT_QOQ":5.442633802543,"ROE_YEARLY":5.297843557214,"ROIC_YEARLY":4.790452586475,"TOTAL_ASSETS":3024984000,"TOTAL_LIABILITIES":653284000,"TAX_EBT":2.989965824503,"OCF_SALES":19.751950429241,"TOTAL_PARENT_EQUITY":2372081000,"DEBT_ASSET_RATIO":21.5962795175,"OPERATE_PROFIT":65445000,"PRETAX_PROFIT":64081000,"NETCASH_OPERATE":161424000,"NETCASH_INVEST":-82534000,"NETCASH_FINANCE":-26897000,"END_CASH":517434000,"DIVI_RATIO":1.893882813201,"DIVIDEND_RATE":10.112359550562,"CURRENT_RATIO":2.711671530601,"COMMON_ACS":20000000000,"CURRENTDEBT_DEBT":88.066292760882,"ISSUED_COMMON_SHARES":1002905000,"HK_COMMON_SHARES":1002905000,"PER_SHARES":1000,"TOTAL_MARKET_CAP":4462927250,"HKSK_MARKET_CAP":4462927250,"PE_TTM":6.053558323068,"PB_TTM":1.153335780471,"REPORT_DATE_SQ":"2019-06-30 00:00:00","REPORT_TYPE_SQ":"2019年中报","OPERATE_INCOME_SQ":1022469000,"DPS_HKD":0.45,"OPERATE_INCOME_QOQ_SQ":2.414011275402,"NET_PROFIT_RATIO_SQ":5.0333066333,"HOLDER_PROFIT_SQ":51467000,"HOLDER_PROFIT_QOQ_SQ":-37.196826940612,"ROE_AVG_SQ":2.260429181571,"PE_TTM_SQ":4.701349393597,"PB_TTM_SQ":0.760761214294,"ROA_SQ":1.733888960292,"START_DATE":"2020-01-01 00:00:00","FISCAL_YEAR":"12-31","CURRENCY":"HKD","IS_CNY_CODE":0,"DPS_HKD_LY":0.1381,"ORG_TYPE":"一般企业","PREMIUM_INCOME":null,"PREMIUM_INCOME_YOY":null,"NET_INTEREST_INCOME":null,"NET_INTEREST_INCOME_YOY":null,"FEE_COMMISSION_INCOME":null,"FEE_COMMISSION_INCOME_YOY":null,"ACCOUNTS_RECE_TDAYS":1.562106788257,"INVENTORY_TDAYS":1.275855408205,"CURRENT_ASSETS_TDAYS":0.506406012261,"TOTAL_ASSETS_TDAYS":0.26314995509,"PREMIUM_EXPENSE":null,"LOAN_DEPOSIT":null,"LOAN_EQUITY":null,"LOAN_ASSETS":null,"DEPOSIT_EQUITY":null,"DEPOSIT_ASSETS":null,"EQUITY_MULTIPLIER":1.275449677446,"EQUITY_RATIO":0.275405435143}],"count":21},"success":true,"message":"ok","code":0}