{"version":"a16187e8edf76f0556ce1f3c0e956de8","result":{"pages":3,"data":[{"SECUCODE":"01575.HK","SECURITY_CODE":"01575","SECURITY_NAME_ABBR":"皇庭智家","ORG_CODE":"10524786","STD_REPORT_DATE":"2024-06-30 00:00:00","REPORT_DATE":"2024-06-30 00:00:00","DATE_TYPE_CODE":"002","REPORT_TYPE":"2024年中报","PER_NETCASH_OPERATE":-0.007408,"PER_OI":0.027306181818,"BPS":-0.088650545455,"BASIC_EPS":-0.0345,"DILUTED_EPS":-0.0345,"OPERATE_INCOME":75092000,"OPERATE_INCOME_YOY":-15.8680185984,"GROSS_PROFIT":20261000,"GROSS_PROFIT_YOY":-20.781201126056,"HOLDER_PROFIT":-92311000,"HOLDER_PROFIT_YOY":-569.0657389288,"GROSS_PROFIT_RATIO":26.981569275023,"EPS_TTM":-0.037542545455,"OPERATE_INCOME_QOQ":-7.534512568161,"NET_PROFIT_RATIO":-122.9305385394,"ROE_AVG":47.334240934881,"GROSS_PROFIT_QOQ":-7.651445352989,"ROA":-37.233512621786,"HOLDER_PROFIT_QOQ":-317.510514396635,"ROE_YEARLY":94.668481869762,"ROIC_YEARLY":-75.372838800547,"TOTAL_ASSETS":211870000,"TOTAL_LIABILITIES":455659000,"TAX_EBT":null,"OCF_SALES":-27.12938795078,"TOTAL_PARENT_EQUITY":-243789000,"DEBT_ASSET_RATIO":215.0653702742,"OPERATE_PROFIT":-84282000,"PRETAX_PROFIT":-92311000,"NETCASH_OPERATE":-20372000,"NETCASH_INVEST":-62000,"NETCASH_FINANCE":23653000,"END_CASH":7487000,"DIVI_RATIO":null,"DIVIDEND_RATE":null,"CURRENT_RATIO":0.466348878296,"COMMON_ACS":10000000000,"CURRENTDEBT_DEBT":85.587467821331,"ISSUED_COMMON_SHARES":2750000000,"HK_COMMON_SHARES":2750000000,"PER_SHARES":2000,"TOTAL_MARKET_CAP":162250000,"HKSK_MARKET_CAP":162250000,"PE_TTM":-1.42995350489,"PB_TTM":-0.607420064072,"REPORT_DATE_SQ":"2023-06-30 00:00:00","REPORT_TYPE_SQ":"2023年中报","OPERATE_INCOME_SQ":89255000,"DPS_HKD":null,"OPERATE_INCOME_QOQ_SQ":26.744335785112,"NET_PROFIT_RATIO_SQ":-16.3161727634,"HOLDER_PROFIT_SQ":-13797000,"HOLDER_PROFIT_QOQ_SQ":55.185072040625,"ROE_AVG_SQ":10.5044368055,"PE_TTM_SQ":-8.086823395987,"PB_TTM_SQ":-5.139402913015,"ROA_SQ":-3.869377315471,"START_DATE":"2024-01-01 00:00:00","FISCAL_YEAR":"12-31","CURRENCY":"HKD","IS_CNY_CODE":0,"DPS_HKD_LY":null,"ORG_TYPE":"一般企业","PREMIUM_INCOME":null,"PREMIUM_INCOME_YOY":null,"NET_INTEREST_INCOME":null,"NET_INTEREST_INCOME_YOY":null,"FEE_COMMISSION_INCOME":null,"FEE_COMMISSION_INCOME_YOY":null,"ACCOUNTS_RECE_TDAYS":4.295758130488,"INVENTORY_TDAYS":2.240606419713,"CURRENT_ASSETS_TDAYS":0.355200264891,"TOTAL_ASSETS_TDAYS":0.30288253077,"PREMIUM_EXPENSE":null,"LOAN_DEPOSIT":null,"LOAN_EQUITY":null,"LOAN_ASSETS":null,"DEPOSIT_EQUITY":null,"DEPOSIT_ASSETS":null,"EQUITY_MULTIPLIER":-0.869071205018,"EQUITY_RATIO":-1.869071205017},{"SECUCODE":"01575.HK","SECURITY_CODE":"01575","SECURITY_NAME_ABBR":"皇庭智家","ORG_CODE":"10524786","STD_REPORT_DATE":"2023-12-31 00:00:00","REPORT_DATE":"2023-12-31 00:00:00","DATE_TYPE_CODE":"001","REPORT_TYPE":"2023年年报","PER_NETCASH_OPERATE":-0.005640727273,"PER_OI":0.068354545455,"BPS":-0.053181818182,"BASIC_EPS":-0.0092,"DILUTED_EPS":-0.0092,"OPERATE_INCOME":187975000,"OPERATE_INCOME_YOY":42.3912796467,"GROSS_PROFIT":69464000,"GROSS_PROFIT_YOY":3373.2,"HOLDER_PROFIT":-24728000,"HOLDER_PROFIT_YOY":87.6161238788,"GROSS_PROFIT_RATIO":36.953850246043,"EPS_TTM":-0.008992,"OPERATE_INCOME_QOQ":12.345280571842,"NET_PROFIT_RATIO":-13.8646096555,"ROE_AVG":18.097719488275,"GROSS_PROFIT_QOQ":117.741834367751,"ROA":-7.59829339528,"HOLDER_PROFIT_QOQ":72.366627181906,"ROE_YEARLY":18.097719488275,"ROIC_YEARLY":-7.61731083791,"TOTAL_ASSETS":283979000,"TOTAL_LIABILITIES":436510000,"TAX_EBT":0.260237275163,"OCF_SALES":-8.252161191648,"TOTAL_PARENT_EQUITY":-146250000,"DEBT_ASSET_RATIO":153.7120702587,"OPERATE_PROFIT":-104575000,"PRETAX_PROFIT":-26130000,"NETCASH_OPERATE":-15512000,"NETCASH_INVEST":-15261000,"NETCASH_FINANCE":19020000,"END_CASH":4753000,"DIVI_RATIO":null,"DIVIDEND_RATE":null,"CURRENT_RATIO":0.684563129139,"COMMON_ACS":10000000000,"CURRENTDEBT_DEBT":80.63251700992,"ISSUED_COMMON_SHARES":2750000000,"HK_COMMON_SHARES":2750000000,"PER_SHARES":2000,"TOTAL_MARKET_CAP":192500000,"HKSK_MARKET_CAP":192500000,"PE_TTM":-1.696555005802,"PB_TTM":-0.720667872628,"REPORT_DATE_SQ":"2022-12-31 00:00:00","REPORT_TYPE_SQ":"2022年年报","OPERATE_INCOME_SQ":132013000,"DPS_HKD":null,"OPERATE_INCOME_QOQ_SQ":-53.186879432624,"NET_PROFIT_RATIO_SQ":-153.4591290252,"HOLDER_PROFIT_SQ":-199679000,"HOLDER_PROFIT_QOQ_SQ":1.982642672714,"ROE_AVG_SQ":226.184421424647,"PE_TTM_SQ":-5.499039909271,"PB_TTM_SQ":-3.49479398085,"ROA_SQ":-53.837360101161,"START_DATE":"2023-01-01 00:00:00","FISCAL_YEAR":"12-31","CURRENCY":"HKD","IS_CNY_CODE":0,"DPS_HKD_LY":null,"ORG_TYPE":"一般企业","PREMIUM_INCOME":null,"PREMIUM_INCOME_YOY":null,"NET_INTEREST_INCOME":null,"NET_INTEREST_INCOME_YOY":null,"FEE_COMMISSION_INCOME":null,"FEE_COMMISSION_INCOME_YOY":null,"ACCOUNTS_RECE_TDAYS":7.43660244491,"INVENTORY_TDAYS":4.529544412169,"CURRENT_ASSETS_TDAYS":0.674122448394,"TOTAL_ASSETS_TDAYS":0.577599968043,"PREMIUM_EXPENSE":null,"LOAN_DEPOSIT":null,"LOAN_EQUITY":null,"LOAN_ASSETS":null,"DEPOSIT_EQUITY":null,"DEPOSIT_ASSETS":null,"EQUITY_MULTIPLIER":-1.861778917073,"EQUITY_RATIO":-2.984683760684},{"SECUCODE":"01575.HK","SECURITY_CODE":"01575","SECURITY_NAME_ABBR":"皇庭智家","ORG_CODE":"10524786","STD_REPORT_DATE":"2023-06-30 00:00:00","REPORT_DATE":"2023-06-30 00:00:00","DATE_TYPE_CODE":"002","REPORT_TYPE":"2023年中报","PER_NETCASH_OPERATE":-0.012682181818,"PER_OI":0.032456363636,"BPS":-0.049333454545,"BASIC_EPS":-0.0052,"DILUTED_EPS":-0.0052,"OPERATE_INCOME":89255000,"OPERATE_INCOME_YOY":65.4432890322,"GROSS_PROFIT":25576000,"GROSS_PROFIT_YOY":691.215903837263,"HOLDER_PROFIT":-13797000,"HOLDER_PROFIT_YOY":88.8724897169,"GROSS_PROFIT_RATIO":28.654977312195,"EPS_TTM":-0.032540363636,"OPERATE_INCOME_QOQ":26.744335785112,"NET_PROFIT_RATIO":-16.3161727634,"ROE_AVG":10.5044368055,"GROSS_PROFIT_QOQ":1495.1,"ROA":-3.869377315471,"HOLDER_PROFIT_QOQ":55.185072040625,"ROE_YEARLY":21.008873611,"ROIC_YEARLY":-7.758206227595,"TOTAL_ASSETS":346234000,"TOTAL_LIABILITIES":487589000,"TAX_EBT":0.485171518382,"OCF_SALES":-39.074561649207,"TOTAL_PARENT_EQUITY":-135667000,"DEBT_ASSET_RATIO":140.826435301,"OPERATE_PROFIT":-9575000,"PRETAX_PROFIT":-14634000,"NETCASH_OPERATE":-34876000,"NETCASH_INVEST":-5491000,"NETCASH_FINANCE":36470000,"END_CASH":4323000,"DIVI_RATIO":null,"DIVIDEND_RATE":null,"CURRENT_RATIO":0.753547993286,"COMMON_ACS":10000000000,"CURRENTDEBT_DEBT":80.637586163757,"ISSUED_COMMON_SHARES":2750000000,"HK_COMMON_SHARES":2750000000,"PER_SHARES":2000,"TOTAL_MARKET_CAP":192500000,"HKSK_MARKET_CAP":192500000,"PE_TTM":-1.696555005802,"PB_TTM":-0.720667872628,"REPORT_DATE_SQ":"2022-06-30 00:00:00","REPORT_TYPE_SQ":"2022年中报","OPERATE_INCOME_SQ":53949000,"DPS_HKD":null,"OPERATE_INCOME_QOQ_SQ":-43.928801507957,"NET_PROFIT_RATIO_SQ":-233.359283768,"HOLDER_PROFIT_SQ":-123990000,"HOLDER_PROFIT_QOQ_SQ":-67.658096586233,"ROE_AVG_SQ":124.489826654016,"PE_TTM_SQ":-5.499039909271,"PB_TTM_SQ":-3.49479398085,"ROA_SQ":-33.228859448008,"START_DATE":"2023-01-01 00:00:00","FISCAL_YEAR":"12-31","CURRENCY":"HKD","IS_CNY_CODE":0,"DPS_HKD_LY":null,"ORG_TYPE":"一般企业","PREMIUM_INCOME":null,"PREMIUM_INCOME_YOY":null,"NET_INTEREST_INCOME":null,"NET_INTEREST_INCOME_YOY":null,"FEE_COMMISSION_INCOME":null,"FEE_COMMISSION_INCOME_YOY":null,"ACCOUNTS_RECE_TDAYS":2.497761235798,"INVENTORY_TDAYS":2.336886915356,"CURRENT_ASSETS_TDAYS":0.291196252017,"TOTAL_ASSETS_TDAYS":0.250316208083,"PREMIUM_EXPENSE":null,"LOAN_DEPOSIT":null,"LOAN_EQUITY":null,"LOAN_ASSETS":null,"DEPOSIT_EQUITY":null,"DEPOSIT_ASSETS":null,"EQUITY_MULTIPLIER":-2.449393371298,"EQUITY_RATIO":-3.594013282523},{"SECUCODE":"01575.HK","SECURITY_CODE":"01575","SECURITY_NAME_ABBR":"皇庭智家","ORG_CODE":"10524786","STD_REPORT_DATE":"2022-12-31 00:00:00","REPORT_DATE":"2022-12-31 00:00:00","DATE_TYPE_CODE":"001","REPORT_TYPE":"2022年年报","PER_NETCASH_OPERATE":-0.051473818182,"PER_OI":0.048004727273,"BPS":-0.046189818182,"BASIC_EPS":-0.1399,"DILUTED_EPS":-0.1399,"OPERATE_INCOME":132013000,"OPERATE_INCOME_YOY":-73.7513222463,"GROSS_PROFIT":2000000,"GROSS_PROFIT_YOY":-97.993096251104,"HOLDER_PROFIT":-199679000,"HOLDER_PROFIT_YOY":-64.3340356191,"GROSS_PROFIT_RATIO":1.515002310379,"EPS_TTM":-0.072610545455,"OPERATE_INCOME_QOQ":-53.186879432624,"NET_PROFIT_RATIO":-153.4591290252,"ROE_AVG":226.184421424647,"GROSS_PROFIT_QOQ":-84.233346472211,"ROA":-53.837360101161,"HOLDER_PROFIT_QOQ":1.982642672714,"ROE_YEARLY":226.184421424647,"ROIC_YEARLY":-54.949104128083,"TOTAL_ASSETS":366904000,"TOTAL_LIABILITIES":498363000,"TAX_EBT":0.409010018779,"OCF_SALES":-107.226561020506,"TOTAL_PARENT_EQUITY":-127022000,"DEBT_ASSET_RATIO":135.8292632405,"OPERATE_PROFIT":-195917000,"PRETAX_PROFIT":-203418000,"NETCASH_OPERATE":-141553000,"NETCASH_INVEST":7896000,"NETCASH_FINANCE":122792000,"END_CASH":7590000,"DIVI_RATIO":null,"DIVIDEND_RATE":null,"CURRENT_RATIO":0.724860459847,"COMMON_ACS":10000000000,"CURRENTDEBT_DEBT":87.681268472981,"ISSUED_COMMON_SHARES":2750000000,"HK_COMMON_SHARES":2750000000,"PER_SHARES":2000,"TOTAL_MARKET_CAP":192500000,"HKSK_MARKET_CAP":192500000,"PE_TTM":-1.696555005802,"PB_TTM":-0.720667872628,"REPORT_DATE_SQ":"2021-12-31 00:00:00","REPORT_TYPE_SQ":"2021年年报","OPERATE_INCOME_SQ":502932000,"DPS_HKD":null,"OPERATE_INCOME_QOQ_SQ":-24.798925810016,"NET_PROFIT_RATIO_SQ":-24.5365178593,"HOLDER_PROFIT_SQ":-121508000,"HOLDER_PROFIT_QOQ_SQ":-166.412330899603,"ROE_AVG_SQ":-899.193369348035,"PE_TTM_SQ":-5.499039909271,"PB_TTM_SQ":-3.49479398085,"ROA_SQ":-23.106222676076,"START_DATE":"2022-01-01 00:00:00","FISCAL_YEAR":"12-31","CURRENCY":"HKD","IS_CNY_CODE":0,"DPS_HKD_LY":null,"ORG_TYPE":"一般企业","PREMIUM_INCOME":null,"PREMIUM_INCOME_YOY":null,"NET_INTEREST_INCOME":null,"NET_INTEREST_INCOME_YOY":null,"FEE_COMMISSION_INCOME":null,"FEE_COMMISSION_INCOME_YOY":null,"ACCOUNTS_RECE_TDAYS":3.616051496268,"INVENTORY_TDAYS":2.394610822559,"CURRENT_ASSETS_TDAYS":0.386615630619,"TOTAL_ASSETS_TDAYS":0.355932843165,"PREMIUM_EXPENSE":null,"LOAN_DEPOSIT":null,"LOAN_EQUITY":null,"LOAN_ASSETS":null,"DEPOSIT_EQUITY":null,"DEPOSIT_ASSETS":null,"EQUITY_MULTIPLIER":-2.791014688992,"EQUITY_RATIO":-3.923438459479},{"SECUCODE":"01575.HK","SECURITY_CODE":"01575","SECURITY_NAME_ABBR":"皇庭智家","ORG_CODE":"10524786","STD_REPORT_DATE":"2022-06-30 00:00:00","REPORT_DATE":"2022-06-30 00:00:00","DATE_TYPE_CODE":"002","REPORT_TYPE":"2022年中报","PER_NETCASH_OPERATE":-0.00857,"PER_OI":0.0449575,"BPS":-0.054420363636,"BASIC_EPS":-0.12,"DILUTED_EPS":-0.12,"OPERATE_INCOME":53949000,"OPERATE_INCOME_YOY":-80.3736889781,"GROSS_PROFIT":-4326000,"GROSS_PROFIT_YOY":-105.234436445036,"HOLDER_PROFIT":-123990000,"HOLDER_PROFIT_YOY":-196.7687888942,"GROSS_PROFIT_RATIO":-8.018684312962,"EPS_TTM":-0.169765,"OPERATE_INCOME_QOQ":-43.928801507957,"NET_PROFIT_RATIO":-233.359283768,"ROE_AVG":124.489826654016,"GROSS_PROFIT_QOQ":-87.271212972626,"ROA":-33.228859448008,"HOLDER_PROFIT_QOQ":-67.658096586233,"ROE_YEARLY":248.979653308032,"ROIC_YEARLY":-69.937544683965,"TOTAL_ASSETS":371397000,"TOTAL_LIABILITIES":524440000,"TAX_EBT":null,"OCF_SALES":-19.06244786743,"TOTAL_PARENT_EQUITY":-149656000,"DEBT_ASSET_RATIO":141.2073872433,"OPERATE_PROFIT":-122055000,"PRETAX_PROFIT":-125895000,"NETCASH_OPERATE":-10284000,"NETCASH_INVEST":-5567000,"NETCASH_FINANCE":22824000,"END_CASH":28664000,"DIVI_RATIO":null,"DIVIDEND_RATE":null,"CURRENT_RATIO":0.697899261119,"COMMON_ACS":10000000000,"CURRENTDEBT_DEBT":98.710052627565,"ISSUED_COMMON_SHARES":2750000000,"HK_COMMON_SHARES":2750000000,"PER_SHARES":2000,"TOTAL_MARKET_CAP":192500000,"HKSK_MARKET_CAP":192500000,"PE_TTM":-1.696555005802,"PB_TTM":-0.720667872628,"REPORT_DATE_SQ":"2021-06-30 00:00:00","REPORT_TYPE_SQ":"2021年中报","OPERATE_INCOME_SQ":274881000,"DPS_HKD":null,"OPERATE_INCOME_QOQ_SQ":10.294163727008,"NET_PROFIT_RATIO_SQ":-15.5831068717,"HOLDER_PROFIT_SQ":-41780000,"HOLDER_PROFIT_QOQ_SQ":49.985744363541,"ROE_AVG_SQ":-80.346926412754,"PE_TTM_SQ":-5.499039909271,"PB_TTM_SQ":-3.49479398085,"ROA_SQ":-5.528396546671,"START_DATE":"2022-01-01 00:00:00","FISCAL_YEAR":"12-31","CURRENCY":"HKD","IS_CNY_CODE":0,"DPS_HKD_LY":null,"ORG_TYPE":"一般企业","PREMIUM_INCOME":null,"PREMIUM_INCOME_YOY":null,"NET_INTEREST_INCOME":null,"NET_INTEREST_INCOME_YOY":null,"FEE_COMMISSION_INCOME":null,"FEE_COMMISSION_INCOME_YOY":null,"ACCOUNTS_RECE_TDAYS":1.528365227984,"INVENTORY_TDAYS":0.819286085844,"CURRENT_ASSETS_TDAYS":0.148321964979,"TOTAL_ASSETS_TDAYS":0.144581316103,"PREMIUM_EXPENSE":null,"LOAN_DEPOSIT":null,"LOAN_EQUITY":null,"LOAN_ASSETS":null,"DEPOSIT_EQUITY":null,"DEPOSIT_ASSETS":null,"EQUITY_MULTIPLIER":-2.426749344955,"EQUITY_RATIO":-3.50430320201},{"SECUCODE":"01575.HK","SECURITY_CODE":"01575","SECURITY_NAME_ABBR":"皇庭智家","ORG_CODE":"10524786","STD_REPORT_DATE":"2021-12-31 00:00:00","REPORT_DATE":"2021-12-31 00:00:00","DATE_TYPE_CODE":"001","REPORT_TYPE":"2021年年报","PER_NETCASH_OPERATE":0.076906,"PER_OI":0.502932,"BPS":-0.018014909091,"BASIC_EPS":-0.1315,"DILUTED_EPS":-0.1315,"OPERATE_INCOME":502932000,"OPERATE_INCOME_YOY":-17.0576041084,"GROSS_PROFIT":99656000,"GROSS_PROFIT_YOY":69.581050267161,"HOLDER_PROFIT":-121508000,"HOLDER_PROFIT_YOY":-33.2441442232,"GROSS_PROFIT_RATIO":19.815004811784,"EPS_TTM":-0.121508,"OPERATE_INCOME_QOQ":-24.798925810016,"NET_PROFIT_RATIO":-24.5365178593,"ROE_AVG":-899.193369348035,"GROSS_PROFIT_QOQ":-20.125675264094,"ROA":-23.106222676076,"HOLDER_PROFIT_QOQ":-166.412330899603,"ROE_YEARLY":-899.193369348035,"ROIC_YEARLY":-24.21119539639,"TOTAL_ASSETS":374882000,"TOTAL_LIABILITIES":426053000,"TAX_EBT":-2.590492659162,"OCF_SALES":15.291530465351,"TOTAL_PARENT_EQUITY":-49541000,"DEBT_ASSET_RATIO":113.649895167,"OPERATE_PROFIT":-97818000,"PRETAX_PROFIT":-120286000,"NETCASH_OPERATE":76906000,"NETCASH_INVEST":-1102000,"NETCASH_FINANCE":-96659000,"END_CASH":13485000,"DIVI_RATIO":null,"DIVIDEND_RATE":null,"CURRENT_RATIO":0.88437117346,"COMMON_ACS":10000000000,"CURRENTDEBT_DEBT":97.182510157187,"ISSUED_COMMON_SHARES":2750000000,"HK_COMMON_SHARES":2750000000,"PER_SHARES":2000,"TOTAL_MARKET_CAP":192500000,"HKSK_MARKET_CAP":192500000,"PE_TTM":-1.696555005802,"PB_TTM":-0.720667872628,"REPORT_DATE_SQ":"2020-12-31 00:00:00","REPORT_TYPE_SQ":"2020年年报","OPERATE_INCOME_SQ":606363000,"DPS_HKD":null,"OPERATE_INCOME_QOQ_SQ":-12.521928559063,"NET_PROFIT_RATIO_SQ":-14.962984219,"HOLDER_PROFIT_SQ":-91192000,"HOLDER_PROFIT_QOQ_SQ":38.68703439744,"ROE_AVG_SQ":-66.613098803489,"PE_TTM_SQ":-5.499039909271,"PB_TTM_SQ":-3.49479398085,"ROA_SQ":-9.020801101584,"START_DATE":"2021-01-01 00:00:00","FISCAL_YEAR":"12-31","CURRENCY":"HKD","IS_CNY_CODE":0,"DPS_HKD_LY":null,"ORG_TYPE":"一般企业","PREMIUM_INCOME":null,"PREMIUM_INCOME_YOY":null,"NET_INTEREST_INCOME":null,"NET_INTEREST_INCOME_YOY":null,"FEE_COMMISSION_INCOME":null,"FEE_COMMISSION_INCOME_YOY":null,"ACCOUNTS_RECE_TDAYS":5.580289925826,"INVENTORY_TDAYS":3.170334033002,"CURRENT_ASSETS_TDAYS":1.023136591945,"TOTAL_ASSETS_TDAYS":0.956386310607,"PREMIUM_EXPENSE":null,"LOAN_DEPOSIT":null,"LOAN_EQUITY":null,"LOAN_ASSETS":null,"DEPOSIT_EQUITY":null,"DEPOSIT_ASSETS":null,"EQUITY_MULTIPLIER":-7.326063590712,"EQUITY_RATIO":-8.60000807412},{"SECUCODE":"01575.HK","SECURITY_CODE":"01575","SECURITY_NAME_ABBR":"皇庭智家","ORG_CODE":"10524786","STD_REPORT_DATE":"2021-06-30 00:00:00","REPORT_DATE":"2021-06-30 00:00:00","DATE_TYPE_CODE":"002","REPORT_TYPE":"2021年中报","PER_NETCASH_OPERATE":-0.177152,"PER_OI":0.274881,"BPS":0.009975272727,"BASIC_EPS":-0.0452,"DILUTED_EPS":-0.0452,"OPERATE_INCOME":274881000,"OPERATE_INCOME_YOY":29.3795096512,"GROSS_PROFIT":82645000,"GROSS_PROFIT_YOY":396.515470111144,"HOLDER_PROFIT":-41780000,"HOLDER_PROFIT_YOY":52.1765507137,"GROSS_PROFIT_RATIO":30.065737537334,"EPS_TTM":-0.045609,"OPERATE_INCOME_QOQ":10.294163727008,"NET_PROFIT_RATIO":-15.5831068717,"ROE_AVG":-80.346926412754,"GROSS_PROFIT_QOQ":112.309839022564,"ROA":-5.528396546671,"HOLDER_PROFIT_QOQ":49.985744363541,"ROE_YEARLY":-160.693852825508,"ROIC_YEARLY":-11.753271322496,"TOTAL_ASSETS":834617000,"TOTAL_LIABILITIES":808023000,"TAX_EBT":-1.507144719069,"OCF_SALES":-64.446796977601,"TOTAL_PARENT_EQUITY":27432000,"DEBT_ASSET_RATIO":96.813628287,"OPERATE_PROFIT":-31219000,"PRETAX_PROFIT":-42199000,"NETCASH_OPERATE":-177152000,"NETCASH_INVEST":56089000,"NETCASH_FINANCE":139088000,"END_CASH":54260000,"DIVI_RATIO":null,"DIVIDEND_RATE":null,"CURRENT_RATIO":1.368053054754,"COMMON_ACS":10000000000,"CURRENTDEBT_DEBT":73.544193667755,"ISSUED_COMMON_SHARES":2750000000,"HK_COMMON_SHARES":2750000000,"PER_SHARES":2000,"TOTAL_MARKET_CAP":192500000,"HKSK_MARKET_CAP":192500000,"PE_TTM":-1.696555005802,"PB_TTM":-0.720667872628,"REPORT_DATE_SQ":"2020-06-30 00:00:00","REPORT_TYPE_SQ":"2020年中报","OPERATE_INCOME_SQ":212461000,"DPS_HKD":null,"OPERATE_INCOME_QOQ_SQ":-29.290889096989,"NET_PROFIT_RATIO_SQ":-41.144492401,"HOLDER_PROFIT_SQ":-87363000,"HOLDER_PROFIT_QOQ_SQ":-5.907317212111,"ROE_AVG_SQ":-57.998021655569,"PE_TTM_SQ":-5.499039909271,"PB_TTM_SQ":-3.49479398085,"ROA_SQ":-7.231228298162,"START_DATE":"2021-01-01 00:00:00","FISCAL_YEAR":"12-31","CURRENCY":"HKD","IS_CNY_CODE":0,"DPS_HKD_LY":null,"ORG_TYPE":"一般企业","PREMIUM_INCOME":null,"PREMIUM_INCOME_YOY":null,"NET_INTEREST_INCOME":null,"NET_INTEREST_INCOME_YOY":null,"FEE_COMMISSION_INCOME":null,"FEE_COMMISSION_INCOME_YOY":null,"ACCOUNTS_RECE_TDAYS":2.466317942828,"INVENTORY_TDAYS":1.126829582823,"CURRENT_ASSETS_TDAYS":0.384471535391,"TOTAL_ASSETS_TDAYS":0.363726943788,"PREMIUM_EXPENSE":null,"LOAN_DEPOSIT":null,"LOAN_EQUITY":null,"LOAN_ASSETS":null,"DEPOSIT_EQUITY":null,"DEPOSIT_ASSETS":null,"EQUITY_MULTIPLIER":31.383657968093,"EQUITY_RATIO":29.455489938758},{"SECUCODE":"01575.HK","SECURITY_CODE":"01575","SECURITY_NAME_ABBR":"皇庭智家","ORG_CODE":"10524786","STD_REPORT_DATE":"2020-12-31 00:00:00","REPORT_DATE":"2020-12-31 00:00:00","DATE_TYPE_CODE":"001","REPORT_TYPE":"2020年年报","PER_NETCASH_OPERATE":-0.046496,"PER_OI":0.606363,"BPS":0.027842545455,"BASIC_EPS":-0.0956,"DILUTED_EPS":-0.1001,"OPERATE_INCOME":606363000,"OPERATE_INCOME_YOY":-38.145033449,"GROSS_PROFIT":58766000,"GROSS_PROFIT_YOY":-42.993781951168,"HOLDER_PROFIT":-91192000,"HOLDER_PROFIT_YOY":35.0650830271,"GROSS_PROFIT_RATIO":9.691554398933,"EPS_TTM":-0.091192,"OPERATE_INCOME_QOQ":-12.521928559063,"NET_PROFIT_RATIO":-14.962984219,"ROE_AVG":-66.613098803489,"GROSS_PROFIT_QOQ":20.828193107986,"ROA":-9.020801101584,"HOLDER_PROFIT_QOQ":38.68703439744,"ROE_YEARLY":-66.613098803489,"ROIC_YEARLY":-9.524530690323,"TOTAL_ASSETS":676852000,"TOTAL_LIABILITIES":600109000,"TAX_EBT":-3.290072859745,"OCF_SALES":-7.668014044393,"TOTAL_PARENT_EQUITY":76567000,"DEBT_ASSET_RATIO":88.6617753955,"OPERATE_PROFIT":-80481000,"PRETAX_PROFIT":-87840000,"NETCASH_OPERATE":-46496000,"NETCASH_INVEST":185985000,"NETCASH_FINANCE":-173280000,"END_CASH":35969000,"DIVI_RATIO":null,"DIVIDEND_RATE":null,"CURRENT_RATIO":1.066729258306,"COMMON_ACS":10000000000,"CURRENTDEBT_DEBT":96.374491967293,"ISSUED_COMMON_SHARES":2750000000,"HK_COMMON_SHARES":2750000000,"PER_SHARES":2000,"TOTAL_MARKET_CAP":192500000,"HKSK_MARKET_CAP":192500000,"PE_TTM":-1.696555005802,"PB_TTM":-0.720667872628,"REPORT_DATE_SQ":"2019-12-31 00:00:00","REPORT_TYPE_SQ":"2019年年报","OPERATE_INCOME_SQ":980298000,"DPS_HKD":null,"OPERATE_INCOME_QOQ_SQ":-27.815446333109,"NET_PROFIT_RATIO_SQ":-14.3517583429,"HOLDER_PROFIT_SQ":-140436000,"HOLDER_PROFIT_QOQ_SQ":-112.437412074364,"ROE_AVG_SQ":-49.75148348242,"PE_TTM_SQ":-5.499039909271,"PB_TTM_SQ":-3.49479398085,"ROA_SQ":-10.113801512072,"START_DATE":"2020-01-01 00:00:00","FISCAL_YEAR":"12-31","CURRENCY":"HKD","IS_CNY_CODE":0,"DPS_HKD_LY":null,"ORG_TYPE":"一般企业","PREMIUM_INCOME":null,"PREMIUM_INCOME_YOY":null,"NET_INTEREST_INCOME":null,"NET_INTEREST_INCOME_YOY":null,"FEE_COMMISSION_INCOME":null,"FEE_COMMISSION_INCOME_YOY":null,"ACCOUNTS_RECE_TDAYS":3.393208691711,"INVENTORY_TDAYS":3.214182157552,"CURRENT_ASSETS_TDAYS":0.854627022182,"TOTAL_ASSETS_TDAYS":0.599820161676,"PREMIUM_EXPENSE":null,"LOAN_DEPOSIT":null,"LOAN_EQUITY":null,"LOAN_ASSETS":null,"DEPOSIT_EQUITY":null,"DEPOSIT_ASSETS":null,"EQUITY_MULTIPLIER":8.81972297147,"EQUITY_RATIO":7.837697702666},{"SECUCODE":"01575.HK","SECURITY_CODE":"01575","SECURITY_NAME_ABBR":"皇庭智家","ORG_CODE":"10524786","STD_REPORT_DATE":"2020-06-30 00:00:00","REPORT_DATE":"2020-06-30 00:00:00","DATE_TYPE_CODE":"002","REPORT_TYPE":"2020年中报","PER_NETCASH_OPERATE":0.084055,"PER_OI":0.212461,"BPS":0.037830181818,"BASIC_EPS":-0.0896,"DILUTED_EPS":-0.095,"OPERATE_INCOME":212461000,"OPERATE_INCOME_YOY":-57.4736939025,"GROSS_PROFIT":16645000,"GROSS_PROFIT_YOY":-76.587993698661,"HOLDER_PROFIT":-87363000,"HOLDER_PROFIT_YOY":-10.4923672329,"GROSS_PROFIT_RATIO":7.834379015443,"EPS_TTM":-0.148732,"OPERATE_INCOME_QOQ":-29.290889096989,"NET_PROFIT_RATIO":-41.144492401,"ROE_AVG":-57.998021655569,"GROSS_PROFIT_QOQ":-52.820433226304,"ROA":-7.231228298162,"HOLDER_PROFIT_QOQ":-5.907317212111,"ROE_YEARLY":-115.996043311138,"ROIC_YEARLY":-15.325981699273,"TOTAL_ASSETS":1071306000,"TOTAL_LIABILITIES":967574000,"TAX_EBT":1.189130533074,"OCF_SALES":39.562555010096,"TOTAL_PARENT_EQUITY":104033000,"DEBT_ASSET_RATIO":90.3172389588,"OPERATE_PROFIT":-75123000,"PRETAX_PROFIT":-88468000,"NETCASH_OPERATE":84055000,"NETCASH_INVEST":58845000,"NETCASH_FINANCE":-145978000,"END_CASH":65659000,"DIVI_RATIO":null,"DIVIDEND_RATE":null,"CURRENT_RATIO":0.795778140277,"COMMON_ACS":10000000000,"CURRENTDEBT_DEBT":82.11092898321,"ISSUED_COMMON_SHARES":2750000000,"HK_COMMON_SHARES":2750000000,"PER_SHARES":2000,"TOTAL_MARKET_CAP":192500000,"HKSK_MARKET_CAP":192500000,"PE_TTM":-1.696555005802,"PB_TTM":-0.720667872628,"REPORT_DATE_SQ":"2019-06-30 00:00:00","REPORT_TYPE_SQ":"2019年中报","OPERATE_INCOME_SQ":499599000,"DPS_HKD":null,"OPERATE_INCOME_QOQ_SQ":-15.651693774638,"NET_PROFIT_RATIO_SQ":-15.8260925262,"HOLDER_PROFIT_SQ":-79067000,"HOLDER_PROFIT_QOQ_SQ":-176.508303917597,"ROE_AVG_SQ":-24.417902611891,"PE_TTM_SQ":-5.499039909271,"PB_TTM_SQ":-3.49479398085,"ROA_SQ":-5.559188230695,"START_DATE":"2020-01-01 00:00:00","FISCAL_YEAR":"12-31","CURRENCY":"HKD","IS_CNY_CODE":0,"DPS_HKD_LY":null,"ORG_TYPE":"一般企业","PREMIUM_INCOME":null,"PREMIUM_INCOME_YOY":null,"NET_INTEREST_INCOME":null,"NET_INTEREST_INCOME_YOY":null,"FEE_COMMISSION_INCOME":null,"FEE_COMMISSION_INCOME_YOY":null,"ACCOUNTS_RECE_TDAYS":1.368367833267,"INVENTORY_TDAYS":1.244572125896,"CURRENT_ASSETS_TDAYS":0.296257407795,"TOTAL_ASSETS_TDAYS":0.17585865818,"PREMIUM_EXPENSE":null,"LOAN_DEPOSIT":null,"LOAN_EQUITY":null,"LOAN_ASSETS":null,"DEPOSIT_EQUITY":null,"DEPOSIT_ASSETS":null,"EQUITY_MULTIPLIER":10.327632745918,"EQUITY_RATIO":9.300644987648}],"count":20},"success":true,"message":"ok","code":0}