{"version":"dc8e2a819bf96a6f0b9a9e9b31108276","result":{"pages":3,"data":[{"SECUCODE":"01583.HK","SECURITY_CODE":"01583","SECURITY_NAME_ABBR":"亲亲食品","ORG_CODE":"10524089","STD_REPORT_DATE":"2024-06-30 00:00:00","REPORT_DATE":"2024-06-30 00:00:00","DATE_TYPE_CODE":"002","REPORT_TYPE":"2024年中报","PER_NETCASH_OPERATE":0.056157056481,"PER_OI":0.74637474476,"BPS":1.634389653296,"BASIC_EPS":0.043,"DILUTED_EPS":0.043,"OPERATE_INCOME":563585000,"OPERATE_INCOME_YOY":-0.9208488405,"GROSS_PROFIT":171722000,"GROSS_PROFIT_YOY":3.392177640769,"HOLDER_PROFIT":32809000,"HOLDER_PROFIT_YOY":25.421461065,"GROSS_PROFIT_RATIO":30.469583115236,"EPS_TTM":0.006155504163,"OPERATE_INCOME_QOQ":-0.533632716433,"NET_PROFIT_RATIO":5.8214821189,"ROE_AVG":2.69427541409,"GROSS_PROFIT_QOQ":2.176474451342,"ROA":1.72337085014,"HOLDER_PROFIT_QOQ":332.167832167832,"ROE_YEARLY":5.38855082818,"ROIC_YEARLY":4.706062916284,"TOTAL_ASSETS":1843465000,"TOTAL_LIABILITIES":609343000,"TAX_EBT":11.252671156915,"OCF_SALES":7.52397597523,"TOTAL_PARENT_EQUITY":1234122000,"DEBT_ASSET_RATIO":33.0542212627,"OPERATE_PROFIT":35476000,"PRETAX_PROFIT":36969000,"NETCASH_OPERATE":42404000,"NETCASH_INVEST":-80359000,"NETCASH_FINANCE":-20432000,"END_CASH":413262000,"DIVI_RATIO":null,"DIVIDEND_RATE":null,"CURRENT_RATIO":1.502359034784,"COMMON_ACS":1000000000,"CURRENTDEBT_DEBT":66.853972229106,"ISSUED_COMMON_SHARES":755096557,"HK_COMMON_SHARES":755096557,"PER_SHARES":1000,"TOTAL_MARKET_CAP":823055247.13,"HKSK_MARKET_CAP":823055247.13,"PE_TTM":153.37858376844,"PB_TTM":0.608680554233,"REPORT_DATE_SQ":"2023-06-30 00:00:00","REPORT_TYPE_SQ":"2023年中报","OPERATE_INCOME_SQ":568823000,"DPS_HKD":null,"OPERATE_INCOME_QOQ_SQ":3.894654066704,"NET_PROFIT_RATIO_SQ":4.5893010655,"HOLDER_PROFIT_SQ":26159000,"HOLDER_PROFIT_QOQ_SQ":1552.48738284066,"ROE_AVG_SQ":2.097584718479,"PE_TTM_SQ":27.508602492946,"PB_TTM_SQ":0.430948084845,"ROA_SQ":1.307269239544,"START_DATE":"2024-01-01 00:00:00","FISCAL_YEAR":"12-31","CURRENCY":"HKD","IS_CNY_CODE":0,"DPS_HKD_LY":null,"ORG_TYPE":"一般企业","PREMIUM_INCOME":null,"PREMIUM_INCOME_YOY":null,"NET_INTEREST_INCOME":null,"NET_INTEREST_INCOME_YOY":null,"FEE_COMMISSION_INCOME":null,"FEE_COMMISSION_INCOME_YOY":null,"ACCOUNTS_RECE_TDAYS":74.444884750017,"INVENTORY_TDAYS":3.409223782429,"CURRENT_ASSETS_TDAYS":0.866997157878,"TOTAL_ASSETS_TDAYS":0.296036441396,"PREMIUM_EXPENSE":null,"LOAN_DEPOSIT":null,"LOAN_EQUITY":null,"LOAN_ASSETS":null,"DEPOSIT_EQUITY":null,"DEPOSIT_ASSETS":null,"EQUITY_MULTIPLIER":1.493746161239,"EQUITY_RATIO":0.493746161239},{"SECUCODE":"01583.HK","SECURITY_CODE":"01583","SECURITY_NAME_ABBR":"亲亲食品","ORG_CODE":"10524089","STD_REPORT_DATE":"2023-12-31 00:00:00","REPORT_DATE":"2023-12-31 00:00:00","DATE_TYPE_CODE":"001","REPORT_TYPE":"2023年年报","PER_NETCASH_OPERATE":0.02475577438,"PER_OI":1.299931764886,"BPS":1.590972689338,"BASIC_EPS":-0.003,"DILUTED_EPS":-0.003,"OPERATE_INCOME":981574000,"OPERATE_INCOME_YOY":2.5068689567,"GROSS_PROFIT":258859000,"GROSS_PROFIT_YOY":4.666885009927,"HOLDER_PROFIT":-2002000,"HOLDER_PROFIT_YOY":-44.3403028118,"GROSS_PROFIT_RATIO":26.371827289639,"EPS_TTM":-0.002651316552,"OPERATE_INCOME_QOQ":-1.33576180841,"NET_PROFIT_RATIO":-0.2094595008,"ROE_AVG":-0.164403382834,"GROSS_PROFIT_QOQ":-4.044556474033,"ROA":-0.099582024102,"HOLDER_PROFIT_QOQ":-109.93745656706,"ROE_YEARLY":-0.164403382834,"ROIC_YEARLY":-0.133583552275,"TOTAL_ASSETS":1964073000,"TOTAL_LIABILITIES":762735000,"TAX_EBT":174.709302325581,"OCF_SALES":1.904390295586,"TOTAL_PARENT_EQUITY":1201338000,"DEBT_ASSET_RATIO":38.8343508617,"OPERATE_PROFIT":-2765000,"PRETAX_PROFIT":2752000,"NETCASH_OPERATE":18693000,"NETCASH_INVEST":-55182000,"NETCASH_FINANCE":64277000,"END_CASH":471667000,"DIVI_RATIO":null,"DIVIDEND_RATE":null,"CURRENT_RATIO":1.287111099472,"COMMON_ACS":1000000000,"CURRENTDEBT_DEBT":70.087776226343,"ISSUED_COMMON_SHARES":755096557,"HK_COMMON_SHARES":755096557,"PER_SHARES":1000,"TOTAL_MARKET_CAP":830606212.7,"HKSK_MARKET_CAP":830606212.7,"PE_TTM":154.785726738792,"PB_TTM":0.614264779501,"REPORT_DATE_SQ":"2022-12-31 00:00:00","REPORT_TYPE_SQ":"2022年年报","OPERATE_INCOME_SQ":957569000,"DPS_HKD":null,"OPERATE_INCOME_QOQ_SQ":8.057885513162,"NET_PROFIT_RATIO_SQ":-0.1846342143,"HOLDER_PROFIT_SQ":-1387000,"HOLDER_PROFIT_QOQ_SQ":97.947070838637,"ROE_AVG_SQ":-0.110911287762,"PE_TTM_SQ":28.919300056686,"PB_TTM_SQ":0.453047986631,"ROA_SQ":-0.069813193083,"START_DATE":"2023-01-01 00:00:00","FISCAL_YEAR":"12-31","CURRENCY":"HKD","IS_CNY_CODE":0,"DPS_HKD_LY":null,"ORG_TYPE":"一般企业","PREMIUM_INCOME":null,"PREMIUM_INCOME_YOY":null,"NET_INTEREST_INCOME":null,"NET_INTEREST_INCOME_YOY":null,"FEE_COMMISSION_INCOME":null,"FEE_COMMISSION_INCOME_YOY":null,"ACCOUNTS_RECE_TDAYS":211.000429922614,"INVENTORY_TDAYS":5.035113386979,"CURRENT_ASSETS_TDAYS":1.39609677073,"TOTAL_ASSETS_TDAYS":0.488247381246,"PREMIUM_EXPENSE":null,"LOAN_DEPOSIT":null,"LOAN_EQUITY":null,"LOAN_ASSETS":null,"DEPOSIT_EQUITY":null,"DEPOSIT_ASSETS":null,"EQUITY_MULTIPLIER":1.634904581392,"EQUITY_RATIO":0.634904581392},{"SECUCODE":"01583.HK","SECURITY_CODE":"01583","SECURITY_NAME_ABBR":"亲亲食品","ORG_CODE":"10524089","STD_REPORT_DATE":"2023-06-30 00:00:00","REPORT_DATE":"2023-06-30 00:00:00","DATE_TYPE_CODE":"002","REPORT_TYPE":"2023年中报","PER_NETCASH_OPERATE":-0.090519549277,"PER_OI":0.753311605949,"BPS":1.668749497424,"BASIC_EPS":0.035,"DILUTED_EPS":0.035,"OPERATE_INCOME":568823000,"OPERATE_INCOME_YOY":7.0163622305,"GROSS_PROFIT":166088000,"GROSS_PROFIT_YOY":15.631983847948,"HOLDER_PROFIT":26159000,"HOLDER_PROFIT_YOY":465.4777345439,"GROSS_PROFIT_RATIO":29.1985380338,"EPS_TTM":0.026680031598,"OPERATE_INCOME_QOQ":3.894654066704,"NET_PROFIT_RATIO":4.5893010655,"ROE_AVG":2.097584718479,"GROSS_PROFIT_QOQ":9.078631877307,"ROA":1.307269239544,"HOLDER_PROFIT_QOQ":1552.48738284066,"ROE_YEARLY":4.195169436958,"ROIC_YEARLY":3.389027926541,"TOTAL_ASSETS":1945350000,"TOTAL_LIABILITIES":685283000,"TAX_EBT":31.973941368078,"OCF_SALES":-12.016215940635,"TOTAL_PARENT_EQUITY":1260067000,"DEBT_ASSET_RATIO":35.2267201275,"OPERATE_PROFIT":34837000,"PRETAX_PROFIT":38375000,"NETCASH_OPERATE":-68351000,"NETCASH_INVEST":-110785000,"NETCASH_FINANCE":74001000,"END_CASH":339342000,"DIVI_RATIO":null,"DIVIDEND_RATE":null,"CURRENT_RATIO":1.434955744386,"COMMON_ACS":1000000000,"CURRENTDEBT_DEBT":57.752636502,"ISSUED_COMMON_SHARES":755096557,"HK_COMMON_SHARES":755096557,"PER_SHARES":1000,"TOTAL_MARKET_CAP":830606212.7,"HKSK_MARKET_CAP":830606212.7,"PE_TTM":154.785726738792,"PB_TTM":0.614264779501,"REPORT_DATE_SQ":"2022-06-30 00:00:00","REPORT_TYPE_SQ":"2022年中报","OPERATE_INCOME_SQ":531529000,"DPS_HKD":null,"OPERATE_INCOME_QOQ_SQ":3.011784891439,"NET_PROFIT_RATIO_SQ":0.8441684273,"HOLDER_PROFIT_SQ":4626000,"HOLDER_PROFIT_QOQ_SQ":16.426070929355,"ROE_AVG_SQ":0.364301450394,"PE_TTM_SQ":28.919300056686,"PB_TTM_SQ":0.453047986631,"ROA_SQ":0.249984126062,"START_DATE":"2023-01-01 00:00:00","FISCAL_YEAR":"12-31","CURRENCY":"HKD","IS_CNY_CODE":0,"DPS_HKD_LY":null,"ORG_TYPE":"一般企业","PREMIUM_INCOME":null,"PREMIUM_INCOME_YOY":null,"NET_INTEREST_INCOME":null,"NET_INTEREST_INCOME_YOY":null,"FEE_COMMISSION_INCOME":null,"FEE_COMMISSION_INCOME_YOY":null,"ACCOUNTS_RECE_TDAYS":85.351189136469,"INVENTORY_TDAYS":3.133112652334,"CURRENT_ASSETS_TDAYS":0.884631624457,"TOTAL_ASSETS_TDAYS":0.284263469798,"PREMIUM_EXPENSE":null,"LOAN_DEPOSIT":null,"LOAN_EQUITY":null,"LOAN_ASSETS":null,"DEPOSIT_EQUITY":null,"DEPOSIT_ASSETS":null,"EQUITY_MULTIPLIER":1.543846478005,"EQUITY_RATIO":0.543846478005},{"SECUCODE":"01583.HK","SECURITY_CODE":"01583","SECURITY_NAME_ABBR":"亲亲食品","ORG_CODE":"10524089","STD_REPORT_DATE":"2022-12-31 00:00:00","REPORT_DATE":"2022-12-31 00:00:00","DATE_TYPE_CODE":"001","REPORT_TYPE":"2022年年报","PER_NETCASH_OPERATE":0.316694597245,"PER_OI":1.268141128605,"BPS":1.634406869637,"BASIC_EPS":-0.002,"DILUTED_EPS":-0.002,"OPERATE_INCOME":957569000,"OPERATE_INCOME_YOY":11.3123565831,"GROSS_PROFIT":247317000,"GROSS_PROFIT_YOY":15.38375407641,"HOLDER_PROFIT":-1387000,"HOLDER_PROFIT_YOY":98.2842864388,"GROSS_PROFIT_RATIO":25.827590492173,"EPS_TTM":-0.001836851178,"OPERATE_INCOME_QOQ":8.057885513162,"NET_PROFIT_RATIO":-0.1846342143,"ROE_AVG":-0.110911287762,"GROSS_PROFIT_QOQ":8.375400957038,"ROA":-0.069813193083,"HOLDER_PROFIT_QOQ":97.947070838637,"ROE_YEARLY":-0.110911287762,"ROIC_YEARLY":-0.091546592893,"TOTAL_ASSETS":2056733000,"TOTAL_LIABILITIES":822035000,"TAX_EBT":122.576937811263,"OCF_SALES":24.973135095226,"TOTAL_PARENT_EQUITY":1234135000,"DEBT_ASSET_RATIO":39.9679977907,"OPERATE_PROFIT":2003000,"PRETAX_PROFIT":7831000,"NETCASH_OPERATE":239135000,"NETCASH_INVEST":-318584000,"NETCASH_FINANCE":130653000,"END_CASH":442641000,"DIVI_RATIO":null,"DIVIDEND_RATE":null,"CURRENT_RATIO":1.145550840698,"COMMON_ACS":1000000000,"CURRENTDEBT_DEBT":76.25709367606,"ISSUED_COMMON_SHARES":755096557,"HK_COMMON_SHARES":755096557,"PER_SHARES":1000,"TOTAL_MARKET_CAP":830606212.7,"HKSK_MARKET_CAP":830606212.7,"PE_TTM":154.785726738792,"PB_TTM":0.614264779501,"REPORT_DATE_SQ":"2021-12-31 00:00:00","REPORT_TYPE_SQ":"2021年年报","OPERATE_INCOME_SQ":860254000,"DPS_HKD":null,"OPERATE_INCOME_QOQ_SQ":0.856203931996,"NET_PROFIT_RATIO_SQ":-9.4038504907,"HOLDER_PROFIT_SQ":-80841000,"HOLDER_PROFIT_QOQ_SQ":-95.987684251358,"ROE_AVG_SQ":-6.21156001277,"PE_TTM_SQ":28.919300056686,"PB_TTM_SQ":0.453047986631,"ROA_SQ":-4.300446636607,"START_DATE":"2022-01-01 00:00:00","FISCAL_YEAR":"12-31","CURRENCY":"HKD","IS_CNY_CODE":0,"DPS_HKD_LY":null,"ORG_TYPE":"一般企业","PREMIUM_INCOME":null,"PREMIUM_INCOME_YOY":null,"NET_INTEREST_INCOME":null,"NET_INTEREST_INCOME_YOY":null,"FEE_COMMISSION_INCOME":null,"FEE_COMMISSION_INCOME_YOY":null,"ACCOUNTS_RECE_TDAYS":232.391457347409,"INVENTORY_TDAYS":4.614767865323,"CURRENT_ASSETS_TDAYS":1.334207878992,"TOTAL_ASSETS_TDAYS":0.481982332279,"PREMIUM_EXPENSE":null,"LOAN_DEPOSIT":null,"LOAN_EQUITY":null,"LOAN_ASSETS":null,"DEPOSIT_EQUITY":null,"DEPOSIT_ASSETS":null,"EQUITY_MULTIPLIER":1.665778190295,"EQUITY_RATIO":0.666081911622},{"SECUCODE":"01583.HK","SECURITY_CODE":"01583","SECURITY_NAME_ABBR":"亲亲食品","ORG_CODE":"10524089","STD_REPORT_DATE":"2022-06-30 00:00:00","REPORT_DATE":"2022-06-30 00:00:00","DATE_TYPE_CODE":"002","REPORT_TYPE":"2022年中报","PER_NETCASH_OPERATE":0.158868424029,"PER_OI":0.703921895912,"BPS":1.685469213443,"BASIC_EPS":0.006,"DILUTED_EPS":0.006,"OPERATE_INCOME":531529000,"OPERATE_INCOME_YOY":5.1242039476,"GROSS_PROFIT":143635000,"GROSS_PROFIT_YOY":10.680875984404,"HOLDER_PROFIT":4626000,"HOLDER_PROFIT_YOY":153.46122732,"GROSS_PROFIT_RATIO":27.022984634893,"EPS_TTM":-0.089474649796,"OPERATE_INCOME_QOQ":3.011784891439,"NET_PROFIT_RATIO":0.8441684273,"ROE_AVG":0.364301450394,"GROSS_PROFIT_QOQ":6.46673789207,"ROA":0.249984126062,"HOLDER_PROFIT_QOQ":16.426070929355,"ROE_YEARLY":0.728602900788,"ROIC_YEARLY":0.63188952178,"TOTAL_ASSETS":1784307000,"TOTAL_LIABILITIES":510810000,"TAX_EBT":71.343722059011,"OCF_SALES":22.569041388146,"TOTAL_PARENT_EQUITY":1272692000,"DEBT_ASSET_RATIO":28.6279210921,"OPERATE_PROFIT":13088000,"PRETAX_PROFIT":15658000,"NETCASH_OPERATE":119961000,"NETCASH_INVEST":-152781000,"NETCASH_FINANCE":-47564000,"END_CASH":311001000,"DIVI_RATIO":null,"DIVIDEND_RATE":null,"CURRENT_RATIO":1.026396610197,"COMMON_ACS":1000000000,"CURRENTDEBT_DEBT":95.359918560717,"ISSUED_COMMON_SHARES":755096557,"HK_COMMON_SHARES":755096557,"PER_SHARES":1000,"TOTAL_MARKET_CAP":830606212.7,"HKSK_MARKET_CAP":830606212.7,"PE_TTM":154.785726738792,"PB_TTM":0.614264779501,"REPORT_DATE_SQ":"2021-06-30 00:00:00","REPORT_TYPE_SQ":"2021年中报","OPERATE_INCOME_SQ":505620000,"DPS_HKD":null,"OPERATE_INCOME_QOQ_SQ":7.583224125253,"NET_PROFIT_RATIO_SQ":-1.7113642657,"HOLDER_PROFIT_SQ":-8653000,"HOLDER_PROFIT_QOQ_SQ":-333.56738391846,"ROE_AVG_SQ":-0.647118497919,"PE_TTM_SQ":28.919300056686,"PB_TTM_SQ":0.453047986631,"ROA_SQ":-0.480263303954,"START_DATE":"2022-01-01 00:00:00","FISCAL_YEAR":"12-31","CURRENCY":"HKD","IS_CNY_CODE":0,"DPS_HKD_LY":null,"ORG_TYPE":"一般企业","PREMIUM_INCOME":null,"PREMIUM_INCOME_YOY":null,"NET_INTEREST_INCOME":null,"NET_INTEREST_INCOME_YOY":null,"FEE_COMMISSION_INCOME":null,"FEE_COMMISSION_INCOME_YOY":null,"ACCOUNTS_RECE_TDAYS":74.778981429375,"INVENTORY_TDAYS":2.943318056272,"CURRENT_ASSETS_TDAYS":0.873307494262,"TOTAL_ASSETS_TDAYS":0.287232625468,"PREMIUM_EXPENSE":null,"LOAN_DEPOSIT":null,"LOAN_EQUITY":null,"LOAN_ASSETS":null,"DEPOSIT_EQUITY":null,"DEPOSIT_ASSETS":null,"EQUITY_MULTIPLIER":1.40110812982,"EQUITY_RATIO":0.401361837742},{"SECUCODE":"01583.HK","SECURITY_CODE":"01583","SECURITY_NAME_ABBR":"亲亲食品","ORG_CODE":"10524089","STD_REPORT_DATE":"2021-12-31 00:00:00","REPORT_DATE":"2021-12-31 00:00:00","DATE_TYPE_CODE":"001","REPORT_TYPE":"2021年年报","PER_NETCASH_OPERATE":0.03967174757,"PER_OI":1.13926357103,"BPS":1.677882104288,"BASIC_EPS":-0.107,"DILUTED_EPS":-0.107,"OPERATE_INCOME":860254000,"OPERATE_INCOME_YOY":8.5043559204,"GROSS_PROFIT":214343000,"GROSS_PROFIT_YOY":-14.645869338409,"HOLDER_PROFIT":-80841000,"HOLDER_PROFIT_YOY":-557.7633069083,"GROSS_PROFIT_RATIO":24.916245666977,"EPS_TTM":-0.107060480214,"OPERATE_INCOME_QOQ":0.856203931996,"NET_PROFIT_RATIO":-9.4038504907,"ROE_AVG":-6.21156001277,"GROSS_PROFIT_QOQ":-5.505420334963,"ROA":-4.300446636607,"HOLDER_PROFIT_QOQ":-95.987684251358,"ROE_YEARLY":-6.21156001277,"ROIC_YEARLY":-6.199408517486,"TOTAL_ASSETS":1916728000,"TOTAL_LIABILITIES":648821000,"TAX_EBT":-66.269988079089,"OCF_SALES":3.482227342157,"TOTAL_PARENT_EQUITY":1266963000,"DEBT_ASSET_RATIO":33.8504472205,"OPERATE_PROFIT":-54991000,"PRETAX_PROFIT":-48654000,"NETCASH_OPERATE":29956000,"NETCASH_INVEST":-255518000,"NETCASH_FINANCE":71993000,"END_CASH":391190000,"DIVI_RATIO":null,"DIVIDEND_RATE":null,"CURRENT_RATIO":1.146519660573,"COMMON_ACS":1000000000,"CURRENTDEBT_DEBT":96.427674196735,"ISSUED_COMMON_SHARES":755096557,"HK_COMMON_SHARES":755096557,"PER_SHARES":1000,"TOTAL_MARKET_CAP":830606212.7,"HKSK_MARKET_CAP":830606212.7,"PE_TTM":154.785726738792,"PB_TTM":0.614264779501,"REPORT_DATE_SQ":"2020-12-31 00:00:00","REPORT_TYPE_SQ":"2020年年报","OPERATE_INCOME_SQ":792829000,"DPS_HKD":null,"OPERATE_INCOME_QOQ_SQ":4.438885463925,"NET_PROFIT_RATIO_SQ":2.2274664524,"HOLDER_PROFIT_SQ":17660000,"HOLDER_PROFIT_QOQ_SQ":-82.238939566131,"ROE_AVG_SQ":1.42263438699,"PE_TTM_SQ":28.919300056686,"PB_TTM_SQ":0.453047986631,"ROA_SQ":1.099454568433,"START_DATE":"2021-01-01 00:00:00","FISCAL_YEAR":"12-31","CURRENCY":"HKD","IS_CNY_CODE":0,"DPS_HKD_LY":null,"ORG_TYPE":"一般企业","PREMIUM_INCOME":null,"PREMIUM_INCOME_YOY":null,"NET_INTEREST_INCOME":null,"NET_INTEREST_INCOME_YOY":null,"FEE_COMMISSION_INCOME":null,"FEE_COMMISSION_INCOME_YOY":null,"ACCOUNTS_RECE_TDAYS":106.250108071389,"INVENTORY_TDAYS":4.190812033051,"CURRENT_ASSETS_TDAYS":1.013311094188,"TOTAL_ASSETS_TDAYS":0.457623782601,"PREMIUM_EXPENSE":null,"LOAN_DEPOSIT":null,"LOAN_EQUITY":null,"LOAN_ASSETS":null,"DEPOSIT_EQUITY":null,"DEPOSIT_ASSETS":null,"EQUITY_MULTIPLIER":1.511726017761,"EQUITY_RATIO":0.512107299108},{"SECUCODE":"01583.HK","SECURITY_CODE":"01583","SECURITY_NAME_ABBR":"亲亲食品","ORG_CODE":"10524089","STD_REPORT_DATE":"2021-06-30 00:00:00","REPORT_DATE":"2021-06-30 00:00:00","DATE_TYPE_CODE":"002","REPORT_TYPE":"2021年中报","PER_NETCASH_OPERATE":0.009662340442,"PER_OI":0.669609727806,"BPS":1.772434250419,"BASIC_EPS":-0.011,"DILUTED_EPS":-0.011,"OPERATE_INCOME":505620000,"OPERATE_INCOME_YOY":13.4954590144,"GROSS_PROFIT":129774000,"GROSS_PROFIT_YOY":-15.766721838185,"HOLDER_PROFIT":-8653000,"HOLDER_PROFIT_YOY":-117.2181872451,"GROSS_PROFIT_RATIO":25.666310668091,"EPS_TTM":-0.054626126444,"OPERATE_INCOME_QOQ":7.583224125253,"NET_PROFIT_RATIO":-1.7113642657,"ROE_AVG":-0.647118497919,"GROSS_PROFIT_QOQ":-9.67298763151,"ROA":-0.480263303954,"HOLDER_PROFIT_QOQ":-333.56738391846,"ROE_YEARLY":-1.294236995839,"ROIC_YEARLY":-1.466575369398,"TOTAL_ASSETS":1760512000,"TOTAL_LIABILITIES":422153000,"TAX_EBT":316.325,"OCF_SALES":1.442980894743,"TOTAL_PARENT_EQUITY":1338359000,"DEBT_ASSET_RATIO":23.9789902029,"OPERATE_PROFIT":273000,"PRETAX_PROFIT":4000000,"NETCASH_OPERATE":7296000,"NETCASH_INVEST":-269297000,"NETCASH_FINANCE":31926000,"END_CASH":314643000,"DIVI_RATIO":null,"DIVIDEND_RATE":null,"CURRENT_RATIO":1.856154248674,"COMMON_ACS":1000000000,"CURRENTDEBT_DEBT":94.61190610987,"ISSUED_COMMON_SHARES":755096557,"HK_COMMON_SHARES":755096557,"PER_SHARES":1000,"TOTAL_MARKET_CAP":830606212.7,"HKSK_MARKET_CAP":830606212.7,"PE_TTM":154.785726738792,"PB_TTM":0.614264779501,"REPORT_DATE_SQ":"2020-06-30 00:00:00","REPORT_TYPE_SQ":"2020年中报","OPERATE_INCOME_SQ":445498000,"DPS_HKD":null,"OPERATE_INCOME_QOQ_SQ":9.883448263883,"NET_PROFIT_RATIO_SQ":11.2806342565,"HOLDER_PROFIT_SQ":50255000,"HOLDER_PROFIT_QOQ_SQ":22.471577961989,"ROE_AVG_SQ":4.251877302607,"PE_TTM_SQ":28.919300056686,"PB_TTM_SQ":0.453047986631,"ROA_SQ":3.526623357257,"START_DATE":"2021-01-01 00:00:00","FISCAL_YEAR":"12-31","CURRENCY":"HKD","IS_CNY_CODE":0,"DPS_HKD_LY":null,"ORG_TYPE":"一般企业","PREMIUM_INCOME":null,"PREMIUM_INCOME_YOY":null,"NET_INTEREST_INCOME":null,"NET_INTEREST_INCOME_YOY":null,"FEE_COMMISSION_INCOME":null,"FEE_COMMISSION_INCOME_YOY":null,"ACCOUNTS_RECE_TDAYS":50.49635473884,"INVENTORY_TDAYS":3.055596430967,"CURRENT_ASSETS_TDAYS":0.587262392303,"TOTAL_ASSETS_TDAYS":0.280631840686,"PREMIUM_EXPENSE":null,"LOAN_DEPOSIT":null,"LOAN_EQUITY":null,"LOAN_ASSETS":null,"DEPOSIT_EQUITY":null,"DEPOSIT_ASSETS":null,"EQUITY_MULTIPLIER":1.315425831187,"EQUITY_RATIO":0.315425831186},{"SECUCODE":"01583.HK","SECURITY_CODE":"01583","SECURITY_NAME_ABBR":"亲亲食品","ORG_CODE":"10524089","STD_REPORT_DATE":"2020-12-31 00:00:00","REPORT_DATE":"2020-12-31 00:00:00","DATE_TYPE_CODE":"001","REPORT_TYPE":"2020年年报","PER_NETCASH_OPERATE":0.029835919382,"PER_OI":1.049970354983,"BPS":1.769254524624,"BASIC_EPS":0.026,"DILUTED_EPS":0.026,"OPERATE_INCOME":792829000,"OPERATE_INCOME_YOY":14.7610486761,"GROSS_PROFIT":251122000,"GROSS_PROFIT_YOY":2.710904971083,"HOLDER_PROFIT":17660000,"HOLDER_PROFIT_YOY":-78.2477490239,"GROSS_PROFIT_RATIO":31.67416933538,"EPS_TTM":0.023387737418,"OPERATE_INCOME_QOQ":4.438885463925,"NET_PROFIT_RATIO":2.2274664524,"ROE_AVG":1.42263438699,"GROSS_PROFIT_QOQ":-8.668960350308,"ROA":1.099454568433,"HOLDER_PROFIT_QOQ":-82.238939566131,"ROE_YEARLY":1.42263438699,"ROIC_YEARLY":1.996099355111,"TOTAL_ASSETS":1842928000,"TOTAL_LIABILITIES":506970000,"TAX_EBT":31.348157362774,"OCF_SALES":2.841596359366,"TOTAL_PARENT_EQUITY":1335958000,"DEBT_ASSET_RATIO":27.5089422918,"OPERATE_PROFIT":24452000,"PRETAX_PROFIT":25724000,"NETCASH_OPERATE":22529000,"NETCASH_INVEST":-412076000,"NETCASH_FINANCE":216979000,"END_CASH":547241000,"DIVI_RATIO":null,"DIVIDEND_RATE":null,"CURRENT_RATIO":2.009341868538,"COMMON_ACS":1000000000,"CURRENTDEBT_DEBT":96.261711738367,"ISSUED_COMMON_SHARES":755096557,"HK_COMMON_SHARES":755096557,"PER_SHARES":1000,"TOTAL_MARKET_CAP":830606212.7,"HKSK_MARKET_CAP":830606212.7,"PE_TTM":154.785726738792,"PB_TTM":0.614264779501,"REPORT_DATE_SQ":"2019-12-31 00:00:00","REPORT_TYPE_SQ":"2019年年报","OPERATE_INCOME_SQ":690852000,"DPS_HKD":null,"OPERATE_INCOME_QOQ_SQ":-0.050202618927,"NET_PROFIT_RATIO_SQ":11.7517210633,"HOLDER_PROFIT_SQ":81187000,"HOLDER_PROFIT_QOQ_SQ":98.583763422449,"ROE_AVG_SQ":8.058035082879,"PE_TTM_SQ":28.919300056686,"PB_TTM_SQ":0.453047986631,"ROA_SQ":6.708859922687,"START_DATE":"2020-01-01 00:00:00","FISCAL_YEAR":"12-31","CURRENCY":"HKD","IS_CNY_CODE":0,"DPS_HKD_LY":null,"ORG_TYPE":"一般企业","PREMIUM_INCOME":null,"PREMIUM_INCOME_YOY":null,"NET_INTEREST_INCOME":null,"NET_INTEREST_INCOME_YOY":null,"FEE_COMMISSION_INCOME":null,"FEE_COMMISSION_INCOME_YOY":null,"ACCOUNTS_RECE_TDAYS":95.211840999159,"INVENTORY_TDAYS":4.356011048702,"CURRENT_ASSETS_TDAYS":0.853955106525,"TOTAL_ASSETS_TDAYS":0.493589731617,"PREMIUM_EXPENSE":null,"LOAN_DEPOSIT":null,"LOAN_EQUITY":null,"LOAN_ASSETS":null,"DEPOSIT_EQUITY":null,"DEPOSIT_ASSETS":null,"EQUITY_MULTIPLIER":1.37948049265,"EQUITY_RATIO":0.37948049265},{"SECUCODE":"01583.HK","SECURITY_CODE":"01583","SECURITY_NAME_ABBR":"亲亲食品","ORG_CODE":"10524089","STD_REPORT_DATE":"2020-06-30 00:00:00","REPORT_DATE":"2020-06-30 00:00:00","DATE_TYPE_CODE":"002","REPORT_TYPE":"2020年中报","PER_NETCASH_OPERATE":0.106750655521,"PER_OI":0.659902639675,"BPS":1.611895841289,"BASIC_EPS":0.074,"DILUTED_EPS":0.074,"OPERATE_INCOME":445498000,"OPERATE_INCOME_YOY":18.1009389796,"GROSS_PROFIT":154065000,"GROSS_PROFIT_YOY":24.647049781151,"HOLDER_PROFIT":50255000,"HOLDER_PROFIT_YOY":56.9929086876,"GROSS_PROFIT_RATIO":34.582646835676,"EPS_TTM":0.147284116574,"OPERATE_INCOME_QOQ":9.883448263883,"NET_PROFIT_RATIO":11.2806342565,"ROE_AVG":4.251877302607,"GROSS_PROFIT_QOQ":12.46001946878,"ROA":3.526623357257,"HOLDER_PROFIT_QOQ":22.471577961989,"ROE_YEARLY":8.503754605213,"ROIC_YEARLY":14.752440515418,"TOTAL_ASSETS":1480461000,"TOTAL_LIABILITIES":263324000,"TAX_EBT":23.735886852009,"OCF_SALES":16.176728066119,"TOTAL_PARENT_EQUITY":1217137000,"DEBT_ASSET_RATIO":17.7866218698,"OPERATE_PROFIT":49377000,"PRETAX_PROFIT":65896000,"NETCASH_OPERATE":72067000,"NETCASH_INVEST":-113316000,"NETCASH_FINANCE":-198781000,"END_CASH":500642000,"DIVI_RATIO":null,"DIVIDEND_RATE":null,"CURRENT_RATIO":3.590225843149,"COMMON_ACS":1000000000,"CURRENTDEBT_DEBT":97.141544257265,"ISSUED_COMMON_SHARES":755096557,"HK_COMMON_SHARES":755096557,"PER_SHARES":1000,"TOTAL_MARKET_CAP":830606212.7,"HKSK_MARKET_CAP":830606212.7,"PE_TTM":154.785726738792,"PB_TTM":0.614264779501,"REPORT_DATE_SQ":"2019-06-30 00:00:00","REPORT_TYPE_SQ":"2019年中报","OPERATE_INCOME_SQ":377218000,"DPS_HKD":null,"OPERATE_INCOME_QOQ_SQ":-9.269918445195,"NET_PROFIT_RATIO_SQ":8.4860743655,"HOLDER_PROFIT_SQ":32011000,"HOLDER_PROFIT_QOQ_SQ":24.795482295482,"ROE_AVG_SQ":3.253773715798,"PE_TTM_SQ":28.919300056686,"PB_TTM_SQ":0.453047986631,"ROA_SQ":2.765299810988,"START_DATE":"2020-01-01 00:00:00","FISCAL_YEAR":"12-31","CURRENCY":"HKD","IS_CNY_CODE":0,"DPS_HKD_LY":null,"ORG_TYPE":"一般企业","PREMIUM_INCOME":null,"PREMIUM_INCOME_YOY":null,"NET_INTEREST_INCOME":null,"NET_INTEREST_INCOME_YOY":null,"FEE_COMMISSION_INCOME":null,"FEE_COMMISSION_INCOME_YOY":null,"ACCOUNTS_RECE_TDAYS":42.807533390987,"INVENTORY_TDAYS":3.389090782228,"CURRENT_ASSETS_TDAYS":0.49648336634,"TOTAL_ASSETS_TDAYS":0.312626336168,"PREMIUM_EXPENSE":null,"LOAN_DEPOSIT":null,"LOAN_EQUITY":null,"LOAN_ASSETS":null,"DEPOSIT_EQUITY":null,"DEPOSIT_ASSETS":null,"EQUITY_MULTIPLIER":1.216347050496,"EQUITY_RATIO":0.216347050496}],"count":21},"success":true,"message":"ok","code":0}