{"version":"17588c3f5dfca6725500c6852974f569","result":{"pages":3,"data":[{"SECUCODE":"01588.HK","SECURITY_CODE":"01588","SECURITY_NAME_ABBR":"畅捷通","ORG_CODE":"10189448","STD_REPORT_DATE":"2024-06-30 00:00:00","REPORT_DATE":"2024-06-30 00:00:00","DATE_TYPE_CODE":"002","REPORT_TYPE":"2024年中报","PER_NETCASH_OPERATE":0.151412412501,"PER_OI":1.390181802915,"BPS":2.639418620784,"BASIC_EPS":-0.031,"DILUTED_EPS":-0.031,"OPERATE_INCOME":452883000,"OPERATE_INCOME_YOY":20.5845468125,"GROSS_PROFIT":327125000,"GROSS_PROFIT_YOY":33.387565037269,"HOLDER_PROFIT":-9879000,"HOLDER_PROFIT_YOY":-154.4747725393,"GROSS_PROFIT_RATIO":72.23168014697,"EPS_TTM":-0.037259130336,"OPERATE_INCOME_QOQ":9.656254332574,"NET_PROFIT_RATIO":-2.1813580991,"ROE_AVG":-1.142405817146,"GROSS_PROFIT_QOQ":15.202590424416,"ROA":-0.608924919909,"HOLDER_PROFIT_QOQ":-176.455026455026,"ROE_YEARLY":-2.284811634291,"ROIC_YEARLY":-2.504888894523,"TOTAL_ASSETS":1659153000,"TOTAL_LIABILITIES":799303000,"TAX_EBT":17.171124339733,"OCF_SALES":10.891554772425,"TOTAL_PARENT_EQUITY":859850000,"DEBT_ASSET_RATIO":48.1753641768,"OPERATE_PROFIT":-10296000,"PRETAX_PROFIT":-11927000,"NETCASH_OPERATE":49326000,"NETCASH_INVEST":-344341000,"NETCASH_FINANCE":-4195000,"END_CASH":486590000,"DIVI_RATIO":null,"DIVIDEND_RATE":null,"CURRENT_RATIO":1.660949748663,"COMMON_ACS":null,"CURRENTDEBT_DEBT":77.403687963138,"ISSUED_COMMON_SHARES":325772499,"HK_COMMON_SHARES":82500000,"PER_SHARES":200,"TOTAL_MARKET_CAP":2387912417.67,"HKSK_MARKET_CAP":604725000,"PE_TTM":-184.041400517608,"PB_TTM":2.534628022747,"REPORT_DATE_SQ":"2023-06-30 00:00:00","REPORT_TYPE_SQ":"2023年中报","OPERATE_INCOME_SQ":375573000,"DPS_HKD":null,"OPERATE_INCOME_QOQ_SQ":5.950754908116,"NET_PROFIT_RATIO_SQ":4.8286218658,"HOLDER_PROFIT_SQ":18135000,"HOLDER_PROFIT_QOQ_SQ":45.548457059337,"ROE_AVG_SQ":2.289521226835,"PE_TTM_SQ":-7.23890462624,"PB_TTM_SQ":0.964598760764,"ROA_SQ":1.183426932931,"START_DATE":"2024-01-01 00:00:00","FISCAL_YEAR":"12-31","CURRENCY":"HKD","IS_CNY_CODE":0,"DPS_HKD_LY":null,"ORG_TYPE":"一般企业","PREMIUM_INCOME":null,"PREMIUM_INCOME_YOY":null,"NET_INTEREST_INCOME":null,"NET_INTEREST_INCOME_YOY":null,"FEE_COMMISSION_INCOME":null,"FEE_COMMISSION_INCOME_YOY":null,"ACCOUNTS_RECE_TDAYS":7.475537288303,"INVENTORY_TDAYS":145.890951276102,"CURRENT_ASSETS_TDAYS":0.394769220443,"TOTAL_ASSETS_TDAYS":0.279149452883,"PREMIUM_EXPENSE":null,"LOAN_DEPOSIT":null,"LOAN_EQUITY":null,"LOAN_ASSETS":null,"DEPOSIT_EQUITY":null,"DEPOSIT_ASSETS":null,"EQUITY_MULTIPLIER":1.929584229808,"EQUITY_RATIO":0.929584229808},{"SECUCODE":"01588.HK","SECURITY_CODE":"01588","SECURITY_NAME_ABBR":"畅捷通","ORG_CODE":"10189448","STD_REPORT_DATE":"2023-12-31 00:00:00","REPORT_DATE":"2023-12-31 00:00:00","DATE_TYPE_CODE":"001","REPORT_TYPE":"2023年年报","PER_NETCASH_OPERATE":-0.129071668508,"PER_OI":2.457607693889,"BPS":2.66952552063,"BASIC_EPS":0.05,"DILUTED_EPS":0.05,"OPERATE_INCOME":800621000,"OPERATE_INCOME_YOY":17.7125894473,"GROSS_PROFIT":538599000,"GROSS_PROFIT_YOY":30.219676602,"HOLDER_PROFIT":15876000,"HOLDER_PROFIT_YOY":107.4853249723,"GROSS_PROFIT_RATIO":67.272654601865,"EPS_TTM":0.048733395387,"OPERATE_INCOME_QOQ":11.101227687709,"NET_PROFIT_RATIO":1.9829607267,"ROE_AVG":2.007116438923,"GROSS_PROFIT_QOQ":18.923591560958,"ROA":1.022819847833,"HOLDER_PROFIT_QOQ":113.746763761051,"ROE_YEARLY":2.007116438923,"ROIC_YEARLY":3.028958838327,"TOTAL_ASSETS":1585582000,"TOTAL_LIABILITIES":715924000,"TAX_EBT":26.825221238938,"OCF_SALES":-5.25192319462,"TOTAL_PARENT_EQUITY":869658000,"DEBT_ASSET_RATIO":45.1521271054,"OPERATE_PROFIT":22959000,"PRETAX_PROFIT":21696000,"NETCASH_OPERATE":-42048000,"NETCASH_INVEST":-65692000,"NETCASH_FINANCE":-7432000,"END_CASH":785789000,"DIVI_RATIO":null,"DIVIDEND_RATE":null,"CURRENT_RATIO":2.291650385679,"COMMON_ACS":null,"CURRENTDEBT_DEBT":77.21378246853,"ISSUED_COMMON_SHARES":325772499,"HK_COMMON_SHARES":82500000,"PER_SHARES":200,"TOTAL_MARKET_CAP":2602922267.01,"HKSK_MARKET_CAP":659175000,"PE_TTM":-200.612658954392,"PB_TTM":2.762848281275,"REPORT_DATE_SQ":"2022-12-31 00:00:00","REPORT_TYPE_SQ":"2022年年报","OPERATE_INCOME_SQ":680149000,"DPS_HKD":null,"OPERATE_INCOME_QOQ_SQ":-4.302355194048,"NET_PROFIT_RATIO_SQ":-31.1836082976,"HOLDER_PROFIT_SQ":-212095000,"HOLDER_PROFIT_QOQ_SQ":-64.344659253807,"ROE_AVG_SQ":-25.933207882609,"PE_TTM_SQ":-7.36817078028,"PB_TTM_SQ":0.981823738635,"ROA_SQ":-13.495821509894,"START_DATE":"2023-01-01 00:00:00","FISCAL_YEAR":"12-31","CURRENCY":"HKD","IS_CNY_CODE":0,"DPS_HKD_LY":null,"ORG_TYPE":"一般企业","PREMIUM_INCOME":null,"PREMIUM_INCOME_YOY":null,"NET_INTEREST_INCOME":null,"NET_INTEREST_INCOME_YOY":null,"FEE_COMMISSION_INCOME":null,"FEE_COMMISSION_INCOME_YOY":null,"ACCOUNTS_RECE_TDAYS":15.629649874572,"INVENTORY_TDAYS":296.23742227247,"CURRENT_ASSETS_TDAYS":0.60905772736,"TOTAL_ASSETS_TDAYS":0.515804389892,"PREMIUM_EXPENSE":null,"LOAN_DEPOSIT":null,"LOAN_EQUITY":null,"LOAN_ASSETS":null,"DEPOSIT_EQUITY":null,"DEPOSIT_ASSETS":null,"EQUITY_MULTIPLIER":1.823224761919,"EQUITY_RATIO":0.823224761918},{"SECUCODE":"01588.HK","SECURITY_CODE":"01588","SECURITY_NAME_ABBR":"畅捷通","ORG_CODE":"10189448","STD_REPORT_DATE":"2023-06-30 00:00:00","REPORT_DATE":"2023-06-30 00:00:00","DATE_TYPE_CODE":"002","REPORT_TYPE":"2023年中报","PER_NETCASH_OPERATE":-0.086090753781,"PER_OI":1.152868953496,"BPS":2.676287908514,"BASIC_EPS":0.057,"DILUTED_EPS":0.057,"OPERATE_INCOME":375573000,"OPERATE_INCOME_YOY":12.0782216599,"GROSS_PROFIT":245244000,"GROSS_PROFIT_YOY":19.075340969231,"HOLDER_PROFIT":18135000,"HOLDER_PROFIT_YOY":123.1104484459,"GROSS_PROFIT_RATIO":65.298623702982,"EPS_TTM":-0.354508131762,"OPERATE_INCOME_QOQ":5.950754908116,"NET_PROFIT_RATIO":4.8286218658,"ROE_AVG":2.289521226835,"GROSS_PROFIT_QOQ":9.498607377033,"ROA":1.183426932931,"HOLDER_PROFIT_QOQ":45.548457059337,"ROE_YEARLY":4.57904245367,"ROIC_YEARLY":7.661524129999,"TOTAL_ASSETS":1546051000,"TOTAL_LIABILITIES":674190000,"TAX_EBT":20.085488917287,"OCF_SALES":-7.467522958253,"TOTAL_PARENT_EQUITY":871861000,"DEBT_ASSET_RATIO":43.6072289983,"OPERATE_PROFIT":22049000,"PRETAX_PROFIT":22693000,"NETCASH_OPERATE":-28046000,"NETCASH_INVEST":-111972000,"NETCASH_FINANCE":-3789000,"END_CASH":758354000,"DIVI_RATIO":null,"DIVIDEND_RATE":null,"CURRENT_RATIO":2.675472856216,"COMMON_ACS":null,"CURRENTDEBT_DEBT":75.879499844258,"ISSUED_COMMON_SHARES":325772499,"HK_COMMON_SHARES":82500000,"PER_SHARES":200,"TOTAL_MARKET_CAP":2602922267.01,"HKSK_MARKET_CAP":659175000,"PE_TTM":-200.612658954392,"PB_TTM":2.762848281275,"REPORT_DATE_SQ":"2022-06-30 00:00:00","REPORT_TYPE_SQ":"2022年中报","OPERATE_INCOME_SQ":335099000,"DPS_HKD":null,"OPERATE_INCOME_QOQ_SQ":20.396087572248,"NET_PROFIT_RATIO_SQ":-23.4172587802,"HOLDER_PROFIT_SQ":-78471000,"HOLDER_PROFIT_QOQ_SQ":30.266926027989,"ROE_AVG_SQ":-8.872609516875,"PE_TTM_SQ":-7.36817078028,"PB_TTM_SQ":0.981823738635,"ROA_SQ":-4.754521494138,"START_DATE":"2023-01-01 00:00:00","FISCAL_YEAR":"12-31","CURRENCY":"HKD","IS_CNY_CODE":0,"DPS_HKD_LY":null,"ORG_TYPE":"一般企业","PREMIUM_INCOME":null,"PREMIUM_INCOME_YOY":null,"NET_INTEREST_INCOME":null,"NET_INTEREST_INCOME_YOY":null,"FEE_COMMISSION_INCOME":null,"FEE_COMMISSION_INCOME_YOY":null,"ACCOUNTS_RECE_TDAYS":8.132630302505,"INVENTORY_TDAYS":152.52077238151,"CURRENT_ASSETS_TDAYS":0.27505044968,"TOTAL_ASSETS_TDAYS":0.245085857999,"PREMIUM_EXPENSE":null,"LOAN_DEPOSIT":null,"LOAN_EQUITY":null,"LOAN_ASSETS":null,"DEPOSIT_EQUITY":null,"DEPOSIT_ASSETS":null,"EQUITY_MULTIPLIER":1.773276932907,"EQUITY_RATIO":0.773276932906},{"SECUCODE":"01588.HK","SECURITY_CODE":"01588","SECURITY_NAME_ABBR":"畅捷通","ORG_CODE":"10189448","STD_REPORT_DATE":"2022-12-31 00:00:00","REPORT_DATE":"2022-12-31 00:00:00","DATE_TYPE_CODE":"001","REPORT_TYPE":"2022年年报","PER_NETCASH_OPERATE":-0.488423671392,"PER_OI":2.087803611685,"BPS":2.186535088709,"BASIC_EPS":-0.708,"DILUTED_EPS":-0.71,"OPERATE_INCOME":680149000,"OPERATE_INCOME_YOY":15.2162202452,"GROSS_PROFIT":413608000,"GROSS_PROFIT_YOY":0.793465122626,"HOLDER_PROFIT":-212095000,"HOLDER_PROFIT_YOY":-14.6025828065,"GROSS_PROFIT_RATIO":60.811381035626,"EPS_TTM":-0.651052500291,"OPERATE_INCOME_QOQ":-4.302355194048,"NET_PROFIT_RATIO":-31.1836082976,"ROE_AVG":-25.933207882609,"GROSS_PROFIT_QOQ":-11.999795748157,"ROA":-13.495821509894,"HOLDER_PROFIT_QOQ":-64.344659253807,"ROE_YEARLY":-25.933207882609,"ROIC_YEARLY":-54.537436551487,"TOTAL_ASSETS":1518777000,"TOTAL_LIABILITIES":806464000,"TAX_EBT":-0.066051756269,"OCF_SALES":-23.394138637269,"TOTAL_PARENT_EQUITY":712313000,"DEBT_ASSET_RATIO":53.0995662958,"OPERATE_PROFIT":-208340000,"PRETAX_PROFIT":-211955000,"NETCASH_OPERATE":-159115000,"NETCASH_INVEST":519935000,"NETCASH_FINANCE":-7182000,"END_CASH":899740000,"DIVI_RATIO":null,"DIVIDEND_RATE":null,"CURRENT_RATIO":2.091060080435,"COMMON_ACS":null,"CURRENTDEBT_DEBT":80.779799222284,"ISSUED_COMMON_SHARES":325772499,"HK_COMMON_SHARES":82500000,"PER_SHARES":200,"TOTAL_MARKET_CAP":2602922267.01,"HKSK_MARKET_CAP":659175000,"PE_TTM":-200.612658954392,"PB_TTM":2.762848281275,"REPORT_DATE_SQ":"2021-12-31 00:00:00","REPORT_TYPE_SQ":"2021年年报","OPERATE_INCOME_SQ":590324000,"DPS_HKD":null,"OPERATE_INCOME_QOQ_SQ":13.381682966742,"NET_PROFIT_RATIO_SQ":-31.3505803593,"HOLDER_PROFIT_SQ":-185070000,"HOLDER_PROFIT_QOQ_SQ":-56.050794293231,"ROE_AVG_SQ":-16.905306715263,"PE_TTM_SQ":-7.36817078028,"PB_TTM_SQ":0.981823738635,"ROA_SQ":-11.443970334845,"START_DATE":"2022-01-01 00:00:00","FISCAL_YEAR":"12-31","CURRENCY":"HKD","IS_CNY_CODE":0,"DPS_HKD_LY":null,"ORG_TYPE":"一般企业","PREMIUM_INCOME":null,"PREMIUM_INCOME_YOY":null,"NET_INTEREST_INCOME":null,"NET_INTEREST_INCOME_YOY":null,"FEE_COMMISSION_INCOME":null,"FEE_COMMISSION_INCOME_YOY":null,"ACCOUNTS_RECE_TDAYS":15.020792614923,"INVENTORY_TDAYS":346.607282184655,"CURRENT_ASSETS_TDAYS":0.484130579851,"TOTAL_ASSETS_TDAYS":0.432785756578,"PREMIUM_EXPENSE":null,"LOAN_DEPOSIT":null,"LOAN_EQUITY":null,"LOAN_ASSETS":null,"DEPOSIT_EQUITY":null,"DEPOSIT_ASSETS":null,"EQUITY_MULTIPLIER":2.132176444907,"EQUITY_RATIO":1.132176444906},{"SECUCODE":"01588.HK","SECURITY_CODE":"01588","SECURITY_NAME_ABBR":"畅捷通","ORG_CODE":"10189448","STD_REPORT_DATE":"2022-06-30 00:00:00","REPORT_DATE":"2022-06-30 00:00:00","DATE_TYPE_CODE":"002","REPORT_TYPE":"2022年中报","PER_NETCASH_OPERATE":-0.174919614685,"PER_OI":1.028628877602,"BPS":2.595209855329,"BASIC_EPS":-0.262,"DILUTED_EPS":-0.262,"OPERATE_INCOME":335099000,"OPERATE_INCOME_YOY":56.0806908373,"GROSS_PROFIT":205957000,"GROSS_PROFIT_YOY":40.776207954833,"HOLDER_PROFIT":-78471000,"HOLDER_PROFIT_YOY":41.651175587,"GROSS_PROFIT_RATIO":61.461538231985,"EPS_TTM":-0.396150689196,"OPERATE_INCOME_QOQ":20.396087572248,"NET_PROFIT_RATIO":-23.4172587802,"ROE_AVG":-8.872609516875,"GROSS_PROFIT_QOQ":14.537762701291,"ROA":-4.754521494138,"HOLDER_PROFIT_QOQ":30.266926027989,"ROE_YEARLY":-17.745219033749,"ROIC_YEARLY":-36.828309612925,"TOTAL_ASSETS":1676556000,"TOTAL_LIABILITIES":831108000,"TAX_EBT":-1.680617824656,"OCF_SALES":-17.005123858919,"TOTAL_PARENT_EQUITY":845448000,"DEBT_ASSET_RATIO":49.5723375777,"OPERATE_PROFIT":-75460000,"PRETAX_PROFIT":-77174000,"NETCASH_OPERATE":-56984000,"NETCASH_INVEST":180008000,"NETCASH_FINANCE":-4287000,"END_CASH":658314000,"DIVI_RATIO":null,"DIVIDEND_RATE":null,"CURRENT_RATIO":2.222432696344,"COMMON_ACS":null,"CURRENTDEBT_DEBT":79.96999186628,"ISSUED_COMMON_SHARES":325772499,"HK_COMMON_SHARES":82500000,"PER_SHARES":200,"TOTAL_MARKET_CAP":2602922267.01,"HKSK_MARKET_CAP":659175000,"PE_TTM":-200.612658954392,"PB_TTM":2.762848281275,"REPORT_DATE_SQ":"2021-06-30 00:00:00","REPORT_TYPE_SQ":"2021年中报","OPERATE_INCOME_SQ":214696000,"DPS_HKD":null,"OPERATE_INCOME_QOQ_SQ":2.205261690792,"NET_PROFIT_RATIO_SQ":-62.6401982338,"HOLDER_PROFIT_SQ":-134486000,"HOLDER_PROFIT_QOQ_SQ":-455.16291327264,"ROE_AVG_SQ":-12.009297682098,"PE_TTM_SQ":-7.36817078028,"PB_TTM_SQ":0.981823738635,"ROA_SQ":-8.259357305978,"START_DATE":"2022-01-01 00:00:00","FISCAL_YEAR":"12-31","CURRENCY":"HKD","IS_CNY_CODE":0,"DPS_HKD_LY":null,"ORG_TYPE":"一般企业","PREMIUM_INCOME":null,"PREMIUM_INCOME_YOY":null,"NET_INTEREST_INCOME":null,"NET_INTEREST_INCOME_YOY":null,"FEE_COMMISSION_INCOME":null,"FEE_COMMISSION_INCOME_YOY":null,"ACCOUNTS_RECE_TDAYS":5.86437177883,"INVENTORY_TDAYS":159.829207920792,"CURRENT_ASSETS_TDAYS":0.229155411736,"TOTAL_ASSETS_TDAYS":0.203034929868,"PREMIUM_EXPENSE":null,"LOAN_DEPOSIT":null,"LOAN_EQUITY":null,"LOAN_ASSETS":null,"DEPOSIT_EQUITY":null,"DEPOSIT_ASSETS":null,"EQUITY_MULTIPLIER":1.983038578361,"EQUITY_RATIO":0.983038578363},{"SECUCODE":"01588.HK","SECURITY_CODE":"01588","SECURITY_NAME_ABBR":"畅捷通","ORG_CODE":"10189448","STD_REPORT_DATE":"2021-12-31 00:00:00","REPORT_DATE":"2021-12-31 00:00:00","DATE_TYPE_CODE":"001","REPORT_TYPE":"2021年年报","PER_NETCASH_OPERATE":-0.278513380591,"PER_OI":1.81207438262,"BPS":2.834459639271,"BASIC_EPS":-0.622,"DILUTED_EPS":-0.622,"OPERATE_INCOME":590324000,"OPERATE_INCOME_YOY":15.8820457856,"GROSS_PROFIT":410352000,"GROSS_PROFIT_YOY":-3.669621394231,"HOLDER_PROFIT":-185070000,"HOLDER_PROFIT_YOY":-654.2345471969,"GROSS_PROFIT_RATIO":69.513013192755,"EPS_TTM":-0.568095835493,"OPERATE_INCOME_QOQ":13.381682966742,"NET_PROFIT_RATIO":-31.3505803593,"ROE_AVG":-16.905306715263,"GROSS_PROFIT_QOQ":3.885530273111,"ROA":-11.443970334845,"HOLDER_PROFIT_QOQ":-56.050794293231,"ROE_YEARLY":-16.905306715263,"ROIC_YEARLY":-48.893961369887,"TOTAL_ASSETS":1624344000,"TOTAL_LIABILITIES":700955000,"TAX_EBT":4.221955410189,"OCF_SALES":-15.369864684478,"TOTAL_PARENT_EQUITY":923389000,"DEBT_ASSET_RATIO":43.1531128874,"OPERATE_PROFIT":-190299000,"PRETAX_PROFIT":-193228000,"NETCASH_OPERATE":-90732000,"NETCASH_INVEST":364258000,"NETCASH_FINANCE":-27835000,"END_CASH":539433000,"DIVI_RATIO":null,"DIVIDEND_RATE":null,"CURRENT_RATIO":2.567585832571,"COMMON_ACS":null,"CURRENTDEBT_DEBT":80.42912883138,"ISSUED_COMMON_SHARES":325772499,"HK_COMMON_SHARES":82500000,"PER_SHARES":200,"TOTAL_MARKET_CAP":2602922267.01,"HKSK_MARKET_CAP":659175000,"PE_TTM":-200.612658954392,"PB_TTM":2.762848281275,"REPORT_DATE_SQ":"2020-12-31 00:00:00","REPORT_TYPE_SQ":"2020年年报","OPERATE_INCOME_SQ":509418000,"DPS_HKD":null,"OPERATE_INCOME_QOQ_SQ":24.966085687301,"NET_PROFIT_RATIO_SQ":6.5549313138,"HOLDER_PROFIT_SQ":33392000,"HOLDER_PROFIT_QOQ_SQ":85.17162978983,"ROE_AVG_SQ":2.583531303228,"PE_TTM_SQ":-7.36817078028,"PB_TTM_SQ":0.981823738635,"ROA_SQ":2.082138856439,"START_DATE":"2021-01-01 00:00:00","FISCAL_YEAR":"12-31","CURRENCY":"HKD","IS_CNY_CODE":0,"DPS_HKD_LY":0.0965,"ORG_TYPE":"一般企业","PREMIUM_INCOME":null,"PREMIUM_INCOME_YOY":null,"NET_INTEREST_INCOME":null,"NET_INTEREST_INCOME_YOY":null,"FEE_COMMISSION_INCOME":null,"FEE_COMMISSION_INCOME_YOY":null,"ACCOUNTS_RECE_TDAYS":23.438576987215,"INVENTORY_TDAYS":222.462299134734,"CURRENT_ASSETS_TDAYS":0.40713895302,"TOTAL_ASSETS_TDAYS":0.365032168582,"PREMIUM_EXPENSE":null,"LOAN_DEPOSIT":null,"LOAN_EQUITY":null,"LOAN_ASSETS":null,"DEPOSIT_EQUITY":null,"DEPOSIT_ASSETS":null,"EQUITY_MULTIPLIER":1.759111273796,"EQUITY_RATIO":0.759111273797},{"SECUCODE":"01588.HK","SECURITY_CODE":"01588","SECURITY_NAME_ABBR":"畅捷通","ORG_CODE":"10189448","STD_REPORT_DATE":"2021-06-30 00:00:00","REPORT_DATE":"2021-06-30 00:00:00","DATE_TYPE_CODE":"002","REPORT_TYPE":"2021年中报","PER_NETCASH_OPERATE":-0.137594487373,"PER_OI":0.988554899473,"BPS":2.988579462627,"BASIC_EPS":-0.453,"DILUTED_EPS":-0.453,"OPERATE_INCOME":214696000,"OPERATE_INCOME_YOY":5.521424148,"GROSS_PROFIT":146301000,"GROSS_PROFIT_YOY":-17.475081932074,"HOLDER_PROFIT":-134486000,"HOLDER_PROFIT_YOY":-868.4036110159,"GROSS_PROFIT_RATIO":68.143328240862,"EPS_TTM":-0.546068193436,"OPERATE_INCOME_QOQ":2.205261690792,"NET_PROFIT_RATIO":-62.6401982338,"ROE_AVG":-12.009297682098,"GROSS_PROFIT_QOQ":-7.272573617788,"ROA":-8.259357305978,"HOLDER_PROFIT_QOQ":-455.16291327264,"ROE_YEARLY":-24.018595364196,"ROIC_YEARLY":-65.635584534744,"TOTAL_ASSETS":1646550000,"TOTAL_LIABILITIES":672953000,"TAX_EBT":8.982254767931,"OCF_SALES":-13.918750232887,"TOTAL_PARENT_EQUITY":973597000,"DEBT_ASSET_RATIO":40.8704867754,"OPERATE_PROFIT":-139811000,"PRETAX_PROFIT":-147758000,"NETCASH_OPERATE":-29883000,"NETCASH_INVEST":57852000,"NETCASH_FINANCE":-3274000,"END_CASH":319010000,"DIVI_RATIO":null,"DIVIDEND_RATE":null,"CURRENT_RATIO":2.605713501714,"COMMON_ACS":null,"CURRENTDEBT_DEBT":84.480342609365,"ISSUED_COMMON_SHARES":325772499,"HK_COMMON_SHARES":82500000,"PER_SHARES":200,"TOTAL_MARKET_CAP":2602922267.01,"HKSK_MARKET_CAP":659175000,"PE_TTM":-200.612658954392,"PB_TTM":2.762848281275,"REPORT_DATE_SQ":"2020-06-30 00:00:00","REPORT_TYPE_SQ":"2020年中报","OPERATE_INCOME_SQ":203462000,"DPS_HKD":null,"OPERATE_INCOME_QOQ_SQ":-12.032101717299,"NET_PROFIT_RATIO_SQ":8.602097689,"HOLDER_PROFIT_SQ":17502000,"HOLDER_PROFIT_QOQ_SQ":-80.487567357008,"ROE_AVG_SQ":1.362376928176,"PE_TTM_SQ":-7.36817078028,"PB_TTM_SQ":0.981823738635,"ROA_SQ":1.078365409498,"START_DATE":"2021-01-01 00:00:00","FISCAL_YEAR":"12-31","CURRENCY":"HKD","IS_CNY_CODE":0,"DPS_HKD_LY":0.0965,"ORG_TYPE":"一般企业","PREMIUM_INCOME":null,"PREMIUM_INCOME_YOY":null,"NET_INTEREST_INCOME":null,"NET_INTEREST_INCOME_YOY":null,"FEE_COMMISSION_INCOME":null,"FEE_COMMISSION_INCOME_YOY":null,"ACCOUNTS_RECE_TDAYS":34.717981888745,"INVENTORY_TDAYS":72.070600632244,"CURRENT_ASSETS_TDAYS":0.146364642225,"TOTAL_ASSETS_TDAYS":0.13185394585,"PREMIUM_EXPENSE":null,"LOAN_DEPOSIT":null,"LOAN_EQUITY":null,"LOAN_ASSETS":null,"DEPOSIT_EQUITY":null,"DEPOSIT_ASSETS":null,"EQUITY_MULTIPLIER":1.691202828276,"EQUITY_RATIO":0.691202828275},{"SECUCODE":"01588.HK","SECURITY_CODE":"01588","SECURITY_NAME_ABBR":"畅捷通","ORG_CODE":"10189448","STD_REPORT_DATE":"2020-12-31 00:00:00","REPORT_DATE":"2020-12-31 00:00:00","DATE_TYPE_CODE":"001","REPORT_TYPE":"2020年年报","PER_NETCASH_OPERATE":0.416775511797,"PER_OI":2.345584732737,"BPS":3.88645758585,"BASIC_EPS":0.104,"DILUTED_EPS":0.104,"OPERATE_INCOME":509418000,"OPERATE_INCOME_YOY":9.9300391453,"GROSS_PROFIT":425984000,"GROSS_PROFIT_YOY":1.366114367164,"HOLDER_PROFIT":33392000,"HOLDER_PROFIT_YOY":-63.8685104633,"GROSS_PROFIT_RATIO":83.621701628133,"EPS_TTM":0.153751468137,"OPERATE_INCOME_QOQ":24.966085687301,"NET_PROFIT_RATIO":6.5549313138,"ROE_AVG":2.583531303228,"GROSS_PROFIT_QOQ":18.704125819953,"ROA":2.082138856439,"HOLDER_PROFIT_QOQ":85.17162978983,"ROE_YEARLY":2.583531303228,"ROIC_YEARLY":11.006404361426,"TOTAL_ASSETS":1610023000,"TOTAL_LIABILITIES":343922000,"TAX_EBT":-41.377704390533,"OCF_SALES":17.768512302274,"TOTAL_PARENT_EQUITY":1266101000,"DEBT_ASSET_RATIO":21.3613097453,"OPERATE_PROFIT":52275000,"PRETAX_PROFIT":23619000,"NETCASH_OPERATE":90516000,"NETCASH_INVEST":-214761000,"NETCASH_FINANCE":-95414000,"END_CASH":295283000,"DIVI_RATIO":null,"DIVIDEND_RATE":null,"CURRENT_RATIO":5.128472050567,"COMMON_ACS":null,"CURRENTDEBT_DEBT":82.341344839818,"ISSUED_COMMON_SHARES":325772499,"HK_COMMON_SHARES":82500000,"PER_SHARES":200,"TOTAL_MARKET_CAP":2602922267.01,"HKSK_MARKET_CAP":659175000,"PE_TTM":-200.612658954392,"PB_TTM":2.762848281275,"REPORT_DATE_SQ":"2019-12-31 00:00:00","REPORT_TYPE_SQ":"2019年年报","OPERATE_INCOME_SQ":463402000,"DPS_HKD":null,"OPERATE_INCOME_QOQ_SQ":4.908301846641,"NET_PROFIT_RATIO_SQ":19.9433752983,"HOLDER_PROFIT_SQ":92418000,"HOLDER_PROFIT_QOQ_SQ":-16.535262402124,"ROE_AVG_SQ":7.030329124959,"PE_TTM_SQ":-7.36817078028,"PB_TTM_SQ":0.981823738635,"ROA_SQ":5.947523329347,"START_DATE":"2020-01-01 00:00:00","FISCAL_YEAR":"12-31","CURRENCY":"HKD","IS_CNY_CODE":0,"DPS_HKD_LY":0.436,"ORG_TYPE":"一般企业","PREMIUM_INCOME":null,"PREMIUM_INCOME_YOY":null,"NET_INTEREST_INCOME":null,"NET_INTEREST_INCOME_YOY":null,"FEE_COMMISSION_INCOME":null,"FEE_COMMISSION_INCOME_YOY":null,"ACCOUNTS_RECE_TDAYS":176.147302904564,"INVENTORY_TDAYS":67.557894736842,"CURRENT_ASSETS_TDAYS":0.356036684321,"TOTAL_ASSETS_TDAYS":0.317644649009,"PREMIUM_EXPENSE":null,"LOAN_DEPOSIT":null,"LOAN_EQUITY":null,"LOAN_ASSETS":null,"DEPOSIT_EQUITY":null,"DEPOSIT_ASSETS":null,"EQUITY_MULTIPLIER":1.271638676536,"EQUITY_RATIO":0.271638676535},{"SECUCODE":"01588.HK","SECURITY_CODE":"01588","SECURITY_NAME_ABBR":"畅捷通","ORG_CODE":"10189448","STD_REPORT_DATE":"2020-06-30 00:00:00","REPORT_DATE":"2020-06-30 00:00:00","DATE_TYPE_CODE":"002","REPORT_TYPE":"2020年中报","PER_NETCASH_OPERATE":0.30219401669,"PER_OI":0.936828617937,"BPS":3.838399508364,"BASIC_EPS":0.081,"DILUTED_EPS":0.081,"OPERATE_INCOME":203462000,"OPERATE_INCOME_YOY":-21.509611564,"GROSS_PROFIT":177281000,"GROSS_PROFIT_YOY":-25.71879897093,"HOLDER_PROFIT":17502000,"HOLDER_PROFIT_YOY":-80.9526918933,"GROSS_PROFIT_RATIO":87.132240909851,"EPS_TTM":0.083031870655,"OPERATE_INCOME_QOQ":-12.032101717299,"NET_PROFIT_RATIO":8.602097689,"ROE_AVG":1.362376928176,"GROSS_PROFIT_QOQ":-14.606073152914,"ROA":1.078365409498,"HOLDER_PROFIT_QOQ":-80.487567357008,"ROE_YEARLY":2.724753856351,"ROIC_YEARLY":8.283490169212,"TOTAL_ASSETS":1648576000,"TOTAL_LIABILITIES":398131000,"TAX_EBT":-25.202088847557,"OCF_SALES":32.257129095359,"TOTAL_PARENT_EQUITY":1250445000,"DEBT_ASSET_RATIO":24.1499936915,"OPERATE_PROFIT":29229000,"PRETAX_PROFIT":13979000,"NETCASH_OPERATE":65631000,"NETCASH_INVEST":-368841000,"NETCASH_FINANCE":-3904000,"END_CASH":210417000,"DIVI_RATIO":null,"DIVIDEND_RATE":null,"CURRENT_RATIO":3.737880903948,"COMMON_ACS":null,"CURRENTDEBT_DEBT":99.274861791722,"ISSUED_COMMON_SHARES":325772499,"HK_COMMON_SHARES":82500000,"PER_SHARES":200,"TOTAL_MARKET_CAP":2602922267.01,"HKSK_MARKET_CAP":659175000,"PE_TTM":-200.612658954392,"PB_TTM":2.762848281275,"REPORT_DATE_SQ":"2019-06-30 00:00:00","REPORT_TYPE_SQ":"2019年中报","OPERATE_INCOME_SQ":259219000,"DPS_HKD":null,"OPERATE_INCOME_QOQ_SQ":2.979430737561,"NET_PROFIT_RATIO_SQ":35.4476330825,"HOLDER_PROFIT_SQ":91887000,"HOLDER_PROFIT_QOQ_SQ":3.665318503539,"ROE_AVG_SQ":7.004503259765,"PE_TTM_SQ":-7.36817078028,"PB_TTM_SQ":0.981823738635,"ROA_SQ":5.856457610202,"START_DATE":"2020-01-01 00:00:00","FISCAL_YEAR":"12-31","CURRENCY":"HKD","IS_CNY_CODE":0,"DPS_HKD_LY":0.436,"ORG_TYPE":"一般企业","PREMIUM_INCOME":null,"PREMIUM_INCOME_YOY":null,"NET_INTEREST_INCOME":null,"NET_INTEREST_INCOME_YOY":null,"FEE_COMMISSION_INCOME":null,"FEE_COMMISSION_INCOME_YOY":null,"ACCOUNTS_RECE_TDAYS":523.711711711712,"INVENTORY_TDAYS":18.680699250803,"CURRENT_ASSETS_TDAYS":0.140967704052,"TOTAL_ASSETS_TDAYS":0.125360749027,"PREMIUM_EXPENSE":null,"LOAN_DEPOSIT":null,"LOAN_EQUITY":null,"LOAN_ASSETS":null,"DEPOSIT_EQUITY":null,"DEPOSIT_ASSETS":null,"EQUITY_MULTIPLIER":1.318391452642,"EQUITY_RATIO":0.318391452643}],"count":25},"success":true,"message":"ok","code":0}