{"version":"4b425786742b4832a509a02d41bee373","result":{"pages":3,"data":[{"SECUCODE":"01585.HK","SECURITY_CODE":"01585","SECURITY_NAME_ABBR":"雅迪控股","ORG_CODE":"10484066","STD_REPORT_DATE":"2024-06-30 00:00:00","REPORT_DATE":"2024-06-30 00:00:00","DATE_TYPE_CODE":"002","REPORT_TYPE":"2024年中报","PER_NETCASH_OPERATE":-0.22733305046,"PER_OI":4.70455055813,"BPS":2.61344612211,"BASIC_EPS":0.345,"DILUTED_EPS":0.344,"OPERATE_INCOME":14413802000,"OPERATE_INCOME_YOY":-15.4173805294,"GROSS_PROFIT":2593822000,"GROSS_PROFIT_YOY":-9.752826158585,"HOLDER_PROFIT":1033866000,"HOLDER_PROFIT_YOY":-12.9480828835,"GROSS_PROFIT_RATIO":17.995404682262,"EPS_TTM":0.811535021868,"OPERATE_INCOME_QOQ":-7.557772244589,"NET_PROFIT_RATIO":7.1727501183,"ROE_AVG":12.504638443322,"GROSS_PROFIT_QOQ":-4.762915361141,"ROA":4.025352730261,"HOLDER_PROFIT_QOQ":-5.824537773876,"ROE_YEARLY":25.009276886643,"ROIC_YEARLY":11.954639445022,"TOTAL_ASSETS":25707624000,"TOTAL_LIABILITIES":17572666000,"TAX_EBT":20.643683101592,"OCF_SALES":-4.832194864339,"TOTAL_PARENT_EQUITY":8134736000,"DEBT_ASSET_RATIO":68.3558542789,"OPERATE_PROFIT":1327960000,"PRETAX_PROFIT":1302815000,"NETCASH_OPERATE":-696503000,"NETCASH_INVEST":-1086722000,"NETCASH_FINANCE":925445000,"END_CASH":7067644000,"DIVI_RATIO":0.536003485097,"DIVIDEND_RATE":3.703703703704,"CURRENT_RATIO":1.018057541729,"COMMON_ACS":5000000000,"CURRENTDEBT_DEBT":95.452795836443,"ISSUED_COMMON_SHARES":3112647294,"HK_COMMON_SHARES":3112647294,"PER_SHARES":2000,"TOTAL_MARKET_CAP":40339908930.24,"HKSK_MARKET_CAP":40339908930.24,"PE_TTM":14.626451607112,"PB_TTM":4.525952419655,"REPORT_DATE_SQ":"2023-06-30 00:00:00","REPORT_TYPE_SQ":"2023年中报","OPERATE_INCOME_SQ":17041092000,"DPS_HKD":0.48,"OPERATE_INCOME_QOQ_SQ":9.628166866998,"NET_PROFIT_RATIO_SQ":6.9642661398,"HOLDER_PROFIT_SQ":1187643000,"HOLDER_PROFIT_QOQ_SQ":13.357308844502,"ROE_AVG_SQ":17.396016389102,"PE_TTM_SQ":13.887321216243,"PB_TTM_SQ":4.850398873583,"ROA_SQ":4.69957224203,"START_DATE":"2024-01-01 00:00:00","FISCAL_YEAR":"12-31","CURRENCY":"HKD","IS_CNY_CODE":0,"DPS_HKD_LY":0.48,"ORG_TYPE":"一般企业","PREMIUM_INCOME":null,"PREMIUM_INCOME_YOY":null,"NET_INTEREST_INCOME":null,"NET_INTEREST_INCOME_YOY":null,"FEE_COMMISSION_INCOME":null,"FEE_COMMISSION_INCOME_YOY":null,"ACCOUNTS_RECE_TDAYS":21.441229191056,"INVENTORY_TDAYS":9.064387938055,"CURRENT_ASSETS_TDAYS":0.849911869226,"TOTAL_ASSETS_TDAYS":0.561200747816,"PREMIUM_EXPENSE":null,"LOAN_DEPOSIT":null,"LOAN_EQUITY":null,"LOAN_ASSETS":null,"DEPOSIT_EQUITY":null,"DEPOSIT_ASSETS":null,"EQUITY_MULTIPLIER":3.160142191272,"EQUITY_RATIO":2.16020114236},{"SECUCODE":"01585.HK","SECURITY_CODE":"01585","SECURITY_NAME_ABBR":"雅迪控股","ORG_CODE":"10484066","STD_REPORT_DATE":"2023-12-31 00:00:00","REPORT_DATE":"2023-12-31 00:00:00","DATE_TYPE_CODE":"001","REPORT_TYPE":"2023年年报","PER_NETCASH_OPERATE":1.16853123572,"PER_OI":11.346287943077,"BPS":2.698983600292,"BASIC_EPS":0.885,"DILUTED_EPS":0.88,"OPERATE_INCOME":34762757000,"OPERATE_INCOME_YOY":11.9233110523,"GROSS_PROFIT":5885240000,"GROSS_PROFIT_YOY":4.831287291742,"HOLDER_PROFIT":2640158000,"HOLDER_PROFIT_YOY":22.1676613789,"GROSS_PROFIT_RATIO":16.929727409135,"EPS_TTM":0.861726614009,"OPERATE_INCOME_QOQ":2.093571616573,"NET_PROFIT_RATIO":7.5947888713,"ROE_AVG":35.100651742869,"GROSS_PROFIT_QOQ":-1.418494007377,"ROA":10.432771293514,"HOLDER_PROFIT_QOQ":7.772196274081,"ROE_YEARLY":35.100651742869,"ROIC_YEARLY":15.036819064725,"TOTAL_ASSETS":25660098000,"TOTAL_LIABILITIES":17258892000,"TAX_EBT":12.57616015089,"OCF_SALES":10.298797647149,"TOTAL_PARENT_EQUITY":8400984000,"DEBT_ASSET_RATIO":67.2596495929,"OPERATE_PROFIT":3132082000,"PRETAX_PROFIT":3019952000,"NETCASH_OPERATE":3580146000,"NETCASH_INVEST":-430314000,"NETCASH_FINANCE":-2036894000,"END_CASH":7913807000,"DIVI_RATIO":0.504783759639,"DIVIDEND_RATE":3.726708074534,"CURRENT_RATIO":1.027174684029,"COMMON_ACS":5000000000,"CURRENTDEBT_DEBT":95.001985063699,"ISSUED_COMMON_SHARES":3112647294,"HK_COMMON_SHARES":3112647294,"PER_SHARES":2000,"TOTAL_MARKET_CAP":40090897146.72,"HKSK_MARKET_CAP":40090897146.72,"PE_TTM":14.536164868797,"PB_TTM":4.498014441756,"REPORT_DATE_SQ":"2022-12-31 00:00:00","REPORT_TYPE_SQ":"2022年年报","OPERATE_INCOME_SQ":31059443000,"DPS_HKD":0.48,"OPERATE_INCOME_QOQ_SQ":8.437325872227,"NET_PROFIT_RATIO_SQ":7.0284583017,"HOLDER_PROFIT_SQ":2161094000,"HOLDER_PROFIT_QOQ_SQ":28.689172298434,"ROE_AVG_SQ":38.789942838927,"PE_TTM_SQ":16.009636086499,"PB_TTM_SQ":5.591655844296,"ROA_SQ":9.743330318863,"START_DATE":"2023-01-01 00:00:00","FISCAL_YEAR":"12-31","CURRENCY":"HKD","IS_CNY_CODE":0,"DPS_HKD_LY":0.4,"ORG_TYPE":"一般企业","PREMIUM_INCOME":null,"PREMIUM_INCOME_YOY":null,"NET_INTEREST_INCOME":null,"NET_INTEREST_INCOME_YOY":null,"FEE_COMMISSION_INCOME":null,"FEE_COMMISSION_INCOME_YOY":null,"ACCOUNTS_RECE_TDAYS":74.418054580329,"INVENTORY_TDAYS":23.930120195385,"CURRENT_ASSETS_TDAYS":2.030720566183,"TOTAL_ASSETS_TDAYS":1.373674959275,"PREMIUM_EXPENSE":null,"LOAN_DEPOSIT":null,"LOAN_EQUITY":null,"LOAN_ASSETS":null,"DEPOSIT_EQUITY":null,"DEPOSIT_ASSETS":null,"EQUITY_MULTIPLIER":3.054335056179,"EQUITY_RATIO":2.054389342963},{"SECUCODE":"01585.HK","SECURITY_CODE":"01585","SECURITY_NAME_ABBR":"雅迪控股","ORG_CODE":"10484066","STD_REPORT_DATE":"2023-06-30 00:00:00","REPORT_DATE":"2023-06-30 00:00:00","DATE_TYPE_CODE":"002","REPORT_TYPE":"2023年中报","PER_NETCASH_OPERATE":0.839742150271,"PER_OI":5.562077159083,"BPS":2.25268793336,"BASIC_EPS":0.399,"DILUTED_EPS":0.395,"OPERATE_INCOME":17041092000,"OPERATE_INCOME_YOY":21.2834122752,"GROSS_PROFIT":2874131000,"GROSS_PROFIT_YOY":14.133480844994,"HOLDER_PROFIT":1187643000,"HOLDER_PROFIT_YOY":32.1102050215,"GROSS_PROFIT_RATIO":16.865885120508,"EPS_TTM":0.799581565376,"OPERATE_INCOME_QOQ":9.628166866998,"NET_PROFIT_RATIO":6.9642661398,"ROE_AVG":17.396016389102,"GROSS_PROFIT_QOQ":6.339709701317,"ROA":4.69957224203,"HOLDER_PROFIT_QOQ":13.357308844502,"ROE_YEARLY":34.792032778205,"ROIC_YEARLY":13.369580515611,"TOTAL_ASSETS":25589914000,"TOTAL_LIABILITIES":18578725000,"TAX_EBT":17.310614638021,"OCF_SALES":15.09763576184,"TOTAL_PARENT_EQUITY":7011823000,"DEBT_ASSET_RATIO":72.6017484858,"OPERATE_PROFIT":1469314000,"PRETAX_PROFIT":1435235000,"NETCASH_OPERATE":2572802000,"NETCASH_INVEST":-260442000,"NETCASH_FINANCE":-924874000,"END_CASH":8227697000,"DIVI_RATIO":0.544016544197,"DIVIDEND_RATE":3.726708074534,"CURRENT_RATIO":0.980618062432,"COMMON_ACS":5000000000,"CURRENTDEBT_DEBT":95.44874581006,"ISSUED_COMMON_SHARES":3112647294,"HK_COMMON_SHARES":3112647294,"PER_SHARES":2000,"TOTAL_MARKET_CAP":40090897146.72,"HKSK_MARKET_CAP":40090897146.72,"PE_TTM":14.536164868797,"PB_TTM":4.498014441756,"REPORT_DATE_SQ":"2022-06-30 00:00:00","REPORT_TYPE_SQ":"2022年中报","OPERATE_INCOME_SQ":14050637000,"DPS_HKD":0.48,"OPERATE_INCOME_QOQ_SQ":6.212018215089,"NET_PROFIT_RATIO_SQ":6.4376084871,"HOLDER_PROFIT_SQ":898979000,"HOLDER_PROFIT_QOQ_SQ":22.622791612967,"ROE_AVG_SQ":17.926095700867,"PE_TTM_SQ":16.009636086499,"PB_TTM_SQ":5.591655844296,"ROA_SQ":4.327760461384,"START_DATE":"2023-01-01 00:00:00","FISCAL_YEAR":"12-31","CURRENCY":"HKD","IS_CNY_CODE":0,"DPS_HKD_LY":0.4,"ORG_TYPE":"一般企业","PREMIUM_INCOME":null,"PREMIUM_INCOME_YOY":null,"NET_INTEREST_INCOME":null,"NET_INTEREST_INCOME_YOY":null,"FEE_COMMISSION_INCOME":null,"FEE_COMMISSION_INCOME_YOY":null,"ACCOUNTS_RECE_TDAYS":30.422073870559,"INVENTORY_TDAYS":10.938488111011,"CURRENT_ASSETS_TDAYS":0.979810301562,"TOTAL_ASSETS_TDAYS":0.674325895383,"PREMIUM_EXPENSE":null,"LOAN_DEPOSIT":null,"LOAN_EQUITY":null,"LOAN_ASSETS":null,"DEPOSIT_EQUITY":null,"DEPOSIT_ASSETS":null,"EQUITY_MULTIPLIER":3.649867946798,"EQUITY_RATIO":2.649628349147},{"SECUCODE":"01585.HK","SECURITY_CODE":"01585","SECURITY_NAME_ABBR":"雅迪控股","ORG_CODE":"10484066","STD_REPORT_DATE":"2022-12-31 00:00:00","REPORT_DATE":"2022-12-31 00:00:00","DATE_TYPE_CODE":"001","REPORT_TYPE":"2022年年报","PER_NETCASH_OPERATE":1.004774789477,"PER_OI":10.137555649847,"BPS":2.133994433871,"BASIC_EPS":0.74,"DILUTED_EPS":0.729,"OPERATE_INCOME":31059443000,"OPERATE_INCOME_YOY":15.1734723074,"GROSS_PROFIT":5614011000,"GROSS_PROFIT_YOY":36.877554563178,"HOLDER_PROFIT":2161094000,"HOLDER_PROFIT_YOY":57.802255576,"GROSS_PROFIT_RATIO":18.07505369623,"EPS_TTM":0.705363927149,"OPERATE_INCOME_QOQ":8.437325872227,"NET_PROFIT_RATIO":7.0284583017,"ROE_AVG":38.789942838927,"GROSS_PROFIT_QOQ":17.587656462072,"ROA":9.743330318863,"HOLDER_PROFIT_QOQ":28.689172298434,"ROE_YEARLY":38.789942838927,"ROIC_YEARLY":13.724586644989,"TOTAL_ASSETS":24952686000,"TOTAL_LIABILITIES":18310092000,"TAX_EBT":16.528599183181,"OCF_SALES":9.911410838887,"TOTAL_PARENT_EQUITY":6642372000,"DEBT_ASSET_RATIO":73.3792426194,"OPERATE_PROFIT":2707591000,"PRETAX_PROFIT":2615267000,"NETCASH_OPERATE":3078429000,"NETCASH_INVEST":-2055994000,"NETCASH_FINANCE":-379389000,"END_CASH":6782622000,"DIVI_RATIO":0.616682514171,"DIVIDEND_RATE":3.726708074534,"CURRENT_RATIO":0.992844278659,"COMMON_ACS":5000000000,"CURRENTDEBT_DEBT":95.687045155207,"ISSUED_COMMON_SHARES":3112647294,"HK_COMMON_SHARES":3112647294,"PER_SHARES":2000,"TOTAL_MARKET_CAP":40090897146.72,"HKSK_MARKET_CAP":40090897146.72,"PE_TTM":14.536164868797,"PB_TTM":4.498014441756,"REPORT_DATE_SQ":"2021-12-31 00:00:00","REPORT_TYPE_SQ":"2021年年报","OPERATE_INCOME_SQ":26967532000,"DPS_HKD":0.48,"OPERATE_INCOME_QOQ_SQ":11.501255589269,"NET_PROFIT_RATIO_SQ":5.0677347857,"HOLDER_PROFIT_SQ":1369495000,"HOLDER_PROFIT_QOQ_SQ":18.910947140657,"ROE_AVG_SQ":33.857849666396,"PE_TTM_SQ":16.009636086499,"PB_TTM_SQ":5.591655844296,"ROA_SQ":7.731985537097,"START_DATE":"2022-01-01 00:00:00","FISCAL_YEAR":"12-31","CURRENCY":"HKD","IS_CNY_CODE":0,"DPS_HKD_LY":0.28,"ORG_TYPE":"一般企业","PREMIUM_INCOME":null,"PREMIUM_INCOME_YOY":null,"NET_INTEREST_INCOME":null,"NET_INTEREST_INCOME_YOY":null,"FEE_COMMISSION_INCOME":null,"FEE_COMMISSION_INCOME_YOY":null,"ACCOUNTS_RECE_TDAYS":79.545570492315,"INVENTORY_TDAYS":19.187721273389,"CURRENT_ASSETS_TDAYS":1.916688640689,"TOTAL_ASSETS_TDAYS":1.400320451905,"PREMIUM_EXPENSE":null,"LOAN_DEPOSIT":null,"LOAN_EQUITY":null,"LOAN_ASSETS":null,"DEPOSIT_EQUITY":null,"DEPOSIT_ASSETS":null,"EQUITY_MULTIPLIER":3.756467127148,"EQUITY_RATIO":2.756559253231},{"SECUCODE":"01585.HK","SECURITY_CODE":"01585","SECURITY_NAME_ABBR":"雅迪控股","ORG_CODE":"10484066","STD_REPORT_DATE":"2022-06-30 00:00:00","REPORT_DATE":"2022-06-30 00:00:00","DATE_TYPE_CODE":"002","REPORT_TYPE":"2022年中报","PER_NETCASH_OPERATE":0.146528167635,"PER_OI":4.586016384882,"BPS":1.776513519749,"BASIC_EPS":0.311,"DILUTED_EPS":0.307,"OPERATE_INCOME":14050637000,"OPERATE_INCOME_YOY":13.5367485632,"GROSS_PROFIT":2518219000,"GROSS_PROFIT_YOY":36.460507114241,"HOLDER_PROFIT":898979000,"HOLDER_PROFIT_YOY":52.5863049319,"GROSS_PROFIT_RATIO":17.922454334277,"EPS_TTM":0.548114433057,"OPERATE_INCOME_QOQ":6.212018215089,"NET_PROFIT_RATIO":6.4376084871,"ROE_AVG":17.926095700867,"GROSS_PROFIT_QOQ":16.404696446457,"ROA":4.327760461384,"HOLDER_PROFIT_QOQ":22.622791612967,"ROE_YEARLY":35.852191401734,"ROIC_YEARLY":12.48796971673,"TOTAL_ASSETS":22136974000,"TOTAL_LIABILITIES":16750360000,"TAX_EBT":16.464953652953,"OCF_SALES":3.195107808991,"TOTAL_PARENT_EQUITY":5529660000,"DEBT_ASSET_RATIO":75.6668910575,"OPERATE_PROFIT":1128242000,"PRETAX_PROFIT":1082809000,"NETCASH_OPERATE":448933000,"NETCASH_INVEST":-642053000,"NETCASH_FINANCE":694950000,"END_CASH":6607437000,"DIVI_RATIO":0.793603623196,"DIVIDEND_RATE":3.726708074534,"CURRENT_RATIO":1.003122481601,"COMMON_ACS":5000000000,"CURRENTDEBT_DEBT":96.281853046741,"ISSUED_COMMON_SHARES":3112647294,"HK_COMMON_SHARES":3112647294,"PER_SHARES":2000,"TOTAL_MARKET_CAP":40090897146.72,"HKSK_MARKET_CAP":40090897146.72,"PE_TTM":14.536164868797,"PB_TTM":4.498014441756,"REPORT_DATE_SQ":"2021-06-30 00:00:00","REPORT_TYPE_SQ":"2021年中报","OPERATE_INCOME_SQ":12375409000,"DPS_HKD":0.48,"OPERATE_INCOME_QOQ_SQ":24.924904372682,"NET_PROFIT_RATIO_SQ":4.7350031017,"HOLDER_PROFIT_SQ":589161000,"HOLDER_PROFIT_QOQ_SQ":20.295720966086,"ROE_AVG_SQ":16.049088618653,"PE_TTM_SQ":16.009636086499,"PB_TTM_SQ":5.591655844296,"ROA_SQ":3.437413878462,"START_DATE":"2022-01-01 00:00:00","FISCAL_YEAR":"12-31","CURRENCY":"HKD","IS_CNY_CODE":0,"DPS_HKD_LY":0.28,"ORG_TYPE":"一般企业","PREMIUM_INCOME":null,"PREMIUM_INCOME_YOY":null,"NET_INTEREST_INCOME":null,"NET_INTEREST_INCOME_YOY":null,"FEE_COMMISSION_INCOME":null,"FEE_COMMISSION_INCOME_YOY":null,"ACCOUNTS_RECE_TDAYS":33.597727892263,"INVENTORY_TDAYS":9.922416604216,"CURRENT_ASSETS_TDAYS":0.900901829171,"TOTAL_ASSETS_TDAYS":0.676409474146,"PREMIUM_EXPENSE":null,"LOAN_DEPOSIT":null,"LOAN_EQUITY":null,"LOAN_ASSETS":null,"DEPOSIT_EQUITY":null,"DEPOSIT_ASSETS":null,"EQUITY_MULTIPLIER":4.10962693819,"EQUITY_RATIO":3.029184434486},{"SECUCODE":"01585.HK","SECURITY_CODE":"01585","SECURITY_NAME_ABBR":"雅迪控股","ORG_CODE":"10484066","STD_REPORT_DATE":"2021-12-31 00:00:00","REPORT_DATE":"2021-12-31 00:00:00","DATE_TYPE_CODE":"001","REPORT_TYPE":"2021年年报","PER_NETCASH_OPERATE":1.233057762938,"PER_OI":9.004184307179,"BPS":1.445771259942,"BASIC_EPS":0.478,"DILUTED_EPS":0.47,"OPERATE_INCOME":26967532000,"OPERATE_INCOME_YOY":39.2928369192,"GROSS_PROFIT":4101484000,"GROSS_PROFIT_YOY":33.458413460756,"HOLDER_PROFIT":1369495000,"HOLDER_PROFIT_YOY":43.0447811705,"GROSS_PROFIT_RATIO":15.208970550216,"EPS_TTM":0.457260434057,"OPERATE_INCOME_QOQ":11.501255589269,"NET_PROFIT_RATIO":5.0677347857,"ROE_AVG":33.857849666396,"GROSS_PROFIT_QOQ":14.176828207396,"ROA":7.731985537097,"HOLDER_PROFIT_QOQ":18.910947140657,"ROE_YEARLY":33.857849666396,"ROIC_YEARLY":10.614374566331,"TOTAL_ASSETS":19407793000,"TOTAL_LIABILITIES":14895394000,"TAX_EBT":9.312766882218,"OCF_SALES":13.694275026725,"TOTAL_PARENT_EQUITY":4500176000,"DEBT_ASSET_RATIO":76.7495510695,"OPERATE_PROFIT":1537297000,"PRETAX_PROFIT":1506985000,"NETCASH_OPERATE":3693008000,"NETCASH_INVEST":-824321000,"NETCASH_FINANCE":-207445000,"END_CASH":6073112000,"DIVI_RATIO":0.951286329632,"DIVIDEND_RATE":3.726708074534,"CURRENT_RATIO":1.047919869776,"COMMON_ACS":5000000000,"CURRENTDEBT_DEBT":96.189983292822,"ISSUED_COMMON_SHARES":3112647294,"HK_COMMON_SHARES":3112647294,"PER_SHARES":2000,"TOTAL_MARKET_CAP":40090897146.72,"HKSK_MARKET_CAP":40090897146.72,"PE_TTM":14.536164868797,"PB_TTM":4.498014441756,"REPORT_DATE_SQ":"2020-12-31 00:00:00","REPORT_TYPE_SQ":"2020年年报","OPERATE_INCOME_SQ":19360315000,"DPS_HKD":0.48,"OPERATE_INCOME_QOQ_SQ":24.644766585548,"NET_PROFIT_RATIO_SQ":4.9549245454,"HOLDER_PROFIT_SQ":957389000,"HOLDER_PROFIT_QOQ_SQ":32.725336911903,"ROE_AVG_SQ":28.812991335388,"PE_TTM_SQ":16.009636086499,"PB_TTM_SQ":5.591655844296,"ROA_SQ":7.15465501821,"START_DATE":"2021-01-01 00:00:00","FISCAL_YEAR":"12-31","CURRENCY":"HKD","IS_CNY_CODE":0,"DPS_HKD_LY":0.19,"ORG_TYPE":"一般企业","PREMIUM_INCOME":null,"PREMIUM_INCOME_YOY":null,"NET_INTEREST_INCOME":null,"NET_INTEREST_INCOME_YOY":null,"FEE_COMMISSION_INCOME":null,"FEE_COMMISSION_INCOME_YOY":null,"ACCOUNTS_RECE_TDAYS":70.068014025278,"INVENTORY_TDAYS":24.397490689314,"CURRENT_ASSETS_TDAYS":1.89990929692,"TOTAL_ASSETS_TDAYS":1.522550775251,"PREMIUM_EXPENSE":null,"LOAN_DEPOSIT":null,"LOAN_EQUITY":null,"LOAN_ASSETS":null,"DEPOSIT_EQUITY":null,"DEPOSIT_ASSETS":null,"EQUITY_MULTIPLIER":4.300992221652,"EQUITY_RATIO":3.309958099417},{"SECUCODE":"01585.HK","SECURITY_CODE":"01585","SECURITY_NAME_ABBR":"雅迪控股","ORG_CODE":"10484066","STD_REPORT_DATE":"2021-06-30 00:00:00","REPORT_DATE":"2021-06-30 00:00:00","DATE_TYPE_CODE":"002","REPORT_TYPE":"2021年中报","PER_NETCASH_OPERATE":0.863333555927,"PER_OI":4.132023038397,"BPS":1.205561583297,"BASIC_EPS":0.206,"DILUTED_EPS":0.202,"OPERATE_INCOME":12375409000,"OPERATE_INCOME_YOY":63.9155460843,"GROSS_PROFIT":1845383000,"GROSS_PROFIT_YOY":39.128025500757,"HOLDER_PROFIT":589161000,"HOLDER_PROFIT_YOY":49.2105902971,"GROSS_PROFIT_RATIO":14.9116930196,"EPS_TTM":0.384540233723,"OPERATE_INCOME_QOQ":24.924904372682,"NET_PROFIT_RATIO":4.7350031017,"ROE_AVG":16.049088618653,"GROSS_PROFIT_QOQ":16.887476693902,"ROA":3.437413878462,"HOLDER_PROFIT_QOQ":20.295720966086,"ROE_YEARLY":32.098177237307,"ROIC_YEARLY":9.283744111446,"TOTAL_ASSETS":18262962000,"TOTAL_LIABILITIES":14500315000,"TAX_EBT":17.675025007587,"OCF_SALES":20.893725613432,"TOTAL_PARENT_EQUITY":3752488000,"DEBT_ASSET_RATIO":79.3973890982,"OPERATE_PROFIT":722209000,"PRETAX_PROFIT":711784000,"NETCASH_OPERATE":2585684000,"NETCASH_INVEST":-807346000,"NETCASH_FINANCE":153290000,"END_CASH":5350251000,"DIVI_RATIO":1.131183584586,"DIVIDEND_RATE":3.726708074534,"CURRENT_RATIO":1.035740787375,"COMMON_ACS":5000000000,"CURRENTDEBT_DEBT":97.630948017336,"ISSUED_COMMON_SHARES":3112647294,"HK_COMMON_SHARES":3112647294,"PER_SHARES":2000,"TOTAL_MARKET_CAP":40090897146.72,"HKSK_MARKET_CAP":40090897146.72,"PE_TTM":14.536164868797,"PB_TTM":4.498014441756,"REPORT_DATE_SQ":"2020-06-30 00:00:00","REPORT_TYPE_SQ":"2020年中报","OPERATE_INCOME_SQ":7549869000,"DPS_HKD":0.48,"OPERATE_INCOME_QOQ_SQ":29.780114666837,"NET_PROFIT_RATIO_SQ":5.0602125417,"HOLDER_PROFIT_SQ":394852000,"HOLDER_PROFIT_QOQ_SQ":39.681571461491,"ROE_AVG_SQ":11.871747186388,"PE_TTM_SQ":16.009636086499,"PB_TTM_SQ":5.591655844296,"ROA_SQ":3.420593588437,"START_DATE":"2021-01-01 00:00:00","FISCAL_YEAR":"12-31","CURRENCY":"HKD","IS_CNY_CODE":0,"DPS_HKD_LY":0.19,"ORG_TYPE":"一般企业","PREMIUM_INCOME":null,"PREMIUM_INCOME_YOY":null,"NET_INTEREST_INCOME":null,"NET_INTEREST_INCOME_YOY":null,"FEE_COMMISSION_INCOME":null,"FEE_COMMISSION_INCOME_YOY":null,"ACCOUNTS_RECE_TDAYS":22.670462965931,"INVENTORY_TDAYS":12.294667303388,"CURRENT_ASSETS_TDAYS":0.88280591317,"TOTAL_ASSETS_TDAYS":0.722033580774,"PREMIUM_EXPENSE":null,"LOAN_DEPOSIT":null,"LOAN_EQUITY":null,"LOAN_ASSETS":null,"DEPOSIT_EQUITY":null,"DEPOSIT_ASSETS":null,"EQUITY_MULTIPLIER":4.853753753669,"EQUITY_RATIO":3.86418690746},{"SECUCODE":"01585.HK","SECURITY_CODE":"01585","SECURITY_NAME_ABBR":"雅迪控股","ORG_CODE":"10484066","STD_REPORT_DATE":"2020-12-31 00:00:00","REPORT_DATE":"2020-12-31 00:00:00","DATE_TYPE_CODE":"001","REPORT_TYPE":"2020年年报","PER_NETCASH_OPERATE":0.740407345576,"PER_OI":6.464212020033,"BPS":1.153198117538,"BASIC_EPS":0.334,"DILUTED_EPS":0.328,"OPERATE_INCOME":19360315000,"OPERATE_INCOME_YOY":61.7641210009,"GROSS_PROFIT":3073230000,"GROSS_PROFIT_YOY":47.883897933582,"HOLDER_PROFIT":957389000,"HOLDER_PROFIT_YOY":89.6446943841,"GROSS_PROFIT_RATIO":15.87386362257,"EPS_TTM":0.319662437396,"OPERATE_INCOME_QOQ":24.644766585548,"NET_PROFIT_RATIO":4.9549245454,"ROE_AVG":28.812991335388,"GROSS_PROFIT_QOQ":10.257365128704,"ROA":7.15465501821,"HOLDER_PROFIT_QOQ":32.725336911903,"ROE_YEARLY":28.812991335388,"ROIC_YEARLY":11.265025476912,"TOTAL_ASSETS":16016355000,"TOTAL_LIABILITIES":12413512000,"TAX_EBT":19.168554833806,"OCF_SALES":11.453945868133,"TOTAL_PARENT_EQUITY":3589499000,"DEBT_ASSET_RATIO":77.5052251277,"OPERATE_PROFIT":1193700000,"PRETAX_PROFIT":1186777000,"NETCASH_OPERATE":2217520000,"NETCASH_INVEST":-1035990000,"NETCASH_FINANCE":-358714000,"END_CASH":3420934000,"DIVI_RATIO":1.360765448527,"DIVIDEND_RATE":3.726708074534,"CURRENT_RATIO":1.092987552847,"COMMON_ACS":5000000000,"CURRENTDEBT_DEBT":98.569776224488,"ISSUED_COMMON_SHARES":3112647294,"HK_COMMON_SHARES":3112647294,"PER_SHARES":2000,"TOTAL_MARKET_CAP":40090897146.72,"HKSK_MARKET_CAP":40090897146.72,"PE_TTM":14.536164868797,"PB_TTM":4.498014441756,"REPORT_DATE_SQ":"2019-12-31 00:00:00","REPORT_TYPE_SQ":"2019年年报","OPERATE_INCOME_SQ":11968238000,"DPS_HKD":0.48,"OPERATE_INCOME_QOQ_SQ":27.208546441675,"NET_PROFIT_RATIO_SQ":4.3470893543,"HOLDER_PROFIT_SQ":504833000,"HOLDER_PROFIT_QOQ_SQ":24.059126223388,"ROE_AVG_SQ":17.565749830478,"PE_TTM_SQ":16.009636086499,"PB_TTM_SQ":5.591655844296,"ROA_SQ":5.581156325248,"START_DATE":"2020-01-01 00:00:00","FISCAL_YEAR":"12-31","CURRENCY":"HKD","IS_CNY_CODE":0,"DPS_HKD_LY":0.1,"ORG_TYPE":"一般企业","PREMIUM_INCOME":null,"PREMIUM_INCOME_YOY":null,"NET_INTEREST_INCOME":null,"NET_INTEREST_INCOME_YOY":null,"FEE_COMMISSION_INCOME":null,"FEE_COMMISSION_INCOME_YOY":null,"ACCOUNTS_RECE_TDAYS":69.265196236271,"INVENTORY_TDAYS":24.692722226897,"CURRENT_ASSETS_TDAYS":1.742620805042,"TOTAL_ASSETS_TDAYS":1.446813937374,"PREMIUM_EXPENSE":null,"LOAN_DEPOSIT":null,"LOAN_EQUITY":null,"LOAN_ASSETS":null,"DEPOSIT_EQUITY":null,"DEPOSIT_ASSETS":null,"EQUITY_MULTIPLIER":4.445476808178,"EQUITY_RATIO":3.458285404175},{"SECUCODE":"01585.HK","SECURITY_CODE":"01585","SECURITY_NAME_ABBR":"雅迪控股","ORG_CODE":"10484066","STD_REPORT_DATE":"2020-06-30 00:00:00","REPORT_DATE":"2020-06-30 00:00:00","DATE_TYPE_CODE":"002","REPORT_TYPE":"2020年中报","PER_NETCASH_OPERATE":0.390796994992,"PER_OI":2.520824373957,"BPS":1.101733886332,"BASIC_EPS":0.137,"DILUTED_EPS":0.136,"OPERATE_INCOME":7549869000,"OPERATE_INCOME_YOY":87.4738865971,"GROSS_PROFIT":1326392000,"GROSS_PROFIT_YOY":94.104536694086,"HOLDER_PROFIT":394852000,"HOLDER_PROFIT_YOY":113.8178869375,"GROSS_PROFIT_RATIO":18.229890435416,"EPS_TTM":0.240845075125,"OPERATE_INCOME_QOQ":29.780114666837,"NET_PROFIT_RATIO":5.0602125417,"ROE_AVG":11.871747186388,"GROSS_PROFIT_QOQ":34.126030128894,"ROA":3.420593588437,"HOLDER_PROFIT_QOQ":39.681571461491,"ROE_YEARLY":23.743494372776,"ROIC_YEARLY":11.613832716093,"TOTAL_ASSETS":11762158000,"TOTAL_LIABILITIES":8319833000,"TAX_EBT":17.643979275128,"OCF_SALES":15.322481299479,"TOTAL_PARENT_EQUITY":3429309000,"DEBT_ASSET_RATIO":70.7338993406,"OPERATE_PROFIT":482730000,"PRETAX_PROFIT":481354000,"NETCASH_OPERATE":1170437000,"NETCASH_INVEST":-713313000,"NETCASH_FINANCE":-91422000,"END_CASH":3005871000,"DIVI_RATIO":1.806080526138,"DIVIDEND_RATE":3.726708074534,"CURRENT_RATIO":1.174463014541,"COMMON_ACS":5000000000,"CURRENTDEBT_DEBT":99.104573373047,"ISSUED_COMMON_SHARES":3112647294,"HK_COMMON_SHARES":3112647294,"PER_SHARES":2000,"TOTAL_MARKET_CAP":40090897146.72,"HKSK_MARKET_CAP":40090897146.72,"PE_TTM":14.536164868797,"PB_TTM":4.498014441756,"REPORT_DATE_SQ":"2019-06-30 00:00:00","REPORT_TYPE_SQ":"2019年中报","OPERATE_INCOME_SQ":4074536000,"DPS_HKD":0.48,"OPERATE_INCOME_QOQ_SQ":-5.125641194226,"NET_PROFIT_RATIO_SQ":4.4499790896,"HOLDER_PROFIT_SQ":180042000,"HOLDER_PROFIT_QOQ_SQ":-3.427555935003,"ROE_AVG_SQ":6.46611075875,"PE_TTM_SQ":16.009636086499,"PB_TTM_SQ":5.591655844296,"ROA_SQ":2.374678536938,"START_DATE":"2020-01-01 00:00:00","FISCAL_YEAR":"12-31","CURRENCY":"HKD","IS_CNY_CODE":0,"DPS_HKD_LY":0.1,"ORG_TYPE":"一般企业","PREMIUM_INCOME":null,"PREMIUM_INCOME_YOY":null,"NET_INTEREST_INCOME":null,"NET_INTEREST_INCOME_YOY":null,"FEE_COMMISSION_INCOME":null,"FEE_COMMISSION_INCOME_YOY":null,"ACCOUNTS_RECE_TDAYS":28.786683163692,"INVENTORY_TDAYS":10.302682320961,"CURRENT_ASSETS_TDAYS":0.82447435475,"TOTAL_ASSETS_TDAYS":0.678738614685,"PREMIUM_EXPENSE":null,"LOAN_DEPOSIT":null,"LOAN_EQUITY":null,"LOAN_ASSETS":null,"DEPOSIT_EQUITY":null,"DEPOSIT_ASSETS":null,"EQUITY_MULTIPLIER":3.416922574135,"EQUITY_RATIO":2.426096044422}],"count":23},"success":true,"message":"ok","code":0}