{"version":"8253fb617021fdbfed51dcea64e859e1","result":{"pages":3,"data":[{"SECUCODE":"01581.HK","SECURITY_CODE":"01581","SECURITY_NAME_ABBR":"进升集团控股","ORG_CODE":"10550381","STD_REPORT_DATE":"2024-06-30 00:00:00","REPORT_DATE":"2024-09-30 00:00:00","DATE_TYPE_CODE":"002","REPORT_TYPE":"2024年中报","PER_NETCASH_OPERATE":0.13626590147,"PER_OI":1.042969027229,"BPS":0.584125237301,"BASIC_EPS":0.026512626,"DILUTED_EPS":0.026512626,"OPERATE_INCOME":432832146.3,"OPERATE_INCOME_YOY":60.4070583517,"GROSS_PROFIT":30767271.22,"GROSS_PROFIT_YOY":71.820538498122,"HOLDER_PROFIT":10986507.57,"HOLDER_PROFIT_YOY":303.0102547139,"GROSS_PROFIT_RATIO":7.108360939225,"EPS_TTM":0.048547390843,"OPERATE_INCOME_QOQ":0,"NET_PROFIT_RATIO":2.5380752964,"ROE_AVG":4.637247569185,"GROSS_PROFIT_QOQ":0,"ROA":2.012802434594,"HOLDER_PROFIT_QOQ":0,"ROE_YEARLY":9.274495138369,"ROIC_YEARLY":4.235053646446,"TOTAL_ASSETS":553054280.15,"TOTAL_LIABILITIES":310658538.89,"TAX_EBT":19.174628450106,"OCF_SALES":13.065191574473,"TOTAL_PARENT_EQUITY":242411973.48,"DEBT_ASSET_RATIO":56.1714374231,"OPERATE_PROFIT":19167546.45,"PRETAX_PROFIT":13591778.88,"NETCASH_OPERATE":56550349.11,"NETCASH_INVEST":-18080889.5,"NETCASH_FINANCE":-35776714.67,"END_CASH":28356786.55,"DIVI_RATIO":null,"DIVIDEND_RATE":null,"CURRENT_RATIO":1.35159090377,"COMMON_ACS":2000000000,"CURRENTDEBT_DEBT":86.789204942945,"ISSUED_COMMON_SHARES":415000000,"HK_COMMON_SHARES":415000000,"PER_SHARES":10000,"TOTAL_MARKET_CAP":53120000,"HKSK_MARKET_CAP":53120000,"PE_TTM":1.692582207494,"PB_TTM":0.197610225734,"REPORT_DATE_SQ":"2023-06-30 00:00:00","REPORT_TYPE_SQ":"2023年中报","OPERATE_INCOME_SQ":274573248.6,"DPS_HKD":null,"OPERATE_INCOME_QOQ_SQ":0,"NET_PROFIT_RATIO_SQ":1.0099592273,"HOLDER_PROFIT_SQ":2773995.49,"HOLDER_PROFIT_QOQ_SQ":0,"ROE_AVG_SQ":1.281385574981,"PE_TTM_SQ":-2.328190743338,"PB_TTM_SQ":0.195764610745,"ROA_SQ":0.533954602378,"START_DATE":"2024-04-01 00:00:00","FISCAL_YEAR":"3-31","CURRENCY":"HKD","IS_CNY_CODE":0,"DPS_HKD_LY":null,"ORG_TYPE":"一般企业","PREMIUM_INCOME":null,"PREMIUM_INCOME_YOY":null,"NET_INTEREST_INCOME":null,"NET_INTEREST_INCOME_YOY":null,"FEE_COMMISSION_INCOME":null,"FEE_COMMISSION_INCOME_YOY":null,"ACCOUNTS_RECE_TDAYS":1.820305640835,"INVENTORY_TDAYS":null,"CURRENT_ASSETS_TDAYS":1.253011985287,"TOTAL_ASSETS_TDAYS":0.792977743193,"PREMIUM_EXPENSE":null,"LOAN_DEPOSIT":null,"LOAN_EQUITY":null,"LOAN_ASSETS":null,"DEPOSIT_EQUITY":null,"DEPOSIT_ASSETS":null,"EQUITY_MULTIPLIER":2.281617149195,"EQUITY_RATIO":1.281531330447},{"SECUCODE":"01581.HK","SECURITY_CODE":"01581","SECURITY_NAME_ABBR":"进升集团控股","ORG_CODE":"10550381","STD_REPORT_DATE":"2023-12-31 00:00:00","REPORT_DATE":"2024-03-31 00:00:00","DATE_TYPE_CODE":"001","REPORT_TYPE":"2023年年报","PER_NETCASH_OPERATE":0.223546492169,"PER_OI":1.59143869494,"BPS":0.560595228795,"BASIC_EPS":0.04859108,"DILUTED_EPS":0.04859108,"OPERATE_INCOME":660447058.4,"OPERATE_INCOME_YOY":42.5646163721,"GROSS_PROFIT":52372300.05,"GROSS_PROFIT_YOY":1526.5912026717,"HOLDER_PROFIT":20147167.2,"HOLDER_PROFIT_YOY":201.2067944806,"GROSS_PROFIT_RATIO":7.929825620978,"EPS_TTM":-0.041876860289,"OPERATE_INCOME_QOQ":0,"NET_PROFIT_RATIO":3.0503975139,"ROE_AVG":9.051919011718,"GROSS_PROFIT_QOQ":0,"ROA":3.817313778418,"HOLDER_PROFIT_QOQ":0,"ROE_YEARLY":9.051919011718,"ROIC_YEARLY":4.009214844053,"TOTAL_ASSETS":541451492.3,"TOTAL_LIABILITIES":308819883.7,"TAX_EBT":6.985601875105,"OCF_SALES":14.046817692663,"TOTAL_PARENT_EQUITY":232647019.95,"DEBT_ASSET_RATIO":57.0355586958,"OPERATE_PROFIT":34943876.3,"PRETAX_PROFIT":21659292.6,"NETCASH_OPERATE":92771794.25,"NETCASH_INVEST":-16287983.85,"NETCASH_FINANCE":-75439464.8,"END_CASH":25799506.45,"DIVI_RATIO":null,"DIVIDEND_RATE":null,"CURRENT_RATIO":1.300855603828,"COMMON_ACS":2000000000,"CURRENTDEBT_DEBT":81.690806507483,"ISSUED_COMMON_SHARES":415000000,"HK_COMMON_SHARES":415000000,"PER_SHARES":10000,"TOTAL_MARKET_CAP":51460000,"HKSK_MARKET_CAP":51460000,"PE_TTM":1.63968901351,"PB_TTM":0.19143490618,"REPORT_DATE_SQ":"2022-12-31 00:00:00","REPORT_TYPE_SQ":"2022年年报","OPERATE_INCOME_SQ":447348516.56,"DPS_HKD":null,"OPERATE_INCOME_QOQ_SQ":0,"NET_PROFIT_RATIO_SQ":-4.297125726,"HOLDER_PROFIT_SQ":-19223128.19,"HOLDER_PROFIT_QOQ_SQ":0,"ROE_AVG_SQ":-10.014799409848,"PE_TTM_SQ":-2.041076551756,"PB_TTM_SQ":0.188773017504,"ROA_SQ":-4.23032836626,"START_DATE":"2023-04-01 00:00:00","FISCAL_YEAR":"3-31","CURRENCY":"HKD","IS_CNY_CODE":0,"DPS_HKD_LY":null,"ORG_TYPE":"一般企业","PREMIUM_INCOME":null,"PREMIUM_INCOME_YOY":null,"NET_INTEREST_INCOME":null,"NET_INTEREST_INCOME_YOY":null,"FEE_COMMISSION_INCOME":null,"FEE_COMMISSION_INCOME_YOY":null,"ACCOUNTS_RECE_TDAYS":3.387966554126,"INVENTORY_TDAYS":null,"CURRENT_ASSETS_TDAYS":2.255085742587,"TOTAL_ASSETS_TDAYS":1.251358878853,"PREMIUM_EXPENSE":null,"LOAN_DEPOSIT":null,"LOAN_EQUITY":null,"LOAN_ASSETS":null,"DEPOSIT_EQUITY":null,"DEPOSIT_ASSETS":null,"EQUITY_MULTIPLIER":2.327506118187,"EQUITY_RATIO":1.327418179551},{"SECUCODE":"01581.HK","SECURITY_CODE":"01581","SECURITY_NAME_ABBR":"进升集团控股","ORG_CODE":"10550381","STD_REPORT_DATE":"2023-06-30 00:00:00","REPORT_DATE":"2023-09-30 00:00:00","DATE_TYPE_CODE":"002","REPORT_TYPE":"2023年中报","PER_NETCASH_OPERATE":0.103729779663,"PER_OI":0.661622285783,"BPS":0.524990495518,"BASIC_EPS":0.006698699,"DILUTED_EPS":0.006698699,"OPERATE_INCOME":274573248.6,"OPERATE_INCOME_YOY":20.0943994477,"GROSS_PROFIT":17906631.82,"GROSS_PROFIT_YOY":319.728313771721,"HOLDER_PROFIT":2773995.49,"HOLDER_PROFIT_YOY":194.0661478599,"GROSS_PROFIT_RATIO":6.521622886171,"EPS_TTM":-0.046320790819,"OPERATE_INCOME_QOQ":0,"NET_PROFIT_RATIO":1.0099592273,"ROE_AVG":1.281385574981,"GROSS_PROFIT_QOQ":0,"ROA":0.533954602378,"HOLDER_PROFIT_QOQ":0,"ROE_YEARLY":2.562771149962,"ROIC_YEARLY":1.11002585042,"TOTAL_ASSETS":518638052.59,"TOTAL_LIABILITIES":300782596.66,"TAX_EBT":0.982961992136,"OCF_SALES":15.678096383932,"TOTAL_PARENT_EQUITY":217871055.64,"DEBT_ASSET_RATIO":57.9947026945,"OPERATE_PROFIT":9366249.41,"PRETAX_PROFIT":2800606.76,"NETCASH_OPERATE":43047858.56,"NETCASH_INVEST":-11114334.56,"NETCASH_FINANCE":-42595466.97,"END_CASH":14395779.44,"DIVI_RATIO":null,"DIVIDEND_RATE":null,"CURRENT_RATIO":1.135281368646,"COMMON_ACS":2000000000,"CURRENTDEBT_DEBT":79.390570562142,"ISSUED_COMMON_SHARES":415000000,"HK_COMMON_SHARES":415000000,"PER_SHARES":10000,"TOTAL_MARKET_CAP":51460000,"HKSK_MARKET_CAP":51460000,"PE_TTM":1.63968901351,"PB_TTM":0.19143490618,"REPORT_DATE_SQ":"2022-06-30 00:00:00","REPORT_TYPE_SQ":"2022年中报","OPERATE_INCOME_SQ":225344843.76,"DPS_HKD":null,"OPERATE_INCOME_QOQ_SQ":0,"NET_PROFIT_RATIO_SQ":0.4125962256,"HOLDER_PROFIT_SQ":929764.32,"HOLDER_PROFIT_QOQ_SQ":0,"ROE_AVG_SQ":0.445486416564,"PE_TTM_SQ":-2.041076551756,"PB_TTM_SQ":0.188773017504,"ROA_SQ":0.201351483694,"START_DATE":"2023-04-01 00:00:00","FISCAL_YEAR":"3-31","CURRENCY":"HKD","IS_CNY_CODE":0,"DPS_HKD_LY":null,"ORG_TYPE":"一般企业","PREMIUM_INCOME":null,"PREMIUM_INCOME_YOY":null,"NET_INTEREST_INCOME":null,"NET_INTEREST_INCOME_YOY":null,"FEE_COMMISSION_INCOME":null,"FEE_COMMISSION_INCOME_YOY":null,"ACCOUNTS_RECE_TDAYS":1.563563872175,"INVENTORY_TDAYS":null,"CURRENT_ASSETS_TDAYS":1.032601381081,"TOTAL_ASSETS_TDAYS":0.528514376856,"PREMIUM_EXPENSE":null,"LOAN_DEPOSIT":null,"LOAN_EQUITY":null,"LOAN_ASSETS":null,"DEPOSIT_EQUITY":null,"DEPOSIT_ASSETS":null,"EQUITY_MULTIPLIER":2.380652118058,"EQUITY_RATIO":1.380553262463},{"SECUCODE":"01581.HK","SECURITY_CODE":"01581","SECURITY_NAME_ABBR":"进升集团控股","ORG_CODE":"10550381","STD_REPORT_DATE":"2022-12-31 00:00:00","REPORT_DATE":"2023-03-31 00:00:00","DATE_TYPE_CODE":"001","REPORT_TYPE":"2022年年报","PER_NETCASH_OPERATE":0.167057759904,"PER_OI":1.077948232675,"BPS":0.494458990482,"BASIC_EPS":-0.059177716,"DILUTED_EPS":-0.059177716,"OPERATE_INCOME":447348516.56,"OPERATE_INCOME_YOY":-0.9559102855,"GROSS_PROFIT":3219757.98,"GROSS_PROFIT_YOY":-88.198045332178,"HOLDER_PROFIT":-19223128.19,"HOLDER_PROFIT_YOY":-281.0155799192,"GROSS_PROFIT_RATIO":0.719742630368,"EPS_TTM":0.014728082627,"OPERATE_INCOME_QOQ":0,"NET_PROFIT_RATIO":-4.297125726,"ROE_AVG":-10.014799409848,"GROSS_PROFIT_QOQ":0,"ROA":-4.23032836626,"HOLDER_PROFIT_QOQ":0,"ROE_YEARLY":-10.014799409848,"ROIC_YEARLY":-4.419915079823,"TOTAL_ASSETS":496456391.33,"TOTAL_LIABILITIES":291269916.84,"TAX_EBT":-0.807969517514,"OCF_SALES":15.497753494998,"TOTAL_PARENT_EQUITY":205200481.05,"DEBT_ASSET_RATIO":58.6697889133,"OPERATE_PROFIT":-9820349.38,"PRETAX_PROFIT":-19069056.03,"NETCASH_OPERATE":68877258.8,"NETCASH_INVEST":-38173128.46,"NETCASH_FINANCE":-21905384.43,"END_CASH":23904820.87,"DIVI_RATIO":null,"DIVIDEND_RATE":null,"CURRENT_RATIO":1.100858635173,"COMMON_ACS":2000000000,"CURRENTDEBT_DEBT":77.566992462221,"ISSUED_COMMON_SHARES":415000000,"HK_COMMON_SHARES":415000000,"PER_SHARES":10000,"TOTAL_MARKET_CAP":51460000,"HKSK_MARKET_CAP":51460000,"PE_TTM":1.63968901351,"PB_TTM":0.19143490618,"REPORT_DATE_SQ":"2021-12-31 00:00:00","REPORT_TYPE_SQ":"2021年年报","OPERATE_INCOME_SQ":418438987.48,"DPS_HKD":null,"OPERATE_INCOME_QOQ_SQ":0,"NET_PROFIT_RATIO_SQ":2.3512059355,"HOLDER_PROFIT_SQ":9838362.31,"HOLDER_PROFIT_QOQ_SQ":0,"ROE_AVG_SQ":6.124896180712,"PE_TTM_SQ":-2.267862835284,"PB_TTM_SQ":0.209747797227,"ROA_SQ":2.818560538294,"START_DATE":"2022-04-01 00:00:00","FISCAL_YEAR":"3-31","CURRENCY":"HKD","IS_CNY_CODE":0,"DPS_HKD_LY":null,"ORG_TYPE":"一般企业","PREMIUM_INCOME":null,"PREMIUM_INCOME_YOY":null,"NET_INTEREST_INCOME":null,"NET_INTEREST_INCOME_YOY":null,"FEE_COMMISSION_INCOME":null,"FEE_COMMISSION_INCOME_YOY":null,"ACCOUNTS_RECE_TDAYS":3.004889407655,"INVENTORY_TDAYS":null,"CURRENT_ASSETS_TDAYS":1.906786791717,"TOTAL_ASSETS_TDAYS":0.984455339684,"PREMIUM_EXPENSE":null,"LOAN_DEPOSIT":null,"LOAN_EQUITY":null,"LOAN_ASSETS":null,"DEPOSIT_EQUITY":null,"DEPOSIT_ASSETS":null,"EQUITY_MULTIPLIER":2.419537606286,"EQUITY_RATIO":1.419440711589},{"SECUCODE":"01581.HK","SECURITY_CODE":"01581","SECURITY_NAME_ABBR":"进升集团控股","ORG_CODE":"10550381","STD_REPORT_DATE":"2022-06-30 00:00:00","REPORT_DATE":"2022-09-30 00:00:00","DATE_TYPE_CODE":"002","REPORT_TYPE":"2022年中报","PER_NETCASH_OPERATE":0.087987846072,"PER_OI":0.542999623518,"BPS":0.560953302361,"BASIC_EPS":0.003979536,"DILUTED_EPS":0.003979536,"OPERATE_INCOME":225344843.76,"OPERATE_INCOME_YOY":-4.9462267138,"GROSS_PROFIT":4266243.48,"GROSS_PROFIT_YOY":-67.351957666774,"HOLDER_PROFIT":929764.32,"HOLDER_PROFIT_YOY":-81.6067275004,"GROSS_PROFIT_RATIO":1.893206611172,"EPS_TTM":0.009482758853,"OPERATE_INCOME_QOQ":0,"NET_PROFIT_RATIO":0.4125962256,"ROE_AVG":0.445486416564,"GROSS_PROFIT_QOQ":0,"ROA":0.201351483694,"HOLDER_PROFIT_QOQ":0,"ROE_YEARLY":0.890972833129,"ROIC_YEARLY":0.426181560392,"TOTAL_ASSETS":497480890.92,"TOTAL_LIABILITIES":264699741.48,"TAX_EBT":-13.215859030837,"OCF_SALES":16.204034452588,"TOTAL_PARENT_EQUITY":232795620.48,"DEBT_ASSET_RATIO":53.2080219183,"OPERATE_PROFIT":4995222.12,"PRETAX_PROFIT":821231.52,"NETCASH_OPERATE":36514956.12,"NETCASH_INVEST":-37748612.28,"NETCASH_FINANCE":20926028.28,"END_CASH":35299388.76,"DIVI_RATIO":null,"DIVIDEND_RATE":null,"CURRENT_RATIO":1.327344545794,"COMMON_ACS":2000000000,"CURRENTDEBT_DEBT":74.132375703445,"ISSUED_COMMON_SHARES":415000000,"HK_COMMON_SHARES":415000000,"PER_SHARES":10000,"TOTAL_MARKET_CAP":51460000,"HKSK_MARKET_CAP":51460000,"PE_TTM":1.63968901351,"PB_TTM":0.19143490618,"REPORT_DATE_SQ":"2021-06-30 00:00:00","REPORT_TYPE_SQ":"2021年中报","OPERATE_INCOME_SQ":218360854.14,"DPS_HKD":null,"OPERATE_INCOME_QOQ_SQ":0,"NET_PROFIT_RATIO_SQ":2.1322376478,"HOLDER_PROFIT_SQ":4655972.34,"HOLDER_PROFIT_QOQ_SQ":0,"ROE_AVG_SQ":2.869251166002,"PE_TTM_SQ":-2.267862835284,"PB_TTM_SQ":0.209747797227,"ROA_SQ":1.360014502928,"START_DATE":"2022-04-01 00:00:00","FISCAL_YEAR":"3-31","CURRENCY":"HKD","IS_CNY_CODE":0,"DPS_HKD_LY":null,"ORG_TYPE":"一般企业","PREMIUM_INCOME":null,"PREMIUM_INCOME_YOY":null,"NET_INTEREST_INCOME":null,"NET_INTEREST_INCOME_YOY":null,"FEE_COMMISSION_INCOME":null,"FEE_COMMISSION_INCOME_YOY":null,"ACCOUNTS_RECE_TDAYS":1.498319191287,"INVENTORY_TDAYS":null,"CURRENT_ASSETS_TDAYS":0.92302334843,"TOTAL_ASSETS_TDAYS":0.488010968563,"PREMIUM_EXPENSE":null,"LOAN_DEPOSIT":null,"LOAN_EQUITY":null,"LOAN_ASSETS":null,"DEPOSIT_EQUITY":null,"DEPOSIT_ASSETS":null,"EQUITY_MULTIPLIER":2.137118457044,"EQUITY_RATIO":1.137047771493},{"SECUCODE":"01581.HK","SECURITY_CODE":"01581","SECURITY_NAME_ABBR":"进升集团控股","ORG_CODE":"10550381","STD_REPORT_DATE":"2021-12-31 00:00:00","REPORT_DATE":"2022-03-31 00:00:00","DATE_TYPE_CODE":"001","REPORT_TYPE":"2021年年报","PER_NETCASH_OPERATE":0.059161127547,"PER_OI":0.403314686728,"BPS":0.398911390988,"BASIC_EPS":0.043875641,"DILUTED_EPS":0.043875641,"OPERATE_INCOME":418438987.48,"OPERATE_INCOME_YOY":18.4469942194,"GROSS_PROFIT":27281565.39,"GROSS_PROFIT_YOY":47.278369307572,"HOLDER_PROFIT":9838362.31,"HOLDER_PROFIT_YOY":224.531835206,"GROSS_PROFIT_RATIO":6.519843084962,"EPS_TTM":0.002317202333,"OPERATE_INCOME_QOQ":0,"NET_PROFIT_RATIO":2.3512059355,"ROE_AVG":6.124896180712,"GROSS_PROFIT_QOQ":0,"ROA":2.818560538294,"HOLDER_PROFIT_QOQ":0,"ROE_YEARLY":6.124896180712,"ROIC_YEARLY":2.934485098375,"TOTAL_ASSETS":382031937.57,"TOTAL_LIABILITIES":216496686.47,"TAX_EBT":4.615505582639,"OCF_SALES":14.668726305752,"TOTAL_PARENT_EQUITY":165548227.26,"DEBT_ASSET_RATIO":56.6697873081,"OPERATE_PROFIT":15567336.95,"PRETAX_PROFIT":10314425.18,"NETCASH_OPERATE":61379669.83,"NETCASH_INVEST":-33462272.6,"NETCASH_FINANCE":-27532167.48,"END_CASH":13994788.56,"DIVI_RATIO":null,"DIVIDEND_RATE":null,"CURRENT_RATIO":1.278327860699,"COMMON_ACS":2000000000,"CURRENTDEBT_DEBT":73.812779315744,"ISSUED_COMMON_SHARES":415000000,"HK_COMMON_SHARES":415000000,"PER_SHARES":10000,"TOTAL_MARKET_CAP":51460000,"HKSK_MARKET_CAP":51460000,"PE_TTM":1.63968901351,"PB_TTM":0.19143490618,"REPORT_DATE_SQ":"2020-12-31 00:00:00","REPORT_TYPE_SQ":"2020年年报","OPERATE_INCOME_SQ":368155336.92,"DPS_HKD":null,"OPERATE_INCOME_QOQ_SQ":0,"NET_PROFIT_RATIO_SQ":0.8581385419,"HOLDER_PROFIT_SQ":3159282.84,"HOLDER_PROFIT_QOQ_SQ":0,"ROE_AVG_SQ":1.966064609785,"PE_TTM_SQ":-2.267862835284,"PB_TTM_SQ":0.209747797227,"ROA_SQ":0.993455366931,"START_DATE":"2021-04-01 00:00:00","FISCAL_YEAR":"3-31","CURRENCY":"HKD","IS_CNY_CODE":0,"DPS_HKD_LY":null,"ORG_TYPE":"一般企业","PREMIUM_INCOME":null,"PREMIUM_INCOME_YOY":null,"NET_INTEREST_INCOME":null,"NET_INTEREST_INCOME_YOY":null,"FEE_COMMISSION_INCOME":null,"FEE_COMMISSION_INCOME_YOY":null,"ACCOUNTS_RECE_TDAYS":3.307178775515,"INVENTORY_TDAYS":null,"CURRENT_ASSETS_TDAYS":2.125258733078,"TOTAL_ASSETS_TDAYS":1.198772296275,"PREMIUM_EXPENSE":null,"LOAN_DEPOSIT":null,"LOAN_EQUITY":null,"LOAN_ASSETS":null,"DEPOSIT_EQUITY":null,"DEPOSIT_ASSETS":null,"EQUITY_MULTIPLIER":2.307858507666,"EQUITY_RATIO":1.307755993847},{"SECUCODE":"01581.HK","SECURITY_CODE":"01581","SECURITY_NAME_ABBR":"进升集团控股","ORG_CODE":"10550381","STD_REPORT_DATE":"2021-06-30 00:00:00","REPORT_DATE":"2021-09-30 00:00:00","DATE_TYPE_CODE":"002","REPORT_TYPE":"2021年中报","PER_NETCASH_OPERATE":0.038235647364,"PER_OI":0.210468293147,"BPS":0.396624884434,"BASIC_EPS":0.020743194,"DILUTED_EPS":0.020743194,"OPERATE_INCOME":218360854.14,"OPERATE_INCOME_YOY":28.717485354,"GROSS_PROFIT":13067379.16,"GROSS_PROFIT_YOY":27.134521127391,"HOLDER_PROFIT":4655972.34,"HOLDER_PROFIT_YOY":-9.2400129912,"GROSS_PROFIT_RATIO":5.984304838642,"EPS_TTM":0.003045091894,"OPERATE_INCOME_QOQ":0,"NET_PROFIT_RATIO":2.1322376478,"ROE_AVG":2.869251166002,"GROSS_PROFIT_QOQ":0,"ROA":1.360014502928,"HOLDER_PROFIT_QOQ":0,"ROE_YEARLY":5.738502332005,"ROIC_YEARLY":2.820103010204,"TOTAL_ASSETS":360020207.96,"TOTAL_LIABILITIES":195434209.88,"TAX_EBT":-7.916586213555,"OCF_SALES":18.166939443535,"TOTAL_PARENT_EQUITY":164599327.04,"DEBT_ASSET_RATIO":54.2842333733,"OPERATE_PROFIT":6879409.48,"PRETAX_PROFIT":4314417.74,"NETCASH_OPERATE":39669484.14,"NETCASH_INVEST":-27693413.58,"NETCASH_FINANCE":-15611544.4,"END_CASH":10344106.02,"DIVI_RATIO":null,"DIVIDEND_RATE":null,"CURRENT_RATIO":1.363554717066,"COMMON_ACS":2000000000,"CURRENTDEBT_DEBT":75.464411461308,"ISSUED_COMMON_SHARES":415000000,"HK_COMMON_SHARES":415000000,"PER_SHARES":10000,"TOTAL_MARKET_CAP":51460000,"HKSK_MARKET_CAP":51460000,"PE_TTM":1.63968901351,"PB_TTM":0.19143490618,"REPORT_DATE_SQ":"2020-06-30 00:00:00","REPORT_TYPE_SQ":"2020年中报","OPERATE_INCOME_SQ":178941662.08,"DPS_HKD":null,"OPERATE_INCOME_QOQ_SQ":0,"NET_PROFIT_RATIO_SQ":3.0234876423,"HOLDER_PROFIT_SQ":5411157.76,"HOLDER_PROFIT_QOQ_SQ":0,"ROE_AVG_SQ":3.218422042898,"PE_TTM_SQ":-2.267862835284,"PB_TTM_SQ":0.209747797227,"ROA_SQ":1.6477069768,"START_DATE":"2021-04-01 00:00:00","FISCAL_YEAR":"3-31","CURRENCY":"HKD","IS_CNY_CODE":0,"DPS_HKD_LY":null,"ORG_TYPE":"一般企业","PREMIUM_INCOME":null,"PREMIUM_INCOME_YOY":null,"NET_INTEREST_INCOME":null,"NET_INTEREST_INCOME_YOY":null,"FEE_COMMISSION_INCOME":null,"FEE_COMMISSION_INCOME_YOY":null,"ACCOUNTS_RECE_TDAYS":1.743113836168,"INVENTORY_TDAYS":null,"CURRENT_ASSETS_TDAYS":1.103526524186,"TOTAL_ASSETS_TDAYS":0.63783439165,"PREMIUM_EXPENSE":null,"LOAN_DEPOSIT":null,"LOAN_EQUITY":null,"LOAN_ASSETS":null,"DEPOSIT_EQUITY":null,"DEPOSIT_ASSETS":null,"EQUITY_MULTIPLIER":2.187429138323,"EQUITY_RATIO":1.187332982428},{"SECUCODE":"01581.HK","SECURITY_CODE":"01581","SECURITY_NAME_ABBR":"进升集团控股","ORG_CODE":"10550381","STD_REPORT_DATE":"2020-12-31 00:00:00","REPORT_DATE":"2021-03-31 00:00:00","DATE_TYPE_CODE":"001","REPORT_TYPE":"2020年年报","PER_NETCASH_OPERATE":0.040989804395,"PER_OI":0.354848517513,"BPS":0.391012853253,"BASIC_EPS":0.003042648,"DILUTED_EPS":0.003042648,"OPERATE_INCOME":368155336.92,"OPERATE_INCOME_YOY":39.5803559412,"GROSS_PROFIT":18523810.06,"GROSS_PROFIT_YOY":52.031532831954,"HOLDER_PROFIT":3159282.84,"HOLDER_PROFIT_YOY":123.9646108475,"GROSS_PROFIT_RATIO":5.031520177046,"EPS_TTM":-0.009587952877,"OPERATE_INCOME_QOQ":0,"NET_PROFIT_RATIO":0.8581385419,"ROE_AVG":1.966064609785,"GROSS_PROFIT_QOQ":0,"ROA":0.993455366931,"HOLDER_PROFIT_QOQ":0,"ROE_YEARLY":1.966064609785,"ROIC_YEARLY":1.035071420759,"TOTAL_ASSETS":329397917.66,"TOTAL_LIABILITIES":167141106.44,"TAX_EBT":-126.271186440678,"OCF_SALES":11.551352865283,"TOTAL_PARENT_EQUITY":162270334.1,"DEBT_ASSET_RATIO":50.7413974039,"OPERATE_PROFIT":12441049.6,"PRETAX_PROFIT":1396237.36,"NETCASH_OPERATE":42526922.06,"NETCASH_INVEST":-20590275.16,"NETCASH_FINANCE":-19169527.58,"END_CASH":14182965.58,"DIVI_RATIO":null,"DIVIDEND_RATE":null,"CURRENT_RATIO":1.498640258607,"COMMON_ACS":2000000000,"CURRENTDEBT_DEBT":78.839794091769,"ISSUED_COMMON_SHARES":415000000,"HK_COMMON_SHARES":415000000,"PER_SHARES":10000,"TOTAL_MARKET_CAP":51460000,"HKSK_MARKET_CAP":51460000,"PE_TTM":1.63968901351,"PB_TTM":0.19143490618,"REPORT_DATE_SQ":"2019-12-31 00:00:00","REPORT_TYPE_SQ":"2019年年报","OPERATE_INCOME_SQ":285142013.8,"DPS_HKD":null,"OPERATE_INCOME_QOQ_SQ":0,"NET_PROFIT_RATIO_SQ":-5.0045822465,"HOLDER_PROFIT_SQ":-14251892.6,"HOLDER_PROFIT_QOQ_SQ":0,"ROE_AVG_SQ":-7.955890153834,"PE_TTM_SQ":-2.267862835284,"PB_TTM_SQ":0.209747797227,"ROA_SQ":-4.368808310763,"START_DATE":"2020-04-01 00:00:00","FISCAL_YEAR":"3-31","CURRENCY":"HKD","IS_CNY_CODE":0,"DPS_HKD_LY":null,"ORG_TYPE":"一般企业","PREMIUM_INCOME":null,"PREMIUM_INCOME_YOY":null,"NET_INTEREST_INCOME":null,"NET_INTEREST_INCOME_YOY":null,"FEE_COMMISSION_INCOME":null,"FEE_COMMISSION_INCOME_YOY":null,"ACCOUNTS_RECE_TDAYS":2.967029149624,"INVENTORY_TDAYS":null,"CURRENT_ASSETS_TDAYS":1.930336750023,"TOTAL_ASSETS_TDAYS":1.157686455599,"PREMIUM_EXPENSE":null,"LOAN_DEPOSIT":null,"LOAN_EQUITY":null,"LOAN_ASSETS":null,"DEPOSIT_EQUITY":null,"DEPOSIT_ASSETS":null,"EQUITY_MULTIPLIER":2.030102250767,"EQUITY_RATIO":1.030016406677},{"SECUCODE":"01581.HK","SECURITY_CODE":"01581","SECURITY_NAME_ABBR":"进升集团控股","ORG_CODE":"10550381","STD_REPORT_DATE":"2020-06-30 00:00:00","REPORT_DATE":"2020-09-30 00:00:00","DATE_TYPE_CODE":"002","REPORT_TYPE":"2020年中报","PER_NETCASH_OPERATE":0.020174564241,"PER_OI":0.172473891161,"BPS":0.41165385253,"BASIC_EPS":0.005184448,"DILUTED_EPS":0.005184448,"OPERATE_INCOME":178941662.08,"OPERATE_INCOME_YOY":63.6377516172,"GROSS_PROFIT":10278387.84,"GROSS_PROFIT_YOY":-13.253790043487,"HOLDER_PROFIT":5411157.76,"HOLDER_PROFIT_YOY":401.8744906275,"GROSS_PROFIT_RATIO":5.743988135868,"EPS_TTM":-0.013736763952,"OPERATE_INCOME_QOQ":0,"NET_PROFIT_RATIO":3.0234876423,"ROE_AVG":3.218422042898,"GROSS_PROFIT_QOQ":0,"ROA":1.6477069768,"HOLDER_PROFIT_QOQ":0,"ROE_YEARLY":6.436844085797,"ROIC_YEARLY":3.384381174311,"TOTAL_ASSETS":338021616,"TOTAL_LIABILITIES":167200205.44,"TAX_EBT":-14.31489045674,"OCF_SALES":11.697169991996,"TOTAL_PARENT_EQUITY":170836348.8,"DEBT_ASSET_RATIO":49.4643530253,"OPERATE_PROFIT":7220442.24,"PRETAX_PROFIT":4732785.92,"NETCASH_OPERATE":20931110.4,"NETCASH_INVEST":-9908446.72,"NETCASH_FINANCE":-17465438.72,"END_CASH":5426096,"DIVI_RATIO":null,"DIVIDEND_RATE":null,"CURRENT_RATIO":1.595673421516,"COMMON_ACS":2000000000,"CURRENTDEBT_DEBT":80.65609611251,"ISSUED_COMMON_SHARES":415000000,"HK_COMMON_SHARES":415000000,"PER_SHARES":10000,"TOTAL_MARKET_CAP":51460000,"HKSK_MARKET_CAP":51460000,"PE_TTM":1.63968901351,"PB_TTM":0.19143490618,"REPORT_DATE_SQ":"2019-06-30 00:00:00","REPORT_TYPE_SQ":"2019年中报","OPERATE_INCOME_SQ":112250634.45,"DPS_HKD":null,"OPERATE_INCOME_QOQ_SQ":0,"NET_PROFIT_RATIO_SQ":0.9779420628,"HOLDER_PROFIT_SQ":1106766.27,"HOLDER_PROFIT_QOQ_SQ":0,"ROE_AVG_SQ":0.600092434776,"PE_TTM_SQ":-2.267862835284,"PB_TTM_SQ":0.209747797227,"ROA_SQ":0.336582575885,"START_DATE":"2020-04-01 00:00:00","FISCAL_YEAR":"3-31","CURRENCY":"HKD","IS_CNY_CODE":0,"DPS_HKD_LY":null,"ORG_TYPE":"一般企业","PREMIUM_INCOME":null,"PREMIUM_INCOME_YOY":null,"NET_INTEREST_INCOME":null,"NET_INTEREST_INCOME_YOY":null,"FEE_COMMISSION_INCOME":null,"FEE_COMMISSION_INCOME_YOY":null,"ACCOUNTS_RECE_TDAYS":1.289605339818,"INVENTORY_TDAYS":null,"CURRENT_ASSETS_TDAYS":0.880513505684,"TOTAL_ASSETS_TDAYS":0.544880482378,"PREMIUM_EXPENSE":null,"LOAN_DEPOSIT":null,"LOAN_EQUITY":null,"LOAN_ASSETS":null,"DEPOSIT_EQUITY":null,"DEPOSIT_ASSETS":null,"EQUITY_MULTIPLIER":1.978801222236,"EQUITY_RATIO":0.978715634082}],"count":21},"success":true,"message":"ok","code":0}