{"version":"be50daa09def32bed3e9d8c646e0d53c","result":{"pages":3,"data":[{"SECUCODE":"01582.HK","SECURITY_CODE":"01582","SECURITY_NAME_ABBR":"华营建筑","ORG_CODE":"10719554","STD_REPORT_DATE":"2024-06-30 00:00:00","REPORT_DATE":"2024-06-30 00:00:00","DATE_TYPE_CODE":"002","REPORT_TYPE":"2024年中报","PER_NETCASH_OPERATE":0.40887881464,"PER_OI":5.06206644768,"BPS":1.16079388336,"BASIC_EPS":0.065439156,"DILUTED_EPS":0.065439156,"OPERATE_INCOME":2531033223.84,"OPERATE_INCOME_YOY":-2.0792190032,"GROSS_PROFIT":171640426.16,"GROSS_PROFIT_YOY":23.714128858818,"HOLDER_PROFIT":32715014.6,"HOLDER_PROFIT_YOY":-21.1452581561,"GROSS_PROFIT_RATIO":6.781437104156,"EPS_TTM":0.11190001376,"OPERATE_INCOME_QOQ":-1.622765206445,"NET_PROFIT_RATIO":1.3060780589,"ROE_AVG":5.710921729543,"GROSS_PROFIT_QOQ":11.864929515189,"ROA":0.856488633157,"HOLDER_PROFIT_QOQ":-14.11523302889,"ROE_YEARLY":11.421843459087,"ROIC_YEARLY":1.868036473223,"TOTAL_ASSETS":3868729133.56,"TOTAL_LIABILITIES":3273980298.88,"TAX_EBT":27.369708636628,"OCF_SALES":8.077310301357,"TOTAL_PARENT_EQUITY":580396941.68,"DEBT_ASSET_RATIO":84.626764652,"OPERATE_PROFIT":87983264.68,"PRETAX_PROFIT":45514438.92,"NETCASH_OPERATE":204439407.32,"NETCASH_INVEST":-1878295.44,"NETCASH_FINANCE":-26753388.84,"END_CASH":390285697.68,"DIVI_RATIO":0.268115784725,"DIVIDEND_RATE":7.252747252747,"CURRENT_RATIO":1.11833721941,"COMMON_ACS":10000000000,"CURRENTDEBT_DEBT":96.913985664649,"ISSUED_COMMON_SHARES":500000000,"HK_COMMON_SHARES":500000000,"PER_SHARES":2500,"TOTAL_MARKET_CAP":227500000,"HKSK_MARKET_CAP":227500000,"PE_TTM":3.653151344841,"PB_TTM":0.357746027053,"REPORT_DATE_SQ":"2023-06-30 00:00:00","REPORT_TYPE_SQ":"2023年中报","OPERATE_INCOME_SQ":2611114664.54,"DPS_HKD":0.033,"OPERATE_INCOME_QOQ_SQ":2.037891099149,"NET_PROFIT_RATIO_SQ":1.6226276653,"HOLDER_PROFIT_SQ":41910444.86,"HOLDER_PROFIT_QOQ_SQ":12.781147867459,"ROE_AVG_SQ":6.453673803894,"PE_TTM_SQ":4.04764658263,"PB_TTM_SQ":0.413570514617,"ROA_SQ":1.333896153762,"START_DATE":"2024-01-01 00:00:00","FISCAL_YEAR":"12-31","CURRENCY":"HKD","IS_CNY_CODE":0,"DPS_HKD_LY":0.033,"ORG_TYPE":"一般企业","PREMIUM_INCOME":null,"PREMIUM_INCOME_YOY":null,"NET_INTEREST_INCOME":null,"NET_INTEREST_INCOME_YOY":null,"FEE_COMMISSION_INCOME":null,"FEE_COMMISSION_INCOME_YOY":null,"ACCOUNTS_RECE_TDAYS":4.126034135299,"INVENTORY_TDAYS":null,"CURRENT_ASSETS_TDAYS":0.723543185334,"TOTAL_ASSETS_TDAYS":0.662631887183,"PREMIUM_EXPENSE":null,"LOAN_DEPOSIT":null,"LOAN_EQUITY":null,"LOAN_ASSETS":null,"DEPOSIT_EQUITY":null,"DEPOSIT_ASSETS":null,"EQUITY_MULTIPLIER":6.50481162464,"EQUITY_RATIO":5.640933064539},{"SECUCODE":"01582.HK","SECURITY_CODE":"01582","SECURITY_NAME_ABBR":"华营建筑","ORG_CODE":"10719554","STD_REPORT_DATE":"2023-12-31 00:00:00","REPORT_DATE":"2023-12-31 00:00:00","DATE_TYPE_CODE":"001","REPORT_TYPE":"2023年年报","PER_NETCASH_OPERATE":-0.17889870264,"PER_OI":9.8697507664,"BPS":1.12260358672,"BASIC_EPS":0.130314436,"DILUTED_EPS":0.130314436,"OPERATE_INCOME":4934875383.2,"OPERATE_INCOME_YOY":-15.0382974833,"GROSS_PROFIT":277295164.02,"GROSS_PROFIT_YOY":21.025131672789,"HOLDER_PROFIT":65145437.14,"HOLDER_PROFIT_YOY":-0.303719524,"GROSS_PROFIT_RATIO":5.619091516759,"EPS_TTM":0.13029087428,"OPERATE_INCOME_QOQ":-13.602583654683,"NET_PROFIT_RATIO":1.3263098745,"ROE_AVG":10.01418817123,"GROSS_PROFIT_QOQ":26.234631338723,"ROA":1.971745996481,"HOLDER_PROFIT_QOQ":14.385346794774,"ROE_YEARLY":10.01418817123,"ROIC_YEARLY":2.069583993091,"TOTAL_ASSETS":3743916528.1,"TOTAL_LIABILITIES":3168603667.32,"TAX_EBT":14.93033062037,"OCF_SALES":-1.812595949728,"TOTAL_PARENT_EQUITY":561301793.36,"DEBT_ASSET_RATIO":84.6333950968,"OPERATE_PROFIT":124650561,"PRETAX_PROFIT":76938984.22,"NETCASH_OPERATE":-89449351.32,"NETCASH_INVEST":25012578.22,"NETCASH_FINANCE":134841004.9,"END_CASH":213841639.62,"DIVI_RATIO":0.230270616924,"DIVIDEND_RATE":7.252747252747,"CURRENT_RATIO":1.110031996347,"COMMON_ACS":10000000000,"CURRENTDEBT_DEBT":97.331478910661,"ISSUED_COMMON_SHARES":500000000,"HK_COMMON_SHARES":500000000,"PER_SHARES":2500,"TOTAL_MARKET_CAP":227500000,"HKSK_MARKET_CAP":227500000,"PE_TTM":3.653151344841,"PB_TTM":0.357746027053,"REPORT_DATE_SQ":"2022-12-31 00:00:00","REPORT_TYPE_SQ":"2022年年报","OPERATE_INCOME_SQ":5725350642.83,"DPS_HKD":0.033,"OPERATE_INCOME_QOQ_SQ":25.843195930709,"NET_PROFIT_RATIO_SQ":0.9021175635,"HOLDER_PROFIT_SQ":64410126.62,"HOLDER_PROFIT_QOQ_SQ":20.382902333962,"ROE_AVG_SQ":10.047820101861,"PE_TTM_SQ":4.130251614928,"PB_TTM_SQ":0.422010729201,"ROA_SQ":1.959587748937,"START_DATE":"2023-01-01 00:00:00","FISCAL_YEAR":"12-31","CURRENCY":"HKD","IS_CNY_CODE":0,"DPS_HKD_LY":0.033,"ORG_TYPE":"一般企业","PREMIUM_INCOME":null,"PREMIUM_INCOME_YOY":null,"NET_INTEREST_INCOME":null,"NET_INTEREST_INCOME_YOY":null,"FEE_COMMISSION_INCOME":null,"FEE_COMMISSION_INCOME_YOY":null,"ACCOUNTS_RECE_TDAYS":6.445288735812,"INVENTORY_TDAYS":null,"CURRENT_ASSETS_TDAYS":1.589705953617,"TOTAL_ASSETS_TDAYS":1.493630437853,"PREMIUM_EXPENSE":null,"LOAN_DEPOSIT":null,"LOAN_EQUITY":null,"LOAN_ASSETS":null,"DEPOSIT_EQUITY":null,"DEPOSIT_ASSETS":null,"EQUITY_MULTIPLIER":6.507618347054,"EQUITY_RATIO":5.645098064541},{"SECUCODE":"01582.HK","SECURITY_CODE":"01582","SECURITY_NAME_ABBR":"华营建筑","ORG_CODE":"10719554","STD_REPORT_DATE":"2023-06-30 00:00:00","REPORT_DATE":"2023-06-30 00:00:00","DATE_TYPE_CODE":"002","REPORT_TYPE":"2023年中报","PER_NETCASH_OPERATE":-0.78367562416,"PER_OI":5.22222932908,"BPS":1.09236559192,"BASIC_EPS":0.083807982,"DILUTED_EPS":0.083807982,"OPERATE_INCOME":2611114664.54,"OPERATE_INCOME_YOY":-3.0066811331,"GROSS_PROFIT":138739550.4,"GROSS_PROFIT_YOY":19.502952612964,"HOLDER_PROFIT":41910444.86,"HOLDER_PROFIT_YOY":9.6406174626,"GROSS_PROFIT_RATIO":5.313422358816,"EPS_TTM":0.1139052142,"OPERATE_INCOME_QOQ":2.037891099149,"NET_PROFIT_RATIO":1.6226276653,"ROE_AVG":6.453673803894,"GROSS_PROFIT_QOQ":11.492186509954,"ROA":1.333896153762,"HOLDER_PROFIT_QOQ":12.781147867459,"ROE_YEARLY":12.907347607788,"ROIC_YEARLY":2.746834073867,"TOTAL_ASSETS":3370130089.64,"TOTAL_LIABILITIES":2809793978.7,"TAX_EBT":16.169871210186,"OCF_SALES":-15.006534082984,"TOTAL_PARENT_EQUITY":546182795.96,"DEBT_ASSET_RATIO":83.3734575213,"OPERATE_PROFIT":66221213.5,"PRETAX_PROFIT":50541099.64,"NETCASH_OPERATE":-391837812.08,"NETCASH_INVEST":27063800.92,"NETCASH_FINANCE":298347196.12,"END_CASH":80669562.08,"DIVI_RATIO":0.263395843735,"DIVIDEND_RATE":7.252747252747,"CURRENT_RATIO":1.118441119541,"COMMON_ACS":10000000000,"CURRENTDEBT_DEBT":97.831317789776,"ISSUED_COMMON_SHARES":500000000,"HK_COMMON_SHARES":500000000,"PER_SHARES":2500,"TOTAL_MARKET_CAP":227500000,"HKSK_MARKET_CAP":227500000,"PE_TTM":3.653151344841,"PB_TTM":0.357746027053,"REPORT_DATE_SQ":"2022-06-30 00:00:00","REPORT_TYPE_SQ":"2022年中报","OPERATE_INCOME_SQ":2497038494.16,"DPS_HKD":0.033,"OPERATE_INCOME_QOQ_SQ":11.592624298923,"NET_PROFIT_RATIO_SQ":1.2606887854,"HOLDER_PROFIT_SQ":35456177.4,"HOLDER_PROFIT_QOQ_SQ":7.895322838872,"ROE_AVG_SQ":6.461312385447,"PE_TTM_SQ":4.130251614928,"PB_TTM_SQ":0.422010729201,"ROA_SQ":1.325673171942,"START_DATE":"2023-01-01 00:00:00","FISCAL_YEAR":"12-31","CURRENCY":"HKD","IS_CNY_CODE":0,"DPS_HKD_LY":0.033,"ORG_TYPE":"一般企业","PREMIUM_INCOME":null,"PREMIUM_INCOME_YOY":null,"NET_INTEREST_INCOME":null,"NET_INTEREST_INCOME_YOY":null,"FEE_COMMISSION_INCOME":null,"FEE_COMMISSION_INCOME_YOY":null,"ACCOUNTS_RECE_TDAYS":3.619264932438,"INVENTORY_TDAYS":null,"CURRENT_ASSETS_TDAYS":0.8839223292,"TOTAL_ASSETS_TDAYS":0.831047205463,"PREMIUM_EXPENSE":null,"LOAN_DEPOSIT":null,"LOAN_EQUITY":null,"LOAN_ASSETS":null,"DEPOSIT_EQUITY":null,"DEPOSIT_ASSETS":null,"EQUITY_MULTIPLIER":6.014479566519,"EQUITY_RATIO":5.144420511747},{"SECUCODE":"01582.HK","SECURITY_CODE":"01582","SECURITY_NAME_ABBR":"华营建筑","ORG_CODE":"10719554","STD_REPORT_DATE":"2022-12-31 00:00:00","REPORT_DATE":"2022-12-31 00:00:00","DATE_TYPE_CODE":"001","REPORT_TYPE":"2022年年报","PER_NETCASH_OPERATE":0.10332632744,"PER_OI":11.45070128566,"BPS":1.01670562168,"BASIC_EPS":0.128809534,"DILUTED_EPS":0.128809534,"OPERATE_INCOME":5725350642.83,"OPERATE_INCOME_YOY":28.1474092465,"GROSS_PROFIT":229121968.46,"GROSS_PROFIT_YOY":57.616405938865,"HOLDER_PROFIT":64410126.62,"HOLDER_PROFIT_YOY":16.4096122562,"GROSS_PROFIT_RATIO":3.519697877107,"EPS_TTM":0.10099667928,"OPERATE_INCOME_QOQ":25.843195930709,"NET_PROFIT_RATIO":0.9021175635,"ROE_AVG":10.047820101861,"GROSS_PROFIT_QOQ":23.915266363691,"ROA":1.959587748937,"HOLDER_PROFIT_QOQ":20.382902333962,"ROE_YEARLY":10.047820101861,"ROIC_YEARLY":2.014678514586,"TOTAL_ASSETS":3193421491.33,"TOTAL_LIABILITIES":2448653162.48,"TAX_EBT":10.914065171723,"OCF_SALES":0.922926332013,"TOTAL_PARENT_EQUITY":729189700.05,"DEBT_ASSET_RATIO":81.9927824564,"OPERATE_PROFIT":91237704.53,"PRETAX_PROFIT":73137374.52,"NETCASH_OPERATE":28242517.59,"NETCASH_INVEST":-8424429.37,"NETCASH_FINANCE":23291121.98,"END_CASH":141273330.31,"DIVI_RATIO":0.297060855999,"DIVIDEND_RATE":7.252747252747,"CURRENT_RATIO":1.202125470838,"COMMON_ACS":10000000000,"CURRENTDEBT_DEBT":97.825132130756,"ISSUED_COMMON_SHARES":500000000,"HK_COMMON_SHARES":500000000,"PER_SHARES":2500,"TOTAL_MARKET_CAP":227500000,"HKSK_MARKET_CAP":227500000,"PE_TTM":3.653151344841,"PB_TTM":0.357746027053,"REPORT_DATE_SQ":"2021-12-31 00:00:00","REPORT_TYPE_SQ":"2021年年报","OPERATE_INCOME_SQ":3998179281.6,"DPS_HKD":0.033,"OPERATE_INCOME_QOQ_SQ":6.562981030488,"NET_PROFIT_RATIO_SQ":0.9753510142,"HOLDER_PROFIT_SQ":39705108.8,"HOLDER_PROFIT_QOQ_SQ":-52.92436407168,"ROE_AVG_SQ":8.521955433213,"PE_TTM_SQ":4.130251614928,"PB_TTM_SQ":0.422010729201,"ROA_SQ":1.901450239681,"START_DATE":"2022-01-01 00:00:00","FISCAL_YEAR":"12-31","CURRENCY":"HKD","IS_CNY_CODE":0,"DPS_HKD_LY":0.043,"ORG_TYPE":"一般企业","PREMIUM_INCOME":null,"PREMIUM_INCOME_YOY":null,"NET_INTEREST_INCOME":null,"NET_INTEREST_INCOME_YOY":null,"FEE_COMMISSION_INCOME":null,"FEE_COMMISSION_INCOME_YOY":null,"ACCOUNTS_RECE_TDAYS":8.110013722455,"INVENTORY_TDAYS":null,"CURRENT_ASSETS_TDAYS":2.242675396985,"TOTAL_ASSETS_TDAYS":2.172208843137,"PREMIUM_EXPENSE":null,"LOAN_DEPOSIT":null,"LOAN_EQUITY":null,"LOAN_ASSETS":null,"DEPOSIT_EQUITY":null,"DEPOSIT_ASSETS":null,"EQUITY_MULTIPLIER":5.55332881151,"EQUITY_RATIO":3.358046832412},{"SECUCODE":"01582.HK","SECURITY_CODE":"01582","SECURITY_NAME_ABBR":"华营建筑","ORG_CODE":"10719554","STD_REPORT_DATE":"2022-06-30 00:00:00","REPORT_DATE":"2022-06-30 00:00:00","DATE_TYPE_CODE":"002","REPORT_TYPE":"2022年中报","PER_NETCASH_OPERATE":0.07614782798,"PER_OI":4.99407698832,"BPS":0.96456195948,"BASIC_EPS":0.070895251,"DILUTED_EPS":0.070895251,"OPERATE_INCOME":2497038494.16,"OPERATE_INCOME_YOY":19.8608729203,"GROSS_PROFIT":116097173.64,"GROSS_PROFIT_YOY":30.429031229784,"HOLDER_PROFIT":35456177.4,"HOLDER_PROFIT_YOY":8.0112228756,"GROSS_PROFIT_RATIO":4.20778876922,"EPS_TTM":0.08389619898,"OPERATE_INCOME_QOQ":11.592624298923,"NET_PROFIT_RATIO":1.2606887854,"ROE_AVG":6.461312385447,"GROSS_PROFIT_QOQ":9.866594092646,"ROA":1.325673171942,"HOLDER_PROFIT_QOQ":7.895322838872,"ROE_YEARLY":12.922624770894,"ROIC_YEARLY":2.739109076142,"TOTAL_ASSETS":2437278672.15,"TOTAL_LIABILITIES":1954997692.41,"TAX_EBT":11.508484295028,"OCF_SALES":1.551030077532,"TOTAL_PARENT_EQUITY":482280979.74,"DEBT_ASSET_RATIO":80.2123169069,"OPERATE_PROFIT":47079919.88,"PRETAX_PROFIT":40268331.53,"NETCASH_OPERATE":6588383.76,"NETCASH_INVEST":-15283100.49,"NETCASH_FINANCE":58676296.28,"END_CASH":145749176.51,"DIVI_RATIO":0.35761048015,"DIVIDEND_RATE":7.252747252747,"CURRENT_RATIO":1.227772750618,"COMMON_ACS":10000000000,"CURRENTDEBT_DEBT":98.375180825874,"ISSUED_COMMON_SHARES":500000000,"HK_COMMON_SHARES":500000000,"PER_SHARES":2500,"TOTAL_MARKET_CAP":227500000,"HKSK_MARKET_CAP":227500000,"PE_TTM":3.653151344841,"PB_TTM":0.357746027053,"REPORT_DATE_SQ":"2021-06-30 00:00:00","REPORT_TYPE_SQ":"2021年中报","OPERATE_INCOME_SQ":1992656031.12,"DPS_HKD":0.033,"OPERATE_INCOME_QOQ_SQ":-1.054207478741,"NET_PROFIT_RATIO_SQ":1.3978684552,"HOLDER_PROFIT_SQ":27877176.24,"HOLDER_PROFIT_QOQ_SQ":9.908916309325,"ROE_AVG_SQ":6.005132239018,"PE_TTM_SQ":4.130251614928,"PB_TTM_SQ":0.422010729201,"ROA_SQ":1.344749807683,"START_DATE":"2022-01-01 00:00:00","FISCAL_YEAR":"12-31","CURRENCY":"HKD","IS_CNY_CODE":0,"DPS_HKD_LY":0.043,"ORG_TYPE":"一般企业","PREMIUM_INCOME":null,"PREMIUM_INCOME_YOY":null,"NET_INTEREST_INCOME":null,"NET_INTEREST_INCOME_YOY":null,"FEE_COMMISSION_INCOME":null,"FEE_COMMISSION_INCOME_YOY":null,"ACCOUNTS_RECE_TDAYS":4.182847663477,"INVENTORY_TDAYS":null,"CURRENT_ASSETS_TDAYS":1.088049110544,"TOTAL_ASSETS_TDAYS":1.051546731655,"PREMIUM_EXPENSE":null,"LOAN_DEPOSIT":null,"LOAN_EQUITY":null,"LOAN_ASSETS":null,"DEPOSIT_EQUITY":null,"DEPOSIT_ASSETS":null,"EQUITY_MULTIPLIER":5.053648753596,"EQUITY_RATIO":4.053648753604},{"SECUCODE":"01582.HK","SECURITY_CODE":"01582","SECURITY_NAME_ABBR":"华营建筑","ORG_CODE":"10719554","STD_REPORT_DATE":"2021-12-31 00:00:00","REPORT_DATE":"2021-12-31 00:00:00","DATE_TYPE_CODE":"001","REPORT_TYPE":"2021年年报","PER_NETCASH_OPERATE":-0.0839446272,"PER_OI":7.9963585632,"BPS":0.91146048,"BASIC_EPS":0.07938896,"DILUTED_EPS":0.07938896,"OPERATE_INCOME":3998179281.6,"OPERATE_INCOME_YOY":4.9278076587,"GROSS_PROFIT":145366827.2,"GROSS_PROFIT_YOY":-18.204899464768,"HOLDER_PROFIT":39705108.8,"HOLDER_PROFIT_YOY":-46.6552989085,"GROSS_PROFIT_RATIO":3.630614519135,"EPS_TTM":0.0777570304,"OPERATE_INCOME_QOQ":6.562981030488,"NET_PROFIT_RATIO":0.9753510142,"ROE_AVG":8.521955433213,"GROSS_PROFIT_QOQ":-12.300640014506,"ROA":1.901450239681,"HOLDER_PROFIT_QOQ":-52.92436407168,"ROE_YEARLY":8.521955433213,"ROIC_YEARLY":1.973745515418,"TOTAL_ASSETS":2164923040,"TOTAL_LIABILITIES":1710200900.8,"TAX_EBT":20.3611079224,"OCF_SALES":-1.052965588479,"TOTAL_PARENT_EQUITY":454722139.2,"DEBT_ASSET_RATIO":78.6390131178,"OPERATE_PROFIT":59441972.8,"PRETAX_PROFIT":49856430.4,"NETCASH_OPERATE":-39436118.4,"NETCASH_INVEST":-23685054.4,"NETCASH_FINANCE":18527633.6,"END_CASH":56526411.2,"DIVI_RATIO":0.385844982064,"DIVIDEND_RATE":7.252747252747,"CURRENT_RATIO":1.252931286568,"COMMON_ACS":10000000000,"CURRENTDEBT_DEBT":97.830315819466,"ISSUED_COMMON_SHARES":500000000,"HK_COMMON_SHARES":500000000,"PER_SHARES":2500,"TOTAL_MARKET_CAP":227500000,"HKSK_MARKET_CAP":227500000,"PE_TTM":3.653151344841,"PB_TTM":0.357746027053,"REPORT_DATE_SQ":"2020-12-31 00:00:00","REPORT_TYPE_SQ":"2020年年报","OPERATE_INCOME_SQ":3910601987.48,"DPS_HKD":0.033,"OPERATE_INCOME_QOQ_SQ":-10.338095040332,"NET_PROFIT_RATIO_SQ":1.9876298538,"HOLDER_PROFIT_SQ":75024631.24,"HOLDER_PROFIT_QOQ_SQ":47.639626631651,"ROE_AVG_SQ":16.187754746813,"PE_TTM_SQ":4.130251614928,"PB_TTM_SQ":0.422010729201,"ROA_SQ":3.885010140059,"START_DATE":"2021-01-01 00:00:00","FISCAL_YEAR":"12-31","CURRENCY":"HKD","IS_CNY_CODE":0,"DPS_HKD_LY":0.0525,"ORG_TYPE":"一般企业","PREMIUM_INCOME":null,"PREMIUM_INCOME_YOY":null,"NET_INTEREST_INCOME":null,"NET_INTEREST_INCOME_YOY":null,"FEE_COMMISSION_INCOME":null,"FEE_COMMISSION_INCOME_YOY":null,"ACCOUNTS_RECE_TDAYS":7.424834824963,"INVENTORY_TDAYS":null,"CURRENT_ASSETS_TDAYS":2.01042122628,"TOTAL_ASSETS_TDAYS":1.949503524433,"PREMIUM_EXPENSE":null,"LOAN_DEPOSIT":null,"LOAN_EQUITY":null,"LOAN_ASSETS":null,"DEPOSIT_EQUITY":null,"DEPOSIT_ASSETS":null,"EQUITY_MULTIPLIER":4.681431646931,"EQUITY_RATIO":3.76098006534},{"SECUCODE":"01582.HK","SECURITY_CODE":"01582","SECURITY_NAME_ABBR":"华营建筑","ORG_CODE":"10719554","STD_REPORT_DATE":"2021-06-30 00:00:00","REPORT_DATE":"2021-06-30 00:00:00","DATE_TYPE_CODE":"002","REPORT_TYPE":"2021年中报","PER_NETCASH_OPERATE":-0.24762534384,"PER_OI":3.98531206224,"BPS":0.925813812,"BASIC_EPS":0.05574936,"DILUTED_EPS":0.05574936,"OPERATE_INCOME":1992656031.12,"OPERATE_INCOME_YOY":7.6253552624,"GROSS_PROFIT":89011758,"GROSS_PROFIT_YOY":-6.7843115441,"HOLDER_PROFIT":27877176.24,"HOLDER_PROFIT_YOY":49.8276865237,"GROSS_PROFIT_RATIO":4.46699062005,"EPS_TTM":0.16517467872,"OPERATE_INCOME_QOQ":-1.054207478741,"NET_PROFIT_RATIO":1.3978684552,"ROE_AVG":6.005132239018,"GROSS_PROFIT_QOQ":-3.777532361824,"ROA":1.344749807683,"HOLDER_PROFIT_QOQ":9.908916309325,"ROE_YEARLY":12.010264478036,"ROIC_YEARLY":2.799172188891,"TOTAL_ASSETS":2152211531.52,"TOTAL_LIABILITIES":1689304625.52,"TAX_EBT":19.701363756202,"OCF_SALES":-6.213449285094,"TOTAL_PARENT_EQUITY":462906906,"DEBT_ASSET_RATIO":78.4915702188,"OPERATE_PROFIT":40449905.04,"PRETAX_PROFIT":34716873.84,"NETCASH_OPERATE":-123100411.44,"NETCASH_INVEST":-22974560.88,"NETCASH_FINANCE":109089016.32,"END_CASH":65924866.32,"DIVI_RATIO":0.181638979004,"DIVIDEND_RATE":7.252747252747,"CURRENT_RATIO":1.253806160078,"COMMON_ACS":10000000000,"CURRENTDEBT_DEBT":99.3226839075,"ISSUED_COMMON_SHARES":500000000,"HK_COMMON_SHARES":500000000,"PER_SHARES":2500,"TOTAL_MARKET_CAP":227500000,"HKSK_MARKET_CAP":227500000,"PE_TTM":3.653151344841,"PB_TTM":0.357746027053,"REPORT_DATE_SQ":"2020-06-30 00:00:00","REPORT_TYPE_SQ":"2020年中报","OPERATE_INCOME_SQ":2032509959.04,"DPS_HKD":0.033,"OPERATE_INCOME_QOQ_SQ":-2.626164810605,"NET_PROFIT_RATIO_SQ":1.3021598733,"HOLDER_PROFIT_SQ":20408989.92,"HOLDER_PROFIT_QOQ_SQ":-2.907256098755,"ROE_AVG_SQ":5.38535567829,"PE_TTM_SQ":4.130251614928,"PB_TTM_SQ":0.422010729201,"ROA_SQ":1.241626920819,"START_DATE":"2021-01-01 00:00:00","FISCAL_YEAR":"12-31","CURRENCY":"HKD","IS_CNY_CODE":0,"DPS_HKD_LY":0.0525,"ORG_TYPE":"一般企业","PREMIUM_INCOME":null,"PREMIUM_INCOME_YOY":null,"NET_INTEREST_INCOME":null,"NET_INTEREST_INCOME_YOY":null,"FEE_COMMISSION_INCOME":null,"FEE_COMMISSION_INCOME_YOY":null,"ACCOUNTS_RECE_TDAYS":4.512828775352,"INVENTORY_TDAYS":null,"CURRENT_ASSETS_TDAYS":0.984854725241,"TOTAL_ASSETS_TDAYS":0.962000253075,"PREMIUM_EXPENSE":null,"LOAN_DEPOSIT":null,"LOAN_EQUITY":null,"LOAN_ASSETS":null,"DEPOSIT_EQUITY":null,"DEPOSIT_ASSETS":null,"EQUITY_MULTIPLIER":4.649339864289,"EQUITY_RATIO":3.649339864288},{"SECUCODE":"01582.HK","SECURITY_CODE":"01582","SECURITY_NAME_ABBR":"华营建筑","ORG_CODE":"10719554","STD_REPORT_DATE":"2020-12-31 00:00:00","REPORT_DATE":"2020-12-31 00:00:00","DATE_TYPE_CODE":"001","REPORT_TYPE":"2020年年报","PER_NETCASH_OPERATE":-0.1245458872,"PER_OI":7.82120397496,"BPS":0.97195617104,"BASIC_EPS":0.150064412,"DILUTED_EPS":0.150064412,"OPERATE_INCOME":3910601987.48,"OPERATE_INCOME_YOY":-7.0765701812,"GROSS_PROFIT":177720702.4,"GROSS_PROFIT_YOY":-6.406461076999,"HOLDER_PROFIT":75024631.24,"HOLDER_PROFIT_YOY":52.5684404799,"GROSS_PROFIT_RATIO":4.536395577524,"EPS_TTM":0.1502832384,"OPERATE_INCOME_QOQ":-10.338095040332,"NET_PROFIT_RATIO":1.9876298538,"ROE_AVG":16.187754746813,"GROSS_PROFIT_QOQ":-14.162531519423,"ROA":3.885010140059,"HOLDER_PROFIT_QOQ":47.639626631651,"ROE_YEARLY":16.187754746813,"ROIC_YEARLY":4.127008120194,"TOTAL_ASSETS":2175740396.8,"TOTAL_LIABILITIES":1705610392.48,"TAX_EBT":11.597163683245,"OCF_SALES":-1.647230431041,"TOTAL_PARENT_EQUITY":470130004.32,"DEBT_ASSET_RATIO":75.8627320328,"OPERATE_PROFIT":97046983.48,"PRETAX_PROFIT":84866769.4,"NETCASH_OPERATE":-100457308.76,"NETCASH_INVEST":-5589331.24,"NETCASH_FINANCE":54724274.44,"END_CASH":102554675.64,"DIVI_RATIO":0.199637433419,"DIVIDEND_RATE":7.252747252747,"CURRENT_RATIO":1.300682936068,"COMMON_ACS":10000000000,"CURRENTDEBT_DEBT":99.031942254058,"ISSUED_COMMON_SHARES":500000000,"HK_COMMON_SHARES":500000000,"PER_SHARES":2500,"TOTAL_MARKET_CAP":227500000,"HKSK_MARKET_CAP":227500000,"PE_TTM":3.653151344841,"PB_TTM":0.357746027053,"REPORT_DATE_SQ":"2019-12-31 00:00:00","REPORT_TYPE_SQ":"2019年年报","OPERATE_INCOME_SQ":4330068840.34,"DPS_HKD":0.033,"OPERATE_INCOME_QOQ_SQ":0.919811050474,"NET_PROFIT_RATIO_SQ":1.2105870824,"HOLDER_PROFIT_SQ":52419254.04,"HOLDER_PROFIT_QOQ_SQ":-0.083904410551,"ROE_AVG_SQ":13.471211552672,"PE_TTM_SQ":4.130251614928,"PB_TTM_SQ":0.422010729201,"ROA_SQ":2.776512520355,"START_DATE":"2020-01-01 00:00:00","FISCAL_YEAR":"12-31","CURRENCY":"HKD","IS_CNY_CODE":0,"DPS_HKD_LY":0.075,"ORG_TYPE":"一般企业","PREMIUM_INCOME":null,"PREMIUM_INCOME_YOY":null,"NET_INTEREST_INCOME":null,"NET_INTEREST_INCOME_YOY":null,"FEE_COMMISSION_INCOME":null,"FEE_COMMISSION_INCOME_YOY":null,"ACCOUNTS_RECE_TDAYS":9.347609687991,"INVENTORY_TDAYS":null,"CURRENT_ASSETS_TDAYS":1.990958252783,"TOTAL_ASSETS_TDAYS":1.954594379137,"PREMIUM_EXPENSE":null,"LOAN_DEPOSIT":null,"LOAN_EQUITY":null,"LOAN_ASSETS":null,"DEPOSIT_EQUITY":null,"DEPOSIT_ASSETS":null,"EQUITY_MULTIPLIER":4.14297094998,"EQUITY_RATIO":3.627954771674},{"SECUCODE":"01582.HK","SECURITY_CODE":"01582","SECURITY_NAME_ABBR":"华营建筑","ORG_CODE":"10719554","STD_REPORT_DATE":"2020-06-30 00:00:00","REPORT_DATE":"2020-06-30 00:00:00","DATE_TYPE_CODE":"002","REPORT_TYPE":"2020年中报","PER_NETCASH_OPERATE":-0.4186569552,"PER_OI":4.06501991808,"BPS":0.96648711456,"BASIC_EPS":0.040830768,"DILUTED_EPS":0.040830768,"OPERATE_INCOME":2032509959.04,"OPERATE_INCOME_YOY":-8.898358185,"GROSS_PROFIT":95490104.16,"GROSS_PROFIT_YOY":9.876334158556,"HOLDER_PROFIT":20408989.92,"HOLDER_PROFIT_YOY":-9.0417013644,"GROSS_PROFIT_RATIO":4.859795086007,"EPS_TTM":0.10179058416,"OPERATE_INCOME_QOQ":-2.626164810605,"NET_PROFIT_RATIO":1.3021598733,"ROE_AVG":5.38535567829,"GROSS_PROFIT_QOQ":5.217239539602,"ROA":1.241626920819,"HOLDER_PROFIT_QOQ":-2.907256098755,"ROE_YEARLY":10.770711356579,"ROIC_YEARLY":2.640571201697,"TOTAL_ASSETS":2165383508.64,"TOTAL_LIABILITIES":1682139951.36,"TAX_EBT":20.416740872663,"OCF_SALES":-10.50774560219,"TOTAL_PARENT_EQUITY":483243557.28,"DEBT_ASSET_RATIO":77.6832346163,"OPERATE_PROFIT":31796846.4,"PRETAX_PROFIT":25644828,"NETCASH_OPERATE":-234037943.04,"NETCASH_INVEST":-779164.32,"NETCASH_FINANCE":181802876.64,"END_CASH":113791788,"DIVI_RATIO":0.294743961316,"DIVIDEND_RATE":7.252747252747,"CURRENT_RATIO":1.270769513422,"COMMON_ACS":10000000000,"CURRENTDEBT_DEBT":98.718303771183,"ISSUED_COMMON_SHARES":500000000,"HK_COMMON_SHARES":500000000,"PER_SHARES":2500,"TOTAL_MARKET_CAP":227500000,"HKSK_MARKET_CAP":227500000,"PE_TTM":3.653151344841,"PB_TTM":0.357746027053,"REPORT_DATE_SQ":"2019-06-30 00:00:00","REPORT_TYPE_SQ":"2019年中报","OPERATE_INCOME_SQ":2105849741.76,"DPS_HKD":0.033,"OPERATE_INCOME_QOQ_SQ":0,"NET_PROFIT_RATIO_SQ":1.3042119756,"HOLDER_PROFIT_SQ":27464744.52,"HOLDER_PROFIT_QOQ_SQ":0,"ROE_AVG_SQ":null,"PE_TTM_SQ":4.130251614928,"PB_TTM_SQ":0.422010729201,"ROA_SQ":null,"START_DATE":"2020-01-01 00:00:00","FISCAL_YEAR":"12-31","CURRENCY":"HKD","IS_CNY_CODE":0,"DPS_HKD_LY":0.075,"ORG_TYPE":"一般企业","PREMIUM_INCOME":null,"PREMIUM_INCOME_YOY":null,"NET_INTEREST_INCOME":null,"NET_INTEREST_INCOME_YOY":null,"FEE_COMMISSION_INCOME":null,"FEE_COMMISSION_INCOME_YOY":null,"ACCOUNTS_RECE_TDAYS":5.667359873873,"INVENTORY_TDAYS":null,"CURRENT_ASSETS_TDAYS":0.972018936612,"TOTAL_ASSETS_TDAYS":0.953513425127,"PREMIUM_EXPENSE":null,"LOAN_DEPOSIT":null,"LOAN_EQUITY":null,"LOAN_ASSETS":null,"DEPOSIT_EQUITY":null,"DEPOSIT_ASSETS":null,"EQUITY_MULTIPLIER":4.480936115995,"EQUITY_RATIO":3.480936115999}],"count":20},"success":true,"message":"ok","code":0}