{"version":"83f57c6ec36f5c2661d3bf964b89dbea","result":{"pages":2,"data":[{"SECUCODE":"01587.HK","SECURITY_CODE":"01587","SECURITY_NAME_ABBR":"欣融国际","ORG_CODE":"10750097","STD_REPORT_DATE":"2024-06-30 00:00:00","REPORT_DATE":"2024-06-30 00:00:00","DATE_TYPE_CODE":"002","REPORT_TYPE":"2024年中报","PER_NETCASH_OPERATE":0.083005882353,"PER_OI":0.439119117647,"BPS":0.694235294118,"BASIC_EPS":0.03,"DILUTED_EPS":0.03,"OPERATE_INCOME":298601000,"OPERATE_INCOME_YOY":-8.0443947611,"GROSS_PROFIT":57169000,"GROSS_PROFIT_YOY":11.690925075706,"HOLDER_PROFIT":18939000,"HOLDER_PROFIT_YOY":79.1769157994,"GROSS_PROFIT_RATIO":19.145615721314,"EPS_TTM":0.042097058824,"OPERATE_INCOME_QOQ":-3.821290801078,"NET_PROFIT_RATIO":6.3425775533,"ROE_AVG":4.051608320997,"GROSS_PROFIT_QOQ":5.227935908861,"ROA":3.03702349568,"HOLDER_PROFIT_QOQ":41.314113639729,"ROE_YEARLY":8.103216641993,"ROIC_YEARLY":8.295936134564,"TOTAL_ASSETS":653554000,"TOTAL_LIABILITIES":181474000,"TAX_EBT":27.34491886293,"OCF_SALES":18.902816802355,"TOTAL_PARENT_EQUITY":472080000,"DEBT_ASSET_RATIO":27.7672541213,"OPERATE_PROFIT":24106000,"PRETAX_PROFIT":26067000,"NETCASH_OPERATE":56444000,"NETCASH_INVEST":-58471000,"NETCASH_FINANCE":21608000,"END_CASH":176536000,"DIVI_RATIO":0.322903793754,"DIVIDEND_RATE":3.260869565217,"CURRENT_RATIO":2.748344698909,"COMMON_ACS":2000000000,"CURRENTDEBT_DEBT":66.745649514531,"ISSUED_COMMON_SHARES":680000000,"HK_COMMON_SHARES":680000000,"PER_SHARES":4000,"TOTAL_MARKET_CAP":312800000,"HKSK_MARKET_CAP":312800000,"PE_TTM":9.886279368748,"PB_TTM":0.60474136587,"REPORT_DATE_SQ":"2023-06-30 00:00:00","REPORT_TYPE_SQ":"2023年中报","OPERATE_INCOME_SQ":324723000,"DPS_HKD":0.015,"OPERATE_INCOME_QOQ_SQ":-9.361424012918,"NET_PROFIT_RATIO_SQ":3.2550820238,"HOLDER_PROFIT_SQ":10570000,"HOLDER_PROFIT_QOQ_SQ":-27.716000167849,"ROE_AVG_SQ":2.333490444721,"PE_TTM_SQ":10.287849454747,"PB_TTM_SQ":0.772448019432,"ROA_SQ":1.89733224675,"START_DATE":"2024-01-01 00:00:00","FISCAL_YEAR":"12-31","CURRENCY":"HKD","IS_CNY_CODE":0,"DPS_HKD_LY":0.015,"ORG_TYPE":"一般企业","PREMIUM_INCOME":null,"PREMIUM_INCOME_YOY":null,"NET_INTEREST_INCOME":null,"NET_INTEREST_INCOME_YOY":null,"FEE_COMMISSION_INCOME":null,"FEE_COMMISSION_INCOME_YOY":null,"ACCOUNTS_RECE_TDAYS":4.001675176564,"INVENTORY_TDAYS":4.459689858044,"CURRENT_ASSETS_TDAYS":0.896834359513,"TOTAL_ASSETS_TDAYS":0.478831117183,"PREMIUM_EXPENSE":null,"LOAN_DEPOSIT":null,"LOAN_EQUITY":null,"LOAN_ASSETS":null,"DEPOSIT_EQUITY":null,"DEPOSIT_ASSETS":null,"EQUITY_MULTIPLIER":1.384413658702,"EQUITY_RATIO":0.384413658702},{"SECUCODE":"01587.HK","SECURITY_CODE":"01587","SECURITY_NAME_ABBR":"欣融国际","ORG_CODE":"10750097","STD_REPORT_DATE":"2023-12-31 00:00:00","REPORT_DATE":"2023-12-31 00:00:00","DATE_TYPE_CODE":"001","REPORT_TYPE":"2023年年报","PER_NETCASH_OPERATE":0.074920588235,"PER_OI":1.005280882353,"BPS":0.6806,"BASIC_EPS":0.03,"DILUTED_EPS":0.03,"OPERATE_INCOME":683591000,"OPERATE_INCOME_YOY":-6.1398474272,"GROSS_PROFIT":114462000,"GROSS_PROFIT_YOY":-5.535244163111,"HOLDER_PROFIT":20257000,"HOLDER_PROFIT_YOY":-57.4986362301,"GROSS_PROFIT_RATIO":16.744222788188,"EPS_TTM":0.029789705882,"OPERATE_INCOME_QOQ":3.554310679141,"NET_PROFIT_RATIO":2.9633216353,"ROE_AVG":4.431483946617,"GROSS_PROFIT_QOQ":2.69610701885,"ROA":3.533711295246,"HOLDER_PROFIT_QOQ":-41.202252409149,"ROE_YEARLY":4.431483946617,"ROIC_YEARLY":5.021572907254,"TOTAL_ASSETS":593654000,"TOTAL_LIABILITIES":130846000,"TAX_EBT":36.454608193739,"OCF_SALES":7.452701981155,"TOTAL_PARENT_EQUITY":462808000,"DEBT_ASSET_RATIO":22.0407846995,"OPERATE_PROFIT":30353000,"PRETAX_PROFIT":31878000,"NETCASH_OPERATE":50946000,"NETCASH_INVEST":-87831000,"NETCASH_FINANCE":12204000,"END_CASH":157502000,"DIVI_RATIO":0.456308634052,"DIVIDEND_RATE":4.166666666667,"CURRENT_RATIO":3.241356486529,"COMMON_ACS":2000000000,"CURRENTDEBT_DEBT":78.516729590511,"ISSUED_COMMON_SHARES":680000000,"HK_COMMON_SHARES":680000000,"PER_SHARES":4000,"TOTAL_MARKET_CAP":244800000,"HKSK_MARKET_CAP":244800000,"PE_TTM":7.737088201629,"PB_TTM":0.473275851551,"REPORT_DATE_SQ":"2022-12-31 00:00:00","REPORT_TYPE_SQ":"2022年年报","OPERATE_INCOME_SQ":728308000,"DPS_HKD":0.015,"OPERATE_INCOME_QOQ_SQ":-17.896236773695,"NET_PROFIT_RATIO_SQ":6.544209318,"HOLDER_PROFIT_SQ":47662000,"HOLDER_PROFIT_QOQ_SQ":-28.611227607693,"ROE_AVG_SQ":11.017186181709,"PE_TTM_SQ":8.9100124742,"PB_TTM_SQ":0.668995159686,"ROA_SQ":8.769562101479,"START_DATE":"2023-01-01 00:00:00","FISCAL_YEAR":"12-31","CURRENCY":"HKD","IS_CNY_CODE":0,"DPS_HKD_LY":0.015,"ORG_TYPE":"一般企业","PREMIUM_INCOME":null,"PREMIUM_INCOME_YOY":null,"NET_INTEREST_INCOME":null,"NET_INTEREST_INCOME_YOY":null,"FEE_COMMISSION_INCOME":null,"FEE_COMMISSION_INCOME_YOY":null,"ACCOUNTS_RECE_TDAYS":8.156339859923,"INVENTORY_TDAYS":7.589094982198,"CURRENT_ASSETS_TDAYS":1.840635883987,"TOTAL_ASSETS_TDAYS":1.192483209769,"PREMIUM_EXPENSE":null,"LOAN_DEPOSIT":null,"LOAN_EQUITY":null,"LOAN_ASSETS":null,"DEPOSIT_EQUITY":null,"DEPOSIT_ASSETS":null,"EQUITY_MULTIPLIER":1.282721992705,"EQUITY_RATIO":0.282721992705},{"SECUCODE":"01587.HK","SECURITY_CODE":"01587","SECURITY_NAME_ABBR":"欣融国际","ORG_CODE":"10750097","STD_REPORT_DATE":"2023-06-30 00:00:00","REPORT_DATE":"2023-06-30 00:00:00","DATE_TYPE_CODE":"002","REPORT_TYPE":"2023年中报","PER_NETCASH_OPERATE":-0.002289705882,"PER_OI":0.477533823529,"BPS":0.668405882353,"BASIC_EPS":0.02,"DILUTED_EPS":0.02,"OPERATE_INCOME":324723000,"OPERATE_INCOME_YOY":-17.3528835361,"GROSS_PROFIT":51185000,"GROSS_PROFIT_YOY":-15.948240471616,"HOLDER_PROFIT":10570000,"HOLDER_PROFIT_YOY":-55.550883095,"GROSS_PROFIT_RATIO":15.762665410211,"EPS_TTM":0.050664705882,"OPERATE_INCOME_QOQ":-9.361424012918,"NET_PROFIT_RATIO":3.2550820238,"ROE_AVG":2.333490444721,"GROSS_PROFIT_QOQ":-8.015251425695,"ROA":1.89733224675,"HOLDER_PROFIT_QOQ":-27.716000167849,"ROE_YEARLY":4.666980889442,"ROIC_YEARLY":5.547770132317,"TOTAL_ASSETS":561350000,"TOTAL_LIABILITIES":106834000,"TAX_EBT":31.616743223135,"OCF_SALES":-0.479485592336,"TOTAL_PARENT_EQUITY":454516000,"DEBT_ASSET_RATIO":19.0316202013,"OPERATE_PROFIT":14367000,"PRETAX_PROFIT":15457000,"NETCASH_OPERATE":-1557000,"NETCASH_INVEST":-21500000,"NETCASH_FINANCE":9480000,"END_CASH":169889000,"DIVI_RATIO":0.268299198885,"DIVIDEND_RATE":4.166666666667,"CURRENT_RATIO":3.789585708856,"COMMON_ACS":2000000000,"CURRENTDEBT_DEBT":98.50796562892,"ISSUED_COMMON_SHARES":680000000,"HK_COMMON_SHARES":680000000,"PER_SHARES":4000,"TOTAL_MARKET_CAP":244800000,"HKSK_MARKET_CAP":244800000,"PE_TTM":7.737088201629,"PB_TTM":0.473275851551,"REPORT_DATE_SQ":"2022-06-30 00:00:00","REPORT_TYPE_SQ":"2022年中报","OPERATE_INCOME_SQ":392903000,"DPS_HKD":0.015,"OPERATE_INCOME_QOQ_SQ":2.71440084482,"NET_PROFIT_RATIO_SQ":6.0523844308,"HOLDER_PROFIT_SQ":23780000,"HOLDER_PROFIT_QOQ_SQ":-22.422467784478,"ROE_AVG_SQ":5.653989177057,"PE_TTM_SQ":8.9100124742,"PB_TTM_SQ":0.668995159686,"ROA_SQ":4.517691759677,"START_DATE":"2023-01-01 00:00:00","FISCAL_YEAR":"12-31","CURRENCY":"HKD","IS_CNY_CODE":0,"DPS_HKD_LY":0.015,"ORG_TYPE":"一般企业","PREMIUM_INCOME":null,"PREMIUM_INCOME_YOY":null,"NET_INTEREST_INCOME":null,"NET_INTEREST_INCOME_YOY":null,"FEE_COMMISSION_INCOME":null,"FEE_COMMISSION_INCOME_YOY":null,"ACCOUNTS_RECE_TDAYS":3.530691572933,"INVENTORY_TDAYS":3.251160330657,"CURRENT_ASSETS_TDAYS":0.803184312426,"TOTAL_ASSETS_TDAYS":0.582883083407,"PREMIUM_EXPENSE":null,"LOAN_DEPOSIT":null,"LOAN_EQUITY":null,"LOAN_ASSETS":null,"DEPOSIT_EQUITY":null,"DEPOSIT_ASSETS":null,"EQUITY_MULTIPLIER":1.235050031242,"EQUITY_RATIO":0.235050031242},{"SECUCODE":"01587.HK","SECURITY_CODE":"01587","SECURITY_NAME_ABBR":"欣融国际","ORG_CODE":"10750097","STD_REPORT_DATE":"2022-12-31 00:00:00","REPORT_DATE":"2022-12-31 00:00:00","DATE_TYPE_CODE":"001","REPORT_TYPE":"2022年年报","PER_NETCASH_OPERATE":0.138764705882,"PER_OI":1.071041176471,"BPS":0.663857352941,"BASIC_EPS":0.07,"DILUTED_EPS":0.07,"OPERATE_INCOME":728308000,"OPERATE_INCOME_YOY":-15.6676115311,"GROSS_PROFIT":121169000,"GROSS_PROFIT_YOY":-19.564394819472,"HOLDER_PROFIT":47662000,"HOLDER_PROFIT_YOY":-44.6183520991,"GROSS_PROFIT_RATIO":16.637054652702,"EPS_TTM":0.070091176471,"OPERATE_INCOME_QOQ":-17.896236773695,"NET_PROFIT_RATIO":6.544209318,"ROE_AVG":11.017186181709,"GROSS_PROFIT_QOQ":-14.703356422819,"ROA":8.769562101479,"HOLDER_PROFIT_QOQ":-28.611227607693,"ROE_YEARLY":11.017186181709,"ROIC_YEARLY":12.380817551657,"TOTAL_ASSETS":552846000,"TOTAL_LIABILITIES":101423000,"TAX_EBT":27.199132413814,"OCF_SALES":12.956057052785,"TOTAL_PARENT_EQUITY":451423000,"DEBT_ASSET_RATIO":18.3456152346,"OPERATE_PROFIT":60464000,"PRETAX_PROFIT":65469000,"NETCASH_OPERATE":94360000,"NETCASH_INVEST":-33434000,"NETCASH_FINANCE":-16670000,"END_CASH":182199000,"DIVI_RATIO":0.193937392472,"DIVIDEND_RATE":4.166666666667,"CURRENT_RATIO":4.205042689434,"COMMON_ACS":2000000000,"CURRENTDEBT_DEBT":96.08077063388,"ISSUED_COMMON_SHARES":680000000,"HK_COMMON_SHARES":680000000,"PER_SHARES":4000,"TOTAL_MARKET_CAP":244800000,"HKSK_MARKET_CAP":244800000,"PE_TTM":7.737088201629,"PB_TTM":0.473275851551,"REPORT_DATE_SQ":"2021-12-31 00:00:00","REPORT_TYPE_SQ":"2021年年报","OPERATE_INCOME_SQ":863616000,"DPS_HKD":0.015,"OPERATE_INCOME_QOQ_SQ":15.601185974447,"NET_PROFIT_RATIO_SQ":9.9651928635,"HOLDER_PROFIT_SQ":86061000,"HOLDER_PROFIT_QOQ_SQ":23.503580500265,"ROE_AVG_SQ":22.91635600622,"PE_TTM_SQ":8.9100124742,"PB_TTM_SQ":0.668995159686,"ROA_SQ":18.009781168843,"START_DATE":"2022-01-01 00:00:00","FISCAL_YEAR":"12-31","CURRENCY":"HKD","IS_CNY_CODE":0,"DPS_HKD_LY":0.0225,"ORG_TYPE":"一般企业","PREMIUM_INCOME":null,"PREMIUM_INCOME_YOY":null,"NET_INTEREST_INCOME":null,"NET_INTEREST_INCOME_YOY":null,"FEE_COMMISSION_INCOME":null,"FEE_COMMISSION_INCOME_YOY":null,"ACCOUNTS_RECE_TDAYS":6.065846568999,"INVENTORY_TDAYS":7.939259607966,"CURRENT_ASSETS_TDAYS":1.735624596364,"TOTAL_ASSETS_TDAYS":1.340049145022,"PREMIUM_EXPENSE":null,"LOAN_DEPOSIT":null,"LOAN_EQUITY":null,"LOAN_ASSETS":null,"DEPOSIT_EQUITY":null,"DEPOSIT_ASSETS":null,"EQUITY_MULTIPLIER":1.224673975406,"EQUITY_RATIO":0.224673975407},{"SECUCODE":"01587.HK","SECURITY_CODE":"01587","SECURITY_NAME_ABBR":"欣融国际","ORG_CODE":"10750097","STD_REPORT_DATE":"2022-06-30 00:00:00","REPORT_DATE":"2022-06-30 00:00:00","DATE_TYPE_CODE":"002","REPORT_TYPE":"2022年中报","PER_NETCASH_OPERATE":0.058197058824,"PER_OI":0.577798529412,"BPS":0.628483823529,"BASIC_EPS":0.03,"DILUTED_EPS":0.03,"OPERATE_INCOME":392903000,"OPERATE_INCOME_YOY":6.3449186788,"GROSS_PROFIT":60897000,"GROSS_PROFIT_YOY":-12.355718027691,"HOLDER_PROFIT":23780000,"HOLDER_PROFIT_YOY":-44.7965271491,"GROSS_PROFIT_RATIO":15.499245360814,"EPS_TTM":0.098182352941,"OPERATE_INCOME_QOQ":2.71440084482,"NET_PROFIT_RATIO":6.0523844308,"ROE_AVG":5.653989177057,"GROSS_PROFIT_QOQ":-5.698979693443,"ROA":4.517691759677,"HOLDER_PROFIT_QOQ":-22.422467784478,"ROE_YEARLY":11.307978354114,"ROIC_YEARLY":12.177090120964,"TOTAL_ASSETS":518609000,"TOTAL_LIABILITIES":91240000,"TAX_EBT":23.979412422877,"OCF_SALES":10.072206117031,"TOTAL_PARENT_EQUITY":427369000,"DEBT_ASSET_RATIO":17.5932156981,"OPERATE_PROFIT":29168000,"PRETAX_PROFIT":31281000,"NETCASH_OPERATE":40737000,"NETCASH_INVEST":-6605000,"NETCASH_FINANCE":-35148000,"END_CASH":136756000,"DIVI_RATIO":0.138449523695,"DIVIDEND_RATE":4.166666666667,"CURRENT_RATIO":4.58197540965,"COMMON_ACS":2000000000,"CURRENTDEBT_DEBT":96.451117930732,"ISSUED_COMMON_SHARES":680000000,"HK_COMMON_SHARES":680000000,"PER_SHARES":4000,"TOTAL_MARKET_CAP":244800000,"HKSK_MARKET_CAP":244800000,"PE_TTM":7.737088201629,"PB_TTM":0.473275851551,"REPORT_DATE_SQ":"2021-06-30 00:00:00","REPORT_TYPE_SQ":"2021年中报","OPERATE_INCOME_SQ":369461000,"DPS_HKD":0.015,"OPERATE_INCOME_QOQ_SQ":14.000378442222,"NET_PROFIT_RATIO_SQ":11.6594173675,"HOLDER_PROFIT_SQ":43077000,"HOLDER_PROFIT_QOQ_SQ":99.676199209124,"ROE_AVG_SQ":12.151720908452,"PE_TTM_SQ":8.9100124742,"PB_TTM_SQ":0.668995159686,"ROA_SQ":9.521683342193,"START_DATE":"2022-01-01 00:00:00","FISCAL_YEAR":"12-31","CURRENCY":"HKD","IS_CNY_CODE":0,"DPS_HKD_LY":0.0225,"ORG_TYPE":"一般企业","PREMIUM_INCOME":null,"PREMIUM_INCOME_YOY":null,"NET_INTEREST_INCOME":null,"NET_INTEREST_INCOME_YOY":null,"FEE_COMMISSION_INCOME":null,"FEE_COMMISSION_INCOME_YOY":null,"ACCOUNTS_RECE_TDAYS":2.63803058991,"INVENTORY_TDAYS":4.743518855861,"CURRENT_ASSETS_TDAYS":0.943688933296,"TOTAL_ASSETS_TDAYS":0.746431726431,"PREMIUM_EXPENSE":null,"LOAN_DEPOSIT":null,"LOAN_EQUITY":null,"LOAN_ASSETS":null,"DEPOSIT_EQUITY":null,"DEPOSIT_ASSETS":null,"EQUITY_MULTIPLIER":1.213492321623,"EQUITY_RATIO":0.213492321624},{"SECUCODE":"01587.HK","SECURITY_CODE":"01587","SECURITY_NAME_ABBR":"欣融国际","ORG_CODE":"10750097","STD_REPORT_DATE":"2021-12-31 00:00:00","REPORT_DATE":"2021-12-31 00:00:00","DATE_TYPE_CODE":"001","REPORT_TYPE":"2021年年报","PER_NETCASH_OPERATE":-0.025341176471,"PER_OI":1.270023529412,"BPS":0.608539705882,"BASIC_EPS":0.13,"DILUTED_EPS":0.13,"OPERATE_INCOME":863616000,"OPERATE_INCOME_YOY":31.7857894946,"GROSS_PROFIT":150641000,"GROSS_PROFIT_YOY":40.099884676909,"HOLDER_PROFIT":86061000,"HOLDER_PROFIT_YOY":146.6072554301,"GROSS_PROFIT_RATIO":17.443053394101,"EPS_TTM":0.126560294118,"OPERATE_INCOME_QOQ":15.601185974447,"NET_PROFIT_RATIO":9.9651928635,"ROE_AVG":22.91635600622,"GROSS_PROFIT_QOQ":9.626454556701,"ROA":18.009781168843,"HOLDER_PROFIT_QOQ":23.503580500265,"ROE_YEARLY":22.91635600622,"ROIC_YEARLY":28.807173927233,"TOTAL_ASSETS":534141000,"TOTAL_LIABILITIES":120334000,"TAX_EBT":20.491311055885,"OCF_SALES":-1.995331258337,"TOTAL_PARENT_EQUITY":413807000,"DEBT_ASSET_RATIO":22.5285083901,"OPERATE_PROFIT":103058000,"PRETAX_PROFIT":108241000,"NETCASH_OPERATE":-15282000,"NETCASH_INVEST":-79528000,"NETCASH_FINANCE":7288000,"END_CASH":134855000,"DIVI_RATIO":0.107405723847,"DIVIDEND_RATE":4.166666666667,"CURRENT_RATIO":3.709484612661,"COMMON_ACS":2000000000,"CURRENTDEBT_DEBT":96.213040370968,"ISSUED_COMMON_SHARES":680000000,"HK_COMMON_SHARES":680000000,"PER_SHARES":4000,"TOTAL_MARKET_CAP":244800000,"HKSK_MARKET_CAP":244800000,"PE_TTM":7.737088201629,"PB_TTM":0.473275851551,"REPORT_DATE_SQ":"2020-12-31 00:00:00","REPORT_TYPE_SQ":"2020年年报","OPERATE_INCOME_SQ":655318000,"DPS_HKD":0.015,"OPERATE_INCOME_QOQ_SQ":7.683383725516,"NET_PROFIT_RATIO_SQ":5.3253534925,"HOLDER_PROFIT_SQ":34898000,"HOLDER_PROFIT_QOQ_SQ":41.436329739807,"ROE_AVG_SQ":10.882380914515,"PE_TTM_SQ":8.9100124742,"PB_TTM_SQ":0.668995159686,"ROA_SQ":8.70229826156,"START_DATE":"2021-01-01 00:00:00","FISCAL_YEAR":"12-31","CURRENCY":"HKD","IS_CNY_CODE":0,"DPS_HKD_LY":0.015,"ORG_TYPE":"一般企业","PREMIUM_INCOME":null,"PREMIUM_INCOME_YOY":null,"NET_INTEREST_INCOME":null,"NET_INTEREST_INCOME_YOY":null,"FEE_COMMISSION_INCOME":null,"FEE_COMMISSION_INCOME_YOY":null,"ACCOUNTS_RECE_TDAYS":7.064054639892,"INVENTORY_TDAYS":12.739544898196,"CURRENT_ASSETS_TDAYS":2.053090276292,"TOTAL_ASSETS_TDAYS":1.807268701725,"PREMIUM_EXPENSE":null,"LOAN_DEPOSIT":null,"LOAN_EQUITY":null,"LOAN_ASSETS":null,"DEPOSIT_EQUITY":null,"DEPOSIT_ASSETS":null,"EQUITY_MULTIPLIER":1.290797400721,"EQUITY_RATIO":0.290797400721},{"SECUCODE":"01587.HK","SECURITY_CODE":"01587","SECURITY_NAME_ABBR":"欣融国际","ORG_CODE":"10750097","STD_REPORT_DATE":"2021-06-30 00:00:00","REPORT_DATE":"2021-06-30 00:00:00","DATE_TYPE_CODE":"002","REPORT_TYPE":"2021年中报","PER_NETCASH_OPERATE":-0.028976470588,"PER_OI":0.543325,"BPS":0.546625,"BASIC_EPS":0.06,"DILUTED_EPS":0.06,"OPERATE_INCOME":369461000,"OPERATE_INCOME_YOY":33.0365051816,"GROSS_PROFIT":69482000,"GROSS_PROFIT_YOY":75.490617028263,"HOLDER_PROFIT":43077000,"HOLDER_PROFIT_YOY":419.500723589,"GROSS_PROFIT_RATIO":18.806315145577,"EPS_TTM":0.102475,"OPERATE_INCOME_QOQ":14.000378442222,"NET_PROFIT_RATIO":11.6594173675,"ROE_AVG":12.151720908452,"GROSS_PROFIT_QOQ":27.797514973401,"ROA":9.521683342193,"HOLDER_PROFIT_QOQ":99.676199209124,"ROE_YEARLY":24.303441816905,"ROIC_YEARLY":32.022985600547,"TOTAL_ASSETS":483246000,"TOTAL_LIABILITIES":111541000,"TAX_EBT":22.751237357435,"OCF_SALES":-5.333174543457,"TOTAL_PARENT_EQUITY":371705000,"DEBT_ASSET_RATIO":23.0816188856,"OPERATE_PROFIT":51702000,"PRETAX_PROFIT":55764000,"NETCASH_OPERATE":-19704000,"NETCASH_INVEST":-78239000,"NETCASH_FINANCE":18122000,"END_CASH":143381000,"DIVI_RATIO":0.132649914613,"DIVIDEND_RATE":4.166666666667,"CURRENT_RATIO":3.531522577169,"COMMON_ACS":2000000000,"CURRENTDEBT_DEBT":96.514286226589,"ISSUED_COMMON_SHARES":680000000,"HK_COMMON_SHARES":680000000,"PER_SHARES":4000,"TOTAL_MARKET_CAP":244800000,"HKSK_MARKET_CAP":244800000,"PE_TTM":7.737088201629,"PB_TTM":0.473275851551,"REPORT_DATE_SQ":"2020-06-30 00:00:00","REPORT_TYPE_SQ":"2020年中报","OPERATE_INCOME_SQ":277714000,"DPS_HKD":0.015,"OPERATE_INCOME_QOQ_SQ":4.944945980669,"NET_PROFIT_RATIO_SQ":2.985805541,"HOLDER_PROFIT_SQ":8292000,"HOLDER_PROFIT_QOQ_SQ":-17.756074797507,"ROE_AVG_SQ":2.688345477682,"PE_TTM_SQ":8.9100124742,"PB_TTM_SQ":0.668995159686,"ROA_SQ":2.209011605836,"START_DATE":"2021-01-01 00:00:00","FISCAL_YEAR":"12-31","CURRENCY":"HKD","IS_CNY_CODE":0,"DPS_HKD_LY":0.015,"ORG_TYPE":"一般企业","PREMIUM_INCOME":null,"PREMIUM_INCOME_YOY":null,"NET_INTEREST_INCOME":null,"NET_INTEREST_INCOME_YOY":null,"FEE_COMMISSION_INCOME":null,"FEE_COMMISSION_INCOME_YOY":null,"ACCOUNTS_RECE_TDAYS":4.065304820013,"INVENTORY_TDAYS":4.663200111925,"CURRENT_ASSETS_TDAYS":0.932994103461,"TOTAL_ASSETS_TDAYS":0.816651728136,"PREMIUM_EXPENSE":null,"LOAN_DEPOSIT":null,"LOAN_EQUITY":null,"LOAN_ASSETS":null,"DEPOSIT_EQUITY":null,"DEPOSIT_ASSETS":null,"EQUITY_MULTIPLIER":1.300079364011,"EQUITY_RATIO":0.300079364012},{"SECUCODE":"01587.HK","SECURITY_CODE":"01587","SECURITY_NAME_ABBR":"欣融国际","ORG_CODE":"10750097","STD_REPORT_DATE":"2020-12-31 00:00:00","REPORT_DATE":"2020-12-31 00:00:00","DATE_TYPE_CODE":"001","REPORT_TYPE":"2020年年报","PER_NETCASH_OPERATE":0.069523529412,"PER_OI":0.963702941176,"BPS":0.496001470588,"BASIC_EPS":0.05,"DILUTED_EPS":0.05,"OPERATE_INCOME":655318000,"OPERATE_INCOME_YOY":13.0082688809,"GROSS_PROFIT":107524000,"GROSS_PROFIT_YOY":7.261210035413,"HOLDER_PROFIT":34898000,"HOLDER_PROFIT_YOY":16.3227892404,"GROSS_PROFIT_RATIO":16.407911884001,"EPS_TTM":0.051320588235,"OPERATE_INCOME_QOQ":7.683383725516,"NET_PROFIT_RATIO":5.3253534925,"ROE_AVG":10.882380914515,"GROSS_PROFIT_QOQ":11.667999459959,"ROA":8.70229826156,"HOLDER_PROFIT_QOQ":41.436329739807,"ROE_YEARLY":10.882380914515,"ROIC_YEARLY":16.061488189067,"TOTAL_ASSETS":421573000,"TOTAL_LIABILITIES":84292000,"TAX_EBT":29.263200567548,"OCF_SALES":7.214207453481,"TOTAL_PARENT_EQUITY":337281000,"DEBT_ASSET_RATIO":19.9946391254,"OPERATE_PROFIT":50717000,"PRETAX_PROFIT":49335000,"NETCASH_OPERATE":47276000,"NETCASH_INVEST":3179000,"NETCASH_FINANCE":-3340000,"END_CASH":223362000,"DIVI_RATIO":0.264870307754,"DIVIDEND_RATE":4.166666666667,"CURRENT_RATIO":5.24292771115,"COMMON_ACS":2000000000,"CURRENTDEBT_DEBT":93.183220234423,"ISSUED_COMMON_SHARES":680000000,"HK_COMMON_SHARES":680000000,"PER_SHARES":4000,"TOTAL_MARKET_CAP":244800000,"HKSK_MARKET_CAP":244800000,"PE_TTM":7.737088201629,"PB_TTM":0.473275851551,"REPORT_DATE_SQ":"2019-12-31 00:00:00","REPORT_TYPE_SQ":"2019年年报","OPERATE_INCOME_SQ":579885000,"DPS_HKD":0.015,"OPERATE_INCOME_QOQ_SQ":9.101633274319,"NET_PROFIT_RATIO_SQ":5.1736120093,"HOLDER_PROFIT_SQ":30001000,"HOLDER_PROFIT_QOQ_SQ":3.241680718538,"ROE_AVG_SQ":10.38956091716,"PE_TTM_SQ":8.9100124742,"PB_TTM_SQ":0.668995159686,"ROA_SQ":8.46423064824,"START_DATE":"2020-01-01 00:00:00","FISCAL_YEAR":"12-31","CURRENCY":"HKD","IS_CNY_CODE":0,"DPS_HKD_LY":null,"ORG_TYPE":"一般企业","PREMIUM_INCOME":null,"PREMIUM_INCOME_YOY":null,"NET_INTEREST_INCOME":null,"NET_INTEREST_INCOME_YOY":null,"FEE_COMMISSION_INCOME":null,"FEE_COMMISSION_INCOME_YOY":null,"ACCOUNTS_RECE_TDAYS":7.233569552067,"INVENTORY_TDAYS":9.048015460086,"CURRENT_ASSETS_TDAYS":1.667475826972,"TOTAL_ASSETS_TDAYS":1.634125936205,"PREMIUM_EXPENSE":null,"LOAN_DEPOSIT":null,"LOAN_EQUITY":null,"LOAN_ASSETS":null,"DEPOSIT_EQUITY":null,"DEPOSIT_ASSETS":null,"EQUITY_MULTIPLIER":1.249916241947,"EQUITY_RATIO":0.249916241947},{"SECUCODE":"01587.HK","SECURITY_CODE":"01587","SECURITY_NAME_ABBR":"欣融国际","ORG_CODE":"10750097","STD_REPORT_DATE":"2020-06-30 00:00:00","REPORT_DATE":"2020-06-30 00:00:00","DATE_TYPE_CODE":"002","REPORT_TYPE":"2020年中报","PER_NETCASH_OPERATE":0.029508823529,"PER_OI":0.408402941176,"BPS":0.459998529412,"BASIC_EPS":0.01,"DILUTED_EPS":0.01,"OPERATE_INCOME":277714000,"OPERATE_INCOME_YOY":11.5142608186,"GROSS_PROFIT":39593000,"GROSS_PROFIT_YOY":-9.084020298974,"HOLDER_PROFIT":8292000,"HOLDER_PROFIT_YOY":-39.1144724282,"GROSS_PROFIT_RATIO":14.256753350569,"EPS_TTM":0.036285294118,"OPERATE_INCOME_QOQ":4.944945980669,"NET_PROFIT_RATIO":2.985805541,"ROE_AVG":2.688345477682,"GROSS_PROFIT_QOQ":-3.946331487855,"ROA":2.209011605836,"HOLDER_PROFIT_QOQ":-17.756074797507,"ROE_YEARLY":5.376690955364,"ROIC_YEARLY":8.127818074887,"TOTAL_ASSETS":370275000,"TOTAL_LIABILITIES":57476000,"TAX_EBT":29.841780184449,"OCF_SALES":7.225418956192,"TOTAL_PARENT_EQUITY":312799000,"DEBT_ASSET_RATIO":15.5225170481,"OPERATE_PROFIT":12432000,"PRETAX_PROFIT":11819000,"NETCASH_OPERATE":20066000,"NETCASH_INVEST":1513000,"NETCASH_FINANCE":-1818000,"END_CASH":198539000,"DIVI_RATIO":0.374622841858,"DIVIDEND_RATE":4.166666666667,"CURRENT_RATIO":6.495191709476,"COMMON_ACS":2000000000,"CURRENTDEBT_DEBT":97.879114760944,"ISSUED_COMMON_SHARES":680000000,"HK_COMMON_SHARES":680000000,"PER_SHARES":4000,"TOTAL_MARKET_CAP":244800000,"HKSK_MARKET_CAP":244800000,"PE_TTM":7.737088201629,"PB_TTM":0.473275851551,"REPORT_DATE_SQ":"2019-06-30 00:00:00","REPORT_TYPE_SQ":"2019年中报","OPERATE_INCOME_SQ":249039000,"DPS_HKD":0.015,"OPERATE_INCOME_QOQ_SQ":1.128471891898,"NET_PROFIT_RATIO_SQ":5.4686213806,"HOLDER_PROFIT_SQ":13619000,"HOLDER_PROFIT_QOQ_SQ":3.298851800505,"ROE_AVG_SQ":4.859026161105,"PE_TTM_SQ":8.9100124742,"PB_TTM_SQ":0.668995159686,"ROA_SQ":4.102868453042,"START_DATE":"2020-01-01 00:00:00","FISCAL_YEAR":"12-31","CURRENCY":"HKD","IS_CNY_CODE":0,"DPS_HKD_LY":null,"ORG_TYPE":"一般企业","PREMIUM_INCOME":null,"PREMIUM_INCOME_YOY":null,"NET_INTEREST_INCOME":null,"NET_INTEREST_INCOME_YOY":null,"FEE_COMMISSION_INCOME":null,"FEE_COMMISSION_INCOME_YOY":null,"ACCOUNTS_RECE_TDAYS":3.298050602395,"INVENTORY_TDAYS":3.687824746978,"CURRENT_ASSETS_TDAYS":0.75099548533,"TOTAL_ASSETS_TDAYS":0.739837734085,"PREMIUM_EXPENSE":null,"LOAN_DEPOSIT":null,"LOAN_EQUITY":null,"LOAN_ASSETS":null,"DEPOSIT_EQUITY":null,"DEPOSIT_ASSETS":null,"EQUITY_MULTIPLIER":1.183747390496,"EQUITY_RATIO":0.183747390497}],"count":18},"success":true,"message":"ok","code":0}