{"version":"ef2a66404e5a8d4b0981e67972a1751a","result":{"pages":3,"data":[{"SECUCODE":"01580.HK","SECURITY_CODE":"01580","SECURITY_NAME_ABBR":"大森控股","ORG_CODE":"10527285","STD_REPORT_DATE":"2024-06-30 00:00:00","REPORT_DATE":"2024-09-30 00:00:00","DATE_TYPE_CODE":"002","REPORT_TYPE":"2024年中报","PER_NETCASH_OPERATE":0.000825058753,"PER_OI":0.015135812346,"BPS":-0.005978025257,"BASIC_EPS":0.0007,"DILUTED_EPS":0.0007,"OPERATE_INCOME":16584000,"OPERATE_INCOME_YOY":54.8314816544,"GROSS_PROFIT":10137000,"GROSS_PROFIT_YOY":5.615753281934,"HOLDER_PROFIT":763000,"HOLDER_PROFIT_YOY":459.9056603774,"GROSS_PROFIT_RATIO":61.12518089725,"EPS_TTM":-0.048351728563,"OPERATE_INCOME_QOQ":0,"NET_PROFIT_RATIO":2.7013989387,"ROE_AVG":-11.007718387074,"GROSS_PROFIT_QOQ":0,"ROA":0.914133729498,"HOLDER_PROFIT_QOQ":0,"ROE_YEARLY":-22.015436774147,"ROIC_YEARLY":1.831372148982,"TOTAL_ASSETS":84651000,"TOTAL_LIABILITIES":90166000,"TAX_EBT":null,"OCF_SALES":5.451037144235,"TOTAL_PARENT_EQUITY":-6550000,"DEBT_ASSET_RATIO":106.5149850563,"OPERATE_PROFIT":1729000,"PRETAX_PROFIT":448000,"NETCASH_OPERATE":904000,"NETCASH_INVEST":null,"NETCASH_FINANCE":-1264000,"END_CASH":619000,"DIVI_RATIO":null,"DIVIDEND_RATE":null,"CURRENT_RATIO":0.447832031033,"COMMON_ACS":1500000000,"CURRENTDEBT_DEBT":99.781514096223,"ISSUED_COMMON_SHARES":1095679546,"HK_COMMON_SHARES":1095679546,"PER_SHARES":30000,"TOTAL_MARKET_CAP":98611159.14,"HKSK_MARKET_CAP":98611159.14,"PE_TTM":-1.719102153212,"PB_TTM":-13.576573618452,"REPORT_DATE_SQ":"2023-06-30 00:00:00","REPORT_TYPE_SQ":"2023年中报","OPERATE_INCOME_SQ":10711000,"DPS_HKD":null,"OPERATE_INCOME_QOQ_SQ":0,"NET_PROFIT_RATIO_SQ":-9.3828774157,"HOLDER_PROFIT_SQ":-212000,"HOLDER_PROFIT_QOQ_SQ":0,"ROE_AVG_SQ":-0.734937252999,"PE_TTM_SQ":28.948881077914,"PB_TTM_SQ":5.215592282978,"ROA_SQ":-0.131794487633,"START_DATE":"2024-04-01 00:00:00","FISCAL_YEAR":"3-31","CURRENCY":"HKD","IS_CNY_CODE":0,"DPS_HKD_LY":null,"ORG_TYPE":"一般企业","PREMIUM_INCOME":null,"PREMIUM_INCOME_YOY":null,"NET_INTEREST_INCOME":null,"NET_INTEREST_INCOME_YOY":null,"FEE_COMMISSION_INCOME":null,"FEE_COMMISSION_INCOME_YOY":null,"ACCOUNTS_RECE_TDAYS":0.425225317624,"INVENTORY_TDAYS":24.891891891892,"CURRENT_ASSETS_TDAYS":0.410266559466,"TOTAL_ASSETS_TDAYS":0.198689302359,"PREMIUM_EXPENSE":null,"LOAN_DEPOSIT":null,"LOAN_EQUITY":null,"LOAN_ASSETS":null,"DEPOSIT_EQUITY":null,"DEPOSIT_ASSETS":null,"EQUITY_MULTIPLIER":-15.34922937441,"EQUITY_RATIO":-13.765801526718},{"SECUCODE":"01580.HK","SECURITY_CODE":"01580","SECURITY_NAME_ABBR":"大森控股","ORG_CODE":"10527285","STD_REPORT_DATE":"2023-12-31 00:00:00","REPORT_DATE":"2024-03-31 00:00:00","DATE_TYPE_CODE":"001","REPORT_TYPE":"2023年年报","PER_NETCASH_OPERATE":-0.013891835487,"PER_OI":0.010597076529,"BPS":-0.006674396749,"BASIC_EPS":-0.0576,"DILUTED_EPS":-0.0576,"OPERATE_INCOME":11611000,"OPERATE_INCOME_YOY":-79.8957647955,"GROSS_PROFIT":10509000,"GROSS_PROFIT_YOY":1299.65753424658,"HOLDER_PROFIT":-52978000,"HOLDER_PROFIT_YOY":-386.6617674077,"GROSS_PROFIT_RATIO":90.509000086125,"EPS_TTM":0.004260369756,"OPERATE_INCOME_QOQ":0,"NET_PROFIT_RATIO":-468.1508913961,"ROE_AVG":-537.084347120844,"GROSS_PROFIT_QOQ":0,"ROA":-42.226331478854,"HOLDER_PROFIT_QOQ":0,"ROE_YEARLY":-537.084347120844,"ROIC_YEARLY":-42.022852474231,"TOTAL_ASSETS":82283000,"TOTAL_LIABILITIES":91946000,"TAX_EBT":null,"OCF_SALES":-131.091206614417,"TOTAL_PARENT_EQUITY":-7313000,"DEBT_ASSET_RATIO":111.7436165429,"OPERATE_PROFIT":-50422000,"PRETAX_PROFIT":-54357000,"NETCASH_OPERATE":-15221000,"NETCASH_INVEST":20993000,"NETCASH_FINANCE":-11732000,"END_CASH":979000,"DIVI_RATIO":null,"DIVIDEND_RATE":null,"CURRENT_RATIO":0.442072904857,"COMMON_ACS":1500000000,"CURRENTDEBT_DEBT":99.771605072543,"ISSUED_COMMON_SHARES":1095679546,"HK_COMMON_SHARES":1095679546,"PER_SHARES":30000,"TOTAL_MARKET_CAP":92037081.864,"HKSK_MARKET_CAP":92037081.864,"PE_TTM":-1.604495342998,"PB_TTM":-12.671468710555,"REPORT_DATE_SQ":"2022-12-31 00:00:00","REPORT_TYPE_SQ":"2022年年报","OPERATE_INCOME_SQ":57754000,"DPS_HKD":null,"OPERATE_INCOME_QOQ_SQ":-53.986009528818,"NET_PROFIT_RATIO_SQ":-18.8489108979,"HOLDER_PROFIT_SQ":-10886000,"HOLDER_PROFIT_QOQ_SQ":89.350629023107,"ROE_AVG_SQ":-18.785483787468,"PE_TTM_SQ":-13.036649078453,"PB_TTM_SQ":4.756357742338,"ROA_SQ":-6.23257358456,"START_DATE":"2023-04-01 00:00:00","FISCAL_YEAR":"3-31","CURRENCY":"HKD","IS_CNY_CODE":0,"DPS_HKD_LY":null,"ORG_TYPE":"一般企业","PREMIUM_INCOME":null,"PREMIUM_INCOME_YOY":null,"NET_INTEREST_INCOME":null,"NET_INTEREST_INCOME_YOY":null,"FEE_COMMISSION_INCOME":null,"FEE_COMMISSION_INCOME_YOY":null,"ACCOUNTS_RECE_TDAYS":0.228941556905,"INVENTORY_TDAYS":0.59632034632,"CURRENT_ASSETS_TDAYS":0.189034962758,"TOTAL_ASSETS_TDAYS":0.092545950168,"PREMIUM_EXPENSE":null,"LOAN_DEPOSIT":null,"LOAN_EQUITY":null,"LOAN_ASSETS":null,"DEPOSIT_EQUITY":null,"DEPOSIT_ASSETS":null,"EQUITY_MULTIPLIER":-8.515264410643,"EQUITY_RATIO":-12.572952276767},{"SECUCODE":"01580.HK","SECURITY_CODE":"01580","SECURITY_NAME_ABBR":"大森控股","ORG_CODE":"10527285","STD_REPORT_DATE":"2023-06-30 00:00:00","REPORT_DATE":"2023-09-30 00:00:00","DATE_TYPE_CODE":"002","REPORT_TYPE":"2023年中报","PER_NETCASH_OPERATE":-0.004587435059,"PER_OI":0.006332777022,"BPS":0.027974420178,"BASIC_EPS":-0.0003,"DILUTED_EPS":-0.0003,"OPERATE_INCOME":10711000,"OPERATE_INCOME_YOY":-69.2909773789,"GROSS_PROFIT":9598000,"GROSS_PROFIT_YOY":1327.36572890026,"HOLDER_PROFIT":-212000,"HOLDER_PROFIT_YOY":98.6553342636,"GROSS_PROFIT_RATIO":89.608813369433,"EPS_TTM":-0.00643624411,"OPERATE_INCOME_QOQ":0,"NET_PROFIT_RATIO":-9.3828774157,"ROE_AVG":-0.734937252999,"GROSS_PROFIT_QOQ":0,"ROA":-0.131794487633,"HOLDER_PROFIT_QOQ":0,"ROE_YEARLY":-1.469874505997,"ROIC_YEARLY":-0.263320508879,"TOTAL_ASSETS":153072000,"TOTAL_LIABILITIES":124185000,"TAX_EBT":null,"OCF_SALES":-72.439548128093,"TOTAL_PARENT_EQUITY":30651000,"DEBT_ASSET_RATIO":81.1284885544,"OPERATE_PROFIT":1023000,"PRETAX_PROFIT":-1005000,"NETCASH_OPERATE":-7759000,"NETCASH_INVEST":null,"NETCASH_FINANCE":2100000,"END_CASH":1280000,"DIVI_RATIO":null,"DIVIDEND_RATE":null,"CURRENT_RATIO":0.668445069649,"COMMON_ACS":1500000000,"CURRENTDEBT_DEBT":93.879292990297,"ISSUED_COMMON_SHARES":1095679546,"HK_COMMON_SHARES":1095679546,"PER_SHARES":30000,"TOTAL_MARKET_CAP":92037081.864,"HKSK_MARKET_CAP":92037081.864,"PE_TTM":-1.604495342998,"PB_TTM":-12.671468710555,"REPORT_DATE_SQ":"2022-06-30 00:00:00","REPORT_TYPE_SQ":"2022年中报","OPERATE_INCOME_SQ":34879000,"DPS_HKD":null,"OPERATE_INCOME_QOQ_SQ":-27.342718873735,"NET_PROFIT_RATIO_SQ":-45.2019840018,"HOLDER_PROFIT_SQ":-15766000,"HOLDER_PROFIT_QOQ_SQ":14.208021753909,"ROE_AVG_SQ":-37.327461704193,"PE_TTM_SQ":-13.036649078453,"PB_TTM_SQ":4.756357742338,"ROA_SQ":-8.974041534683,"START_DATE":"2023-04-01 00:00:00","FISCAL_YEAR":"3-31","CURRENCY":"HKD","IS_CNY_CODE":0,"DPS_HKD_LY":null,"ORG_TYPE":"一般企业","PREMIUM_INCOME":null,"PREMIUM_INCOME_YOY":null,"NET_INTEREST_INCOME":null,"NET_INTEREST_INCOME_YOY":null,"FEE_COMMISSION_INCOME":null,"FEE_COMMISSION_INCOME_YOY":null,"ACCOUNTS_RECE_TDAYS":0.155902944558,"INVENTORY_TDAYS":0.430977734753,"CURRENT_ASSETS_TDAYS":0.133702822976,"TOTAL_ASSETS_TDAYS":0.06658729986,"PREMIUM_EXPENSE":null,"LOAN_DEPOSIT":null,"LOAN_EQUITY":null,"LOAN_ASSETS":null,"DEPOSIT_EQUITY":null,"DEPOSIT_ASSETS":null,"EQUITY_MULTIPLIER":5.298992626439,"EQUITY_RATIO":4.051580698835},{"SECUCODE":"01580.HK","SECURITY_CODE":"01580","SECURITY_NAME_ABBR":"大森控股","ORG_CODE":"10527285","STD_REPORT_DATE":"2022-12-31 00:00:00","REPORT_DATE":"2022-12-31 00:00:00","DATE_TYPE_CODE":"001","REPORT_TYPE":"2022年年报","PER_NETCASH_OPERATE":-0.006399485957,"PER_OI":0.035689060637,"BPS":0.060033976394,"BASIC_EPS":-0.0076,"DILUTED_EPS":-0.0076,"OPERATE_INCOME":57754000,"OPERATE_INCOME_YOY":-66.5674855859,"GROSS_PROFIT":-876000,"GROSS_PROFIT_YOY":98.464531734764,"HOLDER_PROFIT":-10886000,"HOLDER_PROFIT_YOY":90.8636939682,"GROSS_PROFIT_RATIO":-1.516778058663,"EPS_TTM":-0.00672699924,"OPERATE_INCOME_QOQ":-53.986009528818,"NET_PROFIT_RATIO":-18.8489108979,"ROE_AVG":-18.785483787468,"GROSS_PROFIT_QOQ":98.020875694727,"ROA":-6.23257358456,"HOLDER_PROFIT_QOQ":89.350629023107,"ROE_YEARLY":-18.785483787468,"ROIC_YEARLY":-6.294104552905,"TOTAL_ASSETS":148078000,"TOTAL_LIABILITIES":122008000,"TAX_EBT":-0.768305100435,"OCF_SALES":-17.93122554282,"TOTAL_PARENT_EQUITY":27041000,"DEBT_ASSET_RATIO":60.9952502654,"OPERATE_PROFIT":-5704000,"PRETAX_PROFIT":-10803000,"NETCASH_OPERATE":-10356000,"NETCASH_INVEST":null,"NETCASH_FINANCE":7253000,"END_CASH":156000,"DIVI_RATIO":null,"DIVIDEND_RATE":null,"CURRENT_RATIO":0.801892400191,"COMMON_ACS":1500000000,"CURRENTDEBT_DEBT":94.093010294407,"ISSUED_COMMON_SHARES":1095679546,"HK_COMMON_SHARES":1095679546,"PER_SHARES":30000,"TOTAL_MARKET_CAP":87654363.68,"HKSK_MARKET_CAP":87654363.68,"PE_TTM":-1.528090802855,"PB_TTM":-12.068065438624,"REPORT_DATE_SQ":"2021-12-31 00:00:00","REPORT_TYPE_SQ":"2021年年报","OPERATE_INCOME_SQ":172748000,"DPS_HKD":null,"OPERATE_INCOME_QOQ_SQ":-2.554209255624,"NET_PROFIT_RATIO_SQ":-68.973881029,"HOLDER_PROFIT_SQ":-119151000,"HOLDER_PROFIT_QOQ_SQ":30.565899197566,"ROE_AVG_SQ":-108.619770182004,"PE_TTM_SQ":-10.062091160025,"PB_TTM_SQ":3.671104814212,"ROA_SQ":-52.224852071006,"START_DATE":"2022-01-01 00:00:00","FISCAL_YEAR":"12-31","CURRENCY":"HKD","IS_CNY_CODE":0,"DPS_HKD_LY":null,"ORG_TYPE":"一般企业","PREMIUM_INCOME":null,"PREMIUM_INCOME_YOY":null,"NET_INTEREST_INCOME":null,"NET_INTEREST_INCOME_YOY":null,"FEE_COMMISSION_INCOME":null,"FEE_COMMISSION_INCOME_YOY":null,"ACCOUNTS_RECE_TDAYS":0.796870688228,"INVENTORY_TDAYS":13.863797588082,"CURRENT_ASSETS_TDAYS":0.667525817879,"TOTAL_ASSETS_TDAYS":0.330659613083,"PREMIUM_EXPENSE":null,"LOAN_DEPOSIT":null,"LOAN_EQUITY":null,"LOAN_ASSETS":null,"DEPOSIT_EQUITY":null,"DEPOSIT_ASSETS":null,"EQUITY_MULTIPLIER":2.563790325036,"EQUITY_RATIO":4.511963314966},{"SECUCODE":"01580.HK","SECURITY_CODE":"01580","SECURITY_NAME_ABBR":"大森控股","ORG_CODE":"10527285","STD_REPORT_DATE":"2022-06-30 00:00:00","REPORT_DATE":"2022-06-30 00:00:00","DATE_TYPE_CODE":"002","REPORT_TYPE":"2022年中报","PER_NETCASH_OPERATE":-0.001766471675,"PER_OI":0.02237210078,"BPS":0.031354057968,"BASIC_EPS":-0.0233,"DILUTED_EPS":-0.0233,"OPERATE_INCOME":34879000,"OPERATE_INCOME_YOY":-57.5231692911,"GROSS_PROFIT":-782000,"GROSS_PROFIT_YOY":94.237712769877,"HOLDER_PROFIT":-15766000,"HOLDER_PROFIT_YOY":51.7785594128,"GROSS_PROFIT_RATIO":-2.242036755641,"EPS_TTM":-0.065567272167,"OPERATE_INCOME_QOQ":-27.342718873735,"NET_PROFIT_RATIO":-45.2019840018,"ROE_AVG":-37.327461704193,"GROSS_PROFIT_QOQ":22.416784981858,"ROA":-8.974041534683,"HOLDER_PROFIT_QOQ":14.208021753909,"ROE_YEARLY":-74.654923408386,"ROIC_YEARLY":-18.184072501002,"TOTAL_ASSETS":170684000,"TOTAL_LIABILITIES":136330000,"TAX_EBT":-0.529235477906,"OCF_SALES":-7.895868574214,"TOTAL_PARENT_EQUITY":34354000,"DEBT_ASSET_RATIO":79.8727472991,"OPERATE_PROFIT":-12730000,"PRETAX_PROFIT":-15683000,"NETCASH_OPERATE":-2754000,"NETCASH_INVEST":null,"NETCASH_FINANCE":796000,"END_CASH":1301000,"DIVI_RATIO":null,"DIVIDEND_RATE":null,"CURRENT_RATIO":0.606712425409,"COMMON_ACS":1500000000,"CURRENTDEBT_DEBT":99.81368737622,"ISSUED_COMMON_SHARES":1095679546,"HK_COMMON_SHARES":1095679546,"PER_SHARES":30000,"TOTAL_MARKET_CAP":87654363.68,"HKSK_MARKET_CAP":87654363.68,"PE_TTM":-1.528090802855,"PB_TTM":-12.068065438624,"REPORT_DATE_SQ":"2021-06-30 00:00:00","REPORT_TYPE_SQ":"2021年中报","OPERATE_INCOME_SQ":82113000,"DPS_HKD":null,"OPERATE_INCOME_QOQ_SQ":1.138172420285,"NET_PROFIT_RATIO_SQ":-39.8170813391,"HOLDER_PROFIT_SQ":-32695000,"HOLDER_PROFIT_QOQ_SQ":27.071168115868,"ROE_AVG_SQ":-21.379971031267,"PE_TTM_SQ":-10.062091160025,"PB_TTM_SQ":3.671104814212,"ROA_SQ":-12.547829123859,"START_DATE":"2022-01-01 00:00:00","FISCAL_YEAR":"12-31","CURRENCY":"HKD","IS_CNY_CODE":0,"DPS_HKD_LY":null,"ORG_TYPE":"一般企业","PREMIUM_INCOME":null,"PREMIUM_INCOME_YOY":null,"NET_INTEREST_INCOME":null,"NET_INTEREST_INCOME_YOY":null,"FEE_COMMISSION_INCOME":null,"FEE_COMMISSION_INCOME_YOY":null,"ACCOUNTS_RECE_TDAYS":0.436784631953,"INVENTORY_TDAYS":7.890474610023,"CURRENT_ASSETS_TDAYS":0.402511150733,"TOTAL_ASSETS_TDAYS":0.198532027584,"PREMIUM_EXPENSE":null,"LOAN_DEPOSIT":null,"LOAN_EQUITY":null,"LOAN_ASSETS":null,"DEPOSIT_EQUITY":null,"DEPOSIT_ASSETS":null,"EQUITY_MULTIPLIER":4.968387960644,"EQUITY_RATIO":3.968387960645},{"SECUCODE":"01580.HK","SECURITY_CODE":"01580","SECURITY_NAME_ABBR":"大森控股","ORG_CODE":"10527285","STD_REPORT_DATE":"2021-12-31 00:00:00","REPORT_DATE":"2021-12-31 00:00:00","DATE_TYPE_CODE":"001","REPORT_TYPE":"2021年年报","PER_NETCASH_OPERATE":-0.0069386289,"PER_OI":0.177286535304,"BPS":0.045743301664,"BASIC_EPS":-0.0917,"DILUTED_EPS":-0.0917,"OPERATE_INCOME":172748000,"OPERATE_INCOME_YOY":-1.4451081406,"GROSS_PROFIT":-57051000,"GROSS_PROFIT_YOY":49.868192123161,"HOLDER_PROFIT":-119151000,"HOLDER_PROFIT_YOY":49.3625213555,"GROSS_PROFIT_RATIO":-33.0255632482,"EPS_TTM":-0.122281403941,"OPERATE_INCOME_QOQ":-2.554209255624,"NET_PROFIT_RATIO":-68.973881029,"ROE_AVG":-108.619770182004,"GROSS_PROFIT_QOQ":-107.699868938401,"ROA":-52.224852071006,"HOLDER_PROFIT_QOQ":30.565899197566,"ROE_YEARLY":-108.619770182004,"ROIC_YEARLY":-53.278274361806,"TOTAL_ASSETS":180685000,"TOTAL_LIABILITIES":130565000,"TAX_EBT":-0.034421962891,"OCF_SALES":-3.913793502674,"TOTAL_PARENT_EQUITY":50120000,"DEBT_ASSET_RATIO":72.2611174143,"OPERATE_PROFIT":-92736000,"PRETAX_PROFIT":-119110000,"NETCASH_OPERATE":-6761000,"NETCASH_INVEST":-1630000,"NETCASH_FINANCE":5887000,"END_CASH":3259000,"DIVI_RATIO":null,"DIVIDEND_RATE":null,"CURRENT_RATIO":0.696465026324,"COMMON_ACS":1500000000,"CURRENTDEBT_DEBT":99.795504155019,"ISSUED_COMMON_SHARES":1095679546,"HK_COMMON_SHARES":1095679546,"PER_SHARES":30000,"TOTAL_MARKET_CAP":87654363.68,"HKSK_MARKET_CAP":87654363.68,"PE_TTM":-1.528090802855,"PB_TTM":-12.068065438624,"REPORT_DATE_SQ":"2020-12-31 00:00:00","REPORT_TYPE_SQ":"2020年年报","OPERATE_INCOME_SQ":175281000,"DPS_HKD":null,"OPERATE_INCOME_QOQ_SQ":-28.899011860914,"NET_PROFIT_RATIO_SQ":-134.2427302446,"HOLDER_PROFIT_SQ":-235302000,"HOLDER_PROFIT_QOQ_SQ":-33.380570703005,"ROE_AVG_SQ":-82.009047755139,"PE_TTM_SQ":-10.062091160025,"PB_TTM_SQ":3.671104814212,"ROA_SQ":-60.465164087133,"START_DATE":"2021-01-01 00:00:00","FISCAL_YEAR":"12-31","CURRENCY":"HKD","IS_CNY_CODE":0,"DPS_HKD_LY":null,"ORG_TYPE":"一般企业","PREMIUM_INCOME":null,"PREMIUM_INCOME_YOY":null,"NET_INTEREST_INCOME":null,"NET_INTEREST_INCOME_YOY":null,"FEE_COMMISSION_INCOME":null,"FEE_COMMISSION_INCOME_YOY":null,"ACCOUNTS_RECE_TDAYS":1.783416870132,"INVENTORY_TDAYS":8.780337765551,"CURRENT_ASSETS_TDAYS":1.354392319664,"TOTAL_ASSETS_TDAYS":0.757168529476,"PREMIUM_EXPENSE":null,"LOAN_DEPOSIT":null,"LOAN_EQUITY":null,"LOAN_ASSETS":null,"DEPOSIT_EQUITY":null,"DEPOSIT_ASSETS":null,"EQUITY_MULTIPLIER":3.605047885078,"EQUITY_RATIO":2.605047885076},{"SECUCODE":"01580.HK","SECURITY_CODE":"01580","SECURITY_NAME_ABBR":"大森控股","ORG_CODE":"10527285","STD_REPORT_DATE":"2021-06-30 00:00:00","REPORT_DATE":"2021-06-30 00:00:00","DATE_TYPE_CODE":"002","REPORT_TYPE":"2021年中报","PER_NETCASH_OPERATE":-0.002819170772,"PER_OI":0.084270320197,"BPS":0.124649584359,"BASIC_EPS":-0.0467,"DILUTED_EPS":-0.0467,"OPERATE_INCOME":82113000,"OPERATE_INCOME_YOY":2.4900771362,"GROSS_PROFIT":-13571000,"GROSS_PROFIT_YOY":86.416095290526,"HOLDER_PROFIT":-32695000,"HOLDER_PROFIT_YOY":66.0819138121,"GROSS_PROFIT_RATIO":-16.527224678187,"EPS_TTM":-0.176111453202,"OPERATE_INCOME_QOQ":1.138172420285,"NET_PROFIT_RATIO":-39.8170813391,"ROE_AVG":-21.379971031267,"GROSS_PROFIT_QOQ":75.863341593294,"ROA":-12.547829123859,"HOLDER_PROFIT_QOQ":27.071168115868,"ROE_YEARLY":-42.759942062535,"ROIC_YEARLY":-25.397133646638,"TOTAL_ASSETS":245511000,"TOTAL_LIABILITIES":108935000,"TAX_EBT":null,"OCF_SALES":-3.345389889542,"TOTAL_PARENT_EQUITY":136576000,"DEBT_ASSET_RATIO":44.3707206602,"OPERATE_PROFIT":-30134000,"PRETAX_PROFIT":-32695000,"NETCASH_OPERATE":-2747000,"NETCASH_INVEST":null,"NETCASH_FINANCE":-2593000,"END_CASH":423000,"DIVI_RATIO":null,"DIVIDEND_RATE":null,"CURRENT_RATIO":1.256289641079,"COMMON_ACS":1500000000,"CURRENTDEBT_DEBT":99.720934502226,"ISSUED_COMMON_SHARES":1095679546,"HK_COMMON_SHARES":1095679546,"PER_SHARES":30000,"TOTAL_MARKET_CAP":87654363.68,"HKSK_MARKET_CAP":87654363.68,"PE_TTM":-1.528090802855,"PB_TTM":-12.068065438624,"REPORT_DATE_SQ":"2020-06-30 00:00:00","REPORT_TYPE_SQ":"2020年中报","OPERATE_INCOME_SQ":80118000,"DPS_HKD":null,"OPERATE_INCOME_QOQ_SQ":-22.608635595934,"NET_PROFIT_RATIO_SQ":-116.0394847719,"HOLDER_PROFIT_SQ":-96394000,"HOLDER_PROFIT_QOQ_SQ":-133.410513224223,"ROE_AVG_SQ":-27.048398320875,"PE_TTM_SQ":-10.062091160025,"PB_TTM_SQ":3.671104814212,"ROA_SQ":-21.102799359871,"START_DATE":"2021-01-01 00:00:00","FISCAL_YEAR":"12-31","CURRENCY":"HKD","IS_CNY_CODE":0,"DPS_HKD_LY":null,"ORG_TYPE":"一般企业","PREMIUM_INCOME":null,"PREMIUM_INCOME_YOY":null,"NET_INTEREST_INCOME":null,"NET_INTEREST_INCOME_YOY":null,"FEE_COMMISSION_INCOME":null,"FEE_COMMISSION_INCOME_YOY":null,"ACCOUNTS_RECE_TDAYS":0.772824598472,"INVENTORY_TDAYS":2.330062096676,"CURRENT_ASSETS_TDAYS":0.545933241805,"TOTAL_ASSETS_TDAYS":0.315136838308,"PREMIUM_EXPENSE":null,"LOAN_DEPOSIT":null,"LOAN_EQUITY":null,"LOAN_ASSETS":null,"DEPOSIT_EQUITY":null,"DEPOSIT_ASSETS":null,"EQUITY_MULTIPLIER":1.797614514996,"EQUITY_RATIO":0.797614514995},{"SECUCODE":"01580.HK","SECURITY_CODE":"01580","SECURITY_NAME_ABBR":"大森控股","ORG_CODE":"10527285","STD_REPORT_DATE":"2020-12-31 00:00:00","REPORT_DATE":"2020-12-31 00:00:00","DATE_TYPE_CODE":"001","REPORT_TYPE":"2020年年报","PER_NETCASH_OPERATE":-0.030247331691,"PER_OI":0.179886083744,"BPS":0.154489513488,"BASIC_EPS":-0.2415,"DILUTED_EPS":-0.2415,"OPERATE_INCOME":175281000,"OPERATE_INCOME_YOY":-42.6254406667,"GROSS_PROFIT":-113802000,"GROSS_PROFIT_YOY":-369.247897080653,"HOLDER_PROFIT":-235302000,"HOLDER_PROFIT_YOY":-211.3242746193,"GROSS_PROFIT_RATIO":-64.925462543002,"EPS_TTM":-0.241483990148,"OPERATE_INCOME_QOQ":-28.899011860914,"NET_PROFIT_RATIO":-134.2427302446,"ROE_AVG":-82.009047755139,"GROSS_PROFIT_QOQ":20.661191594975,"ROA":-60.465164087133,"HOLDER_PROFIT_QOQ":-33.380570703005,"ROE_YEARLY":-82.009047755139,"ROIC_YEARLY":-65.222525279404,"TOTAL_ASSETS":275615000,"TOTAL_LIABILITIES":106344000,"TAX_EBT":-3.046413172835,"OCF_SALES":-16.814714658177,"TOTAL_PARENT_EQUITY":169271000,"DEBT_ASSET_RATIO":38.5842570252,"OPERATE_PROFIT":-200612000,"PRETAX_PROFIT":-205028000,"NETCASH_OPERATE":-28884000,"NETCASH_INVEST":-15371000,"NETCASH_FINANCE":-1174000,"END_CASH":5763000,"DIVI_RATIO":null,"DIVIDEND_RATE":null,"CURRENT_RATIO":1.550029709414,"COMMON_ACS":1500000000,"CURRENTDEBT_DEBT":99.725419393666,"ISSUED_COMMON_SHARES":1095679546,"HK_COMMON_SHARES":1095679546,"PER_SHARES":30000,"TOTAL_MARKET_CAP":87654363.68,"HKSK_MARKET_CAP":87654363.68,"PE_TTM":-1.528090802855,"PB_TTM":-12.068065438624,"REPORT_DATE_SQ":"2019-12-31 00:00:00","REPORT_TYPE_SQ":"2019年年报","OPERATE_INCOME_SQ":305503000,"DPS_HKD":null,"OPERATE_INCOME_QOQ_SQ":-14.817637510596,"NET_PROFIT_RATIO_SQ":-23.7271694157,"HOLDER_PROFIT_SQ":-75581000,"HOLDER_PROFIT_QOQ_SQ":-858.084252758275,"ROE_AVG_SQ":-17.641388324814,"PE_TTM_SQ":-10.062091160025,"PB_TTM_SQ":3.671104814212,"ROA_SQ":-14.451351139477,"START_DATE":"2020-01-01 00:00:00","FISCAL_YEAR":"12-31","CURRENCY":"HKD","IS_CNY_CODE":0,"DPS_HKD_LY":null,"ORG_TYPE":"一般企业","PREMIUM_INCOME":null,"PREMIUM_INCOME_YOY":null,"NET_INTEREST_INCOME":null,"NET_INTEREST_INCOME_YOY":null,"FEE_COMMISSION_INCOME":null,"FEE_COMMISSION_INCOME_YOY":null,"ACCOUNTS_RECE_TDAYS":1.08271665946,"INVENTORY_TDAYS":4.450511892849,"CURRENT_ASSETS_TDAYS":0.686757042667,"TOTAL_ASSETS_TDAYS":0.450416674162,"PREMIUM_EXPENSE":null,"LOAN_DEPOSIT":null,"LOAN_EQUITY":null,"LOAN_ASSETS":null,"DEPOSIT_EQUITY":null,"DEPOSIT_ASSETS":null,"EQUITY_MULTIPLIER":1.628247012188,"EQUITY_RATIO":0.628247012188},{"SECUCODE":"01580.HK","SECURITY_CODE":"01580","SECURITY_NAME_ABBR":"大森控股","ORG_CODE":"10527285","STD_REPORT_DATE":"2020-06-30 00:00:00","REPORT_DATE":"2020-06-30 00:00:00","DATE_TYPE_CODE":"002","REPORT_TYPE":"2020年中报","PER_NETCASH_OPERATE":-0.007025862069,"PER_OI":0.082222906404,"BPS":0.281267457374,"BASIC_EPS":-0.0989,"DILUTED_EPS":-0.0989,"OPERATE_INCOME":80118000,"OPERATE_INCOME_YOY":-46.4368616527,"GROSS_PROFIT":-99905000,"GROSS_PROFIT_YOY":-811.067615658363,"HOLDER_PROFIT":-96394000,"HOLDER_PROFIT_YOY":-2271.5251182699,"GROSS_PROFIT_RATIO":-121.266401829782,"EPS_TTM":-0.181048850575,"OPERATE_INCOME_QOQ":-22.608635595934,"NET_PROFIT_RATIO":-116.0394847719,"ROE_AVG":-27.048398320875,"GROSS_PROFIT_QOQ":-400.621248080413,"ROA":-21.102799359871,"HOLDER_PROFIT_QOQ":-133.410513224223,"ROE_YEARLY":-54.096796641749,"ROIC_YEARLY":-46.320220467219,"TOTAL_ASSETS":410875000,"TOTAL_LIABILITIES":102696000,"TAX_EBT":30.524494142705,"OCF_SALES":-8.241242325749,"TOTAL_PARENT_EQUITY":308179000,"DEBT_ASSET_RATIO":24.9944630362,"OPERATE_PROFIT":-117508000,"PRETAX_PROFIT":-120192000,"NETCASH_OPERATE":-6846000,"NETCASH_INVEST":-13640000,"NETCASH_FINANCE":-376000,"END_CASH":30145000,"DIVI_RATIO":null,"DIVIDEND_RATE":null,"CURRENT_RATIO":2.964455904845,"COMMON_ACS":1500000000,"CURRENTDEBT_DEBT":77.036106566955,"ISSUED_COMMON_SHARES":1095679546,"HK_COMMON_SHARES":1095679546,"PER_SHARES":30000,"TOTAL_MARKET_CAP":87654363.68,"HKSK_MARKET_CAP":87654363.68,"PE_TTM":-1.528090802855,"PB_TTM":-12.068065438624,"REPORT_DATE_SQ":"2019-06-30 00:00:00","REPORT_TYPE_SQ":"2019年中报","OPERATE_INCOME_SQ":155088000,"DPS_HKD":null,"OPERATE_INCOME_QOQ_SQ":-14.164815086856,"NET_PROFIT_RATIO_SQ":2.8616011555,"HOLDER_PROFIT_SQ":4439000,"HOLDER_PROFIT_QOQ_SQ":-48.269599958491,"ROE_AVG_SQ":0.947399880454,"PE_TTM_SQ":-10.062091160025,"PB_TTM_SQ":3.671104814212,"ROA_SQ":0.797326673973,"START_DATE":"2020-01-01 00:00:00","FISCAL_YEAR":"12-31","CURRENCY":"HKD","IS_CNY_CODE":0,"DPS_HKD_LY":null,"ORG_TYPE":"一般企业","PREMIUM_INCOME":null,"PREMIUM_INCOME_YOY":null,"NET_INTEREST_INCOME":null,"NET_INTEREST_INCOME_YOY":null,"FEE_COMMISSION_INCOME":null,"FEE_COMMISSION_INCOME_YOY":null,"ACCOUNTS_RECE_TDAYS":0.421778018773,"INVENTORY_TDAYS":3.074090179288,"CURRENT_ASSETS_TDAYS":0.286131557827,"TOTAL_ASSETS_TDAYS":0.18185878196,"PREMIUM_EXPENSE":null,"LOAN_DEPOSIT":null,"LOAN_EQUITY":null,"LOAN_ASSETS":null,"DEPOSIT_EQUITY":null,"DEPOSIT_ASSETS":null,"EQUITY_MULTIPLIER":1.333234905688,"EQUITY_RATIO":0.333234905688}],"count":21},"success":true,"message":"ok","code":0}