{"version":"e10018bf73b7faa65dcea991957a3b91","result":{"pages":3,"data":[{"SECUCODE":"01586.HK","SECURITY_CODE":"01586","SECURITY_NAME_ABBR":"力鸿检验","ORG_CODE":"10516191","STD_REPORT_DATE":"2024-06-30 00:00:00","REPORT_DATE":"2024-06-30 00:00:00","DATE_TYPE_CODE":"002","REPORT_TYPE":"2024年中报","PER_NETCASH_OPERATE":0.095648410789,"PER_OI":0.936755857737,"BPS":0.708145803464,"BASIC_EPS":0.087799816,"DILUTED_EPS":0.087526012,"OPERATE_INCOME":558480756.84,"OPERATE_INCOME_YOY":21.0797815505,"GROSS_PROFIT":236472649.96,"GROSS_PROFIT_YOY":11.105404014925,"HOLDER_PROFIT":46389699.04,"HOLDER_PROFIT_YOY":5.2601060305,"GROSS_PROFIT_RATIO":42.342130335522,"EPS_TTM":0.124810417371,"OPERATE_INCOME_QOQ":9.128719501932,"NET_PROFIT_RATIO":13.0598630851,"ROE_AVG":11.404915099261,"GROSS_PROFIT_QOQ":5.432348364278,"ROA":5.72815063499,"HOLDER_PROFIT_QOQ":2.576648047939,"ROE_YEARLY":22.809830198522,"ROIC_YEARLY":21.246277157159,"TOTAL_ASSETS":803285262.52,"TOTAL_LIABILITIES":221243671.48,"TAX_EBT":16.454094967278,"OCF_SALES":10.210601833921,"TOTAL_PARENT_EQUITY":426070055.12,"DEBT_ASSET_RATIO":27.5423541054,"OPERATE_PROFIT":90986894.56,"PRETAX_PROFIT":87301492.72,"NETCASH_OPERATE":57024246.4,"NETCASH_INVEST":-34613389,"NETCASH_FINANCE":-54673182.72,"END_CASH":174212358.4,"DIVI_RATIO":0.126337435064,"DIVIDEND_RATE":0.719008264463,"CURRENT_RATIO":2.540992475286,"COMMON_ACS":1000000000,"CURRENTDEBT_DEBT":83.878206847049,"ISSUED_COMMON_SHARES":601669957,"HK_COMMON_SHARES":601669957,"PER_SHARES":4000,"TOTAL_MARKET_CAP":1456041295.94,"HKSK_MARKET_CAP":1456041295.94,"PE_TTM":17.630179880128,"PB_TTM":3.118970117729,"REPORT_DATE_SQ":"2023-06-30 00:00:00","REPORT_TYPE_SQ":"2023年中报","OPERATE_INCOME_SQ":465950252.4,"DPS_HKD":0.0174,"OPERATE_INCOME_QOQ_SQ":11.468898471915,"NET_PROFIT_RATIO_SQ":13.5535636551,"HOLDER_PROFIT_SQ":44520570.24,"HOLDER_PROFIT_QOQ_SQ":22.400219752981,"ROE_AVG_SQ":12.025042210169,"PE_TTM_SQ":10.056791468673,"PB_TTM_SQ":1.937783907959,"ROA_SQ":6.184133180164,"START_DATE":"2024-01-01 00:00:00","FISCAL_YEAR":"12-31","CURRENCY":"HKD","IS_CNY_CODE":0,"DPS_HKD_LY":0.0174,"ORG_TYPE":"一般企业","PREMIUM_INCOME":null,"PREMIUM_INCOME_YOY":null,"NET_INTEREST_INCOME":null,"NET_INTEREST_INCOME_YOY":null,"FEE_COMMISSION_INCOME":null,"FEE_COMMISSION_INCOME_YOY":null,"ACCOUNTS_RECE_TDAYS":2.817369804736,"INVENTORY_TDAYS":134.09958190802,"CURRENT_ASSETS_TDAYS":1.175894200595,"TOTAL_ASSETS_TDAYS":0.689606091034,"PREMIUM_EXPENSE":null,"LOAN_DEPOSIT":null,"LOAN_EQUITY":null,"LOAN_ASSETS":null,"DEPOSIT_EQUITY":null,"DEPOSIT_ASSETS":null,"EQUITY_MULTIPLIER":1.380116601435,"EQUITY_RATIO":0.519265948924},{"SECUCODE":"01586.HK","SECURITY_CODE":"01586","SECURITY_NAME_ABBR":"力鸿检验","ORG_CODE":"10516191","STD_REPORT_DATE":"2023-12-31 00:00:00","REPORT_DATE":"2023-12-31 00:00:00","DATE_TYPE_CODE":"001","REPORT_TYPE":"2023年年报","PER_NETCASH_OPERATE":0.292980420212,"PER_OI":1.871421238962,"BPS":0.639372619065,"BASIC_EPS":0.13683922,"DILUTED_EPS":0.13638611,"OPERATE_INCOME":1013619757.08,"OPERATE_INCOME_YOY":18.4848953511,"GROSS_PROFIT":435103408.6,"GROSS_PROFIT_YOY":18.986576057757,"HOLDER_PROFIT":72541098.56,"HOLDER_PROFIT_YOY":15.3479257028,"GROSS_PROFIT_RATIO":42.925703209794,"EPS_TTM":0.133930846942,"OPERATE_INCOME_QOQ":7.835107058298,"NET_PROFIT_RATIO":10.9219017375,"ROE_AVG":19.942972386826,"GROSS_PROFIT_QOQ":2.885364924879,"ROA":9.675678387161,"HOLDER_PROFIT_QOQ":-4.395466762378,"ROE_YEARLY":19.942972386826,"ROIC_YEARLY":17.700531803155,"TOTAL_ASSETS":810645507.7,"TOTAL_LIABILITIES":294754398.54,"TAX_EBT":22.294099687047,"OCF_SALES":15.655503641439,"TOTAL_PARENT_EQUITY":384691296.22,"DEBT_ASSET_RATIO":36.3604554322,"OPERATE_PROFIT":150252182.22,"PRETAX_PROFIT":142468658.64,"NETCASH_OPERATE":158687277.98,"NETCASH_INVEST":-108796242.1,"NETCASH_FINANCE":-36311329.18,"END_CASH":205938495,"DIVI_RATIO":0.117734102039,"DIVIDEND_RATE":0.737288135593,"CURRENT_RATIO":1.892324578823,"COMMON_ACS":1000000000,"CURRENTDEBT_DEBT":85.151741545916,"ISSUED_COMMON_SHARES":601669957,"HK_COMMON_SHARES":601669957,"PER_SHARES":4000,"TOTAL_MARKET_CAP":1419941098.52,"HKSK_MARKET_CAP":1419941098.52,"PE_TTM":17.193067982273,"PB_TTM":3.0416402801,"REPORT_DATE_SQ":"2022-12-31 00:00:00","REPORT_TYPE_SQ":"2022年年报","OPERATE_INCOME_SQ":843259385.78,"DPS_HKD":0.0174,"OPERATE_INCOME_QOQ_SQ":18.053246826948,"NET_PROFIT_RATIO_SQ":11.1044963316,"HOLDER_PROFIT_SQ":61990258.19,"HOLDER_PROFIT_QOQ_SQ":39.792166743586,"ROE_AVG_SQ":19.120106460065,"PE_TTM_SQ":10.056791468673,"PB_TTM_SQ":1.937783907959,"ROA_SQ":9.73160503401,"START_DATE":"2023-01-01 00:00:00","FISCAL_YEAR":"12-31","CURRENCY":"HKD","IS_CNY_CODE":0,"DPS_HKD_LY":0.0541,"ORG_TYPE":"一般企业","PREMIUM_INCOME":null,"PREMIUM_INCOME_YOY":null,"NET_INTEREST_INCOME":null,"NET_INTEREST_INCOME_YOY":null,"FEE_COMMISSION_INCOME":null,"FEE_COMMISSION_INCOME_YOY":null,"ACCOUNTS_RECE_TDAYS":5.869261668193,"INVENTORY_TDAYS":202.661587301587,"CURRENT_ASSETS_TDAYS":2.342435243523,"TOTAL_ASSETS_TDAYS":1.351986525027,"PREMIUM_EXPENSE":null,"LOAN_DEPOSIT":null,"LOAN_EQUITY":null,"LOAN_ASSETS":null,"DEPOSIT_EQUITY":null,"DEPOSIT_ASSETS":null,"EQUITY_MULTIPLIER":1.571350025823,"EQUITY_RATIO":0.766210209163},{"SECUCODE":"01586.HK","SECURITY_CODE":"01586","SECURITY_NAME_ABBR":"力鸿检验","ORG_CODE":"10516191","STD_REPORT_DATE":"2023-06-30 00:00:00","REPORT_DATE":"2023-06-30 00:00:00","DATE_TYPE_CODE":"002","REPORT_TYPE":"2023年中报","PER_NETCASH_OPERATE":0.099060461859,"PER_OI":0.866744740555,"BPS":0.651035888235,"BASIC_EPS":0.08390018,"DILUTED_EPS":0.083623586,"OPERATE_INCOME":465950252.4,"OPERATE_INCOME_YOY":17.0508684203,"GROSS_PROFIT":212836317.06,"GROSS_PROFIT_YOY":36.775899621082,"HOLDER_PROFIT":44520570.24,"HOLDER_PROFIT_YOY":34.7998436715,"GROSS_PROFIT_RATIO":45.677905734299,"EPS_TTM":0.141142337754,"OPERATE_INCOME_QOQ":11.468898471915,"NET_PROFIT_RATIO":13.5535636551,"ROE_AVG":12.025042210169,"GROSS_PROFIT_QOQ":15.649661295009,"ROA":6.184133180164,"HOLDER_PROFIT_QOQ":22.400219752981,"ROE_YEARLY":24.050084420339,"ROIC_YEARLY":21.925471196938,"TOTAL_ASSETS":739046260.28,"TOTAL_LIABILITIES":230391738.24,"TAX_EBT":16.516959377933,"OCF_SALES":11.429023704935,"TOTAL_PARENT_EQUITY":391708734.88,"DEBT_ASSET_RATIO":31.1741971541,"OPERATE_PROFIT":77400221,"PRETAX_PROFIT":75647537.02,"NETCASH_OPERATE":53253564.8,"NETCASH_INVEST":-53456400.4,"NETCASH_FINANCE":-9655896.54,"END_CASH":197161735.08,"DIVI_RATIO":0.111718625686,"DIVIDEND_RATE":0.737288135593,"CURRENT_RATIO":2.0862057957,"COMMON_ACS":1000000000,"CURRENTDEBT_DEBT":87.745710078115,"ISSUED_COMMON_SHARES":601669957,"HK_COMMON_SHARES":601669957,"PER_SHARES":4000,"TOTAL_MARKET_CAP":1419941098.52,"HKSK_MARKET_CAP":1419941098.52,"PE_TTM":17.193067982273,"PB_TTM":3.0416402801,"REPORT_DATE_SQ":"2022-06-30 00:00:00","REPORT_TYPE_SQ":"2022年中报","OPERATE_INCOME_SQ":369237689.59,"DPS_HKD":0.0174,"OPERATE_INCOME_QOQ_SQ":6.696378769627,"NET_PROFIT_RATIO_SQ":10.5532922149,"HOLDER_PROFIT_SQ":30634616.18,"HOLDER_PROFIT_QOQ_SQ":8.831984614035,"ROE_AVG_SQ":9.771466292778,"PE_TTM_SQ":10.056791468673,"PB_TTM_SQ":1.937783907959,"ROA_SQ":5.254133622378,"START_DATE":"2023-01-01 00:00:00","FISCAL_YEAR":"12-31","CURRENCY":"HKD","IS_CNY_CODE":0,"DPS_HKD_LY":0.0541,"ORG_TYPE":"一般企业","PREMIUM_INCOME":null,"PREMIUM_INCOME_YOY":null,"NET_INTEREST_INCOME":null,"NET_INTEREST_INCOME_YOY":null,"FEE_COMMISSION_INCOME":null,"FEE_COMMISSION_INCOME_YOY":null,"ACCOUNTS_RECE_TDAYS":2.852281096823,"INVENTORY_TDAYS":94.862819626814,"CURRENT_ASSETS_TDAYS":1.137816562032,"TOTAL_ASSETS_TDAYS":0.647228550901,"PREMIUM_EXPENSE":null,"LOAN_DEPOSIT":null,"LOAN_EQUITY":null,"LOAN_ASSETS":null,"DEPOSIT_EQUITY":null,"DEPOSIT_ASSETS":null,"EQUITY_MULTIPLIER":1.452943458195,"EQUITY_RATIO":0.588171050897},{"SECUCODE":"01586.HK","SECURITY_CODE":"01586","SECURITY_NAME_ABBR":"力鸿检验","ORG_CODE":"10516191","STD_REPORT_DATE":"2022-12-31 00:00:00","REPORT_DATE":"2022-12-31 00:00:00","DATE_TYPE_CODE":"001","REPORT_TYPE":"2022年年报","PER_NETCASH_OPERATE":0.322923198602,"PER_OI":1.72848365835,"BPS":0.561596025244,"BASIC_EPS":0.117197024,"DILUTED_EPS":0.098527681,"OPERATE_INCOME":843259385.78,"OPERATE_INCOME_YOY":15.2884366436,"GROSS_PROFIT":365674366.82,"GROSS_PROFIT_YOY":29.118072950897,"HOLDER_PROFIT":61990258.19,"HOLDER_PROFIT_YOY":39.2507424352,"GROSS_PROFIT_RATIO":43.364399256791,"EPS_TTM":0.127065467714,"OPERATE_INCOME_QOQ":18.053246826948,"NET_PROFIT_RATIO":11.1044963316,"ROE_AVG":19.120106460065,"GROSS_PROFIT_QOQ":21.001593652565,"ROA":9.73160503401,"HOLDER_PROFIT_QOQ":39.792166743586,"ROE_YEARLY":19.120106460065,"ROIC_YEARLY":16.177399615362,"TOTAL_ASSETS":678963807.76,"TOTAL_LIABILITIES":243918986.01,"TAX_EBT":23.113370152779,"OCF_SALES":18.682455980526,"TOTAL_PARENT_EQUITY":337895456.36,"DEBT_ASSET_RATIO":35.9251823473,"OPERATE_PROFIT":126984583.39,"PRETAX_PROFIT":121789325.07,"NETCASH_OPERATE":157541563.55,"NETCASH_INVEST":-42023887.15,"NETCASH_FINANCE":-33025978.44,"END_CASH":198532830.58,"DIVI_RATIO":0.124095305229,"DIVIDEND_RATE":0.737288135593,"CURRENT_RATIO":2.373314606742,"COMMON_ACS":1000000000,"CURRENTDEBT_DEBT":66.490150624581,"ISSUED_COMMON_SHARES":601669957,"HK_COMMON_SHARES":601669957,"PER_SHARES":4000,"TOTAL_MARKET_CAP":1419941098.52,"HKSK_MARKET_CAP":1419941098.52,"PE_TTM":17.193067982273,"PB_TTM":3.0416402801,"REPORT_DATE_SQ":"2021-12-31 00:00:00","REPORT_TYPE_SQ":"2021年年报","OPERATE_INCOME_SQ":669473772.8,"DPS_HKD":0.0174,"OPERATE_INCOME_QOQ_SQ":1.717145791678,"NET_PROFIT_RATIO_SQ":10.9515062992,"HOLDER_PROFIT_SQ":40745913.6,"HOLDER_PROFIT_QOQ_SQ":-27.490633163683,"ROE_AVG_SQ":15.448113390318,"PE_TTM_SQ":10.056791468673,"PB_TTM_SQ":1.937783907959,"ROA_SQ":9.014771374718,"START_DATE":"2022-01-01 00:00:00","FISCAL_YEAR":"12-31","CURRENCY":"HKD","IS_CNY_CODE":0,"DPS_HKD_LY":0.04,"ORG_TYPE":"一般企业","PREMIUM_INCOME":null,"PREMIUM_INCOME_YOY":null,"NET_INTEREST_INCOME":null,"NET_INTEREST_INCOME_YOY":null,"FEE_COMMISSION_INCOME":null,"FEE_COMMISSION_INCOME_YOY":null,"ACCOUNTS_RECE_TDAYS":6.148226061188,"INVENTORY_TDAYS":158.88499257058,"CURRENT_ASSETS_TDAYS":2.479109739684,"TOTAL_ASSETS_TDAYS":1.323799500638,"PREMIUM_EXPENSE":null,"LOAN_DEPOSIT":null,"LOAN_EQUITY":null,"LOAN_ASSETS":null,"DEPOSIT_EQUITY":null,"DEPOSIT_ASSETS":null,"EQUITY_MULTIPLIER":1.560675530003,"EQUITY_RATIO":0.721877081857},{"SECUCODE":"01586.HK","SECURITY_CODE":"01586","SECURITY_NAME_ABBR":"力鸿检验","ORG_CODE":"10516191","STD_REPORT_DATE":"2022-06-30 00:00:00","REPORT_DATE":"2022-06-30 00:00:00","DATE_TYPE_CODE":"002","REPORT_TYPE":"2022年中报","PER_NETCASH_OPERATE":0.079883165624,"PER_OI":0.756850529346,"BPS":0.548016968745,"BASIC_EPS":0.063711655,"DILUTED_EPS":0.063626136,"OPERATE_INCOME":369237689.59,"OPERATE_INCOME_YOY":10.7434434113,"GROSS_PROFIT":155609517.21,"GROSS_PROFIT_YOY":13.905719100969,"HOLDER_PROFIT":30634616.18,"HOLDER_PROFIT_YOY":10.2486765973,"GROSS_PROFIT_RATIO":42.143454364799,"EPS_TTM":0.090895985572,"OPERATE_INCOME_QOQ":6.696378769627,"NET_PROFIT_RATIO":10.5532922149,"ROE_AVG":9.771466292778,"GROSS_PROFIT_QOQ":6.707745785264,"ROA":5.254133622378,"HOLDER_PROFIT_QOQ":8.831984614035,"ROE_YEARLY":19.542932585557,"ROIC_YEARLY":16.595534234486,"TOTAL_ASSETS":596446279.17,"TOTAL_LIABILITIES":192129550.97,"TAX_EBT":16.48949818555,"OCF_SALES":10.55468187261,"TOTAL_PARENT_EQUITY":329725346.02,"DEBT_ASSET_RATIO":32.2123815136,"OPERATE_PROFIT":48502100.85,"PRETAX_PROFIT":46660876.78,"NETCASH_OPERATE":38971863.49,"NETCASH_INVEST":-23896574.17,"NETCASH_FINANCE":5418483.84,"END_CASH":156792244.98,"DIVI_RATIO":0.173475516006,"DIVIDEND_RATE":0.737288135593,"CURRENT_RATIO":1.915270595279,"COMMON_ACS":1000000000,"CURRENTDEBT_DEBT":86.243840774849,"ISSUED_COMMON_SHARES":601669957,"HK_COMMON_SHARES":601669957,"PER_SHARES":4000,"TOTAL_MARKET_CAP":1419941098.52,"HKSK_MARKET_CAP":1419941098.52,"PE_TTM":17.193067982273,"PB_TTM":3.0416402801,"REPORT_DATE_SQ":"2021-06-30 00:00:00","REPORT_TYPE_SQ":"2021年中报","OPERATE_INCOME_SQ":324407190,"DPS_HKD":0.0174,"OPERATE_INCOME_QOQ_SQ":14.666109165665,"NET_PROFIT_RATIO_SQ":12.5781942005,"HOLDER_PROFIT_SQ":27035943.36,"HOLDER_PROFIT_QOQ_SQ":11.791035868462,"ROE_AVG_SQ":9.23176166023,"PE_TTM_SQ":10.056791468673,"PB_TTM_SQ":1.937783907959,"ROA_SQ":5.687381234005,"START_DATE":"2022-01-01 00:00:00","FISCAL_YEAR":"12-31","CURRENCY":"HKD","IS_CNY_CODE":0,"DPS_HKD_LY":0.04,"ORG_TYPE":"一般企业","PREMIUM_INCOME":null,"PREMIUM_INCOME_YOY":null,"NET_INTEREST_INCOME":null,"NET_INTEREST_INCOME_YOY":null,"FEE_COMMISSION_INCOME":null,"FEE_COMMISSION_INCOME_YOY":null,"ACCOUNTS_RECE_TDAYS":3.241850529533,"INVENTORY_TDAYS":null,"CURRENT_ASSETS_TDAYS":1.230482704571,"TOTAL_ASSETS_TDAYS":0.6332784286,"PREMIUM_EXPENSE":null,"LOAN_DEPOSIT":null,"LOAN_EQUITY":null,"LOAN_ASSETS":null,"DEPOSIT_EQUITY":null,"DEPOSIT_ASSETS":null,"EQUITY_MULTIPLIER":1.475195651254,"EQUITY_RATIO":0.582695729307},{"SECUCODE":"01586.HK","SECURITY_CODE":"01586","SECURITY_NAME_ABBR":"力鸿检验","ORG_CODE":"10516191","STD_REPORT_DATE":"2021-12-31 00:00:00","REPORT_DATE":"2021-12-31 00:00:00","DATE_TYPE_CODE":"001","REPORT_TYPE":"2021年年报","PER_NETCASH_OPERATE":0.248246264682,"PER_OI":1.509490371577,"BPS":0.472399902128,"BASIC_EPS":0.08494864,"DILUTED_EPS":0.08453984,"OPERATE_INCOME":669473772.8,"OPERATE_INCOME_YOY":25.9921465324,"GROSS_PROFIT":283209281.6,"GROSS_PROFIT_YOY":21.447909184791,"HOLDER_PROFIT":40745913.6,"HOLDER_PROFIT_YOY":-4.9928510152,"GROSS_PROFIT_RATIO":42.303267597102,"EPS_TTM":0.091871506785,"OPERATE_INCOME_QOQ":1.717145791678,"NET_PROFIT_RATIO":10.9515062992,"ROE_AVG":15.448113390318,"GROSS_PROFIT_QOQ":2.180383452516,"ROA":9.014771374718,"HOLDER_PROFIT_QOQ":-27.490633163683,"ROE_YEARLY":15.448113390318,"ROIC_YEARLY":12.88484409742,"TOTAL_ASSETS":544628705.6,"TOTAL_LIABILITIES":195841363.2,"TAX_EBT":20.474277454084,"OCF_SALES":16.445700440141,"TOTAL_PARENT_EQUITY":284228828.8,"DEBT_ASSET_RATIO":35.9586928097,"OPERATE_PROFIT":95255305.6,"PRETAX_PROFIT":92193393.6,"NETCASH_OPERATE":110099651.2,"NETCASH_INVEST":-51454838.4,"NETCASH_FINANCE":-15121512,"END_CASH":123159993.6,"DIVI_RATIO":0.171633497172,"DIVIDEND_RATE":0.737288135593,"CURRENT_RATIO":1.671794819942,"COMMON_ACS":1000000000,"CURRENTDEBT_DEBT":82.576440726083,"ISSUED_COMMON_SHARES":601669957,"HK_COMMON_SHARES":601669957,"PER_SHARES":4000,"TOTAL_MARKET_CAP":1419941098.52,"HKSK_MARKET_CAP":1419941098.52,"PE_TTM":17.193067982273,"PB_TTM":3.0416402801,"REPORT_DATE_SQ":"2020-12-31 00:00:00","REPORT_TYPE_SQ":"2020年年报","OPERATE_INCOME_SQ":546985202.56,"DPS_HKD":0.0174,"OPERATE_INCOME_QOQ_SQ":22.989599269763,"NET_PROFIT_RATIO_SQ":13.0416906218,"HOLDER_PROFIT_SQ":44148226.2,"HOLDER_PROFIT_QOQ_SQ":56.668225027271,"ROE_AVG_SQ":21.207109678563,"PE_TTM_SQ":10.056791468673,"PB_TTM_SQ":1.937783907959,"ROA_SQ":11.772048439941,"START_DATE":"2021-01-01 00:00:00","FISCAL_YEAR":"12-31","CURRENCY":"HKD","IS_CNY_CODE":0,"DPS_HKD_LY":0.0675,"ORG_TYPE":"一般企业","PREMIUM_INCOME":null,"PREMIUM_INCOME_YOY":null,"NET_INTEREST_INCOME":null,"NET_INTEREST_INCOME_YOY":null,"FEE_COMMISSION_INCOME":null,"FEE_COMMISSION_INCOME_YOY":null,"ACCOUNTS_RECE_TDAYS":6.209805059134,"INVENTORY_TDAYS":null,"CURRENT_ASSETS_TDAYS":3.031528596393,"TOTAL_ASSETS_TDAYS":1.481167673011,"PREMIUM_EXPENSE":null,"LOAN_DEPOSIT":null,"LOAN_EQUITY":null,"LOAN_ASSETS":null,"DEPOSIT_EQUITY":null,"DEPOSIT_ASSETS":null,"EQUITY_MULTIPLIER":1.56149217415,"EQUITY_RATIO":0.6890270914},{"SECUCODE":"01586.HK","SECURITY_CODE":"01586","SECURITY_NAME_ABBR":"力鸿检验","ORG_CODE":"10516191","STD_REPORT_DATE":"2021-06-30 00:00:00","REPORT_DATE":"2021-06-30 00:00:00","DATE_TYPE_CODE":"002","REPORT_TYPE":"2021年中报","PER_NETCASH_OPERATE":0.132540424288,"PER_OI":0.731640801197,"BPS":0.484498181451,"BASIC_EPS":0.062156376,"DILUTED_EPS":0.062073168,"OPERATE_INCOME":324407190,"OPERATE_INCOME_YOY":34.7731619363,"GROSS_PROFIT":136612558.56,"GROSS_PROFIT_YOY":31.833590890229,"HOLDER_PROFIT":27035943.36,"HOLDER_PROFIT_YOY":27.8734010534,"GROSS_PROFIT_RATIO":42.111312375295,"EPS_TTM":0.126735240308,"OPERATE_INCOME_QOQ":14.666109165665,"NET_PROFIT_RATIO":12.5781942005,"ROE_AVG":9.23176166023,"GROSS_PROFIT_QOQ":13.87544475213,"ROA":5.687381234005,"HOLDER_PROFIT_QOQ":11.791035868462,"ROE_YEARLY":18.46352332046,"ROIC_YEARLY":16.247109507108,"TOTAL_ASSETS":516666000,"TOTAL_LIABILITIES":183818000,"TAX_EBT":18.771947260319,"OCF_SALES":18.012020682194,"TOTAL_PARENT_EQUITY":291508000,"DEBT_ASSET_RATIO":35.5777233261,"OPERATE_PROFIT":56419184.4,"PRETAX_PROFIT":50234333.76,"NETCASH_OPERATE":48899677.44,"NETCASH_INVEST":-28786639.68,"NETCASH_FINANCE":34440623.28,"END_CASH":118917545.28,"DIVI_RATIO":0.124418653893,"DIVIDEND_RATE":0.737288135593,"CURRENT_RATIO":2.128586788266,"COMMON_ACS":1000000000,"CURRENTDEBT_DEBT":71.342849992928,"ISSUED_COMMON_SHARES":601669957,"HK_COMMON_SHARES":601669957,"PER_SHARES":4000,"TOTAL_MARKET_CAP":1419941098.52,"HKSK_MARKET_CAP":1419941098.52,"PE_TTM":17.193067982273,"PB_TTM":3.0416402801,"REPORT_DATE_SQ":"2020-06-30 00:00:00","REPORT_TYPE_SQ":"2020年中报","OPERATE_INCOME_SQ":242089000,"DPS_HKD":0.0174,"OPERATE_INCOME_QOQ_SQ":17.717476844845,"NET_PROFIT_RATIO_SQ":13.0819657233,"HOLDER_PROFIT_SQ":21264000,"HOLDER_PROFIT_QOQ_SQ":32.74171527864,"ROE_AVG_SQ":9.160640779585,"PE_TTM_SQ":10.056791468673,"PB_TTM_SQ":1.937783907959,"ROA_SQ":4.930645408128,"START_DATE":"2021-01-01 00:00:00","FISCAL_YEAR":"12-31","CURRENCY":"HKD","IS_CNY_CODE":0,"DPS_HKD_LY":0.0675,"ORG_TYPE":"一般企业","PREMIUM_INCOME":null,"PREMIUM_INCOME_YOY":null,"NET_INTEREST_INCOME":null,"NET_INTEREST_INCOME_YOY":null,"FEE_COMMISSION_INCOME":null,"FEE_COMMISSION_INCOME_YOY":null,"ACCOUNTS_RECE_TDAYS":3.126415858416,"INVENTORY_TDAYS":null,"CURRENT_ASSETS_TDAYS":1.335323741449,"TOTAL_ASSETS_TDAYS":0.682441823618,"PREMIUM_EXPENSE":null,"LOAN_DEPOSIT":null,"LOAN_EQUITY":null,"LOAN_ASSETS":null,"DEPOSIT_EQUITY":null,"DEPOSIT_ASSETS":null,"EQUITY_MULTIPLIER":1.552258087776,"EQUITY_RATIO":0.630576176297},{"SECUCODE":"01586.HK","SECURITY_CODE":"01586","SECURITY_NAME_ABBR":"力鸿检验","ORG_CODE":"10516191","STD_REPORT_DATE":"2020-12-31 00:00:00","REPORT_DATE":"2020-12-31 00:00:00","DATE_TYPE_CODE":"001","REPORT_TYPE":"2020年年报","PER_NETCASH_OPERATE":0.25554,"PER_OI":1.3674630064,"BPS":0.417346748128,"BASIC_EPS":0.100491816,"DILUTED_EPS":0.100491816,"OPERATE_INCOME":546985202.56,"OPERATE_INCOME_YOY":44.780253042,"GROSS_PROFIT":233194036.44,"GROSS_PROFIT_YOY":25.233764810131,"HOLDER_PROFIT":44148226.2,"HOLDER_PROFIT_YOY":107.9640891978,"GROSS_PROFIT_RATIO":42.403874631962,"EPS_TTM":0.1256675,"OPERATE_INCOME_QOQ":22.989599269763,"NET_PROFIT_RATIO":13.0416906218,"ROE_AVG":21.207109678563,"GROSS_PROFIT_QOQ":16.700469402531,"ROA":11.772048439941,"HOLDER_PROFIT_QOQ":56.668225027271,"ROE_YEARLY":21.207109678563,"ROIC_YEARLY":14.845847374281,"TOTAL_ASSETS":439538915.24,"TOTAL_LIABILITIES":166916569.72,"TAX_EBT":19.801900789991,"OCF_SALES":17.807975748706,"TOTAL_PARENT_EQUITY":250444289.88,"DEBT_ASSET_RATIO":37.4944541899,"OPERATE_PROFIT":98477771.48,"PRETAX_PROFIT":83951906.72,"NETCASH_OPERATE":97153871.76,"NETCASH_INVEST":-32954414.2,"NETCASH_FINANCE":-60295931.24,"END_CASH":78883550.64,"DIVI_RATIO":0.125475783317,"DIVIDEND_RATE":0.737288135593,"CURRENT_RATIO":1.508270828235,"COMMON_ACS":1000000000,"CURRENTDEBT_DEBT":84.506083510233,"ISSUED_COMMON_SHARES":601669957,"HK_COMMON_SHARES":601669957,"PER_SHARES":4000,"TOTAL_MARKET_CAP":1419941098.52,"HKSK_MARKET_CAP":1419941098.52,"PE_TTM":17.193067982273,"PB_TTM":3.0416402801,"REPORT_DATE_SQ":"2019-12-31 00:00:00","REPORT_TYPE_SQ":"2019年年报","OPERATE_INCOME_SQ":396456000,"DPS_HKD":0.0174,"OPERATE_INCOME_QOQ_SQ":30.541122547761,"NET_PROFIT_RATIO_SQ":7.2535161531,"HOLDER_PROFIT_SQ":24171000,"HOLDER_PROFIT_QOQ_SQ":51.675451807229,"ROE_AVG_SQ":11.378952398214,"PE_TTM_SQ":10.056791468673,"PB_TTM_SQ":1.937783907959,"ROA_SQ":6.503358494577,"START_DATE":"2020-01-01 00:00:00","FISCAL_YEAR":"12-31","CURRENCY":"HKD","IS_CNY_CODE":0,"DPS_HKD_LY":0.041,"ORG_TYPE":"一般企业","PREMIUM_INCOME":null,"PREMIUM_INCOME_YOY":null,"NET_INTEREST_INCOME":null,"NET_INTEREST_INCOME_YOY":null,"FEE_COMMISSION_INCOME":null,"FEE_COMMISSION_INCOME_YOY":null,"ACCOUNTS_RECE_TDAYS":5.81202910021,"INVENTORY_TDAYS":null,"CURRENT_ASSETS_TDAYS":2.885626164137,"TOTAL_ASSETS_TDAYS":1.344229431643,"PREMIUM_EXPENSE":null,"LOAN_DEPOSIT":null,"LOAN_EQUITY":null,"LOAN_ASSETS":null,"DEPOSIT_EQUITY":null,"DEPOSIT_ASSETS":null,"EQUITY_MULTIPLIER":1.599858039858,"EQUITY_RATIO":0.666481834343},{"SECUCODE":"01586.HK","SECURITY_CODE":"01586","SECURITY_NAME_ABBR":"力鸿检验","ORG_CODE":"10516191","STD_REPORT_DATE":"2020-06-30 00:00:00","REPORT_DATE":"2020-06-30 00:00:00","DATE_TYPE_CODE":"002","REPORT_TYPE":"2020年中报","PER_NETCASH_OPERATE":0.130145,"PER_OI":0.6052225,"BPS":0.401040466111,"BASIC_EPS":0.0532,"DILUTED_EPS":0.0532,"OPERATE_INCOME":242089000,"OPERATE_INCOME_YOY":40.8747315926,"GROSS_PROFIT":103625000,"GROSS_PROFIT_YOY":27.508644132449,"HOLDER_PROFIT":21264000,"HOLDER_PROFIT_YOY":59.2808988764,"GROSS_PROFIT_RATIO":42.804505780932,"EPS_TTM":0.0802125,"OPERATE_INCOME_QOQ":17.717476844845,"NET_PROFIT_RATIO":13.0819657233,"ROE_AVG":9.160640779585,"GROSS_PROFIT_QOQ":12.005993330004,"ROA":4.930645408128,"HOLDER_PROFIT_QOQ":32.74171527864,"ROE_YEARLY":18.32128155917,"ROIC_YEARLY":12.672681979093,"TOTAL_ASSETS":448039000,"TOTAL_LIABILITIES":197555000,"TAX_EBT":18.485534850201,"OCF_SALES":21.503661876417,"TOTAL_PARENT_EQUITY":241294000,"DEBT_ASSET_RATIO":44.0932597385,"OPERATE_PROFIT":46828000,"PRETAX_PROFIT":38852000,"NETCASH_OPERATE":52058000,"NETCASH_INVEST":-13073000,"NETCASH_FINANCE":-5555000,"END_CASH":107833000,"DIVI_RATIO":0.196580682562,"DIVIDEND_RATE":0.737288135593,"CURRENT_RATIO":1.36581365023,"COMMON_ACS":1000000000,"CURRENTDEBT_DEBT":85.787249120498,"ISSUED_COMMON_SHARES":601669957,"HK_COMMON_SHARES":601669957,"PER_SHARES":4000,"TOTAL_MARKET_CAP":1419941098.52,"HKSK_MARKET_CAP":1419941098.52,"PE_TTM":17.193067982273,"PB_TTM":3.0416402801,"REPORT_DATE_SQ":"2019-06-30 00:00:00","REPORT_TYPE_SQ":"2019年中报","OPERATE_INCOME_SQ":171847000,"DPS_HKD":0.0174,"OPERATE_INCOME_QOQ_SQ":29.925989304813,"NET_PROFIT_RATIO_SQ":7.4170628524,"HOLDER_PROFIT_SQ":13350000,"HOLDER_PROFIT_QOQ_SQ":13.658084302118,"ROE_AVG_SQ":6.420815948633,"PE_TTM_SQ":10.056791468673,"PB_TTM_SQ":1.937783907959,"ROA_SQ":3.711513894546,"START_DATE":"2020-01-01 00:00:00","FISCAL_YEAR":"12-31","CURRENCY":"HKD","IS_CNY_CODE":0,"DPS_HKD_LY":0.041,"ORG_TYPE":"一般企业","PREMIUM_INCOME":null,"PREMIUM_INCOME_YOY":null,"NET_INTEREST_INCOME":null,"NET_INTEREST_INCOME_YOY":null,"FEE_COMMISSION_INCOME":null,"FEE_COMMISSION_INCOME_YOY":null,"ACCOUNTS_RECE_TDAYS":2.413095700886,"INVENTORY_TDAYS":null,"CURRENT_ASSETS_TDAYS":1.153439153439,"TOTAL_ASSETS_TDAYS":0.561350176923,"PREMIUM_EXPENSE":null,"LOAN_DEPOSIT":null,"LOAN_EQUITY":null,"LOAN_ASSETS":null,"DEPOSIT_EQUITY":null,"DEPOSIT_ASSETS":null,"EQUITY_MULTIPLIER":1.788693090176,"EQUITY_RATIO":0.818731505964}],"count":23},"success":true,"message":"ok","code":0}