{"version":"c171a628e9f7e8e742111742f8654526","result":{"pages":3,"data":[{"SECUCODE":"01596.HK","SECURITY_CODE":"01596","SECURITY_NAME_ABBR":"翼辰实业","ORG_CODE":"10522307","STD_REPORT_DATE":"2024-06-30 00:00:00","REPORT_DATE":"2024-06-30 00:00:00","DATE_TYPE_CODE":"002","REPORT_TYPE":"2024年中报","PER_NETCASH_OPERATE":0.027771095073,"PER_OI":0.555451973626,"BPS":2.689532656153,"BASIC_EPS":-0.05,"DILUTED_EPS":-0.05,"OPERATE_INCOME":498707000,"OPERATE_INCOME_YOY":-8.0963288804,"GROSS_PROFIT":101588000,"GROSS_PROFIT_YOY":-17.552915205817,"HOLDER_PROFIT":-42177000,"HOLDER_PROFIT_YOY":-24.3645692045,"GROSS_PROFIT_RATIO":20.370277537713,"EPS_TTM":0.045866997839,"OPERATE_INCOME_QOQ":-3.672961467976,"NET_PROFIT_RATIO":-8.4560673903,"ROE_AVG":-1.728377860601,"GROSS_PROFIT_QOQ":-7.423349064142,"ROA":-1.221283392059,"HOLDER_PROFIT_QOQ":-16.71175944851,"ROE_YEARLY":-3.456755721202,"ROIC_YEARLY":-2.572068027003,"TOTAL_ASSETS":3467804000,"TOTAL_LIABILITIES":1039884000,"TAX_EBT":18.262167348284,"OCF_SALES":4.99972929997,"TOTAL_PARENT_EQUITY":2414770000,"DEBT_ASSET_RATIO":29.9868158639,"OPERATE_PROFIT":-42490000,"PRETAX_PROFIT":-51593000,"NETCASH_OPERATE":24934000,"NETCASH_INVEST":-42036000,"NETCASH_FINANCE":58434000,"END_CASH":131005000,"DIVI_RATIO":0.217333169154,"DIVIDEND_RATE":0.4296875,"CURRENT_RATIO":2.367438466427,"COMMON_ACS":null,"CURRENTDEBT_DEBT":77.620292263368,"ISSUED_COMMON_SHARES":897840000,"HK_COMMON_SHARES":224460000,"PER_SHARES":1000,"TOTAL_MARKET_CAP":2298470400,"HKSK_MARKET_CAP":574617600,"PE_TTM":50.927082576167,"PB_TTM":0.868723714752,"REPORT_DATE_SQ":"2023-06-30 00:00:00","REPORT_TYPE_SQ":"2023年中报","OPERATE_INCOME_SQ":542641000,"DPS_HKD":0.011,"OPERATE_INCOME_QOQ_SQ":-8.212014291439,"NET_PROFIT_RATIO_SQ":-6.1724049602,"HOLDER_PROFIT_SQ":-33914000,"HOLDER_PROFIT_QOQ_SQ":-66.675543052358,"ROE_AVG_SQ":-1.400515679322,"PE_TTM_SQ":59.081264475118,"PB_TTM_SQ":1.317048775246,"ROA_SQ":-0.963782166755,"START_DATE":"2024-01-01 00:00:00","FISCAL_YEAR":"12-31","CURRENCY":"HKD","IS_CNY_CODE":0,"DPS_HKD_LY":0.011,"ORG_TYPE":"一般企业","PREMIUM_INCOME":null,"PREMIUM_INCOME_YOY":null,"NET_INTEREST_INCOME":null,"NET_INTEREST_INCOME_YOY":null,"FEE_COMMISSION_INCOME":null,"FEE_COMMISSION_INCOME_YOY":null,"ACCOUNTS_RECE_TDAYS":0.416715165771,"INVENTORY_TDAYS":1.004075539528,"CURRENT_ASSETS_TDAYS":0.258449631102,"TOTAL_ASSETS_TDAYS":0.144406329659,"PREMIUM_EXPENSE":null,"LOAN_DEPOSIT":null,"LOAN_EQUITY":null,"LOAN_ASSETS":null,"DEPOSIT_EQUITY":null,"DEPOSIT_ASSETS":null,"EQUITY_MULTIPLIER":1.428302415237,"EQUITY_RATIO":0.430634801658},{"SECUCODE":"01596.HK","SECURITY_CODE":"01596","SECURITY_NAME_ABBR":"翼辰实业","ORG_CODE":"10522307","STD_REPORT_DATE":"2023-12-31 00:00:00","REPORT_DATE":"2023-12-31 00:00:00","DATE_TYPE_CODE":"001","REPORT_TYPE":"2023年年报","PER_NETCASH_OPERATE":0.215656640849,"PER_OI":1.33224906304,"BPS":2.746323841898,"BASIC_EPS":0.06,"DILUTED_EPS":0.06,"OPERATE_INCOME":1196146498.76,"OPERATE_INCOME_YOY":-4.9369282344,"GROSS_PROFIT":291350976.67,"GROSS_PROFIT_YOY":-3.688800429634,"HOLDER_PROFIT":49444225.34,"HOLDER_PROFIT_YOY":-69.2954274095,"GROSS_PROFIT_RATIO":24.357465993675,"EPS_TTM":0.055070196627,"OPERATE_INCOME_QOQ":3.568098844088,"NET_PROFIT_RATIO":4.2053963291,"ROE_AVG":2.007176301327,"GROSS_PROFIT_QOQ":7.153737974372,"ROA":1.405739708434,"HOLDER_PROFIT_QOQ":-7.861709671749,"ROE_YEARLY":2.007176301327,"ROIC_YEARLY":1.472174930629,"TOTAL_ASSETS":3439192000,"TOTAL_LIABILITIES":960288000,"TAX_EBT":-0.342215687197,"OCF_SALES":16.187411710917,"TOTAL_PARENT_EQUITY":2465760000,"DEBT_ASSET_RATIO":27.9219219203,"OPERATE_PROFIT":67641643.11,"PRETAX_PROFIT":50131144.31,"NETCASH_OPERATE":193625158.42,"NETCASH_INVEST":-31878670.17,"NETCASH_FINANCE":-148131955.67,"END_CASH":90061255.64,"DIVI_RATIO":0.181012972723,"DIVIDEND_RATE":0.423076923077,"CURRENT_RATIO":2.419637383469,"COMMON_ACS":null,"CURRENTDEBT_DEBT":83.850886400746,"ISSUED_COMMON_SHARES":897840000,"HK_COMMON_SHARES":224460000,"PER_SHARES":1000,"TOTAL_MARKET_CAP":2334384000,"HKSK_MARKET_CAP":583596000,"PE_TTM":51.722818241419,"PB_TTM":0.882297522795,"REPORT_DATE_SQ":"2022-12-31 00:00:00","REPORT_TYPE_SQ":"2022年年报","OPERATE_INCOME_SQ":1258266197.95,"DPS_HKD":0.011,"OPERATE_INCOME_QOQ_SQ":-11.088798269469,"NET_PROFIT_RATIO_SQ":12.8875101599,"HOLDER_PROFIT_SQ":161032123.78,"HOLDER_PROFIT_QOQ_SQ":-30.177494232342,"ROE_AVG_SQ":6.694739781057,"PE_TTM_SQ":65.940303094921,"PB_TTM_SQ":1.469951535433,"ROA_SQ":4.724142395228,"START_DATE":"2023-01-01 00:00:00","FISCAL_YEAR":"12-31","CURRENCY":"HKD","IS_CNY_CODE":0,"DPS_HKD_LY":0.056,"ORG_TYPE":"一般企业","PREMIUM_INCOME":null,"PREMIUM_INCOME_YOY":null,"NET_INTEREST_INCOME":null,"NET_INTEREST_INCOME_YOY":null,"FEE_COMMISSION_INCOME":null,"FEE_COMMISSION_INCOME_YOY":null,"ACCOUNTS_RECE_TDAYS":0.90512002106,"INVENTORY_TDAYS":2.547924169933,"CURRENT_ASSETS_TDAYS":0.57862594476,"TOTAL_ASSETS_TDAYS":0.340074218748,"PREMIUM_EXPENSE":null,"LOAN_DEPOSIT":null,"LOAN_EQUITY":null,"LOAN_ASSETS":null,"DEPOSIT_EQUITY":null,"DEPOSIT_ASSETS":null,"EQUITY_MULTIPLIER":1.387384384603,"EQUITY_RATIO":0.389449094802},{"SECUCODE":"01596.HK","SECURITY_CODE":"01596","SECURITY_NAME_ABBR":"翼辰实业","ORG_CODE":"10522307","STD_REPORT_DATE":"2023-06-30 00:00:00","REPORT_DATE":"2023-06-30 00:00:00","DATE_TYPE_CODE":"002","REPORT_TYPE":"2023年中报","PER_NETCASH_OPERATE":0.182179452909,"PER_OI":0.604384968369,"BPS":2.653131961151,"BASIC_EPS":-0.04,"DILUTED_EPS":-0.04,"OPERATE_INCOME":542641000,"OPERATE_INCOME_YOY":-15.9959440841,"GROSS_PROFIT":123216000,"GROSS_PROFIT_YOY":-19.899106782989,"HOLDER_PROFIT":-33914000,"HOLDER_PROFIT_YOY":-146.169763801,"GROSS_PROFIT_RATIO":22.706725072378,"EPS_TTM":0.059769067161,"OPERATE_INCOME_QOQ":-8.212014291439,"NET_PROFIT_RATIO":-6.1724049602,"ROE_AVG":-1.400515679322,"GROSS_PROFIT_QOQ":-10.118674914167,"ROA":-0.963782166755,"HOLDER_PROFIT_QOQ":-66.675543052358,"ROE_YEARLY":-2.801031358644,"ROIC_YEARLY":-2.044807227198,"TOTAL_ASSETS":3442262000,"TOTAL_LIABILITIES":1047468000,"TAX_EBT":30.066396625882,"OCF_SALES":30.142949021545,"TOTAL_PARENT_EQUITY":2382088000,"DEBT_ASSET_RATIO":30.4296419041,"OPERATE_PROFIT":-38477000,"PRETAX_PROFIT":-47894000,"NETCASH_OPERATE":163568000,"NETCASH_INVEST":13414000,"NETCASH_FINANCE":-108765000,"END_CASH":144999000,"DIVI_RATIO":0.16678225834,"DIVIDEND_RATE":0.436507936508,"CURRENT_RATIO":2.198106547957,"COMMON_ACS":null,"CURRENTDEBT_DEBT":86.148025524407,"ISSUED_COMMON_SHARES":897840000,"HK_COMMON_SHARES":224460000,"PER_SHARES":1000,"TOTAL_MARKET_CAP":2262556800,"HKSK_MARKET_CAP":565639200,"PE_TTM":50.131346910914,"PB_TTM":0.855149906709,"REPORT_DATE_SQ":"2022-06-30 00:00:00","REPORT_TYPE_SQ":"2022年中报","OPERATE_INCOME_SQ":645970000,"DPS_HKD":0.011,"OPERATE_INCOME_QOQ_SQ":3.780235417056,"NET_PROFIT_RATIO_SQ":11.4992956329,"HOLDER_PROFIT_SQ":73455000,"HOLDER_PROFIT_QOQ_SQ":-6.281096822932,"ROE_AVG_SQ":3.110316628332,"PE_TTM_SQ":61.263685854146,"PB_TTM_SQ":1.365699653487,"ROA_SQ":2.201313026116,"START_DATE":"2023-01-01 00:00:00","FISCAL_YEAR":"12-31","CURRENCY":"HKD","IS_CNY_CODE":0,"DPS_HKD_LY":0.056,"ORG_TYPE":"一般企业","PREMIUM_INCOME":null,"PREMIUM_INCOME_YOY":null,"NET_INTEREST_INCOME":null,"NET_INTEREST_INCOME_YOY":null,"FEE_COMMISSION_INCOME":null,"FEE_COMMISSION_INCOME_YOY":null,"ACCOUNTS_RECE_TDAYS":0.421283021033,"INVENTORY_TDAYS":1.097116038094,"CURRENT_ASSETS_TDAYS":0.260282331272,"TOTAL_ASSETS_TDAYS":0.154209977812,"PREMIUM_EXPENSE":null,"LOAN_DEPOSIT":null,"LOAN_EQUITY":null,"LOAN_ASSETS":null,"DEPOSIT_EQUITY":null,"DEPOSIT_ASSETS":null,"EQUITY_MULTIPLIER":1.437393780008,"EQUITY_RATIO":0.439726827892},{"SECUCODE":"01596.HK","SECURITY_CODE":"01596","SECURITY_NAME_ABBR":"翼辰实业","ORG_CODE":"10522307","STD_REPORT_DATE":"2022-12-31 00:00:00","REPORT_DATE":"2022-12-31 00:00:00","DATE_TYPE_CODE":"001","REPORT_TYPE":"2022年年报","PER_NETCASH_OPERATE":-0.135157980743,"PER_OI":1.401437002083,"BPS":2.741001771218,"BASIC_EPS":0.18,"DILUTED_EPS":0.18,"OPERATE_INCOME":1258266197.95,"OPERATE_INCOME_YOY":-7.7277455319,"GROSS_PROFIT":302509965.58,"GROSS_PROFIT_YOY":-27.282833144332,"HOLDER_PROFIT":161032123.78,"HOLDER_PROFIT_YOY":-34.5631134238,"GROSS_PROFIT_RATIO":24.041809759561,"EPS_TTM":0.179354962198,"OPERATE_INCOME_QOQ":-11.088798269469,"NET_PROFIT_RATIO":12.8875101599,"ROE_AVG":6.694739781057,"GROSS_PROFIT_QOQ":-17.616440835485,"ROA":4.724142395228,"HOLDER_PROFIT_QOQ":-30.177494232342,"ROE_YEARLY":6.694739781057,"ROIC_YEARLY":4.972637812459,"TOTAL_ASSETS":3595432081.95,"TOTAL_LIABILITIES":1122160934.09,"TAX_EBT":11.617666540157,"OCF_SALES":-9.644242341383,"TOTAL_PARENT_EQUITY":2460985233.77,"DEBT_ASSET_RATIO":31.2107757971,"OPERATE_PROFIT":203138172.61,"PRETAX_PROFIT":183474731.06,"NETCASH_OPERATE":-121350241.43,"NETCASH_INVEST":-101316581.06,"NETCASH_FINANCE":233687923.66,"END_CASH":77019860.44,"DIVI_RATIO":0.055579281877,"DIVIDEND_RATE":0.436507936508,"CURRENT_RATIO":2.378329245321,"COMMON_ACS":null,"CURRENTDEBT_DEBT":81.911943179113,"ISSUED_COMMON_SHARES":897840000,"HK_COMMON_SHARES":224460000,"PER_SHARES":1000,"TOTAL_MARKET_CAP":2262556800,"HKSK_MARKET_CAP":565639200,"PE_TTM":50.131346910914,"PB_TTM":0.855149906709,"REPORT_DATE_SQ":"2021-12-31 00:00:00","REPORT_TYPE_SQ":"2021年年报","OPERATE_INCOME_SQ":1363645231.39,"DPS_HKD":0.011,"OPERATE_INCOME_QOQ_SQ":17.387173215005,"NET_PROFIT_RATIO_SQ":18.2214382898,"HOLDER_PROFIT_SQ":246087593.23,"HOLDER_PROFIT_QOQ_SQ":14.714093655804,"ROE_AVG_SQ":11.051775642436,"PE_TTM_SQ":61.263685854146,"PB_TTM_SQ":1.365699653487,"ROA_SQ":8.042065987413,"START_DATE":"2022-01-01 00:00:00","FISCAL_YEAR":"12-31","CURRENCY":"HKD","IS_CNY_CODE":0,"DPS_HKD_LY":0.0648,"ORG_TYPE":"一般企业","PREMIUM_INCOME":null,"PREMIUM_INCOME_YOY":null,"NET_INTEREST_INCOME":null,"NET_INTEREST_INCOME_YOY":null,"FEE_COMMISSION_INCOME":null,"FEE_COMMISSION_INCOME_YOY":null,"ACCOUNTS_RECE_TDAYS":1.014594664007,"INVENTORY_TDAYS":2.374893945137,"CURRENT_ASSETS_TDAYS":0.612040613211,"TOTAL_ASSETS_TDAYS":0.369133246978,"PREMIUM_EXPENSE":null,"LOAN_DEPOSIT":null,"LOAN_EQUITY":null,"LOAN_ASSETS":null,"DEPOSIT_EQUITY":null,"DEPOSIT_ASSETS":null,"EQUITY_MULTIPLIER":1.45371606031,"EQUITY_RATIO":0.455980360504},{"SECUCODE":"01596.HK","SECURITY_CODE":"01596","SECURITY_NAME_ABBR":"翼辰实业","ORG_CODE":"10522307","STD_REPORT_DATE":"2022-06-30 00:00:00","REPORT_DATE":"2022-06-30 00:00:00","DATE_TYPE_CODE":"002","REPORT_TYPE":"2022年中报","PER_NETCASH_OPERATE":-0.067200169295,"PER_OI":0.719471175265,"BPS":2.643595740889,"BASIC_EPS":0.08,"DILUTED_EPS":0.08,"OPERATE_INCOME":645970000,"OPERATE_INCOME_YOY":8.6721364151,"GROSS_PROFIT":153826000,"GROSS_PROFIT_YOY":-24.088275644252,"HOLDER_PROFIT":73455000,"HOLDER_PROFIT_YOY":-17.3848005309,"GROSS_PROFIT_RATIO":23.813180178646,"EPS_TTM":0.256872709202,"OPERATE_INCOME_QOQ":3.780235417056,"NET_PROFIT_RATIO":11.4992956329,"ROE_AVG":3.110316628332,"GROSS_PROFIT_QOQ":-11.733399730331,"ROA":2.201313026116,"HOLDER_PROFIT_QOQ":-6.281096822932,"ROE_YEARLY":6.220633256663,"ROIC_YEARLY":4.657469357939,"TOTAL_ASSETS":3451672000,"TOTAL_LIABILITIES":1066159000,"TAX_EBT":10.082070401395,"OCF_SALES":-9.340217037943,"TOTAL_PARENT_EQUITY":2373526000,"DEBT_ASSET_RATIO":30.8881898396,"OPERATE_PROFIT":91163000,"PRETAX_PROFIT":82612000,"NETCASH_OPERATE":-60335000,"NETCASH_INVEST":-87577000,"NETCASH_FINANCE":180580000,"END_CASH":98497000,"DIVI_RATIO":0.038806847294,"DIVIDEND_RATE":0.436507936508,"CURRENT_RATIO":2.550558966114,"COMMON_ACS":null,"CURRENTDEBT_DEBT":75.552051804656,"ISSUED_COMMON_SHARES":897840000,"HK_COMMON_SHARES":224460000,"PER_SHARES":1000,"TOTAL_MARKET_CAP":2262556800,"HKSK_MARKET_CAP":565639200,"PE_TTM":50.131346910914,"PB_TTM":0.855149906709,"REPORT_DATE_SQ":"2021-06-30 00:00:00","REPORT_TYPE_SQ":"2021年中报","OPERATE_INCOME_SQ":594421000,"DPS_HKD":0.011,"OPERATE_INCOME_QOQ_SQ":1.716813588916,"NET_PROFIT_RATIO_SQ":15.0797162281,"HOLDER_PROFIT_SQ":88911000,"HOLDER_PROFIT_QOQ_SQ":-14.950489435858,"ROE_AVG_SQ":4.139071000313,"PE_TTM_SQ":61.263685854146,"PB_TTM_SQ":1.365699653487,"ROA_SQ":2.975186712578,"START_DATE":"2022-01-01 00:00:00","FISCAL_YEAR":"12-31","CURRENCY":"HKD","IS_CNY_CODE":0,"DPS_HKD_LY":0.0648,"ORG_TYPE":"一般企业","PREMIUM_INCOME":null,"PREMIUM_INCOME_YOY":null,"NET_INTEREST_INCOME":null,"NET_INTEREST_INCOME_YOY":null,"FEE_COMMISSION_INCOME":null,"FEE_COMMISSION_INCOME_YOY":null,"ACCOUNTS_RECE_TDAYS":0.554469592761,"INVENTORY_TDAYS":1.126486945253,"CURRENT_ASSETS_TDAYS":0.324601972002,"TOTAL_ASSETS_TDAYS":0.193588119841,"PREMIUM_EXPENSE":null,"LOAN_DEPOSIT":null,"LOAN_EQUITY":null,"LOAN_ASSETS":null,"DEPOSIT_EQUITY":null,"DEPOSIT_ASSETS":null,"EQUITY_MULTIPLIER":1.446930702118,"EQUITY_RATIO":0.449187832785},{"SECUCODE":"01596.HK","SECURITY_CODE":"01596","SECURITY_NAME_ABBR":"翼辰实业","ORG_CODE":"10522307","STD_REPORT_DATE":"2021-12-31 00:00:00","REPORT_DATE":"2021-12-31 00:00:00","DATE_TYPE_CODE":"001","REPORT_TYPE":"2021年年报","PER_NETCASH_OPERATE":0.151067926646,"PER_OI":1.51880650382,"BPS":2.617084369955,"BASIC_EPS":0.27,"DILUTED_EPS":0.27,"OPERATE_INCOME":1363645231.39,"OPERATE_INCOME_YOY":19.4024921564,"GROSS_PROFIT":416009009.51,"GROSS_PROFIT_YOY":2.611045628295,"HOLDER_PROFIT":246087593.23,"HOLDER_PROFIT_YOY":-2.4362247976,"GROSS_PROFIT_RATIO":30.507128975617,"EPS_TTM":0.274088471476,"OPERATE_INCOME_QOQ":17.387173215005,"NET_PROFIT_RATIO":18.2214382898,"ROE_AVG":11.051775642436,"GROSS_PROFIT_QOQ":4.072703316858,"ROA":8.042065987413,"HOLDER_PROFIT_QOQ":14.714093655804,"ROE_YEARLY":11.051775642436,"ROIC_YEARLY":8.627526224702,"TOTAL_ASSETS":3221981326.77,"TOTAL_LIABILITIES":861099506.8,"TAX_EBT":12.656487934401,"OCF_SALES":9.946489316854,"TOTAL_PARENT_EQUITY":2349723030.72,"DEBT_ASSET_RATIO":26.7257758338,"OPERATE_PROFIT":298376974.02,"PRETAX_PROFIT":284481089.04,"NETCASH_OPERATE":135634827.26,"NETCASH_INVEST":-151801205.94,"NETCASH_FINANCE":-54164253,"END_CASH":65940847.46,"DIVI_RATIO":0.036369351642,"DIVIDEND_RATE":0.436507936508,"CURRENT_RATIO":3.029394758819,"COMMON_ACS":null,"CURRENTDEBT_DEBT":73.816559685666,"ISSUED_COMMON_SHARES":897840000,"HK_COMMON_SHARES":224460000,"PER_SHARES":1000,"TOTAL_MARKET_CAP":2262556800,"HKSK_MARKET_CAP":565639200,"PE_TTM":50.131346910914,"PB_TTM":0.855149906709,"REPORT_DATE_SQ":"2020-12-31 00:00:00","REPORT_TYPE_SQ":"2020年年报","OPERATE_INCOME_SQ":1142057595.92,"DPS_HKD":0.011,"OPERATE_INCOME_QOQ_SQ":-9.875851777213,"NET_PROFIT_RATIO_SQ":22.506506458,"HOLDER_PROFIT_SQ":252232545.04,"HOLDER_PROFIT_QOQ_SQ":9.276455512174,"ROE_AVG_SQ":12.531939580898,"PE_TTM_SQ":61.263685854146,"PB_TTM_SQ":1.365699653487,"ROA_SQ":8.779582261011,"START_DATE":"2021-01-01 00:00:00","FISCAL_YEAR":"12-31","CURRENCY":"HKD","IS_CNY_CODE":0,"DPS_HKD_LY":null,"ORG_TYPE":"一般企业","PREMIUM_INCOME":null,"PREMIUM_INCOME_YOY":null,"NET_INTEREST_INCOME":null,"NET_INTEREST_INCOME_YOY":null,"FEE_COMMISSION_INCOME":null,"FEE_COMMISSION_INCOME_YOY":null,"ACCOUNTS_RECE_TDAYS":1.34706758909,"INVENTORY_TDAYS":2.239778775131,"CURRENT_ASSETS_TDAYS":0.733143803115,"TOTAL_ASSETS_TDAYS":0.445635019235,"PREMIUM_EXPENSE":null,"LOAN_DEPOSIT":null,"LOAN_EQUITY":null,"LOAN_ASSETS":null,"DEPOSIT_EQUITY":null,"DEPOSIT_ASSETS":null,"EQUITY_MULTIPLIER":1.364736387699,"EQUITY_RATIO":0.366468513753},{"SECUCODE":"01596.HK","SECURITY_CODE":"01596","SECURITY_NAME_ABBR":"翼辰实业","ORG_CODE":"10522307","STD_REPORT_DATE":"2021-06-30 00:00:00","REPORT_DATE":"2021-06-30 00:00:00","DATE_TYPE_CODE":"002","REPORT_TYPE":"2021年中报","PER_NETCASH_OPERATE":0.09623095429,"PER_OI":0.662056713891,"BPS":2.442023077608,"BASIC_EPS":0.1,"DILUTED_EPS":0.1,"OPERATE_INCOME":594421000,"OPERATE_INCOME_YOY":3.4110164331,"GROSS_PROFIT":202638000,"GROSS_PROFIT_YOY":-2.73313749208,"HOLDER_PROFIT":88911000,"HOLDER_PROFIT_YOY":-29.7817897505,"GROSS_PROFIT_RATIO":34.089979997342,"EPS_TTM":0.238931819745,"OPERATE_INCOME_QOQ":1.716813588916,"NET_PROFIT_RATIO":15.0797162281,"ROE_AVG":4.139071000313,"GROSS_PROFIT_QOQ":-1.404458270016,"ROA":2.975186712578,"HOLDER_PROFIT_QOQ":-14.950489435858,"ROE_YEARLY":8.278142000627,"ROIC_YEARLY":6.615154644226,"TOTAL_ASSETS":3078807000,"TOTAL_LIABILITIES":876764000,"TAX_EBT":12.435648206942,"OCF_SALES":14.535152694807,"TOTAL_PARENT_EQUITY":2192546000,"DEBT_ASSET_RATIO":28.4773940036,"OPERATE_PROFIT":109630000,"PRETAX_PROFIT":102367000,"NETCASH_OPERATE":86400000,"NETCASH_INVEST":-33675000,"NETCASH_FINANCE":20795000,"END_CASH":209214000,"DIVI_RATIO":0.041720772104,"DIVIDEND_RATE":0.436507936508,"CURRENT_RATIO":2.492038794802,"COMMON_ACS":null,"CURRENTDEBT_DEBT":88.258071727398,"ISSUED_COMMON_SHARES":897840000,"HK_COMMON_SHARES":224460000,"PER_SHARES":1000,"TOTAL_MARKET_CAP":2262556800,"HKSK_MARKET_CAP":565639200,"PE_TTM":50.131346910914,"PB_TTM":0.855149906709,"REPORT_DATE_SQ":"2020-06-30 00:00:00","REPORT_TYPE_SQ":"2020年中报","OPERATE_INCOME_SQ":574814000,"DPS_HKD":0.011,"OPERATE_INCOME_QOQ_SQ":11.28758440499,"NET_PROFIT_RATIO_SQ":22.2655198582,"HOLDER_PROFIT_SQ":126621000,"HOLDER_PROFIT_QOQ_SQ":19.089205954186,"ROE_AVG_SQ":6.439702878292,"PE_TTM_SQ":61.263685854146,"PB_TTM_SQ":1.365699653487,"ROA_SQ":4.446236482258,"START_DATE":"2021-01-01 00:00:00","FISCAL_YEAR":"12-31","CURRENCY":"HKD","IS_CNY_CODE":0,"DPS_HKD_LY":null,"ORG_TYPE":"一般企业","PREMIUM_INCOME":null,"PREMIUM_INCOME_YOY":null,"NET_INTEREST_INCOME":null,"NET_INTEREST_INCOME_YOY":null,"FEE_COMMISSION_INCOME":null,"FEE_COMMISSION_INCOME_YOY":null,"ACCOUNTS_RECE_TDAYS":0.614013776153,"INVENTORY_TDAYS":1.019798753152,"CURRENT_ASSETS_TDAYS":0.319342150084,"TOTAL_ASSETS_TDAYS":0.198908285913,"PREMIUM_EXPENSE":null,"LOAN_DEPOSIT":null,"LOAN_EQUITY":null,"LOAN_ASSETS":null,"DEPOSIT_EQUITY":null,"DEPOSIT_ASSETS":null,"EQUITY_MULTIPLIER":1.398159345662,"EQUITY_RATIO":0.399883970507},{"SECUCODE":"01596.HK","SECURITY_CODE":"01596","SECURITY_NAME_ABBR":"翼辰实业","ORG_CODE":"10522307","STD_REPORT_DATE":"2020-12-31 00:00:00","REPORT_DATE":"2020-12-31 00:00:00","DATE_TYPE_CODE":"001","REPORT_TYPE":"2020年年报","PER_NETCASH_OPERATE":0.166306369041,"PER_OI":1.272005698031,"BPS":2.342995898479,"BASIC_EPS":0.28,"DILUTED_EPS":0.28,"OPERATE_INCOME":1142057595.92,"OPERATE_INCOME_YOY":0.4524754411,"GROSS_PROFIT":405423224.14,"GROSS_PROFIT_YOY":11.659554747659,"HOLDER_PROFIT":252232545.04,"HOLDER_PROFIT_YOY":30.1364631643,"GROSS_PROFIT_RATIO":35.499367596553,"EPS_TTM":0.28093262167,"OPERATE_INCOME_QOQ":-9.875851777213,"NET_PROFIT_RATIO":22.506506458,"ROE_AVG":12.531939580898,"GROSS_PROFIT_QOQ":-13.171646783947,"ROA":8.779582261011,"HOLDER_PROFIT_QOQ":9.276455512174,"ROE_YEARLY":12.531939580898,"ROIC_YEARLY":10.049518917723,"TOTAL_ASSETS":2898027974.7,"TOTAL_LIABILITIES":785621929.06,"TAX_EBT":13.27422809028,"OCF_SALES":13.074341514249,"TOTAL_PARENT_EQUITY":2103635437.49,"DEBT_ASSET_RATIO":27.1088455984,"OPERATE_PROFIT":311129299.89,"PRETAX_PROFIT":296379335.6,"NETCASH_OPERATE":149316510.38,"NETCASH_INVEST":-197211585.31,"NETCASH_FINANCE":-94797663.47,"END_CASH":135784688.22,"DIVI_RATIO":0.035483312478,"DIVIDEND_RATE":0.436507936508,"CURRENT_RATIO":2.381458184718,"COMMON_ACS":null,"CURRENTDEBT_DEBT":95.910137397966,"ISSUED_COMMON_SHARES":897840000,"HK_COMMON_SHARES":224460000,"PER_SHARES":1000,"TOTAL_MARKET_CAP":2262556800,"HKSK_MARKET_CAP":565639200,"PE_TTM":50.131346910914,"PB_TTM":0.855149906709,"REPORT_DATE_SQ":"2019-12-31 00:00:00","REPORT_TYPE_SQ":"2019年年报","OPERATE_INCOME_SQ":1136913342.26,"DPS_HKD":0.011,"OPERATE_INCOME_QOQ_SQ":16.137968206468,"NET_PROFIT_RATIO_SQ":17.276478825,"HOLDER_PROFIT_SQ":193821576.91,"HOLDER_PROFIT_QOQ_SQ":24.014855114563,"ROE_AVG_SQ":10.421049397909,"PE_TTM_SQ":61.263685854146,"PB_TTM_SQ":1.365699653487,"ROA_SQ":7.224992864263,"START_DATE":"2020-01-01 00:00:00","FISCAL_YEAR":"12-31","CURRENCY":"HKD","IS_CNY_CODE":0,"DPS_HKD_LY":0.065194,"ORG_TYPE":"一般企业","PREMIUM_INCOME":null,"PREMIUM_INCOME_YOY":null,"NET_INTEREST_INCOME":null,"NET_INTEREST_INCOME_YOY":null,"FEE_COMMISSION_INCOME":null,"FEE_COMMISSION_INCOME_YOY":null,"ACCOUNTS_RECE_TDAYS":1.176098854302,"INVENTORY_TDAYS":1.960556726361,"CURRENT_ASSETS_TDAYS":0.605112150897,"TOTAL_ASSETS_TDAYS":0.397521604859,"PREMIUM_EXPENSE":null,"LOAN_DEPOSIT":null,"LOAN_EQUITY":null,"LOAN_ASSETS":null,"DEPOSIT_EQUITY":null,"DEPOSIT_ASSETS":null,"EQUITY_MULTIPLIER":1.371908578221,"EQUITY_RATIO":0.373459162676},{"SECUCODE":"01596.HK","SECURITY_CODE":"01596","SECURITY_NAME_ABBR":"翼辰实业","ORG_CODE":"10522307","STD_REPORT_DATE":"2020-06-30 00:00:00","REPORT_DATE":"2020-06-30 00:00:00","DATE_TYPE_CODE":"002","REPORT_TYPE":"2020年中报","PER_NETCASH_OPERATE":-0.004293638065,"PER_OI":0.640218747216,"BPS":2.239498128843,"BASIC_EPS":0.14,"DILUTED_EPS":0.14,"OPERATE_INCOME":574814000,"OPERATE_INCOME_YOY":28.7324793776,"GROSS_PROFIT":208332000,"GROSS_PROFIT_YOY":45.454799340911,"HOLDER_PROFIT":126621000,"HOLDER_PROFIT_YOY":41.283390239,"GROSS_PROFIT_RATIO":38.188688550496,"EPS_TTM":0.257084310022,"OPERATE_INCOME_QOQ":11.28758440499,"NET_PROFIT_RATIO":22.2655198582,"ROE_AVG":6.439702878292,"GROSS_PROFIT_QOQ":19.650731475528,"ROA":4.446236482258,"HOLDER_PROFIT_QOQ":19.089205954186,"ROE_YEARLY":12.879405756584,"ROIC_YEARLY":10.455702219856,"TOTAL_ASSETS":2847787000,"TOTAL_LIABILITIES":760293000,"TAX_EBT":13.934943414464,"OCF_SALES":-0.669434705371,"TOTAL_PARENT_EQUITY":2010711000,"DEBT_ASSET_RATIO":26.6976778811,"OPERATE_PROFIT":154251000,"PRETAX_PROFIT":148978000,"NETCASH_OPERATE":-3855000,"NETCASH_INVEST":-52988000,"NETCASH_FINANCE":-47299000,"END_CASH":176786000,"DIVI_RATIO":0.038774906174,"DIVIDEND_RATE":0.436507936508,"CURRENT_RATIO":2.514407104301,"COMMON_ACS":null,"CURRENTDEBT_DEBT":94.420835125406,"ISSUED_COMMON_SHARES":897840000,"HK_COMMON_SHARES":224460000,"PER_SHARES":1000,"TOTAL_MARKET_CAP":2262556800,"HKSK_MARKET_CAP":565639200,"PE_TTM":50.131346910914,"PB_TTM":0.855149906709,"REPORT_DATE_SQ":"2019-06-30 00:00:00","REPORT_TYPE_SQ":"2019年中报","OPERATE_INCOME_SQ":447330000,"DPS_HKD":0.011,"OPERATE_INCOME_QOQ_SQ":-11.787108847822,"NET_PROFIT_RATIO_SQ":18.828158183,"HOLDER_PROFIT_SQ":89622000,"HOLDER_PROFIT_QOQ_SQ":-13.254222424501,"ROE_AVG_SQ":4.479223256256,"PE_TTM_SQ":61.263685854146,"PB_TTM_SQ":1.365699653487,"ROA_SQ":3.23848544682,"START_DATE":"2020-01-01 00:00:00","FISCAL_YEAR":"12-31","CURRENCY":"HKD","IS_CNY_CODE":0,"DPS_HKD_LY":0.065194,"ORG_TYPE":"一般企业","PREMIUM_INCOME":null,"PREMIUM_INCOME_YOY":null,"NET_INTEREST_INCOME":null,"NET_INTEREST_INCOME_YOY":null,"FEE_COMMISSION_INCOME":null,"FEE_COMMISSION_INCOME_YOY":null,"ACCOUNTS_RECE_TDAYS":0.562000595652,"INVENTORY_TDAYS":0.983075659541,"CURRENT_ASSETS_TDAYS":0.304259100904,"TOTAL_ASSETS_TDAYS":0.202210162172,"PREMIUM_EXPENSE":null,"LOAN_DEPOSIT":null,"LOAN_EQUITY":null,"LOAN_ASSETS":null,"DEPOSIT_EQUITY":null,"DEPOSIT_ASSETS":null,"EQUITY_MULTIPLIER":1.364213262409,"EQUITY_RATIO":0.378121470465}],"count":21},"success":true,"message":"ok","code":0}