{"version":"df311b2d006b5f404c2d09bd0b613c2f","result":{"pages":3,"data":[{"SECUCODE":"01592.HK","SECURITY_CODE":"01592","SECURITY_NAME_ABBR":"基石控股","ORG_CODE":"10749173","STD_REPORT_DATE":"2024-06-30 00:00:00","REPORT_DATE":"2024-06-30 00:00:00","DATE_TYPE_CODE":"002","REPORT_TYPE":"2024年中报","PER_NETCASH_OPERATE":0.003092019022,"PER_OI":0.007498922216,"BPS":0.010050981942,"BASIC_EPS":-0.00365072,"DILUTED_EPS":-0.00365072,"OPERATE_INCOME":16094199.12,"OPERATE_INCOME_YOY":-34.8168410158,"GROSS_PROFIT":2727087.84,"GROSS_PROFIT_YOY":-61.670855465429,"HOLDER_PROFIT":-7777858.96,"HOLDER_PROFIT_YOY":-137.3816155989,"GROSS_PROFIT_RATIO":16.94453895883,"EPS_TTM":-0.019161127673,"OPERATE_INCOME_QOQ":-12.647537397148,"NET_PROFIT_RATIO":-48.3270953839,"ROE_AVG":-27.571257562522,"GROSS_PROFIT_QOQ":-20.217569586738,"ROA":-4.469537443259,"HOLDER_PROFIT_QOQ":-12.188968264263,"ROE_YEARLY":-55.142515125045,"ROIC_YEARLY":-8.963143515999,"TOTAL_ASSETS":174379378.84,"TOTAL_LIABILITIES":150126733.2,"TAX_EBT":-3.397233681145,"OCF_SALES":41.232845639106,"TOTAL_PARENT_EQUITY":24252645.64,"DEBT_ASSET_RATIO":86.0920220032,"OPERATE_PROFIT":-5261600.2,"PRETAX_PROFIT":-7522308.56,"NETCASH_OPERATE":6636096.28,"NETCASH_INVEST":null,"NETCASH_FINANCE":-6825021.04,"END_CASH":-8341895.2,"DIVI_RATIO":null,"DIVIDEND_RATE":null,"CURRENT_RATIO":1.328539006697,"COMMON_ACS":5000000000,"CURRENTDEBT_DEBT":87.325673293209,"ISSUED_COMMON_SHARES":2412962811,"HK_COMMON_SHARES":2412962811,"PER_SHARES":5000,"TOTAL_MARKET_CAP":57911107.464,"HKSK_MARKET_CAP":57911107.464,"PE_TTM":-1.276109108746,"PB_TTM":2.179321396305,"REPORT_DATE_SQ":"2023-06-30 00:00:00","REPORT_TYPE_SQ":"2023年中报","OPERATE_INCOME_SQ":24942324.94,"DPS_HKD":null,"OPERATE_INCOME_QOQ_SQ":-26.721879735014,"NET_PROFIT_RATIO_SQ":-13.2702472924,"HOLDER_PROFIT_SQ":-3309908.2,"HOLDER_PROFIT_QOQ_SQ":-4.385912781277,"ROE_AVG_SQ":-5.972682050344,"PE_TTM_SQ":-2.510666759602,"PB_TTM_SQ":1.868518956711,"ROA_SQ":-1.569690543598,"START_DATE":"2024-01-01 00:00:00","FISCAL_YEAR":"12-31","CURRENCY":"HKD","IS_CNY_CODE":0,"DPS_HKD_LY":null,"ORG_TYPE":"一般企业","PREMIUM_INCOME":null,"PREMIUM_INCOME_YOY":null,"NET_INTEREST_INCOME":null,"NET_INTEREST_INCOME_YOY":null,"FEE_COMMISSION_INCOME":null,"FEE_COMMISSION_INCOME_YOY":null,"ACCOUNTS_RECE_TDAYS":0.975277916044,"INVENTORY_TDAYS":0.257872542719,"CURRENT_ASSETS_TDAYS":0.092753653681,"TOTAL_ASSETS_TDAYS":0.092485124706,"PREMIUM_EXPENSE":null,"LOAN_DEPOSIT":null,"LOAN_EQUITY":null,"LOAN_ASSETS":null,"DEPOSIT_EQUITY":null,"DEPOSIT_ASSETS":null,"EQUITY_MULTIPLIER":7.190117788726,"EQUITY_RATIO":6.190117788733},{"SECUCODE":"01592.HK","SECURITY_CODE":"01592","SECURITY_NAME_ABBR":"基石控股","ORG_CODE":"10749173","STD_REPORT_DATE":"2023-12-31 00:00:00","REPORT_DATE":"2023-12-31 00:00:00","DATE_TYPE_CODE":"001","REPORT_TYPE":"2023年年报","PER_NETCASH_OPERATE":0.005762781259,"PER_OI":0.032596787105,"BPS":0.013236724476,"BASIC_EPS":-0.017852534,"DILUTED_EPS":-0.017852534,"OPERATE_INCOME":69959277.78,"OPERATE_INCOME_YOY":-40.7955887541,"GROSS_PROFIT":21703062.78,"GROSS_PROFIT_YOY":-22.510060111361,"HOLDER_PROFIT":-36655692.78,"HOLDER_PROFIT_YOY":-25.0819469355,"GROSS_PROFIT_RATIO":31.022422570241,"EPS_TTM":-0.017079333173,"OPERATE_INCOME_QOQ":16.569577494268,"NET_PROFIT_RATIO":-52.3957564217,"ROE_AVG":-86.583042575508,"GROSS_PROFIT_QOQ":156.714273682186,"ROA":-19.165963818315,"HOLDER_PROFIT_QOQ":11.475118207192,"ROE_YEARLY":-86.583042575508,"ROIC_YEARLY":-19.241042229067,"TOTAL_ASSETS":172430104.28,"TOTAL_LIABILITIES":140490380.38,"TAX_EBT":-4.961465604484,"OCF_SALES":17.678985479087,"TOTAL_PARENT_EQUITY":31939723.9,"DEBT_ASSET_RATIO":81.4767125304,"OPERATE_PROFIT":-30192531.74,"PRETAX_PROFIT":-34923000.14,"NETCASH_OPERATE":12368090.56,"NETCASH_INVEST":1812.44,"NETCASH_FINANCE":-12201346.08,"END_CASH":-7956611.6,"DIVI_RATIO":null,"DIVIDEND_RATE":null,"CURRENT_RATIO":1.473406200163,"COMMON_ACS":5000000000,"CURRENTDEBT_DEBT":82.916744609073,"ISSUED_COMMON_SHARES":2412962811,"HK_COMMON_SHARES":2412962811,"PER_SHARES":5000,"TOTAL_MARKET_CAP":96518512.44,"HKSK_MARKET_CAP":96518512.44,"PE_TTM":-2.126848514577,"PB_TTM":3.632202327174,"REPORT_DATE_SQ":"2022-12-31 00:00:00","REPORT_TYPE_SQ":"2022年年报","OPERATE_INCOME_SQ":116477048.38,"DPS_HKD":null,"OPERATE_INCOME_QOQ_SQ":3.623284266594,"NET_PROFIT_RATIO_SQ":-48.4337848745,"HOLDER_PROFIT_SQ":-28886565.26,"HOLDER_PROFIT_QOQ_SQ":-5.954577237239,"ROE_AVG_SQ":-64.999963406691,"PE_TTM_SQ":-2.882617390654,"PB_TTM_SQ":2.145336579927,"ROA_SQ":-17.536439637164,"START_DATE":"2023-01-01 00:00:00","FISCAL_YEAR":"12-31","CURRENCY":"HKD","IS_CNY_CODE":0,"DPS_HKD_LY":null,"ORG_TYPE":"一般企业","PREMIUM_INCOME":null,"PREMIUM_INCOME_YOY":null,"NET_INTEREST_INCOME":null,"NET_INTEREST_INCOME_YOY":null,"FEE_COMMISSION_INCOME":null,"FEE_COMMISSION_INCOME_YOY":null,"ACCOUNTS_RECE_TDAYS":4.182527427875,"INVENTORY_TDAYS":0.851448261527,"CURRENT_ASSETS_TDAYS":0.368550579687,"TOTAL_ASSETS_TDAYS":0.365792291728,"PREMIUM_EXPENSE":null,"LOAN_DEPOSIT":null,"LOAN_EQUITY":null,"LOAN_ASSETS":null,"DEPOSIT_EQUITY":null,"DEPOSIT_ASSETS":null,"EQUITY_MULTIPLIER":5.398609731891,"EQUITY_RATIO":4.398609731877},{"SECUCODE":"01592.HK","SECURITY_CODE":"01592","SECURITY_NAME_ABBR":"基石控股","ORG_CODE":"10749173","STD_REPORT_DATE":"2023-06-30 00:00:00","REPORT_DATE":"2023-06-30 00:00:00","DATE_TYPE_CODE":"002","REPORT_TYPE":"2023年中报","PER_NETCASH_OPERATE":-0.000382875224,"PER_OI":0.016814810772,"BPS":0.023699416021,"BASIC_EPS":-0.002212752,"DILUTED_EPS":-0.002212752,"OPERATE_INCOME":24942324.94,"OPERATE_INCOME_YOY":-50.5944445459,"GROSS_PROFIT":7114919.66,"GROSS_PROFIT_YOY":-40.717581295732,"HOLDER_PROFIT":-3309908.2,"HOLDER_PROFIT_YOY":-95.5337690632,"GROSS_PROFIT_RATIO":28.525487006986,"EPS_TTM":-0.027914581932,"OPERATE_INCOME_QOQ":-26.721879735014,"NET_PROFIT_RATIO":-13.2702472924,"ROE_AVG":-5.972682050344,"GROSS_PROFIT_QOQ":-36.630098171631,"ROA":-1.569690543598,"HOLDER_PROFIT_QOQ":-4.385912781277,"ROE_YEARLY":-11.945364100687,"ROIC_YEARLY":-3.150933211626,"TOTAL_ASSETS":207995922.06,"TOTAL_LIABILITIES":150810112.56,"TAX_EBT":null,"OCF_SALES":-2.277011791668,"TOTAL_PARENT_EQUITY":57185809.5,"DEBT_ASSET_RATIO":72.5062833282,"OPERATE_PROFIT":-940419.6,"PRETAX_PROFIT":-3309908.2,"NETCASH_OPERATE":-567939.68,"NETCASH_INVEST":null,"NETCASH_FINANCE":773541.22,"END_CASH":-8255408.92,"DIVI_RATIO":null,"DIVIDEND_RATE":null,"CURRENT_RATIO":1.967047440096,"COMMON_ACS":5000000000,"CURRENTDEBT_DEBT":69.627442349546,"ISSUED_COMMON_SHARES":2412962811,"HK_COMMON_SHARES":2412962811,"PER_SHARES":5000,"TOTAL_MARKET_CAP":96518512.44,"HKSK_MARKET_CAP":96518512.44,"PE_TTM":-2.126848514577,"PB_TTM":3.632202327174,"REPORT_DATE_SQ":"2022-06-30 00:00:00","REPORT_TYPE_SQ":"2022年中报","OPERATE_INCOME_SQ":46827638.83,"DPS_HKD":null,"OPERATE_INCOME_QOQ_SQ":5.141360536003,"NET_PROFIT_RATIO_SQ":-3.352995964,"HOLDER_PROFIT_SQ":-1570128.84,"HOLDER_PROFIT_QOQ_SQ":2.050719064744,"ROE_AVG_SQ":-2.23618824905,"PE_TTM_SQ":-2.882617390654,"PB_TTM_SQ":2.145336579927,"ROA_SQ":-0.670448590725,"START_DATE":"2023-01-01 00:00:00","FISCAL_YEAR":"12-31","CURRENCY":"HKD","IS_CNY_CODE":0,"DPS_HKD_LY":null,"ORG_TYPE":"一般企业","PREMIUM_INCOME":null,"PREMIUM_INCOME_YOY":null,"NET_INTEREST_INCOME":null,"NET_INTEREST_INCOME_YOY":null,"FEE_COMMISSION_INCOME":null,"FEE_COMMISSION_INCOME_YOY":null,"ACCOUNTS_RECE_TDAYS":1.28243659635,"INVENTORY_TDAYS":0.296058121464,"CURRENT_ASSETS_TDAYS":0.119291035644,"TOTAL_ASSETS_TDAYS":0.118286457593,"PREMIUM_EXPENSE":null,"LOAN_DEPOSIT":null,"LOAN_EQUITY":null,"LOAN_ASSETS":null,"DEPOSIT_EQUITY":null,"DEPOSIT_ASSETS":null,"EQUITY_MULTIPLIER":3.63719467956,"EQUITY_RATIO":2.637194679565},{"SECUCODE":"01592.HK","SECURITY_CODE":"01592","SECURITY_NAME_ABBR":"基石控股","ORG_CODE":"10749173","STD_REPORT_DATE":"2022-12-31 00:00:00","REPORT_DATE":"2022-12-31 00:00:00","DATE_TYPE_CODE":"001","REPORT_TYPE":"2022年年报","PER_NETCASH_OPERATE":0.006478787045,"PER_OI":0.087480061913,"BPS":0.019848076743,"BASIC_EPS":-0.015542898,"DILUTED_EPS":-0.015542898,"OPERATE_INCOME":116477048.38,"OPERATE_INCOME_YOY":-0.2784364056,"GROSS_PROFIT":28007587.58,"GROSS_PROFIT_YOY":206.787172225371,"HOLDER_PROFIT":-28886565.26,"HOLDER_PROFIT_YOY":5.0097328285,"GROSS_PROFIT_RATIO":16.289291713021,"EPS_TTM":-0.029792222874,"OPERATE_INCOME_QOQ":3.623284266594,"NET_PROFIT_RATIO":-48.4337848745,"ROE_AVG":-64.999963406691,"GROSS_PROFIT_QOQ":5.743357710985,"ROA":-17.536439637164,"HOLDER_PROFIT_QOQ":-5.954577237239,"ROE_YEARLY":-64.999963406691,"ROIC_YEARLY":-17.669715936447,"TOTAL_ASSETS":218565303.6,"TOTAL_LIABILITIES":166586815.57,"TAX_EBT":-7.001522070015,"OCF_SALES":10.532687651332,"TOTAL_PARENT_EQUITY":51978488.03,"DEBT_ASSET_RATIO":76.8719426447,"OPERATE_PROFIT":-20231672.23,"PRETAX_PROFIT":-26996405.94,"NETCASH_OPERATE":6978225.24,"NETCASH_INVEST":-21438.48,"NETCASH_FINANCE":-8402097.62,"END_CASH":-8037643.46,"DIVI_RATIO":null,"DIVIDEND_RATE":null,"CURRENT_RATIO":1.89896833867,"COMMON_ACS":5000000000,"CURRENTDEBT_DEBT":69.258570118665,"ISSUED_COMMON_SHARES":2412962811,"HK_COMMON_SHARES":2412962811,"PER_SHARES":5000,"TOTAL_MARKET_CAP":96518512.44,"HKSK_MARKET_CAP":96518512.44,"PE_TTM":-2.126848514577,"PB_TTM":3.632202327174,"REPORT_DATE_SQ":"2021-12-31 00:00:00","REPORT_TYPE_SQ":"2021年年报","OPERATE_INCOME_SQ":75171779.2,"DPS_HKD":null,"OPERATE_INCOME_QOQ_SQ":-21.953610111216,"NET_PROFIT_RATIO_SQ":-50.8461856388,"HOLDER_PROFIT_SQ":-38221982.4,"HOLDER_PROFIT_QOQ_SQ":-44.390700662805,"ROE_AVG_SQ":-45.16484312731,"PE_TTM_SQ":-2.882617390654,"PB_TTM_SQ":2.145336579927,"ROA_SQ":-15.374470926007,"START_DATE":"2022-01-01 00:00:00","FISCAL_YEAR":"12-31","CURRENCY":"HKD","IS_CNY_CODE":0,"DPS_HKD_LY":null,"ORG_TYPE":"一般企业","PREMIUM_INCOME":null,"PREMIUM_INCOME_YOY":null,"NET_INTEREST_INCOME":null,"NET_INTEREST_INCOME_YOY":null,"FEE_COMMISSION_INCOME":null,"FEE_COMMISSION_INCOME_YOY":null,"ACCOUNTS_RECE_TDAYS":5.472071845231,"INVENTORY_TDAYS":1.104752171691,"CURRENT_ASSETS_TDAYS":0.366419352454,"TOTAL_ASSETS_TDAYS":0.362070395337,"PREMIUM_EXPENSE":null,"LOAN_DEPOSIT":null,"LOAN_EQUITY":null,"LOAN_ASSETS":null,"DEPOSIT_EQUITY":null,"DEPOSIT_ASSETS":null,"EQUITY_MULTIPLIER":4.32375268116,"EQUITY_RATIO":3.204918455378},{"SECUCODE":"01592.HK","SECURITY_CODE":"01592","SECURITY_NAME_ABBR":"基石控股","ORG_CODE":"10749173","STD_REPORT_DATE":"2022-06-30 00:00:00","REPORT_DATE":"2022-06-30 00:00:00","DATE_TYPE_CODE":"002","REPORT_TYPE":"2022年中报","PER_NETCASH_OPERATE":0.000733000409,"PER_OI":0.037546214585,"BPS":0.028773528968,"BASIC_EPS":-0.001282785,"DILUTED_EPS":-0.001282785,"OPERATE_INCOME":46827638.83,"OPERATE_INCOME_YOY":6.0503941278,"GROSS_PROFIT":12001736.46,"GROSS_PROFIT_YOY":40.953553335069,"HOLDER_PROFIT":-1570128.84,"HOLDER_PROFIT_YOY":35.1007423118,"GROSS_PROFIT_RATIO":25.62959986851,"EPS_TTM":-0.03001776533,"OPERATE_INCOME_QOQ":5.141360536003,"NET_PROFIT_RATIO":-3.352995964,"ROE_AVG":-2.23618824905,"GROSS_PROFIT_QOQ":38.196286348374,"ROA":-0.670448590725,"HOLDER_PROFIT_QOQ":2.050719064744,"ROE_YEARLY":-4.4723764981,"ROIC_YEARLY":-1.349776691356,"TOTAL_ASSETS":233515615.83,"TOTAL_LIABILITIES":164086160.49,"TAX_EBT":null,"OCF_SALES":1.952261811275,"TOTAL_PARENT_EQUITY":69429455.34,"DEBT_ASSET_RATIO":70.2677462947,"OPERATE_PROFIT":1615453.91,"PRETAX_PROFIT":-1570128.84,"NETCASH_OPERATE":2404794.28,"NETCASH_INVEST":-17958.99,"NETCASH_FINANCE":-3724352.45,"END_CASH":-7804463.94,"DIVI_RATIO":null,"DIVIDEND_RATE":null,"CURRENT_RATIO":2.436704863304,"COMMON_ACS":5000000000,"CURRENTDEBT_DEBT":57.762767692877,"ISSUED_COMMON_SHARES":2412962811,"HK_COMMON_SHARES":2412962811,"PER_SHARES":5000,"TOTAL_MARKET_CAP":96518512.44,"HKSK_MARKET_CAP":96518512.44,"PE_TTM":-2.126848514577,"PB_TTM":3.632202327174,"REPORT_DATE_SQ":"2021-06-30 00:00:00","REPORT_TYPE_SQ":"2021年中报","OPERATE_INCOME_SQ":42962786.64,"DPS_HKD":null,"OPERATE_INCOME_QOQ_SQ":-32.820215932235,"NET_PROFIT_RATIO_SQ":-5.4790540933,"HOLDER_PROFIT_SQ":-2353954.32,"HOLDER_PROFIT_QOQ_SQ":7.762829110889,"ROE_AVG_SQ":-2.254767170781,"PE_TTM_SQ":-2.882617390654,"PB_TTM_SQ":2.145336579927,"ROA_SQ":-0.885576281957,"START_DATE":"2022-01-01 00:00:00","FISCAL_YEAR":"12-31","CURRENCY":"HKD","IS_CNY_CODE":0,"DPS_HKD_LY":null,"ORG_TYPE":"一般企业","PREMIUM_INCOME":null,"PREMIUM_INCOME_YOY":null,"NET_INTEREST_INCOME":null,"NET_INTEREST_INCOME_YOY":null,"FEE_COMMISSION_INCOME":null,"FEE_COMMISSION_INCOME_YOY":null,"ACCOUNTS_RECE_TDAYS":2.386653881358,"INVENTORY_TDAYS":0.570585886326,"CURRENT_ASSETS_TDAYS":0.202440435589,"TOTAL_ASSETS_TDAYS":0.199955084326,"PREMIUM_EXPENSE":null,"LOAN_DEPOSIT":null,"LOAN_EQUITY":null,"LOAN_ASSETS":null,"DEPOSIT_EQUITY":null,"DEPOSIT_ASSETS":null,"EQUITY_MULTIPLIER":3.36335082403,"EQUITY_RATIO":2.363350824034},{"SECUCODE":"01592.HK","SECURITY_CODE":"01592","SECURITY_NAME_ABBR":"基石控股","ORG_CODE":"10749173","STD_REPORT_DATE":"2021-12-31 00:00:00","REPORT_DATE":"2021-12-31 00:00:00","DATE_TYPE_CODE":"001","REPORT_TYPE":"2021年年报","PER_NETCASH_OPERATE":0.001287497114,"PER_OI":0.060272433611,"BPS":0.028130888255,"BASIC_EPS":-0.03074176,"DILUTED_EPS":-0.03074176,"OPERATE_INCOME":75171779.2,"OPERATE_INCOME_YOY":-46.026956583,"GROSS_PROFIT":9129321.6,"GROSS_PROFIT_YOY":-43.197201497816,"HOLDER_PROFIT":-38221982.4,"HOLDER_PROFIT_YOY":-37.0978621074,"GROSS_PROFIT_RATIO":12.144612908138,"EPS_TTM":-0.030646233483,"OPERATE_INCOME_QOQ":-21.953610111216,"NET_PROFIT_RATIO":-50.8461856388,"ROE_AVG":-45.16484312731,"GROSS_PROFIT_QOQ":-25.79410773072,"ROA":-15.374470926007,"HOLDER_PROFIT_QOQ":-44.390700662805,"ROE_YEARLY":-45.16484312731,"ROIC_YEARLY":-15.448086709405,"TOTAL_ASSETS":224542393.6,"TOTAL_LIABILITIES":156663606.4,"TAX_EBT":null,"OCF_SALES":2.136129298906,"TOTAL_PARENT_EQUITY":67878787.2,"DEBT_ASSET_RATIO":69.770168514,"OPERATE_PROFIT":-29835859.2,"PRETAX_PROFIT":-38221982.4,"NETCASH_OPERATE":1605766.4,"NETCASH_INVEST":24759380.8,"NETCASH_FINANCE":-22716198.4,"END_CASH":-6182691.2,"DIVI_RATIO":null,"DIVIDEND_RATE":null,"CURRENT_RATIO":2.463055396449,"COMMON_ACS":5000000000,"CURRENTDEBT_DEBT":57.401338106819,"ISSUED_COMMON_SHARES":2412962811,"HK_COMMON_SHARES":2412962811,"PER_SHARES":5000,"TOTAL_MARKET_CAP":96518512.44,"HKSK_MARKET_CAP":96518512.44,"PE_TTM":-2.126848514577,"PB_TTM":3.632202327174,"REPORT_DATE_SQ":"2020-12-31 00:00:00","REPORT_TYPE_SQ":"2020年年报","OPERATE_INCOME_SQ":143371690.72,"DPS_HKD":null,"OPERATE_INCOME_QOQ_SQ":-19.761627634509,"NET_PROFIT_RATIO_SQ":-20.0172587879,"HOLDER_PROFIT_SQ":-28699082.36,"HOLDER_PROFIT_QOQ_SQ":-143.048644188038,"ROE_AVG_SQ":-24.69966571173,"PE_TTM_SQ":-2.882617390654,"PB_TTM_SQ":2.145336579927,"ROA_SQ":-10.22553820595,"START_DATE":"2021-01-01 00:00:00","FISCAL_YEAR":"12-31","CURRENCY":"HKD","IS_CNY_CODE":0,"DPS_HKD_LY":null,"ORG_TYPE":"一般企业","PREMIUM_INCOME":null,"PREMIUM_INCOME_YOY":null,"NET_INTEREST_INCOME":null,"NET_INTEREST_INCOME_YOY":null,"FEE_COMMISSION_INCOME":null,"FEE_COMMISSION_INCOME_YOY":null,"ACCOUNTS_RECE_TDAYS":4.55767610172,"INVENTORY_TDAYS":0.995477120639,"CURRENT_ASSETS_TDAYS":0.305687715903,"TOTAL_ASSETS_TDAYS":0.302372158951,"PREMIUM_EXPENSE":null,"LOAN_DEPOSIT":null,"LOAN_EQUITY":null,"LOAN_ASSETS":null,"DEPOSIT_EQUITY":null,"DEPOSIT_ASSETS":null,"EQUITY_MULTIPLIER":3.307990653084,"EQUITY_RATIO":2.30799065308},{"SECUCODE":"01592.HK","SECURITY_CODE":"01592","SECURITY_NAME_ABBR":"基石控股","ORG_CODE":"10749173","STD_REPORT_DATE":"2021-06-30 00:00:00","REPORT_DATE":"2021-06-30 00:00:00","DATE_TYPE_CODE":"002","REPORT_TYPE":"2021年中报","PER_NETCASH_OPERATE":0.010309599294,"PER_OI":0.034447391469,"BPS":0.043774358593,"BASIC_EPS":-0.001913784,"DILUTED_EPS":-0.001913784,"OPERATE_INCOME":42962786.64,"OPERATE_INCOME_YOY":-47.6062426432,"GROSS_PROFIT":8514674.64,"GROSS_PROFIT_YOY":-30.684504616056,"HOLDER_PROFIT":-2353954.32,"HOLDER_PROFIT_YOY":43.6004784689,"GROSS_PROFIT_RATIO":19.818720585672,"EPS_TTM":-0.021224520237,"OPERATE_INCOME_QOQ":-32.820215932235,"NET_PROFIT_RATIO":-5.4790540933,"ROE_AVG":-2.254767170781,"GROSS_PROFIT_QOQ":-23.452441894968,"ROA":-0.885576281957,"HOLDER_PROFIT_QOQ":7.762829110889,"ROE_YEARLY":-4.509534341563,"ROIC_YEARLY":-1.779925348836,"TOTAL_ASSETS":254120560.32,"TOTAL_LIABILITIES":148494660.96,"TAX_EBT":null,"OCF_SALES":29.928534077044,"TOTAL_PARENT_EQUITY":105625899.36,"DEBT_ASSET_RATIO":58.4347290802,"OPERATE_PROFIT":-26626.56,"PRETAX_PROFIT":-2353954.32,"NETCASH_OPERATE":12858132.24,"NETCASH_INVEST":9512338.56,"NETCASH_FINANCE":-20113037.76,"END_CASH":2438826.48,"DIVI_RATIO":null,"DIVIDEND_RATE":null,"CURRENT_RATIO":2.493112196412,"COMMON_ACS":5000000000,"CURRENTDEBT_DEBT":67.807712566261,"ISSUED_COMMON_SHARES":2412962811,"HK_COMMON_SHARES":2412962811,"PER_SHARES":5000,"TOTAL_MARKET_CAP":96518512.44,"HKSK_MARKET_CAP":96518512.44,"PE_TTM":-2.126848514577,"PB_TTM":3.632202327174,"REPORT_DATE_SQ":"2020-06-30 00:00:00","REPORT_TYPE_SQ":"2020年中报","OPERATE_INCOME_SQ":90017685.12,"DPS_HKD":null,"OPERATE_INCOME_QOQ_SQ":-38.483458163121,"NET_PROFIT_RATIO_SQ":-5.0899054268,"HOLDER_PROFIT_SQ":-4581815.04,"HOLDER_PROFIT_QOQ_SQ":-730.706286713213,"ROE_AVG_SQ":-3.352761884391,"PE_TTM_SQ":-2.882617390654,"PB_TTM_SQ":2.145336579927,"ROA_SQ":-1.469035593948,"START_DATE":"2021-01-01 00:00:00","FISCAL_YEAR":"12-31","CURRENCY":"HKD","IS_CNY_CODE":0,"DPS_HKD_LY":null,"ORG_TYPE":"一般企业","PREMIUM_INCOME":null,"PREMIUM_INCOME_YOY":null,"NET_INTEREST_INCOME":null,"NET_INTEREST_INCOME_YOY":null,"FEE_COMMISSION_INCOME":null,"FEE_COMMISSION_INCOME_YOY":null,"ACCOUNTS_RECE_TDAYS":3.186435448038,"INVENTORY_TDAYS":0.510210369348,"CURRENT_ASSETS_TDAYS":0.163311071645,"TOTAL_ASSETS_TDAYS":0.161629410273,"PREMIUM_EXPENSE":null,"LOAN_DEPOSIT":null,"LOAN_EQUITY":null,"LOAN_ASSETS":null,"DEPOSIT_EQUITY":null,"DEPOSIT_ASSETS":null,"EQUITY_MULTIPLIER":2.405854642279,"EQUITY_RATIO":1.405854642278},{"SECUCODE":"01592.HK","SECURITY_CODE":"01592","SECURITY_NAME_ABBR":"基石控股","ORG_CODE":"10749173","STD_REPORT_DATE":"2020-12-31 00:00:00","REPORT_DATE":"2020-12-31 00:00:00","DATE_TYPE_CODE":"001","REPORT_TYPE":"2020年年报","PER_NETCASH_OPERATE":-0.012590219281,"PER_OI":0.117133734248,"BPS":0.043248684996,"BASIC_EPS":-0.023734248,"DILUTED_EPS":-0.023734248,"OPERATE_INCOME":143371690.72,"OPERATE_INCOME_YOY":-47.4649659528,"GROSS_PROFIT":16071957.44,"GROSS_PROFIT_YOY":-58.575318925732,"HOLDER_PROFIT":-28699082.36,"HOLDER_PROFIT_YOY":-1731.5311004785,"GROSS_PROFIT_RATIO":11.209993660037,"EPS_TTM":-0.023446962712,"OPERATE_INCOME_QOQ":-19.761627634509,"NET_PROFIT_RATIO":-20.0172587879,"ROE_AVG":-24.69966571173,"GROSS_PROFIT_QOQ":-32.112497496061,"ROA":-10.22553820595,"HOLDER_PROFIT_QOQ":-143.048644188038,"ROE_YEARLY":-24.69966571173,"ROIC_YEARLY":-10.27390862883,"TOTAL_ASSETS":280688623.28,"TOTAL_LIABILITIES":176331154.76,"TAX_EBT":null,"OCF_SALES":-10.74858524902,"TOTAL_PARENT_EQUITY":104357468.52,"DEBT_ASSET_RATIO":62.8209126182,"OPERATE_PROFIT":-21609107,"PRETAX_PROFIT":-28699082.36,"NETCASH_OPERATE":-15410428.4,"NETCASH_INVEST":4039872,"NETCASH_FINANCE":632071.64,"END_CASH":-10120721,"DIVI_RATIO":null,"DIVIDEND_RATE":null,"CURRENT_RATIO":1.601756621241,"COMMON_ACS":5000000000,"CURRENTDEBT_DEBT":98.525123025741,"ISSUED_COMMON_SHARES":2412962811,"HK_COMMON_SHARES":2412962811,"PER_SHARES":5000,"TOTAL_MARKET_CAP":96518512.44,"HKSK_MARKET_CAP":96518512.44,"PE_TTM":-2.126848514577,"PB_TTM":3.632202327174,"REPORT_DATE_SQ":"2019-12-31 00:00:00","REPORT_TYPE_SQ":"2019年年报","OPERATE_INCOME_SQ":290462039.68,"DPS_HKD":null,"OPERATE_INCOME_QOQ_SQ":-24.37168052736,"NET_PROFIT_RATIO_SQ":0.6445524524,"HOLDER_PROFIT_SQ":1872180.2,"HOLDER_PROFIT_QOQ_SQ":-92.559066919985,"ROE_AVG_SQ":1.342708738207,"PE_TTM_SQ":-2.882617390654,"PB_TTM_SQ":2.145336579927,"ROA_SQ":0.650314422356,"START_DATE":"2020-01-01 00:00:00","FISCAL_YEAR":"12-31","CURRENCY":"HKD","IS_CNY_CODE":0,"DPS_HKD_LY":null,"ORG_TYPE":"一般企业","PREMIUM_INCOME":null,"PREMIUM_INCOME_YOY":null,"NET_INTEREST_INCOME":null,"NET_INTEREST_INCOME_YOY":null,"FEE_COMMISSION_INCOME":null,"FEE_COMMISSION_INCOME_YOY":null,"ACCOUNTS_RECE_TDAYS":4.589054565537,"INVENTORY_TDAYS":1.982553757627,"CURRENT_ASSETS_TDAYS":0.517356001901,"TOTAL_ASSETS_TDAYS":0.510836089711,"PREMIUM_EXPENSE":null,"LOAN_DEPOSIT":null,"LOAN_EQUITY":null,"LOAN_ASSETS":null,"DEPOSIT_EQUITY":null,"DEPOSIT_ASSETS":null,"EQUITY_MULTIPLIER":2.689684095069,"EQUITY_RATIO":1.68968409507},{"SECUCODE":"01592.HK","SECURITY_CODE":"01592","SECURITY_NAME_ABBR":"基石控股","ORG_CODE":"10749173","STD_REPORT_DATE":"2020-06-30 00:00:00","REPORT_DATE":"2020-06-30 00:00:00","DATE_TYPE_CODE":"002","REPORT_TYPE":"2020年中报","PER_NETCASH_OPERATE":-0.0363861212,"PER_OI":0.0750147376,"BPS":0.055685493116,"BASIC_EPS":-0.003745104,"DILUTED_EPS":-0.003745104,"OPERATE_INCOME":90017685.12,"OPERATE_INCOME_YOY":-57.0417255148,"GROSS_PROFIT":12283941.12,"GROSS_PROFIT_YOY":-55.180475193897,"HOLDER_PROFIT":-4581815.04,"HOLDER_PROFIT_YOY":-148.496567727,"GROSS_PROFIT_RATIO":13.646141981572,"EPS_TTM":-0.009839965183,"OPERATE_INCOME_QOQ":-38.483458163121,"NET_PROFIT_RATIO":-5.0899054268,"ROE_AVG":-3.352761884391,"GROSS_PROFIT_QOQ":-38.980402067576,"ROA":-1.469035593948,"HOLDER_PROFIT_QOQ":-730.706286713213,"ROE_YEARLY":-6.705523768782,"ROIC_YEARLY":-2.95270289163,"TOTAL_ASSETS":319211655.84,"TOTAL_LIABILITIES":184844631.84,"TAX_EBT":-4.087985059141,"OCF_SALES":-48.50529691115,"TOTAL_PARENT_EQUITY":134367024,"DEBT_ASSET_RATIO":57.9066047427,"OPERATE_PROFIT":-367202.88,"PRETAX_PROFIT":-4401867.36,"NETCASH_OPERATE":-43663345.44,"NETCASH_INVEST":-189995.52,"NETCASH_FINANCE":41606278.56,"END_CASH":422009.28,"DIVI_RATIO":null,"DIVIDEND_RATE":null,"CURRENT_RATIO":1.760357594549,"COMMON_ACS":5000000000,"CURRENTDEBT_DEBT":96.900094385776,"ISSUED_COMMON_SHARES":2412962811,"HK_COMMON_SHARES":2412962811,"PER_SHARES":5000,"TOTAL_MARKET_CAP":96518512.44,"HKSK_MARKET_CAP":96518512.44,"PE_TTM":-2.126848514577,"PB_TTM":3.632202327174,"REPORT_DATE_SQ":"2019-06-30 00:00:00","REPORT_TYPE_SQ":"2019年中报","OPERATE_INCOME_SQ":201797522.64,"DPS_HKD":null,"OPERATE_INCOME_QOQ_SQ":46.576766993433,"NET_PROFIT_RATIO_SQ":4.5086397796,"HOLDER_PROFIT_SQ":9098323.38,"HOLDER_PROFIT_QOQ_SQ":39.803022567798,"ROE_AVG_SQ":6.531052968904,"PE_TTM_SQ":-2.882617390654,"PB_TTM_SQ":2.145336579927,"ROA_SQ":3.153324817151,"START_DATE":"2020-01-01 00:00:00","FISCAL_YEAR":"12-31","CURRENCY":"HKD","IS_CNY_CODE":0,"DPS_HKD_LY":null,"ORG_TYPE":"一般企业","PREMIUM_INCOME":null,"PREMIUM_INCOME_YOY":null,"NET_INTEREST_INCOME":null,"NET_INTEREST_INCOME_YOY":null,"FEE_COMMISSION_INCOME":null,"FEE_COMMISSION_INCOME_YOY":null,"ACCOUNTS_RECE_TDAYS":2.422576759507,"INVENTORY_TDAYS":1.011061079495,"CURRENT_ASSETS_TDAYS":0.292824828959,"TOTAL_ASSETS_TDAYS":0.288617463541,"PREMIUM_EXPENSE":null,"LOAN_DEPOSIT":null,"LOAN_EQUITY":null,"LOAN_ASSETS":null,"DEPOSIT_EQUITY":null,"DEPOSIT_ASSETS":null,"EQUITY_MULTIPLIER":2.375669612507,"EQUITY_RATIO":1.375669612508}],"count":19},"success":true,"message":"ok","code":0}