{"version":"9781200eb50dbaeaad7f0520b0f126ab","result":{"pages":3,"data":[{"SECUCODE":"01591.HK","SECURITY_CODE":"01591","SECURITY_NAME_ABBR":"汛和集团","ORG_CODE":"10535000","STD_REPORT_DATE":"2024-06-30 00:00:00","REPORT_DATE":"2024-09-30 00:00:00","DATE_TYPE_CODE":"002","REPORT_TYPE":"2024年中报","PER_NETCASH_OPERATE":-0.01278287325,"PER_OI":0.144376579,"BPS":0.3170603461,"BASIC_EPS":-0.011452733,"DILUTED_EPS":-0.011452733,"OPERATE_INCOME":57750631.6,"OPERATE_INCOME_YOY":-72.7314146537,"GROSS_PROFIT":4537807.28,"GROSS_PROFIT_YOY":-88.834891233602,"HOLDER_PROFIT":-4578387.83,"HOLDER_PROFIT_YOY":-115.4175523838,"GROSS_PROFIT_RATIO":7.857589006871,"EPS_TTM":0.008944248938,"OPERATE_INCOME_QOQ":0,"NET_PROFIT_RATIO":-7.927857589,"ROE_AVG":-3.546022510992,"GROSS_PROFIT_QOQ":0,"ROA":-2.560371977619,"HOLDER_PROFIT_QOQ":0,"ROE_YEARLY":-7.092045021984,"ROIC_YEARLY":-9.188516616519,"TOTAL_ASSETS":174200577.88,"TOTAL_LIABILITIES":47376439.44,"TAX_EBT":-3.675719828466,"OCF_SALES":-8.853841349157,"TOTAL_PARENT_EQUITY":126824138.44,"DEBT_ASSET_RATIO":27.1964881039,"OPERATE_PROFIT":-4407949.52,"PRETAX_PROFIT":-4416065.63,"NETCASH_OPERATE":-5113149.3,"NETCASH_INVEST":-4935496.67,"NETCASH_FINANCE":-71241.41,"END_CASH":74102789.67,"DIVI_RATIO":null,"DIVIDEND_RATE":null,"CURRENT_RATIO":3.472007399099,"COMMON_ACS":1000000000,"CURRENTDEBT_DEBT":96.727957971677,"ISSUED_COMMON_SHARES":400000000,"HK_COMMON_SHARES":400000000,"PER_SHARES":20000,"TOTAL_MARKET_CAP":67200000,"HKSK_MARKET_CAP":67200000,"PE_TTM":46.090534979424,"PB_TTM":0.477829289798,"REPORT_DATE_SQ":"2023-06-30 00:00:00","REPORT_TYPE_SQ":"2023年中报","OPERATE_INCOME_SQ":215504487.87,"DPS_HKD":null,"OPERATE_INCOME_QOQ_SQ":0,"NET_PROFIT_RATIO_SQ":14.0217756942,"HOLDER_PROFIT_SQ":30217555.9,"HOLDER_PROFIT_QOQ_SQ":0,"ROE_AVG_SQ":26.834972659783,"PE_TTM_SQ":2.696401988596,"PB_TTM_SQ":0.689764186869,"ROA_SQ":17.076111334379,"START_DATE":"2024-04-01 00:00:00","FISCAL_YEAR":"3-31","CURRENCY":"HKD","IS_CNY_CODE":0,"DPS_HKD_LY":null,"ORG_TYPE":"一般企业","PREMIUM_INCOME":null,"PREMIUM_INCOME_YOY":null,"NET_INTEREST_INCOME":null,"NET_INTEREST_INCOME_YOY":null,"FEE_COMMISSION_INCOME":null,"FEE_COMMISSION_INCOME_YOY":null,"ACCOUNTS_RECE_TDAYS":1.286693054188,"INVENTORY_TDAYS":null,"CURRENT_ASSETS_TDAYS":0.348769449452,"TOTAL_ASSETS_TDAYS":0.3229588762,"PREMIUM_EXPENSE":null,"LOAN_DEPOSIT":null,"LOAN_EQUITY":null,"LOAN_ASSETS":null,"DEPOSIT_EQUITY":null,"DEPOSIT_ASSETS":null,"EQUITY_MULTIPLIER":1.373560112632,"EQUITY_RATIO":0.373560112631},{"SECUCODE":"01591.HK","SECURITY_CODE":"01591","SECURITY_NAME_ABBR":"汛和集团","ORG_CODE":"10535000","STD_REPORT_DATE":"2023-12-31 00:00:00","REPORT_DATE":"2024-03-31 00:00:00","DATE_TYPE_CODE":"001","REPORT_TYPE":"2023年年报","PER_NETCASH_OPERATE":0.0110816672,"PER_OI":0.075567741625,"BPS":0.330240300375,"BASIC_EPS":0.008974845,"DILUTED_EPS":0.008974845,"OPERATE_INCOME":302270966.5,"OPERATE_INCOME_YOY":6.5591583415,"GROSS_PROFIT":55112800.7,"GROSS_PROFIT_YOY":156.202166192151,"HOLDER_PROFIT":35776995.75,"HOLDER_PROFIT_YOY":108.4565814494,"GROSS_PROFIT_RATIO":18.232912455388,"EPS_TTM":0.008021382015,"OPERATE_INCOME_QOQ":0,"NET_PROFIT_RATIO":11.8360675404,"ROE_AVG":31.326276685678,"GROSS_PROFIT_QOQ":0,"ROA":21.168349120869,"HOLDER_PROFIT_QOQ":0,"ROE_YEARLY":31.326276685678,"ROIC_YEARLY":33.668468176409,"TOTAL_ASSETS":184402242.05,"TOTAL_LIABILITIES":52306121.9,"TAX_EBT":7.751104462261,"OCF_SALES":14.664547281288,"TOTAL_PARENT_EQUITY":132096120.15,"DEBT_ASSET_RATIO":28.3652309855,"OPERATE_PROFIT":38783115.55,"PRETAX_PROFIT":38783115.55,"NETCASH_OPERATE":44326668.8,"NETCASH_INVEST":-490443.55,"NETCASH_FINANCE":null,"END_CASH":84667237.25,"DIVI_RATIO":null,"DIVIDEND_RATE":null,"CURRENT_RATIO":3.374310271647,"COMMON_ACS":1000000000,"CURRENTDEBT_DEBT":97.999930673507,"ISSUED_COMMON_SHARES":400000000,"HK_COMMON_SHARES":400000000,"PER_SHARES":20000,"TOTAL_MARKET_CAP":74000000,"HKSK_MARKET_CAP":74000000,"PE_TTM":50.754458161866,"PB_TTM":0.52618106317,"REPORT_DATE_SQ":"2022-12-31 00:00:00","REPORT_TYPE_SQ":"2022年年报","OPERATE_INCOME_SQ":273921041.46,"DPS_HKD":null,"OPERATE_INCOME_QOQ_SQ":0,"NET_PROFIT_RATIO_SQ":6.0503793472,"HOLDER_PROFIT_SQ":16573262.12,"HOLDER_PROFIT_QOQ_SQ":0,"ROE_AVG_SQ":19.561488706578,"PE_TTM_SQ":2.247001657164,"PB_TTM_SQ":0.574803489057,"ROA_SQ":12.149721638403,"START_DATE":"2023-04-01 00:00:00","FISCAL_YEAR":"3-31","CURRENCY":"HKD","IS_CNY_CODE":0,"DPS_HKD_LY":null,"ORG_TYPE":"一般企业","PREMIUM_INCOME":null,"PREMIUM_INCOME_YOY":null,"NET_INTEREST_INCOME":null,"NET_INTEREST_INCOME_YOY":null,"FEE_COMMISSION_INCOME":null,"FEE_COMMISSION_INCOME_YOY":null,"ACCOUNTS_RECE_TDAYS":7.555716697447,"INVENTORY_TDAYS":null,"CURRENT_ASSETS_TDAYS":1.941628282099,"TOTAL_ASSETS_TDAYS":1.78846133216,"PREMIUM_EXPENSE":null,"LOAN_DEPOSIT":null,"LOAN_EQUITY":null,"LOAN_ASSETS":null,"DEPOSIT_EQUITY":null,"DEPOSIT_ASSETS":null,"EQUITY_MULTIPLIER":1.39597016052,"EQUITY_RATIO":0.395970160521},{"SECUCODE":"01591.HK","SECURITY_CODE":"01591","SECURITY_NAME_ABBR":"汛和集团","ORG_CODE":"10535000","STD_REPORT_DATE":"2023-06-30 00:00:00","REPORT_DATE":"2023-09-30 00:00:00","DATE_TYPE_CODE":"002","REPORT_TYPE":"2023年中报","PER_NETCASH_OPERATE":0.004452570168,"PER_OI":0.053876121968,"BPS":0.31928477035,"BASIC_EPS":0.075520949,"DILUTED_EPS":0.075520949,"OPERATE_INCOME":215504487.87,"OPERATE_INCOME_YOY":82.9783089725,"GROSS_PROFIT":40642750.33,"GROSS_PROFIT_YOY":300.257616988733,"HOLDER_PROFIT":30217555.9,"HOLDER_PROFIT_YOY":102.5339811797,"GROSS_PROFIT_RATIO":18.859352179486,"EPS_TTM":0.00414331553,"OPERATE_INCOME_QOQ":0,"NET_PROFIT_RATIO":14.0217756942,"ROE_AVG":26.834972659783,"GROSS_PROFIT_QOQ":0,"ROA":17.076111334379,"HOLDER_PROFIT_QOQ":0,"ROE_YEARLY":53.669945319567,"ROIC_YEARLY":47.587564804278,"TOTAL_ASSETS":198417299.64,"TOTAL_LIABILITIES":70703391.5,"TAX_EBT":3.37441314554,"OCF_SALES":8.264459290863,"TOTAL_PARENT_EQUITY":127713908.14,"DEBT_ASSET_RATIO":35.6336829643,"OPERATE_PROFIT":31272830.4,"PRETAX_PROFIT":31272830.4,"NETCASH_OPERATE":17810280.67,"NETCASH_INVEST":-549660.37,"NETCASH_FINANCE":null,"END_CASH":58590675.5,"DIVI_RATIO":null,"DIVIDEND_RATE":null,"CURRENT_RATIO":2.617780661908,"COMMON_ACS":1000000000,"CURRENTDEBT_DEBT":100,"ISSUED_COMMON_SHARES":400000000,"HK_COMMON_SHARES":400000000,"PER_SHARES":20000,"TOTAL_MARKET_CAP":74000000,"HKSK_MARKET_CAP":74000000,"PE_TTM":50.754458161866,"PB_TTM":0.52618106317,"REPORT_DATE_SQ":"2022-06-30 00:00:00","REPORT_TYPE_SQ":"2022年中报","OPERATE_INCOME_SQ":116083065.12,"DPS_HKD":null,"OPERATE_INCOME_QOQ_SQ":0,"NET_PROFIT_RATIO_SQ":12.667902889,"HOLDER_PROFIT_SQ":14705289.96,"HOLDER_PROFIT_QOQ_SQ":0,"ROE_AVG_SQ":17.034852350294,"PE_TTM_SQ":2.247001657164,"PB_TTM_SQ":0.574803489057,"ROA_SQ":11.131002707615,"START_DATE":"2023-04-01 00:00:00","FISCAL_YEAR":"3-31","CURRENCY":"HKD","IS_CNY_CODE":0,"DPS_HKD_LY":null,"ORG_TYPE":"一般企业","PREMIUM_INCOME":null,"PREMIUM_INCOME_YOY":null,"NET_INTEREST_INCOME":null,"NET_INTEREST_INCOME_YOY":null,"FEE_COMMISSION_INCOME":null,"FEE_COMMISSION_INCOME_YOY":null,"ACCOUNTS_RECE_TDAYS":5.472677277282,"INVENTORY_TDAYS":null,"CURRENT_ASSETS_TDAYS":1.325493781695,"TOTAL_ASSETS_TDAYS":1.217828020276,"PREMIUM_EXPENSE":null,"LOAN_DEPOSIT":null,"LOAN_EQUITY":null,"LOAN_ASSETS":null,"DEPOSIT_EQUITY":null,"DEPOSIT_ASSETS":null,"EQUITY_MULTIPLIER":1.553607610399,"EQUITY_RATIO":0.553607610398},{"SECUCODE":"01591.HK","SECURITY_CODE":"01591","SECURITY_NAME_ABBR":"汛和集团","ORG_CODE":"10535000","STD_REPORT_DATE":"2022-12-31 00:00:00","REPORT_DATE":"2023-03-31 00:00:00","DATE_TYPE_CODE":"001","REPORT_TYPE":"2022年年报","PER_NETCASH_OPERATE":0.007818943268,"PER_OI":0.068480260365,"BPS":0.2325264042,"BASIC_EPS":0.004114427,"DILUTED_EPS":0.004114427,"OPERATE_INCOME":273921041.46,"OPERATE_INCOME_YOY":29.1441731465,"GROSS_PROFIT":21511449.93,"GROSS_PROFIT_YOY":52.728002058405,"HOLDER_PROFIT":16573262.12,"HOLDER_PROFIT_YOY":521.1790878754,"GROSS_PROFIT_RATIO":7.853157178194,"EPS_TTM":0.002501494778,"OPERATE_INCOME_QOQ":0,"NET_PROFIT_RATIO":6.0503793472,"ROE_AVG":19.561488706578,"GROSS_PROFIT_QOQ":0,"ROA":12.149721638403,"HOLDER_PROFIT_QOQ":0,"ROE_YEARLY":19.561488706578,"ROIC_YEARLY":15.228381481735,"TOTAL_ASSETS":148344352.37,"TOTAL_LIABILITIES":55333790.69,"TAX_EBT":null,"OCF_SALES":11.417805986462,"TOTAL_PARENT_EQUITY":93010561.68,"DEBT_ASSET_RATIO":37.300908195,"OPERATE_PROFIT":16573262.12,"PRETAX_PROFIT":16573262.12,"NETCASH_OPERATE":31275773.07,"NETCASH_INVEST":-5817974.86,"NETCASH_FINANCE":null,"END_CASH":39428466.4,"DIVI_RATIO":null,"DIVIDEND_RATE":null,"CURRENT_RATIO":2.415114936164,"COMMON_ACS":1000000000,"CURRENTDEBT_DEBT":100,"ISSUED_COMMON_SHARES":400000000,"HK_COMMON_SHARES":400000000,"PER_SHARES":20000,"TOTAL_MARKET_CAP":74000000,"HKSK_MARKET_CAP":74000000,"PE_TTM":50.754458161866,"PB_TTM":0.52618106317,"REPORT_DATE_SQ":"2021-12-31 00:00:00","REPORT_TYPE_SQ":"2021年年报","OPERATE_INCOME_SQ":196501234.92,"DPS_HKD":null,"OPERATE_INCOME_QOQ_SQ":0,"NET_PROFIT_RATIO_SQ":-1.8551995113,"HOLDER_PROFIT_SQ":-3645489.95,"HOLDER_PROFIT_QOQ_SQ":0,"ROE_AVG_SQ":-5.018785554383,"PE_TTM_SQ":2.247001657164,"PB_TTM_SQ":0.574803489057,"ROA_SQ":-3.546672873673,"START_DATE":"2022-04-01 00:00:00","FISCAL_YEAR":"3-31","CURRENCY":"HKD","IS_CNY_CODE":0,"DPS_HKD_LY":null,"ORG_TYPE":"一般企业","PREMIUM_INCOME":null,"PREMIUM_INCOME_YOY":null,"NET_INTEREST_INCOME":null,"NET_INTEREST_INCOME_YOY":null,"FEE_COMMISSION_INCOME":null,"FEE_COMMISSION_INCOME_YOY":null,"ACCOUNTS_RECE_TDAYS":6.639492446104,"INVENTORY_TDAYS":null,"CURRENT_ASSETS_TDAYS":2.231313376214,"TOTAL_ASSETS_TDAYS":2.008092541193,"PREMIUM_EXPENSE":null,"LOAN_DEPOSIT":null,"LOAN_EQUITY":null,"LOAN_ASSETS":null,"DEPOSIT_EQUITY":null,"DEPOSIT_ASSETS":null,"EQUITY_MULTIPLIER":1.594919433778,"EQUITY_RATIO":0.594919433778},{"SECUCODE":"01591.HK","SECURITY_CODE":"01591","SECURITY_NAME_ABBR":"汛和集团","ORG_CODE":"10535000","STD_REPORT_DATE":"2022-06-30 00:00:00","REPORT_DATE":"2022-09-30 00:00:00","DATE_TYPE_CODE":"002","REPORT_TYPE":"2022年中报","PER_NETCASH_OPERATE":0.00561476352,"PER_OI":0.02902076628,"BPS":0.2341934325,"BASIC_EPS":0.0036720264,"DILUTED_EPS":0.0036720264,"OPERATE_INCOME":116083065.12,"OPERATE_INCOME_YOY":11.9662220516,"GROSS_PROFIT":10154147.88,"GROSS_PROFIT_YOY":5.724481220785,"HOLDER_PROFIT":14705289.96,"HOLDER_PROFIT_YOY":1185.2964426877,"GROSS_PROFIT_RATIO":8.747311995512,"EPS_TTM":-0.000911372488,"OPERATE_INCOME_QOQ":0,"NET_PROFIT_RATIO":12.667902889,"ROE_AVG":17.034852350294,"GROSS_PROFIT_QOQ":0,"ROA":11.131002707615,"HOLDER_PROFIT_QOQ":0,"ROE_YEARLY":34.069704700588,"ROIC_YEARLY":26.73177388395,"TOTAL_ASSETS":135621682.44,"TOTAL_LIABILITIES":41944309.44,"TAX_EBT":null,"OCF_SALES":19.347399258267,"TOTAL_PARENT_EQUITY":93677373,"DEBT_ASSET_RATIO":30.9274362959,"OPERATE_PROFIT":14705289.96,"PRETAX_PROFIT":14705289.96,"NETCASH_OPERATE":22459054.08,"NETCASH_INVEST":-8960287.08,"NETCASH_FINANCE":null,"END_CASH":27932724.96,"DIVI_RATIO":null,"DIVIDEND_RATE":null,"CURRENT_RATIO":2.864455752976,"COMMON_ACS":1000000000,"CURRENTDEBT_DEBT":100,"ISSUED_COMMON_SHARES":400000000,"HK_COMMON_SHARES":400000000,"PER_SHARES":20000,"TOTAL_MARKET_CAP":74000000,"HKSK_MARKET_CAP":74000000,"PE_TTM":50.754458161866,"PB_TTM":0.52618106317,"REPORT_DATE_SQ":"2021-06-30 00:00:00","REPORT_TYPE_SQ":"2021年中报","OPERATE_INCOME_SQ":95494500.86,"DPS_HKD":null,"OPERATE_INCOME_QOQ_SQ":0,"NET_PROFIT_RATIO_SQ":1.103540927,"HOLDER_PROFIT_SQ":1053820.9,"HOLDER_PROFIT_QOQ_SQ":0,"ROE_AVG_SQ":1.36840340316,"PE_TTM_SQ":2.247001657164,"PB_TTM_SQ":0.574803489057,"ROA_SQ":1.108778634318,"START_DATE":"2022-04-01 00:00:00","FISCAL_YEAR":"3-31","CURRENCY":"HKD","IS_CNY_CODE":0,"DPS_HKD_LY":null,"ORG_TYPE":"一般企业","PREMIUM_INCOME":null,"PREMIUM_INCOME_YOY":null,"NET_INTEREST_INCOME":null,"NET_INTEREST_INCOME_YOY":null,"FEE_COMMISSION_INCOME":null,"FEE_COMMISSION_INCOME_YOY":null,"ACCOUNTS_RECE_TDAYS":3.386222726433,"INVENTORY_TDAYS":null,"CURRENT_ASSETS_TDAYS":0.984818897154,"TOTAL_ASSETS_TDAYS":0.878677615792,"PREMIUM_EXPENSE":null,"LOAN_DEPOSIT":null,"LOAN_EQUITY":null,"LOAN_ASSETS":null,"DEPOSIT_EQUITY":null,"DEPOSIT_ASSETS":null,"EQUITY_MULTIPLIER":1.44775283611,"EQUITY_RATIO":0.447752836109},{"SECUCODE":"01591.HK","SECURITY_CODE":"01591","SECURITY_NAME_ABBR":"汛和集团","ORG_CODE":"10535000","STD_REPORT_DATE":"2021-12-31 00:00:00","REPORT_DATE":"2022-03-31 00:00:00","DATE_TYPE_CODE":"001","REPORT_TYPE":"2021年年报","PER_NETCASH_OPERATE":-0.004336875975,"PER_OI":0.04912530873,"BPS":0.1770353729,"BASIC_EPS":-0.000892111,"DILUTED_EPS":-0.000892111,"OPERATE_INCOME":196501234.92,"OPERATE_INCOME_YOY":67.8398991403,"GROSS_PROFIT":14084810.67,"GROSS_PROFIT_YOY":-27.701236086792,"HOLDER_PROFIT":-3645489.95,"HOLDER_PROFIT_YOY":25.9838630002,"GROSS_PROFIT_RATIO":7.167797533555,"EPS_TTM":0.00039192437,"OPERATE_INCOME_QOQ":0,"NET_PROFIT_RATIO":-1.8551995113,"ROE_AVG":-5.018785554383,"GROSS_PROFIT_QOQ":0,"ROA":-3.546672873673,"HOLDER_PROFIT_QOQ":0,"ROE_YEARLY":-5.018785554383,"ROIC_YEARLY":-4.593296546086,"TOTAL_ASSETS":115315889.88,"TOTAL_LIABILITIES":44501740.72,"TAX_EBT":null,"OCF_SALES":-8.828190778069,"TOTAL_PARENT_EQUITY":70814149.16,"DEBT_ASSET_RATIO":38.5911609981,"OPERATE_PROFIT":-3645489.95,"PRETAX_PROFIT":-3645489.95,"NETCASH_OPERATE":-17347503.9,"NETCASH_INVEST":-357655.41,"NETCASH_FINANCE":null,"END_CASH":12942908.59,"DIVI_RATIO":null,"DIVIDEND_RATE":null,"CURRENT_RATIO":2.329257180347,"COMMON_ACS":1000000000,"CURRENTDEBT_DEBT":100,"ISSUED_COMMON_SHARES":400000000,"HK_COMMON_SHARES":400000000,"PER_SHARES":20000,"TOTAL_MARKET_CAP":74000000,"HKSK_MARKET_CAP":74000000,"PE_TTM":50.754458161866,"PB_TTM":0.52618106317,"REPORT_DATE_SQ":"2020-12-31 00:00:00","REPORT_TYPE_SQ":"2020年年报","OPERATE_INCOME_SQ":122009339.62,"DPS_HKD":null,"OPERATE_INCOME_QOQ_SQ":0,"NET_PROFIT_RATIO_SQ":-4.2068731427,"HOLDER_PROFIT_SQ":-5132778.14,"HOLDER_PROFIT_QOQ_SQ":0,"ROE_AVG_SQ":-6.402909934368,"PE_TTM_SQ":2.247001657164,"PB_TTM_SQ":0.574803489057,"ROA_SQ":-5.257985896165,"START_DATE":"2021-04-01 00:00:00","FISCAL_YEAR":"3-31","CURRENCY":"HKD","IS_CNY_CODE":0,"DPS_HKD_LY":null,"ORG_TYPE":"一般企业","PREMIUM_INCOME":null,"PREMIUM_INCOME_YOY":null,"NET_INTEREST_INCOME":null,"NET_INTEREST_INCOME_YOY":null,"FEE_COMMISSION_INCOME":null,"FEE_COMMISSION_INCOME_YOY":null,"ACCOUNTS_RECE_TDAYS":7.224186767644,"INVENTORY_TDAYS":null,"CURRENT_ASSETS_TDAYS":2.208758751459,"TOTAL_ASSETS_TDAYS":1.911747416925,"PREMIUM_EXPENSE":null,"LOAN_DEPOSIT":null,"LOAN_EQUITY":null,"LOAN_ASSETS":null,"DEPOSIT_EQUITY":null,"DEPOSIT_ASSETS":null,"EQUITY_MULTIPLIER":1.62843007009,"EQUITY_RATIO":0.62843007009},{"SECUCODE":"01591.HK","SECURITY_CODE":"01591","SECURITY_NAME_ABBR":"汛和集团","ORG_CODE":"10535000","STD_REPORT_DATE":"2021-06-30 00:00:00","REPORT_DATE":"2021-09-30 00:00:00","DATE_TYPE_CODE":"002","REPORT_TYPE":"2021年中报","PER_NETCASH_OPERATE":-0.00102174809,"PER_OI":0.023873625215,"BPS":0.1938447314,"BASIC_EPS":0.0002665792,"DILUTED_EPS":0.0002665792,"OPERATE_INCOME":95494500.86,"OPERATE_INCOME_YOY":90.7020462485,"GROSS_PROFIT":9604348.74,"GROSS_PROFIT_YOY":306.77077559239,"HOLDER_PROFIT":1053820.9,"HOLDER_PROFIT_YOY":119.6856520386,"GROSS_PROFIT_RATIO":10.057488811927,"EPS_TTM":-0.001283194535,"OPERATE_INCOME_QOQ":0,"NET_PROFIT_RATIO":1.103540927,"ROE_AVG":1.36840340316,"GROSS_PROFIT_QOQ":0,"ROA":1.108778634318,"HOLDER_PROFIT_QOQ":0,"ROE_YEARLY":2.73680680632,"ROIC_YEARLY":3.281793182172,"TOTAL_ASSETS":97376383.4,"TOTAL_LIABILITIES":19838490.84,"TAX_EBT":null,"OCF_SALES":-4.279819595048,"TOTAL_PARENT_EQUITY":77537892.56,"DEBT_ASSET_RATIO":20.3730002567,"OPERATE_PROFIT":1053820.9,"PRETAX_PROFIT":1053820.9,"NETCASH_OPERATE":-4086992.36,"NETCASH_INVEST":-570646.1,"NETCASH_FINANCE":null,"END_CASH":26823698.94,"DIVI_RATIO":null,"DIVIDEND_RATE":null,"CURRENT_RATIO":4.201310153691,"COMMON_ACS":1000000000,"CURRENTDEBT_DEBT":100,"ISSUED_COMMON_SHARES":400000000,"HK_COMMON_SHARES":400000000,"PER_SHARES":20000,"TOTAL_MARKET_CAP":74000000,"HKSK_MARKET_CAP":74000000,"PE_TTM":50.754458161866,"PB_TTM":0.52618106317,"REPORT_DATE_SQ":"2020-06-30 00:00:00","REPORT_TYPE_SQ":"2020年中报","OPERATE_INCOME_SQ":52819859.2,"DPS_HKD":null,"OPERATE_INCOME_QOQ_SQ":0,"NET_PROFIT_RATIO_SQ":-10.6904009316,"HOLDER_PROFIT_SQ":-5646654.72,"HOLDER_PROFIT_QOQ_SQ":0,"ROE_AVG_SQ":-6.787717463637,"PE_TTM_SQ":2.247001657164,"PB_TTM_SQ":0.574803489057,"ROA_SQ":-5.383036649215,"START_DATE":"2021-04-01 00:00:00","FISCAL_YEAR":"3-31","CURRENCY":"HKD","IS_CNY_CODE":0,"DPS_HKD_LY":null,"ORG_TYPE":"一般企业","PREMIUM_INCOME":null,"PREMIUM_INCOME_YOY":null,"NET_INTEREST_INCOME":null,"NET_INTEREST_INCOME_YOY":null,"FEE_COMMISSION_INCOME":null,"FEE_COMMISSION_INCOME_YOY":null,"ACCOUNTS_RECE_TDAYS":6.913603329212,"INVENTORY_TDAYS":null,"CURRENT_ASSETS_TDAYS":1.196372194478,"TOTAL_ASSETS_TDAYS":1.004746273759,"PREMIUM_EXPENSE":null,"LOAN_DEPOSIT":null,"LOAN_EQUITY":null,"LOAN_ASSETS":null,"DEPOSIT_EQUITY":null,"DEPOSIT_ASSETS":null,"EQUITY_MULTIPLIER":1.255855429972,"EQUITY_RATIO":0.255855429971},{"SECUCODE":"01591.HK","SECURITY_CODE":"01591","SECURITY_NAME_ABBR":"汛和集团","ORG_CODE":"10535000","STD_REPORT_DATE":"2020-12-31 00:00:00","REPORT_DATE":"2021-03-31 00:00:00","DATE_TYPE_CODE":"001","REPORT_TYPE":"2020年年报","PER_NETCASH_OPERATE":0.002018078545,"PER_OI":0.030502334905,"BPS":0.19399205245,"BASIC_EPS":-0.00126777,"DILUTED_EPS":-0.00126777,"OPERATE_INCOME":122009339.62,"OPERATE_INCOME_YOY":7.4163640693,"GROSS_PROFIT":19481399,"GROSS_PROFIT_YOY":446.802849759915,"HOLDER_PROFIT":-5132778.14,"HOLDER_PROFIT_YOY":81.6264786857,"GROSS_PROFIT_RATIO":15.967137483635,"EPS_TTM":-0.007474155213,"OPERATE_INCOME_QOQ":0,"NET_PROFIT_RATIO":-4.2068731427,"ROE_AVG":-6.402909934368,"GROSS_PROFIT_QOQ":0,"ROA":-5.257985896165,"HOLDER_PROFIT_QOQ":0,"ROE_YEARLY":-6.402909934368,"ROIC_YEARLY":-8.007066998042,"TOTAL_ASSETS":94059237.02,"TOTAL_LIABILITIES":16462416.04,"TAX_EBT":5.72803477181,"OCF_SALES":6.616144473154,"TOTAL_PARENT_EQUITY":77596820.98,"DEBT_ASSET_RATIO":17.5021790114,"OPERATE_PROFIT":-5444649.56,"PRETAX_PROFIT":-5444649.56,"NETCASH_OPERATE":8072314.18,"NETCASH_INVEST":-9475312.98,"NETCASH_FINANCE":-56627.06,"END_CASH":31939352.2,"DIVI_RATIO":null,"DIVIDEND_RATE":null,"CURRENT_RATIO":4.701766095082,"COMMON_ACS":1000000000,"CURRENTDEBT_DEBT":100,"ISSUED_COMMON_SHARES":400000000,"HK_COMMON_SHARES":400000000,"PER_SHARES":20000,"TOTAL_MARKET_CAP":74000000,"HKSK_MARKET_CAP":74000000,"PE_TTM":50.754458161866,"PB_TTM":0.52618106317,"REPORT_DATE_SQ":"2019-12-31 00:00:00","REPORT_TYPE_SQ":"2019年年报","OPERATE_INCOME_SQ":122793970.4,"DPS_HKD":null,"OPERATE_INCOME_QOQ_SQ":0,"NET_PROFIT_RATIO_SQ":-24.5944699089,"HOLDER_PROFIT_SQ":-30200526.1,"HOLDER_PROFIT_QOQ_SQ":0,"ROE_AVG_SQ":-28.889830915869,"PE_TTM_SQ":2.247001657164,"PB_TTM_SQ":0.574803489057,"ROA_SQ":-23.492077029961,"START_DATE":"2020-04-01 00:00:00","FISCAL_YEAR":"3-31","CURRENCY":"HKD","IS_CNY_CODE":0,"DPS_HKD_LY":null,"ORG_TYPE":"一般企业","PREMIUM_INCOME":null,"PREMIUM_INCOME_YOY":null,"NET_INTEREST_INCOME":null,"NET_INTEREST_INCOME_YOY":null,"FEE_COMMISSION_INCOME":null,"FEE_COMMISSION_INCOME_YOY":null,"ACCOUNTS_RECE_TDAYS":9.392257644763,"INVENTORY_TDAYS":null,"CURRENT_ASSETS_TDAYS":1.49413664262,"TOTAL_ASSETS_TDAYS":1.249856061229,"PREMIUM_EXPENSE":null,"LOAN_DEPOSIT":null,"LOAN_EQUITY":null,"LOAN_ASSETS":null,"DEPOSIT_EQUITY":null,"DEPOSIT_ASSETS":null,"EQUITY_MULTIPLIER":1.212153227827,"EQUITY_RATIO":0.212153227827},{"SECUCODE":"01591.HK","SECURITY_CODE":"01591","SECURITY_NAME_ABBR":"汛和集团","ORG_CODE":"10535000","STD_REPORT_DATE":"2020-06-30 00:00:00","REPORT_DATE":"2020-09-30 00:00:00","DATE_TYPE_CODE":"002","REPORT_TYPE":"2020年中报","PER_NETCASH_OPERATE":0.0020638936,"PER_OI":0.0132049648,"BPS":0.2009149344,"BASIC_EPS":-0.0014147392,"DILUTED_EPS":-0.0014147392,"OPERATE_INCOME":52819859.2,"OPERATE_INCOME_YOY":-10.0190111223,"GROSS_PROFIT":2361120.64,"GROSS_PROFIT_YOY":36.547801603949,"HOLDER_PROFIT":-5646654.72,"HOLDER_PROFIT_YOY":2.5920873124,"GROSS_PROFIT_RATIO":4.470138080186,"EPS_TTM":-0.007550131525,"OPERATE_INCOME_QOQ":0,"NET_PROFIT_RATIO":-10.6904009316,"ROE_AVG":-6.787717463637,"GROSS_PROFIT_QOQ":0,"ROA":-5.383036649215,"HOLDER_PROFIT_QOQ":0,"ROE_YEARLY":-13.575434927275,"ROIC_YEARLY":-16.024538041445,"TOTAL_ASSETS":104601071.36,"TOTAL_LIABILITIES":24235097.6,"TAX_EBT":5.430463576159,"OCF_SALES":15.629678921976,"TOTAL_PARENT_EQUITY":80365973.76,"DEBT_ASSET_RATIO":23.169072061,"OPERATE_PROFIT":-5970023.68,"PRETAX_PROFIT":-5970902.4,"NETCASH_OPERATE":8255574.4,"NETCASH_INVEST":-8798623.36,"NETCASH_FINANCE":-61510.4,"END_CASH":34119818.88,"DIVI_RATIO":null,"DIVIDEND_RATE":null,"CURRENT_RATIO":3.622772313165,"COMMON_ACS":1000000000,"CURRENTDEBT_DEBT":99.894851341552,"ISSUED_COMMON_SHARES":400000000,"HK_COMMON_SHARES":400000000,"PER_SHARES":20000,"TOTAL_MARKET_CAP":74000000,"HKSK_MARKET_CAP":74000000,"PE_TTM":50.754458161866,"PB_TTM":0.52618106317,"REPORT_DATE_SQ":"2019-06-30 00:00:00","REPORT_TYPE_SQ":"2019年中报","OPERATE_INCOME_SQ":60256974.03,"DPS_HKD":null,"OPERATE_INCOME_QOQ_SQ":0,"NET_PROFIT_RATIO_SQ":-9.8753050013,"HOLDER_PROFIT_SQ":-5950559.97,"HOLDER_PROFIT_QOQ_SQ":0,"ROE_AVG_SQ":-5.168503233742,"PE_TTM_SQ":2.247001657164,"PB_TTM_SQ":0.574803489057,"ROA_SQ":-4.338804247385,"START_DATE":"2020-04-01 00:00:00","FISCAL_YEAR":"3-31","CURRENCY":"HKD","IS_CNY_CODE":0,"DPS_HKD_LY":null,"ORG_TYPE":"一般企业","PREMIUM_INCOME":null,"PREMIUM_INCOME_YOY":null,"NET_INTEREST_INCOME":null,"NET_INTEREST_INCOME_YOY":null,"FEE_COMMISSION_INCOME":null,"FEE_COMMISSION_INCOME_YOY":null,"ACCOUNTS_RECE_TDAYS":2.681506925702,"INVENTORY_TDAYS":null,"CURRENT_ASSETS_TDAYS":0.596731922329,"TOTAL_ASSETS_TDAYS":0.503539267016,"PREMIUM_EXPENSE":null,"LOAN_DEPOSIT":null,"LOAN_EQUITY":null,"LOAN_ASSETS":null,"DEPOSIT_EQUITY":null,"DEPOSIT_ASSETS":null,"EQUITY_MULTIPLIER":1.301559185637,"EQUITY_RATIO":0.301559185637}],"count":21},"success":true,"message":"ok","code":0}