{"version":"fd7b440928376bdd7aecaf84671e5794","result":{"pages":2,"data":[{"SECUCODE":"01593.HK","SECURITY_CODE":"01593","SECURITY_NAME_ABBR":"辰林教育","ORG_CODE":"10982403","STD_REPORT_DATE":"2024-12-31 00:00:00","REPORT_DATE":"2024-08-31 00:00:00","DATE_TYPE_CODE":"001","REPORT_TYPE":"2024年年报","PER_NETCASH_OPERATE":0.113925,"PER_OI":0.599452,"BPS":0.866991679929,"BASIC_EPS":0.02,"DILUTED_EPS":0.02,"OPERATE_INCOME":599452000,"OPERATE_INCOME_YOY":6.4122272913,"GROSS_PROFIT":188359000,"GROSS_PROFIT_YOY":-17.55599227904,"HOLDER_PROFIT":15367000,"HOLDER_PROFIT_YOY":-54.3640305289,"GROSS_PROFIT_RATIO":31.421865303644,"EPS_TTM":0.015422056743,"OPERATE_INCOME_QOQ":0,"NET_PROFIT_RATIO":2.563508004,"ROE_AVG":1.801421607329,"GROSS_PROFIT_QOQ":0,"ROA":0.357481706891,"HOLDER_PROFIT_QOQ":0,"ROE_YEARLY":1.801421607329,"ROIC_YEARLY":0.387333267043,"TOTAL_ASSETS":4471175000,"TOTAL_LIABILITIES":3610443000,"TAX_EBT":6.321628871007,"OCF_SALES":19.004857770097,"TOTAL_PARENT_EQUITY":860732000,"DEBT_ASSET_RATIO":80.7493108635,"OPERATE_PROFIT":114440000,"PRETAX_PROFIT":16404000,"NETCASH_OPERATE":113925000,"NETCASH_INVEST":-489402000,"NETCASH_FINANCE":288835000,"END_CASH":287976000,"DIVI_RATIO":null,"DIVIDEND_RATE":null,"CURRENT_RATIO":0.241460732667,"COMMON_ACS":3800000000,"CURRENTDEBT_DEBT":44.785141324763,"ISSUED_COMMON_SHARES":992780000,"HK_COMMON_SHARES":992780000,"PER_SHARES":2000,"TOTAL_MARKET_CAP":1340253000,"HKSK_MARKET_CAP":1340253000,"PE_TTM":79.560460184812,"PB_TTM":1.420425395663,"REPORT_DATE_SQ":"2023-12-31 00:00:00","REPORT_TYPE_SQ":"2023年年报","OPERATE_INCOME_SQ":563330000,"DPS_HKD":null,"OPERATE_INCOME_QOQ_SQ":0,"NET_PROFIT_RATIO_SQ":5.9774909911,"HOLDER_PROFIT_SQ":33673000,"HOLDER_PROFIT_QOQ_SQ":0,"ROE_AVG_SQ":4.065697361335,"PE_TTM_SQ":45.126089151546,"PB_TTM_SQ":1.797484873398,"ROA_SQ":0.897749640546,"START_DATE":"2023-09-01 00:00:00","FISCAL_YEAR":"8-31","CURRENCY":"HKD","IS_CNY_CODE":0,"DPS_HKD_LY":null,"ORG_TYPE":"一般企业","PREMIUM_INCOME":null,"PREMIUM_INCOME_YOY":null,"NET_INTEREST_INCOME":null,"NET_INTEREST_INCOME_YOY":null,"FEE_COMMISSION_INCOME":null,"FEE_COMMISSION_INCOME_YOY":null,"ACCOUNTS_RECE_TDAYS":61.059536541889,"INVENTORY_TDAYS":null,"CURRENT_ASSETS_TDAYS":1.366347105027,"TOTAL_ASSETS_TDAYS":0.139450201184,"PREMIUM_EXPENSE":null,"LOAN_DEPOSIT":null,"LOAN_EQUITY":null,"LOAN_ASSETS":null,"DEPOSIT_EQUITY":null,"DEPOSIT_ASSETS":null,"EQUITY_MULTIPLIER":5.19461923108,"EQUITY_RATIO":4.194619231073},{"SECUCODE":"01593.HK","SECURITY_CODE":"01593","SECURITY_NAME_ABBR":"辰林教育","ORG_CODE":"10982403","STD_REPORT_DATE":"2024-06-30 00:00:00","REPORT_DATE":"2024-02-29 00:00:00","DATE_TYPE_CODE":"002","REPORT_TYPE":"2024年中报","PER_NETCASH_OPERATE":-0.144039,"PER_OI":0.33206,"BPS":0.837198573702,"BASIC_EPS":-0.01,"DILUTED_EPS":-0.01,"OPERATE_INCOME":332060000,"OPERATE_INCOME_YOY":3.2300183418,"GROSS_PROFIT":102244000,"GROSS_PROFIT_YOY":-19.299104147756,"HOLDER_PROFIT":-14211000,"HOLDER_PROFIT_YOY":-167.7811695125,"GROSS_PROFIT_RATIO":30.790820935975,"EPS_TTM":-0.001504,"OPERATE_INCOME_QOQ":0,"NET_PROFIT_RATIO":-4.2796482563,"ROE_AVG":-1.695298412962,"GROSS_PROFIT_QOQ":0,"ROA":-0.340528661702,"HOLDER_PROFIT_QOQ":0,"ROE_YEARLY":-3.390596825923,"ROIC_YEARLY":-0.724529894888,"TOTAL_ASSETS":4220246000,"TOTAL_LIABILITIES":3389092000,"TAX_EBT":2.750975159105,"OCF_SALES":-43.377401674396,"TOTAL_PARENT_EQUITY":831154000,"DEBT_ASSET_RATIO":80.3055556477,"OPERATE_PROFIT":34975000,"PRETAX_PROFIT":-14613000,"NETCASH_OPERATE":-144039000,"NETCASH_INVEST":-349244000,"NETCASH_FINANCE":244842000,"END_CASH":126177000,"DIVI_RATIO":null,"DIVIDEND_RATE":null,"CURRENT_RATIO":0.176436671978,"COMMON_ACS":3800000000,"CURRENTDEBT_DEBT":41.144884824608,"ISSUED_COMMON_SHARES":992780000,"HK_COMMON_SHARES":992780000,"PER_SHARES":2000,"TOTAL_MARKET_CAP":1360108600,"HKSK_MARKET_CAP":1360108600,"PE_TTM":80.739133669031,"PB_TTM":1.441468734858,"REPORT_DATE_SQ":"2023-06-30 00:00:00","REPORT_TYPE_SQ":"2023年中报","OPERATE_INCOME_SQ":321670000,"DPS_HKD":null,"OPERATE_INCOME_QOQ_SQ":0,"NET_PROFIT_RATIO_SQ":6.5178599186,"HOLDER_PROFIT_SQ":20966000,"HOLDER_PROFIT_QOQ_SQ":0,"ROE_AVG_SQ":2.551171578639,"PE_TTM_SQ":47.300840435958,"PB_TTM_SQ":1.884110650429,"ROA_SQ":0.600666675262,"START_DATE":"2023-09-01 00:00:00","FISCAL_YEAR":"8-31","CURRENCY":"HKD","IS_CNY_CODE":0,"DPS_HKD_LY":null,"ORG_TYPE":"一般企业","PREMIUM_INCOME":null,"PREMIUM_INCOME_YOY":null,"NET_INTEREST_INCOME":null,"NET_INTEREST_INCOME_YOY":null,"FEE_COMMISSION_INCOME":null,"FEE_COMMISSION_INCOME_YOY":null,"ACCOUNTS_RECE_TDAYS":33.800895765472,"INVENTORY_TDAYS":null,"CURRENT_ASSETS_TDAYS":0.905963271464,"TOTAL_ASSETS_TDAYS":0.079569310678,"PREMIUM_EXPENSE":null,"LOAN_DEPOSIT":null,"LOAN_EQUITY":null,"LOAN_ASSETS":null,"DEPOSIT_EQUITY":null,"DEPOSIT_ASSETS":null,"EQUITY_MULTIPLIER":5.077574071711,"EQUITY_RATIO":4.077574071712},{"SECUCODE":"01593.HK","SECURITY_CODE":"01593","SECURITY_NAME_ABBR":"辰林教育","ORG_CODE":"10982403","STD_REPORT_DATE":"2023-12-31 00:00:00","REPORT_DATE":"2023-08-31 00:00:00","DATE_TYPE_CODE":"001","REPORT_TYPE":"2023年年报","PER_NETCASH_OPERATE":0.223976,"PER_OI":0.56333,"BPS":0.851512923306,"BASIC_EPS":0.04,"DILUTED_EPS":0.03,"OPERATE_INCOME":563330000,"OPERATE_INCOME_YOY":9.3938122869,"GROSS_PROFIT":228469000,"GROSS_PROFIT_YOY":24.980990465146,"HOLDER_PROFIT":33673000,"HOLDER_PROFIT_YOY":188.6481505858,"GROSS_PROFIT_RATIO":40.556867200398,"EPS_TTM":0.033673,"OPERATE_INCOME_QOQ":0,"NET_PROFIT_RATIO":5.9774909911,"ROE_AVG":4.065697361335,"GROSS_PROFIT_QOQ":0,"ROA":0.897749640546,"HOLDER_PROFIT_QOQ":0,"ROE_YEARLY":4.065697361335,"ROIC_YEARLY":0.98447233388,"TOTAL_ASSETS":4126188000,"TOTAL_LIABILITIES":3280823000,"TAX_EBT":-1.25390906904,"OCF_SALES":39.7592885165,"TOTAL_PARENT_EQUITY":845365000,"DEBT_ASSET_RATIO":79.5122035157,"OPERATE_PROFIT":110907000,"PRETAX_PROFIT":33256000,"NETCASH_OPERATE":223976000,"NETCASH_INVEST":-793352000,"NETCASH_FINANCE":657788000,"END_CASH":374618000,"DIVI_RATIO":null,"DIVIDEND_RATE":null,"CURRENT_RATIO":0.345349289055,"COMMON_ACS":3800000000,"CURRENTDEBT_DEBT":42.984214631512,"ISSUED_COMMON_SHARES":992780000,"HK_COMMON_SHARES":992780000,"PER_SHARES":2000,"TOTAL_MARKET_CAP":1360108600,"HKSK_MARKET_CAP":1360108600,"PE_TTM":80.739133669031,"PB_TTM":1.441468734858,"REPORT_DATE_SQ":"2022-12-31 00:00:00","REPORT_TYPE_SQ":"2022年年报","OPERATE_INCOME_SQ":514956000,"DPS_HKD":null,"OPERATE_INCOME_QOQ_SQ":0,"NET_PROFIT_RATIO_SQ":-7.3763583685,"HOLDER_PROFIT_SQ":-37985000,"HOLDER_PROFIT_QOQ_SQ":0,"ROE_AVG_SQ":-4.586973165271,"PE_TTM_SQ":47.300840435958,"PB_TTM_SQ":1.884110650429,"ROA_SQ":-1.239234992199,"START_DATE":"2022-09-01 00:00:00","FISCAL_YEAR":"8-31","CURRENCY":"HKD","IS_CNY_CODE":0,"DPS_HKD_LY":null,"ORG_TYPE":"一般企业","PREMIUM_INCOME":null,"PREMIUM_INCOME_YOY":null,"NET_INTEREST_INCOME":null,"NET_INTEREST_INCOME_YOY":null,"FEE_COMMISSION_INCOME":null,"FEE_COMMISSION_INCOME_YOY":null,"ACCOUNTS_RECE_TDAYS":47.758043321606,"INVENTORY_TDAYS":null,"CURRENT_ASSETS_TDAYS":1.312218143193,"TOTAL_ASSETS_TDAYS":0.150188371992,"PREMIUM_EXPENSE":null,"LOAN_DEPOSIT":null,"LOAN_EQUITY":null,"LOAN_ASSETS":null,"DEPOSIT_EQUITY":null,"DEPOSIT_ASSETS":null,"EQUITY_MULTIPLIER":4.880954380654,"EQUITY_RATIO":3.880954380652},{"SECUCODE":"01593.HK","SECURITY_CODE":"01593","SECURITY_NAME_ABBR":"辰林教育","ORG_CODE":"10982403","STD_REPORT_DATE":"2023-06-30 00:00:00","REPORT_DATE":"2023-02-28 00:00:00","DATE_TYPE_CODE":"002","REPORT_TYPE":"2023年中报","PER_NETCASH_OPERATE":-0.035934,"PER_OI":0.32167,"BPS":0.838612784303,"BASIC_EPS":0.02,"DILUTED_EPS":0.02,"OPERATE_INCOME":321670000,"OPERATE_INCOME_YOY":11.9876617567,"GROSS_PROFIT":126695000,"GROSS_PROFIT_YOY":20.102569936202,"HOLDER_PROFIT":20966000,"HOLDER_PROFIT_YOY":158.5201105312,"GROSS_PROFIT_RATIO":39.38663848043,"EPS_TTM":0.018808,"OPERATE_INCOME_QOQ":0,"NET_PROFIT_RATIO":6.5178599186,"ROE_AVG":2.551171578639,"GROSS_PROFIT_QOQ":0,"ROA":0.600666675262,"HOLDER_PROFIT_QOQ":0,"ROE_YEARLY":5.102343157279,"ROIC_YEARLY":1.277264122911,"TOTAL_ASSETS":3605452000,"TOTAL_LIABILITIES":2772894000,"TAX_EBT":null,"OCF_SALES":-11.1710759474,"TOTAL_PARENT_EQUITY":832558000,"DEBT_ASSET_RATIO":76.908359895,"OPERATE_PROFIT":62105000,"PRETAX_PROFIT":20966000,"NETCASH_OPERATE":-35934000,"NETCASH_INVEST":-271644000,"NETCASH_FINANCE":150173000,"END_CASH":128795000,"DIVI_RATIO":null,"DIVIDEND_RATE":null,"CURRENT_RATIO":0.208631175728,"COMMON_ACS":3800000000,"CURRENTDEBT_DEBT":44.644007307888,"ISSUED_COMMON_SHARES":992780000,"HK_COMMON_SHARES":992780000,"PER_SHARES":2000,"TOTAL_MARKET_CAP":1360108600,"HKSK_MARKET_CAP":1360108600,"PE_TTM":80.739133669031,"PB_TTM":1.441468734858,"REPORT_DATE_SQ":"2022-06-30 00:00:00","REPORT_TYPE_SQ":"2022年中报","OPERATE_INCOME_SQ":287237000,"DPS_HKD":null,"OPERATE_INCOME_QOQ_SQ":0,"NET_PROFIT_RATIO_SQ":-12.4729752783,"HOLDER_PROFIT_SQ":-35827000,"HOLDER_PROFIT_QOQ_SQ":0,"ROE_AVG_SQ":-4.3236504658,"PE_TTM_SQ":47.300840435958,"PB_TTM_SQ":1.884110650429,"ROA_SQ":-1.268701232316,"START_DATE":"2022-09-01 00:00:00","FISCAL_YEAR":"8-31","CURRENCY":"HKD","IS_CNY_CODE":0,"DPS_HKD_LY":null,"ORG_TYPE":"一般企业","PREMIUM_INCOME":null,"PREMIUM_INCOME_YOY":null,"NET_INTEREST_INCOME":null,"NET_INTEREST_INCOME_YOY":null,"FEE_COMMISSION_INCOME":null,"FEE_COMMISSION_INCOME_YOY":null,"ACCOUNTS_RECE_TDAYS":28.47645184136,"INVENTORY_TDAYS":null,"CURRENT_ASSETS_TDAYS":1.021435636726,"TOTAL_ASSETS_TDAYS":0.092157039698,"PREMIUM_EXPENSE":null,"LOAN_DEPOSIT":null,"LOAN_EQUITY":null,"LOAN_ASSETS":null,"DEPOSIT_EQUITY":null,"DEPOSIT_ASSETS":null,"EQUITY_MULTIPLIER":4.330571563791,"EQUITY_RATIO":3.330571563783},{"SECUCODE":"01593.HK","SECURITY_CODE":"01593","SECURITY_NAME_ABBR":"辰林教育","ORG_CODE":"10982403","STD_REPORT_DATE":"2022-12-31 00:00:00","REPORT_DATE":"2022-08-31 00:00:00","DATE_TYPE_CODE":"001","REPORT_TYPE":"2022年年报","PER_NETCASH_OPERATE":0.474124,"PER_OI":0.514956,"BPS":0.816977578114,"BASIC_EPS":-0.04,"DILUTED_EPS":-0.04,"OPERATE_INCOME":514956000,"OPERATE_INCOME_YOY":null,"GROSS_PROFIT":182803000,"GROSS_PROFIT_YOY":null,"HOLDER_PROFIT":-37985000,"HOLDER_PROFIT_YOY":null,"GROSS_PROFIT_RATIO":35.498761059197,"EPS_TTM":-0.037985,"OPERATE_INCOME_QOQ":0,"NET_PROFIT_RATIO":-7.3763583685,"ROE_AVG":-4.586973165271,"GROSS_PROFIT_QOQ":0,"ROA":-1.239234992199,"HOLDER_PROFIT_QOQ":0,"ROE_YEARLY":-4.586973165271,"ROIC_YEARLY":-1.373845965772,"TOTAL_ASSETS":3375458000,"TOTAL_LIABILITIES":2564379000,"TAX_EBT":-25.483135674408,"OCF_SALES":92.07077886266,"TOTAL_PARENT_EQUITY":811079000,"DEBT_ASSET_RATIO":75.9712904145,"OPERATE_PROFIT":27577000,"PRETAX_PROFIT":-30271000,"NETCASH_OPERATE":474124000,"NETCASH_INVEST":-566067000,"NETCASH_FINANCE":63610000,"END_CASH":286206000,"DIVI_RATIO":null,"DIVIDEND_RATE":null,"CURRENT_RATIO":0.316600191374,"COMMON_ACS":3800000000,"CURRENTDEBT_DEBT":45.766206945229,"ISSUED_COMMON_SHARES":992780000,"HK_COMMON_SHARES":992780000,"PER_SHARES":2000,"TOTAL_MARKET_CAP":1360108600,"HKSK_MARKET_CAP":1360108600,"PE_TTM":80.739133669031,"PB_TTM":1.441468734858,"REPORT_DATE_SQ":"2021-12-31 00:00:00","REPORT_TYPE_SQ":"2021年年报","OPERATE_INCOME_SQ":null,"DPS_HKD":null,"OPERATE_INCOME_QOQ_SQ":0,"NET_PROFIT_RATIO_SQ":null,"HOLDER_PROFIT_SQ":null,"HOLDER_PROFIT_QOQ_SQ":0,"ROE_AVG_SQ":null,"PE_TTM_SQ":47.300840435958,"PB_TTM_SQ":1.884110650429,"ROA_SQ":null,"START_DATE":"2021-09-01 00:00:00","FISCAL_YEAR":"8-31","CURRENCY":"HKD","IS_CNY_CODE":0,"DPS_HKD_LY":null,"ORG_TYPE":"一般企业","PREMIUM_INCOME":null,"PREMIUM_INCOME_YOY":null,"NET_INTEREST_INCOME":null,"NET_INTEREST_INCOME_YOY":null,"FEE_COMMISSION_INCOME":null,"FEE_COMMISSION_INCOME_YOY":null,"ACCOUNTS_RECE_TDAYS":16.267504856976,"INVENTORY_TDAYS":null,"CURRENT_ASSETS_TDAYS":1.217505201437,"TOTAL_ASSETS_TDAYS":0.168000920006,"PREMIUM_EXPENSE":null,"LOAN_DEPOSIT":null,"LOAN_EQUITY":null,"LOAN_ASSETS":null,"DEPOSIT_EQUITY":null,"DEPOSIT_ASSETS":null,"EQUITY_MULTIPLIER":4.161688318891,"EQUITY_RATIO":3.161688318894},{"SECUCODE":"01593.HK","SECURITY_CODE":"01593","SECURITY_NAME_ABBR":"辰林教育","ORG_CODE":"10982403","STD_REPORT_DATE":"2022-06-30 00:00:00","REPORT_DATE":"2022-02-28 00:00:00","DATE_TYPE_CODE":"002","REPORT_TYPE":"2022年中报","PER_NETCASH_OPERATE":0.166437,"PER_OI":0.287237,"BPS":0.818030177884,"BASIC_EPS":-0.04,"DILUTED_EPS":-0.04,"OPERATE_INCOME":287237000,"OPERATE_INCOME_YOY":40.1388522975,"GROSS_PROFIT":105489000,"GROSS_PROFIT_YOY":-3.720166111441,"HOLDER_PROFIT":-35827000,"HOLDER_PROFIT_YOY":-199.8662020906,"GROSS_PROFIT_RATIO":36.725421864175,"EPS_TTM":0.080467,"OPERATE_INCOME_QOQ":0,"NET_PROFIT_RATIO":-12.4729752783,"ROE_AVG":-4.3236504658,"GROSS_PROFIT_QOQ":0,"ROA":-1.268701232316,"HOLDER_PROFIT_QOQ":0,"ROE_YEARLY":-8.6473009316,"ROIC_YEARLY":-2.748614932681,"TOTAL_ASSETS":2892886000,"TOTAL_LIABILITIES":2080762000,"TAX_EBT":-8.774326744998,"OCF_SALES":57.944136723333,"TOTAL_PARENT_EQUITY":812124000,"DEBT_ASSET_RATIO":71.926857816,"OPERATE_PROFIT":3737000,"PRETAX_PROFIT":-32937000,"NETCASH_OPERATE":166437000,"NETCASH_INVEST":-338098000,"NETCASH_FINANCE":-23219000,"END_CASH":119540000,"DIVI_RATIO":null,"DIVIDEND_RATE":null,"CURRENT_RATIO":0.435478230701,"COMMON_ACS":3800000000,"CURRENTDEBT_DEBT":34.907596351721,"ISSUED_COMMON_SHARES":992780000,"HK_COMMON_SHARES":992780000,"PER_SHARES":2000,"TOTAL_MARKET_CAP":1360108600,"HKSK_MARKET_CAP":1360108600,"PE_TTM":80.739133669031,"PB_TTM":1.441468734858,"REPORT_DATE_SQ":"2021-06-30 00:00:00","REPORT_TYPE_SQ":"2021年中报","OPERATE_INCOME_SQ":204966000,"DPS_HKD":null,"OPERATE_INCOME_QOQ_SQ":27.56215519965,"NET_PROFIT_RATIO_SQ":17.5029029205,"HOLDER_PROFIT_SQ":35875000,"HOLDER_PROFIT_QOQ_SQ":3.883344737216,"ROE_AVG_SQ":4.042863936639,"PE_TTM_SQ":47.300840435958,"PB_TTM_SQ":1.884110650429,"ROA_SQ":1.557602642215,"START_DATE":"2021-09-01 00:00:00","FISCAL_YEAR":"8-31","CURRENCY":"HKD","IS_CNY_CODE":0,"DPS_HKD_LY":null,"ORG_TYPE":"一般企业","PREMIUM_INCOME":null,"PREMIUM_INCOME_YOY":null,"NET_INTEREST_INCOME":null,"NET_INTEREST_INCOME_YOY":null,"FEE_COMMISSION_INCOME":null,"FEE_COMMISSION_INCOME_YOY":null,"ACCOUNTS_RECE_TDAYS":7.513785706812,"INVENTORY_TDAYS":null,"CURRENT_ASSETS_TDAYS":0.726576185182,"TOTAL_ASSETS_TDAYS":0.101716006327,"PREMIUM_EXPENSE":null,"LOAN_DEPOSIT":null,"LOAN_EQUITY":null,"LOAN_ASSETS":null,"DEPOSIT_EQUITY":null,"DEPOSIT_ASSETS":null,"EQUITY_MULTIPLIER":3.562123518079,"EQUITY_RATIO":2.562123518083},{"SECUCODE":"01593.HK","SECURITY_CODE":"01593","SECURITY_NAME_ABBR":"辰林教育","ORG_CODE":"10982403","STD_REPORT_DATE":"2021-06-30 00:00:00","REPORT_DATE":"2021-06-30 00:00:00","DATE_TYPE_CODE":"002","REPORT_TYPE":"2021年中报","PER_NETCASH_OPERATE":-0.098088,"PER_OI":0.204966,"BPS":0.904887286206,"BASIC_EPS":0.04,"DILUTED_EPS":0.04,"OPERATE_INCOME":204966000,"OPERATE_INCOME_YOY":63.2167798756,"GROSS_PROFIT":109565000,"GROSS_PROFIT_YOY":27.058400593747,"HOLDER_PROFIT":35875000,"HOLDER_PROFIT_YOY":9.1520369976,"GROSS_PROFIT_RATIO":53.455207205097,"EPS_TTM":0.080467,"OPERATE_INCOME_QOQ":27.56215519965,"NET_PROFIT_RATIO":17.5029029205,"ROE_AVG":4.042863936639,"GROSS_PROFIT_QOQ":12.434849340766,"ROA":1.557602642215,"HOLDER_PROFIT_QOQ":3.883344737216,"ROE_YEARLY":8.085727873279,"ROIC_YEARLY":3.680833987205,"TOTAL_ASSETS":2589865000,"TOTAL_LIABILITIES":1691511000,"TAX_EBT":1.477494301486,"OCF_SALES":-47.85574192793,"TOTAL_PARENT_EQUITY":898354000,"DEBT_ASSET_RATIO":65.3127093497,"OPERATE_PROFIT":59999000,"PRETAX_PROFIT":36413000,"NETCASH_OPERATE":-98088000,"NETCASH_INVEST":-349277000,"NETCASH_FINANCE":344041000,"END_CASH":252271000,"DIVI_RATIO":null,"DIVIDEND_RATE":null,"CURRENT_RATIO":1.148023736145,"COMMON_ACS":3800000000,"CURRENTDEBT_DEBT":23.671261966372,"ISSUED_COMMON_SHARES":992780000,"HK_COMMON_SHARES":992780000,"PER_SHARES":2000,"TOTAL_MARKET_CAP":1360108600,"HKSK_MARKET_CAP":1360108600,"PE_TTM":80.739133669031,"PB_TTM":1.441468734858,"REPORT_DATE_SQ":"2020-06-30 00:00:00","REPORT_TYPE_SQ":"2020年中报","OPERATE_INCOME_SQ":125579000,"DPS_HKD":null,"OPERATE_INCOME_QOQ_SQ":4.335064438532,"NET_PROFIT_RATIO_SQ":26.1723695841,"HOLDER_PROFIT_SQ":32867000,"HOLDER_PROFIT_QOQ_SQ":-21.268397750389,"ROE_AVG_SQ":4.03002872286,"PE_TTM_SQ":47.300840435958,"PB_TTM_SQ":1.884110650429,"ROA_SQ":2.272661268575,"START_DATE":"2021-01-01 00:00:00","FISCAL_YEAR":"12-31","CURRENCY":"HKD","IS_CNY_CODE":0,"DPS_HKD_LY":0.0223,"ORG_TYPE":"一般企业","PREMIUM_INCOME":null,"PREMIUM_INCOME_YOY":null,"NET_INTEREST_INCOME":null,"NET_INTEREST_INCOME_YOY":null,"FEE_COMMISSION_INCOME":null,"FEE_COMMISSION_INCOME_YOY":null,"ACCOUNTS_RECE_TDAYS":5.416148083555,"INVENTORY_TDAYS":null,"CURRENT_ASSETS_TDAYS":0.408855891294,"TOTAL_ASSETS_TDAYS":0.088991103321,"PREMIUM_EXPENSE":null,"LOAN_DEPOSIT":null,"LOAN_EQUITY":null,"LOAN_ASSETS":null,"DEPOSIT_EQUITY":null,"DEPOSIT_ASSETS":null,"EQUITY_MULTIPLIER":2.88290028207,"EQUITY_RATIO":1.882900282071},{"SECUCODE":"01593.HK","SECURITY_CODE":"01593","SECURITY_NAME_ABBR":"辰林教育","ORG_CODE":"10982403","STD_REPORT_DATE":"2020-12-31 00:00:00","REPORT_DATE":"2020-12-31 00:00:00","DATE_TYPE_CODE":"001","REPORT_TYPE":"2020年年报","PER_NETCASH_OPERATE":0.125316,"PER_OI":0.288029,"BPS":0.882751465581,"BASIC_EPS":0.08,"DILUTED_EPS":0.08,"OPERATE_INCOME":288029000,"OPERATE_INCOME_YOY":14.7105443423,"GROSS_PROFIT":187642000,"GROSS_PROFIT_YOY":9.612295326164,"HOLDER_PROFIT":77459000,"HOLDER_PROFIT_YOY":-7.3124326912,"GROSS_PROFIT_RATIO":65.146912290082,"EPS_TTM":0.077459,"OPERATE_INCOME_QOQ":9.944384430694,"NET_PROFIT_RATIO":26.8927781578,"ROE_AVG":9.297822857743,"GROSS_PROFIT_QOQ":7.029512086608,"ROA":4.42842253848,"HOLDER_PROFIT_QOQ":17.726001580643,"ROE_YEARLY":9.297822857743,"ROIC_YEARLY":5.78710197751,"TOTAL_ASSETS":2016573000,"TOTAL_LIABILITIES":1140195000,"TAX_EBT":1.786529390881,"OCF_SALES":43.508118974131,"TOTAL_PARENT_EQUITY":876378000,"DEBT_ASSET_RATIO":56.5412211708,"OPERATE_PROFIT":100660000,"PRETAX_PROFIT":78868000,"NETCASH_OPERATE":null,"NETCASH_INVEST":null,"NETCASH_FINANCE":null,"END_CASH":null,"DIVI_RATIO":null,"DIVIDEND_RATE":null,"CURRENT_RATIO":0.926959559125,"COMMON_ACS":3800000000,"CURRENTDEBT_DEBT":51.372265270414,"ISSUED_COMMON_SHARES":992780000,"HK_COMMON_SHARES":992780000,"PER_SHARES":2000,"TOTAL_MARKET_CAP":1360108600,"HKSK_MARKET_CAP":1360108600,"PE_TTM":80.739133669031,"PB_TTM":1.441468734858,"REPORT_DATE_SQ":"2019-12-31 00:00:00","REPORT_TYPE_SQ":"2019年年报","OPERATE_INCOME_SQ":251092000,"DPS_HKD":null,"OPERATE_INCOME_QOQ_SQ":12.733803259552,"NET_PROFIT_RATIO_SQ":33.2826215092,"HOLDER_PROFIT_SQ":83570000,"HOLDER_PROFIT_QOQ_SQ":-10.183244666559,"ROE_AVG_SQ":16.54961269708,"PE_TTM_SQ":47.300840435958,"PB_TTM_SQ":1.884110650429,"ROA_SQ":7.125180911131,"START_DATE":"2020-01-01 00:00:00","FISCAL_YEAR":"12-31","CURRENCY":"HKD","IS_CNY_CODE":0,"DPS_HKD_LY":0.0207,"ORG_TYPE":"一般企业","PREMIUM_INCOME":null,"PREMIUM_INCOME_YOY":null,"NET_INTEREST_INCOME":null,"NET_INTEREST_INCOME_YOY":null,"FEE_COMMISSION_INCOME":null,"FEE_COMMISSION_INCOME_YOY":null,"ACCOUNTS_RECE_TDAYS":10.342525763941,"INVENTORY_TDAYS":null,"CURRENT_ASSETS_TDAYS":0.510927515023,"TOTAL_ASSETS_TDAYS":0.164669582016,"PREMIUM_EXPENSE":null,"LOAN_DEPOSIT":null,"LOAN_EQUITY":null,"LOAN_ASSETS":null,"DEPOSIT_EQUITY":null,"DEPOSIT_ASSETS":null,"EQUITY_MULTIPLIER":2.301031061941,"EQUITY_RATIO":1.301031061939},{"SECUCODE":"01593.HK","SECURITY_CODE":"01593","SECURITY_NAME_ABBR":"辰林教育","ORG_CODE":"10982403","STD_REPORT_DATE":"2020-06-30 00:00:00","REPORT_DATE":"2020-06-30 00:00:00","DATE_TYPE_CODE":"002","REPORT_TYPE":"2020年中报","PER_NETCASH_OPERATE":-0.02605,"PER_OI":0.125579,"BPS":0.847426418743,"BASIC_EPS":0.03,"DILUTED_EPS":0.03,"OPERATE_INCOME":125579000,"OPERATE_INCOME_YOY":9.4904702949,"GROSS_PROFIT":86232000,"GROSS_PROFIT_YOY":5.031607410385,"HOLDER_PROFIT":32867000,"HOLDER_PROFIT_YOY":-35.0980430876,"GROSS_PROFIT_RATIO":68.667531991814,"EPS_TTM":0.065796,"OPERATE_INCOME_QOQ":4.335064438532,"NET_PROFIT_RATIO":26.1723695841,"ROE_AVG":4.03002872286,"GROSS_PROFIT_QOQ":2.41315053129,"ROA":2.272661268575,"HOLDER_PROFIT_QOQ":-21.268397750389,"ROE_YEARLY":8.060057445719,"ROIC_YEARLY":6.223201766967,"TOTAL_ASSETS":1410687000,"TOTAL_LIABILITIES":569379000,"TAX_EBT":2.520983480144,"OCF_SALES":-20.743914189474,"TOTAL_PARENT_EQUITY":841308000,"DEBT_ASSET_RATIO":40.3618237072,"OPERATE_PROFIT":44442000,"PRETAX_PROFIT":33717000,"NETCASH_OPERATE":-26050000,"NETCASH_INVEST":-108056000,"NETCASH_FINANCE":82502000,"END_CASH":364115000,"DIVI_RATIO":null,"DIVIDEND_RATE":null,"CURRENT_RATIO":2.116443532953,"COMMON_ACS":3800000000,"CURRENTDEBT_DEBT":39.735747191238,"ISSUED_COMMON_SHARES":992780000,"HK_COMMON_SHARES":992780000,"PER_SHARES":2000,"TOTAL_MARKET_CAP":1360108600,"HKSK_MARKET_CAP":1360108600,"PE_TTM":80.739133669031,"PB_TTM":1.441468734858,"REPORT_DATE_SQ":"2019-06-30 00:00:00","REPORT_TYPE_SQ":"2019年中报","OPERATE_INCOME_SQ":114694000,"DPS_HKD":null,"OPERATE_INCOME_QOQ_SQ":3.613661949554,"NET_PROFIT_RATIO_SQ":44.1531379148,"HOLDER_PROFIT_SQ":50641000,"HOLDER_PROFIT_QOQ_SQ":11.78725040248,"ROE_AVG_SQ":null,"PE_TTM_SQ":47.300840435958,"PB_TTM_SQ":1.884110650429,"ROA_SQ":null,"START_DATE":"2020-01-01 00:00:00","FISCAL_YEAR":"12-31","CURRENCY":"HKD","IS_CNY_CODE":0,"DPS_HKD_LY":0.0207,"ORG_TYPE":"一般企业","PREMIUM_INCOME":null,"PREMIUM_INCOME_YOY":null,"NET_INTEREST_INCOME":null,"NET_INTEREST_INCOME_YOY":null,"FEE_COMMISSION_INCOME":null,"FEE_COMMISSION_INCOME_YOY":null,"ACCOUNTS_RECE_TDAYS":4.347475376919,"INVENTORY_TDAYS":null,"CURRENT_ASSETS_TDAYS":0.236194377596,"TOTAL_ASSETS_TDAYS":0.086834371694,"PREMIUM_EXPENSE":null,"LOAN_DEPOSIT":null,"LOAN_EQUITY":null,"LOAN_ASSETS":null,"DEPOSIT_EQUITY":null,"DEPOSIT_ASSETS":null,"EQUITY_MULTIPLIER":1.676778302359,"EQUITY_RATIO":0.676778302358}],"count":17},"success":true,"message":"ok","code":0}