{"version":"badd522cef6038404086a4d783763aff","result":{"pages":2,"data":[{"SECUCODE":"01597.HK","SECURITY_CODE":"01597","SECURITY_NAME_ABBR":"纳泉能源科技","ORG_CODE":"10000081375","STD_REPORT_DATE":"2024-06-30 00:00:00","REPORT_DATE":"2024-06-30 00:00:00","DATE_TYPE_CODE":"002","REPORT_TYPE":"2024年中报","PER_NETCASH_OPERATE":-0.15048,"PER_OI":0.196964,"BPS":0.978124,"BASIC_EPS":-0.053,"DILUTED_EPS":-0.053,"OPERATE_INCOME":49241000,"OPERATE_INCOME_YOY":-60.2272910844,"GROSS_PROFIT":43000,"GROSS_PROFIT_YOY":-99.552456286428,"HOLDER_PROFIT":-13343000,"HOLDER_PROFIT_YOY":-202.0828616708,"GROSS_PROFIT_RATIO":0.087325602648,"EPS_TTM":-0.07628,"OPERATE_INCOME_QOQ":-26.248349907595,"NET_PROFIT_RATIO":-30.6045774862,"ROE_AVG":-5.311460661634,"GROSS_PROFIT_QOQ":-35.498237149749,"ROA":-2.714930285319,"HOLDER_PROFIT_QOQ":-87.992902208202,"ROE_YEARLY":-10.622921323267,"ROIC_YEARLY":-6.032009023376,"TOTAL_ASSETS":464596000,"TOTAL_LIABILITIES":218130000,"TAX_EBT":9.771284876063,"OCF_SALES":-76.399748177332,"TOTAL_PARENT_EQUITY":244531000,"DEBT_ASSET_RATIO":46.9504687944,"OPERATE_PROFIT":-14988000,"PRETAX_PROFIT":-16702000,"NETCASH_OPERATE":-37620000,"NETCASH_INVEST":-2953000,"NETCASH_FINANCE":21284000,"END_CASH":36701000,"DIVI_RATIO":null,"DIVIDEND_RATE":null,"CURRENT_RATIO":1.568023194416,"COMMON_ACS":750000000,"CURRENTDEBT_DEBT":95.505432540228,"ISSUED_COMMON_SHARES":250000000,"HK_COMMON_SHARES":250000000,"PER_SHARES":1000,"TOTAL_MARKET_CAP":827500000,"HKSK_MARKET_CAP":827500000,"PE_TTM":-39.362484009938,"PB_TTM":3.088535604893,"REPORT_DATE_SQ":"2023-06-30 00:00:00","REPORT_TYPE_SQ":"2023年中报","OPERATE_INCOME_SQ":123806000,"DPS_HKD":null,"OPERATE_INCOME_QOQ_SQ":15.500866109871,"NET_PROFIT_RATIO_SQ":-4.415779526,"HOLDER_PROFIT_SQ":-4417000,"HOLDER_PROFIT_QOQ_SQ":-142.072943803498,"ROE_AVG_SQ":-1.661844545862,"PE_TTM_SQ":-747.758290104022,"PB_TTM_SQ":6.637416484871,"ROA_SQ":-0.93443510785,"START_DATE":"2024-01-01 00:00:00","FISCAL_YEAR":"12-31","CURRENCY":"HKD","IS_CNY_CODE":0,"DPS_HKD_LY":null,"ORG_TYPE":"一般企业","PREMIUM_INCOME":null,"PREMIUM_INCOME_YOY":null,"NET_INTEREST_INCOME":null,"NET_INTEREST_INCOME_YOY":null,"FEE_COMMISSION_INCOME":null,"FEE_COMMISSION_INCOME_YOY":null,"ACCOUNTS_RECE_TDAYS":0.263532245116,"INVENTORY_TDAYS":1.573228447173,"CURRENT_ASSETS_TDAYS":0.139934325415,"TOTAL_ASSETS_TDAYS":0.100191772599,"PREMIUM_EXPENSE":null,"LOAN_DEPOSIT":null,"LOAN_EQUITY":null,"LOAN_ASSETS":null,"DEPOSIT_EQUITY":null,"DEPOSIT_ASSETS":null,"EQUITY_MULTIPLIER":1.885030795323,"EQUITY_RATIO":0.892034138821},{"SECUCODE":"01597.HK","SECURITY_CODE":"01597","SECURITY_NAME_ABBR":"纳泉能源科技","ORG_CODE":"10000081375","STD_REPORT_DATE":"2023-12-31 00:00:00","REPORT_DATE":"2023-12-31 00:00:00","DATE_TYPE_CODE":"001","REPORT_TYPE":"2023年年报","PER_NETCASH_OPERATE":0.03862,"PER_OI":1.1363,"BPS":1.031568,"BASIC_EPS":-0.041,"DILUTED_EPS":-0.041,"OPERATE_INCOME":284075000,"OPERATE_INCOME_YOY":29.1549404635,"GROSS_PROFIT":26945000,"GROSS_PROFIT_YOY":-2.213754309563,"HOLDER_PROFIT":-10144000,"HOLDER_PROFIT_YOY":-288.7606996651,"GROSS_PROFIT_RATIO":9.485171169586,"EPS_TTM":-0.040576,"OPERATE_INCOME_QOQ":11.821620749243,"NET_PROFIT_RATIO":-4.393910059,"ROE_AVG":-3.857804314549,"GROSS_PROFIT_QOQ":-0.395534526098,"ROA":-2.113190252743,"HOLDER_PROFIT_QOQ":-348.651039363114,"ROE_YEARLY":-3.857804314549,"ROIC_YEARLY":-2.368245341252,"TOTAL_ASSETS":518339000,"TOTAL_LIABILITIES":256785000,"TAX_EBT":-7.040562558957,"OCF_SALES":3.398750330018,"TOTAL_PARENT_EQUITY":257892000,"DEBT_ASSET_RATIO":49.5399728749,"OPERATE_PROFIT":-8639000,"PRETAX_PROFIT":-11661000,"NETCASH_OPERATE":9655000,"NETCASH_INVEST":-26193000,"NETCASH_FINANCE":28237000,"END_CASH":55824000,"DIVI_RATIO":null,"DIVIDEND_RATE":null,"CURRENT_RATIO":1.545051172166,"COMMON_ACS":750000000,"CURRENTDEBT_DEBT":95.051502229492,"ISSUED_COMMON_SHARES":250000000,"HK_COMMON_SHARES":250000000,"PER_SHARES":1000,"TOTAL_MARKET_CAP":1270000000,"HKSK_MARKET_CAP":1270000000,"PE_TTM":-60.411304764497,"PB_TTM":4.740109025032,"REPORT_DATE_SQ":"2022-12-31 00:00:00","REPORT_TYPE_SQ":"2022年年报","OPERATE_INCOME_SQ":219949000,"DPS_HKD":null,"OPERATE_INCOME_QOQ_SQ":-23.175340551869,"NET_PROFIT_RATIO_SQ":2.4432936726,"HOLDER_PROFIT_SQ":5374000,"HOLDER_PROFIT_QOQ_SQ":-53.922661407871,"ROE_AVG_SQ":2.037288366909,"PE_TTM_SQ":-788.151030412671,"PB_TTM_SQ":6.995959404344,"ROA_SQ":1.135987705797,"START_DATE":"2023-01-01 00:00:00","FISCAL_YEAR":"12-31","CURRENCY":"HKD","IS_CNY_CODE":0,"DPS_HKD_LY":null,"ORG_TYPE":"一般企业","PREMIUM_INCOME":null,"PREMIUM_INCOME_YOY":null,"NET_INTEREST_INCOME":null,"NET_INTEREST_INCOME_YOY":null,"FEE_COMMISSION_INCOME":null,"FEE_COMMISSION_INCOME_YOY":null,"ACCOUNTS_RECE_TDAYS":1.276517823842,"INVENTORY_TDAYS":17.904118650559,"CURRENT_ASSETS_TDAYS":0.791325021972,"TOTAL_ASSETS_TDAYS":0.591782848036,"PREMIUM_EXPENSE":null,"LOAN_DEPOSIT":null,"LOAN_EQUITY":null,"LOAN_ASSETS":null,"DEPOSIT_EQUITY":null,"DEPOSIT_ASSETS":null,"EQUITY_MULTIPLIER":1.98176667151,"EQUITY_RATIO":0.995707505467},{"SECUCODE":"01597.HK","SECURITY_CODE":"01597","SECURITY_NAME_ABBR":"纳泉能源科技","ORG_CODE":"10000081375","STD_REPORT_DATE":"2023-06-30 00:00:00","REPORT_DATE":"2023-06-30 00:00:00","DATE_TYPE_CODE":"002","REPORT_TYPE":"2023年中报","PER_NETCASH_OPERATE":0.000428,"PER_OI":0.495224,"BPS":1.0543,"BASIC_EPS":-0.018,"DILUTED_EPS":-0.018,"OPERATE_INCOME":123806000,"OPERATE_INCOME_YOY":38.0038344926,"GROSS_PROFIT":9608000,"GROSS_PROFIT_YOY":-4.974779942637,"HOLDER_PROFIT":-4417000,"HOLDER_PROFIT_YOY":-237.2591671846,"GROSS_PROFIT_RATIO":7.76052856889,"EPS_TTM":-0.009044,"OPERATE_INCOME_QOQ":15.500866109871,"NET_PROFIT_RATIO":-4.415779526,"ROE_AVG":-1.661844545862,"GROSS_PROFIT_QOQ":-1.825440029033,"ROA":-0.93443510785,"HOLDER_PROFIT_QOQ":-142.072943803498,"ROE_YEARLY":-3.323689091723,"ROIC_YEARLY":-2.039902092089,"TOTAL_ASSETS":503658000,"TOTAL_LIABILITIES":235133000,"TAX_EBT":-9.515224358974,"OCF_SALES":0.086425536727,"TOTAL_PARENT_EQUITY":263575000,"DEBT_ASSET_RATIO":46.6850521584,"OPERATE_PROFIT":-3715000,"PRETAX_PROFIT":-4992000,"NETCASH_OPERATE":107000,"NETCASH_INVEST":-19637000,"NETCASH_FINANCE":5468000,"END_CASH":30403000,"DIVI_RATIO":null,"DIVIDEND_RATE":null,"CURRENT_RATIO":1.710095722679,"COMMON_ACS":750000000,"CURRENTDEBT_DEBT":92.946545146789,"ISSUED_COMMON_SHARES":250000000,"HK_COMMON_SHARES":250000000,"PER_SHARES":1000,"TOTAL_MARKET_CAP":1270000000,"HKSK_MARKET_CAP":1270000000,"PE_TTM":-60.411304764497,"PB_TTM":4.740109025032,"REPORT_DATE_SQ":"2022-06-30 00:00:00","REPORT_TYPE_SQ":"2022年中报","OPERATE_INCOME_SQ":89712000,"DPS_HKD":null,"OPERATE_INCOME_QOQ_SQ":-8.490590160581,"NET_PROFIT_RATIO_SQ":3.5870340646,"HOLDER_PROFIT_SQ":3218000,"HOLDER_PROFIT_QOQ_SQ":-44.6437894537,"ROE_AVG_SQ":1.232525182887,"PE_TTM_SQ":-788.151030412671,"PB_TTM_SQ":6.995959404344,"ROA_SQ":0.658772182127,"START_DATE":"2023-01-01 00:00:00","FISCAL_YEAR":"12-31","CURRENCY":"HKD","IS_CNY_CODE":0,"DPS_HKD_LY":null,"ORG_TYPE":"一般企业","PREMIUM_INCOME":null,"PREMIUM_INCOME_YOY":null,"NET_INTEREST_INCOME":null,"NET_INTEREST_INCOME_YOY":null,"FEE_COMMISSION_INCOME":null,"FEE_COMMISSION_INCOME_YOY":null,"ACCOUNTS_RECE_TDAYS":0.537713006335,"INVENTORY_TDAYS":3.114547537228,"CURRENT_ASSETS_TDAYS":0.346505307879,"TOTAL_ASSETS_TDAYS":0.261916850719,"PREMIUM_EXPENSE":null,"LOAN_DEPOSIT":null,"LOAN_EQUITY":null,"LOAN_ASSETS":null,"DEPOSIT_EQUITY":null,"DEPOSIT_ASSETS":null,"EQUITY_MULTIPLIER":1.875646587841,"EQUITY_RATIO":0.892091435075},{"SECUCODE":"01597.HK","SECURITY_CODE":"01597","SECURITY_NAME_ABBR":"纳泉能源科技","ORG_CODE":"10000081375","STD_REPORT_DATE":"2022-12-31 00:00:00","REPORT_DATE":"2022-12-31 00:00:00","DATE_TYPE_CODE":"001","REPORT_TYPE":"2022年年报","PER_NETCASH_OPERATE":0.096944,"PER_OI":0.879796,"BPS":1.072012,"BASIC_EPS":0.021,"DILUTED_EPS":0.021,"OPERATE_INCOME":219949000,"OPERATE_INCOME_YOY":-29.6982075279,"GROSS_PROFIT":27555000,"GROSS_PROFIT_YOY":-39.931986135635,"HOLDER_PROFIT":5374000,"HOLDER_PROFIT_YOY":-74.4933314348,"GROSS_PROFIT_RATIO":12.527904195973,"EPS_TTM":0.021496,"OPERATE_INCOME_QOQ":-23.175340551869,"NET_PROFIT_RATIO":2.4432936726,"ROE_AVG":2.037288366909,"GROSS_PROFIT_QOQ":-19.337841398086,"ROA":1.135987705797,"HOLDER_PROFIT_QOQ":-53.922661407871,"ROE_YEARLY":2.037288366909,"ROIC_YEARLY":1.247368433269,"TOTAL_ASSETS":441726000,"TOTAL_LIABILITIES":173723000,"TAX_EBT":25.742711068122,"OCF_SALES":11.018918021905,"TOTAL_PARENT_EQUITY":268003000,"DEBT_ASSET_RATIO":39.3282260949,"OPERATE_PROFIT":9199000,"PRETAX_PROFIT":7237000,"NETCASH_OPERATE":24236000,"NETCASH_INVEST":-6145000,"NETCASH_FINANCE":-15859000,"END_CASH":43911000,"DIVI_RATIO":null,"DIVIDEND_RATE":null,"CURRENT_RATIO":2.018045540123,"COMMON_ACS":750000000,"CURRENTDEBT_DEBT":97.227195017355,"ISSUED_COMMON_SHARES":250000000,"HK_COMMON_SHARES":250000000,"PER_SHARES":1000,"TOTAL_MARKET_CAP":1270000000,"HKSK_MARKET_CAP":1270000000,"PE_TTM":-60.411304764497,"PB_TTM":4.740109025032,"REPORT_DATE_SQ":"2021-12-31 00:00:00","REPORT_TYPE_SQ":"2021年年报","OPERATE_INCOME_SQ":312864000,"DPS_HKD":null,"OPERATE_INCOME_QOQ_SQ":-6.104086697899,"NET_PROFIT_RATIO_SQ":6.8224532065,"HOLDER_PROFIT_SQ":21069000,"HOLDER_PROFIT_QOQ_SQ":-42.172146895757,"ROE_AVG_SQ":8.44911143772,"PE_TTM_SQ":-788.151030412671,"PB_TTM_SQ":6.995959404344,"ROA_SQ":4.006134030273,"START_DATE":"2022-01-01 00:00:00","FISCAL_YEAR":"12-31","CURRENCY":"HKD","IS_CNY_CODE":0,"DPS_HKD_LY":null,"ORG_TYPE":"一般企业","PREMIUM_INCOME":null,"PREMIUM_INCOME_YOY":null,"NET_INTEREST_INCOME":null,"NET_INTEREST_INCOME_YOY":null,"FEE_COMMISSION_INCOME":null,"FEE_COMMISSION_INCOME_YOY":null,"ACCOUNTS_RECE_TDAYS":0.887408187432,"INVENTORY_TDAYS":11.190902745463,"CURRENT_ASSETS_TDAYS":0.590851762557,"TOTAL_ASSETS_TDAYS":0.464941123748,"PREMIUM_EXPENSE":null,"LOAN_DEPOSIT":null,"LOAN_EQUITY":null,"LOAN_ASSETS":null,"DEPOSIT_EQUITY":null,"DEPOSIT_ASSETS":null,"EQUITY_MULTIPLIER":1.648212893139,"EQUITY_RATIO":0.648212893139},{"SECUCODE":"01597.HK","SECURITY_CODE":"01597","SECURITY_NAME_ABBR":"纳泉能源科技","ORG_CODE":"10000081375","STD_REPORT_DATE":"2022-06-30 00:00:00","REPORT_DATE":"2022-06-30 00:00:00","DATE_TYPE_CODE":"002","REPORT_TYPE":"2022年中报","PER_NETCASH_OPERATE":0.036672,"PER_OI":0.358848,"BPS":1.050476,"BASIC_EPS":0.013,"DILUTED_EPS":0.013,"OPERATE_INCOME":89712000,"OPERATE_INCOME_YOY":-22.845643125,"GROSS_PROFIT":10111000,"GROSS_PROFIT_YOY":-53.668148283921,"HOLDER_PROFIT":3218000,"HOLDER_PROFIT_YOY":-74.5088719899,"GROSS_PROFIT_RATIO":11.27051007669,"EPS_TTM":0.046652,"OPERATE_INCOME_QOQ":-8.490590160581,"NET_PROFIT_RATIO":3.5870340646,"ROE_AVG":1.232525182887,"GROSS_PROFIT_QOQ":-25.531358315349,"ROA":0.658772182127,"HOLDER_PROFIT_QOQ":-44.6437894537,"ROE_YEARLY":2.465050365774,"ROIC_YEARLY":1.418136547424,"TOTAL_ASSETS":472558000,"TOTAL_LIABILITIES":209939000,"TAX_EBT":21.836288559631,"OCF_SALES":10.219368646335,"TOTAL_PARENT_EQUITY":262619000,"DEBT_ASSET_RATIO":44.4260810313,"OPERATE_PROFIT":5242000,"PRETAX_PROFIT":4117000,"NETCASH_OPERATE":9168000,"NETCASH_INVEST":-1390000,"NETCASH_FINANCE":-20265000,"END_CASH":28727000,"DIVI_RATIO":null,"DIVIDEND_RATE":null,"CURRENT_RATIO":1.846769751535,"COMMON_ACS":750000000,"CURRENTDEBT_DEBT":95.12572699689,"ISSUED_COMMON_SHARES":250000000,"HK_COMMON_SHARES":250000000,"PER_SHARES":1000,"TOTAL_MARKET_CAP":1270000000,"HKSK_MARKET_CAP":1270000000,"PE_TTM":-60.411304764497,"PB_TTM":4.740109025032,"REPORT_DATE_SQ":"2021-06-30 00:00:00","REPORT_TYPE_SQ":"2021年中报","OPERATE_INCOME_SQ":116276000,"DPS_HKD":null,"OPERATE_INCOME_QOQ_SQ":-1.679576269936,"NET_PROFIT_RATIO_SQ":11.0409714816,"HOLDER_PROFIT_SQ":12624000,"HOLDER_PROFIT_QOQ_SQ":-9.307246160356,"ROE_AVG_SQ":5.15121282417,"PE_TTM_SQ":-788.151030412671,"PB_TTM_SQ":6.995959404344,"ROA_SQ":2.522670865789,"START_DATE":"2022-01-01 00:00:00","FISCAL_YEAR":"12-31","CURRENCY":"HKD","IS_CNY_CODE":0,"DPS_HKD_LY":null,"ORG_TYPE":"一般企业","PREMIUM_INCOME":null,"PREMIUM_INCOME_YOY":null,"NET_INTEREST_INCOME":null,"NET_INTEREST_INCOME_YOY":null,"FEE_COMMISSION_INCOME":null,"FEE_COMMISSION_INCOME_YOY":null,"ACCOUNTS_RECE_TDAYS":0.341092757596,"INVENTORY_TDAYS":3.832222035,"CURRENT_ASSETS_TDAYS":0.232274300746,"TOTAL_ASSETS_TDAYS":0.183653729033,"PREMIUM_EXPENSE":null,"LOAN_DEPOSIT":null,"LOAN_EQUITY":null,"LOAN_ASSETS":null,"DEPOSIT_EQUITY":null,"DEPOSIT_ASSETS":null,"EQUITY_MULTIPLIER":1.799405222013,"EQUITY_RATIO":0.799405222014},{"SECUCODE":"01597.HK","SECURITY_CODE":"01597","SECURITY_NAME_ABBR":"纳泉能源科技","ORG_CODE":"10000081375","STD_REPORT_DATE":"2021-12-31 00:00:00","REPORT_DATE":"2021-12-31 00:00:00","DATE_TYPE_CODE":"001","REPORT_TYPE":"2021年年报","PER_NETCASH_OPERATE":0.029252,"PER_OI":1.251456,"BPS":1.038244,"BASIC_EPS":0.084,"DILUTED_EPS":0.084,"OPERATE_INCOME":312864000,"OPERATE_INCOME_YOY":-7.6811401762,"GROSS_PROFIT":45873000,"GROSS_PROFIT_YOY":-37.647138779394,"HOLDER_PROFIT":21069000,"HOLDER_PROFIT_YOY":-47.5543275334,"GROSS_PROFIT_RATIO":14.662281374655,"EPS_TTM":0.084276,"OPERATE_INCOME_QOQ":-6.104086697899,"NET_PROFIT_RATIO":6.8224532065,"ROE_AVG":8.44911143772,"GROSS_PROFIT_QOQ":-30.889176810896,"ROA":4.006134030273,"HOLDER_PROFIT_QOQ":-42.172146895757,"ROE_YEARLY":8.44911143772,"ROIC_YEARLY":4.745729879245,"TOTAL_ASSETS":504411000,"TOTAL_LIABILITIES":244850000,"TAX_EBT":9.065735099902,"OCF_SALES":2.337437352971,"TOTAL_PARENT_EQUITY":259561000,"DEBT_ASSET_RATIO":48.5417645531,"OPERATE_PROFIT":29573000,"PRETAX_PROFIT":23473000,"NETCASH_OPERATE":7313000,"NETCASH_INVEST":-38077000,"NETCASH_FINANCE":-48460000,"END_CASH":40572000,"DIVI_RATIO":null,"DIVIDEND_RATE":null,"CURRENT_RATIO":1.698956185025,"COMMON_ACS":750000000,"CURRENTDEBT_DEBT":97.03491933837,"ISSUED_COMMON_SHARES":250000000,"HK_COMMON_SHARES":250000000,"PER_SHARES":1000,"TOTAL_MARKET_CAP":1242500000,"HKSK_MARKET_CAP":1242500000,"PE_TTM":-59.103185960542,"PB_TTM":4.637468868978,"REPORT_DATE_SQ":"2020-12-31 00:00:00","REPORT_TYPE_SQ":"2020年年报","OPERATE_INCOME_SQ":338895000,"DPS_HKD":null,"OPERATE_INCOME_QOQ_SQ":52.083380079431,"NET_PROFIT_RATIO_SQ":11.9163752785,"HOLDER_PROFIT_SQ":40173000,"HOLDER_PROFIT_QOQ_SQ":-5.575273240099,"ROE_AVG_SQ":23.418754590713,"PE_TTM_SQ":-788.151030412671,"PB_TTM_SQ":6.995959404344,"ROA_SQ":9.445669706047,"START_DATE":"2021-01-01 00:00:00","FISCAL_YEAR":"12-31","CURRENCY":"HKD","IS_CNY_CODE":0,"DPS_HKD_LY":null,"ORG_TYPE":"一般企业","PREMIUM_INCOME":null,"PREMIUM_INCOME_YOY":null,"NET_INTEREST_INCOME":null,"NET_INTEREST_INCOME_YOY":null,"FEE_COMMISSION_INCOME":null,"FEE_COMMISSION_INCOME_YOY":null,"ACCOUNTS_RECE_TDAYS":1.147030356357,"INVENTORY_TDAYS":15.153154175771,"CURRENT_ASSETS_TDAYS":0.737378105906,"TOTAL_ASSETS_TDAYS":0.59489065321,"PREMIUM_EXPENSE":null,"LOAN_DEPOSIT":null,"LOAN_EQUITY":null,"LOAN_ASSETS":null,"DEPOSIT_EQUITY":null,"DEPOSIT_ASSETS":null,"EQUITY_MULTIPLIER":1.943323534737,"EQUITY_RATIO":0.943323534737},{"SECUCODE":"01597.HK","SECURITY_CODE":"01597","SECURITY_NAME_ABBR":"纳泉能源科技","ORG_CODE":"10000081375","STD_REPORT_DATE":"2021-06-30 00:00:00","REPORT_DATE":"2021-06-30 00:00:00","DATE_TYPE_CODE":"002","REPORT_TYPE":"2021年中报","PER_NETCASH_OPERATE":0.034552,"PER_OI":0.465104,"BPS":1.003884,"BASIC_EPS":0.05,"DILUTED_EPS":0.05,"OPERATE_INCOME":116276000,"OPERATE_INCOME_YOY":-4.6667978486,"GROSS_PROFIT":21823000,"GROSS_PROFIT_YOY":-24.792363097495,"HOLDER_PROFIT":12624000,"HOLDER_PROFIT_YOY":-22.8503330685,"GROSS_PROFIT_RATIO":18.768275482473,"EPS_TTM":0.145736,"OPERATE_INCOME_QOQ":-1.679576269936,"NET_PROFIT_RATIO":11.0409714816,"ROE_AVG":5.15121282417,"GROSS_PROFIT_QOQ":-9.77844229985,"ROA":2.522670865789,"HOLDER_PROFIT_QOQ":-9.307246160356,"ROE_YEARLY":10.302425648339,"ROIC_YEARLY":6.26686291982,"TOTAL_ASSETS":453418000,"TOTAL_LIABILITIES":202194000,"TAX_EBT":9.40014114326,"OCF_SALES":7.42887612233,"TOTAL_PARENT_EQUITY":250971000,"DEBT_ASSET_RATIO":44.5932891945,"OPERATE_PROFIT":17185000,"PRETAX_PROFIT":14170000,"NETCASH_OPERATE":8638000,"NETCASH_INVEST":-6952000,"NETCASH_FINANCE":-51109000,"END_CASH":71478000,"DIVI_RATIO":null,"DIVIDEND_RATE":null,"CURRENT_RATIO":1.791904128915,"COMMON_ACS":750000000,"CURRENTDEBT_DEBT":97.108222795929,"ISSUED_COMMON_SHARES":250000000,"HK_COMMON_SHARES":250000000,"PER_SHARES":1000,"TOTAL_MARKET_CAP":1242500000,"HKSK_MARKET_CAP":1242500000,"PE_TTM":-59.103185960542,"PB_TTM":4.637468868978,"REPORT_DATE_SQ":"2020-06-30 00:00:00","REPORT_TYPE_SQ":"2020年中报","OPERATE_INCOME_SQ":121968000,"DPS_HKD":null,"OPERATE_INCOME_QOQ_SQ":0,"NET_PROFIT_RATIO_SQ":13.4666469894,"HOLDER_PROFIT_SQ":16363000,"HOLDER_PROFIT_QOQ_SQ":0,"ROE_AVG_SQ":null,"PE_TTM_SQ":-788.151030412671,"PB_TTM_SQ":6.995959404344,"ROA_SQ":null,"START_DATE":"2021-01-01 00:00:00","FISCAL_YEAR":"12-31","CURRENCY":"HKD","IS_CNY_CODE":0,"DPS_HKD_LY":null,"ORG_TYPE":"一般企业","PREMIUM_INCOME":null,"PREMIUM_INCOME_YOY":null,"NET_INTEREST_INCOME":null,"NET_INTEREST_INCOME_YOY":null,"FEE_COMMISSION_INCOME":null,"FEE_COMMISSION_INCOME_YOY":null,"ACCOUNTS_RECE_TDAYS":0.468644137817,"INVENTORY_TDAYS":3.914095684064,"CURRENT_ASSETS_TDAYS":0.291870250325,"TOTAL_ASSETS_TDAYS":0.232355891627,"PREMIUM_EXPENSE":null,"LOAN_DEPOSIT":null,"LOAN_EQUITY":null,"LOAN_ASSETS":null,"DEPOSIT_EQUITY":null,"DEPOSIT_ASSETS":null,"EQUITY_MULTIPLIER":1.804835525268,"EQUITY_RATIO":0.805646867566},{"SECUCODE":"01597.HK","SECURITY_CODE":"01597","SECURITY_NAME_ABBR":"纳泉能源科技","ORG_CODE":"10000081375","STD_REPORT_DATE":"2020-12-31 00:00:00","REPORT_DATE":"2020-12-31 00:00:00","DATE_TYPE_CODE":"001","REPORT_TYPE":"2020年年报","PER_NETCASH_OPERATE":0.048528,"PER_OI":1.35558,"BPS":0.956664,"BASIC_EPS":0.201,"DILUTED_EPS":0.201,"OPERATE_INCOME":338895000,"OPERATE_INCOME_YOY":52.0833800794,"GROSS_PROFIT":73570000,"GROSS_PROFIT_YOY":10.803198939711,"HOLDER_PROFIT":40173000,"HOLDER_PROFIT_YOY":-5.5752732401,"GROSS_PROFIT_RATIO":21.708788857906,"EPS_TTM":0.160692,"OPERATE_INCOME_QOQ":52.083380079431,"NET_PROFIT_RATIO":11.9163752785,"ROE_AVG":23.418754590713,"GROSS_PROFIT_QOQ":10.803198939711,"ROA":9.445669706047,"HOLDER_PROFIT_QOQ":-5.575273240099,"ROE_YEARLY":23.418754590713,"ROIC_YEARLY":11.645951254158,"TOTAL_ASSETS":547426000,"TOTAL_LIABILITIES":306325000,"TAX_EBT":14.722527240476,"OCF_SALES":3.579869871199,"TOTAL_PARENT_EQUITY":239166000,"DEBT_ASSET_RATIO":55.9573348727,"OPERATE_PROFIT":53743000,"PRETAX_PROFIT":47356000,"NETCASH_OPERATE":12132000,"NETCASH_INVEST":-1586000,"NETCASH_FINANCE":78322000,"END_CASH":121416000,"DIVI_RATIO":null,"DIVIDEND_RATE":null,"CURRENT_RATIO":1.474606267897,"COMMON_ACS":750000000,"CURRENTDEBT_DEBT":98.499306292337,"ISSUED_COMMON_SHARES":250000000,"HK_COMMON_SHARES":250000000,"PER_SHARES":1000,"TOTAL_MARKET_CAP":1242500000,"HKSK_MARKET_CAP":1242500000,"PE_TTM":-59.103185960542,"PB_TTM":4.637468868978,"REPORT_DATE_SQ":"2019-12-31 00:00:00","REPORT_TYPE_SQ":"2019年年报","OPERATE_INCOME_SQ":222835000,"DPS_HKD":null,"OPERATE_INCOME_QOQ_SQ":54.292222899241,"NET_PROFIT_RATIO_SQ":19.1572239549,"HOLDER_PROFIT_SQ":42545000,"HOLDER_PROFIT_QOQ_SQ":58.49569720225,"ROE_AVG_SQ":63.604900619679,"PE_TTM_SQ":-788.151030412671,"PB_TTM_SQ":6.995959404344,"ROA_SQ":15.659506492742,"START_DATE":"2020-01-01 00:00:00","FISCAL_YEAR":"12-31","CURRENCY":"HKD","IS_CNY_CODE":0,"DPS_HKD_LY":null,"ORG_TYPE":"一般企业","PREMIUM_INCOME":null,"PREMIUM_INCOME_YOY":null,"NET_INTEREST_INCOME":null,"NET_INTEREST_INCOME_YOY":null,"FEE_COMMISSION_INCOME":null,"FEE_COMMISSION_INCOME_YOY":null,"ACCOUNTS_RECE_TDAYS":1.593798719393,"INVENTORY_TDAYS":20.156113495651,"CURRENT_ASSETS_TDAYS":1.048887417034,"TOTAL_ASSETS_TDAYS":0.796826285075,"PREMIUM_EXPENSE":null,"LOAN_DEPOSIT":null,"LOAN_EQUITY":null,"LOAN_ASSETS":null,"DEPOSIT_EQUITY":null,"DEPOSIT_ASSETS":null,"EQUITY_MULTIPLIER":2.27052563034,"EQUITY_RATIO":1.280804963916},{"SECUCODE":"01597.HK","SECURITY_CODE":"01597","SECURITY_NAME_ABBR":"纳泉能源科技","ORG_CODE":"10000081375","STD_REPORT_DATE":"2020-06-30 00:00:00","REPORT_DATE":"2020-06-30 00:00:00","DATE_TYPE_CODE":"002","REPORT_TYPE":"2020年中报","PER_NETCASH_OPERATE":null,"PER_OI":null,"BPS":null,"BASIC_EPS":0.087,"DILUTED_EPS":0.087,"OPERATE_INCOME":121968000,"OPERATE_INCOME_YOY":null,"GROSS_PROFIT":29017000,"GROSS_PROFIT_YOY":null,"HOLDER_PROFIT":16363000,"HOLDER_PROFIT_YOY":null,"GROSS_PROFIT_RATIO":23.790666404303,"EPS_TTM":null,"OPERATE_INCOME_QOQ":0,"NET_PROFIT_RATIO":13.4666469894,"ROE_AVG":null,"GROSS_PROFIT_QOQ":0,"ROA":null,"HOLDER_PROFIT_QOQ":0,"ROE_YEARLY":null,"ROIC_YEARLY":null,"TOTAL_ASSETS":null,"TOTAL_LIABILITIES":null,"TAX_EBT":13.502554110274,"OCF_SALES":17.480814639906,"TOTAL_PARENT_EQUITY":null,"DEBT_ASSET_RATIO":null,"OPERATE_PROFIT":22038000,"PRETAX_PROFIT":18989000,"NETCASH_OPERATE":21321000,"NETCASH_INVEST":-1363000,"NETCASH_FINANCE":-16438000,"END_CASH":39152000,"DIVI_RATIO":null,"DIVIDEND_RATE":null,"CURRENT_RATIO":null,"COMMON_ACS":750000000,"CURRENTDEBT_DEBT":null,"ISSUED_COMMON_SHARES":250000000,"HK_COMMON_SHARES":250000000,"PER_SHARES":1000,"TOTAL_MARKET_CAP":1242500000,"HKSK_MARKET_CAP":1242500000,"PE_TTM":-59.103185960542,"PB_TTM":4.637468868978,"REPORT_DATE_SQ":"2019-06-30 00:00:00","REPORT_TYPE_SQ":"2019年中报","OPERATE_INCOME_SQ":null,"DPS_HKD":null,"OPERATE_INCOME_QOQ_SQ":0,"NET_PROFIT_RATIO_SQ":null,"HOLDER_PROFIT_SQ":null,"HOLDER_PROFIT_QOQ_SQ":0,"ROE_AVG_SQ":null,"PE_TTM_SQ":-788.151030412671,"PB_TTM_SQ":6.995959404344,"ROA_SQ":null,"START_DATE":"2020-01-01 00:00:00","FISCAL_YEAR":"12-31","CURRENCY":"HKD","IS_CNY_CODE":0,"DPS_HKD_LY":null,"ORG_TYPE":"一般企业","PREMIUM_INCOME":null,"PREMIUM_INCOME_YOY":null,"NET_INTEREST_INCOME":null,"NET_INTEREST_INCOME_YOY":null,"FEE_COMMISSION_INCOME":null,"FEE_COMMISSION_INCOME_YOY":null,"ACCOUNTS_RECE_TDAYS":null,"INVENTORY_TDAYS":null,"CURRENT_ASSETS_TDAYS":1.211989923933,"TOTAL_ASSETS_TDAYS":0.804575409155,"PREMIUM_EXPENSE":null,"LOAN_DEPOSIT":null,"LOAN_EQUITY":null,"LOAN_ASSETS":null,"DEPOSIT_EQUITY":null,"DEPOSIT_ASSETS":null,"EQUITY_MULTIPLIER":null,"EQUITY_RATIO":null}],"count":12},"success":true,"message":"ok","code":0}