{"version":"a00b0ddd87285528be49f2bea2a0d3e8","result":{"pages":3,"data":[{"SECUCODE":"01598.HK","SECURITY_CODE":"01598","SECURITY_NAME_ABBR":"21世纪教育","ORG_CODE":"10737775","STD_REPORT_DATE":"2024-06-30 00:00:00","REPORT_DATE":"2024-06-30 00:00:00","DATE_TYPE_CODE":"002","REPORT_TYPE":"2024年中报","PER_NETCASH_OPERATE":0.015654441425,"PER_OI":0.207822225897,"BPS":0.700908711992,"BASIC_EPS":0.0271,"DILUTED_EPS":0.0271,"OPERATE_INCOME":241324000,"OPERATE_INCOME_YOY":25.6228461963,"GROSS_PROFIT":103337000,"GROSS_PROFIT_YOY":35.623539911279,"HOLDER_PROFIT":30972000,"HOLDER_PROFIT_YOY":-7.8214285714,"GROSS_PROFIT_RATIO":42.820854950191,"EPS_TTM":0.03210719219,"OPERATE_INCOME_QOQ":11.71874256002,"NET_PROFIT_RATIO":12.754222539,"ROE_AVG":3.890324306739,"GROSS_PROFIT_QOQ":16.454391697331,"ROA":1.354668383548,"HOLDER_PROFIT_QOQ":-6.584650848137,"ROE_YEARLY":7.780648613478,"ROIC_YEARLY":2.978494341875,"TOTAL_ASSETS":2249883000,"TOTAL_LIABILITIES":1433353000,"TAX_EBT":-1.66809803792,"OCF_SALES":7.532611758466,"TOTAL_PARENT_EQUITY":813898000,"DEBT_ASSET_RATIO":63.7078905881,"OPERATE_PROFIT":62874000,"PRETAX_PROFIT":30274000,"NETCASH_OPERATE":18178000,"NETCASH_INVEST":-178003000,"NETCASH_FINANCE":-17282000,"END_CASH":97504000,"DIVI_RATIO":null,"DIVIDEND_RATE":null,"CURRENT_RATIO":0.721889401722,"COMMON_ACS":3000000000,"CURRENTDEBT_DEBT":60.266312625013,"ISSUED_COMMON_SHARES":1161204000,"HK_COMMON_SHARES":1161204000,"PER_SHARES":3000,"TOTAL_MARKET_CAP":130054848,"HKSK_MARKET_CAP":130054848,"PE_TTM":3.131354296985,"PB_TTM":0.145839477026,"REPORT_DATE_SQ":"2023-06-30 00:00:00","REPORT_TYPE_SQ":"2023年中报","OPERATE_INCOME_SQ":192102000,"DPS_HKD":null,"OPERATE_INCOME_QOQ_SQ":15.158315913667,"NET_PROFIT_RATIO_SQ":17.3694183298,"HOLDER_PROFIT_SQ":33600000,"HOLDER_PROFIT_QOQ_SQ":24.575091575092,"ROE_AVG_SQ":4.572563935943,"PE_TTM_SQ":8.979887743038,"PB_TTM_SQ":0.391961636263,"ROA_SQ":1.627909342891,"START_DATE":"2024-01-01 00:00:00","FISCAL_YEAR":"12-31","CURRENCY":"HKD","IS_CNY_CODE":0,"DPS_HKD_LY":null,"ORG_TYPE":"一般企业","PREMIUM_INCOME":null,"PREMIUM_INCOME_YOY":null,"NET_INTEREST_INCOME":null,"NET_INTEREST_INCOME_YOY":null,"FEE_COMMISSION_INCOME":null,"FEE_COMMISSION_INCOME_YOY":null,"ACCOUNTS_RECE_TDAYS":11.412546404672,"INVENTORY_TDAYS":null,"CURRENT_ASSETS_TDAYS":0.371864964651,"TOTAL_ASSETS_TDAYS":0.105551463577,"PREMIUM_EXPENSE":null,"LOAN_DEPOSIT":null,"LOAN_EQUITY":null,"LOAN_ASSETS":null,"DEPOSIT_EQUITY":null,"DEPOSIT_ASSETS":null,"EQUITY_MULTIPLIER":2.755419886594,"EQUITY_RATIO":1.761096599328},{"SECUCODE":"01598.HK","SECURITY_CODE":"01598","SECURITY_NAME_ABBR":"21世纪教育","ORG_CODE":"10737775","STD_REPORT_DATE":"2023-12-31 00:00:00","REPORT_DATE":"2023-12-31 00:00:00","DATE_TYPE_CODE":"001","REPORT_TYPE":"2023年年报","PER_NETCASH_OPERATE":0.17037402558,"PER_OI":0.361717665458,"BPS":0.670304270395,"BASIC_EPS":0.035,"DILUTED_EPS":0.035,"OPERATE_INCOME":420028000,"OPERATE_INCOME_YOY":34.6640676097,"GROSS_PROFIT":164959000,"GROSS_PROFIT_YOY":12.689228330965,"HOLDER_PROFIT":39911000,"HOLDER_PROFIT_YOY":46.1941391941,"GROSS_PROFIT_RATIO":39.273334158675,"EPS_TTM":0.034370360419,"OPERATE_INCOME_QOQ":16.93820506253,"NET_PROFIT_RATIO":9.4841296295,"ROE_AVG":5.33263676314,"GROSS_PROFIT_QOQ":9.439332320491,"ROA":1.865779878552,"HOLDER_PROFIT_QOQ":17.35422976271,"ROE_YEARLY":5.33263676314,"ROIC_YEARLY":2.183801316814,"TOTAL_ASSETS":2322749000,"TOTAL_LIABILITIES":1541564000,"TAX_EBT":-1.726251276813,"OCF_SALES":47.101383717276,"TOTAL_PARENT_EQUITY":778360000,"DEBT_ASSET_RATIO":66.3680836802,"OPERATE_PROFIT":81905000,"PRETAX_PROFIT":39160000,"NETCASH_OPERATE":197839000,"NETCASH_INVEST":-236023000,"NETCASH_FINANCE":91779000,"END_CASH":270254000,"DIVI_RATIO":null,"DIVIDEND_RATE":null,"CURRENT_RATIO":0.681439958931,"COMMON_ACS":3000000000,"CURRENTDEBT_DEBT":64.191691035857,"ISSUED_COMMON_SHARES":1161204000,"HK_COMMON_SHARES":1161204000,"PER_SHARES":3000,"TOTAL_MARKET_CAP":128893644,"HKSK_MARKET_CAP":128893644,"PE_TTM":3.103395776477,"PB_TTM":0.144537338838,"REPORT_DATE_SQ":"2022-12-31 00:00:00","REPORT_TYPE_SQ":"2022年年报","OPERATE_INCOME_SQ":311908000,"DPS_HKD":null,"OPERATE_INCOME_QOQ_SQ":5.520484454819,"NET_PROFIT_RATIO_SQ":8.5659874065,"HOLDER_PROFIT_SQ":27300000,"HOLDER_PROFIT_QOQ_SQ":134.395123207693,"ROE_AVG_SQ":3.910222438661,"PE_TTM_SQ":8.979887743038,"PB_TTM_SQ":0.391961636263,"ROA_SQ":1.639863705101,"START_DATE":"2023-01-01 00:00:00","FISCAL_YEAR":"12-31","CURRENCY":"HKD","IS_CNY_CODE":0,"DPS_HKD_LY":0.008,"ORG_TYPE":"一般企业","PREMIUM_INCOME":null,"PREMIUM_INCOME_YOY":null,"NET_INTEREST_INCOME":null,"NET_INTEREST_INCOME_YOY":null,"FEE_COMMISSION_INCOME":null,"FEE_COMMISSION_INCOME_YOY":null,"ACCOUNTS_RECE_TDAYS":24.935616966963,"INVENTORY_TDAYS":null,"CURRENT_ASSETS_TDAYS":0.713358531327,"TOTAL_ASSETS_TDAYS":0.19635684168,"PREMIUM_EXPENSE":null,"LOAN_DEPOSIT":null,"LOAN_EQUITY":null,"LOAN_ASSETS":null,"DEPOSIT_EQUITY":null,"DEPOSIT_ASSETS":null,"EQUITY_MULTIPLIER":2.973366104064,"EQUITY_RATIO":1.980528290251},{"SECUCODE":"01598.HK","SECURITY_CODE":"01598","SECURITY_NAME_ABBR":"21世纪教育","ORG_CODE":"10737775","STD_REPORT_DATE":"2023-06-30 00:00:00","REPORT_DATE":"2023-06-30 00:00:00","DATE_TYPE_CODE":"002","REPORT_TYPE":"2023年中报","PER_NETCASH_OPERATE":-0.00147691534,"PER_OI":0.165433463887,"BPS":0.646860499964,"BASIC_EPS":0.0294,"DILUTED_EPS":0.0294,"OPERATE_INCOME":192102000,"OPERATE_INCOME_YOY":32.6469735261,"GROSS_PROFIT":76194000,"GROSS_PROFIT_YOY":6.050357008643,"HOLDER_PROFIT":33600000,"HOLDER_PROFIT_YOY":24.9488676509,"GROSS_PROFIT_RATIO":39.663303869819,"EPS_TTM":0.029287704831,"OPERATE_INCOME_QOQ":15.158315913667,"NET_PROFIT_RATIO":17.3694183298,"ROE_AVG":4.572563935943,"GROSS_PROFIT_QOQ":2.969586840092,"ROA":1.627909342891,"HOLDER_PROFIT_QOQ":24.575091575092,"ROE_YEARLY":9.145127871887,"ROIC_YEARLY":3.774381832642,"TOTAL_ASSETS":2172532000,"TOTAL_LIABILITIES":1414265000,"TAX_EBT":-1.102930036663,"OCF_SALES":-0.892754890631,"TOTAL_PARENT_EQUITY":751137000,"DEBT_ASSET_RATIO":65.0975451685,"OPERATE_PROFIT":48843000,"PRETAX_PROFIT":33003000,"NETCASH_OPERATE":-1715000,"NETCASH_INVEST":-226363000,"NETCASH_FINANCE":169674000,"END_CASH":160070000,"DIVI_RATIO":null,"DIVIDEND_RATE":null,"CURRENT_RATIO":0.936514680732,"COMMON_ACS":3000000000,"CURRENTDEBT_DEBT":46.263819015531,"ISSUED_COMMON_SHARES":1161204000,"HK_COMMON_SHARES":1161204000,"PER_SHARES":3000,"TOTAL_MARKET_CAP":127732440,"HKSK_MARKET_CAP":127732440,"PE_TTM":3.075437255968,"PB_TTM":0.143235200651,"REPORT_DATE_SQ":"2022-06-30 00:00:00","REPORT_TYPE_SQ":"2022年中报","OPERATE_INCOME_SQ":144822000,"DPS_HKD":null,"OPERATE_INCOME_QOQ_SQ":-4.267619272785,"NET_PROFIT_RATIO_SQ":18.7146980431,"HOLDER_PROFIT_SQ":26891000,"HOLDER_PROFIT_QOQ_SQ":-60.085675119945,"ROE_AVG_SQ":3.864740548158,"PE_TTM_SQ":8.32680499809,"PB_TTM_SQ":0.363455335444,"ROA_SQ":1.830674676223,"START_DATE":"2023-01-01 00:00:00","FISCAL_YEAR":"12-31","CURRENCY":"HKD","IS_CNY_CODE":0,"DPS_HKD_LY":0.008,"ORG_TYPE":"一般企业","PREMIUM_INCOME":null,"PREMIUM_INCOME_YOY":null,"NET_INTEREST_INCOME":null,"NET_INTEREST_INCOME_YOY":null,"FEE_COMMISSION_INCOME":null,"FEE_COMMISSION_INCOME_YOY":null,"ACCOUNTS_RECE_TDAYS":15.875542332961,"INVENTORY_TDAYS":null,"CURRENT_ASSETS_TDAYS":0.344256786725,"TOTAL_ASSETS_TDAYS":0.093072809699,"PREMIUM_EXPENSE":null,"LOAN_DEPOSIT":null,"LOAN_EQUITY":null,"LOAN_ASSETS":null,"DEPOSIT_EQUITY":null,"DEPOSIT_ASSETS":null,"EQUITY_MULTIPLIER":2.865127982624,"EQUITY_RATIO":1.882832292911},{"SECUCODE":"01598.HK","SECURITY_CODE":"01598","SECURITY_NAME_ABBR":"21世纪教育","ORG_CODE":"10737775","STD_REPORT_DATE":"2022-12-31 00:00:00","REPORT_DATE":"2022-12-31 00:00:00","DATE_TYPE_CODE":"001","REPORT_TYPE":"2022年年报","PER_NETCASH_OPERATE":0.110619667173,"PER_OI":0.268607410929,"BPS":0.618752605055,"BASIC_EPS":0.0239,"DILUTED_EPS":0.0239,"OPERATE_INCOME":311908000,"OPERATE_INCOME_YOY":1.0172719235,"GROSS_PROFIT":146384000,"GROSS_PROFIT_YOY":15.422038241672,"HOLDER_PROFIT":27300000,"HOLDER_PROFIT_YOY":-6.4427690199,"GROSS_PROFIT_RATIO":46.931787578389,"EPS_TTM":0.023510080916,"OPERATE_INCOME_QOQ":5.520484454819,"NET_PROFIT_RATIO":8.5659874065,"ROE_AVG":3.910222438661,"GROSS_PROFIT_QOQ":24.355641639907,"ROA":1.639863705101,"HOLDER_PROFIT_QOQ":134.395123207693,"ROE_YEARLY":3.910222438661,"ROIC_YEARLY":2.070281899594,"TOTAL_ASSETS":1955462000,"TOTAL_LIABILITIES":1229601000,"TAX_EBT":2.538848763406,"OCF_SALES":41.18265642433,"TOTAL_PARENT_EQUITY":718498000,"DEBT_ASSET_RATIO":62.8803321159,"OPERATE_PROFIT":63039000,"PRETAX_PROFIT":27414000,"NETCASH_OPERATE":128452000,"NETCASH_INVEST":-454511000,"NETCASH_FINANCE":187218000,"END_CASH":212583000,"DIVI_RATIO":null,"DIVIDEND_RATE":null,"CURRENT_RATIO":0.899397582826,"COMMON_ACS":3000000000,"CURRENTDEBT_DEBT":45.508990314744,"ISSUED_COMMON_SHARES":1161204000,"HK_COMMON_SHARES":1161204000,"PER_SHARES":3000,"TOTAL_MARKET_CAP":128893644,"HKSK_MARKET_CAP":128893644,"PE_TTM":3.103395776477,"PB_TTM":0.144537338838,"REPORT_DATE_SQ":"2021-12-31 00:00:00","REPORT_TYPE_SQ":"2021年年报","OPERATE_INCOME_SQ":308767000,"DPS_HKD":null,"OPERATE_INCOME_QOQ_SQ":4.20720821057,"NET_PROFIT_RATIO_SQ":9.3079895196,"HOLDER_PROFIT_SQ":29180000,"HOLDER_PROFIT_QOQ_SQ":-65.810163216047,"ROE_AVG_SQ":4.355561924209,"PE_TTM_SQ":8.979887743038,"PB_TTM_SQ":0.391961636263,"ROA_SQ":2.318492360218,"START_DATE":"2022-01-01 00:00:00","FISCAL_YEAR":"12-31","CURRENCY":"HKD","IS_CNY_CODE":0,"DPS_HKD_LY":0.0063,"ORG_TYPE":"一般企业","PREMIUM_INCOME":null,"PREMIUM_INCOME_YOY":null,"NET_INTEREST_INCOME":null,"NET_INTEREST_INCOME_YOY":null,"FEE_COMMISSION_INCOME":null,"FEE_COMMISSION_INCOME_YOY":null,"ACCOUNTS_RECE_TDAYS":27.618364545978,"INVENTORY_TDAYS":null,"CURRENT_ASSETS_TDAYS":0.518675324891,"TOTAL_ASSETS_TDAYS":0.187357732062,"PREMIUM_EXPENSE":null,"LOAN_DEPOSIT":null,"LOAN_EQUITY":null,"LOAN_ASSETS":null,"DEPOSIT_EQUITY":null,"DEPOSIT_ASSETS":null,"EQUITY_MULTIPLIER":2.693989620603,"EQUITY_RATIO":1.711349231313},{"SECUCODE":"01598.HK","SECURITY_CODE":"01598","SECURITY_NAME_ABBR":"21世纪教育","ORG_CODE":"10737775","STD_REPORT_DATE":"2022-06-30 00:00:00","REPORT_DATE":"2022-06-30 00:00:00","DATE_TYPE_CODE":"002","REPORT_TYPE":"2022年中报","PER_NETCASH_OPERATE":-0.004296402699,"PER_OI":0.124717103971,"BPS":0.614676663188,"BASIC_EPS":0.0237,"DILUTED_EPS":0.0237,"OPERATE_INCOME":144822000,"OPERATE_INCOME_YOY":-8.3399262021,"GROSS_PROFIT":71847000,"GROSS_PROFIT_YOY":-11.253983547024,"HOLDER_PROFIT":26891000,"HOLDER_PROFIT_YOY":-39.4674050063,"GROSS_PROFIT_RATIO":49.610556407176,"EPS_TTM":0.010030106682,"OPERATE_INCOME_QOQ":-4.267619272785,"NET_PROFIT_RATIO":18.7146980431,"ROE_AVG":3.864740548158,"GROSS_PROFIT_QOQ":-7.183914843288,"ROA":1.830674676223,"HOLDER_PROFIT_QOQ":-60.085675119945,"ROE_YEARLY":7.729481096315,"ROIC_YEARLY":5.171286485156,"TOTAL_ASSETS":1563741000,"TOTAL_LIABILITIES":841819000,"TAX_EBT":0.070053830838,"OCF_SALES":-3.444918589717,"TOTAL_PARENT_EQUITY":713765000,"DEBT_ASSET_RATIO":53.8336591546,"OPERATE_PROFIT":43635000,"PRETAX_PROFIT":27122000,"NETCASH_OPERATE":-4989000,"NETCASH_INVEST":-81132000,"NETCASH_FINANCE":169920000,"END_CASH":427366000,"DIVI_RATIO":null,"DIVIDEND_RATE":null,"CURRENT_RATIO":1.687336501438,"COMMON_ACS":3000000000,"CURRENTDEBT_DEBT":49.269379759782,"ISSUED_COMMON_SHARES":1161204000,"HK_COMMON_SHARES":1161204000,"PER_SHARES":3000,"TOTAL_MARKET_CAP":127732440,"HKSK_MARKET_CAP":127732440,"PE_TTM":3.075437255968,"PB_TTM":0.143235200651,"REPORT_DATE_SQ":"2021-06-30 00:00:00","REPORT_TYPE_SQ":"2021年中报","OPERATE_INCOME_SQ":157999000,"DPS_HKD":null,"OPERATE_INCOME_QOQ_SQ":16.744942908251,"NET_PROFIT_RATIO_SQ":27.9470123229,"HOLDER_PROFIT_SQ":44424000,"HOLDER_PROFIT_QOQ_SQ":10.576026119403,"ROE_AVG_SQ":6.485932473244,"PE_TTM_SQ":8.32680499809,"PB_TTM_SQ":0.363455335444,"ROA_SQ":3.639698969432,"START_DATE":"2022-01-01 00:00:00","FISCAL_YEAR":"12-31","CURRENCY":"HKD","IS_CNY_CODE":0,"DPS_HKD_LY":0.0063,"ORG_TYPE":"一般企业","PREMIUM_INCOME":null,"PREMIUM_INCOME_YOY":null,"NET_INTEREST_INCOME":null,"NET_INTEREST_INCOME_YOY":null,"FEE_COMMISSION_INCOME":null,"FEE_COMMISSION_INCOME_YOY":null,"ACCOUNTS_RECE_TDAYS":10.720408616478,"INVENTORY_TDAYS":null,"CURRENT_ASSETS_TDAYS":0.206997392915,"TOTAL_ASSETS_TDAYS":0.098591338351,"PREMIUM_EXPENSE":null,"LOAN_DEPOSIT":null,"LOAN_EQUITY":null,"LOAN_ASSETS":null,"DEPOSIT_EQUITY":null,"DEPOSIT_ASSETS":null,"EQUITY_MULTIPLIER":2.166080269062,"EQUITY_RATIO":1.179406387256},{"SECUCODE":"01598.HK","SECURITY_CODE":"01598","SECURITY_NAME_ABBR":"21世纪教育","ORG_CODE":"10737775","STD_REPORT_DATE":"2021-12-31 00:00:00","REPORT_DATE":"2021-12-31 00:00:00","DATE_TYPE_CODE":"001","REPORT_TYPE":"2021年年报","PER_NETCASH_OPERATE":0.077885327137,"PER_OI":0.264532871379,"BPS":0.583740669168,"BASIC_EPS":0.0256,"DILUTED_EPS":0.0256,"OPERATE_INCOME":308767000,"OPERATE_INCOME_YOY":21.6566457317,"GROSS_PROFIT":126825000,"GROSS_PROFIT_YOY":3.712638508403,"HOLDER_PROFIT":29180000,"HOLDER_PROFIT_YOY":-62.1942371476,"GROSS_PROFIT_RATIO":41.074661476129,"EPS_TTM":0.024999657304,"OPERATE_INCOME_QOQ":4.20720821057,"NET_PROFIT_RATIO":9.3079895196,"ROE_AVG":4.355561924209,"GROSS_PROFIT_QOQ":-10.932496207652,"ROA":2.318492360218,"HOLDER_PROFIT_QOQ":-65.810163216047,"ROE_YEARLY":4.355561924209,"ROIC_YEARLY":3.374809097181,"TOTAL_ASSETS":1374083000,"TOTAL_LIABILITIES":688296000,"TAX_EBT":-1.218567302951,"OCF_SALES":29.442589395888,"TOTAL_PARENT_EQUITY":677842000,"DEBT_ASSET_RATIO":50.0912972506,"OPERATE_PROFIT":55027000,"PRETAX_PROFIT":28394000,"NETCASH_OPERATE":90909000,"NETCASH_INVEST":-284601000,"NETCASH_FINANCE":176592000,"END_CASH":334332000,"DIVI_RATIO":null,"DIVIDEND_RATE":null,"CURRENT_RATIO":1.264204144932,"COMMON_ACS":3000000000,"CURRENTDEBT_DEBT":80.380243383661,"ISSUED_COMMON_SHARES":1161204000,"HK_COMMON_SHARES":1161204000,"PER_SHARES":3000,"TOTAL_MARKET_CAP":127732440,"HKSK_MARKET_CAP":127732440,"PE_TTM":3.075437255968,"PB_TTM":0.143235200651,"REPORT_DATE_SQ":"2020-12-31 00:00:00","REPORT_TYPE_SQ":"2020年年报","OPERATE_INCOME_SQ":253802000,"DPS_HKD":null,"OPERATE_INCOME_QOQ_SQ":9.788297991989,"NET_PROFIT_RATIO_SQ":31.0367924603,"HOLDER_PROFIT_SQ":77184000,"HOLDER_PROFIT_QOQ_SQ":12.994085612227,"ROE_AVG_SQ":11.626679119232,"PE_TTM_SQ":8.32680499809,"PB_TTM_SQ":0.363455335444,"ROA_SQ":6.966278748626,"START_DATE":"2021-01-01 00:00:00","FISCAL_YEAR":"12-31","CURRENCY":"HKD","IS_CNY_CODE":0,"DPS_HKD_LY":0.0157,"ORG_TYPE":"一般企业","PREMIUM_INCOME":null,"PREMIUM_INCOME_YOY":null,"NET_INTEREST_INCOME":null,"NET_INTEREST_INCOME_YOY":null,"FEE_COMMISSION_INCOME":null,"FEE_COMMISSION_INCOME_YOY":null,"ACCOUNTS_RECE_TDAYS":37.165021665864,"INVENTORY_TDAYS":null,"CURRENT_ASSETS_TDAYS":0.465488649486,"TOTAL_ASSETS_TDAYS":0.245330339475,"PREMIUM_EXPENSE":null,"LOAN_DEPOSIT":null,"LOAN_EQUITY":null,"LOAN_ASSETS":null,"DEPOSIT_EQUITY":null,"DEPOSIT_ASSETS":null,"EQUITY_MULTIPLIER":2.003658570372,"EQUITY_RATIO":1.015422473084},{"SECUCODE":"01598.HK","SECURITY_CODE":"01598","SECURITY_NAME_ABBR":"21世纪教育","ORG_CODE":"10737775","STD_REPORT_DATE":"2021-06-30 00:00:00","REPORT_DATE":"2021-06-30 00:00:00","DATE_TYPE_CODE":"002","REPORT_TYPE":"2021年中报","PER_NETCASH_OPERATE":-0.038369076503,"PER_OI":0.13536397719,"BPS":0.609542337092,"BASIC_EPS":0.039,"DILUTED_EPS":0.039,"OPERATE_INCOME":157999000,"OPERATE_INCOME_YOY":36.7956709957,"GROSS_PROFIT":80958000,"GROSS_PROFIT_YOY":33.043006688469,"HOLDER_PROFIT":44424000,"HOLDER_PROFIT_YOY":22.5117895259,"GROSS_PROFIT_RATIO":51.239564807372,"EPS_TTM":0.073120142287,"OPERATE_INCOME_QOQ":16.744942908251,"NET_PROFIT_RATIO":27.9470123229,"ROE_AVG":6.485932473244,"GROSS_PROFIT_QOQ":16.442736230936,"ROA":3.639698969432,"HOLDER_PROFIT_QOQ":10.576026119403,"ROE_YEARLY":12.971864946487,"ROIC_YEARLY":11.321858304741,"TOTAL_ASSETS":1298011000,"TOTAL_LIABILITIES":582583000,"TAX_EBT":-0.359107232147,"OCF_SALES":-28.34511610833,"TOTAL_PARENT_EQUITY":707803000,"DEBT_ASSET_RATIO":44.8827475268,"OPERATE_PROFIT":53573000,"PRETAX_PROFIT":43998000,"NETCASH_OPERATE":-44785000,"NETCASH_INVEST":-63055000,"NETCASH_FINANCE":171018000,"END_CASH":418368000,"DIVI_RATIO":null,"DIVIDEND_RATE":null,"CURRENT_RATIO":1.664980209792,"COMMON_ACS":3000000000,"CURRENTDEBT_DEBT":76.36971899283,"ISSUED_COMMON_SHARES":1161204000,"HK_COMMON_SHARES":1161204000,"PER_SHARES":3000,"TOTAL_MARKET_CAP":127732440,"HKSK_MARKET_CAP":127732440,"PE_TTM":3.075437255968,"PB_TTM":0.143235200651,"REPORT_DATE_SQ":"2020-06-30 00:00:00","REPORT_TYPE_SQ":"2020年中报","OPERATE_INCOME_SQ":115500000,"DPS_HKD":null,"OPERATE_INCOME_QOQ_SQ":-1.309756576532,"NET_PROFIT_RATIO_SQ":31.7593073593,"HOLDER_PROFIT_SQ":36261000,"HOLDER_PROFIT_QOQ_SQ":-17.287643034449,"ROE_AVG_SQ":5.349816095922,"PE_TTM_SQ":8.32680499809,"PB_TTM_SQ":0.363455335444,"ROA_SQ":3.422414972889,"START_DATE":"2021-01-01 00:00:00","FISCAL_YEAR":"12-31","CURRENCY":"HKD","IS_CNY_CODE":0,"DPS_HKD_LY":0.0157,"ORG_TYPE":"一般企业","PREMIUM_INCOME":null,"PREMIUM_INCOME_YOY":null,"NET_INTEREST_INCOME":null,"NET_INTEREST_INCOME_YOY":null,"FEE_COMMISSION_INCOME":null,"FEE_COMMISSION_INCOME_YOY":null,"ACCOUNTS_RECE_TDAYS":26.818127811254,"INVENTORY_TDAYS":null,"CURRENT_ASSETS_TDAYS":0.230994716328,"TOTAL_ASSETS_TDAYS":0.129450026443,"PREMIUM_EXPENSE":null,"LOAN_DEPOSIT":null,"LOAN_EQUITY":null,"LOAN_ASSETS":null,"DEPOSIT_EQUITY":null,"DEPOSIT_ASSETS":null,"EQUITY_MULTIPLIER":1.814313949133,"EQUITY_RATIO":0.823086367252},{"SECUCODE":"01598.HK","SECURITY_CODE":"01598","SECURITY_NAME_ABBR":"21世纪教育","ORG_CODE":"10737775","STD_REPORT_DATE":"2020-12-31 00:00:00","REPORT_DATE":"2020-12-31 00:00:00","DATE_TYPE_CODE":"001","REPORT_TYPE":"2020年年报","PER_NETCASH_OPERATE":0.110591355842,"PER_OI":0.217442187222,"BPS":0.570144436292,"BASIC_EPS":0.0651,"DILUTED_EPS":0.0651,"OPERATE_INCOME":253802000,"OPERATE_INCOME_YOY":8.3503385388,"GROSS_PROFIT":122285000,"GROSS_PROFIT_YOY":0.805387938141,"HOLDER_PROFIT":77184000,"HOLDER_PROFIT_YOY":-6.5399285585,"GROSS_PROFIT_RATIO":48.181259406939,"EPS_TTM":0.066126578114,"OPERATE_INCOME_QOQ":9.788297991989,"NET_PROFIT_RATIO":31.0367924603,"ROE_AVG":11.626679119232,"GROSS_PROFIT_QOQ":4.418922380668,"ROA":6.966278748626,"HOLDER_PROFIT_QOQ":12.994085612227,"ROE_YEARLY":11.626679119232,"ROIC_YEARLY":10.467167034065,"TOTAL_ASSETS":1143070000,"TOTAL_LIABILITIES":473123000,"TAX_EBT":0.438579860716,"OCF_SALES":50.8601193056,"TOTAL_PARENT_EQUITY":662054000,"DEBT_ASSET_RATIO":41.3905535094,"OPERATE_PROFIT":94995000,"PRETAX_PROFIT":79119000,"NETCASH_OPERATE":129084000,"NETCASH_INVEST":7006000,"NETCASH_FINANCE":-23123000,"END_CASH":357700000,"DIVI_RATIO":null,"DIVIDEND_RATE":null,"CURRENT_RATIO":1.728975311773,"COMMON_ACS":3000000000,"CURRENTDEBT_DEBT":76.674353180885,"ISSUED_COMMON_SHARES":1161204000,"HK_COMMON_SHARES":1161204000,"PER_SHARES":3000,"TOTAL_MARKET_CAP":127732440,"HKSK_MARKET_CAP":127732440,"PE_TTM":3.075437255968,"PB_TTM":0.143235200651,"REPORT_DATE_SQ":"2019-12-31 00:00:00","REPORT_TYPE_SQ":"2019年年报","OPERATE_INCOME_SQ":234242000,"DPS_HKD":null,"OPERATE_INCOME_QOQ_SQ":6.982777125685,"NET_PROFIT_RATIO_SQ":35.3279941257,"HOLDER_PROFIT_SQ":82585000,"HOLDER_PROFIT_QOQ_SQ":-8.905900131261,"ROE_AVG_SQ":13.207725203829,"PE_TTM_SQ":8.32680499809,"PB_TTM_SQ":0.363455335444,"ROA_SQ":9.031383195405,"START_DATE":"2020-01-01 00:00:00","FISCAL_YEAR":"12-31","CURRENCY":"HKD","IS_CNY_CODE":0,"DPS_HKD_LY":0.0222,"ORG_TYPE":"一般企业","PREMIUM_INCOME":null,"PREMIUM_INCOME_YOY":null,"NET_INTEREST_INCOME":null,"NET_INTEREST_INCOME_YOY":null,"FEE_COMMISSION_INCOME":null,"FEE_COMMISSION_INCOME_YOY":null,"ACCOUNTS_RECE_TDAYS":61.142375331245,"INVENTORY_TDAYS":null,"CURRENT_ASSETS_TDAYS":0.400716167933,"TOTAL_ASSETS_TDAYS":0.229070206125,"PREMIUM_EXPENSE":null,"LOAN_DEPOSIT":null,"LOAN_EQUITY":null,"LOAN_ASSETS":null,"DEPOSIT_EQUITY":null,"DEPOSIT_ASSETS":null,"EQUITY_MULTIPLIER":1.706209595684,"EQUITY_RATIO":0.714629018177},{"SECUCODE":"01598.HK","SECURITY_CODE":"01598","SECURITY_NAME_ABBR":"21世纪教育","ORG_CODE":"10737775","STD_REPORT_DATE":"2020-06-30 00:00:00","REPORT_DATE":"2020-06-30 00:00:00","DATE_TYPE_CODE":"002","REPORT_TYPE":"2020年中报","PER_NETCASH_OPERATE":0.069295174874,"PER_OI":0.098447596472,"BPS":0.594165194057,"BASIC_EPS":0.03,"DILUTED_EPS":0.03,"OPERATE_INCOME":115500000,"OPERATE_INCOME_YOY":-2.5875447001,"GROSS_PROFIT":60851000,"GROSS_PROFIT_YOY":-6.453596519547,"HOLDER_PROFIT":36261000,"HOLDER_PROFIT_YOY":-28.2500296806,"GROSS_PROFIT_RATIO":52.684848484849,"EPS_TTM":0.058223016622,"OPERATE_INCOME_QOQ":-1.309756576532,"NET_PROFIT_RATIO":31.7593073593,"ROE_AVG":5.349816095922,"GROSS_PROFIT_QOQ":-3.46061265539,"ROA":3.422414972889,"HOLDER_PROFIT_QOQ":-17.287643034449,"ROE_YEARLY":10.699632191845,"ROIC_YEARLY":10.311109089009,"TOTAL_ASSETS":1046168000,"TOTAL_LIABILITIES":349698000,"TAX_EBT":-0.896688304544,"OCF_SALES":70.387878787879,"TOTAL_PARENT_EQUITY":689947000,"DEBT_ASSET_RATIO":33.4265624642,"OPERATE_PROFIT":41681000,"PRETAX_PROFIT":36356000,"NETCASH_OPERATE":81298000,"NETCASH_INVEST":-16411000,"NETCASH_FINANCE":-31553000,"END_CASH":298849000,"DIVI_RATIO":null,"DIVIDEND_RATE":null,"CURRENT_RATIO":2.908078034065,"COMMON_ACS":3000000000,"CURRENTDEBT_DEBT":60.289449753788,"ISSUED_COMMON_SHARES":1161204000,"HK_COMMON_SHARES":1161204000,"PER_SHARES":3000,"TOTAL_MARKET_CAP":127732440,"HKSK_MARKET_CAP":127732440,"PE_TTM":3.075437255968,"PB_TTM":0.143235200651,"REPORT_DATE_SQ":"2019-06-30 00:00:00","REPORT_TYPE_SQ":"2019年中报","OPERATE_INCOME_SQ":118568000,"DPS_HKD":null,"OPERATE_INCOME_QOQ_SQ":8.395257308349,"NET_PROFIT_RATIO_SQ":42.6236421294,"HOLDER_PROFIT_SQ":50538000,"HOLDER_PROFIT_QOQ_SQ":30.594929415154,"ROE_AVG_SQ":8.270025208702,"PE_TTM_SQ":8.32680499809,"PB_TTM_SQ":0.363455335444,"ROA_SQ":6.0107541333,"START_DATE":"2020-01-01 00:00:00","FISCAL_YEAR":"12-31","CURRENCY":"HKD","IS_CNY_CODE":0,"DPS_HKD_LY":0.0222,"ORG_TYPE":"一般企业","PREMIUM_INCOME":null,"PREMIUM_INCOME_YOY":null,"NET_INTEREST_INCOME":null,"NET_INTEREST_INCOME_YOY":null,"FEE_COMMISSION_INCOME":null,"FEE_COMMISSION_INCOME_YOY":null,"ACCOUNTS_RECE_TDAYS":25.479814692257,"INVENTORY_TDAYS":null,"CURRENT_ASSETS_TDAYS":0.184409788887,"TOTAL_ASSETS_TDAYS":0.109012142348,"PREMIUM_EXPENSE":null,"LOAN_DEPOSIT":null,"LOAN_EQUITY":null,"LOAN_ASSETS":null,"DEPOSIT_EQUITY":null,"DEPOSIT_ASSETS":null,"EQUITY_MULTIPLIER":1.502100592991,"EQUITY_RATIO":0.506847627426}],"count":19},"success":true,"message":"ok","code":0}