{"version":"3a6028e323cf5cde1c6ef104b8756ee4","result":{"pages":3,"data":[{"SECUCODE":"01599.HK","SECURITY_CODE":"01599","SECURITY_NAME_ABBR":"城建设计","ORG_CODE":"10401301","STD_REPORT_DATE":"2024-06-30 00:00:00","REPORT_DATE":"2024-06-30 00:00:00","DATE_TYPE_CODE":"002","REPORT_TYPE":"2024年中报","PER_NETCASH_OPERATE":-0.534655623689,"PER_OI":3.098981960005,"BPS":5.573446432411,"BASIC_EPS":0.27,"DILUTED_EPS":0.27,"OPERATE_INCOME":4179504000,"OPERATE_INCOME_YOY":-6.9664572051,"GROSS_PROFIT":822196000,"GROSS_PROFIT_YOY":-2.85229506957,"HOLDER_PROFIT":366030000,"HOLDER_PROFIT_YOY":-7.258575345,"GROSS_PROFIT_RATIO":19.672095061998,"EPS_TTM":0.625952975895,"OPERATE_INCOME_QOQ":-3.020412000001,"NET_PROFIT_RATIO":9.0227213564,"ROE_AVG":4.907250511901,"GROSS_PROFIT_QOQ":-1.279644795201,"ROA":1.503396349913,"HOLDER_PROFIT_QOQ":-3.282114264503,"ROE_YEARLY":9.814501023802,"ROIC_YEARLY":3.429787979874,"TOTAL_ASSETS":23844207000,"TOTAL_LIABILITIES":16093960000,"TAX_EBT":13.791172113609,"OCF_SALES":-17.252621363683,"TOTAL_PARENT_EQUITY":7516740000,"DEBT_ASSET_RATIO":67.4963105294,"OPERATE_PROFIT":506061000,"PRETAX_PROFIT":437432000,"NETCASH_OPERATE":-721074000,"NETCASH_INVEST":-87616000,"NETCASH_FINANCE":-263928000,"END_CASH":2234761000,"DIVI_RATIO":0.274086995361,"DIVIDEND_RATE":11.202366863905,"CURRENT_RATIO":1.130744768424,"COMMON_ACS":null,"CURRENTDEBT_DEBT":68.121674218154,"ISSUED_COMMON_SHARES":1348670000,"HK_COMMON_SHARES":387937000,"PER_SHARES":1000,"TOTAL_MARKET_CAP":2279252300,"HKSK_MARKET_CAP":655613530,"PE_TTM":2.434703117416,"PB_TTM":0.276746034739,"REPORT_DATE_SQ":"2023-06-30 00:00:00","REPORT_TYPE_SQ":"2023年中报","OPERATE_INCOME_SQ":4492470000,"DPS_HKD":0.18932,"OPERATE_INCOME_QOQ_SQ":-0.886220506055,"NET_PROFIT_RATIO_SQ":8.9785168159,"HOLDER_PROFIT_SQ":394678000,"HOLDER_PROFIT_QOQ_SQ":-8.662063602917,"ROE_AVG_SQ":5.826724727684,"PE_TTM_SQ":2.708436482519,"PB_TTM_SQ":0.344070745957,"ROA_SQ":1.699867543369,"START_DATE":"2024-01-01 00:00:00","FISCAL_YEAR":"12-31","CURRENCY":"HKD","IS_CNY_CODE":0,"DPS_HKD_LY":0.18932,"ORG_TYPE":"一般企业","PREMIUM_INCOME":null,"PREMIUM_INCOME_YOY":null,"NET_INTEREST_INCOME":null,"NET_INTEREST_INCOME_YOY":null,"FEE_COMMISSION_INCOME":null,"FEE_COMMISSION_INCOME_YOY":null,"ACCOUNTS_RECE_TDAYS":0.95699776613,"INVENTORY_TDAYS":42.85122785521,"CURRENT_ASSETS_TDAYS":0.323971386986,"TOTAL_ASSETS_TDAYS":0.171664919762,"PREMIUM_EXPENSE":null,"LOAN_DEPOSIT":null,"LOAN_EQUITY":null,"LOAN_ASSETS":null,"DEPOSIT_EQUITY":null,"DEPOSIT_ASSETS":null,"EQUITY_MULTIPLIER":3.07657381758,"EQUITY_RATIO":2.141082437333},{"SECUCODE":"01599.HK","SECURITY_CODE":"01599","SECURITY_NAME_ABBR":"城建设计","ORG_CODE":"10401301","STD_REPORT_DATE":"2023-12-31 00:00:00","REPORT_DATE":"2023-12-31 00:00:00","DATE_TYPE_CODE":"001","REPORT_TYPE":"2023年年报","PER_NETCASH_OPERATE":0.243648186732,"PER_OI":7.682901673501,"BPS":5.487766466222,"BASIC_EPS":0.65,"DILUTED_EPS":0.65,"OPERATE_INCOME":10361699000,"OPERATE_INCOME_YOY":-0.6843984958,"GROSS_PROFIT":1886461000,"GROSS_PROFIT_YOY":2.941576105492,"HOLDER_PROFIT":872852000,"HOLDER_PROFIT_YOY":-8.998195294,"GROSS_PROFIT_RATIO":18.206097281923,"EPS_TTM":0.647194643612,"OPERATE_INCOME_QOQ":-1.372637317273,"NET_PROFIT_RATIO":8.7857020359,"ROE_AVG":12.30388416882,"GROSS_PROFIT_QOQ":-4.900558156792,"ROA":3.577721753734,"HOLDER_PROFIT_QOQ":-1.709619226291,"ROE_YEARLY":12.30388416882,"ROIC_YEARLY":4.276982714557,"TOTAL_ASSETS":24849539000,"TOTAL_LIABILITIES":17220924000,"TAX_EBT":10.557456165345,"OCF_SALES":3.171304242673,"TOTAL_PARENT_EQUITY":7401186000,"DEBT_ASSET_RATIO":69.3007785778,"OPERATE_PROFIT":1243297000,"PRETAX_PROFIT":1017802000,"NETCASH_OPERATE":328601000,"NETCASH_INVEST":-616251000,"NETCASH_FINANCE":-644039000,"END_CASH":3309696000,"DIVI_RATIO":0.265091146989,"DIVIDEND_RATE":12.37385620915,"CURRENT_RATIO":1.117258055738,"COMMON_ACS":null,"CURRENTDEBT_DEBT":69.670704080687,"ISSUED_COMMON_SHARES":1348670000,"HK_COMMON_SHARES":387937000,"PER_SHARES":1000,"TOTAL_MARKET_CAP":2063465100,"HKSK_MARKET_CAP":593543610,"PE_TTM":2.204198680264,"PB_TTM":0.250545226716,"REPORT_DATE_SQ":"2022-12-31 00:00:00","REPORT_TYPE_SQ":"2022年年报","OPERATE_INCOME_SQ":10433103000,"DPS_HKD":0.18932,"OPERATE_INCOME_QOQ_SQ":13.212122675032,"NET_PROFIT_RATIO_SQ":8.5922765852,"HOLDER_PROFIT_SQ":959159000,"HOLDER_PROFIT_QOQ_SQ":3.610953923145,"ROE_AVG_SQ":15.0201359991,"PE_TTM_SQ":2.793075122598,"PB_TTM_SQ":0.354822956768,"ROA_SQ":4.036570858425,"START_DATE":"2023-01-01 00:00:00","FISCAL_YEAR":"12-31","CURRENCY":"HKD","IS_CNY_CODE":0,"DPS_HKD_LY":0.211384,"ORG_TYPE":"一般企业","PREMIUM_INCOME":null,"PREMIUM_INCOME_YOY":null,"NET_INTEREST_INCOME":null,"NET_INTEREST_INCOME_YOY":null,"FEE_COMMISSION_INCOME":null,"FEE_COMMISSION_INCOME_YOY":null,"ACCOUNTS_RECE_TDAYS":2.53062018481,"INVENTORY_TDAYS":122.312808930388,"CURRENT_ASSETS_TDAYS":0.785142612243,"TOTAL_ASSETS_TDAYS":0.424714337802,"PREMIUM_EXPENSE":null,"LOAN_DEPOSIT":null,"LOAN_EQUITY":null,"LOAN_ASSETS":null,"DEPOSIT_EQUITY":null,"DEPOSIT_ASSETS":null,"EQUITY_MULTIPLIER":3.257411600924,"EQUITY_RATIO":2.326778978396},{"SECUCODE":"01599.HK","SECURITY_CODE":"01599","SECURITY_NAME_ABBR":"城建设计","ORG_CODE":"10401301","STD_REPORT_DATE":"2023-06-30 00:00:00","REPORT_DATE":"2023-06-30 00:00:00","DATE_TYPE_CODE":"002","REPORT_TYPE":"2023年中报","PER_NETCASH_OPERATE":-0.936504852929,"PER_OI":3.3310372441,"BPS":5.144876804556,"BASIC_EPS":0.29,"DILUTED_EPS":0.29,"OPERATE_INCOME":4492470000,"OPERATE_INCOME_YOY":-2.0367626796,"GROSS_PROFIT":846336000,"GROSS_PROFIT_YOY":19.998979137541,"HOLDER_PROFIT":394678000,"HOLDER_PROFIT_YOY":-17.3966482063,"GROSS_PROFIT_RATIO":18.780041100575,"EPS_TTM":0.658451659783,"OPERATE_INCOME_QOQ":-0.886220506055,"NET_PROFIT_RATIO":8.9785168159,"ROE_AVG":5.826724727684,"GROSS_PROFIT_QOQ":7.782428233233,"ROA":1.699867543369,"HOLDER_PROFIT_QOQ":-8.662063602917,"ROE_YEARLY":11.653449455368,"ROIC_YEARLY":3.990214802512,"TOTAL_ASSETS":23104413000,"TOTAL_LIABILITIES":15968967000,"TAX_EBT":7.590739275009,"OCF_SALES":-27.954499428421,"TOTAL_PARENT_EQUITY":6938741000,"DEBT_ASSET_RATIO":69.1165233239,"OPERATE_PROFIT":446003000,"PRETAX_PROFIT":433357000,"NETCASH_OPERATE":-1263036000,"NETCASH_INVEST":-263806000,"NETCASH_FINANCE":-397190000,"END_CASH":2325039000,"DIVI_RATIO":0.260559097773,"DIVIDEND_RATE":12.37385620915,"CURRENT_RATIO":1.190355730333,"COMMON_ACS":null,"CURRENTDEBT_DEBT":63.236294495442,"ISSUED_COMMON_SHARES":1348670000,"HK_COMMON_SHARES":387937000,"PER_SHARES":1000,"TOTAL_MARKET_CAP":2063465100,"HKSK_MARKET_CAP":593543610,"PE_TTM":2.204198680264,"PB_TTM":0.250545226716,"REPORT_DATE_SQ":"2022-06-30 00:00:00","REPORT_TYPE_SQ":"2022年中报","OPERATE_INCOME_SQ":4612123000,"DPS_HKD":0.18932,"OPERATE_INCOME_QOQ_SQ":-1.459279305278,"NET_PROFIT_RATIO_SQ":10.9142284592,"HOLDER_PROFIT_SQ":484099000,"HOLDER_PROFIT_QOQ_SQ":10.159339865959,"ROE_AVG_SQ":7.95258717336,"PE_TTM_SQ":2.793075122598,"PB_TTM_SQ":0.354822956768,"ROA_SQ":2.123156911772,"START_DATE":"2023-01-01 00:00:00","FISCAL_YEAR":"12-31","CURRENCY":"HKD","IS_CNY_CODE":0,"DPS_HKD_LY":0.211384,"ORG_TYPE":"一般企业","PREMIUM_INCOME":null,"PREMIUM_INCOME_YOY":null,"NET_INTEREST_INCOME":null,"NET_INTEREST_INCOME_YOY":null,"FEE_COMMISSION_INCOME":null,"FEE_COMMISSION_INCOME_YOY":null,"ACCOUNTS_RECE_TDAYS":1.164027237253,"INVENTORY_TDAYS":58.549811730168,"CURRENT_ASSETS_TDAYS":0.361309206842,"TOTAL_ASSETS_TDAYS":0.192064559956,"PREMIUM_EXPENSE":null,"LOAN_DEPOSIT":null,"LOAN_EQUITY":null,"LOAN_ASSETS":null,"DEPOSIT_EQUITY":null,"DEPOSIT_ASSETS":null,"EQUITY_MULTIPLIER":3.237977415845,"EQUITY_RATIO":2.301421396187},{"SECUCODE":"01599.HK","SECURITY_CODE":"01599","SECURITY_NAME_ABBR":"城建设计","ORG_CODE":"10401301","STD_REPORT_DATE":"2022-12-31 00:00:00","REPORT_DATE":"2022-12-31 00:00:00","DATE_TYPE_CODE":"001","REPORT_TYPE":"2022年年报","PER_NETCASH_OPERATE":0.852278911817,"PER_OI":7.735845685008,"BPS":5.040178101389,"BASIC_EPS":0.71,"DILUTED_EPS":0.71,"OPERATE_INCOME":10433103000,"OPERATE_INCOME_YOY":3.3266400736,"GROSS_PROFIT":1832555000,"GROSS_PROFIT_YOY":-2.210901142857,"HOLDER_PROFIT":959159000,"HOLDER_PROFIT_YOY":5.605876775,"GROSS_PROFIT_RATIO":17.362904834929,"EPS_TTM":0.720896142125,"OPERATE_INCOME_QOQ":13.212122675032,"NET_PROFIT_RATIO":8.5922765852,"ROE_AVG":15.0201359991,"GROSS_PROFIT_QOQ":11.178627889121,"ROA":4.036570858425,"HOLDER_PROFIT_QOQ":3.610953923145,"ROE_YEARLY":15.0201359991,"ROIC_YEARLY":4.925170538762,"TOTAL_ASSETS":23861833000,"TOTAL_LIABILITIES":16874873000,"TAX_EBT":11.392362581446,"OCF_SALES":10.843960454139,"TOTAL_PARENT_EQUITY":6787049000,"DEBT_ASSET_RATIO":70.7760135923,"OPERATE_PROFIT":1463057000,"PRETAX_PROFIT":1013091000,"NETCASH_OPERATE":1149443000,"NETCASH_INVEST":-323426000,"NETCASH_FINANCE":-853369000,"END_CASH":4240203000,"DIVI_RATIO":0.237989303,"DIVIDEND_RATE":12.37385620915,"CURRENT_RATIO":1.184320516002,"COMMON_ACS":null,"CURRENTDEBT_DEBT":64.570210395065,"ISSUED_COMMON_SHARES":1348670000,"HK_COMMON_SHARES":387937000,"PER_SHARES":1000,"TOTAL_MARKET_CAP":2063465100,"HKSK_MARKET_CAP":593543610,"PE_TTM":2.204198680264,"PB_TTM":0.250545226716,"REPORT_DATE_SQ":"2021-12-31 00:00:00","REPORT_TYPE_SQ":"2021年年报","OPERATE_INCOME_SQ":10258579000,"DPS_HKD":0.18932,"OPERATE_INCOME_QOQ_SQ":-9.25197188813,"NET_PROFIT_RATIO_SQ":8.78004048,"HOLDER_PROFIT_SQ":920641000,"HOLDER_PROFIT_QOQ_SQ":2.174528426361,"ROE_AVG_SQ":14.768678044962,"PE_TTM_SQ":2.793075122598,"PB_TTM_SQ":0.354822956768,"ROA_SQ":3.761868383693,"START_DATE":"2022-01-01 00:00:00","FISCAL_YEAR":"12-31","CURRENCY":"HKD","IS_CNY_CODE":0,"DPS_HKD_LY":0.197199,"ORG_TYPE":"一般企业","PREMIUM_INCOME":null,"PREMIUM_INCOME_YOY":null,"NET_INTEREST_INCOME":null,"NET_INTEREST_INCOME_YOY":null,"FEE_COMMISSION_INCOME":null,"FEE_COMMISSION_INCOME_YOY":null,"ACCOUNTS_RECE_TDAYS":2.688434793924,"INVENTORY_TDAYS":116.317478023,"CURRENT_ASSETS_TDAYS":0.78693130019,"TOTAL_ASSETS_TDAYS":0.440082092287,"PREMIUM_EXPENSE":null,"LOAN_DEPOSIT":null,"LOAN_EQUITY":null,"LOAN_ASSETS":null,"DEPOSIT_EQUITY":null,"DEPOSIT_ASSETS":null,"EQUITY_MULTIPLIER":3.421846650382,"EQUITY_RATIO":2.486334340595},{"SECUCODE":"01599.HK","SECURITY_CODE":"01599","SECURITY_NAME_ABBR":"城建设计","ORG_CODE":"10401301","STD_REPORT_DATE":"2022-06-30 00:00:00","REPORT_DATE":"2022-06-30 00:00:00","DATE_TYPE_CODE":"002","REPORT_TYPE":"2022年中报","PER_NETCASH_OPERATE":-0.400073405651,"PER_OI":3.419756500849,"BPS":4.700430053312,"BASIC_EPS":0.36,"DILUTED_EPS":0.36,"OPERATE_INCOME":4612123000,"OPERATE_INCOME_YOY":-3.0110026802,"GROSS_PROFIT":705286000,"GROSS_PROFIT_YOY":-13.218960058766,"HOLDER_PROFIT":484099000,"HOLDER_PROFIT_YOY":21.1068022731,"GROSS_PROFIT_RATIO":15.828512893999,"EPS_TTM":0.695772131062,"OPERATE_INCOME_QOQ":-1.459279305278,"NET_PROFIT_RATIO":10.9142284592,"ROE_AVG":7.95258717336,"GROSS_PROFIT_QOQ":-6.006337821441,"ROA":2.123156911772,"HOLDER_PROFIT_QOQ":10.159339865959,"ROE_YEARLY":15.90517434672,"ROIC_YEARLY":5.070272491025,"TOTAL_ASSETS":22546755000,"TOTAL_LIABILITIES":15960910000,"TAX_EBT":13.455505217474,"OCF_SALES":-12.081052790668,"TOTAL_PARENT_EQUITY":6339329000,"DEBT_ASSET_RATIO":70.7902755851,"OPERATE_PROFIT":426817000,"PRETAX_PROFIT":367515000,"NETCASH_OPERATE":-569151000,"NETCASH_INVEST":-283884000,"NETCASH_FINANCE":-228809000,"END_CASH":3178030000,"DIVI_RATIO":0.246582987074,"DIVIDEND_RATE":12.37385620915,"CURRENT_RATIO":1.104415293921,"COMMON_ACS":null,"CURRENTDEBT_DEBT":69.162397382104,"ISSUED_COMMON_SHARES":1348670000,"HK_COMMON_SHARES":387937000,"PER_SHARES":1000,"TOTAL_MARKET_CAP":2063465100,"HKSK_MARKET_CAP":593543610,"PE_TTM":2.204198680264,"PB_TTM":0.250545226716,"REPORT_DATE_SQ":"2021-06-30 00:00:00","REPORT_TYPE_SQ":"2021年中报","OPERATE_INCOME_SQ":4604878000,"DPS_HKD":0.18932,"OPERATE_INCOME_QOQ_SQ":4.860113144951,"NET_PROFIT_RATIO_SQ":8.3015988853,"HOLDER_PROFIT_SQ":410010000,"HOLDER_PROFIT_QOQ_SQ":5.996300228216,"ROE_AVG_SQ":7.271256637838,"PE_TTM_SQ":2.793075122598,"PB_TTM_SQ":0.354822956768,"ROA_SQ":1.903195675054,"START_DATE":"2022-01-01 00:00:00","FISCAL_YEAR":"12-31","CURRENCY":"HKD","IS_CNY_CODE":0,"DPS_HKD_LY":0.197199,"ORG_TYPE":"一般企业","PREMIUM_INCOME":null,"PREMIUM_INCOME_YOY":null,"NET_INTEREST_INCOME":null,"NET_INTEREST_INCOME_YOY":null,"FEE_COMMISSION_INCOME":null,"FEE_COMMISSION_INCOME_YOY":null,"ACCOUNTS_RECE_TDAYS":1.156809032903,"INVENTORY_TDAYS":55.935126770623,"CURRENT_ASSETS_TDAYS":0.341694389046,"TOTAL_ASSETS_TDAYS":0.190967606047,"PREMIUM_EXPENSE":null,"LOAN_DEPOSIT":null,"LOAN_EQUITY":null,"LOAN_ASSETS":null,"DEPOSIT_EQUITY":null,"DEPOSIT_ASSETS":null,"EQUITY_MULTIPLIER":3.423517407408,"EQUITY_RATIO":2.517760160421},{"SECUCODE":"01599.HK","SECURITY_CODE":"01599","SECURITY_NAME_ABBR":"城建设计","ORG_CODE":"10401301","STD_REPORT_DATE":"2021-12-31 00:00:00","REPORT_DATE":"2021-12-31 00:00:00","DATE_TYPE_CODE":"001","REPORT_TYPE":"2021年年报","PER_NETCASH_OPERATE":0.225153669912,"PER_OI":7.606441160551,"BPS":4.512207582285,"BASIC_EPS":0.68,"DILUTED_EPS":0.68,"OPERATE_INCOME":10258579000,"OPERATE_INCOME_YOY":0.5067825228,"GROSS_PROFIT":1873987000,"GROSS_PROFIT_YOY":8.230045307929,"HOLDER_PROFIT":920641000,"HOLDER_PROFIT_YOY":8.3012199076,"GROSS_PROFIT_RATIO":18.535793036678,"EPS_TTM":0.63160521106,"OPERATE_INCOME_QOQ":-9.25197188813,"NET_PROFIT_RATIO":8.78004048,"ROE_AVG":14.768678044962,"GROSS_PROFIT_QOQ":-12.092155906542,"ROA":3.761868383693,"HOLDER_PROFIT_QOQ":2.174528426361,"ROE_YEARLY":14.768678044962,"ROIC_YEARLY":4.579145737929,"TOTAL_ASSETS":24665602000,"TOTAL_LIABILITIES":18250489000,"TAX_EBT":14.076288531162,"OCF_SALES":3.19590513932,"TOTAL_PARENT_EQUITY":6148431000,"DEBT_ASSET_RATIO":73.7816624217,"OPERATE_PROFIT":1054187000,"PRETAX_PROFIT":993806000,"NETCASH_OPERATE":383738000,"NETCASH_INVEST":-703872000,"NETCASH_FINANCE":1017715000,"END_CASH":4247896000,"DIVI_RATIO":0.271634190782,"DIVIDEND_RATE":12.37385620915,"CURRENT_RATIO":1.111872619247,"COMMON_ACS":null,"CURRENTDEBT_DEBT":70.794212692054,"ISSUED_COMMON_SHARES":1348670000,"HK_COMMON_SHARES":387937000,"PER_SHARES":1000,"TOTAL_MARKET_CAP":2063465100,"HKSK_MARKET_CAP":593543610,"PE_TTM":2.204198680264,"PB_TTM":0.250545226716,"REPORT_DATE_SQ":"2020-12-31 00:00:00","REPORT_TYPE_SQ":"2020年年报","OPERATE_INCOME_SQ":9453562000,"DPS_HKD":0.18932,"OPERATE_INCOME_QOQ_SQ":8.923762570005,"NET_PROFIT_RATIO_SQ":8.087739766,"HOLDER_PROFIT_SQ":786535000,"HOLDER_PROFIT_QOQ_SQ":10.815319307213,"ROE_AVG_SQ":15.298674608267,"PE_TTM_SQ":2.793075122598,"PB_TTM_SQ":0.354822956768,"ROA_SQ":3.788854077514,"START_DATE":"2021-01-01 00:00:00","FISCAL_YEAR":"12-31","CURRENCY":"HKD","IS_CNY_CODE":0,"DPS_HKD_LY":0.186354,"ORG_TYPE":"一般企业","PREMIUM_INCOME":null,"PREMIUM_INCOME_YOY":null,"NET_INTEREST_INCOME":null,"NET_INTEREST_INCOME_YOY":null,"FEE_COMMISSION_INCOME":null,"FEE_COMMISSION_INCOME_YOY":null,"ACCOUNTS_RECE_TDAYS":2.466489564535,"INVENTORY_TDAYS":68.080690983614,"CURRENT_ASSETS_TDAYS":0.741095565117,"TOTAL_ASSETS_TDAYS":0.419607307041,"PREMIUM_EXPENSE":null,"LOAN_DEPOSIT":null,"LOAN_EQUITY":null,"LOAN_ASSETS":null,"DEPOSIT_EQUITY":null,"DEPOSIT_ASSETS":null,"EQUITY_MULTIPLIER":3.814124358623,"EQUITY_RATIO":2.968316469681},{"SECUCODE":"01599.HK","SECURITY_CODE":"01599","SECURITY_NAME_ABBR":"城建设计","ORG_CODE":"10401301","STD_REPORT_DATE":"2021-06-30 00:00:00","REPORT_DATE":"2021-06-30 00:00:00","DATE_TYPE_CODE":"002","REPORT_TYPE":"2021年中报","PER_NETCASH_OPERATE":-0.603738497928,"PER_OI":3.414384541808,"BPS":4.181690109515,"BASIC_EPS":0.3,"DILUTED_EPS":0.3,"OPERATE_INCOME":4604878000,"OPERATE_INCOME_YOY":11.1898256075,"GROSS_PROFIT":812719000,"GROSS_PROFIT_YOY":4.786518737228,"HOLDER_PROFIT":410010000,"HOLDER_PROFIT_YOY":13.2472150597,"GROSS_PROFIT_RATIO":18.301335511661,"EPS_TTM":0.618163079182,"OPERATE_INCOME_QOQ":4.860113144951,"NET_PROFIT_RATIO":8.3015988853,"ROE_AVG":7.271256637838,"GROSS_PROFIT_QOQ":5.6368298474,"ROA":1.903195675054,"HOLDER_PROFIT_QOQ":5.996300228216,"ROE_YEARLY":14.542513275677,"ROIC_YEARLY":4.518980255065,"TOTAL_ASSETS":21309753000,"TOTAL_LIABILITIES":15389570000,"TAX_EBT":9.999287360144,"OCF_SALES":-16.885857811009,"TOTAL_PARENT_EQUITY":5639720000,"DEBT_ASSET_RATIO":72.2184344417,"OPERATE_PROFIT":425212000,"PRETAX_PROFIT":420970000,"NETCASH_OPERATE":-820184000,"NETCASH_INVEST":-435168000,"NETCASH_FINANCE":292440000,"END_CASH":2573530000,"DIVI_RATIO":0.277540953476,"DIVIDEND_RATE":12.37385620915,"CURRENT_RATIO":1.199508420079,"COMMON_ACS":null,"CURRENTDEBT_DEBT":62.409424044986,"ISSUED_COMMON_SHARES":1348670000,"HK_COMMON_SHARES":387937000,"PER_SHARES":1000,"TOTAL_MARKET_CAP":2063465100,"HKSK_MARKET_CAP":593543610,"PE_TTM":2.204198680264,"PB_TTM":0.250545226716,"REPORT_DATE_SQ":"2020-06-30 00:00:00","REPORT_TYPE_SQ":"2020年中报","OPERATE_INCOME_SQ":4336770000,"DPS_HKD":0.18932,"OPERATE_INCOME_QOQ_SQ":8.947224989093,"NET_PROFIT_RATIO_SQ":8.2326708587,"HOLDER_PROFIT_SQ":356022000,"HOLDER_PROFIT_QOQ_SQ":7.85400062302,"ROE_AVG_SQ":7.106563014402,"PE_TTM_SQ":2.793075122598,"PB_TTM_SQ":0.354822956768,"ROA_SQ":1.740830296868,"START_DATE":"2021-01-01 00:00:00","FISCAL_YEAR":"12-31","CURRENCY":"HKD","IS_CNY_CODE":0,"DPS_HKD_LY":0.186354,"ORG_TYPE":"一般企业","PREMIUM_INCOME":null,"PREMIUM_INCOME_YOY":null,"NET_INTEREST_INCOME":null,"NET_INTEREST_INCOME_YOY":null,"FEE_COMMISSION_INCOME":null,"FEE_COMMISSION_INCOME_YOY":null,"ACCOUNTS_RECE_TDAYS":1.06150702953,"INVENTORY_TDAYS":30.446376542781,"CURRENT_ASSETS_TDAYS":0.415472253022,"TOTAL_ASSETS_TDAYS":0.227620050233,"PREMIUM_EXPENSE":null,"LOAN_DEPOSIT":null,"LOAN_EQUITY":null,"LOAN_ASSETS":null,"DEPOSIT_EQUITY":null,"DEPOSIT_ASSETS":null,"EQUITY_MULTIPLIER":3.599509170574,"EQUITY_RATIO":2.728782634599},{"SECUCODE":"01599.HK","SECURITY_CODE":"01599","SECURITY_NAME_ABBR":"城建设计","ORG_CODE":"10401301","STD_REPORT_DATE":"2020-12-31 00:00:00","REPORT_DATE":"2020-12-31 00:00:00","DATE_TYPE_CODE":"001","REPORT_TYPE":"2020年年报","PER_NETCASH_OPERATE":0.544972454344,"PER_OI":7.009544217637,"BPS":4.041099750124,"BASIC_EPS":0.58,"DILUTED_EPS":0.58,"OPERATE_INCOME":9453562000,"OPERATE_INCOME_YOY":18.6694166737,"GROSS_PROFIT":1731485000,"GROSS_PROFIT_YOY":3.11386930777,"HOLDER_PROFIT":786535000,"HOLDER_PROFIT_YOY":19.518755176,"GROSS_PROFIT_RATIO":18.99396798623,"EPS_TTM":0.583193071693,"OPERATE_INCOME_QOQ":8.923762570005,"NET_PROFIT_RATIO":8.087739766,"ROE_AVG":15.298674608267,"GROSS_PROFIT_QOQ":11.887254178972,"ROA":3.788854077514,"HOLDER_PROFIT_QOQ":10.815319307213,"ROE_YEARLY":15.298674608267,"ROIC_YEARLY":4.690569476587,"TOTAL_ASSETS":21059511000,"TOTAL_LIABILITIES":15311438000,"TAX_EBT":12.143147237736,"OCF_SALES":7.361001737525,"TOTAL_PARENT_EQUITY":5450110000,"DEBT_ASSET_RATIO":72.7055723184,"OPERATE_PROFIT":1047144000,"PRETAX_PROFIT":891334000,"NETCASH_OPERATE":734988000,"NETCASH_INVEST":-942481000,"NETCASH_FINANCE":-127391000,"END_CASH":3533750000,"DIVI_RATIO":0.294183142303,"DIVIDEND_RATE":12.37385620915,"CURRENT_RATIO":1.189786386414,"COMMON_ACS":null,"CURRENTDEBT_DEBT":64.178616012422,"ISSUED_COMMON_SHARES":1348670000,"HK_COMMON_SHARES":387937000,"PER_SHARES":1000,"TOTAL_MARKET_CAP":2063465100,"HKSK_MARKET_CAP":593543610,"PE_TTM":2.204198680264,"PB_TTM":0.250545226716,"REPORT_DATE_SQ":"2019-12-31 00:00:00","REPORT_TYPE_SQ":"2019年年报","OPERATE_INCOME_SQ":8414039000,"DPS_HKD":0.18932,"OPERATE_INCOME_QOQ_SQ":14.447478589824,"NET_PROFIT_RATIO_SQ":7.9103032444,"HOLDER_PROFIT_SQ":658085000,"HOLDER_PROFIT_QOQ_SQ":8.964031612045,"ROE_AVG_SQ":14.384159359397,"PE_TTM_SQ":2.793075122598,"PB_TTM_SQ":0.354822956768,"ROA_SQ":3.570617128311,"START_DATE":"2020-01-01 00:00:00","FISCAL_YEAR":"12-31","CURRENCY":"HKD","IS_CNY_CODE":0,"DPS_HKD_LY":0.146834,"ORG_TYPE":"一般企业","PREMIUM_INCOME":null,"PREMIUM_INCOME_YOY":null,"NET_INTEREST_INCOME":null,"NET_INTEREST_INCOME_YOY":null,"FEE_COMMISSION_INCOME":null,"FEE_COMMISSION_INCOME_YOY":null,"ACCOUNTS_RECE_TDAYS":2.097487546561,"INVENTORY_TDAYS":61.999754710328,"CURRENT_ASSETS_TDAYS":0.819623957184,"TOTAL_ASSETS_TDAYS":0.48098679625,"PREMIUM_EXPENSE":null,"LOAN_DEPOSIT":null,"LOAN_EQUITY":null,"LOAN_ASSETS":null,"DEPOSIT_EQUITY":null,"DEPOSIT_ASSETS":null,"EQUITY_MULTIPLIER":3.663751486807,"EQUITY_RATIO":2.809381462026},{"SECUCODE":"01599.HK","SECURITY_CODE":"01599","SECURITY_NAME_ABBR":"城建设计","ORG_CODE":"10401301","STD_REPORT_DATE":"2020-06-30 00:00:00","REPORT_DATE":"2020-06-30 00:00:00","DATE_TYPE_CODE":"002","REPORT_TYPE":"2020年中报","PER_NETCASH_OPERATE":-0.365969436556,"PER_OI":3.215590174023,"BPS":3.846191433041,"BASIC_EPS":0.26,"DILUTED_EPS":0.26,"OPERATE_INCOME":4336770000,"OPERATE_INCOME_YOY":21.0054166538,"GROSS_PROFIT":775595000,"GROSS_PROFIT_YOY":2.08447953164,"HOLDER_PROFIT":356022000,"HOLDER_PROFIT_YOY":16.9832027759,"GROSS_PROFIT_RATIO":17.88416263717,"EPS_TTM":0.526274774407,"OPERATE_INCOME_QOQ":8.947224989093,"NET_PROFIT_RATIO":8.2326708587,"ROE_AVG":7.106563014402,"GROSS_PROFIT_QOQ":0.943129364809,"ROA":1.740830296868,"HOLDER_PROFIT_QOQ":7.85400062302,"ROE_YEARLY":14.213126028804,"ROIC_YEARLY":4.250122646066,"TOTAL_ASSETS":20443704000,"TOTAL_LIABILITIES":14977605000,"TAX_EBT":14.623432213016,"OCF_SALES":-11.38109699154,"TOTAL_PARENT_EQUITY":5187243000,"DEBT_ASSET_RATIO":73.2626778396,"OPERATE_PROFIT":488183000,"PRETAX_PROFIT":418185000,"NETCASH_OPERATE":-493572000,"NETCASH_INVEST":-437408000,"NETCASH_FINANCE":10588000,"END_CASH":2966973000,"DIVI_RATIO":0.325999988491,"DIVIDEND_RATE":12.37385620915,"CURRENT_RATIO":1.221974842063,"COMMON_ACS":null,"CURRENTDEBT_DEBT":65.185328361911,"ISSUED_COMMON_SHARES":1348670000,"HK_COMMON_SHARES":387937000,"PER_SHARES":1000,"TOTAL_MARKET_CAP":2063465100,"HKSK_MARKET_CAP":593543610,"PE_TTM":2.204198680264,"PB_TTM":0.250545226716,"REPORT_DATE_SQ":"2019-06-30 00:00:00","REPORT_TYPE_SQ":"2019年中报","OPERATE_INCOME_SQ":3583947000,"DPS_HKD":0.18932,"OPERATE_INCOME_QOQ_SQ":2.306270983083,"NET_PROFIT_RATIO_SQ":8.606991119,"HOLDER_PROFIT_SQ":304336000,"HOLDER_PROFIT_QOQ_SQ":7.390883776508,"ROE_AVG_SQ":6.920218050901,"PE_TTM_SQ":2.793075122598,"PB_TTM_SQ":0.354822956768,"ROA_SQ":1.801966789056,"START_DATE":"2020-01-01 00:00:00","FISCAL_YEAR":"12-31","CURRENCY":"HKD","IS_CNY_CODE":0,"DPS_HKD_LY":0.146834,"ORG_TYPE":"一般企业","PREMIUM_INCOME":null,"PREMIUM_INCOME_YOY":null,"NET_INTEREST_INCOME":null,"NET_INTEREST_INCOME_YOY":null,"FEE_COMMISSION_INCOME":null,"FEE_COMMISSION_INCOME_YOY":null,"ACCOUNTS_RECE_TDAYS":0.901800619337,"INVENTORY_TDAYS":18.678389258225,"CURRENT_ASSETS_TDAYS":0.352535420532,"TOTAL_ASSETS_TDAYS":0.212053766524,"PREMIUM_EXPENSE":null,"LOAN_DEPOSIT":null,"LOAN_EQUITY":null,"LOAN_ASSETS":null,"DEPOSIT_EQUITY":null,"DEPOSIT_ASSETS":null,"EQUITY_MULTIPLIER":3.740090327673,"EQUITY_RATIO":2.887392204298}],"count":25},"success":true,"message":"ok","code":0}