{"version":"c7ec7f4ce7818ed777e8070ad630f9ee","result":{"pages":3,"data":[{"SECUCODE":"01606.HK","SECURITY_CODE":"01606","SECURITY_NAME_ABBR":"国银金租","ORG_CODE":"10124158","STD_REPORT_DATE":"2024-06-30 00:00:00","REPORT_DATE":"2024-06-30 00:00:00","DATE_TYPE_CODE":"002","REPORT_TYPE":"2024年中报","PER_NETCASH_OPERATE":5.094213035837,"PER_OI":1.07709410728,"BPS":2.97997718784,"BASIC_EPS":0.15,"DILUTED_EPS":0.15,"OPERATE_INCOME":13617033000,"OPERATE_INCOME_YOY":14.9398190173,"GROSS_PROFIT":null,"GROSS_PROFIT_YOY":null,"HOLDER_PROFIT":1881265000,"HOLDER_PROFIT_YOY":-4.0292350764,"GROSS_PROFIT_RATIO":null,"EPS_TTM":0.322025283214,"OPERATE_INCOME_QOQ":6.640073882351,"NET_PROFIT_RATIO":13.8155279494,"ROE_AVG":5.019661975923,"GROSS_PROFIT_QOQ":null,"ROA":0.422219860453,"HOLDER_PROFIT_QOQ":-1.903136489798,"ROE_YEARLY":10.039323951846,"ROIC_YEARLY":1.053247783105,"TOTAL_ASSETS":481435608000,"TOTAL_LIABILITIES":443761604000,"TAX_EBT":26.543730974734,"OCF_SALES":472.95895515565,"TOTAL_PARENT_EQUITY":37674004000,"DEBT_ASSET_RATIO":92.1746536039,"OPERATE_PROFIT":2561068000,"PRETAX_PROFIT":2561068000,"NETCASH_OPERATE":64402977000,"NETCASH_INVEST":-31583860000,"NETCASH_FINANCE":-4540935000,"END_CASH":77310904000,"DIVI_RATIO":0.303734340558,"DIVIDEND_RATE":9.069915966387,"CURRENT_RATIO":null,"COMMON_ACS":null,"CURRENTDEBT_DEBT":null,"ISSUED_COMMON_SHARES":12642380000,"HK_COMMON_SHARES":2769594000,"PER_SHARES":2000,"TOTAL_MARKET_CAP":15044432200,"HKSK_MARKET_CAP":3295816860,"PE_TTM":3.332283573722,"PB_TTM":0.364462253078,"REPORT_DATE_SQ":"2023-06-30 00:00:00","REPORT_TYPE_SQ":"2023年中报","OPERATE_INCOME_SQ":11847098000,"DPS_HKD":0.107932,"OPERATE_INCOME_QOQ_SQ":-2.345464739656,"NET_PROFIT_RATIO_SQ":16.546229296,"HOLDER_PROFIT_SQ":1960248000,"HOLDER_PROFIT_QOQ_SQ":0.314287393918,"ROE_AVG_SQ":5.609751972444,"PE_TTM_SQ":7.484788843546,"PB_TTM_SQ":0.697324141746,"ROA_SQ":0.545495749965,"START_DATE":"2024-01-01 00:00:00","FISCAL_YEAR":"12-31","CURRENCY":"HKD","IS_CNY_CODE":0,"DPS_HKD_LY":0.107932,"ORG_TYPE":"银行","PREMIUM_INCOME":null,"PREMIUM_INCOME_YOY":null,"NET_INTEREST_INCOME":null,"NET_INTEREST_INCOME_YOY":null,"FEE_COMMISSION_INCOME":null,"FEE_COMMISSION_INCOME_YOY":null,"ACCOUNTS_RECE_TDAYS":null,"INVENTORY_TDAYS":null,"CURRENT_ASSETS_TDAYS":null,"TOTAL_ASSETS_TDAYS":0.030561254119,"PREMIUM_EXPENSE":null,"LOAN_DEPOSIT":null,"LOAN_EQUITY":null,"LOAN_ASSETS":null,"DEPOSIT_EQUITY":null,"DEPOSIT_ASSETS":null,"EQUITY_MULTIPLIER":12.778987017091,"EQUITY_RATIO":11.778987017148},{"SECUCODE":"01606.HK","SECURITY_CODE":"01606","SECURITY_NAME_ABBR":"国银金租","ORG_CODE":"10124158","STD_REPORT_DATE":"2023-12-31 00:00:00","REPORT_DATE":"2023-12-31 00:00:00","DATE_TYPE_CODE":"001","REPORT_TYPE":"2023年年报","PER_NETCASH_OPERATE":5.285902417108,"PER_OI":2.108412419181,"BPS":2.94895739568,"BASIC_EPS":0.33,"DILUTED_EPS":0.33,"OPERATE_INCOME":26655351000,"OPERATE_INCOME_YOY":6.3939040429,"GROSS_PROFIT":null,"GROSS_PROFIT_YOY":null,"HOLDER_PROFIT":4150149000,"HOLDER_PROFIT_YOY":23.8453772866,"GROSS_PROFIT_RATIO":null,"EPS_TTM":0.328272761932,"OPERATE_INCOME_QOQ":8.949270772956,"NET_PROFIT_RATIO":15.569665543,"ROE_AVG":11.598218326106,"GROSS_PROFIT_QOQ":null,"ROA":1.085840668545,"HOLDER_PROFIT_QOQ":23.457366347325,"ROE_YEARLY":11.598218326106,"ROIC_YEARLY":1.247768978967,"TOTAL_ASSETS":409694903000,"TOTAL_LIABILITIES":372413063000,"TAX_EBT":23.411265263218,"OCF_SALES":250.705334925059,"TOTAL_PARENT_EQUITY":37281840000,"DEBT_ASSET_RATIO":90.9000966995,"OPERATE_PROFIT":5418746000,"PRETAX_PROFIT":5418746000,"NETCASH_OPERATE":66826387000,"NETCASH_INVEST":-35322381000,"NETCASH_FINANCE":-7488494000,"END_CASH":48856794000,"DIVI_RATIO":0.297953861491,"DIVIDEND_RATE":8.846885245902,"CURRENT_RATIO":null,"COMMON_ACS":null,"CURRENTDEBT_DEBT":null,"ISSUED_COMMON_SHARES":12642380000,"HK_COMMON_SHARES":2769594000,"PER_SHARES":2000,"TOTAL_MARKET_CAP":15423703600,"HKSK_MARKET_CAP":3378904680,"PE_TTM":3.41629072264,"PB_TTM":0.373650377105,"REPORT_DATE_SQ":"2022-12-31 00:00:00","REPORT_TYPE_SQ":"2022年年报","OPERATE_INCOME_SQ":25053457000,"DPS_HKD":0.107932,"OPERATE_INCOME_QOQ_SQ":-1.007857785187,"NET_PROFIT_RATIO_SQ":13.3756910274,"HOLDER_PROFIT_SQ":3351073000,"HOLDER_PROFIT_QOQ_SQ":-17.457251004544,"ROE_AVG_SQ":10.408643091785,"PE_TTM_SQ":4.919579521579,"PB_TTM_SQ":0.458335116641,"ROA_SQ":0.962184923389,"START_DATE":"2023-01-01 00:00:00","FISCAL_YEAR":"12-31","CURRENCY":"HKD","IS_CNY_CODE":0,"DPS_HKD_LY":0.086729,"ORG_TYPE":"银行","PREMIUM_INCOME":null,"PREMIUM_INCOME_YOY":null,"NET_INTEREST_INCOME":null,"NET_INTEREST_INCOME_YOY":null,"FEE_COMMISSION_INCOME":null,"FEE_COMMISSION_INCOME_YOY":null,"ACCOUNTS_RECE_TDAYS":null,"INVENTORY_TDAYS":null,"CURRENT_ASSETS_TDAYS":null,"TOTAL_ASSETS_TDAYS":0.069740783163,"PREMIUM_EXPENSE":null,"LOAN_DEPOSIT":null,"LOAN_EQUITY":null,"LOAN_ASSETS":null,"DEPOSIT_EQUITY":null,"DEPOSIT_ASSETS":null,"EQUITY_MULTIPLIER":10.989127762985,"EQUITY_RATIO":9.989127763007},{"SECUCODE":"01606.HK","SECURITY_CODE":"01606","SECURITY_NAME_ABBR":"国银金租","ORG_CODE":"10124158","STD_REPORT_DATE":"2023-06-30 00:00:00","REPORT_DATE":"2023-06-30 00:00:00","DATE_TYPE_CODE":"002","REPORT_TYPE":"2023年中报","PER_NETCASH_OPERATE":0.18481401445,"PER_OI":0.937093964902,"BPS":2.816218860689,"BASIC_EPS":0.16,"DILUTED_EPS":0.16,"OPERATE_INCOME":11847098000,"OPERATE_INCOME_YOY":-4.7256399381,"GROSS_PROFIT":null,"GROSS_PROFIT_YOY":null,"HOLDER_PROFIT":1960248000,"HOLDER_PROFIT_YOY":0.5401812367,"GROSS_PROFIT_RATIO":null,"EPS_TTM":0.265899696102,"OPERATE_INCOME_QOQ":-2.345464739656,"NET_PROFIT_RATIO":16.546229296,"ROE_AVG":5.609751972444,"GROSS_PROFIT_QOQ":null,"ROA":0.545495749965,"HOLDER_PROFIT_QOQ":0.314287393918,"ROE_YEARLY":11.219503944888,"ROIC_YEARLY":1.174338318504,"TOTAL_ASSETS":363986061000,"TOTAL_LIABILITIES":328382352000,"TAX_EBT":25.556602863582,"OCF_SALES":19.722036569631,"TOTAL_PARENT_EQUITY":35603709000,"DEBT_ASSET_RATIO":90.2183866871,"OPERATE_PROFIT":2633206000,"PRETAX_PROFIT":2633206000,"NETCASH_OPERATE":2336489000,"NETCASH_INVEST":-7889499000,"NETCASH_FINANCE":-2856544000,"END_CASH":16529538000,"DIVI_RATIO":0.367845990327,"DIVIDEND_RATE":8.846885245902,"CURRENT_RATIO":null,"COMMON_ACS":null,"CURRENTDEBT_DEBT":null,"ISSUED_COMMON_SHARES":12642380000,"HK_COMMON_SHARES":2769594000,"PER_SHARES":2000,"TOTAL_MARKET_CAP":15423703600,"HKSK_MARKET_CAP":3378904680,"PE_TTM":3.41629072264,"PB_TTM":0.373650377105,"REPORT_DATE_SQ":"2022-06-30 00:00:00","REPORT_TYPE_SQ":"2022年中报","OPERATE_INCOME_SQ":12434718000,"DPS_HKD":0.107932,"OPERATE_INCOME_QOQ_SQ":8.546670014324,"NET_PROFIT_RATIO_SQ":15.6796157339,"HOLDER_PROFIT_SQ":1949716000,"HOLDER_PROFIT_QOQ_SQ":3.507994978344,"ROE_AVG_SQ":6.246968777556,"PE_TTM_SQ":4.919579521579,"PB_TTM_SQ":0.458335116641,"ROA_SQ":0.565255585774,"START_DATE":"2023-01-01 00:00:00","FISCAL_YEAR":"12-31","CURRENCY":"HKD","IS_CNY_CODE":0,"DPS_HKD_LY":0.086729,"ORG_TYPE":"银行","PREMIUM_INCOME":null,"PREMIUM_INCOME_YOY":null,"NET_INTEREST_INCOME":null,"NET_INTEREST_INCOME_YOY":null,"FEE_COMMISSION_INCOME":null,"FEE_COMMISSION_INCOME_YOY":null,"ACCOUNTS_RECE_TDAYS":null,"INVENTORY_TDAYS":null,"CURRENT_ASSETS_TDAYS":null,"TOTAL_ASSETS_TDAYS":0.032967979605,"PREMIUM_EXPENSE":null,"LOAN_DEPOSIT":null,"LOAN_EQUITY":null,"LOAN_ASSETS":null,"DEPOSIT_EQUITY":null,"DEPOSIT_ASSETS":null,"EQUITY_MULTIPLIER":10.223262441597,"EQUITY_RATIO":9.223262441562},{"SECUCODE":"01606.HK","SECURITY_CODE":"01606","SECURITY_NAME_ABBR":"国银金租","ORG_CODE":"10124158","STD_REPORT_DATE":"2022-12-31 00:00:00","REPORT_DATE":"2022-12-31 00:00:00","DATE_TYPE_CODE":"001","REPORT_TYPE":"2022年年报","PER_NETCASH_OPERATE":1.344668250757,"PER_OI":1.98170415697,"BPS":2.711787258412,"BASIC_EPS":0.27,"DILUTED_EPS":0.27,"OPERATE_INCOME":25053457000,"OPERATE_INCOME_YOY":7.45267395,"GROSS_PROFIT":null,"GROSS_PROFIT_YOY":null,"HOLDER_PROFIT":3351073000,"HOLDER_PROFIT_YOY":-14.5616555148,"GROSS_PROFIT_RATIO":null,"EPS_TTM":0.265066625113,"OPERATE_INCOME_QOQ":-1.007857785187,"NET_PROFIT_RATIO":13.3756910274,"ROE_AVG":10.408643091785,"GROSS_PROFIT_QOQ":null,"ROA":0.962184923389,"HOLDER_PROFIT_QOQ":-17.457251004544,"ROE_YEARLY":10.408643091785,"ROIC_YEARLY":1.063898433826,"TOTAL_ASSETS":354717247000,"TOTAL_LIABILITIES":320433802000,"TAX_EBT":32.410163547302,"OCF_SALES":67.854136856243,"TOTAL_PARENT_EQUITY":34283445000,"DEBT_ASSET_RATIO":90.3349934941,"OPERATE_PROFIT":4957954000,"PRETAX_PROFIT":4957954000,"NETCASH_OPERATE":16999807000,"NETCASH_INVEST":-8789253000,"NETCASH_FINANCE":-14466459000,"END_CASH":24660800000,"DIVI_RATIO":0.369002083903,"DIVIDEND_RATE":8.846885245902,"CURRENT_RATIO":null,"COMMON_ACS":null,"CURRENTDEBT_DEBT":null,"ISSUED_COMMON_SHARES":12642380000,"HK_COMMON_SHARES":2769594000,"PER_SHARES":2000,"TOTAL_MARKET_CAP":15423703600,"HKSK_MARKET_CAP":3378904680,"PE_TTM":3.41629072264,"PB_TTM":0.373650377105,"REPORT_DATE_SQ":"2021-12-31 00:00:00","REPORT_TYPE_SQ":"2021年年报","OPERATE_INCOME_SQ":23315806000,"DPS_HKD":0.107932,"OPERATE_INCOME_QOQ_SQ":15.68721461561,"NET_PROFIT_RATIO_SQ":16.8221162931,"HOLDER_PROFIT_SQ":3922212000,"HOLDER_PROFIT_QOQ_SQ":2.111713340375,"ROE_AVG_SQ":13.826167618345,"PE_TTM_SQ":4.919579521579,"PB_TTM_SQ":0.458335116641,"ROA_SQ":1.215874401668,"START_DATE":"2022-01-01 00:00:00","FISCAL_YEAR":"12-31","CURRENCY":"HKD","IS_CNY_CODE":0,"DPS_HKD_LY":0.10908,"ORG_TYPE":"银行","PREMIUM_INCOME":null,"PREMIUM_INCOME_YOY":null,"NET_INTEREST_INCOME":null,"NET_INTEREST_INCOME_YOY":null,"FEE_COMMISSION_INCOME":null,"FEE_COMMISSION_INCOME_YOY":null,"ACCOUNTS_RECE_TDAYS":null,"INVENTORY_TDAYS":null,"CURRENT_ASSETS_TDAYS":null,"TOTAL_ASSETS_TDAYS":0.07193534311,"PREMIUM_EXPENSE":null,"LOAN_DEPOSIT":null,"LOAN_EQUITY":null,"LOAN_ASSETS":null,"DEPOSIT_EQUITY":null,"DEPOSIT_ASSETS":null,"EQUITY_MULTIPLIER":10.346604520023,"EQUITY_RATIO":9.346604520053},{"SECUCODE":"01606.HK","SECURITY_CODE":"01606","SECURITY_NAME_ABBR":"国银金租","ORG_CODE":"10124158","STD_REPORT_DATE":"2022-06-30 00:00:00","REPORT_DATE":"2022-06-30 00:00:00","DATE_TYPE_CODE":"002","REPORT_TYPE":"2022年中报","PER_NETCASH_OPERATE":0.237808229147,"PER_OI":0.983574137148,"BPS":2.556040239259,"BASIC_EPS":0.15,"DILUTED_EPS":0.15,"OPERATE_INCOME":12434718000,"OPERATE_INCOME_YOY":19.0837611173,"GROSS_PROFIT":null,"GROSS_PROFIT_YOY":null,"HOLDER_PROFIT":1949716000,"HOLDER_PROFIT_YOY":7.59279851,"GROSS_PROFIT_RATIO":null,"EPS_TTM":0.321126480932,"OPERATE_INCOME_QOQ":8.546670014324,"NET_PROFIT_RATIO":15.6796157339,"ROE_AVG":6.246968777556,"GROSS_PROFIT_QOQ":null,"ROA":0.565255585774,"HOLDER_PROFIT_QOQ":3.507994978344,"ROE_YEARLY":12.493937555112,"ROIC_YEARLY":1.252806383831,"TOTAL_ASSETS":348015262000,"TOTAL_LIABILITIES":315700830000,"TAX_EBT":26.927830909607,"OCF_SALES":24.177966882723,"TOTAL_PARENT_EQUITY":32314432000,"DEBT_ASSET_RATIO":90.7146508994,"OPERATE_PROFIT":2668206000,"PRETAX_PROFIT":2668206000,"NETCASH_OPERATE":3006462000,"NETCASH_INVEST":-7345393000,"NETCASH_FINANCE":-1695011000,"END_CASH":24585537000,"DIVI_RATIO":0.304584463904,"DIVIDEND_RATE":8.846885245902,"CURRENT_RATIO":null,"COMMON_ACS":null,"CURRENTDEBT_DEBT":null,"ISSUED_COMMON_SHARES":12642380000,"HK_COMMON_SHARES":2769594000,"PER_SHARES":2000,"TOTAL_MARKET_CAP":15423703600,"HKSK_MARKET_CAP":3378904680,"PE_TTM":3.41629072264,"PB_TTM":0.373650377105,"REPORT_DATE_SQ":"2021-06-30 00:00:00","REPORT_TYPE_SQ":"2021年中报","OPERATE_INCOME_SQ":10441993000,"DPS_HKD":0.107932,"OPERATE_INCOME_QOQ_SQ":4.270645810099,"NET_PROFIT_RATIO_SQ":17.3542062325,"HOLDER_PROFIT_SQ":1812125000,"HOLDER_PROFIT_QOQ_SQ":17.525145173929,"ROE_AVG_SQ":6.663641145903,"PE_TTM_SQ":4.919579521579,"PB_TTM_SQ":0.458335116641,"ROA_SQ":0.589453686078,"START_DATE":"2022-01-01 00:00:00","FISCAL_YEAR":"12-31","CURRENCY":"HKD","IS_CNY_CODE":0,"DPS_HKD_LY":0.10908,"ORG_TYPE":"银行","PREMIUM_INCOME":null,"PREMIUM_INCOME_YOY":null,"NET_INTEREST_INCOME":null,"NET_INTEREST_INCOME_YOY":null,"FEE_COMMISSION_INCOME":null,"FEE_COMMISSION_INCOME_YOY":null,"ACCOUNTS_RECE_TDAYS":null,"INVENTORY_TDAYS":null,"CURRENT_ASSETS_TDAYS":null,"TOTAL_ASSETS_TDAYS":0.036050346856,"PREMIUM_EXPENSE":null,"LOAN_DEPOSIT":null,"LOAN_EQUITY":null,"LOAN_ASSETS":null,"DEPOSIT_EQUITY":null,"DEPOSIT_ASSETS":null,"EQUITY_MULTIPLIER":10.769654314186,"EQUITY_RATIO":9.769654314209},{"SECUCODE":"01606.HK","SECURITY_CODE":"01606","SECURITY_NAME_ABBR":"国银金租","ORG_CODE":"10124158","STD_REPORT_DATE":"2021-12-31 00:00:00","REPORT_DATE":"2021-12-31 00:00:00","DATE_TYPE_CODE":"001","REPORT_TYPE":"2021年年报","PER_NETCASH_OPERATE":1.87525861428,"PER_OI":1.84425764769,"BPS":2.381415050014,"BASIC_EPS":0.31,"DILUTED_EPS":0.31,"OPERATE_INCOME":23315806000,"OPERATE_INCOME_YOY":20.6278057994,"GROSS_PROFIT":null,"GROSS_PROFIT_YOY":null,"HOLDER_PROFIT":3922212000,"HOLDER_PROFIT_YOY":20.0069393429,"GROSS_PROFIT_RATIO":null,"EPS_TTM":0.310243166239,"OPERATE_INCOME_QOQ":15.68721461561,"NET_PROFIT_RATIO":16.8221162931,"ROE_AVG":13.826167618345,"GROSS_PROFIT_QOQ":null,"ROA":1.215874401668,"HOLDER_PROFIT_QOQ":2.111713340375,"ROE_YEARLY":13.826167618345,"ROIC_YEARLY":1.368194636718,"TOTAL_ASSETS":341837629000,"TOTAL_LIABILITIES":311730875000,"TAX_EBT":29.145240071205,"OCF_SALES":101.680945535402,"TOTAL_PARENT_EQUITY":30106754000,"DEBT_ASSET_RATIO":91.1926741102,"OPERATE_PROFIT":5535566000,"PRETAX_PROFIT":5535566000,"NETCASH_OPERATE":23707732000,"NETCASH_INVEST":-24124114000,"NETCASH_FINANCE":-3117807000,"END_CASH":30196765000,"DIVI_RATIO":0.315269271603,"DIVIDEND_RATE":8.846885245902,"CURRENT_RATIO":null,"COMMON_ACS":null,"CURRENTDEBT_DEBT":null,"ISSUED_COMMON_SHARES":12642380000,"HK_COMMON_SHARES":2769594000,"PER_SHARES":2000,"TOTAL_MARKET_CAP":15423703600,"HKSK_MARKET_CAP":3378904680,"PE_TTM":3.41629072264,"PB_TTM":0.373650377105,"REPORT_DATE_SQ":"2020-12-31 00:00:00","REPORT_TYPE_SQ":"2020年年报","OPERATE_INCOME_SQ":19328716000,"DPS_HKD":0.107932,"OPERATE_INCOME_QOQ_SQ":0.559335379858,"NET_PROFIT_RATIO_SQ":16.9091469915,"HOLDER_PROFIT_SQ":3268321000,"HOLDER_PROFIT_QOQ_SQ":16.051449630699,"ROE_AVG_SQ":12.498704314155,"PE_TTM_SQ":4.919579521579,"PB_TTM_SQ":0.458335116641,"ROA_SQ":1.157685231347,"START_DATE":"2021-01-01 00:00:00","FISCAL_YEAR":"12-31","CURRENCY":"HKD","IS_CNY_CODE":0,"DPS_HKD_LY":0.093103,"ORG_TYPE":"银行","PREMIUM_INCOME":null,"PREMIUM_INCOME_YOY":null,"NET_INTEREST_INCOME":null,"NET_INTEREST_INCOME_YOY":null,"FEE_COMMISSION_INCOME":null,"FEE_COMMISSION_INCOME_YOY":null,"ACCOUNTS_RECE_TDAYS":null,"INVENTORY_TDAYS":null,"CURRENT_ASSETS_TDAYS":null,"TOTAL_ASSETS_TDAYS":0.072278325776,"PREMIUM_EXPENSE":null,"LOAN_DEPOSIT":null,"LOAN_EQUITY":null,"LOAN_ASSETS":null,"DEPOSIT_EQUITY":null,"DEPOSIT_ASSETS":null,"EQUITY_MULTIPLIER":11.354184147519,"EQUITY_RATIO":10.354184147517},{"SECUCODE":"01606.HK","SECURITY_CODE":"01606","SECURITY_NAME_ABBR":"国银金租","ORG_CODE":"10124158","STD_REPORT_DATE":"2021-06-30 00:00:00","REPORT_DATE":"2021-06-30 00:00:00","DATE_TYPE_CODE":"002","REPORT_TYPE":"2021年中报","PER_NETCASH_OPERATE":-0.474765115429,"PER_OI":0.825951521786,"BPS":2.195719318673,"BASIC_EPS":0.14,"DILUTED_EPS":0.14,"OPERATE_INCOME":10441993000,"OPERATE_INCOME_YOY":8.5837701159,"GROSS_PROFIT":null,"GROSS_PROFIT_YOY":null,"HOLDER_PROFIT":1812125000,"HOLDER_PROFIT_YOY":46.2161121946,"GROSS_PROFIT_RATIO":null,"EPS_TTM":0.303827206586,"OPERATE_INCOME_QOQ":4.270645810099,"NET_PROFIT_RATIO":17.3542062325,"ROE_AVG":6.663641145903,"GROSS_PROFIT_QOQ":null,"ROA":0.589453686078,"HOLDER_PROFIT_QOQ":17.525145173929,"ROE_YEARLY":13.327282291806,"ROIC_YEARLY":1.3104458753,"TOTAL_ASSETS":311519317000,"TOTAL_LIABILITIES":283760199000,"TAX_EBT":26.706899592143,"OCF_SALES":-57.480990458431,"TOTAL_PARENT_EQUITY":27759118000,"DEBT_ASSET_RATIO":91.0891182392,"OPERATE_PROFIT":2472436000,"PRETAX_PROFIT":2472436000,"NETCASH_OPERATE":-6002161000,"NETCASH_INVEST":-7570508000,"NETCASH_FINANCE":5189781000,"END_CASH":25584455000,"DIVI_RATIO":0.321926854869,"DIVIDEND_RATE":8.846885245902,"CURRENT_RATIO":null,"COMMON_ACS":null,"CURRENTDEBT_DEBT":null,"ISSUED_COMMON_SHARES":12642380000,"HK_COMMON_SHARES":2769594000,"PER_SHARES":2000,"TOTAL_MARKET_CAP":15423703600,"HKSK_MARKET_CAP":3378904680,"PE_TTM":3.41629072264,"PB_TTM":0.373650377105,"REPORT_DATE_SQ":"2020-06-30 00:00:00","REPORT_TYPE_SQ":"2020年中报","OPERATE_INCOME_SQ":9616532000,"DPS_HKD":0.107932,"OPERATE_INCOME_QOQ_SQ":4.786330787745,"NET_PROFIT_RATIO_SQ":12.88767094,"HOLDER_PROFIT_SQ":1239347000,"HOLDER_PROFIT_QOQ_SQ":-4.147406934695,"ROE_AVG_SQ":4.915647955144,"PE_TTM_SQ":4.919579521579,"PB_TTM_SQ":0.458335116641,"ROA_SQ":0.454558950123,"START_DATE":"2021-01-01 00:00:00","FISCAL_YEAR":"12-31","CURRENCY":"HKD","IS_CNY_CODE":0,"DPS_HKD_LY":0.093103,"ORG_TYPE":"银行","PREMIUM_INCOME":null,"PREMIUM_INCOME_YOY":null,"NET_INTEREST_INCOME":null,"NET_INTEREST_INCOME_YOY":null,"FEE_COMMISSION_INCOME":null,"FEE_COMMISSION_INCOME_YOY":null,"ACCOUNTS_RECE_TDAYS":null,"INVENTORY_TDAYS":null,"CURRENT_ASSETS_TDAYS":null,"TOTAL_ASSETS_TDAYS":0.033966041326,"PREMIUM_EXPENSE":null,"LOAN_DEPOSIT":null,"LOAN_EQUITY":null,"LOAN_ASSETS":null,"DEPOSIT_EQUITY":null,"DEPOSIT_ASSETS":null,"EQUITY_MULTIPLIER":11.222233970146,"EQUITY_RATIO":10.222233970114},{"SECUCODE":"01606.HK","SECURITY_CODE":"01606","SECURITY_NAME_ABBR":"国银金租","ORG_CODE":"10124158","STD_REPORT_DATE":"2020-12-31 00:00:00","REPORT_DATE":"2020-12-31 00:00:00","DATE_TYPE_CODE":"001","REPORT_TYPE":"2020年年报","PER_NETCASH_OPERATE":2.199489257561,"PER_OI":1.528882694556,"BPS":2.106352996825,"BASIC_EPS":0.26,"DILUTED_EPS":0.26,"OPERATE_INCOME":19328716000,"OPERATE_INCOME_YOY":5.3724378091,"GROSS_PROFIT":null,"GROSS_PROFIT_YOY":null,"HOLDER_PROFIT":3268321000,"HOLDER_PROFIT_YOY":11.2383237609,"GROSS_PROFIT_RATIO":null,"EPS_TTM":0.258521022149,"OPERATE_INCOME_QOQ":0.559335379858,"NET_PROFIT_RATIO":16.9091469915,"ROE_AVG":12.498704314155,"GROSS_PROFIT_QOQ":null,"ROA":1.157685231347,"HOLDER_PROFIT_QOQ":16.051449630699,"ROE_YEARLY":12.498704314155,"ROIC_YEARLY":1.286464374124,"TOTAL_ASSETS":303329667000,"TOTAL_LIABILITIES":276700352000,"TAX_EBT":28.694969016556,"OCF_SALES":143.862525581109,"TOTAL_PARENT_EQUITY":26629315000,"DEBT_ASSET_RATIO":91.2209988349,"OPERATE_PROFIT":4583577000,"PRETAX_PROFIT":4583577000,"NETCASH_OPERATE":27806779000,"NETCASH_INVEST":-13007588000,"NETCASH_FINANCE":1225116000,"END_CASH":34144186000,"DIVI_RATIO":0.378345003539,"DIVIDEND_RATE":8.846885245902,"CURRENT_RATIO":null,"COMMON_ACS":null,"CURRENTDEBT_DEBT":null,"ISSUED_COMMON_SHARES":12642380000,"HK_COMMON_SHARES":2769594000,"PER_SHARES":2000,"TOTAL_MARKET_CAP":15423703600,"HKSK_MARKET_CAP":3378904680,"PE_TTM":3.41629072264,"PB_TTM":0.373650377105,"REPORT_DATE_SQ":"2019-12-31 00:00:00","REPORT_TYPE_SQ":"2019年年报","OPERATE_INCOME_SQ":18343237000,"DPS_HKD":0.107932,"OPERATE_INCOME_QOQ_SQ":5.377939591755,"NET_PROFIT_RATIO_SQ":16.0174837189,"HOLDER_PROFIT_SQ":2938125000,"HOLDER_PROFIT_QOQ_SQ":6.848990760028,"ROE_AVG_SQ":11.782599357014,"PE_TTM_SQ":4.919579521579,"PB_TTM_SQ":0.458335116641,"ROA_SQ":1.176738211402,"START_DATE":"2020-01-01 00:00:00","FISCAL_YEAR":"12-31","CURRENCY":"HKD","IS_CNY_CODE":0,"DPS_HKD_LY":0.114408,"ORG_TYPE":"银行","PREMIUM_INCOME":null,"PREMIUM_INCOME_YOY":null,"NET_INTEREST_INCOME":null,"NET_INTEREST_INCOME_YOY":null,"FEE_COMMISSION_INCOME":null,"FEE_COMMISSION_INCOME_YOY":null,"ACCOUNTS_RECE_TDAYS":null,"INVENTORY_TDAYS":null,"CURRENT_ASSETS_TDAYS":null,"TOTAL_ASSETS_TDAYS":0.068465028539,"PREMIUM_EXPENSE":null,"LOAN_DEPOSIT":null,"LOAN_EQUITY":null,"LOAN_ASSETS":null,"DEPOSIT_EQUITY":null,"DEPOSIT_ASSETS":null,"EQUITY_MULTIPLIER":11.39081748816,"EQUITY_RATIO":10.39081748817},{"SECUCODE":"01606.HK","SECURITY_CODE":"01606","SECURITY_NAME_ABBR":"国银金租","ORG_CODE":"10124158","STD_REPORT_DATE":"2020-06-30 00:00:00","REPORT_DATE":"2020-06-30 00:00:00","DATE_TYPE_CODE":"002","REPORT_TYPE":"2020年中报","PER_NETCASH_OPERATE":0.626137404508,"PER_OI":0.76065835705,"BPS":1.958121888442,"BASIC_EPS":0.1,"DILUTED_EPS":0.1,"OPERATE_INCOME":9616532000,"OPERATE_INCOME_YOY":10.0470512089,"GROSS_PROFIT":null,"GROSS_PROFIT_YOY":null,"HOLDER_PROFIT":1239347000,"HOLDER_PROFIT_YOY":-8.9520813574,"GROSS_PROFIT_RATIO":null,"EPS_TTM":0.222764147257,"OPERATE_INCOME_QOQ":4.786330787745,"NET_PROFIT_RATIO":12.88767094,"ROE_AVG":4.915647955144,"GROSS_PROFIT_QOQ":null,"ROA":0.454558950123,"HOLDER_PROFIT_QOQ":-4.147406934695,"ROE_YEARLY":9.831295910289,"ROIC_YEARLY":0.996823494624,"TOTAL_ASSETS":283995822000,"TOTAL_LIABILITIES":259240501000,"TAX_EBT":23.347437001998,"OCF_SALES":82.315194292496,"TOTAL_PARENT_EQUITY":24755321000,"DEBT_ASSET_RATIO":91.283209441,"OPERATE_PROFIT":1616837000,"PRETAX_PROFIT":1616837000,"NETCASH_OPERATE":7915867000,"NETCASH_INVEST":-5589227000,"NETCASH_FINANCE":1022262000,"END_CASH":22970832000,"DIVI_RATIO":0.439074861212,"DIVIDEND_RATE":8.846885245902,"CURRENT_RATIO":null,"COMMON_ACS":null,"CURRENTDEBT_DEBT":null,"ISSUED_COMMON_SHARES":12642380000,"HK_COMMON_SHARES":2769594000,"PER_SHARES":2000,"TOTAL_MARKET_CAP":15423703600,"HKSK_MARKET_CAP":3378904680,"PE_TTM":3.41629072264,"PB_TTM":0.373650377105,"REPORT_DATE_SQ":"2019-06-30 00:00:00","REPORT_TYPE_SQ":"2019年中报","OPERATE_INCOME_SQ":8738564000,"DPS_HKD":0.107932,"OPERATE_INCOME_QOQ_SQ":12.005320014851,"NET_PROFIT_RATIO_SQ":15.5769643617,"HOLDER_PROFIT_SQ":1361203000,"HOLDER_PROFIT_QOQ_SQ":9.685263248589,"ROE_AVG_SQ":5.650235346395,"PE_TTM_SQ":4.919579521579,"PB_TTM_SQ":0.458335116641,"ROA_SQ":0.569228259699,"START_DATE":"2020-01-01 00:00:00","FISCAL_YEAR":"12-31","CURRENCY":"HKD","IS_CNY_CODE":0,"DPS_HKD_LY":0.114408,"ORG_TYPE":"银行","PREMIUM_INCOME":null,"PREMIUM_INCOME_YOY":null,"NET_INTEREST_INCOME":null,"NET_INTEREST_INCOME_YOY":null,"FEE_COMMISSION_INCOME":null,"FEE_COMMISSION_INCOME_YOY":null,"ACCOUNTS_RECE_TDAYS":null,"INVENTORY_TDAYS":null,"CURRENT_ASSETS_TDAYS":null,"TOTAL_ASSETS_TDAYS":0.035270837705,"PREMIUM_EXPENSE":null,"LOAN_DEPOSIT":null,"LOAN_EQUITY":null,"LOAN_ASSETS":null,"DEPOSIT_EQUITY":null,"DEPOSIT_ASSETS":null,"EQUITY_MULTIPLIER":11.472112278383,"EQUITY_RATIO":10.472112278407}],"count":23},"success":true,"message":"ok","code":0}