{"version":"9bd9ed6193322689157515600e87f87c","result":{"pages":4,"data":[{"SECUCODE":"01600.HK","SECURITY_CODE":"01600","SECURITY_NAME_ABBR":"天伦燃气","ORG_CODE":"10157517","STD_REPORT_DATE":"2024-06-30 00:00:00","REPORT_DATE":"2024-06-30 00:00:00","DATE_TYPE_CODE":"002","REPORT_TYPE":"2024年中报","PER_NETCASH_OPERATE":0.004844762347,"PER_OI":3.905555720069,"BPS":5.934338908417,"BASIC_EPS":0.14,"DILUTED_EPS":0.14,"OPERATE_INCOME":3834807000,"OPERATE_INCOME_YOY":-3.323811447,"GROSS_PROFIT":543347000,"GROSS_PROFIT_YOY":-12.660061147136,"HOLDER_PROFIT":132210000,"HOLDER_PROFIT_YOY":-29.1672693958,"GROSS_PROFIT_RATIO":14.16882257699,"EPS_TTM":0.432964097873,"OPERATE_INCOME_QOQ":-1.706619473719,"NET_PROFIT_RATIO":3.7397709976,"ROE_AVG":2.274284841404,"GROSS_PROFIT_QOQ":-5.421011297129,"ROA":0.831634466805,"HOLDER_PROFIT_QOQ":-11.352233913446,"ROE_YEARLY":4.548569682808,"ROIC_YEARLY":1.82699859928,"TOTAL_ASSETS":16104695000,"TOTAL_LIABILITIES":9969523000,"TAX_EBT":32.071030020557,"OCF_SALES":0.124047963822,"TOTAL_PARENT_EQUITY":5826839000,"DEBT_ASSET_RATIO":61.9044508449,"OPERATE_PROFIT":377589000,"PRETAX_PROFIT":211122000,"NETCASH_OPERATE":4757000,"NETCASH_INVEST":-159735000,"NETCASH_FINANCE":463038000,"END_CASH":1264593000,"DIVI_RATIO":0.358056792149,"DIVIDEND_RATE":5.334375,"CURRENT_RATIO":1.182843765997,"COMMON_ACS":2000000000,"CURRENTDEBT_DEBT":52.317748803027,"ISSUED_COMMON_SHARES":981885108,"HK_COMMON_SHARES":981885108,"PER_SHARES":500,"TOTAL_MARKET_CAP":3142032345.6,"HKSK_MARKET_CAP":3142032345.6,"PE_TTM":6.662456888396,"PB_TTM":0.492148501303,"REPORT_DATE_SQ":"2023-06-30 00:00:00","REPORT_TYPE_SQ":"2023年中报","OPERATE_INCOME_SQ":3966651000,"DPS_HKD":0.1707,"OPERATE_INCOME_QOQ_SQ":2.942385639185,"NET_PROFIT_RATIO_SQ":4.9822885855,"HOLDER_PROFIT_SQ":186651000,"HOLDER_PROFIT_QOQ_SQ":3.495292376484,"ROE_AVG_SQ":3.333249399831,"PE_TTM_SQ":8.325052435012,"PB_TTM_SQ":0.674417994588,"ROA_SQ":1.162817392079,"START_DATE":"2024-01-01 00:00:00","FISCAL_YEAR":"12-31","CURRENCY":"HKD","IS_CNY_CODE":0,"DPS_HKD_LY":0.1707,"ORG_TYPE":"一般企业","PREMIUM_INCOME":null,"PREMIUM_INCOME_YOY":null,"NET_INTEREST_INCOME":null,"NET_INTEREST_INCOME_YOY":null,"FEE_COMMISSION_INCOME":null,"FEE_COMMISSION_INCOME_YOY":null,"ACCOUNTS_RECE_TDAYS":1.704557152877,"INVENTORY_TDAYS":17.818355050535,"CURRENT_ASSETS_TDAYS":0.643735708264,"TOTAL_ASSETS_TDAYS":0.241219096494,"PREMIUM_EXPENSE":null,"LOAN_DEPOSIT":null,"LOAN_EQUITY":null,"LOAN_ASSETS":null,"DEPOSIT_EQUITY":null,"DEPOSIT_ASSETS":null,"EQUITY_MULTIPLIER":2.624978566206,"EQUITY_RATIO":1.710965928525},{"SECUCODE":"01600.HK","SECURITY_CODE":"01600","SECURITY_NAME_ABBR":"天伦燃气","ORG_CODE":"10157517","STD_REPORT_DATE":"2023-12-31 00:00:00","REPORT_DATE":"2023-12-31 00:00:00","DATE_TYPE_CODE":"001","REPORT_TYPE":"2023年年报","PER_NETCASH_OPERATE":1.038584852435,"PER_OI":7.867975526929,"BPS":5.906671720293,"BASIC_EPS":0.49,"DILUTED_EPS":0.49,"OPERATE_INCOME":7725448000,"OPERATE_INCOME_YOY":2.420686904,"GROSS_PROFIT":1452847000,"GROSS_PROFIT_YOY":4.303080818632,"HOLDER_PROFIT":479562000,"HOLDER_PROFIT_YOY":7.8641829248,"GROSS_PROFIT_RATIO":18.805990280434,"EPS_TTM":0.488409485074,"OPERATE_INCOME_QOQ":-0.506787104212,"NET_PROFIT_RATIO":6.5533675199,"ROE_AVG":8.482104719137,"GROSS_PROFIT_QOQ":3.089754296982,"ROA":3.03047862923,"HOLDER_PROFIT_QOQ":4.221342292964,"ROE_YEARLY":8.482104719137,"ROIC_YEARLY":3.339807799585,"TOTAL_ASSETS":15690524000,"TOTAL_LIABILITIES":9578703000,"TAX_EBT":29.293489342566,"OCF_SALES":13.200153570382,"TOTAL_PARENT_EQUITY":5799673000,"DEBT_ASSET_RATIO":61.0476934996,"OPERATE_PROFIT":1037692000,"PRETAX_PROFIT":716026000,"NETCASH_OPERATE":1019771000,"NETCASH_INVEST":-312193000,"NETCASH_FINANCE":-1082786000,"END_CASH":964310000,"DIVI_RATIO":0.317409347561,"DIVIDEND_RATE":4.905172413793,"CURRENT_RATIO":1.007214784575,"COMMON_ACS":2000000000,"CURRENTDEBT_DEBT":59.5442410105,"ISSUED_COMMON_SHARES":981885108,"HK_COMMON_SHARES":981885108,"PER_SHARES":500,"TOTAL_MARKET_CAP":3416960175.84,"HKSK_MARKET_CAP":3416960175.84,"PE_TTM":7.245421866131,"PB_TTM":0.535211495167,"REPORT_DATE_SQ":"2022-12-31 00:00:00","REPORT_TYPE_SQ":"2022年年报","OPERATE_INCOME_SQ":7542859000,"DPS_HKD":0.1707,"OPERATE_INCOME_QOQ_SQ":-3.242793165835,"NET_PROFIT_RATIO_SQ":6.2214075591,"HOLDER_PROFIT_SQ":444598000,"HOLDER_PROFIT_QOQ_SQ":-32.270104261244,"ROE_AVG_SQ":8.2900029871,"PE_TTM_SQ":6.479404017816,"PB_TTM_SQ":0.524900797675,"ROA_SQ":2.862504213135,"START_DATE":"2023-01-01 00:00:00","FISCAL_YEAR":"12-31","CURRENCY":"HKD","IS_CNY_CODE":0,"DPS_HKD_LY":0.1931,"ORG_TYPE":"一般企业","PREMIUM_INCOME":null,"PREMIUM_INCOME_YOY":null,"NET_INTEREST_INCOME":null,"NET_INTEREST_INCOME_YOY":null,"FEE_COMMISSION_INCOME":null,"FEE_COMMISSION_INCOME_YOY":null,"ACCOUNTS_RECE_TDAYS":4.143901161486,"INVENTORY_TDAYS":40.455473897046,"CURRENT_ASSETS_TDAYS":1.317570476126,"TOTAL_ASSETS_TDAYS":0.488191413524,"PREMIUM_EXPENSE":null,"LOAN_DEPOSIT":null,"LOAN_EQUITY":null,"LOAN_ASSETS":null,"DEPOSIT_EQUITY":null,"DEPOSIT_ASSETS":null,"EQUITY_MULTIPLIER":2.567242070735,"EQUITY_RATIO":1.651593632951},{"SECUCODE":"01600.HK","SECURITY_CODE":"01600","SECURITY_NAME_ABBR":"天伦燃气","ORG_CODE":"10157517","STD_REPORT_DATE":"2023-06-30 00:00:00","REPORT_DATE":"2023-06-30 00:00:00","DATE_TYPE_CODE":"002","REPORT_TYPE":"2023年中报","PER_NETCASH_OPERATE":0.331403335633,"PER_OI":4.039832122599,"BPS":5.796398126042,"BASIC_EPS":0.19,"DILUTED_EPS":0.19,"OPERATE_INCOME":3966651000,"OPERATE_INCOME_YOY":5.926759101,"GROSS_PROFIT":622106000,"GROSS_PROFIT_YOY":2.706566817233,"HOLDER_PROFIT":186651000,"HOLDER_PROFIT_YOY":9.0818240791,"GROSS_PROFIT_RATIO":15.683406480681,"EPS_TTM":0.468627129845,"OPERATE_INCOME_QOQ":2.942385639185,"NET_PROFIT_RATIO":4.9822885855,"ROE_AVG":3.333249399831,"GROSS_PROFIT_QOQ":1.17696130903,"ROA":1.162817392079,"HOLDER_PROFIT_QOQ":3.495292376484,"ROE_YEARLY":6.666498799662,"ROIC_YEARLY":2.585519244354,"TOTAL_ASSETS":16144501000,"TOTAL_LIABILITIES":10133971000,"TAX_EBT":28.963477098153,"OCF_SALES":8.203393744496,"TOTAL_PARENT_EQUITY":5691397000,"DEBT_ASSET_RATIO":62.770419476,"OPERATE_PROFIT":452139000,"PRETAX_PROFIT":278209000,"NETCASH_OPERATE":325400000,"NETCASH_INVEST":-316669000,"NETCASH_FINANCE":-95644000,"END_CASH":1252876000,"DIVI_RATIO":0.330808282592,"DIVIDEND_RATE":4.905172413793,"CURRENT_RATIO":1.20030892595,"COMMON_ACS":2000000000,"CURRENTDEBT_DEBT":49.785242132625,"ISSUED_COMMON_SHARES":981885108,"HK_COMMON_SHARES":981885108,"PER_SHARES":500,"TOTAL_MARKET_CAP":3416960175.84,"HKSK_MARKET_CAP":3416960175.84,"PE_TTM":7.245421866131,"PB_TTM":0.535211495167,"REPORT_DATE_SQ":"2022-06-30 00:00:00","REPORT_TYPE_SQ":"2022年中报","OPERATE_INCOME_SQ":3744711000,"DPS_HKD":0.1707,"OPERATE_INCOME_QOQ_SQ":1.899404536658,"NET_PROFIT_RATIO_SQ":4.9744559727,"HOLDER_PROFIT_SQ":171111000,"HOLDER_PROFIT_QOQ_SQ":-34.401282338269,"ROE_AVG_SQ":3.222311651891,"PE_TTM_SQ":6.479404017816,"PB_TTM_SQ":0.524900797675,"ROA_SQ":1.10876003433,"START_DATE":"2023-01-01 00:00:00","FISCAL_YEAR":"12-31","CURRENCY":"HKD","IS_CNY_CODE":0,"DPS_HKD_LY":0.1931,"ORG_TYPE":"一般企业","PREMIUM_INCOME":null,"PREMIUM_INCOME_YOY":null,"NET_INTEREST_INCOME":null,"NET_INTEREST_INCOME_YOY":null,"FEE_COMMISSION_INCOME":null,"FEE_COMMISSION_INCOME_YOY":null,"ACCOUNTS_RECE_TDAYS":2.110507870009,"INVENTORY_TDAYS":21.203367641605,"CURRENT_ASSETS_TDAYS":0.659026142147,"TOTAL_ASSETS_TDAYS":0.24711846018,"PREMIUM_EXPENSE":null,"LOAN_DEPOSIT":null,"LOAN_EQUITY":null,"LOAN_ASSETS":null,"DEPOSIT_EQUITY":null,"DEPOSIT_ASSETS":null,"EQUITY_MULTIPLIER":2.686036173186,"EQUITY_RATIO":1.780577070972},{"SECUCODE":"01600.HK","SECURITY_CODE":"01600","SECURITY_NAME_ABBR":"天伦燃气","ORG_CODE":"10157517","STD_REPORT_DATE":"2022-12-31 00:00:00","REPORT_DATE":"2022-12-31 00:00:00","DATE_TYPE_CODE":"001","REPORT_TYPE":"2022年年报","PER_NETCASH_OPERATE":0.682380695073,"PER_OI":7.467976790183,"BPS":5.609561602598,"BASIC_EPS":0.45,"DILUTED_EPS":0.45,"OPERATE_INCOME":7542859000,"OPERATE_INCOME_YOY":-1.4049823897,"GROSS_PROFIT":1392909000,"GROSS_PROFIT_YOY":-21.707935219623,"HOLDER_PROFIT":444598000,"HOLDER_PROFIT_YOY":-55.5700569217,"GROSS_PROFIT_RATIO":18.46659204421,"EPS_TTM":0.440184225234,"OPERATE_INCOME_QOQ":-3.242793165835,"NET_PROFIT_RATIO":6.2214075591,"ROE_AVG":8.2900029871,"GROSS_PROFIT_QOQ":-8.125701222147,"ROA":2.862504213135,"HOLDER_PROFIT_QOQ":-32.270104261244,"ROE_YEARLY":8.2900029871,"ROIC_YEARLY":3.166253595478,"TOTAL_ASSETS":15958734000,"TOTAL_LIABILITIES":10136064000,"TAX_EBT":29.972363323803,"OCF_SALES":9.137423886619,"TOTAL_PARENT_EQUITY":5507945000,"DEBT_ASSET_RATIO":63.5142110897,"OPERATE_PROFIT":936808000,"PRETAX_PROFIT":670124000,"NETCASH_OPERATE":689223000,"NETCASH_INVEST":-465901000,"NETCASH_FINANCE":99339000,"END_CASH":1340135000,"DIVI_RATIO":0.352183761055,"DIVIDEND_RATE":4.905172413793,"CURRENT_RATIO":1.176530794069,"COMMON_ACS":2000000000,"CURRENTDEBT_DEBT":50.162646960398,"ISSUED_COMMON_SHARES":981885108,"HK_COMMON_SHARES":981885108,"PER_SHARES":500,"TOTAL_MARKET_CAP":3416960175.84,"HKSK_MARKET_CAP":3416960175.84,"PE_TTM":7.245421866131,"PB_TTM":0.535211495167,"REPORT_DATE_SQ":"2021-12-31 00:00:00","REPORT_TYPE_SQ":"2021年年报","OPERATE_INCOME_SQ":7650345000,"DPS_HKD":0.1707,"OPERATE_INCOME_QOQ_SQ":8.613484330975,"NET_PROFIT_RATIO_SQ":13.4387926296,"HOLDER_PROFIT_SQ":1000672000,"HOLDER_PROFIT_QOQ_SQ":-15.463077949836,"ROE_AVG_SQ":20.180168552581,"PE_TTM_SQ":6.479404017816,"PB_TTM_SQ":0.524900797675,"ROA_SQ":7.141797298174,"START_DATE":"2022-01-01 00:00:00","FISCAL_YEAR":"12-31","CURRENCY":"HKD","IS_CNY_CODE":0,"DPS_HKD_LY":0.252,"ORG_TYPE":"一般企业","PREMIUM_INCOME":null,"PREMIUM_INCOME_YOY":null,"NET_INTEREST_INCOME":null,"NET_INTEREST_INCOME_YOY":null,"FEE_COMMISSION_INCOME":null,"FEE_COMMISSION_INCOME_YOY":null,"ACCOUNTS_RECE_TDAYS":4.942235114048,"INVENTORY_TDAYS":43.324457030947,"CURRENT_ASSETS_TDAYS":1.347262811091,"TOTAL_ASSETS_TDAYS":0.485640188813,"PREMIUM_EXPENSE":null,"LOAN_DEPOSIT":null,"LOAN_EQUITY":null,"LOAN_ASSETS":null,"DEPOSIT_EQUITY":null,"DEPOSIT_ASSETS":null,"EQUITY_MULTIPLIER":2.740793141293,"EQUITY_RATIO":1.84026238461},{"SECUCODE":"01600.HK","SECURITY_CODE":"01600","SECURITY_NAME_ABBR":"天伦燃气","ORG_CODE":"10157517","STD_REPORT_DATE":"2022-06-30 00:00:00","REPORT_DATE":"2022-06-30 00:00:00","DATE_TYPE_CODE":"002","REPORT_TYPE":"2022年中报","PER_NETCASH_OPERATE":-0.184251490407,"PER_OI":3.70753514469,"BPS":5.50187486905,"BASIC_EPS":0.17,"DILUTED_EPS":0.17,"OPERATE_INCOME":3744711000,"OPERATE_INCOME_YOY":4.0370895149,"GROSS_PROFIT":605712000,"GROSS_PROFIT_YOY":-30.275989722905,"HOLDER_PROFIT":171111000,"HOLDER_PROFIT_YOY":-66.7974503012,"GROSS_PROFIT_RATIO":16.175133408159,"EPS_TTM":0.64991126951,"OPERATE_INCOME_QOQ":1.899404536658,"NET_PROFIT_RATIO":4.9744559727,"ROE_AVG":3.222311651891,"GROSS_PROFIT_QOQ":-14.783496775651,"ROA":1.10876003433,"HOLDER_PROFIT_QOQ":-34.401282338269,"ROE_YEARLY":6.444623303781,"ROIC_YEARLY":2.439175196965,"TOTAL_ASSETS":15760454000,"TOTAL_LIABILITIES":10048348000,"TAX_EBT":31.256019928038,"OCF_SALES":-4.969649193222,"TOTAL_PARENT_EQUITY":5402209000,"DEBT_ASSET_RATIO":63.756716653,"OPERATE_PROFIT":401440000,"PRETAX_PROFIT":270975000,"NETCASH_OPERATE":-186099000,"NETCASH_INVEST":-284187000,"NETCASH_FINANCE":624776000,"END_CASH":1169751000,"DIVI_RATIO":0.238533694172,"DIVIDEND_RATE":4.905172413793,"CURRENT_RATIO":1.489919195641,"COMMON_ACS":2000000000,"CURRENTDEBT_DEBT":39.322603078635,"ISSUED_COMMON_SHARES":981885108,"HK_COMMON_SHARES":981885108,"PER_SHARES":500,"TOTAL_MARKET_CAP":3416960175.84,"HKSK_MARKET_CAP":3416960175.84,"PE_TTM":7.245421866131,"PB_TTM":0.535211495167,"REPORT_DATE_SQ":"2021-06-30 00:00:00","REPORT_TYPE_SQ":"2021年中报","OPERATE_INCOME_SQ":3599400000,"DPS_HKD":0.1707,"OPERATE_INCOME_QOQ_SQ":9.377110418575,"NET_PROFIT_RATIO_SQ":14.7608490304,"HOLDER_PROFIT_SQ":515355000,"HOLDER_PROFIT_QOQ_SQ":13.435207261632,"ROE_AVG_SQ":10.56164731818,"PE_TTM_SQ":6.479404017816,"PB_TTM_SQ":0.524900797675,"ROA_SQ":3.751659784869,"START_DATE":"2022-01-01 00:00:00","FISCAL_YEAR":"12-31","CURRENCY":"HKD","IS_CNY_CODE":0,"DPS_HKD_LY":0.252,"ORG_TYPE":"一般企业","PREMIUM_INCOME":null,"PREMIUM_INCOME_YOY":null,"NET_INTEREST_INCOME":null,"NET_INTEREST_INCOME_YOY":null,"FEE_COMMISSION_INCOME":null,"FEE_COMMISSION_INCOME_YOY":null,"ACCOUNTS_RECE_TDAYS":2.470537474085,"INVENTORY_TDAYS":18.723860253986,"CURRENT_ASSETS_TDAYS":0.674583349584,"TOTAL_ASSETS_TDAYS":0.242648684007,"PREMIUM_EXPENSE":null,"LOAN_DEPOSIT":null,"LOAN_EQUITY":null,"LOAN_ASSETS":null,"DEPOSIT_EQUITY":null,"DEPOSIT_ASSETS":null,"EQUITY_MULTIPLIER":2.759131920874,"EQUITY_RATIO":1.86004428929},{"SECUCODE":"01600.HK","SECURITY_CODE":"01600","SECURITY_NAME_ABBR":"天伦燃气","ORG_CODE":"10157517","STD_REPORT_DATE":"2021-12-31 00:00:00","REPORT_DATE":"2021-12-31 00:00:00","DATE_TYPE_CODE":"001","REPORT_TYPE":"2021年年报","PER_NETCASH_OPERATE":0.404308381535,"PER_OI":7.622787798846,"BPS":5.314449682029,"BASIC_EPS":1,"DILUTED_EPS":1,"OPERATE_INCOME":7650345000,"OPERATE_INCOME_YOY":18.7982906862,"GROSS_PROFIT":1779119000,"GROSS_PROFIT_YOY":-0.39224578347,"HOLDER_PROFIT":1000672000,"HOLDER_PROFIT_YOY":-4.1053672598,"GROSS_PROFIT_RATIO":23.255408743004,"EPS_TTM":0.997067493328,"OPERATE_INCOME_QOQ":8.613484330975,"NET_PROFIT_RATIO":13.4387926296,"ROE_AVG":20.180168552581,"GROSS_PROFIT_QOQ":-2.157989703903,"ROA":7.141797298174,"HOLDER_PROFIT_QOQ":-15.463077949836,"ROE_YEARLY":20.180168552581,"ROIC_YEARLY":8.077545965283,"TOTAL_ASSETS":15104836000,"TOTAL_LIABILITIES":9576462000,"TAX_EBT":24.558924100604,"OCF_SALES":5.30394380907,"TOTAL_PARENT_EQUITY":5218179000,"DEBT_ASSET_RATIO":63.3999733595,"OPERATE_PROFIT":1601110000,"PRETAX_PROFIT":1362804000,"NETCASH_OPERATE":405770000,"NETCASH_INVEST":-1421201000,"NETCASH_FINANCE":394500000,"END_CASH":1014978000,"DIVI_RATIO":0.155481687085,"DIVIDEND_RATE":4.905172413793,"CURRENT_RATIO":1.144827996476,"COMMON_ACS":2000000000,"CURRENTDEBT_DEBT":47.569331972497,"ISSUED_COMMON_SHARES":981885108,"HK_COMMON_SHARES":981885108,"PER_SHARES":500,"TOTAL_MARKET_CAP":3416960175.84,"HKSK_MARKET_CAP":3416960175.84,"PE_TTM":7.245421866131,"PB_TTM":0.535211495167,"REPORT_DATE_SQ":"2020-12-31 00:00:00","REPORT_TYPE_SQ":"2020年年报","OPERATE_INCOME_SQ":6439777000,"DPS_HKD":0.1707,"OPERATE_INCOME_QOQ_SQ":0.717464747276,"NET_PROFIT_RATIO_SQ":16.5172334384,"HOLDER_PROFIT_SQ":1043512000,"HOLDER_PROFIT_QOQ_SQ":37.412513283496,"ROE_AVG_SQ":24.296014486638,"PE_TTM_SQ":6.479404017816,"PB_TTM_SQ":0.524900797675,"ROA_SQ":8.396149176815,"START_DATE":"2021-01-01 00:00:00","FISCAL_YEAR":"12-31","CURRENCY":"HKD","IS_CNY_CODE":0,"DPS_HKD_LY":0.3495,"ORG_TYPE":"一般企业","PREMIUM_INCOME":null,"PREMIUM_INCOME_YOY":null,"NET_INTEREST_INCOME":null,"NET_INTEREST_INCOME_YOY":null,"FEE_COMMISSION_INCOME":null,"FEE_COMMISSION_INCOME_YOY":null,"ACCOUNTS_RECE_TDAYS":5.462723591154,"INVENTORY_TDAYS":43.40728528231,"CURRENT_ASSETS_TDAYS":1.597527139509,"TOTAL_ASSETS_TDAYS":0.546005217005,"PREMIUM_EXPENSE":null,"LOAN_DEPOSIT":null,"LOAN_EQUITY":null,"LOAN_ASSETS":null,"DEPOSIT_EQUITY":null,"DEPOSIT_ASSETS":null,"EQUITY_MULTIPLIER":2.73223844841,"EQUITY_RATIO":1.835211478947},{"SECUCODE":"01600.HK","SECURITY_CODE":"01600","SECURITY_NAME_ABBR":"天伦燃气","ORG_CODE":"10157517","STD_REPORT_DATE":"2021-06-30 00:00:00","REPORT_DATE":"2021-06-30 00:00:00","DATE_TYPE_CODE":"002","REPORT_TYPE":"2021年中报","PER_NETCASH_OPERATE":0.400133474276,"PER_OI":3.5864346514,"BPS":5.153136511365,"BASIC_EPS":0.51,"DILUTED_EPS":0.51,"OPERATE_INCOME":3599400000,"OPERATE_INCOME_YOY":20.1588364015,"GROSS_PROFIT":868728000,"GROSS_PROFIT_YOY":3.853464579543,"HOLDER_PROFIT":515355000,"HOLDER_PROFIT_YOY":37.3704875559,"GROSS_PROFIT_RATIO":24.135355892649,"EPS_TTM":1.179446174698,"OPERATE_INCOME_QOQ":9.377110418575,"NET_PROFIT_RATIO":14.7608490304,"ROE_AVG":10.56164731818,"GROSS_PROFIT_QOQ":1.804688921548,"ROA":3.751659784869,"HOLDER_PROFIT_QOQ":13.435207261632,"ROE_YEARLY":21.12329463636,"ROIC_YEARLY":8.54503266037,"TOTAL_ASSETS":14555302000,"TOTAL_LIABILITIES":9197888000,"TAX_EBT":24.736230734361,"OCF_SALES":11.156859476579,"TOTAL_PARENT_EQUITY":5059788000,"DEBT_ASSET_RATIO":63.1926977537,"OPERATE_PROFIT":826523000,"PRETAX_PROFIT":705920000,"NETCASH_OPERATE":401580000,"NETCASH_INVEST":-946584000,"NETCASH_FINANCE":37890000,"END_CASH":1130456000,"DIVI_RATIO":0.131439432613,"DIVIDEND_RATE":4.905172413793,"CURRENT_RATIO":0.95624308378,"COMMON_ACS":2000000000,"CURRENTDEBT_DEBT":53.771050484633,"ISSUED_COMMON_SHARES":981885108,"HK_COMMON_SHARES":981885108,"PER_SHARES":500,"TOTAL_MARKET_CAP":3416960175.84,"HKSK_MARKET_CAP":3416960175.84,"PE_TTM":7.245421866131,"PB_TTM":0.535211495167,"REPORT_DATE_SQ":"2020-06-30 00:00:00","REPORT_TYPE_SQ":"2020年中报","OPERATE_INCOME_SQ":2995535000,"DPS_HKD":0.1707,"OPERATE_INCOME_QOQ_SQ":-2.362559550733,"NET_PROFIT_RATIO_SQ":12.9398588232,"HOLDER_PROFIT_SQ":375157000,"HOLDER_PROFIT_QOQ_SQ":-3.773288442799,"ROE_AVG_SQ":9.335095559461,"PE_TTM_SQ":6.479404017816,"PB_TTM_SQ":0.524900797675,"ROA_SQ":3.067875781603,"START_DATE":"2021-01-01 00:00:00","FISCAL_YEAR":"12-31","CURRENCY":"HKD","IS_CNY_CODE":0,"DPS_HKD_LY":0.3495,"ORG_TYPE":"一般企业","PREMIUM_INCOME":null,"PREMIUM_INCOME_YOY":null,"NET_INTEREST_INCOME":null,"NET_INTEREST_INCOME_YOY":null,"FEE_COMMISSION_INCOME":null,"FEE_COMMISSION_INCOME_YOY":null,"ACCOUNTS_RECE_TDAYS":2.602339604089,"INVENTORY_TDAYS":19.794219770502,"CURRENT_ASSETS_TDAYS":0.791781260363,"TOTAL_ASSETS_TDAYS":0.262027616491,"PREMIUM_EXPENSE":null,"LOAN_DEPOSIT":null,"LOAN_EQUITY":null,"LOAN_ASSETS":null,"DEPOSIT_EQUITY":null,"DEPOSIT_ASSETS":null,"EQUITY_MULTIPLIER":2.71685219772,"EQUITY_RATIO":1.817840589369},{"SECUCODE":"01600.HK","SECURITY_CODE":"01600","SECURITY_NAME_ABBR":"天伦燃气","ORG_CODE":"10157517","STD_REPORT_DATE":"2020-12-31 00:00:00","REPORT_DATE":"2020-12-31 00:00:00","DATE_TYPE_CODE":"001","REPORT_TYPE":"2020年年报","PER_NETCASH_OPERATE":1.384700159376,"PER_OI":6.416580368975,"BPS":4.785897007412,"BASIC_EPS":1.04,"DILUTED_EPS":1.04,"OPERATE_INCOME":6439777000,"OPERATE_INCOME_YOY":-1.6620453354,"GROSS_PROFIT":1786125000,"GROSS_PROFIT_YOY":4.826186166729,"HOLDER_PROFIT":1043512000,"HOLDER_PROFIT_YOY":32.2275428008,"GROSS_PROFIT_RATIO":27.73582066584,"EPS_TTM":1.039753179961,"OPERATE_INCOME_QOQ":0.717464747276,"NET_PROFIT_RATIO":16.5172334384,"ROE_AVG":24.296014486638,"GROSS_PROFIT_QOQ":4.395466304133,"ROA":8.396149176815,"HOLDER_PROFIT_QOQ":37.412513283496,"ROE_YEARLY":24.296014486638,"ROIC_YEARLY":9.803122495817,"TOTAL_ASSETS":12918138000,"TOTAL_LIABILITIES":7937851000,"TAX_EBT":25.007631973209,"OCF_SALES":21.580032973192,"TOTAL_PARENT_EQUITY":4699201000,"DEBT_ASSET_RATIO":61.4473308769,"OPERATE_PROFIT":1703378000,"PRETAX_PROFIT":1418375000,"NETCASH_OPERATE":1389706000,"NETCASH_INVEST":-864607000,"NETCASH_FINANCE":-229864000,"END_CASH":1640081000,"DIVI_RATIO":0.149098592808,"DIVIDEND_RATE":4.905172413793,"CURRENT_RATIO":0.957437698208,"COMMON_ACS":2000000000,"CURRENTDEBT_DEBT":57.401556164257,"ISSUED_COMMON_SHARES":981885108,"HK_COMMON_SHARES":981885108,"PER_SHARES":500,"TOTAL_MARKET_CAP":3416960175.84,"HKSK_MARKET_CAP":3416960175.84,"PE_TTM":7.245421866131,"PB_TTM":0.535211495167,"REPORT_DATE_SQ":"2019-12-31 00:00:00","REPORT_TYPE_SQ":"2019年年报","OPERATE_INCOME_SQ":6548618000,"DPS_HKD":0.1707,"OPERATE_INCOME_QOQ_SQ":2.898387218423,"NET_PROFIT_RATIO_SQ":12.4219339103,"HOLDER_PROFIT_SQ":789179000,"HOLDER_PROFIT_QOQ_SQ":4.007670308526,"ROE_AVG_SQ":22.103835896218,"PE_TTM_SQ":6.479404017816,"PB_TTM_SQ":0.524900797675,"ROA_SQ":6.752947883089,"START_DATE":"2020-01-01 00:00:00","FISCAL_YEAR":"12-31","CURRENCY":"HKD","IS_CNY_CODE":0,"DPS_HKD_LY":0.2656,"ORG_TYPE":"一般企业","PREMIUM_INCOME":null,"PREMIUM_INCOME_YOY":null,"NET_INTEREST_INCOME":null,"NET_INTEREST_INCOME_YOY":null,"FEE_COMMISSION_INCOME":null,"FEE_COMMISSION_INCOME_YOY":null,"ACCOUNTS_RECE_TDAYS":4.378983551043,"INVENTORY_TDAYS":29.010532221616,"CURRENT_ASSETS_TDAYS":1.559145534449,"TOTAL_ASSETS_TDAYS":0.518147643318,"PREMIUM_EXPENSE":null,"LOAN_DEPOSIT":null,"LOAN_EQUITY":null,"LOAN_ASSETS":null,"DEPOSIT_EQUITY":null,"DEPOSIT_ASSETS":null,"EQUITY_MULTIPLIER":2.593854129287,"EQUITY_RATIO":1.689191630662},{"SECUCODE":"01600.HK","SECURITY_CODE":"01600","SECURITY_NAME_ABBR":"天伦燃气","ORG_CODE":"10157517","STD_REPORT_DATE":"2020-06-30 00:00:00","REPORT_DATE":"2020-06-30 00:00:00","DATE_TYPE_CODE":"002","REPORT_TYPE":"2020年中报","PER_NETCASH_OPERATE":0.499233150846,"PER_OI":2.996688401392,"BPS":4.223281284352,"BASIC_EPS":0.38,"DILUTED_EPS":0.38,"OPERATE_INCOME":2995535000,"OPERATE_INCOME_YOY":-4.911197524,"GROSS_PROFIT":836494000,"GROSS_PROFIT_YOY":0.847535275793,"HOLDER_PROFIT":375157000,"HOLDER_PROFIT_YOY":-7.3537728277,"GROSS_PROFIT_RATIO":27.924694587111,"EPS_TTM":0.759693399912,"OPERATE_INCOME_QOQ":-2.362559550733,"NET_PROFIT_RATIO":12.9398588232,"ROE_AVG":9.335095559461,"GROSS_PROFIT_QOQ":0.412584835189,"ROA":3.067875781603,"HOLDER_PROFIT_QOQ":-3.773288442799,"ROE_YEARLY":18.670191118923,"ROIC_YEARLY":7.066575448672,"TOTAL_ASSETS":12518337000,"TOTAL_LIABILITIES":8069677000,"TAX_EBT":28.01947617845,"OCF_SALES":16.659494881549,"TOTAL_PARENT_EQUITY":4146777000,"DEBT_ASSET_RATIO":64.4628515753,"OPERATE_PROFIT":679964000,"PRETAX_PROFIT":538504000,"NETCASH_OPERATE":638801000,"NETCASH_INVEST":-339674000,"NETCASH_FINANCE":-376966000,"END_CASH":1273287000,"DIVI_RATIO":0.204063555137,"DIVIDEND_RATE":4.905172413793,"CURRENT_RATIO":1.016469988574,"COMMON_ACS":2000000000,"CURRENTDEBT_DEBT":51.29808789125,"ISSUED_COMMON_SHARES":981885108,"HK_COMMON_SHARES":981885108,"PER_SHARES":500,"TOTAL_MARKET_CAP":3416960175.84,"HKSK_MARKET_CAP":3416960175.84,"PE_TTM":7.245421866131,"PB_TTM":0.535211495167,"REPORT_DATE_SQ":"2019-06-30 00:00:00","REPORT_TYPE_SQ":"2019年中报","OPERATE_INCOME_SQ":3150250000,"DPS_HKD":0.1707,"OPERATE_INCOME_QOQ_SQ":24.463991031934,"NET_PROFIT_RATIO_SQ":13.3718276327,"HOLDER_PROFIT_SQ":404935000,"HOLDER_PROFIT_QOQ_SQ":33.31822286881,"ROE_AVG_SQ":11.894664504134,"PE_TTM_SQ":6.479404017816,"PB_TTM_SQ":0.524900797675,"ROA_SQ":3.511703307272,"START_DATE":"2020-01-01 00:00:00","FISCAL_YEAR":"12-31","CURRENCY":"HKD","IS_CNY_CODE":0,"DPS_HKD_LY":0.2656,"ORG_TYPE":"一般企业","PREMIUM_INCOME":null,"PREMIUM_INCOME_YOY":null,"NET_INTEREST_INCOME":null,"NET_INTEREST_INCOME_YOY":null,"FEE_COMMISSION_INCOME":null,"FEE_COMMISSION_INCOME_YOY":null,"ACCOUNTS_RECE_TDAYS":1.80167980395,"INVENTORY_TDAYS":11.703102428659,"CURRENT_ASSETS_TDAYS":0.739099823696,"TOTAL_ASSETS_TDAYS":0.244962223268,"PREMIUM_EXPENSE":null,"LOAN_DEPOSIT":null,"LOAN_EQUITY":null,"LOAN_ASSETS":null,"DEPOSIT_EQUITY":null,"DEPOSIT_ASSETS":null,"EQUITY_MULTIPLIER":2.813956786991,"EQUITY_RATIO":1.946011806278}],"count":33},"success":true,"message":"ok","code":0}