{"version":"8c8bc122318bddb2bc60a718f48c0ebf","result":{"pages":3,"data":[{"SECUCODE":"01601.HK","SECURITY_CODE":"01601","SECURITY_NAME_ABBR":"中关村科技租赁","ORG_CODE":"10339199","STD_REPORT_DATE":"2024-09-30 00:00:00","REPORT_DATE":"2024-09-30 00:00:00","DATE_TYPE_CODE":"004","REPORT_TYPE":"2024年三季报","PER_NETCASH_OPERATE":0.792025750487,"PER_OI":0.47903086694,"BPS":1.892837139801,"BASIC_EPS":null,"DILUTED_EPS":null,"OPERATE_INCOME":638708141.94,"OPERATE_INCOME_YOY":3.9661425285,"GROSS_PROFIT":411358415.96,"GROSS_PROFIT_YOY":8.020984829944,"HOLDER_PROFIT":214212411.65,"HOLDER_PROFIT_YOY":3.1685270724,"GROSS_PROFIT_RATIO":64.404755309764,"EPS_TTM":0.199840342547,"OPERATE_INCOME_QOQ":-0.501092308983,"NET_PROFIT_RATIO":33.5383875019,"ROE_AVG":8.700708022075,"GROSS_PROFIT_QOQ":3.201387295082,"ROA":1.776195867111,"HOLDER_PROFIT_QOQ":0.11682565012,"ROE_YEARLY":11.600944029434,"ROIC_YEARLY":1.889493722607,"TOTAL_ASSETS":11705486203.22,"TOTAL_LIABILITIES":9181702088.26,"TAX_EBT":25.043487538252,"OCF_SALES":165.339189006174,"TOTAL_PARENT_EQUITY":2523784114.96,"DEBT_ASSET_RATIO":78.4393055432,"OPERATE_PROFIT":283929921.69,"PRETAX_PROFIT":285782255.09,"NETCASH_OPERATE":1056034862,"NETCASH_INVEST":-82526269.31,"NETCASH_FINANCE":-843159385.42,"END_CASH":765076528.27,"DIVI_RATIO":0.339650528691,"DIVIDEND_RATE":9.727272727273,"CURRENT_RATIO":1.146840803032,"COMMON_ACS":null,"CURRENTDEBT_DEBT":65.257683285012,"ISSUED_COMMON_SHARES":1333334000,"HK_COMMON_SHARES":493334000,"PER_SHARES":2000,"TOTAL_MARKET_CAP":1026667180,"HKSK_MARKET_CAP":379867180,"PE_TTM":3.444752710286,"PB_TTM":0.366845242731,"REPORT_DATE_SQ":"2023-09-30 00:00:00","REPORT_TYPE_SQ":"2023年三季报","OPERATE_INCOME_SQ":614342444.96,"DPS_HKD":0.0749,"OPERATE_INCOME_QOQ_SQ":3.44444688805,"NET_PROFIT_RATIO_SQ":33.7976791386,"HOLDER_PROFIT_SQ":207633488.36,"HOLDER_PROFIT_QOQ_SQ":6.32924514961,"ROE_AVG_SQ":9.089842053622,"PE_TTM_SQ":2.637636416994,"PB_TTM_SQ":0.297011677034,"ROA_SQ":1.878155040355,"START_DATE":"2024-01-01 00:00:00","FISCAL_YEAR":"12-31","CURRENCY":"HKD","IS_CNY_CODE":0,"DPS_HKD_LY":0.0749,"ORG_TYPE":"一般企业","PREMIUM_INCOME":null,"PREMIUM_INCOME_YOY":null,"NET_INTEREST_INCOME":null,"NET_INTEREST_INCOME_YOY":null,"FEE_COMMISSION_INCOME":null,"FEE_COMMISSION_INCOME_YOY":null,"ACCOUNTS_RECE_TDAYS":875.875257370785,"INVENTORY_TDAYS":null,"CURRENT_ASSETS_TDAYS":0.09078912261,"TOTAL_ASSETS_TDAYS":0.052960085425,"PREMIUM_EXPENSE":null,"LOAN_DEPOSIT":null,"LOAN_EQUITY":null,"LOAN_ASSETS":null,"DEPOSIT_EQUITY":null,"DEPOSIT_ASSETS":null,"EQUITY_MULTIPLIER":4.638069529735,"EQUITY_RATIO":3.638069529733},{"SECUCODE":"01601.HK","SECURITY_CODE":"01601","SECURITY_NAME_ABBR":"中关村科技租赁","ORG_CODE":"10339199","STD_REPORT_DATE":"2024-06-30 00:00:00","REPORT_DATE":"2024-06-30 00:00:00","DATE_TYPE_CODE":"002","REPORT_TYPE":"2024年中报","PER_NETCASH_OPERATE":0.635311182344,"PER_OI":0.317672841164,"BPS":1.83511933244,"BASIC_EPS":0.1,"DILUTED_EPS":0.1,"OPERATE_INCOME":423564000,"OPERATE_INCOME_YOY":6.3264066352,"GROSS_PROFIT":423564000,"GROSS_PROFIT_YOY":6.326406635171,"HOLDER_PROFIT":137256000,"HOLDER_PROFIT_YOY":4.7851711607,"GROSS_PROFIT_RATIO":null,"EPS_TTM":0.199607150196,"OPERATE_INCOME_QOQ":5.67457378326,"NET_PROFIT_RATIO":32.4050202567,"ROE_AVG":5.663468026095,"GROSS_PROFIT_QOQ":10.231698318777,"ROA":1.148386800429,"HOLDER_PROFIT_QOQ":-1.914000057736,"ROE_YEARLY":11.32693605219,"ROIC_YEARLY":2.419592074609,"TOTAL_ASSETS":11489268000,"TOTAL_LIABILITIES":9042441000,"TAX_EBT":25.079011577448,"OCF_SALES":199.989139775807,"TOTAL_PARENT_EQUITY":2446827000,"DEBT_ASSET_RATIO":78.7033690919,"OPERATE_PROFIT":326562000,"PRETAX_PROFIT":183201000,"NETCASH_OPERATE":847082000,"NETCASH_INVEST":-76509000,"NETCASH_FINANCE":-827721000,"END_CASH":578111000,"DIVI_RATIO":0.340047327629,"DIVIDEND_RATE":9.481012658228,"CURRENT_RATIO":1.19028333255,"COMMON_ACS":null,"CURRENTDEBT_DEBT":64.936315315743,"ISSUED_COMMON_SHARES":1333334000,"HK_COMMON_SHARES":493334000,"PER_SHARES":2000,"TOTAL_MARKET_CAP":1053333860,"HKSK_MARKET_CAP":389733860,"PE_TTM":3.534226806657,"PB_TTM":0.376373690594,"REPORT_DATE_SQ":"2023-06-30 00:00:00","REPORT_TYPE_SQ":"2023年中报","OPERATE_INCOME_SQ":398362000,"DPS_HKD":0.0749,"OPERATE_INCOME_QOQ_SQ":3.314742533767,"NET_PROFIT_RATIO_SQ":32.8816503582,"HOLDER_PROFIT_SQ":130988000,"HOLDER_PROFIT_QOQ_SQ":8.047797353106,"ROE_AVG_SQ":5.832280309932,"PE_TTM_SQ":2.683910740099,"PB_TTM_SQ":0.30222240821,"ROA_SQ":1.186305358611,"START_DATE":"2024-01-01 00:00:00","FISCAL_YEAR":"12-31","CURRENCY":"HKD","IS_CNY_CODE":0,"DPS_HKD_LY":0.0749,"ORG_TYPE":"一般企业","PREMIUM_INCOME":null,"PREMIUM_INCOME_YOY":null,"NET_INTEREST_INCOME":null,"NET_INTEREST_INCOME_YOY":null,"FEE_COMMISSION_INCOME":null,"FEE_COMMISSION_INCOME_YOY":null,"ACCOUNTS_RECE_TDAYS":533.404245019487,"INVENTORY_TDAYS":null,"CURRENT_ASSETS_TDAYS":0.059708688183,"TOTAL_ASSETS_TDAYS":0.035438545982,"PREMIUM_EXPENSE":null,"LOAN_DEPOSIT":null,"LOAN_EQUITY":null,"LOAN_ASSETS":null,"DEPOSIT_EQUITY":null,"DEPOSIT_ASSETS":null,"EQUITY_MULTIPLIER":4.695578396016,"EQUITY_RATIO":3.695578396021},{"SECUCODE":"01601.HK","SECURITY_CODE":"01601","SECURITY_NAME_ABBR":"中关村科技租赁","ORG_CODE":"10339199","STD_REPORT_DATE":"2024-03-31 00:00:00","REPORT_DATE":"2024-03-31 00:00:00","DATE_TYPE_CODE":"003","REPORT_TYPE":"2024年一季报","PER_NETCASH_OPERATE":0.513427817539,"PER_OI":0.155294416943,"BPS":1.850529834265,"BASIC_EPS":null,"DILUTED_EPS":null,"OPERATE_INCOME":207059326.12,"OPERATE_INCOME_YOY":8.5106245724,"GROSS_PROFIT":125373477.33,"GROSS_PROFIT_YOY":8.395723858414,"HOLDER_PROFIT":67135930.73,"HOLDER_PROFIT_YOY":20.5863863625,"GROSS_PROFIT_RATIO":60.549543785022,"EPS_TTM":0.203502182079,"OPERATE_INCOME_QOQ":11.461263716177,"NET_PROFIT_RATIO":32.4235242083,"ROE_AVG":2.758474596134,"GROSS_PROFIT_QOQ":6.853307317176,"ROA":0.563818590116,"HOLDER_PROFIT_QOQ":4.410342834055,"ROE_YEARLY":11.033898384535,"ROIC_YEARLY":2.385111285755,"TOTAL_ASSETS":11399854611.65,"TOTAL_LIABILITIES":8932480265.61,"TAX_EBT":24.979304383432,"OCF_SALES":330.615760467249,"TOTAL_PARENT_EQUITY":2467374346.04,"DEBT_ASSET_RATIO":78.3560893529,"OPERATE_PROFIT":88496624.68,"PRETAX_PROFIT":89489880.33,"NETCASH_OPERATE":684570765.67,"NETCASH_INVEST":-4845962.44,"NETCASH_FINANCE":-715018667.6,"END_CASH":599967500.68,"DIVI_RATIO":0.333538821582,"DIVIDEND_RATE":9.246913580247,"CURRENT_RATIO":0.950340782441,"COMMON_ACS":null,"CURRENTDEBT_DEBT":78.560592249579,"ISSUED_COMMON_SHARES":1333334000,"HK_COMMON_SHARES":493334000,"PER_SHARES":2000,"TOTAL_MARKET_CAP":1080000540,"HKSK_MARKET_CAP":399600540,"PE_TTM":3.623700903028,"PB_TTM":0.385902138457,"REPORT_DATE_SQ":"2023-03-31 00:00:00","REPORT_TYPE_SQ":"2023年一季报","OPERATE_INCOME_SQ":190819403.11,"DPS_HKD":0.0749,"OPERATE_INCOME_QOQ_SQ":1.454795972797,"NET_PROFIT_RATIO_SQ":29.1765676774,"HOLDER_PROFIT_SQ":55674552.29,"HOLDER_PROFIT_QOQ_SQ":0.383793192513,"ROE_AVG_SQ":2.476342848919,"PE_TTM_SQ":2.776459386309,"PB_TTM_SQ":0.312643870562,"ROA_SQ":0.525047010009,"START_DATE":"2024-01-01 00:00:00","FISCAL_YEAR":"12-31","CURRENCY":"HKD","IS_CNY_CODE":0,"DPS_HKD_LY":0.0749,"ORG_TYPE":"一般企业","PREMIUM_INCOME":null,"PREMIUM_INCOME_YOY":null,"NET_INTEREST_INCOME":null,"NET_INTEREST_INCOME_YOY":null,"FEE_COMMISSION_INCOME":null,"FEE_COMMISSION_INCOME_YOY":null,"ACCOUNTS_RECE_TDAYS":403.205539492754,"INVENTORY_TDAYS":null,"CURRENT_ASSETS_TDAYS":0.029862584365,"TOTAL_ASSETS_TDAYS":0.01738918282,"PREMIUM_EXPENSE":null,"LOAN_DEPOSIT":null,"LOAN_EQUITY":null,"LOAN_ASSETS":null,"DEPOSIT_EQUITY":null,"DEPOSIT_ASSETS":null,"EQUITY_MULTIPLIER":4.620237148013,"EQUITY_RATIO":3.620237148022},{"SECUCODE":"01601.HK","SECURITY_CODE":"01601","SECURITY_NAME_ABBR":"中关村科技租赁","ORG_CODE":"10339199","STD_REPORT_DATE":"2023-12-31 00:00:00","REPORT_DATE":"2023-12-31 00:00:00","DATE_TYPE_CODE":"001","REPORT_TYPE":"2023年年报","PER_NETCASH_OPERATE":-0.476672011664,"PER_OI":0.62629971026,"BPS":1.800177599911,"BASIC_EPS":null,"DILUTED_EPS":null,"OPERATE_INCOME":835066697.88,"OPERATE_INCOME_YOY":9.2062366569,"GROSS_PROFIT":519445536.4,"GROSS_PROFIT_YOY":300.346466177003,"HOLDER_PROFIT":259875577.19,"HOLDER_PROFIT_YOY":14.9360471288,"GROSS_PROFIT_RATIO":null,"EPS_TTM":0.194906152547,"OPERATE_INCOME_QOQ":-82.415288213487,"NET_PROFIT_RATIO":183.4057899417,"ROE_AVG":11.248397955443,"GROSS_PROFIT_QOQ":-81.916273972806,"ROA":2.227840414015,"HOLDER_PROFIT_QOQ":-0.339283321677,"ROE_YEARLY":11.248397955443,"ROIC_YEARLY":2.356125822876,"TOTAL_ASSETS":12259319993.22,"TOTAL_LIABILITIES":9859081577.91,"TAX_EBT":24.936145310065,"OCF_SALES":-448.54616285799,"TOTAL_PARENT_EQUITY":2400238415.31,"DEBT_ASSET_RATIO":80.6664313038,"OPERATE_PROFIT":342446296.62,"PRETAX_PROFIT":346206011.22,"NETCASH_OPERATE":-635561698.27,"NETCASH_INVEST":-46271390.79,"NETCASH_FINANCE":682107507.47,"END_CASH":635262768.91,"DIVI_RATIO":0.348249027099,"DIVIDEND_RATE":9.481012658228,"CURRENT_RATIO":0.909124835946,"COMMON_ACS":null,"CURRENTDEBT_DEBT":79.505117441798,"ISSUED_COMMON_SHARES":1333334000,"HK_COMMON_SHARES":493334000,"PER_SHARES":2000,"TOTAL_MARKET_CAP":1053333860,"HKSK_MARKET_CAP":389733860,"PE_TTM":3.534226806657,"PB_TTM":0.376373690594,"REPORT_DATE_SQ":"2022-12-31 00:00:00","REPORT_TYPE_SQ":"2022年年报","OPERATE_INCOME_SQ":129749000,"DPS_HKD":0.0749,"OPERATE_INCOME_QOQ_SQ":3.338938446527,"NET_PROFIT_RATIO_SQ":30.4252461831,"HOLDER_PROFIT_SQ":226104000,"HOLDER_PROFIT_QOQ_SQ":11.567032378679,"ROE_AVG_SQ":10.579199770921,"PE_TTM_SQ":2.683910740099,"PB_TTM_SQ":0.30222240821,"ROA_SQ":2.222860372528,"START_DATE":"2023-01-01 00:00:00","FISCAL_YEAR":"12-31","CURRENCY":"HKD","IS_CNY_CODE":0,"DPS_HKD_LY":0.0659,"ORG_TYPE":"一般企业","PREMIUM_INCOME":null,"PREMIUM_INCOME_YOY":null,"NET_INTEREST_INCOME":null,"NET_INTEREST_INCOME_YOY":null,"FEE_COMMISSION_INCOME":null,"FEE_COMMISSION_INCOME_YOY":null,"ACCOUNTS_RECE_TDAYS":23097.5934473351,"INVENTORY_TDAYS":null,"CURRENT_ASSETS_TDAYS":0.020950284216,"TOTAL_ASSETS_TDAYS":0.01214705607,"PREMIUM_EXPENSE":null,"LOAN_DEPOSIT":null,"LOAN_EQUITY":null,"LOAN_ASSETS":null,"DEPOSIT_EQUITY":null,"DEPOSIT_ASSETS":null,"EQUITY_MULTIPLIER":5.172350825208,"EQUITY_RATIO":4.10754261536},{"SECUCODE":"01601.HK","SECURITY_CODE":"01601","SECURITY_NAME_ABBR":"中关村科技租赁","ORG_CODE":"10339199","STD_REPORT_DATE":"2023-09-30 00:00:00","REPORT_DATE":"2023-09-30 00:00:00","DATE_TYPE_CODE":"004","REPORT_TYPE":"2023年三季报","PER_NETCASH_OPERATE":0.078274643773,"PER_OI":0.460756603342,"BPS":1.761038842728,"BASIC_EPS":null,"DILUTED_EPS":null,"OPERATE_INCOME":614342444.96,"OPERATE_INCOME_YOY":11.3526313852,"GROSS_PROFIT":380813428.62,"GROSS_PROFIT_YOY":11.867355085445,"HOLDER_PROFIT":207633488.36,"HOLDER_PROFIT_YOY":20.0347786832,"GROSS_PROFIT_RATIO":61.987159074577,"EPS_TTM":0.19556968788,"OPERATE_INCOME_QOQ":3.44444688805,"NET_PROFIT_RATIO":33.7976791386,"ROE_AVG":9.089842053622,"GROSS_PROFIT_QOQ":0.589932722168,"ROA":1.878155040355,"HOLDER_PROFIT_QOQ":6.32924514961,"ROE_YEARLY":12.119789404829,"ROIC_YEARLY":1.980675364297,"TOTAL_ASSETS":11195472237.92,"TOTAL_LIABILITIES":8847419273.59,"TAX_EBT":24.871205146247,"OCF_SALES":16.988284748386,"TOTAL_PARENT_EQUITY":2348052964.33,"DEBT_ASSET_RATIO":79.0267626552,"OPERATE_PROFIT":273392995.13,"PRETAX_PROFIT":276370050.61,"NETCASH_OPERATE":104366243.88,"NETCASH_INVEST":-17079955.43,"NETCASH_FINANCE":-401812905.29,"END_CASH":320384808.86,"DIVI_RATIO":0.347067476232,"DIVIDEND_RATE":9.481012658228,"CURRENT_RATIO":0.988141670849,"COMMON_ACS":null,"CURRENTDEBT_DEBT":73.900967496898,"ISSUED_COMMON_SHARES":1333334000,"HK_COMMON_SHARES":493334000,"PER_SHARES":2000,"TOTAL_MARKET_CAP":1053333860,"HKSK_MARKET_CAP":389733860,"PE_TTM":3.534226806657,"PB_TTM":0.376373690594,"REPORT_DATE_SQ":"2022-09-30 00:00:00","REPORT_TYPE_SQ":"2022年三季报","OPERATE_INCOME_SQ":551708960.37,"DPS_HKD":0.0749,"OPERATE_INCOME_QOQ_SQ":1.165156790724,"NET_PROFIT_RATIO_SQ":31.3530840652,"HOLDER_PROFIT_SQ":172977774.14,"HOLDER_PROFIT_QOQ_SQ":-3.909297140446,"ROE_AVG_SQ":8.19578487322,"PE_TTM_SQ":2.683910740099,"PB_TTM_SQ":0.30222240821,"ROA_SQ":1.804408670135,"START_DATE":"2023-01-01 00:00:00","FISCAL_YEAR":"12-31","CURRENCY":"HKD","IS_CNY_CODE":0,"DPS_HKD_LY":0.0659,"ORG_TYPE":"一般企业","PREMIUM_INCOME":null,"PREMIUM_INCOME_YOY":null,"NET_INTEREST_INCOME":null,"NET_INTEREST_INCOME_YOY":null,"FEE_COMMISSION_INCOME":null,"FEE_COMMISSION_INCOME_YOY":null,"ACCOUNTS_RECE_TDAYS":null,"INVENTORY_TDAYS":null,"CURRENT_ASSETS_TDAYS":0.096074022554,"TOTAL_ASSETS_TDAYS":0.055570532895,"PREMIUM_EXPENSE":null,"LOAN_DEPOSIT":null,"LOAN_EQUITY":null,"LOAN_ASSETS":null,"DEPOSIT_EQUITY":null,"DEPOSIT_ASSETS":null,"EQUITY_MULTIPLIER":4.767981135006,"EQUITY_RATIO":3.767981135006},{"SECUCODE":"01601.HK","SECURITY_CODE":"01601","SECURITY_NAME_ABBR":"中关村科技租赁","ORG_CODE":"10339199","STD_REPORT_DATE":"2023-06-30 00:00:00","REPORT_DATE":"2023-06-30 00:00:00","DATE_TYPE_CODE":"002","REPORT_TYPE":"2023年中报","PER_NETCASH_OPERATE":-0.087026206487,"PER_OI":0.298771350614,"BPS":1.703555148222,"BASIC_EPS":0.1,"DILUTED_EPS":0.1,"OPERATE_INCOME":398362000,"OPERATE_INCOME_YOY":9.8750824004,"GROSS_PROFIT":398362000,"GROSS_PROFIT_YOY":9.875082400382,"HOLDER_PROFIT":130988000,"HOLDER_PROFIT_YOY":17.1062277612,"GROSS_PROFIT_RATIO":null,"EPS_TTM":0.183928408036,"OPERATE_INCOME_QOQ":3.314742533767,"NET_PROFIT_RATIO":32.8816503582,"ROE_AVG":5.832280309932,"GROSS_PROFIT_QOQ":3.647551196129,"ROA":1.186305358611,"HOLDER_PROFIT_QOQ":8.047797353106,"ROE_YEARLY":11.664560619863,"ROIC_YEARLY":2.517504747421,"TOTAL_ASSETS":11168458000,"TOTAL_LIABILITIES":8897050000,"TAX_EBT":24.786972599279,"OCF_SALES":-29.128029279901,"TOTAL_PARENT_EQUITY":2271408000,"DEBT_ASSET_RATIO":79.6622953679,"OPERATE_PROFIT":310273000,"PRETAX_PROFIT":174156000,"NETCASH_OPERATE":-116035000,"NETCASH_INVEST":45814000,"NETCASH_FINANCE":71243000,"END_CASH":636012000,"DIVI_RATIO":0.369034227637,"DIVIDEND_RATE":9.727272727273,"CURRENT_RATIO":1.223189298545,"COMMON_ACS":null,"CURRENTDEBT_DEBT":60.468402448002,"ISSUED_COMMON_SHARES":1333334000,"HK_COMMON_SHARES":493334000,"PER_SHARES":2000,"TOTAL_MARKET_CAP":1026667180,"HKSK_MARKET_CAP":379867180,"PE_TTM":3.444752710286,"PB_TTM":0.366845242731,"REPORT_DATE_SQ":"2022-06-30 00:00:00","REPORT_TYPE_SQ":"2022年中报","OPERATE_INCOME_SQ":362559000,"DPS_HKD":0.0749,"OPERATE_INCOME_QOQ_SQ":4.467296853169,"NET_PROFIT_RATIO_SQ":30.8512545544,"HOLDER_PROFIT_SQ":111854000,"HOLDER_PROFIT_QOQ_SQ":7.800252795337,"ROE_AVG_SQ":5.377575470864,"PE_TTM_SQ":2.637636416994,"PB_TTM_SQ":0.297011677034,"ROA_SQ":1.18213689628,"START_DATE":"2023-01-01 00:00:00","FISCAL_YEAR":"12-31","CURRENCY":"HKD","IS_CNY_CODE":0,"DPS_HKD_LY":0.0659,"ORG_TYPE":"一般企业","PREMIUM_INCOME":null,"PREMIUM_INCOME_YOY":null,"NET_INTEREST_INCOME":null,"NET_INTEREST_INCOME_YOY":null,"FEE_COMMISSION_INCOME":null,"FEE_COMMISSION_INCOME_YOY":null,"ACCOUNTS_RECE_TDAYS":null,"INVENTORY_TDAYS":null,"CURRENT_ASSETS_TDAYS":0.061719514136,"TOTAL_ASSETS_TDAYS":0.036078035795,"PREMIUM_EXPENSE":null,"LOAN_DEPOSIT":null,"LOAN_EQUITY":null,"LOAN_ASSETS":null,"DEPOSIT_EQUITY":null,"DEPOSIT_ASSETS":null,"EQUITY_MULTIPLIER":4.916975726069,"EQUITY_RATIO":3.916975726069},{"SECUCODE":"01601.HK","SECURITY_CODE":"01601","SECURITY_NAME_ABBR":"中关村科技租赁","ORG_CODE":"10339199","STD_REPORT_DATE":"2023-03-31 00:00:00","REPORT_DATE":"2023-03-31 00:00:00","DATE_TYPE_CODE":"003","REPORT_TYPE":"2023年一季报","PER_NETCASH_OPERATE":0.354168339726,"PER_OI":0.143114480775,"BPS":1.70706969766,"BASIC_EPS":null,"DILUTED_EPS":null,"OPERATE_INCOME":190819403.11,"OPERATE_INCOME_YOY":6.0059827172,"GROSS_PROFIT":115662752.06,"GROSS_PROFIT_YOY":7.821513999777,"HOLDER_PROFIT":55674552.29,"HOLDER_PROFIT_YOY":1.5833292005,"GROSS_PROFIT_RATIO":60.613726997838,"EPS_TTM":0.170228743706,"OPERATE_INCOME_QOQ":1.454795972797,"NET_PROFIT_RATIO":29.1765676774,"ROE_AVG":2.476342848919,"GROSS_PROFIT_QOQ":1.129028170777,"ROA":0.525047010009,"HOLDER_PROFIT_QOQ":0.383793192513,"ROE_YEARLY":9.905371395677,"ROIC_YEARLY":2.230385404144,"TOTAL_ASSETS":10292559276.91,"TOTAL_LIABILITIES":8016465208.65,"TAX_EBT":28.446325233691,"OCF_SALES":247.472050212724,"TOTAL_PARENT_EQUITY":2276094068.26,"DEBT_ASSET_RATIO":77.8860241945,"OPERATE_PROFIT":76725463,"PRETAX_PROFIT":77808096.47,"NETCASH_OPERATE":472224689.08,"NETCASH_INVEST":9680717.1,"NETCASH_FINANCE":-555513778.21,"END_CASH":561376902.34,"DIVI_RATIO":0.398733354441,"DIVIDEND_RATE":9.481012658228,"CURRENT_RATIO":1.173733564679,"COMMON_ACS":null,"CURRENTDEBT_DEBT":64.626180367001,"ISSUED_COMMON_SHARES":1333334000,"HK_COMMON_SHARES":493334000,"PER_SHARES":2000,"TOTAL_MARKET_CAP":1053333860,"HKSK_MARKET_CAP":389733860,"PE_TTM":3.534226806657,"PB_TTM":0.376373690594,"REPORT_DATE_SQ":"2022-03-31 00:00:00","REPORT_TYPE_SQ":"2022年一季报","OPERATE_INCOME_SQ":180008145.03,"DPS_HKD":0.0749,"OPERATE_INCOME_QOQ_SQ":3.578863858813,"NET_PROFIT_RATIO_SQ":30.4468336813,"HOLDER_PROFIT_SQ":54806780.53,"HOLDER_PROFIT_QOQ_SQ":-0.138268287081,"ROE_AVG_SQ":2.633062168134,"PE_TTM_SQ":2.683910740099,"PB_TTM_SQ":0.30222240821,"ROA_SQ":0.583211738674,"START_DATE":"2023-01-01 00:00:00","FISCAL_YEAR":"12-31","CURRENCY":"HKD","IS_CNY_CODE":0,"DPS_HKD_LY":0.0659,"ORG_TYPE":"一般企业","PREMIUM_INCOME":null,"PREMIUM_INCOME_YOY":null,"NET_INTEREST_INCOME":null,"NET_INTEREST_INCOME_YOY":null,"FEE_COMMISSION_INCOME":null,"FEE_COMMISSION_INCOME_YOY":null,"ACCOUNTS_RECE_TDAYS":190.81940311,"INVENTORY_TDAYS":null,"CURRENT_ASSETS_TDAYS":0.030755130106,"TOTAL_ASSETS_TDAYS":0.01799550296,"PREMIUM_EXPENSE":null,"LOAN_DEPOSIT":null,"LOAN_EQUITY":null,"LOAN_ASSETS":null,"DEPOSIT_EQUITY":null,"DEPOSIT_ASSETS":null,"EQUITY_MULTIPLIER":4.522027195812,"EQUITY_RATIO":3.522027195817},{"SECUCODE":"01601.HK","SECURITY_CODE":"01601","SECURITY_NAME_ABBR":"中关村科技租赁","ORG_CODE":"10339199","STD_REPORT_DATE":"2022-12-31 00:00:00","REPORT_DATE":"2022-12-31 00:00:00","DATE_TYPE_CODE":"001","REPORT_TYPE":"2022年年报","PER_NETCASH_OPERATE":-0.503176248412,"PER_OI":0.097311701344,"BPS":1.665314167343,"BASIC_EPS":0.17,"DILUTED_EPS":0.17,"OPERATE_INCOME":129749000,"OPERATE_INCOME_YOY":13.1218385766,"GROSS_PROFIT":129749000,"GROSS_PROFIT_YOY":-80.249580252777,"HOLDER_PROFIT":226104000,"HOLDER_PROFIT_YOY":15.4080554521,"GROSS_PROFIT_RATIO":null,"EPS_TTM":0.169577915211,"OPERATE_INCOME_QOQ":3.338938446527,"NET_PROFIT_RATIO":30.4252461831,"ROE_AVG":10.579199770921,"GROSS_PROFIT_QOQ":6.485188468018,"ROA":2.222860372528,"HOLDER_PROFIT_QOQ":11.567032378679,"ROE_YEARLY":10.579199770921,"ROIC_YEARLY":2.372753008023,"TOTAL_ASSETS":10914895000,"TOTAL_LIABILITIES":8694475000,"TAX_EBT":24.907339754235,"OCF_SALES":-90.27862627263,"TOTAL_PARENT_EQUITY":2220420000,"DEBT_ASSET_RATIO":79.6569733378,"OPERATE_PROFIT":-70391000,"PRETAX_PROFIT":301100000,"NETCASH_OPERATE":-670902000,"NETCASH_INVEST":-68217000,"NETCASH_FINANCE":723935000,"END_CASH":634987000,"DIVI_RATIO":0.400263665911,"DIVIDEND_RATE":9.481012658228,"CURRENT_RATIO":1.22354776638,"COMMON_ACS":null,"CURRENTDEBT_DEBT":59.485638868362,"ISSUED_COMMON_SHARES":1333334000,"HK_COMMON_SHARES":493334000,"PER_SHARES":2000,"TOTAL_MARKET_CAP":1053333860,"HKSK_MARKET_CAP":389733860,"PE_TTM":3.534226806657,"PB_TTM":0.376373690594,"REPORT_DATE_SQ":"2021-12-31 00:00:00","REPORT_TYPE_SQ":"2021年年报","OPERATE_INCOME_SQ":656943000,"DPS_HKD":0.0749,"OPERATE_INCOME_QOQ_SQ":7.370119098013,"NET_PROFIT_RATIO_SQ":29.8225264597,"HOLDER_PROFIT_SQ":195917000,"HOLDER_PROFIT_QOQ_SQ":8.602043248577,"ROE_AVG_SQ":9.870132618084,"PE_TTM_SQ":2.683910740099,"PB_TTM_SQ":0.30222240821,"ROA_SQ":2.227129667096,"START_DATE":"2022-01-01 00:00:00","FISCAL_YEAR":"12-31","CURRENCY":"HKD","IS_CNY_CODE":0,"DPS_HKD_LY":0.0522,"ORG_TYPE":"一般企业","PREMIUM_INCOME":null,"PREMIUM_INCOME_YOY":null,"NET_INTEREST_INCOME":null,"NET_INTEREST_INCOME_YOY":null,"FEE_COMMISSION_INCOME":null,"FEE_COMMISSION_INCOME_YOY":null,"ACCOUNTS_RECE_TDAYS":null,"INVENTORY_TDAYS":null,"CURRENT_ASSETS_TDAYS":0.126755000786,"TOTAL_ASSETS_TDAYS":0.073059733326,"PREMIUM_EXPENSE":null,"LOAN_DEPOSIT":null,"LOAN_EQUITY":null,"LOAN_ASSETS":null,"DEPOSIT_EQUITY":null,"DEPOSIT_ASSETS":null,"EQUITY_MULTIPLIER":4.91568937408,"EQUITY_RATIO":3.915689374082},{"SECUCODE":"01601.HK","SECURITY_CODE":"01601","SECURITY_NAME_ABBR":"中关村科技租赁","ORG_CODE":"10339199","STD_REPORT_DATE":"2022-09-30 00:00:00","REPORT_DATE":"2022-09-30 00:00:00","DATE_TYPE_CODE":"004","REPORT_TYPE":"2022年三季报","PER_NETCASH_OPERATE":-0.005499057895,"PER_OI":0.413781513387,"BPS":1.625293388693,"BASIC_EPS":null,"DILUTED_EPS":null,"OPERATE_INCOME":551708960.37,"OPERATE_INCOME_YOY":12.7046633698,"GROSS_PROFIT":340415153.58,"GROSS_PROFIT_YOY":13.671999082491,"HOLDER_PROFIT":172977774.14,"HOLDER_PROFIT_YOY":4.0575749715,"GROSS_PROFIT_RATIO":61.701943965475,"EPS_TTM":0.151996438012,"OPERATE_INCOME_QOQ":1.165156790724,"NET_PROFIT_RATIO":31.3530840652,"ROE_AVG":8.19578487322,"GROSS_PROFIT_QOQ":-1.823905644213,"ROA":1.804408670135,"HOLDER_PROFIT_QOQ":-3.909297140446,"ROE_YEARLY":10.927713164293,"ROIC_YEARLY":1.901103882404,"TOTAL_ASSETS":9744170503.27,"TOTAL_LIABILITIES":7577111568.15,"TAX_EBT":25.066517695185,"OCF_SALES":-1.328976215119,"TOTAL_PARENT_EQUITY":2167058935.12,"DEBT_ASSET_RATIO":77.7604575536,"OPERATE_PROFIT":227709870.33,"PRETAX_PROFIT":230841766.35,"NETCASH_OPERATE":-7332080.86,"NETCASH_INVEST":-76172085.08,"NETCASH_FINANCE":-244601304.95,"END_CASH":322024059.83,"DIVI_RATIO":0.446562293748,"DIVIDEND_RATE":9.481012658228,"CURRENT_RATIO":1.051478885738,"COMMON_ACS":null,"CURRENTDEBT_DEBT":69.804952866246,"ISSUED_COMMON_SHARES":1333334000,"HK_COMMON_SHARES":493334000,"PER_SHARES":2000,"TOTAL_MARKET_CAP":1053333860,"HKSK_MARKET_CAP":389733860,"PE_TTM":3.534226806657,"PB_TTM":0.376373690594,"REPORT_DATE_SQ":"2021-09-30 00:00:00","REPORT_TYPE_SQ":"2021年三季报","OPERATE_INCOME_SQ":489517420.02,"DPS_HKD":0.0749,"OPERATE_INCOME_QOQ_SQ":0,"NET_PROFIT_RATIO_SQ":33.958496401,"HOLDER_PROFIT_SQ":166232755.46,"HOLDER_PROFIT_QOQ_SQ":0,"ROE_AVG_SQ":null,"PE_TTM_SQ":2.683910740099,"PB_TTM_SQ":0.30222240821,"ROA_SQ":null,"START_DATE":"2022-01-01 00:00:00","FISCAL_YEAR":"12-31","CURRENCY":"HKD","IS_CNY_CODE":0,"DPS_HKD_LY":0.0522,"ORG_TYPE":"一般企业","PREMIUM_INCOME":null,"PREMIUM_INCOME_YOY":null,"NET_INTEREST_INCOME":null,"NET_INTEREST_INCOME_YOY":null,"FEE_COMMISSION_INCOME":null,"FEE_COMMISSION_INCOME_YOY":null,"ACCOUNTS_RECE_TDAYS":1103.41792074,"INVENTORY_TDAYS":null,"CURRENT_ASSETS_TDAYS":0.100685607018,"TOTAL_ASSETS_TDAYS":0.05755123376,"PREMIUM_EXPENSE":null,"LOAN_DEPOSIT":null,"LOAN_EQUITY":null,"LOAN_ASSETS":null,"DEPOSIT_EQUITY":null,"DEPOSIT_ASSETS":null,"EQUITY_MULTIPLIER":4.496495386135,"EQUITY_RATIO":3.496495386144}],"count":23},"success":true,"message":"ok","code":0}