{"version":"f9c95e1290ace82b260f635b4d83a27f","result":{"pages":3,"data":[{"SECUCODE":"01608.HK","SECURITY_CODE":"01608","SECURITY_NAME_ABBR":"伟能集团","ORG_CODE":"10535454","STD_REPORT_DATE":"2024-06-30 00:00:00","REPORT_DATE":"2024-06-30 00:00:00","DATE_TYPE_CODE":"002","REPORT_TYPE":"2024年中报","PER_NETCASH_OPERATE":0.013439978926,"PER_OI":0.111513928481,"BPS":0.232831400803,"BASIC_EPS":-0.018983744,"DILUTED_EPS":-0.018983744,"OPERATE_INCOME":745264369.56,"OPERATE_INCOME_YOY":-18.189742146,"GROSS_PROFIT":128276261.32,"GROSS_PROFIT_YOY":2.027839861803,"HOLDER_PROFIT":-126496535.32,"HOLDER_PROFIT_YOY":57.7060395967,"GROSS_PROFIT_RATIO":17.212182221422,"EPS_TTM":-0.360711089565,"OPERATE_INCOME_QOQ":-12.893150787018,"NET_PROFIT_RATIO":-16.9371282454,"ROE_AVG":-7.724725793943,"GROSS_PROFIT_QOQ":6.095097149069,"ROA":-2.265545785523,"HOLDER_PROFIT_QOQ":6.791099198164,"ROE_YEARLY":-15.449451587886,"ROIC_YEARLY":-4.678183147297,"TOTAL_ASSETS":5475849091.96,"TOTAL_LIABILITIES":3919549894,"TAX_EBT":-5.114232295134,"OCF_SALES":12.052287197499,"TOTAL_PARENT_EQUITY":1556047298.28,"DEBT_ASSET_RATIO":71.5788515749,"OPERATE_PROFIT":11741628.2,"PRETAX_PROFIT":-120084958.32,"NETCASH_OPERATE":89821402.2,"NETCASH_INVEST":98844156.68,"NETCASH_FINANCE":-68411754.76,"END_CASH":231105178.88,"DIVI_RATIO":null,"DIVIDEND_RATE":null,"CURRENT_RATIO":0.705426207019,"COMMON_ACS":10000000000,"CURRENTDEBT_DEBT":97.753874096238,"ISSUED_COMMON_SHARES":6683150524,"HK_COMMON_SHARES":6683150524,"PER_SHARES":1000,"TOTAL_MARKET_CAP":1176234492.224,"HKSK_MARKET_CAP":1176234492.224,"PE_TTM":-0.441385814836,"PB_TTM":0.689905568777,"REPORT_DATE_SQ":"2023-06-30 00:00:00","REPORT_TYPE_SQ":"2023年中报","OPERATE_INCOME_SQ":920249443.54,"DPS_HKD":null,"OPERATE_INCOME_QOQ_SQ":-19.822110292264,"NET_PROFIT_RATIO_SQ":-32.8155948716,"HOLDER_PROFIT_SQ":-302136533.92,"HOLDER_PROFIT_QOQ_SQ":-125.074487369874,"ROE_AVG_SQ":-11.008540668956,"PE_TTM_SQ":-3.222138181127,"PB_TTM_SQ":0.807422560702,"ROA_SQ":-3.813504341954,"START_DATE":"2024-01-01 00:00:00","FISCAL_YEAR":"12-31","CURRENCY":"HKD","IS_CNY_CODE":0,"DPS_HKD_LY":null,"ORG_TYPE":"一般企业","PREMIUM_INCOME":null,"PREMIUM_INCOME_YOY":null,"NET_INTEREST_INCOME":null,"NET_INTEREST_INCOME_YOY":null,"FEE_COMMISSION_INCOME":null,"FEE_COMMISSION_INCOME_YOY":null,"ACCOUNTS_RECE_TDAYS":0.495429258931,"INVENTORY_TDAYS":0.726240430748,"CURRENT_ASSETS_TDAYS":0.276429006313,"TOTAL_ASSETS_TDAYS":0.13347642663,"PREMIUM_EXPENSE":null,"LOAN_DEPOSIT":null,"LOAN_EQUITY":null,"LOAN_ASSETS":null,"DEPOSIT_EQUITY":null,"DEPOSIT_ASSETS":null,"EQUITY_MULTIPLIER":3.518506659347,"EQUITY_RATIO":2.51891436612},{"SECUCODE":"01608.HK","SECURITY_CODE":"01608","SECURITY_NAME_ABBR":"伟能集团","ORG_CODE":"10535454","STD_REPORT_DATE":"2023-12-31 00:00:00","REPORT_DATE":"2023-12-31 00:00:00","DATE_TYPE_CODE":"001","REPORT_TYPE":"2023年年报","PER_NETCASH_OPERATE":0.030773361064,"PER_OI":0.203076982119,"BPS":0.255402381028,"BASIC_EPS":-0.690358396,"DILUTED_EPS":-0.690358396,"OPERATE_INCOME":1357194039.46,"OPERATE_INCOME_YOY":-55.4448617733,"GROSS_PROFIT":41829302.76,"GROSS_PROFIT_YOY":-92.925106105726,"HOLDER_PROFIT":-2586326505.84,"HOLDER_PROFIT_YOY":-800.7271533713,"GROSS_PROFIT_RATIO":3.08204291677,"EPS_TTM":-0.386992107473,"OPERATE_INCOME_QOQ":-43.624024729565,"NET_PROFIT_RATIO":-190.5691142682,"ROE_AVG":-113.637646841468,"GROSS_PROFIT_QOQ":-88.623284020609,"ROA":-37.683772084884,"HOLDER_PROFIT_QOQ":-305.992377284738,"ROE_YEARLY":-113.637646841468,"ROIC_YEARLY":-38.32701862424,"TOTAL_ASSETS":5650849899.94,"TOTAL_LIABILITIES":3943975467.74,"TAX_EBT":0.033520116623,"OCF_SALES":15.153544603086,"TOTAL_PARENT_EQUITY":1706892556.6,"DEBT_ASSET_RATIO":69.7943767323,"OPERATE_PROFIT":-3049086842.62,"PRETAX_PROFIT":-2587259912.44,"NETCASH_OPERATE":205663004.12,"NETCASH_INVEST":-26553152.22,"NETCASH_FINANCE":-162319407.74,"END_CASH":110959389.24,"DIVI_RATIO":null,"DIVIDEND_RATE":null,"CURRENT_RATIO":0.692902662942,"COMMON_ACS":10000000000,"CURRENTDEBT_DEBT":97.709689330503,"ISSUED_COMMON_SHARES":6683150524,"HK_COMMON_SHARES":6683150524,"PER_SHARES":1000,"TOTAL_MARKET_CAP":1229699696.416,"HKSK_MARKET_CAP":1229699696.416,"PE_TTM":-0.461448806419,"PB_TTM":0.721264912812,"REPORT_DATE_SQ":"2022-12-31 00:00:00","REPORT_TYPE_SQ":"2022年年报","OPERATE_INCOME_SQ":3002570782.75,"DPS_HKD":null,"OPERATE_INCOME_QOQ_SQ":-25.222085482974,"NET_PROFIT_RATIO_SQ":-8.3511710412,"HOLDER_PROFIT_SQ":-283034386.04,"HOLDER_PROFIT_QOQ_SQ":-274.664683501464,"ROE_AVG_SQ":-9.579993194121,"PE_TTM_SQ":-3.506444491227,"PB_TTM_SQ":0.878665727823,"ROA_SQ":-3.290149421268,"START_DATE":"2023-01-01 00:00:00","FISCAL_YEAR":"12-31","CURRENCY":"HKD","IS_CNY_CODE":0,"DPS_HKD_LY":null,"ORG_TYPE":"一般企业","PREMIUM_INCOME":null,"PREMIUM_INCOME_YOY":null,"NET_INTEREST_INCOME":null,"NET_INTEREST_INCOME_YOY":null,"FEE_COMMISSION_INCOME":null,"FEE_COMMISSION_INCOME_YOY":null,"ACCOUNTS_RECE_TDAYS":0.662770230098,"INVENTORY_TDAYS":1.32013007713,"CURRENT_ASSETS_TDAYS":0.399555262087,"TOTAL_ASSETS_TDAYS":0.197748392334,"PREMIUM_EXPENSE":null,"LOAN_DEPOSIT":null,"LOAN_EQUITY":null,"LOAN_ASSETS":null,"DEPOSIT_EQUITY":null,"DEPOSIT_ASSETS":null,"EQUITY_MULTIPLIER":3.3106418336,"EQUITY_RATIO":2.310617298371},{"SECUCODE":"01608.HK","SECURITY_CODE":"01608","SECURITY_NAME_ABBR":"伟能集团","ORG_CODE":"10535454","STD_REPORT_DATE":"2023-06-30 00:00:00","REPORT_DATE":"2023-06-30 00:00:00","DATE_TYPE_CODE":"002","REPORT_TYPE":"2023年中报","PER_NETCASH_OPERATE":0.043009691627,"PER_OI":0.340619544527,"BPS":0.388239337439,"BASIC_EPS":-0.112389362,"DILUTED_EPS":-0.112389362,"OPERATE_INCOME":920249443.54,"OPERATE_INCOME_YOY":-43.6734705394,"GROSS_PROFIT":125726724.68,"GROSS_PROFIT_YOY":-64.00483542121,"HOLDER_PROFIT":-302136533.92,"HOLDER_PROFIT_YOY":-640.3198680956,"GROSS_PROFIT_RATIO":13.662244032048,"EPS_TTM":-0.235792220062,"OPERATE_INCOME_QOQ":-19.822110292264,"NET_PROFIT_RATIO":-32.8155948716,"ROE_AVG":-11.008540668956,"GROSS_PROFIT_QOQ":-37.812511913892,"ROA":-3.813504341954,"HOLDER_PROFIT_QOQ":-125.074487369874,"ROE_YEARLY":-22.017081337913,"ROIC_YEARLY":-7.733059552858,"TOTAL_ASSETS":7629544924.52,"TOTAL_LIABILITIES":5034129735.42,"TAX_EBT":5.189756533871,"OCF_SALES":12.6269006926,"TOTAL_PARENT_EQUITY":2594661931.44,"DEBT_ASSET_RATIO":65.9820446072,"OPERATE_PROFIT":-61999467.08,"PRETAX_PROFIT":-318515508.62,"NETCASH_OPERATE":116198983.36,"NETCASH_INVEST":-36263317.36,"NETCASH_FINANCE":-82114304.74,"END_CASH":94302880.34,"DIVI_RATIO":null,"DIVIDEND_RATE":null,"CURRENT_RATIO":0.763129030736,"COMMON_ACS":10000000000,"CURRENTDEBT_DEBT":98.23264248885,"ISSUED_COMMON_SHARES":6683150524,"HK_COMMON_SHARES":6683150524,"PER_SHARES":1000,"TOTAL_MARKET_CAP":1229699696.416,"HKSK_MARKET_CAP":1229699696.416,"PE_TTM":-0.461448806419,"PB_TTM":0.721264912812,"REPORT_DATE_SQ":"2022-06-30 00:00:00","REPORT_TYPE_SQ":"2022年中报","OPERATE_INCOME_SQ":1515422335.7,"DPS_HKD":null,"OPERATE_INCOME_QOQ_SQ":-3.591939331469,"NET_PROFIT_RATIO_SQ":4.1977844619,"HOLDER_PROFIT_SQ":51867273.5,"HOLDER_PROFIT_QOQ_SQ":-302.229220676814,"ROE_AVG_SQ":1.731182841737,"PE_TTM_SQ":-3.506444491227,"PB_TTM_SQ":0.878665727823,"ROA_SQ":0.613239316112,"START_DATE":"2023-01-01 00:00:00","FISCAL_YEAR":"12-31","CURRENCY":"HKD","IS_CNY_CODE":0,"DPS_HKD_LY":null,"ORG_TYPE":"一般企业","PREMIUM_INCOME":null,"PREMIUM_INCOME_YOY":null,"NET_INTEREST_INCOME":null,"NET_INTEREST_INCOME_YOY":null,"FEE_COMMISSION_INCOME":null,"FEE_COMMISSION_INCOME_YOY":null,"ACCOUNTS_RECE_TDAYS":0.353924998422,"INVENTORY_TDAYS":0.801768668242,"CURRENT_ASSETS_TDAYS":0.23096241145,"TOTAL_ASSETS_TDAYS":0.116151966235,"PREMIUM_EXPENSE":null,"LOAN_DEPOSIT":null,"LOAN_EQUITY":null,"LOAN_ASSETS":null,"DEPOSIT_EQUITY":null,"DEPOSIT_ASSETS":null,"EQUITY_MULTIPLIER":2.939624055747,"EQUITY_RATIO":1.940187149016},{"SECUCODE":"01608.HK","SECURITY_CODE":"01608","SECURITY_NAME_ABBR":"伟能集团","ORG_CODE":"10535454","STD_REPORT_DATE":"2022-12-31 00:00:00","REPORT_DATE":"2022-12-31 00:00:00","DATE_TYPE_CODE":"001","REPORT_TYPE":"2022年年报","PER_NETCASH_OPERATE":0.102333027213,"PER_OI":1.111366379638,"BPS":0.419612786067,"BASIC_EPS":-0.105227206,"DILUTED_EPS":-0.105227206,"OPERATE_INCOME":3002570782.75,"OPERATE_INCOME_YOY":-34.0150594445,"GROSS_PROFIT":591235761.06,"GROSS_PROFIT_YOY":-11.000105157432,"HOLDER_PROFIT":-283034386.04,"HOLDER_PROFIT_YOY":-793.4973407166,"GROSS_PROFIT_RATIO":19.69098495385,"EPS_TTM":-0.104761860314,"OPERATE_INCOME_QOQ":-25.222085482974,"NET_PROFIT_RATIO":-8.3511710412,"ROE_AVG":-9.579993194121,"GROSS_PROFIT_QOQ":-11.083380931283,"ROA":-3.290149421268,"HOLDER_PROFIT_QOQ":-274.664683501464,"ROE_YEARLY":-9.579993194121,"ROIC_YEARLY":-3.403661257223,"TOTAL_ASSETS":7960221962.56,"TOTAL_LIABILITIES":5155303246.17,"TAX_EBT":11.223628158217,"OCF_SALES":9.207857020669,"TOTAL_PARENT_EQUITY":2804335411.08,"DEBT_ASSET_RATIO":64.7633102496,"OPERATE_PROFIT":276560858.35,"PRETAX_PROFIT":-282451080.73,"NETCASH_OPERATE":276471531.35,"NETCASH_INVEST":-200899996.08,"NETCASH_FINANCE":-378778637.72,"END_CASH":102463428.62,"DIVI_RATIO":null,"DIVIDEND_RATE":null,"CURRENT_RATIO":0.807969379003,"COMMON_ACS":10000000000,"CURRENTDEBT_DEBT":97.576946222071,"ISSUED_COMMON_SHARES":6683150524,"HK_COMMON_SHARES":6683150524,"PER_SHARES":1000,"TOTAL_MARKET_CAP":1229699696.416,"HKSK_MARKET_CAP":1229699696.416,"PE_TTM":-0.461448806419,"PB_TTM":0.721264912812,"REPORT_DATE_SQ":"2021-12-31 00:00:00","REPORT_TYPE_SQ":"2021年年报","OPERATE_INCOME_SQ":4164918990.4,"DPS_HKD":null,"OPERATE_INCOME_QOQ_SQ":57.597200470908,"NET_PROFIT_RATIO_SQ":1.1138225379,"HOLDER_PROFIT_SQ":37355326.4,"HOLDER_PROFIT_QOQ_SQ":-89.587598575822,"ROE_AVG_SQ":1.322206950319,"PE_TTM_SQ":-3.506444491227,"PB_TTM_SQ":0.878665727823,"ROA_SQ":0.469077140084,"START_DATE":"2022-01-01 00:00:00","FISCAL_YEAR":"12-31","CURRENCY":"HKD","IS_CNY_CODE":0,"DPS_HKD_LY":null,"ORG_TYPE":"一般企业","PREMIUM_INCOME":null,"PREMIUM_INCOME_YOY":null,"NET_INTEREST_INCOME":null,"NET_INTEREST_INCOME_YOY":null,"FEE_COMMISSION_INCOME":null,"FEE_COMMISSION_INCOME_YOY":null,"ACCOUNTS_RECE_TDAYS":1.20468423104,"INVENTORY_TDAYS":2.219481833931,"CURRENT_ASSETS_TDAYS":0.705649192744,"TOTAL_ASSETS_TDAYS":0.349035559297,"PREMIUM_EXPENSE":null,"LOAN_DEPOSIT":null,"LOAN_EQUITY":null,"LOAN_ASSETS":null,"DEPOSIT_EQUITY":null,"DEPOSIT_ASSETS":null,"EQUITY_MULTIPLIER":2.837951030825,"EQUITY_RATIO":1.838333326963},{"SECUCODE":"01608.HK","SECURITY_CODE":"01608","SECURITY_NAME_ABBR":"伟能集团","ORG_CODE":"10535454","STD_REPORT_DATE":"2022-06-30 00:00:00","REPORT_DATE":"2022-06-30 00:00:00","DATE_TYPE_CODE":"002","REPORT_TYPE":"2022年中报","PER_NETCASH_OPERATE":0.006497903439,"PER_OI":0.56091581405,"BPS":0.451873216398,"BASIC_EPS":0.019241775,"DILUTED_EPS":0.019241775,"OPERATE_INCOME":1515422335.7,"OPERATE_INCOME_YOY":-11.4444603251,"GROSS_PROFIT":349287817.27,"GROSS_PROFIT_YOY":0.178442284013,"HOLDER_PROFIT":51867273.5,"HOLDER_PROFIT_YOY":-69.3713166041,"GROSS_PROFIT_RATIO":23.048876147695,"EPS_TTM":-0.027961498622,"OPERATE_INCOME_QOQ":-3.591939331469,"NET_PROFIT_RATIO":4.1977844619,"ROE_AVG":1.731182841737,"GROSS_PROFIT_QOQ":0.093656028223,"ROA":0.613239316112,"HOLDER_PROFIT_QOQ":-302.229220676814,"ROE_YEARLY":3.462365683475,"ROIC_YEARLY":1.284171140313,"TOTAL_ASSETS":8065201963.91,"TOTAL_LIABILITIES":5037246979.52,"TAX_EBT":17.811881953882,"OCF_SALES":1.15844539878,"TOTAL_PARENT_EQUITY":3019936722.95,"DEBT_ASSET_RATIO":62.4565510208,"OPERATE_PROFIT":179569375.44,"PRETAX_PROFIT":77400681.33,"NETCASH_OPERATE":17555340.32,"NETCASH_INVEST":-82630168.18,"NETCASH_FINANCE":-16150263.15,"END_CASH":300444495.61,"DIVI_RATIO":null,"DIVIDEND_RATE":null,"CURRENT_RATIO":1.085645293157,"COMMON_ACS":10000000000,"CURRENTDEBT_DEBT":76.437860938018,"ISSUED_COMMON_SHARES":6683150524,"HK_COMMON_SHARES":6683150524,"PER_SHARES":1000,"TOTAL_MARKET_CAP":1229699696.416,"HKSK_MARKET_CAP":1229699696.416,"PE_TTM":-0.461448806419,"PB_TTM":0.721264912812,"REPORT_DATE_SQ":"2021-06-30 00:00:00","REPORT_TYPE_SQ":"2021年中报","OPERATE_INCOME_SQ":1665023699.04,"DPS_HKD":null,"OPERATE_INCOME_QOQ_SQ":-7.29040109242,"NET_PROFIT_RATIO_SQ":10.1680727702,"HOLDER_PROFIT_SQ":164765985.36,"HOLDER_PROFIT_QOQ_SQ":-17.438383626174,"ROE_AVG_SQ":5.651602348581,"PE_TTM_SQ":-3.506444491227,"PB_TTM_SQ":0.878665727823,"ROA_SQ":2.164060145216,"START_DATE":"2022-01-01 00:00:00","FISCAL_YEAR":"12-31","CURRENCY":"HKD","IS_CNY_CODE":0,"DPS_HKD_LY":null,"ORG_TYPE":"一般企业","PREMIUM_INCOME":null,"PREMIUM_INCOME_YOY":null,"NET_INTEREST_INCOME":null,"NET_INTEREST_INCOME_YOY":null,"FEE_COMMISSION_INCOME":null,"FEE_COMMISSION_INCOME_YOY":null,"ACCOUNTS_RECE_TDAYS":0.651745310925,"INVENTORY_TDAYS":1.09212436918,"CURRENT_ASSETS_TDAYS":0.359262073596,"TOTAL_ASSETS_TDAYS":0.179172047045,"PREMIUM_EXPENSE":null,"LOAN_DEPOSIT":null,"LOAN_EQUITY":null,"LOAN_ASSETS":null,"DEPOSIT_EQUITY":null,"DEPOSIT_ASSETS":null,"EQUITY_MULTIPLIER":2.66358053719,"EQUITY_RATIO":1.667997524994},{"SECUCODE":"01608.HK","SECURITY_CODE":"01608","SECURITY_NAME_ABBR":"伟能集团","ORG_CODE":"10535454","STD_REPORT_DATE":"2021-12-31 00:00:00","REPORT_DATE":"2021-12-31 00:00:00","DATE_TYPE_CODE":"001","REPORT_TYPE":"2021年年报","PER_NETCASH_OPERATE":-0.25471375996,"PER_OI":1.541595943862,"BPS":0.42517973728,"BASIC_EPS":0.01406272,"DILUTED_EPS":0.01406272,"OPERATE_INCOME":4164918990.4,"OPERATE_INCOME_YOY":50.4037572602,"GROSS_PROFIT":664310628.8,"GROSS_PROFIT_YOY":-2.690215491565,"HOLDER_PROFIT":37355326.4,"HOLDER_PROFIT_YOY":-91.1505847444,"GROSS_PROFIT_RATIO":15.950145256876,"EPS_TTM":0.013826636195,"OPERATE_INCOME_QOQ":57.597200470908,"NET_PROFIT_RATIO":1.1138225379,"ROE_AVG":1.322206950319,"GROSS_PROFIT_QOQ":13.675716101288,"ROA":0.469077140084,"HOLDER_PROFIT_QOQ":-89.587598575822,"ROE_YEARLY":1.322206950319,"ROIC_YEARLY":0.509440777551,"TOTAL_ASSETS":8461601579.2,"TOTAL_LIABILITIES":5573472912,"TAX_EBT":46.812340054557,"OCF_SALES":-16.522731587005,"TOTAL_PARENT_EQUITY":2841540184,"DEBT_ASSET_RATIO":65.8678249009,"OPERATE_PROFIT":251550992,"PRETAX_PROFIT":87219115.2,"NETCASH_OPERATE":-688158385.6,"NETCASH_INVEST":-158541633.6,"NETCASH_FINANCE":415458534.4,"END_CASH":370315568,"DIVI_RATIO":null,"DIVIDEND_RATE":null,"CURRENT_RATIO":1.103717625873,"COMMON_ACS":10000000000,"CURRENTDEBT_DEBT":66.1475867957,"ISSUED_COMMON_SHARES":6683150524,"HK_COMMON_SHARES":6683150524,"PER_SHARES":1000,"TOTAL_MARKET_CAP":1229699696.416,"HKSK_MARKET_CAP":1229699696.416,"PE_TTM":-0.461448806419,"PB_TTM":0.721264912812,"REPORT_DATE_SQ":"2020-12-31 00:00:00","REPORT_TYPE_SQ":"2020年年报","OPERATE_INCOME_SQ":2850580815.04,"DPS_HKD":null,"OPERATE_INCOME_QOQ_SQ":-14.063141433554,"NET_PROFIT_RATIO_SQ":15.5135201846,"HOLDER_PROFIT_SQ":434533682.16,"HOLDER_PROFIT_QOQ_SQ":17.752138956714,"ROE_AVG_SQ":16.50187242335,"PE_TTM_SQ":-3.506444491227,"PB_TTM_SQ":0.878665727823,"ROA_SQ":5.710479947471,"START_DATE":"2021-01-01 00:00:00","FISCAL_YEAR":"12-31","CURRENCY":"HKD","IS_CNY_CODE":0,"DPS_HKD_LY":0.042,"ORG_TYPE":"一般企业","PREMIUM_INCOME":null,"PREMIUM_INCOME_YOY":null,"NET_INTEREST_INCOME":null,"NET_INTEREST_INCOME_YOY":null,"FEE_COMMISSION_INCOME":null,"FEE_COMMISSION_INCOME_YOY":null,"ACCOUNTS_RECE_TDAYS":3.091133003432,"INVENTORY_TDAYS":3.505550950062,"CURRENT_ASSETS_TDAYS":1.223813347094,"TOTAL_ASSETS_TDAYS":0.522995909012,"PREMIUM_EXPENSE":null,"LOAN_DEPOSIT":null,"LOAN_EQUITY":null,"LOAN_ASSETS":null,"DEPOSIT_EQUITY":null,"DEPOSIT_ASSETS":null,"EQUITY_MULTIPLIER":2.929786915415,"EQUITY_RATIO":1.961426744335},{"SECUCODE":"01608.HK","SECURITY_CODE":"01608","SECURITY_NAME_ABBR":"伟能集团","ORG_CODE":"10535454","STD_REPORT_DATE":"2021-06-30 00:00:00","REPORT_DATE":"2021-06-30 00:00:00","DATE_TYPE_CODE":"002","REPORT_TYPE":"2021年中报","PER_NETCASH_OPERATE":-0.253017970611,"PER_OI":0.629043130981,"BPS":0.444717382613,"BASIC_EPS":0.062655624,"DILUTED_EPS":0.062655624,"OPERATE_INCOME":1665023699.04,"OPERATE_INCOME_YOY":-2.4035295988,"GROSS_PROFIT":348665650.32,"GROSS_PROFIT_YOY":-21.990142506061,"HOLDER_PROFIT":164765985.36,"HOLDER_PROFIT_YOY":-24.8044323602,"GROSS_PROFIT_RATIO":20.940581838026,"EPS_TTM":0.135538176209,"OPERATE_INCOME_QOQ":-7.29040109242,"NET_PROFIT_RATIO":10.1680727702,"ROE_AVG":5.651602348581,"GROSS_PROFIT_QOQ":-14.397034084457,"ROA":2.164060145216,"HOLDER_PROFIT_QOQ":-17.438383626174,"ROE_YEARLY":11.303204697163,"ROIC_YEARLY":4.780416075352,"TOTAL_ASSETS":7629713459.76,"TOTAL_LIABILITIES":4614846316.56,"TAX_EBT":10.672327198651,"OCF_SALES":-40.22267443197,"TOTAL_PARENT_EQUITY":2972113208.64,"DEBT_ASSET_RATIO":60.4851852026,"OPERATE_PROFIT":180789349.92,"PRETAX_PROFIT":189527854.08,"NETCASH_OPERATE":-669717061.68,"NETCASH_INVEST":-81671980.32,"NETCASH_FINANCE":488182168.08,"END_CASH":545839487.52,"DIVI_RATIO":null,"DIVIDEND_RATE":null,"CURRENT_RATIO":1.254766793573,"COMMON_ACS":10000000000,"CURRENTDEBT_DEBT":50.702819988688,"ISSUED_COMMON_SHARES":6683150524,"HK_COMMON_SHARES":6683150524,"PER_SHARES":1000,"TOTAL_MARKET_CAP":1229699696.416,"HKSK_MARKET_CAP":1229699696.416,"PE_TTM":-0.461448806419,"PB_TTM":0.721264912812,"REPORT_DATE_SQ":"2020-06-30 00:00:00","REPORT_TYPE_SQ":"2020年中报","OPERATE_INCOME_SQ":1872842473.92,"DPS_HKD":null,"OPERATE_INCOME_QOQ_SQ":32.531930689669,"NET_PROFIT_RATIO_SQ":12.9511617222,"HOLDER_PROFIT_SQ":240541635.84,"HOLDER_PROFIT_QOQ_SQ":45.285440970433,"ROE_AVG_SQ":9.178193460534,"PE_TTM_SQ":-3.506444491227,"PB_TTM_SQ":0.878665727823,"ROA_SQ":2.941166615699,"START_DATE":"2021-01-01 00:00:00","FISCAL_YEAR":"12-31","CURRENCY":"HKD","IS_CNY_CODE":0,"DPS_HKD_LY":0.042,"ORG_TYPE":"一般企业","PREMIUM_INCOME":null,"PREMIUM_INCOME_YOY":null,"NET_INTEREST_INCOME":null,"NET_INTEREST_INCOME_YOY":null,"FEE_COMMISSION_INCOME":null,"FEE_COMMISSION_INCOME_YOY":null,"ACCOUNTS_RECE_TDAYS":2.843581138931,"INVENTORY_TDAYS":1.31632740088,"CURRENT_ASSETS_TDAYS":0.581990879989,"TOTAL_ASSETS_TDAYS":0.218686606951,"PREMIUM_EXPENSE":null,"LOAN_DEPOSIT":null,"LOAN_EQUITY":null,"LOAN_ASSETS":null,"DEPOSIT_EQUITY":null,"DEPOSIT_ASSETS":null,"EQUITY_MULTIPLIER":2.530696411276,"EQUITY_RATIO":1.552715523468},{"SECUCODE":"01608.HK","SECURITY_CODE":"01608","SECURITY_NAME_ABBR":"伟能集团","ORG_CODE":"10535454","STD_REPORT_DATE":"2020-12-31 00:00:00","REPORT_DATE":"2020-12-31 00:00:00","DATE_TYPE_CODE":"001","REPORT_TYPE":"2020年年报","PER_NETCASH_OPERATE":0.58119254545,"PER_OI":1.076944599672,"BPS":0.432655428223,"BASIC_EPS":0.167991344,"DILUTED_EPS":0.167991344,"OPERATE_INCOME":2850580815.04,"OPERATE_INCOME_YOY":21.2201990239,"GROSS_PROFIT":682676086.64,"GROSS_PROFIT_YOY":3.372081165297,"HOLDER_PROFIT":434533682.16,"HOLDER_PROFIT_YOY":82.0815303067,"GROSS_PROFIT_RATIO":23.948666287169,"EPS_TTM":0.164166088507,"OPERATE_INCOME_QOQ":-14.063141433554,"NET_PROFIT_RATIO":15.5135201846,"ROE_AVG":16.50187242335,"GROSS_PROFIT_QOQ":-9.948633712645,"ROA":5.710479947471,"HOLDER_PROFIT_QOQ":17.752138956714,"ROE_YEARLY":16.50187242335,"ROIC_YEARLY":6.354783839756,"TOTAL_ASSETS":7685066180.04,"TOTAL_LIABILITIES":4754906619.72,"TAX_EBT":9.775999587887,"OCF_SALES":53.966800671758,"TOTAL_PARENT_EQUITY":2891501351.84,"DEBT_ASSET_RATIO":61.8720321768,"OPERATE_PROFIT":453925909.4,"PRETAX_PROFIT":490141678.6,"NETCASH_OPERATE":1538367266.44,"NETCASH_INVEST":-469914544.48,"NETCASH_FINANCE":-908638752.2,"END_CASH":823277098.48,"DIVI_RATIO":null,"DIVIDEND_RATE":null,"CURRENT_RATIO":1.047737040707,"COMMON_ACS":10000000000,"CURRENTDEBT_DEBT":56.561902996917,"ISSUED_COMMON_SHARES":6683150524,"HK_COMMON_SHARES":6683150524,"PER_SHARES":1000,"TOTAL_MARKET_CAP":1229699696.416,"HKSK_MARKET_CAP":1229699696.416,"PE_TTM":-0.461448806419,"PB_TTM":0.721264912812,"REPORT_DATE_SQ":"2019-12-31 00:00:00","REPORT_TYPE_SQ":"2019年年报","OPERATE_INCOME_SQ":2502841568.08,"DPS_HKD":null,"OPERATE_INCOME_QOQ_SQ":10.686256743243,"NET_PROFIT_RATIO_SQ":10.1021604589,"HOLDER_PROFIT_SQ":253999314.78,"HOLDER_PROFIT_QOQ_SQ":39.816452345832,"ROE_AVG_SQ":10.517386452593,"PE_TTM_SQ":-3.506444491227,"PB_TTM_SQ":0.878665727823,"ROA_SQ":3.469468873358,"START_DATE":"2020-01-01 00:00:00","FISCAL_YEAR":"12-31","CURRENCY":"HKD","IS_CNY_CODE":0,"DPS_HKD_LY":0.0371,"ORG_TYPE":"一般企业","PREMIUM_INCOME":null,"PREMIUM_INCOME_YOY":null,"NET_INTEREST_INCOME":null,"NET_INTEREST_INCOME_YOY":null,"FEE_COMMISSION_INCOME":null,"FEE_COMMISSION_INCOME_YOY":null,"ACCOUNTS_RECE_TDAYS":3.672922609614,"INVENTORY_TDAYS":2.493969155188,"CURRENT_ASSETS_TDAYS":0.927413909336,"TOTAL_ASSETS_TDAYS":0.374612722816,"PREMIUM_EXPENSE":null,"LOAN_DEPOSIT":null,"LOAN_EQUITY":null,"LOAN_ASSETS":null,"DEPOSIT_EQUITY":null,"DEPOSIT_ASSETS":null,"EQUITY_MULTIPLIER":2.622746653158,"EQUITY_RATIO":1.644442122323},{"SECUCODE":"01608.HK","SECURITY_CODE":"01608","SECURITY_NAME_ABBR":"伟能集团","ORG_CODE":"10535454","STD_REPORT_DATE":"2020-06-30 00:00:00","REPORT_DATE":"2020-06-30 00:00:00","DATE_TYPE_CODE":"002","REPORT_TYPE":"2020年中报","PER_NETCASH_OPERATE":0.19990017066,"PER_OI":0.73065663737,"BPS":0.398615253718,"BASIC_EPS":0.094267008,"DILUTED_EPS":0.094267008,"OPERATE_INCOME":1872842473.92,"OPERATE_INCOME_YOY":70.3711520788,"GROSS_PROFIT":446950759.2,"GROSS_PROFIT_YOY":27.970385777022,"HOLDER_PROFIT":240541635.84,"HOLDER_PROFIT_YOY":84.5537115945,"GROSS_PROFIT_RATIO":23.864834625653,"EPS_TTM":0.143968249671,"OPERATE_INCOME_QOQ":32.531930689669,"NET_PROFIT_RATIO":12.9511617222,"ROE_AVG":9.178193460534,"GROSS_PROFIT_QOQ":14.79235177336,"ROA":2.941166615699,"HOLDER_PROFIT_QOQ":45.285440970433,"ROE_YEARLY":18.356386921067,"ROIC_YEARLY":6.527343581283,"TOTAL_ASSETS":8180436147.84,"TOTAL_LIABILITIES":5480808986.4,"TAX_EBT":13.421691853736,"OCF_SALES":27.358975534527,"TOTAL_PARENT_EQUITY":2664005741.76,"DEBT_ASSET_RATIO":66.9989825402,"OPERATE_PROFIT":357176049.12,"PRETAX_PROFIT":280156615.2,"NETCASH_OPERATE":512390514.24,"NETCASH_INVEST":-45334027.2,"NETCASH_FINANCE":-343826123.52,"END_CASH":903572107.68,"DIVI_RATIO":null,"DIVIDEND_RATE":null,"CURRENT_RATIO":1.152016132915,"COMMON_ACS":10000000000,"CURRENTDEBT_DEBT":57.11542227448,"ISSUED_COMMON_SHARES":6683150524,"HK_COMMON_SHARES":6683150524,"PER_SHARES":1000,"TOTAL_MARKET_CAP":1229699696.416,"HKSK_MARKET_CAP":1229699696.416,"PE_TTM":-0.461448806419,"PB_TTM":0.721264912812,"REPORT_DATE_SQ":"2019-06-30 00:00:00","REPORT_TYPE_SQ":"2019年中报","OPERATE_INCOME_SQ":1058619789.72,"DPS_HKD":null,"OPERATE_INCOME_QOQ_SQ":6.607227481986,"NET_PROFIT_RATIO_SQ":11.8562423449,"HOLDER_PROFIT_SQ":125516926.08,"HOLDER_PROFIT_QOQ_SQ":-2.791420695586,"ROE_AVG_SQ":5.4144951052,"PE_TTM_SQ":-3.506444491227,"PB_TTM_SQ":0.878665727823,"ROA_SQ":1.799524782089,"START_DATE":"2020-01-01 00:00:00","FISCAL_YEAR":"12-31","CURRENCY":"HKD","IS_CNY_CODE":0,"DPS_HKD_LY":0.0371,"ORG_TYPE":"一般企业","PREMIUM_INCOME":null,"PREMIUM_INCOME_YOY":null,"NET_INTEREST_INCOME":null,"NET_INTEREST_INCOME_YOY":null,"FEE_COMMISSION_INCOME":null,"FEE_COMMISSION_INCOME_YOY":null,"ACCOUNTS_RECE_TDAYS":1.988399247435,"INVENTORY_TDAYS":1.548380537386,"CURRENT_ASSETS_TDAYS":0.518805883966,"TOTAL_ASSETS_TDAYS":0.228997434956,"PREMIUM_EXPENSE":null,"LOAN_DEPOSIT":null,"LOAN_EQUITY":null,"LOAN_ASSETS":null,"DEPOSIT_EQUITY":null,"DEPOSIT_ASSETS":null,"EQUITY_MULTIPLIER":3.030209602532,"EQUITY_RATIO":2.057356296379}],"count":20},"success":true,"message":"ok","code":0}