{"version":"e3d597aac2c83ddb29a10b75adcc71b4","result":{"pages":3,"data":[{"SECUCODE":"01615.HK","SECURITY_CODE":"01615","SECURITY_NAME_ABBR":"奥邦建筑","ORG_CODE":"10726299","STD_REPORT_DATE":"2024-06-30 00:00:00","REPORT_DATE":"2024-06-30 00:00:00","DATE_TYPE_CODE":"002","REPORT_TYPE":"2024年中报","PER_NETCASH_OPERATE":-0.020812060728,"PER_OI":0.086781477198,"BPS":0.303466385175,"BASIC_EPS":0.005655531328,"DILUTED_EPS":0.005655531328,"OPERATE_INCOME":52068886.31871,"OPERATE_INCOME_YOY":-23.570918996,"GROSS_PROFIT":10472453.40127,"GROSS_PROFIT_YOY":1993.99998402414,"HOLDER_PROFIT":3381830.99879,"HOLDER_PROFIT_YOY":153.5994397759,"GROSS_PROFIT_RATIO":20.112689442153,"EPS_TTM":0.001211215614,"OPERATE_INCOME_QOQ":-13.589164386081,"NET_PROFIT_RATIO":4.2122770395,"ROE_AVG":1.873069788613,"GROSS_PROFIT_QOQ":140.285220464958,"ROA":1.302781900625,"HOLDER_PROFIT_QOQ":108.046522539709,"ROE_YEARLY":3.746139577226,"ROIC_YEARLY":3.024513416487,"TOTAL_ASSETS":242317425.48555,"TOTAL_LIABILITIES":74988810.7022,"TAX_EBT":-2.561983471074,"OCF_SALES":-23.982146190791,"TOTAL_PARENT_EQUITY":182079831.10496,"DEBT_ASSET_RATIO":30.9465200664,"OPERATE_PROFIT":2489317.46109,"PRETAX_PROFIT":2138497.7834,"NETCASH_OPERATE":-12487236.43687,"NETCASH_INVEST":50724813.95154,"NETCASH_FINANCE":-23164702.84878,"END_CASH":48411348.16768,"DIVI_RATIO":null,"DIVIDEND_RATE":null,"CURRENT_RATIO":2.295219677283,"COMMON_ACS":10000000000,"CURRENTDEBT_DEBT":97.495875559746,"ISSUED_COMMON_SHARES":600000000,"HK_COMMON_SHARES":600000000,"PER_SHARES":5000,"TOTAL_MARKET_CAP":153000000,"HKSK_MARKET_CAP":153000000,"PE_TTM":233.500874478394,"PB_TTM":0.766916578016,"REPORT_DATE_SQ":"2023-06-30 00:00:00","REPORT_TYPE_SQ":"2023年中报","OPERATE_INCOME_SQ":68850951.79515,"DPS_HKD":null,"OPERATE_INCOME_QOQ_SQ":-9.324094167109,"NET_PROFIT_RATIO_SQ":-13.4133212271,"HOLDER_PROFIT_SQ":-6376493.8818,"HOLDER_PROFIT_QOQ_SQ":-0.389132775042,"ROE_AVG_SQ":-3.405952307127,"PE_TTM_SQ":14.048024142514,"PB_TTM_SQ":1.083606175368,"ROA_SQ":-2.195737378739,"START_DATE":"2024-01-01 00:00:00","FISCAL_YEAR":"12-31","CURRENCY":"HKD","IS_CNY_CODE":0,"DPS_HKD_LY":null,"ORG_TYPE":"一般企业","PREMIUM_INCOME":null,"PREMIUM_INCOME_YOY":null,"NET_INTEREST_INCOME":null,"NET_INTEREST_INCOME_YOY":null,"FEE_COMMISSION_INCOME":null,"FEE_COMMISSION_INCOME_YOY":null,"ACCOUNTS_RECE_TDAYS":1.9475136752,"INVENTORY_TDAYS":126.537634408602,"CURRENT_ASSETS_TDAYS":0.281473696782,"TOTAL_ASSETS_TDAYS":0.200584839118,"PREMIUM_EXPENSE":null,"LOAN_DEPOSIT":null,"LOAN_EQUITY":null,"LOAN_ASSETS":null,"DEPOSIT_EQUITY":null,"DEPOSIT_ASSETS":null,"EQUITY_MULTIPLIER":1.448152940245,"EQUITY_RATIO":0.411845783507},{"SECUCODE":"01615.HK","SECURITY_CODE":"01615","SECURITY_NAME_ABBR":"奥邦建筑","ORG_CODE":"10726299","STD_REPORT_DATE":"2023-12-31 00:00:00","REPORT_DATE":"2023-12-31 00:00:00","DATE_TYPE_CODE":"001","REPORT_TYPE":"2023年年报","PER_NETCASH_OPERATE":-0.053351215651,"PER_OI":0.205826556606,"BPS":0.296611031417,"BASIC_EPS":-0.015021912582,"DILUTED_EPS":null,"OPERATE_INCOME":123495933.9636,"OPERATE_INCOME_YOY":-9.3108319947,"GROSS_PROFIT":7108615.00664,"GROSS_PROFIT_YOY":-75.703743858412,"HOLDER_PROFIT":-9031595.51202,"HOLDER_PROFIT_YOY":-166.8378624366,"GROSS_PROFIT_RATIO":5.756153080097,"EPS_TTM":-0.015052659187,"OPERATE_INCOME_QOQ":1.56551696784,"NET_PROFIT_RATIO":-11.2299046806,"ROE_AVG":-4.942028149515,"GROSS_PROFIT_QOQ":-74.453717504214,"ROA":-3.203332637476,"HOLDER_PROFIT_QOQ":-168.139446201854,"ROE_YEARLY":-4.942028149515,"ROIC_YEARLY":-4.434829870937,"TOTAL_ASSETS":275223400.36274,"TOTAL_LIABILITIES":110739606.91078,"TAX_EBT":1.275717591145,"OCF_SALES":-25.920472328923,"TOTAL_PARENT_EQUITY":177966618.85012,"DEBT_ASSET_RATIO":40.2362614388,"OPERATE_PROFIT":-13522356.74706,"PRETAX_PROFIT":-14047684.45022,"NETCASH_OPERATE":-32010729.39038,"NETCASH_INVEST":4303646.18358,"NETCASH_FINANCE":23525544.9676,"END_CASH":33389055.75536,"DIVI_RATIO":null,"DIVIDEND_RATE":null,"CURRENT_RATIO":1.827170353806,"COMMON_ACS":10000000000,"CURRENTDEBT_DEBT":99.326505842502,"ISSUED_COMMON_SHARES":600000000,"HK_COMMON_SHARES":600000000,"PER_SHARES":5000,"TOTAL_MARKET_CAP":180000000,"HKSK_MARKET_CAP":180000000,"PE_TTM":274.706911151052,"PB_TTM":0.902254797666,"REPORT_DATE_SQ":"2022-12-31 00:00:00","REPORT_TYPE_SQ":"2022年年报","OPERATE_INCOME_SQ":134095582.98312,"DPS_HKD":null,"OPERATE_INCOME_QOQ_SQ":-47.685973643356,"NET_PROFIT_RATIO_SQ":6.3181797656,"HOLDER_PROFIT_SQ":13306356.61168,"HOLDER_PROFIT_QOQ_SQ":747.85483187648,"ROE_AVG_SQ":7.478989349417,"PE_TTM_SQ":14.438247035362,"PB_TTM_SQ":1.113706346906,"ROA_SQ":4.417024294782,"START_DATE":"2023-01-01 00:00:00","FISCAL_YEAR":"12-31","CURRENCY":"HKD","IS_CNY_CODE":0,"DPS_HKD_LY":null,"ORG_TYPE":"一般企业","PREMIUM_INCOME":null,"PREMIUM_INCOME_YOY":null,"NET_INTEREST_INCOME":null,"NET_INTEREST_INCOME_YOY":null,"FEE_COMMISSION_INCOME":null,"FEE_COMMISSION_INCOME_YOY":null,"ACCOUNTS_RECE_TDAYS":4.733811496111,"INVENTORY_TDAYS":162.66175567833,"CURRENT_ASSETS_TDAYS":0.553958549652,"TOTAL_ASSETS_TDAYS":0.438016245673,"PREMIUM_EXPENSE":null,"LOAN_DEPOSIT":null,"LOAN_EQUITY":null,"LOAN_ASSETS":null,"DEPOSIT_EQUITY":null,"DEPOSIT_ASSETS":null,"EQUITY_MULTIPLIER":1.673255428919,"EQUITY_RATIO":0.62224931634},{"SECUCODE":"01615.HK","SECURITY_CODE":"01615","SECURITY_NAME_ABBR":"奥邦建筑","ORG_CODE":"10726299","STD_REPORT_DATE":"2023-06-30 00:00:00","REPORT_DATE":"2023-06-30 00:00:00","DATE_TYPE_CODE":"002","REPORT_TYPE":"2023年中报","PER_NETCASH_OPERATE":-0.048684024717,"PER_OI":0.114751586325,"BPS":0.306303903583,"BASIC_EPS":-0.010627489803,"DILUTED_EPS":null,"OPERATE_INCOME":68850951.79515,"OPERATE_INCOME_YOY":-21.3645311655,"GROSS_PROFIT":500117.1672,"GROSS_PROFIT_YOY":-74.110908775187,"HOLDER_PROFIT":-6376493.8818,"HOLDER_PROFIT_YOY":6.3237995277,"GROSS_PROFIT_RATIO":0.726376548414,"EPS_TTM":0.022090962028,"OPERATE_INCOME_QOQ":-9.324094167109,"NET_PROFIT_RATIO":-13.4133212271,"ROE_AVG":-3.405952307127,"GROSS_PROFIT_QOQ":-4.89318300776,"ROA":-2.195737378739,"HOLDER_PROFIT_QOQ":-0.389132775042,"ROE_YEARLY":-6.811904614254,"ROIC_YEARLY":-7.047536323437,"TOTAL_ASSETS":287347676.81298,"TOTAL_LIABILITIES":116598745.2672,"TAX_EBT":-0.809124585689,"OCF_SALES":-42.425578831312,"TOTAL_PARENT_EQUITY":183782342.14956,"DEBT_ASSET_RATIO":40.5775841171,"OPERATE_PROFIT":-9049441.52721,"PRETAX_PROFIT":-9161074.82346,"NETCASH_OPERATE":-29210414.82996,"NETCASH_INVEST":13372775.82438,"NETCASH_FINANCE":-111633.29625,"END_CASH":22467763.73646,"DIVI_RATIO":null,"DIVIDEND_RATE":null,"CURRENT_RATIO":2.076034626423,"COMMON_ACS":10000000000,"CURRENTDEBT_DEBT":99.273897058824,"ISSUED_COMMON_SHARES":600000000,"HK_COMMON_SHARES":600000000,"PER_SHARES":5000,"TOTAL_MARKET_CAP":138000000,"HKSK_MARKET_CAP":138000000,"PE_TTM":210.608631882473,"PB_TTM":0.691728678211,"REPORT_DATE_SQ":"2022-06-30 00:00:00","REPORT_TYPE_SQ":"2022年中报","OPERATE_INCOME_SQ":81354150.22643,"DPS_HKD":null,"OPERATE_INCOME_QOQ_SQ":-8.476593789035,"NET_PROFIT_RATIO_SQ":-12.3499352312,"HOLDER_PROFIT_SQ":-6324714.48706,"HOLDER_PROFIT_QOQ_SQ":61.009685540594,"ROE_AVG_SQ":-3.926063094131,"PE_TTM_SQ":15.999138606752,"PB_TTM_SQ":1.234107033059,"ROA_SQ":-2.152587440039,"START_DATE":"2023-01-01 00:00:00","FISCAL_YEAR":"12-31","CURRENCY":"HKD","IS_CNY_CODE":0,"DPS_HKD_LY":null,"ORG_TYPE":"一般企业","PREMIUM_INCOME":null,"PREMIUM_INCOME_YOY":null,"NET_INTEREST_INCOME":null,"NET_INTEREST_INCOME_YOY":null,"FEE_COMMISSION_INCOME":null,"FEE_COMMISSION_INCOME_YOY":null,"ACCOUNTS_RECE_TDAYS":1.914167246003,"INVENTORY_TDAYS":66.871996505024,"CURRENT_ASSETS_TDAYS":0.281447706107,"TOTAL_ASSETS_TDAYS":0.237087357442,"PREMIUM_EXPENSE":null,"LOAN_DEPOSIT":null,"LOAN_EQUITY":null,"LOAN_ASSETS":null,"DEPOSIT_EQUITY":null,"DEPOSIT_ASSETS":null,"EQUITY_MULTIPLIER":1.682866617154,"EQUITY_RATIO":0.634439325908},{"SECUCODE":"01615.HK","SECURITY_CODE":"01615","SECURITY_NAME_ABBR":"奥邦建筑","ORG_CODE":"10726299","STD_REPORT_DATE":"2022-12-31 00:00:00","REPORT_DATE":"2022-12-31 00:00:00","DATE_TYPE_CODE":"001","REPORT_TYPE":"2022年年报","PER_NETCASH_OPERATE":0.083263489867,"PER_OI":0.223492638305,"BPS":0.307785549858,"BASIC_EPS":0.022145542144,"DILUTED_EPS":null,"OPERATE_INCOME":134095582.98312,"OPERATE_INCOME_YOY":-56.1035077435,"GROSS_PROFIT":29258067.43728,"GROSS_PROFIT_YOY":114.121224566118,"HOLDER_PROFIT":13306356.61168,"HOLDER_PROFIT_YOY":331.5868714243,"GROSS_PROFIT_RATIO":21.818815196145,"EPS_TTM":0.022177261019,"OPERATE_INCOME_QOQ":-47.685973643356,"NET_PROFIT_RATIO":6.3181797656,"ROE_AVG":7.478989349417,"GROSS_PROFIT_QOQ":117.928036172222,"ROA":4.417024294782,"HOLDER_PROFIT_QOQ":747.85483187648,"ROE_YEARLY":7.478989349417,"ROIC_YEARLY":6.801890838982,"TOTAL_ASSETS":284256199.68328,"TOTAL_LIABILITIES":109440501.08288,"TAX_EBT":-4.191489361702,"OCF_SALES":37.25558501545,"TOTAL_PARENT_EQUITY":184671329.91472,"DEBT_ASSET_RATIO":38.5006558185,"OPERATE_PROFIT":8133296.37648,"PRETAX_PROFIT":8131566.256,"NETCASH_OPERATE":49958093.92024,"NETCASH_INVEST":-97515645.67448,"NETCASH_FINANCE":-14537337.3332,"END_CASH":37351571.04272,"DIVI_RATIO":null,"DIVIDEND_RATE":null,"CURRENT_RATIO":2.20348267358,"COMMON_ACS":10000000000,"CURRENTDEBT_DEBT":100,"ISSUED_COMMON_SHARES":600000000,"HK_COMMON_SHARES":600000000,"PER_SHARES":5000,"TOTAL_MARKET_CAP":180000000,"HKSK_MARKET_CAP":180000000,"PE_TTM":274.706911151052,"PB_TTM":0.902254797666,"REPORT_DATE_SQ":"2021-12-31 00:00:00","REPORT_TYPE_SQ":"2021年年报","OPERATE_INCOME_SQ":280068426.26928,"DPS_HKD":null,"OPERATE_INCOME_QOQ_SQ":65.366348439397,"NET_PROFIT_RATIO_SQ":-2.8320774326,"HOLDER_PROFIT_SQ":-5267744.69472,"HOLDER_PROFIT_QOQ_SQ":86.839478735354,"ROE_AVG_SQ":-3.30148820471,"PE_TTM_SQ":14.438247035362,"PB_TTM_SQ":1.113706346906,"ROA_SQ":-1.830869249418,"START_DATE":"2022-01-01 00:00:00","FISCAL_YEAR":"12-31","CURRENCY":"HKD","IS_CNY_CODE":0,"DPS_HKD_LY":null,"ORG_TYPE":"一般企业","PREMIUM_INCOME":null,"PREMIUM_INCOME_YOY":null,"NET_INTEREST_INCOME":null,"NET_INTEREST_INCOME_YOY":null,"FEE_COMMISSION_INCOME":null,"FEE_COMMISSION_INCOME_YOY":null,"ACCOUNTS_RECE_TDAYS":2.866232145334,"INVENTORY_TDAYS":77.36418767954,"CURRENT_ASSETS_TDAYS":0.510704960836,"TOTAL_ASSETS_TDAYS":0.445128193347,"PREMIUM_EXPENSE":null,"LOAN_DEPOSIT":null,"LOAN_EQUITY":null,"LOAN_ASSETS":null,"DEPOSIT_EQUITY":null,"DEPOSIT_ASSETS":null,"EQUITY_MULTIPLIER":1.626033599722,"EQUITY_RATIO":0.592623127442},{"SECUCODE":"01615.HK","SECURITY_CODE":"01615","SECURITY_NAME_ABBR":"奥邦建筑","ORG_CODE":"10726299","STD_REPORT_DATE":"2022-06-30 00:00:00","REPORT_DATE":"2022-06-30 00:00:00","DATE_TYPE_CODE":"002","REPORT_TYPE":"2022年中报","PER_NETCASH_OPERATE":0.069712648288,"PER_OI":0.135590250377,"BPS":0.263344448913,"BASIC_EPS":-0.010538424821,"DILUTED_EPS":null,"OPERATE_INCOME":81354150.22643,"OPERATE_INCOME_YOY":-24.6730795826,"GROSS_PROFIT":1931767.95144,"GROSS_PROFIT_YOY":-10.997217737816,"HOLDER_PROFIT":-6324714.48706,"HOLDER_PROFIT_YOY":35.4778633709,"GROSS_PROFIT_RATIO":2.374516783795,"EPS_TTM":-0.003423183702,"OPERATE_INCOME_QOQ":-8.476593789035,"NET_PROFIT_RATIO":-12.3499352312,"ROE_AVG":-3.926063094131,"GROSS_PROFIT_QOQ":-1.746820497706,"ROA":-2.152587440039,"HOLDER_PROFIT_QOQ":61.009685540594,"ROE_YEARLY":-7.852126188263,"ROIC_YEARLY":-6.627782862286,"TOTAL_ASSETS":282364231.22163,"TOTAL_LIABILITIES":132897005.16788,"TAX_EBT":null,"OCF_SALES":51.414204261482,"TOTAL_PARENT_EQUITY":158006669.34768,"DEBT_ASSET_RATIO":47.0658073768,"OPERATE_PROFIT":-10045525.26638,"PRETAX_PROFIT":-10047184.86084,"NETCASH_OPERATE":41827588.97261,"NETCASH_INVEST":466346.04326,"NETCASH_FINANCE":-13944742.45015,"END_CASH":123817363.87722,"DIVI_RATIO":null,"DIVIDEND_RATE":null,"CURRENT_RATIO":1.882152401409,"COMMON_ACS":10000000000,"CURRENTDEBT_DEBT":100,"ISSUED_COMMON_SHARES":600000000,"HK_COMMON_SHARES":600000000,"PER_SHARES":5000,"TOTAL_MARKET_CAP":138000000,"HKSK_MARKET_CAP":138000000,"PE_TTM":210.608631882473,"PB_TTM":0.691728678211,"REPORT_DATE_SQ":"2021-06-30 00:00:00","REPORT_TYPE_SQ":"2021年中报","OPERATE_INCOME_SQ":105094413.05262,"DPS_HKD":null,"OPERATE_INCOME_QOQ_SQ":4.885833864726,"NET_PROFIT_RATIO_SQ":-10.3354487761,"HOLDER_PROFIT_SQ":-9538548.96039,"HOLDER_PROFIT_QOQ_SQ":3.501609123989,"ROE_AVG_SQ":-5.948241786738,"PE_TTM_SQ":15.999138606752,"PB_TTM_SQ":1.234107033059,"ROA_SQ":-3.400172987722,"START_DATE":"2022-01-01 00:00:00","FISCAL_YEAR":"12-31","CURRENCY":"HKD","IS_CNY_CODE":0,"DPS_HKD_LY":null,"ORG_TYPE":"一般企业","PREMIUM_INCOME":null,"PREMIUM_INCOME_YOY":null,"NET_INTEREST_INCOME":null,"NET_INTEREST_INCOME_YOY":null,"FEE_COMMISSION_INCOME":null,"FEE_COMMISSION_INCOME_YOY":null,"ACCOUNTS_RECE_TDAYS":1.738670118907,"INVENTORY_TDAYS":54.243695097761,"CURRENT_ASSETS_TDAYS":0.311376693991,"TOTAL_ASSETS_TDAYS":0.276885102609,"PREMIUM_EXPENSE":null,"LOAN_DEPOSIT":null,"LOAN_EQUITY":null,"LOAN_ASSETS":null,"DEPOSIT_EQUITY":null,"DEPOSIT_ASSETS":null,"EQUITY_MULTIPLIER":1.889138098541,"EQUITY_RATIO":0.841084782791},{"SECUCODE":"01615.HK","SECURITY_CODE":"01615","SECURITY_NAME_ABBR":"奥邦建筑","ORG_CODE":"10726299","STD_REPORT_DATE":"2021-12-31 00:00:00","REPORT_DATE":"2021-12-31 00:00:00","DATE_TYPE_CODE":"001","REPORT_TYPE":"2021年年报","PER_NETCASH_OPERATE":0.019777174577,"PER_OI":0.466780710449,"BPS":0.261537998856,"BASIC_EPS":-0.008803367376,"DILUTED_EPS":null,"OPERATE_INCOME":280068426.26928,"OPERATE_INCOME_YOY":78.6603998867,"GROSS_PROFIT":13664253.74064,"GROSS_PROFIT_YOY":198.708412646771,"HOLDER_PROFIT":-5267744.69472,"HOLDER_PROFIT_YOY":86.9185015953,"GROSS_PROFIT_RATIO":4.878898318764,"EPS_TTM":-0.008779574491,"OPERATE_INCOME_QOQ":65.366348439397,"NET_PROFIT_RATIO":-2.8320774326,"ROE_AVG":-3.30148820471,"GROSS_PROFIT_QOQ":220.276893781601,"ROA":-1.830869249418,"HOLDER_PROFIT_QOQ":86.839478735354,"ROE_YEARLY":-3.30148820471,"ROIC_YEARLY":-2.481052187263,"TOTAL_ASSETS":291772146.3024,"TOTAL_LIABILITIES":139453270.19744,"TAX_EBT":0.645738128353,"OCF_SALES":4.236930561573,"TOTAL_PARENT_EQUITY":156922799.31376,"DEBT_ASSET_RATIO":47.795264889,"OPERATE_PROFIT":-7961892.35024,"PRETAX_PROFIT":-7983305.94656,"NETCASH_OPERATE":11866304.74592,"NETCASH_INVEST":364031.13744,"NETCASH_FINANCE":12916364.06176,"END_CASH":91245713.208,"DIVI_RATIO":null,"DIVIDEND_RATE":null,"CURRENT_RATIO":1.867033679493,"COMMON_ACS":10000000000,"CURRENTDEBT_DEBT":100,"ISSUED_COMMON_SHARES":600000000,"HK_COMMON_SHARES":600000000,"PER_SHARES":5000,"TOTAL_MARKET_CAP":138000000,"HKSK_MARKET_CAP":138000000,"PE_TTM":210.608631882473,"PB_TTM":0.691728678211,"REPORT_DATE_SQ":"2020-12-31 00:00:00","REPORT_TYPE_SQ":"2020年年报","OPERATE_INCOME_SQ":161473098.56968,"DPS_HKD":null,"OPERATE_INCOME_QOQ_SQ":-35.181152431879,"NET_PROFIT_RATIO_SQ":-27.4320030761,"HOLDER_PROFIT_SQ":-41479313.08322,"HOLDER_PROFIT_QOQ_SQ":-548.782369089578,"ROE_AVG_SQ":-22.086215146374,"PE_TTM_SQ":15.999138606752,"PB_TTM_SQ":1.234107033059,"ROA_SQ":-13.520174148066,"START_DATE":"2021-01-01 00:00:00","FISCAL_YEAR":"12-31","CURRENCY":"HKD","IS_CNY_CODE":0,"DPS_HKD_LY":null,"ORG_TYPE":"一般企业","PREMIUM_INCOME":null,"PREMIUM_INCOME_YOY":null,"NET_INTEREST_INCOME":null,"NET_INTEREST_INCOME_YOY":null,"FEE_COMMISSION_INCOME":null,"FEE_COMMISSION_INCOME_YOY":null,"ACCOUNTS_RECE_TDAYS":3.582615135667,"INVENTORY_TDAYS":139.581965510077,"CURRENT_ASSETS_TDAYS":1.102582756231,"TOTAL_ASSETS_TDAYS":0.973412150941,"PREMIUM_EXPENSE":null,"LOAN_DEPOSIT":null,"LOAN_EQUITY":null,"LOAN_ASSETS":null,"DEPOSIT_EQUITY":null,"DEPOSIT_ASSETS":null,"EQUITY_MULTIPLIER":1.915535052278,"EQUITY_RATIO":0.888674372413},{"SECUCODE":"01615.HK","SECURITY_CODE":"01615","SECURITY_NAME_ABBR":"奥邦建筑","ORG_CODE":"10726299","STD_REPORT_DATE":"2021-06-30 00:00:00","REPORT_DATE":"2021-06-30 00:00:00","DATE_TYPE_CODE":"002","REPORT_TYPE":"2021年中报","PER_NETCASH_OPERATE":-0.016133091359,"PER_OI":0.175157355088,"BPS":0.259316430935,"BASIC_EPS":-0.0161492406,"DILUTED_EPS":null,"OPERATE_INCOME":105094413.05262,"OPERATE_INCOME_YOY":18.6529678284,"GROSS_PROFIT":2170457.93664,"GROSS_PROFIT_YOY":795.822627389017,"HOLDER_PROFIT":-9538548.96039,"HOLDER_PROFIT_YOY":4.7569136499,"GROSS_PROFIT_RATIO":2.065245785761,"EPS_TTM":-0.066711449453,"OPERATE_INCOME_QOQ":4.885833864726,"NET_PROFIT_RATIO":-10.3354487761,"ROE_AVG":-5.948241786738,"GROSS_PROFIT_QOQ":17.932356296126,"ROA":-3.400172987722,"HOLDER_PROFIT_QOQ":3.501609123989,"ROE_YEARLY":-11.896483573477,"ROIC_YEARLY":-8.644491359533,"TOTAL_ASSETS":272260047.2754,"TOTAL_LIABILITIES":119968671.10725,"TAX_EBT":null,"OCF_SALES":-9.210627410606,"TOTAL_PARENT_EQUITY":155589858.5607,"DEBT_ASSET_RATIO":44.0640014236,"OPERATE_PROFIT":-10853904.60726,"PRETAX_PROFIT":-10861979.22756,"NETCASH_OPERATE":-9679854.81564,"NETCASH_INVEST":200250.58344,"NETCASH_FINANCE":-144535.70337,"END_CASH":57672168.03072,"DIVI_RATIO":null,"DIVIDEND_RATE":null,"CURRENT_RATIO":1.99784620562,"COMMON_ACS":10000000000,"CURRENTDEBT_DEBT":100,"ISSUED_COMMON_SHARES":600000000,"HK_COMMON_SHARES":600000000,"PER_SHARES":5000,"TOTAL_MARKET_CAP":138000000,"HKSK_MARKET_CAP":138000000,"PE_TTM":210.608631882473,"PB_TTM":0.691728678211,"REPORT_DATE_SQ":"2020-06-30 00:00:00","REPORT_TYPE_SQ":"2020年中报","OPERATE_INCOME_SQ":97205105.72028,"DPS_HKD":null,"OPERATE_INCOME_QOQ_SQ":-18.061526258661,"NET_PROFIT_RATIO_SQ":-13.0391182664,"HOLDER_PROFIT_SQ":-10990992.37188,"HOLDER_PROFIT_QOQ_SQ":-136.544692966876,"ROE_AVG_SQ":-4.979614614846,"PE_TTM_SQ":15.999138606752,"PB_TTM_SQ":1.234107033059,"ROA_SQ":-3.078450474376,"START_DATE":"2021-01-01 00:00:00","FISCAL_YEAR":"12-31","CURRENCY":"HKD","IS_CNY_CODE":0,"DPS_HKD_LY":null,"ORG_TYPE":"一般企业","PREMIUM_INCOME":null,"PREMIUM_INCOME_YOY":null,"NET_INTEREST_INCOME":null,"NET_INTEREST_INCOME_YOY":null,"FEE_COMMISSION_INCOME":null,"FEE_COMMISSION_INCOME_YOY":null,"ACCOUNTS_RECE_TDAYS":1.200920846847,"INVENTORY_TDAYS":45.884089272858,"CURRENT_ASSETS_TDAYS":0.427366367974,"TOTAL_ASSETS_TDAYS":0.374626356594,"PREMIUM_EXPENSE":null,"LOAN_DEPOSIT":null,"LOAN_EQUITY":null,"LOAN_ASSETS":null,"DEPOSIT_EQUITY":null,"DEPOSIT_ASSETS":null,"EQUITY_MULTIPLIER":1.78775748257,"EQUITY_RATIO":0.771057138409},{"SECUCODE":"01615.HK","SECURITY_CODE":"01615","SECURITY_NAME_ABBR":"奥邦建筑","ORG_CODE":"10726299","STD_REPORT_DATE":"2020-12-31 00:00:00","REPORT_DATE":"2020-12-31 00:00:00","DATE_TYPE_CODE":"001","REPORT_TYPE":"2020年年报","PER_NETCASH_OPERATE":-0.054959640518,"PER_OI":0.269121830949,"BPS":0.278444478258,"BASIC_EPS":-0.069113126538,"DILUTED_EPS":null,"OPERATE_INCOME":161473098.56968,"OPERATE_INCOME_YOY":-43.7745703216,"GROSS_PROFIT":-13843048.80835,"GROSS_PROFIT_YOY":-133.65409040445,"HOLDER_PROFIT":-41479313.08322,"HOLDER_PROFIT_YOY":-350.9960947155,"GROSS_PROFIT_RATIO":-8.572975270166,"EPS_TTM":-0.069132188472,"OPERATE_INCOME_QOQ":-35.181152431879,"NET_PROFIT_RATIO":-27.4320030761,"ROE_AVG":-22.086215146374,"GROSS_PROFIT_QOQ":-184.200450330465,"ROA":-13.520174148066,"HOLDER_PROFIT_QOQ":-548.782369089578,"ROE_YEARLY":-22.086215146374,"ROIC_YEARLY":-18.564771395612,"TOTAL_ASSETS":292192489.71001,"TOTAL_LIABILITIES":127126488.88839,"TAX_EBT":1.243989508961,"OCF_SALES":-20.421844011819,"TOTAL_PARENT_EQUITY":167066686.95509,"DEBT_ASSET_RATIO":43.5077879704,"OPERATE_PROFIT":-40462222.74587,"PRETAX_PROFIT":-44853275.40712,"NETCASH_OPERATE":-32975784.31095,"NETCASH_INVEST":476276.03749,"NETCASH_FINANCE":682144.92505,"END_CASH":68086232.92029,"DIVI_RATIO":null,"DIVIDEND_RATE":null,"CURRENT_RATIO":2.008606438748,"COMMON_ACS":10000000000,"CURRENTDEBT_DEBT":99.904892264785,"ISSUED_COMMON_SHARES":600000000,"HK_COMMON_SHARES":600000000,"PER_SHARES":5000,"TOTAL_MARKET_CAP":138000000,"HKSK_MARKET_CAP":138000000,"PE_TTM":210.608631882473,"PB_TTM":0.691728678211,"REPORT_DATE_SQ":"2019-12-31 00:00:00","REPORT_TYPE_SQ":"2019年年报","OPERATE_INCOME_SQ":304026194.6891,"DPS_HKD":null,"OPERATE_INCOME_QOQ_SQ":11.309732611358,"NET_PROFIT_RATIO_SQ":5.7865063065,"HOLDER_PROFIT_SQ":17494768.45545,"HOLDER_PROFIT_QOQ_SQ":-18.623916987399,"ROE_AVG_SQ":8.148410719537,"PE_TTM_SQ":15.999138606752,"PB_TTM_SQ":1.234107033059,"ROA_SQ":5.259470049048,"START_DATE":"2020-01-01 00:00:00","FISCAL_YEAR":"12-31","CURRENCY":"HKD","IS_CNY_CODE":0,"DPS_HKD_LY":null,"ORG_TYPE":"一般企业","PREMIUM_INCOME":null,"PREMIUM_INCOME_YOY":null,"NET_INTEREST_INCOME":null,"NET_INTEREST_INCOME_YOY":null,"FEE_COMMISSION_INCOME":null,"FEE_COMMISSION_INCOME_YOY":null,"ACCOUNTS_RECE_TDAYS":1.855271617975,"INVENTORY_TDAYS":75.777189265537,"CURRENT_ASSETS_TDAYS":0.604989134094,"TOTAL_ASSETS_TDAYS":0.526321255251,"PREMIUM_EXPENSE":null,"LOAN_DEPOSIT":null,"LOAN_EQUITY":null,"LOAN_ASSETS":null,"DEPOSIT_EQUITY":null,"DEPOSIT_ASSETS":null,"EQUITY_MULTIPLIER":1.770155502985,"EQUITY_RATIO":0.760932602456},{"SECUCODE":"01615.HK","SECURITY_CODE":"01615","SECURITY_NAME_ABBR":"奥邦建筑","ORG_CODE":"10726299","STD_REPORT_DATE":"2020-06-30 00:00:00","REPORT_DATE":"2020-06-30 00:00:00","DATE_TYPE_CODE":"002","REPORT_TYPE":"2020年中报","PER_NETCASH_OPERATE":0.03914741646,"PER_OI":0.162008509534,"BPS":0.358707071048,"BASIC_EPS":-0.0177231192,"DILUTED_EPS":null,"OPERATE_INCOME":97205105.72028,"OPERATE_INCOME_YOY":-38.6686273085,"GROSS_PROFIT":-311926.89792,"GROSS_PROFIT_YOY":-101.279394734776,"HOLDER_PROFIT":-10990992.37188,"HOLDER_PROFIT_YOY":-181.7924030599,"GROSS_PROFIT_RATIO":-0.320895590421,"EPS_TTM":-0.010655682362,"OPERATE_INCOME_QOQ":-18.061526258661,"NET_PROFIT_RATIO":-13.0391182664,"ROE_AVG":-4.979614614846,"GROSS_PROFIT_QOQ":-60.030985259144,"ROA":-3.078450474376,"HOLDER_PROFIT_QOQ":-136.544692966876,"ROE_YEARLY":-9.959229229691,"ROIC_YEARLY":-9.291593703471,"TOTAL_ASSETS":365430336.31692,"TOTAL_LIABILITIES":151076298.8406,"TAX_EBT":9.896686405443,"OCF_SALES":24.163802612747,"TOTAL_PARENT_EQUITY":215224242.62904,"DEBT_ASSET_RATIO":41.3420244097,"OPERATE_PROFIT":-14064181.24116,"PRETAX_PROFIT":-14066839.70904,"NETCASH_OPERATE":23488449.87576,"NETCASH_INVEST":-240148.26516,"NETCASH_FINANCE":982746.95964,"END_CASH":132599060.91864,"DIVI_RATIO":null,"DIVIDEND_RATE":null,"CURRENT_RATIO":2.113723297829,"COMMON_ACS":10000000000,"CURRENTDEBT_DEBT":99.674458163475,"ISSUED_COMMON_SHARES":600000000,"HK_COMMON_SHARES":600000000,"PER_SHARES":5000,"TOTAL_MARKET_CAP":138000000,"HKSK_MARKET_CAP":138000000,"PE_TTM":210.608631882473,"PB_TTM":0.691728678211,"REPORT_DATE_SQ":"2019-06-30 00:00:00","REPORT_TYPE_SQ":"2019年中报","OPERATE_INCOME_SQ":152116876.70726,"DPS_HKD":null,"OPERATE_INCOME_QOQ_SQ":22.309978679015,"NET_PROFIT_RATIO_SQ":8.4784711467,"HOLDER_PROFIT_SQ":12897185.50088,"HOLDER_PROFIT_QOQ_SQ":2.374963533822,"ROE_AVG_SQ":6.171138816032,"PE_TTM_SQ":15.999138606752,"PB_TTM_SQ":1.234107033059,"ROA_SQ":4.031204350213,"START_DATE":"2020-01-01 00:00:00","FISCAL_YEAR":"12-31","CURRENCY":"HKD","IS_CNY_CODE":0,"DPS_HKD_LY":null,"ORG_TYPE":"一般企业","PREMIUM_INCOME":null,"PREMIUM_INCOME_YOY":null,"NET_INTEREST_INCOME":null,"NET_INTEREST_INCOME_YOY":null,"FEE_COMMISSION_INCOME":null,"FEE_COMMISSION_INCOME_YOY":null,"ACCOUNTS_RECE_TDAYS":1.088137846203,"INVENTORY_TDAYS":null,"CURRENT_ASSETS_TDAYS":0.313257760193,"TOTAL_ASSETS_TDAYS":0.272260314348,"PREMIUM_EXPENSE":null,"LOAN_DEPOSIT":null,"LOAN_EQUITY":null,"LOAN_ASSETS":null,"DEPOSIT_EQUITY":null,"DEPOSIT_ASSETS":null,"EQUITY_MULTIPLIER":1.704798009029,"EQUITY_RATIO":0.701948335351}],"count":19},"success":true,"message":"ok","code":0}