{"version":"ed2570ab3e05b83f0b1d5b2b56780f78","result":{"pages":8,"data":[{"SECUCODE":"01618.HK","SECURITY_CODE":"01618","SECURITY_NAME_ABBR":"中国中冶","ORG_CODE":"10119563","STD_REPORT_DATE":"2024-09-30 00:00:00","REPORT_DATE":"2024-09-30 00:00:00","DATE_TYPE_CODE":"004","REPORT_TYPE":"2024年三季报","PER_NETCASH_OPERATE":-1.483119900432,"PER_OI":19.910492979784,"BPS":4.925347795802,"BASIC_EPS":0.24,"DILUTED_EPS":0.24,"OPERATE_INCOME":412617474000,"OPERATE_INCOME_YOY":-11.7065093393,"GROSS_PROFIT":37315341000,"GROSS_PROFIT_YOY":-13.433864970359,"HOLDER_PROFIT":6830755000,"HOLDER_PROFIT_YOY":-16.5335485218,"GROSS_PROFIT_RATIO":9.043567796162,"EPS_TTM":0.353091172926,"OPERATE_INCOME_QOQ":-3.190974079534,"NET_PROFIT_RATIO":1.8659495744,"ROE_AVG":4.563706229032,"GROSS_PROFIT_QOQ":-3.20810301295,"ROA":0.985246512034,"HOLDER_PROFIT_QOQ":30.605751929414,"ROE_YEARLY":6.084941638709,"ROIC_YEARLY":1.087278120554,"TOTAL_ASSETS":725006073000,"TOTAL_LIABILITIES":541624798000,"TAX_EBT":13.656891280519,"OCF_SALES":-7.448936105891,"TOTAL_PARENT_EQUITY":153871032000,"DEBT_ASSET_RATIO":74.7062429089,"OPERATE_PROFIT":9923378000,"PRETAX_PROFIT":8917022000,"NETCASH_OPERATE":-30735612000,"NETCASH_INVEST":-2956379000,"NETCASH_FINANCE":25562222000,"END_CASH":25835774000,"DIVI_RATIO":0.202663678865,"DIVIDEND_RATE":5.029554140127,"CURRENT_RATIO":1.087282785306,"COMMON_ACS":null,"CURRENTDEBT_DEBT":91.759958893167,"ISSUED_COMMON_SHARES":20723619170,"HK_COMMON_SHARES":2871000000,"PER_SHARES":1000,"TOTAL_MARKET_CAP":32536082096.9,"HKSK_MARKET_CAP":4507470000,"PE_TTM":3.956294621468,"PB_TTM":0.287453873046,"REPORT_DATE_SQ":"2023-09-30 00:00:00","REPORT_TYPE_SQ":"2023年三季报","OPERATE_INCOME_SQ":467324908000,"DPS_HKD":0.078964,"OPERATE_INCOME_QOQ_SQ":3.922690335068,"NET_PROFIT_RATIO_SQ":2.2466940709,"HOLDER_PROFIT_SQ":8183833000,"HOLDER_PROFIT_QOQ_SQ":1.099868890656,"ROE_AVG_SQ":6.105089678186,"PE_TTM_SQ":2.471336425303,"PB_TTM_SQ":0.300520188144,"ROA_SQ":1.297193134343,"START_DATE":"2024-01-01 00:00:00","FISCAL_YEAR":"12-31","CURRENCY":"HKD","IS_CNY_CODE":0,"DPS_HKD_LY":0.078964,"ORG_TYPE":"一般企业","PREMIUM_INCOME":null,"PREMIUM_INCOME_YOY":null,"NET_INTEREST_INCOME":null,"NET_INTEREST_INCOME_YOY":null,"FEE_COMMISSION_INCOME":null,"FEE_COMMISSION_INCOME_YOY":null,"ACCOUNTS_RECE_TDAYS":2.501732397538,"INVENTORY_TDAYS":4.693862452652,"CURRENT_ASSETS_TDAYS":0.805494120413,"TOTAL_ASSETS_TDAYS":0.595146403381,"PREMIUM_EXPENSE":null,"LOAN_DEPOSIT":null,"LOAN_EQUITY":null,"LOAN_ASSETS":null,"DEPOSIT_EQUITY":null,"DEPOSIT_ASSETS":null,"EQUITY_MULTIPLIER":3.953544728046,"EQUITY_RATIO":3.519991976138},{"SECUCODE":"01618.HK","SECURITY_CODE":"01618","SECURITY_NAME_ABBR":"中国中冶","ORG_CODE":"10119563","STD_REPORT_DATE":"2024-06-30 00:00:00","REPORT_DATE":"2024-06-30 00:00:00","DATE_TYPE_CODE":"002","REPORT_TYPE":"2024年中报","PER_NETCASH_OPERATE":-1.370714244794,"PER_OI":14.42033481452,"BPS":4.778306056857,"BASIC_EPS":0.11,"DILUTED_EPS":0.11,"OPERATE_INCOME":298841527000,"OPERATE_INCOME_YOY":-10.6492418828,"GROSS_PROFIT":27041338000,"GROSS_PROFIT_YOY":-12.737739573313,"HOLDER_PROFIT":4149738000,"HOLDER_PROFIT_YOY":-42.5047827957,"GROSS_PROFIT_RATIO":9.048721665781,"EPS_TTM":0.270348868798,"OPERATE_INCOME_QOQ":-6.430415840839,"NET_PROFIT_RATIO":1.5729514058,"ROE_AVG":2.804786905585,"GROSS_PROFIT_QOQ":-4.29179228443,"ROA":0.585644040403,"HOLDER_PROFIT_QOQ":-29.767266768473,"ROE_YEARLY":5.609573811169,"ROIC_YEARLY":1.293786266661,"TOTAL_ASSETS":755551432000,"TOTAL_LIABILITIES":585496516000,"TAX_EBT":17.259117347409,"OCF_SALES":-9.505425930982,"TOTAL_PARENT_EQUITY":150423795000,"DEBT_ASSET_RATIO":77.4926088685,"OPERATE_PROFIT":6318448000,"PRETAX_PROFIT":5681148000,"NETCASH_OPERATE":-28406160000,"NETCASH_INVEST":-1700932000,"NETCASH_FINANCE":31704769000,"END_CASH":35459471000,"DIVI_RATIO":0.26469042167,"DIVIDEND_RATE":4.785696969697,"CURRENT_RATIO":1.064230063017,"COMMON_ACS":null,"CURRENTDEBT_DEBT":91.986085191325,"ISSUED_COMMON_SHARES":20723619170,"HK_COMMON_SHARES":2871000000,"PER_SHARES":1000,"TOTAL_MARKET_CAP":34193971630.5,"HKSK_MARKET_CAP":4737150000,"PE_TTM":4.157889251862,"PB_TTM":0.302101204156,"REPORT_DATE_SQ":"2023-06-30 00:00:00","REPORT_TYPE_SQ":"2023年中报","OPERATE_INCOME_SQ":334458860000,"DPS_HKD":0.078964,"OPERATE_INCOME_QOQ_SQ":3.041748292146,"NET_PROFIT_RATIO_SQ":2.5949302105,"HOLDER_PROFIT_SQ":7217536000,"HOLDER_PROFIT_QOQ_SQ":5.964310423697,"ROE_AVG_SQ":5.522489794243,"PE_TTM_SQ":2.295951259636,"PB_TTM_SQ":0.279192948986,"ROA_SQ":1.152402656584,"START_DATE":"2024-01-01 00:00:00","FISCAL_YEAR":"12-31","CURRENCY":"HKD","IS_CNY_CODE":0,"DPS_HKD_LY":0.078964,"ORG_TYPE":"一般企业","PREMIUM_INCOME":null,"PREMIUM_INCOME_YOY":null,"NET_INTEREST_INCOME":null,"NET_INTEREST_INCOME_YOY":null,"FEE_COMMISSION_INCOME":null,"FEE_COMMISSION_INCOME_YOY":null,"ACCOUNTS_RECE_TDAYS":1.762475596526,"INVENTORY_TDAYS":3.395976380513,"CURRENT_ASSETS_TDAYS":0.565290761646,"TOTAL_ASSETS_TDAYS":0.421748937674,"PREMIUM_EXPENSE":null,"LOAN_DEPOSIT":null,"LOAN_EQUITY":null,"LOAN_ASSETS":null,"DEPOSIT_EQUITY":null,"DEPOSIT_ASSETS":null,"EQUITY_MULTIPLIER":4.442984947289,"EQUITY_RATIO":3.892313154312},{"SECUCODE":"01618.HK","SECURITY_CODE":"01618","SECURITY_NAME_ABBR":"中国中冶","ORG_CODE":"10119563","STD_REPORT_DATE":"2024-03-31 00:00:00","REPORT_DATE":"2024-03-31 00:00:00","DATE_TYPE_CODE":"003","REPORT_TYPE":"2024年一季报","PER_NETCASH_OPERATE":-1.483687127609,"PER_OI":7.235669733647,"BPS":4.860422408544,"BASIC_EPS":0.12,"DILUTED_EPS":0.12,"OPERATE_INCOME":149949264000,"OPERATE_INCOME_YOY":3.805141335,"GROSS_PROFIT":12274603000,"GROSS_PROFIT_YOY":-10.042663509251,"HOLDER_PROFIT":2678657000,"HOLDER_PROFIT_YOY":-20.5584751443,"GROSS_PROFIT_RATIO":8.185837444324,"EPS_TTM":0.384932860161,"OPERATE_INCOME_QOQ":0.867153097735,"NET_PROFIT_RATIO":2.0972787169,"ROE_AVG":1.800138085381,"GROSS_PROFIT_QOQ":-2.231286885067,"ROA":0.392564254658,"HOLDER_PROFIT_QOQ":-7.995047520848,"ROE_YEARLY":7.200552341525,"ROIC_YEARLY":1.75003415135,"TOTAL_ASSETS":703095119000,"TOTAL_LIABILITIES":528049613000,"TAX_EBT":19.130498063542,"OCF_SALES":-20.505180338865,"TOTAL_PARENT_EQUITY":152125543000,"DEBT_ASSET_RATIO":75.103581113,"OPERATE_PROFIT":4111621000,"PRETAX_PROFIT":3888801000,"NETCASH_OPERATE":-30747367000,"NETCASH_INVEST":-675735000,"NETCASH_FINANCE":36669904000,"END_CASH":39158146000,"DIVI_RATIO":0.185899317741,"DIVIDEND_RATE":4.785696969697,"CURRENT_RATIO":1.097608274954,"COMMON_ACS":null,"CURRENTDEBT_DEBT":90.600939612847,"ISSUED_COMMON_SHARES":20723619170,"HK_COMMON_SHARES":2871000000,"PER_SHARES":1000,"TOTAL_MARKET_CAP":34193971630.5,"HKSK_MARKET_CAP":4737150000,"PE_TTM":4.157889251862,"PB_TTM":0.302101204156,"REPORT_DATE_SQ":"2023-03-31 00:00:00","REPORT_TYPE_SQ":"2023年一季报","OPERATE_INCOME_SQ":144452637000,"DPS_HKD":0.078964,"OPERATE_INCOME_QOQ_SQ":4.458779991813,"NET_PROFIT_RATIO_SQ":3.0382844447,"HOLDER_PROFIT_SQ":3371860000,"HOLDER_PROFIT_QOQ_SQ":6.724727343491,"ROE_AVG_SQ":2.560912799471,"PE_TTM_SQ":2.295951259636,"PB_TTM_SQ":0.279192948986,"ROA_SQ":0.552053649983,"START_DATE":"2024-01-01 00:00:00","FISCAL_YEAR":"12-31","CURRENCY":"HKD","IS_CNY_CODE":0,"DPS_HKD_LY":0.078964,"ORG_TYPE":"一般企业","PREMIUM_INCOME":null,"PREMIUM_INCOME_YOY":null,"NET_INTEREST_INCOME":null,"NET_INTEREST_INCOME_YOY":null,"FEE_COMMISSION_INCOME":null,"FEE_COMMISSION_INCOME_YOY":null,"ACCOUNTS_RECE_TDAYS":0.996036383451,"INVENTORY_TDAYS":1.699514367897,"CURRENT_ASSETS_TDAYS":0.29715006551,"TOTAL_ASSETS_TDAYS":0.219754604859,"PREMIUM_EXPENSE":null,"LOAN_DEPOSIT":null,"LOAN_EQUITY":null,"LOAN_ASSETS":null,"DEPOSIT_EQUITY":null,"DEPOSIT_ASSETS":null,"EQUITY_MULTIPLIER":4.016641929664,"EQUITY_RATIO":3.471143652713},{"SECUCODE":"01618.HK","SECURITY_CODE":"01618","SECURITY_NAME_ABBR":"中国中冶","ORG_CODE":"10119563","STD_REPORT_DATE":"2023-12-31 00:00:00","REPORT_DATE":"2023-12-31 00:00:00","DATE_TYPE_CODE":"001","REPORT_TYPE":"2023年年报","PER_NETCASH_OPERATE":0.284303670689,"PER_OI":30.586859216058,"BPS":4.732772842206,"BASIC_EPS":0.33,"DILUTED_EPS":0.33,"OPERATE_INCOME":633870422000,"OPERATE_INCOME_YOY":6.9518306162,"GROSS_PROFIT":61413573000,"GROSS_PROFIT_YOY":7.456270152128,"HOLDER_PROFIT":8670405000,"HOLDER_PROFIT_YOY":-15.6262434695,"GROSS_PROFIT_RATIO":9.688663624062,"EPS_TTM":0.418382760698,"OPERATE_INCOME_QOQ":-4.386399338114,"NET_PROFIT_RATIO":1.7994385925,"ROE_AVG":6.504516641282,"GROSS_PROFIT_QOQ":-1.077700660851,"ROA":1.390617159674,"HOLDER_PROFIT_QOQ":-26.176604389707,"ROE_YEARLY":6.504516641282,"ROIC_YEARLY":1.585446688842,"TOTAL_ASSETS":661602236000,"TOTAL_LIABILITIES":493611071000,"TAX_EBT":17.135503588436,"OCF_SALES":0.929496123421,"TOTAL_PARENT_EQUITY":145480182000,"DEBT_ASSET_RATIO":74.6084345156,"OPERATE_PROFIT":14753893000,"PRETAX_PROFIT":13764772000,"NETCASH_OPERATE":5891801000,"NETCASH_INVEST":-6724503000,"NETCASH_FINANCE":1156118000,"END_CASH":33850108000,"DIVI_RATIO":0.171036578947,"DIVIDEND_RATE":4.785696969697,"CURRENT_RATIO":1.078685509811,"COMMON_ACS":null,"CURRENTDEBT_DEBT":90.925522008804,"ISSUED_COMMON_SHARES":20723619170,"HK_COMMON_SHARES":2871000000,"PER_SHARES":1000,"TOTAL_MARKET_CAP":34193971630.5,"HKSK_MARKET_CAP":4737150000,"PE_TTM":4.157889251862,"PB_TTM":0.302101204156,"REPORT_DATE_SQ":"2022-12-31 00:00:00","REPORT_TYPE_SQ":"2022年年报","OPERATE_INCOME_SQ":592669072000,"DPS_HKD":0.078964,"OPERATE_INCOME_QOQ_SQ":8.126058071974,"NET_PROFIT_RATIO_SQ":2.1812293927,"HOLDER_PROFIT_SQ":10276187000,"HOLDER_PROFIT_QOQ_SQ":14.670556310362,"ROE_AVG_SQ":8.987058809485,"PE_TTM_SQ":2.295951259636,"PB_TTM_SQ":0.279192948986,"ROA_SQ":1.819961148812,"START_DATE":"2023-01-01 00:00:00","FISCAL_YEAR":"12-31","CURRENCY":"HKD","IS_CNY_CODE":0,"DPS_HKD_LY":0.0908357,"ORG_TYPE":"一般企业","PREMIUM_INCOME":null,"PREMIUM_INCOME_YOY":null,"NET_INTEREST_INCOME":null,"NET_INTEREST_INCOME_YOY":null,"FEE_COMMISSION_INCOME":null,"FEE_COMMISSION_INCOME_YOY":null,"ACCOUNTS_RECE_TDAYS":4.958586299984,"INVENTORY_TDAYS":7.154630933976,"CURRENT_ASSETS_TDAYS":1.374483789789,"TOTAL_ASSETS_TDAYS":1.016643496865,"PREMIUM_EXPENSE":null,"LOAN_DEPOSIT":null,"LOAN_EQUITY":null,"LOAN_ASSETS":null,"DEPOSIT_EQUITY":null,"DEPOSIT_ASSETS":null,"EQUITY_MULTIPLIER":3.938315660822,"EQUITY_RATIO":3.392978096494},{"SECUCODE":"01618.HK","SECURITY_CODE":"01618","SECURITY_NAME_ABBR":"中国中冶","ORG_CODE":"10119563","STD_REPORT_DATE":"2023-09-30 00:00:00","REPORT_DATE":"2023-09-30 00:00:00","DATE_TYPE_CODE":"004","REPORT_TYPE":"2023年三季报","PER_NETCASH_OPERATE":-1.084606111298,"PER_OI":22.550352048377,"BPS":4.7328817035,"BASIC_EPS":0.31,"DILUTED_EPS":0.31,"OPERATE_INCOME":467324908000,"OPERATE_INCOME_YOY":17.7010610874,"GROSS_PROFIT":43106165000,"GROSS_PROFIT_YOY":12.915248322617,"HOLDER_PROFIT":8183833000,"HOLDER_PROFIT_YOY":21.939336922,"GROSS_PROFIT_RATIO":9.22402471216,"EPS_TTM":0.566734647247,"OPERATE_INCOME_QOQ":3.922690335068,"NET_PROFIT_RATIO":2.2466940709,"ROE_AVG":6.105089678186,"GROSS_PROFIT_QOQ":1.559684677776,"ROA":1.297193134343,"HOLDER_PROFIT_QOQ":1.099868890656,"ROE_YEARLY":8.140119570915,"ROIC_YEARLY":1.491714417251,"TOTAL_ASSETS":676391175000,"TOTAL_LIABILITIES":504049789000,"TAX_EBT":17.234967280203,"OCF_SALES":-4.809708109973,"TOTAL_PARENT_EQUITY":146982438000,"DEBT_ASSET_RATIO":74.5204561547,"OPERATE_PROFIT":13202285000,"PRETAX_PROFIT":12685745000,"NETCASH_OPERATE":-22476964000,"NETCASH_INVEST":-3367004000,"NETCASH_FINANCE":32818070000,"END_CASH":40905321000,"DIVI_RATIO":0.126265010314,"DIVIDEND_RATE":4.785696969697,"CURRENT_RATIO":1.126688549007,"COMMON_ACS":null,"CURRENTDEBT_DEBT":90.436120984072,"ISSUED_COMMON_SHARES":20723619170,"HK_COMMON_SHARES":2871000000,"PER_SHARES":1000,"TOTAL_MARKET_CAP":34193971630.5,"HKSK_MARKET_CAP":4737150000,"PE_TTM":4.157889251862,"PB_TTM":0.302101204156,"REPORT_DATE_SQ":"2022-09-30 00:00:00","REPORT_TYPE_SQ":"2022年三季报","OPERATE_INCOME_SQ":397043921000,"DPS_HKD":0.078964,"OPERATE_INCOME_QOQ_SQ":1.736859233355,"NET_PROFIT_RATIO_SQ":2.252491356,"HOLDER_PROFIT_SQ":6711397000,"HOLDER_PROFIT_QOQ_SQ":-3.764882063424,"ROE_AVG_SQ":6.101504075884,"PE_TTM_SQ":2.295951259636,"PB_TTM_SQ":0.279192948986,"ROA_SQ":1.143613237859,"START_DATE":"2023-01-01 00:00:00","FISCAL_YEAR":"12-31","CURRENCY":"HKD","IS_CNY_CODE":0,"DPS_HKD_LY":0.0908357,"ORG_TYPE":"一般企业","PREMIUM_INCOME":null,"PREMIUM_INCOME_YOY":null,"NET_INTEREST_INCOME":null,"NET_INTEREST_INCOME_YOY":null,"FEE_COMMISSION_INCOME":null,"FEE_COMMISSION_INCOME_YOY":null,"ACCOUNTS_RECE_TDAYS":3.776123860475,"INVENTORY_TDAYS":5.090631961435,"CURRENT_ASSETS_TDAYS":0.981982517346,"TOTAL_ASSETS_TDAYS":0.74074173088,"PREMIUM_EXPENSE":null,"LOAN_DEPOSIT":null,"LOAN_EQUITY":null,"LOAN_ASSETS":null,"DEPOSIT_EQUITY":null,"DEPOSIT_ASSETS":null,"EQUITY_MULTIPLIER":3.924717043882,"EQUITY_RATIO":3.429319827992},{"SECUCODE":"01618.HK","SECURITY_CODE":"01618","SECURITY_NAME_ABBR":"中国中冶","ORG_CODE":"10119563","STD_REPORT_DATE":"2023-06-30 00:00:00","REPORT_DATE":"2023-06-30 00:00:00","DATE_TYPE_CODE":"002","REPORT_TYPE":"2023年中报","PER_NETCASH_OPERATE":-0.700477020009,"PER_OI":16.139017864417,"BPS":4.669588222316,"BASIC_EPS":0.26,"DILUTED_EPS":0.26,"OPERATE_INCOME":334458860000,"OPERATE_INCOME_YOY":15.6489783523,"GROSS_PROFIT":30988583000,"GROSS_PROFIT_YOY":14.72357240736,"HOLDER_PROFIT":7217536000,"HOLDER_PROFIT_YOY":22.8961911651,"GROSS_PROFIT_RATIO":9.265289907404,"EPS_TTM":0.560569121865,"OPERATE_INCOME_QOQ":3.041748292146,"NET_PROFIT_RATIO":2.5949302105,"ROE_AVG":5.522489794243,"GROSS_PROFIT_QOQ":4.676073649887,"ROA":1.152402656584,"HOLDER_PROFIT_QOQ":5.964310423697,"ROE_YEARLY":11.044979588486,"ROIC_YEARLY":2.69958591074,"TOTAL_ASSETS":667222233000,"TOTAL_LIABILITIES":492167238000,"TAX_EBT":12.321002067166,"OCF_SALES":-4.340270429673,"TOTAL_PARENT_EQUITY":140270768000,"DEBT_ASSET_RATIO":73.7636148285,"OPERATE_PROFIT":10147177000,"PRETAX_PROFIT":9898578000,"NETCASH_OPERATE":-14516419000,"NETCASH_INVEST":-2517715000,"NETCASH_FINANCE":31102865000,"END_CASH":47673526000,"DIVI_RATIO":0.127653759882,"DIVIDEND_RATE":4.785696969697,"CURRENT_RATIO":1.145250665787,"COMMON_ACS":null,"CURRENTDEBT_DEBT":90.24760217786,"ISSUED_COMMON_SHARES":20723619170,"HK_COMMON_SHARES":2871000000,"PER_SHARES":1000,"TOTAL_MARKET_CAP":34193971630.5,"HKSK_MARKET_CAP":4737150000,"PE_TTM":4.157889251862,"PB_TTM":0.302101204156,"REPORT_DATE_SQ":"2022-06-30 00:00:00","REPORT_TYPE_SQ":"2022年中报","OPERATE_INCOME_SQ":289201742000,"DPS_HKD":0.078964,"OPERATE_INCOME_QOQ_SQ":2.784396532053,"NET_PROFIT_RATIO_SQ":2.543113658,"HOLDER_PROFIT_SQ":5872872000,"HOLDER_PROFIT_QOQ_SQ":4.368223668049,"ROE_AVG_SQ":5.369895242566,"PE_TTM_SQ":2.295951259636,"PB_TTM_SQ":0.279192948986,"ROA_SQ":1.017725977785,"START_DATE":"2023-01-01 00:00:00","FISCAL_YEAR":"12-31","CURRENCY":"HKD","IS_CNY_CODE":0,"DPS_HKD_LY":0.0908357,"ORG_TYPE":"一般企业","PREMIUM_INCOME":null,"PREMIUM_INCOME_YOY":null,"NET_INTEREST_INCOME":null,"NET_INTEREST_INCOME_YOY":null,"FEE_COMMISSION_INCOME":null,"FEE_COMMISSION_INCOME_YOY":null,"ACCOUNTS_RECE_TDAYS":2.823514063148,"INVENTORY_TDAYS":3.669807910697,"CURRENT_ASSETS_TDAYS":0.706436078845,"TOTAL_ASSETS_TDAYS":0.534020583731,"PREMIUM_EXPENSE":null,"LOAN_DEPOSIT":null,"LOAN_EQUITY":null,"LOAN_ASSETS":null,"DEPOSIT_EQUITY":null,"DEPOSIT_ASSETS":null,"EQUITY_MULTIPLIER":3.811500682976,"EQUITY_RATIO":3.50869425624},{"SECUCODE":"01618.HK","SECURITY_CODE":"01618","SECURITY_NAME_ABBR":"中国中冶","ORG_CODE":"10119563","STD_REPORT_DATE":"2023-03-31 00:00:00","REPORT_DATE":"2023-03-31 00:00:00","DATE_TYPE_CODE":"003","REPORT_TYPE":"2023年一季报","PER_NETCASH_OPERATE":-1.040246871126,"PER_OI":6.970434836455,"BPS":4.618710960418,"BASIC_EPS":0.15,"DILUTED_EPS":0.15,"OPERATE_INCOME":144452637000,"OPERATE_INCOME_YOY":22.3896640041,"GROSS_PROFIT":13644916000,"GROSS_PROFIT_YOY":10.051981633425,"HOLDER_PROFIT":3371860000,"HOLDER_PROFIT_YOY":25.7653654956,"GROSS_PROFIT_RATIO":9.445944555515,"EPS_TTM":0.529016911094,"OPERATE_INCOME_QOQ":4.458779991813,"NET_PROFIT_RATIO":3.0382844447,"ROE_AVG":2.560912799471,"GROSS_PROFIT_QOQ":2.180680714151,"ROA":0.552053649983,"HOLDER_PROFIT_QOQ":6.724727343491,"ROE_YEARLY":10.243651197883,"ROIC_YEARLY":2.586886202944,"TOTAL_ASSETS":636185289000,"TOTAL_LIABILITIES":459482188000,"TAX_EBT":17.669170111436,"OCF_SALES":-14.923701254412,"TOTAL_PARENT_EQUITY":142216407000,"DEBT_ASSET_RATIO":72.2245855012,"OPERATE_PROFIT":5522840000,"PRETAX_PROFIT":5330788000,"NETCASH_OPERATE":-21557680000,"NETCASH_INVEST":-1345130000,"NETCASH_FINANCE":35749953000,"END_CASH":46420975000,"DIVI_RATIO":0.135267426389,"DIVIDEND_RATE":4.785696969697,"CURRENT_RATIO":1.183790270546,"COMMON_ACS":null,"CURRENTDEBT_DEBT":89.639123725945,"ISSUED_COMMON_SHARES":20723619170,"HK_COMMON_SHARES":2871000000,"PER_SHARES":1000,"TOTAL_MARKET_CAP":34193971630.5,"HKSK_MARKET_CAP":4737150000,"PE_TTM":4.157889251862,"PB_TTM":0.302101204156,"REPORT_DATE_SQ":"2022-03-31 00:00:00","REPORT_TYPE_SQ":"2022年一季报","OPERATE_INCOME_SQ":118026827000,"DPS_HKD":0.078964,"OPERATE_INCOME_QOQ_SQ":4.715297428742,"NET_PROFIT_RATIO_SQ":3.2141209727,"HOLDER_PROFIT_SQ":2681072000,"HOLDER_PROFIT_QOQ_SQ":6.495939686948,"ROE_AVG_SQ":2.466308824158,"PE_TTM_SQ":2.295951259636,"PB_TTM_SQ":0.279192948986,"ROA_SQ":0.475742891813,"START_DATE":"2023-01-01 00:00:00","FISCAL_YEAR":"12-31","CURRENCY":"HKD","IS_CNY_CODE":0,"DPS_HKD_LY":0.0908357,"ORG_TYPE":"一般企业","PREMIUM_INCOME":null,"PREMIUM_INCOME_YOY":null,"NET_INTEREST_INCOME":null,"NET_INTEREST_INCOME_YOY":null,"FEE_COMMISSION_INCOME":null,"FEE_COMMISSION_INCOME_YOY":null,"ACCOUNTS_RECE_TDAYS":1.276141857438,"INVENTORY_TDAYS":1.574683305247,"CURRENT_ASSETS_TDAYS":0.312066799119,"TOTAL_ASSETS_TDAYS":0.236503311245,"PREMIUM_EXPENSE":null,"LOAN_DEPOSIT":null,"LOAN_EQUITY":null,"LOAN_ASSETS":null,"DEPOSIT_EQUITY":null,"DEPOSIT_ASSETS":null,"EQUITY_MULTIPLIER":3.600306307016,"EQUITY_RATIO":3.230866238942},{"SECUCODE":"01618.HK","SECURITY_CODE":"01618","SECURITY_NAME_ABBR":"中国中冶","ORG_CODE":"10119563","STD_REPORT_DATE":"2022-12-31 00:00:00","REPORT_DATE":"2022-12-31 00:00:00","DATE_TYPE_CODE":"001","REPORT_TYPE":"2022年年报","PER_NETCASH_OPERATE":0.875959978375,"PER_OI":28.598724341449,"BPS":4.468733633846,"BASIC_EPS":0.45,"DILUTED_EPS":0.45,"OPERATE_INCOME":592669072000,"OPERATE_INCOME_YOY":18.3984501623,"GROSS_PROFIT":57152154000,"GROSS_PROFIT_YOY":7.557240172815,"HOLDER_PROFIT":10276187000,"HOLDER_PROFIT_YOY":22.655448318,"GROSS_PROFIT_RATIO":9.643181448145,"EPS_TTM":0.495683544256,"OPERATE_INCOME_QOQ":8.126058071974,"NET_PROFIT_RATIO":2.1812293927,"ROE_AVG":8.987058809485,"GROSS_PROFIT_QOQ":1.15393260694,"ROA":1.819961148812,"HOLDER_PROFIT_QOQ":14.670556310362,"ROE_YEARLY":8.987058809485,"ROIC_YEARLY":2.147117172058,"TOTAL_ASSETS":585392827000,"TOTAL_LIABILITIES":423475265000,"TAX_EBT":15.985365494907,"OCF_SALES":3.062933744584,"TOTAL_PARENT_EQUITY":121116261000,"DEBT_ASSET_RATIO":72.3414003233,"OPERATE_PROFIT":16332957000,"PRETAX_PROFIT":15392116000,"NETCASH_OPERATE":18153061000,"NETCASH_INVEST":-6559348000,"NETCASH_FINANCE":-9670175000,"END_CASH":33468217000,"DIVI_RATIO":0.144363791998,"DIVIDEND_RATE":4.785696969697,"CURRENT_RATIO":1.135704903867,"COMMON_ACS":null,"CURRENTDEBT_DEBT":91.113857381965,"ISSUED_COMMON_SHARES":20723619170,"HK_COMMON_SHARES":2871000000,"PER_SHARES":1000,"TOTAL_MARKET_CAP":34193971630.5,"HKSK_MARKET_CAP":4737150000,"PE_TTM":4.157889251862,"PB_TTM":0.302101204156,"REPORT_DATE_SQ":"2021-12-31 00:00:00","REPORT_TYPE_SQ":"2021年年报","OPERATE_INCOME_SQ":500571647000,"DPS_HKD":0.078964,"OPERATE_INCOME_QOQ_SQ":3.9329876302,"NET_PROFIT_RATIO_SQ":2.3187877439,"HOLDER_PROFIT_SQ":8374970000,"HOLDER_PROFIT_QOQ_SQ":-10.743599600428,"ROE_AVG_SQ":8.155322098278,"PE_TTM_SQ":2.295951259636,"PB_TTM_SQ":0.279192948986,"ROA_SQ":1.595440380794,"START_DATE":"2022-01-01 00:00:00","FISCAL_YEAR":"12-31","CURRENCY":"HKD","IS_CNY_CODE":0,"DPS_HKD_LY":0.091394,"ORG_TYPE":"一般企业","PREMIUM_INCOME":null,"PREMIUM_INCOME_YOY":null,"NET_INTEREST_INCOME":null,"NET_INTEREST_INCOME_YOY":null,"FEE_COMMISSION_INCOME":null,"FEE_COMMISSION_INCOME_YOY":null,"ACCOUNTS_RECE_TDAYS":5.696599347281,"INVENTORY_TDAYS":7.55333493427,"CURRENT_ASSETS_TDAYS":1.393660733041,"TOTAL_ASSETS_TDAYS":1.050036213833,"PREMIUM_EXPENSE":null,"LOAN_DEPOSIT":null,"LOAN_EQUITY":null,"LOAN_ASSETS":null,"DEPOSIT_EQUITY":null,"DEPOSIT_ASSETS":null,"EQUITY_MULTIPLIER":3.615512034915,"EQUITY_RATIO":3.496436081362},{"SECUCODE":"01618.HK","SECURITY_CODE":"01618","SECURITY_NAME_ABBR":"中国中冶","ORG_CODE":"10119563","STD_REPORT_DATE":"2022-09-30 00:00:00","REPORT_DATE":"2022-09-30 00:00:00","DATE_TYPE_CODE":"004","REPORT_TYPE":"2022年三季报","PER_NETCASH_OPERATE":-0.075737929129,"PER_OI":19.159004889203,"BPS":4.284800944834,"BASIC_EPS":0.28,"DILUTED_EPS":0.28,"OPERATE_INCOME":397043921000,"OPERATE_INCOME_YOY":13.6074136243,"GROSS_PROFIT":38175681000,"GROSS_PROFIT_YOY":9.662411831414,"HOLDER_PROFIT":6711397000,"HOLDER_PROFIT_YOY":9.516254312,"GROSS_PROFIT_RATIO":9.614976827715,"EPS_TTM":0.432267497608,"OPERATE_INCOME_QOQ":1.736859233355,"NET_PROFIT_RATIO":2.252491356,"ROE_AVG":6.101504075884,"GROSS_PROFIT_QOQ":1.433208976017,"ROA":1.143613237859,"HOLDER_PROFIT_QOQ":-3.764882063424,"ROE_YEARLY":8.135338767845,"ROIC_YEARLY":1.361028196282,"TOTAL_ASSETS":630247816000,"TOTAL_LIABILITIES":473000376000,"TAX_EBT":18.074162313444,"OCF_SALES":-0.395312436984,"TOTAL_PARENT_EQUITY":112496583000,"DEBT_ASSET_RATIO":75.0499032273,"OPERATE_PROFIT":10872666000,"PRETAX_PROFIT":10916434000,"NETCASH_OPERATE":-1569564000,"NETCASH_INVEST":-3473279000,"NETCASH_FINANCE":18976210000,"END_CASH":45778439000,"DIVI_RATIO":0.165542763395,"DIVIDEND_RATE":4.785696969697,"CURRENT_RATIO":1.141423476744,"COMMON_ACS":null,"CURRENTDEBT_DEBT":90.573892693904,"ISSUED_COMMON_SHARES":20723619170,"HK_COMMON_SHARES":2871000000,"PER_SHARES":1000,"TOTAL_MARKET_CAP":34193971630.5,"HKSK_MARKET_CAP":4737150000,"PE_TTM":4.157889251862,"PB_TTM":0.302101204156,"REPORT_DATE_SQ":"2021-09-30 00:00:00","REPORT_TYPE_SQ":"2021年三季报","OPERATE_INCOME_SQ":349487686000,"DPS_HKD":0.078964,"OPERATE_INCOME_QOQ_SQ":2.353958218449,"NET_PROFIT_RATIO_SQ":2.4407400723,"HOLDER_PROFIT_SQ":6128220000,"HOLDER_PROFIT_QOQ_SQ":1.904573138945,"ROE_AVG_SQ":5.957544714286,"PE_TTM_SQ":2.295951259636,"PB_TTM_SQ":0.279192948986,"ROA_SQ":1.13190626792,"START_DATE":"2022-01-01 00:00:00","FISCAL_YEAR":"12-31","CURRENCY":"HKD","IS_CNY_CODE":0,"DPS_HKD_LY":0.091394,"ORG_TYPE":"一般企业","PREMIUM_INCOME":null,"PREMIUM_INCOME_YOY":null,"NET_INTEREST_INCOME":null,"NET_INTEREST_INCOME_YOY":null,"FEE_COMMISSION_INCOME":null,"FEE_COMMISSION_INCOME_YOY":null,"ACCOUNTS_RECE_TDAYS":3.588813097433,"INVENTORY_TDAYS":5.193800201485,"CURRENT_ASSETS_TDAYS":0.881029199875,"TOTAL_ASSETS_TDAYS":0.676557628862,"PREMIUM_EXPENSE":null,"LOAN_DEPOSIT":null,"LOAN_EQUITY":null,"LOAN_ASSETS":null,"DEPOSIT_EQUITY":null,"DEPOSIT_ASSETS":null,"EQUITY_MULTIPLIER":4.008000486372,"EQUITY_RATIO":4.20457549364}],"count":65},"success":true,"message":"ok","code":0}