{"version":"52e47c8ebd44903e3c5cf860651cfdb2","result":{"pages":3,"data":[{"SECUCODE":"01611.HK","SECURITY_CODE":"01611","SECURITY_NAME_ABBR":"新火科技控股","ORG_CODE":"10528560","STD_REPORT_DATE":"2024-12-31 00:00:00","REPORT_DATE":"2024-09-30 00:00:00","DATE_TYPE_CODE":"001","REPORT_TYPE":"2024年年报","PER_NETCASH_OPERATE":-0.020770015598,"PER_OI":3.037289644889,"BPS":0.544886734311,"BASIC_EPS":0.105148714,"DILUTED_EPS":0.104878177,"OPERATE_INCOME":1415257502.73,"OPERATE_INCOME_YOY":-44.6144773605,"GROSS_PROFIT":39880760.96,"GROSS_PROFIT_YOY":318.332963055935,"HOLDER_PROFIT":48987036.38,"HOLDER_PROFIT_YOY":118.9030904301,"GROSS_PROFIT_RATIO":2.817915530076,"EPS_TTM":0.105131269782,"OPERATE_INCOME_QOQ":0,"NET_PROFIT_RATIO":3.5896818312,"ROE_AVG":22.251305147473,"GROSS_PROFIT_QOQ":0,"ROA":8.980943476863,"HOLDER_PROFIT_QOQ":0,"ROE_YEARLY":22.251305147473,"ROIC_YEARLY":13.300393708499,"TOTAL_ASSETS":415791020.67,"TOTAL_LIABILITIES":161568303.56,"TAX_EBT":0.076269532982,"OCF_SALES":-0.683833879088,"TOTAL_PARENT_EQUITY":254222717.11,"DEBT_ASSET_RATIO":38.8580550151,"OPERATE_PROFIT":53774639.49,"PRETAX_PROFIT":50842018.41,"NETCASH_OPERATE":-9678010.28,"NETCASH_INVEST":-19763629.64,"NETCASH_FINANCE":-201794450.09,"END_CASH":56165284.78,"DIVI_RATIO":null,"DIVIDEND_RATE":null,"CURRENT_RATIO":2.473883716726,"COMMON_ACS":500000000,"CURRENTDEBT_DEBT":98.801098434953,"ISSUED_COMMON_SHARES":466560665,"HK_COMMON_SHARES":466560665,"PER_SHARES":500,"TOTAL_MARKET_CAP":811815557.1,"HKSK_MARKET_CAP":811815557.1,"PE_TTM":14.944507880785,"PB_TTM":2.8797078387,"REPORT_DATE_SQ":"2023-12-31 00:00:00","REPORT_TYPE_SQ":"2023年年报","OPERATE_INCOME_SQ":2600167921.47,"DPS_HKD":null,"OPERATE_INCOME_QOQ_SQ":0,"NET_PROFIT_RATIO_SQ":-10.1883525688,"HOLDER_PROFIT_SQ":-263700250.73,"HOLDER_PROFIT_QOQ_SQ":0,"ROE_AVG_SQ":-168.408252485503,"PE_TTM_SQ":-4.637376429424,"PB_TTM_SQ":6.458189977708,"ROA_SQ":-31.630743694676,"START_DATE":"2023-10-01 00:00:00","FISCAL_YEAR":"9-30","CURRENCY":"HKD","IS_CNY_CODE":0,"DPS_HKD_LY":null,"ORG_TYPE":"一般企业","PREMIUM_INCOME":null,"PREMIUM_INCOME_YOY":null,"NET_INTEREST_INCOME":null,"NET_INTEREST_INCOME_YOY":null,"FEE_COMMISSION_INCOME":null,"FEE_COMMISSION_INCOME_YOY":null,"ACCOUNTS_RECE_TDAYS":10.287824160264,"INVENTORY_TDAYS":null,"CURRENT_ASSETS_TDAYS":2.829243449636,"TOTAL_ASSETS_TDAYS":2.594634943545,"PREMIUM_EXPENSE":null,"LOAN_DEPOSIT":null,"LOAN_EQUITY":null,"LOAN_ASSETS":null,"DEPOSIT_EQUITY":null,"DEPOSIT_ASSETS":null,"EQUITY_MULTIPLIER":1.635538418424,"EQUITY_RATIO":0.635538418426},{"SECUCODE":"01611.HK","SECURITY_CODE":"01611","SECURITY_NAME_ABBR":"新火科技控股","ORG_CODE":"10528560","STD_REPORT_DATE":"2024-06-30 00:00:00","REPORT_DATE":"2024-03-31 00:00:00","DATE_TYPE_CODE":"002","REPORT_TYPE":"2024年中报","PER_NETCASH_OPERATE":-0.101845677038,"PER_OI":1.275518465491,"BPS":0.616008551857,"BASIC_EPS":0.19418301,"DILUTED_EPS":0.19418301,"OPERATE_INCOME":594341432.4,"OPERATE_INCOME_YOY":-72.649894977,"GROSS_PROFIT":29137423.55,"GROSS_PROFIT_YOY":331.333865365701,"HOLDER_PROFIT":90485475.15,"HOLDER_PROFIT_YOY":141.329407965,"GROSS_PROFIT_RATIO":4.902472209003,"EPS_TTM":0.081985443728,"OPERATE_INCOME_QOQ":0,"NET_PROFIT_RATIO":15.4310197557,"ROE_AVG":38.141548620319,"GROSS_PROFIT_QOQ":0,"ROA":18.495808409864,"HOLDER_PROFIT_QOQ":0,"ROE_YEARLY":76.283097240639,"ROIC_YEARLY":56.722889649137,"TOTAL_ASSETS":299759823,"TOTAL_LIABILITIES":12354463.4,"TAX_EBT":-1.915056514819,"OCF_SALES":-7.984649363644,"TOTAL_PARENT_EQUITY":287405359.6,"DEBT_ASSET_RATIO":4.1214540616,"OPERATE_PROFIT":89626065.75,"PRETAX_PROFIT":89989592.3,"NETCASH_OPERATE":-47456079.4,"NETCASH_INVEST":666314.25,"NETCASH_FINANCE":-202197818.55,"END_CASH":40661487.15,"DIVI_RATIO":null,"DIVIDEND_RATE":null,"CURRENT_RATIO":24.237232169064,"COMMON_ACS":500000000,"CURRENTDEBT_DEBT":100,"ISSUED_COMMON_SHARES":466560665,"HK_COMMON_SHARES":466560665,"PER_SHARES":500,"TOTAL_MARKET_CAP":844474803.65,"HKSK_MARKET_CAP":844474803.65,"PE_TTM":15.545723715069,"PB_TTM":2.99555815405,"REPORT_DATE_SQ":"2023-06-30 00:00:00","REPORT_TYPE_SQ":"2023年中报","OPERATE_INCOME_SQ":2098440933.95,"DPS_HKD":null,"OPERATE_INCOME_QOQ_SQ":0,"NET_PROFIT_RATIO_SQ":-9.2725472598,"HOLDER_PROFIT_SQ":-211416767.46,"HOLDER_PROFIT_QOQ_SQ":0,"ROE_AVG_SQ":-1222.16543103666,"PE_TTM_SQ":-3.421281211918,"PB_TTM_SQ":4.764608689847,"ROA_SQ":-27.018929562338,"START_DATE":"2023-10-01 00:00:00","FISCAL_YEAR":"9-30","CURRENCY":"HKD","IS_CNY_CODE":0,"DPS_HKD_LY":null,"ORG_TYPE":"一般企业","PREMIUM_INCOME":null,"PREMIUM_INCOME_YOY":null,"NET_INTEREST_INCOME":null,"NET_INTEREST_INCOME_YOY":null,"FEE_COMMISSION_INCOME":null,"FEE_COMMISSION_INCOME_YOY":null,"ACCOUNTS_RECE_TDAYS":4.422686567164,"INVENTORY_TDAYS":null,"CURRENT_ASSETS_TDAYS":1.308870504057,"TOTAL_ASSETS_TDAYS":1.214871806275,"PREMIUM_EXPENSE":null,"LOAN_DEPOSIT":null,"LOAN_EQUITY":null,"LOAN_ASSETS":null,"DEPOSIT_EQUITY":null,"DEPOSIT_ASSETS":null,"EQUITY_MULTIPLIER":1.042986196977,"EQUITY_RATIO":0.042986196977},{"SECUCODE":"01611.HK","SECURITY_CODE":"01611","SECURITY_NAME_ABBR":"新火科技控股","ORG_CODE":"10528560","STD_REPORT_DATE":"2023-12-31 00:00:00","REPORT_DATE":"2023-09-30 00:00:00","DATE_TYPE_CODE":"001","REPORT_TYPE":"2023年年报","PER_NETCASH_OPERATE":-0.728224682161,"PER_OI":8.415854236558,"BPS":0.405848509539,"BASIC_EPS":-0.843669022,"DILUTED_EPS":-0.843669022,"OPERATE_INCOME":2600167921.47,"OPERATE_INCOME_YOY":-68.7130978678,"GROSS_PROFIT":9533258.07,"GROSS_PROFIT_YOY":-90.491196101338,"HOLDER_PROFIT":-263700250.73,"HOLDER_PROFIT_YOY":-43.9229729053,"GROSS_PROFIT_RATIO":0.366640092406,"EPS_TTM":-0.565928136295,"OPERATE_INCOME_QOQ":0,"NET_PROFIT_RATIO":-10.1883525688,"ROE_AVG":-168.408252485503,"GROSS_PROFIT_QOQ":0,"ROA":-31.630743694676,"HOLDER_PROFIT_QOQ":0,"ROE_YEARLY":-168.408252485503,"ROIC_YEARLY":-49.909904746522,"TOTAL_ASSETS":686978193.72,"TOTAL_LIABILITIES":490810922.84,"TAX_EBT":1.733333805857,"OCF_SALES":-8.653009684959,"TOTAL_PARENT_EQUITY":189352950.5,"DEBT_ASSET_RATIO":71.4449057229,"OPERATE_PROFIT":-248688741.56,"PRETAX_PROFIT":-258930409.99,"NETCASH_OPERATE":-224992782.07,"NETCASH_INVEST":10530721.88,"NETCASH_FINANCE":277177482.54,"END_CASH":293789338.43,"DIVI_RATIO":null,"DIVIDEND_RATE":null,"CURRENT_RATIO":1.581346113087,"COMMON_ACS":500000000,"CURRENTDEBT_DEBT":79.389681192369,"ISSUED_COMMON_SHARES":466560665,"HK_COMMON_SHARES":466560665,"PER_SHARES":500,"TOTAL_MARKET_CAP":858471623.6,"HKSK_MARKET_CAP":858471623.6,"PE_TTM":15.803387644048,"PB_TTM":3.0452082892,"REPORT_DATE_SQ":"2022-12-31 00:00:00","REPORT_TYPE_SQ":"2022年年报","OPERATE_INCOME_SQ":8191265263.44,"DPS_HKD":null,"OPERATE_INCOME_QOQ_SQ":0,"NET_PROFIT_RATIO_SQ":-2.1845337032,"HOLDER_PROFIT_SQ":-180589534.8,"HOLDER_PROFIT_QOQ_SQ":0,"ROE_AVG_SQ":-96.567634100219,"PE_TTM_SQ":-3.453710417718,"PB_TTM_SQ":4.809770857524,"ROA_SQ":-20.515576251168,"START_DATE":"2022-10-01 00:00:00","FISCAL_YEAR":"9-30","CURRENCY":"HKD","IS_CNY_CODE":0,"DPS_HKD_LY":null,"ORG_TYPE":"一般企业","PREMIUM_INCOME":null,"PREMIUM_INCOME_YOY":null,"NET_INTEREST_INCOME":null,"NET_INTEREST_INCOME_YOY":null,"FEE_COMMISSION_INCOME":null,"FEE_COMMISSION_INCOME_YOY":null,"ACCOUNTS_RECE_TDAYS":28.352985321046,"INVENTORY_TDAYS":null,"CURRENT_ASSETS_TDAYS":3.830185070414,"TOTAL_ASSETS_TDAYS":3.118891425376,"PREMIUM_EXPENSE":null,"LOAN_DEPOSIT":null,"LOAN_EQUITY":null,"LOAN_ASSETS":null,"DEPOSIT_EQUITY":null,"DEPOSIT_ASSETS":null,"EQUITY_MULTIPLIER":3.502002095654,"EQUITY_RATIO":2.59204264599},{"SECUCODE":"01611.HK","SECURITY_CODE":"01611","SECURITY_NAME_ABBR":"新火科技控股","ORG_CODE":"10528560","STD_REPORT_DATE":"2023-06-30 00:00:00","REPORT_DATE":"2023-03-31 00:00:00","DATE_TYPE_CODE":"002","REPORT_TYPE":"2023年中报","PER_NETCASH_OPERATE":-0.465001060054,"PER_OI":6.79193558167,"BPS":-0.179014485244,"BASIC_EPS":-0.684307997,"DILUTED_EPS":-0.684307997,"OPERATE_INCOME":2098440933.95,"OPERATE_INCOME_YOY":612.3007040912,"GROSS_PROFIT":-12595399.08,"GROSS_PROFIT_YOY":-115.350449431495,"HOLDER_PROFIT":-211416767.46,"HOLDER_PROFIT_YOY":-395.0212146678,"GROSS_PROFIT_RATIO":-0.192786489063,"EPS_TTM":-1.140726303751,"OPERATE_INCOME_QOQ":0,"NET_PROFIT_RATIO":-9.2725472598,"ROE_AVG":-1222.16543103666,"GROSS_PROFIT_QOQ":0,"ROA":-27.018929562338,"HOLDER_PROFIT_QOQ":0,"ROE_YEARLY":-2444.33086207333,"ROIC_YEARLY":-69.300548149413,"TOTAL_ASSETS":629671908.08,"TOTAL_LIABILITIES":694543290.72,"TAX_EBT":0.556166950131,"OCF_SALES":-6.54915377067,"TOTAL_PARENT_EQUITY":-83521117.28,"DEBT_ASSET_RATIO":110.3024101612,"OPERATE_PROFIT":-188542304.16,"PRETAX_PROFIT":-192500908.18,"NETCASH_OPERATE":-143667036.74,"NETCASH_INVEST":-59826394.81,"NETCASH_FINANCE":32723701.21,"END_CASH":31534894.43,"DIVI_RATIO":null,"DIVIDEND_RATE":null,"CURRENT_RATIO":1.661688500124,"COMMON_ACS":500000000,"CURRENTDEBT_DEBT":36.484360820376,"ISSUED_COMMON_SHARES":466560665,"HK_COMMON_SHARES":466560665,"PER_SHARES":500,"TOTAL_MARKET_CAP":844474803.65,"HKSK_MARKET_CAP":844474803.65,"PE_TTM":15.545723715069,"PB_TTM":2.99555815405,"REPORT_DATE_SQ":"2022-06-30 00:00:00","REPORT_TYPE_SQ":"2022年中报","OPERATE_INCOME_SQ":285314129.01,"DPS_HKD":null,"OPERATE_INCOME_QOQ_SQ":0,"NET_PROFIT_RATIO_SQ":-13.867783207,"HOLDER_PROFIT_SQ":-39566744.87,"HOLDER_PROFIT_QOQ_SQ":0,"ROE_AVG_SQ":-18.642160468471,"PE_TTM_SQ":-3.421281211918,"PB_TTM_SQ":4.764608689847,"ROA_SQ":-4.408392816562,"START_DATE":"2022-10-01 00:00:00","FISCAL_YEAR":"9-30","CURRENCY":"HKD","IS_CNY_CODE":0,"DPS_HKD_LY":null,"ORG_TYPE":"一般企业","PREMIUM_INCOME":null,"PREMIUM_INCOME_YOY":null,"NET_INTEREST_INCOME":null,"NET_INTEREST_INCOME_YOY":null,"FEE_COMMISSION_INCOME":null,"FEE_COMMISSION_INCOME_YOY":null,"ACCOUNTS_RECE_TDAYS":31.182332012982,"INVENTORY_TDAYS":null,"CURRENT_ASSETS_TDAYS":3.887766065141,"TOTAL_ASSETS_TDAYS":2.80350062651,"PREMIUM_EXPENSE":null,"LOAN_DEPOSIT":null,"LOAN_EQUITY":null,"LOAN_ASSETS":null,"DEPOSIT_EQUITY":null,"DEPOSIT_ASSETS":null,"EQUITY_MULTIPLIER":-9.70646658746,"EQUITY_RATIO":-8.315780647325},{"SECUCODE":"01611.HK","SECURITY_CODE":"01611","SECURITY_NAME_ABBR":"新火科技控股","ORG_CODE":"10528560","STD_REPORT_DATE":"2022-12-31 00:00:00","REPORT_DATE":"2022-09-30 00:00:00","DATE_TYPE_CODE":"001","REPORT_TYPE":"2022年年报","PER_NETCASH_OPERATE":-0.921645092653,"PER_OI":26.51232403141,"BPS":0.261563380531,"BASIC_EPS":-0.585986676,"DILUTED_EPS":-0.585986676,"OPERATE_INCOME":8191265263.44,"OPERATE_INCOME_YOY":1447.8406387288,"GROSS_PROFIT":100257174,"GROSS_PROFIT_YOY":-60.232731289519,"HOLDER_PROFIT":-180589534.8,"HOLDER_PROFIT_YOY":-241.132480898,"GROSS_PROFIT_RATIO":1.953841714003,"EPS_TTM":-0.584506557817,"OPERATE_INCOME_QOQ":0,"NET_PROFIT_RATIO":-2.1845337032,"ROE_AVG":-96.567634100219,"GROSS_PROFIT_QOQ":0,"ROA":-20.515576251168,"HOLDER_PROFIT_QOQ":0,"ROE_YEARLY":-96.567634100219,"ROIC_YEARLY":-37.746371304667,"TOTAL_ASSETS":966296460.48,"TOTAL_LIABILITIES":833265998.64,"TAX_EBT":-2.208819447742,"OCF_SALES":-3.330609643807,"TOTAL_PARENT_EQUITY":122035184.76,"DEBT_ASSET_RATIO":86.2329556942,"OPERATE_PROFIT":-141689570.4,"PRETAX_PROFIT":-171403137.72,"NETCASH_OPERATE":-284752080.72,"NETCASH_INVEST":-121120795.92,"NETCASH_FINANCE":210596140.68,"END_CASH":291802190.52,"DIVI_RATIO":null,"DIVIDEND_RATE":null,"CURRENT_RATIO":1.944619708684,"COMMON_ACS":500000000,"CURRENTDEBT_DEBT":45.105860593549,"ISSUED_COMMON_SHARES":466560665,"HK_COMMON_SHARES":466560665,"PER_SHARES":500,"TOTAL_MARKET_CAP":844474803.65,"HKSK_MARKET_CAP":844474803.65,"PE_TTM":15.545723715069,"PB_TTM":2.99555815405,"REPORT_DATE_SQ":"2021-12-31 00:00:00","REPORT_TYPE_SQ":"2021年年报","OPERATE_INCOME_SQ":508760571.78,"DPS_HKD":null,"OPERATE_INCOME_QOQ_SQ":0,"NET_PROFIT_RATIO_SQ":23.1658733317,"HOLDER_PROFIT_SQ":117858829.62,"HOLDER_PROFIT_QOQ_SQ":0,"ROE_AVG_SQ":69.328361134524,"PE_TTM_SQ":-3.421281211918,"PB_TTM_SQ":4.764608689847,"ROA_SQ":19.070013829693,"START_DATE":"2021-10-01 00:00:00","FISCAL_YEAR":"9-30","CURRENCY":"HKD","IS_CNY_CODE":0,"DPS_HKD_LY":null,"ORG_TYPE":"一般企业","PREMIUM_INCOME":null,"PREMIUM_INCOME_YOY":null,"NET_INTEREST_INCOME":null,"NET_INTEREST_INCOME_YOY":null,"FEE_COMMISSION_INCOME":null,"FEE_COMMISSION_INCOME_YOY":null,"ACCOUNTS_RECE_TDAYS":63.511179834573,"INVENTORY_TDAYS":166.307846901972,"CURRENT_ASSETS_TDAYS":11.8671309138,"TOTAL_ASSETS_TDAYS":9.712573355232,"PREMIUM_EXPENSE":null,"LOAN_DEPOSIT":null,"LOAN_EQUITY":null,"LOAN_ASSETS":null,"DEPOSIT_EQUITY":null,"DEPOSIT_ASSETS":null,"EQUITY_MULTIPLIER":7.263723263959,"EQUITY_RATIO":6.828079953161},{"SECUCODE":"01611.HK","SECURITY_CODE":"01611","SECURITY_NAME_ABBR":"新火科技控股","ORG_CODE":"10528560","STD_REPORT_DATE":"2022-06-30 00:00:00","REPORT_DATE":"2022-03-31 00:00:00","DATE_TYPE_CODE":"002","REPORT_TYPE":"2022年中报","PER_NETCASH_OPERATE":-0.721086133848,"PER_OI":0.926508022154,"BPS":0.425529331754,"BASIC_EPS":-0.128463984,"DILUTED_EPS":-0.128463984,"OPERATE_INCOME":285314129.01,"OPERATE_INCOME_YOY":34.4178173787,"GROSS_PROFIT":82052314.73,"GROSS_PROFIT_YOY":-27.571340644546,"HOLDER_PROFIT":-39566744.87,"HOLDER_PROFIT_YOY":-190.1692973053,"GROSS_PROFIT_RATIO":28.758587951711,"EPS_TTM":0.105649149421,"OPERATE_INCOME_QOQ":0,"NET_PROFIT_RATIO":-13.867783207,"ROE_AVG":-18.642160468471,"GROSS_PROFIT_QOQ":0,"ROA":-4.408392816562,"HOLDER_PROFIT_QOQ":0,"ROE_YEARLY":-37.284320936942,"ROIC_YEARLY":-15.167398813021,"TOTAL_ASSETS":1082892992.4,"TOTAL_LIABILITIES":884357744.4,"TAX_EBT":-9.466433315383,"OCF_SALES":-77.828374564029,"TOTAL_PARENT_EQUITY":198535248,"DEBT_ASSET_RATIO":81.6662173092,"OPERATE_PROFIT":-30970849.88,"PRETAX_PROFIT":-36145093.68,"NETCASH_OPERATE":-222055349.01,"NETCASH_INVEST":-61726782.11,"NETCASH_FINANCE":138500232.75,"END_CASH":303776771.66,"DIVI_RATIO":null,"DIVIDEND_RATE":null,"CURRENT_RATIO":1.747649284353,"COMMON_ACS":500000000,"CURRENTDEBT_DEBT":52.744213345072,"ISSUED_COMMON_SHARES":466560665,"HK_COMMON_SHARES":466560665,"PER_SHARES":500,"TOTAL_MARKET_CAP":844474803.65,"HKSK_MARKET_CAP":844474803.65,"PE_TTM":15.545723715069,"PB_TTM":2.99555815405,"REPORT_DATE_SQ":"2021-06-30 00:00:00","REPORT_TYPE_SQ":"2021年中报","OPERATE_INCOME_SQ":221202199.96,"DPS_HKD":null,"OPERATE_INCOME_QOQ_SQ":0,"NET_PROFIT_RATIO_SQ":20.673080597,"HOLDER_PROFIT_SQ":45729309.08,"HOLDER_PROFIT_QOQ_SQ":0,"ROE_AVG_SQ":33.680265926323,"PE_TTM_SQ":-3.421281211918,"PB_TTM_SQ":4.764608689847,"ROA_SQ":8.208973339726,"START_DATE":"2021-10-01 00:00:00","FISCAL_YEAR":"9-30","CURRENCY":"HKD","IS_CNY_CODE":0,"DPS_HKD_LY":null,"ORG_TYPE":"一般企业","PREMIUM_INCOME":null,"PREMIUM_INCOME_YOY":null,"NET_INTEREST_INCOME":null,"NET_INTEREST_INCOME_YOY":null,"FEE_COMMISSION_INCOME":null,"FEE_COMMISSION_INCOME_YOY":null,"ACCOUNTS_RECE_TDAYS":2.212202292056,"INVENTORY_TDAYS":3.837895365486,"CURRENT_ASSETS_TDAYS":0.393039708852,"TOTAL_ASSETS_TDAYS":0.317887347297,"PREMIUM_EXPENSE":null,"LOAN_DEPOSIT":null,"LOAN_EQUITY":null,"LOAN_ASSETS":null,"DEPOSIT_EQUITY":null,"DEPOSIT_ASSETS":null,"EQUITY_MULTIPLIER":5.454411764692,"EQUITY_RATIO":4.454411764706},{"SECUCODE":"01611.HK","SECURITY_CODE":"01611","SECURITY_NAME_ABBR":"新火科技控股","ORG_CODE":"10528560","STD_REPORT_DATE":"2021-12-31 00:00:00","REPORT_DATE":"2021-09-30 00:00:00","DATE_TYPE_CODE":"001","REPORT_TYPE":"2021年年报","PER_NETCASH_OPERATE":0.491419644415,"PER_OI":1.652513959977,"BPS":0.497458741619,"BASIC_EPS":0.38343752456,"DILUTED_EPS":0.38120242458,"OPERATE_INCOME":508760571.78,"OPERATE_INCOME_YOY":120.8287682378,"GROSS_PROFIT":252109780.86,"GROSS_PROFIT_YOY":268.498683153442,"HOLDER_PROFIT":117858829.62,"HOLDER_PROFIT_YOY":534.2182800319,"GROSS_PROFIT_RATIO":49.553718358705,"EPS_TTM":0.382737241179,"OPERATE_INCOME_QOQ":0,"NET_PROFIT_RATIO":23.1658733317,"ROE_AVG":69.328361134524,"GROSS_PROFIT_QOQ":0,"ROA":19.070013829693,"HOLDER_PROFIT_QOQ":0,"ROE_YEARLY":69.328361134524,"ROIC_YEARLY":53.599416561692,"TOTAL_ASSETS":731534144.74,"TOTAL_LIABILITIES":499439463.44,"TAX_EBT":22.061974934582,"OCF_SALES":29.737700032585,"TOTAL_PARENT_EQUITY":232094681.3,"DEBT_ASSET_RATIO":68.2728847356,"OPERATE_PROFIT":162235102.76,"PRETAX_PROFIT":151221216.5,"NETCASH_OPERATE":151293692.72,"NETCASH_INVEST":7924899.78,"NETCASH_FINANCE":-37610159.82,"END_CASH":459994905.5,"DIVI_RATIO":null,"DIVIDEND_RATE":null,"CURRENT_RATIO":2.841348781485,"COMMON_ACS":500000000,"CURRENTDEBT_DEBT":46.083059226987,"ISSUED_COMMON_SHARES":466560665,"HK_COMMON_SHARES":466560665,"PER_SHARES":500,"TOTAL_MARKET_CAP":844474803.65,"HKSK_MARKET_CAP":844474803.65,"PE_TTM":15.545723715069,"PB_TTM":2.99555815405,"REPORT_DATE_SQ":"2020-12-31 00:00:00","REPORT_TYPE_SQ":"2020年年报","OPERATE_INCOME_SQ":243014409.6,"DPS_HKD":null,"OPERATE_INCOME_QOQ_SQ":0,"NET_PROFIT_RATIO_SQ":-11.781381642,"HOLDER_PROFIT_SQ":-28630455.04,"HOLDER_PROFIT_QOQ_SQ":0,"ROE_AVG_SQ":-23.586558369167,"PE_TTM_SQ":-3.421281211918,"PB_TTM_SQ":4.764608689847,"ROA_SQ":-5.029444680276,"START_DATE":"2020-10-01 00:00:00","FISCAL_YEAR":"9-30","CURRENCY":"HKD","IS_CNY_CODE":0,"DPS_HKD_LY":null,"ORG_TYPE":"一般企业","PREMIUM_INCOME":null,"PREMIUM_INCOME_YOY":null,"NET_INTEREST_INCOME":null,"NET_INTEREST_INCOME_YOY":null,"FEE_COMMISSION_INCOME":null,"FEE_COMMISSION_INCOME_YOY":null,"ACCOUNTS_RECE_TDAYS":5.163805932289,"INVENTORY_TDAYS":6.655476344783,"CURRENT_ASSETS_TDAYS":0.933469369039,"TOTAL_ASSETS_TDAYS":0.823194254612,"PREMIUM_EXPENSE":null,"LOAN_DEPOSIT":null,"LOAN_EQUITY":null,"LOAN_ASSETS":null,"DEPOSIT_EQUITY":null,"DEPOSIT_ASSETS":null,"EQUITY_MULTIPLIER":3.151878106996,"EQUITY_RATIO":2.151878106997},{"SECUCODE":"01611.HK","SECURITY_CODE":"01611","SECURITY_NAME_ABBR":"新火科技控股","ORG_CODE":"10528560","STD_REPORT_DATE":"2021-06-30 00:00:00","REPORT_DATE":"2021-03-31 00:00:00","DATE_TYPE_CODE":"002","REPORT_TYPE":"2021年中报","PER_NETCASH_OPERATE":-0.004885327594,"PER_OI":0.719526003753,"BPS":0.347377252602,"BASIC_EPS":0.148920716,"DILUTED_EPS":0.14748391,"OPERATE_INCOME":221202199.96,"OPERATE_INCOME_YOY":122.8217745918,"GROSS_PROFIT":113287082.02,"GROSS_PROFIT_YOY":470.265731043673,"HOLDER_PROFIT":45729309.08,"HOLDER_PROFIT_YOY":279.1055645669,"GROSS_PROFIT_RATIO":51.214265518375,"EPS_TTM":0.145250107566,"OPERATE_INCOME_QOQ":0,"NET_PROFIT_RATIO":20.673080597,"ROE_AVG":33.680265926323,"GROSS_PROFIT_QOQ":0,"ROA":8.208973339726,"HOLDER_PROFIT_QOQ":0,"ROE_YEARLY":67.360531852645,"ROIC_YEARLY":41.843945577968,"TOTAL_ASSETS":602259209.58,"TOTAL_LIABILITIES":440186647.6,"TAX_EBT":26.205673758865,"OCF_SALES":-0.678964703005,"TOTAL_PARENT_EQUITY":162072561.98,"DEBT_ASSET_RATIO":73.0892347677,"OPERATE_PROFIT":67505371.78,"PRETAX_PROFIT":61968597.6,"NETCASH_OPERATE":-1501884.86,"NETCASH_INVEST":-1821362.9,"NETCASH_FINANCE":-4424517.3,"END_CASH":335802691.7,"DIVI_RATIO":null,"DIVIDEND_RATE":null,"CURRENT_RATIO":2.374892090111,"COMMON_ACS":500000000,"CURRENTDEBT_DEBT":51.1551015706,"ISSUED_COMMON_SHARES":466560665,"HK_COMMON_SHARES":466560665,"PER_SHARES":500,"TOTAL_MARKET_CAP":844474803.65,"HKSK_MARKET_CAP":844474803.65,"PE_TTM":15.545723715069,"PB_TTM":2.99555815405,"REPORT_DATE_SQ":"2020-06-30 00:00:00","REPORT_TYPE_SQ":"2020年中报","OPERATE_INCOME_SQ":107321374.6,"DPS_HKD":null,"OPERATE_INCOME_QOQ_SQ":0,"NET_PROFIT_RATIO_SQ":-25.7189804015,"HOLDER_PROFIT_SQ":-27601963.3,"HOLDER_PROFIT_QOQ_SQ":0,"ROE_AVG_SQ":-23.02295894065,"PE_TTM_SQ":-3.421281211918,"PB_TTM_SQ":4.764608689847,"ROA_SQ":-4.631801026819,"START_DATE":"2020-10-01 00:00:00","FISCAL_YEAR":"9-30","CURRENCY":"HKD","IS_CNY_CODE":0,"DPS_HKD_LY":null,"ORG_TYPE":"一般企业","PREMIUM_INCOME":null,"PREMIUM_INCOME_YOY":null,"NET_INTEREST_INCOME":null,"NET_INTEREST_INCOME_YOY":null,"FEE_COMMISSION_INCOME":null,"FEE_COMMISSION_INCOME_YOY":null,"ACCOUNTS_RECE_TDAYS":2.282721417139,"INVENTORY_TDAYS":3.808363408596,"CURRENT_ASSETS_TDAYS":0.452724769246,"TOTAL_ASSETS_TDAYS":0.397085151447,"PREMIUM_EXPENSE":null,"LOAN_DEPOSIT":null,"LOAN_EQUITY":null,"LOAN_ASSETS":null,"DEPOSIT_EQUITY":null,"DEPOSIT_ASSETS":null,"EQUITY_MULTIPLIER":3.715985002165,"EQUITY_RATIO":2.715985002164},{"SECUCODE":"01611.HK","SECURITY_CODE":"01611","SECURITY_NAME_ABBR":"新火科技控股","ORG_CODE":"10528560","STD_REPORT_DATE":"2020-12-31 00:00:00","REPORT_DATE":"2020-09-30 00:00:00","DATE_TYPE_CODE":"001","REPORT_TYPE":"2020年年报","PER_NETCASH_OPERATE":0.085363008083,"PER_OI":0.79209390352,"BPS":0.243958586436,"BASIC_EPS":-0.0936539776,"DILUTED_EPS":-0.0936539776,"OPERATE_INCOME":243014409.6,"OPERATE_INCOME_YOY":-11.4573494994,"GROSS_PROFIT":68415381.76,"GROSS_PROFIT_YOY":31.190344466003,"HOLDER_PROFIT":-28630455.04,"HOLDER_PROFIT_YOY":-436.2409479921,"GROSS_PROFIT_RATIO":28.152808663738,"EPS_TTM":-0.093295278415,"OPERATE_INCOME_QOQ":0,"NET_PROFIT_RATIO":-11.781381642,"ROE_AVG":-23.586558369167,"GROSS_PROFIT_QOQ":0,"ROA":-5.029444680276,"HOLDER_PROFIT_QOQ":0,"ROE_YEARLY":-23.586558369167,"ROIC_YEARLY":-15.616260427576,"TOTAL_ASSETS":532183587.2,"TOTAL_LIABILITIES":418362106.88,"TAX_EBT":0.012275210213,"OCF_SALES":10.77687982499,"TOTAL_PARENT_EQUITY":113821480.32,"DEBT_ASSET_RATIO":78.6123655337,"OPERATE_PROFIT":-16295862.4,"PRETAX_PROFIT":-28633969.92,"NETCASH_OPERATE":26189370.88,"NETCASH_INVEST":273281.92,"NETCASH_FINANCE":-88792898.56,"END_CASH":354725204.48,"DIVI_RATIO":null,"DIVIDEND_RATE":null,"CURRENT_RATIO":2.356520016746,"COMMON_ACS":500000000,"CURRENTDEBT_DEBT":46.657663031607,"ISSUED_COMMON_SHARES":466560665,"HK_COMMON_SHARES":466560665,"PER_SHARES":500,"TOTAL_MARKET_CAP":844474803.65,"HKSK_MARKET_CAP":844474803.65,"PE_TTM":15.545723715069,"PB_TTM":2.99555815405,"REPORT_DATE_SQ":"2019-12-31 00:00:00","REPORT_TYPE_SQ":"2019年年报","OPERATE_INCOME_SQ":281734705.41,"DPS_HKD":null,"OPERATE_INCOME_QOQ_SQ":0,"NET_PROFIT_RATIO_SQ":-1.9453097736,"HOLDER_PROFIT_SQ":-5480612.76,"HOLDER_PROFIT_QOQ_SQ":0,"ROE_AVG_SQ":-4.314850585161,"PE_TTM_SQ":-3.421281211918,"PB_TTM_SQ":4.764608689847,"ROA_SQ":-1.167174279905,"START_DATE":"2019-10-01 00:00:00","FISCAL_YEAR":"9-30","CURRENCY":"HKD","IS_CNY_CODE":0,"DPS_HKD_LY":null,"ORG_TYPE":"一般企业","PREMIUM_INCOME":null,"PREMIUM_INCOME_YOY":null,"NET_INTEREST_INCOME":null,"NET_INTEREST_INCOME_YOY":null,"FEE_COMMISSION_INCOME":null,"FEE_COMMISSION_INCOME_YOY":null,"ACCOUNTS_RECE_TDAYS":3.909346639903,"INVENTORY_TDAYS":7.665779320988,"CURRENT_ASSETS_TDAYS":0.474489874701,"TOTAL_ASSETS_TDAYS":0.426897696137,"PREMIUM_EXPENSE":null,"LOAN_DEPOSIT":null,"LOAN_EQUITY":null,"LOAN_ASSETS":null,"DEPOSIT_EQUITY":null,"DEPOSIT_ASSETS":null,"EQUITY_MULTIPLIER":4.675598891386,"EQUITY_RATIO":3.675598891385}],"count":21},"success":true,"message":"ok","code":0}