{"version":"3b5a831d5e0e7ca986673efd93daef23","result":{"pages":4,"data":[{"SECUCODE":"01613.HK","SECURITY_CODE":"01613","SECURITY_NAME_ABBR":"协同通信","ORG_CODE":"10188622","STD_REPORT_DATE":"2024-06-30 00:00:00","REPORT_DATE":"2024-09-30 00:00:00","DATE_TYPE_CODE":"002","REPORT_TYPE":"2024年中报","PER_NETCASH_OPERATE":-0.062272526405,"PER_OI":0.185050310344,"BPS":0.211186667561,"BASIC_EPS":-0.032915335,"DILUTED_EPS":-0.032915335,"OPERATE_INCOME":68647861.96,"OPERATE_INCOME_YOY":344.4937521897,"GROSS_PROFIT":5574865.78,"GROSS_PROFIT_YOY":-5.707167694135,"HOLDER_PROFIT":-12010941.01,"HOLDER_PROFIT_YOY":-51.3350755596,"GROSS_PROFIT_RATIO":8.120960538069,"EPS_TTM":-0.044885608232,"OPERATE_INCOME_QOQ":0,"NET_PROFIT_RATIO":-19.6363827439,"ROE_AVG":-12.204598143516,"GROSS_PROFIT_QOQ":0,"ROA":-6.035230812801,"HOLDER_PROFIT_QOQ":0,"ROE_YEARLY":-24.409196287031,"ROIC_YEARLY":-13.334501357829,"TOTAL_ASSETS":196842721.2,"TOTAL_LIABILITIES":100781345.03,"TAX_EBT":-0.006690305747,"OCF_SALES":-33.651673585203,"TOTAL_PARENT_EQUITY":94768209.31,"DEBT_ASSET_RATIO":51.1989188199,"OPERATE_PROFIT":-12407728.61,"PRETAX_PROFIT":-13479055.13,"NETCASH_OPERATE":-23101154.43,"NETCASH_INVEST":-358010.63,"NETCASH_FINANCE":-3060675.26,"END_CASH":3602651.05,"DIVI_RATIO":null,"DIVIDEND_RATE":null,"CURRENT_RATIO":1.197374661095,"COMMON_ACS":4000000000,"CURRENTDEBT_DEBT":100,"ISSUED_COMMON_SHARES":448741440,"HK_COMMON_SHARES":448741440,"PER_SHARES":6400,"TOTAL_MARKET_CAP":161546918.4,"HKSK_MARKET_CAP":161546918.4,"PE_TTM":-7.225463744521,"PB_TTM":1.537239086869,"REPORT_DATE_SQ":"2023-06-30 00:00:00","REPORT_TYPE_SQ":"2023年中报","OPERATE_INCOME_SQ":15715331.38,"DPS_HKD":null,"OPERATE_INCOME_QOQ_SQ":0,"NET_PROFIT_RATIO_SQ":-57.3105220133,"HOLDER_PROFIT_SQ":-8076061.63,"HOLDER_PROFIT_QOQ_SQ":0,"ROE_AVG_SQ":-10.477131496869,"PE_TTM_SQ":-3.241094781274,"PB_TTM_SQ":1.366741722122,"ROA_SQ":-3.933284768745,"START_DATE":"2024-04-01 00:00:00","FISCAL_YEAR":"3-31","CURRENCY":"HKD","IS_CNY_CODE":0,"DPS_HKD_LY":null,"ORG_TYPE":"一般企业","PREMIUM_INCOME":null,"PREMIUM_INCOME_YOY":null,"NET_INTEREST_INCOME":null,"NET_INTEREST_INCOME_YOY":null,"FEE_COMMISSION_INCOME":null,"FEE_COMMISSION_INCOME_YOY":null,"ACCOUNTS_RECE_TDAYS":1.41548359505,"INVENTORY_TDAYS":1.532773772216,"CURRENT_ASSETS_TDAYS":0.561065762562,"TOTAL_ASSETS_TDAYS":0.344940243557,"PREMIUM_EXPENSE":null,"LOAN_DEPOSIT":null,"LOAN_EQUITY":null,"LOAN_ASSETS":null,"DEPOSIT_EQUITY":null,"DEPOSIT_ASSETS":null,"EQUITY_MULTIPLIER":2.049134928608,"EQUITY_RATIO":1.063450979646},{"SECUCODE":"01613.HK","SECURITY_CODE":"01613","SECURITY_NAME_ABBR":"协同通信","ORG_CODE":"10188622","STD_REPORT_DATE":"2023-12-31 00:00:00","REPORT_DATE":"2024-03-31 00:00:00","DATE_TYPE_CODE":"001","REPORT_TYPE":"2023年年报","PER_NETCASH_OPERATE":-0.043974812818,"PER_OI":0.157454386141,"BPS":0.228632735925,"BASIC_EPS":-0.054393,"DILUTED_EPS":-0.054393,"OPERATE_INCOME":56732805.55,"OPERATE_INCOME_YOY":3.3747398328,"GROSS_PROFIT":22443458.35,"GROSS_PROFIT_YOY":186.518256747153,"HOLDER_PROFIT":-16172852,"HOLDER_PROFIT_YOY":56.4570061751,"GROSS_PROFIT_RATIO":39.559930330292,"EPS_TTM":-0.122000283771,"OPERATE_INCOME_QOQ":0,"NET_PROFIT_RATIO":-28.3920039629,"ROE_AVG":-19.572241208125,"GROSS_PROFIT_QOQ":0,"ROA":-7.944460030549,"HOLDER_PROFIT_QOQ":0,"ROE_YEARLY":-19.572241208125,"ROIC_YEARLY":-8.678752380698,"TOTAL_ASSETS":202246772.25,"TOTAL_LIABILITIES":96895690.2,"TAX_EBT":-0.0901306895,"OCF_SALES":-27.928604528531,"TOTAL_PARENT_EQUITY":102596983.15,"DEBT_ASSET_RATIO":47.9096349089,"OPERATE_PROFIT":-10772533.65,"PRETAX_PROFIT":-16093075.6,"NETCASH_OPERATE":-15844680.9,"NETCASH_INVEST":-2408703.35,"NETCASH_FINANCE":46038235.2,"END_CASH":30254293.15,"DIVI_RATIO":null,"DIVIDEND_RATE":null,"CURRENT_RATIO":1.286815613188,"COMMON_ACS":4000000000,"CURRENTDEBT_DEBT":100,"ISSUED_COMMON_SHARES":448741440,"HK_COMMON_SHARES":448741440,"PER_SHARES":6400,"TOTAL_MARKET_CAP":199689940.8,"HKSK_MARKET_CAP":199689940.8,"PE_TTM":-8.931476017533,"PB_TTM":1.900198315713,"REPORT_DATE_SQ":"2022-12-31 00:00:00","REPORT_TYPE_SQ":"2022年年报","OPERATE_INCOME_SQ":52995570.58,"DPS_HKD":null,"OPERATE_INCOME_QOQ_SQ":0,"NET_PROFIT_RATIO_SQ":-72.1513759952,"HOLDER_PROFIT_SQ":-35866423.11,"HOLDER_PROFIT_QOQ_SQ":0,"ROE_AVG_SQ":-47.635435620484,"PE_TTM_SQ":-1.980669033001,"PB_TTM_SQ":0.835231052408,"ROA_SQ":-16.471581486507,"START_DATE":"2023-04-01 00:00:00","FISCAL_YEAR":"3-31","CURRENCY":"HKD","IS_CNY_CODE":0,"DPS_HKD_LY":null,"ORG_TYPE":"一般企业","PREMIUM_INCOME":null,"PREMIUM_INCOME_YOY":null,"NET_INTEREST_INCOME":null,"NET_INTEREST_INCOME_YOY":null,"FEE_COMMISSION_INCOME":null,"FEE_COMMISSION_INCOME_YOY":null,"ACCOUNTS_RECE_TDAYS":1.558194833489,"INVENTORY_TDAYS":0.802384412223,"CURRENT_ASSETS_TDAYS":0.514841140563,"TOTAL_ASSETS_TDAYS":0.278683998415,"PREMIUM_EXPENSE":null,"LOAN_DEPOSIT":null,"LOAN_EQUITY":null,"LOAN_ASSETS":null,"DEPOSIT_EQUITY":null,"DEPOSIT_ASSETS":null,"EQUITY_MULTIPLIER":1.919740816274,"EQUITY_RATIO":0.944430208619},{"SECUCODE":"01613.HK","SECURITY_CODE":"01613","SECURITY_NAME_ABBR":"协同通信","ORG_CODE":"10188622","STD_REPORT_DATE":"2023-06-30 00:00:00","REPORT_DATE":"2023-09-30 00:00:00","DATE_TYPE_CODE":"002","REPORT_TYPE":"2023年中报","PER_NETCASH_OPERATE":-0.069768111625,"PER_OI":0.052329903197,"BPS":0.202195320183,"BASIC_EPS":-0.027895952,"DILUTED_EPS":-0.027895952,"OPERATE_INCOME":15715331.38,"OPERATE_INCOME_YOY":-11.3193869097,"GROSS_PROFIT":5912290.09,"GROSS_PROFIT_YOY":107.7204384367,"HOLDER_PROFIT":-8076061.63,"HOLDER_PROFIT_YOY":-8.9772164438,"GROSS_PROFIT_RATIO":37.621160808128,"EPS_TTM":-0.119430281423,"OPERATE_INCOME_QOQ":0,"NET_PROFIT_RATIO":-57.3105220133,"ROE_AVG":-10.477131496869,"GROSS_PROFIT_QOQ":0,"ROA":-3.933284768745,"HOLDER_PROFIT_QOQ":0,"ROE_YEARLY":-20.954262993738,"ROIC_YEARLY":-8.165385944607,"TOTAL_ASSETS":203246786.33,"TOTAL_LIABILITIES":110707471.35,"TAX_EBT":-0.081574385643,"OCF_SALES":-133.323601541516,"TOTAL_PARENT_EQUITY":90733419.14,"DEBT_ASSET_RATIO":54.46948183,"OPERATE_PROFIT":-7357557.34,"PRETAX_PROFIT":-8999197.41,"NETCASH_OPERATE":-20952245.79,"NETCASH_INVEST":-1376445,"NETCASH_FINANCE":32485937.26,"END_CASH":11764934.23,"DIVI_RATIO":null,"DIVIDEND_RATE":null,"CURRENT_RATIO":0.916233496637,"COMMON_ACS":4000000000,"CURRENTDEBT_DEBT":99.821791205603,"ISSUED_COMMON_SHARES":448741440,"HK_COMMON_SHARES":448741440,"PER_SHARES":6400,"TOTAL_MARKET_CAP":199689940.8,"HKSK_MARKET_CAP":199689940.8,"PE_TTM":-8.931476017533,"PB_TTM":1.900198315713,"REPORT_DATE_SQ":"2022-06-30 00:00:00","REPORT_TYPE_SQ":"2022年中报","OPERATE_INCOME_SQ":17466545.28,"DPS_HKD":null,"OPERATE_INCOME_QOQ_SQ":0,"NET_PROFIT_RATIO_SQ":-45.8523198012,"HOLDER_PROFIT_SQ":-7304257.44,"HOLDER_PROFIT_QOQ_SQ":0,"ROE_AVG_SQ":-8.162110263278,"PE_TTM_SQ":-1.980669033001,"PB_TTM_SQ":0.835231052408,"ROA_SQ":-3.19782060369,"START_DATE":"2023-04-01 00:00:00","FISCAL_YEAR":"3-31","CURRENCY":"HKD","IS_CNY_CODE":0,"DPS_HKD_LY":null,"ORG_TYPE":"一般企业","PREMIUM_INCOME":null,"PREMIUM_INCOME_YOY":null,"NET_INTEREST_INCOME":null,"NET_INTEREST_INCOME_YOY":null,"FEE_COMMISSION_INCOME":null,"FEE_COMMISSION_INCOME_YOY":null,"ACCOUNTS_RECE_TDAYS":0.475022882978,"INVENTORY_TDAYS":0.221239671133,"CURRENT_ASSETS_TDAYS":0.158640174147,"TOTAL_ASSETS_TDAYS":0.076538387626,"PREMIUM_EXPENSE":null,"LOAN_DEPOSIT":null,"LOAN_EQUITY":null,"LOAN_ASSETS":null,"DEPOSIT_EQUITY":null,"DEPOSIT_ASSETS":null,"EQUITY_MULTIPLIER":2.196329056187,"EQUITY_RATIO":1.220139970469},{"SECUCODE":"01613.HK","SECURITY_CODE":"01613","SECURITY_NAME_ABBR":"协同通信","ORG_CODE":"10188622","STD_REPORT_DATE":"2022-12-31 00:00:00","REPORT_DATE":"2023-03-31 00:00:00","DATE_TYPE_CODE":"001","REPORT_TYPE":"2022年年报","PER_NETCASH_OPERATE":-0.009133684634,"PER_OI":0.203584315306,"BPS":0.134851801652,"BASIC_EPS":-0.1400656,"DILUTED_EPS":-0.1400656,"OPERATE_INCOME":52995570.58,"OPERATE_INCOME_YOY":-46.9732404853,"GROSS_PROFIT":7833168.68,"GROSS_PROFIT_YOY":-57.89469785734,"HOLDER_PROFIT":-35866423.11,"HOLDER_PROFIT_YOY":62.6442860008,"GROSS_PROFIT_RATIO":14.780798837094,"EPS_TTM":-0.341387453179,"OPERATE_INCOME_QOQ":0,"NET_PROFIT_RATIO":-72.1513759952,"ROE_AVG":-47.635435620484,"GROSS_PROFIT_QOQ":0,"ROA":-16.471581486507,"HOLDER_PROFIT_QOQ":0,"ROE_YEARLY":-47.635435620484,"ROIC_YEARLY":-16.883561079335,"TOTAL_ASSETS":197862794.43,"TOTAL_LIABILITIES":138011888.14,"TAX_EBT":-0.009158557527,"OCF_SALES":-4.486438270177,"TOTAL_PARENT_EQUITY":60513591.66,"DEBT_ASSET_RATIO":69.7513084952,"OPERATE_PROFIT":-32421684.76,"PRETAX_PROFIT":-38233531.75,"NETCASH_OPERATE":-2377613.56,"NETCASH_INVEST":-341409.9,"NETCASH_FINANCE":-2480911.94,"END_CASH":2052836.45,"DIVI_RATIO":null,"DIVIDEND_RATE":null,"CURRENT_RATIO":0.676661560255,"COMMON_ACS":4000000000,"CURRENTDEBT_DEBT":98.959112994279,"ISSUED_COMMON_SHARES":448741440,"HK_COMMON_SHARES":448741440,"PER_SHARES":6400,"TOTAL_MARKET_CAP":210908476.8,"HKSK_MARKET_CAP":210908476.8,"PE_TTM":-9.433244333125,"PB_TTM":2.006951030079,"REPORT_DATE_SQ":"2021-12-31 00:00:00","REPORT_TYPE_SQ":"2021年年报","OPERATE_INCOME_SQ":92588956.65,"DPS_HKD":null,"OPERATE_INCOME_QOQ_SQ":0,"NET_PROFIT_RATIO_SQ":-99.6566373232,"HOLDER_PROFIT_SQ":-88949954.78,"HOLDER_PROFIT_QOQ_SQ":0,"ROE_AVG_SQ":-84.657154655727,"PE_TTM_SQ":-1.832470772009,"PB_TTM_SQ":0.759300956735,"ROA_SQ":-37.744121300971,"START_DATE":"2022-04-01 00:00:00","FISCAL_YEAR":"3-31","CURRENCY":"HKD","IS_CNY_CODE":0,"DPS_HKD_LY":null,"ORG_TYPE":"一般企业","PREMIUM_INCOME":null,"PREMIUM_INCOME_YOY":null,"NET_INTEREST_INCOME":null,"NET_INTEREST_INCOME_YOY":null,"FEE_COMMISSION_INCOME":null,"FEE_COMMISSION_INCOME_YOY":null,"ACCOUNTS_RECE_TDAYS":1.256379126068,"INVENTORY_TDAYS":0.994458098405,"CURRENT_ASSETS_TDAYS":0.516326574127,"TOTAL_ASSETS_TDAYS":0.243381074426,"PREMIUM_EXPENSE":null,"LOAN_DEPOSIT":null,"LOAN_EQUITY":null,"LOAN_ASSETS":null,"DEPOSIT_EQUITY":null,"DEPOSIT_ASSETS":null,"EQUITY_MULTIPLIER":3.305928125325,"EQUITY_RATIO":2.280675867257},{"SECUCODE":"01613.HK","SECURITY_CODE":"01613","SECURITY_NAME_ABBR":"协同通信","ORG_CODE":"10188622","STD_REPORT_DATE":"2022-06-30 00:00:00","REPORT_DATE":"2022-09-30 00:00:00","DATE_TYPE_CODE":"002","REPORT_TYPE":"2022年中报","PER_NETCASH_OPERATE":-0.004440003603,"PER_OI":0.013946868832,"BPS":0.191466798074,"BASIC_EPS":-0.029122968,"DILUTED_EPS":-0.029122968,"OPERATE_INCOME":17466545.28,"OPERATE_INCOME_YOY":-51.6595744681,"GROSS_PROFIT":2846272.68,"GROSS_PROFIT_YOY":-70.410947635719,"HOLDER_PROFIT":-7304257.44,"HOLDER_PROFIT_YOY":8.9207172663,"GROSS_PROFIT_RATIO":16.295567522784,"EPS_TTM":-0.071025685504,"OPERATE_INCOME_QOQ":0,"NET_PROFIT_RATIO":-45.8523198012,"ROE_AVG":-8.162110263278,"GROSS_PROFIT_QOQ":0,"ROA":-3.19782060369,"HOLDER_PROFIT_QOQ":0,"ROE_YEARLY":-16.324220526555,"ROIC_YEARLY":-6.68818491059,"TOTAL_ASSETS":211315170.48,"TOTAL_LIABILITIES":123764474.04,"TAX_EBT":-0.045192633601,"OCF_SALES":-31.835128417564,"TOTAL_PARENT_EQUITY":85919086.68,"DEBT_ASSET_RATIO":58.5686648805,"OPERATE_PROFIT":-5967495.12,"PRETAX_PROFIT":-8005198.44,"NETCASH_OPERATE":-5560497.12,"NETCASH_INVEST":15458688.48,"NETCASH_FINANCE":-7827928.2,"END_CASH":8807436.72,"DIVI_RATIO":null,"DIVIDEND_RATE":null,"CURRENT_RATIO":0.771137723669,"COMMON_ACS":4000000000,"CURRENTDEBT_DEBT":99.282378819214,"ISSUED_COMMON_SHARES":448741440,"HK_COMMON_SHARES":448741440,"PER_SHARES":6400,"TOTAL_MARKET_CAP":210908476.8,"HKSK_MARKET_CAP":210908476.8,"PE_TTM":-9.433244333125,"PB_TTM":2.006951030079,"REPORT_DATE_SQ":"2021-06-30 00:00:00","REPORT_TYPE_SQ":"2021年中报","OPERATE_INCOME_SQ":33280747,"DPS_HKD":null,"OPERATE_INCOME_QOQ_SQ":0,"NET_PROFIT_RATIO_SQ":-24.9411764706,"HOLDER_PROFIT_SQ":-7386743.02,"HOLDER_PROFIT_QOQ_SQ":0,"ROE_AVG_SQ":-5.163277665199,"PE_TTM_SQ":-1.832470772009,"PB_TTM_SQ":0.759300956735,"ROA_SQ":-2.703209432424,"START_DATE":"2022-04-01 00:00:00","FISCAL_YEAR":"3-31","CURRENCY":"HKD","IS_CNY_CODE":0,"DPS_HKD_LY":null,"ORG_TYPE":"一般企业","PREMIUM_INCOME":null,"PREMIUM_INCOME_YOY":null,"NET_INTEREST_INCOME":null,"NET_INTEREST_INCOME_YOY":null,"FEE_COMMISSION_INCOME":null,"FEE_COMMISSION_INCOME_YOY":null,"ACCOUNTS_RECE_TDAYS":0.399375458841,"INVENTORY_TDAYS":0.319842502547,"CURRENT_ASSETS_TDAYS":0.165276666396,"TOTAL_ASSETS_TDAYS":0.076468934495,"PREMIUM_EXPENSE":null,"LOAN_DEPOSIT":null,"LOAN_EQUITY":null,"LOAN_ASSETS":null,"DEPOSIT_EQUITY":null,"DEPOSIT_ASSETS":null,"EQUITY_MULTIPLIER":2.41363209058,"EQUITY_RATIO":1.440477067697},{"SECUCODE":"01613.HK","SECURITY_CODE":"01613","SECURITY_NAME_ABBR":"协同通信","ORG_CODE":"10188622","STD_REPORT_DATE":"2021-12-31 00:00:00","REPORT_DATE":"2022-03-31 00:00:00","DATE_TYPE_CODE":"001","REPORT_TYPE":"2021年年报","PER_NETCASH_OPERATE":-0.005205925398,"PER_OI":0.073931393585,"BPS":0.185958426148,"BASIC_EPS":-0.370874873,"DILUTED_EPS":-0.370874873,"OPERATE_INCOME":92588956.65,"OPERATE_INCOME_YOY":26.4551788305,"GROSS_PROFIT":18603758.39,"GROSS_PROFIT_YOY":-4.376414013463,"HOLDER_PROFIT":-88949954.78,"HOLDER_PROFIT_YOY":-624.7604572788,"GROSS_PROFIT_RATIO":20.092848070775,"EPS_TTM":-0.010926686924,"OPERATE_INCOME_QOQ":0,"NET_PROFIT_RATIO":-99.6566373232,"ROE_AVG":-84.657154655727,"GROSS_PROFIT_QOQ":0,"ROA":-37.744121300971,"HOLDER_PROFIT_QOQ":0,"ROE_YEARLY":-84.657154655727,"ROIC_YEARLY":-39.170294603986,"TOTAL_ASSETS":220150286.52,"TOTAL_LIABILITIES":134641447.17,"TAX_EBT":-0.03956809229,"OCF_SALES":-7.04156265055,"TOTAL_PARENT_EQUITY":83447251.93,"DEBT_ASSET_RATIO":61.1588789178,"OPERATE_PROFIT":-88110559.43,"PRETAX_PROFIT":-92234545.28,"NETCASH_OPERATE":-6246399.02,"NETCASH_INVEST":-27794123.71,"NETCASH_FINANCE":37025850.54,"END_CASH":6495379.09,"DIVI_RATIO":null,"DIVIDEND_RATE":null,"CURRENT_RATIO":0.790730337079,"COMMON_ACS":4000000000,"CURRENTDEBT_DEBT":98.211628929568,"ISSUED_COMMON_SHARES":448741440,"HK_COMMON_SHARES":448741440,"PER_SHARES":6400,"TOTAL_MARKET_CAP":210908476.8,"HKSK_MARKET_CAP":210908476.8,"PE_TTM":-9.433244333125,"PB_TTM":2.006951030079,"REPORT_DATE_SQ":"2020-12-31 00:00:00","REPORT_TYPE_SQ":"2020年年报","OPERATE_INCOME_SQ":76303695.58,"DPS_HKD":null,"OPERATE_INCOME_QOQ_SQ":0,"NET_PROFIT_RATIO_SQ":-18.7093629889,"HOLDER_PROFIT_SQ":-12790108.94,"HOLDER_PROFIT_QOQ_SQ":0,"ROE_AVG_SQ":-9.40562982852,"PE_TTM_SQ":-1.832470772009,"PB_TTM_SQ":0.759300956735,"ROA_SQ":-4.994372955865,"START_DATE":"2021-04-01 00:00:00","FISCAL_YEAR":"3-31","CURRENCY":"HKD","IS_CNY_CODE":0,"DPS_HKD_LY":null,"ORG_TYPE":"一般企业","PREMIUM_INCOME":null,"PREMIUM_INCOME_YOY":null,"NET_INTEREST_INCOME":null,"NET_INTEREST_INCOME_YOY":null,"FEE_COMMISSION_INCOME":null,"FEE_COMMISSION_INCOME_YOY":null,"ACCOUNTS_RECE_TDAYS":1.49616669943,"INVENTORY_TDAYS":1.729238934698,"CURRENT_ASSETS_TDAYS":0.818255120142,"TOTAL_ASSETS_TDAYS":0.392882584322,"PREMIUM_EXPENSE":null,"LOAN_DEPOSIT":null,"LOAN_EQUITY":null,"LOAN_ASSETS":null,"DEPOSIT_EQUITY":null,"DEPOSIT_ASSETS":null,"EQUITY_MULTIPLIER":2.574590980223,"EQUITY_RATIO":1.613491685537},{"SECUCODE":"01613.HK","SECURITY_CODE":"01613","SECURITY_NAME_ABBR":"协同通信","ORG_CODE":"10188622","STD_REPORT_DATE":"2021-06-30 00:00:00","REPORT_DATE":"2021-09-30 00:00:00","DATE_TYPE_CODE":"002","REPORT_TYPE":"2021年中报","PER_NETCASH_OPERATE":0.002318466811,"PER_OI":0.027864846305,"BPS":0.34761031377,"BASIC_EPS":-0.00624795,"DILUTED_EPS":-0.00624795,"OPERATE_INCOME":33280747,"OPERATE_INCOME_YOY":51.5151515152,"GROSS_PROFIT":9619343.82,"GROSS_PROFIT_YOY":26.906972237003,"HOLDER_PROFIT":-7386743.02,"HOLDER_PROFIT_YOY":-9.3341553637,"GROSS_PROFIT_RATIO":28.903629536921,"EPS_TTM":-0.010708726575,"OPERATE_INCOME_QOQ":0,"NET_PROFIT_RATIO":-24.9411764706,"ROE_AVG":-5.163277665199,"GROSS_PROFIT_QOQ":0,"ROA":-2.703209432424,"HOLDER_PROFIT_QOQ":0,"ROE_YEARLY":-10.326555330399,"ROIC_YEARLY":-5.664231245259,"TOTAL_ASSETS":288506172.26,"TOTAL_LIABILITIES":128081308.88,"TAX_EBT":-0.090406830738,"OCF_SALES":8.320400500626,"TOTAL_PARENT_EQUITY":155987152.76,"DEBT_ASSET_RATIO":44.3946512051,"OPERATE_PROFIT":-6167143.18,"PRETAX_PROFIT":-8293112.3,"NETCASH_OPERATE":2769091.44,"NETCASH_INVEST":-24653577.64,"NETCASH_FINANCE":29997657.54,"END_CASH":11599527.44,"DIVI_RATIO":null,"DIVIDEND_RATE":null,"CURRENT_RATIO":1.191211283952,"COMMON_ACS":4000000000,"CURRENTDEBT_DEBT":98.634778988995,"ISSUED_COMMON_SHARES":448741440,"HK_COMMON_SHARES":448741440,"PER_SHARES":6400,"TOTAL_MARKET_CAP":210908476.8,"HKSK_MARKET_CAP":210908476.8,"PE_TTM":-9.433244333125,"PB_TTM":2.006951030079,"REPORT_DATE_SQ":"2020-06-30 00:00:00","REPORT_TYPE_SQ":"2020年中报","OPERATE_INCOME_SQ":23169210.24,"DPS_HKD":null,"OPERATE_INCOME_QOQ_SQ":0,"NET_PROFIT_RATIO_SQ":-32.2827777146,"HOLDER_PROFIT_SQ":-7126419.2,"HOLDER_PROFIT_QOQ_SQ":0,"ROE_AVG_SQ":-5.020319604317,"PE_TTM_SQ":-1.832470772009,"PB_TTM_SQ":0.759300956735,"ROA_SQ":-2.770286541907,"START_DATE":"2021-04-01 00:00:00","FISCAL_YEAR":"3-31","CURRENCY":"HKD","IS_CNY_CODE":0,"DPS_HKD_LY":null,"ORG_TYPE":"一般企业","PREMIUM_INCOME":null,"PREMIUM_INCOME_YOY":null,"NET_INTEREST_INCOME":null,"NET_INTEREST_INCOME_YOY":null,"FEE_COMMISSION_INCOME":null,"FEE_COMMISSION_INCOME_YOY":null,"ACCOUNTS_RECE_TDAYS":0.376815695152,"INVENTORY_TDAYS":0.5968521476,"CURRENT_ASSETS_TDAYS":0.241561959584,"TOTAL_ASSETS_TDAYS":0.121792282424,"PREMIUM_EXPENSE":null,"LOAN_DEPOSIT":null,"LOAN_EQUITY":null,"LOAN_ASSETS":null,"DEPOSIT_EQUITY":null,"DEPOSIT_ASSETS":null,"EQUITY_MULTIPLIER":1.798388143717,"EQUITY_RATIO":0.821101652372},{"SECUCODE":"01613.HK","SECURITY_CODE":"01613","SECURITY_NAME_ABBR":"协同通信","ORG_CODE":"10188622","STD_REPORT_DATE":"2020-12-31 00:00:00","REPORT_DATE":"2021-03-31 00:00:00","DATE_TYPE_CODE":"001","REPORT_TYPE":"2020年年报","PER_NETCASH_OPERATE":-0.006325158316,"PER_OI":0.073911677189,"BPS":0.294228073164,"BASIC_EPS":-0.012424146,"DILUTED_EPS":-0.012424146,"OPERATE_INCOME":76303695.58,"OPERATE_INCOME_YOY":23.262291277,"GROSS_PROFIT":19455198.42,"GROSS_PROFIT_YOY":-21.373789931023,"HOLDER_PROFIT":-12790108.94,"HOLDER_PROFIT_YOY":60.8733872844,"GROSS_PROFIT_RATIO":25.497059181888,"EPS_TTM":-0.020183980134,"OPERATE_INCOME_QOQ":0,"NET_PROFIT_RATIO":-18.7093629889,"ROE_AVG":-9.40562982852,"GROSS_PROFIT_QOQ":0,"ROA":-4.994372955865,"HOLDER_PROFIT_QOQ":0,"ROE_YEARLY":-9.40562982852,"ROIC_YEARLY":-5.589846448215,"TOTAL_ASSETS":261764078.52,"TOTAL_LIABILITIES":124302312.96,"TAX_EBT":7.212700505383,"OCF_SALES":-8.557725324265,"TOTAL_PARENT_EQUITY":132032329.24,"DEBT_ASSET_RATIO":47.4863906701,"OPERATE_PROFIT":-11402323.38,"PRETAX_PROFIT":-15385656.72,"NETCASH_OPERATE":-6529860.68,"NETCASH_INVEST":-21623085.12,"NETCASH_FINANCE":-7721564.48,"END_CASH":3537078.3,"DIVI_RATIO":null,"DIVIDEND_RATE":null,"CURRENT_RATIO":1.041777123902,"COMMON_ACS":4000000000,"CURRENTDEBT_DEBT":97.977861183638,"ISSUED_COMMON_SHARES":448741440,"HK_COMMON_SHARES":448741440,"PER_SHARES":6400,"TOTAL_MARKET_CAP":210908476.8,"HKSK_MARKET_CAP":210908476.8,"PE_TTM":-9.433244333125,"PB_TTM":2.006951030079,"REPORT_DATE_SQ":"2019-12-31 00:00:00","REPORT_TYPE_SQ":"2019年年报","OPERATE_INCOME_SQ":66922129.1,"DPS_HKD":null,"OPERATE_INCOME_QOQ_SQ":0,"NET_PROFIT_RATIO_SQ":-52.5510970332,"HOLDER_PROFIT_SQ":-35339174.9,"HOLDER_PROFIT_QOQ_SQ":0,"ROE_AVG_SQ":-26.048362927368,"PE_TTM_SQ":-1.832470772009,"PB_TTM_SQ":0.759300956735,"ROA_SQ":-12.853985609598,"START_DATE":"2020-04-01 00:00:00","FISCAL_YEAR":"3-31","CURRENCY":"HKD","IS_CNY_CODE":0,"DPS_HKD_LY":null,"ORG_TYPE":"一般企业","PREMIUM_INCOME":null,"PREMIUM_INCOME_YOY":null,"NET_INTEREST_INCOME":null,"NET_INTEREST_INCOME_YOY":null,"FEE_COMMISSION_INCOME":null,"FEE_COMMISSION_INCOME_YOY":null,"ACCOUNTS_RECE_TDAYS":0.894446921286,"INVENTORY_TDAYS":1.40088307577,"CURRENT_ASSETS_TDAYS":0.518271033,"TOTAL_ASSETS_TDAYS":0.297956112356,"PREMIUM_EXPENSE":null,"LOAN_DEPOSIT":null,"LOAN_EQUITY":null,"LOAN_ASSETS":null,"DEPOSIT_EQUITY":null,"DEPOSIT_ASSETS":null,"EQUITY_MULTIPLIER":1.904268270188,"EQUITY_RATIO":0.941453609699},{"SECUCODE":"01613.HK","SECURITY_CODE":"01613","SECURITY_NAME_ABBR":"协同通信","ORG_CODE":"10188622","STD_REPORT_DATE":"2020-06-30 00:00:00","REPORT_DATE":"2020-09-30 00:00:00","DATE_TYPE_CODE":"002","REPORT_TYPE":"2020年中报","PER_NETCASH_OPERATE":-0.004977661505,"PER_OI":0.022442886612,"BPS":0.308451779448,"BASIC_EPS":-0.006941888,"DILUTED_EPS":-0.006941888,"OPERATE_INCOME":23169210.24,"OPERATE_INCOME_YOY":-19.1840863115,"GROSS_PROFIT":7579838.72,"GROSS_PROFIT_YOY":-33.238454703442,"HOLDER_PROFIT":-7126419.2,"HOLDER_PROFIT_YOY":66.1773292185,"GROSS_PROFIT_RATIO":32.715136344673,"EPS_TTM":-0.034231339222,"OPERATE_INCOME_QOQ":0,"NET_PROFIT_RATIO":-32.2827777146,"ROE_AVG":-5.020319604317,"GROSS_PROFIT_QOQ":0,"ROA":-2.770286541907,"HOLDER_PROFIT_QOQ":0,"ROE_YEARLY":-10.040639208634,"ROIC_YEARLY":-6.356895389487,"TOTAL_ASSETS":254135489.92,"TOTAL_LIABILITIES":109362855.04,"TAX_EBT":10.192023633678,"OCF_SALES":-22.179239200516,"TOTAL_PARENT_EQUITY":138415095.68,"DEBT_ASSET_RATIO":43.0332871156,"OPERATE_PROFIT":-6586006.4,"PRETAX_PROFIT":-8328508.16,"NETCASH_OPERATE":-5138754.56,"NETCASH_INVEST":-16642078.08,"NETCASH_FINANCE":-6659818.88,"END_CASH":12306473.6,"DIVI_RATIO":null,"DIVIDEND_RATE":null,"CURRENT_RATIO":1.103813931689,"COMMON_ACS":4000000000,"CURRENTDEBT_DEBT":96.00343893875,"ISSUED_COMMON_SHARES":448741440,"HK_COMMON_SHARES":448741440,"PER_SHARES":6400,"TOTAL_MARKET_CAP":210908476.8,"HKSK_MARKET_CAP":210908476.8,"PE_TTM":-9.433244333125,"PB_TTM":2.006951030079,"REPORT_DATE_SQ":"2019-06-30 00:00:00","REPORT_TYPE_SQ":"2019年中报","OPERATE_INCOME_SQ":29428978.26,"DPS_HKD":null,"OPERATE_INCOME_QOQ_SQ":0,"NET_PROFIT_RATIO_SQ":-75.8995892846,"HOLDER_PROFIT_SQ":-21628395.78,"HOLDER_PROFIT_QOQ_SQ":0,"ROE_AVG_SQ":-21.165711864556,"PE_TTM_SQ":-1.832470772009,"PB_TTM_SQ":0.759300956735,"ROA_SQ":-8.461638899966,"START_DATE":"2020-04-01 00:00:00","FISCAL_YEAR":"3-31","CURRENCY":"HKD","IS_CNY_CODE":0,"DPS_HKD_LY":null,"ORG_TYPE":"一般企业","PREMIUM_INCOME":null,"PREMIUM_INCOME_YOY":null,"NET_INTEREST_INCOME":null,"NET_INTEREST_INCOME_YOY":null,"FEE_COMMISSION_INCOME":null,"FEE_COMMISSION_INCOME_YOY":null,"ACCOUNTS_RECE_TDAYS":0.290455837317,"INVENTORY_TDAYS":0.4096235324,"CURRENT_ASSETS_TDAYS":0.159721591219,"TOTAL_ASSETS_TDAYS":0.090066763564,"PREMIUM_EXPENSE":null,"LOAN_DEPOSIT":null,"LOAN_EQUITY":null,"LOAN_ASSETS":null,"DEPOSIT_EQUITY":null,"DEPOSIT_ASSETS":null,"EQUITY_MULTIPLIER":1.755411097757,"EQUITY_RATIO":0.790107860004}],"count":30},"success":true,"message":"ok","code":0}