{"version":"c0396a001a78b19ff401122f02150a52","result":{"pages":4,"data":[{"SECUCODE":"01616.HK","SECURITY_CODE":"01616","SECURITY_NAME_ABBR":"一元宇宙","ORG_CODE":"10268475","STD_REPORT_DATE":"2024-06-30 00:00:00","REPORT_DATE":"2024-06-30 00:00:00","DATE_TYPE_CODE":"002","REPORT_TYPE":"2024年中报","PER_NETCASH_OPERATE":-0.100128881001,"PER_OI":0.000164995255,"BPS":0.090489439907,"BASIC_EPS":-0.0039,"DILUTED_EPS":-0.0039,"OPERATE_INCOME":355000,"OPERATE_INCOME_YOY":-83.3645735708,"GROSS_PROFIT":323000,"GROSS_PROFIT_YOY":-76.812634601579,"HOLDER_PROFIT":-8428000,"HOLDER_PROFIT_YOY":-2077.7777777778,"GROSS_PROFIT_RATIO":90.985915492958,"EPS_TTM":-0.011008669322,"OPERATE_INCOME_QOQ":-7.491157150076,"NET_PROFIT_RATIO":-2374.0845070423,"ROE_AVG":-4.237113453891,"GROSS_PROFIT_QOQ":-2.00494678459,"ROA":-2.656952669484,"HOLDER_PROFIT_QOQ":-51.39661233621,"ROE_YEARLY":-8.474226907782,"ROIC_YEARLY":-8.828135229267,"TOTAL_ASSETS":309258000,"TOTAL_LIABILITIES":114563000,"TAX_EBT":null,"OCF_SALES":-60685.9154929578,"TOTAL_PARENT_EQUITY":194695000,"DEBT_ASSET_RATIO":37.0444741931,"OPERATE_PROFIT":-454000,"PRETAX_PROFIT":-8428000,"NETCASH_OPERATE":-215435000,"NETCASH_INVEST":309000,"NETCASH_FINANCE":-5830000,"END_CASH":15793000,"DIVI_RATIO":null,"DIVIDEND_RATE":null,"CURRENT_RATIO":2.189080287861,"COMMON_ACS":10000000000,"CURRENTDEBT_DEBT":99.217024693837,"ISSUED_COMMON_SHARES":2151577026,"HK_COMMON_SHARES":2151577026,"PER_SHARES":2000,"TOTAL_MARKET_CAP":107578851.3,"HKSK_MARKET_CAP":107578851.3,"PE_TTM":-4.125175217383,"PB_TTM":0.504301938953,"REPORT_DATE_SQ":"2023-06-30 00:00:00","REPORT_TYPE_SQ":"2023年中报","OPERATE_INCOME_SQ":2134000,"DPS_HKD":null,"OPERATE_INCOME_QOQ_SQ":-76.249606216528,"NET_PROFIT_RATIO_SQ":-18.8847235239,"HOLDER_PROFIT_SQ":-387000,"HOLDER_PROFIT_QOQ_SQ":7.074809869791,"ROE_AVG_SQ":-0.177056335483,"PE_TTM_SQ":-0.204040608744,"PB_TTM_SQ":0.199841752266,"ROA_SQ":-0.072856110124,"START_DATE":"2024-01-01 00:00:00","FISCAL_YEAR":"12-31","CURRENCY":"HKD","IS_CNY_CODE":0,"DPS_HKD_LY":null,"ORG_TYPE":"一般企业","PREMIUM_INCOME":null,"PREMIUM_INCOME_YOY":null,"NET_INTEREST_INCOME":null,"NET_INTEREST_INCOME_YOY":null,"FEE_COMMISSION_INCOME":null,"FEE_COMMISSION_INCOME_YOY":null,"ACCOUNTS_RECE_TDAYS":0.002728397624,"INVENTORY_TDAYS":null,"CURRENT_ASSETS_TDAYS":0.001384644488,"TOTAL_ASSETS_TDAYS":0.001119148312,"PREMIUM_EXPENSE":null,"LOAN_DEPOSIT":null,"LOAN_EQUITY":null,"LOAN_ASSETS":null,"DEPOSIT_EQUITY":null,"DEPOSIT_ASSETS":null,"EQUITY_MULTIPLIER":1.588422917898,"EQUITY_RATIO":0.588422917897},{"SECUCODE":"01616.HK","SECURITY_CODE":"01616","SECURITY_NAME_ABBR":"一元宇宙","ORG_CODE":"10268475","STD_REPORT_DATE":"2023-12-31 00:00:00","REPORT_DATE":"2023-12-31 00:00:00","DATE_TYPE_CODE":"001","REPORT_TYPE":"2023年年报","PER_NETCASH_OPERATE":0.022903200492,"PER_OI":0.011037485395,"BPS":0.094406566693,"BASIC_EPS":-0.0073,"DILUTED_EPS":-0.0073,"OPERATE_INCOME":23748000,"OPERATE_INCOME_YOY":-37.6562007771,"GROSS_PROFIT":-53368000,"GROSS_PROFIT_YOY":-55.184646699622,"HOLDER_PROFIT":-15645000,"HOLDER_PROFIT_YOY":93.009195957,"GROSS_PROFIT_RATIO":-224.726292740441,"EPS_TTM":-0.007271410603,"OPERATE_INCOME_QOQ":162.495854979551,"NET_PROFIT_RATIO":-66.1529391949,"ROE_AVG":-7.416607607178,"GROSS_PROFIT_QOQ":-57.320991657577,"ROA":-3.632108817005,"HOLDER_PROFIT_QOQ":92.476954813643,"ROE_YEARLY":-7.416607607178,"ROIC_YEARLY":-5.095344330636,"TOTAL_ASSETS":325153000,"TOTAL_LIABILITIES":122030000,"TAX_EBT":null,"OCF_SALES":207.503789792825,"TOTAL_PARENT_EQUITY":203123000,"DEBT_ASSET_RATIO":37.530024327,"OPERATE_PROFIT":-6774000,"PRETAX_PROFIT":-15710000,"NETCASH_OPERATE":49278000,"NETCASH_INVEST":212735000,"NETCASH_FINANCE":-39989000,"END_CASH":236748000,"DIVI_RATIO":null,"DIVIDEND_RATE":null,"CURRENT_RATIO":2.177460071278,"COMMON_ACS":10000000000,"CURRENTDEBT_DEBT":99.33295091371,"ISSUED_COMMON_SHARES":2151577026,"HK_COMMON_SHARES":2151577026,"PER_SHARES":2000,"TOTAL_MARKET_CAP":90366235.092,"HKSK_MARKET_CAP":90366235.092,"PE_TTM":-3.465147182602,"PB_TTM":0.423613628721,"REPORT_DATE_SQ":"2022-12-31 00:00:00","REPORT_TYPE_SQ":"2022年年报","OPERATE_INCOME_SQ":38092000,"DPS_HKD":null,"OPERATE_INCOME_QOQ_SQ":-27.951579345565,"NET_PROFIT_RATIO_SQ":-598.5718786097,"HOLDER_PROFIT_SQ":-223794000,"HOLDER_PROFIT_QOQ_SQ":58.093522485544,"ROE_AVG_SQ":-68.273693940776,"PE_TTM_SQ":-0.361708351865,"PB_TTM_SQ":0.354264924471,"ROA_SQ":-33.871744032934,"START_DATE":"2023-01-01 00:00:00","FISCAL_YEAR":"12-31","CURRENCY":"HKD","IS_CNY_CODE":0,"DPS_HKD_LY":null,"ORG_TYPE":"一般企业","PREMIUM_INCOME":null,"PREMIUM_INCOME_YOY":null,"NET_INTEREST_INCOME":null,"NET_INTEREST_INCOME_YOY":null,"FEE_COMMISSION_INCOME":null,"FEE_COMMISSION_INCOME_YOY":null,"ACCOUNTS_RECE_TDAYS":0.119445925419,"INVENTORY_TDAYS":null,"CURRENT_ASSETS_TDAYS":0.071884998532,"TOTAL_ASSETS_TDAYS":0.055132834891,"PREMIUM_EXPENSE":null,"LOAN_DEPOSIT":null,"LOAN_EQUITY":null,"LOAN_ASSETS":null,"DEPOSIT_EQUITY":null,"DEPOSIT_ASSETS":null,"EQUITY_MULTIPLIER":1.600768992187,"EQUITY_RATIO":0.600768992187},{"SECUCODE":"01616.HK","SECURITY_CODE":"01616","SECURITY_NAME_ABBR":"一元宇宙","ORG_CODE":"10268475","STD_REPORT_DATE":"2023-06-30 00:00:00","REPORT_DATE":"2023-06-30 00:00:00","DATE_TYPE_CODE":"002","REPORT_TYPE":"2023年中报","PER_NETCASH_OPERATE":-0.007765931593,"PER_OI":0.000991830631,"BPS":0.101498109229,"BASIC_EPS":-0.0002,"DILUTED_EPS":-0.0002,"OPERATE_INCOME":2134000,"OPERATE_INCOME_YOY":-93.155649636,"GROSS_PROFIT":1393000,"GROSS_PROFIT_YOY":50.431965442765,"HOLDER_PROFIT":-387000,"HOLDER_PROFIT_YOY":97.6140567201,"GROSS_PROFIT_RATIO":65.276476101218,"EPS_TTM":-0.096655149914,"OPERATE_INCOME_QOQ":-76.249606216528,"NET_PROFIT_RATIO":-18.8847235239,"ROE_AVG":-0.177056335483,"GROSS_PROFIT_QOQ":1.357952893283,"ROA":-0.072856110124,"HOLDER_PROFIT_QOQ":7.074809869791,"ROE_YEARLY":-0.354112670966,"ROIC_YEARLY":-0.191773083384,"TOTAL_ASSETS":526038000,"TOTAL_LIABILITIES":307418000,"TAX_EBT":null,"OCF_SALES":-782.989690721649,"TOTAL_PARENT_EQUITY":218381000,"DEBT_ASSET_RATIO":58.4402647717,"OPERATE_PROFIT":4471000,"PRETAX_PROFIT":-403000,"NETCASH_OPERATE":-16709000,"NETCASH_INVEST":258444000,"NETCASH_FINANCE":-8360000,"END_CASH":244280000,"DIVI_RATIO":null,"DIVIDEND_RATE":null,"CURRENT_RATIO":1.333861051023,"COMMON_ACS":10000000000,"CURRENTDEBT_DEBT":95.337943776877,"ISSUED_COMMON_SHARES":2151577026,"HK_COMMON_SHARES":2151577026,"PER_SHARES":2000,"TOTAL_MARKET_CAP":90366235.092,"HKSK_MARKET_CAP":90366235.092,"PE_TTM":-3.465147182602,"PB_TTM":0.423613628721,"REPORT_DATE_SQ":"2022-06-30 00:00:00","REPORT_TYPE_SQ":"2022年中报","OPERATE_INCOME_SQ":31179000,"DPS_HKD":null,"OPERATE_INCOME_QOQ_SQ":-44.989543122913,"NET_PROFIT_RATIO_SQ":-53.3371820777,"HOLDER_PROFIT_SQ":-16220000,"HOLDER_PROFIT_QOQ_SQ":-0.034466739596,"ROE_AVG_SQ":-3.758313995317,"PE_TTM_SQ":-0.361708351865,"PB_TTM_SQ":0.354264924471,"ROA_SQ":-2.06055255076,"START_DATE":"2023-01-01 00:00:00","FISCAL_YEAR":"12-31","CURRENCY":"HKD","IS_CNY_CODE":0,"DPS_HKD_LY":null,"ORG_TYPE":"一般企业","PREMIUM_INCOME":null,"PREMIUM_INCOME_YOY":null,"NET_INTEREST_INCOME":null,"NET_INTEREST_INCOME_YOY":null,"FEE_COMMISSION_INCOME":null,"FEE_COMMISSION_INCOME_YOY":null,"ACCOUNTS_RECE_TDAYS":0.008507940811,"INVENTORY_TDAYS":null,"CURRENT_ASSETS_TDAYS":0.005418203284,"TOTAL_ASSETS_TDAYS":0.004017440284,"PREMIUM_EXPENSE":null,"LOAN_DEPOSIT":null,"LOAN_EQUITY":null,"LOAN_ASSETS":null,"DEPOSIT_EQUITY":null,"DEPOSIT_ASSETS":null,"EQUITY_MULTIPLIER":2.406175098341,"EQUITY_RATIO":1.407714041057},{"SECUCODE":"01616.HK","SECURITY_CODE":"01616","SECURITY_NAME_ABBR":"一元宇宙","ORG_CODE":"10268475","STD_REPORT_DATE":"2022-12-31 00:00:00","REPORT_DATE":"2022-12-31 00:00:00","DATE_TYPE_CODE":"001","REPORT_TYPE":"2022年年报","PER_NETCASH_OPERATE":-0.042452117166,"PER_OI":0.017704223246,"BPS":0.101677977296,"BASIC_EPS":-0.104,"DILUTED_EPS":-0.104,"OPERATE_INCOME":38092000,"OPERATE_INCOME_YOY":-60.3658346253,"GROSS_PROFIT":-34390000,"GROSS_PROFIT_YOY":-149.130686757462,"HOLDER_PROFIT":-223794000,"HOLDER_PROFIT_YOY":58.0790786891,"GROSS_PROFIT_RATIO":-90.281423921033,"EPS_TTM":-0.104013938286,"OPERATE_INCOME_QOQ":-27.951579345565,"NET_PROFIT_RATIO":-598.5718786097,"ROE_AVG":-68.273693940776,"GROSS_PROFIT_QOQ":-81.162092398462,"ROA":-33.871744032934,"HOLDER_PROFIT_QOQ":58.093522485544,"ROE_YEARLY":-68.273693940776,"ROIC_YEARLY":-35.165149428394,"TOTAL_ASSETS":536330000,"TOTAL_LIABILITIES":317807000,"TAX_EBT":0.675210622152,"OCF_SALES":-239.785256746823,"TOTAL_PARENT_EQUITY":218768000,"DEBT_ASSET_RATIO":59.2558685884,"OPERATE_PROFIT":-219563000,"PRETAX_PROFIT":-229558000,"NETCASH_OPERATE":-91339000,"NETCASH_INVEST":91040000,"NETCASH_FINANCE":-24482000,"END_CASH":10890000,"DIVI_RATIO":null,"DIVIDEND_RATE":null,"CURRENT_RATIO":1.308853702787,"COMMON_ACS":10000000000,"CURRENTDEBT_DEBT":95.388081445657,"ISSUED_COMMON_SHARES":2151577026,"HK_COMMON_SHARES":2151577026,"PER_SHARES":2000,"TOTAL_MARKET_CAP":90366235.092,"HKSK_MARKET_CAP":90366235.092,"PE_TTM":-3.465147182602,"PB_TTM":0.423613628721,"REPORT_DATE_SQ":"2021-12-31 00:00:00","REPORT_TYPE_SQ":"2021年年报","OPERATE_INCOME_SQ":96109000,"DPS_HKD":null,"OPERATE_INCOME_QOQ_SQ":-30.368411519652,"NET_PROFIT_RATIO_SQ":-555.7419180306,"HOLDER_PROFIT_SQ":-533848000,"HOLDER_PROFIT_QOQ_SQ":-90.992873293454,"ROE_AVG_SQ":-81.492189634723,"PE_TTM_SQ":-0.361708351865,"PB_TTM_SQ":0.354264924471,"ROA_SQ":-50.996506126816,"START_DATE":"2022-01-01 00:00:00","FISCAL_YEAR":"12-31","CURRENCY":"HKD","IS_CNY_CODE":0,"DPS_HKD_LY":null,"ORG_TYPE":"一般企业","PREMIUM_INCOME":null,"PREMIUM_INCOME_YOY":null,"NET_INTEREST_INCOME":null,"NET_INTEREST_INCOME_YOY":null,"FEE_COMMISSION_INCOME":null,"FEE_COMMISSION_INCOME_YOY":null,"ACCOUNTS_RECE_TDAYS":0.084477118747,"INVENTORY_TDAYS":null,"CURRENT_ASSETS_TDAYS":0.077829073119,"TOTAL_ASSETS_TDAYS":0.057653130723,"PREMIUM_EXPENSE":null,"LOAN_DEPOSIT":null,"LOAN_EQUITY":null,"LOAN_ASSETS":null,"DEPOSIT_EQUITY":null,"DEPOSIT_ASSETS":null,"EQUITY_MULTIPLIER":2.454341190632,"EQUITY_RATIO":1.452712462517},{"SECUCODE":"01616.HK","SECURITY_CODE":"01616","SECURITY_NAME_ABBR":"一元宇宙","ORG_CODE":"10268475","STD_REPORT_DATE":"2022-06-30 00:00:00","REPORT_DATE":"2022-06-30 00:00:00","DATE_TYPE_CODE":"002","REPORT_TYPE":"2022年中报","PER_NETCASH_OPERATE":-0.041340839266,"PER_OI":0.01449123114,"BPS":0.198153259143,"BASIC_EPS":-0.0075,"DILUTED_EPS":-0.0075,"OPERATE_INCOME":31179000,"OPERATE_INCOME_YOY":-58.1028783359,"GROSS_PROFIT":926000,"GROSS_PROFIT_YOY":-84.832104832105,"HOLDER_PROFIT":-16220000,"HOLDER_PROFIT_YOY":-1.1474183088,"GROSS_PROFIT_RATIO":2.969947721223,"EPS_TTM":-0.248204918321,"OPERATE_INCOME_QOQ":-44.989543122913,"NET_PROFIT_RATIO":-53.3371820777,"ROE_AVG":-3.758313995317,"GROSS_PROFIT_QOQ":-37.518110692553,"ROA":-2.06055255076,"HOLDER_PROFIT_QOQ":-0.034466739596,"ROE_YEARLY":-7.516627990634,"ROIC_YEARLY":-4.265398793092,"TOTAL_ASSETS":789245000,"TOTAL_LIABILITIES":360351000,"TAX_EBT":1.346621581539,"OCF_SALES":-285.281760159081,"TOTAL_PARENT_EQUITY":426342000,"DEBT_ASSET_RATIO":45.6576855096,"OPERATE_PROFIT":-14530000,"PRETAX_PROFIT":-16857000,"NETCASH_OPERATE":-88948000,"NETCASH_INVEST":81323000,"NETCASH_FINANCE":-14978000,"END_CASH":12748000,"DIVI_RATIO":null,"DIVIDEND_RATE":null,"CURRENT_RATIO":1.822227999247,"COMMON_ACS":10000000000,"CURRENTDEBT_DEBT":92.870284805648,"ISSUED_COMMON_SHARES":2151577026,"HK_COMMON_SHARES":2151577026,"PER_SHARES":2000,"TOTAL_MARKET_CAP":90366235.092,"HKSK_MARKET_CAP":90366235.092,"PE_TTM":-3.465147182602,"PB_TTM":0.423613628721,"REPORT_DATE_SQ":"2021-06-30 00:00:00","REPORT_TYPE_SQ":"2021年中报","OPERATE_INCOME_SQ":74418000,"DPS_HKD":null,"OPERATE_INCOME_QOQ_SQ":46.647896302592,"NET_PROFIT_RATIO_SQ":-22.0699293182,"HOLDER_PROFIT_SQ":-16036000,"HOLDER_PROFIT_QOQ_SQ":0.620782342191,"ROE_AVG_SQ":-1.725733038329,"PE_TTM_SQ":-0.361708351865,"PB_TTM_SQ":0.354264924471,"ROA_SQ":-1.234092567865,"START_DATE":"2022-01-01 00:00:00","FISCAL_YEAR":"12-31","CURRENCY":"HKD","IS_CNY_CODE":0,"DPS_HKD_LY":null,"ORG_TYPE":"一般企业","PREMIUM_INCOME":null,"PREMIUM_INCOME_YOY":null,"NET_INTEREST_INCOME":null,"NET_INTEREST_INCOME_YOY":null,"FEE_COMMISSION_INCOME":null,"FEE_COMMISSION_INCOME_YOY":null,"ACCOUNTS_RECE_TDAYS":0.056026048096,"INVENTORY_TDAYS":null,"CURRENT_ASSETS_TDAYS":0.052317752446,"TOTAL_ASSETS_TDAYS":0.039609104797,"PREMIUM_EXPENSE":null,"LOAN_DEPOSIT":null,"LOAN_EQUITY":null,"LOAN_ASSETS":null,"DEPOSIT_EQUITY":null,"DEPOSIT_ASSETS":null,"EQUITY_MULTIPLIER":1.840186619539,"EQUITY_RATIO":0.845215812657},{"SECUCODE":"01616.HK","SECURITY_CODE":"01616","SECURITY_NAME_ABBR":"一元宇宙","ORG_CODE":"10268475","STD_REPORT_DATE":"2021-12-31 00:00:00","REPORT_DATE":"2021-12-31 00:00:00","DATE_TYPE_CODE":"001","REPORT_TYPE":"2021年年报","PER_NETCASH_OPERATE":0.014203070413,"PER_OI":0.044669095663,"BPS":0.203018992451,"BASIC_EPS":-0.2968,"DILUTED_EPS":-0.2968,"OPERATE_INCOME":96109000,"OPERATE_INCOME_YOY":2.1132596685,"GROSS_PROFIT":-13804000,"GROSS_PROFIT_YOY":19.925749753466,"HOLDER_PROFIT":-533848000,"HOLDER_PROFIT_YOY":-89.6096977102,"GROSS_PROFIT_RATIO":-14.362858837362,"EPS_TTM":-0.248119399654,"OPERATE_INCOME_QOQ":-30.368411519652,"NET_PROFIT_RATIO":-555.7419180306,"ROE_AVG":-81.492189634723,"GROSS_PROFIT_QOQ":-15.389116442364,"ROA":-50.996506126816,"HOLDER_PROFIT_QOQ":-90.992873293454,"ROE_YEARLY":-81.492189634723,"ROIC_YEARLY":-52.803381961225,"TOTAL_ASSETS":785090000,"TOTAL_LIABILITIES":345819000,"TAX_EBT":-2.18247211647,"OCF_SALES":31.796189742896,"TOTAL_PARENT_EQUITY":436811000,"DEBT_ASSET_RATIO":44.0483256697,"OPERATE_PROFIT":-506756000,"PRETAX_PROFIT":-522710000,"NETCASH_OPERATE":30559000,"NETCASH_INVEST":36336000,"NETCASH_FINANCE":-40352000,"END_CASH":35498000,"DIVI_RATIO":null,"DIVIDEND_RATE":null,"CURRENT_RATIO":1.821203635624,"COMMON_ACS":10000000000,"CURRENTDEBT_DEBT":92.422625708825,"ISSUED_COMMON_SHARES":2151577026,"HK_COMMON_SHARES":2151577026,"PER_SHARES":2000,"TOTAL_MARKET_CAP":90366235.092,"HKSK_MARKET_CAP":90366235.092,"PE_TTM":-3.465147182602,"PB_TTM":0.423613628721,"REPORT_DATE_SQ":"2020-12-31 00:00:00","REPORT_TYPE_SQ":"2020年年报","OPERATE_INCOME_SQ":94120000,"DPS_HKD":null,"OPERATE_INCOME_QOQ_SQ":-0.316673550874,"NET_PROFIT_RATIO_SQ":-299.8427539312,"HOLDER_PROFIT_SQ":-281551000,"HOLDER_PROFIT_QOQ_SQ":-1599.03346623173,"ROE_AVG_SQ":-26.981384573323,"PE_TTM_SQ":-0.361708351865,"PB_TTM_SQ":0.354264924471,"ROA_SQ":-16.981287003059,"START_DATE":"2021-01-01 00:00:00","FISCAL_YEAR":"12-31","CURRENCY":"HKD","IS_CNY_CODE":0,"DPS_HKD_LY":null,"ORG_TYPE":"一般企业","PREMIUM_INCOME":null,"PREMIUM_INCOME_YOY":null,"NET_INTEREST_INCOME":null,"NET_INTEREST_INCOME_YOY":null,"FEE_COMMISSION_INCOME":null,"FEE_COMMISSION_INCOME_YOY":null,"ACCOUNTS_RECE_TDAYS":0.146287187675,"INVENTORY_TDAYS":null,"CURRENT_ASSETS_TDAYS":0.113875448987,"TOTAL_ASSETS_TDAYS":0.091809339125,"PREMIUM_EXPENSE":null,"LOAN_DEPOSIT":null,"LOAN_EQUITY":null,"LOAN_ASSETS":null,"DEPOSIT_EQUITY":null,"DEPOSIT_ASSETS":null,"EQUITY_MULTIPLIER":1.7872566138,"EQUITY_RATIO":0.791690227581},{"SECUCODE":"01616.HK","SECURITY_CODE":"01616","SECURITY_NAME_ABBR":"一元宇宙","ORG_CODE":"10268475","STD_REPORT_DATE":"2021-06-30 00:00:00","REPORT_DATE":"2021-06-30 00:00:00","DATE_TYPE_CODE":"002","REPORT_TYPE":"2021年中报","PER_NETCASH_OPERATE":0.031949388613,"PER_OI":0.037837732575,"BPS":0.446101156687,"BASIC_EPS":-0.01,"DILUTED_EPS":-0.0104,"OPERATE_INCOME":74418000,"OPERATE_INCOME_YOY":143.8894897257,"GROSS_PROFIT":6105000,"GROSS_PROFIT_YOY":636.42943305187,"HOLDER_PROFIT":-16036000,"HOLDER_PROFIT_YOY":9.9407879754,"GROSS_PROFIT_RATIO":8.203660404741,"EPS_TTM":-0.142117502588,"OPERATE_INCOME_QOQ":46.647896302592,"NET_PROFIT_RATIO":-22.0699293182,"ROE_AVG":-1.725733038329,"GROSS_PROFIT_QOQ":30.605023493242,"ROA":-1.234092567865,"HOLDER_PROFIT_QOQ":0.620782342191,"ROE_YEARLY":-3.451466076658,"ROIC_YEARLY":-2.699668685558,"TOTAL_ASSETS":1254928000,"TOTAL_LIABILITIES":273667000,"TAX_EBT":-21.592560302238,"OCF_SALES":84.437904807977,"TOTAL_PARENT_EQUITY":959821000,"DEBT_ASSET_RATIO":21.8073865592,"OPERATE_PROFIT":-6555000,"PRETAX_PROFIT":-13764000,"NETCASH_OPERATE":62632000,"NETCASH_INVEST":120429000,"NETCASH_FINANCE":-29291000,"END_CASH":165119000,"DIVI_RATIO":null,"DIVIDEND_RATE":null,"CURRENT_RATIO":4.136917910244,"COMMON_ACS":10000000000,"CURRENTDEBT_DEBT":93.464319775494,"ISSUED_COMMON_SHARES":2151577026,"HK_COMMON_SHARES":2151577026,"PER_SHARES":2000,"TOTAL_MARKET_CAP":90366235.092,"HKSK_MARKET_CAP":90366235.092,"PE_TTM":-3.465147182602,"PB_TTM":0.423613628721,"REPORT_DATE_SQ":"2020-06-30 00:00:00","REPORT_TYPE_SQ":"2020年中报","OPERATE_INCOME_SQ":30513000,"DPS_HKD":null,"OPERATE_INCOME_QOQ_SQ":-66.775282124547,"NET_PROFIT_RATIO_SQ":-57.7491560974,"HOLDER_PROFIT_SQ":-17564000,"HOLDER_PROFIT_QOQ_SQ":-154.845442798927,"ROE_AVG_SQ":-1.49574796766,"PE_TTM_SQ":-0.361708351865,"PB_TTM_SQ":0.354264924471,"ROA_SQ":-0.913482104431,"START_DATE":"2021-01-01 00:00:00","FISCAL_YEAR":"12-31","CURRENCY":"HKD","IS_CNY_CODE":0,"DPS_HKD_LY":null,"ORG_TYPE":"一般企业","PREMIUM_INCOME":null,"PREMIUM_INCOME_YOY":null,"NET_INTEREST_INCOME":null,"NET_INTEREST_INCOME_YOY":null,"FEE_COMMISSION_INCOME":null,"FEE_COMMISSION_INCOME_YOY":null,"ACCOUNTS_RECE_TDAYS":0.106725753192,"INVENTORY_TDAYS":null,"CURRENT_ASSETS_TDAYS":0.06877729863,"TOTAL_ASSETS_TDAYS":0.05805961608,"PREMIUM_EXPENSE":null,"LOAN_DEPOSIT":null,"LOAN_EQUITY":null,"LOAN_ASSETS":null,"DEPOSIT_EQUITY":null,"DEPOSIT_ASSETS":null,"EQUITY_MULTIPLIER":1.278893179286,"EQUITY_RATIO":0.285122955218},{"SECUCODE":"01616.HK","SECURITY_CODE":"01616","SECURITY_NAME_ABBR":"一元宇宙","ORG_CODE":"10268475","STD_REPORT_DATE":"2020-12-31 00:00:00","REPORT_DATE":"2020-12-31 00:00:00","DATE_TYPE_CODE":"001","REPORT_TYPE":"2020年年报","PER_NETCASH_OPERATE":0.004717301327,"PER_OI":0.066426152146,"BPS":0.419127918314,"BASIC_EPS":-0.1987,"DILUTED_EPS":-0.229,"OPERATE_INCOME":94120000,"OPERATE_INCOME_YOY":-66.8804960184,"GROSS_PROFIT":-17239000,"GROSS_PROFIT_YOY":-113.042458540128,"HOLDER_PROFIT":-281551000,"HOLDER_PROFIT_YOY":-1031.8424278567,"GROSS_PROFIT_RATIO":-18.31597960051,"EPS_TTM":-0.198500708673,"OPERATE_INCOME_QOQ":-0.316673550874,"NET_PROFIT_RATIO":-299.8427539312,"ROE_AVG":-26.981384573323,"GROSS_PROFIT_QOQ":-165.729972928661,"ROA":-16.981287003059,"HOLDER_PROFIT_QOQ":-1599.03346623173,"ROE_YEARLY":-26.981384573323,"ROIC_YEARLY":-18.368223257199,"TOTAL_ASSETS":1304486000,"TOTAL_LIABILITIES":432195000,"TAX_EBT":3.284126379117,"OCF_SALES":7.101572460688,"TOTAL_PARENT_EQUITY":873371000,"DEBT_ASSET_RATIO":29.4016773972,"OPERATE_PROFIT":-243082000,"PRETAX_PROFIT":-291219000,"NETCASH_OPERATE":7986000,"NETCASH_INVEST":110392000,"NETCASH_FINANCE":-300126000,"END_CASH":12351000,"DIVI_RATIO":null,"DIVIDEND_RATE":null,"CURRENT_RATIO":3.012722334371,"COMMON_ACS":10000000000,"CURRENTDEBT_DEBT":95.870845336017,"ISSUED_COMMON_SHARES":2151577026,"HK_COMMON_SHARES":2151577026,"PER_SHARES":2000,"TOTAL_MARKET_CAP":90366235.092,"HKSK_MARKET_CAP":90366235.092,"PE_TTM":-3.465147182602,"PB_TTM":0.423613628721,"REPORT_DATE_SQ":"2019-12-31 00:00:00","REPORT_TYPE_SQ":"2019年年报","OPERATE_INCOME_SQ":284183000,"DPS_HKD":null,"OPERATE_INCOME_QOQ_SQ":-71.82571746107,"NET_PROFIT_RATIO_SQ":10.5745241622,"HOLDER_PROFIT_SQ":30183000,"HOLDER_PROFIT_QOQ_SQ":232.300341895327,"ROE_AVG_SQ":2.826168581335,"PE_TTM_SQ":-0.361708351865,"PB_TTM_SQ":0.354264924471,"ROA_SQ":1.46766391114,"START_DATE":"2020-01-01 00:00:00","FISCAL_YEAR":"12-31","CURRENCY":"HKD","IS_CNY_CODE":0,"DPS_HKD_LY":null,"ORG_TYPE":"一般企业","PREMIUM_INCOME":null,"PREMIUM_INCOME_YOY":null,"NET_INTEREST_INCOME":null,"NET_INTEREST_INCOME_YOY":null,"FEE_COMMISSION_INCOME":null,"FEE_COMMISSION_INCOME_YOY":null,"ACCOUNTS_RECE_TDAYS":0.115725271746,"INVENTORY_TDAYS":null,"CURRENT_ASSETS_TDAYS":0.075235510649,"TOTAL_ASSETS_TDAYS":0.056826071889,"PREMIUM_EXPENSE":null,"LOAN_DEPOSIT":null,"LOAN_EQUITY":null,"LOAN_ASSETS":null,"DEPOSIT_EQUITY":null,"DEPOSIT_ASSETS":null,"EQUITY_MULTIPLIER":1.416464248912,"EQUITY_RATIO":0.494858427862},{"SECUCODE":"01616.HK","SECURITY_CODE":"01616","SECURITY_NAME_ABBR":"一元宇宙","ORG_CODE":"10268475","STD_REPORT_DATE":"2020-06-30 00:00:00","REPORT_DATE":"2020-06-30 00:00:00","DATE_TYPE_CODE":"002","REPORT_TYPE":"2020年中报","PER_NETCASH_OPERATE":0.014652993741,"PER_OI":0.021534861671,"BPS":0.541686393709,"BASIC_EPS":-0.0124,"DILUTED_EPS":-0.0627,"OPERATE_INCOME":30513000,"OPERATE_INCOME_YOY":-86.1478956042,"GROSS_PROFIT":829000,"GROSS_PROFIT_YOY":-99.210092521129,"HOLDER_PROFIT":-17564000,"HOLDER_PROFIT_YOY":-160.2063551914,"GROSS_PROFIT_RATIO":2.716874774686,"EPS_TTM":-0.011683154724,"OPERATE_INCOME_QOQ":-66.775282124547,"NET_PROFIT_RATIO":-57.7491560974,"ROE_AVG":-1.49574796766,"GROSS_PROFIT_QOQ":-79.879091962224,"ROA":-0.913482104431,"HOLDER_PROFIT_QOQ":-154.845442798927,"ROE_YEARLY":-2.991495935319,"ROIC_YEARLY":-2.045620576632,"TOTAL_ASSETS":1841516000,"TOTAL_LIABILITIES":653093000,"TAX_EBT":9.038818913896,"OCF_SALES":68.043129158064,"TOTAL_PARENT_EQUITY":1165480000,"DEBT_ASSET_RATIO":35.4649647356,"OPERATE_PROFIT":5459000,"PRETAX_PROFIT":-19372000,"NETCASH_OPERATE":20762000,"NETCASH_INVEST":11136000,"NETCASH_FINANCE":-56187000,"END_CASH":171665000,"DIVI_RATIO":null,"DIVIDEND_RATE":null,"CURRENT_RATIO":2.135691602812,"COMMON_ACS":10000000000,"CURRENTDEBT_DEBT":96.915753192884,"ISSUED_COMMON_SHARES":2151577026,"HK_COMMON_SHARES":2151577026,"PER_SHARES":2000,"TOTAL_MARKET_CAP":90366235.092,"HKSK_MARKET_CAP":90366235.092,"PE_TTM":-3.465147182602,"PB_TTM":0.423613628721,"REPORT_DATE_SQ":"2019-06-30 00:00:00","REPORT_TYPE_SQ":"2019年中报","OPERATE_INCOME_SQ":220277000,"DPS_HKD":null,"OPERATE_INCOME_QOQ_SQ":4.91923496597,"NET_PROFIT_RATIO_SQ":6.3080429065,"HOLDER_PROFIT_SQ":29173000,"HOLDER_PROFIT_QOQ_SQ":84.236310243565,"ROE_AVG_SQ":2.753677839609,"PE_TTM_SQ":-0.361708351865,"PB_TTM_SQ":0.354264924471,"ROA_SQ":1.360621316043,"START_DATE":"2020-01-01 00:00:00","FISCAL_YEAR":"12-31","CURRENCY":"HKD","IS_CNY_CODE":0,"DPS_HKD_LY":null,"ORG_TYPE":"一般企业","PREMIUM_INCOME":null,"PREMIUM_INCOME_YOY":null,"NET_INTEREST_INCOME":null,"NET_INTEREST_INCOME_YOY":null,"FEE_COMMISSION_INCOME":null,"FEE_COMMISSION_INCOME_YOY":null,"ACCOUNTS_RECE_TDAYS":0.036094489418,"INVENTORY_TDAYS":null,"CURRENT_ASSETS_TDAYS":0.022208126676,"TOTAL_ASSETS_TDAYS":0.015869437174,"PREMIUM_EXPENSE":null,"LOAN_DEPOSIT":null,"LOAN_EQUITY":null,"LOAN_ASSETS":null,"DEPOSIT_EQUITY":null,"DEPOSIT_ASSETS":null,"EQUITY_MULTIPLIER":1.549545910842,"EQUITY_RATIO":0.56036397021}],"count":29},"success":true,"message":"ok","code":0}