{"version":"64aaf53fbd6fb68fc6f91c0ddcb8a5f3","result":{"pages":3,"data":[{"SECUCODE":"01617.HK","SECURITY_CODE":"01617","SECURITY_NAME_ABBR":"南方通信","ORG_CODE":"10543565","STD_REPORT_DATE":"2024-06-30 00:00:00","REPORT_DATE":"2024-06-30 00:00:00","DATE_TYPE_CODE":"002","REPORT_TYPE":"2024年中报","PER_NETCASH_OPERATE":0.012167330775,"PER_OI":0.157879525777,"BPS":0.481827405549,"BASIC_EPS":0.003,"DILUTED_EPS":null,"OPERATE_INCOME":256750000,"OPERATE_INCOME_YOY":-3.012560204,"GROSS_PROFIT":34604000,"GROSS_PROFIT_YOY":30.399065455779,"HOLDER_PROFIT":5519000,"HOLDER_PROFIT_YOY":156.9366852886,"GROSS_PROFIT_RATIO":13.477702044791,"EPS_TTM":0.005269209957,"OPERATE_INCOME_QOQ":-1.527014270642,"NET_PROFIT_RATIO":2.1495618306,"ROE_AVG":0.706832349843,"GROSS_PROFIT_QOQ":11.414543036237,"ROA":0.38452976622,"HOLDER_PROFIT_QOQ":64.851866102347,"ROE_YEARLY":1.413664699686,"ROIC_YEARLY":0.91569743326,"TOTAL_ASSETS":1450625000,"TOTAL_LIABILITIES":667058000,"TAX_EBT":29.125465519456,"OCF_SALES":7.706718597858,"TOTAL_PARENT_EQUITY":783567000,"DEBT_ASSET_RATIO":45.9841792331,"OPERATE_PROFIT":3064000,"PRETAX_PROFIT":7787000,"NETCASH_OPERATE":19787000,"NETCASH_INVEST":-21753000,"NETCASH_FINANCE":-33889000,"END_CASH":211912000,"DIVI_RATIO":null,"DIVIDEND_RATE":null,"CURRENT_RATIO":1.584978272601,"COMMON_ACS":8000000000,"CURRENTDEBT_DEBT":84.45202666035,"ISSUED_COMMON_SHARES":1626240000,"HK_COMMON_SHARES":1626240000,"PER_SHARES":4000,"TOTAL_MARKET_CAP":185391360,"HKSK_MARKET_CAP":185391360,"PE_TTM":19.611550877414,"PB_TTM":0.21593939822,"REPORT_DATE_SQ":"2023-06-30 00:00:00","REPORT_TYPE_SQ":"2023年中报","OPERATE_INCOME_SQ":264725000,"DPS_HKD":null,"OPERATE_INCOME_QOQ_SQ":-10.985553214824,"NET_PROFIT_RATIO_SQ":0.811408065,"HOLDER_PROFIT_SQ":2148000,"HOLDER_PROFIT_QOQ_SQ":268.271010736764,"ROE_AVG_SQ":0.277546632486,"PE_TTM_SQ":8.751991176254,"PB_TTM_SQ":0.168315770753,"ROA_SQ":0.143420580853,"START_DATE":"2024-01-01 00:00:00","FISCAL_YEAR":"12-31","CURRENCY":"HKD","IS_CNY_CODE":0,"DPS_HKD_LY":null,"ORG_TYPE":"一般企业","PREMIUM_INCOME":null,"PREMIUM_INCOME_YOY":null,"NET_INTEREST_INCOME":null,"NET_INTEREST_INCOME_YOY":null,"FEE_COMMISSION_INCOME":null,"FEE_COMMISSION_INCOME_YOY":null,"ACCOUNTS_RECE_TDAYS":0.679587879911,"INVENTORY_TDAYS":6.185929298414,"CURRENT_ASSETS_TDAYS":0.308175749599,"TOTAL_ASSETS_TDAYS":0.178887511283,"PREMIUM_EXPENSE":null,"LOAN_DEPOSIT":null,"LOAN_EQUITY":null,"LOAN_ASSETS":null,"DEPOSIT_EQUITY":null,"DEPOSIT_ASSETS":null,"EQUITY_MULTIPLIER":1.851309460455,"EQUITY_RATIO":0.851309460455},{"SECUCODE":"01617.HK","SECURITY_CODE":"01617","SECURITY_NAME_ABBR":"南方通信","ORG_CODE":"10543565","STD_REPORT_DATE":"2023-12-31 00:00:00","REPORT_DATE":"2023-12-31 00:00:00","DATE_TYPE_CODE":"001","REPORT_TYPE":"2023年年报","PER_NETCASH_OPERATE":0.006040928768,"PER_OI":0.321146325266,"BPS":0.478433687525,"BASIC_EPS":0.003,"DILUTED_EPS":0.003,"OPERATE_INCOME":522261000,"OPERATE_INCOME_YOY":-17.5861007882,"GROSS_PROFIT":70673000,"GROSS_PROFIT_YOY":23.200962275992,"HOLDER_PROFIT":5198000,"HOLDER_PROFIT_YOY":164.1490805874,"GROSS_PROFIT_RATIO":13.532122827475,"EPS_TTM":0.003196330185,"OPERATE_INCOME_QOQ":-7.415141936822,"NET_PROFIT_RATIO":0.9952877967,"ROE_AVG":0.670321323517,"GROSS_PROFIT_QOQ":-1.050081906389,"ROA":0.357968395068,"HOLDER_PROFIT_QOQ":-61.877521085442,"ROE_YEARLY":0.670321323517,"ROIC_YEARLY":0.432773383854,"TOTAL_ASSETS":1419894000,"TOTAL_LIABILITIES":641846000,"TAX_EBT":155.676949443016,"OCF_SALES":1.881051811259,"TOTAL_PARENT_EQUITY":778048000,"DEBT_ASSET_RATIO":45.2037969031,"OPERATE_PROFIT":-16487000,"PRETAX_PROFIT":-9336000,"NETCASH_OPERATE":9824000,"NETCASH_INVEST":6783000,"NETCASH_FINANCE":414000,"END_CASH":247767000,"DIVI_RATIO":null,"DIVIDEND_RATE":null,"CURRENT_RATIO":1.437373964534,"COMMON_ACS":8000000000,"CURRENTDEBT_DEBT":83.827429009451,"ISSUED_COMMON_SHARES":1626240000,"HK_COMMON_SHARES":1626240000,"PER_SHARES":4000,"TOTAL_MARKET_CAP":152866560,"HKSK_MARKET_CAP":152866560,"PE_TTM":16.170927916464,"PB_TTM":0.178055293269,"REPORT_DATE_SQ":"2022-12-31 00:00:00","REPORT_TYPE_SQ":"2022年年报","OPERATE_INCOME_SQ":633705000,"DPS_HKD":null,"OPERATE_INCOME_QOQ_SQ":4.21545474878,"NET_PROFIT_RATIO_SQ":-1.2786706748,"HOLDER_PROFIT_SQ":-8103000,"HOLDER_PROFIT_QOQ_SQ":81.004290034461,"ROE_AVG_SQ":-1.052366363238,"PE_TTM_SQ":9.053783975435,"PB_TTM_SQ":0.174119762848,"ROA_SQ":-0.5698578731,"START_DATE":"2023-01-01 00:00:00","FISCAL_YEAR":"12-31","CURRENCY":"HKD","IS_CNY_CODE":0,"DPS_HKD_LY":null,"ORG_TYPE":"一般企业","PREMIUM_INCOME":null,"PREMIUM_INCOME_YOY":null,"NET_INTEREST_INCOME":null,"NET_INTEREST_INCOME_YOY":null,"FEE_COMMISSION_INCOME":null,"FEE_COMMISSION_INCOME_YOY":null,"ACCOUNTS_RECE_TDAYS":1.363020321559,"INVENTORY_TDAYS":10.122341021675,"CURRENT_ASSETS_TDAYS":0.643487239261,"TOTAL_ASSETS_TDAYS":0.359663201186,"PREMIUM_EXPENSE":null,"LOAN_DEPOSIT":null,"LOAN_EQUITY":null,"LOAN_ASSETS":null,"DEPOSIT_EQUITY":null,"DEPOSIT_ASSETS":null,"EQUITY_MULTIPLIER":1.824943962325,"EQUITY_RATIO":0.824943962326},{"SECUCODE":"01617.HK","SECURITY_CODE":"01617","SECURITY_NAME_ABBR":"南方通信","ORG_CODE":"10543565","STD_REPORT_DATE":"2023-06-30 00:00:00","REPORT_DATE":"2023-06-30 00:00:00","DATE_TYPE_CODE":"002","REPORT_TYPE":"2023年中报","PER_NETCASH_OPERATE":-0.014176874262,"PER_OI":0.162783475994,"BPS":0.476558195592,"BASIC_EPS":0.001,"DILUTED_EPS":null,"OPERATE_INCOME":264725000,"OPERATE_INCOME_YOY":-20.8218555307,"GROSS_PROFIT":26537000,"GROSS_PROFIT_YOY":112.67029972752,"HOLDER_PROFIT":2148000,"HOLDER_PROFIT_YOY":110.9647779479,"GROSS_PROFIT_RATIO":10.024364906979,"EPS_TTM":0.008384371311,"OPERATE_INCOME_QOQ":-10.985553214824,"NET_PROFIT_RATIO":0.811408065,"ROE_AVG":0.277546632486,"GROSS_PROFIT_QOQ":24.508402482393,"ROA":0.143420580853,"HOLDER_PROFIT_QOQ":268.271010736764,"ROE_YEARLY":0.555093264972,"ROIC_YEARLY":0.352830590806,"TOTAL_ASSETS":1511113000,"TOTAL_LIABILITIES":736115000,"TAX_EBT":460.402684563758,"OCF_SALES":-8.709037680612,"TOTAL_PARENT_EQUITY":774998000,"DEBT_ASSET_RATIO":48.7134317553,"OPERATE_PROFIT":-6719000,"PRETAX_PROFIT":-596000,"NETCASH_OPERATE":-23055000,"NETCASH_INVEST":-2418000,"NETCASH_FINANCE":75863000,"END_CASH":306004000,"DIVI_RATIO":null,"DIVIDEND_RATE":null,"CURRENT_RATIO":1.36158996283,"COMMON_ACS":8000000000,"CURRENTDEBT_DEBT":82.744679839427,"ISSUED_COMMON_SHARES":1626240000,"HK_COMMON_SHARES":1626240000,"PER_SHARES":4000,"TOTAL_MARKET_CAP":152866560,"HKSK_MARKET_CAP":152866560,"PE_TTM":16.170927916464,"PB_TTM":0.178055293269,"REPORT_DATE_SQ":"2022-06-30 00:00:00","REPORT_TYPE_SQ":"2022年中报","OPERATE_INCOME_SQ":334341000,"DPS_HKD":null,"OPERATE_INCOME_QOQ_SQ":38.728819552972,"NET_PROFIT_RATIO_SQ":-5.8592873743,"HOLDER_PROFIT_SQ":-19590000,"HOLDER_PROFIT_QOQ_SQ":28.774419769578,"ROE_AVG_SQ":-2.586777197803,"PE_TTM_SQ":9.053783975435,"PB_TTM_SQ":0.174119762848,"ROA_SQ":-1.339756504897,"START_DATE":"2023-01-01 00:00:00","FISCAL_YEAR":"12-31","CURRENCY":"HKD","IS_CNY_CODE":0,"DPS_HKD_LY":null,"ORG_TYPE":"一般企业","PREMIUM_INCOME":null,"PREMIUM_INCOME_YOY":null,"NET_INTEREST_INCOME":null,"NET_INTEREST_INCOME_YOY":null,"FEE_COMMISSION_INCOME":null,"FEE_COMMISSION_INCOME_YOY":null,"ACCOUNTS_RECE_TDAYS":0.652761955487,"INVENTORY_TDAYS":5.036858466028,"CURRENT_ASSETS_TDAYS":0.315300641797,"TOTAL_ASSETS_TDAYS":0.176755182804,"PREMIUM_EXPENSE":null,"LOAN_DEPOSIT":null,"LOAN_EQUITY":null,"LOAN_ASSETS":null,"DEPOSIT_EQUITY":null,"DEPOSIT_ASSETS":null,"EQUITY_MULTIPLIER":1.949828257622,"EQUITY_RATIO":0.949828257621},{"SECUCODE":"01617.HK","SECURITY_CODE":"01617","SECURITY_NAME_ABBR":"南方通信","ORG_CODE":"10543565","STD_REPORT_DATE":"2022-12-31 00:00:00","REPORT_DATE":"2022-12-31 00:00:00","DATE_TYPE_CODE":"001","REPORT_TYPE":"2022年年报","PER_NETCASH_OPERATE":0.007923799685,"PER_OI":0.389674955726,"BPS":0.47523735734,"BASIC_EPS":-0.01,"DILUTED_EPS":-0.01,"OPERATE_INCOME":633705000,"OPERATE_INCOME_YOY":44.5768701647,"GROSS_PROFIT":57364000,"GROSS_PROFIT_YOY":342.965250965251,"HOLDER_PROFIT":-8103000,"HOLDER_PROFIT_YOY":86.4701953582,"GROSS_PROFIT_RATIO":9.052161494702,"EPS_TTM":-0.004982659386,"OPERATE_INCOME_QOQ":4.21545474878,"NET_PROFIT_RATIO":-1.2786706748,"ROE_AVG":-1.052366363238,"GROSS_PROFIT_QOQ":328.857655502392,"ROA":-0.5698578731,"HOLDER_PROFIT_QOQ":81.004290034461,"ROE_YEARLY":-1.052366363238,"ROIC_YEARLY":-0.730809157166,"TOTAL_ASSETS":1484273000,"TOTAL_LIABILITIES":711423000,"TAX_EBT":-40.481969486824,"OCF_SALES":2.033438271751,"TOTAL_PARENT_EQUITY":772850000,"DEBT_ASSET_RATIO":47.930737809,"OPERATE_PROFIT":-18809000,"PRETAX_PROFIT":-5768000,"NETCASH_OPERATE":12886000,"NETCASH_INVEST":-54540000,"NETCASH_FINANCE":3401000,"END_CASH":229931000,"DIVI_RATIO":null,"DIVIDEND_RATE":null,"CURRENT_RATIO":1.280071093974,"COMMON_ACS":8000000000,"CURRENTDEBT_DEBT":93.321413561271,"ISSUED_COMMON_SHARES":1626240000,"HK_COMMON_SHARES":1626240000,"PER_SHARES":4000,"TOTAL_MARKET_CAP":152866560,"HKSK_MARKET_CAP":152866560,"PE_TTM":16.170927916464,"PB_TTM":0.178055293269,"REPORT_DATE_SQ":"2021-12-31 00:00:00","REPORT_TYPE_SQ":"2021年年报","OPERATE_INCOME_SQ":438317000,"DPS_HKD":null,"OPERATE_INCOME_QOQ_SQ":27.683492385314,"NET_PROFIT_RATIO_SQ":-13.6636270097,"HOLDER_PROFIT_SQ":-59890000,"HOLDER_PROFIT_QOQ_SQ":-18.495508685845,"ROE_AVG_SQ":-7.864962700851,"PE_TTM_SQ":9.053783975435,"PB_TTM_SQ":0.174119762848,"ROA_SQ":-4.551020788112,"START_DATE":"2022-01-01 00:00:00","FISCAL_YEAR":"12-31","CURRENCY":"HKD","IS_CNY_CODE":0,"DPS_HKD_LY":null,"ORG_TYPE":"一般企业","PREMIUM_INCOME":null,"PREMIUM_INCOME_YOY":null,"NET_INTEREST_INCOME":null,"NET_INTEREST_INCOME_YOY":null,"FEE_COMMISSION_INCOME":null,"FEE_COMMISSION_INCOME_YOY":null,"ACCOUNTS_RECE_TDAYS":1.588310706914,"INVENTORY_TDAYS":11.361398044472,"CURRENT_ASSETS_TDAYS":0.728274335571,"TOTAL_ASSETS_TDAYS":0.44566430146,"PREMIUM_EXPENSE":null,"LOAN_DEPOSIT":null,"LOAN_EQUITY":null,"LOAN_ASSETS":null,"DEPOSIT_EQUITY":null,"DEPOSIT_ASSETS":null,"EQUITY_MULTIPLIER":1.920518858769,"EQUITY_RATIO":0.920518858769},{"SECUCODE":"01617.HK","SECURITY_CODE":"01617","SECURITY_NAME_ABBR":"南方通信","ORG_CODE":"10543565","STD_REPORT_DATE":"2022-06-30 00:00:00","REPORT_DATE":"2022-06-30 00:00:00","DATE_TYPE_CODE":"002","REPORT_TYPE":"2022年中报","PER_NETCASH_OPERATE":0.020962527056,"PER_OI":0.226150568182,"BPS":0.45966032074,"BASIC_EPS":-0.013,"DILUTED_EPS":-0.013,"OPERATE_INCOME":334341000,"OPERATE_INCOME_YOY":103.1406073421,"GROSS_PROFIT":12478000,"GROSS_PROFIT_YOY":3.534683040159,"HOLDER_PROFIT":-19590000,"HOLDER_PROFIT_YOY":46.7995546262,"GROSS_PROFIT_RATIO":3.732117807867,"EPS_TTM":-0.02885349026,"OPERATE_INCOME_QOQ":38.728819552972,"NET_PROFIT_RATIO":-5.8592873743,"ROE_AVG":-2.586777197803,"GROSS_PROFIT_QOQ":3.289575289575,"ROA":-1.339756504897,"HOLDER_PROFIT_QOQ":28.774419769578,"ROE_YEARLY":-5.173554395607,"ROIC_YEARLY":-3.521126760563,"TOTAL_ASSETS":1564818000,"TOTAL_LIABILITIES":817300000,"TAX_EBT":24.400879867248,"OCF_SALES":9.269278969675,"TOTAL_PARENT_EQUITY":747518000,"DEBT_ASSET_RATIO":52.2297161715,"OPERATE_PROFIT":-32111000,"PRETAX_PROFIT":-25913000,"NETCASH_OPERATE":30991000,"NETCASH_INVEST":-121838000,"NETCASH_FINANCE":46257000,"END_CASH":326882000,"DIVI_RATIO":null,"DIVIDEND_RATE":null,"CURRENT_RATIO":1.194568027151,"COMMON_ACS":8000000000,"CURRENTDEBT_DEBT":97.410742689343,"ISSUED_COMMON_SHARES":1626240000,"HK_COMMON_SHARES":1626240000,"PER_SHARES":4000,"TOTAL_MARKET_CAP":152866560,"HKSK_MARKET_CAP":152866560,"PE_TTM":16.170927916464,"PB_TTM":0.178055293269,"REPORT_DATE_SQ":"2021-06-30 00:00:00","REPORT_TYPE_SQ":"2021年中报","OPERATE_INCOME_SQ":164586000,"DPS_HKD":null,"OPERATE_INCOME_QOQ_SQ":-9.548088248081,"NET_PROFIT_RATIO_SQ":-22.3731058535,"HOLDER_PROFIT_SQ":-36823000,"HOLDER_PROFIT_QOQ_SQ":-163.48660202273,"ROE_AVG_SQ":-4.840800336541,"PE_TTM_SQ":9.053783975435,"PB_TTM_SQ":0.174119762848,"ROA_SQ":-2.642611910736,"START_DATE":"2022-01-01 00:00:00","FISCAL_YEAR":"12-31","CURRENCY":"HKD","IS_CNY_CODE":0,"DPS_HKD_LY":null,"ORG_TYPE":"一般企业","PREMIUM_INCOME":null,"PREMIUM_INCOME_YOY":null,"NET_INTEREST_INCOME":null,"NET_INTEREST_INCOME_YOY":null,"FEE_COMMISSION_INCOME":null,"FEE_COMMISSION_INCOME_YOY":null,"ACCOUNTS_RECE_TDAYS":0.763546550531,"INVENTORY_TDAYS":6.874403306244,"CURRENT_ASSETS_TDAYS":0.36312185681,"TOTAL_ASSETS_TDAYS":0.228655196327,"PREMIUM_EXPENSE":null,"LOAN_DEPOSIT":null,"LOAN_EQUITY":null,"LOAN_ASSETS":null,"DEPOSIT_EQUITY":null,"DEPOSIT_ASSETS":null,"EQUITY_MULTIPLIER":2.093351598224,"EQUITY_RATIO":1.093351598222},{"SECUCODE":"01617.HK","SECURITY_CODE":"01617","SECURITY_NAME_ABBR":"南方通信","ORG_CODE":"10543565","STD_REPORT_DATE":"2021-12-31 00:00:00","REPORT_DATE":"2021-12-31 00:00:00","DATE_TYPE_CODE":"001","REPORT_TYPE":"2021年年报","PER_NETCASH_OPERATE":-0.05735254329,"PER_OI":0.296480654762,"BPS":0.471706513184,"BASIC_EPS":-0.05,"DILUTED_EPS":null,"OPERATE_INCOME":438317000,"OPERATE_INCOME_YOY":15.4921598541,"GROSS_PROFIT":12950000,"GROSS_PROFIT_YOY":-66.561660813881,"HOLDER_PROFIT":-59890000,"HOLDER_PROFIT_YOY":-212.2197893859,"GROSS_PROFIT_RATIO":2.954482714565,"EPS_TTM":-0.040510010823,"OPERATE_INCOME_QOQ":27.683492385314,"NET_PROFIT_RATIO":-13.6636270097,"ROE_AVG":-7.864962700851,"GROSS_PROFIT_QOQ":-58.793394215165,"ROA":-4.551020788112,"HOLDER_PROFIT_QOQ":-18.495508685845,"ROE_YEARLY":-7.864962700851,"ROIC_YEARLY":-5.836006179989,"TOTAL_ASSETS":1359594000,"TOTAL_LIABILITIES":592486000,"TAX_EBT":14.531988069585,"OCF_SALES":-19.344447055442,"TOTAL_PARENT_EQUITY":767108000,"DEBT_ASSET_RATIO":43.5781564202,"OPERATE_PROFIT":-66119000,"PRETAX_PROFIT":-70073000,"NETCASH_OPERATE":-84790000,"NETCASH_INVEST":109679000,"NETCASH_FINANCE":140688000,"END_CASH":372106000,"DIVI_RATIO":null,"DIVIDEND_RATE":null,"CURRENT_RATIO":1.562211067972,"COMMON_ACS":8000000000,"CURRENTDEBT_DEBT":96.202610694599,"ISSUED_COMMON_SHARES":1626240000,"HK_COMMON_SHARES":1626240000,"PER_SHARES":4000,"TOTAL_MARKET_CAP":152866560,"HKSK_MARKET_CAP":152866560,"PE_TTM":16.170927916464,"PB_TTM":0.178055293269,"REPORT_DATE_SQ":"2020-12-31 00:00:00","REPORT_TYPE_SQ":"2020年年报","OPERATE_INCOME_SQ":379521000,"DPS_HKD":null,"OPERATE_INCOME_QOQ_SQ":4.750062791359,"NET_PROFIT_RATIO_SQ":-5.0542657719,"HOLDER_PROFIT_SQ":-19182000,"HOLDER_PROFIT_QOQ_SQ":19.172425417158,"ROE_AVG_SQ":-2.443442372363,"PE_TTM_SQ":9.053783975435,"PB_TTM_SQ":0.174119762848,"ROA_SQ":-1.469885057471,"START_DATE":"2021-01-01 00:00:00","FISCAL_YEAR":"12-31","CURRENCY":"HKD","IS_CNY_CODE":0,"DPS_HKD_LY":null,"ORG_TYPE":"一般企业","PREMIUM_INCOME":null,"PREMIUM_INCOME_YOY":null,"NET_INTEREST_INCOME":null,"NET_INTEREST_INCOME_YOY":null,"FEE_COMMISSION_INCOME":null,"FEE_COMMISSION_INCOME_YOY":null,"ACCOUNTS_RECE_TDAYS":1.145033222439,"INVENTORY_TDAYS":12.025868649459,"CURRENT_ASSETS_TDAYS":0.54821695692,"TOTAL_ASSETS_TDAYS":0.333075601734,"PREMIUM_EXPENSE":null,"LOAN_DEPOSIT":null,"LOAN_EQUITY":null,"LOAN_ASSETS":null,"DEPOSIT_EQUITY":null,"DEPOSIT_ASSETS":null,"EQUITY_MULTIPLIER":1.772363213523,"EQUITY_RATIO":0.772363213524},{"SECUCODE":"01617.HK","SECURITY_CODE":"01617","SECURITY_NAME_ABBR":"南方通信","ORG_CODE":"10543565","STD_REPORT_DATE":"2021-06-30 00:00:00","REPORT_DATE":"2021-06-30 00:00:00","DATE_TYPE_CODE":"002","REPORT_TYPE":"2021年中报","PER_NETCASH_OPERATE":-0.010002435065,"PER_OI":0.133592532468,"BPS":0.47072449331,"BASIC_EPS":-0.033,"DILUTED_EPS":null,"OPERATE_INCOME":164586000,"OPERATE_INCOME_YOY":-18.0442479198,"GROSS_PROFIT":12052000,"GROSS_PROFIT_YOY":-37.725417247972,"HOLDER_PROFIT":-36823000,"HOLDER_PROFIT_YOY":-574.0435658063,"GROSS_PROFIT_RATIO":7.322615532305,"EPS_TTM":-0.041024350649,"OPERATE_INCOME_QOQ":-9.548088248081,"NET_PROFIT_RATIO":-22.3731058535,"ROE_AVG":-4.840800336541,"GROSS_PROFIT_QOQ":-18.851993389795,"ROA":-2.642611910736,"HOLDER_PROFIT_QOQ":-163.48660202273,"ROE_YEARLY":-9.681600673082,"ROIC_YEARLY":-6.785389015549,"TOTAL_ASSETS":1514521000,"TOTAL_LIABILITIES":748859000,"TAX_EBT":13.591458406664,"OCF_SALES":-7.487271092316,"TOTAL_PARENT_EQUITY":765511000,"DEBT_ASSET_RATIO":49.4452701547,"OPERATE_PROFIT":-34466000,"PRETAX_PROFIT":-42615000,"NETCASH_OPERATE":-12323000,"NETCASH_INVEST":1241000,"NETCASH_FINANCE":108670000,"END_CASH":304065000,"DIVI_RATIO":null,"DIVIDEND_RATE":null,"CURRENT_RATIO":1.45255380256,"COMMON_ACS":8000000000,"CURRENTDEBT_DEBT":97.268511161647,"ISSUED_COMMON_SHARES":1626240000,"HK_COMMON_SHARES":1626240000,"PER_SHARES":4000,"TOTAL_MARKET_CAP":152866560,"HKSK_MARKET_CAP":152866560,"PE_TTM":16.170927916464,"PB_TTM":0.178055293269,"REPORT_DATE_SQ":"2020-06-30 00:00:00","REPORT_TYPE_SQ":"2020年中报","OPERATE_INCOME_SQ":200823000,"DPS_HKD":null,"OPERATE_INCOME_QOQ_SQ":-32.193020378907,"NET_PROFIT_RATIO_SQ":-2.7203059411,"HOLDER_PROFIT_SQ":-5463000,"HOLDER_PROFIT_QOQ_SQ":-170.096880907372,"ROE_AVG_SQ":-0.68986026636,"PE_TTM_SQ":9.053783975435,"PB_TTM_SQ":0.174119762848,"ROA_SQ":-0.420296885164,"START_DATE":"2021-01-01 00:00:00","FISCAL_YEAR":"12-31","CURRENCY":"HKD","IS_CNY_CODE":0,"DPS_HKD_LY":null,"ORG_TYPE":"一般企业","PREMIUM_INCOME":null,"PREMIUM_INCOME_YOY":null,"NET_INTEREST_INCOME":null,"NET_INTEREST_INCOME_YOY":null,"FEE_COMMISSION_INCOME":null,"FEE_COMMISSION_INCOME_YOY":null,"ACCOUNTS_RECE_TDAYS":0.357099308522,"INVENTORY_TDAYS":4.780206521569,"CURRENT_ASSETS_TDAYS":0.186323422031,"TOTAL_ASSETS_TDAYS":0.118115559281,"PREMIUM_EXPENSE":null,"LOAN_DEPOSIT":null,"LOAN_EQUITY":null,"LOAN_ASSETS":null,"DEPOSIT_EQUITY":null,"DEPOSIT_ASSETS":null,"EQUITY_MULTIPLIER":1.978054285049,"EQUITY_RATIO":0.978247210034},{"SECUCODE":"01617.HK","SECURITY_CODE":"01617","SECURITY_NAME_ABBR":"南方通信","ORG_CODE":"10543565","STD_REPORT_DATE":"2020-12-31 00:00:00","REPORT_DATE":"2020-12-31 00:00:00","DATE_TYPE_CODE":"001","REPORT_TYPE":"2020年年报","PER_NETCASH_OPERATE":-0.073766964286,"PER_OI":0.338858035714,"BPS":0.464783180834,"BASIC_EPS":-0.02,"DILUTED_EPS":null,"OPERATE_INCOME":379521000,"OPERATE_INCOME_YOY":-28.97214627,"GROSS_PROFIT":38728000,"GROSS_PROFIT_YOY":-70.104827628796,"HOLDER_PROFIT":-19182000,"HOLDER_PROFIT_YOY":-156.6576086957,"GROSS_PROFIT_RATIO":10.20444191494,"EPS_TTM":-0.017126785714,"OPERATE_INCOME_QOQ":4.750062791359,"NET_PROFIT_RATIO":-5.0542657719,"ROE_AVG":-2.443442372363,"GROSS_PROFIT_QOQ":15.716505318513,"ROA":-1.469885057471,"HOLDER_PROFIT_QOQ":19.172425417158,"ROE_YEARLY":-2.443442372363,"ROIC_YEARLY":-1.88130479109,"TOTAL_ASSETS":1272343000,"TOTAL_LIABILITIES":516343000,"TAX_EBT":23.071987166633,"OCF_SALES":-21.769282859183,"TOTAL_PARENT_EQUITY":755849000,"DEBT_ASSET_RATIO":40.5820600263,"OPERATE_PROFIT":-25661000,"PRETAX_PROFIT":-24935000,"NETCASH_OPERATE":-82619000,"NETCASH_INVEST":-73660000,"NETCASH_FINANCE":44801000,"END_CASH":207249000,"DIVI_RATIO":null,"DIVIDEND_RATE":null,"CURRENT_RATIO":1.42974396223,"COMMON_ACS":8000000000,"CURRENTDEBT_DEBT":95.988519259485,"ISSUED_COMMON_SHARES":1626240000,"HK_COMMON_SHARES":1626240000,"PER_SHARES":4000,"TOTAL_MARKET_CAP":152866560,"HKSK_MARKET_CAP":152866560,"PE_TTM":16.170927916464,"PB_TTM":0.178055293269,"REPORT_DATE_SQ":"2019-12-31 00:00:00","REPORT_TYPE_SQ":"2019年年报","OPERATE_INCOME_SQ":534327000,"DPS_HKD":null,"OPERATE_INCOME_QOQ_SQ":-37.230455846212,"NET_PROFIT_RATIO_SQ":6.3361948769,"HOLDER_PROFIT_SQ":33856000,"HOLDER_PROFIT_QOQ_SQ":-73.224722211238,"ROE_AVG_SQ":4.067749365315,"PE_TTM_SQ":9.053783975435,"PB_TTM_SQ":0.174119762848,"ROA_SQ":2.39007683247,"START_DATE":"2020-01-01 00:00:00","FISCAL_YEAR":"12-31","CURRENCY":"HKD","IS_CNY_CODE":0,"DPS_HKD_LY":0.03828,"ORG_TYPE":"一般企业","PREMIUM_INCOME":null,"PREMIUM_INCOME_YOY":null,"NET_INTEREST_INCOME":null,"NET_INTEREST_INCOME_YOY":null,"FEE_COMMISSION_INCOME":null,"FEE_COMMISSION_INCOME_YOY":null,"ACCOUNTS_RECE_TDAYS":0.952844944678,"INVENTORY_TDAYS":9.646814051575,"CURRENT_ASSETS_TDAYS":0.468724990367,"TOTAL_ASSETS_TDAYS":0.290820689655,"PREMIUM_EXPENSE":null,"LOAN_DEPOSIT":null,"LOAN_EQUITY":null,"LOAN_ASSETS":null,"DEPOSIT_EQUITY":null,"DEPOSIT_ASSETS":null,"EQUITY_MULTIPLIER":1.682993386244,"EQUITY_RATIO":0.683129831488},{"SECUCODE":"01617.HK","SECURITY_CODE":"01617","SECURITY_NAME_ABBR":"南方通信","ORG_CODE":"10543565","STD_REPORT_DATE":"2020-06-30 00:00:00","REPORT_DATE":"2020-06-30 00:00:00","DATE_TYPE_CODE":"002","REPORT_TYPE":"2020年中报","PER_NETCASH_OPERATE":-0.095792857143,"PER_OI":0.17930625,"BPS":0.473219205037,"BASIC_EPS":-0.005,"DILUTED_EPS":null,"OPERATE_INCOME":200823000,"OPERATE_INCOME_YOY":-46.1368043579,"GROSS_PROFIT":19353000,"GROSS_PROFIT_YOY":-83.23413987577,"HOLDER_PROFIT":-5463000,"HOLDER_PROFIT_YOY":-110.4805755396,"GROSS_PROFIT_RATIO":9.636844385354,"EPS_TTM":-0.021189285714,"OPERATE_INCOME_QOQ":-32.193020378907,"NET_PROFIT_RATIO":-2.7203059411,"ROE_AVG":-0.68986026636,"GROSS_PROFIT_QOQ":-74.165161409847,"ROA":-0.420296885164,"HOLDER_PROFIT_QOQ":-170.096880907372,"ROE_YEARLY":-1.379720532719,"ROIC_YEARLY":-1.070905594467,"TOTAL_ASSETS":1261934000,"TOTAL_LIABILITIES":492366000,"TAX_EBT":26.965240641711,"OCF_SALES":-53.424159583315,"TOTAL_PARENT_EQUITY":769568000,"DEBT_ASSET_RATIO":39.0167790075,"OPERATE_PROFIT":-12769000,"PRETAX_PROFIT":-7480000,"NETCASH_OPERATE":-107288000,"NETCASH_INVEST":36567000,"NETCASH_FINANCE":-52330000,"END_CASH":195698000,"DIVI_RATIO":null,"DIVIDEND_RATE":null,"CURRENT_RATIO":1.7728316332,"COMMON_ACS":8000000000,"CURRENTDEBT_DEBT":94.653570717718,"ISSUED_COMMON_SHARES":1626240000,"HK_COMMON_SHARES":1626240000,"PER_SHARES":4000,"TOTAL_MARKET_CAP":152866560,"HKSK_MARKET_CAP":152866560,"PE_TTM":16.170927916464,"PB_TTM":0.178055293269,"REPORT_DATE_SQ":"2019-06-30 00:00:00","REPORT_TYPE_SQ":"2019年中报","OPERATE_INCOME_SQ":372839000,"DPS_HKD":null,"OPERATE_INCOME_QOQ_SQ":-5.447961790514,"NET_PROFIT_RATIO_SQ":13.9805653379,"HOLDER_PROFIT_SQ":52125000,"HOLDER_PROFIT_QOQ_SQ":-10.59661179931,"ROE_AVG_SQ":6.194744954774,"PE_TTM_SQ":9.053783975435,"PB_TTM_SQ":0.174119762848,"ROA_SQ":3.245441283507,"START_DATE":"2020-01-01 00:00:00","FISCAL_YEAR":"12-31","CURRENCY":"HKD","IS_CNY_CODE":0,"DPS_HKD_LY":0.03828,"ORG_TYPE":"一般企业","PREMIUM_INCOME":null,"PREMIUM_INCOME_YOY":null,"NET_INTEREST_INCOME":null,"NET_INTEREST_INCOME_YOY":null,"FEE_COMMISSION_INCOME":null,"FEE_COMMISSION_INCOME_YOY":null,"ACCOUNTS_RECE_TDAYS":0.447853759489,"INVENTORY_TDAYS":4.136822668521,"CURRENT_ASSETS_TDAYS":0.231234232564,"TOTAL_ASSETS_TDAYS":0.154503535364,"PREMIUM_EXPENSE":null,"LOAN_DEPOSIT":null,"LOAN_EQUITY":null,"LOAN_ASSETS":null,"DEPOSIT_EQUITY":null,"DEPOSIT_ASSETS":null,"EQUITY_MULTIPLIER":1.639795313736,"EQUITY_RATIO":0.639795313734}],"count":20},"success":true,"message":"ok","code":0}