{"version":"335bd355cc15cd03e4e01ab7a4cdd84e","result":{"pages":3,"data":[{"SECUCODE":"01610.HK","SECURITY_CODE":"01610","SECURITY_NAME_ABBR":"中粮家佳康","ORG_CODE":"10541894","STD_REPORT_DATE":"2024-06-30 00:00:00","REPORT_DATE":"2024-06-30 00:00:00","DATE_TYPE_CODE":"002","REPORT_TYPE":"2024年中报","PER_NETCASH_OPERATE":-0.141947018342,"PER_OI":0.997560382564,"BPS":2.046903629999,"BASIC_EPS":0.0549,"DILUTED_EPS":null,"OPERATE_INCOME":4570820000,"OPERATE_INCOME_YOY":-21.4421121922,"GROSS_PROFIT":-56751000,"GROSS_PROFIT_YOY":-109.408805823907,"HOLDER_PROFIT":251445000,"HOLDER_PROFIT_YOY":153.5392614863,"GROSS_PROFIT_RATIO":-1.241593412123,"EPS_TTM":0.127763468848,"OPERATE_INCOME_QOQ":-10.784537290715,"NET_PROFIT_RATIO":5.4540760739,"ROE_AVG":2.716670679539,"GROSS_PROFIT_QOQ":-53.88830865739,"ROA":1.511568735364,"HOLDER_PROFIT_QOQ":531.468392308316,"ROE_YEARLY":5.433341359079,"ROIC_YEARLY":3.206418217765,"TOTAL_ASSETS":17039078000,"TOTAL_LIABILITIES":7548487000,"TAX_EBT":0.763492480515,"OCF_SALES":-14.229416166027,"TOTAL_PARENT_EQUITY":9378909000,"DEBT_ASSET_RATIO":44.3010296684,"OPERATE_PROFIT":311745000,"PRETAX_PROFIT":251214000,"NETCASH_OPERATE":-650401000,"NETCASH_INVEST":-519574000,"NETCASH_FINANCE":507382000,"END_CASH":499113000,"DIVI_RATIO":null,"DIVIDEND_RATE":null,"CURRENT_RATIO":0.906294729915,"COMMON_ACS":50000000000,"CURRENTDEBT_DEBT":79.679159545482,"ISSUED_COMMON_SHARES":4581998323,"HK_COMMON_SHARES":4581998323,"PER_SHARES":1000,"TOTAL_MARKET_CAP":6460617635.43,"HKSK_MARKET_CAP":6460617635.43,"PE_TTM":10.171468416486,"PB_TTM":0.628695352893,"REPORT_DATE_SQ":"2023-06-30 00:00:00","REPORT_TYPE_SQ":"2023年中报","OPERATE_INCOME_SQ":5818410000,"DPS_HKD":null,"OPERATE_INCOME_QOQ_SQ":3.673479638754,"NET_PROFIT_RATIO_SQ":-8.3395979314,"HOLDER_PROFIT_SQ":-469646000,"HOLDER_PROFIT_QOQ_SQ":-2.135283199785,"ROE_AVG_SQ":-5.540371948338,"PE_TTM_SQ":16.616584605736,"PB_TTM_SQ":0.745498029036,"ROA_SQ":-2.700989491327,"START_DATE":"2024-01-01 00:00:00","FISCAL_YEAR":"12-31","CURRENCY":"HKD","IS_CNY_CODE":0,"DPS_HKD_LY":null,"ORG_TYPE":"一般企业","PREMIUM_INCOME":null,"PREMIUM_INCOME_YOY":null,"NET_INTEREST_INCOME":null,"NET_INTEREST_INCOME_YOY":null,"FEE_COMMISSION_INCOME":null,"FEE_COMMISSION_INCOME_YOY":null,"ACCOUNTS_RECE_TDAYS":22.53139410789,"INVENTORY_TDAYS":5.293574082876,"CURRENT_ASSETS_TDAYS":0.864708469113,"TOTAL_ASSETS_TDAYS":0.2747761382,"PREMIUM_EXPENSE":null,"LOAN_DEPOSIT":null,"LOAN_EQUITY":null,"LOAN_ASSETS":null,"DEPOSIT_EQUITY":null,"DEPOSIT_ASSETS":null,"EQUITY_MULTIPLIER":1.795365325511,"EQUITY_RATIO":0.804836362097},{"SECUCODE":"01610.HK","SECURITY_CODE":"01610","SECURITY_NAME_ABBR":"中粮家佳康","ORG_CODE":"10541894","STD_REPORT_DATE":"2023-12-31 00:00:00","REPORT_DATE":"2023-12-31 00:00:00","DATE_TYPE_CODE":"001","REPORT_TYPE":"2023年年报","PER_NETCASH_OPERATE":0.441980083195,"PER_OI":2.524732918808,"BPS":1.993093701968,"BASIC_EPS":-0.0306,"DILUTED_EPS":null,"OPERATE_INCOME":11568322000,"OPERATE_INCOME_YOY":-10.3278399812,"GROSS_PROFIT":1224607000,"GROSS_PROFIT_YOY":261.119144070952,"HOLDER_PROFIT":-135679000,"HOLDER_PROFIT_YOY":-138.0400589894,"GROSS_PROFIT_RATIO":10.585865434935,"EPS_TTM":-0.029611315945,"OPERATE_INCOME_QOQ":-13.505208534274,"NET_PROFIT_RATIO":-1.4782697093,"ROE_AVG":-1.573464111493,"GROSS_PROFIT_QOQ":185.127184251272,"ROA":-0.783712205449,"HOLDER_PROFIT_QOQ":-138.870044519822,"ROE_YEARLY":-1.573464111493,"ROIC_YEARLY":-0.843974873523,"TOTAL_ASSETS":16230332000,"TOTAL_LIABILITIES":6984149000,"TAX_EBT":3.630800094672,"OCF_SALES":17.506013404537,"TOTAL_PARENT_EQUITY":9132352000,"DEBT_ASSET_RATIO":43.031461094,"OPERATE_PROFIT":-45218000,"PRETAX_PROFIT":-177454000,"NETCASH_OPERATE":2025152000,"NETCASH_INVEST":-742057000,"NETCASH_FINANCE":-1183530000,"END_CASH":1161565000,"DIVI_RATIO":null,"DIVIDEND_RATE":null,"CURRENT_RATIO":0.818517766102,"COMMON_ACS":50000000000,"CURRENTDEBT_DEBT":89.579718302115,"ISSUED_COMMON_SHARES":4581998323,"HK_COMMON_SHARES":4581998323,"PER_SHARES":1000,"TOTAL_MARKET_CAP":6735537534.81,"HKSK_MARKET_CAP":6735537534.81,"PE_TTM":10.604296859741,"PB_TTM":0.655448346633,"REPORT_DATE_SQ":"2022-12-31 00:00:00","REPORT_TYPE_SQ":"2022年年报","OPERATE_INCOME_SQ":12900684000,"DPS_HKD":null,"OPERATE_INCOME_QOQ_SQ":16.545155962577,"NET_PROFIT_RATIO_SQ":2.7667835287,"HOLDER_PROFIT_SQ":356674000,"HOLDER_PROFIT_QOQ_SQ":171.890223869617,"ROE_AVG_SQ":4.304171042149,"PE_TTM_SQ":19.386015373359,"PB_TTM_SQ":0.869747700542,"ROA_SQ":1.958466985661,"START_DATE":"2023-01-01 00:00:00","FISCAL_YEAR":"12-31","CURRENCY":"HKD","IS_CNY_CODE":0,"DPS_HKD_LY":null,"ORG_TYPE":"一般企业","PREMIUM_INCOME":null,"PREMIUM_INCOME_YOY":null,"NET_INTEREST_INCOME":null,"NET_INTEREST_INCOME_YOY":null,"FEE_COMMISSION_INCOME":null,"FEE_COMMISSION_INCOME_YOY":null,"ACCOUNTS_RECE_TDAYS":44.511864498082,"INVENTORY_TDAYS":8.807985479707,"CURRENT_ASSETS_TDAYS":1.850230948554,"TOTAL_ASSETS_TDAYS":0.668212114473,"PREMIUM_EXPENSE":null,"LOAN_DEPOSIT":null,"LOAN_EQUITY":null,"LOAN_ASSETS":null,"DEPOSIT_EQUITY":null,"DEPOSIT_ASSETS":null,"EQUITY_MULTIPLIER":1.755354831287,"EQUITY_RATIO":0.764770017625},{"SECUCODE":"01610.HK","SECURITY_CODE":"01610","SECURITY_NAME_ABBR":"中粮家佳康","ORG_CODE":"10541894","STD_REPORT_DATE":"2023-06-30 00:00:00","REPORT_DATE":"2023-06-30 00:00:00","DATE_TYPE_CODE":"002","REPORT_TYPE":"2023年中报","PER_NETCASH_OPERATE":0.213153504465,"PER_OI":1.269841145684,"BPS":1.929299265699,"BASIC_EPS":-0.1099,"DILUTED_EPS":null,"OPERATE_INCOME":5818410000,"OPERATE_INCOME_YOY":8.8671244826,"GROSS_PROFIT":603169000,"GROSS_PROFIT_YOY":202.861581646313,"HOLDER_PROFIT":-469646000,"HOLDER_PROFIT_YOY":-1.648377811,"GROSS_PROFIT_RATIO":10.366560623951,"EPS_TTM":0.076180298506,"OPERATE_INCOME_QOQ":3.673479638754,"NET_PROFIT_RATIO":-8.3395979314,"ROE_AVG":-5.540371948338,"GROSS_PROFIT_QOQ":156.50781579948,"ROA":-2.700989491327,"HOLDER_PROFIT_QOQ":-2.135283199785,"ROE_YEARLY":-11.080743896677,"ROIC_YEARLY":-5.702667268812,"TOTAL_ASSETS":16381480000,"TOTAL_LIABILITIES":7407857000,"TAX_EBT":0.484011222497,"OCF_SALES":16.785840117833,"TOTAL_PARENT_EQUITY":8840046000,"DEBT_ASSET_RATIO":45.2209263144,"OPERATE_PROFIT":-416548000,"PRETAX_PROFIT":-487592000,"NETCASH_OPERATE":976669000,"NETCASH_INVEST":-335377000,"NETCASH_FINANCE":-1192692000,"END_CASH":510877000,"DIVI_RATIO":null,"DIVIDEND_RATE":null,"CURRENT_RATIO":0.853679008164,"COMMON_ACS":50000000000,"CURRENTDEBT_DEBT":89.11696054608,"ISSUED_COMMON_SHARES":4581998323,"HK_COMMON_SHARES":4581998323,"PER_SHARES":1000,"TOTAL_MARKET_CAP":6735537534.81,"HKSK_MARKET_CAP":6735537534.81,"PE_TTM":10.604296859741,"PB_TTM":0.655448346633,"REPORT_DATE_SQ":"2022-06-30 00:00:00","REPORT_TYPE_SQ":"2022年中报","OPERATE_INCOME_SQ":5344506000,"DPS_HKD":null,"OPERATE_INCOME_QOQ_SQ":-16.316996439114,"NET_PROFIT_RATIO_SQ":-8.7743937419,"HOLDER_PROFIT_SQ":-462030000,"HOLDER_PROFIT_QOQ_SQ":-7.926960584907,"ROE_AVG_SQ":-5.794985230018,"PE_TTM_SQ":19.386015373359,"PB_TTM_SQ":0.869747700542,"ROA_SQ":-2.450997944956,"START_DATE":"2023-01-01 00:00:00","FISCAL_YEAR":"12-31","CURRENCY":"HKD","IS_CNY_CODE":0,"DPS_HKD_LY":null,"ORG_TYPE":"一般企业","PREMIUM_INCOME":null,"PREMIUM_INCOME_YOY":null,"NET_INTEREST_INCOME":null,"NET_INTEREST_INCOME_YOY":null,"FEE_COMMISSION_INCOME":null,"FEE_COMMISSION_INCOME_YOY":null,"ACCOUNTS_RECE_TDAYS":23.165595661833,"INVENTORY_TDAYS":4.500349267918,"CURRENT_ASSETS_TDAYS":0.893801360578,"TOTAL_ASSETS_TDAYS":0.334623615792,"PREMIUM_EXPENSE":null,"LOAN_DEPOSIT":null,"LOAN_EQUITY":null,"LOAN_ASSETS":null,"DEPOSIT_EQUITY":null,"DEPOSIT_ASSETS":null,"EQUITY_MULTIPLIER":1.825514622134,"EQUITY_RATIO":0.837988512729},{"SECUCODE":"01610.HK","SECURITY_CODE":"01610","SECURITY_NAME_ABBR":"中粮家佳康","ORG_CODE":"10541894","STD_REPORT_DATE":"2022-12-31 00:00:00","REPORT_DATE":"2022-12-31 00:00:00","DATE_TYPE_CODE":"001","REPORT_TYPE":"2022年年报","PER_NETCASH_OPERATE":-0.001570477354,"PER_OI":3.306173640301,"BPS":1.77074377336,"BASIC_EPS":0.0914,"DILUTED_EPS":null,"OPERATE_INCOME":12900684000,"OPERATE_INCOME_YOY":-2.4715129858,"GROSS_PROFIT":-760063000,"GROSS_PROFIT_YOY":-144.304256411781,"HOLDER_PROFIT":356674000,"HOLDER_PROFIT_YOY":177.5889335802,"GROSS_PROFIT_RATIO":-5.891648845906,"EPS_TTM":0.091408035185,"OPERATE_INCOME_QOQ":16.545155962577,"NET_PROFIT_RATIO":2.7667835287,"ROE_AVG":4.304171042149,"GROSS_PROFIT_QOQ":-175.714270060377,"ROA":1.958466985661,"HOLDER_PROFIT_QOQ":171.890223869617,"ROE_YEARLY":4.304171042149,"ROIC_YEARLY":2.095326567115,"TOTAL_ASSETS":18394368000,"TOTAL_LIABILITIES":10131660000,"TAX_EBT":25.186753301195,"OCF_SALES":-0.047501357292,"TOTAL_PARENT_EQUITY":8113545000,"DEBT_ASSET_RATIO":55.0802289048,"OPERATE_PROFIT":653955000,"PRETAX_PROFIT":477100000,"NETCASH_OPERATE":-6128000,"NETCASH_INVEST":-923919000,"NETCASH_FINANCE":944432000,"END_CASH":1040032000,"DIVI_RATIO":null,"DIVIDEND_RATE":null,"CURRENT_RATIO":0.796863860535,"COMMON_ACS":50000000000,"CURRENTDEBT_DEBT":91.456306271628,"ISSUED_COMMON_SHARES":4581998323,"HK_COMMON_SHARES":4581998323,"PER_SHARES":1000,"TOTAL_MARKET_CAP":6735537534.81,"HKSK_MARKET_CAP":6735537534.81,"PE_TTM":10.604296859741,"PB_TTM":0.655448346633,"REPORT_DATE_SQ":"2021-12-31 00:00:00","REPORT_TYPE_SQ":"2021年年报","OPERATE_INCOME_SQ":13227606000,"DPS_HKD":null,"OPERATE_INCOME_QOQ_SQ":-23.347975959475,"NET_PROFIT_RATIO_SQ":-3.6575099077,"HOLDER_PROFIT_SQ":-459697000,"HOLDER_PROFIT_QOQ_SQ":-130.350128016712,"ROE_AVG_SQ":-5.145149682637,"PE_TTM_SQ":19.386015373359,"PB_TTM_SQ":0.869747700542,"ROA_SQ":-2.382379110509,"START_DATE":"2022-01-01 00:00:00","FISCAL_YEAR":"12-31","CURRENCY":"HKD","IS_CNY_CODE":0,"DPS_HKD_LY":0.18,"ORG_TYPE":"一般企业","PREMIUM_INCOME":null,"PREMIUM_INCOME_YOY":null,"NET_INTEREST_INCOME":null,"NET_INTEREST_INCOME_YOY":null,"FEE_COMMISSION_INCOME":null,"FEE_COMMISSION_INCOME_YOY":null,"ACCOUNTS_RECE_TDAYS":47.461178630358,"INVENTORY_TDAYS":9.986126914101,"CURRENT_ASSETS_TDAYS":1.721338711542,"TOTAL_ASSETS_TDAYS":0.708365726306,"PREMIUM_EXPENSE":null,"LOAN_DEPOSIT":null,"LOAN_EQUITY":null,"LOAN_ASSETS":null,"DEPOSIT_EQUITY":null,"DEPOSIT_ASSETS":null,"EQUITY_MULTIPLIER":2.226191219632,"EQUITY_RATIO":1.248734061375},{"SECUCODE":"01610.HK","SECURITY_CODE":"01610","SECURITY_NAME_ABBR":"中粮家佳康","ORG_CODE":"10541894","STD_REPORT_DATE":"2022-06-30 00:00:00","REPORT_DATE":"2022-06-30 00:00:00","DATE_TYPE_CODE":"002","REPORT_TYPE":"2022年中报","PER_NETCASH_OPERATE":-0.293405046653,"PER_OI":1.369684340584,"BPS":1.633782570898,"BASIC_EPS":-0.1184,"DILUTED_EPS":null,"OPERATE_INCOME":5344506000,"OPERATE_INCOME_YOY":-28.7670265208,"GROSS_PROFIT":-586389000,"GROSS_PROFIT_YOY":-567.961885608944,"HOLDER_PROFIT":-462030000,"HOLDER_PROFIT_YOY":-8.5622312554,"GROSS_PROFIT_RATIO":-10.971809181241,"EPS_TTM":-0.127149465205,"OPERATE_INCOME_QOQ":-16.316996439114,"NET_PROFIT_RATIO":-8.7743937419,"ROE_AVG":-5.794985230018,"GROSS_PROFIT_QOQ":-41.484932263824,"ROA":-2.450997944956,"HOLDER_PROFIT_QOQ":-7.926960584907,"ROE_YEARLY":-11.589970460037,"ROIC_YEARLY":-5.224577360408,"TOTAL_ASSETS":19671951000,"TOTAL_LIABILITIES":12043977000,"TAX_EBT":-23.119657222071,"OCF_SALES":-21.421362423393,"TOTAL_PARENT_EQUITY":7485989000,"DEBT_ASSET_RATIO":61.2241104098,"OPERATE_PROFIT":-303247000,"PRETAX_PROFIT":-380888000,"NETCASH_OPERATE":-1144866000,"NETCASH_INVEST":-403358000,"NETCASH_FINANCE":1502864000,"END_CASH":995931000,"DIVI_RATIO":null,"DIVIDEND_RATE":null,"CURRENT_RATIO":0.786912055705,"COMMON_ACS":50000000000,"CURRENTDEBT_DEBT":93.838073586491,"ISSUED_COMMON_SHARES":4581998323,"HK_COMMON_SHARES":4581998323,"PER_SHARES":1000,"TOTAL_MARKET_CAP":6735537534.81,"HKSK_MARKET_CAP":6735537534.81,"PE_TTM":10.604296859741,"PB_TTM":0.655448346633,"REPORT_DATE_SQ":"2021-06-30 00:00:00","REPORT_TYPE_SQ":"2021年中报","OPERATE_INCOME_SQ":7502854000,"DPS_HKD":null,"OPERATE_INCOME_QOQ_SQ":-8.801432947865,"NET_PROFIT_RATIO_SQ":-5.8530927031,"HOLDER_PROFIT_SQ":-425590000,"HOLDER_PROFIT_QOQ_SQ":-62.087634826854,"ROE_AVG_SQ":-4.775880697133,"PE_TTM_SQ":19.386015373359,"PB_TTM_SQ":0.869747700542,"ROA_SQ":-2.208579036605,"START_DATE":"2022-01-01 00:00:00","FISCAL_YEAR":"12-31","CURRENCY":"HKD","IS_CNY_CODE":0,"DPS_HKD_LY":0.18,"ORG_TYPE":"一般企业","PREMIUM_INCOME":null,"PREMIUM_INCOME_YOY":null,"NET_INTEREST_INCOME":null,"NET_INTEREST_INCOME_YOY":null,"FEE_COMMISSION_INCOME":null,"FEE_COMMISSION_INCOME_YOY":null,"ACCOUNTS_RECE_TDAYS":25.491421784898,"INVENTORY_TDAYS":5.168821978384,"CURRENT_ASSETS_TDAYS":0.647861864296,"TOTAL_ASSETS_TDAYS":0.283517806697,"PREMIUM_EXPENSE":null,"LOAN_DEPOSIT":null,"LOAN_EQUITY":null,"LOAN_ASSETS":null,"DEPOSIT_EQUITY":null,"DEPOSIT_ASSETS":null,"EQUITY_MULTIPLIER":2.578922135813,"EQUITY_RATIO":1.608869182148},{"SECUCODE":"01610.HK","SECURITY_CODE":"01610","SECURITY_NAME_ABBR":"中粮家佳康","ORG_CODE":"10541894","STD_REPORT_DATE":"2021-12-31 00:00:00","REPORT_DATE":"2021-12-31 00:00:00","DATE_TYPE_CODE":"001","REPORT_TYPE":"2021年年报","PER_NETCASH_OPERATE":0.789748929884,"PER_OI":3.389956864418,"BPS":1.846326952486,"BASIC_EPS":-0.1178,"DILUTED_EPS":null,"OPERATE_INCOME":13227606000,"OPERATE_INCOME_YOY":-30.0944524586,"GROSS_PROFIT":1715553000,"GROSS_PROFIT_YOY":1789.08428215914,"HOLDER_PROFIT":-459697000,"HOLDER_PROFIT_YOY":-111.5064513642,"GROSS_PROFIT_RATIO":12.969489717187,"EPS_TTM":-0.117810660576,"OPERATE_INCOME_QOQ":-23.347975959475,"NET_PROFIT_RATIO":-3.6575099077,"ROE_AVG":-5.145149682637,"GROSS_PROFIT_QOQ":2360.56194601417,"ROA":-2.382379110509,"HOLDER_PROFIT_QOQ":-130.350128016712,"ROE_YEARLY":-5.145149682637,"ROIC_YEARLY":-2.49754678401,"TOTAL_ASSETS":18029427000,"TOTAL_LIABILITIES":9420657000,"TAX_EBT":-35578.5398230088,"OCF_SALES":23.296725046089,"TOTAL_PARENT_EQUITY":8459867000,"DEBT_ASSET_RATIO":52.2515607401,"OPERATE_PROFIT":122010000,"PRETAX_PROFIT":-1356000,"NETCASH_OPERATE":3081599000,"NETCASH_INVEST":-1470633000,"NETCASH_FINANCE":-983561000,"END_CASH":1040980000,"DIVI_RATIO":null,"DIVIDEND_RATE":null,"CURRENT_RATIO":0.893841186937,"COMMON_ACS":50000000000,"CURRENTDEBT_DEBT":90.318753776939,"ISSUED_COMMON_SHARES":4581998323,"HK_COMMON_SHARES":4581998323,"PER_SHARES":1000,"TOTAL_MARKET_CAP":6735537534.81,"HKSK_MARKET_CAP":6735537534.81,"PE_TTM":10.604296859741,"PB_TTM":0.655448346633,"REPORT_DATE_SQ":"2020-12-31 00:00:00","REPORT_TYPE_SQ":"2020年年报","OPERATE_INCOME_SQ":18922112000,"DPS_HKD":null,"OPERATE_INCOME_QOQ_SQ":19.426752456669,"NET_PROFIT_RATIO_SQ":21.2694756272,"HOLDER_PROFIT_SQ":3995124000,"HOLDER_PROFIT_QOQ_SQ":14.593050971816,"ROE_AVG_SQ":51.663760697267,"PE_TTM_SQ":19.386015373359,"PB_TTM_SQ":0.869747700542,"ROA_SQ":21.780195798156,"START_DATE":"2021-01-01 00:00:00","FISCAL_YEAR":"12-31","CURRENCY":"HKD","IS_CNY_CODE":0,"DPS_HKD_LY":0.206,"ORG_TYPE":"一般企业","PREMIUM_INCOME":null,"PREMIUM_INCOME_YOY":null,"NET_INTEREST_INCOME":null,"NET_INTEREST_INCOME_YOY":null,"FEE_COMMISSION_INCOME":null,"FEE_COMMISSION_INCOME_YOY":null,"ACCOUNTS_RECE_TDAYS":29.922140849531,"INVENTORY_TDAYS":6.375074967147,"CURRENT_ASSETS_TDAYS":1.449933784787,"TOTAL_ASSETS_TDAYS":0.685520510607,"PREMIUM_EXPENSE":null,"LOAN_DEPOSIT":null,"LOAN_EQUITY":null,"LOAN_ASSETS":null,"DEPOSIT_EQUITY":null,"DEPOSIT_ASSETS":null,"EQUITY_MULTIPLIER":2.094309291571,"EQUITY_RATIO":1.113570343364},{"SECUCODE":"01610.HK","SECURITY_CODE":"01610","SECURITY_NAME_ABBR":"中粮家佳康","ORG_CODE":"10541894","STD_REPORT_DATE":"2021-06-30 00:00:00","REPORT_DATE":"2021-06-30 00:00:00","DATE_TYPE_CODE":"002","REPORT_TYPE":"2021年中报","PER_NETCASH_OPERATE":0.405966089391,"PER_OI":1.922823481439,"BPS":1.836141876737,"BASIC_EPS":-0.1091,"DILUTED_EPS":null,"OPERATE_INCOME":7502854000,"OPERATE_INCOME_YOY":-18.1650062482,"GROSS_PROFIT":125307000,"GROSS_PROFIT_YOY":-46.133939740443,"HOLDER_PROFIT":-425590000,"HOLDER_PROFIT_YOY":-120.7111044495,"GROSS_PROFIT_RATIO":1.543999123534,"EPS_TTM":0.388171873645,"OPERATE_INCOME_QOQ":-8.801432947865,"NET_PROFIT_RATIO":-5.8530927031,"ROE_AVG":-4.775880697133,"GROSS_PROFIT_QOQ":-62.616551835071,"ROA":-2.208579036605,"HOLDER_PROFIT_QOQ":-62.087634826854,"ROE_YEARLY":-9.551761394267,"ROIC_YEARLY":-4.590633625337,"TOTAL_ASSETS":17977716000,"TOTAL_LIABILITIES":9405069000,"TAX_EBT":-26.534028698208,"OCF_SALES":21.113019125789,"TOTAL_PARENT_EQUITY":8413199000,"DEBT_ASSET_RATIO":52.3151494884,"OPERATE_PROFIT":-294735000,"PRETAX_PROFIT":-347060000,"NETCASH_OPERATE":1584079000,"NETCASH_INVEST":-614325000,"NETCASH_FINANCE":-678883000,"END_CASH":707273000,"DIVI_RATIO":null,"DIVIDEND_RATE":null,"CURRENT_RATIO":0.94544994303,"COMMON_ACS":50000000000,"CURRENTDEBT_DEBT":89.930153622477,"ISSUED_COMMON_SHARES":4581998323,"HK_COMMON_SHARES":4581998323,"PER_SHARES":1000,"TOTAL_MARKET_CAP":6735537534.81,"HKSK_MARKET_CAP":6735537534.81,"PE_TTM":10.604296859741,"PB_TTM":0.655448346633,"REPORT_DATE_SQ":"2020-06-30 00:00:00","REPORT_TYPE_SQ":"2020年中报","OPERATE_INCOME_SQ":9168271000,"DPS_HKD":null,"OPERATE_INCOME_QOQ_SQ":43.01465925723,"NET_PROFIT_RATIO_SQ":22.3954113049,"HOLDER_PROFIT_SQ":2054888000,"HOLDER_PROFIT_QOQ_SQ":121.535120132018,"ROE_AVG_SQ":29.496038810577,"PE_TTM_SQ":19.386015373359,"PB_TTM_SQ":0.869747700542,"ROA_SQ":10.133084484746,"START_DATE":"2021-01-01 00:00:00","FISCAL_YEAR":"12-31","CURRENCY":"HKD","IS_CNY_CODE":0,"DPS_HKD_LY":0.206,"ORG_TYPE":"一般企业","PREMIUM_INCOME":null,"PREMIUM_INCOME_YOY":null,"NET_INTEREST_INCOME":null,"NET_INTEREST_INCOME_YOY":null,"FEE_COMMISSION_INCOME":null,"FEE_COMMISSION_INCOME_YOY":null,"ACCOUNTS_RECE_TDAYS":15.704725324179,"INVENTORY_TDAYS":3.742713258241,"CURRENT_ASSETS_TDAYS":0.80515420323,"TOTAL_ASSETS_TDAYS":0.389357035154,"PREMIUM_EXPENSE":null,"LOAN_DEPOSIT":null,"LOAN_EQUITY":null,"LOAN_ASSETS":null,"DEPOSIT_EQUITY":null,"DEPOSIT_ASSETS":null,"EQUITY_MULTIPLIER":2.097102096937,"EQUITY_RATIO":1.117894513133},{"SECUCODE":"01610.HK","SECURITY_CODE":"01610","SECURITY_NAME_ABBR":"中粮家佳康","ORG_CODE":"10541894","STD_REPORT_DATE":"2020-12-31 00:00:00","REPORT_DATE":"2020-12-31 00:00:00","DATE_TYPE_CODE":"001","REPORT_TYPE":"2020年年报","PER_NETCASH_OPERATE":0.759060295475,"PER_OI":4.849338834531,"BPS":2.053530432949,"BASIC_EPS":1.0239,"DILUTED_EPS":null,"OPERATE_INCOME":18922112000,"OPERATE_INCOME_YOY":70.7977630879,"GROSS_PROFIT":90814000,"GROSS_PROFIT_YOY":-2.137977111576,"HOLDER_PROFIT":3995124000,"HOLDER_PROFIT_YOY":153.8638531334,"GROSS_PROFIT_RATIO":0.985645788377,"EPS_TTM":1.023866149929,"OPERATE_INCOME_QOQ":19.426752456669,"NET_PROFIT_RATIO":21.2694756272,"ROE_AVG":51.663760697267,"GROSS_PROFIT_QOQ":-60.999759522391,"ROA":21.780195798156,"HOLDER_PROFIT_QOQ":14.593050971816,"ROE_YEARLY":51.663760697267,"ROIC_YEARLY":22.595456406842,"TOTAL_ASSETS":20561996000,"TOTAL_LIABILITIES":10979716000,"TAX_EBT":-2.211006066172,"OCF_SALES":15.652861583316,"TOTAL_PARENT_EQUITY":9409273000,"DEBT_ASSET_RATIO":53.3981039584,"OPERATE_PROFIT":4093843000,"PRETAX_PROFIT":3937574000,"NETCASH_OPERATE":2961852000,"NETCASH_INVEST":-1721551000,"NETCASH_FINANCE":-1455688000,"END_CASH":416650000,"DIVI_RATIO":null,"DIVIDEND_RATE":null,"CURRENT_RATIO":1.050103915409,"COMMON_ACS":50000000000,"CURRENTDEBT_DEBT":92.286184815709,"ISSUED_COMMON_SHARES":4581998323,"HK_COMMON_SHARES":4581998323,"PER_SHARES":1000,"TOTAL_MARKET_CAP":6735537534.81,"HKSK_MARKET_CAP":6735537534.81,"PE_TTM":10.604296859741,"PB_TTM":0.655448346633,"REPORT_DATE_SQ":"2019-12-31 00:00:00","REPORT_TYPE_SQ":"2019年年报","OPERATE_INCOME_SQ":11078665000,"DPS_HKD":null,"OPERATE_INCOME_QOQ_SQ":33.361353024881,"NET_PROFIT_RATIO_SQ":13.7401302413,"HOLDER_PROFIT_SQ":1573727000,"HOLDER_PROFIT_QOQ_SQ":749.62126372016,"ROE_AVG_SQ":29.326827884738,"PE_TTM_SQ":19.386015373359,"PB_TTM_SQ":0.869747700542,"ROA_SQ":11.929584140937,"START_DATE":"2020-01-01 00:00:00","FISCAL_YEAR":"12-31","CURRENCY":"HKD","IS_CNY_CODE":0,"DPS_HKD_LY":0.166,"ORG_TYPE":"一般企业","PREMIUM_INCOME":null,"PREMIUM_INCOME_YOY":null,"NET_INTEREST_INCOME":null,"NET_INTEREST_INCOME_YOY":null,"FEE_COMMISSION_INCOME":null,"FEE_COMMISSION_INCOME_YOY":null,"ACCOUNTS_RECE_TDAYS":45.005338435906,"INVENTORY_TDAYS":6.806254358214,"CURRENT_ASSETS_TDAYS":2.00423798178,"TOTAL_ASSETS_TDAYS":1.031575751528,"PREMIUM_EXPENSE":null,"LOAN_DEPOSIT":null,"LOAN_EQUITY":null,"LOAN_ASSETS":null,"DEPOSIT_EQUITY":null,"DEPOSIT_ASSETS":null,"EQUITY_MULTIPLIER":2.145835437913,"EQUITY_RATIO":1.166903755476},{"SECUCODE":"01610.HK","SECURITY_CODE":"01610","SECURITY_NAME_ABBR":"中粮家佳康","ORG_CODE":"10541894","STD_REPORT_DATE":"2020-06-30 00:00:00","REPORT_DATE":"2020-06-30 00:00:00","DATE_TYPE_CODE":"002","REPORT_TYPE":"2020年中报","PER_NETCASH_OPERATE":-0.380217744138,"PER_OI":2.349634787375,"BPS":1.719058245932,"BASIC_EPS":0.5266,"DILUTED_EPS":null,"OPERATE_INCOME":9168271000,"OPERATE_INCOME_YOY":108.2362875983,"GROSS_PROFIT":232627000,"GROSS_PROFIT_YOY":252.252765233327,"HOLDER_PROFIT":2054888000,"HOLDER_PROFIT_YOY":1344.4899020786,"GROSS_PROFIT_RATIO":2.537305016398,"EPS_TTM":0.893480137972,"OPERATE_INCOME_QOQ":43.01465925723,"NET_PROFIT_RATIO":22.3954113049,"ROE_AVG":29.496038810577,"GROSS_PROFIT_QOQ":415.328994159357,"ROA":10.133084484746,"HOLDER_PROFIT_QOQ":121.535120132018,"ROE_YEARLY":58.992077621155,"ROIC_YEARLY":21.098196873436,"TOTAL_ASSETS":24434151000,"TOTAL_LIABILITIES":16455465000,"TAX_EBT":-1.782065530441,"OCF_SALES":-16.181993311498,"TOTAL_PARENT_EQUITY":7876722000,"DEBT_ASSET_RATIO":67.3461705299,"OPERATE_PROFIT":2506678000,"PRETAX_PROFIT":2017322000,"NETCASH_OPERATE":-1483609000,"NETCASH_INVEST":-462098000,"NETCASH_FINANCE":2067736000,"END_CASH":763485000,"DIVI_RATIO":null,"DIVIDEND_RATE":null,"CURRENT_RATIO":1.032692540299,"COMMON_ACS":50000000000,"CURRENTDEBT_DEBT":92.796460021033,"ISSUED_COMMON_SHARES":4581998323,"HK_COMMON_SHARES":4581998323,"PER_SHARES":1000,"TOTAL_MARKET_CAP":6735537534.81,"HKSK_MARKET_CAP":6735537534.81,"PE_TTM":10.604296859741,"PB_TTM":0.655448346633,"REPORT_DATE_SQ":"2019-06-30 00:00:00","REPORT_TYPE_SQ":"2019年中报","OPERATE_INCOME_SQ":4402821000,"DPS_HKD":null,"OPERATE_INCOME_QOQ_SQ":15.885706999858,"NET_PROFIT_RATIO_SQ":2.1182782584,"HOLDER_PROFIT_SQ":142257000,"HOLDER_PROFIT_QOQ_SQ":61.404215929784,"ROE_AVG_SQ":2.991359129952,"PE_TTM_SQ":19.386015373359,"PB_TTM_SQ":0.869747700542,"ROA_SQ":1.34917418243,"START_DATE":"2020-01-01 00:00:00","FISCAL_YEAR":"12-31","CURRENCY":"HKD","IS_CNY_CODE":0,"DPS_HKD_LY":0.166,"ORG_TYPE":"一般企业","PREMIUM_INCOME":null,"PREMIUM_INCOME_YOY":null,"NET_INTEREST_INCOME":null,"NET_INTEREST_INCOME_YOY":null,"FEE_COMMISSION_INCOME":null,"FEE_COMMISSION_INCOME_YOY":null,"ACCOUNTS_RECE_TDAYS":21.235507275749,"INVENTORY_TDAYS":2.186066475851,"CURRENT_ASSETS_TDAYS":0.763673966168,"TOTAL_ASSETS_TDAYS":0.452106706653,"PREMIUM_EXPENSE":null,"LOAN_DEPOSIT":null,"LOAN_EQUITY":null,"LOAN_ASSETS":null,"DEPOSIT_EQUITY":null,"DEPOSIT_ASSETS":null,"EQUITY_MULTIPLIER":3.06242794866,"EQUITY_RATIO":2.089126034917}],"count":20},"success":true,"message":"ok","code":0}