{"version":"f458fe419e11ef321d26c0bfb0793f45","result":{"pages":3,"data":[{"SECUCODE":"01612.HK","SECURITY_CODE":"01612","SECURITY_NAME_ABBR":"永胜医疗","ORG_CODE":"10524221","STD_REPORT_DATE":"2024-06-30 00:00:00","REPORT_DATE":"2024-06-30 00:00:00","DATE_TYPE_CODE":"002","REPORT_TYPE":"2024年中报","PER_NETCASH_OPERATE":0.046620504858,"PER_OI":0.531828301996,"BPS":0.78867902341,"BASIC_EPS":0.047185556,"DILUTED_EPS":null,"OPERATE_INCOME":347462752.08,"OPERATE_INCOME_YOY":5.390120005,"GROSS_PROFIT":108774115.08,"GROSS_PROFIT_YOY":-0.712956055236,"HOLDER_PROFIT":30381291.84,"HOLDER_PROFIT_YOY":25.1428571429,"GROSS_PROFIT_RATIO":31.305259176372,"EPS_TTM":0.088408330458,"OPERATE_INCOME_QOQ":2.214938173459,"NET_PROFIT_RATIO":8.8154639013,"ROE_AVG":6.017277438644,"GROSS_PROFIT_QOQ":-0.358551149977,"ROA":4.192274366776,"HOLDER_PROFIT_QOQ":11.283623598645,"ROE_YEARLY":12.034554877288,"ROIC_YEARLY":10.729057299477,"TOTAL_ASSETS":731471949.4,"TOTAL_LIABILITIES":213223039.64,"TAX_EBT":0.883047844064,"OCF_SALES":8.76608196351,"TOTAL_PARENT_EQUITY":515272660.28,"DEBT_ASSET_RATIO":29.1498586945,"OPERATE_PROFIT":31703765.16,"PRETAX_PROFIT":30903344.8,"NETCASH_OPERATE":30458869.64,"NETCASH_INVEST":-20346375.24,"NETCASH_FINANCE":-16146221.88,"END_CASH":152171136.4,"DIVI_RATIO":0.318931257425,"DIVIDEND_RATE":7.948717948718,"CURRENT_RATIO":2.44430779502,"COMMON_ACS":10000000000,"CURRENTDEBT_DEBT":97.452305637716,"ISSUED_COMMON_SHARES":653336332,"HK_COMMON_SHARES":653336332,"PER_SHARES":2000,"TOTAL_MARKET_CAP":254801169.48,"HKSK_MARKET_CAP":254801169.48,"PE_TTM":3.983571275269,"PB_TTM":0.451318203521,"REPORT_DATE_SQ":"2023-06-30 00:00:00","REPORT_TYPE_SQ":"2023年中报","OPERATE_INCOME_SQ":333051445.3,"DPS_HKD":0.031,"OPERATE_INCOME_QOQ_SQ":16.54081357884,"NET_PROFIT_RATIO_SQ":7.5003806386,"HOLDER_PROFIT_SQ":24524668,"HOLDER_PROFIT_QOQ_SQ":401.924033109019,"ROE_AVG_SQ":5.290863216268,"PE_TTM_SQ":4.756859320078,"PB_TTM_SQ":0.502075227154,"ROA_SQ":3.755168650836,"START_DATE":"2024-01-01 00:00:00","FISCAL_YEAR":"12-31","CURRENCY":"HKD","IS_CNY_CODE":0,"DPS_HKD_LY":0.031,"ORG_TYPE":"一般企业","PREMIUM_INCOME":null,"PREMIUM_INCOME_YOY":null,"NET_INTEREST_INCOME":null,"NET_INTEREST_INCOME_YOY":null,"FEE_COMMISSION_INCOME":null,"FEE_COMMISSION_INCOME_YOY":null,"ACCOUNTS_RECE_TDAYS":2.267294773453,"INVENTORY_TDAYS":1.52025112264,"CURRENT_ASSETS_TDAYS":0.674324357834,"TOTAL_ASSETS_TDAYS":0.479459266125,"PREMIUM_EXPENSE":null,"LOAN_DEPOSIT":null,"LOAN_EQUITY":null,"LOAN_ASSETS":null,"DEPOSIT_EQUITY":null,"DEPOSIT_ASSETS":null,"EQUITY_MULTIPLIER":1.411429789093,"EQUITY_RATIO":0.413806235177},{"SECUCODE":"01612.HK","SECURITY_CODE":"01612","SECURITY_NAME_ABBR":"永胜医疗","ORG_CODE":"10524221","STD_REPORT_DATE":"2023-12-31 00:00:00","REPORT_DATE":"2023-12-31 00:00:00","DATE_TYPE_CODE":"001","REPORT_TYPE":"2023年年报","PER_NETCASH_OPERATE":0.173348456152,"PER_OI":0.995875263921,"BPS":0.751571494512,"BASIC_EPS":0.080381714,"DILUTED_EPS":null,"OPERATE_INCOME":650641492.06,"OPERATE_INCOME_YOY":14.1012519825,"GROSS_PROFIT":217843507.14,"GROSS_PROFIT_YOY":47.485658924698,"HOLDER_PROFIT":51903750.5,"HOLDER_PROFIT_YOY":429.2045062651,"GROSS_PROFIT_RATIO":33.481342613162,"EPS_TTM":0.079444151439,"OPERATE_INCOME_QOQ":-0.67392864084,"NET_PROFIT_RATIO":8.1072686577,"ROE_AVG":11.015969549571,"GROSS_PROFIT_QOQ":-3.523773799592,"ROA":7.569509974176,"HOLDER_PROFIT_QOQ":10.616262689011,"ROE_YEARLY":11.015969549571,"ROIC_YEARLY":9.737888846101,"TOTAL_ASSETS":712840807.98,"TOTAL_LIABILITIES":220680881.96,"TAX_EBT":13.012030187551,"OCF_SALES":17.40664342531,"TOTAL_PARENT_EQUITY":491028963.46,"DEBT_ASSET_RATIO":30.9579473411,"OPERATE_PROFIT":59611151.6,"PRETAX_PROFIT":60639711.3,"NETCASH_OPERATE":113254844.5,"NETCASH_INVEST":-56517316.52,"NETCASH_FINANCE":-41112482.74,"END_CASH":159298976.48,"DIVI_RATIO":0.354918260052,"DIVIDEND_RATE":7.75,"CURRENT_RATIO":2.420053501925,"COMMON_ACS":10000000000,"CURRENTDEBT_DEBT":97.170229716079,"ISSUED_COMMON_SHARES":653336332,"HK_COMMON_SHARES":653336332,"PER_SHARES":2000,"TOTAL_MARKET_CAP":261334532.8,"HKSK_MARKET_CAP":261334532.8,"PE_TTM":4.085714128481,"PB_TTM":0.46289046515,"REPORT_DATE_SQ":"2022-12-31 00:00:00","REPORT_TYPE_SQ":"2022年年报","OPERATE_INCOME_SQ":562083001.34,"DPS_HKD":0.031,"OPERATE_INCOME_QOQ_SQ":-0.952238876636,"NET_PROFIT_RATIO_SQ":-2.9225639738,"HOLDER_PROFIT_SQ":-15541111.46,"HOLDER_PROFIT_QOQ_SQ":32.852102263001,"ROE_AVG_SQ":-3.173740299825,"PE_TTM_SQ":4.207990936992,"PB_TTM_SQ":0.444143470175,"ROA_SQ":-2.212284166235,"START_DATE":"2023-01-01 00:00:00","FISCAL_YEAR":"12-31","CURRENCY":"HKD","IS_CNY_CODE":0,"DPS_HKD_LY":0.0125,"ORG_TYPE":"一般企业","PREMIUM_INCOME":null,"PREMIUM_INCOME_YOY":null,"NET_INTEREST_INCOME":null,"NET_INTEREST_INCOME_YOY":null,"FEE_COMMISSION_INCOME":null,"FEE_COMMISSION_INCOME_YOY":null,"ACCOUNTS_RECE_TDAYS":4.329076449059,"INVENTORY_TDAYS":2.745693917443,"CURRENT_ASSETS_TDAYS":1.279914217565,"TOTAL_ASSETS_TDAYS":0.948878879911,"PREMIUM_EXPENSE":null,"LOAN_DEPOSIT":null,"LOAN_EQUITY":null,"LOAN_ASSETS":null,"DEPOSIT_EQUITY":null,"DEPOSIT_ASSETS":null,"EQUITY_MULTIPLIER":1.448392626651,"EQUITY_RATIO":0.449425387059},{"SECUCODE":"01612.HK","SECURITY_CODE":"01612","SECURITY_NAME_ABBR":"永胜医疗","ORG_CODE":"10524221","STD_REPORT_DATE":"2023-06-30 00:00:00","REPORT_DATE":"2023-06-30 00:00:00","DATE_TYPE_CODE":"002","REPORT_TYPE":"2023年中报","PER_NETCASH_OPERATE":0.049233506028,"PER_OI":0.509770280616,"BPS":0.716171960998,"BASIC_EPS":0.03780118,"DILUTED_EPS":null,"OPERATE_INCOME":333051445.3,"OPERATE_INCOME_YOY":28.6765622607,"GROSS_PROFIT":109555195.48,"GROSS_PROFIT_YOY":248.237865270342,"HOLDER_PROFIT":24524668,"HOLDER_PROFIT_YOY":159.9598764736,"GROSS_PROFIT_RATIO":32.894376237076,"EPS_TTM":0.071819594613,"OPERATE_INCOME_QOQ":16.54081357884,"NET_PROFIT_RATIO":7.5003806386,"ROE_AVG":5.290863216268,"GROSS_PROFIT_QOQ":52.872541488438,"ROA":3.755168650836,"HOLDER_PROFIT_QOQ":401.924033109019,"ROE_YEARLY":10.581726432536,"ROIC_YEARLY":9.548981157814,"TOTAL_ASSETS":636180029.7,"TOTAL_LIABILITIES":167632559.64,"TAX_EBT":16.296456486144,"OCF_SALES":9.657978878016,"TOTAL_PARENT_EQUITY":467901162.08,"DEBT_ASSET_RATIO":26.3498619595,"OPERATE_PROFIT":30709309.84,"PRETAX_PROFIT":29843570.62,"NETCASH_OPERATE":32166038.24,"NETCASH_INVEST":-10095681,"NETCASH_FINANCE":-34998360.8,"END_CASH":130750593.7,"DIVI_RATIO":0.39259731487,"DIVIDEND_RATE":7.75,"CURRENT_RATIO":3.040759926921,"COMMON_ACS":10000000000,"CURRENTDEBT_DEBT":95.130295130295,"ISSUED_COMMON_SHARES":653336332,"HK_COMMON_SHARES":653336332,"PER_SHARES":2000,"TOTAL_MARKET_CAP":261334532.8,"HKSK_MARKET_CAP":261334532.8,"PE_TTM":4.085714128481,"PB_TTM":0.46289046515,"REPORT_DATE_SQ":"2022-06-30 00:00:00","REPORT_TYPE_SQ":"2022年中报","OPERATE_INCOME_SQ":240078343.89,"DPS_HKD":0.031,"OPERATE_INCOME_QOQ_SQ":-10.753408621083,"NET_PROFIT_RATIO_SQ":-15.7638451044,"HOLDER_PROFIT_SQ":-37938793.97,"HOLDER_PROFIT_QOQ_SQ":-146.639711602993,"ROE_AVG_SQ":-7.934787469035,"PE_TTM_SQ":4.207990936992,"PB_TTM_SQ":0.444143470175,"ROA_SQ":-5.534216635708,"START_DATE":"2023-01-01 00:00:00","FISCAL_YEAR":"12-31","CURRENCY":"HKD","IS_CNY_CODE":0,"DPS_HKD_LY":0.0125,"ORG_TYPE":"一般企业","PREMIUM_INCOME":null,"PREMIUM_INCOME_YOY":null,"NET_INTEREST_INCOME":null,"NET_INTEREST_INCOME_YOY":null,"FEE_COMMISSION_INCOME":null,"FEE_COMMISSION_INCOME_YOY":null,"ACCOUNTS_RECE_TDAYS":2.218309102354,"INVENTORY_TDAYS":1.394056502049,"CURRENT_ASSETS_TDAYS":0.671940104167,"TOTAL_ASSETS_TDAYS":0.509961784806,"PREMIUM_EXPENSE":null,"LOAN_DEPOSIT":null,"LOAN_EQUITY":null,"LOAN_ASSETS":null,"DEPOSIT_EQUITY":null,"DEPOSIT_ASSETS":null,"EQUITY_MULTIPLIER":1.357770707029,"EQUITY_RATIO":0.358264892728},{"SECUCODE":"01612.HK","SECURITY_CODE":"01612","SECURITY_NAME_ABBR":"永胜医疗","ORG_CODE":"10524221","STD_REPORT_DATE":"2022-12-31 00:00:00","REPORT_DATE":"2022-12-31 00:00:00","DATE_TYPE_CODE":"001","REPORT_TYPE":"2022年年报","PER_NETCASH_OPERATE":0.103586486309,"PER_OI":0.860327175774,"BPS":0.680902414547,"BASIC_EPS":-0.023760982,"DILUTED_EPS":null,"OPERATE_INCOME":562083001.34,"OPERATE_INCOME_YOY":-19.0914467932,"GROSS_PROFIT":147704874.31,"GROSS_PROFIT_YOY":-30.276396095406,"HOLDER_PROFIT":-15541111.46,"HOLDER_PROFIT_YOY":-128.6646346487,"GROSS_PROFIT_RATIO":26.278125109258,"EPS_TTM":-0.023787306321,"OPERATE_INCOME_QOQ":-0.952238876636,"NET_PROFIT_RATIO":-2.9225639738,"ROE_AVG":-3.173740299825,"GROSS_PROFIT_QOQ":6.478261498976,"ROA":-2.212284166235,"HOLDER_PROFIT_QOQ":32.852102263001,"ROE_YEARLY":-3.173740299825,"ROIC_YEARLY":-2.811407222592,"TOTAL_ASSETS":649138415.73,"TOTAL_LIABILITIES":203742381.22,"TAX_EBT":-18.522815158546,"OCF_SALES":12.040359670842,"TOTAL_PARENT_EQUITY":444858285.97,"DEBT_ASSET_RATIO":31.3865850923,"OPERATE_PROFIT":-9825970,"PRETAX_PROFIT":-13859977.32,"NETCASH_OPERATE":67676815.01,"NETCASH_INVEST":-16167293.73,"NETCASH_FINANCE":-60595863.72,"END_CASH":142334535.07,"DIVI_RATIO":-1.185345646933,"DIVIDEND_RATE":7.75,"CURRENT_RATIO":2.536156733819,"COMMON_ACS":10000000000,"CURRENTDEBT_DEBT":94.951465675228,"ISSUED_COMMON_SHARES":653336332,"HK_COMMON_SHARES":653336332,"PER_SHARES":2000,"TOTAL_MARKET_CAP":261334532.8,"HKSK_MARKET_CAP":261334532.8,"PE_TTM":4.085714128481,"PB_TTM":0.46289046515,"REPORT_DATE_SQ":"2021-12-31 00:00:00","REPORT_TYPE_SQ":"2021年年报","OPERATE_INCOME_SQ":635863872,"DPS_HKD":0.031,"OPERATE_INCOME_QOQ_SQ":-22.645144968219,"NET_PROFIT_RATIO_SQ":7.7238594867,"HOLDER_PROFIT_SQ":49624232,"HOLDER_PROFIT_QOQ_SQ":-62.817188389492,"ROE_AVG_SQ":10.032911321263,"PE_TTM_SQ":4.207990936992,"PB_TTM_SQ":0.444143470175,"ROA_SQ":6.770134443415,"START_DATE":"2022-01-01 00:00:00","FISCAL_YEAR":"12-31","CURRENCY":"HKD","IS_CNY_CODE":0,"DPS_HKD_LY":0.05,"ORG_TYPE":"一般企业","PREMIUM_INCOME":null,"PREMIUM_INCOME_YOY":null,"NET_INTEREST_INCOME":null,"NET_INTEREST_INCOME_YOY":null,"FEE_COMMISSION_INCOME":null,"FEE_COMMISSION_INCOME_YOY":null,"ACCOUNTS_RECE_TDAYS":3.854079067047,"INVENTORY_TDAYS":2.223858022546,"CURRENT_ASSETS_TDAYS":1.057538026896,"TOTAL_ASSETS_TDAYS":0.800127666014,"PREMIUM_EXPENSE":null,"LOAN_DEPOSIT":null,"LOAN_EQUITY":null,"LOAN_ASSETS":null,"DEPOSIT_EQUITY":null,"DEPOSIT_ASSETS":null,"EQUITY_MULTIPLIER":1.45744094117,"EQUITY_RATIO":0.457993899733},{"SECUCODE":"01612.HK","SECURITY_CODE":"01612","SECURITY_NAME_ABBR":"永胜医疗","ORG_CODE":"10524221","STD_REPORT_DATE":"2022-06-30 00:00:00","REPORT_DATE":"2022-06-30 00:00:00","DATE_TYPE_CODE":"002","REPORT_TYPE":"2022年中报","PER_NETCASH_OPERATE":0.034551262702,"PER_OI":0.367465166303,"BPS":0.680434472623,"BASIC_EPS":-0.057981882,"DILUTED_EPS":null,"OPERATE_INCOME":240078343.89,"OPERATE_INCOME_YOY":-24.2708468212,"GROSS_PROFIT":31459874.53,"GROSS_PROFIT_YOY":-69.919315033322,"HOLDER_PROFIT":-37938793.97,"HOLDER_PROFIT_YOY":-205.9819871473,"GROSS_PROFIT_RATIO":13.104003476638,"EPS_TTM":-0.035425243564,"OPERATE_INCOME_QOQ":-10.753408621083,"NET_PROFIT_RATIO":-15.7638451044,"ROE_AVG":-7.934787469035,"GROSS_PROFIT_QOQ":-34.5184613995,"ROA":-5.534216635708,"HOLDER_PROFIT_QOQ":-146.639711602993,"ROE_YEARLY":-15.86957493807,"ROIC_YEARLY":-14.053121706027,"TOTAL_ASSETS":647439548.49,"TOTAL_LIABILITIES":201799184.3,"TAX_EBT":-1.509312780989,"OCF_SALES":9.402595367095,"TOTAL_PARENT_EQUITY":444552562.51,"DEBT_ASSET_RATIO":31.1688071528,"OPERATE_PROFIT":-35798253.4,"PRETAX_PROFIT":-37282863.24,"NETCASH_OPERATE":22573595.24,"NETCASH_INVEST":-3829540.82,"NETCASH_FINANCE":-25210146.01,"END_CASH":140244318.48,"DIVI_RATIO":-0.795934682833,"DIVIDEND_RATE":7.75,"CURRENT_RATIO":2.515276129367,"COMMON_ACS":10000000000,"CURRENTDEBT_DEBT":91.408229859728,"ISSUED_COMMON_SHARES":653336332,"HK_COMMON_SHARES":653336332,"PER_SHARES":2000,"TOTAL_MARKET_CAP":261334532.8,"HKSK_MARKET_CAP":261334532.8,"PE_TTM":4.085714128481,"PB_TTM":0.46289046515,"REPORT_DATE_SQ":"2021-06-30 00:00:00","REPORT_TYPE_SQ":"2021年中报","OPERATE_INCOME_SQ":308455384.32,"DPS_HKD":0.031,"OPERATE_INCOME_QOQ_SQ":-15.467398843714,"NET_PROFIT_RATIO_SQ":10.7991820968,"HOLDER_PROFIT_SQ":34830036.72,"HOLDER_PROFIT_QOQ_SQ":-26.880074866661,"ROE_AVG_SQ":6.951832580726,"PE_TTM_SQ":4.207990936992,"PB_TTM_SQ":0.444143470175,"ROA_SQ":4.580518543282,"START_DATE":"2022-01-01 00:00:00","FISCAL_YEAR":"12-31","CURRENCY":"HKD","IS_CNY_CODE":0,"DPS_HKD_LY":0.05,"ORG_TYPE":"一般企业","PREMIUM_INCOME":null,"PREMIUM_INCOME_YOY":null,"NET_INTEREST_INCOME":null,"NET_INTEREST_INCOME_YOY":null,"FEE_COMMISSION_INCOME":null,"FEE_COMMISSION_INCOME_YOY":null,"ACCOUNTS_RECE_TDAYS":1.828389996092,"INVENTORY_TDAYS":1.11175978653,"CURRENT_ASSETS_TDAYS":0.474492305352,"TOTAL_ASSETS_TDAYS":0.350207643838,"PREMIUM_EXPENSE":null,"LOAN_DEPOSIT":null,"LOAN_EQUITY":null,"LOAN_ASSETS":null,"DEPOSIT_EQUITY":null,"DEPOSIT_ASSETS":null,"EQUITY_MULTIPLIER":1.452829681769,"EQUITY_RATIO":0.453937737217},{"SECUCODE":"01612.HK","SECURITY_CODE":"01612","SECURITY_NAME_ABBR":"永胜医疗","ORG_CODE":"10524221","STD_REPORT_DATE":"2021-12-31 00:00:00","REPORT_DATE":"2021-12-31 00:00:00","DATE_TYPE_CODE":"001","REPORT_TYPE":"2021年年报","PER_NETCASH_OPERATE":0.148602838841,"PER_OI":0.97077218859,"BPS":0.748802614577,"BASIC_EPS":0.07587328,"DILUTED_EPS":0.07505568,"OPERATE_INCOME":635863872,"OPERATE_INCOME_YOY":-32.6872560874,"GROSS_PROFIT":211843430.4,"GROSS_PROFIT_YOY":-49.072380338862,"HOLDER_PROFIT":49624232,"HOLDER_PROFIT_YOY":-72.0125423651,"GROSS_PROFIT_RATIO":33.315846320012,"EPS_TTM":0.075761222531,"OPERATE_INCOME_QOQ":-22.645144968219,"NET_PROFIT_RATIO":7.7238594867,"ROE_AVG":10.032911321263,"GROSS_PROFIT_QOQ":-32.695322732555,"ROA":6.770134443415,"HOLDER_PROFIT_QOQ":-62.817188389492,"ROE_YEARLY":10.032911321263,"ROIC_YEARLY":8.342422099481,"TOTAL_ASSETS":691816328,"TOTAL_LIABILITIES":200902307.2,"TAX_EBT":9.232396494409,"OCF_SALES":15.307694285861,"TOTAL_PARENT_EQUITY":489219953.6,"DEBT_ASSET_RATIO":29.0398331275,"OPERATE_PROFIT":60900571.2,"PRETAX_PROFIT":54108768,"NETCASH_OPERATE":97336097.6,"NETCASH_INVEST":-16777152,"NETCASH_FINANCE":-82537537.6,"END_CASH":141581339.2,"DIVI_RATIO":0.372171660623,"DIVIDEND_RATE":7.75,"CURRENT_RATIO":2.752289440225,"COMMON_ACS":10000000000,"CURRENTDEBT_DEBT":94.744467324863,"ISSUED_COMMON_SHARES":653336332,"HK_COMMON_SHARES":653336332,"PER_SHARES":2000,"TOTAL_MARKET_CAP":261334532.8,"HKSK_MARKET_CAP":261334532.8,"PE_TTM":4.085714128481,"PB_TTM":0.46289046515,"REPORT_DATE_SQ":"2020-12-31 00:00:00","REPORT_TYPE_SQ":"2020年年报","OPERATE_INCOME_SQ":972416548.12,"DPS_HKD":0.031,"OPERATE_INCOME_QOQ_SQ":40.549768895508,"NET_PROFIT_RATIO_SQ":21.4158421926,"HOLDER_PROFIT_SQ":182522258.6,"HOLDER_PROFIT_QOQ_SQ":122.063541813873,"ROE_AVG_SQ":44.992365208588,"PE_TTM_SQ":4.207990936992,"PB_TTM_SQ":0.444143470175,"ROA_SQ":28.587793454461,"START_DATE":"2021-01-01 00:00:00","FISCAL_YEAR":"12-31","CURRENCY":"HKD","IS_CNY_CODE":0,"DPS_HKD_LY":0.13,"ORG_TYPE":"一般企业","PREMIUM_INCOME":null,"PREMIUM_INCOME_YOY":null,"NET_INTEREST_INCOME":null,"NET_INTEREST_INCOME_YOY":null,"FEE_COMMISSION_INCOME":null,"FEE_COMMISSION_INCOME_YOY":null,"ACCOUNTS_RECE_TDAYS":4.73107421275,"INVENTORY_TDAYS":1.987628486674,"CURRENT_ASSETS_TDAYS":1.13936707201,"TOTAL_ASSETS_TDAYS":0.867496327429,"PREMIUM_EXPENSE":null,"LOAN_DEPOSIT":null,"LOAN_EQUITY":null,"LOAN_ASSETS":null,"DEPOSIT_EQUITY":null,"DEPOSIT_ASSETS":null,"EQUITY_MULTIPLIER":1.40924133084,"EQUITY_RATIO":0.410658448662},{"SECUCODE":"01612.HK","SECURITY_CODE":"01612","SECURITY_NAME_ABBR":"永胜医疗","ORG_CODE":"10524221","STD_REPORT_DATE":"2021-06-30 00:00:00","REPORT_DATE":"2021-06-30 00:00:00","DATE_TYPE_CODE":"002","REPORT_TYPE":"2021年中报","PER_NETCASH_OPERATE":0.032248992205,"PER_OI":0.470403336987,"BPS":0.754855690591,"BASIC_EPS":0.053419536,"DILUTED_EPS":0.052587456,"OPERATE_INCOME":308455384.32,"OPERATE_INCOME_YOY":-26.2054440565,"GROSS_PROFIT":104584967.28,"GROSS_PROFIT_YOY":-49.181676090854,"HOLDER_PROFIT":34830036.72,"HOLDER_PROFIT_YOY":-54.422813092,"GROSS_PROFIT_RATIO":33.906027450473,"EPS_TTM":0.203530552088,"OPERATE_INCOME_QOQ":-15.467398843714,"NET_PROFIT_RATIO":10.7991820968,"ROE_AVG":6.951832580726,"GROSS_PROFIT_QOQ":-24.332718424947,"ROA":4.580518543282,"HOLDER_PROFIT_QOQ":-26.880074866661,"ROE_YEARLY":13.903665161452,"ROIC_YEARLY":10.666642883171,"TOTAL_ASSETS":732921026.4,"TOTAL_LIABILITIES":246424652.4,"TAX_EBT":12.289119670479,"OCF_SALES":6.855604471492,"TOTAL_PARENT_EQUITY":493174648.08,"DEBT_ASSET_RATIO":33.6222653634,"OPERATE_PROFIT":40996581.6,"PRETAX_PROFIT":37977795.36,"NETCASH_OPERATE":21146481.12,"NETCASH_INVEST":-13999746,"NETCASH_FINANCE":-64098450.72,"END_CASH":85968009.36,"DIVI_RATIO":0.13853536833,"DIVIDEND_RATE":7.75,"CURRENT_RATIO":2.305887728918,"COMMON_ACS":10000000000,"CURRENTDEBT_DEBT":96.061184177205,"ISSUED_COMMON_SHARES":653336332,"HK_COMMON_SHARES":653336332,"PER_SHARES":2000,"TOTAL_MARKET_CAP":261334532.8,"HKSK_MARKET_CAP":261334532.8,"PE_TTM":4.085714128481,"PB_TTM":0.46289046515,"REPORT_DATE_SQ":"2020-06-30 00:00:00","REPORT_TYPE_SQ":"2020年中报","OPERATE_INCOME_SQ":458862930.24,"DPS_HKD":0.031,"OPERATE_INCOME_QOQ_SQ":53.795679372013,"NET_PROFIT_RATIO_SQ":21.7929474904,"HOLDER_PROFIT_SQ":83892156.48,"HOLDER_PROFIT_QOQ_SQ":696.152523698853,"ROE_AVG_SQ":23.438977425418,"PE_TTM_SQ":4.207990936992,"PB_TTM_SQ":0.444143470175,"ROA_SQ":12.937497358746,"START_DATE":"2021-01-01 00:00:00","FISCAL_YEAR":"12-31","CURRENCY":"HKD","IS_CNY_CODE":0,"DPS_HKD_LY":0.13,"ORG_TYPE":"一般企业","PREMIUM_INCOME":null,"PREMIUM_INCOME_YOY":null,"NET_INTEREST_INCOME":null,"NET_INTEREST_INCOME_YOY":null,"FEE_COMMISSION_INCOME":null,"FEE_COMMISSION_INCOME_YOY":null,"ACCOUNTS_RECE_TDAYS":2.16444842777,"INVENTORY_TDAYS":0.868203127492,"CURRENT_ASSETS_TDAYS":0.537086377683,"TOTAL_ASSETS_TDAYS":0.405651483807,"PREMIUM_EXPENSE":null,"LOAN_DEPOSIT":null,"LOAN_EQUITY":null,"LOAN_ASSETS":null,"DEPOSIT_EQUITY":null,"DEPOSIT_ASSETS":null,"EQUITY_MULTIPLIER":1.506529268398,"EQUITY_RATIO":0.499670154091},{"SECUCODE":"01612.HK","SECURITY_CODE":"01612","SECURITY_NAME_ABBR":"永胜医疗","ORG_CODE":"10524221","STD_REPORT_DATE":"2020-12-31 00:00:00","REPORT_DATE":"2020-12-31 00:00:00","DATE_TYPE_CODE":"001","REPORT_TYPE":"2020年年报","PER_NETCASH_OPERATE":0.264606426949,"PER_OI":1.494650380296,"BPS":0.787819088377,"BASIC_EPS":0.284810976,"DILUTED_EPS":0.280181956,"OPERATE_INCOME":972416548.12,"OPERATE_INCOME_YOY":130.0643170052,"GROSS_PROFIT":415969628.68,"GROSS_PROFIT_YOY":186.633192467286,"HOLDER_PROFIT":182522258.6,"HOLDER_PROFIT_YOY":1781.6919739696,"GROSS_PROFIT_RATIO":42.776897357846,"EPS_TTM":0.280545373026,"OPERATE_INCOME_QOQ":40.549768895508,"NET_PROFIT_RATIO":21.4158421926,"ROE_AVG":44.992365208588,"GROSS_PROFIT_QOQ":50.007871794243,"ROA":28.587793454461,"HOLDER_PROFIT_QOQ":122.063541813873,"ROE_YEARLY":44.992365208588,"ROIC_YEARLY":35.468810948858,"TOTAL_ASSETS":796921141.88,"TOTAL_LIABILITIES":287578288.32,"TAX_EBT":12.900761746526,"OCF_SALES":17.703566696065,"TOTAL_PARENT_EQUITY":514710833.48,"DEBT_ASSET_RATIO":36.0861662726,"OPERATE_PROFIT":245954140.48,"PRETAX_PROFIT":239096457.76,"NETCASH_OPERATE":175130976.12,"NETCASH_INVEST":-55500266.52,"NETCASH_FINANCE":-50068321.96,"END_CASH":142294391.52,"DIVI_RATIO":0.100504883384,"DIVIDEND_RATE":7.75,"CURRENT_RATIO":2.1889558688,"COMMON_ACS":10000000000,"CURRENTDEBT_DEBT":96.855903631383,"ISSUED_COMMON_SHARES":653336332,"HK_COMMON_SHARES":653336332,"PER_SHARES":2000,"TOTAL_MARKET_CAP":261334532.8,"HKSK_MARKET_CAP":261334532.8,"PE_TTM":4.085714128481,"PB_TTM":0.46289046515,"REPORT_DATE_SQ":"2019-12-31 00:00:00","REPORT_TYPE_SQ":"2019年年报","OPERATE_INCOME_SQ":449860716,"DPS_HKD":0.031,"OPERATE_INCOME_QOQ_SQ":-0.695474720939,"NET_PROFIT_RATIO_SQ":2.5601354042,"HOLDER_PROFIT_SQ":10323864.5,"HOLDER_PROFIT_QOQ_SQ":-63.460991784932,"ROE_AVG_SQ":3.170991412873,"PE_TTM_SQ":4.207990936992,"PB_TTM_SQ":0.444143470175,"ROA_SQ":2.081083716445,"START_DATE":"2020-01-01 00:00:00","FISCAL_YEAR":"12-31","CURRENCY":"HKD","IS_CNY_CODE":0,"DPS_HKD_LY":0.011,"ORG_TYPE":"一般企业","PREMIUM_INCOME":null,"PREMIUM_INCOME_YOY":null,"NET_INTEREST_INCOME":null,"NET_INTEREST_INCOME_YOY":null,"FEE_COMMISSION_INCOME":null,"FEE_COMMISSION_INCOME_YOY":null,"ACCOUNTS_RECE_TDAYS":8.425795536173,"INVENTORY_TDAYS":3.32880695421,"CURRENT_ASSETS_TDAYS":2.08900175201,"TOTAL_ASSETS_TDAYS":1.523060455343,"PREMIUM_EXPENSE":null,"LOAN_DEPOSIT":null,"LOAN_EQUITY":null,"LOAN_ASSETS":null,"DEPOSIT_EQUITY":null,"DEPOSIT_ASSETS":null,"EQUITY_MULTIPLIER":1.564606504853,"EQUITY_RATIO":0.558718157097},{"SECUCODE":"01612.HK","SECURITY_CODE":"01612","SECURITY_NAME_ABBR":"永胜医疗","ORG_CODE":"10524221","STD_REPORT_DATE":"2020-06-30 00:00:00","REPORT_DATE":"2020-06-30 00:00:00","DATE_TYPE_CODE":"002","REPORT_TYPE":"2020年中报","PER_NETCASH_OPERATE":0.102735319501,"PER_OI":0.719615667278,"BPS":0.602892799049,"BASIC_EPS":0.13153536,"DILUTED_EPS":null,"OPERATE_INCOME":458862930.24,"OPERATE_INCOME_YOY":103.771640895,"GROSS_PROFIT":205801685.76,"GROSS_PROFIT_YOY":179.523936138617,"HOLDER_PROFIT":83892156.48,"HOLDER_PROFIT_YOY":571.9982439453,"GROSS_PROFIT_RATIO":44.850362101022,"EPS_TTM":0.128900976649,"OPERATE_INCOME_QOQ":53.795679372013,"NET_PROFIT_RATIO":21.7929474904,"ROE_AVG":23.438977425418,"GROSS_PROFIT_QOQ":91.078767426581,"ROA":12.937497358746,"HOLDER_PROFIT_QOQ":696.152523698853,"ROE_YEARLY":46.877954850836,"ROIC_YEARLY":33.342500142948,"TOTAL_ASSETS":775931655.84,"TOTAL_LIABILITIES":312221099.52,"TAX_EBT":15.127646543504,"OCF_SALES":14.276415060536,"TOTAL_PARENT_EQUITY":393891769.92,"DEBT_ASSET_RATIO":40.2382216488,"OPERATE_PROFIT":120201396.48,"PRETAX_PROFIT":117823712.16,"NETCASH_OPERATE":65509176.48,"NETCASH_INVEST":-26743696.32,"NETCASH_FINANCE":915266.88,"END_CASH":100384315.68,"DIVI_RATIO":0.218742950853,"DIVIDEND_RATE":7.75,"CURRENT_RATIO":1.979602394277,"COMMON_ACS":10000000000,"CURRENTDEBT_DEBT":96.140815896644,"ISSUED_COMMON_SHARES":653336332,"HK_COMMON_SHARES":653336332,"PER_SHARES":2000,"TOTAL_MARKET_CAP":261334532.8,"HKSK_MARKET_CAP":261334532.8,"PE_TTM":4.085714128481,"PB_TTM":0.46289046515,"REPORT_DATE_SQ":"2019-06-30 00:00:00","REPORT_TYPE_SQ":"2019年中报","OPERATE_INCOME_SQ":216857301.84,"DPS_HKD":0.031,"OPERATE_INCOME_QOQ_SQ":5.93982765016,"NET_PROFIT_RATIO_SQ":6.2914766919,"HOLDER_PROFIT_SQ":12022313.22,"HOLDER_PROFIT_QOQ_SQ":4.212514424196,"ROE_AVG_SQ":3.618825199119,"PE_TTM_SQ":4.207990936992,"PB_TTM_SQ":0.444143470175,"ROA_SQ":2.454910089614,"START_DATE":"2020-01-01 00:00:00","FISCAL_YEAR":"12-31","CURRENCY":"HKD","IS_CNY_CODE":0,"DPS_HKD_LY":0.011,"ORG_TYPE":"一般企业","PREMIUM_INCOME":null,"PREMIUM_INCOME_YOY":null,"NET_INTEREST_INCOME":null,"NET_INTEREST_INCOME_YOY":null,"FEE_COMMISSION_INCOME":null,"FEE_COMMISSION_INCOME_YOY":null,"ACCOUNTS_RECE_TDAYS":3.302821901957,"INVENTORY_TDAYS":1.614736756212,"CURRENT_ASSETS_TDAYS":0.973288835716,"TOTAL_ASSETS_TDAYS":0.707639211709,"PREMIUM_EXPENSE":null,"LOAN_DEPOSIT":null,"LOAN_EQUITY":null,"LOAN_ASSETS":null,"DEPOSIT_EQUITY":null,"DEPOSIT_ASSETS":null,"EQUITY_MULTIPLIER":1.673310312359,"EQUITY_RATIO":0.792657078322}],"count":21},"success":true,"message":"ok","code":0}