{"version":"eac90132a558b7c82cc8352c1b008268","result":{"pages":4,"data":[{"SECUCODE":"01623.HK","SECURITY_CODE":"01623","SECURITY_NAME_ABBR":"海隆控股","ORG_CODE":"10158291","STD_REPORT_DATE":"2024-06-30 00:00:00","REPORT_DATE":"2024-06-30 00:00:00","DATE_TYPE_CODE":"002","REPORT_TYPE":"2024年中报","PER_NETCASH_OPERATE":-0.053289874446,"PER_OI":1.453421892192,"BPS":1.965642611527,"BASIC_EPS":0.0271,"DILUTED_EPS":0.0271,"OPERATE_INCOME":2465641000,"OPERATE_INCOME_YOY":33.5134529245,"GROSS_PROFIT":578304000,"GROSS_PROFIT_YOY":32.696967471914,"HOLDER_PROFIT":46002000,"HOLDER_PROFIT_YOY":-65.3724557389,"GROSS_PROFIT_RATIO":23.454509395326,"EPS_TTM":0.036440458264,"OPERATE_INCOME_QOQ":14.557226561443,"NET_PROFIT_RATIO":1.8881905354,"ROE_AVG":1.379343224294,"GROSS_PROFIT_QOQ":15.565406033648,"ROA":0.572480396199,"HOLDER_PROFIT_QOQ":-58.417246830121,"ROE_YEARLY":2.758686448587,"ROIC_YEARLY":1.257470347541,"TOTAL_ASSETS":8113195000,"TOTAL_LIABILITIES":4784608000,"TAX_EBT":53.480750207336,"OCF_SALES":-3.666511061424,"TOTAL_PARENT_EQUITY":3334592000,"DEBT_ASSET_RATIO":58.9731665515,"OPERATE_PROFIT":229110000,"PRETAX_PROFIT":100079000,"NETCASH_OPERATE":-90403000,"NETCASH_INVEST":-76068000,"NETCASH_FINANCE":-71980000,"END_CASH":610085000,"DIVI_RATIO":null,"DIVIDEND_RATE":null,"CURRENT_RATIO":1.161398989706,"COMMON_ACS":30000000000,"CURRENTDEBT_DEBT":94.218711334346,"ISSUED_COMMON_SHARES":1696438600,"HK_COMMON_SHARES":1696438600,"PER_SHARES":1000,"TOTAL_MARKET_CAP":191697561.8,"HKSK_MARKET_CAP":191697561.8,"PE_TTM":2.724413115721,"PB_TTM":0.05246774739,"REPORT_DATE_SQ":"2023-06-30 00:00:00","REPORT_TYPE_SQ":"2023年中报","OPERATE_INCOME_SQ":1846736000,"DPS_HKD":null,"OPERATE_INCOME_QOQ_SQ":10.790754368619,"NET_PROFIT_RATIO_SQ":7.1478555294,"HOLDER_PROFIT_SQ":132848000,"HOLDER_PROFIT_QOQ_SQ":64.296759732153,"ROE_AVG_SQ":4.320864525261,"PE_TTM_SQ":1.443178446428,"PB_TTM_SQ":0.098108562366,"ROA_SQ":1.814834254854,"START_DATE":"2024-01-01 00:00:00","FISCAL_YEAR":"12-31","CURRENCY":"HKD","IS_CNY_CODE":0,"DPS_HKD_LY":null,"ORG_TYPE":"一般企业","PREMIUM_INCOME":null,"PREMIUM_INCOME_YOY":null,"NET_INTEREST_INCOME":null,"NET_INTEREST_INCOME_YOY":null,"FEE_COMMISSION_INCOME":null,"FEE_COMMISSION_INCOME_YOY":null,"ACCOUNTS_RECE_TDAYS":0.939174099703,"INVENTORY_TDAYS":1.686948593902,"CURRENT_ASSETS_TDAYS":0.475252114491,"TOTAL_ASSETS_TDAYS":0.306841253981,"PREMIUM_EXPENSE":null,"LOAN_DEPOSIT":null,"LOAN_EQUITY":null,"LOAN_ASSETS":null,"DEPOSIT_EQUITY":null,"DEPOSIT_ASSETS":null,"EQUITY_MULTIPLIER":2.437429155373,"EQUITY_RATIO":1.434840604188},{"SECUCODE":"01623.HK","SECURITY_CODE":"01623","SECURITY_NAME_ABBR":"海隆控股","ORG_CODE":"10158291","STD_REPORT_DATE":"2023-12-31 00:00:00","REPORT_DATE":"2023-12-31 00:00:00","DATE_TYPE_CODE":"001","REPORT_TYPE":"2023年年报","PER_NETCASH_OPERATE":0.129517802766,"PER_OI":2.506150826797,"BPS":1.966200839806,"BASIC_EPS":0.0876,"DILUTED_EPS":0.0876,"OPERATE_INCOME":4251531000,"OPERATE_INCOME_YOY":38.3549821586,"GROSS_PROFIT":915466000,"GROSS_PROFIT_YOY":33.619313123057,"HOLDER_PROFIT":148665000,"HOLDER_PROFIT_YOY":40.759922739,"GROSS_PROFIT_RATIO":21.532619661012,"EPS_TTM":0.08763358721,"OPERATE_INCOME_QOQ":2.713113963977,"NET_PROFIT_RATIO":4.0345701349,"ROE_AVG":4.490268517544,"GROSS_PROFIT_QOQ":-28.001554060218,"ROA":1.886737377808,"HOLDER_PROFIT_QOQ":-35.814851113251,"ROE_YEARLY":4.490268517544,"ROIC_YEARLY":2.106501567992,"TOTAL_ASSETS":7957923000,"TOTAL_LIABILITIES":4628918000,"TAX_EBT":29.283316894819,"OCF_SALES":5.167997128564,"TOTAL_PARENT_EQUITY":3335539000,"DEBT_ASSET_RATIO":58.1674137837,"OPERATE_PROFIT":434509000,"PRETAX_PROFIT":276789000,"NETCASH_OPERATE":219719000,"NETCASH_INVEST":286355000,"NETCASH_FINANCE":-495466000,"END_CASH":840384000,"DIVI_RATIO":null,"DIVIDEND_RATE":null,"CURRENT_RATIO":1.16967613266,"COMMON_ACS":30000000000,"CURRENTDEBT_DEBT":94.943461949423,"ISSUED_COMMON_SHARES":1696438600,"HK_COMMON_SHARES":1696438600,"PER_SHARES":1000,"TOTAL_MARKET_CAP":191697561.8,"HKSK_MARKET_CAP":191697561.8,"PE_TTM":2.724413115721,"PB_TTM":0.05246774739,"REPORT_DATE_SQ":"2022-12-31 00:00:00","REPORT_TYPE_SQ":"2022年年报","OPERATE_INCOME_SQ":3072915000,"DPS_HKD":null,"OPERATE_INCOME_QOQ_SQ":22.530919061097,"NET_PROFIT_RATIO_SQ":3.9012568795,"HOLDER_PROFIT_SQ":105616000,"HOLDER_PROFIT_QOQ_SQ":142.652070639265,"ROE_AVG_SQ":4.448129061877,"PE_TTM_SQ":1.787113496745,"PB_TTM_SQ":0.121489574892,"ROA_SQ":1.895751804649,"START_DATE":"2023-01-01 00:00:00","FISCAL_YEAR":"12-31","CURRENCY":"HKD","IS_CNY_CODE":0,"DPS_HKD_LY":null,"ORG_TYPE":"一般企业","PREMIUM_INCOME":null,"PREMIUM_INCOME_YOY":null,"NET_INTEREST_INCOME":null,"NET_INTEREST_INCOME_YOY":null,"FEE_COMMISSION_INCOME":null,"FEE_COMMISSION_INCOME_YOY":null,"ACCOUNTS_RECE_TDAYS":2.086081451037,"INVENTORY_TDAYS":2.965169711773,"CURRENT_ASSETS_TDAYS":0.871746991608,"TOTAL_ASSETS_TDAYS":0.539570339394,"PREMIUM_EXPENSE":null,"LOAN_DEPOSIT":null,"LOAN_EQUITY":null,"LOAN_ASSETS":null,"DEPOSIT_EQUITY":null,"DEPOSIT_ASSETS":null,"EQUITY_MULTIPLIER":2.390480939499,"EQUITY_RATIO":1.387757121113},{"SECUCODE":"01623.HK","SECURITY_CODE":"01623","SECURITY_NAME_ABBR":"海隆控股","ORG_CODE":"10158291","STD_REPORT_DATE":"2023-06-30 00:00:00","REPORT_DATE":"2023-06-30 00:00:00","DATE_TYPE_CODE":"002","REPORT_TYPE":"2023年中报","PER_NETCASH_OPERATE":0.104320899088,"PER_OI":1.088595838364,"BPS":2.011075437685,"BASIC_EPS":0.0783,"DILUTED_EPS":0.0783,"OPERATE_INCOME":1846736000,"OPERATE_INCOME_YOY":23.6696114412,"GROSS_PROFIT":435808000,"GROSS_PROFIT_YOY":-4.610899285142,"HOLDER_PROFIT":132848000,"HOLDER_PROFIT_YOY":167.6773095564,"GROSS_PROFIT_RATIO":31.402624580207,"EPS_TTM":0.136532498141,"OPERATE_INCOME_QOQ":10.790754368619,"NET_PROFIT_RATIO":7.1478555294,"ROE_AVG":4.320864525261,"GROSS_PROFIT_QOQ":19.175682502608,"ROA":1.814834254854,"HOLDER_PROFIT_QOQ":64.296759732153,"ROE_YEARLY":8.641729050521,"ROIC_YEARLY":4.058654870938,"TOTAL_ASSETS":8145443000,"TOTAL_LIABILITIES":4696656000,"TAX_EBT":67.757833752575,"OCF_SALES":8.401751998914,"TOTAL_PARENT_EQUITY":3411666000,"DEBT_ASSET_RATIO":57.6599210135,"OPERATE_PROFIT":301288000,"PRETAX_PROFIT":87857000,"NETCASH_OPERATE":212928000,"NETCASH_INVEST":65729000,"NETCASH_FINANCE":-227203000,"END_CASH":840020000,"DIVI_RATIO":null,"DIVIDEND_RATE":null,"CURRENT_RATIO":2.425188615638,"COMMON_ACS":30000000000,"CURRENTDEBT_DEBT":43.262908758913,"ISSUED_COMMON_SHARES":1696438600,"HK_COMMON_SHARES":1696438600,"PER_SHARES":1000,"TOTAL_MARKET_CAP":191697561.8,"HKSK_MARKET_CAP":191697561.8,"PE_TTM":2.724413115721,"PB_TTM":0.05246774739,"REPORT_DATE_SQ":"2022-06-30 00:00:00","REPORT_TYPE_SQ":"2022年中报","OPERATE_INCOME_SQ":1703243000,"DPS_HKD":null,"OPERATE_INCOME_QOQ_SQ":4.531077622233,"NET_PROFIT_RATIO_SQ":3.285731983,"HOLDER_PROFIT_SQ":54058000,"HOLDER_PROFIT_QOQ_SQ":31.297882438021,"ROE_AVG_SQ":1.687446026497,"PE_TTM_SQ":1.685956129005,"PB_TTM_SQ":0.114612806502,"ROA_SQ":0.72550488271,"START_DATE":"2023-01-01 00:00:00","FISCAL_YEAR":"12-31","CURRENCY":"HKD","IS_CNY_CODE":0,"DPS_HKD_LY":null,"ORG_TYPE":"一般企业","PREMIUM_INCOME":null,"PREMIUM_INCOME_YOY":null,"NET_INTEREST_INCOME":null,"NET_INTEREST_INCOME_YOY":null,"FEE_COMMISSION_INCOME":null,"FEE_COMMISSION_INCOME_YOY":null,"ACCOUNTS_RECE_TDAYS":1.03044257614,"INVENTORY_TDAYS":1.148271133668,"CURRENT_ASSETS_TDAYS":0.441533902874,"TOTAL_ASSETS_TDAYS":0.264183107609,"PREMIUM_EXPENSE":null,"LOAN_DEPOSIT":null,"LOAN_EQUITY":null,"LOAN_ASSETS":null,"DEPOSIT_EQUITY":null,"DEPOSIT_ASSETS":null,"EQUITY_MULTIPLIER":2.36182837618,"EQUITY_RATIO":1.376645896755},{"SECUCODE":"01623.HK","SECURITY_CODE":"01623","SECURITY_NAME_ABBR":"海隆控股","ORG_CODE":"10158291","STD_REPORT_DATE":"2022-12-31 00:00:00","REPORT_DATE":"2022-12-31 00:00:00","DATE_TYPE_CODE":"001","REPORT_TYPE":"2022年年报","PER_NETCASH_OPERATE":0.327835619869,"PER_OI":1.81139181813,"BPS":1.958919114432,"BASIC_EPS":0.0622,"DILUTED_EPS":0.0622,"OPERATE_INCOME":3072915000,"OPERATE_INCOME_YOY":28.082890115,"GROSS_PROFIT":685130000,"GROSS_PROFIT_YOY":-23.731992755358,"HOLDER_PROFIT":105616000,"HOLDER_PROFIT_YOY":218.5970304414,"GROSS_PROFIT_RATIO":28.557192863746,"EPS_TTM":0.083101150846,"OPERATE_INCOME_QOQ":22.530919061097,"NET_PROFIT_RATIO":3.9012568795,"ROE_AVG":4.448129061877,"GROSS_PROFIT_QOQ":14.323569909295,"ROA":1.895751804649,"HOLDER_PROFIT_QOQ":142.652070639265,"ROE_YEARLY":4.448129061877,"ROIC_YEARLY":2.103106772769,"TOTAL_ASSETS":7892060000,"TOTAL_LIABILITIES":4574158000,"TAX_EBT":-203.526338702656,"OCF_SALES":14.886011480488,"TOTAL_PARENT_EQUITY":3286114000,"DEBT_ASSET_RATIO":56.9931753858,"OPERATE_PROFIT":465398000,"PRETAX_PROFIT":-13782000,"NETCASH_OPERATE":412235000,"NETCASH_INVEST":-138992000,"NETCASH_FINANCE":-136996000,"END_CASH":780483000,"DIVI_RATIO":null,"DIVIDEND_RATE":null,"CURRENT_RATIO":2.581550231352,"COMMON_ACS":30000000000,"CURRENTDEBT_DEBT":40.840434458101,"ISSUED_COMMON_SHARES":1696438600,"HK_COMMON_SHARES":1696438600,"PER_SHARES":1000,"TOTAL_MARKET_CAP":191697561.8,"HKSK_MARKET_CAP":191697561.8,"PE_TTM":2.724413115721,"PB_TTM":0.05246774739,"REPORT_DATE_SQ":"2021-12-31 00:00:00","REPORT_TYPE_SQ":"2021年年报","OPERATE_INCOME_SQ":2916922000,"DPS_HKD":null,"OPERATE_INCOME_QOQ_SQ":10.607115447036,"NET_PROFIT_RATIO_SQ":1.631685729,"HOLDER_PROFIT_SQ":44249000,"HOLDER_PROFIT_QOQ_SQ":120.412126691823,"ROE_AVG_SQ":1.45318082198,"PE_TTM_SQ":1.719675251585,"PB_TTM_SQ":0.116905062632,"ROA_SQ":0.612775247032,"START_DATE":"2022-01-01 00:00:00","FISCAL_YEAR":"12-31","CURRENCY":"HKD","IS_CNY_CODE":0,"DPS_HKD_LY":null,"ORG_TYPE":"一般企业","PREMIUM_INCOME":null,"PREMIUM_INCOME_YOY":null,"NET_INTEREST_INCOME":null,"NET_INTEREST_INCOME_YOY":null,"FEE_COMMISSION_INCOME":null,"FEE_COMMISSION_INCOME_YOY":null,"ACCOUNTS_RECE_TDAYS":1.838826278171,"INVENTORY_TDAYS":2.39920630462,"CURRENT_ASSETS_TDAYS":0.854937953075,"TOTAL_ASSETS_TDAYS":0.502403005534,"PREMIUM_EXPENSE":null,"LOAN_DEPOSIT":null,"LOAN_EQUITY":null,"LOAN_ASSETS":null,"DEPOSIT_EQUITY":null,"DEPOSIT_ASSETS":null,"EQUITY_MULTIPLIER":2.325212356343,"EQUITY_RATIO":1.391965707824},{"SECUCODE":"01623.HK","SECURITY_CODE":"01623","SECURITY_NAME_ABBR":"海隆控股","ORG_CODE":"10158291","STD_REPORT_DATE":"2022-06-30 00:00:00","REPORT_DATE":"2022-06-30 00:00:00","DATE_TYPE_CODE":"002","REPORT_TYPE":"2022年中报","PER_NETCASH_OPERATE":-0.003446042786,"PER_OI":1.004010991026,"BPS":1.999247128661,"BASIC_EPS":0.0319,"DILUTED_EPS":0.0319,"OPERATE_INCOME":1703243000,"OPERATE_INCOME_YOY":8.4125837404,"GROSS_PROFIT":456874000,"GROSS_PROFIT_YOY":8.277323272062,"HOLDER_PROFIT":54058000,"HOLDER_PROFIT_YOY":34.4425377403,"GROSS_PROFIT_RATIO":26.823770888828,"EPS_TTM":0.034247039651,"OPERATE_INCOME_QOQ":4.531077622233,"NET_PROFIT_RATIO":3.285731983,"ROE_AVG":1.687446026497,"GROSS_PROFIT_QOQ":3.887928453033,"ROA":0.72550488271,"HOLDER_PROFIT_QOQ":31.297882438021,"ROE_YEARLY":3.374892052993,"ROIC_YEARLY":1.578582463143,"TOTAL_ASSETS":7830368000,"TOTAL_LIABILITIES":4409609000,"TAX_EBT":19.909554067205,"OCF_SALES":-0.343227595827,"TOTAL_PARENT_EQUITY":3391600000,"DEBT_ASSET_RATIO":56.3141987707,"OPERATE_PROFIT":357716000,"PRETAX_PROFIT":69876000,"NETCASH_OPERATE":-5846000,"NETCASH_INVEST":-48831000,"NETCASH_FINANCE":-76256000,"END_CASH":519003000,"DIVI_RATIO":null,"DIVIDEND_RATE":null,"CURRENT_RATIO":2.82741651285,"COMMON_ACS":30000000000,"CURRENTDEBT_DEBT":37.902793649051,"ISSUED_COMMON_SHARES":1696438600,"HK_COMMON_SHARES":1696438600,"PER_SHARES":1000,"TOTAL_MARKET_CAP":191697561.8,"HKSK_MARKET_CAP":191697561.8,"PE_TTM":2.724413115721,"PB_TTM":0.05246774739,"REPORT_DATE_SQ":"2021-06-30 00:00:00","REPORT_TYPE_SQ":"2021年中报","OPERATE_INCOME_SQ":1571075000,"DPS_HKD":null,"OPERATE_INCOME_QOQ_SQ":0.539641644399,"NET_PROFIT_RATIO_SQ":2.6962430183,"HOLDER_PROFIT_SQ":40209000,"HOLDER_PROFIT_QOQ_SQ":27.451925329478,"ROE_AVG_SQ":1.309192708452,"PE_TTM_SQ":1.719675251585,"PB_TTM_SQ":0.116905062632,"ROA_SQ":0.552354585021,"START_DATE":"2022-01-01 00:00:00","FISCAL_YEAR":"12-31","CURRENCY":"HKD","IS_CNY_CODE":0,"DPS_HKD_LY":null,"ORG_TYPE":"一般企业","PREMIUM_INCOME":null,"PREMIUM_INCOME_YOY":null,"NET_INTEREST_INCOME":null,"NET_INTEREST_INCOME_YOY":null,"FEE_COMMISSION_INCOME":null,"FEE_COMMISSION_INCOME_YOY":null,"ACCOUNTS_RECE_TDAYS":0.90691159193,"INVENTORY_TDAYS":1.010332986928,"CURRENT_ASSETS_TDAYS":0.384820097983,"TOTAL_ASSETS_TDAYS":0.228589868834,"PREMIUM_EXPENSE":null,"LOAN_DEPOSIT":null,"LOAN_EQUITY":null,"LOAN_ASSETS":null,"DEPOSIT_EQUITY":null,"DEPOSIT_ASSETS":null,"EQUITY_MULTIPLIER":2.289073272918,"EQUITY_RATIO":1.300155973582},{"SECUCODE":"01623.HK","SECURITY_CODE":"01623","SECURITY_NAME_ABBR":"海隆控股","ORG_CODE":"10158291","STD_REPORT_DATE":"2021-12-31 00:00:00","REPORT_DATE":"2021-12-31 00:00:00","DATE_TYPE_CODE":"001","REPORT_TYPE":"2021年年报","PER_NETCASH_OPERATE":0.267510418591,"PER_OI":1.719438593298,"BPS":1.777535007751,"BASIC_EPS":0.0261,"DILUTED_EPS":0.0261,"OPERATE_INCOME":2916922000,"OPERATE_INCOME_YOY":11.2039975037,"GROSS_PROFIT":898319000,"GROSS_PROFIT_YOY":29.443948915175,"HOLDER_PROFIT":44249000,"HOLDER_PROFIT_YOY":114.8086049142,"GROSS_PROFIT_RATIO":30.796812530469,"EPS_TTM":0.026083466858,"OPERATE_INCOME_QOQ":10.607115447036,"NET_PROFIT_RATIO":1.631685729,"ROE_AVG":1.45318082198,"GROSS_PROFIT_QOQ":45.949471974005,"ROA":0.612775247032,"HOLDER_PROFIT_QOQ":120.412126691823,"ROE_YEARLY":1.45318082198,"ROIC_YEARLY":0.678420029068,"TOTAL_ASSETS":7071806000,"TOTAL_LIABILITIES":4028979000,"TAX_EBT":66.792950435365,"OCF_SALES":15.558009435974,"TOTAL_PARENT_EQUITY":3015479000,"DEBT_ASSET_RATIO":56.9724197751,"OPERATE_PROFIT":460347000,"PRETAX_PROFIT":143328000,"NETCASH_OPERATE":453815000,"NETCASH_INVEST":-23550000,"NETCASH_FINANCE":-492445000,"END_CASH":628805000,"DIVI_RATIO":null,"DIVIDEND_RATE":null,"CURRENT_RATIO":2.743469271069,"COMMON_ACS":30000000000,"CURRENTDEBT_DEBT":37.332535116217,"ISSUED_COMMON_SHARES":1696438600,"HK_COMMON_SHARES":1696438600,"PER_SHARES":1000,"TOTAL_MARKET_CAP":191697561.8,"HKSK_MARKET_CAP":191697561.8,"PE_TTM":2.724413115721,"PB_TTM":0.05246774739,"REPORT_DATE_SQ":"2020-12-31 00:00:00","REPORT_TYPE_SQ":"2020年年报","OPERATE_INCOME_SQ":2623037000,"DPS_HKD":null,"OPERATE_INCOME_QOQ_SQ":-21.636270154177,"NET_PROFIT_RATIO_SQ":-11.3874489761,"HOLDER_PROFIT_SQ":-298806000,"HOLDER_PROFIT_QOQ_SQ":-2074.24143200175,"ROE_AVG_SQ":-8.870051457436,"PE_TTM_SQ":1.719675251585,"PB_TTM_SQ":0.116905062632,"ROA_SQ":-3.755885422153,"START_DATE":"2021-01-01 00:00:00","FISCAL_YEAR":"12-31","CURRENCY":"HKD","IS_CNY_CODE":0,"DPS_HKD_LY":null,"ORG_TYPE":"一般企业","PREMIUM_INCOME":null,"PREMIUM_INCOME_YOY":null,"NET_INTEREST_INCOME":null,"NET_INTEREST_INCOME_YOY":null,"FEE_COMMISSION_INCOME":null,"FEE_COMMISSION_INCOME_YOY":null,"ACCOUNTS_RECE_TDAYS":1.743748759556,"INVENTORY_TDAYS":1.967318930129,"CURRENT_ASSETS_TDAYS":0.709728491787,"TOTAL_ASSETS_TDAYS":0.4039453093,"PREMIUM_EXPENSE":null,"LOAN_DEPOSIT":null,"LOAN_EQUITY":null,"LOAN_ASSETS":null,"DEPOSIT_EQUITY":null,"DEPOSIT_ASSETS":null,"EQUITY_MULTIPLIER":2.324090722214,"EQUITY_RATIO":1.33609917363},{"SECUCODE":"01623.HK","SECURITY_CODE":"01623","SECURITY_NAME_ABBR":"海隆控股","ORG_CODE":"10158291","STD_REPORT_DATE":"2021-06-30 00:00:00","REPORT_DATE":"2021-06-30 00:00:00","DATE_TYPE_CODE":"002","REPORT_TYPE":"2021年中报","PER_NETCASH_OPERATE":0.173264154683,"PER_OI":0.926101893697,"BPS":1.808548803358,"BASIC_EPS":0.0237,"DILUTED_EPS":0.0237,"OPERATE_INCOME":1571075000,"OPERATE_INCOME_YOY":0.9091668165,"GROSS_PROFIT":421948000,"GROSS_PROFIT_YOY":-15.683081184019,"HOLDER_PROFIT":40209000,"HOLDER_PROFIT_YOY":196.1500753246,"GROSS_PROFIT_RATIO":26.857279251468,"EPS_TTM":-0.12778417091,"OPERATE_INCOME_QOQ":0.539641644399,"NET_PROFIT_RATIO":2.6962430183,"ROE_AVG":1.309192708452,"GROSS_PROFIT_QOQ":-11.309066648607,"ROA":0.552354585021,"HOLDER_PROFIT_QOQ":27.451925329478,"ROE_YEARLY":2.618385416904,"ROIC_YEARLY":1.240262398672,"TOTAL_ASSETS":7188769000,"TOTAL_LIABILITIES":4074098000,"TAX_EBT":44.004547317215,"OCF_SALES":18.708973155324,"TOTAL_PARENT_EQUITY":3068092000,"DEBT_ASSET_RATIO":56.6730966039,"OPERATE_PROFIT":191169000,"PRETAX_PROFIT":75649000,"NETCASH_OPERATE":293932000,"NETCASH_INVEST":86543000,"NETCASH_FINANCE":-271583000,"END_CASH":803357000,"DIVI_RATIO":null,"DIVIDEND_RATE":null,"CURRENT_RATIO":2.633057677214,"COMMON_ACS":30000000000,"CURRENTDEBT_DEBT":38.466674095714,"ISSUED_COMMON_SHARES":1696438600,"HK_COMMON_SHARES":1696438600,"PER_SHARES":1000,"TOTAL_MARKET_CAP":191697561.8,"HKSK_MARKET_CAP":191697561.8,"PE_TTM":2.724413115721,"PB_TTM":0.05246774739,"REPORT_DATE_SQ":"2020-06-30 00:00:00","REPORT_TYPE_SQ":"2020年中报","OPERATE_INCOME_SQ":1556920000,"DPS_HKD":null,"OPERATE_INCOME_QOQ_SQ":-8.291912175272,"NET_PROFIT_RATIO_SQ":-2.5386660843,"HOLDER_PROFIT_SQ":-41819000,"HOLDER_PROFIT_QOQ_SQ":-107.772398737685,"ROE_AVG_SQ":-1.156540952748,"PE_TTM_SQ":1.719675251585,"PB_TTM_SQ":0.116905062632,"ROA_SQ":-0.495024189529,"START_DATE":"2021-01-01 00:00:00","FISCAL_YEAR":"12-31","CURRENCY":"HKD","IS_CNY_CODE":0,"DPS_HKD_LY":null,"ORG_TYPE":"一般企业","PREMIUM_INCOME":null,"PREMIUM_INCOME_YOY":null,"NET_INTEREST_INCOME":null,"NET_INTEREST_INCOME_YOY":null,"FEE_COMMISSION_INCOME":null,"FEE_COMMISSION_INCOME_YOY":null,"ACCOUNTS_RECE_TDAYS":0.932184030806,"INVENTORY_TDAYS":1.213024266249,"CURRENT_ASSETS_TDAYS":0.382267526561,"TOTAL_ASSETS_TDAYS":0.215819960621,"PREMIUM_EXPENSE":null,"LOAN_DEPOSIT":null,"LOAN_EQUITY":null,"LOAN_ASSETS":null,"DEPOSIT_EQUITY":null,"DEPOSIT_ASSETS":null,"EQUITY_MULTIPLIER":2.308034781203,"EQUITY_RATIO":1.327893035802},{"SECUCODE":"01623.HK","SECURITY_CODE":"01623","SECURITY_NAME_ABBR":"海隆控股","ORG_CODE":"10158291","STD_REPORT_DATE":"2020-12-31 00:00:00","REPORT_DATE":"2020-12-31 00:00:00","DATE_TYPE_CODE":"001","REPORT_TYPE":"2020年年报","PER_NETCASH_OPERATE":0.012101823196,"PER_OI":1.546202143714,"BPS":1.812309623231,"BASIC_EPS":-0.1761,"DILUTED_EPS":-0.1761,"OPERATE_INCOME":2623037000,"OPERATE_INCOME_YOY":-28.1341218103,"GROSS_PROFIT":693983000,"GROSS_PROFIT_YOY":-40.23472654134,"HOLDER_PROFIT":-298806000,"HOLDER_PROFIT_YOY":-268.9907136151,"GROSS_PROFIT_RATIO":26.457232589552,"EPS_TTM":-0.176137232435,"OPERATE_INCOME_QOQ":-21.636270154177,"NET_PROFIT_RATIO":-11.3874489761,"ROE_AVG":-8.870051457436,"GROSS_PROFIT_QOQ":-34.017420208088,"ROA":-3.755885422153,"HOLDER_PROFIT_QOQ":-2074.24143200175,"ROE_YEARLY":-8.870051457436,"ROIC_YEARLY":-4.166471744868,"TOTAL_ASSETS":7370357000,"TOTAL_LIABILITIES":4252059000,"TAX_EBT":-29.98977304872,"OCF_SALES":0.782680534053,"TOTAL_PARENT_EQUITY":3074472000,"DEBT_ASSET_RATIO":57.69135742,"OPERATE_PROFIT":-144233000,"PRETAX_PROFIT":-229785000,"NETCASH_OPERATE":20530000,"NETCASH_INVEST":-24755000,"NETCASH_FINANCE":-56618000,"END_CASH":697463000,"DIVI_RATIO":null,"DIVIDEND_RATE":null,"CURRENT_RATIO":0.992438367164,"COMMON_ACS":30000000000,"CURRENTDEBT_DEBT":97.000206253018,"ISSUED_COMMON_SHARES":1696438600,"HK_COMMON_SHARES":1696438600,"PER_SHARES":1000,"TOTAL_MARKET_CAP":191697561.8,"HKSK_MARKET_CAP":191697561.8,"PE_TTM":2.724413115721,"PB_TTM":0.05246774739,"REPORT_DATE_SQ":"2019-12-31 00:00:00","REPORT_TYPE_SQ":"2019年年报","OPERATE_INCOME_SQ":3649906000,"DPS_HKD":null,"OPERATE_INCOME_QOQ_SQ":2.029973544204,"NET_PROFIT_RATIO_SQ":5.1568725332,"HOLDER_PROFIT_SQ":176818000,"HOLDER_PROFIT_QOQ_SQ":-22.006281207545,"ROE_AVG_SQ":5.072006264782,"PE_TTM_SQ":1.719675251585,"PB_TTM_SQ":0.116905062632,"ROA_SQ":2.150980542907,"START_DATE":"2020-01-01 00:00:00","FISCAL_YEAR":"12-31","CURRENCY":"HKD","IS_CNY_CODE":0,"DPS_HKD_LY":0.02,"ORG_TYPE":"一般企业","PREMIUM_INCOME":null,"PREMIUM_INCOME_YOY":null,"NET_INTEREST_INCOME":null,"NET_INTEREST_INCOME_YOY":null,"FEE_COMMISSION_INCOME":null,"FEE_COMMISSION_INCOME_YOY":null,"ACCOUNTS_RECE_TDAYS":1.303978569914,"INVENTORY_TDAYS":2.072731609723,"CURRENT_ASSETS_TDAYS":0.598391801943,"TOTAL_ASSETS_TDAYS":0.329706445991,"PREMIUM_EXPENSE":null,"LOAN_DEPOSIT":null,"LOAN_EQUITY":null,"LOAN_ASSETS":null,"DEPOSIT_EQUITY":null,"DEPOSIT_ASSETS":null,"EQUITY_MULTIPLIER":2.363583275235,"EQUITY_RATIO":1.383020889441},{"SECUCODE":"01623.HK","SECURITY_CODE":"01623","SECURITY_NAME_ABBR":"海隆控股","ORG_CODE":"10158291","STD_REPORT_DATE":"2020-06-30 00:00:00","REPORT_DATE":"2020-06-30 00:00:00","DATE_TYPE_CODE":"002","REPORT_TYPE":"2020年中报","PER_NETCASH_OPERATE":0.01752082274,"PER_OI":0.917757943023,"BPS":2.103698890134,"BASIC_EPS":-0.0247,"DILUTED_EPS":-0.0247,"OPERATE_INCOME":1556920000,"OPERATE_INCOME_YOY":-16.275132867,"GROSS_PROFIT":500431000,"GROSS_PROFIT_YOY":-17.941280161353,"HOLDER_PROFIT":-41819000,"HOLDER_PROFIT_YOY":-128.1151255194,"GROSS_PROFIT_RATIO":32.142370834725,"EPS_TTM":-0.008101088952,"OPERATE_INCOME_QOQ":-8.291912175272,"NET_PROFIT_RATIO":-2.5386660843,"ROE_AVG":-1.156540952748,"GROSS_PROFIT_QOQ":-9.422648148738,"ROA":-0.495024189529,"HOLDER_PROFIT_QOQ":-107.772398737685,"ROE_YEARLY":-2.313081905495,"ROIC_YEARLY":-1.101804913951,"TOTAL_ASSETS":8354749000,"TOTAL_LIABILITIES":4740205000,"TAX_EBT":-115.500790578485,"OCF_SALES":1.909089741284,"TOTAL_PARENT_EQUITY":3568796000,"DEBT_ASSET_RATIO":56.7366536086,"OPERATE_PROFIT":151564000,"PRETAX_PROFIT":-18341000,"NETCASH_OPERATE":29723000,"NETCASH_INVEST":-23719000,"NETCASH_FINANCE":48578000,"END_CASH":841294000,"DIVI_RATIO":null,"DIVIDEND_RATE":null,"CURRENT_RATIO":1.037734950917,"COMMON_ACS":30000000000,"CURRENTDEBT_DEBT":94.397984897278,"ISSUED_COMMON_SHARES":1696438600,"HK_COMMON_SHARES":1696438600,"PER_SHARES":1000,"TOTAL_MARKET_CAP":191697561.8,"HKSK_MARKET_CAP":191697561.8,"PE_TTM":2.724413115721,"PB_TTM":0.05246774739,"REPORT_DATE_SQ":"2019-06-30 00:00:00","REPORT_TYPE_SQ":"2019年中报","OPERATE_INCOME_SQ":1859567000,"DPS_HKD":null,"OPERATE_INCOME_QOQ_SQ":11.012606690136,"NET_PROFIT_RATIO_SQ":8.0890874058,"HOLDER_PROFIT_SQ":148742000,"HOLDER_PROFIT_QOQ_SQ":52.417961422876,"ROE_AVG_SQ":4.385030836901,"PE_TTM_SQ":1.719675251585,"PB_TTM_SQ":0.116905062632,"ROA_SQ":1.842865891742,"START_DATE":"2020-01-01 00:00:00","FISCAL_YEAR":"12-31","CURRENCY":"HKD","IS_CNY_CODE":0,"DPS_HKD_LY":0.02,"ORG_TYPE":"一般企业","PREMIUM_INCOME":null,"PREMIUM_INCOME_YOY":null,"NET_INTEREST_INCOME":null,"NET_INTEREST_INCOME_YOY":null,"FEE_COMMISSION_INCOME":null,"FEE_COMMISSION_INCOME_YOY":null,"ACCOUNTS_RECE_TDAYS":0.681944109246,"INVENTORY_TDAYS":1.159961001189,"CURRENT_ASSETS_TDAYS":0.334205345714,"TOTAL_ASSETS_TDAYS":0.184297343591,"PREMIUM_EXPENSE":null,"LOAN_DEPOSIT":null,"LOAN_EQUITY":null,"LOAN_ASSETS":null,"DEPOSIT_EQUITY":null,"DEPOSIT_ASSETS":null,"EQUITY_MULTIPLIER":2.311425452283,"EQUITY_RATIO":1.328236469667}],"count":34},"success":true,"message":"ok","code":0}