{"version":"e0b70e4577dda53f2f0c3e0b2181b14d","result":{"pages":3,"data":[{"SECUCODE":"01629.HK","SECURITY_CODE":"01629","SECURITY_NAME_ABBR":"冠均国际控股","ORG_CODE":"10522305","STD_REPORT_DATE":"2024-06-30 00:00:00","REPORT_DATE":"2024-06-30 00:00:00","DATE_TYPE_CODE":"002","REPORT_TYPE":"2024年中报","PER_NETCASH_OPERATE":0.014158772509,"PER_OI":0.116632247622,"BPS":0.467259635888,"BASIC_EPS":0.0091,"DILUTED_EPS":0.0091,"OPERATE_INCOME":63692000,"OPERATE_INCOME_YOY":9.6285586423,"GROSS_PROFIT":9759000,"GROSS_PROFIT_YOY":-23.048415076486,"HOLDER_PROFIT":4964000,"HOLDER_PROFIT_YOY":-70.3056768559,"GROSS_PROFIT_RATIO":15.322175469447,"EPS_TTM":0.0100349293,"OPERATE_INCOME_QOQ":4.675224818641,"NET_PROFIT_RATIO":5.3994222194,"ROE_AVG":1.960563602792,"GROSS_PROFIT_QOQ":-12.888575334009,"ROA":1.136645955622,"HOLDER_PROFIT_QOQ":-68.200545465096,"ROE_YEARLY":3.921127205585,"ROIC_YEARLY":4.088440108553,"TOTAL_ASSETS":426559000,"TOTAL_LIABILITIES":89892000,"TAX_EBT":43.100595632032,"OCF_SALES":12.139672172329,"TOTAL_PARENT_EQUITY":255167000,"DEBT_ASSET_RATIO":21.0737553304,"OPERATE_PROFIT":6393000,"PRETAX_PROFIT":6044000,"NETCASH_OPERATE":7732000,"NETCASH_INVEST":-2000,"NETCASH_FINANCE":-6000000,"END_CASH":112230000,"DIVI_RATIO":null,"DIVIDEND_RATE":null,"CURRENT_RATIO":4.083146774223,"COMMON_ACS":1000000000,"CURRENTDEBT_DEBT":60.126596360077,"ISSUED_COMMON_SHARES":546092537,"HK_COMMON_SHARES":546092537,"PER_SHARES":4000,"TOTAL_MARKET_CAP":71538122.347,"HKSK_MARKET_CAP":71538122.347,"PE_TTM":11.312787860295,"PB_TTM":0.255877184368,"REPORT_DATE_SQ":"2023-06-30 00:00:00","REPORT_TYPE_SQ":"2023年中报","OPERATE_INCOME_SQ":58098000,"DPS_HKD":null,"OPERATE_INCOME_QOQ_SQ":14.782750930555,"NET_PROFIT_RATIO_SQ":8.3190213453,"HOLDER_PROFIT_SQ":16717000,"HOLDER_PROFIT_QOQ_SQ":415.115267507612,"ROE_AVG_SQ":6.912392853156,"PE_TTM_SQ":2.81942372514,"PB_TTM_SQ":0.342537908638,"ROA_SQ":3.738081608558,"START_DATE":"2024-01-01 00:00:00","FISCAL_YEAR":"12-31","CURRENCY":"HKD","IS_CNY_CODE":0,"DPS_HKD_LY":null,"ORG_TYPE":"一般企业","PREMIUM_INCOME":null,"PREMIUM_INCOME_YOY":null,"NET_INTEREST_INCOME":null,"NET_INTEREST_INCOME_YOY":null,"FEE_COMMISSION_INCOME":null,"FEE_COMMISSION_INCOME_YOY":null,"ACCOUNTS_RECE_TDAYS":1.540202645515,"INVENTORY_TDAYS":0.91807883157,"CURRENT_ASSETS_TDAYS":0.282100740774,"TOTAL_ASSETS_TDAYS":0.145840560446,"PREMIUM_EXPENSE":null,"LOAN_DEPOSIT":null,"LOAN_EQUITY":null,"LOAN_ASSETS":null,"DEPOSIT_EQUITY":null,"DEPOSIT_ASSETS":null,"EQUITY_MULTIPLIER":1.267005676231,"EQUITY_RATIO":0.352286933655},{"SECUCODE":"01629.HK","SECURITY_CODE":"01629","SECURITY_NAME_ABBR":"冠均国际控股","ORG_CODE":"10522305","STD_REPORT_DATE":"2023-12-31 00:00:00","REPORT_DATE":"2023-12-31 00:00:00","DATE_TYPE_CODE":"001","REPORT_TYPE":"2023年年报","PER_NETCASH_OPERATE":-0.072055553471,"PER_OI":0.219105722736,"BPS":0.460028260741,"BASIC_EPS":0.0316,"DILUTED_EPS":0.0316,"OPERATE_INCOME":119652000,"OPERATE_INCOME_YOY":83.5491194698,"GROSS_PROFIT":22679000,"GROSS_PROFIT_YOY":24.275302756315,"HOLDER_PROFIT":17233000,"HOLDER_PROFIT_YOY":287.3966942149,"GROSS_PROFIT_RATIO":18.954133654264,"EPS_TTM":0.031556922742,"OPERATE_INCOME_QOQ":-58.412434700098,"NET_PROFIT_RATIO":10.1828636379,"ROE_AVG":7.106069415408,"GROSS_PROFIT_QOQ":-59.83316212674,"ROA":3.84154544573,"HOLDER_PROFIT_QOQ":-40.530747463593,"ROE_YEARLY":7.106069415408,"ROIC_YEARLY":7.588671377018,"TOTAL_ASSETS":446888000,"TOTAL_LIABILITIES":112645000,"TAX_EBT":37.546541250245,"OCF_SALES":-32.88620332297,"TOTAL_PARENT_EQUITY":251218000,"DEBT_ASSET_RATIO":25.2065394461,"OPERATE_PROFIT":15972000,"PRETAX_PROFIT":15309000,"NETCASH_OPERATE":-39349000,"NETCASH_INVEST":-4007000,"NETCASH_FINANCE":-7139000,"END_CASH":111030000,"DIVI_RATIO":null,"DIVIDEND_RATE":null,"CURRENT_RATIO":3.015005485034,"COMMON_ACS":1000000000,"CURRENTDEBT_DEBT":67.976385991389,"ISSUED_COMMON_SHARES":546092537,"HK_COMMON_SHARES":546092537,"PER_SHARES":4000,"TOTAL_MARKET_CAP":81913880.55,"HKSK_MARKET_CAP":81913880.55,"PE_TTM":12.953573885834,"PB_TTM":0.292989142406,"REPORT_DATE_SQ":"2022-12-31 00:00:00","REPORT_TYPE_SQ":"2022年年报","OPERATE_INCOME_SQ":65188000,"DPS_HKD":null,"OPERATE_INCOME_QOQ_SQ":-41.796198340199,"NET_PROFIT_RATIO_SQ":-5.2793259315,"HOLDER_PROFIT_SQ":-9196000,"HOLDER_PROFIT_QOQ_SQ":11.957874581139,"ROE_AVG_SQ":-3.835662148071,"PE_TTM_SQ":2.935517643234,"PB_TTM_SQ":0.356642410759,"ROA_SQ":-1.643387135974,"START_DATE":"2023-01-01 00:00:00","FISCAL_YEAR":"12-31","CURRENCY":"HKD","IS_CNY_CODE":0,"DPS_HKD_LY":null,"ORG_TYPE":"一般企业","PREMIUM_INCOME":null,"PREMIUM_INCOME_YOY":null,"NET_INTEREST_INCOME":null,"NET_INTEREST_INCOME_YOY":null,"FEE_COMMISSION_INCOME":null,"FEE_COMMISSION_INCOME_YOY":null,"ACCOUNTS_RECE_TDAYS":5.717999569903,"INVENTORY_TDAYS":1.861929265389,"CURRENT_ASSETS_TDAYS":0.537686884075,"TOTAL_ASSETS_TDAYS":0.266725814236,"PREMIUM_EXPENSE":null,"LOAN_DEPOSIT":null,"LOAN_EQUITY":null,"LOAN_ASSETS":null,"DEPOSIT_EQUITY":null,"DEPOSIT_ASSETS":null,"EQUITY_MULTIPLIER":1.337015285286,"EQUITY_RATIO":0.448395417526},{"SECUCODE":"01629.HK","SECURITY_CODE":"01629","SECURITY_NAME_ABBR":"冠均国际控股","ORG_CODE":"10522305","STD_REPORT_DATE":"2023-06-30 00:00:00","REPORT_DATE":"2023-06-30 00:00:00","DATE_TYPE_CODE":"002","REPORT_TYPE":"2023年中报","PER_NETCASH_OPERATE":-0.145255601616,"PER_OI":0.106388562494,"BPS":0.457574464161,"BASIC_EPS":0.0306,"DILUTED_EPS":0.0306,"OPERATE_INCOME":58098000,"OPERATE_INCOME_YOY":26.8105088744,"GROSS_PROFIT":12682000,"GROSS_PROFIT_YOY":-71.305095483754,"HOLDER_PROFIT":16717000,"HOLDER_PROFIT_YOY":177.9093069861,"GROSS_PROFIT_RATIO":18.091303826864,"EPS_TTM":0.053064266652,"OPERATE_INCOME_QOQ":14.782750930555,"NET_PROFIT_RATIO":8.3190213453,"ROE_AVG":6.912392853156,"GROSS_PROFIT_QOQ":-18.11286275761,"ROA":3.738081608558,"HOLDER_PROFIT_QOQ":415.115267507612,"ROE_YEARLY":13.824785706311,"ROIC_YEARLY":13.998873692342,"TOTAL_ASSETS":444113000,"TOTAL_LIABILITIES":108298000,"TAX_EBT":30.256152687092,"OCF_SALES":-45.259926623721,"TOTAL_PARENT_EQUITY":249878000,"DEBT_ASSET_RATIO":24.3852352892,"OPERATE_PROFIT":10178000,"PRETAX_PROFIT":9955000,"NETCASH_OPERATE":-79323000,"NETCASH_INVEST":179000,"NETCASH_FINANCE":null,"END_CASH":81853000,"DIVI_RATIO":null,"DIVIDEND_RATE":null,"CURRENT_RATIO":3.125965417867,"COMMON_ACS":1000000000,"CURRENTDEBT_DEBT":64.082439195553,"ISSUED_COMMON_SHARES":546092537,"HK_COMMON_SHARES":546092537,"PER_SHARES":4000,"TOTAL_MARKET_CAP":81913880.55,"HKSK_MARKET_CAP":81913880.55,"PE_TTM":12.953573885834,"PB_TTM":0.292989142406,"REPORT_DATE_SQ":"2022-06-30 00:00:00","REPORT_TYPE_SQ":"2022年中报","OPERATE_INCOME_SQ":138207000,"DPS_HKD":null,"OPERATE_INCOME_QOQ_SQ":-12.542291648897,"NET_PROFIT_RATIO_SQ":-12.0416423874,"HOLDER_PROFIT_SQ":-21457000,"HOLDER_PROFIT_QOQ_SQ":-142.875908213949,"ROE_AVG_SQ":-9.189647566716,"PE_TTM_SQ":2.935517643234,"PB_TTM_SQ":0.356642410759,"ROA_SQ":-3.431766511288,"START_DATE":"2023-01-01 00:00:00","FISCAL_YEAR":"12-31","CURRENCY":"HKD","IS_CNY_CODE":0,"DPS_HKD_LY":null,"ORG_TYPE":"一般企业","PREMIUM_INCOME":null,"PREMIUM_INCOME_YOY":null,"NET_INTEREST_INCOME":null,"NET_INTEREST_INCOME_YOY":null,"FEE_COMMISSION_INCOME":null,"FEE_COMMISSION_INCOME_YOY":null,"ACCOUNTS_RECE_TDAYS":1.876338269253,"INVENTORY_TDAYS":2.584788793259,"CURRENT_ASSETS_TDAYS":0.813013900389,"TOTAL_ASSETS_TDAYS":0.391900413231,"PREMIUM_EXPENSE":null,"LOAN_DEPOSIT":null,"LOAN_EQUITY":null,"LOAN_ASSETS":null,"DEPOSIT_EQUITY":null,"DEPOSIT_ASSETS":null,"EQUITY_MULTIPLIER":1.322493039322,"EQUITY_RATIO":0.433403500908},{"SECUCODE":"01629.HK","SECURITY_CODE":"01629","SECURITY_NAME_ABBR":"冠均国际控股","ORG_CODE":"10522305","STD_REPORT_DATE":"2022-12-31 00:00:00","REPORT_DATE":"2022-12-31 00:00:00","DATE_TYPE_CODE":"001","REPORT_TYPE":"2022年年报","PER_NETCASH_OPERATE":0.014015939573,"PER_OI":0.119371710073,"BPS":0.428139892342,"BASIC_EPS":-0.0168,"DILUTED_EPS":-0.0168,"OPERATE_INCOME":65188000,"OPERATE_INCOME_YOY":-23.4092548003,"GROSS_PROFIT":18249000,"GROSS_PROFIT_YOY":-78.128932513573,"HOLDER_PROFIT":-9196000,"HOLDER_PROFIT_YOY":-137.7488608842,"GROSS_PROFIT_RATIO":27.508108690362,"EPS_TTM":-0.016839636832,"OPERATE_INCOME_QOQ":-41.796198340199,"NET_PROFIT_RATIO":-5.2793259315,"ROE_AVG":-3.835662148071,"GROSS_PROFIT_QOQ":-26.593989204842,"ROA":-1.643387135974,"HOLDER_PROFIT_QOQ":11.957874581139,"ROE_YEARLY":-3.835662148071,"ROIC_YEARLY":-2.938150588205,"TOTAL_ASSETS":450303000,"TOTAL_LIABILITIES":128425000,"TAX_EBT":99.82151963284,"OCF_SALES":3.053575204363,"TOTAL_PARENT_EQUITY":233804000,"DEBT_ASSET_RATIO":28.5196856339,"OPERATE_PROFIT":5983000,"PRETAX_PROFIT":3922000,"NETCASH_OPERATE":7654000,"NETCASH_INVEST":-15722000,"NETCASH_FINANCE":18956000,"END_CASH":160885000,"DIVI_RATIO":null,"DIVIDEND_RATE":null,"CURRENT_RATIO":3.377595912768,"COMMON_ACS":1000000000,"CURRENTDEBT_DEBT":49.380572318474,"ISSUED_COMMON_SHARES":546092537,"HK_COMMON_SHARES":546092537,"PER_SHARES":4000,"TOTAL_MARKET_CAP":81913880.55,"HKSK_MARKET_CAP":81913880.55,"PE_TTM":12.953573885834,"PB_TTM":0.292989142406,"REPORT_DATE_SQ":"2021-12-31 00:00:00","REPORT_TYPE_SQ":"2021年年报","OPERATE_INCOME_SQ":327268000,"DPS_HKD":null,"OPERATE_INCOME_QOQ_SQ":-7.743239723987,"NET_PROFIT_RATIO_SQ":4.9289825228,"HOLDER_PROFIT_SQ":24361000,"HOLDER_PROFIT_QOQ_SQ":153.998540298196,"ROE_AVG_SQ":13.25779530173,"PE_TTM_SQ":2.935517643234,"PB_TTM_SQ":0.356642410759,"ROA_SQ":4.421775807381,"START_DATE":"2022-01-01 00:00:00","FISCAL_YEAR":"12-31","CURRENCY":"HKD","IS_CNY_CODE":0,"DPS_HKD_LY":null,"ORG_TYPE":"一般企业","PREMIUM_INCOME":null,"PREMIUM_INCOME_YOY":null,"NET_INTEREST_INCOME":null,"NET_INTEREST_INCOME_YOY":null,"FEE_COMMISSION_INCOME":null,"FEE_COMMISSION_INCOME_YOY":null,"ACCOUNTS_RECE_TDAYS":1.372436734178,"INVENTORY_TDAYS":3.253639407667,"CURRENT_ASSETS_TDAYS":0.845520200504,"TOTAL_ASSETS_TDAYS":0.447940940998,"PREMIUM_EXPENSE":null,"LOAN_DEPOSIT":null,"LOAN_EQUITY":null,"LOAN_ASSETS":null,"DEPOSIT_EQUITY":null,"DEPOSIT_ASSETS":null,"EQUITY_MULTIPLIER":1.398986572552,"EQUITY_RATIO":0.549284871089},{"SECUCODE":"01629.HK","SECURITY_CODE":"01629","SECURITY_NAME_ABBR":"冠均国际控股","ORG_CODE":"10522305","STD_REPORT_DATE":"2022-06-30 00:00:00","REPORT_DATE":"2022-06-30 00:00:00","DATE_TYPE_CODE":"002","REPORT_TYPE":"2022年中报","PER_NETCASH_OPERATE":-0.117778573487,"PER_OI":0.253083480612,"BPS":0.405217037419,"BASIC_EPS":-0.0393,"DILUTED_EPS":-0.0393,"OPERATE_INCOME":138207000,"OPERATE_INCOME_YOY":-24.318024318,"GROSS_PROFIT":44196000,"GROSS_PROFIT_YOY":-18.654175332683,"HOLDER_PROFIT":-21457000,"HOLDER_PROFIT_YOY":-260.7386321073,"GROSS_PROFIT_RATIO":23.622325813702,"EPS_TTM":-0.019126794989,"OPERATE_INCOME_QOQ":-12.542291648897,"NET_PROFIT_RATIO":-12.0416423874,"ROE_AVG":-9.189647566716,"GROSS_PROFIT_QOQ":-8.678955453149,"ROA":-3.431766511288,"HOLDER_PROFIT_QOQ":-142.875908213949,"ROE_YEARLY":-18.379295133431,"ROIC_YEARLY":-10.489253245047,"TOTAL_ASSETS":581644000,"TOTAL_LIABILITIES":267621000,"TAX_EBT":31.875358989087,"OCF_SALES":-33.462707067344,"TOTAL_PARENT_EQUITY":221286000,"DEBT_ASSET_RATIO":46.0111339582,"OPERATE_PROFIT":36115000,"PRETAX_PROFIT":34820000,"NETCASH_OPERATE":-64318000,"NETCASH_INVEST":-1653000,"NETCASH_FINANCE":11377000,"END_CASH":95288000,"DIVI_RATIO":null,"DIVIDEND_RATE":null,"CURRENT_RATIO":1.402848281065,"COMMON_ACS":1000000000,"CURRENTDEBT_DEBT":80.23510860508,"ISSUED_COMMON_SHARES":546092537,"HK_COMMON_SHARES":546092537,"PER_SHARES":4000,"TOTAL_MARKET_CAP":81913880.55,"HKSK_MARKET_CAP":81913880.55,"PE_TTM":12.953573885834,"PB_TTM":0.292989142406,"REPORT_DATE_SQ":"2021-06-30 00:00:00","REPORT_TYPE_SQ":"2021年中报","OPERATE_INCOME_SQ":253968000,"DPS_HKD":null,"OPERATE_INCOME_QOQ_SQ":-6.146991125389,"NET_PROFIT_RATIO_SQ":5.5542430542,"HOLDER_PROFIT_SQ":13349000,"HOLDER_PROFIT_QOQ_SQ":1919.92409867173,"ROE_AVG_SQ":10.385417314994,"PE_TTM_SQ":2.935517643234,"PB_TTM_SQ":0.356642410759,"ROA_SQ":3.143289398551,"START_DATE":"2022-01-01 00:00:00","FISCAL_YEAR":"12-31","CURRENCY":"HKD","IS_CNY_CODE":0,"DPS_HKD_LY":null,"ORG_TYPE":"一般企业","PREMIUM_INCOME":null,"PREMIUM_INCOME_YOY":null,"NET_INTEREST_INCOME":null,"NET_INTEREST_INCOME_YOY":null,"FEE_COMMISSION_INCOME":null,"FEE_COMMISSION_INCOME_YOY":null,"ACCOUNTS_RECE_TDAYS":1.997903897305,"INVENTORY_TDAYS":1.68730532728,"CURRENT_ASSETS_TDAYS":0.565370026929,"TOTAL_ASSETS_TDAYS":0.307411556882,"PREMIUM_EXPENSE":null,"LOAN_DEPOSIT":null,"LOAN_EQUITY":null,"LOAN_ASSETS":null,"DEPOSIT_EQUITY":null,"DEPOSIT_ASSETS":null,"EQUITY_MULTIPLIER":1.852233753578,"EQUITY_RATIO":1.209389658632},{"SECUCODE":"01629.HK","SECURITY_CODE":"01629","SECURITY_NAME_ABBR":"冠均国际控股","ORG_CODE":"10522305","STD_REPORT_DATE":"2021-12-31 00:00:00","REPORT_DATE":"2021-12-31 00:00:00","DATE_TYPE_CODE":"001","REPORT_TYPE":"2021年年报","PER_NETCASH_OPERATE":0.130379002048,"PER_OI":0.59929037265,"BPS":0.449916421399,"BASIC_EPS":0.05,"DILUTED_EPS":0.05,"OPERATE_INCOME":327268000,"OPERATE_INCOME_YOY":-13.4142545907,"GROSS_PROFIT":83439000,"GROSS_PROFIT_YOY":-2.297396985984,"HOLDER_PROFIT":24361000,"HOLDER_PROFIT_YOY":4722.5806451613,"GROSS_PROFIT_RATIO":20.888520635075,"EPS_TTM":0.044609655598,"OPERATE_INCOME_QOQ":-7.743239723987,"NET_PROFIT_RATIO":4.9289825228,"ROE_AVG":13.25779530173,"GROSS_PROFIT_QOQ":9.661392809928,"ROA":4.421775807381,"HOLDER_PROFIT_QOQ":153.998540298196,"ROE_YEARLY":13.25779530173,"ROIC_YEARLY":6.165172255839,"TOTAL_ASSETS":668849000,"TOTAL_LIABILITIES":328728000,"TAX_EBT":30.599586492074,"OCF_SALES":14.459174596986,"TOTAL_PARENT_EQUITY":245696000,"DEBT_ASSET_RATIO":49.1483129974,"OPERATE_PROFIT":61314000,"PRETAX_PROFIT":58040000,"NETCASH_OPERATE":71199000,"NETCASH_INVEST":915000,"NETCASH_FINANCE":11302000,"END_CASH":149796000,"DIVI_RATIO":null,"DIVIDEND_RATE":null,"CURRENT_RATIO":1.253301960161,"COMMON_ACS":1000000000,"CURRENTDEBT_DEBT":91.920676060451,"ISSUED_COMMON_SHARES":546092537,"HK_COMMON_SHARES":546092537,"PER_SHARES":4000,"TOTAL_MARKET_CAP":81913880.55,"HKSK_MARKET_CAP":81913880.55,"PE_TTM":12.953573885834,"PB_TTM":0.292989142406,"REPORT_DATE_SQ":"2020-12-31 00:00:00","REPORT_TYPE_SQ":"2020年年报","OPERATE_INCOME_SQ":568701000,"DPS_HKD":null,"OPERATE_INCOME_QOQ_SQ":-3.348549635964,"NET_PROFIT_RATIO_SQ":-0.0838753581,"HOLDER_PROFIT_SQ":-527000,"HOLDER_PROFIT_QOQ_SQ":-113.318170331059,"ROE_AVG_SQ":-0.433586052845,"PE_TTM_SQ":2.935517643234,"PB_TTM_SQ":0.356642410759,"ROA_SQ":-0.130661588964,"START_DATE":"2021-01-01 00:00:00","FISCAL_YEAR":"12-31","CURRENCY":"HKD","IS_CNY_CODE":0,"DPS_HKD_LY":null,"ORG_TYPE":"一般企业","PREMIUM_INCOME":null,"PREMIUM_INCOME_YOY":null,"NET_INTEREST_INCOME":null,"NET_INTEREST_INCOME_YOY":null,"FEE_COMMISSION_INCOME":null,"FEE_COMMISSION_INCOME_YOY":null,"ACCOUNTS_RECE_TDAYS":2.531554702941,"INVENTORY_TDAYS":5.476676507803,"CURRENT_ASSETS_TDAYS":1.29806547874,"TOTAL_ASSETS_TDAYS":0.893782813684,"PREMIUM_EXPENSE":null,"LOAN_DEPOSIT":null,"LOAN_EQUITY":null,"LOAN_ASSETS":null,"DEPOSIT_EQUITY":null,"DEPOSIT_ASSETS":null,"EQUITY_MULTIPLIER":1.966503097427,"EQUITY_RATIO":1.337946079708},{"SECUCODE":"01629.HK","SECURITY_CODE":"01629","SECURITY_NAME_ABBR":"冠均国际控股","ORG_CODE":"10522305","STD_REPORT_DATE":"2021-06-30 00:00:00","REPORT_DATE":"2021-06-30 00:00:00","DATE_TYPE_CODE":"002","REPORT_TYPE":"2021年中报","PER_NETCASH_OPERATE":0.188506,"PER_OI":0.507936,"BPS":0.247707102432,"BASIC_EPS":0.0267,"DILUTED_EPS":0.0267,"OPERATE_INCOME":253968000,"OPERATE_INCOME_YOY":-12.0992918602,"GROSS_PROFIT":54331000,"GROSS_PROFIT_YOY":18.275426680599,"HOLDER_PROFIT":13349000,"HOLDER_PROFIT_YOY":313.153822346,"GROSS_PROFIT_RATIO":21.392852642853,"EPS_TTM":0.019182,"OPERATE_INCOME_QOQ":-6.146991125389,"NET_PROFIT_RATIO":5.5542430542,"ROE_AVG":10.385417314994,"GROSS_PROFIT_QOQ":9.830095666327,"ROA":3.143289398551,"HOLDER_PROFIT_QOQ":1919.92409867173,"ROE_YEARLY":20.770834629987,"ROIC_YEARLY":8.571763395186,"TOTAL_ASSETS":416349000,"TOTAL_LIABILITIES":279414000,"TAX_EBT":40.533704312634,"OCF_SALES":37.112155862156,"TOTAL_PARENT_EQUITY":135271000,"DEBT_ASSET_RATIO":67.1105250643,"OPERATE_PROFIT":28162000,"PRETAX_PROFIT":23721000,"NETCASH_OPERATE":94253000,"NETCASH_INVEST":335000,"NETCASH_FINANCE":-3608000,"END_CASH":157406000,"DIVI_RATIO":null,"DIVIDEND_RATE":null,"CURRENT_RATIO":1.332133668713,"COMMON_ACS":1000000000,"CURRENTDEBT_DEBT":99.740528391562,"ISSUED_COMMON_SHARES":546092537,"HK_COMMON_SHARES":546092537,"PER_SHARES":4000,"TOTAL_MARKET_CAP":81913880.55,"HKSK_MARKET_CAP":81913880.55,"PE_TTM":12.953573885834,"PB_TTM":0.292989142406,"REPORT_DATE_SQ":"2020-06-30 00:00:00","REPORT_TYPE_SQ":"2020年中报","OPERATE_INCOME_SQ":288926000,"DPS_HKD":null,"OPERATE_INCOME_QOQ_SQ":10.870470480278,"NET_PROFIT_RATIO_SQ":1.118279421,"HOLDER_PROFIT_SQ":3231000,"HOLDER_PROFIT_QOQ_SQ":-48.882573310942,"ROE_AVG_SQ":2.633015785056,"PE_TTM_SQ":2.935517643234,"PB_TTM_SQ":0.356642410759,"ROA_SQ":0.875205359041,"START_DATE":"2021-01-01 00:00:00","FISCAL_YEAR":"12-31","CURRENCY":"HKD","IS_CNY_CODE":0,"DPS_HKD_LY":null,"ORG_TYPE":"一般企业","PREMIUM_INCOME":null,"PREMIUM_INCOME_YOY":null,"NET_INTEREST_INCOME":null,"NET_INTEREST_INCOME_YOY":null,"FEE_COMMISSION_INCOME":null,"FEE_COMMISSION_INCOME_YOY":null,"ACCOUNTS_RECE_TDAYS":1.919013472567,"INVENTORY_TDAYS":2.923114091601,"CURRENT_ASSETS_TDAYS":0.676138231782,"TOTAL_ASSETS_TDAYS":0.598018519718,"PREMIUM_EXPENSE":null,"LOAN_DEPOSIT":null,"LOAN_EQUITY":null,"LOAN_ASSETS":null,"DEPOSIT_EQUITY":null,"DEPOSIT_ASSETS":null,"EQUITY_MULTIPLIER":3.040486362142,"EQUITY_RATIO":2.065586858972},{"SECUCODE":"01629.HK","SECURITY_CODE":"01629","SECURITY_NAME_ABBR":"冠均国际控股","ORG_CODE":"10522305","STD_REPORT_DATE":"2020-12-31 00:00:00","REPORT_DATE":"2020-12-31 00:00:00","DATE_TYPE_CODE":"001","REPORT_TYPE":"2020年年报","PER_NETCASH_OPERATE":0.14868,"PER_OI":1.137402,"BPS":0.223040953222,"BASIC_EPS":-0.001,"DILUTED_EPS":-0.001,"OPERATE_INCOME":568701000,"OPERATE_INCOME_YOY":7.1579177446,"GROSS_PROFIT":85401000,"GROSS_PROFIT_YOY":12.862768937992,"HOLDER_PROFIT":-527000,"HOLDER_PROFIT_YOY":-106.8079059553,"GROSS_PROFIT_RATIO":15.016854199307,"EPS_TTM":-0.001054,"OPERATE_INCOME_QOQ":-3.348549635964,"NET_PROFIT_RATIO":-0.0838753581,"ROE_AVG":-0.433586052845,"GROSS_PROFIT_QOQ":0.215919358813,"ROA":-0.130661588964,"HOLDER_PROFIT_QOQ":-113.318170331059,"ROE_YEARLY":-0.433586052845,"ROIC_YEARLY":-0.149800171687,"TOTAL_ASSETS":433016000,"TOTAL_LIABILITIES":310308000,"TAX_EBT":107.485875706215,"OCF_SALES":13.071895424837,"TOTAL_PARENT_EQUITY":121801000,"DEBT_ASSET_RATIO":71.6620171079,"OPERATE_PROFIT":22341000,"PRETAX_PROFIT":6372000,"NETCASH_OPERATE":74340000,"NETCASH_INVEST":-959000,"NETCASH_FINANCE":-42159000,"END_CASH":66459000,"DIVI_RATIO":null,"DIVIDEND_RATE":null,"CURRENT_RATIO":1.229513766425,"COMMON_ACS":1000000000,"CURRENTDEBT_DEBT":99.594274076079,"ISSUED_COMMON_SHARES":546092537,"HK_COMMON_SHARES":546092537,"PER_SHARES":4000,"TOTAL_MARKET_CAP":81913880.55,"HKSK_MARKET_CAP":81913880.55,"PE_TTM":12.953573885834,"PB_TTM":0.292989142406,"REPORT_DATE_SQ":"2019-12-31 00:00:00","REPORT_TYPE_SQ":"2019年年报","OPERATE_INCOME_SQ":530713000,"DPS_HKD":null,"OPERATE_INCOME_QOQ_SQ":53.147571543587,"NET_PROFIT_RATIO_SQ":1.4586038028,"HOLDER_PROFIT_SQ":7741000,"HOLDER_PROFIT_QOQ_SQ":482.468021068473,"ROE_AVG_SQ":6.620822962906,"PE_TTM_SQ":2.935517643234,"PB_TTM_SQ":0.356642410759,"ROA_SQ":2.321706803912,"START_DATE":"2020-01-01 00:00:00","FISCAL_YEAR":"12-31","CURRENCY":"HKD","IS_CNY_CODE":0,"DPS_HKD_LY":null,"ORG_TYPE":"一般企业","PREMIUM_INCOME":null,"PREMIUM_INCOME_YOY":null,"NET_INTEREST_INCOME":null,"NET_INTEREST_INCOME_YOY":null,"FEE_COMMISSION_INCOME":null,"FEE_COMMISSION_INCOME_YOY":null,"ACCOUNTS_RECE_TDAYS":3.710706350993,"INVENTORY_TDAYS":5.185872708446,"CURRENT_ASSETS_TDAYS":1.62381843646,"TOTAL_ASSETS_TDAYS":1.410007140519,"PREMIUM_EXPENSE":null,"LOAN_DEPOSIT":null,"LOAN_EQUITY":null,"LOAN_ASSETS":null,"DEPOSIT_EQUITY":null,"DEPOSIT_ASSETS":null,"EQUITY_MULTIPLIER":3.528832675945,"EQUITY_RATIO":2.547663812284},{"SECUCODE":"01629.HK","SECURITY_CODE":"01629","SECURITY_NAME_ABBR":"冠均国际控股","ORG_CODE":"10522305","STD_REPORT_DATE":"2020-06-30 00:00:00","REPORT_DATE":"2020-06-30 00:00:00","DATE_TYPE_CODE":"002","REPORT_TYPE":"2020年中报","PER_NETCASH_OPERATE":0.003638,"PER_OI":0.577852,"BPS":0.227313122941,"BASIC_EPS":0.0065,"DILUTED_EPS":0.0065,"OPERATE_INCOME":288926000,"OPERATE_INCOME_YOY":24.949077778,"GROSS_PROFIT":45936000,"GROSS_PROFIT_YOY":26.242888943854,"HOLDER_PROFIT":3231000,"HOLDER_PROFIT_YOY":-53.9415538133,"GROSS_PROFIT_RATIO":15.898880682251,"EPS_TTM":0.007914,"OPERATE_INCOME_QOQ":10.870470480278,"NET_PROFIT_RATIO":1.118279421,"ROE_AVG":2.633015785056,"GROSS_PROFIT_QOQ":12.619601416715,"ROA":0.875205359041,"HOLDER_PROFIT_QOQ":-48.882573310942,"ROE_YEARLY":5.266031570112,"ROIC_YEARLY":1.938918952168,"TOTAL_ASSETS":364693000,"TOTAL_LIABILITIES":240559000,"TAX_EBT":63.396397417016,"OCF_SALES":0.629572970242,"TOTAL_PARENT_EQUITY":124134000,"DEBT_ASSET_RATIO":65.9620557565,"OPERATE_PROFIT":16322000,"PRETAX_PROFIT":8827000,"NETCASH_OPERATE":1819000,"NETCASH_INVEST":144000,"NETCASH_FINANCE":-1914000,"END_CASH":36090000,"DIVI_RATIO":null,"DIVIDEND_RATE":null,"CURRENT_RATIO":1.328494852591,"COMMON_ACS":1000000000,"CURRENTDEBT_DEBT":99.575571897123,"ISSUED_COMMON_SHARES":546092537,"HK_COMMON_SHARES":546092537,"PER_SHARES":4000,"TOTAL_MARKET_CAP":81913880.55,"HKSK_MARKET_CAP":81913880.55,"PE_TTM":12.953573885834,"PB_TTM":0.292989142406,"REPORT_DATE_SQ":"2019-06-30 00:00:00","REPORT_TYPE_SQ":"2019年中报","OPERATE_INCOME_SQ":231235000,"DPS_HKD":null,"OPERATE_INCOME_QOQ_SQ":59.333949450782,"NET_PROFIT_RATIO_SQ":3.0337102947,"HOLDER_PROFIT_SQ":7015000,"HOLDER_PROFIT_QOQ_SQ":128.741349480969,"ROE_AVG_SQ":6.037914487982,"PE_TTM_SQ":2.935517643234,"PB_TTM_SQ":0.356642410759,"ROA_SQ":2.185075761233,"START_DATE":"2020-01-01 00:00:00","FISCAL_YEAR":"12-31","CURRENCY":"HKD","IS_CNY_CODE":0,"DPS_HKD_LY":null,"ORG_TYPE":"一般企业","PREMIUM_INCOME":null,"PREMIUM_INCOME_YOY":null,"NET_INTEREST_INCOME":null,"NET_INTEREST_INCOME_YOY":null,"FEE_COMMISSION_INCOME":null,"FEE_COMMISSION_INCOME_YOY":null,"ACCOUNTS_RECE_TDAYS":1.992551878237,"INVENTORY_TDAYS":2.747994051422,"CURRENT_ASSETS_TDAYS":0.904739985032,"TOTAL_ASSETS_TDAYS":0.782635665634,"PREMIUM_EXPENSE":null,"LOAN_DEPOSIT":null,"LOAN_EQUITY":null,"LOAN_ASSETS":null,"DEPOSIT_EQUITY":null,"DEPOSIT_ASSETS":null,"EQUITY_MULTIPLIER":2.937897755652,"EQUITY_RATIO":1.937897755651}],"count":20},"success":true,"message":"ok","code":0}