{"version":"84951be21dc0ecf8e6ccc853632cdf14","result":{"pages":3,"data":[{"SECUCODE":"01620.HK","SECURITY_CODE":"01620","SECURITY_NAME_ABBR":"富盈环球集团","ORG_CODE":"10738897","STD_REPORT_DATE":"2024-06-30 00:00:00","REPORT_DATE":"2024-06-30 00:00:00","DATE_TYPE_CODE":"002","REPORT_TYPE":"2024年中报","PER_NETCASH_OPERATE":0.004156496833,"PER_OI":0.038068643367,"BPS":0.014561048833,"BASIC_EPS":-0.02190432,"DILUTED_EPS":-0.02190432,"OPERATE_INCOME":45682372.04,"OPERATE_INCOME_YOY":32.2683790497,"GROSS_PROFIT":16557840.56,"GROSS_PROFIT_YOY":0.514926329225,"HOLDER_PROFIT":-26308913.68,"HOLDER_PROFIT_YOY":-4985.7627118644,"GROSS_PROFIT_RATIO":36.245579685533,"EPS_TTM":-0.020174531783,"OPERATE_INCOME_QOQ":11.505841163717,"NET_PROFIT_RATIO":-57.5909535892,"ROE_AVG":-83.039739582583,"GROSS_PROFIT_QOQ":0.211778552767,"ROA":-21.908500507317,"HOLDER_PROFIT_QOQ":-1015.82952092637,"ROE_YEARLY":-166.079479165166,"ROIC_YEARLY":-57.062543921293,"TOTAL_ASSETS":110749154.6,"TOTAL_LIABILITIES":93275896,"TAX_EBT":-45.674145947039,"OCF_SALES":10.918426467944,"TOTAL_PARENT_EQUITY":17473258.6,"DEBT_ASSET_RATIO":84.222670897,"OPERATE_PROFIT":-17962455.08,"PRETAX_PROFIT":-18060111.84,"NETCASH_OPERATE":4987796.2,"NETCASH_INVEST":-15515.56,"NETCASH_FINANCE":3271957.8,"END_CASH":31624362,"DIVI_RATIO":null,"DIVIDEND_RATE":null,"CURRENT_RATIO":0.985049700994,"COMMON_ACS":90000000000,"CURRENTDEBT_DEBT":97.845401174168,"ISSUED_COMMON_SHARES":1200000000,"HK_COMMON_SHARES":1200000000,"PER_SHARES":10000,"TOTAL_MARKET_CAP":58800000,"HKSK_MARKET_CAP":58800000,"PE_TTM":-2.218951658553,"PB_TTM":3.071297989031,"REPORT_DATE_SQ":"2023-06-30 00:00:00","REPORT_TYPE_SQ":"2023年中报","OPERATE_INCOME_SQ":34889567.16,"DPS_HKD":null,"OPERATE_INCOME_QOQ_SQ":29.746600529409,"NET_PROFIT_RATIO_SQ":1.5591142117,"HOLDER_PROFIT_SQ":543968.2,"HOLDER_PROFIT_QOQ_SQ":97.541036981028,"ROE_AVG_SQ":1.248373411762,"PE_TTM_SQ":342.056074766355,"PB_TTM_SQ":1.567216905389,"ROA_SQ":0.421601729282,"START_DATE":"2024-01-01 00:00:00","FISCAL_YEAR":"12-31","CURRENCY":"HKD","IS_CNY_CODE":0,"DPS_HKD_LY":null,"ORG_TYPE":"一般企业","PREMIUM_INCOME":null,"PREMIUM_INCOME_YOY":null,"NET_INTEREST_INCOME":null,"NET_INTEREST_INCOME_YOY":null,"FEE_COMMISSION_INCOME":null,"FEE_COMMISSION_INCOME_YOY":null,"ACCOUNTS_RECE_TDAYS":1.488387998454,"INVENTORY_TDAYS":null,"CURRENT_ASSETS_TDAYS":0.48667201439,"TOTAL_ASSETS_TDAYS":0.380415658049,"PREMIUM_EXPENSE":null,"LOAN_DEPOSIT":null,"LOAN_EQUITY":null,"LOAN_ASSETS":null,"DEPOSIT_EQUITY":null,"DEPOSIT_ASSETS":null,"EQUITY_MULTIPLIER":6.338208409495,"EQUITY_RATIO":5.338208409506},{"SECUCODE":"01620.HK","SECURITY_CODE":"01620","SECURITY_NAME_ABBR":"富盈环球集团","ORG_CODE":"10738897","STD_REPORT_DATE":"2023-12-31 00:00:00","REPORT_DATE":"2023-12-31 00:00:00","DATE_TYPE_CODE":"001","REPORT_TYPE":"2023年年报","PER_NETCASH_OPERATE":-0.018759509183,"PER_OI":0.078169026833,"BPS":0.037972128367,"BASIC_EPS":0.00181244,"DILUTED_EPS":0.00181244,"OPERATE_INCOME":93802832.2,"OPERATE_INCOME_YOY":126.1179194792,"GROSS_PROFIT":40053111.56,"GROSS_PROFIT_YOY":99.044486653804,"HOLDER_PROFIT":2643443.74,"HOLDER_PROFIT_YOY":121.1346181713,"GROSS_PROFIT_RATIO":42.699256110521,"EPS_TTM":0.002202869783,"OPERATE_INCOME_QOQ":76.803104709162,"NET_PROFIT_RATIO":2.8180852092,"ROE_AVG":5.947114110379,"GROSS_PROFIT_QOQ":55.256166319016,"ROA":2.123353982108,"HOLDER_PROFIT_QOQ":971.953454803575,"ROE_YEARLY":5.947114110379,"ROIC_YEARLY":2.852239893224,"TOTAL_ASSETS":128505620.88,"TOTAL_LIABILITIES":82939066.84,"TAX_EBT":43.370219374879,"OCF_SALES":-23.998647473674,"TOTAL_PARENT_EQUITY":45566554.04,"DEBT_ASSET_RATIO":64.5411977095,"OPERATE_PROFIT":4731374.62,"PRETAX_PROFIT":4667939.22,"NETCASH_OPERATE":-22511411.02,"NETCASH_INVEST":124152.14,"NETCASH_FINANCE":6576438.54,"END_CASH":23954113.26,"DIVI_RATIO":null,"DIVIDEND_RATE":null,"CURRENT_RATIO":1.22904054302,"COMMON_ACS":90000000000,"CURRENTDEBT_DEBT":95.295120298945,"ISSUED_COMMON_SHARES":1200000000,"HK_COMMON_SHARES":1200000000,"PER_SHARES":10000,"TOTAL_MARKET_CAP":68400000,"HKSK_MARKET_CAP":68400000,"PE_TTM":-2.581229480358,"PB_TTM":3.572734395404,"REPORT_DATE_SQ":"2022-12-31 00:00:00","REPORT_TYPE_SQ":"2022年年报","OPERATE_INCOME_SQ":40891220.79,"DPS_HKD":null,"OPERATE_INCOME_QOQ_SQ":-28.668791423575,"NET_PROFIT_RATIO_SQ":-30.150512266,"HOLDER_PROFIT_SQ":-12328912.54,"HOLDER_PROFIT_QOQ_SQ":73.139330828851,"ROE_AVG_SQ":-24.572054228718,"PE_TTM_SQ":386.915887850467,"PB_TTM_SQ":1.772753548719,"ROA_SQ":-9.572291538072,"START_DATE":"2023-01-01 00:00:00","FISCAL_YEAR":"12-31","CURRENCY":"HKD","IS_CNY_CODE":0,"DPS_HKD_LY":null,"ORG_TYPE":"一般企业","PREMIUM_INCOME":null,"PREMIUM_INCOME_YOY":null,"NET_INTEREST_INCOME":null,"NET_INTEREST_INCOME_YOY":null,"FEE_COMMISSION_INCOME":null,"FEE_COMMISSION_INCOME_YOY":null,"ACCOUNTS_RECE_TDAYS":5.937930243231,"INVENTORY_TDAYS":null,"CURRENT_ASSETS_TDAYS":1.084669391177,"TOTAL_ASSETS_TDAYS":0.753474016757,"PREMIUM_EXPENSE":null,"LOAN_DEPOSIT":null,"LOAN_EQUITY":null,"LOAN_ASSETS":null,"DEPOSIT_EQUITY":null,"DEPOSIT_ASSETS":null,"EQUITY_MULTIPLIER":2.820174217413,"EQUITY_RATIO":1.820174217414},{"SECUCODE":"01620.HK","SECURITY_CODE":"01620","SECURITY_NAME_ABBR":"富盈环球集团","ORG_CODE":"10738897","STD_REPORT_DATE":"2023-06-30 00:00:00","REPORT_DATE":"2023-06-30 00:00:00","DATE_TYPE_CODE":"002","REPORT_TYPE":"2023年中报","PER_NETCASH_OPERATE":0.004357892133,"PER_OI":0.0290746393,"BPS":0.03588576655,"BASIC_EPS":0.00046099,"DILUTED_EPS":0.00046099,"OPERATE_INCOME":34889567.16,"OPERATE_INCOME_YOY":42.4023481599,"GROSS_PROFIT":16473016.66,"GROSS_PROFIT_YOY":52.56142576798,"HOLDER_PROFIT":543968.2,"HOLDER_PROFIT_YOY":104.3944585133,"GROSS_PROFIT_RATIO":47.214734950584,"EPS_TTM":-0.000252636167,"OPERATE_INCOME_QOQ":29.746600529409,"NET_PROFIT_RATIO":1.5591142117,"ROE_AVG":1.248373411762,"GROSS_PROFIT_QOQ":28.203917031426,"ROA":0.421601729282,"HOLDER_PROFIT_QOQ":97.541036981028,"ROE_YEARLY":2.496746823524,"ROIC_YEARLY":1.29862268958,"TOTAL_ASSETS":135471131.3,"TOTAL_LIABILITIES":92408211.44,"TAX_EBT":66.553287981859,"OCF_SALES":14.98863696422,"TOTAL_PARENT_EQUITY":43062919.86,"DEBT_ASSET_RATIO":68.2124749039,"OPERATE_PROFIT":1650344.2,"PRETAX_PROFIT":1626372.72,"NETCASH_OPERATE":5229470.56,"NETCASH_INVEST":88510.08,"NETCASH_FINANCE":3767210.28,"END_CASH":50131740.52,"DIVI_RATIO":null,"DIVIDEND_RATE":null,"CURRENT_RATIO":1.185024933998,"COMMON_ACS":90000000000,"CURRENTDEBT_DEBT":95.23486450892,"ISSUED_COMMON_SHARES":1200000000,"HK_COMMON_SHARES":1200000000,"PER_SHARES":10000,"TOTAL_MARKET_CAP":68400000,"HKSK_MARKET_CAP":68400000,"PE_TTM":-2.581229480358,"PB_TTM":3.572734395404,"REPORT_DATE_SQ":"2022-06-30 00:00:00","REPORT_TYPE_SQ":"2022年中报","OPERATE_INCOME_SQ":22725819.06,"DPS_HKD":null,"OPERATE_INCOME_QOQ_SQ":25.604216507376,"NET_PROFIT_RATIO_SQ":-50.5230676601,"HOLDER_PROFIT_SQ":-11481780.94,"HOLDER_PROFIT_QOQ_SQ":25.906307700084,"ROE_AVG_SQ":-23.306195427639,"PE_TTM_SQ":386.915887850467,"PB_TTM_SQ":1.772753548719,"ROA_SQ":-9.138679771839,"START_DATE":"2023-01-01 00:00:00","FISCAL_YEAR":"12-31","CURRENCY":"HKD","IS_CNY_CODE":0,"DPS_HKD_LY":null,"ORG_TYPE":"一般企业","PREMIUM_INCOME":null,"PREMIUM_INCOME_YOY":null,"NET_INTEREST_INCOME":null,"NET_INTEREST_INCOME_YOY":null,"FEE_COMMISSION_INCOME":null,"FEE_COMMISSION_INCOME_YOY":null,"ACCOUNTS_RECE_TDAYS":6.981918819188,"INVENTORY_TDAYS":null,"CURRENT_ASSETS_TDAYS":0.384610302824,"TOTAL_ASSETS_TDAYS":0.270411061686,"PREMIUM_EXPENSE":null,"LOAN_DEPOSIT":null,"LOAN_EQUITY":null,"LOAN_ASSETS":null,"DEPOSIT_EQUITY":null,"DEPOSIT_ASSETS":null,"EQUITY_MULTIPLIER":3.145888196633,"EQUITY_RATIO":2.14588819663},{"SECUCODE":"01620.HK","SECURITY_CODE":"01620","SECURITY_NAME_ABBR":"富盈环球集团","ORG_CODE":"10738897","STD_REPORT_DATE":"2022-12-31 00:00:00","REPORT_DATE":"2022-12-31 00:00:00","DATE_TYPE_CODE":"001","REPORT_TYPE":"2022年年报","PER_NETCASH_OPERATE":-0.008363240375,"PER_OI":0.034076017325,"BPS":0.035593831933,"BASIC_EPS":-0.01071924,"DILUTED_EPS":-0.01071924,"OPERATE_INCOME":40891220.79,"OPERATE_INCOME_YOY":-17.9946974311,"GROSS_PROFIT":20122693.29,"GROSS_PROFIT_YOY":48.380687941786,"HOLDER_PROFIT":-12328912.54,"HOLDER_PROFIT_YOY":81.78386654,"GROSS_PROFIT_RATIO":49.210302116784,"EPS_TTM":-0.010274093783,"OPERATE_INCOME_QOQ":-28.668791423575,"NET_PROFIT_RATIO":-30.150512266,"ROE_AVG":-24.572054228718,"GROSS_PROFIT_QOQ":-2.916166505387,"ROA":-9.572291538072,"HOLDER_PROFIT_QOQ":73.139330828851,"ROE_YEARLY":-24.572054228718,"ROIC_YEARLY":-14.094819883071,"TOTAL_ASSETS":118760246.5,"TOTAL_LIABILITIES":76047648.18,"TAX_EBT":7.213445378151,"OCF_SALES":-24.542892719051,"TOTAL_PARENT_EQUITY":42712598.32,"DEBT_ASSET_RATIO":64.0345994735,"OPERATE_PROFIT":-12718378.26,"PRETAX_PROFIT":-13287391.25,"NETCASH_OPERATE":-10035888.45,"NETCASH_INVEST":9253383.93,"NETCASH_FINANCE":-1520345.54,"END_CASH":39107360.6,"DIVI_RATIO":null,"DIVIDEND_RATE":null,"CURRENT_RATIO":1.052427672956,"COMMON_ACS":90000000000,"CURRENTDEBT_DEBT":93.382197476919,"ISSUED_COMMON_SHARES":1200000000,"HK_COMMON_SHARES":1200000000,"PER_SHARES":10000,"TOTAL_MARKET_CAP":68400000,"HKSK_MARKET_CAP":68400000,"PE_TTM":-2.581229480358,"PB_TTM":3.572734395404,"REPORT_DATE_SQ":"2021-12-31 00:00:00","REPORT_TYPE_SQ":"2021年年报","OPERATE_INCOME_SQ":45640067.2,"DPS_HKD":null,"OPERATE_INCOME_QOQ_SQ":155.734417298412,"NET_PROFIT_RATIO_SQ":-135.7314320519,"HOLDER_PROFIT_SQ":-61947916.8,"HOLDER_PROFIT_QOQ_SQ":17.005581139671,"ROE_AVG_SQ":-84.947417987757,"PE_TTM_SQ":386.915887850467,"PB_TTM_SQ":1.772753548719,"ROA_SQ":-51.388342534692,"START_DATE":"2022-01-01 00:00:00","FISCAL_YEAR":"12-31","CURRENCY":"HKD","IS_CNY_CODE":0,"DPS_HKD_LY":null,"ORG_TYPE":"一般企业","PREMIUM_INCOME":null,"PREMIUM_INCOME_YOY":null,"NET_INTEREST_INCOME":null,"NET_INTEREST_INCOME_YOY":null,"FEE_COMMISSION_INCOME":null,"FEE_COMMISSION_INCOME_YOY":null,"ACCOUNTS_RECE_TDAYS":6.780271050878,"INVENTORY_TDAYS":null,"CURRENT_ASSETS_TDAYS":0.52644168569,"TOTAL_ASSETS_TDAYS":0.317483545673,"PREMIUM_EXPENSE":null,"LOAN_DEPOSIT":null,"LOAN_EQUITY":null,"LOAN_ASSETS":null,"DEPOSIT_EQUITY":null,"DEPOSIT_ASSETS":null,"EQUITY_MULTIPLIER":2.780450058559,"EQUITY_RATIO":1.780450058558},{"SECUCODE":"01620.HK","SECURITY_CODE":"01620","SECURITY_NAME_ABBR":"富盈环球集团","ORG_CODE":"10738897","STD_REPORT_DATE":"2022-06-30 00:00:00","REPORT_DATE":"2022-06-30 00:00:00","DATE_TYPE_CODE":"002","REPORT_TYPE":"2022年中报","PER_NETCASH_OPERATE":-0.004732051333,"PER_OI":0.01893818255,"BPS":0.036125363575,"BASIC_EPS":-0.009578128,"DILUTED_EPS":-0.009578128,"OPERATE_INCOME":22725819.06,"OPERATE_INCOME_YOY":100.2864033765,"GROSS_PROFIT":10797628.94,"GROSS_PROFIT_YOY":197.289155604806,"HOLDER_PROFIT":-11481780.94,"HOLDER_PROFIT_YOY":59.420903101,"GROSS_PROFIT_RATIO":47.512606306917,"EPS_TTM":-0.038249582383,"OPERATE_INCOME_QOQ":25.604216507376,"NET_PROFIT_RATIO":-50.5230676601,"ROE_AVG":-23.306195427639,"GROSS_PROFIT_QOQ":52.837689449109,"ROA":-9.138679771839,"HOLDER_PROFIT_QOQ":25.906307700084,"ROE_YEARLY":-46.612390855278,"ROIC_YEARLY":-26.408080172304,"TOTAL_ASSETS":118361716.76,"TOTAL_LIABILITIES":75011280.47,"TAX_EBT":-7.167943805875,"OCF_SALES":-24.98682923158,"TOTAL_PARENT_EQUITY":43350436.29,"DEBT_ASSET_RATIO":63.3746134505,"OPERATE_PROFIT":-10297342.79,"PRETAX_PROFIT":-10713820.32,"NETCASH_OPERATE":-5678461.6,"NETCASH_INVEST":986889.26,"NETCASH_FINANCE":-677310.48,"END_CASH":35675961.23,"DIVI_RATIO":null,"DIVIDEND_RATE":null,"CURRENT_RATIO":0.96318942316,"COMMON_ACS":90000000000,"CURRENTDEBT_DEBT":91.923660118797,"ISSUED_COMMON_SHARES":1200000000,"HK_COMMON_SHARES":1200000000,"PER_SHARES":10000,"TOTAL_MARKET_CAP":68400000,"HKSK_MARKET_CAP":68400000,"PE_TTM":-2.581229480358,"PB_TTM":3.572734395404,"REPORT_DATE_SQ":"2021-06-30 00:00:00","REPORT_TYPE_SQ":"2021年中报","OPERATE_INCOME_SQ":11040037.44,"DPS_HKD":null,"OPERATE_INCOME_QOQ_SQ":-58.909734742097,"NET_PROFIT_RATIO_SQ":-249.3668977992,"HOLDER_PROFIT_SQ":-27530198.88,"HOLDER_PROFIT_QOQ_SQ":-84.52645886357,"ROE_AVG_SQ":-33.7632916301,"PE_TTM_SQ":386.915887850467,"PB_TTM_SQ":1.772753548719,"ROA_SQ":-24.248776054645,"START_DATE":"2022-01-01 00:00:00","FISCAL_YEAR":"12-31","CURRENCY":"HKD","IS_CNY_CODE":0,"DPS_HKD_LY":null,"ORG_TYPE":"一般企业","PREMIUM_INCOME":null,"PREMIUM_INCOME_YOY":null,"NET_INTEREST_INCOME":null,"NET_INTEREST_INCOME_YOY":null,"FEE_COMMISSION_INCOME":null,"FEE_COMMISSION_INCOME_YOY":null,"ACCOUNTS_RECE_TDAYS":3.652030509173,"INVENTORY_TDAYS":null,"CURRENT_ASSETS_TDAYS":0.316538021727,"TOTAL_ASSETS_TDAYS":0.180881331936,"PREMIUM_EXPENSE":null,"LOAN_DEPOSIT":null,"LOAN_EQUITY":null,"LOAN_ASSETS":null,"DEPOSIT_EQUITY":null,"DEPOSIT_ASSETS":null,"EQUITY_MULTIPLIER":2.730346609853,"EQUITY_RATIO":1.730346609852},{"SECUCODE":"01620.HK","SECURITY_CODE":"01620","SECURITY_NAME_ABBR":"富盈环球集团","ORG_CODE":"10738897","STD_REPORT_DATE":"2021-12-31 00:00:00","REPORT_DATE":"2021-12-31 00:00:00","DATE_TYPE_CODE":"001","REPORT_TYPE":"2021年年报","PER_NETCASH_OPERATE":0.010623349333,"PER_OI":0.038033389333,"BPS":0.043961670667,"BASIC_EPS":-0.0515088,"DILUTED_EPS":-0.0515088,"OPERATE_INCOME":45640067.2,"OPERATE_INCOME_YOY":8.1716887898,"GROSS_PROFIT":13561531.2,"GROSS_PROFIT_YOY":-31.668627901607,"HOLDER_PROFIT":-61947916.8,"HOLDER_PROFIT_YOY":-57.6496535653,"GROSS_PROFIT_RATIO":29.714091218516,"EPS_TTM":-0.051623264,"OPERATE_INCOME_QOQ":155.734417298412,"NET_PROFIT_RATIO":-135.7314320519,"ROE_AVG":-84.947417987757,"GROSS_PROFIT_QOQ":1205.02862366781,"ROA":-51.388342534692,"HOLDER_PROFIT_QOQ":17.005581139671,"ROE_YEARLY":-84.947417987757,"ROIC_YEARLY":-70.142566191446,"TOTAL_ASSETS":127074662.4,"TOTAL_LIABILITIES":74320657.6,"TAX_EBT":-26.552086987022,"OCF_SALES":27.931639855254,"TOTAL_PARENT_EQUITY":52754004.8,"DEBT_ASSET_RATIO":58.4858194359,"OPERATE_PROFIT":-47668532.8,"PRETAX_PROFIT":-48950529.6,"NETCASH_OPERATE":12748019.2,"NETCASH_INVEST":2731601.6,"NETCASH_FINANCE":-284524.8,"END_CASH":39857182.4,"DIVI_RATIO":null,"DIVIDEND_RATE":null,"CURRENT_RATIO":1.081816874056,"COMMON_ACS":90000000000,"CURRENTDEBT_DEBT":91.767967349094,"ISSUED_COMMON_SHARES":1200000000,"HK_COMMON_SHARES":1200000000,"PER_SHARES":10000,"TOTAL_MARKET_CAP":68400000,"HKSK_MARKET_CAP":68400000,"PE_TTM":-2.581229480358,"PB_TTM":3.572734395404,"REPORT_DATE_SQ":"2020-12-31 00:00:00","REPORT_TYPE_SQ":"2020年年报","OPERATE_INCOME_SQ":43432832.2,"DPS_HKD":null,"OPERATE_INCOME_QOQ_SQ":-50.06657046431,"NET_PROFIT_RATIO_SQ":-93.1324484062,"HOLDER_PROFIT_SQ":-40450060.04,"HOLDER_PROFIT_QOQ_SQ":-540.121611524791,"ROE_AVG_SQ":-34.205778421485,"PE_TTM_SQ":386.915887850467,"PB_TTM_SQ":1.772753548719,"ROA_SQ":-24.518791737451,"START_DATE":"2021-01-01 00:00:00","FISCAL_YEAR":"12-31","CURRENCY":"HKD","IS_CNY_CODE":0,"DPS_HKD_LY":null,"ORG_TYPE":"一般企业","PREMIUM_INCOME":null,"PREMIUM_INCOME_YOY":null,"NET_INTEREST_INCOME":null,"NET_INTEREST_INCOME_YOY":null,"FEE_COMMISSION_INCOME":null,"FEE_COMMISSION_INCOME_YOY":null,"ACCOUNTS_RECE_TDAYS":7.189850592478,"INVENTORY_TDAYS":null,"CURRENT_ASSETS_TDAYS":0.614012220407,"TOTAL_ASSETS_TDAYS":0.378603111732,"PREMIUM_EXPENSE":null,"LOAN_DEPOSIT":null,"LOAN_EQUITY":null,"LOAN_ASSETS":null,"DEPOSIT_EQUITY":null,"DEPOSIT_ASSETS":null,"EQUITY_MULTIPLIER":2.408815461155,"EQUITY_RATIO":1.408815461153},{"SECUCODE":"01620.HK","SECURITY_CODE":"01620","SECURITY_NAME_ABBR":"富盈环球集团","ORG_CODE":"10738897","STD_REPORT_DATE":"2021-06-30 00:00:00","REPORT_DATE":"2021-06-30 00:00:00","DATE_TYPE_CODE":"002","REPORT_TYPE":"2021年中报","PER_NETCASH_OPERATE":0.0023880696,"PER_OI":0.0092000312,"BPS":0.0569440882,"BASIC_EPS":-0.02329824,"DILUTED_EPS":-0.02329824,"OPERATE_INCOME":11040037.44,"OPERATE_INCOME_YOY":-66.9102426615,"GROSS_PROFIT":3632029.2,"GROSS_PROFIT_YOY":-83.814174339792,"HOLDER_PROFIT":-27530198.88,"HOLDER_PROFIT_YOY":-553.7301151947,"GROSS_PROFIT_RATIO":32.898703647875,"EPS_TTM":-0.062200886167,"OPERATE_INCOME_QOQ":-58.909734742097,"NET_PROFIT_RATIO":-249.3668977992,"ROE_AVG":-33.7632916301,"GROSS_PROFIT_QOQ":-94.763994378426,"ROA":-24.248776054645,"HOLDER_PROFIT_QOQ":-84.52645886357,"ROE_YEARLY":-67.5265832602,"ROIC_YEARLY":-65.470483766443,"TOTAL_ASSETS":111022770.24,"TOTAL_LIABILITIES":42689864.4,"TAX_EBT":10.575961512473,"OCF_SALES":25.957190232138,"TOTAL_PARENT_EQUITY":68332905.84,"DEBT_ASSET_RATIO":38.4514494709,"OPERATE_PROFIT":-30634689.36,"PRETAX_PROFIT":-30786127.92,"NETCASH_OPERATE":2865683.52,"NETCASH_INVEST":4891798.32,"NETCASH_FINANCE":394405.92,"END_CASH":33824052,"DIVI_RATIO":null,"DIVIDEND_RATE":null,"CURRENT_RATIO":1.926122345454,"COMMON_ACS":90000000000,"CURRENTDEBT_DEBT":84.531722054381,"ISSUED_COMMON_SHARES":1200000000,"HK_COMMON_SHARES":1200000000,"PER_SHARES":10000,"TOTAL_MARKET_CAP":68400000,"HKSK_MARKET_CAP":68400000,"PE_TTM":-2.581229480358,"PB_TTM":3.572734395404,"REPORT_DATE_SQ":"2020-06-30 00:00:00","REPORT_TYPE_SQ":"2020年中报","OPERATE_INCOME_SQ":36626203.68,"DPS_HKD":null,"OPERATE_INCOME_QOQ_SQ":-13.411350041516,"NET_PROFIT_RATIO_SQ":18.1858991945,"HOLDER_PROFIT_SQ":6660804.48,"HOLDER_PROFIT_QOQ_SQ":-4.53199098415,"ROE_AVG_SQ":4.397844501337,"PE_TTM_SQ":386.915887850467,"PB_TTM_SQ":1.772753548719,"ROA_SQ":3.170758751438,"START_DATE":"2021-01-01 00:00:00","FISCAL_YEAR":"12-31","CURRENCY":"HKD","IS_CNY_CODE":0,"DPS_HKD_LY":null,"ORG_TYPE":"一般企业","PREMIUM_INCOME":null,"PREMIUM_INCOME_YOY":null,"NET_INTEREST_INCOME":null,"NET_INTEREST_INCOME_YOY":null,"FEE_COMMISSION_INCOME":null,"FEE_COMMISSION_INCOME_YOY":null,"ACCOUNTS_RECE_TDAYS":4.853850374977,"INVENTORY_TDAYS":null,"CURRENT_ASSETS_TDAYS":0.151532109777,"TOTAL_ASSETS_TDAYS":0.097241359092,"PREMIUM_EXPENSE":null,"LOAN_DEPOSIT":null,"LOAN_EQUITY":null,"LOAN_ASSETS":null,"DEPOSIT_EQUITY":null,"DEPOSIT_ASSETS":null,"EQUITY_MULTIPLIER":1.624733631261,"EQUITY_RATIO":0.62473363126},{"SECUCODE":"01620.HK","SECURITY_CODE":"01620","SECURITY_NAME_ABBR":"富盈环球集团","ORG_CODE":"10738897","STD_REPORT_DATE":"2020-12-31 00:00:00","REPORT_DATE":"2020-12-31 00:00:00","DATE_TYPE_CODE":"001","REPORT_TYPE":"2020年年报","PER_NETCASH_OPERATE":-0.033460099567,"PER_OI":0.036194026833,"BPS":0.0798611155,"BASIC_EPS":-0.0336656,"DILUTED_EPS":-0.0336656,"OPERATE_INCOME":43432832.2,"OPERATE_INCOME_YOY":-53.9820404669,"GROSS_PROFIT":19846712.84,"GROSS_PROFIT_YOY":-72.425557020859,"HOLDER_PROFIT":-40450060.04,"HOLDER_PROFIT_YOY":-547.2038708477,"GROSS_PROFIT_RATIO":45.695184575138,"EPS_TTM":-0.033708383367,"OPERATE_INCOME_QOQ":-50.06657046431,"NET_PROFIT_RATIO":-93.1324484062,"ROE_AVG":-34.205778421485,"GROSS_PROFIT_QOQ":-65.890279315082,"ROA":-24.518791737451,"HOLDER_PROFIT_QOQ":-540.121611524791,"ROE_YEARLY":-34.205778421485,"ROIC_YEARLY":-33.104422096708,"TOTAL_ASSETS":117375114.4,"TOTAL_LIABILITIES":21541775.8,"TAX_EBT":11.188927489098,"OCF_SALES":-92.446468365469,"TOTAL_PARENT_EQUITY":95833338.6,"DEBT_ASSET_RATIO":18.3529327406,"OPERATE_PROFIT":-44915801.88,"PRETAX_PROFIT":-45546190.24,"NETCASH_OPERATE":-40152119.48,"NETCASH_INVEST":11366348.2,"NETCASH_FINANCE":-5297282.16,"END_CASH":25329155.8,"DIVI_RATIO":null,"DIVIDEND_RATE":null,"CURRENT_RATIO":4.838034865293,"COMMON_ACS":90000000000,"CURRENTDEBT_DEBT":73.959757765189,"ISSUED_COMMON_SHARES":1200000000,"HK_COMMON_SHARES":1200000000,"PER_SHARES":10000,"TOTAL_MARKET_CAP":68400000,"HKSK_MARKET_CAP":68400000,"PE_TTM":-2.581229480358,"PB_TTM":3.572734395404,"REPORT_DATE_SQ":"2019-12-31 00:00:00","REPORT_TYPE_SQ":"2019年年报","OPERATE_INCOME_SQ":100453664.98,"DPS_HKD":null,"OPERATE_INCOME_QOQ_SQ":-14.407939556298,"NET_PROFIT_RATIO_SQ":9.5834708091,"HOLDER_PROFIT_SQ":9626947.66,"HOLDER_PROFIT_QOQ_SQ":-32.095102460978,"ROE_AVG_SQ":6.552349596842,"PE_TTM_SQ":386.915887850467,"PB_TTM_SQ":1.772753548719,"ROA_SQ":4.120221365573,"START_DATE":"2020-01-01 00:00:00","FISCAL_YEAR":"12-31","CURRENCY":"HKD","IS_CNY_CODE":0,"DPS_HKD_LY":0.0054,"ORG_TYPE":"一般企业","PREMIUM_INCOME":null,"PREMIUM_INCOME_YOY":null,"NET_INTEREST_INCOME":null,"NET_INTEREST_INCOME_YOY":null,"FEE_COMMISSION_INCOME":null,"FEE_COMMISSION_INCOME_YOY":null,"ACCOUNTS_RECE_TDAYS":5.183827222501,"INVENTORY_TDAYS":null,"CURRENT_ASSETS_TDAYS":0.351754341121,"TOTAL_ASSETS_TDAYS":0.263267981859,"PREMIUM_EXPENSE":null,"LOAN_DEPOSIT":null,"LOAN_EQUITY":null,"LOAN_ASSETS":null,"DEPOSIT_EQUITY":null,"DEPOSIT_ASSETS":null,"EQUITY_MULTIPLIER":1.224783735125,"EQUITY_RATIO":0.224783735125},{"SECUCODE":"01620.HK","SECURITY_CODE":"01620","SECURITY_NAME_ABBR":"富盈环球集团","ORG_CODE":"10738897","STD_REPORT_DATE":"2020-06-30 00:00:00","REPORT_DATE":"2020-06-30 00:00:00","DATE_TYPE_CODE":"002","REPORT_TYPE":"2020年中报","PER_NETCASH_OPERATE":-0.0111919236,"PER_OI":0.0305218364,"BPS":0.1251953252,"BASIC_EPS":0.00548064,"DILUTED_EPS":0.00548064,"OPERATE_INCOME":36626203.68,"OPERATE_INCOME_YOY":-29.5950976261,"GROSS_PROFIT":22439567.04,"GROSS_PROFIT_YOY":-38.063021680683,"HOLDER_PROFIT":6660804.48,"HOLDER_PROFIT_YOY":-9.6182449182,"GROSS_PROFIT_RATIO":61.266428909894,"EPS_TTM":0.007658879383,"OPERATE_INCOME_QOQ":-13.411350041516,"NET_PROFIT_RATIO":18.1858991945,"ROE_AVG":4.397844501337,"GROSS_PROFIT_QOQ":-19.159575553683,"ROA":3.170758751438,"HOLDER_PROFIT_QOQ":-4.53199098415,"ROE_YEARLY":8.795689002675,"ROIC_YEARLY":8.754794907043,"TOTAL_ASSETS":189428273.76,"TOTAL_LIABILITIES":39193883.52,"TAX_EBT":22.990812123772,"OCF_SALES":-36.668578696661,"TOTAL_PARENT_EQUITY":150234390.24,"DEBT_ASSET_RATIO":20.6906195902,"OPERATE_PROFIT":8122308.48,"PRETAX_PROFIT":8649363.36,"NETCASH_OPERATE":-13430308.32,"NETCASH_INVEST":40191.36,"NETCASH_FINANCE":1132665.6,"END_CASH":50429195.52,"DIVI_RATIO":null,"DIVIDEND_RATE":null,"CURRENT_RATIO":4.487205162439,"COMMON_ACS":90000000000,"CURRENTDEBT_DEBT":83.78857089587,"ISSUED_COMMON_SHARES":1200000000,"HK_COMMON_SHARES":1200000000,"PER_SHARES":10000,"TOTAL_MARKET_CAP":68400000,"HKSK_MARKET_CAP":68400000,"PE_TTM":-2.581229480358,"PB_TTM":3.572734395404,"REPORT_DATE_SQ":"2019-06-30 00:00:00","REPORT_TYPE_SQ":"2019年中报","OPERATE_INCOME_SQ":50098396.32,"DPS_HKD":null,"OPERATE_INCOME_QOQ_SQ":-10.21256971533,"NET_PROFIT_RATIO_SQ":14.1663154937,"HOLDER_PROFIT_SQ":7097096.88,"HOLDER_PROFIT_QOQ_SQ":45.833385160366,"ROE_AVG_SQ":4.956504644419,"PE_TTM_SQ":386.915887850467,"PB_TTM_SQ":1.772753548719,"ROA_SQ":2.895902914747,"START_DATE":"2020-01-01 00:00:00","FISCAL_YEAR":"12-31","CURRENCY":"HKD","IS_CNY_CODE":0,"DPS_HKD_LY":0.0054,"ORG_TYPE":"一般企业","PREMIUM_INCOME":null,"PREMIUM_INCOME_YOY":null,"NET_INTEREST_INCOME":null,"NET_INTEREST_INCOME_YOY":null,"FEE_COMMISSION_INCOME":null,"FEE_COMMISSION_INCOME_YOY":null,"ACCOUNTS_RECE_TDAYS":2.858456603101,"INVENTORY_TDAYS":null,"CURRENT_ASSETS_TDAYS":0.220825818177,"TOTAL_ASSETS_TDAYS":0.174352596896,"PREMIUM_EXPENSE":null,"LOAN_DEPOSIT":null,"LOAN_EQUITY":null,"LOAN_ASSETS":null,"DEPOSIT_EQUITY":null,"DEPOSIT_ASSETS":null,"EQUITY_MULTIPLIER":1.260884897641,"EQUITY_RATIO":0.260884897642}],"count":19},"success":true,"message":"ok","code":0}