{"version":"3fa44e4d83354f5829772650fbfc7fde","result":{"pages":2,"data":[{"SECUCODE":"01621.HK","SECURITY_CODE":"01621","SECURITY_NAME_ABBR":"域高国际控股","ORG_CODE":"10685703","STD_REPORT_DATE":"2024-06-30 00:00:00","REPORT_DATE":"2024-09-30 00:00:00","DATE_TYPE_CODE":"002","REPORT_TYPE":"2024年中报","PER_NETCASH_OPERATE":0.03486590677,"PER_OI":0.73043366778,"BPS":0.20708615381,"BASIC_EPS":0.008657184,"DILUTED_EPS":0.008657184,"OPERATE_INCOME":730433667.78,"OPERATE_INCOME_YOY":11.4667422639,"GROSS_PROFIT":22016301.06,"GROSS_PROFIT_YOY":-18.17832770963,"HOLDER_PROFIT":8671612.64,"HOLDER_PROFIT_YOY":-21.8274936997,"GROSS_PROFIT_RATIO":3.014141054986,"EPS_TTM":0.01535061115,"OPERATE_INCOME_QOQ":0,"NET_PROFIT_RATIO":1.1871868758,"ROE_AVG":4.276990272694,"GROSS_PROFIT_QOQ":0,"ROA":3.409270194236,"HOLDER_PROFIT_QOQ":0,"ROE_YEARLY":8.553980545387,"ROIC_YEARLY":8.645169120671,"TOTAL_ASSETS":262365880.81,"TOTAL_LIABILITIES":55279727,"TAX_EBT":14.004650330889,"OCF_SALES":4.773315950231,"TOTAL_PARENT_EQUITY":207086153.81,"DEBT_ASSET_RATIO":21.0697087706,"OPERATE_PROFIT":10700640.14,"PRETAX_PROFIT":10083815.78,"NETCASH_OPERATE":34865906.77,"NETCASH_INVEST":-15758780.25,"NETCASH_FINANCE":703396.2,"END_CASH":50615669.12,"DIVI_RATIO":null,"DIVIDEND_RATE":null,"CURRENT_RATIO":2.820717410324,"COMMON_ACS":10000000000,"CURRENTDEBT_DEBT":93.230016313214,"ISSUED_COMMON_SHARES":1000000000,"HK_COMMON_SHARES":1000000000,"PER_SHARES":8000,"TOTAL_MARKET_CAP":66000000,"HKSK_MARKET_CAP":66000000,"PE_TTM":4.632229084784,"PB_TTM":0.287407626753,"REPORT_DATE_SQ":"2023-06-30 00:00:00","REPORT_TYPE_SQ":"2023年中报","OPERATE_INCOME_SQ":666803180.54,"DPS_HKD":null,"OPERATE_INCOME_QOQ_SQ":0,"NET_PROFIT_RATIO_SQ":1.6928183547,"HOLDER_PROFIT_SQ":11287766.63,"HOLDER_PROFIT_QOQ_SQ":0,"ROE_AVG_SQ":5.878881000571,"PE_TTM_SQ":5.768768528163,"PB_TTM_SQ":0.334275805396,"ROA_SQ":4.552216712308,"START_DATE":"2024-04-01 00:00:00","FISCAL_YEAR":"3-31","CURRENCY":"HKD","IS_CNY_CODE":0,"DPS_HKD_LY":null,"ORG_TYPE":"一般企业","PREMIUM_INCOME":null,"PREMIUM_INCOME_YOY":null,"NET_INTEREST_INCOME":null,"NET_INTEREST_INCOME_YOY":null,"FEE_COMMISSION_INCOME":null,"FEE_COMMISSION_INCOME_YOY":null,"ACCOUNTS_RECE_TDAYS":9.959203246035,"INVENTORY_TDAYS":74.183672505784,"CURRENT_ASSETS_TDAYS":5.343224014697,"TOTAL_ASSETS_TDAYS":2.871721599904,"PREMIUM_EXPENSE":null,"LOAN_DEPOSIT":null,"LOAN_EQUITY":null,"LOAN_ASSETS":null,"DEPOSIT_EQUITY":null,"DEPOSIT_ASSETS":null,"EQUITY_MULTIPLIER":1.26694072,"EQUITY_RATIO":0.26694072},{"SECUCODE":"01621.HK","SECURITY_CODE":"01621","SECURITY_NAME_ABBR":"域高国际控股","ORG_CODE":"10685703","STD_REPORT_DATE":"2023-12-31 00:00:00","REPORT_DATE":"2024-03-31 00:00:00","DATE_TYPE_CODE":"001","REPORT_TYPE":"2023年年报","PER_NETCASH_OPERATE":0.00916794015,"PER_OI":1.44602249365,"BPS":0.19946185065,"BASIC_EPS":0.015320695,"DILUTED_EPS":0.015320695,"OPERATE_INCOME":1446022493.65,"OPERATE_INCOME_YOY":56.8362802927,"GROSS_PROFIT":43821720.45,"GROSS_PROFIT_YOY":12.005258633154,"HOLDER_PROFIT":15350611.15,"HOLDER_PROFIT_YOY":92.5079581628,"GROSS_PROFIT_RATIO":3.030500607178,"EPS_TTM":0.01119521795,"OPERATE_INCOME_QOQ":0,"NET_PROFIT_RATIO":1.0615748522,"ROE_AVG":8.004008385467,"GROSS_PROFIT_QOQ":0,"ROA":6.342113838191,"HOLDER_PROFIT_QOQ":0,"ROE_YEARLY":8.004008385467,"ROIC_YEARLY":7.494467557759,"TOTAL_ASSETS":247642263.5,"TOTAL_LIABILITIES":48180412.85,"TAX_EBT":20.636482939633,"OCF_SALES":0.634010894731,"TOTAL_PARENT_EQUITY":199461850.65,"DEBT_ASSET_RATIO":19.4556503276,"OPERATE_PROFIT":20662087.6,"PRETAX_PROFIT":19342150.8,"NETCASH_OPERATE":9167940.15,"NETCASH_INVEST":3544610.5,"NETCASH_FINANCE":-11419810.35,"END_CASH":30967748,"DIVI_RATIO":null,"DIVIDEND_RATE":null,"CURRENT_RATIO":2.852547617134,"COMMON_ACS":10000000000,"CURRENTDEBT_DEBT":93.649688599545,"ISSUED_COMMON_SHARES":1000000000,"HK_COMMON_SHARES":1000000000,"PER_SHARES":8000,"TOTAL_MARKET_CAP":64000000,"HKSK_MARKET_CAP":64000000,"PE_TTM":4.491858506457,"PB_TTM":0.27869830473,"REPORT_DATE_SQ":"2022-12-31 00:00:00","REPORT_TYPE_SQ":"2022年年报","OPERATE_INCOME_SQ":890324360.17,"DPS_HKD":null,"OPERATE_INCOME_QOQ_SQ":0,"NET_PROFIT_RATIO_SQ":0.8648652901,"HOLDER_PROFIT_SQ":7700106.36,"HOLDER_PROFIT_QOQ_SQ":0,"ROE_AVG_SQ":4.426952267832,"PE_TTM_SQ":8.981355161437,"PB_TTM_SQ":0.366774842031,"ROA_SQ":3.326934896695,"START_DATE":"2023-04-01 00:00:00","FISCAL_YEAR":"3-31","CURRENCY":"HKD","IS_CNY_CODE":0,"DPS_HKD_LY":null,"ORG_TYPE":"一般企业","PREMIUM_INCOME":null,"PREMIUM_INCOME_YOY":null,"NET_INTEREST_INCOME":null,"NET_INTEREST_INCOME_YOY":null,"FEE_COMMISSION_INCOME":null,"FEE_COMMISSION_INCOME_YOY":null,"ACCOUNTS_RECE_TDAYS":20.242940721093,"INVENTORY_TDAYS":139.610434154707,"CURRENT_ASSETS_TDAYS":12.164088446242,"TOTAL_ASSETS_TDAYS":5.974250261243,"PREMIUM_EXPENSE":null,"LOAN_DEPOSIT":null,"LOAN_EQUITY":null,"LOAN_ASSETS":null,"DEPOSIT_EQUITY":null,"DEPOSIT_ASSETS":null,"EQUITY_MULTIPLIER":1.241552019561,"EQUITY_RATIO":0.241552019562},{"SECUCODE":"01621.HK","SECURITY_CODE":"01621","SECURITY_NAME_ABBR":"域高国际控股","ORG_CODE":"10685703","STD_REPORT_DATE":"2023-06-30 00:00:00","REPORT_DATE":"2023-09-30 00:00:00","DATE_TYPE_CODE":"002","REPORT_TYPE":"2023年中报","PER_NETCASH_OPERATE":0.01285140815,"PER_OI":0.66680318054,"BPS":0.19764924333,"BASIC_EPS":0.011286849,"DILUTED_EPS":0.011286849,"OPERATE_INCOME":666803180.54,"OPERATE_INCOME_YOY":44.0167272799,"GROSS_PROFIT":26907664.49,"GROSS_PROFIT_YOY":25.165699813307,"HOLDER_PROFIT":11287766.63,"HOLDER_PROFIT_YOY":42.769266481,"GROSS_PROFIT_RATIO":4.035323357068,"EPS_TTM":0.00770010636,"OPERATE_INCOME_QOQ":0,"NET_PROFIT_RATIO":1.6928183547,"ROE_AVG":5.878881000571,"GROSS_PROFIT_QOQ":0,"ROA":4.552216712308,"HOLDER_PROFIT_QOQ":0,"ROE_YEARLY":11.757762001142,"ROIC_YEARLY":11.080160243924,"TOTAL_ASSETS":256591371.12,"TOTAL_LIABILITIES":58942127.79,"TAX_EBT":27.247456825172,"OCF_SALES":1.927316564326,"TOTAL_PARENT_EQUITY":197649243.33,"DEBT_ASSET_RATIO":22.9712041885,"OPERATE_PROFIT":16175064.01,"PRETAX_PROFIT":15515288.04,"NETCASH_OPERATE":12851408.15,"NETCASH_INVEST":7029963.43,"NETCASH_FINANCE":-2283981.07,"END_CASH":47635090.93,"DIVI_RATIO":null,"DIVIDEND_RATE":null,"CURRENT_RATIO":2.297163338123,"COMMON_ACS":10000000000,"CURRENTDEBT_DEBT":96.42862702972,"ISSUED_COMMON_SHARES":1000000000,"HK_COMMON_SHARES":1000000000,"PER_SHARES":8000,"TOTAL_MARKET_CAP":64000000,"HKSK_MARKET_CAP":64000000,"PE_TTM":4.491858506457,"PB_TTM":0.27869830473,"REPORT_DATE_SQ":"2022-06-30 00:00:00","REPORT_TYPE_SQ":"2022年中报","OPERATE_INCOME_SQ":456348768.6,"DPS_HKD":null,"OPERATE_INCOME_QOQ_SQ":0,"NET_PROFIT_RATIO_SQ":1.707609525,"HOLDER_PROFIT_SQ":7792655.04,"HOLDER_PROFIT_QOQ_SQ":0,"ROE_AVG_SQ":4.338324890988,"PE_TTM_SQ":8.981355161437,"PB_TTM_SQ":0.366774842031,"ROA_SQ":3.238251659811,"START_DATE":"2023-04-01 00:00:00","FISCAL_YEAR":"3-31","CURRENCY":"HKD","IS_CNY_CODE":0,"DPS_HKD_LY":null,"ORG_TYPE":"一般企业","PREMIUM_INCOME":null,"PREMIUM_INCOME_YOY":null,"NET_INTEREST_INCOME":null,"NET_INTEREST_INCOME_YOY":null,"FEE_COMMISSION_INCOME":null,"FEE_COMMISSION_INCOME_YOY":null,"ACCOUNTS_RECE_TDAYS":10.078334558467,"INVENTORY_TDAYS":65.339423752635,"CURRENT_ASSETS_TDAYS":5.535008074099,"TOTAL_ASSETS_TDAYS":2.689134779069,"PREMIUM_EXPENSE":null,"LOAN_DEPOSIT":null,"LOAN_EQUITY":null,"LOAN_ASSETS":null,"DEPOSIT_EQUITY":null,"DEPOSIT_ASSETS":null,"EQUITY_MULTIPLIER":1.298215802889,"EQUITY_RATIO":0.298215802889},{"SECUCODE":"01621.HK","SECURITY_CODE":"01621","SECURITY_NAME_ABBR":"域高国际控股","ORG_CODE":"10685703","STD_REPORT_DATE":"2022-12-31 00:00:00","REPORT_DATE":"2023-03-31 00:00:00","DATE_TYPE_CODE":"001","REPORT_TYPE":"2022年年报","PER_NETCASH_OPERATE":0.00326352848,"PER_OI":0.89032436017,"BPS":0.1777870169,"BASIC_EPS":0.007703608,"DILUTED_EPS":0.007703608,"OPERATE_INCOME":890324360.17,"OPERATE_INCOME_YOY":-25.7435053485,"GROSS_PROFIT":39124699.13,"GROSS_PROFIT_YOY":10.95458533097,"HOLDER_PROFIT":7700106.36,"HOLDER_PROFIT_YOY":-4.0680554041,"GROSS_PROFIT_RATIO":4.394432060977,"EPS_TTM":0.00670410275,"OPERATE_INCOME_QOQ":0,"NET_PROFIT_RATIO":0.8648652901,"ROE_AVG":4.426952267832,"GROSS_PROFIT_QOQ":0,"ROA":3.326934896695,"HOLDER_PROFIT_QOQ":0,"ROE_YEARLY":4.426952267832,"ROIC_YEARLY":4.07227878165,"TOTAL_ASSETS":228320934.56,"TOTAL_LIABILITIES":50533917.66,"TAX_EBT":31.80338036905,"OCF_SALES":0.366555002424,"TOTAL_PARENT_EQUITY":177787016.9,"DEBT_ASSET_RATIO":22.1328446108,"OPERATE_PROFIT":12616408.92,"PRETAX_PROFIT":11291038.18,"NETCASH_OPERATE":3263528.48,"NETCASH_INVEST":-6139250.33,"NETCASH_FINANCE":-15390583.21,"END_CASH":28655670.94,"DIVI_RATIO":null,"DIVIDEND_RATE":null,"CURRENT_RATIO":2.203568680614,"COMMON_ACS":10000000000,"CURRENTDEBT_DEBT":94.560509995496,"ISSUED_COMMON_SHARES":1000000000,"HK_COMMON_SHARES":1000000000,"PER_SHARES":8000,"TOTAL_MARKET_CAP":67000000,"HKSK_MARKET_CAP":67000000,"PE_TTM":4.702414373947,"PB_TTM":0.291762287765,"REPORT_DATE_SQ":"2021-12-31 00:00:00","REPORT_TYPE_SQ":"2021年年报","OPERATE_INCOME_SQ":1110781193.27,"DPS_HKD":null,"OPERATE_INCOME_QOQ_SQ":0,"NET_PROFIT_RATIO_SQ":0.6694523399,"HOLDER_PROFIT_SQ":7436150.69,"HOLDER_PROFIT_QOQ_SQ":0,"ROE_AVG_SQ":4.709066583808,"PE_TTM_SQ":9.095043201455,"PB_TTM_SQ":0.371417561551,"ROA_SQ":3.568641569284,"START_DATE":"2022-04-01 00:00:00","FISCAL_YEAR":"3-31","CURRENCY":"HKD","IS_CNY_CODE":0,"DPS_HKD_LY":null,"ORG_TYPE":"一般企业","PREMIUM_INCOME":null,"PREMIUM_INCOME_YOY":null,"NET_INTEREST_INCOME":null,"NET_INTEREST_INCOME_YOY":null,"FEE_COMMISSION_INCOME":null,"FEE_COMMISSION_INCOME_YOY":null,"ACCOUNTS_RECE_TDAYS":16.850496632509,"INVENTORY_TDAYS":105.574809989142,"CURRENT_ASSETS_TDAYS":8.569465333687,"TOTAL_ASSETS_TDAYS":3.84676658314,"PREMIUM_EXPENSE":null,"LOAN_DEPOSIT":null,"LOAN_EQUITY":null,"LOAN_ASSETS":null,"DEPOSIT_EQUITY":null,"DEPOSIT_ASSETS":null,"EQUITY_MULTIPLIER":1.284238514945,"EQUITY_RATIO":0.284238514944},{"SECUCODE":"01621.HK","SECURITY_CODE":"01621","SECURITY_NAME_ABBR":"域高国际控股","ORG_CODE":"10685703","STD_REPORT_DATE":"2022-06-30 00:00:00","REPORT_DATE":"2022-09-30 00:00:00","DATE_TYPE_CODE":"002","REPORT_TYPE":"2022年中报","PER_NETCASH_OPERATE":-0.0018948018,"PER_OI":0.4563487686,"BPS":0.1835199204,"BASIC_EPS":0.007778184,"DILUTED_EPS":0.007778184,"OPERATE_INCOME":456348768.6,"OPERATE_INCOME_YOY":-18.9025203682,"GROSS_PROFIT":21497634.36,"GROSS_PROFIT_YOY":-6.072557774054,"HOLDER_PROFIT":7792655.04,"HOLDER_PROFIT_YOY":-15.8018176488,"GROSS_PROFIT_RATIO":4.710790482891,"EPS_TTM":0.00743615069,"OPERATE_INCOME_QOQ":0,"NET_PROFIT_RATIO":1.707609525,"ROE_AVG":4.338324890988,"GROSS_PROFIT_QOQ":0,"ROA":3.238251659811,"HOLDER_PROFIT_QOQ":0,"ROE_YEARLY":8.676649781976,"ROIC_YEARLY":7.836930717385,"TOTAL_ASSETS":238934959.2,"TOTAL_LIABILITIES":55415038.8,"TAX_EBT":15.998830067271,"OCF_SALES":-0.415209140547,"TOTAL_PARENT_EQUITY":183519920.4,"DEBT_ASSET_RATIO":23.1925202513,"OPERATE_PROFIT":10006724.16,"PRETAX_PROFIT":9276841.08,"NETCASH_OPERATE":-1894801.8,"NETCASH_INVEST":-1119696.72,"NETCASH_FINANCE":-12249735.36,"END_CASH":33213750.12,"DIVI_RATIO":null,"DIVIDEND_RATE":null,"CURRENT_RATIO":2.022252818174,"COMMON_ACS":10000000000,"CURRENTDEBT_DEBT":94.83433980741,"ISSUED_COMMON_SHARES":1000000000,"HK_COMMON_SHARES":1000000000,"PER_SHARES":8000,"TOTAL_MARKET_CAP":67000000,"HKSK_MARKET_CAP":67000000,"PE_TTM":4.702414373947,"PB_TTM":0.291762287765,"REPORT_DATE_SQ":"2021-06-30 00:00:00","REPORT_TYPE_SQ":"2021年中报","OPERATE_INCOME_SQ":518305773.26,"DPS_HKD":null,"OPERATE_INCOME_QOQ_SQ":0,"NET_PROFIT_RATIO_SQ":1.6447246818,"HOLDER_PROFIT_SQ":8524702.98,"HOLDER_PROFIT_QOQ_SQ":0,"ROE_AVG_SQ":5.110329277398,"PE_TTM_SQ":9.095043201455,"PB_TTM_SQ":0.371417561551,"ROA_SQ":4.071061567198,"START_DATE":"2022-04-01 00:00:00","FISCAL_YEAR":"3-31","CURRENCY":"HKD","IS_CNY_CODE":0,"DPS_HKD_LY":null,"ORG_TYPE":"一般企业","PREMIUM_INCOME":null,"PREMIUM_INCOME_YOY":null,"NET_INTEREST_INCOME":null,"NET_INTEREST_INCOME_YOY":null,"FEE_COMMISSION_INCOME":null,"FEE_COMMISSION_INCOME_YOY":null,"ACCOUNTS_RECE_TDAYS":8.329522661802,"INVENTORY_TDAYS":48.333350087962,"CURRENT_ASSETS_TDAYS":4.301821964175,"TOTAL_ASSETS_TDAYS":1.89636542332,"PREMIUM_EXPENSE":null,"LOAN_DEPOSIT":null,"LOAN_EQUITY":null,"LOAN_ASSETS":null,"DEPOSIT_EQUITY":null,"DEPOSIT_ASSETS":null,"EQUITY_MULTIPLIER":1.301956532452,"EQUITY_RATIO":0.301956532453},{"SECUCODE":"01621.HK","SECURITY_CODE":"01621","SECURITY_NAME_ABBR":"域高国际控股","ORG_CODE":"10685703","STD_REPORT_DATE":"2021-12-31 00:00:00","REPORT_DATE":"2022-03-31 00:00:00","DATE_TYPE_CODE":"001","REPORT_TYPE":"2021年年报","PER_NETCASH_OPERATE":0.02176426436,"PER_OI":1.11078119327,"BPS":0.15757437694,"BASIC_EPS":0.007461292,"DILUTED_EPS":0.007461292,"OPERATE_INCOME":1110781193.27,"OPERATE_INCOME_YOY":67.7695517006,"GROSS_PROFIT":35261903.79,"GROSS_PROFIT_YOY":-11.538332367239,"HOLDER_PROFIT":7436150.69,"HOLDER_PROFIT_YOY":-50.0054525627,"GROSS_PROFIT_RATIO":3.174513937006,"EPS_TTM":0.01271617778,"OPERATE_INCOME_QOQ":0,"NET_PROFIT_RATIO":0.6694523399,"ROE_AVG":4.709066583808,"GROSS_PROFIT_QOQ":0,"ROA":3.568641569284,"HOLDER_PROFIT_QOQ":0,"ROE_YEARLY":4.709066583808,"ROIC_YEARLY":4.550383499711,"TOTAL_ASSETS":217317428.59,"TOTAL_LIABILITIES":59743051.65,"TAX_EBT":22.689713322091,"OCF_SALES":1.959365579096,"TOTAL_PARENT_EQUITY":157574376.94,"DEBT_ASSET_RATIO":27.4911460335,"OPERATE_PROFIT":10553673.13,"PRETAX_PROFIT":9618578.6,"NETCASH_OPERATE":21764264.36,"NETCASH_INVEST":-31579107.38,"NETCASH_FINANCE":8501817.83,"END_CASH":43470136,"DIVI_RATIO":null,"DIVIDEND_RATE":null,"CURRENT_RATIO":1.682943307268,"COMMON_ACS":10000000000,"CURRENTDEBT_DEBT":94.438335708953,"ISSUED_COMMON_SHARES":1000000000,"HK_COMMON_SHARES":1000000000,"PER_SHARES":8000,"TOTAL_MARKET_CAP":67000000,"HKSK_MARKET_CAP":67000000,"PE_TTM":4.702414373947,"PB_TTM":0.291762287765,"REPORT_DATE_SQ":"2020-12-31 00:00:00","REPORT_TYPE_SQ":"2020年年报","OPERATE_INCOME_SQ":689982977.32,"DPS_HKD":null,"OPERATE_INCOME_QOQ_SQ":0,"NET_PROFIT_RATIO_SQ":2.2465193649,"HOLDER_PROFIT_SQ":15500601.2,"HOLDER_PROFIT_QOQ_SQ":0,"ROE_AVG_SQ":9.862601166949,"PE_TTM_SQ":9.095043201455,"PB_TTM_SQ":0.371417561551,"ROA_SQ":7.90813796553,"START_DATE":"2021-04-01 00:00:00","FISCAL_YEAR":"3-31","CURRENCY":"HKD","IS_CNY_CODE":0,"DPS_HKD_LY":0.01,"ORG_TYPE":"一般企业","PREMIUM_INCOME":null,"PREMIUM_INCOME_YOY":null,"NET_INTEREST_INCOME":null,"NET_INTEREST_INCOME_YOY":null,"FEE_COMMISSION_INCOME":null,"FEE_COMMISSION_INCOME_YOY":null,"ACCOUNTS_RECE_TDAYS":23.178659671687,"INVENTORY_TDAYS":177.910920311242,"CURRENT_ASSETS_TDAYS":11.166317454365,"TOTAL_ASSETS_TDAYS":5.330688021173,"PREMIUM_EXPENSE":null,"LOAN_DEPOSIT":null,"LOAN_EQUITY":null,"LOAN_ASSETS":null,"DEPOSIT_EQUITY":null,"DEPOSIT_ASSETS":null,"EQUITY_MULTIPLIER":1.379141918947,"EQUITY_RATIO":0.379141918948},{"SECUCODE":"01621.HK","SECURITY_CODE":"01621","SECURITY_NAME_ABBR":"域高国际控股","ORG_CODE":"10685703","STD_REPORT_DATE":"2021-06-30 00:00:00","REPORT_DATE":"2021-09-30 00:00:00","DATE_TYPE_CODE":"002","REPORT_TYPE":"2021年中报","PER_NETCASH_OPERATE":0.00086971464,"PER_OI":0.51830577326,"BPS":0.17107553548,"BASIC_EPS":0.008497212,"DILUTED_EPS":0.008497212,"OPERATE_INCOME":518305773.26,"OPERATE_INCOME_YOY":60.3864198804,"GROSS_PROFIT":22887490.44,"GROSS_PROFIT_YOY":-3.032658751443,"HOLDER_PROFIT":8524702.98,"HOLDER_PROFIT_YOY":-20.4895104895,"GROSS_PROFIT_RATIO":4.415827802967,"EPS_TTM":0.0155006012,"OPERATE_INCOME_QOQ":0,"NET_PROFIT_RATIO":1.6447246818,"ROE_AVG":5.110329277398,"GROSS_PROFIT_QOQ":0,"ROA":4.071061567198,"HOLDER_PROFIT_QOQ":0,"ROE_YEARLY":10.220658554795,"ROIC_YEARLY":10.110885777028,"TOTAL_ASSETS":213940637.78,"TOTAL_LIABILITIES":42865102.3,"TAX_EBT":11.792086889061,"OCF_SALES":0.167799527783,"TOTAL_PARENT_EQUITY":171075535.48,"DEBT_ASSET_RATIO":20.035979487,"OPERATE_PROFIT":10059199.5,"PRETAX_PROFIT":9664329.06,"NETCASH_OPERATE":869714.64,"NETCASH_INVEST":-10045037.48,"NETCASH_FINANCE":-2984853.98,"END_CASH":33840563.32,"DIVI_RATIO":null,"DIVIDEND_RATE":null,"CURRENT_RATIO":2.750466347906,"COMMON_ACS":10000000000,"CURRENTDEBT_DEBT":90.640365367797,"ISSUED_COMMON_SHARES":1000000000,"HK_COMMON_SHARES":1000000000,"PER_SHARES":8000,"TOTAL_MARKET_CAP":67000000,"HKSK_MARKET_CAP":67000000,"PE_TTM":4.702414373947,"PB_TTM":0.291762287765,"REPORT_DATE_SQ":"2020-06-30 00:00:00","REPORT_TYPE_SQ":"2020年中报","OPERATE_INCOME_SQ":340873062.4,"DPS_HKD":null,"OPERATE_INCOME_QOQ_SQ":0,"NET_PROFIT_RATIO_SQ":3.31769437,"HOLDER_PROFIT_SQ":11309126.4,"HOLDER_PROFIT_QOQ_SQ":0,"ROE_AVG_SQ":7.024342320707,"PE_TTM_SQ":9.095043201455,"PB_TTM_SQ":0.371417561551,"ROA_SQ":5.607110181676,"START_DATE":"2021-04-01 00:00:00","FISCAL_YEAR":"3-31","CURRENCY":"HKD","IS_CNY_CODE":0,"DPS_HKD_LY":0.01,"ORG_TYPE":"一般企业","PREMIUM_INCOME":null,"PREMIUM_INCOME_YOY":null,"NET_INTEREST_INCOME":null,"NET_INTEREST_INCOME_YOY":null,"FEE_COMMISSION_INCOME":null,"FEE_COMMISSION_INCOME_YOY":null,"ACCOUNTS_RECE_TDAYS":8.753047600959,"INVENTORY_TDAYS":73.473807758834,"CURRENT_ASSETS_TDAYS":4.850971097094,"TOTAL_ASSETS_TDAYS":2.475223733338,"PREMIUM_EXPENSE":null,"LOAN_DEPOSIT":null,"LOAN_EQUITY":null,"LOAN_ASSETS":null,"DEPOSIT_EQUITY":null,"DEPOSIT_ASSETS":null,"EQUITY_MULTIPLIER":1.250562432435,"EQUITY_RATIO":0.250562432435},{"SECUCODE":"01621.HK","SECURITY_CODE":"01621","SECURITY_NAME_ABBR":"域高国际控股","ORG_CODE":"10685703","STD_REPORT_DATE":"2020-12-31 00:00:00","REPORT_DATE":"2021-03-31 00:00:00","DATE_TYPE_CODE":"001","REPORT_TYPE":"2020年年报","PER_NETCASH_OPERATE":0.0178079426,"PER_OI":0.68998297732,"BPS":0.1649157475,"BASIC_EPS":0.015466794,"DILUTED_EPS":0.015466794,"OPERATE_INCOME":689982977.32,"OPERATE_INCOME_YOY":-21.9040931824,"GROSS_PROFIT":39861224.34,"GROSS_PROFIT_YOY":-7.053790970895,"HOLDER_PROFIT":15500601.2,"HOLDER_PROFIT_YOY":14.5390956782,"GROSS_PROFIT_RATIO":5.7771315598,"EPS_TTM":0.01435116833,"OPERATE_INCOME_QOQ":0,"NET_PROFIT_RATIO":2.2465193649,"ROE_AVG":9.862601166949,"GROSS_PROFIT_QOQ":0,"ROA":7.90813796553,"HOLDER_PROFIT_QOQ":0,"ROE_YEARLY":9.862601166949,"ROIC_YEARLY":10.773406017599,"TOTAL_ASSETS":207834833.08,"TOTAL_LIABILITIES":42919085.58,"TAX_EBT":18.274586693998,"OCF_SALES":2.580924919216,"TOTAL_PARENT_EQUITY":164915747.5,"DEBT_ASSET_RATIO":20.6505737965,"OPERATE_PROFIT":19750166.24,"PRETAX_PROFIT":18966684.38,"NETCASH_OPERATE":17807942.6,"NETCASH_INVEST":-30679188.82,"NETCASH_FINANCE":3673997.46,"END_CASH":46669994.42,"DIVI_RATIO":null,"DIVIDEND_RATE":null,"CURRENT_RATIO":2.638797431887,"COMMON_ACS":10000000000,"CURRENTDEBT_DEBT":95.697209586263,"ISSUED_COMMON_SHARES":1000000000,"HK_COMMON_SHARES":1000000000,"PER_SHARES":8000,"TOTAL_MARKET_CAP":67000000,"HKSK_MARKET_CAP":67000000,"PE_TTM":4.702414373947,"PB_TTM":0.291762287765,"REPORT_DATE_SQ":"2019-12-31 00:00:00","REPORT_TYPE_SQ":"2019年年报","OPERATE_INCOME_SQ":955134467.6,"DPS_HKD":null,"OPERATE_INCOME_QOQ_SQ":0,"NET_PROFIT_RATIO_SQ":1.5317387128,"HOLDER_PROFIT_SQ":14630164.4,"HOLDER_PROFIT_QOQ_SQ":0,"ROE_AVG_SQ":9.214001691804,"PE_TTM_SQ":9.095043201455,"PB_TTM_SQ":0.371417561551,"ROA_SQ":7.764071531091,"START_DATE":"2020-04-01 00:00:00","FISCAL_YEAR":"3-31","CURRENCY":"HKD","IS_CNY_CODE":0,"DPS_HKD_LY":null,"ORG_TYPE":"一般企业","PREMIUM_INCOME":null,"PREMIUM_INCOME_YOY":null,"NET_INTEREST_INCOME":null,"NET_INTEREST_INCOME_YOY":null,"FEE_COMMISSION_INCOME":null,"FEE_COMMISSION_INCOME_YOY":null,"ACCOUNTS_RECE_TDAYS":13.435601198117,"INVENTORY_TDAYS":117.778441280049,"CURRENT_ASSETS_TDAYS":6.315922216678,"TOTAL_ASSETS_TDAYS":3.520173513343,"PREMIUM_EXPENSE":null,"LOAN_DEPOSIT":null,"LOAN_EQUITY":null,"LOAN_ASSETS":null,"DEPOSIT_EQUITY":null,"DEPOSIT_ASSETS":null,"EQUITY_MULTIPLIER":1.260248558616,"EQUITY_RATIO":0.260248558616},{"SECUCODE":"01621.HK","SECURITY_CODE":"01621","SECURITY_NAME_ABBR":"域高国际控股","ORG_CODE":"10685703","STD_REPORT_DATE":"2020-06-30 00:00:00","REPORT_DATE":"2020-09-30 00:00:00","DATE_TYPE_CODE":"002","REPORT_TYPE":"2020年中报","PER_NETCASH_OPERATE":0.01387674624,"PER_OI":0.3408730624,"BPS":0.1666536416,"BASIC_EPS":0.011335488,"DILUTED_EPS":0.011335488,"OPERATE_INCOME":340873062.4,"OPERATE_INCOME_YOY":-34.3853019829,"GROSS_PROFIT":23603297.92,"GROSS_PROFIT_YOY":-11.004163015703,"HOLDER_PROFIT":11309126.4,"HOLDER_PROFIT_YOY":0.1790301238,"GROSS_PROFIT_RATIO":6.924365848629,"EPS_TTM":0.0146301644,"OPERATE_INCOME_QOQ":0,"NET_PROFIT_RATIO":3.31769437,"ROE_AVG":7.024342320707,"GROSS_PROFIT_QOQ":0,"ROA":5.607110181676,"HOLDER_PROFIT_QOQ":0,"ROE_YEARLY":14.048684641415,"ROIC_YEARLY":15.681305191462,"TOTAL_ASSETS":211894540.8,"TOTAL_LIABILITIES":45240899.2,"TAX_EBT":14.365559917493,"OCF_SALES":4.070942462363,"TOTAL_PARENT_EQUITY":166653641.6,"DEBT_ASSET_RATIO":21.3506676619,"OPERATE_PROFIT":13587647.36,"PRETAX_PROFIT":13206282.88,"NETCASH_OPERATE":13876746.24,"NETCASH_INVEST":-23951271.04,"NETCASH_FINANCE":7026245.12,"END_CASH":55035991.04,"DIVI_RATIO":null,"DIVIDEND_RATE":null,"CURRENT_RATIO":2.5707301625,"COMMON_ACS":10000000000,"CURRENTDEBT_DEBT":98.131494610081,"ISSUED_COMMON_SHARES":1000000000,"HK_COMMON_SHARES":1000000000,"PER_SHARES":8000,"TOTAL_MARKET_CAP":67000000,"HKSK_MARKET_CAP":67000000,"PE_TTM":4.702414373947,"PB_TTM":0.291762287765,"REPORT_DATE_SQ":"2019-06-30 00:00:00","REPORT_TYPE_SQ":"2019年中报","OPERATE_INCOME_SQ":533276430.09,"DPS_HKD":null,"OPERATE_INCOME_QOQ_SQ":0,"NET_PROFIT_RATIO_SQ":2.1730048088,"HOLDER_PROFIT_SQ":11588122.47,"HOLDER_PROFIT_QOQ_SQ":0,"ROE_AVG_SQ":7.460662673167,"PE_TTM_SQ":9.095043201455,"PB_TTM_SQ":0.371417561551,"ROA_SQ":6.08944810081,"START_DATE":"2020-04-01 00:00:00","FISCAL_YEAR":"3-31","CURRENCY":"HKD","IS_CNY_CODE":0,"DPS_HKD_LY":null,"ORG_TYPE":"一般企业","PREMIUM_INCOME":null,"PREMIUM_INCOME_YOY":null,"NET_INTEREST_INCOME":null,"NET_INTEREST_INCOME_YOY":null,"FEE_COMMISSION_INCOME":null,"FEE_COMMISSION_INCOME_YOY":null,"ACCOUNTS_RECE_TDAYS":6.642750117728,"INVENTORY_TDAYS":59.102799148797,"CURRENT_ASSETS_TDAYS":2.982176284503,"TOTAL_ASSETS_TDAYS":1.690062301224,"PREMIUM_EXPENSE":null,"LOAN_DEPOSIT":null,"LOAN_EQUITY":null,"LOAN_ASSETS":null,"DEPOSIT_EQUITY":null,"DEPOSIT_ASSETS":null,"EQUITY_MULTIPLIER":1.271466610424,"EQUITY_RATIO":0.271466610424}],"count":18},"success":true,"message":"ok","code":0}