{"version":"57bc3de8c888bc6b8b8780e4b49e1470","result":{"pages":4,"data":[{"SECUCODE":"01622.HK","SECURITY_CODE":"01622","SECURITY_NAME_ABBR":"力高集团","ORG_CODE":"10375810","STD_REPORT_DATE":"2024-06-30 00:00:00","REPORT_DATE":"2024-06-30 00:00:00","DATE_TYPE_CODE":"002","REPORT_TYPE":"2024年中报","PER_NETCASH_OPERATE":-0.116005720969,"PER_OI":1.062467928729,"BPS":-0.082154587835,"BASIC_EPS":-0.1464,"DILUTED_EPS":-0.1464,"OPERATE_INCOME":3773471000,"OPERATE_INCOME_YOY":5.9374263928,"GROSS_PROFIT":-262096000,"GROSS_PROFIT_YOY":-179.097293268027,"HOLDER_PROFIT":-519804000,"HOLDER_PROFIT_YOY":-50.8851882277,"GROSS_PROFIT_RATIO":-6.945753657574,"EPS_TTM":-0.487450291696,"OPERATE_INCOME_QOQ":3.960918587007,"NET_PROFIT_RATIO":-16.7258473697,"ROE_AVG":-593.600401973324,"GROSS_PROFIT_QOQ":-105.099528920058,"ROA":-1.036069584074,"HOLDER_PROFIT_QOQ":-11.266623477119,"ROE_YEARLY":-1187.20080394665,"ROIC_YEARLY":-2.204534786039,"TOTAL_ASSETS":48877523000,"TOTAL_LIABILITIES":46760005000,"TAX_EBT":6.443675281457,"OCF_SALES":-10.918515075378,"TOTAL_PARENT_EQUITY":-291781000,"DEBT_ASSET_RATIO":95.6677059924,"OPERATE_PROFIT":-623300000,"PRETAX_PROFIT":-674615000,"NETCASH_OPERATE":-412007000,"NETCASH_INVEST":78291000,"NETCASH_FINANCE":-62429000,"END_CASH":243045000,"DIVI_RATIO":null,"DIVIDEND_RATE":null,"CURRENT_RATIO":0.99347751731,"COMMON_ACS":100000000000,"CURRENTDEBT_DEBT":96.888330101761,"ISSUED_COMMON_SHARES":3551609322,"HK_COMMON_SHARES":3551609322,"PER_SHARES":2000,"TOTAL_MARKET_CAP":479467258.47,"HKSK_MARKET_CAP":479467258.47,"PE_TTM":-0.250658900555,"PB_TTM":-1.499755561398,"REPORT_DATE_SQ":"2023-06-30 00:00:00","REPORT_TYPE_SQ":"2023年中报","OPERATE_INCOME_SQ":3561981000,"DPS_HKD":null,"OPERATE_INCOME_QOQ_SQ":-34.380549616171,"NET_PROFIT_RATIO_SQ":-6.0845916921,"HOLDER_PROFIT_SQ":-344503000,"HOLDER_PROFIT_QOQ_SQ":-7.303979791664,"ROE_AVG_SQ":-18.922653982099,"PE_TTM_SQ":10.64076738739,"PB_TTM_SQ":0.542220000184,"ROA_SQ":-0.599523126577,"START_DATE":"2024-01-01 00:00:00","FISCAL_YEAR":"12-31","CURRENCY":"HKD","IS_CNY_CODE":0,"DPS_HKD_LY":null,"ORG_TYPE":"一般企业","PREMIUM_INCOME":null,"PREMIUM_INCOME_YOY":null,"NET_INTEREST_INCOME":null,"NET_INTEREST_INCOME_YOY":null,"FEE_COMMISSION_INCOME":null,"FEE_COMMISSION_INCOME_YOY":null,"ACCOUNTS_RECE_TDAYS":1.287434005066,"INVENTORY_TDAYS":0.115961681586,"CURRENT_ASSETS_TDAYS":0.082153494888,"TOTAL_ASSETS_TDAYS":0.075212551837,"PREMIUM_EXPENSE":null,"LOAN_DEPOSIT":null,"LOAN_EQUITY":null,"LOAN_ASSETS":null,"DEPOSIT_EQUITY":null,"DEPOSIT_ASSETS":null,"EQUITY_MULTIPLIER":23.082459275519,"EQUITY_RATIO":-160.257196321899},{"SECUCODE":"01622.HK","SECURITY_CODE":"01622","SECURITY_NAME_ABBR":"力高集团","ORG_CODE":"10375810","STD_REPORT_DATE":"2023-12-31 00:00:00","REPORT_DATE":"2023-12-31 00:00:00","DATE_TYPE_CODE":"001","REPORT_TYPE":"2023年年报","PER_NETCASH_OPERATE":0.299574616332,"PER_OI":1.503379881037,"BPS":0.131466317849,"BASIC_EPS":-0.4381,"DILUTED_EPS":-0.4381,"OPERATE_INCOME":5339418000,"OPERATE_INCOME_YOY":-71.3495571897,"GROSS_PROFIT":564660000,"GROSS_PROFIT_YOY":124.475635113386,"HOLDER_PROFIT":-1555932000,"HOLDER_PROFIT_YOY":67.3314804966,"GROSS_PROFIT_RATIO":10.575309893326,"EPS_TTM":-0.43809210387,"OPERATE_INCOME_QOQ":-56.33849012345,"NET_PROFIT_RATIO":-35.0192286875,"ROE_AVG":-117.79180675243,"GROSS_PROFIT_QOQ":118.101267851705,"ROA":-2.792149907892,"HOLDER_PROFIT_QOQ":69.55516508631,"ROE_YEARLY":-117.79180675243,"ROIC_YEARLY":-3.032479154205,"TOTAL_ASSETS":51464000000,"TOTAL_LIABILITIES":48415577000,"TAX_EBT":-52.628146314865,"OCF_SALES":19.926741079271,"TOTAL_PARENT_EQUITY":466917000,"DEBT_ASSET_RATIO":94.0765914037,"OPERATE_PROFIT":-1135035000,"PRETAX_PROFIT":-1225084000,"NETCASH_OPERATE":1063972000,"NETCASH_INVEST":-1092341000,"NETCASH_FINANCE":-1004851000,"END_CASH":792264000,"DIVI_RATIO":null,"DIVIDEND_RATE":null,"CURRENT_RATIO":1.005839435081,"COMMON_ACS":100000000000,"CURRENTDEBT_DEBT":96.213697917924,"ISSUED_COMMON_SHARES":3551609322,"HK_COMMON_SHARES":3551609322,"PER_SHARES":2000,"TOTAL_MARKET_CAP":848834627.958,"HKSK_MARKET_CAP":848834627.958,"PE_TTM":-0.443759090612,"PB_TTM":-2.655122808698,"REPORT_DATE_SQ":"2022-12-31 00:00:00","REPORT_TYPE_SQ":"2022年年报","OPERATE_INCOME_SQ":18636424000,"DPS_HKD":null,"OPERATE_INCOME_QOQ_SQ":-12.23468089466,"NET_PROFIT_RATIO_SQ":-31.1009021902,"HOLDER_PROFIT_SQ":-4762787000,"HOLDER_PROFIT_QOQ_SQ":-1446.1349530259,"ROE_AVG_SQ":-94.537857326605,"PE_TTM_SQ":10.64076738739,"PB_TTM_SQ":0.542220000184,"ROA_SQ":-6.380437291164,"START_DATE":"2023-01-01 00:00:00","FISCAL_YEAR":"12-31","CURRENCY":"HKD","IS_CNY_CODE":0,"DPS_HKD_LY":null,"ORG_TYPE":"一般企业","PREMIUM_INCOME":null,"PREMIUM_INCOME_YOY":null,"NET_INTEREST_INCOME":null,"NET_INTEREST_INCOME_YOY":null,"FEE_COMMISSION_INCOME":null,"FEE_COMMISSION_INCOME_YOY":null,"ACCOUNTS_RECE_TDAYS":1.993496535362,"INVENTORY_TDAYS":0.127261257308,"CURRENT_ASSETS_TDAYS":0.105162711686,"TOTAL_ASSETS_TDAYS":0.095816883237,"PREMIUM_EXPENSE":null,"LOAN_DEPOSIT":null,"LOAN_EQUITY":null,"LOAN_ASSETS":null,"DEPOSIT_EQUITY":null,"DEPOSIT_ASSETS":null,"EQUITY_MULTIPLIER":16.882171535907,"EQUITY_RATIO":103.692041626242},{"SECUCODE":"01622.HK","SECURITY_CODE":"01622","SECURITY_NAME_ABBR":"力高集团","ORG_CODE":"10375810","STD_REPORT_DATE":"2023-06-30 00:00:00","REPORT_DATE":"2023-06-30 00:00:00","DATE_TYPE_CODE":"002","REPORT_TYPE":"2023年中报","PER_NETCASH_OPERATE":0.330326591028,"PER_OI":1.002920275588,"BPS":0.412841860426,"BASIC_EPS":-0.097,"DILUTED_EPS":-0.097,"OPERATE_INCOME":3561981000,"OPERATE_INCOME_YOY":-64.2704502609,"GROSS_PROFIT":331359000,"GROSS_PROFIT_YOY":-71.029481193936,"HOLDER_PROFIT":-344503000,"HOLDER_PROFIT_YOY":-10322.6409495549,"GROSS_PROFIT_RATIO":9.302660513911,"EPS_TTM":-1.438970206645,"OPERATE_INCOME_QOQ":-34.380549616171,"NET_PROFIT_RATIO":-6.0845916921,"ROE_AVG":-18.922653982099,"GROSS_PROFIT_QOQ":-35.215031974024,"ROA":-0.599523126577,"HOLDER_PROFIT_QOQ":-7.303979791664,"ROE_YEARLY":-37.845307964198,"ROIC_YEARLY":-1.313644997757,"TOTAL_ASSETS":54939212000,"TOTAL_LIABILITIES":50247041000,"TAX_EBT":-62.814387451546,"OCF_SALES":32.936475517416,"TOTAL_PARENT_EQUITY":1466253000,"DEBT_ASSET_RATIO":91.4593405526,"OPERATE_PROFIT":-128740000,"PRETAX_PROFIT":-133116000,"NETCASH_OPERATE":1173191000,"NETCASH_INVEST":-512732000,"NETCASH_FINANCE":-1098883000,"END_CASH":1341006000,"DIVI_RATIO":null,"DIVIDEND_RATE":null,"CURRENT_RATIO":1.042714476535,"COMMON_ACS":100000000000,"CURRENTDEBT_DEBT":95.094803692022,"ISSUED_COMMON_SHARES":3551609322,"HK_COMMON_SHARES":3551609322,"PER_SHARES":2000,"TOTAL_MARKET_CAP":848834627.958,"HKSK_MARKET_CAP":848834627.958,"PE_TTM":-0.443759090612,"PB_TTM":-2.655122808698,"REPORT_DATE_SQ":"2022-06-30 00:00:00","REPORT_TYPE_SQ":"2022年中报","OPERATE_INCOME_SQ":9969286000,"DPS_HKD":null,"OPERATE_INCOME_QOQ_SQ":4.11048573819,"NET_PROFIT_RATIO_SQ":1.8591100707,"HOLDER_PROFIT_SQ":3370000,"HOLDER_PROFIT_QOQ_SQ":-59.974342817516,"ROE_AVG_SQ":0.043905505451,"PE_TTM_SQ":10.64076738739,"PB_TTM_SQ":0.542220000184,"ROA_SQ":0.003911396448,"START_DATE":"2023-01-01 00:00:00","FISCAL_YEAR":"12-31","CURRENCY":"HKD","IS_CNY_CODE":0,"DPS_HKD_LY":null,"ORG_TYPE":"一般企业","PREMIUM_INCOME":null,"PREMIUM_INCOME_YOY":null,"NET_INTEREST_INCOME":null,"NET_INTEREST_INCOME_YOY":null,"FEE_COMMISSION_INCOME":null,"FEE_COMMISSION_INCOME_YOY":null,"ACCOUNTS_RECE_TDAYS":1.225319037868,"INVENTORY_TDAYS":0.086044122442,"CURRENT_ASSETS_TDAYS":0.068162276569,"TOTAL_ASSETS_TDAYS":0.061987558481,"PREMIUM_EXPENSE":null,"LOAN_DEPOSIT":null,"LOAN_EQUITY":null,"LOAN_ASSETS":null,"DEPOSIT_EQUITY":null,"DEPOSIT_ASSETS":null,"EQUITY_MULTIPLIER":11.708697743526,"EQUITY_RATIO":34.269011555305},{"SECUCODE":"01622.HK","SECURITY_CODE":"01622","SECURITY_NAME_ABBR":"力高集团","ORG_CODE":"10375810","STD_REPORT_DATE":"2022-12-31 00:00:00","REPORT_DATE":"2022-12-31 00:00:00","DATE_TYPE_CODE":"001","REPORT_TYPE":"2022年年报","PER_NETCASH_OPERATE":0.022896662506,"PER_OI":5.24731813394,"BPS":0.612375067981,"BASIC_EPS":-1.341,"DILUTED_EPS":-1.341,"OPERATE_INCOME":18636424000,"OPERATE_INCOME_YOY":-8.6270999698,"GROSS_PROFIT":-2307029000,"GROSS_PROFIT_YOY":-148.438421200267,"HOLDER_PROFIT":-4762787000,"HOLDER_PROFIT_YOY":-638.7993615117,"GROSS_PROFIT_RATIO":-12.379139903664,"EPS_TTM":-1.341022215055,"OPERATE_INCOME_QOQ":-12.23468089466,"NET_PROFIT_RATIO":-31.1009021902,"ROE_AVG":-94.537857326605,"GROSS_PROFIT_QOQ":-163.346799736292,"ROA":-6.380437291164,"HOLDER_PROFIT_QOQ":-1446.1349530259,"ROE_YEARLY":-94.537857326605,"ROIC_YEARLY":-7.445199792501,"TOTAL_ASSETS":59986463000,"TOTAL_LIABILITIES":54249148000,"TAX_EBT":-6.347282712303,"OCF_SALES":0.436349806165,"TOTAL_PARENT_EQUITY":2174917000,"DEBT_ASSET_RATIO":90.4356504567,"OPERATE_PROFIT":-5453715000,"PRETAX_PROFIT":-5450159000,"NETCASH_OPERATE":81320000,"NETCASH_INVEST":128451000,"NETCASH_FINANCE":-5789288000,"END_CASH":1896475000,"DIVI_RATIO":null,"DIVIDEND_RATE":null,"CURRENT_RATIO":1.052658860395,"COMMON_ACS":100000000000,"CURRENTDEBT_DEBT":95.77199627172,"ISSUED_COMMON_SHARES":3551609322,"HK_COMMON_SHARES":3551609322,"PER_SHARES":2000,"TOTAL_MARKET_CAP":848834627.958,"HKSK_MARKET_CAP":848834627.958,"PE_TTM":-0.443759090612,"PB_TTM":-2.655122808698,"REPORT_DATE_SQ":"2021-12-31 00:00:00","REPORT_TYPE_SQ":"2021年年报","OPERATE_INCOME_SQ":20396008000,"DPS_HKD":null,"OPERATE_INCOME_QOQ_SQ":37.070627905004,"NET_PROFIT_RATIO_SQ":12.3284762391,"HOLDER_PROFIT_SQ":883963000,"HOLDER_PROFIT_QOQ_SQ":-36.148018555411,"ROE_AVG_SQ":12.020105419649,"PE_TTM_SQ":10.64076738739,"PB_TTM_SQ":0.542220000184,"ROA_SQ":1.008623003672,"START_DATE":"2022-01-01 00:00:00","FISCAL_YEAR":"12-31","CURRENCY":"HKD","IS_CNY_CODE":0,"DPS_HKD_LY":null,"ORG_TYPE":"一般企业","PREMIUM_INCOME":null,"PREMIUM_INCOME_YOY":null,"NET_INTEREST_INCOME":null,"NET_INTEREST_INCOME_YOY":null,"FEE_COMMISSION_INCOME":null,"FEE_COMMISSION_INCOME_YOY":null,"ACCOUNTS_RECE_TDAYS":5.610148128503,"INVENTORY_TDAYS":0.42845031005,"CURRENT_ASSETS_TDAYS":0.270298053969,"TOTAL_ASSETS_TDAYS":0.249661667976,"PREMIUM_EXPENSE":null,"LOAN_DEPOSIT":null,"LOAN_EQUITY":null,"LOAN_ASSETS":null,"DEPOSIT_EQUITY":null,"DEPOSIT_ASSETS":null,"EQUITY_MULTIPLIER":10.455494076965,"EQUITY_RATIO":24.943088862701},{"SECUCODE":"01622.HK","SECURITY_CODE":"01622","SECURITY_NAME_ABBR":"力高集团","ORG_CODE":"10375810","STD_REPORT_DATE":"2022-06-30 00:00:00","REPORT_DATE":"2022-06-30 00:00:00","DATE_TYPE_CODE":"002","REPORT_TYPE":"2022年中报","PER_NETCASH_OPERATE":-0.198707666305,"PER_OI":2.806977090145,"BPS":2.097677510263,"BASIC_EPS":0.0009,"DILUTED_EPS":0.0009,"OPERATE_INCOME":9969286000,"OPERATE_INCOME_YOY":9.1817234885,"GROSS_PROFIT":1143780000,"GROSS_PROFIT_YOY":-49.494962875632,"HOLDER_PROFIT":3370000,"HOLDER_PROFIT_YOY":-99.3683472628,"GROSS_PROFIT_RATIO":11.473038289803,"EPS_TTM":0.099620191277,"OPERATE_INCOME_QOQ":4.11048573819,"NET_PROFIT_RATIO":1.8591100707,"ROE_AVG":0.043905505451,"GROSS_PROFIT_QOQ":-23.534540968269,"ROA":0.003911396448,"HOLDER_PROFIT_QOQ":-59.974342817516,"ROE_YEARLY":0.087811010901,"ROIC_YEARLY":0.009281091857,"TOTAL_ASSETS":83010002000,"TOTAL_LIABILITIES":67299547000,"TAX_EBT":53.802668049213,"OCF_SALES":-7.079062632971,"TOTAL_PARENT_EQUITY":7450131000,"DEBT_ASSET_RATIO":81.0740216583,"OPERATE_PROFIT":206422000,"PRETAX_PROFIT":401192000,"NETCASH_OPERATE":-705732000,"NETCASH_INVEST":-25168000,"NETCASH_FINANCE":-4030786000,"END_CASH":2923046000,"DIVI_RATIO":null,"DIVIDEND_RATE":null,"CURRENT_RATIO":1.391547386897,"COMMON_ACS":100000000000,"CURRENTDEBT_DEBT":82.351658325427,"ISSUED_COMMON_SHARES":3551609322,"HK_COMMON_SHARES":3551609322,"PER_SHARES":2000,"TOTAL_MARKET_CAP":848834627.958,"HKSK_MARKET_CAP":848834627.958,"PE_TTM":-0.443759090612,"PB_TTM":-2.655122808698,"REPORT_DATE_SQ":"2021-06-30 00:00:00","REPORT_TYPE_SQ":"2021年中报","OPERATE_INCOME_SQ":9130911000,"DPS_HKD":null,"OPERATE_INCOME_QOQ_SQ":19.498290997293,"NET_PROFIT_RATIO_SQ":14.373856015,"HOLDER_PROFIT_SQ":533521000,"HOLDER_PROFIT_QOQ_SQ":6.823327155188,"ROE_AVG_SQ":7.526826578513,"PE_TTM_SQ":10.64076738739,"PB_TTM_SQ":0.542220000184,"ROA_SQ":0.591328492914,"START_DATE":"2022-01-01 00:00:00","FISCAL_YEAR":"12-31","CURRENCY":"HKD","IS_CNY_CODE":0,"DPS_HKD_LY":null,"ORG_TYPE":"一般企业","PREMIUM_INCOME":null,"PREMIUM_INCOME_YOY":null,"NET_INTEREST_INCOME":null,"NET_INTEREST_INCOME_YOY":null,"FEE_COMMISSION_INCOME":null,"FEE_COMMISSION_INCOME_YOY":null,"ACCOUNTS_RECE_TDAYS":null,"INVENTORY_TDAYS":0.157548998745,"CURRENT_ASSETS_TDAYS":0.124362143049,"TOTAL_ASSETS_TDAYS":0.11570869391,"PREMIUM_EXPENSE":null,"LOAN_DEPOSIT":null,"LOAN_EQUITY":null,"LOAN_ASSETS":null,"DEPOSIT_EQUITY":null,"DEPOSIT_ASSETS":null,"EQUITY_MULTIPLIER":5.283742705109,"EQUITY_RATIO":9.033337400376},{"SECUCODE":"01622.HK","SECURITY_CODE":"01622","SECURITY_NAME_ABBR":"力高集团","ORG_CODE":"10375810","STD_REPORT_DATE":"2021-12-31 00:00:00","REPORT_DATE":"2021-12-31 00:00:00","DATE_TYPE_CODE":"001","REPORT_TYPE":"2021年年报","PER_NETCASH_OPERATE":0.366607045413,"PER_OI":5.742751004076,"BPS":2.224630662798,"BASIC_EPS":0.2489,"DILUTED_EPS":0.2489,"OPERATE_INCOME":20396008000,"OPERATE_INCOME_YOY":63.7970578057,"GROSS_PROFIT":4762808000,"GROSS_PROFIT_YOY":69.334831797834,"HOLDER_PROFIT":883963000,"HOLDER_PROFIT_YOY":-31.7911889664,"GROSS_PROFIT_RATIO":23.35166764006,"EPS_TTM":0.248890832256,"OPERATE_INCOME_QOQ":37.070627905004,"NET_PROFIT_RATIO":12.3284762391,"ROE_AVG":12.020105419649,"GROSS_PROFIT_QOQ":29.551640228508,"ROA":1.008623003672,"HOLDER_PROFIT_QOQ":-36.148018555411,"ROE_YEARLY":12.020105419649,"ROIC_YEARLY":1.231154512981,"TOTAL_ASSETS":89306972000,"TOTAL_LIABILITIES":73048062000,"TAX_EBT":34.80454459422,"OCF_SALES":6.383822755904,"TOTAL_PARENT_EQUITY":7901019000,"DEBT_ASSET_RATIO":81.7943553164,"OPERATE_PROFIT":3651594000,"PRETAX_PROFIT":3856890000,"NETCASH_OPERATE":1302045000,"NETCASH_INVEST":-2055676000,"NETCASH_FINANCE":-1526223000,"END_CASH":7534181000,"DIVI_RATIO":null,"DIVIDEND_RATE":null,"CURRENT_RATIO":1.357495911676,"COMMON_ACS":100000000000,"CURRENTDEBT_DEBT":83.906717470479,"ISSUED_COMMON_SHARES":3551609322,"HK_COMMON_SHARES":3551609322,"PER_SHARES":2000,"TOTAL_MARKET_CAP":848834627.958,"HKSK_MARKET_CAP":848834627.958,"PE_TTM":-0.443759090612,"PB_TTM":-2.655122808698,"REPORT_DATE_SQ":"2020-12-31 00:00:00","REPORT_TYPE_SQ":"2020年年报","OPERATE_INCOME_SQ":12451999000,"DPS_HKD":null,"OPERATE_INCOME_QOQ_SQ":-9.780695052421,"NET_PROFIT_RATIO_SQ":11.5869829415,"HOLDER_PROFIT_SQ":1295966000,"HOLDER_PROFIT_QOQ_SQ":8.324849335908,"ROE_AVG_SQ":21.62014002244,"PE_TTM_SQ":10.64076738739,"PB_TTM_SQ":0.542220000184,"ROA_SQ":1.744427669292,"START_DATE":"2021-01-01 00:00:00","FISCAL_YEAR":"12-31","CURRENCY":"HKD","IS_CNY_CODE":0,"DPS_HKD_LY":0.059384,"ORG_TYPE":"一般企业","PREMIUM_INCOME":null,"PREMIUM_INCOME_YOY":null,"NET_INTEREST_INCOME":null,"NET_INTEREST_INCOME_YOY":null,"FEE_COMMISSION_INCOME":null,"FEE_COMMISSION_INCOME_YOY":null,"ACCOUNTS_RECE_TDAYS":5.938864313484,"INVENTORY_TDAYS":0.288876907684,"CURRENT_ASSETS_TDAYS":0.24695864482,"TOTAL_ASSETS_TDAYS":0.232723347605,"PREMIUM_EXPENSE":null,"LOAN_DEPOSIT":null,"LOAN_EQUITY":null,"LOAN_ASSETS":null,"DEPOSIT_EQUITY":null,"DEPOSIT_ASSETS":null,"EQUITY_MULTIPLIER":5.492801915995,"EQUITY_RATIO":9.245397587324},{"SECUCODE":"01622.HK","SECURITY_CODE":"01622","SECURITY_NAME_ABBR":"力高集团","ORG_CODE":"10375810","STD_REPORT_DATE":"2021-06-30 00:00:00","REPORT_DATE":"2021-06-30 00:00:00","DATE_TYPE_CODE":"002","REPORT_TYPE":"2021年中报","PER_NETCASH_OPERATE":0.462724880752,"PER_OI":2.570922129143,"BPS":2.074964708069,"BASIC_EPS":0.1502,"DILUTED_EPS":0.1502,"OPERATE_INCOME":9130911000,"OPERATE_INCOME_YOY":36.2215842974,"GROSS_PROFIT":2264685000,"GROSS_PROFIT_YOY":61.65190540228,"HOLDER_PROFIT":533521000,"HOLDER_PROFIT_YOY":19.8673086299,"GROSS_PROFIT_RATIO":24.802399234863,"EPS_TTM":0.389793435732,"OPERATE_INCOME_QOQ":19.498290997293,"NET_PROFIT_RATIO":14.373856015,"ROE_AVG":7.526826578513,"GROSS_PROFIT_QOQ":30.708365790781,"ROA":0.591328492914,"HOLDER_PROFIT_QOQ":6.823327155188,"ROE_YEARLY":15.053653157027,"ROIC_YEARLY":1.462809347752,"TOTAL_ASSETS":94474086000,"TOTAL_LIABILITIES":79630355000,"TAX_EBT":33.956565627085,"OCF_SALES":17.998401254815,"TOTAL_PARENT_EQUITY":7369464000,"DEBT_ASSET_RATIO":84.2880395794,"OPERATE_PROFIT":1971370000,"PRETAX_PROFIT":1987274000,"NETCASH_OPERATE":1643418000,"NETCASH_INVEST":-2657337000,"NETCASH_FINANCE":2651060000,"END_CASH":11294539000,"DIVI_RATIO":null,"DIVIDEND_RATE":null,"CURRENT_RATIO":1.407637664895,"COMMON_ACS":100000000000,"CURRENTDEBT_DEBT":79.192723679306,"ISSUED_COMMON_SHARES":3551609322,"HK_COMMON_SHARES":3551609322,"PER_SHARES":2000,"TOTAL_MARKET_CAP":848834627.958,"HKSK_MARKET_CAP":848834627.958,"PE_TTM":-0.443759090612,"PB_TTM":-2.655122808698,"REPORT_DATE_SQ":"2020-06-30 00:00:00","REPORT_TYPE_SQ":"2020年中报","OPERATE_INCOME_SQ":6702984000,"DPS_HKD":null,"OPERATE_INCOME_QOQ_SQ":60.444175473108,"NET_PROFIT_RATIO_SQ":10.9911645321,"HOLDER_PROFIT_SQ":445093000,"HOLDER_PROFIT_QOQ_SQ":15.599010948556,"ROE_AVG_SQ":8.428093278173,"PE_TTM_SQ":10.64076738739,"PB_TTM_SQ":0.542220000184,"ROA_SQ":0.666360504307,"START_DATE":"2021-01-01 00:00:00","FISCAL_YEAR":"12-31","CURRENCY":"HKD","IS_CNY_CODE":0,"DPS_HKD_LY":0.059384,"ORG_TYPE":"一般企业","PREMIUM_INCOME":null,"PREMIUM_INCOME_YOY":null,"NET_INTEREST_INCOME":null,"NET_INTEREST_INCOME_YOY":null,"FEE_COMMISSION_INCOME":null,"FEE_COMMISSION_INCOME_YOY":null,"ACCOUNTS_RECE_TDAYS":2.603581777601,"INVENTORY_TDAYS":0.136838761554,"CURRENT_ASSETS_TDAYS":0.106956132852,"TOTAL_ASSETS_TDAYS":0.101202536368,"PREMIUM_EXPENSE":null,"LOAN_DEPOSIT":null,"LOAN_EQUITY":null,"LOAN_ASSETS":null,"DEPOSIT_EQUITY":null,"DEPOSIT_ASSETS":null,"EQUITY_MULTIPLIER":6.364578150852,"EQUITY_RATIO":10.805447316114},{"SECUCODE":"01622.HK","SECURITY_CODE":"01622","SECURITY_NAME_ABBR":"力高集团","ORG_CODE":"10375810","STD_REPORT_DATE":"2020-12-31 00:00:00","REPORT_DATE":"2020-12-31 00:00:00","DATE_TYPE_CODE":"001","REPORT_TYPE":"2020年年报","PER_NETCASH_OPERATE":-0.33626418103,"PER_OI":3.506015969399,"BPS":1.916611423963,"BASIC_EPS":0.3649,"DILUTED_EPS":0.3649,"OPERATE_INCOME":12451999000,"OPERATE_INCOME_YOY":44.7516199407,"GROSS_PROFIT":2812657000,"GROSS_PROFIT_YOY":-4.788474649252,"HOLDER_PROFIT":1295966000,"HOLDER_PROFIT_YOY":25.2224544438,"GROSS_PROFIT_RATIO":22.587995710568,"EPS_TTM":0.364895426975,"OPERATE_INCOME_QOQ":-9.780695052421,"NET_PROFIT_RATIO":11.5869829415,"ROE_AVG":21.62014002244,"GROSS_PROFIT_QOQ":-24.528736779514,"ROA":1.744427669292,"HOLDER_PROFIT_QOQ":8.324849335908,"ROE_YEARLY":21.62014002244,"ROIC_YEARLY":2.210676818852,"TOTAL_ASSETS":85974178000,"TOTAL_LIABILITIES":73026503000,"TAX_EBT":32.144874385732,"OCF_SALES":-9.591062447082,"TOTAL_PARENT_EQUITY":6807055000,"DEBT_ASSET_RATIO":84.9400421136,"OPERATE_PROFIT":1973812000,"PRETAX_PROFIT":2126311000,"NETCASH_OPERATE":-1194279000,"NETCASH_INVEST":-1842716000,"NETCASH_FINANCE":1731855000,"END_CASH":9649423000,"DIVI_RATIO":null,"DIVIDEND_RATE":null,"CURRENT_RATIO":1.42137007805,"COMMON_ACS":100000000000,"CURRENTDEBT_DEBT":78.974366333823,"ISSUED_COMMON_SHARES":3551609322,"HK_COMMON_SHARES":3551609322,"PER_SHARES":2000,"TOTAL_MARKET_CAP":848834627.958,"HKSK_MARKET_CAP":848834627.958,"PE_TTM":-0.443759090612,"PB_TTM":-2.655122808698,"REPORT_DATE_SQ":"2019-12-31 00:00:00","REPORT_TYPE_SQ":"2019年年报","OPERATE_INCOME_SQ":8602321000,"DPS_HKD":null,"OPERATE_INCOME_QOQ_SQ":26.788091973797,"NET_PROFIT_RATIO_SQ":18.0376900606,"HOLDER_PROFIT_SQ":1034931000,"HOLDER_PROFIT_QOQ_SQ":-0.265975131325,"ROE_AVG_SQ":21.653774488835,"PE_TTM_SQ":10.64076738739,"PB_TTM_SQ":0.542220000184,"ROA_SQ":2.117383583144,"START_DATE":"2020-01-01 00:00:00","FISCAL_YEAR":"12-31","CURRENCY":"HKD","IS_CNY_CODE":0,"DPS_HKD_LY":0.032867,"ORG_TYPE":"一般企业","PREMIUM_INCOME":null,"PREMIUM_INCOME_YOY":null,"NET_INTEREST_INCOME":null,"NET_INTEREST_INCOME_YOY":null,"FEE_COMMISSION_INCOME":null,"FEE_COMMISSION_INCOME_YOY":null,"ACCOUNTS_RECE_TDAYS":4.582747639344,"INVENTORY_TDAYS":0.23784672042,"CURRENT_ASSETS_TDAYS":0.176028584602,"TOTAL_ASSETS_TDAYS":0.167609424889,"PREMIUM_EXPENSE":null,"LOAN_DEPOSIT":null,"LOAN_EQUITY":null,"LOAN_ASSETS":null,"DEPOSIT_EQUITY":null,"DEPOSIT_ASSETS":null,"EQUITY_MULTIPLIER":6.640124810064,"EQUITY_RATIO":10.728061254096},{"SECUCODE":"01622.HK","SECURITY_CODE":"01622","SECURITY_NAME_ABBR":"力高集团","ORG_CODE":"10375810","STD_REPORT_DATE":"2020-06-30 00:00:00","REPORT_DATE":"2020-06-30 00:00:00","DATE_TYPE_CODE":"002","REPORT_TYPE":"2020年中报","PER_NETCASH_OPERATE":-0.209764625683,"PER_OI":1.887308933018,"BPS":1.514996586666,"BASIC_EPS":0.1253,"DILUTED_EPS":0.1253,"OPERATE_INCOME":6702984000,"OPERATE_INCOME_YOY":345.8603335679,"GROSS_PROFIT":1400964000,"GROSS_PROFIT_YOY":122.981890412965,"HOLDER_PROFIT":445093000,"HOLDER_PROFIT_YOY":56.914057267,"GROSS_PROFIT_RATIO":20.900601881192,"EPS_TTM":0.336852928217,"OPERATE_INCOME_QOQ":60.444175473108,"NET_PROFIT_RATIO":10.9911645321,"ROE_AVG":8.428093278173,"GROSS_PROFIT_QOQ":26.155998042053,"ROA":0.666360504307,"HOLDER_PROFIT_QOQ":15.599010948556,"ROE_YEARLY":16.856186556346,"ROIC_YEARLY":1.739870018212,"TOTAL_ASSETS":70979910000,"TOTAL_LIABILITIES":59970781000,"TAX_EBT":34.699665936022,"OCF_SALES":-11.114482743805,"TOTAL_PARENT_EQUITY":5380676000,"DEBT_ASSET_RATIO":84.4897957746,"OPERATE_PROFIT":1094825000,"PRETAX_PROFIT":1128227000,"NETCASH_OPERATE":-745002000,"NETCASH_INVEST":410395000,"NETCASH_FINANCE":-688510000,"END_CASH":10085532000,"DIVI_RATIO":null,"DIVIDEND_RATE":null,"CURRENT_RATIO":1.347318596048,"COMMON_ACS":100000000000,"CURRENTDEBT_DEBT":83.789002180912,"ISSUED_COMMON_SHARES":3551609322,"HK_COMMON_SHARES":3551609322,"PER_SHARES":2000,"TOTAL_MARKET_CAP":848834627.958,"HKSK_MARKET_CAP":848834627.958,"PE_TTM":-0.443759090612,"PB_TTM":-2.655122808698,"REPORT_DATE_SQ":"2019-06-30 00:00:00","REPORT_TYPE_SQ":"2019年中报","OPERATE_INCOME_SQ":1503382000,"DPS_HKD":null,"OPERATE_INCOME_QOQ_SQ":0.725527028112,"NET_PROFIT_RATIO_SQ":32.2156227341,"HOLDER_PROFIT_SQ":283654000,"HOLDER_PROFIT_QOQ_SQ":4.738242962129,"ROE_AVG_SQ":10.496906323285,"PE_TTM_SQ":10.64076738739,"PB_TTM_SQ":0.542220000184,"ROA_SQ":1.226166477849,"START_DATE":"2020-01-01 00:00:00","FISCAL_YEAR":"12-31","CURRENCY":"HKD","IS_CNY_CODE":0,"DPS_HKD_LY":0.032867,"ORG_TYPE":"一般企业","PREMIUM_INCOME":null,"PREMIUM_INCOME_YOY":null,"NET_INTEREST_INCOME":null,"NET_INTEREST_INCOME_YOY":null,"FEE_COMMISSION_INCOME":null,"FEE_COMMISSION_INCOME_YOY":null,"ACCOUNTS_RECE_TDAYS":2.477053205035,"INVENTORY_TDAYS":0.155306474437,"CURRENT_ASSETS_TDAYS":0.105388895504,"TOTAL_ASSETS_TDAYS":0.100352146599,"PREMIUM_EXPENSE":null,"LOAN_DEPOSIT":null,"LOAN_EQUITY":null,"LOAN_ASSETS":null,"DEPOSIT_EQUITY":null,"DEPOSIT_ASSETS":null,"EQUITY_MULTIPLIER":6.447368361291,"EQUITY_RATIO":11.145584867032}],"count":28},"success":true,"message":"ok","code":0}