{"version":"23078ccab9865da4629648d40300120e","result":{"pages":3,"data":[{"SECUCODE":"01627.HK","SECURITY_CODE":"01627","SECURITY_NAME_ABBR":"安保工程控股","ORG_CODE":"10575159","STD_REPORT_DATE":"2024-06-30 00:00:00","REPORT_DATE":"2024-09-30 00:00:00","DATE_TYPE_CODE":"002","REPORT_TYPE":"2024年中报","PER_NETCASH_OPERATE":0.233026594055,"PER_OI":1.779595542265,"BPS":0.72974560201,"BASIC_EPS":0.044999321,"DILUTED_EPS":0.044999321,"OPERATE_INCOME":3559191084.53,"OPERATE_INCOME_YOY":30.17104791,"GROSS_PROFIT":129193140.77,"GROSS_PROFIT_YOY":18.341764865817,"HOLDER_PROFIT":90082508.47,"HOLDER_PROFIT_YOY":60.7702707052,"GROSS_PROFIT_RATIO":3.629845594173,"EPS_TTM":0.092871061475,"OPERATE_INCOME_QOQ":0,"NET_PROFIT_RATIO":2.5309826399,"ROE_AVG":6.173848981645,"GROSS_PROFIT_QOQ":0,"ROA":1.870428982708,"HOLDER_PROFIT_QOQ":0,"ROE_YEARLY":12.347697963291,"ROIC_YEARLY":6.450453702402,"TOTAL_ASSETS":5208419806.34,"TOTAL_LIABILITIES":3748928602.32,"TAX_EBT":15.254424215688,"OCF_SALES":13.09435703342,"TOTAL_PARENT_EQUITY":1459491204.02,"DEBT_ASSET_RATIO":71.9782341231,"OPERATE_PROFIT":120719921.93,"PRETAX_PROFIT":106297594.46,"NETCASH_OPERATE":466053188.11,"NETCASH_INVEST":-63593329.01,"NETCASH_FINANCE":-98199520.26,"END_CASH":2172318323.84,"DIVI_RATIO":0.488069149637,"DIVIDEND_RATE":9.259259259259,"CURRENT_RATIO":0.946971948587,"COMMON_ACS":10000000000,"CURRENTDEBT_DEBT":98.901041275779,"ISSUED_COMMON_SHARES":2000000000,"HK_COMMON_SHARES":2000000000,"PER_SHARES":4000,"TOTAL_MARKET_CAP":1080000000,"HKSK_MARKET_CAP":1080000000,"PE_TTM":4.450891826844,"PB_TTM":0.667310085403,"REPORT_DATE_SQ":"2023-06-30 00:00:00","REPORT_TYPE_SQ":"2023年中报","OPERATE_INCOME_SQ":2782268842.08,"DPS_HKD":0.05,"OPERATE_INCOME_QOQ_SQ":0,"NET_PROFIT_RATIO_SQ":2.0492635923,"HOLDER_PROFIT_SQ":57016022.42,"HOLDER_PROFIT_QOQ_SQ":0,"ROE_AVG_SQ":4.147769374036,"PE_TTM_SQ":4.023605150215,"PB_TTM_SQ":0.508217538791,"ROA_SQ":1.301667946673,"START_DATE":"2024-04-01 00:00:00","FISCAL_YEAR":"3-31","CURRENCY":"HKD","IS_CNY_CODE":0,"DPS_HKD_LY":0.05,"ORG_TYPE":"一般企业","PREMIUM_INCOME":null,"PREMIUM_INCOME_YOY":null,"NET_INTEREST_INCOME":null,"NET_INTEREST_INCOME_YOY":null,"FEE_COMMISSION_INCOME":null,"FEE_COMMISSION_INCOME_YOY":null,"ACCOUNTS_RECE_TDAYS":21.798698752327,"INVENTORY_TDAYS":null,"CURRENT_ASSETS_TDAYS":1.116344197032,"TOTAL_ASSETS_TDAYS":0.739012964067,"PREMIUM_EXPENSE":null,"LOAN_DEPOSIT":null,"LOAN_EQUITY":null,"LOAN_ASSETS":null,"DEPOSIT_EQUITY":null,"DEPOSIT_ASSETS":null,"EQUITY_MULTIPLIER":3.568654468077,"EQUITY_RATIO":2.568654468074},{"SECUCODE":"01627.HK","SECURITY_CODE":"01627","SECURITY_NAME_ABBR":"安保工程控股","ORG_CODE":"10575159","STD_REPORT_DATE":"2023-12-31 00:00:00","REPORT_DATE":"2024-03-31 00:00:00","DATE_TYPE_CODE":"001","REPORT_TYPE":"2023年年报","PER_NETCASH_OPERATE":0.33940960035,"PER_OI":2.498241933675,"BPS":0.73320222865,"BASIC_EPS":0.09283072,"DILUTED_EPS":0.09283072,"OPERATE_INCOME":4996483867.35,"OPERATE_INCOME_YOY":8.5114413192,"GROSS_PROFIT":293308813.2,"GROSS_PROFIT_YOY":6.40388834447,"HOLDER_PROFIT":185742122.95,"HOLDER_PROFIT_YOY":17.7062986879,"GROSS_PROFIT_RATIO":5.870304417806,"EPS_TTM":0.08217698471,"OPERATE_INCOME_QOQ":0,"NET_PROFIT_RATIO":3.7174566732,"ROE_AVG":13.059238202075,"GROSS_PROFIT_QOQ":0,"ROA":4.298914156419,"HOLDER_PROFIT_QOQ":0,"ROE_YEARLY":13.059238202075,"ROIC_YEARLY":7.134680150508,"TOTAL_ASSETS":4447214287.85,"TOTAL_LIABILITIES":2980809830.55,"TAX_EBT":18.24616845625,"OCF_SALES":13.585938006041,"TOTAL_PARENT_EQUITY":1466404457.3,"DEBT_ASSET_RATIO":67.0264493144,"OPERATE_PROFIT":258542620.7,"PRETAX_PROFIT":227196841.35,"NETCASH_OPERATE":678819200.7,"NETCASH_INVEST":-356458179.65,"NETCASH_FINANCE":-206563763.35,"END_CASH":1666164562.9,"DIVI_RATIO":0.551583879111,"DIVIDEND_RATE":9.433962264151,"CURRENT_RATIO":0.966905635034,"COMMON_ACS":10000000000,"CURRENTDEBT_DEBT":99.943067095975,"ISSUED_COMMON_SHARES":2000000000,"HK_COMMON_SHARES":2000000000,"PER_SHARES":4000,"TOTAL_MARKET_CAP":1060000000,"HKSK_MARKET_CAP":1060000000,"PE_TTM":4.368467904124,"PB_TTM":0.654952491229,"REPORT_DATE_SQ":"2022-12-31 00:00:00","REPORT_TYPE_SQ":"2022年年报","OPERATE_INCOME_SQ":4446401731.02,"DPS_HKD":0.05,"OPERATE_INCOME_QOQ_SQ":0,"NET_PROFIT_RATIO_SQ":3.427060286,"HOLDER_PROFIT_SQ":152380867.88,"HOLDER_PROFIT_QOQ_SQ":0,"ROE_AVG_SQ":11.830507864044,"PE_TTM_SQ":4.251212169957,"PB_TTM_SQ":0.50144130494,"ROA_SQ":4.070390718271,"START_DATE":"2023-04-01 00:00:00","FISCAL_YEAR":"3-31","CURRENCY":"HKD","IS_CNY_CODE":0,"DPS_HKD_LY":0.05,"ORG_TYPE":"一般企业","PREMIUM_INCOME":null,"PREMIUM_INCOME_YOY":null,"NET_INTEREST_INCOME":null,"NET_INTEREST_INCOME_YOY":null,"FEE_COMMISSION_INCOME":null,"FEE_COMMISSION_INCOME_YOY":null,"ACCOUNTS_RECE_TDAYS":128.160376700384,"INVENTORY_TDAYS":null,"CURRENT_ASSETS_TDAYS":1.793780571809,"TOTAL_ASSETS_TDAYS":1.15641271288,"PREMIUM_EXPENSE":null,"LOAN_DEPOSIT":null,"LOAN_EQUITY":null,"LOAN_ASSETS":null,"DEPOSIT_EQUITY":null,"DEPOSIT_ASSETS":null,"EQUITY_MULTIPLIER":3.032733749346,"EQUITY_RATIO":2.032733749349},{"SECUCODE":"01627.HK","SECURITY_CODE":"01627","SECURITY_NAME_ABBR":"安保工程控股","ORG_CODE":"10575159","STD_REPORT_DATE":"2023-06-30 00:00:00","REPORT_DATE":"2023-09-30 00:00:00","DATE_TYPE_CODE":"002","REPORT_TYPE":"2023年中报","PER_NETCASH_OPERATE":0.1784148009,"PER_OI":1.39113442104,"BPS":0.67709440099,"BASIC_EPS":0.028538293,"DILUTED_EPS":0.028538293,"OPERATE_INCOME":2782268842.08,"OPERATE_INCOME_YOY":52.0352407003,"GROSS_PROFIT":109169523.47,"GROSS_PROFIT_YOY":20.20035796816,"HOLDER_PROFIT":57016022.42,"HOLDER_PROFIT_YOY":24.7620577487,"GROSS_PROFIT_RATIO":3.923758977525,"EPS_TTM":0.07619043394,"OPERATE_INCOME_QOQ":0,"NET_PROFIT_RATIO":2.0492635923,"ROE_AVG":4.147769374036,"GROSS_PROFIT_QOQ":0,"ROA":1.301667946673,"HOLDER_PROFIT_QOQ":0,"ROE_YEARLY":8.295538748072,"ROIC_YEARLY":4.245982575372,"TOTAL_ASSETS":4515058017.61,"TOTAL_LIABILITIES":3160869215.63,"TAX_EBT":20.245934254945,"OCF_SALES":12.825130210395,"TOTAL_PARENT_EQUITY":1354188801.98,"DEBT_ASSET_RATIO":70.007277942,"OPERATE_PROFIT":84759647.84,"PRETAX_PROFIT":71489800.41,"NETCASH_OPERATE":356829601.8,"NETCASH_INVEST":-32251023.98,"NETCASH_FINANCE":-73734323.39,"END_CASH":1819335448.98,"DIVI_RATIO":0.594923767408,"DIVIDEND_RATE":9.433962264151,"CURRENT_RATIO":1.099526775723,"COMMON_ACS":10000000000,"CURRENTDEBT_DEBT":85.922752736819,"ISSUED_COMMON_SHARES":2000000000,"HK_COMMON_SHARES":2000000000,"PER_SHARES":4000,"TOTAL_MARKET_CAP":1060000000,"HKSK_MARKET_CAP":1060000000,"PE_TTM":4.368467904124,"PB_TTM":0.654952491229,"REPORT_DATE_SQ":"2022-06-30 00:00:00","REPORT_TYPE_SQ":"2022年中报","OPERATE_INCOME_SQ":1803711125.4,"DPS_HKD":0.05,"OPERATE_INCOME_QOQ_SQ":0,"NET_PROFIT_RATIO_SQ":2.4972358514,"HOLDER_PROFIT_SQ":45042920.88,"HOLDER_PROFIT_QOQ_SQ":0,"ROE_AVG_SQ":3.544191193608,"PE_TTM_SQ":4.251212169957,"PB_TTM_SQ":0.50144130494,"ROA_SQ":1.326916077794,"START_DATE":"2023-04-01 00:00:00","FISCAL_YEAR":"3-31","CURRENCY":"HKD","IS_CNY_CODE":0,"DPS_HKD_LY":0.05,"ORG_TYPE":"一般企业","PREMIUM_INCOME":null,"PREMIUM_INCOME_YOY":null,"NET_INTEREST_INCOME":null,"NET_INTEREST_INCOME_YOY":null,"FEE_COMMISSION_INCOME":null,"FEE_COMMISSION_INCOME_YOY":null,"ACCOUNTS_RECE_TDAYS":11.844529649256,"INVENTORY_TDAYS":1039.44585191793,"CURRENT_ASSETS_TDAYS":0.974615451624,"TOTAL_ASSETS_TDAYS":0.635188148357,"PREMIUM_EXPENSE":null,"LOAN_DEPOSIT":null,"LOAN_EQUITY":null,"LOAN_ASSETS":null,"DEPOSIT_EQUITY":null,"DEPOSIT_ASSETS":null,"EQUITY_MULTIPLIER":3.334142189783,"EQUITY_RATIO":2.334142189781},{"SECUCODE":"01627.HK","SECURITY_CODE":"01627","SECURITY_NAME_ABBR":"安保工程控股","ORG_CODE":"10575159","STD_REPORT_DATE":"2022-12-31 00:00:00","REPORT_DATE":"2023-03-31 00:00:00","DATE_TYPE_CODE":"001","REPORT_TYPE":"2022年年报","PER_NETCASH_OPERATE":0.337125205755,"PER_OI":2.22320086551,"BPS":0.66543153117,"BASIC_EPS":0.07616067,"DILUTED_EPS":0.07616067,"OPERATE_INCOME":4446401731.02,"OPERATE_INCOME_YOY":-8.9339444061,"GROSS_PROFIT":275656104.08,"GROSS_PROFIT_YOY":34.226496595964,"HOLDER_PROFIT":152380867.88,"HOLDER_PROFIT_YOY":41.6569010417,"GROSS_PROFIT_RATIO":6.199532133071,"EPS_TTM":0.066715097,"OPERATE_INCOME_QOQ":0,"NET_PROFIT_RATIO":3.427060286,"ROE_AVG":11.830507864044,"GROSS_PROFIT_QOQ":0,"ROA":4.070390718271,"HOLDER_PROFIT_QOQ":0,"ROE_YEARLY":11.830507864044,"ROIC_YEARLY":6.520397124355,"TOTAL_ASSETS":4050067732.21,"TOTAL_LIABILITIES":2719204669.87,"TAX_EBT":20.98054792655,"OCF_SALES":15.163956212192,"TOTAL_PARENT_EQUITY":1330863062.34,"DEBT_ASSET_RATIO":67.1397332011,"OPERATE_PROFIT":213092302.2,"PRETAX_PROFIT":192839691.85,"NETCASH_OPERATE":674250411.51,"NETCASH_INVEST":-327755254.82,"NETCASH_FINANCE":-163445174.87,"END_CASH":1497601529.63,"DIVI_RATIO":0.679418932719,"DIVIDEND_RATE":9.090909090909,"CURRENT_RATIO":1.134763295679,"COMMON_ACS":10000000000,"CURRENTDEBT_DEBT":84.194871751947,"ISSUED_COMMON_SHARES":2000000000,"HK_COMMON_SHARES":2000000000,"PER_SHARES":4000,"TOTAL_MARKET_CAP":1100000000,"HKSK_MARKET_CAP":1100000000,"PE_TTM":4.533315749563,"PB_TTM":0.679667679577,"REPORT_DATE_SQ":"2021-12-31 00:00:00","REPORT_TYPE_SQ":"2021年年报","OPERATE_INCOME_SQ":4523419629.14,"DPS_HKD":0.05,"OPERATE_INCOME_QOQ_SQ":0,"NET_PROFIT_RATIO_SQ":2.2031320764,"HOLDER_PROFIT_SQ":99656908.8,"HOLDER_PROFIT_QOQ_SQ":0,"ROE_AVG_SQ":8.865909610724,"PE_TTM_SQ":4.366109796172,"PB_TTM_SQ":0.514993772641,"ROA_SQ":3.51551117744,"START_DATE":"2022-04-01 00:00:00","FISCAL_YEAR":"3-31","CURRENCY":"HKD","IS_CNY_CODE":0,"DPS_HKD_LY":0.035,"ORG_TYPE":"一般企业","PREMIUM_INCOME":null,"PREMIUM_INCOME_YOY":null,"NET_INTEREST_INCOME":null,"NET_INTEREST_INCOME_YOY":null,"FEE_COMMISSION_INCOME":null,"FEE_COMMISSION_INCOME_YOY":null,"ACCOUNTS_RECE_TDAYS":31.987543100055,"INVENTORY_TDAYS":1408.31628731895,"CURRENT_ASSETS_TDAYS":1.817838302137,"TOTAL_ASSETS_TDAYS":1.187720780663,"PREMIUM_EXPENSE":null,"LOAN_DEPOSIT":null,"LOAN_EQUITY":null,"LOAN_ASSETS":null,"DEPOSIT_EQUITY":null,"DEPOSIT_ASSETS":null,"EQUITY_MULTIPLIER":3.043188925153,"EQUITY_RATIO":2.043188925154},{"SECUCODE":"01627.HK","SECURITY_CODE":"01627","SECURITY_NAME_ABBR":"安保工程控股","ORG_CODE":"10575159","STD_REPORT_DATE":"2022-06-30 00:00:00","REPORT_DATE":"2022-09-30 00:00:00","DATE_TYPE_CODE":"002","REPORT_TYPE":"2022年中报","PER_NETCASH_OPERATE":-0.0621983388,"PER_OI":0.9018555627,"BPS":0.62764608684,"BASIC_EPS":0.022520556,"DILUTED_EPS":0.022520556,"OPERATE_INCOME":1803711125.4,"OPERATE_INCOME_YOY":-0.3791943157,"GROSS_PROFIT":90822960.36,"GROSS_PROFIT_YOY":61.148360892721,"HOLDER_PROFIT":45042920.88,"HOLDER_PROFIT_YOY":268.1401537552,"GROSS_PROFIT_RATIO":5.035338479706,"EPS_TTM":0.0498284544,"OPERATE_INCOME_QOQ":0,"NET_PROFIT_RATIO":2.4972358514,"ROE_AVG":3.544191193608,"GROSS_PROFIT_QOQ":0,"ROA":1.326916077794,"HOLDER_PROFIT_QOQ":0,"ROE_YEARLY":7.088382387216,"ROIC_YEARLY":3.843153914255,"TOTAL_ASSETS":3237913288.8,"TOTAL_LIABILITIES":1982621115.12,"TAX_EBT":23.421594858074,"OCF_SALES":-6.896707341228,"TOTAL_PARENT_EQUITY":1255292173.68,"DEBT_ASSET_RATIO":61.2314456344,"OPERATE_PROFIT":61924293.48,"PRETAX_PROFIT":58819350.96,"NETCASH_OPERATE":-124396677.6,"NETCASH_INVEST":-226082866.8,"NETCASH_FINANCE":-266092579.08,"END_CASH":741654366.6,"DIVI_RATIO":0.909671001154,"DIVIDEND_RATE":9.090909090909,"CURRENT_RATIO":1.170906705805,"COMMON_ACS":10000000000,"CURRENTDEBT_DEBT":77.54876834886,"ISSUED_COMMON_SHARES":2000000000,"HK_COMMON_SHARES":2000000000,"PER_SHARES":4000,"TOTAL_MARKET_CAP":1100000000,"HKSK_MARKET_CAP":1100000000,"PE_TTM":4.533315749563,"PB_TTM":0.679667679577,"REPORT_DATE_SQ":"2021-06-30 00:00:00","REPORT_TYPE_SQ":"2021年中报","OPERATE_INCOME_SQ":1667682820.56,"DPS_HKD":0.05,"OPERATE_INCOME_QOQ_SQ":0,"NET_PROFIT_RATIO_SQ":0.6757661314,"HOLDER_PROFIT_SQ":11269635.68,"HOLDER_PROFIT_QOQ_SQ":0,"ROE_AVG_SQ":1.016144285278,"PE_TTM_SQ":4.366109796172,"PB_TTM_SQ":0.514993772641,"ROA_SQ":0.454696400746,"START_DATE":"2022-04-01 00:00:00","FISCAL_YEAR":"3-31","CURRENCY":"HKD","IS_CNY_CODE":0,"DPS_HKD_LY":0.035,"ORG_TYPE":"一般企业","PREMIUM_INCOME":null,"PREMIUM_INCOME_YOY":null,"NET_INTEREST_INCOME":null,"NET_INTEREST_INCOME_YOY":null,"FEE_COMMISSION_INCOME":null,"FEE_COMMISSION_INCOME_YOY":null,"ACCOUNTS_RECE_TDAYS":6.804076403567,"INVENTORY_TDAYS":null,"CURRENT_ASSETS_TDAYS":0.865017931159,"TOTAL_ASSETS_TDAYS":0.531353927594,"PREMIUM_EXPENSE":null,"LOAN_DEPOSIT":null,"LOAN_EQUITY":null,"LOAN_ASSETS":null,"DEPOSIT_EQUITY":null,"DEPOSIT_ASSETS":null,"EQUITY_MULTIPLIER":2.579410082124,"EQUITY_RATIO":1.579410082123},{"SECUCODE":"01627.HK","SECURITY_CODE":"01627","SECURITY_NAME_ABBR":"安保工程控股","ORG_CODE":"10575159","STD_REPORT_DATE":"2021-12-31 00:00:00","REPORT_DATE":"2022-03-31 00:00:00","DATE_TYPE_CODE":"001","REPORT_TYPE":"2021年年报","PER_NETCASH_OPERATE":0.321867566225,"PER_OI":2.26170981457,"BPS":0.576799638615,"BASIC_EPS":0.049796014,"DILUTED_EPS":0.049796014,"OPERATE_INCOME":4523419629.14,"OPERATE_INCOME_YOY":50.530397348,"GROSS_PROFIT":205366385.23,"GROSS_PROFIT_YOY":65.259079311644,"HOLDER_PROFIT":99656908.8,"HOLDER_PROFIT_YOY":29.7571277719,"GROSS_PROFIT_RATIO":4.540069285348,"EPS_TTM":0.04504074428,"OPERATE_INCOME_QOQ":0,"NET_PROFIT_RATIO":2.2031320764,"ROE_AVG":8.865909610724,"GROSS_PROFIT_QOQ":0,"ROA":3.51551117744,"HOLDER_PROFIT_QOQ":0,"ROE_YEARLY":8.865909610724,"ROIC_YEARLY":5.362615916164,"TOTAL_ASSETS":3184356152.08,"TOTAL_LIABILITIES":2030756874.85,"TAX_EBT":21.190354027707,"OCF_SALES":14.231161051321,"TOTAL_PARENT_EQUITY":1153599277.23,"DEBT_ASSET_RATIO":63.7729191668,"OPERATE_PROFIT":136883078.81,"PRETAX_PROFIT":126452679.2,"NETCASH_OPERATE":643735132.45,"NETCASH_INVEST":24087808.01,"NETCASH_FINANCE":-182815441.17,"END_CASH":1218917211.62,"DIVI_RATIO":1.006366584846,"DIVIDEND_RATE":9.090909090909,"CURRENT_RATIO":1.303865685202,"COMMON_ACS":10000000000,"CURRENTDEBT_DEBT":80.26349998103,"ISSUED_COMMON_SHARES":2000000000,"HK_COMMON_SHARES":2000000000,"PER_SHARES":4000,"TOTAL_MARKET_CAP":1100000000,"HKSK_MARKET_CAP":1100000000,"PE_TTM":4.533315749563,"PB_TTM":0.679667679577,"REPORT_DATE_SQ":"2020-12-31 00:00:00","REPORT_TYPE_SQ":"2020年年报","OPERATE_INCOME_SQ":3131595588.38,"DPS_HKD":0.05,"OPERATE_INCOME_QOQ_SQ":0,"NET_PROFIT_RATIO_SQ":2.5558391478,"HOLDER_PROFIT_SQ":80038546,"HOLDER_PROFIT_QOQ_SQ":0,"ROE_AVG_SQ":7.272347493805,"PE_TTM_SQ":4.366109796172,"PB_TTM_SQ":0.514993772641,"ROA_SQ":3.799024769882,"START_DATE":"2021-04-01 00:00:00","FISCAL_YEAR":"3-31","CURRENCY":"HKD","IS_CNY_CODE":0,"DPS_HKD_LY":0.025,"ORG_TYPE":"一般企业","PREMIUM_INCOME":null,"PREMIUM_INCOME_YOY":null,"NET_INTEREST_INCOME":null,"NET_INTEREST_INCOME_YOY":null,"FEE_COMMISSION_INCOME":null,"FEE_COMMISSION_INCOME_YOY":null,"ACCOUNTS_RECE_TDAYS":21.832748453314,"INVENTORY_TDAYS":null,"CURRENT_ASSETS_TDAYS":2.531866254245,"TOTAL_ASSETS_TDAYS":1.595687891384,"PREMIUM_EXPENSE":null,"LOAN_DEPOSIT":null,"LOAN_EQUITY":null,"LOAN_ASSETS":null,"DEPOSIT_EQUITY":null,"DEPOSIT_ASSETS":null,"EQUITY_MULTIPLIER":2.760365938962,"EQUITY_RATIO":1.760365938965},{"SECUCODE":"01627.HK","SECURITY_CODE":"01627","SECURITY_NAME_ABBR":"安保工程控股","ORG_CODE":"10575159","STD_REPORT_DATE":"2021-06-30 00:00:00","REPORT_DATE":"2021-09-30 00:00:00","DATE_TYPE_CODE":"002","REPORT_TYPE":"2021年中报","PER_NETCASH_OPERATE":-0.03685290828,"PER_OI":0.83384141028,"BPS":0.54693346363,"BASIC_EPS":0.005664808,"DILUTED_EPS":0.005664808,"OPERATE_INCOME":1667682820.56,"OPERATE_INCOME_YOY":41.8270467187,"GROSS_PROFIT":56359841.24,"GROSS_PROFIT_YOY":243.22559317637,"HOLDER_PROFIT":11269635.68,"HOLDER_PROFIT_YOY":869.0544412607,"GROSS_PROFIT_RATIO":3.379530000859,"EPS_TTM":0.040019273,"OPERATE_INCOME_QOQ":0,"NET_PROFIT_RATIO":0.6757661314,"ROE_AVG":1.016144285278,"GROSS_PROFIT_QOQ":0,"ROA":0.454696400746,"HOLDER_PROFIT_QOQ":0,"ROE_YEARLY":2.032288570555,"ROIC_YEARLY":1.163710686968,"TOTAL_ASSETS":2404226988.14,"TOTAL_LIABILITIES":1310360060.88,"TAX_EBT":39.482866601056,"OCF_SALES":-4.419654364206,"TOTAL_PARENT_EQUITY":1093866927.26,"DEBT_ASSET_RATIO":54.5023438862,"OPERATE_PROFIT":20535762.06,"PRETAX_PROFIT":18622223.24,"NETCASH_OPERATE":-73705816.56,"NETCASH_INVEST":-62466171.04,"NETCASH_FINANCE":-288251255.9,"END_CASH":329440241.48,"DIVI_RATIO":1.132641764882,"DIVIDEND_RATE":9.090909090909,"CURRENT_RATIO":1.437047006407,"COMMON_ACS":10000000000,"CURRENTDEBT_DEBT":68.163283210888,"ISSUED_COMMON_SHARES":2000000000,"HK_COMMON_SHARES":2000000000,"PER_SHARES":4000,"TOTAL_MARKET_CAP":1100000000,"HKSK_MARKET_CAP":1100000000,"PE_TTM":4.533315749563,"PB_TTM":0.679667679577,"REPORT_DATE_SQ":"2020-06-30 00:00:00","REPORT_TYPE_SQ":"2020年中报","OPERATE_INCOME_SQ":1240305371.52,"DPS_HKD":0.05,"OPERATE_INCOME_QOQ_SQ":0,"NET_PROFIT_RATIO_SQ":0.0989025081,"HOLDER_PROFIT_SQ":1226693.12,"HOLDER_PROFIT_QOQ_SQ":0,"ROE_AVG_SQ":0.111187129692,"PE_TTM_SQ":4.366109796172,"PB_TTM_SQ":0.514993772641,"ROA_SQ":0.068952249333,"START_DATE":"2021-04-01 00:00:00","FISCAL_YEAR":"3-31","CURRENCY":"HKD","IS_CNY_CODE":0,"DPS_HKD_LY":0.025,"ORG_TYPE":"一般企业","PREMIUM_INCOME":null,"PREMIUM_INCOME_YOY":null,"NET_INTEREST_INCOME":null,"NET_INTEREST_INCOME_YOY":null,"FEE_COMMISSION_INCOME":null,"FEE_COMMISSION_INCOME_YOY":null,"ACCOUNTS_RECE_TDAYS":7.609265481747,"INVENTORY_TDAYS":null,"CURRENT_ASSETS_TDAYS":1.203729025136,"TOTAL_ASSETS_TDAYS":0.672860594278,"PREMIUM_EXPENSE":null,"LOAN_DEPOSIT":null,"LOAN_EQUITY":null,"LOAN_ASSETS":null,"DEPOSIT_EQUITY":null,"DEPOSIT_ASSETS":null,"EQUITY_MULTIPLIER":2.197915421179,"EQUITY_RATIO":1.197915421177},{"SECUCODE":"01627.HK","SECURITY_CODE":"01627","SECURITY_NAME_ABBR":"安保工程控股","ORG_CODE":"10575159","STD_REPORT_DATE":"2020-12-31 00:00:00","REPORT_DATE":"2021-03-31 00:00:00","DATE_TYPE_CODE":"001","REPORT_TYPE":"2020年年报","PER_NETCASH_OPERATE":0.07692363511,"PER_OI":1.56579779419,"BPS":0.57030337637,"BASIC_EPS":0.040061532,"DILUTED_EPS":0.040061532,"OPERATE_INCOME":3131595588.38,"OPERATE_INCOME_YOY":139.3812413549,"GROSS_PROFIT":124269350.94,"GROSS_PROFIT_YOY":-13.110285761493,"HOLDER_PROFIT":80038546,"HOLDER_PROFIT_YOY":294.9947862357,"GROSS_PROFIT_RATIO":3.968243901004,"EPS_TTM":-0.024314279475,"OPERATE_INCOME_QOQ":0,"NET_PROFIT_RATIO":2.5558391478,"ROE_AVG":7.272347493805,"GROSS_PROFIT_QOQ":0,"ROA":3.799024769882,"HOLDER_PROFIT_QOQ":0,"ROE_YEARLY":7.272347493805,"ROIC_YEARLY":5.467806341501,"TOTAL_ASSETS":2589906203.5,"TOTAL_LIABILITIES":1449299450.76,"TAX_EBT":16.038655909212,"OCF_SALES":4.912743867403,"TOTAL_PARENT_EQUITY":1140606752.74,"DEBT_ASSET_RATIO":55.9595343183,"OPERATE_PROFIT":90142672.9,"PRETAX_PROFIT":95327852.2,"NETCASH_OPERATE":153847270.22,"NETCASH_INVEST":-485320949.96,"NETCASH_FINANCE":575128931.58,"END_CASH":764831272.94,"DIVI_RATIO":-1.864233733375,"DIVIDEND_RATE":9.090909090909,"CURRENT_RATIO":1.453035742335,"COMMON_ACS":10000000000,"CURRENTDEBT_DEBT":71.654064481666,"ISSUED_COMMON_SHARES":2000000000,"HK_COMMON_SHARES":2000000000,"PER_SHARES":4000,"TOTAL_MARKET_CAP":1100000000,"HKSK_MARKET_CAP":1100000000,"PE_TTM":4.533315749563,"PB_TTM":0.679667679577,"REPORT_DATE_SQ":"2019-12-31 00:00:00","REPORT_TYPE_SQ":"2019年年报","OPERATE_INCOME_SQ":1414262321.7,"DPS_HKD":0.05,"OPERATE_INCOME_QOQ_SQ":0,"NET_PROFIT_RATIO_SQ":1.5489317055,"HOLDER_PROFIT_SQ":21905957.5,"HOLDER_PROFIT_QOQ_SQ":0,"ROE_AVG_SQ":1.867592192647,"PE_TTM_SQ":4.366109796172,"PB_TTM_SQ":0.514993772641,"ROA_SQ":1.208836227271,"START_DATE":"2020-04-01 00:00:00","FISCAL_YEAR":"3-31","CURRENCY":"HKD","IS_CNY_CODE":0,"DPS_HKD_LY":null,"ORG_TYPE":"一般企业","PREMIUM_INCOME":null,"PREMIUM_INCOME_YOY":null,"NET_INTEREST_INCOME":null,"NET_INTEREST_INCOME_YOY":null,"FEE_COMMISSION_INCOME":null,"FEE_COMMISSION_INCOME_YOY":null,"ACCOUNTS_RECE_TDAYS":18.302773887765,"INVENTORY_TDAYS":null,"CURRENT_ASSETS_TDAYS":2.471251312246,"TOTAL_ASSETS_TDAYS":1.486409961709,"PREMIUM_EXPENSE":null,"LOAN_DEPOSIT":null,"LOAN_EQUITY":null,"LOAN_ASSETS":null,"DEPOSIT_EQUITY":null,"DEPOSIT_ASSETS":null,"EQUITY_MULTIPLIER":2.270639023728,"EQUITY_RATIO":1.270639023729},{"SECUCODE":"01627.HK","SECURITY_CODE":"01627","SECURITY_NAME_ABBR":"安保工程控股","ORG_CODE":"10575159","STD_REPORT_DATE":"2020-06-30 00:00:00","REPORT_DATE":"2020-09-30 00:00:00","DATE_TYPE_CODE":"002","REPORT_TYPE":"2020年中报","PER_NETCASH_OPERATE":-0.01180077024,"PER_OI":0.62015268576,"BPS":0.55194116704,"BASIC_EPS":0.000615104,"DILUTED_EPS":0.000615104,"OPERATE_INCOME":1240305371.52,"OPERATE_INCOME_YOY":119.0507893793,"GROSS_PROFIT":16420640.64,"GROSS_PROFIT_YOY":-87.478247421636,"HOLDER_PROFIT":1226693.12,"HOLDER_PROFIT_YOY":-98.245283256,"GROSS_PROFIT_RATIO":1.32391917483,"EPS_TTM":0.01095297875,"OPERATE_INCOME_QOQ":0,"NET_PROFIT_RATIO":0.0989025081,"ROE_AVG":0.111187129692,"GROSS_PROFIT_QOQ":0,"ROA":0.068952249333,"HOLDER_PROFIT_QOQ":0,"ROE_YEARLY":0.222374259383,"ROIC_YEARLY":0.206236740869,"TOTAL_ASSETS":1869928462.08,"TOTAL_LIABILITIES":766046128,"TAX_EBT":44.182327069172,"OCF_SALES":-1.902881421136,"TOTAL_PARENT_EQUITY":1103882334.08,"DEBT_ASSET_RATIO":40.9666007836,"OPERATE_PROFIT":6179159.04,"PRETAX_PROFIT":2197678.72,"NETCASH_OPERATE":-23601540.48,"NETCASH_INVEST":-2215253.12,"NETCASH_FINANCE":121000622.72,"END_CASH":637042123.52,"DIVI_RATIO":4.138371947449,"DIVIDEND_RATE":9.090909090909,"CURRENT_RATIO":1.644351886024,"COMMON_ACS":10000000000,"CURRENTDEBT_DEBT":97.905422844197,"ISSUED_COMMON_SHARES":2000000000,"HK_COMMON_SHARES":2000000000,"PER_SHARES":4000,"TOTAL_MARKET_CAP":1100000000,"HKSK_MARKET_CAP":1100000000,"PE_TTM":4.533315749563,"PB_TTM":0.679667679577,"REPORT_DATE_SQ":"2019-06-30 00:00:00","REPORT_TYPE_SQ":"2019年中报","OPERATE_INCOME_SQ":581225477.67,"DPS_HKD":0.05,"OPERATE_INCOME_QOQ_SQ":0,"NET_PROFIT_RATIO_SQ":12.3465354371,"HOLDER_PROFIT_SQ":71761209.57,"HOLDER_PROFIT_QOQ_SQ":0,"ROE_AVG_SQ":6.067120624794,"PE_TTM_SQ":4.366109796172,"PB_TTM_SQ":0.514993772641,"ROA_SQ":4.045807427357,"START_DATE":"2020-04-01 00:00:00","FISCAL_YEAR":"3-31","CURRENCY":"HKD","IS_CNY_CODE":0,"DPS_HKD_LY":null,"ORG_TYPE":"一般企业","PREMIUM_INCOME":null,"PREMIUM_INCOME_YOY":null,"NET_INTEREST_INCOME":null,"NET_INTEREST_INCOME_YOY":null,"FEE_COMMISSION_INCOME":null,"FEE_COMMISSION_INCOME_YOY":null,"ACCOUNTS_RECE_TDAYS":5.305748776926,"INVENTORY_TDAYS":null,"CURRENT_ASSETS_TDAYS":1.07879412747,"TOTAL_ASSETS_TDAYS":0.697173920936,"PREMIUM_EXPENSE":null,"LOAN_DEPOSIT":null,"LOAN_EQUITY":null,"LOAN_ASSETS":null,"DEPOSIT_EQUITY":null,"DEPOSIT_ASSETS":null,"EQUITY_MULTIPLIER":1.693956325189,"EQUITY_RATIO":0.69395632519}],"count":20},"success":true,"message":"ok","code":0}