{"version":"5b7d5a16b5c8f0c605fc5dc8d2f712aa","result":{"pages":3,"data":[{"SECUCODE":"01626.HK","SECURITY_CODE":"01626","SECURITY_NAME_ABBR":"嘉耀控股","ORG_CODE":"10400432","STD_REPORT_DATE":"2024-06-30 00:00:00","REPORT_DATE":"2024-06-30 00:00:00","DATE_TYPE_CODE":"002","REPORT_TYPE":"2024年中报","PER_NETCASH_OPERATE":-0.0891,"PER_OI":1.237941666667,"BPS":0.698966666667,"BASIC_EPS":0.025,"DILUTED_EPS":0.024,"OPERATE_INCOME":742765000,"OPERATE_INCOME_YOY":41.0569514842,"GROSS_PROFIT":153608000,"GROSS_PROFIT_YOY":28.933916415555,"HOLDER_PROFIT":14808000,"HOLDER_PROFIT_YOY":-29.7999431118,"GROSS_PROFIT_RATIO":20.680565185489,"EPS_TTM":0.154998333333,"OPERATE_INCOME_QOQ":14.85192657916,"NET_PROFIT_RATIO":3.6683203974,"ROE_AVG":3.601443203942,"GROSS_PROFIT_QOQ":8.896637338984,"ROA":1.023350186453,"HOLDER_PROFIT_QOQ":-6.331268570277,"ROE_YEARLY":7.202886407884,"ROIC_YEARLY":2.84530662752,"TOTAL_ASSETS":1428784000,"TOTAL_LIABILITIES":900273000,"TAX_EBT":26.583676878722,"OCF_SALES":-7.197431219834,"TOTAL_PARENT_EQUITY":419380000,"DEBT_ASSET_RATIO":63.0097341516,"OPERATE_PROFIT":37435000,"PRETAX_PROFIT":37113000,"NETCASH_OPERATE":-53460000,"NETCASH_INVEST":-33698000,"NETCASH_FINANCE":28691000,"END_CASH":254927000,"DIVI_RATIO":1.76649641394,"DIVIDEND_RATE":6.479481641469,"CURRENT_RATIO":1.299633196856,"COMMON_ACS":2000000000,"CURRENTDEBT_DEBT":94.845008125313,"ISSUED_COMMON_SHARES":600000000,"HK_COMMON_SHARES":600000000,"PER_SHARES":1000,"TOTAL_MARKET_CAP":2778000000,"HKSK_MARKET_CAP":2778000000,"PE_TTM":26.995717096497,"PB_TTM":6.045650817874,"REPORT_DATE_SQ":"2023-06-30 00:00:00","REPORT_TYPE_SQ":"2023年中报","OPERATE_INCOME_SQ":526571000,"DPS_HKD":0.3,"OPERATE_INCOME_QOQ_SQ":12.132537075456,"NET_PROFIT_RATIO_SQ":5.9819093721,"HOLDER_PROFIT_SQ":21094000,"HOLDER_PROFIT_QOQ_SQ":374.490538573508,"ROE_AVG_SQ":6.513609905974,"PE_TTM_SQ":83.353852699894,"PB_TTM_SQ":6.830185954482,"ROA_SQ":2.01719309503,"START_DATE":"2024-01-01 00:00:00","FISCAL_YEAR":"12-31","CURRENCY":"HKD","IS_CNY_CODE":0,"DPS_HKD_LY":null,"ORG_TYPE":"一般企业","PREMIUM_INCOME":null,"PREMIUM_INCOME_YOY":null,"NET_INTEREST_INCOME":null,"NET_INTEREST_INCOME_YOY":null,"FEE_COMMISSION_INCOME":null,"FEE_COMMISSION_INCOME_YOY":null,"ACCOUNTS_RECE_TDAYS":1.469619895017,"INVENTORY_TDAYS":2.779901337442,"CURRENT_ASSETS_TDAYS":0.638268619086,"TOTAL_ASSETS_TDAYS":0.513309495706,"PREMIUM_EXPENSE":null,"LOAN_DEPOSIT":null,"LOAN_EQUITY":null,"LOAN_ASSETS":null,"DEPOSIT_EQUITY":null,"DEPOSIT_ASSETS":null,"EQUITY_MULTIPLIER":2.703413930839,"EQUITY_RATIO":2.146676045591},{"SECUCODE":"01626.HK","SECURITY_CODE":"01626","SECURITY_NAME_ABBR":"嘉耀控股","ORG_CODE":"10400432","STD_REPORT_DATE":"2023-12-31 00:00:00","REPORT_DATE":"2023-12-31 00:00:00","DATE_TYPE_CODE":"001","REPORT_TYPE":"2023年年报","PER_NETCASH_OPERATE":0.114161666667,"PER_OI":2.426105,"BPS":0.671595,"BASIC_EPS":0.17,"DILUTED_EPS":0.16,"OPERATE_INCOME":1455663000,"OPERATE_INCOME_YOY":50.3220383265,"GROSS_PROFIT":387461000,"GROSS_PROFIT_YOY":181.051929117009,"HOLDER_PROFIT":99285000,"HOLDER_PROFIT_YOY":1706.4956331878,"GROSS_PROFIT_RATIO":26.617493197258,"EPS_TTM":0.165475,"OPERATE_INCOME_QOQ":34.057466500898,"NET_PROFIT_RATIO":9.3184342805,"ROE_AVG":27.174195667346,"GROSS_PROFIT_QOQ":80.372979037386,"ROA":7.823787671457,"HOLDER_PROFIT_QOQ":280.723214970473,"ROE_YEARLY":27.174195667346,"ROIC_YEARLY":11.22756903369,"TOTAL_ASSETS":1465240000,"TOTAL_LIABILITIES":925217000,"TAX_EBT":18.76474745176,"OCF_SALES":4.705553414492,"TOTAL_PARENT_EQUITY":402957000,"DEBT_ASSET_RATIO":63.1443995523,"OPERATE_PROFIT":163714000,"PRETAX_PROFIT":166978000,"NETCASH_OPERATE":68497000,"NETCASH_INVEST":-35134000,"NETCASH_FINANCE":12666000,"END_CASH":311156000,"DIVI_RATIO":1.654654781689,"DIVIDEND_RATE":6.521739130435,"CURRENT_RATIO":1.348004937151,"COMMON_ACS":2000000000,"CURRENTDEBT_DEBT":97.637094865313,"ISSUED_COMMON_SHARES":600000000,"HK_COMMON_SHARES":600000000,"PER_SHARES":1000,"TOTAL_MARKET_CAP":2760000000,"HKSK_MARKET_CAP":2760000000,"PE_TTM":26.820798843172,"PB_TTM":6.006478134389,"REPORT_DATE_SQ":"2022-12-31 00:00:00","REPORT_TYPE_SQ":"2022年年报","OPERATE_INCOME_SQ":968363000,"DPS_HKD":0.3,"OPERATE_INCOME_QOQ_SQ":24.617376320507,"NET_PROFIT_RATIO_SQ":1.1380030009,"HOLDER_PROFIT_SQ":5496000,"HOLDER_PROFIT_QOQ_SQ":128.607120549656,"ROE_AVG_SQ":2.25161004867,"PE_TTM_SQ":87.99634576166,"PB_TTM_SQ":7.210601374732,"ROA_SQ":0.601059071333,"START_DATE":"2023-01-01 00:00:00","FISCAL_YEAR":"12-31","CURRENCY":"HKD","IS_CNY_CODE":0,"DPS_HKD_LY":0.056,"ORG_TYPE":"一般企业","PREMIUM_INCOME":null,"PREMIUM_INCOME_YOY":null,"NET_INTEREST_INCOME":null,"NET_INTEREST_INCOME_YOY":null,"FEE_COMMISSION_INCOME":null,"FEE_COMMISSION_INCOME_YOY":null,"ACCOUNTS_RECE_TDAYS":3.941179974387,"INVENTORY_TDAYS":4.924791266142,"CURRENT_ASSETS_TDAYS":1.394556330701,"TOTAL_ASSETS_TDAYS":1.147081455728,"PREMIUM_EXPENSE":null,"LOAN_DEPOSIT":null,"LOAN_EQUITY":null,"LOAN_ASSETS":null,"DEPOSIT_EQUITY":null,"DEPOSIT_ASSETS":null,"EQUITY_MULTIPLIER":2.713291841274,"EQUITY_RATIO":2.296068811312},{"SECUCODE":"01626.HK","SECURITY_CODE":"01626","SECURITY_NAME_ABBR":"嘉耀控股","ORG_CODE":"10400432","STD_REPORT_DATE":"2023-06-30 00:00:00","REPORT_DATE":"2023-06-30 00:00:00","DATE_TYPE_CODE":"002","REPORT_TYPE":"2023年中报","PER_NETCASH_OPERATE":-0.10152,"PER_OI":0.877618333333,"BPS":0.533195,"BASIC_EPS":0.035,"DILUTED_EPS":0.034,"OPERATE_INCOME":526571000,"OPERATE_INCOME_YOY":28.7195294854,"GROSS_PROFIT":119137000,"GROSS_PROFIT_YOY":182.402161803399,"HOLDER_PROFIT":21094000,"HOLDER_PROFIT_YOY":4019.921875,"GROSS_PROFIT_RATIO":22.625059108838,"EPS_TTM":0.043463333333,"OPERATE_INCOME_QOQ":12.132537075456,"NET_PROFIT_RATIO":5.9819093721,"ROE_AVG":6.513609905974,"GROSS_PROFIT_QOQ":55.81709112802,"ROA":2.01719309503,"HOLDER_PROFIT_QOQ":374.490538573508,"ROE_YEARLY":13.027219811947,"ROIC_YEARLY":5.519128828513,"TOTAL_ASSETS":1018632000,"TOTAL_LIABILITIES":625901000,"TAX_EBT":16.370635868844,"OCF_SALES":-11.567670836411,"TOTAL_PARENT_EQUITY":319917000,"DEBT_ASSET_RATIO":61.4452520636,"OPERATE_PROFIT":35281000,"PRETAX_PROFIT":37665000,"NETCASH_OPERATE":-60912000,"NETCASH_INVEST":-45302000,"NETCASH_FINANCE":7648000,"END_CASH":168601000,"DIVI_RATIO":6.299654881509,"DIVIDEND_RATE":6.521739130435,"CURRENT_RATIO":1.297095165476,"COMMON_ACS":2000000000,"CURRENTDEBT_DEBT":96.175273725398,"ISSUED_COMMON_SHARES":600000000,"HK_COMMON_SHARES":600000000,"PER_SHARES":1000,"TOTAL_MARKET_CAP":2760000000,"HKSK_MARKET_CAP":2760000000,"PE_TTM":26.820798843172,"PB_TTM":6.006478134389,"REPORT_DATE_SQ":"2022-06-30 00:00:00","REPORT_TYPE_SQ":"2022年中报","OPERATE_INCOME_SQ":409084000,"DPS_HKD":0.3,"OPERATE_INCOME_QOQ_SQ":12.791315404445,"NET_PROFIT_RATIO_SQ":0.1716028982,"HOLDER_PROFIT_SQ":512000,"HOLDER_PROFIT_QOQ_SQ":26.736071387713,"ROE_AVG_SQ":0.318035139156,"PE_TTM_SQ":87.99634576166,"PB_TTM_SQ":7.210601374732,"ROA_SQ":0.063619555061,"START_DATE":"2023-01-01 00:00:00","FISCAL_YEAR":"12-31","CURRENCY":"HKD","IS_CNY_CODE":0,"DPS_HKD_LY":0.056,"ORG_TYPE":"一般企业","PREMIUM_INCOME":null,"PREMIUM_INCOME_YOY":null,"NET_INTEREST_INCOME":null,"NET_INTEREST_INCOME_YOY":null,"FEE_COMMISSION_INCOME":null,"FEE_COMMISSION_INCOME_YOY":null,"ACCOUNTS_RECE_TDAYS":2.177523870962,"INVENTORY_TDAYS":2.146072446287,"CURRENT_ASSETS_TDAYS":0.637992961821,"TOTAL_ASSETS_TDAYS":0.503553325705,"PREMIUM_EXPENSE":null,"LOAN_DEPOSIT":null,"LOAN_EQUITY":null,"LOAN_ASSETS":null,"DEPOSIT_EQUITY":null,"DEPOSIT_ASSETS":null,"EQUITY_MULTIPLIER":2.593714272622,"EQUITY_RATIO":1.95644807872},{"SECUCODE":"01626.HK","SECURITY_CODE":"01626","SECURITY_NAME_ABBR":"嘉耀控股","ORG_CODE":"10400432","STD_REPORT_DATE":"2022-12-31 00:00:00","REPORT_DATE":"2022-12-31 00:00:00","DATE_TYPE_CODE":"001","REPORT_TYPE":"2022年年报","PER_NETCASH_OPERATE":0.134226666667,"PER_OI":1.613938333333,"BPS":0.546288333333,"BASIC_EPS":0.01,"DILUTED_EPS":0.01,"OPERATE_INCOME":968363000,"OPERATE_INCOME_YOY":40.5575779744,"GROSS_PROFIT":137861000,"GROSS_PROFIT_YOY":112.025345657557,"HOLDER_PROFIT":5496000,"HOLDER_PROFIT_YOY":120.9587003775,"GROSS_PROFIT_RATIO":14.236500155417,"EPS_TTM":0.00916,"OPERATE_INCOME_QOQ":24.617376320507,"NET_PROFIT_RATIO":1.1380030009,"ROE_AVG":2.25161004867,"GROSS_PROFIT_QOQ":87.60937904005,"ROA":0.601059071333,"HOLDER_PROFIT_QOQ":128.607120549656,"ROE_YEARLY":2.25161004867,"ROIC_YEARLY":0.7875138363,"TOTAL_ASSETS":1072789000,"TOTAL_LIABILITIES":690377000,"TAX_EBT":39.666027922256,"OCF_SALES":8.316715942265,"TOTAL_PARENT_EQUITY":327773000,"DEBT_ASSET_RATIO":64.3534749145,"OPERATE_PROFIT":19305000,"PRETAX_PROFIT":18265000,"NETCASH_OPERATE":80536000,"NETCASH_INVEST":-7823000,"NETCASH_FINANCE":127139000,"END_CASH":266575000,"DIVI_RATIO":29.891266375546,"DIVIDEND_RATE":6.521739130435,"CURRENT_RATIO":1.311389630496,"COMMON_ACS":2000000000,"CURRENTDEBT_DEBT":96.085037595401,"ISSUED_COMMON_SHARES":600000000,"HK_COMMON_SHARES":600000000,"PER_SHARES":1000,"TOTAL_MARKET_CAP":2760000000,"HKSK_MARKET_CAP":2760000000,"PE_TTM":26.820798843172,"PB_TTM":6.006478134389,"REPORT_DATE_SQ":"2021-12-31 00:00:00","REPORT_TYPE_SQ":"2021年年报","OPERATE_INCOME_SQ":688944000,"DPS_HKD":0.3,"OPERATE_INCOME_QOQ_SQ":8.031687689345,"NET_PROFIT_RATIO_SQ":-4.2999140714,"HOLDER_PROFIT_SQ":-26223000,"HOLDER_PROFIT_QOQ_SQ":-0.536748073458,"ROE_AVG_SQ":-15.133484920186,"PE_TTM_SQ":87.99634576166,"PB_TTM_SQ":7.210601374732,"ROA_SQ":-3.873795486407,"START_DATE":"2022-01-01 00:00:00","FISCAL_YEAR":"12-31","CURRENCY":"HKD","IS_CNY_CODE":0,"DPS_HKD_LY":null,"ORG_TYPE":"一般企业","PREMIUM_INCOME":null,"PREMIUM_INCOME_YOY":null,"NET_INTEREST_INCOME":null,"NET_INTEREST_INCOME_YOY":null,"FEE_COMMISSION_INCOME":null,"FEE_COMMISSION_INCOME_YOY":null,"ACCOUNTS_RECE_TDAYS":5.754252420723,"INVENTORY_TDAYS":3.976062295482,"CURRENT_ASSETS_TDAYS":1.354387942634,"TOTAL_ASSETS_TDAYS":1.059030868802,"PREMIUM_EXPENSE":null,"LOAN_DEPOSIT":null,"LOAN_EQUITY":null,"LOAN_ASSETS":null,"DEPOSIT_EQUITY":null,"DEPOSIT_ASSETS":null,"EQUITY_MULTIPLIER":2.805322531723,"EQUITY_RATIO":2.106265616753},{"SECUCODE":"01626.HK","SECURITY_CODE":"01626","SECURITY_NAME_ABBR":"嘉耀控股","ORG_CODE":"10400432","STD_REPORT_DATE":"2022-06-30 00:00:00","REPORT_DATE":"2022-06-30 00:00:00","DATE_TYPE_CODE":"002","REPORT_TYPE":"2022年中报","PER_NETCASH_OPERATE":0.231996666667,"PER_OI":1.363613333333,"BPS":0.269276666667,"BASIC_EPS":0.001,"DILUTED_EPS":0.001,"OPERATE_INCOME":409084000,"OPERATE_INCOME_YOY":27.4567779685,"GROSS_PROFIT":42187000,"GROSS_PROFIT_YOY":25.091178650853,"HOLDER_PROFIT":512000,"HOLDER_PROFIT_YOY":107.8781350977,"GROSS_PROFIT_RATIO":10.312551945322,"EPS_TTM":-0.06404,"OPERATE_INCOME_QOQ":12.791315404445,"NET_PROFIT_RATIO":0.1716028982,"ROE_AVG":0.318035139156,"GROSS_PROFIT_QOQ":13.014256932376,"ROA":0.063619555061,"HOLDER_PROFIT_QOQ":26.736071387713,"ROE_YEARLY":0.636070278312,"ROIC_YEARLY":0.149300518324,"TOTAL_ASSETS":853585000,"TOTAL_LIABILITIES":645900000,"TAX_EBT":-19.387755102041,"OCF_SALES":17.01337622591,"TOTAL_PARENT_EQUITY":161566000,"DEBT_ASSET_RATIO":75.6690897802,"OPERATE_PROFIT":1582000,"PRETAX_PROFIT":588000,"NETCASH_OPERATE":69599000,"NETCASH_INVEST":-4594000,"NETCASH_FINANCE":-51504000,"END_CASH":79946000,"DIVI_RATIO":-4.275515302936,"DIVIDEND_RATE":6.521739130435,"CURRENT_RATIO":1.025783264926,"COMMON_ACS":2000000000,"CURRENTDEBT_DEBT":99.469112865769,"ISSUED_COMMON_SHARES":600000000,"HK_COMMON_SHARES":600000000,"PER_SHARES":1000,"TOTAL_MARKET_CAP":2760000000,"HKSK_MARKET_CAP":2760000000,"PE_TTM":26.820798843172,"PB_TTM":6.006478134389,"REPORT_DATE_SQ":"2021-06-30 00:00:00","REPORT_TYPE_SQ":"2021年中报","OPERATE_INCOME_SQ":320959000,"DPS_HKD":0.3,"OPERATE_INCOME_QOQ_SQ":10.669091565379,"NET_PROFIT_RATIO_SQ":-2.2442118775,"HOLDER_PROFIT_SQ":-6499000,"HOLDER_PROFIT_QOQ_SQ":0.465560007632,"ROE_AVG_SQ":-3.54340797444,"PE_TTM_SQ":87.99634576166,"PB_TTM_SQ":7.210601374732,"ROA_SQ":-1.025286670879,"START_DATE":"2022-01-01 00:00:00","FISCAL_YEAR":"12-31","CURRENCY":"HKD","IS_CNY_CODE":0,"DPS_HKD_LY":null,"ORG_TYPE":"一般企业","PREMIUM_INCOME":null,"PREMIUM_INCOME_YOY":null,"NET_INTEREST_INCOME":null,"NET_INTEREST_INCOME_YOY":null,"FEE_COMMISSION_INCOME":null,"FEE_COMMISSION_INCOME_YOY":null,"ACCOUNTS_RECE_TDAYS":3.049713542346,"INVENTORY_TDAYS":1.646197092099,"CURRENT_ASSETS_TDAYS":0.671129554726,"TOTAL_ASSETS_TDAYS":0.508315274658,"PREMIUM_EXPENSE":null,"LOAN_DEPOSIT":null,"LOAN_EQUITY":null,"LOAN_ASSETS":null,"DEPOSIT_EQUITY":null,"DEPOSIT_ASSETS":null,"EQUITY_MULTIPLIER":4.109998314762,"EQUITY_RATIO":3.997747050741},{"SECUCODE":"01626.HK","SECURITY_CODE":"01626","SECURITY_NAME_ABBR":"嘉耀控股","ORG_CODE":"10400432","STD_REPORT_DATE":"2021-12-31 00:00:00","REPORT_DATE":"2021-12-31 00:00:00","DATE_TYPE_CODE":"001","REPORT_TYPE":"2021年年报","PER_NETCASH_OPERATE":0.114063333333,"PER_OI":2.29648,"BPS":0.267351666667,"BASIC_EPS":-0.07,"DILUTED_EPS":-0.07,"OPERATE_INCOME":688944000,"OPERATE_INCOME_YOY":19.5576873685,"GROSS_PROFIT":65021000,"GROSS_PROFIT_YOY":-11.772528054059,"HOLDER_PROFIT":-26223000,"HOLDER_PROFIT_YOY":-0.0686891815,"GROSS_PROFIT_RATIO":9.437777235886,"EPS_TTM":-0.08741,"OPERATE_INCOME_QOQ":8.031687689345,"NET_PROFIT_RATIO":-4.2999140714,"ROE_AVG":-15.133484920186,"GROSS_PROFIT_QOQ":-13.351545842217,"ROA":-3.873795486407,"HOLDER_PROFIT_QOQ":-0.536748073458,"ROE_YEARLY":-15.133484920186,"ROIC_YEARLY":-4.646848053757,"TOTAL_ASSETS":755983000,"TOTAL_LIABILITIES":549643000,"TAX_EBT":-2.807565504078,"OCF_SALES":4.966876843401,"TOTAL_PARENT_EQUITY":160411000,"DEBT_ASSET_RATIO":72.7057354464,"OPERATE_PROFIT":-23878000,"PRETAX_PROFIT":-28815000,"NETCASH_OPERATE":34219000,"NETCASH_INVEST":-27168000,"NETCASH_FINANCE":-11717000,"END_CASH":65844000,"DIVI_RATIO":-3.13241047935,"DIVIDEND_RATE":6.521739130435,"CURRENT_RATIO":1.023275402144,"COMMON_ACS":2000000000,"CURRENTDEBT_DEBT":99.576634288074,"ISSUED_COMMON_SHARES":600000000,"HK_COMMON_SHARES":600000000,"PER_SHARES":1000,"TOTAL_MARKET_CAP":2760000000,"HKSK_MARKET_CAP":2760000000,"PE_TTM":26.820798843172,"PB_TTM":6.006478134389,"REPORT_DATE_SQ":"2020-12-31 00:00:00","REPORT_TYPE_SQ":"2020年年报","OPERATE_INCOME_SQ":576244000,"DPS_HKD":0.3,"OPERATE_INCOME_QOQ_SQ":-1.648734263634,"NET_PROFIT_RATIO_SQ":-5.2495123593,"HOLDER_PROFIT_SQ":-26205000,"HOLDER_PROFIT_QOQ_SQ":-581.975354055545,"ROE_AVG_SQ":-13.148684755203,"PE_TTM_SQ":87.99634576166,"PB_TTM_SQ":7.210601374732,"ROA_SQ":-4.219106975816,"START_DATE":"2021-01-01 00:00:00","FISCAL_YEAR":"12-31","CURRENCY":"HKD","IS_CNY_CODE":0,"DPS_HKD_LY":null,"ORG_TYPE":"一般企业","PREMIUM_INCOME":null,"PREMIUM_INCOME_YOY":null,"NET_INTEREST_INCOME":null,"NET_INTEREST_INCOME_YOY":null,"FEE_COMMISSION_INCOME":null,"FEE_COMMISSION_INCOME_YOY":null,"ACCOUNTS_RECE_TDAYS":5.830725937837,"INVENTORY_TDAYS":3.371991720306,"CURRENT_ASSETS_TDAYS":1.398463594871,"TOTAL_ASSETS_TDAYS":1.017743262627,"PREMIUM_EXPENSE":null,"LOAN_DEPOSIT":null,"LOAN_EQUITY":null,"LOAN_ASSETS":null,"DEPOSIT_EQUITY":null,"DEPOSIT_ASSETS":null,"EQUITY_MULTIPLIER":3.663773383731,"EQUITY_RATIO":3.426467012861},{"SECUCODE":"01626.HK","SECURITY_CODE":"01626","SECURITY_NAME_ABBR":"嘉耀控股","ORG_CODE":"10400432","STD_REPORT_DATE":"2021-06-30 00:00:00","REPORT_DATE":"2021-06-30 00:00:00","DATE_TYPE_CODE":"002","REPORT_TYPE":"2021年中报","PER_NETCASH_OPERATE":0.073416666667,"PER_OI":1.069863333333,"BPS":0.301128333333,"BASIC_EPS":-0.022,"DILUTED_EPS":-0.022,"OPERATE_INCOME":320959000,"OPERATE_INCOME_YOY":23.69363224,"GROSS_PROFIT":33725000,"GROSS_PROFIT_YOY":4.147365820518,"HOLDER_PROFIT":-6499000,"HOLDER_PROFIT_YOY":1.8426219604,"GROSS_PROFIT_RATIO":10.50757261831,"EPS_TTM":-0.086943333333,"OPERATE_INCOME_QOQ":10.669091565379,"NET_PROFIT_RATIO":-2.2442118775,"ROE_AVG":-3.54340797444,"GROSS_PROFIT_QOQ":1.82232655332,"ROA":-1.025286670879,"HOLDER_PROFIT_QOQ":0.465560007632,"ROE_YEARLY":-7.08681594888,"ROIC_YEARLY":-2.466570455617,"TOTAL_ASSETS":669860000,"TOTAL_LIABILITIES":446612000,"TAX_EBT":18.471986417657,"OCF_SALES":6.862247202914,"TOTAL_PARENT_EQUITY":180677000,"DEBT_ASSET_RATIO":66.6724390171,"OPERATE_PROFIT":-5626000,"PRETAX_PROFIT":-8835000,"NETCASH_OPERATE":22025000,"NETCASH_INVEST":-13537000,"NETCASH_FINANCE":-21777000,"END_CASH":57782000,"DIVI_RATIO":-3.149223632251,"DIVIDEND_RATE":6.521739130435,"CURRENT_RATIO":1.08873250159,"COMMON_ACS":2000000000,"CURRENTDEBT_DEBT":100,"ISSUED_COMMON_SHARES":600000000,"HK_COMMON_SHARES":600000000,"PER_SHARES":1000,"TOTAL_MARKET_CAP":2760000000,"HKSK_MARKET_CAP":2760000000,"PE_TTM":26.820798843172,"PB_TTM":6.006478134389,"REPORT_DATE_SQ":"2020-06-30 00:00:00","REPORT_TYPE_SQ":"2020年中报","OPERATE_INCOME_SQ":259479000,"DPS_HKD":0.3,"OPERATE_INCOME_QOQ_SQ":0.799474242891,"NET_PROFIT_RATIO_SQ":-2.9008127825,"HOLDER_PROFIT_SQ":-6621000,"HOLDER_PROFIT_QOQ_SQ":28.777830412127,"ROE_AVG_SQ":-3.165723547848,"PE_TTM_SQ":87.99634576166,"PB_TTM_SQ":7.210601374732,"ROA_SQ":-1.059683839381,"START_DATE":"2021-01-01 00:00:00","FISCAL_YEAR":"12-31","CURRENCY":"HKD","IS_CNY_CODE":0,"DPS_HKD_LY":null,"ORG_TYPE":"一般企业","PREMIUM_INCOME":null,"PREMIUM_INCOME_YOY":null,"NET_INTEREST_INCOME":null,"NET_INTEREST_INCOME_YOY":null,"FEE_COMMISSION_INCOME":null,"FEE_COMMISSION_INCOME_YOY":null,"ACCOUNTS_RECE_TDAYS":2.470188481756,"INVENTORY_TDAYS":1.709303951702,"CURRENT_ASSETS_TDAYS":0.704264415951,"TOTAL_ASSETS_TDAYS":0.50634710663,"PREMIUM_EXPENSE":null,"LOAN_DEPOSIT":null,"LOAN_EQUITY":null,"LOAN_ASSETS":null,"DEPOSIT_EQUITY":null,"DEPOSIT_ASSETS":null,"EQUITY_MULTIPLIER":3.000519601519,"EQUITY_RATIO":2.471880759588},{"SECUCODE":"01626.HK","SECURITY_CODE":"01626","SECURITY_NAME_ABBR":"嘉耀控股","ORG_CODE":"10400432","STD_REPORT_DATE":"2020-12-31 00:00:00","REPORT_DATE":"2020-12-31 00:00:00","DATE_TYPE_CODE":"001","REPORT_TYPE":"2020年年报","PER_NETCASH_OPERATE":-0.175963333333,"PER_OI":1.920813333333,"BPS":0.310241666667,"BASIC_EPS":-0.09,"DILUTED_EPS":-0.09,"OPERATE_INCOME":576244000,"OPERATE_INCOME_YOY":-0.8624412265,"GROSS_PROFIT":73697000,"GROSS_PROFIT_YOY":-41.512174216692,"HOLDER_PROFIT":-26205000,"HOLDER_PROFIT_YOY":-720.6774040739,"GROSS_PROFIT_RATIO":12.78920040816,"EPS_TTM":-0.08735,"OPERATE_INCOME_QOQ":-1.648734263634,"NET_PROFIT_RATIO":-5.2495123593,"ROE_AVG":-13.148684755203,"GROSS_PROFIT_QOQ":-28.609623078339,"ROA":-4.219106975816,"HOLDER_PROFIT_QOQ":-581.975354055545,"ROE_YEARLY":-13.148684755203,"ROIC_YEARLY":-5.212176663053,"TOTAL_ASSETS":597883000,"TOTAL_LIABILITIES":368463000,"TAX_EBT":-2.803738317757,"OCF_SALES":-9.160876295458,"TOTAL_PARENT_EQUITY":186145000,"DEBT_ASSET_RATIO":61.6279439288,"OPERATE_PROFIT":-25811000,"PRETAX_PROFIT":-29425000,"NETCASH_OPERATE":-52789000,"NETCASH_INVEST":-6940000,"NETCASH_FINANCE":54327000,"END_CASH":70182000,"DIVI_RATIO":-3.134562106468,"DIVIDEND_RATE":6.521739130435,"CURRENT_RATIO":1.154426915778,"COMMON_ACS":2000000000,"CURRENTDEBT_DEBT":99.969060665521,"ISSUED_COMMON_SHARES":600000000,"HK_COMMON_SHARES":600000000,"PER_SHARES":1000,"TOTAL_MARKET_CAP":2760000000,"HKSK_MARKET_CAP":2760000000,"PE_TTM":26.820798843172,"PB_TTM":6.006478134389,"REPORT_DATE_SQ":"2019-12-31 00:00:00","REPORT_TYPE_SQ":"2019年年报","OPERATE_INCOME_SQ":581257000,"DPS_HKD":0.3,"OPERATE_INCOME_QOQ_SQ":2.390942848486,"NET_PROFIT_RATIO_SQ":1.2817049945,"HOLDER_PROFIT_SQ":4222000,"HOLDER_PROFIT_QOQ_SQ":138.723287168669,"ROE_AVG_SQ":2.00174477043,"PE_TTM_SQ":87.99634576166,"PB_TTM_SQ":7.210601374732,"ROA_SQ":0.59160943128,"START_DATE":"2020-01-01 00:00:00","FISCAL_YEAR":"12-31","CURRENCY":"HKD","IS_CNY_CODE":0,"DPS_HKD_LY":null,"ORG_TYPE":"一般企业","PREMIUM_INCOME":null,"PREMIUM_INCOME_YOY":null,"NET_INTEREST_INCOME":null,"NET_INTEREST_INCOME_YOY":null,"FEE_COMMISSION_INCOME":null,"FEE_COMMISSION_INCOME_YOY":null,"ACCOUNTS_RECE_TDAYS":4.310783616981,"INVENTORY_TDAYS":3.403037731249,"CURRENT_ASSETS_TDAYS":1.299188463763,"TOTAL_ASSETS_TDAYS":0.927775264328,"PREMIUM_EXPENSE":null,"LOAN_DEPOSIT":null,"LOAN_EQUITY":null,"LOAN_ASSETS":null,"DEPOSIT_EQUITY":null,"DEPOSIT_ASSETS":null,"EQUITY_MULTIPLIER":2.606063115681,"EQUITY_RATIO":1.979440758548},{"SECUCODE":"01626.HK","SECURITY_CODE":"01626","SECURITY_NAME_ABBR":"嘉耀控股","ORG_CODE":"10400432","STD_REPORT_DATE":"2020-06-30 00:00:00","REPORT_DATE":"2020-06-30 00:00:00","DATE_TYPE_CODE":"002","REPORT_TYPE":"2020年中报","PER_NETCASH_OPERATE":-0.366553333333,"PER_OI":0.86493,"BPS":0.343071666667,"BASIC_EPS":-0.022,"DILUTED_EPS":-0.022,"OPERATE_INCOME":259479000,"OPERATE_INCOME_YOY":1.8235543417,"GROSS_PROFIT":32382000,"GROSS_PROFIT_YOY":-41.289094370411,"HOLDER_PROFIT":-6621000,"HOLDER_PROFIT_YOY":15.5053598775,"GROSS_PROFIT_RATIO":12.479622628421,"EPS_TTM":0.018123333333,"OPERATE_INCOME_QOQ":0.799474242891,"NET_PROFIT_RATIO":-2.9008127825,"ROE_AVG":-3.165723547848,"GROSS_PROFIT_QOQ":-18.073235770293,"ROA":-1.059683839381,"HOLDER_PROFIT_QOQ":28.777830412127,"ROE_YEARLY":-6.331447095696,"ROIC_YEARLY":-2.602760593002,"TOTAL_ASSETS":605295000,"TOTAL_LIABILITIES":353038000,"TAX_EBT":20.061597281223,"OCF_SALES":-42.379537457752,"TOTAL_PARENT_EQUITY":205843000,"DEBT_ASSET_RATIO":58.3249489918,"OPERATE_PROFIT":-8541000,"PRETAX_PROFIT":-9416000,"NETCASH_OPERATE":-109966000,"NETCASH_INVEST":-2387000,"NETCASH_FINANCE":98847000,"END_CASH":62450000,"DIVI_RATIO":15.107816810741,"DIVIDEND_RATE":6.521739130435,"CURRENT_RATIO":1.208667213166,"COMMON_ACS":2000000000,"CURRENTDEBT_DEBT":99.860921487205,"ISSUED_COMMON_SHARES":600000000,"HK_COMMON_SHARES":600000000,"PER_SHARES":1000,"TOTAL_MARKET_CAP":2760000000,"HKSK_MARKET_CAP":2760000000,"PE_TTM":26.820798843172,"PB_TTM":6.006478134389,"REPORT_DATE_SQ":"2019-06-30 00:00:00","REPORT_TYPE_SQ":"2019年中报","OPERATE_INCOME_SQ":254832000,"DPS_HKD":0.3,"OPERATE_INCOME_QOQ_SQ":0.098390833783,"NET_PROFIT_RATIO_SQ":-3.1436397313,"HOLDER_PROFIT_SQ":-7836000,"HOLDER_PROFIT_QOQ_SQ":-183.97258163894,"ROE_AVG_SQ":-3.816955641773,"PE_TTM_SQ":87.99634576166,"PB_TTM_SQ":7.210601374732,"ROA_SQ":-1.098651502023,"START_DATE":"2020-01-01 00:00:00","FISCAL_YEAR":"12-31","CURRENCY":"HKD","IS_CNY_CODE":0,"DPS_HKD_LY":null,"ORG_TYPE":"一般企业","PREMIUM_INCOME":null,"PREMIUM_INCOME_YOY":null,"NET_INTEREST_INCOME":null,"NET_INTEREST_INCOME_YOY":null,"FEE_COMMISSION_INCOME":null,"FEE_COMMISSION_INCOME_YOY":null,"ACCOUNTS_RECE_TDAYS":1.641212634881,"INVENTORY_TDAYS":1.519033317503,"CURRENT_ASSETS_TDAYS":0.584436513684,"TOTAL_ASSETS_TDAYS":0.415293313637,"PREMIUM_EXPENSE":null,"LOAN_DEPOSIT":null,"LOAN_EQUITY":null,"LOAN_ASSETS":null,"DEPOSIT_EQUITY":null,"DEPOSIT_ASSETS":null,"EQUITY_MULTIPLIER":2.399517159087,"EQUITY_RATIO":1.715083826023}],"count":25},"success":true,"message":"ok","code":0}