{"version":"776399edd32592a5fd60c00bd6887014","result":{"pages":4,"data":[{"SECUCODE":"01628.HK","SECURITY_CODE":"01628","SECURITY_NAME_ABBR":"禹洲集团","ORG_CODE":"10148502","STD_REPORT_DATE":"2024-06-30 00:00:00","REPORT_DATE":"2024-06-30 00:00:00","DATE_TYPE_CODE":"002","REPORT_TYPE":"2024年中报","PER_NETCASH_OPERATE":0.049899223087,"PER_OI":0.974575825048,"BPS":-1.248933684061,"BASIC_EPS":-0.9779,"DILUTED_EPS":-0.9779,"OPERATE_INCOME":6377536000,"OPERATE_INCOME_YOY":-48.9239942068,"GROSS_PROFIT":108031000,"GROSS_PROFIT_YOY":-45.975045632986,"HOLDER_PROFIT":-6255983000,"HOLDER_PROFIT_YOY":1.6811222213,"GROSS_PROFIT_RATIO":1.693930069544,"EPS_TTM":-1.591342147993,"OPERATE_INCOME_QOQ":-28.443471583175,"NET_PROFIT_RATIO":-125.6410155897,"ROE_AVG":214.656707885945,"GROSS_PROFIT_QOQ":-24.993203492861,"ROA":-6.185795347299,"HOLDER_PROFIT_QOQ":1.016760692008,"ROE_YEARLY":429.31341577189,"ROIC_YEARLY":-13.192527810812,"TOTAL_ASSETS":93517979000,"TOTAL_LIABILITIES":96998000000,"TAX_EBT":-1.555010203281,"OCF_SALES":5.120096538851,"TOTAL_PARENT_EQUITY":-6260923000,"DEBT_ASSET_RATIO":103.7212320425,"OPERATE_PROFIT":-5535390000,"PRETAX_PROFIT":-7890109000,"NETCASH_OPERATE":326536000,"NETCASH_INVEST":-921481000,"NETCASH_FINANCE":-1807327000,"END_CASH":1404115000,"DIVI_RATIO":null,"DIVIDEND_RATE":null,"CURRENT_RATIO":0.813935490852,"COMMON_ACS":100000000000,"CURRENTDEBT_DEBT":89.756881585187,"ISSUED_COMMON_SHARES":6543909500,"HK_COMMON_SHARES":6543909500,"PER_SHARES":1000,"TOTAL_MARKET_CAP":444985846,"HKSK_MARKET_CAP":444985846,"PE_TTM":-0.038485570501,"PB_TTM":-0.049692182053,"REPORT_DATE_SQ":"2023-06-30 00:00:00","REPORT_TYPE_SQ":"2023年中报","OPERATE_INCOME_SQ":12486364000,"DPS_HKD":null,"OPERATE_INCOME_QOQ_SQ":0.348872957717,"NET_PROFIT_RATIO_SQ":-72.3466415043,"HOLDER_PROFIT_SQ":-6362952000,"HOLDER_PROFIT_QOQ_SQ":-53.450785111104,"ROE_AVG_SQ":-81.434236270875,"PE_TTM_SQ":-0.02595656104,"PB_TTM_SQ":0.280602249602,"ROA_SQ":-4.741887159904,"START_DATE":"2024-01-01 00:00:00","FISCAL_YEAR":"12-31","CURRENCY":"HKD","IS_CNY_CODE":0,"DPS_HKD_LY":null,"ORG_TYPE":"一般企业","PREMIUM_INCOME":null,"PREMIUM_INCOME_YOY":null,"NET_INTEREST_INCOME":null,"NET_INTEREST_INCOME_YOY":null,"FEE_COMMISSION_INCOME":null,"FEE_COMMISSION_INCOME_YOY":null,"ACCOUNTS_RECE_TDAYS":null,"INVENTORY_TDAYS":0.145928772059,"CURRENT_ASSETS_TDAYS":0.081874084454,"TOTAL_ASSETS_TDAYS":0.063059846096,"PREMIUM_EXPENSE":null,"LOAN_DEPOSIT":null,"LOAN_EQUITY":null,"LOAN_ASSETS":null,"DEPOSIT_EQUITY":null,"DEPOSIT_ASSETS":null,"EQUITY_MULTIPLIER":-26.872820307335,"EQUITY_RATIO":-15.49260388604},{"SECUCODE":"01628.HK","SECURITY_CODE":"01628","SECURITY_NAME_ABBR":"禹洲集团","ORG_CODE":"10148502","STD_REPORT_DATE":"2023-12-31 00:00:00","REPORT_DATE":"2023-12-31 00:00:00","DATE_TYPE_CODE":"001","REPORT_TYPE":"2023年年报","PER_NETCASH_OPERATE":-0.591438497125,"PER_OI":3.281995724421,"BPS":-0.226147534589,"BASIC_EPS":-1.6505,"DILUTED_EPS":-1.6505,"OPERATE_INCOME":21477083000,"OPERATE_INCOME_YOY":-19.673522772,"GROSS_PROFIT":367836000,"GROSS_PROFIT_YOY":-49.263790057062,"HOLDER_PROFIT":-10520568000,"HOLDER_PROFIT_YOY":12.4370321419,"GROSS_PROFIT_RATIO":1.712690685229,"EPS_TTM":-1.607688492636,"OPERATE_INCOME_QOQ":-19.95278585554,"NET_PROFIT_RATIO":-66.6264129072,"ROE_AVG":-169.608478676351,"GROSS_PROFIT_QOQ":188.097889737528,"ROA":-8.342866645327,"HOLDER_PROFIT_QOQ":42.93742596707,"ROE_YEARLY":-169.608478676351,"ROIC_YEARLY":-9.365318043028,"TOTAL_ASSETS":108751338000,"TOTAL_LIABILITIES":103691361000,"TAX_EBT":-0.548627454645,"OCF_SALES":-18.020696758494,"TOTAL_PARENT_EQUITY":432097000,"DEBT_ASSET_RATIO":95.3472048316,"OPERATE_PROFIT":-7523908000,"PRETAX_PROFIT":-14231333000,"NETCASH_OPERATE":-3870320000,"NETCASH_INVEST":5264854000,"NETCASH_FINANCE":-3335299000,"END_CASH":3773803000,"DIVI_RATIO":null,"DIVIDEND_RATE":null,"CURRENT_RATIO":0.89846168794,"COMMON_ACS":100000000000,"CURRENTDEBT_DEBT":91.158485228099,"ISSUED_COMMON_SHARES":6543909500,"HK_COMMON_SHARES":6543909500,"PER_SHARES":1000,"TOTAL_MARKET_CAP":458073665,"HKSK_MARKET_CAP":458073665,"PE_TTM":-0.039617499046,"PB_TTM":-0.051153716819,"REPORT_DATE_SQ":"2022-12-31 00:00:00","REPORT_TYPE_SQ":"2022年年报","OPERATE_INCOME_SQ":26737240000,"DPS_HKD":null,"OPERATE_INCOME_QOQ_SQ":-2.618662885424,"NET_PROFIT_RATIO_SQ":-49.628121676,"HOLDER_PROFIT_SQ":-12014860000,"HOLDER_PROFIT_QOQ_SQ":-18757.7737747686,"ROE_AVG_SQ":-63.087327083773,"PE_TTM_SQ":-0.026917915153,"PB_TTM_SQ":0.290994925513,"ROA_SQ":-7.560446204297,"START_DATE":"2023-01-01 00:00:00","FISCAL_YEAR":"12-31","CURRENCY":"HKD","IS_CNY_CODE":0,"DPS_HKD_LY":null,"ORG_TYPE":"一般企业","PREMIUM_INCOME":null,"PREMIUM_INCOME_YOY":null,"NET_INTEREST_INCOME":null,"NET_INTEREST_INCOME_YOY":null,"FEE_COMMISSION_INCOME":null,"FEE_COMMISSION_INCOME_YOY":null,"ACCOUNTS_RECE_TDAYS":null,"INVENTORY_TDAYS":0.38993025264,"CURRENT_ASSETS_TDAYS":0.216661803304,"TOTAL_ASSETS_TDAYS":0.170314415913,"PREMIUM_EXPENSE":null,"LOAN_DEPOSIT":null,"LOAN_EQUITY":null,"LOAN_ASSETS":null,"DEPOSIT_EQUITY":null,"DEPOSIT_ASSETS":null,"EQUITY_MULTIPLIER":21.492456981378,"EQUITY_RATIO":239.972415915871},{"SECUCODE":"01628.HK","SECURITY_CODE":"01628","SECURITY_NAME_ABBR":"禹洲集团","ORG_CODE":"10148502","STD_REPORT_DATE":"2023-06-30 00:00:00","REPORT_DATE":"2023-06-30 00:00:00","DATE_TYPE_CODE":"002","REPORT_TYPE":"2023年中报","PER_NETCASH_OPERATE":0.087149585427,"PER_OI":1.908089346285,"BPS":0.266143197732,"BASIC_EPS":-0.9938,"DILUTED_EPS":-0.9938,"OPERATE_INCOME":12486364000,"OPERATE_INCOME_YOY":0.7526697348,"GROSS_PROFIT":199965000,"GROSS_PROFIT_YOY":-85.104950267897,"HOLDER_PROFIT":-6362952000,"HOLDER_PROFIT_YOY":-10869.1495303376,"GROSS_PROFIT_RATIO":1.60146700833,"EPS_TTM":-2.81741319925,"OPERATE_INCOME_QOQ":0.348872957717,"NET_PROFIT_RATIO":-72.3466415043,"ROE_AVG":-81.434236270875,"GROSS_PROFIT_QOQ":-157.590721065053,"ROA":-4.741887159904,"HOLDER_PROFIT_QOQ":-53.450785111104,"ROE_YEARLY":-162.86847254175,"ROIC_YEARLY":-10.872388271549,"TOTAL_ASSETS":124918367000,"TOTAL_LIABILITIES":110985964000,"TAX_EBT":1.64088915195,"OCF_SALES":4.567374457448,"TOTAL_PARENT_EQUITY":3653603000,"DEBT_ASSET_RATIO":88.8467938426,"OPERATE_PROFIT":-5244788000,"PRETAX_PROFIT":-9184167000,"NETCASH_OPERATE":570299000,"NETCASH_INVEST":1361497000,"NETCASH_FINANCE":-2838399000,"END_CASH":4864889000,"DIVI_RATIO":null,"DIVIDEND_RATE":null,"CURRENT_RATIO":0.941311521322,"COMMON_ACS":100000000000,"CURRENTDEBT_DEBT":93.749224000974,"ISSUED_COMMON_SHARES":6543909500,"HK_COMMON_SHARES":6543909500,"PER_SHARES":1000,"TOTAL_MARKET_CAP":458073665,"HKSK_MARKET_CAP":458073665,"PE_TTM":-0.039617499046,"PB_TTM":-0.051153716819,"REPORT_DATE_SQ":"2022-06-30 00:00:00","REPORT_TYPE_SQ":"2022年中报","OPERATE_INCOME_SQ":12393085000,"DPS_HKD":null,"OPERATE_INCOME_QOQ_SQ":1.422118032934,"NET_PROFIT_RATIO_SQ":2.8450462496,"HOLDER_PROFIT_SQ":59085000,"HOLDER_PROFIT_QOQ_SQ":-92.530280920642,"ROE_AVG_SQ":0.228088818562,"PE_TTM_SQ":-0.026917915153,"PB_TTM_SQ":0.290994925513,"ROA_SQ":0.034275495457,"START_DATE":"2023-01-01 00:00:00","FISCAL_YEAR":"12-31","CURRENCY":"HKD","IS_CNY_CODE":0,"DPS_HKD_LY":null,"ORG_TYPE":"一般企业","PREMIUM_INCOME":null,"PREMIUM_INCOME_YOY":null,"NET_INTEREST_INCOME":null,"NET_INTEREST_INCOME_YOY":null,"FEE_COMMISSION_INCOME":null,"FEE_COMMISSION_INCOME_YOY":null,"ACCOUNTS_RECE_TDAYS":null,"INVENTORY_TDAYS":0.221915635621,"CURRENT_ASSETS_TDAYS":0.118202481025,"TOTAL_ASSETS_TDAYS":0.093052610055,"PREMIUM_EXPENSE":null,"LOAN_DEPOSIT":null,"LOAN_EQUITY":null,"LOAN_ASSETS":null,"DEPOSIT_EQUITY":null,"DEPOSIT_ASSETS":null,"EQUITY_MULTIPLIER":8.966031703238,"EQUITY_RATIO":30.377127454734},{"SECUCODE":"01628.HK","SECURITY_CODE":"01628","SECURITY_NAME_ABBR":"禹洲集团","ORG_CODE":"10148502","STD_REPORT_DATE":"2022-12-31 00:00:00","REPORT_DATE":"2022-12-31 00:00:00","DATE_TYPE_CODE":"001","REPORT_TYPE":"2022年年报","PER_NETCASH_OPERATE":-1.384045424222,"PER_OI":4.08582056338,"BPS":1.537555951836,"BASIC_EPS":-1.861,"DILUTED_EPS":-1.861,"OPERATE_INCOME":26737240000,"OPERATE_INCOME_YOY":-1.2337853296,"GROSS_PROFIT":724997000,"GROSS_PROFIT_YOY":-82.145789467204,"HOLDER_PROFIT":-12014860000,"HOLDER_PROFIT_YOY":-1493.6832874373,"GROSS_PROFIT_RATIO":2.71156259958,"EPS_TTM":-1.836037005096,"OPERATE_INCOME_QOQ":-2.618662885424,"NET_PROFIT_RATIO":-49.628121676,"ROE_AVG":-63.087327083773,"GROSS_PROFIT_QOQ":-75.760269747521,"ROA":-7.560446204297,"HOLDER_PROFIT_QOQ":-18757.7737747686,"ROE_YEARLY":-63.087327083773,"ROIC_YEARLY":-9.004215940686,"TOTAL_ASSETS":143453772000,"TOTAL_LIABILITIES":118378415000,"TAX_EBT":-0.848815812904,"OCF_SALES":-33.874356515482,"TOTAL_PARENT_EQUITY":11973613000,"DEBT_ASSET_RATIO":82.520252587,"OPERATE_PROFIT":-11019704000,"PRETAX_PROFIT":-13157507000,"NETCASH_OPERATE":-9057068000,"NETCASH_INVEST":8621017000,"NETCASH_FINANCE":-8428443000,"END_CASH":5630872000,"DIVI_RATIO":null,"DIVIDEND_RATE":null,"CURRENT_RATIO":1.033800747331,"COMMON_ACS":100000000000,"CURRENTDEBT_DEBT":92.60419224231,"ISSUED_COMMON_SHARES":6543909500,"HK_COMMON_SHARES":6543909500,"PER_SHARES":1000,"TOTAL_MARKET_CAP":458073665,"HKSK_MARKET_CAP":458073665,"PE_TTM":-0.039617499046,"PB_TTM":-0.051153716819,"REPORT_DATE_SQ":"2021-12-31 00:00:00","REPORT_TYPE_SQ":"2021年年报","OPERATE_INCOME_SQ":27071241000,"DPS_HKD":null,"OPERATE_INCOME_QOQ_SQ":32.695234292916,"NET_PROFIT_RATIO_SQ":4.7393246582,"HOLDER_PROFIT_SQ":862094000,"HOLDER_PROFIT_QOQ_SQ":-27.637704199745,"ROE_AVG_SQ":3.397717660585,"PE_TTM_SQ":-0.026917915153,"PB_TTM_SQ":0.290994925513,"ROA_SQ":0.489021799698,"START_DATE":"2022-01-01 00:00:00","FISCAL_YEAR":"12-31","CURRENCY":"HKD","IS_CNY_CODE":0,"DPS_HKD_LY":null,"ORG_TYPE":"一般企业","PREMIUM_INCOME":null,"PREMIUM_INCOME_YOY":null,"NET_INTEREST_INCOME":null,"NET_INTEREST_INCOME_YOY":null,"FEE_COMMISSION_INCOME":null,"FEE_COMMISSION_INCOME_YOY":null,"ACCOUNTS_RECE_TDAYS":null,"INVENTORY_TDAYS":0.384987287746,"CURRENT_ASSETS_TDAYS":0.209297014064,"TOTAL_ASSETS_TDAYS":0.168246209004,"PREMIUM_EXPENSE":null,"LOAN_DEPOSIT":null,"LOAN_EQUITY":null,"LOAN_ASSETS":null,"DEPOSIT_EQUITY":null,"DEPOSIT_ASSETS":null,"EQUITY_MULTIPLIER":5.720906466053,"EQUITY_RATIO":9.88660774321},{"SECUCODE":"01628.HK","SECURITY_CODE":"01628","SECURITY_NAME_ABBR":"禹洲集团","ORG_CODE":"10148502","STD_REPORT_DATE":"2022-06-30 00:00:00","REPORT_DATE":"2022-06-30 00:00:00","DATE_TYPE_CODE":"002","REPORT_TYPE":"2022年中报","PER_NETCASH_OPERATE":-0.162952742546,"PER_OI":1.893835023238,"BPS":3.634032072112,"BASIC_EPS":0.0011,"DILUTED_EPS":0.0011,"OPERATE_INCOME":12393085000,"OPERATE_INCOME_YOY":3.2060442535,"GROSS_PROFIT":1342493000,"GROSS_PROFIT_YOY":-44.345654875761,"HOLDER_PROFIT":59085000,"HOLDER_PROFIT_YOY":-93.1038547684,"GROSS_PROFIT_RATIO":10.832597371841,"EPS_TTM":0.009840600638,"OPERATE_INCOME_QOQ":1.422118032934,"NET_PROFIT_RATIO":2.8450462496,"ROE_AVG":0.228088818562,"GROSS_PROFIT_QOQ":-26.343196286309,"ROA":0.034275495457,"HOLDER_PROFIT_QOQ":-92.530280920642,"ROE_YEARLY":0.456177637124,"ROIC_YEARLY":0.081748658385,"TOTAL_ASSETS":170384349000,"TOTAL_LIABILITIES":129742658000,"TAX_EBT":51.682001189488,"OCF_SALES":-8.604378974242,"TOTAL_PARENT_EQUITY":25692763000,"DEBT_ASSET_RATIO":76.1470515112,"OPERATE_PROFIT":1090230000,"PRETAX_PROFIT":729726000,"NETCASH_OPERATE":-1066348000,"NETCASH_INVEST":4286827000,"NETCASH_FINANCE":-11759729000,"END_CASH":7777701000,"DIVI_RATIO":null,"DIVIDEND_RATE":null,"CURRENT_RATIO":1.14362993639,"COMMON_ACS":100000000000,"CURRENTDEBT_DEBT":92.762839805548,"ISSUED_COMMON_SHARES":6543909500,"HK_COMMON_SHARES":6543909500,"PER_SHARES":1000,"TOTAL_MARKET_CAP":458073665,"HKSK_MARKET_CAP":458073665,"PE_TTM":-0.039617499046,"PB_TTM":-0.051153716819,"REPORT_DATE_SQ":"2021-06-30 00:00:00","REPORT_TYPE_SQ":"2021年中报","OPERATE_INCOME_SQ":12008100000,"DPS_HKD":null,"OPERATE_INCOME_QOQ_SQ":95.945456627048,"NET_PROFIT_RATIO_SQ":10.0083193844,"HOLDER_PROFIT_SQ":856783000,"HOLDER_PROFIT_QOQ_SQ":918.324329868709,"ROE_AVG_SQ":3.399622796272,"PE_TTM_SQ":-0.026917915153,"PB_TTM_SQ":0.290994925513,"ROA_SQ":0.480129759547,"START_DATE":"2022-01-01 00:00:00","FISCAL_YEAR":"12-31","CURRENCY":"HKD","IS_CNY_CODE":0,"DPS_HKD_LY":null,"ORG_TYPE":"一般企业","PREMIUM_INCOME":null,"PREMIUM_INCOME_YOY":null,"NET_INTEREST_INCOME":null,"NET_INTEREST_INCOME_YOY":null,"FEE_COMMISSION_INCOME":null,"FEE_COMMISSION_INCOME_YOY":null,"ACCOUNTS_RECE_TDAYS":null,"INVENTORY_TDAYS":0.180652285744,"CURRENT_ASSETS_TDAYS":0.088583347096,"TOTAL_ASSETS_TDAYS":0.071892887977,"PREMIUM_EXPENSE":null,"LOAN_DEPOSIT":null,"LOAN_EQUITY":null,"LOAN_ASSETS":null,"DEPOSIT_EQUITY":null,"DEPOSIT_ASSETS":null,"EQUITY_MULTIPLIER":4.192353831936,"EQUITY_RATIO":5.049774444267},{"SECUCODE":"01628.HK","SECURITY_CODE":"01628","SECURITY_NAME_ABBR":"禹洲集团","ORG_CODE":"10148502","STD_REPORT_DATE":"2021-12-31 00:00:00","REPORT_DATE":"2021-12-31 00:00:00","DATE_TYPE_CODE":"001","REPORT_TYPE":"2021年年报","PER_NETCASH_OPERATE":0.271848349981,"PER_OI":4.136860541852,"BPS":3.698708852865,"BASIC_EPS":0.1182,"DILUTED_EPS":0.1182,"OPERATE_INCOME":27071241000,"OPERATE_INCOME_YOY":160.0102827576,"GROSS_PROFIT":4060650000,"GROSS_PROFIT_YOY":746.122109632371,"HOLDER_PROFIT":862094000,"HOLDER_PROFIT_YOY":636.8828637856,"GROSS_PROFIT_RATIO":14.999866463455,"EPS_TTM":0.131739902577,"OPERATE_INCOME_QOQ":32.695234292916,"NET_PROFIT_RATIO":4.7393246582,"ROE_AVG":3.397717660585,"GROSS_PROFIT_QOQ":42.67744423382,"ROA":0.489021799698,"HOLDER_PROFIT_QOQ":-27.637704199745,"ROE_YEARLY":3.397717660585,"ROIC_YEARLY":0.617214839497,"TOTAL_ASSETS":174380908000,"TOTAL_LIABILITIES":132986271000,"TAX_EBT":59.431378947475,"OCF_SALES":6.57136848658,"TOTAL_PARENT_EQUITY":26116002000,"DEBT_ASSET_RATIO":76.2619443408,"OPERATE_PROFIT":3150029000,"PRETAX_PROFIT":3162528000,"NETCASH_OPERATE":1778951000,"NETCASH_INVEST":-325232000,"NETCASH_FINANCE":-10378511000,"END_CASH":14377647000,"DIVI_RATIO":null,"DIVIDEND_RATE":null,"CURRENT_RATIO":1.645681764018,"COMMON_ACS":100000000000,"CURRENTDEBT_DEBT":64.959989742099,"ISSUED_COMMON_SHARES":6543909500,"HK_COMMON_SHARES":6543909500,"PER_SHARES":1000,"TOTAL_MARKET_CAP":458073665,"HKSK_MARKET_CAP":458073665,"PE_TTM":-0.039617499046,"PB_TTM":-0.051153716819,"REPORT_DATE_SQ":"2020-12-31 00:00:00","REPORT_TYPE_SQ":"2020年年报","OPERATE_INCOME_SQ":10411604000,"DPS_HKD":null,"OPERATE_INCOME_QOQ_SQ":-59.345862067821,"NET_PROFIT_RATIO_SQ":2.1920733827,"HOLDER_PROFIT_SQ":116992000,"HOLDER_PROFIT_QOQ_SQ":-96.082016700457,"ROE_AVG_SQ":0.492259831411,"PE_TTM_SQ":-0.026917915153,"PB_TTM_SQ":0.290994925513,"ROA_SQ":0.07207642637,"START_DATE":"2021-01-01 00:00:00","FISCAL_YEAR":"12-31","CURRENCY":"HKD","IS_CNY_CODE":0,"DPS_HKD_LY":0.268,"ORG_TYPE":"一般企业","PREMIUM_INCOME":null,"PREMIUM_INCOME_YOY":null,"NET_INTEREST_INCOME":null,"NET_INTEREST_INCOME_YOY":null,"FEE_COMMISSION_INCOME":null,"FEE_COMMISSION_INCOME_YOY":null,"ACCOUNTS_RECE_TDAYS":null,"INVENTORY_TDAYS":0.392580085731,"CURRENT_ASSETS_TDAYS":0.187085306841,"TOTAL_ASSETS_TDAYS":0.153561293709,"PREMIUM_EXPENSE":null,"LOAN_DEPOSIT":null,"LOAN_EQUITY":null,"LOAN_ASSETS":null,"DEPOSIT_EQUITY":null,"DEPOSIT_ASSETS":null,"EQUITY_MULTIPLIER":4.21264493755,"EQUITY_RATIO":5.092137418277},{"SECUCODE":"01628.HK","SECURITY_CODE":"01628","SECURITY_NAME_ABBR":"禹洲集团","ORG_CODE":"10148502","STD_REPORT_DATE":"2021-06-30 00:00:00","REPORT_DATE":"2021-06-30 00:00:00","DATE_TYPE_CODE":"002","REPORT_TYPE":"2021年中报","PER_NETCASH_OPERATE":-0.67080237549,"PER_OI":2.109014390966,"BPS":3.646617056669,"BASIC_EPS":0.1278,"DILUTED_EPS":0.1277,"OPERATE_INCOME":12008100000,"OPERATE_INCOME_YOY":494.8611911293,"GROSS_PROFIT":2412198000,"GROSS_PROFIT_YOY":5135.25913707787,"HOLDER_PROFIT":856783000,"HOLDER_PROFIT_YOY":493.7729510118,"GROSS_PROFIT_RATIO":20.088090538886,"EPS_TTM":0.209241359315,"OPERATE_INCOME_QOQ":95.945456627048,"NET_PROFIT_RATIO":10.0083193844,"ROE_AVG":3.399622796272,"GROSS_PROFIT_QOQ":493.031445282791,"ROA":0.480129759547,"HOLDER_PROFIT_QOQ":918.324329868709,"ROE_YEARLY":6.799245592544,"ROIC_YEARLY":1.254121828994,"TOTAL_ASSETS":178698379000,"TOTAL_LIABILITIES":138766853000,"TAX_EBT":43.662210179916,"OCF_SALES":-31.806438987017,"TOTAL_PARENT_EQUITY":25775118000,"DEBT_ASSET_RATIO":77.6542315473,"OPERATE_PROFIT":2562191000,"PRETAX_PROFIT":2133220000,"NETCASH_OPERATE":-3819349000,"NETCASH_INVEST":981866000,"NETCASH_FINANCE":-2924547000,"END_CASH":20943652000,"DIVI_RATIO":null,"DIVIDEND_RATE":null,"CURRENT_RATIO":1.625184791105,"COMMON_ACS":100000000000,"CURRENTDEBT_DEBT":64.717769451758,"ISSUED_COMMON_SHARES":6543909500,"HK_COMMON_SHARES":6543909500,"PER_SHARES":1000,"TOTAL_MARKET_CAP":458073665,"HKSK_MARKET_CAP":458073665,"PE_TTM":-0.039617499046,"PB_TTM":-0.051153716819,"REPORT_DATE_SQ":"2020-06-30 00:00:00","REPORT_TYPE_SQ":"2020年中报","OPERATE_INCOME_SQ":2018639000,"DPS_HKD":null,"OPERATE_INCOME_QOQ_SQ":10.195430818471,"NET_PROFIT_RATIO_SQ":11.0706890132,"HOLDER_PROFIT_SQ":-217583000,"HOLDER_PROFIT_QOQ_SQ":-17.187701066289,"ROE_AVG_SQ":4.44401216785,"PE_TTM_SQ":-0.026917915153,"PB_TTM_SQ":0.290994925513,"ROA_SQ":0.648885972521,"START_DATE":"2021-01-01 00:00:00","FISCAL_YEAR":"12-31","CURRENCY":"HKD","IS_CNY_CODE":0,"DPS_HKD_LY":0.268,"ORG_TYPE":"一般企业","PREMIUM_INCOME":null,"PREMIUM_INCOME_YOY":null,"NET_INTEREST_INCOME":null,"NET_INTEREST_INCOME_YOY":null,"FEE_COMMISSION_INCOME":null,"FEE_COMMISSION_INCOME_YOY":null,"ACCOUNTS_RECE_TDAYS":null,"INVENTORY_TDAYS":0.199751677569,"CURRENT_ASSETS_TDAYS":0.081914637752,"TOTAL_ASSETS_TDAYS":0.067291789935,"PREMIUM_EXPENSE":null,"LOAN_DEPOSIT":null,"LOAN_EQUITY":null,"LOAN_ASSETS":null,"DEPOSIT_EQUITY":null,"DEPOSIT_ASSETS":null,"EQUITY_MULTIPLIER":4.475120209523,"EQUITY_RATIO":5.383752384761},{"SECUCODE":"01628.HK","SECURITY_CODE":"01628","SECURITY_NAME_ABBR":"禹洲集团","ORG_CODE":"10148502","STD_REPORT_DATE":"2020-12-31 00:00:00","REPORT_DATE":"2020-12-31 00:00:00","DATE_TYPE_CODE":"001","REPORT_TYPE":"2020年年报","PER_NETCASH_OPERATE":-1.03959563247,"PER_OI":1.828617572226,"BPS":3.471546787131,"BASIC_EPS":0.0009,"DILUTED_EPS":0.0009,"OPERATE_INCOME":10411604000,"OPERATE_INCOME_YOY":-55.2009975601,"GROSS_PROFIT":479913000,"GROSS_PROFIT_YOY":-92.121867258947,"HOLDER_PROFIT":116992000,"HOLDER_PROFIT_YOY":-96.7554279578,"GROSS_PROFIT_RATIO":4.609405044602,"EPS_TTM":0.020547614662,"OPERATE_INCOME_QOQ":-59.345862067821,"NET_PROFIT_RATIO":2.1920733827,"ROE_AVG":0.492259831411,"GROSS_PROFIT_QOQ":-92.29372957167,"ROA":0.07207642637,"HOLDER_PROFIT_QOQ":-96.082016700457,"ROE_YEARLY":0.492259831411,"ROIC_YEARLY":0.095987720739,"TOTAL_ASSETS":178198057000,"TOTAL_LIABILITIES":143895127000,"TAX_EBT":-55.259559588841,"OCF_SALES":-56.85145151506,"TOTAL_PARENT_EQUITY":24629474000,"DEBT_ASSET_RATIO":80.7501099745,"OPERATE_PROFIT":350635000,"PRETAX_PROFIT":146999000,"NETCASH_OPERATE":-749130000,"NETCASH_INVEST":-8837301000,"NETCASH_FINANCE":5166876000,"END_CASH":23586502000,"DIVI_RATIO":null,"DIVIDEND_RATE":null,"CURRENT_RATIO":1.549567190468,"COMMON_ACS":100000000000,"CURRENTDEBT_DEBT":66.031133215512,"ISSUED_COMMON_SHARES":6543909500,"HK_COMMON_SHARES":6543909500,"PER_SHARES":1000,"TOTAL_MARKET_CAP":458073665,"HKSK_MARKET_CAP":458073665,"PE_TTM":-0.039617499046,"PB_TTM":-0.051153716819,"REPORT_DATE_SQ":"2019-12-31 00:00:00","REPORT_TYPE_SQ":"2019年年报","OPERATE_INCOME_SQ":23240705000,"DPS_HKD":null,"OPERATE_INCOME_QOQ_SQ":-12.958351759836,"NET_PROFIT_RATIO_SQ":17.0683118262,"HOLDER_PROFIT_SQ":3605776000,"HOLDER_PROFIT_QOQ_SQ":-5.455201440652,"ROE_AVG_SQ":17.012495265069,"PE_TTM_SQ":-0.026917915153,"PB_TTM_SQ":0.290994925513,"ROA_SQ":2.757783349995,"START_DATE":"2020-01-01 00:00:00","FISCAL_YEAR":"12-31","CURRENCY":"HKD","IS_CNY_CODE":0,"DPS_HKD_LY":0.16,"ORG_TYPE":"一般企业","PREMIUM_INCOME":null,"PREMIUM_INCOME_YOY":null,"NET_INTEREST_INCOME":null,"NET_INTEREST_INCOME_YOY":null,"FEE_COMMISSION_INCOME":null,"FEE_COMMISSION_INCOME_YOY":null,"ACCOUNTS_RECE_TDAYS":null,"INVENTORY_TDAYS":0.290170047948,"CURRENT_ASSETS_TDAYS":0.077980781186,"TOTAL_ASSETS_TDAYS":0.064143805482,"PREMIUM_EXPENSE":null,"LOAN_DEPOSIT":null,"LOAN_EQUITY":null,"LOAN_ASSETS":null,"DEPOSIT_EQUITY":null,"DEPOSIT_ASSETS":null,"EQUITY_MULTIPLIER":5.194834872694,"EQUITY_RATIO":5.84239545676},{"SECUCODE":"01628.HK","SECURITY_CODE":"01628","SECURITY_NAME_ABBR":"禹洲集团","ORG_CODE":"10148502","STD_REPORT_DATE":"2020-06-30 00:00:00","REPORT_DATE":"2020-06-30 00:00:00","DATE_TYPE_CODE":"002","REPORT_TYPE":"2020年中报","PER_NETCASH_OPERATE":0.708150665048,"PER_OI":0.386051319107,"BPS":3.218388640613,"BASIC_EPS":-0.047,"DILUTED_EPS":-0.047,"OPERATE_INCOME":2018639000,"OPERATE_INCOME_YOY":20.3609475464,"GROSS_PROFIT":46076000,"GROSS_PROFIT_YOY":-98.53280864801,"HOLDER_PROFIT":-217583000,"HOLDER_PROFIT_YOY":-37.8099915991,"GROSS_PROFIT_RATIO":23.39042537204,"EPS_TTM":0.571057666174,"OPERATE_INCOME_QOQ":10.195430818471,"NET_PROFIT_RATIO":11.0706890132,"ROE_AVG":4.44401216785,"GROSS_PROFIT_QOQ":2.230161974224,"ROA":0.648885972521,"HOLDER_PROFIT_QOQ":-17.187701066289,"ROE_YEARLY":8.8880243357,"ROIC_YEARLY":1.803998276448,"TOTAL_ASSETS":171052394000,"TOTAL_LIABILITIES":142345534000,"TAX_EBT":23.361529306554,"OCF_SALES":26.436063901295,"TOTAL_PARENT_EQUITY":21735880000,"DEBT_ASSET_RATIO":81.5158797807,"OPERATE_PROFIT":-25753000,"PRETAX_PROFIT":-297442000,"NETCASH_OPERATE":6257867000,"NETCASH_INVEST":-3194945000,"NETCASH_FINANCE":2596704000,"END_CASH":36543786000,"DIVI_RATIO":null,"DIVIDEND_RATE":null,"CURRENT_RATIO":1.54097291659,"COMMON_ACS":100000000000,"CURRENTDEBT_DEBT":68.453742286007,"ISSUED_COMMON_SHARES":6543909500,"HK_COMMON_SHARES":6543909500,"PER_SHARES":1000,"TOTAL_MARKET_CAP":458073665,"HKSK_MARKET_CAP":458073665,"PE_TTM":-0.039617499046,"PB_TTM":-0.051153716819,"REPORT_DATE_SQ":"2019-06-30 00:00:00","REPORT_TYPE_SQ":"2019年中报","OPERATE_INCOME_SQ":11637425000,"DPS_HKD":null,"OPERATE_INCOME_QOQ_SQ":9.852767670823,"NET_PROFIT_RATIO_SQ":16.3878693096,"HOLDER_PROFIT_SQ":1639117000,"HOLDER_PROFIT_QOQ_SQ":8.812932603696,"ROE_AVG_SQ":8.322380207533,"PE_TTM_SQ":-0.026917915153,"PB_TTM_SQ":0.290994925513,"ROA_SQ":1.269304681279,"START_DATE":"2020-01-01 00:00:00","FISCAL_YEAR":"12-31","CURRENCY":"HKD","IS_CNY_CODE":0,"DPS_HKD_LY":0.16,"ORG_TYPE":"一般企业","PREMIUM_INCOME":null,"PREMIUM_INCOME_YOY":null,"NET_INTEREST_INCOME":null,"NET_INTEREST_INCOME_YOY":null,"FEE_COMMISSION_INCOME":null,"FEE_COMMISSION_INCOME_YOY":null,"ACCOUNTS_RECE_TDAYS":null,"INVENTORY_TDAYS":0.373421357631,"CURRENT_ASSETS_TDAYS":0.107250513717,"TOTAL_ASSETS_TDAYS":0.089162104147,"PREMIUM_EXPENSE":null,"LOAN_DEPOSIT":null,"LOAN_EQUITY":null,"LOAN_ASSETS":null,"DEPOSIT_EQUITY":null,"DEPOSIT_ASSETS":null,"EQUITY_MULTIPLIER":5.410049210543,"EQUITY_RATIO":6.548873751603}],"count":35},"success":true,"message":"ok","code":0}