{"version":"ce84d68a160cbf29909d0a3133cf3117","result":{"pages":4,"data":[{"SECUCODE":"01631.HK","SECURITY_CODE":"01631","SECURITY_NAME_ABBR":"REF HOLDINGS","ORG_CODE":"10472825","STD_REPORT_DATE":"2024-06-30 00:00:00","REPORT_DATE":"2024-06-30 00:00:00","DATE_TYPE_CODE":"002","REPORT_TYPE":"2024年中报","PER_NETCASH_OPERATE":0.0001711275,"PER_OI":0.225392743281,"BPS":0.278182011875,"BASIC_EPS":0.018892476,"DILUTED_EPS":0.018892476,"OPERATE_INCOME":57700542.28,"OPERATE_INCOME_YOY":-16.3201016532,"GROSS_PROFIT":31353296.04,"GROSS_PROFIT_YOY":-15.157722304755,"HOLDER_PROFIT":4839029.36,"HOLDER_PROFIT_YOY":-47.4372955289,"GROSS_PROFIT_RATIO":54.337957324307,"EPS_TTM":0.024040930391,"OPERATE_INCOME_QOQ":-10.636184640301,"NET_PROFIT_RATIO":8.3864538682,"ROE_AVG":7.032669682058,"GROSS_PROFIT_QOQ":-9.773230100419,"ROA":4.284911889378,"HOLDER_PROFIT_QOQ":-42.023449253699,"ROE_YEARLY":14.065339364115,"ROIC_YEARLY":14.625702561981,"TOTAL_ASSETS":130739584.64,"TOTAL_LIABILITIES":59524989.6,"TAX_EBT":12.652388797364,"OCF_SALES":0.075924139131,"TOTAL_PARENT_EQUITY":71214595.04,"DEBT_ASSET_RATIO":45.5294314755,"OPERATE_PROFIT":5306321.52,"PRETAX_PROFIT":5539967.6,"NETCASH_OPERATE":43808.64,"NETCASH_INVEST":-10292292.36,"NETCASH_FINANCE":-6169716.8,"END_CASH":16613514.04,"DIVI_RATIO":null,"DIVIDEND_RATE":null,"CURRENT_RATIO":2.49184645559,"COMMON_ACS":10000000000,"CURRENTDEBT_DEBT":54.722477767556,"ISSUED_COMMON_SHARES":256000000,"HK_COMMON_SHARES":256000000,"PER_SHARES":5000,"TOTAL_MARKET_CAP":51200000,"HKSK_MARKET_CAP":51200000,"PE_TTM":7.38923365565,"PB_TTM":0.656174706516,"REPORT_DATE_SQ":"2023-06-30 00:00:00","REPORT_TYPE_SQ":"2023年中报","OPERATE_INCOME_SQ":69656510.98,"DPS_HKD":null,"OPERATE_INCOME_QOQ_SQ":6.936894622776,"NET_PROFIT_RATIO_SQ":13.3512461781,"HOLDER_PROFIT_SQ":9300012.26,"HOLDER_PROFIT_QOQ_SQ":9.209954526129,"ROE_AVG_SQ":11.829968393214,"PE_TTM_SQ":8.832983927324,"PB_TTM_SQ":1.422022219097,"ROA_SQ":7.554051119216,"START_DATE":"2024-01-01 00:00:00","FISCAL_YEAR":"12-31","CURRENCY":"HKD","IS_CNY_CODE":0,"DPS_HKD_LY":null,"ORG_TYPE":"一般企业","PREMIUM_INCOME":null,"PREMIUM_INCOME_YOY":null,"NET_INTEREST_INCOME":null,"NET_INTEREST_INCOME_YOY":null,"FEE_COMMISSION_INCOME":null,"FEE_COMMISSION_INCOME_YOY":null,"ACCOUNTS_RECE_TDAYS":2.114202588369,"INVENTORY_TDAYS":null,"CURRENT_ASSETS_TDAYS":0.718567434248,"TOTAL_ASSETS_TDAYS":0.510932505768,"PREMIUM_EXPENSE":null,"LOAN_DEPOSIT":null,"LOAN_EQUITY":null,"LOAN_ASSETS":null,"DEPOSIT_EQUITY":null,"DEPOSIT_ASSETS":null,"EQUITY_MULTIPLIER":1.835853796074,"EQUITY_RATIO":0.835853796073},{"SECUCODE":"01631.HK","SECURITY_CODE":"01631","SECURITY_NAME_ABBR":"REF HOLDINGS","ORG_CODE":"10472825","STD_REPORT_DATE":"2023-12-31 00:00:00","REPORT_DATE":"2023-12-31 00:00:00","DATE_TYPE_CODE":"001","REPORT_TYPE":"2023年年报","PER_NETCASH_OPERATE":0.128024814531,"PER_OI":0.439095449297,"BPS":0.257543476094,"BASIC_EPS":0.041504876,"DILUTED_EPS":0.041504876,"OPERATE_INCOME":112408435.02,"OPERATE_INCOME_YOY":-4.3705188497,"GROSS_PROFIT":57314790.12,"GROSS_PROFIT_YOY":-3.118173565132,"HOLDER_PROFIT":10615461.08,"HOLDER_PROFIT_YOY":4.9453502956,"GROSS_PROFIT_RATIO":50.987979780879,"EPS_TTM":0.041466644844,"OPERATE_INCOME_QOQ":-9.277475814038,"NET_PROFIT_RATIO":9.4436516958,"ROE_AVG":13.606927754578,"GROSS_PROFIT_QOQ":-11.79890862483,"ROA":9.295866299509,"HOLDER_PROFIT_QOQ":-2.511840965495,"ROE_YEARLY":13.606927754578,"ROIC_YEARLY":19.292466813795,"TOTAL_ASSETS":94450779.5,"TOTAL_LIABILITIES":28519649.62,"TAX_EBT":15.823512503593,"OCF_SALES":29.156488580389,"TOTAL_PARENT_EQUITY":65931129.88,"DEBT_ASSET_RATIO":30.1952506596,"OPERATE_PROFIT":13157408.18,"PRETAX_PROFIT":12610957.52,"NETCASH_OPERATE":32774352.52,"NETCASH_INVEST":38511631.34,"NETCASH_FINANCE":-54210080.4,"END_CASH":32823288.4,"DIVI_RATIO":null,"DIVIDEND_RATE":null,"CURRENT_RATIO":2.846163908693,"COMMON_ACS":10000000000,"CURRENTDEBT_DEBT":97.162467033142,"ISSUED_COMMON_SHARES":256000000,"HK_COMMON_SHARES":256000000,"PER_SHARES":5000,"TOTAL_MARKET_CAP":61440000,"HKSK_MARKET_CAP":61440000,"PE_TTM":8.86708038678,"PB_TTM":0.787409647819,"REPORT_DATE_SQ":"2022-12-31 00:00:00","REPORT_TYPE_SQ":"2022年年报","OPERATE_INCOME_SQ":115866051.7,"DPS_HKD":null,"OPERATE_INCOME_QOQ_SQ":7.448739770088,"NET_PROFIT_RATIO_SQ":8.605350397,"HOLDER_PROFIT_SQ":9970679.74,"HOLDER_PROFIT_QOQ_SQ":11.167695066657,"ROE_AVG_SQ":9.345121481556,"PE_TTM_SQ":6.484975541579,"PB_TTM_SQ":1.044016312755,"ROA_SQ":6.232724876736,"START_DATE":"2023-01-01 00:00:00","FISCAL_YEAR":"12-31","CURRENCY":"HKD","IS_CNY_CODE":0,"DPS_HKD_LY":0.15,"ORG_TYPE":"一般企业","PREMIUM_INCOME":null,"PREMIUM_INCOME_YOY":null,"NET_INTEREST_INCOME":null,"NET_INTEREST_INCOME_YOY":null,"FEE_COMMISSION_INCOME":null,"FEE_COMMISSION_INCOME_YOY":null,"ACCOUNTS_RECE_TDAYS":5.166975610772,"INVENTORY_TDAYS":null,"CURRENT_ASSETS_TDAYS":1.287046116014,"TOTAL_ASSETS_TDAYS":0.984350820947,"PREMIUM_EXPENSE":null,"LOAN_DEPOSIT":null,"LOAN_EQUITY":null,"LOAN_ASSETS":null,"DEPOSIT_EQUITY":null,"DEPOSIT_ASSETS":null,"EQUITY_MULTIPLIER":1.432567281523,"EQUITY_RATIO":0.432567281524},{"SECUCODE":"01631.HK","SECURITY_CODE":"01631","SECURITY_NAME_ABBR":"REF HOLDINGS","ORG_CODE":"10472825","STD_REPORT_DATE":"2023-06-30 00:00:00","REPORT_DATE":"2023-06-30 00:00:00","DATE_TYPE_CODE":"002","REPORT_TYPE":"2023年中报","PER_NETCASH_OPERATE":0.043048542734,"PER_OI":0.272095746016,"BPS":0.256101553906,"BASIC_EPS":0.036326012,"DILUTED_EPS":0.036326012,"OPERATE_INCOME":69656510.98,"OPERATE_INCOME_YOY":4.8547596908,"GROSS_PROFIT":36954802.36,"GROSS_PROFIT_YOY":18.702308294059,"HOLDER_PROFIT":9300012.26,"HOLDER_PROFIT_YOY":2.9180695847,"GROSS_PROFIT_RATIO":53.052904660428,"EPS_TTM":0.042535057852,"OPERATE_INCOME_QOQ":6.936894622776,"NET_PROFIT_RATIO":13.3512461781,"ROE_AVG":11.829968393214,"GROSS_PROFIT_QOQ":9.841981458907,"ROA":7.554051119216,"HOLDER_PROFIT_QOQ":9.209954526129,"ROE_YEARLY":23.659936786428,"ROIC_YEARLY":26.946991604945,"TOTAL_ASSETS":109956256.78,"TOTAL_LIABILITIES":44394258.98,"TAX_EBT":14.956580389512,"OCF_SALES":15.821100978147,"TOTAL_PARENT_EQUITY":65561997.8,"DEBT_ASSET_RATIO":40.374472795,"OPERATE_PROFIT":10210928.5,"PRETAX_PROFIT":10935604.78,"NETCASH_OPERATE":11020426.94,"NETCASH_INVEST":55343693.46,"NETCASH_FINANCE":-44593406.66,"END_CASH":37775364.56,"DIVI_RATIO":null,"DIVIDEND_RATE":null,"CURRENT_RATIO":2.002031246624,"COMMON_ACS":10000000000,"CURRENTDEBT_DEBT":96.108076675458,"ISSUED_COMMON_SHARES":256000000,"HK_COMMON_SHARES":256000000,"PER_SHARES":5000,"TOTAL_MARKET_CAP":61440000,"HKSK_MARKET_CAP":61440000,"PE_TTM":8.86708038678,"PB_TTM":0.787409647819,"REPORT_DATE_SQ":"2022-06-30 00:00:00","REPORT_TYPE_SQ":"2022年中报","OPERATE_INCOME_SQ":61619005.07,"DPS_HKD":null,"OPERATE_INCOME_QOQ_SQ":-2.362530091891,"NET_PROFIT_RATIO_SQ":13.6024870581,"HOLDER_PROFIT_SQ":8381717.19,"HOLDER_PROFIT_QOQ_SQ":27.143788070652,"ROE_AVG_SQ":8.25267447784,"PE_TTM_SQ":6.484975541579,"PB_TTM_SQ":1.044016312755,"ROA_SQ":5.191386355992,"START_DATE":"2023-01-01 00:00:00","FISCAL_YEAR":"12-31","CURRENCY":"HKD","IS_CNY_CODE":0,"DPS_HKD_LY":0.15,"ORG_TYPE":"一般企业","PREMIUM_INCOME":null,"PREMIUM_INCOME_YOY":null,"NET_INTEREST_INCOME":null,"NET_INTEREST_INCOME_YOY":null,"FEE_COMMISSION_INCOME":null,"FEE_COMMISSION_INCOME_YOY":null,"ACCOUNTS_RECE_TDAYS":2.241337367984,"INVENTORY_TDAYS":null,"CURRENT_ASSETS_TDAYS":0.761714161848,"TOTAL_ASSETS_TDAYS":0.565793710824,"PREMIUM_EXPENSE":null,"LOAN_DEPOSIT":null,"LOAN_EQUITY":null,"LOAN_ASSETS":null,"DEPOSIT_EQUITY":null,"DEPOSIT_ASSETS":null,"EQUITY_MULTIPLIER":1.67713401772,"EQUITY_RATIO":0.677134017719},{"SECUCODE":"01631.HK","SECURITY_CODE":"01631","SECURITY_NAME_ABBR":"REF HOLDINGS","ORG_CODE":"10472825","STD_REPORT_DATE":"2022-12-31 00:00:00","REPORT_DATE":"2022-12-31 00:00:00","DATE_TYPE_CODE":"001","REPORT_TYPE":"2022年年报","PER_NETCASH_OPERATE":0.075139360078,"PER_OI":0.452601764453,"BPS":0.346920246914,"BASIC_EPS":0.038946572,"DILUTED_EPS":0.038946572,"OPERATE_INCOME":115866051.7,"OPERATE_INCOME_YOY":-3.9768436949,"GROSS_PROFIT":59159485.56,"GROSS_PROFIT_YOY":0.212581191191,"HOLDER_PROFIT":9970679.74,"HOLDER_PROFIT_YOY":29.3694946685,"GROSS_PROFIT_RATIO":51.058515149179,"EPS_TTM":0.038947967734,"OPERATE_INCOME_QOQ":7.448739770088,"NET_PROFIT_RATIO":8.605350397,"ROE_AVG":9.345121481556,"GROSS_PROFIT_QOQ":7.74990978635,"ROA":6.232724876736,"HOLDER_PROFIT_QOQ":11.167695066657,"ROE_YEARLY":9.345121481556,"ROIC_YEARLY":14.472609400324,"TOTAL_ASSETS":132026199.27,"TOTAL_LIABILITIES":43214616.06,"TAX_EBT":13.886745872551,"OCF_SALES":16.601649834246,"TOTAL_PARENT_EQUITY":88811583.21,"DEBT_ASSET_RATIO":32.7318489049,"OPERATE_PROFIT":12536151.18,"PRETAX_PROFIT":11578565.74,"NETCASH_OPERATE":19235676.18,"NETCASH_INVEST":-52504624.06,"NETCASH_FINANCE":-65174765.74,"END_CASH":15506273.93,"DIVI_RATIO":null,"DIVIDEND_RATE":null,"CURRENT_RATIO":2.611218138708,"COMMON_ACS":10000000000,"CURRENTDEBT_DEBT":83.690933895572,"ISSUED_COMMON_SHARES":256000000,"HK_COMMON_SHARES":256000000,"PER_SHARES":5000,"TOTAL_MARKET_CAP":61440000,"HKSK_MARKET_CAP":61440000,"PE_TTM":8.86708038678,"PB_TTM":0.787409647819,"REPORT_DATE_SQ":"2021-12-31 00:00:00","REPORT_TYPE_SQ":"2021年年报","OPERATE_INCOME_SQ":110443043.2,"DPS_HKD":null,"OPERATE_INCOME_QOQ_SQ":-1.670490320286,"NET_PROFIT_RATIO_SQ":6.3872314594,"HOLDER_PROFIT_SQ":7054252.8,"HOLDER_PROFIT_QOQ_SQ":-41.973472321239,"ROE_AVG_SQ":4.971563899117,"PE_TTM_SQ":6.484975541579,"PB_TTM_SQ":1.044016312755,"ROA_SQ":3.664441159982,"START_DATE":"2022-01-01 00:00:00","FISCAL_YEAR":"12-31","CURRENCY":"HKD","IS_CNY_CODE":0,"DPS_HKD_LY":0.2,"ORG_TYPE":"一般企业","PREMIUM_INCOME":null,"PREMIUM_INCOME_YOY":null,"NET_INTEREST_INCOME":null,"NET_INTEREST_INCOME_YOY":null,"FEE_COMMISSION_INCOME":null,"FEE_COMMISSION_INCOME_YOY":null,"ACCOUNTS_RECE_TDAYS":6.534673417466,"INVENTORY_TDAYS":null,"CURRENT_ASSETS_TDAYS":1.015394129643,"TOTAL_ASSETS_TDAYS":0.724284844796,"PREMIUM_EXPENSE":null,"LOAN_DEPOSIT":null,"LOAN_EQUITY":null,"LOAN_ASSETS":null,"DEPOSIT_EQUITY":null,"DEPOSIT_ASSETS":null,"EQUITY_MULTIPLIER":1.486587610512,"EQUITY_RATIO":0.486587610513},{"SECUCODE":"01631.HK","SECURITY_CODE":"01631","SECURITY_NAME_ABBR":"REF HOLDINGS","ORG_CODE":"10472825","STD_REPORT_DATE":"2022-06-30 00:00:00","REPORT_DATE":"2022-06-30 00:00:00","DATE_TYPE_CODE":"002","REPORT_TYPE":"2022年中报","PER_NETCASH_OPERATE":-0.012323421523,"PER_OI":0.240699238555,"BPS":0.327584538203,"BASIC_EPS":0.032753777,"DILUTED_EPS":0.032753777,"OPERATE_INCOME":61619005.07,"OPERATE_INCOME_YOY":-6.6550071253,"GROSS_PROFIT":31132336.76,"GROSS_PROFIT_YOY":-11.711085027878,"HOLDER_PROFIT":8381717.19,"HOLDER_PROFIT_YOY":26.1065362841,"GROSS_PROFIT_RATIO":50.523919892302,"EPS_TTM":0.035035329023,"OPERATE_INCOME_QOQ":-2.362530091891,"NET_PROFIT_RATIO":13.6024870581,"ROE_AVG":8.25267447784,"GROSS_PROFIT_QOQ":-6.995206409086,"ROA":5.191386355992,"HOLDER_PROFIT_QOQ":27.143788070652,"ROE_YEARLY":16.50534895568,"ROIC_YEARLY":20.845319055038,"TOTAL_ASSETS":142999740.66,"TOTAL_LIABILITIES":59138098.88,"TAX_EBT":14.184397163121,"OCF_SALES":-5.119842338279,"TOTAL_PARENT_EQUITY":83861641.78,"DEBT_ASSET_RATIO":41.3553889028,"OPERATE_PROFIT":10287935.7,"PRETAX_PROFIT":9767124.99,"NETCASH_OPERATE":-3154795.91,"NETCASH_INVEST":-12318156.76,"NETCASH_FINANCE":-52612143.99,"END_CASH":41007215.69,"DIVI_RATIO":null,"DIVIDEND_RATE":null,"CURRENT_RATIO":2.214116366746,"COMMON_ACS":10000000000,"CURRENTDEBT_DEBT":74.412887552059,"ISSUED_COMMON_SHARES":256000000,"HK_COMMON_SHARES":256000000,"PER_SHARES":5000,"TOTAL_MARKET_CAP":61440000,"HKSK_MARKET_CAP":61440000,"PE_TTM":8.86708038678,"PB_TTM":0.787409647819,"REPORT_DATE_SQ":"2021-06-30 00:00:00","REPORT_TYPE_SQ":"2021年中报","OPERATE_INCOME_SQ":64228255.2,"DPS_HKD":null,"OPERATE_INCOME_QOQ_SQ":-9.520368027336,"NET_PROFIT_RATIO_SQ":10.0686617437,"HOLDER_PROFIT_SQ":6466925.76,"HOLDER_PROFIT_QOQ_SQ":-20.922193312309,"ROE_AVG_SQ":4.489397466483,"PE_TTM_SQ":6.484975541579,"PB_TTM_SQ":1.044016312755,"ROA_SQ":3.203449107325,"START_DATE":"2022-01-01 00:00:00","FISCAL_YEAR":"12-31","CURRENCY":"HKD","IS_CNY_CODE":0,"DPS_HKD_LY":0.2,"ORG_TYPE":"一般企业","PREMIUM_INCOME":null,"PREMIUM_INCOME_YOY":null,"NET_INTEREST_INCOME":null,"NET_INTEREST_INCOME_YOY":null,"FEE_COMMISSION_INCOME":null,"FEE_COMMISSION_INCOME_YOY":null,"ACCOUNTS_RECE_TDAYS":2.370671360653,"INVENTORY_TDAYS":null,"CURRENT_ASSETS_TDAYS":0.546481201981,"TOTAL_ASSETS_TDAYS":0.381649791968,"PREMIUM_EXPENSE":null,"LOAN_DEPOSIT":null,"LOAN_EQUITY":null,"LOAN_ASSETS":null,"DEPOSIT_EQUITY":null,"DEPOSIT_ASSETS":null,"EQUITY_MULTIPLIER":1.705186514653,"EQUITY_RATIO":0.705186514654},{"SECUCODE":"01631.HK","SECURITY_CODE":"01631","SECURITY_NAME_ABBR":"REF HOLDINGS","ORG_CODE":"10472825","STD_REPORT_DATE":"2021-12-31 00:00:00","REPORT_DATE":"2021-12-31 00:00:00","DATE_TYPE_CODE":"001","REPORT_TYPE":"2021年年报","PER_NETCASH_OPERATE":0.09294770625,"PER_OI":0.4314181375,"BPS":0.44540356875,"BASIC_EPS":0.02755312,"DILUTED_EPS":0.02755312,"OPERATE_INCOME":110443043.2,"OPERATE_INCOME_YOY":-8.4158785044,"GROSS_PROFIT":59033990.4,"GROSS_PROFIT_YOY":0.984216135371,"HOLDER_PROFIT":7054252.8,"HOLDER_PROFIT_YOY":-52.7646994416,"GROSS_PROFIT_RATIO":53.451977317481,"EPS_TTM":0.027555675,"OPERATE_INCOME_QOQ":-1.670490320286,"NET_PROFIT_RATIO":6.3872314594,"ROE_AVG":4.971563899117,"GROSS_PROFIT_QOQ":3.154718751921,"ROA":3.664441159982,"HOLDER_PROFIT_QOQ":-41.973472321239,"ROE_YEARLY":4.971563899117,"ROIC_YEARLY":11.001453599572,"TOTAL_ASSETS":172000964.8,"TOTAL_LIABILITIES":57977651.2,"TAX_EBT":22.375168690958,"OCF_SALES":21.544691372648,"TOTAL_PARENT_EQUITY":114023313.6,"DEBT_ASSET_RATIO":33.7077476672,"OPERATE_PROFIT":9785036.8,"PRETAX_PROFIT":9087624,"NETCASH_OPERATE":23794612.8,"NETCASH_INVEST":4495164.8,"NETCASH_FINANCE":-76464404.8,"END_CASH":104297144,"DIVI_RATIO":null,"DIVIDEND_RATE":null,"CURRENT_RATIO":3.264254577158,"COMMON_ACS":10000000000,"CURRENTDEBT_DEBT":64.699909747292,"ISSUED_COMMON_SHARES":256000000,"HK_COMMON_SHARES":256000000,"PER_SHARES":5000,"TOTAL_MARKET_CAP":61440000,"HKSK_MARKET_CAP":61440000,"PE_TTM":8.86708038678,"PB_TTM":0.787409647819,"REPORT_DATE_SQ":"2020-12-31 00:00:00","REPORT_TYPE_SQ":"2020年年报","OPERATE_INCOME_SQ":124137691.8,"DPS_HKD":null,"OPERATE_INCOME_QOQ_SQ":-22.429447368882,"NET_PROFIT_RATIO_SQ":12.3841486152,"HOLDER_PROFIT_SQ":15373396.24,"HOLDER_PROFIT_QOQ_SQ":-33.452398164628,"ROE_AVG_SQ":8.15082552432,"PE_TTM_SQ":6.484975541579,"PB_TTM_SQ":1.044016312755,"ROA_SQ":6.283086300423,"START_DATE":"2021-01-01 00:00:00","FISCAL_YEAR":"12-31","CURRENCY":"HKD","IS_CNY_CODE":0,"DPS_HKD_LY":0.3,"ORG_TYPE":"一般企业","PREMIUM_INCOME":null,"PREMIUM_INCOME_YOY":null,"NET_INTEREST_INCOME":null,"NET_INTEREST_INCOME_YOY":null,"FEE_COMMISSION_INCOME":null,"FEE_COMMISSION_INCOME_YOY":null,"ACCOUNTS_RECE_TDAYS":7.63606557377,"INVENTORY_TDAYS":null,"CURRENT_ASSETS_TDAYS":0.688272084581,"TOTAL_ASSETS_TDAYS":0.573713538216,"PREMIUM_EXPENSE":null,"LOAN_DEPOSIT":null,"LOAN_EQUITY":null,"LOAN_ASSETS":null,"DEPOSIT_EQUITY":null,"DEPOSIT_ASSETS":null,"EQUITY_MULTIPLIER":1.508471902538,"EQUITY_RATIO":0.508471902539},{"SECUCODE":"01631.HK","SECURITY_CODE":"01631","SECURITY_NAME_ABBR":"REF HOLDINGS","ORG_CODE":"10472825","STD_REPORT_DATE":"2021-06-30 00:00:00","REPORT_DATE":"2021-06-30 00:00:00","DATE_TYPE_CODE":"002","REPORT_TYPE":"2021年中报","PER_NETCASH_OPERATE":0.02905779375,"PER_OI":0.250891621875,"BPS":0.450509564063,"BASIC_EPS":0.025295232,"DILUTED_EPS":0.025295232,"OPERATE_INCOME":64228255.2,"OPERATE_INCOME_YOY":-7.2826204461,"GROSS_PROFIT":35261886.24,"GROSS_PROFIT_YOY":-3.370722862327,"HOLDER_PROFIT":6466925.76,"HOLDER_PROFIT_YOY":-26.6861616829,"GROSS_PROFIT_RATIO":54.900893898173,"EPS_TTM":0.047488064688,"OPERATE_INCOME_QOQ":-9.520368027336,"NET_PROFIT_RATIO":10.0686617437,"ROE_AVG":4.489397466483,"GROSS_PROFIT_QOQ":-2.104123439831,"ROA":3.203449107325,"HOLDER_PROFIT_QOQ":-20.922193312309,"ROE_YEARLY":8.978794932965,"ROIC_YEARLY":16.279422930904,"TOTAL_ASSETS":186965047.68,"TOTAL_LIABILITIES":71634599.28,"TAX_EBT":21.423516327975,"OCF_SALES":11.58181111543,"TOTAL_PARENT_EQUITY":115330448.4,"DEBT_ASSET_RATIO":38.3144337238,"OPERATE_PROFIT":8392358.88,"PRETAX_PROFIT":8230103.28,"NETCASH_OPERATE":7438795.2,"NETCASH_INVEST":-817102.56,"NETCASH_FINANCE":-72116373.6,"END_CASH":89677422,"DIVI_RATIO":null,"DIVIDEND_RATE":null,"CURRENT_RATIO":2.981124145744,"COMMON_ACS":10000000000,"CURRENTDEBT_DEBT":63.567620308743,"ISSUED_COMMON_SHARES":256000000,"HK_COMMON_SHARES":256000000,"PER_SHARES":5000,"TOTAL_MARKET_CAP":61440000,"HKSK_MARKET_CAP":61440000,"PE_TTM":8.86708038678,"PB_TTM":0.787409647819,"REPORT_DATE_SQ":"2020-06-30 00:00:00","REPORT_TYPE_SQ":"2020年中报","OPERATE_INCOME_SQ":76046620.32,"DPS_HKD":null,"OPERATE_INCOME_QOQ_SQ":-6.215523834607,"NET_PROFIT_RATIO_SQ":12.73347507,"HOLDER_PROFIT_SQ":9683377.44,"HOLDER_PROFIT_QOQ_SQ":-23.104860464058,"ROE_AVG_SQ":4.311671937121,"PE_TTM_SQ":6.484975541579,"PB_TTM_SQ":1.044016312755,"ROA_SQ":3.284285402264,"START_DATE":"2021-01-01 00:00:00","FISCAL_YEAR":"12-31","CURRENCY":"HKD","IS_CNY_CODE":0,"DPS_HKD_LY":0.3,"ORG_TYPE":"一般企业","PREMIUM_INCOME":null,"PREMIUM_INCOME_YOY":null,"NET_INTEREST_INCOME":null,"NET_INTEREST_INCOME_YOY":null,"FEE_COMMISSION_INCOME":null,"FEE_COMMISSION_INCOME_YOY":null,"ACCOUNTS_RECE_TDAYS":2.857513049273,"INVENTORY_TDAYS":null,"CURRENT_ASSETS_TDAYS":0.380334363128,"TOTAL_ASSETS_TDAYS":0.318160366179,"PREMIUM_EXPENSE":null,"LOAN_DEPOSIT":null,"LOAN_EQUITY":null,"LOAN_ASSETS":null,"DEPOSIT_EQUITY":null,"DEPOSIT_ASSETS":null,"EQUITY_MULTIPLIER":1.621124779049,"EQUITY_RATIO":0.621124779048},{"SECUCODE":"01631.HK","SECURITY_CODE":"01631","SECURITY_NAME_ABBR":"REF HOLDINGS","ORG_CODE":"10472825","STD_REPORT_DATE":"2020-12-31 00:00:00","REPORT_DATE":"2020-12-31 00:00:00","DATE_TYPE_CODE":"001","REPORT_TYPE":"2020年年报","PER_NETCASH_OPERATE":0.086886179375,"PER_OI":0.484912858594,"BPS":0.682625930156,"BASIC_EPS":0.060093096,"DILUTED_EPS":0.060093096,"OPERATE_INCOME":124137691.8,"OPERATE_INCOME_YOY":-22.5711450935,"GROSS_PROFIT":58458631.12,"GROSS_PROFIT_YOY":-32.990346327711,"HOLDER_PROFIT":15373396.24,"HOLDER_PROFIT_YOY":-45.5364064643,"GROSS_PROFIT_RATIO":47.09176582257,"EPS_TTM":0.060052329063,"OPERATE_INCOME_QOQ":-22.429447368882,"NET_PROFIT_RATIO":12.3841486152,"ROE_AVG":8.15082552432,"GROSS_PROFIT_QOQ":-26.362005399029,"ROA":6.283086300423,"HOLDER_PROFIT_QOQ":-33.452398164628,"ROE_YEARLY":8.15082552432,"ROIC_YEARLY":22.454147612726,"TOTAL_ASSETS":219273310.84,"TOTAL_LIABILITIES":44521072.72,"TAX_EBT":13.794893576856,"OCF_SALES":17.917895521882,"TOTAL_PARENT_EQUITY":174752238.12,"DEBT_ASSET_RATIO":20.3039177679,"OPERATE_PROFIT":20099204.84,"PRETAX_PROFIT":17833509.96,"NETCASH_OPERATE":30707235.4,"NETCASH_INVEST":174726988.92,"NETCASH_FINANCE":-60271523.68,"END_CASH":156954918.68,"DIVI_RATIO":null,"DIVIDEND_RATE":null,"CURRENT_RATIO":4.693301111648,"COMMON_ACS":10000000000,"CURRENTDEBT_DEBT":97.782524859163,"ISSUED_COMMON_SHARES":256000000,"HK_COMMON_SHARES":256000000,"PER_SHARES":5000,"TOTAL_MARKET_CAP":61440000,"HKSK_MARKET_CAP":61440000,"PE_TTM":8.86708038678,"PB_TTM":0.787409647819,"REPORT_DATE_SQ":"2019-12-31 00:00:00","REPORT_TYPE_SQ":"2019年年报","OPERATE_INCOME_SQ":170638027.98,"DPS_HKD":null,"OPERATE_INCOME_QOQ_SQ":-3.950466295316,"NET_PROFIT_RATIO_SQ":17.6060811272,"HOLDER_PROFIT_SQ":30042669.64,"HOLDER_PROFIT_QOQ_SQ":-6.849817832263,"ROE_AVG_SQ":14.985835440889,"PE_TTM_SQ":6.484975541579,"PB_TTM_SQ":1.044016312755,"ROA_SQ":11.378301905996,"START_DATE":"2020-01-01 00:00:00","FISCAL_YEAR":"12-31","CURRENCY":"HKD","IS_CNY_CODE":0,"DPS_HKD_LY":0.2,"ORG_TYPE":"一般企业","PREMIUM_INCOME":null,"PREMIUM_INCOME_YOY":null,"NET_INTEREST_INCOME":null,"NET_INTEREST_INCOME_YOY":null,"FEE_COMMISSION_INCOME":null,"FEE_COMMISSION_INCOME_YOY":null,"ACCOUNTS_RECE_TDAYS":6.616499192535,"INVENTORY_TDAYS":null,"CURRENT_ASSETS_TDAYS":0.556785558569,"TOTAL_ASSETS_TDAYS":0.507349071434,"PREMIUM_EXPENSE":null,"LOAN_DEPOSIT":null,"LOAN_EQUITY":null,"LOAN_ASSETS":null,"DEPOSIT_EQUITY":null,"DEPOSIT_ASSETS":null,"EQUITY_MULTIPLIER":1.254766824155,"EQUITY_RATIO":0.254766824156},{"SECUCODE":"01631.HK","SECURITY_CODE":"01631","SECURITY_NAME_ABBR":"REF HOLDINGS","ORG_CODE":"10472825","STD_REPORT_DATE":"2020-06-30 00:00:00","REPORT_DATE":"2020-06-30 00:00:00","DATE_TYPE_CODE":"002","REPORT_TYPE":"2020年中报","PER_NETCASH_OPERATE":0.026364875625,"PER_OI":0.297057110625,"BPS":0.89619882,"BASIC_EPS":0.037816416,"DILUTED_EPS":0.037816416,"OPERATE_INCOME":76046620.32,"OPERATE_INCOME_YOY":-15.4851939456,"GROSS_PROFIT":36491928,"GROSS_PROFIT_YOY":-17.708182820159,"HOLDER_PROFIT":9683377.44,"HOLDER_PROFIT_YOY":-43.907085031,"GROSS_PROFIT_RATIO":47.986258753438,"EPS_TTM":0.090239659141,"OPERATE_INCOME_QOQ":-6.215523834607,"NET_PROFIT_RATIO":12.73347507,"ROE_AVG":4.311671937121,"GROSS_PROFIT_QOQ":-9.001251276056,"ROA":3.284285402264,"HOLDER_PROFIT_QOQ":-23.104860464058,"ROE_YEARLY":8.623343874241,"ROIC_YEARLY":23.302870269112,"TOTAL_ASSETS":296553776.64,"TOTAL_LIABILITIES":67126878.72,"TAX_EBT":18.372218372218,"OCF_SALES":8.875355843033,"TOTAL_PARENT_EQUITY":229426897.92,"DEBT_ASSET_RATIO":22.635651274,"OPERATE_PROFIT":12410909.28,"PRETAX_PROFIT":11862845.28,"NETCASH_OPERATE":15935874.24,"NETCASH_INVEST":54762554.88,"NETCASH_FINANCE":-9198340.8,"END_CASH":74298296.16,"DIVI_RATIO":null,"DIVIDEND_RATE":null,"CURRENT_RATIO":4.187136790344,"COMMON_ACS":10000000000,"CURRENTDEBT_DEBT":97.409100805574,"ISSUED_COMMON_SHARES":256000000,"HK_COMMON_SHARES":256000000,"PER_SHARES":5000,"TOTAL_MARKET_CAP":61440000,"HKSK_MARKET_CAP":61440000,"PE_TTM":8.86708038678,"PB_TTM":0.787409647819,"REPORT_DATE_SQ":"2019-06-30 00:00:00","REPORT_TYPE_SQ":"2019年中报","OPERATE_INCOME_SQ":86652667.62,"DPS_HKD":null,"OPERATE_INCOME_QOQ_SQ":5.387791713181,"NET_PROFIT_RATIO_SQ":19.1854385983,"HOLDER_PROFIT_SQ":16624694.34,"HOLDER_PROFIT_QOQ_SQ":0.189967032664,"ROE_AVG_SQ":8.730197225129,"PE_TTM_SQ":6.484975541579,"PB_TTM_SQ":1.044016312755,"ROA_SQ":6.411852716361,"START_DATE":"2020-01-01 00:00:00","FISCAL_YEAR":"12-31","CURRENCY":"HKD","IS_CNY_CODE":0,"DPS_HKD_LY":0.2,"ORG_TYPE":"一般企业","PREMIUM_INCOME":null,"PREMIUM_INCOME_YOY":null,"NET_INTEREST_INCOME":null,"NET_INTEREST_INCOME_YOY":null,"FEE_COMMISSION_INCOME":null,"FEE_COMMISSION_INCOME_YOY":null,"ACCOUNTS_RECE_TDAYS":2.897822795385,"INVENTORY_TDAYS":null,"CURRENT_ASSETS_TDAYS":0.283762227751,"TOTAL_ASSETS_TDAYS":0.257925301948,"PREMIUM_EXPENSE":null,"LOAN_DEPOSIT":null,"LOAN_EQUITY":null,"LOAN_ASSETS":null,"DEPOSIT_EQUITY":null,"DEPOSIT_ASSETS":null,"EQUITY_MULTIPLIER":1.292585042681,"EQUITY_RATIO":0.292585042681}],"count":30},"success":true,"message":"ok","code":0}