{"version":"6afeded70e928e4740fc875fbac631eb","result":{"pages":3,"data":[{"SECUCODE":"01637.HK","SECURITY_CODE":"01637","SECURITY_NAME_ABBR":"顺兴集团控股","ORG_CODE":"10546293","STD_REPORT_DATE":"2024-06-30 00:00:00","REPORT_DATE":"2024-09-30 00:00:00","DATE_TYPE_CODE":"002","REPORT_TYPE":"2024年中报","PER_NETCASH_OPERATE":0.1341322446,"PER_OI":0.744024093975,"BPS":0.496342961525,"BASIC_EPS":-0.01983938,"DILUTED_EPS":null,"OPERATE_INCOME":297609637.59,"OPERATE_INCOME_YOY":-28.4350611191,"GROSS_PROFIT":-1099282.01,"GROSS_PROFIT_YOY":-137.284711903086,"HOLDER_PROFIT":-7887957.13,"HOLDER_PROFIT_YOY":20.3152045185,"GROSS_PROFIT_RATIO":-0.369370434003,"EPS_TTM":-0.034473830125,"OPERATE_INCOME_QOQ":0,"NET_PROFIT_RATIO":-2.6504373964,"ROE_AVG":-3.895649850244,"GROSS_PROFIT_QOQ":0,"ROA":-1.93100951376,"HOLDER_PROFIT_QOQ":0,"ROE_YEARLY":-7.791299700489,"ROIC_YEARLY":-4.467878345194,"TOTAL_ASSETS":370187500.37,"TOTAL_LIABILITIES":171650315.76,"TAX_EBT":21.034576148777,"OCF_SALES":18.027943676312,"TOTAL_PARENT_EQUITY":198537184.61,"DEBT_ASSET_RATIO":46.3684796457,"OPERATE_PROFIT":-9136034.49,"PRETAX_PROFIT":-9989127.83,"NETCASH_OPERATE":53652897.84,"NETCASH_INVEST":1155192.99,"NETCASH_FINANCE":-24524179.05,"END_CASH":70534406.64,"DIVI_RATIO":null,"DIVIDEND_RATE":null,"CURRENT_RATIO":1.851554970375,"COMMON_ACS":10000000000,"CURRENTDEBT_DEBT":99.753604001177,"ISSUED_COMMON_SHARES":400000000,"HK_COMMON_SHARES":400000000,"PER_SHARES":2000,"TOTAL_MARKET_CAP":48800000,"HKSK_MARKET_CAP":48800000,"PE_TTM":-3.759340574686,"PB_TTM":0.221657983548,"REPORT_DATE_SQ":"2023-06-30 00:00:00","REPORT_TYPE_SQ":"2023年中报","OPERATE_INCOME_SQ":423164156.87,"DPS_HKD":null,"OPERATE_INCOME_QOQ_SQ":0,"NET_PROFIT_RATIO_SQ":-2.380358626,"HOLDER_PROFIT_SQ":-10072824.51,"HOLDER_PROFIT_QOQ_SQ":0,"ROE_AVG_SQ":-4.600037296467,"PE_TTM_SQ":-4.018622886547,"PB_TTM_SQ":0.211031997941,"ROA_SQ":-2.261617910811,"START_DATE":"2024-04-01 00:00:00","FISCAL_YEAR":"3-31","CURRENCY":"HKD","IS_CNY_CODE":0,"DPS_HKD_LY":null,"ORG_TYPE":"一般企业","PREMIUM_INCOME":null,"PREMIUM_INCOME_YOY":null,"NET_INTEREST_INCOME":null,"NET_INTEREST_INCOME_YOY":null,"FEE_COMMISSION_INCOME":null,"FEE_COMMISSION_INCOME_YOY":null,"ACCOUNTS_RECE_TDAYS":3.224057755808,"INVENTORY_TDAYS":null,"CURRENT_ASSETS_TDAYS":0.836494701904,"TOTAL_ASSETS_TDAYS":0.728562582303,"PREMIUM_EXPENSE":null,"LOAN_DEPOSIT":null,"LOAN_EQUITY":null,"LOAN_ASSETS":null,"DEPOSIT_EQUITY":null,"DEPOSIT_ASSETS":null,"EQUITY_MULTIPLIER":1.864575147961,"EQUITY_RATIO":0.864575147961},{"SECUCODE":"01637.HK","SECURITY_CODE":"01637","SECURITY_NAME_ABBR":"顺兴集团控股","ORG_CODE":"10546293","STD_REPORT_DATE":"2023-12-31 00:00:00","REPORT_DATE":"2024-03-31 00:00:00","DATE_TYPE_CODE":"001","REPORT_TYPE":"2023年年报","PER_NETCASH_OPERATE":-0.270587044,"PER_OI":1.985745648375,"BPS":0.51878683575,"BASIC_EPS":-0.0344489,"DILUTED_EPS":null,"OPERATE_INCOME":794298259.35,"OPERATE_INCOME_YOY":-8.182089693,"GROSS_PROFIT":14766792.95,"GROSS_PROFIT_YOY":94.875586128842,"HOLDER_PROFIT":-13789532.05,"HOLDER_PROFIT_YOY":-38.2566806035,"GROSS_PROFIT_RATIO":1.859099245929,"EPS_TTM":-0.027246143725,"OPERATE_INCOME_QOQ":0,"NET_PROFIT_RATIO":-1.7360647449,"ROE_AVG":-6.431399741662,"GROSS_PROFIT_QOQ":0,"ROA":-3.035558198661,"HOLDER_PROFIT_QOQ":0,"ROE_YEARLY":-6.431399741662,"ROIC_YEARLY":-3.606335447757,"TOTAL_ASSETS":449148384.4,"TOTAL_LIABILITIES":241633650.1,"TAX_EBT":12.2830286604,"OCF_SALES":-13.626470450605,"TOTAL_PARENT_EQUITY":207514734.3,"DEBT_ASSET_RATIO":53.7981786181,"OPERATE_PROFIT":-13710662.2,"PRETAX_PROFIT":-15720483.55,"NETCASH_OPERATE":-108234817.6,"NETCASH_INVEST":65112953.75,"NETCASH_FINANCE":27957095.45,"END_CASH":40462952.7,"DIVI_RATIO":null,"DIVIDEND_RATE":null,"CURRENT_RATIO":1.648950685221,"COMMON_ACS":10000000000,"CURRENTDEBT_DEBT":99.540034966347,"ISSUED_COMMON_SHARES":400000000,"HK_COMMON_SHARES":400000000,"PER_SHARES":2000,"TOTAL_MARKET_CAP":50400000,"HKSK_MARKET_CAP":50400000,"PE_TTM":-3.882597642709,"PB_TTM":0.228925458419,"REPORT_DATE_SQ":"2022-12-31 00:00:00","REPORT_TYPE_SQ":"2022年年报","OPERATE_INCOME_SQ":835364369.55,"DPS_HKD":null,"OPERATE_INCOME_QOQ_SQ":0,"NET_PROFIT_RATIO_SQ":-1.1529412998,"HOLDER_PROFIT_SQ":-9631260.82,"HOLDER_PROFIT_QOQ_SQ":0,"ROE_AVG_SQ":-4.113258547947,"PE_TTM_SQ":-4.018622886547,"PB_TTM_SQ":0.211031997941,"ROA_SQ":-2.168195787961,"START_DATE":"2023-04-01 00:00:00","FISCAL_YEAR":"3-31","CURRENCY":"HKD","IS_CNY_CODE":0,"DPS_HKD_LY":null,"ORG_TYPE":"一般企业","PREMIUM_INCOME":null,"PREMIUM_INCOME_YOY":null,"NET_INTEREST_INCOME":null,"NET_INTEREST_INCOME_YOY":null,"FEE_COMMISSION_INCOME":null,"FEE_COMMISSION_INCOME_YOY":null,"ACCOUNTS_RECE_TDAYS":8.229834638162,"INVENTORY_TDAYS":null,"CURRENT_ASSETS_TDAYS":2.016174460506,"TOTAL_ASSETS_TDAYS":1.748528220254,"PREMIUM_EXPENSE":null,"LOAN_DEPOSIT":null,"LOAN_EQUITY":null,"LOAN_ASSETS":null,"DEPOSIT_EQUITY":null,"DEPOSIT_ASSETS":null,"EQUITY_MULTIPLIER":2.164416834856,"EQUITY_RATIO":1.164416834858},{"SECUCODE":"01637.HK","SECURITY_CODE":"01637","SECURITY_NAME_ABBR":"顺兴集团控股","ORG_CODE":"10546293","STD_REPORT_DATE":"2023-06-30 00:00:00","REPORT_DATE":"2023-09-30 00:00:00","DATE_TYPE_CODE":"002","REPORT_TYPE":"2023年中报","PER_NETCASH_OPERATE":-0.29574756085,"PER_OI":1.057910392175,"BPS":0.5348406455,"BASIC_EPS":-0.02477601,"DILUTED_EPS":null,"OPERATE_INCOME":423164156.87,"OPERATE_INCOME_YOY":-5.8791233463,"GROSS_PROFIT":2948345.19,"GROSS_PROFIT_YOY":13.702725431413,"HOLDER_PROFIT":-10072824.51,"HOLDER_PROFIT_YOY":-12.7465078061,"GROSS_PROFIT_RATIO":0.696737930691,"EPS_TTM":-0.02407815205,"OPERATE_INCOME_QOQ":0,"NET_PROFIT_RATIO":-2.380358626,"ROE_AVG":-4.600037296467,"GROSS_PROFIT_QOQ":0,"ROA":-2.261617910811,"HOLDER_PROFIT_QOQ":0,"ROE_YEARLY":-9.200074592934,"ROIC_YEARLY":-5.349721536199,"TOTAL_ASSETS":425762885.03,"TOTAL_LIABILITIES":211826626.83,"TAX_EBT":12.184,"OCF_SALES":-27.95582338897,"TOTAL_PARENT_EQUITY":213936258.2,"DEBT_ASSET_RATIO":49.7522527862,"OPERATE_PROFIT":-10861986.31,"PRETAX_PROFIT":-11470375,"NETCASH_OPERATE":-118299024.34,"NETCASH_INVEST":59590892.2,"NETCASH_FINANCE":35421435.63,"END_CASH":33020915.55,"DIVI_RATIO":null,"DIVIDEND_RATE":null,"CURRENT_RATIO":1.738069194532,"COMMON_ACS":10000000000,"CURRENTDEBT_DEBT":99.405651509047,"ISSUED_COMMON_SHARES":400000000,"HK_COMMON_SHARES":400000000,"PER_SHARES":2000,"TOTAL_MARKET_CAP":50400000,"HKSK_MARKET_CAP":50400000,"PE_TTM":-3.882597642709,"PB_TTM":0.228925458419,"REPORT_DATE_SQ":"2022-06-30 00:00:00","REPORT_TYPE_SQ":"2022年中报","OPERATE_INCOME_SQ":443133995.76,"DPS_HKD":null,"OPERATE_INCOME_QOQ_SQ":0,"NET_PROFIT_RATIO_SQ":-1.987125322,"HOLDER_PROFIT_SQ":-8805627.84,"HOLDER_PROFIT_QOQ_SQ":0,"ROE_AVG_SQ":-3.63135211546,"PE_TTM_SQ":-4.018622886547,"PB_TTM_SQ":0.211031997941,"ROA_SQ":-1.809263555772,"START_DATE":"2023-04-01 00:00:00","FISCAL_YEAR":"3-31","CURRENCY":"HKD","IS_CNY_CODE":0,"DPS_HKD_LY":null,"ORG_TYPE":"一般企业","PREMIUM_INCOME":null,"PREMIUM_INCOME_YOY":null,"NET_INTEREST_INCOME":null,"NET_INTEREST_INCOME_YOY":null,"FEE_COMMISSION_INCOME":null,"FEE_COMMISSION_INCOME_YOY":null,"ACCOUNTS_RECE_TDAYS":6.458895619595,"INVENTORY_TDAYS":null,"CURRENT_ASSETS_TDAYS":1.110549460076,"TOTAL_ASSETS_TDAYS":0.950116459827,"PREMIUM_EXPENSE":null,"LOAN_DEPOSIT":null,"LOAN_EQUITY":null,"LOAN_ASSETS":null,"DEPOSIT_EQUITY":null,"DEPOSIT_ASSETS":null,"EQUITY_MULTIPLIER":1.990138972291,"EQUITY_RATIO":0.990138972291},{"SECUCODE":"01637.HK","SECURITY_CODE":"01637","SECURITY_NAME_ABBR":"顺兴集团控股","ORG_CODE":"10546293","STD_REPORT_DATE":"2022-12-31 00:00:00","REPORT_DATE":"2023-03-31 00:00:00","DATE_TYPE_CODE":"001","REPORT_TYPE":"2022年年报","PER_NETCASH_OPERATE":-0.257180138325,"PER_OI":2.088410923875,"BPS":0.534256157425,"BASIC_EPS":-0.02451148,"DILUTED_EPS":null,"OPERATE_INCOME":835364369.55,"OPERATE_INCOME_YOY":26.6720826414,"GROSS_PROFIT":7577548.96,"GROSS_PROFIT_YOY":-79.509751599631,"HOLDER_PROFIT":-9631260.82,"HOLDER_PROFIT_YOY":-193.7697093667,"GROSS_PROFIT_RATIO":0.907095063688,"EPS_TTM":-0.026420034475,"OPERATE_INCOME_QOQ":0,"NET_PROFIT_RATIO":-1.1529412998,"ROE_AVG":-4.113258547947,"GROSS_PROFIT_QOQ":0,"ROA":-2.168195787961,"HOLDER_PROFIT_QOQ":0,"ROE_YEARLY":-4.113258547947,"ROIC_YEARLY":-3.378323397239,"TOTAL_ASSETS":443605263.4,"TOTAL_LIABILITIES":229902800.43,"TAX_EBT":21.464772646156,"OCF_SALES":-12.314632881148,"TOTAL_PARENT_EQUITY":213702462.97,"DEBT_ASSET_RATIO":51.8259857126,"OPERATE_PROFIT":-12220723.6,"PRETAX_PROFIT":-12263618.69,"NETCASH_OPERATE":-102872055.33,"NETCASH_INVEST":-43964841.02,"NETCASH_FINANCE":-17896882.04,"END_CASH":53716908.42,"DIVI_RATIO":null,"DIVIDEND_RATE":null,"CURRENT_RATIO":1.645860897482,"COMMON_ACS":10000000000,"CURRENTDEBT_DEBT":99.864444469829,"ISSUED_COMMON_SHARES":400000000,"HK_COMMON_SHARES":400000000,"PER_SHARES":2000,"TOTAL_MARKET_CAP":50400000,"HKSK_MARKET_CAP":50400000,"PE_TTM":-3.882597642709,"PB_TTM":0.228925458419,"REPORT_DATE_SQ":"2021-12-31 00:00:00","REPORT_TYPE_SQ":"2021年年报","OPERATE_INCOME_SQ":610955730.27,"DPS_HKD":null,"OPERATE_INCOME_QOQ_SQ":0,"NET_PROFIT_RATIO_SQ":1.5574909701,"HOLDER_PROFIT_SQ":9515580.33,"HOLDER_PROFIT_QOQ_SQ":0,"ROE_AVG_SQ":4.007589588396,"PE_TTM_SQ":-4.018622886547,"PB_TTM_SQ":0.211031997941,"ROA_SQ":2.299479074799,"START_DATE":"2022-04-01 00:00:00","FISCAL_YEAR":"3-31","CURRENCY":"HKD","IS_CNY_CODE":0,"DPS_HKD_LY":0.045,"ORG_TYPE":"一般企业","PREMIUM_INCOME":null,"PREMIUM_INCOME_YOY":null,"NET_INTEREST_INCOME":null,"NET_INTEREST_INCOME_YOY":null,"FEE_COMMISSION_INCOME":null,"FEE_COMMISSION_INCOME_YOY":null,"ACCOUNTS_RECE_TDAYS":18.864573139993,"INVENTORY_TDAYS":null,"CURRENT_ASSETS_TDAYS":2.208933837657,"TOTAL_ASSETS_TDAYS":1.88057777826,"PREMIUM_EXPENSE":null,"LOAN_DEPOSIT":null,"LOAN_EQUITY":null,"LOAN_ASSETS":null,"DEPOSIT_EQUITY":null,"DEPOSIT_ASSETS":null,"EQUITY_MULTIPLIER":2.07580791178,"EQUITY_RATIO":1.07580791178},{"SECUCODE":"01637.HK","SECURITY_CODE":"01637","SECURITY_NAME_ABBR":"顺兴集团控股","ORG_CODE":"10546293","STD_REPORT_DATE":"2022-06-30 00:00:00","REPORT_DATE":"2022-09-30 00:00:00","DATE_TYPE_CODE":"002","REPORT_TYPE":"2022年中报","PER_NETCASH_OPERATE":-0.1039043283,"PER_OI":1.1078349894,"BPS":0.5548355013,"BASIC_EPS":-0.02170656,"DILUTED_EPS":null,"OPERATE_INCOME":443133995.76,"OPERATE_INCOME_YOY":32.4042546292,"GROSS_PROFIT":2593029.48,"GROSS_PROFIT_YOY":-90.524638273134,"HOLDER_PROFIT":-8805627.84,"HOLDER_PROFIT_YOY":-171.9160880485,"GROSS_PROFIT_RATIO":0.58515697392,"EPS_TTM":0.023788950825,"OPERATE_INCOME_QOQ":0,"NET_PROFIT_RATIO":-1.987125322,"ROE_AVG":-3.63135211546,"GROSS_PROFIT_QOQ":0,"ROA":-1.809263555772,"HOLDER_PROFIT_QOQ":0,"ROE_YEARLY":-7.262704230921,"ROIC_YEARLY":-6.051085556421,"TOTAL_ASSETS":513835879.44,"TOTAL_LIABILITIES":291901678.92,"TAX_EBT":14.318401830503,"OCF_SALES":-9.379043746964,"TOTAL_PARENT_EQUITY":221934200.52,"DEBT_ASSET_RATIO":56.8083488522,"OPERATE_PROFIT":-10250018.52,"PRETAX_PROFIT":-10277151.72,"NETCASH_OPERATE":-41561731.32,"NETCASH_INVEST":-91578167.76,"NETCASH_FINANCE":-17386050.12,"END_CASH":75168912.84,"DIVI_RATIO":null,"DIVIDEND_RATE":null,"CURRENT_RATIO":1.532290211418,"COMMON_ACS":10000000000,"CURRENTDEBT_DEBT":99.803868712877,"ISSUED_COMMON_SHARES":400000000,"HK_COMMON_SHARES":400000000,"PER_SHARES":2000,"TOTAL_MARKET_CAP":50400000,"HKSK_MARKET_CAP":50400000,"PE_TTM":-3.882597642709,"PB_TTM":0.228925458419,"REPORT_DATE_SQ":"2021-06-30 00:00:00","REPORT_TYPE_SQ":"2021年中报","OPERATE_INCOME_SQ":308268854.64,"DPS_HKD":null,"OPERATE_INCOME_QOQ_SQ":0,"NET_PROFIT_RATIO_SQ":3.658483856,"HOLDER_PROFIT_SQ":11277966.28,"HOLDER_PROFIT_QOQ_SQ":0,"ROE_AVG_SQ":4.609904927947,"PE_TTM_SQ":-4.018622886547,"PB_TTM_SQ":0.211031997941,"ROA_SQ":2.706314500612,"START_DATE":"2022-04-01 00:00:00","FISCAL_YEAR":"3-31","CURRENCY":"HKD","IS_CNY_CODE":0,"DPS_HKD_LY":0.045,"ORG_TYPE":"一般企业","PREMIUM_INCOME":null,"PREMIUM_INCOME_YOY":null,"NET_INTEREST_INCOME":null,"NET_INTEREST_INCOME_YOY":null,"FEE_COMMISSION_INCOME":null,"FEE_COMMISSION_INCOME_YOY":null,"ACCOUNTS_RECE_TDAYS":7.71174262397,"INVENTORY_TDAYS":null,"CURRENT_ASSETS_TDAYS":1.058322272107,"TOTAL_ASSETS_TDAYS":0.910492929544,"PREMIUM_EXPENSE":null,"LOAN_DEPOSIT":null,"LOAN_EQUITY":null,"LOAN_ASSETS":null,"DEPOSIT_EQUITY":null,"DEPOSIT_ASSETS":null,"EQUITY_MULTIPLIER":2.315262263482,"EQUITY_RATIO":1.315262263482},{"SECUCODE":"01637.HK","SECURITY_CODE":"01637","SECURITY_NAME_ABBR":"顺兴集团控股","ORG_CODE":"10546293","STD_REPORT_DATE":"2021-12-31 00:00:00","REPORT_DATE":"2022-03-31 00:00:00","DATE_TYPE_CODE":"001","REPORT_TYPE":"2021年年报","PER_NETCASH_OPERATE":0.094123793075,"PER_OI":1.527389325675,"BPS":0.5896772609,"BASIC_EPS":0.02351929,"DILUTED_EPS":null,"OPERATE_INCOME":610955730.27,"OPERATE_INCOME_YOY":6.463771393,"GROSS_PROFIT":36981244.99,"GROSS_PROFIT_YOY":-28.73470425849,"HOLDER_PROFIT":9515580.33,"HOLDER_PROFIT_YOY":-73.4150541533,"GROSS_PROFIT_RATIO":6.053015489953,"EPS_TTM":0.0811189966,"OPERATE_INCOME_QOQ":0,"NET_PROFIT_RATIO":1.5574909701,"ROE_AVG":4.007589588396,"GROSS_PROFIT_QOQ":0,"ROA":2.299479074799,"HOLDER_PROFIT_QOQ":0,"ROE_YEARLY":4.007589588396,"ROIC_YEARLY":4.386898007332,"TOTAL_ASSETS":412084724.13,"TOTAL_LIABILITIES":176213819.77,"TAX_EBT":24.894379720906,"OCF_SALES":6.162396940505,"TOTAL_PARENT_EQUITY":235870904.36,"DEBT_ASSET_RATIO":42.7615510723,"OPERATE_PROFIT":12743400.13,"PRETAX_PROFIT":12669598.22,"NETCASH_OPERATE":37649517.23,"NETCASH_INVEST":-12278691.4,"NETCASH_FINANCE":-14421379.82,"END_CASH":202380246.41,"DIVI_RATIO":null,"DIVIDEND_RATE":null,"CURRENT_RATIO":1.998691704575,"COMMON_ACS":10000000000,"CURRENTDEBT_DEBT":99.555866474592,"ISSUED_COMMON_SHARES":400000000,"HK_COMMON_SHARES":400000000,"PER_SHARES":2000,"TOTAL_MARKET_CAP":50400000,"HKSK_MARKET_CAP":50400000,"PE_TTM":-3.882597642709,"PB_TTM":0.228925458419,"REPORT_DATE_SQ":"2020-12-31 00:00:00","REPORT_TYPE_SQ":"2020年年报","OPERATE_INCOME_SQ":598040916.2,"DPS_HKD":null,"OPERATE_INCOME_QOQ_SQ":0,"NET_PROFIT_RATIO_SQ":6.2372277731,"HOLDER_PROFIT_SQ":37301174.12,"HOLDER_PROFIT_QOQ_SQ":0,"ROE_AVG_SQ":15.988494254373,"PE_TTM_SQ":-4.018622886547,"PB_TTM_SQ":0.211031997941,"ROA_SQ":9.837187349895,"START_DATE":"2021-04-01 00:00:00","FISCAL_YEAR":"3-31","CURRENCY":"HKD","IS_CNY_CODE":0,"DPS_HKD_LY":0.039,"ORG_TYPE":"一般企业","PREMIUM_INCOME":null,"PREMIUM_INCOME_YOY":null,"NET_INTEREST_INCOME":null,"NET_INTEREST_INCOME_YOY":null,"FEE_COMMISSION_INCOME":null,"FEE_COMMISSION_INCOME_YOY":null,"ACCOUNTS_RECE_TDAYS":12.263876340016,"INVENTORY_TDAYS":null,"CURRENT_ASSETS_TDAYS":1.712939929875,"TOTAL_ASSETS_TDAYS":1.476399619007,"PREMIUM_EXPENSE":null,"LOAN_DEPOSIT":null,"LOAN_EQUITY":null,"LOAN_ASSETS":null,"DEPOSIT_EQUITY":null,"DEPOSIT_ASSETS":null,"EQUITY_MULTIPLIER":1.747077390694,"EQUITY_RATIO":0.747077390694},{"SECUCODE":"01637.HK","SECURITY_CODE":"01637","SECURITY_NAME_ABBR":"顺兴集团控股","ORG_CODE":"10546293","STD_REPORT_DATE":"2021-06-30 00:00:00","REPORT_DATE":"2021-09-30 00:00:00","DATE_TYPE_CODE":"002","REPORT_TYPE":"2021年中报","PER_NETCASH_OPERATE":-0.02183241995,"PER_OI":0.7706721366,"BPS":0.60946877865,"BASIC_EPS":0.02832404,"DILUTED_EPS":null,"OPERATE_INCOME":308268854.64,"OPERATE_INCOME_YOY":11.0559565433,"GROSS_PROFIT":27366021,"GROSS_PROFIT_YOY":8.191940657822,"HOLDER_PROFIT":11277966.28,"HOLDER_PROFIT_YOY":-26.2555833969,"GROSS_PROFIT_RATIO":8.87732269676,"EPS_TTM":0.0932529353,"OPERATE_INCOME_QOQ":0,"NET_PROFIT_RATIO":3.658483856,"ROE_AVG":4.609904927947,"GROSS_PROFIT_QOQ":0,"ROA":2.706314500612,"HOLDER_PROFIT_QOQ":0,"ROE_YEARLY":9.219809855894,"ROIC_YEARLY":9.571482102078,"TOTAL_ASSETS":406613253.76,"TOTAL_LIABILITIES":162825742.3,"TAX_EBT":20.096795136635,"OCF_SALES":-2.832906357082,"TOTAL_PARENT_EQUITY":243787511.46,"DEBT_ASSET_RATIO":40.0443765161,"OPERATE_PROFIT":14159520.82,"PRETAX_PROFIT":14114535.58,"NETCASH_OPERATE":-8732967.98,"NETCASH_INVEST":-8625503.24,"NETCASH_FINANCE":-13772147.92,"END_CASH":165504863.26,"DIVI_RATIO":null,"DIVIDEND_RATE":null,"CURRENT_RATIO":2.144609878237,"COMMON_ACS":10000000000,"CURRENTDEBT_DEBT":99.204932081553,"ISSUED_COMMON_SHARES":400000000,"HK_COMMON_SHARES":400000000,"PER_SHARES":2000,"TOTAL_MARKET_CAP":50400000,"HKSK_MARKET_CAP":50400000,"PE_TTM":-3.882597642709,"PB_TTM":0.228925458419,"REPORT_DATE_SQ":"2020-06-30 00:00:00","REPORT_TYPE_SQ":"2020年中报","OPERATE_INCOME_SQ":292793897.6,"DPS_HKD":null,"OPERATE_INCOME_QOQ_SQ":0,"NET_PROFIT_RATIO_SQ":5.5095211656,"HOLDER_PROFIT_SQ":16131541.76,"HOLDER_PROFIT_QOQ_SQ":0,"ROE_AVG_SQ":6.976302308967,"PE_TTM_SQ":-4.018622886547,"PB_TTM_SQ":0.211031997941,"ROA_SQ":4.446096708295,"START_DATE":"2021-04-01 00:00:00","FISCAL_YEAR":"3-31","CURRENCY":"HKD","IS_CNY_CODE":0,"DPS_HKD_LY":0.039,"ORG_TYPE":"一般企业","PREMIUM_INCOME":null,"PREMIUM_INCOME_YOY":null,"NET_INTEREST_INCOME":null,"NET_INTEREST_INCOME_YOY":null,"FEE_COMMISSION_INCOME":null,"FEE_COMMISSION_INCOME_YOY":null,"ACCOUNTS_RECE_TDAYS":4.798350601019,"INVENTORY_TDAYS":null,"CURRENT_ASSETS_TDAYS":0.857503362983,"TOTAL_ASSETS_TDAYS":0.739736625103,"PREMIUM_EXPENSE":null,"LOAN_DEPOSIT":null,"LOAN_EQUITY":null,"LOAN_ASSETS":null,"DEPOSIT_EQUITY":null,"DEPOSIT_ASSETS":null,"EQUITY_MULTIPLIER":1.667900260046,"EQUITY_RATIO":0.667900260046},{"SECUCODE":"01637.HK","SECURITY_CODE":"01637","SECURITY_NAME_ABBR":"顺兴集团控股","ORG_CODE":"10546293","STD_REPORT_DATE":"2020-12-31 00:00:00","REPORT_DATE":"2021-03-31 00:00:00","DATE_TYPE_CODE":"001","REPORT_TYPE":"2020年年报","PER_NETCASH_OPERATE":0.2933662039,"PER_OI":1.4951022905,"BPS":0.62269270385,"BASIC_EPS":0.0929698,"DILUTED_EPS":null,"OPERATE_INCOME":598040916.2,"OPERATE_INCOME_YOY":24.4819044804,"GROSS_PROFIT":51892361.64,"GROSS_PROFIT_YOY":3.704289196256,"HOLDER_PROFIT":37301174.12,"HOLDER_PROFIT_YOY":69.5700618588,"GROSS_PROFIT_RATIO":8.67705874871,"EPS_TTM":0.0630286317,"OPERATE_INCOME_QOQ":0,"NET_PROFIT_RATIO":6.2372277731,"ROE_AVG":15.988494254373,"GROSS_PROFIT_QOQ":0,"ROA":9.837187349895,"HOLDER_PROFIT_QOQ":0,"ROE_YEARLY":15.988494254373,"ROIC_YEARLY":16.912948173583,"TOTAL_ASSETS":433052483.22,"TOTAL_LIABILITIES":183975401.68,"TAX_EBT":13.760356417071,"OCF_SALES":19.621814892805,"TOTAL_PARENT_EQUITY":249077081.54,"DEBT_ASSET_RATIO":42.4833960799,"OPERATE_PROFIT":43546209.14,"PRETAX_PROFIT":43252931.68,"NETCASH_OPERATE":117346481.56,"NETCASH_INVEST":-21736339.24,"NETCASH_FINANCE":-13892223.66,"END_CASH":199496287.2,"DIVI_RATIO":null,"DIVIDEND_RATE":null,"CURRENT_RATIO":2.079631532692,"COMMON_ACS":10000000000,"CURRENTDEBT_DEBT":98.794998070527,"ISSUED_COMMON_SHARES":400000000,"HK_COMMON_SHARES":400000000,"PER_SHARES":2000,"TOTAL_MARKET_CAP":50400000,"HKSK_MARKET_CAP":50400000,"PE_TTM":-3.882597642709,"PB_TTM":0.228925458419,"REPORT_DATE_SQ":"2019-12-31 00:00:00","REPORT_TYPE_SQ":"2019年年报","OPERATE_INCOME_SQ":519372663.6,"DPS_HKD":null,"OPERATE_INCOME_QOQ_SQ":0,"NET_PROFIT_RATIO_SQ":4.5787681114,"HOLDER_PROFIT_SQ":23780869.9,"HOLDER_PROFIT_QOQ_SQ":0,"ROE_AVG_SQ":10.530617364372,"PE_TTM_SQ":-4.018622886547,"PB_TTM_SQ":0.211031997941,"ROA_SQ":7.141367634873,"START_DATE":"2020-04-01 00:00:00","FISCAL_YEAR":"3-31","CURRENCY":"HKD","IS_CNY_CODE":0,"DPS_HKD_LY":0.017,"ORG_TYPE":"一般企业","PREMIUM_INCOME":null,"PREMIUM_INCOME_YOY":null,"NET_INTEREST_INCOME":null,"NET_INTEREST_INCOME_YOY":null,"FEE_COMMISSION_INCOME":null,"FEE_COMMISSION_INCOME_YOY":null,"ACCOUNTS_RECE_TDAYS":9.520471455673,"INVENTORY_TDAYS":null,"CURRENT_ASSETS_TDAYS":1.796433485831,"TOTAL_ASSETS_TDAYS":1.577173017835,"PREMIUM_EXPENSE":null,"LOAN_DEPOSIT":null,"LOAN_EQUITY":null,"LOAN_ASSETS":null,"DEPOSIT_EQUITY":null,"DEPOSIT_ASSETS":null,"EQUITY_MULTIPLIER":1.738628381796,"EQUITY_RATIO":0.738628381795},{"SECUCODE":"01637.HK","SECURITY_CODE":"01637","SECURITY_NAME_ABBR":"顺兴集团控股","ORG_CODE":"10546293","STD_REPORT_DATE":"2020-06-30 00:00:00","REPORT_DATE":"2020-09-30 00:00:00","DATE_TYPE_CODE":"002","REPORT_TYPE":"2020年中报","PER_NETCASH_OPERATE":0.089618456,"PER_OI":0.731984744,"BPS":0.5907788336,"BASIC_EPS":0.04042112,"DILUTED_EPS":null,"OPERATE_INCOME":292793897.6,"OPERATE_INCOME_YOY":8.3512452727,"GROSS_PROFIT":25293955.2,"GROSS_PROFIT_YOY":-8.928686787204,"HOLDER_PROFIT":16131541.76,"HOLDER_PROFIT_YOY":12.6395876795,"GROSS_PROFIT_RATIO":8.63882594799,"EPS_TTM":0.05945217475,"OPERATE_INCOME_QOQ":0,"NET_PROFIT_RATIO":5.5095211656,"ROE_AVG":6.976302308967,"GROSS_PROFIT_QOQ":0,"ROA":4.446096708295,"HOLDER_PROFIT_QOQ":0,"ROE_YEARLY":13.952604617934,"ROIC_YEARLY":14.163074400887,"TOTAL_ASSETS":387421496.96,"TOTAL_LIABILITIES":151109963.52,"TAX_EBT":13.077651515152,"OCF_SALES":12.24321363725,"TOTAL_PARENT_EQUITY":236311533.44,"DEBT_ASSET_RATIO":39.0040213839,"OPERATE_PROFIT":18749248.64,"PRETAX_PROFIT":18558566.4,"NETCASH_OPERATE":35847382.4,"NETCASH_INVEST":-3122970.88,"NETCASH_FINANCE":-7573687.68,"END_CASH":147602992,"DIVI_RATIO":null,"DIVIDEND_RATE":null,"CURRENT_RATIO":2.359643648855,"COMMON_ACS":10000000000,"CURRENTDEBT_DEBT":97.845504343882,"ISSUED_COMMON_SHARES":400000000,"HK_COMMON_SHARES":400000000,"PER_SHARES":2000,"TOTAL_MARKET_CAP":50400000,"HKSK_MARKET_CAP":50400000,"PE_TTM":-3.882597642709,"PB_TTM":0.228925458419,"REPORT_DATE_SQ":"2019-06-30 00:00:00","REPORT_TYPE_SQ":"2019年中报","OPERATE_INCOME_SQ":277388821.23,"DPS_HKD":null,"OPERATE_INCOME_QOQ_SQ":0,"NET_PROFIT_RATIO_SQ":5.2997661963,"HOLDER_PROFIT_SQ":14700958.98,"HOLDER_PROFIT_QOQ_SQ":0,"ROE_AVG_SQ":6.726622119683,"PE_TTM_SQ":-4.018622886547,"PB_TTM_SQ":0.211031997941,"ROA_SQ":4.370890054603,"START_DATE":"2020-04-01 00:00:00","FISCAL_YEAR":"3-31","CURRENCY":"HKD","IS_CNY_CODE":0,"DPS_HKD_LY":0.017,"ORG_TYPE":"一般企业","PREMIUM_INCOME":null,"PREMIUM_INCOME_YOY":null,"NET_INTEREST_INCOME":null,"NET_INTEREST_INCOME_YOY":null,"FEE_COMMISSION_INCOME":null,"FEE_COMMISSION_INCOME_YOY":null,"ACCOUNTS_RECE_TDAYS":5.788979907399,"INVENTORY_TDAYS":null,"CURRENT_ASSETS_TDAYS":0.903512446836,"TOTAL_ASSETS_TDAYS":0.806984232317,"PREMIUM_EXPENSE":null,"LOAN_DEPOSIT":null,"LOAN_EQUITY":null,"LOAN_ASSETS":null,"DEPOSIT_EQUITY":null,"DEPOSIT_ASSETS":null,"EQUITY_MULTIPLIER":1.639452342086,"EQUITY_RATIO":0.639452342085}],"count":22},"success":true,"message":"ok","code":0}