{"version":"10a43455b0cd701abd1c140c50ee0859","result":{"pages":3,"data":[{"SECUCODE":"01632.HK","SECURITY_CODE":"01632","SECURITY_NAME_ABBR":"民商创科","ORG_CODE":"10540102","STD_REPORT_DATE":"2024-06-30 00:00:00","REPORT_DATE":"2024-09-30 00:00:00","DATE_TYPE_CODE":"002","REPORT_TYPE":"2024年中报","PER_NETCASH_OPERATE":0.003613116605,"PER_OI":0.00000807626,"BPS":0.112612724885,"BASIC_EPS":-0.011182196,"DILUTED_EPS":-0.011182196,"OPERATE_INCOME":7214.32,"OPERATE_INCOME_YOY":-99.8980112188,"GROSS_PROFIT":7214.32,"GROSS_PROFIT_YOY":-97.182112858366,"HOLDER_PROFIT":-10021592.27,"HOLDER_PROFIT_YOY":-174.5288713031,"GROSS_PROFIT_RATIO":null,"EPS_TTM":-0.036318835878,"OPERATE_INCOME_QOQ":0,"NET_PROFIT_RATIO":-153075,"ROE_AVG":-8.845993114565,"GROSS_PROFIT_QOQ":0,"ROA":-7.095064802401,"HOLDER_PROFIT_QOQ":0,"ROE_YEARLY":-17.69198622913,"ROIC_YEARLY":-15.322147003268,"TOTAL_ASSETS":135408277.45,"TOTAL_LIABILITIES":29173808.29,"TAX_EBT":2.662745409745,"OCF_SALES":44737.5,"TOTAL_PARENT_EQUITY":107350885.18,"DEBT_ASSET_RATIO":21.5450700942,"OPERATE_PROFIT":-9004373.15,"PRETAX_PROFIT":-11345419.99,"NETCASH_OPERATE":3227506.41,"NETCASH_INVEST":223643.92,"NETCASH_FINANCE":-252501.2,"END_CASH":12620551.05,"DIVI_RATIO":null,"DIVIDEND_RATE":null,"CURRENT_RATIO":1.907721805822,"COMMON_ACS":4000000000,"CURRENTDEBT_DEBT":88.668047355569,"ISSUED_COMMON_SHARES":953274910,"HK_COMMON_SHARES":953274910,"PER_SHARES":2000,"TOTAL_MARKET_CAP":183028782.72,"HKSK_MARKET_CAP":183028782.72,"PE_TTM":-2.961103731051,"PB_TTM":1.537514345525,"REPORT_DATE_SQ":"2023-06-30 00:00:00","REPORT_TYPE_SQ":"2023年中报","OPERATE_INCOME_SQ":7197889.72,"DPS_HKD":null,"OPERATE_INCOME_QOQ_SQ":0,"NET_PROFIT_RATIO_SQ":19.2278430412,"HOLDER_PROFIT_SQ":13682780.93,"HOLDER_PROFIT_QOQ_SQ":0,"ROE_AVG_SQ":8.400610707666,"PE_TTM_SQ":9.686113481928,"PB_TTM_SQ":0.875316336496,"ROA_SQ":6.622151855166,"START_DATE":"2024-04-01 00:00:00","FISCAL_YEAR":"3-31","CURRENCY":"HKD","IS_CNY_CODE":0,"DPS_HKD_LY":null,"ORG_TYPE":"一般企业","PREMIUM_INCOME":null,"PREMIUM_INCOME_YOY":null,"NET_INTEREST_INCOME":null,"NET_INTEREST_INCOME_YOY":null,"FEE_COMMISSION_INCOME":null,"FEE_COMMISSION_INCOME_YOY":null,"ACCOUNTS_RECE_TDAYS":0.008620689655,"INVENTORY_TDAYS":null,"CURRENT_ASSETS_TDAYS":0.000138165678,"TOTAL_ASSETS_TDAYS":0.000051075784,"PREMIUM_EXPENSE":null,"LOAN_DEPOSIT":null,"LOAN_EQUITY":null,"LOAN_ASSETS":null,"DEPOSIT_EQUITY":null,"DEPOSIT_ASSETS":null,"EQUITY_MULTIPLIER":1.274617160707,"EQUITY_RATIO":0.27176122713},{"SECUCODE":"01632.HK","SECURITY_CODE":"01632","SECURITY_NAME_ABBR":"民商创科","ORG_CODE":"10540102","STD_REPORT_DATE":"2023-12-31 00:00:00","REPORT_DATE":"2024-03-31 00:00:00","DATE_TYPE_CODE":"001","REPORT_TYPE":"2023年年报","PER_NETCASH_OPERATE":-0.014350136623,"PER_OI":0.008070175843,"BPS":0.125732560348,"BASIC_EPS":-0.036352655,"DILUTED_EPS":-0.036352655,"OPERATE_INCOME":7208885.6,"OPERATE_INCOME_YOY":-86.7781786742,"GROSS_PROFIT":274684.65,"GROSS_PROFIT_YOY":-97.298042824889,"HOLDER_PROFIT":-32442704.85,"HOLDER_PROFIT_YOY":-2525.6052824652,"GROSS_PROFIT_RATIO":3.810362173038,"EPS_TTM":0.017071953784,"OPERATE_INCOME_QOQ":0,"NET_PROFIT_RATIO":-450.0377263581,"ROE_AVG":-23.581467985424,"GROSS_PROFIT_QOQ":0,"ROA":-18.475954464493,"HOLDER_PROFIT_QOQ":0,"ROE_YEARLY":-23.581467985424,"ROIC_YEARLY":-19.48249205174,"TOTAL_ASSETS":147862837.75,"TOTAL_LIABILITIES":28098517.25,"TAX_EBT":7.36143637783,"OCF_SALES":-177.816901408451,"TOTAL_PARENT_EQUITY":119857695.15,"DEBT_ASSET_RATIO":19.003096165,"OPERATE_PROFIT":-26252781.45,"PRETAX_PROFIT":-34838716.5,"NETCASH_OPERATE":-12818617,"NETCASH_INVEST":15409536.9,"NETCASH_FINANCE":-792324.7,"END_CASH":9509709.5,"DIVI_RATIO":null,"DIVIDEND_RATE":null,"CURRENT_RATIO":2.288154641492,"COMMON_ACS":4000000000,"CURRENTDEBT_DEBT":86.123568317471,"ISSUED_COMMON_SHARES":953274910,"HK_COMMON_SHARES":953274910,"PER_SHARES":2000,"TOTAL_MARKET_CAP":230692528.22,"HKSK_MARKET_CAP":230692528.22,"PE_TTM":-3.732224494346,"PB_TTM":1.937908706339,"REPORT_DATE_SQ":"2022-12-31 00:00:00","REPORT_TYPE_SQ":"2022年年报","OPERATE_INCOME_SQ":52649783.63,"DPS_HKD":null,"OPERATE_INCOME_QOQ_SQ":0,"NET_PROFIT_RATIO_SQ":-1.2871872332,"HOLDER_PROFIT_SQ":-1193183.83,"HOLDER_PROFIT_QOQ_SQ":0,"ROE_AVG_SQ":-0.826521454387,"PE_TTM_SQ":9.686113481928,"PB_TTM_SQ":0.875316336496,"ROA_SQ":-0.644561776021,"START_DATE":"2023-04-01 00:00:00","FISCAL_YEAR":"3-31","CURRENCY":"HKD","IS_CNY_CODE":0,"DPS_HKD_LY":null,"ORG_TYPE":"一般企业","PREMIUM_INCOME":null,"PREMIUM_INCOME_YOY":null,"NET_INTEREST_INCOME":null,"NET_INTEREST_INCOME_YOY":null,"FEE_COMMISSION_INCOME":null,"FEE_COMMISSION_INCOME_YOY":null,"ACCOUNTS_RECE_TDAYS":0.524676695698,"INVENTORY_TDAYS":2.848789571695,"CURRENT_ASSETS_TDAYS":0.10984790927,"TOTAL_ASSETS_TDAYS":0.041054234751,"PREMIUM_EXPENSE":null,"LOAN_DEPOSIT":null,"LOAN_EQUITY":null,"LOAN_ASSETS":null,"DEPOSIT_EQUITY":null,"DEPOSIT_ASSETS":null,"EQUITY_MULTIPLIER":1.234615093482,"EQUITY_RATIO":0.234432317548},{"SECUCODE":"01632.HK","SECURITY_CODE":"01632","SECURITY_NAME_ABBR":"民商创科","ORG_CODE":"10540102","STD_REPORT_DATE":"2023-06-30 00:00:00","REPORT_DATE":"2023-09-30 00:00:00","DATE_TYPE_CODE":"002","REPORT_TYPE":"2023年中报","PER_NETCASH_OPERATE":-0.011125279339,"PER_OI":0.008057866217,"BPS":0.176824340829,"BASIC_EPS":0.015324421,"DILUTED_EPS":0.015324421,"OPERATE_INCOME":7197889.72,"OPERATE_INCOME_YOY":121.9490555238,"GROSS_PROFIT":256018.77,"GROSS_PROFIT_YOY":-98.71174246976,"HOLDER_PROFIT":13682780.93,"HOLDER_PROFIT_YOY":588.5648754915,"GROSS_PROFIT_RATIO":2.584172587654,"EPS_TTM":-0.001335740898,"OPERATE_INCOME_QOQ":0,"NET_PROFIT_RATIO":19.2278430412,"ROE_AVG":8.400610707666,"GROSS_PROFIT_QOQ":0,"ROA":6.622151855166,"HOLDER_PROFIT_QOQ":0,"ROE_YEARLY":16.801221415332,"ROIC_YEARLY":14.028798976371,"TOTAL_ASSETS":207432096.76,"TOTAL_LIABILITIES":38963487.43,"TAX_EBT":4.908736487684,"OCF_SALES":-13.965363834479,"TOTAL_PARENT_EQUITY":168562207.59,"DEBT_ASSET_RATIO":18.7837311769,"OPERATE_PROFIT":-9144182.95,"PRETAX_PROFIT":-10356372.18,"NETCASH_OPERATE":-9937932.9,"NETCASH_INVEST":14845418.14,"NETCASH_FINANCE":-1000216.7,"END_CASH":14368250.54,"DIVI_RATIO":null,"DIVIDEND_RATE":null,"CURRENT_RATIO":2.747260633159,"COMMON_ACS":4000000000,"CURRENTDEBT_DEBT":85.327712489108,"ISSUED_COMMON_SHARES":953274910,"HK_COMMON_SHARES":953274910,"PER_SHARES":2000,"TOTAL_MARKET_CAP":230692528.22,"HKSK_MARKET_CAP":230692528.22,"PE_TTM":-3.732224494346,"PB_TTM":1.937908706339,"REPORT_DATE_SQ":"2022-06-30 00:00:00","REPORT_TYPE_SQ":"2022年中报","OPERATE_INCOME_SQ":31601133.6,"DPS_HKD":null,"OPERATE_INCOME_QOQ_SQ":0,"NET_PROFIT_RATIO_SQ":-8.7607326846,"HOLDER_PROFIT_SQ":-2760350.88,"HOLDER_PROFIT_QOQ_SQ":0,"ROE_AVG_SQ":-1.844086476296,"PE_TTM_SQ":9.686113481928,"PB_TTM_SQ":0.875316336496,"ROA_SQ":-1.512999551355,"START_DATE":"2023-04-01 00:00:00","FISCAL_YEAR":"3-31","CURRENCY":"HKD","IS_CNY_CODE":0,"DPS_HKD_LY":null,"ORG_TYPE":"一般企业","PREMIUM_INCOME":null,"PREMIUM_INCOME_YOY":null,"NET_INTEREST_INCOME":null,"NET_INTEREST_INCOME_YOY":null,"FEE_COMMISSION_INCOME":null,"FEE_COMMISSION_INCOME_YOY":null,"ACCOUNTS_RECE_TDAYS":0.27334820184,"INVENTORY_TDAYS":28.193692853144,"CURRENT_ASSETS_TDAYS":0.846429234111,"TOTAL_ASSETS_TDAYS":0.344404301667,"PREMIUM_EXPENSE":null,"LOAN_DEPOSIT":null,"LOAN_EQUITY":null,"LOAN_ASSETS":null,"DEPOSIT_EQUITY":null,"DEPOSIT_ASSETS":null,"EQUITY_MULTIPLIER":1.231280400455,"EQUITY_RATIO":0.231151976395},{"SECUCODE":"01632.HK","SECURITY_CODE":"01632","SECURITY_NAME_ABBR":"民商创科","ORG_CODE":"10540102","STD_REPORT_DATE":"2022-12-31 00:00:00","REPORT_DATE":"2023-03-31 00:00:00","DATE_TYPE_CODE":"001","REPORT_TYPE":"2022年年报","PER_NETCASH_OPERATE":0.005195963491,"PER_OI":0.058940179603,"BPS":0.157312553259,"BASIC_EPS":-0.001313115,"DILUTED_EPS":-0.001313115,"OPERATE_INCOME":52649783.63,"OPERATE_INCOME_YOY":-88.2911819986,"GROSS_PROFIT":10166136.33,"GROSS_PROFIT_YOY":-66.330498691453,"HOLDER_PROFIT":-1193183.83,"HOLDER_PROFIT_YOY":77.3926024216,"GROSS_PROFIT_RATIO":42.368349454447,"EPS_TTM":-0.007862606429,"OPERATE_INCOME_QOQ":0,"NET_PROFIT_RATIO":-1.2871872332,"ROE_AVG":-0.826521454387,"GROSS_PROFIT_QOQ":0,"ROA":-0.644561776021,"HOLDER_PROFIT_QOQ":0,"ROE_YEARLY":-0.826521454387,"ROIC_YEARLY":-0.699666849754,"TOTAL_ASSETS":196341331.85,"TOTAL_LIABILITIES":46474641.49,"TAX_EBT":0.224719101124,"OCF_SALES":4.974246873505,"TOTAL_PARENT_EQUITY":149962110.05,"DEBT_ASSET_RATIO":23.6703301603,"OPERATE_PROFIT":-12358162.97,"PRETAX_PROFIT":779114.9,"NETCASH_OPERATE":4641423.82,"NETCASH_INVEST":-5148286.21,"NETCASH_FINANCE":-11785644.83,"END_CASH":8522991.76,"DIVI_RATIO":null,"DIVIDEND_RATE":null,"CURRENT_RATIO":1.923962762901,"COMMON_ACS":4000000000,"CURRENTDEBT_DEBT":81.947296050029,"ISSUED_COMMON_SHARES":953274910,"HK_COMMON_SHARES":953274910,"PER_SHARES":2000,"TOTAL_MARKET_CAP":237365452.59,"HKSK_MARKET_CAP":237365452.59,"PE_TTM":-3.840181401207,"PB_TTM":1.993963916853,"REPORT_DATE_SQ":"2021-12-31 00:00:00","REPORT_TYPE_SQ":"2021年年报","OPERATE_INCOME_SQ":738287544.31,"DPS_HKD":null,"OPERATE_INCOME_QOQ_SQ":0,"NET_PROFIT_RATIO_SQ":-0.6649229786,"HOLDER_PROFIT_SQ":-4889579.29,"HOLDER_PROFIT_QOQ_SQ":0,"ROE_AVG_SQ":-3.744906579209,"PE_TTM_SQ":-146.803800322817,"PB_TTM_SQ":1.089282552084,"ROA_SQ":-1.589936642515,"START_DATE":"2022-04-01 00:00:00","FISCAL_YEAR":"3-31","CURRENCY":"HKD","IS_CNY_CODE":0,"DPS_HKD_LY":null,"ORG_TYPE":"一般企业","PREMIUM_INCOME":null,"PREMIUM_INCOME_YOY":null,"NET_INTEREST_INCOME":null,"NET_INTEREST_INCOME_YOY":null,"FEE_COMMISSION_INCOME":null,"FEE_COMMISSION_INCOME_YOY":null,"ACCOUNTS_RECE_TDAYS":4.156967099806,"INVENTORY_TDAYS":41.618563685637,"CURRENT_ASSETS_TDAYS":1.30672616603,"TOTAL_ASSETS_TDAYS":0.504058658432,"PREMIUM_EXPENSE":null,"LOAN_DEPOSIT":null,"LOAN_EQUITY":null,"LOAN_ASSETS":null,"DEPOSIT_EQUITY":null,"DEPOSIT_ASSETS":null,"EQUITY_MULTIPLIER":1.310106544546,"EQUITY_RATIO":0.309909226234},{"SECUCODE":"01632.HK","SECURITY_CODE":"01632","SECURITY_NAME_ABBR":"民商创科","ORG_CODE":"10540102","STD_REPORT_DATE":"2022-06-30 00:00:00","REPORT_DATE":"2022-09-30 00:00:00","DATE_TYPE_CODE":"002","REPORT_TYPE":"2022年中报","PER_NETCASH_OPERATE":0.016510822049,"PER_OI":0.035376716894,"BPS":0.163656430358,"BASIC_EPS":-0.00316554,"DILUTED_EPS":-0.00316554,"OPERATE_INCOME":31601133.6,"OPERATE_INCOME_YOY":-95.9950436659,"GROSS_PROFIT":19873260.12,"GROSS_PROFIT_YOY":-2.820039002449,"HOLDER_PROFIT":-2760350.88,"HOLDER_PROFIT_YOY":-305.8510638298,"GROSS_PROFIT_RATIO":62.887807670292,"EPS_TTM":-0.005473767633,"OPERATE_INCOME_QOQ":0,"NET_PROFIT_RATIO":-8.7607326846,"ROE_AVG":-1.844086476296,"GROSS_PROFIT_QOQ":0,"ROA":-1.512999551355,"HOLDER_PROFIT_QOQ":0,"ROE_YEARLY":-3.688172952593,"ROIC_YEARLY":-3.43394963278,"TOTAL_ASSETS":185228407.56,"TOTAL_LIABILITIES":29313804.84,"TAX_EBT":9.330568720379,"OCF_SALES":46.671436748712,"TOTAL_PARENT_EQUITY":156009568.92,"DEBT_ASSET_RATIO":15.825760868,"OPERATE_PROFIT":-4186652.76,"PRETAX_PROFIT":-3053389.44,"NETCASH_OPERATE":14748703.08,"NETCASH_INVEST":-6056130.24,"NETCASH_FINANCE":-6882788.4,"END_CASH":22024018.44,"DIVI_RATIO":null,"DIVIDEND_RATE":null,"CURRENT_RATIO":3.689023379207,"COMMON_ACS":4000000000,"CURRENTDEBT_DEBT":74.431520162908,"ISSUED_COMMON_SHARES":953274910,"HK_COMMON_SHARES":953274910,"PER_SHARES":2000,"TOTAL_MARKET_CAP":237365452.59,"HKSK_MARKET_CAP":237365452.59,"PE_TTM":-3.840181401207,"PB_TTM":1.993963916853,"REPORT_DATE_SQ":"2021-06-30 00:00:00","REPORT_TYPE_SQ":"2021年中报","OPERATE_INCOME_SQ":726777372.14,"DPS_HKD":null,"OPERATE_INCOME_QOQ_SQ":0,"NET_PROFIT_RATIO_SQ":-0.087457976,"HOLDER_PROFIT_SQ":-626461.12,"HOLDER_PROFIT_QOQ_SQ":0,"ROE_AVG_SQ":-0.460272429865,"PE_TTM_SQ":-146.803800322817,"PB_TTM_SQ":1.089282552084,"ROA_SQ":-0.155444805725,"START_DATE":"2022-04-01 00:00:00","FISCAL_YEAR":"3-31","CURRENCY":"HKD","IS_CNY_CODE":0,"DPS_HKD_LY":null,"ORG_TYPE":"一般企业","PREMIUM_INCOME":null,"PREMIUM_INCOME_YOY":null,"NET_INTEREST_INCOME":null,"NET_INTEREST_INCOME_YOY":null,"FEE_COMMISSION_INCOME":null,"FEE_COMMISSION_INCOME_YOY":null,"ACCOUNTS_RECE_TDAYS":43.811912225705,"INVENTORY_TDAYS":72.644257703081,"CURRENT_ASSETS_TDAYS":0.414887995678,"TOTAL_ASSETS_TDAYS":0.173211678651,"PREMIUM_EXPENSE":null,"LOAN_DEPOSIT":null,"LOAN_EQUITY":null,"LOAN_ASSETS":null,"DEPOSIT_EQUITY":null,"DEPOSIT_ASSETS":null,"EQUITY_MULTIPLIER":1.188011926585,"EQUITY_RATIO":0.187897479898},{"SECUCODE":"01632.HK","SECURITY_CODE":"01632","SECURITY_NAME_ABBR":"民商创科","ORG_CODE":"10540102","STD_REPORT_DATE":"2021-12-31 00:00:00","REPORT_DATE":"2022-03-31 00:00:00","DATE_TYPE_CODE":"001","REPORT_TYPE":"2021年年报","PER_NETCASH_OPERATE":0.006280969053,"PER_OI":0.85955514714,"BPS":0.134855123912,"BASIC_EPS":-0.00567707,"DILUTED_EPS":-0.00567707,"OPERATE_INCOME":738287544.31,"OPERATE_INCOME_YOY":-42.5852834625,"GROSS_PROFIT":30193902.3,"GROSS_PROFIT_YOY":-56.790939976491,"HOLDER_PROFIT":-4889579.29,"HOLDER_PROFIT_YOY":-123.5968688845,"GROSS_PROFIT_RATIO":5.820190677896,"EPS_TTM":0.018364699095,"OPERATE_INCOME_QOQ":0,"NET_PROFIT_RATIO":-0.6649229786,"ROE_AVG":-3.744906579209,"GROSS_PROFIT_QOQ":0,"ROA":-1.589936642515,"HOLDER_PROFIT_QOQ":0,"ROE_YEARLY":-3.744906579209,"ROIC_YEARLY":-1.716429064562,"TOTAL_ASSETS":161097404.38,"TOTAL_LIABILITIES":32630987.35,"TAX_EBT":-28.377518557794,"OCF_SALES":0.730723220455,"TOTAL_PARENT_EQUITY":128554006.11,"DEBT_ASSET_RATIO":20.2554395433,"OPERATE_PROFIT":-12326540.99,"PRETAX_PROFIT":-3823912.15,"NETCASH_OPERATE":5394838.52,"NETCASH_INVEST":12165150,"NETCASH_FINANCE":-24743915.1,"END_CASH":19293927.9,"DIVI_RATIO":null,"DIVIDEND_RATE":null,"CURRENT_RATIO":2.539464850868,"COMMON_ACS":4000000000,"CURRENTDEBT_DEBT":77.745743755437,"ISSUED_COMMON_SHARES":953274910,"HK_COMMON_SHARES":953274910,"PER_SHARES":2000,"TOTAL_MARKET_CAP":237365452.59,"HKSK_MARKET_CAP":237365452.59,"PE_TTM":-3.840181401207,"PB_TTM":1.993963916853,"REPORT_DATE_SQ":"2020-12-31 00:00:00","REPORT_TYPE_SQ":"2020年年报","OPERATE_INCOME_SQ":1340063316.48,"DPS_HKD":null,"OPERATE_INCOME_QOQ_SQ":0,"NET_PROFIT_RATIO_SQ":1.608730423,"HOLDER_PROFIT_SQ":21594349,"HOLDER_PROFIT_QOQ_SQ":0,"ROE_AVG_SQ":17.101225197367,"PE_TTM_SQ":-146.803800322817,"PB_TTM_SQ":1.089282552084,"ROA_SQ":6.371777638677,"START_DATE":"2021-04-01 00:00:00","FISCAL_YEAR":"3-31","CURRENCY":"HKD","IS_CNY_CODE":0,"DPS_HKD_LY":null,"ORG_TYPE":"一般企业","PREMIUM_INCOME":null,"PREMIUM_INCOME_YOY":null,"NET_INTEREST_INCOME":null,"NET_INTEREST_INCOME_YOY":null,"FEE_COMMISSION_INCOME":null,"FEE_COMMISSION_INCOME_YOY":null,"ACCOUNTS_RECE_TDAYS":5.572818208531,"INVENTORY_TDAYS":7487.75545851528,"CURRENT_ASSETS_TDAYS":3.449804645311,"TOTAL_ASSETS_TDAYS":2.400677747084,"PREMIUM_EXPENSE":null,"LOAN_DEPOSIT":null,"LOAN_EQUITY":null,"LOAN_ASSETS":null,"DEPOSIT_EQUITY":null,"DEPOSIT_ASSETS":null,"EQUITY_MULTIPLIER":1.254004027702,"EQUITY_RATIO":0.253830964413},{"SECUCODE":"01632.HK","SECURITY_CODE":"01632","SECURITY_NAME_ABBR":"民商创科","ORG_CODE":"10540102","STD_REPORT_DATE":"2021-06-30 00:00:00","REPORT_DATE":"2021-09-30 00:00:00","DATE_TYPE_CODE":"002","REPORT_TYPE":"2021年中报","PER_NETCASH_OPERATE":0.001791395097,"PER_OI":0.846154368799,"BPS":0.142697941562,"BASIC_EPS":-0.000749754,"DILUTED_EPS":-0.000749754,"OPERATE_INCOME":726777372.14,"OPERATE_INCOME_YOY":35.7825223498,"GROSS_PROFIT":20449956.88,"GROSS_PROFIT_YOY":-39.625812170049,"HOLDER_PROFIT":-626461.12,"HOLDER_PROFIT_YOY":-112.7220436474,"GROSS_PROFIT_RATIO":3.802186793273,"EPS_TTM":0.025141334125,"OPERATE_INCOME_QOQ":0,"NET_PROFIT_RATIO":-0.087457976,"ROE_AVG":-0.460272429865,"GROSS_PROFIT_QOQ":0,"ROA":-0.155444805725,"HOLDER_PROFIT_QOQ":0,"ROE_YEARLY":-0.92054485973,"ROIC_YEARLY":-0.338260298497,"TOTAL_ASSETS":339712704.34,"TOTAL_LIABILITIES":203758145.4,"TAX_EBT":-41.82156133829,"OCF_SALES":0.211710198884,"TOTAL_PARENT_EQUITY":136030367.4,"DEBT_ASSET_RATIO":59.9795482468,"OPERATE_PROFIT":-3770429.56,"PRETAX_PROFIT":-448186.28,"NETCASH_OPERATE":1538661.82,"NETCASH_INVEST":20826500,"NETCASH_FINANCE":-11716988.9,"END_CASH":38464879.38,"DIVI_RATIO":null,"DIVIDEND_RATE":null,"CURRENT_RATIO":1.186265197977,"COMMON_ACS":4000000000,"CURRENTDEBT_DEBT":95.130217915696,"ISSUED_COMMON_SHARES":953274910,"HK_COMMON_SHARES":953274910,"PER_SHARES":2000,"TOTAL_MARKET_CAP":237365452.59,"HKSK_MARKET_CAP":237365452.59,"PE_TTM":-3.840181401207,"PB_TTM":1.993963916853,"REPORT_DATE_SQ":"2020-06-30 00:00:00","REPORT_TYPE_SQ":"2020年中报","OPERATE_INCOME_SQ":564588144.64,"DPS_HKD":null,"OPERATE_INCOME_QOQ_SQ":0,"NET_PROFIT_RATIO_SQ":0.9159362004,"HOLDER_PROFIT_SQ":5194113.92,"HOLDER_PROFIT_QOQ_SQ":0,"ROE_AVG_SQ":4.263944744008,"PE_TTM_SQ":-146.803800322817,"PB_TTM_SQ":1.089282552084,"ROA_SQ":2.500819715479,"START_DATE":"2021-04-01 00:00:00","FISCAL_YEAR":"3-31","CURRENCY":"HKD","IS_CNY_CODE":0,"DPS_HKD_LY":null,"ORG_TYPE":"一般企业","PREMIUM_INCOME":null,"PREMIUM_INCOME_YOY":null,"NET_INTEREST_INCOME":null,"NET_INTEREST_INCOME_YOY":null,"FEE_COMMISSION_INCOME":null,"FEE_COMMISSION_INCOME_YOY":null,"ACCOUNTS_RECE_TDAYS":3.348888718283,"INVENTORY_TDAYS":7142.53617021277,"CURRENT_ASSETS_TDAYS":2.408866002154,"TOTAL_ASSETS_TDAYS":1.803364387843,"PREMIUM_EXPENSE":null,"LOAN_DEPOSIT":null,"LOAN_EQUITY":null,"LOAN_ASSETS":null,"DEPOSIT_EQUITY":null,"DEPOSIT_ASSETS":null,"EQUITY_MULTIPLIER":2.498722418644,"EQUITY_RATIO":1.497887194562},{"SECUCODE":"01632.HK","SECURITY_CODE":"01632","SECURITY_NAME_ABBR":"民商创科","ORG_CODE":"10540102","STD_REPORT_DATE":"2020-12-31 00:00:00","REPORT_DATE":"2021-03-31 00:00:00","DATE_TYPE_CODE":"001","REPORT_TYPE":"2020年年报","PER_NETCASH_OPERATE":0.05165830759,"PER_OI":1.56017574731,"BPS":0.14493627042,"BASIC_EPS":0.025101846,"DILUTED_EPS":0.025101846,"OPERATE_INCOME":1340063316.48,"OPERATE_INCOME_YOY":57.0621379381,"GROSS_PROFIT":69878637.22,"GROSS_PROFIT_YOY":-28.102551742057,"HOLDER_PROFIT":21594349,"HOLDER_PROFIT_YOY":222.0327649616,"GROSS_PROFIT_RATIO":5.283828307903,"EPS_TTM":-0.010700144161,"OPERATE_INCOME_QOQ":0,"NET_PROFIT_RATIO":1.608730423,"ROE_AVG":17.101225197367,"GROSS_PROFIT_QOQ":0,"ROA":6.371777638677,"HOLDER_PROFIT_QOQ":0,"ROE_YEARLY":17.101225197367,"ROIC_YEARLY":6.893128185205,"TOTAL_ASSETS":473095421.26,"TOTAL_LIABILITIES":334998080.34,"TAX_EBT":23.638595335748,"OCF_SALES":3.311056954872,"TOTAL_PARENT_EQUITY":138164110.14,"DEBT_ASSET_RATIO":70.8098335528,"OPERATE_PROFIT":12302440.08,"PRETAX_PROFIT":28231547.54,"NETCASH_OPERATE":44370259.64,"NETCASH_INVEST":-5096435.4,"NETCASH_FINANCE":-35402899.84,"END_CASH":27288326.66,"DIVI_RATIO":null,"DIVIDEND_RATE":null,"CURRENT_RATIO":1.159755797861,"COMMON_ACS":4000000000,"CURRENTDEBT_DEBT":97.528023554166,"ISSUED_COMMON_SHARES":953274910,"HK_COMMON_SHARES":953274910,"PER_SHARES":2000,"TOTAL_MARKET_CAP":237365452.59,"HKSK_MARKET_CAP":237365452.59,"PE_TTM":-3.840181401207,"PB_TTM":1.993963916853,"REPORT_DATE_SQ":"2019-12-31 00:00:00","REPORT_TYPE_SQ":"2019年年报","OPERATE_INCOME_SQ":922376495.2,"DPS_HKD":null,"OPERATE_INCOME_QOQ_SQ":0,"NET_PROFIT_RATIO_SQ":-2.0772742042,"HOLDER_PROFIT_SQ":-19130136.9,"HOLDER_PROFIT_QOQ_SQ":0,"ROE_AVG_SQ":-18.418864886977,"PE_TTM_SQ":-146.803800322817,"PB_TTM_SQ":1.089282552084,"ROA_SQ":-11.404743942064,"START_DATE":"2020-04-01 00:00:00","FISCAL_YEAR":"3-31","CURRENCY":"HKD","IS_CNY_CODE":0,"DPS_HKD_LY":null,"ORG_TYPE":"一般企业","PREMIUM_INCOME":null,"PREMIUM_INCOME_YOY":null,"NET_INTEREST_INCOME":null,"NET_INTEREST_INCOME_YOY":null,"FEE_COMMISSION_INCOME":null,"FEE_COMMISSION_INCOME_YOY":null,"ACCOUNTS_RECE_TDAYS":8.495588877488,"INVENTORY_TDAYS":1440.53621103118,"CURRENT_ASSETS_TDAYS":5.718857192323,"TOTAL_ASSETS_TDAYS":3.954083299459,"PREMIUM_EXPENSE":null,"LOAN_DEPOSIT":null,"LOAN_EQUITY":null,"LOAN_ASSETS":null,"DEPOSIT_EQUITY":null,"DEPOSIT_ASSETS":null,"EQUITY_MULTIPLIER":3.425811229302,"EQUITY_RATIO":2.4246389312},{"SECUCODE":"01632.HK","SECURITY_CODE":"01632","SECURITY_NAME_ABBR":"民商创科","ORG_CODE":"10540102","STD_REPORT_DATE":"2020-06-30 00:00:00","REPORT_DATE":"2020-09-30 00:00:00","DATE_TYPE_CODE":"002","REPORT_TYPE":"2020年中报","PER_NETCASH_OPERATE":0.025043347936,"PER_OI":0.657324709701,"BPS":0.130819622306,"BASIC_EPS":0.006063168,"DILUTED_EPS":0.006063168,"OPERATE_INCOME":564588144.64,"OPERATE_INCOME_YOY":51.055606233,"GROSS_PROFIT":33872019.84,"GROSS_PROFIT_YOY":-38.379205596288,"HOLDER_PROFIT":5194113.92,"HOLDER_PROFIT_YOY":212.3550655769,"GROSS_PROFIT_RATIO":5.999421022487,"EPS_TTM":-0.022272362259,"OPERATE_INCOME_QOQ":0,"NET_PROFIT_RATIO":0.9159362004,"ROE_AVG":4.263944744008,"GROSS_PROFIT_QOQ":0,"ROA":2.500819715479,"HOLDER_PROFIT_QOQ":0,"ROE_YEARLY":8.527889488016,"ROIC_YEARLY":5.666871189171,"TOTAL_ASSETS":202551989.76,"TOTAL_LIABILITIES":77899406.72,"TAX_EBT":8.632199968949,"OCF_SALES":3.809889932017,"TOTAL_PARENT_EQUITY":124707063.68,"DEBT_ASSET_RATIO":38.4589688861,"OPERATE_PROFIT":2578164.48,"PRETAX_PROFIT":5659835.52,"NETCASH_OPERATE":21510186.88,"NETCASH_INVEST":1733714.56,"NETCASH_FINANCE":-24612068.48,"END_CASH":23819463.04,"DIVI_RATIO":null,"DIVIDEND_RATE":null,"CURRENT_RATIO":1.397010703788,"COMMON_ACS":4000000000,"CURRENTDEBT_DEBT":81.357232292924,"ISSUED_COMMON_SHARES":953274910,"HK_COMMON_SHARES":953274910,"PER_SHARES":2000,"TOTAL_MARKET_CAP":237365452.59,"HKSK_MARKET_CAP":237365452.59,"PE_TTM":-3.840181401207,"PB_TTM":1.993963916853,"REPORT_DATE_SQ":"2019-06-30 00:00:00","REPORT_TYPE_SQ":"2019年中报","OPERATE_INCOME_SQ":383668149.48,"DPS_HKD":null,"OPERATE_INCOME_QOQ_SQ":0,"NET_PROFIT_RATIO_SQ":-1.2375748799,"HOLDER_PROFIT_SQ":-4745474.61,"HOLDER_PROFIT_QOQ_SQ":0,"ROE_AVG_SQ":-4.320440174099,"PE_TTM_SQ":-146.803800322817,"PB_TTM_SQ":1.089282552084,"ROA_SQ":-2.590183789319,"START_DATE":"2020-04-01 00:00:00","FISCAL_YEAR":"3-31","CURRENCY":"HKD","IS_CNY_CODE":0,"DPS_HKD_LY":null,"ORG_TYPE":"一般企业","PREMIUM_INCOME":null,"PREMIUM_INCOME_YOY":null,"NET_INTEREST_INCOME":null,"NET_INTEREST_INCOME_YOY":null,"FEE_COMMISSION_INCOME":null,"FEE_COMMISSION_INCOME_YOY":null,"ACCOUNTS_RECE_TDAYS":27.20836774016,"INVENTORY_TDAYS":326.115010799136,"CURRENT_ASSETS_TDAYS":6.209915382422,"TOTAL_ASSETS_TDAYS":2.718333068909,"PREMIUM_EXPENSE":null,"LOAN_DEPOSIT":null,"LOAN_EQUITY":null,"LOAN_ASSETS":null,"DEPOSIT_EQUITY":null,"DEPOSIT_ASSETS":null,"EQUITY_MULTIPLIER":1.624932149982,"EQUITY_RATIO":0.62465913655}],"count":21},"success":true,"message":"ok","code":0}