{"version":"766eb8e0c8705daa0199fb4c3a32713e","result":{"pages":4,"data":[{"SECUCODE":"01638.HK","SECURITY_CODE":"01638","SECURITY_NAME_ABBR":"佳兆业集团","ORG_CODE":"10135190","STD_REPORT_DATE":"2024-06-30 00:00:00","REPORT_DATE":"2024-06-30 00:00:00","DATE_TYPE_CODE":"002","REPORT_TYPE":"2024年中报","PER_NETCASH_OPERATE":-0.092468521696,"PER_OI":0.773801637062,"BPS":-3.209212619474,"BASIC_EPS":-1.299,"DILUTED_EPS":-1.299,"OPERATE_INCOME":5428581000,"OPERATE_INCOME_YOY":-59.9797870899,"GROSS_PROFIT":744313000,"GROSS_PROFIT_YOY":-74.963369051591,"HOLDER_PROFIT":-9115416000,"HOLDER_PROFIT_YOY":-30.7077310632,"GROSS_PROFIT_RATIO":13.711004772702,"EPS_TTM":-3.146429499456,"OPERATE_INCOME_QOQ":-31.102448368457,"NET_PROFIT_RATIO":-165.677034201,"ROE_AVG":54.890343853191,"GROSS_PROFIT_QOQ":-131.208735697691,"ROA":-3.985730720786,"HOLDER_PROFIT_QOQ":-10.744067637851,"ROE_YEARLY":109.780687706383,"ROIC_YEARLY":-8.613412678379,"TOTAL_ASSETS":224581835000,"TOTAL_LIABILITIES":233169933000,"TAX_EBT":0.806186472298,"OCF_SALES":-11.949899983071,"TOTAL_PARENT_EQUITY":-21164076000,"DEBT_ASSET_RATIO":103.8240394643,"OPERATE_PROFIT":-6662540000,"PRETAX_PROFIT":-9067009000,"NETCASH_OPERATE":-648710000,"NETCASH_INVEST":-261095000,"NETCASH_FINANCE":351647000,"END_CASH":745654000,"DIVI_RATIO":null,"DIVIDEND_RATE":null,"CURRENT_RATIO":0.854707868486,"COMMON_ACS":50000000000,"CURRENTDEBT_DEBT":91.365081792085,"ISSUED_COMMON_SHARES":7015468487,"HK_COMMON_SHARES":7015468487,"PER_SHARES":1000,"TOTAL_MARKET_CAP":1332939012.53,"HKSK_MARKET_CAP":1332939012.53,"PE_TTM":-0.054587670287,"PB_TTM":-0.054034811825,"REPORT_DATE_SQ":"2023-06-30 00:00:00","REPORT_TYPE_SQ":"2023年中报","OPERATE_INCOME_SQ":13564598000,"DPS_HKD":null,"OPERATE_INCOME_QOQ_SQ":0.524631290197,"NET_PROFIT_RATIO_SQ":-48.6597538681,"HOLDER_PROFIT_SQ":-6973892000,"HOLDER_PROFIT_QOQ_SQ":5.347850267877,"ROE_AVG_SQ":-159.037405155318,"PE_TTM_SQ":-0.062098757121,"PB_TTM_SQ":-1.709199349021,"ROA_SQ":-2.679510843763,"START_DATE":"2024-01-01 00:00:00","FISCAL_YEAR":"12-31","CURRENCY":"HKD","IS_CNY_CODE":0,"DPS_HKD_LY":null,"ORG_TYPE":"一般企业","PREMIUM_INCOME":null,"PREMIUM_INCOME_YOY":null,"NET_INTEREST_INCOME":null,"NET_INTEREST_INCOME_YOY":null,"FEE_COMMISSION_INCOME":null,"FEE_COMMISSION_INCOME_YOY":null,"ACCOUNTS_RECE_TDAYS":0.123471050724,"INVENTORY_TDAYS":0.049964112481,"CURRENT_ASSETS_TDAYS":0.029968916015,"TOTAL_ASSETS_TDAYS":0.023736560199,"PREMIUM_EXPENSE":null,"LOAN_DEPOSIT":null,"LOAN_EQUITY":null,"LOAN_ASSETS":null,"DEPOSIT_EQUITY":null,"DEPOSIT_ASSETS":null,"EQUITY_MULTIPLIER":-26.150357739131,"EQUITY_RATIO":-11.017250788553},{"SECUCODE":"01638.HK","SECURITY_CODE":"01638","SECURITY_NAME_ABBR":"佳兆业集团","ORG_CODE":"10135190","STD_REPORT_DATE":"2023-12-31 00:00:00","REPORT_DATE":"2023-12-31 00:00:00","DATE_TYPE_CODE":"001","REPORT_TYPE":"2023年年报","PER_NETCASH_OPERATE":-0.051198006329,"PER_OI":3.728727033479,"BPS":-1.909945718498,"BASIC_EPS":-2.841,"DILUTED_EPS":-2.841,"OPERATE_INCOME":26158767000,"OPERATE_INCOME_YOY":3.0277445211,"GROSS_PROFIT":1698502000,"GROSS_PROFIT_YOY":-49.932821333044,"HOLDER_PROFIT":-19932153000,"HOLDER_PROFIT_YOY":-52.5666080705,"GROSS_PROFIT_RATIO":6.493050685455,"EPS_TTM":-2.841172052435,"OPERATE_INCOME_QOQ":2.490049651247,"NET_PROFIT_RATIO":-75.3154688063,"ROE_AVG":952.26245397756,"GROSS_PROFIT_QOQ":-58.108618047235,"ROA":-8.01833284483,"HOLDER_PROFIT_QOQ":-61.186627564465,"ROE_YEARLY":952.26245397756,"ROIC_YEARLY":-8.919256479715,"TOTAL_ASSETS":232820666000,"TOTAL_LIABILITIES":225096311000,"TAX_EBT":-5.382918696773,"OCF_SALES":-1.373069304069,"TOTAL_PARENT_EQUITY":-12049110000,"DEBT_ASSET_RATIO":96.6822726123,"OPERATE_PROFIT":-14327704000,"PRETAX_PROFIT":-18695248000,"NETCASH_OPERATE":-359178000,"NETCASH_INVEST":-604371000,"NETCASH_FINANCE":-199144000,"END_CASH":994771000,"DIVI_RATIO":null,"DIVIDEND_RATE":null,"CURRENT_RATIO":0.876274667384,"COMMON_ACS":50000000000,"CURRENTDEBT_DEBT":91.356546043085,"ISSUED_COMMON_SHARES":7015468487,"HK_COMMON_SHARES":7015468487,"PER_SHARES":1000,"TOTAL_MARKET_CAP":1578480409.575,"HKSK_MARKET_CAP":1578480409.575,"PE_TTM":-0.064643293761,"PB_TTM":-0.063988592951,"REPORT_DATE_SQ":"2022-12-31 00:00:00","REPORT_TYPE_SQ":"2022年年报","OPERATE_INCOME_SQ":25390022000,"DPS_HKD":null,"OPERATE_INCOME_QOQ_SQ":34.262623068456,"NET_PROFIT_RATIO_SQ":-51.2481871816,"HOLDER_PROFIT_SQ":-13064558000,"HOLDER_PROFIT_QOQ_SQ":44.173797015725,"ROE_AVG_SQ":-90.431269304467,"PE_TTM_SQ":-0.096067308024,"PB_TTM_SQ":-2.644146001476,"ROA_SQ":-4.712416054905,"START_DATE":"2023-01-01 00:00:00","FISCAL_YEAR":"12-31","CURRENCY":"HKD","IS_CNY_CODE":0,"DPS_HKD_LY":null,"ORG_TYPE":"一般企业","PREMIUM_INCOME":null,"PREMIUM_INCOME_YOY":null,"NET_INTEREST_INCOME":null,"NET_INTEREST_INCOME_YOY":null,"FEE_COMMISSION_INCOME":null,"FEE_COMMISSION_INCOME_YOY":null,"ACCOUNTS_RECE_TDAYS":0.539010215003,"INVENTORY_TDAYS":0.243331048175,"CURRENT_ASSETS_TDAYS":0.135023288976,"TOTAL_ASSETS_TDAYS":0.105231833519,"PREMIUM_EXPENSE":null,"LOAN_DEPOSIT":null,"LOAN_EQUITY":null,"LOAN_ASSETS":null,"DEPOSIT_EQUITY":null,"DEPOSIT_ASSETS":null,"EQUITY_MULTIPLIER":30.141114176751,"EQUITY_RATIO":-18.681571584955},{"SECUCODE":"01638.HK","SECURITY_CODE":"01638","SECURITY_NAME_ABBR":"佳兆业集团","ORG_CODE":"10135190","STD_REPORT_DATE":"2023-06-30 00:00:00","REPORT_DATE":"2023-06-30 00:00:00","DATE_TYPE_CODE":"002","REPORT_TYPE":"2023年中报","PER_NETCASH_OPERATE":-0.116916496955,"PER_OI":1.933527037451,"BPS":-0.063112392397,"BASIC_EPS":-0.994,"DILUTED_EPS":-0.994,"OPERATE_INCOME":13564598000,"OPERATE_INCOME_YOY":0.9917362263,"GROSS_PROFIT":2972896000,"GROSS_PROFIT_YOY":28.65201895098,"HOLDER_PROFIT":-6973892000,"HOLDER_PROFIT_YOY":9.1061203131,"GROSS_PROFIT_RATIO":21.916580203851,"EPS_TTM":-1.762659902602,"OPERATE_INCOME_QOQ":0.524631290197,"NET_PROFIT_RATIO":-48.6597538681,"ROE_AVG":-159.037405155318,"GROSS_PROFIT_QOQ":19.51665553409,"ROA":-2.679510843763,"HOLDER_PROFIT_QOQ":5.347850267877,"ROE_YEARLY":-318.074810310636,"ROIC_YEARLY":-5.97429602852,"TOTAL_ASSETS":256190856000,"TOTAL_LIABILITIES":232521892000,"TAX_EBT":-11.252450950235,"OCF_SALES":-6.046799175324,"TOTAL_PARENT_EQUITY":907291000,"DEBT_ASSET_RATIO":90.7611987525,"OPERATE_PROFIT":-4801234000,"PRETAX_PROFIT":-5932903000,"NETCASH_OPERATE":-820224000,"NETCASH_INVEST":-393777000,"NETCASH_FINANCE":489014000,"END_CASH":1396824000,"DIVI_RATIO":null,"DIVIDEND_RATE":null,"CURRENT_RATIO":0.948078795464,"COMMON_ACS":50000000000,"CURRENTDEBT_DEBT":90.262556439202,"ISSUED_COMMON_SHARES":7015468487,"HK_COMMON_SHARES":7015468487,"PER_SHARES":1000,"TOTAL_MARKET_CAP":1578480409.575,"HKSK_MARKET_CAP":1578480409.575,"PE_TTM":-0.064643293761,"PB_TTM":-0.063988592951,"REPORT_DATE_SQ":"2022-06-30 00:00:00","REPORT_TYPE_SQ":"2022年中报","OPERATE_INCOME_SQ":13431394000,"DPS_HKD":null,"OPERATE_INCOME_QOQ_SQ":-46.797346686216,"NET_PROFIT_RATIO_SQ":-57.7587925721,"HOLDER_PROFIT_SQ":-7672565000,"HOLDER_PROFIT_QOQ_SQ":-83.882275161377,"ROE_AVG_SQ":-44.678187300904,"PE_TTM_SQ":-0.096067308024,"PB_TTM_SQ":-2.644146001476,"ROA_SQ":-2.697448370638,"START_DATE":"2023-01-01 00:00:00","FISCAL_YEAR":"12-31","CURRENCY":"HKD","IS_CNY_CODE":0,"DPS_HKD_LY":null,"ORG_TYPE":"一般企业","PREMIUM_INCOME":null,"PREMIUM_INCOME_YOY":null,"NET_INTEREST_INCOME":null,"NET_INTEREST_INCOME_YOY":null,"FEE_COMMISSION_INCOME":null,"FEE_COMMISSION_INCOME_YOY":null,"ACCOUNTS_RECE_TDAYS":null,"INVENTORY_TDAYS":0.099373617109,"CURRENT_ASSETS_TDAYS":0.066778555693,"TOTAL_ASSETS_TDAYS":0.052117938494,"PREMIUM_EXPENSE":null,"LOAN_DEPOSIT":null,"LOAN_EQUITY":null,"LOAN_ASSETS":null,"DEPOSIT_EQUITY":null,"DEPOSIT_ASSETS":null,"EQUITY_MULTIPLIER":10.82391506442,"EQUITY_RATIO":256.281492927848},{"SECUCODE":"01638.HK","SECURITY_CODE":"01638","SECURITY_NAME_ABBR":"佳兆业集团","ORG_CODE":"10135190","STD_REPORT_DATE":"2022-12-31 00:00:00","REPORT_DATE":"2022-12-31 00:00:00","DATE_TYPE_CODE":"001","REPORT_TYPE":"2022年年报","PER_NETCASH_OPERATE":-0.892296503305,"PER_OI":3.619148464147,"BPS":0.928346127143,"BASIC_EPS":-1.883,"DILUTED_EPS":-1.883,"OPERATE_INCOME":25390022000,"OPERATE_INCOME_YOY":-28.5687221189,"GROSS_PROFIT":3392446000,"GROSS_PROFIT_YOY":-26.701560952106,"HOLDER_PROFIT":-13064558000,"HOLDER_PROFIT_YOY":-2.6544921837,"GROSS_PROFIT_RATIO":13.361335409635,"EPS_TTM":-1.862250258013,"OPERATE_INCOME_QOQ":34.262623068456,"NET_PROFIT_RATIO":-51.2481871816,"ROE_AVG":-90.431269304467,"GROSS_PROFIT_QOQ":245.04320582012,"ROA":-4.712416054905,"HOLDER_PROFIT_QOQ":44.173797015725,"ROE_YEARLY":-90.431269304467,"ROIC_YEARLY":-5.416337835331,"TOTAL_ASSETS":264343854000,"TOTAL_LIABILITIES":229098890000,"TAX_EBT":-0.773978294593,"OCF_SALES":-24.654874265174,"TOTAL_PARENT_EQUITY":7862837000,"DEBT_ASSET_RATIO":86.667000777,"OPERATE_PROFIT":-10669792000,"PRETAX_PROFIT":-12911990000,"NETCASH_OPERATE":-6259878000,"NETCASH_INVEST":2019928000,"NETCASH_FINANCE":3167888000,"END_CASH":2067642000,"DIVI_RATIO":null,"DIVIDEND_RATE":null,"CURRENT_RATIO":1.027531682008,"COMMON_ACS":50000000000,"CURRENTDEBT_DEBT":88.049077409323,"ISSUED_COMMON_SHARES":7015468487,"HK_COMMON_SHARES":7015468487,"PER_SHARES":1000,"TOTAL_MARKET_CAP":1578480409.575,"HKSK_MARKET_CAP":1578480409.575,"PE_TTM":-0.064643293761,"PB_TTM":-0.063988592951,"REPORT_DATE_SQ":"2021-12-31 00:00:00","REPORT_TYPE_SQ":"2021年年报","OPERATE_INCOME_SQ":35544684000,"DPS_HKD":null,"OPERATE_INCOME_QOQ_SQ":-44.058215101719,"NET_PROFIT_RATIO_SQ":-37.3006635816,"HOLDER_PROFIT_SQ":-12726728000,"HOLDER_PROFIT_QOQ_SQ":-324.009580851814,"ROE_AVG_SQ":-47.697091399036,"PE_TTM_SQ":-0.096067308024,"PB_TTM_SQ":-2.644146001476,"ROA_SQ":-4.242040589993,"START_DATE":"2022-01-01 00:00:00","FISCAL_YEAR":"12-31","CURRENCY":"HKD","IS_CNY_CODE":0,"DPS_HKD_LY":null,"ORG_TYPE":"一般企业","PREMIUM_INCOME":null,"PREMIUM_INCOME_YOY":null,"NET_INTEREST_INCOME":null,"NET_INTEREST_INCOME_YOY":null,"FEE_COMMISSION_INCOME":null,"FEE_COMMISSION_INCOME_YOY":null,"ACCOUNTS_RECE_TDAYS":0.482926582004,"INVENTORY_TDAYS":0.209365286403,"CURRENT_ASSETS_TDAYS":0.115497808177,"TOTAL_ASSETS_TDAYS":0.091582392077,"PREMIUM_EXPENSE":null,"LOAN_DEPOSIT":null,"LOAN_EQUITY":null,"LOAN_ASSETS":null,"DEPOSIT_EQUITY":null,"DEPOSIT_ASSETS":null,"EQUITY_MULTIPLIER":7.500187941772,"EQUITY_RATIO":29.136924751206},{"SECUCODE":"01638.HK","SECURITY_CODE":"01638","SECURITY_NAME_ABBR":"佳兆业集团","ORG_CODE":"10135190","STD_REPORT_DATE":"2022-06-30 00:00:00","REPORT_DATE":"2022-06-30 00:00:00","DATE_TYPE_CODE":"002","REPORT_TYPE":"2022年中报","PER_NETCASH_OPERATE":-0.851271302988,"PER_OI":1.914539852169,"BPS":1.705488097077,"BASIC_EPS":-1.104,"DILUTED_EPS":-1.104,"OPERATE_INCOME":13431394000,"OPERATE_INCOME_YOY":-55.3260208433,"GROSS_PROFIT":2310804000,"GROSS_PROFIT_YOY":-75.093700251886,"HOLDER_PROFIT":-7672565000,"HOLDER_PROFIT_YOY":-355.5048379835,"GROSS_PROFIT_RATIO":17.204498654421,"EPS_TTM":-3.335799603885,"OPERATE_INCOME_QOQ":-46.797346686216,"NET_PROFIT_RATIO":-57.7587925721,"ROE_AVG":-44.678187300904,"GROSS_PROFIT_QOQ":-150.535589470352,"ROA":-2.697448370638,"HOLDER_PROFIT_QOQ":-83.882275161377,"ROE_YEARLY":-89.356374601809,"ROIC_YEARLY":-6.20669181722,"TOTAL_ASSETS":278745740000,"TOTAL_LIABILITIES":238458893000,"TAX_EBT":0.219514698494,"OCF_SALES":-44.463493513778,"TOTAL_PARENT_EQUITY":13314852000,"DEBT_ASSET_RATIO":85.5470985853,"OPERATE_PROFIT":-6499906000,"PRETAX_PROFIT":-7774878000,"NETCASH_OPERATE":-5972067000,"NETCASH_INVEST":-2451748000,"NETCASH_FINANCE":8575728000,"END_CASH":3322127000,"DIVI_RATIO":null,"DIVIDEND_RATE":null,"CURRENT_RATIO":0.998224105187,"COMMON_ACS":50000000000,"CURRENTDEBT_DEBT":88.167762734687,"ISSUED_COMMON_SHARES":7015468487,"HK_COMMON_SHARES":7015468487,"PER_SHARES":1000,"TOTAL_MARKET_CAP":1578480409.575,"HKSK_MARKET_CAP":1578480409.575,"PE_TTM":-0.064643293761,"PB_TTM":-0.063988592951,"REPORT_DATE_SQ":"2021-06-30 00:00:00","REPORT_TYPE_SQ":"2021年中报","OPERATE_INCOME_SQ":30065363000,"DPS_HKD":null,"OPERATE_INCOME_QOQ_SQ":13.92952445322,"NET_PROFIT_RATIO_SQ":10.2412134522,"HOLDER_PROFIT_SQ":3002904000,"HOLDER_PROFIT_QOQ_SQ":4.299644307777,"ROE_AVG_SQ":8.677298840714,"PE_TTM_SQ":-0.096067308024,"PB_TTM_SQ":-2.644146001476,"ROA_SQ":0.95480278867,"START_DATE":"2022-01-01 00:00:00","FISCAL_YEAR":"12-31","CURRENCY":"HKD","IS_CNY_CODE":0,"DPS_HKD_LY":null,"ORG_TYPE":"一般企业","PREMIUM_INCOME":null,"PREMIUM_INCOME_YOY":null,"NET_INTEREST_INCOME":null,"NET_INTEREST_INCOME_YOY":null,"FEE_COMMISSION_INCOME":null,"FEE_COMMISSION_INCOME_YOY":null,"ACCOUNTS_RECE_TDAYS":null,"INVENTORY_TDAYS":0.108981587435,"CURRENT_ASSETS_TDAYS":0.060739840887,"TOTAL_ASSETS_TDAYS":0.047220834051,"PREMIUM_EXPENSE":null,"LOAN_DEPOSIT":null,"LOAN_EQUITY":null,"LOAN_ASSETS":null,"DEPOSIT_EQUITY":null,"DEPOSIT_ASSETS":null,"EQUITY_MULTIPLIER":6.919025954075,"EQUITY_RATIO":17.909240973914},{"SECUCODE":"01638.HK","SECURITY_CODE":"01638","SECURITY_NAME_ABBR":"佳兆业集团","ORG_CODE":"10135190","STD_REPORT_DATE":"2021-12-31 00:00:00","REPORT_DATE":"2021-12-31 00:00:00","DATE_TYPE_CODE":"001","REPORT_TYPE":"2021年年报","PER_NETCASH_OPERATE":-3.115130235493,"PER_OI":5.066615874031,"BPS":2.805372732622,"BASIC_EPS":-1.898,"DILUTED_EPS":-1.898,"OPERATE_INCOME":35544684000,"OPERATE_INCOME_YOY":-36.2657904947,"GROSS_PROFIT":4628265000,"GROSS_PROFIT_YOY":-70.905080557132,"HOLDER_PROFIT":-12726728000,"HOLDER_PROFIT_YOY":-333.6411960438,"GROSS_PROFIT_RATIO":13.02097663887,"EPS_TTM":-1.81409524162,"OPERATE_INCOME_QOQ":-44.058215101719,"NET_PROFIT_RATIO":-37.3006635816,"ROE_AVG":-47.697091399036,"GROSS_PROFIT_QOQ":-73.77199409439,"ROA":-4.242040589993,"HOLDER_PROFIT_QOQ":-324.009580851814,"ROE_YEARLY":-47.697091399036,"ROIC_YEARLY":-5.399917783466,"TOTAL_ASSETS":290130023000,"TOTAL_LIABILITIES":231048007000,"TAX_EBT":2.321074821565,"OCF_SALES":-61.483449958368,"TOTAL_PARENT_EQUITY":21031058000,"DEBT_ASSET_RATIO":79.6360213297,"OPERATE_PROFIT":-12140610000,"PRETAX_PROFIT":-13573453000,"NETCASH_OPERATE":-21854098000,"NETCASH_INVEST":-13187969000,"NETCASH_FINANCE":2052978000,"END_CASH":3060184000,"DIVI_RATIO":null,"DIVIDEND_RATE":null,"CURRENT_RATIO":1.157119202395,"COMMON_ACS":50000000000,"CURRENTDEBT_DEBT":86.92320726229,"ISSUED_COMMON_SHARES":7015468487,"HK_COMMON_SHARES":7015468487,"PER_SHARES":1000,"TOTAL_MARKET_CAP":1578480409.575,"HKSK_MARKET_CAP":1578480409.575,"PE_TTM":-0.064643293761,"PB_TTM":-0.063988592951,"REPORT_DATE_SQ":"2020-12-31 00:00:00","REPORT_TYPE_SQ":"2020年年报","OPERATE_INCOME_SQ":55770181000,"DPS_HKD":null,"OPERATE_INCOME_QOQ_SQ":11.068250850206,"NET_PROFIT_RATIO_SQ":9.46452191,"HOLDER_PROFIT_SQ":5447125000,"HOLDER_PROFIT_QOQ_SQ":20.358770057493,"ROE_AVG_SQ":18.766983394305,"PE_TTM_SQ":-0.096067308024,"PB_TTM_SQ":-2.644146001476,"ROA_SQ":1.875728774886,"START_DATE":"2021-01-01 00:00:00","FISCAL_YEAR":"12-31","CURRENCY":"HKD","IS_CNY_CODE":0,"DPS_HKD_LY":0.16,"ORG_TYPE":"一般企业","PREMIUM_INCOME":null,"PREMIUM_INCOME_YOY":null,"NET_INTEREST_INCOME":null,"NET_INTEREST_INCOME_YOY":null,"FEE_COMMISSION_INCOME":null,"FEE_COMMISSION_INCOME_YOY":null,"ACCOUNTS_RECE_TDAYS":null,"INVENTORY_TDAYS":0.35692822927,"CURRENT_ASSETS_TDAYS":0.154375659197,"TOTAL_ASSETS_TDAYS":0.118476636168,"PREMIUM_EXPENSE":null,"LOAN_DEPOSIT":null,"LOAN_EQUITY":null,"LOAN_ASSETS":null,"DEPOSIT_EQUITY":null,"DEPOSIT_ASSETS":null,"EQUITY_MULTIPLIER":4.910631739457,"EQUITY_RATIO":10.986038220236},{"SECUCODE":"01638.HK","SECURITY_CODE":"01638","SECURITY_NAME_ABBR":"佳兆业集团","ORG_CODE":"10135190","STD_REPORT_DATE":"2021-06-30 00:00:00","REPORT_DATE":"2021-06-30 00:00:00","DATE_TYPE_CODE":"002","REPORT_TYPE":"2021年中报","PER_NETCASH_OPERATE":1.546392235972,"PER_OI":4.285581647999,"BPS":5.064391931321,"BASIC_EPS":0.468,"DILUTED_EPS":0.465,"OPERATE_INCOME":30065363000,"OPERATE_INCOME_YOY":34.8413510756,"GROSS_PROFIT":9277990000,"GROSS_PROFIT_YOY":23.063534569444,"HOLDER_PROFIT":3002904000,"HOLDER_PROFIT_YOY":8.4591054926,"GROSS_PROFIT_RATIO":30.859397905823,"EPS_TTM":0.809829309408,"OPERATE_INCOME_QOQ":13.92952445322,"NET_PROFIT_RATIO":10.2412134522,"ROE_AVG":8.677298840714,"GROSS_PROFIT_QOQ":10.930733916925,"ROA":0.95480278867,"HOLDER_PROFIT_QOQ":4.299644307777,"ROE_YEARLY":17.354597681429,"ROIC_YEARLY":2.631583761508,"TOTAL_ASSETS":319111753000,"TOTAL_LIABILITIES":237662141000,"TAX_EBT":38.94039890067,"OCF_SALES":36.083602250204,"TOTAL_PARENT_EQUITY":36879136000,"DEBT_ASSET_RATIO":74.4761478591,"OPERATE_PROFIT":5590123000,"PRETAX_PROFIT":5042709000,"NETCASH_OPERATE":10848666000,"NETCASH_INVEST":-8539499000,"NETCASH_FINANCE":-4980000,"END_CASH":38363726000,"DIVI_RATIO":null,"DIVIDEND_RATE":null,"CURRENT_RATIO":1.823082014186,"COMMON_ACS":50000000000,"CURRENTDEBT_DEBT":56.446695900127,"ISSUED_COMMON_SHARES":7015468487,"HK_COMMON_SHARES":7015468487,"PER_SHARES":1000,"TOTAL_MARKET_CAP":1578480409.575,"HKSK_MARKET_CAP":1578480409.575,"PE_TTM":-0.064643293761,"PB_TTM":-0.063988592951,"REPORT_DATE_SQ":"2020-06-30 00:00:00","REPORT_TYPE_SQ":"2020年中报","OPERATE_INCOME_SQ":22296842000,"DPS_HKD":null,"OPERATE_INCOME_QOQ_SQ":4.56220351285,"NET_PROFIT_RATIO_SQ":10.5786326153,"HOLDER_PROFIT_SQ":2768697000,"HOLDER_PROFIT_QOQ_SQ":-1.49153346618,"ROE_AVG_SQ":10.239107096528,"PE_TTM_SQ":-0.096067308024,"PB_TTM_SQ":-2.644146001476,"ROA_SQ":0.982969801628,"START_DATE":"2021-01-01 00:00:00","FISCAL_YEAR":"12-31","CURRENCY":"HKD","IS_CNY_CODE":0,"DPS_HKD_LY":0.16,"ORG_TYPE":"一般企业","PREMIUM_INCOME":null,"PREMIUM_INCOME_YOY":null,"NET_INTEREST_INCOME":null,"NET_INTEREST_INCOME_YOY":null,"FEE_COMMISSION_INCOME":null,"FEE_COMMISSION_INCOME_YOY":null,"ACCOUNTS_RECE_TDAYS":0.6646644734,"INVENTORY_TDAYS":0.266962478954,"CURRENT_ASSETS_TDAYS":0.127212987915,"TOTAL_ASSETS_TDAYS":0.095595771409,"PREMIUM_EXPENSE":null,"LOAN_DEPOSIT":null,"LOAN_EQUITY":null,"LOAN_ASSETS":null,"DEPOSIT_EQUITY":null,"DEPOSIT_ASSETS":null,"EQUITY_MULTIPLIER":3.917903906039,"EQUITY_RATIO":6.444352194151},{"SECUCODE":"01638.HK","SECURITY_CODE":"01638","SECURITY_NAME_ABBR":"佳兆业集团","ORG_CODE":"10135190","STD_REPORT_DATE":"2020-12-31 00:00:00","REPORT_DATE":"2020-12-31 00:00:00","DATE_TYPE_CODE":"001","REPORT_TYPE":"2020年年报","PER_NETCASH_OPERATE":0.738644460132,"PER_OI":9.093491572174,"BPS":4.416481245324,"BASIC_EPS":0.863,"DILUTED_EPS":0.86,"OPERATE_INCOME":55770181000,"OPERATE_INCOME_YOY":16.1354104922,"GROSS_PROFIT":15907468000,"GROSS_PROFIT_YOY":15.02093663637,"HOLDER_PROFIT":5447125000,"HOLDER_PROFIT_YOY":18.5635787226,"GROSS_PROFIT_RATIO":28.523249727305,"EPS_TTM":0.888169706318,"OPERATE_INCOME_QOQ":11.068250850206,"NET_PROFIT_RATIO":9.46452191,"ROE_AVG":18.766983394305,"GROSS_PROFIT_QOQ":8.496727835777,"ROA":1.875728774886,"HOLDER_PROFIT_QOQ":20.358770057493,"ROE_YEARLY":18.766983394305,"ROIC_YEARLY":2.502129396694,"TOTAL_ASSETS":309898559000,"TOTAL_LIABILITIES":231179185000,"TAX_EBT":49.740981928245,"OCF_SALES":8.122781599005,"TOTAL_PARENT_EQUITY":32333739000,"DEBT_ASSET_RATIO":74.5983413882,"OPERATE_PROFIT":12274694000,"PRETAX_PROFIT":10502356000,"NETCASH_OPERATE":4530090000,"NETCASH_INVEST":-25889833000,"NETCASH_FINANCE":30418063000,"END_CASH":36078762000,"DIVI_RATIO":null,"DIVIDEND_RATE":null,"CURRENT_RATIO":1.78513704555,"COMMON_ACS":50000000000,"CURRENTDEBT_DEBT":55.273598702236,"ISSUED_COMMON_SHARES":7015468487,"HK_COMMON_SHARES":7015468487,"PER_SHARES":1000,"TOTAL_MARKET_CAP":1578480409.575,"HKSK_MARKET_CAP":1578480409.575,"PE_TTM":-0.064643293761,"PB_TTM":-0.063988592951,"REPORT_DATE_SQ":"2019-12-31 00:00:00","REPORT_TYPE_SQ":"2019年年报","OPERATE_INCOME_SQ":48021685000,"DPS_HKD":null,"OPERATE_INCOME_QOQ_SQ":9.680684639263,"NET_PROFIT_RATIO_SQ":8.6710993169,"HOLDER_PROFIT_SQ":4594265000,"HOLDER_PROFIT_QOQ_SQ":18.30686732524,"ROE_AVG_SQ":19.402908456602,"PE_TTM_SQ":-0.096067308024,"PB_TTM_SQ":-2.644146001476,"ROA_SQ":1.837961836936,"START_DATE":"2020-01-01 00:00:00","FISCAL_YEAR":"12-31","CURRENCY":"HKD","IS_CNY_CODE":0,"DPS_HKD_LY":0.13,"ORG_TYPE":"一般企业","PREMIUM_INCOME":null,"PREMIUM_INCOME_YOY":null,"NET_INTEREST_INCOME":null,"NET_INTEREST_INCOME_YOY":null,"FEE_COMMISSION_INCOME":null,"FEE_COMMISSION_INCOME_YOY":null,"ACCOUNTS_RECE_TDAYS":null,"INVENTORY_TDAYS":0.587426760487,"CURRENT_ASSETS_TDAYS":0.266400615619,"TOTAL_ASSETS_TDAYS":0.192045773288,"PREMIUM_EXPENSE":null,"LOAN_DEPOSIT":null,"LOAN_EQUITY":null,"LOAN_ASSETS":null,"DEPOSIT_EQUITY":null,"DEPOSIT_ASSETS":null,"EQUITY_MULTIPLIER":3.936750805459,"EQUITY_RATIO":7.149781997065},{"SECUCODE":"01638.HK","SECURITY_CODE":"01638","SECURITY_NAME_ABBR":"佳兆业集团","ORG_CODE":"10135190","STD_REPORT_DATE":"2020-06-30 00:00:00","REPORT_DATE":"2020-06-30 00:00:00","DATE_TYPE_CODE":"002","REPORT_TYPE":"2020年中报","PER_NETCASH_OPERATE":0.604362809328,"PER_OI":3.650248662318,"BPS":4.043134404005,"BASIC_EPS":0.445,"DILUTED_EPS":0.444,"OPERATE_INCOME":22296842000,"OPERATE_INCOME_YOY":10.8964863465,"GROSS_PROFIT":7539187000,"GROSS_PROFIT_YOY":12.398571340611,"HOLDER_PROFIT":2768697000,"HOLDER_PROFIT_YOY":-2.4152146008,"GROSS_PROFIT_RATIO":33.81280183086,"EPS_TTM":0.740915524315,"OPERATE_INCOME_QOQ":4.56220351285,"NET_PROFIT_RATIO":10.5786326153,"ROE_AVG":10.239107096528,"GROSS_PROFIT_QOQ":6.013277018333,"ROA":0.982969801628,"HOLDER_PROFIT_QOQ":-1.49153346618,"ROE_YEARLY":20.478214193055,"ROIC_YEARLY":2.537864540914,"TOTAL_ASSETS":292430712000,"TOTAL_LIABILITIES":230179204000,"TAX_EBT":50.44144015807,"OCF_SALES":16.556757230463,"TOTAL_PARENT_EQUITY":28364482000,"DEBT_ASSET_RATIO":78.7123905098,"OPERATE_PROFIT":4991345000,"PRETAX_PROFIT":4759422000,"NETCASH_OPERATE":3691634000,"NETCASH_INVEST":-7822533000,"NETCASH_FINANCE":9336529000,"END_CASH":32062136000,"DIVI_RATIO":null,"DIVIDEND_RATE":null,"CURRENT_RATIO":1.57694952203,"COMMON_ACS":50000000000,"CURRENTDEBT_DEBT":58.561290358794,"ISSUED_COMMON_SHARES":7015468487,"HK_COMMON_SHARES":7015468487,"PER_SHARES":1000,"TOTAL_MARKET_CAP":1578480409.575,"HKSK_MARKET_CAP":1578480409.575,"PE_TTM":-0.064643293761,"PB_TTM":-0.063988592951,"REPORT_DATE_SQ":"2019-06-30 00:00:00","REPORT_TYPE_SQ":"2019年中报","OPERATE_INCOME_SQ":20105995000,"DPS_HKD":null,"OPERATE_INCOME_QOQ_SQ":13.120297971059,"NET_PROFIT_RATIO_SQ":13.8124972179,"HOLDER_PROFIT_SQ":2837222000,"HOLDER_PROFIT_QOQ_SQ":41.20200450439,"ROE_AVG_SQ":12.405950944928,"PE_TTM_SQ":-0.096067308024,"PB_TTM_SQ":-2.644146001476,"ROA_SQ":1.162697058094,"START_DATE":"2020-01-01 00:00:00","FISCAL_YEAR":"12-31","CURRENCY":"HKD","IS_CNY_CODE":0,"DPS_HKD_LY":0.13,"ORG_TYPE":"一般企业","PREMIUM_INCOME":null,"PREMIUM_INCOME_YOY":null,"NET_INTEREST_INCOME":null,"NET_INTEREST_INCOME_YOY":null,"FEE_COMMISSION_INCOME":null,"FEE_COMMISSION_INCOME_YOY":null,"ACCOUNTS_RECE_TDAYS":0.600467596213,"INVENTORY_TDAYS":0.225629857689,"CURRENT_ASSETS_TDAYS":0.110612105721,"TOTAL_ASSETS_TDAYS":0.079160422241,"PREMIUM_EXPENSE":null,"LOAN_DEPOSIT":null,"LOAN_EQUITY":null,"LOAN_ASSETS":null,"DEPOSIT_EQUITY":null,"DEPOSIT_ASSETS":null,"EQUITY_MULTIPLIER":4.697568322363,"EQUITY_RATIO":8.11505050577}],"count":35},"success":true,"message":"ok","code":0}