{"version":"dc3bf4fcd77610346f6a66fe72e82259","result":{"pages":3,"data":[{"SECUCODE":"01636.HK","SECURITY_CODE":"01636","SECURITY_NAME_ABBR":"中国金属利用","ORG_CODE":"10380402","STD_REPORT_DATE":"2024-06-30 00:00:00","REPORT_DATE":"2024-06-30 00:00:00","DATE_TYPE_CODE":"002","REPORT_TYPE":"2024年中报","PER_NETCASH_OPERATE":0.001743367215,"PER_OI":0.101348699469,"BPS":-0.833196316043,"BASIC_EPS":-0.05,"DILUTED_EPS":-0.05,"OPERATE_INCOME":454200000,"OPERATE_INCOME_YOY":220.9984734551,"GROSS_PROFIT":-33792000,"GROSS_PROFIT_YOY":-84.888110740275,"HOLDER_PROFIT":-221735000,"HOLDER_PROFIT_YOY":55.3290462434,"GROSS_PROFIT_RATIO":-7.439894319683,"EPS_TTM":-0.118517062054,"OPERATE_INCOME_QOQ":37.328698442409,"NET_PROFIT_RATIO":-48.8188022897,"ROE_AVG":6.124236645464,"GROSS_PROFIT_QOQ":-13.86567764422,"ROA":-16.497170181217,"HOLDER_PROFIT_QOQ":34.083620839435,"ROE_YEARLY":12.248473290929,"ROIC_YEARLY":-33.492196016991,"TOTAL_ASSETS":1305839000,"TOTAL_LIABILITIES":5039856000,"TAX_EBT":-0.033835604078,"OCF_SALES":1.720167327169,"TOTAL_PARENT_EQUITY":-3734017000,"DEBT_ASSET_RATIO":385.9477316882,"OPERATE_PROFIT":-69402000,"PRETAX_PROFIT":-221660000,"NETCASH_OPERATE":7813000,"NETCASH_INVEST":-125000,"NETCASH_FINANCE":-4346000,"END_CASH":21632000,"DIVI_RATIO":null,"DIVIDEND_RATE":null,"CURRENT_RATIO":0.146808263175,"COMMON_ACS":100000000000,"CURRENTDEBT_DEBT":99.9701975612,"ISSUED_COMMON_SHARES":4481557261,"HK_COMMON_SHARES":4481557261,"PER_SHARES":4000,"TOTAL_MARKET_CAP":443674168.839,"HKSK_MARKET_CAP":443674168.839,"PE_TTM":-0.747257004289,"PB_TTM":-0.108444214479,"REPORT_DATE_SQ":"2023-06-30 00:00:00","REPORT_TYPE_SQ":"2023年中报","OPERATE_INCOME_SQ":141496000,"DPS_HKD":null,"OPERATE_INCOME_QOQ_SQ":-40.879513352168,"NET_PROFIT_RATIO_SQ":-350.804263018,"HOLDER_PROFIT_SQ":-496374000,"HOLDER_PROFIT_QOQ_SQ":0.571302364485,"ROE_AVG_SQ":16.821290688247,"PE_TTM_SQ":-0.334852449545,"PB_TTM_SQ":-0.071116044196,"ROA_SQ":-22.646054514427,"START_DATE":"2024-01-01 00:00:00","FISCAL_YEAR":"12-31","CURRENCY":"HKD","IS_CNY_CODE":0,"DPS_HKD_LY":null,"ORG_TYPE":"一般企业","PREMIUM_INCOME":null,"PREMIUM_INCOME_YOY":null,"NET_INTEREST_INCOME":null,"NET_INTEREST_INCOME_YOY":null,"FEE_COMMISSION_INCOME":null,"FEE_COMMISSION_INCOME_YOY":null,"ACCOUNTS_RECE_TDAYS":3.343036628406,"INVENTORY_TDAYS":9.905048003735,"CURRENT_ASSETS_TDAYS":0.590924584909,"TOTAL_ASSETS_TDAYS":0.337926565328,"PREMIUM_EXPENSE":null,"LOAN_DEPOSIT":null,"LOAN_EQUITY":null,"LOAN_ASSETS":null,"DEPOSIT_EQUITY":null,"DEPOSIT_ASSETS":null,"EQUITY_MULTIPLIER":-0.349714262147,"EQUITY_RATIO":-1.349714262147},{"SECUCODE":"01636.HK","SECURITY_CODE":"01636","SECURITY_NAME_ABBR":"中国金属利用","ORG_CODE":"10380402","STD_REPORT_DATE":"2023-12-31 00:00:00","REPORT_DATE":"2023-12-31 00:00:00","DATE_TYPE_CODE":"001","REPORT_TYPE":"2023年年报","PER_NETCASH_OPERATE":-0.015466275663,"PER_OI":0.186922525188,"BPS":-0.782587791641,"BASIC_EPS":-0.18,"DILUTED_EPS":-0.18,"OPERATE_INCOME":837704000,"OPERATE_INCOME_YOY":-64.9746687411,"GROSS_PROFIT":-111895000,"GROSS_PROFIT_YOY":61.154313487242,"HOLDER_PROFIT":-805780000,"HOLDER_PROFIT_YOY":83.0830508873,"GROSS_PROFIT_RATIO":-13.357343405308,"EPS_TTM":-0.179799108451,"OPERATE_INCOME_QOQ":-40.75601666207,"NET_PROFIT_RATIO":-96.1891073697,"ROE_AVG":25.954340099839,"GROSS_PROFIT_QOQ":57.889408656578,"ROA":-42.629464155815,"HOLDER_PROFIT_QOQ":82.985848638285,"ROE_YEARLY":25.954340099839,"ROIC_YEARLY":-42.864377530806,"TOTAL_ASSETS":1382319000,"TOTAL_LIABILITIES":4889531000,"TAX_EBT":-0.001613369622,"OCF_SALES":-8.274163666402,"TOTAL_PARENT_EQUITY":-3507212000,"DEBT_ASSET_RATIO":353.7194381326,"OPERATE_PROFIT":-527808000,"PRETAX_PROFIT":-805767000,"NETCASH_OPERATE":-69313000,"NETCASH_INVEST":14359000,"NETCASH_FINANCE":70907000,"END_CASH":18327000,"DIVI_RATIO":null,"DIVIDEND_RATE":null,"CURRENT_RATIO":0.163179877796,"COMMON_ACS":100000000000,"CURRENTDEBT_DEBT":99.963268460717,"ISSUED_COMMON_SHARES":4481557261,"HK_COMMON_SHARES":4481557261,"PER_SHARES":4000,"TOTAL_MARKET_CAP":492971298.71,"HKSK_MARKET_CAP":492971298.71,"PE_TTM":-0.830285560322,"PB_TTM":-0.120493571643,"REPORT_DATE_SQ":"2022-12-31 00:00:00","REPORT_TYPE_SQ":"2022年年报","OPERATE_INCOME_SQ":2391709000,"DPS_HKD":null,"OPERATE_INCOME_QOQ_SQ":-56.38365172704,"NET_PROFIT_RATIO_SQ":-199.1526561133,"HOLDER_PROFIT_SQ":-4763152000,"HOLDER_PROFIT_QOQ_SQ":-770.777330895795,"ROE_AVG_SQ":959.729519253921,"PE_TTM_SQ":-0.334852449545,"PB_TTM_SQ":-0.071116044196,"ROA_SQ":-104.31702779326,"START_DATE":"2023-01-01 00:00:00","FISCAL_YEAR":"12-31","CURRENCY":"HKD","IS_CNY_CODE":0,"DPS_HKD_LY":null,"ORG_TYPE":"一般企业","PREMIUM_INCOME":null,"PREMIUM_INCOME_YOY":null,"NET_INTEREST_INCOME":null,"NET_INTEREST_INCOME_YOY":null,"FEE_COMMISSION_INCOME":null,"FEE_COMMISSION_INCOME_YOY":null,"ACCOUNTS_RECE_TDAYS":4.376878987215,"INVENTORY_TDAYS":11.476764844515,"CURRENT_ASSETS_TDAYS":0.650371611419,"TOTAL_ASSETS_TDAYS":0.443183904306,"PREMIUM_EXPENSE":null,"LOAN_DEPOSIT":null,"LOAN_EQUITY":null,"LOAN_ASSETS":null,"DEPOSIT_EQUITY":null,"DEPOSIT_ASSETS":null,"EQUITY_MULTIPLIER":-0.394136140045,"EQUITY_RATIO":-1.394136140045},{"SECUCODE":"01636.HK","SECURITY_CODE":"01636","SECURITY_NAME_ABBR":"中国金属利用","ORG_CODE":"10380402","STD_REPORT_DATE":"2023-06-30 00:00:00","REPORT_DATE":"2023-06-30 00:00:00","DATE_TYPE_CODE":"002","REPORT_TYPE":"2023年中报","PER_NETCASH_OPERATE":-0.04194189409,"PER_OI":0.031572953721,"BPS":-0.713978381543,"BASIC_EPS":-0.11,"DILUTED_EPS":-0.11,"OPERATE_INCOME":141496000,"OPERATE_INCOME_YOY":-87.3575675808,"GROSS_PROFIT":-18277000,"GROSS_PROFIT_YOY":54.993843880818,"HOLDER_PROFIT":-496374000,"HOLDER_PROFIT_YOY":5.1972359842,"GROSS_PROFIT_RATIO":-12.916972917962,"EPS_TTM":-1.056762130703,"OPERATE_INCOME_QOQ":-40.879513352168,"NET_PROFIT_RATIO":-350.804263018,"ROE_AVG":16.821290688247,"GROSS_PROFIT_QOQ":7.753167852803,"ROA":-22.646054514427,"HOLDER_PROFIT_QOQ":0.571302364485,"ROE_YEARLY":33.642581376494,"ROIC_YEARLY":-45.444268689122,"TOTAL_ASSETS":1985686000,"TOTAL_LIABILITIES":5185421000,"TAX_EBT":null,"OCF_SALES":-132.84121105897,"TOTAL_PARENT_EQUITY":-3199735000,"DEBT_ASSET_RATIO":261.1400291889,"OPERATE_PROFIT":-360187000,"PRETAX_PROFIT":-496374000,"NETCASH_OPERATE":-187965000,"NETCASH_INVEST":199551000,"NETCASH_FINANCE":-1680000,"END_CASH":12287000,"DIVI_RATIO":null,"DIVIDEND_RATE":null,"CURRENT_RATIO":0.26674651418,"COMMON_ACS":100000000000,"CURRENTDEBT_DEBT":99.957419079377,"ISSUED_COMMON_SHARES":4481557261,"HK_COMMON_SHARES":4481557261,"PER_SHARES":4000,"TOTAL_MARKET_CAP":492971298.71,"HKSK_MARKET_CAP":492971298.71,"PE_TTM":-0.830285560322,"PB_TTM":-0.120493571643,"REPORT_DATE_SQ":"2022-06-30 00:00:00","REPORT_TYPE_SQ":"2022年中报","OPERATE_INCOME_SQ":1119215000,"DPS_HKD":null,"OPERATE_INCOME_QOQ_SQ":-28.964933762103,"NET_PROFIT_RATIO_SQ":-46.7815388464,"HOLDER_PROFIT_SQ":-523586000,"HOLDER_PROFIT_QOQ_SQ":-472.91284812049,"ROE_AVG_SQ":-31.65295918648,"PE_TTM_SQ":-0.334852449545,"PB_TTM_SQ":-0.071116044196,"ROA_SQ":-7.792587794719,"START_DATE":"2023-01-01 00:00:00","FISCAL_YEAR":"12-31","CURRENCY":"HKD","IS_CNY_CODE":0,"DPS_HKD_LY":null,"ORG_TYPE":"一般企业","PREMIUM_INCOME":null,"PREMIUM_INCOME_YOY":null,"NET_INTEREST_INCOME":null,"NET_INTEREST_INCOME_YOY":null,"FEE_COMMISSION_INCOME":null,"FEE_COMMISSION_INCOME_YOY":null,"ACCOUNTS_RECE_TDAYS":0.670043021293,"INVENTORY_TDAYS":1.313128988646,"CURRENT_ASSETS_TDAYS":0.089523210577,"TOTAL_ASSETS_TDAYS":0.064554673081,"PREMIUM_EXPENSE":null,"LOAN_DEPOSIT":null,"LOAN_EQUITY":null,"LOAN_ASSETS":null,"DEPOSIT_EQUITY":null,"DEPOSIT_ASSETS":null,"EQUITY_MULTIPLIER":-0.620578266638,"EQUITY_RATIO":-1.620578266638},{"SECUCODE":"01636.HK","SECURITY_CODE":"01636","SECURITY_NAME_ABBR":"中国金属利用","ORG_CODE":"10380402","STD_REPORT_DATE":"2022-12-31 00:00:00","REPORT_DATE":"2022-12-31 00:00:00","DATE_TYPE_CODE":"001","REPORT_TYPE":"2022年年报","PER_NETCASH_OPERATE":-0.047369694871,"PER_OI":0.533678108012,"BPS":-0.602915424849,"BASIC_EPS":-1.1,"DILUTED_EPS":-1.1,"OPERATE_INCOME":2391709000,"OPERATE_INCOME_YOY":-69.0170981138,"GROSS_PROFIT":-288050000,"GROSS_PROFIT_YOY":-290.006596306069,"HOLDER_PROFIT":-4763152000,"HOLDER_PROFIT_YOY":-4888.7952072227,"GROSS_PROFIT_RATIO":-12.043689261528,"EPS_TTM":-1.062834127202,"OPERATE_INCOME_QOQ":-56.38365172704,"NET_PROFIT_RATIO":-199.1526561133,"ROE_AVG":959.729519253921,"GROSS_PROFIT_QOQ":-480.314232902033,"ROA":-104.31702779326,"HOLDER_PROFIT_QOQ":-770.777330895795,"ROE_YEARLY":959.729519253921,"ROIC_YEARLY":-104.481139266523,"TOTAL_ASSETS":2398071000,"TOTAL_LIABILITIES":5100071000,"TAX_EBT":-0.040472777489,"OCF_SALES":-8.876079824092,"TOTAL_PARENT_EQUITY":-2702000000,"DEBT_ASSET_RATIO":212.6738949764,"OPERATE_PROFIT":-4526224000,"PRETAX_PROFIT":-4761225000,"NETCASH_OPERATE":-212290000,"NETCASH_INVEST":198291000,"NETCASH_FINANCE":4519000,"END_CASH":2391000,"DIVI_RATIO":null,"DIVIDEND_RATE":null,"CURRENT_RATIO":0.34891494882,"COMMON_ACS":100000000000,"CURRENTDEBT_DEBT":99.944196855299,"ISSUED_COMMON_SHARES":4481557261,"HK_COMMON_SHARES":4481557261,"PER_SHARES":4000,"TOTAL_MARKET_CAP":492971298.71,"HKSK_MARKET_CAP":492971298.71,"PE_TTM":-0.830285560322,"PB_TTM":-0.120493571643,"REPORT_DATE_SQ":"2021-12-31 00:00:00","REPORT_TYPE_SQ":"2021年年报","OPERATE_INCOME_SQ":7719448000,"DPS_HKD":null,"OPERATE_INCOME_QOQ_SQ":-21.767507824062,"NET_PROFIT_RATIO_SQ":-1.2368371417,"HOLDER_PROFIT_SQ":-95477000,"HOLDER_PROFIT_QOQ_SQ":68.506277171941,"ROE_AVG_SQ":-5.971918342021,"PE_TTM_SQ":-0.334852449545,"PB_TTM_SQ":-0.071116044196,"ROA_SQ":-1.469818850834,"START_DATE":"2022-01-01 00:00:00","FISCAL_YEAR":"12-31","CURRENCY":"HKD","IS_CNY_CODE":0,"DPS_HKD_LY":null,"ORG_TYPE":"一般企业","PREMIUM_INCOME":null,"PREMIUM_INCOME_YOY":null,"NET_INTEREST_INCOME":null,"NET_INTEREST_INCOME_YOY":null,"FEE_COMMISSION_INCOME":null,"FEE_COMMISSION_INCOME_YOY":null,"ACCOUNTS_RECE_TDAYS":1.877352814547,"INVENTORY_TDAYS":18.455576943606,"CURRENT_ASSETS_TDAYS":0.611781344435,"TOTAL_ASSETS_TDAYS":0.52380435104,"PREMIUM_EXPENSE":null,"LOAN_DEPOSIT":null,"LOAN_EQUITY":null,"LOAN_ASSETS":null,"DEPOSIT_EQUITY":null,"DEPOSIT_ASSETS":null,"EQUITY_MULTIPLIER":-0.887517024427,"EQUITY_RATIO":-1.887517024426},{"SECUCODE":"01636.HK","SECURITY_CODE":"01636","SECURITY_NAME_ABBR":"中国金属利用","ORG_CODE":"10380402","STD_REPORT_DATE":"2022-06-30 00:00:00","REPORT_DATE":"2022-06-30 00:00:00","DATE_TYPE_CODE":"002","REPORT_TYPE":"2022年中报","PER_NETCASH_OPERATE":0.033603274761,"PER_OI":0.249737967144,"BPS":0.356771967172,"BASIC_EPS":-0.12,"DILUTED_EPS":-0.12,"OPERATE_INCOME":1119215000,"OPERATE_INCOME_YOY":-66.6418590178,"GROSS_PROFIT":-40610000,"GROSS_PROFIT_YOY":-215.205673758865,"HOLDER_PROFIT":-523586000,"HOLDER_PROFIT_YOY":-626.5670316251,"GROSS_PROFIT_RATIO":-3.628436002019,"EPS_TTM":-0.12205578734,"OPERATE_INCOME_QOQ":-28.964933762103,"NET_PROFIT_RATIO":-46.7815388464,"ROE_AVG":-31.65295918648,"GROSS_PROFIT_QOQ":-50.039577836412,"ROA":-7.792587794719,"HOLDER_PROFIT_QOQ":-472.91284812049,"ROE_YEARLY":-63.305918372961,"ROIC_YEARLY":-15.607217010652,"TOTAL_ASSETS":6704053000,"TOTAL_LIABILITIES":5105159000,"TAX_EBT":-0.570284873525,"OCF_SALES":13.455412945681,"TOTAL_PARENT_EQUITY":1598894000,"DEBT_ASSET_RATIO":76.1503377136,"OPERATE_PROFIT":-394694000,"PRETAX_PROFIT":-520617000,"NETCASH_OPERATE":150595000,"NETCASH_INVEST":-176262000,"NETCASH_FINANCE":-17598000,"END_CASH":7025000,"DIVI_RATIO":null,"DIVIDEND_RATE":null,"CURRENT_RATIO":1.183762583426,"COMMON_ACS":100000000000,"CURRENTDEBT_DEBT":99.896261801053,"ISSUED_COMMON_SHARES":4481557261,"HK_COMMON_SHARES":4481557261,"PER_SHARES":4000,"TOTAL_MARKET_CAP":492971298.71,"HKSK_MARKET_CAP":492971298.71,"PE_TTM":-0.830285560322,"PB_TTM":-0.120493571643,"REPORT_DATE_SQ":"2021-06-30 00:00:00","REPORT_TYPE_SQ":"2021年中报","OPERATE_INCOME_SQ":3355148000,"DPS_HKD":null,"OPERATE_INCOME_QOQ_SQ":-40.90905742764,"NET_PROFIT_RATIO_SQ":-2.147833717,"HOLDER_PROFIT_SQ":-72063000,"HOLDER_PROFIT_QOQ_SQ":21.71393599467,"ROE_AVG_SQ":-4.543883919507,"PE_TTM_SQ":-0.334852449545,"PB_TTM_SQ":-0.071116044196,"ROA_SQ":-1.163313656082,"START_DATE":"2022-01-01 00:00:00","FISCAL_YEAR":"12-31","CURRENCY":"HKD","IS_CNY_CODE":0,"DPS_HKD_LY":null,"ORG_TYPE":"一般企业","PREMIUM_INCOME":null,"PREMIUM_INCOME_YOY":null,"NET_INTEREST_INCOME":null,"NET_INTEREST_INCOME_YOY":null,"FEE_COMMISSION_INCOME":null,"FEE_COMMISSION_INCOME_YOY":null,"ACCOUNTS_RECE_TDAYS":0.592131507302,"INVENTORY_TDAYS":2.263539128543,"CURRENT_ASSETS_TDAYS":0.185340924945,"TOTAL_ASSETS_TDAYS":0.166573994505,"PREMIUM_EXPENSE":null,"LOAN_DEPOSIT":null,"LOAN_EQUITY":null,"LOAN_ASSETS":null,"DEPOSIT_EQUITY":null,"DEPOSIT_ASSETS":null,"EQUITY_MULTIPLIER":4.192931488888,"EQUITY_RATIO":3.192931488892},{"SECUCODE":"01636.HK","SECURITY_CODE":"01636","SECURITY_NAME_ABBR":"中国金属利用","ORG_CODE":"10380402","STD_REPORT_DATE":"2021-12-31 00:00:00","REPORT_DATE":"2021-12-31 00:00:00","DATE_TYPE_CODE":"001","REPORT_TYPE":"2021年年报","PER_NETCASH_OPERATE":0.033584295736,"PER_OI":2.233623604709,"BPS":0.381429244445,"BASIC_EPS":-0.03,"DILUTED_EPS":-0.03,"OPERATE_INCOME":7719448000,"OPERATE_INCOME_YOY":-53.7716829754,"GROSS_PROFIT":151600000,"GROSS_PROFIT_YOY":142.26153379037,"HOLDER_PROFIT":-95477000,"HOLDER_PROFIT_YOY":75.3448039892,"GROSS_PROFIT_RATIO":1.963870991812,"EPS_TTM":-0.027626286349,"OPERATE_INCOME_QOQ":-21.767507824062,"NET_PROFIT_RATIO":-1.2368371417,"ROE_AVG":-5.971918342021,"GROSS_PROFIT_QOQ":-3.235483726838,"ROA":-1.469818850834,"HOLDER_PROFIT_QOQ":68.506277171941,"ROE_YEARLY":-5.971918342021,"ROIC_YEARLY":-1.476555579999,"TOTAL_ASSETS":6733999000,"TOTAL_LIABILITIES":5024602000,"TAX_EBT":-76.355307634053,"OCF_SALES":1.503579012385,"TOTAL_PARENT_EQUITY":1709397000,"DEBT_ASSET_RATIO":74.6154253958,"OPERATE_PROFIT":167771000,"PRETAX_PROFIT":-54139000,"NETCASH_OPERATE":116068000,"NETCASH_INVEST":-380460000,"NETCASH_FINANCE":228049000,"END_CASH":11953000,"DIVI_RATIO":null,"DIVIDEND_RATE":null,"CURRENT_RATIO":1.204719443722,"COMMON_ACS":100000000000,"CURRENTDEBT_DEBT":99.786928397513,"ISSUED_COMMON_SHARES":4481557261,"HK_COMMON_SHARES":4481557261,"PER_SHARES":4000,"TOTAL_MARKET_CAP":492971298.71,"HKSK_MARKET_CAP":492971298.71,"PE_TTM":-0.830285560322,"PB_TTM":-0.120493571643,"REPORT_DATE_SQ":"2020-12-31 00:00:00","REPORT_TYPE_SQ":"2020年年报","OPERATE_INCOME_SQ":16698527000,"DPS_HKD":null,"OPERATE_INCOME_QOQ_SQ":-25.797977616563,"NET_PROFIT_RATIO_SQ":-2.3190608369,"HOLDER_PROFIT_SQ":-387249000,"HOLDER_PROFIT_QOQ_SQ":7.248414416831,"ROE_AVG_SQ":-23.482288335958,"PE_TTM_SQ":-0.334852449545,"PB_TTM_SQ":-0.071116044196,"ROA_SQ":-6.759267857255,"START_DATE":"2021-01-01 00:00:00","FISCAL_YEAR":"12-31","CURRENCY":"HKD","IS_CNY_CODE":0,"DPS_HKD_LY":null,"ORG_TYPE":"一般企业","PREMIUM_INCOME":null,"PREMIUM_INCOME_YOY":null,"NET_INTEREST_INCOME":null,"NET_INTEREST_INCOME_YOY":null,"FEE_COMMISSION_INCOME":null,"FEE_COMMISSION_INCOME_YOY":null,"ACCOUNTS_RECE_TDAYS":3.476315904427,"INVENTORY_TDAYS":29.89879323866,"CURRENT_ASSETS_TDAYS":1.340035029146,"TOTAL_ASSETS_TDAYS":1.188368946284,"PREMIUM_EXPENSE":null,"LOAN_DEPOSIT":null,"LOAN_EQUITY":null,"LOAN_ASSETS":null,"DEPOSIT_EQUITY":null,"DEPOSIT_ASSETS":null,"EQUITY_MULTIPLIER":3.939400268045,"EQUITY_RATIO":2.939400268048},{"SECUCODE":"01636.HK","SECURITY_CODE":"01636","SECURITY_NAME_ABBR":"中国金属利用","ORG_CODE":"10380402","STD_REPORT_DATE":"2021-06-30 00:00:00","REPORT_DATE":"2021-06-30 00:00:00","DATE_TYPE_CODE":"002","REPORT_TYPE":"2021年中报","PER_NETCASH_OPERATE":-0.095406573998,"PER_OI":1.021672180648,"BPS":0.375702663592,"BASIC_EPS":-0.02,"DILUTED_EPS":-0.02,"OPERATE_INCOME":3355148000,"OPERATE_INCOME_YOY":-67.0623396507,"GROSS_PROFIT":35250000,"GROSS_PROFIT_YOY":159.906189456511,"HOLDER_PROFIT":-72063000,"HOLDER_PROFIT_YOY":53.8501440922,"GROSS_PROFIT_RATIO":1.050624294368,"EPS_TTM":-0.092315504899,"OPERATE_INCOME_QOQ":-40.90905742764,"NET_PROFIT_RATIO":-2.147833717,"ROE_AVG":-4.543883919507,"GROSS_PROFIT_QOQ":150.361954072583,"ROA":-1.163313656082,"HOLDER_PROFIT_QOQ":21.71393599467,"ROE_YEARLY":-9.087767839015,"ROIC_YEARLY":-2.340251444776,"TOTAL_ASSETS":6131594000,"TOTAL_LIABILITIES":4447861000,"TAX_EBT":-35.630128735978,"OCF_SALES":-9.338276582732,"TOTAL_PARENT_EQUITY":1683733000,"DEBT_ASSET_RATIO":72.5400442365,"OPERATE_PROFIT":25808000,"PRETAX_PROFIT":-53132000,"NETCASH_OPERATE":-313313000,"NETCASH_INVEST":364427000,"NETCASH_FINANCE":-60304000,"END_CASH":24805000,"DIVI_RATIO":null,"DIVIDEND_RATE":null,"CURRENT_RATIO":1.216629654431,"COMMON_ACS":100000000000,"CURRENTDEBT_DEBT":99.751790804614,"ISSUED_COMMON_SHARES":4481557261,"HK_COMMON_SHARES":4481557261,"PER_SHARES":4000,"TOTAL_MARKET_CAP":492971298.71,"HKSK_MARKET_CAP":492971298.71,"PE_TTM":-0.830285560322,"PB_TTM":-0.120493571643,"REPORT_DATE_SQ":"2020-06-30 00:00:00","REPORT_TYPE_SQ":"2020年中报","OPERATE_INCOME_SQ":10186358000,"DPS_HKD":null,"OPERATE_INCOME_QOQ_SQ":-6.282158826848,"NET_PROFIT_RATIO_SQ":-1.5329325751,"HOLDER_PROFIT_SQ":-156150000,"HOLDER_PROFIT_QOQ_SQ":-92.104391357161,"ROE_AVG_SQ":-9.052257876015,"PE_TTM_SQ":-0.334852449545,"PB_TTM_SQ":-0.071116044196,"ROA_SQ":-2.753512006256,"START_DATE":"2021-01-01 00:00:00","FISCAL_YEAR":"12-31","CURRENCY":"HKD","IS_CNY_CODE":0,"DPS_HKD_LY":null,"ORG_TYPE":"一般企业","PREMIUM_INCOME":null,"PREMIUM_INCOME_YOY":null,"NET_INTEREST_INCOME":null,"NET_INTEREST_INCOME_YOY":null,"FEE_COMMISSION_INCOME":null,"FEE_COMMISSION_INCOME_YOY":null,"ACCOUNTS_RECE_TDAYS":2.029604299063,"INVENTORY_TDAYS":4.031994617365,"CURRENT_ASSETS_TDAYS":0.616817906013,"TOTAL_ASSETS_TDAYS":0.541621842912,"PREMIUM_EXPENSE":null,"LOAN_DEPOSIT":null,"LOAN_EQUITY":null,"LOAN_ASSETS":null,"DEPOSIT_EQUITY":null,"DEPOSIT_ASSETS":null,"EQUITY_MULTIPLIER":3.64166646375,"EQUITY_RATIO":2.641666463745},{"SECUCODE":"01636.HK","SECURITY_CODE":"01636","SECURITY_NAME_ABBR":"中国金属利用","ORG_CODE":"10380402","STD_REPORT_DATE":"2020-12-31 00:00:00","REPORT_DATE":"2020-12-31 00:00:00","DATE_TYPE_CODE":"001","REPORT_TYPE":"2020年年报","PER_NETCASH_OPERATE":0.057679274444,"PER_OI":6.345380242602,"BPS":0.332057566898,"BASIC_EPS":-0.15,"DILUTED_EPS":-0.15,"OPERATE_INCOME":16698527000,"OPERATE_INCOME_YOY":-30.4594665154,"GROSS_PROFIT":62577000,"GROSS_PROFIT_YOY":124.260199037764,"HOLDER_PROFIT":-387249000,"HOLDER_PROFIT_YOY":-78.1798689587,"GROSS_PROFIT_RATIO":0.374745628761,"EPS_TTM":-0.14715322816,"OPERATE_INCOME_QOQ":-25.797977616563,"NET_PROFIT_RATIO":-2.3190608369,"ROE_AVG":-23.482288335958,"GROSS_PROFIT_QOQ":133.375290007734,"ROA":-6.759267857255,"HOLDER_PROFIT_QOQ":7.248414416831,"ROE_YEARLY":-23.482288335958,"ROIC_YEARLY":-6.826003358984,"TOTAL_ASSETS":6257670000,"TOTAL_LIABILITIES":4769535000,"TAX_EBT":-3.854632639269,"OCF_SALES":0.908996344408,"TOTAL_PARENT_EQUITY":1488135000,"DEBT_ASSET_RATIO":76.2190240137,"OPERATE_PROFIT":-155113000,"PRETAX_PROFIT":-372876000,"NETCASH_OPERATE":151789000,"NETCASH_INVEST":-484742000,"NETCASH_FINANCE":322870000,"END_CASH":47321000,"DIVI_RATIO":null,"DIVIDEND_RATE":null,"CURRENT_RATIO":1.152265290797,"COMMON_ACS":100000000000,"CURRENTDEBT_DEBT":99.729889811061,"ISSUED_COMMON_SHARES":4481557261,"HK_COMMON_SHARES":4481557261,"PER_SHARES":4000,"TOTAL_MARKET_CAP":492971298.71,"HKSK_MARKET_CAP":492971298.71,"PE_TTM":-0.830285560322,"PB_TTM":-0.120493571643,"REPORT_DATE_SQ":"2019-12-31 00:00:00","REPORT_TYPE_SQ":"2019年年报","OPERATE_INCOME_SQ":24012653000,"DPS_HKD":null,"OPERATE_INCOME_QOQ_SQ":5.880302072538,"NET_PROFIT_RATIO_SQ":-0.9050894959,"HOLDER_PROFIT_SQ":-217336000,"HOLDER_PROFIT_QOQ_SQ":-5649.94892747702,"ROE_AVG_SQ":-11.697737053886,"PE_TTM_SQ":-0.334852449545,"PB_TTM_SQ":-0.071116044196,"ROA_SQ":-4.388779428778,"START_DATE":"2020-01-01 00:00:00","FISCAL_YEAR":"12-31","CURRENCY":"HKD","IS_CNY_CODE":0,"DPS_HKD_LY":null,"ORG_TYPE":"一般企业","PREMIUM_INCOME":null,"PREMIUM_INCOME_YOY":null,"NET_INTEREST_INCOME":null,"NET_INTEREST_INCOME_YOY":null,"FEE_COMMISSION_INCOME":null,"FEE_COMMISSION_INCOME_YOY":null,"ACCOUNTS_RECE_TDAYS":10.063178834846,"INVENTORY_TDAYS":37.784288675013,"CURRENT_ASSETS_TDAYS":3.488852082083,"TOTAL_ASSETS_TDAYS":2.914657412017,"PREMIUM_EXPENSE":null,"LOAN_DEPOSIT":null,"LOAN_EQUITY":null,"LOAN_ASSETS":null,"DEPOSIT_EQUITY":null,"DEPOSIT_ASSETS":null,"EQUITY_MULTIPLIER":4.205041881276,"EQUITY_RATIO":3.205041881281},{"SECUCODE":"01636.HK","SECURITY_CODE":"01636","SECURITY_NAME_ABBR":"中国金属利用","ORG_CODE":"10380402","STD_REPORT_DATE":"2020-06-30 00:00:00","REPORT_DATE":"2020-06-30 00:00:00","DATE_TYPE_CODE":"002","REPORT_TYPE":"2020年中报","PER_NETCASH_OPERATE":0.12378572918,"PER_OI":3.870779428465,"BPS":0.365917672027,"BASIC_EPS":-0.06,"DILUTED_EPS":-0.06,"OPERATE_INCOME":10186358000,"OPERATE_INCOME_YOY":-12.8989280857,"GROSS_PROFIT":-58842000,"GROSS_PROFIT_YOY":54.487655466865,"HOLDER_PROFIT":-156150000,"HOLDER_PROFIT_YOY":-454.6767819016,"GROSS_PROFIT_RATIO":-0.577654938104,"EPS_TTM":-0.15865305939,"OPERATE_INCOME_QOQ":-6.282158826848,"NET_PROFIT_RATIO":-1.5329325751,"ROE_AVG":-9.052257876015,"GROSS_PROFIT_QOQ":27.310896677922,"ROA":-2.753512006256,"HOLDER_PROFIT_QOQ":-92.104391357161,"ROE_YEARLY":-18.10451575203,"ROIC_YEARLY":-5.56182589241,"TOTAL_ASSETS":6141237000,"TOTAL_LIABILITIES":4501356000,"TAX_EBT":12.702938414062,"OCF_SALES":3.197953576735,"TOTAL_PARENT_EQUITY":1639881000,"DEBT_ASSET_RATIO":73.2972200877,"OPERATE_PROFIT":-81288000,"PRETAX_PROFIT":-178872000,"NETCASH_OPERATE":325755000,"NETCASH_INVEST":-7804000,"NETCASH_FINANCE":-335660000,"END_CASH":47051000,"DIVI_RATIO":null,"DIVIDEND_RATE":null,"CURRENT_RATIO":1.149992242228,"COMMON_ACS":100000000000,"CURRENTDEBT_DEBT":97.507217825029,"ISSUED_COMMON_SHARES":4481557261,"HK_COMMON_SHARES":4481557261,"PER_SHARES":4000,"TOTAL_MARKET_CAP":492971298.71,"HKSK_MARKET_CAP":492971298.71,"PE_TTM":-0.830285560322,"PB_TTM":-0.120493571643,"REPORT_DATE_SQ":"2019-06-30 00:00:00","REPORT_TYPE_SQ":"2019年中报","OPERATE_INCOME_SQ":11694871000,"DPS_HKD":null,"OPERATE_INCOME_QOQ_SQ":9.865493944188,"NET_PROFIT_RATIO_SQ":0.3764556274,"HOLDER_PROFIT_SQ":44026000,"HOLDER_PROFIT_QOQ_SQ":-80.539680962083,"ROE_AVG_SQ":2.243135600517,"PE_TTM_SQ":-0.334852449545,"PB_TTM_SQ":-0.071116044196,"ROA_SQ":0.922442425395,"START_DATE":"2020-01-01 00:00:00","FISCAL_YEAR":"12-31","CURRENCY":"HKD","IS_CNY_CODE":0,"DPS_HKD_LY":null,"ORG_TYPE":"一般企业","PREMIUM_INCOME":null,"PREMIUM_INCOME_YOY":null,"NET_INTEREST_INCOME":null,"NET_INTEREST_INCOME_YOY":null,"FEE_COMMISSION_INCOME":null,"FEE_COMMISSION_INCOME_YOY":null,"ACCOUNTS_RECE_TDAYS":8.8342342733,"INVENTORY_TDAYS":10.591592744926,"CURRENT_ASSETS_TDAYS":2.229190404051,"TOTAL_ASSETS_TDAYS":1.796238171823,"PREMIUM_EXPENSE":null,"LOAN_DEPOSIT":null,"LOAN_EQUITY":null,"LOAN_ASSETS":null,"DEPOSIT_EQUITY":null,"DEPOSIT_ASSETS":null,"EQUITY_MULTIPLIER":3.744928442972,"EQUITY_RATIO":2.744928442978}],"count":27},"success":true,"message":"ok","code":0}