{"version":"cf127cb8d3c572332ed3bcd4187fec56","result":{"pages":3,"data":[{"SECUCODE":"01633.HK","SECURITY_CODE":"01633","SECURITY_NAME_ABBR":"上谕集团","ORG_CODE":"10542031","STD_REPORT_DATE":"2024-06-30 00:00:00","REPORT_DATE":"2024-09-30 00:00:00","DATE_TYPE_CODE":"002","REPORT_TYPE":"2024年中报","PER_NETCASH_OPERATE":0.055814183264,"PER_OI":0.176728451639,"BPS":0.23933157605,"BASIC_EPS":0.000450895,"DILUTED_EPS":0.000450895,"OPERATE_INCOME":121014807.26,"OPERATE_INCOME_YOY":-26.5213820292,"GROSS_PROFIT":10261468.41,"GROSS_PROFIT_YOY":-34.26266943508,"HOLDER_PROFIT":312019.34,"HOLDER_PROFIT_YOY":-93.3320485643,"GROSS_PROFIT_RATIO":8.479514732402,"EPS_TTM":0.005674294706,"OPERATE_INCOME_QOQ":0,"NET_PROFIT_RATIO":0.2578356707,"ROE_AVG":0.190573759205,"GROSS_PROFIT_QOQ":0,"ROA":0.103080191026,"HOLDER_PROFIT_QOQ":0,"ROE_YEARLY":0.38114751841,"ROIC_YEARLY":0.220367427656,"TOTAL_ASSETS":284068358.95,"TOTAL_LIABILITIES":120186062.25,"TAX_EBT":null,"OCF_SALES":31.581888907105,"TOTAL_PARENT_EQUITY":163882296.7,"DEBT_ASSET_RATIO":42.3088522404,"OPERATE_PROFIT":3486320.14,"PRETAX_PROFIT":312019.34,"NETCASH_OPERATE":38218761.99,"NETCASH_INVEST":1182246.69,"NETCASH_FINANCE":-31586096.54,"END_CASH":23422191.67,"DIVI_RATIO":null,"DIVIDEND_RATE":null,"CURRENT_RATIO":1.739885902072,"COMMON_ACS":2000000000,"CURRENTDEBT_DEBT":97.722003376477,"ISSUED_COMMON_SHARES":684750000,"HK_COMMON_SHARES":684750000,"PER_SHARES":3000,"TOTAL_MARKET_CAP":37661250,"HKSK_MARKET_CAP":37661250,"PE_TTM":-67.614452423698,"PB_TTM":0.207237385132,"REPORT_DATE_SQ":"2023-06-30 00:00:00","REPORT_TYPE_SQ":"2023年中报","OPERATE_INCOME_SQ":167586766.9,"DPS_HKD":null,"OPERATE_INCOME_QOQ_SQ":0,"NET_PROFIT_RATIO_SQ":2.8412637573,"HOLDER_PROFIT_SQ":4761582.07,"HOLDER_PROFIT_QOQ_SQ":0,"ROE_AVG_SQ":2.887710950652,"PE_TTM_SQ":8.297443006778,"PB_TTM_SQ":0.443259804594,"ROA_SQ":1.652055836877,"START_DATE":"2024-04-01 00:00:00","FISCAL_YEAR":"3-31","CURRENCY":"HKD","IS_CNY_CODE":0,"DPS_HKD_LY":null,"ORG_TYPE":"一般企业","PREMIUM_INCOME":null,"PREMIUM_INCOME_YOY":null,"NET_INTEREST_INCOME":null,"NET_INTEREST_INCOME_YOY":null,"FEE_COMMISSION_INCOME":null,"FEE_COMMISSION_INCOME_YOY":null,"ACCOUNTS_RECE_TDAYS":1.401928521432,"INVENTORY_TDAYS":8.483456517234,"CURRENT_ASSETS_TDAYS":0.556587163498,"TOTAL_ASSETS_TDAYS":0.399790264582,"PREMIUM_EXPENSE":null,"LOAN_DEPOSIT":null,"LOAN_EQUITY":null,"LOAN_ASSETS":null,"DEPOSIT_EQUITY":null,"DEPOSIT_ASSETS":null,"EQUITY_MULTIPLIER":1.733368183568,"EQUITY_RATIO":0.733368183569},{"SECUCODE":"01633.HK","SECURITY_CODE":"01633","SECURITY_NAME_ABBR":"上谕集团","ORG_CODE":"10542031","STD_REPORT_DATE":"2023-12-31 00:00:00","REPORT_DATE":"2024-03-31 00:00:00","DATE_TYPE_CODE":"001","REPORT_TYPE":"2023年年报","PER_NETCASH_OPERATE":-0.005642520774,"PER_OI":0.478273141073,"BPS":0.240136787441,"BASIC_EPS":0.005711265,"DILUTED_EPS":0.005711265,"OPERATE_INCOME":327497533.35,"OPERATE_INCOME_YOY":14.6352685825,"GROSS_PROFIT":28327874.4,"GROSS_PROFIT_YOY":-5.91786352948,"HOLDER_PROFIT":3885473.3,"HOLDER_PROFIT_YOY":-60.4466592839,"GROSS_PROFIT_RATIO":8.649797789385,"EPS_TTM":0.012502826652,"OPERATE_INCOME_QOQ":0,"NET_PROFIT_RATIO":1.1864129968,"ROE_AVG":2.391193979056,"GROSS_PROFIT_QOQ":0,"ROA":1.282843686724,"HOLDER_PROFIT_QOQ":0,"ROE_YEARLY":2.391193979056,"ROIC_YEARLY":1.378600492128,"TOTAL_ASSETS":323019176.35,"TOTAL_LIABILITIES":158585511.15,"TAX_EBT":null,"OCF_SALES":-1.179769526957,"TOTAL_PARENT_EQUITY":164433665.2,"DEBT_ASSET_RATIO":49.0947667386,"OPERATE_PROFIT":8891442.4,"PRETAX_PROFIT":3885473.3,"NETCASH_OPERATE":-3863716.1,"NETCASH_INVEST":-10875880.35,"NETCASH_FINANCE":4043213,"END_CASH":15689660.85,"DIVI_RATIO":null,"DIVIDEND_RATE":null,"CURRENT_RATIO":1.491138413432,"COMMON_ACS":2000000000,"CURRENTDEBT_DEBT":97.988372691259,"ISSUED_COMMON_SHARES":684750000,"HK_COMMON_SHARES":684750000,"PER_SHARES":3000,"TOTAL_MARKET_CAP":54095250,"HKSK_MARKET_CAP":54095250,"PE_TTM":-97.11894075404,"PB_TTM":0.297668244098,"REPORT_DATE_SQ":"2022-12-31 00:00:00","REPORT_TYPE_SQ":"2022年年报","OPERATE_INCOME_SQ":275873205.76,"DPS_HKD":null,"OPERATE_INCOME_QOQ_SQ":0,"NET_PROFIT_RATIO_SQ":3.4385154346,"HOLDER_PROFIT_SQ":9485942.76,"HOLDER_PROFIT_QOQ_SQ":0,"ROE_AVG_SQ":6.31174277726,"PE_TTM_SQ":6.571982281285,"PB_TTM_SQ":0.390669658286,"ROA_SQ":3.610874610746,"START_DATE":"2023-04-01 00:00:00","FISCAL_YEAR":"3-31","CURRENCY":"HKD","IS_CNY_CODE":0,"DPS_HKD_LY":null,"ORG_TYPE":"一般企业","PREMIUM_INCOME":null,"PREMIUM_INCOME_YOY":null,"NET_INTEREST_INCOME":null,"NET_INTEREST_INCOME_YOY":null,"FEE_COMMISSION_INCOME":null,"FEE_COMMISSION_INCOME_YOY":null,"ACCOUNTS_RECE_TDAYS":3.83593658749,"INVENTORY_TDAYS":23.147155783124,"CURRENT_ASSETS_TDAYS":1.588225596205,"TOTAL_ASSETS_TDAYS":1.081279192102,"PREMIUM_EXPENSE":null,"LOAN_DEPOSIT":null,"LOAN_EQUITY":null,"LOAN_ASSETS":null,"DEPOSIT_EQUITY":null,"DEPOSIT_ASSETS":null,"EQUITY_MULTIPLIER":1.964434569752,"EQUITY_RATIO":0.964434569753},{"SECUCODE":"01633.HK","SECURITY_CODE":"01633","SECURITY_NAME_ABBR":"上谕集团","ORG_CODE":"10542031","STD_REPORT_DATE":"2023-06-30 00:00:00","REPORT_DATE":"2023-09-30 00:00:00","DATE_TYPE_CODE":"002","REPORT_TYPE":"2023年中报","PER_NETCASH_OPERATE":0.025739203227,"PER_OI":0.244741536181,"BPS":0.244281883622,"BASIC_EPS":0.006973988,"DILUTED_EPS":0.006973988,"OPERATE_INCOME":167586766.9,"OPERATE_INCOME_YOY":22.0405353933,"GROSS_PROFIT":15609803.93,"GROSS_PROFIT_YOY":-20.596789724815,"HOLDER_PROFIT":4761582.07,"HOLDER_PROFIT_YOY":-17.4646095117,"GROSS_PROFIT_RATIO":9.314460931939,"EPS_TTM":0.013853147514,"OPERATE_INCOME_QOQ":0,"NET_PROFIT_RATIO":2.8412637573,"ROE_AVG":2.887710950652,"GROSS_PROFIT_QOQ":0,"ROA":1.652055836877,"HOLDER_PROFIT_QOQ":0,"ROE_YEARLY":5.775421901304,"ROIC_YEARLY":3.583879105377,"TOTAL_ASSETS":290247286.63,"TOTAL_LIABILITIES":122975266.82,"TAX_EBT":null,"OCF_SALES":10.516892076877,"TOTAL_PARENT_EQUITY":167272019.81,"DEBT_ASSET_RATIO":42.3691357283,"OPERATE_PROFIT":7252947.52,"PRETAX_PROFIT":4761582.07,"NETCASH_OPERATE":17624919.41,"NETCASH_INVEST":-10621567.25,"NETCASH_FINANCE":-15421689.78,"END_CASH":18290201.16,"DIVI_RATIO":null,"DIVIDEND_RATE":null,"CURRENT_RATIO":1.590273333943,"COMMON_ACS":2000000000,"CURRENTDEBT_DEBT":97.950960347426,"ISSUED_COMMON_SHARES":684750000,"HK_COMMON_SHARES":684750000,"PER_SHARES":3000,"TOTAL_MARKET_CAP":54095250,"HKSK_MARKET_CAP":54095250,"PE_TTM":-97.11894075404,"PB_TTM":0.297668244098,"REPORT_DATE_SQ":"2022-06-30 00:00:00","REPORT_TYPE_SQ":"2022年中报","OPERATE_INCOME_SQ":135346732.68,"DPS_HKD":null,"OPERATE_INCOME_QOQ_SQ":0,"NET_PROFIT_RATIO_SQ":4.2012202049,"HOLDER_PROFIT_SQ":5686214.28,"HOLDER_PROFIT_QOQ_SQ":0,"ROE_AVG_SQ":3.711213626476,"PE_TTM_SQ":6.571982281285,"PB_TTM_SQ":0.390669658286,"ROA_SQ":2.116546396872,"START_DATE":"2023-04-01 00:00:00","FISCAL_YEAR":"3-31","CURRENCY":"HKD","IS_CNY_CODE":0,"DPS_HKD_LY":null,"ORG_TYPE":"一般企业","PREMIUM_INCOME":null,"PREMIUM_INCOME_YOY":null,"NET_INTEREST_INCOME":null,"NET_INTEREST_INCOME_YOY":null,"FEE_COMMISSION_INCOME":null,"FEE_COMMISSION_INCOME_YOY":null,"ACCOUNTS_RECE_TDAYS":2.034795300462,"INVENTORY_TDAYS":11.357769853244,"CURRENT_ASSETS_TDAYS":0.895093721895,"TOTAL_ASSETS_TDAYS":0.581451064731,"PREMIUM_EXPENSE":null,"LOAN_DEPOSIT":null,"LOAN_EQUITY":null,"LOAN_ASSETS":null,"DEPOSIT_EQUITY":null,"DEPOSIT_ASSETS":null,"EQUITY_MULTIPLIER":1.735181334928,"EQUITY_RATIO":0.735181334928},{"SECUCODE":"01633.HK","SECURITY_CODE":"01633","SECURITY_NAME_ABBR":"上谕集团","ORG_CODE":"10542031","STD_REPORT_DATE":"2022-12-31 00:00:00","REPORT_DATE":"2023-03-31 00:00:00","DATE_TYPE_CODE":"001","REPORT_TYPE":"2022年年报","PER_NETCASH_OPERATE":0.047534858883,"PER_OI":0.402881644045,"BPS":0.226408704169,"BASIC_EPS":0.013831478,"DILUTED_EPS":0.013831478,"OPERATE_INCOME":275873205.76,"OPERATE_INCOME_YOY":47.4906980554,"GROSS_PROFIT":30109726.95,"GROSS_PROFIT_YOY":14.108093290299,"HOLDER_PROFIT":9485942.76,"HOLDER_PROFIT_YOY":-3.1808434596,"GROSS_PROFIT_RATIO":10.91433539805,"EPS_TTM":0.015002329025,"OPERATE_INCOME_QOQ":0,"NET_PROFIT_RATIO":3.4385154346,"ROE_AVG":6.31174277726,"GROSS_PROFIT_QOQ":0,"ROA":3.610874610746,"HOLDER_PROFIT_QOQ":0,"ROE_YEARLY":6.31174277726,"ROIC_YEARLY":3.892667838969,"TOTAL_ASSETS":273028123.26,"TOTAL_LIABILITIES":117994763.08,"TAX_EBT":null,"OCF_SALES":11.798715475223,"TOTAL_PARENT_EQUITY":155033360.18,"DEBT_ASSET_RATIO":43.2170729048,"OPERATE_PROFIT":13123271.31,"PRETAX_PROFIT":9485942.76,"NETCASH_OPERATE":32549494.62,"NETCASH_INVEST":-31091936.97,"NETCASH_FINANCE":11466995.59,"END_CASH":25479683.46,"DIVI_RATIO":null,"DIVIDEND_RATE":null,"CURRENT_RATIO":1.537666926394,"COMMON_ACS":2000000000,"CURRENTDEBT_DEBT":96.168056503546,"ISSUED_COMMON_SHARES":684750000,"HK_COMMON_SHARES":684750000,"PER_SHARES":3000,"TOTAL_MARKET_CAP":54095250,"HKSK_MARKET_CAP":54095250,"PE_TTM":-97.11894075404,"PB_TTM":0.297668244098,"REPORT_DATE_SQ":"2021-12-31 00:00:00","REPORT_TYPE_SQ":"2021年年报","OPERATE_INCOME_SQ":173284451.65,"DPS_HKD":null,"OPERATE_INCOME_QOQ_SQ":0,"NET_PROFIT_RATIO_SQ":5.2381063815,"HOLDER_PROFIT_SQ":9076823.92,"HOLDER_PROFIT_QOQ_SQ":0,"ROE_AVG_SQ":6.966004008315,"PE_TTM_SQ":6.571982281285,"PB_TTM_SQ":0.390669658286,"ROA_SQ":3.968822473918,"START_DATE":"2022-04-01 00:00:00","FISCAL_YEAR":"3-31","CURRENCY":"HKD","IS_CNY_CODE":0,"DPS_HKD_LY":null,"ORG_TYPE":"一般企业","PREMIUM_INCOME":null,"PREMIUM_INCOME_YOY":null,"NET_INTEREST_INCOME":null,"NET_INTEREST_INCOME_YOY":null,"FEE_COMMISSION_INCOME":null,"FEE_COMMISSION_INCOME_YOY":null,"ACCOUNTS_RECE_TDAYS":3.89434204754,"INVENTORY_TDAYS":20.8915761274,"CURRENT_ASSETS_TDAYS":1.585649772947,"TOTAL_ASSETS_TDAYS":1.05012604405,"PREMIUM_EXPENSE":null,"LOAN_DEPOSIT":null,"LOAN_EQUITY":null,"LOAN_ASSETS":null,"DEPOSIT_EQUITY":null,"DEPOSIT_ASSETS":null,"EQUITY_MULTIPLIER":1.761092728319,"EQUITY_RATIO":0.76109272832},{"SECUCODE":"01633.HK","SECURITY_CODE":"01633","SECURITY_NAME_ABBR":"上谕集团","ORG_CODE":"10542031","STD_REPORT_DATE":"2022-06-30 00:00:00","REPORT_DATE":"2022-09-30 00:00:00","DATE_TYPE_CODE":"002","REPORT_TYPE":"2022年中报","PER_NETCASH_OPERATE":0.033385360263,"PER_OI":0.197658609244,"BPS":0.227908313341,"BASIC_EPS":0.008320848,"DILUTED_EPS":0.008320848,"OPERATE_INCOME":135346732.68,"OPERATE_INCOME_YOY":32.4087100399,"GROSS_PROFIT":19658907.84,"GROSS_PROFIT_YOY":47.610118802398,"HOLDER_PROFIT":5686214.28,"HOLDER_PROFIT_YOY":16.6419294991,"GROSS_PROFIT_RATIO":14.524848476749,"EPS_TTM":0.013255675677,"OPERATE_INCOME_QOQ":0,"NET_PROFIT_RATIO":4.2012202049,"ROE_AVG":3.711213626476,"GROSS_PROFIT_QOQ":0,"ROA":2.116546396872,"HOLDER_PROFIT_QOQ":0,"ROE_YEARLY":7.422427252952,"ROIC_YEARLY":4.589302334069,"TOTAL_ASSETS":276559663.2,"TOTAL_LIABILITIES":120499445.64,"TAX_EBT":null,"OCF_SALES":16.890415444346,"TOTAL_PARENT_EQUITY":156060217.56,"DEBT_ASSET_RATIO":43.5708679443,"OPERATE_PROFIT":7285264.2,"PRETAX_PROFIT":5686214.28,"NETCASH_OPERATE":22860625.44,"NETCASH_INVEST":-11194253.88,"NETCASH_FINANCE":4095304.32,"END_CASH":28733154.36,"DIVI_RATIO":null,"DIVIDEND_RATE":null,"CURRENT_RATIO":1.563322093128,"COMMON_ACS":2000000000,"CURRENTDEBT_DEBT":91.928304974068,"ISSUED_COMMON_SHARES":684750000,"HK_COMMON_SHARES":684750000,"PER_SHARES":3000,"TOTAL_MARKET_CAP":54095250,"HKSK_MARKET_CAP":54095250,"PE_TTM":-97.11894075404,"PB_TTM":0.297668244098,"REPORT_DATE_SQ":"2021-06-30 00:00:00","REPORT_TYPE_SQ":"2021年中报","OPERATE_INCOME_SQ":94151608.14,"DPS_HKD":null,"OPERATE_INCOME_QOQ_SQ":0,"NET_PROFIT_RATIO_SQ":4.7691096187,"HOLDER_PROFIT_SQ":4490193.4,"HOLDER_PROFIT_QOQ_SQ":0,"ROE_AVG_SQ":3.416473869363,"PE_TTM_SQ":6.571982281285,"PB_TTM_SQ":0.390669658286,"ROA_SQ":1.963373432534,"START_DATE":"2022-04-01 00:00:00","FISCAL_YEAR":"3-31","CURRENCY":"HKD","IS_CNY_CODE":0,"DPS_HKD_LY":null,"ORG_TYPE":"一般企业","PREMIUM_INCOME":null,"PREMIUM_INCOME_YOY":null,"NET_INTEREST_INCOME":null,"NET_INTEREST_INCOME_YOY":null,"FEE_COMMISSION_INCOME":null,"FEE_COMMISSION_INCOME_YOY":null,"ACCOUNTS_RECE_TDAYS":1.902526157875,"INVENTORY_TDAYS":9.670812384229,"CURRENT_ASSETS_TDAYS":0.768131526875,"TOTAL_ASSETS_TDAYS":0.503793253782,"PREMIUM_EXPENSE":null,"LOAN_DEPOSIT":null,"LOAN_EQUITY":null,"LOAN_ASSETS":null,"DEPOSIT_EQUITY":null,"DEPOSIT_ASSETS":null,"EQUITY_MULTIPLIER":1.772134292289,"EQUITY_RATIO":0.772134292288},{"SECUCODE":"01633.HK","SECURITY_CODE":"01633","SECURITY_NAME_ABBR":"上谕集团","ORG_CODE":"10542031","STD_REPORT_DATE":"2021-12-31 00:00:00","REPORT_DATE":"2022-03-31 00:00:00","DATE_TYPE_CODE":"001","REPORT_TYPE":"2021年年报","PER_NETCASH_OPERATE":-0.025883625469,"PER_OI":0.253062360935,"BPS":0.196918794626,"BASIC_EPS":0.013219463,"DILUTED_EPS":0.013219463,"OPERATE_INCOME":173284451.65,"OPERATE_INCOME_YOY":-23.4236010064,"GROSS_PROFIT":26387021.36,"GROSS_PROFIT_YOY":357.176653570857,"HOLDER_PROFIT":9076823.92,"HOLDER_PROFIT_YOY":177.3195164076,"GROSS_PROFIT_RATIO":15.227575878127,"EPS_TTM":0.008561246265,"OPERATE_INCOME_QOQ":0,"NET_PROFIT_RATIO":5.2381063815,"ROE_AVG":6.966004008315,"GROSS_PROFIT_QOQ":0,"ROA":3.968822473918,"HOLDER_PROFIT_QOQ":0,"ROE_YEARLY":6.966004008315,"ROIC_YEARLY":4.240405854427,"TOTAL_ASSETS":233814994.01,"TOTAL_LIABILITIES":98974849.39,"TAX_EBT":null,"OCF_SALES":-10.228160906091,"TOTAL_PARENT_EQUITY":134840144.62,"DEBT_ASSET_RATIO":42.3304116184,"OPERATE_PROFIT":10800220.17,"PRETAX_PROFIT":9076823.92,"NETCASH_OPERATE":-17723812.54,"NETCASH_INVEST":-16833323.56,"NETCASH_FINANCE":28524843.72,"END_CASH":11631505.42,"DIVI_RATIO":null,"DIVIDEND_RATE":null,"CURRENT_RATIO":1.710423877299,"COMMON_ACS":2000000000,"CURRENTDEBT_DEBT":94.936045034784,"ISSUED_COMMON_SHARES":684750000,"HK_COMMON_SHARES":684750000,"PER_SHARES":3000,"TOTAL_MARKET_CAP":54095250,"HKSK_MARKET_CAP":54095250,"PE_TTM":-97.11894075404,"PB_TTM":0.297668244098,"REPORT_DATE_SQ":"2020-12-31 00:00:00","REPORT_TYPE_SQ":"2020年年报","OPERATE_INCOME_SQ":235823813.96,"DPS_HKD":null,"OPERATE_INCOME_QOQ_SQ":0,"NET_PROFIT_RATIO_SQ":-5.1877629721,"HOLDER_PROFIT_SQ":-12233980.5,"HOLDER_PROFIT_QOQ_SQ":0,"ROE_AVG_SQ":-8.918257012153,"PE_TTM_SQ":6.571982281285,"PB_TTM_SQ":0.390669658286,"ROA_SQ":-5.2765110506,"START_DATE":"2021-04-01 00:00:00","FISCAL_YEAR":"3-31","CURRENCY":"HKD","IS_CNY_CODE":0,"DPS_HKD_LY":null,"ORG_TYPE":"一般企业","PREMIUM_INCOME":null,"PREMIUM_INCOME_YOY":null,"NET_INTEREST_INCOME":null,"NET_INTEREST_INCOME_YOY":null,"FEE_COMMISSION_INCOME":null,"FEE_COMMISSION_INCOME_YOY":null,"ACCOUNTS_RECE_TDAYS":3.287179132147,"INVENTORY_TDAYS":21.153751824818,"CURRENT_ASSETS_TDAYS":1.068300963228,"TOTAL_ASSETS_TDAYS":0.757682678601,"PREMIUM_EXPENSE":null,"LOAN_DEPOSIT":null,"LOAN_EQUITY":null,"LOAN_ASSETS":null,"DEPOSIT_EQUITY":null,"DEPOSIT_ASSETS":null,"EQUITY_MULTIPLIER":1.734016191312,"EQUITY_RATIO":0.734016191313},{"SECUCODE":"01633.HK","SECURITY_CODE":"01633","SECURITY_NAME_ABBR":"上谕集团","ORG_CODE":"10542031","STD_REPORT_DATE":"2021-06-30 00:00:00","REPORT_DATE":"2021-09-30 00:00:00","DATE_TYPE_CODE":"002","REPORT_TYPE":"2021年中报","PER_NETCASH_OPERATE":0.003896737758,"PER_OI":0.137497784797,"BPS":0.195214030814,"BASIC_EPS":0.006581174,"DILUTED_EPS":0.006581174,"OPERATE_INCOME":94151608.14,"OPERATE_INCOME_YOY":-9.9206159438,"GROSS_PROFIT":13318130.22,"GROSS_PROFIT_YOY":293.147500840223,"HOLDER_PROFIT":4490193.4,"HOLDER_PROFIT_YOY":134.8101265823,"GROSS_PROFIT_RATIO":14.145409178988,"EPS_TTM":-0.017866346112,"OPERATE_INCOME_QOQ":0,"NET_PROFIT_RATIO":4.7691096187,"ROE_AVG":3.416473869363,"GROSS_PROFIT_QOQ":0,"ROA":1.963373432534,"HOLDER_PROFIT_QOQ":0,"ROE_YEARLY":6.832947738725,"ROIC_YEARLY":4.204450164785,"TOTAL_ASSETS":227725281.6,"TOTAL_LIABILITIES":94052474,"TAX_EBT":null,"OCF_SALES":2.834036754882,"TOTAL_PARENT_EQUITY":133672807.6,"DEBT_ASSET_RATIO":41.3008486977,"OPERATE_PROFIT":5279934.28,"PRETAX_PROFIT":4490193.4,"NETCASH_OPERATE":2668291.18,"NETCASH_INVEST":-9969229.02,"NETCASH_FINANCE":1223765.14,"END_CASH":12066874.1,"DIVI_RATIO":null,"DIVIDEND_RATE":null,"CURRENT_RATIO":1.773903272714,"COMMON_ACS":2000000000,"CURRENTDEBT_DEBT":93.805137289637,"ISSUED_COMMON_SHARES":684750000,"HK_COMMON_SHARES":684750000,"PER_SHARES":3000,"TOTAL_MARKET_CAP":54095250,"HKSK_MARKET_CAP":54095250,"PE_TTM":-97.11894075404,"PB_TTM":0.297668244098,"REPORT_DATE_SQ":"2020-06-30 00:00:00","REPORT_TYPE_SQ":"2020年中报","OPERATE_INCOME_SQ":110249483.52,"DPS_HKD":null,"OPERATE_INCOME_QOQ_SQ":0,"NET_PROFIT_RATIO_SQ":-12.3411920361,"HOLDER_PROFIT_SQ":-13606100.48,"HOLDER_PROFIT_QOQ_SQ":0,"ROE_AVG_SQ":-9.569661872771,"PE_TTM_SQ":6.571982281285,"PB_TTM_SQ":0.390669658286,"ROA_SQ":-5.79473668453,"START_DATE":"2021-04-01 00:00:00","FISCAL_YEAR":"3-31","CURRENCY":"HKD","IS_CNY_CODE":0,"DPS_HKD_LY":null,"ORG_TYPE":"一般企业","PREMIUM_INCOME":null,"PREMIUM_INCOME_YOY":null,"NET_INTEREST_INCOME":null,"NET_INTEREST_INCOME_YOY":null,"FEE_COMMISSION_INCOME":null,"FEE_COMMISSION_INCOME_YOY":null,"ACCOUNTS_RECE_TDAYS":2.179141601111,"INVENTORY_TDAYS":10.717031146455,"CURRENT_ASSETS_TDAYS":0.580018885935,"TOTAL_ASSETS_TDAYS":0.411685532415,"PREMIUM_EXPENSE":null,"LOAN_DEPOSIT":null,"LOAN_EQUITY":null,"LOAN_ASSETS":null,"DEPOSIT_EQUITY":null,"DEPOSIT_ASSETS":null,"EQUITY_MULTIPLIER":1.703602143837,"EQUITY_RATIO":0.703602143836},{"SECUCODE":"01633.HK","SECURITY_CODE":"01633","SECURITY_NAME_ABBR":"上谕集团","ORG_CODE":"10542031","STD_REPORT_DATE":"2020-12-31 00:00:00","REPORT_DATE":"2021-03-31 00:00:00","DATE_TYPE_CODE":"001","REPORT_TYPE":"2020年年报","PER_NETCASH_OPERATE":0.011143169098,"PER_OI":0.3443940328,"BPS":0.191401332749,"BASIC_EPS":-0.017833298,"DILUTED_EPS":-0.017833298,"OPERATE_INCOME":235823813.96,"OPERATE_INCOME_YOY":-20.7197736003,"GROSS_PROFIT":5771734.22,"GROSS_PROFIT_YOY":-58.213395150818,"HOLDER_PROFIT":-12233980.5,"HOLDER_PROFIT_YOY":-1187.528174305,"GROSS_PROFIT_RATIO":2.447477259858,"EPS_TTM":-0.019544474319,"OPERATE_INCOME_QOQ":0,"NET_PROFIT_RATIO":-5.1877629721,"ROE_AVG":-8.918257012153,"GROSS_PROFIT_QOQ":0,"ROA":-5.2765110506,"HOLDER_PROFIT_QOQ":0,"ROE_YEARLY":-8.918257012153,"ROIC_YEARLY":-5.745940131075,"TOTAL_ASSETS":233011900.1,"TOTAL_LIABILITIES":101949837.5,"TAX_EBT":null,"OCF_SALES":3.235587158002,"TOTAL_PARENT_EQUITY":131062062.6,"DEBT_ASSET_RATIO":43.7530604472,"OPERATE_PROFIT":-11567978.66,"PRETAX_PROFIT":-12233980.5,"NETCASH_OPERATE":7630285.04,"NETCASH_INVEST":-15457497.02,"NETCASH_FINANCE":6758904.46,"END_CASH":18408020.4,"DIVI_RATIO":null,"DIVIDEND_RATE":null,"CURRENT_RATIO":1.789529213583,"COMMON_ACS":2000000000,"CURRENTDEBT_DEBT":93.504663212435,"ISSUED_COMMON_SHARES":684750000,"HK_COMMON_SHARES":684750000,"PER_SHARES":3000,"TOTAL_MARKET_CAP":54095250,"HKSK_MARKET_CAP":54095250,"PE_TTM":-97.11894075404,"PB_TTM":0.297668244098,"REPORT_DATE_SQ":"2019-12-31 00:00:00","REPORT_TYPE_SQ":"2019年年报","OPERATE_INCOME_SQ":321571232.8,"DPS_HKD":null,"OPERATE_INCOME_QOQ_SQ":0,"NET_PROFIT_RATIO_SQ":0.3781851658,"HOLDER_PROFIT_SQ":1216134.7,"HOLDER_PROFIT_QOQ_SQ":0,"ROE_AVG_SQ":0.788133585978,"PE_TTM_SQ":6.571982281285,"PB_TTM_SQ":0.390669658286,"ROA_SQ":0.532190317015,"START_DATE":"2020-04-01 00:00:00","FISCAL_YEAR":"3-31","CURRENCY":"HKD","IS_CNY_CODE":0,"DPS_HKD_LY":null,"ORG_TYPE":"一般企业","PREMIUM_INCOME":null,"PREMIUM_INCOME_YOY":null,"NET_INTEREST_INCOME":null,"NET_INTEREST_INCOME_YOY":null,"FEE_COMMISSION_INCOME":null,"FEE_COMMISSION_INCOME_YOY":null,"ACCOUNTS_RECE_TDAYS":5.937459435879,"INVENTORY_TDAYS":47.387360724234,"CURRENT_ASSETS_TDAYS":1.316768837984,"TOTAL_ASSETS_TDAYS":1.017107196104,"PREMIUM_EXPENSE":null,"LOAN_DEPOSIT":null,"LOAN_EQUITY":null,"LOAN_ASSETS":null,"DEPOSIT_EQUITY":null,"DEPOSIT_ASSETS":null,"EQUITY_MULTIPLIER":1.777874508286,"EQUITY_RATIO":0.777874508287},{"SECUCODE":"01633.HK","SECURITY_CODE":"01633","SECURITY_NAME_ABBR":"上谕集团","ORG_CODE":"10542031","STD_REPORT_DATE":"2020-06-30 00:00:00","REPORT_DATE":"2020-09-30 00:00:00","DATE_TYPE_CODE":"002","REPORT_TYPE":"2020年中报","PER_NETCASH_OPERATE":-0.003609842074,"PER_OI":0.161006912771,"BPS":0.197702054648,"BASIC_EPS":-0.019859072,"DILUTED_EPS":-0.019859072,"OPERATE_INCOME":110249483.52,"OPERATE_INCOME_YOY":-14.5664519468,"GROSS_PROFIT":-6895315.84,"GROSS_PROFIT_YOY":-468.759747920645,"HOLDER_PROFIT":-13606100.48,"HOLDER_PROFIT_YOY":-1506.3578564941,"GROSS_PROFIT_RATIO":-6.254284029139,"EPS_TTM":0.001776027309,"OPERATE_INCOME_QOQ":0,"NET_PROFIT_RATIO":-12.3411920361,"ROE_AVG":-9.569661872771,"GROSS_PROFIT_QOQ":0,"ROA":-5.79473668453,"HOLDER_PROFIT_QOQ":0,"ROE_YEARLY":-19.139323745542,"ROIC_YEARLY":-12.539606375893,"TOTAL_ASSETS":229743980.16,"TOTAL_LIABILITIES":94367498.24,"TAX_EBT":null,"OCF_SALES":-2.242041668659,"TOTAL_PARENT_EQUITY":135376481.92,"DEBT_ASSET_RATIO":41.0750689416,"OPERATE_PROFIT":-13331939.84,"PRETAX_PROFIT":-13606100.48,"NETCASH_OPERATE":-2471839.36,"NETCASH_INVEST":-9578048,"NETCASH_FINANCE":7133448.96,"END_CASH":15332785.28,"DIVI_RATIO":null,"DIVIDEND_RATE":null,"CURRENT_RATIO":1.949610795936,"COMMON_ACS":2000000000,"CURRENTDEBT_DEBT":98.809967222884,"ISSUED_COMMON_SHARES":684750000,"HK_COMMON_SHARES":684750000,"PER_SHARES":3000,"TOTAL_MARKET_CAP":54095250,"HKSK_MARKET_CAP":54095250,"PE_TTM":-97.11894075404,"PB_TTM":0.297668244098,"REPORT_DATE_SQ":"2019-06-30 00:00:00","REPORT_TYPE_SQ":"2019年中报","OPERATE_INCOME_SQ":132467384.58,"DPS_HKD":null,"OPERATE_INCOME_QOQ_SQ":0,"NET_PROFIT_RATIO_SQ":0.7497037955,"HOLDER_PROFIT_SQ":993113.01,"HOLDER_PROFIT_QOQ_SQ":0,"ROE_AVG_SQ":0.652388387368,"PE_TTM_SQ":6.571982281285,"PB_TTM_SQ":0.390669658286,"ROA_SQ":0.440783481629,"START_DATE":"2020-04-01 00:00:00","FISCAL_YEAR":"3-31","CURRENCY":"HKD","IS_CNY_CODE":0,"DPS_HKD_LY":null,"ORG_TYPE":"一般企业","PREMIUM_INCOME":null,"PREMIUM_INCOME_YOY":null,"NET_INTEREST_INCOME":null,"NET_INTEREST_INCOME_YOY":null,"FEE_COMMISSION_INCOME":null,"FEE_COMMISSION_INCOME_YOY":null,"ACCOUNTS_RECE_TDAYS":3.005173652695,"INVENTORY_TDAYS":23.439648351648,"CURRENT_ASSETS_TDAYS":0.585144040407,"TOTAL_ASSETS_TDAYS":0.46954432502,"PREMIUM_EXPENSE":null,"LOAN_DEPOSIT":null,"LOAN_EQUITY":null,"LOAN_ASSETS":null,"DEPOSIT_EQUITY":null,"DEPOSIT_ASSETS":null,"EQUITY_MULTIPLIER":1.69707453541,"EQUITY_RATIO":0.697074535411}],"count":21},"success":true,"message":"ok","code":0}