{"version":"18fc2b1f325c561da8a704714853c145","result":{"pages":3,"data":[{"SECUCODE":"01630.HK","SECURITY_CODE":"01630","SECURITY_NAME_ABBR":"建成控股","ORG_CODE":"10663903","STD_REPORT_DATE":"2024-06-30 00:00:00","REPORT_DATE":"2024-09-30 00:00:00","DATE_TYPE_CODE":"002","REPORT_TYPE":"2024年中报","PER_NETCASH_OPERATE":-0.04753876164,"PER_OI":0.259768425013,"BPS":0.07920962644,"BASIC_EPS":0.005681277,"DILUTED_EPS":0.005681277,"OPERATE_INCOME":389652637.52,"OPERATE_INCOME_YOY":-20.5600844245,"GROSS_PROFIT":1349077.84,"GROSS_PROFIT_YOY":-85.331973876037,"HOLDER_PROFIT":8524620.87,"HOLDER_PROFIT_YOY":244.2765567766,"GROSS_PROFIT_RATIO":0.346225768825,"EPS_TTM":-0.026477303667,"OPERATE_INCOME_QOQ":0,"NET_PROFIT_RATIO":2.1877487919,"ROE_AVG":7.441695695814,"GROSS_PROFIT_QOQ":0,"ROA":2.185877010022,"HOLDER_PROFIT_QOQ":0,"ROE_YEARLY":14.883391391628,"ROIC_YEARLY":6.245808542479,"TOTAL_ASSETS":343615356.23,"TOTAL_LIABILITIES":224800916.57,"TAX_EBT":null,"OCF_SALES":-18.300438799504,"TOTAL_PARENT_EQUITY":118814439.66,"DEBT_ASSET_RATIO":65.4222555815,"OPERATE_PROFIT":9808769.83,"PRETAX_PROFIT":8524620.87,"NETCASH_OPERATE":-71308142.46,"NETCASH_INVEST":3264479.8,"NETCASH_FINANCE":-3286122.76,"END_CASH":81350475.9,"DIVI_RATIO":null,"DIVIDEND_RATE":null,"CURRENT_RATIO":1.435456380625,"COMMON_ACS":3120000000,"CURRENTDEBT_DEBT":99.557932149405,"ISSUED_COMMON_SHARES":1500000000,"HK_COMMON_SHARES":1500000000,"PER_SHARES":6000,"TOTAL_MARKET_CAP":78000000,"HKSK_MARKET_CAP":78000000,"PE_TTM":-2.805250854163,"PB_TTM":0.592012386721,"REPORT_DATE_SQ":"2023-06-30 00:00:00","REPORT_TYPE_SQ":"2023年中报","OPERATE_INCOME_SQ":499115474.34,"DPS_HKD":null,"OPERATE_INCOME_QOQ_SQ":0,"NET_PROFIT_RATIO_SQ":-1.2045933394,"HOLDER_PROFIT_SQ":-6012311.76,"HOLDER_PROFIT_QOQ_SQ":0,"ROE_AVG_SQ":-4.023704977431,"PE_TTM_SQ":5.797555625196,"PB_TTM_SQ":0.347833716682,"ROA_SQ":-1.429598492725,"START_DATE":"2024-04-01 00:00:00","FISCAL_YEAR":"3-31","CURRENCY":"HKD","IS_CNY_CODE":0,"DPS_HKD_LY":null,"ORG_TYPE":"一般企业","PREMIUM_INCOME":null,"PREMIUM_INCOME_YOY":null,"NET_INTEREST_INCOME":null,"NET_INTEREST_INCOME_YOY":null,"FEE_COMMISSION_INCOME":null,"FEE_COMMISSION_INCOME_YOY":null,"ACCOUNTS_RECE_TDAYS":7.650689661278,"INVENTORY_TDAYS":null,"CURRENT_ASSETS_TDAYS":1.065975897075,"TOTAL_ASSETS_TDAYS":0.999144425586,"PREMIUM_EXPENSE":null,"LOAN_DEPOSIT":null,"LOAN_EQUITY":null,"LOAN_ASSETS":null,"DEPOSIT_EQUITY":null,"DEPOSIT_ASSETS":null,"EQUITY_MULTIPLIER":2.892033638449,"EQUITY_RATIO":1.892033638447},{"SECUCODE":"01630.HK","SECURITY_CODE":"01630","SECURITY_NAME_ABBR":"建成控股","ORG_CODE":"10663903","STD_REPORT_DATE":"2023-12-31 00:00:00","REPORT_DATE":"2024-03-31 00:00:00","DATE_TYPE_CODE":"001","REPORT_TYPE":"2023年年报","PER_NETCASH_OPERATE":0.0169089706,"PER_OI":0.7521681612,"BPS":0.0739146477,"BASIC_EPS":-0.02647126,"DILUTED_EPS":null,"OPERATE_INCOME":1128252241.8,"OPERATE_INCOME_YOY":162.1398240825,"GROSS_PROFIT":28665111,"GROSS_PROFIT_YOY":114.494848598973,"HOLDER_PROFIT":-39715955.5,"HOLDER_PROFIT_YOY":-468.5538823925,"GROSS_PROFIT_RATIO":2.540665104664,"EPS_TTM":0.005484469087,"OPERATE_INCOME_QOQ":0,"NET_PROFIT_RATIO":-3.520130874,"ROE_AVG":-30.380150617866,"GROSS_PROFIT_QOQ":0,"ROA":-9.6302752465,"HOLDER_PROFIT_QOQ":0,"ROE_YEARLY":-30.380150617866,"ROIC_YEARLY":-14.848834056399,"TOTAL_ASSETS":438660507.45,"TOTAL_LIABILITIES":327788535.9,"TAX_EBT":null,"OCF_SALES":2.248030622969,"TOTAL_PARENT_EQUITY":110871971.55,"DEBT_ASSET_RATIO":74.724879567,"OPERATE_PROFIT":-37010810.3,"PRETAX_PROFIT":-39715955.5,"NETCASH_OPERATE":25363455.9,"NETCASH_INVEST":-5377654.6,"NETCASH_FINANCE":-2890987.95,"END_CASH":153486167.4,"DIVI_RATIO":null,"DIVIDEND_RATE":null,"CURRENT_RATIO":1.261526033512,"COMMON_ACS":3120000000,"CURRENTDEBT_DEBT":99.62663657634,"ISSUED_COMMON_SHARES":1500000000,"HK_COMMON_SHARES":1500000000,"PER_SHARES":6000,"TOTAL_MARKET_CAP":67500000,"HKSK_MARKET_CAP":67500000,"PE_TTM":-2.427620931487,"PB_TTM":0.512318411585,"REPORT_DATE_SQ":"2022-12-31 00:00:00","REPORT_TYPE_SQ":"2022年年报","OPERATE_INCOME_SQ":415616654.88,"DPS_HKD":null,"OPERATE_INCOME_QOQ_SQ":0,"NET_PROFIT_RATIO_SQ":2.5037491996,"HOLDER_PROFIT_SQ":10405998.67,"HOLDER_PROFIT_QOQ_SQ":0,"ROE_AVG_SQ":7.421605506735,"PE_TTM_SQ":6.894390473206,"PB_TTM_SQ":0.413640095513,"ROA_SQ":2.952426369412,"START_DATE":"2023-04-01 00:00:00","FISCAL_YEAR":"3-31","CURRENCY":"HKD","IS_CNY_CODE":0,"DPS_HKD_LY":null,"ORG_TYPE":"一般企业","PREMIUM_INCOME":null,"PREMIUM_INCOME_YOY":null,"NET_INTEREST_INCOME":null,"NET_INTEREST_INCOME_YOY":null,"FEE_COMMISSION_INCOME":null,"FEE_COMMISSION_INCOME_YOY":null,"ACCOUNTS_RECE_TDAYS":18.590168342121,"INVENTORY_TDAYS":null,"CURRENT_ASSETS_TDAYS":2.921040402191,"TOTAL_ASSETS_TDAYS":2.735771933276,"PREMIUM_EXPENSE":null,"LOAN_DEPOSIT":null,"LOAN_EQUITY":null,"LOAN_ASSETS":null,"DEPOSIT_EQUITY":null,"DEPOSIT_ASSETS":null,"EQUITY_MULTIPLIER":3.956459881767,"EQUITY_RATIO":2.956459881767},{"SECUCODE":"01630.HK","SECURITY_CODE":"01630","SECURITY_NAME_ABBR":"建成控股","ORG_CODE":"10663903","STD_REPORT_DATE":"2023-06-30 00:00:00","REPORT_DATE":"2023-09-30 00:00:00","DATE_TYPE_CODE":"002","REPORT_TYPE":"2023年中报","PER_NETCASH_OPERATE":-0.012679199587,"PER_OI":0.33274364956,"BPS":0.097610750113,"BASIC_EPS":-0.004037572,"DILUTED_EPS":-0.004037572,"OPERATE_INCOME":499115474.34,"OPERATE_INCOME_YOY":185.9911560727,"GROSS_PROFIT":9197405.49,"GROSS_PROFIT_YOY":877.804953894122,"HOLDER_PROFIT":-6012311.76,"HOLDER_PROFIT_YOY":-54.6012269939,"GROSS_PROFIT_RATIO":1.842741001401,"EPS_TTM":0.006937332447,"OPERATE_INCOME_QOQ":0,"NET_PROFIT_RATIO":-1.2045933394,"ROE_AVG":-4.023704977431,"GROSS_PROFIT_QOQ":0,"ROA":-1.429598492725,"HOLDER_PROFIT_QOQ":0,"ROE_YEARLY":-8.047409954862,"ROIC_YEARLY":-4.075197089145,"TOTAL_ASSETS":450245253.43,"TOTAL_LIABILITIES":303829128.26,"TAX_EBT":null,"OCF_SALES":-3.810500847554,"TOTAL_PARENT_EQUITY":146416125.17,"DEBT_ASSET_RATIO":67.4808065039,"OPERATE_PROFIT":-4652384.1,"PRETAX_PROFIT":-6012311.76,"NETCASH_OPERATE":-19018799.38,"NETCASH_INVEST":-4528504.05,"NETCASH_FINANCE":-1587499.9,"END_CASH":112923547.8,"DIVI_RATIO":null,"DIVIDEND_RATE":null,"CURRENT_RATIO":1.409926048552,"COMMON_ACS":3120000000,"CURRENTDEBT_DEBT":99.977650391722,"ISSUED_COMMON_SHARES":1500000000,"HK_COMMON_SHARES":1500000000,"PER_SHARES":6000,"TOTAL_MARKET_CAP":67500000,"HKSK_MARKET_CAP":67500000,"PE_TTM":-2.427620931487,"PB_TTM":0.512318411585,"REPORT_DATE_SQ":"2022-06-30 00:00:00","REPORT_TYPE_SQ":"2022年中报","OPERATE_INCOME_SQ":172012730.28,"DPS_HKD":null,"OPERATE_INCOME_QOQ_SQ":0,"NET_PROFIT_RATIO_SQ":-2.2283331668,"HOLDER_PROFIT_SQ":-3833016.72,"HOLDER_PROFIT_QOQ_SQ":0,"ROE_AVG_SQ":-2.786233194175,"PE_TTM_SQ":6.894390473206,"PB_TTM_SQ":0.413640095513,"ROA_SQ":-1.168447506021,"START_DATE":"2023-04-01 00:00:00","FISCAL_YEAR":"3-31","CURRENCY":"HKD","IS_CNY_CODE":0,"DPS_HKD_LY":null,"ORG_TYPE":"一般企业","PREMIUM_INCOME":null,"PREMIUM_INCOME_YOY":null,"NET_INTEREST_INCOME":null,"NET_INTEREST_INCOME_YOY":null,"FEE_COMMISSION_INCOME":null,"FEE_COMMISSION_INCOME_YOY":null,"ACCOUNTS_RECE_TDAYS":4.611057184881,"INVENTORY_TDAYS":null,"CURRENT_ASSETS_TDAYS":1.258457694176,"TOTAL_ASSETS_TDAYS":1.186789305504,"PREMIUM_EXPENSE":null,"LOAN_DEPOSIT":null,"LOAN_EQUITY":null,"LOAN_ASSETS":null,"DEPOSIT_EQUITY":null,"DEPOSIT_ASSETS":null,"EQUITY_MULTIPLIER":3.075107013708,"EQUITY_RATIO":2.075107013707},{"SECUCODE":"01630.HK","SECURITY_CODE":"01630","SECURITY_NAME_ABBR":"建成控股","ORG_CODE":"10663903","STD_REPORT_DATE":"2022-12-31 00:00:00","REPORT_DATE":"2023-03-31 00:00:00","DATE_TYPE_CODE":"001","REPORT_TYPE":"2022年年报","PER_NETCASH_OPERATE":0.033416734127,"PER_OI":0.27707776992,"BPS":0.096943487007,"BASIC_EPS":0.006915739,"DILUTED_EPS":null,"OPERATE_INCOME":415616654.88,"OPERATE_INCOME_YOY":-20.9856489749,"GROSS_PROFIT":13364009.06,"GROSS_PROFIT_YOY":92.840604902357,"HOLDER_PROFIT":10405998.67,"HOLDER_PROFIT_YOY":195.1188285188,"GROSS_PROFIT_RATIO":3.215465237758,"EPS_TTM":-0.005859938487,"OPERATE_INCOME_QOQ":0,"NET_PROFIT_RATIO":2.5037491996,"ROE_AVG":7.421605506735,"GROSS_PROFIT_QOQ":0,"ROA":2.952426369412,"HOLDER_PROFIT_QOQ":0,"ROE_YEARLY":7.421605506735,"ROIC_YEARLY":4.586352447315,"TOTAL_ASSETS":372889643.6,"TOTAL_LIABILITIES":227474413.09,"TAX_EBT":null,"OCF_SALES":12.060416877296,"TOTAL_PARENT_EQUITY":145415230.51,"DEBT_ASSET_RATIO":61.0031458353,"OPERATE_PROFIT":13047986.05,"PRETAX_PROFIT":10405998.67,"NETCASH_OPERATE":50125101.19,"NETCASH_INVEST":-35785885.39,"NETCASH_FINANCE":-2057213.5,"END_CASH":131706309.91,"DIVI_RATIO":null,"DIVIDEND_RATE":null,"CURRENT_RATIO":1.535217411445,"COMMON_ACS":3120000000,"CURRENTDEBT_DEBT":99.691744051353,"ISSUED_COMMON_SHARES":1500000000,"HK_COMMON_SHARES":1500000000,"PER_SHARES":6000,"TOTAL_MARKET_CAP":73500000,"HKSK_MARKET_CAP":73500000,"PE_TTM":-2.64340945873,"PB_TTM":0.557857825948,"REPORT_DATE_SQ":"2021-12-31 00:00:00","REPORT_TYPE_SQ":"2021年年报","OPERATE_INCOME_SQ":487305901.63,"DPS_HKD":null,"OPERATE_INCOME_QOQ_SQ":0,"NET_PROFIT_RATIO_SQ":-2.0798418275,"HOLDER_PROFIT_SQ":-10135191.97,"HOLDER_PROFIT_QOQ_SQ":0,"ROE_AVG_SQ":-7.787627163533,"PE_TTM_SQ":4.542777824514,"PB_TTM_SQ":0.33843280542,"ROA_SQ":-3.244263414356,"START_DATE":"2022-04-01 00:00:00","FISCAL_YEAR":"3-31","CURRENCY":"HKD","IS_CNY_CODE":0,"DPS_HKD_LY":null,"ORG_TYPE":"一般企业","PREMIUM_INCOME":null,"PREMIUM_INCOME_YOY":null,"NET_INTEREST_INCOME":null,"NET_INTEREST_INCOME_YOY":null,"FEE_COMMISSION_INCOME":null,"FEE_COMMISSION_INCOME_YOY":null,"ACCOUNTS_RECE_TDAYS":6.786326374545,"INVENTORY_TDAYS":null,"CURRENT_ASSETS_TDAYS":1.267674003188,"TOTAL_ASSETS_TDAYS":1.179202122111,"PREMIUM_EXPENSE":null,"LOAN_DEPOSIT":null,"LOAN_EQUITY":null,"LOAN_ASSETS":null,"DEPOSIT_EQUITY":null,"DEPOSIT_ASSETS":null,"EQUITY_MULTIPLIER":2.564309407565,"EQUITY_RATIO":1.564309407565},{"SECUCODE":"01630.HK","SECURITY_CODE":"01630","SECURITY_NAME_ABBR":"建成控股","ORG_CODE":"10663903","STD_REPORT_DATE":"2022-06-30 00:00:00","REPORT_DATE":"2022-09-30 00:00:00","DATE_TYPE_CODE":"002","REPORT_TYPE":"2022年中报","PER_NETCASH_OPERATE":-0.0006451672,"PER_OI":0.11467515352,"BPS":0.09043555856,"BASIC_EPS":-0.002532432,"DILUTED_EPS":-0.002532432,"OPERATE_INCOME":172012730.28,"OPERATE_INCOME_YOY":-34.2416352893,"GROSS_PROFIT":940617.6,"GROSS_PROFIT_YOY":-44.624253626205,"HOLDER_PROFIT":-3833016.72,"HOLDER_PROFIT_YOY":31.8211068211,"GROSS_PROFIT_RATIO":0.546830224989,"EPS_TTM":-0.006756794647,"OPERATE_INCOME_QOQ":0,"NET_PROFIT_RATIO":-2.2283331668,"ROE_AVG":-2.786233194175,"GROSS_PROFIT_QOQ":0,"ROA":-1.168447506021,"HOLDER_PROFIT_QOQ":0,"ROE_YEARLY":-5.57246638835,"ROIC_YEARLY":-3.459937830518,"TOTAL_ASSETS":313054721.64,"TOTAL_LIABILITIES":177401383.8,"TAX_EBT":null,"OCF_SALES":-0.562604173787,"TOTAL_PARENT_EQUITY":135653337.84,"DEBT_ASSET_RATIO":56.6678511893,"OPERATE_PROFIT":-2438370.24,"PRETAX_PROFIT":-3833016.72,"NETCASH_OPERATE":-967750.8,"NETCASH_INVEST":-31821816.96,"NETCASH_FINANCE":-1023826.08,"END_CASH":89571215.4,"DIVI_RATIO":null,"DIVIDEND_RATE":null,"CURRENT_RATIO":1.670673274657,"COMMON_ACS":3120000000,"CURRENTDEBT_DEBT":99.167452649825,"ISSUED_COMMON_SHARES":1500000000,"HK_COMMON_SHARES":1500000000,"PER_SHARES":6000,"TOTAL_MARKET_CAP":73500000,"HKSK_MARKET_CAP":73500000,"PE_TTM":-2.64340945873,"PB_TTM":0.557857825948,"REPORT_DATE_SQ":"2021-06-30 00:00:00","REPORT_TYPE_SQ":"2021年中报","OPERATE_INCOME_SQ":240938446.26,"DPS_HKD":null,"OPERATE_INCOME_QOQ_SQ":0,"NET_PROFIT_RATIO_SQ":-2.1492215296,"HOLDER_PROFIT_SQ":-5178300.96,"HOLDER_PROFIT_QOQ_SQ":0,"ROE_AVG_SQ":-3.799209109301,"PE_TTM_SQ":4.542777824514,"PB_TTM_SQ":0.33843280542,"ROA_SQ":-1.664096633256,"START_DATE":"2022-04-01 00:00:00","FISCAL_YEAR":"3-31","CURRENCY":"HKD","IS_CNY_CODE":0,"DPS_HKD_LY":null,"ORG_TYPE":"一般企业","PREMIUM_INCOME":null,"PREMIUM_INCOME_YOY":null,"NET_INTEREST_INCOME":null,"NET_INTEREST_INCOME_YOY":null,"FEE_COMMISSION_INCOME":null,"FEE_COMMISSION_INCOME_YOY":null,"ACCOUNTS_RECE_TDAYS":3.496663050872,"INVENTORY_TDAYS":null,"CURRENT_ASSETS_TDAYS":0.562426346537,"TOTAL_ASSETS_TDAYS":0.524359428569,"PREMIUM_EXPENSE":null,"LOAN_DEPOSIT":null,"LOAN_EQUITY":null,"LOAN_ASSETS":null,"DEPOSIT_EQUITY":null,"DEPOSIT_ASSETS":null,"EQUITY_MULTIPLIER":2.307755390504,"EQUITY_RATIO":1.307755390503},{"SECUCODE":"01630.HK","SECURITY_CODE":"01630","SECURITY_NAME_ABBR":"建成控股","ORG_CODE":"10663903","STD_REPORT_DATE":"2021-12-31 00:00:00","REPORT_DATE":"2022-03-31 00:00:00","DATE_TYPE_CODE":"001","REPORT_TYPE":"2021年年报","PER_NETCASH_OPERATE":-0.02319326398,"PER_OI":0.324870601087,"BPS":0.08338480416,"BASIC_EPS":-0.006731383,"DILUTED_EPS":null,"OPERATE_INCOME":487305901.63,"OPERATE_INCOME_YOY":14.6796730216,"GROSS_PROFIT":6930080.45,"GROSS_PROFIT_YOY":91.443660826171,"HOLDER_PROFIT":-10135191.97,"HOLDER_PROFIT_YOY":-574.9904979095,"GROSS_PROFIT_RATIO":1.422121182366,"EPS_TTM":0.00241505788,"OPERATE_INCOME_QOQ":0,"NET_PROFIT_RATIO":-2.0798418275,"ROE_AVG":-7.787627163533,"GROSS_PROFIT_QOQ":0,"ROA":-3.244263414356,"HOLDER_PROFIT_QOQ":0,"ROE_YEARLY":-7.787627163533,"ROIC_YEARLY":-5.586949329852,"TOTAL_ASSETS":307596628.76,"TOTAL_LIABILITIES":182519422.52,"TAX_EBT":null,"OCF_SALES":-7.139231405495,"TOTAL_PARENT_EQUITY":125077206.24,"DEBT_ASSET_RATIO":59.3372636286,"OPERATE_PROFIT":-7706217.02,"PRETAX_PROFIT":-10135191.97,"NETCASH_OPERATE":-10240623.27,"NETCASH_INVEST":-28175298.41,"NETCASH_FINANCE":-2296780.32,"END_CASH":110638795.21,"DIVI_RATIO":null,"DIVIDEND_RATE":null,"CURRENT_RATIO":1.579744160428,"COMMON_ACS":3120000000,"CURRENTDEBT_DEBT":98.823827382116,"ISSUED_COMMON_SHARES":1500000000,"HK_COMMON_SHARES":1500000000,"PER_SHARES":6000,"TOTAL_MARKET_CAP":73500000,"HKSK_MARKET_CAP":73500000,"PE_TTM":-2.64340945873,"PB_TTM":0.557857825948,"REPORT_DATE_SQ":"2020-12-31 00:00:00","REPORT_TYPE_SQ":"2020年年报","OPERATE_INCOME_SQ":442831215.82,"DPS_HKD":null,"OPERATE_INCOME_QOQ_SQ":0,"NET_PROFIT_RATIO_SQ":0.5021481098,"HOLDER_PROFIT_SQ":2223668.58,"HOLDER_PROFIT_QOQ_SQ":0,"ROE_AVG_SQ":1.590636345224,"PE_TTM_SQ":4.542777824514,"PB_TTM_SQ":0.33843280542,"ROA_SQ":0.694482938843,"START_DATE":"2021-04-01 00:00:00","FISCAL_YEAR":"3-31","CURRENCY":"HKD","IS_CNY_CODE":0,"DPS_HKD_LY":null,"ORG_TYPE":"一般企业","PREMIUM_INCOME":null,"PREMIUM_INCOME_YOY":null,"NET_INTEREST_INCOME":null,"NET_INTEREST_INCOME_YOY":null,"FEE_COMMISSION_INCOME":null,"FEE_COMMISSION_INCOME_YOY":null,"ACCOUNTS_RECE_TDAYS":8.623919970147,"INVENTORY_TDAYS":null,"CURRENT_ASSETS_TDAYS":1.702547319506,"TOTAL_ASSETS_TDAYS":1.559860644907,"PREMIUM_EXPENSE":null,"LOAN_DEPOSIT":null,"LOAN_EQUITY":null,"LOAN_ASSETS":null,"DEPOSIT_EQUITY":null,"DEPOSIT_ASSETS":null,"EQUITY_MULTIPLIER":2.459254071999,"EQUITY_RATIO":1.459254071999},{"SECUCODE":"01630.HK","SECURITY_CODE":"01630","SECURITY_NAME_ABBR":"建成控股","ORG_CODE":"10663903","STD_REPORT_DATE":"2021-06-30 00:00:00","REPORT_DATE":"2021-09-30 00:00:00","DATE_TYPE_CODE":"002","REPORT_TYPE":"2021年中报","PER_NETCASH_OPERATE":-0.008829325253,"PER_OI":0.16062563084,"BPS":0.089140196867,"BASIC_EPS":-0.003415546,"DILUTED_EPS":-0.003415546,"OPERATE_INCOME":240938446.26,"OPERATE_INCOME_YOY":40.4933425952,"GROSS_PROFIT":1698609.34,"GROSS_PROFIT_YOY":35.083829131045,"HOLDER_PROFIT":-5178300.96,"HOLDER_PROFIT_YOY":16.9539078156,"GROSS_PROFIT_RATIO":0.704997216661,"EPS_TTM":0.00148244572,"OPERATE_INCOME_QOQ":0,"NET_PROFIT_RATIO":-2.1492215296,"ROE_AVG":-3.799209109301,"GROSS_PROFIT_QOQ":0,"ROA":-1.664096633256,"HOLDER_PROFIT_QOQ":0,"ROE_YEARLY":-7.598418218601,"ROIC_YEARLY":-6.290956749672,"TOTAL_ASSETS":296521042.52,"TOTAL_LIABILITIES":162810747.22,"TAX_EBT":null,"OCF_SALES":-5.49683460053,"TOTAL_PARENT_EQUITY":133710295.3,"DEBT_ASSET_RATIO":54.906979227,"OPERATE_PROFIT":-4005352.48,"PRETAX_PROFIT":-5178300.96,"NETCASH_OPERATE":-13243987.88,"NETCASH_INVEST":-3243102.58,"NETCASH_FINANCE":-1343725.78,"END_CASH":137635674.02,"DIVI_RATIO":null,"DIVIDEND_RATE":null,"CURRENT_RATIO":1.666487319456,"COMMON_ACS":3120000000,"CURRENTDEBT_DEBT":97.95228129781,"ISSUED_COMMON_SHARES":1500000000,"HK_COMMON_SHARES":1500000000,"PER_SHARES":6000,"TOTAL_MARKET_CAP":73500000,"HKSK_MARKET_CAP":73500000,"PE_TTM":-2.64340945873,"PB_TTM":0.557857825948,"REPORT_DATE_SQ":"2020-06-30 00:00:00","REPORT_TYPE_SQ":"2020年中报","OPERATE_INCOME_SQ":180894177.92,"DPS_HKD":null,"OPERATE_INCOME_QOQ_SQ":0,"NET_PROFIT_RATIO_SQ":-3.6359485284,"HOLDER_PROFIT_SQ":-6577219.2,"HOLDER_PROFIT_QOQ_SQ":0,"ROE_AVG_SQ":-4.66798671635,"PE_TTM_SQ":4.542777824514,"PB_TTM_SQ":0.33843280542,"ROA_SQ":-2.071831806563,"START_DATE":"2021-04-01 00:00:00","FISCAL_YEAR":"3-31","CURRENCY":"HKD","IS_CNY_CODE":0,"DPS_HKD_LY":null,"ORG_TYPE":"一般企业","PREMIUM_INCOME":null,"PREMIUM_INCOME_YOY":null,"NET_INTEREST_INCOME":null,"NET_INTEREST_INCOME_YOY":null,"FEE_COMMISSION_INCOME":null,"FEE_COMMISSION_INCOME_YOY":null,"ACCOUNTS_RECE_TDAYS":4.249313136359,"INVENTORY_TDAYS":null,"CURRENT_ASSETS_TDAYS":0.858832909442,"TOTAL_ASSETS_TDAYS":0.774278784374,"PREMIUM_EXPENSE":null,"LOAN_DEPOSIT":null,"LOAN_EQUITY":null,"LOAN_ASSETS":null,"DEPOSIT_EQUITY":null,"DEPOSIT_ASSETS":null,"EQUITY_MULTIPLIER":2.217638079813,"EQUITY_RATIO":1.217638079811},{"SECUCODE":"01630.HK","SECURITY_CODE":"01630","SECURITY_NAME_ABBR":"建成控股","ORG_CODE":"10663903","STD_REPORT_DATE":"2020-12-31 00:00:00","REPORT_DATE":"2021-03-31 00:00:00","DATE_TYPE_CODE":"001","REPORT_TYPE":"2020年年报","PER_NETCASH_OPERATE":0.013771926373,"PER_OI":0.295220810547,"BPS":0.093939503187,"BASIC_EPS":0.001521324,"DILUTED_EPS":null,"OPERATE_INCOME":442831215.82,"OPERATE_INCOME_YOY":20.5458682563,"GROSS_PROFIT":3619905.94,"GROSS_PROFIT_YOY":-68.572027950924,"HOLDER_PROFIT":2223668.58,"HOLDER_PROFIT_YOY":124.2913858369,"GROSS_PROFIT_RATIO":0.817445972795,"EPS_TTM":-0.011595101393,"OPERATE_INCOME_QOQ":0,"NET_PROFIT_RATIO":0.5021481098,"ROE_AVG":1.590636345224,"GROSS_PROFIT_QOQ":0,"ROA":0.694482938843,"HOLDER_PROFIT_QOQ":0,"ROE_YEARLY":1.590636345224,"ROIC_YEARLY":1.371941680746,"TOTAL_ASSETS":330575253.4,"TOTAL_LIABILITIES":189665998.62,"TAX_EBT":36.140776699029,"OCF_SALES":4.664957848951,"TOTAL_PARENT_EQUITY":140909254.78,"DEBT_ASSET_RATIO":57.3745302073,"OPERATE_PROFIT":5845264.88,"PRETAX_PROFIT":3482141.6,"NETCASH_OPERATE":20657889.56,"NETCASH_INVEST":-18234758.5,"NETCASH_FINANCE":-3183793.06,"END_CASH":157728336.78,"DIVI_RATIO":null,"DIVIDEND_RATE":null,"CURRENT_RATIO":1.582978704402,"COMMON_ACS":3120000000,"CURRENTDEBT_DEBT":99.792343444336,"ISSUED_COMMON_SHARES":1500000000,"HK_COMMON_SHARES":1500000000,"PER_SHARES":6000,"TOTAL_MARKET_CAP":73500000,"HKSK_MARKET_CAP":73500000,"PE_TTM":-2.64340945873,"PB_TTM":0.557857825948,"REPORT_DATE_SQ":"2019-12-31 00:00:00","REPORT_TYPE_SQ":"2019年年报","OPERATE_INCOME_SQ":397136963.9,"DPS_HKD":null,"OPERATE_INCOME_QOQ_SQ":0,"NET_PROFIT_RATIO_SQ":-2.4919072259,"HOLDER_PROFIT_SQ":-9896284.7,"HOLDER_PROFIT_QOQ_SQ":0,"ROE_AVG_SQ":-6.389763164027,"PE_TTM_SQ":4.542777824514,"PB_TTM_SQ":0.33843280542,"ROA_SQ":-2.707479252075,"START_DATE":"2020-04-01 00:00:00","FISCAL_YEAR":"3-31","CURRENCY":"HKD","IS_CNY_CODE":0,"DPS_HKD_LY":null,"ORG_TYPE":"一般企业","PREMIUM_INCOME":null,"PREMIUM_INCOME_YOY":null,"NET_INTEREST_INCOME":null,"NET_INTEREST_INCOME_YOY":null,"FEE_COMMISSION_INCOME":null,"FEE_COMMISSION_INCOME_YOY":null,"ACCOUNTS_RECE_TDAYS":7.325652766612,"INVENTORY_TDAYS":null,"CURRENT_ASSETS_TDAYS":1.516789073424,"TOTAL_ASSETS_TDAYS":1.383024102333,"PREMIUM_EXPENSE":null,"LOAN_DEPOSIT":null,"LOAN_EQUITY":null,"LOAN_ASSETS":null,"DEPOSIT_EQUITY":null,"DEPOSIT_ASSETS":null,"EQUITY_MULTIPLIER":2.346015199042,"EQUITY_RATIO":1.346015199045},{"SECUCODE":"01630.HK","SECURITY_CODE":"01630","SECURITY_NAME_ABBR":"建成控股","ORG_CODE":"10663903","STD_REPORT_DATE":"2020-06-30 00:00:00","REPORT_DATE":"2020-09-30 00:00:00","DATE_TYPE_CODE":"002","REPORT_TYPE":"2020年中报","PER_NETCASH_OPERATE":-0.00578373504,"PER_OI":0.120596118613,"BPS":0.091741297067,"BASIC_EPS":-0.0043936,"DILUTED_EPS":null,"OPERATE_INCOME":180894177.92,"OPERATE_INCOME_YOY":-7.6736436577,"GROSS_PROFIT":1257448.32,"GROSS_PROFIT_YOY":-88.912340583006,"HOLDER_PROFIT":-6577219.2,"HOLDER_PROFIT_YOY":-834.543670265,"GROSS_PROFIT_RATIO":0.69512923769,"EPS_TTM":-0.006597523133,"OPERATE_INCOME_QOQ":0,"NET_PROFIT_RATIO":-3.6359485284,"ROE_AVG":-4.66798671635,"GROSS_PROFIT_QOQ":0,"ROA":-2.071831806563,"HOLDER_PROFIT_QOQ":0,"ROE_YEARLY":-9.335973432701,"ROIC_YEARLY":-8.078137225805,"TOTAL_ASSETS":312818168.96,"TOTAL_LIABILITIES":175206223.36,"TAX_EBT":14.270988432024,"OCF_SALES":-4.795954551858,"TOTAL_PARENT_EQUITY":137611945.6,"DEBT_ASSET_RATIO":56.0089664684,"OPERATE_PROFIT":null,"PRETAX_PROFIT":-7672104.32,"NETCASH_OPERATE":-8675602.56,"NETCASH_INVEST":-9323219.2,"NETCASH_FINANCE":-2319820.8,"END_CASH":144459810.56,"DIVI_RATIO":null,"DIVIDEND_RATE":null,"CURRENT_RATIO":1.599285065193,"COMMON_ACS":3120000000,"CURRENTDEBT_DEBT":99.8951792485,"ISSUED_COMMON_SHARES":1500000000,"HK_COMMON_SHARES":1500000000,"PER_SHARES":6000,"TOTAL_MARKET_CAP":73500000,"HKSK_MARKET_CAP":73500000,"PE_TTM":-2.64340945873,"PB_TTM":0.557857825948,"REPORT_DATE_SQ":"2019-06-30 00:00:00","REPORT_TYPE_SQ":"2019年中报","OPERATE_INCOME_SQ":201122071.71,"DPS_HKD":null,"OPERATE_INCOME_QOQ_SQ":0,"NET_PROFIT_RATIO_SQ":0.4570101045,"HOLDER_PROFIT_SQ":919148.19,"HOLDER_PROFIT_QOQ_SQ":0,"ROE_AVG_SQ":0.580856806542,"PE_TTM_SQ":4.542777824514,"PB_TTM_SQ":0.33843280542,"ROA_SQ":0.251816339643,"START_DATE":"2020-04-01 00:00:00","FISCAL_YEAR":"3-31","CURRENCY":"HKD","IS_CNY_CODE":0,"DPS_HKD_LY":null,"ORG_TYPE":"一般企业","PREMIUM_INCOME":null,"PREMIUM_INCOME_YOY":null,"NET_INTEREST_INCOME":null,"NET_INTEREST_INCOME_YOY":null,"FEE_COMMISSION_INCOME":null,"FEE_COMMISSION_INCOME_YOY":null,"ACCOUNTS_RECE_TDAYS":3.258686464154,"INVENTORY_TDAYS":null,"CURRENT_ASSETS_TDAYS":0.628666708402,"TOTAL_ASSETS_TDAYS":0.569818794296,"PREMIUM_EXPENSE":null,"LOAN_DEPOSIT":null,"LOAN_EQUITY":null,"LOAN_ASSETS":null,"DEPOSIT_EQUITY":null,"DEPOSIT_ASSETS":null,"EQUITY_MULTIPLIER":2.273190511156,"EQUITY_RATIO":1.273190511159}],"count":22},"success":true,"message":"ok","code":0}