{"version":"67dbf2edfb93effc8dd16567786a09aa","result":{"pages":5,"data":[{"SECUCODE":"01635.HK","SECURITY_CODE":"01635","SECURITY_NAME_ABBR":"大众公用","ORG_CODE":"10003945","STD_REPORT_DATE":"2024-09-30 00:00:00","REPORT_DATE":"2024-09-30 00:00:00","DATE_TYPE_CODE":"004","REPORT_TYPE":"2024年三季报","PER_NETCASH_OPERATE":0.164919638671,"PER_OI":1.599140616779,"BPS":2.849337760101,"BASIC_EPS":0.06,"DILUTED_EPS":0.06,"OPERATE_INCOME":4721358207.18,"OPERATE_INCOME_YOY":-2.1606521308,"GROSS_PROFIT":791343878.12,"GROSS_PROFIT_YOY":1.67171565713,"HOLDER_PROFIT":170339549.91,"HOLDER_PROFIT_YOY":-37.6497422054,"GROSS_PROFIT_RATIO":16.760937073501,"EPS_TTM":0.037150939548,"OPERATE_INCOME_QOQ":-3.240546409681,"NET_PROFIT_RATIO":5.9315902821,"ROE_AVG":2.036161184528,"GROSS_PROFIT_QOQ":-0.559923605432,"ROA":0.753801015525,"HOLDER_PROFIT_QOQ":176.799435748244,"ROE_YEARLY":2.714881579371,"ROIC_YEARLY":0.934307995394,"TOTAL_ASSETS":22673144633.77,"TOTAL_LIABILITIES":12747724130.7,"TAX_EBT":25.81112601587,"OCF_SALES":10.313016687857,"TOTAL_PARENT_EQUITY":8412483603.71,"DEBT_ASSET_RATIO":56.2238910244,"OPERATE_PROFIT":453663091.92,"PRETAX_PROFIT":377484667.93,"NETCASH_OPERATE":486914459.8,"NETCASH_INVEST":-454692302.78,"NETCASH_FINANCE":-618597908.81,"END_CASH":2591017089.35,"DIVI_RATIO":0.937368797715,"DIVIDEND_RATE":1.893,"CURRENT_RATIO":0.689724189541,"COMMON_ACS":null,"CURRENTDEBT_DEBT":66.217536393506,"ISSUED_COMMON_SHARES":2952434675,"HK_COMMON_SHARES":533643000,"PER_SHARES":1000,"TOTAL_MARKET_CAP":5993442390.25,"HKSK_MARKET_CAP":1083295290,"PE_TTM":47.677325907896,"PB_TTM":0.642476903101,"REPORT_DATE_SQ":"2023-09-30 00:00:00","REPORT_TYPE_SQ":"2023年三季报","OPERATE_INCOME_SQ":4825623136.3,"DPS_HKD":0.0384279,"OPERATE_INCOME_QOQ_SQ":1.17228468019,"NET_PROFIT_RATIO_SQ":7.6231074754,"HOLDER_PROFIT_SQ":273197827.78,"HOLDER_PROFIT_QOQ_SQ":-69.962389435272,"ROE_AVG_SQ":3.29856108009,"PE_TTM_SQ":39.030797146301,"PB_TTM_SQ":0.381306300477,"ROA_SQ":1.182583828335,"START_DATE":"2024-01-01 00:00:00","FISCAL_YEAR":"12-31","CURRENCY":"HKD","IS_CNY_CODE":0,"DPS_HKD_LY":0.0384279,"ORG_TYPE":"一般企业","PREMIUM_INCOME":null,"PREMIUM_INCOME_YOY":null,"NET_INTEREST_INCOME":null,"NET_INTEREST_INCOME_YOY":null,"FEE_COMMISSION_INCOME":null,"FEE_COMMISSION_INCOME_YOY":null,"ACCOUNTS_RECE_TDAYS":10.202963822512,"INVENTORY_TDAYS":18.860386942714,"CURRENT_ASSETS_TDAYS":0.677090666525,"TOTAL_ASSETS_TDAYS":0.208933545563,"PREMIUM_EXPENSE":null,"LOAN_DEPOSIT":null,"LOAN_EQUITY":null,"LOAN_ASSETS":null,"DEPOSIT_EQUITY":null,"DEPOSIT_ASSETS":null,"EQUITY_MULTIPLIER":2.284351038502,"EQUITY_RATIO":1.515334202266},{"SECUCODE":"01635.HK","SECURITY_CODE":"01635","SECURITY_NAME_ABBR":"大众公用","ORG_CODE":"10003945","STD_REPORT_DATE":"2024-06-30 00:00:00","REPORT_DATE":"2024-06-30 00:00:00","DATE_TYPE_CODE":"002","REPORT_TYPE":"2024年中报","PER_NETCASH_OPERATE":0.098978311857,"PER_OI":1.239998984906,"BPS":2.807599460266,"BASIC_EPS":0.04,"DILUTED_EPS":0.04,"OPERATE_INCOME":3661016000,"OPERATE_INCOME_YOY":2.9363296175,"GROSS_PROFIT":622196000,"GROSS_PROFIT_YOY":3.03458851311,"HOLDER_PROFIT":122156000,"HOLDER_PROFIT_YOY":-74.4187166638,"GROSS_PROFIT_RATIO":16.995172924675,"EPS_TTM":-0.048373974608,"OPERATE_INCOME_QOQ":1.322222856821,"NET_PROFIT_RATIO":6.2409178217,"ROE_AVG":1.471031404534,"GROSS_PROFIT_QOQ":0.954486121428,"ROA":0.541772259576,"HOLDER_PROFIT_QOQ":-632.116932830103,"ROE_YEARLY":2.942062809069,"ROIC_YEARLY":1.359810241484,"TOTAL_ASSETS":22573276000,"TOTAL_LIABILITIES":12777476000,"TAX_EBT":30.046200901974,"OCF_SALES":7.98212845833,"TOTAL_PARENT_EQUITY":8289254000,"DEBT_ASSET_RATIO":56.6044379203,"OPERATE_PROFIT":430075000,"PRETAX_PROFIT":326617000,"NETCASH_OPERATE":292227000,"NETCASH_INVEST":-176292000,"NETCASH_FINANCE":-264423000,"END_CASH":3047447000,"DIVI_RATIO":-0.719893947526,"DIVIDEND_RATE":1.754698630137,"CURRENT_RATIO":1.055966367917,"COMMON_ACS":null,"CURRENTDEBT_DEBT":62.176262354161,"ISSUED_COMMON_SHARES":2952434675,"HK_COMMON_SHARES":533643000,"PER_SHARES":1000,"TOTAL_MARKET_CAP":6465831938.25,"HKSK_MARKET_CAP":1168678170,"PE_TTM":51.435144698667,"PB_TTM":0.693115476745,"REPORT_DATE_SQ":"2023-06-30 00:00:00","REPORT_TYPE_SQ":"2023年中报","OPERATE_INCOME_SQ":3556583000,"DPS_HKD":0.0384279,"OPERATE_INCOME_QOQ_SQ":4.026621340996,"NET_PROFIT_RATIO_SQ":15.9645648646,"HOLDER_PROFIT_SQ":477521000,"HOLDER_PROFIT_QOQ_SQ":17.115000222412,"ROE_AVG_SQ":5.709956416713,"PE_TTM_SQ":41.01541395035,"PB_TTM_SQ":0.400694756433,"ROA_SQ":2.040311840793,"START_DATE":"2024-01-01 00:00:00","FISCAL_YEAR":"12-31","CURRENCY":"HKD","IS_CNY_CODE":0,"DPS_HKD_LY":0.0384279,"ORG_TYPE":"一般企业","PREMIUM_INCOME":null,"PREMIUM_INCOME_YOY":null,"NET_INTEREST_INCOME":null,"NET_INTEREST_INCOME_YOY":null,"FEE_COMMISSION_INCOME":null,"FEE_COMMISSION_INCOME_YOY":null,"ACCOUNTS_RECE_TDAYS":7.404470808183,"INVENTORY_TDAYS":76.801880354841,"CURRENT_ASSETS_TDAYS":0.443408013526,"TOTAL_ASSETS_TDAYS":0.162369176353,"PREMIUM_EXPENSE":null,"LOAN_DEPOSIT":null,"LOAN_EQUITY":null,"LOAN_ASSETS":null,"DEPOSIT_EQUITY":null,"DEPOSIT_ASSETS":null,"EQUITY_MULTIPLIER":2.304383102962,"EQUITY_RATIO":1.541450654064},{"SECUCODE":"01635.HK","SECURITY_CODE":"01635","SECURITY_NAME_ABBR":"大众公用","ORG_CODE":"10003945","STD_REPORT_DATE":"2024-03-31 00:00:00","REPORT_DATE":"2024-03-31 00:00:00","DATE_TYPE_CODE":"003","REPORT_TYPE":"2024年一季报","PER_NETCASH_OPERATE":0.044150934415,"PER_OI":0.733868497605,"BPS":2.823408026757,"BASIC_EPS":0.009376,"DILUTED_EPS":0.009376,"OPERATE_INCOME":2166698799.22,"OPERATE_INCOME_YOY":0.9500185777,"GROSS_PROFIT":303105937.42,"GROSS_PROFIT_YOY":3.183922455117,"HOLDER_PROFIT":27680914.58,"HOLDER_PROFIT_YOY":-89.3425444252,"GROSS_PROFIT_RATIO":13.989297336996,"EPS_TTM":-0.00660741098,"OPERATE_INCOME_QOQ":0.321828492963,"NET_PROFIT_RATIO":3.8818572983,"ROE_AVG":0.332405956898,"GROSS_PROFIT_QOQ":1.00499008535,"ROA":0.121657547322,"HOLDER_PROFIT_QOQ":-109.178310980315,"ROE_YEARLY":1.329623827593,"ROIC_YEARLY":0.607371328086,"TOTAL_ASSETS":22984597138.31,"TOTAL_LIABILITIES":13168513392.53,"TAX_EBT":39.220186168505,"OCF_SALES":6.016191532802,"TOTAL_PARENT_EQUITY":8335927759.87,"DEBT_ASSET_RATIO":57.2927744319,"OPERATE_PROFIT":146904923.49,"PRETAX_PROFIT":138381726.05,"NETCASH_OPERATE":130352749.7,"NETCASH_INVEST":-264217181.63,"NETCASH_FINANCE":-120359938.1,"END_CASH":2937397879.15,"DIVI_RATIO":-5.270465488254,"DIVIDEND_RATE":2.066016129032,"CURRENT_RATIO":0.70436363514,"COMMON_ACS":null,"CURRENTDEBT_DEBT":62.121777301381,"ISSUED_COMMON_SHARES":2952434675,"HK_COMMON_SHARES":533643000,"PER_SHARES":1000,"TOTAL_MARKET_CAP":5491528495.5,"HKSK_MARKET_CAP":992575980,"PE_TTM":43.684643442703,"PB_TTM":0.588673418605,"REPORT_DATE_SQ":"2023-03-31 00:00:00","REPORT_TYPE_SQ":"2023年一季报","OPERATE_INCOME_SQ":2146308470.02,"DPS_HKD":0.0384279,"OPERATE_INCOME_QOQ_SQ":2.808168321141,"NET_PROFIT_RATIO_SQ":14.134711891,"HOLDER_PROFIT_SQ":259732863.87,"HOLDER_PROFIT_QOQ_SQ":175.910503257755,"ROE_AVG_SQ":3.116972410606,"PE_TTM_SQ":40.023105548326,"PB_TTM_SQ":0.391000528455,"ROA_SQ":1.075609665158,"START_DATE":"2024-01-01 00:00:00","FISCAL_YEAR":"12-31","CURRENCY":"HKD","IS_CNY_CODE":0,"DPS_HKD_LY":0.0384279,"ORG_TYPE":"一般企业","PREMIUM_INCOME":null,"PREMIUM_INCOME_YOY":null,"NET_INTEREST_INCOME":null,"NET_INTEREST_INCOME_YOY":null,"FEE_COMMISSION_INCOME":null,"FEE_COMMISSION_INCOME_YOY":null,"ACCOUNTS_RECE_TDAYS":4.080063521671,"INVENTORY_TDAYS":8.87513525039,"CURRENT_ASSETS_TDAYS":0.312070616846,"TOTAL_ASSETS_TDAYS":0.095226355667,"PREMIUM_EXPENSE":null,"LOAN_DEPOSIT":null,"LOAN_EQUITY":null,"LOAN_ASSETS":null,"DEPOSIT_EQUITY":null,"DEPOSIT_ASSETS":null,"EQUITY_MULTIPLIER":2.341524148895,"EQUITY_RATIO":1.579729787958},{"SECUCODE":"01635.HK","SECURITY_CODE":"01635","SECURITY_NAME_ABBR":"大众公用","ORG_CODE":"10003945","STD_REPORT_DATE":"2023-12-31 00:00:00","REPORT_DATE":"2023-12-31 00:00:00","DATE_TYPE_CODE":"001","REPORT_TYPE":"2023年年报","PER_NETCASH_OPERATE":0.233648861342,"PER_OI":2.145949257963,"BPS":2.798636349168,"BASIC_EPS":0.07,"DILUTED_EPS":0.07,"OPERATE_INCOME":6335775000,"OPERATE_INCOME_YOY":9.0003115634,"GROSS_PROFIT":930643000,"GROSS_PROFIT_YOY":17.549064930669,"HOLDER_PROFIT":212544000,"HOLDER_PROFIT_YOY":163.9055175877,"GROSS_PROFIT_RATIO":14.688700277393,"EPS_TTM":0.071989399732,"OPERATE_INCOME_QOQ":0.738172254878,"NET_PROFIT_RATIO":4.7923892499,"ROE_AVG":2.585163818021,"GROSS_PROFIT_QOQ":5.607147437941,"ROA":0.928796587805,"HOLDER_PROFIT_QOQ":139.308750971132,"ROE_YEARLY":2.585163818021,"ROIC_YEARLY":1.153072326015,"TOTAL_ASSETS":22834714333.12,"TOTAL_LIABILITIES":13098038908.21,"TAX_EBT":24.633886020651,"OCF_SALES":10.887902427091,"TOTAL_PARENT_EQUITY":8318957031.18,"DEBT_ASSET_RATIO":57.016945489,"OPERATE_PROFIT":322082000,"PRETAX_PROFIT":402880000,"NETCASH_OPERATE":689833000,"NETCASH_INVEST":397216000,"NETCASH_FINANCE":-866522000,"END_CASH":3190003000,"DIVI_RATIO":0.483739712622,"DIVIDEND_RATE":1.754698630137,"CURRENT_RATIO":0.960037962405,"COMMON_ACS":null,"CURRENTDEBT_DEBT":64.99467578054,"ISSUED_COMMON_SHARES":2952434675,"HK_COMMON_SHARES":533643000,"PER_SHARES":1000,"TOTAL_MARKET_CAP":6465831938.25,"HKSK_MARKET_CAP":1168678170,"PE_TTM":51.435144698667,"PB_TTM":0.693115476745,"REPORT_DATE_SQ":"2022-12-31 00:00:00","REPORT_TYPE_SQ":"2022年年报","OPERATE_INCOME_SQ":5812621000,"DPS_HKD":0.0384279,"OPERATE_INCOME_QOQ_SQ":-0.334073717388,"NET_PROFIT_RATIO_SQ":-4.3709885781,"HOLDER_PROFIT_SQ":-332591000,"HOLDER_PROFIT_QOQ_SQ":-400.483632331833,"ROE_AVG_SQ":-3.949978569064,"PE_TTM_SQ":41.01541395035,"PB_TTM_SQ":0.400694756433,"ROA_SQ":-1.417692768755,"START_DATE":"2023-01-01 00:00:00","FISCAL_YEAR":"12-31","CURRENCY":"HKD","IS_CNY_CODE":0,"DPS_HKD_LY":0.03272,"ORG_TYPE":"一般企业","PREMIUM_INCOME":null,"PREMIUM_INCOME_YOY":null,"NET_INTEREST_INCOME":null,"NET_INTEREST_INCOME_YOY":null,"FEE_COMMISSION_INCOME":null,"FEE_COMMISSION_INCOME_YOY":null,"ACCOUNTS_RECE_TDAYS":13.519949157284,"INVENTORY_TDAYS":115.352547617777,"CURRENT_ASSETS_TDAYS":0.764128143872,"TOTAL_ASSETS_TDAYS":0.276867199314,"PREMIUM_EXPENSE":null,"LOAN_DEPOSIT":null,"LOAN_EQUITY":null,"LOAN_ASSETS":null,"DEPOSIT_EQUITY":null,"DEPOSIT_ASSETS":null,"EQUITY_MULTIPLIER":2.32649822442,"EQUITY_RATIO":1.574480894554},{"SECUCODE":"01635.HK","SECURITY_CODE":"01635","SECURITY_NAME_ABBR":"大众公用","ORG_CODE":"10003945","STD_REPORT_DATE":"2023-09-30 00:00:00","REPORT_DATE":"2023-09-30 00:00:00","DATE_TYPE_CODE":"004","REPORT_TYPE":"2023年三季报","PER_NETCASH_OPERATE":0.205266705781,"PER_OI":1.634455514685,"BPS":2.839720714413,"BASIC_EPS":0.09,"DILUTED_EPS":0.09,"OPERATE_INCOME":4825623136.3,"OPERATE_INCOME_YOY":10.9620428282,"GROSS_PROFIT":778332373.96,"GROSS_PROFIT_YOY":12.997114642352,"HOLDER_PROFIT":273197827.78,"HOLDER_PROFIT_YOY":284.3328440576,"GROSS_PROFIT_RATIO":16.129157871967,"EPS_TTM":0.030082226178,"OPERATE_INCOME_QOQ":1.17228468019,"NET_PROFIT_RATIO":7.6231074754,"ROE_AVG":3.29856108009,"GROSS_PROFIT_QOQ":2.637962872504,"ROA":1.182583828335,"HOLDER_PROFIT_QOQ":-69.962389435272,"ROE_YEARLY":4.39808144012,"ROIC_YEARLY":1.452271236083,"TOTAL_ASSETS":22957622361.29,"TOTAL_LIABILITIES":13129653088.43,"TAX_EBT":14.452516872859,"OCF_SALES":12.558720866766,"TOTAL_PARENT_EQUITY":8384089904.55,"DEBT_ASSET_RATIO":57.1908226462,"OPERATE_PROFIT":492179953.21,"PRETAX_PROFIT":430009656.15,"NETCASH_OPERATE":606036539.77,"NETCASH_INVEST":319522967.77,"NETCASH_FINANCE":-1100023146.23,"END_CASH":2807491526.9,"DIVI_RATIO":1.157631464227,"DIVIDEND_RATE":1.754698630137,"CURRENT_RATIO":0.657846073535,"COMMON_ACS":null,"CURRENTDEBT_DEBT":61.078412306238,"ISSUED_COMMON_SHARES":2952434675,"HK_COMMON_SHARES":533643000,"PER_SHARES":1000,"TOTAL_MARKET_CAP":6465831938.25,"HKSK_MARKET_CAP":1168678170,"PE_TTM":51.435144698667,"PB_TTM":0.693115476745,"REPORT_DATE_SQ":"2022-09-30 00:00:00","REPORT_TYPE_SQ":"2022年三季报","OPERATE_INCOME_SQ":4348895363.95,"DPS_HKD":0.0384279,"OPERATE_INCOME_QOQ_SQ":3.855042335486,"NET_PROFIT_RATIO_SQ":-1.4339775785,"HOLDER_PROFIT_SQ":-148208979.89,"HOLDER_PROFIT_QOQ_SQ":-3.435057621368,"ROE_AVG_SQ":-1.734888830229,"PE_TTM_SQ":41.01541395035,"PB_TTM_SQ":0.400694756433,"ROA_SQ":-0.621217509886,"START_DATE":"2023-01-01 00:00:00","FISCAL_YEAR":"12-31","CURRENCY":"HKD","IS_CNY_CODE":0,"DPS_HKD_LY":0.03272,"ORG_TYPE":"一般企业","PREMIUM_INCOME":null,"PREMIUM_INCOME_YOY":null,"NET_INTEREST_INCOME":null,"NET_INTEREST_INCOME_YOY":null,"FEE_COMMISSION_INCOME":null,"FEE_COMMISSION_INCOME_YOY":null,"ACCOUNTS_RECE_TDAYS":10.790078652764,"INVENTORY_TDAYS":24.274905212981,"CURRENT_ASSETS_TDAYS":0.702693688055,"TOTAL_ASSETS_TDAYS":0.208885404727,"PREMIUM_EXPENSE":null,"LOAN_DEPOSIT":null,"LOAN_EQUITY":null,"LOAN_ASSETS":null,"DEPOSIT_EQUITY":null,"DEPOSIT_ASSETS":null,"EQUITY_MULTIPLIER":2.335947714518,"EQUITY_RATIO":1.566020073485},{"SECUCODE":"01635.HK","SECURITY_CODE":"01635","SECURITY_NAME_ABBR":"大众公用","ORG_CODE":"10003945","STD_REPORT_DATE":"2023-06-30 00:00:00","REPORT_DATE":"2023-06-30 00:00:00","DATE_TYPE_CODE":"002","REPORT_TYPE":"2023年中报","PER_NETCASH_OPERATE":0.114014038261,"PER_OI":1.204627160802,"BPS":2.894333301379,"BASIC_EPS":0.16,"DILUTED_EPS":0.16,"OPERATE_INCOME":3556583000,"OPERATE_INCOME_YOY":12.8096284807,"GROSS_PROFIT":603871000,"GROSS_PROFIT_YOY":12.453747241594,"HOLDER_PROFIT":477521000,"HOLDER_PROFIT_YOY":416.7593133093,"GROSS_PROFIT_RATIO":16.978965484568,"EPS_TTM":0.100148532499,"OPERATE_INCOME_QOQ":4.026621340996,"NET_PROFIT_RATIO":15.9645648646,"ROE_AVG":5.709956416713,"GROSS_PROFIT_QOQ":7.063878760695,"ROA":2.040311840793,"HOLDER_PROFIT_QOQ":17.115000222412,"ROE_YEARLY":11.419912833427,"ROIC_YEARLY":5.022064165328,"TOTAL_ASSETS":23562706000,"TOTAL_LIABILITIES":13597539000,"TAX_EBT":11.564095016035,"OCF_SALES":9.464674379875,"TOTAL_PARENT_EQUITY":8545330000,"DEBT_ASSET_RATIO":57.7078838059,"OPERATE_PROFIT":263976000,"PRETAX_PROFIT":642039000,"NETCASH_OPERATE":336619000,"NETCASH_INVEST":-31177000,"NETCASH_FINANCE":-232827000,"END_CASH":3060744000,"DIVI_RATIO":0.347724830999,"DIVIDEND_RATE":1.754698630137,"CURRENT_RATIO":0.932434831338,"COMMON_ACS":null,"CURRENTDEBT_DEBT":68.190633613921,"ISSUED_COMMON_SHARES":2952434675,"HK_COMMON_SHARES":533643000,"PER_SHARES":1000,"TOTAL_MARKET_CAP":6465831938.25,"HKSK_MARKET_CAP":1168678170,"PE_TTM":51.435144698667,"PB_TTM":0.693115476745,"REPORT_DATE_SQ":"2022-06-30 00:00:00","REPORT_TYPE_SQ":"2022年中报","OPERATE_INCOME_SQ":3152730000,"DPS_HKD":0.0384279,"OPERATE_INCOME_QOQ_SQ":-2.370938850683,"NET_PROFIT_RATIO_SQ":-1.9812670289,"HOLDER_PROFIT_SQ":-150752000,"HOLDER_PROFIT_QOQ_SQ":-47.358950488339,"ROE_AVG_SQ":-1.772223148325,"PE_TTM_SQ":41.01541395035,"PB_TTM_SQ":0.400694756433,"ROA_SQ":-0.634627716744,"START_DATE":"2023-01-01 00:00:00","FISCAL_YEAR":"12-31","CURRENCY":"HKD","IS_CNY_CODE":0,"DPS_HKD_LY":0.03272,"ORG_TYPE":"一般企业","PREMIUM_INCOME":null,"PREMIUM_INCOME_YOY":null,"NET_INTEREST_INCOME":null,"NET_INTEREST_INCOME_YOY":null,"FEE_COMMISSION_INCOME":null,"FEE_COMMISSION_INCOME_YOY":null,"ACCOUNTS_RECE_TDAYS":7.445947742453,"INVENTORY_TDAYS":59.437612601278,"CURRENT_ASSETS_TDAYS":0.415855724056,"TOTAL_ASSETS_TDAYS":0.15196270756,"PREMIUM_EXPENSE":null,"LOAN_DEPOSIT":null,"LOAN_EQUITY":null,"LOAN_ASSETS":null,"DEPOSIT_EQUITY":null,"DEPOSIT_ASSETS":null,"EQUITY_MULTIPLIER":2.36450688684,"EQUITY_RATIO":1.591224563592},{"SECUCODE":"01635.HK","SECURITY_CODE":"01635","SECURITY_NAME_ABBR":"大众公用","ORG_CODE":"10003945","STD_REPORT_DATE":"2023-03-31 00:00:00","REPORT_DATE":"2023-03-31 00:00:00","DATE_TYPE_CODE":"003","REPORT_TYPE":"2023年一季报","PER_NETCASH_OPERATE":0.15008585205,"PER_OI":0.726962221449,"BPS":2.873945941656,"BASIC_EPS":0.087972,"DILUTED_EPS":0.087972,"OPERATE_INCOME":2146308470.02,"OPERATE_INCOME_YOY":8.2310425099,"GROSS_PROFIT":293753067.54,"GROSS_PROFIT_YOY":3.607562161521,"HOLDER_PROFIT":259732863.87,"HOLDER_PROFIT_YOY":179.8368281017,"GROSS_PROFIT_RATIO":13.686432851717,"EPS_TTM":0.085512984937,"OPERATE_INCOME_QOQ":2.808168321141,"NET_PROFIT_RATIO":14.134711891,"ROE_AVG":3.116972410606,"GROSS_PROFIT_QOQ":1.291935530361,"ROA":1.075609665158,"HOLDER_PROFIT_QOQ":175.910503257755,"ROE_YEARLY":12.467889642424,"ROIC_YEARLY":5.435395644272,"TOTAL_ASSETS":25049080714.35,"TOTAL_LIABILITIES":15178675246.46,"TAX_EBT":12.057134307727,"OCF_SALES":20.64561921129,"TOTAL_PARENT_EQUITY":8485137652.22,"DEBT_ASSET_RATIO":60.5957377021,"OPERATE_PROFIT":400462289.89,"PRETAX_PROFIT":344967742.57,"NETCASH_OPERATE":443118673.82,"NETCASH_INVEST":169522078.91,"NETCASH_FINANCE":802389664.03,"END_CASH":4357589576.7,"DIVI_RATIO":0.407237936598,"DIVIDEND_RATE":1.754698630137,"CURRENT_RATIO":0.719819961816,"COMMON_ACS":null,"CURRENTDEBT_DEBT":63.232726974302,"ISSUED_COMMON_SHARES":2952434675,"HK_COMMON_SHARES":533643000,"PER_SHARES":1000,"TOTAL_MARKET_CAP":6465831938.25,"HKSK_MARKET_CAP":1168678170,"PE_TTM":51.435144698667,"PB_TTM":0.693115476745,"REPORT_DATE_SQ":"2022-03-31 00:00:00","REPORT_TYPE_SQ":"2022年一季报","OPERATE_INCOME_SQ":1983080288.47,"DPS_HKD":0.0384279,"OPERATE_INCOME_QOQ_SQ":2.943434503182,"NET_PROFIT_RATIO_SQ":-13.4814210138,"HOLDER_PROFIT_SQ":-325329638.02,"HOLDER_PROFIT_QOQ_SQ":-114.372216287135,"ROE_AVG_SQ":-3.819048227958,"PE_TTM_SQ":41.01541395035,"PB_TTM_SQ":0.400694756433,"ROA_SQ":-1.366065142596,"START_DATE":"2023-01-01 00:00:00","FISCAL_YEAR":"12-31","CURRENCY":"HKD","IS_CNY_CODE":0,"DPS_HKD_LY":0.03272,"ORG_TYPE":"一般企业","PREMIUM_INCOME":null,"PREMIUM_INCOME_YOY":null,"NET_INTEREST_INCOME":null,"NET_INTEREST_INCOME_YOY":null,"FEE_COMMISSION_INCOME":null,"FEE_COMMISSION_INCOME_YOY":null,"ACCOUNTS_RECE_TDAYS":3.885035742176,"INVENTORY_TDAYS":10.192892698646,"CURRENT_ASSETS_TDAYS":0.279324040345,"TOTAL_ASSETS_TDAYS":0.088883251059,"PREMIUM_EXPENSE":null,"LOAN_DEPOSIT":null,"LOAN_EQUITY":null,"LOAN_ASSETS":null,"DEPOSIT_EQUITY":null,"DEPOSIT_ASSETS":null,"EQUITY_MULTIPLIER":2.537796526782,"EQUITY_RATIO":1.788854331961},{"SECUCODE":"01635.HK","SECURITY_CODE":"01635","SECURITY_NAME_ABBR":"大众公用","ORG_CODE":"10003945","STD_REPORT_DATE":"2022-12-31 00:00:00","REPORT_DATE":"2022-12-31 00:00:00","DATE_TYPE_CODE":"001","REPORT_TYPE":"2022年年报","PER_NETCASH_OPERATE":0.141384669248,"PER_OI":1.968755159672,"BPS":2.770790178448,"BASIC_EPS":-0.11,"DILUTED_EPS":-0.11,"OPERATE_INCOME":5812621000,"OPERATE_INCOME_YOY":4.0284340257,"GROSS_PROFIT":791706000,"GROSS_PROFIT_YOY":-18.906926506694,"HOLDER_PROFIT":-332591000,"HOLDER_PROFIT_YOY":-209.6371919461,"GROSS_PROFIT_RATIO":13.620464847097,"EPS_TTM":-0.112649740506,"OPERATE_INCOME_QOQ":-0.334073717388,"NET_PROFIT_RATIO":-4.3709885781,"ROE_AVG":-3.949978569064,"GROSS_PROFIT_QOQ":-19.098086213935,"ROA":-1.417692768755,"HOLDER_PROFIT_QOQ":-400.483632331833,"ROE_YEARLY":-3.949978569064,"ROIC_YEARLY":-1.692280141814,"TOTAL_ASSETS":23245923000,"TOTAL_LIABILITIES":13725523000,"TAX_EBT":15.164982670309,"OCF_SALES":7.181424696363,"TOTAL_PARENT_EQUITY":8180577000,"DEBT_ASSET_RATIO":59.044861329,"OPERATE_PROFIT":-48575000,"PRETAX_PROFIT":-299486000,"NETCASH_OPERATE":417429000,"NETCASH_INVEST":311025000,"NETCASH_FINANCE":136414000,"END_CASH":2954382000,"DIVI_RATIO":-0.309136367128,"DIVIDEND_RATE":1.754698630137,"CURRENT_RATIO":0.90733048964,"COMMON_ACS":null,"CURRENTDEBT_DEBT":67.92519308736,"ISSUED_COMMON_SHARES":2952434675,"HK_COMMON_SHARES":533643000,"PER_SHARES":1000,"TOTAL_MARKET_CAP":6465831938.25,"HKSK_MARKET_CAP":1168678170,"PE_TTM":51.435144698667,"PB_TTM":0.693115476745,"REPORT_DATE_SQ":"2021-12-31 00:00:00","REPORT_TYPE_SQ":"2021年年报","OPERATE_INCOME_SQ":5587531000,"DPS_HKD":0.0384279,"OPERATE_INCOME_QOQ_SQ":2.574312983971,"NET_PROFIT_RATIO_SQ":7.0187530056,"HOLDER_PROFIT_SQ":303356000,"HOLDER_PROFIT_QOQ_SQ":-43.079329656743,"ROE_AVG_SQ":3.517815641463,"PE_TTM_SQ":41.01541395035,"PB_TTM_SQ":0.400694756433,"ROA_SQ":1.292600319524,"START_DATE":"2022-01-01 00:00:00","FISCAL_YEAR":"12-31","CURRENCY":"HKD","IS_CNY_CODE":0,"DPS_HKD_LY":0.05873,"ORG_TYPE":"一般企业","PREMIUM_INCOME":null,"PREMIUM_INCOME_YOY":null,"NET_INTEREST_INCOME":null,"NET_INTEREST_INCOME_YOY":null,"FEE_COMMISSION_INCOME":null,"FEE_COMMISSION_INCOME_YOY":null,"ACCOUNTS_RECE_TDAYS":6.46417420712,"INVENTORY_TDAYS":105.824893825547,"CURRENT_ASSETS_TDAYS":0.664797723277,"TOTAL_ASSETS_TDAYS":0.247767100108,"PREMIUM_EXPENSE":null,"LOAN_DEPOSIT":null,"LOAN_EQUITY":null,"LOAN_ASSETS":null,"DEPOSIT_EQUITY":null,"DEPOSIT_ASSETS":null,"EQUITY_MULTIPLIER":2.441696042182,"EQUITY_RATIO":1.677818447281},{"SECUCODE":"01635.HK","SECURITY_CODE":"01635","SECURITY_NAME_ABBR":"大众公用","ORG_CODE":"10003945","STD_REPORT_DATE":"2022-09-30 00:00:00","REPORT_DATE":"2022-09-30 00:00:00","DATE_TYPE_CODE":"004","REPORT_TYPE":"2022年三季报","PER_NETCASH_OPERATE":0.293759537958,"PER_OI":1.472986142852,"BPS":2.853962686172,"BASIC_EPS":-0.05,"DILUTED_EPS":-0.05,"OPERATE_INCOME":4348895363.95,"OPERATE_INCOME_YOY":5.958926668,"GROSS_PROFIT":688807299.57,"GROSS_PROFIT_YOY":0.336029112952,"HOLDER_PROFIT":-148208979.89,"HOLDER_PROFIT_YOY":-166.8810244367,"GROSS_PROFIT_RATIO":15.838672626613,"EPS_TTM":-0.022508176737,"OPERATE_INCOME_QOQ":3.855042335486,"NET_PROFIT_RATIO":-1.4339775785,"ROE_AVG":-1.734888830229,"GROSS_PROFIT_QOQ":3.418195031995,"ROA":-0.621217509886,"HOLDER_PROFIT_QOQ":-3.435057621368,"ROE_YEARLY":-2.313185106972,"ROIC_YEARLY":-0.738940997247,"TOTAL_ASSETS":24041531911.21,"TOTAL_LIABILITIES":14263541787.34,"TAX_EBT":-1297.28990439856,"OCF_SALES":19.943129769677,"TOTAL_PARENT_EQUITY":8426138395.81,"DEBT_ASSET_RATIO":59.3287559213,"OPERATE_PROFIT":25587992.6,"PRETAX_PROFIT":-4463081.3,"NETCASH_OPERATE":867305845.98,"NETCASH_INVEST":2739119.42,"NETCASH_FINANCE":-79536445.33,"END_CASH":2902657928.9,"DIVI_RATIO":-1.547176919062,"DIVIDEND_RATE":1.754698630137,"CURRENT_RATIO":0.540917287101,"COMMON_ACS":null,"CURRENTDEBT_DEBT":69.415336697706,"ISSUED_COMMON_SHARES":2952434675,"HK_COMMON_SHARES":533643000,"PER_SHARES":1000,"TOTAL_MARKET_CAP":6465831938.25,"HKSK_MARKET_CAP":1168678170,"PE_TTM":51.435144698667,"PB_TTM":0.693115476745,"REPORT_DATE_SQ":"2021-09-30 00:00:00","REPORT_TYPE_SQ":"2021年三季报","OPERATE_INCOME_SQ":4104321835.55,"DPS_HKD":0.0384279,"OPERATE_INCOME_QOQ_SQ":-0.132286025745,"NET_PROFIT_RATIO_SQ":7.8018091458,"HOLDER_PROFIT_SQ":221600941.58,"HOLDER_PROFIT_QOQ_SQ":11.139312623428,"ROE_AVG_SQ":2.580726271204,"PE_TTM_SQ":41.01541395035,"PB_TTM_SQ":0.400694756433,"ROA_SQ":0.943421953853,"START_DATE":"2022-01-01 00:00:00","FISCAL_YEAR":"12-31","CURRENCY":"HKD","IS_CNY_CODE":0,"DPS_HKD_LY":0.05873,"ORG_TYPE":"一般企业","PREMIUM_INCOME":null,"PREMIUM_INCOME_YOY":null,"NET_INTEREST_INCOME":null,"NET_INTEREST_INCOME_YOY":null,"FEE_COMMISSION_INCOME":null,"FEE_COMMISSION_INCOME_YOY":null,"ACCOUNTS_RECE_TDAYS":5.328899590372,"INVENTORY_TDAYS":17.969175501937,"CURRENT_ASSETS_TDAYS":0.604708982049,"TOTAL_ASSETS_TDAYS":0.182283823204,"PREMIUM_EXPENSE":null,"LOAN_DEPOSIT":null,"LOAN_EQUITY":null,"LOAN_ASSETS":null,"DEPOSIT_EQUITY":null,"DEPOSIT_ASSETS":null,"EQUITY_MULTIPLIER":2.4587396394,"EQUITY_RATIO":1.692773263068}],"count":40},"success":true,"message":"ok","code":0}