{"version":"167a77b3ac757aae5acf424aa40f35cb","result":{"pages":2,"data":[{"SECUCODE":"01645.HK","SECURITY_CODE":"01645","SECURITY_NAME_ABBR":"海纳智能","ORG_CODE":"10000015427","STD_REPORT_DATE":"2024-06-30 00:00:00","REPORT_DATE":"2024-06-30 00:00:00","DATE_TYPE_CODE":"002","REPORT_TYPE":"2024年中报","PER_NETCASH_OPERATE":-0.025802516419,"PER_OI":0.323402059662,"BPS":0.516695745918,"BASIC_EPS":-0.0206,"DILUTED_EPS":-0.0206,"OPERATE_INCOME":182391000,"OPERATE_INCOME_YOY":65.0074636993,"GROSS_PROFIT":30533000,"GROSS_PROFIT_YOY":138.83760951189,"HOLDER_PROFIT":-11627000,"HOLDER_PROFIT_YOY":24.3181670247,"GROSS_PROFIT_RATIO":16.740409340373,"EPS_TTM":-0.056846390627,"OPERATE_INCOME_QOQ":20.489307100086,"NET_PROFIT_RATIO":-7.4318360007,"ROE_AVG":-3.91181180777,"GROSS_PROFIT_QOQ":38.267825187038,"ROA":-1.580710089178,"HOLDER_PROFIT_QOQ":10.436920326293,"ROE_YEARLY":-7.823623615541,"ROIC_YEARLY":-3.461086222037,"TOTAL_ASSETS":793554000,"TOTAL_LIABILITIES":502093000,"TAX_EBT":-0.870665277571,"OCF_SALES":-7.978463849642,"TOTAL_PARENT_EQUITY":291404000,"DEBT_ASSET_RATIO":63.2714345842,"OPERATE_PROFIT":-12713000,"PRETAX_PROFIT":-13438000,"NETCASH_OPERATE":-14552000,"NETCASH_INVEST":-100302000,"NETCASH_FINANCE":127969000,"END_CASH":69018000,"DIVI_RATIO":null,"DIVIDEND_RATE":null,"CURRENT_RATIO":0.894793882058,"COMMON_ACS":2000000000,"CURRENTDEBT_DEBT":97.767545056394,"ISSUED_COMMON_SHARES":563976000,"HK_COMMON_SHARES":563976000,"PER_SHARES":4000,"TOTAL_MARKET_CAP":659851920,"HKSK_MARKET_CAP":659851920,"PE_TTM":-18.547307666715,"PB_TTM":2.066662263887,"REPORT_DATE_SQ":"2023-06-30 00:00:00","REPORT_TYPE_SQ":"2023年中报","OPERATE_INCOME_SQ":110535000,"DPS_HKD":null,"OPERATE_INCOME_QOQ_SQ":-22.440971602521,"NET_PROFIT_RATIO_SQ":-14.3113041118,"HOLDER_PROFIT_SQ":-15363000,"HOLDER_PROFIT_QOQ_SQ":-350.428979980934,"ROE_AVG_SQ":-4.642743277119,"PE_TTM_SQ":-45.141917213375,"PB_TTM_SQ":1.946650918921,"ROA_SQ":-2.629205522307,"START_DATE":"2024-01-01 00:00:00","FISCAL_YEAR":"12-31","CURRENCY":"HKD","IS_CNY_CODE":0,"DPS_HKD_LY":null,"ORG_TYPE":"一般企业","PREMIUM_INCOME":null,"PREMIUM_INCOME_YOY":null,"NET_INTEREST_INCOME":null,"NET_INTEREST_INCOME_YOY":null,"FEE_COMMISSION_INCOME":null,"FEE_COMMISSION_INCOME_YOY":null,"ACCOUNTS_RECE_TDAYS":1.537238144604,"INVENTORY_TDAYS":0.629972412935,"CURRENT_ASSETS_TDAYS":0.403624836102,"TOTAL_ASSETS_TDAYS":0.247963613895,"PREMIUM_EXPENSE":null,"LOAN_DEPOSIT":null,"LOAN_EQUITY":null,"LOAN_ASSETS":null,"DEPOSIT_EQUITY":null,"DEPOSIT_ASSETS":null,"EQUITY_MULTIPLIER":2.722676447281,"EQUITY_RATIO":1.723013410935},{"SECUCODE":"01645.HK","SECURITY_CODE":"01645","SECURITY_NAME_ABBR":"海纳智能","ORG_CODE":"10000015427","STD_REPORT_DATE":"2023-12-31 00:00:00","REPORT_DATE":"2023-12-31 00:00:00","DATE_TYPE_CODE":"001","REPORT_TYPE":"2023年年报","PER_NETCASH_OPERATE":0.034382668766,"PER_OI":0.621834971701,"BPS":0.537349107054,"BASIC_EPS":-0.0635,"DILUTED_EPS":-0.0635,"OPERATE_INCOME":350700000,"OPERATE_INCOME_YOY":-11.8438880189,"GROSS_PROFIT":46381000,"GROSS_PROFIT_YOY":-27.774576825451,"HOLDER_PROFIT":-35796000,"HOLDER_PROFIT_YOY":-1037.4642516683,"GROSS_PROFIT_RATIO":13.225263758198,"EPS_TTM":-0.063470785991,"OPERATE_INCOME_QOQ":13.66324953086,"NET_PROFIT_RATIO":-10.7020245224,"ROE_AVG":-11.157432444016,"GROSS_PROFIT_QOQ":3.39285316213,"ROA":-5.82418118807,"HOLDER_PROFIT_QOQ":-152.529100529101,"ROE_YEARLY":-11.157432444016,"ROIC_YEARLY":-6.597386368977,"TOTAL_ASSETS":677557000,"TOTAL_LIABILITIES":372520000,"TAX_EBT":-2.189065563058,"OCF_SALES":5.529227259766,"TOTAL_PARENT_EQUITY":303052000,"DEBT_ASSET_RATIO":54.9798762318,"OPERATE_PROFIT":-35195000,"PRETAX_PROFIT":-36728000,"NETCASH_OPERATE":19391000,"NETCASH_INVEST":-89425000,"NETCASH_FINANCE":42695000,"END_CASH":56311000,"DIVI_RATIO":null,"DIVIDEND_RATE":null,"CURRENT_RATIO":1.287871646724,"COMMON_ACS":2000000000,"CURRENTDEBT_DEBT":96.824868463438,"ISSUED_COMMON_SHARES":563976000,"HK_COMMON_SHARES":563976000,"PER_SHARES":4000,"TOTAL_MARKET_CAP":631653120,"HKSK_MARKET_CAP":631653120,"PE_TTM":-17.754687680958,"PB_TTM":1.97834336372,"REPORT_DATE_SQ":"2022-12-31 00:00:00","REPORT_TYPE_SQ":"2022年年报","OPERATE_INCOME_SQ":397817000,"DPS_HKD":null,"OPERATE_INCOME_QOQ_SQ":1.597188702712,"NET_PROFIT_RATIO_SQ":-0.8096687673,"HOLDER_PROFIT_SQ":-3147000,"HOLDER_PROFIT_QOQ_SQ":-173.033186354143,"ROE_AVG_SQ":-0.927387093495,"PE_TTM_SQ":-44.768843517397,"PB_TTM_SQ":1.930562894798,"ROA_SQ":-0.533580201072,"START_DATE":"2023-01-01 00:00:00","FISCAL_YEAR":"12-31","CURRENCY":"HKD","IS_CNY_CODE":0,"DPS_HKD_LY":null,"ORG_TYPE":"一般企业","PREMIUM_INCOME":null,"PREMIUM_INCOME_YOY":null,"NET_INTEREST_INCOME":null,"NET_INTEREST_INCOME_YOY":null,"FEE_COMMISSION_INCOME":null,"FEE_COMMISSION_INCOME_YOY":null,"ACCOUNTS_RECE_TDAYS":3.016216355685,"INVENTORY_TDAYS":1.365298985399,"CURRENT_ASSETS_TDAYS":0.762902946868,"TOTAL_ASSETS_TDAYS":0.570605749988,"PREMIUM_EXPENSE":null,"LOAN_DEPOSIT":null,"LOAN_EQUITY":null,"LOAN_ASSETS":null,"DEPOSIT_EQUITY":null,"DEPOSIT_ASSETS":null,"EQUITY_MULTIPLIER":2.2212289001,"EQUITY_RATIO":1.229227987276},{"SECUCODE":"01645.HK","SECURITY_CODE":"01645","SECURITY_NAME_ABBR":"海纳智能","ORG_CODE":"10000015427","STD_REPORT_DATE":"2023-06-30 00:00:00","REPORT_DATE":"2023-06-30 00:00:00","DATE_TYPE_CODE":"002","REPORT_TYPE":"2023年中报","PER_NETCASH_OPERATE":0.000684426288,"PER_OI":0.195992382655,"BPS":0.57308467027,"BASIC_EPS":-0.0272,"DILUTED_EPS":-0.0272,"OPERATE_INCOME":110535000,"OPERATE_INCOME_YOY":-44.679669084,"GROSS_PROFIT":12784000,"GROSS_PROFIT_YOY":-60.226494928754,"HOLDER_PROFIT":-15363000,"HOLDER_PROFIT_YOY":-254.3944636678,"GROSS_PROFIT_RATIO":11.565567467318,"EPS_TTM":-0.025134048257,"OPERATE_INCOME_QOQ":-22.440971602521,"NET_PROFIT_RATIO":-14.3113041118,"ROE_AVG":-4.642743277119,"GROSS_PROFIT_QOQ":-30.144665742716,"ROA":-2.629205522307,"HOLDER_PROFIT_QOQ":-350.428979980934,"ROE_YEARLY":-9.285486554237,"ROIC_YEARLY":-6.135083247725,"TOTAL_ASSETS":616979000,"TOTAL_LIABILITIES":292933000,"TAX_EBT":-7.692831370413,"OCF_SALES":0.349210657258,"TOTAL_PARENT_EQUITY":323206000,"DEBT_ASSET_RATIO":47.4786013787,"OPERATE_PROFIT":-13920000,"PRETAX_PROFIT":-14689000,"NETCASH_OPERATE":386000,"NETCASH_INVEST":-22927000,"NETCASH_FINANCE":19498000,"END_CASH":80386000,"DIVI_RATIO":null,"DIVIDEND_RATE":null,"CURRENT_RATIO":1.726877514065,"COMMON_ACS":2000000000,"CURRENTDEBT_DEBT":98.78436365995,"ISSUED_COMMON_SHARES":563976000,"HK_COMMON_SHARES":563976000,"PER_SHARES":4000,"TOTAL_MARKET_CAP":626013360,"HKSK_MARKET_CAP":626013360,"PE_TTM":-17.596163683806,"PB_TTM":1.960679583687,"REPORT_DATE_SQ":"2022-06-30 00:00:00","REPORT_TYPE_SQ":"2022年中报","OPERATE_INCOME_SQ":199809000,"DPS_HKD":null,"OPERATE_INCOME_QOQ_SQ":-0.361085240545,"NET_PROFIT_RATIO_SQ":-2.2026034863,"HOLDER_PROFIT_SQ":-4335000,"HOLDER_PROFIT_QOQ_SQ":-84.028910303929,"ROE_AVG_SQ":-1.282563351529,"PE_TTM_SQ":-44.768843517397,"PB_TTM_SQ":1.930562894798,"ROA_SQ":-0.715292238543,"START_DATE":"2023-01-01 00:00:00","FISCAL_YEAR":"12-31","CURRENCY":"HKD","IS_CNY_CODE":0,"DPS_HKD_LY":null,"ORG_TYPE":"一般企业","PREMIUM_INCOME":null,"PREMIUM_INCOME_YOY":null,"NET_INTEREST_INCOME":null,"NET_INTEREST_INCOME_YOY":null,"FEE_COMMISSION_INCOME":null,"FEE_COMMISSION_INCOME_YOY":null,"ACCOUNTS_RECE_TDAYS":0.964655059563,"INVENTORY_TDAYS":0.436188797537,"CURRENT_ASSETS_TDAYS":0.231591672882,"TOTAL_ASSETS_TDAYS":0.189168282502,"PREMIUM_EXPENSE":null,"LOAN_DEPOSIT":null,"LOAN_EQUITY":null,"LOAN_ASSETS":null,"DEPOSIT_EQUITY":null,"DEPOSIT_ASSETS":null,"EQUITY_MULTIPLIER":1.903985853862,"EQUITY_RATIO":0.906335278429},{"SECUCODE":"01645.HK","SECURITY_CODE":"01645","SECURITY_NAME_ABBR":"海纳智能","ORG_CODE":"10000015427","STD_REPORT_DATE":"2022-12-31 00:00:00","REPORT_DATE":"2022-12-31 00:00:00","DATE_TYPE_CODE":"001","REPORT_TYPE":"2022年年报","PER_NETCASH_OPERATE":0.092417053208,"PER_OI":0.705379306921,"BPS":0.600381931146,"BASIC_EPS":-0.0056,"DILUTED_EPS":-0.0056,"OPERATE_INCOME":397817000,"OPERATE_INCOME_YOY":1.2303362495,"GROSS_PROFIT":64217000,"GROSS_PROFIT_YOY":-24.246499392481,"HOLDER_PROFIT":-3147000,"HOLDER_PROFIT_YOY":-111.6641957005,"GROSS_PROFIT_RATIO":16.142346857977,"EPS_TTM":-0.005580024682,"OPERATE_INCOME_QOQ":1.597188702712,"NET_PROFIT_RATIO":-0.8096687673,"ROE_AVG":-0.927387093495,"GROSS_PROFIT_QOQ":-9.650233552817,"ROA":-0.533580201072,"HOLDER_PROFIT_QOQ":-173.033186354143,"ROE_YEARLY":-0.927387093495,"ROIC_YEARLY":-0.634988534089,"TOTAL_ASSETS":551663000,"TOTAL_LIABILITIES":212891000,"TAX_EBT":40.296570898981,"OCF_SALES":13.101752815993,"TOTAL_PARENT_EQUITY":338601000,"DEBT_ASSET_RATIO":38.5907700897,"OPERATE_PROFIT":-3209000,"PRETAX_PROFIT":-5395000,"NETCASH_OPERATE":52121000,"NETCASH_INVEST":-42508000,"NETCASH_FINANCE":-25963000,"END_CASH":85596000,"DIVI_RATIO":null,"DIVIDEND_RATE":null,"CURRENT_RATIO":2.213345530809,"COMMON_ACS":2000000000,"CURRENTDEBT_DEBT":96.531558403127,"ISSUED_COMMON_SHARES":563976000,"HK_COMMON_SHARES":563976000,"PER_SHARES":4000,"TOTAL_MARKET_CAP":626013360,"HKSK_MARKET_CAP":626013360,"PE_TTM":-17.596163683806,"PB_TTM":1.960679583687,"REPORT_DATE_SQ":"2021-12-31 00:00:00","REPORT_TYPE_SQ":"2021年年报","OPERATE_INCOME_SQ":392982000,"DPS_HKD":null,"OPERATE_INCOME_QOQ_SQ":-15.960172278845,"NET_PROFIT_RATIO_SQ":6.6914006239,"HOLDER_PROFIT_SQ":26980000,"HOLDER_PROFIT_QOQ_SQ":-19.907379920442,"ROE_AVG_SQ":8.804865193859,"PE_TTM_SQ":-44.768843517397,"PB_TTM_SQ":1.930562894798,"ROA_SQ":4.552768152222,"START_DATE":"2022-01-01 00:00:00","FISCAL_YEAR":"12-31","CURRENCY":"HKD","IS_CNY_CODE":0,"DPS_HKD_LY":null,"ORG_TYPE":"一般企业","PREMIUM_INCOME":null,"PREMIUM_INCOME_YOY":null,"NET_INTEREST_INCOME":null,"NET_INTEREST_INCOME_YOY":null,"FEE_COMMISSION_INCOME":null,"FEE_COMMISSION_INCOME_YOY":null,"ACCOUNTS_RECE_TDAYS":3.574373073847,"INVENTORY_TDAYS":1.408477463727,"CURRENT_ASSETS_TDAYS":0.793213113577,"TOTAL_ASSETS_TDAYS":0.674506751985,"PREMIUM_EXPENSE":null,"LOAN_DEPOSIT":null,"LOAN_EQUITY":null,"LOAN_ASSETS":null,"DEPOSIT_EQUITY":null,"DEPOSIT_ASSETS":null,"EQUITY_MULTIPLIER":1.628419704107,"EQUITY_RATIO":0.628737068113},{"SECUCODE":"01645.HK","SECURITY_CODE":"01645","SECURITY_NAME_ABBR":"海纳智能","ORG_CODE":"10000015427","STD_REPORT_DATE":"2022-06-30 00:00:00","REPORT_DATE":"2022-06-30 00:00:00","DATE_TYPE_CODE":"002","REPORT_TYPE":"2022年中报","PER_NETCASH_OPERATE":0.019020312921,"PER_OI":0.354286352611,"BPS":0.595610451509,"BASIC_EPS":-0.0077,"DILUTED_EPS":-0.0077,"OPERATE_INCOME":199809000,"OPERATE_INCOME_YOY":-0.7051702546,"GROSS_PROFIT":32142000,"GROSS_PROFIT_YOY":-29.877609791217,"HOLDER_PROFIT":-4335000,"HOLDER_PROFIT_YOY":-123.6420157068,"GROSS_PROFIT_RATIO":16.086362476165,"EPS_TTM":0.007640396045,"OPERATE_INCOME_QOQ":-0.361085240545,"NET_PROFIT_RATIO":-2.2026034863,"ROE_AVG":-1.282563351529,"GROSS_PROFIT_QOQ":-16.155288954949,"ROA":-0.715292238543,"HOLDER_PROFIT_QOQ":-84.028910303929,"ROE_YEARLY":-2.565126703058,"ROIC_YEARLY":-1.676956642837,"TOTAL_ASSETS":584176000,"TOTAL_LIABILITIES":248087000,"TAX_EBT":-8,"OCF_SALES":5.368627038822,"TOTAL_PARENT_EQUITY":335910000,"DEBT_ASSET_RATIO":42.4678521541,"OPERATE_PROFIT":-2924000,"PRETAX_PROFIT":-4075000,"NETCASH_OPERATE":10727000,"NETCASH_INVEST":-20950000,"NETCASH_FINANCE":-15135000,"END_CASH":75284000,"DIVI_RATIO":null,"DIVIDEND_RATE":null,"CURRENT_RATIO":2.093201693725,"COMMON_ACS":2000000000,"CURRENTDEBT_DEBT":94.718788167054,"ISSUED_COMMON_SHARES":563976000,"HK_COMMON_SHARES":563976000,"PER_SHARES":4000,"TOTAL_MARKET_CAP":626013360,"HKSK_MARKET_CAP":626013360,"PE_TTM":-17.596163683806,"PB_TTM":1.960679583687,"REPORT_DATE_SQ":"2021-06-30 00:00:00","REPORT_TYPE_SQ":"2021年中报","OPERATE_INCOME_SQ":201228000,"DPS_HKD":null,"OPERATE_INCOME_QOQ_SQ":-1.401133136113,"NET_PROFIT_RATIO_SQ":8.8118949649,"HOLDER_PROFIT_SQ":18336000,"HOLDER_PROFIT_QOQ_SQ":-15.685930968888,"ROE_AVG_SQ":6.044473160673,"PE_TTM_SQ":-44.768843517397,"PB_TTM_SQ":1.930562894798,"ROA_SQ":2.992384401282,"START_DATE":"2022-01-01 00:00:00","FISCAL_YEAR":"12-31","CURRENCY":"HKD","IS_CNY_CODE":0,"DPS_HKD_LY":null,"ORG_TYPE":"一般企业","PREMIUM_INCOME":null,"PREMIUM_INCOME_YOY":null,"NET_INTEREST_INCOME":null,"NET_INTEREST_INCOME_YOY":null,"FEE_COMMISSION_INCOME":null,"FEE_COMMISSION_INCOME_YOY":null,"ACCOUNTS_RECE_TDAYS":1.836268811028,"INVENTORY_TDAYS":0.643427839008,"CURRENT_ASSETS_TDAYS":0.384224062919,"TOTAL_ASSETS_TDAYS":0.329692795596,"PREMIUM_EXPENSE":null,"LOAN_DEPOSIT":null,"LOAN_EQUITY":null,"LOAN_ASSETS":null,"DEPOSIT_EQUITY":null,"DEPOSIT_ASSETS":null,"EQUITY_MULTIPLIER":1.738158642501,"EQUITY_RATIO":0.738551993093},{"SECUCODE":"01645.HK","SECURITY_CODE":"01645","SECURITY_NAME_ABBR":"海纳智能","ORG_CODE":"10000015427","STD_REPORT_DATE":"2021-12-31 00:00:00","REPORT_DATE":"2021-12-31 00:00:00","DATE_TYPE_CODE":"001","REPORT_TYPE":"2021年年报","PER_NETCASH_OPERATE":-0.125466331901,"PER_OI":0.696806247074,"BPS":0.603004383165,"BASIC_EPS":0.0521,"DILUTED_EPS":0.0521,"OPERATE_INCOME":392982000,"OPERATE_INCOME_YOY":-17.1376821526,"GROSS_PROFIT":84771000,"GROSS_PROFIT_YOY":-39.131027946118,"HOLDER_PROFIT":26980000,"HOLDER_PROFIT_YOY":-32.4706530173,"GROSS_PROFIT_RATIO":21.571217002305,"EPS_TTM":0.047838915131,"OPERATE_INCOME_QOQ":-15.960172278845,"NET_PROFIT_RATIO":6.6914006239,"ROE_AVG":8.804865193859,"GROSS_PROFIT_QOQ":-20.241802700287,"ROA":4.552768152222,"HOLDER_PROFIT_QOQ":-19.907379920442,"ROE_YEARLY":8.804865193859,"ROIC_YEARLY":6.386184254908,"TOTAL_ASSETS":627916000,"TOTAL_LIABILITIES":287666000,"TAX_EBT":3.202532577487,"OCF_SALES":-18.005913756864,"TOTAL_PARENT_EQUITY":340080000,"DEBT_ASSET_RATIO":45.8128157269,"OPERATE_PROFIT":28780000,"PRETAX_PROFIT":27166000,"NETCASH_OPERATE":-70760000,"NETCASH_INVEST":-102914000,"NETCASH_FINANCE":44563000,"END_CASH":102443000,"DIVI_RATIO":null,"DIVIDEND_RATE":null,"CURRENT_RATIO":2.033488758564,"COMMON_ACS":2000000000,"CURRENTDEBT_DEBT":93.713890414578,"ISSUED_COMMON_SHARES":563976000,"HK_COMMON_SHARES":563976000,"PER_SHARES":4000,"TOTAL_MARKET_CAP":626013360,"HKSK_MARKET_CAP":626013360,"PE_TTM":-17.596163683806,"PB_TTM":1.960679583687,"REPORT_DATE_SQ":"2020-12-31 00:00:00","REPORT_TYPE_SQ":"2020年年报","OPERATE_INCOME_SQ":474259000,"DPS_HKD":null,"OPERATE_INCOME_QOQ_SQ":15.835378885022,"NET_PROFIT_RATIO_SQ":10.5653240107,"HOLDER_PROFIT_SQ":39953000,"HOLDER_PROFIT_QOQ_SQ":1.336681377771,"ROE_AVG_SQ":21.463202370176,"PE_TTM_SQ":-44.768843517397,"PB_TTM_SQ":1.930562894798,"ROA_SQ":8.939671259605,"START_DATE":"2021-01-01 00:00:00","FISCAL_YEAR":"12-31","CURRENCY":"HKD","IS_CNY_CODE":0,"DPS_HKD_LY":0.05,"ORG_TYPE":"一般企业","PREMIUM_INCOME":null,"PREMIUM_INCOME_YOY":null,"NET_INTEREST_INCOME":null,"NET_INTEREST_INCOME_YOY":null,"FEE_COMMISSION_INCOME":null,"FEE_COMMISSION_INCOME_YOY":null,"ACCOUNTS_RECE_TDAYS":3.790152866856,"INVENTORY_TDAYS":1.343567388485,"CURRENT_ASSETS_TDAYS":0.739033871116,"TOTAL_ASSETS_TDAYS":0.663141561896,"PREMIUM_EXPENSE":null,"LOAN_DEPOSIT":null,"LOAN_EQUITY":null,"LOAN_ASSETS":null,"DEPOSIT_EQUITY":null,"DEPOSIT_ASSETS":null,"EQUITY_MULTIPLIER":1.845454812636,"EQUITY_RATIO":0.845877440602},{"SECUCODE":"01645.HK","SECURITY_CODE":"01645","SECURITY_NAME_ABBR":"海纳智能","ORG_CODE":"10000015427","STD_REPORT_DATE":"2021-06-30 00:00:00","REPORT_DATE":"2021-06-30 00:00:00","DATE_TYPE_CODE":"002","REPORT_TYPE":"2021年中报","PER_NETCASH_OPERATE":-0.091670567542,"PER_OI":0.356802417124,"BPS":0.592117395066,"BASIC_EPS":0.039,"DILUTED_EPS":0.039,"OPERATE_INCOME":201228000,"OPERATE_INCOME_YOY":-3.1966633473,"GROSS_PROFIT":45837000,"GROSS_PROFIT_YOY":-41.845978178127,"HOLDER_PROFIT":18336000,"HOLDER_PROFIT_YOY":-25.4725033532,"GROSS_PROFIT_RATIO":22.778639155585,"EPS_TTM":0.059729492035,"OPERATE_INCOME_QOQ":-1.401133136113,"NET_PROFIT_RATIO":8.8118949649,"ROE_AVG":6.044473160673,"GROSS_PROFIT_QOQ":-23.683114570468,"ROA":2.992384401282,"HOLDER_PROFIT_QOQ":-15.685930968888,"ROE_YEARLY":12.088946321347,"ROIC_YEARLY":9.48145696734,"TOTAL_ASSETS":668214000,"TOTAL_LIABILITIES":334274000,"TAX_EBT":10.988404196577,"OCF_SALES":-25.692249587533,"TOTAL_PARENT_EQUITY":333940000,"DEBT_ASSET_RATIO":50.0249919936,"OPERATE_PROFIT":20551000,"PRETAX_PROFIT":19921000,"NETCASH_OPERATE":-51700000,"NETCASH_INVEST":-67076000,"NETCASH_FINANCE":82201000,"END_CASH":194308000,"DIVI_RATIO":null,"DIVIDEND_RATE":null,"CURRENT_RATIO":1.990257421487,"COMMON_ACS":2000000000,"CURRENTDEBT_DEBT":94.666650711692,"ISSUED_COMMON_SHARES":563976000,"HK_COMMON_SHARES":563976000,"PER_SHARES":4000,"TOTAL_MARKET_CAP":626013360,"HKSK_MARKET_CAP":626013360,"PE_TTM":-17.596163683806,"PB_TTM":1.960679583687,"REPORT_DATE_SQ":"2020-06-30 00:00:00","REPORT_TYPE_SQ":"2020年中报","OPERATE_INCOME_SQ":207873000,"DPS_HKD":null,"OPERATE_INCOME_QOQ_SQ":8.316644135147,"NET_PROFIT_RATIO_SQ":15.5922125529,"HOLDER_PROFIT_SQ":24603000,"HOLDER_PROFIT_QOQ_SQ":49.210914733376,"ROE_AVG_SQ":13.669054755668,"PE_TTM_SQ":-44.768843517397,"PB_TTM_SQ":1.930562894798,"ROA_SQ":5.922112058694,"START_DATE":"2021-01-01 00:00:00","FISCAL_YEAR":"12-31","CURRENCY":"HKD","IS_CNY_CODE":0,"DPS_HKD_LY":0.05,"ORG_TYPE":"一般企业","PREMIUM_INCOME":null,"PREMIUM_INCOME_YOY":null,"NET_INTEREST_INCOME":null,"NET_INTEREST_INCOME_YOY":null,"FEE_COMMISSION_INCOME":null,"FEE_COMMISSION_INCOME_YOY":null,"ACCOUNTS_RECE_TDAYS":1.775084353291,"INVENTORY_TDAYS":0.713973603501,"CURRENT_ASSETS_TDAYS":0.351454043561,"TOTAL_ASSETS_TDAYS":0.328398521107,"PREMIUM_EXPENSE":null,"LOAN_DEPOSIT":null,"LOAN_EQUITY":null,"LOAN_ASSETS":null,"DEPOSIT_EQUITY":null,"DEPOSIT_ASSETS":null,"EQUITY_MULTIPLIER":2.001000179674,"EQUITY_RATIO":1.001000179673},{"SECUCODE":"01645.HK","SECURITY_CODE":"01645","SECURITY_NAME_ABBR":"海纳智能","ORG_CODE":"10000015427","STD_REPORT_DATE":"2020-12-31 00:00:00","REPORT_DATE":"2020-12-31 00:00:00","DATE_TYPE_CODE":"001","REPORT_TYPE":"2020年年报","PER_NETCASH_OPERATE":0.250689355835,"PER_OI":1.009053114442,"BPS":0.483642920975,"BASIC_EPS":0.0955,"DILUTED_EPS":0.0955,"OPERATE_INCOME":474259000,"OPERATE_INCOME_YOY":25.4689951295,"GROSS_PROFIT":139268000,"GROSS_PROFIT_YOY":53.685209503526,"HOLDER_PROFIT":39953000,"HOLDER_PROFIT_YOY":51.2053892442,"GROSS_PROFIT_RATIO":29.365388954137,"EPS_TTM":0.085005659526,"OPERATE_INCOME_QOQ":15.835378885022,"NET_PROFIT_RATIO":10.5653240107,"ROE_AVG":21.463202370176,"GROSS_PROFIT_QOQ":10.801005632817,"ROA":8.939671259605,"HOLDER_PROFIT_QOQ":1.336681377771,"ROE_YEARLY":21.463202370176,"ROIC_YEARLY":13.1696616195,"TOTAL_ASSETS":557297000,"TOTAL_LIABILITIES":277299000,"TAX_EBT":20.832016684573,"OCF_SALES":24.844019828828,"TOTAL_PARENT_EQUITY":272763000,"DEBT_ASSET_RATIO":49.7578490464,"OPERATE_PROFIT":64579000,"PRETAX_PROFIT":63292000,"NETCASH_OPERATE":117825000,"NETCASH_INVEST":3801000,"NETCASH_FINANCE":78042000,"END_CASH":230416000,"DIVI_RATIO":null,"DIVIDEND_RATE":null,"CURRENT_RATIO":2.000574578772,"COMMON_ACS":2000000000,"CURRENTDEBT_DEBT":92.888903313752,"ISSUED_COMMON_SHARES":563976000,"HK_COMMON_SHARES":563976000,"PER_SHARES":4000,"TOTAL_MARKET_CAP":648572400,"HKSK_MARKET_CAP":648572400,"PE_TTM":-18.230259672412,"PB_TTM":2.03133470382,"REPORT_DATE_SQ":"2019-12-31 00:00:00","REPORT_TYPE_SQ":"2019年年报","OPERATE_INCOME_SQ":377989000,"DPS_HKD":null,"OPERATE_INCOME_QOQ_SQ":1.256094294133,"NET_PROFIT_RATIO_SQ":8.2245779639,"HOLDER_PROFIT_SQ":26423000,"HOLDER_PROFIT_QOQ_SQ":-21.910925909507,"ROE_AVG_SQ":30.413913764129,"PE_TTM_SQ":-47.007285693267,"PB_TTM_SQ":2.027091039538,"ROA_SQ":8.350992634452,"START_DATE":"2020-01-01 00:00:00","FISCAL_YEAR":"12-31","CURRENCY":"HKD","IS_CNY_CODE":0,"DPS_HKD_LY":null,"ORG_TYPE":"一般企业","PREMIUM_INCOME":null,"PREMIUM_INCOME_YOY":null,"NET_INTEREST_INCOME":null,"NET_INTEREST_INCOME_YOY":null,"FEE_COMMISSION_INCOME":null,"FEE_COMMISSION_INCOME_YOY":null,"ACCOUNTS_RECE_TDAYS":4.773138083736,"INVENTORY_TDAYS":2.045509223357,"CURRENT_ASSETS_TDAYS":1.177437814836,"TOTAL_ASSETS_TDAYS":1.061176770683,"PREMIUM_EXPENSE":null,"LOAN_DEPOSIT":null,"LOAN_EQUITY":null,"LOAN_ASSETS":null,"DEPOSIT_EQUITY":null,"DEPOSIT_ASSETS":null,"EQUITY_MULTIPLIER":1.990360645434,"EQUITY_RATIO":1.016629821493},{"SECUCODE":"01645.HK","SECURITY_CODE":"01645","SECURITY_NAME_ABBR":"海纳智能","ORG_CODE":"10000015427","STD_REPORT_DATE":"2020-06-30 00:00:00","REPORT_DATE":"2020-06-30 00:00:00","DATE_TYPE_CODE":"002","REPORT_TYPE":"2020年中报","PER_NETCASH_OPERATE":0.173594267283,"PER_OI":0.442279214645,"BPS":0.461812204775,"BASIC_EPS":0.0673,"DILUTED_EPS":0.0673,"OPERATE_INCOME":207873000,"OPERATE_INCOME_YOY":17.817124526,"GROSS_PROFIT":78820000,"GROSS_PROFIT_YOY":80.172354675749,"HOLDER_PROFIT":24603000,"HOLDER_PROFIT_YOY":112.0948275862,"GROSS_PROFIT_RATIO":37.917382247815,"EPS_TTM":0.083884392473,"OPERATE_INCOME_QOQ":8.316644135147,"NET_PROFIT_RATIO":15.5922125529,"ROE_AVG":13.669054755668,"GROSS_PROFIT_QOQ":38.703803838047,"ROA":5.922112058694,"HOLDER_PROFIT_QOQ":49.210914733376,"ROE_YEARLY":27.338109511335,"ROIC_YEARLY":17.705126844284,"TOTAL_ASSETS":494347000,"TOTAL_LIABILITIES":212346000,"TAX_EBT":22.062182893693,"OCF_SALES":39.249926637899,"TOTAL_PARENT_EQUITY":260451000,"DEBT_ASSET_RATIO":42.9548475059,"OPERATE_PROFIT":42257000,"PRETAX_PROFIT":41587000,"NETCASH_OPERATE":81590000,"NETCASH_INVEST":4982000,"NETCASH_FINANCE":82434000,"END_CASH":204055000,"DIVI_RATIO":null,"DIVIDEND_RATE":null,"CURRENT_RATIO":2.345343863113,"COMMON_ACS":2000000000,"CURRENTDEBT_DEBT":91.59390805572,"ISSUED_COMMON_SHARES":563976000,"HK_COMMON_SHARES":563976000,"PER_SHARES":4000,"TOTAL_MARKET_CAP":631653120,"HKSK_MARKET_CAP":631653120,"PE_TTM":-17.754687680958,"PB_TTM":1.97834336372,"REPORT_DATE_SQ":"2019-06-30 00:00:00","REPORT_TYPE_SQ":"2019年中报","OPERATE_INCOME_SQ":176437000,"DPS_HKD":null,"OPERATE_INCOME_QOQ_SQ":10.69268176966,"NET_PROFIT_RATIO_SQ":7.9337100495,"HOLDER_PROFIT_SQ":11600000,"HOLDER_PROFIT_QOQ_SQ":-12.421058080547,"ROE_AVG_SQ":14.490490615534,"PE_TTM_SQ":-44.768843517397,"PB_TTM_SQ":1.930562894798,"ROA_SQ":3.887764267425,"START_DATE":"2020-01-01 00:00:00","FISCAL_YEAR":"12-31","CURRENCY":"HKD","IS_CNY_CODE":0,"DPS_HKD_LY":null,"ORG_TYPE":"一般企业","PREMIUM_INCOME":null,"PREMIUM_INCOME_YOY":null,"NET_INTEREST_INCOME":null,"NET_INTEREST_INCOME_YOY":null,"FEE_COMMISSION_INCOME":null,"FEE_COMMISSION_INCOME_YOY":null,"ACCOUNTS_RECE_TDAYS":2.334156775997,"INVENTORY_TDAYS":0.826317322807,"CURRENT_ASSETS_TDAYS":0.556979221092,"TOTAL_ASSETS_TDAYS":0.500364670966,"PREMIUM_EXPENSE":null,"LOAN_DEPOSIT":null,"LOAN_EQUITY":null,"LOAN_ASSETS":null,"DEPOSIT_EQUITY":null,"DEPOSIT_ASSETS":null,"EQUITY_MULTIPLIER":1.752997329797,"EQUITY_RATIO":0.815301150696}],"count":15},"success":true,"message":"ok","code":0}