{"version":"8fe3421f9315b8283abcf7d68c648623","result":{"pages":2,"data":[{"SECUCODE":"01640.HK","SECURITY_CODE":"01640","SECURITY_NAME_ABBR":"瑞诚中国传媒","ORG_CODE":"10000025208","STD_REPORT_DATE":"2024-06-30 00:00:00","REPORT_DATE":"2024-06-30 00:00:00","DATE_TYPE_CODE":"002","REPORT_TYPE":"2024年中报","PER_NETCASH_OPERATE":0.055464583333,"PER_OI":0.139883333333,"BPS":0.400185714286,"BASIC_EPS":0.0131,"DILUTED_EPS":0.0131,"OPERATE_INCOME":67144000,"OPERATE_INCOME_YOY":-69.1625140653,"GROSS_PROFIT":4954000,"GROSS_PROFIT_YOY":-31.959895618734,"HOLDER_PROFIT":5366000,"HOLDER_PROFIT_YOY":3575.3424657534,"GROSS_PROFIT_RATIO":7.378172286429,"EPS_TTM":-0.038022916667,"OPERATE_INCOME_QOQ":-39.76451451914,"NET_PROFIT_RATIO":7.9917788633,"ROE_AVG":2.637548446397,"GROSS_PROFIT_QOQ":-9.874814343306,"ROA":0.91176862894,"HOLDER_PROFIT_QOQ":22.240211324613,"ROE_YEARLY":5.275096892795,"ROIC_YEARLY":1.913691309395,"TOTAL_ASSETS":601397000,"TOTAL_LIABILITIES":377309000,"TAX_EBT":43.675868584024,"OCF_SALES":39.650601691886,"TOTAL_PARENT_EQUITY":224104000,"DEBT_ASSET_RATIO":62.7387565951,"OPERATE_PROFIT":11785000,"PRETAX_PROFIT":9527000,"NETCASH_OPERATE":26623000,"NETCASH_INVEST":216000,"NETCASH_FINANCE":-7064000,"END_CASH":37629000,"DIVI_RATIO":null,"DIVIDEND_RATE":null,"CURRENT_RATIO":1.642281120533,"COMMON_ACS":2000000000,"CURRENTDEBT_DEBT":94.487277006379,"ISSUED_COMMON_SHARES":560000000,"HK_COMMON_SHARES":560000000,"PER_SHARES":2000,"TOTAL_MARKET_CAP":2004800000,"HKSK_MARKET_CAP":2004800000,"PE_TTM":-99.351506787008,"PB_TTM":8.164695248635,"REPORT_DATE_SQ":"2023-06-30 00:00:00","REPORT_TYPE_SQ":"2023年中报","OPERATE_INCOME_SQ":217735000,"DPS_HKD":null,"OPERATE_INCOME_QOQ_SQ":-1.374015833897,"NET_PROFIT_RATIO_SQ":0.0477644844,"HOLDER_PROFIT_SQ":146000,"HOLDER_PROFIT_QOQ_SQ":31.15776528461,"ROE_AVG_SQ":0.070759403489,"PE_TTM_SQ":-21.605451829391,"PB_TTM_SQ":0.830829917735,"ROA_SQ":0.026142807773,"START_DATE":"2024-01-01 00:00:00","FISCAL_YEAR":"12-31","CURRENCY":"HKD","IS_CNY_CODE":0,"DPS_HKD_LY":null,"ORG_TYPE":"一般企业","PREMIUM_INCOME":null,"PREMIUM_INCOME_YOY":null,"NET_INTEREST_INCOME":null,"NET_INTEREST_INCOME_YOY":null,"FEE_COMMISSION_INCOME":null,"FEE_COMMISSION_INCOME_YOY":null,"ACCOUNTS_RECE_TDAYS":0.125935692971,"INVENTORY_TDAYS":null,"CURRENT_ASSETS_TDAYS":0.117792048195,"TOTAL_ASSETS_TDAYS":0.114088320577,"PREMIUM_EXPENSE":null,"LOAN_DEPOSIT":null,"LOAN_EQUITY":null,"LOAN_ASSETS":null,"DEPOSIT_EQUITY":null,"DEPOSIT_ASSETS":null,"EQUITY_MULTIPLIER":2.683753703905,"EQUITY_RATIO":1.683633491593},{"SECUCODE":"01640.HK","SECURITY_CODE":"01640","SECURITY_NAME_ABBR":"瑞诚中国传媒","ORG_CODE":"10000025208","STD_REPORT_DATE":"2023-12-31 00:00:00","REPORT_DATE":"2023-12-31 00:00:00","DATE_TYPE_CODE":"001","REPORT_TYPE":"2023年年报","PER_NETCASH_OPERATE":-0.09126,"PER_OI":0.9467675,"BPS":0.326408928571,"BASIC_EPS":-0.0587,"DILUTED_EPS":-0.0587,"OPERATE_INCOME":378707000,"OPERATE_INCOME_YOY":-8.2276165066,"GROSS_PROFIT":23565000,"GROSS_PROFIT_YOY":121.746494777454,"HOLDER_PROFIT":-23471000,"HOLDER_PROFIT_YOY":-106.1753338018,"GROSS_PROFIT_RATIO":6.222488625771,"EPS_TTM":-0.0586775,"OPERATE_INCOME_QOQ":-6.949082161926,"NET_PROFIT_RATIO":-6.1659805602,"ROE_AVG":-12.065832324463,"GROSS_PROFIT_QOQ":123.153409090909,"ROA":-4.082548501028,"HOLDER_PROFIT_QOQ":-199.489600612479,"ROE_YEARLY":-12.065832324463,"ROIC_YEARLY":-4.165076953927,"TOTAL_ASSETS":575656000,"TOTAL_LIABILITIES":392883000,"TAX_EBT":27.185132058998,"OCF_SALES":-9.639114143652,"TOTAL_PARENT_EQUITY":182789000,"DEBT_ASSET_RATIO":68.249614353,"OPERATE_PROFIT":-24749000,"PRETAX_PROFIT":-32069000,"NETCASH_OPERATE":-36504000,"NETCASH_INVEST":156000,"NETCASH_FINANCE":49121000,"END_CASH":17854000,"DIVI_RATIO":null,"DIVIDEND_RATE":null,"CURRENT_RATIO":1.528192282361,"COMMON_ACS":2000000000,"CURRENTDEBT_DEBT":92.364138942128,"ISSUED_COMMON_SHARES":560000000,"HK_COMMON_SHARES":560000000,"PER_SHARES":2000,"TOTAL_MARKET_CAP":1500800000,"HKSK_MARKET_CAP":1500800000,"PE_TTM":-74.374871002565,"PB_TTM":6.112118230821,"REPORT_DATE_SQ":"2022-12-31 00:00:00","REPORT_TYPE_SQ":"2022年年报","OPERATE_INCOME_SQ":412659000,"DPS_HKD":null,"OPERATE_INCOME_QOQ_SQ":-1.56387533843,"NET_PROFIT_RATIO_SQ":-2.8260621966,"HOLDER_PROFIT_SQ":-11384000,"HOLDER_PROFIT_QOQ_SQ":-31.530906990179,"ROE_AVG_SQ":-5.371027402431,"PE_TTM_SQ":-25.090202124454,"PB_TTM_SQ":0.964834743176,"ROA_SQ":-2.326990865989,"START_DATE":"2023-01-01 00:00:00","FISCAL_YEAR":"12-31","CURRENCY":"HKD","IS_CNY_CODE":0,"DPS_HKD_LY":null,"ORG_TYPE":"一般企业","PREMIUM_INCOME":null,"PREMIUM_INCOME_YOY":null,"NET_INTEREST_INCOME":null,"NET_INTEREST_INCOME_YOY":null,"FEE_COMMISSION_INCOME":null,"FEE_COMMISSION_INCOME_YOY":null,"ACCOUNTS_RECE_TDAYS":0.801644749028,"INVENTORY_TDAYS":null,"CURRENT_ASSETS_TDAYS":0.677579545241,"TOTAL_ASSETS_TDAYS":0.658723401295,"PREMIUM_EXPENSE":null,"LOAN_DEPOSIT":null,"LOAN_EQUITY":null,"LOAN_ASSETS":null,"DEPOSIT_EQUITY":null,"DEPOSIT_ASSETS":null,"EQUITY_MULTIPLIER":3.149568043418,"EQUITY_RATIO":2.149379886098},{"SECUCODE":"01640.HK","SECURITY_CODE":"01640","SECURITY_NAME_ABBR":"瑞诚中国传媒","ORG_CODE":"10000025208","STD_REPORT_DATE":"2023-06-30 00:00:00","REPORT_DATE":"2023-06-30 00:00:00","DATE_TYPE_CODE":"002","REPORT_TYPE":"2023年中报","PER_NETCASH_OPERATE":-0.149365,"PER_OI":0.5443375,"BPS":0.368582142857,"BASIC_EPS":0.0004,"DILUTED_EPS":0.0004,"OPERATE_INCOME":217735000,"OPERATE_INCOME_YOY":-2.53799154,"GROSS_PROFIT":7281000,"GROSS_PROFIT_YOY":-0.91181273816,"HOLDER_PROFIT":146000,"HOLDER_PROFIT_YOY":104.2928550426,"GROSS_PROFIT_RATIO":3.343973178405,"EPS_TTM":-0.0195925,"OPERATE_INCOME_QOQ":-1.374015833897,"NET_PROFIT_RATIO":0.0477644844,"ROE_AVG":0.070759403489,"GROSS_PROFIT_QOQ":-0.630469558671,"ROA":0.026142807773,"HOLDER_PROFIT_QOQ":31.15776528461,"ROE_YEARLY":0.141518806977,"ROIC_YEARLY":0.052548560178,"TOTAL_ASSETS":542777000,"TOTAL_LIABILITIES":336549000,"TAX_EBT":12.605042016807,"OCF_SALES":-27.439777711438,"TOTAL_PARENT_EQUITY":206406000,"DEBT_ASSET_RATIO":62.0050223204,"OPERATE_PROFIT":2522000,"PRETAX_PROFIT":119000,"NETCASH_OPERATE":-59746000,"NETCASH_INVEST":-13000,"NETCASH_FINANCE":55500000,"END_CASH":822000,"DIVI_RATIO":null,"DIVIDEND_RATE":null,"CURRENT_RATIO":1.734717777582,"COMMON_ACS":2000000000,"CURRENTDEBT_DEBT":91.085993421463,"ISSUED_COMMON_SHARES":560000000,"HK_COMMON_SHARES":560000000,"PER_SHARES":2000,"TOTAL_MARKET_CAP":1500800000,"HKSK_MARKET_CAP":1500800000,"PE_TTM":-74.374871002565,"PB_TTM":6.112118230821,"REPORT_DATE_SQ":"2022-06-30 00:00:00","REPORT_TYPE_SQ":"2022年中报","OPERATE_INCOME_SQ":223405000,"DPS_HKD":null,"OPERATE_INCOME_QOQ_SQ":-4.950901369683,"NET_PROFIT_RATIO_SQ":-1.5366710682,"HOLDER_PROFIT_SQ":-3401000,"HOLDER_PROFIT_QOQ_SQ":-2044.94382022472,"ROE_AVG_SQ":-1.574949002864,"PE_TTM_SQ":-25.090202124454,"PB_TTM_SQ":0.964834743176,"ROA_SQ":-0.67535232104,"START_DATE":"2023-01-01 00:00:00","FISCAL_YEAR":"12-31","CURRENCY":"HKD","IS_CNY_CODE":0,"DPS_HKD_LY":null,"ORG_TYPE":"一般企业","PREMIUM_INCOME":null,"PREMIUM_INCOME_YOY":null,"NET_INTEREST_INCOME":null,"NET_INTEREST_INCOME_YOY":null,"FEE_COMMISSION_INCOME":null,"FEE_COMMISSION_INCOME_YOY":null,"ACCOUNTS_RECE_TDAYS":null,"INVENTORY_TDAYS":null,"CURRENT_ASSETS_TDAYS":0.397673518142,"TOTAL_ASSETS_TDAYS":0.389877003461,"PREMIUM_EXPENSE":null,"LOAN_DEPOSIT":null,"LOAN_EQUITY":null,"LOAN_ASSETS":null,"DEPOSIT_EQUITY":null,"DEPOSIT_ASSETS":null,"EQUITY_MULTIPLIER":2.631926799465,"EQUITY_RATIO":1.630519461644},{"SECUCODE":"01640.HK","SECURITY_CODE":"01640","SECURITY_NAME_ABBR":"瑞诚中国传媒","ORG_CODE":"10000025208","STD_REPORT_DATE":"2022-12-31 00:00:00","REPORT_DATE":"2022-12-31 00:00:00","DATE_TYPE_CODE":"001","REPORT_TYPE":"2022年年报","PER_NETCASH_OPERATE":-0.083315,"PER_OI":1.0316475,"BPS":0.368321428571,"BASIC_EPS":-0.0285,"DILUTED_EPS":-0.0285,"OPERATE_INCOME":412659000,"OPERATE_INCOME_YOY":-6.4373507826,"GROSS_PROFIT":10627000,"GROSS_PROFIT_YOY":-38.56870339326,"HOLDER_PROFIT":-11384000,"HOLDER_PROFIT_YOY":-2658.202247191,"GROSS_PROFIT_RATIO":2.575249782508,"EPS_TTM":-0.02846,"OPERATE_INCOME_QOQ":-1.56387533843,"NET_PROFIT_RATIO":-2.8260621966,"ROE_AVG":-5.371027402431,"GROSS_PROFIT_QOQ":534.819967266776,"ROA":-2.326990865989,"HOLDER_PROFIT_QOQ":-31.530906990179,"ROE_YEARLY":-5.371027402431,"ROIC_YEARLY":-2.426053220157,"TOTAL_ASSETS":574165000,"TOTAL_LIABILITIES":368041000,"TAX_EBT":63.639198079381,"OCF_SALES":-8.075917403958,"TOTAL_PARENT_EQUITY":206260000,"DEBT_ASSET_RATIO":64.100215095,"OPERATE_PROFIT":-25602000,"PRETAX_PROFIT":-32073000,"NETCASH_OPERATE":-33326000,"NETCASH_INVEST":623000,"NETCASH_FINANCE":2919000,"END_CASH":5081000,"DIVI_RATIO":null,"DIVIDEND_RATE":null,"CURRENT_RATIO":1.66627125112,"COMMON_ACS":2000000000,"CURRENTDEBT_DEBT":91.848734244283,"ISSUED_COMMON_SHARES":560000000,"HK_COMMON_SHARES":560000000,"PER_SHARES":2000,"TOTAL_MARKET_CAP":1500800000,"HKSK_MARKET_CAP":1500800000,"PE_TTM":-74.374871002565,"PB_TTM":6.112118230821,"REPORT_DATE_SQ":"2021-12-31 00:00:00","REPORT_TYPE_SQ":"2021年年报","OPERATE_INCOME_SQ":441051000,"DPS_HKD":null,"OPERATE_INCOME_QOQ_SQ":-7.11567499721,"NET_PROFIT_RATIO_SQ":0.104976522,"HOLDER_PROFIT_SQ":445000,"HOLDER_PROFIT_QOQ_SQ":267.293233082707,"ROE_AVG_SQ":0.204671571119,"PE_TTM_SQ":-25.090202124454,"PB_TTM_SQ":0.964834743176,"ROA_SQ":0.109649798257,"START_DATE":"2022-01-01 00:00:00","FISCAL_YEAR":"12-31","CURRENCY":"HKD","IS_CNY_CODE":0,"DPS_HKD_LY":null,"ORG_TYPE":"一般企业","PREMIUM_INCOME":null,"PREMIUM_INCOME_YOY":null,"NET_INTEREST_INCOME":null,"NET_INTEREST_INCOME_YOY":null,"FEE_COMMISSION_INCOME":null,"FEE_COMMISSION_INCOME_YOY":null,"ACCOUNTS_RECE_TDAYS":0.96808770193,"INVENTORY_TDAYS":null,"CURRENT_ASSETS_TDAYS":0.856551286096,"TOTAL_ASSETS_TDAYS":0.843511703942,"PREMIUM_EXPENSE":null,"LOAN_DEPOSIT":null,"LOAN_EQUITY":null,"LOAN_ASSETS":null,"DEPOSIT_EQUITY":null,"DEPOSIT_ASSETS":null,"EQUITY_MULTIPLIER":2.785532009861,"EQUITY_RATIO":1.784354697954},{"SECUCODE":"01640.HK","SECURITY_CODE":"01640","SECURITY_NAME_ABBR":"瑞诚中国传媒","ORG_CODE":"10000025208","STD_REPORT_DATE":"2022-06-30 00:00:00","REPORT_DATE":"2022-06-30 00:00:00","DATE_TYPE_CODE":"002","REPORT_TYPE":"2022年中报","PER_NETCASH_OPERATE":-0.0588375,"PER_OI":0.5585125,"BPS":0.382576785714,"BASIC_EPS":-0.0085,"DILUTED_EPS":-0.0085,"OPERATE_INCOME":223405000,"OPERATE_INCOME_YOY":-8.9038945364,"GROSS_PROFIT":7348000,"GROSS_PROFIT_YOY":-72.876601085231,"HOLDER_PROFIT":-3401000,"HOLDER_PROFIT_YOY":-159.6771363397,"GROSS_PROFIT_RATIO":3.289093798259,"EPS_TTM":-0.0216375,"OPERATE_INCOME_QOQ":-4.950901369683,"NET_PROFIT_RATIO":-1.5366710682,"ROE_AVG":-1.574949002864,"GROSS_PROFIT_QOQ":-114.127984276548,"ROA":-0.67535232104,"HOLDER_PROFIT_QOQ":-2044.94382022472,"ROE_YEARLY":-3.149898005728,"ROIC_YEARLY":-1.421791536766,"TOTAL_ASSETS":602912000,"TOTAL_LIABILITIES":388559000,"TAX_EBT":16.001957425985,"OCF_SALES":-10.534679170117,"TOTAL_PARENT_EQUITY":214243000,"DEBT_ASSET_RATIO":64.4470503158,"OPERATE_PROFIT":-1625000,"PRETAX_PROFIT":-4087000,"NETCASH_OPERATE":-23535000,"NETCASH_INVEST":8000,"NETCASH_FINANCE":3902000,"END_CASH":15240000,"DIVI_RATIO":null,"DIVIDEND_RATE":null,"CURRENT_RATIO":1.539531962971,"COMMON_ACS":2000000000,"CURRENTDEBT_DEBT":100,"ISSUED_COMMON_SHARES":560000000,"HK_COMMON_SHARES":560000000,"PER_SHARES":2000,"TOTAL_MARKET_CAP":1500800000,"HKSK_MARKET_CAP":1500800000,"PE_TTM":-74.374871002565,"PB_TTM":6.112118230821,"REPORT_DATE_SQ":"2021-06-30 00:00:00","REPORT_TYPE_SQ":"2021年中报","OPERATE_INCOME_SQ":245241000,"DPS_HKD":null,"OPERATE_INCOME_QOQ_SQ":6.229627757034,"NET_PROFIT_RATIO_SQ":2.309564877,"HOLDER_PROFIT_SQ":5699000,"HOLDER_PROFIT_QOQ_SQ":-109.353023909986,"ROE_AVG_SQ":2.589883593844,"PE_TTM_SQ":-25.090202124454,"PB_TTM_SQ":0.964834743176,"ROA_SQ":1.322838520389,"START_DATE":"2022-01-01 00:00:00","FISCAL_YEAR":"12-31","CURRENCY":"HKD","IS_CNY_CODE":0,"DPS_HKD_LY":null,"ORG_TYPE":"一般企业","PREMIUM_INCOME":null,"PREMIUM_INCOME_YOY":null,"NET_INTEREST_INCOME":null,"NET_INTEREST_INCOME_YOY":null,"FEE_COMMISSION_INCOME":null,"FEE_COMMISSION_INCOME_YOY":null,"ACCOUNTS_RECE_TDAYS":null,"INVENTORY_TDAYS":null,"CURRENT_ASSETS_TDAYS":0.447496011385,"TOTAL_ASSETS_TDAYS":0.443625655048,"PREMIUM_EXPENSE":null,"LOAN_DEPOSIT":null,"LOAN_EQUITY":null,"LOAN_ASSETS":null,"DEPOSIT_EQUITY":null,"DEPOSIT_ASSETS":null,"EQUITY_MULTIPLIER":2.812706143604,"EQUITY_RATIO":1.813636851612},{"SECUCODE":"01640.HK","SECURITY_CODE":"01640","SECURITY_NAME_ABBR":"瑞诚中国传媒","ORG_CODE":"10000025208","STD_REPORT_DATE":"2021-12-31 00:00:00","REPORT_DATE":"2021-12-31 00:00:00","DATE_TYPE_CODE":"001","REPORT_TYPE":"2021年年报","PER_NETCASH_OPERATE":0.02914,"PER_OI":1.1026275,"BPS":0.38865,"BASIC_EPS":0.0011,"DILUTED_EPS":0.0011,"OPERATE_INCOME":441051000,"OPERATE_INCOME_YOY":-1.3293273049,"GROSS_PROFIT":17299000,"GROSS_PROFIT_YOY":-57.073376510583,"HOLDER_PROFIT":445000,"HOLDER_PROFIT_YOY":-84.35302391,"GROSS_PROFIT_RATIO":3.922222146645,"EPS_TTM":0.0011125,"OPERATE_INCOME_QOQ":-7.11567499721,"NET_PROFIT_RATIO":0.104976522,"ROE_AVG":0.204671571119,"GROSS_PROFIT_QOQ":-59.660945807294,"ROA":0.109649798257,"HOLDER_PROFIT_QOQ":267.293233082707,"ROE_YEARLY":0.204671571119,"ROIC_YEARLY":0.11729478684,"TOTAL_ASSETS":404266000,"TOTAL_LIABILITIES":186480000,"TAX_EBT":89.237563923756,"OCF_SALES":2.642778272807,"TOTAL_PARENT_EQUITY":217644000,"DEBT_ASSET_RATIO":46.1280444064,"OPERATE_PROFIT":16174000,"PRETAX_PROFIT":4302000,"NETCASH_OPERATE":11656000,"NETCASH_INVEST":29384000,"NETCASH_FINANCE":-7247000,"END_CASH":34865000,"DIVI_RATIO":null,"DIVIDEND_RATE":null,"CURRENT_RATIO":2.146439296439,"COMMON_ACS":2000000000,"CURRENTDEBT_DEBT":100,"ISSUED_COMMON_SHARES":560000000,"HK_COMMON_SHARES":560000000,"PER_SHARES":2000,"TOTAL_MARKET_CAP":1500800000,"HKSK_MARKET_CAP":1500800000,"PE_TTM":-74.374871002565,"PB_TTM":6.112118230821,"REPORT_DATE_SQ":"2020-12-31 00:00:00","REPORT_TYPE_SQ":"2020年年报","OPERATE_INCOME_SQ":446993000,"DPS_HKD":null,"OPERATE_INCOME_QOQ_SQ":-34.973377945883,"NET_PROFIT_RATIO_SQ":0.6322246657,"HOLDER_PROFIT_SQ":2844000,"HOLDER_PROFIT_QOQ_SQ":-91.109999687412,"ROE_AVG_SQ":1.318027407926,"PE_TTM_SQ":-25.090202124454,"PB_TTM_SQ":0.964834743176,"ROA_SQ":0.576056584799,"START_DATE":"2021-01-01 00:00:00","FISCAL_YEAR":"12-31","CURRENCY":"HKD","IS_CNY_CODE":0,"DPS_HKD_LY":null,"ORG_TYPE":"一般企业","PREMIUM_INCOME":null,"PREMIUM_INCOME_YOY":null,"NET_INTEREST_INCOME":null,"NET_INTEREST_INCOME_YOY":null,"FEE_COMMISSION_INCOME":null,"FEE_COMMISSION_INCOME_YOY":null,"ACCOUNTS_RECE_TDAYS":null,"INVENTORY_TDAYS":null,"CURRENT_ASSETS_TDAYS":1.103473036214,"TOTAL_ASSETS_TDAYS":1.086767486987,"PREMIUM_EXPENSE":null,"LOAN_DEPOSIT":null,"LOAN_EQUITY":null,"LOAN_ASSETS":null,"DEPOSIT_EQUITY":null,"DEPOSIT_ASSETS":null,"EQUITY_MULTIPLIER":1.856253386352,"EQUITY_RATIO":0.856812041683},{"SECUCODE":"01640.HK","SECURITY_CODE":"01640","SECURITY_NAME_ABBR":"瑞诚中国传媒","ORG_CODE":"10000025208","STD_REPORT_DATE":"2021-06-30 00:00:00","REPORT_DATE":"2021-06-30 00:00:00","DATE_TYPE_CODE":"002","REPORT_TYPE":"2021年中报","PER_NETCASH_OPERATE":0.0082175,"PER_OI":0.6131025,"BPS":0.398032142857,"BASIC_EPS":0.01,"DILUTED_EPS":0.01,"OPERATE_INCOME":245241000,"OPERATE_INCOME_YOY":12.808942248,"GROSS_PROFIT":27091000,"GROSS_PROFIT_YOY":10.548437117441,"HOLDER_PROFIT":5699000,"HOLDER_PROFIT_YOY":-35.3048019071,"GROSS_PROFIT_RATIO":11.046684689754,"EPS_TTM":-0.000665,"OPERATE_INCOME_QOQ":6.229627757034,"NET_PROFIT_RATIO":2.309564877,"ROE_AVG":2.589883593844,"GROSS_PROFIT_QOQ":6.414551229559,"ROA":1.322838520389,"HOLDER_PROFIT_QOQ":-109.353023909986,"ROE_YEARLY":5.179767187688,"ROIC_YEARLY":2.732779568649,"TOTAL_ASSETS":454223000,"TOTAL_LIABILITIES":231236000,"TAX_EBT":41.913649882063,"OCF_SALES":1.340314221521,"TOTAL_PARENT_EQUITY":222898000,"DEBT_ASSET_RATIO":50.9080341594,"OPERATE_PROFIT":13779000,"PRETAX_PROFIT":9751000,"NETCASH_OPERATE":3287000,"NETCASH_INVEST":16246000,"NETCASH_FINANCE":-11127000,"END_CASH":9478000,"DIVI_RATIO":null,"DIVIDEND_RATE":null,"CURRENT_RATIO":2.213604921585,"COMMON_ACS":2000000000,"CURRENTDEBT_DEBT":87.02624158868,"ISSUED_COMMON_SHARES":560000000,"HK_COMMON_SHARES":560000000,"PER_SHARES":2000,"TOTAL_MARKET_CAP":1500800000,"HKSK_MARKET_CAP":1500800000,"PE_TTM":-74.374871002565,"PB_TTM":6.112118230821,"REPORT_DATE_SQ":"2020-06-30 00:00:00","REPORT_TYPE_SQ":"2020年中报","OPERATE_INCOME_SQ":217395000,"DPS_HKD":null,"OPERATE_INCOME_QOQ_SQ":-18.729753375423,"NET_PROFIT_RATIO_SQ":3.9343131167,"HOLDER_PROFIT_SQ":8809000,"HOLDER_PROFIT_QOQ_SQ":-11.826801168624,"ROE_AVG_SQ":4.02679655055,"PE_TTM_SQ":-25.090202124454,"PB_TTM_SQ":0.964834743176,"ROA_SQ":1.683741733247,"START_DATE":"2021-01-01 00:00:00","FISCAL_YEAR":"12-31","CURRENCY":"HKD","IS_CNY_CODE":0,"DPS_HKD_LY":null,"ORG_TYPE":"一般企业","PREMIUM_INCOME":null,"PREMIUM_INCOME_YOY":null,"NET_INTEREST_INCOME":null,"NET_INTEREST_INCOME_YOY":null,"FEE_COMMISSION_INCOME":null,"FEE_COMMISSION_INCOME_YOY":null,"ACCOUNTS_RECE_TDAYS":0.593194879833,"INVENTORY_TDAYS":null,"CURRENT_ASSETS_TDAYS":0.580743473648,"TOTAL_ASSETS_TDAYS":0.569247660254,"PREMIUM_EXPENSE":null,"LOAN_DEPOSIT":null,"LOAN_EQUITY":null,"LOAN_ASSETS":null,"DEPOSIT_EQUITY":null,"DEPOSIT_ASSETS":null,"EQUITY_MULTIPLIER":2.036993187942,"EQUITY_RATIO":1.037407244569},{"SECUCODE":"01640.HK","SECURITY_CODE":"01640","SECURITY_NAME_ABBR":"瑞诚中国传媒","ORG_CODE":"10000025208","STD_REPORT_DATE":"2020-12-31 00:00:00","REPORT_DATE":"2020-12-31 00:00:00","DATE_TYPE_CODE":"001","REPORT_TYPE":"2020年年报","PER_NETCASH_OPERATE":-0.224975,"PER_OI":1.1174825,"BPS":0.387855357143,"BASIC_EPS":0.0071,"DILUTED_EPS":0.0071,"OPERATE_INCOME":446993000,"OPERATE_INCOME_YOY":-47.152703885,"GROSS_PROFIT":40299000,"GROSS_PROFIT_YOY":-62.276743924814,"HOLDER_PROFIT":2844000,"HOLDER_PROFIT_YOY":-92.1614023483,"GROSS_PROFIT_RATIO":9.01557742515,"EPS_TTM":0.00711,"OPERATE_INCOME_QOQ":-34.973377945883,"NET_PROFIT_RATIO":0.6322246657,"ROE_AVG":1.318027407926,"GROSS_PROFIT_QOQ":-56.18911984693,"ROA":0.576056584799,"HOLDER_PROFIT_QOQ":-91.109999687412,"ROE_YEARLY":1.318027407926,"ROIC_YEARLY":0.631066722436,"TOTAL_ASSETS":407409000,"TOTAL_LIABILITIES":190086000,"TAX_EBT":35.420475319927,"OCF_SALES":-20.13230632247,"TOTAL_PARENT_EQUITY":217199000,"DEBT_ASSET_RATIO":46.6572903397,"OPERATE_PROFIT":12895000,"PRETAX_PROFIT":4376000,"NETCASH_OPERATE":-89870000,"NETCASH_INVEST":-12831000,"NETCASH_FINANCE":35739000,"END_CASH":1072000,"DIVI_RATIO":null,"DIVIDEND_RATE":null,"CURRENT_RATIO":2.855357385587,"COMMON_ACS":2000000000,"CURRENTDEBT_DEBT":73.534610649916,"ISSUED_COMMON_SHARES":560000000,"HK_COMMON_SHARES":560000000,"PER_SHARES":2000,"TOTAL_MARKET_CAP":1500800000,"HKSK_MARKET_CAP":1500800000,"PE_TTM":-74.374871002565,"PB_TTM":6.112118230821,"REPORT_DATE_SQ":"2019-12-31 00:00:00","REPORT_TYPE_SQ":"2019年年报","OPERATE_INCOME_SQ":845820000,"DPS_HKD":null,"OPERATE_INCOME_QOQ_SQ":7.972794256565,"NET_PROFIT_RATIO_SQ":4.2921661819,"HOLDER_PROFIT_SQ":36282000,"HOLDER_PROFIT_QOQ_SQ":-21.380744978223,"ROE_AVG_SQ":24.01461448343,"PE_TTM_SQ":-25.090202124454,"PB_TTM_SQ":0.964834743176,"ROA_SQ":8.360158253588,"START_DATE":"2020-01-01 00:00:00","FISCAL_YEAR":"12-31","CURRENCY":"HKD","IS_CNY_CODE":0,"DPS_HKD_LY":null,"ORG_TYPE":"一般企业","PREMIUM_INCOME":null,"PREMIUM_INCOME_YOY":null,"NET_INTEREST_INCOME":null,"NET_INTEREST_INCOME_YOY":null,"FEE_COMMISSION_INCOME":null,"FEE_COMMISSION_INCOME_YOY":null,"ACCOUNTS_RECE_TDAYS":null,"INVENTORY_TDAYS":null,"CURRENT_ASSETS_TDAYS":0.920923946355,"TOTAL_ASSETS_TDAYS":0.905391213112,"PREMIUM_EXPENSE":null,"LOAN_DEPOSIT":null,"LOAN_EQUITY":null,"LOAN_ASSETS":null,"DEPOSIT_EQUITY":null,"DEPOSIT_ASSETS":null,"EQUITY_MULTIPLIER":1.874670421447,"EQUITY_RATIO":0.875169775183},{"SECUCODE":"01640.HK","SECURITY_CODE":"01640","SECURITY_NAME_ABBR":"瑞诚中国传媒","ORG_CODE":"10000025208","STD_REPORT_DATE":"2020-06-30 00:00:00","REPORT_DATE":"2020-06-30 00:00:00","DATE_TYPE_CODE":"002","REPORT_TYPE":"2020年中报","PER_NETCASH_OPERATE":-0.12618,"PER_OI":0.5434875,"BPS":0.398507142857,"BASIC_EPS":0.02,"DILUTED_EPS":0.02,"OPERATE_INCOME":217395000,"OPERATE_INCOME_YOY":-42.1537192502,"GROSS_PROFIT":24506000,"GROSS_PROFIT_YOY":-37.722998729352,"HOLDER_PROFIT":8809000,"HOLDER_PROFIT_YOY":-32.7557251908,"GROSS_PROFIT_RATIO":11.272568366338,"EPS_TTM":0.0799775,"OPERATE_INCOME_QOQ":-18.729753375423,"NET_PROFIT_RATIO":3.9343131167,"ROE_AVG":4.02679655055,"GROSS_PROFIT_QOQ":-13.895233459393,"ROA":1.683741733247,"HOLDER_PROFIT_QOQ":-11.826801168624,"ROE_YEARLY":8.0535931011,"ROIC_YEARLY":3.880903106286,"TOTAL_ASSETS":466366000,"TOTAL_LIABILITIES":243316000,"TAX_EBT":-2.541661671262,"OCF_SALES":-23.21672531567,"TOTAL_PARENT_EQUITY":223164000,"DEBT_ASSET_RATIO":52.1727570192,"OPERATE_PROFIT":12142000,"PRETAX_PROFIT":8341000,"NETCASH_OPERATE":-50472000,"NETCASH_INVEST":20049000,"NETCASH_FINANCE":32754000,"END_CASH":70365000,"DIVI_RATIO":null,"DIVIDEND_RATE":null,"CURRENT_RATIO":1.894679579641,"COMMON_ACS":2000000000,"CURRENTDEBT_DEBT":99.726281872133,"ISSUED_COMMON_SHARES":560000000,"HK_COMMON_SHARES":560000000,"PER_SHARES":2000,"TOTAL_MARKET_CAP":1500800000,"HKSK_MARKET_CAP":1500800000,"PE_TTM":-74.374871002565,"PB_TTM":6.112118230821,"REPORT_DATE_SQ":"2019-06-30 00:00:00","REPORT_TYPE_SQ":"2019年中报","OPERATE_INCOME_SQ":375815000,"DPS_HKD":null,"OPERATE_INCOME_QOQ_SQ":0,"NET_PROFIT_RATIO_SQ":3.518220401,"HOLDER_PROFIT_SQ":13100000,"HOLDER_PROFIT_QOQ_SQ":0,"ROE_AVG_SQ":null,"PE_TTM_SQ":-25.090202124454,"PB_TTM_SQ":0.964834743176,"ROA_SQ":null,"START_DATE":"2020-01-01 00:00:00","FISCAL_YEAR":"12-31","CURRENCY":"HKD","IS_CNY_CODE":0,"DPS_HKD_LY":null,"ORG_TYPE":"一般企业","PREMIUM_INCOME":null,"PREMIUM_INCOME_YOY":null,"NET_INTEREST_INCOME":null,"NET_INTEREST_INCOME_YOY":null,"FEE_COMMISSION_INCOME":null,"FEE_COMMISSION_INCOME_YOY":null,"ACCOUNTS_RECE_TDAYS":1.241051549923,"INVENTORY_TDAYS":null,"CURRENT_ASSETS_TDAYS":0.421563855595,"TOTAL_ASSETS_TDAYS":0.41552620513,"PREMIUM_EXPENSE":null,"LOAN_DEPOSIT":null,"LOAN_EQUITY":null,"LOAN_ASSETS":null,"DEPOSIT_EQUITY":null,"DEPOSIT_ASSETS":null,"EQUITY_MULTIPLIER":2.090858551896,"EQUITY_RATIO":1.090301303078}],"count":14},"success":true,"message":"ok","code":0}