{"version":"b67590931acc44a02b9f6a5e1b4aae56","result":{"pages":2,"data":[{"SECUCODE":"01643.HK","SECURITY_CODE":"01643","SECURITY_NAME_ABBR":"现代中药集团","ORG_CODE":"10000076160","STD_REPORT_DATE":"2024-06-30 00:00:00","REPORT_DATE":"2024-06-30 00:00:00","DATE_TYPE_CODE":"002","REPORT_TYPE":"2024年中报","PER_NETCASH_OPERATE":0.123925,"PER_OI":0.127706666667,"BPS":0.777655,"BASIC_EPS":-0.0114,"DILUTED_EPS":-0.0114,"OPERATE_INCOME":76624000,"OPERATE_INCOME_YOY":-57.4526211749,"GROSS_PROFIT":21703000,"GROSS_PROFIT_YOY":-63.356239552907,"HOLDER_PROFIT":-6852000,"HOLDER_PROFIT_YOY":-124.8440899202,"GROSS_PROFIT_RATIO":28.324023804552,"EPS_TTM":0.023938333333,"OPERATE_INCOME_QOQ":-30.071060088643,"NET_PROFIT_RATIO":-8.9423679265,"ROE_AVG":-1.458676164099,"GROSS_PROFIT_QOQ":-36.020158387329,"ROA":-1.333742098425,"HOLDER_PROFIT_QOQ":-70.564607029409,"ROE_YEARLY":-2.917352328198,"ROIC_YEARLY":-5.546325619985,"TOTAL_ASSETS":498953000,"TOTAL_LIABILITIES":32360000,"TAX_EBT":-58.317929759704,"OCF_SALES":97.03878680309,"TOTAL_PARENT_EQUITY":466593000,"DEBT_ASSET_RATIO":6.4855808062,"OPERATE_PROFIT":-4328000,"PRETAX_PROFIT":-4328000,"NETCASH_OPERATE":74355000,"NETCASH_INVEST":-113956000,"NETCASH_FINANCE":386000,"END_CASH":247054000,"DIVI_RATIO":null,"DIVIDEND_RATE":null,"CURRENT_RATIO":11.78920866096,"COMMON_ACS":10000000000,"CURRENTDEBT_DEBT":79.780593325093,"ISSUED_COMMON_SHARES":600000000,"HK_COMMON_SHARES":600000000,"PER_SHARES":3000,"TOTAL_MARKET_CAP":228000000,"HKSK_MARKET_CAP":228000000,"PE_TTM":13.882884547325,"PB_TTM":0.445979772521,"REPORT_DATE_SQ":"2023-06-30 00:00:00","REPORT_TYPE_SQ":"2023年中报","OPERATE_INCOME_SQ":180091000,"DPS_HKD":null,"OPERATE_INCOME_QOQ_SQ":-3.99668715095,"NET_PROFIT_RATIO_SQ":15.3144799018,"HOLDER_PROFIT_SQ":27580000,"HOLDER_PROFIT_QOQ_SQ":-25.431235696638,"ROE_AVG_SQ":6.296746148437,"PE_TTM_SQ":2.87682958801,"PB_TTM_SQ":0.409023647351,"ROA_SQ":5.510302347373,"START_DATE":"2024-01-01 00:00:00","FISCAL_YEAR":"12-31","CURRENCY":"HKD","IS_CNY_CODE":0,"DPS_HKD_LY":null,"ORG_TYPE":"一般企业","PREMIUM_INCOME":null,"PREMIUM_INCOME_YOY":null,"NET_INTEREST_INCOME":null,"NET_INTEREST_INCOME_YOY":null,"FEE_COMMISSION_INCOME":null,"FEE_COMMISSION_INCOME_YOY":null,"ACCOUNTS_RECE_TDAYS":1.108500665471,"INVENTORY_TDAYS":1.584861557996,"CURRENT_ASSETS_TDAYS":0.206847308925,"TOTAL_ASSETS_TDAYS":0.149148649372,"PREMIUM_EXPENSE":null,"LOAN_DEPOSIT":null,"LOAN_EQUITY":null,"LOAN_ASSETS":null,"DEPOSIT_EQUITY":null,"DEPOSIT_ASSETS":null,"EQUITY_MULTIPLIER":1.069353805136,"EQUITY_RATIO":0.069353805136},{"SECUCODE":"01643.HK","SECURITY_CODE":"01643","SECURITY_NAME_ABBR":"现代中药集团","ORG_CODE":"10000076160","STD_REPORT_DATE":"2023-12-31 00:00:00","REPORT_DATE":"2023-12-31 00:00:00","DATE_TYPE_CODE":"001","REPORT_TYPE":"2023年年报","PER_NETCASH_OPERATE":0.014126666667,"PER_OI":0.573458333333,"BPS":0.788148333333,"BASIC_EPS":0.0813,"DILUTED_EPS":0.0813,"OPERATE_INCOME":344075000,"OPERATE_INCOME_YOY":-13.9072102008,"GROSS_PROFIT":104175000,"GROSS_PROFIT_YOY":-39.002611455272,"HOLDER_PROFIT":48795000,"HOLDER_PROFIT_YOY":-44.4431793599,"GROSS_PROFIT_RATIO":30.276829179685,"EPS_TTM":0.081325,"OPERATE_INCOME_QOQ":-10.3231052718,"NET_PROFIT_RATIO":14.1815011262,"ROE_AVG":10.893893101651,"GROSS_PROFIT_QOQ":-27.485034108311,"ROA":9.474150200084,"HOLDER_PROFIT_QOQ":-25.495854518804,"ROE_YEARLY":10.893893101651,"ROIC_YEARLY":21.144246269045,"TOTAL_ASSETS":528532000,"TOTAL_LIABILITIES":55643000,"TAX_EBT":28.564108570257,"OCF_SALES":2.463416406307,"TOTAL_PARENT_EQUITY":472889000,"DEBT_ASSET_RATIO":10.527839374,"OPERATE_PROFIT":68311000,"PRETAX_PROFIT":68306000,"NETCASH_OPERATE":8476000,"NETCASH_INVEST":-4192000,"NETCASH_FINANCE":-326000,"END_CASH":286266000,"DIVI_RATIO":null,"DIVIDEND_RATE":null,"CURRENT_RATIO":8.928837342497,"COMMON_ACS":10000000000,"CURRENTDEBT_DEBT":87.860108189709,"ISSUED_COMMON_SHARES":600000000,"HK_COMMON_SHARES":600000000,"PER_SHARES":3000,"TOTAL_MARKET_CAP":267000000,"HKSK_MARKET_CAP":267000000,"PE_TTM":16.257588483051,"PB_TTM":0.522265786242,"REPORT_DATE_SQ":"2022-12-31 00:00:00","REPORT_TYPE_SQ":"2022年年报","OPERATE_INCOME_SQ":399656000,"DPS_HKD":null,"OPERATE_INCOME_QOQ_SQ":3.817269801357,"NET_PROFIT_RATIO_SQ":21.9761494886,"HOLDER_PROFIT_SQ":87829000,"HOLDER_PROFIT_QOQ_SQ":0.293472799525,"ROE_AVG_SQ":23.103926765269,"PE_TTM_SQ":2.919767343055,"PB_TTM_SQ":0.415128477909,"ROA_SQ":19.572423583,"START_DATE":"2023-01-01 00:00:00","FISCAL_YEAR":"12-31","CURRENCY":"HKD","IS_CNY_CODE":0,"DPS_HKD_LY":null,"ORG_TYPE":"一般企业","PREMIUM_INCOME":null,"PREMIUM_INCOME_YOY":null,"NET_INTEREST_INCOME":null,"NET_INTEREST_INCOME_YOY":null,"FEE_COMMISSION_INCOME":null,"FEE_COMMISSION_INCOME_YOY":null,"ACCOUNTS_RECE_TDAYS":3.770560967859,"INVENTORY_TDAYS":5.453822108554,"CURRENT_ASSETS_TDAYS":0.820199689393,"TOTAL_ASSETS_TDAYS":0.668063988133,"PREMIUM_EXPENSE":null,"LOAN_DEPOSIT":null,"LOAN_EQUITY":null,"LOAN_ASSETS":null,"DEPOSIT_EQUITY":null,"DEPOSIT_ASSETS":null,"EQUITY_MULTIPLIER":1.117666090774,"EQUITY_RATIO":0.117666090774},{"SECUCODE":"01643.HK","SECURITY_CODE":"01643","SECURITY_NAME_ABBR":"现代中药集团","ORG_CODE":"10000076160","STD_REPORT_DATE":"2023-06-30 00:00:00","REPORT_DATE":"2023-06-30 00:00:00","DATE_TYPE_CODE":"002","REPORT_TYPE":"2023年中报","PER_NETCASH_OPERATE":0.006135,"PER_OI":0.300151666667,"BPS":0.755123333333,"BASIC_EPS":0.046,"DILUTED_EPS":0.046,"OPERATE_INCOME":180091000,"OPERATE_INCOME_YOY":-8.1468296067,"GROSS_PROFIT":59227000,"GROSS_PROFIT_YOY":-31.412921380844,"HOLDER_PROFIT":27580000,"HOLDER_PROFIT_YOY":-44.7471752544,"GROSS_PROFIT_RATIO":32.887262550599,"EPS_TTM":0.109155,"OPERATE_INCOME_QOQ":-3.99668715095,"NET_PROFIT_RATIO":15.3144799018,"ROE_AVG":6.296746148437,"GROSS_PROFIT_QOQ":-15.883034909185,"ROA":5.510302347373,"HOLDER_PROFIT_QOQ":-25.431235696638,"ROE_YEARLY":12.593492296874,"ROIC_YEARLY":25.231282948529,"TOTAL_ASSETS":499500000,"TOTAL_LIABILITIES":46426000,"TAX_EBT":29.743223965763,"OCF_SALES":2.043966661299,"TOTAL_PARENT_EQUITY":453074000,"DEBT_ASSET_RATIO":9.2944944945,"OPERATE_PROFIT":39260000,"PRETAX_PROFIT":39256000,"NETCASH_OPERATE":3681000,"NETCASH_INVEST":-4200000,"NETCASH_FINANCE":-263000,"END_CASH":281543000,"DIVI_RATIO":null,"DIVIDEND_RATE":null,"CURRENT_RATIO":9.945049222605,"COMMON_ACS":10000000000,"CURRENTDEBT_DEBT":86.862964718046,"ISSUED_COMMON_SHARES":600000000,"HK_COMMON_SHARES":600000000,"PER_SHARES":3000,"TOTAL_MARKET_CAP":267000000,"HKSK_MARKET_CAP":267000000,"PE_TTM":16.257588483051,"PB_TTM":0.522265786242,"REPORT_DATE_SQ":"2022-06-30 00:00:00","REPORT_TYPE_SQ":"2022年中报","OPERATE_INCOME_SQ":196064000,"DPS_HKD":null,"OPERATE_INCOME_QOQ_SQ":6.727567612526,"NET_PROFIT_RATIO_SQ":25.4590337849,"HOLDER_PROFIT_SQ":49916000,"HOLDER_PROFIT_QOQ_SQ":7.087654079437,"ROE_AVG_SQ":13.933734090557,"PE_TTM_SQ":2.919767343055,"PB_TTM_SQ":0.415128477909,"ROA_SQ":12.098971311118,"START_DATE":"2023-01-01 00:00:00","FISCAL_YEAR":"12-31","CURRENCY":"HKD","IS_CNY_CODE":0,"DPS_HKD_LY":null,"ORG_TYPE":"一般企业","PREMIUM_INCOME":null,"PREMIUM_INCOME_YOY":null,"NET_INTEREST_INCOME":null,"NET_INTEREST_INCOME_YOY":null,"FEE_COMMISSION_INCOME":null,"FEE_COMMISSION_INCOME_YOY":null,"ACCOUNTS_RECE_TDAYS":2.263573004192,"INVENTORY_TDAYS":2.998213931336,"CURRENT_ASSETS_TDAYS":0.448241788875,"TOTAL_ASSETS_TDAYS":0.359809956505,"PREMIUM_EXPENSE":null,"LOAN_DEPOSIT":null,"LOAN_EQUITY":null,"LOAN_ASSETS":null,"DEPOSIT_EQUITY":null,"DEPOSIT_ASSETS":null,"EQUITY_MULTIPLIER":1.102468912363,"EQUITY_RATIO":0.102468912363},{"SECUCODE":"01643.HK","SECURITY_CODE":"01643","SECURITY_NAME_ABBR":"现代中药集团","ORG_CODE":"10000076160","STD_REPORT_DATE":"2022-12-31 00:00:00","REPORT_DATE":"2022-12-31 00:00:00","DATE_TYPE_CODE":"001","REPORT_TYPE":"2022年年报","PER_NETCASH_OPERATE":0.209643333333,"PER_OI":0.666093333333,"BPS":0.70489,"BASIC_EPS":0.1464,"DILUTED_EPS":0.1464,"OPERATE_INCOME":399656000,"OPERATE_INCOME_YOY":10.8016468207,"GROSS_PROFIT":170786000,"GROSS_PROFIT_YOY":7.800388820158,"HOLDER_PROFIT":87829000,"HOLDER_PROFIT_YOY":7.4019272158,"GROSS_PROFIT_RATIO":42.733250595512,"EPS_TTM":0.146381666667,"OPERATE_INCOME_QOQ":3.817269801357,"NET_PROFIT_RATIO":21.9761494886,"ROE_AVG":23.103926765269,"GROSS_PROFIT_QOQ":2.755616524073,"ROA":19.572423583,"HOLDER_PROFIT_QOQ":0.293472799525,"ROE_YEARLY":23.103926765269,"ROIC_YEARLY":40.001366337987,"TOTAL_ASSETS":501534000,"TOTAL_LIABILITIES":78600000,"TAX_EBT":29.354750490654,"OCF_SALES":31.47356726785,"TOTAL_PARENT_EQUITY":422934000,"DEBT_ASSET_RATIO":15.6719185539,"OPERATE_PROFIT":124338000,"PRETAX_PROFIT":124324000,"NETCASH_OPERATE":125786000,"NETCASH_INVEST":-11048000,"NETCASH_FINANCE":-8726000,"END_CASH":282256000,"DIVI_RATIO":null,"DIVIDEND_RATE":null,"CURRENT_RATIO":5.486953676691,"COMMON_ACS":10000000000,"CURRENTDEBT_DEBT":93.325699745547,"ISSUED_COMMON_SHARES":600000000,"HK_COMMON_SHARES":600000000,"PER_SHARES":3000,"TOTAL_MARKET_CAP":267000000,"HKSK_MARKET_CAP":267000000,"PE_TTM":16.257588483051,"PB_TTM":0.522265786242,"REPORT_DATE_SQ":"2021-12-31 00:00:00","REPORT_TYPE_SQ":"2021年年报","OPERATE_INCOME_SQ":360695000,"DPS_HKD":null,"OPERATE_INCOME_QOQ_SQ":11.833354520059,"NET_PROFIT_RATIO_SQ":22.6717864123,"HOLDER_PROFIT_SQ":81776000,"HOLDER_PROFIT_QOQ_SQ":20.652719171413,"ROE_AVG_SQ":34.63668457601,"PE_TTM_SQ":2.919767343055,"PB_TTM_SQ":0.415128477909,"ROA_SQ":27.024410072026,"START_DATE":"2022-01-01 00:00:00","FISCAL_YEAR":"12-31","CURRENCY":"HKD","IS_CNY_CODE":0,"DPS_HKD_LY":0.0167,"ORG_TYPE":"一般企业","PREMIUM_INCOME":null,"PREMIUM_INCOME_YOY":null,"NET_INTEREST_INCOME":null,"NET_INTEREST_INCOME_YOY":null,"FEE_COMMISSION_INCOME":null,"FEE_COMMISSION_INCOME_YOY":null,"ACCOUNTS_RECE_TDAYS":5.300934430687,"INVENTORY_TDAYS":4.568217882057,"CURRENT_ASSETS_TDAYS":1.126846976393,"TOTAL_ASSETS_TDAYS":0.890621152408,"PREMIUM_EXPENSE":null,"LOAN_DEPOSIT":null,"LOAN_EQUITY":null,"LOAN_ASSETS":null,"DEPOSIT_EQUITY":null,"DEPOSIT_ASSETS":null,"EQUITY_MULTIPLIER":1.185844599867,"EQUITY_RATIO":0.185844599867},{"SECUCODE":"01643.HK","SECURITY_CODE":"01643","SECURITY_NAME_ABBR":"现代中药集团","ORG_CODE":"10000076160","STD_REPORT_DATE":"2022-06-30 00:00:00","REPORT_DATE":"2022-06-30 00:00:00","DATE_TYPE_CODE":"002","REPORT_TYPE":"2022年中报","PER_NETCASH_OPERATE":0.097435,"PER_OI":0.326773333333,"BPS":0.63186,"BASIC_EPS":0.0832,"DILUTED_EPS":0.0832,"OPERATE_INCOME":196064000,"OPERATE_INCOME_YOY":14.1247278781,"GROSS_PROFIT":86353000,"GROSS_PROFIT_YOY":9.898822780783,"HOLDER_PROFIT":49916000,"HOLDER_PROFIT_YOY":13.1368993654,"GROSS_PROFIT_RATIO":44.043271584789,"EPS_TTM":0.145953333333,"OPERATE_INCOME_QOQ":6.727567612526,"NET_PROFIT_RATIO":25.4590337849,"ROE_AVG":13.933734090557,"GROSS_PROFIT_QOQ":4.909485696973,"ROA":12.098971311118,"HOLDER_PROFIT_QOQ":7.087654079437,"ROE_YEARLY":27.867468181114,"ROIC_YEARLY":46.734436405598,"TOTAL_ASSETS":429185000,"TOTAL_LIABILITIES":50069000,"TAX_EBT":26.096354860679,"OCF_SALES":29.817304553615,"TOTAL_PARENT_EQUITY":379116000,"DEBT_ASSET_RATIO":11.6660647506,"OPERATE_PROFIT":67548000,"PRETAX_PROFIT":67542000,"NETCASH_OPERATE":58461000,"NETCASH_INVEST":-4060000,"NETCASH_FINANCE":-8570000,"END_CASH":221806000,"DIVI_RATIO":null,"DIVIDEND_RATE":null,"CURRENT_RATIO":6.770330813233,"COMMON_ACS":10000000000,"CURRENTDEBT_DEBT":99.858195689948,"ISSUED_COMMON_SHARES":600000000,"HK_COMMON_SHARES":600000000,"PER_SHARES":3000,"TOTAL_MARKET_CAP":267000000,"HKSK_MARKET_CAP":267000000,"PE_TTM":16.257588483051,"PB_TTM":0.522265786242,"REPORT_DATE_SQ":"2021-06-30 00:00:00","REPORT_TYPE_SQ":"2021年中报","OPERATE_INCOME_SQ":171798000,"DPS_HKD":null,"OPERATE_INCOME_QOQ_SQ":4.482461482643,"NET_PROFIT_RATIO_SQ":25.6813234147,"HOLDER_PROFIT_SQ":44120000,"HOLDER_PROFIT_QOQ_SQ":6.607735501832,"ROE_AVG_SQ":20.286643093943,"PE_TTM_SQ":2.919767343055,"PB_TTM_SQ":0.415128477909,"ROA_SQ":15.85103191583,"START_DATE":"2022-01-01 00:00:00","FISCAL_YEAR":"12-31","CURRENCY":"HKD","IS_CNY_CODE":0,"DPS_HKD_LY":0.0167,"ORG_TYPE":"一般企业","PREMIUM_INCOME":null,"PREMIUM_INCOME_YOY":null,"NET_INTEREST_INCOME":null,"NET_INTEREST_INCOME_YOY":null,"FEE_COMMISSION_INCOME":null,"FEE_COMMISSION_INCOME_YOY":null,"ACCOUNTS_RECE_TDAYS":2.490444767645,"INVENTORY_TDAYS":2.438076401698,"CURRENT_ASSETS_TDAYS":0.607622554033,"TOTAL_ASSETS_TDAYS":0.475232933557,"PREMIUM_EXPENSE":null,"LOAN_DEPOSIT":null,"LOAN_EQUITY":null,"LOAN_ASSETS":null,"DEPOSIT_EQUITY":null,"DEPOSIT_ASSETS":null,"EQUITY_MULTIPLIER":1.132067757625,"EQUITY_RATIO":0.132067757626},{"SECUCODE":"01643.HK","SECURITY_CODE":"01643","SECURITY_NAME_ABBR":"现代中药集团","ORG_CODE":"10000076160","STD_REPORT_DATE":"2021-12-31 00:00:00","REPORT_DATE":"2021-12-31 00:00:00","DATE_TYPE_CODE":"001","REPORT_TYPE":"2021年年报","PER_NETCASH_OPERATE":0.095998333333,"PER_OI":0.601158333333,"BPS":0.562268333333,"BASIC_EPS":0.1377,"DILUTED_EPS":0.1377,"OPERATE_INCOME":360695000,"OPERATE_INCOME_YOY":16.8462415612,"GROSS_PROFIT":158428000,"GROSS_PROFIT_YOY":15.75832413909,"HOLDER_PROFIT":81776000,"HOLDER_PROFIT_YOY":28.62513173,"GROSS_PROFIT_RATIO":43.922982020821,"EPS_TTM":0.136293333333,"OPERATE_INCOME_QOQ":11.833354520059,"NET_PROFIT_RATIO":22.6717864123,"ROE_AVG":34.63668457601,"GROSS_PROFIT_QOQ":9.832576519117,"ROA":27.024410072026,"HOLDER_PROFIT_QOQ":20.652719171413,"ROE_YEARLY":34.63668457601,"ROIC_YEARLY":45.952028410959,"TOTAL_ASSETS":395943000,"TOTAL_LIABILITIES":58582000,"TAX_EBT":28.406086393164,"OCF_SALES":15.968893386379,"TOTAL_PARENT_EQUITY":337361000,"DEBT_ASSET_RATIO":14.795564008,"OPERATE_PROFIT":114296000,"PRETAX_PROFIT":114222000,"NETCASH_OPERATE":57599000,"NETCASH_INVEST":-70048000,"NETCASH_FINANCE":115756000,"END_CASH":176091000,"DIVI_RATIO":null,"DIVIDEND_RATE":null,"CURRENT_RATIO":5.24404833114,"COMMON_ACS":10000000000,"CURRENTDEBT_DEBT":99.882216380458,"ISSUED_COMMON_SHARES":600000000,"HK_COMMON_SHARES":600000000,"PER_SHARES":3000,"TOTAL_MARKET_CAP":267000000,"HKSK_MARKET_CAP":267000000,"PE_TTM":16.257588483051,"PB_TTM":0.522265786242,"REPORT_DATE_SQ":"2020-12-31 00:00:00","REPORT_TYPE_SQ":"2020年年报","OPERATE_INCOME_SQ":308692000,"DPS_HKD":null,"OPERATE_INCOME_QOQ_SQ":16.648213577191,"NET_PROFIT_RATIO_SQ":20.5956098636,"HOLDER_PROFIT_SQ":63577000,"HOLDER_PROFIT_QOQ_SQ":9.458877812785,"ROE_AVG_SQ":62.426479974078,"PE_TTM_SQ":2.919767343055,"PB_TTM_SQ":0.415128477909,"ROA_SQ":38.256992249555,"START_DATE":"2021-01-01 00:00:00","FISCAL_YEAR":"12-31","CURRENCY":"HKD","IS_CNY_CODE":0,"DPS_HKD_LY":null,"ORG_TYPE":"一般企业","PREMIUM_INCOME":null,"PREMIUM_INCOME_YOY":null,"NET_INTEREST_INCOME":null,"NET_INTEREST_INCOME_YOY":null,"FEE_COMMISSION_INCOME":null,"FEE_COMMISSION_INCOME_YOY":null,"ACCOUNTS_RECE_TDAYS":4.691326713099,"INVENTORY_TDAYS":4.365977378691,"CURRENT_ASSETS_TDAYS":1.455269119584,"TOTAL_ASSETS_TDAYS":1.19198415072,"PREMIUM_EXPENSE":null,"LOAN_DEPOSIT":null,"LOAN_EQUITY":null,"LOAN_ASSETS":null,"DEPOSIT_EQUITY":null,"DEPOSIT_ASSETS":null,"EQUITY_MULTIPLIER":1.173647813471,"EQUITY_RATIO":0.17364781347},{"SECUCODE":"01643.HK","SECURITY_CODE":"01643","SECURITY_NAME_ABBR":"现代中药集团","ORG_CODE":"10000076160","STD_REPORT_DATE":"2021-06-30 00:00:00","REPORT_DATE":"2021-06-30 00:00:00","DATE_TYPE_CODE":"002","REPORT_TYPE":"2021年中报","PER_NETCASH_OPERATE":0.041546666667,"PER_OI":0.28633,"BPS":0.500223333333,"BASIC_EPS":0.0743,"DILUTED_EPS":0.0743,"OPERATE_INCOME":171798000,"OPERATE_INCOME_YOY":8.7597571552,"GROSS_PROFIT":78575000,"GROSS_PROFIT_YOY":10.372097596606,"HOLDER_PROFIT":44120000,"HOLDER_PROFIT_YOY":10.5238107167,"GROSS_PROFIT_RATIO":45.736853746842,"EPS_TTM":0.112963333333,"OPERATE_INCOME_QOQ":4.482461482643,"NET_PROFIT_RATIO":25.6813234147,"ROE_AVG":20.286643093943,"GROSS_PROFIT_QOQ":5.395255039785,"ROA":15.85103191583,"HOLDER_PROFIT_QOQ":6.607735501832,"ROE_YEARLY":40.573286187886,"ROIC_YEARLY":57.009949605892,"TOTAL_ASSETS":347425000,"TOTAL_LIABILITIES":47291000,"TAX_EBT":26.701222753854,"OCF_SALES":14.510064145101,"TOTAL_PARENT_EQUITY":300134000,"DEBT_ASSET_RATIO":13.6118586745,"OPERATE_PROFIT":60259000,"PRETAX_PROFIT":60192000,"NETCASH_OPERATE":24928000,"NETCASH_INVEST":-40128000,"NETCASH_FINANCE":115931000,"END_CASH":173932000,"DIVI_RATIO":null,"DIVIDEND_RATE":null,"CURRENT_RATIO":6.076488510854,"COMMON_ACS":10000000000,"CURRENTDEBT_DEBT":99.93867754964,"ISSUED_COMMON_SHARES":600000000,"HK_COMMON_SHARES":600000000,"PER_SHARES":3000,"TOTAL_MARKET_CAP":267000000,"HKSK_MARKET_CAP":267000000,"PE_TTM":16.257588483051,"PB_TTM":0.522265786242,"REPORT_DATE_SQ":"2020-06-30 00:00:00","REPORT_TYPE_SQ":"2020年中报","OPERATE_INCOME_SQ":157961000,"DPS_HKD":null,"OPERATE_INCOME_QOQ_SQ":0,"NET_PROFIT_RATIO_SQ":25.2714277575,"HOLDER_PROFIT_SQ":39919000,"HOLDER_PROFIT_QOQ_SQ":0,"ROE_AVG_SQ":null,"PE_TTM_SQ":2.919767343055,"PB_TTM_SQ":0.415128477909,"ROA_SQ":null,"START_DATE":"2021-01-01 00:00:00","FISCAL_YEAR":"12-31","CURRENCY":"HKD","IS_CNY_CODE":0,"DPS_HKD_LY":null,"ORG_TYPE":"一般企业","PREMIUM_INCOME":null,"PREMIUM_INCOME_YOY":null,"NET_INTEREST_INCOME":null,"NET_INTEREST_INCOME_YOY":null,"FEE_COMMISSION_INCOME":null,"FEE_COMMISSION_INCOME_YOY":null,"ACCOUNTS_RECE_TDAYS":2.072739776436,"INVENTORY_TDAYS":2.952010006492,"CURRENT_ASSETS_TDAYS":0.721763004384,"TOTAL_ASSETS_TDAYS":0.617220213299,"PREMIUM_EXPENSE":null,"LOAN_DEPOSIT":null,"LOAN_EQUITY":null,"LOAN_ASSETS":null,"DEPOSIT_EQUITY":null,"DEPOSIT_ASSETS":null,"EQUITY_MULTIPLIER":1.157566287058,"EQUITY_RATIO":0.157566287058},{"SECUCODE":"01643.HK","SECURITY_CODE":"01643","SECURITY_NAME_ABBR":"现代中药集团","ORG_CODE":"10000076160","STD_REPORT_DATE":"2020-12-31 00:00:00","REPORT_DATE":"2020-12-31 00:00:00","DATE_TYPE_CODE":"001","REPORT_TYPE":"2020年年报","PER_NETCASH_OPERATE":427590,"PER_OI":3086920,"BPS":0.22472,"BASIC_EPS":0.1413,"DILUTED_EPS":0.1413,"OPERATE_INCOME":308692000,"OPERATE_INCOME_YOY":41.1053769536,"GROSS_PROFIT":136861000,"GROSS_PROFIT_YOY":38.147149966185,"HOLDER_PROFIT":63577000,"HOLDER_PROFIT_YOY":37.5024331163,"GROSS_PROFIT_RATIO":44.335778057093,"EPS_TTM":635770,"OPERATE_INCOME_QOQ":16.648213577191,"NET_PROFIT_RATIO":20.5956098636,"ROE_AVG":62.426479974078,"GROSS_PROFIT_QOQ":17.099318936309,"ROA":38.256992249555,"HOLDER_PROFIT_QOQ":9.458877812785,"ROE_YEARLY":62.426479974078,"ROIC_YEARLY":56.946696165456,"TOTAL_ASSETS":209258000,"TOTAL_LIABILITIES":74426000,"TAX_EBT":29.732089568735,"OCF_SALES":13.851670921177,"TOTAL_PARENT_EQUITY":134832000,"DEBT_ASSET_RATIO":35.5666211089,"OPERATE_PROFIT":90725000,"PRETAX_PROFIT":90478000,"NETCASH_OPERATE":42759000,"NETCASH_INVEST":-408000,"NETCASH_FINANCE":-5051000,"END_CASH":73191000,"DIVI_RATIO":null,"DIVIDEND_RATE":null,"CURRENT_RATIO":2.544548185872,"COMMON_ACS":10000000000,"CURRENTDEBT_DEBT":99.727245854943,"ISSUED_COMMON_SHARES":600000000,"HK_COMMON_SHARES":600000000,"PER_SHARES":3000,"TOTAL_MARKET_CAP":267000000,"HKSK_MARKET_CAP":267000000,"PE_TTM":16.257588483051,"PB_TTM":0.522265786242,"REPORT_DATE_SQ":"2019-12-31 00:00:00","REPORT_TYPE_SQ":"2019年年报","OPERATE_INCOME_SQ":218767000,"DPS_HKD":null,"OPERATE_INCOME_QOQ_SQ":-0.481291936768,"NET_PROFIT_RATIO_SQ":21.1352717732,"HOLDER_PROFIT_SQ":46237000,"HOLDER_PROFIT_QOQ_SQ":-15.350957489656,"ROE_AVG_SQ":47.995308112709,"PE_TTM_SQ":2.919767343055,"PB_TTM_SQ":0.415128477909,"ROA_SQ":31.228134160014,"START_DATE":"2020-01-01 00:00:00","FISCAL_YEAR":"12-31","CURRENCY":"HKD","IS_CNY_CODE":0,"DPS_HKD_LY":null,"ORG_TYPE":"一般企业","PREMIUM_INCOME":null,"PREMIUM_INCOME_YOY":null,"NET_INTEREST_INCOME":null,"NET_INTEREST_INCOME_YOY":null,"FEE_COMMISSION_INCOME":null,"FEE_COMMISSION_INCOME_YOY":null,"ACCOUNTS_RECE_TDAYS":5.640991904684,"INVENTORY_TDAYS":4.588461487109,"CURRENT_ASSETS_TDAYS":2.104060662861,"TOTAL_ASSETS_TDAYS":1.857531410966,"PREMIUM_EXPENSE":null,"LOAN_DEPOSIT":null,"LOAN_EQUITY":null,"LOAN_ASSETS":null,"DEPOSIT_EQUITY":null,"DEPOSIT_ASSETS":null,"EQUITY_MULTIPLIER":1.551990625372,"EQUITY_RATIO":0.551990625371},{"SECUCODE":"01643.HK","SECURITY_CODE":"01643","SECURITY_NAME_ABBR":"现代中药集团","ORG_CODE":"10000076160","STD_REPORT_DATE":"2020-09-30 00:00:00","REPORT_DATE":"2020-09-30 00:00:00","DATE_TYPE_CODE":"004","REPORT_TYPE":"2020年三季报","PER_NETCASH_OPERATE":null,"PER_OI":null,"BPS":0.203093333333,"BASIC_EPS":null,"DILUTED_EPS":null,"OPERATE_INCOME":218838000,"OPERATE_INCOME_YOY":26.5178932763,"GROSS_PROFIT":98234000,"GROSS_PROFIT_YOY":22.140574682632,"HOLDER_PROFIT":52771000,"HOLDER_PROFIT_YOY":28.9456322541,"GROSS_PROFIT_RATIO":44.888913260037,"EPS_TTM":null,"OPERATE_INCOME_QOQ":20.96659916715,"NET_PROFIT_RATIO":24.1141849222,"ROE_AVG":55.341618163704,"GROSS_PROFIT_QOQ":17.974341115788,"ROA":35.252935183793,"HOLDER_PROFIT_QOQ":25.620174319268,"ROE_YEARLY":73.788824218272,"ROIC_YEARLY":52.418485683777,"TOTAL_ASSETS":176275000,"TOTAL_LIABILITIES":54419000,"TAX_EBT":27.58597030491,"OCF_SALES":8.322137837122,"TOTAL_PARENT_EQUITY":121856000,"DEBT_ASSET_RATIO":30.8716494114,"OPERATE_PROFIT":null,"PRETAX_PROFIT":72874000,"NETCASH_OPERATE":18212000,"NETCASH_INVEST":-362000,"NETCASH_FINANCE":7978000,"END_CASH":62149000,"DIVI_RATIO":null,"DIVIDEND_RATE":null,"CURRENT_RATIO":2.881916092442,"COMMON_ACS":10000000000,"CURRENTDEBT_DEBT":99.47077307558,"ISSUED_COMMON_SHARES":600000000,"HK_COMMON_SHARES":600000000,"PER_SHARES":3000,"TOTAL_MARKET_CAP":267000000,"HKSK_MARKET_CAP":267000000,"PE_TTM":16.257588483051,"PB_TTM":0.522265786242,"REPORT_DATE_SQ":"2019-09-30 00:00:00","REPORT_TYPE_SQ":"2019年三季报","OPERATE_INCOME_SQ":172970000,"DPS_HKD":null,"OPERATE_INCOME_QOQ_SQ":26.691525658168,"NET_PROFIT_RATIO_SQ":23.6601722842,"HOLDER_PROFIT_SQ":40925000,"HOLDER_PROFIT_QOQ_SQ":13.236726993801,"ROE_AVG_SQ":43.653566152353,"PE_TTM_SQ":2.919767343055,"PB_TTM_SQ":0.415128477909,"ROA_SQ":28.904183602482,"START_DATE":"2020-01-01 00:00:00","FISCAL_YEAR":"12-31","CURRENCY":"HKD","IS_CNY_CODE":0,"DPS_HKD_LY":null,"ORG_TYPE":"一般企业","PREMIUM_INCOME":null,"PREMIUM_INCOME_YOY":null,"NET_INTEREST_INCOME":null,"NET_INTEREST_INCOME_YOY":null,"FEE_COMMISSION_INCOME":null,"FEE_COMMISSION_INCOME_YOY":null,"ACCOUNTS_RECE_TDAYS":5.23548410249,"INVENTORY_TDAYS":3.056205970301,"CURRENT_ASSETS_TDAYS":1.679738411587,"TOTAL_ASSETS_TDAYS":1.461916929706,"PREMIUM_EXPENSE":null,"LOAN_DEPOSIT":null,"LOAN_EQUITY":null,"LOAN_ASSETS":null,"DEPOSIT_EQUITY":null,"DEPOSIT_ASSETS":null,"EQUITY_MULTIPLIER":1.446584493172,"EQUITY_RATIO":0.446584493172}],"count":15},"success":true,"message":"ok","code":0}