{"version":"b191ce7b29c9a5f79941b8ac90bfbad2","result":{"pages":3,"data":[{"SECUCODE":"01647.HK","SECURITY_CODE":"01647","SECURITY_NAME_ABBR":"雄岸科技","ORG_CODE":"10549298","STD_REPORT_DATE":"2024-06-30 00:00:00","REPORT_DATE":"2024-09-30 00:00:00","DATE_TYPE_CODE":"002","REPORT_TYPE":"2024年中报","PER_NETCASH_OPERATE":-0.006682710791,"PER_OI":0.222483090467,"BPS":0.260619144187,"BASIC_EPS":-0.01313544,"DILUTED_EPS":-0.01313544,"OPERATE_INCOME":265876192.432,"OPERATE_INCOME_YOY":66.4652445815,"GROSS_PROFIT":35283280.5232,"GROSS_PROFIT_YOY":71.2418252348,"HOLDER_PROFIT":-15729689.4,"HOLDER_PROFIT_YOY":-86.2965109269,"GROSS_PROFIT_RATIO":13.270567853579,"EPS_TTM":0.009756766842,"OPERATE_INCOME_QOQ":0,"NET_PROFIT_RATIO":-6.2650971454,"ROE_AVG":-4.954671009629,"GROSS_PROFIT_QOQ":0,"ROA":-3.979610877692,"HOLDER_PROFIT_QOQ":0,"ROE_YEARLY":-9.909342019259,"ROIC_YEARLY":-10.192725500752,"TOTAL_ASSETS":386068155.7241,"TOTAL_LIABILITIES":74315612.654,"TAX_EBT":-0.689957715898,"OCF_SALES":-3.003693798437,"TOTAL_PARENT_EQUITY":311450302.0688,"DEBT_ASSET_RATIO":19.2493505492,"OPERATE_PROFIT":-16429282.9344,"PRETAX_PROFIT":-16543260.2419,"NETCASH_OPERATE":-7986106.7036,"NETCASH_INVEST":-8932153.931,"NETCASH_FINANCE":-1738409.8068,"END_CASH":66847480.1344,"DIVI_RATIO":null,"DIVIDEND_RATE":null,"CURRENT_RATIO":3.882949299674,"COMMON_ACS":5000000000,"CURRENTDEBT_DEBT":97.157826361691,"ISSUED_COMMON_SHARES":1195040000,"HK_COMMON_SHARES":1195040000,"PER_SHARES":5000,"TOTAL_MARKET_CAP":139819680,"HKSK_MARKET_CAP":139819680,"PE_TTM":32.808044535556,"PB_TTM":0.404841441744,"REPORT_DATE_SQ":"2023-06-30 00:00:00","REPORT_TYPE_SQ":"2023年中报","OPERATE_INCOME_SQ":153497031.75,"DPS_HKD":null,"OPERATE_INCOME_QOQ_SQ":0,"NET_PROFIT_RATIO_SQ":-5.4154167738,"HOLDER_PROFIT_SQ":-8114458.2498,"HOLDER_PROFIT_QOQ_SQ":0,"ROE_AVG_SQ":-2.732415242766,"PE_TTM_SQ":-2.671766037438,"PB_TTM_SQ":0.286190976585,"ROA_SQ":-2.304316031956,"START_DATE":"2024-04-01 00:00:00","FISCAL_YEAR":"3-31","CURRENCY":"HKD","IS_CNY_CODE":0,"DPS_HKD_LY":null,"ORG_TYPE":"一般企业","PREMIUM_INCOME":null,"PREMIUM_INCOME_YOY":null,"NET_INTEREST_INCOME":null,"NET_INTEREST_INCOME_YOY":null,"FEE_COMMISSION_INCOME":null,"FEE_COMMISSION_INCOME_YOY":null,"ACCOUNTS_RECE_TDAYS":3.043827604415,"INVENTORY_TDAYS":11.565017809893,"CURRENT_ASSETS_TDAYS":0.917013733483,"TOTAL_ASSETS_TDAYS":0.672666675492,"PREMIUM_EXPENSE":null,"LOAN_DEPOSIT":null,"LOAN_EQUITY":null,"LOAN_ASSETS":null,"DEPOSIT_EQUITY":null,"DEPOSIT_ASSETS":null,"EQUITY_MULTIPLIER":1.238380132917,"EQUITY_RATIO":0.238611464366},{"SECUCODE":"01647.HK","SECURITY_CODE":"01647","SECURITY_NAME_ABBR":"雄岸科技","ORG_CODE":"10549298","STD_REPORT_DATE":"2023-12-31 00:00:00","REPORT_DATE":"2024-03-31 00:00:00","DATE_TYPE_CODE":"001","REPORT_TYPE":"2023年年报","PER_NETCASH_OPERATE":-0.043060854366,"PER_OI":0.373204353896,"BPS":0.260958258581,"BASIC_EPS":0.00949716,"DILUTED_EPS":0.00949716,"OPERATE_INCOME":445994131.0802,"OPERATE_INCOME_YOY":46.3256635057,"GROSS_PROFIT":93192190.9976,"GROSS_PROFIT_YOY":97.98853730368,"HOLDER_PROFIT":11659726.6464,"HOLDER_PROFIT_YOY":134.3742650325,"GROSS_PROFIT_RATIO":20.895385051792,"EPS_TTM":-0.024901562252,"OPERATE_INCOME_QOQ":0,"NET_PROFIT_RATIO":2.3808515144,"ROE_AVG":3.788558682113,"GROSS_PROFIT_QOQ":0,"ROA":3.103084360163,"HOLDER_PROFIT_QOQ":0,"ROE_YEARLY":3.788558682113,"ROIC_YEARLY":5.042658282895,"TOTAL_ASSETS":389895462.2002,"TOTAL_LIABILITIES":76773358.3322,"TAX_EBT":16.341319037991,"OCF_SALES":-11.538143624573,"TOTAL_PARENT_EQUITY":311855557.3342,"DEBT_ASSET_RATIO":19.6907545163,"OPERATE_PROFIT":13659116.2554,"PRETAX_PROFIT":12692595.5584,"NETCASH_OPERATE":-51459443.4012,"NETCASH_INVEST":57585744.7452,"NETCASH_FINANCE":-2839919.9262,"END_CASH":83385096.4572,"DIVI_RATIO":null,"DIVIDEND_RATE":null,"CURRENT_RATIO":3.826797522736,"COMMON_ACS":5000000000,"CURRENTDEBT_DEBT":98.277843107919,"ISSUED_COMMON_SHARES":1195040000,"HK_COMMON_SHARES":1195040000,"PER_SHARES":5000,"TOTAL_MARKET_CAP":92018080,"HKSK_MARKET_CAP":92018080,"PE_TTM":21.591619053315,"PB_TTM":0.266434111234,"REPORT_DATE_SQ":"2022-12-31 00:00:00","REPORT_TYPE_SQ":"2022年年报","OPERATE_INCOME_SQ":299007209.408,"DPS_HKD":null,"OPERATE_INCOME_QOQ_SQ":0,"NET_PROFIT_RATIO_SQ":-11.2319746251,"HOLDER_PROFIT_SQ":-33275758.656,"HOLDER_PROFIT_QOQ_SQ":0,"ROE_AVG_SQ":-10.760919592312,"PE_TTM_SQ":-2.109288976925,"PB_TTM_SQ":0.225940244672,"ROA_SQ":-9.08551732284,"START_DATE":"2023-04-01 00:00:00","FISCAL_YEAR":"3-31","CURRENCY":"HKD","IS_CNY_CODE":0,"DPS_HKD_LY":null,"ORG_TYPE":"一般企业","PREMIUM_INCOME":null,"PREMIUM_INCOME_YOY":null,"NET_INTEREST_INCOME":null,"NET_INTEREST_INCOME_YOY":null,"FEE_COMMISSION_INCOME":null,"FEE_COMMISSION_INCOME_YOY":null,"ACCOUNTS_RECE_TDAYS":5.875103534379,"INVENTORY_TDAYS":39.4306844604,"CURRENT_ASSETS_TDAYS":1.497278956281,"TOTAL_ASSETS_TDAYS":1.186955281929,"PREMIUM_EXPENSE":null,"LOAN_DEPOSIT":null,"LOAN_EQUITY":null,"LOAN_ASSETS":null,"DEPOSIT_EQUITY":null,"DEPOSIT_ASSETS":null,"EQUITY_MULTIPLIER":1.245186645668,"EQUITY_RATIO":0.246182428136},{"SECUCODE":"01647.HK","SECURITY_CODE":"01647","SECURITY_NAME_ABBR":"雄岸科技","ORG_CODE":"10549298","STD_REPORT_DATE":"2023-06-30 00:00:00","REPORT_DATE":"2023-09-30 00:00:00","DATE_TYPE_CODE":"002","REPORT_TYPE":"2023年中报","PER_NETCASH_OPERATE":-0.036495767558,"PER_OI":0.128445099536,"BPS":0.243683014648,"BASIC_EPS":-0.00683787,"DILUTED_EPS":-0.00683787,"OPERATE_INCOME":153497031.75,"OPERATE_INCOME_YOY":28.8484321222,"GROSS_PROFIT":20604359.0547,"GROSS_PROFIT_YOY":42.071574927274,"HOLDER_PROFIT":-8114458.2498,"HOLDER_PROFIT_YOY":34.0616589154,"GROSS_PROFIT_RATIO":13.423294782832,"EPS_TTM":-0.027844891097,"OPERATE_INCOME_QOQ":0,"NET_PROFIT_RATIO":-5.4154167738,"ROE_AVG":-2.732415242766,"GROSS_PROFIT_QOQ":0,"ROA":-2.304316031956,"HOLDER_PROFIT_QOQ":0,"ROE_YEARLY":-5.464830485532,"ROIC_YEARLY":-9.105341991926,"TOTAL_ASSETS":343803285.5316,"TOTAL_LIABILITIES":50479128.8025,"TAX_EBT":-8.217852630714,"OCF_SALES":-28.413514949028,"TOTAL_PARENT_EQUITY":291210949.8249,"DEBT_ASSET_RATIO":14.6825614899,"OPERATE_PROFIT":-7344656.1051,"PRETAX_PROFIT":-7681268.6655,"NETCASH_OPERATE":-43613902.0626,"NETCASH_INVEST":41943510.3597,"NETCASH_FINANCE":-1304081.7471,"END_CASH":78815246.3028,"DIVI_RATIO":null,"DIVIDEND_RATE":null,"CURRENT_RATIO":5.733547876026,"COMMON_ACS":5000000000,"CURRENTDEBT_DEBT":99.140625040703,"ISSUED_COMMON_SHARES":1195040000,"HK_COMMON_SHARES":1195040000,"PER_SHARES":5000,"TOTAL_MARKET_CAP":86042880,"HKSK_MARKET_CAP":86042880,"PE_TTM":20.189565868035,"PB_TTM":0.24913319492,"REPORT_DATE_SQ":"2022-06-30 00:00:00","REPORT_TYPE_SQ":"2022年中报","OPERATE_INCOME_SQ":112602561.6768,"DPS_HKD":null,"OPERATE_INCOME_QOQ_SQ":0,"NET_PROFIT_RATIO_SQ":-10.1709837349,"HOLDER_PROFIT_SQ":-11631853.9521,"HOLDER_PROFIT_QOQ_SQ":0,"ROE_AVG_SQ":-3.805899643607,"PE_TTM_SQ":-2.003824528079,"PB_TTM_SQ":0.214643232439,"ROA_SQ":-3.304992408667,"START_DATE":"2023-04-01 00:00:00","FISCAL_YEAR":"3-31","CURRENCY":"HKD","IS_CNY_CODE":0,"DPS_HKD_LY":null,"ORG_TYPE":"一般企业","PREMIUM_INCOME":null,"PREMIUM_INCOME_YOY":null,"NET_INTEREST_INCOME":null,"NET_INTEREST_INCOME_YOY":null,"FEE_COMMISSION_INCOME":null,"FEE_COMMISSION_INCOME_YOY":null,"ACCOUNTS_RECE_TDAYS":2.411923368899,"INVENTORY_TDAYS":10.365408142417,"CURRENT_ASSETS_TDAYS":0.517703650925,"TOTAL_ASSETS_TDAYS":0.435895607853,"PREMIUM_EXPENSE":null,"LOAN_DEPOSIT":null,"LOAN_EQUITY":null,"LOAN_ASSETS":null,"DEPOSIT_EQUITY":null,"DEPOSIT_ASSETS":null,"EQUITY_MULTIPLIER":1.172093322846,"EQUITY_RATIO":0.173342138518},{"SECUCODE":"01647.HK","SECURITY_CODE":"01647","SECURITY_NAME_ABBR":"雄岸科技","ORG_CODE":"10549298","STD_REPORT_DATE":"2022-12-31 00:00:00","REPORT_DATE":"2023-03-31 00:00:00","DATE_TYPE_CODE":"001","REPORT_TYPE":"2022年年报","PER_NETCASH_OPERATE":0.019474466113,"PER_OI":0.250206862873,"BPS":0.249280857658,"BASIC_EPS":-0.028468,"DILUTED_EPS":-0.028468,"OPERATE_INCOME":299007209.408,"OPERATE_INCOME_YOY":29.2275047132,"GROSS_PROFIT":47069488.096,"GROSS_PROFIT_YOY":-16.733533555917,"HOLDER_PROFIT":-33275758.656,"HOLDER_PROFIT_YOY":-554.3451465516,"GROSS_PROFIT_RATIO":15.741924145974,"EPS_TTM":-0.015163753332,"OPERATE_INCOME_QOQ":0,"NET_PROFIT_RATIO":-11.2319746251,"ROE_AVG":-10.760919592312,"GROSS_PROFIT_QOQ":0,"ROA":-9.08551732284,"HOLDER_PROFIT_QOQ":0,"ROE_YEARLY":-10.760919592312,"ROIC_YEARLY":-18.423458009215,"TOTAL_ASSETS":354730193.104,"TOTAL_LIABILITIES":54622038.144,"TAX_EBT":-0.457738852128,"OCF_SALES":7.783346103954,"TOTAL_PARENT_EQUITY":297900596.136,"DEBT_ASSET_RATIO":15.3981925435,"OPERATE_PROFIT":-32989603.496,"PRETAX_PROFIT":-33431385.448,"NETCASH_OPERATE":23272765.984,"NETCASH_INVEST":-123302454.608,"NETCASH_FINANCE":12232585.728,"END_CASH":79280874.816,"DIVI_RATIO":null,"DIVIDEND_RATE":null,"CURRENT_RATIO":5.622203193733,"COMMON_ACS":5000000000,"CURRENTDEBT_DEBT":98.071154362233,"ISSUED_COMMON_SHARES":1195040000,"HK_COMMON_SHARES":1195040000,"PER_SHARES":5000,"TOTAL_MARKET_CAP":115918880,"HKSK_MARKET_CAP":115918880,"PE_TTM":27.199831794436,"PB_TTM":0.335637776489,"REPORT_DATE_SQ":"2021-12-31 00:00:00","REPORT_TYPE_SQ":"2021年年报","OPERATE_INCOME_SQ":209798073.3648,"DPS_HKD":null,"OPERATE_INCOME_QOQ_SQ":0,"NET_PROFIT_RATIO_SQ":-2.6119463752,"HOLDER_PROFIT_SQ":-4611007.9884,"HOLDER_PROFIT_QOQ_SQ":0,"ROE_AVG_SQ":-1.581369014984,"PE_TTM_SQ":-1.76057287565,"PB_TTM_SQ":0.210877561694,"ROA_SQ":-1.320947481848,"START_DATE":"2022-04-01 00:00:00","FISCAL_YEAR":"3-31","CURRENCY":"HKD","IS_CNY_CODE":0,"DPS_HKD_LY":null,"ORG_TYPE":"一般企业","PREMIUM_INCOME":null,"PREMIUM_INCOME_YOY":null,"NET_INTEREST_INCOME":null,"NET_INTEREST_INCOME_YOY":null,"FEE_COMMISSION_INCOME":null,"FEE_COMMISSION_INCOME_YOY":null,"ACCOUNTS_RECE_TDAYS":5.292829741287,"INVENTORY_TDAYS":49.92416327594,"CURRENT_ASSETS_TDAYS":0.950639208017,"TOTAL_ASSETS_TDAYS":0.816400674381,"PREMIUM_EXPENSE":null,"LOAN_DEPOSIT":null,"LOAN_EQUITY":null,"LOAN_ASSETS":null,"DEPOSIT_EQUITY":null,"DEPOSIT_ASSETS":null,"EQUITY_MULTIPLIER":1.182007843643,"EQUITY_RATIO":0.183356592274},{"SECUCODE":"01647.HK","SECURITY_CODE":"01647","SECURITY_NAME_ABBR":"雄岸科技","ORG_CODE":"10549298","STD_REPORT_DATE":"2022-06-30 00:00:00","REPORT_DATE":"2022-09-30 00:00:00","DATE_TYPE_CODE":"002","REPORT_TYPE":"2022年中报","PER_NETCASH_OPERATE":-0.016557636454,"PER_OI":0.094224931113,"BPS":0.25384194954,"BASIC_EPS":-0.0099434,"DILUTED_EPS":-0.0099434,"OPERATE_INCOME":112602561.6768,"OPERATE_INCOME_YOY":24.8089198352,"GROSS_PROFIT":14502801.8907,"GROSS_PROFIT_YOY":-38.061327120401,"HOLDER_PROFIT":-11631853.9521,"HOLDER_PROFIT_YOY":-693.2638203888,"GROSS_PROFIT_RATIO":12.879637616351,"EPS_TTM":-0.003858454937,"OPERATE_INCOME_QOQ":0,"NET_PROFIT_RATIO":-10.1709837349,"ROE_AVG":-3.805899643607,"GROSS_PROFIT_QOQ":0,"ROA":-3.304992408667,"HOLDER_PROFIT_QOQ":0,"ROE_YEARLY":-7.611799287214,"ROIC_YEARLY":-12.13848284179,"TOTAL_ASSETS":341035874.4725,"TOTAL_LIABILITIES":29093349.3147,"TAX_EBT":-3.820301690531,"OCF_SALES":-17.572458009076,"TOTAL_PARENT_EQUITY":303351283.3785,"DEBT_ASSET_RATIO":8.5308765125,"OPERATE_PROFIT":-10797548.0034,"PRETAX_PROFIT":-11031357.111,"NETCASH_OPERATE":-19787037.8678,"NETCASH_INVEST":-13385104.0703,"NETCASH_FINANCE":12827776.5003,"END_CASH":143014798.5958,"DIVI_RATIO":null,"DIVIDEND_RATE":null,"CURRENT_RATIO":10.304058982776,"COMMON_ACS":5000000000,"CURRENTDEBT_DEBT":93.145431885725,"ISSUED_COMMON_SHARES":1195040000,"HK_COMMON_SHARES":1195040000,"PER_SHARES":5000,"TOTAL_MARKET_CAP":115918880,"HKSK_MARKET_CAP":115918880,"PE_TTM":27.199831794436,"PB_TTM":0.335637776489,"REPORT_DATE_SQ":"2021-06-30 00:00:00","REPORT_TYPE_SQ":"2021年中报","OPERATE_INCOME_SQ":86436375.7296,"DPS_HKD":null,"OPERATE_INCOME_QOQ_SQ":0,"NET_PROFIT_RATIO_SQ":2.1665974254,"HOLDER_PROFIT_SQ":1878429.8416,"HOLDER_PROFIT_QOQ_SQ":0,"ROE_AVG_SQ":0.62944033793,"PE_TTM_SQ":-1.76057287565,"PB_TTM_SQ":0.210877561694,"ROA_SQ":0.531354572246,"START_DATE":"2022-04-01 00:00:00","FISCAL_YEAR":"3-31","CURRENCY":"HKD","IS_CNY_CODE":0,"DPS_HKD_LY":null,"ORG_TYPE":"一般企业","PREMIUM_INCOME":null,"PREMIUM_INCOME_YOY":null,"NET_INTEREST_INCOME":null,"NET_INTEREST_INCOME_YOY":null,"FEE_COMMISSION_INCOME":null,"FEE_COMMISSION_INCOME_YOY":null,"ACCOUNTS_RECE_TDAYS":2.694477005397,"INVENTORY_TDAYS":21.610125581347,"CURRENT_ASSETS_TDAYS":0.379017289156,"TOTAL_ASSETS_TDAYS":0.319940925213,"PREMIUM_EXPENSE":null,"LOAN_DEPOSIT":null,"LOAN_EQUITY":null,"LOAN_ASSETS":null,"DEPOSIT_EQUITY":null,"DEPOSIT_ASSETS":null,"EQUITY_MULTIPLIER":1.093265095228,"EQUITY_RATIO":0.09590646524},{"SECUCODE":"01647.HK","SECURITY_CODE":"01647","SECURITY_NAME_ABBR":"雄岸科技","ORG_CODE":"10549298","STD_REPORT_DATE":"2021-12-31 00:00:00","REPORT_DATE":"2022-03-31 00:00:00","DATE_TYPE_CODE":"001","REPORT_TYPE":"2021年年报","PER_NETCASH_OPERATE":0.078562781092,"PER_OI":0.191589415332,"BPS":0.243217604695,"BASIC_EPS":-0.00422388,"DILUTED_EPS":-0.00422388,"OPERATE_INCOME":209798073.3648,"OPERATE_INCOME_YOY":-9.0474082419,"GROSS_PROFIT":56528744.5308,"GROSS_PROFIT_YOY":-46.748915695883,"HOLDER_PROFIT":-4611007.9884,"HOLDER_PROFIT_YOY":-118.6184280343,"GROSS_PROFIT_RATIO":26.944358269919,"EPS_TTM":0.021226533086,"OPERATE_INCOME_QOQ":0,"NET_PROFIT_RATIO":-2.6119463752,"ROE_AVG":-1.581369014984,"GROSS_PROFIT_QOQ":0,"ROA":-1.320947481848,"HOLDER_PROFIT_QOQ":0,"ROE_YEARLY":-1.581369014984,"ROIC_YEARLY":-2.160944669737,"TOTAL_ASSETS":342533727.6384,"TOTAL_LIABILITIES":44576177.862,"TAX_EBT":-147.033123735856,"OCF_SALES":41.005804499268,"TOTAL_PARENT_EQUITY":290654766.3144,"DEBT_ASSET_RATIO":13.0136609231,"OPERATE_PROFIT":-2074000.1712,"PRETAX_PROFIT":-2218250.3664,"NETCASH_OPERATE":86029387.8072,"NETCASH_INVEST":-32392156.6488,"NETCASH_FINANCE":-3165018.9888,"END_CASH":152216062.1172,"DIVI_RATIO":null,"DIVIDEND_RATE":null,"CURRENT_RATIO":6.814794574601,"COMMON_ACS":5000000000,"CURRENTDEBT_DEBT":97.870338443689,"ISSUED_COMMON_SHARES":1195040000,"HK_COMMON_SHARES":1195040000,"PER_SHARES":5000,"TOTAL_MARKET_CAP":115918880,"HKSK_MARKET_CAP":115918880,"PE_TTM":27.199831794436,"PB_TTM":0.335637776489,"REPORT_DATE_SQ":"2020-12-31 00:00:00","REPORT_TYPE_SQ":"2020年年报","OPERATE_INCOME_SQ":239691315.9936,"DPS_HKD":null,"OPERATE_INCOME_QOQ_SQ":0,"NET_PROFIT_RATIO_SQ":14.2450751386,"HOLDER_PROFIT_SQ":25734678.528,"HOLDER_PROFIT_QOQ_SQ":0,"ROE_AVG_SQ":9.321446788183,"PE_TTM_SQ":-1.76057287565,"PB_TTM_SQ":0.210877561694,"ROA_SQ":7.438588485489,"START_DATE":"2021-04-01 00:00:00","FISCAL_YEAR":"3-31","CURRENCY":"HKD","IS_CNY_CODE":0,"DPS_HKD_LY":null,"ORG_TYPE":"一般企业","PREMIUM_INCOME":null,"PREMIUM_INCOME_YOY":null,"NET_INTEREST_INCOME":null,"NET_INTEREST_INCOME_YOY":null,"FEE_COMMISSION_INCOME":null,"FEE_COMMISSION_INCOME_YOY":null,"ACCOUNTS_RECE_TDAYS":4.765272769302,"INVENTORY_TDAYS":17.496801496707,"CURRENT_ASSETS_TDAYS":0.695085880087,"TOTAL_ASSETS_TDAYS":0.601023111226,"PREMIUM_EXPENSE":null,"LOAN_DEPOSIT":null,"LOAN_EQUITY":null,"LOAN_ASSETS":null,"DEPOSIT_EQUITY":null,"DEPOSIT_ASSETS":null,"EQUITY_MULTIPLIER":1.149605800879,"EQUITY_RATIO":0.153364689068},{"SECUCODE":"01647.HK","SECURITY_CODE":"01647","SECURITY_NAME_ABBR":"雄岸科技","ORG_CODE":"10549298","STD_REPORT_DATE":"2021-06-30 00:00:00","REPORT_DATE":"2021-09-30 00:00:00","DATE_TYPE_CODE":"002","REPORT_TYPE":"2021年中报","PER_NETCASH_OPERATE":0.027594475909,"PER_OI":0.078934445983,"BPS":0.25102293184,"BASIC_EPS":0.00190528,"DILUTED_EPS":0.00190528,"OPERATE_INCOME":86436375.7296,"OPERATE_INCOME_YOY":4.7194644453,"GROSS_PROFIT":23414776.6112,"GROSS_PROFIT_YOY":-13.522575497449,"HOLDER_PROFIT":1878429.8416,"HOLDER_PROFIT_YOY":-55.0786709603,"GROSS_PROFIT_RATIO":27.089030993674,"EPS_TTM":0.023501131034,"OPERATE_INCOME_QOQ":0,"NET_PROFIT_RATIO":2.1665974254,"ROE_AVG":0.62944033793,"GROSS_PROFIT_QOQ":0,"ROA":0.531354572246,"HOLDER_PROFIT_QOQ":0,"ROE_YEARLY":1.25888067586,"ROIC_YEARLY":1.638082715943,"TOTAL_ASSETS":346127797.3504,"TOTAL_LIABILITIES":37420337.4688,"TAX_EBT":42.856519963432,"OCF_SALES":34.958725009166,"TOTAL_PARENT_EQUITY":299982444.4656,"DEBT_ASSET_RATIO":10.8111332737,"OPERATE_PROFIT":3357389.152,"PRETAX_PROFIT":3277238.7856,"NETCASH_OPERATE":30217054.8992,"NETCASH_INVEST":-7152297.2768,"NETCASH_FINANCE":-1494820.7664,"END_CASH":126092063.9056,"DIVI_RATIO":null,"DIVIDEND_RATE":null,"CURRENT_RATIO":8.120091311162,"COMMON_ACS":5000000000,"CURRENTDEBT_DEBT":96.7334442106,"ISSUED_COMMON_SHARES":1195040000,"HK_COMMON_SHARES":1195040000,"PER_SHARES":5000,"TOTAL_MARKET_CAP":115918880,"HKSK_MARKET_CAP":115918880,"PE_TTM":27.199831794436,"PB_TTM":0.335637776489,"REPORT_DATE_SQ":"2020-06-30 00:00:00","REPORT_TYPE_SQ":"2020年中报","OPERATE_INCOME_SQ":86244068.0337,"DPS_HKD":null,"OPERATE_INCOME_QOQ_SQ":0,"NET_PROFIT_RATIO_SQ":6.7547497174,"HOLDER_PROFIT_SQ":4369205.5793,"HOLDER_PROFIT_QOQ_SQ":0,"ROE_AVG_SQ":1.695354329928,"PE_TTM_SQ":-1.76057287565,"PB_TTM_SQ":0.210877561694,"ROA_SQ":1.31810167726,"START_DATE":"2021-04-01 00:00:00","FISCAL_YEAR":"3-31","CURRENCY":"HKD","IS_CNY_CODE":0,"DPS_HKD_LY":null,"ORG_TYPE":"一般企业","PREMIUM_INCOME":null,"PREMIUM_INCOME_YOY":null,"NET_INTEREST_INCOME":null,"NET_INTEREST_INCOME_YOY":null,"FEE_COMMISSION_INCOME":null,"FEE_COMMISSION_INCOME_YOY":null,"ACCOUNTS_RECE_TDAYS":2.137497385065,"INVENTORY_TDAYS":5.849480491949,"CURRENT_ASSETS_TDAYS":0.285809514362,"TOTAL_ASSETS_TDAYS":0.24450401306,"PREMIUM_EXPENSE":null,"LOAN_DEPOSIT":null,"LOAN_EQUITY":null,"LOAN_ASSETS":null,"DEPOSIT_EQUITY":null,"DEPOSIT_ASSETS":null,"EQUITY_MULTIPLIER":1.121216174961,"EQUITY_RATIO":0.124741757923},{"SECUCODE":"01647.HK","SECURITY_CODE":"01647","SECURITY_NAME_ABBR":"雄岸科技","ORG_CODE":"10549298","STD_REPORT_DATE":"2020-12-31 00:00:00","REPORT_DATE":"2021-03-31 00:00:00","DATE_TYPE_CODE":"001","REPORT_TYPE":"2020年年报","PER_NETCASH_OPERATE":-0.010626056598,"PER_OI":0.218888183074,"BPS":0.254347156685,"BASIC_EPS":0.02487168,"DILUTED_EPS":0.02487168,"OPERATE_INCOME":239691315.9936,"OPERATE_INCOME_YOY":5.4442124186,"GROSS_PROFIT":106155105.1392,"GROSS_PROFIT_YOY":67.080294696948,"HOLDER_PROFIT":25734678.528,"HOLDER_PROFIT_YOY":685.9590836006,"GROSS_PROFIT_RATIO":44.288256626717,"EPS_TTM":0.001775873561,"OPERATE_INCOME_QOQ":0,"NET_PROFIT_RATIO":14.2450751386,"ROE_AVG":9.321446788183,"GROSS_PROFIT_QOQ":0,"ROA":7.438588485489,"HOLDER_PROFIT_QOQ":0,"ROE_YEARLY":9.321446788183,"ROIC_YEARLY":11.737870130527,"TOTAL_ASSETS":369514063.104,"TOTAL_LIABILITIES":55143460.1472,"TAX_EBT":22.936605941825,"OCF_SALES":-4.854559277363,"TOTAL_PARENT_EQUITY":303955026.1248,"DEBT_ASSET_RATIO":14.9232372062,"OPERATE_PROFIT":44474138.5344,"PRETAX_PROFIT":44306649.7152,"NETCASH_OPERATE":-11635957.0176,"NETCASH_INVEST":37438432.8192,"NETCASH_FINANCE":-1271318.3616,"END_CASH":105819469.1328,"DIVI_RATIO":null,"DIVIDEND_RATE":null,"CURRENT_RATIO":5.948500674762,"COMMON_ACS":5000000000,"CURRENTDEBT_DEBT":97.047916992415,"ISSUED_COMMON_SHARES":1195040000,"HK_COMMON_SHARES":1195040000,"PER_SHARES":5000,"TOTAL_MARKET_CAP":115918880,"HKSK_MARKET_CAP":115918880,"PE_TTM":27.199831794436,"PB_TTM":0.335637776489,"REPORT_DATE_SQ":"2019-12-31 00:00:00","REPORT_TYPE_SQ":"2019年年报","OPERATE_INCOME_SQ":231771838.0736,"DPS_HKD":null,"OPERATE_INCOME_QOQ_SQ":0,"NET_PROFIT_RATIO_SQ":-0.9405306792,"HOLDER_PROFIT_SQ":-4477984.3232,"HOLDER_PROFIT_QOQ_SQ":0,"ROE_AVG_SQ":-1.739689690418,"PE_TTM_SQ":-1.76057287565,"PB_TTM_SQ":0.210877561694,"ROA_SQ":-1.364455705249,"START_DATE":"2020-04-01 00:00:00","FISCAL_YEAR":"3-31","CURRENCY":"HKD","IS_CNY_CODE":0,"DPS_HKD_LY":null,"ORG_TYPE":"一般企业","PREMIUM_INCOME":null,"PREMIUM_INCOME_YOY":null,"NET_INTEREST_INCOME":null,"NET_INTEREST_INCOME_YOY":null,"FEE_COMMISSION_INCOME":null,"FEE_COMMISSION_INCOME_YOY":null,"ACCOUNTS_RECE_TDAYS":4.521369824326,"INVENTORY_TDAYS":7.842510422886,"CURRENT_ASSETS_TDAYS":0.811645171402,"TOTAL_ASSETS_TDAYS":0.692825854141,"PREMIUM_EXPENSE":null,"LOAN_DEPOSIT":null,"LOAN_EQUITY":null,"LOAN_ASSETS":null,"DEPOSIT_EQUITY":null,"DEPOSIT_ASSETS":null,"EQUITY_MULTIPLIER":1.175409086055,"EQUITY_RATIO":0.181419800325},{"SECUCODE":"01647.HK","SECURITY_CODE":"01647","SECURITY_NAME_ABBR":"雄岸科技","ORG_CODE":"10549298","STD_REPORT_DATE":"2020-06-30 00:00:00","REPORT_DATE":"2020-09-30 00:00:00","DATE_TYPE_CODE":"002","REPORT_TYPE":"2020年中报","PER_NETCASH_OPERATE":0.013182386032,"PER_OI":0.083688229505,"BPS":0.219350437311,"BASIC_EPS":0.00447921,"DILUTED_EPS":0.00447921,"OPERATE_INCOME":86244068.0337,"OPERATE_INCOME_YOY":-13.1481633326,"GROSS_PROFIT":27076172.4761,"GROSS_PROFIT_YOY":-16.72186511415,"HOLDER_PROFIT":4369205.5793,"HOLDER_PROFIT_YOY":332.5271622531,"GROSS_PROFIT_RATIO":31.394822963963,"EPS_TTM":-0.004345279488,"OPERATE_INCOME_QOQ":0,"NET_PROFIT_RATIO":6.7547497174,"ROE_AVG":1.695354329928,"GROSS_PROFIT_QOQ":0,"ROA":1.31810167726,"HOLDER_PROFIT_QOQ":0,"ROE_YEARLY":3.390708659856,"ROIC_YEARLY":4.59890728039,"TOTAL_ASSETS":333926912.1147,"TOTAL_LIABILITIES":57759582.1646,"TAX_EBT":34.293160947575,"OCF_SALES":15.751780280229,"TOTAL_PARENT_EQUITY":262132546.6036,"DEBT_ASSET_RATIO":17.2970731226,"OPERATE_PROFIT":8992183.2896,"PRETAX_PROFIT":8866003.9439,"NETCASH_OPERATE":13584976.1014,"NETCASH_INVEST":47769938.5308,"NETCASH_FINANCE":-12645889.8173,"END_CASH":128883255.6548,"DIVI_RATIO":null,"DIVIDEND_RATE":null,"CURRENT_RATIO":4.934077749652,"COMMON_ACS":5000000000,"CURRENTDEBT_DEBT":96.349853440609,"ISSUED_COMMON_SHARES":1195040000,"HK_COMMON_SHARES":1195040000,"PER_SHARES":5000,"TOTAL_MARKET_CAP":115918880,"HKSK_MARKET_CAP":115918880,"PE_TTM":27.199831794436,"PB_TTM":0.335637776489,"REPORT_DATE_SQ":"2019-06-30 00:00:00","REPORT_TYPE_SQ":"2019年中报","OPERATE_INCOME_SQ":102464646.352,"DPS_HKD":null,"OPERATE_INCOME_QOQ_SQ":0,"NET_PROFIT_RATIO_SQ":2.239489693,"HOLDER_PROFIT_SQ":-1938887.483,"HOLDER_PROFIT_QOQ_SQ":0,"ROE_AVG_SQ":-0.717840704678,"PE_TTM_SQ":-1.76057287565,"PB_TTM_SQ":0.210877561694,"ROA_SQ":-0.569710671358,"START_DATE":"2020-04-01 00:00:00","FISCAL_YEAR":"3-31","CURRENCY":"HKD","IS_CNY_CODE":0,"DPS_HKD_LY":null,"ORG_TYPE":"一般企业","PREMIUM_INCOME":null,"PREMIUM_INCOME_YOY":null,"NET_INTEREST_INCOME":null,"NET_INTEREST_INCOME_YOY":null,"FEE_COMMISSION_INCOME":null,"FEE_COMMISSION_INCOME_YOY":null,"ACCOUNTS_RECE_TDAYS":2.069281618229,"INVENTORY_TDAYS":3.021004339714,"CURRENT_ASSETS_TDAYS":0.312212636579,"TOTAL_ASSETS_TDAYS":0.260181052747,"PREMIUM_EXPENSE":null,"LOAN_DEPOSIT":null,"LOAN_EQUITY":null,"LOAN_ASSETS":null,"DEPOSIT_EQUITY":null,"DEPOSIT_ASSETS":null,"EQUITY_MULTIPLIER":1.209147049272,"EQUITY_RATIO":0.220344947291}],"count":21},"success":true,"message":"ok","code":0}