{"version":"d1a4575e6029a3ddcf63e573f4d19468","result":{"pages":3,"data":[{"SECUCODE":"01653.HK","SECURITY_CODE":"01653","SECURITY_NAME_ABBR":"MOS HOUSE","ORG_CODE":"10914807","STD_REPORT_DATE":"2024-06-30 00:00:00","REPORT_DATE":"2024-09-30 00:00:00","DATE_TYPE_CODE":"002","REPORT_TYPE":"2024年中报","PER_NETCASH_OPERATE":0.080857886892,"PER_OI":0.203035026838,"BPS":0.471070590109,"BASIC_EPS":0.015871504,"DILUTED_EPS":0.015871504,"OPERATE_INCOME":57685702.72,"OPERATE_INCOME_YOY":-21.9455053506,"GROSS_PROFIT":57685702.72,"GROSS_PROFIT_YOY":-23.292871059297,"HOLDER_PROFIT":4504441.05,"HOLDER_PROFIT_YOY":-38.2189239332,"GROSS_PROFIT_RATIO":null,"EPS_TTM":0.006901620283,"OPERATE_INCOME_QOQ":0,"NET_PROFIT_RATIO":7.8085917959,"ROE_AVG":3.423167200644,"GROSS_PROFIT_QOQ":0,"ROA":1.546662290392,"HOLDER_PROFIT_QOQ":0,"ROE_YEARLY":6.846334401288,"ROIC_YEARLY":3.114555793884,"TOTAL_ASSETS":296612257.85,"TOTAL_LIABILITIES":162773095,"TAX_EBT":15.224032586558,"OCF_SALES":39.8245997999,"TOTAL_PARENT_EQUITY":133839162.85,"DEBT_ASSET_RATIO":54.8773999362,"OPERATE_PROFIT":5748009.46,"PRETAX_PROFIT":5313346.68,"NETCASH_OPERATE":22973100.25,"NETCASH_INVEST":8116.11,"NETCASH_FINANCE":-16869785.53,"END_CASH":13903798.22,"DIVI_RATIO":null,"DIVIDEND_RATE":null,"CURRENT_RATIO":1.375495305244,"COMMON_ACS":500000000,"CURRENTDEBT_DEBT":97.592243767313,"ISSUED_COMMON_SHARES":284117000,"HK_COMMON_SHARES":284117000,"PER_SHARES":20000,"TOTAL_MARKET_CAP":98020365,"HKSK_MARKET_CAP":98020365,"PE_TTM":-105.739336569579,"PB_TTM":0.660447832092,"REPORT_DATE_SQ":"2023-06-30 00:00:00","REPORT_TYPE_SQ":"2023年中报","OPERATE_INCOME_SQ":75202531.39,"DPS_HKD":null,"OPERATE_INCOME_QOQ_SQ":0,"NET_PROFIT_RATIO_SQ":9.8654106622,"HOLDER_PROFIT_SQ":7419038.55,"HOLDER_PROFIT_QOQ_SQ":0,"ROE_AVG_SQ":6.152850973155,"PE_TTM_SQ":50.995358974359,"PB_TTM_SQ":0.66076160065,"ROA_SQ":2.598316637904,"START_DATE":"2024-04-01 00:00:00","FISCAL_YEAR":"3-31","CURRENCY":"HKD","IS_CNY_CODE":0,"DPS_HKD_LY":null,"ORG_TYPE":"一般企业","PREMIUM_INCOME":null,"PREMIUM_INCOME_YOY":null,"NET_INTEREST_INCOME":null,"NET_INTEREST_INCOME_YOY":null,"FEE_COMMISSION_INCOME":null,"FEE_COMMISSION_INCOME_YOY":null,"ACCOUNTS_RECE_TDAYS":1.193588714944,"INVENTORY_TDAYS":null,"CURRENT_ASSETS_TDAYS":0.274357082812,"TOTAL_ASSETS_TDAYS":0.198071858642,"PREMIUM_EXPENSE":null,"LOAN_DEPOSIT":null,"LOAN_EQUITY":null,"LOAN_ASSETS":null,"DEPOSIT_EQUITY":null,"DEPOSIT_ASSETS":null,"EQUITY_MULTIPLIER":2.216184347946,"EQUITY_RATIO":1.216184347943},{"SECUCODE":"01653.HK","SECURITY_CODE":"01653","SECURITY_NAME_ABBR":"MOS HOUSE","ORG_CODE":"10914807","STD_REPORT_DATE":"2023-12-31 00:00:00","REPORT_DATE":"2024-03-31 00:00:00","DATE_TYPE_CODE":"001","REPORT_TYPE":"2023年年报","PER_NETCASH_OPERATE":0.104912286136,"PER_OI":0.391114151388,"BPS":0.45761922377,"BASIC_EPS":0.007886985,"DILUTED_EPS":0.007886985,"OPERATE_INCOME":111122179.35,"OPERATE_INCOME_YOY":-20.3761083504,"GROSS_PROFIT":111122179.35,"GROSS_PROFIT_YOY":-17.543734964236,"HOLDER_PROFIT":1960867.65,"HOLDER_PROFIT_YOY":53.1869688385,"GROSS_PROFIT_RATIO":null,"EPS_TTM":0.006887262458,"OPERATE_INCOME_QOQ":0,"NET_PROFIT_RATIO":1.7646051054,"ROE_AVG":1.597606913361,"GROSS_PROFIT_QOQ":0,"ROA":0.694312925519,"HOLDER_PROFIT_QOQ":0,"ROE_YEARLY":1.597606913361,"ROIC_YEARLY":0.703025969383,"TOTAL_ASSETS":287369097.6,"TOTAL_LIABILITIES":157351696.6,"TAX_EBT":18.377358490566,"OCF_SALES":26.823955554468,"TOTAL_PARENT_EQUITY":130017401,"DEBT_ASSET_RATIO":54.7559559863,"OPERATE_PROFIT":9104481.65,"PRETAX_PROFIT":2402357.5,"NETCASH_OPERATE":29807364,"NETCASH_INVEST":230263.7,"NETCASH_FINANCE":-34693668.5,"END_CASH":-5764751.45,"DIVI_RATIO":null,"DIVIDEND_RATE":null,"CURRENT_RATIO":1.302719268659,"COMMON_ACS":500000000,"CURRENTDEBT_DEBT":99.070126518102,"ISSUED_COMMON_SHARES":284117000,"HK_COMMON_SHARES":284117000,"PER_SHARES":20000,"TOTAL_MARKET_CAP":100861535,"HKSK_MARKET_CAP":100861535,"PE_TTM":-108.804244875944,"PB_TTM":0.679591247515,"REPORT_DATE_SQ":"2022-12-31 00:00:00","REPORT_TYPE_SQ":"2022年年报","OPERATE_INCOME_SQ":134764992.45,"DPS_HKD":null,"OPERATE_INCOME_QOQ_SQ":0,"NET_PROFIT_RATIO_SQ":0.9172106921,"HOLDER_PROFIT_SQ":1236078.92,"HOLDER_PROFIT_QOQ_SQ":0,"ROE_AVG_SQ":1.1197195943,"PE_TTM_SQ":46.495726495726,"PB_TTM_SQ":0.602458562516,"ROA_SQ":0.482248672279,"START_DATE":"2023-04-01 00:00:00","FISCAL_YEAR":"3-31","CURRENCY":"HKD","IS_CNY_CODE":0,"DPS_HKD_LY":null,"ORG_TYPE":"一般企业","PREMIUM_INCOME":null,"PREMIUM_INCOME_YOY":null,"NET_INTEREST_INCOME":null,"NET_INTEREST_INCOME_YOY":null,"FEE_COMMISSION_INCOME":null,"FEE_COMMISSION_INCOME_YOY":null,"ACCOUNTS_RECE_TDAYS":1.961169242584,"INVENTORY_TDAYS":null,"CURRENT_ASSETS_TDAYS":0.577181966507,"TOTAL_ASSETS_TDAYS":0.393466460802,"PREMIUM_EXPENSE":null,"LOAN_DEPOSIT":null,"LOAN_EQUITY":null,"LOAN_ASSETS":null,"DEPOSIT_EQUITY":null,"DEPOSIT_ASSETS":null,"EQUITY_MULTIPLIER":2.210235671456,"EQUITY_RATIO":1.210235671454},{"SECUCODE":"01653.HK","SECURITY_CODE":"01653","SECURITY_NAME_ABBR":"MOS HOUSE","ORG_CODE":"10914807","STD_REPORT_DATE":"2023-06-30 00:00:00","REPORT_DATE":"2023-09-30 00:00:00","DATE_TYPE_CODE":"002","REPORT_TYPE":"2023年中报","PER_NETCASH_OPERATE":0.116145193792,"PER_OI":0.313343880792,"BPS":0.437454975767,"BASIC_EPS":0.030924131,"DILUTED_EPS":0.030832368,"OPERATE_INCOME":75202531.39,"OPERATE_INCOME_YOY":12.4106714217,"GROSS_PROFIT":75202531.39,"GROSS_PROFIT_YOY":14.050024785178,"HOLDER_PROFIT":7419038.55,"HOLDER_PROFIT_YOY":4.4303797468,"GROSS_PROFIT_RATIO":null,"EPS_TTM":0.005150328833,"OPERATE_INCOME_QOQ":0,"NET_PROFIT_RATIO":9.8654106622,"ROE_AVG":6.152850973155,"GROSS_PROFIT_QOQ":0,"ROA":2.598316637904,"HOLDER_PROFIT_QOQ":0,"ROE_YEARLY":12.30570194631,"ROIC_YEARLY":5.310772131091,"TOTAL_ASSETS":290205993.28,"TOTAL_LIABILITIES":165917597.93,"TAX_EBT":18.42397336293,"OCF_SALES":37.066367308091,"TOTAL_PARENT_EQUITY":124288395.35,"DEBT_ASSET_RATIO":57.1723540423,"OPERATE_PROFIT":12622000.65,"PRETAX_PROFIT":9094630.93,"NETCASH_OPERATE":27874846.51,"NETCASH_INVEST":-2669385.67,"NETCASH_FINANCE":-23262838.13,"END_CASH":14584811.22,"DIVI_RATIO":null,"DIVIDEND_RATE":null,"CURRENT_RATIO":1.291332589957,"COMMON_ACS":500000000,"CURRENTDEBT_DEBT":93.742637339542,"ISSUED_COMMON_SHARES":284117000,"HK_COMMON_SHARES":284117000,"PER_SHARES":20000,"TOTAL_MARKET_CAP":100861535,"HKSK_MARKET_CAP":100861535,"PE_TTM":-108.804244875944,"PB_TTM":0.679591247515,"REPORT_DATE_SQ":"2022-06-30 00:00:00","REPORT_TYPE_SQ":"2022年中报","OPERATE_INCOME_SQ":65938198.2,"DPS_HKD":null,"OPERATE_INCOME_QOQ_SQ":0,"NET_PROFIT_RATIO_SQ":10.6192990879,"HOLDER_PROFIT_SQ":7002174.48,"HOLDER_PROFIT_QOQ_SQ":0,"ROE_AVG_SQ":6.014745527009,"PE_TTM_SQ":46.495726495726,"PB_TTM_SQ":0.602458562516,"ROA_SQ":2.737115634474,"START_DATE":"2023-04-01 00:00:00","FISCAL_YEAR":"3-31","CURRENCY":"HKD","IS_CNY_CODE":0,"DPS_HKD_LY":null,"ORG_TYPE":"一般企业","PREMIUM_INCOME":null,"PREMIUM_INCOME_YOY":null,"NET_INTEREST_INCOME":null,"NET_INTEREST_INCOME_YOY":null,"FEE_COMMISSION_INCOME":null,"FEE_COMMISSION_INCOME_YOY":null,"ACCOUNTS_RECE_TDAYS":1.127640984362,"INVENTORY_TDAYS":null,"CURRENT_ASSETS_TDAYS":0.39061788769,"TOTAL_ASSETS_TDAYS":0.263376429717,"PREMIUM_EXPENSE":null,"LOAN_DEPOSIT":null,"LOAN_EQUITY":null,"LOAN_ASSETS":null,"DEPOSIT_EQUITY":null,"DEPOSIT_ASSETS":null,"EQUITY_MULTIPLIER":2.334940381705,"EQUITY_RATIO":1.334940381705},{"SECUCODE":"01653.HK","SECURITY_CODE":"01653","SECURITY_NAME_ABBR":"MOS HOUSE","ORG_CODE":"10914807","STD_REPORT_DATE":"2022-12-31 00:00:00","REPORT_DATE":"2023-03-31 00:00:00","DATE_TYPE_CODE":"001","REPORT_TYPE":"2022年年报","PER_NETCASH_OPERATE":0.077871367042,"PER_OI":0.561520801875,"BPS":0.392416566415,"BASIC_EPS":0.005164919,"DILUTED_EPS":0.005164919,"OPERATE_INCOME":134764992.45,"OPERATE_INCOME_YOY":-7.1692174102,"GROSS_PROFIT":134764992.45,"GROSS_PROFIT_YOY":0.202211300666,"HOLDER_PROFIT":1236078.92,"HOLDER_PROFIT_YOY":-88.1044650379,"GROSS_PROFIT_RATIO":null,"EPS_TTM":0.03483295675,"OPERATE_INCOME_QOQ":0,"NET_PROFIT_RATIO":0.9172106921,"ROE_AVG":1.1197195943,"GROSS_PROFIT_QOQ":0,"ROA":0.482248672279,"HOLDER_PROFIT_QOQ":0,"ROE_YEARLY":1.1197195943,"ROIC_YEARLY":0.489171197794,"TOTAL_ASSETS":267936738.7,"TOTAL_LIABILITIES":156444521.1,"TAX_EBT":37.604949182501,"OCF_SALES":13.867939848647,"TOTAL_PARENT_EQUITY":111492217.6,"DEBT_ASSET_RATIO":58.3886039141,"OPERATE_PROFIT":6369483.16,"PRETAX_PROFIT":1981052.83,"NETCASH_OPERATE":18689128.09,"NETCASH_INVEST":-938439.52,"NETCASH_FINANCE":-17741059.06,"END_CASH":-1070626.43,"DIVI_RATIO":null,"DIVIDEND_RATE":null,"CURRENT_RATIO":1.285025639056,"COMMON_ACS":500000000,"CURRENTDEBT_DEBT":87.408091321135,"ISSUED_COMMON_SHARES":284117000,"HK_COMMON_SHARES":284117000,"PER_SHARES":20000,"TOTAL_MARKET_CAP":93758610,"HKSK_MARKET_CAP":93758610,"PE_TTM":-101.141974110032,"PB_TTM":0.631732708958,"REPORT_DATE_SQ":"2021-12-31 00:00:00","REPORT_TYPE_SQ":"2021年年报","OPERATE_INCOME_SQ":134493032.34,"DPS_HKD":null,"OPERATE_INCOME_QOQ_SQ":0,"NET_PROFIT_RATIO_SQ":7.1577601698,"HOLDER_PROFIT_SQ":9626688.7,"HOLDER_PROFIT_QOQ_SQ":0,"ROE_AVG_SQ":9.982255636569,"PE_TTM_SQ":63.739376770538,"PB_TTM_SQ":0.664476355716,"ROA_SQ":4.571952400853,"START_DATE":"2022-04-01 00:00:00","FISCAL_YEAR":"3-31","CURRENCY":"HKD","IS_CNY_CODE":0,"DPS_HKD_LY":null,"ORG_TYPE":"一般企业","PREMIUM_INCOME":null,"PREMIUM_INCOME_YOY":null,"NET_INTEREST_INCOME":null,"NET_INTEREST_INCOME_YOY":null,"FEE_COMMISSION_INCOME":null,"FEE_COMMISSION_INCOME_YOY":null,"ACCOUNTS_RECE_TDAYS":3.065595316327,"INVENTORY_TDAYS":null,"CURRENT_ASSETS_TDAYS":0.7913974183,"TOTAL_ASSETS_TDAYS":0.525777421063,"PREMIUM_EXPENSE":null,"LOAN_DEPOSIT":null,"LOAN_EQUITY":null,"LOAN_ASSETS":null,"DEPOSIT_EQUITY":null,"DEPOSIT_ASSETS":null,"EQUITY_MULTIPLIER":2.403187814068,"EQUITY_RATIO":1.40318781407},{"SECUCODE":"01653.HK","SECURITY_CODE":"01653","SECURITY_NAME_ABBR":"MOS HOUSE","ORG_CODE":"10914807","STD_REPORT_DATE":"2022-06-30 00:00:00","REPORT_DATE":"2022-09-30 00:00:00","DATE_TYPE_CODE":"002","REPORT_TYPE":"2022年中报","PER_NETCASH_OPERATE":0.101847481,"PER_OI":0.2747424925,"BPS":0.422072212222,"BASIC_EPS":0.029213412,"DILUTED_EPS":0.029213412,"OPERATE_INCOME":65938198.2,"OPERATE_INCOME_YOY":-4.337956463,"GROSS_PROFIT":65938198.2,"GROSS_PROFIT_YOY":3.858760061249,"HOLDER_PROFIT":7002174.48,"HOLDER_PROFIT_YOY":-22.0028208745,"GROSS_PROFIT_RATIO":null,"EPS_TTM":0.040111202917,"OPERATE_INCOME_QOQ":0,"NET_PROFIT_RATIO":10.6192990879,"ROE_AVG":6.014745527009,"GROSS_PROFIT_QOQ":0,"ROA":2.737115634474,"HOLDER_PROFIT_QOQ":0,"ROE_YEARLY":12.029491054018,"ROIC_YEARLY":5.530691336417,"TOTAL_ASSETS":258837161.4,"TOTAL_LIABILITIES":138919270.68,"TAX_EBT":11.600822105504,"OCF_SALES":37.070159796996,"TOTAL_PARENT_EQUITY":119917890.72,"DEBT_ASSET_RATIO":53.6705278054,"OPERATE_PROFIT":10357646.88,"PRETAX_PROFIT":7921085.52,"NETCASH_OPERATE":24443395.44,"NETCASH_INVEST":-751589.64,"NETCASH_FINANCE":-25515156.84,"END_CASH":10627170,"DIVI_RATIO":null,"DIVIDEND_RATE":null,"CURRENT_RATIO":1.524449127169,"COMMON_ACS":500000000,"CURRENTDEBT_DEBT":85.891651529652,"ISSUED_COMMON_SHARES":284117000,"HK_COMMON_SHARES":284117000,"PER_SHARES":20000,"TOTAL_MARKET_CAP":93758610,"HKSK_MARKET_CAP":93758610,"PE_TTM":-101.141974110032,"PB_TTM":0.631732708958,"REPORT_DATE_SQ":"2021-06-30 00:00:00","REPORT_TYPE_SQ":"2021年中报","OPERATE_INCOME_SQ":63488335.66,"DPS_HKD":null,"OPERATE_INCOME_QOQ_SQ":0,"NET_PROFIT_RATIO_SQ":13.0243665613,"HOLDER_PROFIT_SQ":8268953.56,"HOLDER_PROFIT_QOQ_SQ":0,"ROE_AVG_SQ":8.416215162075,"PE_TTM_SQ":63.739376770538,"PB_TTM_SQ":0.664476355716,"ROA_SQ":4.085664774622,"START_DATE":"2022-04-01 00:00:00","FISCAL_YEAR":"3-31","CURRENCY":"HKD","IS_CNY_CODE":0,"DPS_HKD_LY":null,"ORG_TYPE":"一般企业","PREMIUM_INCOME":null,"PREMIUM_INCOME_YOY":null,"NET_INTEREST_INCOME":null,"NET_INTEREST_INCOME_YOY":null,"FEE_COMMISSION_INCOME":null,"FEE_COMMISSION_INCOME_YOY":null,"ACCOUNTS_RECE_TDAYS":1.41538371935,"INVENTORY_TDAYS":null,"CURRENT_ASSETS_TDAYS":0.374417099776,"TOTAL_ASSETS_TDAYS":0.257749180226,"PREMIUM_EXPENSE":null,"LOAN_DEPOSIT":null,"LOAN_EQUITY":null,"LOAN_ASSETS":null,"DEPOSIT_EQUITY":null,"DEPOSIT_ASSETS":null,"EQUITY_MULTIPLIER":2.158453253686,"EQUITY_RATIO":1.158453253688},{"SECUCODE":"01653.HK","SECURITY_CODE":"01653","SECURITY_NAME_ABBR":"MOS HOUSE","ORG_CODE":"10914807","STD_REPORT_DATE":"2021-12-31 00:00:00","REPORT_DATE":"2022-03-31 00:00:00","DATE_TYPE_CODE":"001","REPORT_TYPE":"2021年年报","PER_NETCASH_OPERATE":0.123645232917,"PER_OI":0.56038763475,"BPS":0.356372038491,"BASIC_EPS":0.0401125546,"DILUTED_EPS":0.0401125546,"OPERATE_INCOME":134493032.34,"OPERATE_INCOME_YOY":12.8022691871,"GROSS_PROFIT":134493032.34,"GROSS_PROFIT_YOY":8.241757180024,"HOLDER_PROFIT":9626688.7,"HOLDER_PROFIT_YOY":18.0624627014,"GROSS_PROFIT_RATIO":null,"EPS_TTM":0.076787214667,"OPERATE_INCOME_QOQ":0,"NET_PROFIT_RATIO":7.1577601698,"ROE_AVG":9.982255636569,"GROSS_PROFIT_QOQ":0,"ROA":4.571952400853,"HOLDER_PROFIT_QOQ":0,"ROE_YEARLY":9.982255636569,"ROIC_YEARLY":4.685486242552,"TOTAL_ASSETS":226693515.2,"TOTAL_LIABILITIES":125442160.74,"TAX_EBT":16.255114999295,"OCF_SALES":22.064232907606,"TOTAL_PARENT_EQUITY":101251354.46,"DEBT_ASSET_RATIO":55.3355752719,"OPERATE_PROFIT":14414891.74,"PRETAX_PROFIT":11495255.74,"NETCASH_OPERATE":29674855.9,"NETCASH_INVEST":-27664362.11,"NETCASH_FINANCE":-11513908.97,"END_CASH":11164363.66,"DIVI_RATIO":null,"DIVIDEND_RATE":null,"CURRENT_RATIO":1.401776077296,"COMMON_ACS":500000000,"CURRENTDEBT_DEBT":86.854287081216,"ISSUED_COMMON_SHARES":284117000,"HK_COMMON_SHARES":284117000,"PER_SHARES":20000,"TOTAL_MARKET_CAP":93758610,"HKSK_MARKET_CAP":93758610,"PE_TTM":-101.141974110032,"PB_TTM":0.631732708958,"REPORT_DATE_SQ":"2020-12-31 00:00:00","REPORT_TYPE_SQ":"2020年年报","OPERATE_INCOME_SQ":124252447.34,"DPS_HKD":null,"OPERATE_INCOME_QOQ_SQ":0,"NET_PROFIT_RATIO_SQ":6.838850986,"HOLDER_PROFIT_SQ":8497439.72,"HOLDER_PROFIT_QOQ_SQ":0,"ROE_AVG_SQ":10.043153394334,"PE_TTM_SQ":63.739376770538,"PB_TTM_SQ":0.664476355716,"ROA_SQ":3.617444617549,"START_DATE":"2021-04-01 00:00:00","FISCAL_YEAR":"3-31","CURRENCY":"HKD","IS_CNY_CODE":0,"DPS_HKD_LY":null,"ORG_TYPE":"一般企业","PREMIUM_INCOME":null,"PREMIUM_INCOME_YOY":null,"NET_INTEREST_INCOME":null,"NET_INTEREST_INCOME_YOY":null,"FEE_COMMISSION_INCOME":null,"FEE_COMMISSION_INCOME_YOY":null,"ACCOUNTS_RECE_TDAYS":3.819079970062,"INVENTORY_TDAYS":null,"CURRENT_ASSETS_TDAYS":0.91622259976,"TOTAL_ASSETS_TDAYS":0.638740652437,"PREMIUM_EXPENSE":null,"LOAN_DEPOSIT":null,"LOAN_EQUITY":null,"LOAN_ASSETS":null,"DEPOSIT_EQUITY":null,"DEPOSIT_ASSETS":null,"EQUITY_MULTIPLIER":2.238918347404,"EQUITY_RATIO":1.238918347404},{"SECUCODE":"01653.HK","SECURITY_CODE":"01653","SECURITY_NAME_ABBR":"MOS HOUSE","ORG_CODE":"10914807","STD_REPORT_DATE":"2021-06-30 00:00:00","REPORT_DATE":"2021-09-30 00:00:00","DATE_TYPE_CODE":"002","REPORT_TYPE":"2021年中报","PER_NETCASH_OPERATE":0.06802976225,"PER_OI":0.264534731917,"BPS":0.360361189651,"BASIC_EPS":0.034488684,"DILUTED_EPS":0.034488684,"OPERATE_INCOME":63488335.66,"OPERATE_INCOME_YOY":30.0817587519,"GROSS_PROFIT":63488335.66,"GROSS_PROFIT_YOY":23.32245760412,"HOLDER_PROFIT":8268953.56,"HOLDER_PROFIT_YOY":624.6300211416,"GROSS_PROFIT_RATIO":null,"EPS_TTM":0.035405998833,"OPERATE_INCOME_QOQ":0,"NET_PROFIT_RATIO":13.0243665613,"ROE_AVG":8.416215162075,"GROSS_PROFIT_QOQ":0,"ROA":4.085664774622,"HOLDER_PROFIT_QOQ":0,"ROE_YEARLY":16.832430324151,"ROIC_YEARLY":8.406912877585,"TOTAL_ASSETS":205066882.66,"TOTAL_LIABILITIES":102682142.54,"TAX_EBT":19.887005649718,"OCF_SALES":25.716760047762,"TOTAL_PARENT_EQUITY":102384740.12,"DEBT_ASSET_RATIO":50.0725135176,"OPERATE_PROFIT":11825286.7,"PRETAX_PROFIT":10321613.4,"NETCASH_OPERATE":16327142.94,"NETCASH_INVEST":-25999802.6,"NETCASH_FINANCE":2235099.98,"END_CASH":13792141.36,"DIVI_RATIO":null,"DIVIDEND_RATE":null,"CURRENT_RATIO":1.606106161841,"COMMON_ACS":500000000,"CURRENTDEBT_DEBT":87.425664657348,"ISSUED_COMMON_SHARES":284117000,"HK_COMMON_SHARES":284117000,"PER_SHARES":20000,"TOTAL_MARKET_CAP":93758610,"HKSK_MARKET_CAP":93758610,"PE_TTM":-101.141974110032,"PB_TTM":0.631732708958,"REPORT_DATE_SQ":"2020-06-30 00:00:00","REPORT_TYPE_SQ":"2020年中报","OPERATE_INCOME_SQ":51481568.64,"DPS_HKD":null,"OPERATE_INCOME_QOQ_SQ":0,"NET_PROFIT_RATIO_SQ":-3.2293853585,"HOLDER_PROFIT_SQ":-1662538.24,"HOLDER_PROFIT_QOQ_SQ":0,"ROE_AVG_SQ":-2.00987942848,"PE_TTM_SQ":63.739376770538,"PB_TTM_SQ":0.664476355716,"ROA_SQ":-0.635794348084,"START_DATE":"2021-04-01 00:00:00","FISCAL_YEAR":"3-31","CURRENCY":"HKD","IS_CNY_CODE":0,"DPS_HKD_LY":null,"ORG_TYPE":"一般企业","PREMIUM_INCOME":null,"PREMIUM_INCOME_YOY":null,"NET_INTEREST_INCOME":null,"NET_INTEREST_INCOME_YOY":null,"FEE_COMMISSION_INCOME":null,"FEE_COMMISSION_INCOME_YOY":null,"ACCOUNTS_RECE_TDAYS":1.969785474283,"INVENTORY_TDAYS":null,"CURRENT_ASSETS_TDAYS":0.439569376473,"TOTAL_ASSETS_TDAYS":0.313693933245,"PREMIUM_EXPENSE":null,"LOAN_DEPOSIT":null,"LOAN_EQUITY":null,"LOAN_ASSETS":null,"DEPOSIT_EQUITY":null,"DEPOSIT_ASSETS":null,"EQUITY_MULTIPLIER":2.002904753382,"EQUITY_RATIO":1.002904753381},{"SECUCODE":"01653.HK","SECURITY_CODE":"01653","SECURITY_NAME_ABBR":"MOS HOUSE","ORG_CODE":"10914807","STD_REPORT_DATE":"2020-12-31 00:00:00","REPORT_DATE":"2021-03-31 00:00:00","DATE_TYPE_CODE":"001","REPORT_TYPE":"2020年年报","PER_NETCASH_OPERATE":0.167563978167,"PER_OI":0.517718530583,"BPS":0.336076530725,"BASIC_EPS":0.036596294,"DILUTED_EPS":0.036596294,"OPERATE_INCOME":124252447.34,"OPERATE_INCOME_YOY":1.1309151195,"GROSS_PROFIT":124252447.34,"GROSS_PROFIT_YOY":-6.45307339317,"HOLDER_PROFIT":8497439.72,"HOLDER_PROFIT_YOY":1634.9618320611,"GROSS_PROFIT_RATIO":null,"EPS_TTM":-0.018249305125,"OPERATE_INCOME_QOQ":0,"NET_PROFIT_RATIO":6.838850986,"ROE_AVG":10.043153394334,"GROSS_PROFIT_QOQ":0,"ROA":3.617444617549,"HOLDER_PROFIT_QOQ":0,"ROE_YEARLY":10.043153394334,"ROIC_YEARLY":3.725014356903,"TOTAL_ASSETS":202617536.94,"TOTAL_LIABILITIES":107132481.26,"TAX_EBT":12.763557483731,"OCF_SALES":32.365845197364,"TOTAL_PARENT_EQUITY":95485055.68,"DEBT_ASSET_RATIO":52.8742392578,"OPERATE_PROFIT":15496375.3,"PRETAX_PROFIT":9740699.5,"NETCASH_OPERATE":40215354.76,"NETCASH_INVEST":-901807.06,"NETCASH_FINANCE":-68905835.04,"END_CASH":21538567.12,"DIVI_RATIO":null,"DIVIDEND_RATE":null,"CURRENT_RATIO":1.530980316106,"COMMON_ACS":500000000,"CURRENTDEBT_DEBT":89.496438066537,"ISSUED_COMMON_SHARES":284117000,"HK_COMMON_SHARES":284117000,"PER_SHARES":20000,"TOTAL_MARKET_CAP":93758610,"HKSK_MARKET_CAP":93758610,"PE_TTM":-101.141974110032,"PB_TTM":0.631732708958,"REPORT_DATE_SQ":"2019-12-31 00:00:00","REPORT_TYPE_SQ":"2019年年报","OPERATE_INCOME_SQ":132823655.3,"DPS_HKD":null,"OPERATE_INCOME_QOQ_SQ":0,"NET_PROFIT_RATIO_SQ":-0.5035461481,"HOLDER_PROFIT_SQ":-598473.5,"HOLDER_PROFIT_QOQ_SQ":0,"ROE_AVG_SQ":-0.747968779441,"PE_TTM_SQ":63.739376770538,"PB_TTM_SQ":0.664476355716,"ROA_SQ":-0.227590580182,"START_DATE":"2020-04-01 00:00:00","FISCAL_YEAR":"3-31","CURRENCY":"HKD","IS_CNY_CODE":0,"DPS_HKD_LY":null,"ORG_TYPE":"一般企业","PREMIUM_INCOME":null,"PREMIUM_INCOME_YOY":null,"NET_INTEREST_INCOME":null,"NET_INTEREST_INCOME_YOY":null,"FEE_COMMISSION_INCOME":null,"FEE_COMMISSION_INCOME_YOY":null,"ACCOUNTS_RECE_TDAYS":3.147254958629,"INVENTORY_TDAYS":null,"CURRENT_ASSETS_TDAYS":0.766137626799,"TOTAL_ASSETS_TDAYS":0.528955028406,"PREMIUM_EXPENSE":null,"LOAN_DEPOSIT":null,"LOAN_EQUITY":null,"LOAN_ASSETS":null,"DEPOSIT_EQUITY":null,"DEPOSIT_ASSETS":null,"EQUITY_MULTIPLIER":2.12198165982,"EQUITY_RATIO":1.121981659822},{"SECUCODE":"01653.HK","SECURITY_CODE":"01653","SECURITY_NAME_ABBR":"MOS HOUSE","ORG_CODE":"10914807","STD_REPORT_DATE":"2020-06-30 00:00:00","REPORT_DATE":"2020-09-30 00:00:00","DATE_TYPE_CODE":"002","REPORT_TYPE":"2020年中报","PER_NETCASH_OPERATE":0.18387216,"PER_OI":0.214506536,"BPS":0.312466630297,"BASIC_EPS":-0.007381248,"DILUTED_EPS":-0.007381248,"OPERATE_INCOME":51481568.64,"OPERATE_INCOME_YOY":-23.3956589958,"GROSS_PROFIT":51481568.64,"GROSS_PROFIT_YOY":-25.373591726038,"HOLDER_PROFIT":-1662538.24,"HOLDER_PROFIT_YOY":-180.5449127288,"GROSS_PROFIT_RATIO":null,"EPS_TTM":-0.000249363958,"OPERATE_INCOME_QOQ":0,"NET_PROFIT_RATIO":-3.2293853585,"ROE_AVG":-2.00987942848,"GROSS_PROFIT_QOQ":0,"ROA":-0.635794348084,"HOLDER_PROFIT_QOQ":0,"ROE_YEARLY":-4.019758856961,"ROIC_YEARLY":-1.295242789564,"TOTAL_ASSETS":245190999.04,"TOTAL_LIABILITIES":156413917.44,"TAX_EBT":12.122619600557,"OCF_SALES":85.718674791336,"TOTAL_PARENT_EQUITY":88777081.6,"DEBT_ASSET_RATIO":63.7926832765,"OPERATE_PROFIT":1896277.76,"PRETAX_PROFIT":-1891884.16,"NETCASH_OPERATE":31030239.36,"NETCASH_INVEST":-688037.76,"NETCASH_FINANCE":-26671788.16,"END_CASH":56830337.28,"DIVI_RATIO":null,"DIVIDEND_RATE":null,"CURRENT_RATIO":1.280513836763,"COMMON_ACS":500000000,"CURRENTDEBT_DEBT":88.165863304907,"ISSUED_COMMON_SHARES":284117000,"HK_COMMON_SHARES":284117000,"PER_SHARES":20000,"TOTAL_MARKET_CAP":93758610,"HKSK_MARKET_CAP":93758610,"PE_TTM":-101.141974110032,"PB_TTM":0.631732708958,"REPORT_DATE_SQ":"2019-06-30 00:00:00","REPORT_TYPE_SQ":"2019年中报","OPERATE_INCOME_SQ":68985724.8,"DPS_HKD":null,"OPERATE_INCOME_QOQ_SQ":0,"NET_PROFIT_RATIO_SQ":2.9994769874,"HOLDER_PROFIT_SQ":2118821.49,"HOLDER_PROFIT_QOQ_SQ":0,"ROE_AVG_SQ":2.637088761781,"PE_TTM_SQ":63.739376770538,"PB_TTM_SQ":0.664476355716,"ROA_SQ":0.801493117873,"START_DATE":"2020-04-01 00:00:00","FISCAL_YEAR":"3-31","CURRENCY":"HKD","IS_CNY_CODE":0,"DPS_HKD_LY":null,"ORG_TYPE":"一般企业","PREMIUM_INCOME":null,"PREMIUM_INCOME_YOY":null,"NET_INTEREST_INCOME":null,"NET_INTEREST_INCOME_YOY":null,"FEE_COMMISSION_INCOME":null,"FEE_COMMISSION_INCOME_YOY":null,"ACCOUNTS_RECE_TDAYS":1.251030300442,"INVENTORY_TDAYS":null,"CURRENT_ASSETS_TDAYS":0.285054663819,"TOTAL_ASSETS_TDAYS":0.196877819615,"PREMIUM_EXPENSE":null,"LOAN_DEPOSIT":null,"LOAN_EQUITY":null,"LOAN_ASSETS":null,"DEPOSIT_EQUITY":null,"DEPOSIT_ASSETS":null,"EQUITY_MULTIPLIER":2.761872711078,"EQUITY_RATIO":1.761872711076}],"count":19},"success":true,"message":"ok","code":0}