{"version":"25e175a417cd0e577f01eb71928a3c88","result":{"pages":2,"data":[{"SECUCODE":"01650.HK","SECURITY_CODE":"01650","SECURITY_NAME_ABBR":"HYGIEIA GROUP","ORG_CODE":"10000034959","STD_REPORT_DATE":"2024-06-30 00:00:00","REPORT_DATE":"2024-06-30 00:00:00","DATE_TYPE_CODE":"002","REPORT_TYPE":"2024年中报","PER_NETCASH_OPERATE":-0.0066013895,"PER_OI":0.097613989,"BPS":0.07427553,"BASIC_EPS":0.00290345,"DILUTED_EPS":0.00290345,"OPERATE_INCOME":195227978,"OPERATE_INCOME_YOY":18.8367609254,"GROSS_PROFIT":32064646,"GROSS_PROFIT_YOY":47.671581004552,"HOLDER_PROFIT":5764668,"HOLDER_PROFIT_YOY":1336.8421052632,"GROSS_PROFIT_RATIO":16.424206370667,"EPS_TTM":0.0038998788,"OPERATE_INCOME_QOQ":8.08201035318,"NET_PROFIT_RATIO":3.1096208967,"ROE_AVG":3.753286703673,"GROSS_PROFIT_QOQ":21.408024453717,"ROA":2.540450627552,"HOLDER_PROFIT_QOQ":219.498676251269,"ROE_YEARLY":7.506573407345,"ROIC_YEARLY":9.087882822903,"TOTAL_ASSETS":219046826,"TOTAL_LIABILITIES":69952029,"TAX_EBT":21.070693205216,"OCF_SALES":-6.762749445676,"TOTAL_PARENT_EQUITY":148551060,"DEBT_ASSET_RATIO":31.9347375524,"OPERATE_PROFIT":8203566,"PRETAX_PROFIT":7691503,"NETCASH_OPERATE":-13202779,"NETCASH_INVEST":14290253,"NETCASH_FINANCE":-24077519,"END_CASH":41498219,"DIVI_RATIO":2.040104038618,"DIVIDEND_RATE":12.365492957746,"CURRENT_RATIO":3.277338544905,"COMMON_ACS":10000000000,"CURRENTDEBT_DEBT":84.952079088371,"ISSUED_COMMON_SHARES":2000000000,"HK_COMMON_SHARES":2000000000,"PER_SHARES":8000,"TOTAL_MARKET_CAP":142000000,"HKSK_MARKET_CAP":142000000,"PE_TTM":16.570298123044,"PB_TTM":0.87243106898,"REPORT_DATE_SQ":"2023-06-30 00:00:00","REPORT_TYPE_SQ":"2023年中报","OPERATE_INCOME_SQ":166311504,"DPS_HKD":0.0087795,"OPERATE_INCOME_QOQ_SQ":0.275404022778,"NET_PROFIT_RATIO_SQ":0.2956298201,"HOLDER_PROFIT_SQ":406159.2,"HOLDER_PROFIT_QOQ_SQ":-68.699087303254,"ROE_AVG_SQ":0.248025585797,"PE_TTM_SQ":-11.111118744339,"PB_TTM_SQ":1.034374626319,"ROA_SQ":0.170208953887,"START_DATE":"2024-01-01 00:00:00","FISCAL_YEAR":"12-31","CURRENCY":"HKD","IS_CNY_CODE":0,"DPS_HKD_LY":0.0087795,"ORG_TYPE":"一般企业","PREMIUM_INCOME":null,"PREMIUM_INCOME_YOY":null,"NET_INTEREST_INCOME":null,"NET_INTEREST_INCOME_YOY":null,"FEE_COMMISSION_INCOME":null,"FEE_COMMISSION_INCOME_YOY":null,"ACCOUNTS_RECE_TDAYS":1.896123872026,"INVENTORY_TDAYS":null,"CURRENT_ASSETS_TDAYS":0.963512017195,"TOTAL_ASSETS_TDAYS":0.860356640184,"PREMIUM_EXPENSE":null,"LOAN_DEPOSIT":null,"LOAN_EQUITY":null,"LOAN_ASSETS":null,"DEPOSIT_EQUITY":null,"DEPOSIT_ASSETS":null,"EQUITY_MULTIPLIER":1.469178203448,"EQUITY_RATIO":0.470895522388},{"SECUCODE":"01650.HK","SECURITY_CODE":"01650","SECURITY_NAME_ABBR":"HYGIEIA GROUP","ORG_CODE":"10000034959","STD_REPORT_DATE":"2023-12-31 00:00:00","REPORT_DATE":"2023-12-31 00:00:00","DATE_TYPE_CODE":"001","REPORT_TYPE":"2023年年报","PER_NETCASH_OPERATE":0.002796144,"PER_OI":0.1788940668,"BPS":0.0807897414,"BASIC_EPS":0.00107544,"DILUTED_EPS":0.00107544,"OPERATE_INCOME":357788133.6,"OPERATE_INCOME_YOY":4.9081592432,"GROSS_PROFIT":48351782.4,"GROSS_PROFIT_YOY":8.524175094274,"HOLDER_PROFIT":2441248.8,"HOLDER_PROFIT_YOY":128.3042394015,"GROSS_PROFIT_RATIO":13.514082178605,"EPS_TTM":0.0012206244,"OPERATE_INCOME_QOQ":8.537908434957,"NET_PROFIT_RATIO":0.7138777841,"ROE_AVG":1.47294995539,"GROSS_PROFIT_QOQ":34.212508421143,"ROA":0.994022726775,"HOLDER_PROFIT_QOQ":117.406255654139,"ROE_YEARLY":1.47294995539,"ROIC_YEARLY":2.203830004126,"TOTAL_ASSETS":239150970,"TOTAL_LIABILITIES":77329513.2,"TAX_EBT":13.949275362319,"OCF_SALES":1.563016622081,"TOTAL_PARENT_EQUITY":161579482.8,"DEBT_ASSET_RATIO":32.335019674,"OPERATE_PROFIT":4059786,"PRETAX_PROFIT":2968214.4,"NETCASH_OPERATE":5592288,"NETCASH_INVEST":-4382418,"NETCASH_FINANCE":-29660635.2,"END_CASH":65693252.4,"DIVI_RATIO":6.518105397533,"DIVIDEND_RATE":12.19375,"CURRENT_RATIO":3.414868105516,"COMMON_ACS":10000000000,"CURRENTDEBT_DEBT":81.19045963424,"ISSUED_COMMON_SHARES":2000000000,"HK_COMMON_SHARES":2000000000,"PER_SHARES":8000,"TOTAL_MARKET_CAP":144000000,"HKSK_MARKET_CAP":144000000,"PE_TTM":16.803682603651,"PB_TTM":0.884718830515,"REPORT_DATE_SQ":"2022-12-31 00:00:00","REPORT_TYPE_SQ":"2022年年报","OPERATE_INCOME_SQ":328738117.5,"DPS_HKD":0.0087795,"OPERATE_INCOME_QOQ_SQ":-1.202803015087,"NET_PROFIT_RATIO_SQ":-2.5210878991,"HOLDER_PROFIT_SQ":-8313692.4,"HOLDER_PROFIT_QOQ_SQ":-186.554981067922,"ROE_AVG_SQ":-4.629616267155,"PE_TTM_SQ":-7.11610975761,"PB_TTM_SQ":0.662464648317,"ROA_SQ":-3.102364489145,"START_DATE":"2023-01-01 00:00:00","FISCAL_YEAR":"12-31","CURRENCY":"HKD","IS_CNY_CODE":0,"DPS_HKD_LY":0.0057345,"ORG_TYPE":"一般企业","PREMIUM_INCOME":null,"PREMIUM_INCOME_YOY":null,"NET_INTEREST_INCOME":null,"NET_INTEREST_INCOME_YOY":null,"FEE_COMMISSION_INCOME":null,"FEE_COMMISSION_INCOME_YOY":null,"ACCOUNTS_RECE_TDAYS":4.123574615766,"INVENTORY_TDAYS":null,"CURRENT_ASSETS_TDAYS":1.615568586031,"TOTAL_ASSETS_TDAYS":1.456834453616,"PREMIUM_EXPENSE":null,"LOAN_DEPOSIT":null,"LOAN_EQUITY":null,"LOAN_ASSETS":null,"DEPOSIT_EQUITY":null,"DEPOSIT_ASSETS":null,"EQUITY_MULTIPLIER":1.477869342727,"EQUITY_RATIO":0.478584977869},{"SECUCODE":"01650.HK","SECURITY_CODE":"01650","SECURITY_NAME_ABBR":"HYGIEIA GROUP","ORG_CODE":"10000034959","STD_REPORT_DATE":"2023-06-30 00:00:00","REPORT_DATE":"2023-06-30 00:00:00","DATE_TYPE_CODE":"002","REPORT_TYPE":"2023年中报","PER_NETCASH_OPERATE":-0.0048578778,"PER_OI":0.083155752,"BPS":0.0793293048,"BASIC_EPS":0.0002030796,"DILUTED_EPS":0.0002030796,"OPERATE_INCOME":166311504,"OPERATE_INCOME_YOY":-9.3715417322,"GROSS_PROFIT":21713484.6,"GROSS_PROFIT_YOY":-28.198822358665,"HOLDER_PROFIT":406159.2,"HOLDER_PROFIT_YOY":-94.0157480315,"GROSS_PROFIT_RATIO":13.055912596401,"EPS_TTM":-0.0070125616,"OPERATE_INCOME_QOQ":0.275404022778,"NET_PROFIT_RATIO":0.2956298201,"ROE_AVG":0.248025585797,"GROSS_PROFIT_QOQ":-19.140044120375,"ROA":0.170208953887,"HOLDER_PROFIT_QOQ":-68.699087303254,"ROE_YEARLY":0.496051171595,"ROIC_YEARLY":0.758710192672,"TOTAL_ASSETS":226759750.2,"TOTAL_LIABILITIES":68015633.4,"TAX_EBT":39.869281045752,"OCF_SALES":-5.841902313625,"TOTAL_PARENT_EQUITY":158658609.6,"DEBT_ASSET_RATIO":29.9945794348,"OPERATE_PROFIT":1400180.4,"PRETAX_PROFIT":817662.6,"NETCASH_OPERATE":-9715755.6,"NETCASH_INVEST":-1384147.8,"NETCASH_FINANCE":-20949264,"END_CASH":61559839.8,"DIVI_RATIO":-1.134558089301,"DIVIDEND_RATE":12.19375,"CURRENT_RATIO":4.070167886354,"COMMON_ACS":10000000000,"CURRENTDEBT_DEBT":73.010135931484,"ISSUED_COMMON_SHARES":2000000000,"HK_COMMON_SHARES":2000000000,"PER_SHARES":8000,"TOTAL_MARKET_CAP":144000000,"HKSK_MARKET_CAP":144000000,"PE_TTM":16.803682603651,"PB_TTM":0.884718830515,"REPORT_DATE_SQ":"2022-06-30 00:00:00","REPORT_TYPE_SQ":"2022年中报","OPERATE_INCOME_SQ":165406146,"DPS_HKD":0.0087795,"OPERATE_INCOME_QOQ_SQ":-1.505186959401,"NET_PROFIT_RATIO_SQ":3.6956141884,"HOLDER_PROFIT_SQ":6117590,"HOLDER_PROFIT_QOQ_SQ":-60.429842789462,"ROE_AVG_SQ":3.313115502511,"PE_TTM_SQ":-7.11610975761,"PB_TTM_SQ":0.662464648317,"ROA_SQ":2.296315047192,"START_DATE":"2023-01-01 00:00:00","FISCAL_YEAR":"12-31","CURRENCY":"HKD","IS_CNY_CODE":0,"DPS_HKD_LY":0.0057345,"ORG_TYPE":"一般企业","PREMIUM_INCOME":null,"PREMIUM_INCOME_YOY":null,"NET_INTEREST_INCOME":null,"NET_INTEREST_INCOME_YOY":null,"FEE_COMMISSION_INCOME":null,"FEE_COMMISSION_INCOME_YOY":null,"ACCOUNTS_RECE_TDAYS":null,"INVENTORY_TDAYS":null,"CURRENT_ASSETS_TDAYS":0.774910046191,"TOTAL_ASSETS_TDAYS":0.696960874337,"PREMIUM_EXPENSE":null,"LOAN_DEPOSIT":null,"LOAN_EQUITY":null,"LOAN_ASSETS":null,"DEPOSIT_EQUITY":null,"DEPOSIT_ASSETS":null,"EQUITY_MULTIPLIER":1.428460813358,"EQUITY_RATIO":0.428691727297},{"SECUCODE":"01650.HK","SECURITY_CODE":"01650","SECURITY_NAME_ABBR":"HYGIEIA GROUP","ORG_CODE":"10000034959","STD_REPORT_DATE":"2022-12-31 00:00:00","REPORT_DATE":"2022-12-31 00:00:00","DATE_TYPE_CODE":"001","REPORT_TYPE":"2022年年报","PER_NETCASH_OPERATE":0.01317803175,"PER_OI":0.16436905875,"BPS":0.0818826138,"BASIC_EPS":-0.00414648,"DILUTED_EPS":-0.00414648,"OPERATE_INCOME":328738117.5,"OPERATE_INCOME_YOY":-11.4237832554,"GROSS_PROFIT":44553927.6,"GROSS_PROFIT_YOY":-34.646414953108,"HOLDER_PROFIT":-8313692.4,"HOLDER_PROFIT_YOY":-131.175898931,"GROSS_PROFIT_RATIO":13.553015372487,"EPS_TTM":-0.0041568462,"OPERATE_INCOME_QOQ":-1.202803015087,"NET_PROFIT_RATIO":-2.5210878991,"ROE_AVG":-4.629616267155,"GROSS_PROFIT_QOQ":-20.714430166037,"ROA":-3.102364489145,"HOLDER_PROFIT_QOQ":-186.554981067922,"ROE_YEARLY":-4.629616267155,"ROIC_YEARLY":-7.148587218112,"TOTAL_ASSETS":242937080.1,"TOTAL_LIABILITIES":79166669.4,"TAX_EBT":-16.630196936543,"OCF_SALES":8.017343318881,"TOTAL_PARENT_EQUITY":163765227.6,"DEBT_ASSET_RATIO":32.5873141175,"OPERATE_PROFIT":-5680677.6,"PRETAX_PROFIT":-7106030.1,"NETCASH_OPERATE":26356063.5,"NETCASH_INVEST":-53976803.4,"NETCASH_FINANCE":-42444405.9,"END_CASH":90781996.5,"DIVI_RATIO":-1.913989141576,"DIVIDEND_RATE":12.19375,"CURRENT_RATIO":3.933635690485,"COMMON_ACS":10000000000,"CURRENTDEBT_DEBT":70.734581642006,"ISSUED_COMMON_SHARES":2000000000,"HK_COMMON_SHARES":2000000000,"PER_SHARES":8000,"TOTAL_MARKET_CAP":144000000,"HKSK_MARKET_CAP":144000000,"PE_TTM":16.803682603651,"PB_TTM":0.884718830515,"REPORT_DATE_SQ":"2021-12-31 00:00:00","REPORT_TYPE_SQ":"2021年年报","OPERATE_INCOME_SQ":337825229.5,"DPS_HKD":0.0087795,"OPERATE_INCOME_QOQ_SQ":-2.194286915799,"NET_PROFIT_RATIO_SQ":7.1307869562,"HOLDER_PROFIT_SQ":24273595.5,"HOLDER_PROFIT_QOQ_SQ":-3.575058952813,"ROE_AVG_SQ":14.648103860608,"PE_TTM_SQ":-7.11610975761,"PB_TTM_SQ":0.662464648317,"ROA_SQ":9.523545091071,"START_DATE":"2022-01-01 00:00:00","FISCAL_YEAR":"12-31","CURRENCY":"HKD","IS_CNY_CODE":0,"DPS_HKD_LY":0.0041505,"ORG_TYPE":"一般企业","PREMIUM_INCOME":null,"PREMIUM_INCOME_YOY":null,"NET_INTEREST_INCOME":null,"NET_INTEREST_INCOME_YOY":null,"FEE_COMMISSION_INCOME":null,"FEE_COMMISSION_INCOME_YOY":null,"ACCOUNTS_RECE_TDAYS":4.232848371596,"INVENTORY_TDAYS":null,"CURRENT_ASSETS_TDAYS":1.347633010369,"TOTAL_ASSETS_TDAYS":1.226729848653,"PREMIUM_EXPENSE":null,"LOAN_DEPOSIT":null,"LOAN_EQUITY":null,"LOAN_ASSETS":null,"DEPOSIT_EQUITY":null,"DEPOSIT_ASSETS":null,"EQUITY_MULTIPLIER":1.483400322816,"EQUITY_RATIO":0.483415622231},{"SECUCODE":"01650.HK","SECURITY_CODE":"01650","SECURITY_NAME_ABBR":"HYGIEIA GROUP","ORG_CODE":"10000034959","STD_REPORT_DATE":"2022-06-30 00:00:00","REPORT_DATE":"2022-06-30 00:00:00","DATE_TYPE_CODE":"002","REPORT_TYPE":"2022年中报","PER_NETCASH_OPERATE":0.009113764,"PER_OI":0.082703073,"BPS":0.093854428,"BASIC_EPS":0.00308288,"DILUTED_EPS":0.00308288,"OPERATE_INCOME":165406146,"OPERATE_INCOME_YOY":-3.2705146624,"GROSS_PROFIT":30241126,"GROSS_PROFIT_YOY":-28.373419477953,"HOLDER_PROFIT":6117590,"HOLDER_PROFIT_YOY":-70.6561922366,"GROSS_PROFIT_RATIO":18.28295183179,"EPS_TTM":0.00480254995,"OPERATE_INCOME_QOQ":-1.505186959401,"NET_PROFIT_RATIO":3.6956141884,"ROE_AVG":3.313115502511,"GROSS_PROFIT_QOQ":-17.571904718912,"ROA":2.296315047192,"HOLDER_PROFIT_QOQ":-60.429842789462,"ROE_YEARLY":6.626231005022,"ROIC_YEARLY":10.756103241652,"TOTAL_ASSETS":260493726,"TOTAL_LIABILITIES":72818589,"TAX_EBT":30.731441048035,"OCF_SALES":11.019861378065,"TOTAL_PARENT_EQUITY":187708856,"DEBT_ASSET_RATIO":27.9540663486,"OPERATE_PROFIT":9547294,"PRETAX_PROFIT":8824744,"NETCASH_OPERATE":18227528,"NETCASH_INVEST":-2071310,"NETCASH_FINANCE":-9609915,"END_CASH":155960009,"DIVI_RATIO":1.656652939133,"DIVIDEND_RATE":12.19375,"CURRENT_RATIO":5.02707054443,"COMMON_ACS":10000000000,"CURRENTDEBT_DEBT":65.733941919693,"ISSUED_COMMON_SHARES":2000000000,"HK_COMMON_SHARES":2000000000,"PER_SHARES":8000,"TOTAL_MARKET_CAP":144000000,"HKSK_MARKET_CAP":144000000,"PE_TTM":16.803682603651,"PB_TTM":0.884718830515,"REPORT_DATE_SQ":"2021-06-30 00:00:00","REPORT_TYPE_SQ":"2021年中报","OPERATE_INCOME_SQ":170491047.3,"DPS_HKD":0.0087795,"OPERATE_INCOME_QOQ_SQ":-3.538234151269,"NET_PROFIT_RATIO_SQ":12.1721738641,"HOLDER_PROFIT_SQ":20786085.6,"HOLDER_PROFIT_QOQ_SQ":-41.978287869976,"ROE_AVG_SQ":12.239645932608,"PE_TTM_SQ":-7.11610975761,"PB_TTM_SQ":0.662464648317,"ROA_SQ":8.021573733424,"START_DATE":"2022-01-01 00:00:00","FISCAL_YEAR":"12-31","CURRENCY":"HKD","IS_CNY_CODE":0,"DPS_HKD_LY":0.0041505,"ORG_TYPE":"一般企业","PREMIUM_INCOME":null,"PREMIUM_INCOME_YOY":null,"NET_INTEREST_INCOME":null,"NET_INTEREST_INCOME_YOY":null,"FEE_COMMISSION_INCOME":null,"FEE_COMMISSION_INCOME_YOY":null,"ACCOUNTS_RECE_TDAYS":null,"INVENTORY_TDAYS":null,"CURRENT_ASSETS_TDAYS":0.676058001831,"TOTAL_ASSETS_TDAYS":0.620872961342,"PREMIUM_EXPENSE":null,"LOAN_DEPOSIT":null,"LOAN_EQUITY":null,"LOAN_ASSETS":null,"DEPOSIT_EQUITY":null,"DEPOSIT_ASSETS":null,"EQUITY_MULTIPLIER":1.388003388003,"EQUITY_RATIO":0.387933689181},{"SECUCODE":"01650.HK","SECURITY_CODE":"01650","SECURITY_NAME_ABBR":"HYGIEIA GROUP","ORG_CODE":"10000034959","STD_REPORT_DATE":"2021-12-31 00:00:00","REPORT_DATE":"2021-12-31 00:00:00","DATE_TYPE_CODE":"001","REPORT_TYPE":"2021年年报","PER_NETCASH_OPERATE":0.02327575965,"PER_OI":0.16891261475,"BPS":0.08892533815,"BASIC_EPS":0.01226654,"DILUTED_EPS":0.01226654,"OPERATE_INCOME":337825229.5,"OPERATE_INCOME_YOY":-1.3854650122,"GROSS_PROFIT":68173655,"GROSS_PROFIT_YOY":-37.601436278066,"HOLDER_PROFIT":24273595.5,"HOLDER_PROFIT_YOY":-41.5208001819,"GROSS_PROFIT_RATIO":20.180155017108,"EPS_TTM":0.01213679775,"OPERATE_INCOME_QOQ":-2.194286915799,"NET_PROFIT_RATIO":7.1307869562,"ROE_AVG":14.648103860608,"GROSS_PROFIT_QOQ":-26.215336872363,"ROA":9.523545091071,"HOLDER_PROFIT_QOQ":-3.575058952813,"ROE_YEARLY":14.648103860608,"ROIC_YEARLY":18.079592374594,"TOTAL_ASSETS":266721758.6,"TOTAL_LIABILITIES":88894671.8,"TAX_EBT":13.163265306122,"OCF_SALES":13.779763982962,"TOTAL_PARENT_EQUITY":177850676.3,"DEBT_ASSET_RATIO":33.3286164078,"OPERATE_PROFIT":29000931.3,"PRETAX_PROFIT":27741252,"NETCASH_OPERATE":46551519.3,"NETCASH_INVEST":8128941.7,"NETCASH_FINANCE":-3184582.5,"END_CASH":146339822.2,"DIVI_RATIO":0.655540172448,"DIVIDEND_RATE":12.19375,"CURRENT_RATIO":4.117145135566,"COMMON_ACS":10000000000,"CURRENTDEBT_DEBT":66.553444432651,"ISSUED_COMMON_SHARES":2000000000,"HK_COMMON_SHARES":2000000000,"PER_SHARES":8000,"TOTAL_MARKET_CAP":144000000,"HKSK_MARKET_CAP":144000000,"PE_TTM":16.803682603651,"PB_TTM":0.884718830515,"REPORT_DATE_SQ":"2020-12-31 00:00:00","REPORT_TYPE_SQ":"2020年年报","OPERATE_INCOME_SQ":358073885.4,"DPS_HKD":0.0087795,"OPERATE_INCOME_QOQ_SQ":-7.542579636195,"NET_PROFIT_RATIO_SQ":12.0945862197,"HOLDER_PROFIT_SQ":43386457.2,"HOLDER_PROFIT_QOQ_SQ":-12.157382476478,"ROE_AVG_SQ":38.81841646628,"PE_TTM_SQ":-7.11610975761,"PB_TTM_SQ":0.662464648317,"ROA_SQ":20.036666325055,"START_DATE":"2021-01-01 00:00:00","FISCAL_YEAR":"12-31","CURRENCY":"HKD","IS_CNY_CODE":0,"DPS_HKD_LY":null,"ORG_TYPE":"一般企业","PREMIUM_INCOME":null,"PREMIUM_INCOME_YOY":null,"NET_INTEREST_INCOME":null,"NET_INTEREST_INCOME_YOY":null,"FEE_COMMISSION_INCOME":null,"FEE_COMMISSION_INCOME_YOY":null,"ACCOUNTS_RECE_TDAYS":null,"INVENTORY_TDAYS":null,"CURRENT_ASSETS_TDAYS":1.463476945716,"TOTAL_ASSETS_TDAYS":1.325429438768,"PREMIUM_EXPENSE":null,"LOAN_DEPOSIT":null,"LOAN_EQUITY":null,"LOAN_ASSETS":null,"DEPOSIT_EQUITY":null,"DEPOSIT_ASSETS":null,"EQUITY_MULTIPLIER":1.499893876684,"EQUITY_RATIO":0.499827572486},{"SECUCODE":"01650.HK","SECURITY_CODE":"01650","SECURITY_NAME_ABBR":"HYGIEIA GROUP","ORG_CODE":"10000034959","STD_REPORT_DATE":"2021-06-30 00:00:00","REPORT_DATE":"2021-06-30 00:00:00","DATE_TYPE_CODE":"002","REPORT_TYPE":"2021年中报","PER_NETCASH_OPERATE":0.01600019505,"PER_OI":0.08524552365,"BPS":0.0916595295,"BASIC_EPS":0.01056594,"DILUTED_EPS":0.01056594,"OPERATE_INCOME":170491047.3,"OPERATE_INCOME_YOY":-1.5175054098,"GROSS_PROFIT":42220535.7,"GROSS_PROFIT_YOY":-28.537002191447,"HOLDER_PROFIT":20786085.6,"HOLDER_PROFIT_YOY":-43.6091205212,"GROSS_PROFIT_RATIO":24.764077861348,"EPS_TTM":0.01258678265,"OPERATE_INCOME_QOQ":-3.538234151269,"NET_PROFIT_RATIO":12.1721738641,"ROE_AVG":12.239645932608,"GROSS_PROFIT_QOQ":-15.431525906688,"ROA":8.021573733424,"HOLDER_PROFIT_QOQ":-41.978287869976,"ROE_YEARLY":24.479291865217,"ROIC_YEARLY":29.381714499075,"TOTAL_ASSETS":270848266.5,"TOTAL_LIABILITIES":87423548.1,"TAX_EBT":12.689432208527,"OCF_SALES":18.769542804023,"TOTAL_PARENT_EQUITY":183319059,"DEBT_ASSET_RATIO":32.2776841919,"OPERATE_PROFIT":24364097.1,"PRETAX_PROFIT":23768562.3,"NETCASH_OPERATE":32000390.1,"NETCASH_INVEST":4990005.3,"NETCASH_FINANCE":5062045.8,"END_CASH":138538684.2,"DIVI_RATIO":0.632104224823,"DIVIDEND_RATE":12.19375,"CURRENT_RATIO":4.557401947646,"COMMON_ACS":10000000000,"CURRENTDEBT_DEBT":61.489864308081,"ISSUED_COMMON_SHARES":2000000000,"HK_COMMON_SHARES":2000000000,"PER_SHARES":8000,"TOTAL_MARKET_CAP":144000000,"HKSK_MARKET_CAP":144000000,"PE_TTM":16.803682603651,"PB_TTM":0.884718830515,"REPORT_DATE_SQ":"2020-06-30 00:00:00","REPORT_TYPE_SQ":"2020年中报","OPERATE_INCOME_SQ":183160539.8,"DPS_HKD":0.0087795,"OPERATE_INCOME_QOQ_SQ":-1.990695068167,"NET_PROFIT_RATIO_SQ":21.2006880098,"HOLDER_PROFIT_SQ":38998977.5,"HOLDER_PROFIT_QOQ_SQ":261.872931321277,"ROE_AVG_SQ":58.791987437282,"PE_TTM_SQ":-7.11610975761,"PB_TTM_SQ":0.662464648317,"ROA_SQ":20.548587033641,"START_DATE":"2021-01-01 00:00:00","FISCAL_YEAR":"12-31","CURRENCY":"HKD","IS_CNY_CODE":0,"DPS_HKD_LY":null,"ORG_TYPE":"一般企业","PREMIUM_INCOME":null,"PREMIUM_INCOME_YOY":null,"NET_INTEREST_INCOME":null,"NET_INTEREST_INCOME_YOY":null,"FEE_COMMISSION_INCOME":null,"FEE_COMMISSION_INCOME_YOY":null,"ACCOUNTS_RECE_TDAYS":1.601579066095,"INVENTORY_TDAYS":null,"CURRENT_ASSETS_TDAYS":0.730146650486,"TOTAL_ASSETS_TDAYS":0.657943267012,"PREMIUM_EXPENSE":null,"LOAN_DEPOSIT":null,"LOAN_EQUITY":null,"LOAN_ASSETS":null,"DEPOSIT_EQUITY":null,"DEPOSIT_ASSETS":null,"EQUITY_MULTIPLIER":1.476618139925,"EQUITY_RATIO":0.476892847786},{"SECUCODE":"01650.HK","SECURITY_CODE":"01650","SECURITY_NAME_ABBR":"HYGIEIA GROUP","ORG_CODE":"10000034959","STD_REPORT_DATE":"2020-12-31 00:00:00","REPORT_DATE":"2020-12-31 00:00:00","DATE_TYPE_CODE":"001","REPORT_TYPE":"2020年年报","PER_NETCASH_OPERATE":0.0177949569,"PER_OI":0.1790369427,"BPS":0.0834516165,"BASIC_EPS":0.024657,"DILUTED_EPS":0.024657,"OPERATE_INCOME":358073885.4,"OPERATE_INCOME_YOY":-4.9270694215,"GROSS_PROFIT":109255167,"GROSS_PROFIT_YOY":50.951448405706,"HOLDER_PROFIT":43386457.2,"HOLDER_PROFIT_YOY":233.5102350265,"GROSS_PROFIT_RATIO":30.511905909573,"EPS_TTM":0.0216932286,"OPERATE_INCOME_QOQ":-7.542579636195,"NET_PROFIT_RATIO":12.0945862197,"ROE_AVG":38.81841646628,"GROSS_PROFIT_QOQ":11.678440971797,"ROA":20.036666325055,"HOLDER_PROFIT_QOQ":-12.157382476478,"ROE_YEARLY":38.81841646628,"ROIC_YEARLY":31.932346109175,"TOTAL_ASSETS":247354092.6,"TOTAL_LIABILITIES":86669355,"TAX_EBT":3.843205956422,"OCF_SALES":9.939265400559,"TOTAL_PARENT_EQUITY":160522001.4,"DEBT_ASSET_RATIO":34.2431183756,"OPERATE_PROFIT":47114595.6,"PRETAX_PROFIT":45038476.2,"NETCASH_OPERATE":35589913.8,"NETCASH_INVEST":-15326791.2,"NETCASH_FINANCE":16909770.6,"END_CASH":99076757.4,"DIVI_RATIO":0.366757693689,"DIVIDEND_RATE":12.19375,"CURRENT_RATIO":3.578218128338,"COMMON_ACS":10000000000,"CURRENTDEBT_DEBT":73.137980085349,"ISSUED_COMMON_SHARES":2000000000,"HK_COMMON_SHARES":2000000000,"PER_SHARES":8000,"TOTAL_MARKET_CAP":144000000,"HKSK_MARKET_CAP":144000000,"PE_TTM":16.803682603651,"PB_TTM":0.884718830515,"REPORT_DATE_SQ":"2019-12-31 00:00:00","REPORT_TYPE_SQ":"2019年年报","OPERATE_INCOME_SQ":395151438.6,"DPS_HKD":0.0087795,"OPERATE_INCOME_QOQ_SQ":4.235630265364,"NET_PROFIT_RATIO_SQ":3.4750045827,"HOLDER_PROFIT_SQ":13648748.2,"HOLDER_PROFIT_QOQ_SQ":-34.976658648053,"ROE_AVG_SQ":20.349442665947,"PE_TTM_SQ":-7.11610975761,"PB_TTM_SQ":0.662464648317,"ROA_SQ":7.195363109444,"START_DATE":"2020-01-01 00:00:00","FISCAL_YEAR":"12-31","CURRENCY":"HKD","IS_CNY_CODE":0,"DPS_HKD_LY":null,"ORG_TYPE":"一般企业","PREMIUM_INCOME":null,"PREMIUM_INCOME_YOY":null,"NET_INTEREST_INCOME":null,"NET_INTEREST_INCOME_YOY":null,"FEE_COMMISSION_INCOME":null,"FEE_COMMISSION_INCOME_YOY":null,"ACCOUNTS_RECE_TDAYS":null,"INVENTORY_TDAYS":null,"CURRENT_ASSETS_TDAYS":1.861080852482,"TOTAL_ASSETS_TDAYS":1.653651259978,"PREMIUM_EXPENSE":null,"LOAN_DEPOSIT":null,"LOAN_EQUITY":null,"LOAN_ASSETS":null,"DEPOSIT_EQUITY":null,"DEPOSIT_ASSETS":null,"EQUITY_MULTIPLIER":1.520753380174,"EQUITY_RATIO":0.539921968603},{"SECUCODE":"01650.HK","SECURITY_CODE":"01650","SECURITY_NAME_ABBR":"HYGIEIA GROUP","ORG_CODE":"10000034959","STD_REPORT_DATE":"2020-06-30 00:00:00","REPORT_DATE":"2020-06-30 00:00:00","DATE_TYPE_CODE":"002","REPORT_TYPE":"2020年中报","PER_NETCASH_OPERATE":28358735.3,"PER_OI":183160539.8,"BPS":0.03715700625,"BASIC_EPS":0.02591463,"DILUTED_EPS":0.02591463,"OPERATE_INCOME":183160539.8,"OPERATE_INCOME_YOY":-4.1329787234,"GROSS_PROFIT":59080275.1,"GROSS_PROFIT_YOY":75.688636401585,"HOLDER_PROFIT":38998977.5,"HOLDER_PROFIT_YOY":1097.3478939158,"GROSS_PROFIT_RATIO":32.256006214282,"EPS_TTM":49391125.2,"OPERATE_INCOME_QOQ":-1.990695068167,"NET_PROFIT_RATIO":21.2006880098,"ROE_AVG":58.791987437282,"GROSS_PROFIT_QOQ":35.166149430603,"ROA":20.548587033641,"HOLDER_PROFIT_QOQ":261.872931321277,"ROE_YEARLY":117.583974874564,"ROIC_YEARLY":56.041328197733,"TOTAL_ASSETS":195101594.8,"TOTAL_LIABILITIES":120645305.9,"TAX_EBT":5.851915732413,"OCF_SALES":15.482993952172,"TOTAL_PARENT_EQUITY":74314012.5,"DEBT_ASSET_RATIO":61.8371705386,"OPERATE_PROFIT":42708326.5,"PRETAX_PROFIT":41244912.1,"NETCASH_OPERATE":28358735.3,"NETCASH_INVEST":-1026422.6,"NETCASH_FINANCE":-54014219,"END_CASH":37078246.1,"DIVI_RATIO":1.61E-10,"DIVIDEND_RATE":12.19375,"CURRENT_RATIO":1.517952568123,"COMMON_ACS":10000000000,"CURRENTDEBT_DEBT":95.367055553216,"ISSUED_COMMON_SHARES":2000000000,"HK_COMMON_SHARES":2000000000,"PER_SHARES":8000,"TOTAL_MARKET_CAP":144000000,"HKSK_MARKET_CAP":144000000,"PE_TTM":16.803682603651,"PB_TTM":0.884718830515,"REPORT_DATE_SQ":"2019-06-30 00:00:00","REPORT_TYPE_SQ":"2019年中报","OPERATE_INCOME_SQ":191026800,"DPS_HKD":0.0087795,"OPERATE_INCOME_QOQ_SQ":2.838202445953,"NET_PROFIT_RATIO_SQ":1.7313829787,"HOLDER_PROFIT_SQ":3256600.5,"HOLDER_PROFIT_QOQ_SQ":-31.957510570928,"ROE_AVG_SQ":4.589553574625,"PE_TTM_SQ":-7.11610975761,"PB_TTM_SQ":0.662464648317,"ROA_SQ":1.780629748462,"START_DATE":"2020-01-01 00:00:00","FISCAL_YEAR":"12-31","CURRENCY":"HKD","IS_CNY_CODE":0,"DPS_HKD_LY":null,"ORG_TYPE":"一般企业","PREMIUM_INCOME":null,"PREMIUM_INCOME_YOY":null,"NET_INTEREST_INCOME":null,"NET_INTEREST_INCOME_YOY":null,"FEE_COMMISSION_INCOME":null,"FEE_COMMISSION_INCOME_YOY":null,"ACCOUNTS_RECE_TDAYS":1.331388047573,"INVENTORY_TDAYS":null,"CURRENT_ASSETS_TDAYS":1.089414431432,"TOTAL_ASSETS_TDAYS":0.965074095394,"PREMIUM_EXPENSE":null,"LOAN_DEPOSIT":null,"LOAN_EQUITY":null,"LOAN_ASSETS":null,"DEPOSIT_EQUITY":null,"DEPOSIT_ASSETS":null,"EQUITY_MULTIPLIER":2.62035078141,"EQUITY_RATIO":1.623452991453}],"count":17},"success":true,"message":"ok","code":0}