{"version":"8ffeb33a76a77bd9ef830d1de0f61584","result":{"pages":3,"data":[{"SECUCODE":"01652.HK","SECURITY_CODE":"01652","SECURITY_NAME_ABBR":"福森药业","ORG_CODE":"10912285","STD_REPORT_DATE":"2024-06-30 00:00:00","REPORT_DATE":"2024-06-30 00:00:00","DATE_TYPE_CODE":"002","REPORT_TYPE":"2024年中报","PER_NETCASH_OPERATE":-0.008351156601,"PER_OI":0.261778024311,"BPS":0.70398930882,"BASIC_EPS":-0.05,"DILUTED_EPS":-0.05,"OPERATE_INCOME":196322000,"OPERATE_INCOME_YOY":-41.6467273219,"GROSS_PROFIT":105872000,"GROSS_PROFIT_YOY":-40.89259594234,"HOLDER_PROFIT":-36941000,"HOLDER_PROFIT_YOY":-324.4834710744,"GROSS_PROFIT_RATIO":53.927730972586,"EPS_TTM":-0.119572348244,"OPERATE_INCOME_QOQ":-24.772457249544,"NET_PROFIT_RATIO":-18.820611037,"ROE_AVG":-6.815820985297,"GROSS_PROFIT_QOQ":-24.45560356053,"ROA":-2.755641489856,"HOLDER_PROFIT_QOQ":-147.192435978719,"ROE_YEARLY":-13.631641970594,"ROIC_YEARLY":-5.584349128773,"TOTAL_ASSETS":1337373000,"TOTAL_LIABILITIES":818213000,"TAX_EBT":18.479867622725,"OCF_SALES":-3.190167174336,"TOTAL_PARENT_EQUITY":520460000,"DEBT_ASSET_RATIO":61.1806130376,"OPERATE_PROFIT":-36539000,"PRETAX_PROFIT":-45325000,"NETCASH_OPERATE":-6263000,"NETCASH_INVEST":-44346000,"NETCASH_FINANCE":18703000,"END_CASH":2823000,"DIVI_RATIO":null,"DIVIDEND_RATE":null,"CURRENT_RATIO":0.729861263911,"COMMON_ACS":2000000000,"CURRENTDEBT_DEBT":84.428871210797,"ISSUED_COMMON_SHARES":739301000,"HK_COMMON_SHARES":739301000,"PER_SHARES":1000,"TOTAL_MARKET_CAP":210700785,"HKSK_MARKET_CAP":210700785,"PE_TTM":-2.142248586341,"PB_TTM":0.369485440675,"REPORT_DATE_SQ":"2023-06-30 00:00:00","REPORT_TYPE_SQ":"2023年中报","OPERATE_INCOME_SQ":336437000,"DPS_HKD":null,"OPERATE_INCOME_QOQ_SQ":34.737888835339,"NET_PROFIT_RATIO_SQ":4.8885824092,"HOLDER_PROFIT_SQ":16456000,"HOLDER_PROFIT_QOQ_SQ":67.88903337668,"ROE_AVG_SQ":2.661910943421,"PE_TTM_SQ":-75.809589875419,"PB_TTM_SQ":1.422363909125,"ROA_SQ":1.236052997951,"START_DATE":"2024-01-01 00:00:00","FISCAL_YEAR":"12-31","CURRENCY":"HKD","IS_CNY_CODE":0,"DPS_HKD_LY":null,"ORG_TYPE":"一般企业","PREMIUM_INCOME":null,"PREMIUM_INCOME_YOY":null,"NET_INTEREST_INCOME":null,"NET_INTEREST_INCOME_YOY":null,"FEE_COMMISSION_INCOME":null,"FEE_COMMISSION_INCOME_YOY":null,"ACCOUNTS_RECE_TDAYS":1.157453180871,"INVENTORY_TDAYS":0.59791177083,"CURRENT_ASSETS_TDAYS":0.366615748331,"TOTAL_ASSETS_TDAYS":0.146447862422,"PREMIUM_EXPENSE":null,"LOAN_DEPOSIT":null,"LOAN_EQUITY":null,"LOAN_ASSETS":null,"DEPOSIT_EQUITY":null,"DEPOSIT_ASSETS":null,"EQUITY_MULTIPLIER":2.57603243701,"EQUITY_RATIO":1.572095838297},{"SECUCODE":"01652.HK","SECURITY_CODE":"01652","SECURITY_NAME_ABBR":"福森药业","ORG_CODE":"10912285","STD_REPORT_DATE":"2023-12-31 00:00:00","REPORT_DATE":"2023-12-31 00:00:00","DATE_TYPE_CODE":"001","REPORT_TYPE":"2023年年报","PER_NETCASH_OPERATE":-0.097784403352,"PER_OI":0.75418824571,"BPS":0.762230809914,"BASIC_EPS":-0.05,"DILUTED_EPS":-0.05,"OPERATE_INCOME":565608000,"OPERATE_INCOME_YOY":15.0177831734,"GROSS_PROFIT":299506000,"GROSS_PROFIT_YOY":33.101354984646,"HOLDER_PROFIT":-36277000,"HOLDER_PROFIT_YOY":-4.8316717237,"GROSS_PROFIT_RATIO":52.952928530007,"EPS_TTM":-0.048372171167,"OPERATE_INCOME_QOQ":-14.635902219043,"NET_PROFIT_RATIO":-6.4169884443,"ROE_AVG":-6.160730585853,"GROSS_PROFIT_QOQ":-7.675567036368,"ROA":-2.693157011492,"HOLDER_PROFIT_QOQ":-226.466882649388,"ROE_YEARLY":-6.160730585853,"ROIC_YEARLY":-2.863645118613,"TOTAL_ASSETS":1343745000,"TOTAL_LIABILITIES":781519000,"TAX_EBT":-23.25115457756,"OCF_SALES":-12.965516753653,"TOTAL_PARENT_EQUITY":563518000,"DEBT_ASSET_RATIO":58.1597698968,"OPERATE_PROFIT":20016000,"PRETAX_PROFIT":-29448000,"NETCASH_OPERATE":-73334000,"NETCASH_INVEST":-108318000,"NETCASH_FINANCE":88503000,"END_CASH":34849000,"DIVI_RATIO":null,"DIVIDEND_RATE":null,"CURRENT_RATIO":0.852949497382,"COMMON_ACS":2000000000,"CURRENTDEBT_DEBT":85.029282717375,"ISSUED_COMMON_SHARES":739301000,"HK_COMMON_SHARES":739301000,"PER_SHARES":1000,"TOTAL_MARKET_CAP":680156920,"HKSK_MARKET_CAP":680156920,"PE_TTM":-6.915328769943,"PB_TTM":1.192724931302,"REPORT_DATE_SQ":"2022-12-31 00:00:00","REPORT_TYPE_SQ":"2022年年报","OPERATE_INCOME_SQ":491757000,"DPS_HKD":null,"OPERATE_INCOME_QOQ_SQ":45.894684376511,"NET_PROFIT_RATIO_SQ":-7.0469764538,"HOLDER_PROFIT_SQ":-34605000,"HOLDER_PROFIT_QOQ_SQ":-0.856868059806,"ROE_AVG_SQ":-5.43960086015,"PE_TTM_SQ":-79.363164400829,"PB_TTM_SQ":1.489037217366,"ROA_SQ":-2.672609402828,"START_DATE":"2023-01-01 00:00:00","FISCAL_YEAR":"12-31","CURRENCY":"HKD","IS_CNY_CODE":0,"DPS_HKD_LY":null,"ORG_TYPE":"一般企业","PREMIUM_INCOME":null,"PREMIUM_INCOME_YOY":null,"NET_INTEREST_INCOME":null,"NET_INTEREST_INCOME_YOY":null,"FEE_COMMISSION_INCOME":null,"FEE_COMMISSION_INCOME_YOY":null,"ACCOUNTS_RECE_TDAYS":2.626636109699,"INVENTORY_TDAYS":1.953995895244,"CURRENT_ASSETS_TDAYS":0.95796107576,"TOTAL_ASSETS_TDAYS":0.419899978211,"PREMIUM_EXPENSE":null,"LOAN_DEPOSIT":null,"LOAN_EQUITY":null,"LOAN_ASSETS":null,"DEPOSIT_EQUITY":null,"DEPOSIT_ASSETS":null,"EQUITY_MULTIPLIER":2.390044217093,"EQUITY_RATIO":1.386857207756},{"SECUCODE":"01652.HK","SECURITY_CODE":"01652","SECURITY_NAME_ABBR":"福森药业","ORG_CODE":"10912285","STD_REPORT_DATE":"2023-06-30 00:00:00","REPORT_DATE":"2023-06-30 00:00:00","DATE_TYPE_CODE":"002","REPORT_TYPE":"2023年中报","PER_NETCASH_OPERATE":-0.061109726689,"PER_OI":0.443591376498,"BPS":0.841657186991,"BASIC_EPS":0.02,"DILUTED_EPS":0.02,"OPERATE_INCOME":336437000,"OPERATE_INCOME_YOY":103.1489454203,"GROSS_PROFIT":179118000,"GROSS_PROFIT_YOY":124.647260231021,"HOLDER_PROFIT":16456000,"HOLDER_PROFIT_YOY":333.8496518403,"GROSS_PROFIT_RATIO":53.239685290262,"EPS_TTM":-0.014651145313,"OPERATE_INCOME_QOQ":34.737888835339,"NET_PROFIT_RATIO":4.8885824092,"ROE_AVG":2.661910943421,"GROSS_PROFIT_QOQ":44.166988858818,"ROA":1.236052997951,"HOLDER_PROFIT_QOQ":67.88903337668,"ROE_YEARLY":5.323821886841,"ROIC_YEARLY":2.677055385488,"TOTAL_ASSETS":1312401000,"TOTAL_LIABILITIES":691446000,"TAX_EBT":28.166491963662,"OCF_SALES":-13.776130449386,"TOTAL_PARENT_EQUITY":622238000,"DEBT_ASSET_RATIO":52.6855739976,"OPERATE_PROFIT":38801000,"PRETAX_PROFIT":22896000,"NETCASH_OPERATE":-46348000,"NETCASH_INVEST":-74417000,"NETCASH_FINANCE":70808000,"END_CASH":78299000,"DIVI_RATIO":null,"DIVIDEND_RATE":null,"CURRENT_RATIO":0.759628220803,"COMMON_ACS":2000000000,"CURRENTDEBT_DEBT":97.827306832348,"ISSUED_COMMON_SHARES":739301000,"HK_COMMON_SHARES":739301000,"PER_SHARES":1000,"TOTAL_MARKET_CAP":680156920,"HKSK_MARKET_CAP":680156920,"PE_TTM":-6.915328769943,"PB_TTM":1.192724931302,"REPORT_DATE_SQ":"2022-06-30 00:00:00","REPORT_TYPE_SQ":"2022年中报","OPERATE_INCOME_SQ":165611000,"DPS_HKD":null,"OPERATE_INCOME_QOQ_SQ":-12.601902173913,"NET_PROFIT_RATIO_SQ":-4.2732668724,"HOLDER_PROFIT_SQ":-7037000,"HOLDER_PROFIT_QOQ_SQ":-306.133974166416,"ROE_AVG_SQ":-1.082988599148,"PE_TTM_SQ":-79.363164400829,"PB_TTM_SQ":1.489037217366,"ROA_SQ":-0.572511320868,"START_DATE":"2023-01-01 00:00:00","FISCAL_YEAR":"12-31","CURRENCY":"HKD","IS_CNY_CODE":0,"DPS_HKD_LY":null,"ORG_TYPE":"一般企业","PREMIUM_INCOME":null,"PREMIUM_INCOME_YOY":null,"NET_INTEREST_INCOME":null,"NET_INTEREST_INCOME_YOY":null,"FEE_COMMISSION_INCOME":null,"FEE_COMMISSION_INCOME_YOY":null,"ACCOUNTS_RECE_TDAYS":1.456702084362,"INVENTORY_TDAYS":1.515991635589,"CURRENT_ASSETS_TDAYS":0.596579796185,"TOTAL_ASSETS_TDAYS":0.252706588765,"PREMIUM_EXPENSE":null,"LOAN_DEPOSIT":null,"LOAN_EQUITY":null,"LOAN_ASSETS":null,"DEPOSIT_EQUITY":null,"DEPOSIT_ASSETS":null,"EQUITY_MULTIPLIER":2.113520303404,"EQUITY_RATIO":1.111224322526},{"SECUCODE":"01652.HK","SECURITY_CODE":"01652","SECURITY_NAME_ABBR":"福森药业","ORG_CODE":"10912285","STD_REPORT_DATE":"2022-12-31 00:00:00","REPORT_DATE":"2022-12-31 00:00:00","DATE_TYPE_CODE":"001","REPORT_TYPE":"2022年年报","PER_NETCASH_OPERATE":0.145680799642,"PER_OI":0.648380423475,"BPS":0.83074011803,"BASIC_EPS":-0.05,"DILUTED_EPS":-0.05,"OPERATE_INCOME":491757000,"OPERATE_INCOME_YOY":27.5091789744,"GROSS_PROFIT":225021000,"GROSS_PROFIT_YOY":6.577844297197,"HOLDER_PROFIT":-34605000,"HOLDER_PROFIT_YOY":-307.9002703515,"GROSS_PROFIT_RATIO":45.758575881991,"EPS_TTM":-0.045626609391,"OPERATE_INCOME_QOQ":45.894684376511,"NET_PROFIT_RATIO":-7.0469764538,"ROE_AVG":-5.43960086015,"GROSS_PROFIT_QOQ":30.345702468807,"ROA":-2.672609402828,"HOLDER_PROFIT_QOQ":-0.856868059806,"ROE_YEARLY":-5.43960086015,"ROIC_YEARLY":-2.904402723701,"TOTAL_ASSETS":1350268000,"TOTAL_LIABILITIES":737375000,"TAX_EBT":-11.812344723002,"OCF_SALES":22.468414277784,"TOTAL_PARENT_EQUITY":614167000,"DEBT_ASSET_RATIO":54.6095293675,"OPERATE_PROFIT":43758000,"PRETAX_PROFIT":-30993000,"NETCASH_OPERATE":110490000,"NETCASH_INVEST":-13131000,"NETCASH_FINANCE":-51766000,"END_CASH":128106000,"DIVI_RATIO":null,"DIVIDEND_RATE":null,"CURRENT_RATIO":0.850396492365,"COMMON_ACS":2000000000,"CURRENTDEBT_DEBT":97.926021359553,"ISSUED_COMMON_SHARES":739301000,"HK_COMMON_SHARES":739301000,"PER_SHARES":1000,"TOTAL_MARKET_CAP":680156920,"HKSK_MARKET_CAP":680156920,"PE_TTM":-6.915328769943,"PB_TTM":1.192724931302,"REPORT_DATE_SQ":"2021-12-31 00:00:00","REPORT_TYPE_SQ":"2021年年报","OPERATE_INCOME_SQ":385664000,"DPS_HKD":null,"OPERATE_INCOME_QOQ_SQ":-14.970323923415,"NET_PROFIT_RATIO_SQ":4.3076356621,"HOLDER_PROFIT_SQ":16645000,"HOLDER_PROFIT_QOQ_SQ":-78.961272056221,"ROE_AVG_SQ":2.526542355824,"PE_TTM_SQ":-79.363164400829,"PB_TTM_SQ":1.489037217366,"ROA_SQ":1.341969127051,"START_DATE":"2022-01-01 00:00:00","FISCAL_YEAR":"12-31","CURRENCY":"HKD","IS_CNY_CODE":0,"DPS_HKD_LY":0.0042,"ORG_TYPE":"一般企业","PREMIUM_INCOME":null,"PREMIUM_INCOME_YOY":null,"NET_INTEREST_INCOME":null,"NET_INTEREST_INCOME_YOY":null,"FEE_COMMISSION_INCOME":null,"FEE_COMMISSION_INCOME_YOY":null,"ACCOUNTS_RECE_TDAYS":2.429809521457,"INVENTORY_TDAYS":2.294562440321,"CURRENT_ASSETS_TDAYS":0.87557487995,"TOTAL_ASSETS_TDAYS":0.379793203903,"PREMIUM_EXPENSE":null,"LOAN_DEPOSIT":null,"LOAN_EQUITY":null,"LOAN_ASSETS":null,"DEPOSIT_EQUITY":null,"DEPOSIT_ASSETS":null,"EQUITY_MULTIPLIER":2.203105599183,"EQUITY_RATIO":1.200609931826},{"SECUCODE":"01652.HK","SECURITY_CODE":"01652","SECURITY_NAME_ABBR":"福森药业","ORG_CODE":"10912285","STD_REPORT_DATE":"2022-06-30 00:00:00","REPORT_DATE":"2022-06-30 00:00:00","DATE_TYPE_CODE":"002","REPORT_TYPE":"2022年中报","PER_NETCASH_OPERATE":-0.061511283594,"PER_OI":0.219806779315,"BPS":0.867553269913,"BASIC_EPS":-0.01,"DILUTED_EPS":-0.01,"OPERATE_INCOME":165611000,"OPERATE_INCOME_YOY":-22.688271432,"GROSS_PROFIT":79733000,"GROSS_PROFIT_YOY":-32.562250490561,"HOLDER_PROFIT":-7037000,"HOLDER_PROFIT_YOY":-116.022678112,"GROSS_PROFIT_RATIO":48.144748839147,"EPS_TTM":-0.045539187645,"OPERATE_INCOME_QOQ":-12.601902173913,"NET_PROFIT_RATIO":-4.2732668724,"ROE_AVG":-1.082988599148,"GROSS_PROFIT_QOQ":-18.234477793618,"ROA":-0.572511320868,"HOLDER_PROFIT_QOQ":-306.133974166416,"ROE_YEARLY":-2.165977198296,"ROIC_YEARLY":-1.209578306315,"TOTAL_ASSETS":1218956000,"TOTAL_LIABILITIES":578838000,"TAX_EBT":3.227129768905,"OCF_SALES":-27.984252253775,"TOTAL_PARENT_EQUITY":641383000,"DEBT_ASSET_RATIO":47.4863735853,"OPERATE_PROFIT":7178000,"PRETAX_PROFIT":-7313000,"NETCASH_OPERATE":-46345000,"NETCASH_INVEST":-11799000,"NETCASH_FINANCE":28536000,"END_CASH":52627000,"DIVI_RATIO":null,"DIVIDEND_RATE":null,"CURRENT_RATIO":1.020998585747,"COMMON_ACS":2000000000,"CURRENTDEBT_DEBT":84.287831828595,"ISSUED_COMMON_SHARES":739301000,"HK_COMMON_SHARES":739301000,"PER_SHARES":1000,"TOTAL_MARKET_CAP":680156920,"HKSK_MARKET_CAP":680156920,"PE_TTM":-6.915328769943,"PB_TTM":1.192724931302,"REPORT_DATE_SQ":"2021-06-30 00:00:00","REPORT_TYPE_SQ":"2021年中报","OPERATE_INCOME_SQ":214212000,"DPS_HKD":null,"OPERATE_INCOME_QOQ_SQ":-6.837778882375,"NET_PROFIT_RATIO_SQ":20.4512352249,"HOLDER_PROFIT_SQ":43919000,"HOLDER_PROFIT_QOQ_SQ":12.811738033109,"ROE_AVG_SQ":6.474376834412,"PE_TTM_SQ":-79.363164400829,"PB_TTM_SQ":1.489037217366,"ROA_SQ":3.477087081559,"START_DATE":"2022-01-01 00:00:00","FISCAL_YEAR":"12-31","CURRENCY":"HKD","IS_CNY_CODE":0,"DPS_HKD_LY":0.0042,"ORG_TYPE":"一般企业","PREMIUM_INCOME":null,"PREMIUM_INCOME_YOY":null,"NET_INTEREST_INCOME":null,"NET_INTEREST_INCOME_YOY":null,"FEE_COMMISSION_INCOME":null,"FEE_COMMISSION_INCOME_YOY":null,"ACCOUNTS_RECE_TDAYS":1.066864650538,"INVENTORY_TDAYS":0.727588514882,"CURRENT_ASSETS_TDAYS":0.328802996356,"TOTAL_ASSETS_TDAYS":0.134736638284,"PREMIUM_EXPENSE":null,"LOAN_DEPOSIT":null,"LOAN_EQUITY":null,"LOAN_ASSETS":null,"DEPOSIT_EQUITY":null,"DEPOSIT_ASSETS":null,"EQUITY_MULTIPLIER":1.904267650653,"EQUITY_RATIO":0.902484163129},{"SECUCODE":"01652.HK","SECURITY_CODE":"01652","SECURITY_NAME_ABBR":"福森药业","ORG_CODE":"10912285","STD_REPORT_DATE":"2021-12-31 00:00:00","REPORT_DATE":"2021-12-31 00:00:00","DATE_TYPE_CODE":"001","REPORT_TYPE":"2021年年报","PER_NETCASH_OPERATE":0.06203908387,"PER_OI":0.5009052724,"BPS":0.890258500935,"BASIC_EPS":0.02,"DILUTED_EPS":0.02,"OPERATE_INCOME":385664000,"OPERATE_INCOME_YOY":-20.7844651579,"GROSS_PROFIT":211133000,"GROSS_PROFIT_YOY":-20.646679219896,"HOLDER_PROFIT":16645000,"HOLDER_PROFIT_YOY":-76.2658453466,"GROSS_PROFIT_RATIO":54.745322353136,"EPS_TTM":0.021618736151,"OPERATE_INCOME_QOQ":-14.970323923415,"NET_PROFIT_RATIO":4.3076356621,"ROE_AVG":2.526542355824,"GROSS_PROFIT_QOQ":-16.039814210953,"ROA":1.341969127051,"HOLDER_PROFIT_QOQ":-78.961272056221,"ROE_YEARLY":2.526542355824,"ROIC_YEARLY":1.581472684086,"TOTAL_ASSETS":1239336000,"TOTAL_LIABILITIES":582392000,"TAX_EBT":30.171073094868,"OCF_SALES":12.385392465981,"TOTAL_PARENT_EQUITY":658169000,"DEBT_ASSET_RATIO":46.9922603717,"OPERATE_PROFIT":52137000,"PRETAX_PROFIT":23791000,"NETCASH_OPERATE":47766000,"NETCASH_INVEST":-282977000,"NETCASH_FINANCE":20527000,"END_CASH":81063000,"DIVI_RATIO":null,"DIVIDEND_RATE":null,"CURRENT_RATIO":1.040787628815,"COMMON_ACS":2000000000,"CURRENTDEBT_DEBT":84.009739144769,"ISSUED_COMMON_SHARES":739301000,"HK_COMMON_SHARES":739301000,"PER_SHARES":1000,"TOTAL_MARKET_CAP":680156920,"HKSK_MARKET_CAP":680156920,"PE_TTM":-6.915328769943,"PB_TTM":1.192724931302,"REPORT_DATE_SQ":"2020-12-31 00:00:00","REPORT_TYPE_SQ":"2020年年报","OPERATE_INCOME_SQ":486854000,"DPS_HKD":null,"OPERATE_INCOME_QOQ_SQ":6.194964369303,"NET_PROFIT_RATIO_SQ":12.8720314509,"HOLDER_PROFIT_SQ":70131000,"HOLDER_PROFIT_QOQ_SQ":8.372351768578,"ROE_AVG_SQ":10.523172632039,"PE_TTM_SQ":-79.363164400829,"PB_TTM_SQ":1.489037217366,"ROA_SQ":5.801761764677,"START_DATE":"2021-01-01 00:00:00","FISCAL_YEAR":"12-31","CURRENCY":"HKD","IS_CNY_CODE":0,"DPS_HKD_LY":0.012243,"ORG_TYPE":"一般企业","PREMIUM_INCOME":null,"PREMIUM_INCOME_YOY":null,"NET_INTEREST_INCOME":null,"NET_INTEREST_INCOME_YOY":null,"FEE_COMMISSION_INCOME":null,"FEE_COMMISSION_INCOME_YOY":null,"ACCOUNTS_RECE_TDAYS":2.258574394383,"INVENTORY_TDAYS":1.535958813694,"CURRENT_ASSETS_TDAYS":0.659486366578,"TOTAL_ASSETS_TDAYS":0.310933722688,"PREMIUM_EXPENSE":null,"LOAN_DEPOSIT":null,"LOAN_EQUITY":null,"LOAN_ASSETS":null,"DEPOSIT_EQUITY":null,"DEPOSIT_ASSETS":null,"EQUITY_MULTIPLIER":1.886516963395,"EQUITY_RATIO":0.884866956663},{"SECUCODE":"01652.HK","SECURITY_CODE":"01652","SECURITY_NAME_ABBR":"福森药业","ORG_CODE":"10912285","STD_REPORT_DATE":"2021-06-30 00:00:00","REPORT_DATE":"2021-06-30 00:00:00","DATE_TYPE_CODE":"002","REPORT_TYPE":"2021年中报","PER_NETCASH_OPERATE":0.046498790805,"PER_OI":0.278221250133,"BPS":0.943134122637,"BASIC_EPS":0.06,"DILUTED_EPS":0.06,"OPERATE_INCOME":214212000,"OPERATE_INCOME_YOY":-13.4503963604,"GROSS_PROFIT":118232000,"GROSS_PROFIT_YOY":-10.990657301383,"HOLDER_PROFIT":43919000,"HOLDER_PROFIT_YOY":25.719929009,"GROSS_PROFIT_RATIO":55.193920041828,"EPS_TTM":0.102756859679,"OPERATE_INCOME_QOQ":-6.837778882375,"NET_PROFIT_RATIO":20.4512352249,"ROE_AVG":6.474376834412,"GROSS_PROFIT_QOQ":-5.486963809867,"ROA":3.477087081559,"HOLDER_PROFIT_QOQ":12.811738033109,"ROE_YEARLY":12.948753668823,"ROIC_YEARLY":8.066483887098,"TOTAL_ASSETS":1284848000,"TOTAL_LIABILITIES":588891000,"TAX_EBT":13.756717916412,"OCF_SALES":16.712882564936,"TOTAL_PARENT_EQUITY":697260000,"DEBT_ASSET_RATIO":45.8335149372,"OPERATE_PROFIT":46848000,"PRETAX_PROFIT":50797000,"NETCASH_OPERATE":35801000,"NETCASH_INVEST":-254374000,"NETCASH_FINANCE":-23925000,"END_CASH":53802000,"DIVI_RATIO":null,"DIVIDEND_RATE":null,"CURRENT_RATIO":0.836397335797,"COMMON_ACS":2000000000,"CURRENTDEBT_DEBT":93.541759001241,"ISSUED_COMMON_SHARES":739301000,"HK_COMMON_SHARES":739301000,"PER_SHARES":1000,"TOTAL_MARKET_CAP":680156920,"HKSK_MARKET_CAP":680156920,"PE_TTM":-6.915328769943,"PB_TTM":1.192724931302,"REPORT_DATE_SQ":"2020-06-30 00:00:00","REPORT_TYPE_SQ":"2020年中报","OPERATE_INCOME_SQ":247502000,"DPS_HKD":null,"OPERATE_INCOME_QOQ_SQ":12.534733472758,"NET_PROFIT_RATIO_SQ":13.5069615599,"HOLDER_PROFIT_SQ":34934000,"HOLDER_PROFIT_QOQ_SQ":21.108283115619,"ROE_AVG_SQ":5.204068331887,"PE_TTM_SQ":-79.363164400829,"PB_TTM_SQ":1.489037217366,"ROA_SQ":2.912453000075,"START_DATE":"2021-01-01 00:00:00","FISCAL_YEAR":"12-31","CURRENCY":"HKD","IS_CNY_CODE":0,"DPS_HKD_LY":0.012243,"ORG_TYPE":"一般企业","PREMIUM_INCOME":null,"PREMIUM_INCOME_YOY":null,"NET_INTEREST_INCOME":null,"NET_INTEREST_INCOME_YOY":null,"FEE_COMMISSION_INCOME":null,"FEE_COMMISSION_INCOME_YOY":null,"ACCOUNTS_RECE_TDAYS":1.248238026006,"INVENTORY_TDAYS":0.846600982615,"CURRENT_ASSETS_TDAYS":0.382144743039,"TOTAL_ASSETS_TDAYS":0.169592608647,"PREMIUM_EXPENSE":null,"LOAN_DEPOSIT":null,"LOAN_EQUITY":null,"LOAN_ASSETS":null,"DEPOSIT_EQUITY":null,"DEPOSIT_ASSETS":null,"EQUITY_MULTIPLIER":1.84616003575,"EQUITY_RATIO":0.844578779795},{"SECUCODE":"01652.HK","SECURITY_CODE":"01652","SECURITY_NAME_ABBR":"福森药业","ORG_CODE":"10912285","STD_REPORT_DATE":"2020-12-31 00:00:00","REPORT_DATE":"2020-12-31 00:00:00","DATE_TYPE_CODE":"001","REPORT_TYPE":"2020年年报","PER_NETCASH_OPERATE":0.197938791647,"PER_OI":0.62900058397,"BPS":0.8919803977,"BASIC_EPS":0.09,"DILUTED_EPS":0.09,"OPERATE_INCOME":486854000,"OPERATE_INCOME_YOY":19.5062201145,"GROSS_PROFIT":266067000,"GROSS_PROFIT_YOY":25.215070968714,"HOLDER_PROFIT":70131000,"HOLDER_PROFIT_YOY":31.2478945989,"GROSS_PROFIT_RATIO":54.650264761099,"EPS_TTM":0.09060712237,"OPERATE_INCOME_QOQ":6.194964369303,"NET_PROFIT_RATIO":12.8720314509,"ROE_AVG":10.523172632039,"GROSS_PROFIT_QOQ":11.559426074852,"ROA":5.801761764677,"HOLDER_PROFIT_QOQ":8.372351768578,"ROE_YEARLY":10.523172632039,"ROIC_YEARLY":7.868429792123,"TOTAL_ASSETS":1241347000,"TOTAL_LIABILITIES":583098000,"TAX_EBT":20.071424016326,"OCF_SALES":31.468777087176,"TOTAL_PARENT_EQUITY":659442000,"DEBT_ASSET_RATIO":46.9730059363,"OPERATE_PROFIT":61883000,"PRETAX_PROFIT":78405000,"NETCASH_OPERATE":153207000,"NETCASH_INVEST":-68197000,"NETCASH_FINANCE":-116330000,"END_CASH":297038000,"DIVI_RATIO":null,"DIVIDEND_RATE":null,"CURRENT_RATIO":1.205916297484,"COMMON_ACS":2000000000,"CURRENTDEBT_DEBT":93.913201554456,"ISSUED_COMMON_SHARES":739301000,"HK_COMMON_SHARES":739301000,"PER_SHARES":1000,"TOTAL_MARKET_CAP":680156920,"HKSK_MARKET_CAP":680156920,"PE_TTM":-6.915328769943,"PB_TTM":1.192724931302,"REPORT_DATE_SQ":"2019-12-31 00:00:00","REPORT_TYPE_SQ":"2019年年报","OPERATE_INCOME_SQ":407388000,"DPS_HKD":null,"OPERATE_INCOME_QOQ_SQ":5.379587212325,"NET_PROFIT_RATIO_SQ":12.8278201616,"HOLDER_PROFIT_SQ":53434000,"HOLDER_PROFIT_QOQ_SQ":-25.826288538153,"ROE_AVG_SQ":8.301200888627,"PE_TTM_SQ":-79.363164400829,"PB_TTM_SQ":1.489037217366,"ROA_SQ":4.568002185091,"START_DATE":"2020-01-01 00:00:00","FISCAL_YEAR":"12-31","CURRENCY":"HKD","IS_CNY_CODE":0,"DPS_HKD_LY":0.0091,"ORG_TYPE":"一般企业","PREMIUM_INCOME":null,"PREMIUM_INCOME_YOY":null,"NET_INTEREST_INCOME":null,"NET_INTEREST_INCOME_YOY":null,"FEE_COMMISSION_INCOME":null,"FEE_COMMISSION_INCOME_YOY":null,"ACCOUNTS_RECE_TDAYS":2.749857382503,"INVENTORY_TDAYS":2.278280251162,"CURRENT_ASSETS_TDAYS":0.729499341456,"TOTAL_ASSETS_TDAYS":0.402762105514,"PREMIUM_EXPENSE":null,"LOAN_DEPOSIT":null,"LOAN_EQUITY":null,"LOAN_ASSETS":null,"DEPOSIT_EQUITY":null,"DEPOSIT_ASSETS":null,"EQUITY_MULTIPLIER":1.885831957208,"EQUITY_RATIO":0.884229393942},{"SECUCODE":"01652.HK","SECURITY_CODE":"01652","SECURITY_NAME_ABBR":"福森药业","ORG_CODE":"10912285","STD_REPORT_DATE":"2020-06-30 00:00:00","REPORT_DATE":"2020-06-30 00:00:00","DATE_TYPE_CODE":"002","REPORT_TYPE":"2020年中报","PER_NETCASH_OPERATE":0.13456972954,"PER_OI":0.314890444456,"BPS":0.905071141524,"BASIC_EPS":0.04,"DILUTED_EPS":0.04,"OPERATE_INCOME":247502000,"OPERATE_INCOME_YOY":25.9956118247,"GROSS_PROFIT":132831000,"GROSS_PROFIT_YOY":24.349144831073,"HOLDER_PROFIT":34934000,"HOLDER_PROFIT_YOY":47.6812513211,"GROSS_PROFIT_RATIO":53.668657222972,"EPS_TTM":0.082332689563,"OPERATE_INCOME_QOQ":12.534733472758,"NET_PROFIT_RATIO":13.5069615599,"ROE_AVG":5.204068331887,"GROSS_PROFIT_QOQ":12.240691239035,"ROA":2.912453000075,"HOLDER_PROFIT_QOQ":21.108283115619,"ROE_YEARLY":10.408136663774,"ROIC_YEARLY":8.456517345011,"TOTAL_ASSETS":1222711000,"TOTAL_LIABILITIES":548825000,"TAX_EBT":20.170976908566,"OCF_SALES":42.735412239093,"TOTAL_PARENT_EQUITY":669120000,"DEBT_ASSET_RATIO":44.8859133516,"OPERATE_PROFIT":33680000,"PRETAX_PROFIT":41877000,"NETCASH_OPERATE":105771000,"NETCASH_INVEST":6746000,"NETCASH_FINANCE":-41949000,"END_CASH":402629000,"DIVI_RATIO":null,"DIVIDEND_RATE":null,"CURRENT_RATIO":1.351890668068,"COMMON_ACS":2000000000,"CURRENTDEBT_DEBT":93.273630027787,"ISSUED_COMMON_SHARES":739301000,"HK_COMMON_SHARES":739301000,"PER_SHARES":1000,"TOTAL_MARKET_CAP":680156920,"HKSK_MARKET_CAP":680156920,"PE_TTM":-6.915328769943,"PB_TTM":1.192724931302,"REPORT_DATE_SQ":"2019-06-30 00:00:00","REPORT_TYPE_SQ":"2019年中报","OPERATE_INCOME_SQ":196437000,"DPS_HKD":null,"OPERATE_INCOME_QOQ_SQ":-16.333341268794,"NET_PROFIT_RATIO_SQ":12.0812270601,"HOLDER_PROFIT_SQ":23655000,"HOLDER_PROFIT_QOQ_SQ":-29.291729648024,"ROE_AVG_SQ":3.795810888225,"PE_TTM_SQ":-79.363164400829,"PB_TTM_SQ":1.489037217366,"ROA_SQ":2.091141225627,"START_DATE":"2020-01-01 00:00:00","FISCAL_YEAR":"12-31","CURRENCY":"HKD","IS_CNY_CODE":0,"DPS_HKD_LY":0.0091,"ORG_TYPE":"一般企业","PREMIUM_INCOME":null,"PREMIUM_INCOME_YOY":null,"NET_INTEREST_INCOME":null,"NET_INTEREST_INCOME_YOY":null,"FEE_COMMISSION_INCOME":null,"FEE_COMMISSION_INCOME_YOY":null,"ACCOUNTS_RECE_TDAYS":1.629417496182,"INVENTORY_TDAYS":1.261687590084,"CURRENT_ASSETS_TDAYS":0.362258130617,"TOTAL_ASSETS_TDAYS":0.206342801404,"PREMIUM_EXPENSE":null,"LOAN_DEPOSIT":null,"LOAN_EQUITY":null,"LOAN_ASSETS":null,"DEPOSIT_EQUITY":null,"DEPOSIT_ASSETS":null,"EQUITY_MULTIPLIER":1.814418165685,"EQUITY_RATIO":0.820219093735}],"count":19},"success":true,"message":"ok","code":0}