{"version":"779478bbc24e3d0e90a2e96c0a6932e4","result":{"pages":3,"data":[{"SECUCODE":"01655.HK","SECURITY_CODE":"01655","SECURITY_NAME_ABBR":"OKURA HOLDINGS","ORG_CODE":"10529500","STD_REPORT_DATE":"2023-12-31 00:00:00","REPORT_DATE":"2024-06-30 00:00:00","DATE_TYPE_CODE":"001","REPORT_TYPE":"2023年年报","PER_NETCASH_OPERATE":0.158670773333,"PER_OI":0.48339409,"BPS":0.579282536667,"BASIC_EPS":0.15255658,"DILUTED_EPS":0.15255658,"OPERATE_INCOME":290036454,"OPERATE_INCOME_YOY":3.1667727562,"GROSS_PROFIT":53282958,"GROSS_PROFIT_YOY":36.893111991926,"HOLDER_PROFIT":91444472,"HOLDER_PROFIT_YOY":-36.5217391304,"GROSS_PROFIT_RATIO":18.371124479408,"EPS_TTM":0.35438028,"OPERATE_INCOME_QOQ":-0.760589506114,"NET_PROFIT_RATIO":31.5286132963,"ROE_AVG":30.310669533625,"GROSS_PROFIT_QOQ":-11.440918357914,"ROA":11.128048780488,"HOLDER_PROFIT_QOQ":31.819364687555,"ROE_YEARLY":30.310669533625,"ROIC_YEARLY":13.159927890806,"TOTAL_ASSETS":826310860,"TOTAL_LIABILITIES":478741338,"TAX_EBT":-7.352941176471,"OCF_SALES":32.824309733148,"TOTAL_PARENT_EQUITY":347569522,"DEBT_ASSET_RATIO":57.9371954521,"OPERATE_PROFIT":89297048,"PRETAX_PROFIT":85181152,"NETCASH_OPERATE":95202464,"NETCASH_INVEST":-45990664,"NETCASH_FINANCE":-21340026,"END_CASH":136406162,"DIVI_RATIO":null,"DIVIDEND_RATE":null,"CURRENT_RATIO":1.212074777812,"COMMON_ACS":null,"CURRENTDEBT_DEBT":30.492477338567,"ISSUED_COMMON_SHARES":600000000,"HK_COMMON_SHARES":600000000,"PER_SHARES":5000,"TOTAL_MARKET_CAP":81600000,"HKSK_MARKET_CAP":81600000,"PE_TTM":0.814425192265,"PB_TTM":0.214272762645,"REPORT_DATE_SQ":"2022-12-31 00:00:00","REPORT_TYPE_SQ":"2022年年报","OPERATE_INCOME_SQ":314790696,"DPS_HKD":null,"OPERATE_INCOME_QOQ_SQ":4.048352876798,"NET_PROFIT_RATIO_SQ":51.241247613,"HOLDER_PROFIT_SQ":161302680,"HOLDER_PROFIT_QOQ_SQ":35.68925383388,"ROE_AVG_SQ":81.746636202082,"PE_TTM_SQ":1.26891595448,"PB_TTM_SQ":0.714569670064,"ROA_SQ":17.467722686341,"START_DATE":"2023-07-01 00:00:00","FISCAL_YEAR":"6-30","CURRENCY":"HKD","IS_CNY_CODE":0,"DPS_HKD_LY":null,"ORG_TYPE":"一般企业","PREMIUM_INCOME":null,"PREMIUM_INCOME_YOY":null,"NET_INTEREST_INCOME":null,"NET_INTEREST_INCOME_YOY":null,"FEE_COMMISSION_INCOME":null,"FEE_COMMISSION_INCOME_YOY":null,"ACCOUNTS_RECE_TDAYS":617.428571428572,"INVENTORY_TDAYS":50.161137440758,"CURRENT_ASSETS_TDAYS":1.654459614648,"TOTAL_ASSETS_TDAYS":0.352950783972,"PREMIUM_EXPENSE":null,"LOAN_DEPOSIT":null,"LOAN_EQUITY":null,"LOAN_ASSETS":null,"DEPOSIT_EQUITY":null,"DEPOSIT_ASSETS":null,"EQUITY_MULTIPLIER":2.377397348437,"EQUITY_RATIO":1.377397348436},{"SECUCODE":"01655.HK","SECURITY_CODE":"01655","SECURITY_NAME_ABBR":"OKURA HOLDINGS","ORG_CODE":"10529500","STD_REPORT_DATE":"2023-06-30 00:00:00","REPORT_DATE":"2023-12-31 00:00:00","DATE_TYPE_CODE":"002","REPORT_TYPE":"2023年中报","PER_NETCASH_OPERATE":0.017825615,"PER_OI":0.267049471667,"BPS":0.571507628333,"BASIC_EPS":0.09339618,"DILUTED_EPS":0.09339618,"OPERATE_INCOME":160229683,"OPERATE_INCOME_YOY":2.7366387637,"GROSS_PROFIT":17223059,"GROSS_PROFIT_YOY":-20.543963124184,"HOLDER_PROFIT":56037708,"HOLDER_PROFIT_YOY":1140,"GROSS_PROFIT_RATIO":10.748981510498,"EPS_TTM":0.2688378,"OPERATE_INCOME_QOQ":10.702108963881,"NET_PROFIT_RATIO":34.9733625823,"ROE_AVG":17.789112935363,"GROSS_PROFIT_QOQ":176.454636638972,"ROA":6.132710537162,"HOLDER_PROFIT_QOQ":486.416282338978,"ROE_YEARLY":35.578225870726,"ROIC_YEARLY":14.074914869467,"TOTAL_ASSETS":910311477,"TOTAL_LIABILITIES":567406900,"TAX_EBT":-2.197802197802,"OCF_SALES":6.675023503604,"TOTAL_PARENT_EQUITY":342904577,"DEBT_ASSET_RATIO":62.3310717635,"OPERATE_PROFIT":57192607,"PRETAX_PROFIT":54832596,"NETCASH_OPERATE":10695369,"NETCASH_INVEST":-39969548,"NETCASH_FINANCE":9891961,"END_CASH":103237928,"DIVI_RATIO":null,"DIVIDEND_RATE":null,"CURRENT_RATIO":1.246531139077,"COMMON_ACS":null,"CURRENTDEBT_DEBT":27.424778761062,"ISSUED_COMMON_SHARES":600000000,"HK_COMMON_SHARES":600000000,"PER_SHARES":5000,"TOTAL_MARKET_CAP":71400000,"HKSK_MARKET_CAP":71400000,"PE_TTM":0.712622043232,"PB_TTM":0.187488667314,"REPORT_DATE_SQ":"2022-06-30 00:00:00","REPORT_TYPE_SQ":"2022年中报","OPERATE_INCOME_SQ":162623948,"DPS_HKD":null,"OPERATE_INCOME_QOQ_SQ":-7.324986003092,"NET_PROFIT_RATIO_SQ":2.8976175145,"HOLDER_PROFIT_SQ":4712220,"HOLDER_PROFIT_QOQ_SQ":-21.051762607785,"ROE_AVG_SQ":4.067796610169,"PE_TTM_SQ":1.577571186651,"PB_TTM_SQ":0.888383914134,"ROA_SQ":0.486604849828,"START_DATE":"2023-07-01 00:00:00","FISCAL_YEAR":"6-30","CURRENCY":"HKD","IS_CNY_CODE":0,"DPS_HKD_LY":null,"ORG_TYPE":"一般企业","PREMIUM_INCOME":null,"PREMIUM_INCOME_YOY":null,"NET_INTEREST_INCOME":null,"NET_INTEREST_INCOME_YOY":null,"FEE_COMMISSION_INCOME":null,"FEE_COMMISSION_INCOME_YOY":null,"ACCOUNTS_RECE_TDAYS":290.090909090909,"INVENTORY_TDAYS":23.634854771784,"CURRENT_ASSETS_TDAYS":0.824015493867,"TOTAL_ASSETS_TDAYS":0.175353757384,"PREMIUM_EXPENSE":null,"LOAN_DEPOSIT":null,"LOAN_EQUITY":null,"LOAN_ASSETS":null,"DEPOSIT_EQUITY":null,"DEPOSIT_ASSETS":null,"EQUITY_MULTIPLIER":2.654707863525,"EQUITY_RATIO":1.654707863523},{"SECUCODE":"01655.HK","SECURITY_CODE":"01655","SECURITY_NAME_ABBR":"OKURA HOLDINGS","ORG_CODE":"10529500","STD_REPORT_DATE":"2022-12-31 00:00:00","REPORT_DATE":"2023-06-30 00:00:00","DATE_TYPE_CODE":"001","REPORT_TYPE":"2022年年报","PER_NETCASH_OPERATE":0.14376978,"PER_OI":0.52465116,"BPS":0.47739582,"BASIC_EPS":0.31158468,"DILUTED_EPS":0.31158468,"OPERATE_INCOME":314790696,"OPERATE_INCOME_YOY":12.9809421072,"GROSS_PROFIT":38923038,"GROSS_PROFIT_YOY":291.340361445783,"HOLDER_PROFIT":161302680,"HOLDER_PROFIT_YOY":343.7547312642,"GROSS_PROFIT_RATIO":12.364735837047,"EPS_TTM":-0.083486482,"OPERATE_INCOME_QOQ":4.048352876798,"NET_PROFIT_RATIO":51.241247613,"ROE_AVG":81.746636202082,"GROSS_PROFIT_QOQ":169.212209197149,"ROA":17.467722686341,"HOLDER_PROFIT_QOQ":35.68925383388,"ROE_YEARLY":81.746636202082,"ROIC_YEARLY":20.184923993105,"TOTAL_ASSETS":915017004,"TOTAL_LIABILITIES":628579512,"TAX_EBT":-2.352193261284,"OCF_SALES":27.402928071292,"TOTAL_PARENT_EQUITY":286437492,"DEBT_ASSET_RATIO":68.6959378079,"OPERATE_PROFIT":165811140,"PRETAX_PROFIT":157595724,"NETCASH_OPERATE":86261868,"NETCASH_INVEST":-32961852,"NETCASH_FINANCE":-51947478,"END_CASH":121377762,"DIVI_RATIO":null,"DIVIDEND_RATE":null,"CURRENT_RATIO":1.259571706684,"COMMON_ACS":null,"CURRENTDEBT_DEBT":24.561683136755,"ISSUED_COMMON_SHARES":600000000,"HK_COMMON_SHARES":600000000,"PER_SHARES":5000,"TOTAL_MARKET_CAP":71400000,"HKSK_MARKET_CAP":71400000,"PE_TTM":0.712622043232,"PB_TTM":0.187488667314,"REPORT_DATE_SQ":"2021-12-31 00:00:00","REPORT_TYPE_SQ":"2021年年报","OPERATE_INCOME_SQ":273294432,"DPS_HKD":null,"OPERATE_INCOME_QOQ_SQ":-6.930474807275,"NET_PROFIT_RATIO_SQ":-23.7504494786,"HOLDER_PROFIT_SQ":-64908656,"HOLDER_PROFIT_QOQ_SQ":-59.050363308397,"ROE_AVG_SQ":-46.868901898173,"PE_TTM_SQ":1.577571186651,"PB_TTM_SQ":0.888383914134,"ROA_SQ":-6.61724189751,"START_DATE":"2022-07-01 00:00:00","FISCAL_YEAR":"6-30","CURRENCY":"HKD","IS_CNY_CODE":0,"DPS_HKD_LY":null,"ORG_TYPE":"一般企业","PREMIUM_INCOME":null,"PREMIUM_INCOME_YOY":null,"NET_INTEREST_INCOME":null,"NET_INTEREST_INCOME_YOY":null,"FEE_COMMISSION_INCOME":null,"FEE_COMMISSION_INCOME_YOY":null,"ACCOUNTS_RECE_TDAYS":571.272727272727,"INVENTORY_TDAYS":50.063636363636,"CURRENT_ASSETS_TDAYS":1.551604938272,"TOTAL_ASSETS_TDAYS":0.340891830314,"PREMIUM_EXPENSE":null,"LOAN_DEPOSIT":null,"LOAN_EQUITY":null,"LOAN_ASSETS":null,"DEPOSIT_EQUITY":null,"DEPOSIT_ASSETS":null,"EQUITY_MULTIPLIER":3.19447359216,"EQUITY_RATIO":2.194473592165},{"SECUCODE":"01655.HK","SECURITY_CODE":"01655","SECURITY_NAME_ABBR":"OKURA HOLDINGS","ORG_CODE":"10529500","STD_REPORT_DATE":"2022-06-30 00:00:00","REPORT_DATE":"2022-12-31 00:00:00","DATE_TYPE_CODE":"002","REPORT_TYPE":"2022年中报","PER_NETCASH_OPERATE":0.07277762,"PER_OI":0.325247896,"BPS":0.19765145,"BASIC_EPS":0.00942444,"DILUTED_EPS":0.00942444,"OPERATE_INCOME":162623948,"OPERATE_INCOME_YOY":13.5648994516,"GROSS_PROFIT":21676212,"GROSS_PROFIT_YOY":270.070197599928,"HOLDER_PROFIT":4712220,"HOLDER_PROFIT_YOY":127.027027027,"GROSS_PROFIT_RATIO":13.329040566645,"EPS_TTM":-0.129817312,"OPERATE_INCOME_QOQ":-7.324986003092,"NET_PROFIT_RATIO":2.8976175145,"ROE_AVG":4.067796610169,"GROSS_PROFIT_QOQ":63.419465998361,"ROA":0.486604849828,"HOLDER_PROFIT_QOQ":-21.051762607785,"ROE_YEARLY":8.135593220339,"ROIC_YEARLY":1.113620193646,"TOTAL_ASSETS":962811262,"TOTAL_LIABILITIES":844220392,"TAX_EBT":44.78527607362,"OCF_SALES":22.37604636188,"TOTAL_PARENT_EQUITY":118590870,"DEBT_ASSET_RATIO":87.68285388,"OPERATE_PROFIT":13298932,"PRETAX_PROFIT":8534354,"NETCASH_OPERATE":36388810,"NETCASH_INVEST":-26597864,"NETCASH_FINANCE":-36022304,"END_CASH":95239202,"DIVI_RATIO":null,"DIVIDEND_RATE":null,"CURRENT_RATIO":1.138997395833,"COMMON_ACS":null,"CURRENTDEBT_DEBT":19.052344331431,"ISSUED_COMMON_SHARES":600000000,"HK_COMMON_SHARES":600000000,"PER_SHARES":5000,"TOTAL_MARKET_CAP":71400000,"HKSK_MARKET_CAP":71400000,"PE_TTM":0.712622043232,"PB_TTM":0.187488667314,"REPORT_DATE_SQ":"2021-06-30 00:00:00","REPORT_TYPE_SQ":"2021年中报","OPERATE_INCOME_SQ":151560025,"DPS_HKD":null,"OPERATE_INCOME_QOQ_SQ":-16.427304491273,"NET_PROFIT_RATIO_SQ":-12.1755027422,"HOLDER_PROFIT_SQ":-18453195,"HOLDER_PROFIT_QOQ_SQ":92.188323574746,"ROE_AVG_SQ":-10.054347826087,"PE_TTM_SQ":1.577571186651,"PB_TTM_SQ":0.888383914134,"ROA_SQ":-1.633994945902,"START_DATE":"2022-07-01 00:00:00","FISCAL_YEAR":"6-30","CURRENCY":"HKD","IS_CNY_CODE":0,"DPS_HKD_LY":null,"ORG_TYPE":"一般企业","PREMIUM_INCOME":null,"PREMIUM_INCOME_YOY":null,"NET_INTEREST_INCOME":null,"NET_INTEREST_INCOME_YOY":null,"FEE_COMMISSION_INCOME":null,"FEE_COMMISSION_INCOME_YOY":null,"ACCOUNTS_RECE_TDAYS":258.833333333333,"INVENTORY_TDAYS":31.485380116959,"CURRENT_ASSETS_TDAYS":0.804976026953,"TOTAL_ASSETS_TDAYS":0.167932740396,"PREMIUM_EXPENSE":null,"LOAN_DEPOSIT":null,"LOAN_EQUITY":null,"LOAN_ASSETS":null,"DEPOSIT_EQUITY":null,"DEPOSIT_ASSETS":null,"EQUITY_MULTIPLIER":8.118763796885,"EQUITY_RATIO":7.118763796909},{"SECUCODE":"01655.HK","SECURITY_CODE":"01655","SECURITY_NAME_ABBR":"OKURA HOLDINGS","ORG_CODE":"10529500","STD_REPORT_DATE":"2021-12-31 00:00:00","REPORT_DATE":"2022-06-30 00:00:00","DATE_TYPE_CODE":"001","REPORT_TYPE":"2021年年报","PER_NETCASH_OPERATE":0.132274112,"PER_OI":0.546588864,"BPS":0.1768896,"BASIC_EPS":-0.12971904,"DILUTED_EPS":-0.12971904,"OPERATE_INCOME":273294432,"OPERATE_INCOME_YOY":2.5631569242,"GROSS_PROFIT":-20342304,"GROSS_PROFIT_YOY":-1.209359641204,"HOLDER_PROFIT":-64908656,"HOLDER_PROFIT_YOY":-128.9428076256,"GROSS_PROFIT_RATIO":-7.443365695793,"EPS_TTM":-0.107241158,"OPERATE_INCOME_QOQ":-6.930474807275,"NET_PROFIT_RATIO":-23.7504494786,"ROE_AVG":-46.868901898173,"GROSS_PROFIT_QOQ":-176.675457052289,"ROA":-6.61724189751,"HOLDER_PROFIT_QOQ":-59.050363308397,"ROE_YEARLY":-46.868901898173,"ROIC_YEARLY":-7.598723000374,"TOTAL_ASSETS":914027872,"TOTAL_LIABILITIES":807894112,"TAX_EBT":-9.626556016598,"OCF_SALES":24.199928083423,"TOTAL_PARENT_EQUITY":106133760,"DEBT_ASSET_RATIO":88.3883453392,"OPERATE_PROFIT":-50511808,"PRETAX_PROFIT":-59208880,"NETCASH_OPERATE":66137056,"NETCASH_INVEST":-32675440,"NETCASH_FINANCE":-46040432,"END_CASH":114978240,"DIVI_RATIO":null,"DIVIDEND_RATE":null,"CURRENT_RATIO":1.531034482759,"COMMON_ACS":null,"CURRENTDEBT_DEBT":16.755869115679,"ISSUED_COMMON_SHARES":600000000,"HK_COMMON_SHARES":600000000,"PER_SHARES":5000,"TOTAL_MARKET_CAP":71400000,"HKSK_MARKET_CAP":71400000,"PE_TTM":0.712622043232,"PB_TTM":0.187488667314,"REPORT_DATE_SQ":"2020-12-31 00:00:00","REPORT_TYPE_SQ":"2020年年报","OPERATE_INCOME_SQ":316855044,"DPS_HKD":null,"OPERATE_INCOME_QOQ_SQ":-18.291580811167,"NET_PROFIT_RATIO_SQ":-10.6398672322,"HOLDER_PROFIT_SQ":-33712956,"HOLDER_PROFIT_QOQ_SQ":-3.081381688764,"ROE_AVG_SQ":-15.319261914244,"PE_TTM_SQ":1.577571186651,"PB_TTM_SQ":0.888383914134,"ROA_SQ":-2.654704393835,"START_DATE":"2021-07-01 00:00:00","FISCAL_YEAR":"6-30","CURRENCY":"HKD","IS_CNY_CODE":0,"DPS_HKD_LY":null,"ORG_TYPE":"一般企业","PREMIUM_INCOME":null,"PREMIUM_INCOME_YOY":null,"NET_INTEREST_INCOME":null,"NET_INTEREST_INCOME_YOY":null,"FEE_COMMISSION_INCOME":null,"FEE_COMMISSION_INCOME_YOY":null,"ACCOUNTS_RECE_TDAYS":358.838709677419,"INVENTORY_TDAYS":73.777777777778,"CURRENT_ASSETS_TDAYS":1.262942779292,"TOTAL_ASSETS_TDAYS":0.278615438561,"PREMIUM_EXPENSE":null,"LOAN_DEPOSIT":null,"LOAN_EQUITY":null,"LOAN_ASSETS":null,"DEPOSIT_EQUITY":null,"DEPOSIT_ASSETS":null,"EQUITY_MULTIPLIER":8.612037037029,"EQUITY_RATIO":7.612037037037},{"SECUCODE":"01655.HK","SECURITY_CODE":"01655","SECURITY_NAME_ABBR":"OKURA HOLDINGS","ORG_CODE":"10529500","STD_REPORT_DATE":"2021-06-30 00:00:00","REPORT_DATE":"2021-12-31 00:00:00","DATE_TYPE_CODE":"002","REPORT_TYPE":"2021年中报","PER_NETCASH_OPERATE":0.03014576,"PER_OI":0.30312005,"BPS":0.290651675,"BASIC_EPS":-0.03690639,"DILUTED_EPS":-0.03690639,"OPERATE_INCOME":151560025,"OPERATE_INCOME_YOY":-0.3279883382,"GROSS_PROFIT":-12745450,"GROSS_PROFIT_YOY":-155.987139885157,"HOLDER_PROFIT":-18453195,"HOLDER_PROFIT_YOY":-1547.8260869565,"GROSS_PROFIT_RATIO":-8.409506398537,"EPS_TTM":-0.067425912,"OPERATE_INCOME_QOQ":-16.427304491273,"NET_PROFIT_RATIO":-12.1755027422,"ROE_AVG":-10.054347826087,"GROSS_PROFIT_QOQ":95.058366243782,"ROA":-1.633994945902,"HOLDER_PROFIT_QOQ":92.188323574746,"ROE_YEARLY":-20.108695652174,"ROIC_YEARLY":-3.665886885923,"TOTAL_ASSETS":1076990525,"TOTAL_LIABILITIES":902599520,"TAX_EBT":8.011049723757,"OCF_SALES":9.945155393053,"TOTAL_PARENT_EQUITY":174391005,"DEBT_ASSET_RATIO":83.8075636738,"OPERATE_PROFIT":-15460785,"PRETAX_PROFIT":-20060230,"NETCASH_OPERATE":15072880,"NETCASH_INVEST":-23883865,"NETCASH_FINANCE":-47823145,"END_CASH":89051905,"DIVI_RATIO":null,"DIVIDEND_RATE":null,"CURRENT_RATIO":1.19414430115,"COMMON_ACS":null,"CURRENTDEBT_DEBT":17.614194499018,"ISSUED_COMMON_SHARES":600000000,"HK_COMMON_SHARES":600000000,"PER_SHARES":5000,"TOTAL_MARKET_CAP":71400000,"HKSK_MARKET_CAP":71400000,"PE_TTM":0.712622043232,"PB_TTM":0.187488667314,"REPORT_DATE_SQ":"2020-06-30 00:00:00","REPORT_TYPE_SQ":"2020年中报","OPERATE_INCOME_SQ":173519584,"DPS_HKD":null,"OPERATE_INCOME_QOQ_SQ":-10.852901797725,"NET_PROFIT_RATIO_SQ":0.8381924198,"HOLDER_PROFIT_SQ":1454428,"HOLDER_PROFIT_QOQ_SQ":-1138.0788707921,"ROE_AVG_SQ":0.565736071824,"PE_TTM_SQ":1.577571186651,"PB_TTM_SQ":0.888383914134,"ROA_SQ":0.101673187012,"START_DATE":"2021-07-01 00:00:00","FISCAL_YEAR":"6-30","CURRENCY":"HKD","IS_CNY_CODE":0,"DPS_HKD_LY":null,"ORG_TYPE":"一般企业","PREMIUM_INCOME":null,"PREMIUM_INCOME_YOY":null,"NET_INTEREST_INCOME":null,"NET_INTEREST_INCOME_YOY":null,"FEE_COMMISSION_INCOME":null,"FEE_COMMISSION_INCOME_YOY":null,"ACCOUNTS_RECE_TDAYS":151.944444444444,"INVENTORY_TDAYS":38.012820512821,"CURRENT_ASSETS_TDAYS":0.682385229541,"TOTAL_ASSETS_TDAYS":0.1342034888,"PREMIUM_EXPENSE":null,"LOAN_DEPOSIT":null,"LOAN_EQUITY":null,"LOAN_ASSETS":null,"DEPOSIT_EQUITY":null,"DEPOSIT_ASSETS":null,"EQUITY_MULTIPLIER":6.175722910715,"EQUITY_RATIO":5.175722910709},{"SECUCODE":"01655.HK","SECURITY_CODE":"01655","SECURITY_NAME_ABBR":"OKURA HOLDINGS","ORG_CODE":"10529500","STD_REPORT_DATE":"2020-12-31 00:00:00","REPORT_DATE":"2021-06-30 00:00:00","DATE_TYPE_CODE":"001","REPORT_TYPE":"2020年年报","PER_NETCASH_OPERATE":0.179841384,"PER_OI":0.633710088,"BPS":0.33859026,"BASIC_EPS":-0.0671922,"DILUTED_EPS":-0.0671922,"OPERATE_INCOME":316855044,"OPERATE_INCOME_YOY":-23.0889235569,"GROSS_PROFIT":-20099232,"GROSS_PROFIT_YOY":94.930749884235,"HOLDER_PROFIT":-33712956,"HOLDER_PROFIT_YOY":90.9305249921,"GROSS_PROFIT_RATIO":-6.343352387977,"EPS_TTM":-0.863142664,"OPERATE_INCOME_QOQ":-18.291580811167,"NET_PROFIT_RATIO":-10.6398672322,"ROE_AVG":-15.319261914244,"GROSS_PROFIT_QOQ":-2.582473041152,"ROA":-2.654704393835,"HOLDER_PROFIT_QOQ":-3.081381688764,"ROE_YEARLY":-15.319261914244,"ROIC_YEARLY":-2.950802904777,"TOTAL_ASSETS":1245918672,"TOTAL_LIABILITIES":1042764516,"TAX_EBT":-111.355311355311,"OCF_SALES":28.379125945049,"TOTAL_PARENT_EQUITY":203154156,"DEBT_ASSET_RATIO":83.6944288126,"OPERATE_PROFIT":-4732668,"PRETAX_PROFIT":-15950844,"NETCASH_OPERATE":89920692,"NETCASH_INVEST":-17177832,"NETCASH_FINANCE":-8881056,"END_CASH":152906076,"DIVI_RATIO":null,"DIVIDEND_RATE":null,"CURRENT_RATIO":1.38670694864,"COMMON_ACS":null,"CURRENTDEBT_DEBT":18.546534431557,"ISSUED_COMMON_SHARES":600000000,"HK_COMMON_SHARES":600000000,"PER_SHARES":5000,"TOTAL_MARKET_CAP":71400000,"HKSK_MARKET_CAP":71400000,"PE_TTM":0.712622043232,"PB_TTM":0.187488667314,"REPORT_DATE_SQ":"2019-12-31 00:00:00","REPORT_TYPE_SQ":"2019年年报","OPERATE_INCOME_SQ":464012208,"DPS_HKD":null,"OPERATE_INCOME_QOQ_SQ":-0.008713908685,"NET_PROFIT_RATIO_SQ":-90.2283364062,"HOLDER_PROFIT_SQ":-418670496,"HOLDER_PROFIT_QOQ_SQ":5.156943517104,"ROE_AVG_SQ":-82.233568150973,"PE_TTM_SQ":1.577571186651,"PB_TTM_SQ":0.888383914134,"ROA_SQ":-30.394381673554,"START_DATE":"2020-07-01 00:00:00","FISCAL_YEAR":"6-30","CURRENCY":"HKD","IS_CNY_CODE":0,"DPS_HKD_LY":null,"ORG_TYPE":"一般企业","PREMIUM_INCOME":null,"PREMIUM_INCOME_YOY":null,"NET_INTEREST_INCOME":null,"NET_INTEREST_INCOME_YOY":null,"FEE_COMMISSION_INCOME":null,"FEE_COMMISSION_INCOME_YOY":null,"ACCOUNTS_RECE_TDAYS":293.135135135135,"INVENTORY_TDAYS":125.369565217391,"CURRENT_ASSETS_TDAYS":1.399303315701,"TOTAL_ASSETS_TDAYS":0.249505406027,"PREMIUM_EXPENSE":null,"LOAN_DEPOSIT":null,"LOAN_EQUITY":null,"LOAN_ASSETS":null,"DEPOSIT_EQUITY":null,"DEPOSIT_ASSETS":null,"EQUITY_MULTIPLIER":6.132873166521,"EQUITY_RATIO":5.132873166523},{"SECUCODE":"01655.HK","SECURITY_CODE":"01655","SECURITY_NAME_ABBR":"OKURA HOLDINGS","ORG_CODE":"10529500","STD_REPORT_DATE":"2020-06-30 00:00:00","REPORT_DATE":"2020-12-31 00:00:00","DATE_TYPE_CODE":"002","REPORT_TYPE":"2020年中报","PER_NETCASH_OPERATE":0.149616376,"PER_OI":0.347039168,"BPS":0.429477833333,"BASIC_EPS":0.002908856,"DILUTED_EPS":0.002908856,"OPERATE_INCOME":173519584,"OPERATE_INCOME_YOY":-31.9444444444,"GROSS_PROFIT":22764960,"GROSS_PROFIT_YOY":-31.024239576128,"HOLDER_PROFIT":1454428,"HOLDER_PROFIT_YOY":-89.7321428571,"GROSS_PROFIT_RATIO":13.119533527697,"EPS_TTM":-0.837340992,"OPERATE_INCOME_QOQ":-10.852901797725,"NET_PROFIT_RATIO":0.8381924198,"ROE_AVG":0.565736071824,"GROSS_PROFIT_QOQ":-567.078841068109,"ROA":0.101673187012,"HOLDER_PROFIT_QOQ":-1138.0788707921,"ROE_YEARLY":1.131472143648,"ROIC_YEARLY":0.228611187039,"TOTAL_ASSETS":1460561892,"TOTAL_LIABILITIES":1202875192,"TAX_EBT":36.111111111111,"OCF_SALES":43.112244897959,"TOTAL_PARENT_EQUITY":257686700,"DEBT_ASSET_RATIO":82.3570160627,"OPERATE_PROFIT":9105984,"PRETAX_PROFIT":2276496,"NETCASH_OPERATE":74808188,"NETCASH_INVEST":8220680,"NETCASH_FINANCE":25484108,"END_CASH":205833180,"DIVI_RATIO":null,"DIVIDEND_RATE":null,"CURRENT_RATIO":1.546454767726,"COMMON_ACS":null,"CURRENTDEBT_DEBT":17.201135527284,"ISSUED_COMMON_SHARES":600000000,"HK_COMMON_SHARES":600000000,"PER_SHARES":5000,"TOTAL_MARKET_CAP":71400000,"HKSK_MARKET_CAP":71400000,"PE_TTM":0.712622043232,"PB_TTM":0.187488667314,"REPORT_DATE_SQ":"2019-06-30 00:00:00","REPORT_TYPE_SQ":"2019年中报","OPERATE_INCOME_SQ":258394752,"DPS_HKD":null,"OPERATE_INCOME_QOQ_SQ":0.192609547325,"NET_PROFIT_RATIO_SQ":5.5555555556,"HOLDER_PROFIT_SQ":14355264,"HOLDER_PROFIT_QOQ_SQ":-24.17914230426,"ROE_AVG_SQ":2.030456852792,"PE_TTM_SQ":1.577571186651,"PB_TTM_SQ":0.888383914134,"ROA_SQ":0.912776838288,"START_DATE":"2020-07-01 00:00:00","FISCAL_YEAR":"6-30","CURRENCY":"HKD","IS_CNY_CODE":0,"DPS_HKD_LY":null,"ORG_TYPE":"一般企业","PREMIUM_INCOME":null,"PREMIUM_INCOME_YOY":null,"NET_INTEREST_INCOME":null,"NET_INTEREST_INCOME_YOY":null,"FEE_COMMISSION_INCOME":null,"FEE_COMMISSION_INCOME_YOY":null,"ACCOUNTS_RECE_TDAYS":148.324324324324,"INVENTORY_TDAYS":47.207920792079,"CURRENT_ASSETS_TDAYS":0.667558691157,"TOTAL_ASSETS_TDAYS":0.121300532679,"PREMIUM_EXPENSE":null,"LOAN_DEPOSIT":null,"LOAN_EQUITY":null,"LOAN_ASSETS":null,"DEPOSIT_EQUITY":null,"DEPOSIT_ASSETS":null,"EQUITY_MULTIPLIER":5.667975460125,"EQUITY_RATIO":4.667975460123},{"SECUCODE":"01655.HK","SECURITY_CODE":"01655","SECURITY_NAME_ABBR":"OKURA HOLDINGS","ORG_CODE":"10529500","STD_REPORT_DATE":"2019-12-31 00:00:00","REPORT_DATE":"2020-06-30 00:00:00","DATE_TYPE_CODE":"001","REPORT_TYPE":"2019年年报","PER_NETCASH_OPERATE":0.183735936,"PER_OI":0.928024416,"BPS":0.44486208,"BASIC_EPS":-0.83707776,"DILUTED_EPS":-0.83707776,"OPERATE_INCOME":464012208,"OPERATE_INCOME_YOY":-13.5589064607,"GROSS_PROFIT":-396493200,"GROSS_PROFIT_YOY":-557.179457164514,"HOLDER_PROFIT":-418670496,"HOLDER_PROFIT_YOY":-1158.5690515807,"GROSS_PROFIT_RATIO":-85.448872500355,"EPS_TTM":0.08066256,"OPERATE_INCOME_QOQ":-0.008713908685,"NET_PROFIT_RATIO":-90.2283364062,"ROE_AVG":-82.233568150973,"GROSS_PROFIT_QOQ":-2.119424609549,"ROA":-30.394381673554,"HOLDER_PROFIT_QOQ":5.156943517104,"ROE_YEARLY":-82.233568150973,"ROIC_YEARLY":-33.882779005672,"TOTAL_ASSETS":1457383968,"TOTAL_LIABILITIES":1190466720,"TAX_EBT":5.984926850894,"OCF_SALES":19.798610126223,"TOTAL_PARENT_EQUITY":266917248,"DEBT_ASSET_RATIO":81.685180168,"OPERATE_PROFIT":-433543104,"PRETAX_PROFIT":-445322736,"NETCASH_OPERATE":91867968,"NETCASH_INVEST":-66202848,"NETCASH_FINANCE":-93052512,"END_CASH":101673360,"DIVI_RATIO":null,"DIVIDEND_RATE":null,"CURRENT_RATIO":1.087749483827,"COMMON_ACS":null,"CURRENTDEBT_DEBT":16.064123825318,"ISSUED_COMMON_SHARES":600000000,"HK_COMMON_SHARES":600000000,"PER_SHARES":5000,"TOTAL_MARKET_CAP":71400000,"HKSK_MARKET_CAP":71400000,"PE_TTM":0.712622043232,"PB_TTM":0.187488667314,"REPORT_DATE_SQ":"2018-12-31 00:00:00","REPORT_TYPE_SQ":"2018年年报","OPERATE_INCOME_SQ":520547112,"DPS_HKD":null,"OPERATE_INCOME_QOQ_SQ":-0.544372805058,"NET_PROFIT_RATIO_SQ":7.367904867,"HOLDER_PROFIT_SQ":38353416,"HOLDER_PROFIT_QOQ_SQ":13.631366466004,"ROE_AVG_SQ":5.404190270659,"PE_TTM_SQ":1.577571186651,"PB_TTM_SQ":0.888383914134,"ROA_SQ":3.027097814043,"START_DATE":"2019-07-01 00:00:00","FISCAL_YEAR":"6-30","CURRENCY":"HKD","IS_CNY_CODE":0,"DPS_HKD_LY":null,"ORG_TYPE":"一般企业","PREMIUM_INCOME":null,"PREMIUM_INCOME_YOY":null,"NET_INTEREST_INCOME":null,"NET_INTEREST_INCOME_YOY":null,"FEE_COMMISSION_INCOME":null,"FEE_COMMISSION_INCOME_YOY":null,"ACCOUNTS_RECE_TDAYS":391.722222222222,"INVENTORY_TDAYS":311.333333333333,"CURRENT_ASSETS_TDAYS":1.850656167979,"TOTAL_ASSETS_TDAYS":0.336860712324,"PREMIUM_EXPENSE":null,"LOAN_DEPOSIT":null,"LOAN_EQUITY":null,"LOAN_ASSETS":null,"DEPOSIT_EQUITY":null,"DEPOSIT_ASSETS":null,"EQUITY_MULTIPLIER":5.460059171605,"EQUITY_RATIO":4.460059171598}],"count":22},"success":true,"message":"ok","code":0}