{"version":"ef8dad5e2f0cd1b94e2b5e48b7159da9","result":{"pages":4,"data":[{"SECUCODE":"01656.HK","SECURITY_CODE":"01656","SECURITY_NAME_ABBR":"亿仕登控股","ORG_CODE":"10571872","STD_REPORT_DATE":"2024-06-30 00:00:00","REPORT_DATE":"2024-06-30 00:00:00","DATE_TYPE_CODE":"002","REPORT_TYPE":"2024年中报","PER_NETCASH_OPERATE":0.184007389109,"PER_OI":2.066301424087,"BPS":2.385911045189,"BASIC_EPS":0.0448715,"DILUTED_EPS":0.0448715,"OPERATE_INCOME":921570867,"OPERATE_INCOME_YOY":2.4423306007,"GROSS_PROFIT":234350647,"GROSS_PROFIT_YOY":-3.800897054097,"HOLDER_PROFIT":19959899,"HOLDER_PROFIT_YOY":-17.4454148472,"GROSS_PROFIT_RATIO":25.429476494074,"EPS_TTM":0.049577011297,"OPERATE_INCOME_QOQ":0.590963703379,"NET_PROFIT_RATIO":3.3258293092,"ROE_AVG":1.884056526679,"GROSS_PROFIT_QOQ":-1.889490093171,"ROA":0.937894561898,"HOLDER_PROFIT_QOQ":-16.961675347488,"ROE_YEARLY":3.768113053358,"ROIC_YEARLY":2.519658803145,"TOTAL_ASSETS":2142402965,"TOTAL_LIABILITIES":844407724,"TAX_EBT":31.814445096888,"OCF_SALES":8.905157154887,"TOTAL_PARENT_EQUITY":1070296134,"DEBT_ASSET_RATIO":39.4140475809,"OPERATE_PROFIT":60333691,"PRETAX_PROFIT":44950685,"NETCASH_OPERATE":82067334,"NETCASH_INVEST":-19231397,"NETCASH_FINANCE":-54495117,"END_CASH":317114809,"DIVI_RATIO":0.29794829526,"DIVIDEND_RATE":1.33606557377,"CURRENT_RATIO":2.413891430017,"COMMON_ACS":null,"CURRENTDEBT_DEBT":64.238915701818,"ISSUED_COMMON_SHARES":448590125,"HK_COMMON_SHARES":448590125,"PER_SHARES":2000,"TOTAL_MARKET_CAP":547279952.5,"HKSK_MARKET_CAP":547279952.5,"PE_TTM":22.152295459852,"PB_TTM":0.46668529528,"REPORT_DATE_SQ":"2023-06-30 00:00:00","REPORT_TYPE_SQ":"2023年中报","OPERATE_INCOME_SQ":910710466.2,"DPS_HKD":0.0163,"OPERATE_INCOME_QOQ_SQ":-0.761938249171,"NET_PROFIT_RATIO_SQ":5.3566572472,"HOLDER_PROFIT_SQ":24476436,"HOLDER_PROFIT_QOQ_SQ":-38.069313504183,"ROE_AVG_SQ":2.296763969891,"PE_TTM_SQ":21.469874125475,"PB_TTM_SQ":0.903451681048,"ROA_SQ":1.140662630348,"START_DATE":"2024-01-01 00:00:00","FISCAL_YEAR":"12-31","CURRENCY":"HKD","IS_CNY_CODE":0,"DPS_HKD_LY":0.0163,"ORG_TYPE":"一般企业","PREMIUM_INCOME":null,"PREMIUM_INCOME_YOY":null,"NET_INTEREST_INCOME":null,"NET_INTEREST_INCOME_YOY":null,"FEE_COMMISSION_INCOME":null,"FEE_COMMISSION_INCOME_YOY":null,"ACCOUNTS_RECE_TDAYS":1.550450730494,"INVENTORY_TDAYS":1.827023613207,"CURRENT_ASSETS_TDAYS":0.709751650143,"TOTAL_ASSETS_TDAYS":0.433036411939,"PREMIUM_EXPENSE":null,"LOAN_DEPOSIT":null,"LOAN_EQUITY":null,"LOAN_ASSETS":null,"DEPOSIT_EQUITY":null,"DEPOSIT_ASSETS":null,"EQUITY_MULTIPLIER":1.650547627085,"EQUITY_RATIO":0.788947747428},{"SECUCODE":"01656.HK","SECURITY_CODE":"01656","SECURITY_NAME_ABBR":"亿仕登控股","ORG_CODE":"10571872","STD_REPORT_DATE":"2023-12-31 00:00:00","REPORT_DATE":"2023-12-31 00:00:00","DATE_TYPE_CODE":"001","REPORT_TYPE":"2023年年报","PER_NETCASH_OPERATE":-0.291128223216,"PER_OI":4.120500614384,"BPS":2.380859851518,"BASIC_EPS":0.06022464,"DILUTED_EPS":0.06022464,"OPERATE_INCOME":1837744135.2,"OPERATE_INCOME_YOY":-7.8248768134,"GROSS_PROFIT":490045744.8,"GROSS_PROFIT_YOY":-10.710520975722,"HOLDER_PROFIT":26627894.4,"HOLDER_PROFIT_YOY":-66.1285909713,"GROSS_PROFIT_RATIO":26.665613314373,"EPS_TTM":0.059703771125,"OPERATE_INCOME_QOQ":-3.638832029899,"NET_PROFIT_RATIO":3.2689032847,"ROE_AVG":2.498164968685,"GROSS_PROFIT_QOQ":-6.698245547485,"ROA":1.236749337233,"HOLDER_PROFIT_QOQ":-43.259393816656,"ROE_YEARLY":2.498164968685,"ROIC_YEARLY":1.657828485725,"TOTAL_ASSETS":2153240590.8,"TOTAL_LIABILITIES":859136752.8,"TAX_EBT":40.804323636942,"OCF_SALES":-7.065360509823,"TOTAL_PARENT_EQUITY":1068030218.4,"DEBT_ASSET_RATIO":39.8997100682,"OPERATE_PROFIT":128692527.6,"PRETAX_PROFIT":101483895.6,"NETCASH_OPERATE":-129843248.4,"NETCASH_INVEST":-21589458,"NETCASH_FINANCE":176528098.8,"END_CASH":318663626.4,"DIVI_RATIO":0.247411272715,"DIVIDEND_RATE":1.33606557377,"CURRENT_RATIO":2.484971369185,"COMMON_ACS":null,"CURRENTDEBT_DEBT":61.428017074117,"ISSUED_COMMON_SHARES":448590125,"HK_COMMON_SHARES":448590125,"PER_SHARES":2000,"TOTAL_MARKET_CAP":547279952.5,"HKSK_MARKET_CAP":547279952.5,"PE_TTM":22.152295459852,"PB_TTM":0.46668529528,"REPORT_DATE_SQ":"2022-12-31 00:00:00","REPORT_TYPE_SQ":"2022年年报","OPERATE_INCOME_SQ":1921784634.9,"DPS_HKD":0.0163,"OPERATE_INCOME_QOQ_SQ":-1.558434536185,"NET_PROFIT_RATIO_SQ":6.2244625505,"HOLDER_PROFIT_SQ":75776922,"HOLDER_PROFIT_QOQ_SQ":-34.178809853573,"ROE_AVG_SQ":7.40318762422,"PE_TTM_SQ":21.651822211284,"PB_TTM_SQ":0.911108051226,"ROA_SQ":3.584936889663,"START_DATE":"2023-01-01 00:00:00","FISCAL_YEAR":"12-31","CURRENCY":"HKD","IS_CNY_CODE":0,"DPS_HKD_LY":0.047,"ORG_TYPE":"一般企业","PREMIUM_INCOME":null,"PREMIUM_INCOME_YOY":null,"NET_INTEREST_INCOME":null,"NET_INTEREST_INCOME_YOY":null,"FEE_COMMISSION_INCOME":null,"FEE_COMMISSION_INCOME_YOY":null,"ACCOUNTS_RECE_TDAYS":3.228639311508,"INVENTORY_TDAYS":3.250907958908,"CURRENT_ASSETS_TDAYS":1.415939396074,"TOTAL_ASSETS_TDAYS":0.853551845696,"PREMIUM_EXPENSE":null,"LOAN_DEPOSIT":null,"LOAN_EQUITY":null,"LOAN_ASSETS":null,"DEPOSIT_EQUITY":null,"DEPOSIT_ASSETS":null,"EQUITY_MULTIPLIER":1.663885483971,"EQUITY_RATIO":0.804412401446},{"SECUCODE":"01656.HK","SECURITY_CODE":"01656","SECURITY_NAME_ABBR":"亿仕登控股","ORG_CODE":"10571872","STD_REPORT_DATE":"2023-06-30 00:00:00","REPORT_DATE":"2023-06-30 00:00:00","DATE_TYPE_CODE":"002","REPORT_TYPE":"2023年中报","PER_NETCASH_OPERATE":-0.013909226459,"PER_OI":2.0629113926,"BPS":2.394494953717,"BASIC_EPS":0.05557968,"DILUTED_EPS":0.05557968,"OPERATE_INCOME":910710466.2,"OPERATE_INCOME_YOY":-11.3016302495,"GROSS_PROFIT":243610012.8,"GROSS_PROFIT_YOY":-6.481427963451,"HOLDER_PROFIT":24476436,"HOLDER_PROFIT_YOY":-58.6269196025,"GROSS_PROFIT_RATIO":26.205114865744,"EPS_TTM":0.106302407741,"OPERATE_INCOME_QOQ":-0.761938249171,"NET_PROFIT_RATIO":5.3566572472,"ROE_AVG":2.296763969891,"GROSS_PROFIT_QOQ":-4.300321523192,"ROA":1.140662630348,"HOLDER_PROFIT_QOQ":-38.069313504183,"ROE_YEARLY":4.593527939783,"ROIC_YEARLY":3.043426978518,"TOTAL_ASSETS":2151959702.4,"TOTAL_LIABILITIES":820185062.4,"TAX_EBT":32.106998351566,"OCF_SALES":-0.679262683708,"TOTAL_PARENT_EQUITY":1074146790.6,"DEBT_ASSET_RATIO":38.1134024715,"OPERATE_PROFIT":84299410.8,"PRETAX_PROFIT":71323693.2,"NETCASH_OPERATE":-6140485.8,"NETCASH_INVEST":-11928254.4,"NETCASH_FINANCE":-5851899,"END_CASH":264922682.4,"DIVI_RATIO":0.138956269325,"DIVIDEND_RATE":1.33606557377,"CURRENT_RATIO":1.74164804226,"COMMON_ACS":null,"CURRENTDEBT_DEBT":89.796184320267,"ISSUED_COMMON_SHARES":448590125,"HK_COMMON_SHARES":448590125,"PER_SHARES":2000,"TOTAL_MARKET_CAP":547279952.5,"HKSK_MARKET_CAP":547279952.5,"PE_TTM":22.152295459852,"PB_TTM":0.46668529528,"REPORT_DATE_SQ":"2022-06-30 00:00:00","REPORT_TYPE_SQ":"2022年中报","OPERATE_INCOME_SQ":918635619,"DPS_HKD":0.0163,"OPERATE_INCOME_QOQ_SQ":-5.986421956677,"NET_PROFIT_RATIO_SQ":8.4595741111,"HOLDER_PROFIT_SQ":53324190,"HOLDER_PROFIT_QOQ_SQ":-4.250203297596,"ROE_AVG_SQ":5.488539513022,"PE_TTM_SQ":21.651822211284,"PB_TTM_SQ":0.911108051226,"ROA_SQ":2.600059423219,"START_DATE":"2023-01-01 00:00:00","FISCAL_YEAR":"12-31","CURRENCY":"HKD","IS_CNY_CODE":0,"DPS_HKD_LY":0.047,"ORG_TYPE":"一般企业","PREMIUM_INCOME":null,"PREMIUM_INCOME_YOY":null,"NET_INTEREST_INCOME":null,"NET_INTEREST_INCOME_YOY":null,"FEE_COMMISSION_INCOME":null,"FEE_COMMISSION_INCOME_YOY":null,"ACCOUNTS_RECE_TDAYS":1.622830532766,"INVENTORY_TDAYS":1.553125174969,"CURRENT_ASSETS_TDAYS":0.706470009669,"TOTAL_ASSETS_TDAYS":0.421283071122,"PREMIUM_EXPENSE":null,"LOAN_DEPOSIT":null,"LOAN_EQUITY":null,"LOAN_ASSETS":null,"DEPOSIT_EQUITY":null,"DEPOSIT_ASSETS":null,"EQUITY_MULTIPLIER":1.615858747994,"EQUITY_RATIO":0.763568880508},{"SECUCODE":"01656.HK","SECURITY_CODE":"01656","SECURITY_NAME_ABBR":"亿仕登控股","ORG_CODE":"10571872","STD_REPORT_DATE":"2022-12-31 00:00:00","REPORT_DATE":"2022-12-31 00:00:00","DATE_TYPE_CODE":"001","REPORT_TYPE":"2022年年报","PER_NETCASH_OPERATE":0.271681182191,"PER_OI":4.381249001897,"BPS":2.285755821977,"BASIC_EPS":0.17259723,"DILUTED_EPS":0.17259723,"OPERATE_INCOME":1921784634.9,"OPERATE_INCOME_YOY":-15.758083865,"GROSS_PROFIT":548828092.8,"GROSS_PROFIT_YOY":-3.368475208589,"HOLDER_PROFIT":75776922,"HOLDER_PROFIT_YOY":-42.6329213263,"GROSS_PROFIT_RATIO":28.55825168092,"EPS_TTM":0.172754822705,"OPERATE_INCOME_QOQ":-1.558434536185,"NET_PROFIT_RATIO":6.2244625505,"ROE_AVG":7.40318762422,"GROSS_PROFIT_QOQ":-0.025827591923,"ROA":3.584936889663,"HOLDER_PROFIT_QOQ":-34.178809853573,"ROE_YEARLY":7.40318762422,"ROIC_YEARLY":4.850777219264,"TOTAL_ASSETS":2075157747,"TOTAL_LIABILITIES":817737687,"TAX_EBT":27.93892653074,"OCF_SALES":6.200998438423,"TOTAL_PARENT_EQUITY":1025367489.9,"DEBT_ASSET_RATIO":39.4060494043,"OPERATE_PROFIT":178049851.2,"PRETAX_PROFIT":165999143.7,"NETCASH_OPERATE":119169835.2,"NETCASH_INVEST":-10392115.5,"NETCASH_FINANCE":-135688374.9,"END_CASH":280550836.8,"DIVI_RATIO":0.085504912504,"DIVIDEND_RATE":1.33606557377,"CURRENT_RATIO":1.680061617242,"COMMON_ACS":null,"CURRENTDEBT_DEBT":90.110920960892,"ISSUED_COMMON_SHARES":448590125,"HK_COMMON_SHARES":448590125,"PER_SHARES":2000,"TOTAL_MARKET_CAP":547279952.5,"HKSK_MARKET_CAP":547279952.5,"PE_TTM":22.152295459852,"PB_TTM":0.46668529528,"REPORT_DATE_SQ":"2021-12-31 00:00:00","REPORT_TYPE_SQ":"2021年年报","OPERATE_INCOME_SQ":2076517634.4,"DPS_HKD":0.0163,"OPERATE_INCOME_QOQ_SQ":4.984717960425,"NET_PROFIT_RATIO_SQ":8.8754385008,"HOLDER_PROFIT_SQ":120235681.5,"HOLDER_PROFIT_QOQ_SQ":42.370421026113,"ROE_AVG_SQ":13.882382420552,"PE_TTM_SQ":21.651822211284,"PB_TTM_SQ":0.911108051226,"ROA_SQ":6.591658583899,"START_DATE":"2022-01-01 00:00:00","FISCAL_YEAR":"12-31","CURRENCY":"HKD","IS_CNY_CODE":0,"DPS_HKD_LY":0.0835,"ORG_TYPE":"一般企业","PREMIUM_INCOME":null,"PREMIUM_INCOME_YOY":null,"NET_INTEREST_INCOME":null,"NET_INTEREST_INCOME_YOY":null,"FEE_COMMISSION_INCOME":null,"FEE_COMMISSION_INCOME_YOY":null,"ACCOUNTS_RECE_TDAYS":3.376550405245,"INVENTORY_TDAYS":3.337945373783,"CURRENT_ASSETS_TDAYS":1.493360452706,"TOTAL_ASSETS_TDAYS":0.909178738038,"PREMIUM_EXPENSE":null,"LOAN_DEPOSIT":null,"LOAN_EQUITY":null,"LOAN_ASSETS":null,"DEPOSIT_EQUITY":null,"DEPOSIT_ASSETS":null,"EQUITY_MULTIPLIER":1.650329760923,"EQUITY_RATIO":0.79750693781},{"SECUCODE":"01656.HK","SECURITY_CODE":"01656","SECURITY_NAME_ABBR":"亿仕登控股","ORG_CODE":"10571872","STD_REPORT_DATE":"2022-06-30 00:00:00","REPORT_DATE":"2022-06-30 00:00:00","DATE_TYPE_CODE":"002","REPORT_TYPE":"2022年中报","PER_NETCASH_OPERATE":0.178540598028,"PER_OI":2.094288462797,"BPS":2.214730540491,"BASIC_EPS":0.1213884,"DILUTED_EPS":0.1213884,"OPERATE_INCOME":918635619,"OPERATE_INCOME_YOY":-12.1805321471,"GROSS_PROFIT":260493726,"GROSS_PROFIT_YOY":-6.794602782039,"HOLDER_PROFIT":53324190,"HOLDER_PROFIT_YOY":-9.0161913372,"GROSS_PROFIT_RATIO":28.356588903396,"EPS_TTM":0.262460800725,"OPERATE_INCOME_QOQ":-5.986421956677,"NET_PROFIT_RATIO":8.4595741111,"ROE_AVG":5.488539513022,"GROSS_PROFIT_QOQ":-3.343511165086,"ROA":2.600059423219,"HOLDER_PROFIT_QOQ":-4.250203297596,"ROE_YEARLY":10.977079026045,"ROIC_YEARLY":7.255816697227,"TOTAL_ASSETS":2101435518,"TOTAL_LIABILITIES":847816085,"TAX_EBT":22.111717279004,"OCF_SALES":8.52511968622,"TOTAL_PARENT_EQUITY":993506250,"DEBT_ASSET_RATIO":40.3446157514,"OPERATE_PROFIT":100617496,"PRETAX_PROFIT":99774521,"NETCASH_OPERATE":78314786,"NETCASH_INVEST":-5120471,"NETCASH_FINANCE":-5419125,"END_CASH":351780693,"DIVI_RATIO":0.056280351044,"DIVIDEND_RATE":1.33606557377,"CURRENT_RATIO":1.703907872381,"COMMON_ACS":null,"CURRENTDEBT_DEBT":90.28720774978,"ISSUED_COMMON_SHARES":448590125,"HK_COMMON_SHARES":448590125,"PER_SHARES":2000,"TOTAL_MARKET_CAP":547279952.5,"HKSK_MARKET_CAP":547279952.5,"PE_TTM":22.152295459852,"PB_TTM":0.46668529528,"REPORT_DATE_SQ":"2021-06-30 00:00:00","REPORT_TYPE_SQ":"2021年中报","OPERATE_INCOME_SQ":1042944726.6,"DPS_HKD":0.0163,"OPERATE_INCOME_QOQ_SQ":10.839339065608,"NET_PROFIT_RATIO_SQ":8.9280615957,"HOLDER_PROFIT_SQ":58434450.9,"HOLDER_PROFIT_QOQ_SQ":13.121766952784,"ROE_AVG_SQ":6.883247295099,"PE_TTM_SQ":21.651822211284,"PB_TTM_SQ":0.911108051226,"ROA_SQ":3.170735520994,"START_DATE":"2022-01-01 00:00:00","FISCAL_YEAR":"12-31","CURRENCY":"HKD","IS_CNY_CODE":0,"DPS_HKD_LY":0.0835,"ORG_TYPE":"一般企业","PREMIUM_INCOME":null,"PREMIUM_INCOME_YOY":null,"NET_INTEREST_INCOME":null,"NET_INTEREST_INCOME_YOY":null,"FEE_COMMISSION_INCOME":null,"FEE_COMMISSION_INCOME_YOY":null,"ACCOUNTS_RECE_TDAYS":1.664276956239,"INVENTORY_TDAYS":1.687840492162,"CURRENT_ASSETS_TDAYS":0.721709332491,"TOTAL_ASSETS_TDAYS":0.447921890175,"PREMIUM_EXPENSE":null,"LOAN_DEPOSIT":null,"LOAN_EQUITY":null,"LOAN_ASSETS":null,"DEPOSIT_EQUITY":null,"DEPOSIT_ASSETS":null,"EQUITY_MULTIPLIER":1.676294625532,"EQUITY_RATIO":0.853357575758},{"SECUCODE":"01656.HK","SECURITY_CODE":"01656","SECURITY_NAME_ABBR":"亿仕登控股","ORG_CODE":"10571872","STD_REPORT_DATE":"2021-12-31 00:00:00","REPORT_DATE":"2021-12-31 00:00:00","DATE_TYPE_CODE":"001","REPORT_TYPE":"2021年年报","PER_NETCASH_OPERATE":0.093155819259,"PER_OI":4.73400642711,"BPS":2.073313438186,"BASIC_EPS":0.27552536,"DILUTED_EPS":0.27552536,"OPERATE_INCOME":2076517634.4,"OPERATE_INCOME_YOY":21.6302257202,"GROSS_PROFIT":567959673.6,"GROSS_PROFIT_YOY":20.506938021628,"HOLDER_PROFIT":120235681.5,"HOLDER_PROFIT_YOY":68.3400488804,"GROSS_PROFIT_RATIO":27.351545885817,"EPS_TTM":0.274111078837,"OPERATE_INCOME_QOQ":4.984717960425,"NET_PROFIT_RATIO":8.8754385008,"ROE_AVG":13.882382420552,"GROSS_PROFIT_QOQ":5.030542740715,"ROA":6.591658583899,"HOLDER_PROFIT_QOQ":42.370421026113,"ROE_YEARLY":13.882382420552,"ROIC_YEARLY":9.172991057369,"TOTAL_ASSETS":1959178743.5,"TOTAL_LIABILITIES":793975391,"TAX_EBT":25.554094486688,"OCF_SALES":1.967800861552,"TOTAL_PARENT_EQUITY":930067934.4,"DEBT_ASSET_RATIO":40.5259292259,"OPERATE_PROFIT":249322143.4,"PRETAX_PROFIT":247562366.7,"NETCASH_OPERATE":40861731.9,"NETCASH_INVEST":-7024953.1,"NETCASH_FINANCE":4552773.5,"END_CASH":278455175.9,"DIVI_RATIO":0.053888321708,"DIVIDEND_RATE":1.33606557377,"CURRENT_RATIO":1.716067385804,"COMMON_ACS":null,"CURRENTDEBT_DEBT":89.238813952107,"ISSUED_COMMON_SHARES":448590125,"HK_COMMON_SHARES":448590125,"PER_SHARES":2000,"TOTAL_MARKET_CAP":547279952.5,"HKSK_MARKET_CAP":547279952.5,"PE_TTM":22.152295459852,"PB_TTM":0.46668529528,"REPORT_DATE_SQ":"2020-12-31 00:00:00","REPORT_TYPE_SQ":"2020年年报","OPERATE_INCOME_SQ":1784496129.6,"DPS_HKD":0.0163,"OPERATE_INCOME_QOQ_SQ":10.948603480791,"NET_PROFIT_RATIO_SQ":6.2167001968,"HOLDER_PROFIT_SQ":74656464.6,"HOLDER_PROFIT_QOQ_SQ":31.178630321622,"ROE_AVG_SQ":9.38081886202,"PE_TTM_SQ":21.651822211284,"PB_TTM_SQ":0.911108051226,"ROA_SQ":4.58933500266,"START_DATE":"2021-01-01 00:00:00","FISCAL_YEAR":"12-31","CURRENCY":"HKD","IS_CNY_CODE":0,"DPS_HKD_LY":0.0467,"ORG_TYPE":"一般企业","PREMIUM_INCOME":null,"PREMIUM_INCOME_YOY":null,"NET_INTEREST_INCOME":null,"NET_INTEREST_INCOME_YOY":null,"FEE_COMMISSION_INCOME":null,"FEE_COMMISSION_INCOME_YOY":null,"ACCOUNTS_RECE_TDAYS":3.97496545558,"INVENTORY_TDAYS":4.803749830987,"CURRENT_ASSETS_TDAYS":1.854242586375,"TOTAL_ASSETS_TDAYS":1.13840543162,"PREMIUM_EXPENSE":null,"LOAN_DEPOSIT":null,"LOAN_EQUITY":null,"LOAN_ASSETS":null,"DEPOSIT_EQUITY":null,"DEPOSIT_ASSETS":null,"EQUITY_MULTIPLIER":1.681405000506,"EQUITY_RATIO":0.853674620567},{"SECUCODE":"01656.HK","SECURITY_CODE":"01656","SECURITY_NAME_ABBR":"亿仕登控股","ORG_CODE":"10571872","STD_REPORT_DATE":"2021-06-30 00:00:00","REPORT_DATE":"2021-06-30 00:00:00","DATE_TYPE_CODE":"002","REPORT_TYPE":"2021年中报","PER_NETCASH_OPERATE":-0.008020351428,"PER_OI":2.39571317125,"BPS":1.964643032434,"BASIC_EPS":0.13399533,"DILUTED_EPS":0.13399533,"OPERATE_INCOME":1042944726.6,"OPERATE_INCOME_YOY":29.8908394892,"GROSS_PROFIT":279483521.1,"GROSS_PROFIT_YOY":33.064874205537,"HOLDER_PROFIT":58434450.9,"HOLDER_PROFIT_YOY":27.1103217718,"GROSS_PROFIT_RATIO":26.797539118983,"EPS_TTM":0.193993477398,"OPERATE_INCOME_QOQ":10.839339065608,"NET_PROFIT_RATIO":8.9280615957,"ROE_AVG":6.883247295099,"GROSS_PROFIT_QOQ":14.735137872342,"ROA":3.170735520994,"HOLDER_PROFIT_QOQ":13.121766952784,"ROE_YEARLY":13.766494590199,"ROIC_YEARLY":8.965044652068,"TOTAL_ASSETS":1966566371.7,"TOTAL_LIABILITIES":818879560.8,"TAX_EBT":25.619581063454,"OCF_SALES":-0.334779285129,"TOTAL_PARENT_EQUITY":881319463.5,"DEBT_ASSET_RATIO":41.6400673064,"OPERATE_PROFIT":126719239.5,"PRETAX_PROFIT":125187178.2,"NETCASH_OPERATE":-3491562.9,"NETCASH_INVEST":-12280503.9,"NETCASH_FINANCE":49866434.1,"END_CASH":279200161.8,"DIVI_RATIO":0.076143725027,"DIVIDEND_RATE":1.33606557377,"CURRENT_RATIO":1.693894547594,"COMMON_ACS":null,"CURRENTDEBT_DEBT":88.73164265941,"ISSUED_COMMON_SHARES":448590125,"HK_COMMON_SHARES":448590125,"PER_SHARES":2000,"TOTAL_MARKET_CAP":547279952.5,"HKSK_MARKET_CAP":547279952.5,"PE_TTM":22.152295459852,"PB_TTM":0.46668529528,"REPORT_DATE_SQ":"2020-06-30 00:00:00","REPORT_TYPE_SQ":"2020年中报","OPERATE_INCOME_SQ":849517140.5,"DPS_HKD":0.0163,"OPERATE_INCOME_QOQ_SQ":6.832929537764,"NET_PROFIT_RATIO_SQ":7.7052367138,"HOLDER_PROFIT_SQ":48638203.6,"HOLDER_PROFIT_QOQ_SQ":56.092496199165,"ROE_AVG_SQ":6.047491636683,"PE_TTM_SQ":21.651822211284,"PB_TTM_SQ":0.911108051226,"ROA_SQ":2.944560315497,"START_DATE":"2021-01-01 00:00:00","FISCAL_YEAR":"12-31","CURRENCY":"HKD","IS_CNY_CODE":0,"DPS_HKD_LY":0.0467,"ORG_TYPE":"一般企业","PREMIUM_INCOME":null,"PREMIUM_INCOME_YOY":null,"NET_INTEREST_INCOME":null,"NET_INTEREST_INCOME_YOY":null,"FEE_COMMISSION_INCOME":null,"FEE_COMMISSION_INCOME_YOY":null,"ACCOUNTS_RECE_TDAYS":1.888412539676,"INVENTORY_TDAYS":2.610905806028,"CURRENT_ASSETS_TDAYS":0.917660780163,"TOTAL_ASSETS_TDAYS":0.565916482508,"PREMIUM_EXPENSE":null,"LOAN_DEPOSIT":null,"LOAN_EQUITY":null,"LOAN_ASSETS":null,"DEPOSIT_EQUITY":null,"DEPOSIT_ASSETS":null,"EQUITY_MULTIPLIER":1.713504375082,"EQUITY_RATIO":0.929151794229},{"SECUCODE":"01656.HK","SECURITY_CODE":"01656","SECURITY_NAME_ABBR":"亿仕登控股","ORG_CODE":"10571872","STD_REPORT_DATE":"2020-12-31 00:00:00","REPORT_DATE":"2020-12-31 00:00:00","DATE_TYPE_CODE":"001","REPORT_TYPE":"2020年年报","PER_NETCASH_OPERATE":0.346436660531,"PER_OI":4.099105899566,"BPS":1.869048338949,"BASIC_EPS":0.17309214,"DILUTED_EPS":0.17309214,"OPERATE_INCOME":1784496129.6,"OPERATE_INCOME_YOY":24.358300256,"GROSS_PROFIT":471308692.2,"GROSS_PROFIT_YOY":17.653866698343,"HOLDER_PROFIT":74656464.6,"HOLDER_PROFIT_YOY":114.8290052505,"GROSS_PROFIT_RATIO":26.411303694206,"EPS_TTM":0.17149084798,"OPERATE_INCOME_QOQ":10.948603480791,"NET_PROFIT_RATIO":6.2167001968,"ROE_AVG":9.38081886202,"GROSS_PROFIT_QOQ":12.051180240739,"ROA":4.58933500266,"HOLDER_PROFIT_QOQ":31.178630321622,"ROE_YEARLY":9.38081886202,"ROIC_YEARLY":6.444225460629,"TOTAL_ASSETS":1765367229,"TOTAL_LIABILITIES":692176235.4,"TAX_EBT":29.682420605151,"OCF_SALES":8.451517697256,"TOTAL_PARENT_EQUITY":838436628,"DEBT_ASSET_RATIO":39.2086260598,"OPERATE_PROFIT":161493487.2,"PRETAX_PROFIT":157765348.8,"NETCASH_OPERATE":150817006.2,"NETCASH_INVEST":-30027294.6,"NETCASH_FINANCE":-19922856,"END_CASH":253671216,"DIVI_RATIO":0.086135127174,"DIVIDEND_RATE":1.33606557377,"CURRENT_RATIO":1.681400502061,"COMMON_ACS":null,"CURRENTDEBT_DEBT":91.954317794829,"ISSUED_COMMON_SHARES":448590125,"HK_COMMON_SHARES":448590125,"PER_SHARES":2000,"TOTAL_MARKET_CAP":547279952.5,"HKSK_MARKET_CAP":547279952.5,"PE_TTM":22.152295459852,"PB_TTM":0.46668529528,"REPORT_DATE_SQ":"2019-12-31 00:00:00","REPORT_TYPE_SQ":"2019年年报","OPERATE_INCOME_SQ":1505527291.5,"DPS_HKD":0.0163,"OPERATE_INCOME_QOQ_SQ":4.737528703898,"NET_PROFIT_RATIO_SQ":4.8772273485,"HOLDER_PROFIT_SQ":36460473.3,"HOLDER_PROFIT_QOQ_SQ":22.707298660912,"ROE_AVG_SQ":4.753521126761,"PE_TTM_SQ":21.651822211284,"PB_TTM_SQ":0.911108051226,"ROA_SQ":2.409795114411,"START_DATE":"2020-01-01 00:00:00","FISCAL_YEAR":"12-31","CURRENCY":"HKD","IS_CNY_CODE":0,"DPS_HKD_LY":0.0228,"ORG_TYPE":"一般企业","PREMIUM_INCOME":null,"PREMIUM_INCOME_YOY":null,"NET_INTEREST_INCOME":null,"NET_INTEREST_INCOME_YOY":null,"FEE_COMMISSION_INCOME":null,"FEE_COMMISSION_INCOME_YOY":null,"ACCOUNTS_RECE_TDAYS":3.370032688565,"INVENTORY_TDAYS":4.898521931882,"CURRENT_ASSETS_TDAYS":1.723375275034,"TOTAL_ASSETS_TDAYS":1.096978084023,"PREMIUM_EXPENSE":null,"LOAN_DEPOSIT":null,"LOAN_EQUITY":null,"LOAN_ASSETS":null,"DEPOSIT_EQUITY":null,"DEPOSIT_ASSETS":null,"EQUITY_MULTIPLIER":1.644970223874,"EQUITY_RATIO":0.825555816963},{"SECUCODE":"01656.HK","SECURITY_CODE":"01656","SECURITY_NAME_ABBR":"亿仕登控股","ORG_CODE":"10571872","STD_REPORT_DATE":"2020-06-30 00:00:00","REPORT_DATE":"2020-06-30 00:00:00","DATE_TYPE_CODE":"002","REPORT_TYPE":"2020年中报","PER_NETCASH_OPERATE":0.047161134944,"PER_OI":1.977585740062,"BPS":1.855587527256,"BASIC_EPS":0.11331299,"DILUTED_EPS":0.11331299,"OPERATE_INCOME":849517140.5,"OPERATE_INCOME_YOY":13.7599259678,"GROSS_PROFIT":210035535.5,"GROSS_PROFIT_YOY":10.541749266526,"HOLDER_PROFIT":48638203.6,"HOLDER_PROFIT_YOY":72.5306416727,"GROSS_PROFIT_RATIO":24.724108024045,"EPS_TTM":0.132485242102,"OPERATE_INCOME_QOQ":6.832929537764,"NET_PROFIT_RATIO":7.7052367138,"ROE_AVG":6.047491636683,"GROSS_PROFIT_QOQ":5.000113738711,"ROA":2.944560315497,"HOLDER_PROFIT_QOQ":56.092496199165,"ROE_YEARLY":12.094983273366,"ROIC_YEARLY":8.237397457439,"TOTAL_ASSETS":1770253781.8,"TOTAL_LIABILITIES":686900296.6,"TAX_EBT":22.551554139362,"OCF_SALES":2.384783323863,"TOTAL_PARENT_EQUITY":832398240.8,"DEBT_ASSET_RATIO":38.8023628963,"OPERATE_PROFIT":87062994.2,"PRETAX_PROFIT":84517262.9,"NETCASH_OPERATE":20259143.1,"NETCASH_INVEST":16280485.2,"NETCASH_FINANCE":37860766.3,"END_CASH":229725573,"DIVI_RATIO":0.111494576797,"DIVIDEND_RATE":1.33606557377,"CURRENT_RATIO":1.872726653788,"COMMON_ACS":null,"CURRENTDEBT_DEBT":86.922075424243,"ISSUED_COMMON_SHARES":448590125,"HK_COMMON_SHARES":448590125,"PER_SHARES":2000,"TOTAL_MARKET_CAP":547279952.5,"HKSK_MARKET_CAP":547279952.5,"PE_TTM":22.152295459852,"PB_TTM":0.46668529528,"REPORT_DATE_SQ":"2019-06-30 00:00:00","REPORT_TYPE_SQ":"2019年中报","OPERATE_INCOME_SQ":746645521.5,"DPS_HKD":0.0163,"OPERATE_INCOME_QOQ_SQ":-3.112685833862,"NET_PROFIT_RATIO_SQ":5.6640106694,"HOLDER_PROFIT_SQ":28186614,"HOLDER_PROFIT_QOQ_SQ":-32.594200634531,"ROE_AVG_SQ":3.729447036205,"PE_TTM_SQ":21.651822211284,"PB_TTM_SQ":0.911108051226,"ROA_SQ":1.926981034102,"START_DATE":"2020-01-01 00:00:00","FISCAL_YEAR":"12-31","CURRENCY":"HKD","IS_CNY_CODE":0,"DPS_HKD_LY":0.0228,"ORG_TYPE":"一般企业","PREMIUM_INCOME":null,"PREMIUM_INCOME_YOY":null,"NET_INTEREST_INCOME":null,"NET_INTEREST_INCOME_YOY":null,"FEE_COMMISSION_INCOME":null,"FEE_COMMISSION_INCOME_YOY":null,"ACCOUNTS_RECE_TDAYS":1.554818789699,"INVENTORY_TDAYS":2.136636050322,"CURRENT_ASSETS_TDAYS":0.790502714051,"TOTAL_ASSETS_TDAYS":0.514298282853,"PREMIUM_EXPENSE":null,"LOAN_DEPOSIT":null,"LOAN_EQUITY":null,"LOAN_ASSETS":null,"DEPOSIT_EQUITY":null,"DEPOSIT_ASSETS":null,"EQUITY_MULTIPLIER":1.634050017823,"EQUITY_RATIO":0.825206329052}],"count":29},"success":true,"message":"ok","code":0}