{"version":"3a79ab234bdcbc6c4247c6b4a674d397","result":{"pages":3,"data":[{"SECUCODE":"01651.HK","SECURITY_CODE":"01651","SECURITY_NAME_ABBR":"津上机床中国","ORG_CODE":"10662550","STD_REPORT_DATE":"2024-06-30 00:00:00","REPORT_DATE":"2024-09-30 00:00:00","DATE_TYPE_CODE":"002","REPORT_TYPE":"2024年中报","PER_NETCASH_OPERATE":0.024863751268,"PER_OI":5.197832633476,"BPS":7.621057721112,"BASIC_EPS":0.9,"DILUTED_EPS":0.9,"OPERATE_INCOME":1978056000,"OPERATE_INCOME_YOY":32.3658010715,"GROSS_PROFIT":634943000,"GROSS_PROFIT_YOY":53.33935475769,"HOLDER_PROFIT":340036000,"HOLDER_PROFIT_YOY":53.6830306701,"GROSS_PROFIT_RATIO":32.099344002394,"EPS_TTM":1.261240191931,"OPERATE_INCOME_QOQ":0,"NET_PROFIT_RATIO":17.1904132138,"ROE_AVG":12.140212463358,"GROSS_PROFIT_QOQ":0,"ROA":9.20608371072,"HOLDER_PROFIT_QOQ":0,"ROE_YEARLY":24.280424926716,"ROIC_YEARLY":25.53005385708,"TOTAL_ASSETS":3754967000,"TOTAL_LIABILITIES":854743000,"TAX_EBT":30.815416762464,"OCF_SALES":0.478348439074,"TOTAL_PARENT_EQUITY":2900224000,"DEBT_ASSET_RATIO":22.7629963193,"OPERATE_PROFIT":491893000,"PRETAX_PROFIT":491491000,"NETCASH_OPERATE":9462000,"NETCASH_INVEST":247254000,"NETCASH_FINANCE":-146332000,"END_CASH":788391000,"DIVI_RATIO":0.609261824129,"DIVIDEND_RATE":6.25,"CURRENT_RATIO":4.323698089444,"COMMON_ACS":1000000000,"CURRENTDEBT_DEBT":83.231567851389,"ISSUED_COMMON_SHARES":380554000,"HK_COMMON_SHARES":380554000,"PER_SHARES":1000,"TOTAL_MARKET_CAP":5175534400,"HKSK_MARKET_CAP":5175534400,"PE_TTM":7.77813061316,"PB_TTM":1.609270582747,"REPORT_DATE_SQ":"2023-06-30 00:00:00","REPORT_TYPE_SQ":"2023年中报","OPERATE_INCOME_SQ":1494386000,"DPS_HKD":0.85,"OPERATE_INCOME_QOQ_SQ":0,"NET_PROFIT_RATIO_SQ":14.8059470579,"HOLDER_PROFIT_SQ":221258000,"HOLDER_PROFIT_QOQ_SQ":0,"ROE_AVG_SQ":8.611066678965,"PE_TTM_SQ":6.116636991637,"PB_TTM_SQ":1.226363583931,"ROA_SQ":6.419792847666,"START_DATE":"2024-04-01 00:00:00","FISCAL_YEAR":"3-31","CURRENCY":"HKD","IS_CNY_CODE":0,"DPS_HKD_LY":0.85,"ORG_TYPE":"一般企业","PREMIUM_INCOME":null,"PREMIUM_INCOME_YOY":null,"NET_INTEREST_INCOME":null,"NET_INTEREST_INCOME_YOY":null,"FEE_COMMISSION_INCOME":null,"FEE_COMMISSION_INCOME_YOY":null,"ACCOUNTS_RECE_TDAYS":1.863090287622,"INVENTORY_TDAYS":1.471264556681,"CURRENT_ASSETS_TDAYS":0.655097577963,"TOTAL_ASSETS_TDAYS":0.535535917388,"PREMIUM_EXPENSE":null,"LOAN_DEPOSIT":null,"LOAN_EQUITY":null,"LOAN_ASSETS":null,"DEPOSIT_EQUITY":null,"DEPOSIT_ASSETS":null,"EQUITY_MULTIPLIER":1.294716201232,"EQUITY_RATIO":0.294716201231},{"SECUCODE":"01651.HK","SECURITY_CODE":"01651","SECURITY_NAME_ABBR":"津上机床中国","ORG_CODE":"10662550","STD_REPORT_DATE":"2023-12-31 00:00:00","REPORT_DATE":"2024-03-31 00:00:00","DATE_TYPE_CODE":"001","REPORT_TYPE":"2023年年报","PER_NETCASH_OPERATE":1.328279114715,"PER_OI":8.192335164547,"BPS":7.0990950036,"BASIC_EPS":1.26,"DILUTED_EPS":1.26,"OPERATE_INCOME":3119674000,"OPERATE_INCOME_YOY":-22.9120448185,"GROSS_PROFIT":895539000,"GROSS_PROFIT_YOY":-13.568106427724,"HOLDER_PROFIT":479970000,"HOLDER_PROFIT_YOY":-17.1305344724,"GROSS_PROFIT_RATIO":28.706172503922,"EPS_TTM":1.312362790307,"OPERATE_INCOME_QOQ":0,"NET_PROFIT_RATIO":15.3852614087,"ROE_AVG":18.352801902387,"GROSS_PROFIT_QOQ":0,"ROA":13.441525708525,"HOLDER_PROFIT_QOQ":0,"ROE_YEARLY":18.352801902387,"ROIC_YEARLY":18.997558859007,"TOTAL_ASSETS":3632235000,"TOTAL_LIABILITIES":930646000,"TAX_EBT":31.699618916973,"OCF_SALES":16.213681301316,"TOTAL_PARENT_EQUITY":2701589000,"DEBT_ASSET_RATIO":25.6218554141,"OPERATE_PROFIT":703727000,"PRETAX_PROFIT":702734000,"NETCASH_OPERATE":505814000,"NETCASH_INVEST":-154789000,"NETCASH_FINANCE":-311590000,"END_CASH":678007000,"DIVI_RATIO":0.585528259164,"DIVIDEND_RATE":6.944444444444,"CURRENT_RATIO":3.675252540287,"COMMON_ACS":1000000000,"CURRENTDEBT_DEBT":86.628857804149,"ISSUED_COMMON_SHARES":380554000,"HK_COMMON_SHARES":380554000,"PER_SHARES":1000,"TOTAL_MARKET_CAP":4657980960,"HKSK_MARKET_CAP":4657980960,"PE_TTM":7.000317551844,"PB_TTM":1.448343524472,"REPORT_DATE_SQ":"2022-12-31 00:00:00","REPORT_TYPE_SQ":"2022年年报","OPERATE_INCOME_SQ":4046902000,"DPS_HKD":0.85,"OPERATE_INCOME_QOQ_SQ":0,"NET_PROFIT_RATIO_SQ":14.3118859809,"HOLDER_PROFIT_SQ":579188000,"HOLDER_PROFIT_QOQ_SQ":0,"ROE_AVG_SQ":24.385656709615,"PE_TTM_SQ":5.288620630323,"PB_TTM_SQ":1.060349299643,"ROA_SQ":16.495358590666,"START_DATE":"2023-04-01 00:00:00","FISCAL_YEAR":"3-31","CURRENCY":"HKD","IS_CNY_CODE":0,"DPS_HKD_LY":0.8,"ORG_TYPE":"一般企业","PREMIUM_INCOME":null,"PREMIUM_INCOME_YOY":null,"NET_INTEREST_INCOME":null,"NET_INTEREST_INCOME_YOY":null,"FEE_COMMISSION_INCOME":null,"FEE_COMMISSION_INCOME_YOY":null,"ACCOUNTS_RECE_TDAYS":3.467404382168,"INVENTORY_TDAYS":2.326177425107,"CURRENT_ASSETS_TDAYS":1.069585156447,"TOTAL_ASSETS_TDAYS":0.873662484597,"PREMIUM_EXPENSE":null,"LOAN_DEPOSIT":null,"LOAN_EQUITY":null,"LOAN_ASSETS":null,"DEPOSIT_EQUITY":null,"DEPOSIT_ASSETS":null,"EQUITY_MULTIPLIER":1.344480970274,"EQUITY_RATIO":0.344480970273},{"SECUCODE":"01651.HK","SECURITY_CODE":"01651","SECURITY_NAME_ABBR":"津上机床中国","ORG_CODE":"10662550","STD_REPORT_DATE":"2023-06-30 00:00:00","REPORT_DATE":"2023-09-30 00:00:00","DATE_TYPE_CODE":"002","REPORT_TYPE":"2023年中报","PER_NETCASH_OPERATE":0.729186143003,"PER_OI":3.924291761641,"BPS":6.858498399701,"BASIC_EPS":0.58,"DILUTED_EPS":0.58,"OPERATE_INCOME":1494386000,"OPERATE_INCOME_YOY":-32.0844770856,"GROSS_PROFIT":414077000,"GROSS_PROFIT_YOY":-22.471718673352,"HOLDER_PROFIT":221258000,"HOLDER_PROFIT_YOY":-26.4173093487,"GROSS_PROFIT_RATIO":27.708838278731,"EPS_TTM":1.520960914276,"OPERATE_INCOME_QOQ":0,"NET_PROFIT_RATIO":14.8059470579,"ROE_AVG":8.611066678965,"GROSS_PROFIT_QOQ":0,"ROA":6.419792847666,"HOLDER_PROFIT_QOQ":0,"ROE_YEARLY":17.22213335793,"ROIC_YEARLY":18.272612986217,"TOTAL_ASSETS":3383630000,"TOTAL_LIABILITIES":773601000,"TAX_EBT":32.13756636476,"OCF_SALES":18.581343775972,"TOTAL_PARENT_EQUITY":2610029000,"DEBT_ASSET_RATIO":22.8630494469,"OPERATE_PROFIT":326645000,"PRETAX_PROFIT":326039000,"NETCASH_OPERATE":277677000,"NETCASH_INVEST":-122920000,"NETCASH_FINANCE":-142895000,"END_CASH":650434000,"DIVI_RATIO":0.505223699562,"DIVIDEND_RATE":7.02479338843,"CURRENT_RATIO":4.125854452276,"COMMON_ACS":1000000000,"CURRENTDEBT_DEBT":85.00312176432,"ISSUED_COMMON_SHARES":380554000,"HK_COMMON_SHARES":380554000,"PER_SHARES":1000,"TOTAL_MARKET_CAP":4604703400,"HKSK_MARKET_CAP":4604703400,"PE_TTM":6.920248560238,"PB_TTM":1.431777503767,"REPORT_DATE_SQ":"2022-06-30 00:00:00","REPORT_TYPE_SQ":"2022年中报","OPERATE_INCOME_SQ":2200360000,"DPS_HKD":0.85,"OPERATE_INCOME_QOQ_SQ":0,"NET_PROFIT_RATIO_SQ":13.6656274428,"HOLDER_PROFIT_SQ":300693000,"HOLDER_PROFIT_QOQ_SQ":0,"ROE_AVG_SQ":13.04031620142,"PE_TTM_SQ":5.475592066749,"PB_TTM_SQ":1.097836396095,"ROA_SQ":8.607712340561,"START_DATE":"2023-04-01 00:00:00","FISCAL_YEAR":"3-31","CURRENCY":"HKD","IS_CNY_CODE":0,"DPS_HKD_LY":0.8,"ORG_TYPE":"一般企业","PREMIUM_INCOME":null,"PREMIUM_INCOME_YOY":null,"NET_INTEREST_INCOME":null,"NET_INTEREST_INCOME_YOY":null,"FEE_COMMISSION_INCOME":null,"FEE_COMMISSION_INCOME_YOY":null,"ACCOUNTS_RECE_TDAYS":1.920807096153,"INVENTORY_TDAYS":1.114457654212,"CURRENT_ASSETS_TDAYS":0.535285510369,"TOTAL_ASSETS_TDAYS":0.433595556068,"PREMIUM_EXPENSE":null,"LOAN_DEPOSIT":null,"LOAN_EQUITY":null,"LOAN_ASSETS":null,"DEPOSIT_EQUITY":null,"DEPOSIT_ASSETS":null,"EQUITY_MULTIPLIER":1.296395557291,"EQUITY_RATIO":0.296395557291},{"SECUCODE":"01651.HK","SECURITY_CODE":"01651","SECURITY_NAME_ABBR":"津上机床中国","ORG_CODE":"10662550","STD_REPORT_DATE":"2022-12-31 00:00:00","REPORT_DATE":"2023-03-31 00:00:00","DATE_TYPE_CODE":"001","REPORT_TYPE":"2022年年报","PER_NETCASH_OPERATE":2.00471371099,"PER_OI":10.627257066628,"BPS":6.645293440616,"BASIC_EPS":1.52,"DILUTED_EPS":1.52,"OPERATE_INCOME":4046902000,"OPERATE_INCOME_YOY":-8.4387904035,"GROSS_PROFIT":1036121000,"GROSS_PROFIT_YOY":-11.671322703872,"HOLDER_PROFIT":579188000,"HOLDER_PROFIT_YOY":-13.2177811341,"GROSS_PROFIT_RATIO":25.602819144126,"EPS_TTM":1.550508923226,"OPERATE_INCOME_QOQ":0,"NET_PROFIT_RATIO":14.3118859809,"ROE_AVG":24.385656709615,"GROSS_PROFIT_QOQ":0,"ROA":16.495358590666,"HOLDER_PROFIT_QOQ":0,"ROE_YEARLY":24.385656709615,"ROIC_YEARLY":21.101932058168,"TOTAL_ASSETS":3509365000,"TOTAL_LIABILITIES":980472000,"TAX_EBT":31.132590345759,"OCF_SALES":18.863886498858,"TOTAL_PARENT_EQUITY":2528893000,"DEBT_ASSET_RATIO":27.9387296562,"OPERATE_PROFIT":841693000,"PRETAX_PROFIT":841019000,"NETCASH_OPERATE":763403000,"NETCASH_INVEST":-383280000,"NETCASH_FINANCE":-296984000,"END_CASH":638572000,"DIVI_RATIO":0.495595664423,"DIVIDEND_RATE":6.933115823817,"CURRENT_RATIO":3.290211357288,"COMMON_ACS":1000000000,"CURRENTDEBT_DEBT":88.978471593273,"ISSUED_COMMON_SHARES":380554000,"HK_COMMON_SHARES":380554000,"PER_SHARES":1000,"TOTAL_MARKET_CAP":4665592040,"HKSK_MARKET_CAP":4665592040,"PE_TTM":7.011755979216,"PB_TTM":1.450710098858,"REPORT_DATE_SQ":"2021-12-31 00:00:00","REPORT_TYPE_SQ":"2021年年报","OPERATE_INCOME_SQ":4419887000,"DPS_HKD":0.85,"OPERATE_INCOME_QOQ_SQ":0,"NET_PROFIT_RATIO_SQ":15.1000240504,"HOLDER_PROFIT_SQ":667404000,"HOLDER_PROFIT_QOQ_SQ":0,"ROE_AVG_SQ":33.540501898389,"PE_TTM_SQ":5.275265527721,"PB_TTM_SQ":1.057671649897,"ROA_SQ":21.452947962609,"START_DATE":"2022-04-01 00:00:00","FISCAL_YEAR":"3-31","CURRENCY":"HKD","IS_CNY_CODE":0,"DPS_HKD_LY":0.8,"ORG_TYPE":"一般企业","PREMIUM_INCOME":null,"PREMIUM_INCOME_YOY":null,"NET_INTEREST_INCOME":null,"NET_INTEREST_INCOME_YOY":null,"FEE_COMMISSION_INCOME":null,"FEE_COMMISSION_INCOME_YOY":null,"ACCOUNTS_RECE_TDAYS":3.985597531568,"INVENTORY_TDAYS":2.882876421794,"CURRENT_ASSETS_TDAYS":1.410439456457,"TOTAL_ASSETS_TDAYS":1.152563583349,"PREMIUM_EXPENSE":null,"LOAN_DEPOSIT":null,"LOAN_EQUITY":null,"LOAN_ASSETS":null,"DEPOSIT_EQUITY":null,"DEPOSIT_ASSETS":null,"EQUITY_MULTIPLIER":1.387707981318,"EQUITY_RATIO":0.387707981318},{"SECUCODE":"01651.HK","SECURITY_CODE":"01651","SECURITY_NAME_ABBR":"津上机床中国","ORG_CODE":"10662550","STD_REPORT_DATE":"2022-06-30 00:00:00","REPORT_DATE":"2022-09-30 00:00:00","DATE_TYPE_CODE":"002","REPORT_TYPE":"2022年中报","PER_NETCASH_OPERATE":0.429824791756,"PER_OI":5.778195607189,"BPS":6.281373996857,"BASIC_EPS":0.79,"DILUTED_EPS":0.79,"OPERATE_INCOME":2200360000,"OPERATE_INCOME_YOY":-7.1710839673,"GROSS_PROFIT":534098000,"GROSS_PROFIT_YOY":-18.931857576963,"HOLDER_PROFIT":300693000,"HOLDER_PROFIT_YOY":-20.3793389239,"GROSS_PROFIT_RATIO":24.27320983839,"EPS_TTM":1.752618144767,"OPERATE_INCOME_QOQ":0,"NET_PROFIT_RATIO":13.6656274428,"ROE_AVG":13.04031620142,"GROSS_PROFIT_QOQ":0,"ROA":8.607712340561,"HOLDER_PROFIT_QOQ":0,"ROE_YEARLY":26.080632402839,"ROIC_YEARLY":20.453267752568,"TOTAL_ASSETS":3473524000,"TOTAL_LIABILITIES":1083122000,"TAX_EBT":32.089137622635,"OCF_SALES":7.438737297533,"TOTAL_PARENT_EQUITY":2390402000,"DEBT_ASSET_RATIO":31.1822230104,"OPERATE_PROFIT":442846000,"PRETAX_PROFIT":442776000,"NETCASH_OPERATE":163679000,"NETCASH_INVEST":-13418000,"NETCASH_FINANCE":-155118000,"END_CASH":550576000,"DIVI_RATIO":0.438444336717,"DIVIDEND_RATE":6.933115823817,"CURRENT_RATIO":2.878237678426,"COMMON_ACS":1000000000,"CURRENTDEBT_DEBT":90.837781893452,"ISSUED_COMMON_SHARES":380554000,"HK_COMMON_SHARES":380554000,"PER_SHARES":1000,"TOTAL_MARKET_CAP":4665592040,"HKSK_MARKET_CAP":4665592040,"PE_TTM":7.011755979216,"PB_TTM":1.450710098858,"REPORT_DATE_SQ":"2021-06-30 00:00:00","REPORT_TYPE_SQ":"2021年中报","OPERATE_INCOME_SQ":2370339000,"DPS_HKD":0.85,"OPERATE_INCOME_QOQ_SQ":0,"NET_PROFIT_RATIO_SQ":15.9326155457,"HOLDER_PROFIT_SQ":377657000,"HOLDER_PROFIT_QOQ_SQ":0,"ROE_AVG_SQ":19.797520179178,"PE_TTM_SQ":5.275265527721,"PB_TTM_SQ":1.057671649897,"ROA_SQ":12.357309909469,"START_DATE":"2022-04-01 00:00:00","FISCAL_YEAR":"3-31","CURRENCY":"HKD","IS_CNY_CODE":0,"DPS_HKD_LY":0.8,"ORG_TYPE":"一般企业","PREMIUM_INCOME":null,"PREMIUM_INCOME_YOY":null,"NET_INTEREST_INCOME":null,"NET_INTEREST_INCOME_YOY":null,"FEE_COMMISSION_INCOME":null,"FEE_COMMISSION_INCOME_YOY":null,"ACCOUNTS_RECE_TDAYS":1.864821699244,"INVENTORY_TDAYS":1.585024727635,"CURRENT_ASSETS_TDAYS":0.772064267343,"TOTAL_ASSETS_TDAYS":0.629880506885,"PREMIUM_EXPENSE":null,"LOAN_DEPOSIT":null,"LOAN_EQUITY":null,"LOAN_ASSETS":null,"DEPOSIT_EQUITY":null,"DEPOSIT_ASSETS":null,"EQUITY_MULTIPLIER":1.453112907369,"EQUITY_RATIO":0.453112907369},{"SECUCODE":"01651.HK","SECURITY_CODE":"01651","SECURITY_NAME_ABBR":"津上机床中国","ORG_CODE":"10662550","STD_REPORT_DATE":"2021-12-31 00:00:00","REPORT_DATE":"2022-03-31 00:00:00","DATE_TYPE_CODE":"001","REPORT_TYPE":"2021年年报","PER_NETCASH_OPERATE":1.127913572336,"PER_OI":11.606724194074,"BPS":5.837126925482,"BASIC_EPS":1.75,"DILUTED_EPS":1.75,"OPERATE_INCOME":4419887000,"OPERATE_INCOME_YOY":41.8004822623,"GROSS_PROFIT":1173029000,"GROSS_PROFIT_YOY":53.275613577296,"HOLDER_PROFIT":667404000,"HOLDER_PROFIT_YOY":70.2769726905,"GROSS_PROFIT_RATIO":26.53979615316,"EPS_TTM":1.631419312822,"OPERATE_INCOME_QOQ":0,"NET_PROFIT_RATIO":15.1000240504,"ROE_AVG":33.540501898389,"GROSS_PROFIT_QOQ":0,"ROA":21.452947962609,"HOLDER_PROFIT_QOQ":0,"ROE_YEARLY":33.540501898389,"ROIC_YEARLY":25.490568278908,"TOTAL_ASSETS":3513071000,"TOTAL_LIABILITIES":1291729000,"TAX_EBT":31.466348474175,"OCF_SALES":9.717759752681,"TOTAL_PARENT_EQUITY":2221342000,"DEBT_ASSET_RATIO":36.7692255579,"OPERATE_PROFIT":1093824000,"PRETAX_PROFIT":973834000,"NETCASH_OPERATE":429514000,"NETCASH_INVEST":-117315000,"NETCASH_FINANCE":-186881000,"END_CASH":555433000,"DIVI_RATIO":0.47101655225,"DIVIDEND_RATE":6.933115823817,"CURRENT_RATIO":2.364975035766,"COMMON_ACS":1000000000,"CURRENTDEBT_DEBT":93.884630599762,"ISSUED_COMMON_SHARES":380554000,"HK_COMMON_SHARES":380554000,"PER_SHARES":1000,"TOTAL_MARKET_CAP":4665592040,"HKSK_MARKET_CAP":4665592040,"PE_TTM":7.011755979216,"PB_TTM":1.450710098858,"REPORT_DATE_SQ":"2020-12-31 00:00:00","REPORT_TYPE_SQ":"2020年年报","OPERATE_INCOME_SQ":3116976000,"DPS_HKD":0.85,"OPERATE_INCOME_QOQ_SQ":0,"NET_PROFIT_RATIO_SQ":12.5747519391,"HOLDER_PROFIT_SQ":391952000,"HOLDER_PROFIT_QOQ_SQ":0,"ROE_AVG_SQ":24.290447696169,"PE_TTM_SQ":5.275265527721,"PB_TTM_SQ":1.057671649897,"ROA_SQ":16.900339600448,"START_DATE":"2021-04-01 00:00:00","FISCAL_YEAR":"3-31","CURRENCY":"HKD","IS_CNY_CODE":0,"DPS_HKD_LY":0.65,"ORG_TYPE":"一般企业","PREMIUM_INCOME":null,"PREMIUM_INCOME_YOY":null,"NET_INTEREST_INCOME":null,"NET_INTEREST_INCOME_YOY":null,"FEE_COMMISSION_INCOME":null,"FEE_COMMISSION_INCOME_YOY":null,"ACCOUNTS_RECE_TDAYS":4.016116670263,"INVENTORY_TDAYS":3.799801282884,"CURRENT_ASSETS_TDAYS":1.766594875265,"TOTAL_ASSETS_TDAYS":1.420722767793,"PREMIUM_EXPENSE":null,"LOAN_DEPOSIT":null,"LOAN_EQUITY":null,"LOAN_ASSETS":null,"DEPOSIT_EQUITY":null,"DEPOSIT_ASSETS":null,"EQUITY_MULTIPLIER":1.581508385471,"EQUITY_RATIO":0.581508385471},{"SECUCODE":"01651.HK","SECURITY_CODE":"01651","SECURITY_NAME_ABBR":"津上机床中国","ORG_CODE":"10662550","STD_REPORT_DATE":"2021-06-30 00:00:00","REPORT_DATE":"2021-09-30 00:00:00","DATE_TYPE_CODE":"002","REPORT_TYPE":"2021年中报","PER_NETCASH_OPERATE":0.835209188979,"PER_OI":6.224564342812,"BPS":5.404875523579,"BASIC_EPS":0.99,"DILUTED_EPS":0.99,"OPERATE_INCOME":2370339000,"OPERATE_INCOME_YOY":71.909195609,"GROSS_PROFIT":658826000,"GROSS_PROFIT_YOY":105.48499781673,"HOLDER_PROFIT":377657000,"HOLDER_PROFIT_YOY":154.5578937435,"GROSS_PROFIT_RATIO":27.794589719023,"EPS_TTM":1.029274902575,"OPERATE_INCOME_QOQ":0,"NET_PROFIT_RATIO":15.9326155457,"ROE_AVG":19.797520179178,"GROSS_PROFIT_QOQ":0,"ROA":12.357309909469,"HOLDER_PROFIT_QOQ":0,"ROE_YEARLY":39.595040358357,"ROIC_YEARLY":30.185236324079,"TOTAL_ASSETS":3403330000,"TOTAL_LIABILITIES":1346483000,"TAX_EBT":32.541494294758,"OCF_SALES":13.417954140737,"TOTAL_PARENT_EQUITY":2056847000,"DEBT_ASSET_RATIO":39.563692031,"OPERATE_PROFIT":560899000,"PRETAX_PROFIT":559836000,"NETCASH_OPERATE":318051000,"NETCASH_INVEST":-13699000,"NETCASH_FINANCE":-56823000,"END_CASH":677644000,"DIVI_RATIO":0.746569743494,"DIVIDEND_RATE":6.933115823817,"CURRENT_RATIO":2.221698139035,"COMMON_ACS":1000000000,"CURRENTDEBT_DEBT":94.945350219795,"ISSUED_COMMON_SHARES":380554000,"HK_COMMON_SHARES":380554000,"PER_SHARES":1000,"TOTAL_MARKET_CAP":4665592040,"HKSK_MARKET_CAP":4665592040,"PE_TTM":7.011755979216,"PB_TTM":1.450710098858,"REPORT_DATE_SQ":"2020-06-30 00:00:00","REPORT_TYPE_SQ":"2020年中报","OPERATE_INCOME_SQ":1378832000,"DPS_HKD":0.85,"OPERATE_INCOME_QOQ_SQ":0,"NET_PROFIT_RATIO_SQ":10.7596864593,"HOLDER_PROFIT_SQ":148358000,"HOLDER_PROFIT_QOQ_SQ":0,"ROE_AVG_SQ":9.784827838197,"PE_TTM_SQ":5.275265527721,"PB_TTM_SQ":1.057671649897,"ROA_SQ":7.223648858545,"START_DATE":"2021-04-01 00:00:00","FISCAL_YEAR":"3-31","CURRENCY":"HKD","IS_CNY_CODE":0,"DPS_HKD_LY":0.65,"ORG_TYPE":"一般企业","PREMIUM_INCOME":null,"PREMIUM_INCOME_YOY":null,"NET_INTEREST_INCOME":null,"NET_INTEREST_INCOME_YOY":null,"FEE_COMMISSION_INCOME":null,"FEE_COMMISSION_INCOME_YOY":null,"ACCOUNTS_RECE_TDAYS":2.084530117812,"INVENTORY_TDAYS":2.386639660588,"CURRENT_ASSETS_TDAYS":0.95270266604,"TOTAL_ASSETS_TDAYS":0.775598323704,"PREMIUM_EXPENSE":null,"LOAN_DEPOSIT":null,"LOAN_EQUITY":null,"LOAN_ASSETS":null,"DEPOSIT_EQUITY":null,"DEPOSIT_ASSETS":null,"EQUITY_MULTIPLIER":1.654634496391,"EQUITY_RATIO":0.654634496392},{"SECUCODE":"01651.HK","SECURITY_CODE":"01651","SECURITY_NAME_ABBR":"津上机床中国","ORG_CODE":"10662550","STD_REPORT_DATE":"2020-12-31 00:00:00","REPORT_DATE":"2021-03-31 00:00:00","DATE_TYPE_CODE":"001","REPORT_TYPE":"2020年年报","PER_NETCASH_OPERATE":0.789831514375,"PER_OI":8.185250154935,"BPS":4.620495383047,"BASIC_EPS":1.03,"DILUTED_EPS":1.03,"OPERATE_INCOME":3116976000,"OPERATE_INCOME_YOY":60.3738277365,"GROSS_PROFIT":765307000,"GROSS_PROFIT_YOY":95.185070888794,"HOLDER_PROFIT":391952000,"HOLDER_PROFIT_YOY":151.5366794376,"GROSS_PROFIT_RATIO":24.55286790787,"EPS_TTM":0.533963789456,"OPERATE_INCOME_QOQ":0,"NET_PROFIT_RATIO":12.5747519391,"ROE_AVG":24.290447696169,"GROSS_PROFIT_QOQ":0,"ROA":16.900339600448,"HOLDER_PROFIT_QOQ":0,"ROE_YEARLY":24.290447696169,"ROIC_YEARLY":19.581606722709,"TOTAL_ASSETS":2708955000,"TOTAL_LIABILITIES":950607000,"TAX_EBT":31.267601682046,"OCF_SALES":9.649448696429,"TOTAL_PARENT_EQUITY":1758348000,"DEBT_ASSET_RATIO":35.0912805861,"OPERATE_PROFIT":573553000,"PRETAX_PROFIT":570258000,"NETCASH_OPERATE":300771000,"NETCASH_INVEST":30190000,"NETCASH_FINANCE":-105856000,"END_CASH":430115000,"DIVI_RATIO":1.439096648825,"DIVIDEND_RATE":6.933115823817,"CURRENT_RATIO":2.385416282735,"COMMON_ACS":1000000000,"CURRENTDEBT_DEBT":94.186241001802,"ISSUED_COMMON_SHARES":380554000,"HK_COMMON_SHARES":380554000,"PER_SHARES":1000,"TOTAL_MARKET_CAP":4665592040,"HKSK_MARKET_CAP":4665592040,"PE_TTM":7.011755979216,"PB_TTM":1.450710098858,"REPORT_DATE_SQ":"2019-12-31 00:00:00","REPORT_TYPE_SQ":"2019年年报","OPERATE_INCOME_SQ":1943569000,"DPS_HKD":0.85,"OPERATE_INCOME_QOQ_SQ":0,"NET_PROFIT_RATIO_SQ":8.017363932,"HOLDER_PROFIT_SQ":155823000,"HOLDER_PROFIT_QOQ_SQ":0,"ROE_AVG_SQ":10.802643414601,"PE_TTM_SQ":5.275265527721,"PB_TTM_SQ":1.057671649897,"ROA_SQ":7.978082455494,"START_DATE":"2020-04-01 00:00:00","FISCAL_YEAR":"3-31","CURRENCY":"HKD","IS_CNY_CODE":0,"DPS_HKD_LY":0.3,"ORG_TYPE":"一般企业","PREMIUM_INCOME":null,"PREMIUM_INCOME_YOY":null,"NET_INTEREST_INCOME":null,"NET_INTEREST_INCOME_YOY":null,"FEE_COMMISSION_INCOME":null,"FEE_COMMISSION_INCOME_YOY":null,"ACCOUNTS_RECE_TDAYS":4.371656803364,"INVENTORY_TDAYS":3.633975343592,"CURRENT_ASSETS_TDAYS":1.754321111337,"TOTAL_ASSETS_TDAYS":1.343989899948,"PREMIUM_EXPENSE":null,"LOAN_DEPOSIT":null,"LOAN_EQUITY":null,"LOAN_ASSETS":null,"DEPOSIT_EQUITY":null,"DEPOSIT_ASSETS":null,"EQUITY_MULTIPLIER":1.540625063982,"EQUITY_RATIO":0.540625063981},{"SECUCODE":"01651.HK","SECURITY_CODE":"01651","SECURITY_NAME_ABBR":"津上机床中国","ORG_CODE":"10662550","STD_REPORT_DATE":"2020-06-30 00:00:00","REPORT_DATE":"2020-09-30 00:00:00","DATE_TYPE_CODE":"002","REPORT_TYPE":"2020年中报","PER_NETCASH_OPERATE":0.259513273175,"PER_OI":3.619038620031,"BPS":4.108604823494,"BASIC_EPS":0.39,"DILUTED_EPS":0.39,"OPERATE_INCOME":1378832000,"OPERATE_INCOME_YOY":28.1616278789,"GROSS_PROFIT":320620000,"GROSS_PROFIT_YOY":36.564796081355,"HOLDER_PROFIT":148358000,"HOLDER_PROFIT_YOY":47.2623679822,"GROSS_PROFIT_RATIO":23.253014145306,"EPS_TTM":0.408990692767,"OPERATE_INCOME_QOQ":0,"NET_PROFIT_RATIO":10.7596864593,"ROE_AVG":9.784827838197,"GROSS_PROFIT_QOQ":0,"ROA":7.223648858545,"HOLDER_PROFIT_QOQ":0,"ROE_YEARLY":19.569655676395,"ROIC_YEARLY":16.704367221798,"TOTAL_ASSETS":2178127000,"TOTAL_LIABILITIES":614581000,"TAX_EBT":31.63792865108,"OCF_SALES":7.17077932627,"TOTAL_PARENT_EQUITY":1563546000,"DEBT_ASSET_RATIO":28.2160314803,"OPERATE_PROFIT":null,"PRETAX_PROFIT":217018000,"NETCASH_OPERATE":98873000,"NETCASH_INVEST":101728000,"NETCASH_FINANCE":-55613000,"END_CASH":349998000,"DIVI_RATIO":1.878833708419,"DIVIDEND_RATE":6.933115823817,"CURRENT_RATIO":2.861999545745,"COMMON_ACS":1000000000,"CURRENTDEBT_DEBT":94.563938683428,"ISSUED_COMMON_SHARES":380554000,"HK_COMMON_SHARES":380554000,"PER_SHARES":1000,"TOTAL_MARKET_CAP":4665592040,"HKSK_MARKET_CAP":4665592040,"PE_TTM":7.011755979216,"PB_TTM":1.450710098858,"REPORT_DATE_SQ":"2019-06-30 00:00:00","REPORT_TYPE_SQ":"2019年中报","OPERATE_INCOME_SQ":1075854000,"DPS_HKD":0.85,"OPERATE_INCOME_QOQ_SQ":0,"NET_PROFIT_RATIO_SQ":9.3640958717,"HOLDER_PROFIT_SQ":100744000,"HOLDER_PROFIT_QOQ_SQ":0,"ROE_AVG_SQ":6.988399606268,"PE_TTM_SQ":5.275265527721,"PB_TTM_SQ":1.057671649897,"ROA_SQ":5.221040673681,"START_DATE":"2020-04-01 00:00:00","FISCAL_YEAR":"3-31","CURRENCY":"HKD","IS_CNY_CODE":0,"DPS_HKD_LY":0.3,"ORG_TYPE":"一般企业","PREMIUM_INCOME":null,"PREMIUM_INCOME_YOY":null,"NET_INTEREST_INCOME":null,"NET_INTEREST_INCOME_YOY":null,"FEE_COMMISSION_INCOME":null,"FEE_COMMISSION_INCOME_YOY":null,"ACCOUNTS_RECE_TDAYS":2.481498078809,"INVENTORY_TDAYS":1.753568575983,"CURRENT_ASSETS_TDAYS":0.895044103657,"TOTAL_ASSETS_TDAYS":0.671362393867,"PREMIUM_EXPENSE":null,"LOAN_DEPOSIT":null,"LOAN_EQUITY":null,"LOAN_ASSETS":null,"DEPOSIT_EQUITY":null,"DEPOSIT_ASSETS":null,"EQUITY_MULTIPLIER":1.393068704088,"EQUITY_RATIO":0.393068704087}],"count":20},"success":true,"message":"ok","code":0}