{"version":"df662ff571dde53dd43301b74dac5d08","result":{"pages":3,"data":[{"SECUCODE":"01657.HK","SECURITY_CODE":"01657","SECURITY_NAME_ABBR":"桦欣控股","ORG_CODE":"10566421","STD_REPORT_DATE":"2024-06-30 00:00:00","REPORT_DATE":"2024-10-31 00:00:00","DATE_TYPE_CODE":"002","REPORT_TYPE":"2024年中报","PER_NETCASH_OPERATE":-0.311258482813,"PER_OI":1.844718590313,"BPS":2.304200855,"BASIC_EPS":-0.2566844,"DILUTED_EPS":-0.2566844,"OPERATE_INCOME":59030994.89,"OPERATE_INCOME_YOY":-24.9218822871,"GROSS_PROFIT":6194344.61,"GROSS_PROFIT_YOY":-7.371645933929,"HOLDER_PROFIT":-8281738.82,"HOLDER_PROFIT_YOY":11.4660917287,"GROSS_PROFIT_RATIO":10.493376609259,"EPS_TTM":-0.486572917188,"OPERATE_INCOME_QOQ":-28.735284144311,"NET_PROFIT_RATIO":-14.0294752535,"ROE_AVG":-10.642258034116,"GROSS_PROFIT_QOQ":23.54388608266,"ROA":-8.8298106292,"HOLDER_PROFIT_QOQ":22.028723128083,"ROE_YEARLY":-21.284516068231,"ROIC_YEARLY":-23.884779864237,"TOTAL_ASSETS":91973687.44,"TOTAL_LIABILITIES":18239260.08,"TAX_EBT":0.953842780397,"OCF_SALES":-16.872952028947,"TOTAL_PARENT_EQUITY":73734427.36,"DEBT_ASSET_RATIO":19.8309544693,"OPERATE_PROFIT":-8255153.65,"PRETAX_PROFIT":-8361494.33,"NETCASH_OPERATE":-9960271.45,"NETCASH_INVEST":18334.6,"NETCASH_FINANCE":-717799.59,"END_CASH":19161490.46,"DIVI_RATIO":null,"DIVIDEND_RATE":null,"CURRENT_RATIO":4.040220444068,"COMMON_ACS":200000000,"CURRENTDEBT_DEBT":94.848210695617,"ISSUED_COMMON_SHARES":32000000,"HK_COMMON_SHARES":32000000,"PER_SHARES":500,"TOTAL_MARKET_CAP":320000000,"HKSK_MARKET_CAP":320000000,"PE_TTM":-20.02879138762,"PB_TTM":3.978516013527,"REPORT_DATE_SQ":"2023-06-30 00:00:00","REPORT_TYPE_SQ":"2023年中报","OPERATE_INCOME_SQ":78720443.44,"DPS_HKD":null,"OPERATE_INCOME_QOQ_SQ":-4.609029381617,"NET_PROFIT_RATIO_SQ":-11.8972110811,"HOLDER_PROFIT_SQ":-9365537.32,"HOLDER_PROFIT_QOQ_SQ":-389.948614771156,"ROE_AVG_SQ":-10.018802436953,"PE_TTM_SQ":-5.719136767794,"PB_TTM_SQ":1.323380409834,"ROA_SQ":-8.288051203327,"START_DATE":"2024-05-01 00:00:00","FISCAL_YEAR":"4-30","CURRENCY":"HKD","IS_CNY_CODE":0,"DPS_HKD_LY":null,"ORG_TYPE":"一般企业","PREMIUM_INCOME":null,"PREMIUM_INCOME_YOY":null,"NET_INTEREST_INCOME":null,"NET_INTEREST_INCOME_YOY":null,"FEE_COMMISSION_INCOME":null,"FEE_COMMISSION_INCOME_YOY":null,"ACCOUNTS_RECE_TDAYS":1.51139537613,"INVENTORY_TDAYS":18.996704021094,"CURRENT_ASSETS_TDAYS":0.836935754299,"TOTAL_ASSETS_TDAYS":0.629375687233,"PREMIUM_EXPENSE":null,"LOAN_DEPOSIT":null,"LOAN_EQUITY":null,"LOAN_ASSETS":null,"DEPOSIT_EQUITY":null,"DEPOSIT_ASSETS":null,"EQUITY_MULTIPLIER":1.24736423314,"EQUITY_RATIO":0.247364233141},{"SECUCODE":"01657.HK","SECURITY_CODE":"01657","SECURITY_NAME_ABBR":"桦欣控股","ORG_CODE":"10566421","STD_REPORT_DATE":"2023-12-31 00:00:00","REPORT_DATE":"2024-04-30 00:00:00","DATE_TYPE_CODE":"001","REPORT_TYPE":"2023年年报","PER_NETCASH_OPERATE":0.041968935938,"PER_OI":3.487621414063,"BPS":2.5352756,"BASIC_EPS":-0.4867148,"DILUTED_EPS":-0.4867148,"OPERATE_INCOME":111603885.25,"OPERATE_INCOME_YOY":-17.7133407426,"GROSS_PROFIT":16634567.95,"GROSS_PROFIT_YOY":0.994866681607,"HOLDER_PROFIT":-15570333.35,"HOLDER_PROFIT_YOY":-4.3830279418,"GROSS_PROFIT_RATIO":14.905007932956,"EPS_TTM":-0.6240412325,"OPERATE_INCOME_QOQ":18.868424829981,"NET_PROFIT_RATIO":-13.9514258981,"ROE_AVG":-17.468507887673,"GROSS_PROFIT_QOQ":-18.251829464038,"ROA":-14.474928245821,"HOLDER_PROFIT_QOQ":-37.818297011025,"ROE_YEARLY":-17.468507887673,"ROIC_YEARLY":-20.134448847791,"TOTAL_ASSETS":94706890.85,"TOTAL_LIABILITIES":13578071.65,"TAX_EBT":1.22126850625,"OCF_SALES":1.203368455311,"TOTAL_PARENT_EQUITY":81128819.2,"DEBT_ASSET_RATIO":14.3369416186,"OPERATE_PROFIT":-15545816,"PRETAX_PROFIT":-15762839.95,"NETCASH_OPERATE":1343005.95,"NETCASH_INVEST":215207.85,"NETCASH_FINANCE":-2731414.4,"END_CASH":29448061.5,"DIVI_RATIO":null,"DIVIDEND_RATE":null,"CURRENT_RATIO":5.815791445052,"COMMON_ACS":200000000,"CURRENTDEBT_DEBT":89.273055574132,"ISSUED_COMMON_SHARES":32000000,"HK_COMMON_SHARES":32000000,"PER_SHARES":500,"TOTAL_MARKET_CAP":262080000,"HKSK_MARKET_CAP":262080000,"PE_TTM":-16.403580146461,"PB_TTM":3.258404615079,"REPORT_DATE_SQ":"2022-12-31 00:00:00","REPORT_TYPE_SQ":"2022年年报","OPERATE_INCOME_SQ":131746245.72,"DPS_HKD":null,"OPERATE_INCOME_QOQ_SQ":-3.036364612812,"NET_PROFIT_RATIO_SQ":-10.9981119696,"HOLDER_PROFIT_SQ":-14489599.62,"HOLDER_PROFIT_QOQ_SQ":-814.169108792624,"ROE_AVG_SQ":-14.09020924737,"PE_TTM_SQ":-6.623242223169,"PB_TTM_SQ":1.124873348359,"ROA_SQ":-11.585484115538,"START_DATE":"2023-05-01 00:00:00","FISCAL_YEAR":"4-30","CURRENCY":"HKD","IS_CNY_CODE":0,"DPS_HKD_LY":null,"ORG_TYPE":"一般企业","PREMIUM_INCOME":null,"PREMIUM_INCOME_YOY":null,"NET_INTEREST_INCOME":null,"NET_INTEREST_INCOME_YOY":null,"FEE_COMMISSION_INCOME":null,"FEE_COMMISSION_INCOME_YOY":null,"ACCOUNTS_RECE_TDAYS":2.417414907113,"INVENTORY_TDAYS":114.426695842451,"CURRENT_ASSETS_TDAYS":1.318044354839,"TOTAL_ASSETS_TDAYS":1.037523214587,"PREMIUM_EXPENSE":null,"LOAN_DEPOSIT":null,"LOAN_EQUITY":null,"LOAN_ASSETS":null,"DEPOSIT_EQUITY":null,"DEPOSIT_ASSETS":null,"EQUITY_MULTIPLIER":1.167364344555,"EQUITY_RATIO":0.167364344556},{"SECUCODE":"01657.HK","SECURITY_CODE":"01657","SECURITY_NAME_ABBR":"桦欣控股","ORG_CODE":"10566421","STD_REPORT_DATE":"2023-06-30 00:00:00","REPORT_DATE":"2023-10-31 00:00:00","DATE_TYPE_CODE":"002","REPORT_TYPE":"2023年中报","PER_NETCASH_OPERATE":-0.67013062875,"PER_OI":2.4600138575,"BPS":2.774198539375,"BASIC_EPS":-0.2937056,"DILUTED_EPS":-0.2937056,"OPERATE_INCOME":78720443.44,"OPERATE_INCOME_YOY":45.5915803768,"GROSS_PROFIT":6687309.38,"GROSS_PROFIT_YOY":-31.012541455268,"HOLDER_PROFIT":-9365537.32,"HOLDER_PROFIT_YOY":-140.0941176471,"GROSS_PROFIT_RATIO":8.495009793863,"EPS_TTM":-0.452799988125,"OPERATE_INCOME_QOQ":-4.609029381617,"NET_PROFIT_RATIO":-11.8972110811,"ROE_AVG":-10.018802436953,"GROSS_PROFIT_QOQ":-34.322306513284,"ROA":-8.288051203327,"HOLDER_PROFIT_QOQ":-389.948614771156,"ROE_YEARLY":-20.037604873906,"ROIC_YEARLY":-19.722447717345,"TOTAL_ASSETS":104275584.13,"TOTAL_LIABILITIES":15501230.87,"TAX_EBT":0.97049689441,"OCF_SALES":-27.240929017816,"TOTAL_PARENT_EQUITY":88774353.26,"DEBT_ASSET_RATIO":14.8656380104,"OPERATE_PROFIT":-9362783.83,"PRETAX_PROFIT":-9457320.32,"NETCASH_OPERATE":-21444180.12,"NETCASH_INVEST":-4002656.63,"NETCASH_FINANCE":-1231727.86,"END_CASH":4696536.11,"DIVI_RATIO":null,"DIVIDEND_RATE":null,"CURRENT_RATIO":5.685689201054,"COMMON_ACS":200000000,"CURRENTDEBT_DEBT":87.672449523358,"ISSUED_COMMON_SHARES":32000000,"HK_COMMON_SHARES":32000000,"PER_SHARES":500,"TOTAL_MARKET_CAP":262080000,"HKSK_MARKET_CAP":262080000,"PE_TTM":-16.403580146461,"PB_TTM":3.258404615079,"REPORT_DATE_SQ":"2022-06-30 00:00:00","REPORT_TYPE_SQ":"2022年中报","OPERATE_INCOME_SQ":53862002.1,"DPS_HKD":null,"OPERATE_INCOME_QOQ_SQ":22.068815873421,"NET_PROFIT_RATIO_SQ":-7.2143948396,"HOLDER_PROFIT_SQ":-3885817.5,"HOLDER_PROFIT_QOQ_SQ":146.556893323377,"ROE_AVG_SQ":-3.452449614544,"PE_TTM_SQ":-6.623242223169,"PB_TTM_SQ":1.124873348359,"ROA_SQ":-2.889377628059,"START_DATE":"2023-05-01 00:00:00","FISCAL_YEAR":"4-30","CURRENCY":"HKD","IS_CNY_CODE":0,"DPS_HKD_LY":null,"ORG_TYPE":"一般企业","PREMIUM_INCOME":null,"PREMIUM_INCOME_YOY":null,"NET_INTEREST_INCOME":null,"NET_INTEREST_INCOME_YOY":null,"FEE_COMMISSION_INCOME":null,"FEE_COMMISSION_INCOME_YOY":null,"ACCOUNTS_RECE_TDAYS":1.354816289135,"INVENTORY_TDAYS":27.217617478758,"CURRENT_ASSETS_TDAYS":0.888561971313,"TOTAL_ASSETS_TDAYS":0.6966381572,"PREMIUM_EXPENSE":null,"LOAN_DEPOSIT":null,"LOAN_EQUITY":null,"LOAN_ASSETS":null,"DEPOSIT_EQUITY":null,"DEPOSIT_ASSETS":null,"EQUITY_MULTIPLIER":1.174613841732,"EQUITY_RATIO":0.174613841732},{"SECUCODE":"01657.HK","SECURITY_CODE":"01657","SECURITY_NAME_ABBR":"桦欣控股","ORG_CODE":"10566421","STD_REPORT_DATE":"2022-12-31 00:00:00","REPORT_DATE":"2023-04-30 00:00:00","DATE_TYPE_CODE":"001","REPORT_TYPE":"2022年年报","PER_NETCASH_OPERATE":-0.364924760625,"PER_OI":4.11707017875,"BPS":2.948699015625,"BASIC_EPS":-0.45249678,"DILUTED_EPS":-0.45249678,"OPERATE_INCOME":131746245.72,"OPERATE_INCOME_YOY":-11.5615082185,"GROSS_PROFIT":16470706.38,"GROSS_PROFIT_YOY":-43.167356763988,"HOLDER_PROFIT":-14489599.62,"HOLDER_PROFIT_YOY":-3445.6211812627,"GROSS_PROFIT_RATIO":12.501841164419,"EPS_TTM":-0.0924178525,"OPERATE_INCOME_QOQ":-3.036364612812,"NET_PROFIT_RATIO":-10.9981119696,"ROE_AVG":-14.09020924737,"GROSS_PROFIT_QOQ":-13.467358217282,"ROA":-11.585484115538,"HOLDER_PROFIT_QOQ":-814.169108792624,"ROE_YEARLY":-14.09020924737,"ROIC_YEARLY":-16.160036201944,"TOTAL_ASSETS":116981443.38,"TOTAL_LIABILITIES":22623074.88,"TAX_EBT":0.544893140401,"OCF_SALES":-8.863700271823,"TOTAL_PARENT_EQUITY":94358368.5,"DEBT_ASSET_RATIO":19.3390286753,"OPERATE_PROFIT":-14263792.26,"PRETAX_PROFIT":-14568985.02,"NETCASH_OPERATE":-11677592.34,"NETCASH_INVEST":409275.84,"NETCASH_FINANCE":380167.86,"END_CASH":30135579.9,"DIVI_RATIO":null,"DIVIDEND_RATE":null,"CURRENT_RATIO":4.351480992925,"COMMON_ACS":200000000,"CURRENTDEBT_DEBT":97.539769182782,"ISSUED_COMMON_SHARES":32000000,"HK_COMMON_SHARES":32000000,"PER_SHARES":500,"TOTAL_MARKET_CAP":262080000,"HKSK_MARKET_CAP":262080000,"PE_TTM":-16.403580146461,"PB_TTM":3.258404615079,"REPORT_DATE_SQ":"2021-12-31 00:00:00","REPORT_TYPE_SQ":"2021年年报","OPERATE_INCOME_SQ":142436761.44,"DPS_HKD":null,"OPERATE_INCOME_QOQ_SQ":15.824341966873,"NET_PROFIT_RATIO_SQ":0.2907252143,"HOLDER_PROFIT_SQ":414099.58,"HOLDER_PROFIT_QOQ_SQ":-1113.28224748627,"ROE_AVG_SQ":0.389444545793,"PE_TTM_SQ":-6.623242223169,"PB_TTM_SQ":1.124873348359,"ROA_SQ":0.320716942803,"START_DATE":"2022-05-01 00:00:00","FISCAL_YEAR":"4-30","CURRENCY":"HKD","IS_CNY_CODE":0,"DPS_HKD_LY":null,"ORG_TYPE":"一般企业","PREMIUM_INCOME":null,"PREMIUM_INCOME_YOY":null,"NET_INTEREST_INCOME":null,"NET_INTEREST_INCOME_YOY":null,"FEE_COMMISSION_INCOME":null,"FEE_COMMISSION_INCOME_YOY":null,"ACCOUNTS_RECE_TDAYS":2.744969033135,"INVENTORY_TDAYS":43.425485961123,"CURRENT_ASSETS_TDAYS":1.346932334149,"TOTAL_ASSETS_TDAYS":1.053406634483,"PREMIUM_EXPENSE":null,"LOAN_DEPOSIT":null,"LOAN_EQUITY":null,"LOAN_ASSETS":null,"DEPOSIT_EQUITY":null,"DEPOSIT_ASSETS":null,"EQUITY_MULTIPLIER":1.23975695256,"EQUITY_RATIO":0.239756952559},{"SECUCODE":"01657.HK","SECURITY_CODE":"01657","SECURITY_NAME_ABBR":"桦欣控股","ORG_CODE":"10566421","STD_REPORT_DATE":"2022-06-30 00:00:00","REPORT_DATE":"2022-10-31 00:00:00","DATE_TYPE_CODE":"002","REPORT_TYPE":"2022年中报","PER_NETCASH_OPERATE":-0.176604690938,"PER_OI":1.683187565625,"BPS":3.4288910775,"BASIC_EPS":-0.1188603,"DILUTED_EPS":-0.1188603,"OPERATE_INCOME":53862002.1,"OPERATE_INCOME_YOY":-16.8149340563,"GROSS_PROFIT":9693514.62,"GROSS_PROFIT_YOY":-28.705802724483,"HOLDER_PROFIT":-3885817.5,"HOLDER_PROFIT_YOY":-578.9137380192,"GROSS_PROFIT_RATIO":17.996944491597,"EPS_TTM":0.012940611875,"OPERATE_INCOME_QOQ":22.068815873421,"NET_PROFIT_RATIO":-7.2143948396,"ROE_AVG":-3.452449614544,"GROSS_PROFIT_QOQ":34.150450926019,"ROA":-2.889377628059,"HOLDER_PROFIT_QOQ":146.556893323377,"ROE_YEARLY":-6.904899229088,"ROIC_YEARLY":-8.403569045206,"TOTAL_ASSETS":130952049.75,"TOTAL_LIABILITIES":21227535.27,"TAX_EBT":0.793650793651,"OCF_SALES":-10.49227635376,"TOTAL_PARENT_EQUITY":109724514.48,"DEBT_ASSET_RATIO":16.210158841,"OPERATE_PROFIT":-3746842.38,"PRETAX_PROFIT":-3916904.04,"NETCASH_OPERATE":-5651350.11,"NETCASH_INVEST":128003.4,"NETCASH_FINANCE":4688581.68,"END_CASH":41853454.56,"DIVI_RATIO":null,"DIVIDEND_RATE":null,"CURRENT_RATIO":5.158985520961,"COMMON_ACS":200000000,"CURRENTDEBT_DEBT":91.028125942198,"ISSUED_COMMON_SHARES":32000000,"HK_COMMON_SHARES":32000000,"PER_SHARES":500,"TOTAL_MARKET_CAP":262080000,"HKSK_MARKET_CAP":262080000,"PE_TTM":-16.403580146461,"PB_TTM":3.258404615079,"REPORT_DATE_SQ":"2021-06-30 00:00:00","REPORT_TYPE_SQ":"2021年中报","OPERATE_INCOME_SQ":58186901.52,"DPS_HKD":null,"OPERATE_INCOME_QOQ_SQ":-31.826749454059,"NET_PROFIT_RATIO_SQ":-0.8839560564,"HOLDER_PROFIT_SQ":-514346.64,"HOLDER_PROFIT_QOQ_SQ":-102.2682707047,"ROE_AVG_SQ":-0.498147860789,"PE_TTM_SQ":-6.623242223169,"PB_TTM_SQ":1.124873348359,"ROA_SQ":-0.397687567499,"START_DATE":"2022-05-01 00:00:00","FISCAL_YEAR":"4-30","CURRENCY":"HKD","IS_CNY_CODE":0,"DPS_HKD_LY":null,"ORG_TYPE":"一般企业","PREMIUM_INCOME":null,"PREMIUM_INCOME_YOY":null,"NET_INTEREST_INCOME":null,"NET_INTEREST_INCOME_YOY":null,"FEE_COMMISSION_INCOME":null,"FEE_COMMISSION_INCOME_YOY":null,"ACCOUNTS_RECE_TDAYS":1.216269226799,"INVENTORY_TDAYS":13.31349042304,"CURRENT_ASSETS_TDAYS":0.530840279342,"TOTAL_ASSETS_TDAYS":0.400501731927,"PREMIUM_EXPENSE":null,"LOAN_DEPOSIT":null,"LOAN_EQUITY":null,"LOAN_ASSETS":null,"DEPOSIT_EQUITY":null,"DEPOSIT_ASSETS":null,"EQUITY_MULTIPLIER":1.193462102527,"EQUITY_RATIO":0.193462102526},{"SECUCODE":"01657.HK","SECURITY_CODE":"01657","SECURITY_NAME_ABBR":"桦欣控股","ORG_CODE":"10566421","STD_REPORT_DATE":"2021-12-31 00:00:00","REPORT_DATE":"2022-04-30 00:00:00","DATE_TYPE_CODE":"001","REPORT_TYPE":"2021年年报","PER_NETCASH_OPERATE":0.252407820625,"PER_OI":4.451148795,"BPS":3.32592174125,"BASIC_EPS":0.0126507,"DILUTED_EPS":0.0126507,"OPERATE_INCOME":142436761.44,"OPERATE_INCOME_YOY":39.6553434988,"GROSS_PROFIT":28981066.94,"GROSS_PROFIT_YOY":79.092360456392,"HOLDER_PROFIT":414099.58,"HOLDER_PROFIT_YOY":657.9545454545,"GROSS_PROFIT_RATIO":20.34662024537,"EPS_TTM":-0.027795265,"OPERATE_INCOME_QOQ":15.824341966873,"NET_PROFIT_RATIO":0.2907252143,"ROE_AVG":0.389444545793,"GROSS_PROFIT_QOQ":33.501124461487,"ROA":0.320716942803,"HOLDER_PROFIT_QOQ":-1113.28224748627,"ROE_YEARLY":0.389444545793,"ROIC_YEARLY":0.466151779399,"TOTAL_ASSETS":127313271.28,"TOTAL_LIABILITIES":20883775.56,"TAX_EBT":60.081300813008,"OCF_SALES":5.670621950642,"TOTAL_PARENT_EQUITY":106429495.72,"DEBT_ASSET_RATIO":16.4034553115,"OPERATE_PROFIT":1236395.08,"PRETAX_PROFIT":1037357.4,"NETCASH_OPERATE":8077050.26,"NETCASH_INVEST":-9296577.74,"NETCASH_FINANCE":-1381456.44,"END_CASH":38888251.8,"DIVI_RATIO":null,"DIVIDEND_RATE":null,"CURRENT_RATIO":5.027156976227,"COMMON_ACS":200000000,"CURRENTDEBT_DEBT":90.711574186253,"ISSUED_COMMON_SHARES":32000000,"HK_COMMON_SHARES":32000000,"PER_SHARES":500,"TOTAL_MARKET_CAP":262080000,"HKSK_MARKET_CAP":262080000,"PE_TTM":-16.403580146461,"PB_TTM":3.258404615079,"REPORT_DATE_SQ":"2020-12-31 00:00:00","REPORT_TYPE_SQ":"2020年年报","OPERATE_INCOME_SQ":100743611.92,"DPS_HKD":null,"OPERATE_INCOME_QOQ_SQ":-36.930452269546,"NET_PROFIT_RATIO_SQ":-0.0727681672,"HOLDER_PROFIT_SQ":-73309.28,"HOLDER_PROFIT_QOQ_SQ":-77.593557520094,"ROE_AVG_SQ":-0.070153340854,"PE_TTM_SQ":-6.623242223169,"PB_TTM_SQ":1.124873348359,"ROA_SQ":-0.056047564001,"START_DATE":"2021-05-01 00:00:00","FISCAL_YEAR":"4-30","CURRENCY":"HKD","IS_CNY_CODE":0,"DPS_HKD_LY":null,"ORG_TYPE":"一般企业","PREMIUM_INCOME":null,"PREMIUM_INCOME_YOY":null,"NET_INTEREST_INCOME":null,"NET_INTEREST_INCOME_YOY":null,"FEE_COMMISSION_INCOME":null,"FEE_COMMISSION_INCOME_YOY":null,"ACCOUNTS_RECE_TDAYS":3.267198019036,"INVENTORY_TDAYS":35.621607308354,"CURRENT_ASSETS_TDAYS":1.464878156672,"TOTAL_ASSETS_TDAYS":1.103161772631,"PREMIUM_EXPENSE":null,"LOAN_DEPOSIT":null,"LOAN_EQUITY":null,"LOAN_ASSETS":null,"DEPOSIT_EQUITY":null,"DEPOSIT_ASSETS":null,"EQUITY_MULTIPLIER":1.196221690413,"EQUITY_RATIO":0.196221690413},{"SECUCODE":"01657.HK","SECURITY_CODE":"01657","SECURITY_NAME_ABBR":"桦欣控股","ORG_CODE":"10566421","STD_REPORT_DATE":"2021-06-30 00:00:00","REPORT_DATE":"2021-10-31 00:00:00","DATE_TYPE_CODE":"002","REPORT_TYPE":"2021年中报","PER_NETCASH_OPERATE":-0.0800585475,"PER_OI":1.8183406725,"BPS":3.21905713875,"BASIC_EPS":-0.0164328,"DILUTED_EPS":-0.0164328,"OPERATE_INCOME":58186901.52,"OPERATE_INCOME_YOY":45.3780305052,"GROSS_PROFIT":13596498.72,"GROSS_PROFIT_YOY":66.312271022145,"HOLDER_PROFIT":-514346.64,"HOLDER_PROFIT_YOY":-279.8850574713,"GROSS_PROFIT_RATIO":23.36694060832,"EPS_TTM":-0.002290915,"OPERATE_INCOME_QOQ":-31.826749454059,"NET_PROFIT_RATIO":-0.8839560564,"ROE_AVG":-0.498147860789,"GROSS_PROFIT_QOQ":-48.531882848464,"ROA":-0.397687567499,"HOLDER_PROFIT_QOQ":-102.2682707047,"ROE_YEARLY":-0.996295721578,"ROIC_YEARLY":-1.133472754103,"TOTAL_ASSETS":131123062.68,"TOTAL_LIABILITIES":28113234.24,"TAX_EBT":215.49815498155,"OCF_SALES":-4.402835437318,"TOTAL_PARENT_EQUITY":103009828.44,"DEBT_ASSET_RATIO":21.4403428851,"OPERATE_PROFIT":548033.88,"PRETAX_PROFIT":445328.88,"NETCASH_OPERATE":-2561873.52,"NETCASH_INVEST":-914485.32,"NETCASH_FINANCE":-576791.28,"END_CASH":36553120.32,"DIVI_RATIO":null,"DIVIDEND_RATE":null,"CURRENT_RATIO":3.851472026758,"COMMON_ACS":200000000,"CURRENTDEBT_DEBT":92.62041150339,"ISSUED_COMMON_SHARES":32000000,"HK_COMMON_SHARES":32000000,"PER_SHARES":500,"TOTAL_MARKET_CAP":262080000,"HKSK_MARKET_CAP":262080000,"PE_TTM":-16.403580146461,"PB_TTM":3.258404615079,"REPORT_DATE_SQ":"2020-06-30 00:00:00","REPORT_TYPE_SQ":"2020年中报","OPERATE_INCOME_SQ":42244887.86,"DPS_HKD":null,"OPERATE_INCOME_QOQ_SQ":-7.448468623317,"NET_PROFIT_RATIO_SQ":0.7143883563,"HOLDER_PROFIT_SQ":301792.56,"HOLDER_PROFIT_QOQ_SQ":-48.71247835465,"ROE_AVG_SQ":0.277656989895,"PE_TTM_SQ":-6.623242223169,"PB_TTM_SQ":1.124873348359,"ROA_SQ":0.221179880258,"START_DATE":"2021-05-01 00:00:00","FISCAL_YEAR":"4-30","CURRENCY":"HKD","IS_CNY_CODE":0,"DPS_HKD_LY":null,"ORG_TYPE":"一般企业","PREMIUM_INCOME":null,"PREMIUM_INCOME_YOY":null,"NET_INTEREST_INCOME":null,"NET_INTEREST_INCOME_YOY":null,"FEE_COMMISSION_INCOME":null,"FEE_COMMISSION_INCOME_YOY":null,"ACCOUNTS_RECE_TDAYS":1.177288104599,"INVENTORY_TDAYS":14.65568458007,"CURRENT_ASSETS_TDAYS":0.590839312531,"TOTAL_ASSETS_TDAYS":0.449895178197,"PREMIUM_EXPENSE":null,"LOAN_DEPOSIT":null,"LOAN_EQUITY":null,"LOAN_ASSETS":null,"DEPOSIT_EQUITY":null,"DEPOSIT_ASSETS":null,"EQUITY_MULTIPLIER":1.272917979437,"EQUITY_RATIO":0.272917979437},{"SECUCODE":"01657.HK","SECURITY_CODE":"01657","SECURITY_NAME_ABBR":"桦欣控股","ORG_CODE":"10566421","STD_REPORT_DATE":"2020-12-31 00:00:00","REPORT_DATE":"2021-04-30 00:00:00","DATE_TYPE_CODE":"001","REPORT_TYPE":"2020年年报","PER_NETCASH_OPERATE":0.483383065,"PER_OI":3.1482378725,"BPS":3.279132425,"BASIC_EPS":-0.00249918,"DILUTED_EPS":-0.00249918,"OPERATE_INCOME":100743611.92,"OPERATE_INCOME_YOY":-53.0034470564,"GROSS_PROFIT":16182190.5,"GROSS_PROFIT_YOY":-70.522988060781,"HOLDER_PROFIT":-73309.28,"HOLDER_PROFIT_YOY":-100.5555204848,"GROSS_PROFIT_RATIO":16.06274600602,"EPS_TTM":0.100998306563,"OPERATE_INCOME_QOQ":-36.930452269546,"NET_PROFIT_RATIO":-0.0727681672,"ROE_AVG":-0.070153340854,"GROSS_PROFIT_QOQ":-42.72762717853,"ROA":-0.056047564001,"HOLDER_PROFIT_QOQ":-77.593557520094,"ROE_YEARLY":-0.070153340854,"ROIC_YEARLY":-0.076688119006,"TOTAL_ASSETS":129318402.98,"TOTAL_LIABILITIES":24386165.38,"TAX_EBT":108.37297811608,"OCF_SALES":15.354083286475,"TOTAL_PARENT_EQUITY":104932237.6,"DEBT_ASSET_RATIO":18.857459432,"OPERATE_PROFIT":46651.36,"PRETAX_PROFIT":875546.06,"NETCASH_OPERATE":15468258.08,"NETCASH_INVEST":-8682984.38,"NETCASH_FINANCE":4606821.8,"END_CASH":41168159.08,"DIVI_RATIO":null,"DIVIDEND_RATE":null,"CURRENT_RATIO":4.425583931997,"COMMON_ACS":200000000,"CURRENTDEBT_DEBT":90.824309090288,"ISSUED_COMMON_SHARES":32000000,"HK_COMMON_SHARES":32000000,"PER_SHARES":500,"TOTAL_MARKET_CAP":262080000,"HKSK_MARKET_CAP":262080000,"PE_TTM":-16.403580146461,"PB_TTM":3.258404615079,"REPORT_DATE_SQ":"2019-12-31 00:00:00","REPORT_TYPE_SQ":"2019年年报","OPERATE_INCOME_SQ":234306209.76,"DPS_HKD":null,"OPERATE_INCOME_QOQ_SQ":9.152730804003,"NET_PROFIT_RATIO_SQ":6.1561240629,"HOLDER_PROFIT_SQ":14424180.96,"HOLDER_PROFIT_QOQ_SQ":34.993064271501,"ROE_AVG_SQ":13.500545442149,"PE_TTM_SQ":-6.623242223169,"PB_TTM_SQ":1.124873348359,"ROA_SQ":10.419551211427,"START_DATE":"2020-05-01 00:00:00","FISCAL_YEAR":"4-30","CURRENCY":"HKD","IS_CNY_CODE":0,"DPS_HKD_LY":null,"ORG_TYPE":"一般企业","PREMIUM_INCOME":null,"PREMIUM_INCOME_YOY":null,"NET_INTEREST_INCOME":null,"NET_INTEREST_INCOME_YOY":null,"FEE_COMMISSION_INCOME":null,"FEE_COMMISSION_INCOME_YOY":null,"ACCOUNTS_RECE_TDAYS":1.695649125759,"INVENTORY_TDAYS":48.509916367981,"CURRENT_ASSETS_TDAYS":1.008119508495,"TOTAL_ASSETS_TDAYS":0.7702209102,"PREMIUM_EXPENSE":null,"LOAN_DEPOSIT":null,"LOAN_EQUITY":null,"LOAN_ASSETS":null,"DEPOSIT_EQUITY":null,"DEPOSIT_ASSETS":null,"EQUITY_MULTIPLIER":1.232399174342,"EQUITY_RATIO":0.232399174341},{"SECUCODE":"01657.HK","SECURITY_CODE":"01657","SECURITY_NAME_ABBR":"桦欣控股","ORG_CODE":"10566421","STD_REPORT_DATE":"2020-06-30 00:00:00","REPORT_DATE":"2020-10-31 00:00:00","DATE_TYPE_CODE":"002","REPORT_TYPE":"2020年中报","PER_NETCASH_OPERATE":0.348974748125,"PER_OI":1.320152745625,"BPS":3.40790359375,"BASIC_EPS":0.0086722,"DILUTED_EPS":0.0086722,"OPERATE_INCOME":42244887.86,"OPERATE_INCOME_YOY":-65.9544876365,"GROSS_PROFIT":8175282.94,"GROSS_PROFIT_YOY":-74.154820512111,"HOLDER_PROFIT":301792.56,"HOLDER_PROFIT_YOY":-97.2750763448,"GROSS_PROFIT_RATIO":19.352123663088,"EPS_TTM":0.450755655,"OPERATE_INCOME_QOQ":-7.448468623317,"NET_PROFIT_RATIO":0.7143883563,"ROE_AVG":0.277656989895,"GROSS_PROFIT_QOQ":-12.920325502805,"ROA":0.221179880258,"HOLDER_PROFIT_QOQ":-48.71247835465,"ROE_YEARLY":0.55531397979,"ROIC_YEARLY":0.589952998716,"TOTAL_ASSETS":135190925.8,"TOTAL_LIABILITIES":26138010.8,"TAX_EBT":58.913813459268,"OCF_SALES":26.434422022869,"TOTAL_PARENT_EQUITY":109052915,"DEBT_ASSET_RATIO":19.3341458721,"OPERATE_PROFIT":271439.86,"PRETAX_PROFIT":734535.34,"NETCASH_OPERATE":11167191.94,"NETCASH_INVEST":-9098005.02,"NETCASH_FINANCE":5062830.36,"END_CASH":37832472.5,"DIVI_RATIO":null,"DIVIDEND_RATE":null,"CURRENT_RATIO":4.255717788268,"COMMON_ACS":200000000,"CURRENTDEBT_DEBT":90.666887856669,"ISSUED_COMMON_SHARES":32000000,"HK_COMMON_SHARES":32000000,"PER_SHARES":500,"TOTAL_MARKET_CAP":262080000,"HKSK_MARKET_CAP":262080000,"PE_TTM":-16.403580146461,"PB_TTM":3.258404615079,"REPORT_DATE_SQ":"2019-06-30 00:00:00","REPORT_TYPE_SQ":"2019年中报","OPERATE_INCOME_SQ":128775230.82,"DPS_HKD":null,"OPERATE_INCOME_QOQ_SQ":8.117998971555,"NET_PROFIT_RATIO_SQ":8.9256510253,"HOLDER_PROFIT_SQ":11494027.71,"HOLDER_PROFIT_QOQ_SQ":50.903883006156,"ROE_AVG_SQ":11.039078909836,"PE_TTM_SQ":-6.623242223169,"PB_TTM_SQ":1.124873348359,"ROA_SQ":8.219389676045,"START_DATE":"2020-05-01 00:00:00","FISCAL_YEAR":"4-30","CURRENCY":"HKD","IS_CNY_CODE":0,"DPS_HKD_LY":null,"ORG_TYPE":"一般企业","PREMIUM_INCOME":null,"PREMIUM_INCOME_YOY":null,"NET_INTEREST_INCOME":null,"NET_INTEREST_INCOME_YOY":null,"FEE_COMMISSION_INCOME":null,"FEE_COMMISSION_INCOME_YOY":null,"ACCOUNTS_RECE_TDAYS":0.662311352821,"INVENTORY_TDAYS":13.828229496656,"CURRENT_ASSETS_TDAYS":0.408410850601,"TOTAL_ASSETS_TDAYS":0.309607342155,"PREMIUM_EXPENSE":null,"LOAN_DEPOSIT":null,"LOAN_EQUITY":null,"LOAN_ASSETS":null,"DEPOSIT_EQUITY":null,"DEPOSIT_ASSETS":null,"EQUITY_MULTIPLIER":1.239681908549,"EQUITY_RATIO":0.239681908549}],"count":27},"success":true,"message":"ok","code":0}