{"version":"b474170a7b00ed0466ad4bac7bcdcf7b","result":{"pages":5,"data":[{"SECUCODE":"01658.HK","SECURITY_CODE":"01658","SECURITY_NAME_ABBR":"邮储银行","ORG_CODE":"10092840","STD_REPORT_DATE":"2024-09-30 00:00:00","REPORT_DATE":"2024-09-30 00:00:00","DATE_TYPE_CODE":"004","REPORT_TYPE":"2024年三季报","PER_NETCASH_OPERATE":2.8336622718,"PER_OI":2.627714526818,"BPS":8.38004218189,"BASIC_EPS":0.71,"DILUTED_EPS":0.71,"OPERATE_INCOME":260567000000,"OPERATE_INCOME_YOY":0.0748928456,"GROSS_PROFIT":null,"GROSS_PROFIT_YOY":null,"HOLDER_PROFIT":75818000000,"HOLDER_PROFIT_YOY":0.2154517216,"GROSS_PROFIT_RATIO":null,"EPS_TTM":0.8716424171,"OPERATE_INCOME_QOQ":0.12635916352,"NET_PROFIT_RATIO":29.1606381468,"ROE_AVG":7.635888818445,"GROSS_PROFIT_QOQ":null,"ROA":0.466961739415,"HOLDER_PROFIT_QOQ":1.066404742695,"ROE_YEARLY":10.181185091261,"ROIC_YEARLY":0.507696828696,"TOTAL_ASSETS":16746265000000,"TOTAL_LIABILITIES":15713397000000,"TAX_EBT":8.632548519757,"OCF_SALES":107.837523554403,"TOTAL_PARENT_EQUITY":1030960000000,"DEBT_ASSET_RATIO":93.8322485641,"OPERATE_PROFIT":83162000000,"PRETAX_PROFIT":83162000000,"NETCASH_OPERATE":280989000000,"NETCASH_INVEST":-292345000000,"NETCASH_FINANCE":-68224000000,"END_CASH":373563000000,"DIVI_RATIO":0.464427309087,"DIVIDEND_RATE":9.037910750507,"CURRENT_RATIO":null,"COMMON_ACS":null,"CURRENTDEBT_DEBT":null,"ISSUED_COMMON_SHARES":99161076038,"HK_COMMON_SHARES":19856167000,"PER_SHARES":1000,"TOTAL_MARKET_CAP":488864104867.34,"HKSK_MARKET_CAP":97890903310,"PE_TTM":5.048863887956,"PB_TTM":0.530525336687,"REPORT_DATE_SQ":"2023-09-30 00:00:00","REPORT_TYPE_SQ":"2023年三季报","OPERATE_INCOME_SQ":260372000000,"DPS_HKD":0.445569,"OPERATE_INCOME_QOQ_SQ":-0.101205914202,"NET_PROFIT_RATIO_SQ":29.0991350836,"HOLDER_PROFIT_SQ":75655000000,"HOLDER_PROFIT_QOQ_SQ":-0.734539316103,"ROE_AVG_SQ":8.705988898728,"PE_TTM_SQ":4.246761541178,"PB_TTM_SQ":0.484489154915,"ROA_SQ":0.514963920364,"START_DATE":"2024-01-01 00:00:00","FISCAL_YEAR":"12-31","CURRENCY":"HKD","IS_CNY_CODE":0,"DPS_HKD_LY":0.445569,"ORG_TYPE":"银行","PREMIUM_INCOME":null,"PREMIUM_INCOME_YOY":null,"NET_INTEREST_INCOME":214947000000,"NET_INTEREST_INCOME_YOY":1.46332022639,"FEE_COMMISSION_INCOME":20715000000,"FEE_COMMISSION_INCOME_YOY":null,"ACCOUNTS_RECE_TDAYS":null,"INVENTORY_TDAYS":null,"CURRENT_ASSETS_TDAYS":null,"TOTAL_ASSETS_TDAYS":0.016048276076,"PREMIUM_EXPENSE":null,"LOAN_DEPOSIT":59.232741855899,"LOAN_EQUITY":8.606381454358,"LOAN_ASSETS":53.082021573169,"DEPOSIT_EQUITY":14.529770503104,"DEPOSIT_ASSETS":89.616012884067,"EQUITY_MULTIPLIER":16.213364147255,"EQUITY_RATIO":15.24151955459},{"SECUCODE":"01658.HK","SECURITY_CODE":"01658","SECURITY_NAME_ABBR":"邮储银行","ORG_CODE":"10092840","STD_REPORT_DATE":"2024-06-30 00:00:00","REPORT_DATE":"2024-06-30 00:00:00","DATE_TYPE_CODE":"002","REPORT_TYPE":"2024年中报","PER_NETCASH_OPERATE":1.3203971279,"PER_OI":1.784157726689,"BPS":8.118104725805,"BASIC_EPS":0.44,"DILUTED_EPS":0.44,"OPERATE_INCOME":176919000000,"OPERATE_INCOME_YOY":-0.1343441128,"GROSS_PROFIT":null,"GROSS_PROFIT_YOY":null,"HOLDER_PROFIT":48815000000,"HOLDER_PROFIT_YOY":-1.5111774675,"GROSS_PROFIT_RATIO":null,"EPS_TTM":0.862445259945,"OPERATE_INCOME_QOQ":-0.432933136528,"NET_PROFIT_RATIO":27.6312888949,"ROE_AVG":4.981480810609,"GROSS_PROFIT_QOQ":null,"ROA":0.303763266891,"HOLDER_PROFIT_QOQ":-0.459751385074,"ROE_YEARLY":9.962961621219,"ROIC_YEARLY":0.662114985019,"TOTAL_ASSETS":16413529000000,"TOTAL_LIABILITIES":15406730000000,"TAX_EBT":8.479050436215,"OCF_SALES":74.006748851169,"TOTAL_PARENT_EQUITY":1004986000000,"DEBT_ASSET_RATIO":93.8660418488,"OPERATE_PROFIT":53414000000,"PRETAX_PROFIT":53414000000,"NETCASH_OPERATE":130932000000,"NETCASH_INVEST":-197933000000,"NETCASH_FINANCE":-108600000000,"END_CASH":277632000000,"DIVI_RATIO":0.469379983938,"DIVIDEND_RATE":9.749868708972,"CURRENT_RATIO":null,"COMMON_ACS":null,"CURRENTDEBT_DEBT":null,"ISSUED_COMMON_SHARES":99161076038,"HK_COMMON_SHARES":19856167000,"PER_SHARES":1000,"TOTAL_MARKET_CAP":453166117493.66,"HKSK_MARKET_CAP":90742683190,"PE_TTM":4.680184172,"PB_TTM":0.49178514983,"REPORT_DATE_SQ":"2023-06-30 00:00:00","REPORT_TYPE_SQ":"2023年中报","OPERATE_INCOME_SQ":177157000000,"DPS_HKD":0.445569,"OPERATE_INCOME_QOQ_SQ":0.158403201163,"NET_PROFIT_RATIO_SQ":28.019214595,"HOLDER_PROFIT_SQ":49564000000,"HOLDER_PROFIT_QOQ_SQ":1.325597790285,"ROE_AVG_SQ":5.785952220717,"PE_TTM_SQ":3.587070427985,"PB_TTM_SQ":0.409228703666,"ROA_SQ":0.339591226414,"START_DATE":"2024-01-01 00:00:00","FISCAL_YEAR":"12-31","CURRENCY":"HKD","IS_CNY_CODE":0,"DPS_HKD_LY":0.445569,"ORG_TYPE":"银行","PREMIUM_INCOME":null,"PREMIUM_INCOME_YOY":null,"NET_INTEREST_INCOME":142876000000,"NET_INTEREST_INCOME_YOY":1.832436477674,"FEE_COMMISSION_INCOME":15161000000,"FEE_COMMISSION_INCOME_YOY":null,"ACCOUNTS_RECE_TDAYS":null,"INVENTORY_TDAYS":null,"CURRENT_ASSETS_TDAYS":null,"TOTAL_ASSETS_TDAYS":0.011009217129,"PREMIUM_EXPENSE":null,"LOAN_DEPOSIT":58.88570244587,"LOAN_EQUITY":8.694282572788,"LOAN_ASSETS":53.330365456448,"DEPOSIT_EQUITY":14.764674974846,"DEPOSIT_ASSETS":90.565898412218,"EQUITY_MULTIPLIER":16.302687030957,"EQUITY_RATIO":15.330293158313},{"SECUCODE":"01658.HK","SECURITY_CODE":"01658","SECURITY_NAME_ABBR":"邮储银行","ORG_CODE":"10092840","STD_REPORT_DATE":"2024-03-31 00:00:00","REPORT_DATE":"2024-03-31 00:00:00","DATE_TYPE_CODE":"003","REPORT_TYPE":"2024年一季报","PER_NETCASH_OPERATE":2.270507834281,"PER_OI":0.902511384262,"BPS":8.137678938566,"BASIC_EPS":0.25,"DILUTED_EPS":0.25,"OPERATE_INCOME":89494000000,"OPERATE_INCOME_YOY":1.4188255026,"GROSS_PROFIT":null,"GROSS_PROFIT_YOY":null,"HOLDER_PROFIT":25926000000,"HOLDER_PROFIT_YOY":-1.3470319635,"GROSS_PROFIT_RATIO":null,"EPS_TTM":0.866428677792,"OPERATE_INCOME_QOQ":0.365108249347,"NET_PROFIT_RATIO":29.0041790511,"ROE_AVG":2.643082883067,"GROSS_PROFIT_QOQ":null,"ROA":0.161741412127,"HOLDER_PROFIT_QOQ":-0.41033963139,"ROE_YEARLY":10.572331532266,"ROIC_YEARLY":0.705279609966,"TOTAL_ASSETS":16331949000000,"TOTAL_LIABILITIES":15323248000000,"TAX_EBT":9.746175243394,"OCF_SALES":251.57664200952,"TOTAL_PARENT_EQUITY":1006927000000,"DEBT_ASSET_RATIO":93.8237561237,"OPERATE_PROFIT":28760000000,"PRETAX_PROFIT":28760000000,"NETCASH_OPERATE":225146000000,"NETCASH_INVEST":-65769000000,"NETCASH_FINANCE":-68646000000,"END_CASH":543952000000,"DIVI_RATIO":0.46722200296,"DIVIDEND_RATE":9.749868708972,"CURRENT_RATIO":null,"COMMON_ACS":null,"CURRENTDEBT_DEBT":null,"ISSUED_COMMON_SHARES":99161076038,"HK_COMMON_SHARES":19856167000,"PER_SHARES":1000,"TOTAL_MARKET_CAP":453166117493.66,"HKSK_MARKET_CAP":90742683190,"PE_TTM":4.680184172,"PB_TTM":0.49178514983,"REPORT_DATE_SQ":"2023-03-31 00:00:00","REPORT_TYPE_SQ":"2023年一季报","OPERATE_INCOME_SQ":88242000000,"DPS_HKD":0.445569,"OPERATE_INCOME_QOQ_SQ":0.890304152467,"NET_PROFIT_RATIO_SQ":29.7874028241,"HOLDER_PROFIT_SQ":26280000000,"HOLDER_PROFIT_QOQ_SQ":1.528912043556,"ROE_AVG_SQ":3.06625705455,"PE_TTM_SQ":3.587070427985,"PB_TTM_SQ":0.409228703666,"ROA_SQ":0.182723601663,"START_DATE":"2024-01-01 00:00:00","FISCAL_YEAR":"12-31","CURRENCY":"HKD","IS_CNY_CODE":0,"DPS_HKD_LY":0.445569,"ORG_TYPE":"银行","PREMIUM_INCOME":null,"PREMIUM_INCOME_YOY":null,"NET_INTEREST_INCOME":71573000000,"NET_INTEREST_INCOME_YOY":3.134096083461,"FEE_COMMISSION_INCOME":9476000000,"FEE_COMMISSION_INCOME_YOY":null,"ACCOUNTS_RECE_TDAYS":null,"INVENTORY_TDAYS":null,"CURRENT_ASSETS_TDAYS":null,"TOTAL_ASSETS_TDAYS":0.005583154338,"PREMIUM_EXPENSE":null,"LOAN_DEPOSIT":58.829780899665,"LOAN_EQUITY":8.531416148095,"LOAN_ASSETS":52.69210674121,"DEPOSIT_EQUITY":14.501866261657,"DEPOSIT_ASSETS":89.56706269411,"EQUITY_MULTIPLIER":16.191070495731,"EQUITY_RATIO":15.217834063443},{"SECUCODE":"01658.HK","SECURITY_CODE":"01658","SECURITY_NAME_ABBR":"邮储银行","ORG_CODE":"10092840","STD_REPORT_DATE":"2023-12-31 00:00:00","REPORT_DATE":"2023-12-31 00:00:00","DATE_TYPE_CODE":"001","REPORT_TYPE":"2023年年报","PER_NETCASH_OPERATE":2.655648874757,"PER_OI":3.458131090354,"BPS":7.915273122886,"BASIC_EPS":0.83,"DILUTED_EPS":0.83,"OPERATE_INCOME":342912000000,"OPERATE_INCOME_YOY":2.242457311,"GROSS_PROFIT":null,"GROSS_PROFIT_YOY":null,"HOLDER_PROFIT":86270000000,"HOLDER_PROFIT_YOY":1.2273537971,"GROSS_PROFIT_RATIO":null,"EPS_TTM":0.869998626951,"OPERATE_INCOME_QOQ":1.282452668577,"NET_PROFIT_RATIO":25.2029675252,"ROE_AVG":9.698172894354,"GROSS_PROFIT_QOQ":null,"ROA":0.579111578932,"HOLDER_PROFIT_QOQ":-0.873262093531,"ROE_YEARLY":9.698172894354,"ROIC_YEARLY":0.634591862064,"TOTAL_ASSETS":15726631000000,"TOTAL_LIABILITIES":14770015000000,"TAX_EBT":5.649624995906,"OCF_SALES":76.794337905935,"TOTAL_PARENT_EQUITY":954873000000,"DEBT_ASSET_RATIO":93.9172223218,"OPERATE_PROFIT":91599000000,"PRETAX_PROFIT":91599000000,"NETCASH_OPERATE":263337000000,"NETCASH_INVEST":-242428000000,"NETCASH_FINANCE":192247000000,"END_CASH":453227000000,"DIVI_RATIO":0.465304805916,"DIVIDEND_RATE":9.749868708972,"CURRENT_RATIO":null,"COMMON_ACS":null,"CURRENTDEBT_DEBT":null,"ISSUED_COMMON_SHARES":99161076038,"HK_COMMON_SHARES":19856167000,"PER_SHARES":1000,"TOTAL_MARKET_CAP":453166117493.66,"HKSK_MARKET_CAP":90742683190,"PE_TTM":4.680184172,"PB_TTM":0.49178514983,"REPORT_DATE_SQ":"2022-12-31 00:00:00","REPORT_TYPE_SQ":"2022年年报","OPERATE_INCOME_SQ":335391000000,"DPS_HKD":0.445569,"OPERATE_INCOME_QOQ_SQ":-0.701679590006,"NET_PROFIT_RATIO_SQ":25.4494008486,"HOLDER_PROFIT_SQ":85224000000,"HOLDER_PROFIT_QOQ_SQ":-0.336794835813,"ROE_AVG_SQ":10.532430007489,"PE_TTM_SQ":3.587070427985,"PB_TTM_SQ":0.409228703666,"ROA_SQ":0.639456045182,"START_DATE":"2023-01-01 00:00:00","FISCAL_YEAR":"12-31","CURRENCY":"HKD","IS_CNY_CODE":0,"DPS_HKD_LY":0.279724,"ORG_TYPE":"银行","PREMIUM_INCOME":null,"PREMIUM_INCOME_YOY":null,"NET_INTEREST_INCOME":281803000000,"NET_INTEREST_INCOME_YOY":3.000807769205,"FEE_COMMISSION_INCOME":null,"FEE_COMMISSION_INCOME_YOY":null,"ACCOUNTS_RECE_TDAYS":null,"INVENTORY_TDAYS":null,"CURRENT_ASSETS_TDAYS":null,"TOTAL_ASSETS_TDAYS":0.023018930075,"PREMIUM_EXPENSE":null,"LOAN_DEPOSIT":58.849303340801,"LOAN_EQUITY":8.585458532995,"LOAN_ASSETS":52.223435521568,"DEPOSIT_EQUITY":14.588887286017,"DEPOSIT_ASSETS":88.740957933075,"EQUITY_MULTIPLIER":16.439857790363,"EQUITY_RATIO":15.468041299733},{"SECUCODE":"01658.HK","SECURITY_CODE":"01658","SECURITY_NAME_ABBR":"邮储银行","ORG_CODE":"10092840","STD_REPORT_DATE":"2023-09-30 00:00:00","REPORT_DATE":"2023-09-30 00:00:00","DATE_TYPE_CODE":"004","REPORT_TYPE":"2023年三季报","PER_NETCASH_OPERATE":-0.286584223724,"PER_OI":2.6257480294,"BPS":7.803344123691,"BASIC_EPS":0.73,"DILUTED_EPS":0.73,"OPERATE_INCOME":260372000000,"OPERATE_INCOME_YOY":1.2360367506,"GROSS_PROFIT":null,"GROSS_PROFIT_YOY":null,"HOLDER_PROFIT":75655000000,"HOLDER_PROFIT_YOY":2.4455307452,"GROSS_PROFIT_RATIO":null,"EPS_TTM":0.87766292458,"OPERATE_INCOME_QOQ":-0.101205914202,"NET_PROFIT_RATIO":29.0991350836,"ROE_AVG":8.705988898728,"GROSS_PROFIT_QOQ":null,"ROA":0.514963920364,"HOLDER_PROFIT_QOQ":-0.734539316103,"ROE_YEARLY":11.607985198304,"ROIC_YEARLY":0.563596696745,"TOTAL_ASSETS":15315359000000,"TOTAL_LIABILITIES":14399885000000,"TAX_EBT":8.53935296958,"OCF_SALES":-10.91438403515,"TOTAL_PARENT_EQUITY":913774000000,"DEBT_ASSET_RATIO":94.022510344,"OPERATE_PROFIT":82840000000,"PRETAX_PROFIT":82840000000,"NETCASH_OPERATE":-28418000000,"NETCASH_INVEST":-287877000000,"NETCASH_FINANCE":333751000000,"END_CASH":258135000000,"DIVI_RATIO":0.461241475426,"DIVIDEND_RATE":9.749868708972,"CURRENT_RATIO":null,"COMMON_ACS":null,"CURRENTDEBT_DEBT":null,"ISSUED_COMMON_SHARES":99161076038,"HK_COMMON_SHARES":19856167000,"PER_SHARES":1000,"TOTAL_MARKET_CAP":453166117493.66,"HKSK_MARKET_CAP":90742683190,"PE_TTM":4.680184172,"PB_TTM":0.49178514983,"REPORT_DATE_SQ":"2022-09-30 00:00:00","REPORT_TYPE_SQ":"2022年三季报","OPERATE_INCOME_SQ":257193000000,"DPS_HKD":0.445569,"OPERATE_INCOME_QOQ_SQ":0.835015106101,"NET_PROFIT_RATIO_SQ":28.7468943556,"HOLDER_PROFIT_SQ":73849000000,"HOLDER_PROFIT_QOQ_SQ":3.935629725065,"ROE_AVG_SQ":9.170633210684,"PE_TTM_SQ":3.587070427985,"PB_TTM_SQ":0.409228703666,"ROA_SQ":0.565655751725,"START_DATE":"2023-01-01 00:00:00","FISCAL_YEAR":"12-31","CURRENCY":"HKD","IS_CNY_CODE":0,"DPS_HKD_LY":0.279724,"ORG_TYPE":"银行","PREMIUM_INCOME":null,"PREMIUM_INCOME_YOY":null,"NET_INTEREST_INCOME":211847000000,"NET_INTEREST_INCOME_YOY":3.118170180246,"FEE_COMMISSION_INCOME":23715000000,"FEE_COMMISSION_INCOME_YOY":null,"ACCOUNTS_RECE_TDAYS":null,"INVENTORY_TDAYS":null,"CURRENT_ASSETS_TDAYS":null,"TOTAL_ASSETS_TDAYS":0.017722845268,"PREMIUM_EXPENSE":null,"LOAN_DEPOSIT":60.047089176248,"LOAN_EQUITY":8.850308146381,"LOAN_ASSETS":52.902625397159,"DEPOSIT_EQUITY":14.738946163408,"DEPOSIT_ASSETS":88.101898231703,"EQUITY_MULTIPLIER":16.729430873983,"EQUITY_RATIO":15.758694162889},{"SECUCODE":"01658.HK","SECURITY_CODE":"01658","SECURITY_NAME_ABBR":"邮储银行","ORG_CODE":"10092840","STD_REPORT_DATE":"2023-06-30 00:00:00","REPORT_DATE":"2023-06-30 00:00:00","DATE_TYPE_CODE":"002","REPORT_TYPE":"2023年中报","PER_NETCASH_OPERATE":0.842034025206,"PER_OI":1.786557861999,"BPS":7.553790559039,"BASIC_EPS":0.46,"DILUTED_EPS":0.46,"OPERATE_INCOME":177157000000,"OPERATE_INCOME_YOY":2.0283928931,"GROSS_PROFIT":null,"GROSS_PROFIT_YOY":null,"HOLDER_PROFIT":49564000000,"HOLDER_PROFIT_YOY":5.2001528208,"GROSS_PROFIT_RATIO":null,"EPS_TTM":0.884157408361,"OPERATE_INCOME_QOQ":0.158403201163,"NET_PROFIT_RATIO":28.019214595,"ROE_AVG":5.785952220717,"GROSS_PROFIT_QOQ":null,"ROA":0.339591226414,"HOLDER_PROFIT_QOQ":1.325597790285,"ROE_YEARLY":11.571904441434,"ROIC_YEARLY":0.744010884259,"TOTAL_ASSETS":15123107000000,"TOTAL_LIABILITIES":14232416000000,"TAX_EBT":9.305512415267,"OCF_SALES":47.13164029646,"TOTAL_PARENT_EQUITY":889028000000,"DEBT_ASSET_RATIO":94.1103967591,"OPERATE_PROFIT":54731000000,"PRETAX_PROFIT":54731000000,"NETCASH_OPERATE":83497000000,"NETCASH_INVEST":-145086000000,"NETCASH_FINANCE":231708000000,"END_CASH":410259000000,"DIVI_RATIO":0.457853475447,"DIVIDEND_RATE":9.749868708972,"CURRENT_RATIO":null,"COMMON_ACS":null,"CURRENTDEBT_DEBT":null,"ISSUED_COMMON_SHARES":99161076038,"HK_COMMON_SHARES":19856167000,"PER_SHARES":1000,"TOTAL_MARKET_CAP":453166117493.66,"HKSK_MARKET_CAP":90742683190,"PE_TTM":4.680184172,"PB_TTM":0.49178514983,"REPORT_DATE_SQ":"2022-06-30 00:00:00","REPORT_TYPE_SQ":"2022年中报","OPERATE_INCOME_SQ":173635000000,"DPS_HKD":0.445569,"OPERATE_INCOME_QOQ_SQ":2.441739555936,"NET_PROFIT_RATIO_SQ":27.1661819334,"HOLDER_PROFIT_SQ":47114000000,"HOLDER_PROFIT_QOQ_SQ":2.911965576764,"ROE_AVG_SQ":5.767360441666,"PE_TTM_SQ":3.587070427985,"PB_TTM_SQ":0.409228703666,"ROA_SQ":0.362216249267,"START_DATE":"2023-01-01 00:00:00","FISCAL_YEAR":"12-31","CURRENCY":"HKD","IS_CNY_CODE":0,"DPS_HKD_LY":0.279724,"ORG_TYPE":"银行","PREMIUM_INCOME":null,"PREMIUM_INCOME_YOY":null,"NET_INTEREST_INCOME":140305000000,"NET_INTEREST_INCOME_YOY":2.325021696799,"FEE_COMMISSION_INCOME":18203000000,"FEE_COMMISSION_INCOME_YOY":null,"ACCOUNTS_RECE_TDAYS":null,"INVENTORY_TDAYS":null,"CURRENT_ASSETS_TDAYS":null,"TOTAL_ASSETS_TDAYS":0.012138036256,"PREMIUM_EXPENSE":null,"LOAN_DEPOSIT":59.335932070081,"LOAN_EQUITY":8.861235827015,"LOAN_ASSETS":52.189163245357,"DEPOSIT_EQUITY":14.934013030333,"DEPOSIT_ASSETS":87.955411543408,"EQUITY_MULTIPLIER":16.979072428098,"EQUITY_RATIO":16.008962597354},{"SECUCODE":"01658.HK","SECURITY_CODE":"01658","SECURITY_NAME_ABBR":"邮储银行","ORG_CODE":"10092840","STD_REPORT_DATE":"2023-03-31 00:00:00","REPORT_DATE":"2023-03-31 00:00:00","DATE_TYPE_CODE":"003","REPORT_TYPE":"2023年一季报","PER_NETCASH_OPERATE":0.244208725516,"PER_OI":0.889885462378,"BPS":7.562755770345,"BASIC_EPS":0.27,"DILUTED_EPS":0.27,"OPERATE_INCOME":88242000000,"OPERATE_INCOME_YOY":3.5023927935,"GROSS_PROFIT":null,"GROSS_PROFIT_YOY":null,"HOLDER_PROFIT":26280000000,"HOLDER_PROFIT_YOY":5.2167994555,"GROSS_PROFIT_RATIO":null,"EPS_TTM":0.872590369702,"OPERATE_INCOME_QOQ":0.890304152467,"NET_PROFIT_RATIO":29.7874028241,"ROE_AVG":3.06625705455,"GROSS_PROFIT_QOQ":null,"ROA":0.182723601663,"HOLDER_PROFIT_QOQ":1.528912043556,"ROE_YEARLY":12.265028218199,"ROIC_YEARLY":0.801959735701,"TOTAL_ASSETS":14697475000000,"TOTAL_LIABILITIES":13805964000000,"TAX_EBT":10.789437958186,"OCF_SALES":27.442714353709,"TOTAL_PARENT_EQUITY":889917000000,"DEBT_ASSET_RATIO":93.934257415,"OPERATE_PROFIT":29464000000,"PRETAX_PROFIT":29464000000,"NETCASH_OPERATE":24216000000,"NETCASH_INVEST":-3334000000,"NETCASH_FINANCE":47240000000,"END_CASH":308021000000,"DIVI_RATIO":0.463922771,"DIVIDEND_RATE":9.541092077088,"CURRENT_RATIO":null,"COMMON_ACS":null,"CURRENTDEBT_DEBT":null,"ISSUED_COMMON_SHARES":99161076038,"HK_COMMON_SHARES":19856167000,"PER_SHARES":1000,"TOTAL_MARKET_CAP":463082225097.46,"HKSK_MARKET_CAP":92728299890,"PE_TTM":4.78259520421,"PB_TTM":0.502546312846,"REPORT_DATE_SQ":"2022-03-31 00:00:00","REPORT_TYPE_SQ":"2022年一季报","OPERATE_INCOME_SQ":85256000000,"DPS_HKD":0.445569,"OPERATE_INCOME_QOQ_SQ":2.467197523088,"NET_PROFIT_RATIO_SQ":29.3539457633,"HOLDER_PROFIT_SQ":24977000000,"HOLDER_PROFIT_QOQ_SQ":4.957332283051,"ROE_AVG_SQ":3.053212094764,"PE_TTM_SQ":3.751993206284,"PB_TTM_SQ":0.428043816479,"ROA_SQ":0.193156370123,"START_DATE":"2023-01-01 00:00:00","FISCAL_YEAR":"12-31","CURRENCY":"HKD","IS_CNY_CODE":0,"DPS_HKD_LY":0.279724,"ORG_TYPE":"银行","PREMIUM_INCOME":null,"PREMIUM_INCOME_YOY":null,"NET_INTEREST_INCOME":69398000000,"NET_INTEREST_INCOME_YOY":0.99249083183,"FEE_COMMISSION_INCOME":11586000000,"FEE_COMMISSION_INCOME_YOY":null,"ACCOUNTS_RECE_TDAYS":null,"INVENTORY_TDAYS":null,"CURRENT_ASSETS_TDAYS":null,"TOTAL_ASSETS_TDAYS":0.00613542468,"PREMIUM_EXPENSE":null,"LOAN_DEPOSIT":58.104969427194,"LOAN_EQUITY":8.629408947282,"LOAN_ASSETS":52.343773335216,"DEPOSIT_EQUITY":14.851412938259,"DEPOSIT_ASSETS":90.084847907549,"EQUITY_MULTIPLIER":16.486027654271,"EQUITY_RATIO":15.513765890527},{"SECUCODE":"01658.HK","SECURITY_CODE":"01658","SECURITY_NAME_ABBR":"邮储银行","ORG_CODE":"10092840","STD_REPORT_DATE":"2022-12-31 00:00:00","REPORT_DATE":"2022-12-31 00:00:00","DATE_TYPE_CODE":"001","REPORT_TYPE":"2022年年报","PER_NETCASH_OPERATE":5.140653863564,"PER_OI":3.630402641225,"BPS":6.900278086311,"BASIC_EPS":0.85,"DILUTED_EPS":0.85,"OPERATE_INCOME":335391000000,"OPERATE_INCOME_YOY":5.102990533,"GROSS_PROFIT":null,"GROSS_PROFIT_YOY":null,"HOLDER_PROFIT":85224000000,"HOLDER_PROFIT_YOY":11.8865695156,"GROSS_PROFIT_RATIO":null,"EPS_TTM":0.922497725627,"OPERATE_INCOME_QOQ":-0.701679590006,"NET_PROFIT_RATIO":25.4494008486,"ROE_AVG":10.532430007489,"GROSS_PROFIT_QOQ":null,"ROA":0.639456045182,"HOLDER_PROFIT_QOQ":-0.336794835813,"ROE_YEARLY":10.532430007489,"ROIC_YEARLY":0.704368445593,"TOTAL_ASSETS":14067282000000,"TOTAL_LIABILITIES":13241468000000,"TAX_EBT":6.576988748303,"OCF_SALES":141.600102566855,"TOTAL_PARENT_EQUITY":824225000000,"DEBT_ASSET_RATIO":94.129541158,"OPERATE_PROFIT":91364000000,"PRETAX_PROFIT":91364000000,"NETCASH_OPERATE":474914000000,"NETCASH_INVEST":-511507000000,"NETCASH_FINANCE":-37737000000,"END_CASH":239980000000,"DIVI_RATIO":0.438824433941,"DIVIDEND_RATE":9.749868708972,"CURRENT_RATIO":null,"COMMON_ACS":null,"CURRENTDEBT_DEBT":null,"ISSUED_COMMON_SHARES":99161076038,"HK_COMMON_SHARES":19856167000,"PER_SHARES":1000,"TOTAL_MARKET_CAP":453166117493.66,"HKSK_MARKET_CAP":90742683190,"PE_TTM":4.680184172,"PB_TTM":0.49178514983,"REPORT_DATE_SQ":"2021-12-31 00:00:00","REPORT_TYPE_SQ":"2021年年报","OPERATE_INCOME_SQ":319107000000,"DPS_HKD":0.445569,"OPERATE_INCOME_QOQ_SQ":3.421822789897,"NET_PROFIT_RATIO_SQ":23.9831780563,"HOLDER_PROFIT_SQ":76170000000,"HOLDER_PROFIT_QOQ_SQ":0.406000369091,"ROE_AVG_SQ":10.392321388372,"PE_TTM_SQ":3.587070427985,"PB_TTM_SQ":0.409228703666,"ROA_SQ":0.63631065794,"START_DATE":"2022-01-01 00:00:00","FISCAL_YEAR":"12-31","CURRENCY":"HKD","IS_CNY_CODE":0,"DPS_HKD_LY":0.290018,"ORG_TYPE":"银行","PREMIUM_INCOME":null,"PREMIUM_INCOME_YOY":null,"NET_INTEREST_INCOME":273593000000,"NET_INTEREST_INCOME_YOY":1.563207638224,"FEE_COMMISSION_INCOME":null,"FEE_COMMISSION_INCOME_YOY":null,"ACCOUNTS_RECE_TDAYS":null,"INVENTORY_TDAYS":null,"CURRENT_ASSETS_TDAYS":null,"TOTAL_ASSETS_TDAYS":0.025165188497,"PREMIUM_EXPENSE":null,"LOAN_DEPOSIT":57.269688862742,"LOAN_EQUITY":8.817416512677,"LOAN_ASSETS":51.762280730563,"DEPOSIT_EQUITY":15.396305947828,"DEPOSIT_ASSETS":90.383380385777,"EQUITY_MULTIPLIER":17.034443591454,"EQUITY_RATIO":16.065355940429},{"SECUCODE":"01658.HK","SECURITY_CODE":"01658","SECURITY_NAME_ABBR":"邮储银行","ORG_CODE":"10092840","STD_REPORT_DATE":"2022-09-30 00:00:00","REPORT_DATE":"2022-09-30 00:00:00","DATE_TYPE_CODE":"004","REPORT_TYPE":"2022年三季报","PER_NETCASH_OPERATE":1.398662596442,"PER_OI":2.783957072505,"BPS":6.822031658277,"BASIC_EPS":0.73,"DILUTED_EPS":0.73,"OPERATE_INCOME":257193000000,"OPERATE_INCOME_YOY":7.8201048885,"GROSS_PROFIT":null,"GROSS_PROFIT_YOY":null,"HOLDER_PROFIT":73849000000,"HOLDER_PROFIT_YOY":14.4821492241,"GROSS_PROFIT_RATIO":null,"EPS_TTM":0.92561514965,"OPERATE_INCOME_QOQ":0.835015106101,"NET_PROFIT_RATIO":28.7468943556,"ROE_AVG":9.170633210684,"GROSS_PROFIT_QOQ":null,"ROA":0.565655751725,"HOLDER_PROFIT_QOQ":3.935629725065,"ROE_YEARLY":12.227510947579,"ROIC_YEARLY":0.623813676791,"TOTAL_ASSETS":13523061000000,"TOTAL_LIABILITIES":12705054000000,"TAX_EBT":10.466468066555,"OCF_SALES":50.240092070935,"TOTAL_PARENT_EQUITY":816463000000,"DEBT_ASSET_RATIO":93.9510218877,"OPERATE_PROFIT":82578000000,"PRETAX_PROFIT":82578000000,"NETCASH_OPERATE":129214000000,"NETCASH_INVEST":-247409000000,"NETCASH_FINANCE":-36674000000,"END_CASH":160118000000,"DIVI_RATIO":0.437346495909,"DIVIDEND_RATE":9.749868708972,"CURRENT_RATIO":null,"COMMON_ACS":null,"CURRENTDEBT_DEBT":null,"ISSUED_COMMON_SHARES":99161076038,"HK_COMMON_SHARES":19856167000,"PER_SHARES":1000,"TOTAL_MARKET_CAP":453166117493.66,"HKSK_MARKET_CAP":90742683190,"PE_TTM":4.680184172,"PB_TTM":0.49178514983,"REPORT_DATE_SQ":"2021-09-30 00:00:00","REPORT_TYPE_SQ":"2021年三季报","OPERATE_INCOME_SQ":238539000000,"DPS_HKD":0.445569,"OPERATE_INCOME_QOQ_SQ":3.599033005406,"NET_PROFIT_RATIO_SQ":27.1758496514,"HOLDER_PROFIT_SQ":64507000000,"HOLDER_PROFIT_QOQ_SQ":6.025073024835,"ROE_AVG_SQ":8.900555706948,"PE_TTM_SQ":3.587070427985,"PB_TTM_SQ":0.409228703666,"ROA_SQ":0.547250945655,"START_DATE":"2022-01-01 00:00:00","FISCAL_YEAR":"12-31","CURRENCY":"HKD","IS_CNY_CODE":0,"DPS_HKD_LY":0.290018,"ORG_TYPE":"银行","PREMIUM_INCOME":null,"PREMIUM_INCOME_YOY":null,"NET_INTEREST_INCOME":205441000000,"NET_INTEREST_INCOME_YOY":2.265418885957,"FEE_COMMISSION_INCOME":23639000000,"FEE_COMMISSION_INCOME_YOY":null,"ACCOUNTS_RECE_TDAYS":null,"INVENTORY_TDAYS":null,"CURRENT_ASSETS_TDAYS":null,"TOTAL_ASSETS_TDAYS":0.019700022987,"PREMIUM_EXPENSE":null,"LOAN_DEPOSIT":58.59465660338,"LOAN_EQUITY":8.785573962081,"LOAN_ASSETS":53.143744600427,"DEPOSIT_EQUITY":14.993814233864,"DEPOSIT_ASSETS":90.697254120203,"EQUITY_MULTIPLIER":16.531717943674,"EQUITY_RATIO":15.561089724825}],"count":40},"success":true,"message":"ok","code":0}