{"version":"5e0db3812a079d1c02eacb3309758e33","result":{"pages":3,"data":[{"SECUCODE":"01667.HK","SECURITY_CODE":"01667","SECURITY_NAME_ABBR":"迪米生活控股","ORG_CODE":"10577817","STD_REPORT_DATE":"2024-06-30 00:00:00","REPORT_DATE":"2024-09-30 00:00:00","DATE_TYPE_CODE":"002","REPORT_TYPE":"2024年中报","PER_NETCASH_OPERATE":-0.019618629323,"PER_OI":0.054981948427,"BPS":0.015039226979,"BASIC_EPS":-0.032825156,"DILUTED_EPS":-0.032825156,"OPERATE_INCOME":52782670.49,"OPERATE_INCOME_YOY":-3.168116997,"GROSS_PROFIT":4649629.24,"GROSS_PROFIT_YOY":-24.665509170901,"HOLDER_PROFIT":-31525676.61,"HOLDER_PROFIT_YOY":-141.9977848539,"GROSS_PROFIT_RATIO":8.80900719277,"EPS_TTM":-0.085382845156,"OPERATE_INCOME_QOQ":0,"NET_PROFIT_RATIO":-59.7273239822,"ROE_AVG":-206.674549216672,"GROSS_PROFIT_QOQ":0,"ROA":-12.544810584448,"HOLDER_PROFIT_QOQ":0,"ROE_YEARLY":-413.349098433343,"ROIC_YEARLY":-26.013822098615,"TOTAL_ASSETS":251465043.29,"TOTAL_LIABILITIES":237027385.39,"TAX_EBT":null,"OCF_SALES":-35.681946319045,"TOTAL_PARENT_EQUITY":14437657.9,"DEBT_ASSET_RATIO":94.2585825405,"OPERATE_PROFIT":-27217825.78,"PRETAX_PROFIT":-31525676.61,"NETCASH_OPERATE":-18833884.15,"NETCASH_INVEST":-145188.19,"NETCASH_FINANCE":19126965.9,"END_CASH":9092748.57,"DIVI_RATIO":null,"DIVIDEND_RATE":null,"CURRENT_RATIO":2.451505378671,"COMMON_ACS":2000000000,"CURRENTDEBT_DEBT":35.155093763911,"ISSUED_COMMON_SHARES":960000000,"HK_COMMON_SHARES":960000000,"PER_SHARES":10000,"TOTAL_MARKET_CAP":211200000,"HKSK_MARKET_CAP":211200000,"PE_TTM":-1.903903362481,"PB_TTM":13.191755153029,"REPORT_DATE_SQ":"2023-06-30 00:00:00","REPORT_TYPE_SQ":"2023年中报","OPERATE_INCOME_SQ":55467062.98,"DPS_HKD":null,"OPERATE_INCOME_QOQ_SQ":0,"NET_PROFIT_RATIO_SQ":-23.8990173047,"HOLDER_PROFIT_SQ":-13256082.98,"HOLDER_PROFIT_QOQ_SQ":0,"ROE_AVG_SQ":-111.936771144086,"PE_TTM_SQ":-12.764260071799,"PB_TTM_SQ":18.516137328019,"ROA_SQ":-4.650174631022,"START_DATE":"2024-04-01 00:00:00","FISCAL_YEAR":"3-31","CURRENCY":"HKD","IS_CNY_CODE":0,"DPS_HKD_LY":null,"ORG_TYPE":"一般企业","PREMIUM_INCOME":null,"PREMIUM_INCOME_YOY":null,"NET_INTEREST_INCOME":null,"NET_INTEREST_INCOME_YOY":null,"FEE_COMMISSION_INCOME":null,"FEE_COMMISSION_INCOME_YOY":null,"ACCOUNTS_RECE_TDAYS":1.889254704496,"INVENTORY_TDAYS":9.272127160601,"CURRENT_ASSETS_TDAYS":0.257838431939,"TOTAL_ASSETS_TDAYS":0.210034700168,"PREMIUM_EXPENSE":null,"LOAN_DEPOSIT":null,"LOAN_EQUITY":null,"LOAN_ASSETS":null,"DEPOSIT_EQUITY":null,"DEPOSIT_ASSETS":null,"EQUITY_MULTIPLIER":17.417301686456,"EQUITY_RATIO":16.417301686446},{"SECUCODE":"01667.HK","SECURITY_CODE":"01667","SECURITY_NAME_ABBR":"迪米生活控股","ORG_CODE":"10577817","STD_REPORT_DATE":"2023-12-31 00:00:00","REPORT_DATE":"2024-03-31 00:00:00","DATE_TYPE_CODE":"001","REPORT_TYPE":"2023年年报","PER_NETCASH_OPERATE":-0.036072191094,"PER_OI":0.11475317651,"BPS":0.016827834375,"BASIC_EPS":-0.08539701,"DILUTED_EPS":-0.08539701,"OPERATE_INCOME":110163049.45,"OPERATE_INCOME_YOY":11.1467822778,"GROSS_PROFIT":1854801.3,"GROSS_PROFIT_YOY":-67.721204837589,"HOLDER_PROFIT":-81967531.35,"HOLDER_PROFIT_YOY":-239.3776743488,"GROSS_PROFIT_RATIO":1.683687324616,"EPS_TTM":-0.020650005417,"OPERATE_INCOME_QOQ":0,"NET_PROFIT_RATIO":-74.4056484994,"ROE_AVG":-644.064536809488,"GROSS_PROFIT_QOQ":0,"ROA":-30.131918999035,"HOLDER_PROFIT_QOQ":0,"ROE_YEARLY":-644.064536809488,"ROIC_YEARLY":-31.365658633041,"TOTAL_ASSETS":252469642.25,"TOTAL_LIABILITIES":236314921.25,"TAX_EBT":-0.19836432545,"OCF_SALES":-31.434590475564,"TOTAL_PARENT_EQUITY":16154721,"DEBT_ASSET_RATIO":93.6013213882,"OPERATE_PROFIT":-73501260.9,"PRETAX_PROFIT":-81805258.9,"NETCASH_OPERATE":-34629303.45,"NETCASH_INVEST":23570.3,"NETCASH_FINANCE":30711194.35,"END_CASH":8809852.9,"DIVI_RATIO":null,"DIVIDEND_RATE":null,"CURRENT_RATIO":2.50961421779,"COMMON_ACS":2000000000,"CURRENTDEBT_DEBT":34.773952239379,"ISSUED_COMMON_SHARES":960000000,"HK_COMMON_SHARES":960000000,"PER_SHARES":10000,"TOTAL_MARKET_CAP":192960000,"HKSK_MARKET_CAP":192960000,"PE_TTM":-1.739475344812,"PB_TTM":12.052467207995,"REPORT_DATE_SQ":"2022-12-31 00:00:00","REPORT_TYPE_SQ":"2022年年报","OPERATE_INCOME_SQ":95710326.12,"DPS_HKD":null,"OPERATE_INCOME_QOQ_SQ":0,"NET_PROFIT_RATIO_SQ":-24.3679800973,"HOLDER_PROFIT_SQ":-23322673.22,"HOLDER_PROFIT_QOQ_SQ":0,"ROE_AVG_SQ":-127.571346485348,"PE_TTM_SQ":-15.317112086159,"PB_TTM_SQ":22.219364793622,"ROA_SQ":-8.388882416472,"START_DATE":"2023-04-01 00:00:00","FISCAL_YEAR":"3-31","CURRENCY":"HKD","IS_CNY_CODE":0,"DPS_HKD_LY":null,"ORG_TYPE":"一般企业","PREMIUM_INCOME":null,"PREMIUM_INCOME_YOY":null,"NET_INTEREST_INCOME":null,"NET_INTEREST_INCOME_YOY":null,"FEE_COMMISSION_INCOME":null,"FEE_COMMISSION_INCOME_YOY":null,"ACCOUNTS_RECE_TDAYS":4.240612786153,"INVENTORY_TDAYS":21.976087556332,"CURRENT_ASSETS_TDAYS":0.504088075099,"TOTAL_ASSETS_TDAYS":0.404968165814,"PREMIUM_EXPENSE":null,"LOAN_DEPOSIT":null,"LOAN_EQUITY":null,"LOAN_ASSETS":null,"DEPOSIT_EQUITY":null,"DEPOSIT_ASSETS":null,"EQUITY_MULTIPLIER":15.628226711619,"EQUITY_RATIO":14.62822671156},{"SECUCODE":"01667.HK","SECURITY_CODE":"01667","SECURITY_NAME_ABBR":"迪米生活控股","ORG_CODE":"10577817","STD_REPORT_DATE":"2023-06-30 00:00:00","REPORT_DATE":"2023-09-30 00:00:00","DATE_TYPE_CODE":"002","REPORT_TYPE":"2023年中报","PER_NETCASH_OPERATE":-0.003511846479,"PER_OI":0.057778190604,"BPS":0.014867517729,"BASIC_EPS":-0.01376445,"DILUTED_EPS":-0.01376445,"OPERATE_INCOME":55467062.98,"OPERATE_INCOME_YOY":-11.9350796935,"GROSS_PROFIT":6171979.38,"GROSS_PROFIT_YOY":18.043407008502,"HOLDER_PROFIT":-13256082.98,"HOLDER_PROFIT_YOY":22.0188933873,"GROSS_PROFIT_RATIO":11.127287165404,"EPS_TTM":-0.024294451271,"OPERATE_INCOME_QOQ":0,"NET_PROFIT_RATIO":-23.8990173047,"ROE_AVG":-111.936771144086,"GROSS_PROFIT_QOQ":0,"ROA":-4.650174631022,"HOLDER_PROFIT_QOQ":0,"ROE_YEARLY":-223.873542288172,"ROIC_YEARLY":-9.698231009365,"TOTAL_ASSETS":274980676.32,"TOTAL_LIABILITIES":260707859.3,"TAX_EBT":2.530193644154,"OCF_SALES":-6.07815240049,"TOTAL_PARENT_EQUITY":14272817.02,"DEBT_ASSET_RATIO":94.8095199957,"OPERATE_PROFIT":-8915693.08,"PRETAX_PROFIT":-13600194.23,"NETCASH_OPERATE":-3371372.62,"NETCASH_INVEST":-211054.9,"NETCASH_FINANCE":990122.77,"END_CASH":10646343.26,"DIVI_RATIO":null,"DIVIDEND_RATE":null,"CURRENT_RATIO":2.808790525843,"COMMON_ACS":2000000000,"CURRENTDEBT_DEBT":30.582872830946,"ISSUED_COMMON_SHARES":960000000,"HK_COMMON_SHARES":960000000,"PER_SHARES":10000,"TOTAL_MARKET_CAP":192960000,"HKSK_MARKET_CAP":192960000,"PE_TTM":-1.739475344812,"PB_TTM":12.052467207995,"REPORT_DATE_SQ":"2022-06-30 00:00:00","REPORT_TYPE_SQ":"2022年中报","OPERATE_INCOME_SQ":62078952.72,"DPS_HKD":null,"OPERATE_INCOME_QOQ_SQ":0,"NET_PROFIT_RATIO_SQ":-26.9894227687,"HOLDER_PROFIT_SQ":-16754751,"HOLDER_PROFIT_QOQ_SQ":0,"ROE_AVG_SQ":-85.58756266026,"PE_TTM_SQ":-15.317112086159,"PB_TTM_SQ":22.219364793622,"ROA_SQ":-5.976163093604,"START_DATE":"2023-04-01 00:00:00","FISCAL_YEAR":"3-31","CURRENCY":"HKD","IS_CNY_CODE":0,"DPS_HKD_LY":null,"ORG_TYPE":"一般企业","PREMIUM_INCOME":null,"PREMIUM_INCOME_YOY":null,"NET_INTEREST_INCOME":null,"NET_INTEREST_INCOME_YOY":null,"FEE_COMMISSION_INCOME":null,"FEE_COMMISSION_INCOME_YOY":null,"ACCOUNTS_RECE_TDAYS":2.093440465471,"INVENTORY_TDAYS":10.934256055363,"CURRENT_ASSETS_TDAYS":0.242415249309,"TOTAL_ASSETS_TDAYS":0.194575976566,"PREMIUM_EXPENSE":null,"LOAN_DEPOSIT":null,"LOAN_EQUITY":null,"LOAN_ASSETS":null,"DEPOSIT_EQUITY":null,"DEPOSIT_ASSETS":null,"EQUITY_MULTIPLIER":19.266040889697,"EQUITY_RATIO":18.266040889803},{"SECUCODE":"01667.HK","SECURITY_CODE":"01667","SECURITY_NAME_ABBR":"迪米生活控股","ORG_CODE":"10577817","STD_REPORT_DATE":"2022-12-31 00:00:00","REPORT_DATE":"2023-03-31 00:00:00","DATE_TYPE_CODE":"001","REPORT_TYPE":"2022年年报","PER_NETCASH_OPERATE":-0.017993323042,"PER_OI":0.099698256375,"BPS":0.009353208719,"BASIC_EPS":-0.024336398,"DILUTED_EPS":-0.024336398,"OPERATE_INCOME":95710326.12,"OPERATE_INCOME_YOY":-9.2838592444,"GROSS_PROFIT":5746191.24,"GROSS_PROFIT_YOY":190.974480144121,"HOLDER_PROFIT":-23322673.22,"HOLDER_PROFIT_YOY":55.9599966939,"GROSS_PROFIT_RATIO":6.003731752826,"EPS_TTM":-0.037186648719,"OPERATE_INCOME_QOQ":0,"NET_PROFIT_RATIO":-24.3679800973,"ROE_AVG":-127.571346485348,"GROSS_PROFIT_QOQ":0,"ROA":-8.388882416472,"HOLDER_PROFIT_QOQ":0,"ROE_YEARLY":-127.571346485348,"ROIC_YEARLY":-8.719187317546,"TOTAL_ASSETS":281572124.86,"TOTAL_LIABILITIES":272593044.49,"TAX_EBT":0.134942649374,"OCF_SALES":-18.047781070501,"TOTAL_PARENT_EQUITY":8979080.37,"DEBT_ASSET_RATIO":96.8110904535,"OPERATE_PROFIT":-14073091.16,"PRETAX_PROFIT":-23354187.98,"NETCASH_OPERATE":-16012999.72,"NETCASH_INVEST":1775331.48,"NETCASH_FINANCE":17322613.08,"END_CASH":12157694.08,"DIVI_RATIO":null,"DIVIDEND_RATE":null,"CURRENT_RATIO":2.711123650533,"COMMON_ACS":2000000000,"CURRENTDEBT_DEBT":30.163557479551,"ISSUED_COMMON_SHARES":960000000,"HK_COMMON_SHARES":960000000,"PER_SHARES":10000,"TOTAL_MARKET_CAP":192960000,"HKSK_MARKET_CAP":192960000,"PE_TTM":-1.739475344812,"PB_TTM":12.052467207995,"REPORT_DATE_SQ":"2021-12-31 00:00:00","REPORT_TYPE_SQ":"2021年年报","OPERATE_INCOME_SQ":97743736.21,"DPS_HKD":null,"OPERATE_INCOME_QOQ_SQ":0,"NET_PROFIT_RATIO_SQ":-50.1945719003,"HOLDER_PROFIT_SQ":-49062049.95,"HOLDER_PROFIT_QOQ_SQ":0,"ROE_AVG_SQ":-98.052563759695,"PE_TTM_SQ":-15.317112086159,"PB_TTM_SQ":22.219364793622,"ROA_SQ":-16.835991367015,"START_DATE":"2022-04-01 00:00:00","FISCAL_YEAR":"3-31","CURRENCY":"HKD","IS_CNY_CODE":0,"DPS_HKD_LY":null,"ORG_TYPE":"一般企业","PREMIUM_INCOME":null,"PREMIUM_INCOME_YOY":null,"NET_INTEREST_INCOME":null,"NET_INTEREST_INCOME_YOY":null,"FEE_COMMISSION_INCOME":null,"FEE_COMMISSION_INCOME_YOY":null,"ACCOUNTS_RECE_TDAYS":4.054589282403,"INVENTORY_TDAYS":23.603123564538,"CURRENT_ASSETS_TDAYS":0.429804698556,"TOTAL_ASSETS_TDAYS":0.344258423676,"PREMIUM_EXPENSE":null,"LOAN_DEPOSIT":null,"LOAN_EQUITY":null,"LOAN_ASSETS":null,"DEPOSIT_EQUITY":null,"DEPOSIT_ASSETS":null,"EQUITY_MULTIPLIER":31.35868187599,"EQUITY_RATIO":30.358681875792},{"SECUCODE":"01667.HK","SECURITY_CODE":"01667","SECURITY_NAME_ABBR":"迪米生活控股","ORG_CODE":"10577817","STD_REPORT_DATE":"2022-06-30 00:00:00","REPORT_DATE":"2022-09-30 00:00:00","DATE_TYPE_CODE":"002","REPORT_TYPE":"2022年中报","PER_NETCASH_OPERATE":-0.0120478945,"PER_OI":0.06466557575,"BPS":0.01109634825,"BASIC_EPS":-0.017455692,"DILUTED_EPS":-0.017455692,"OPERATE_INCOME":62078952.72,"OPERATE_INCOME_YOY":3.2026222409,"GROSS_PROFIT":5228567.64,"GROSS_PROFIT_YOY":1683.05108166388,"HOLDER_PROFIT":-16754751,"HOLDER_PROFIT_YOY":48.7594390507,"GROSS_PROFIT_RATIO":8.422448206533,"EPS_TTM":-0.051106302031,"OPERATE_INCOME_QOQ":0,"NET_PROFIT_RATIO":-26.9894227687,"ROE_AVG":-85.58756266026,"GROSS_PROFIT_QOQ":0,"ROA":-5.976163093604,"HOLDER_PROFIT_QOQ":0,"ROE_YEARLY":-171.17512532052,"ROIC_YEARLY":-12.300265924778,"TOTAL_ASSETS":277152071.4,"TOTAL_LIABILITIES":266499577.08,"TAX_EBT":null,"OCF_SALES":-18.631078994143,"TOTAL_PARENT_EQUITY":10652494.32,"DEBT_ASSET_RATIO":96.1564442704,"OPERATE_PROFIT":-13272657,"PRETAX_PROFIT":-16754751,"NETCASH_OPERATE":-11565978.72,"NETCASH_INVEST":-127526.04,"NETCASH_FINANCE":2662671.36,"END_CASH":6659391.72,"DIVI_RATIO":null,"DIVIDEND_RATE":null,"CURRENT_RATIO":2.840936975878,"COMMON_ACS":2000000000,"CURRENTDEBT_DEBT":30.149970983211,"ISSUED_COMMON_SHARES":960000000,"HK_COMMON_SHARES":960000000,"PER_SHARES":10000,"TOTAL_MARKET_CAP":215040000,"HKSK_MARKET_CAP":215040000,"PE_TTM":-1.938519787253,"PB_TTM":13.431605246721,"REPORT_DATE_SQ":"2021-06-30 00:00:00","REPORT_TYPE_SQ":"2021年中报","OPERATE_INCOME_SQ":55405154.48,"DPS_HKD":null,"OPERATE_INCOME_QOQ_SQ":0,"NET_PROFIT_RATIO_SQ":-54.3588741204,"HOLDER_PROFIT_SQ":-30117618.18,"HOLDER_PROFIT_QOQ_SQ":0,"ROE_AVG_SQ":-49.157658576382,"PE_TTM_SQ":-7.927332782824,"PB_TTM_SQ":13.578500707214,"ROA_SQ":-9.454644355732,"START_DATE":"2022-04-01 00:00:00","FISCAL_YEAR":"3-31","CURRENCY":"HKD","IS_CNY_CODE":0,"DPS_HKD_LY":null,"ORG_TYPE":"一般企业","PREMIUM_INCOME":null,"PREMIUM_INCOME_YOY":null,"NET_INTEREST_INCOME":null,"NET_INTEREST_INCOME_YOY":null,"FEE_COMMISSION_INCOME":null,"FEE_COMMISSION_INCOME_YOY":null,"ACCOUNTS_RECE_TDAYS":null,"INVENTORY_TDAYS":null,"CURRENT_ASSETS_TDAYS":0.271032373596,"TOTAL_ASSETS_TDAYS":0.221426117365,"PREMIUM_EXPENSE":null,"LOAN_DEPOSIT":null,"LOAN_EQUITY":null,"LOAN_ASSETS":null,"DEPOSIT_EQUITY":null,"DEPOSIT_ASSETS":null,"EQUITY_MULTIPLIER":26.017575140092,"EQUITY_RATIO":25.017575140092},{"SECUCODE":"01667.HK","SECURITY_CODE":"01667","SECURITY_NAME_ABBR":"迪米生活控股","ORG_CODE":"10577817","STD_REPORT_DATE":"2021-12-31 00:00:00","REPORT_DATE":"2022-03-31 00:00:00","DATE_TYPE_CODE":"001","REPORT_TYPE":"2021年年报","PER_NETCASH_OPERATE":-0.031630234802,"PER_OI":0.101816391885,"BPS":0.026620558448,"BASIC_EPS":-0.05109363,"DILUTED_EPS":-0.05109363,"OPERATE_INCOME":97743736.21,"OPERATE_INCOME_YOY":-1.8974050077,"GROSS_PROFIT":1974809.35,"GROSS_PROFIT_YOY":113.806977235516,"HOLDER_PROFIT":-49062049.95,"HOLDER_PROFIT_YOY":-14.55216815,"GROSS_PROFIT_RATIO":2.020394785971,"EPS_TTM":-0.041351745563,"OPERATE_INCOME_QOQ":0,"NET_PROFIT_RATIO":-50.1945719003,"ROE_AVG":-98.052563759695,"GROSS_PROFIT_QOQ":0,"ROA":-16.835991367015,"HOLDER_PROFIT_QOQ":0,"ROE_YEARLY":-98.052563759695,"ROIC_YEARLY":-17.503327353741,"TOTAL_ASSETS":254274343.28,"TOTAL_LIABILITIES":228718607.17,"TAX_EBT":-10.833241728042,"OCF_SALES":-31.065955310693,"TOTAL_PARENT_EQUITY":25555736.11,"DEBT_ASSET_RATIO":89.9495419867,"OPERATE_PROFIT":-35563599.51,"PRETAX_PROFIT":-44266547.82,"NETCASH_OPERATE":-30365025.41,"NETCASH_INVEST":26816045.65,"NETCASH_FINANCE":-2032391.06,"END_CASH":8251215.74,"DIVI_RATIO":null,"DIVIDEND_RATE":null,"CURRENT_RATIO":2.668266252245,"COMMON_ACS":2000000000,"CURRENTDEBT_DEBT":33.76853168426,"ISSUED_COMMON_SHARES":960000000,"HK_COMMON_SHARES":960000000,"PER_SHARES":10000,"TOTAL_MARKET_CAP":192960000,"HKSK_MARKET_CAP":192960000,"PE_TTM":-1.739475344812,"PB_TTM":12.052467207995,"REPORT_DATE_SQ":"2020-12-31 00:00:00","REPORT_TYPE_SQ":"2020年年报","OPERATE_INCOME_SQ":103832053.36,"DPS_HKD":null,"OPERATE_INCOME_QOQ_SQ":0,"NET_PROFIT_RATIO_SQ":-42.9866831635,"HOLDER_PROFIT_SQ":-44633955.8,"HOLDER_PROFIT_QOQ_SQ":0,"ROE_AVG_SQ":-48.705805315121,"PE_TTM_SQ":-15.317112086159,"PB_TTM_SQ":22.219364793622,"ROA_SQ":-13.234510973417,"START_DATE":"2021-04-01 00:00:00","FISCAL_YEAR":"3-31","CURRENCY":"HKD","IS_CNY_CODE":0,"DPS_HKD_LY":null,"ORG_TYPE":"一般企业","PREMIUM_INCOME":null,"PREMIUM_INCOME_YOY":null,"NET_INTEREST_INCOME":null,"NET_INTEREST_INCOME_YOY":null,"FEE_COMMISSION_INCOME":null,"FEE_COMMISSION_INCOME_YOY":null,"ACCOUNTS_RECE_TDAYS":null,"INVENTORY_TDAYS":null,"CURRENT_ASSETS_TDAYS":0.451789693867,"TOTAL_ASSETS_TDAYS":0.335414582287,"PREMIUM_EXPENSE":null,"LOAN_DEPOSIT":null,"LOAN_EQUITY":null,"LOAN_ASSETS":null,"DEPOSIT_EQUITY":null,"DEPOSIT_ASSETS":null,"EQUITY_MULTIPLIER":9.949795309594,"EQUITY_RATIO":8.949795309574},{"SECUCODE":"01667.HK","SECURITY_CODE":"01667","SECURITY_NAME_ABBR":"迪米生活控股","ORG_CODE":"10577817","STD_REPORT_DATE":"2021-06-30 00:00:00","REPORT_DATE":"2021-09-30 00:00:00","DATE_TYPE_CODE":"002","REPORT_TYPE":"2021年中报","PER_NETCASH_OPERATE":-0.022870100313,"PER_OI":0.057713702583,"BPS":0.047907892167,"BASIC_EPS":-0.031406362,"DILUTED_EPS":-0.031406362,"OPERATE_INCOME":55405154.48,"OPERATE_INCOME_YOY":1.6677622025,"GROSS_PROFIT":293237.12,"GROSS_PROFIT_YOY":101.60599352945,"HOLDER_PROFIT":-30117618.18,"HOLDER_PROFIT_YOY":9.3728065778,"GROSS_PROFIT_RATIO":0.529259637938,"EPS_TTM":-0.046493703958,"OPERATE_INCOME_QOQ":0,"NET_PROFIT_RATIO":-54.3588741204,"ROE_AVG":-49.157658576382,"GROSS_PROFIT_QOQ":0,"ROA":-9.454644355732,"HOLDER_PROFIT_QOQ":0,"ROE_YEARLY":-98.315317152764,"ROIC_YEARLY":-19.677779289699,"TOTAL_ASSETS":299615027.36,"TOTAL_LIABILITIES":253623450.88,"TAX_EBT":null,"OCF_SALES":-39.626811812113,"TOTAL_PARENT_EQUITY":45991576.48,"DEBT_ASSET_RATIO":84.6497764531,"OPERATE_PROFIT":-25235053.52,"PRETAX_PROFIT":-30117618.18,"NETCASH_OPERATE":-21955296.3,"NETCASH_INVEST":19383640.08,"NETCASH_FINANCE":-1287077.7,"END_CASH":10531544.52,"DIVI_RATIO":null,"DIVIDEND_RATE":null,"CURRENT_RATIO":2.041979922001,"COMMON_ACS":2000000000,"CURRENTDEBT_DEBT":44.30116144629,"ISSUED_COMMON_SHARES":960000000,"HK_COMMON_SHARES":960000000,"PER_SHARES":10000,"TOTAL_MARKET_CAP":192960000,"HKSK_MARKET_CAP":192960000,"PE_TTM":-1.739475344812,"PB_TTM":12.052467207995,"REPORT_DATE_SQ":"2020-06-30 00:00:00","REPORT_TYPE_SQ":"2020年中报","OPERATE_INCOME_SQ":57483226.24,"DPS_HKD":null,"OPERATE_INCOME_QOQ_SQ":0,"NET_PROFIT_RATIO_SQ":-60.9810905422,"HOLDER_PROFIT_SQ":-35053898.24,"HOLDER_PROFIT_QOQ_SQ":0,"ROE_AVG_SQ":-34.802181025082,"PE_TTM_SQ":-15.317112086159,"PB_TTM_SQ":22.219364793622,"ROA_SQ":-10.019075222178,"START_DATE":"2021-04-01 00:00:00","FISCAL_YEAR":"3-31","CURRENCY":"HKD","IS_CNY_CODE":0,"DPS_HKD_LY":null,"ORG_TYPE":"一般企业","PREMIUM_INCOME":null,"PREMIUM_INCOME_YOY":null,"NET_INTEREST_INCOME":null,"NET_INTEREST_INCOME_YOY":null,"FEE_COMMISSION_INCOME":null,"FEE_COMMISSION_INCOME_YOY":null,"ACCOUNTS_RECE_TDAYS":2.518574620366,"INVENTORY_TDAYS":null,"CURRENT_ASSETS_TDAYS":0.239741902925,"TOTAL_ASSETS_TDAYS":0.173930098971,"PREMIUM_EXPENSE":null,"LOAN_DEPOSIT":null,"LOAN_EQUITY":null,"LOAN_ASSETS":null,"DEPOSIT_EQUITY":null,"DEPOSIT_ASSETS":null,"EQUITY_MULTIPLIER":6.514563106815,"EQUITY_RATIO":5.514563106796},{"SECUCODE":"01667.HK","SECURITY_CODE":"01667","SECURITY_NAME_ABBR":"迪米生活控股","ORG_CODE":"10577817","STD_REPORT_DATE":"2020-12-31 00:00:00","REPORT_DATE":"2021-03-31 00:00:00","DATE_TYPE_CODE":"001","REPORT_TYPE":"2020年年报","PER_NETCASH_OPERATE":-0.091652727833,"PER_OI":0.108158388917,"BPS":0.080892529958,"BASIC_EPS":-0.049696584,"DILUTED_EPS":-0.049696584,"OPERATE_INCOME":103832053.36,"OPERATE_INCOME_YOY":-52.9212492815,"GROSS_PROFIT":-14302981.14,"GROSS_PROFIT_YOY":-170.285173807803,"HOLDER_PROFIT":-44633955.8,"HOLDER_PROFIT_YOY":-209.9542199789,"GROSS_PROFIT_RATIO":-13.775111516296,"EPS_TTM":-0.053282290323,"OPERATE_INCOME_QOQ":0,"NET_PROFIT_RATIO":-42.9866831635,"ROE_AVG":-48.705805315121,"GROSS_PROFIT_QOQ":0,"ROA":-13.234510973417,"HOLDER_PROFIT_QOQ":0,"ROE_YEARLY":-48.705805315121,"ROIC_YEARLY":-13.941909151869,"TOTAL_ASSETS":342391714.98,"TOTAL_LIABILITIES":264734886.22,"TAX_EBT":-0.68060930738,"OCF_SALES":-84.739361182561,"TOTAL_PARENT_EQUITY":77656828.76,"DEBT_ASSET_RATIO":77.3193026109,"OPERATE_PROFIT":-36141587.16,"PRETAX_PROFIT":-44332226.54,"NETCASH_OPERATE":-87986618.72,"NETCASH_INVEST":27750640.12,"NETCASH_FINANCE":72256973.74,"END_CASH":14558225.5,"DIVI_RATIO":null,"DIVIDEND_RATE":null,"CURRENT_RATIO":1.567661579892,"COMMON_ACS":2000000000,"CURRENTDEBT_DEBT":56.90405422231,"ISSUED_COMMON_SHARES":960000000,"HK_COMMON_SHARES":960000000,"PER_SHARES":10000,"TOTAL_MARKET_CAP":192960000,"HKSK_MARKET_CAP":192960000,"PE_TTM":-1.739475344812,"PB_TTM":12.052467207995,"REPORT_DATE_SQ":"2019-12-31 00:00:00","REPORT_TYPE_SQ":"2019年年报","OPERATE_INCOME_SQ":238430015,"DPS_HKD":null,"OPERATE_INCOME_QOQ_SQ":0,"NET_PROFIT_RATIO_SQ":-6.5292201571,"HOLDER_PROFIT_SQ":-15567620.6,"HOLDER_PROFIT_QOQ_SQ":0,"ROE_AVG_SQ":-12.763502884111,"PE_TTM_SQ":-15.317112086159,"PB_TTM_SQ":22.219364793622,"ROA_SQ":-4.000897019992,"START_DATE":"2020-04-01 00:00:00","FISCAL_YEAR":"3-31","CURRENCY":"HKD","IS_CNY_CODE":0,"DPS_HKD_LY":null,"ORG_TYPE":"一般企业","PREMIUM_INCOME":null,"PREMIUM_INCOME_YOY":null,"NET_INTEREST_INCOME":null,"NET_INTEREST_INCOME_YOY":null,"FEE_COMMISSION_INCOME":null,"FEE_COMMISSION_INCOME_YOY":null,"ACCOUNTS_RECE_TDAYS":null,"INVENTORY_TDAYS":null,"CURRENT_ASSETS_TDAYS":0.381776935268,"TOTAL_ASSETS_TDAYS":0.307874671863,"PREMIUM_EXPENSE":null,"LOAN_DEPOSIT":null,"LOAN_EQUITY":null,"LOAN_ASSETS":null,"DEPOSIT_EQUITY":null,"DEPOSIT_ASSETS":null,"EQUITY_MULTIPLIER":4.409035502059,"EQUITY_RATIO":3.409035502057},{"SECUCODE":"01667.HK","SECURITY_CODE":"01667","SECURITY_NAME_ABBR":"迪米生活控股","ORG_CODE":"10577817","STD_REPORT_DATE":"2020-06-30 00:00:00","REPORT_DATE":"2020-09-30 00:00:00","DATE_TYPE_CODE":"002","REPORT_TYPE":"2020年中报","PER_NETCASH_OPERATE":-0.035021568667,"PER_OI":0.059878360667,"BPS":0.095450044667,"BASIC_EPS":-0.041914944,"DILUTED_EPS":-0.041914944,"OPERATE_INCOME":57483226.24,"OPERATE_INCOME_YOY":-54.7547083682,"GROSS_PROFIT":-18258922.88,"GROSS_PROFIT_YOY":-202.400262418563,"HOLDER_PROFIT":-35053898.24,"HOLDER_PROFIT_YOY":-6895.9114139693,"GROSS_PROFIT_RATIO":-31.763914578779,"EPS_TTM":-0.01945952575,"OPERATE_INCOME_QOQ":0,"NET_PROFIT_RATIO":-60.9810905422,"ROE_AVG":-34.802181025082,"GROSS_PROFIT_QOQ":0,"ROA":-10.019075222178,"HOLDER_PROFIT_QOQ":0,"ROE_YEARLY":-69.604362050164,"ROIC_YEARLY":-21.640094823237,"TOTAL_ASSETS":354446650.24,"TOTAL_LIABILITIES":262814607.36,"TAX_EBT":-0.077770251624,"OCF_SALES":-58.487854838956,"TOTAL_PARENT_EQUITY":91632042.88,"DEBT_ASSET_RATIO":74.1478603852,"OPERATE_PROFIT":-31246404.48,"PRETAX_PROFIT":-35026657.92,"NETCASH_OPERATE":-33620705.92,"NETCASH_INVEST":-10148337.28,"NETCASH_FINANCE":49295313.28,"END_CASH":6926949.76,"DIVI_RATIO":null,"DIVIDEND_RATE":null,"CURRENT_RATIO":1.233292479259,"COMMON_ACS":2000000000,"CURRENTDEBT_DEBT":99.29920291018,"ISSUED_COMMON_SHARES":960000000,"HK_COMMON_SHARES":960000000,"PER_SHARES":10000,"TOTAL_MARKET_CAP":215040000,"HKSK_MARKET_CAP":215040000,"PE_TTM":-1.938519787253,"PB_TTM":13.431605246721,"REPORT_DATE_SQ":"2019-06-30 00:00:00","REPORT_TYPE_SQ":"2019年中报","OPERATE_INCOME_SQ":130415311.83,"DPS_HKD":null,"OPERATE_INCOME_QOQ_SQ":0,"NET_PROFIT_RATIO_SQ":0.4059951723,"HOLDER_PROFIT_SQ":529479.87,"HOLDER_PROFIT_QOQ_SQ":0,"ROE_AVG_SQ":0.412501537218,"PE_TTM_SQ":-7.927332782824,"PB_TTM_SQ":13.578500707214,"ROA_SQ":0.129926183335,"START_DATE":"2020-04-01 00:00:00","FISCAL_YEAR":"3-31","CURRENCY":"HKD","IS_CNY_CODE":0,"DPS_HKD_LY":null,"ORG_TYPE":"一般企业","PREMIUM_INCOME":null,"PREMIUM_INCOME_YOY":null,"NET_INTEREST_INCOME":null,"NET_INTEREST_INCOME_YOY":null,"FEE_COMMISSION_INCOME":null,"FEE_COMMISSION_INCOME_YOY":null,"ACCOUNTS_RECE_TDAYS":0.883631402637,"INVENTORY_TDAYS":null,"CURRENT_ASSETS_TDAYS":0.179117187222,"TOTAL_ASSETS_TDAYS":0.16429806573,"PREMIUM_EXPENSE":null,"LOAN_DEPOSIT":null,"LOAN_EQUITY":null,"LOAN_ASSETS":null,"DEPOSIT_EQUITY":null,"DEPOSIT_ASSETS":null,"EQUITY_MULTIPLIER":3.868151785114,"EQUITY_RATIO":2.868151785115}],"count":21},"success":true,"message":"ok","code":0}