{"version":"ba68ce177e7ab0b39312196aac5cc76f","result":{"pages":4,"data":[{"SECUCODE":"01665.HK","SECURITY_CODE":"01665","SECURITY_NAME_ABBR":"槟杰科达","ORG_CODE":"10719551","STD_REPORT_DATE":"2024-09-30 00:00:00","REPORT_DATE":"2024-09-30 00:00:00","DATE_TYPE_CODE":"004","REPORT_TYPE":"2024年三季报","PER_NETCASH_OPERATE":0.100483607534,"PER_OI":0.348902773761,"BPS":0.644941190148,"BASIC_EPS":0.063460197016,"DILUTED_EPS":0.063460197016,"OPERATE_INCOME":837366657.025707,"OPERATE_INCOME_YOY":-5.863597763,"GROSS_PROFIT":240173877.537132,"GROSS_PROFIT_YOY":1.055200072183,"HOLDER_PROFIT":151081205.23334,"HOLDER_PROFIT_YOY":-18.061361015,"GROSS_PROFIT_RATIO":28.682044540706,"EPS_TTM":0.085369482916,"OPERATE_INCOME_QOQ":5.089362315273,"NET_PROFIT_RATIO":18.0422163481,"ROE_AVG":10.10389945823,"GROSS_PROFIT_QOQ":3.37219168998,"ROA":7.726677096403,"HOLDER_PROFIT_QOQ":1.224194310992,"ROE_YEARLY":13.471865944307,"ROIC_YEARLY":11.561358157859,"TOTAL_ASSETS":1938709018.8339,"TOTAL_LIABILITIES":390851863.824285,"TAX_EBT":1.24006005672,"OCF_SALES":28.799887845682,"TOTAL_PARENT_EQUITY":1547858856.35538,"DEBT_ASSET_RATIO":20.1604191257,"OPERATE_PROFIT":153503921.601987,"PRETAX_PROFIT":152976504.414992,"NETCASH_OPERATE":241160658.080542,"NETCASH_INVEST":-232888714.973544,"NETCASH_FINANCE":-51860421.5934804,"END_CASH":623698045.153716,"DIVI_RATIO":0.212305374015,"DIVIDEND_RATE":2.061855670103,"CURRENT_RATIO":3.050702035301,"COMMON_ACS":5000000000,"CURRENTDEBT_DEBT":94.060444606953,"ISSUED_COMMON_SHARES":2400000000,"HK_COMMON_SHARES":2400000000,"PER_SHARES":2000,"TOTAL_MARKET_CAP":2328000000,"HKSK_MARKET_CAP":2328000000,"PE_TTM":10.158017335522,"PB_TTM":1.356303976393,"REPORT_DATE_SQ":"2023-09-30 00:00:00","REPORT_TYPE_SQ":"2023年三季报","OPERATE_INCOME_SQ":798198528.289212,"DPS_HKD":0.02,"OPERATE_INCOME_QOQ_SQ":2.595041959329,"NET_PROFIT_RATIO_SQ":20.7282972098,"HOLDER_PROFIT_SQ":165452963.268297,"HOLDER_PROFIT_QOQ_SQ":1.663399240644,"ROE_AVG_SQ":13.940798397725,"PE_TTM_SQ":7.913925140775,"PB_TTM_SQ":1.463584651222,"ROA_SQ":10.006264591027,"START_DATE":"2024-01-01 00:00:00","FISCAL_YEAR":"12-31","CURRENCY":"HKD","IS_CNY_CODE":0,"DPS_HKD_LY":0.02,"ORG_TYPE":"一般企业","PREMIUM_INCOME":null,"PREMIUM_INCOME_YOY":null,"NET_INTEREST_INCOME":null,"NET_INTEREST_INCOME_YOY":null,"FEE_COMMISSION_INCOME":null,"FEE_COMMISSION_INCOME_YOY":null,"ACCOUNTS_RECE_TDAYS":2.740394707171,"INVENTORY_TDAYS":2.420221604738,"CURRENT_ASSETS_TDAYS":0.672518547314,"TOTAL_ASSETS_TDAYS":0.428250606033,"PREMIUM_EXPENSE":null,"LOAN_DEPOSIT":null,"LOAN_EQUITY":null,"LOAN_ASSETS":null,"DEPOSIT_EQUITY":null,"DEPOSIT_ASSETS":null,"EQUITY_MULTIPLIER":1.252511585168,"EQUITY_RATIO":0.252511307617},{"SECUCODE":"01665.HK","SECURITY_CODE":"01665","SECURITY_NAME_ABBR":"槟杰科达","ORG_CODE":"10719551","STD_REPORT_DATE":"2024-06-30 00:00:00","REPORT_DATE":"2024-06-30 00:00:00","DATE_TYPE_CODE":"002","REPORT_TYPE":"2024年中报","PER_NETCASH_OPERATE":0.027622846476,"PER_OI":0.215134796522,"BPS":0.556752656684,"BASIC_EPS":0.03985025963,"DILUTED_EPS":0.039699311677,"OPERATE_INCOME":516323511.653182,"OPERATE_INCOME_YOY":-0.0216293317,"GROSS_PROFIT":147809745.199855,"GROSS_PROFIT_YOY":-5.205371576098,"HOLDER_PROFIT":94635309.7451998,"HOLDER_PROFIT_YOY":-12.7687106065,"GROSS_PROFIT_RATIO":28.627351236939,"EPS_TTM":0.084337033747,"OPERATE_INCOME_QOQ":-1.223519782733,"NET_PROFIT_RATIO":18.328392593,"ROE_AVG":7.2345547092,"GROSS_PROFIT_QOQ":-2.793427367101,"ROA":5.518274542388,"HOLDER_PROFIT_QOQ":-4.138887165823,"ROE_YEARLY":14.469109418399,"ROIC_YEARLY":16.436255242507,"TOTAL_ASSETS":1680339029.10277,"TOTAL_LIABILITIES":344134162.540756,"TAX_EBT":1.466381667872,"OCF_SALES":12.83978553094,"TOTAL_PARENT_EQUITY":1336206376.04154,"DEBT_ASSET_RATIO":20.4800434067,"OPERATE_PROFIT":96422533.5104456,"PRETAX_PROFIT":96042144.6685183,"NETCASH_OPERATE":66294831.5420843,"NETCASH_INVEST":-134722557.662118,"NETCASH_FINANCE":4528.43859437266,"END_CASH":529354848.448255,"DIVI_RATIO":0.214904404325,"DIVIDEND_RATE":2.040816326531,"CURRENT_RATIO":3.13793457608,"COMMON_ACS":5000000000,"CURRENTDEBT_DEBT":93.95610179751,"ISSUED_COMMON_SHARES":2400000000,"HK_COMMON_SHARES":2400000000,"PER_SHARES":2000,"TOTAL_MARKET_CAP":2352000000,"HKSK_MARKET_CAP":2352000000,"PE_TTM":10.262739163723,"PB_TTM":1.370286491614,"REPORT_DATE_SQ":"2023-06-30 00:00:00","REPORT_TYPE_SQ":"2023年中报","OPERATE_INCOME_SQ":530702529.976577,"DPS_HKD":0.02,"OPERATE_INCOME_QOQ_SQ":4.117341497572,"NET_PROFIT_RATIO_SQ":21.007049993,"HOLDER_PROFIT_SQ":111484945.786216,"HOLDER_PROFIT_QOQ_SQ":4.74737405113,"ROE_AVG_SQ":9.488008470045,"PE_TTM_SQ":8.486016114807,"PB_TTM_SQ":1.56938595131,"ROA_SQ":6.81656191893,"START_DATE":"2024-01-01 00:00:00","FISCAL_YEAR":"12-31","CURRENCY":"HKD","IS_CNY_CODE":0,"DPS_HKD_LY":0.02,"ORG_TYPE":"一般企业","PREMIUM_INCOME":null,"PREMIUM_INCOME_YOY":null,"NET_INTEREST_INCOME":null,"NET_INTEREST_INCOME_YOY":null,"FEE_COMMISSION_INCOME":null,"FEE_COMMISSION_INCOME_YOY":null,"ACCOUNTS_RECE_TDAYS":1.757516435579,"INVENTORY_TDAYS":1.635567614645,"CURRENT_ASSETS_TDAYS":0.463290059121,"TOTAL_ASSETS_TDAYS":0.301073129856,"PREMIUM_EXPENSE":null,"LOAN_DEPOSIT":null,"LOAN_EQUITY":null,"LOAN_ASSETS":null,"DEPOSIT_EQUITY":null,"DEPOSIT_ASSETS":null,"EQUITY_MULTIPLIER":1.257545958072,"EQUITY_RATIO":0.25754566713},{"SECUCODE":"01665.HK","SECURITY_CODE":"01665","SECURITY_NAME_ABBR":"槟杰科达","ORG_CODE":"10719551","STD_REPORT_DATE":"2024-03-31 00:00:00","REPORT_DATE":"2024-03-31 00:00:00","DATE_TYPE_CODE":"003","REPORT_TYPE":"2024年一季报","PER_NETCASH_OPERATE":0.000805593441,"PER_OI":0.106619355225,"BPS":0.549612066166,"BASIC_EPS":0.019034486893,"DILUTED_EPS":0.019034486893,"OPERATE_INCOME":255886452.541179,"OPERATE_INCOME_YOY":3.2830620134,"GROSS_PROFIT":74732093.3439247,"GROSS_PROFIT_YOY":1.27016537614,"HOLDER_PROFIT":45300580.0272778,"HOLDER_PROFIT_YOY":-11.9395157766,"GROSS_PROFIT_RATIO":29.205177766063,"EPS_TTM":0.087978358746,"OPERATE_INCOME_QOQ":-0.126246181961,"NET_PROFIT_RATIO":17.7033913196,"ROE_AVG":3.498126231144,"GROSS_PROFIT_QOQ":0.290032962651,"ROA":2.628849503258,"HOLDER_PROFIT_QOQ":-3.699038082314,"ROE_YEARLY":13.992504924575,"ROIC_YEARLY":15.573785801834,"TOTAL_ASSETS":1709272942.55182,"TOTAL_LIABILITIES":390203983.753241,"TAX_EBT":1.588903721551,"OCF_SALES":0.755578984361,"TOTAL_PARENT_EQUITY":1319068958.79858,"DEBT_ASSET_RATIO":22.8286527002,"OPERATE_PROFIT":46364712.7591013,"PRETAX_PROFIT":46031983.9330945,"NETCASH_OPERATE":1933424.25922873,"NETCASH_INVEST":-69504353.9515295,"NETCASH_FINANCE":null,"END_CASH":526189655.430824,"DIVI_RATIO":0.206009753516,"DIVIDEND_RATE":2.040816326531,"CURRENT_RATIO":2.991586017476,"COMMON_ACS":5000000000,"CURRENTDEBT_DEBT":94.815785026196,"ISSUED_COMMON_SHARES":2400000000,"HK_COMMON_SHARES":2400000000,"PER_SHARES":2000,"TOTAL_MARKET_CAP":2352000000,"HKSK_MARKET_CAP":2352000000,"PE_TTM":10.262739163723,"PB_TTM":1.370286491614,"REPORT_DATE_SQ":"2023-03-31 00:00:00","REPORT_TYPE_SQ":"2023年一季报","OPERATE_INCOME_SQ":257232890.355109,"DPS_HKD":0.02,"OPERATE_INCOME_QOQ_SQ":3.879143715975,"NET_PROFIT_RATIO_SQ":20.7636884993,"HOLDER_PROFIT_SQ":53411036.071084,"HOLDER_PROFIT_QOQ_SQ":1.573619268851,"ROE_AVG_SQ":4.548276490368,"PE_TTM_SQ":8.486016114807,"PB_TTM_SQ":1.56938595131,"ROA_SQ":3.39707572184,"START_DATE":"2024-01-01 00:00:00","FISCAL_YEAR":"12-31","CURRENCY":"HKD","IS_CNY_CODE":0,"DPS_HKD_LY":0.02,"ORG_TYPE":"一般企业","PREMIUM_INCOME":null,"PREMIUM_INCOME_YOY":null,"NET_INTEREST_INCOME":null,"NET_INTEREST_INCOME_YOY":null,"FEE_COMMISSION_INCOME":null,"FEE_COMMISSION_INCOME_YOY":null,"ACCOUNTS_RECE_TDAYS":0.84809287146,"INVENTORY_TDAYS":0.688016575969,"CURRENT_ASSETS_TDAYS":0.221303204055,"TOTAL_ASSETS_TDAYS":0.148494119335,"PREMIUM_EXPENSE":null,"LOAN_DEPOSIT":null,"LOAN_EQUITY":null,"LOAN_ASSETS":null,"DEPOSIT_EQUITY":null,"DEPOSIT_ASSETS":null,"EQUITY_MULTIPLIER":1.295817728975,"EQUITY_RATIO":0.295817728975},{"SECUCODE":"01665.HK","SECURITY_CODE":"01665","SECURITY_NAME_ABBR":"槟杰科达","ORG_CODE":"10719551","STD_REPORT_DATE":"2023-12-31 00:00:00","REPORT_DATE":"2023-12-31 00:00:00","DATE_TYPE_CODE":"001","REPORT_TYPE":"2023年年报","PER_NETCASH_OPERATE":0.139221391501,"PER_OI":0.444382354452,"BPS":0.544661117106,"BASIC_EPS":0.092030214275,"DILUTED_EPS":0.091876059812,"OPERATE_INCOME":1066517650.68599,"OPERATE_INCOME_YOY":15.1956336051,"GROSS_PROFIT":323175581.933097,"GROSS_PROFIT_YOY":10.491921211246,"HOLDER_PROFIT":219258517.034068,"HOLDER_PROFIT_YOY":6.7006249015,"GROSS_PROFIT_RATIO":30.301944063019,"EPS_TTM":0.091357715431,"OPERATE_INCOME_QOQ":1.470037733861,"NET_PROFIT_RATIO":20.5583580256,"ROE_AVG":17.950949242278,"GROSS_PROFIT_QOQ":2.58995371899,"ROA":13.1654434531,"HOLDER_PROFIT_QOQ":-3.582054473495,"ROE_YEARLY":17.950949242278,"ROIC_YEARLY":19.805789551737,"TOTAL_ASSETS":1786713426.85371,"TOTAL_LIABILITIES":479526745.799291,"TAX_EBT":0.610731830029,"OCF_SALES":31.329189853292,"TOTAL_PARENT_EQUITY":1307186681.05442,"DEBT_ASSET_RATIO":26.8384811236,"OPERATE_PROFIT":220542623.708956,"PRETAX_PROFIT":220605827.038693,"NETCASH_OPERATE":334131339.602281,"NETCASH_INVEST":-170359179.898258,"NETCASH_FINANCE":-61493756.7442577,"END_CASH":610138739.016494,"DIVI_RATIO":0.19838937428,"DIVIDEND_RATE":2.040816326531,"CURRENT_RATIO":2.667516628977,"COMMON_ACS":5000000000,"CURRENTDEBT_DEBT":96.950194329875,"ISSUED_COMMON_SHARES":2400000000,"HK_COMMON_SHARES":2400000000,"PER_SHARES":2000,"TOTAL_MARKET_CAP":2352000000,"HKSK_MARKET_CAP":2352000000,"PE_TTM":10.262739163723,"PB_TTM":1.370286491614,"REPORT_DATE_SQ":"2022-12-31 00:00:00","REPORT_TYPE_SQ":"2022年年报","OPERATE_INCOME_SQ":947223405.094236,"DPS_HKD":0.02,"OPERATE_INCOME_QOQ_SQ":8.580121663893,"NET_PROFIT_RATIO_SQ":22.1951191085,"HOLDER_PROFIT_SQ":210237362.983992,"HOLDER_PROFIT_QOQ_SQ":9.137520414914,"ROE_AVG_SQ":19.411033189269,"PE_TTM_SQ":8.486016114807,"PB_TTM_SQ":1.56938595131,"ROA_SQ":14.594406103547,"START_DATE":"2023-01-01 00:00:00","FISCAL_YEAR":"12-31","CURRENCY":"HKD","IS_CNY_CODE":0,"DPS_HKD_LY":0.02,"ORG_TYPE":"一般企业","PREMIUM_INCOME":null,"PREMIUM_INCOME_YOY":null,"NET_INTEREST_INCOME":null,"NET_INTEREST_INCOME_YOY":null,"FEE_COMMISSION_INCOME":null,"FEE_COMMISSION_INCOME_YOY":null,"ACCOUNTS_RECE_TDAYS":3.186670197943,"INVENTORY_TDAYS":2.667496445779,"CURRENT_ASSETS_TDAYS":0.878008417764,"TOTAL_ASSETS_TDAYS":0.640393723892,"PREMIUM_EXPENSE":null,"LOAN_DEPOSIT":null,"LOAN_EQUITY":null,"LOAN_ASSETS":null,"DEPOSIT_EQUITY":null,"DEPOSIT_ASSETS":null,"EQUITY_MULTIPLIER":1.366838763544,"EQUITY_RATIO":0.366838763544},{"SECUCODE":"01665.HK","SECURITY_CODE":"01665","SECURITY_NAME_ABBR":"槟杰科达","ORG_CODE":"10719551","STD_REPORT_DATE":"2023-09-30 00:00:00","REPORT_DATE":"2023-09-30 00:00:00","DATE_TYPE_CODE":"004","REPORT_TYPE":"2023年三季报","PER_NETCASH_OPERATE":0.138157995176,"PER_OI":0.332582720121,"BPS":0.520388690422,"BASIC_EPS":0.069310860737,"DILUTED_EPS":0.069310860737,"OPERATE_INCOME":798198528.289212,"OPERATE_INCOME_YOY":15.4346827752,"GROSS_PROFIT":237666025.464871,"GROSS_PROFIT_YOY":10.471837481106,"HOLDER_PROFIT":165452963.268297,"HOLDER_PROFIT_YOY":12.0421392166,"GROSS_PROFIT_RATIO":29.775302389277,"EPS_TTM":0.094751775649,"OPERATE_INCOME_QOQ":2.595041959329,"NET_PROFIT_RATIO":20.7282972098,"ROE_AVG":13.940798397725,"GROSS_PROFIT_QOQ":2.015293933004,"ROA":10.006264591027,"HOLDER_PROFIT_QOQ":1.663399240644,"ROE_YEARLY":18.587731196966,"ROIC_YEARLY":15.407405933078,"TOTAL_ASSETS":1777780831.11966,"TOTAL_LIABILITIES":528847974.107661,"TAX_EBT":2.292684685984,"OCF_SALES":41.54094209274,"TOTAL_PARENT_EQUITY":1248932857.012,"DEBT_ASSET_RATIO":29.7476474518,"OPERATE_PROFIT":169208573.784007,"PRETAX_PROFIT":169335287.472138,"NETCASH_OPERATE":331579188.421727,"NETCASH_INVEST":-128029678.4831,"NETCASH_FINANCE":-50732802.0518457,"END_CASH":657573814.540014,"DIVI_RATIO":0.191282958824,"DIVIDEND_RATE":2.040816326531,"CURRENT_RATIO":2.498499577778,"COMMON_ACS":5000000000,"CURRENTDEBT_DEBT":98.796498905908,"ISSUED_COMMON_SHARES":2400000000,"HK_COMMON_SHARES":2400000000,"PER_SHARES":2000,"TOTAL_MARKET_CAP":2352000000,"HKSK_MARKET_CAP":2352000000,"PE_TTM":10.262739163723,"PB_TTM":1.370286491614,"REPORT_DATE_SQ":"2022-09-30 00:00:00","REPORT_TYPE_SQ":"2022年三季报","OPERATE_INCOME_SQ":694355357.964127,"DPS_HKD":0.02,"OPERATE_INCOME_QOQ_SQ":3.001920908621,"NET_PROFIT_RATIO_SQ":21.3559329518,"HOLDER_PROFIT_SQ":148286064.694159,"HOLDER_PROFIT_QOQ_SQ":1.588091981675,"ROE_AVG_SQ":14.479211963945,"PE_TTM_SQ":8.486016114807,"PB_TTM_SQ":1.56938595131,"ROA_SQ":10.809859371359,"START_DATE":"2023-01-01 00:00:00","FISCAL_YEAR":"12-31","CURRENCY":"HKD","IS_CNY_CODE":0,"DPS_HKD_LY":0.02,"ORG_TYPE":"一般企业","PREMIUM_INCOME":null,"PREMIUM_INCOME_YOY":null,"NET_INTEREST_INCOME":null,"NET_INTEREST_INCOME_YOY":null,"FEE_COMMISSION_INCOME":null,"FEE_COMMISSION_INCOME_YOY":null,"ACCOUNTS_RECE_TDAYS":2.353023773895,"INVENTORY_TDAYS":2.081948807512,"CURRENT_ASSETS_TDAYS":0.642874488874,"TOTAL_ASSETS_TDAYS":0.482734519374,"PREMIUM_EXPENSE":null,"LOAN_DEPOSIT":null,"LOAN_EQUITY":null,"LOAN_ASSETS":null,"DEPOSIT_EQUITY":null,"DEPOSIT_ASSETS":null,"EQUITY_MULTIPLIER":1.423439876001,"EQUITY_RATIO":0.423439876002},{"SECUCODE":"01665.HK","SECURITY_CODE":"01665","SECURITY_NAME_ABBR":"槟杰科达","ORG_CODE":"10719551","STD_REPORT_DATE":"2023-06-30 00:00:00","REPORT_DATE":"2023-06-30 00:00:00","DATE_TYPE_CODE":"002","REPORT_TYPE":"2023年中报","PER_NETCASH_OPERATE":0.048531289911,"PER_OI":0.221126054157,"BPS":0.503017693807,"BASIC_EPS":0.04684567298,"DILUTED_EPS":0.046690554858,"OPERATE_INCOME":530702529.976577,"OPERATE_INCOME_YOY":15.0655998493,"GROSS_PROFIT":155926287.868212,"GROSS_PROFIT_YOY":11.678593019206,"HOLDER_PROFIT":111484945.786216,"HOLDER_PROFIT_YOY":11.7988364496,"GROSS_PROFIT_RATIO":29.381108824767,"EPS_TTM":0.093201463218,"OPERATE_INCOME_QOQ":4.117341497572,"NET_PROFIT_RATIO":21.007049993,"ROE_AVG":9.488008470045,"GROSS_PROFIT_QOQ":3.231548097625,"ROA":6.81656191893,"HOLDER_PROFIT_QOQ":4.74737405113,"ROE_YEARLY":18.976016940091,"ROIC_YEARLY":20.180221159455,"TOTAL_ASSETS":1717244481.67279,"TOTAL_LIABILITIES":510002016.535592,"TAX_EBT":2.314676380243,"OCF_SALES":21.947341345929,"TOTAL_PARENT_EQUITY":1207242465.1372,"DEBT_ASSET_RATIO":29.6988589556,"OPERATE_PROFIT":112998898.661331,"PRETAX_PROFIT":114126607.411544,"NETCASH_OPERATE":116475095.785441,"NETCASH_INVEST":-69601501.5434253,"NETCASH_FINANCE":-8793646.36170444,"END_CASH":551454232.397971,"DIVI_RATIO":0.194464758108,"DIVIDEND_RATE":2.040816326531,"CURRENT_RATIO":2.563780011682,"COMMON_ACS":5000000000,"CURRENTDEBT_DEBT":98.937597138538,"ISSUED_COMMON_SHARES":2400000000,"HK_COMMON_SHARES":2400000000,"PER_SHARES":2000,"TOTAL_MARKET_CAP":2352000000,"HKSK_MARKET_CAP":2352000000,"PE_TTM":10.262739163723,"PB_TTM":1.370286491614,"REPORT_DATE_SQ":"2022-06-30 00:00:00","REPORT_TYPE_SQ":"2022年中报","OPERATE_INCOME_SQ":453445068.016836,"DPS_HKD":0.02,"OPERATE_INCOME_QOQ_SQ":4.051261020331,"NET_PROFIT_RATIO_SQ":21.6208762566,"HOLDER_PROFIT_SQ":98038797.0475203,"HOLDER_PROFIT_QOQ_SQ":1.754032147133,"ROE_AVG_SQ":9.884580463477,"PE_TTM_SQ":8.486016114807,"PB_TTM_SQ":1.56938595131,"ROA_SQ":7.305297835263,"START_DATE":"2023-01-01 00:00:00","FISCAL_YEAR":"12-31","CURRENCY":"HKD","IS_CNY_CODE":0,"DPS_HKD_LY":0.02,"ORG_TYPE":"一般企业","PREMIUM_INCOME":null,"PREMIUM_INCOME_YOY":null,"NET_INTEREST_INCOME":null,"NET_INTEREST_INCOME_YOY":null,"FEE_COMMISSION_INCOME":null,"FEE_COMMISSION_INCOME_YOY":null,"ACCOUNTS_RECE_TDAYS":1.338395426121,"INVENTORY_TDAYS":1.419668538154,"CURRENT_ASSETS_TDAYS":0.426208228223,"TOTAL_ASSETS_TDAYS":0.324489251047,"PREMIUM_EXPENSE":null,"LOAN_DEPOSIT":null,"LOAN_EQUITY":null,"LOAN_ASSETS":null,"DEPOSIT_EQUITY":null,"DEPOSIT_ASSETS":null,"EQUITY_MULTIPLIER":1.422452018764,"EQUITY_RATIO":0.422452018765},{"SECUCODE":"01665.HK","SECURITY_CODE":"01665","SECURITY_NAME_ABBR":"槟杰科达","ORG_CODE":"10719551","STD_REPORT_DATE":"2023-03-31 00:00:00","REPORT_DATE":"2023-03-31 00:00:00","DATE_TYPE_CODE":"003","REPORT_TYPE":"2023年一季报","PER_NETCASH_OPERATE":-0.005471092299,"PER_OI":0.107180370981,"BPS":0.500919413235,"BASIC_EPS":0.02240826616,"DILUTED_EPS":0.02240826616,"OPERATE_INCOME":257232890.355109,"OPERATE_INCOME_YOY":13.2289882869,"GROSS_PROFIT":73794777.629081,"GROSS_PROFIT_YOY":9.886423397655,"HOLDER_PROFIT":53411036.071084,"HOLDER_PROFIT_YOY":3.4635557967,"GROSS_PROFIT_RATIO":28.68792459907,"EPS_TTM":0.088977374433,"OPERATE_INCOME_QOQ":3.879143715975,"NET_PROFIT_RATIO":20.7636884993,"ROE_AVG":4.548276490368,"GROSS_PROFIT_QOQ":2.269931656241,"ROA":3.39707572184,"HOLDER_PROFIT_QOQ":1.573619268851,"ROE_YEARLY":18.193105961472,"ROIC_YEARLY":19.758793391284,"TOTAL_ASSETS":1585815878.74638,"TOTAL_LIABILITIES":383609286.98142,"TAX_EBT":1.799610894942,"OCF_SALES":-5.104565555374,"TOTAL_PARENT_EQUITY":1202206591.76496,"DEBT_ASSET_RATIO":24.1900268576,"OPERATE_PROFIT":52754349.3822166,"PRETAX_PROFIT":54389841.5860073,"NETCASH_OPERATE":-13130621.51816,"NETCASH_INVEST":-27778469.3909309,"NETCASH_FINANCE":null,"END_CASH":470620273.256357,"DIVI_RATIO":0.203696727573,"DIVIDEND_RATE":2.040816326531,"CURRENT_RATIO":3.173558074331,"COMMON_ACS":5000000000,"CURRENTDEBT_DEBT":98.528284282904,"ISSUED_COMMON_SHARES":2400000000,"HK_COMMON_SHARES":2400000000,"PER_SHARES":2000,"TOTAL_MARKET_CAP":2352000000,"HKSK_MARKET_CAP":2352000000,"PE_TTM":10.262739163723,"PB_TTM":1.370286491614,"REPORT_DATE_SQ":"2022-03-31 00:00:00","REPORT_TYPE_SQ":"2022年一季报","OPERATE_INCOME_SQ":220488733.160152,"DPS_HKD":0.02,"OPERATE_INCOME_QOQ_SQ":4.938146048181,"NET_PROFIT_RATIO_SQ":22.7234742106,"HOLDER_PROFIT_SQ":50102700.4168429,"HOLDER_PROFIT_QOQ_SQ":4.560585919458,"ROE_AVG_SQ":5.109493548059,"PE_TTM_SQ":8.486016114807,"PB_TTM_SQ":1.56938595131,"ROA_SQ":3.914763558264,"START_DATE":"2023-01-01 00:00:00","FISCAL_YEAR":"12-31","CURRENCY":"HKD","IS_CNY_CODE":0,"DPS_HKD_LY":0.02,"ORG_TYPE":"一般企业","PREMIUM_INCOME":null,"PREMIUM_INCOME_YOY":null,"NET_INTEREST_INCOME":null,"NET_INTEREST_INCOME_YOY":null,"FEE_COMMISSION_INCOME":null,"FEE_COMMISSION_INCOME_YOY":null,"ACCOUNTS_RECE_TDAYS":0.699735222965,"INVENTORY_TDAYS":0.655183817297,"CURRENT_ASSETS_TDAYS":0.214359908033,"TOTAL_ASSETS_TDAYS":0.163606563543,"PREMIUM_EXPENSE":null,"LOAN_DEPOSIT":null,"LOAN_EQUITY":null,"LOAN_ASSETS":null,"DEPOSIT_EQUITY":null,"DEPOSIT_ASSETS":null,"EQUITY_MULTIPLIER":1.319087658983,"EQUITY_RATIO":0.319087658984},{"SECUCODE":"01665.HK","SECURITY_CODE":"01665","SECURITY_NAME_ABBR":"槟杰科达","ORG_CODE":"10719551","STD_REPORT_DATE":"2022-12-31 00:00:00","REPORT_DATE":"2022-12-31 00:00:00","DATE_TYPE_CODE":"001","REPORT_TYPE":"2022年年报","PER_NETCASH_OPERATE":0.039394238099,"PER_OI":0.394676418789,"BPS":0.484131771942,"BASIC_EPS":0.088163394054,"DILUTED_EPS":0.088005677786,"OPERATE_INCOME":947223405.094236,"OPERATE_INCOME_YOY":18.2057761875,"GROSS_PROFIT":292487974.134532,"GROSS_PROFIT_YOY":23.67403701237,"HOLDER_PROFIT":210237362.983992,"HOLDER_PROFIT_YOY":14.1823134379,"GROSS_PROFIT_RATIO":30.878457242664,"EPS_TTM":0.087598901243,"OPERATE_INCOME_QOQ":8.580121663893,"NET_PROFIT_RATIO":22.1951191085,"ROE_AVG":19.411033189269,"GROSS_PROFIT_QOQ":7.376794400975,"ROA":14.594406103547,"HOLDER_PROFIT_QOQ":9.137520414914,"ROE_YEARLY":19.411033189269,"ROIC_YEARLY":23.220055846167,"TOTAL_ASSETS":1579782351.54956,"TOTAL_LIABILITIES":417866098.8881,"TAX_EBT":1.08119740572,"OCF_SALES":9.981401528838,"TOTAL_PARENT_EQUITY":1161916252.66146,"DEBT_ASSET_RATIO":26.450865113,"OPERATE_PROFIT":215252740.320164,"PRETAX_PROFIT":212535289.015062,"NETCASH_OPERATE":94546171.4375838,"NETCASH_INVEST":-61887863.7331441,"NETCASH_FINANCE":-68322687.4852141,"END_CASH":518299818.626291,"DIVI_RATIO":0.206902138529,"DIVIDEND_RATE":2.040816326531,"CURRENT_RATIO":2.953749435268,"COMMON_ACS":5000000000,"CURRENTDEBT_DEBT":98.580098736356,"ISSUED_COMMON_SHARES":2400000000,"HK_COMMON_SHARES":2400000000,"PER_SHARES":2000,"TOTAL_MARKET_CAP":2352000000,"HKSK_MARKET_CAP":2352000000,"PE_TTM":10.262739163723,"PB_TTM":1.370286491614,"REPORT_DATE_SQ":"2021-12-31 00:00:00","REPORT_TYPE_SQ":"2021年年报","OPERATE_INCOME_SQ":775668290.001984,"DPS_HKD":0.02,"OPERATE_INCOME_QOQ_SQ":0.823570401262,"NET_PROFIT_RATIO_SQ":22.9772125191,"HOLDER_PROFIT_SQ":178226951.437339,"HOLDER_PROFIT_QOQ_SQ":-5.41468992585,"ROE_AVG_SQ":19.951328220062,"PE_TTM_SQ":8.486016114807,"PB_TTM_SQ":1.56938595131,"ROA_SQ":15.729919237703,"START_DATE":"2022-01-01 00:00:00","FISCAL_YEAR":"12-31","CURRENCY":"HKD","IS_CNY_CODE":0,"DPS_HKD_LY":0.02,"ORG_TYPE":"一般企业","PREMIUM_INCOME":null,"PREMIUM_INCOME_YOY":null,"NET_INTEREST_INCOME":null,"NET_INTEREST_INCOME_YOY":null,"FEE_COMMISSION_INCOME":null,"FEE_COMMISSION_INCOME_YOY":null,"ACCOUNTS_RECE_TDAYS":2.988225460172,"INVENTORY_TDAYS":3.417592821273,"CURRENT_ASSETS_TDAYS":0.875445311908,"TOTAL_ASSETS_TDAYS":0.657550249324,"PREMIUM_EXPENSE":null,"LOAN_DEPOSIT":null,"LOAN_EQUITY":null,"LOAN_ASSETS":null,"DEPOSIT_EQUITY":null,"DEPOSIT_ASSETS":null,"EQUITY_MULTIPLIER":1.359635298955,"EQUITY_RATIO":0.359635298956},{"SECUCODE":"01665.HK","SECURITY_CODE":"01665","SECURITY_NAME_ABBR":"槟杰科达","ORG_CODE":"10719551","STD_REPORT_DATE":"2022-09-30 00:00:00","REPORT_DATE":"2022-09-30 00:00:00","DATE_TYPE_CODE":"004","REPORT_TYPE":"2022年三季报","PER_NETCASH_OPERATE":0.016027901272,"PER_OI":0.289314732485,"BPS":0.446712913281,"BASIC_EPS":0.062241300015,"DILUTED_EPS":0.062241300015,"OPERATE_INCOME":694355357.964127,"OPERATE_INCOME_YOY":17.4319538287,"GROSS_PROFIT":215137206.806684,"GROSS_PROFIT_YOY":20.025931853911,"HOLDER_PROFIT":148286064.694159,"HOLDER_PROFIT_YOY":11.9551378504,"GROSS_PROFIT_RATIO":30.983732513777,"EPS_TTM":0.080264698071,"OPERATE_INCOME_QOQ":3.001920908621,"NET_PROFIT_RATIO":21.3559329518,"ROE_AVG":14.479211963945,"GROSS_PROFIT_QOQ":3.90459949252,"ROA":10.809859371359,"HOLDER_PROFIT_QOQ":1.588091981675,"ROE_YEARLY":19.305615951927,"ROIC_YEARLY":17.195911111111,"TOTAL_ASSETS":1478655526.59819,"TOTAL_LIABILITIES":406544534.723287,"TAX_EBT":0.526537706064,"OCF_SALES":5.539953370072,"TOTAL_PARENT_EQUITY":1072110991.8749,"DEBT_ASSET_RATIO":27.4942018212,"OPERATE_PROFIT":150489038.785835,"PRETAX_PROFIT":149070979.610609,"NETCASH_OPERATE":38466963.0538096,"NETCASH_INVEST":-34384485.6661046,"NETCASH_FINANCE":-61480913.6900199,"END_CASH":482367009.044918,"DIVI_RATIO":0.225807863676,"DIVIDEND_RATE":2.040816326531,"CURRENT_RATIO":2.867918390466,"COMMON_ACS":5000000000,"CURRENTDEBT_DEBT":98.530859123116,"ISSUED_COMMON_SHARES":2400000000,"HK_COMMON_SHARES":2400000000,"PER_SHARES":2000,"TOTAL_MARKET_CAP":2352000000,"HKSK_MARKET_CAP":2352000000,"PE_TTM":10.262739163723,"PB_TTM":1.370286491614,"REPORT_DATE_SQ":"2021-09-30 00:00:00","REPORT_TYPE_SQ":"2021年三季报","OPERATE_INCOME_SQ":597650887.115519,"DPS_HKD":0.02,"OPERATE_INCOME_QOQ_SQ":6.343166608417,"NET_PROFIT_RATIO_SQ":22.4006595902,"HOLDER_PROFIT_SQ":133877740.760827,"HOLDER_PROFIT_QOQ_SQ":2.543680345905,"ROE_AVG_SQ":15.18110120002,"PE_TTM_SQ":8.486016114807,"PB_TTM_SQ":1.56938595131,"ROA_SQ":12.011583661088,"START_DATE":"2022-01-01 00:00:00","FISCAL_YEAR":"12-31","CURRENCY":"HKD","IS_CNY_CODE":0,"DPS_HKD_LY":0.02,"ORG_TYPE":"一般企业","PREMIUM_INCOME":null,"PREMIUM_INCOME_YOY":null,"NET_INTEREST_INCOME":null,"NET_INTEREST_INCOME_YOY":null,"FEE_COMMISSION_INCOME":null,"FEE_COMMISSION_INCOME_YOY":null,"ACCOUNTS_RECE_TDAYS":2.225827139259,"INVENTORY_TDAYS":2.948749634465,"CURRENT_ASSETS_TDAYS":0.671023829577,"TOTAL_ASSETS_TDAYS":0.506175936952,"PREMIUM_EXPENSE":null,"LOAN_DEPOSIT":null,"LOAN_EQUITY":null,"LOAN_ASSETS":null,"DEPOSIT_EQUITY":null,"DEPOSIT_ASSETS":null,"EQUITY_MULTIPLIER":1.37920004347,"EQUITY_RATIO":0.37920004347}],"count":35},"success":true,"message":"ok","code":0}