{"version":"c4f0bd914d15d7987c25866473c8147d","result":{"pages":6,"data":[{"SECUCODE":"01663.HK","SECURITY_CODE":"01663","SECURITY_NAME_ABBR":"汉港控股","ORG_CODE":"10165522","STD_REPORT_DATE":"2024-06-30 00:00:00","REPORT_DATE":"2024-09-30 00:00:00","DATE_TYPE_CODE":"002","REPORT_TYPE":"2024年中报","PER_NETCASH_OPERATE":0.034439529221,"PER_OI":0.183170048701,"BPS":0.713656655844,"BASIC_EPS":0.0102,"DILUTED_EPS":0.0102,"OPERATE_INCOME":451331000,"OPERATE_INCOME_YOY":28.436134944,"GROSS_PROFIT":146460000,"GROSS_PROFIT_YOY":19.50845355441,"HOLDER_PROFIT":25202000,"HOLDER_PROFIT_YOY":24.7809080557,"GROSS_PROFIT_RATIO":32.450684752432,"EPS_TTM":0.021287743506,"OPERATE_INCOME_QOQ":0,"NET_PROFIT_RATIO":5.2843700078,"ROE_AVG":1.443280430613,"GROSS_PROFIT_QOQ":0,"ROA":0.616606060977,"HOLDER_PROFIT_QOQ":0,"ROE_YEARLY":2.886560861226,"ROIC_YEARLY":1.361478588869,"TOTAL_ASSETS":3915398000,"TOTAL_LIABILITIES":1952634000,"TAX_EBT":76.846233751104,"OCF_SALES":18.801943584642,"TOTAL_PARENT_EQUITY":1758450000,"DEBT_ASSET_RATIO":49.8706389491,"OPERATE_PROFIT":112082000,"PRETAX_PROFIT":103007000,"NETCASH_OPERATE":84859000,"NETCASH_INVEST":5130000,"NETCASH_FINANCE":-104470000,"END_CASH":73327000,"DIVI_RATIO":null,"DIVIDEND_RATE":null,"CURRENT_RATIO":1.726667660516,"COMMON_ACS":4500000000,"CURRENTDEBT_DEBT":66.988744434441,"ISSUED_COMMON_SHARES":2464000000,"HK_COMMON_SHARES":2464000000,"PER_SHARES":2000,"TOTAL_MARKET_CAP":229152000,"HKSK_MARKET_CAP":229152000,"PE_TTM":3.591910051797,"PB_TTM":0.117516552691,"REPORT_DATE_SQ":"2023-06-30 00:00:00","REPORT_TYPE_SQ":"2023年中报","OPERATE_INCOME_SQ":351405000,"DPS_HKD":null,"OPERATE_INCOME_QOQ_SQ":0,"NET_PROFIT_RATIO_SQ":5.1228639319,"HOLDER_PROFIT_SQ":20197000,"HOLDER_PROFIT_QOQ_SQ":0,"ROE_AVG_SQ":1.193197292576,"PE_TTM_SQ":9.574523863451,"PB_TTM_SQ":0.184599221203,"ROA_SQ":0.421642051222,"START_DATE":"2024-04-01 00:00:00","FISCAL_YEAR":"3-31","CURRENCY":"HKD","IS_CNY_CODE":0,"DPS_HKD_LY":null,"ORG_TYPE":"一般企业","PREMIUM_INCOME":null,"PREMIUM_INCOME_YOY":null,"NET_INTEREST_INCOME":null,"NET_INTEREST_INCOME_YOY":null,"FEE_COMMISSION_INCOME":null,"FEE_COMMISSION_INCOME_YOY":null,"ACCOUNTS_RECE_TDAYS":null,"INVENTORY_TDAYS":0.180103174849,"CURRENT_ASSETS_TDAYS":0.185903984078,"TOTAL_ASSETS_TDAYS":0.110425136936,"PREMIUM_EXPENSE":null,"LOAN_DEPOSIT":null,"LOAN_EQUITY":null,"LOAN_ASSETS":null,"DEPOSIT_EQUITY":null,"DEPOSIT_ASSETS":null,"EQUITY_MULTIPLIER":1.994838910842,"EQUITY_RATIO":1.110429071057},{"SECUCODE":"01663.HK","SECURITY_CODE":"01663","SECURITY_NAME_ABBR":"汉港控股","ORG_CODE":"10165522","STD_REPORT_DATE":"2023-12-31 00:00:00","REPORT_DATE":"2024-03-31 00:00:00","DATE_TYPE_CODE":"001","REPORT_TYPE":"2023年年报","PER_NETCASH_OPERATE":-0.009269886364,"PER_OI":0.361873782468,"BPS":0.703681818182,"BASIC_EPS":0.0213,"DILUTED_EPS":0.0213,"OPERATE_INCOME":891657000,"OPERATE_INCOME_YOY":260.323688677,"GROSS_PROFIT":296029000,"GROSS_PROFIT_YOY":203.51675843048,"HOLDER_PROFIT":52453000,"HOLDER_PROFIT_YOY":182.1115473565,"GROSS_PROFIT_RATIO":33.199873942559,"EPS_TTM":0.012997970779,"OPERATE_INCOME_QOQ":0,"NET_PROFIT_RATIO":3.5220942582,"ROE_AVG":3.070384165334,"GROSS_PROFIT_QOQ":0,"ROA":1.154807069085,"HOLDER_PROFIT_QOQ":0,"ROE_YEARLY":3.070384165334,"ROIC_YEARLY":1.329384522566,"TOTAL_ASSETS":4259027000,"TOTAL_LIABILITIES":2248689000,"TAX_EBT":78.305321258091,"OCF_SALES":-2.561635247634,"TOTAL_PARENT_EQUITY":1733872000,"DEBT_ASSET_RATIO":52.7981860646,"OPERATE_PROFIT":156220000,"PRETAX_PROFIT":144759000,"NETCASH_OPERATE":-22841000,"NETCASH_INVEST":-9065000,"NETCASH_FINANCE":20284000,"END_CASH":88224000,"DIVI_RATIO":null,"DIVIDEND_RATE":null,"CURRENT_RATIO":1.637370189419,"COMMON_ACS":4500000000,"CURRENTDEBT_DEBT":70.532697051482,"ISSUED_COMMON_SHARES":2464000000,"HK_COMMON_SHARES":2464000000,"PER_SHARES":2000,"TOTAL_MARKET_CAP":256256000,"HKSK_MARKET_CAP":256256000,"PE_TTM":4.016759627816,"PB_TTM":0.131416359999,"REPORT_DATE_SQ":"2022-12-31 00:00:00","REPORT_TYPE_SQ":"2022年年报","OPERATE_INCOME_SQ":247460000,"DPS_HKD":null,"OPERATE_INCOME_QOQ_SQ":0,"NET_PROFIT_RATIO_SQ":4.4366766346,"HOLDER_PROFIT_SQ":18593000,"HOLDER_PROFIT_QOQ_SQ":0,"ROE_AVG_SQ":1.096355838907,"PE_TTM_SQ":16.125661451084,"PB_TTM_SQ":0.184599221203,"ROA_SQ":0.393784336732,"START_DATE":"2023-04-01 00:00:00","FISCAL_YEAR":"3-31","CURRENCY":"HKD","IS_CNY_CODE":0,"DPS_HKD_LY":null,"ORG_TYPE":"一般企业","PREMIUM_INCOME":null,"PREMIUM_INCOME_YOY":null,"NET_INTEREST_INCOME":null,"NET_INTEREST_INCOME_YOY":null,"FEE_COMMISSION_INCOME":null,"FEE_COMMISSION_INCOME_YOY":null,"ACCOUNTS_RECE_TDAYS":null,"INVENTORY_TDAYS":0.318145994692,"CURRENT_ASSETS_TDAYS":0.305732477525,"TOTAL_ASSETS_TDAYS":0.196307514689,"PREMIUM_EXPENSE":null,"LOAN_DEPOSIT":null,"LOAN_EQUITY":null,"LOAN_ASSETS":null,"DEPOSIT_EQUITY":null,"DEPOSIT_ASSETS":null,"EQUITY_MULTIPLIER":2.118562649666,"EQUITY_RATIO":1.296917534858},{"SECUCODE":"01663.HK","SECURITY_CODE":"01663","SECURITY_NAME_ABBR":"汉港控股","ORG_CODE":"10165522","STD_REPORT_DATE":"2023-06-30 00:00:00","REPORT_DATE":"2023-09-30 00:00:00","DATE_TYPE_CODE":"002","REPORT_TYPE":"2023年中报","PER_NETCASH_OPERATE":-0.016414772727,"PER_OI":0.142615665584,"BPS":0.690959415584,"BASIC_EPS":0.0082,"DILUTED_EPS":0.0082,"OPERATE_INCOME":351405000,"OPERATE_INCOME_YOY":176.7164602216,"GROSS_PROFIT":122552000,"GROSS_PROFIT_YOY":149.40372013513,"HOLDER_PROFIT":20197000,"HOLDER_PROFIT_YOY":198.639656957,"GROSS_PROFIT_RATIO":34.874859492608,"EPS_TTM":0.00754586039,"OPERATE_INCOME_QOQ":0,"NET_PROFIT_RATIO":5.1228639319,"ROE_AVG":1.193197292576,"GROSS_PROFIT_QOQ":0,"ROA":0.421642051222,"HOLDER_PROFIT_QOQ":0,"ROE_YEARLY":2.386394585152,"ROIC_YEARLY":0.974088296375,"TOTAL_ASSETS":4754903000,"TOTAL_LIABILITIES":2757060000,"TAX_EBT":78.400105587752,"OCF_SALES":-11.509796388782,"TOTAL_PARENT_EQUITY":1702524000,"DEBT_ASSET_RATIO":57.9835172242,"OPERATE_PROFIT":84798000,"PRETAX_PROFIT":83343000,"NETCASH_OPERATE":-40446000,"NETCASH_INVEST":-7719000,"NETCASH_FINANCE":12301000,"END_CASH":63232000,"DIVI_RATIO":null,"DIVIDEND_RATE":null,"CURRENT_RATIO":1.446478497351,"COMMON_ACS":4500000000,"CURRENTDEBT_DEBT":79.368675328067,"ISSUED_COMMON_SHARES":2464000000,"HK_COMMON_SHARES":2464000000,"PER_SHARES":2000,"TOTAL_MARKET_CAP":256256000,"HKSK_MARKET_CAP":256256000,"PE_TTM":4.016759627816,"PB_TTM":0.131416359999,"REPORT_DATE_SQ":"2022-06-30 00:00:00","REPORT_TYPE_SQ":"2022年中报","OPERATE_INCOME_SQ":126991000,"DPS_HKD":null,"OPERATE_INCOME_QOQ_SQ":0,"NET_PROFIT_RATIO_SQ":3.6553771527,"HOLDER_PROFIT_SQ":6763000,"HOLDER_PROFIT_QOQ_SQ":0,"ROE_AVG_SQ":0.400004258511,"PE_TTM_SQ":16.125661451084,"PB_TTM_SQ":0.184599221203,"ROA_SQ":0.141977345765,"START_DATE":"2023-04-01 00:00:00","FISCAL_YEAR":"3-31","CURRENCY":"HKD","IS_CNY_CODE":0,"DPS_HKD_LY":null,"ORG_TYPE":"一般企业","PREMIUM_INCOME":null,"PREMIUM_INCOME_YOY":null,"NET_INTEREST_INCOME":null,"NET_INTEREST_INCOME_YOY":null,"FEE_COMMISSION_INCOME":null,"FEE_COMMISSION_INCOME_YOY":null,"ACCOUNTS_RECE_TDAYS":null,"INVENTORY_TDAYS":0.11308790672,"CURRENT_ASSETS_TDAYS":0.109793493375,"TOTAL_ASSETS_TDAYS":0.073360957078,"PREMIUM_EXPENSE":null,"LOAN_DEPOSIT":null,"LOAN_EQUITY":null,"LOAN_ASSETS":null,"DEPOSIT_EQUITY":null,"DEPOSIT_ASSETS":null,"EQUITY_MULTIPLIER":2.380018349789,"EQUITY_RATIO":1.619395673717},{"SECUCODE":"01663.HK","SECURITY_CODE":"01663","SECURITY_NAME_ABBR":"汉港控股","ORG_CODE":"10165522","STD_REPORT_DATE":"2022-12-31 00:00:00","REPORT_DATE":"2023-03-31 00:00:00","DATE_TYPE_CODE":"001","REPORT_TYPE":"2022年年报","PER_NETCASH_OPERATE":0.049968344156,"PER_OI":0.100430194805,"BPS":0.682968344156,"BASIC_EPS":0.0075,"DILUTED_EPS":0.0075,"OPERATE_INCOME":247460000,"OPERATE_INCOME_YOY":-85.7686160776,"GROSS_PROFIT":97533000,"GROSS_PROFIT_YOY":-80.600330975662,"HOLDER_PROFIT":18593000,"HOLDER_PROFIT_YOY":-92.8245323577,"GROSS_PROFIT_RATIO":39.413642608907,"EPS_TTM":0.046181818182,"OPERATE_INCOME_QOQ":0,"NET_PROFIT_RATIO":4.4366766346,"ROE_AVG":1.096355838907,"GROSS_PROFIT_QOQ":0,"ROA":0.393784336732,"HOLDER_PROFIT_QOQ":0,"ROE_YEARLY":1.096355838907,"ROIC_YEARLY":0.458276176158,"TOTAL_ASSETS":4825261000,"TOTAL_LIABILITIES":2844913000,"TAX_EBT":67.03003003003,"OCF_SALES":49.754303725855,"TOTAL_PARENT_EQUITY":1682834000,"DEBT_ASSET_RATIO":58.9587381905,"OPERATE_PROFIT":34062000,"PRETAX_PROFIT":33300000,"NETCASH_OPERATE":123122000,"NETCASH_INVEST":-32558000,"NETCASH_FINANCE":-87197000,"END_CASH":99603000,"DIVI_RATIO":null,"DIVIDEND_RATE":null,"CURRENT_RATIO":1.403619098513,"COMMON_ACS":4500000000,"CURRENTDEBT_DEBT":81.03713540625,"ISSUED_COMMON_SHARES":2464000000,"HK_COMMON_SHARES":2464000000,"PER_SHARES":2000,"TOTAL_MARKET_CAP":261184000,"HKSK_MARKET_CAP":261184000,"PE_TTM":4.094005005274,"PB_TTM":0.133943597691,"REPORT_DATE_SQ":"2021-12-31 00:00:00","REPORT_TYPE_SQ":"2021年年报","OPERATE_INCOME_SQ":1738833000,"DPS_HKD":null,"OPERATE_INCOME_QOQ_SQ":0,"NET_PROFIT_RATIO_SQ":18.1944442048,"HOLDER_PROFIT_SQ":259119000,"HOLDER_PROFIT_QOQ_SQ":0,"ROE_AVG_SQ":16.628963849576,"PE_TTM_SQ":16.705721215511,"PB_TTM_SQ":0.191239480959,"ROA_SQ":5.29460281284,"START_DATE":"2022-04-01 00:00:00","FISCAL_YEAR":"3-31","CURRENCY":"HKD","IS_CNY_CODE":0,"DPS_HKD_LY":0.01,"ORG_TYPE":"一般企业","PREMIUM_INCOME":null,"PREMIUM_INCOME_YOY":null,"NET_INTEREST_INCOME":null,"NET_INTEREST_INCOME_YOY":null,"FEE_COMMISSION_INCOME":null,"FEE_COMMISSION_INCOME_YOY":null,"ACCOUNTS_RECE_TDAYS":null,"INVENTORY_TDAYS":0.074797244425,"CURRENT_ASSETS_TDAYS":0.078193096756,"TOTAL_ASSETS_TDAYS":0.052409977931,"PREMIUM_EXPENSE":null,"LOAN_DEPOSIT":null,"LOAN_EQUITY":null,"LOAN_ASSETS":null,"DEPOSIT_EQUITY":null,"DEPOSIT_ASSETS":null,"EQUITY_MULTIPLIER":2.436572259015,"EQUITY_RATIO":1.690548800416},{"SECUCODE":"01663.HK","SECURITY_CODE":"01663","SECURITY_NAME_ABBR":"汉港控股","ORG_CODE":"10165522","STD_REPORT_DATE":"2022-06-30 00:00:00","REPORT_DATE":"2022-09-30 00:00:00","DATE_TYPE_CODE":"002","REPORT_TYPE":"2022年中报","PER_NETCASH_OPERATE":0.05719724026,"PER_OI":0.051538555195,"BPS":0.678780844156,"BASIC_EPS":0.0027,"DILUTED_EPS":0.0027,"OPERATE_INCOME":126991000,"OPERATE_INCOME_YOY":-79.1274319498,"GROSS_PROFIT":49138000,"GROSS_PROFIT_YOY":-75.225495485049,"HOLDER_PROFIT":6763000,"HOLDER_PROFIT_YOY":-95.5532908146,"GROSS_PROFIT_RATIO":38.694080682883,"EPS_TTM":0.105161931818,"OPERATE_INCOME_QOQ":0,"NET_PROFIT_RATIO":3.6553771527,"ROE_AVG":0.400004258511,"GROSS_PROFIT_QOQ":0,"ROA":0.141977345765,"HOLDER_PROFIT_QOQ":0,"ROE_YEARLY":0.800008517021,"ROIC_YEARLY":0.327487775803,"TOTAL_ASSETS":4908893000,"TOTAL_LIABILITIES":2933370000,"TAX_EBT":58.419921175206,"OCF_SALES":110.979518233576,"TOTAL_PARENT_EQUITY":1672516000,"DEBT_ASSET_RATIO":59.7562423952,"OPERATE_PROFIT":12959000,"PRETAX_PROFIT":11164000,"NETCASH_OPERATE":140934000,"NETCASH_INVEST":-19452000,"NETCASH_FINANCE":-79457000,"END_CASH":135273000,"DIVI_RATIO":null,"DIVIDEND_RATE":null,"CURRENT_RATIO":1.368805419669,"COMMON_ACS":4500000000,"CURRENTDEBT_DEBT":84.45395568919,"ISSUED_COMMON_SHARES":2464000000,"HK_COMMON_SHARES":2464000000,"PER_SHARES":2000,"TOTAL_MARKET_CAP":261184000,"HKSK_MARKET_CAP":261184000,"PE_TTM":4.094005005274,"PB_TTM":0.133943597691,"REPORT_DATE_SQ":"2021-06-30 00:00:00","REPORT_TYPE_SQ":"2021年中报","OPERATE_INCOME_SQ":608411000,"DPS_HKD":null,"OPERATE_INCOME_QOQ_SQ":0,"NET_PROFIT_RATIO_SQ":36.4773154989,"HOLDER_PROFIT_SQ":152090000,"HOLDER_PROFIT_QOQ_SQ":0,"ROE_AVG_SQ":10.321031655281,"PE_TTM_SQ":16.705721215511,"PB_TTM_SQ":0.191239480959,"ROA_SQ":2.894859259857,"START_DATE":"2022-04-01 00:00:00","FISCAL_YEAR":"3-31","CURRENCY":"HKD","IS_CNY_CODE":0,"DPS_HKD_LY":0.01,"ORG_TYPE":"一般企业","PREMIUM_INCOME":null,"PREMIUM_INCOME_YOY":null,"NET_INTEREST_INCOME":null,"NET_INTEREST_INCOME_YOY":null,"FEE_COMMISSION_INCOME":null,"FEE_COMMISSION_INCOME_YOY":null,"ACCOUNTS_RECE_TDAYS":null,"INVENTORY_TDAYS":0.036966806417,"CURRENT_ASSETS_TDAYS":0.039167486955,"TOTAL_ASSETS_TDAYS":0.026659537359,"PREMIUM_EXPENSE":null,"LOAN_DEPOSIT":null,"LOAN_EQUITY":null,"LOAN_ASSETS":null,"DEPOSIT_EQUITY":null,"DEPOSIT_ASSETS":null,"EQUITY_MULTIPLIER":2.484857427629,"EQUITY_RATIO":1.753866629676},{"SECUCODE":"01663.HK","SECURITY_CODE":"01663","SECURITY_NAME_ABBR":"汉港控股","ORG_CODE":"10165522","STD_REPORT_DATE":"2021-12-31 00:00:00","REPORT_DATE":"2022-03-31 00:00:00","DATE_TYPE_CODE":"001","REPORT_TYPE":"2021年年报","PER_NETCASH_OPERATE":0.086173701299,"PER_OI":0.705695211039,"BPS":0.693566558442,"BASIC_EPS":0.1052,"DILUTED_EPS":0.1052,"OPERATE_INCOME":1738833000,"OPERATE_INCOME_YOY":307.3314998922,"GROSS_PROFIT":502756000,"GROSS_PROFIT_YOY":196.742511435739,"HOLDER_PROFIT":259119000,"HOLDER_PROFIT_YOY":350.2971639094,"GROSS_PROFIT_RATIO":28.913414916786,"EPS_TTM":0.069517857143,"OPERATE_INCOME_QOQ":0,"NET_PROFIT_RATIO":18.1944442048,"ROE_AVG":16.628963849576,"GROSS_PROFIT_QOQ":0,"ROA":5.29460281284,"HOLDER_PROFIT_QOQ":0,"ROE_YEARLY":16.628963849576,"ROIC_YEARLY":5.996079809352,"TOTAL_ASSETS":4617979000,"TOTAL_LIABILITIES":2603903000,"TAX_EBT":47.890731803732,"OCF_SALES":12.211178416789,"TOTAL_PARENT_EQUITY":1708948000,"DEBT_ASSET_RATIO":56.386202709,"OPERATE_PROFIT":611819000,"PRETAX_PROFIT":607130000,"NETCASH_OPERATE":212332000,"NETCASH_INVEST":-43128000,"NETCASH_FINANCE":-169235000,"END_CASH":94195000,"DIVI_RATIO":null,"DIVIDEND_RATE":null,"CURRENT_RATIO":1.441442176059,"COMMON_ACS":4500000000,"CURRENTDEBT_DEBT":82.419275986855,"ISSUED_COMMON_SHARES":2464000000,"HK_COMMON_SHARES":2464000000,"PER_SHARES":2000,"TOTAL_MARKET_CAP":261184000,"HKSK_MARKET_CAP":261184000,"PE_TTM":4.094005005274,"PB_TTM":0.133943597691,"REPORT_DATE_SQ":"2020-12-31 00:00:00","REPORT_TYPE_SQ":"2020年年报","OPERATE_INCOME_SQ":426884000,"DPS_HKD":null,"OPERATE_INCOME_QOQ_SQ":0,"NET_PROFIT_RATIO_SQ":11.9198658183,"HOLDER_PROFIT_SQ":57544000,"HOLDER_PROFIT_QOQ_SQ":0,"ROE_AVG_SQ":4.144740348699,"PE_TTM_SQ":16.705721215511,"PB_TTM_SQ":0.191239480959,"ROA_SQ":1.215872134809,"START_DATE":"2021-04-01 00:00:00","FISCAL_YEAR":"3-31","CURRENCY":"HKD","IS_CNY_CODE":0,"DPS_HKD_LY":0.01,"ORG_TYPE":"一般企业","PREMIUM_INCOME":null,"PREMIUM_INCOME_YOY":null,"NET_INTEREST_INCOME":null,"NET_INTEREST_INCOME_YOY":null,"FEE_COMMISSION_INCOME":null,"FEE_COMMISSION_INCOME_YOY":null,"ACCOUNTS_RECE_TDAYS":null,"INVENTORY_TDAYS":0.549718275816,"CURRENT_ASSETS_TDAYS":0.496109064318,"TOTAL_ASSETS_TDAYS":0.355297376605,"PREMIUM_EXPENSE":null,"LOAN_DEPOSIT":null,"LOAN_EQUITY":null,"LOAN_ASSETS":null,"DEPOSIT_EQUITY":null,"DEPOSIT_ASSETS":null,"EQUITY_MULTIPLIER":2.292852404774,"EQUITY_RATIO":1.523687672182},{"SECUCODE":"01663.HK","SECURITY_CODE":"01663","SECURITY_NAME_ABBR":"汉港控股","ORG_CODE":"10165522","STD_REPORT_DATE":"2021-06-30 00:00:00","REPORT_DATE":"2021-09-30 00:00:00","DATE_TYPE_CODE":"002","REPORT_TYPE":"2021年中报","PER_NETCASH_OPERATE":0.08141599026,"PER_OI":0.246920048701,"BPS":0.62486038961,"BASIC_EPS":0.0617,"DILUTED_EPS":0.0617,"OPERATE_INCOME":608411000,"OPERATE_INCOME_YOY":93.8441882842,"GROSS_PROFIT":198341000,"GROSS_PROFIT_YOY":63.674698795181,"HOLDER_PROFIT":152090000,"HOLDER_PROFIT_YOY":296.6668405404,"GROSS_PROFIT_RATIO":32.599837938499,"EPS_TTM":0.023353896104,"OPERATE_INCOME_QOQ":0,"NET_PROFIT_RATIO":36.4773154989,"ROE_AVG":10.321031655281,"GROSS_PROFIT_QOQ":0,"ROA":2.894859259857,"HOLDER_PROFIT_QOQ":0,"ROE_YEARLY":20.642063310561,"ROIC_YEARLY":6.518131915993,"TOTAL_ASSETS":5337528000,"TOTAL_LIABILITIES":3476205000,"TAX_EBT":36.964388168396,"OCF_SALES":32.972612263749,"TOTAL_PARENT_EQUITY":1539656000,"DEBT_ASSET_RATIO":65.1276208762,"OPERATE_PROFIT":353997000,"PRETAX_PROFIT":352074000,"NETCASH_OPERATE":200609000,"NETCASH_INVEST":-29854000,"NETCASH_FINANCE":-200067000,"END_CASH":63434000,"DIVI_RATIO":null,"DIVIDEND_RATE":null,"CURRENT_RATIO":1.320366508348,"COMMON_ACS":4500000000,"CURRENTDEBT_DEBT":88.501454891182,"ISSUED_COMMON_SHARES":2464000000,"HK_COMMON_SHARES":2464000000,"PER_SHARES":2000,"TOTAL_MARKET_CAP":261184000,"HKSK_MARKET_CAP":261184000,"PE_TTM":4.094005005274,"PB_TTM":0.133943597691,"REPORT_DATE_SQ":"2020-06-30 00:00:00","REPORT_TYPE_SQ":"2020年中报","OPERATE_INCOME_SQ":313866000,"DPS_HKD":null,"OPERATE_INCOME_QOQ_SQ":0,"NET_PROFIT_RATIO_SQ":12.1148072535,"HOLDER_PROFIT_SQ":38342000,"HOLDER_PROFIT_QOQ_SQ":0,"ROE_AVG_SQ":2.782117302866,"PE_TTM_SQ":16.705721215511,"PB_TTM_SQ":0.191239480959,"ROA_SQ":0.875286910315,"START_DATE":"2021-04-01 00:00:00","FISCAL_YEAR":"3-31","CURRENCY":"HKD","IS_CNY_CODE":0,"DPS_HKD_LY":0.01,"ORG_TYPE":"一般企业","PREMIUM_INCOME":null,"PREMIUM_INCOME_YOY":null,"NET_INTEREST_INCOME":null,"NET_INTEREST_INCOME_YOY":null,"FEE_COMMISSION_INCOME":null,"FEE_COMMISSION_INCOME_YOY":null,"ACCOUNTS_RECE_TDAYS":null,"INVENTORY_TDAYS":0.149939559077,"CURRENT_ASSETS_TDAYS":0.15251312469,"TOTAL_ASSETS_TDAYS":0.115804077661,"PREMIUM_EXPENSE":null,"LOAN_DEPOSIT":null,"LOAN_EQUITY":null,"LOAN_ASSETS":null,"DEPOSIT_EQUITY":null,"DEPOSIT_ASSETS":null,"EQUITY_MULTIPLIER":2.867599014251,"EQUITY_RATIO":2.257780309368},{"SECUCODE":"01663.HK","SECURITY_CODE":"01663","SECURITY_NAME_ABBR":"汉港控股","ORG_CODE":"10165522","STD_REPORT_DATE":"2020-12-31 00:00:00","REPORT_DATE":"2021-03-31 00:00:00","DATE_TYPE_CODE":"001","REPORT_TYPE":"2020年年报","PER_NETCASH_OPERATE":-0.129340503247,"PER_OI":0.173248376623,"BPS":0.571237824675,"BASIC_EPS":0.0234,"DILUTED_EPS":0.0234,"OPERATE_INCOME":426884000,"OPERATE_INCOME_YOY":-4.8026403818,"GROSS_PROFIT":169425000,"GROSS_PROFIT_YOY":-12.204563238106,"HOLDER_PROFIT":57544000,"HOLDER_PROFIT_YOY":1.0288282594,"GROSS_PROFIT_RATIO":39.688767908846,"EPS_TTM":0.026688717532,"OPERATE_INCOME_QOQ":0,"NET_PROFIT_RATIO":11.9198658183,"ROE_AVG":4.144740348699,"GROSS_PROFIT_QOQ":0,"ROA":1.215872134809,"HOLDER_PROFIT_QOQ":0,"ROE_YEARLY":4.144740348699,"ROIC_YEARLY":1.386636156687,"TOTAL_ASSETS":5170064000,"TOTAL_LIABILITIES":3513649000,"TAX_EBT":56.639852750699,"OCF_SALES":-74.65611266761,"TOTAL_PARENT_EQUITY":1407530000,"DEBT_ASSET_RATIO":67.9614217542,"OPERATE_PROFIT":121360000,"PRETAX_PROFIT":117352000,"NETCASH_OPERATE":-318695000,"NETCASH_INVEST":170249000,"NETCASH_FINANCE":23645000,"END_CASH":92212000,"DIVI_RATIO":null,"DIVIDEND_RATE":null,"CURRENT_RATIO":1.282952590358,"COMMON_ACS":4500000000,"CURRENTDEBT_DEBT":86.879139037508,"ISSUED_COMMON_SHARES":2464000000,"HK_COMMON_SHARES":2464000000,"PER_SHARES":2000,"TOTAL_MARKET_CAP":261184000,"HKSK_MARKET_CAP":261184000,"PE_TTM":4.094005005274,"PB_TTM":0.133943597691,"REPORT_DATE_SQ":"2019-12-31 00:00:00","REPORT_TYPE_SQ":"2019年年报","OPERATE_INCOME_SQ":448420000,"DPS_HKD":null,"OPERATE_INCOME_QOQ_SQ":0,"NET_PROFIT_RATIO_SQ":13.4326781315,"HOLDER_PROFIT_SQ":56958000,"HOLDER_PROFIT_QOQ_SQ":0,"ROE_AVG_SQ":4.188542507368,"PE_TTM_SQ":16.705721215511,"PB_TTM_SQ":0.191239480959,"ROA_SQ":1.402649539425,"START_DATE":"2020-04-01 00:00:00","FISCAL_YEAR":"3-31","CURRENCY":"HKD","IS_CNY_CODE":0,"DPS_HKD_LY":0.01,"ORG_TYPE":"一般企业","PREMIUM_INCOME":null,"PREMIUM_INCOME_YOY":null,"NET_INTEREST_INCOME":null,"NET_INTEREST_INCOME_YOY":null,"FEE_COMMISSION_INCOME":null,"FEE_COMMISSION_INCOME_YOY":null,"ACCOUNTS_RECE_TDAYS":null,"INVENTORY_TDAYS":0.103618324408,"CURRENT_ASSETS_TDAYS":0.117523624676,"TOTAL_ASSETS_TDAYS":0.090198171903,"PREMIUM_EXPENSE":null,"LOAN_DEPOSIT":null,"LOAN_EQUITY":null,"LOAN_ASSETS":null,"DEPOSIT_EQUITY":null,"DEPOSIT_ASSETS":null,"EQUITY_MULTIPLIER":3.121237129588,"EQUITY_RATIO":2.496322636107},{"SECUCODE":"01663.HK","SECURITY_CODE":"01663","SECURITY_NAME_ABBR":"汉港控股","ORG_CODE":"10165522","STD_REPORT_DATE":"2020-06-30 00:00:00","REPORT_DATE":"2020-09-30 00:00:00","DATE_TYPE_CODE":"002","REPORT_TYPE":"2020年中报","PER_NETCASH_OPERATE":0.017318993506,"PER_OI":0.127380681818,"BPS":0.562956168831,"BASIC_EPS":0.0156,"DILUTED_EPS":0.0156,"OPERATE_INCOME":313866000,"OPERATE_INCOME_YOY":26.7708863457,"GROSS_PROFIT":121180000,"GROSS_PROFIT_YOY":47.861631383076,"HOLDER_PROFIT":38342000,"HOLDER_PROFIT_YOY":29.8012796642,"GROSS_PROFIT_RATIO":34.653536687883,"EPS_TTM":0.023116071429,"OPERATE_INCOME_QOQ":0,"NET_PROFIT_RATIO":12.1148072535,"ROE_AVG":2.782117302866,"GROSS_PROFIT_QOQ":0,"ROA":0.875286910315,"HOLDER_PROFIT_QOQ":0,"ROE_YEARLY":5.564234605731,"ROIC_YEARLY":2.039587965144,"TOTAL_ASSETS":4465608000,"TOTAL_LIABILITIES":2827933000,"TAX_EBT":57.521655437921,"OCF_SALES":14.642213796771,"TOTAL_PARENT_EQUITY":1387124000,"DEBT_ASSET_RATIO":63.3269422663,"OPERATE_PROFIT":84889000,"PRETAX_PROFIT":83120000,"NETCASH_OPERATE":42674000,"NETCASH_INVEST":190481000,"NETCASH_FINANCE":-230816000,"END_CASH":373496000,"DIVI_RATIO":null,"DIVIDEND_RATE":null,"CURRENT_RATIO":1.403584306958,"COMMON_ACS":4500000000,"CURRENTDEBT_DEBT":88.561963808902,"ISSUED_COMMON_SHARES":2464000000,"HK_COMMON_SHARES":2464000000,"PER_SHARES":2000,"TOTAL_MARKET_CAP":261184000,"HKSK_MARKET_CAP":261184000,"PE_TTM":4.094005005274,"PB_TTM":0.133943597691,"REPORT_DATE_SQ":"2019-06-30 00:00:00","REPORT_TYPE_SQ":"2019年中报","OPERATE_INCOME_SQ":229899000,"DPS_HKD":null,"OPERATE_INCOME_QOQ_SQ":0,"NET_PROFIT_RATIO_SQ":13.0070161245,"HOLDER_PROFIT_SQ":29539000,"HOLDER_PROFIT_QOQ_SQ":0,"ROE_AVG_SQ":2.172808884544,"PE_TTM_SQ":16.705721215511,"PB_TTM_SQ":0.191239480959,"ROA_SQ":0.74982082001,"START_DATE":"2020-04-01 00:00:00","FISCAL_YEAR":"3-31","CURRENCY":"HKD","IS_CNY_CODE":0,"DPS_HKD_LY":0.01,"ORG_TYPE":"一般企业","PREMIUM_INCOME":null,"PREMIUM_INCOME_YOY":null,"NET_INTEREST_INCOME":null,"NET_INTEREST_INCOME_YOY":null,"FEE_COMMISSION_INCOME":null,"FEE_COMMISSION_INCOME_YOY":null,"ACCOUNTS_RECE_TDAYS":null,"INVENTORY_TDAYS":0.075225173094,"CURRENT_ASSETS_TDAYS":0.084925909651,"TOTAL_ASSETS_TDAYS":0.066532260596,"PREMIUM_EXPENSE":null,"LOAN_DEPOSIT":null,"LOAN_EQUITY":null,"LOAN_ASSETS":null,"DEPOSIT_EQUITY":null,"DEPOSIT_ASSETS":null,"EQUITY_MULTIPLIER":2.726797441494,"EQUITY_RATIO":2.038702379888}],"count":47},"success":true,"message":"ok","code":0}