{"version":"99c70af9c9f089cd6a12146a45335ea8","result":{"pages":3,"data":[{"SECUCODE":"01661.HK","SECURITY_CODE":"01661","SECURITY_NAME_ABBR":"中国前沿科技集团","ORG_CODE":"10312569","STD_REPORT_DATE":"2024-06-30 00:00:00","REPORT_DATE":"2024-06-30 00:00:00","DATE_TYPE_CODE":"002","REPORT_TYPE":"2024年中报","PER_NETCASH_OPERATE":0.024539371142,"PER_OI":0.011748124746,"BPS":2.214570911778,"BASIC_EPS":0.008,"DILUTED_EPS":0.008,"OPERATE_INCOME":22356000,"OPERATE_INCOME_YOY":769.544924154,"GROSS_PROFIT":7496000,"GROSS_PROFIT_YOY":3016.73151750973,"HOLDER_PROFIT":14126000,"HOLDER_PROFIT_YOY":321.5843137255,"GROSS_PROFIT_RATIO":33.530148505994,"EPS_TTM":-0.03503890292,"OPERATE_INCOME_QOQ":61.362156126911,"NET_PROFIT_RATIO":63.2268742172,"ROE_AVG":3.573072700875,"GROSS_PROFIT_QOQ":922.976190476191,"ROA":3.218801482936,"HOLDER_PROFIT_QOQ":23.516254100805,"ROE_YEARLY":7.146145401749,"ROIC_YEARLY":12.868959988339,"TOTAL_ASSETS":465360000,"TOTAL_LIABILITIES":44604000,"TAX_EBT":4.435129470624,"OCF_SALES":208.879048130256,"TOTAL_PARENT_EQUITY":421420000,"DEBT_ASSET_RATIO":9.5848375451,"OPERATE_PROFIT":15442000,"PRETAX_PROFIT":14791000,"NETCASH_OPERATE":46697000,"NETCASH_INVEST":7223000,"NETCASH_FINANCE":38591000,"END_CASH":266251000,"DIVI_RATIO":null,"DIVIDEND_RATE":null,"CURRENT_RATIO":9.829716284918,"COMMON_ACS":2000000000,"CURRENTDEBT_DEBT":82.024033718949,"ISSUED_COMMON_SHARES":190294200,"HK_COMMON_SHARES":190294200,"PER_SHARES":6000,"TOTAL_MARKET_CAP":171264780,"HKSK_MARKET_CAP":171264780,"PE_TTM":-2.32042085953,"PB_TTM":0.370912484957,"REPORT_DATE_SQ":"2023-06-30 00:00:00","REPORT_TYPE_SQ":"2023年中报","OPERATE_INCOME_SQ":2571000,"DPS_HKD":null,"OPERATE_INCOME_QOQ_SQ":33.641479099678,"NET_PROFIT_RATIO_SQ":-247.9579929988,"HOLDER_PROFIT_SQ":-6375000,"HOLDER_PROFIT_QOQ_SQ":34.061129585713,"ROE_AVG_SQ":-1.37303319725,"PE_TTM_SQ":-3.724101426111,"PB_TTM_SQ":0.396128104057,"ROA_SQ":-1.2777305101,"START_DATE":"2024-01-01 00:00:00","FISCAL_YEAR":"12-31","CURRENCY":"HKD","IS_CNY_CODE":0,"DPS_HKD_LY":null,"ORG_TYPE":"一般企业","PREMIUM_INCOME":null,"PREMIUM_INCOME_YOY":null,"NET_INTEREST_INCOME":null,"NET_INTEREST_INCOME_YOY":null,"FEE_COMMISSION_INCOME":null,"FEE_COMMISSION_INCOME_YOY":null,"ACCOUNTS_RECE_TDAYS":2.949729515767,"INVENTORY_TDAYS":14.904714142427,"CURRENT_ASSETS_TDAYS":0.072546375845,"TOTAL_ASSETS_TDAYS":0.050941190679,"PREMIUM_EXPENSE":null,"LOAN_DEPOSIT":null,"LOAN_EQUITY":null,"LOAN_ASSETS":null,"DEPOSIT_EQUITY":null,"DEPOSIT_ASSETS":null,"EQUITY_MULTIPLIER":1.106009183469,"EQUITY_RATIO":0.105842152722},{"SECUCODE":"01661.HK","SECURITY_CODE":"01661","SECURITY_NAME_ABBR":"中国前沿科技集团","ORG_CODE":"10312569","STD_REPORT_DATE":"2023-12-31 00:00:00","REPORT_DATE":"2023-12-31 00:00:00","DATE_TYPE_CODE":"001","REPORT_TYPE":"2023年年报","PER_NETCASH_OPERATE":-0.0251390195,"PER_OI":0.020241163834,"BPS":1.940532081377,"BASIC_EPS":-0.05,"DILUTED_EPS":-0.05,"OPERATE_INCOME":32243000,"OPERATE_INCOME_YOY":547.9702572347,"GROSS_PROFIT":-840000,"GROSS_PROFIT_YOY":-124,"HOLDER_PROFIT":-87178000,"HOLDER_PROFIT_YOY":-15.4996754064,"GROSS_PROFIT_RATIO":-2.605216636169,"EPS_TTM":-0.054727667423,"OPERATE_INCOME_QOQ":384.857142857143,"NET_PROFIT_RATIO":-270.3563564184,"ROE_AVG":-20.988464265465,"GROSS_PROFIT_QOQ":-128.150134048257,"ROA":-19.128196745411,"HOLDER_PROFIT_QOQ":-75.161744022504,"ROE_YEARLY":-20.988464265465,"ROIC_YEARLY":-30.767058939786,"TOTAL_ASSETS":412358000,"TOTAL_LIABILITIES":43759000,"TAX_EBT":-7.391802491037,"OCF_SALES":-124.197500232609,"TOTAL_PARENT_EQUITY":369272000,"DEBT_ASSET_RATIO":10.6118954889,"OPERATE_PROFIT":-79978000,"PRETAX_PROFIT":-81171000,"NETCASH_OPERATE":-40045000,"NETCASH_INVEST":-55893000,"NETCASH_FINANCE":6372000,"END_CASH":89196000,"DIVI_RATIO":null,"DIVIDEND_RATE":null,"CURRENT_RATIO":6.909822606261,"COMMON_ACS":2000000000,"CURRENTDEBT_DEBT":84.89453598117,"ISSUED_COMMON_SHARES":190294200,"HK_COMMON_SHARES":190294200,"PER_SHARES":6000,"TOTAL_MARKET_CAP":215032446,"HKSK_MARKET_CAP":215032446,"PE_TTM":-2.91341730141,"PB_TTM":0.465701231112,"REPORT_DATE_SQ":"2022-12-31 00:00:00","REPORT_TYPE_SQ":"2022年年报","OPERATE_INCOME_SQ":4976000,"DPS_HKD":null,"OPERATE_INCOME_QOQ_SQ":-57.941002451188,"NET_PROFIT_RATIO_SQ":-1517.4236334405,"HOLDER_PROFIT_SQ":-75479000,"HOLDER_PROFIT_QOQ_SQ":-28.748827292111,"ROE_AVG_SQ":-15.149763457435,"PE_TTM_SQ":-2.719185168271,"PB_TTM_SQ":0.289236393438,"ROA_SQ":-13.903568961547,"START_DATE":"2023-01-01 00:00:00","FISCAL_YEAR":"12-31","CURRENCY":"HKD","IS_CNY_CODE":0,"DPS_HKD_LY":null,"ORG_TYPE":"一般企业","PREMIUM_INCOME":null,"PREMIUM_INCOME_YOY":null,"NET_INTEREST_INCOME":null,"NET_INTEREST_INCOME_YOY":null,"FEE_COMMISSION_INCOME":null,"FEE_COMMISSION_INCOME_YOY":null,"ACCOUNTS_RECE_TDAYS":6.334577603143,"INVENTORY_TDAYS":21.045165394402,"CURRENT_ASSETS_TDAYS":0.117493153855,"TOTAL_ASSETS_TDAYS":0.070746111136,"PREMIUM_EXPENSE":null,"LOAN_DEPOSIT":null,"LOAN_EQUITY":null,"LOAN_ASSETS":null,"DEPOSIT_EQUITY":null,"DEPOSIT_ASSETS":null,"EQUITY_MULTIPLIER":1.118717088218,"EQUITY_RATIO":0.118500725752},{"SECUCODE":"01661.HK","SECURITY_CODE":"01661","SECURITY_NAME_ABBR":"中国前沿科技集团","ORG_CODE":"10312569","STD_REPORT_DATE":"2023-06-30 00:00:00","REPORT_DATE":"2023-06-30 00:00:00","DATE_TYPE_CODE":"002","REPORT_TYPE":"2023年中报","PER_NETCASH_OPERATE":-0.003604023248,"PER_OI":0.001613994734,"BPS":2.45488301798,"BASIC_EPS":-0.004,"DILUTED_EPS":-0.004,"OPERATE_INCOME":2571000,"OPERATE_INCOME_YOY":186.6220735786,"GROSS_PROFIT":-257000,"GROSS_PROFIT_YOY":-199.227799227799,"HOLDER_PROFIT":-6375000,"HOLDER_PROFIT_YOY":80.1302830071,"GROSS_PROFIT_RATIO":-9.996110462855,"EPS_TTM":-0.031244075428,"OPERATE_INCOME_QOQ":33.641479099678,"NET_PROFIT_RATIO":-247.9579929988,"ROE_AVG":-1.37303319725,"GROSS_PROFIT_QOQ":-14.742857142857,"ROA":-1.2777305101,"HOLDER_PROFIT_QOQ":34.061129585713,"ROE_YEARLY":-2.746066394501,"ROIC_YEARLY":-4.108370765156,"TOTAL_ASSETS":498708000,"TOTAL_LIABILITIES":32238000,"TAX_EBT":null,"OCF_SALES":-223.298327499028,"TOTAL_PARENT_EQUITY":467150000,"DEBT_ASSET_RATIO":6.4643037609,"OPERATE_PROFIT":-5898000,"PRETAX_PROFIT":-6375000,"NETCASH_OPERATE":-5741000,"NETCASH_INVEST":28242000,"NETCASH_FINANCE":null,"END_CASH":206102000,"DIVI_RATIO":null,"DIVIDEND_RATE":null,"CURRENT_RATIO":10.069886469384,"COMMON_ACS":2000000000,"CURRENTDEBT_DEBT":100,"ISSUED_COMMON_SHARES":190294200,"HK_COMMON_SHARES":190294200,"PER_SHARES":6000,"TOTAL_MARKET_CAP":215032446,"HKSK_MARKET_CAP":215032446,"PE_TTM":-2.91341730141,"PB_TTM":0.465701231112,"REPORT_DATE_SQ":"2022-06-30 00:00:00","REPORT_TYPE_SQ":"2022年中报","OPERATE_INCOME_SQ":897000,"DPS_HKD":null,"OPERATE_INCOME_QOQ_SQ":-2.801511666119,"NET_PROFIT_RATIO_SQ":-3578.8182831661,"HOLDER_PROFIT_SQ":-32084000,"HOLDER_PROFIT_QOQ_SQ":-22.520846830655,"ROE_AVG_SQ":-6.182501731867,"PE_TTM_SQ":-2.719185168271,"PB_TTM_SQ":0.289236393438,"ROA_SQ":-5.623498666601,"START_DATE":"2023-01-01 00:00:00","FISCAL_YEAR":"12-31","CURRENCY":"HKD","IS_CNY_CODE":0,"DPS_HKD_LY":null,"ORG_TYPE":"一般企业","PREMIUM_INCOME":null,"PREMIUM_INCOME_YOY":null,"NET_INTEREST_INCOME":null,"NET_INTEREST_INCOME_YOY":null,"FEE_COMMISSION_INCOME":null,"FEE_COMMISSION_INCOME_YOY":null,"ACCOUNTS_RECE_TDAYS":0.490836197022,"INVENTORY_TDAYS":1.31718677224,"CURRENT_ASSETS_TDAYS":0.008336724552,"TOTAL_ASSETS_TDAYS":0.005153011987,"PREMIUM_EXPENSE":null,"LOAN_DEPOSIT":null,"LOAN_EQUITY":null,"LOAN_ASSETS":null,"DEPOSIT_EQUITY":null,"DEPOSIT_ASSETS":null,"EQUITY_MULTIPLIER":1.069110553733,"EQUITY_RATIO":0.069009953976},{"SECUCODE":"01661.HK","SECURITY_CODE":"01661","SECURITY_NAME_ABBR":"中国前沿科技集团","ORG_CODE":"10312569","STD_REPORT_DATE":"2022-12-31 00:00:00","REPORT_DATE":"2022-12-31 00:00:00","DATE_TYPE_CODE":"001","REPORT_TYPE":"2022年年报","PER_NETCASH_OPERATE":0.015436845786,"PER_OI":0.003123779774,"BPS":2.424934653815,"BASIC_EPS":-0.05,"DILUTED_EPS":-0.05,"OPERATE_INCOME":4976000,"OPERATE_INCOME_YOY":-59.1192901742,"GROSS_PROFIT":3500000,"GROSS_PROFIT_YOY":1750.94339622642,"HOLDER_PROFIT":-75479000,"HOLDER_PROFIT_YOY":-57.7441534828,"GROSS_PROFIT_RATIO":70.337620578778,"EPS_TTM":-0.047383395001,"OPERATE_INCOME_QOQ":-57.941002451188,"NET_PROFIT_RATIO":-1517.4236334405,"ROE_AVG":-15.149763457435,"GROSS_PROFIT_QOQ":10837.5,"ROA":-13.903568961547,"HOLDER_PROFIT_QOQ":-28.748827292111,"ROE_YEARLY":-15.149763457435,"ROIC_YEARLY":-19.176526482402,"TOTAL_ASSETS":499155000,"TOTAL_LIABILITIES":38384000,"TAX_EBT":-11.857250788854,"OCF_SALES":494.172025723473,"TOTAL_PARENT_EQUITY":461451000,"DEBT_ASSET_RATIO":7.6897957548,"OPERATE_PROFIT":-65896000,"PRETAX_PROFIT":-67503000,"NETCASH_OPERATE":22492000,"NETCASH_INVEST":22036000,"NETCASH_FINANCE":null,"END_CASH":172437000,"DIVI_RATIO":null,"DIVIDEND_RATE":null,"CURRENT_RATIO":7.611400583576,"COMMON_ACS":2000000000,"CURRENTDEBT_DEBT":100,"ISSUED_COMMON_SHARES":190294200,"HK_COMMON_SHARES":190294200,"PER_SHARES":6000,"TOTAL_MARKET_CAP":215032446,"HKSK_MARKET_CAP":215032446,"PE_TTM":-2.91341730141,"PB_TTM":0.465701231112,"REPORT_DATE_SQ":"2021-12-31 00:00:00","REPORT_TYPE_SQ":"2021年年报","OPERATE_INCOME_SQ":12172000,"DPS_HKD":null,"OPERATE_INCOME_QOQ_SQ":33.202013569709,"NET_PROFIT_RATIO_SQ":-393.3535984226,"HOLDER_PROFIT_SQ":-47849000,"HOLDER_PROFIT_QOQ_SQ":-9.899170858311,"ROE_AVG_SQ":-8.736176560266,"PE_TTM_SQ":-2.719185168271,"PB_TTM_SQ":0.289236393438,"ROA_SQ":-8.011579779254,"START_DATE":"2022-01-01 00:00:00","FISCAL_YEAR":"12-31","CURRENCY":"HKD","IS_CNY_CODE":0,"DPS_HKD_LY":null,"ORG_TYPE":"一般企业","PREMIUM_INCOME":null,"PREMIUM_INCOME_YOY":null,"NET_INTEREST_INCOME":null,"NET_INTEREST_INCOME_YOY":null,"FEE_COMMISSION_INCOME":null,"FEE_COMMISSION_INCOME_YOY":null,"ACCOUNTS_RECE_TDAYS":1.417461900014,"INVENTORY_TDAYS":0.681597783422,"CURRENT_ASSETS_TDAYS":0.015601411526,"TOTAL_ASSETS_TDAYS":0.009166014276,"PREMIUM_EXPENSE":null,"LOAN_DEPOSIT":null,"LOAN_EQUITY":null,"LOAN_ASSETS":null,"DEPOSIT_EQUITY":null,"DEPOSIT_ASSETS":null,"EQUITY_MULTIPLIER":1.083303853758,"EQUITY_RATIO":0.083181096151},{"SECUCODE":"01661.HK","SECURITY_CODE":"01661","SECURITY_NAME_ABBR":"中国前沿科技集团","ORG_CODE":"10312569","STD_REPORT_DATE":"2022-06-30 00:00:00","REPORT_DATE":"2022-06-30 00:00:00","DATE_TYPE_CODE":"002","REPORT_TYPE":"2022年中报","PER_NETCASH_OPERATE":-0.017365980682,"PER_OI":0.000563109015,"BPS":2.642802565711,"BASIC_EPS":-0.0201,"DILUTED_EPS":-0.0201,"OPERATE_INCOME":897000,"OPERATE_INCOME_YOY":-27.5444264943,"GROSS_PROFIT":259000,"GROSS_PROFIT_YOY":1626.66666666667,"HOLDER_PROFIT":-32084000,"HOLDER_PROFIT_YOY":-50.572554909,"GROSS_PROFIT_RATIO":28.874024526198,"EPS_TTM":-0.036802972111,"OPERATE_INCOME_QOQ":-2.801511666119,"NET_PROFIT_RATIO":-3578.8182831661,"ROE_AVG":-6.182501731867,"GROSS_PROFIT_QOQ":115.094339622642,"ROA":-5.623498666601,"HOLDER_PROFIT_QOQ":-22.520846830655,"ROE_YEARLY":-12.365003463735,"ROIC_YEARLY":-14.643842525292,"TOTAL_ASSETS":554474000,"TOTAL_LIABILITIES":52251000,"TAX_EBT":-25.393539314871,"OCF_SALES":-3083.94648829431,"TOTAL_PARENT_EQUITY":502910000,"DEBT_ASSET_RATIO":9.4235257199,"OPERATE_PROFIT":-24342000,"PRETAX_PROFIT":-25601000,"NETCASH_OPERATE":-27663000,"NETCASH_INVEST":40601000,"NETCASH_FINANCE":null,"END_CASH":138583000,"DIVI_RATIO":null,"DIVIDEND_RATE":null,"CURRENT_RATIO":7.094735028995,"COMMON_ACS":2000000000,"CURRENTDEBT_DEBT":100,"ISSUED_COMMON_SHARES":190294200,"HK_COMMON_SHARES":190294200,"PER_SHARES":6000,"TOTAL_MARKET_CAP":215032446,"HKSK_MARKET_CAP":215032446,"PE_TTM":-2.91341730141,"PB_TTM":0.465701231112,"REPORT_DATE_SQ":"2021-06-30 00:00:00","REPORT_TYPE_SQ":"2021年中报","OPERATE_INCOME_SQ":1238000,"DPS_HKD":null,"OPERATE_INCOME_QOQ_SQ":2.191903377321,"NET_PROFIT_RATIO_SQ":-1723.9903069467,"HOLDER_PROFIT_SQ":-21308000,"HOLDER_PROFIT_QOQ_SQ":1.013982039332,"ROE_AVG_SQ":-3.820935347328,"PE_TTM_SQ":-2.719185168271,"PB_TTM_SQ":0.289236393438,"ROA_SQ":-3.533380814313,"START_DATE":"2022-01-01 00:00:00","FISCAL_YEAR":"12-31","CURRENCY":"HKD","IS_CNY_CODE":0,"DPS_HKD_LY":null,"ORG_TYPE":"一般企业","PREMIUM_INCOME":null,"PREMIUM_INCOME_YOY":null,"NET_INTEREST_INCOME":null,"NET_INTEREST_INCOME_YOY":null,"FEE_COMMISSION_INCOME":null,"FEE_COMMISSION_INCOME_YOY":null,"ACCOUNTS_RECE_TDAYS":0.475609756098,"INVENTORY_TDAYS":0.294416243655,"CURRENT_ASSETS_TDAYS":0.002504040802,"TOTAL_ASSETS_TDAYS":0.001572209919,"PREMIUM_EXPENSE":null,"LOAN_DEPOSIT":null,"LOAN_EQUITY":null,"LOAN_ASSETS":null,"DEPOSIT_EQUITY":null,"DEPOSIT_ASSETS":null,"EQUITY_MULTIPLIER":1.104039440647,"EQUITY_RATIO":0.103897317612},{"SECUCODE":"01661.HK","SECURITY_CODE":"01661","SECURITY_NAME_ABBR":"中国前沿科技集团","ORG_CODE":"10312569","STD_REPORT_DATE":"2021-12-31 00:00:00","REPORT_DATE":"2021-12-31 00:00:00","DATE_TYPE_CODE":"001","REPORT_TYPE":"2021年年报","PER_NETCASH_OPERATE":0.016917125671,"PER_OI":0.007641207276,"BPS":2.811367871433,"BASIC_EPS":-0.03,"DILUTED_EPS":-0.03,"OPERATE_INCOME":12172000,"OPERATE_INCOME_YOY":36.1216730038,"GROSS_PROFIT":-212000,"GROSS_PROFIT_YOY":44.356955380577,"HOLDER_PROFIT":-47849000,"HOLDER_PROFIT_YOY":-8.7848130044,"GROSS_PROFIT_RATIO":-1.741702267499,"EPS_TTM":-0.030038130704,"OPERATE_INCOME_QOQ":33.202013569709,"NET_PROFIT_RATIO":-393.3535984226,"ROE_AVG":-8.736176560266,"GROSS_PROFIT_QOQ":-105.417837975978,"ROA":-8.011579779254,"HOLDER_PROFIT_QOQ":-9.899170858311,"ROE_YEARLY":-8.736176560266,"ROIC_YEARLY":-10.283130478138,"TOTAL_ASSETS":586595000,"TOTAL_LIABILITIES":52260000,"TAX_EBT":-7.893906616189,"OCF_SALES":221.393361813999,"TOTAL_PARENT_EQUITY":534987000,"DEBT_ASSET_RATIO":8.909042866,"OPERATE_PROFIT":-44197000,"PRETAX_PROFIT":-44376000,"NETCASH_OPERATE":26948000,"NETCASH_INVEST":-32948000,"NETCASH_FINANCE":-331000,"END_CASH":127443000,"DIVI_RATIO":null,"DIVIDEND_RATE":null,"CURRENT_RATIO":6.615671641791,"COMMON_ACS":2000000000,"CURRENTDEBT_DEBT":100,"ISSUED_COMMON_SHARES":190294200,"HK_COMMON_SHARES":190294200,"PER_SHARES":6000,"TOTAL_MARKET_CAP":215032446,"HKSK_MARKET_CAP":215032446,"PE_TTM":-2.91341730141,"PB_TTM":0.465701231112,"REPORT_DATE_SQ":"2020-12-31 00:00:00","REPORT_TYPE_SQ":"2020年年报","OPERATE_INCOME_SQ":8942000,"DPS_HKD":null,"OPERATE_INCOME_QOQ_SQ":-92.323277416253,"NET_PROFIT_RATIO_SQ":-520.4764034892,"HOLDER_PROFIT_SQ":-43985000,"HOLDER_PROFIT_QOQ_SQ":78.665974691157,"ROE_AVG_SQ":-7.631534886707,"PE_TTM_SQ":-2.719185168271,"PB_TTM_SQ":0.289236393438,"ROA_SQ":-6.764154976579,"START_DATE":"2021-01-01 00:00:00","FISCAL_YEAR":"12-31","CURRENCY":"HKD","IS_CNY_CODE":0,"DPS_HKD_LY":null,"ORG_TYPE":"一般企业","PREMIUM_INCOME":null,"PREMIUM_INCOME_YOY":null,"NET_INTEREST_INCOME":null,"NET_INTEREST_INCOME_YOY":null,"FEE_COMMISSION_INCOME":null,"FEE_COMMISSION_INCOME_YOY":null,"ACCOUNTS_RECE_TDAYS":7.485854858549,"INVENTORY_TDAYS":5.643198906357,"CURRENT_ASSETS_TDAYS":0.034111625052,"TOTAL_ASSETS_TDAYS":0.020380143592,"PREMIUM_EXPENSE":null,"LOAN_DEPOSIT":null,"LOAN_EQUITY":null,"LOAN_ASSETS":null,"DEPOSIT_EQUITY":null,"DEPOSIT_ASSETS":null,"EQUITY_MULTIPLIER":1.097803812215,"EQUITY_RATIO":0.097684616636},{"SECUCODE":"01661.HK","SECURITY_CODE":"01661","SECURITY_NAME_ABBR":"中国前沿科技集团","ORG_CODE":"10312569","STD_REPORT_DATE":"2021-06-30 00:00:00","REPORT_DATE":"2021-06-30 00:00:00","DATE_TYPE_CODE":"002","REPORT_TYPE":"2021年中报","PER_NETCASH_OPERATE":-0.005067981132,"PER_OI":0.000777178328,"BPS":2.915979572683,"BASIC_EPS":-0.01,"DILUTED_EPS":-0.01,"OPERATE_INCOME":1238000,"OPERATE_INCOME_YOY":18.8099808061,"GROSS_PROFIT":15000,"GROSS_PROFIT_YOY":100.350549193737,"HOLDER_PROFIT":-21308000,"HOLDER_PROFIT_YOY":2.0501976648,"GROSS_PROFIT_RATIO":1.211631663974,"EPS_TTM":-0.027332445249,"OPERATE_INCOME_QOQ":2.191903377321,"NET_PROFIT_RATIO":-1723.9903069467,"ROE_AVG":-3.820935347328,"GROSS_PROFIT_QOQ":1127.03412073491,"ROA":-3.533380814313,"HOLDER_PROFIT_QOQ":1.013982039332,"ROE_YEARLY":-7.641870694656,"ROIC_YEARLY":-9.136741316119,"TOTAL_ASSETS":598196000,"TOTAL_LIABILITIES":43959000,"TAX_EBT":11.954952353451,"OCF_SALES":-652.100161550889,"TOTAL_PARENT_EQUITY":554894000,"DEBT_ASSET_RATIO":7.348594775,"OPERATE_PROFIT":-24508000,"PRETAX_PROFIT":-24241000,"NETCASH_OPERATE":-8073000,"NETCASH_INVEST":8118000,"NETCASH_FINANCE":null,"END_CASH":136831000,"DIVI_RATIO":null,"DIVIDEND_RATE":null,"CURRENT_RATIO":7.752837871653,"COMMON_ACS":2000000000,"CURRENTDEBT_DEBT":100,"ISSUED_COMMON_SHARES":190294200,"HK_COMMON_SHARES":190294200,"PER_SHARES":6000,"TOTAL_MARKET_CAP":215032446,"HKSK_MARKET_CAP":215032446,"PE_TTM":-2.91341730141,"PB_TTM":0.465701231112,"REPORT_DATE_SQ":"2020-06-30 00:00:00","REPORT_TYPE_SQ":"2020年中报","OPERATE_INCOME_SQ":1042000,"DPS_HKD":null,"OPERATE_INCOME_QOQ_SQ":-26.725672623878,"NET_PROFIT_RATIO_SQ":-2205.7581573896,"HOLDER_PROFIT_SQ":-21754000,"HOLDER_PROFIT_QOQ_SQ":54.699399281951,"ROE_AVG_SQ":-3.717555340803,"PE_TTM_SQ":-2.719185168271,"PB_TTM_SQ":0.289236393438,"ROA_SQ":-3.237570943716,"START_DATE":"2021-01-01 00:00:00","FISCAL_YEAR":"12-31","CURRENCY":"HKD","IS_CNY_CODE":0,"DPS_HKD_LY":null,"ORG_TYPE":"一般企业","PREMIUM_INCOME":null,"PREMIUM_INCOME_YOY":null,"NET_INTEREST_INCOME":null,"NET_INTEREST_INCOME_YOY":null,"FEE_COMMISSION_INCOME":null,"FEE_COMMISSION_INCOME_YOY":null,"ACCOUNTS_RECE_TDAYS":1.307286166843,"INVENTORY_TDAYS":0.554648526077,"CURRENT_ASSETS_TDAYS":0.00349357794,"TOTAL_ASSETS_TDAYS":0.002052902876,"PREMIUM_EXPENSE":null,"LOAN_DEPOSIT":null,"LOAN_EQUITY":null,"LOAN_ASSETS":null,"DEPOSIT_EQUITY":null,"DEPOSIT_ASSETS":null,"EQUITY_MULTIPLIER":1.079314444904,"EQUITY_RATIO":0.079220535814},{"SECUCODE":"01661.HK","SECURITY_CODE":"01661","SECURITY_NAME_ABBR":"中国前沿科技集团","ORG_CODE":"10312569","STD_REPORT_DATE":"2020-12-31 00:00:00","REPORT_DATE":"2020-12-31 00:00:00","DATE_TYPE_CODE":"001","REPORT_TYPE":"2020年年报","PER_NETCASH_OPERATE":-0.012384003937,"PER_OI":0.005613512607,"BPS":2.945097643544,"BASIC_EPS":-0.03,"DILUTED_EPS":-0.03,"OPERATE_INCOME":8942000,"OPERATE_INCOME_YOY":-94.3749331622,"GROSS_PROFIT":-381000,"GROSS_PROFIT_YOY":98.627571052916,"HOLDER_PROFIT":-43985000,"HOLDER_PROFIT_YOY":90.3355583778,"GROSS_PROFIT_RATIO":-4.260791769179,"EPS_TTM":-0.027612430333,"OPERATE_INCOME_QOQ":-92.323277416253,"NET_PROFIT_RATIO":-520.4764034892,"ROE_AVG":-7.631534886707,"GROSS_PROFIT_QOQ":92.33708769107,"ROA":-6.764154976579,"HOLDER_PROFIT_QOQ":78.665974691157,"ROE_YEARLY":-7.631534886707,"ROIC_YEARLY":-8.894564477757,"TOTAL_ASSETS":607901000,"TOTAL_LIABILITIES":48088000,"TAX_EBT":-13.711549268245,"OCF_SALES":-220.610601655111,"TOTAL_PARENT_EQUITY":560435000,"DEBT_ASSET_RATIO":7.9104985845,"OPERATE_PROFIT":-39980000,"PRETAX_PROFIT":-40929000,"NETCASH_OPERATE":-19727000,"NETCASH_INVEST":-7082000,"NETCASH_FINANCE":-400000,"END_CASH":137696000,"DIVI_RATIO":null,"DIVIDEND_RATE":null,"CURRENT_RATIO":7.651014806189,"COMMON_ACS":2000000000,"CURRENTDEBT_DEBT":100,"ISSUED_COMMON_SHARES":190294200,"HK_COMMON_SHARES":190294200,"PER_SHARES":6000,"TOTAL_MARKET_CAP":215032446,"HKSK_MARKET_CAP":215032446,"PE_TTM":-2.91341730141,"PB_TTM":0.465701231112,"REPORT_DATE_SQ":"2019-12-31 00:00:00","REPORT_TYPE_SQ":"2019年年报","OPERATE_INCOME_SQ":158967000,"DPS_HKD":null,"OPERATE_INCOME_QOQ_SQ":-54.602129287991,"NET_PROFIT_RATIO_SQ":-304.8406273,"HOLDER_PROFIT_SQ":-455122000,"HOLDER_PROFIT_QOQ_SQ":-68.31932897423,"ROE_AVG_SQ":-52.71691539292,"PE_TTM_SQ":-2.719185168271,"PB_TTM_SQ":0.289236393438,"ROA_SQ":-45.511062223444,"START_DATE":"2020-01-01 00:00:00","FISCAL_YEAR":"12-31","CURRENCY":"HKD","IS_CNY_CODE":0,"DPS_HKD_LY":null,"ORG_TYPE":"一般企业","PREMIUM_INCOME":null,"PREMIUM_INCOME_YOY":null,"NET_INTEREST_INCOME":null,"NET_INTEREST_INCOME_YOY":null,"FEE_COMMISSION_INCOME":null,"FEE_COMMISSION_INCOME_YOY":null,"ACCOUNTS_RECE_TDAYS":0.316441361738,"INVENTORY_TDAYS":4.036804503139,"CURRENT_ASSETS_TDAYS":0.02321415591,"TOTAL_ASSETS_TDAYS":0.013751295624,"PREMIUM_EXPENSE":null,"LOAN_DEPOSIT":null,"LOAN_EQUITY":null,"LOAN_ASSETS":null,"DEPOSIT_EQUITY":null,"DEPOSIT_ASSETS":null,"EQUITY_MULTIPLIER":1.085900113074,"EQUITY_RATIO":0.085804776647},{"SECUCODE":"01661.HK","SECURITY_CODE":"01661","SECURITY_NAME_ABBR":"中国前沿科技集团","ORG_CODE":"10312569","STD_REPORT_DATE":"2020-06-30 00:00:00","REPORT_DATE":"2020-06-30 00:00:00","DATE_TYPE_CODE":"002","REPORT_TYPE":"2020年中报","PER_NETCASH_OPERATE":-0.017833041002,"PER_OI":0.000654135555,"BPS":3.037701622015,"BASIC_EPS":-0.01,"DILUTED_EPS":-0.01,"OPERATE_INCOME":1042000,"OPERATE_INCOME_YOY":-97.6060835803,"GROSS_PROFIT":-4279000,"GROSS_PROFIT_YOY":84.1916654352,"HOLDER_PROFIT":-21754000,"HOLDER_PROFIT_YOY":91.9638866211,"GROSS_PROFIT_RATIO":-410.652591170825,"EPS_TTM":-0.129429068981,"OPERATE_INCOME_QOQ":-26.725672623878,"NET_PROFIT_RATIO":-2205.7581573896,"ROE_AVG":-3.717555340803,"GROSS_PROFIT_QOQ":82.089982349339,"ROA":-3.237570943716,"HOLDER_PROFIT_QOQ":54.699399281951,"ROE_YEARLY":-7.435110681606,"ROIC_YEARLY":-7.629475574385,"TOTAL_ASSETS":651216000,"TOTAL_LIABILITIES":67279000,"TAX_EBT":14.554444403138,"OCF_SALES":-2726.19961612284,"TOTAL_PARENT_EQUITY":578057000,"DEBT_ASSET_RATIO":10.331287929,"OPERATE_PROFIT":-26288000,"PRETAX_PROFIT":-26899000,"NETCASH_OPERATE":-30425000,"NETCASH_INVEST":-114184000,"NETCASH_FINANCE":-286000,"END_CASH":23016000,"DIVI_RATIO":null,"DIVIDEND_RATE":null,"CURRENT_RATIO":5.76991031791,"COMMON_ACS":2000000000,"CURRENTDEBT_DEBT":99.772588772128,"ISSUED_COMMON_SHARES":190294200,"HK_COMMON_SHARES":190294200,"PER_SHARES":6000,"TOTAL_MARKET_CAP":215032446,"HKSK_MARKET_CAP":215032446,"PE_TTM":-2.91341730141,"PB_TTM":0.465701231112,"REPORT_DATE_SQ":"2019-06-30 00:00:00","REPORT_TYPE_SQ":"2019年中报","OPERATE_INCOME_SQ":43527000,"DPS_HKD":null,"OPERATE_INCOME_QOQ_SQ":-23.102228332122,"NET_PROFIT_RATIO_SQ":-677.6070025501,"HOLDER_PROFIT_SQ":-270703000,"HOLDER_PROFIT_QOQ_SQ":-683.093245924265,"ROE_AVG_SQ":-26.94964643292,"PE_TTM_SQ":-2.719185168271,"PB_TTM_SQ":0.289236393438,"ROA_SQ":-23.915879234541,"START_DATE":"2020-01-01 00:00:00","FISCAL_YEAR":"12-31","CURRENCY":"HKD","IS_CNY_CODE":0,"DPS_HKD_LY":null,"ORG_TYPE":"一般企业","PREMIUM_INCOME":null,"PREMIUM_INCOME_YOY":null,"NET_INTEREST_INCOME":null,"NET_INTEREST_INCOME_YOY":null,"FEE_COMMISSION_INCOME":null,"FEE_COMMISSION_INCOME_YOY":null,"ACCOUNTS_RECE_TDAYS":0.025586249233,"INVENTORY_TDAYS":2.26908315565,"CURRENT_ASSETS_TDAYS":0.002638706173,"TOTAL_ASSETS_TDAYS":0.001550771777,"PREMIUM_EXPENSE":null,"LOAN_DEPOSIT":null,"LOAN_EQUITY":null,"LOAN_ASSETS":null,"DEPOSIT_EQUITY":null,"DEPOSIT_ASSETS":null,"EQUITY_MULTIPLIER":1.115216196267,"EQUITY_RATIO":0.116388176253}],"count":27},"success":true,"message":"ok","code":0}