{"version":"4ad0ffc935a8e52ac896f2a817ecc6d7","result":{"pages":3,"data":[{"SECUCODE":"01662.HK","SECURITY_CODE":"01662","SECURITY_NAME_ABBR":"义合控股","ORG_CODE":"10472822","STD_REPORT_DATE":"2024-06-30 00:00:00","REPORT_DATE":"2024-09-30 00:00:00","DATE_TYPE_CODE":"002","REPORT_TYPE":"2024年中报","PER_NETCASH_OPERATE":0.1048871949,"PER_OI":1.19349922562,"BPS":0.95530402218,"BASIC_EPS":0.0541074,"DILUTED_EPS":0.0541074,"OPERATE_INCOME":596749612.81,"OPERATE_INCOME_YOY":70.9005777272,"GROSS_PROFIT":70410861.41,"GROSS_PROFIT_YOY":59.770148010275,"HOLDER_PROFIT":29235130.01,"HOLDER_PROFIT_YOY":231.4826175869,"GROSS_PROFIT_RATIO":11.799062772483,"EPS_TTM":0.0400187432,"OPERATE_INCOME_QOQ":0,"NET_PROFIT_RATIO":3.2913278498,"ROE_AVG":6.302073411117,"GROSS_PROFIT_QOQ":0,"ROA":2.886411057379,"HOLDER_PROFIT_QOQ":0,"ROE_YEARLY":12.604146822234,"ROIC_YEARLY":6.738561422417,"TOTAL_ASSETS":1055739981.64,"TOTAL_LIABILITIES":605317519.6,"TAX_EBT":32.908233989465,"OCF_SALES":8.788208039726,"TOTAL_PARENT_EQUITY":477652011.09,"DEBT_ASSET_RATIO":57.3358525894,"OPERATE_PROFIT":38464048.87,"PRETAX_PROFIT":29274808.77,"NETCASH_OPERATE":52443597.45,"NETCASH_INVEST":-6142993.48,"NETCASH_FINANCE":null,"END_CASH":46300603.97,"DIVI_RATIO":2.253419092881,"DIVIDEND_RATE":3.597122302158,"CURRENT_RATIO":1.835082140063,"COMMON_ACS":1560000000,"CURRENTDEBT_DEBT":52.561229962458,"ISSUED_COMMON_SHARES":500000000,"HK_COMMON_SHARES":500000000,"PER_SHARES":1000,"TOTAL_MARKET_CAP":1390000000,"HKSK_MARKET_CAP":1390000000,"PE_TTM":31.08854644271,"PB_TTM":2.624270537749,"REPORT_DATE_SQ":"2023-06-30 00:00:00","REPORT_TYPE_SQ":"2023年中报","OPERATE_INCOME_SQ":355312759.41,"DPS_HKD":0.1,"OPERATE_INCOME_QOQ_SQ":0,"NET_PROFIT_RATIO_SQ":0.7639324702,"HOLDER_PROFIT_SQ":8974421.4,"HOLDER_PROFIT_QOQ_SQ":0,"ROE_AVG_SQ":2.018205118152,"PE_TTM_SQ":141.400538668719,"PB_TTM_SQ":1.504085587586,"ROA_SQ":0.929350366989,"START_DATE":"2024-04-01 00:00:00","FISCAL_YEAR":"3-31","CURRENCY":"HKD","IS_CNY_CODE":0,"DPS_HKD_LY":0.1,"ORG_TYPE":"一般企业","PREMIUM_INCOME":null,"PREMIUM_INCOME_YOY":null,"NET_INTEREST_INCOME":null,"NET_INTEREST_INCOME_YOY":null,"FEE_COMMISSION_INCOME":null,"FEE_COMMISSION_INCOME_YOY":null,"ACCOUNTS_RECE_TDAYS":3.671727918635,"INVENTORY_TDAYS":1164.99001996008,"CURRENT_ASSETS_TDAYS":1.107346173798,"TOTAL_ASSETS_TDAYS":0.589176336932,"PREMIUM_EXPENSE":null,"LOAN_DEPOSIT":null,"LOAN_EQUITY":null,"LOAN_ASSETS":null,"DEPOSIT_EQUITY":null,"DEPOSIT_ASSETS":null,"EQUITY_MULTIPLIER":2.34388839504,"EQUITY_RATIO":1.267277234359},{"SECUCODE":"01662.HK","SECURITY_CODE":"01662","SECURITY_NAME_ABBR":"义合控股","ORG_CODE":"10472822","STD_REPORT_DATE":"2023-12-31 00:00:00","REPORT_DATE":"2024-03-31 00:00:00","DATE_TYPE_CODE":"001","REPORT_TYPE":"2023年年报","PER_NETCASH_OPERATE":0.1714703063,"PER_OI":1.5085971074,"BPS":0.9050360615,"BASIC_EPS":0.036262,"DILUTED_EPS":0.036262,"OPERATE_INCOME":754298553.7,"OPERATE_INCOME_YOY":17.5551251132,"GROSS_PROFIT":84511310.65,"GROSS_PROFIT_YOY":26.675133913408,"HOLDER_PROFIT":20009371.6,"HOLDER_PROFIT_YOY":82.7303584734,"GROSS_PROFIT_RATIO":11.203960319883,"EPS_TTM":0.0089592479,"OPERATE_INCOME_QOQ":0,"NET_PROFIT_RATIO":1.33296637,"ROE_AVG":4.505988726862,"GROSS_PROFIT_QOQ":0,"ROA":2.070947205952,"HOLDER_PROFIT_QOQ":0,"ROE_YEARLY":4.505988726862,"ROIC_YEARLY":2.366997161898,"TOTAL_ASSETS":975087899.65,"TOTAL_LIABILITIES":540536783.35,"TAX_EBT":41.803966838073,"OCF_SALES":11.366209404678,"TOTAL_PARENT_EQUITY":452518030.75,"DEBT_ASSET_RATIO":55.4346724581,"OPERATE_PROFIT":32575967.7,"PRETAX_PROFIT":17277029.9,"NETCASH_OPERATE":85735153.15,"NETCASH_INVEST":-6437411.55,"NETCASH_FINANCE":-43719280.3,"END_CASH":151153614.25,"DIVI_RATIO":10.065465428186,"DIVIDEND_RATE":3.533568904594,"CURRENT_RATIO":1.949568436226,"COMMON_ACS":1560000000,"CURRENTDEBT_DEBT":47.11978224155,"ISSUED_COMMON_SHARES":500000000,"HK_COMMON_SHARES":500000000,"PER_SHARES":1000,"TOTAL_MARKET_CAP":1415000000,"HKSK_MARKET_CAP":1415000000,"PE_TTM":31.647692961464,"PB_TTM":2.67146964814,"REPORT_DATE_SQ":"2022-12-31 00:00:00","REPORT_TYPE_SQ":"2022年年报","OPERATE_INCOME_SQ":619614322.59,"DPS_HKD":0.1,"OPERATE_INCOME_QOQ_SQ":0,"NET_PROFIT_RATIO_SQ":0.5500149054,"HOLDER_PROFIT_SQ":10574077.39,"HOLDER_PROFIT_QOQ_SQ":0,"ROE_AVG_SQ":2.532685991179,"PE_TTM_SQ":138.514813389765,"PB_TTM_SQ":1.473389963349,"ROA_SQ":1.249215943508,"START_DATE":"2023-04-01 00:00:00","FISCAL_YEAR":"3-31","CURRENCY":"HKD","IS_CNY_CODE":0,"DPS_HKD_LY":null,"ORG_TYPE":"一般企业","PREMIUM_INCOME":null,"PREMIUM_INCOME_YOY":null,"NET_INTEREST_INCOME":null,"NET_INTEREST_INCOME_YOY":null,"FEE_COMMISSION_INCOME":null,"FEE_COMMISSION_INCOME_YOY":null,"ACCOUNTS_RECE_TDAYS":5.325895486084,"INVENTORY_TDAYS":null,"CURRENT_ASSETS_TDAYS":1.664470854646,"TOTAL_ASSETS_TDAYS":0.7806904252,"PREMIUM_EXPENSE":null,"LOAN_DEPOSIT":null,"LOAN_EQUITY":null,"LOAN_ASSETS":null,"DEPOSIT_EQUITY":null,"DEPOSIT_ASSETS":null,"EQUITY_MULTIPLIER":2.243896892847,"EQUITY_RATIO":1.194508829746},{"SECUCODE":"01662.HK","SECURITY_CODE":"01662","SECURITY_NAME_ABBR":"义合控股","ORG_CODE":"10472822","STD_REPORT_DATE":"2023-06-30 00:00:00","REPORT_DATE":"2023-09-30 00:00:00","DATE_TYPE_CODE":"002","REPORT_TYPE":"2023年中报","PER_NETCASH_OPERATE":0.12078947216,"PER_OI":0.71062551882,"BPS":0.89683466894,"BASIC_EPS":0.0183526,"DILUTED_EPS":0.0183526,"OPERATE_INCOME":355312759.41,"OPERATE_INCOME_YOY":13.3387191668,"GROSS_PROFIT":44070098.38,"GROSS_PROFIT_YOY":17.668177835624,"HOLDER_PROFIT":8974421.4,"HOLDER_PROFIT_YOY":-41.3000420143,"GROSS_PROFIT_RATIO":12.403184859778,"EPS_TTM":0.02114815478,"OPERATE_INCOME_QOQ":0,"NET_PROFIT_RATIO":0.7639324702,"ROE_AVG":2.018205118152,"GROSS_PROFIT_QOQ":0,"ROA":0.929350366989,"HOLDER_PROFIT_QOQ":0,"ROE_YEARLY":4.036410236303,"ROIC_YEARLY":2.12775215386,"TOTAL_ASSETS":962331427.82,"TOTAL_LIABILITIES":527191281.82,"TAX_EBT":-7.75956284153,"OCF_SALES":16.997626592495,"TOTAL_PARENT_EQUITY":448417334.47,"DEBT_ASSET_RATIO":54.7827148298,"OPERATE_PROFIT":15596039.48,"PRETAX_PROFIT":2518894.35,"NETCASH_OPERATE":60394736.08,"NETCASH_INVEST":6260071.86,"NETCASH_FINANCE":null,"END_CASH":66654807.94,"DIVI_RATIO":4.264154529703,"DIVIDEND_RATE":3.533568904594,"CURRENT_RATIO":2.127236236241,"COMMON_ACS":1560000000,"CURRENTDEBT_DEBT":39.200263178965,"ISSUED_COMMON_SHARES":500000000,"HK_COMMON_SHARES":500000000,"PER_SHARES":1000,"TOTAL_MARKET_CAP":1415000000,"HKSK_MARKET_CAP":1415000000,"PE_TTM":31.647692961464,"PB_TTM":2.67146964814,"REPORT_DATE_SQ":"2022-06-30 00:00:00","REPORT_TYPE_SQ":"2022年中报","OPERATE_INCOME_SQ":308990168.28,"DPS_HKD":0.1,"OPERATE_INCOME_QOQ_SQ":0,"NET_PROFIT_RATIO_SQ":3.3114094785,"HOLDER_PROFIT_SQ":15068874.84,"HOLDER_PROFIT_QOQ_SQ":0,"ROE_AVG_SQ":3.507073190498,"PE_TTM_SQ":138.514813389765,"PB_TTM_SQ":1.473389963349,"ROA_SQ":1.775065029429,"START_DATE":"2023-04-01 00:00:00","FISCAL_YEAR":"3-31","CURRENCY":"HKD","IS_CNY_CODE":0,"DPS_HKD_LY":null,"ORG_TYPE":"一般企业","PREMIUM_INCOME":null,"PREMIUM_INCOME_YOY":null,"NET_INTEREST_INCOME":null,"NET_INTEREST_INCOME_YOY":null,"FEE_COMMISSION_INCOME":null,"FEE_COMMISSION_INCOME_YOY":null,"ACCOUNTS_RECE_TDAYS":3.067314128639,"INVENTORY_TDAYS":null,"CURRENT_ASSETS_TDAYS":0.831703393125,"TOTAL_ASSETS_TDAYS":0.367945774592,"PREMIUM_EXPENSE":null,"LOAN_DEPOSIT":null,"LOAN_EQUITY":null,"LOAN_ASSETS":null,"DEPOSIT_EQUITY":null,"DEPOSIT_ASSETS":null,"EQUITY_MULTIPLIER":2.211543652468,"EQUITY_RATIO":1.175671057505},{"SECUCODE":"01662.HK","SECURITY_CODE":"01662","SECURITY_NAME_ABBR":"义合控股","ORG_CODE":"10472822","STD_REPORT_DATE":"2022-12-31 00:00:00","REPORT_DATE":"2023-03-31 00:00:00","DATE_TYPE_CODE":"001","REPORT_TYPE":"2022年年报","PER_NETCASH_OPERATE":0.01336400906,"PER_OI":1.23922864518,"BPS":0.84128476738,"BASIC_EPS":0.0175082,"DILUTED_EPS":0.0175082,"OPERATE_INCOME":619614322.59,"OPERATE_INCOME_YOY":-3.8320495976,"GROSS_PROFIT":66714996.1,"GROSS_PROFIT_YOY":-20.852060359983,"HOLDER_PROFIT":10574077.39,"HOLDER_PROFIT_YOY":-69.4295403928,"GROSS_PROFIT_RATIO":10.767181078244,"EPS_TTM":0.11343903364,"OPERATE_INCOME_QOQ":0,"NET_PROFIT_RATIO":0.5500149054,"ROE_AVG":2.532685991179,"GROSS_PROFIT_QOQ":0,"ROA":1.249215943508,"HOLDER_PROFIT_QOQ":0,"ROE_YEARLY":2.532685991179,"ROIC_YEARLY":1.462376995196,"TOTAL_ASSETS":924417202.62,"TOTAL_LIABILITIES":510345646.39,"TAX_EBT":-203.666146645866,"OCF_SALES":1.078413504399,"TOTAL_PARENT_EQUITY":420642383.69,"DEBT_ASSET_RATIO":55.2072857302,"OPERATE_PROFIT":23285906,"PRETAX_PROFIT":1122275.62,"NETCASH_OPERATE":4730715.64,"NETCASH_INVEST":-62680231.41,"NETCASH_FINANCE":28524359.44,"END_CASH":111348650.36,"DIVI_RATIO":0.79495564363,"DIVIDEND_RATE":3.533568904594,"CURRENT_RATIO":2.34175667625,"COMMON_ACS":1560000000,"CURRENTDEBT_DEBT":33.111827355702,"ISSUED_COMMON_SHARES":500000000,"HK_COMMON_SHARES":500000000,"PER_SHARES":1000,"TOTAL_MARKET_CAP":1415000000,"HKSK_MARKET_CAP":1415000000,"PE_TTM":31.647692961464,"PB_TTM":2.67146964814,"REPORT_DATE_SQ":"2021-12-31 00:00:00","REPORT_TYPE_SQ":"2021年年报","OPERATE_INCOME_SQ":596905793.03,"DPS_HKD":0.1,"OPERATE_INCOME_QOQ_SQ":0,"NET_PROFIT_RATIO_SQ":2.2914308773,"HOLDER_PROFIT_SQ":32044627.12,"HOLDER_PROFIT_QOQ_SQ":0,"ROE_AVG_SQ":9.078637331278,"PE_TTM_SQ":138.514813389765,"PB_TTM_SQ":1.473389963349,"ROA_SQ":4.285847548264,"START_DATE":"2022-04-01 00:00:00","FISCAL_YEAR":"3-31","CURRENCY":"HKD","IS_CNY_CODE":0,"DPS_HKD_LY":null,"ORG_TYPE":"一般企业","PREMIUM_INCOME":null,"PREMIUM_INCOME_YOY":null,"NET_INTEREST_INCOME":null,"NET_INTEREST_INCOME_YOY":null,"FEE_COMMISSION_INCOME":null,"FEE_COMMISSION_INCOME_YOY":null,"ACCOUNTS_RECE_TDAYS":6.148651994319,"INVENTORY_TDAYS":null,"CURRENT_ASSETS_TDAYS":1.678696790597,"TOTAL_ASSETS_TDAYS":0.73200910307,"PREMIUM_EXPENSE":null,"LOAN_DEPOSIT":null,"LOAN_EQUITY":null,"LOAN_ASSETS":null,"DEPOSIT_EQUITY":null,"DEPOSIT_ASSETS":null,"EQUITY_MULTIPLIER":2.232505924907,"EQUITY_RATIO":1.2132530296},{"SECUCODE":"01662.HK","SECURITY_CODE":"01662","SECURITY_NAME_ABBR":"义合控股","ORG_CODE":"10472822","STD_REPORT_DATE":"2022-06-30 00:00:00","REPORT_DATE":"2022-09-30 00:00:00","DATE_TYPE_CODE":"002","REPORT_TYPE":"2022年中报","PER_NETCASH_OPERATE":0.00132590904,"PER_OI":0.61798033656,"BPS":0.86246855736,"BASIC_EPS":0.0271332,"DILUTED_EPS":0.0271332,"OPERATE_INCOME":308990168.28,"OPERATE_INCOME_YOY":-12.7281505532,"GROSS_PROFIT":37452860.4,"GROSS_PROFIT_YOY":-38.086925893226,"HOLDER_PROFIT":15068874.84,"HOLDER_PROFIT_YOY":244.4887694042,"GROSS_PROFIT_RATIO":12.121052462116,"EPS_TTM":0.06408925424,"OPERATE_INCOME_QOQ":0,"NET_PROFIT_RATIO":3.3114094785,"ROE_AVG":3.507073190498,"GROSS_PROFIT_QOQ":0,"ROA":1.775065029429,"HOLDER_PROFIT_QOQ":0,"ROE_YEARLY":7.014146380996,"ROIC_YEARLY":4.235016604793,"TOTAL_ASSETS":903857540.64,"TOTAL_LIABILITIES":477093908.88,"TAX_EBT":23.093133922502,"OCF_SALES":0.214555215038,"TOTAL_PARENT_EQUITY":431234278.68,"DEBT_ASSET_RATIO":52.7841930203,"OPERATE_PROFIT":20971250.28,"PRETAX_PROFIT":13304312.4,"NETCASH_OPERATE":662954.52,"NETCASH_INVEST":-28189585.92,"NETCASH_FINANCE":16430961.48,"END_CASH":132349418.52,"DIVI_RATIO":1.407084558393,"DIVIDEND_RATE":3.533568904594,"CURRENT_RATIO":2.632391573417,"COMMON_ACS":1560000000,"CURRENTDEBT_DEBT":30.019980966897,"ISSUED_COMMON_SHARES":500000000,"HK_COMMON_SHARES":500000000,"PER_SHARES":1000,"TOTAL_MARKET_CAP":1415000000,"HKSK_MARKET_CAP":1415000000,"PE_TTM":31.647692961464,"PB_TTM":2.67146964814,"REPORT_DATE_SQ":"2021-06-30 00:00:00","REPORT_TYPE_SQ":"2021年中报","OPERATE_INCOME_SQ":326112166.78,"DPS_HKD":0.1,"OPERATE_INCOME_QOQ_SQ":0,"NET_PROFIT_RATIO_SQ":-4.5802168956,"HOLDER_PROFIT_SQ":-9606014.86,"HOLDER_PROFIT_QOQ_SQ":0,"ROE_AVG_SQ":-2.810694337296,"PE_TTM_SQ":138.514813389765,"PB_TTM_SQ":1.473389963349,"ROA_SQ":-1.149181291795,"START_DATE":"2022-04-01 00:00:00","FISCAL_YEAR":"3-31","CURRENCY":"HKD","IS_CNY_CODE":0,"DPS_HKD_LY":null,"ORG_TYPE":"一般企业","PREMIUM_INCOME":null,"PREMIUM_INCOME_YOY":null,"NET_INTEREST_INCOME":null,"NET_INTEREST_INCOME_YOY":null,"FEE_COMMISSION_INCOME":null,"FEE_COMMISSION_INCOME_YOY":null,"ACCOUNTS_RECE_TDAYS":4.029213350631,"INVENTORY_TDAYS":null,"CURRENT_ASSETS_TDAYS":0.845546142366,"TOTAL_ASSETS_TDAYS":0.363980488241,"PREMIUM_EXPENSE":null,"LOAN_DEPOSIT":null,"LOAN_EQUITY":null,"LOAN_ASSETS":null,"DEPOSIT_EQUITY":null,"DEPOSIT_ASSETS":null,"EQUITY_MULTIPLIER":2.117934784912,"EQUITY_RATIO":1.106345048312},{"SECUCODE":"01662.HK","SECURITY_CODE":"01662","SECURITY_NAME_ABBR":"义合控股","ORG_CODE":"10472822","STD_REPORT_DATE":"2021-12-31 00:00:00","REPORT_DATE":"2022-03-31 00:00:00","DATE_TYPE_CODE":"001","REPORT_TYPE":"2021年年报","PER_NETCASH_OPERATE":0.03077945152,"PER_OI":1.19381158606,"BPS":0.7677669468,"BASIC_EPS":0.0648808,"DILUTED_EPS":0.0648808,"OPERATE_INCOME":596905793.03,"OPERATE_INCOME_YOY":-14.8011552731,"GROSS_PROFIT":84291513.34,"GROSS_PROFIT_YOY":-0.045074984192,"HOLDER_PROFIT":32044627.12,"HOLDER_PROFIT_YOY":-19.8815824158,"GROSS_PROFIT_RATIO":14.12140983121,"EPS_TTM":0.03075833696,"OPERATE_INCOME_QOQ":0,"NET_PROFIT_RATIO":2.2914308773,"ROE_AVG":9.078637331278,"GROSS_PROFIT_QOQ":0,"ROA":4.285847548264,"HOLDER_PROFIT_QOQ":0,"ROE_YEARLY":9.078637331278,"ROIC_YEARLY":5.053354248292,"TOTAL_ASSETS":711962159.71,"TOTAL_LIABILITIES":327399059.93,"TAX_EBT":19.999030467557,"OCF_SALES":2.578250360393,"TOTAL_PARENT_EQUITY":383883473.4,"DEBT_ASSET_RATIO":45.9854580001,"OPERATE_PROFIT":36320271.84,"PRETAX_PROFIT":33459839.57,"NETCASH_OPERATE":15189406.29,"NETCASH_INVEST":37896064.27,"NETCASH_FINANCE":23727719.57,"END_CASH":130862140.57,"DIVI_RATIO":2.931855519929,"DIVIDEND_RATE":3.533568904594,"CURRENT_RATIO":2.617507543471,"COMMON_ACS":1560000000,"CURRENTDEBT_DEBT":37.024917449646,"ISSUED_COMMON_SHARES":500000000,"HK_COMMON_SHARES":500000000,"PER_SHARES":1000,"TOTAL_MARKET_CAP":1415000000,"HKSK_MARKET_CAP":1415000000,"PE_TTM":31.647692961464,"PB_TTM":2.67146964814,"REPORT_DATE_SQ":"2020-12-31 00:00:00","REPORT_TYPE_SQ":"2020年年报","OPERATE_INCOME_SQ":730121420.7,"DPS_HKD":0.1,"OPERATE_INCOME_QOQ_SQ":0,"NET_PROFIT_RATIO_SQ":3.6224990605,"HOLDER_PROFIT_SQ":41681742.06,"HOLDER_PROFIT_QOQ_SQ":0,"ROE_AVG_SQ":13.520841786658,"PE_TTM_SQ":138.514813389765,"PB_TTM_SQ":1.473389963349,"ROA_SQ":5.601979668302,"START_DATE":"2021-04-01 00:00:00","FISCAL_YEAR":"3-31","CURRENCY":"HKD","IS_CNY_CODE":0,"DPS_HKD_LY":null,"ORG_TYPE":"一般企业","PREMIUM_INCOME":null,"PREMIUM_INCOME_YOY":null,"NET_INTEREST_INCOME":null,"NET_INTEREST_INCOME_YOY":null,"FEE_COMMISSION_INCOME":null,"FEE_COMMISSION_INCOME_YOY":null,"ACCOUNTS_RECE_TDAYS":6.09685342346,"INVENTORY_TDAYS":null,"CURRENT_ASSETS_TDAYS":1.72765790635,"TOTAL_ASSETS_TDAYS":0.79833889782,"PREMIUM_EXPENSE":null,"LOAN_DEPOSIT":null,"LOAN_EQUITY":null,"LOAN_ASSETS":null,"DEPOSIT_EQUITY":null,"DEPOSIT_ASSETS":null,"EQUITY_MULTIPLIER":1.851353289271,"EQUITY_RATIO":0.852860523091},{"SECUCODE":"01662.HK","SECURITY_CODE":"01662","SECURITY_NAME_ABBR":"义合控股","ORG_CODE":"10472822","STD_REPORT_DATE":"2021-06-30 00:00:00","REPORT_DATE":"2021-09-30 00:00:00","DATE_TYPE_CODE":"002","REPORT_TYPE":"2021年中报","PER_NETCASH_OPERATE":-0.06469377348,"PER_OI":0.65222433356,"BPS":0.7054518692,"BASIC_EPS":-0.0166612,"DILUTED_EPS":-0.0166612,"OPERATE_INCOME":326112166.78,"OPERATE_INCOME_YOY":-5.0512352989,"GROSS_PROFIT":60492651.9,"GROSS_PROFIT_YOY":33.60591427527,"HOLDER_PROFIT":-9606014.86,"HOLDER_PROFIT_YOY":-160.6862796695,"GROSS_PROFIT_RATIO":17.237651334775,"EPS_TTM":0.08336348412,"OPERATE_INCOME_QOQ":0,"NET_PROFIT_RATIO":-4.5802168956,"ROE_AVG":-2.810694337296,"GROSS_PROFIT_QOQ":0,"ROA":-1.149181291795,"HOLDER_PROFIT_QOQ":0,"ROE_YEARLY":-5.621388674591,"ROIC_YEARLY":-2.707659216749,"TOTAL_ASSETS":867094666.3,"TOTAL_LIABILITIES":456906752.08,"TAX_EBT":17.934833348894,"OCF_SALES":-8.167029842082,"TOTAL_PARENT_EQUITY":352725934.6,"DEBT_ASSET_RATIO":52.6939871548,"OPERATE_PROFIT":37990868.24,"PRETAX_PROFIT":35691622.64,"NETCASH_OPERATE":-32346886.74,"NETCASH_INVEST":26722065.62,"NETCASH_FINANCE":43065036.7,"END_CASH":97077314.86,"DIVI_RATIO":1.081756610247,"DIVIDEND_RATE":3.533568904594,"CURRENT_RATIO":1.666979970375,"COMMON_ACS":1560000000,"CURRENTDEBT_DEBT":61.298380215437,"ISSUED_COMMON_SHARES":500000000,"HK_COMMON_SHARES":500000000,"PER_SHARES":1000,"TOTAL_MARKET_CAP":1415000000,"HKSK_MARKET_CAP":1415000000,"PE_TTM":31.647692961464,"PB_TTM":2.67146964814,"REPORT_DATE_SQ":"2020-06-30 00:00:00","REPORT_TYPE_SQ":"2020年中报","OPERATE_INCOME_SQ":440000586.88,"DPS_HKD":0.1,"OPERATE_INCOME_QOQ_SQ":0,"NET_PROFIT_RATIO_SQ":1.8814568359,"HOLDER_PROFIT_SQ":16696558.72,"HOLDER_PROFIT_QOQ_SQ":0,"ROE_AVG_SQ":5.546206958956,"PE_TTM_SQ":138.514813389765,"PB_TTM_SQ":1.473389963349,"ROA_SQ":2.325426280217,"START_DATE":"2021-04-01 00:00:00","FISCAL_YEAR":"3-31","CURRENCY":"HKD","IS_CNY_CODE":0,"DPS_HKD_LY":null,"ORG_TYPE":"一般企业","PREMIUM_INCOME":null,"PREMIUM_INCOME_YOY":null,"NET_INTEREST_INCOME":null,"NET_INTEREST_INCOME_YOY":null,"FEE_COMMISSION_INCOME":null,"FEE_COMMISSION_INCOME_YOY":null,"ACCOUNTS_RECE_TDAYS":2.588270686634,"INVENTORY_TDAYS":19.888397482878,"CURRENT_ASSETS_TDAYS":0.931100089597,"TOTAL_ASSETS_TDAYS":0.47382027287,"PREMIUM_EXPENSE":null,"LOAN_DEPOSIT":null,"LOAN_EQUITY":null,"LOAN_ASSETS":null,"DEPOSIT_EQUITY":null,"DEPOSIT_ASSETS":null,"EQUITY_MULTIPLIER":2.113896183287,"EQUITY_RATIO":1.295359108193},{"SECUCODE":"01662.HK","SECURITY_CODE":"01662","SECURITY_NAME_ABBR":"义合控股","ORG_CODE":"10472822","STD_REPORT_DATE":"2020-12-31 00:00:00","REPORT_DATE":"2021-03-31 00:00:00","DATE_TYPE_CODE":"001","REPORT_TYPE":"2020年年报","PER_NETCASH_OPERATE":0.1911121016,"PER_OI":1.4602428414,"BPS":0.67124026564,"BASIC_EPS":0.084518,"DILUTED_EPS":0.084518,"OPERATE_INCOME":730121420.7,"OPERATE_INCOME_YOY":7.7954967742,"GROSS_PROFIT":84329524.86,"GROSS_PROFIT_YOY":-15.823443136077,"HOLDER_PROFIT":41681742.06,"HOLDER_PROFIT_YOY":100.6387306753,"GROSS_PROFIT_RATIO":11.420195692568,"EPS_TTM":0.02589661236,"OPERATE_INCOME_QOQ":0,"NET_PROFIT_RATIO":3.6224990605,"ROE_AVG":13.520841786658,"GROSS_PROFIT_QOQ":0,"ROA":5.601979668302,"HOLDER_PROFIT_QOQ":0,"ROE_YEARLY":13.520841786658,"ROIC_YEARLY":6.326265025312,"TOTAL_ASSETS":816414298.7,"TOTAL_LIABILITIES":441315808.08,"TAX_EBT":8.046688065363,"OCF_SALES":10.701848544138,"TOTAL_PARENT_EQUITY":335620132.82,"DEBT_ASSET_RATIO":54.0553746771,"OPERATE_PROFIT":60392336.9,"PRETAX_PROFIT":72410796.5,"NETCASH_OPERATE":95556050.8,"NETCASH_INVEST":-37789688.16,"NETCASH_FINANCE":-24690243.34,"END_CASH":60124414.84,"DIVI_RATIO":3.482270141993,"DIVIDEND_RATE":3.533568904594,"CURRENT_RATIO":1.400769705463,"COMMON_ACS":1560000000,"CURRENTDEBT_DEBT":62.999754862532,"ISSUED_COMMON_SHARES":500000000,"HK_COMMON_SHARES":500000000,"PER_SHARES":1000,"TOTAL_MARKET_CAP":1415000000,"HKSK_MARKET_CAP":1415000000,"PE_TTM":31.647692961464,"PB_TTM":2.67146964814,"REPORT_DATE_SQ":"2019-12-31 00:00:00","REPORT_TYPE_SQ":"2019年年报","OPERATE_INCOME_SQ":895474426.1,"DPS_HKD":0.1,"OPERATE_INCOME_QOQ_SQ":0,"NET_PROFIT_RATIO_SQ":2.2964064188,"HOLDER_PROFIT_SQ":22458746,"HOLDER_PROFIT_QOQ_SQ":0,"ROE_AVG_SQ":7.561273850082,"PE_TTM_SQ":138.514813389765,"PB_TTM_SQ":1.473389963349,"ROA_SQ":3.359029407223,"START_DATE":"2020-04-01 00:00:00","FISCAL_YEAR":"3-31","CURRENCY":"HKD","IS_CNY_CODE":0,"DPS_HKD_LY":null,"ORG_TYPE":"一般企业","PREMIUM_INCOME":null,"PREMIUM_INCOME_YOY":null,"NET_INTEREST_INCOME":null,"NET_INTEREST_INCOME_YOY":null,"FEE_COMMISSION_INCOME":null,"FEE_COMMISSION_INCOME_YOY":null,"ACCOUNTS_RECE_TDAYS":5.889633919775,"INVENTORY_TDAYS":37.362665442277,"CURRENT_ASSETS_TDAYS":2.210409367615,"TOTAL_ASSETS_TDAYS":1.20003816666,"PREMIUM_EXPENSE":null,"LOAN_DEPOSIT":null,"LOAN_EQUITY":null,"LOAN_ASSETS":null,"DEPOSIT_EQUITY":null,"DEPOSIT_ASSETS":null,"EQUITY_MULTIPLIER":2.176533148267,"EQUITY_RATIO":1.314926504474},{"SECUCODE":"01662.HK","SECURITY_CODE":"01662","SECURITY_NAME_ABBR":"义合控股","ORG_CODE":"10472822","STD_REPORT_DATE":"2020-06-30 00:00:00","REPORT_DATE":"2020-09-30 00:00:00","DATE_TYPE_CODE":"002","REPORT_TYPE":"2020年中报","PER_NETCASH_OPERATE":0.0622924608,"PER_OI":0.88000117376,"BPS":0.62001077248,"BASIC_EPS":0.0351488,"DILUTED_EPS":0.0351488,"OPERATE_INCOME":440000586.88,"OPERATE_INCOME_YOY":20.9943336273,"GROSS_PROFIT":45276926.72,"GROSS_PROFIT_YOY":-26.157975690566,"HOLDER_PROFIT":16696558.72,"HOLDER_PROFIT_YOY":-34.6010876299,"GROSS_PROFIT_RATIO":10.29019689293,"EPS_TTM":0.044917492,"OPERATE_INCOME_QOQ":0,"NET_PROFIT_RATIO":1.8814568359,"ROE_AVG":5.546206958956,"GROSS_PROFIT_QOQ":0,"ROA":2.325426280217,"HOLDER_PROFIT_QOQ":0,"ROE_YEARLY":11.092413917912,"ROIC_YEARLY":5.185643074597,"TOTAL_ASSETS":737651169.92,"TOTAL_LIABILITIES":389598086.4,"TAX_EBT":29.578412318732,"OCF_SALES":7.078679285602,"TOTAL_PARENT_EQUITY":310005386.24,"DEBT_ASSET_RATIO":52.8160331451,"OPERATE_PROFIT":11403149.44,"PRETAX_PROFIT":11755516.16,"NETCASH_OPERATE":31146230.4,"NETCASH_INVEST":-34463398.4,"NETCASH_FINANCE":11896990.08,"END_CASH":36468637.44,"DIVI_RATIO":2.007658842573,"DIVIDEND_RATE":3.533568904594,"CURRENT_RATIO":1.372322929802,"COMMON_ACS":1560000000,"CURRENTDEBT_DEBT":85.851546112728,"ISSUED_COMMON_SHARES":500000000,"HK_COMMON_SHARES":500000000,"PER_SHARES":1000,"TOTAL_MARKET_CAP":1415000000,"HKSK_MARKET_CAP":1415000000,"PE_TTM":31.647692961464,"PB_TTM":2.67146964814,"REPORT_DATE_SQ":"2019-06-30 00:00:00","REPORT_TYPE_SQ":"2019年中报","OPERATE_INCOME_SQ":373292328.45,"DPS_HKD":0.1,"OPERATE_INCOME_QOQ_SQ":0,"NET_PROFIT_RATIO_SQ":7.1405961169,"HOLDER_PROFIT_SQ":26206998.54,"HOLDER_PROFIT_QOQ_SQ":0,"ROE_AVG_SQ":8.842936972693,"PE_TTM_SQ":138.514813389765,"PB_TTM_SQ":1.473389963349,"ROA_SQ":3.988583650569,"START_DATE":"2020-04-01 00:00:00","FISCAL_YEAR":"3-31","CURRENCY":"HKD","IS_CNY_CODE":0,"DPS_HKD_LY":null,"ORG_TYPE":"一般企业","PREMIUM_INCOME":null,"PREMIUM_INCOME_YOY":null,"NET_INTEREST_INCOME":null,"NET_INTEREST_INCOME_YOY":null,"FEE_COMMISSION_INCOME":null,"FEE_COMMISSION_INCOME_YOY":null,"ACCOUNTS_RECE_TDAYS":3.28168275627,"INVENTORY_TDAYS":15.849655099413,"CURRENT_ASSETS_TDAYS":0.984275502552,"TOTAL_ASSETS_TDAYS":0.612814260232,"PREMIUM_EXPENSE":null,"LOAN_DEPOSIT":null,"LOAN_EQUITY":null,"LOAN_ASSETS":null,"DEPOSIT_EQUITY":null,"DEPOSIT_ASSETS":null,"EQUITY_MULTIPLIER":2.11936398454,"EQUITY_RATIO":1.256746184721}],"count":23},"success":true,"message":"ok","code":0}