{"version":"10614a49050469a21825a6d35f959a47","result":{"pages":3,"data":[{"SECUCODE":"01669.HK","SECURITY_CODE":"01669","SECURITY_NAME_ABBR":"环球信贷集团","ORG_CODE":"10427624","STD_REPORT_DATE":"2024-06-30 00:00:00","REPORT_DATE":"2024-06-30 00:00:00","DATE_TYPE_CODE":"002","REPORT_TYPE":"2024年中报","PER_NETCASH_OPERATE":0.2207293763,"PER_OI":0.1060009369,"BPS":2.098753294,"BASIC_EPS":0.05658616,"DILUTED_EPS":0.05658616,"OPERATE_INCOME":42400374.76,"OPERATE_INCOME_YOY":5.1562959777,"GROSS_PROFIT":42400374.76,"GROSS_PROFIT_YOY":4.095585818512,"HOLDER_PROFIT":22539545.28,"HOLDER_PROFIT_YOY":-9.9014958045,"GROSS_PROFIT_RATIO":null,"EPS_TTM":0.1071364109,"OPERATE_INCOME_QOQ":2.095214883457,"NET_PROFIT_RATIO":53.1588350518,"ROE_AVG":2.691744271215,"GROSS_PROFIT_QOQ":2.095214883457,"ROA":2.607026811333,"HOLDER_PROFIT_QOQ":-5.992842325134,"ROE_YEARLY":5.38348854243,"ROIC_YEARLY":5.755288381989,"TOTAL_ASSETS":879670189.76,"TOTAL_LIABILITIES":40168872.16,"TAX_EBT":16.122677716265,"OCF_SALES":208.233420151968,"TOTAL_PARENT_EQUITY":839501317.6,"DEBT_ASSET_RATIO":4.5663559624,"OPERATE_PROFIT":27007113.88,"PRETAX_PROFIT":26872037.24,"NETCASH_OPERATE":88291750.52,"NETCASH_INVEST":-1010336.76,"NETCASH_FINANCE":-20168402.64,"END_CASH":114861690.68,"DIVI_RATIO":0.422928112108,"DIVIDEND_RATE":9.090909090909,"CURRENT_RATIO":15.432216445215,"COMMON_ACS":10000000000,"CURRENTDEBT_DEBT":94.392438425884,"ISSUED_COMMON_SHARES":400000000,"HK_COMMON_SHARES":400000000,"PER_SHARES":2000,"TOTAL_MARKET_CAP":220000000,"HKSK_MARKET_CAP":220000000,"PE_TTM":4.622819920151,"PB_TTM":0.239177230328,"REPORT_DATE_SQ":"2023-06-30 00:00:00","REPORT_TYPE_SQ":"2023年中报","OPERATE_INCOME_SQ":40732154.42,"DPS_HKD":0.05,"OPERATE_INCOME_QOQ_SQ":3.263039342584,"NET_PROFIT_RATIO_SQ":62.0430521288,"HOLDER_PROFIT_SQ":25271471.8,"HOLDER_PROFIT_QOQ_SQ":3.991707018677,"ROE_AVG_SQ":3.084193648204,"PE_TTM_SQ":3.886696896531,"PB_TTM_SQ":0.22191587371,"ROA_SQ":2.960095941234,"START_DATE":"2024-01-01 00:00:00","FISCAL_YEAR":"12-31","CURRENCY":"HKD","IS_CNY_CODE":0,"DPS_HKD_LY":0.05,"ORG_TYPE":"一般企业","PREMIUM_INCOME":null,"PREMIUM_INCOME_YOY":null,"NET_INTEREST_INCOME":null,"NET_INTEREST_INCOME_YOY":null,"FEE_COMMISSION_INCOME":null,"FEE_COMMISSION_INCOME_YOY":null,"ACCOUNTS_RECE_TDAYS":null,"INVENTORY_TDAYS":null,"CURRENT_ASSETS_TDAYS":0.078670074907,"TOTAL_ASSETS_TDAYS":0.049042211117,"PREMIUM_EXPENSE":null,"LOAN_DEPOSIT":null,"LOAN_EQUITY":null,"LOAN_ASSETS":null,"DEPOSIT_EQUITY":null,"DEPOSIT_ASSETS":null,"EQUITY_MULTIPLIER":1.047848492096,"EQUITY_RATIO":0.047848492096},{"SECUCODE":"01669.HK","SECURITY_CODE":"01669","SECURITY_NAME_ABBR":"环球信贷集团","ORG_CODE":"10427624","STD_REPORT_DATE":"2023-12-31 00:00:00","REPORT_DATE":"2023-12-31 00:00:00","DATE_TYPE_CODE":"001","REPORT_TYPE":"2023年年报","PER_NETCASH_OPERATE":0.18585892535,"PER_OI":0.199051223,"BPS":2.0732591782,"BASIC_EPS":0.11418372,"DILUTED_EPS":0.11418372,"OPERATE_INCOME":79620489.2,"OPERATE_INCOME_YOY":-2.9428659803,"GROSS_PROFIT":79620489.2,"GROSS_PROFIT_YOY":-1.53579993581,"HOLDER_PROFIT":45586490.88,"HOLDER_PROFIT_YOY":-1.2853470437,"GROSS_PROFIT_RATIO":null,"EPS_TTM":0.1139662272,"OPERATE_INCOME_QOQ":-4.647199335741,"NET_PROFIT_RATIO":57.2547234236,"ROE_AVG":5.588265353732,"GROSS_PROFIT_QOQ":-4.647199335741,"ROA":5.366673049975,"HOLDER_PROFIT_QOQ":-3.698331900456,"ROE_YEARLY":5.588265353732,"ROIC_YEARLY":5.680191146381,"TOTAL_ASSETS":843455202.8,"TOTAL_LIABILITIES":14151531.52,"TAX_EBT":16.378808783683,"OCF_SALES":93.372410653312,"TOTAL_PARENT_EQUITY":829303671.28,"DEBT_ASSET_RATIO":1.6778047575,"OPERATE_PROFIT":54897901.38,"PRETAX_PROFIT":54515476.54,"NETCASH_OPERATE":74343570.14,"NETCASH_INVEST":-12231251.34,"NETCASH_FINANCE":-61060197.38,"END_CASH":47410711.74,"DIVI_RATIO":0.397582697201,"DIVIDEND_RATE":9.090909090909,"CURRENT_RATIO":44.886773630393,"COMMON_ACS":10000000000,"CURRENTDEBT_DEBT":77.029969262295,"ISSUED_COMMON_SHARES":400000000,"HK_COMMON_SHARES":400000000,"PER_SHARES":2000,"TOTAL_MARKET_CAP":220000000,"HKSK_MARKET_CAP":220000000,"PE_TTM":4.622819920151,"PB_TTM":0.239177230328,"REPORT_DATE_SQ":"2022-12-31 00:00:00","REPORT_TYPE_SQ":"2022年年报","OPERATE_INCOME_SQ":80862373.48,"DPS_HKD":0.05,"OPERATE_INCOME_QOQ_SQ":11.769243312775,"NET_PROFIT_RATIO_SQ":56.2933586673,"HOLDER_PROFIT_SQ":45520145.93,"HOLDER_PROFIT_QOQ_SQ":3.313756204917,"ROE_AVG_SQ":5.855064770627,"PE_TTM_SQ":3.768918202697,"PB_TTM_SQ":0.215191150264,"ROA_SQ":5.510871369564,"START_DATE":"2023-01-01 00:00:00","FISCAL_YEAR":"12-31","CURRENCY":"HKD","IS_CNY_CODE":0,"DPS_HKD_LY":0.051,"ORG_TYPE":"一般企业","PREMIUM_INCOME":null,"PREMIUM_INCOME_YOY":null,"NET_INTEREST_INCOME":null,"NET_INTEREST_INCOME_YOY":null,"FEE_COMMISSION_INCOME":null,"FEE_COMMISSION_INCOME_YOY":null,"ACCOUNTS_RECE_TDAYS":null,"INVENTORY_TDAYS":null,"CURRENT_ASSETS_TDAYS":0.164597026725,"TOTAL_ASSETS_TDAYS":0.093733280489,"PREMIUM_EXPENSE":null,"LOAN_DEPOSIT":null,"LOAN_EQUITY":null,"LOAN_ASSETS":null,"DEPOSIT_EQUITY":null,"DEPOSIT_ASSETS":null,"EQUITY_MULTIPLIER":1.01706435412,"EQUITY_RATIO":0.01706435412},{"SECUCODE":"01669.HK","SECURITY_CODE":"01669","SECURITY_NAME_ABBR":"环球信贷集团","ORG_CODE":"10427624","STD_REPORT_DATE":"2023-06-30 00:00:00","REPORT_DATE":"2023-06-30 00:00:00","DATE_TYPE_CODE":"002","REPORT_TYPE":"2023年中报","PER_NETCASH_OPERATE":0.2813836861,"PER_OI":0.10183038605,"BPS":2.0565455385,"BASIC_EPS":0.06361662,"DILUTED_EPS":0.06361662,"OPERATE_INCOME":40732154.42,"OPERATE_INCOME_YOY":-0.8194145115,"GROSS_PROFIT":40732154.42,"GROSS_PROFIT_YOY":6.926549899663,"HOLDER_PROFIT":25271471.8,"HOLDER_PROFIT_YOY":-0.0583388026,"GROSS_PROFIT_RATIO":null,"EPS_TTM":0.118342941975,"OPERATE_INCOME_QOQ":3.263039342584,"NET_PROFIT_RATIO":62.0430521288,"ROE_AVG":3.084193648204,"GROSS_PROFIT_QOQ":3.263039342584,"ROA":2.960095941234,"HOLDER_PROFIT_QOQ":3.991707018677,"ROE_YEARLY":6.168387296408,"ROIC_YEARLY":6.478729923117,"TOTAL_ASSETS":837181811.48,"TOTAL_LIABILITIES":14563596.08,"TAX_EBT":15.679699756975,"OCF_SALES":276.325856176011,"TOTAL_PARENT_EQUITY":822618215.4,"DEBT_ASSET_RATIO":1.7395977648,"OPERATE_PROFIT":30226192.32,"PRETAX_PROFIT":29970803.86,"NETCASH_OPERATE":112553474.44,"NETCASH_INVEST":491415.34,"NETCASH_FINANCE":-60171180.74,"END_CASH":100038517.92,"DIVI_RATIO":0.38287876948,"DIVIDEND_RATE":9.090909090909,"CURRENT_RATIO":34.624405603393,"COMMON_ACS":10000000000,"CURRENTDEBT_DEBT":98.518612306913,"ISSUED_COMMON_SHARES":400000000,"HK_COMMON_SHARES":400000000,"PER_SHARES":2000,"TOTAL_MARKET_CAP":220000000,"HKSK_MARKET_CAP":220000000,"PE_TTM":4.622819920151,"PB_TTM":0.239177230328,"REPORT_DATE_SQ":"2022-06-30 00:00:00","REPORT_TYPE_SQ":"2022年中报","OPERATE_INCOME_SQ":38093583.36,"DPS_HKD":0.05,"OPERATE_INCOME_QOQ_SQ":2.915502585323,"NET_PROFIT_RATIO_SQ":61.5705818966,"HOLDER_PROFIT_SQ":23454440.94,"HOLDER_PROFIT_QOQ_SQ":2.607686075792,"ROE_AVG_SQ":3.194366472779,"PE_TTM_SQ":3.768918202697,"PB_TTM_SQ":0.215191150264,"ROA_SQ":3.057816547731,"START_DATE":"2023-01-01 00:00:00","FISCAL_YEAR":"12-31","CURRENCY":"HKD","IS_CNY_CODE":0,"DPS_HKD_LY":0.051,"ORG_TYPE":"一般企业","PREMIUM_INCOME":null,"PREMIUM_INCOME_YOY":null,"NET_INTEREST_INCOME":null,"NET_INTEREST_INCOME_YOY":null,"FEE_COMMISSION_INCOME":null,"FEE_COMMISSION_INCOME_YOY":null,"ACCOUNTS_RECE_TDAYS":null,"INVENTORY_TDAYS":null,"CURRENT_ASSETS_TDAYS":0.082851755201,"TOTAL_ASSETS_TDAYS":0.04771035337,"PREMIUM_EXPENSE":null,"LOAN_DEPOSIT":null,"LOAN_EQUITY":null,"LOAN_ASSETS":null,"DEPOSIT_EQUITY":null,"DEPOSIT_ASSETS":null,"EQUITY_MULTIPLIER":1.017703955258,"EQUITY_RATIO":0.017703955258},{"SECUCODE":"01669.HK","SECURITY_CODE":"01669","SECURITY_NAME_ABBR":"环球信贷集团","ORG_CODE":"10427624","STD_REPORT_DATE":"2022-12-31 00:00:00","REPORT_DATE":"2022-12-31 00:00:00","DATE_TYPE_CODE":"001","REPORT_TYPE":"2022年年报","PER_NETCASH_OPERATE":-0.0719796966,"PER_OI":0.2021559337,"BPS":1.9768511735,"BASIC_EPS":0.11344529,"DILUTED_EPS":0.11344529,"OPERATE_INCOME":80862373.48,"OPERATE_INCOME_YOY":5.2837254742,"GROSS_PROFIT":80862373.48,"GROSS_PROFIT_YOY":15.027878491154,"HOLDER_PROFIT":45520145.93,"HOLDER_PROFIT_YOY":-2.9722010663,"GROSS_PROFIT_RATIO":null,"EPS_TTM":0.113800364825,"OPERATE_INCOME_QOQ":11.769243312775,"NET_PROFIT_RATIO":56.2933586673,"ROE_AVG":5.855064770627,"GROSS_PROFIT_QOQ":11.769243312775,"ROA":5.510871369564,"HOLDER_PROFIT_QOQ":3.313756204917,"ROE_YEARLY":5.855064770627,"ROIC_YEARLY":5.939578521755,"TOTAL_ASSETS":843194177.07,"TOTAL_LIABILITIES":52453707.67,"TAX_EBT":16.563241915677,"OCF_SALES":-35.606027130927,"TOTAL_PARENT_EQUITY":790740469.4,"DEBT_ASSET_RATIO":6.2208337174,"OPERATE_PROFIT":55745407.62,"PRETAX_PROFIT":54556465.25,"NETCASH_OPERATE":-28791878.64,"NETCASH_INVEST":-70568.33,"NETCASH_FINANCE":1015647.99,"END_CASH":45696120.12,"DIVI_RATIO":0.398162168194,"DIVIDEND_RATE":9.090909090909,"CURRENT_RATIO":9.164608410192,"COMMON_ACS":10000000000,"CURRENTDEBT_DEBT":98.044992421791,"ISSUED_COMMON_SHARES":400000000,"HK_COMMON_SHARES":400000000,"PER_SHARES":2000,"TOTAL_MARKET_CAP":220000000,"HKSK_MARKET_CAP":220000000,"PE_TTM":4.622819920151,"PB_TTM":0.239177230328,"REPORT_DATE_SQ":"2021-12-31 00:00:00","REPORT_TYPE_SQ":"2021年年报","OPERATE_INCOME_SQ":70298065.6,"DPS_HKD":0.05,"OPERATE_INCOME_QOQ_SQ":-1.874280672971,"NET_PROFIT_RATIO_SQ":61.0832625813,"HOLDER_PROFIT_SQ":42940352,"HOLDER_PROFIT_QOQ_SQ":-4.408655288895,"ROE_AVG_SQ":6.190468893837,"PE_TTM_SQ":3.768918202697,"PB_TTM_SQ":0.215191150264,"ROA_SQ":5.821383720299,"START_DATE":"2022-01-01 00:00:00","FISCAL_YEAR":"12-31","CURRENCY":"HKD","IS_CNY_CODE":0,"DPS_HKD_LY":0.053,"ORG_TYPE":"一般企业","PREMIUM_INCOME":null,"PREMIUM_INCOME_YOY":null,"NET_INTEREST_INCOME":null,"NET_INTEREST_INCOME_YOY":null,"FEE_COMMISSION_INCOME":null,"FEE_COMMISSION_INCOME_YOY":null,"ACCOUNTS_RECE_TDAYS":null,"INVENTORY_TDAYS":null,"CURRENT_ASSETS_TDAYS":0.186940939227,"TOTAL_ASSETS_TDAYS":0.09789558662,"PREMIUM_EXPENSE":null,"LOAN_DEPOSIT":null,"LOAN_EQUITY":null,"LOAN_ASSETS":null,"DEPOSIT_EQUITY":null,"DEPOSIT_ASSETS":null,"EQUITY_MULTIPLIER":1.066334922393,"EQUITY_RATIO":0.066334922392},{"SECUCODE":"01669.HK","SECURITY_CODE":"01669","SECURITY_NAME_ABBR":"环球信贷集团","ORG_CODE":"10427624","STD_REPORT_DATE":"2022-06-30 00:00:00","REPORT_DATE":"2022-06-30 00:00:00","DATE_TYPE_CODE":"002","REPORT_TYPE":"2022年中报","PER_NETCASH_OPERATE":-0.048256233725,"PER_OI":0.0952339584,"BPS":1.842265263825,"BASIC_EPS":0.05900811,"DILUTED_EPS":0.05900811,"OPERATE_INCOME":38093583.36,"OPERATE_INCOME_YOY":2.830232236,"GROSS_PROFIT":38093583.36,"GROSS_PROFIT_YOY":5.686215635424,"HOLDER_PROFIT":23454440.94,"HOLDER_PROFIT_YOY":2.1756948066,"GROSS_PROFIT_RATIO":null,"EPS_TTM":0.11015025395,"OPERATE_INCOME_QOQ":2.915502585323,"NET_PROFIT_RATIO":61.5705818966,"ROE_AVG":3.194366472779,"GROSS_PROFIT_QOQ":2.915502585323,"ROA":3.057816547731,"HOLDER_PROFIT_QOQ":2.607686075792,"ROE_YEARLY":6.388732945559,"ROIC_YEARLY":6.517016396501,"TOTAL_ASSETS":759725995.49,"TOTAL_LIABILITIES":22819889.96,"TAX_EBT":16.182268268085,"OCF_SALES":-50.671246408046,"TOTAL_PARENT_EQUITY":736906105.53,"DEBT_ASSET_RATIO":3.0037000307,"OPERATE_PROFIT":28499206.75,"PRETAX_PROFIT":27982671.99,"NETCASH_OPERATE":-19302493.49,"NETCASH_INVEST":-75256.72,"NETCASH_FINANCE":-26954733.61,"END_CASH":24075308.88,"DIVI_RATIO":0.411356291748,"DIVIDEND_RATE":9.090909090909,"CURRENT_RATIO":19.165017193659,"COMMON_ACS":10000000000,"CURRENTDEBT_DEBT":89.364413131465,"ISSUED_COMMON_SHARES":400000000,"HK_COMMON_SHARES":400000000,"PER_SHARES":2000,"TOTAL_MARKET_CAP":220000000,"HKSK_MARKET_CAP":220000000,"PE_TTM":4.622819920151,"PB_TTM":0.239177230328,"REPORT_DATE_SQ":"2021-06-30 00:00:00","REPORT_TYPE_SQ":"2021年中报","OPERATE_INCOME_SQ":36044041.44,"DPS_HKD":0.05,"OPERATE_INCOME_QOQ_SQ":-17.580392969976,"NET_PROFIT_RATIO_SQ":61.9650030011,"HOLDER_PROFIT_SQ":22334691.36,"HOLDER_PROFIT_QOQ_SQ":-16.819320665005,"ROE_AVG_SQ":3.212448627391,"PE_TTM_SQ":3.768918202697,"PB_TTM_SQ":0.215191150264,"ROA_SQ":2.995200671303,"START_DATE":"2022-01-01 00:00:00","FISCAL_YEAR":"12-31","CURRENCY":"HKD","IS_CNY_CODE":0,"DPS_HKD_LY":0.053,"ORG_TYPE":"一般企业","PREMIUM_INCOME":null,"PREMIUM_INCOME_YOY":null,"NET_INTEREST_INCOME":null,"NET_INTEREST_INCOME_YOY":null,"FEE_COMMISSION_INCOME":null,"FEE_COMMISSION_INCOME_YOY":null,"ACCOUNTS_RECE_TDAYS":null,"INVENTORY_TDAYS":null,"CURRENT_ASSETS_TDAYS":0.099223480039,"TOTAL_ASSETS_TDAYS":0.049663596697,"PREMIUM_EXPENSE":null,"LOAN_DEPOSIT":null,"LOAN_EQUITY":null,"LOAN_ASSETS":null,"DEPOSIT_EQUITY":null,"DEPOSIT_ASSETS":null,"EQUITY_MULTIPLIER":1.030967160929,"EQUITY_RATIO":0.03096716093},{"SECUCODE":"01669.HK","SECURITY_CODE":"01669","SECURITY_NAME_ABBR":"环球信贷集团","ORG_CODE":"10427624","STD_REPORT_DATE":"2021-12-31 00:00:00","REPORT_DATE":"2021-12-31 00:00:00","DATE_TYPE_CODE":"001","REPORT_TYPE":"2021年年报","PER_NETCASH_OPERATE":0.03364424,"PER_OI":0.175745164,"BPS":1.748562284,"BASIC_EPS":0.1071056,"DILUTED_EPS":0.1071056,"OPERATE_INCOME":70298065.6,"OPERATE_INCOME_YOY":-16.7471944383,"GROSS_PROFIT":70298065.6,"GROSS_PROFIT_YOY":-19.125167735279,"HOLDER_PROFIT":42940352,"HOLDER_PROFIT_YOY":-18.1485233383,"GROSS_PROFIT_RATIO":null,"EPS_TTM":0.10735088,"OPERATE_INCOME_QOQ":-1.874280672971,"NET_PROFIT_RATIO":61.0832625813,"ROE_AVG":6.190468893837,"GROSS_PROFIT_QOQ":-1.874280672971,"ROA":5.821383720299,"HOLDER_PROFIT_QOQ":-4.408655288895,"ROE_YEARLY":6.190468893837,"ROIC_YEARLY":6.609544196922,"TOTAL_ASSETS":740302460.8,"TOTAL_LIABILITIES":40877547.2,"TAX_EBT":16.513003115661,"OCF_SALES":19.143764320024,"TOTAL_PARENT_EQUITY":699424913.6,"DEBT_ASSET_RATIO":5.5217359612,"OPERATE_PROFIT":51723828.8,"PRETAX_PROFIT":51433580.8,"NETCASH_OPERATE":13457696,"NETCASH_INVEST":-284524.8,"NETCASH_FINANCE":-54466059.2,"END_CASH":67313008,"DIVI_RATIO":0.42208317249,"DIVIDEND_RATE":9.090909090909,"CURRENT_RATIO":9.470514941245,"COMMON_ACS":10000000000,"CURRENTDEBT_DEBT":93.103586215173,"ISSUED_COMMON_SHARES":400000000,"HK_COMMON_SHARES":400000000,"PER_SHARES":2000,"TOTAL_MARKET_CAP":220000000,"HKSK_MARKET_CAP":220000000,"PE_TTM":4.622819920151,"PB_TTM":0.239177230328,"REPORT_DATE_SQ":"2020-12-31 00:00:00","REPORT_TYPE_SQ":"2020年年报","OPERATE_INCOME_SQ":86922054.28,"DPS_HKD":0.05,"OPERATE_INCOME_QOQ_SQ":-17.529582835643,"NET_PROFIT_RATIO_SQ":62.1290316334,"HOLDER_PROFIT_SQ":54003830.6,"HOLDER_PROFIT_QOQ_SQ":-8.729044592578,"ROE_AVG_SQ":7.884048639905,"PE_TTM_SQ":3.768918202697,"PB_TTM_SQ":0.215191150264,"ROA_SQ":6.775245881819,"START_DATE":"2021-01-01 00:00:00","FISCAL_YEAR":"12-31","CURRENCY":"HKD","IS_CNY_CODE":0,"DPS_HKD_LY":0.032,"ORG_TYPE":"一般企业","PREMIUM_INCOME":null,"PREMIUM_INCOME_YOY":null,"NET_INTEREST_INCOME":null,"NET_INTEREST_INCOME_YOY":null,"FEE_COMMISSION_INCOME":null,"FEE_COMMISSION_INCOME_YOY":null,"ACCOUNTS_RECE_TDAYS":null,"INVENTORY_TDAYS":null,"CURRENT_ASSETS_TDAYS":0.175505992507,"TOTAL_ASSETS_TDAYS":0.095302435959,"PREMIUM_EXPENSE":null,"LOAN_DEPOSIT":null,"LOAN_EQUITY":null,"LOAN_ASSETS":null,"DEPOSIT_EQUITY":null,"DEPOSIT_ASSETS":null,"EQUITY_MULTIPLIER":1.058444511205,"EQUITY_RATIO":0.058444511205},{"SECUCODE":"01669.HK","SECURITY_CODE":"01669","SECURITY_NAME_ABBR":"环球信贷集团","ORG_CODE":"10427624","STD_REPORT_DATE":"2021-06-30 00:00:00","REPORT_DATE":"2021-06-30 00:00:00","DATE_TYPE_CODE":"002","REPORT_TYPE":"2021年中报","PER_NETCASH_OPERATE":0.0880569462,"PER_OI":0.0901101036,"BPS":1.7261145966,"BASIC_EPS":0.05574936,"DILUTED_EPS":0.05574936,"OPERATE_INCOME":36044041.44,"OPERATE_INCOME_YOY":-22.9066187332,"GROSS_PROFIT":36044041.44,"GROSS_PROFIT_YOY":-29.773317695223,"HOLDER_PROFIT":22334691.36,"HOLDER_PROFIT_YOY":-21.9595871493,"GROSS_PROFIT_RATIO":null,"EPS_TTM":0.1123018829,"OPERATE_INCOME_QOQ":-17.580392969976,"NET_PROFIT_RATIO":61.9650030011,"ROE_AVG":3.212448627391,"GROSS_PROFIT_QOQ":-17.580392969976,"ROA":2.995200671303,"HOLDER_PROFIT_QOQ":-16.819320665005,"ROE_YEARLY":6.424897254782,"ROIC_YEARLY":6.932518229111,"TOTAL_ASSETS":743388592.8,"TOTAL_LIABILITIES":52942754.16,"TAX_EBT":16.249609984399,"OCF_SALES":97.721501454361,"TOTAL_PARENT_EQUITY":690445838.64,"DEBT_ASSET_RATIO":7.1218141727,"OPERATE_PROFIT":26793808.08,"PRETAX_PROFIT":26668164,"NETCASH_OPERATE":35222778.48,"NETCASH_INVEST":2496.24,"NETCASH_FINANCE":-53610082.32,"END_CASH":92144539.2,"DIVI_RATIO":0.403474980383,"DIVIDEND_RATE":9.090909090909,"CURRENT_RATIO":8.227707562321,"COMMON_ACS":10000000000,"CURRENTDEBT_DEBT":90.03096169865,"ISSUED_COMMON_SHARES":400000000,"HK_COMMON_SHARES":400000000,"PER_SHARES":2000,"TOTAL_MARKET_CAP":220000000,"HKSK_MARKET_CAP":220000000,"PE_TTM":4.622819920151,"PB_TTM":0.239177230328,"REPORT_DATE_SQ":"2020-06-30 00:00:00","REPORT_TYPE_SQ":"2020年中报","OPERATE_INCOME_SQ":51325280.16,"DPS_HKD":0.05,"OPERATE_INCOME_QOQ_SQ":-3.348670264989,"NET_PROFIT_RATIO_SQ":61.2130488174,"HOLDER_PROFIT_SQ":31417768.8,"HOLDER_PROFIT_QOQ_SQ":5.684328062694,"ROE_AVG_SQ":4.304898723174,"PE_TTM_SQ":3.768918202697,"PB_TTM_SQ":0.215191150264,"ROA_SQ":3.640325856527,"START_DATE":"2021-01-01 00:00:00","FISCAL_YEAR":"12-31","CURRENCY":"HKD","IS_CNY_CODE":0,"DPS_HKD_LY":0.032,"ORG_TYPE":"一般企业","PREMIUM_INCOME":null,"PREMIUM_INCOME_YOY":null,"NET_INTEREST_INCOME":null,"NET_INTEREST_INCOME_YOY":null,"FEE_COMMISSION_INCOME":null,"FEE_COMMISSION_INCOME_YOY":null,"ACCOUNTS_RECE_TDAYS":null,"INVENTORY_TDAYS":null,"CURRENT_ASSETS_TDAYS":0.085754444312,"TOTAL_ASSETS_TDAYS":0.048336972908,"PREMIUM_EXPENSE":null,"LOAN_DEPOSIT":null,"LOAN_EQUITY":null,"LOAN_ASSETS":null,"DEPOSIT_EQUITY":null,"DEPOSIT_ASSETS":null,"EQUITY_MULTIPLIER":1.076679083568,"EQUITY_RATIO":0.076679083568},{"SECUCODE":"01669.HK","SECURITY_CODE":"01669","SECURITY_NAME_ABBR":"环球信贷集团","ORG_CODE":"10427624","STD_REPORT_DATE":"2020-12-31 00:00:00","REPORT_DATE":"2020-12-31 00:00:00","DATE_TYPE_CODE":"001","REPORT_TYPE":"2020年年报","PER_NETCASH_OPERATE":0.5260228959,"PER_OI":0.2173051357,"BPS":1.7702655981,"BASIC_EPS":0.1346624,"DILUTED_EPS":0.1346624,"OPERATE_INCOME":86922054.28,"OPERATE_INCOME_YOY":-15.1638367957,"GROSS_PROFIT":86922054.28,"GROSS_PROFIT_YOY":-20.291245172638,"HOLDER_PROFIT":54003830.6,"HOLDER_PROFIT_YOY":2.664,"GROSS_PROFIT_RATIO":null,"EPS_TTM":0.1350095765,"OPERATE_INCOME_QOQ":-17.529582835643,"NET_PROFIT_RATIO":62.1290316334,"ROE_AVG":7.884048639905,"GROSS_PROFIT_QOQ":-17.529582835643,"ROA":6.775245881819,"HOLDER_PROFIT_QOQ":-8.729044592578,"ROE_YEARLY":7.884048639905,"ROIC_YEARLY":7.413355362161,"TOTAL_ASSETS":756570395.36,"TOTAL_LIABILITIES":48464156.12,"TAX_EBT":16.222744483614,"OCF_SALES":242.066481404379,"TOTAL_PARENT_EQUITY":708106239.24,"DEBT_ASSET_RATIO":6.4057695645,"OPERATE_PROFIT":68746838.48,"PRETAX_PROFIT":64461207.6,"NETCASH_OPERATE":210409158.36,"NETCASH_INVEST":23565.92,"NETCASH_FINANCE":-124051844.52,"END_CASH":111799249.4,"DIVI_RATIO":0.335613229629,"DIVIDEND_RATE":9.090909090909,"CURRENT_RATIO":9.359776322873,"COMMON_ACS":10000000000,"CURRENTDEBT_DEBT":100,"ISSUED_COMMON_SHARES":400000000,"HK_COMMON_SHARES":400000000,"PER_SHARES":2000,"TOTAL_MARKET_CAP":220000000,"HKSK_MARKET_CAP":220000000,"PE_TTM":4.622819920151,"PB_TTM":0.239177230328,"REPORT_DATE_SQ":"2019-12-31 00:00:00","REPORT_TYPE_SQ":"2019年年报","OPERATE_INCOME_SQ":109049569.86,"DPS_HKD":0.05,"OPERATE_INCOME_QOQ_SQ":-7.701555944987,"NET_PROFIT_RATIO_SQ":51.3401841675,"HOLDER_PROFIT_SQ":55986250,"HOLDER_PROFIT_QOQ_SQ":-13.053453073944,"ROE_AVG_SQ":8.160057237905,"PE_TTM_SQ":3.768918202697,"PB_TTM_SQ":0.215191150264,"ROA_SQ":5.950660928008,"START_DATE":"2020-01-01 00:00:00","FISCAL_YEAR":"12-31","CURRENCY":"HKD","IS_CNY_CODE":0,"DPS_HKD_LY":0.023,"ORG_TYPE":"一般企业","PREMIUM_INCOME":null,"PREMIUM_INCOME_YOY":null,"NET_INTEREST_INCOME":null,"NET_INTEREST_INCOME_YOY":null,"FEE_COMMISSION_INCOME":null,"FEE_COMMISSION_INCOME_YOY":null,"ACCOUNTS_RECE_TDAYS":null,"INVENTORY_TDAYS":null,"CURRENT_ASSETS_TDAYS":0.164891782633,"TOTAL_ASSETS_TDAYS":0.109051206879,"PREMIUM_EXPENSE":null,"LOAN_DEPOSIT":null,"LOAN_EQUITY":null,"LOAN_ASSETS":null,"DEPOSIT_EQUITY":null,"DEPOSIT_ASSETS":null,"EQUITY_MULTIPLIER":1.068441927827,"EQUITY_RATIO":0.068441927827},{"SECUCODE":"01669.HK","SECURITY_CODE":"01669","SECURITY_NAME_ABBR":"环球信贷集团","ORG_CODE":"10427624","STD_REPORT_DATE":"2020-06-30 00:00:00","REPORT_DATE":"2020-06-30 00:00:00","DATE_TYPE_CODE":"002","REPORT_TYPE":"2020年中报","PER_NETCASH_OPERATE":0.2860254672,"PER_OI":0.1283132004,"BPS":1.8533035356,"BASIC_EPS":0.07855584,"DILUTED_EPS":0.07855584,"OPERATE_INCOME":51325280.16,"OPERATE_INCOME_YOY":-10.0947230311,"GROSS_PROFIT":51325280.16,"GROSS_PROFIT_YOY":-6.642252467501,"HOLDER_PROFIT":31417768.8,"HOLDER_PROFIT_YOY":7.1562091096,"GROSS_PROFIT_RATIO":null,"EPS_TTM":0.1479217303,"OPERATE_INCOME_QOQ":-3.348670264989,"NET_PROFIT_RATIO":61.2130488174,"ROE_AVG":4.304898723174,"GROSS_PROFIT_QOQ":-3.348670264989,"ROA":3.640325856527,"HOLDER_PROFIT_QOQ":5.684328062694,"ROE_YEARLY":8.609797446348,"ROIC_YEARLY":7.4920317521,"TOTAL_ASSETS":817062032.16,"TOTAL_LIABILITIES":75740617.92,"TAX_EBT":16.350503429155,"OCF_SALES":222.91195785652,"TOTAL_PARENT_EQUITY":741321414.24,"DEBT_ASSET_RATIO":9.2698736374,"OPERATE_PROFIT":41786226.24,"PRETAX_PROFIT":37558825.92,"NETCASH_OPERATE":114410186.88,"NETCASH_INVEST":-3653.76,"NETCASH_FINANCE":-120880082.4,"END_CASH":21113252.16,"DIVI_RATIO":0.306317401156,"DIVIDEND_RATE":9.090909090909,"CURRENT_RATIO":6.250247232205,"COMMON_ACS":10000000000,"CURRENTDEBT_DEBT":100,"ISSUED_COMMON_SHARES":400000000,"HK_COMMON_SHARES":400000000,"PER_SHARES":2000,"TOTAL_MARKET_CAP":220000000,"HKSK_MARKET_CAP":220000000,"PE_TTM":4.622819920151,"PB_TTM":0.239177230328,"REPORT_DATE_SQ":"2019-06-30 00:00:00","REPORT_TYPE_SQ":"2019年中报","OPERATE_INCOME_SQ":54976990.68,"DPS_HKD":0.05,"OPERATE_INCOME_QOQ_SQ":8.501456266919,"NET_PROFIT_RATIO_SQ":51.3584434702,"HOLDER_PROFIT_SQ":28235326.68,"HOLDER_PROFIT_QOQ_SQ":7.420496737138,"ROE_AVG_SQ":4.248436517653,"PE_TTM_SQ":3.768918202697,"PB_TTM_SQ":0.215191150264,"ROA_SQ":2.970707095481,"START_DATE":"2020-01-01 00:00:00","FISCAL_YEAR":"12-31","CURRENCY":"HKD","IS_CNY_CODE":0,"DPS_HKD_LY":0.023,"ORG_TYPE":"一般企业","PREMIUM_INCOME":null,"PREMIUM_INCOME_YOY":null,"NET_INTEREST_INCOME":null,"NET_INTEREST_INCOME_YOY":null,"FEE_COMMISSION_INCOME":null,"FEE_COMMISSION_INCOME_YOY":null,"ACCOUNTS_RECE_TDAYS":null,"INVENTORY_TDAYS":null,"CURRENT_ASSETS_TDAYS":0.09121901883,"TOTAL_ASSETS_TDAYS":0.059469768732,"PREMIUM_EXPENSE":null,"LOAN_DEPOSIT":null,"LOAN_EQUITY":null,"LOAN_ASSETS":null,"DEPOSIT_EQUITY":null,"DEPOSIT_ASSETS":null,"EQUITY_MULTIPLIER":1.102169742389,"EQUITY_RATIO":0.102169742389}],"count":24},"success":true,"message":"ok","code":0}