{"version":"b23b1e2b96bebcee10897b4fa86b42e6","result":{"pages":3,"data":[{"SECUCODE":"01660.HK","SECURITY_CODE":"01660","SECURITY_NAME_ABBR":"兆邦基生活","ORG_CODE":"10563890","STD_REPORT_DATE":"2024-06-30 00:00:00","REPORT_DATE":"2024-09-30 00:00:00","DATE_TYPE_CODE":"002","REPORT_TYPE":"2024年中报","PER_NETCASH_OPERATE":0.00658838021,"PER_OI":0.01613337974,"BPS":0.057395621842,"BASIC_EPS":-0.001082148,"DILUTED_EPS":-0.001082148,"OPERATE_INCOME":99946287.49,"OPERATE_INCOME_YOY":-27.544863204,"GROSS_PROFIT":25113949.71,"GROSS_PROFIT_YOY":0.066817107205,"HOLDER_PROFIT":-6643486.93,"HOLDER_PROFIT_YOY":-229.4272663387,"GROSS_PROFIT_RATIO":25.127446292102,"EPS_TTM":-0.004102376546,"OPERATE_INCOME_QOQ":0,"NET_PROFIT_RATIO":-6.6470572313,"ROE_AVG":-1.857953678519,"GROSS_PROFIT_QOQ":0,"ROA":-1.414227314917,"HOLDER_PROFIT_QOQ":0,"ROE_YEARLY":-3.715907357038,"ROIC_YEARLY":-3.059353619668,"TOTAL_ASSETS":473871707.41,"TOTAL_LIABILITIES":118305830.1,"TAX_EBT":18.623660664973,"OCF_SALES":40.836949950826,"TOTAL_PARENT_EQUITY":355565877.31,"DEBT_ASSET_RATIO":24.9657931145,"OPERATE_PROFIT":-8721211.09,"PRETAX_PROFIT":-8163904.87,"NETCASH_OPERATE":40815015.4,"NETCASH_INVEST":-12413139.35,"NETCASH_FINANCE":-17549735.19,"END_CASH":40041279.58,"DIVI_RATIO":null,"DIVIDEND_RATE":null,"CURRENT_RATIO":2.024176099279,"COMMON_ACS":10000000000,"CURRENTDEBT_DEBT":85.254973702264,"ISSUED_COMMON_SHARES":6195000000,"HK_COMMON_SHARES":6195000000,"PER_SHARES":8000,"TOTAL_MARKET_CAP":960225000,"HKSK_MARKET_CAP":960225000,"PE_TTM":-23.367118487334,"PB_TTM":2.435332966428,"REPORT_DATE_SQ":"2023-06-30 00:00:00","REPORT_TYPE_SQ":"2023年中报","OPERATE_INCOME_SQ":140365272.95,"DPS_HKD":null,"OPERATE_INCOME_QOQ_SQ":0,"NET_PROFIT_RATIO_SQ":3.7211126728,"HOLDER_PROFIT_SQ":5223149.96,"HOLDER_PROFIT_QOQ_SQ":0,"ROE_AVG_SQ":1.312341706851,"PE_TTM_SQ":-189.653668547973,"PB_TTM_SQ":2.561087989801,"ROA_SQ":1.031905308366,"START_DATE":"2024-04-01 00:00:00","FISCAL_YEAR":"3-31","CURRENCY":"HKD","IS_CNY_CODE":0,"DPS_HKD_LY":null,"ORG_TYPE":"一般企业","PREMIUM_INCOME":null,"PREMIUM_INCOME_YOY":null,"NET_INTEREST_INCOME":null,"NET_INTEREST_INCOME_YOY":null,"FEE_COMMISSION_INCOME":null,"FEE_COMMISSION_INCOME_YOY":null,"ACCOUNTS_RECE_TDAYS":0.959006995851,"INVENTORY_TDAYS":16.278960274644,"CURRENT_ASSETS_TDAYS":0.511019817228,"TOTAL_ASSETS_TDAYS":0.212759912501,"PREMIUM_EXPENSE":null,"LOAN_DEPOSIT":null,"LOAN_EQUITY":null,"LOAN_ASSETS":null,"DEPOSIT_EQUITY":null,"DEPOSIT_ASSETS":null,"EQUITY_MULTIPLIER":1.332725488158,"EQUITY_RATIO":0.332725488157},{"SECUCODE":"01660.HK","SECURITY_CODE":"01660","SECURITY_NAME_ABBR":"兆邦基生活","ORG_CODE":"10563890","STD_REPORT_DATE":"2023-12-31 00:00:00","REPORT_DATE":"2024-03-31 00:00:00","DATE_TYPE_CODE":"001","REPORT_TYPE":"2023年年报","PER_NETCASH_OPERATE":0.012293959419,"PER_OI":0.039172764496,"BPS":0.058349040791,"BASIC_EPS":-0.004079475,"DILUTED_EPS":-0.004079475,"OPERATE_INCOME":242675276.05,"OPERATE_INCOME_YOY":3.614434514,"GROSS_PROFIT":37452300.15,"GROSS_PROFIT_YOY":30.633838312273,"HOLDER_PROFIT":-25414222.7,"HOLDER_PROFIT_YOY":31.5993656216,"GROSS_PROFIT_RATIO":15.433092632924,"EPS_TTM":-0.000649457409,"OPERATE_INCOME_QOQ":0,"NET_PROFIT_RATIO":-10.4725224232,"ROE_AVG":-6.729163991268,"GROSS_PROFIT_QOQ":0,"ROA":-5.218890320275,"HOLDER_PROFIT_QOQ":0,"ROE_YEARLY":-6.729163991268,"ROIC_YEARLY":-5.624201278756,"TOTAL_ASSETS":468107971.1,"TOTAL_LIABILITIES":106680084.35,"TAX_EBT":0.528687506653,"OCF_SALES":31.38394641583,"TOTAL_PARENT_EQUITY":361472307.7,"DEBT_ASSET_RATIO":22.7896320798,"OPERATE_PROFIT":-25835768.45,"PRETAX_PROFIT":-25549298.65,"NETCASH_OPERATE":76161078.6,"NETCASH_INVEST":-52278018.85,"NETCASH_FINANCE":-31611398.5,"END_CASH":31074720.9,"DIVI_RATIO":null,"DIVIDEND_RATE":null,"CURRENT_RATIO":2.064328591481,"COMMON_ACS":10000000000,"CURRENTDEBT_DEBT":85.363325033779,"ISSUED_COMMON_SHARES":6195000000,"HK_COMMON_SHARES":6195000000,"PER_SHARES":8000,"TOTAL_MARKET_CAP":848715000,"HKSK_MARKET_CAP":848715000,"PE_TTM":-20.65351763074,"PB_TTM":2.152520105811,"REPORT_DATE_SQ":"2022-12-31 00:00:00","REPORT_TYPE_SQ":"2022年年报","OPERATE_INCOME_SQ":226164799.73,"DPS_HKD":null,"OPERATE_INCOME_QOQ_SQ":0,"NET_PROFIT_RATIO_SQ":-15.8639535829,"HOLDER_PROFIT_SQ":-35878678.85,"HOLDER_PROFIT_QOQ_SQ":0,"ROE_AVG_SQ":-8.886099222507,"PE_TTM_SQ":-30.98633646456,"PB_TTM_SQ":2.933089597258,"ROA_SQ":-6.997442437777,"START_DATE":"2023-04-01 00:00:00","FISCAL_YEAR":"3-31","CURRENCY":"HKD","IS_CNY_CODE":0,"DPS_HKD_LY":null,"ORG_TYPE":"一般企业","PREMIUM_INCOME":null,"PREMIUM_INCOME_YOY":null,"NET_INTEREST_INCOME":null,"NET_INTEREST_INCOME_YOY":null,"FEE_COMMISSION_INCOME":null,"FEE_COMMISSION_INCOME_YOY":null,"ACCOUNTS_RECE_TDAYS":2.570812565425,"INVENTORY_TDAYS":35.566064414768,"CURRENT_ASSETS_TDAYS":1.217793022817,"TOTAL_ASSETS_TDAYS":0.498341288694,"PREMIUM_EXPENSE":null,"LOAN_DEPOSIT":null,"LOAN_EQUITY":null,"LOAN_ASSETS":null,"DEPOSIT_EQUITY":null,"DEPOSIT_ASSETS":null,"EQUITY_MULTIPLIER":1.295162847862,"EQUITY_RATIO":0.295126575612},{"SECUCODE":"01660.HK","SECURITY_CODE":"01660","SECURITY_NAME_ABBR":"兆邦基生活","ORG_CODE":"10563890","STD_REPORT_DATE":"2023-06-30 00:00:00","REPORT_DATE":"2023-09-30 00:00:00","DATE_TYPE_CODE":"002","REPORT_TYPE":"2023年中报","PER_NETCASH_OPERATE":0.000112870712,"PER_OI":0.022657832599,"BPS":0.064135152972,"BASIC_EPS":0.000825867,"DILUTED_EPS":0.000825867,"OPERATE_INCOME":140365272.95,"OPERATE_INCOME_YOY":18.7708673034,"GROSS_PROFIT":25097180.5,"GROSS_PROFIT_YOY":61.499602645753,"HOLDER_PROFIT":5223149.96,"HOLDER_PROFIT_YOY":119.3302995313,"GROSS_PROFIT_RATIO":17.879907168307,"EPS_TTM":-0.005791554294,"OPERATE_INCOME_QOQ":0,"NET_PROFIT_RATIO":3.7211126728,"ROE_AVG":1.312341706851,"GROSS_PROFIT_QOQ":0,"ROA":1.031905308366,"HOLDER_PROFIT_QOQ":0,"ROE_YEARLY":2.624683413702,"ROIC_YEARLY":2.244942027685,"TOTAL_ASSETS":500324910.68,"TOTAL_LIABILITIES":103051684.26,"TAX_EBT":37.31967844951,"OCF_SALES":0.498153172294,"TOTAL_PARENT_EQUITY":397317272.66,"DEBT_ASSET_RATIO":20.5969525123,"OPERATE_PROFIT":8704638.18,"PRETAX_PROFIT":8332998.03,"NETCASH_OPERATE":699234.06,"NETCASH_INVEST":11072123.58,"NETCASH_FINANCE":-13328575.75,"END_CASH":41262150.58,"DIVI_RATIO":null,"DIVIDEND_RATE":null,"CURRENT_RATIO":2.84621244439,"COMMON_ACS":10000000000,"CURRENTDEBT_DEBT":87.668964043383,"ISSUED_COMMON_SHARES":6195000000,"HK_COMMON_SHARES":6195000000,"PER_SHARES":8000,"TOTAL_MARKET_CAP":848715000,"HKSK_MARKET_CAP":848715000,"PE_TTM":-20.65351763074,"PB_TTM":2.152520105811,"REPORT_DATE_SQ":"2022-06-30 00:00:00","REPORT_TYPE_SQ":"2022年中报","OPERATE_INCOME_SQ":116482827.6,"DPS_HKD":null,"OPERATE_INCOME_QOQ_SQ":0,"NET_PROFIT_RATIO_SQ":-22.8635763646,"HOLDER_PROFIT_SQ":-26632140.24,"HOLDER_PROFIT_QOQ_SQ":0,"ROE_AVG_SQ":-6.34176755826,"PE_TTM_SQ":-30.98633646456,"PB_TTM_SQ":2.933089597258,"ROA_SQ":-5.032175263114,"START_DATE":"2023-04-01 00:00:00","FISCAL_YEAR":"3-31","CURRENCY":"HKD","IS_CNY_CODE":0,"DPS_HKD_LY":null,"ORG_TYPE":"一般企业","PREMIUM_INCOME":null,"PREMIUM_INCOME_YOY":null,"NET_INTEREST_INCOME":null,"NET_INTEREST_INCOME_YOY":null,"FEE_COMMISSION_INCOME":null,"FEE_COMMISSION_INCOME_YOY":null,"ACCOUNTS_RECE_TDAYS":1.192904881111,"INVENTORY_TDAYS":16.857679661813,"CURRENT_ASSETS_TDAYS":0.596952892372,"TOTAL_ASSETS_TDAYS":0.277310954839,"PREMIUM_EXPENSE":null,"LOAN_DEPOSIT":null,"LOAN_EQUITY":null,"LOAN_ASSETS":null,"DEPOSIT_EQUITY":null,"DEPOSIT_ASSETS":null,"EQUITY_MULTIPLIER":1.259397506317,"EQUITY_RATIO":0.25936874974},{"SECUCODE":"01660.HK","SECURITY_CODE":"01660","SECURITY_NAME_ABBR":"兆邦基生活","ORG_CODE":"10563890","STD_REPORT_DATE":"2022-12-31 00:00:00","REPORT_DATE":"2023-03-31 00:00:00","DATE_TYPE_CODE":"001","REPORT_TYPE":"2022年年报","PER_NETCASH_OPERATE":0.024488446613,"PER_OI":0.036507635146,"BPS":0.061395280024,"BASIC_EPS":-0.005777706,"DILUTED_EPS":-0.005777706,"OPERATE_INCOME":226164799.73,"OPERATE_INCOME_YOY":-5.0165810043,"GROSS_PROFIT":28669677.5,"GROSS_PROFIT_YOY":-66.049206749308,"HOLDER_PROFIT":-35878678.85,"HOLDER_PROFIT_YOY":-207.8921736383,"GROSS_PROFIT_RATIO":12.67645430864,"EPS_TTM":-0.004485953461,"OPERATE_INCOME_QOQ":0,"NET_PROFIT_RATIO":-15.8639535829,"ROE_AVG":-8.886099222507,"GROSS_PROFIT_QOQ":0,"ROA":-6.997442437777,"HOLDER_PROFIT_QOQ":0,"ROE_YEARLY":-8.886099222507,"ROIC_YEARLY":-7.565025347496,"TOTAL_ASSETS":488449016.06,"TOTAL_LIABILITIES":108150777.63,"TAX_EBT":-15.62658692095,"OCF_SALES":67.077603124407,"TOTAL_PARENT_EQUITY":380343759.75,"DEBT_ASSET_RATIO":22.1416717148,"OPERATE_PROFIT":-33275209.51,"PRETAX_PROFIT":-31029782.86,"NETCASH_OPERATE":151457310.33,"NETCASH_INVEST":-137497147.06,"NETCASH_FINANCE":-14888097.87,"END_CASH":37857105.45,"DIVI_RATIO":null,"DIVIDEND_RATE":null,"CURRENT_RATIO":2.385679656525,"COMMON_ACS":10000000000,"CURRENTDEBT_DEBT":78.804950503064,"ISSUED_COMMON_SHARES":6195000000,"HK_COMMON_SHARES":6195000000,"PER_SHARES":8000,"TOTAL_MARKET_CAP":960225000,"HKSK_MARKET_CAP":960225000,"PE_TTM":-23.367118487334,"PB_TTM":2.435332966428,"REPORT_DATE_SQ":"2021-12-31 00:00:00","REPORT_TYPE_SQ":"2021年年报","OPERATE_INCOME_SQ":220593097.98,"DPS_HKD":null,"OPERATE_INCOME_QOQ_SQ":0,"NET_PROFIT_RATIO_SQ":13.9659115141,"HOLDER_PROFIT_SQ":30807836.87,"HOLDER_PROFIT_QOQ_SQ":0,"ROE_AVG_SQ":8.169642617116,"PE_TTM_SQ":-32.497865072588,"PB_TTM_SQ":3.076167138588,"ROA_SQ":6.418934903244,"START_DATE":"2022-04-01 00:00:00","FISCAL_YEAR":"3-31","CURRENCY":"HKD","IS_CNY_CODE":0,"DPS_HKD_LY":null,"ORG_TYPE":"一般企业","PREMIUM_INCOME":null,"PREMIUM_INCOME_YOY":null,"NET_INTEREST_INCOME":null,"NET_INTEREST_INCOME_YOY":null,"FEE_COMMISSION_INCOME":null,"FEE_COMMISSION_INCOME_YOY":null,"ACCOUNTS_RECE_TDAYS":1.751124305676,"INVENTORY_TDAYS":28.256888777555,"CURRENT_ASSETS_TDAYS":0.860422363062,"TOTAL_ASSETS_TDAYS":0.441090702971,"PREMIUM_EXPENSE":null,"LOAN_DEPOSIT":null,"LOAN_EQUITY":null,"LOAN_ASSETS":null,"DEPOSIT_EQUITY":null,"DEPOSIT_ASSETS":null,"EQUITY_MULTIPLIER":1.284384114101,"EQUITY_RATIO":0.28435007768},{"SECUCODE":"01660.HK","SECURITY_CODE":"01660","SECURITY_NAME_ABBR":"兆邦基生活","ORG_CODE":"10563890","STD_REPORT_DATE":"2022-06-30 00:00:00","REPORT_DATE":"2022-09-30 00:00:00","DATE_TYPE_CODE":"002","REPORT_TYPE":"2022年中报","PER_NETCASH_OPERATE":0.017581466828,"PER_OI":0.01880271632,"BPS":0.064334226053,"BASIC_EPS":-0.004250868,"DILUTED_EPS":-0.004250868,"OPERATE_INCOME":116482827.6,"OPERATE_INCOME_YOY":-6.2472701861,"GROSS_PROFIT":15540088.08,"GROSS_PROFIT_YOY":-68.153809953626,"HOLDER_PROFIT":-26632140.24,"HOLDER_PROFIT_YOY":-176.7382466382,"GROSS_PROFIT_RATIO":13.341097911329,"EPS_TTM":0.004973016444,"OPERATE_INCOME_QOQ":0,"NET_PROFIT_RATIO":-22.8635763646,"ROE_AVG":-6.34176755826,"GROSS_PROFIT_QOQ":0,"ROA":-5.032175263114,"HOLDER_PROFIT_QOQ":0,"ROE_YEARLY":-12.68353511652,"ROIC_YEARLY":-10.860392723839,"TOTAL_ASSETS":503634700.68,"TOTAL_LIABILITIES":105386253.24,"TAX_EBT":-26.622231778112,"OCF_SALES":93.504930507027,"TOTAL_PARENT_EQUITY":398550530.4,"DEBT_ASSET_RATIO":20.9251374255,"OPERATE_PROFIT":-20955874.8,"PRETAX_PROFIT":-21032752.2,"NETCASH_OPERATE":108917187,"NETCASH_INVEST":-86878697.52,"NETCASH_FINANCE":-13096291.2,"END_CASH":37461000.36,"DIVI_RATIO":null,"DIVIDEND_RATE":null,"CURRENT_RATIO":3.8654461077,"COMMON_ACS":10000000000,"CURRENTDEBT_DEBT":60.656877301087,"ISSUED_COMMON_SHARES":6195000000,"HK_COMMON_SHARES":6195000000,"PER_SHARES":8000,"TOTAL_MARKET_CAP":960225000,"HKSK_MARKET_CAP":960225000,"PE_TTM":-23.367118487334,"PB_TTM":2.435332966428,"REPORT_DATE_SQ":"2021-06-30 00:00:00","REPORT_TYPE_SQ":"2021年中报","OPERATE_INCOME_SQ":114439118.32,"DPS_HKD":null,"OPERATE_INCOME_QOQ_SQ":0,"NET_PROFIT_RATIO_SQ":27.9329120927,"HOLDER_PROFIT_SQ":31966178.32,"HOLDER_PROFIT_QOQ_SQ":0,"ROE_AVG_SQ":8.300291803754,"PE_TTM_SQ":-32.497865072588,"PB_TTM_SQ":3.076167138588,"ROA_SQ":6.538465798381,"START_DATE":"2022-04-01 00:00:00","FISCAL_YEAR":"3-31","CURRENCY":"HKD","IS_CNY_CODE":0,"DPS_HKD_LY":null,"ORG_TYPE":"一般企业","PREMIUM_INCOME":null,"PREMIUM_INCOME_YOY":null,"NET_INTEREST_INCOME":null,"NET_INTEREST_INCOME_YOY":null,"FEE_COMMISSION_INCOME":null,"FEE_COMMISSION_INCOME_YOY":null,"ACCOUNTS_RECE_TDAYS":0.961252113165,"INVENTORY_TDAYS":13.649850180395,"CURRENT_ASSETS_TDAYS":0.4015508299,"TOTAL_ASSETS_TDAYS":0.22009571831,"PREMIUM_EXPENSE":null,"LOAN_DEPOSIT":null,"LOAN_EQUITY":null,"LOAN_ASSETS":null,"DEPOSIT_EQUITY":null,"DEPOSIT_ASSETS":null,"EQUITY_MULTIPLIER":1.264624391927,"EQUITY_RATIO":0.264423818817},{"SECUCODE":"01660.HK","SECURITY_CODE":"01660","SECURITY_NAME_ABBR":"兆邦基生活","ORG_CODE":"10563890","STD_REPORT_DATE":"2021-12-31 00:00:00","REPORT_DATE":"2022-03-31 00:00:00","DATE_TYPE_CODE":"001","REPORT_TYPE":"2021年年报","PER_NETCASH_OPERATE":-0.00981734478,"PER_OI":0.035608248262,"BPS":0.063882845322,"BASIC_EPS":0.004947161,"DILUTED_EPS":0.004947161,"OPERATE_INCOME":220593097.98,"OPERATE_INCOME_YOY":13.2819951105,"GROSS_PROFIT":84444794.23,"GROSS_PROFIT_YOY":-8.753233480682,"HOLDER_PROFIT":30807836.87,"HOLDER_PROFIT_YOY":-56.9406030379,"GROSS_PROFIT_RATIO":38.280796182325,"EPS_TTM":0.010349439819,"OPERATE_INCOME_QOQ":0,"NET_PROFIT_RATIO":13.9659115141,"ROE_AVG":8.169642617116,"GROSS_PROFIT_QOQ":0,"ROA":6.418934903244,"HOLDER_PROFIT_QOQ":0,"ROE_YEARLY":8.169642617116,"ROIC_YEARLY":7.558594177493,"TOTAL_ASSETS":497523816.62,"TOTAL_LIABILITIES":101814195.4,"TAX_EBT":37.404014105395,"OCF_SALES":-27.570423311936,"TOTAL_PARENT_EQUITY":395754226.77,"DEBT_ASSET_RATIO":20.4641852307,"OPERATE_PROFIT":47539784.18,"PRETAX_PROFIT":49216952.86,"NETCASH_OPERATE":-60306703.6,"NETCASH_INVEST":5295895.3,"NETCASH_FINANCE":-15879575.8,"END_CASH":36293508.51,"DIVI_RATIO":null,"DIVIDEND_RATE":null,"CURRENT_RATIO":4.815568893596,"COMMON_ACS":10000000000,"CURRENTDEBT_DEBT":60.91524613669,"ISSUED_COMMON_SHARES":6195000000,"HK_COMMON_SHARES":6195000000,"PER_SHARES":8000,"TOTAL_MARKET_CAP":960225000,"HKSK_MARKET_CAP":960225000,"PE_TTM":-23.367118487334,"PB_TTM":2.435332966428,"REPORT_DATE_SQ":"2020-12-31 00:00:00","REPORT_TYPE_SQ":"2020年年报","OPERATE_INCOME_SQ":202933634.26,"DPS_HKD":null,"OPERATE_INCOME_QOQ_SQ":0,"NET_PROFIT_RATIO_SQ":36.7344558884,"HOLDER_PROFIT_SQ":74561779.6,"HOLDER_PROFIT_QOQ_SQ":0,"ROE_AVG_SQ":22.411397244684,"PE_TTM_SQ":-32.497865072588,"PB_TTM_SQ":3.076167138588,"ROA_SQ":15.596671696425,"START_DATE":"2021-04-01 00:00:00","FISCAL_YEAR":"3-31","CURRENCY":"HKD","IS_CNY_CODE":0,"DPS_HKD_LY":null,"ORG_TYPE":"一般企业","PREMIUM_INCOME":null,"PREMIUM_INCOME_YOY":null,"NET_INTEREST_INCOME":null,"NET_INTEREST_INCOME_YOY":null,"FEE_COMMISSION_INCOME":null,"FEE_COMMISSION_INCOME_YOY":null,"ACCOUNTS_RECE_TDAYS":2.185512835965,"INVENTORY_TDAYS":18.821122260216,"CURRENT_ASSETS_TDAYS":0.864190784227,"TOTAL_ASSETS_TDAYS":0.45961446174,"PREMIUM_EXPENSE":null,"LOAN_DEPOSIT":null,"LOAN_EQUITY":null,"LOAN_ASSETS":null,"DEPOSIT_EQUITY":null,"DEPOSIT_ASSETS":null,"EQUITY_MULTIPLIER":1.257295223417,"EQUITY_RATIO":0.257266223613},{"SECUCODE":"01660.HK","SECURITY_CODE":"01660","SECURITY_NAME_ABBR":"兆邦基生活","ORG_CODE":"10563890","STD_REPORT_DATE":"2021-06-30 00:00:00","REPORT_DATE":"2021-09-30 00:00:00","DATE_TYPE_CODE":"002","REPORT_TYPE":"2021年中报","PER_NETCASH_OPERATE":0.00238702955,"PER_OI":0.018472819745,"BPS":0.064898803061,"BASIC_EPS":0.005164972,"DILUTED_EPS":0.005164972,"OPERATE_INCOME":114439118.32,"OPERATE_INCOME_YOY":16.2681653139,"GROSS_PROFIT":48797322.56,"GROSS_PROFIT_YOY":-7.932627401277,"HOLDER_PROFIT":31966178.32,"HOLDER_PROFIT_YOY":-20.5005490294,"GROSS_PROFIT_RATIO":42.640421628862,"EPS_TTM":0.012035799774,"OPERATE_INCOME_QOQ":0,"NET_PROFIT_RATIO":27.9329120927,"ROE_AVG":8.300291803754,"GROSS_PROFIT_QOQ":0,"ROA":6.538465798381,"HOLDER_PROFIT_QOQ":0,"ROE_YEARLY":16.600583607508,"ROIC_YEARLY":16.535895394474,"TOTAL_ASSETS":502835849.06,"TOTAL_LIABILITIES":100832749.34,"TAX_EBT":23.182254964766,"OCF_SALES":12.921847246892,"TOTAL_PARENT_EQUITY":402048084.96,"DEBT_ASSET_RATIO":20.0528163472,"OPERATE_PROFIT":38587339.2,"PRETAX_PROFIT":41613013.12,"NETCASH_OPERATE":14787648.06,"NETCASH_INVEST":-28823876,"NETCASH_FINANCE":-6182138.26,"END_CASH":93146104.72,"DIVI_RATIO":null,"DIVIDEND_RATE":null,"CURRENT_RATIO":3.652701854494,"COMMON_ACS":10000000000,"CURRENTDEBT_DEBT":72.394021761581,"ISSUED_COMMON_SHARES":6195000000,"HK_COMMON_SHARES":6195000000,"PER_SHARES":8000,"TOTAL_MARKET_CAP":960225000,"HKSK_MARKET_CAP":960225000,"PE_TTM":-23.367118487334,"PB_TTM":2.435332966428,"REPORT_DATE_SQ":"2020-06-30 00:00:00","REPORT_TYPE_SQ":"2020年中报","OPERATE_INCOME_SQ":103821646.72,"DPS_HKD":null,"OPERATE_INCOME_QOQ_SQ":0,"NET_PROFIT_RATIO_SQ":40.8519606267,"HOLDER_PROFIT_SQ":42413178.24,"HOLDER_PROFIT_QOQ_SQ":0,"ROE_AVG_SQ":13.025649467621,"PE_TTM_SQ":-32.497865072588,"PB_TTM_SQ":3.076167138588,"ROA_SQ":8.934966174784,"START_DATE":"2021-04-01 00:00:00","FISCAL_YEAR":"3-31","CURRENCY":"HKD","IS_CNY_CODE":0,"DPS_HKD_LY":null,"ORG_TYPE":"一般企业","PREMIUM_INCOME":null,"PREMIUM_INCOME_YOY":null,"NET_INTEREST_INCOME":null,"NET_INTEREST_INCOME_YOY":null,"FEE_COMMISSION_INCOME":null,"FEE_COMMISSION_INCOME_YOY":null,"ACCOUNTS_RECE_TDAYS":1.960132985175,"INVENTORY_TDAYS":8.711553344389,"CURRENT_ASSETS_TDAYS":0.472642884053,"TOTAL_ASSETS_TDAYS":0.234077484534,"PREMIUM_EXPENSE":null,"LOAN_DEPOSIT":null,"LOAN_EQUITY":null,"LOAN_ASSETS":null,"DEPOSIT_EQUITY":null,"DEPOSIT_ASSETS":null,"EQUITY_MULTIPLIER":1.250825800622,"EQUITY_RATIO":0.250797735674},{"SECUCODE":"01660.HK","SECURITY_CODE":"01660","SECURITY_NAME_ABBR":"兆邦基生活","ORG_CODE":"10563890","STD_REPORT_DATE":"2020-12-31 00:00:00","REPORT_DATE":"2021-03-31 00:00:00","DATE_TYPE_CODE":"001","REPORT_TYPE":"2020年年报","PER_NETCASH_OPERATE":0.014939562667,"PER_OI":0.032757648791,"BPS":0.060298783864,"BASIC_EPS":0.012001556,"DILUTED_EPS":null,"OPERATE_INCOME":202933634.26,"OPERATE_INCOME_YOY":-5.6806040036,"GROSS_PROFIT":92545519.64,"GROSS_PROFIT_YOY":-1.157818350613,"HOLDER_PROFIT":74561779.6,"HOLDER_PROFIT_YOY":138.78092351,"GROSS_PROFIT_RATIO":45.603834956915,"EPS_TTM":0.008762173006,"OPERATE_INCOME_QOQ":0,"NET_PROFIT_RATIO":36.7344558884,"ROE_AVG":22.411397244684,"GROSS_PROFIT_QOQ":0,"ROA":15.596671696425,"HOLDER_PROFIT_QOQ":0,"ROE_YEARLY":22.411397244684,"ROIC_YEARLY":19.13522740706,"TOTAL_ASSETS":481862473.4,"TOTAL_LIABILITIES":108355456.72,"TAX_EBT":16.965252346479,"OCF_SALES":45.606333842828,"TOTAL_PARENT_EQUITY":373550966.04,"DEBT_ASSET_RATIO":22.4868012559,"OPERATE_PROFIT":89275518.22,"PRETAX_PROFIT":89777555.14,"NETCASH_OPERATE":92550590.72,"NETCASH_INVEST":36487265.78,"NETCASH_FINANCE":-82345042.22,"END_CASH":113096916.52,"DIVI_RATIO":null,"DIVIDEND_RATE":null,"CURRENT_RATIO":2.900759544273,"COMMON_ACS":10000000000,"CURRENTDEBT_DEBT":70.242738136096,"ISSUED_COMMON_SHARES":6195000000,"HK_COMMON_SHARES":6195000000,"PER_SHARES":8000,"TOTAL_MARKET_CAP":960225000,"HKSK_MARKET_CAP":960225000,"PE_TTM":-23.367118487334,"PB_TTM":2.435332966428,"REPORT_DATE_SQ":"2019-12-31 00:00:00","REPORT_TYPE_SQ":"2019年年报","OPERATE_INCOME_SQ":232598781.6,"DPS_HKD":null,"OPERATE_INCOME_QOQ_SQ":0,"NET_PROFIT_RATIO_SQ":14.5002514063,"HOLDER_PROFIT_SQ":33757560.2,"HOLDER_PROFIT_QOQ_SQ":0,"ROE_AVG_SQ":11.268593667554,"PE_TTM_SQ":-32.497865072588,"PB_TTM_SQ":3.076167138588,"ROA_SQ":6.488892167349,"START_DATE":"2020-04-01 00:00:00","FISCAL_YEAR":"3-31","CURRENCY":"HKD","IS_CNY_CODE":0,"DPS_HKD_LY":null,"ORG_TYPE":"一般企业","PREMIUM_INCOME":null,"PREMIUM_INCOME_YOY":null,"NET_INTEREST_INCOME":null,"NET_INTEREST_INCOME_YOY":null,"FEE_COMMISSION_INCOME":null,"FEE_COMMISSION_INCOME_YOY":null,"ACCOUNTS_RECE_TDAYS":3.474825974327,"INVENTORY_TDAYS":13.634930577305,"CURRENT_ASSETS_TDAYS":1.044604304027,"TOTAL_ASSETS_TDAYS":0.424492184427,"PREMIUM_EXPENSE":null,"LOAN_DEPOSIT":null,"LOAN_EQUITY":null,"LOAN_ASSETS":null,"DEPOSIT_EQUITY":null,"DEPOSIT_ASSETS":null,"EQUITY_MULTIPLIER":1.290102867902,"EQUITY_RATIO":0.290068736453},{"SECUCODE":"01660.HK","SECURITY_CODE":"01660","SECURITY_NAME_ABBR":"兆邦基生活","ORG_CODE":"10563890","STD_REPORT_DATE":"2020-06-30 00:00:00","REPORT_DATE":"2020-09-30 00:00:00","DATE_TYPE_CODE":"002","REPORT_TYPE":"2020年中报","PER_NETCASH_OPERATE":0.019676093985,"PER_OI":0.016758942166,"BPS":0.056142619377,"BASIC_EPS":0.006854016,"DILUTED_EPS":0.006854016,"OPERATE_INCOME":103821646.72,"OPERATE_INCOME_YOY":-16.4437812493,"GROSS_PROFIT":53001754.24,"GROSS_PROFIT_YOY":18.288089084409,"HOLDER_PROFIT":42413178.24,"HOLDER_PROFIT_YOY":98.8997403882,"GROSS_PROFIT_RATIO":51.05077400953,"EPS_TTM":0.00544916226,"OPERATE_INCOME_QOQ":0,"NET_PROFIT_RATIO":40.8519606267,"ROE_AVG":13.025649467621,"GROSS_PROFIT_QOQ":0,"ROA":8.934966174784,"HOLDER_PROFIT_QOQ":0,"ROE_YEARLY":26.051298935242,"ROIC_YEARLY":21.677518450278,"TOTAL_ASSETS":456292934.4,"TOTAL_LIABILITIES":108532464.64,"TAX_EBT":17.420315146538,"OCF_SALES":117.406539089809,"TOTAL_PARENT_EQUITY":347803527.04,"DEBT_ASSET_RATIO":23.7856991546,"OPERATE_PROFIT":39279662.72,"PRETAX_PROFIT":51360305.28,"NETCASH_OPERATE":121893402.24,"NETCASH_INVEST":-20084024.32,"NETCASH_FINANCE":-69565626.24,"END_CASH":100510629.76,"DIVI_RATIO":null,"DIVIDEND_RATE":null,"CURRENT_RATIO":2.753183530196,"COMMON_ACS":10000000000,"CURRENTDEBT_DEBT":63.198717533519,"ISSUED_COMMON_SHARES":6195000000,"HK_COMMON_SHARES":6195000000,"PER_SHARES":8000,"TOTAL_MARKET_CAP":960225000,"HKSK_MARKET_CAP":960225000,"PE_TTM":-23.367118487334,"PB_TTM":2.435332966428,"REPORT_DATE_SQ":"2019-06-30 00:00:00","REPORT_TYPE_SQ":"2019年中报","OPERATE_INCOME_SQ":127546920.03,"DPS_HKD":null,"OPERATE_INCOME_QOQ_SQ":0,"NET_PROFIT_RATIO_SQ":17.1615878022,"HOLDER_PROFIT_SQ":21889076.67,"HOLDER_PROFIT_QOQ_SQ":0,"ROE_AVG_SQ":7.513817286703,"PE_TTM_SQ":-32.497865072588,"PB_TTM_SQ":3.076167138588,"ROA_SQ":4.320758496361,"START_DATE":"2020-04-01 00:00:00","FISCAL_YEAR":"3-31","CURRENCY":"HKD","IS_CNY_CODE":0,"DPS_HKD_LY":null,"ORG_TYPE":"一般企业","PREMIUM_INCOME":null,"PREMIUM_INCOME_YOY":null,"NET_INTEREST_INCOME":null,"NET_INTEREST_INCOME_YOY":null,"FEE_COMMISSION_INCOME":null,"FEE_COMMISSION_INCOME_YOY":null,"ACCOUNTS_RECE_TDAYS":1.756382907558,"INVENTORY_TDAYS":5.97304415182,"CURRENT_ASSETS_TDAYS":0.571617254325,"TOTAL_ASSETS_TDAYS":0.218715724722,"PREMIUM_EXPENSE":null,"LOAN_DEPOSIT":null,"LOAN_EQUITY":null,"LOAN_ASSETS":null,"DEPOSIT_EQUITY":null,"DEPOSIT_ASSETS":null,"EQUITY_MULTIPLIER":1.31208971139,"EQUITY_RATIO":0.312051075398}],"count":20},"success":true,"message":"ok","code":0}