{"version":"15b441a99c9fffffde2762424024f237","result":{"pages":8,"data":[{"SECUCODE":"01666.HK","SECURITY_CODE":"01666","SECURITY_NAME_ABBR":"同仁堂科技","ORG_CODE":"10007942","STD_REPORT_DATE":"2024-06-30 00:00:00","REPORT_DATE":"2024-06-30 00:00:00","DATE_TYPE_CODE":"002","REPORT_TYPE":"2024年中报","PER_NETCASH_OPERATE":-0.353597484041,"PER_OI":3.162199090557,"BPS":5.540077015328,"BASIC_EPS":0.33,"DILUTED_EPS":0.33,"OPERATE_INCOME":4050094000,"OPERATE_INCOME_YOY":2.6271692156,"GROSS_PROFIT":1537121000,"GROSS_PROFIT_YOY":-1.904448286271,"HOLDER_PROFIT":428752000,"HOLDER_PROFIT_YOY":16.4609087032,"GROSS_PROFIT_RATIO":37.952724060232,"EPS_TTM":0.508117684168,"OPERATE_INCOME_QOQ":1.530664595053,"NET_PROFIT_RATIO":14.389394419,"ROE_AVG":6.131572272952,"GROSS_PROFIT_QOQ":-1.047986045582,"ROA":3.084916952624,"HOLDER_PROFIT_QOQ":10.268084068127,"ROE_YEARLY":12.263144545904,"ROIC_YEARLY":12.273164882367,"TOTAL_ASSETS":14288922000,"TOTAL_LIABILITIES":4442717000,"TAX_EBT":15.603499336018,"OCF_SALES":-11.182012071819,"TOTAL_PARENT_EQUITY":7095642000,"DEBT_ASSET_RATIO":31.0920375939,"OPERATE_PROFIT":632045000,"PRETAX_PROFIT":690531000,"NETCASH_OPERATE":-452882000,"NETCASH_INVEST":1055672000,"NETCASH_FINANCE":581162000,"END_CASH":3942070000,"DIVI_RATIO":0.352705456283,"DIVIDEND_RATE":4.154663865546,"CURRENT_RATIO":4.336984290296,"COMMON_ACS":null,"CURRENTDEBT_DEBT":56.115323123215,"ISSUED_COMMON_SHARES":1280784000,"HK_COMMON_SHARES":628704000,"PER_SHARES":1000,"TOTAL_MARKET_CAP":6096531840,"HKSK_MARKET_CAP":2992631040,"PE_TTM":8.447093932647,"PB_TTM":0.784169026528,"REPORT_DATE_SQ":"2023-06-30 00:00:00","REPORT_TYPE_SQ":"2023年中报","OPERATE_INCOME_SQ":3946415000,"DPS_HKD":0.197762,"OPERATE_INCOME_QOQ_SQ":15.549928644635,"NET_PROFIT_RATIO_SQ":14.190018029,"HOLDER_PROFIT_SQ":368151000,"HOLDER_PROFIT_QOQ_SQ":8.548640562166,"ROE_AVG_SQ":5.58865458383,"PE_TTM_SQ":10.025944414512,"PB_TTM_SQ":0.938730002766,"ROA_SQ":2.880117235278,"START_DATE":"2024-01-01 00:00:00","FISCAL_YEAR":"12-31","CURRENCY":"HKD","IS_CNY_CODE":0,"DPS_HKD_LY":0.197762,"ORG_TYPE":"一般企业","PREMIUM_INCOME":null,"PREMIUM_INCOME_YOY":null,"NET_INTEREST_INCOME":null,"NET_INTEREST_INCOME_YOY":null,"FEE_COMMISSION_INCOME":null,"FEE_COMMISSION_INCOME_YOY":null,"ACCOUNTS_RECE_TDAYS":3.823832117839,"INVENTORY_TDAYS":0.511784509727,"CURRENT_ASSETS_TDAYS":0.38810369986,"TOTAL_ASSETS_TDAYS":0.291408638101,"PREMIUM_EXPENSE":null,"LOAN_DEPOSIT":null,"LOAN_EQUITY":null,"LOAN_ASSETS":null,"DEPOSIT_EQUITY":null,"DEPOSIT_ASSETS":null,"EQUITY_MULTIPLIER":1.45121110113,"EQUITY_RATIO":0.626119102401},{"SECUCODE":"01666.HK","SECURITY_CODE":"01666","SECURITY_NAME_ABBR":"同仁堂科技","ORG_CODE":"10007942","STD_REPORT_DATE":"2023-12-31 00:00:00","REPORT_DATE":"2023-12-31 00:00:00","DATE_TYPE_CODE":"001","REPORT_TYPE":"2023年年报","PER_NETCASH_OPERATE":0.432684199678,"PER_OI":5.288528744894,"BPS":5.379062355557,"BASIC_EPS":0.46,"DILUTED_EPS":0.46,"OPERATE_INCOME":6773463000,"OPERATE_INCOME_YOY":13.0447720492,"GROSS_PROFIT":2847557000,"GROSS_PROFIT_YOY":9.866827479931,"HOLDER_PROFIT":590188000,"HOLDER_PROFIT_YOY":1.2523846777,"GROSS_PROFIT_RATIO":42.039898940911,"EPS_TTM":0.460802133693,"OPERATE_INCOME_QOQ":-2.168029547771,"NET_PROFIT_RATIO":14.6500098989,"ROE_AVG":8.827110158951,"GROSS_PROFIT_QOQ":-0.630438826042,"ROA":4.541215911815,"HOLDER_PROFIT_QOQ":-6.721646486502,"ROE_YEARLY":8.827110158951,"ROIC_YEARLY":9.421814194279,"TOTAL_ASSETS":13507742000,"TOTAL_LIABILITIES":3855857000,"TAX_EBT":14.636437539518,"OCF_SALES":8.181560894331,"TOTAL_PARENT_EQUITY":6889417000,"DEBT_ASSET_RATIO":28.5455333689,"OPERATE_PROFIT":1116213000,"PRETAX_PROFIT":1162455000,"NETCASH_OPERATE":554175000,"NETCASH_INVEST":-1067527000,"NETCASH_FINANCE":-497759000,"END_CASH":2746458000,"DIVI_RATIO":0.388921549047,"DIVIDEND_RATE":3.847509727626,"CURRENT_RATIO":4.492815843601,"COMMON_ACS":null,"CURRENTDEBT_DEBT":58.064523658424,"ISSUED_COMMON_SHARES":1280784000,"HK_COMMON_SHARES":628704000,"PER_SHARES":1000,"TOTAL_MARKET_CAP":6583229760,"HKSK_MARKET_CAP":3231538560,"PE_TTM":9.121441767606,"PB_TTM":0.846770755537,"REPORT_DATE_SQ":"2022-12-31 00:00:00","REPORT_TYPE_SQ":"2022年年报","OPERATE_INCOME_SQ":5991841000,"DPS_HKD":0.197762,"OPERATE_INCOME_QOQ_SQ":6.067986214336,"NET_PROFIT_RATIO_SQ":16.7163981821,"HOLDER_PROFIT_SQ":582888000,"HOLDER_PROFIT_QOQ_SQ":14.267118856717,"ROE_AVG_SQ":9.354473477058,"PE_TTM_SQ":12.268589875652,"PB_TTM_SQ":1.148709082332,"ROA_SQ":4.84153710713,"START_DATE":"2023-01-01 00:00:00","FISCAL_YEAR":"12-31","CURRENCY":"HKD","IS_CNY_CODE":0,"DPS_HKD_LY":0.175761,"ORG_TYPE":"一般企业","PREMIUM_INCOME":null,"PREMIUM_INCOME_YOY":null,"NET_INTEREST_INCOME":null,"NET_INTEREST_INCOME_YOY":null,"FEE_COMMISSION_INCOME":null,"FEE_COMMISSION_INCOME_YOY":null,"ACCOUNTS_RECE_TDAYS":5.678667092559,"INVENTORY_TDAYS":0.983487486037,"CURRENT_ASSETS_TDAYS":0.708110922547,"TOTAL_ASSETS_TDAYS":0.521185756974,"PREMIUM_EXPENSE":null,"LOAN_DEPOSIT":null,"LOAN_EQUITY":null,"LOAN_ASSETS":null,"DEPOSIT_EQUITY":null,"DEPOSIT_ASSETS":null,"EQUITY_MULTIPLIER":1.399492637966,"EQUITY_RATIO":0.559678271761},{"SECUCODE":"01666.HK","SECURITY_CODE":"01666","SECURITY_NAME_ABBR":"同仁堂科技","ORG_CODE":"10007942","STD_REPORT_DATE":"2023-06-30 00:00:00","REPORT_DATE":"2023-06-30 00:00:00","DATE_TYPE_CODE":"002","REPORT_TYPE":"2023年中报","PER_NETCASH_OPERATE":0.66246377219,"PER_OI":3.08124945346,"BPS":5.22507386101,"BASIC_EPS":0.29,"DILUTED_EPS":0.29,"OPERATE_INCOME":3946415000,"OPERATE_INCOME_YOY":30.9062496683,"GROSS_PROFIT":1566963000,"GROSS_PROFIT_YOY":21.172610476923,"HOLDER_PROFIT":368151000,"HOLDER_PROFIT_YOY":15.6536463078,"GROSS_PROFIT_RATIO":39.705986319229,"EPS_TTM":0.494007576609,"OPERATE_INCOME_QOQ":15.549928644635,"NET_PROFIT_RATIO":14.190018029,"ROE_AVG":5.58865458383,"GROSS_PROFIT_QOQ":10.563865012543,"ROA":2.880117235278,"HOLDER_PROFIT_QOQ":8.548640562166,"ROE_YEARLY":11.177309167661,"ROIC_YEARLY":12.661553451283,"TOTAL_ASSETS":13080233000,"TOTAL_LIABILITIES":3772892000,"TAX_EBT":15.153640913134,"OCF_SALES":21.499842261901,"TOTAL_PARENT_EQUITY":6692191000,"DEBT_ASSET_RATIO":28.8442262458,"OPERATE_PROFIT":640630000,"PRETAX_PROFIT":660013000,"NETCASH_OPERATE":848473000,"NETCASH_INVEST":-376022000,"NETCASH_FINANCE":-208695000,"END_CASH":4064607000,"DIVI_RATIO":0.36277961741,"DIVIDEND_RATE":4.094451345756,"CURRENT_RATIO":4.485449247325,"COMMON_ACS":null,"CURRENTDEBT_DEBT":56.885063235311,"ISSUED_COMMON_SHARES":1280784000,"HK_COMMON_SHARES":628704000,"PER_SHARES":1000,"TOTAL_MARKET_CAP":6186186720,"HKSK_MARKET_CAP":3036640320,"PE_TTM":8.571315902245,"PB_TTM":0.795700923977,"REPORT_DATE_SQ":"2022-06-30 00:00:00","REPORT_TYPE_SQ":"2022年中报","OPERATE_INCOME_SQ":3014688000,"DPS_HKD":0.197762,"OPERATE_INCOME_QOQ_SQ":4.602733049816,"NET_PROFIT_RATIO_SQ":15.0001923914,"HOLDER_PROFIT_SQ":318322000,"HOLDER_PROFIT_QOQ_SQ":0.564022797482,"ROE_AVG_SQ":5.252707832916,"PE_TTM_SQ":11.797445871211,"PB_TTM_SQ":1.104595830323,"ROA_SQ":2.658548201439,"START_DATE":"2023-01-01 00:00:00","FISCAL_YEAR":"12-31","CURRENCY":"HKD","IS_CNY_CODE":0,"DPS_HKD_LY":0.175761,"ORG_TYPE":"一般企业","PREMIUM_INCOME":null,"PREMIUM_INCOME_YOY":null,"NET_INTEREST_INCOME":null,"NET_INTEREST_INCOME_YOY":null,"FEE_COMMISSION_INCOME":null,"FEE_COMMISSION_INCOME_YOY":null,"ACCOUNTS_RECE_TDAYS":2.719800109511,"INVENTORY_TDAYS":0.745900481797,"CURRENT_ASSETS_TDAYS":0.422101164635,"TOTAL_ASSETS_TDAYS":0.308735759486,"PREMIUM_EXPENSE":null,"LOAN_DEPOSIT":null,"LOAN_EQUITY":null,"LOAN_ASSETS":null,"DEPOSIT_EQUITY":null,"DEPOSIT_ASSETS":null,"EQUITY_MULTIPLIER":1.405367333162,"EQUITY_RATIO":0.563775301691},{"SECUCODE":"01666.HK","SECURITY_CODE":"01666","SECURITY_NAME_ABBR":"同仁堂科技","ORG_CODE":"10007942","STD_REPORT_DATE":"2022-12-31 00:00:00","REPORT_DATE":"2022-12-31 00:00:00","DATE_TYPE_CODE":"001","REPORT_TYPE":"2022年年报","PER_NETCASH_OPERATE":0.565098408475,"PER_OI":4.678260346788,"BPS":5.061549019975,"BASIC_EPS":0.46,"DILUTED_EPS":0.46,"OPERATE_INCOME":5991841000,"OPERATE_INCOME_YOY":10.9500124711,"GROSS_PROFIT":2591826000,"GROSS_PROFIT_YOY":13.116207210333,"HOLDER_PROFIT":582888000,"HOLDER_PROFIT_YOY":14.9116114571,"GROSS_PROFIT_RATIO":43.255920843026,"EPS_TTM":0.455102499719,"OPERATE_INCOME_QOQ":6.067986214336,"NET_PROFIT_RATIO":16.7163981821,"ROE_AVG":9.354473477058,"GROSS_PROFIT_QOQ":10.963948423988,"ROA":4.84153710713,"HOLDER_PROFIT_QOQ":14.267118856717,"ROE_YEARLY":9.354473477058,"ROIC_YEARLY":10.077023653746,"TOTAL_ASSETS":12484768000,"TOTAL_LIABILITIES":3467830000,"TAX_EBT":17.357608501039,"OCF_SALES":12.079242423155,"TOTAL_PARENT_EQUITY":6482751000,"DEBT_ASSET_RATIO":27.7764873164,"OPERATE_PROFIT":1213119000,"PRETAX_PROFIT":1211993000,"NETCASH_OPERATE":723769000,"NETCASH_INVEST":43009000,"NETCASH_FINANCE":-499447000,"END_CASH":3721668000,"DIVI_RATIO":0.393792342935,"DIVIDEND_RATE":3.847509727626,"CURRENT_RATIO":4.421910147136,"COMMON_ACS":null,"CURRENTDEBT_DEBT":59.162156161058,"ISSUED_COMMON_SHARES":1280784000,"HK_COMMON_SHARES":628704000,"PER_SHARES":1000,"TOTAL_MARKET_CAP":6583229760,"HKSK_MARKET_CAP":3231538560,"PE_TTM":9.121441767606,"PB_TTM":0.846770755537,"REPORT_DATE_SQ":"2021-12-31 00:00:00","REPORT_TYPE_SQ":"2021年年报","OPERATE_INCOME_SQ":5400487000,"DPS_HKD":0.197762,"OPERATE_INCOME_QOQ_SQ":5.214690698652,"NET_PROFIT_RATIO_SQ":16.0512190845,"HOLDER_PROFIT_SQ":507249000,"HOLDER_PROFIT_QOQ_SQ":-0.804710538873,"ROE_AVG_SQ":8.662757872323,"PE_TTM_SQ":12.268589875652,"PB_TTM_SQ":1.148709082332,"ROA_SQ":4.501944204715,"START_DATE":"2022-01-01 00:00:00","FISCAL_YEAR":"12-31","CURRENCY":"HKD","IS_CNY_CODE":0,"DPS_HKD_LY":0.186895,"ORG_TYPE":"一般企业","PREMIUM_INCOME":null,"PREMIUM_INCOME_YOY":null,"NET_INTEREST_INCOME":null,"NET_INTEREST_INCOME_YOY":null,"FEE_COMMISSION_INCOME":null,"FEE_COMMISSION_INCOME_YOY":null,"ACCOUNTS_RECE_TDAYS":4.454214853179,"INVENTORY_TDAYS":1.117263701823,"CURRENT_ASSETS_TDAYS":0.696625618494,"TOTAL_ASSETS_TDAYS":0.49768944534,"PREMIUM_EXPENSE":null,"LOAN_DEPOSIT":null,"LOAN_EQUITY":null,"LOAN_ASSETS":null,"DEPOSIT_EQUITY":null,"DEPOSIT_ASSETS":null,"EQUITY_MULTIPLIER":1.384590644851,"EQUITY_RATIO":0.534931852234},{"SECUCODE":"01666.HK","SECURITY_CODE":"01666","SECURITY_NAME_ABBR":"同仁堂科技","ORG_CODE":"10007942","STD_REPORT_DATE":"2022-06-30 00:00:00","REPORT_DATE":"2022-06-30 00:00:00","DATE_TYPE_CODE":"002","REPORT_TYPE":"2022年中报","PER_NETCASH_OPERATE":0.414938818724,"PER_OI":2.353783307724,"BPS":4.79458050694,"BASIC_EPS":0.25,"DILUTED_EPS":0.25,"OPERATE_INCOME":3014688000,"OPERATE_INCOME_YOY":8.9862399218,"GROSS_PROFIT":1293166000,"GROSS_PROFIT_YOY":3.558993020075,"HOLDER_PROFIT":318322000,"HOLDER_PROFIT_YOY":0.9069266882,"GROSS_PROFIT_RATIO":42.895516882676,"EPS_TTM":0.398279491312,"OPERATE_INCOME_QOQ":4.602733049816,"NET_PROFIT_RATIO":15.0001923914,"ROE_AVG":5.252707832916,"GROSS_PROFIT_QOQ":1.93960184088,"ROA":2.658548201439,"HOLDER_PROFIT_QOQ":0.564022797482,"ROE_YEARLY":10.505415665832,"ROIC_YEARLY":11.001361423747,"TOTAL_ASSETS":12353189000,"TOTAL_LIABILITIES":3944960000,"TAX_EBT":17.87022591595,"OCF_SALES":17.628590421297,"TOTAL_PARENT_EQUITY":6140822000,"DEBT_ASSET_RATIO":31.9347498043,"OPERATE_PROFIT":560131000,"PRETAX_PROFIT":550603000,"NETCASH_OPERATE":531447000,"NETCASH_INVEST":-1056386000,"NETCASH_FINANCE":-147776000,"END_CASH":2671707000,"DIVI_RATIO":0.44997516455,"DIVIDEND_RATE":4.094451345756,"CURRENT_RATIO":3.210467917818,"COMMON_ACS":null,"CURRENTDEBT_DEBT":70.502083671317,"ISSUED_COMMON_SHARES":1280784000,"HK_COMMON_SHARES":628704000,"PER_SHARES":1000,"TOTAL_MARKET_CAP":6186186720,"HKSK_MARKET_CAP":3036640320,"PE_TTM":8.571315902245,"PB_TTM":0.795700923977,"REPORT_DATE_SQ":"2021-06-30 00:00:00","REPORT_TYPE_SQ":"2021年中报","OPERATE_INCOME_SQ":2766118000,"DPS_HKD":0.197762,"OPERATE_INCOME_QOQ_SQ":11.404708413847,"NET_PROFIT_RATIO_SQ":17.1251913331,"HOLDER_PROFIT_SQ":315461000,"HOLDER_PROFIT_QOQ_SQ":9.370274599885,"ROE_AVG_SQ":5.456541061051,"PE_TTM_SQ":11.797445871211,"PB_TTM_SQ":1.104595830323,"ROA_SQ":2.727025256759,"START_DATE":"2022-01-01 00:00:00","FISCAL_YEAR":"12-31","CURRENCY":"HKD","IS_CNY_CODE":0,"DPS_HKD_LY":0.186895,"ORG_TYPE":"一般企业","PREMIUM_INCOME":null,"PREMIUM_INCOME_YOY":null,"NET_INTEREST_INCOME":null,"NET_INTEREST_INCOME_YOY":null,"FEE_COMMISSION_INCOME":null,"FEE_COMMISSION_INCOME_YOY":null,"ACCOUNTS_RECE_TDAYS":2.21559817604,"INVENTORY_TDAYS":0.589440403423,"CURRENT_ASSETS_TDAYS":0.35343222605,"TOTAL_ASSETS_TDAYS":0.251779435926,"PREMIUM_EXPENSE":null,"LOAN_DEPOSIT":null,"LOAN_EQUITY":null,"LOAN_ASSETS":null,"DEPOSIT_EQUITY":null,"DEPOSIT_ASSETS":null,"EQUITY_MULTIPLIER":1.469178467904,"EQUITY_RATIO":0.642415624488},{"SECUCODE":"01666.HK","SECURITY_CODE":"01666","SECURITY_NAME_ABBR":"同仁堂科技","ORG_CODE":"10007942","STD_REPORT_DATE":"2021-12-31 00:00:00","REPORT_DATE":"2021-12-31 00:00:00","DATE_TYPE_CODE":"001","REPORT_TYPE":"2021年年报","PER_NETCASH_OPERATE":0.806861266224,"PER_OI":4.216547833202,"BPS":4.668608446077,"BASIC_EPS":0.4,"DILUTED_EPS":0.4,"OPERATE_INCOME":5400487000,"OPERATE_INCOME_YOY":17.2141193814,"GROSS_PROFIT":2291295000,"GROSS_PROFIT_YOY":10.813170125404,"HOLDER_PROFIT":507249000,"HOLDER_PROFIT_YOY":8.4901604738,"GROSS_PROFIT_RATIO":42.427562551303,"EPS_TTM":0.396045703257,"OPERATE_INCOME_QOQ":5.214690698652,"NET_PROFIT_RATIO":16.0512190845,"ROE_AVG":8.662757872323,"GROSS_PROFIT_QOQ":-0.136765815345,"ROA":4.501944204715,"HOLDER_PROFIT_QOQ":-0.804710538873,"ROE_YEARLY":8.662757872323,"ROIC_YEARLY":9.070787420112,"TOTAL_ASSETS":11593866000,"TOTAL_LIABILITIES":3435464000,"TAX_EBT":17.052945437426,"OCF_SALES":19.135589068171,"TOTAL_PARENT_EQUITY":5979479000,"DEBT_ASSET_RATIO":29.6317380242,"OPERATE_PROFIT":1079511000,"PRETAX_PROFIT":1045057000,"NETCASH_OPERATE":1033415000,"NETCASH_INVEST":-197363000,"NETCASH_FINANCE":-474672000,"END_CASH":3246159000,"DIVI_RATIO":0.452513127062,"DIVIDEND_RATE":3.847509727626,"CURRENT_RATIO":3.307510180503,"COMMON_ACS":null,"CURRENTDEBT_DEBT":71.551615735167,"ISSUED_COMMON_SHARES":1280784000,"HK_COMMON_SHARES":628704000,"PER_SHARES":1000,"TOTAL_MARKET_CAP":6583229760,"HKSK_MARKET_CAP":3231538560,"PE_TTM":9.121441767606,"PB_TTM":0.846770755537,"REPORT_DATE_SQ":"2020-12-31 00:00:00","REPORT_TYPE_SQ":"2020年年报","OPERATE_INCOME_SQ":4607369000,"DPS_HKD":0.197762,"OPERATE_INCOME_QOQ_SQ":8.600765165117,"NET_PROFIT_RATIO_SQ":17.0706318508,"HOLDER_PROFIT_SQ":467553000,"HOLDER_PROFIT_QOQ_SQ":52.461774747366,"ROE_AVG_SQ":8.30555359166,"PE_TTM_SQ":12.268589875652,"PB_TTM_SQ":1.148709082332,"ROA_SQ":4.367456599408,"START_DATE":"2021-01-01 00:00:00","FISCAL_YEAR":"12-31","CURRENCY":"HKD","IS_CNY_CODE":0,"DPS_HKD_LY":0.194464,"ORG_TYPE":"一般企业","PREMIUM_INCOME":null,"PREMIUM_INCOME_YOY":null,"NET_INTEREST_INCOME":null,"NET_INTEREST_INCOME_YOY":null,"FEE_COMMISSION_INCOME":null,"FEE_COMMISSION_INCOME_YOY":null,"ACCOUNTS_RECE_TDAYS":4.826127190049,"INVENTORY_TDAYS":1.114316269948,"CURRENT_ASSETS_TDAYS":0.693091031736,"TOTAL_ASSETS_TDAYS":0.479304861169,"PREMIUM_EXPENSE":null,"LOAN_DEPOSIT":null,"LOAN_EQUITY":null,"LOAN_ASSETS":null,"DEPOSIT_EQUITY":null,"DEPOSIT_ASSETS":null,"EQUITY_MULTIPLIER":1.421095209576,"EQUITY_RATIO":0.574542363975},{"SECUCODE":"01666.HK","SECURITY_CODE":"01666","SECURITY_NAME_ABBR":"同仁堂科技","ORG_CODE":"10007942","STD_REPORT_DATE":"2021-06-30 00:00:00","REPORT_DATE":"2021-06-30 00:00:00","DATE_TYPE_CODE":"002","REPORT_TYPE":"2021年中报","PER_NETCASH_OPERATE":0.366975227673,"PER_OI":2.159706867044,"BPS":4.552777049057,"BASIC_EPS":0.25,"DILUTED_EPS":0.25,"OPERATE_INCOME":2766118000,"OPERATE_INCOME_YOY":23.4509816523,"GROSS_PROFIT":1248724000,"GROSS_PROFIT_YOY":22.184224868665,"HOLDER_PROFIT":315461000,"HOLDER_PROFIT_YOY":16.127737898,"GROSS_PROFIT_RATIO":45.143554974878,"EPS_TTM":0.39925857912,"OPERATE_INCOME_QOQ":11.404708413847,"NET_PROFIT_RATIO":17.1251913331,"ROE_AVG":5.456541061051,"GROSS_PROFIT_QOQ":10.964932219702,"ROA":2.727025256759,"HOLDER_PROFIT_QOQ":9.370274599885,"ROE_YEARLY":10.913082122101,"ROIC_YEARLY":11.227304050648,"TOTAL_ASSETS":12195108000,"TOTAL_LIABILITIES":4316110000,"TAX_EBT":17.387278035305,"OCF_SALES":16.991899839414,"TOTAL_PARENT_EQUITY":5831124000,"DEBT_ASSET_RATIO":35.3921424886,"OPERATE_PROFIT":588102000,"PRETAX_PROFIT":573402000,"NETCASH_OPERATE":470016000,"NETCASH_INVEST":346704000,"NETCASH_FINANCE":666661000,"END_CASH":4404812000,"DIVI_RATIO":0.448871706238,"DIVIDEND_RATE":4.094451345756,"CURRENT_RATIO":2.632092782825,"COMMON_ACS":null,"CURRENTDEBT_DEBT":76.95732963247,"ISSUED_COMMON_SHARES":1280784000,"HK_COMMON_SHARES":628704000,"PER_SHARES":1000,"TOTAL_MARKET_CAP":6186186720,"HKSK_MARKET_CAP":3036640320,"PE_TTM":8.571315902245,"PB_TTM":0.795700923977,"REPORT_DATE_SQ":"2020-06-30 00:00:00","REPORT_TYPE_SQ":"2020年中报","OPERATE_INCOME_SQ":2240661000,"DPS_HKD":0.197762,"OPERATE_INCOME_QOQ_SQ":-5.226598136157,"NET_PROFIT_RATIO_SQ":18.1126015939,"HOLDER_PROFIT_SQ":271650000,"HOLDER_PROFIT_QOQ_SQ":-26.572728361068,"ROE_AVG_SQ":4.878268217476,"PE_TTM_SQ":11.797445871211,"PB_TTM_SQ":1.104595830323,"ROA_SQ":2.499117741979,"START_DATE":"2021-01-01 00:00:00","FISCAL_YEAR":"12-31","CURRENCY":"HKD","IS_CNY_CODE":0,"DPS_HKD_LY":0.194464,"ORG_TYPE":"一般企业","PREMIUM_INCOME":null,"PREMIUM_INCOME_YOY":null,"NET_INTEREST_INCOME":null,"NET_INTEREST_INCOME_YOY":null,"FEE_COMMISSION_INCOME":null,"FEE_COMMISSION_INCOME_YOY":null,"ACCOUNTS_RECE_TDAYS":2.320308925133,"INVENTORY_TDAYS":0.567713921037,"CURRENT_ASSETS_TDAYS":0.341577311047,"TOTAL_ASSETS_TDAYS":0.239119055895,"PREMIUM_EXPENSE":null,"LOAN_DEPOSIT":null,"LOAN_EQUITY":null,"LOAN_ASSETS":null,"DEPOSIT_EQUITY":null,"DEPOSIT_ASSETS":null,"EQUITY_MULTIPLIER":1.547799352151,"EQUITY_RATIO":0.740184911177},{"SECUCODE":"01666.HK","SECURITY_CODE":"01666","SECURITY_NAME_ABBR":"同仁堂科技","ORG_CODE":"10007942","STD_REPORT_DATE":"2020-12-31 00:00:00","REPORT_DATE":"2020-12-31 00:00:00","DATE_TYPE_CODE":"001","REPORT_TYPE":"2020年年报","PER_NETCASH_OPERATE":0.340268148259,"PER_OI":3.597303682744,"BPS":4.475031699334,"BASIC_EPS":0.37,"DILUTED_EPS":0.37,"OPERATE_INCOME":4607369000,"OPERATE_INCOME_YOY":2.9246395971,"GROSS_PROFIT":2067710000,"GROSS_PROFIT_YOY":0.643223760584,"HOLDER_PROFIT":467553000,"HOLDER_PROFIT_YOY":11.9485214893,"GROSS_PROFIT_RATIO":44.87832426706,"EPS_TTM":0.365052186786,"OPERATE_INCOME_QOQ":8.600765165117,"NET_PROFIT_RATIO":17.0706318508,"ROE_AVG":8.30555359166,"GROSS_PROFIT_QOQ":15.408400989928,"ROA":4.367456599408,"HOLDER_PROFIT_QOQ":52.461774747366,"ROE_YEARLY":8.30555359166,"ROIC_YEARLY":9.12205892065,"TOTAL_ASSETS":10940798000,"TOTAL_LIABILITIES":3189293000,"TAX_EBT":16.295115360588,"OCF_SALES":9.458977563985,"TOTAL_PARENT_EQUITY":5731549000,"DEBT_ASSET_RATIO":29.1504605057,"OPERATE_PROFIT":943549000,"PRETAX_PROFIT":939619000,"NETCASH_OPERATE":435810000,"NETCASH_INVEST":-195440000,"NETCASH_FINANCE":-164513000,"END_CASH":2947958000,"DIVI_RATIO":0.490932217714,"DIVIDEND_RATE":3.847509727626,"CURRENT_RATIO":3.036136352897,"COMMON_ACS":null,"CURRENTDEBT_DEBT":76.973924941986,"ISSUED_COMMON_SHARES":1280784000,"HK_COMMON_SHARES":628704000,"PER_SHARES":1000,"TOTAL_MARKET_CAP":6583229760,"HKSK_MARKET_CAP":3231538560,"PE_TTM":9.121441767606,"PB_TTM":0.846770755537,"REPORT_DATE_SQ":"2019-12-31 00:00:00","REPORT_TYPE_SQ":"2019年年报","OPERATE_INCOME_SQ":4476449000,"DPS_HKD":0.197762,"OPERATE_INCOME_QOQ_SQ":-5.377390297082,"NET_PROFIT_RATIO_SQ":16.5620115408,"HOLDER_PROFIT_SQ":417650000,"HOLDER_PROFIT_QOQ_SQ":-33.494481626388,"ROE_AVG_SQ":7.702943228857,"PE_TTM_SQ":12.268589875652,"PB_TTM_SQ":1.148709082332,"ROA_SQ":4.127009724782,"START_DATE":"2020-01-01 00:00:00","FISCAL_YEAR":"12-31","CURRENCY":"HKD","IS_CNY_CODE":0,"DPS_HKD_LY":0.175149,"ORG_TYPE":"一般企业","PREMIUM_INCOME":null,"PREMIUM_INCOME_YOY":null,"NET_INTEREST_INCOME":null,"NET_INTEREST_INCOME_YOY":null,"FEE_COMMISSION_INCOME":null,"FEE_COMMISSION_INCOME_YOY":null,"ACCOUNTS_RECE_TDAYS":4.114741822193,"INVENTORY_TDAYS":1.004787625052,"CURRENT_ASSETS_TDAYS":0.612935495069,"TOTAL_ASSETS_TDAYS":0.430378676748,"PREMIUM_EXPENSE":null,"LOAN_DEPOSIT":null,"LOAN_EQUITY":null,"LOAN_ASSETS":null,"DEPOSIT_EQUITY":null,"DEPOSIT_ASSETS":null,"EQUITY_MULTIPLIER":1.41144177808,"EQUITY_RATIO":0.55644521228},{"SECUCODE":"01666.HK","SECURITY_CODE":"01666","SECURITY_NAME_ABBR":"同仁堂科技","ORG_CODE":"10007942","STD_REPORT_DATE":"2020-06-30 00:00:00","REPORT_DATE":"2020-06-30 00:00:00","DATE_TYPE_CODE":"002","REPORT_TYPE":"2020年中报","PER_NETCASH_OPERATE":0.27612540444,"PER_OI":1.749444871266,"BPS":4.380046908768,"BASIC_EPS":0.21,"DILUTED_EPS":0.21,"OPERATE_INCOME":2240661000,"OPERATE_INCOME_YOY":-9.4545965917,"GROSS_PROFIT":1022001000,"GROSS_PROFIT_YOY":-20.457563139666,"HOLDER_PROFIT":271650000,"HOLDER_PROFIT_YOY":-29.0047068847,"GROSS_PROFIT_RATIO":45.611585152774,"EPS_TTM":0.239438500169,"OPERATE_INCOME_QOQ":-5.226598136157,"NET_PROFIT_RATIO":18.1126015939,"ROE_AVG":4.878268217476,"GROSS_PROFIT_QOQ":-12.793849583474,"ROA":2.499117741979,"HOLDER_PROFIT_QOQ":-26.572728361068,"ROE_YEARLY":9.756536434953,"ROIC_YEARLY":10.797981355843,"TOTAL_ASSETS":11269702000,"TOTAL_LIABILITIES":3698610000,"TAX_EBT":15.599569930935,"OCF_SALES":15.783601356921,"TOTAL_PARENT_EQUITY":5609894000,"DEBT_ASSET_RATIO":32.8190576823,"OPERATE_PROFIT":476674000,"PRETAX_PROFIT":480853000,"NETCASH_OPERATE":353657000,"NETCASH_INVEST":355720000,"NETCASH_FINANCE":81558000,"END_CASH":3821047000,"DIVI_RATIO":0.748483971933,"DIVIDEND_RATE":3.847509727626,"CURRENT_RATIO":3.349062704778,"COMMON_ACS":null,"CURRENTDEBT_DEBT":63.003912280559,"ISSUED_COMMON_SHARES":1280784000,"HK_COMMON_SHARES":628704000,"PER_SHARES":1000,"TOTAL_MARKET_CAP":6583229760,"HKSK_MARKET_CAP":3231538560,"PE_TTM":9.121441767606,"PB_TTM":0.846770755537,"REPORT_DATE_SQ":"2019-06-30 00:00:00","REPORT_TYPE_SQ":"2019年中报","OPERATE_INCOME_SQ":2474627000,"DPS_HKD":0.197762,"OPERATE_INCOME_QOQ_SQ":-6.498350277233,"NET_PROFIT_RATIO_SQ":23.7708955734,"HOLDER_PROFIT_SQ":382631000,"HOLDER_PROFIT_QOQ_SQ":-7.350383216659,"ROE_AVG_SQ":7.09180568025,"PE_TTM_SQ":12.268589875652,"PB_TTM_SQ":1.148709082332,"ROA_SQ":3.827137235714,"START_DATE":"2020-01-01 00:00:00","FISCAL_YEAR":"12-31","CURRENCY":"HKD","IS_CNY_CODE":0,"DPS_HKD_LY":0.175149,"ORG_TYPE":"一般企业","PREMIUM_INCOME":null,"PREMIUM_INCOME_YOY":null,"NET_INTEREST_INCOME":null,"NET_INTEREST_INCOME_YOY":null,"FEE_COMMISSION_INCOME":null,"FEE_COMMISSION_INCOME_YOY":null,"ACCOUNTS_RECE_TDAYS":2.37513270054,"INVENTORY_TDAYS":0.499249380731,"CURRENT_ASSETS_TDAYS":0.291287849587,"TOTAL_ASSETS_TDAYS":0.206135676748,"PREMIUM_EXPENSE":null,"LOAN_DEPOSIT":null,"LOAN_EQUITY":null,"LOAN_ASSETS":null,"DEPOSIT_EQUITY":null,"DEPOSIT_ASSETS":null,"EQUITY_MULTIPLIER":1.488517376358,"EQUITY_RATIO":0.659301227439}],"count":66},"success":true,"message":"ok","code":0}