{"version":"d7a11635080c131947afd01d579c007d","result":{"pages":4,"data":[{"SECUCODE":"01668.HK","SECURITY_CODE":"01668","SECURITY_NAME_ABBR":"华南城","ORG_CODE":"10144996","STD_REPORT_DATE":"2024-06-30 00:00:00","REPORT_DATE":"2024-06-30 00:00:00","DATE_TYPE_CODE":"002","REPORT_TYPE":"2024年中报","PER_NETCASH_OPERATE":0.114215449692,"PER_OI":0.096937941214,"BPS":2.544451552724,"BASIC_EPS":-0.343897824,"DILUTED_EPS":-0.343897824,"OPERATE_INCOME":1109153536.28,"OPERATE_INCOME_YOY":-51.7016503224,"GROSS_PROFIT":316397862.92,"GROSS_PROFIT_YOY":-22.840120428462,"HOLDER_PROFIT":-3934686691.8,"HOLDER_PROFIT_YOY":-593.9530908195,"GROSS_PROFIT_RATIO":28.526065379656,"EPS_TTM":-0.016568710126,"OPERATE_INCOME_QOQ":0,"NET_PROFIT_RATIO":-354.7482001957,"ROE_AVG":-12.618469330718,"GROSS_PROFIT_QOQ":0,"ROA":-4.366286326693,"HOLDER_PROFIT_QOQ":0,"ROE_YEARLY":-25.236938661437,"ROIC_YEARLY":-8.745669915747,"TOTAL_ASSETS":88620054293.52,"TOTAL_LIABILITIES":59493541385.24,"TAX_EBT":15.783913556046,"OCF_SALES":117.823267402908,"TOTAL_PARENT_EQUITY":29113342023.2,"DEBT_ASSET_RATIO":67.1332711986,"OPERATE_PROFIT":-4007695615.72,"PRETAX_PROFIT":-4672150385.4,"NETCASH_OPERATE":1306840936.96,"NETCASH_INVEST":22935648.4,"NETCASH_FINANCE":-1538448089.84,"END_CASH":33496268.68,"DIVI_RATIO":null,"DIVIDEND_RATE":null,"CURRENT_RATIO":1.034060451077,"COMMON_ACS":null,"CURRENTDEBT_DEBT":62.088351400248,"ISSUED_COMMON_SHARES":11441892848,"HK_COMMON_SHARES":11441892848,"PER_SHARES":2000,"TOTAL_MARKET_CAP":1807819069.984,"HKSK_MARKET_CAP":1807819069.984,"PE_TTM":-10.151724337287,"PB_TTM":0.056673682722,"REPORT_DATE_SQ":"2023-06-30 00:00:00","REPORT_TYPE_SQ":"2023年中报","OPERATE_INCOME_SQ":2308917665.25,"DPS_HKD":null,"OPERATE_INCOME_QOQ_SQ":0,"NET_PROFIT_RATIO_SQ":-24.698480829,"HOLDER_PROFIT_SQ":-570071214.09,"HOLDER_PROFIT_QOQ_SQ":0,"ROE_AVG_SQ":-1.516541282177,"PE_TTM_SQ":-10.472981436568,"PB_TTM_SQ":0.047505900301,"ROA_SQ":-0.571015780963,"START_DATE":"2024-01-01 00:00:00","FISCAL_YEAR":"12-31","CURRENCY":"HKD","IS_CNY_CODE":0,"DPS_HKD_LY":null,"ORG_TYPE":"一般企业","PREMIUM_INCOME":null,"PREMIUM_INCOME_YOY":null,"NET_INTEREST_INCOME":null,"NET_INTEREST_INCOME_YOY":null,"FEE_COMMISSION_INCOME":null,"FEE_COMMISSION_INCOME_YOY":null,"ACCOUNTS_RECE_TDAYS":1.997971237274,"INVENTORY_TDAYS":0.021990686209,"CURRENT_ASSETS_TDAYS":0.028189621096,"TOTAL_ASSETS_TDAYS":0.012308176734,"PREMIUM_EXPENSE":null,"LOAN_DEPOSIT":null,"LOAN_EQUITY":null,"LOAN_ASSETS":null,"DEPOSIT_EQUITY":null,"DEPOSIT_ASSETS":null,"EQUITY_MULTIPLIER":3.042590596839,"EQUITY_RATIO":2.04351466547},{"SECUCODE":"01668.HK","SECURITY_CODE":"01668","SECURITY_NAME_ABBR":"华南城","ORG_CODE":"10144996","STD_REPORT_DATE":"2023-06-30 00:00:00","REPORT_DATE":"2023-09-30 00:00:00","DATE_TYPE_CODE":"002","REPORT_TYPE":"2023年中报","PER_NETCASH_OPERATE":0.128542464509,"PER_OI":0.201795078482,"BPS":3.148528689111,"BASIC_EPS":-0.049827309,"DILUTED_EPS":-0.049827309,"OPERATE_INCOME":2308917665.25,"OPERATE_INCOME_YOY":-12.5608269864,"GROSS_PROFIT":410054894.69,"GROSS_PROFIT_YOY":-49.084871044179,"HOLDER_PROFIT":-570071214.09,"HOLDER_PROFIT_YOY":-341.8972747556,"GROSS_PROFIT_RATIO":17.75961528908,"EPS_TTM":0.053555211675,"OPERATE_INCOME_QOQ":0,"NET_PROFIT_RATIO":-24.698480829,"ROE_AVG":-1.516541282177,"GROSS_PROFIT_QOQ":0,"ROA":-0.571015780963,"HOLDER_PROFIT_QOQ":0,"ROE_YEARLY":-3.033082564355,"ROIC_YEARLY":-1.162659692289,"TOTAL_ASSETS":94853431019.2,"TOTAL_LIABILITIES":58815167256.09,"TAX_EBT":-0.354292118211,"OCF_SALES":63.699504207776,"TOTAL_PARENT_EQUITY":36025127889.66,"DEBT_ASSET_RATIO":62.0063677446,"OPERATE_PROFIT":-290313355.99,"PRETAX_PROFIT":-568254306.69,"NETCASH_OPERATE":1470769105.33,"NETCASH_INVEST":-471181899.51,"NETCASH_FINANCE":-1944056965.69,"END_CASH":256766638.45,"DIVI_RATIO":null,"DIVIDEND_RATE":null,"CURRENT_RATIO":1.251659735068,"COMMON_ACS":null,"CURRENTDEBT_DEBT":56.49198950995,"ISSUED_COMMON_SHARES":11441892848,"HK_COMMON_SHARES":11441892848,"PER_SHARES":2000,"TOTAL_MARKET_CAP":2048098819.792,"HKSK_MARKET_CAP":2048098819.792,"PE_TTM":-11.501004154268,"PB_TTM":0.064206260805,"REPORT_DATE_SQ":"2022-06-30 00:00:00","REPORT_TYPE_SQ":"2022年中报","OPERATE_INCOME_SQ":2602642772.76,"DPS_HKD":null,"OPERATE_INCOME_QOQ_SQ":0,"NET_PROFIT_RATIO_SQ":7.8539282066,"HOLDER_PROFIT_SQ":232279185.24,"HOLDER_PROFIT_QOQ_SQ":0,"ROE_AVG_SQ":0.587191539445,"PE_TTM_SQ":-19.275425956873,"PB_TTM_SQ":0.087434172333,"ROA_SQ":0.216880327553,"START_DATE":"2023-04-01 00:00:00","FISCAL_YEAR":"3-31","CURRENCY":"HKD","IS_CNY_CODE":0,"DPS_HKD_LY":0.02,"ORG_TYPE":"一般企业","PREMIUM_INCOME":null,"PREMIUM_INCOME_YOY":null,"NET_INTEREST_INCOME":null,"NET_INTEREST_INCOME_YOY":null,"FEE_COMMISSION_INCOME":null,"FEE_COMMISSION_INCOME_YOY":null,"ACCOUNTS_RECE_TDAYS":2.956901110524,"INVENTORY_TDAYS":0.047678145606,"CURRENT_ASSETS_TDAYS":0.051571286883,"TOTAL_ASSETS_TDAYS":0.023127433752,"PREMIUM_EXPENSE":null,"LOAN_DEPOSIT":null,"LOAN_EQUITY":null,"LOAN_ASSETS":null,"DEPOSIT_EQUITY":null,"DEPOSIT_ASSETS":null,"EQUITY_MULTIPLIER":2.63202000082,"EQUITY_RATIO":1.632615085677},{"SECUCODE":"01668.HK","SECURITY_CODE":"01668","SECURITY_NAME_ABBR":"华南城","ORG_CODE":"10144996","STD_REPORT_DATE":"2022-12-31 00:00:00","REPORT_DATE":"2023-03-31 00:00:00","DATE_TYPE_CODE":"001","REPORT_TYPE":"2022年年报","PER_NETCASH_OPERATE":0.10601213387,"PER_OI":0.310035299626,"BPS":3.264650752256,"BASIC_EPS":0.055500994,"DILUTED_EPS":0.055500994,"OPERATE_INCOME":3547390677.42,"OPERATE_INCOME_YOY":-57.8588347681,"GROSS_PROFIT":717866839.35,"GROSS_PROFIT_YOY":-68.916296988145,"HOLDER_PROFIT":612772993.44,"HOLDER_PROFIT_YOY":-7.9210734017,"GROSS_PROFIT_RATIO":20.236475331556,"EPS_TTM":0.026369849376,"OPERATE_INCOME_QOQ":0,"NET_PROFIT_RATIO":17.2618404239,"ROE_AVG":1.595518059973,"GROSS_PROFIT_QOQ":0,"ROA":0.586713602816,"HOLDER_PROFIT_QOQ":0,"ROE_YEARLY":1.595518059973,"ROIC_YEARLY":0.605065834137,"TOTAL_ASSETS":99993177626.95,"TOTAL_LIABILITIES":62626300026.13,"TAX_EBT":0.247312338295,"OCF_SALES":34.193568925208,"TOTAL_PARENT_EQUITY":37353784093.45,"DEBT_ASSET_RATIO":62.6305729175,"OPERATE_PROFIT":-722917955.05,"PRETAX_PROFIT":-1364906006.42,"NETCASH_OPERATE":1212979476.33,"NETCASH_INVEST":2613663489.45,"NETCASH_FINANCE":-3852204937.78,"END_CASH":1203440133.56,"DIVI_RATIO":null,"DIVIDEND_RATE":null,"CURRENT_RATIO":1.282132141504,"COMMON_ACS":null,"CURRENTDEBT_DEBT":56.975859440127,"ISSUED_COMMON_SHARES":11441892848,"HK_COMMON_SHARES":11441892848,"PER_SHARES":2000,"TOTAL_MARKET_CAP":2048098819.792,"HKSK_MARKET_CAP":2048098819.792,"PE_TTM":-11.501004154268,"PB_TTM":0.064206260805,"REPORT_DATE_SQ":"2021-12-31 00:00:00","REPORT_TYPE_SQ":"2021年年报","OPERATE_INCOME_SQ":7798609712.23,"DPS_HKD":null,"OPERATE_INCOME_QOQ_SQ":0,"NET_PROFIT_RATIO_SQ":7.3618249223,"HOLDER_PROFIT_SQ":616529802,"HOLDER_PROFIT_QOQ_SQ":0,"ROE_AVG_SQ":1.76068764557,"PE_TTM_SQ":-19.275425956873,"PB_TTM_SQ":0.087434172333,"ROA_SQ":0.620747888194,"START_DATE":"2022-04-01 00:00:00","FISCAL_YEAR":"3-31","CURRENCY":"HKD","IS_CNY_CODE":0,"DPS_HKD_LY":null,"ORG_TYPE":"一般企业","PREMIUM_INCOME":null,"PREMIUM_INCOME_YOY":null,"NET_INTEREST_INCOME":null,"NET_INTEREST_INCOME_YOY":null,"FEE_COMMISSION_INCOME":null,"FEE_COMMISSION_INCOME_YOY":null,"ACCOUNTS_RECE_TDAYS":2.43490461253,"INVENTORY_TDAYS":0.141416674174,"CURRENT_ASSETS_TDAYS":0.072561103372,"TOTAL_ASSETS_TDAYS":0.033965308315,"PREMIUM_EXPENSE":null,"LOAN_DEPOSIT":null,"LOAN_EQUITY":null,"LOAN_ASSETS":null,"DEPOSIT_EQUITY":null,"DEPOSIT_ASSETS":null,"EQUITY_MULTIPLIER":2.675984295377,"EQUITY_RATIO":1.676571773008},{"SECUCODE":"01668.HK","SECURITY_CODE":"01668","SECURITY_NAME_ABBR":"华南城","ORG_CODE":"10144996","STD_REPORT_DATE":"2022-06-30 00:00:00","REPORT_DATE":"2022-09-30 00:00:00","DATE_TYPE_CODE":"002","REPORT_TYPE":"2022年中报","PER_NETCASH_OPERATE":0.043532175148,"PER_OI":0.227466102623,"BPS":3.351613873107,"BASIC_EPS":0.021887448,"DILUTED_EPS":0.021887448,"OPERATE_INCOME":2602642772.76,"OPERATE_INCOME_YOY":-47.1375719217,"GROSS_PROFIT":805369451.28,"GROSS_PROFIT_YOY":-57.189347072745,"HOLDER_PROFIT":232279185.24,"HOLDER_PROFIT_YOY":-60.8934387662,"GROSS_PROFIT_RATIO":29.972972392572,"EPS_TTM":0.053883549705,"OPERATE_INCOME_QOQ":0,"NET_PROFIT_RATIO":7.8539282066,"ROE_AVG":0.587191539445,"GROSS_PROFIT_QOQ":0,"ROA":0.216880327553,"HOLDER_PROFIT_QOQ":0,"ROE_YEARLY":1.174383078889,"ROIC_YEARLY":0.450404307407,"TOTAL_ASSETS":101699365081.92,"TOTAL_LIABILITIES":63337574137.32,"TAX_EBT":-327.319356286465,"OCF_SALES":16.895077048622,"TOTAL_PARENT_EQUITY":38348806803.96,"DEBT_ASSET_RATIO":62.2792227722,"OPERATE_PROFIT":291534476.28,"PRETAX_PROFIT":42319652.04,"NETCASH_OPERATE":498090483.48,"NETCASH_INVEST":206610273.6,"NETCASH_FINANCE":-1362896113.8,"END_CASH":609958858.2,"DIVI_RATIO":null,"DIVIDEND_RATE":null,"CURRENT_RATIO":1.332192847825,"COMMON_ACS":null,"CURRENTDEBT_DEBT":58.765899329745,"ISSUED_COMMON_SHARES":11441892848,"HK_COMMON_SHARES":11441892848,"PER_SHARES":2000,"TOTAL_MARKET_CAP":2048098819.792,"HKSK_MARKET_CAP":2048098819.792,"PE_TTM":-11.501004154268,"PB_TTM":0.064206260805,"REPORT_DATE_SQ":"2021-06-30 00:00:00","REPORT_TYPE_SQ":"2021年中报","OPERATE_INCOME_SQ":5136857058.06,"DPS_HKD":null,"OPERATE_INCOME_QOQ_SQ":0,"NET_PROFIT_RATIO_SQ":10.644166123,"HOLDER_PROFIT_SQ":547087996.26,"HOLDER_PROFIT_QOQ_SQ":0,"ROE_AVG_SQ":1.572265086909,"PE_TTM_SQ":-19.275425956873,"PB_TTM_SQ":0.087434172333,"ROA_SQ":0.532810583923,"START_DATE":"2022-04-01 00:00:00","FISCAL_YEAR":"3-31","CURRENCY":"HKD","IS_CNY_CODE":0,"DPS_HKD_LY":null,"ORG_TYPE":"一般企业","PREMIUM_INCOME":null,"PREMIUM_INCOME_YOY":null,"NET_INTEREST_INCOME":null,"NET_INTEREST_INCOME_YOY":null,"FEE_COMMISSION_INCOME":null,"FEE_COMMISSION_INCOME_YOY":null,"ACCOUNTS_RECE_TDAYS":1.438700842633,"INVENTORY_TDAYS":48.71464242269,"CURRENT_ASSETS_TDAYS":0.057057913722,"TOTAL_ASSETS_TDAYS":0.027526939857,"PREMIUM_EXPENSE":null,"LOAN_DEPOSIT":null,"LOAN_EQUITY":null,"LOAN_ASSETS":null,"DEPOSIT_EQUITY":null,"DEPOSIT_ASSETS":null,"EQUITY_MULTIPLIER":2.651058842083,"EQUITY_RATIO":1.651617857659},{"SECUCODE":"01668.HK","SECURITY_CODE":"01668","SECURITY_NAME_ABBR":"华南城","ORG_CODE":"10144996","STD_REPORT_DATE":"2021-12-31 00:00:00","REPORT_DATE":"2022-03-31 00:00:00","DATE_TYPE_CODE":"001","REPORT_TYPE":"2021年年报","PER_NETCASH_OPERATE":0.263591562326,"PER_OI":0.963755929388,"BPS":3.194860990839,"BASIC_EPS":0.076153839,"DILUTED_EPS":0.076153839,"OPERATE_INCOME":7798609712.23,"OPERATE_INCOME_YOY":-8.8217276678,"GROSS_PROFIT":2309463705.39,"GROSS_PROFIT_YOY":-44.733054776055,"HOLDER_PROFIT":616529802,"HOLDER_PROFIT_YOY":-68.5282289615,"GROSS_PROFIT_RATIO":29.338296532807,"EPS_TTM":0.248932877325,"OPERATE_INCOME_QOQ":0,"NET_PROFIT_RATIO":7.3618249223,"ROE_AVG":1.76068764557,"GROSS_PROFIT_QOQ":0,"ROA":0.620747888194,"HOLDER_PROFIT_QOQ":0,"ROE_YEARLY":1.76068764557,"ROIC_YEARLY":0.658830361092,"TOTAL_ASSETS":100879444738.24,"TOTAL_LIABILITIES":64311026546.52,"TAX_EBT":55.233037473649,"OCF_SALES":25.505167564229,"TOTAL_PARENT_EQUITY":36555257121.44,"DEBT_ASSET_RATIO":63.7503772086,"OPERATE_PROFIT":1864584980.9,"PRETAX_PROFIT":1225681035.02,"NETCASH_OPERATE":2132954677.98,"NETCASH_INVEST":373659070.33,"NETCASH_FINANCE":-4178497887.15,"END_CASH":1261049992.13,"DIVI_RATIO":null,"DIVIDEND_RATE":null,"CURRENT_RATIO":1.121243428791,"COMMON_ACS":null,"CURRENTDEBT_DEBT":66.844329373912,"ISSUED_COMMON_SHARES":11441892848,"HK_COMMON_SHARES":11441892848,"PER_SHARES":2000,"TOTAL_MARKET_CAP":2048098819.792,"HKSK_MARKET_CAP":2048098819.792,"PE_TTM":-11.501004154268,"PB_TTM":0.064206260805,"REPORT_DATE_SQ":"2020-12-31 00:00:00","REPORT_TYPE_SQ":"2020年年报","OPERATE_INCOME_SQ":9558397554.72,"DPS_HKD":null,"OPERATE_INCOME_QOQ_SQ":0,"NET_PROFIT_RATIO_SQ":21.3552398981,"HOLDER_PROFIT_SQ":2041530599.64,"HOLDER_PROFIT_QOQ_SQ":0,"ROE_AVG_SQ":6.347252660163,"PE_TTM_SQ":-19.275425956873,"PB_TTM_SQ":0.087434172333,"ROA_SQ":2.064731307629,"START_DATE":"2021-04-01 00:00:00","FISCAL_YEAR":"3-31","CURRENCY":"HKD","IS_CNY_CODE":0,"DPS_HKD_LY":0.03,"ORG_TYPE":"一般企业","PREMIUM_INCOME":null,"PREMIUM_INCOME_YOY":null,"NET_INTEREST_INCOME":null,"NET_INTEREST_INCOME_YOY":null,"FEE_COMMISSION_INCOME":null,"FEE_COMMISSION_INCOME_YOY":null,"ACCOUNTS_RECE_TDAYS":6.055149783666,"INVENTORY_TDAYS":45.582843808845,"CURRENT_ASSETS_TDAYS":0.178330086025,"TOTAL_ASSETS_TDAYS":0.084200490724,"PREMIUM_EXPENSE":null,"LOAN_DEPOSIT":null,"LOAN_EQUITY":null,"LOAN_ASSETS":null,"DEPOSIT_EQUITY":null,"DEPOSIT_ASSETS":null,"EQUITY_MULTIPLIER":2.758649395483,"EQUITY_RATIO":1.759282565921},{"SECUCODE":"01668.HK","SECURITY_CODE":"01668","SECURITY_NAME_ABBR":"华南城","ORG_CODE":"10144996","STD_REPORT_DATE":"2021-06-30 00:00:00","REPORT_DATE":"2021-09-30 00:00:00","DATE_TYPE_CODE":"002","REPORT_TYPE":"2021年中报","PER_NETCASH_OPERATE":0.508582143358,"PER_OI":0.634815259489,"BPS":3.076811787437,"BASIC_EPS":0.067644472,"DILUTED_EPS":0.067644472,"OPERATE_INCOME":5136857058.06,"OPERATE_INCOME_YOY":-13.2357267957,"GROSS_PROFIT":1881236085.44,"GROSS_PROFIT_YOY":-20.786455422189,"HOLDER_PROFIT":547087996.26,"HOLDER_PROFIT_YOY":0.4864262741,"GROSS_PROFIT_RATIO":36.622317190786,"EPS_TTM":0.252293330867,"OPERATE_INCOME_QOQ":0,"NET_PROFIT_RATIO":10.644166123,"ROE_AVG":1.572265086909,"GROSS_PROFIT_QOQ":0,"ROA":0.532810583923,"HOLDER_PROFIT_QOQ":0,"ROE_YEARLY":3.144530173818,"ROIC_YEARLY":1.155007369532,"TOTAL_ASSETS":104939789288.9,"TOTAL_LIABILITIES":69720500006.06,"TAX_EBT":53.508044322578,"OCF_SALES":80.114983966757,"TOTAL_PARENT_EQUITY":35204550785.32,"DEBT_ASSET_RATIO":66.438574423,"OPERATE_PROFIT":1439171963.38,"PRETAX_PROFIT":1176064957.46,"NETCASH_OPERATE":4115392208.46,"NETCASH_INVEST":-177385964.98,"NETCASH_FINANCE":-2230758071.28,"END_CASH":4333970491.26,"DIVI_RATIO":null,"DIVIDEND_RATE":null,"CURRENT_RATIO":1.23095502253,"COMMON_ACS":null,"CURRENTDEBT_DEBT":60.939201979887,"ISSUED_COMMON_SHARES":11441892848,"HK_COMMON_SHARES":11441892848,"PER_SHARES":2000,"TOTAL_MARKET_CAP":2048098819.792,"HKSK_MARKET_CAP":2048098819.792,"PE_TTM":-11.501004154268,"PB_TTM":0.064206260805,"REPORT_DATE_SQ":"2020-06-30 00:00:00","REPORT_TYPE_SQ":"2020年中报","OPERATE_INCOME_SQ":6244976046.72,"DPS_HKD":null,"OPERATE_INCOME_QOQ_SQ":0,"NET_PROFIT_RATIO_SQ":9.1886041469,"HOLDER_PROFIT_SQ":574280426.24,"HOLDER_PROFIT_QOQ_SQ":0,"ROE_AVG_SQ":1.807530581812,"PE_TTM_SQ":-19.275425956873,"PB_TTM_SQ":0.087434172333,"ROA_SQ":0.572353962456,"START_DATE":"2021-04-01 00:00:00","FISCAL_YEAR":"3-31","CURRENCY":"HKD","IS_CNY_CODE":0,"DPS_HKD_LY":0.03,"ORG_TYPE":"一般企业","PREMIUM_INCOME":null,"PREMIUM_INCOME_YOY":null,"NET_INTEREST_INCOME":null,"NET_INTEREST_INCOME_YOY":null,"FEE_COMMISSION_INCOME":null,"FEE_COMMISSION_INCOME_YOY":null,"ACCOUNTS_RECE_TDAYS":3.014295567856,"INVENTORY_TDAYS":16.743759693576,"CURRENT_ASSETS_TDAYS":0.103639401734,"TOTAL_ASSETS_TDAYS":0.050027999652,"PREMIUM_EXPENSE":null,"LOAN_DEPOSIT":null,"LOAN_EQUITY":null,"LOAN_ASSETS":null,"DEPOSIT_EQUITY":null,"DEPOSIT_ASSETS":null,"EQUITY_MULTIPLIER":2.97961121379,"EQUITY_RATIO":1.980439984342},{"SECUCODE":"01668.HK","SECURITY_CODE":"01668","SECURITY_NAME_ABBR":"华南城","ORG_CODE":"10144996","STD_REPORT_DATE":"2020-12-31 00:00:00","REPORT_DATE":"2021-03-31 00:00:00","DATE_TYPE_CODE":"001","REPORT_TYPE":"2020年年报","PER_NETCASH_OPERATE":0.31445728925,"PER_OI":1.181231355168,"BPS":3.049153239508,"BASIC_EPS":0.25228623,"DILUTED_EPS":0.25228623,"OPERATE_INCOME":9558397554.72,"OPERATE_INCOME_YOY":14.3780314319,"GROSS_PROFIT":4178743181.9,"GROSS_PROFIT_YOY":1.122864750017,"HOLDER_PROFIT":2041530599.64,"HOLDER_PROFIT_YOY":-8.265527748,"GROSS_PROFIT_RATIO":43.718030747073,"EPS_TTM":0.298269611521,"OPERATE_INCOME_QOQ":0,"NET_PROFIT_RATIO":21.3552398981,"ROE_AVG":6.347252660163,"GROSS_PROFIT_QOQ":0,"ROA":2.064731307629,"HOLDER_PROFIT_QOQ":0,"ROE_YEARLY":6.347252660163,"ROIC_YEARLY":2.255754532165,"TOTAL_ASSETS":101880473577.4,"TOTAL_LIABILITIES":66977455448.4,"TAX_EBT":29.010369223362,"OCF_SALES":26.621143087143,"TOTAL_PARENT_EQUITY":34888084643.58,"DEBT_ASSET_RATIO":65.7412093766,"OPERATE_PROFIT":3761118614.4,"PRETAX_PROFIT":2875375890.66,"NETCASH_OPERATE":2544554689.88,"NETCASH_INVEST":-1726023215.28,"NETCASH_FINANCE":-1123622015.46,"END_CASH":2914135845.46,"DIVI_RATIO":null,"DIVIDEND_RATE":null,"CURRENT_RATIO":1.176366136477,"COMMON_ACS":null,"CURRENTDEBT_DEBT":60.300802383655,"ISSUED_COMMON_SHARES":11441892848,"HK_COMMON_SHARES":11441892848,"PER_SHARES":2000,"TOTAL_MARKET_CAP":2048098819.792,"HKSK_MARKET_CAP":2048098819.792,"PE_TTM":-11.501004154268,"PB_TTM":0.064206260805,"REPORT_DATE_SQ":"2019-12-31 00:00:00","REPORT_TYPE_SQ":"2019年年报","OPERATE_INCOME_SQ":9034349459.8,"DPS_HKD":null,"OPERATE_INCOME_QOQ_SQ":0,"NET_PROFIT_RATIO_SQ":26.580096755,"HOLDER_PROFIT_SQ":2405900931.7,"HOLDER_PROFIT_QOQ_SQ":0,"ROE_AVG_SQ":7.435802323808,"PE_TTM_SQ":-19.275425956873,"PB_TTM_SQ":0.087434172333,"ROA_SQ":2.324648374709,"START_DATE":"2020-04-01 00:00:00","FISCAL_YEAR":"3-31","CURRENCY":"HKD","IS_CNY_CODE":0,"DPS_HKD_LY":0.03,"ORG_TYPE":"一般企业","PREMIUM_INCOME":null,"PREMIUM_INCOME_YOY":null,"NET_INTEREST_INCOME":null,"NET_INTEREST_INCOME_YOY":null,"FEE_COMMISSION_INCOME":null,"FEE_COMMISSION_INCOME_YOY":null,"ACCOUNTS_RECE_TDAYS":16.324100242784,"INVENTORY_TDAYS":19.988911272911,"CURRENT_ASSETS_TDAYS":0.204567447393,"TOTAL_ASSETS_TDAYS":0.096670227159,"PREMIUM_EXPENSE":null,"LOAN_DEPOSIT":null,"LOAN_EQUITY":null,"LOAN_ASSETS":null,"DEPOSIT_EQUITY":null,"DEPOSIT_ASSETS":null,"EQUITY_MULTIPLIER":2.918958847651,"EQUITY_RATIO":1.919780238229},{"SECUCODE":"01668.HK","SECURITY_CODE":"01668","SECURITY_NAME_ABBR":"华南城","ORG_CODE":"10144996","STD_REPORT_DATE":"2020-06-30 00:00:00","REPORT_DATE":"2020-09-30 00:00:00","DATE_TYPE_CODE":"002","REPORT_TYPE":"2020年中报","PER_NETCASH_OPERATE":0.150311867837,"PER_OI":0.771757135695,"BPS":2.878446880642,"BASIC_EPS":0.071000576,"DILUTED_EPS":0.071000576,"OPERATE_INCOME":6244976046.72,"OPERATE_INCOME_YOY":21.9617007124,"GROSS_PROFIT":2374891939.84,"GROSS_PROFIT_YOY":17.168918348502,"HOLDER_PROFIT":574280426.24,"HOLDER_PROFIT_YOY":4.0390340195,"GROSS_PROFIT_RATIO":38.028839855797,"EPS_TTM":0.297322391299,"OPERATE_INCOME_QOQ":0,"NET_PROFIT_RATIO":9.1886041469,"ROE_AVG":1.807530581812,"GROSS_PROFIT_QOQ":0,"ROA":0.572353962456,"HOLDER_PROFIT_QOQ":0,"ROE_YEARLY":3.615061163623,"ROIC_YEARLY":1.25838724499,"TOTAL_ASSETS":100996401992.96,"TOTAL_LIABILITIES":68049901901.44,"TAX_EBT":51.412444931872,"OCF_SALES":19.476576358669,"TOTAL_PARENT_EQUITY":32934880776.96,"DEBT_ASSET_RATIO":67.3785407783,"OPERATE_PROFIT":1660645477.12,"PRETAX_PROFIT":1181014618.24,"NETCASH_OPERATE":1216307528.32,"NETCASH_INVEST":2608040.96,"NETCASH_FINANCE":-397017998.08,"END_CASH":4199952958.72,"DIVI_RATIO":null,"DIVIDEND_RATE":null,"CURRENT_RATIO":1.123504011031,"COMMON_ACS":null,"CURRENTDEBT_DEBT":62.19622312041,"ISSUED_COMMON_SHARES":11441892848,"HK_COMMON_SHARES":11441892848,"PER_SHARES":2000,"TOTAL_MARKET_CAP":2048098819.792,"HKSK_MARKET_CAP":2048098819.792,"PE_TTM":-11.501004154268,"PB_TTM":0.064206260805,"REPORT_DATE_SQ":"2019-06-30 00:00:00","REPORT_TYPE_SQ":"2019年中报","OPERATE_INCOME_SQ":5256154787.58,"DPS_HKD":null,"OPERATE_INCOME_QOQ_SQ":0,"NET_PROFIT_RATIO_SQ":10.8155811118,"HOLDER_PROFIT_SQ":566615621.7,"HOLDER_PROFIT_QOQ_SQ":0,"ROE_AVG_SQ":1.801509279162,"PE_TTM_SQ":-19.275425956873,"PB_TTM_SQ":0.087434172333,"ROA_SQ":0.561398460125,"START_DATE":"2020-04-01 00:00:00","FISCAL_YEAR":"3-31","CURRENCY":"HKD","IS_CNY_CODE":0,"DPS_HKD_LY":0.03,"ORG_TYPE":"一般企业","PREMIUM_INCOME":null,"PREMIUM_INCOME_YOY":null,"NET_INTEREST_INCOME":null,"NET_INTEREST_INCOME_YOY":null,"FEE_COMMISSION_INCOME":null,"FEE_COMMISSION_INCOME_YOY":null,"ACCOUNTS_RECE_TDAYS":11.704083640816,"INVENTORY_TDAYS":12.06876150912,"CURRENT_ASSETS_TDAYS":0.131040647515,"TOTAL_ASSETS_TDAYS":0.062240268386,"PREMIUM_EXPENSE":null,"LOAN_DEPOSIT":null,"LOAN_EQUITY":null,"LOAN_ASSETS":null,"DEPOSIT_EQUITY":null,"DEPOSIT_ASSETS":null,"EQUITY_MULTIPLIER":3.065466793511,"EQUITY_RATIO":2.066195483211},{"SECUCODE":"01668.HK","SECURITY_CODE":"01668","SECURITY_NAME_ABBR":"华南城","ORG_CODE":"10144996","STD_REPORT_DATE":"2019-12-31 00:00:00","REPORT_DATE":"2020-03-31 00:00:00","DATE_TYPE_CODE":"001","REPORT_TYPE":"2019年年报","PER_NETCASH_OPERATE":0.362866833249,"PER_OI":1.114357276596,"BPS":2.781590613459,"BASIC_EPS":0.29667839,"DILUTED_EPS":0.29667839,"OPERATE_INCOME":9034349459.8,"OPERATE_INCOME_YOY":-3.7628129728,"GROSS_PROFIT":4132342563.9,"GROSS_PROFIT_YOY":8.510579245085,"HOLDER_PROFIT":2405900931.7,"HOLDER_PROFIT_YOY":-19.0042516646,"GROSS_PROFIT_RATIO":45.740344474028,"EPS_TTM":0.321799625192,"OPERATE_INCOME_QOQ":0,"NET_PROFIT_RATIO":26.580096755,"ROE_AVG":7.435802323808,"GROSS_PROFIT_QOQ":0,"ROA":2.324648374709,"HOLDER_PROFIT_QOQ":0,"ROE_YEARLY":7.435802323808,"ROIC_YEARLY":2.548176229883,"TOTAL_ASSETS":103644693312.4,"TOTAL_LIABILITIES":71772534788.4,"TAX_EBT":41.214724390199,"OCF_SALES":32.562880942234,"TOTAL_PARENT_EQUITY":31826661746.2,"DEBT_ASSET_RATIO":69.24863444,"OPERATE_PROFIT":4752320907.1,"PRETAX_PROFIT":4084932498.3,"NETCASH_OPERATE":2941844458.5,"NETCASH_INVEST":-2817103393.4,"NETCASH_FINANCE":-2129251759.4,"END_CASH":3232315170.7,"DIVI_RATIO":null,"DIVIDEND_RATE":null,"CURRENT_RATIO":1.080614882388,"COMMON_ACS":null,"CURRENTDEBT_DEBT":64.033187793206,"ISSUED_COMMON_SHARES":11441892848,"HK_COMMON_SHARES":11441892848,"PER_SHARES":2000,"TOTAL_MARKET_CAP":2048098819.792,"HKSK_MARKET_CAP":2048098819.792,"PE_TTM":-11.501004154268,"PB_TTM":0.064206260805,"REPORT_DATE_SQ":"2018-12-31 00:00:00","REPORT_TYPE_SQ":"2018年年报","OPERATE_INCOME_SQ":8813153196.45,"DPS_HKD":null,"OPERATE_INCOME_QOQ_SQ":0,"NET_PROFIT_RATIO_SQ":31.5654419712,"HOLDER_PROFIT_SQ":2788642693.98,"HOLDER_PROFIT_QOQ_SQ":0,"ROE_AVG_SQ":9.0043203378,"PE_TTM_SQ":-19.275425956873,"PB_TTM_SQ":0.087434172333,"ROA_SQ":2.894208438717,"START_DATE":"2019-04-01 00:00:00","FISCAL_YEAR":"3-31","CURRENCY":"HKD","IS_CNY_CODE":0,"DPS_HKD_LY":0.05,"ORG_TYPE":"一般企业","PREMIUM_INCOME":null,"PREMIUM_INCOME_YOY":null,"NET_INTEREST_INCOME":null,"NET_INTEREST_INCOME_YOY":null,"FEE_COMMISSION_INCOME":null,"FEE_COMMISSION_INCOME_YOY":null,"ACCOUNTS_RECE_TDAYS":12.163574306749,"INVENTORY_TDAYS":13.454731720774,"CURRENT_ASSETS_TDAYS":0.183796778561,"TOTAL_ASSETS_TDAYS":0.087292396422,"PREMIUM_EXPENSE":null,"LOAN_DEPOSIT":null,"LOAN_EQUITY":null,"LOAN_ASSETS":null,"DEPOSIT_EQUITY":null,"DEPOSIT_ASSETS":null,"EQUITY_MULTIPLIER":3.251888108998,"EQUITY_RATIO":2.255107223018}],"count":34},"success":true,"message":"ok","code":0}