{"version":"26768852ea87d4f856ddb1e8081157c6","result":{"pages":4,"data":[{"SECUCODE":"01673.HK","SECURITY_CODE":"01673","SECURITY_NAME_ABBR":"华章科技","ORG_CODE":"10321244","STD_REPORT_DATE":"2023-12-31 00:00:00","REPORT_DATE":"2024-06-30 00:00:00","DATE_TYPE_CODE":"001","REPORT_TYPE":"2023年年报","PER_NETCASH_OPERATE":0.010347653961,"PER_OI":0.280706230299,"BPS":0.270184459386,"BASIC_EPS":-0.016,"DILUTED_EPS":-0.016,"OPERATE_INCOME":448044777,"OPERATE_INCOME_YOY":-15.2907967086,"GROSS_PROFIT":79719708,"GROSS_PROFIT_YOY":-4.141116529213,"HOLDER_PROFIT":-18729124,"HOLDER_PROFIT_YOY":63.4545056878,"GROSS_PROFIT_RATIO":17.79279931211,"EPS_TTM":-0.03973496388,"OPERATE_INCOME_QOQ":1.871927705258,"NET_PROFIT_RATIO":-4.150761253,"ROE_AVG":-4.745419368213,"GROSS_PROFIT_QOQ":-4.140236336542,"ROA":-1.915773379014,"HOLDER_PROFIT_QOQ":17.497462525506,"ROE_YEARLY":-4.745419368213,"ROIC_YEARLY":-2.119054122663,"TOTAL_ASSETS":982947991,"TOTAL_LIABILITIES":558070555,"TAX_EBT":3.8628761297,"OCF_SALES":3.686292943886,"TOTAL_PARENT_EQUITY":431250620,"DEBT_ASSET_RATIO":56.775186491,"OPERATE_PROFIT":-18228641,"PRETAX_PROFIT":-19344524,"NETCASH_OPERATE":16516243,"NETCASH_INVEST":-57705212,"NETCASH_FINANCE":93651988,"END_CASH":96450667,"DIVI_RATIO":null,"DIVIDEND_RATE":null,"CURRENT_RATIO":1.381855155202,"COMMON_ACS":8000000000,"CURRENTDEBT_DEBT":95.627058302691,"ISSUED_COMMON_SHARES":1596134067,"HK_COMMON_SHARES":1596134067,"PER_SHARES":2000,"TOTAL_MARKET_CAP":414994857.42,"HKSK_MARKET_CAP":414994857.42,"PE_TTM":-20.222916270408,"PB_TTM":0.87827701319,"REPORT_DATE_SQ":"2022-12-31 00:00:00","REPORT_TYPE_SQ":"2022年年报","OPERATE_INCOME_SQ":528921014,"DPS_HKD":null,"OPERATE_INCOME_QOQ_SQ":-5.798480107382,"NET_PROFIT_RATIO_SQ":-9.9884592598,"HOLDER_PROFIT_SQ":-51248791,"HOLDER_PROFIT_QOQ_SQ":13.460751331195,"ROE_AVG_SQ":-13.502668146037,"PE_TTM_SQ":-8.614468702838,"PB_TTM_SQ":1.232824883128,"ROA_SQ":-5.088969218726,"START_DATE":"2023-07-01 00:00:00","FISCAL_YEAR":"6-30","CURRENCY":"HKD","IS_CNY_CODE":0,"DPS_HKD_LY":null,"ORG_TYPE":"一般企业","PREMIUM_INCOME":null,"PREMIUM_INCOME_YOY":null,"NET_INTEREST_INCOME":null,"NET_INTEREST_INCOME_YOY":null,"FEE_COMMISSION_INCOME":null,"FEE_COMMISSION_INCOME_YOY":null,"ACCOUNTS_RECE_TDAYS":2.694593146964,"INVENTORY_TDAYS":2.234320344856,"CURRENT_ASSETS_TDAYS":0.621101674891,"TOTAL_ASSETS_TDAYS":0.458298133102,"PREMIUM_EXPENSE":null,"LOAN_DEPOSIT":null,"LOAN_EQUITY":null,"LOAN_ASSETS":null,"DEPOSIT_EQUITY":null,"DEPOSIT_ASSETS":null,"EQUITY_MULTIPLIER":2.313485979047,"EQUITY_RATIO":1.294074788808},{"SECUCODE":"01673.HK","SECURITY_CODE":"01673","SECURITY_NAME_ABBR":"华章科技","ORG_CODE":"10321244","STD_REPORT_DATE":"2023-06-30 00:00:00","REPORT_DATE":"2023-12-31 00:00:00","DATE_TYPE_CODE":"002","REPORT_TYPE":"2023年中报","PER_NETCASH_OPERATE":0.002511331337,"PER_OI":0.15691338665,"BPS":0.213218237137,"BASIC_EPS":-0.0172,"DILUTED_EPS":-0.0172,"OPERATE_INCOME":166969868,"OPERATE_INCOME_YOY":6.3036172118,"GROSS_PROFIT":27845454,"GROSS_PROFIT_YOY":-11.004542737322,"HOLDER_PROFIT":-18341933,"HOLDER_PROFIT_YOY":32.8359949117,"GROSS_PROFIT_RATIO":16.676933588999,"EPS_TTM":-0.048162111247,"OPERATE_INCOME_QOQ":73.365947868128,"NET_PROFIT_RATIO":-11.1755164111,"ROE_AVG":-5.252331186142,"GROSS_PROFIT_QOQ":72.931084589324,"ROA":-1.903168438701,"HOLDER_PROFIT_QOQ":83.719650520728,"ROE_YEARLY":-10.504662372285,"ROIC_YEARLY":-3.945710159928,"TOTAL_ASSETS":955208811,"TOTAL_LIABILITIES":621706770,"TAX_EBT":-1.705187624108,"OCF_SALES":1.600457035757,"TOTAL_PARENT_EQUITY":340324892,"DEBT_ASSET_RATIO":65.0859542794,"OPERATE_PROFIT":-16531303,"PRETAX_PROFIT":-18346896,"NETCASH_OPERATE":2672281,"NETCASH_INVEST":334985,"NETCASH_FINANCE":-8689974,"END_CASH":37429987,"DIVI_RATIO":null,"DIVIDEND_RATE":null,"CURRENT_RATIO":1.173014340319,"COMMON_ACS":8000000000,"CURRENTDEBT_DEBT":96.017074255119,"ISSUED_COMMON_SHARES":1596134067,"HK_COMMON_SHARES":1596134067,"PER_SHARES":2000,"TOTAL_MARKET_CAP":438936868.425,"HKSK_MARKET_CAP":438936868.425,"PE_TTM":-21.389622978316,"PB_TTM":0.928946840874,"REPORT_DATE_SQ":"2022-06-30 00:00:00","REPORT_TYPE_SQ":"2022年中报","OPERATE_INCOME_SQ":157068849,"DPS_HKD":null,"OPERATE_INCOME_QOQ_SQ":-14.776682504556,"NET_PROFIT_RATIO_SQ":-17.61465827,"HOLDER_PROFIT_SQ":-27309171,"HOLDER_PROFIT_QOQ_SQ":-373.317241077521,"ROE_AVG_SQ":-7.020539740775,"PE_TTM_SQ":-7.561589194714,"PB_TTM_SQ":1.082146286302,"ROA_SQ":-2.664621292921,"START_DATE":"2023-07-01 00:00:00","FISCAL_YEAR":"6-30","CURRENCY":"HKD","IS_CNY_CODE":0,"DPS_HKD_LY":null,"ORG_TYPE":"一般企业","PREMIUM_INCOME":null,"PREMIUM_INCOME_YOY":null,"NET_INTEREST_INCOME":null,"NET_INTEREST_INCOME_YOY":null,"FEE_COMMISSION_INCOME":null,"FEE_COMMISSION_INCOME_YOY":null,"ACCOUNTS_RECE_TDAYS":1.012514822261,"INVENTORY_TDAYS":0.785670764151,"CURRENT_ASSETS_TDAYS":0.237592096047,"TOTAL_ASSETS_TDAYS":0.173248797164,"PREMIUM_EXPENSE":null,"LOAN_DEPOSIT":null,"LOAN_EQUITY":null,"LOAN_ASSETS":null,"DEPOSIT_EQUITY":null,"DEPOSIT_ASSETS":null,"EQUITY_MULTIPLIER":2.864176807244,"EQUITY_RATIO":1.826803694394},{"SECUCODE":"01673.HK","SECURITY_CODE":"01673","SECURITY_NAME_ABBR":"华章科技","ORG_CODE":"10321244","STD_REPORT_DATE":"2022-12-31 00:00:00","REPORT_DATE":"2023-06-30 00:00:00","DATE_TYPE_CODE":"001","REPORT_TYPE":"2022年年报","PER_NETCASH_OPERATE":-0.117428432783,"PER_OI":0.497064461816,"BPS":0.224357898502,"BASIC_EPS":-0.0441,"DILUTED_EPS":-0.0441,"OPERATE_INCOME":528921014,"OPERATE_INCOME_YOY":63.313357868,"GROSS_PROFIT":83163610,"GROSS_PROFIT_YOY":150.835516562252,"HOLDER_PROFIT":-51248791,"HOLDER_PROFIT_YOY":85.91110788,"GROSS_PROFIT_RATIO":15.723256932272,"EPS_TTM":-0.295829713658,"OPERATE_INCOME_QOQ":-5.798480107382,"NET_PROFIT_RATIO":-9.9884592598,"ROE_AVG":-13.502668146037,"GROSS_PROFIT_QOQ":45.049409224453,"ROA":-5.088969218726,"HOLDER_PROFIT_QOQ":13.460751331195,"ROE_YEARLY":-13.502668146037,"ROIC_YEARLY":-5.568980970924,"TOTAL_ASSETS":972306655,"TOTAL_LIABILITIES":620706409,"TAX_EBT":-2.480778450333,"OCF_SALES":-23.624387137698,"TOTAL_PARENT_EQUITY":358105285,"DEBT_ASSET_RATIO":63.8385437154,"OPERATE_PROFIT":-38244420,"PRETAX_PROFIT":-51552165,"NETCASH_OPERATE":-124954348,"NETCASH_INVEST":2822924,"NETCASH_FINANCE":24676418,"END_CASH":43983025,"DIVI_RATIO":null,"DIVIDEND_RATE":null,"CURRENT_RATIO":1.190260910792,"COMMON_ACS":8000000000,"CURRENTDEBT_DEBT":95.464256918926,"ISSUED_COMMON_SHARES":1596134067,"HK_COMMON_SHARES":1596134067,"PER_SHARES":2000,"TOTAL_MARKET_CAP":438936868.425,"HKSK_MARKET_CAP":438936868.425,"PE_TTM":-21.389622978316,"PB_TTM":0.928946840874,"REPORT_DATE_SQ":"2021-12-31 00:00:00","REPORT_TYPE_SQ":"2021年年报","OPERATE_INCOME_SQ":323868801,"DPS_HKD":null,"OPERATE_INCOME_QOQ_SQ":-23.522025802583,"NET_PROFIT_RATIO_SQ":-113.2368532775,"HOLDER_PROFIT_SQ":-363753165,"HOLDER_PROFIT_QOQ_SQ":-527.323202600642,"ROE_AVG_SQ":-67.005758538072,"PE_TTM_SQ":-7.561589194714,"PB_TTM_SQ":1.082146286302,"ROA_SQ":-29.982324639948,"START_DATE":"2022-07-01 00:00:00","FISCAL_YEAR":"6-30","CURRENCY":"HKD","IS_CNY_CODE":0,"DPS_HKD_LY":null,"ORG_TYPE":"一般企业","PREMIUM_INCOME":null,"PREMIUM_INCOME_YOY":null,"NET_INTEREST_INCOME":null,"NET_INTEREST_INCOME_YOY":null,"FEE_COMMISSION_INCOME":null,"FEE_COMMISSION_INCOME_YOY":null,"ACCOUNTS_RECE_TDAYS":2.944514108283,"INVENTORY_TDAYS":3.055725697829,"CURRENT_ASSETS_TDAYS":0.746357478011,"TOTAL_ASSETS_TDAYS":0.525214879583,"PREMIUM_EXPENSE":null,"LOAN_DEPOSIT":null,"LOAN_EQUITY":null,"LOAN_ASSETS":null,"DEPOSIT_EQUITY":null,"DEPOSIT_ASSETS":null,"EQUITY_MULTIPLIER":2.765375354714,"EQUITY_RATIO":1.733307032874},{"SECUCODE":"01673.HK","SECURITY_CODE":"01673","SECURITY_NAME_ABBR":"华章科技","ORG_CODE":"10321244","STD_REPORT_DATE":"2022-06-30 00:00:00","REPORT_DATE":"2022-12-31 00:00:00","DATE_TYPE_CODE":"002","REPORT_TYPE":"2022年中报","PER_NETCASH_OPERATE":-0.01492943011,"PER_OI":0.147608699276,"BPS":0.236191442683,"BASIC_EPS":-0.0257,"DILUTED_EPS":-0.0257,"OPERATE_INCOME":157068849,"OPERATE_INCOME_YOY":-10.679356118,"GROSS_PROFIT":31288624,"GROSS_PROFIT_YOY":91.336660621777,"HOLDER_PROFIT":-27309171,"HOLDER_PROFIT_YOY":64.1955313723,"GROSS_PROFIT_RATIO":19.920324239468,"EPS_TTM":-0.34184455979,"OPERATE_INCOME_QOQ":-14.776682504556,"NET_PROFIT_RATIO":-17.61465827,"ROE_AVG":-7.020539740775,"GROSS_PROFIT_QOQ":-47.238950227161,"ROA":-2.664621292921,"HOLDER_PROFIT_QOQ":-373.317241077521,"ROE_YEARLY":-14.04107948155,"ROIC_YEARLY":-5.853062910246,"TOTAL_ASSETS":1007953846,"TOTAL_LIABILITIES":636241378,"TAX_EBT":-1.145400845147,"OCF_SALES":-10.114193935425,"TOTAL_PARENT_EQUITY":376993208,"DEBT_ASSET_RATIO":63.1220745399,"OPERATE_PROFIT":-23987145,"PRETAX_PROFIT":-27353830,"NETCASH_OPERATE":-15886248,"NETCASH_INVEST":641856,"NETCASH_FINANCE":-75878960,"END_CASH":52598078,"DIVI_RATIO":null,"DIVIDEND_RATE":null,"CURRENT_RATIO":1.131152758062,"COMMON_ACS":8000000000,"CURRENTDEBT_DEBT":95.519225880968,"ISSUED_COMMON_SHARES":1596134067,"HK_COMMON_SHARES":1596134067,"PER_SHARES":2000,"TOTAL_MARKET_CAP":438936868.425,"HKSK_MARKET_CAP":438936868.425,"PE_TTM":-21.389622978316,"PB_TTM":0.928946840874,"REPORT_DATE_SQ":"2021-06-30 00:00:00","REPORT_TYPE_SQ":"2021年中报","OPERATE_INCOME_SQ":175848317,"DPS_HKD":null,"OPERATE_INCOME_QOQ_SQ":17.261484623315,"NET_PROFIT_RATIO_SQ":-43.3488516128,"HOLDER_PROFIT_SQ":-76273080,"HOLDER_PROFIT_QOQ_SQ":179.663067602907,"ROE_AVG_SQ":-11.793543619852,"PE_TTM_SQ":-7.561589194714,"PB_TTM_SQ":1.082146286302,"ROA_SQ":-5.677024266981,"START_DATE":"2022-07-01 00:00:00","FISCAL_YEAR":"6-30","CURRENCY":"HKD","IS_CNY_CODE":0,"DPS_HKD_LY":null,"ORG_TYPE":"一般企业","PREMIUM_INCOME":null,"PREMIUM_INCOME_YOY":null,"NET_INTEREST_INCOME":null,"NET_INTEREST_INCOME_YOY":null,"FEE_COMMISSION_INCOME":null,"FEE_COMMISSION_INCOME_YOY":null,"ACCOUNTS_RECE_TDAYS":0.863424081901,"INVENTORY_TDAYS":0.835674758756,"CURRENT_ASSETS_TDAYS":0.224466495219,"TOTAL_ASSETS_TDAYS":0.153255841966,"PREMIUM_EXPENSE":null,"LOAN_DEPOSIT":null,"LOAN_EQUITY":null,"LOAN_ASSETS":null,"DEPOSIT_EQUITY":null,"DEPOSIT_ASSETS":null,"EQUITY_MULTIPLIER":2.71164927941,"EQUITY_RATIO":1.687673317446},{"SECUCODE":"01673.HK","SECURITY_CODE":"01673","SECURITY_NAME_ABBR":"华章科技","ORG_CODE":"10321244","STD_REPORT_DATE":"2021-12-31 00:00:00","REPORT_DATE":"2022-06-30 00:00:00","DATE_TYPE_CODE":"001","REPORT_TYPE":"2021年年报","PER_NETCASH_OPERATE":-0.04886537548,"PER_OI":0.304362403851,"BPS":0.251223280231,"BASIC_EPS":-0.3865,"DILUTED_EPS":-0.3865,"OPERATE_INCOME":323868801,"OPERATE_INCOME_YOY":-34.8229332357,"GROSS_PROFIT":33154639,"GROSS_PROFIT_YOY":-68.611795012104,"HOLDER_PROFIT":-363753165,"HOLDER_PROFIT_YOY":-2122.5943930335,"GROSS_PROFIT_RATIO":10.237058616832,"EPS_TTM":-0.086667742035,"OPERATE_INCOME_QOQ":-23.522025802583,"NET_PROFIT_RATIO":-113.2368532775,"ROE_AVG":-67.005758538072,"GROSS_PROFIT_QOQ":-40.508755752516,"ROA":-29.982324639948,"HOLDER_PROFIT_QOQ":-527.323202600642,"ROE_YEARLY":-67.005758538072,"ROIC_YEARLY":-33.885380974614,"TOTAL_ASSETS":1041806176,"TOTAL_LIABILITIES":645742910,"TAX_EBT":-4.425971303633,"OCF_SALES":-16.054997220927,"TOTAL_PARENT_EQUITY":400986036,"DEBT_ASSET_RATIO":61.9830180389,"OPERATE_PROFIT":-318940782,"PRETAX_PROFIT":-351195047,"NETCASH_OPERATE":-51997147,"NETCASH_INVEST":-1993491,"NETCASH_FINANCE":48147536,"END_CASH":141048866,"DIVI_RATIO":null,"DIVIDEND_RATE":null,"CURRENT_RATIO":1.156461177251,"COMMON_ACS":8000000000,"CURRENTDEBT_DEBT":95.349429852819,"ISSUED_COMMON_SHARES":1596134067,"HK_COMMON_SHARES":1596134067,"PER_SHARES":2000,"TOTAL_MARKET_CAP":438936868.425,"HKSK_MARKET_CAP":438936868.425,"PE_TTM":-21.389622978316,"PB_TTM":0.928946840874,"REPORT_DATE_SQ":"2020-12-31 00:00:00","REPORT_TYPE_SQ":"2020年年报","OPERATE_INCOME_SQ":496906070,"DPS_HKD":null,"OPERATE_INCOME_QOQ_SQ":15.102087290226,"NET_PROFIT_RATIO_SQ":3.3237527165,"HOLDER_PROFIT_SQ":17984484,"HOLDER_PROFIT_QOQ_SQ":70.871534493706,"ROE_AVG_SQ":2.863327624385,"PE_TTM_SQ":-7.561589194714,"PB_TTM_SQ":1.082146286302,"ROA_SQ":1.304513909092,"START_DATE":"2021-07-01 00:00:00","FISCAL_YEAR":"6-30","CURRENCY":"HKD","IS_CNY_CODE":0,"DPS_HKD_LY":null,"ORG_TYPE":"一般企业","PREMIUM_INCOME":null,"PREMIUM_INCOME_YOY":null,"NET_INTEREST_INCOME":null,"NET_INTEREST_INCOME_YOY":null,"FEE_COMMISSION_INCOME":null,"FEE_COMMISSION_INCOME_YOY":null,"ACCOUNTS_RECE_TDAYS":0.882045261672,"INVENTORY_TDAYS":1.975976175333,"CURRENT_ASSETS_TDAYS":0.372938241065,"TOTAL_ASSETS_TDAYS":0.26694859225,"PREMIUM_EXPENSE":null,"LOAN_DEPOSIT":null,"LOAN_EQUITY":null,"LOAN_ASSETS":null,"DEPOSIT_EQUITY":null,"DEPOSIT_ASSETS":null,"EQUITY_MULTIPLIER":2.63040343661,"EQUITY_RATIO":1.610387524816},{"SECUCODE":"01673.HK","SECURITY_CODE":"01673","SECURITY_NAME_ABBR":"华章科技","ORG_CODE":"10321244","STD_REPORT_DATE":"2021-06-30 00:00:00","REPORT_DATE":"2021-12-31 00:00:00","DATE_TYPE_CODE":"002","REPORT_TYPE":"2021年中报","PER_NETCASH_OPERATE":-0.057617834543,"PER_OI":0.198308459899,"BPS":0.381371975315,"BASIC_EPS":-0.086,"DILUTED_EPS":-0.086,"OPERATE_INCOME":175848317,"OPERATE_INCOME_YOY":-39.9282950485,"GROSS_PROFIT":16352655,"GROSS_PROFIT_YOY":-72.349772126406,"HOLDER_PROFIT":-76273080,"HOLDER_PROFIT_YOY":-510.8815485542,"GROSS_PROFIT_RATIO":9.299295710632,"EPS_TTM":0.02028154369,"OPERATE_INCOME_QOQ":17.261484623315,"NET_PROFIT_RATIO":-43.3488516128,"ROE_AVG":-11.793543619852,"GROSS_PROFIT_QOQ":37.538909820962,"ROA":-5.677024266981,"HOLDER_PROFIT_QOQ":179.663067602907,"ROE_YEARLY":-23.587087239704,"ROIC_YEARLY":-12.305160146467,"TOTAL_ASSETS":1302435046,"TOTAL_LIABILITIES":695606486,"TAX_EBT":14.940354203615,"OCF_SALES":-29.054652823319,"TOTAL_PARENT_EQUITY":608720802,"DEBT_ASSET_RATIO":53.4081517644,"OPERATE_PROFIT":-79702800,"PRETAX_PROFIT":-89617380,"NETCASH_OPERATE":-51092118,"NETCASH_INVEST":-3259860,"NETCASH_FINANCE":-24194676,"END_CASH":66224231,"DIVI_RATIO":null,"DIVIDEND_RATE":null,"CURRENT_RATIO":1.421673597242,"COMMON_ACS":8000000000,"CURRENTDEBT_DEBT":95.238701382667,"ISSUED_COMMON_SHARES":1596134067,"HK_COMMON_SHARES":1596134067,"PER_SHARES":2000,"TOTAL_MARKET_CAP":438936868.425,"HKSK_MARKET_CAP":438936868.425,"PE_TTM":-21.389622978316,"PB_TTM":0.928946840874,"REPORT_DATE_SQ":"2020-06-30 00:00:00","REPORT_TYPE_SQ":"2020年中报","OPERATE_INCOME_SQ":292730691,"DPS_HKD":null,"OPERATE_INCOME_QOQ_SQ":-35.785458135543,"NET_PROFIT_RATIO_SQ":6.2490430838,"HOLDER_PROFIT_SQ":18563277,"HOLDER_PROFIT_QOQ_SQ":39.991837748185,"ROE_AVG_SQ":3.163091460086,"PE_TTM_SQ":-7.561589194714,"PB_TTM_SQ":1.082146286302,"ROA_SQ":1.371594268851,"START_DATE":"2021-07-01 00:00:00","FISCAL_YEAR":"6-30","CURRENCY":"HKD","IS_CNY_CODE":0,"DPS_HKD_LY":null,"ORG_TYPE":"一般企业","PREMIUM_INCOME":null,"PREMIUM_INCOME_YOY":null,"NET_INTEREST_INCOME":null,"NET_INTEREST_INCOME_YOY":null,"FEE_COMMISSION_INCOME":null,"FEE_COMMISSION_INCOME_YOY":null,"ACCOUNTS_RECE_TDAYS":0.338703867608,"INVENTORY_TDAYS":1.064450347355,"CURRENT_ASSETS_TDAYS":0.178831043461,"TOTAL_ASSETS_TDAYS":0.130884338605,"PREMIUM_EXPENSE":null,"LOAN_DEPOSIT":null,"LOAN_EQUITY":null,"LOAN_ASSETS":null,"DEPOSIT_EQUITY":null,"DEPOSIT_ASSETS":null,"EQUITY_MULTIPLIER":2.146298199941,"EQUITY_RATIO":1.142734869113},{"SECUCODE":"01673.HK","SECURITY_CODE":"01673","SECURITY_NAME_ABBR":"华章科技","ORG_CODE":"10321244","STD_REPORT_DATE":"2020-12-31 00:00:00","REPORT_DATE":"2021-06-30 00:00:00","DATE_TYPE_CODE":"001","REPORT_TYPE":"2020年年报","PER_NETCASH_OPERATE":0.134157633727,"PER_OI":0.560373162151,"BPS":0.429005936379,"BASIC_EPS":0.0245,"DILUTED_EPS":0.0245,"OPERATE_INCOME":496906070,"OPERATE_INCOME_YOY":34.9704163889,"GROSS_PROFIT":105627700,"GROSS_PROFIT_YOY":42.36464645626,"HOLDER_PROFIT":17984484,"HOLDER_PROFIT_YOY":123.204629168,"GROSS_PROFIT_RATIO":21.257075809116,"EPS_TTM":-0.030803428962,"OPERATE_INCOME_QOQ":15.102087290226,"NET_PROFIT_RATIO":3.3237527165,"ROE_AVG":2.863327624385,"GROSS_PROFIT_QOQ":3.508633768859,"ROA":1.304513909092,"HOLDER_PROFIT_QOQ":70.871534493706,"ROE_YEARLY":2.863327624385,"ROIC_YEARLY":1.397406041525,"TOTAL_ASSETS":1384644537,"TOTAL_LIABILITIES":701830643,"TAX_EBT":28.527038758107,"OCF_SALES":23.940767115202,"TOTAL_PARENT_EQUITY":684750990,"DEBT_ASSET_RATIO":50.686701478,"OPERATE_PROFIT":45458267,"PRETAX_PROFIT":23107940,"NETCASH_OPERATE":118963125,"NETCASH_INVEST":-12049802,"NETCASH_FINANCE":-948788,"END_CASH":145299486,"DIVI_RATIO":null,"DIVIDEND_RATE":null,"CURRENT_RATIO":1.536473230449,"COMMON_ACS":8000000000,"CURRENTDEBT_DEBT":95.034820102604,"ISSUED_COMMON_SHARES":1596134067,"HK_COMMON_SHARES":1596134067,"PER_SHARES":2000,"TOTAL_MARKET_CAP":438936868.425,"HKSK_MARKET_CAP":438936868.425,"PE_TTM":-21.389622978316,"PB_TTM":0.928946840874,"REPORT_DATE_SQ":"2019-12-31 00:00:00","REPORT_TYPE_SQ":"2019年年报","OPERATE_INCOME_SQ":368159248,"DPS_HKD":null,"OPERATE_INCOME_QOQ_SQ":-24.954663447961,"NET_PROFIT_RATIO_SQ":-20.966318358,"HOLDER_PROFIT_SQ":-77503863,"HOLDER_PROFIT_QOQ_SQ":-0.691068972672,"ROE_AVG_SQ":-12.635126327889,"PE_TTM_SQ":-7.561589194714,"PB_TTM_SQ":1.082146286302,"ROA_SQ":-5.831410014166,"START_DATE":"2020-07-01 00:00:00","FISCAL_YEAR":"6-30","CURRENCY":"HKD","IS_CNY_CODE":0,"DPS_HKD_LY":null,"ORG_TYPE":"一般企业","PREMIUM_INCOME":null,"PREMIUM_INCOME_YOY":null,"NET_INTEREST_INCOME":null,"NET_INTEREST_INCOME_YOY":null,"FEE_COMMISSION_INCOME":null,"FEE_COMMISSION_INCOME_YOY":null,"ACCOUNTS_RECE_TDAYS":0.920358632317,"INVENTORY_TDAYS":2.900257750289,"CURRENT_ASSETS_TDAYS":0.514088187857,"TOTAL_ASSETS_TDAYS":0.36043340461,"PREMIUM_EXPENSE":null,"LOAN_DEPOSIT":null,"LOAN_EQUITY":null,"LOAN_ASSETS":null,"DEPOSIT_EQUITY":null,"DEPOSIT_ASSETS":null,"EQUITY_MULTIPLIER":2.027850559528,"EQUITY_RATIO":1.024942867187},{"SECUCODE":"01673.HK","SECURITY_CODE":"01673","SECURITY_NAME_ABBR":"华章科技","ORG_CODE":"10321244","STD_REPORT_DATE":"2020-06-30 00:00:00","REPORT_DATE":"2020-12-31 00:00:00","DATE_TYPE_CODE":"002","REPORT_TYPE":"2020年中报","PER_NETCASH_OPERATE":0.024559417753,"PER_OI":0.399416834787,"BPS":0.377348640351,"BASIC_EPS":0.0253,"DILUTED_EPS":0.0253,"OPERATE_INCOME":292730691,"OPERATE_INCOME_YOY":23.446845996,"GROSS_PROFIT":59141122,"GROSS_PROFIT_YOY":4.604411714375,"HOLDER_PROFIT":18563277,"HOLDER_PROFIT_YOY":151.0472378585,"GROSS_PROFIT_RATIO":20.203252961952,"EPS_TTM":-0.105611637196,"OPERATE_INCOME_QOQ":-35.785458135543,"NET_PROFIT_RATIO":6.2490430838,"ROE_AVG":3.163091460086,"GROSS_PROFIT_QOQ":-37.365224858563,"ROA":1.371594268851,"HOLDER_PROFIT_QOQ":39.991837748185,"ROE_YEARLY":6.326182920172,"ROIC_YEARLY":2.825586343389,"TOTAL_ASSETS":1334192263,"TOTAL_LIABILITIES":732632194,"TAX_EBT":18.028494099492,"OCF_SALES":6.148818881448,"TOTAL_PARENT_EQUITY":602299020,"DEBT_ASSET_RATIO":54.9120403646,"OPERATE_PROFIT":33490614,"PRETAX_PROFIT":22316129,"NETCASH_OPERATE":17999480,"NETCASH_INVEST":-663163,"NETCASH_FINANCE":-15483049,"END_CASH":39747039,"DIVI_RATIO":null,"DIVIDEND_RATE":null,"CURRENT_RATIO":1.412046561851,"COMMON_ACS":8000000000,"CURRENTDEBT_DEBT":90.619512005775,"ISSUED_COMMON_SHARES":1596134067,"HK_COMMON_SHARES":1596134067,"PER_SHARES":2000,"TOTAL_MARKET_CAP":438936868.425,"HKSK_MARKET_CAP":438936868.425,"PE_TTM":-21.389622978316,"PB_TTM":0.928946840874,"REPORT_DATE_SQ":"2019-06-30 00:00:00","REPORT_TYPE_SQ":"2019年中报","OPERATE_INCOME_SQ":237130960,"DPS_HKD":null,"OPERATE_INCOME_QOQ_SQ":-4.244448367464,"NET_PROFIT_RATIO_SQ":-15.0908244963,"HOLDER_PROFIT_SQ":-36364900,"HOLDER_PROFIT_QOQ_SQ":-1288.55025337673,"ROE_AVG_SQ":-5.713446849462,"PE_TTM_SQ":-7.561589194714,"PB_TTM_SQ":1.082146286302,"ROA_SQ":-2.752416532047,"START_DATE":"2020-07-01 00:00:00","FISCAL_YEAR":"6-30","CURRENCY":"HKD","IS_CNY_CODE":0,"DPS_HKD_LY":null,"ORG_TYPE":"一般企业","PREMIUM_INCOME":null,"PREMIUM_INCOME_YOY":null,"NET_INTEREST_INCOME":null,"NET_INTEREST_INCOME_YOY":null,"FEE_COMMISSION_INCOME":null,"FEE_COMMISSION_INCOME_YOY":null,"ACCOUNTS_RECE_TDAYS":0.573542931049,"INVENTORY_TDAYS":1.730162047133,"CURRENT_ASSETS_TDAYS":0.317182046411,"TOTAL_ASSETS_TDAYS":0.216291411313,"PREMIUM_EXPENSE":null,"LOAN_DEPOSIT":null,"LOAN_EQUITY":null,"LOAN_ASSETS":null,"DEPOSIT_EQUITY":null,"DEPOSIT_ASSETS":null,"EQUITY_MULTIPLIER":2.217887010382,"EQUITY_RATIO":1.216392804358},{"SECUCODE":"01673.HK","SECURITY_CODE":"01673","SECURITY_NAME_ABBR":"华章科技","ORG_CODE":"10321244","STD_REPORT_DATE":"2019-12-31 00:00:00","REPORT_DATE":"2020-06-30 00:00:00","DATE_TYPE_CODE":"001","REPORT_TYPE":"2019年年报","PER_NETCASH_OPERATE":-0.062558157685,"PER_OI":0.501676941315,"BPS":0.358017322488,"BASIC_EPS":-0.1056,"DILUTED_EPS":-0.1056,"OPERATE_INCOME":368159248,"OPERATE_INCOME_YOY":-51.8099809425,"GROSS_PROFIT":74195176,"GROSS_PROFIT_YOY":-38.669854763088,"HOLDER_PROFIT":-77503863,"HOLDER_PROFIT_YOY":39.5771399578,"GROSS_PROFIT_RATIO":20.153011611975,"EPS_TTM":-0.175995453339,"OPERATE_INCOME_QOQ":-24.954663447961,"NET_PROFIT_RATIO":-20.966318358,"ROE_AVG":-12.635126327889,"GROSS_PROFIT_QOQ":-2.082916241943,"ROA":-5.831410014166,"HOLDER_PROFIT_QOQ":-0.691068972672,"ROE_YEARLY":-12.635126327889,"ROIC_YEARLY":-5.97375630583,"TOTAL_ASSETS":1372625259,"TOTAL_LIABILITIES":801650155,"TAX_EBT":6.92463212324,"OCF_SALES":-12.469809260367,"TOTAL_PARENT_EQUITY":571443645,"DEBT_ASSET_RATIO":58.4026958373,"OPERATE_PROFIT":-72717672,"PRETAX_PROFIT":-82932189,"NETCASH_OPERATE":-45908756,"NETCASH_INVEST":-9958999,"NETCASH_FINANCE":71832844,"END_CASH":40394804,"DIVI_RATIO":null,"DIVIDEND_RATE":null,"CURRENT_RATIO":1.183809412076,"COMMON_ACS":8000000000,"CURRENTDEBT_DEBT":95.716727828737,"ISSUED_COMMON_SHARES":1596134067,"HK_COMMON_SHARES":1596134067,"PER_SHARES":2000,"TOTAL_MARKET_CAP":438936868.425,"HKSK_MARKET_CAP":438936868.425,"PE_TTM":-21.389622978316,"PB_TTM":0.928946840874,"REPORT_DATE_SQ":"2018-12-31 00:00:00","REPORT_TYPE_SQ":"2018年年报","OPERATE_INCOME_SQ":763974066,"DPS_HKD":null,"OPERATE_INCOME_QOQ_SQ":30.339386732608,"NET_PROFIT_RATIO_SQ":-16.9990148592,"HOLDER_PROFIT_SQ":-128269107,"HOLDER_PROFIT_QOQ_SQ":-119.131408202904,"ROE_AVG_SQ":-18.051537340285,"PE_TTM_SQ":-7.561589194714,"PB_TTM_SQ":1.082146286302,"ROA_SQ":-9.54769728672,"START_DATE":"2019-07-01 00:00:00","FISCAL_YEAR":"6-30","CURRENCY":"HKD","IS_CNY_CODE":0,"DPS_HKD_LY":null,"ORG_TYPE":"一般企业","PREMIUM_INCOME":null,"PREMIUM_INCOME_YOY":null,"NET_INTEREST_INCOME":null,"NET_INTEREST_INCOME_YOY":null,"FEE_COMMISSION_INCOME":null,"FEE_COMMISSION_INCOME_YOY":null,"ACCOUNTS_RECE_TDAYS":0.64806903247,"INVENTORY_TDAYS":2.931514298528,"CURRENT_ASSETS_TDAYS":0.398648084089,"TOTAL_ASSETS_TDAYS":0.277003937932,"PREMIUM_EXPENSE":null,"LOAN_DEPOSIT":null,"LOAN_EQUITY":null,"LOAN_ASSETS":null,"DEPOSIT_EQUITY":null,"DEPOSIT_ASSETS":null,"EQUITY_MULTIPLIER":2.404001942262,"EQUITY_RATIO":1.4028507658}],"count":34},"success":true,"message":"ok","code":0}