{"version":"8138ab70737353157e3b2a6d6dfc0494","result":{"pages":2,"data":[{"SECUCODE":"01675.HK","SECURITY_CODE":"01675","SECURITY_NAME_ABBR":"亚信科技","ORG_CODE":"10962305","STD_REPORT_DATE":"2024-06-30 00:00:00","REPORT_DATE":"2024-06-30 00:00:00","DATE_TYPE_CODE":"002","REPORT_TYPE":"2024年中报","PER_NETCASH_OPERATE":-0.982577529269,"PER_OI":3.201377307453,"BPS":6.597733936246,"BASIC_EPS":-0.06,"DILUTED_EPS":-0.06,"OPERATE_INCOME":2994262000,"OPERATE_INCOME_YOY":-8.7669873863,"GROSS_PROFIT":738281000,"GROSS_PROFIT_YOY":-35.470983046166,"HOLDER_PROFIT":-59490000,"HOLDER_PROFIT_YOY":-127.5783100694,"GROSS_PROFIT_RATIO":24.656526382795,"EPS_TTM":0.275637561692,"OPERATE_INCOME_QOQ":-3.646506865113,"NET_PROFIT_RATIO":-2.3421798092,"ROE_AVG":-0.930503335203,"GROSS_PROFIT_QOQ":-13.640128043624,"ROA":-0.558903065596,"HOLDER_PROFIT_QOQ":-51.632058055414,"ROE_YEARLY":-1.861006670406,"ROIC_YEARLY":-1.394483714029,"TOTAL_ASSETS":10003596000,"TOTAL_LIABILITIES":3856006000,"TAX_EBT":23.263524159664,"OCF_SALES":-30.692337544276,"TOTAL_PARENT_EQUITY":6170889000,"DEBT_ASSET_RATIO":38.5461987869,"OPERATE_PROFIT":-101953000,"PRETAX_PROFIT":-91392000,"NETCASH_OPERATE":-919009000,"NETCASH_INVEST":328375000,"NETCASH_FINANCE":-696196000,"END_CASH":1326432000,"DIVI_RATIO":1.354541948883,"DIVIDEND_RATE":3.984526112186,"CURRENT_RATIO":2.037511663033,"COMMON_ACS":800000000000,"CURRENTDEBT_DEBT":89.832225364795,"ISSUED_COMMON_SHARES":935304312,"HK_COMMON_SHARES":935304312,"PER_SHARES":400,"TOTAL_MARKET_CAP":9671046586.08,"HKSK_MARKET_CAP":9671046586.08,"PE_TTM":33.461808352568,"PB_TTM":1.430356436193,"REPORT_DATE_SQ":"2023-06-30 00:00:00","REPORT_TYPE_SQ":"2023年中报","OPERATE_INCOME_SQ":3281994000,"DPS_HKD":0.412,"OPERATE_INCOME_QOQ_SQ":2.232020602273,"NET_PROFIT_RATIO_SQ":6.4685066457,"HOLDER_PROFIT_SQ":215713000,"HOLDER_PROFIT_QOQ_SQ":2.876016565586,"ROE_AVG_SQ":3.17784885562,"PE_TTM_SQ":7.872579433327,"PB_TTM_SQ":1.00725797897,"ROA_SQ":2.104446035285,"START_DATE":"2024-01-01 00:00:00","FISCAL_YEAR":"12-31","CURRENCY":"HKD","IS_CNY_CODE":0,"DPS_HKD_LY":0.412,"ORG_TYPE":"一般企业","PREMIUM_INCOME":null,"PREMIUM_INCOME_YOY":null,"NET_INTEREST_INCOME":null,"NET_INTEREST_INCOME_YOY":null,"FEE_COMMISSION_INCOME":null,"FEE_COMMISSION_INCOME_YOY":null,"ACCOUNTS_RECE_TDAYS":1.999393690508,"INVENTORY_TDAYS":23.014930245607,"CURRENT_ASSETS_TDAYS":0.387445233184,"TOTAL_ASSETS_TDAYS":0.281308154479,"PREMIUM_EXPENSE":null,"LOAN_DEPOSIT":null,"LOAN_EQUITY":null,"LOAN_ASSETS":null,"DEPOSIT_EQUITY":null,"DEPOSIT_ASSETS":null,"EQUITY_MULTIPLIER":1.627238641483,"EQUITY_RATIO":0.624870419805},{"SECUCODE":"01675.HK","SECURITY_CODE":"01675","SECURITY_NAME_ABBR":"亚信科技","ORG_CODE":"10962305","STD_REPORT_DATE":"2023-12-31 00:00:00","REPORT_DATE":"2023-12-31 00:00:00","DATE_TYPE_CODE":"001","REPORT_TYPE":"2023年年报","PER_NETCASH_OPERATE":0.621724921546,"PER_OI":8.436419995891,"BPS":7.073354538325,"BASIC_EPS":0.58,"DILUTED_EPS":0.57,"OPERATE_INCOME":7890620000,"OPERATE_INCOME_YOY":1.9751512933,"GROSS_PROFIT":2975236000,"GROSS_PROFIT_YOY":1.215923556912,"HOLDER_PROFIT":533008000,"HOLDER_PROFIT_YOY":-35.924601338,"GROSS_PROFIT_RATIO":37.70598508102,"EPS_TTM":0.569876555856,"OPERATE_INCOME_QOQ":-0.251261109291,"NET_PROFIT_RATIO":6.4926710449,"ROE_AVG":7.948627286706,"GROSS_PROFIT_QOQ":-1.809790783987,"ROA":4.9084457382,"HOLDER_PROFIT_QOQ":-37.715902305412,"ROE_YEARLY":7.948627286706,"ROIC_YEARLY":6.395045294058,"TOTAL_ASSETS":11284532000,"TOTAL_LIABILITIES":4684133000,"TAX_EBT":19.796231153026,"OCF_SALES":7.369534966834,"TOTAL_PARENT_EQUITY":6615739000,"DEBT_ASSET_RATIO":41.5093244452,"OPERATE_PROFIT":667322000,"PRETAX_PROFIT":638763000,"NETCASH_OPERATE":581502000,"NETCASH_INVEST":450972000,"NETCASH_FINANCE":-353668000,"END_CASH":2612771000,"DIVI_RATIO":0.655164063451,"DIVIDEND_RATE":4.373673036093,"CURRENT_RATIO":1.957802930843,"COMMON_ACS":800000000000,"CURRENTDEBT_DEBT":91.582028093566,"ISSUED_COMMON_SHARES":935304312,"HK_COMMON_SHARES":935304312,"PER_SHARES":400,"TOTAL_MARKET_CAP":8810566619.04,"HKSK_MARKET_CAP":8810566619.04,"PE_TTM":30.484548808625,"PB_TTM":1.303090679781,"REPORT_DATE_SQ":"2022-12-31 00:00:00","REPORT_TYPE_SQ":"2022年年报","OPERATE_INCOME_SQ":7737787000,"DPS_HKD":0.412,"OPERATE_INCOME_QOQ_SQ":6.161647287768,"NET_PROFIT_RATIO_SQ":10.6543640966,"HOLDER_PROFIT_SQ":831845000,"HOLDER_PROFIT_QOQ_SQ":19.218884809085,"ROE_AVG_SQ":12.846667915538,"PE_TTM_SQ":8.101202320911,"PB_TTM_SQ":1.036509157652,"ROA_SQ":8.343929440135,"START_DATE":"2023-01-01 00:00:00","FISCAL_YEAR":"12-31","CURRENCY":"HKD","IS_CNY_CODE":0,"DPS_HKD_LY":1.001,"ORG_TYPE":"一般企业","PREMIUM_INCOME":null,"PREMIUM_INCOME_YOY":null,"NET_INTEREST_INCOME":null,"NET_INTEREST_INCOME_YOY":null,"FEE_COMMISSION_INCOME":null,"FEE_COMMISSION_INCOME_YOY":null,"ACCOUNTS_RECE_TDAYS":5.954371516042,"INVENTORY_TDAYS":78.961991967871,"CURRENT_ASSETS_TDAYS":1.017982624054,"TOTAL_ASSETS_TDAYS":0.726643504614,"PREMIUM_EXPENSE":null,"LOAN_DEPOSIT":null,"LOAN_EQUITY":null,"LOAN_ASSETS":null,"DEPOSIT_EQUITY":null,"DEPOSIT_ASSETS":null,"EQUITY_MULTIPLIER":1.70967421818,"EQUITY_RATIO":0.708028687347},{"SECUCODE":"01675.HK","SECURITY_CODE":"01675","SECURITY_NAME_ABBR":"亚信科技","ORG_CODE":"10962305","STD_REPORT_DATE":"2023-06-30 00:00:00","REPORT_DATE":"2023-06-30 00:00:00","DATE_TYPE_CODE":"002","REPORT_TYPE":"2023年中报","PER_NETCASH_OPERATE":-0.503106567126,"PER_OI":3.509062215714,"BPS":7.249465134509,"BASIC_EPS":0.24,"DILUTED_EPS":0.23,"OPERATE_INCOME":3281994000,"OPERATE_INCOME_YOY":5.5546210785,"GROSS_PROFIT":1144107000,"GROSS_PROFIT_YOY":8.59778629309,"HOLDER_PROFIT":215713000,"HOLDER_PROFIT_YOY":12.4741252105,"GROSS_PROFIT_RATIO":34.860118574257,"EPS_TTM":0.914976280663,"OPERATE_INCOME_QOQ":2.232020602273,"NET_PROFIT_RATIO":6.4685066457,"ROE_AVG":3.17784885562,"GROSS_PROFIT_QOQ":3.081482731382,"ROA":2.104446035285,"HOLDER_PROFIT_QOQ":2.876016565586,"ROE_YEARLY":6.35569771124,"ROIC_YEARLY":5.203549465628,"TOTAL_ASSETS":10067229000,"TOTAL_LIABILITIES":3279438000,"TAX_EBT":3.814857101434,"OCF_SALES":-14.337351012829,"TOTAL_PARENT_EQUITY":6780456000,"DEBT_ASSET_RATIO":32.5753789846,"OPERATE_PROFIT":230660000,"PRETAX_PROFIT":220716000,"NETCASH_OPERATE":-470551000,"NETCASH_INVEST":258326000,"NETCASH_FINANCE":-351640000,"END_CASH":1373518000,"DIVI_RATIO":0.408057179066,"DIVIDEND_RATE":4.373673036093,"CURRENT_RATIO":2.363647330314,"COMMON_ACS":800000000000,"CURRENTDEBT_DEBT":89.734857009036,"ISSUED_COMMON_SHARES":935304312,"HK_COMMON_SHARES":935304312,"PER_SHARES":400,"TOTAL_MARKET_CAP":8810566619.04,"HKSK_MARKET_CAP":8810566619.04,"PE_TTM":30.484548808625,"PB_TTM":1.303090679781,"REPORT_DATE_SQ":"2022-06-30 00:00:00","REPORT_TYPE_SQ":"2022年中报","OPERATE_INCOME_SQ":3109285000,"DPS_HKD":0.412,"OPERATE_INCOME_QOQ_SQ":5.714808271378,"NET_PROFIT_RATIO_SQ":6.0817197523,"HOLDER_PROFIT_SQ":191789000,"HOLDER_PROFIT_QOQ_SQ":-11.197626662628,"ROE_AVG_SQ":3.128511978541,"PE_TTM_SQ":8.101202320911,"PB_TTM_SQ":1.036509157652,"ROA_SQ":2.033413508281,"START_DATE":"2023-01-01 00:00:00","FISCAL_YEAR":"12-31","CURRENCY":"HKD","IS_CNY_CODE":0,"DPS_HKD_LY":1.001,"ORG_TYPE":"一般企业","PREMIUM_INCOME":null,"PREMIUM_INCOME_YOY":null,"NET_INTEREST_INCOME":null,"NET_INTEREST_INCOME_YOY":null,"FEE_COMMISSION_INCOME":null,"FEE_COMMISSION_INCOME_YOY":null,"ACCOUNTS_RECE_TDAYS":2.476043182212,"INVENTORY_TDAYS":74.178099302592,"CURRENT_ASSETS_TDAYS":0.466869622081,"TOTAL_ASSETS_TDAYS":0.320183728432,"PREMIUM_EXPENSE":null,"LOAN_DEPOSIT":null,"LOAN_EQUITY":null,"LOAN_ASSETS":null,"DEPOSIT_EQUITY":null,"DEPOSIT_ASSETS":null,"EQUITY_MULTIPLIER":1.483137739509,"EQUITY_RATIO":0.483660390983},{"SECUCODE":"01675.HK","SECURITY_CODE":"01675","SECURITY_NAME_ABBR":"亚信科技","ORG_CODE":"10962305","STD_REPORT_DATE":"2022-12-31 00:00:00","REPORT_DATE":"2022-12-31 00:00:00","DATE_TYPE_CODE":"001","REPORT_TYPE":"2022年年报","PER_NETCASH_OPERATE":0.590943663136,"PER_OI":8.326331036568,"BPS":7.265638480238,"BASIC_EPS":0.92,"DILUTED_EPS":0.9,"OPERATE_INCOME":7737787000,"OPERATE_INCOME_YOY":12.228581888,"GROSS_PROFIT":2939494000,"GROSS_PROFIT_YOY":11.127014334828,"HOLDER_PROFIT":831845000,"HOLDER_PROFIT_YOY":5.8691991768,"GROSS_PROFIT_RATIO":37.988820317747,"EPS_TTM":0.895115986149,"OPERATE_INCOME_QOQ":6.161647287768,"NET_PROFIT_RATIO":10.6543640966,"ROE_AVG":12.846667915538,"GROSS_PROFIT_QOQ":8.811430276329,"ROA":8.343929440135,"HOLDER_PROFIT_QOQ":19.218884809085,"ROE_YEARLY":12.846667915538,"ROIC_YEARLY":10.941460565192,"TOTAL_ASSETS":10433463000,"TOTAL_LIABILITIES":3627824000,"TAX_EBT":12.619161181596,"OCF_SALES":7.097287635341,"TOTAL_PARENT_EQUITY":6795583000,"DEBT_ASSET_RATIO":34.7710438998,"OPERATE_PROFIT":965446000,"PRETAX_PROFIT":943470000,"NETCASH_OPERATE":549173000,"NETCASH_INVEST":-590239000,"NETCASH_FINANCE":-370351000,"END_CASH":1933250000,"DIVI_RATIO":0.417110906047,"DIVIDEND_RATE":4.373673036093,"CURRENT_RATIO":2.164016061125,"COMMON_ACS":800000000000,"CURRENTDEBT_DEBT":90.48699716414,"ISSUED_COMMON_SHARES":935304312,"HK_COMMON_SHARES":935304312,"PER_SHARES":400,"TOTAL_MARKET_CAP":8810566619.04,"HKSK_MARKET_CAP":8810566619.04,"PE_TTM":30.484548808625,"PB_TTM":1.303090679781,"REPORT_DATE_SQ":"2021-12-31 00:00:00","REPORT_TYPE_SQ":"2021年年报","OPERATE_INCOME_SQ":6894667000,"DPS_HKD":0.412,"OPERATE_INCOME_QOQ_SQ":10.651459634661,"NET_PROFIT_RATIO_SQ":11.3496271829,"HOLDER_PROFIT_SQ":785729000,"HOLDER_PROFIT_QOQ_SQ":10.774022004545,"ROE_AVG_SQ":13.419534907393,"PE_TTM_SQ":8.101202320911,"PB_TTM_SQ":1.036509157652,"ROA_SQ":8.550469741574,"START_DATE":"2022-01-01 00:00:00","FISCAL_YEAR":"12-31","CURRENCY":"HKD","IS_CNY_CODE":0,"DPS_HKD_LY":0.416,"ORG_TYPE":"一般企业","PREMIUM_INCOME":null,"PREMIUM_INCOME_YOY":null,"NET_INTEREST_INCOME":null,"NET_INTEREST_INCOME_YOY":null,"FEE_COMMISSION_INCOME":null,"FEE_COMMISSION_INCOME_YOY":null,"ACCOUNTS_RECE_TDAYS":7.800569886733,"INVENTORY_TDAYS":379.027054780995,"CURRENT_ASSETS_TDAYS":1.135900311655,"TOTAL_ASSETS_TDAYS":0.776148786743,"PREMIUM_EXPENSE":null,"LOAN_DEPOSIT":null,"LOAN_EQUITY":null,"LOAN_ASSETS":null,"DEPOSIT_EQUITY":null,"DEPOSIT_ASSETS":null,"EQUITY_MULTIPLIER":1.53306148034,"EQUITY_RATIO":0.533850296582},{"SECUCODE":"01675.HK","SECURITY_CODE":"01675","SECURITY_NAME_ABBR":"亚信科技","ORG_CODE":"10962305","STD_REPORT_DATE":"2022-06-30 00:00:00","REPORT_DATE":"2022-06-30 00:00:00","DATE_TYPE_CODE":"002","REPORT_TYPE":"2022年中报","PER_NETCASH_OPERATE":-0.587612916783,"PER_OI":3.349108724387,"BPS":6.528290227748,"BASIC_EPS":0.21,"DILUTED_EPS":0.2,"OPERATE_INCOME":3109285000,"OPERATE_INCOME_YOY":14.5111642755,"GROSS_PROFIT":1053527000,"GROSS_PROFIT_YOY":5.644701956207,"HOLDER_PROFIT":191789000,"HOLDER_PROFIT_YOY":-31.4481077449,"GROSS_PROFIT_RATIO":33.883256118368,"EPS_TTM":0.751564175045,"OPERATE_INCOME_QOQ":5.714808271378,"NET_PROFIT_RATIO":6.0817197523,"ROE_AVG":3.128511978541,"GROSS_PROFIT_QOQ":2.12807060124,"ROA":2.033413508281,"HOLDER_PROFIT_QOQ":-11.197626662628,"ROE_YEARLY":6.257023957082,"ROIC_YEARLY":5.11408114883,"TOTAL_ASSETS":9358284000,"TOTAL_LIABILITIES":3240046000,"TAX_EBT":11.535168767982,"OCF_SALES":-17.545352066472,"TOTAL_PARENT_EQUITY":6105938000,"DEBT_ASSET_RATIO":34.622223476,"OPERATE_PROFIT":222758000,"PRETAX_PROFIT":213755000,"NETCASH_OPERATE":-545535000,"NETCASH_INVEST":-183672000,"NETCASH_FINANCE":-337285000,"END_CASH":1271980000,"DIVI_RATIO":0.49678078386,"DIVIDEND_RATE":4.373673036093,"CURRENT_RATIO":2.013185184267,"COMMON_ACS":800000000000,"CURRENTDEBT_DEBT":89.614838801671,"ISSUED_COMMON_SHARES":935304312,"HK_COMMON_SHARES":935304312,"PER_SHARES":400,"TOTAL_MARKET_CAP":8810566619.04,"HKSK_MARKET_CAP":8810566619.04,"PE_TTM":30.484548808625,"PB_TTM":1.303090679781,"REPORT_DATE_SQ":"2021-06-30 00:00:00","REPORT_TYPE_SQ":"2021年中报","OPERATE_INCOME_SQ":2715268000,"DPS_HKD":0.412,"OPERATE_INCOME_QOQ_SQ":3.507094439982,"NET_PROFIT_RATIO_SQ":10.2950795281,"HOLDER_PROFIT_SQ":279772000,"HOLDER_PROFIT_QOQ_SQ":7.129555371294,"ROE_AVG_SQ":5.022673410433,"PE_TTM_SQ":8.101202320911,"PB_TTM_SQ":1.036509157652,"ROA_SQ":3.230462779508,"START_DATE":"2022-01-01 00:00:00","FISCAL_YEAR":"12-31","CURRENCY":"HKD","IS_CNY_CODE":0,"DPS_HKD_LY":0.416,"ORG_TYPE":"一般企业","PREMIUM_INCOME":null,"PREMIUM_INCOME_YOY":null,"NET_INTEREST_INCOME":null,"NET_INTEREST_INCOME_YOY":null,"FEE_COMMISSION_INCOME":null,"FEE_COMMISSION_INCOME_YOY":null,"ACCOUNTS_RECE_TDAYS":3.376512314073,"INVENTORY_TDAYS":127.208811608552,"CURRENT_ASSETS_TDAYS":0.502891360272,"TOTAL_ASSETS_TDAYS":0.329657181595,"PREMIUM_EXPENSE":null,"LOAN_DEPOSIT":null,"LOAN_EQUITY":null,"LOAN_ASSETS":null,"DEPOSIT_EQUITY":null,"DEPOSIT_ASSETS":null,"EQUITY_MULTIPLIER":1.529571749252,"EQUITY_RATIO":0.530638535799},{"SECUCODE":"01675.HK","SECURITY_CODE":"01675","SECURITY_NAME_ABBR":"亚信科技","ORG_CODE":"10962305","STD_REPORT_DATE":"2021-12-31 00:00:00","REPORT_DATE":"2021-12-31 00:00:00","DATE_TYPE_CODE":"001","REPORT_TYPE":"2021年年报","PER_NETCASH_OPERATE":0.73660391752,"PER_OI":7.454138481878,"BPS":6.580509595683,"BASIC_EPS":0.86,"DILUTED_EPS":0.84,"OPERATE_INCOME":6894667000,"OPERATE_INCOME_YOY":14.5321108233,"GROSS_PROFIT":2645166000,"GROSS_PROFIT_YOY":14.845684439495,"HOLDER_PROFIT":785729000,"HOLDER_PROFIT_YOY":18.6717172404,"GROSS_PROFIT_RATIO":38.365391686067,"EPS_TTM":0.849487404573,"OPERATE_INCOME_QOQ":10.651459634661,"NET_PROFIT_RATIO":11.3496271829,"ROE_AVG":13.419534907393,"GROSS_PROFIT_QOQ":9.903536095748,"ROA":8.550469741574,"HOLDER_PROFIT_QOQ":10.774022004545,"ROE_YEARLY":13.419534907393,"ROIC_YEARLY":11.20954229677,"TOTAL_ASSETS":9505464000,"TOTAL_LIABILITIES":3353895000,"TAX_EBT":14.621654914018,"OCF_SALES":9.88181155087,"TOTAL_PARENT_EQUITY":6154779000,"DEBT_ASSET_RATIO":35.2838641017,"OPERATE_PROFIT":926977000,"PRETAX_PROFIT":916531000,"NETCASH_OPERATE":681318000,"NETCASH_INVEST":518694000,"NETCASH_FINANCE":-549808000,"END_CASH":2331821000,"DIVI_RATIO":0.43951521587,"DIVIDEND_RATE":4.373673036093,"CURRENT_RATIO":2.096898787282,"COMMON_ACS":800000000000,"CURRENTDEBT_DEBT":92.711936420192,"ISSUED_COMMON_SHARES":935304312,"HK_COMMON_SHARES":935304312,"PER_SHARES":400,"TOTAL_MARKET_CAP":8810566619.04,"HKSK_MARKET_CAP":8810566619.04,"PE_TTM":30.484548808625,"PB_TTM":1.303090679781,"REPORT_DATE_SQ":"2020-12-31 00:00:00","REPORT_TYPE_SQ":"2020年年报","OPERATE_INCOME_SQ":6019855000,"DPS_HKD":0.412,"OPERATE_INCOME_QOQ_SQ":4.761799516936,"NET_PROFIT_RATIO_SQ":10.9986536221,"HOLDER_PROFIT_SQ":662103000,"HOLDER_PROFIT_QOQ_SQ":16.026110575659,"ROE_AVG_SQ":13.994027677867,"PE_TTM_SQ":8.101202320911,"PB_TTM_SQ":1.036509157652,"ROA_SQ":8.067642139001,"START_DATE":"2021-01-01 00:00:00","FISCAL_YEAR":"12-31","CURRENCY":"HKD","IS_CNY_CODE":0,"DPS_HKD_LY":0.345,"ORG_TYPE":"一般企业","PREMIUM_INCOME":null,"PREMIUM_INCOME_YOY":null,"NET_INTEREST_INCOME":null,"NET_INTEREST_INCOME_YOY":null,"FEE_COMMISSION_INCOME":null,"FEE_COMMISSION_INCOME_YOY":null,"ACCOUNTS_RECE_TDAYS":7.7098701168,"INVENTORY_TDAYS":3100.69390733309,"CURRENT_ASSETS_TDAYS":1.102474739597,"TOTAL_ASSETS_TDAYS":0.750292296221,"PREMIUM_EXPENSE":null,"LOAN_DEPOSIT":null,"LOAN_EQUITY":null,"LOAN_ASSETS":null,"DEPOSIT_EQUITY":null,"DEPOSIT_ASSETS":null,"EQUITY_MULTIPLIER":1.545209685528,"EQUITY_RATIO":0.544925333631},{"SECUCODE":"01675.HK","SECURITY_CODE":"01675","SECURITY_NAME_ABBR":"亚信科技","ORG_CODE":"10962305","STD_REPORT_DATE":"2021-06-30 00:00:00","REPORT_DATE":"2021-06-30 00:00:00","DATE_TYPE_CODE":"002","REPORT_TYPE":"2021年中报","PER_NETCASH_OPERATE":-0.190917100599,"PER_OI":2.946676371095,"BPS":5.971226613996,"BASIC_EPS":0.3,"DILUTED_EPS":0.3,"OPERATE_INCOME":2715268000,"OPERATE_INCOME_YOY":8.4308981984,"GROSS_PROFIT":997236000,"GROSS_PROFIT_YOY":11.589590718659,"HOLDER_PROFIT":279772000,"HOLDER_PROFIT_YOY":20.2973766699,"GROSS_PROFIT_RATIO":36.726982382586,"EPS_TTM":0.769758684383,"OPERATE_INCOME_QOQ":3.507094439982,"NET_PROFIT_RATIO":10.2950795281,"ROE_AVG":5.022673410433,"GROSS_PROFIT_QOQ":4.496805579978,"ROA":3.230462779508,"HOLDER_PROFIT_QOQ":7.129555371294,"ROE_YEARLY":10.045346820866,"ROIC_YEARLY":7.801026043549,"TOTAL_ASSETS":8447710000,"TOTAL_LIABILITIES":2863029000,"TAX_EBT":10.057658028687,"OCF_SALES":-6.479065786508,"TOTAL_PARENT_EQUITY":5584914000,"DEBT_ASSET_RATIO":33.8911847116,"OPERATE_PROFIT":316705000,"PRETAX_PROFIT":310798000,"NETCASH_OPERATE":-175924000,"NETCASH_INVEST":76691000,"NETCASH_FINANCE":-529427000,"END_CASH":1054626000,"DIVI_RATIO":0.485038555036,"DIVIDEND_RATE":4.373673036093,"CURRENT_RATIO":2.01209658131,"COMMON_ACS":800000000000,"CURRENTDEBT_DEBT":92.002211643682,"ISSUED_COMMON_SHARES":935304312,"HK_COMMON_SHARES":935304312,"PER_SHARES":400,"TOTAL_MARKET_CAP":8810566619.04,"HKSK_MARKET_CAP":8810566619.04,"PE_TTM":30.484548808625,"PB_TTM":1.303090679781,"REPORT_DATE_SQ":"2020-06-30 00:00:00","REPORT_TYPE_SQ":"2020年中报","OPERATE_INCOME_SQ":2504146000,"DPS_HKD":0.412,"OPERATE_INCOME_QOQ_SQ":0.433721302559,"NET_PROFIT_RATIO_SQ":9.2872779782,"HOLDER_PROFIT_SQ":232567000,"HOLDER_PROFIT_QOQ_SQ":39.586365470934,"ROE_AVG_SQ":5.895091766473,"PE_TTM_SQ":8.101202320911,"PB_TTM_SQ":1.036509157652,"ROA_SQ":3.070308759655,"START_DATE":"2021-01-01 00:00:00","FISCAL_YEAR":"12-31","CURRENCY":"HKD","IS_CNY_CODE":0,"DPS_HKD_LY":0.345,"ORG_TYPE":"一般企业","PREMIUM_INCOME":null,"PREMIUM_INCOME_YOY":null,"NET_INTEREST_INCOME":null,"NET_INTEREST_INCOME_YOY":null,"FEE_COMMISSION_INCOME":null,"FEE_COMMISSION_INCOME_YOY":null,"ACCOUNTS_RECE_TDAYS":2.8692460915,"INVENTORY_TDAYS":3527.7864476386,"CURRENT_ASSETS_TDAYS":0.481116704291,"TOTAL_ASSETS_TDAYS":0.313525735613,"PREMIUM_EXPENSE":null,"LOAN_DEPOSIT":null,"LOAN_EQUITY":null,"LOAN_ASSETS":null,"DEPOSIT_EQUITY":null,"DEPOSIT_ASSETS":null,"EQUITY_MULTIPLIER":1.512657571668,"EQUITY_RATIO":0.512636183834},{"SECUCODE":"01675.HK","SECURITY_CODE":"01675","SECURITY_NAME_ABBR":"亚信科技","ORG_CODE":"10962305","STD_REPORT_DATE":"2020-12-31 00:00:00","REPORT_DATE":"2020-12-31 00:00:00","DATE_TYPE_CODE":"001","REPORT_TYPE":"2020年年报","PER_NETCASH_OPERATE":0.775770107562,"PER_OI":6.573563093721,"BPS":5.939722429078,"BASIC_EPS":0.85,"DILUTED_EPS":0.84,"OPERATE_INCOME":6019855000,"OPERATE_INCOME_YOY":5.2161737584,"GROSS_PROFIT":2303235000,"GROSS_PROFIT_YOY":8.285358990693,"HOLDER_PROFIT":662103000,"HOLDER_PROFIT_YOY":61.9566307499,"GROSS_PROFIT_RATIO":38.260639168219,"EPS_TTM":0.723003435306,"OPERATE_INCOME_QOQ":4.761799516936,"NET_PROFIT_RATIO":10.9986536221,"ROE_AVG":13.994027677867,"GROSS_PROFIT_QOQ":7.018398967375,"ROA":8.067642139001,"HOLDER_PROFIT_QOQ":16.026110575659,"ROE_YEARLY":13.994027677867,"ROIC_YEARLY":10.367936366433,"TOTAL_ASSETS":8873152000,"TOTAL_LIABILITIES":3317704000,"TAX_EBT":13.374380337212,"OCF_SALES":11.801363986342,"TOTAL_PARENT_EQUITY":5555448000,"DEBT_ASSET_RATIO":37.3903659038,"OPERATE_PROFIT":792976000,"PRETAX_PROFIT":764327000,"NETCASH_OPERATE":710425000,"NETCASH_INVEST":-1011857000,"NETCASH_FINANCE":198540000,"END_CASH":1690151000,"DIVI_RATIO":0.516405070527,"DIVIDEND_RATE":4.373673036093,"CURRENT_RATIO":1.945954958349,"COMMON_ACS":800000000000,"CURRENTDEBT_DEBT":92.740069638521,"ISSUED_COMMON_SHARES":935304312,"HK_COMMON_SHARES":935304312,"PER_SHARES":400,"TOTAL_MARKET_CAP":8810566619.04,"HKSK_MARKET_CAP":8810566619.04,"PE_TTM":30.484548808625,"PB_TTM":1.303090679781,"REPORT_DATE_SQ":"2019-12-31 00:00:00","REPORT_TYPE_SQ":"2019年年报","OPERATE_INCOME_SQ":5721416000,"DPS_HKD":0.412,"OPERATE_INCOME_QOQ_SQ":4.014530796952,"NET_PROFIT_RATIO_SQ":7.1453465366,"HOLDER_PROFIT_SQ":408815000,"HOLDER_PROFIT_QOQ_SQ":117.305678550356,"ROE_AVG_SQ":11.447036577932,"PE_TTM_SQ":8.101202320911,"PB_TTM_SQ":1.036509157652,"ROA_SQ":5.262125452551,"START_DATE":"2020-01-01 00:00:00","FISCAL_YEAR":"12-31","CURRENCY":"HKD","IS_CNY_CODE":0,"DPS_HKD_LY":0.252,"ORG_TYPE":"一般企业","PREMIUM_INCOME":null,"PREMIUM_INCOME_YOY":null,"NET_INTEREST_INCOME":null,"NET_INTEREST_INCOME_YOY":null,"FEE_COMMISSION_INCOME":null,"FEE_COMMISSION_INCOME_YOY":null,"ACCOUNTS_RECE_TDAYS":6.751975028307,"INVENTORY_TDAYS":10679.9425287356,"CURRENT_ASSETS_TDAYS":1.12464926258,"TOTAL_ASSETS_TDAYS":0.733511793009,"PREMIUM_EXPENSE":null,"LOAN_DEPOSIT":null,"LOAN_EQUITY":null,"LOAN_ASSETS":null,"DEPOSIT_EQUITY":null,"DEPOSIT_ASSETS":null,"EQUITY_MULTIPLIER":1.597198281759,"EQUITY_RATIO":0.597198281759},{"SECUCODE":"01675.HK","SECURITY_CODE":"01675","SECURITY_NAME_ABBR":"亚信科技","ORG_CODE":"10962305","STD_REPORT_DATE":"2020-06-30 00:00:00","REPORT_DATE":"2020-06-30 00:00:00","DATE_TYPE_CODE":"002","REPORT_TYPE":"2020年中报","PER_NETCASH_OPERATE":-0.248375968575,"PER_OI":3.434247455677,"BPS":4.258494212951,"BASIC_EPS":0.32,"DILUTED_EPS":0.32,"OPERATE_INCOME":2504146000,"OPERATE_INCOME_YOY":1.0008748328,"GROSS_PROFIT":893664000,"GROSS_PROFIT_YOY":2.899423477489,"HOLDER_PROFIT":232567000,"HOLDER_PROFIT_YOY":228.8002601369,"GROSS_PROFIT_RATIO":35.68737605555,"EPS_TTM":0.782603454664,"OPERATE_INCOME_QOQ":0.433721302559,"NET_PROFIT_RATIO":9.2872779782,"ROE_AVG":5.895091766473,"GROSS_PROFIT_QOQ":1.18387121798,"ROA":3.070308759655,"HOLDER_PROFIT_QOQ":39.586365470934,"ROE_YEARLY":11.790183532946,"ROIC_YEARLY":8.067939189427,"TOTAL_ASSETS":7608781000,"TOTAL_LIABILITIES":3625793000,"TAX_EBT":19.838758599771,"OCF_SALES":-7.23232591071,"TOTAL_PARENT_EQUITY":3982988000,"DEBT_ASSET_RATIO":47.6527449009,"OPERATE_PROFIT":309170000,"PRETAX_PROFIT":290124000,"NETCASH_OPERATE":-181108000,"NETCASH_INVEST":-138980000,"NETCASH_FINANCE":169787000,"END_CASH":1658844000,"DIVI_RATIO":0.477077679347,"DIVIDEND_RATE":4.373673036093,"CURRENT_RATIO":1.45715450575,"COMMON_ACS":800000000000,"CURRENTDEBT_DEBT":93.151291317513,"ISSUED_COMMON_SHARES":935304312,"HK_COMMON_SHARES":935304312,"PER_SHARES":400,"TOTAL_MARKET_CAP":8810566619.04,"HKSK_MARKET_CAP":8810566619.04,"PE_TTM":30.484548808625,"PB_TTM":1.303090679781,"REPORT_DATE_SQ":"2019-06-30 00:00:00","REPORT_TYPE_SQ":"2019年中报","OPERATE_INCOME_SQ":2479331000,"DPS_HKD":0.412,"OPERATE_INCOME_QOQ_SQ":5.557806146525,"NET_PROFIT_RATIO_SQ":2.8528663579,"HOLDER_PROFIT_SQ":70732000,"HOLDER_PROFIT_QOQ_SQ":-7.840438143572,"ROE_AVG_SQ":2.097365661049,"PE_TTM_SQ":8.101202320911,"PB_TTM_SQ":1.036509157652,"ROA_SQ":0.974769172422,"START_DATE":"2020-01-01 00:00:00","FISCAL_YEAR":"12-31","CURRENCY":"HKD","IS_CNY_CODE":0,"DPS_HKD_LY":0.252,"ORG_TYPE":"一般企业","PREMIUM_INCOME":null,"PREMIUM_INCOME_YOY":null,"NET_INTEREST_INCOME":null,"NET_INTEREST_INCOME_YOY":null,"FEE_COMMISSION_INCOME":null,"FEE_COMMISSION_INCOME_YOY":null,"ACCOUNTS_RECE_TDAYS":2.955325146474,"INVENTORY_TDAYS":4238.11052631579,"CURRENT_ASSETS_TDAYS":0.519564271997,"TOTAL_ASSETS_TDAYS":0.330592964576,"PREMIUM_EXPENSE":null,"LOAN_DEPOSIT":null,"LOAN_EQUITY":null,"LOAN_ASSETS":null,"DEPOSIT_EQUITY":null,"DEPOSIT_ASSETS":null,"EQUITY_MULTIPLIER":1.91031984028,"EQUITY_RATIO":0.910319840281}],"count":17},"success":true,"message":"ok","code":0}