{"version":"06c1054eb9b145dc384b21725a783bc1","result":{"pages":3,"data":[{"SECUCODE":"01679.HK","SECURITY_CODE":"01679","SECURITY_NAME_ABBR":"瑞斯康集团","ORG_CODE":"10576187","STD_REPORT_DATE":"2024-06-30 00:00:00","REPORT_DATE":"2024-06-30 00:00:00","DATE_TYPE_CODE":"002","REPORT_TYPE":"2024年中报","PER_NETCASH_OPERATE":-0.062218241617,"PER_OI":0.162058361344,"BPS":-0.211384041676,"BASIC_EPS":-0.0966,"DILUTED_EPS":-0.0966,"OPERATE_INCOME":41443000,"OPERATE_INCOME_YOY":18.0510454053,"GROSS_PROFIT":15332000,"GROSS_PROFIT_YOY":86.588779359864,"HOLDER_PROFIT":-24700000,"HOLDER_PROFIT_YOY":24.9878522838,"GROSS_PROFIT_RATIO":36.995391260285,"EPS_TTM":-0.509469287119,"OPERATE_INCOME_QOQ":6.67980773285,"NET_PROFIT_RATIO":-59.5999324373,"ROE_AVG":59.557538127675,"GROSS_PROFIT_QOQ":45.702723535457,"ROA":-9.062806718218,"HOLDER_PROFIT_QOQ":5.940193771027,"ROE_YEARLY":119.11507625535,"ROIC_YEARLY":-20.248100715856,"TOTAL_ASSETS":294597000,"TOTAL_LIABILITIES":354299000,"TAX_EBT":-2.087208100847,"OCF_SALES":-38.392490891103,"TOTAL_PARENT_EQUITY":-54057000,"DEBT_ASSET_RATIO":120.2656510419,"OPERATE_PROFIT":-19743000,"PRETAX_PROFIT":-24195000,"NETCASH_OPERATE":-15911000,"NETCASH_INVEST":-46238000,"NETCASH_FINANCE":58383000,"END_CASH":32509000,"DIVI_RATIO":null,"DIVIDEND_RATE":null,"CURRENT_RATIO":0.835687446117,"COMMON_ACS":1000000000,"CURRENTDEBT_DEBT":52.054620532375,"ISSUED_COMMON_SHARES":255728860,"HK_COMMON_SHARES":255728860,"PER_SHARES":5000,"TOTAL_MARKET_CAP":34011938.38,"HKSK_MARKET_CAP":34011938.38,"PE_TTM":-0.235871645039,"PB_TTM":-0.574245998125,"REPORT_DATE_SQ":"2023-06-30 00:00:00","REPORT_TYPE_SQ":"2023年中报","OPERATE_INCOME_SQ":35106000,"DPS_HKD":null,"OPERATE_INCOME_QOQ_SQ":-17.687569652522,"NET_PROFIT_RATIO_SQ":-93.807326383,"HOLDER_PROFIT_SQ":-32928000,"HOLDER_PROFIT_QOQ_SQ":1.45297847939,"ROE_AVG_SQ":-51.330896279726,"PE_TTM_SQ":-1.159236408794,"PB_TTM_SQ":2.560632875551,"ROA_SQ":-10.354212294684,"START_DATE":"2024-01-01 00:00:00","FISCAL_YEAR":"12-31","CURRENCY":"HKD","IS_CNY_CODE":0,"DPS_HKD_LY":null,"ORG_TYPE":"一般企业","PREMIUM_INCOME":null,"PREMIUM_INCOME_YOY":null,"NET_INTEREST_INCOME":null,"NET_INTEREST_INCOME_YOY":null,"FEE_COMMISSION_INCOME":null,"FEE_COMMISSION_INCOME_YOY":null,"ACCOUNTS_RECE_TDAYS":0.445606885762,"INVENTORY_TDAYS":1.053181405667,"CURRENT_ASSETS_TDAYS":0.27030570249,"TOTAL_ASSETS_TDAYS":0.152060687783,"PREMIUM_EXPENSE":null,"LOAN_DEPOSIT":null,"LOAN_EQUITY":null,"LOAN_ASSETS":null,"DEPOSIT_EQUITY":null,"DEPOSIT_ASSETS":null,"EQUITY_MULTIPLIER":-4.934457807116,"EQUITY_RATIO":-6.554174297501},{"SECUCODE":"01679.HK","SECURITY_CODE":"01679","SECURITY_NAME_ABBR":"瑞斯康集团","ORG_CODE":"10576187","STD_REPORT_DATE":"2023-12-31 00:00:00","REPORT_DATE":"2023-12-31 00:00:00","DATE_TYPE_CODE":"001","REPORT_TYPE":"2023年年报","PER_NETCASH_OPERATE":-0.245740742754,"PER_OI":0.370971035494,"BPS":-0.11296339412,"BASIC_EPS":-0.6265,"DILUTED_EPS":-0.6265,"OPERATE_INCOME":94868000,"OPERATE_INCOME_YOY":-36.691780502,"GROSS_PROFIT":15568000,"GROSS_PROFIT_YOY":-60.159688811547,"HOLDER_PROFIT":-138514000,"HOLDER_PROFIT_YOY":-16.8066518249,"GROSS_PROFIT_RATIO":16.41016992031,"EPS_TTM":-0.541643989654,"OPERATE_INCOME_QOQ":-23.087899080635,"NET_PROFIT_RATIO":-151.4188135093,"ROE_AVG":-602.182418920094,"GROSS_PROFIT_QOQ":-50.107361471653,"ROA":-46.808870144704,"HOLDER_PROFIT_QOQ":-18.528850514714,"ROE_YEARLY":-602.182418920094,"ROIC_YEARLY":-58.271019092873,"TOTAL_ASSETS":250488000,"TOTAL_LIABILITIES":285021000,"TAX_EBT":-19.273306984623,"OCF_SALES":-66.242568621664,"TOTAL_PARENT_EQUITY":-28888000,"DEBT_ASSET_RATIO":113.7862891636,"OPERATE_PROFIT":-80959000,"PRETAX_PROFIT":-120436000,"NETCASH_OPERATE":-62843000,"NETCASH_INVEST":-64783000,"NETCASH_FINANCE":77271000,"END_CASH":35919000,"DIVI_RATIO":null,"DIVIDEND_RATE":null,"CURRENT_RATIO":0.895034595273,"COMMON_ACS":1000000000,"CURRENTDEBT_DEBT":59.784717617298,"ISSUED_COMMON_SHARES":255728860,"HK_COMMON_SHARES":255728860,"PER_SHARES":5000,"TOTAL_MARKET_CAP":50634314.28,"HKSK_MARKET_CAP":50634314.28,"PE_TTM":-0.351147261036,"PB_TTM":-0.854892538562,"REPORT_DATE_SQ":"2022-12-31 00:00:00","REPORT_TYPE_SQ":"2022年年报","OPERATE_INCOME_SQ":149851000,"DPS_HKD":null,"OPERATE_INCOME_QOQ_SQ":-44.919870616776,"NET_PROFIT_RATIO_SQ":-79.4756124417,"HOLDER_PROFIT_SQ":-118584000,"HOLDER_PROFIT_QOQ_SQ":-63.828523272039,"ROE_AVG_SQ":-88.267936030608,"PE_TTM_SQ":-1.439052093675,"PB_TTM_SQ":3.178716673098,"ROA_SQ":-29.176082717728,"START_DATE":"2023-01-01 00:00:00","FISCAL_YEAR":"12-31","CURRENCY":"HKD","IS_CNY_CODE":0,"DPS_HKD_LY":null,"ORG_TYPE":"一般企业","PREMIUM_INCOME":null,"PREMIUM_INCOME_YOY":null,"NET_INTEREST_INCOME":null,"NET_INTEREST_INCOME_YOY":null,"FEE_COMMISSION_INCOME":null,"FEE_COMMISSION_INCOME_YOY":null,"ACCOUNTS_RECE_TDAYS":0.996240522546,"INVENTORY_TDAYS":3.165415934856,"CURRENT_ASSETS_TDAYS":0.491825630737,"TOTAL_ASSETS_TDAYS":0.320593145306,"PREMIUM_EXPENSE":null,"LOAN_DEPOSIT":null,"LOAN_EQUITY":null,"LOAN_ASSETS":null,"DEPOSIT_EQUITY":null,"DEPOSIT_ASSETS":null,"EQUITY_MULTIPLIER":-7.253583528774,"EQUITY_RATIO":-9.866415120465},{"SECUCODE":"01679.HK","SECURITY_CODE":"01679","SECURITY_NAME_ABBR":"瑞斯康集团","ORG_CODE":"10576187","STD_REPORT_DATE":"2023-06-30 00:00:00","REPORT_DATE":"2023-06-30 00:00:00","DATE_TYPE_CODE":"002","REPORT_TYPE":"2023年中报","PER_NETCASH_OPERATE":-0.185679750715,"PER_OI":0.164732709846,"BPS":0.208834466317,"BASIC_EPS":-0.1737,"DILUTED_EPS":-0.1737,"OPERATE_INCOME":35106000,"OPERATE_INCOME_YOY":-43.0199152749,"GROSS_PROFIT":8217000,"GROSS_PROFIT_YOY":-48.931013051585,"HOLDER_PROFIT":-32928000,"HOLDER_PROFIT_YOY":4.9724394678,"GROSS_PROFIT_RATIO":23.406255340967,"EPS_TTM":-0.548362935262,"OPERATE_INCOME_QOQ":-17.687569652522,"NET_PROFIT_RATIO":-93.807326383,"ROE_AVG":-51.330896279726,"GROSS_PROFIT_QOQ":-20.147916879926,"ROA":-10.354212294684,"HOLDER_PROFIT_QOQ":1.45297847939,"ROE_YEARLY":-102.661792559452,"ROIC_YEARLY":-26.389002979261,"TOTAL_ASSETS":294691000,"TOTAL_LIABILITIES":241801000,"TAX_EBT":6.219387173938,"OCF_SALES":-112.715775081183,"TOTAL_PARENT_EQUITY":53405000,"DEBT_ASSET_RATIO":82.0523870766,"OPERATE_PROFIT":-25500000,"PRETAX_PROFIT":-35116000,"NETCASH_OPERATE":-39570000,"NETCASH_INVEST":220000,"NETCASH_FINANCE":4127000,"END_CASH":51288000,"DIVI_RATIO":null,"DIVIDEND_RATE":null,"CURRENT_RATIO":0.839827856025,"COMMON_ACS":1000000000,"CURRENTDEBT_DEBT":95.136082977324,"ISSUED_COMMON_SHARES":255728860,"HK_COMMON_SHARES":255728860,"PER_SHARES":5000,"TOTAL_MARKET_CAP":50634314.28,"HKSK_MARKET_CAP":50634314.28,"PE_TTM":-0.351147261036,"PB_TTM":-0.854892538562,"REPORT_DATE_SQ":"2022-06-30 00:00:00","REPORT_TYPE_SQ":"2022年中报","OPERATE_INCOME_SQ":61611000,"DPS_HKD":null,"OPERATE_INCOME_QOQ_SQ":9.633534015168,"NET_PROFIT_RATIO_SQ":-56.2415802373,"HOLDER_PROFIT_SQ":-34651000,"HOLDER_PROFIT_QOQ_SQ":-31.002841474671,"ROE_AVG_SQ":-20.037239855898,"PE_TTM_SQ":-1.439052093675,"PB_TTM_SQ":3.178716673098,"ROA_SQ":-7.765103979921,"START_DATE":"2023-01-01 00:00:00","FISCAL_YEAR":"12-31","CURRENCY":"HKD","IS_CNY_CODE":0,"DPS_HKD_LY":null,"ORG_TYPE":"一般企业","PREMIUM_INCOME":null,"PREMIUM_INCOME_YOY":null,"NET_INTEREST_INCOME":null,"NET_INTEREST_INCOME_YOY":null,"FEE_COMMISSION_INCOME":null,"FEE_COMMISSION_INCOME_YOY":null,"ACCOUNTS_RECE_TDAYS":0.330828201347,"INVENTORY_TDAYS":1.012520475213,"CURRENT_ASSETS_TDAYS":0.164639122075,"TOTAL_ASSETS_TDAYS":0.110390845729,"PREMIUM_EXPENSE":null,"LOAN_DEPOSIT":null,"LOAN_EQUITY":null,"LOAN_ASSETS":null,"DEPOSIT_EQUITY":null,"DEPOSIT_ASSETS":null,"EQUITY_MULTIPLIER":5.571771601427,"EQUITY_RATIO":4.52768467372},{"SECUCODE":"01679.HK","SECURITY_CODE":"01679","SECURITY_NAME_ABBR":"瑞斯康集团","ORG_CODE":"10576187","STD_REPORT_DATE":"2022-12-31 00:00:00","REPORT_DATE":"2022-12-31 00:00:00","DATE_TYPE_CODE":"001","REPORT_TYPE":"2022年年报","PER_NETCASH_OPERATE":0.002790927683,"PER_OI":0.080691357168,"BPS":0.292857051801,"BASIC_EPS":-0.6611,"DILUTED_EPS":-0.6611,"OPERATE_INCOME":149851000,"OPERATE_INCOME_YOY":-39.613707617,"GROSS_PROFIT":39076000,"GROSS_PROFIT_YOY":-9.136146959656,"HOLDER_PROFIT":-118584000,"HOLDER_PROFIT_YOY":-114.6200206324,"GROSS_PROFIT_RATIO":26.076569392263,"EPS_TTM":-0.063854788413,"OPERATE_INCOME_QOQ":-44.919870616776,"NET_PROFIT_RATIO":-79.4756124417,"ROE_AVG":-88.267936030608,"GROSS_PROFIT_QOQ":-7.341363938158,"ROA":-29.176082717728,"HOLDER_PROFIT_QOQ":-63.828523272039,"ROE_YEARLY":-88.267936030608,"ROIC_YEARLY":-37.346997585975,"TOTAL_ASSETS":341340000,"TOTAL_LIABILITIES":266959000,"TAX_EBT":13.085203430031,"OCF_SALES":3.458769043917,"TOTAL_PARENT_EQUITY":74892000,"DEBT_ASSET_RATIO":78.2091170094,"OPERATE_PROFIT":-63618000,"PRETAX_PROFIT":-137025000,"NETCASH_OPERATE":5644000,"NETCASH_INVEST":-4975000,"NETCASH_FINANCE":-6307000,"END_CASH":86652000,"DIVI_RATIO":null,"DIVIDEND_RATE":null,"CURRENT_RATIO":0.935905408821,"COMMON_ACS":1000000000,"CURRENTDEBT_DEBT":93.363025782985,"ISSUED_COMMON_SHARES":255728860,"HK_COMMON_SHARES":255728860,"PER_SHARES":5000,"TOTAL_MARKET_CAP":50634314.28,"HKSK_MARKET_CAP":50634314.28,"PE_TTM":-0.351147261036,"PB_TTM":-0.854892538562,"REPORT_DATE_SQ":"2021-12-31 00:00:00","REPORT_TYPE_SQ":"2021年年报","OPERATE_INCOME_SQ":248154000,"DPS_HKD":null,"OPERATE_INCOME_QOQ_SQ":16.35836767995,"NET_PROFIT_RATIO_SQ":-22.2656092588,"HOLDER_PROFIT_SQ":-55253000,"HOLDER_PROFIT_QOQ_SQ":36.590656093278,"ROE_AVG_SQ":-35.862270396573,"PE_TTM_SQ":-1.439052093675,"PB_TTM_SQ":3.178716673098,"ROA_SQ":-11.163417497227,"START_DATE":"2022-01-01 00:00:00","FISCAL_YEAR":"12-31","CURRENCY":"HKD","IS_CNY_CODE":0,"DPS_HKD_LY":null,"ORG_TYPE":"一般企业","PREMIUM_INCOME":null,"PREMIUM_INCOME_YOY":null,"NET_INTEREST_INCOME":null,"NET_INTEREST_INCOME_YOY":null,"FEE_COMMISSION_INCOME":null,"FEE_COMMISSION_INCOME_YOY":null,"ACCOUNTS_RECE_TDAYS":1.365117539616,"INVENTORY_TDAYS":5.06933003844,"CURRENT_ASSETS_TDAYS":0.603611169854,"TOTAL_ASSETS_TDAYS":0.368689297994,"PREMIUM_EXPENSE":null,"LOAN_DEPOSIT":null,"LOAN_EQUITY":null,"LOAN_ASSETS":null,"DEPOSIT_EQUITY":null,"DEPOSIT_ASSETS":null,"EQUITY_MULTIPLIER":4.589075167038,"EQUITY_RATIO":3.56458633766},{"SECUCODE":"01679.HK","SECURITY_CODE":"01679","SECURITY_NAME_ABBR":"瑞斯康集团","ORG_CODE":"10576187","STD_REPORT_DATE":"2022-06-30 00:00:00","REPORT_DATE":"2022-06-30 00:00:00","DATE_TYPE_CODE":"002","REPORT_TYPE":"2022年中报","PER_NETCASH_OPERATE":-0.013323320761,"PER_OI":0.034692663683,"BPS":0.594641527749,"BASIC_EPS":-0.1951,"DILUTED_EPS":-0.1951,"OPERATE_INCOME":61611000,"OPERATE_INCOME_YOY":63.4027317332,"GROSS_PROFIT":16090000,"GROSS_PROFIT_YOY":-4.922295101341,"HOLDER_PROFIT":-34651000,"HOLDER_PROFIT_YOY":-97.7683922151,"GROSS_PROFIT_RATIO":26.115466393988,"EPS_TTM":-0.040758291139,"OPERATE_INCOME_QOQ":9.633534015168,"NET_PROFIT_RATIO":-56.2415802373,"ROE_AVG":-20.037239855898,"GROSS_PROFIT_QOQ":-1.93698407162,"ROA":-7.765103979921,"HOLDER_PROFIT_QOQ":-31.002841474671,"ROE_YEARLY":-40.074479711796,"ROIC_YEARLY":-18.814528849469,"TOTAL_ASSETS":420935000,"TOTAL_LIABILITIES":268868000,"TAX_EBT":-1.627756921633,"OCF_SALES":-38.403856454205,"TOTAL_PARENT_EQUITY":152067000,"DEBT_ASSET_RATIO":63.8739947973,"OPERATE_PROFIT":-25847000,"PRETAX_PROFIT":-34096000,"NETCASH_OPERATE":-23661000,"NETCASH_INVEST":-987000,"NETCASH_FINANCE":-2051000,"END_CASH":64089000,"DIVI_RATIO":null,"DIVIDEND_RATE":null,"CURRENT_RATIO":0.998092849492,"COMMON_ACS":1000000000,"CURRENTDEBT_DEBT":85.418123391404,"ISSUED_COMMON_SHARES":255728860,"HK_COMMON_SHARES":255728860,"PER_SHARES":5000,"TOTAL_MARKET_CAP":50634314.28,"HKSK_MARKET_CAP":50634314.28,"PE_TTM":-0.351147261036,"PB_TTM":-0.854892538562,"REPORT_DATE_SQ":"2021-06-30 00:00:00","REPORT_TYPE_SQ":"2021年中报","OPERATE_INCOME_SQ":37705000,"DPS_HKD":null,"OPERATE_INCOME_QOQ_SQ":0.250547632254,"NET_PROFIT_RATIO_SQ":-46.4686381117,"HOLDER_PROFIT_SQ":-17521000,"HOLDER_PROFIT_QOQ_SQ":30.862306996525,"ROE_AVG_SQ":-16.262147186308,"PE_TTM_SQ":-1.439052093675,"PB_TTM_SQ":3.178716673098,"ROA_SQ":-3.325762846022,"START_DATE":"2022-01-01 00:00:00","FISCAL_YEAR":"12-31","CURRENCY":"HKD","IS_CNY_CODE":0,"DPS_HKD_LY":null,"ORG_TYPE":"一般企业","PREMIUM_INCOME":null,"PREMIUM_INCOME_YOY":null,"NET_INTEREST_INCOME":null,"NET_INTEREST_INCOME_YOY":null,"FEE_COMMISSION_INCOME":null,"FEE_COMMISSION_INCOME_YOY":null,"ACCOUNTS_RECE_TDAYS":0.517981075207,"INVENTORY_TDAYS":2.564057791421,"CURRENT_ASSETS_TDAYS":0.250210671448,"TOTAL_ASSETS_TDAYS":0.138066959484,"PREMIUM_EXPENSE":null,"LOAN_DEPOSIT":null,"LOAN_EQUITY":null,"LOAN_ASSETS":null,"DEPOSIT_EQUITY":null,"DEPOSIT_ASSETS":null,"EQUITY_MULTIPLIER":2.768089066004,"EQUITY_RATIO":1.768089066004},{"SECUCODE":"01679.HK","SECURITY_CODE":"01679","SECURITY_NAME_ABBR":"瑞斯康集团","ORG_CODE":"10576187","STD_REPORT_DATE":"2021-12-31 00:00:00","REPORT_DATE":"2021-12-31 00:00:00","DATE_TYPE_CODE":"001","REPORT_TYPE":"2021年年报","PER_NETCASH_OPERATE":-0.014995141028,"PER_OI":0.139733542121,"BPS":0.757829992282,"BASIC_EPS":-0.0505,"DILUTED_EPS":-0.0505,"OPERATE_INCOME":248154000,"OPERATE_INCOME_YOY":16.6499008151,"GROSS_PROFIT":43005000,"GROSS_PROFIT_YOY":28.242977276794,"HOLDER_PROFIT":-55253000,"HOLDER_PROFIT_YOY":56.1602424743,"GROSS_PROFIT_RATIO":17.329964457555,"EPS_TTM":-0.031112524492,"OPERATE_INCOME_QOQ":16.35836767995,"NET_PROFIT_RATIO":-22.2656092588,"ROE_AVG":-35.862270396573,"GROSS_PROFIT_QOQ":11.461006142602,"ROA":-11.163417497227,"HOLDER_PROFIT_QOQ":36.590656093278,"ROE_YEARLY":-35.862270396573,"ROIC_YEARLY":-14.230927728842,"TOTAL_ASSETS":471545000,"TOTAL_LIABILITIES":277746000,"TAX_EBT":11.005701768515,"OCF_SALES":-10.731239472263,"TOTAL_PARENT_EQUITY":193799000,"DEBT_ASSET_RATIO":58.9012713527,"OPERATE_PROFIT":-45641000,"PRETAX_PROFIT":-62086000,"NETCASH_OPERATE":-26526000,"NETCASH_INVEST":-116299000,"NETCASH_FINANCE":112724000,"END_CASH":91705000,"DIVI_RATIO":null,"DIVIDEND_RATE":null,"CURRENT_RATIO":1.116114507636,"COMMON_ACS":1000000000,"CURRENTDEBT_DEBT":84.920034851987,"ISSUED_COMMON_SHARES":255728860,"HK_COMMON_SHARES":255728860,"PER_SHARES":5000,"TOTAL_MARKET_CAP":50634314.28,"HKSK_MARKET_CAP":50634314.28,"PE_TTM":-0.351147261036,"PB_TTM":-0.854892538562,"REPORT_DATE_SQ":"2020-12-31 00:00:00","REPORT_TYPE_SQ":"2020年年报","OPERATE_INCOME_SQ":212734000,"DPS_HKD":null,"OPERATE_INCOME_QOQ_SQ":28.055813057559,"NET_PROFIT_RATIO_SQ":-59.2448785808,"HOLDER_PROFIT_SQ":-126034000,"HOLDER_PROFIT_QOQ_SQ":50.071703046389,"ROE_AVG_SQ":-74.24989543015,"PE_TTM_SQ":-1.439052093675,"PB_TTM_SQ":3.178716673098,"ROA_SQ":-22.172026099638,"START_DATE":"2021-01-01 00:00:00","FISCAL_YEAR":"12-31","CURRENCY":"HKD","IS_CNY_CODE":0,"DPS_HKD_LY":null,"ORG_TYPE":"一般企业","PREMIUM_INCOME":null,"PREMIUM_INCOME_YOY":null,"NET_INTEREST_INCOME":null,"NET_INTEREST_INCOME_YOY":null,"FEE_COMMISSION_INCOME":null,"FEE_COMMISSION_INCOME_YOY":null,"ACCOUNTS_RECE_TDAYS":1.966651080591,"INVENTORY_TDAYS":10.687348597327,"CURRENT_ASSETS_TDAYS":0.910932667688,"TOTAL_ASSETS_TDAYS":0.501374894686,"PREMIUM_EXPENSE":null,"LOAN_DEPOSIT":null,"LOAN_EQUITY":null,"LOAN_ASSETS":null,"DEPOSIT_EQUITY":null,"DEPOSIT_ASSETS":null,"EQUITY_MULTIPLIER":2.433165289812,"EQUITY_RATIO":1.433165289811},{"SECUCODE":"01679.HK","SECURITY_CODE":"01679","SECURITY_NAME_ABBR":"瑞斯康集团","ORG_CODE":"10576187","STD_REPORT_DATE":"2021-06-30 00:00:00","REPORT_DATE":"2021-06-30 00:00:00","DATE_TYPE_CODE":"002","REPORT_TYPE":"2021年中报","PER_NETCASH_OPERATE":0.030109898413,"PER_OI":0.038216370541,"BPS":0.395500922344,"BASIC_EPS":-0.0178,"DILUTED_EPS":-0.0178,"OPERATE_INCOME":37705000,"OPERATE_INCOME_YOY":1.4338749596,"GROSS_PROFIT":16923000,"GROSS_PROFIT_YOY":42.521475492673,"HOLDER_PROFIT":-17521000,"HOLDER_PROFIT_YOY":68.944308554,"GROSS_PROFIT_RATIO":44.882641559475,"EPS_TTM":-0.088318787424,"OPERATE_INCOME_QOQ":0.250547632254,"NET_PROFIT_RATIO":-46.4686381117,"ROE_AVG":-16.262147186308,"GROSS_PROFIT_QOQ":15.056360708535,"ROA":-3.325762846022,"HOLDER_PROFIT_QOQ":30.862306996525,"ROE_YEARLY":-32.524294372616,"ROIC_YEARLY":-8.929012793954,"TOTAL_ASSETS":535304000,"TOTAL_LIABILITIES":434163000,"TAX_EBT":21.183085919928,"OCF_SALES":78.787959156611,"TOTAL_PARENT_EQUITY":101141000,"DEBT_ASSET_RATIO":81.1058762871,"OPERATE_PROFIT":-8307000,"PRETAX_PROFIT":-22230000,"NETCASH_OPERATE":29707000,"NETCASH_INVEST":-431000,"NETCASH_FINANCE":-4870000,"END_CASH":147082000,"DIVI_RATIO":null,"DIVIDEND_RATE":null,"CURRENT_RATIO":0.795112053672,"COMMON_ACS":1000000000,"CURRENTDEBT_DEBT":90.360532795287,"ISSUED_COMMON_SHARES":255728860,"HK_COMMON_SHARES":255728860,"PER_SHARES":5000,"TOTAL_MARKET_CAP":50634314.28,"HKSK_MARKET_CAP":50634314.28,"PE_TTM":-0.351147261036,"PB_TTM":-0.854892538562,"REPORT_DATE_SQ":"2020-06-30 00:00:00","REPORT_TYPE_SQ":"2020年中报","OPERATE_INCOME_SQ":37172000,"DPS_HKD":null,"OPERATE_INCOME_QOQ_SQ":-23.995882420222,"NET_PROFIT_RATIO_SQ":-151.7755299688,"HOLDER_PROFIT_SQ":-56418000,"HOLDER_PROFIT_QOQ_SQ":-6.594654854252,"ROE_AVG_SQ":-28.611274519748,"PE_TTM_SQ":-1.439052093675,"PB_TTM_SQ":3.178716673098,"ROA_SQ":-9.323586353236,"START_DATE":"2021-01-01 00:00:00","FISCAL_YEAR":"12-31","CURRENCY":"HKD","IS_CNY_CODE":0,"DPS_HKD_LY":null,"ORG_TYPE":"一般企业","PREMIUM_INCOME":null,"PREMIUM_INCOME_YOY":null,"NET_INTEREST_INCOME":null,"NET_INTEREST_INCOME_YOY":null,"FEE_COMMISSION_INCOME":null,"FEE_COMMISSION_INCOME_YOY":null,"ACCOUNTS_RECE_TDAYS":0.277274248168,"INVENTORY_TDAYS":0.884961781676,"CURRENT_ASSETS_TDAYS":0.127055961235,"TOTAL_ASSETS_TDAYS":0.071570052,"PREMIUM_EXPENSE":null,"LOAN_DEPOSIT":null,"LOAN_EQUITY":null,"LOAN_ASSETS":null,"DEPOSIT_EQUITY":null,"DEPOSIT_ASSETS":null,"EQUITY_MULTIPLIER":5.292650853753,"EQUITY_RATIO":4.292650853759},{"SECUCODE":"01679.HK","SECURITY_CODE":"01679","SECURITY_NAME_ABBR":"瑞斯康集团","ORG_CODE":"10576187","STD_REPORT_DATE":"2020-12-31 00:00:00","REPORT_DATE":"2020-12-31 00:00:00","DATE_TYPE_CODE":"001","REPORT_TYPE":"2020年年报","PER_NETCASH_OPERATE":-0.011612384492,"PER_OI":0.215619185006,"BPS":0.447118092186,"BASIC_EPS":-0.1277,"DILUTED_EPS":-0.1277,"OPERATE_INCOME":212734000,"OPERATE_INCOME_YOY":-2.672309276,"GROSS_PROFIT":33534000,"GROSS_PROFIT_YOY":-48.230027016596,"HOLDER_PROFIT":-126034000,"HOLDER_PROFIT_YOY":46.7791041877,"GROSS_PROFIT_RATIO":15.763347654818,"EPS_TTM":-0.127743324353,"OPERATE_INCOME_QOQ":28.055813057559,"NET_PROFIT_RATIO":-59.2448785808,"ROE_AVG":-74.24989543015,"GROSS_PROFIT_QOQ":-39.959177827115,"ROA":-22.172026099638,"HOLDER_PROFIT_QOQ":50.071703046389,"ROE_YEARLY":-74.24989543015,"ROIC_YEARLY":-28.970169923974,"TOTAL_ASSETS":518349000,"TOTAL_LIABILITIES":404008000,"TAX_EBT":17.615144265338,"OCF_SALES":-5.385598916957,"TOTAL_PARENT_EQUITY":114341000,"DEBT_ASSET_RATIO":77.9413098125,"OPERATE_PROFIT":-104381000,"PRETAX_PROFIT":-152982000,"NETCASH_OPERATE":-11457000,"NETCASH_INVEST":1653000,"NETCASH_FINANCE":-12251000,"END_CASH":121669000,"DIVI_RATIO":null,"DIVIDEND_RATE":null,"CURRENT_RATIO":0.788484639746,"COMMON_ACS":1000000000,"CURRENTDEBT_DEBT":88.395031781549,"ISSUED_COMMON_SHARES":255728860,"HK_COMMON_SHARES":255728860,"PER_SHARES":5000,"TOTAL_MARKET_CAP":50634314.28,"HKSK_MARKET_CAP":50634314.28,"PE_TTM":-0.351147261036,"PB_TTM":-0.854892538562,"REPORT_DATE_SQ":"2019-12-31 00:00:00","REPORT_TYPE_SQ":"2019年年报","OPERATE_INCOME_SQ":218575000,"DPS_HKD":null,"OPERATE_INCOME_QOQ_SQ":-44.107042397586,"NET_PROFIT_RATIO_SQ":-108.3440466659,"HOLDER_PROFIT_SQ":-236813000,"HOLDER_PROFIT_QOQ_SQ":-764.84917098824,"ROE_AVG_SQ":-75.667445772777,"PE_TTM_SQ":-1.439052093675,"PB_TTM_SQ":3.178716673098,"ROA_SQ":-28.236024948402,"START_DATE":"2020-01-01 00:00:00","FISCAL_YEAR":"12-31","CURRENCY":"HKD","IS_CNY_CODE":0,"DPS_HKD_LY":null,"ORG_TYPE":"一般企业","PREMIUM_INCOME":null,"PREMIUM_INCOME_YOY":null,"NET_INTEREST_INCOME":null,"NET_INTEREST_INCOME_YOY":null,"FEE_COMMISSION_INCOME":null,"FEE_COMMISSION_INCOME_YOY":null,"ACCOUNTS_RECE_TDAYS":1.650373737883,"INVENTORY_TDAYS":7.435993194738,"CURRENT_ASSETS_TDAYS":0.699719597734,"TOTAL_ASSETS_TDAYS":0.374243759643,"PREMIUM_EXPENSE":null,"LOAN_DEPOSIT":null,"LOAN_EQUITY":null,"LOAN_ASSETS":null,"DEPOSIT_EQUITY":null,"DEPOSIT_ASSETS":null,"EQUITY_MULTIPLIER":4.533360736743,"EQUITY_RATIO":3.533360736744},{"SECUCODE":"01679.HK","SECURITY_CODE":"01679","SECURITY_NAME_ABBR":"瑞斯康集团","ORG_CODE":"10576187","STD_REPORT_DATE":"2020-06-30 00:00:00","REPORT_DATE":"2020-06-30 00:00:00","DATE_TYPE_CODE":"002","REPORT_TYPE":"2020年中报","PER_NETCASH_OPERATE":-0.026739803411,"PER_OI":0.037676141778,"BPS":0.66175949011,"BASIC_EPS":-0.0571,"DILUTED_EPS":-0.0571,"OPERATE_INCOME":37172000,"OPERATE_INCOME_YOY":-58.5231140023,"GROSS_PROFIT":11874000,"GROSS_PROFIT_YOY":-42.905226715392,"HOLDER_PROFIT":-56418000,"HOLDER_PROFIT_YOY":-38.2760226465,"GROSS_PROFIT_RATIO":31.943398256752,"EPS_TTM":-0.255853558298,"OPERATE_INCOME_QOQ":-23.995882420222,"NET_PROFIT_RATIO":-151.7755299688,"ROE_AVG":-28.611274519748,"GROSS_PROFIT_QOQ":-13.775376302586,"ROA":-9.323586353236,"HOLDER_PROFIT_QOQ":-6.594654854252,"ROE_YEARLY":-57.222549039495,"ROIC_YEARLY":-23.735808811001,"TOTAL_ASSETS":591696000,"TOTAL_LIABILITIES":422465000,"TAX_EBT":16.283831908832,"OCF_SALES":-70.972775207145,"TOTAL_PARENT_EQUITY":169231000,"DEBT_ASSET_RATIO":71.3989954301,"OPERATE_PROFIT":-56230000,"PRETAX_PROFIT":-67392000,"NETCASH_OPERATE":-26775000,"NETCASH_INVEST":1290000,"NETCASH_FINANCE":-6347000,"END_CASH":114345000,"DIVI_RATIO":null,"DIVIDEND_RATE":null,"CURRENT_RATIO":2.442867979441,"COMMON_ACS":1000000000,"CURRENTDEBT_DEBT":30.580521463317,"ISSUED_COMMON_SHARES":255728860,"HK_COMMON_SHARES":255728860,"PER_SHARES":5000,"TOTAL_MARKET_CAP":50634314.28,"HKSK_MARKET_CAP":50634314.28,"PE_TTM":-0.351147261036,"PB_TTM":-0.854892538562,"REPORT_DATE_SQ":"2019-06-30 00:00:00","REPORT_TYPE_SQ":"2019年中报","OPERATE_INCOME_SQ":89621000,"DPS_HKD":null,"OPERATE_INCOME_QOQ_SQ":-17.808795001187,"NET_PROFIT_RATIO_SQ":-45.5261601634,"HOLDER_PROFIT_SQ":-40801000,"HOLDER_PROFIT_QOQ_SQ":-751.332064700285,"ROE_AVG_SQ":-10.574220526703,"PE_TTM_SQ":-1.439052093675,"PB_TTM_SQ":3.178716673098,"ROA_SQ":-4.301863198831,"START_DATE":"2020-01-01 00:00:00","FISCAL_YEAR":"12-31","CURRENCY":"HKD","IS_CNY_CODE":0,"DPS_HKD_LY":null,"ORG_TYPE":"一般企业","PREMIUM_INCOME":null,"PREMIUM_INCOME_YOY":null,"NET_INTEREST_INCOME":null,"NET_INTEREST_INCOME_YOY":null,"FEE_COMMISSION_INCOME":null,"FEE_COMMISSION_INCOME_YOY":null,"ACCOUNTS_RECE_TDAYS":0.375966542093,"INVENTORY_TDAYS":0.848527537399,"CURRENT_ASSETS_TDAYS":0.115788358865,"TOTAL_ASSETS_TDAYS":0.061430102436,"PREMIUM_EXPENSE":null,"LOAN_DEPOSIT":null,"LOAN_EQUITY":null,"LOAN_ASSETS":null,"DEPOSIT_EQUITY":null,"DEPOSIT_ASSETS":null,"EQUITY_MULTIPLIER":3.496380686755,"EQUITY_RATIO":2.496380686754}],"count":21},"success":true,"message":"ok","code":0}