{"version":"ac5111e3b4fe9af9f0f3333c560d899c","result":{"pages":3,"data":[{"SECUCODE":"01676.HK","SECURITY_CODE":"01676","SECURITY_NAME_ABBR":"高地股份","ORG_CODE":"10586815","STD_REPORT_DATE":"2023-12-31 00:00:00","REPORT_DATE":"2024-06-30 00:00:00","DATE_TYPE_CODE":"001","REPORT_TYPE":"2023年年报","PER_NETCASH_OPERATE":-0.343527777778,"PER_OI":2.464326388889,"BPS":0.947672453592,"BASIC_EPS":-0.5987,"DILUTED_EPS":-0.5987,"OPERATE_INCOME":354863000,"OPERATE_INCOME_YOY":1.8439435423,"GROSS_PROFIT":11927000,"GROSS_PROFIT_YOY":8.684162566065,"HOLDER_PROFIT":-79931000,"HOLDER_PROFIT_YOY":22.7891386455,"GROSS_PROFIT_RATIO":3.361015377766,"EPS_TTM":-0.703840277778,"OPERATE_INCOME_QOQ":21.289009809493,"NET_PROFIT_RATIO":-22.5244671887,"ROE_AVG":-40.142326950216,"GROSS_PROFIT_QOQ":26.289411335885,"ROA":-26.462005002326,"HOLDER_PROFIT_QOQ":2.096152545811,"ROE_YEARLY":-40.142326950216,"ROIC_YEARLY":-35.273584197914,"TOTAL_ASSETS":263567000,"TOTAL_LIABILITIES":85192000,"TAX_EBT":2.036939443335,"OCF_SALES":-13.940027559932,"TOTAL_PARENT_EQUITY":178584000,"DEBT_ASSET_RATIO":32.3227111133,"OPERATE_PROFIT":-79856000,"PRETAX_PROFIT":-81593000,"NETCASH_OPERATE":-49468000,"NETCASH_INVEST":-9574000,"NETCASH_FINANCE":53439000,"END_CASH":60927000,"DIVI_RATIO":null,"DIVIDEND_RATE":null,"CURRENT_RATIO":5.835950964923,"COMMON_ACS":1000000000,"CURRENTDEBT_DEBT":48.355479387736,"ISSUED_COMMON_SHARES":188444857,"HK_COMMON_SHARES":188444857,"PER_SHARES":4000,"TOTAL_MARKET_CAP":73493494.23,"HKSK_MARKET_CAP":73493494.23,"PE_TTM":-0.839174316771,"PB_TTM":0.37559939476,"REPORT_DATE_SQ":"2022-12-31 00:00:00","REPORT_TYPE_SQ":"2022年年报","OPERATE_INCOME_SQ":348438000,"DPS_HKD":null,"OPERATE_INCOME_QOQ_SQ":124.147957542618,"NET_PROFIT_RATIO_SQ":-29.7105941373,"HOLDER_PROFIT_SQ":-103523000,"HOLDER_PROFIT_QOQ_SQ":2.630737396539,"ROE_AVG_SQ":-33.172580862231,"PE_TTM_SQ":-2.16200970992,"PB_TTM_SQ":1.043097391137,"ROA_SQ":-27.734377093011,"START_DATE":"2023-07-01 00:00:00","FISCAL_YEAR":"6-30","CURRENCY":"HKD","IS_CNY_CODE":0,"DPS_HKD_LY":null,"ORG_TYPE":"一般企业","PREMIUM_INCOME":null,"PREMIUM_INCOME_YOY":null,"NET_INTEREST_INCOME":null,"NET_INTEREST_INCOME_YOY":null,"FEE_COMMISSION_INCOME":null,"FEE_COMMISSION_INCOME_YOY":null,"ACCOUNTS_RECE_TDAYS":3.652902090164,"INVENTORY_TDAYS":4.530706882543,"CURRENT_ASSETS_TDAYS":1.293468197558,"TOTAL_ASSETS_TDAYS":1.174811585135,"PREMIUM_EXPENSE":null,"LOAN_DEPOSIT":null,"LOAN_EQUITY":null,"LOAN_ASSETS":null,"DEPOSIT_EQUITY":null,"DEPOSIT_ASSETS":null,"EQUITY_MULTIPLIER":1.477600560617,"EQUITY_RATIO":0.47704161627},{"SECUCODE":"01676.HK","SECURITY_CODE":"01676","SECURITY_NAME_ABBR":"高地股份","ORG_CODE":"10586815","STD_REPORT_DATE":"2023-06-30 00:00:00","REPORT_DATE":"2023-12-31 00:00:00","DATE_TYPE_CODE":"002","REPORT_TYPE":"2023年中报","PER_NETCASH_OPERATE":-0.419909722222,"PER_OI":1.360527777778,"BPS":1.155144287116,"BASIC_EPS":-0.31,"DILUTED_EPS":-0.31,"OPERATE_INCOME":195916000,"OPERATE_INCOME_YOY":60.9338163418,"GROSS_PROFIT":6590000,"GROSS_PROFIT_YOY":77.867746288799,"HOLDER_PROFIT":-38127000,"HOLDER_PROFIT_YOY":5.3850162543,"GROSS_PROFIT_RATIO":3.363686477878,"EPS_TTM":-0.862691666667,"OPERATE_INCOME_QOQ":0,"NET_PROFIT_RATIO":-19.4608914024,"ROE_AVG":-17.436061600375,"GROSS_PROFIT_QOQ":0,"ROA":-12.270473720036,"HOLDER_PROFIT_QOQ":0,"ROE_YEARLY":-34.87212320075,"ROIC_YEARLY":-31.157464630471,"TOTAL_ASSETS":280891000,"TOTAL_LIABILITIES":63419000,"TAX_EBT":null,"OCF_SALES":-30.863737520162,"TOTAL_PARENT_EQUITY":217681000,"DEBT_ASSET_RATIO":22.5777970814,"OPERATE_PROFIT":-37193000,"PRETAX_PROFIT":-38127000,"NETCASH_OPERATE":-60467000,"NETCASH_INVEST":null,"NETCASH_FINANCE":35968000,"END_CASH":41982000,"DIVI_RATIO":null,"DIVIDEND_RATE":null,"CURRENT_RATIO":7.206454226303,"COMMON_ACS":1000000000,"CURRENTDEBT_DEBT":58.389441649979,"ISSUED_COMMON_SHARES":188444857,"HK_COMMON_SHARES":188444857,"PER_SHARES":4000,"TOTAL_MARKET_CAP":73493494.23,"HKSK_MARKET_CAP":73493494.23,"PE_TTM":-0.839174316771,"PB_TTM":0.37559939476,"REPORT_DATE_SQ":"2022-06-30 00:00:00","REPORT_TYPE_SQ":"2022年中报","OPERATE_INCOME_SQ":121737000,"DPS_HKD":null,"OPERATE_INCOME_QOQ_SQ":79.698518021871,"NET_PROFIT_RATIO_SQ":-33.1016864224,"HOLDER_PROFIT_SQ":-40297000,"HOLDER_PROFIT_QOQ_SQ":-9.106582107013,"ROE_AVG_SQ":-11.709801950132,"PE_TTM_SQ":-2.44779260261,"PB_TTM_SQ":1.18097808077,"ROA_SQ":-9.861621121592,"START_DATE":"2023-07-01 00:00:00","FISCAL_YEAR":"6-30","CURRENCY":"HKD","IS_CNY_CODE":0,"DPS_HKD_LY":null,"ORG_TYPE":"一般企业","PREMIUM_INCOME":null,"PREMIUM_INCOME_YOY":null,"NET_INTEREST_INCOME":null,"NET_INTEREST_INCOME_YOY":null,"FEE_COMMISSION_INCOME":null,"FEE_COMMISSION_INCOME_YOY":null,"ACCOUNTS_RECE_TDAYS":1.788378769415,"INVENTORY_TDAYS":2.23801502444,"CURRENT_ASSETS_TDAYS":0.681277525763,"TOTAL_ASSETS_TDAYS":0.630519613223,"PREMIUM_EXPENSE":null,"LOAN_DEPOSIT":null,"LOAN_EQUITY":null,"LOAN_ASSETS":null,"DEPOSIT_EQUITY":null,"DEPOSIT_ASSETS":null,"EQUITY_MULTIPLIER":1.291619150971,"EQUITY_RATIO":0.291339161433},{"SECUCODE":"01676.HK","SECURITY_CODE":"01676","SECURITY_NAME_ABBR":"高地股份","ORG_CODE":"10586815","STD_REPORT_DATE":"2022-12-31 00:00:00","REPORT_DATE":"2022-12-31 00:00:00","DATE_TYPE_CODE":"001","REPORT_TYPE":"2022年年报","PER_NETCASH_OPERATE":-0.873908333333,"PER_OI":2.90365,"BPS":1.405965671963,"BASIC_EPS":-0.888,"DILUTED_EPS":-0.888,"OPERATE_INCOME":348438000,"OPERATE_INCOME_YOY":302.7905578804,"GROSS_PROFIT":10974000,"GROSS_PROFIT_YOY":10.636152837988,"HOLDER_PROFIT":-103523000,"HOLDER_PROFIT_YOY":-6.2362744494,"GROSS_PROFIT_RATIO":3.149484269798,"EPS_TTM":-0.862691666667,"OPERATE_INCOME_QOQ":124.147957542618,"NET_PROFIT_RATIO":-29.7105941373,"ROE_AVG":-33.172580862231,"GROSS_PROFIT_QOQ":209.650112866817,"ROA":-27.734377093011,"HOLDER_PROFIT_QOQ":2.630737396539,"ROE_YEARLY":-33.172580862231,"ROIC_YEARLY":-43.121646839282,"TOTAL_ASSETS":286315000,"TOTAL_LIABILITIES":66870000,"TAX_EBT":0.807734319606,"OCF_SALES":-30.096889547064,"TOTAL_PARENT_EQUITY":219654000,"DEBT_ASSET_RATIO":22.2620921328,"OPERATE_PROFIT":-103792000,"PRETAX_PROFIT":-104366000,"NETCASH_OPERATE":-104869000,"NETCASH_INVEST":326000,"NETCASH_FINANCE":18545000,"END_CASH":90404000,"DIVI_RATIO":null,"DIVIDEND_RATE":null,"CURRENT_RATIO":6.156033467122,"COMMON_ACS":1000000000,"CURRENTDEBT_DEBT":67.626738447734,"ISSUED_COMMON_SHARES":188444857,"HK_COMMON_SHARES":188444857,"PER_SHARES":4000,"TOTAL_MARKET_CAP":73493494.23,"HKSK_MARKET_CAP":73493494.23,"PE_TTM":-0.839174316771,"PB_TTM":0.37559939476,"REPORT_DATE_SQ":"2021-12-31 00:00:00","REPORT_TYPE_SQ":"2021年年报","OPERATE_INCOME_SQ":86506000,"DPS_HKD":null,"OPERATE_INCOME_QOQ_SQ":-41.032038173142,"NET_PROFIT_RATIO_SQ":-112.9031512265,"HOLDER_PROFIT_SQ":-97446000,"HOLDER_PROFIT_QOQ_SQ":-100.032844093195,"ROE_AVG_SQ":-24.191614387961,"PE_TTM_SQ":-2.44779260261,"PB_TTM_SQ":1.18097808077,"ROA_SQ":-21.516673070044,"START_DATE":"2022-01-01 00:00:00","FISCAL_YEAR":"12-31","CURRENCY":"HKD","IS_CNY_CODE":0,"DPS_HKD_LY":null,"ORG_TYPE":"一般企业","PREMIUM_INCOME":null,"PREMIUM_INCOME_YOY":null,"NET_INTEREST_INCOME":null,"NET_INTEREST_INCOME_YOY":null,"FEE_COMMISSION_INCOME":null,"FEE_COMMISSION_INCOME_YOY":null,"ACCOUNTS_RECE_TDAYS":3.167603783619,"INVENTORY_TDAYS":4.876506459351,"CURRENT_ASSETS_TDAYS":1.033359579702,"TOTAL_ASSETS_TDAYS":0.933484432014,"PREMIUM_EXPENSE":null,"LOAN_DEPOSIT":null,"LOAN_EQUITY":null,"LOAN_ASSETS":null,"DEPOSIT_EQUITY":null,"DEPOSIT_ASSETS":null,"EQUITY_MULTIPLIER":1.28637369777,"EQUITY_RATIO":0.304433336065},{"SECUCODE":"01676.HK","SECURITY_CODE":"01676","SECURITY_NAME_ABBR":"高地股份","ORG_CODE":"10586815","STD_REPORT_DATE":"2022-06-30 00:00:00","REPORT_DATE":"2022-06-30 00:00:00","DATE_TYPE_CODE":"002","REPORT_TYPE":"2022年中报","PER_NETCASH_OPERATE":-0.911908333333,"PER_OI":1.014475,"BPS":1.746187214863,"BASIC_EPS":-0.356,"DILUTED_EPS":-0.356,"OPERATE_INCOME":121737000,"OPERATE_INCOME_YOY":130.5930710511,"GROSS_PROFIT":3705000,"GROSS_PROFIT_YOY":-63.244047619048,"HOLDER_PROFIT":-40297000,"HOLDER_PROFIT_YOY":-28.240460809,"GROSS_PROFIT_RATIO":3.04344611745,"EPS_TTM":-0.886,"OPERATE_INCOME_QOQ":79.698518021871,"NET_PROFIT_RATIO":-33.1016864224,"ROE_AVG":-11.709801950132,"GROSS_PROFIT_QOQ":-64.270591793528,"ROA":-9.861621121592,"HOLDER_PROFIT_QOQ":-9.106582107013,"ROE_YEARLY":-23.419603900265,"ROIC_YEARLY":-28.972357378705,"TOTAL_ASSETS":411269000,"TOTAL_LIABILITIES":82418000,"TAX_EBT":2.049100631988,"OCF_SALES":-89.889680212261,"TOTAL_PARENT_EQUITY":329060000,"DEBT_ASSET_RATIO":20.0399252071,"OPERATE_PROFIT":-40629000,"PRETAX_PROFIT":-41140000,"NETCASH_OPERATE":-109429000,"NETCASH_INVEST":244000,"NETCASH_FINANCE":17697000,"END_CASH":84914000,"DIVI_RATIO":null,"DIVIDEND_RATE":null,"CURRENT_RATIO":6.618957730577,"COMMON_ACS":1000000000,"CURRENTDEBT_DEBT":68.776238200393,"ISSUED_COMMON_SHARES":188444857,"HK_COMMON_SHARES":188444857,"PER_SHARES":4000,"TOTAL_MARKET_CAP":73493494.23,"HKSK_MARKET_CAP":73493494.23,"PE_TTM":-0.839174316771,"PB_TTM":0.37559939476,"REPORT_DATE_SQ":"2021-06-30 00:00:00","REPORT_TYPE_SQ":"2021年中报","OPERATE_INCOME_SQ":52793000,"DPS_HKD":null,"OPERATE_INCOME_QOQ_SQ":-9.844024631571,"NET_PROFIT_RATIO_SQ":-59.5211486371,"HOLDER_PROFIT_SQ":-31423000,"HOLDER_PROFIT_QOQ_SQ":-51.030847930553,"ROE_AVG_SQ":-7.287455965194,"PE_TTM_SQ":-2.44779260261,"PB_TTM_SQ":1.18097808077,"ROA_SQ":-6.550825550367,"START_DATE":"2022-01-01 00:00:00","FISCAL_YEAR":"12-31","CURRENCY":"HKD","IS_CNY_CODE":0,"DPS_HKD_LY":null,"ORG_TYPE":"一般企业","PREMIUM_INCOME":null,"PREMIUM_INCOME_YOY":null,"NET_INTEREST_INCOME":null,"NET_INTEREST_INCOME_YOY":null,"FEE_COMMISSION_INCOME":null,"FEE_COMMISSION_INCOME_YOY":null,"ACCOUNTS_RECE_TDAYS":0.830892716371,"INVENTORY_TDAYS":1.52861490643,"CURRENT_ASSETS_TDAYS":0.328450787826,"TOTAL_ASSETS_TDAYS":0.297918994089,"PREMIUM_EXPENSE":null,"LOAN_DEPOSIT":null,"LOAN_EQUITY":null,"LOAN_ASSETS":null,"DEPOSIT_EQUITY":null,"DEPOSIT_ASSETS":null,"EQUITY_MULTIPLIER":1.250624142849,"EQUITY_RATIO":0.250464960797},{"SECUCODE":"01676.HK","SECURITY_CODE":"01676","SECURITY_NAME_ABBR":"高地股份","ORG_CODE":"10586815","STD_REPORT_DATE":"2021-12-31 00:00:00","REPORT_DATE":"2021-12-31 00:00:00","DATE_TYPE_CODE":"001","REPORT_TYPE":"2021年年报","PER_NETCASH_OPERATE":-0.495074074074,"PER_OI":0.800981481481,"BPS":1.906133209037,"BASIC_EPS":-0.9649,"DILUTED_EPS":-0.9649,"OPERATE_INCOME":86506000,"OPERATE_INCOME_YOY":-46.8368588601,"GROSS_PROFIT":9919000,"GROSS_PROFIT_YOY":-67.707383773929,"HOLDER_PROFIT":-97446000,"HOLDER_PROFIT_YOY":-202.1113005736,"GROSS_PROFIT_RATIO":11.466256675838,"EPS_TTM":-0.902277777778,"OPERATE_INCOME_QOQ":-41.032038173142,"NET_PROFIT_RATIO":-112.9031512265,"ROE_AVG":-24.191614387961,"GROSS_PROFIT_QOQ":-64.612914734213,"ROA":-21.516673070044,"HOLDER_PROFIT_QOQ":-100.032844093195,"ROE_YEARLY":-24.191614387961,"ROIC_YEARLY":-37.762449137764,"TOTAL_ASSETS":405980000,"TOTAL_LIABILITIES":46988000,"TAX_EBT":-1.398448936369,"OCF_SALES":-61.8084294731,"TOTAL_PARENT_EQUITY":359201000,"DEBT_ASSET_RATIO":11.573969161,"OPERATE_PROFIT":-94763000,"PRETAX_PROFIT":-96321000,"NETCASH_OPERATE":-53468000,"NETCASH_INVEST":2685000,"NETCASH_FINANCE":13844000,"END_CASH":176402000,"DIVI_RATIO":null,"DIVIDEND_RATE":null,"CURRENT_RATIO":11.739329805997,"COMMON_ACS":1000000000,"CURRENTDEBT_DEBT":66.368008853324,"ISSUED_COMMON_SHARES":188444857,"HK_COMMON_SHARES":188444857,"PER_SHARES":4000,"TOTAL_MARKET_CAP":73493494.23,"HKSK_MARKET_CAP":73493494.23,"PE_TTM":-0.839174316771,"PB_TTM":0.37559939476,"REPORT_DATE_SQ":"2020-12-31 00:00:00","REPORT_TYPE_SQ":"2020年年报","OPERATE_INCOME_SQ":162718000,"DPS_HKD":null,"OPERATE_INCOME_QOQ_SQ":-51.285536368644,"NET_PROFIT_RATIO_SQ":-19.822637938,"HOLDER_PROFIT_SQ":-32255000,"HOLDER_PROFIT_QOQ_SQ":-144.98708795382,"ROE_AVG_SQ":-6.979728384589,"PE_TTM_SQ":-2.44779260261,"PB_TTM_SQ":1.18097808077,"ROA_SQ":-6.395766163413,"START_DATE":"2021-01-01 00:00:00","FISCAL_YEAR":"12-31","CURRENCY":"HKD","IS_CNY_CODE":0,"DPS_HKD_LY":null,"ORG_TYPE":"一般企业","PREMIUM_INCOME":null,"PREMIUM_INCOME_YOY":null,"NET_INTEREST_INCOME":null,"NET_INTEREST_INCOME_YOY":null,"FEE_COMMISSION_INCOME":null,"FEE_COMMISSION_INCOME_YOY":null,"ACCOUNTS_RECE_TDAYS":0.694534433271,"INVENTORY_TDAYS":1.116518088185,"CURRENT_ASSETS_TDAYS":0.215532996062,"TOTAL_ASSETS_TDAYS":0.191010541284,"PREMIUM_EXPENSE":null,"LOAN_DEPOSIT":null,"LOAN_EQUITY":null,"LOAN_ASSETS":null,"DEPOSIT_EQUITY":null,"DEPOSIT_ASSETS":null,"EQUITY_MULTIPLIER":1.130888710611,"EQUITY_RATIO":0.130812553417},{"SECUCODE":"01676.HK","SECURITY_CODE":"01676","SECURITY_NAME_ABBR":"高地股份","ORG_CODE":"10586815","STD_REPORT_DATE":"2021-06-30 00:00:00","REPORT_DATE":"2021-06-30 00:00:00","DATE_TYPE_CODE":"002","REPORT_TYPE":"2021年中报","PER_NETCASH_OPERATE":-0.16356,"PER_OI":0.52793,"BPS":2.207377832551,"BASIC_EPS":-0.314,"DILUTED_EPS":-0.314,"OPERATE_INCOME":52793000,"OPERATE_INCOME_YOY":-23.2782549302,"GROSS_PROFIT":10080000,"GROSS_PROFIT_YOY":-21.040263199123,"HOLDER_PROFIT":-31423000,"HOLDER_PROFIT_YOY":-110.0046782062,"GROSS_PROFIT_RATIO":19.093440418237,"EPS_TTM":-0.48715,"OPERATE_INCOME_QOQ":-9.844024631571,"NET_PROFIT_RATIO":-59.5211486371,"ROE_AVG":-7.287455965194,"GROSS_PROFIT_QOQ":-8.744628206798,"ROA":-6.550825550367,"HOLDER_PROFIT_QOQ":-51.030847930553,"ROE_YEARLY":-14.574911930389,"ROIC_YEARLY":-22.997641539641,"TOTAL_ASSETS":459568000,"TOTAL_LIABILITIES":43599000,"TAX_EBT":-0.277635945877,"OCF_SALES":-30.981380107211,"TOTAL_PARENT_EQUITY":415969000,"DEBT_ASSET_RATIO":9.4869529645,"OPERATE_PROFIT":-30665000,"PRETAX_PROFIT":-31336000,"NETCASH_OPERATE":-16356000,"NETCASH_INVEST":335000,"NETCASH_FINANCE":1880000,"END_CASH":199338000,"DIVI_RATIO":null,"DIVIDEND_RATE":null,"CURRENT_RATIO":11.503855039385,"COMMON_ACS":1000000000,"CURRENTDEBT_DEBT":82.403266129957,"ISSUED_COMMON_SHARES":188444857,"HK_COMMON_SHARES":188444857,"PER_SHARES":4000,"TOTAL_MARKET_CAP":73493494.23,"HKSK_MARKET_CAP":73493494.23,"PE_TTM":-0.839174316771,"PB_TTM":0.37559939476,"REPORT_DATE_SQ":"2020-06-30 00:00:00","REPORT_TYPE_SQ":"2020年中报","OPERATE_INCOME_SQ":68811000,"DPS_HKD":null,"OPERATE_INCOME_QOQ_SQ":-29.365092791528,"NET_PROFIT_RATIO_SQ":-11.0729588325,"HOLDER_PROFIT_SQ":-14963000,"HOLDER_PROFIT_QOQ_SQ":-142.69130998703,"ROE_AVG_SQ":-3.179716794188,"PE_TTM_SQ":-2.44779260261,"PB_TTM_SQ":1.18097808077,"ROA_SQ":-2.997155676628,"START_DATE":"2021-01-01 00:00:00","FISCAL_YEAR":"12-31","CURRENCY":"HKD","IS_CNY_CODE":0,"DPS_HKD_LY":null,"ORG_TYPE":"一般企业","PREMIUM_INCOME":null,"PREMIUM_INCOME_YOY":null,"NET_INTEREST_INCOME":null,"NET_INTEREST_INCOME_YOY":null,"FEE_COMMISSION_INCOME":null,"FEE_COMMISSION_INCOME_YOY":null,"ACCOUNTS_RECE_TDAYS":0.416227126154,"INVENTORY_TDAYS":0.583371461741,"CURRENT_ASSETS_TDAYS":0.124229784981,"TOTAL_ASSETS_TDAYS":0.110058789193,"PREMIUM_EXPENSE":null,"LOAN_DEPOSIT":null,"LOAN_EQUITY":null,"LOAN_ASSETS":null,"DEPOSIT_EQUITY":null,"DEPOSIT_ASSETS":null,"EQUITY_MULTIPLIER":1.104813099053,"EQUITY_RATIO":0.104813099053},{"SECUCODE":"01676.HK","SECURITY_CODE":"01676","SECURITY_NAME_ABBR":"高地股份","ORG_CODE":"10586815","STD_REPORT_DATE":"2020-12-31 00:00:00","REPORT_DATE":"2020-12-31 00:00:00","DATE_TYPE_CODE":"001","REPORT_TYPE":"2020年年报","PER_NETCASH_OPERATE":-0.32652,"PER_OI":1.62718,"BPS":2.368952950518,"BASIC_EPS":-0.3226,"DILUTED_EPS":-0.3226,"OPERATE_INCOME":162718000,"OPERATE_INCOME_YOY":-65.5905838169,"GROSS_PROFIT":30716000,"GROSS_PROFIT_YOY":-70.399637656718,"HOLDER_PROFIT":-32255000,"HOLDER_PROFIT_YOY":-204.5881971466,"GROSS_PROFIT_RATIO":18.876829852874,"EPS_TTM":-0.32255,"OPERATE_INCOME_QOQ":-51.285536368644,"NET_PROFIT_RATIO":-19.822637938,"ROE_AVG":-6.979728384589,"GROSS_PROFIT_QOQ":-37.746250506688,"ROA":-6.395766163413,"HOLDER_PROFIT_QOQ":-144.98708795382,"ROE_YEARLY":-6.979728384589,"ROIC_YEARLY":-11.674348826141,"TOTAL_ASSETS":499792000,"TOTAL_LIABILITIES":53375000,"TAX_EBT":-6.311799604483,"OCF_SALES":-20.066618321268,"TOTAL_PARENT_EQUITY":446417000,"DEBT_ASSET_RATIO":10.6794426481,"OPERATE_PROFIT":-26538000,"PRETAX_PROFIT":-30340000,"NETCASH_OPERATE":-32652000,"NETCASH_INVEST":-6342000,"NETCASH_FINANCE":9516000,"END_CASH":213479000,"DIVI_RATIO":null,"DIVIDEND_RATE":null,"CURRENT_RATIO":9.724193225095,"COMMON_ACS":1000000000,"CURRENTDEBT_DEBT":84.123653395785,"ISSUED_COMMON_SHARES":188444857,"HK_COMMON_SHARES":188444857,"PER_SHARES":4000,"TOTAL_MARKET_CAP":73493494.23,"HKSK_MARKET_CAP":73493494.23,"PE_TTM":-0.839174316771,"PB_TTM":0.37559939476,"REPORT_DATE_SQ":"2019-12-31 00:00:00","REPORT_TYPE_SQ":"2019年年报","OPERATE_INCOME_SQ":472888000,"DPS_HKD":null,"OPERATE_INCOME_QOQ_SQ":-23.41869933182,"NET_PROFIT_RATIO_SQ":6.5216288001,"HOLDER_PROFIT_SQ":30840000,"HOLDER_PROFIT_QOQ_SQ":-52.885100142078,"ROE_AVG_SQ":6.669297766629,"PE_TTM_SQ":-2.44779260261,"PB_TTM_SQ":1.18097808077,"ROA_SQ":6.095180874097,"START_DATE":"2020-01-01 00:00:00","FISCAL_YEAR":"12-31","CURRENCY":"HKD","IS_CNY_CODE":0,"DPS_HKD_LY":null,"ORG_TYPE":"一般企业","PREMIUM_INCOME":null,"PREMIUM_INCOME_YOY":null,"NET_INTEREST_INCOME":null,"NET_INTEREST_INCOME_YOY":null,"FEE_COMMISSION_INCOME":null,"FEE_COMMISSION_INCOME_YOY":null,"ACCOUNTS_RECE_TDAYS":1.380369867662,"INVENTORY_TDAYS":1.708122517113,"CURRENT_ASSETS_TDAYS":0.374561199568,"TOTAL_ASSETS_TDAYS":0.322649598071,"PREMIUM_EXPENSE":null,"LOAN_DEPOSIT":null,"LOAN_EQUITY":null,"LOAN_ASSETS":null,"DEPOSIT_EQUITY":null,"DEPOSIT_ASSETS":null,"EQUITY_MULTIPLIER":1.119563099075,"EQUITY_RATIO":0.119563099076},{"SECUCODE":"01676.HK","SECURITY_CODE":"01676","SECURITY_NAME_ABBR":"高地股份","ORG_CODE":"10586815","STD_REPORT_DATE":"2020-06-30 00:00:00","REPORT_DATE":"2020-06-30 00:00:00","DATE_TYPE_CODE":"002","REPORT_TYPE":"2020年中报","PER_NETCASH_OPERATE":0.1889,"PER_OI":0.68811,"BPS":2.458660890915,"BASIC_EPS":-0.15,"DILUTED_EPS":-0.15,"OPERATE_INCOME":68811000,"OPERATE_INCOME_YOY":-50.6812168105,"GROSS_PROFIT":12766000,"GROSS_PROFIT_YOY":-81.001562616266,"HOLDER_PROFIT":-14963000,"HOLDER_PROFIT_YOY":-151.5201597631,"GROSS_PROFIT_RATIO":9.44712908215,"EPS_TTM":-0.13166,"OPERATE_INCOME_QOQ":-29.365092791528,"NET_PROFIT_RATIO":-11.0729588325,"ROE_AVG":-3.179716794188,"GROSS_PROFIT_QOQ":-52.452081064673,"ROA":-2.997155676628,"HOLDER_PROFIT_QOQ":-142.69130998703,"ROE_YEARLY":-6.359433588375,"ROIC_YEARLY":-12.108779127873,"TOTAL_ASSETS":489636000,"TOTAL_LIABILITIES":26314000,"TAX_EBT":-3.022583310383,"OCF_SALES":13.979027758249,"TOTAL_PARENT_EQUITY":463322000,"DEBT_ASSET_RATIO":5.3741963418,"OPERATE_PROFIT":-14454000,"PRETAX_PROFIT":-14524000,"NETCASH_OPERATE":18890000,"NETCASH_INVEST":510000,"NETCASH_FINANCE":-342000,"END_CASH":261616000,"DIVI_RATIO":null,"DIVIDEND_RATE":null,"CURRENT_RATIO":20.547406608491,"COMMON_ACS":1000000000,"CURRENTDEBT_DEBT":77.517671201642,"ISSUED_COMMON_SHARES":188444857,"HK_COMMON_SHARES":188444857,"PER_SHARES":4000,"TOTAL_MARKET_CAP":73493494.23,"HKSK_MARKET_CAP":73493494.23,"PE_TTM":-0.839174316771,"PB_TTM":0.37559939476,"REPORT_DATE_SQ":"2019-06-30 00:00:00","REPORT_TYPE_SQ":"2019年中报","OPERATE_INCOME_SQ":273995000,"DPS_HKD":null,"OPERATE_INCOME_QOQ_SQ":-7.554367190752,"NET_PROFIT_RATIO_SQ":10.599828464,"HOLDER_PROFIT_SQ":29043000,"HOLDER_PROFIT_QOQ_SQ":-14.338995472034,"ROE_AVG_SQ":6.292963074913,"PE_TTM_SQ":-2.44779260261,"PB_TTM_SQ":1.18097808077,"ROA_SQ":5.699164640572,"START_DATE":"2020-01-01 00:00:00","FISCAL_YEAR":"12-31","CURRENCY":"HKD","IS_CNY_CODE":0,"DPS_HKD_LY":null,"ORG_TYPE":"一般企业","PREMIUM_INCOME":null,"PREMIUM_INCOME_YOY":null,"NET_INTEREST_INCOME":null,"NET_INTEREST_INCOME_YOY":null,"FEE_COMMISSION_INCOME":null,"FEE_COMMISSION_INCOME_YOY":null,"ACCOUNTS_RECE_TDAYS":0.768837988827,"INVENTORY_TDAYS":1.615155654992,"CURRENT_ASSETS_TDAYS":0.317452598591,"TOTAL_ASSETS_TDAYS":0.270673423604,"PREMIUM_EXPENSE":null,"LOAN_DEPOSIT":null,"LOAN_EQUITY":null,"LOAN_ASSETS":null,"DEPOSIT_EQUITY":null,"DEPOSIT_ASSETS":null,"EQUITY_MULTIPLIER":1.056794194966,"EQUITY_RATIO":0.056794194966},{"SECUCODE":"01676.HK","SECURITY_CODE":"01676","SECURITY_NAME_ABBR":"高地股份","ORG_CODE":"10586815","STD_REPORT_DATE":"2019-12-31 00:00:00","REPORT_DATE":"2019-12-31 00:00:00","DATE_TYPE_CODE":"001","REPORT_TYPE":"2019年年报","PER_NETCASH_OPERATE":0.005634,"PER_OI":0.472888,"BPS":2.535654236507,"BASIC_EPS":0.3084,"DILUTED_EPS":0.3084,"OPERATE_INCOME":472888000,"OPERATE_INCOME_YOY":-29.2039319837,"GROSS_PROFIT":103769000,"GROSS_PROFIT_YOY":-38.632358333235,"HOLDER_PROFIT":30840000,"HOLDER_PROFIT_YOY":-59.6409034994,"GROSS_PROFIT_RATIO":21.943673766304,"EPS_TTM":0.03084,"OPERATE_INCOME_QOQ":-23.41869933182,"NET_PROFIT_RATIO":6.5216288001,"ROE_AVG":6.669297766629,"GROSS_PROFIT_QOQ":-32.151847420281,"ROA":6.095180874097,"HOLDER_PROFIT_QOQ":-52.885100142078,"ROE_YEARLY":6.669297766629,"ROIC_YEARLY":11.526472764784,"TOTAL_ASSETS":508844000,"TOTAL_LIABILITIES":31013000,"TAX_EBT":32.998761650264,"OCF_SALES":1.191402615418,"TOTAL_PARENT_EQUITY":477831000,"DEBT_ASSET_RATIO":6.0947952614,"OPERATE_PROFIT":46948000,"PRETAX_PROFIT":46029000,"NETCASH_OPERATE":5634000,"NETCASH_INVEST":4184000,"NETCASH_FINANCE":-1480000,"END_CASH":242578000,"DIVI_RATIO":null,"DIVIDEND_RATE":null,"CURRENT_RATIO":15.46404293381,"COMMON_ACS":1000000000,"CURRENTDEBT_DEBT":90.123496598201,"ISSUED_COMMON_SHARES":188444857,"HK_COMMON_SHARES":188444857,"PER_SHARES":4000,"TOTAL_MARKET_CAP":73493494.23,"HKSK_MARKET_CAP":73493494.23,"PE_TTM":-0.839174316771,"PB_TTM":0.37559939476,"REPORT_DATE_SQ":"2018-12-31 00:00:00","REPORT_TYPE_SQ":"2018年年报","OPERATE_INCOME_SQ":667958000,"DPS_HKD":null,"OPERATE_INCOME_QOQ_SQ":1.126847989826,"NET_PROFIT_RATIO_SQ":11.4399408346,"HOLDER_PROFIT_SQ":76414000,"HOLDER_PROFIT_QOQ_SQ":11.65760710737,"ROE_AVG_SQ":18.683563554655,"PE_TTM_SQ":-2.44779260261,"PB_TTM_SQ":1.18097808077,"ROA_SQ":16.120059785183,"START_DATE":"2019-01-01 00:00:00","FISCAL_YEAR":"12-31","CURRENCY":"HKD","IS_CNY_CODE":0,"DPS_HKD_LY":null,"ORG_TYPE":"一般企业","PREMIUM_INCOME":null,"PREMIUM_INCOME_YOY":null,"NET_INTEREST_INCOME":null,"NET_INTEREST_INCOME_YOY":null,"FEE_COMMISSION_INCOME":null,"FEE_COMMISSION_INCOME_YOY":null,"ACCOUNTS_RECE_TDAYS":4.456582791443,"INVENTORY_TDAYS":4.940955211094,"CURRENT_ASSETS_TDAYS":1.100463793613,"TOTAL_ASSETS_TDAYS":0.9346102118,"PREMIUM_EXPENSE":null,"LOAN_DEPOSIT":null,"LOAN_EQUITY":null,"LOAN_ASSETS":null,"DEPOSIT_EQUITY":null,"DEPOSIT_ASSETS":null,"EQUITY_MULTIPLIER":1.064903700262,"EQUITY_RATIO":0.064903700262}],"count":19},"success":true,"message":"ok","code":0}