{"version":"d427fded4f3dc79d7e550306757f8aa1","result":{"pages":3,"data":[{"SECUCODE":"01671.HK","SECURITY_CODE":"01671","SECURITY_NAME_ABBR":"天保能源","ORG_CODE":"10668401","STD_REPORT_DATE":"2024-06-30 00:00:00","REPORT_DATE":"2024-06-30 00:00:00","DATE_TYPE_CODE":"002","REPORT_TYPE":"2024年中报","PER_NETCASH_OPERATE":0.25460085716,"PER_OI":2.537679454257,"BPS":1.960981874621,"BASIC_EPS":0.0112,"DILUTED_EPS":0.0112,"OPERATE_INCOME":405828000,"OPERATE_INCOME_YOY":5.8492130975,"GROSS_PROFIT":26900000,"GROSS_PROFIT_YOY":46.275149537792,"HOLDER_PROFIT":1787000,"HOLDER_PROFIT_YOY":153.8352272727,"GROSS_PROFIT_RATIO":6.628423864297,"EPS_TTM":0.008385395163,"OPERATE_INCOME_QOQ":2.856804368901,"NET_PROFIT_RATIO":1.2256423904,"ROE_AVG":0.57145872274,"GROSS_PROFIT_QOQ":20.410610639421,"ROA":0.165053157369,"HOLDER_PROFIT_QOQ":419.767441860465,"ROE_YEARLY":1.14291744548,"ROIC_YEARLY":0.449859654864,"TOTAL_ASSETS":1076270000,"TOTAL_LIABILITIES":611699000,"TAX_EBT":30.130636325327,"OCF_SALES":10.03282178657,"TOTAL_PARENT_EQUITY":313602000,"DEBT_ASSET_RATIO":56.8350878497,"OPERATE_PROFIT":15430000,"PRETAX_PROFIT":7119000,"NETCASH_OPERATE":40716000,"NETCASH_INVEST":-39932000,"NETCASH_FINANCE":-10920000,"END_CASH":134171000,"DIVI_RATIO":null,"DIVIDEND_RATE":null,"CURRENT_RATIO":0.850215727135,"COMMON_ACS":null,"CURRENTDEBT_DEBT":61.268532399105,"ISSUED_COMMON_SHARES":159920907,"HK_COMMON_SHARES":159920907,"PER_SHARES":2000,"TOTAL_MARKET_CAP":64767967.335,"HKSK_MARKET_CAP":64767967.335,"PE_TTM":43.788917391966,"PB_TTM":0.188495061981,"REPORT_DATE_SQ":"2023-06-30 00:00:00","REPORT_TYPE_SQ":"2023年中报","OPERATE_INCOME_SQ":383402000,"DPS_HKD":null,"OPERATE_INCOME_QOQ_SQ":8.333029705967,"NET_PROFIT_RATIO_SQ":0.5385991727,"HOLDER_PROFIT_SQ":704000,"HOLDER_PROFIT_QOQ_SQ":124.996829422955,"ROE_AVG_SQ":0.22432670125,"PE_TTM_SQ":3.625179326173,"PB_TTM_SQ":0.217203505415,"ROA_SQ":0.066082779006,"START_DATE":"2024-01-01 00:00:00","FISCAL_YEAR":"12-31","CURRENCY":"HKD","IS_CNY_CODE":0,"DPS_HKD_LY":null,"ORG_TYPE":"一般企业","PREMIUM_INCOME":null,"PREMIUM_INCOME_YOY":null,"NET_INTEREST_INCOME":null,"NET_INTEREST_INCOME_YOY":null,"FEE_COMMISSION_INCOME":null,"FEE_COMMISSION_INCOME_YOY":null,"ACCOUNTS_RECE_TDAYS":3.687903819416,"INVENTORY_TDAYS":113.214221691067,"CURRENT_ASSETS_TDAYS":1.211962299762,"TOTAL_ASSETS_TDAYS":0.374835997475,"PREMIUM_EXPENSE":null,"LOAN_DEPOSIT":null,"LOAN_EQUITY":null,"LOAN_ASSETS":null,"DEPOSIT_EQUITY":null,"DEPOSIT_ASSETS":null,"EQUITY_MULTIPLIER":2.316696479117,"EQUITY_RATIO":1.950558351031},{"SECUCODE":"01671.HK","SECURITY_CODE":"01671","SECURITY_NAME_ABBR":"天保能源","ORG_CODE":"10668401","STD_REPORT_DATE":"2023-12-31 00:00:00","REPORT_DATE":"2023-12-31 00:00:00","DATE_TYPE_CODE":"001","REPORT_TYPE":"2023年年报","PER_NETCASH_OPERATE":-0.221015504871,"PER_OI":4.908695271469,"BPS":1.949807600829,"BASIC_EPS":0.0016,"DILUTED_EPS":0.0016,"OPERATE_INCOME":785003000,"OPERATE_INCOME_YOY":10.0069507311,"GROSS_PROFIT":41694000,"GROSS_PROFIT_YOY":20.76816127911,"HOLDER_PROFIT":258000,"HOLDER_PROFIT_YOY":-96.7279644895,"GROSS_PROFIT_RATIO":5.31131728159,"EPS_TTM":0.001613297503,"OPERATE_INCOME_QOQ":1.54516219999,"NET_PROFIT_RATIO":0.3401260887,"ROE_AVG":0.082269096475,"GROSS_PROFIT_QOQ":-5.266745433064,"ROA":0.023960982605,"HOLDER_PROFIT_QOQ":-98.545741502734,"ROE_YEARLY":0.082269096475,"ROIC_YEARLY":0.033101494571,"TOTAL_ASSETS":1089093000,"TOTAL_LIABILITIES":630302000,"TAX_EBT":20.818505338078,"OCF_SALES":-4.502530563577,"TOTAL_PARENT_EQUITY":311815000,"DEBT_ASSET_RATIO":57.8740291233,"OPERATE_PROFIT":16096000,"PRETAX_PROFIT":3372000,"NETCASH_OPERATE":-35345000,"NETCASH_INVEST":-74276000,"NETCASH_FINANCE":100455000,"END_CASH":144307000,"DIVI_RATIO":null,"DIVIDEND_RATE":null,"CURRENT_RATIO":0.895223499231,"COMMON_ACS":null,"CURRENTDEBT_DEBT":62.216048814695,"ISSUED_COMMON_SHARES":159920907,"HK_COMMON_SHARES":159920907,"PER_SHARES":2000,"TOTAL_MARKET_CAP":67166780.94,"HKSK_MARKET_CAP":67166780.94,"PE_TTM":45.410729147224,"PB_TTM":0.195476360573,"REPORT_DATE_SQ":"2022-12-31 00:00:00","REPORT_TYPE_SQ":"2022年年报","OPERATE_INCOME_SQ":713594000,"DPS_HKD":null,"OPERATE_INCOME_QOQ_SQ":8.19292343194,"NET_PROFIT_RATIO_SQ":2.4257490954,"HOLDER_PROFIT_SQ":7885000,"HOLDER_PROFIT_QOQ_SQ":180.336220071319,"ROE_AVG_SQ":2.533284498933,"PE_TTM_SQ":3.388754587509,"PB_TTM_SQ":0.20303805941,"ROA_SQ":0.813742285702,"START_DATE":"2023-01-01 00:00:00","FISCAL_YEAR":"12-31","CURRENCY":"HKD","IS_CNY_CODE":0,"DPS_HKD_LY":0.026433,"ORG_TYPE":"一般企业","PREMIUM_INCOME":null,"PREMIUM_INCOME_YOY":null,"NET_INTEREST_INCOME":null,"NET_INTEREST_INCOME_YOY":null,"FEE_COMMISSION_INCOME":null,"FEE_COMMISSION_INCOME_YOY":null,"ACCOUNTS_RECE_TDAYS":7.430960956839,"INVENTORY_TDAYS":105.621172291297,"CURRENT_ASSETS_TDAYS":2.333974058795,"TOTAL_ASSETS_TDAYS":0.729048187115,"PREMIUM_EXPENSE":null,"LOAN_DEPOSIT":null,"LOAN_EQUITY":null,"LOAN_ASSETS":null,"DEPOSIT_EQUITY":null,"DEPOSIT_ASSETS":null,"EQUITY_MULTIPLIER":2.373832529408,"EQUITY_RATIO":2.021397302888},{"SECUCODE":"01671.HK","SECURITY_CODE":"01671","SECURITY_NAME_ABBR":"天保能源","ORG_CODE":"10668401","STD_REPORT_DATE":"2023-06-30 00:00:00","REPORT_DATE":"2023-06-30 00:00:00","DATE_TYPE_CODE":"002","REPORT_TYPE":"2023年中报","PER_NETCASH_OPERATE":-0.40575682828,"PER_OI":2.397447633285,"BPS":1.952596479458,"BASIC_EPS":0.0044,"DILUTED_EPS":0.0044,"OPERATE_INCOME":383402000,"OPERATE_INCOME_YOY":18.3565991023,"GROSS_PROFIT":18390000,"GROSS_PROFIT_YOY":106.582790384183,"HOLDER_PROFIT":704000,"HOLDER_PROFIT_YOY":107.6923076923,"GROSS_PROFIT_RATIO":4.796532099467,"EPS_TTM":0.110936089176,"OPERATE_INCOME_QOQ":8.333029705967,"NET_PROFIT_RATIO":0.5385991727,"ROE_AVG":0.22432670125,"GROSS_PROFIT_QOQ":27.482331131966,"ROA":0.066082779006,"HOLDER_PROFIT_QOQ":124.996829422955,"ROE_YEARLY":0.448653402501,"ROIC_YEARLY":0.181308018888,"TOTAL_ASSETS":1066253000,"TOTAL_LIABILITIES":602569000,"TAX_EBT":20.972062763108,"OCF_SALES":-16.924533518344,"TOTAL_PARENT_EQUITY":312261000,"DEBT_ASSET_RATIO":56.5127601048,"OPERATE_PROFIT":8410000,"PRETAX_PROFIT":2613000,"NETCASH_OPERATE":-64889000,"NETCASH_INVEST":-52184000,"NETCASH_FINANCE":86463000,"END_CASH":122704000,"DIVI_RATIO":null,"DIVIDEND_RATE":null,"CURRENT_RATIO":0.841737376454,"COMMON_ACS":null,"CURRENTDEBT_DEBT":61.706626129124,"ISSUED_COMMON_SHARES":159920907,"HK_COMMON_SHARES":159920907,"PER_SHARES":2000,"TOTAL_MARKET_CAP":67166780.94,"HKSK_MARKET_CAP":67166780.94,"PE_TTM":45.410729147224,"PB_TTM":0.195476360573,"REPORT_DATE_SQ":"2022-06-30 00:00:00","REPORT_TYPE_SQ":"2022年中报","OPERATE_INCOME_SQ":323938000,"DPS_HKD":null,"OPERATE_INCOME_QOQ_SQ":6.833687525107,"NET_PROFIT_RATIO_SQ":-1.9500645185,"HOLDER_PROFIT_SQ":-9152000,"HOLDER_PROFIT_QOQ_SQ":-2377.26218097448,"ROE_AVG_SQ":-3.025044539418,"PE_TTM_SQ":3.388754587509,"PB_TTM_SQ":0.20303805941,"ROA_SQ":-1.074787071317,"START_DATE":"2023-01-01 00:00:00","FISCAL_YEAR":"12-31","CURRENCY":"HKD","IS_CNY_CODE":0,"DPS_HKD_LY":0.026433,"ORG_TYPE":"一般企业","PREMIUM_INCOME":null,"PREMIUM_INCOME_YOY":null,"NET_INTEREST_INCOME":null,"NET_INTEREST_INCOME_YOY":null,"FEE_COMMISSION_INCOME":null,"FEE_COMMISSION_INCOME_YOY":null,"ACCOUNTS_RECE_TDAYS":3.795815120809,"INVENTORY_TDAYS":47.31198963059,"CURRENT_ASSETS_TDAYS":1.208339833563,"TOTAL_ASSETS_TDAYS":0.3598901937,"PREMIUM_EXPENSE":null,"LOAN_DEPOSIT":null,"LOAN_EQUITY":null,"LOAN_ASSETS":null,"DEPOSIT_EQUITY":null,"DEPOSIT_ASSETS":null,"EQUITY_MULTIPLIER":2.299525107618,"EQUITY_RATIO":1.929696631984},{"SECUCODE":"01671.HK","SECURITY_CODE":"01671","SECURITY_NAME_ABBR":"天保能源","ORG_CODE":"10668401","STD_REPORT_DATE":"2022-12-31 00:00:00","REPORT_DATE":"2022-12-31 00:00:00","DATE_TYPE_CODE":"001","REPORT_TYPE":"2022年年报","PER_NETCASH_OPERATE":0.231057969175,"PER_OI":4.462168289228,"BPS":1.972193666961,"BASIC_EPS":0.0493,"DILUTED_EPS":0.0493,"OPERATE_INCOME":713594000,"OPERATE_INCOME_YOY":15.5864897436,"GROSS_PROFIT":34524000,"GROSS_PROFIT_YOY":462.463343108504,"HOLDER_PROFIT":7885000,"HOLDER_PROFIT_YOY":1729.4663573086,"GROSS_PROFIT_RATIO":4.838045162936,"EPS_TTM":0.04930562331,"OPERATE_INCOME_QOQ":8.19292343194,"NET_PROFIT_RATIO":2.4257490954,"ROE_AVG":2.533284498933,"GROSS_PROFIT_QOQ":717.713365539453,"ROA":0.813742285702,"HOLDER_PROFIT_QOQ":180.336220071319,"ROE_YEARLY":2.533284498933,"ROIC_YEARLY":1.173942205121,"TOTAL_ASSETS":1064408000,"TOTAL_LIABILITIES":598951000,"TAX_EBT":25.009747433176,"OCF_SALES":5.178154524842,"TOTAL_PARENT_EQUITY":315395000,"DEBT_ASSET_RATIO":56.2708096895,"OPERATE_PROFIT":35292000,"PRETAX_PROFIT":23083000,"NETCASH_OPERATE":36951000,"NETCASH_INVEST":-123739000,"NETCASH_FINANCE":52783000,"END_CASH":153314000,"DIVI_RATIO":null,"DIVIDEND_RATE":null,"CURRENT_RATIO":0.734243335365,"COMMON_ACS":null,"CURRENTDEBT_DEBT":73.131357990887,"ISSUED_COMMON_SHARES":159920907,"HK_COMMON_SHARES":159920907,"PER_SHARES":2000,"TOTAL_MARKET_CAP":67166780.94,"HKSK_MARKET_CAP":67166780.94,"PE_TTM":45.410729147224,"PB_TTM":0.195476360573,"REPORT_DATE_SQ":"2021-12-31 00:00:00","REPORT_TYPE_SQ":"2021年年报","OPERATE_INCOME_SQ":617368000,"DPS_HKD":null,"OPERATE_INCOME_QOQ_SQ":9.826552576806,"NET_PROFIT_RATIO_SQ":1.0509129077,"HOLDER_PROFIT_SQ":431000,"HOLDER_PROFIT_QOQ_SQ":-95.900703823473,"ROE_AVG_SQ":0.138630007446,"PE_TTM_SQ":3.388754587509,"PB_TTM_SQ":0.20303805941,"ROA_SQ":0.051191752308,"START_DATE":"2022-01-01 00:00:00","FISCAL_YEAR":"12-31","CURRENCY":"HKD","IS_CNY_CODE":0,"DPS_HKD_LY":null,"ORG_TYPE":"一般企业","PREMIUM_INCOME":null,"PREMIUM_INCOME_YOY":null,"NET_INTEREST_INCOME":null,"NET_INTEREST_INCOME_YOY":null,"FEE_COMMISSION_INCOME":null,"FEE_COMMISSION_INCOME_YOY":null,"ACCOUNTS_RECE_TDAYS":9.310439757582,"INVENTORY_TDAYS":72.538588901351,"CURRENT_ASSETS_TDAYS":2.377030286072,"TOTAL_ASSETS_TDAYS":0.73643831658,"PREMIUM_EXPENSE":null,"LOAN_DEPOSIT":null,"LOAN_EQUITY":null,"LOAN_ASSETS":null,"DEPOSIT_EQUITY":null,"DEPOSIT_ASSETS":null,"EQUITY_MULTIPLIER":2.286802003192,"EQUITY_RATIO":1.899050397121},{"SECUCODE":"01671.HK","SECURITY_CODE":"01671","SECURITY_NAME_ABBR":"天保能源","ORG_CODE":"10668401","STD_REPORT_DATE":"2022-06-30 00:00:00","REPORT_DATE":"2022-06-30 00:00:00","DATE_TYPE_CODE":"002","REPORT_TYPE":"2022年中报","PER_NETCASH_OPERATE":0.122354233521,"PER_OI":2.025613824214,"BPS":1.863202289117,"BASIC_EPS":-0.0572,"DILUTED_EPS":-0.0572,"OPERATE_INCOME":323938000,"OPERATE_INCOME_YOY":14.9739661898,"GROSS_PROFIT":8902000,"GROSS_PROFIT_YOY":-56.847156915023,"HOLDER_PROFIT":-9152000,"HOLDER_PROFIT_YOY":-936.563071298,"GROSS_PROFIT_RATIO":2.748056726905,"EPS_TTM":-0.06137408913,"OPERATE_INCOME_QOQ":6.833687525107,"NET_PROFIT_RATIO":-1.9500645185,"ROE_AVG":-3.025044539418,"GROSS_PROFIT_QOQ":-191.055718475073,"ROA":-1.074787071317,"HOLDER_PROFIT_QOQ":-2377.26218097448,"ROE_YEARLY":-6.050089078836,"ROIC_YEARLY":-3.065981242975,"TOTAL_ASSETS":829483000,"TOTAL_LIABILITIES":423577000,"TAX_EBT":25.002968063635,"OCF_SALES":6.040353400959,"TOTAL_PARENT_EQUITY":297965000,"DEBT_ASSET_RATIO":51.0651815649,"OPERATE_PROFIT":-1702000,"PRETAX_PROFIT":-8423000,"NETCASH_OPERATE":19567000,"NETCASH_INVEST":-30580000,"NETCASH_FINANCE":-65879000,"END_CASH":109841000,"DIVI_RATIO":null,"DIVIDEND_RATE":null,"CURRENT_RATIO":0.728210724053,"COMMON_ACS":null,"CURRENTDEBT_DEBT":68.36820696119,"ISSUED_COMMON_SHARES":159920907,"HK_COMMON_SHARES":159920907,"PER_SHARES":2000,"TOTAL_MARKET_CAP":67166780.94,"HKSK_MARKET_CAP":67166780.94,"PE_TTM":45.410729147224,"PB_TTM":0.195476360573,"REPORT_DATE_SQ":"2021-06-30 00:00:00","REPORT_TYPE_SQ":"2021年中报","OPERATE_INCOME_SQ":281749000,"DPS_HKD":null,"OPERATE_INCOME_QOQ_SQ":16.607062845384,"NET_PROFIT_RATIO_SQ":1.2578571707,"HOLDER_PROFIT_SQ":1094000,"HOLDER_PROFIT_QOQ_SQ":-39.954311821816,"ROE_AVG_SQ":0.351507401255,"PE_TTM_SQ":3.388754587509,"PB_TTM_SQ":0.20303805941,"ROA_SQ":0.136085392962,"START_DATE":"2022-01-01 00:00:00","FISCAL_YEAR":"12-31","CURRENCY":"HKD","IS_CNY_CODE":0,"DPS_HKD_LY":null,"ORG_TYPE":"一般企业","PREMIUM_INCOME":null,"PREMIUM_INCOME_YOY":null,"NET_INTEREST_INCOME":null,"NET_INTEREST_INCOME_YOY":null,"FEE_COMMISSION_INCOME":null,"FEE_COMMISSION_INCOME_YOY":null,"ACCOUNTS_RECE_TDAYS":5.365699330816,"INVENTORY_TDAYS":32.225450081833,"CURRENT_ASSETS_TDAYS":1.323065361319,"TOTAL_ASSETS_TDAYS":0.38042436004,"PREMIUM_EXPENSE":null,"LOAN_DEPOSIT":null,"LOAN_EQUITY":null,"LOAN_ASSETS":null,"DEPOSIT_EQUITY":null,"DEPOSIT_ASSETS":null,"EQUITY_MULTIPLIER":2.043534710007,"EQUITY_RATIO":1.421566291343},{"SECUCODE":"01671.HK","SECURITY_CODE":"01671","SECURITY_NAME_ABBR":"天保能源","ORG_CODE":"10668401","STD_REPORT_DATE":"2021-12-31 00:00:00","REPORT_DATE":"2021-12-31 00:00:00","DATE_TYPE_CODE":"001","REPORT_TYPE":"2021年年报","PER_NETCASH_OPERATE":0.451804591128,"PER_OI":3.860458345199,"BPS":1.920430578849,"BASIC_EPS":0.0027,"DILUTED_EPS":0.0027,"OPERATE_INCOME":617368000,"OPERATE_INCOME_YOY":28.0655171842,"GROSS_PROFIT":6138000,"GROSS_PROFIT_YOY":-91.774653927073,"HOLDER_PROFIT":431000,"HOLDER_PROFIT_YOY":-97.5385494003,"GROSS_PROFIT_RATIO":0.994220626919,"EPS_TTM":0.002695082263,"OPERATE_INCOME_QOQ":9.826552576806,"NET_PROFIT_RATIO":1.0509129077,"ROE_AVG":0.138630007446,"GROSS_PROFIT_QOQ":-90.242894385452,"ROA":0.051191752308,"HOLDER_PROFIT_QOQ":-95.900703823473,"ROE_YEARLY":0.138630007446,"ROIC_YEARLY":0.074198215972,"TOTAL_ASSETS":873552000,"TOTAL_LIABILITIES":461329000,"TAX_EBT":28.094868668957,"OCF_SALES":11.703392466082,"TOTAL_PARENT_EQUITY":307117000,"DEBT_ASSET_RATIO":52.8107084638,"OPERATE_PROFIT":21752000,"PRETAX_PROFIT":9023000,"NETCASH_OPERATE":72253000,"NETCASH_INVEST":-2361000,"NETCASH_FINANCE":-10260000,"END_CASH":186141000,"DIVI_RATIO":null,"DIVIDEND_RATE":null,"CURRENT_RATIO":0.875436078917,"COMMON_ACS":null,"CURRENTDEBT_DEBT":69.031645528462,"ISSUED_COMMON_SHARES":159920907,"HK_COMMON_SHARES":159920907,"PER_SHARES":2000,"TOTAL_MARKET_CAP":67166780.94,"HKSK_MARKET_CAP":67166780.94,"PE_TTM":45.410729147224,"PB_TTM":0.195476360573,"REPORT_DATE_SQ":"2020-12-31 00:00:00","REPORT_TYPE_SQ":"2020年年报","OPERATE_INCOME_SQ":482072000,"DPS_HKD":null,"OPERATE_INCOME_QOQ_SQ":24.269061625155,"NET_PROFIT_RATIO_SQ":6.1144393369,"HOLDER_PROFIT_SQ":17510000,"HOLDER_PROFIT_QOQ_SQ":55.202978195355,"ROE_AVG_SQ":5.679053988311,"PE_TTM_SQ":3.388754587509,"PB_TTM_SQ":0.20303805941,"ROA_SQ":2.592992700081,"START_DATE":"2021-01-01 00:00:00","FISCAL_YEAR":"12-31","CURRENCY":"HKD","IS_CNY_CODE":0,"DPS_HKD_LY":0.060639,"ORG_TYPE":"一般企业","PREMIUM_INCOME":null,"PREMIUM_INCOME_YOY":null,"NET_INTEREST_INCOME":null,"NET_INTEREST_INCOME_YOY":null,"FEE_COMMISSION_INCOME":null,"FEE_COMMISSION_INCOME_YOY":null,"ACCOUNTS_RECE_TDAYS":14.163877258388,"INVENTORY_TDAYS":55.888995565309,"CURRENT_ASSETS_TDAYS":2.694424077372,"TOTAL_ASSETS_TDAYS":0.733274935936,"PREMIUM_EXPENSE":null,"LOAN_DEPOSIT":null,"LOAN_EQUITY":null,"LOAN_ASSETS":null,"DEPOSIT_EQUITY":null,"DEPOSIT_ASSETS":null,"EQUITY_MULTIPLIER":2.11912484262,"EQUITY_RATIO":1.502127853554},{"SECUCODE":"01671.HK","SECURITY_CODE":"01671","SECURITY_NAME_ABBR":"天保能源","ORG_CODE":"10668401","STD_REPORT_DATE":"2021-06-30 00:00:00","REPORT_DATE":"2021-06-30 00:00:00","DATE_TYPE_CODE":"002","REPORT_TYPE":"2021年中报","PER_NETCASH_OPERATE":0.169752664047,"PER_OI":1.761802163866,"BPS":1.924576378247,"BASIC_EPS":0.0068,"DILUTED_EPS":0.0068,"OPERATE_INCOME":281749000,"OPERATE_INCOME_YOY":39.6933923675,"GROSS_PROFIT":20629000,"GROSS_PROFIT_YOY":-36.220009893643,"HOLDER_PROFIT":1094000,"HOLDER_PROFIT_YOY":-86.4771322621,"GROSS_PROFIT_RATIO":7.321765117179,"EPS_TTM":0.065744999808,"OPERATE_INCOME_QOQ":16.607062845384,"NET_PROFIT_RATIO":1.2578571707,"ROE_AVG":0.351507401255,"GROSS_PROFIT_QOQ":-15.698913203704,"ROA":0.136085392962,"HOLDER_PROFIT_QOQ":-39.954311821816,"ROE_YEARLY":0.70301480251,"ROIC_YEARLY":0.383561883976,"TOTAL_ASSETS":797501000,"TOTAL_LIABILITIES":383322000,"TAX_EBT":24.994708994709,"OCF_SALES":9.635171730867,"TOTAL_PARENT_EQUITY":307780000,"DEBT_ASSET_RATIO":48.0653942754,"OPERATE_PROFIT":10546000,"PRETAX_PROFIT":4725000,"NETCASH_OPERATE":27147000,"NETCASH_INVEST":-2501000,"NETCASH_FINANCE":-21745000,"END_CASH":129665000,"DIVI_RATIO":null,"DIVIDEND_RATE":null,"CURRENT_RATIO":0.646441313376,"COMMON_ACS":null,"CURRENTDEBT_DEBT":74.875952854258,"ISSUED_COMMON_SHARES":159920907,"HK_COMMON_SHARES":159920907,"PER_SHARES":2000,"TOTAL_MARKET_CAP":67166780.94,"HKSK_MARKET_CAP":67166780.94,"PE_TTM":45.410729147224,"PB_TTM":0.195476360573,"REPORT_DATE_SQ":"2020-06-30 00:00:00","REPORT_TYPE_SQ":"2020年中报","OPERATE_INCOME_SQ":201691000,"DPS_HKD":null,"OPERATE_INCOME_QOQ_SQ":3.825133686977,"NET_PROFIT_RATIO_SQ":5.844088234,"HOLDER_PROFIT_SQ":8090000,"HOLDER_PROFIT_QOQ_SQ":9.22644980153,"ROE_AVG_SQ":2.664549957841,"PE_TTM_SQ":3.388754587509,"PB_TTM_SQ":0.20303805941,"ROA_SQ":1.198335661373,"START_DATE":"2021-01-01 00:00:00","FISCAL_YEAR":"12-31","CURRENCY":"HKD","IS_CNY_CODE":0,"DPS_HKD_LY":0.060639,"ORG_TYPE":"一般企业","PREMIUM_INCOME":null,"PREMIUM_INCOME_YOY":null,"NET_INTEREST_INCOME":null,"NET_INTEREST_INCOME_YOY":null,"FEE_COMMISSION_INCOME":null,"FEE_COMMISSION_INCOME_YOY":null,"ACCOUNTS_RECE_TDAYS":7.560281213943,"INVENTORY_TDAYS":30.551070551071,"CURRENT_ASSETS_TDAYS":1.543825907326,"TOTAL_ASSETS_TDAYS":0.350474619577,"PREMIUM_EXPENSE":null,"LOAN_DEPOSIT":null,"LOAN_EQUITY":null,"LOAN_ASSETS":null,"DEPOSIT_EQUITY":null,"DEPOSIT_ASSETS":null,"EQUITY_MULTIPLIER":1.925498395622,"EQUITY_RATIO":1.245441549158},{"SECUCODE":"01671.HK","SECURITY_CODE":"01671","SECURITY_NAME_ABBR":"天保能源","ORG_CODE":"10668401","STD_REPORT_DATE":"2020-12-31 00:00:00","REPORT_DATE":"2020-12-31 00:00:00","DATE_TYPE_CODE":"001","REPORT_TYPE":"2020年年报","PER_NETCASH_OPERATE":0.651146882252,"PER_OI":3.014440131958,"BPS":1.967735213008,"BASIC_EPS":0.1095,"DILUTED_EPS":0.1095,"OPERATE_INCOME":482072000,"OPERATE_INCOME_YOY":29.0225193639,"GROSS_PROFIT":74623000,"GROSS_PROFIT_YOY":117.737511671335,"HOLDER_PROFIT":17510000,"HOLDER_PROFIT_YOY":69.522703069,"GROSS_PROFIT_RATIO":15.479637896414,"EPS_TTM":0.109491625132,"OPERATE_INCOME_QOQ":24.269061625155,"NET_PROFIT_RATIO":6.1144393369,"ROE_AVG":5.679053988311,"GROSS_PROFIT_QOQ":60.324417230637,"ROA":2.592992700081,"HOLDER_PROFIT_QOQ":55.202978195355,"ROE_YEARLY":5.679053988311,"ROIC_YEARLY":3.551652096306,"TOTAL_ASSETS":810313000,"TOTAL_LIABILITIES":391682000,"TAX_EBT":24.064198675838,"OCF_SALES":21.600922683749,"TOTAL_PARENT_EQUITY":314682000,"DEBT_ASSET_RATIO":48.3371240496,"OPERATE_PROFIT":50094000,"PRETAX_PROFIT":38817000,"NETCASH_OPERATE":104132000,"NETCASH_INVEST":-78278000,"NETCASH_FINANCE":-31556000,"END_CASH":126916000,"DIVI_RATIO":null,"DIVIDEND_RATE":null,"CURRENT_RATIO":0.649175607533,"COMMON_ACS":null,"CURRENTDEBT_DEBT":70.579194346434,"ISSUED_COMMON_SHARES":159920907,"HK_COMMON_SHARES":159920907,"PER_SHARES":2000,"TOTAL_MARKET_CAP":67166780.94,"HKSK_MARKET_CAP":67166780.94,"PE_TTM":45.410729147224,"PB_TTM":0.195476360573,"REPORT_DATE_SQ":"2019-12-31 00:00:00","REPORT_TYPE_SQ":"2019年年报","OPERATE_INCOME_SQ":373634000,"DPS_HKD":null,"OPERATE_INCOME_QOQ_SQ":-7.240123436868,"NET_PROFIT_RATIO_SQ":2.7644700429,"HOLDER_PROFIT_SQ":10329000,"HOLDER_PROFIT_QOQ_SQ":-41.798613850228,"ROE_AVG_SQ":3.406634180127,"PE_TTM_SQ":3.388754587509,"PB_TTM_SQ":0.20303805941,"ROA_SQ":1.892727137793,"START_DATE":"2020-01-01 00:00:00","FISCAL_YEAR":"12-31","CURRENCY":"HKD","IS_CNY_CODE":0,"DPS_HKD_LY":0.03286,"ORG_TYPE":"一般企业","PREMIUM_INCOME":null,"PREMIUM_INCOME_YOY":null,"NET_INTEREST_INCOME":null,"NET_INTEREST_INCOME_YOY":null,"FEE_COMMISSION_INCOME":null,"FEE_COMMISSION_INCOME_YOY":null,"ACCOUNTS_RECE_TDAYS":14.328404345435,"INVENTORY_TDAYS":53.393919538724,"CURRENT_ASSETS_TDAYS":2.693937311047,"TOTAL_ASSETS_TDAYS":0.713883025079,"PREMIUM_EXPENSE":null,"LOAN_DEPOSIT":null,"LOAN_EQUITY":null,"LOAN_ASSETS":null,"DEPOSIT_EQUITY":null,"DEPOSIT_ASSETS":null,"EQUITY_MULTIPLIER":1.935625885326,"EQUITY_RATIO":1.244691466306},{"SECUCODE":"01671.HK","SECURITY_CODE":"01671","SECURITY_NAME_ABBR":"天保能源","ORG_CODE":"10668401","STD_REPORT_DATE":"2020-06-30 00:00:00","REPORT_DATE":"2020-06-30 00:00:00","DATE_TYPE_CODE":"002","REPORT_TYPE":"2020年中报","PER_NETCASH_OPERATE":0.153744750835,"PER_OI":1.261192196715,"BPS":1.908831094861,"BASIC_EPS":0.0506,"DILUTED_EPS":0.0506,"OPERATE_INCOME":201691000,"OPERATE_INCOME_YOY":7.6265081457,"GROSS_PROFIT":32344000,"GROSS_PROFIT_YOY":61.147924866723,"HOLDER_PROFIT":8090000,"HOLDER_PROFIT_YOY":13.3529494185,"GROSS_PROFIT_RATIO":16.036412135395,"EPS_TTM":0.070547373771,"OPERATE_INCOME_QOQ":3.825133686977,"NET_PROFIT_RATIO":5.844088234,"ROE_AVG":2.664549957841,"GROSS_PROFIT_QOQ":35.810574229692,"ROA":1.198335661373,"HOLDER_PROFIT_QOQ":9.22644980153,"ROE_YEARLY":5.329099915683,"ROIC_YEARLY":3.237281963658,"TOTAL_ASSETS":809956000,"TOTAL_LIABILITIES":404114000,"TAX_EBT":22.621939210924,"OCF_SALES":12.190429915068,"TOTAL_PARENT_EQUITY":305262000,"DEBT_ASSET_RATIO":49.8933275388,"OPERATE_PROFIT":19706000,"PRETAX_PROFIT":15233000,"NETCASH_OPERATE":24587000,"NETCASH_INVEST":-67265000,"NETCASH_FINANCE":24986000,"END_CASH":116344000,"DIVI_RATIO":null,"DIVIDEND_RATE":null,"CURRENT_RATIO":0.722274009617,"COMMON_ACS":null,"CURRENTDEBT_DEBT":60.259481235493,"ISSUED_COMMON_SHARES":159920907,"HK_COMMON_SHARES":159920907,"PER_SHARES":2000,"TOTAL_MARKET_CAP":67166780.94,"HKSK_MARKET_CAP":67166780.94,"PE_TTM":45.410729147224,"PB_TTM":0.195476360573,"REPORT_DATE_SQ":"2019-06-30 00:00:00","REPORT_TYPE_SQ":"2019年中报","OPERATE_INCOME_SQ":187399000,"DPS_HKD":null,"OPERATE_INCOME_QOQ_SQ":-6.568115552071,"NET_PROFIT_RATIO_SQ":3.8084514859,"HOLDER_PROFIT_SQ":7137000,"HOLDER_PROFIT_QOQ_SQ":-32.641287433104,"ROE_AVG_SQ":2.36632831189,"PE_TTM_SQ":3.388754587509,"PB_TTM_SQ":0.20303805941,"ROA_SQ":1.317771918552,"START_DATE":"2020-01-01 00:00:00","FISCAL_YEAR":"12-31","CURRENCY":"HKD","IS_CNY_CODE":0,"DPS_HKD_LY":0.03286,"ORG_TYPE":"一般企业","PREMIUM_INCOME":null,"PREMIUM_INCOME_YOY":null,"NET_INTEREST_INCOME":null,"NET_INTEREST_INCOME_YOY":null,"FEE_COMMISSION_INCOME":null,"FEE_COMMISSION_INCOME_YOY":null,"ACCOUNTS_RECE_TDAYS":5.178069882673,"INVENTORY_TDAYS":36.906832298137,"CURRENT_ASSETS_TDAYS":1.138474477729,"TOTAL_ASSETS_TDAYS":0.298755893545,"PREMIUM_EXPENSE":null,"LOAN_DEPOSIT":null,"LOAN_EQUITY":null,"LOAN_ASSETS":null,"DEPOSIT_EQUITY":null,"DEPOSIT_ASSETS":null,"EQUITY_MULTIPLIER":1.995742185383,"EQUITY_RATIO":1.32382674555}],"count":19},"success":true,"message":"ok","code":0}