{"version":"ae2052cf8e625f38eb40045aec7ae769","result":{"pages":2,"data":[{"SECUCODE":"01672.HK","SECURITY_CODE":"01672","SECURITY_NAME_ABBR":"歌礼制药-B","ORG_CODE":"10934753","STD_REPORT_DATE":"2024-06-30 00:00:00","REPORT_DATE":"2024-06-30 00:00:00","DATE_TYPE_CODE":"002","REPORT_TYPE":"2024年中报","PER_NETCASH_OPERATE":-0.200852523505,"PER_OI":null,"BPS":2.266213619076,"BASIC_EPS":-0.1282,"DILUTED_EPS":-0.1282,"OPERATE_INCOME":null,"OPERATE_INCOME_YOY":null,"GROSS_PROFIT":null,"GROSS_PROFIT_YOY":null,"HOLDER_PROFIT":-130318000,"HOLDER_PROFIT_YOY":-686.991968114,"GROSS_PROFIT_RATIO":null,"EPS_TTM":-0.255217929653,"OPERATE_INCOME_QOQ":-82.171884938865,"NET_PROFIT_RATIO":null,"ROE_AVG":-5.763302079588,"GROSS_PROFIT_QOQ":-148.595613697576,"ROA":-5.467422042834,"HOLDER_PROFIT_QOQ":-78.608990083958,"ROE_YEARLY":-11.526604159176,"ROIC_YEARLY":-124.766812590804,"TOTAL_ASSETS":2276064000,"TOTAL_LIABILITIES":95792000,"TAX_EBT":null,"OCF_SALES":null,"TOTAL_PARENT_EQUITY":2180272000,"DEBT_ASSET_RATIO":4.2086690005,"OPERATE_PROFIT":-124933000,"PRETAX_PROFIT":-130318000,"NETCASH_OPERATE":-203415000,"NETCASH_INVEST":261633000,"NETCASH_FINANCE":-45455000,"END_CASH":342994000,"DIVI_RATIO":null,"DIVIDEND_RATE":null,"CURRENT_RATIO":24.381761390487,"COMMON_ACS":7000000000,"CURRENTDEBT_DEBT":90.572281610155,"ISSUED_COMMON_SHARES":962077000,"HK_COMMON_SHARES":962077000,"PER_SHARES":1000,"TOTAL_MARKET_CAP":4608348830,"HKSK_MARKET_CAP":4608348830,"PE_TTM":-16.197116197851,"PB_TTM":1.929093163681,"REPORT_DATE_SQ":"2023-06-30 00:00:00","REPORT_TYPE_SQ":"2023年中报","OPERATE_INCOME_SQ":46506000,"DPS_HKD":null,"OPERATE_INCOME_QOQ_SQ":15.322610464041,"NET_PROFIT_RATIO_SQ":-35.6061583452,"HOLDER_PROFIT_SQ":-16559000,"HOLDER_PROFIT_QOQ_SQ":22.690356780999,"ROE_AVG_SQ":-0.648240035546,"PE_TTM_SQ":-7.342418784072,"PB_TTM_SQ":0.704941504357,"ROA_SQ":-0.622887260566,"START_DATE":"2024-01-01 00:00:00","FISCAL_YEAR":"12-31","CURRENCY":"HKD","IS_CNY_CODE":0,"DPS_HKD_LY":null,"ORG_TYPE":"一般企业","PREMIUM_INCOME":null,"PREMIUM_INCOME_YOY":null,"NET_INTEREST_INCOME":null,"NET_INTEREST_INCOME_YOY":null,"FEE_COMMISSION_INCOME":null,"FEE_COMMISSION_INCOME_YOY":null,"ACCOUNTS_RECE_TDAYS":null,"INVENTORY_TDAYS":null,"CURRENT_ASSETS_TDAYS":null,"TOTAL_ASSETS_TDAYS":null,"PREMIUM_EXPENSE":null,"LOAN_DEPOSIT":null,"LOAN_EQUITY":null,"LOAN_ASSETS":null,"DEPOSIT_EQUITY":null,"DEPOSIT_ASSETS":null,"EQUITY_MULTIPLIER":1.043935802505,"EQUITY_RATIO":0.043935802505},{"SECUCODE":"01672.HK","SECURITY_CODE":"01672","SECURITY_NAME_ABBR":"歌礼制药-B","ORG_CODE":"10934753","STD_REPORT_DATE":"2023-12-31 00:00:00","REPORT_DATE":"2023-12-31 00:00:00","DATE_TYPE_CODE":"001","REPORT_TYPE":"2023年年报","PER_NETCASH_OPERATE":-0.134386835941,"PER_OI":0.052758406285,"BPS":2.434385189543,"BASIC_EPS":-0.1347,"DILUTED_EPS":-0.1347,"OPERATE_INCOME":56596000,"OPERATE_INCOME_YOY":4.6330190423,"GROSS_PROFIT":25990000,"GROSS_PROFIT_YOY":205.256763324154,"HOLDER_PROFIT":-144715000,"HOLDER_PROFIT_YOY":54.0358210283,"GROSS_PROFIT_RATIO":45.921973284331,"EPS_TTM":-0.13490233878,"OPERATE_INCOME_QOQ":-9.269293661227,"NET_PROFIT_RATIO":-255.6982825641,"ROE_AVG":-5.928571194473,"GROSS_PROFIT_QOQ":348.970207874317,"ROA":-5.622127675114,"HOLDER_PROFIT_QOQ":40.545348474142,"ROE_YEARLY":-5.928571194473,"ROIC_YEARLY":-71.882536142439,"TOTAL_ASSETS":2491009000,"TOTAL_LIABILITIES":148943000,"TAX_EBT":null,"OCF_SALES":-254.721181708955,"TOTAL_PARENT_EQUITY":2342066000,"DEBT_ASSET_RATIO":5.97922368,"OPERATE_PROFIT":-124296000,"PRETAX_PROFIT":-144715000,"NETCASH_OPERATE":-144162000,"NETCASH_INVEST":149845000,"NETCASH_FINANCE":-81496000,"END_CASH":330117000,"DIVI_RATIO":null,"DIVIDEND_RATE":null,"CURRENT_RATIO":16.582119577194,"COMMON_ACS":7000000000,"CURRENTDEBT_DEBT":94.45156872092,"ISSUED_COMMON_SHARES":962077000,"HK_COMMON_SHARES":962077000,"PER_SHARES":1000,"TOTAL_MARKET_CAP":3877170310,"HKSK_MARKET_CAP":3877170310,"PE_TTM":-13.627218847044,"PB_TTM":1.623015751489,"REPORT_DATE_SQ":"2022-12-31 00:00:00","REPORT_TYPE_SQ":"2022年年报","OPERATE_INCOME_SQ":54090000,"DPS_HKD":null,"OPERATE_INCOME_QOQ_SQ":-31.135018142466,"NET_PROFIT_RATIO_SQ":-582.0724718062,"HOLDER_PROFIT_SQ":-314843000,"HOLDER_PROFIT_QOQ_SQ":-78.698201342891,"ROE_AVG_SQ":-11.950863908955,"PE_TTM_SQ":-6.834698336237,"PB_TTM_SQ":0.656195549269,"ROA_SQ":-11.475959271741,"START_DATE":"2023-01-01 00:00:00","FISCAL_YEAR":"12-31","CURRENCY":"HKD","IS_CNY_CODE":0,"DPS_HKD_LY":null,"ORG_TYPE":"一般企业","PREMIUM_INCOME":null,"PREMIUM_INCOME_YOY":null,"NET_INTEREST_INCOME":null,"NET_INTEREST_INCOME_YOY":null,"FEE_COMMISSION_INCOME":null,"FEE_COMMISSION_INCOME_YOY":null,"ACCOUNTS_RECE_TDAYS":3.862549053063,"INVENTORY_TDAYS":2.302068446785,"CURRENT_ASSETS_TDAYS":0.023207056428,"TOTAL_ASSETS_TDAYS":0.021987350164,"PREMIUM_EXPENSE":null,"LOAN_DEPOSIT":null,"LOAN_EQUITY":null,"LOAN_ASSETS":null,"DEPOSIT_EQUITY":null,"DEPOSIT_ASSETS":null,"EQUITY_MULTIPLIER":1.063594706553,"EQUITY_RATIO":0.063594706554},{"SECUCODE":"01672.HK","SECURITY_CODE":"01672","SECURITY_NAME_ABBR":"歌礼制药-B","ORG_CODE":"10934753","STD_REPORT_DATE":"2023-06-30 00:00:00","REPORT_DATE":"2023-06-30 00:00:00","DATE_TYPE_CODE":"002","REPORT_TYPE":"2023年中报","PER_NETCASH_OPERATE":-0.062512073029,"PER_OI":0.042778535121,"BPS":2.670289384322,"BASIC_EPS":-0.0152,"DILUTED_EPS":-0.0152,"OPERATE_INCOME":46506000,"OPERATE_INCOME_YOY":21.6861164896,"GROSS_PROFIT":38620000,"GROSS_PROFIT_YOY":58.493043870809,"HOLDER_PROFIT":-16559000,"HOLDER_PROFIT_YOY":81.1825268756,"GROSS_PROFIT_RATIO":83.043048208833,"EPS_TTM":-0.223895122404,"OPERATE_INCOME_QOQ":15.322610464041,"NET_PROFIT_RATIO":-35.6061583452,"ROE_AVG":-0.648240035546,"GROSS_PROFIT_QOQ":57.723149198121,"ROA":-0.622887260566,"HOLDER_PROFIT_QOQ":22.690356780999,"ROE_YEARLY":-1.296480071091,"ROIC_YEARLY":-19.883943286512,"TOTAL_ASSETS":2659811000,"TOTAL_LIABILITIES":90787000,"TAX_EBT":null,"OCF_SALES":-146.129531673332,"TOTAL_PARENT_EQUITY":2569024000,"DEBT_ASSET_RATIO":3.4132876359,"OPERATE_PROFIT":-5791000,"PRETAX_PROFIT":-16559000,"NETCASH_OPERATE":-76978000,"NETCASH_INVEST":150704000,"NETCASH_FINANCE":-11398000,"END_CASH":469694000,"DIVI_RATIO":null,"DIVIDEND_RATE":null,"CURRENT_RATIO":30.816626034323,"COMMON_ACS":7000000000,"CURRENTDEBT_DEBT":91.716875764151,"ISSUED_COMMON_SHARES":962077000,"HK_COMMON_SHARES":962077000,"PER_SHARES":1000,"TOTAL_MARKET_CAP":3877170310,"HKSK_MARKET_CAP":3877170310,"PE_TTM":-13.627218847044,"PB_TTM":1.623015751489,"REPORT_DATE_SQ":"2022-06-30 00:00:00","REPORT_TYPE_SQ":"2022年中报","OPERATE_INCOME_SQ":38218000,"DPS_HKD":null,"OPERATE_INCOME_QOQ_SQ":2.171028669546,"NET_PROFIT_RATIO_SQ":-230.2527604794,"HOLDER_PROFIT_SQ":-87998000,"HOLDER_PROFIT_QOQ_SQ":11.471381841752,"ROE_AVG_SQ":-3.233918698171,"PE_TTM_SQ":-6.834698336237,"PB_TTM_SQ":0.656195549269,"ROA_SQ":-3.113886622227,"START_DATE":"2023-01-01 00:00:00","FISCAL_YEAR":"12-31","CURRENCY":"HKD","IS_CNY_CODE":0,"DPS_HKD_LY":null,"ORG_TYPE":"一般企业","PREMIUM_INCOME":null,"PREMIUM_INCOME_YOY":null,"NET_INTEREST_INCOME":null,"NET_INTEREST_INCOME_YOY":null,"FEE_COMMISSION_INCOME":null,"FEE_COMMISSION_INCOME_YOY":null,"ACCOUNTS_RECE_TDAYS":3.152094347296,"INVENTORY_TDAYS":0.329028893293,"CURRENT_ASSETS_TDAYS":0.018199342795,"TOTAL_ASSETS_TDAYS":0.017493806957,"PREMIUM_EXPENSE":null,"LOAN_DEPOSIT":null,"LOAN_EQUITY":null,"LOAN_ASSETS":null,"DEPOSIT_EQUITY":null,"DEPOSIT_ASSETS":null,"EQUITY_MULTIPLIER":1.035339101543,"EQUITY_RATIO":0.035339101542},{"SECUCODE":"01672.HK","SECURITY_CODE":"01672","SECURITY_NAME_ABBR":"歌礼制药-B","ORG_CODE":"10934753","STD_REPORT_DATE":"2022-12-31 00:00:00","REPORT_DATE":"2022-12-31 00:00:00","DATE_TYPE_CODE":"001","REPORT_TYPE":"2022年年报","PER_NETCASH_OPERATE":-0.131035364546,"PER_OI":0.049754676056,"BPS":2.640002827217,"BASIC_EPS":-0.2896,"DILUTED_EPS":-0.2896,"OPERATE_INCOME":54090000,"OPERATE_INCOME_YOY":-29.6399396431,"GROSS_PROFIT":-24692000,"GROSS_PROFIT_YOY":-163.033211650882,"HOLDER_PROFIT":-314843000,"HOLDER_PROFIT_YOY":-58.1990483225,"GROSS_PROFIT_RATIO":-45.649842854502,"EPS_TTM":-0.289608272761,"OPERATE_INCOME_QOQ":-31.135018142466,"NET_PROFIT_RATIO":-582.0724718062,"ROE_AVG":-11.950863908955,"GROSS_PROFIT_QOQ":-137.35552193646,"ROA":-11.475959271741,"HOLDER_PROFIT_QOQ":-78.698201342891,"ROE_YEARLY":-11.950863908955,"ROIC_YEARLY":-120.937405770631,"TOTAL_ASSETS":2657042000,"TOTAL_LIABILITIES":117156000,"TAX_EBT":null,"OCF_SALES":-263.362913662414,"TOTAL_PARENT_EQUITY":2539886000,"DEBT_ASSET_RATIO":4.4092641366,"OPERATE_PROFIT":-291792000,"PRETAX_PROFIT":-314843000,"NETCASH_OPERATE":-202464000,"NETCASH_INVEST":-1148383000,"NETCASH_FINANCE":-1419000,"END_CASH":403768000,"DIVI_RATIO":null,"DIVIDEND_RATE":null,"CURRENT_RATIO":23.521115825084,"COMMON_ACS":7000000000,"CURRENTDEBT_DEBT":92.346102632388,"ISSUED_COMMON_SHARES":962077000,"HK_COMMON_SHARES":962077000,"PER_SHARES":1000,"TOTAL_MARKET_CAP":3877170310,"HKSK_MARKET_CAP":3877170310,"PE_TTM":-13.627218847044,"PB_TTM":1.623015751489,"REPORT_DATE_SQ":"2021-12-31 00:00:00","REPORT_TYPE_SQ":"2021年年报","OPERATE_INCOME_SQ":76876000,"DPS_HKD":null,"OPERATE_INCOME_QOQ_SQ":93.564306576695,"NET_PROFIT_RATIO_SQ":-258.8805348874,"HOLDER_PROFIT_SQ":-199017000,"HOLDER_PROFIT_QOQ_SQ":25.906911289482,"ROE_AVG_SQ":-6.969941804206,"PE_TTM_SQ":-6.834698336237,"PB_TTM_SQ":0.656195549269,"ROA_SQ":-6.749735587281,"START_DATE":"2022-01-01 00:00:00","FISCAL_YEAR":"12-31","CURRENCY":"HKD","IS_CNY_CODE":0,"DPS_HKD_LY":null,"ORG_TYPE":"一般企业","PREMIUM_INCOME":null,"PREMIUM_INCOME_YOY":null,"NET_INTEREST_INCOME":null,"NET_INTEREST_INCOME_YOY":null,"FEE_COMMISSION_INCOME":null,"FEE_COMMISSION_INCOME_YOY":null,"ACCOUNTS_RECE_TDAYS":1.396249306264,"INVENTORY_TDAYS":2.052897644361,"CURRENT_ASSETS_TDAYS":0.020899190673,"TOTAL_ASSETS_TDAYS":0.019715688042,"PREMIUM_EXPENSE":null,"LOAN_DEPOSIT":null,"LOAN_EQUITY":null,"LOAN_ASSETS":null,"DEPOSIT_EQUITY":null,"DEPOSIT_ASSETS":null,"EQUITY_MULTIPLIER":1.046126479693,"EQUITY_RATIO":0.046126479692},{"SECUCODE":"01672.HK","SECURITY_CODE":"01672","SECURITY_NAME_ABBR":"歌礼制药-B","ORG_CODE":"10934753","STD_REPORT_DATE":"2022-06-30 00:00:00","REPORT_DATE":"2022-06-30 00:00:00","DATE_TYPE_CODE":"002","REPORT_TYPE":"2022年中报","PER_NETCASH_OPERATE":-0.062156091153,"PER_OI":0.035154819921,"BPS":2.82006325897,"BASIC_EPS":-0.081,"DILUTED_EPS":-0.081,"OPERATE_INCOME":38218000,"OPERATE_INCOME_YOY":4.5664724069,"GROSS_PROFIT":24367000,"GROSS_PROFIT_YOY":1051.8359375,"HOLDER_PROFIT":-87998000,"HOLDER_PROFIT_YOY":20.5994874941,"GROSS_PROFIT_RATIO":63.757915118531,"EPS_TTM":-0.162065577932,"OPERATE_INCOME_QOQ":2.171028669546,"NET_PROFIT_RATIO":-230.2527604794,"ROE_AVG":-3.233918698171,"GROSS_PROFIT_QOQ":68.73867204452,"ROA":-3.113886622227,"HOLDER_PROFIT_QOQ":11.471381841752,"ROE_YEARLY":-6.467837396342,"ROIC_YEARLY":-52.319345517676,"TOTAL_ASSETS":2822013000,"TOTAL_LIABILITIES":108895000,"TAX_EBT":null,"OCF_SALES":-176.806740279449,"TOTAL_PARENT_EQUITY":2713118000,"DEBT_ASSET_RATIO":3.8587703175,"OPERATE_PROFIT":-77074000,"PRETAX_PROFIT":-87998000,"NETCASH_OPERATE":-99707000,"NETCASH_INVEST":-571882000,"NETCASH_FINANCE":-96000,"END_CASH":1103020000,"DIVI_RATIO":null,"DIVIDEND_RATE":null,"CURRENT_RATIO":26.256135595923,"COMMON_ACS":7000000000,"CURRENTDEBT_DEBT":92.159419624409,"ISSUED_COMMON_SHARES":962077000,"HK_COMMON_SHARES":962077000,"PER_SHARES":1000,"TOTAL_MARKET_CAP":3877170310,"HKSK_MARKET_CAP":3877170310,"PE_TTM":-13.627218847044,"PB_TTM":1.623015751489,"REPORT_DATE_SQ":"2021-06-30 00:00:00","REPORT_TYPE_SQ":"2021年中报","OPERATE_INCOME_SQ":36549000,"DPS_HKD":null,"OPERATE_INCOME_QOQ_SQ":13.471043684466,"NET_PROFIT_RATIO_SQ":-303.2312785576,"HOLDER_PROFIT_SQ":-110828000,"HOLDER_PROFIT_QOQ_SQ":-28.370634818224,"ROE_AVG_SQ":-3.794223590034,"PE_TTM_SQ":-6.834698336237,"PB_TTM_SQ":0.656195549269,"ROA_SQ":-3.690596983067,"START_DATE":"2022-01-01 00:00:00","FISCAL_YEAR":"12-31","CURRENCY":"HKD","IS_CNY_CODE":0,"DPS_HKD_LY":null,"ORG_TYPE":"一般企业","PREMIUM_INCOME":null,"PREMIUM_INCOME_YOY":null,"NET_INTEREST_INCOME":null,"NET_INTEREST_INCOME_YOY":null,"FEE_COMMISSION_INCOME":null,"FEE_COMMISSION_INCOME_YOY":null,"ACCOUNTS_RECE_TDAYS":0.689283266602,"INVENTORY_TDAYS":0.232325265436,"CURRENT_ASSETS_TDAYS":0.014513519128,"TOTAL_ASSETS_TDAYS":0.013523775419,"PREMIUM_EXPENSE":null,"LOAN_DEPOSIT":null,"LOAN_EQUITY":null,"LOAN_ASSETS":null,"DEPOSIT_EQUITY":null,"DEPOSIT_ASSETS":null,"EQUITY_MULTIPLIER":1.040136477661,"EQUITY_RATIO":0.040136477661},{"SECUCODE":"01672.HK","SECURITY_CODE":"01672","SECURITY_NAME_ABBR":"歌礼制药-B","ORG_CODE":"10934753","STD_REPORT_DATE":"2021-12-31 00:00:00","REPORT_DATE":"2021-12-31 00:00:00","DATE_TYPE_CODE":"001","REPORT_TYPE":"2021年年报","PER_NETCASH_OPERATE":-0.134250325278,"PER_OI":0.07024180226,"BPS":2.836646131235,"BASIC_EPS":-0.1813,"DILUTED_EPS":-0.1813,"OPERATE_INCOME":76876000,"OPERATE_INCOME_YOY":119.6394388732,"GROSS_PROFIT":39173000,"GROSS_PROFIT_YOY":266.714899774439,"HOLDER_PROFIT":-199017000,"HOLDER_PROFIT_YOY":4.8862316659,"GROSS_PROFIT_RATIO":50.956085124096,"EPS_TTM":-0.181842353406,"OPERATE_INCOME_QOQ":93.564306576695,"NET_PROFIT_RATIO":-258.8805348874,"ROE_AVG":-6.969941804206,"GROSS_PROFIT_QOQ":183.281246678147,"ROA":-6.749735587281,"HOLDER_PROFIT_QOQ":25.906911289482,"ROE_YEARLY":-6.969941804206,"ROIC_YEARLY":-57.893833524357,"TOTAL_ASSETS":2829959000,"TOTAL_LIABILITIES":100887000,"TAX_EBT":null,"OCF_SALES":-191.125969093085,"TOTAL_PARENT_EQUITY":2729072000,"DEBT_ASSET_RATIO":3.5649633087,"OPERATE_PROFIT":-181017000,"PRETAX_PROFIT":-199017000,"NETCASH_OPERATE":-146930000,"NETCASH_INVEST":-274492000,"NETCASH_FINANCE":-31098000,"END_CASH":1727411000,"DIVI_RATIO":null,"DIVIDEND_RATE":null,"CURRENT_RATIO":28.927361466841,"COMMON_ACS":7000000000,"CURRENTDEBT_DEBT":90.171181619039,"ISSUED_COMMON_SHARES":962077000,"HK_COMMON_SHARES":962077000,"PER_SHARES":1000,"TOTAL_MARKET_CAP":3877170310,"HKSK_MARKET_CAP":3877170310,"PE_TTM":-13.627218847044,"PB_TTM":1.623015751489,"REPORT_DATE_SQ":"2020-12-31 00:00:00","REPORT_TYPE_SQ":"2020年年报","OPERATE_INCOME_SQ":35001000,"DPS_HKD":null,"OPERATE_INCOME_QOQ_SQ":-73.050033109013,"NET_PROFIT_RATIO_SQ":-597.8143481615,"HOLDER_PROFIT_SQ":-209241000,"HOLDER_PROFIT_QOQ_SQ":-108.819185245803,"ROE_AVG_SQ":-6.636391157631,"PE_TTM_SQ":-6.834698336237,"PB_TTM_SQ":0.656195549269,"ROA_SQ":-6.444669936316,"START_DATE":"2021-01-01 00:00:00","FISCAL_YEAR":"12-31","CURRENCY":"HKD","IS_CNY_CODE":0,"DPS_HKD_LY":null,"ORG_TYPE":"一般企业","PREMIUM_INCOME":null,"PREMIUM_INCOME_YOY":null,"NET_INTEREST_INCOME":null,"NET_INTEREST_INCOME_YOY":null,"FEE_COMMISSION_INCOME":null,"FEE_COMMISSION_INCOME_YOY":null,"ACCOUNTS_RECE_TDAYS":1.916485927256,"INVENTORY_TDAYS":0.654981020959,"CURRENT_ASSETS_TDAYS":0.028151777027,"TOTAL_ASSETS_TDAYS":0.026072781371,"PREMIUM_EXPENSE":null,"LOAN_DEPOSIT":null,"LOAN_EQUITY":null,"LOAN_ASSETS":null,"DEPOSIT_EQUITY":null,"DEPOSIT_ASSETS":null,"EQUITY_MULTIPLIER":1.036967511301,"EQUITY_RATIO":0.036967511301},{"SECUCODE":"01672.HK","SECURITY_CODE":"01672","SECURITY_NAME_ABBR":"歌礼制药-B","ORG_CODE":"10934753","STD_REPORT_DATE":"2021-06-30 00:00:00","REPORT_DATE":"2021-06-30 00:00:00","DATE_TYPE_CODE":"002","REPORT_TYPE":"2021年中报","PER_NETCASH_OPERATE":-0.078108305378,"PER_OI":0.033263195065,"BPS":2.973029185814,"BASIC_EPS":-0.1009,"DILUTED_EPS":-0.1009,"OPERATE_INCOME":36549000,"OPERATE_INCOME_YOY":14.8112081422,"GROSS_PROFIT":-2560000,"GROSS_PROFIT_YOY":-112.202097235462,"HOLDER_PROFIT":-110828000,"HOLDER_PROFIT_YOY":-115.3463518896,"GROSS_PROFIT_RATIO":-7.004295603163,"EPS_TTM":-0.244456134156,"OPERATE_INCOME_QOQ":13.471043684466,"NET_PROFIT_RATIO":-303.2312785576,"ROE_AVG":-3.794223590034,"GROSS_PROFIT_QOQ":-100.183002085373,"ROA":-3.690596983067,"HOLDER_PROFIT_QOQ":-28.370634818224,"ROE_YEARLY":-7.588447180069,"ROIC_YEARLY":-62.079212218897,"TOTAL_ASSETS":2938894000,"TOTAL_LIABILITIES":78611000,"TAX_EBT":null,"OCF_SALES":-234.819010096035,"TOTAL_PARENT_EQUITY":2860283000,"DEBT_ASSET_RATIO":2.6748497904,"OPERATE_PROFIT":-92082000,"PRETAX_PROFIT":-110828000,"NETCASH_OPERATE":-85824000,"NETCASH_INVEST":-338118000,"NETCASH_FINANCE":-1206000,"END_CASH":1772023000,"DIVI_RATIO":null,"DIVIDEND_RATE":null,"CURRENT_RATIO":40.906234496445,"COMMON_ACS":7000000000,"CURRENTDEBT_DEBT":84.615384615385,"ISSUED_COMMON_SHARES":962077000,"HK_COMMON_SHARES":962077000,"PER_SHARES":1000,"TOTAL_MARKET_CAP":3877170310,"HKSK_MARKET_CAP":3877170310,"PE_TTM":-13.627218847044,"PB_TTM":1.623015751489,"REPORT_DATE_SQ":"2020-06-30 00:00:00","REPORT_TYPE_SQ":"2020年中报","OPERATE_INCOME_SQ":31834000,"DPS_HKD":null,"OPERATE_INCOME_QOQ_SQ":-25.120068264502,"NET_PROFIT_RATIO_SQ":-161.6667713765,"HOLDER_PROFIT_SQ":-51465000,"HOLDER_PROFIT_QOQ_SQ":-4.410799320614,"ROE_AVG_SQ":-1.552236068972,"PE_TTM_SQ":-6.834698336237,"PB_TTM_SQ":0.656195549269,"ROA_SQ":-1.510366989978,"START_DATE":"2021-01-01 00:00:00","FISCAL_YEAR":"12-31","CURRENCY":"HKD","IS_CNY_CODE":0,"DPS_HKD_LY":null,"ORG_TYPE":"一般企业","PREMIUM_INCOME":null,"PREMIUM_INCOME_YOY":null,"NET_INTEREST_INCOME":null,"NET_INTEREST_INCOME_YOY":null,"FEE_COMMISSION_INCOME":null,"FEE_COMMISSION_INCOME_YOY":null,"ACCOUNTS_RECE_TDAYS":0.992154840111,"INVENTORY_TDAYS":0.814219538854,"CURRENT_ASSETS_TDAYS":0.01316856385,"TOTAL_ASSETS_TDAYS":0.01217089807,"PREMIUM_EXPENSE":null,"LOAN_DEPOSIT":null,"LOAN_EQUITY":null,"LOAN_ASSETS":null,"DEPOSIT_EQUITY":null,"DEPOSIT_ASSETS":null,"EQUITY_MULTIPLIER":1.027483644101,"EQUITY_RATIO":0.027483644101},{"SECUCODE":"01672.HK","SECURITY_CODE":"01672","SECURITY_NAME_ABBR":"歌礼制药-B","ORG_CODE":"10934753","STD_REPORT_DATE":"2020-12-31 00:00:00","REPORT_DATE":"2020-12-31 00:00:00","DATE_TYPE_CODE":"001","REPORT_TYPE":"2020年年报","PER_NETCASH_OPERATE":-0.077145390683,"PER_OI":0.031799953119,"BPS":3.099180211147,"BASIC_EPS":-0.2012,"DILUTED_EPS":-0.2012,"OPERATE_INCOME":35001000,"OPERATE_INCOME_YOY":-79.8198831893,"GROSS_PROFIT":-23497000,"GROSS_PROFIT_YOY":-118.906045074548,"HOLDER_PROFIT":-209241000,"HOLDER_PROFIT_YOY":-118.0297804499,"GROSS_PROFIT_RATIO":-67.132367646639,"EPS_TTM":-0.190104682455,"OPERATE_INCOME_QOQ":-73.050033109013,"NET_PROFIT_RATIO":-597.8143481615,"ROE_AVG":-6.636391157631,"GROSS_PROFIT_QOQ":-126.228135778629,"ROA":-6.444669936316,"HOLDER_PROFIT_QOQ":-108.819185245803,"ROE_YEARLY":-6.636391157631,"ROIC_YEARLY":-52.953368662405,"TOTAL_ASSETS":3067072000,"TOTAL_LIABILITIES":85422000,"TAX_EBT":null,"OCF_SALES":-242.595925830691,"TOTAL_PARENT_EQUITY":2981650000,"DEBT_ASSET_RATIO":2.7851318782,"OPERATE_PROFIT":-111941000,"PRETAX_PROFIT":-209241000,"NETCASH_OPERATE":-84911000,"NETCASH_INVEST":132297000,"NETCASH_FINANCE":-21670000,"END_CASH":2210504000,"DIVI_RATIO":null,"DIVIDEND_RATE":null,"CURRENT_RATIO":38.361261725316,"COMMON_ACS":7000000000,"CURRENTDEBT_DEBT":86.361827163962,"ISSUED_COMMON_SHARES":962077000,"HK_COMMON_SHARES":962077000,"PER_SHARES":1000,"TOTAL_MARKET_CAP":3877170310,"HKSK_MARKET_CAP":3877170310,"PE_TTM":-13.627218847044,"PB_TTM":1.623015751489,"REPORT_DATE_SQ":"2019-12-31 00:00:00","REPORT_TYPE_SQ":"2019年年报","OPERATE_INCOME_SQ":173443000,"DPS_HKD":null,"OPERATE_INCOME_QOQ_SQ":36.998625614129,"NET_PROFIT_RATIO_SQ":-55.3317228138,"HOLDER_PROFIT_SQ":-95969000,"HOLDER_PROFIT_QOQ_SQ":-8.298820741409,"ROE_AVG_SQ":-2.842839853908,"PE_TTM_SQ":-6.834698336237,"PB_TTM_SQ":0.656195549269,"ROA_SQ":-2.760113258719,"START_DATE":"2020-01-01 00:00:00","FISCAL_YEAR":"12-31","CURRENCY":"HKD","IS_CNY_CODE":0,"DPS_HKD_LY":null,"ORG_TYPE":"一般企业","PREMIUM_INCOME":null,"PREMIUM_INCOME_YOY":null,"NET_INTEREST_INCOME":null,"NET_INTEREST_INCOME_YOY":null,"FEE_COMMISSION_INCOME":null,"FEE_COMMISSION_INCOME_YOY":null,"ACCOUNTS_RECE_TDAYS":0.728087784076,"INVENTORY_TDAYS":0.807241966978,"CURRENT_ASSETS_TDAYS":0.011623294476,"TOTAL_ASSETS_TDAYS":0.010780386848,"PREMIUM_EXPENSE":null,"LOAN_DEPOSIT":null,"LOAN_EQUITY":null,"LOAN_ASSETS":null,"DEPOSIT_EQUITY":null,"DEPOSIT_ASSETS":null,"EQUITY_MULTIPLIER":1.028649237838,"EQUITY_RATIO":0.028649237838},{"SECUCODE":"01672.HK","SECURITY_CODE":"01672","SECURITY_NAME_ABBR":"歌礼制药-B","ORG_CODE":"10934753","STD_REPORT_DATE":"2020-06-30 00:00:00","REPORT_DATE":"2020-06-30 00:00:00","DATE_TYPE_CODE":"002","REPORT_TYPE":"2020年中报","PER_NETCASH_OPERATE":-0.016212073005,"PER_OI":0.028774260261,"BPS":3.437211366658,"BASIC_EPS":-0.0494,"DILUTED_EPS":-0.0494,"OPERATE_INCOME":31834000,"OPERATE_INCOME_YOY":-57.7815206292,"GROSS_PROFIT":20980000,"GROSS_PROFIT_YOY":-62.317695236727,"HOLDER_PROFIT":-51465000,"HOLDER_PROFIT_YOY":-8.9621443089,"GROSS_PROFIT_RATIO":65.904378965886,"EPS_TTM":-0.090571038093,"OPERATE_INCOME_QOQ":-25.120068264502,"NET_PROFIT_RATIO":-161.6667713765,"ROE_AVG":-1.552236068972,"GROSS_PROFIT_QOQ":-27.916931519194,"ROA":-1.510366989978,"HOLDER_PROFIT_QOQ":-4.410799320614,"ROE_YEARLY":-3.104472137943,"ROIC_YEARLY":-24.837571260519,"TOTAL_ASSETS":3388513000,"TOTAL_LIABILITIES":81651000,"TAX_EBT":null,"OCF_SALES":-56.342275554439,"TOTAL_PARENT_EQUITY":3306862000,"DEBT_ASSET_RATIO":2.4096410431,"OPERATE_PROFIT":-42902000,"PRETAX_PROFIT":-51465000,"NETCASH_OPERATE":-17936000,"NETCASH_INVEST":-362611000,"NETCASH_FINANCE":-1013000,"END_CASH":1943662000,"DIVI_RATIO":null,"DIVIDEND_RATE":null,"CURRENT_RATIO":46.335851808635,"COMMON_ACS":7000000000,"CURRENTDEBT_DEBT":83.967128387895,"ISSUED_COMMON_SHARES":962077000,"HK_COMMON_SHARES":962077000,"PER_SHARES":1000,"TOTAL_MARKET_CAP":3877170310,"HKSK_MARKET_CAP":3877170310,"PE_TTM":-13.627218847044,"PB_TTM":1.623015751489,"REPORT_DATE_SQ":"2019-06-30 00:00:00","REPORT_TYPE_SQ":"2019年中报","OPERATE_INCOME_SQ":75403000,"DPS_HKD":null,"OPERATE_INCOME_QOQ_SQ":-23.882759657297,"NET_PROFIT_RATIO_SQ":-62.6394175298,"HOLDER_PROFIT_SQ":-47232000,"HOLDER_PROFIT_QOQ_SQ":-1120.92863047671,"ROE_AVG_SQ":-1.385918542955,"PE_TTM_SQ":-6.834698336237,"PB_TTM_SQ":0.656195549269,"ROA_SQ":-1.349712273132,"START_DATE":"2020-01-01 00:00:00","FISCAL_YEAR":"12-31","CURRENCY":"HKD","IS_CNY_CODE":0,"DPS_HKD_LY":null,"ORG_TYPE":"一般企业","PREMIUM_INCOME":null,"PREMIUM_INCOME_YOY":null,"NET_INTEREST_INCOME":null,"NET_INTEREST_INCOME_YOY":null,"FEE_COMMISSION_INCOME":null,"FEE_COMMISSION_INCOME_YOY":null,"ACCOUNTS_RECE_TDAYS":0.477693912156,"INVENTORY_TDAYS":0.129389886274,"CURRENT_ASSETS_TDAYS":0.009995980758,"TOTAL_ASSETS_TDAYS":0.009342470176,"PREMIUM_EXPENSE":null,"LOAN_DEPOSIT":null,"LOAN_EQUITY":null,"LOAN_ASSETS":null,"DEPOSIT_EQUITY":null,"DEPOSIT_ASSETS":null,"EQUITY_MULTIPLIER":1.024691384158,"EQUITY_RATIO":0.024691384158}],"count":18},"success":true,"message":"ok","code":0}