{"version":"0aa87b417977883a6d3a2102a57c5a50","result":{"pages":3,"data":[{"SECUCODE":"01681.HK","SECURITY_CODE":"01681","SECURITY_NAME_ABBR":"康臣药业","ORG_CODE":"10359121","STD_REPORT_DATE":"2024-06-30 00:00:00","REPORT_DATE":"2024-06-30 00:00:00","DATE_TYPE_CODE":"002","REPORT_TYPE":"2024年中报","PER_NETCASH_OPERATE":0.414862451254,"PER_OI":1.502183164521,"BPS":4.357045060538,"BASIC_EPS":0.4987,"DILUTED_EPS":0.493,"OPERATE_INCOME":1268549000,"OPERATE_INCOME_YOY":13.2957749498,"GROSS_PROFIT":947523000,"GROSS_PROFIT_YOY":13.283700933507,"HOLDER_PROFIT":399765000,"HOLDER_PROFIT_YOY":14.9100013222,"GROSS_PROFIT_RATIO":74.693448972015,"EPS_TTM":0.990449332049,"OPERATE_INCOME_QOQ":5.747621244617,"NET_PROFIT_RATIO":31.6077660382,"ROE_AVG":10.910810371909,"GROSS_PROFIT_QOQ":5.781769890689,"ROA":7.269866221295,"HOLDER_PROFIT_QOQ":6.611695605289,"ROE_YEARLY":21.821620743818,"ROIC_YEARLY":49.179314461774,"TOTAL_ASSETS":5489870000,"TOTAL_LIABILITIES":1498775000,"TAX_EBT":7.60396167371,"OCF_SALES":27.617301341927,"TOTAL_PARENT_EQUITY":3701367000,"DEBT_ASSET_RATIO":27.3007375402,"OPERATE_PROFIT":447333000,"PRETAX_PROFIT":433958000,"NETCASH_OPERATE":350339000,"NETCASH_INVEST":-159630000,"NETCASH_FINANCE":-341786000,"END_CASH":2595916000,"DIVI_RATIO":0.550931766364,"DIVIDEND_RATE":7.26392251816,"CURRENT_RATIO":3.060802637226,"COMMON_ACS":5000000000,"CURRENTDEBT_DEBT":92.495871628497,"ISSUED_COMMON_SHARES":849513133,"HK_COMMON_SHARES":849513133,"PER_SHARES":1000,"TOTAL_MARKET_CAP":7016978478.58,"HKSK_MARKET_CAP":7016978478.58,"PE_TTM":7.574458543923,"PB_TTM":1.730240723989,"REPORT_DATE_SQ":"2023-06-30 00:00:00","REPORT_TYPE_SQ":"2023年中报","OPERATE_INCOME_SQ":1119679000,"DPS_HKD":0.6,"OPERATE_INCOME_QOQ_SQ":5.391874853076,"NET_PROFIT_RATIO_SQ":31.0651534949,"HOLDER_PROFIT_SQ":347894000,"HOLDER_PROFIT_QOQ_SQ":7.492235399549,"ROE_AVG_SQ":10.801804885735,"PE_TTM_SQ":5.332453248556,"PB_TTM_SQ":1.18554431133,"ROA_SQ":7.014165875484,"START_DATE":"2024-01-01 00:00:00","FISCAL_YEAR":"12-31","CURRENCY":"HKD","IS_CNY_CODE":0,"DPS_HKD_LY":0.6,"ORG_TYPE":"一般企业","PREMIUM_INCOME":null,"PREMIUM_INCOME_YOY":null,"NET_INTEREST_INCOME":null,"NET_INTEREST_INCOME_YOY":null,"FEE_COMMISSION_INCOME":null,"FEE_COMMISSION_INCOME_YOY":null,"ACCOUNTS_RECE_TDAYS":4.344122733421,"INVENTORY_TDAYS":0.877827757345,"CURRENT_ASSETS_TDAYS":0.297736515357,"TOTAL_ASSETS_TDAYS":0.230690068544,"PREMIUM_EXPENSE":null,"LOAN_DEPOSIT":null,"LOAN_EQUITY":null,"LOAN_ASSETS":null,"DEPOSIT_EQUITY":null,"DEPOSIT_ASSETS":null,"EQUITY_MULTIPLIER":1.375529773157,"EQUITY_RATIO":0.404924721056},{"SECUCODE":"01681.HK","SECURITY_CODE":"01681","SECURITY_NAME_ABBR":"康臣药业","ORG_CODE":"10359121","STD_REPORT_DATE":"2023-12-31 00:00:00","REPORT_DATE":"2023-12-31 00:00:00","DATE_TYPE_CODE":"001","REPORT_TYPE":"2023年年报","PER_NETCASH_OPERATE":1.009810079657,"PER_OI":3.19366356946,"BPS":4.268919289327,"BASIC_EPS":0.99,"DILUTED_EPS":0.98,"OPERATE_INCOME":2590115000,"OPERATE_INCOME_YOY":10.7052336888,"GROSS_PROFIT":1921678000,"GROSS_PROFIT_YOY":9.005894792253,"HOLDER_PROFIT":784534000,"HOLDER_PROFIT_YOY":14.8815285244,"GROSS_PROFIT_RATIO":74.192767502601,"EPS_TTM":0.967346104247,"OPERATE_INCOME_QOQ":5.041526059889,"NET_PROFIT_RATIO":30.3675319436,"ROE_AVG":23.171159963861,"GROSS_PROFIT_QOQ":3.247356462396,"ROA":15.086649768556,"HOLDER_PROFIT_QOQ":6.874257566015,"ROE_YEARLY":23.171159963861,"ROIC_YEARLY":49.160115923866,"TOTAL_ASSETS":5507994000,"TOTAL_LIABILITIES":1589282000,"TAX_EBT":8.932352903718,"OCF_SALES":31.619175210367,"TOTAL_PARENT_EQUITY":3626503000,"DEBT_ASSET_RATIO":28.8540982434,"OPERATE_PROFIT":884967000,"PRETAX_PROFIT":863703000,"NETCASH_OPERATE":818973000,"NETCASH_INVEST":-231772000,"NETCASH_FINANCE":-280100000,"END_CASH":2748262000,"DIVI_RATIO":0.564089727145,"DIVIDEND_RATE":7.290400972053,"CURRENT_RATIO":2.861599629698,"COMMON_ACS":5000000000,"CURRENTDEBT_DEBT":94.067383887819,"ISSUED_COMMON_SHARES":849513133,"HK_COMMON_SHARES":849513133,"PER_SHARES":1000,"TOTAL_MARKET_CAP":6991493084.59,"HKSK_MARKET_CAP":6991493084.59,"PE_TTM":7.546948403933,"PB_TTM":1.723956556711,"REPORT_DATE_SQ":"2022-12-31 00:00:00","REPORT_TYPE_SQ":"2022年年报","OPERATE_INCOME_SQ":2339650000,"DPS_HKD":0.6,"OPERATE_INCOME_QOQ_SQ":8.736874100114,"NET_PROFIT_RATIO_SQ":29.2221913534,"HOLDER_PROFIT_SQ":682907000,"HOLDER_PROFIT_QOQ_SQ":7.331942909862,"ROE_AVG_SQ":23.700346564995,"PE_TTM_SQ":5.373314959273,"PB_TTM_SQ":1.194628942068,"ROA_SQ":14.757391531907,"START_DATE":"2023-01-01 00:00:00","FISCAL_YEAR":"12-31","CURRENCY":"HKD","IS_CNY_CODE":0,"DPS_HKD_LY":0.45,"ORG_TYPE":"一般企业","PREMIUM_INCOME":null,"PREMIUM_INCOME_YOY":null,"NET_INTEREST_INCOME":null,"NET_INTEREST_INCOME_YOY":null,"FEE_COMMISSION_INCOME":null,"FEE_COMMISSION_INCOME_YOY":null,"ACCOUNTS_RECE_TDAYS":8.553470854269,"INVENTORY_TDAYS":2.078579902265,"CURRENT_ASSETS_TDAYS":0.655662986974,"TOTAL_ASSETS_TDAYS":0.498081126698,"PREMIUM_EXPENSE":null,"LOAN_DEPOSIT":null,"LOAN_EQUITY":null,"LOAN_ASSETS":null,"DEPOSIT_EQUITY":null,"DEPOSIT_ASSETS":null,"EQUITY_MULTIPLIER":1.40556233783,"EQUITY_RATIO":0.438240916938},{"SECUCODE":"01681.HK","SECURITY_CODE":"01681","SECURITY_NAME_ABBR":"康臣药业","ORG_CODE":"10359121","STD_REPORT_DATE":"2023-06-30 00:00:00","REPORT_DATE":"2023-06-30 00:00:00","DATE_TYPE_CODE":"002","REPORT_TYPE":"2023年中报","PER_NETCASH_OPERATE":0.313468103146,"PER_OI":1.381961422432,"BPS":3.880182509197,"BASIC_EPS":0.4408,"DILUTED_EPS":0.4367,"OPERATE_INCOME":1119679000,"OPERATE_INCOME_YOY":12.6972767753,"GROSS_PROFIT":836416000,"GROSS_PROFIT_YOY":13.321528104258,"HOLDER_PROFIT":347894000,"HOLDER_PROFIT_YOY":17.2430062448,"GROSS_PROFIT_RATIO":74.701409957675,"EPS_TTM":0.906026803475,"OPERATE_INCOME_QOQ":5.391874853076,"NET_PROFIT_RATIO":31.0651534949,"ROE_AVG":10.801804885735,"GROSS_PROFIT_QOQ":5.577419632971,"ROA":7.014165875484,"HOLDER_PROFIT_QOQ":7.492235399549,"ROE_YEARLY":21.603609771471,"ROIC_YEARLY":44.399407572278,"TOTAL_ASSETS":5027374000,"TOTAL_LIABILITIES":1440983000,"TAX_EBT":7.885223977437,"OCF_SALES":22.682840349779,"TOTAL_PARENT_EQUITY":3296266000,"DEBT_ASSET_RATIO":28.6627372461,"OPERATE_PROFIT":384812000,"PRETAX_PROFIT":377605000,"NETCASH_OPERATE":253975000,"NETCASH_INVEST":75617000,"NETCASH_FINANCE":-137545000,"END_CASH":2644196000,"DIVI_RATIO":0.6022669505,"DIVIDEND_RATE":7.290400972053,"CURRENT_RATIO":2.859741472726,"COMMON_ACS":5000000000,"CURRENTDEBT_DEBT":91.836059134632,"ISSUED_COMMON_SHARES":849513133,"HK_COMMON_SHARES":849513133,"PER_SHARES":1000,"TOTAL_MARKET_CAP":6991493084.59,"HKSK_MARKET_CAP":6991493084.59,"PE_TTM":7.546948403933,"PB_TTM":1.723956556711,"REPORT_DATE_SQ":"2022-06-30 00:00:00","REPORT_TYPE_SQ":"2022年中报","OPERATE_INCOME_SQ":993528000,"DPS_HKD":0.6,"OPERATE_INCOME_QOQ_SQ":5.233241712559,"NET_PROFIT_RATIO_SQ":29.7565846156,"HOLDER_PROFIT_SQ":296729000,"HOLDER_PROFIT_QOQ_SQ":7.808740502769,"ROE_AVG_SQ":11.038249170724,"PE_TTM_SQ":5.373314959273,"PB_TTM_SQ":1.194628942068,"ROA_SQ":6.814557430058,"START_DATE":"2023-01-01 00:00:00","FISCAL_YEAR":"12-31","CURRENCY":"HKD","IS_CNY_CODE":0,"DPS_HKD_LY":0.45,"ORG_TYPE":"一般企业","PREMIUM_INCOME":null,"PREMIUM_INCOME_YOY":null,"NET_INTEREST_INCOME":null,"NET_INTEREST_INCOME_YOY":null,"FEE_COMMISSION_INCOME":null,"FEE_COMMISSION_INCOME_YOY":null,"ACCOUNTS_RECE_TDAYS":4.174199777809,"INVENTORY_TDAYS":0.914425633088,"CURRENT_ASSETS_TDAYS":0.302326407129,"TOTAL_ASSETS_TDAYS":0.225747332041,"PREMIUM_EXPENSE":null,"LOAN_DEPOSIT":null,"LOAN_EQUITY":null,"LOAN_ASSETS":null,"DEPOSIT_EQUITY":null,"DEPOSIT_ASSETS":null,"EQUITY_MULTIPLIER":1.4017919407,"EQUITY_RATIO":0.437156163975},{"SECUCODE":"01681.HK","SECURITY_CODE":"01681","SECURITY_NAME_ABBR":"康臣药业","ORG_CODE":"10359121","STD_REPORT_DATE":"2022-12-31 00:00:00","REPORT_DATE":"2022-12-31 00:00:00","DATE_TYPE_CODE":"001","REPORT_TYPE":"2022年年报","PER_NETCASH_OPERATE":1.174363138869,"PER_OI":2.89929260631,"BPS":3.702284141145,"BASIC_EPS":0.86,"DILUTED_EPS":0.86,"OPERATE_INCOME":2339650000,"OPERATE_INCOME_YOY":14.4273375525,"GROSS_PROFIT":1762912000,"GROSS_PROFIT_YOY":15.42398005416,"HOLDER_PROFIT":682907000,"HOLDER_PROFIT_YOY":15.7132158083,"GROSS_PROFIT_RATIO":75.349389866006,"EPS_TTM":0.846257865876,"OPERATE_INCOME_QOQ":8.736874100114,"NET_PROFIT_RATIO":29.2221913534,"ROE_AVG":23.700346564995,"GROSS_PROFIT_QOQ":9.894420039559,"ROA":14.757391531907,"HOLDER_PROFIT_QOQ":7.331942909862,"ROE_YEARLY":23.700346564995,"ROIC_YEARLY":42.648261924717,"TOTAL_ASSETS":4892380000,"TOTAL_LIABILITIES":1453375000,"TAX_EBT":8.399864414591,"OCF_SALES":40.505161028359,"TOTAL_PARENT_EQUITY":3145139000,"DEBT_ASSET_RATIO":29.7069115645,"OPERATE_PROFIT":757326000,"PRETAX_PROFIT":746393000,"NETCASH_OPERATE":947679000,"NETCASH_INVEST":-368804000,"NETCASH_FINANCE":-342205000,"END_CASH":2450173000,"DIVI_RATIO":0.644803460036,"DIVIDEND_RATE":7.290400972053,"CURRENT_RATIO":2.682490329422,"COMMON_ACS":5000000000,"CURRENTDEBT_DEBT":92.920822224134,"ISSUED_COMMON_SHARES":849513133,"HK_COMMON_SHARES":849513133,"PER_SHARES":1000,"TOTAL_MARKET_CAP":6991493084.59,"HKSK_MARKET_CAP":6991493084.59,"PE_TTM":7.546948403933,"PB_TTM":1.723956556711,"REPORT_DATE_SQ":"2021-12-31 00:00:00","REPORT_TYPE_SQ":"2021年年报","OPERATE_INCOME_SQ":2044660000,"DPS_HKD":0.6,"OPERATE_INCOME_QOQ_SQ":9.135842006939,"NET_PROFIT_RATIO_SQ":28.7146518248,"HOLDER_PROFIT_SQ":590172000,"HOLDER_PROFIT_QOQ_SQ":9.180717274756,"ROE_AVG_SQ":24.396991198147,"PE_TTM_SQ":5.373314959273,"PB_TTM_SQ":1.194628942068,"ROA_SQ":14.198788378335,"START_DATE":"2022-01-01 00:00:00","FISCAL_YEAR":"12-31","CURRENCY":"HKD","IS_CNY_CODE":0,"DPS_HKD_LY":0.2,"ORG_TYPE":"一般企业","PREMIUM_INCOME":null,"PREMIUM_INCOME_YOY":null,"NET_INTEREST_INCOME":null,"NET_INTEREST_INCOME_YOY":null,"FEE_COMMISSION_INCOME":null,"FEE_COMMISSION_INCOME_YOY":null,"ACCOUNTS_RECE_TDAYS":7.034108503826,"INVENTORY_TDAYS":2.222004758098,"CURRENT_ASSETS_TDAYS":0.700651343865,"TOTAL_ASSETS_TDAYS":0.505590528397,"PREMIUM_EXPENSE":null,"LOAN_DEPOSIT":null,"LOAN_EQUITY":null,"LOAN_ASSETS":null,"DEPOSIT_EQUITY":null,"DEPOSIT_ASSETS":null,"EQUITY_MULTIPLIER":1.422614971481,"EQUITY_RATIO":0.462101992948},{"SECUCODE":"01681.HK","SECURITY_CODE":"01681","SECURITY_NAME_ABBR":"康臣药业","ORG_CODE":"10359121","STD_REPORT_DATE":"2022-06-30 00:00:00","REPORT_DATE":"2022-06-30 00:00:00","DATE_TYPE_CODE":"002","REPORT_TYPE":"2022年中报","PER_NETCASH_OPERATE":0.412342322765,"PER_OI":1.231179186871,"BPS":3.247357683875,"BASIC_EPS":0.3743,"DILUTED_EPS":0.3733,"OPERATE_INCOME":993528000,"OPERATE_INCOME_YOY":12.0698095713,"GROSS_PROFIT":738091000,"GROSS_PROFIT_YOY":11.622255156978,"HOLDER_PROFIT":296729000,"HOLDER_PROFIT_YOY":18.3866360256,"GROSS_PROFIT_RATIO":74.289904260373,"EPS_TTM":0.788449219248,"OPERATE_INCOME_QOQ":5.233241712559,"NET_PROFIT_RATIO":29.7565846156,"ROE_AVG":11.038249170724,"GROSS_PROFIT_QOQ":5.031702258049,"ROA":6.814557430058,"HOLDER_PROFIT_QOQ":7.808740502769,"ROE_YEARLY":22.076498341449,"ROIC_YEARLY":36.557961405983,"TOTAL_ASSETS":4345942000,"TOTAL_LIABILITIES":1295282000,"TAX_EBT":4.483437097155,"OCF_SALES":33.491658010645,"TOTAL_PARENT_EQUITY":2758673000,"DEBT_ASSET_RATIO":29.8044014393,"OPERATE_PROFIT":313611000,"PRETAX_PROFIT":309517000,"NETCASH_OPERATE":332749000,"NETCASH_INVEST":-291862000,"NETCASH_FINANCE":-302234000,"END_CASH":1940625000,"DIVI_RATIO":0.692080081607,"DIVIDEND_RATE":7.290400972053,"CURRENT_RATIO":2.550773724286,"COMMON_ACS":5000000000,"CURRENTDEBT_DEBT":92.407522068553,"ISSUED_COMMON_SHARES":849513133,"HK_COMMON_SHARES":849513133,"PER_SHARES":1000,"TOTAL_MARKET_CAP":6991493084.59,"HKSK_MARKET_CAP":6991493084.59,"PE_TTM":7.546948403933,"PB_TTM":1.723956556711,"REPORT_DATE_SQ":"2021-06-30 00:00:00","REPORT_TYPE_SQ":"2021年中报","OPERATE_INCOME_SQ":886526000,"DPS_HKD":0.6,"OPERATE_INCOME_QOQ_SQ":6.88429568184,"NET_PROFIT_RATIO_SQ":27.6253601135,"HOLDER_PROFIT_SQ":250644000,"HOLDER_PROFIT_QOQ_SQ":8.371893469771,"ROE_AVG_SQ":10.940127068264,"PE_TTM_SQ":5.373314959273,"PB_TTM_SQ":1.194628942068,"ROA_SQ":6.294071641132,"START_DATE":"2022-01-01 00:00:00","FISCAL_YEAR":"12-31","CURRENCY":"HKD","IS_CNY_CODE":0,"DPS_HKD_LY":0.2,"ORG_TYPE":"一般企业","PREMIUM_INCOME":null,"PREMIUM_INCOME_YOY":null,"NET_INTEREST_INCOME":null,"NET_INTEREST_INCOME_YOY":null,"FEE_COMMISSION_INCOME":null,"FEE_COMMISSION_INCOME_YOY":null,"ACCOUNTS_RECE_TDAYS":2.879111166493,"INVENTORY_TDAYS":1.020164704379,"CURRENT_ASSETS_TDAYS":0.325269805091,"TOTAL_ASSETS_TDAYS":0.228169596311,"PREMIUM_EXPENSE":null,"LOAN_DEPOSIT":null,"LOAN_EQUITY":null,"LOAN_ASSETS":null,"DEPOSIT_EQUITY":null,"DEPOSIT_ASSETS":null,"EQUITY_MULTIPLIER":1.424590744298,"EQUITY_RATIO":0.469530821522},{"SECUCODE":"01681.HK","SECURITY_CODE":"01681","SECURITY_NAME_ABBR":"康臣药业","ORG_CODE":"10359121","STD_REPORT_DATE":"2021-12-31 00:00:00","REPORT_DATE":"2021-12-31 00:00:00","DATE_TYPE_CODE":"001","REPORT_TYPE":"2021年年报","PER_NETCASH_OPERATE":0.8802741435,"PER_OI":2.480729901092,"BPS":3.081417930239,"BASIC_EPS":0.74,"DILUTED_EPS":0.73,"OPERATE_INCOME":2044660000,"OPERATE_INCOME_YOY":16.6490760656,"GROSS_PROFIT":1527336000,"GROSS_PROFIT_YOY":15.560983028303,"HOLDER_PROFIT":590172000,"HOLDER_PROFIT_YOY":18.3212106145,"GROSS_PROFIT_RATIO":74.69877632467,"EPS_TTM":0.716039501525,"OPERATE_INCOME_QOQ":9.135842006939,"NET_PROFIT_RATIO":28.7146518248,"ROE_AVG":24.396991198147,"GROSS_PROFIT_QOQ":8.220312742459,"ROA":14.198788378335,"HOLDER_PROFIT_QOQ":9.180717274756,"ROE_YEARLY":24.396991198147,"ROIC_YEARLY":35.15871020628,"TOTAL_ASSETS":4362738000,"TOTAL_LIABILITIES":1451957000,"TAX_EBT":15.627258892221,"OCF_SALES":35.484481527491,"TOTAL_PARENT_EQUITY":2617705000,"DEBT_ASSET_RATIO":33.2808662817,"OPERATE_PROFIT":708766000,"PRETAX_PROFIT":695861000,"NETCASH_OPERATE":725537000,"NETCASH_INVEST":-298305000,"NETCASH_FINANCE":-166659000,"END_CASH":2196323000,"DIVI_RATIO":0.762066895525,"DIVIDEND_RATE":7.290400972053,"CURRENT_RATIO":2.251225314147,"COMMON_ACS":5000000000,"CURRENTDEBT_DEBT":93.488099165471,"ISSUED_COMMON_SHARES":849513133,"HK_COMMON_SHARES":849513133,"PER_SHARES":1000,"TOTAL_MARKET_CAP":6991493084.59,"HKSK_MARKET_CAP":6991493084.59,"PE_TTM":7.546948403933,"PB_TTM":1.723956556711,"REPORT_DATE_SQ":"2020-12-31 00:00:00","REPORT_TYPE_SQ":"2020年年报","OPERATE_INCOME_SQ":1752830000,"DPS_HKD":0.6,"OPERATE_INCOME_QOQ_SQ":12.861830328973,"NET_PROFIT_RATIO_SQ":27.4837263169,"HOLDER_PROFIT_SQ":498788000,"HOLDER_PROFIT_QOQ_SQ":1171.25089203792,"ROE_AVG_SQ":23.670366555454,"PE_TTM_SQ":5.373314959273,"PB_TTM_SQ":1.194628942068,"ROA_SQ":13.02600994811,"START_DATE":"2021-01-01 00:00:00","FISCAL_YEAR":"12-31","CURRENCY":"HKD","IS_CNY_CODE":0,"DPS_HKD_LY":0.3,"ORG_TYPE":"一般企业","PREMIUM_INCOME":null,"PREMIUM_INCOME_YOY":null,"NET_INTEREST_INCOME":null,"NET_INTEREST_INCOME_YOY":null,"FEE_COMMISSION_INCOME":null,"FEE_COMMISSION_INCOME_YOY":null,"ACCOUNTS_RECE_TDAYS":4.938834023959,"INVENTORY_TDAYS":2.199464721126,"CURRENT_ASSETS_TDAYS":0.715600908982,"TOTAL_ASSETS_TDAYS":0.491919214155,"PREMIUM_EXPENSE":null,"LOAN_DEPOSIT":null,"LOAN_EQUITY":null,"LOAN_ASSETS":null,"DEPOSIT_EQUITY":null,"DEPOSIT_ASSETS":null,"EQUITY_MULTIPLIER":1.498820419675,"EQUITY_RATIO":0.554667924766},{"SECUCODE":"01681.HK","SECURITY_CODE":"01681","SECURITY_NAME_ABBR":"康臣药业","ORG_CODE":"10359121","STD_REPORT_DATE":"2021-06-30 00:00:00","REPORT_DATE":"2021-06-30 00:00:00","DATE_TYPE_CODE":"002","REPORT_TYPE":"2021年中报","PER_NETCASH_OPERATE":0.235562779071,"PER_OI":1.078001095791,"BPS":2.780106520143,"BASIC_EPS":0.3132,"DILUTED_EPS":0.3117,"OPERATE_INCOME":886526000,"OPERATE_INCOME_YOY":15.7562257135,"GROSS_PROFIT":661240000,"GROSS_PROFIT_YOY":15.684319179832,"HOLDER_PROFIT":250644000,"HOLDER_PROFIT_YOY":19.9908083835,"GROSS_PROFIT_RATIO":74.587772947438,"EPS_TTM":0.657295082519,"OPERATE_INCOME_QOQ":6.88429568184,"NET_PROFIT_RATIO":27.6253601135,"ROE_AVG":10.940127068264,"GROSS_PROFIT_QOQ":6.783079904152,"ROA":6.294071641132,"HOLDER_PROFIT_QOQ":8.371893469771,"ROE_YEARLY":21.880254136528,"ROIC_YEARLY":29.296516126619,"TOTAL_ASSETS":4014194000,"TOTAL_LIABILITIES":1362064000,"TAX_EBT":20.40521172215,"OCF_SALES":21.851812580793,"TOTAL_PARENT_EQUITY":2361737000,"DEBT_ASSET_RATIO":33.931195154,"OPERATE_PROFIT":312932000,"PRETAX_PROFIT":307691000,"NETCASH_OPERATE":193722000,"NETCASH_INVEST":-321584000,"NETCASH_FINANCE":-98255000,"END_CASH":1715482000,"DIVI_RATIO":0.830175083478,"DIVIDEND_RATE":7.290400972053,"CURRENT_RATIO":2.151816035396,"COMMON_ACS":5000000000,"CURRENTDEBT_DEBT":92.508501803146,"ISSUED_COMMON_SHARES":849513133,"HK_COMMON_SHARES":849513133,"PER_SHARES":1000,"TOTAL_MARKET_CAP":6991493084.59,"HKSK_MARKET_CAP":6991493084.59,"PE_TTM":7.546948403933,"PB_TTM":1.723956556711,"REPORT_DATE_SQ":"2020-06-30 00:00:00","REPORT_TYPE_SQ":"2020年中报","OPERATE_INCOME_SQ":765856000,"DPS_HKD":0.6,"OPERATE_INCOME_QOQ_SQ":-10.136229817805,"NET_PROFIT_RATIO_SQ":25.7507938829,"HOLDER_PROFIT_SQ":208886000,"HOLDER_PROFIT_QOQ_SQ":-50.844399899774,"ROE_AVG_SQ":10.390562607833,"PE_TTM_SQ":5.373314959273,"PB_TTM_SQ":1.194628942068,"ROA_SQ":5.682806074236,"START_DATE":"2021-01-01 00:00:00","FISCAL_YEAR":"12-31","CURRENCY":"HKD","IS_CNY_CODE":0,"DPS_HKD_LY":0.3,"ORG_TYPE":"一般企业","PREMIUM_INCOME":null,"PREMIUM_INCOME_YOY":null,"NET_INTEREST_INCOME":null,"NET_INTEREST_INCOME_YOY":null,"FEE_COMMISSION_INCOME":null,"FEE_COMMISSION_INCOME_YOY":null,"ACCOUNTS_RECE_TDAYS":2.086923155693,"INVENTORY_TDAYS":0.963621354115,"CURRENT_ASSETS_TDAYS":0.330174883274,"TOTAL_ASSETS_TDAYS":0.222620854907,"PREMIUM_EXPENSE":null,"LOAN_DEPOSIT":null,"LOAN_EQUITY":null,"LOAN_ASSETS":null,"DEPOSIT_EQUITY":null,"DEPOSIT_ASSETS":null,"EQUITY_MULTIPLIER":1.513573618186,"EQUITY_RATIO":0.57672128607},{"SECUCODE":"01681.HK","SECURITY_CODE":"01681","SECURITY_NAME_ABBR":"康臣药业","ORG_CODE":"10359121","STD_REPORT_DATE":"2020-12-31 00:00:00","REPORT_DATE":"2020-12-31 00:00:00","DATE_TYPE_CODE":"001","REPORT_TYPE":"2020年年报","PER_NETCASH_OPERATE":1.057872904109,"PER_OI":2.138578229495,"BPS":2.613693554282,"BASIC_EPS":0.61,"DILUTED_EPS":0.61,"OPERATE_INCOME":1752830000,"OPERATE_INCOME_YOY":1.4218958302,"GROSS_PROFIT":1321671000,"GROSS_PROFIT_YOY":4.7776883713,"HOLDER_PROFIT":498788000,"HOLDER_PROFIT_YOY":524.8910047607,"GROSS_PROFIT_RATIO":75.40212114124,"EPS_TTM":0.608557109322,"OPERATE_INCOME_QOQ":12.861830328973,"NET_PROFIT_RATIO":27.4837263169,"ROE_AVG":23.670366555454,"GROSS_PROFIT_QOQ":15.343853007323,"ROA":13.02600994811,"HOLDER_PROFIT_QOQ":1171.25089203792,"ROE_YEARLY":23.670366555454,"ROIC_YEARLY":26.773189451711,"TOTAL_ASSETS":3950253000,"TOTAL_LIABILITIES":1433755000,"TAX_EBT":17.472453300807,"OCF_SALES":49.466177552872,"TOTAL_PARENT_EQUITY":2220367000,"DEBT_ASSET_RATIO":36.2952702017,"OPERATE_PROFIT":605137000,"PRETAX_PROFIT":583736000,"NETCASH_OPERATE":867058000,"NETCASH_INVEST":-25703000,"NETCASH_FINANCE":-279804000,"END_CASH":1940273000,"DIVI_RATIO":0.896661942883,"DIVIDEND_RATE":7.290400972053,"CURRENT_RATIO":1.996224086111,"COMMON_ACS":5000000000,"CURRENTDEBT_DEBT":92.893346492253,"ISSUED_COMMON_SHARES":849513133,"HK_COMMON_SHARES":849513133,"PER_SHARES":1000,"TOTAL_MARKET_CAP":6991493084.59,"HKSK_MARKET_CAP":6991493084.59,"PE_TTM":7.546948403933,"PB_TTM":1.723956556711,"REPORT_DATE_SQ":"2019-12-31 00:00:00","REPORT_TYPE_SQ":"2019年年报","OPERATE_INCOME_SQ":1728256000,"DPS_HKD":0.6,"OPERATE_INCOME_QOQ_SQ":-9.798088295008,"NET_PROFIT_RATIO_SQ":3.6523524293,"HOLDER_PROFIT_SQ":79820000,"HOLDER_PROFIT_QOQ_SQ":-83.901058673804,"ROE_AVG_SQ":3.845539581187,"PE_TTM_SQ":5.373314959273,"PB_TTM_SQ":1.194628942068,"ROA_SQ":2.099111073008,"START_DATE":"2020-01-01 00:00:00","FISCAL_YEAR":"12-31","CURRENCY":"HKD","IS_CNY_CODE":0,"DPS_HKD_LY":0.18,"ORG_TYPE":"一般企业","PREMIUM_INCOME":null,"PREMIUM_INCOME_YOY":null,"NET_INTEREST_INCOME":null,"NET_INTEREST_INCOME_YOY":null,"FEE_COMMISSION_INCOME":null,"FEE_COMMISSION_INCOME_YOY":null,"ACCOUNTS_RECE_TDAYS":2.751354227655,"INVENTORY_TDAYS":1.968501887878,"CURRENT_ASSETS_TDAYS":0.691677460788,"TOTAL_ASSETS_TDAYS":0.457757223858,"PREMIUM_EXPENSE":null,"LOAN_DEPOSIT":null,"LOAN_EQUITY":null,"LOAN_ASSETS":null,"DEPOSIT_EQUITY":null,"DEPOSIT_ASSETS":null,"EQUITY_MULTIPLIER":1.569742157554,"EQUITY_RATIO":0.645728836719},{"SECUCODE":"01681.HK","SECURITY_CODE":"01681","SECURITY_NAME_ABBR":"康臣药业","ORG_CODE":"10359121","STD_REPORT_DATE":"2020-06-30 00:00:00","REPORT_DATE":"2020-06-30 00:00:00","DATE_TYPE_CODE":"002","REPORT_TYPE":"2020年中报","PER_NETCASH_OPERATE":0.383194094002,"PER_OI":0.906453264649,"BPS":2.385605261738,"BASIC_EPS":0.2527,"DILUTED_EPS":0.2527,"OPERATE_INCOME":765856000,"OPERATE_INCOME_YOY":-18.6156533863,"GROSS_PROFIT":571590000,"GROSS_PROFIT_YOY":-16.816320352998,"HOLDER_PROFIT":208886000,"HOLDER_PROFIT_YOY":-16.2680883473,"GROSS_PROFIT_RATIO":74.63413487653,"EPS_TTM":0.046439017637,"OPERATE_INCOME_QOQ":-10.136229817805,"NET_PROFIT_RATIO":25.7507938829,"ROE_AVG":10.390562607833,"GROSS_PROFIT_QOQ":-9.160578878314,"ROA":5.682806074236,"HOLDER_PROFIT_QOQ":-50.844399899774,"ROE_YEARLY":20.781125215666,"ROIC_YEARLY":21.795863725506,"TOTAL_ASSETS":3643423000,"TOTAL_LIABILITIES":1315881000,"TAX_EBT":19.804649536226,"OCF_SALES":42.274004512598,"TOTAL_PARENT_EQUITY":2026603000,"DEBT_ASSET_RATIO":36.1166134155,"OPERATE_PROFIT":257410000,"PRETAX_PROFIT":245917000,"NETCASH_OPERATE":323758000,"NETCASH_INVEST":-19070000,"NETCASH_FINANCE":-166205000,"END_CASH":1521163000,"DIVI_RATIO":11.750248557361,"DIVIDEND_RATE":7.290400972053,"CURRENT_RATIO":1.930681233307,"COMMON_ACS":5000000000,"CURRENTDEBT_DEBT":91.98681339726,"ISSUED_COMMON_SHARES":849513133,"HK_COMMON_SHARES":849513133,"PER_SHARES":1000,"TOTAL_MARKET_CAP":6991493084.59,"HKSK_MARKET_CAP":6991493084.59,"PE_TTM":7.546948403933,"PB_TTM":1.723956556711,"REPORT_DATE_SQ":"2019-06-30 00:00:00","REPORT_TYPE_SQ":"2019年中报","OPERATE_INCOME_SQ":941036000,"DPS_HKD":0.6,"OPERATE_INCOME_QOQ_SQ":3.905317485668,"NET_PROFIT_RATIO_SQ":27.6231727585,"HOLDER_PROFIT_SQ":249470000,"HOLDER_PROFIT_QOQ_SQ":6.544709070319,"ROE_AVG_SQ":11.371901097691,"PE_TTM_SQ":5.373314959273,"PB_TTM_SQ":1.194628942068,"ROA_SQ":6.164604858762,"START_DATE":"2020-01-01 00:00:00","FISCAL_YEAR":"12-31","CURRENCY":"HKD","IS_CNY_CODE":0,"DPS_HKD_LY":0.18,"ORG_TYPE":"一般企业","PREMIUM_INCOME":null,"PREMIUM_INCOME_YOY":null,"NET_INTEREST_INCOME":null,"NET_INTEREST_INCOME_YOY":null,"FEE_COMMISSION_INCOME":null,"FEE_COMMISSION_INCOME_YOY":null,"ACCOUNTS_RECE_TDAYS":1.064141888179,"INVENTORY_TDAYS":0.964496542,"CURRENT_ASSETS_TDAYS":0.322695579335,"TOTAL_ASSETS_TDAYS":0.208353414245,"PREMIUM_EXPENSE":null,"LOAN_DEPOSIT":null,"LOAN_EQUITY":null,"LOAN_ASSETS":null,"DEPOSIT_EQUITY":null,"DEPOSIT_ASSETS":null,"EQUITY_MULTIPLIER":1.565352204172,"EQUITY_RATIO":0.649303785695}],"count":27},"success":true,"message":"ok","code":0}