{"version":"e791fc38d4a449b036fee435132100b1","result":{"pages":3,"data":[{"SECUCODE":"01680.HK","SECURITY_CODE":"01680","SECURITY_NAME_ABBR":"澳门励骏","ORG_CODE":"10332040","STD_REPORT_DATE":"2024-06-30 00:00:00","REPORT_DATE":"2024-06-30 00:00:00","DATE_TYPE_CODE":"002","REPORT_TYPE":"2024年中报","PER_NETCASH_OPERATE":0.013536868676,"PER_OI":0.057458544273,"BPS":0.522888780599,"BASIC_EPS":-0.016154436,"DILUTED_EPS":null,"OPERATE_INCOME":356311184.68,"OPERATE_INCOME_YOY":16.5369161975,"GROSS_PROFIT":43819592.16,"GROSS_PROFIT_YOY":3485.16407367793,"HOLDER_PROFIT":-100326349,"HOLDER_PROFIT_YOY":39.7664631941,"GROSS_PROFIT_RATIO":12.298124236362,"EPS_TTM":0.010235725385,"OPERATE_INCOME_QOQ":5.80671827522,"NET_PROFIT_RATIO":-28.1569463193,"ROE_AVG":-3.029076794985,"GROSS_PROFIT_QOQ":31.057489433597,"ROA":-1.653152946537,"HOLDER_PROFIT_QOQ":1523.33278907307,"ROE_YEARLY":-6.058153589969,"ROIC_YEARLY":-3.338532849584,"TOTAL_ASSETS":5874203793.52,"TOTAL_LIABILITIES":2631672622.08,"TAX_EBT":1.521685887402,"OCF_SALES":23.559365882772,"TOTAL_PARENT_EQUITY":3242531171.44,"DEBT_ASSET_RATIO":44.8004991754,"OPERATE_PROFIT":-82661427.6,"PRETAX_PROFIT":-171417732.24,"NETCASH_OPERATE":83944655.68,"NETCASH_INVEST":142961282.52,"NETCASH_FINANCE":-224114050.08,"END_CASH":59452887.88,"DIVI_RATIO":null,"DIVIDEND_RATE":null,"CURRENT_RATIO":0.066043754913,"COMMON_ACS":10000000000,"CURRENTDEBT_DEBT":92.732262951125,"ISSUED_COMMON_SHARES":6201187120,"HK_COMMON_SHARES":6201187120,"PER_SHARES":1000,"TOTAL_MARKET_CAP":694532957.44,"HKSK_MARKET_CAP":694532957.44,"PE_TTM":10.2662590528,"PB_TTM":0.195491209207,"REPORT_DATE_SQ":"2023-06-30 00:00:00","REPORT_TYPE_SQ":"2023年中报","OPERATE_INCOME_SQ":308865143.96,"DPS_HKD":null,"OPERATE_INCOME_QOQ_SQ":-12.202353434162,"NET_PROFIT_RATIO_SQ":-43.4279160083,"HOLDER_PROFIT_SQ":-168259506.04,"HOLDER_PROFIT_QOQ_SQ":45.527536796336,"ROE_AVG_SQ":-5.050254736257,"PE_TTM_SQ":-3.832435933583,"PB_TTM_SQ":0.331287576667,"ROA_SQ":-2.574461108248,"START_DATE":"2024-01-01 00:00:00","FISCAL_YEAR":"12-31","CURRENCY":"HKD","IS_CNY_CODE":0,"DPS_HKD_LY":null,"ORG_TYPE":"一般企业","PREMIUM_INCOME":null,"PREMIUM_INCOME_YOY":null,"NET_INTEREST_INCOME":null,"NET_INTEREST_INCOME_YOY":null,"FEE_COMMISSION_INCOME":null,"FEE_COMMISSION_INCOME_YOY":null,"ACCOUNTS_RECE_TDAYS":3.503207975521,"INVENTORY_TDAYS":21.109713616326,"CURRENT_ASSETS_TDAYS":2.01733644063,"TOTAL_ASSETS_TDAYS":0.058712082191,"PREMIUM_EXPENSE":null,"LOAN_DEPOSIT":null,"LOAN_EQUITY":null,"LOAN_ASSETS":null,"DEPOSIT_EQUITY":null,"DEPOSIT_ASSETS":null,"EQUITY_MULTIPLIER":1.811610585352,"EQUITY_RATIO":0.811610585354},{"SECUCODE":"01680.HK","SECURITY_CODE":"01680","SECURITY_NAME_ABBR":"澳门励骏","ORG_CODE":"10332040","STD_REPORT_DATE":"2023-12-31 00:00:00","REPORT_DATE":"2023-12-31 00:00:00","DATE_TYPE_CODE":"001","REPORT_TYPE":"2023年年报","PER_NETCASH_OPERATE":0.026675470867,"PER_OI":0.131763276303,"BPS":0.541469328276,"BASIC_EPS":-0.000724976,"DILUTED_EPS":null,"OPERATE_INCOME":817088731.9,"OPERATE_INCOME_YOY":26.7058269686,"GROSS_PROFIT":145259816.24,"GROSS_PROFIT_YOY":148.490210653267,"HOLDER_PROFIT":-4459508.62,"HOLDER_PROFIT_YOY":99.1895706421,"GROSS_PROFIT_RATIO":17.777728485158,"EPS_TTM":-0.00071913789,"OPERATE_INCOME_QOQ":46.407932253336,"NET_PROFIT_RATIO":-0.5457802128,"ROE_AVG":-0.132758863259,"GROSS_PROFIT_QOQ":275.521912802342,"ROA":-0.070234802037,"HOLDER_PROFIT_QOQ":98.490653177348,"ROE_YEARLY":-0.132758863259,"ROIC_YEARLY":-0.070997694342,"TOTAL_ASSETS":6219039871.52,"TOTAL_LIABILITIES":2861287247.14,"TAX_EBT":98.7963859783,"OCF_SALES":20.244996645021,"TOTAL_PARENT_EQUITY":3357752624.38,"DEBT_ASSET_RATIO":46.0085046286,"OPERATE_PROFIT":-186684038.66,"PRETAX_PROFIT":-370509859.44,"NETCASH_OPERATE":165419586.36,"NETCASH_INVEST":-29779295.42,"NETCASH_FINANCE":-157555409.2,"END_CASH":57303009.26,"DIVI_RATIO":null,"DIVIDEND_RATE":null,"CURRENT_RATIO":0.208364190808,"COMMON_ACS":10000000000,"CURRENTDEBT_DEBT":31.9891099824,"ISSUED_COMMON_SHARES":6201187120,"HK_COMMON_SHARES":6201187120,"PER_SHARES":1000,"TOTAL_MARKET_CAP":694532957.44,"HKSK_MARKET_CAP":694532957.44,"PE_TTM":10.2662590528,"PB_TTM":0.195491209207,"REPORT_DATE_SQ":"2022-12-31 00:00:00","REPORT_TYPE_SQ":"2022年年报","OPERATE_INCOME_SQ":635655398.35,"DPS_HKD":null,"OPERATE_INCOME_QOQ_SQ":-33.410922377638,"NET_PROFIT_RATIO_SQ":-85.3295016196,"HOLDER_PROFIT_SQ":-542401583.43,"HOLDER_PROFIT_QOQ_SQ":33.488669726701,"ROE_AVG_SQ":-15.136420199941,"PE_TTM_SQ":-3.873206528621,"PB_TTM_SQ":0.334811912589,"ROA_SQ":-8.031606920571,"START_DATE":"2023-01-01 00:00:00","FISCAL_YEAR":"12-31","CURRENCY":"HKD","IS_CNY_CODE":0,"DPS_HKD_LY":null,"ORG_TYPE":"一般企业","PREMIUM_INCOME":null,"PREMIUM_INCOME_YOY":null,"NET_INTEREST_INCOME":null,"NET_INTEREST_INCOME_YOY":null,"FEE_COMMISSION_INCOME":null,"FEE_COMMISSION_INCOME_YOY":null,"ACCOUNTS_RECE_TDAYS":7.557098674892,"INVENTORY_TDAYS":34.784891495601,"CURRENT_ASSETS_TDAYS":4.143903375026,"TOTAL_ASSETS_TDAYS":0.128686970295,"PREMIUM_EXPENSE":null,"LOAN_DEPOSIT":null,"LOAN_EQUITY":null,"LOAN_ASSETS":null,"DEPOSIT_EQUITY":null,"DEPOSIT_ASSETS":null,"EQUITY_MULTIPLIER":1.852143551723,"EQUITY_RATIO":0.852143551721},{"SECUCODE":"01680.HK","SECURITY_CODE":"01680","SECURITY_NAME_ABBR":"澳门励骏","ORG_CODE":"10332040","STD_REPORT_DATE":"2023-06-30 00:00:00","REPORT_DATE":"2023-06-30 00:00:00","DATE_TYPE_CODE":"002","REPORT_TYPE":"2023年中报","PER_NETCASH_OPERATE":0.014408680795,"PER_OI":0.049807422028,"BPS":0.523207787457,"BASIC_EPS":-0.027106212,"DILUTED_EPS":null,"OPERATE_INCOME":308865143.96,"OPERATE_INCOME_YOY":-22.7160961543,"GROSS_PROFIT":-1294459.92,"GROSS_PROFIT_YOY":99.183099192923,"HOLDER_PROFIT":-168259506.04,"HOLDER_PROFIT_YOY":62.4109180487,"GROSS_PROFIT_RATIO":15.059300576824,"EPS_TTM":-0.047645635784,"OPERATE_INCOME_QOQ":-12.202353434162,"NET_PROFIT_RATIO":-43.4279160083,"ROE_AVG":-5.050254736257,"GROSS_PROFIT_QOQ":72.373699739774,"ROA":-2.574461108248,"HOLDER_PROFIT_QOQ":45.527536796336,"ROE_YEARLY":-10.100509472514,"ROIC_YEARLY":-5.215912938743,"TOTAL_ASSETS":6478927714.22,"TOTAL_LIABILITIES":3234418321.56,"TAX_EBT":1.248813025453,"OCF_SALES":23.061546955015,"TOTAL_PARENT_EQUITY":3244509392.66,"DEBT_ASSET_RATIO":49.9221239104,"OPERATE_PROFIT":-115442959.76,"PRETAX_PROFIT":-199041652.3,"NETCASH_OPERATE":89350925.76,"NETCASH_INVEST":-66834330.2,"NETCASH_FINANCE":-16806773.42,"END_CASH":87356683.02,"DIVI_RATIO":null,"DIVIDEND_RATE":null,"CURRENT_RATIO":0.17351774144,"COMMON_ACS":10000000000,"CURRENTDEBT_DEBT":37.205690109979,"ISSUED_COMMON_SHARES":6201187120,"HK_COMMON_SHARES":6201187120,"PER_SHARES":1000,"TOTAL_MARKET_CAP":694532957.44,"HKSK_MARKET_CAP":694532957.44,"PE_TTM":10.2662590528,"PB_TTM":0.195491209207,"REPORT_DATE_SQ":"2022-06-30 00:00:00","REPORT_TYPE_SQ":"2022年中报","OPERATE_INCOME_SQ":465010417.69,"DPS_HKD":null,"OPERATE_INCOME_QOQ_SQ":2.81531914544,"NET_PROFIT_RATIO_SQ":-89.2886633772,"HOLDER_PROFIT_SQ":-415201586.52,"HOLDER_PROFIT_QOQ_SQ":16.213227541289,"ROE_AVG_SQ":-11.925925380064,"PE_TTM_SQ":-3.873206528621,"PB_TTM_SQ":0.334811912589,"ROA_SQ":-6.241887608277,"START_DATE":"2023-01-01 00:00:00","FISCAL_YEAR":"12-31","CURRENCY":"HKD","IS_CNY_CODE":0,"DPS_HKD_LY":null,"ORG_TYPE":"一般企业","PREMIUM_INCOME":null,"PREMIUM_INCOME_YOY":null,"NET_INTEREST_INCOME":null,"NET_INTEREST_INCOME_YOY":null,"FEE_COMMISSION_INCOME":null,"FEE_COMMISSION_INCOME_YOY":null,"ACCOUNTS_RECE_TDAYS":null,"INVENTORY_TDAYS":16.630853096026,"CURRENT_ASSETS_TDAYS":1.862755267136,"TOTAL_ASSETS_TDAYS":0.059281249134,"PREMIUM_EXPENSE":null,"LOAN_DEPOSIT":null,"LOAN_EQUITY":null,"LOAN_ASSETS":null,"DEPOSIT_EQUITY":null,"DEPOSIT_ASSETS":null,"EQUITY_MULTIPLIER":1.996889800619,"EQUITY_RATIO":0.99688980062},{"SECUCODE":"01680.HK","SECURITY_CODE":"01680","SECURITY_NAME_ABBR":"澳门励骏","ORG_CODE":"10332040","STD_REPORT_DATE":"2022-12-31 00:00:00","REPORT_DATE":"2022-12-31 00:00:00","DATE_TYPE_CODE":"001","REPORT_TYPE":"2022年年报","PER_NETCASH_OPERATE":-0.034943074469,"PER_OI":0.102505437435,"BPS":0.534161358001,"BASIC_EPS":-0.087451133,"DILUTED_EPS":null,"OPERATE_INCOME":635655398.35,"OPERATE_INCOME_YOY":-37.3358776878,"GROSS_PROFIT":-299565240.66,"GROSS_PROFIT_YOY":1.308580568958,"HOLDER_PROFIT":-542401583.43,"HOLDER_PROFIT_YOY":48.9930647725,"GROSS_PROFIT_RATIO":-47.126987584404,"EPS_TTM":-0.087467378896,"OPERATE_INCOME_QOQ":-33.410922377638,"NET_PROFIT_RATIO":-85.3295016196,"ROE_AVG":-15.136420199941,"GROSS_PROFIT_QOQ":3.69343354986,"ROA":-8.031606920571,"HOLDER_PROFIT_QOQ":33.488669726701,"ROE_YEARLY":-15.136420199941,"ROIC_YEARLY":-8.150156078142,"TOTAL_ASSETS":6387219942.6,"TOTAL_LIABILITIES":3074785409.36,"TAX_EBT":19.622235400639,"OCF_SALES":-34.088996001996,"TOTAL_PARENT_EQUITY":3312434533.24,"DEBT_ASSET_RATIO":48.1396513192,"OPERATE_PROFIT":-570251955.49,"PRETAX_PROFIT":-674815461.88,"NETCASH_OPERATE":-216688543.33,"NETCASH_INVEST":142914267.3,"NETCASH_FINANCE":30028164.32,"END_CASH":78019095.07,"DIVI_RATIO":null,"DIVIDEND_RATE":null,"CURRENT_RATIO":0.186893230126,"COMMON_ACS":10000000000,"CURRENTDEBT_DEBT":34.93063092795,"ISSUED_COMMON_SHARES":6201187120,"HK_COMMON_SHARES":6201187120,"PER_SHARES":1000,"TOTAL_MARKET_CAP":694532957.44,"HKSK_MARKET_CAP":694532957.44,"PE_TTM":10.2662590528,"PB_TTM":0.195491209207,"REPORT_DATE_SQ":"2021-12-31 00:00:00","REPORT_TYPE_SQ":"2021年年报","OPERATE_INCOME_SQ":928455113.6,"DPS_HKD":null,"OPERATE_INCOME_QOQ_SQ":33.387270709983,"NET_PROFIT_RATIO_SQ":-104.8308098198,"HOLDER_PROFIT_SQ":-973307014.4,"HOLDER_PROFIT_QOQ_SQ":43.279590354676,"ROE_AVG_SQ":-24.205548424812,"PE_TTM_SQ":-3.873206528621,"PB_TTM_SQ":0.334811912589,"ROA_SQ":-14.288399434342,"START_DATE":"2022-01-01 00:00:00","FISCAL_YEAR":"12-31","CURRENCY":"HKD","IS_CNY_CODE":0,"DPS_HKD_LY":null,"ORG_TYPE":"一般企业","PREMIUM_INCOME":null,"PREMIUM_INCOME_YOY":null,"NET_INTEREST_INCOME":null,"NET_INTEREST_INCOME_YOY":null,"FEE_COMMISSION_INCOME":null,"FEE_COMMISSION_INCOME_YOY":null,"ACCOUNTS_RECE_TDAYS":6.220432175388,"INVENTORY_TDAYS":45.926479942096,"CURRENT_ASSETS_TDAYS":2.19482818712,"TOTAL_ASSETS_TDAYS":0.094124620068,"PREMIUM_EXPENSE":null,"LOAN_DEPOSIT":null,"LOAN_EQUITY":null,"LOAN_ASSETS":null,"DEPOSIT_EQUITY":null,"DEPOSIT_ASSETS":null,"EQUITY_MULTIPLIER":1.928255450334,"EQUITY_RATIO":0.928255450336},{"SECUCODE":"01680.HK","SECURITY_CODE":"01680","SECURITY_NAME_ABBR":"澳门励骏","ORG_CODE":"10332040","STD_REPORT_DATE":"2022-06-30 00:00:00","REPORT_DATE":"2022-06-30 00:00:00","DATE_TYPE_CODE":"002","REPORT_TYPE":"2022年中报","PER_NETCASH_OPERATE":-0.013306691365,"PER_OI":0.074987322377,"BPS":0.527788420099,"BASIC_EPS":-0.066961377,"DILUTED_EPS":null,"OPERATE_INCOME":465010417.69,"OPERATE_INCOME_YOY":3.0926799118,"GROSS_PROFIT":-158459865.48,"GROSS_PROFIT_YOY":40.978659357961,"HOLDER_PROFIT":-415201586.52,"HOLDER_PROFIT_YOY":29.4978675453,"GROSS_PROFIT_RATIO":-59.352534524074,"EPS_TTM":-0.131507486825,"OPERATE_INCOME_QOQ":2.81531914544,"NET_PROFIT_RATIO":-89.2886633772,"ROE_AVG":-11.925925380064,"GROSS_PROFIT_QOQ":-2.476313992708,"ROA":-6.241887608277,"HOLDER_PROFIT_QOQ":16.213227541289,"ROE_YEARLY":-23.851850760127,"ROIC_YEARLY":-12.645077408476,"TOTAL_ASSETS":6487763814.98,"TOTAL_LIABILITIES":3214849062.18,"TAX_EBT":-8.129994387578,"OCF_SALES":-17.745254721371,"TOTAL_PARENT_EQUITY":3272914752.8,"DEBT_ASSET_RATIO":49.5524984241,"OPERATE_PROFIT":-335911790.48,"PRETAX_PROFIT":-383983730.76,"NETCASH_OPERATE":-82517283.1,"NETCASH_INVEST":-33844999.44,"NETCASH_FINANCE":61887534.73,"END_CASH":56309130.36,"DIVI_RATIO":null,"DIVIDEND_RATE":null,"CURRENT_RATIO":0.07900676945,"COMMON_ACS":10000000000,"CURRENTDEBT_DEBT":93.854632687295,"ISSUED_COMMON_SHARES":6201187120,"HK_COMMON_SHARES":6201187120,"PER_SHARES":1000,"TOTAL_MARKET_CAP":694532957.44,"HKSK_MARKET_CAP":694532957.44,"PE_TTM":10.2662590528,"PB_TTM":0.195491209207,"REPORT_DATE_SQ":"2021-06-30 00:00:00","REPORT_TYPE_SQ":"2021年中报","OPERATE_INCOME_SQ":438871443.12,"DPS_HKD":null,"OPERATE_INCOME_QOQ_SQ":18.024434007334,"NET_PROFIT_RATIO_SQ":-130.5635343613,"HOLDER_PROFIT_SQ":-573006067.44,"HOLDER_PROFIT_QOQ_SQ":-4.280885644046,"ROE_AVG_SQ":-13.323359172897,"PE_TTM_SQ":-3.873206528621,"PB_TTM_SQ":0.334811912589,"ROA_SQ":-8.159511692131,"START_DATE":"2022-01-01 00:00:00","FISCAL_YEAR":"12-31","CURRENCY":"HKD","IS_CNY_CODE":0,"DPS_HKD_LY":null,"ORG_TYPE":"一般企业","PREMIUM_INCOME":null,"PREMIUM_INCOME_YOY":null,"NET_INTEREST_INCOME":null,"NET_INTEREST_INCOME_YOY":null,"FEE_COMMISSION_INCOME":null,"FEE_COMMISSION_INCOME_YOY":null,"ACCOUNTS_RECE_TDAYS":null,"INVENTORY_TDAYS":36.750334004878,"CURRENT_ASSETS_TDAYS":1.548100644151,"TOTAL_ASSETS_TDAYS":0.069906832202,"PREMIUM_EXPENSE":null,"LOAN_DEPOSIT":null,"LOAN_EQUITY":null,"LOAN_ASSETS":null,"DEPOSIT_EQUITY":null,"DEPOSIT_ASSETS":null,"EQUITY_MULTIPLIER":1.982258721962,"EQUITY_RATIO":0.982258721963},{"SECUCODE":"01680.HK","SECURITY_CODE":"01680","SECURITY_NAME_ABBR":"澳门励骏","ORG_CODE":"10332040","STD_REPORT_DATE":"2021-12-31 00:00:00","REPORT_DATE":"2021-12-31 00:00:00","DATE_TYPE_CODE":"001","REPORT_TYPE":"2021年年报","PER_NETCASH_OPERATE":-0.045408194423,"PER_OI":0.149722157328,"BPS":0.568906384492,"BASIC_EPS":-0.1569792,"DILUTED_EPS":null,"OPERATE_INCOME":928455113.6,"OPERATE_INCOME_YOY":62.0584936195,"GROSS_PROFIT":-303537270.4,"GROSS_PROFIT_YOY":22.934296429825,"HOLDER_PROFIT":-973307014.4,"HOLDER_PROFIT_YOY":39.1123020417,"GROSS_PROFIT_RATIO":-32.692724285083,"EPS_TTM":-0.156954950006,"OPERATE_INCOME_QOQ":33.387270709983,"NET_PROFIT_RATIO":-104.8308098198,"ROE_AVG":-24.205548424812,"GROSS_PROFIT_QOQ":7.394345971594,"ROA":-14.288399434342,"HOLDER_PROFIT_QOQ":43.279590354676,"ROE_YEARLY":-24.205548424812,"ROIC_YEARLY":-14.512980646234,"TOTAL_ASSETS":6516358665.6,"TOTAL_LIABILITIES":2988463721.6,"TAX_EBT":-6.520373594948,"OCF_SALES":-30.328306266544,"TOTAL_PARENT_EQUITY":3527894944,"DEBT_ASSET_RATIO":45.8609458896,"OPERATE_PROFIT":-836986931.2,"PRETAX_PROFIT":-913728502.4,"NETCASH_OPERATE":-281584710.4,"NETCASH_INVEST":-32511864,"NETCASH_FINANCE":304671281.6,"END_CASH":108410489.6,"DIVI_RATIO":null,"DIVIDEND_RATE":null,"CURRENT_RATIO":0.349776129013,"COMMON_ACS":10000000000,"CURRENTDEBT_DEBT":33.142461929226,"ISSUED_COMMON_SHARES":6201187120,"HK_COMMON_SHARES":6201187120,"PER_SHARES":1000,"TOTAL_MARKET_CAP":694532957.44,"HKSK_MARKET_CAP":694532957.44,"PE_TTM":10.2662590528,"PB_TTM":0.195491209207,"REPORT_DATE_SQ":"2020-12-31 00:00:00","REPORT_TYPE_SQ":"2020年年报","OPERATE_INCOME_SQ":589759030.64,"DPS_HKD":null,"OPERATE_INCOME_QOQ_SQ":-60.543865894897,"NET_PROFIT_RATIO_SQ":-279.0173334513,"HOLDER_PROFIT_SQ":-1645529921.08,"HOLDER_PROFIT_QOQ_SQ":-184.484116399917,"ROE_AVG_SQ":-30.112820636035,"PE_TTM_SQ":-3.873206528621,"PB_TTM_SQ":0.334811912589,"ROA_SQ":-19.676597418303,"START_DATE":"2021-01-01 00:00:00","FISCAL_YEAR":"12-31","CURRENCY":"HKD","IS_CNY_CODE":0,"DPS_HKD_LY":null,"ORG_TYPE":"一般企业","PREMIUM_INCOME":null,"PREMIUM_INCOME_YOY":null,"NET_INTEREST_INCOME":null,"NET_INTEREST_INCOME_YOY":null,"FEE_COMMISSION_INCOME":null,"FEE_COMMISSION_INCOME_YOY":null,"ACCOUNTS_RECE_TDAYS":null,"INVENTORY_TDAYS":57.584408139868,"CURRENT_ASSETS_TDAYS":2.716215812178,"TOTAL_ASSETS_TDAYS":0.136299618966,"PREMIUM_EXPENSE":null,"LOAN_DEPOSIT":null,"LOAN_EQUITY":null,"LOAN_ASSETS":null,"DEPOSIT_EQUITY":null,"DEPOSIT_ASSETS":null,"EQUITY_MULTIPLIER":1.847095440494,"EQUITY_RATIO":0.847095440493},{"SECUCODE":"01680.HK","SECURITY_CODE":"01680","SECURITY_NAME_ABBR":"澳门励骏","ORG_CODE":"10332040","STD_REPORT_DATE":"2021-06-30 00:00:00","REPORT_DATE":"2021-06-30 00:00:00","DATE_TYPE_CODE":"002","REPORT_TYPE":"2021年中报","PER_NETCASH_OPERATE":-0.021179091142,"PER_OI":0.070772165817,"BPS":0.646240436531,"BASIC_EPS":-0.09236088,"DILUTED_EPS":null,"OPERATE_INCOME":438871443.12,"OPERATE_INCOME_YOY":44.8665974523,"GROSS_PROFIT":-268478932.8,"GROSS_PROFIT_YOY":-29.069966628697,"HOLDER_PROFIT":-573006067.44,"HOLDER_PROFIT_YOY":-25.1652619927,"GROSS_PROFIT_RATIO":-32.33663039707,"EPS_TTM":-0.276716883725,"OPERATE_INCOME_QOQ":18.024434007334,"NET_PROFIT_RATIO":-130.5635343613,"ROE_AVG":-13.323359172897,"GROSS_PROFIT_QOQ":16.780779339309,"ROA":-8.159511692131,"HOLDER_PROFIT_QOQ":-4.280885644046,"ROE_YEARLY":-26.646718345793,"ROIC_YEARLY":-16.564285879654,"TOTAL_ASSETS":6811853706.96,"TOTAL_LIABILITIES":2804395835.52,"TAX_EBT":-5.591103056063,"OCF_SALES":-29.925735487895,"TOTAL_PARENT_EQUITY":4007457871.44,"DEBT_ASSET_RATIO":41.1693491399,"OPERATE_PROFIT":-508311847.44,"PRETAX_PROFIT":-542665102.32,"NETCASH_OPERATE":-131335507.2,"NETCASH_INVEST":-31800433.44,"NETCASH_FINANCE":163212492,"END_CASH":103737909.84,"DIVI_RATIO":null,"DIVIDEND_RATE":null,"CURRENT_RATIO":0.124740268957,"COMMON_ACS":10000000000,"CURRENTDEBT_DEBT":92.816519619362,"ISSUED_COMMON_SHARES":6201187120,"HK_COMMON_SHARES":6201187120,"PER_SHARES":1000,"TOTAL_MARKET_CAP":694532957.44,"HKSK_MARKET_CAP":694532957.44,"PE_TTM":10.2662590528,"PB_TTM":0.195491209207,"REPORT_DATE_SQ":"2020-06-30 00:00:00","REPORT_TYPE_SQ":"2020年中报","OPERATE_INCOME_SQ":332570715.84,"DPS_HKD":null,"OPERATE_INCOME_QOQ_SQ":-29.285549326546,"NET_PROFIT_RATIO_SQ":-151.1145718319,"HOLDER_PROFIT_SQ":-502562813.28,"HOLDER_PROFIT_QOQ_SQ":-239.404164987327,"ROE_AVG_SQ":-7.674426454884,"PE_TTM_SQ":-3.873206528621,"PB_TTM_SQ":0.334811912589,"ROA_SQ":-5.220239389971,"START_DATE":"2021-01-01 00:00:00","FISCAL_YEAR":"12-31","CURRENCY":"HKD","IS_CNY_CODE":0,"DPS_HKD_LY":null,"ORG_TYPE":"一般企业","PREMIUM_INCOME":null,"PREMIUM_INCOME_YOY":null,"NET_INTEREST_INCOME":null,"NET_INTEREST_INCOME_YOY":null,"FEE_COMMISSION_INCOME":null,"FEE_COMMISSION_INCOME_YOY":null,"ACCOUNTS_RECE_TDAYS":2.123366781067,"INVENTORY_TDAYS":26.549828832256,"CURRENT_ASSETS_TDAYS":1.314248978692,"TOTAL_ASSETS_TDAYS":0.06249456812,"PREMIUM_EXPENSE":null,"LOAN_DEPOSIT":null,"LOAN_EQUITY":null,"LOAN_ASSETS":null,"DEPOSIT_EQUITY":null,"DEPOSIT_ASSETS":null,"EQUITY_MULTIPLIER":1.699794215056,"EQUITY_RATIO":0.699794215057},{"SECUCODE":"01680.HK","SECURITY_CODE":"01680","SECURITY_NAME_ABBR":"澳门励骏","ORG_CODE":"10332040","STD_REPORT_DATE":"2020-12-31 00:00:00","REPORT_DATE":"2020-12-31 00:00:00","DATE_TYPE_CODE":"001","REPORT_TYPE":"2020年年报","PER_NETCASH_OPERATE":-0.059768751987,"PER_OI":0.095104214601,"BPS":0.749348480134,"BASIC_EPS":-0.2651166,"DILUTED_EPS":null,"OPERATE_INCOME":589759030.64,"OPERATE_INCOME_YOY":-70.3040176025,"GROSS_PROFIT":-393868162.28,"GROSS_PROFIT_YOY":-176.623854478628,"HOLDER_PROFIT":-1645529921.08,"HOLDER_PROFIT_YOY":-927.6617328596,"GROSS_PROFIT_RATIO":-66.784591980318,"EPS_TTM":-0.265357243579,"OPERATE_INCOME_QOQ":-60.543865894897,"NET_PROFIT_RATIO":-279.0173334513,"ROE_AVG":-30.112820636035,"GROSS_PROFIT_QOQ":-540.973387766577,"ROA":-19.676597418303,"HOLDER_PROFIT_QOQ":-184.484116399917,"ROE_YEARLY":-30.112820636035,"ROIC_YEARLY":-21.504825325478,"TOTAL_ASSETS":7316358003.92,"TOTAL_LIABILITIES":2669507860.52,"TAX_EBT":-4.917891153323,"OCF_SALES":-62.845534488516,"TOTAL_PARENT_EQUITY":4646850143.4,"DEBT_ASSET_RATIO":36.486840298,"OPERATE_PROFIT":-1438598419.2,"PRETAX_PROFIT":-1568397823.28,"NETCASH_OPERATE":-370637215,"NETCASH_INVEST":-721236664.88,"NETCASH_FINANCE":-117993719.8,"END_CASH":105421301.48,"DIVI_RATIO":null,"DIVIDEND_RATE":null,"CURRENT_RATIO":0.359465617052,"COMMON_ACS":10000000000,"CURRENTDEBT_DEBT":36.173293780521,"ISSUED_COMMON_SHARES":6201187120,"HK_COMMON_SHARES":6201187120,"PER_SHARES":1000,"TOTAL_MARKET_CAP":694532957.44,"HKSK_MARKET_CAP":694532957.44,"PE_TTM":10.2662590528,"PB_TTM":0.195491209207,"REPORT_DATE_SQ":"2019-12-31 00:00:00","REPORT_TYPE_SQ":"2019年年报","OPERATE_INCOME_SQ":2113741609.48,"DPS_HKD":null,"OPERATE_INCOME_QOQ_SQ":18.499741564607,"NET_PROFIT_RATIO_SQ":-8.062666496,"HOLDER_PROFIT_SQ":-170423936.56,"HOLDER_PROFIT_QOQ_SQ":78.089776482152,"ROE_AVG_SQ":-2.510544174688,"PE_TTM_SQ":-3.873206528621,"PB_TTM_SQ":0.334811912589,"ROA_SQ":-1.716068396491,"START_DATE":"2020-01-01 00:00:00","FISCAL_YEAR":"12-31","CURRENCY":"HKD","IS_CNY_CODE":0,"DPS_HKD_LY":null,"ORG_TYPE":"一般企业","PREMIUM_INCOME":null,"PREMIUM_INCOME_YOY":null,"NET_INTEREST_INCOME":null,"NET_INTEREST_INCOME_YOY":null,"FEE_COMMISSION_INCOME":null,"FEE_COMMISSION_INCOME_YOY":null,"ACCOUNTS_RECE_TDAYS":2.093988411323,"INVENTORY_TDAYS":41.416198593122,"CURRENT_ASSETS_TDAYS":0.579462947833,"TOTAL_ASSETS_TDAYS":0.070521057509,"PREMIUM_EXPENSE":null,"LOAN_DEPOSIT":null,"LOAN_EQUITY":null,"LOAN_ASSETS":null,"DEPOSIT_EQUITY":null,"DEPOSIT_ASSETS":null,"EQUITY_MULTIPLIER":1.574476855965,"EQUITY_RATIO":0.574476855965},{"SECUCODE":"01680.HK","SECURITY_CODE":"01680","SECURITY_NAME_ABBR":"澳门励骏","ORG_CODE":"10332040","STD_REPORT_DATE":"2020-06-30 00:00:00","REPORT_DATE":"2020-06-30 00:00:00","DATE_TYPE_CODE":"002","REPORT_TYPE":"2020年中报","PER_NETCASH_OPERATE":-0.038909071926,"PER_OI":0.053630169418,"BPS":1.012530869915,"BASIC_EPS":-0.08129616,"DILUTED_EPS":null,"OPERATE_INCOME":332570715.84,"OPERATE_INCOME_YOY":-66.3435548341,"GROSS_PROFIT":-208010383.68,"GROSS_PROFIT_YOY":-195.990094449662,"HOLDER_PROFIT":-502562813.28,"HOLDER_PROFIT_YOY":-411.8161437063,"GROSS_PROFIT_RATIO":-62.546211609345,"EPS_TTM":-0.093276646492,"OPERATE_INCOME_QOQ":-29.285549326546,"NET_PROFIT_RATIO":-151.1145718319,"ROE_AVG":-7.674426454884,"GROSS_PROFIT_QOQ":-82.623927746137,"ROA":-5.220239389971,"HOLDER_PROFIT_QOQ":-239.404164987327,"ROE_YEARLY":-15.348852909767,"ROIC_YEARLY":-11.584492016076,"TOTAL_ASSETS":9042285970.08,"TOTAL_LIABILITIES":2763392580.96,"TAX_EBT":-11.47362619996,"OCF_SALES":-72.550716039617,"TOTAL_PARENT_EQUITY":6278893389.12,"DEBT_ASSET_RATIO":30.5607740134,"OPERATE_PROFIT":-402715600.32,"PRETAX_PROFIT":-450835619.52,"NETCASH_OPERATE":-241282435.68,"NETCASH_INVEST":-650740136.64,"NETCASH_FINANCE":-60207570.72,"END_CASH":472619336.64,"DIVI_RATIO":null,"DIVIDEND_RATE":null,"CURRENT_RATIO":0.646269675929,"COMMON_ACS":10000000000,"CURRENTDEBT_DEBT":40.031646877177,"ISSUED_COMMON_SHARES":6201187120,"HK_COMMON_SHARES":6201187120,"PER_SHARES":1000,"TOTAL_MARKET_CAP":694532957.44,"HKSK_MARKET_CAP":694532957.44,"PE_TTM":10.2662590528,"PB_TTM":0.195491209207,"REPORT_DATE_SQ":"2019-06-30 00:00:00","REPORT_TYPE_SQ":"2019年中报","OPERATE_INCOME_SQ":951591557.52,"DPS_HKD":null,"OPERATE_INCOME_QOQ_SQ":9.134793264637,"NET_PROFIT_RATIO_SQ":-9.9371216855,"HOLDER_PROFIT_SQ":-94560811.02,"HOLDER_PROFIT_QOQ_SQ":-145.151648094849,"ROE_AVG_SQ":-1.410963148355,"PE_TTM_SQ":-3.873206528621,"PB_TTM_SQ":0.334811912589,"ROA_SQ":-0.994561999557,"START_DATE":"2020-01-01 00:00:00","FISCAL_YEAR":"12-31","CURRENCY":"HKD","IS_CNY_CODE":0,"DPS_HKD_LY":null,"ORG_TYPE":"一般企业","PREMIUM_INCOME":null,"PREMIUM_INCOME_YOY":null,"NET_INTEREST_INCOME":null,"NET_INTEREST_INCOME_YOY":null,"FEE_COMMISSION_INCOME":null,"FEE_COMMISSION_INCOME_YOY":null,"ACCOUNTS_RECE_TDAYS":1.125232951648,"INVENTORY_TDAYS":20.884638458552,"CURRENT_ASSETS_TDAYS":0.261107911781,"TOTAL_ASSETS_TDAYS":0.034544910704,"PREMIUM_EXPENSE":null,"LOAN_DEPOSIT":null,"LOAN_EQUITY":null,"LOAN_ASSETS":null,"DEPOSIT_EQUITY":null,"DEPOSIT_ASSETS":null,"EQUITY_MULTIPLIER":1.440108218074,"EQUITY_RATIO":0.440108218074}],"count":27},"success":true,"message":"ok","code":0}