{"version":"5d078c9cb1367c28b181b59b123773ec","result":{"pages":4,"data":[{"SECUCODE":"01682.HK","SECURITY_CODE":"01682","SECURITY_NAME_ABBR":"杭品生活科技","ORG_CODE":"10147701","STD_REPORT_DATE":"2024-06-30 00:00:00","REPORT_DATE":"2024-09-30 00:00:00","DATE_TYPE_CODE":"002","REPORT_TYPE":"2024年中报","PER_NETCASH_OPERATE":-0.006634394518,"PER_OI":0.050516404882,"BPS":0.1054136673,"BASIC_EPS":0.004328592,"DILUTED_EPS":0.004328592,"OPERATE_INCOME":39702206.54,"OPERATE_INCOME_YOY":-27.8865211053,"GROSS_PROFIT":524841.78,"GROSS_PROFIT_YOY":-69.897179060245,"HOLDER_PROFIT":3407864.41,"HOLDER_PROFIT_YOY":275.7674418605,"GROSS_PROFIT_RATIO":1.321946122746,"EPS_TTM":-0.004215964396,"OPERATE_INCOME_QOQ":0,"NET_PROFIT_RATIO":8.5835642575,"ROE_AVG":4.199798845305,"GROSS_PROFIT_QOQ":0,"ROA":3.653166673917,"HOLDER_PROFIT_QOQ":0,"ROE_YEARLY":8.399597690611,"ROIC_YEARLY":19.588430437487,"TOTAL_ASSETS":91207040.6,"TOTAL_LIABILITIES":8359593.3,"TAX_EBT":null,"OCF_SALES":-13.133148594013,"TOTAL_PARENT_EQUITY":82847447.3,"DEBT_ASSET_RATIO":9.1655131501,"OPERATE_PROFIT":3407864.41,"PRETAX_PROFIT":3407864.41,"NETCASH_OPERATE":-5214149.78,"NETCASH_INVEST":13551198.33,"NETCASH_FINANCE":null,"END_CASH":62659074.57,"DIVI_RATIO":null,"DIVIDEND_RATE":null,"CURRENT_RATIO":10.830204962244,"COMMON_ACS":10000000000,"CURRENTDEBT_DEBT":100,"ISSUED_COMMON_SHARES":785927000,"HK_COMMON_SHARES":785927000,"PER_SHARES":4000,"TOTAL_MARKET_CAP":161115035,"HKSK_MARKET_CAP":161115035,"PE_TTM":70.85093887423,"PB_TTM":1.753728475019,"REPORT_DATE_SQ":"2023-06-30 00:00:00","REPORT_TYPE_SQ":"2023年中报","OPERATE_INCOME_SQ":56022229.13,"DPS_HKD":null,"OPERATE_INCOME_QOQ_SQ":0,"NET_PROFIT_RATIO_SQ":-3.5216458371,"HOLDER_PROFIT_SQ":-1972904.5,"HOLDER_PROFIT_QOQ_SQ":0,"ROE_AVG_SQ":-2.376228869523,"PE_TTM_SQ":-15.535303091738,"PB_TTM_SQ":0.684108806035,"ROA_SQ":-1.76240342644,"START_DATE":"2024-04-01 00:00:00","FISCAL_YEAR":"3-31","CURRENCY":"HKD","IS_CNY_CODE":0,"DPS_HKD_LY":null,"ORG_TYPE":"一般企业","PREMIUM_INCOME":null,"PREMIUM_INCOME_YOY":null,"NET_INTEREST_INCOME":null,"NET_INTEREST_INCOME_YOY":null,"FEE_COMMISSION_INCOME":null,"FEE_COMMISSION_INCOME_YOY":null,"ACCOUNTS_RECE_TDAYS":4.088785697701,"INVENTORY_TDAYS":null,"CURRENT_ASSETS_TDAYS":0.429348117591,"TOTAL_ASSETS_TDAYS":0.425600201074,"PREMIUM_EXPENSE":null,"LOAN_DEPOSIT":null,"LOAN_EQUITY":null,"LOAN_ASSETS":null,"DEPOSIT_EQUITY":null,"DEPOSIT_ASSETS":null,"EQUITY_MULTIPLIER":1.100903450528,"EQUITY_RATIO":0.100903450528},{"SECUCODE":"01682.HK","SECURITY_CODE":"01682","SECURITY_NAME_ABBR":"杭品生活科技","ORG_CODE":"10147701","STD_REPORT_DATE":"2023-12-31 00:00:00","REPORT_DATE":"2024-03-31 00:00:00","DATE_TYPE_CODE":"001","REPORT_TYPE":"2023年年报","PER_NETCASH_OPERATE":0.028053753784,"PER_OI":0.111531002307,"BPS":0.101611086081,"BASIC_EPS":-0.004260785,"DILUTED_EPS":-0.004260785,"OPERATE_INCOME":87655226.05,"OPERATE_INCOME_YOY":-21.5234153072,"GROSS_PROFIT":2093223.95,"GROSS_PROFIT_YOY":-56.698016568847,"HOLDER_PROFIT":-3313440.25,"HOLDER_PROFIT_YOY":33.6540206934,"GROSS_PROFIT_RATIO":2.388019567488,"EPS_TTM":-0.004373628174,"OPERATE_INCOME_QOQ":0,"NET_PROFIT_RATIO":-3.7800829446,"ROE_AVG":-4.073762406585,"GROSS_PROFIT_QOQ":0,"ROA":-2.969733902092,"HOLDER_PROFIT_QOQ":0,"ROE_YEARLY":-4.073762406585,"ROIC_YEARLY":-4.752864071989,"TOTAL_ASSETS":95866755.95,"TOTAL_LIABILITIES":16007859.9,"TAX_EBT":45.078888054095,"OCF_SALES":25.153323473746,"TOTAL_PARENT_EQUITY":79858896.05,"DEBT_ASSET_RATIO":16.6980302414,"OPERATE_PROFIT":-6033090.25,"PRETAX_PROFIT":-6033090.25,"NETCASH_OPERATE":22048202.55,"NETCASH_INVEST":3834706.5,"NETCASH_FINANCE":null,"END_CASH":54608758.9,"DIVI_RATIO":null,"DIVIDEND_RATE":null,"CURRENT_RATIO":5.928587609016,"COMMON_ACS":10000000000,"CURRENTDEBT_DEBT":100,"ISSUED_COMMON_SHARES":785927000,"HK_COMMON_SHARES":785927000,"PER_SHARES":4000,"TOTAL_MARKET_CAP":134393517,"HKSK_MARKET_CAP":134393517,"PE_TTM":59.100051451187,"PB_TTM":1.462866191357,"REPORT_DATE_SQ":"2022-12-31 00:00:00","REPORT_TYPE_SQ":"2022年年报","OPERATE_INCOME_SQ":107859266.1,"DPS_HKD":null,"OPERATE_INCOME_QOQ_SQ":0,"NET_PROFIT_RATIO_SQ":-4.4712279847,"HOLDER_PROFIT_SQ":-4822633.69,"HOLDER_PROFIT_QOQ_SQ":0,"ROE_AVG_SQ":-5.855810369111,"PE_TTM_SQ":-9.843703575967,"PB_TTM_SQ":0.60517317457,"ROA_SQ":-3.998911169585,"START_DATE":"2023-04-01 00:00:00","FISCAL_YEAR":"3-31","CURRENCY":"HKD","IS_CNY_CODE":0,"DPS_HKD_LY":null,"ORG_TYPE":"一般企业","PREMIUM_INCOME":null,"PREMIUM_INCOME_YOY":null,"NET_INTEREST_INCOME":null,"NET_INTEREST_INCOME_YOY":null,"FEE_COMMISSION_INCOME":null,"FEE_COMMISSION_INCOME_YOY":null,"ACCOUNTS_RECE_TDAYS":3.406831915156,"INVENTORY_TDAYS":null,"CURRENT_ASSETS_TDAYS":0.791491695522,"TOTAL_ASSETS_TDAYS":0.785626650416,"PREMIUM_EXPENSE":null,"LOAN_DEPOSIT":null,"LOAN_EQUITY":null,"LOAN_ASSETS":null,"DEPOSIT_EQUITY":null,"DEPOSIT_ASSETS":null,"EQUITY_MULTIPLIER":1.200451805519,"EQUITY_RATIO":0.200451805519},{"SECUCODE":"01682.HK","SECURITY_CODE":"01682","SECURITY_NAME_ABBR":"杭品生活科技","ORG_CODE":"10147701","STD_REPORT_DATE":"2023-06-30 00:00:00","REPORT_DATE":"2023-09-30 00:00:00","DATE_TYPE_CODE":"002","REPORT_TYPE":"2023年中报","PER_NETCASH_OPERATE":0.024479411676,"PER_OI":0.071281720987,"BPS":0.104625374456,"BASIC_EPS":-0.002477601,"DILUTED_EPS":-0.002477601,"OPERATE_INCOME":56022229.13,"OPERATE_INCOME_YOY":4.5053835225,"GROSS_PROFIT":1743497,"GROSS_PROFIT_YOY":-30.231311671365,"HOLDER_PROFIT":-1972904.5,"HOLDER_PROFIT_YOY":42.0953406949,"GROSS_PROFIT_RATIO":3.1121521351,"EPS_TTM":-0.006136236177,"OPERATE_INCOME_QOQ":0,"NET_PROFIT_RATIO":-3.5216458371,"ROE_AVG":-2.376228869523,"GROSS_PROFIT_QOQ":0,"ROA":-1.76240342644,"HOLDER_PROFIT_QOQ":0,"ROE_YEARLY":-4.752457739046,"ROIC_YEARLY":-4.849332370985,"TOTAL_ASSETS":95051785.92,"TOTAL_LIABILITIES":12823879.25,"TAX_EBT":null,"OCF_SALES":34.341779823426,"TOTAL_PARENT_EQUITY":82227906.67,"DEBT_ASSET_RATIO":13.4914658635,"OPERATE_PROFIT":-1972904.5,"PRETAX_PROFIT":-1972904.5,"NETCASH_OPERATE":19239030.58,"NETCASH_INVEST":-17017448.35,"NETCASH_FINANCE":null,"END_CASH":31686681.53,"DIVI_RATIO":null,"DIVIDEND_RATE":null,"CURRENT_RATIO":7.322432915921,"COMMON_ACS":10000000000,"CURRENTDEBT_DEBT":100,"ISSUED_COMMON_SHARES":785927000,"HK_COMMON_SHARES":785927000,"PER_SHARES":4000,"TOTAL_MARKET_CAP":134393517,"HKSK_MARKET_CAP":134393517,"PE_TTM":59.100051451187,"PB_TTM":1.462866191357,"REPORT_DATE_SQ":"2022-06-30 00:00:00","REPORT_TYPE_SQ":"2022年中报","OPERATE_INCOME_SQ":52836480.36,"DPS_HKD":null,"OPERATE_INCOME_QOQ_SQ":0,"NET_PROFIT_RATIO_SQ":-6.3558088978,"HOLDER_PROFIT_SQ":-3358185.72,"HOLDER_PROFIT_QOQ_SQ":0,"ROE_AVG_SQ":-3.902136559015,"PE_TTM_SQ":-9.843703575967,"PB_TTM_SQ":0.60517317457,"ROA_SQ":-2.8777480246,"START_DATE":"2023-04-01 00:00:00","FISCAL_YEAR":"3-31","CURRENCY":"HKD","IS_CNY_CODE":0,"DPS_HKD_LY":null,"ORG_TYPE":"一般企业","PREMIUM_INCOME":null,"PREMIUM_INCOME_YOY":null,"NET_INTEREST_INCOME":null,"NET_INTEREST_INCOME_YOY":null,"FEE_COMMISSION_INCOME":null,"FEE_COMMISSION_INCOME_YOY":null,"ACCOUNTS_RECE_TDAYS":2.288482803861,"INVENTORY_TDAYS":null,"CURRENT_ASSETS_TDAYS":0.504616274745,"TOTAL_ASSETS_TDAYS":0.500448798082,"PREMIUM_EXPENSE":null,"LOAN_DEPOSIT":null,"LOAN_EQUITY":null,"LOAN_ASSETS":null,"DEPOSIT_EQUITY":null,"DEPOSIT_ASSETS":null,"EQUITY_MULTIPLIER":1.155955316989,"EQUITY_RATIO":0.155955316988},{"SECUCODE":"01682.HK","SECURITY_CODE":"01682","SECURITY_NAME_ABBR":"杭品生活科技","ORG_CODE":"10147701","STD_REPORT_DATE":"2022-12-31 00:00:00","REPORT_DATE":"2023-03-31 00:00:00","DATE_TYPE_CODE":"001","REPORT_TYPE":"2022年年报","PER_NETCASH_OPERATE":-0.007140934858,"PER_OI":0.137238275438,"BPS":0.101750803192,"BASIC_EPS":-0.00612787,"DILUTED_EPS":-0.00612787,"OPERATE_INCOME":107859266.1,"OPERATE_INCOME_YOY":0.7119561219,"GROSS_PROFIT":4834014.02,"GROSS_PROFIT_YOY":-2.73357813548,"HOLDER_PROFIT":-4822633.69,"HOLDER_PROFIT_YOY":56.5296299219,"GROSS_PROFIT_RATIO":4.481779076374,"EPS_TTM":-0.015637445323,"OPERATE_INCOME_QOQ":0,"NET_PROFIT_RATIO":-4.4712279847,"ROE_AVG":-5.855810369111,"GROSS_PROFIT_QOQ":0,"ROA":-3.998911169585,"HOLDER_PROFIT_QOQ":0,"ROE_YEARLY":-5.855810369111,"ROIC_YEARLY":-5.272956119319,"TOTAL_ASSETS":122908439.41,"TOTAL_LIABILITIES":42939735.91,"TAX_EBT":null,"OCF_SALES":-5.203311419528,"TOTAL_PARENT_EQUITY":79968703.5,"DEBT_ASSET_RATIO":34.9363608521,"OPERATE_PROFIT":-4822633.69,"PRETAX_PROFIT":-4822633.69,"NETCASH_OPERATE":-6977017.7,"NETCASH_INVEST":5587742.03,"NETCASH_FINANCE":null,"END_CASH":28109415.1,"DIVI_RATIO":null,"DIVIDEND_RATE":null,"CURRENT_RATIO":2.846812501274,"COMMON_ACS":10000000000,"CURRENTDEBT_DEBT":100,"ISSUED_COMMON_SHARES":785927000,"HK_COMMON_SHARES":785927000,"PER_SHARES":4000,"TOTAL_MARKET_CAP":141466860,"HKSK_MARKET_CAP":141466860,"PE_TTM":62.210580474934,"PB_TTM":1.539859148797,"REPORT_DATE_SQ":"2021-12-31 00:00:00","REPORT_TYPE_SQ":"2021年年报","OPERATE_INCOME_SQ":99218152.39,"DPS_HKD":null,"OPERATE_INCOME_QOQ_SQ":0,"NET_PROFIT_RATIO_SQ":-10.3589207039,"HOLDER_PROFIT_SQ":-10277929.73,"HOLDER_PROFIT_QOQ_SQ":0,"ROE_AVG_SQ":-12.359682059785,"PE_TTM_SQ":-9.843703575967,"PB_TTM_SQ":0.60517317457,"ROA_SQ":-9.681953962397,"START_DATE":"2022-04-01 00:00:00","FISCAL_YEAR":"3-31","CURRENCY":"HKD","IS_CNY_CODE":0,"DPS_HKD_LY":null,"ORG_TYPE":"一般企业","PREMIUM_INCOME":null,"PREMIUM_INCOME_YOY":null,"NET_INTEREST_INCOME":null,"NET_INTEREST_INCOME_YOY":null,"FEE_COMMISSION_INCOME":null,"FEE_COMMISSION_INCOME_YOY":null,"ACCOUNTS_RECE_TDAYS":3.268429848529,"INVENTORY_TDAYS":null,"CURRENT_ASSETS_TDAYS":0.987746365396,"TOTAL_ASSETS_TDAYS":0.894365302604,"PREMIUM_EXPENSE":null,"LOAN_DEPOSIT":null,"LOAN_EQUITY":null,"LOAN_ASSETS":null,"DEPOSIT_EQUITY":null,"DEPOSIT_ASSETS":null,"EQUITY_MULTIPLIER":1.536956759715,"EQUITY_RATIO":0.536956759715},{"SECUCODE":"01682.HK","SECURITY_CODE":"01682","SECURITY_NAME_ABBR":"杭品生活科技","ORG_CODE":"10147701","STD_REPORT_DATE":"2022-06-30 00:00:00","REPORT_DATE":"2022-09-30 00:00:00","DATE_TYPE_CODE":"002","REPORT_TYPE":"2022年中报","PER_NETCASH_OPERATE":-0.003064564164,"PER_OI":0.067228229034,"BPS":0.107600380748,"BASIC_EPS":-0.004250868,"DILUTED_EPS":-0.004250868,"OPERATE_INCOME":52836480.36,"OPERATE_INCOME_YOY":-1.8811199382,"GROSS_PROFIT":2498967.72,"GROSS_PROFIT_YOY":-7.983276674258,"HOLDER_PROFIT":-3358185.72,"HOLDER_PROFIT_YOY":-129.7648514851,"GROSS_PROFIT_RATIO":4.729625635495,"EPS_TTM":-0.013077461049,"OPERATE_INCOME_QOQ":0,"NET_PROFIT_RATIO":-6.3558088978,"ROE_AVG":-3.902136559015,"GROSS_PROFIT_QOQ":0,"ROA":-2.8777480246,"HOLDER_PROFIT_QOQ":0,"ROE_YEARLY":-7.804273118031,"ROIC_YEARLY":-8.222287425746,"TOTAL_ASSETS":111178287,"TOTAL_LIABILITIES":26612242.56,"TAX_EBT":null,"OCF_SALES":-4.558448449991,"TOTAL_PARENT_EQUITY":84566044.44,"DEBT_ASSET_RATIO":23.9365466748,"OPERATE_PROFIT":-3358185.72,"PRETAX_PROFIT":-3358185.72,"NETCASH_OPERATE":-2408523.72,"NETCASH_INVEST":10090837.08,"NETCASH_FINANCE":null,"END_CASH":38851124.64,"DIVI_RATIO":null,"DIVIDEND_RATE":null,"CURRENT_RATIO":4.148450244698,"COMMON_ACS":10000000000,"CURRENTDEBT_DEBT":100,"ISSUED_COMMON_SHARES":785927000,"HK_COMMON_SHARES":785927000,"PER_SHARES":4000,"TOTAL_MARKET_CAP":141466860,"HKSK_MARKET_CAP":141466860,"PE_TTM":62.210580474934,"PB_TTM":1.539859148797,"REPORT_DATE_SQ":"2021-06-30 00:00:00","REPORT_TYPE_SQ":"2021年中报","OPERATE_INCOME_SQ":49599559.34,"DPS_HKD":null,"OPERATE_INCOME_QOQ_SQ":0,"NET_PROFIT_RATIO_SQ":-2.7141873394,"HOLDER_PROFIT_SQ":-1346224.96,"HOLDER_PROFIT_QOQ_SQ":0,"ROE_AVG_SQ":-1.501000822021,"PE_TTM_SQ":-9.843703575967,"PB_TTM_SQ":0.60517317457,"ROA_SQ":-1.185424269655,"START_DATE":"2022-04-01 00:00:00","FISCAL_YEAR":"3-31","CURRENCY":"HKD","IS_CNY_CODE":0,"DPS_HKD_LY":null,"ORG_TYPE":"一般企业","PREMIUM_INCOME":null,"PREMIUM_INCOME_YOY":null,"NET_INTEREST_INCOME":null,"NET_INTEREST_INCOME_YOY":null,"FEE_COMMISSION_INCOME":null,"FEE_COMMISSION_INCOME_YOY":null,"ACCOUNTS_RECE_TDAYS":2.068039010921,"INVENTORY_TDAYS":null,"CURRENT_ASSETS_TDAYS":0.503824891549,"TOTAL_ASSETS_TDAYS":0.452774473065,"PREMIUM_EXPENSE":null,"LOAN_DEPOSIT":null,"LOAN_EQUITY":null,"LOAN_ASSETS":null,"DEPOSIT_EQUITY":null,"DEPOSIT_ASSETS":null,"EQUITY_MULTIPLIER":1.314691821478,"EQUITY_RATIO":0.314691821478},{"SECUCODE":"01682.HK","SECURITY_CODE":"01682","SECURITY_NAME_ABBR":"杭品生活科技","ORG_CODE":"10147701","STD_REPORT_DATE":"2021-12-31 00:00:00","REPORT_DATE":"2022-03-31 00:00:00","DATE_TYPE_CODE":"001","REPORT_TYPE":"2021年年报","PER_NETCASH_OPERATE":0.006005746335,"PER_OI":0.126243470946,"BPS":0.099894548794,"BASIC_EPS":-0.013057261,"DILUTED_EPS":-0.013057261,"OPERATE_INCOME":99218152.39,"OPERATE_INCOME_YOY":1.9007638039,"GROSS_PROFIT":4969869.28,"GROSS_PROFIT_YOY":10.885338656993,"HOLDER_PROFIT":-10277929.73,"HOLDER_PROFIT_YOY":-220.0252525253,"GROSS_PROFIT_RATIO":5.009032279159,"EPS_TTM":-0.003669365323,"OPERATE_INCOME_QOQ":0,"NET_PROFIT_RATIO":-10.3589207039,"ROE_AVG":-12.359682059785,"GROSS_PROFIT_QOQ":0,"ROA":-9.681953962397,"HOLDER_PROFIT_QOQ":0,"ROE_YEARLY":-12.359682059785,"ROIC_YEARLY":-11.951094157421,"TOTAL_ASSETS":109586915.24,"TOTAL_LIABILITIES":31077092.19,"TAX_EBT":null,"OCF_SALES":4.757272823875,"TOTAL_PARENT_EQUITY":78509823.05,"DEBT_ASSET_RATIO":28.3583967319,"OPERATE_PROFIT":-10276307.71,"PRETAX_PROFIT":-10277929.73,"NETCASH_OPERATE":4720078.2,"NETCASH_INVEST":10639640.19,"NETCASH_FINANCE":-93266.15,"END_CASH":27949026.62,"DIVI_RATIO":null,"DIVIDEND_RATE":null,"CURRENT_RATIO":2.866410918865,"COMMON_ACS":10000000000,"CURRENTDEBT_DEBT":100,"ISSUED_COMMON_SHARES":785927000,"HK_COMMON_SHARES":785927000,"PER_SHARES":4000,"TOTAL_MARKET_CAP":141466860,"HKSK_MARKET_CAP":141466860,"PE_TTM":62.210580474934,"PB_TTM":1.539859148797,"REPORT_DATE_SQ":"2020-12-31 00:00:00","REPORT_TYPE_SQ":"2020年年报","OPERATE_INCOME_SQ":101469775.26,"DPS_HKD":null,"OPERATE_INCOME_QOQ_SQ":0,"NET_PROFIT_RATIO_SQ":-3.2984332442,"HOLDER_PROFIT_SQ":-3346912.8,"HOLDER_PROFIT_QOQ_SQ":0,"ROE_AVG_SQ":-3.903015966884,"PE_TTM_SQ":-9.843703575967,"PB_TTM_SQ":0.60517317457,"ROA_SQ":-3.322175521607,"START_DATE":"2021-04-01 00:00:00","FISCAL_YEAR":"3-31","CURRENCY":"HKD","IS_CNY_CODE":0,"DPS_HKD_LY":null,"ORG_TYPE":"一般企业","PREMIUM_INCOME":null,"PREMIUM_INCOME_YOY":null,"NET_INTEREST_INCOME":null,"NET_INTEREST_INCOME_YOY":null,"FEE_COMMISSION_INCOME":null,"FEE_COMMISSION_INCOME_YOY":null,"ACCOUNTS_RECE_TDAYS":4.457768546859,"INVENTORY_TDAYS":null,"CURRENT_ASSETS_TDAYS":1.367458600898,"TOTAL_ASSETS_TDAYS":0.934648911707,"PREMIUM_EXPENSE":null,"LOAN_DEPOSIT":null,"LOAN_EQUITY":null,"LOAN_ASSETS":null,"DEPOSIT_EQUITY":null,"DEPOSIT_ASSETS":null,"EQUITY_MULTIPLIER":1.395836991891,"EQUITY_RATIO":0.395836991891},{"SECUCODE":"01682.HK","SECURITY_CODE":"01682","SECURITY_NAME_ABBR":"杭品生活科技","ORG_CODE":"10147701","STD_REPORT_DATE":"2021-06-30 00:00:00","REPORT_DATE":"2021-09-30 00:00:00","DATE_TYPE_CODE":"002","REPORT_TYPE":"2021年中报","PER_NETCASH_OPERATE":-0.00227045835,"PER_OI":0.06310962639,"BPS":0.113478398732,"BASIC_EPS":-0.001749426,"DILUTED_EPS":-0.001749426,"OPERATE_INCOME":49599559.34,"OPERATE_INCOME_YOY":-6.5072311292,"GROSS_PROFIT":2715775.6,"GROSS_PROFIT_YOY":43.548725520277,"HOLDER_PROFIT":-1346224.96,"HOLDER_PROFIT_YOY":21.5152986887,"GROSS_PROFIT_RATIO":5.475402677237,"EPS_TTM":-0.004258554293,"OPERATE_INCOME_QOQ":0,"NET_PROFIT_RATIO":-2.7141873394,"ROE_AVG":-1.501000822021,"GROSS_PROFIT_QOQ":0,"ROA":-1.185424269655,"HOLDER_PROFIT_QOQ":0,"ROE_YEARLY":-3.002001644042,"ROIC_YEARLY":-2.889868471642,"TOTAL_ASSETS":121612597.98,"TOTAL_LIABILITIES":32426860.5,"TAX_EBT":null,"OCF_SALES":-3.597641881792,"TOTAL_PARENT_EQUITY":89185737.48,"DEBT_ASSET_RATIO":26.6640636238,"OPERATE_PROFIT":-1344558.84,"PRETAX_PROFIT":-1346224.96,"NETCASH_OPERATE":-1784414.52,"NETCASH_INVEST":17236844.46,"NETCASH_FINANCE":-56648.08,"END_CASH":28094115.44,"DIVI_RATIO":null,"DIVIDEND_RATE":null,"CURRENT_RATIO":2.581939627489,"COMMON_ACS":10000000000,"CURRENTDEBT_DEBT":100,"ISSUED_COMMON_SHARES":785927000,"HK_COMMON_SHARES":785927000,"PER_SHARES":4000,"TOTAL_MARKET_CAP":141466860,"HKSK_MARKET_CAP":141466860,"PE_TTM":62.210580474934,"PB_TTM":1.539859148797,"REPORT_DATE_SQ":"2020-06-30 00:00:00","REPORT_TYPE_SQ":"2020年中报","OPERATE_INCOME_SQ":55959525.76,"DPS_HKD":null,"OPERATE_INCOME_QOQ_SQ":0,"NET_PROFIT_RATIO_SQ":-3.2332019534,"HOLDER_PROFIT_SQ":-1809284.48,"HOLDER_PROFIT_QOQ_SQ":0,"ROE_AVG_SQ":-2.195552380292,"PE_TTM_SQ":-9.843703575967,"PB_TTM_SQ":0.60517317457,"ROA_SQ":-1.696751943766,"START_DATE":"2021-04-01 00:00:00","FISCAL_YEAR":"3-31","CURRENCY":"HKD","IS_CNY_CODE":0,"DPS_HKD_LY":null,"ORG_TYPE":"一般企业","PREMIUM_INCOME":null,"PREMIUM_INCOME_YOY":null,"NET_INTEREST_INCOME":null,"NET_INTEREST_INCOME_YOY":null,"FEE_COMMISSION_INCOME":null,"FEE_COMMISSION_INCOME_YOY":null,"ACCOUNTS_RECE_TDAYS":2.204739862988,"INVENTORY_TDAYS":null,"CURRENT_ASSETS_TDAYS":0.702139828884,"TOTAL_ASSETS_TDAYS":0.436751086578,"PREMIUM_EXPENSE":null,"LOAN_DEPOSIT":null,"LOAN_EQUITY":null,"LOAN_ASSETS":null,"DEPOSIT_EQUITY":null,"DEPOSIT_ASSETS":null,"EQUITY_MULTIPLIER":1.363587961665,"EQUITY_RATIO":0.363587961666},{"SECUCODE":"01682.HK","SECURITY_CODE":"01682","SECURITY_NAME_ABBR":"杭品生活科技","ORG_CODE":"10147701","STD_REPORT_DATE":"2020-12-31 00:00:00","REPORT_DATE":"2021-03-31 00:00:00","DATE_TYPE_CODE":"001","REPORT_TYPE":"2020年年报","PER_NETCASH_OPERATE":-0.006612588472,"PER_OI":0.129108397167,"BPS":0.116427368827,"BASIC_EPS":-0.00507108,"DILUTED_EPS":-0.00507108,"OPERATE_INCOME":101469775.26,"OPERATE_INCOME_YOY":-1.6708027224,"GROSS_PROFIT":4481989.54,"GROSS_PROFIT_YOY":3.096228017185,"HOLDER_PROFIT":-3346912.8,"HOLDER_PROFIT_YOY":83.5013748854,"GROSS_PROFIT_RATIO":4.417068559101,"EPS_TTM":-0.028296701401,"OPERATE_INCOME_QOQ":0,"NET_PROFIT_RATIO":-3.2984332442,"ROE_AVG":-3.903015966884,"GROSS_PROFIT_QOQ":0,"ROA":-3.322175521607,"HOLDER_PROFIT_QOQ":0,"ROE_YEARLY":-3.903015966884,"ROIC_YEARLY":-3.932101738168,"TOTAL_ASSETS":107052189.16,"TOTAL_LIABILITIES":15548776.46,"TAX_EBT":-312.5,"OCF_SALES":-5.121733843091,"TOTAL_PARENT_EQUITY":91503412.7,"DEBT_ASSET_RATIO":14.5244824809,"OPERATE_PROFIT":-787707.76,"PRETAX_PROFIT":-811372.8,"NETCASH_OPERATE":-5323788.82,"NETCASH_INVEST":-22091314.84,"NETCASH_FINANCE":13385115.66,"END_CASH":12883078.74,"DIVI_RATIO":null,"DIVIDEND_RATE":null,"CURRENT_RATIO":3.755557971408,"COMMON_ACS":10000000000,"CURRENTDEBT_DEBT":100,"ISSUED_COMMON_SHARES":785927000,"HK_COMMON_SHARES":785927000,"PER_SHARES":4000,"TOTAL_MARKET_CAP":141466860,"HKSK_MARKET_CAP":141466860,"PE_TTM":62.210580474934,"PB_TTM":1.539859148797,"REPORT_DATE_SQ":"2019-12-31 00:00:00","REPORT_TYPE_SQ":"2019年年报","OPERATE_INCOME_SQ":111560028.9,"DPS_HKD":null,"OPERATE_INCOME_QOQ_SQ":0,"NET_PROFIT_RATIO_SQ":-19.6581406587,"HOLDER_PROFIT_SQ":-21930627.4,"HOLDER_PROFIT_QOQ_SQ":0,"ROE_AVG_SQ":-22.729166666667,"PE_TTM_SQ":-9.843703575967,"PB_TTM_SQ":0.60517317457,"ROA_SQ":-19.365744046539,"START_DATE":"2020-04-01 00:00:00","FISCAL_YEAR":"3-31","CURRENCY":"HKD","IS_CNY_CODE":0,"DPS_HKD_LY":null,"ORG_TYPE":"一般企业","PREMIUM_INCOME":null,"PREMIUM_INCOME_YOY":null,"NET_INTEREST_INCOME":null,"NET_INTEREST_INCOME_YOY":null,"FEE_COMMISSION_INCOME":null,"FEE_COMMISSION_INCOME_YOY":null,"ACCOUNTS_RECE_TDAYS":3.112825233027,"INVENTORY_TDAYS":null,"CURRENT_ASSETS_TDAYS":1.582790056887,"TOTAL_ASSETS_TDAYS":1.007198046963,"PREMIUM_EXPENSE":null,"LOAN_DEPOSIT":null,"LOAN_EQUITY":null,"LOAN_ASSETS":null,"DEPOSIT_EQUITY":null,"DEPOSIT_ASSETS":null,"EQUITY_MULTIPLIER":1.169925645407,"EQUITY_RATIO":0.169925645407},{"SECUCODE":"01682.HK","SECURITY_CODE":"01682","SECURITY_NAME_ABBR":"杭品生活科技","ORG_CODE":"10147701","STD_REPORT_DATE":"2020-06-30 00:00:00","REPORT_DATE":"2020-09-30 00:00:00","DATE_TYPE_CODE":"002","REPORT_TYPE":"2020年中报","PER_NETCASH_OPERATE":0.017289668393,"PER_OI":0.085313648866,"BPS":0.103875245818,"BASIC_EPS":-0.002724032,"DILUTED_EPS":-0.002724032,"OPERATE_INCOME":55959525.76,"OPERATE_INCOME_YOY":6.6270406028,"GROSS_PROFIT":1891884.16,"GROSS_PROFIT_YOY":-38.851040903369,"HOLDER_PROFIT":-1809284.48,"HOLDER_PROFIT_YOY":64.1414141414,"GROSS_PROFIT_RATIO":3.380808064947,"EPS_TTM":-0.033434555065,"OPERATE_INCOME_QOQ":0,"NET_PROFIT_RATIO":-3.2332019534,"ROE_AVG":-2.195552380292,"GROSS_PROFIT_QOQ":0,"ROA":-1.696751943766,"HOLDER_PROFIT_QOQ":0,"ROE_YEARLY":-4.391104760585,"ROIC_YEARLY":-4.245470244078,"TOTAL_ASSETS":115079807.36,"TOTAL_LIABILITIES":33441447.04,"TAX_EBT":null,"OCF_SALES":20.266005056295,"TOTAL_PARENT_EQUITY":81638360.32,"DEBT_ASSET_RATIO":29.0593526416,"OPERATE_PROFIT":-1787316.48,"PRETAX_PROFIT":-1809284.48,"NETCASH_OPERATE":11340760.32,"NETCASH_INVEST":-7128176.64,"NETCASH_FINANCE":384879.36,"END_CASH":23697320.96,"DIVI_RATIO":null,"DIVIDEND_RATE":null,"CURRENT_RATIO":2.14208874944,"COMMON_ACS":10000000000,"CURRENTDEBT_DEBT":99.658407126153,"ISSUED_COMMON_SHARES":785927000,"HK_COMMON_SHARES":785927000,"PER_SHARES":4000,"TOTAL_MARKET_CAP":141466860,"HKSK_MARKET_CAP":141466860,"PE_TTM":62.210580474934,"PB_TTM":1.539859148797,"REPORT_DATE_SQ":"2019-06-30 00:00:00","REPORT_TYPE_SQ":"2019年中报","OPERATE_INCOME_SQ":53872547.25,"DPS_HKD":null,"OPERATE_INCOME_QOQ_SQ":0,"NET_PROFIT_RATIO_SQ":-9.6140644621,"HOLDER_PROFIT_SQ":-5179341.42,"HOLDER_PROFIT_QOQ_SQ":0,"ROE_AVG_SQ":-5.042149631191,"PE_TTM_SQ":-9.843703575967,"PB_TTM_SQ":0.60517317457,"ROA_SQ":-4.313320437943,"START_DATE":"2020-04-01 00:00:00","FISCAL_YEAR":"3-31","CURRENCY":"HKD","IS_CNY_CODE":0,"DPS_HKD_LY":null,"ORG_TYPE":"一般企业","PREMIUM_INCOME":null,"PREMIUM_INCOME_YOY":null,"NET_INTEREST_INCOME":null,"NET_INTEREST_INCOME_YOY":null,"FEE_COMMISSION_INCOME":null,"FEE_COMMISSION_INCOME_YOY":null,"ACCOUNTS_RECE_TDAYS":1.415272129253,"INVENTORY_TDAYS":null,"CURRENT_ASSETS_TDAYS":0.77730920631,"TOTAL_ASSETS_TDAYS":0.524789966172,"PREMIUM_EXPENSE":null,"LOAN_DEPOSIT":null,"LOAN_EQUITY":null,"LOAN_ASSETS":null,"DEPOSIT_EQUITY":null,"DEPOSIT_ASSETS":null,"EQUITY_MULTIPLIER":1.409629087465,"EQUITY_RATIO":0.409629087465}],"count":33},"success":true,"message":"ok","code":0}