{"version":"ce53ec6d6b9cb0303d4ec7b745ea0033","result":{"pages":3,"data":[{"SECUCODE":"01683.HK","SECURITY_CODE":"01683","SECURITY_NAME_ABBR":"旷逸国际","ORG_CODE":"10472746","STD_REPORT_DATE":"2024-06-30 00:00:00","REPORT_DATE":"2024-06-30 00:00:00","DATE_TYPE_CODE":"002","REPORT_TYPE":"2024年中报","PER_NETCASH_OPERATE":-0.017324018519,"PER_OI":0.073545505581,"BPS":0.221398843981,"BASIC_EPS":0.003376916,"DILUTED_EPS":0.003376916,"OPERATE_INCOME":114377970.28,"OPERATE_INCOME_YOY":6.1026305318,"GROSS_PROFIT":22620773.8,"GROSS_PROFIT_YOY":67.99037339663,"HOLDER_PROFIT":2755380.92,"HOLDER_PROFIT_YOY":155.6292611019,"GROSS_PROFIT_RATIO":19.777212119278,"EPS_TTM":0.001705514841,"OPERATE_INCOME_QOQ":2.062847623287,"NET_PROFIT_RATIO":4.5570973739,"ROE_AVG":0.82522075817,"GROSS_PROFIT_QOQ":16.609976113751,"ROA":0.609663745908,"HOLDER_PROFIT_QOQ":151.941464116172,"ROE_YEARLY":1.65044151634,"ROIC_YEARLY":1.346110758742,"TOTAL_ASSETS":464992206.4,"TOTAL_LIABILITIES":110414201.04,"TAX_EBT":32.867050664159,"OCF_SALES":-23.555509451728,"TOTAL_PARENT_EQUITY":344319482.16,"DEBT_ASSET_RATIO":23.7453874539,"OPERATE_PROFIT":10653713.64,"PRETAX_PROFIT":7764168.76,"NETCASH_OPERATE":-26942313.6,"NETCASH_INVEST":912.68,"NETCASH_FINANCE":21923486.28,"END_CASH":29712297.4,"DIVI_RATIO":null,"DIVIDEND_RATE":null,"CURRENT_RATIO":4.025814610921,"COMMON_ACS":3000000000,"CURRENTDEBT_DEBT":100,"ISSUED_COMMON_SHARES":1555200000,"HK_COMMON_SHARES":1555200000,"PER_SHARES":16000,"TOTAL_MARKET_CAP":236390400,"HKSK_MARKET_CAP":236390400,"PE_TTM":84.09477054429,"PB_TTM":0.626594780285,"REPORT_DATE_SQ":"2023-06-30 00:00:00","REPORT_TYPE_SQ":"2023年中报","OPERATE_INCOME_SQ":108897823.74,"DPS_HKD":null,"OPERATE_INCOME_QOQ_SQ":9.62391624897,"NET_PROFIT_RATIO_SQ":-3.8674828342,"HOLDER_PROFIT_SQ":-5003585.46,"HOLDER_PROFIT_QOQ_SQ":-279.336516405552,"ROE_AVG_SQ":-1.838467571051,"PE_TTM_SQ":-8.710005652911,"PB_TTM_SQ":0.400292125036,"ROA_SQ":-1.389278212754,"START_DATE":"2024-01-01 00:00:00","FISCAL_YEAR":"12-31","CURRENCY":"HKD","IS_CNY_CODE":0,"DPS_HKD_LY":null,"ORG_TYPE":"一般企业","PREMIUM_INCOME":null,"PREMIUM_INCOME_YOY":null,"NET_INTEREST_INCOME":null,"NET_INTEREST_INCOME_YOY":null,"FEE_COMMISSION_INCOME":null,"FEE_COMMISSION_INCOME_YOY":null,"ACCOUNTS_RECE_TDAYS":1.118982459117,"INVENTORY_TDAYS":0.851996389846,"CURRENT_ASSETS_TDAYS":0.265808501477,"TOTAL_ASSETS_TDAYS":0.253076085793,"PREMIUM_EXPENSE":null,"LOAN_DEPOSIT":null,"LOAN_EQUITY":null,"LOAN_ASSETS":null,"DEPOSIT_EQUITY":null,"DEPOSIT_ASSETS":null,"EQUITY_MULTIPLIER":1.311396080329,"EQUITY_RATIO":0.320673696264},{"SECUCODE":"01683.HK","SECURITY_CODE":"01683","SECURITY_NAME_ABBR":"旷逸国际","ORG_CODE":"10472746","STD_REPORT_DATE":"2023-12-31 00:00:00","REPORT_DATE":"2023-12-31 00:00:00","DATE_TYPE_CODE":"001","REPORT_TYPE":"2023年年报","PER_NETCASH_OPERATE":-0.107903111944,"PER_OI":0.204984027176,"BPS":0.206522247055,"BASIC_EPS":-0.0045311,"DILUTED_EPS":-0.0045311,"OPERATE_INCOME":265659299.22,"OPERATE_INCOME_YOY":53.7623523488,"GROSS_PROFIT":55119019.06,"GROSS_PROFIT_YOY":78.730069117095,"HOLDER_PROFIT":-5106549.7,"HOLDER_PROFIT_YOY":-35.067114094,"GROSS_PROFIT_RATIO":20.748010411017,"EPS_TTM":-0.003940238966,"OPERATE_INCOME_QOQ":42.042149834322,"NET_PROFIT_RATIO":-0.3141725595,"ROE_AVG":-1.88342800609,"GROSS_PROFIT_QOQ":122.432377900934,"ROA":-1.372540661669,"HOLDER_PROFIT_QOQ":63.877661084137,"ROE_YEARLY":-1.88342800609,"ROIC_YEARLY":-1.576949393497,"TOTAL_ASSETS":435803010.44,"TOTAL_LIABILITIES":106418320.82,"TAX_EBT":82.062780269058,"OCF_SALES":-52.639765854457,"TOTAL_PARENT_EQUITY":321183398.62,"DEBT_ASSET_RATIO":24.4189044753,"OPERATE_PROFIT":11860607.36,"PRETAX_PROFIT":6062611.8,"NETCASH_OPERATE":-139842433.08,"NETCASH_INVEST":-57998.08,"NETCASH_FINANCE":131098316.3,"END_CASH":36642099.48,"DIVI_RATIO":null,"DIVIDEND_RATE":null,"CURRENT_RATIO":3.882339416338,"COMMON_ACS":3000000000,"CURRENTDEBT_DEBT":100,"ISSUED_COMMON_SHARES":1555200000,"HK_COMMON_SHARES":1555200000,"PER_SHARES":16000,"TOTAL_MARKET_CAP":311040000,"HKSK_MARKET_CAP":311040000,"PE_TTM":110.651013874066,"PB_TTM":0.824466816165,"REPORT_DATE_SQ":"2022-12-31 00:00:00","REPORT_TYPE_SQ":"2022年年报","OPERATE_INCOME_SQ":170303712.04,"DPS_HKD":null,"OPERATE_INCOME_QOQ_SQ":-29.419437388811,"NET_PROFIT_RATIO_SQ":-0.7230593631,"HOLDER_PROFIT_SQ":-3726722.44,"HOLDER_PROFIT_QOQ_SQ":-159.36277125634,"ROE_AVG_SQ":-1.716798245343,"PE_TTM_SQ":-9.11701526286,"PB_TTM_SQ":0.418997364524,"ROA_SQ":-1.267830769511,"START_DATE":"2023-01-01 00:00:00","FISCAL_YEAR":"12-31","CURRENCY":"HKD","IS_CNY_CODE":0,"DPS_HKD_LY":null,"ORG_TYPE":"一般企业","PREMIUM_INCOME":null,"PREMIUM_INCOME_YOY":null,"NET_INTEREST_INCOME":null,"NET_INTEREST_INCOME_YOY":null,"FEE_COMMISSION_INCOME":null,"FEE_COMMISSION_INCOME_YOY":null,"ACCOUNTS_RECE_TDAYS":4.180495839483,"INVENTORY_TDAYS":1.907290422418,"CURRENT_ASSETS_TDAYS":0.765452278528,"TOTAL_ASSETS_TDAYS":0.71404022628,"PREMIUM_EXPENSE":null,"LOAN_DEPOSIT":null,"LOAN_EQUITY":null,"LOAN_ASSETS":null,"DEPOSIT_EQUITY":null,"DEPOSIT_ASSETS":null,"EQUITY_MULTIPLIER":1.323082171617,"EQUITY_RATIO":0.331331947035},{"SECUCODE":"01683.HK","SECURITY_CODE":"01683","SECURITY_NAME_ABBR":"旷逸国际","ORG_CODE":"10472746","STD_REPORT_DATE":"2023-06-30 00:00:00","REPORT_DATE":"2023-06-30 00:00:00","DATE_TYPE_CODE":"002","REPORT_TYPE":"2023年中报","PER_NETCASH_OPERATE":-0.101496054475,"PER_OI":0.084026098565,"BPS":0.205374720589,"BASIC_EPS":-0.00322693,"DILUTED_EPS":-0.00322693,"OPERATE_INCOME":108897823.74,"OPERATE_INCOME_YOY":9.2243244743,"GROSS_PROFIT":13465517.9,"GROSS_PROFIT_YOY":-32.09571886091,"HOLDER_PROFIT":-5003585.46,"HOLDER_PROFIT_YOY":-185.8430876305,"GROSS_PROFIT_RATIO":12.365277319177,"EPS_TTM":-0.010908039414,"OPERATE_INCOME_QOQ":9.62391624897,"NET_PROFIT_RATIO":-3.8674828342,"ROE_AVG":-1.838467571051,"GROSS_PROFIT_QOQ":-20.435635052686,"ROA":-1.389278212754,"HOLDER_PROFIT_QOQ":-279.336516405552,"ROE_YEARLY":-3.676935142103,"ROIC_YEARLY":-3.271282246799,"TOTAL_ASSETS":406654030.68,"TOTAL_LIABILITIES":82232318.18,"TAX_EBT":-41.863354037267,"OCF_SALES":-120.791106821434,"TOTAL_PARENT_EQUITY":319398765.46,"DEBT_ASSET_RATIO":20.2216901779,"OPERATE_PROFIT":743115.88,"PRETAX_PROFIT":-2968775.6,"NETCASH_OPERATE":-131538886.6,"NETCASH_INVEST":921.98,"NETCASH_FINANCE":132472852.34,"END_CASH":50965210.44,"DIVI_RATIO":null,"DIVIDEND_RATE":null,"CURRENT_RATIO":4.621262234979,"COMMON_ACS":3000000000,"CURRENTDEBT_DEBT":100,"ISSUED_COMMON_SHARES":1555200000,"HK_COMMON_SHARES":1555200000,"PER_SHARES":16000,"TOTAL_MARKET_CAP":311040000,"HKSK_MARKET_CAP":311040000,"PE_TTM":110.651013874066,"PB_TTM":0.824466816165,"REPORT_DATE_SQ":"2022-06-30 00:00:00","REPORT_TYPE_SQ":"2022年中报","OPERATE_INCOME_SQ":92478536.22,"DPS_HKD":null,"OPERATE_INCOME_QOQ_SQ":19.613642747051,"NET_PROFIT_RATIO_SQ":7.2879098929,"HOLDER_PROFIT_SQ":5406511.18,"HOLDER_PROFIT_QOQ_SQ":53.968766444419,"ROE_AVG_SQ":2.618759630839,"PE_TTM_SQ":-9.11701526286,"PB_TTM_SQ":0.418997364524,"ROA_SQ":1.996491455225,"START_DATE":"2023-01-01 00:00:00","FISCAL_YEAR":"12-31","CURRENCY":"HKD","IS_CNY_CODE":0,"DPS_HKD_LY":null,"ORG_TYPE":"一般企业","PREMIUM_INCOME":null,"PREMIUM_INCOME_YOY":null,"NET_INTEREST_INCOME":null,"NET_INTEREST_INCOME_YOY":null,"FEE_COMMISSION_INCOME":null,"FEE_COMMISSION_INCOME_YOY":null,"ACCOUNTS_RECE_TDAYS":2.557637964076,"INVENTORY_TDAYS":0.610097961782,"CURRENT_ASSETS_TDAYS":0.327081801604,"TOTAL_ASSETS_TDAYS":0.302361926558,"PREMIUM_EXPENSE":null,"LOAN_DEPOSIT":null,"LOAN_EQUITY":null,"LOAN_ASSETS":null,"DEPOSIT_EQUITY":null,"DEPOSIT_ASSETS":null,"EQUITY_MULTIPLIER":1.253473534636,"EQUITY_RATIO":0.25745972456},{"SECUCODE":"01683.HK","SECURITY_CODE":"01683","SECURITY_NAME_ABBR":"旷逸国际","ORG_CODE":"10472746","STD_REPORT_DATE":"2022-12-31 00:00:00","REPORT_DATE":"2022-12-31 00:00:00","DATE_TYPE_CODE":"001","REPORT_TYPE":"2022年年报","PER_NETCASH_OPERATE":0.01200538338,"PER_OI":0.197110777824,"BPS":0.140122541229,"BASIC_EPS":-0.008843373,"DILUTED_EPS":-0.008843373,"OPERATE_INCOME":170303712.04,"OPERATE_INCOME_YOY":-22.7276773071,"GROSS_PROFIT":30839253.48,"GROSS_PROFIT_YOY":-20.008390607052,"HOLDER_PROFIT":-3726722.44,"HOLDER_PROFIT_YOY":-183.6575095248,"GROSS_PROFIT_RATIO":18.255023718023,"EPS_TTM":-0.004313336157,"OPERATE_INCOME_QOQ":-29.419437388811,"NET_PROFIT_RATIO":-0.7230593631,"ROE_AVG":-1.716798245343,"GROSS_PROFIT_QOQ":-32.599170000024,"ROA":-1.267830769511,"HOLDER_PROFIT_QOQ":-159.36277125634,"ROE_YEARLY":-1.716798245343,"ROIC_YEARLY":-1.445186320612,"TOTAL_ASSETS":303893133.81,"TOTAL_LIABILITIES":81990573.49,"TAX_EBT":79.035155247626,"OCF_SALES":6.079772139439,"TOTAL_PARENT_EQUITY":217918576.12,"DEBT_ASSET_RATIO":26.9800677831,"OPERATE_PROFIT":7950103,"PRETAX_PROFIT":3481073.19,"NETCASH_OPERATE":10372651.24,"NETCASH_INVEST":-269767.54,"NETCASH_FINANCE":17616177.67,"END_CASH":46887742.3,"DIVI_RATIO":null,"DIVIDEND_RATE":null,"CURRENT_RATIO":3.410794041935,"COMMON_ACS":3000000000,"CURRENTDEBT_DEBT":99.035811171517,"ISSUED_COMMON_SHARES":1555200000,"HK_COMMON_SHARES":1555200000,"PER_SHARES":16000,"TOTAL_MARKET_CAP":311040000,"HKSK_MARKET_CAP":311040000,"PE_TTM":110.651013874066,"PB_TTM":0.824466816165,"REPORT_DATE_SQ":"2021-12-31 00:00:00","REPORT_TYPE_SQ":"2021年年报","OPERATE_INCOME_SQ":202086192,"DPS_HKD":null,"OPERATE_INCOME_QOQ_SQ":82.371312563333,"NET_PROFIT_RATIO_SQ":2.779868107,"HOLDER_PROFIT_SQ":4077371.2,"HOLDER_PROFIT_QOQ_SQ":147.201843077479,"ROE_AVG_SQ":2.146575787641,"PE_TTM_SQ":-9.11701526286,"PB_TTM_SQ":0.418997364524,"ROA_SQ":1.71528120534,"START_DATE":"2022-01-01 00:00:00","FISCAL_YEAR":"12-31","CURRENCY":"HKD","IS_CNY_CODE":0,"DPS_HKD_LY":null,"ORG_TYPE":"一般企业","PREMIUM_INCOME":null,"PREMIUM_INCOME_YOY":null,"NET_INTEREST_INCOME":null,"NET_INTEREST_INCOME_YOY":null,"FEE_COMMISSION_INCOME":null,"FEE_COMMISSION_INCOME_YOY":null,"ACCOUNTS_RECE_TDAYS":8.927118207571,"INVENTORY_TDAYS":1.172444607985,"CURRENT_ASSETS_TDAYS":0.644280314594,"TOTAL_ASSETS_TDAYS":0.580412440058,"PREMIUM_EXPENSE":null,"LOAN_DEPOSIT":null,"LOAN_EQUITY":null,"LOAN_ASSETS":null,"DEPOSIT_EQUITY":null,"DEPOSIT_ASSETS":null,"EQUITY_MULTIPLIER":1.36948908283,"EQUITY_RATIO":0.376244076801},{"SECUCODE":"01683.HK","SECURITY_CODE":"01683","SECURITY_NAME_ABBR":"旷逸国际","ORG_CODE":"10472746","STD_REPORT_DATE":"2022-06-30 00:00:00","REPORT_DATE":"2022-06-30 00:00:00","DATE_TYPE_CODE":"002","REPORT_TYPE":"2022年中报","PER_NETCASH_OPERATE":-0.016328190181,"PER_OI":0.128442411417,"BPS":0.132391132465,"BASIC_EPS":0.009321571,"DILUTED_EPS":0.009321571,"OPERATE_INCOME":92478536.22,"OPERATE_INCOME_YOY":70.2799735458,"GROSS_PROFIT":19830145.72,"GROSS_PROFIT_YOY":62.876012981151,"HOLDER_PROFIT":5406511.18,"HOLDER_PROFIT_YOY":64.0799377109,"GROSS_PROFIT_RATIO":21.442971018513,"EPS_TTM":0.008719275194,"OPERATE_INCOME_QOQ":19.613642747051,"NET_PROFIT_RATIO":7.2879098929,"ROE_AVG":2.618759630839,"GROSS_PROFIT_QOQ":19.856118171985,"ROA":1.996491455225,"HOLDER_PROFIT_QOQ":53.968766444419,"ROE_YEARLY":5.237519261677,"ROIC_YEARLY":4.21776672521,"TOTAL_ASSETS":269711532.58,"TOTAL_LIABILITIES":60973336.62,"TAX_EBT":24.482560367957,"OCF_SALES":-12.712460004809,"TOTAL_PARENT_EQUITY":205894689.21,"DEBT_ASSET_RATIO":22.6068703984,"OPERATE_PROFIT":11231210.27,"PRETAX_PROFIT":8924762.84,"NETCASH_OPERATE":-11756296.93,"NETCASH_INVEST":855.19,"NETCASH_FINANCE":-1547893.9,"END_CASH":5652805.9,"DIVI_RATIO":null,"DIVIDEND_RATE":null,"CURRENT_RATIO":4.015692211909,"COMMON_ACS":3000000000,"CURRENTDEBT_DEBT":99.121995006873,"ISSUED_COMMON_SHARES":1555200000,"HK_COMMON_SHARES":1555200000,"PER_SHARES":16000,"TOTAL_MARKET_CAP":311040000,"HKSK_MARKET_CAP":311040000,"PE_TTM":110.651013874066,"PB_TTM":0.824466816165,"REPORT_DATE_SQ":"2021-06-30 00:00:00","REPORT_TYPE_SQ":"2021年中报","OPERATE_INCOME_SQ":52842072.48,"DPS_HKD":null,"OPERATE_INCOME_QOQ_SQ":16.325890254574,"NET_PROFIT_RATIO_SQ":6.2072875004,"HOLDER_PROFIT_SQ":3206004.24,"HOLDER_PROFIT_QOQ_SQ":-1.54830082059,"ROE_AVG_SQ":1.712010735058,"PE_TTM_SQ":-9.11701526286,"PB_TTM_SQ":0.418997364524,"ROA_SQ":1.466477124593,"START_DATE":"2022-01-01 00:00:00","FISCAL_YEAR":"12-31","CURRENCY":"HKD","IS_CNY_CODE":0,"DPS_HKD_LY":null,"ORG_TYPE":"一般企业","PREMIUM_INCOME":null,"PREMIUM_INCOME_YOY":null,"NET_INTEREST_INCOME":null,"NET_INTEREST_INCOME_YOY":null,"FEE_COMMISSION_INCOME":null,"FEE_COMMISSION_INCOME_YOY":null,"ACCOUNTS_RECE_TDAYS":3.159574001841,"INVENTORY_TDAYS":0.595081731796,"CURRENT_ASSETS_TDAYS":0.381681490894,"TOTAL_ASSETS_TDAYS":0.341500463437,"PREMIUM_EXPENSE":null,"LOAN_DEPOSIT":null,"LOAN_EQUITY":null,"LOAN_ASSETS":null,"DEPOSIT_EQUITY":null,"DEPOSIT_ASSETS":null,"EQUITY_MULTIPLIER":1.292104357516,"EQUITY_RATIO":0.296138462114},{"SECUCODE":"01683.HK","SECURITY_CODE":"01683","SECURITY_NAME_ABBR":"旷逸国际","ORG_CODE":"10472746","STD_REPORT_DATE":"2021-12-31 00:00:00","REPORT_DATE":"2021-12-31 00:00:00","DATE_TYPE_CODE":"001","REPORT_TYPE":"2021年年报","PER_NETCASH_OPERATE":-0.085710597778,"PER_OI":0.280675266667,"BPS":0.127258451646,"BASIC_EPS":0.01340864,"DILUTED_EPS":0.01340864,"OPERATE_INCOME":202086192,"OPERATE_INCOME_YOY":118.3827817144,"GROSS_PROFIT":38553110.4,"GROSS_PROFIT_YOY":95.223009877635,"HOLDER_PROFIT":4077371.2,"HOLDER_PROFIT_YOY":149.3420401702,"GROSS_PROFIT_RATIO":19.077557956063,"EPS_TTM":0.005663015556,"OPERATE_INCOME_QOQ":82.371312563333,"NET_PROFIT_RATIO":2.779868107,"ROE_AVG":2.146575787641,"GROSS_PROFIT_QOQ":109.177478032592,"ROA":1.71528120534,"HOLDER_PROFIT_QOQ":147.201843077479,"ROE_YEARLY":2.146575787641,"ROIC_YEARLY":1.961679011569,"TOTAL_ASSETS":259938750.4,"TOTAL_LIABILITIES":60475419.2,"TAX_EBT":23.22905027933,"OCF_SALES":-30.537282032609,"TOTAL_PARENT_EQUITY":197912344,"DEBT_ASSET_RATIO":23.2652573373,"OPERATE_PROFIT":7638836.8,"PRETAX_PROFIT":7317520,"NETCASH_OPERATE":-61711630.4,"NETCASH_INVEST":3270.4,"NETCASH_FINANCE":39380521.6,"END_CASH":17921792,"DIVI_RATIO":null,"DIVIDEND_RATE":null,"CURRENT_RATIO":3.875092478422,"COMMON_ACS":3000000000,"CURRENTDEBT_DEBT":98.679140697879,"ISSUED_COMMON_SHARES":1555200000,"HK_COMMON_SHARES":1555200000,"PER_SHARES":16000,"TOTAL_MARKET_CAP":311040000,"HKSK_MARKET_CAP":311040000,"PE_TTM":110.651013874066,"PB_TTM":0.824466816165,"REPORT_DATE_SQ":"2020-12-31 00:00:00","REPORT_TYPE_SQ":"2020年年报","OPERATE_INCOME_SQ":95258498.48,"DPS_HKD":null,"OPERATE_INCOME_QOQ_SQ":18.184216353383,"NET_PROFIT_RATIO_SQ":-8.9422346309,"HOLDER_PROFIT_SQ":-8506455.48,"HOLDER_PROFIT_QOQ_SQ":-794.856963110952,"ROE_AVG_SQ":-5.591623905617,"PE_TTM_SQ":-9.11701526286,"PB_TTM_SQ":0.418997364524,"ROA_SQ":-4.835769479199,"START_DATE":"2021-01-01 00:00:00","FISCAL_YEAR":"12-31","CURRENCY":"HKD","IS_CNY_CODE":0,"DPS_HKD_LY":null,"ORG_TYPE":"一般企业","PREMIUM_INCOME":null,"PREMIUM_INCOME_YOY":null,"NET_INTEREST_INCOME":null,"NET_INTEREST_INCOME_YOY":null,"FEE_COMMISSION_INCOME":null,"FEE_COMMISSION_INCOME_YOY":null,"ACCOUNTS_RECE_TDAYS":22.540695818704,"INVENTORY_TDAYS":1.645490892936,"CURRENT_ASSETS_TDAYS":1.118368214941,"TOTAL_ASSETS_TDAYS":0.8501424815,"PREMIUM_EXPENSE":null,"LOAN_DEPOSIT":null,"LOAN_EQUITY":null,"LOAN_ASSETS":null,"DEPOSIT_EQUITY":null,"DEPOSIT_ASSETS":null,"EQUITY_MULTIPLIER":1.30319066084,"EQUITY_RATIO":0.305566686634},{"SECUCODE":"01683.HK","SECURITY_CODE":"01683","SECURITY_NAME_ABBR":"旷逸国际","ORG_CODE":"10472746","STD_REPORT_DATE":"2021-06-30 00:00:00","REPORT_DATE":"2021-06-30 00:00:00","DATE_TYPE_CODE":"002","REPORT_TYPE":"2021年中报","PER_NETCASH_OPERATE":-0.0149344492,"PER_OI":0.0880701208,"BPS":0.121736642593,"BASIC_EPS":0.005325312,"DILUTED_EPS":0.005325312,"OPERATE_INCOME":52842072.48,"OPERATE_INCOME_YOY":55.5604546345,"GROSS_PROFIT":12174994.56,"GROSS_PROFIT_YOY":-9.764204355348,"HOLDER_PROFIT":3206004.24,"HOLDER_PROFIT_YOY":5.4460864806,"GROSS_PROFIT_RATIO":23.04034264479,"EPS_TTM":-0.014396935,"OPERATE_INCOME_QOQ":16.325890254574,"NET_PROFIT_RATIO":6.2072875004,"ROE_AVG":1.712010735058,"GROSS_PROFIT_QOQ":-6.671114063619,"ROA":1.466477124593,"HOLDER_PROFIT_QOQ":-1.54830082059,"ROE_YEARLY":3.424021470116,"ROIC_YEARLY":3.510906088046,"TOTAL_ASSETS":217944218.16,"TOTAL_LIABILITIES":28556985.6,"TAX_EBT":null,"OCF_SALES":-16.957452839102,"TOTAL_PARENT_EQUITY":189324826.56,"DEBT_ASSET_RATIO":13.1028874457,"OPERATE_PROFIT":3354114.48,"PRETAX_PROFIT":3280059.36,"NETCASH_OPERATE":-8960669.52,"NETCASH_INVEST":-1265593.68,"NETCASH_FINANCE":-355298.16,"END_CASH":30959200.56,"DIVI_RATIO":null,"DIVIDEND_RATE":null,"CURRENT_RATIO":5.298190630048,"COMMON_ACS":3000000000,"CURRENTDEBT_DEBT":90.180652680653,"ISSUED_COMMON_SHARES":1555200000,"HK_COMMON_SHARES":1555200000,"PER_SHARES":16000,"TOTAL_MARKET_CAP":311040000,"HKSK_MARKET_CAP":311040000,"PE_TTM":110.651013874066,"PB_TTM":0.824466816165,"REPORT_DATE_SQ":"2020-06-30 00:00:00","REPORT_TYPE_SQ":"2020年中报","OPERATE_INCOME_SQ":37290274.56,"DPS_HKD":null,"OPERATE_INCOME_QOQ_SQ":-4.22633531947,"NET_PROFIT_RATIO_SQ":8.6158924782,"HOLDER_PROFIT_SQ":3337709.76,"HOLDER_PROFIT_QOQ_SQ":-83.343901812533,"ROE_AVG_SQ":2.596092362345,"PE_TTM_SQ":-9.11701526286,"PB_TTM_SQ":0.418997364524,"ROA_SQ":2.251095052396,"START_DATE":"2021-01-01 00:00:00","FISCAL_YEAR":"12-31","CURRENCY":"HKD","IS_CNY_CODE":0,"DPS_HKD_LY":null,"ORG_TYPE":"一般企业","PREMIUM_INCOME":null,"PREMIUM_INCOME_YOY":null,"NET_INTEREST_INCOME":null,"NET_INTEREST_INCOME_YOY":null,"FEE_COMMISSION_INCOME":null,"FEE_COMMISSION_INCOME_YOY":null,"ACCOUNTS_RECE_TDAYS":5.060843925569,"INVENTORY_TDAYS":1.624530496925,"CURRENT_ASSETS_TDAYS":0.393037396915,"TOTAL_ASSETS_TDAYS":0.241708010056,"PREMIUM_EXPENSE":null,"LOAN_DEPOSIT":null,"LOAN_EQUITY":null,"LOAN_ASSETS":null,"DEPOSIT_EQUITY":null,"DEPOSIT_ASSETS":null,"EQUITY_MULTIPLIER":1.150786223622,"EQUITY_RATIO":0.150835926375},{"SECUCODE":"01683.HK","SECURITY_CODE":"01683","SECURITY_NAME_ABBR":"旷逸国际","ORG_CODE":"10472746","STD_REPORT_DATE":"2020-12-31 00:00:00","REPORT_DATE":"2020-12-31 00:00:00","DATE_TYPE_CODE":"001","REPORT_TYPE":"2020年年报","PER_NETCASH_OPERATE":-0.056852782,"PER_OI":0.158764164133,"BPS":0.120456477932,"BASIC_EPS":-0.016664472,"DILUTED_EPS":-0.016664472,"OPERATE_INCOME":95258498.48,"OPERATE_INCOME_YOY":31.1418805399,"GROSS_PROFIT":19748240.96,"GROSS_PROFIT_YOY":-16.426473535327,"HOLDER_PROFIT":-8506455.48,"HOLDER_PROFIT_YOY":-223.1809872029,"GROSS_PROFIT_RATIO":20.731211676768,"EPS_TTM":-0.0141774258,"OPERATE_INCOME_QOQ":18.184216353383,"NET_PROFIT_RATIO":-8.9422346309,"ROE_AVG":-5.591623905617,"GROSS_PROFIT_QOQ":-23.642363304669,"ROA":-4.835769479199,"HOLDER_PROFIT_QOQ":-794.856963110952,"ROE_YEARLY":-5.591623905617,"ROIC_YEARLY":-6.022667683654,"TOTAL_ASSETS":221814222,"TOTAL_LIABILITIES":34492090.48,"TAX_EBT":0.624099855977,"OCF_SALES":-35.809581028786,"TOTAL_PARENT_EQUITY":187333914.48,"DEBT_ASSET_RATIO":15.5499905141,"OPERATE_PROFIT":-6872832.24,"PRETAX_PROFIT":-7012544.48,"NETCASH_OPERATE":-34111669.2,"NETCASH_INVEST":-27048626.32,"NETCASH_FINANCE":74690500.16,"END_CASH":41437303.76,"DIVI_RATIO":null,"DIVIDEND_RATE":null,"CURRENT_RATIO":3.935129789864,"COMMON_ACS":3000000000,"CURRENTDEBT_DEBT":98.701869113269,"ISSUED_COMMON_SHARES":1555200000,"HK_COMMON_SHARES":1555200000,"PER_SHARES":16000,"TOTAL_MARKET_CAP":311040000,"HKSK_MARKET_CAP":311040000,"PE_TTM":110.651013874066,"PB_TTM":0.824466816165,"REPORT_DATE_SQ":"2019-12-31 00:00:00","REPORT_TYPE_SQ":"2019年年报","OPERATE_INCOME_SQ":77310292.9,"DPS_HKD":null,"OPERATE_INCOME_QOQ_SQ":-28.181089858205,"NET_PROFIT_RATIO_SQ":8.7333688132,"HOLDER_PROFIT_SQ":7349874.9,"HOLDER_PROFIT_QOQ_SQ":161.129862133379,"ROE_AVG_SQ":6.086050297998,"PE_TTM_SQ":-9.11701526286,"PB_TTM_SQ":0.418997364524,"ROA_SQ":5.218386783903,"START_DATE":"2020-01-01 00:00:00","FISCAL_YEAR":"12-31","CURRENCY":"HKD","IS_CNY_CODE":0,"DPS_HKD_LY":null,"ORG_TYPE":"一般企业","PREMIUM_INCOME":null,"PREMIUM_INCOME_YOY":null,"NET_INTEREST_INCOME":null,"NET_INTEREST_INCOME_YOY":null,"FEE_COMMISSION_INCOME":null,"FEE_COMMISSION_INCOME_YOY":null,"ACCOUNTS_RECE_TDAYS":9.343459776283,"INVENTORY_TDAYS":null,"CURRENT_ASSETS_TDAYS":0.73719073936,"TOTAL_ASSETS_TDAYS":0.541527714648,"PREMIUM_EXPENSE":null,"LOAN_DEPOSIT":null,"LOAN_EQUITY":null,"LOAN_ASSETS":null,"DEPOSIT_EQUITY":null,"DEPOSIT_ASSETS":null,"EQUITY_MULTIPLIER":1.184132489845,"EQUITY_RATIO":0.18412090825},{"SECUCODE":"01683.HK","SECURITY_CODE":"01683","SECURITY_NAME_ABBR":"旷逸国际","ORG_CODE":"10472746","STD_REPORT_DATE":"2020-06-30 00:00:00","REPORT_DATE":"2020-06-30 00:00:00","DATE_TYPE_CODE":"002","REPORT_TYPE":"2020年中报","PER_NETCASH_OPERATE":-0.0051335328,"PER_OI":0.07458054912,"BPS":0.083741984877,"BASIC_EPS":0.006668112,"DILUTED_EPS":0.006668112,"OPERATE_INCOME":37290274.56,"OPERATE_INCOME_YOY":-11.7965142881,"GROSS_PROFIT":13492422.24,"GROSS_PROFIT_YOY":5.013173572854,"HOLDER_PROFIT":3337709.76,"HOLDER_PROFIT_YOY":-66.034578918,"GROSS_PROFIT_RATIO":36.479603867013,"EPS_TTM":0.00244840476,"OPERATE_INCOME_QOQ":-4.22633531947,"NET_PROFIT_RATIO":8.6158924782,"ROE_AVG":2.596092362345,"GROSS_PROFIT_QOQ":5.22193834866,"ROA":2.251095052396,"HOLDER_PROFIT_QOQ":-83.343901812533,"ROE_YEARLY":5.192184724689,"ROIC_YEARLY":5.547921806794,"TOTAL_ASSETS":155451046.08,"TOTAL_LIABILITIES":25215511.2,"TAX_EBT":1.488238118099,"OCF_SALES":-6.625795802877,"TOTAL_PARENT_EQUITY":130235534.88,"DEBT_ASSET_RATIO":16.2208694221,"OPERATE_PROFIT":3870245.28,"PRETAX_PROFIT":3805391.04,"NETCASH_OPERATE":-2566766.4,"NETCASH_INVEST":22836,"NETCASH_FINANCE":-2136536.16,"END_CASH":25607376.96,"DIVI_RATIO":null,"DIVIDEND_RATE":null,"CURRENT_RATIO":6.042830133799,"COMMON_ACS":3000000000,"CURRENTDEBT_DEBT":99.634124252853,"ISSUED_COMMON_SHARES":1555200000,"HK_COMMON_SHARES":1555200000,"PER_SHARES":16000,"TOTAL_MARKET_CAP":311040000,"HKSK_MARKET_CAP":311040000,"PE_TTM":110.651013874066,"PB_TTM":0.824466816165,"REPORT_DATE_SQ":"2019-06-30 00:00:00","REPORT_TYPE_SQ":"2019年中报","OPERATE_INCOME_SQ":42295812.12,"DPS_HKD":null,"OPERATE_INCOME_QOQ_SQ":-28.602032490369,"NET_PROFIT_RATIO_SQ":22.3742772763,"HOLDER_PROFIT_SQ":9463382.28,"HOLDER_PROFIT_QOQ_SQ":118.490358825787,"ROE_AVG_SQ":7.90512091352,"PE_TTM_SQ":-9.11701526286,"PB_TTM_SQ":0.418997364524,"ROA_SQ":6.689612073388,"START_DATE":"2020-01-01 00:00:00","FISCAL_YEAR":"12-31","CURRENCY":"HKD","IS_CNY_CODE":0,"DPS_HKD_LY":null,"ORG_TYPE":"一般企业","PREMIUM_INCOME":null,"PREMIUM_INCOME_YOY":null,"NET_INTEREST_INCOME":null,"NET_INTEREST_INCOME_YOY":null,"FEE_COMMISSION_INCOME":null,"FEE_COMMISSION_INCOME_YOY":null,"ACCOUNTS_RECE_TDAYS":1.95110760628,"INVENTORY_TDAYS":13.27698373583,"CURRENT_ASSETS_TDAYS":0.270050845461,"TOTAL_ASSETS_TDAYS":0.261272417001,"PREMIUM_EXPENSE":null,"LOAN_DEPOSIT":null,"LOAN_EQUITY":null,"LOAN_ASSETS":null,"DEPOSIT_EQUITY":null,"DEPOSIT_ASSETS":null,"EQUITY_MULTIPLIER":1.193614678384,"EQUITY_RATIO":0.193614678384}],"count":23},"success":true,"message":"ok","code":0}