{"version":"a0cd71bae252e54eb171dfdb0ce69aee","result":{"pages":4,"data":[{"SECUCODE":"01689.HK","SECURITY_CODE":"01689","SECURITY_NAME_ABBR":"华禧控股","ORG_CODE":"10354901","STD_REPORT_DATE":"2024-06-30 00:00:00","REPORT_DATE":"2024-06-30 00:00:00","DATE_TYPE_CODE":"002","REPORT_TYPE":"2024年中报","PER_NETCASH_OPERATE":-0.002426682919,"PER_OI":0.081472788732,"BPS":0.387898433486,"BASIC_EPS":-0.027289132,"DILUTED_EPS":-0.027289132,"OPERATE_INCOME":57147458.2,"OPERATE_INCOME_YOY":-11.4794656111,"GROSS_PROFIT":8236937,"GROSS_PROFIT_YOY":-50.156410706262,"HOLDER_PROFIT":-19154415.16,"HOLDER_PROFIT_YOY":-159.9653164871,"GROSS_PROFIT_RATIO":14.413479198275,"EPS_TTM":-0.069904388321,"OPERATE_INCOME_QOQ":-5.730077158702,"NET_PROFIT_RATIO":-33.611754372,"ROE_AVG":-6.771070265945,"GROSS_PROFIT_QOQ":-27.469906415686,"ROA":-4.484056781957,"HOLDER_PROFIT_QOQ":-31.379198661081,"ROE_YEARLY":-13.542140531891,"ROIC_YEARLY":-9.065570637002,"TOTAL_ASSETS":408491838.32,"TOTAL_LIABILITIES":142434666.16,"TAX_EBT":1.465424411255,"OCF_SALES":-2.978519524076,"TOTAL_PARENT_EQUITY":272083598.2,"DEBT_ASSET_RATIO":34.8684239925,"OPERATE_PROFIT":-19386235.88,"PRETAX_PROFIT":-19493932.12,"NETCASH_OPERATE":-1702148.2,"NETCASH_INVEST":6854226.8,"NETCASH_FINANCE":-6070234.68,"END_CASH":9958251.48,"DIVI_RATIO":null,"DIVIDEND_RATE":null,"CURRENT_RATIO":2.043483479479,"COMMON_ACS":4000000000,"CURRENTDEBT_DEBT":96.093219361536,"ISSUED_COMMON_SHARES":701430000,"HK_COMMON_SHARES":701430000,"PER_SHARES":2000,"TOTAL_MARKET_CAP":364743600,"HKSK_MARKET_CAP":364743600,"PE_TTM":-6.742275130319,"PB_TTM":1.223499656173,"REPORT_DATE_SQ":"2023-06-30 00:00:00","REPORT_TYPE_SQ":"2023年中报","OPERATE_INCOME_SQ":65216255.3,"DPS_HKD":null,"OPERATE_INCOME_QOQ_SQ":-0.961437340326,"NET_PROFIT_RATIO_SQ":-11.9346857991,"HOLDER_PROFIT_SQ":-7443144.54,"HOLDER_PROFIT_QOQ_SQ":-2.45439883332,"ROE_AVG_SQ":-2.25581872975,"PE_TTM_SQ":-14.852524239385,"PB_TTM_SQ":2.296072474588,"ROA_SQ":-1.49262148003,"START_DATE":"2024-01-01 00:00:00","FISCAL_YEAR":"12-31","CURRENCY":"HKD","IS_CNY_CODE":0,"DPS_HKD_LY":null,"ORG_TYPE":"一般企业","PREMIUM_INCOME":null,"PREMIUM_INCOME_YOY":null,"NET_INTEREST_INCOME":null,"NET_INTEREST_INCOME_YOY":null,"FEE_COMMISSION_INCOME":null,"FEE_COMMISSION_INCOME_YOY":null,"ACCOUNTS_RECE_TDAYS":0.360507929562,"INVENTORY_TDAYS":2.185028133409,"CURRENT_ASSETS_TDAYS":0.193288089237,"TOTAL_ASSETS_TDAYS":0.133782444085,"PREMIUM_EXPENSE":null,"LOAN_DEPOSIT":null,"LOAN_EQUITY":null,"LOAN_ASSETS":null,"DEPOSIT_EQUITY":null,"DEPOSIT_ASSETS":null,"EQUITY_MULTIPLIER":1.535353604655,"EQUITY_RATIO":0.523495966322},{"SECUCODE":"01689.HK","SECURITY_CODE":"01689","SECURITY_NAME_ABBR":"华禧控股","ORG_CODE":"10354901","STD_REPORT_DATE":"2023-12-31 00:00:00","REPORT_DATE":"2023-12-31 00:00:00","DATE_TYPE_CODE":"001","REPORT_TYPE":"2023年年报","PER_NETCASH_OPERATE":0.007096740174,"PER_OI":0.200753898664,"BPS":0.415736160615,"BASIC_EPS":-0.053195114,"DILUTED_EPS":-0.053195114,"OPERATE_INCOME":140814807.14,"OPERATE_INCOME_YOY":-20.1242957602,"GROSS_PROFIT":30173501.12,"GROSS_PROFIT_YOY":-28.215951244043,"HOLDER_PROFIT":-37321764.48,"HOLDER_PROFIT_YOY":22.4509010112,"GROSS_PROFIT_RATIO":21.42778996956,"EPS_TTM":-0.053208109833,"OPERATE_INCOME_QOQ":-18.17966272207,"NET_PROFIT_RATIO":-26.7918165612,"ROE_AVG":-11.949930071553,"GROSS_PROFIT_QOQ":-35.425808178077,"ROA":-7.72854027721,"HOLDER_PROFIT_QOQ":23.211348500218,"ROE_YEARLY":-11.949930071553,"ROIC_YEARLY":-8.083472690016,"TOTAL_ASSETS":442686657.56,"TOTAL_LIABILITIES":157045207.34,"TAX_EBT":1.922397342568,"OCF_SALES":3.535044759214,"TOTAL_PARENT_EQUITY":291609815.14,"DEBT_ASSET_RATIO":35.4754778935,"OPERATE_PROFIT":-38836964.32,"PRETAX_PROFIT":-38466320.34,"NETCASH_OPERATE":4977866.46,"NETCASH_INVEST":-34063903.58,"NETCASH_FINANCE":-1951091.66,"END_CASH":11183661.02,"DIVI_RATIO":null,"DIVIDEND_RATE":null,"CURRENT_RATIO":2.047198489073,"COMMON_ACS":4000000000,"CURRENTDEBT_DEBT":96.242289249093,"ISSUED_COMMON_SHARES":701430000,"HK_COMMON_SHARES":701430000,"PER_SHARES":2000,"TOTAL_MARKET_CAP":357729300,"HKSK_MARKET_CAP":357729300,"PE_TTM":-6.612615993198,"PB_TTM":1.199970816631,"REPORT_DATE_SQ":"2022-12-31 00:00:00","REPORT_TYPE_SQ":"2022年年报","OPERATE_INCOME_SQ":173773172.72,"DPS_HKD":null,"OPERATE_INCOME_QOQ_SQ":-17.816654297315,"NET_PROFIT_RATIO_SQ":-27.434510836,"HOLDER_PROFIT_SQ":-47438889.89,"HOLDER_PROFIT_QOQ_SQ":-316.370087961029,"ROE_AVG_SQ":-12.877155760313,"PE_TTM_SQ":-16.546233143876,"PB_TTM_SQ":2.557905300637,"ROA_SQ":-8.106435218505,"START_DATE":"2023-01-01 00:00:00","FISCAL_YEAR":"12-31","CURRENCY":"HKD","IS_CNY_CODE":0,"DPS_HKD_LY":null,"ORG_TYPE":"一般企业","PREMIUM_INCOME":null,"PREMIUM_INCOME_YOY":null,"NET_INTEREST_INCOME":null,"NET_INTEREST_INCOME_YOY":null,"FEE_COMMISSION_INCOME":null,"FEE_COMMISSION_INCOME_YOY":null,"ACCOUNTS_RECE_TDAYS":0.78525279018,"INVENTORY_TDAYS":3.280516968052,"CURRENT_ASSETS_TDAYS":0.386204822496,"TOTAL_ASSETS_TDAYS":0.291597389291,"PREMIUM_EXPENSE":null,"LOAN_DEPOSIT":null,"LOAN_EQUITY":null,"LOAN_ASSETS":null,"DEPOSIT_EQUITY":null,"DEPOSIT_ASSETS":null,"EQUITY_MULTIPLIER":1.54979838262,"EQUITY_RATIO":0.538545683946},{"SECUCODE":"01689.HK","SECURITY_CODE":"01689","SECURITY_NAME_ABBR":"华禧控股","ORG_CODE":"10354901","STD_REPORT_DATE":"2023-06-30 00:00:00","REPORT_DATE":"2023-06-30 00:00:00","DATE_TYPE_CODE":"002","REPORT_TYPE":"2023年中报","PER_NETCASH_OPERATE":-0.009010411445,"PER_OI":0.092976142024,"BPS":0.457763076572,"BASIC_EPS":-0.01060277,"DILUTED_EPS":-0.01060277,"OPERATE_INCOME":65216255.3,"OPERATE_INCOME_YOY":-9.5610704103,"GROSS_PROFIT":16525569.52,"GROSS_PROFIT_YOY":39.66361155587,"HOLDER_PROFIT":-7443144.54,"HOLDER_PROFIT_YOY":-9.9564151457,"GROSS_PROFIT_RATIO":25.339647981904,"EPS_TTM":-0.069291632023,"OPERATE_INCOME_QOQ":-0.961437340326,"NET_PROFIT_RATIO":-11.9346857991,"ROE_AVG":-2.25581872975,"GROSS_PROFIT_QOQ":11.165229839681,"ROA":-1.49262148003,"HOLDER_PROFIT_QOQ":-2.45439883332,"ROE_YEARLY":-4.5116374595,"ROIC_YEARLY":-3.175808310681,"TOTAL_ASSETS":465097420.9,"TOTAL_LIABILITIES":149903806.22,"TAX_EBT":-6.550549034457,"OCF_SALES":-9.691100586697,"TOTAL_PARENT_EQUITY":321088754.8,"DEBT_ASSET_RATIO":32.2306251301,"OPERATE_PROFIT":-7744632,"PRETAX_PROFIT":-7304847.54,"NETCASH_OPERATE":-6320172.9,"NETCASH_INVEST":-6172656.1,"NETCASH_FINANCE":-2500409.76,"END_CASH":27900958.76,"DIVI_RATIO":null,"DIVIDEND_RATE":null,"CURRENT_RATIO":2.51732655843,"COMMON_ACS":4000000000,"CURRENTDEBT_DEBT":96.109207879992,"ISSUED_COMMON_SHARES":701430000,"HK_COMMON_SHARES":701430000,"PER_SHARES":2000,"TOTAL_MARKET_CAP":357729300,"HKSK_MARKET_CAP":357729300,"PE_TTM":-6.612615993198,"PB_TTM":1.199970816631,"REPORT_DATE_SQ":"2022-06-30 00:00:00","REPORT_TYPE_SQ":"2022年中报","OPERATE_INCOME_SQ":66886975.47,"DPS_HKD":null,"OPERATE_INCOME_QOQ_SQ":-36.074201277849,"NET_PROFIT_RATIO_SQ":-9.9203457226,"HOLDER_PROFIT_SQ":-6278804.98,"HOLDER_PROFIT_QOQ_SQ":-137.666853403414,"ROE_AVG_SQ":-1.654684365915,"PE_TTM_SQ":-16.546233143876,"PB_TTM_SQ":2.557905300637,"ROA_SQ":-1.072740953953,"START_DATE":"2023-01-01 00:00:00","FISCAL_YEAR":"12-31","CURRENCY":"HKD","IS_CNY_CODE":0,"DPS_HKD_LY":null,"ORG_TYPE":"一般企业","PREMIUM_INCOME":null,"PREMIUM_INCOME_YOY":null,"NET_INTEREST_INCOME":null,"NET_INTEREST_INCOME_YOY":null,"FEE_COMMISSION_INCOME":null,"FEE_COMMISSION_INCOME_YOY":null,"ACCOUNTS_RECE_TDAYS":0.341327478466,"INVENTORY_TDAYS":1.317064654904,"CURRENT_ASSETS_TDAYS":0.165151002206,"TOTAL_ASSETS_TDAYS":0.130782336665,"PREMIUM_EXPENSE":null,"LOAN_DEPOSIT":null,"LOAN_EQUITY":null,"LOAN_ASSETS":null,"DEPOSIT_EQUITY":null,"DEPOSIT_ASSETS":null,"EQUITY_MULTIPLIER":1.475592776117,"EQUITY_RATIO":0.466860965945},{"SECUCODE":"01689.HK","SECURITY_CODE":"01689","SECURITY_NAME_ABBR":"华禧控股","ORG_CODE":"10354901","STD_REPORT_DATE":"2022-12-31 00:00:00","REPORT_DATE":"2022-12-31 00:00:00","DATE_TYPE_CODE":"001","REPORT_TYPE":"2022年年报","PER_NETCASH_OPERATE":0.069903602027,"PER_OI":0.247741289537,"BPS":0.467996662575,"BASIC_EPS":-0.067620539,"DILUTED_EPS":-0.067620539,"OPERATE_INCOME":173773172.72,"OPERATE_INCOME_YOY":-51.9140595068,"GROSS_PROFIT":42033713.12,"GROSS_PROFIT_YOY":-55.564786851854,"HOLDER_PROFIT":-47438889.89,"HOLDER_PROFIT_YOY":-243.5479511299,"GROSS_PROFIT_RATIO":24.188839083769,"EPS_TTM":-0.067631680838,"OPERATE_INCOME_QOQ":-17.816654297315,"NET_PROFIT_RATIO":-27.434510836,"ROE_AVG":-12.877155760313,"GROSS_PROFIT_QOQ":-12.475437786193,"ROA":-8.106435218505,"HOLDER_PROFIT_QOQ":-316.370087961029,"ROE_YEARLY":-12.877155760313,"ROIC_YEARLY":-8.813547508053,"TOTAL_ASSETS":515654399.82,"TOTAL_LIABILITIES":192951679.62,"TAX_EBT":8.424845573095,"OCF_SALES":28.216371262903,"TOTAL_PARENT_EQUITY":328266899.03,"DEBT_ASSET_RATIO":37.4187982663,"OPERATE_PROFIT":-52116944.88,"PRETAX_PROFIT":-52059775.6,"NETCASH_OPERATE":49032483.57,"NETCASH_INVEST":-83536823.86,"NETCASH_FINANCE":18074425.18,"END_CASH":42224872.9,"DIVI_RATIO":null,"DIVIDEND_RATE":null,"CURRENT_RATIO":2.221436312544,"COMMON_ACS":4000000000,"CURRENTDEBT_DEBT":96.540836828607,"ISSUED_COMMON_SHARES":701430000,"HK_COMMON_SHARES":701430000,"PER_SHARES":2000,"TOTAL_MARKET_CAP":357729300,"HKSK_MARKET_CAP":357729300,"PE_TTM":-6.612615993198,"PB_TTM":1.199970816631,"REPORT_DATE_SQ":"2021-12-31 00:00:00","REPORT_TYPE_SQ":"2021年年报","OPERATE_INCOME_SQ":330767438.4,"DPS_HKD":null,"OPERATE_INCOME_QOQ_SQ":6.881947931684,"NET_PROFIT_RATIO_SQ":9.0159902511,"HOLDER_PROFIT_SQ":30247929.6,"HOLDER_PROFIT_QOQ_SQ":-58.889360578669,"ROE_AVG_SQ":8.042154139114,"PE_TTM_SQ":-16.546233143876,"PB_TTM_SQ":2.557905300637,"ROA_SQ":5.363270382993,"START_DATE":"2022-01-01 00:00:00","FISCAL_YEAR":"12-31","CURRENCY":"HKD","IS_CNY_CODE":0,"DPS_HKD_LY":null,"ORG_TYPE":"一般企业","PREMIUM_INCOME":null,"PREMIUM_INCOME_YOY":null,"NET_INTEREST_INCOME":null,"NET_INTEREST_INCOME_YOY":null,"FEE_COMMISSION_INCOME":null,"FEE_COMMISSION_INCOME_YOY":null,"ACCOUNTS_RECE_TDAYS":0.635852849368,"INVENTORY_TDAYS":3.459900763627,"CURRENT_ASSETS_TDAYS":0.341517708235,"TOTAL_ASSETS_TDAYS":0.296946444286,"PREMIUM_EXPENSE":null,"LOAN_DEPOSIT":null,"LOAN_EQUITY":null,"LOAN_ASSETS":null,"DEPOSIT_EQUITY":null,"DEPOSIT_ASSETS":null,"EQUITY_MULTIPLIER":1.597923932901,"EQUITY_RATIO":0.587789022256},{"SECUCODE":"01689.HK","SECURITY_CODE":"01689","SECURITY_NAME_ABBR":"华禧控股","ORG_CODE":"10354901","STD_REPORT_DATE":"2022-06-30 00:00:00","REPORT_DATE":"2022-06-30 00:00:00","DATE_TYPE_CODE":"002","REPORT_TYPE":"2022年中报","PER_NETCASH_OPERATE":0.03858675607,"PER_OI":0.095358019289,"BPS":0.524362425274,"BASIC_EPS":-0.008979495,"DILUTED_EPS":-0.008979495,"OPERATE_INCOME":66886975.47,"OPERATE_INCOME_YOY":-65.050248674,"GROSS_PROFIT":11832408.84,"GROSS_PROFIT_YOY":-79.740019225277,"HOLDER_PROFIT":-6278804.98,"HOLDER_PROFIT_YOY":-117.2757006047,"GROSS_PROFIT_RATIO":17.690153810748,"EPS_TTM":-0.016243165106,"OPERATE_INCOME_QOQ":-36.074201277849,"NET_PROFIT_RATIO":-9.9203457226,"ROE_AVG":-1.654684365915,"GROSS_PROFIT_QOQ":-49.231150634494,"ROA":-1.072740953953,"HOLDER_PROFIT_QOQ":-137.666853403414,"ROE_YEARLY":-3.309368731829,"ROIC_YEARLY":-2.401944587119,"TOTAL_ASSETS":543775127.07,"TOTAL_LIABILITIES":181650907.9,"TAX_EBT":14.633072945319,"OCF_SALES":40.465140066229,"TOTAL_PARENT_EQUITY":367803535.96,"DEBT_ASSET_RATIO":33.4055198293,"OPERATE_PROFIT":-12248886.37,"PRETAX_PROFIT":-7772821.91,"NETCASH_OPERATE":27065908.31,"NETCASH_INVEST":-27222408.08,"NETCASH_FINANCE":19124613.97,"END_CASH":75868180.85,"DIVI_RATIO":null,"DIVIDEND_RATE":null,"CURRENT_RATIO":2.667599988064,"COMMON_ACS":4000000000,"CURRENTDEBT_DEBT":94.66315145238,"ISSUED_COMMON_SHARES":701430000,"HK_COMMON_SHARES":701430000,"PER_SHARES":2000,"TOTAL_MARKET_CAP":357729300,"HKSK_MARKET_CAP":357729300,"PE_TTM":-6.612615993198,"PB_TTM":1.199970816631,"REPORT_DATE_SQ":"2021-06-30 00:00:00","REPORT_TYPE_SQ":"2021年中报","OPERATE_INCOME_SQ":186208686.96,"DPS_HKD":null,"OPERATE_INCOME_QOQ_SQ":-1.52529535615,"NET_PROFIT_RATIO_SQ":18.8563232002,"HOLDER_PROFIT_SQ":35362567.92,"HOLDER_PROFIT_QOQ_SQ":-7.270372951063,"ROE_AVG_SQ":8.991062673413,"PE_TTM_SQ":-16.546233143876,"PB_TTM_SQ":2.557905300637,"ROA_SQ":6.167811971642,"START_DATE":"2022-01-01 00:00:00","FISCAL_YEAR":"12-31","CURRENCY":"HKD","IS_CNY_CODE":0,"DPS_HKD_LY":null,"ORG_TYPE":"一般企业","PREMIUM_INCOME":null,"PREMIUM_INCOME_YOY":null,"NET_INTEREST_INCOME":null,"NET_INTEREST_INCOME_YOY":null,"FEE_COMMISSION_INCOME":null,"FEE_COMMISSION_INCOME_YOY":null,"ACCOUNTS_RECE_TDAYS":0.243116093506,"INVENTORY_TDAYS":1.470398794025,"CURRENT_ASSETS_TDAYS":0.12902347771,"TOTAL_ASSETS_TDAYS":0.114277156404,"PREMIUM_EXPENSE":null,"LOAN_DEPOSIT":null,"LOAN_EQUITY":null,"LOAN_ASSETS":null,"DEPOSIT_EQUITY":null,"DEPOSIT_ASSETS":null,"EQUITY_MULTIPLIER":1.501625956741,"EQUITY_RATIO":0.493880265251},{"SECUCODE":"01689.HK","SECURITY_CODE":"01689","SECURITY_NAME_ABBR":"华禧控股","ORG_CODE":"10354901","STD_REPORT_DATE":"2021-12-31 00:00:00","REPORT_DATE":"2021-12-31 00:00:00","DATE_TYPE_CODE":"001","REPORT_TYPE":"2021年年报","PER_NETCASH_OPERATE":0.045267972,"PER_OI":0.47156157906,"BPS":0.533079442852,"BASIC_EPS":0.04308752,"DILUTED_EPS":0.04308752,"OPERATE_INCOME":330767438.4,"OPERATE_INCOME_YOY":8.3464115653,"GROSS_PROFIT":94595502.4,"GROSS_PROFIT_YOY":-25.882819678357,"HOLDER_PROFIT":30247929.6,"HOLDER_PROFIT_YOY":-60.7573587908,"GROSS_PROFIT_RATIO":28.598795231351,"EPS_TTM":0.043123233395,"OPERATE_INCOME_QOQ":6.881947931684,"NET_PROFIT_RATIO":9.0159902511,"ROE_AVG":8.042154139114,"GROSS_PROFIT_QOQ":-19.898620662708,"ROA":5.363270382993,"HOLDER_PROFIT_QOQ":-58.889360578669,"ROE_YEARLY":8.042154139114,"ROIC_YEARLY":6.074762135034,"TOTAL_ASSETS":599281995.2,"TOTAL_LIABILITIES":230694016,"TAX_EBT":23.473134297044,"OCF_SALES":9.599588687929,"TOTAL_PARENT_EQUITY":373917913.6,"DEBT_ASSET_RATIO":38.4950687402,"OPERATE_PROFIT":37646392,"PRETAX_PROFIT":38969268.8,"NETCASH_OPERATE":31752313.6,"NETCASH_INVEST":-13756120,"NETCASH_FINANCE":-47709412.8,"END_CASH":57721742.4,"DIVI_RATIO":null,"DIVIDEND_RATE":null,"CURRENT_RATIO":2.502671124093,"COMMON_ACS":4000000000,"CURRENTDEBT_DEBT":95.729727814006,"ISSUED_COMMON_SHARES":701430000,"HK_COMMON_SHARES":701430000,"PER_SHARES":2000,"TOTAL_MARKET_CAP":357729300,"HKSK_MARKET_CAP":357729300,"PE_TTM":-6.612615993198,"PB_TTM":1.199970816631,"REPORT_DATE_SQ":"2020-12-31 00:00:00","REPORT_TYPE_SQ":"2020年年报","OPERATE_INCOME_SQ":314263326.16,"DPS_HKD":null,"OPERATE_INCOME_QOQ_SQ":-0.98199937048,"NET_PROFIT_RATIO_SQ":24.9821903941,"HOLDER_PROFIT_SQ":79345611,"HOLDER_PROFIT_QOQ_SQ":4.716746064209,"ROE_AVG_SQ":22.174344089841,"PE_TTM_SQ":-16.546233143876,"PB_TTM_SQ":2.557905300637,"ROA_SQ":16.026567297133,"START_DATE":"2021-01-01 00:00:00","FISCAL_YEAR":"12-31","CURRENCY":"HKD","IS_CNY_CODE":0,"DPS_HKD_LY":0.08,"ORG_TYPE":"一般企业","PREMIUM_INCOME":null,"PREMIUM_INCOME_YOY":null,"NET_INTEREST_INCOME":null,"NET_INTEREST_INCOME_YOY":null,"FEE_COMMISSION_INCOME":null,"FEE_COMMISSION_INCOME_YOY":null,"ACCOUNTS_RECE_TDAYS":1.32187440267,"INVENTORY_TDAYS":8.383810532732,"CURRENT_ASSETS_TDAYS":0.650834418569,"TOTAL_ASSETS_TDAYS":0.586484836975,"PREMIUM_EXPENSE":null,"LOAN_DEPOSIT":null,"LOAN_EQUITY":null,"LOAN_ASSETS":null,"DEPOSIT_EQUITY":null,"DEPOSIT_ASSETS":null,"EQUITY_MULTIPLIER":1.625885891614,"EQUITY_RATIO":0.616964332569},{"SECUCODE":"01689.HK","SECURITY_CODE":"01689","SECURITY_NAME_ABBR":"华禧控股","ORG_CODE":"10354901","STD_REPORT_DATE":"2021-06-30 00:00:00","REPORT_DATE":"2021-06-30 00:00:00","DATE_TYPE_CODE":"002","REPORT_TYPE":"2021年中报","PER_NETCASH_OPERATE":0.023022979684,"PER_OI":0.265470092468,"BPS":0.572543591805,"BASIC_EPS":0.050424048,"DILUTED_EPS":0.050424048,"OPERATE_INCOME":186208686.96,"OPERATE_INCOME_YOY":7.0228883511,"GROSS_PROFIT":58402863.12,"GROSS_PROFIT_YOY":-15.562032308736,"HOLDER_PROFIT":35362567.92,"HOLDER_PROFIT_YOY":-5.6186013458,"GROSS_PROFIT_RATIO":31.364198992792,"EPS_TTM":0.104895555023,"OPERATE_INCOME_QOQ":-1.52529535615,"NET_PROFIT_RATIO":18.8563232002,"ROE_AVG":8.991062673413,"GROSS_PROFIT_QOQ":-8.3531402661,"ROA":6.167811971642,"HOLDER_PROFIT_QOQ":-7.270372951063,"ROE_YEARLY":17.982125346825,"ROIC_YEARLY":14.409579035434,"TOTAL_ASSETS":608634068.88,"TOTAL_LIABILITIES":212147948.88,"TAX_EBT":19.99317444969,"OCF_SALES":8.672532363363,"TOTAL_PARENT_EQUITY":401599251.6,"DEBT_ASSET_RATIO":34.8564038274,"OPERATE_PROFIT":42977764.08,"PRETAX_PROFIT":43886395.44,"NETCASH_OPERATE":16149008.64,"NETCASH_INVEST":9542293.44,"NETCASH_FINANCE":-24109518,"END_CASH":89023407.12,"DIVI_RATIO":null,"DIVIDEND_RATE":null,"CURRENT_RATIO":2.708551598505,"COMMON_ACS":4000000000,"CURRENTDEBT_DEBT":95.16475068736,"ISSUED_COMMON_SHARES":701430000,"HK_COMMON_SHARES":701430000,"PER_SHARES":2000,"TOTAL_MARKET_CAP":357729300,"HKSK_MARKET_CAP":357729300,"PE_TTM":-6.612615993198,"PB_TTM":1.199970816631,"REPORT_DATE_SQ":"2020-06-30 00:00:00","REPORT_TYPE_SQ":"2020年中报","OPERATE_INCOME_SQ":191002130.88,"DPS_HKD":null,"OPERATE_INCOME_QOQ_SQ":0,"NET_PROFIT_RATIO_SQ":21.7468029957,"HOLDER_PROFIT_SQ":41131289.76,"HOLDER_PROFIT_QOQ_SQ":0,"ROE_AVG_SQ":11.349249856651,"PE_TTM_SQ":-16.546233143876,"PB_TTM_SQ":2.557905300637,"ROA_SQ":8.140070899549,"START_DATE":"2021-01-01 00:00:00","FISCAL_YEAR":"12-31","CURRENCY":"HKD","IS_CNY_CODE":0,"DPS_HKD_LY":0.08,"ORG_TYPE":"一般企业","PREMIUM_INCOME":null,"PREMIUM_INCOME_YOY":null,"NET_INTEREST_INCOME":null,"NET_INTEREST_INCOME_YOY":null,"FEE_COMMISSION_INCOME":null,"FEE_COMMISSION_INCOME_YOY":null,"ACCOUNTS_RECE_TDAYS":1.026206940827,"INVENTORY_TDAYS":4.882249169594,"CURRENT_ASSETS_TDAYS":0.365549753101,"TOTAL_ASSETS_TDAYS":0.324778497776,"PREMIUM_EXPENSE":null,"LOAN_DEPOSIT":null,"LOAN_EQUITY":null,"LOAN_ASSETS":null,"DEPOSIT_EQUITY":null,"DEPOSIT_ASSETS":null,"EQUITY_MULTIPLIER":1.535070304302,"EQUITY_RATIO":0.528257829253},{"SECUCODE":"01689.HK","SECURITY_CODE":"01689","SECURITY_NAME_ABBR":"华禧控股","ORG_CODE":"10354901","STD_REPORT_DATE":"2020-12-31 00:00:00","REPORT_DATE":"2020-12-31 00:00:00","DATE_TYPE_CODE":"001","REPORT_TYPE":"2020年年报","PER_NETCASH_OPERATE":-0.008231256718,"PER_OI":0.448032342728,"BPS":0.555209064682,"BASIC_EPS":0.113116416,"DILUTED_EPS":0.113032252,"OPERATE_INCOME":314263326.16,"OPERATE_INCOME_YOY":null,"GROSS_PROFIT":127629656.16,"GROSS_PROFIT_YOY":null,"HOLDER_PROFIT":79345611,"HOLDER_PROFIT_YOY":null,"GROSS_PROFIT_RATIO":41.003336957744,"EPS_TTM":0.113119785296,"OPERATE_INCOME_QOQ":-0.98199937048,"NET_PROFIT_RATIO":24.9821903941,"ROE_AVG":22.174344089841,"GROSS_PROFIT_QOQ":7.409890394075,"ROA":16.026567297133,"HOLDER_PROFIT_QOQ":4.716746064209,"ROE_YEARLY":22.174344089841,"ROIC_YEARLY":20.416339568501,"TOTAL_ASSETS":544228831.56,"TOTAL_LIABILITIES":159651533.24,"TAX_EBT":20.107229421287,"OCF_SALES":-1.837201454764,"TOTAL_PARENT_EQUITY":389440294.24,"DEBT_ASSET_RATIO":29.3353685034,"OPERATE_PROFIT":95034622.24,"PRETAX_PROFIT":98269044.76,"NETCASH_OPERATE":-5773650.4,"NETCASH_INVEST":-19914885.68,"NETCASH_FINANCE":-40696660.56,"END_CASH":86925420.84,"DIVI_RATIO":null,"DIVIDEND_RATE":null,"CURRENT_RATIO":3.196530716906,"COMMON_ACS":4000000000,"CURRENTDEBT_DEBT":93.54318338772,"ISSUED_COMMON_SHARES":701430000,"HK_COMMON_SHARES":701430000,"PER_SHARES":2000,"TOTAL_MARKET_CAP":357729300,"HKSK_MARKET_CAP":357729300,"PE_TTM":-6.612615993198,"PB_TTM":1.199970816631,"REPORT_DATE_SQ":"2019-12-31 00:00:00","REPORT_TYPE_SQ":"2019年年报","OPERATE_INCOME_SQ":null,"DPS_HKD":null,"OPERATE_INCOME_QOQ_SQ":0,"NET_PROFIT_RATIO_SQ":null,"HOLDER_PROFIT_SQ":null,"HOLDER_PROFIT_QOQ_SQ":0,"ROE_AVG_SQ":null,"PE_TTM_SQ":-16.546233143876,"PB_TTM_SQ":2.557905300637,"ROA_SQ":null,"START_DATE":"2020-01-01 00:00:00","FISCAL_YEAR":"12-31","CURRENCY":"HKD","IS_CNY_CODE":0,"DPS_HKD_LY":0.08,"ORG_TYPE":"一般企业","PREMIUM_INCOME":null,"PREMIUM_INCOME_YOY":null,"NET_INTEREST_INCOME":null,"NET_INTEREST_INCOME_YOY":null,"FEE_COMMISSION_INCOME":null,"FEE_COMMISSION_INCOME_YOY":null,"ACCOUNTS_RECE_TDAYS":1.980234460558,"INVENTORY_TDAYS":7.746325339335,"CURRENT_ASSETS_TDAYS":0.733843009316,"TOTAL_ASSETS_TDAYS":0.634762563707,"PREMIUM_EXPENSE":null,"LOAN_DEPOSIT":null,"LOAN_EQUITY":null,"LOAN_ASSETS":null,"DEPOSIT_EQUITY":null,"DEPOSIT_ASSETS":null,"EQUITY_MULTIPLIER":1.415135094914,"EQUITY_RATIO":0.409951244392},{"SECUCODE":"01689.HK","SECURITY_CODE":"01689","SECURITY_NAME_ABBR":"华禧控股","ORG_CODE":"10354901","STD_REPORT_DATE":"2020-06-30 00:00:00","REPORT_DATE":"2020-06-30 00:00:00","DATE_TYPE_CODE":"002","REPORT_TYPE":"2020年中报","PER_NETCASH_OPERATE":0.031126474317,"PER_OI":0.272303908986,"BPS":0.528616139258,"BASIC_EPS":0.058642848,"DILUTED_EPS":0.058551504,"OPERATE_INCOME":191002130.88,"OPERATE_INCOME_YOY":67.1585712915,"GROSS_PROFIT":69166590.24,"GROSS_PROFIT_YOY":82.048985437523,"HOLDER_PROFIT":41131289.76,"HOLDER_PROFIT_YOY":82.0088924818,"GROSS_PROFIT_RATIO":36.212470468958,"EPS_TTM":0.108024541964,"OPERATE_INCOME_QOQ":0,"NET_PROFIT_RATIO":21.7468029957,"ROE_AVG":11.349249856651,"GROSS_PROFIT_QOQ":0,"ROA":8.140070899549,"HOLDER_PROFIT_QOQ":0,"ROE_YEARLY":22.698499713301,"ROIC_YEARLY":22.076799847033,"TOTAL_ASSETS":526597246.56,"TOTAL_LIABILITIES":159414462.24,"TAX_EBT":19.295412192741,"OCF_SALES":11.430784975754,"TOTAL_PARENT_EQUITY":370787218.56,"DEBT_ASSET_RATIO":30.2725590157,"OPERATE_PROFIT":48396791.52,"PRETAX_PROFIT":51467776.8,"NETCASH_OPERATE":21833042.88,"NETCASH_INVEST":-17844050.4,"NETCASH_FINANCE":-17823041.28,"END_CASH":126952631.52,"DIVI_RATIO":null,"DIVIDEND_RATE":null,"CURRENT_RATIO":3.103294911234,"COMMON_ACS":4000000000,"CURRENTDEBT_DEBT":92.760183588222,"ISSUED_COMMON_SHARES":701430000,"HK_COMMON_SHARES":701430000,"PER_SHARES":2000,"TOTAL_MARKET_CAP":357729300,"HKSK_MARKET_CAP":357729300,"PE_TTM":-6.612615993198,"PB_TTM":1.199970816631,"REPORT_DATE_SQ":"2019-06-30 00:00:00","REPORT_TYPE_SQ":"2019年中报","OPERATE_INCOME_SQ":110038428.72,"DPS_HKD":null,"OPERATE_INCOME_QOQ_SQ":0,"NET_PROFIT_RATIO_SQ":25.0355140541,"HOLDER_PROFIT_SQ":21762788.4,"HOLDER_PROFIT_QOQ_SQ":0,"ROE_AVG_SQ":14.005540019701,"PE_TTM_SQ":-16.546233143876,"PB_TTM_SQ":2.557905300637,"ROA_SQ":10.675312319854,"START_DATE":"2020-01-01 00:00:00","FISCAL_YEAR":"12-31","CURRENCY":"HKD","IS_CNY_CODE":0,"DPS_HKD_LY":0.08,"ORG_TYPE":"一般企业","PREMIUM_INCOME":null,"PREMIUM_INCOME_YOY":null,"NET_INTEREST_INCOME":null,"NET_INTEREST_INCOME_YOY":null,"FEE_COMMISSION_INCOME":null,"FEE_COMMISSION_INCOME_YOY":null,"ACCOUNTS_RECE_TDAYS":1.143418027117,"INVENTORY_TDAYS":5.168103531782,"CURRENT_ASSETS_TDAYS":0.438912782924,"TOTAL_ASSETS_TDAYS":0.378001977667,"PREMIUM_EXPENSE":null,"LOAN_DEPOSIT":null,"LOAN_EQUITY":null,"LOAN_ASSETS":null,"DEPOSIT_EQUITY":null,"DEPOSIT_ASSETS":null,"EQUITY_MULTIPLIER":1.434155600555,"EQUITY_RATIO":0.429935160276}],"count":28},"success":true,"message":"ok","code":0}