{"version":"600620d0bfc94b969bad84b496fc59cd","result":{"pages":4,"data":[{"SECUCODE":"01685.HK","SECURITY_CODE":"01685","SECURITY_NAME_ABBR":"博耳电力","ORG_CODE":"10149722","STD_REPORT_DATE":"2024-06-30 00:00:00","REPORT_DATE":"2024-06-30 00:00:00","DATE_TYPE_CODE":"002","REPORT_TYPE":"2024年中报","PER_NETCASH_OPERATE":-0.026324393973,"PER_OI":0.352664684163,"BPS":0.362706440811,"BASIC_EPS":0.009,"DILUTED_EPS":0.009,"OPERATE_INCOME":272881000,"OPERATE_INCOME_YOY":4.7869746366,"GROSS_PROFIT":83020000,"GROSS_PROFIT_YOY":9.707429235933,"HOLDER_PROFIT":6851000,"HOLDER_PROFIT_YOY":6.0198081089,"GROSS_PROFIT_RATIO":30.423517943719,"EPS_TTM":0.037848505174,"OPERATE_INCOME_QOQ":2.128934968944,"NET_PROFIT_RATIO":2.5014566789,"ROE_AVG":2.351862849767,"GROSS_PROFIT_QOQ":4.424288415905,"ROA":0.482247098317,"HOLDER_PROFIT_QOQ":1.34616050109,"ROE_YEARLY":4.703725699534,"ROIC_YEARLY":0.999237554471,"TOTAL_ASSETS":1353739000,"TOTAL_LIABILITIES":1073801000,"TAX_EBT":27.91974656811,"OCF_SALES":-7.464425885276,"TOTAL_PARENT_EQUITY":280651000,"DEBT_ASSET_RATIO":79.3211246777,"OPERATE_PROFIT":21421000,"PRETAX_PROFIT":9470000,"NETCASH_OPERATE":-20369000,"NETCASH_INVEST":84751000,"NETCASH_FINANCE":-66731000,"END_CASH":48870000,"DIVI_RATIO":null,"DIVIDEND_RATE":null,"CURRENT_RATIO":1.105231994195,"COMMON_ACS":2000000000,"CURRENTDEBT_DEBT":86.504017038539,"ISSUED_COMMON_SHARES":773769000,"HK_COMMON_SHARES":773769000,"PER_SHARES":1000,"TOTAL_MARKET_CAP":147016110,"HKSK_MARKET_CAP":147016110,"PE_TTM":4.53963088725,"PB_TTM":0.478097933999,"REPORT_DATE_SQ":"2023-06-30 00:00:00","REPORT_TYPE_SQ":"2023年中报","OPERATE_INCOME_SQ":260415000,"DPS_HKD":null,"OPERATE_INCOME_QOQ_SQ":-3.069304718619,"NET_PROFIT_RATIO_SQ":2.473743832,"HOLDER_PROFIT_SQ":6462000,"HOLDER_PROFIT_QOQ_SQ":-7.919023518904,"ROE_AVG_SQ":2.210746169597,"PE_TTM_SQ":4.440195927004,"PB_TTM_SQ":0.423638245243,"ROA_SQ":0.458507127189,"START_DATE":"2024-01-01 00:00:00","FISCAL_YEAR":"12-31","CURRENCY":"HKD","IS_CNY_CODE":0,"DPS_HKD_LY":null,"ORG_TYPE":"一般企业","PREMIUM_INCOME":null,"PREMIUM_INCOME_YOY":null,"NET_INTEREST_INCOME":null,"NET_INTEREST_INCOME_YOY":null,"FEE_COMMISSION_INCOME":null,"FEE_COMMISSION_INCOME_YOY":null,"ACCOUNTS_RECE_TDAYS":0.473406133196,"INVENTORY_TDAYS":1.218796039223,"CURRENT_ASSETS_TDAYS":0.262305876291,"TOTAL_ASSETS_TDAYS":0.192083010416,"PREMIUM_EXPENSE":null,"LOAN_DEPOSIT":null,"LOAN_EQUITY":null,"LOAN_ASSETS":null,"DEPOSIT_EQUITY":null,"DEPOSIT_ASSETS":null,"EQUITY_MULTIPLIER":4.835852938876,"EQUITY_RATIO":3.826107870629},{"SECUCODE":"01685.HK","SECURITY_CODE":"01685","SECURITY_NAME_ABBR":"博耳电力","ORG_CODE":"10149722","STD_REPORT_DATE":"2023-12-31 00:00:00","REPORT_DATE":"2023-12-31 00:00:00","DATE_TYPE_CODE":"001","REPORT_TYPE":"2023年年报","PER_NETCASH_OPERATE":0.295228937835,"PER_OI":0.756751692042,"BPS":0.390234036256,"BASIC_EPS":0.037,"DILUTED_EPS":0.037,"OPERATE_INCOME":585551000,"OPERATE_INCOME_YOY":-6.5546484016,"GROSS_PROFIT":166038000,"GROSS_PROFIT_YOY":-9.304535920294,"HOLDER_PROFIT":28897000,"HOLDER_PROFIT_YOY":-4.4126889617,"GROSS_PROFIT_RATIO":28.355856278958,"EPS_TTM":0.037345771154,"OPERATE_INCOME_QOQ":-3.595706884034,"NET_PROFIT_RATIO":4.9281787581,"ROE_AVG":9.764924736379,"GROSS_PROFIT_QOQ":-7.038279146068,"ROA":2.018888699477,"HOLDER_PROFIT_QOQ":3.807881596436,"ROE_YEARLY":9.764924736379,"ROIC_YEARLY":2.099398303743,"TOTAL_ASSETS":1487543000,"TOTAL_LIABILITIES":1186280000,"TAX_EBT":11.668554286939,"OCF_SALES":39.012656455202,"TOTAL_PARENT_EQUITY":301951000,"DEBT_ASSET_RATIO":79.7476106573,"OPERATE_PROFIT":63012000,"PRETAX_PROFIT":32669000,"NETCASH_OPERATE":228439000,"NETCASH_INVEST":-124825000,"NETCASH_FINANCE":-112201000,"END_CASH":51322000,"DIVI_RATIO":null,"DIVIDEND_RATE":null,"CURRENT_RATIO":1.031531095093,"COMMON_ACS":2000000000,"CURRENTDEBT_DEBT":86.133543514179,"ISSUED_COMMON_SHARES":773769000,"HK_COMMON_SHARES":773769000,"PER_SHARES":1000,"TOTAL_MARKET_CAP":157075107,"HKSK_MARKET_CAP":157075107,"PE_TTM":4.850237211114,"PB_TTM":0.510809897904,"REPORT_DATE_SQ":"2022-12-31 00:00:00","REPORT_TYPE_SQ":"2022年年报","OPERATE_INCOME_SQ":626624000,"DPS_HKD":null,"OPERATE_INCOME_QOQ_SQ":8.093226405753,"NET_PROFIT_RATIO_SQ":4.8020822694,"HOLDER_PROFIT_SQ":30231000,"HOLDER_PROFIT_QOQ_SQ":208.682053494392,"ROE_AVG_SQ":10.839854780153,"PE_TTM_SQ":4.034235156535,"PB_TTM_SQ":0.384905605678,"ROA_SQ":2.234229360483,"START_DATE":"2023-01-01 00:00:00","FISCAL_YEAR":"12-31","CURRENCY":"HKD","IS_CNY_CODE":0,"DPS_HKD_LY":null,"ORG_TYPE":"一般企业","PREMIUM_INCOME":null,"PREMIUM_INCOME_YOY":null,"NET_INTEREST_INCOME":null,"NET_INTEREST_INCOME_YOY":null,"FEE_COMMISSION_INCOME":null,"FEE_COMMISSION_INCOME_YOY":null,"ACCOUNTS_RECE_TDAYS":0.961229938843,"INVENTORY_TDAYS":2.952372909387,"CURRENT_ASSETS_TDAYS":0.575842298842,"TOTAL_ASSETS_TDAYS":0.409095164504,"PREMIUM_EXPENSE":null,"LOAN_DEPOSIT":null,"LOAN_EQUITY":null,"LOAN_ASSETS":null,"DEPOSIT_EQUITY":null,"DEPOSIT_ASSETS":null,"EQUITY_MULTIPLIER":4.937688995992,"EQUITY_RATIO":3.928716911022},{"SECUCODE":"01685.HK","SECURITY_CODE":"01685","SECURITY_NAME_ABBR":"博耳电力","ORG_CODE":"10149722","STD_REPORT_DATE":"2023-06-30 00:00:00","REPORT_DATE":"2023-06-30 00:00:00","DATE_TYPE_CODE":"002","REPORT_TYPE":"2023年中报","PER_NETCASH_OPERATE":0.155131570275,"PER_OI":0.336553932763,"BPS":0.3808591453,"BASIC_EPS":0.008,"DILUTED_EPS":0.008,"OPERATE_INCOME":260415000,"OPERATE_INCOME_YOY":-6.8775746653,"GROSS_PROFIT":75674000,"GROSS_PROFIT_YOY":-5.569212723212,"HOLDER_PROFIT":6462000,"HOLDER_PROFIT_YOY":-27.0325203252,"GROSS_PROFIT_RATIO":29.059001977613,"EPS_TTM":0.035975853259,"OPERATE_INCOME_QOQ":-3.069304718619,"NET_PROFIT_RATIO":2.473743832,"ROE_AVG":2.210746169597,"GROSS_PROFIT_QOQ":-2.437838664569,"ROA":0.458507127189,"HOLDER_PROFIT_QOQ":-7.919023518904,"ROE_YEARLY":4.421492339193,"ROIC_YEARLY":0.948107544622,"TOTAL_ASSETS":1443592000,"TOTAL_LIABILITIES":1149563000,"TAX_EBT":17.621483375959,"OCF_SALES":46.094119002362,"TOTAL_PARENT_EQUITY":294697000,"DEBT_ASSET_RATIO":79.6321259747,"OPERATE_PROFIT":24664000,"PRETAX_PROFIT":7820000,"NETCASH_OPERATE":120036000,"NETCASH_INVEST":-143262000,"NETCASH_FINANCE":-2771000,"END_CASH":33962000,"DIVI_RATIO":null,"DIVIDEND_RATE":null,"CURRENT_RATIO":1.174746808489,"COMMON_ACS":2000000000,"CURRENTDEBT_DEBT":77.415417858786,"ISSUED_COMMON_SHARES":773769000,"HK_COMMON_SHARES":773769000,"PER_SHARES":1000,"TOTAL_MARKET_CAP":157075107,"HKSK_MARKET_CAP":157075107,"PE_TTM":4.850237211114,"PB_TTM":0.510809897904,"REPORT_DATE_SQ":"2022-06-30 00:00:00","REPORT_TYPE_SQ":"2022年中报","OPERATE_INCOME_SQ":279648000,"DPS_HKD":null,"OPERATE_INCOME_QOQ_SQ":1.233578337638,"NET_PROFIT_RATIO_SQ":3.1242848152,"HOLDER_PROFIT_SQ":8856000,"HOLDER_PROFIT_QOQ_SQ":-329.089112172624,"ROE_AVG_SQ":3.275153985122,"PE_TTM_SQ":4.034235156535,"PB_TTM_SQ":0.384905605678,"ROA_SQ":0.646889165081,"START_DATE":"2023-01-01 00:00:00","FISCAL_YEAR":"12-31","CURRENCY":"HKD","IS_CNY_CODE":0,"DPS_HKD_LY":null,"ORG_TYPE":"一般企业","PREMIUM_INCOME":null,"PREMIUM_INCOME_YOY":null,"NET_INTEREST_INCOME":null,"NET_INTEREST_INCOME_YOY":null,"FEE_COMMISSION_INCOME":null,"FEE_COMMISSION_INCOME_YOY":null,"ACCOUNTS_RECE_TDAYS":0.432924289993,"INVENTORY_TDAYS":1.457258248996,"CURRENT_ASSETS_TDAYS":0.257178409714,"TOTAL_ASSETS_TDAYS":0.1847758179,"PREMIUM_EXPENSE":null,"LOAN_DEPOSIT":null,"LOAN_EQUITY":null,"LOAN_ASSETS":null,"DEPOSIT_EQUITY":null,"DEPOSIT_ASSETS":null,"EQUITY_MULTIPLIER":4.909692581356,"EQUITY_RATIO":3.900830344388},{"SECUCODE":"01685.HK","SECURITY_CODE":"01685","SECURITY_NAME_ABBR":"博耳电力","ORG_CODE":"10149722","STD_REPORT_DATE":"2022-12-31 00:00:00","REPORT_DATE":"2022-12-31 00:00:00","DATE_TYPE_CODE":"001","REPORT_TYPE":"2022年年报","PER_NETCASH_OPERATE":0.254472588072,"PER_OI":0.809833425738,"BPS":0.374662205387,"BASIC_EPS":0.04,"DILUTED_EPS":0.04,"OPERATE_INCOME":626624000,"OPERATE_INCOME_YOY":9.4266410311,"GROSS_PROFIT":183072000,"GROSS_PROFIT_YOY":-4.640563389085,"HOLDER_PROFIT":30231000,"HOLDER_PROFIT_YOY":148.9787514413,"GROSS_PROFIT_RATIO":29.215606168931,"EPS_TTM":0.039069799902,"OPERATE_INCOME_QOQ":8.093226405753,"NET_PROFIT_RATIO":4.8020822694,"ROE_AVG":10.839854780153,"GROSS_PROFIT_QOQ":2.498754262103,"ROA":2.234229360483,"HOLDER_PROFIT_QOQ":208.682053494392,"ROE_YEARLY":10.839854780153,"ROIC_YEARLY":2.352794678175,"TOTAL_ASSETS":1375121000,"TOTAL_LIABILITIES":1085867000,"TAX_EBT":6.223510346547,"OCF_SALES":31.422830916148,"TOTAL_PARENT_EQUITY":289902000,"DEBT_ASSET_RATIO":78.9651965173,"OPERATE_PROFIT":59780000,"PRETAX_PROFIT":32088000,"NETCASH_OPERATE":196903000,"NETCASH_INVEST":-50933000,"NETCASH_FINANCE":-163989000,"END_CASH":59794000,"DIVI_RATIO":null,"DIVIDEND_RATE":null,"CURRENT_RATIO":1.122824329234,"COMMON_ACS":2000000000,"CURRENTDEBT_DEBT":80.354868505996,"ISSUED_COMMON_SHARES":773769000,"HK_COMMON_SHARES":773769000,"PER_SHARES":1000,"TOTAL_MARKET_CAP":157075107,"HKSK_MARKET_CAP":157075107,"PE_TTM":4.850237211114,"PB_TTM":0.510809897904,"REPORT_DATE_SQ":"2021-12-31 00:00:00","REPORT_TYPE_SQ":"2021年年报","OPERATE_INCOME_SQ":572643000,"DPS_HKD":null,"OPERATE_INCOME_QOQ_SQ":-23.288590604027,"NET_PROFIT_RATIO_SQ":2.176050349,"HOLDER_PROFIT_SQ":12142000,"HOLDER_PROFIT_QOQ_SQ":-78.557553067496,"ROE_AVG_SQ":4.589533127834,"PE_TTM_SQ":4.034235156535,"PB_TTM_SQ":0.384905605678,"ROA_SQ":0.864458933573,"START_DATE":"2022-01-01 00:00:00","FISCAL_YEAR":"12-31","CURRENCY":"HKD","IS_CNY_CODE":0,"DPS_HKD_LY":null,"ORG_TYPE":"一般企业","PREMIUM_INCOME":null,"PREMIUM_INCOME_YOY":null,"NET_INTEREST_INCOME":null,"NET_INTEREST_INCOME_YOY":null,"FEE_COMMISSION_INCOME":null,"FEE_COMMISSION_INCOME_YOY":null,"ACCOUNTS_RECE_TDAYS":1.048808921062,"INVENTORY_TDAYS":3.087920579779,"CURRENT_ASSETS_TDAYS":0.643989498831,"TOTAL_ASSETS_TDAYS":0.46310798147,"PREMIUM_EXPENSE":null,"LOAN_DEPOSIT":null,"LOAN_EQUITY":null,"LOAN_ASSETS":null,"DEPOSIT_EQUITY":null,"DEPOSIT_ASSETS":null,"EQUITY_MULTIPLIER":4.754025873465,"EQUITY_RATIO":3.745634731737},{"SECUCODE":"01685.HK","SECURITY_CODE":"01685","SECURITY_NAME_ABBR":"博耳电力","ORG_CODE":"10149722","STD_REPORT_DATE":"2022-06-30 00:00:00","REPORT_DATE":"2022-06-30 00:00:00","DATE_TYPE_CODE":"002","REPORT_TYPE":"2022年中报","PER_NETCASH_OPERATE":0.144243307757,"PER_OI":0.361410188312,"BPS":0.352722841055,"BASIC_EPS":0.012,"DILUTED_EPS":0.012,"OPERATE_INCOME":279648000,"OPERATE_INCOME_YOY":2.5914947319,"GROSS_PROFIT":80137000,"GROSS_PROFIT_YOY":-14.300227785561,"HOLDER_PROFIT":8856000,"HOLDER_PROFIT_YOY":-81.857663785,"GROSS_PROFIT_RATIO":28.656382309189,"EPS_TTM":-0.035948713376,"OPERATE_INCOME_QOQ":1.233578337638,"NET_PROFIT_RATIO":3.1242848152,"ROE_AVG":3.275153985122,"GROSS_PROFIT_QOQ":-6.965272605102,"ROA":0.646889165081,"HOLDER_PROFIT_QOQ":-329.089112172624,"ROE_YEARLY":6.550307970244,"ROIC_YEARLY":1.351137962995,"TOTAL_ASSETS":1406980000,"TOTAL_LIABILITIES":1134681000,"TAX_EBT":19.770431588613,"OCF_SALES":39.911245565854,"TOTAL_PARENT_EQUITY":272926000,"DEBT_ASSET_RATIO":80.6465621402,"OPERATE_PROFIT":26236000,"PRETAX_PROFIT":10890000,"NETCASH_OPERATE":111611000,"NETCASH_INVEST":-26740000,"NETCASH_FINANCE":-122963000,"END_CASH":39637000,"DIVI_RATIO":null,"DIVIDEND_RATE":null,"CURRENT_RATIO":1.042251862258,"COMMON_ACS":2000000000,"CURRENTDEBT_DEBT":82.309212897722,"ISSUED_COMMON_SHARES":773769000,"HK_COMMON_SHARES":773769000,"PER_SHARES":1000,"TOTAL_MARKET_CAP":157075107,"HKSK_MARKET_CAP":157075107,"PE_TTM":4.850237211114,"PB_TTM":0.510809897904,"REPORT_DATE_SQ":"2021-06-30 00:00:00","REPORT_TYPE_SQ":"2021年中报","OPERATE_INCOME_SQ":272584000,"DPS_HKD":null,"OPERATE_INCOME_QOQ_SQ":-8.592874679336,"NET_PROFIT_RATIO_SQ":18.0149972119,"HOLDER_PROFIT_SQ":48814000,"HOLDER_PROFIT_QOQ_SQ":257.848837209302,"ROE_AVG_SQ":17.696394487414,"PE_TTM_SQ":4.034235156535,"PB_TTM_SQ":0.384905605678,"ROA_SQ":3.513332800727,"START_DATE":"2022-01-01 00:00:00","FISCAL_YEAR":"12-31","CURRENCY":"HKD","IS_CNY_CODE":0,"DPS_HKD_LY":null,"ORG_TYPE":"一般企业","PREMIUM_INCOME":null,"PREMIUM_INCOME_YOY":null,"NET_INTEREST_INCOME":null,"NET_INTEREST_INCOME_YOY":null,"FEE_COMMISSION_INCOME":null,"FEE_COMMISSION_INCOME_YOY":null,"ACCOUNTS_RECE_TDAYS":0.453567214471,"INVENTORY_TDAYS":1.269703179492,"CURRENT_ASSETS_TDAYS":0.288332577226,"TOTAL_ASSETS_TDAYS":0.204269716844,"PREMIUM_EXPENSE":null,"LOAN_DEPOSIT":null,"LOAN_EQUITY":null,"LOAN_ASSETS":null,"DEPOSIT_EQUITY":null,"DEPOSIT_ASSETS":null,"EQUITY_MULTIPLIER":5.167040642826,"EQUITY_RATIO":4.157467591948},{"SECUCODE":"01685.HK","SECURITY_CODE":"01685","SECURITY_NAME_ABBR":"博耳电力","ORG_CODE":"10149722","STD_REPORT_DATE":"2021-12-31 00:00:00","REPORT_DATE":"2021-12-31 00:00:00","DATE_TYPE_CODE":"001","REPORT_TYPE":"2021年年报","PER_NETCASH_OPERATE":0.483208812966,"PER_OI":0.740069710728,"BPS":0.346192468295,"BASIC_EPS":0.016,"DILUTED_EPS":0.016,"OPERATE_INCOME":572643000,"OPERATE_INCOME_YOY":-29.8803058782,"GROSS_PROFIT":191981000,"GROSS_PROFIT_YOY":-18.993649655056,"HOLDER_PROFIT":12142000,"HOLDER_PROFIT_YOY":-23.2684529828,"GROSS_PROFIT_RATIO":33.525425090327,"EPS_TTM":0.015692021779,"OPERATE_INCOME_QOQ":-23.288590604027,"NET_PROFIT_RATIO":2.176050349,"ROE_AVG":4.589533127834,"GROSS_PROFIT_QOQ":-16.119349511085,"ROA":0.864458933573,"HOLDER_PROFIT_QOQ":-78.557553067496,"ROE_YEARLY":4.589533127834,"ROIC_YEARLY":0.881398797749,"TOTAL_ASSETS":1331047000,"TOTAL_LIABILITIES":1063682000,"TAX_EBT":87.110554842981,"OCF_SALES":65.292337459814,"TOTAL_PARENT_EQUITY":267873000,"DEBT_ASSET_RATIO":79.9131811273,"OPERATE_PROFIT":124088000,"PRETAX_PROFIT":96676000,"NETCASH_OPERATE":373892000,"NETCASH_INVEST":-34937000,"NETCASH_FINANCE":-300900000,"END_CASH":77735000,"DIVI_RATIO":null,"DIVIDEND_RATE":null,"CURRENT_RATIO":1.077412787554,"COMMON_ACS":2000000000,"CURRENTDEBT_DEBT":84.322100026136,"ISSUED_COMMON_SHARES":773769000,"HK_COMMON_SHARES":773769000,"PER_SHARES":1000,"TOTAL_MARKET_CAP":157075107,"HKSK_MARKET_CAP":157075107,"PE_TTM":4.850237211114,"PB_TTM":0.510809897904,"REPORT_DATE_SQ":"2020-12-31 00:00:00","REPORT_TYPE_SQ":"2020年年报","OPERATE_INCOME_SQ":816665000,"DPS_HKD":null,"OPERATE_INCOME_QOQ_SQ":2.582573906708,"NET_PROFIT_RATIO_SQ":1.142941108,"HOLDER_PROFIT_SQ":15824000,"HOLDER_PROFIT_QOQ_SQ":-48.591663688639,"ROE_AVG_SQ":6.404118320781,"PE_TTM_SQ":4.034235156535,"PB_TTM_SQ":0.384905605678,"ROA_SQ":0.935910478128,"START_DATE":"2021-01-01 00:00:00","FISCAL_YEAR":"12-31","CURRENCY":"HKD","IS_CNY_CODE":0,"DPS_HKD_LY":null,"ORG_TYPE":"一般企业","PREMIUM_INCOME":null,"PREMIUM_INCOME_YOY":null,"NET_INTEREST_INCOME":null,"NET_INTEREST_INCOME_YOY":null,"FEE_COMMISSION_INCOME":null,"FEE_COMMISSION_INCOME_YOY":null,"ACCOUNTS_RECE_TDAYS":0.967945754484,"INVENTORY_TDAYS":2.623581508348,"CURRENT_ASSETS_TDAYS":0.60183880213,"TOTAL_ASSETS_TDAYS":0.407697543319,"PREMIUM_EXPENSE":null,"LOAN_DEPOSIT":null,"LOAN_EQUITY":null,"LOAN_ASSETS":null,"DEPOSIT_EQUITY":null,"DEPOSIT_ASSETS":null,"EQUITY_MULTIPLIER":4.978389093552,"EQUITY_RATIO":3.970844392679},{"SECUCODE":"01685.HK","SECURITY_CODE":"01685","SECURITY_NAME_ABBR":"博耳电力","ORG_CODE":"10149722","STD_REPORT_DATE":"2021-06-30 00:00:00","REPORT_DATE":"2021-06-30 00:00:00","DATE_TYPE_CODE":"002","REPORT_TYPE":"2021年中报","PER_NETCASH_OPERATE":0.434359608617,"PER_OI":0.352280848677,"BPS":0.375356210962,"BASIC_EPS":0.065,"DILUTED_EPS":0.065,"OPERATE_INCOME":272584000,"OPERATE_INCOME_YOY":-20.4735688924,"GROSS_PROFIT":93509000,"GROSS_PROFIT_YOY":-7.99075076257,"HOLDER_PROFIT":48814000,"HOLDER_PROFIT_YOY":509.2611083375,"GROSS_PROFIT_RATIO":34.304654711942,"EPS_TTM":0.073182047872,"OPERATE_INCOME_QOQ":-8.592874679336,"NET_PROFIT_RATIO":18.0149972119,"ROE_AVG":17.696394487414,"GROSS_PROFIT_QOQ":-3.426654570772,"ROA":3.513332800727,"HOLDER_PROFIT_QOQ":257.848837209302,"ROE_YEARLY":35.392788974828,"ROIC_YEARLY":7.033013264522,"TOTAL_ASSETS":1300677000,"TOTAL_LIABILITIES":1010773000,"TAX_EBT":50.704706071314,"OCF_SALES":123.299239867344,"TOTAL_PARENT_EQUITY":290439000,"DEBT_ASSET_RATIO":77.7112995771,"OPERATE_PROFIT":115965000,"PRETAX_PROFIT":99616000,"NETCASH_OPERATE":336094000,"NETCASH_INVEST":-36158000,"NETCASH_FINANCE":-313436000,"END_CASH":26280000,"DIVI_RATIO":null,"DIVIDEND_RATE":null,"CURRENT_RATIO":1.10776770958,"COMMON_ACS":2000000000,"CURRENTDEBT_DEBT":81.591910349802,"ISSUED_COMMON_SHARES":773769000,"HK_COMMON_SHARES":773769000,"PER_SHARES":1000,"TOTAL_MARKET_CAP":157075107,"HKSK_MARKET_CAP":157075107,"PE_TTM":4.850237211114,"PB_TTM":0.510809897904,"REPORT_DATE_SQ":"2020-06-30 00:00:00","REPORT_TYPE_SQ":"2020年中报","OPERATE_INCOME_SQ":342759000,"DPS_HKD":null,"OPERATE_INCOME_QOQ_SQ":8.000917072747,"NET_PROFIT_RATIO_SQ":2.134444318,"HOLDER_PROFIT_SQ":8012000,"HOLDER_PROFIT_QOQ_SQ":784.511494252874,"ROE_AVG_SQ":3.383167348973,"PE_TTM_SQ":4.034235156535,"PB_TTM_SQ":0.384905605678,"ROA_SQ":0.424355416199,"START_DATE":"2021-01-01 00:00:00","FISCAL_YEAR":"12-31","CURRENCY":"HKD","IS_CNY_CODE":0,"DPS_HKD_LY":null,"ORG_TYPE":"一般企业","PREMIUM_INCOME":null,"PREMIUM_INCOME_YOY":null,"NET_INTEREST_INCOME":null,"NET_INTEREST_INCOME_YOY":null,"FEE_COMMISSION_INCOME":null,"FEE_COMMISSION_INCOME_YOY":null,"ACCOUNTS_RECE_TDAYS":0.47371064417,"INVENTORY_TDAYS":1.234510452751,"CURRENT_ASSETS_TDAYS":0.29465163992,"TOTAL_ASSETS_TDAYS":0.196189271142,"PREMIUM_EXPENSE":null,"LOAN_DEPOSIT":null,"LOAN_EQUITY":null,"LOAN_ASSETS":null,"DEPOSIT_EQUITY":null,"DEPOSIT_ASSETS":null,"EQUITY_MULTIPLIER":4.486578315587,"EQUITY_RATIO":3.480155901928},{"SECUCODE":"01685.HK","SECURITY_CODE":"01685","SECURITY_NAME_ABBR":"博耳电力","ORG_CODE":"10149722","STD_REPORT_DATE":"2020-12-31 00:00:00","REPORT_DATE":"2020-12-31 00:00:00","DATE_TYPE_CODE":"001","REPORT_TYPE":"2020年年报","PER_NETCASH_OPERATE":0.431612018574,"PER_OI":1.055437734001,"BPS":0.337625311947,"BASIC_EPS":0.021,"DILUTED_EPS":0.021,"OPERATE_INCOME":816665000,"OPERATE_INCOME_YOY":10.7901205761,"GROSS_PROFIT":236995000,"GROSS_PROFIT_YOY":11.088976178646,"HOLDER_PROFIT":15824000,"HOLDER_PROFIT_YOY":354.7126436782,"GROSS_PROFIT_RATIO":29.019855142562,"EPS_TTM":0.020450547903,"OPERATE_INCOME_QOQ":2.582573906708,"NET_PROFIT_RATIO":1.142941108,"ROE_AVG":6.404118320781,"GROSS_PROFIT_QOQ":-0.433564259517,"ROA":0.935910478128,"HOLDER_PROFIT_QOQ":-48.591663688639,"ROE_YEARLY":6.404118320781,"ROIC_YEARLY":0.933567393814,"TOTAL_ASSETS":1478109000,"TOTAL_LIABILITIES":1279968000,"TAX_EBT":78.215002567334,"OCF_SALES":40.894124273723,"TOTAL_PARENT_EQUITY":261244000,"DEBT_ASSET_RATIO":86.5949669476,"OPERATE_PROFIT":78810000,"PRETAX_PROFIT":42846000,"NETCASH_OPERATE":333968000,"NETCASH_INVEST":-26557000,"NETCASH_FINANCE":-336363000,"END_CASH":39866000,"DIVI_RATIO":null,"DIVIDEND_RATE":null,"CURRENT_RATIO":1.199553797841,"COMMON_ACS":2000000000,"CURRENTDEBT_DEBT":61.002462561564,"ISSUED_COMMON_SHARES":773769000,"HK_COMMON_SHARES":773769000,"PER_SHARES":1000,"TOTAL_MARKET_CAP":157075107,"HKSK_MARKET_CAP":157075107,"PE_TTM":4.850237211114,"PB_TTM":0.510809897904,"REPORT_DATE_SQ":"2019-12-31 00:00:00","REPORT_TYPE_SQ":"2019年年报","OPERATE_INCOME_SQ":737128000,"DPS_HKD":null,"OPERATE_INCOME_QOQ_SQ":40.886763530999,"NET_PROFIT_RATIO_SQ":0.7789691885,"HOLDER_PROFIT_SQ":3480000,"HOLDER_PROFIT_QOQ_SQ":100.507804576954,"ROE_AVG_SQ":1.476171286772,"PE_TTM_SQ":4.034235156535,"PB_TTM_SQ":0.384905605678,"ROA_SQ":0.188227301775,"START_DATE":"2020-01-01 00:00:00","FISCAL_YEAR":"12-31","CURRENCY":"HKD","IS_CNY_CODE":0,"DPS_HKD_LY":null,"ORG_TYPE":"一般企业","PREMIUM_INCOME":null,"PREMIUM_INCOME_YOY":null,"NET_INTEREST_INCOME":null,"NET_INTEREST_INCOME_YOY":null,"FEE_COMMISSION_INCOME":null,"FEE_COMMISSION_INCOME_YOY":null,"ACCOUNTS_RECE_TDAYS":1.365007705345,"INVENTORY_TDAYS":4.328140341446,"CURRENT_ASSETS_TDAYS":0.730369962952,"TOTAL_ASSETS_TDAYS":0.483016513284,"PREMIUM_EXPENSE":null,"LOAN_DEPOSIT":null,"LOAN_EQUITY":null,"LOAN_ASSETS":null,"DEPOSIT_EQUITY":null,"DEPOSIT_ASSETS":null,"EQUITY_MULTIPLIER":7.459884627595,"EQUITY_RATIO":4.89951156773},{"SECUCODE":"01685.HK","SECURITY_CODE":"01685","SECURITY_NAME_ABBR":"博耳电力","ORG_CODE":"10149722","STD_REPORT_DATE":"2020-06-30 00:00:00","REPORT_DATE":"2020-06-30 00:00:00","DATE_TYPE_CODE":"002","REPORT_TYPE":"2020年中报","PER_NETCASH_OPERATE":0.120663919077,"PER_OI":0.442973290478,"BPS":0.311076044659,"BASIC_EPS":0.011,"DILUTED_EPS":0.011,"OPERATE_INCOME":342759000,"OPERATE_INCOME_YOY":20.7825020614,"GROSS_PROFIT":101630000,"GROSS_PROFIT_YOY":32.088223443938,"HOLDER_PROFIT":8012000,"HOLDER_PROFIT_YOY":141.5366270932,"GROSS_PROFIT_RATIO":29.650570809228,"EPS_TTM":0.039780606357,"OPERATE_INCOME_QOQ":8.000917072747,"NET_PROFIT_RATIO":2.134444318,"ROE_AVG":3.383167348973,"GROSS_PROFIT_QOQ":11.572715596846,"ROA":0.424355416199,"HOLDER_PROFIT_QOQ":784.511494252874,"ROE_YEARLY":6.766334697945,"ROIC_YEARLY":0.842967124335,"TOTAL_ASSETS":1872669000,"TOTAL_LIABILITIES":1686793000,"TAX_EBT":6.084724005135,"OCF_SALES":27.239547320421,"TOTAL_PARENT_EQUITY":240701000,"DEBT_ASSET_RATIO":90.0742736704,"OPERATE_PROFIT":25902000,"PRETAX_PROFIT":7790000,"NETCASH_OPERATE":93366000,"NETCASH_INVEST":-39311000,"NETCASH_FINANCE":-108472000,"END_CASH":14346000,"DIVI_RATIO":null,"DIVIDEND_RATE":null,"CURRENT_RATIO":1.028062713904,"COMMON_ACS":2000000000,"CURRENTDEBT_DEBT":73.514888904566,"ISSUED_COMMON_SHARES":773769000,"HK_COMMON_SHARES":773769000,"PER_SHARES":1000,"TOTAL_MARKET_CAP":157075107,"HKSK_MARKET_CAP":157075107,"PE_TTM":4.850237211114,"PB_TTM":0.510809897904,"REPORT_DATE_SQ":"2019-06-30 00:00:00","REPORT_TYPE_SQ":"2019年中报","OPERATE_INCOME_SQ":283782000,"DPS_HKD":null,"OPERATE_INCOME_QOQ_SQ":-16.718107077765,"NET_PROFIT_RATIO_SQ":-7.1660640915,"HOLDER_PROFIT_SQ":-19289000,"HOLDER_PROFIT_QOQ_SQ":28.497259577913,"ROE_AVG_SQ":-8.288180673659,"PE_TTM_SQ":4.034235156535,"PB_TTM_SQ":0.384905605678,"ROA_SQ":-1.082790927437,"START_DATE":"2020-01-01 00:00:00","FISCAL_YEAR":"12-31","CURRENCY":"HKD","IS_CNY_CODE":0,"DPS_HKD_LY":null,"ORG_TYPE":"一般企业","PREMIUM_INCOME":null,"PREMIUM_INCOME_YOY":null,"NET_INTEREST_INCOME":null,"NET_INTEREST_INCOME_YOY":null,"FEE_COMMISSION_INCOME":null,"FEE_COMMISSION_INCOME_YOY":null,"ACCOUNTS_RECE_TDAYS":0.60010662446,"INVENTORY_TDAYS":1.755414485706,"CURRENT_ASSETS_TDAYS":0.266270010511,"TOTAL_ASSETS_TDAYS":0.181542234275,"PREMIUM_EXPENSE":null,"LOAN_DEPOSIT":null,"LOAN_EQUITY":null,"LOAN_ASSETS":null,"DEPOSIT_EQUITY":null,"DEPOSIT_ASSETS":null,"EQUITY_MULTIPLIER":10.074829456237,"EQUITY_RATIO":7.007835447298}],"count":33},"success":true,"message":"ok","code":0}