{"version":"d5e8a83248146b850ea7a099350b6230","result":{"pages":9,"data":[{"SECUCODE":"01686.HK","SECURITY_CODE":"01686","SECURITY_NAME_ABBR":"新意网集团","ORG_CODE":"10010646","STD_REPORT_DATE":"2023-12-31 00:00:00","REPORT_DATE":"2024-06-30 00:00:00","DATE_TYPE_CODE":"001","REPORT_TYPE":"2023年年报","PER_NETCASH_OPERATE":0.620327420611,"PER_OI":1.04317703472,"BPS":1.99618981678,"BASIC_EPS":0.20398398,"DILUTED_EPS":0.20398398,"OPERATE_INCOME":2440050892.68,"OPERATE_INCOME_YOY":13.9646865194,"GROSS_PROFIT":1290854434.08,"GROSS_PROFIT_YOY":6.003135208613,"HOLDER_PROFIT":827972343.84,"HOLDER_PROFIT_YOY":0.2013552545,"GROSS_PROFIT_RATIO":52.902766821482,"EPS_TTM":0.360160553628,"OPERATE_INCOME_QOQ":8.268830839181,"NET_PROFIT_RATIO":33.9325850262,"ROE_AVG":18.571426524287,"GROSS_PROFIT_QOQ":4.534230533748,"ROA":4.045481318867,"HOLDER_PROFIT_QOQ":0.923385512029,"ROE_YEARLY":18.571426524287,"ROIC_YEARLY":4.113357227425,"TOTAL_ASSETS":21969882367.8,"TOTAL_LIABILITIES":17298829023.76,"TAX_EBT":14.376322550321,"OCF_SALES":59.465210598388,"TOTAL_PARENT_EQUITY":4669202429,"DEBT_ASSET_RATIO":78.7388331633,"OPERATE_PROFIT":1167450971.28,"PRETAX_PROFIT":966989936.08,"NETCASH_OPERATE":1450981402.04,"NETCASH_INVEST":-2706075208.36,"NETCASH_FINANCE":1493724944.48,"END_CASH":455190935.88,"DIVI_RATIO":0.283818310946,"DIVIDEND_RATE":1.542699724518,"CURRENT_RATIO":0.631799922052,"COMMON_ACS":10000000000,"CURRENTDEBT_DEBT":10.355846891945,"ISSUED_COMMON_SHARES":2339057333,"HK_COMMON_SHARES":2339057333,"PER_SHARES":1000,"TOTAL_MARKET_CAP":16981556237.58,"HKSK_MARKET_CAP":16981556237.58,"PE_TTM":18.718894250784,"PB_TTM":3.319352069778,"REPORT_DATE_SQ":"2022-12-31 00:00:00","REPORT_TYPE_SQ":"2022年年报","OPERATE_INCOME_SQ":2162875647.94,"DPS_HKD":0.112,"OPERATE_INCOME_QOQ_SQ":9.870695863856,"NET_PROFIT_RATIO_SQ":38.5934542051,"HOLDER_PROFIT_SQ":834728422.7,"HOLDER_PROFIT_QOQ_SQ":7.098070574686,"ROE_AVG_SQ":19.616679935991,"PE_TTM_SQ":7.104767321191,"PB_TTM_SQ":1.382186028848,"ROA_SQ":4.652393806702,"START_DATE":"2023-07-01 00:00:00","FISCAL_YEAR":"6-30","CURRENCY":"HKD","IS_CNY_CODE":0,"DPS_HKD_LY":0.112,"ORG_TYPE":"一般企业","PREMIUM_INCOME":null,"PREMIUM_INCOME_YOY":null,"NET_INTEREST_INCOME":null,"NET_INTEREST_INCOME_YOY":null,"FEE_COMMISSION_INCOME":null,"FEE_COMMISSION_INCOME_YOY":null,"ACCOUNTS_RECE_TDAYS":4.14436523106,"INVENTORY_TDAYS":159.921889883787,"CURRENT_ASSETS_TDAYS":2.533886393599,"TOTAL_ASSETS_TDAYS":0.119221135547,"PREMIUM_EXPENSE":null,"LOAN_DEPOSIT":null,"LOAN_EQUITY":null,"LOAN_ASSETS":null,"DEPOSIT_EQUITY":null,"DEPOSIT_ASSETS":null,"EQUITY_MULTIPLIER":4.703410719086,"EQUITY_RATIO":3.704878785361},{"SECUCODE":"01686.HK","SECURITY_CODE":"01686","SECURITY_NAME_ABBR":"新意网集团","ORG_CODE":"10010646","STD_REPORT_DATE":"2023-06-30 00:00:00","REPORT_DATE":"2023-12-31 00:00:00","DATE_TYPE_CODE":"002","REPORT_TYPE":"2023年中报","PER_NETCASH_OPERATE":0.364730855719,"PER_OI":0.499644683485,"BPS":1.796806958421,"BASIC_EPS":0.097237406,"DILUTED_EPS":0.097237406,"OPERATE_INCOME":1168697560.8,"OPERATE_INCOME_YOY":16.3805823,"GROSS_PROFIT":618528680.14,"GROSS_PROFIT_YOY":9.801947170507,"HOLDER_PROFIT":394604436.8,"HOLDER_PROFIT_YOY":0.5347198493,"GROSS_PROFIT_RATIO":52.924614621135,"EPS_TTM":0.356865311048,"OPERATE_INCOME_QOQ":10.358306954305,"NET_PROFIT_RATIO":33.7644614001,"ROE_AVG":9.372810175948,"GROSS_PROFIT_QOQ":9.485820249206,"ROA":2.023899104558,"HOLDER_PROFIT_QOQ":7.622776737709,"ROE_YEARLY":18.745620351896,"ROIC_YEARLY":4.104544861552,"TOTAL_ASSETS":20165389590.22,"TOTAL_LIABILITIES":15960717283.98,"TAX_EBT":15.920693889846,"OCF_SALES":72.998045966316,"TOTAL_PARENT_EQUITY":4202834492.08,"DEBT_ASSET_RATIO":79.1490648498,"OPERATE_PROFIT":563667027.56,"PRETAX_PROFIT":469324088.24,"NETCASH_OPERATE":853126382.64,"NETCASH_INVEST":-1408866703.86,"NETCASH_FINANCE":661121926.36,"END_CASH":320408580.52,"DIVI_RATIO":0.28643904811,"DIVIDEND_RATE":2.692307692308,"CURRENT_RATIO":0.187177978316,"COMMON_ACS":10000000000,"CURRENTDEBT_DEBT":27.961796708219,"ISSUED_COMMON_SHARES":2339057333,"HK_COMMON_SHARES":2339057333,"PER_SHARES":1000,"TOTAL_MARKET_CAP":9730478505.28,"HKSK_MARKET_CAP":9730478505.28,"PE_TTM":10.725977972901,"PB_TTM":1.901997880203,"REPORT_DATE_SQ":"2022-06-30 00:00:00","REPORT_TYPE_SQ":"2022年中报","OPERATE_INCOME_SQ":989853032.21,"DPS_HKD":0.112,"OPERATE_INCOME_QOQ_SQ":11.760004644853,"NET_PROFIT_RATIO_SQ":39.0862747186,"HOLDER_PROFIT_SQ":386896675.48,"HOLDER_PROFIT_QOQ_SQ":9.094146340655,"ROE_AVG_SQ":9.899257608247,"PE_TTM_SQ":7.208109391317,"PB_TTM_SQ":1.402290552904,"ROA_SQ":2.325116417808,"START_DATE":"2023-07-01 00:00:00","FISCAL_YEAR":"6-30","CURRENCY":"HKD","IS_CNY_CODE":0,"DPS_HKD_LY":0.112,"ORG_TYPE":"一般企业","PREMIUM_INCOME":null,"PREMIUM_INCOME_YOY":null,"NET_INTEREST_INCOME":null,"NET_INTEREST_INCOME_YOY":null,"FEE_COMMISSION_INCOME":null,"FEE_COMMISSION_INCOME_YOY":null,"ACCOUNTS_RECE_TDAYS":2.309347319827,"INVENTORY_TDAYS":81.523163690077,"CURRENT_ASSETS_TDAYS":1.439424337415,"TOTAL_ASSETS_TDAYS":0.059941696702,"PREMIUM_EXPENSE":null,"LOAN_DEPOSIT":null,"LOAN_EQUITY":null,"LOAN_ASSETS":null,"DEPOSIT_EQUITY":null,"DEPOSIT_ASSETS":null,"EQUITY_MULTIPLIER":4.795947964907,"EQUITY_RATIO":3.797607855855},{"SECUCODE":"01686.HK","SECURITY_CODE":"01686","SECURITY_NAME_ABBR":"新意网集团","ORG_CODE":"10010646","STD_REPORT_DATE":"2022-12-31 00:00:00","REPORT_DATE":"2023-06-30 00:00:00","DATE_TYPE_CODE":"001","REPORT_TYPE":"2022年年报","PER_NETCASH_OPERATE":0.580680619999,"PER_OI":0.924678338331,"BPS":1.834373193682,"BASIC_EPS":0.20560154,"DILUTED_EPS":0.20560154,"OPERATE_INCOME":2162875647.94,"OPERATE_INCOME_YOY":12.4677528771,"GROSS_PROFIT":1217751184,"GROSS_PROFIT_YOY":18.521591472723,"HOLDER_PROFIT":834728422.7,"HOLDER_PROFIT_YOY":6.912122962,"GROSS_PROFIT_RATIO":56.302413185882,"EPS_TTM":0.331589020341,"OPERATE_INCOME_QOQ":9.870695863856,"NET_PROFIT_RATIO":38.5934542051,"ROE_AVG":19.616679935991,"GROSS_PROFIT_QOQ":8.252914581039,"ROA":4.652393806702,"HOLDER_PROFIT_QOQ":7.098070574686,"ROE_YEARLY":19.616679935991,"ROIC_YEARLY":4.720771771217,"TOTAL_ASSETS":19156542711.76,"TOTAL_LIABILITIES":14863968866.18,"TAX_EBT":16.455659992581,"OCF_SALES":62.798120808917,"TOTAL_PARENT_EQUITY":4290704070.14,"DEBT_ASSET_RATIO":77.5921265639,"OPERATE_PROFIT":1099429802.68,"PRETAX_PROFIT":999144194.12,"NETCASH_OPERATE":1358245262.34,"NETCASH_INVEST":-1788528718.44,"NETCASH_FINANCE":363542245.88,"END_CASH":218766492.42,"DIVI_RATIO":0.308273657237,"DIVIDEND_RATE":2.692307692308,"CURRENT_RATIO":0.424635919961,"COMMON_ACS":10000000000,"CURRENTDEBT_DEBT":12.70950603441,"ISSUED_COMMON_SHARES":2339057333,"HK_COMMON_SHARES":2339057333,"PER_SHARES":1000,"TOTAL_MARKET_CAP":9730478505.28,"HKSK_MARKET_CAP":9730478505.28,"PE_TTM":10.725977972901,"PB_TTM":1.901997880203,"REPORT_DATE_SQ":"2021-12-31 00:00:00","REPORT_TYPE_SQ":"2021年年报","OPERATE_INCOME_SQ":1783793785.55,"DPS_HKD":0.112,"OPERATE_INCOME_QOQ_SQ":2.361149198652,"NET_PROFIT_RATIO_SQ":40.5989419156,"HOLDER_PROFIT_SQ":724201402.89,"HOLDER_PROFIT_QOQ_SQ":1.278462231642,"ROE_AVG_SQ":18.793423385926,"PE_TTM_SQ":7.208109391317,"PB_TTM_SQ":1.402290552904,"ROA_SQ":4.892941782509,"START_DATE":"2022-07-01 00:00:00","FISCAL_YEAR":"6-30","CURRENCY":"HKD","IS_CNY_CODE":0,"DPS_HKD_LY":0.208,"ORG_TYPE":"一般企业","PREMIUM_INCOME":null,"PREMIUM_INCOME_YOY":null,"NET_INTEREST_INCOME":null,"NET_INTEREST_INCOME_YOY":null,"FEE_COMMISSION_INCOME":null,"FEE_COMMISSION_INCOME_YOY":null,"ACCOUNTS_RECE_TDAYS":4.491528733762,"INVENTORY_TDAYS":134.678184326348,"CURRENT_ASSETS_TDAYS":2.800198862924,"TOTAL_ASSETS_TDAYS":0.120548779645,"PREMIUM_EXPENSE":null,"LOAN_DEPOSIT":null,"LOAN_EQUITY":null,"LOAN_ASSETS":null,"DEPOSIT_EQUITY":null,"DEPOSIT_ASSETS":null,"EQUITY_MULTIPLIER":4.462717101878,"EQUITY_RATIO":3.464226062483},{"SECUCODE":"01686.HK","SECURITY_CODE":"01686","SECURITY_NAME_ABBR":"新意网集团","ORG_CODE":"10010646","STD_REPORT_DATE":"2022-06-30 00:00:00","REPORT_DATE":"2022-12-31 00:00:00","DATE_TYPE_CODE":"002","REPORT_TYPE":"2022年中报","PER_NETCASH_OPERATE":0.249180323315,"PER_OI":0.423184595882,"BPS":1.593970882722,"BASIC_EPS":0.095311909,"DILUTED_EPS":0.095311909,"OPERATE_INCOME":989853032.21,"OPERATE_INCOME_YOY":11.3324451839,"GROSS_PROFIT":563313034.13,"GROSS_PROFIT_YOY":17.720248416402,"HOLDER_PROFIT":386896675.48,"HOLDER_PROFIT_YOY":5.5529831505,"GROSS_PROFIT_RATIO":56.908754714053,"EPS_TTM":0.309612506146,"OPERATE_INCOME_QOQ":11.760004644853,"NET_PROFIT_RATIO":39.0862747186,"ROE_AVG":9.899257608247,"GROSS_PROFIT_QOQ":9.366281667963,"ROA":2.325116417808,"HOLDER_PROFIT_QOQ":9.094146340655,"ROE_YEARLY":19.798515216494,"ROIC_YEARLY":4.725318316723,"TOTAL_ASSETS":17073365182.37,"TOTAL_LIABILITIES":13332208392.44,"TAX_EBT":16.706282356018,"OCF_SALES":58.882181851654,"TOTAL_PARENT_EQUITY":3728389281.82,"DEBT_ASSET_RATIO":78.0877597945,"OPERATE_PROFIT":498584010.12,"PRETAX_PROFIT":464496826.92,"NETCASH_OPERATE":582847062.49,"NETCASH_INVEST":-788869962.02,"NETCASH_FINANCE":155646044.61,"END_CASH":226241172.71,"DIVI_RATIO":0.330155138991,"DIVIDEND_RATE":2.692307692308,"CURRENT_RATIO":0.205106063402,"COMMON_ACS":10000000000,"CURRENTDEBT_DEBT":26.140000262644,"ISSUED_COMMON_SHARES":2339057333,"HK_COMMON_SHARES":2339057333,"PER_SHARES":1000,"TOTAL_MARKET_CAP":9730478505.28,"HKSK_MARKET_CAP":9730478505.28,"PE_TTM":10.725977972901,"PB_TTM":1.901997880203,"REPORT_DATE_SQ":"2021-06-30 00:00:00","REPORT_TYPE_SQ":"2021年中报","OPERATE_INCOME_SQ":813780172.8,"DPS_HKD":0.112,"OPERATE_INCOME_QOQ_SQ":-3.099595786131,"NET_PROFIT_RATIO_SQ":41.2264097865,"HOLDER_PROFIT_SQ":335492348.8,"HOLDER_PROFIT_QOQ_SQ":-2.971987510903,"ROE_AVG_SQ":9.644736149345,"PE_TTM_SQ":7.208109391317,"PB_TTM_SQ":1.402290552904,"ROA_SQ":2.45687941264,"START_DATE":"2022-07-01 00:00:00","FISCAL_YEAR":"6-30","CURRENCY":"HKD","IS_CNY_CODE":0,"DPS_HKD_LY":0.208,"ORG_TYPE":"一般企业","PREMIUM_INCOME":null,"PREMIUM_INCOME_YOY":null,"NET_INTEREST_INCOME":null,"NET_INTEREST_INCOME_YOY":null,"FEE_COMMISSION_INCOME":null,"FEE_COMMISSION_INCOME_YOY":null,"ACCOUNTS_RECE_TDAYS":2.349537618643,"INVENTORY_TDAYS":55.193203490724,"CURRENT_ASSETS_TDAYS":1.380274479714,"TOTAL_ASSETS_TDAYS":0.059486774694,"PREMIUM_EXPENSE":null,"LOAN_DEPOSIT":null,"LOAN_EQUITY":null,"LOAN_ASSETS":null,"DEPOSIT_EQUITY":null,"DEPOSIT_ASSETS":null,"EQUITY_MULTIPLIER":4.563659354871,"EQUITY_RATIO":3.575862761287},{"SECUCODE":"01686.HK","SECURITY_CODE":"01686","SECURITY_NAME_ABBR":"新意网集团","ORG_CODE":"10010646","STD_REPORT_DATE":"2021-12-31 00:00:00","REPORT_DATE":"2022-06-30 00:00:00","DATE_TYPE_CODE":"001","REPORT_TYPE":"2021年年报","PER_NETCASH_OPERATE":0.486030697914,"PER_OI":0.762612254255,"BPS":1.673327062608,"BASIC_EPS":0.178478153,"DILUTED_EPS":0.178221596,"OPERATE_INCOME":1783793785.55,"OPERATE_INCOME_YOY":11.30739881,"GROSS_PROFIT":1027450921.7,"GROSS_PROFIT_YOY":11.8312568805,"HOLDER_PROFIT":724201402.89,"HOLDER_PROFIT_YOY":7.5031070409,"GROSS_PROFIT_RATIO":57.599198406401,"EPS_TTM":0.283889699836,"OPERATE_INCOME_QOQ":2.361149198652,"NET_PROFIT_RATIO":40.5989419156,"ROE_AVG":18.793423385926,"GROSS_PROFIT_QOQ":2.253871280017,"ROA":4.892941782509,"HOLDER_PROFIT_QOQ":1.278462231642,"ROE_YEARLY":18.793423385926,"ROIC_YEARLY":4.997891407314,"TOTAL_ASSETS":15515525738.58,"TOTAL_LIABILITIES":11588890066.74,"TAX_EBT":16.392510354292,"OCF_SALES":63.732348280913,"TOTAL_PARENT_EQUITY":3914007936.3,"DEBT_ASSET_RATIO":74.6922164418,"OPERATE_PROFIT":891603990.2,"PRETAX_PROFIT":866192019.35,"NETCASH_OPERATE":1136853668.02,"NETCASH_INVEST":-1491170002.49,"NETCASH_FINANCE":287914251.73,"END_CASH":264825832.11,"DIVI_RATIO":0.360069985135,"DIVIDEND_RATE":2.692307692308,"CURRENT_RATIO":0.220518162803,"COMMON_ACS":10000000000,"CURRENTDEBT_DEBT":26.953388640425,"ISSUED_COMMON_SHARES":2339057333,"HK_COMMON_SHARES":2339057333,"PER_SHARES":1000,"TOTAL_MARKET_CAP":9730478505.28,"HKSK_MARKET_CAP":9730478505.28,"PE_TTM":10.725977972901,"PB_TTM":1.901997880203,"REPORT_DATE_SQ":"2020-12-31 00:00:00","REPORT_TYPE_SQ":"2020年年报","OPERATE_INCOME_SQ":1559276316,"DPS_HKD":0.112,"OPERATE_INCOME_QOQ_SQ":2.788890813285,"NET_PROFIT_RATIO_SQ":42.0356466288,"HOLDER_PROFIT_SQ":655451882.16,"HOLDER_PROFIT_QOQ_SQ":-5.58004160536,"ROE_AVG_SQ":18.012410003919,"PE_TTM_SQ":7.208109391317,"PB_TTM_SQ":1.402290552904,"ROA_SQ":4.977209213265,"START_DATE":"2021-07-01 00:00:00","FISCAL_YEAR":"6-30","CURRENCY":"HKD","IS_CNY_CODE":0,"DPS_HKD_LY":0.194,"ORG_TYPE":"一般企业","PREMIUM_INCOME":null,"PREMIUM_INCOME_YOY":null,"NET_INTEREST_INCOME":null,"NET_INTEREST_INCOME_YOY":null,"FEE_COMMISSION_INCOME":null,"FEE_COMMISSION_INCOME_YOY":null,"ACCOUNTS_RECE_TDAYS":5.128164467489,"INVENTORY_TDAYS":162.010441472797,"CURRENT_ASSETS_TDAYS":2.641738002693,"TOTAL_ASSETS_TDAYS":0.120518948318,"PREMIUM_EXPENSE":null,"LOAN_DEPOSIT":null,"LOAN_EQUITY":null,"LOAN_ASSETS":null,"DEPOSIT_EQUITY":null,"DEPOSIT_ASSETS":null,"EQUITY_MULTIPLIER":3.951353533984,"EQUITY_RATIO":2.960875464574},{"SECUCODE":"01686.HK","SECURITY_CODE":"01686","SECURITY_NAME_ABBR":"新意网集团","ORG_CODE":"10010646","STD_REPORT_DATE":"2021-06-30 00:00:00","REPORT_DATE":"2021-12-31 00:00:00","DATE_TYPE_CODE":"002","REPORT_TYPE":"2021年中报","PER_NETCASH_OPERATE":0.203585375544,"PER_OI":0.348015691843,"BPS":1.423977862282,"BASIC_EPS":0.08265936,"DILUTED_EPS":0.0825776,"OPERATE_INCOME":813780172.8,"OPERATE_INCOME_YOY":7.8181971805,"GROSS_PROFIT":478518387.2,"GROSS_PROFIT_YOY":4.523148459692,"HOLDER_PROFIT":335492348.8,"HOLDER_PROFIT_YOY":5.5773540438,"GROSS_PROFIT_RATIO":58.801922582305,"EPS_TTM":0.280386910547,"OPERATE_INCOME_QOQ":-3.099595786131,"NET_PROFIT_RATIO":41.2264097865,"ROE_AVG":9.644736149345,"GROSS_PROFIT_QOQ":-3.492435275327,"ROA":2.45687941264,"HOLDER_PROFIT_QOQ":-2.971987510903,"ROE_YEARLY":19.28947229869,"ROIC_YEARLY":5.026695799937,"TOTAL_ASSETS":13843257355.2,"TOTAL_LIABILITIES":10499906995.2,"TAX_EBT":16.330121833104,"OCF_SALES":58.498906893004,"TOTAL_PARENT_EQUITY":3330765860.8,"DEBT_ASSET_RATIO":75.8485284625,"OPERATE_PROFIT":412161971.2,"PRETAX_PROFIT":400971480,"NETCASH_OPERATE":476052505.6,"NETCASH_INVEST":-505437049.6,"NETCASH_FINANCE":-15297296,"END_CASH":271988539.2,"DIVI_RATIO":0.364568231094,"DIVIDEND_RATE":2.692307692308,"CURRENT_RATIO":0.252979079441,"COMMON_ACS":10000000000,"CURRENTDEBT_DEBT":24.201882957265,"ISSUED_COMMON_SHARES":2339057333,"HK_COMMON_SHARES":2339057333,"PER_SHARES":1000,"TOTAL_MARKET_CAP":9730478505.28,"HKSK_MARKET_CAP":9730478505.28,"PE_TTM":10.725977972901,"PB_TTM":1.901997880203,"REPORT_DATE_SQ":"2020-06-30 00:00:00","REPORT_TYPE_SQ":"2020年中报","OPERATE_INCOME_SQ":776963332.56,"DPS_HKD":0.112,"OPERATE_INCOME_QOQ_SQ":2.693947720681,"NET_PROFIT_RATIO_SQ":42.1014261976,"HOLDER_PROFIT_SQ":327112644.04,"HOLDER_PROFIT_QOQ_SQ":-6.789739615608,"ROE_AVG_SQ":9.33635672353,"PE_TTM_SQ":7.208109391317,"PB_TTM_SQ":1.402290552904,"ROA_SQ":2.48987350372,"START_DATE":"2021-07-01 00:00:00","FISCAL_YEAR":"6-30","CURRENCY":"HKD","IS_CNY_CODE":0,"DPS_HKD_LY":0.194,"ORG_TYPE":"一般企业","PREMIUM_INCOME":null,"PREMIUM_INCOME_YOY":null,"NET_INTEREST_INCOME":null,"NET_INTEREST_INCOME_YOY":null,"FEE_COMMISSION_INCOME":null,"FEE_COMMISSION_INCOME_YOY":null,"ACCOUNTS_RECE_TDAYS":2.537231479853,"INVENTORY_TDAYS":67.991377880948,"CURRENT_ASSETS_TDAYS":1.276077080426,"TOTAL_ASSETS_TDAYS":0.059594794341,"PREMIUM_EXPENSE":null,"LOAN_DEPOSIT":null,"LOAN_EQUITY":null,"LOAN_ASSETS":null,"DEPOSIT_EQUITY":null,"DEPOSIT_ASSETS":null,"EQUITY_MULTIPLIER":4.140534453345,"EQUITY_RATIO":3.152400208845},{"SECUCODE":"01686.HK","SECURITY_CODE":"01686","SECURITY_NAME_ABBR":"新意网集团","ORG_CODE":"10010646","STD_REPORT_DATE":"2020-12-31 00:00:00","REPORT_DATE":"2021-06-30 00:00:00","DATE_TYPE_CODE":"001","REPORT_TYPE":"2020年年报","PER_NETCASH_OPERATE":0.450799500273,"PER_OI":0.667021761371,"BPS":1.57775540675,"BASIC_EPS":0.161673144,"DILUTED_EPS":0.16142352,"OPERATE_INCOME":1559276316,"OPERATE_INCOME_YOY":9.341923769,"GROSS_PROFIT":918751116.96,"GROSS_PROFIT_YOY":1.409244916914,"HOLDER_PROFIT":655451882.16,"HOLDER_PROFIT_YOY":0.5717211257,"GROSS_PROFIT_RATIO":58.921636116225,"EPS_TTM":0.289278520734,"OPERATE_INCOME_QOQ":2.788890813285,"NET_PROFIT_RATIO":42.0356466288,"ROE_AVG":18.012410003919,"GROSS_PROFIT_QOQ":5.079063186627,"ROA":4.977209213265,"HOLDER_PROFIT_QOQ":-5.58004160536,"ROE_YEARLY":18.012410003919,"ROIC_YEARLY":5.109299225287,"TOTAL_ASSETS":13705696416.72,"TOTAL_LIABILITIES":10002664166.16,"TAX_EBT":16.101522518253,"OCF_SALES":67.58392699912,"TOTAL_PARENT_EQUITY":3690460353.84,"DEBT_ASSET_RATIO":72.9818015957,"OPERATE_PROFIT":799812769.68,"PRETAX_PROFIT":781244072.4,"NETCASH_OPERATE":1053820167.12,"NETCASH_INVEST":-1512641560.32,"NETCASH_FINANCE":446641406.16,"END_CASH":322277897.28,"DIVI_RATIO":0.353362426428,"DIVIDEND_RATE":2.692307692308,"CURRENT_RATIO":0.675749159352,"COMMON_ACS":10000000000,"CURRENTDEBT_DEBT":9.52436251157,"ISSUED_COMMON_SHARES":2339057333,"HK_COMMON_SHARES":2339057333,"PER_SHARES":1000,"TOTAL_MARKET_CAP":9730478505.28,"HKSK_MARKET_CAP":9730478505.28,"PE_TTM":10.725977972901,"PB_TTM":1.901997880203,"REPORT_DATE_SQ":"2019-12-31 00:00:00","REPORT_TYPE_SQ":"2019年年报","OPERATE_INCOME_SQ":1565493663.36,"DPS_HKD":0.112,"OPERATE_INCOME_QOQ_SQ":6.638149330992,"NET_PROFIT_RATIO_SQ":45.7013007018,"HOLDER_PROFIT_SQ":715450966.56,"HOLDER_PROFIT_QOQ_SQ":0.852765231769,"ROE_AVG_SQ":18.455397318174,"PE_TTM_SQ":7.208109391317,"PB_TTM_SQ":1.402290552904,"ROA_SQ":5.435783672537,"START_DATE":"2020-07-01 00:00:00","FISCAL_YEAR":"6-30","CURRENCY":"HKD","IS_CNY_CODE":0,"DPS_HKD_LY":0.175,"ORG_TYPE":"一般企业","PREMIUM_INCOME":null,"PREMIUM_INCOME_YOY":null,"NET_INTEREST_INCOME":null,"NET_INTEREST_INCOME_YOY":null,"FEE_COMMISSION_INCOME":null,"FEE_COMMISSION_INCOME_YOY":null,"ACCOUNTS_RECE_TDAYS":5.418318975176,"INVENTORY_TDAYS":128.148493424338,"CURRENT_ASSETS_TDAYS":2.44524156865,"TOTAL_ASSETS_TDAYS":0.118404487915,"PREMIUM_EXPENSE":null,"LOAN_DEPOSIT":null,"LOAN_EQUITY":null,"LOAN_ASSETS":null,"DEPOSIT_EQUITY":null,"DEPOSIT_ASSETS":null,"EQUITY_MULTIPLIER":3.701209033393,"EQUITY_RATIO":2.710410953406},{"SECUCODE":"01686.HK","SECURITY_CODE":"01686","SECURITY_NAME_ABBR":"新意网集团","ORG_CODE":"10010646","STD_REPORT_DATE":"2020-06-30 00:00:00","REPORT_DATE":"2020-12-31 00:00:00","DATE_TYPE_CODE":"002","REPORT_TYPE":"2020年中报","PER_NETCASH_OPERATE":0.207103733302,"PER_OI":0.332715498838,"BPS":1.444492302985,"BASIC_EPS":0.080713276,"DILUTED_EPS":0.080629112,"OPERATE_INCOME":776963332.56,"OPERATE_INCOME_YOY":12.7695389802,"GROSS_PROFIT":457810919.64,"GROSS_PROFIT_YOY":11.174353675217,"HOLDER_PROFIT":327112644.04,"HOLDER_PROFIT_YOY":-5.1440188608,"GROSS_PROFIT_RATIO":58.923104920739,"EPS_TTM":0.3071668446,"OPERATE_INCOME_QOQ":2.693947720681,"NET_PROFIT_RATIO":42.1014261976,"ROE_AVG":9.33635672353,"GROSS_PROFIT_QOQ":3.977810490562,"ROA":2.48987350372,"HOLDER_PROFIT_QOQ":-6.789739615608,"ROE_YEARLY":18.67271344706,"ROIC_YEARLY":5.099658667784,"TOTAL_ASSETS":13497873039.4,"TOTAL_LIABILITIES":10106498125.64,"TAX_EBT":15.397391357348,"OCF_SALES":62.246494084411,"TOTAL_PARENT_EQUITY":3378750313.76,"DEBT_ASSET_RATIO":74.8747457925,"OPERATE_PROFIT":395973103.92,"PRETAX_PROFIT":386646049.44,"NETCASH_OPERATE":483632434.84,"NETCASH_INVEST":-1056506483.8,"NETCASH_FINANCE":489740216.32,"END_CASH":255165048.64,"DIVI_RATIO":0.332783833272,"DIVIDEND_RATE":2.692307692308,"CURRENT_RATIO":0.587132198084,"COMMON_ACS":10000000000,"CURRENTDEBT_DEBT":10.023824749642,"ISSUED_COMMON_SHARES":2339057333,"HK_COMMON_SHARES":2339057333,"PER_SHARES":1000,"TOTAL_MARKET_CAP":9730478505.28,"HKSK_MARKET_CAP":9730478505.28,"PE_TTM":10.725977972901,"PB_TTM":1.901997880203,"REPORT_DATE_SQ":"2019-06-30 00:00:00","REPORT_TYPE_SQ":"2019年中报","OPERATE_INCOME_SQ":733303423.6,"DPS_HKD":0.112,"OPERATE_INCOME_QOQ_SQ":11.644012766172,"NET_PROFIT_RATIO_SQ":50.0522831106,"HOLDER_PROFIT_SQ":367035105.64,"HOLDER_PROFIT_QOQ_SQ":10.73702627449,"ROE_AVG_SQ":10.109123754472,"PE_TTM_SQ":7.208109391317,"PB_TTM_SQ":1.402290552904,"ROA_SQ":2.904798030337,"START_DATE":"2020-07-01 00:00:00","FISCAL_YEAR":"6-30","CURRENCY":"HKD","IS_CNY_CODE":0,"DPS_HKD_LY":0.175,"ORG_TYPE":"一般企业","PREMIUM_INCOME":null,"PREMIUM_INCOME_YOY":null,"NET_INTEREST_INCOME":null,"NET_INTEREST_INCOME_YOY":null,"FEE_COMMISSION_INCOME":null,"FEE_COMMISSION_INCOME_YOY":null,"ACCOUNTS_RECE_TDAYS":2.920287551306,"INVENTORY_TDAYS":55.966792118663,"CURRENT_ASSETS_TDAYS":1.259636212798,"TOTAL_ASSETS_TDAYS":0.059139885001,"PREMIUM_EXPENSE":null,"LOAN_DEPOSIT":null,"LOAN_EQUITY":null,"LOAN_ASSETS":null,"DEPOSIT_EQUITY":null,"DEPOSIT_ASSETS":null,"EQUITY_MULTIPLIER":3.980059233397,"EQUITY_RATIO":2.991194136033},{"SECUCODE":"01686.HK","SECURITY_CODE":"01686","SECURITY_NAME_ABBR":"新意网集团","ORG_CODE":"10010646","STD_REPORT_DATE":"2019-12-31 00:00:00","REPORT_DATE":"2020-06-30 00:00:00","DATE_TYPE_CODE":"001","REPORT_TYPE":"2019年年报","PER_NETCASH_OPERATE":0.461032041122,"PER_OI":0.672118385872,"BPS":1.683620790222,"BASIC_EPS":0.17675064,"DILUTED_EPS":0.176567952,"OPERATE_INCOME":1565493663.36,"OPERATE_INCOME_YOY":9.8028110541,"GROSS_PROFIT":905983589.28,"GROSS_PROFIT_YOY":17.408070908763,"HOLDER_PROFIT":715450966.56,"HOLDER_PROFIT_YOY":-9.4712862086,"GROSS_PROFIT_RATIO":57.872070036713,"EPS_TTM":0.329633232954,"OPERATE_INCOME_QOQ":6.638149330992,"NET_PROFIT_RATIO":45.7013007018,"ROE_AVG":18.455397318174,"GROSS_PROFIT_QOQ":6.60190496623,"ROA":5.435783672537,"HOLDER_PROFIT_QOQ":0.852765231769,"ROE_YEARLY":18.455397318174,"ROIC_YEARLY":5.610636648869,"TOTAL_ASSETS":13867619546.88,"TOTAL_LIABILITIES":9916787849.76,"TAX_EBT":16.012193130477,"OCF_SALES":68.593874354959,"TOTAL_PARENT_EQUITY":3938085555.36,"DEBT_ASSET_RATIO":71.5103829914,"OPERATE_PROFIT":788116945.44,"PRETAX_PROFIT":755136280.8,"NETCASH_OPERATE":1073832756.48,"NETCASH_INVEST":-1261984041.12,"NETCASH_FINANCE":127993039.68,"END_CASH":367158121.44,"DIVI_RATIO":0.310102713504,"DIVIDEND_RATE":2.692307692308,"CURRENT_RATIO":0.521585771704,"COMMON_ACS":10000000000,"CURRENTDEBT_DEBT":13.40429339801,"ISSUED_COMMON_SHARES":2339057333,"HK_COMMON_SHARES":2339057333,"PER_SHARES":1000,"TOTAL_MARKET_CAP":9730478505.28,"HKSK_MARKET_CAP":9730478505.28,"PE_TTM":10.725977972901,"PB_TTM":1.901997880203,"REPORT_DATE_SQ":"2018-12-31 00:00:00","REPORT_TYPE_SQ":"2018年年报","OPERATE_INCOME_SQ":1373006755.08,"DPS_HKD":0.112,"OPERATE_INCOME_QOQ_SQ":11.280868757854,"NET_PROFIT_RATIO_SQ":53.2395624628,"HOLDER_PROFIT_SQ":761076554.04,"HOLDER_PROFIT_QOQ_SQ":4.999195985947,"ROE_AVG_SQ":21.3903344043,"PE_TTM_SQ":7.208109391317,"PB_TTM_SQ":1.402290552904,"ROA_SQ":8.347089274919,"START_DATE":"2019-07-01 00:00:00","FISCAL_YEAR":"6-30","CURRENCY":"HKD","IS_CNY_CODE":0,"DPS_HKD_LY":0.165,"ORG_TYPE":"一般企业","PREMIUM_INCOME":null,"PREMIUM_INCOME_YOY":null,"NET_INTEREST_INCOME":null,"NET_INTEREST_INCOME_YOY":null,"FEE_COMMISSION_INCOME":null,"FEE_COMMISSION_INCOME_YOY":null,"ACCOUNTS_RECE_TDAYS":5.494084665973,"INVENTORY_TDAYS":103.953207112519,"CURRENT_ASSETS_TDAYS":2.062211291213,"TOTAL_ASSETS_TDAYS":0.118941552846,"PREMIUM_EXPENSE":null,"LOAN_DEPOSIT":null,"LOAN_EQUITY":null,"LOAN_ASSETS":null,"DEPOSIT_EQUITY":null,"DEPOSIT_ASSETS":null,"EQUITY_MULTIPLIER":3.510050695656,"EQUITY_RATIO":2.518174811175}],"count":75},"success":true,"message":"ok","code":0}