{"version":"3f36721afb6115a6c8283e93c915647b","result":{"pages":4,"data":[{"SECUCODE":"01690.HK","SECURITY_CODE":"01690","SECURITY_NAME_ABBR":"立基工程控股","ORG_CODE":"10472841","STD_REPORT_DATE":"2024-06-30 00:00:00","REPORT_DATE":"2024-06-30 00:00:00","DATE_TYPE_CODE":"002","REPORT_TYPE":"2024年中报","PER_NETCASH_OPERATE":0.008841450371,"PER_OI":0.070036817458,"BPS":0.095298598279,"BASIC_EPS":0.000821412,"DILUTED_EPS":null,"OPERATE_INCOME":104881534.88,"OPERATE_INCOME_YOY":-29.3246492863,"GROSS_PROFIT":7617227.28,"GROSS_PROFIT_YOY":-27.221511548796,"HOLDER_PROFIT":1197436.16,"HOLDER_PROFIT_YOY":-56.4409030544,"GROSS_PROFIT_RATIO":7.26269623029,"EPS_TTM":0.003437823655,"OPERATE_INCOME_QOQ":-15.369148035237,"NET_PROFIT_RATIO":1.1417035052,"ROE_AVG":0.859223555299,"GROSS_PROFIT_QOQ":-11.825499022052,"ROA":0.455060203563,"HOLDER_PROFIT_QOQ":-23.478298021185,"ROE_YEARLY":1.718447110599,"ROIC_YEARLY":1.164723611176,"TOTAL_ASSETS":255263818.48,"TOTAL_LIABILITIES":115689491.44,"TAX_EBT":16.486314449395,"OCF_SALES":12.624003620036,"TOTAL_PARENT_EQUITY":139574327.04,"DEBT_ASSET_RATIO":45.3215391546,"OPERATE_PROFIT":1433820.28,"PRETAX_PROFIT":1433820.28,"NETCASH_OPERATE":13240248.76,"NETCASH_INVEST":800420.36,"NETCASH_FINANCE":17479647.36,"END_CASH":73280902.56,"DIVI_RATIO":null,"DIVIDEND_RATE":null,"CURRENT_RATIO":2.134476426681,"COMMON_ACS":4000000000,"CURRENTDEBT_DEBT":99.243440256236,"ISSUED_COMMON_SHARES":1464600000,"HK_COMMON_SHARES":1464600000,"PER_SHARES":10000,"TOTAL_MARKET_CAP":106915800,"HKSK_MARKET_CAP":106915800,"PE_TTM":18.678511530398,"PB_TTM":0.699125078468,"REPORT_DATE_SQ":"2023-06-30 00:00:00","REPORT_TYPE_SQ":"2023年中报","OPERATE_INCOME_SQ":149911182.06,"DPS_HKD":null,"OPERATE_INCOME_QOQ_SQ":4.768666822801,"NET_PROFIT_RATIO_SQ":1.8524327017,"HOLDER_PROFIT_SQ":2777003.76,"HOLDER_PROFIT_QOQ_SQ":-35.418564198826,"ROE_AVG_SQ":2.043904590642,"PE_TTM_SQ":16.946220573548,"PB_TTM_SQ":0.796262310028,"ROA_SQ":1.083876261059,"START_DATE":"2024-01-01 00:00:00","FISCAL_YEAR":"12-31","CURRENCY":"HKD","IS_CNY_CODE":0,"DPS_HKD_LY":null,"ORG_TYPE":"一般企业","PREMIUM_INCOME":null,"PREMIUM_INCOME_YOY":null,"NET_INTEREST_INCOME":null,"NET_INTEREST_INCOME_YOY":null,"FEE_COMMISSION_INCOME":null,"FEE_COMMISSION_INCOME_YOY":null,"ACCOUNTS_RECE_TDAYS":1.072758163589,"INVENTORY_TDAYS":null,"CURRENT_ASSETS_TDAYS":0.415743222954,"TOTAL_ASSETS_TDAYS":0.398580017932,"PREMIUM_EXPENSE":null,"LOAN_DEPOSIT":null,"LOAN_EQUITY":null,"LOAN_ASSETS":null,"DEPOSIT_EQUITY":null,"DEPOSIT_ASSETS":null,"EQUITY_MULTIPLIER":1.82887371835,"EQUITY_RATIO":0.828873718351},{"SECUCODE":"01690.HK","SECURITY_CODE":"01690","SECURITY_NAME_ABBR":"立基工程控股","ORG_CODE":"10472841","STD_REPORT_DATE":"2023-12-31 00:00:00","REPORT_DATE":"2023-12-31 00:00:00","DATE_TYPE_CODE":"001","REPORT_TYPE":"2023年年报","PER_NETCASH_OPERATE":0.023334970101,"PER_OI":0.192404151343,"BPS":0.094336969876,"BASIC_EPS":0.004440478,"DILUTED_EPS":0.004440478,"OPERATE_INCOME":292987269.54,"OPERATE_INCOME_YOY":-19.5597653276,"GROSS_PROFIT":24092764.92,"GROSS_PROFIT_YOY":4.877805045001,"HOLDER_PROFIT":6727777.28,"HOLDER_PROFIT_YOY":-31.9273794242,"GROSS_PROFIT_RATIO":8.223143946775,"EPS_TTM":0.004418117825,"OPERATE_INCOME_QOQ":-22.108008934593,"NET_PROFIT_RATIO":2.29626949,"ROE_AVG":4.982098937345,"GROSS_PROFIT_QOQ":18.094993845986,"ROA":2.509032042205,"HOLDER_PROFIT_QOQ":1.42823231892,"ROE_YEARLY":4.982098937345,"ROIC_YEARLY":2.809168393072,"TOTAL_ASSETS":269093873.02,"TOTAL_LIABILITIES":130927946.94,"TAX_EBT":18.138714301467,"OCF_SALES":12.12810115463,"TOTAL_PARENT_EQUITY":138165926.08,"DEBT_ASSET_RATIO":48.6551200407,"OPERATE_PROFIT":8269257.5,"PRETAX_PROFIT":8218509.18,"NETCASH_OPERATE":35533792.42,"NETCASH_INVEST":-351613.36,"NETCASH_FINANCE":-9549746.36,"END_CASH":41465002.32,"DIVI_RATIO":null,"DIVIDEND_RATE":null,"CURRENT_RATIO":1.980019221662,"COMMON_ACS":4000000000,"CURRENTDEBT_DEBT":99.384677145843,"ISSUED_COMMON_SHARES":1464600000,"HK_COMMON_SHARES":1464600000,"PER_SHARES":10000,"TOTAL_MARKET_CAP":105451200,"HKSK_MARKET_CAP":105451200,"PE_TTM":18.422641509434,"PB_TTM":0.689548022599,"REPORT_DATE_SQ":"2022-12-31 00:00:00","REPORT_TYPE_SQ":"2022年年报","OPERATE_INCOME_SQ":359024864.94,"DPS_HKD":null,"OPERATE_INCOME_QOQ_SQ":31.229515410351,"NET_PROFIT_RATIO_SQ":2.8607540767,"HOLDER_PROFIT_SQ":9742002.62,"HOLDER_PROFIT_QOQ_SQ":-42.016377961396,"ROE_AVG_SQ":8.189108727547,"PE_TTM_SQ":13.904591239834,"PB_TTM_SQ":0.653343433869,"ROA_SQ":4.482554954962,"START_DATE":"2023-01-01 00:00:00","FISCAL_YEAR":"12-31","CURRENCY":"HKD","IS_CNY_CODE":0,"DPS_HKD_LY":null,"ORG_TYPE":"一般企业","PREMIUM_INCOME":null,"PREMIUM_INCOME_YOY":null,"NET_INTEREST_INCOME":null,"NET_INTEREST_INCOME_YOY":null,"FEE_COMMISSION_INCOME":null,"FEE_COMMISSION_INCOME_YOY":null,"ACCOUNTS_RECE_TDAYS":2.46363868431,"INVENTORY_TDAYS":null,"CURRENT_ASSETS_TDAYS":1.146336447604,"TOTAL_ASSETS_TDAYS":1.092655741472,"PREMIUM_EXPENSE":null,"LOAN_DEPOSIT":null,"LOAN_EQUITY":null,"LOAN_ASSETS":null,"DEPOSIT_EQUITY":null,"DEPOSIT_ASSETS":null,"EQUITY_MULTIPLIER":1.947613862945,"EQUITY_RATIO":0.947613862945},{"SECUCODE":"01690.HK","SECURITY_CODE":"01690","SECURITY_NAME_ABBR":"立基工程控股","ORG_CODE":"10472841","STD_REPORT_DATE":"2023-06-30 00:00:00","REPORT_DATE":"2023-06-30 00:00:00","DATE_TYPE_CODE":"002","REPORT_TYPE":"2023年中报","PER_NETCASH_OPERATE":0.025558129242,"PER_OI":0.097981164745,"BPS":0.09390208293,"BASIC_EPS":0.00184396,"DILUTED_EPS":null,"OPERATE_INCOME":149911182.06,"OPERATE_INCOME_YOY":4.7148303666,"GROSS_PROFIT":10466316.96,"GROSS_PROFIT_YOY":-22.809292336603,"HOLDER_PROFIT":2777003.76,"HOLDER_PROFIT_YOY":-59.8453539528,"GROSS_PROFIT_RATIO":6.981678628757,"EPS_TTM":0.004335321588,"OPERATE_INCOME_QOQ":4.768666822801,"NET_PROFIT_RATIO":1.8524327017,"ROE_AVG":2.043904590642,"GROSS_PROFIT_QOQ":-13.163932954058,"ROA":1.083876261059,"HOLDER_PROFIT_QOQ":-35.418564198826,"ROE_YEARLY":4.087809181285,"ROIC_YEARLY":2.454022719264,"TOTAL_ASSETS":240583305.16,"TOTAL_LIABILITIES":103054314.5,"TAX_EBT":null,"OCF_SALES":26.084737110771,"TOTAL_PARENT_EQUITY":137528990.66,"DEBT_ASSET_RATIO":42.8351894291,"OPERATE_PROFIT":2835088.5,"PRETAX_PROFIT":2777003.76,"NETCASH_OPERATE":39103937.74,"NETCASH_INVEST":-29993853.36,"NETCASH_FINANCE":-9277884.74,"END_CASH":15940112.22,"DIVI_RATIO":null,"DIVIDEND_RATE":null,"CURRENT_RATIO":2.185041377768,"COMMON_ACS":4000000000,"CURRENTDEBT_DEBT":100,"ISSUED_COMMON_SHARES":1464600000,"HK_COMMON_SHARES":1464600000,"PER_SHARES":10000,"TOTAL_MARKET_CAP":105451200,"HKSK_MARKET_CAP":105451200,"PE_TTM":18.422641509434,"PB_TTM":0.689548022599,"REPORT_DATE_SQ":"2022-06-30 00:00:00","REPORT_TYPE_SQ":"2022年中报","OPERATE_INCOME_SQ":132790482.44,"DPS_HKD":null,"OPERATE_INCOME_QOQ_SQ":28.021552365119,"NET_PROFIT_RATIO_SQ":4.8307529818,"HOLDER_PROFIT_SQ":6414780.19,"HOLDER_PROFIT_QOQ_SQ":102.325427607027,"ROE_AVG_SQ":5.419504000867,"PE_TTM_SQ":13.904591239834,"PB_TTM_SQ":0.653343433869,"ROA_SQ":3.392728317137,"START_DATE":"2023-01-01 00:00:00","FISCAL_YEAR":"12-31","CURRENCY":"HKD","IS_CNY_CODE":0,"DPS_HKD_LY":null,"ORG_TYPE":"一般企业","PREMIUM_INCOME":null,"PREMIUM_INCOME_YOY":null,"NET_INTEREST_INCOME":null,"NET_INTEREST_INCOME_YOY":null,"FEE_COMMISSION_INCOME":null,"FEE_COMMISSION_INCOME_YOY":null,"ACCOUNTS_RECE_TDAYS":1.391573379891,"INVENTORY_TDAYS":null,"CURRENT_ASSETS_TDAYS":0.620603974076,"TOTAL_ASSETS_TDAYS":0.585109656107,"PREMIUM_EXPENSE":null,"LOAN_DEPOSIT":null,"LOAN_EQUITY":null,"LOAN_ASSETS":null,"DEPOSIT_EQUITY":null,"DEPOSIT_ASSETS":null,"EQUITY_MULTIPLIER":1.749327934464,"EQUITY_RATIO":0.749327934463},{"SECUCODE":"01690.HK","SECURITY_CODE":"01690","SECURITY_NAME_ABBR":"立基工程控股","ORG_CODE":"10472841","STD_REPORT_DATE":"2022-12-31 00:00:00","REPORT_DATE":"2022-12-31 00:00:00","DATE_TYPE_CODE":"001","REPORT_TYPE":"2022年年报","PER_NETCASH_OPERATE":-0.021293104686,"PER_OI":0.234656774471,"BPS":0.089140978322,"BASIC_EPS":0.006342217,"DILUTED_EPS":0.006342217,"OPERATE_INCOME":359024864.94,"OPERATE_INCOME_YOY":53.7704014875,"GROSS_PROFIT":22972224.59,"GROSS_PROFIT_YOY":3.256563811573,"HOLDER_PROFIT":9742002.62,"HOLDER_PROFIT_YOY":7.3776615614,"GROSS_PROFIT_RATIO":6.54380700733,"EPS_TTM":0.006712953242,"OPERATE_INCOME_QOQ":31.229515410351,"NET_PROFIT_RATIO":2.8607540767,"ROE_AVG":8.189108727547,"GROSS_PROFIT_QOQ":-24.462204024433,"ROA":4.482554954962,"HOLDER_PROFIT_QOQ":-42.016377961396,"ROE_YEARLY":8.189108727547,"ROIC_YEARLY":5.125473352932,"TOTAL_ASSETS":263478025.93,"TOTAL_LIABILITIES":133450964.92,"TAX_EBT":-25.906257215424,"OCF_SALES":-9.074148715422,"TOTAL_PARENT_EQUITY":130027061.01,"DEBT_ASSET_RATIO":50.4292143901,"OPERATE_PROFIT":8068014.64,"PRETAX_PROFIT":7737504.74,"NETCASH_OPERATE":-32578450.17,"NETCASH_INVEST":-2293024.09,"NETCASH_FINANCE":8602190.1,"END_CASH":15606320.17,"DIVI_RATIO":null,"DIVIDEND_RATE":null,"CURRENT_RATIO":1.881569212972,"COMMON_ACS":4000000000,"CURRENTDEBT_DEBT":99.524753005435,"ISSUED_COMMON_SHARES":1464600000,"HK_COMMON_SHARES":1464600000,"PER_SHARES":10000,"TOTAL_MARKET_CAP":105451200,"HKSK_MARKET_CAP":105451200,"PE_TTM":18.422641509434,"PB_TTM":0.689548022599,"REPORT_DATE_SQ":"2021-12-31 00:00:00","REPORT_TYPE_SQ":"2021年年报","OPERATE_INCOME_SQ":213702652.8,"DPS_HKD":null,"OPERATE_INCOME_QOQ_SQ":72.320621148351,"NET_PROFIT_RATIO_SQ":4.09674877,"HOLDER_PROFIT_SQ":8754860.8,"HOLDER_PROFIT_QOQ_SQ":523.520001665662,"ROE_AVG_SQ":8.680320526591,"PE_TTM_SQ":13.904591239834,"PB_TTM_SQ":0.653343433869,"ROA_SQ":5.704422685575,"START_DATE":"2022-01-01 00:00:00","FISCAL_YEAR":"12-31","CURRENCY":"HKD","IS_CNY_CODE":0,"DPS_HKD_LY":null,"ORG_TYPE":"一般企业","PREMIUM_INCOME":null,"PREMIUM_INCOME_YOY":null,"NET_INTEREST_INCOME":null,"NET_INTEREST_INCOME_YOY":null,"FEE_COMMISSION_INCOME":null,"FEE_COMMISSION_INCOME_YOY":null,"ACCOUNTS_RECE_TDAYS":3.852041403105,"INVENTORY_TDAYS":null,"CURRENT_ASSETS_TDAYS":1.656792001336,"TOTAL_ASSETS_TDAYS":1.56691376988,"PREMIUM_EXPENSE":null,"LOAN_DEPOSIT":null,"LOAN_EQUITY":null,"LOAN_ASSETS":null,"DEPOSIT_EQUITY":null,"DEPOSIT_ASSETS":null,"EQUITY_MULTIPLIER":2.017317231705,"EQUITY_RATIO":1.026332241023},{"SECUCODE":"01690.HK","SECURITY_CODE":"01690","SECURITY_NAME_ABBR":"立基工程控股","ORG_CODE":"10472841","STD_REPORT_DATE":"2022-06-30 00:00:00","REPORT_DATE":"2022-06-30 00:00:00","DATE_TYPE_CODE":"002","REPORT_TYPE":"2022年中报","PER_NETCASH_OPERATE":-0.00627698281,"PER_OI":0.086791164993,"BPS":0.083007032651,"BASIC_EPS":0.004190431,"DILUTED_EPS":null,"OPERATE_INCOME":132790482.44,"OPERATE_INCOME_YOY":77.2132251401,"GROSS_PROFIT":13559037.45,"GROSS_PROFIT_YOY":188.20928813476,"HOLDER_PROFIT":6414780.19,"HOLDER_PROFIT_YOY":345.3712790317,"GROSS_PROFIT_RATIO":10.210850356784,"EPS_TTM":0.011577326503,"OPERATE_INCOME_QOQ":28.021552365119,"NET_PROFIT_RATIO":4.8307529818,"ROE_AVG":5.419504000867,"GROSS_PROFIT_QOQ":39.799402712556,"ROA":3.392728317137,"HOLDER_PROFIT_QOQ":102.325427607027,"ROE_YEARLY":10.839008001734,"ROIC_YEARLY":8.283295097219,"TOTAL_ASSETS":191571967.09,"TOTAL_LIABILITIES":69999867.07,"TAX_EBT":null,"OCF_SALES":-7.232283160308,"TOTAL_PARENT_EQUITY":121572100.02,"DEBT_ASSET_RATIO":36.5397234957,"OPERATE_PROFIT":6414780.19,"PRETAX_PROFIT":6414780.19,"NETCASH_OPERATE":-9603783.7,"NETCASH_INVEST":-2197838.3,"NETCASH_FINANCE":null,"END_CASH":28288830.01,"DIVI_RATIO":null,"DIVIDEND_RATE":null,"CURRENT_RATIO":2.57789043658,"COMMON_ACS":4000000000,"CURRENTDEBT_DEBT":99.285304142793,"ISSUED_COMMON_SHARES":1464600000,"HK_COMMON_SHARES":1464600000,"PER_SHARES":10000,"TOTAL_MARKET_CAP":105451200,"HKSK_MARKET_CAP":105451200,"PE_TTM":18.422641509434,"PB_TTM":0.689548022599,"REPORT_DATE_SQ":"2021-06-30 00:00:00","REPORT_TYPE_SQ":"2021年中报","OPERATE_INCOME_SQ":72907681.68,"DPS_HKD":null,"OPERATE_INCOME_QOQ_SQ":11.398251420598,"NET_PROFIT_RATIO_SQ":-3.4888896497,"HOLDER_PROFIT_SQ":-2543668.56,"HOLDER_PROFIT_QOQ_SQ":-39.235625812513,"ROE_AVG_SQ":-2.624552486757,"PE_TTM_SQ":13.904591239834,"PB_TTM_SQ":0.653343433869,"ROA_SQ":-1.798161252184,"START_DATE":"2022-01-01 00:00:00","FISCAL_YEAR":"12-31","CURRENCY":"HKD","IS_CNY_CODE":0,"DPS_HKD_LY":null,"ORG_TYPE":"一般企业","PREMIUM_INCOME":null,"PREMIUM_INCOME_YOY":null,"NET_INTEREST_INCOME":null,"NET_INTEREST_INCOME_YOY":null,"FEE_COMMISSION_INCOME":null,"FEE_COMMISSION_INCOME_YOY":null,"ACCOUNTS_RECE_TDAYS":2.544694728734,"INVENTORY_TDAYS":null,"CURRENT_ASSETS_TDAYS":0.748465961949,"TOTAL_ASSETS_TDAYS":0.702318733731,"PREMIUM_EXPENSE":null,"LOAN_DEPOSIT":null,"LOAN_EQUITY":null,"LOAN_ASSETS":null,"DEPOSIT_EQUITY":null,"DEPOSIT_ASSETS":null,"EQUITY_MULTIPLIER":1.57578891093,"EQUITY_RATIO":0.57578891093},{"SECUCODE":"01690.HK","SECURITY_CODE":"01690","SECURITY_NAME_ABBR":"立基工程控股","ORG_CODE":"10472841","STD_REPORT_DATE":"2021-12-31 00:00:00","REPORT_DATE":"2021-12-31 00:00:00","DATE_TYPE_CODE":"001","REPORT_TYPE":"2021年年报","PER_NETCASH_OPERATE":-0.011799624575,"PER_OI":0.139674936471,"BPS":0.075171079612,"BASIC_EPS":0.00596848,"DILUTED_EPS":0.00596848,"OPERATE_INCOME":213702652.8,"OPERATE_INCOME_YOY":97.6064473207,"GROSS_PROFIT":22247713.6,"GROSS_PROFIT_YOY":223.903499018706,"HOLDER_PROFIT":8754860.8,"HOLDER_PROFIT_YOY":707.029478458,"GROSS_PROFIT_RATIO":10.410593087406,"EPS_TTM":0.005722131242,"OPERATE_INCOME_QOQ":72.320621148351,"NET_PROFIT_RATIO":4.09674877,"ROE_AVG":8.680320526591,"GROSS_PROFIT_QOQ":309.970157370641,"ROA":5.704422685575,"HOLDER_PROFIT_QOQ":523.520001665662,"ROE_YEARLY":8.680320526591,"ROIC_YEARLY":7.924133159182,"TOTAL_ASSETS":178375792,"TOTAL_LIABILITIES":68280228.8,"TAX_EBT":-20.558432785409,"OCF_SALES":-8.447918340488,"TOTAL_PARENT_EQUITY":110095563.2,"DEBT_ASSET_RATIO":38.2788651052,"OPERATE_PROFIT":7261923.2,"PRETAX_PROFIT":7261923.2,"NETCASH_OPERATE":-18053425.6,"NETCASH_INVEST":-991748.8,"NETCASH_FINANCE":9718811.2,"END_CASH":38328270.4,"DIVI_RATIO":null,"DIVIDEND_RATE":null,"CURRENT_RATIO":2.477064441443,"COMMON_ACS":4000000000,"CURRENTDEBT_DEBT":99.299510255888,"ISSUED_COMMON_SHARES":1464600000,"HK_COMMON_SHARES":1464600000,"PER_SHARES":10000,"TOTAL_MARKET_CAP":105451200,"HKSK_MARKET_CAP":105451200,"PE_TTM":18.422641509434,"PB_TTM":0.689548022599,"REPORT_DATE_SQ":"2020-12-31 00:00:00","REPORT_TYPE_SQ":"2020年年报","OPERATE_INCOME_SQ":111325406.08,"DPS_HKD":null,"OPERATE_INCOME_QOQ_SQ":-6.166606081856,"NET_PROFIT_RATIO_SQ":-1.33361558,"HOLDER_PROFIT_SQ":-1484652.96,"HOLDER_PROFIT_QOQ_SQ":90.262470742576,"ROE_AVG_SQ":-1.561835954101,"PE_TTM_SQ":13.904591239834,"PB_TTM_SQ":0.653343433869,"ROA_SQ":-1.01296061283,"START_DATE":"2021-01-01 00:00:00","FISCAL_YEAR":"12-31","CURRENCY":"HKD","IS_CNY_CODE":0,"DPS_HKD_LY":null,"ORG_TYPE":"一般企业","PREMIUM_INCOME":null,"PREMIUM_INCOME_YOY":null,"NET_INTEREST_INCOME":null,"NET_INTEREST_INCOME_YOY":null,"FEE_COMMISSION_INCOME":null,"FEE_COMMISSION_INCOME_YOY":null,"ACCOUNTS_RECE_TDAYS":4.297955257381,"INVENTORY_TDAYS":null,"CURRENT_ASSETS_TDAYS":1.472008920652,"TOTAL_ASSETS_TDAYS":1.392426776905,"PREMIUM_EXPENSE":null,"LOAN_DEPOSIT":null,"LOAN_EQUITY":null,"LOAN_ASSETS":null,"DEPOSIT_EQUITY":null,"DEPOSIT_ASSETS":null,"EQUITY_MULTIPLIER":1.620190558233,"EQUITY_RATIO":0.620190558233},{"SECUCODE":"01690.HK","SECURITY_CODE":"01690","SECURITY_NAME_ABBR":"立基工程控股","ORG_CODE":"10472841","STD_REPORT_DATE":"2021-06-30 00:00:00","REPORT_DATE":"2021-06-30 00:00:00","DATE_TYPE_CODE":"002","REPORT_TYPE":"2021年中报","PER_NETCASH_OPERATE":-0.010537504627,"PER_OI":0.047652079529,"BPS":0.068682107989,"BASIC_EPS":-0.001830576,"DILUTED_EPS":null,"OPERATE_INCOME":72907681.68,"OPERATE_INCOME_YOY":32.9101251422,"GROSS_PROFIT":4704580.32,"GROSS_PROFIT_YOY":-23.459669431853,"HOLDER_PROFIT":-2543668.56,"HOLDER_PROFIT_YOY":-42.3847228691,"GROSS_PROFIT_RATIO":6.452790997592,"EPS_TTM":-0.001351088784,"OPERATE_INCOME_QOQ":11.398251420598,"NET_PROFIT_RATIO":-3.4888896497,"ROE_AVG":-2.624552486757,"GROSS_PROFIT_QOQ":-20.993395934945,"ROA":-1.798161252184,"HOLDER_PROFIT_QOQ":-39.235625812513,"ROE_YEARLY":-5.249104973514,"ROIC_YEARLY":-5.260780340479,"TOTAL_ASSETS":152067612.48,"TOTAL_LIABILITIES":51475797.12,"TAX_EBT":null,"OCF_SALES":-22.113420298787,"TOTAL_PARENT_EQUITY":100591815.36,"DEBT_ASSET_RATIO":33.8505986124,"OPERATE_PROFIT":-2543668.56,"PRETAX_PROFIT":-2543668.56,"NETCASH_OPERATE":-16122382.08,"NETCASH_INVEST":-1253112.48,"NETCASH_FINANCE":9890934.96,"END_CASH":41014055.28,"DIVI_RATIO":null,"DIVIDEND_RATE":null,"CURRENT_RATIO":2.809124661554,"COMMON_ACS":4000000000,"CURRENTDEBT_DEBT":99.700956937799,"ISSUED_COMMON_SHARES":1464600000,"HK_COMMON_SHARES":1464600000,"PER_SHARES":10000,"TOTAL_MARKET_CAP":105451200,"HKSK_MARKET_CAP":105451200,"PE_TTM":18.422641509434,"PB_TTM":0.689548022599,"REPORT_DATE_SQ":"2020-06-30 00:00:00","REPORT_TYPE_SQ":"2020年中报","OPERATE_INCOME_SQ":60218532,"DPS_HKD":null,"OPERATE_INCOME_QOQ_SQ":-13.70257059989,"NET_PROFIT_RATIO_SQ":-3.2567311339,"HOLDER_PROFIT_SQ":-1961155.68,"HOLDER_PROFIT_QOQ_SQ":46.320809038688,"ROE_AVG_SQ":-1.904170639232,"PE_TTM_SQ":13.904591239834,"PB_TTM_SQ":0.653343433869,"ROA_SQ":-1.219093260351,"START_DATE":"2021-01-01 00:00:00","FISCAL_YEAR":"12-31","CURRENCY":"HKD","IS_CNY_CODE":0,"DPS_HKD_LY":null,"ORG_TYPE":"一般企业","PREMIUM_INCOME":null,"PREMIUM_INCOME_YOY":null,"NET_INTEREST_INCOME":null,"NET_INTEREST_INCOME_YOY":null,"FEE_COMMISSION_INCOME":null,"FEE_COMMISSION_INCOME_YOY":null,"ACCOUNTS_RECE_TDAYS":1.662164469316,"INVENTORY_TDAYS":null,"CURRENT_ASSETS_TDAYS":0.54258352762,"TOTAL_ASSETS_TDAYS":0.515396424853,"PREMIUM_EXPENSE":null,"LOAN_DEPOSIT":null,"LOAN_EQUITY":null,"LOAN_ASSETS":null,"DEPOSIT_EQUITY":null,"DEPOSIT_ASSETS":null,"EQUITY_MULTIPLIER":1.511729477551,"EQUITY_RATIO":0.51172947755},{"SECUCODE":"01690.HK","SECURITY_CODE":"01690","SECURITY_NAME_ABBR":"立基工程控股","ORG_CODE":"10472841","STD_REPORT_DATE":"2020-12-31 00:00:00","REPORT_DATE":"2020-12-31 00:00:00","DATE_TYPE_CODE":"001","REPORT_TYPE":"2020年年报","PER_NETCASH_OPERATE":-0.004294895248,"PER_OI":0.083703312842,"BPS":0.064397010569,"BASIC_EPS":-0.001094132,"DILUTED_EPS":-0.001094132,"OPERATE_INCOME":111325406.08,"OPERATE_INCOME_YOY":-13.8152793615,"GROSS_PROFIT":6868624.04,"GROSS_PROFIT_YOY":148.337374727477,"HOLDER_PROFIT":-1484652.96,"HOLDER_PROFIT_YOY":94.4367352088,"GROSS_PROFIT_RATIO":6.169862102335,"EPS_TTM":-0.001116280421,"OPERATE_INCOME_QOQ":-6.166606081856,"NET_PROFIT_RATIO":-1.33361558,"ROE_AVG":-1.561835954101,"GROSS_PROFIT_QOQ":1561.42410883037,"ROA":-1.01296061283,"HOLDER_PROFIT_QOQ":90.262470742576,"ROE_YEARLY":-1.561835954101,"ROIC_YEARLY":-1.563691162131,"TOTAL_ASSETS":132354623.12,"TOTAL_LIABILITIES":38038761.44,"TAX_EBT":0.787401574803,"OCF_SALES":-5.131093504294,"TOTAL_PARENT_EQUITY":94315861.68,"DEBT_ASSET_RATIO":28.7400323036,"OPERATE_PROFIT":-1494752.64,"PRETAX_PROFIT":-1496435.92,"NETCASH_OPERATE":-5712210.68,"NETCASH_INVEST":584939.8,"NETCASH_FINANCE":-1683.28,"END_CASH":49055829.04,"DIVI_RATIO":null,"DIVIDEND_RATE":null,"CURRENT_RATIO":3.3261424985,"COMMON_ACS":4000000000,"CURRENTDEBT_DEBT":99.590671740862,"ISSUED_COMMON_SHARES":1464600000,"HK_COMMON_SHARES":1464600000,"PER_SHARES":10000,"TOTAL_MARKET_CAP":105451200,"HKSK_MARKET_CAP":105451200,"PE_TTM":18.422641509434,"PB_TTM":0.689548022599,"REPORT_DATE_SQ":"2019-12-31 00:00:00","REPORT_TYPE_SQ":"2019年年报","OPERATE_INCOME_SQ":137479835.5,"DPS_HKD":null,"OPERATE_INCOME_QOQ_SQ":-38.451314524717,"NET_PROFIT_RATIO_SQ":-20.6600423522,"HOLDER_PROFIT_SQ":-28403392.24,"HOLDER_PROFIT_QOQ_SQ":-108.218414759411,"ROE_AVG_SQ":-25.173170741389,"PE_TTM_SQ":13.904591239834,"PB_TTM_SQ":0.653343433869,"ROA_SQ":-15.291465223105,"START_DATE":"2020-01-01 00:00:00","FISCAL_YEAR":"12-31","CURRENCY":"HKD","IS_CNY_CODE":0,"DPS_HKD_LY":null,"ORG_TYPE":"一般企业","PREMIUM_INCOME":null,"PREMIUM_INCOME_YOY":null,"NET_INTEREST_INCOME":null,"NET_INTEREST_INCOME_YOY":null,"FEE_COMMISSION_INCOME":null,"FEE_COMMISSION_INCOME_YOY":null,"ACCOUNTS_RECE_TDAYS":3.015914998404,"INVENTORY_TDAYS":null,"CURRENT_ASSETS_TDAYS":0.797189057575,"TOTAL_ASSETS_TDAYS":0.759559672223,"PREMIUM_EXPENSE":null,"LOAN_DEPOSIT":null,"LOAN_EQUITY":null,"LOAN_ASSETS":null,"DEPOSIT_EQUITY":null,"DEPOSIT_ASSETS":null,"EQUITY_MULTIPLIER":1.403312452035,"EQUITY_RATIO":0.403312452035},{"SECUCODE":"01690.HK","SECURITY_CODE":"01690","SECURITY_NAME_ABBR":"立基工程控股","ORG_CODE":"10472841","STD_REPORT_DATE":"2020-06-30 00:00:00","REPORT_DATE":"2020-06-30 00:00:00","DATE_TYPE_CODE":"002","REPORT_TYPE":"2020年中报","PER_NETCASH_OPERATE":-0.016647272301,"PER_OI":0.045277091729,"BPS":0.069651826956,"BASIC_EPS":-0.001461504,"DILUTED_EPS":null,"OPERATE_INCOME":60218532,"OPERATE_INCOME_YOY":-26.6456738472,"GROSS_PROFIT":6146537.76,"GROSS_PROFIT_YOY":180.947656139029,"HOLDER_PROFIT":-1961155.68,"HOLDER_PROFIT_YOY":87.507273362,"GROSS_PROFIT_RATIO":10.207053469852,"EPS_TTM":-0.011463692602,"OPERATE_INCOME_QOQ":-13.70257059989,"NET_PROFIT_RATIO":-3.2567311339,"ROE_AVG":-1.904170639232,"GROSS_PROFIT_QOQ":96.692447152376,"ROA":-1.219093260351,"HOLDER_PROFIT_QOQ":46.320809038688,"ROE_YEARLY":-3.808341278464,"ROIC_YEARLY":-3.476740090603,"TOTAL_ASSETS":147247441.44,"TOTAL_LIABILITIES":45235375.68,"TAX_EBT":null,"OCF_SALES":-36.767538869928,"TOTAL_PARENT_EQUITY":102012065.76,"DEBT_ASSET_RATIO":30.7206530977,"OPERATE_PROFIT":-1961155.68,"PRETAX_PROFIT":-1961155.68,"NETCASH_OPERATE":-22140872.16,"NETCASH_INVEST":634840.8,"NETCASH_FINANCE":null,"END_CASH":37301235.84,"DIVI_RATIO":null,"DIVIDEND_RATE":null,"CURRENT_RATIO":3.101636153519,"COMMON_ACS":4000000000,"CURRENTDEBT_DEBT":99.598158394249,"ISSUED_COMMON_SHARES":1464600000,"HK_COMMON_SHARES":1464600000,"PER_SHARES":10000,"TOTAL_MARKET_CAP":105451200,"HKSK_MARKET_CAP":105451200,"PE_TTM":18.422641509434,"PB_TTM":0.689548022599,"REPORT_DATE_SQ":"2019-06-30 00:00:00","REPORT_TYPE_SQ":"2019年中报","OPERATE_INCOME_SQ":79056803.52,"DPS_HKD":null,"OPERATE_INCOME_QOQ_SQ":-17.367030817271,"NET_PROFIT_RATIO_SQ":-19.1227523589,"HOLDER_PROFIT_SQ":-15117836.76,"HOLDER_PROFIT_QOQ_SQ":-187.380242718981,"ROE_AVG_SQ":-12.89925506164,"PE_TTM_SQ":13.904591239834,"PB_TTM_SQ":0.653343433869,"ROA_SQ":-8.284405880935,"START_DATE":"2020-01-01 00:00:00","FISCAL_YEAR":"12-31","CURRENCY":"HKD","IS_CNY_CODE":0,"DPS_HKD_LY":null,"ORG_TYPE":"一般企业","PREMIUM_INCOME":null,"PREMIUM_INCOME_YOY":null,"NET_INTEREST_INCOME":null,"NET_INTEREST_INCOME_YOY":null,"FEE_COMMISSION_INCOME":null,"FEE_COMMISSION_INCOME_YOY":null,"ACCOUNTS_RECE_TDAYS":1.451037791913,"INVENTORY_TDAYS":null,"CURRENT_ASSETS_TDAYS":0.393447025648,"TOTAL_ASSETS_TDAYS":0.37433033623,"PREMIUM_EXPENSE":null,"LOAN_DEPOSIT":null,"LOAN_EQUITY":null,"LOAN_ASSETS":null,"DEPOSIT_EQUITY":null,"DEPOSIT_ASSETS":null,"EQUITY_MULTIPLIER":1.443431620985,"EQUITY_RATIO":0.443431620985}],"count":29},"success":true,"message":"ok","code":0}