{"version":"7327adac035faf68b1ae24e65f2686bf","result":{"pages":3,"data":[{"SECUCODE":"01696.HK","SECURITY_CODE":"01696","SECURITY_NAME_ABBR":"复锐医疗科技","ORG_CODE":"10678262","STD_REPORT_DATE":"2024-06-30 00:00:00","REPORT_DATE":"2024-06-30 00:00:00","DATE_TYPE_CODE":"002","REPORT_TYPE":"2024年中报","PER_NETCASH_OPERATE":0.060274732952,"PER_OI":2.56757275711,"BPS":6.894342952324,"BASIC_EPS":0.16676712,"DILUTED_EPS":0.16676712,"OPERATE_INCOME":1202504964,"OPERATE_INCOME_YOY":-1.6845257865,"GROSS_PROFIT":750530434.8,"GROSS_PROFIT_YOY":-1.357913745696,"HOLDER_PROFIT":78052713.6,"HOLDER_PROFIT_YOY":-42.0498439071,"GROSS_PROFIT_RATIO":62.413915723345,"EPS_TTM":0.351431011819,"OPERATE_INCOME_QOQ":-1.477313990127,"NET_PROFIT_RATIO":7.824334736,"ROE_AVG":2.419320990791,"GROSS_PROFIT_QOQ":-0.664500651339,"ROA":1.766010110376,"HOLDER_PROFIT_QOQ":-26.225106982407,"ROE_YEARLY":4.838641981581,"ROIC_YEARLY":4.122000216413,"TOTAL_ASSETS":4467135254.4,"TOTAL_LIABILITIES":1099501323.6,"TAX_EBT":10.330774977926,"OCF_SALES":2.347537485924,"TOTAL_PARENT_EQUITY":3228917895.6,"DEBT_ASSET_RATIO":24.6131191689,"OPERATE_PROFIT":113344627.2,"PRETAX_PROFIT":104927876.4,"NETCASH_OPERATE":28229254.8,"NETCASH_INVEST":65751856.8,"NETCASH_FINANCE":-19712728.8,"END_CASH":499667074.8,"DIVI_RATIO":0.407427788626,"DIVIDEND_RATE":4.114583333333,"CURRENT_RATIO":2.619410168898,"COMMON_ACS":1000000000,"CURRENTDEBT_DEBT":66.661265127012,"ISSUED_COMMON_SHARES":468343092,"HK_COMMON_SHARES":468343092,"PER_SHARES":400,"TOTAL_MARKET_CAP":1798437473.28,"HKSK_MARKET_CAP":1798437473.28,"PE_TTM":9.795991106277,"PB_TTM":0.508343032262,"REPORT_DATE_SQ":"2023-06-30 00:00:00","REPORT_TYPE_SQ":"2023年中报","OPERATE_INCOME_SQ":1240099021.8,"DPS_HKD":0.158,"OPERATE_INCOME_QOQ_SQ":2.792148317876,"NET_PROFIT_RATIO_SQ":10.9444648382,"HOLDER_PROFIT_SQ":136560394.2,"HOLDER_PROFIT_QOQ_SQ":-0.656038331077,"ROE_AVG_SQ":4.339450215377,"PE_TTM_SQ":6.302305334689,"PB_TTM_SQ":0.547134569383,"ROA_SQ":3.257493493286,"START_DATE":"2024-01-01 00:00:00","FISCAL_YEAR":"12-31","CURRENCY":"HKD","IS_CNY_CODE":0,"DPS_HKD_LY":0.158,"ORG_TYPE":"一般企业","PREMIUM_INCOME":null,"PREMIUM_INCOME_YOY":null,"NET_INTEREST_INCOME":null,"NET_INTEREST_INCOME_YOY":null,"FEE_COMMISSION_INCOME":null,"FEE_COMMISSION_INCOME_YOY":null,"ACCOUNTS_RECE_TDAYS":1.94986941549,"INVENTORY_TDAYS":0.760305709576,"CURRENT_ASSETS_TDAYS":0.640661278779,"TOTAL_ASSETS_TDAYS":0.272077142005,"PREMIUM_EXPENSE":null,"LOAN_DEPOSIT":null,"LOAN_EQUITY":null,"LOAN_ASSETS":null,"DEPOSIT_EQUITY":null,"DEPOSIT_ASSETS":null,"EQUITY_MULTIPLIER":1.326490748756,"EQUITY_RATIO":0.340516965482},{"SECUCODE":"01696.HK","SECURITY_CODE":"01696","SECURITY_NAME_ABBR":"复锐医疗科技","ORG_CODE":"10678262","STD_REPORT_DATE":"2023-12-31 00:00:00","REPORT_DATE":"2023-12-31 00:00:00","DATE_TYPE_CODE":"001","REPORT_TYPE":"2023年年报","PER_NETCASH_OPERATE":0.664439195358,"PER_OI":5.433532578719,"BPS":6.840248472588,"BASIC_EPS":0.47737398,"DILUTED_EPS":0.47666571,"OPERATE_INCOME":2544757448.4,"OPERATE_INCOME_YOY":1.3574813812,"GROSS_PROFIT":1554829717.5,"GROSS_PROFIT_YOY":10.395065768697,"HOLDER_PROFIT":223097967.3,"HOLDER_PROFIT_YOY":-21.5857605178,"GROSS_PROFIT_RATIO":61.099328679737,"EPS_TTM":0.476355840645,"OPERATE_INCOME_QOQ":0.276354250649,"NET_PROFIT_RATIO":9.1563408036,"ROE_AVG":7.133063023179,"GROSS_PROFIT_QOQ":3.604473132759,"ROA":5.388575685804,"HOLDER_PROFIT_QOQ":-19.729470429645,"ROE_YEARLY":7.133063023179,"ROIC_YEARLY":6.309977994505,"TOTAL_ASSETS":4345250615.4,"TOTAL_LIABILITIES":1019745897.9,"TAX_EBT":11.397791543227,"OCF_SALES":12.228493815615,"TOTAL_PARENT_EQUITY":3203583119.7,"DEBT_ASSET_RATIO":23.4680571538,"OPERATE_PROFIT":283279669.2,"PRETAX_PROFIT":262980651,"NETCASH_OPERATE":311185507.2,"NETCASH_INVEST":-233693686.5,"NETCASH_FINANCE":-148495888.2,"END_CASH":428751244.5,"DIVI_RATIO":0.300579415183,"DIVIDEND_RATE":4.224598930481,"CURRENT_RATIO":2.916135977337,"COMMON_ACS":1000000000,"CURRENTDEBT_DEBT":61.29451231794,"ISSUED_COMMON_SHARES":468343092,"HK_COMMON_SHARES":468343092,"PER_SHARES":400,"TOTAL_MARKET_CAP":1751603164.08,"HKSK_MARKET_CAP":1751603164.08,"PE_TTM":9.540887171218,"PB_TTM":0.495104932464,"REPORT_DATE_SQ":"2022-12-31 00:00:00","REPORT_TYPE_SQ":"2022年年报","OPERATE_INCOME_SQ":2468811408,"DPS_HKD":0.158,"OPERATE_INCOME_QOQ_SQ":10.308799168827,"NET_PROFIT_RATIO_SQ":11.3067027759,"HOLDER_PROFIT_SQ":279767982,"HOLDER_PROFIT_QOQ_SQ":20.696532517236,"ROE_AVG_SQ":9.644032679754,"PE_TTM_SQ":7.505234452159,"PB_TTM_SQ":0.65156684769,"ROA_SQ":7.399609296208,"START_DATE":"2023-01-01 00:00:00","FISCAL_YEAR":"12-31","CURRENCY":"HKD","IS_CNY_CODE":0,"DPS_HKD_LY":0.173,"ORG_TYPE":"一般企业","PREMIUM_INCOME":null,"PREMIUM_INCOME_YOY":null,"NET_INTEREST_INCOME":null,"NET_INTEREST_INCOME_YOY":null,"FEE_COMMISSION_INCOME":null,"FEE_COMMISSION_INCOME_YOY":null,"ACCOUNTS_RECE_TDAYS":4.386049293797,"INVENTORY_TDAYS":1.800309138919,"CURRENT_ASSETS_TDAYS":1.414774942215,"TOTAL_ASSETS_TDAYS":0.614645587258,"PREMIUM_EXPENSE":null,"LOAN_DEPOSIT":null,"LOAN_EQUITY":null,"LOAN_ASSETS":null,"DEPOSIT_EQUITY":null,"DEPOSIT_ASSETS":null,"EQUITY_MULTIPLIER":1.306643948671,"EQUITY_RATIO":0.318314168791},{"SECUCODE":"01696.HK","SECURITY_CODE":"01696","SECURITY_NAME_ABBR":"复锐医疗科技","ORG_CODE":"10678262","STD_REPORT_DATE":"2023-06-30 00:00:00","REPORT_DATE":"2023-06-30 00:00:00","DATE_TYPE_CODE":"002","REPORT_TYPE":"2023年中报","PER_NETCASH_OPERATE":0.123828636031,"PER_OI":2.653795497544,"BPS":6.790979054304,"BASIC_EPS":0.29192232,"DILUTED_EPS":0.29119974,"OPERATE_INCOME":1240099021.8,"OPERATE_INCOME_YOY":-1.6521111264,"GROSS_PROFIT":760862288.4,"GROSS_PROFIT_YOY":13.807938329648,"HOLDER_PROFIT":136560394.2,"HOLDER_PROFIT_YOY":-8.3507104408,"GROSS_PROFIT_RATIO":61.354962388053,"EPS_TTM":0.594772079522,"OPERATE_INCOME_QOQ":2.792148317876,"NET_PROFIT_RATIO":10.9444648382,"ROE_AVG":4.339450215377,"GROSS_PROFIT_QOQ":6.554343099874,"ROA":3.257493493286,"HOLDER_PROFIT_QOQ":-0.656038331077,"ROE_YEARLY":8.678900430753,"ROIC_YEARLY":7.56594783023,"TOTAL_ASSETS":4369723066.2,"TOTAL_LIABILITIES":1075777104,"TAX_EBT":9.400926104573,"OCF_SALES":4.666095640976,"TOTAL_PARENT_EQUITY":3180508128,"DEBT_ASSET_RATIO":24.618885172,"OPERATE_PROFIT":158743600.2,"PRETAX_PROFIT":149805285.6,"NETCASH_OPERATE":57864206.4,"NETCASH_INVEST":-175059456.6,"NETCASH_FINANCE":-35796613.2,"END_CASH":375026245.8,"DIVI_RATIO":0.240735510173,"DIVIDEND_RATE":4.224598930481,"CURRENT_RATIO":2.697319373764,"COMMON_ACS":1000000000,"CURRENTDEBT_DEBT":62.166174099946,"ISSUED_COMMON_SHARES":468343092,"HK_COMMON_SHARES":468343092,"PER_SHARES":400,"TOTAL_MARKET_CAP":1751603164.08,"HKSK_MARKET_CAP":1751603164.08,"PE_TTM":9.540887171218,"PB_TTM":0.495104932464,"REPORT_DATE_SQ":"2022-06-30 00:00:00","REPORT_TYPE_SQ":"2022年中报","OPERATE_INCOME_SQ":1171166145.6,"DPS_HKD":0.158,"OPERATE_INCOME_QOQ_SQ":19.280232527389,"NET_PROFIT_RATIO_SQ":11.763054142,"HOLDER_PROFIT_SQ":138395779.4,"HOLDER_PROFIT_QOQ_SQ":16.357615853981,"ROE_AVG_SQ":5.081479619622,"PE_TTM_SQ":7.505234452159,"PB_TTM_SQ":0.65156684769,"ROA_SQ":3.841013590978,"START_DATE":"2023-01-01 00:00:00","FISCAL_YEAR":"12-31","CURRENCY":"HKD","IS_CNY_CODE":0,"DPS_HKD_LY":0.173,"ORG_TYPE":"一般企业","PREMIUM_INCOME":null,"PREMIUM_INCOME_YOY":null,"NET_INTEREST_INCOME":null,"NET_INTEREST_INCOME_YOY":null,"FEE_COMMISSION_INCOME":null,"FEE_COMMISSION_INCOME_YOY":null,"ACCOUNTS_RECE_TDAYS":2.090084275136,"INVENTORY_TDAYS":0.835244410022,"CURRENT_ASSETS_TDAYS":0.686195797765,"TOTAL_ASSETS_TDAYS":0.29581157247,"PREMIUM_EXPENSE":null,"LOAN_DEPOSIT":null,"LOAN_EQUITY":null,"LOAN_ASSETS":null,"DEPOSIT_EQUITY":null,"DEPOSIT_ASSETS":null,"EQUITY_MULTIPLIER":1.326592213821,"EQUITY_RATIO":0.338240639767},{"SECUCODE":"01696.HK","SECURITY_CODE":"01696","SECURITY_NAME_ABBR":"复锐医疗科技","ORG_CODE":"10678262","STD_REPORT_DATE":"2022-12-31 00:00:00","REPORT_DATE":"2022-12-31 00:00:00","DATE_TYPE_CODE":"001","REPORT_TYPE":"2022年年报","PER_NETCASH_OPERATE":0.328472602484,"PER_OI":5.283223745574,"BPS":6.407377801571,"BASIC_EPS":0.60034852,"DILUTED_EPS":0.59965206,"OPERATE_INCOME":2468811408,"OPERATE_INCOME_YOY":20.4509775938,"GROSS_PROFIT":1408423199.6,"GROSS_PROFIT_YOY":32.388558817013,"HOLDER_PROFIT":279767982,"HOLDER_PROFIT_YOY":28.5645703313,"GROSS_PROFIT_RATIO":57.048634619725,"EPS_TTM":0.598699779564,"OPERATE_INCOME_QOQ":10.308799168827,"NET_PROFIT_RATIO":11.3067027759,"ROE_AVG":9.644032679754,"GROSS_PROFIT_QOQ":10.842729684244,"ROA":7.399609296208,"HOLDER_PROFIT_QOQ":20.696532517236,"ROE_YEARLY":9.644032679754,"ROIC_YEARLY":9.470404690644,"TOTAL_ASSETS":3869538724.6,"TOTAL_LIABILITIES":859264489.6,"TAX_EBT":9.407350481443,"OCF_SALES":6.21727600993,"TOTAL_PARENT_EQUITY":3000851131.2,"DEBT_ASSET_RATIO":22.2058635604,"OPERATE_PROFIT":325490581,"PRETAX_PROFIT":308127833.2,"NETCASH_OPERATE":153492819.4,"NETCASH_INVEST":-362946199.8,"NETCASH_FINANCE":-124297216.2,"END_CASH":520903327.8,"DIVI_RATIO":0.239156192949,"DIVIDEND_RATE":4.224598930481,"CURRENT_RATIO":3.127176287051,"COMMON_ACS":1000000000,"CURRENTDEBT_DEBT":64.94374918947,"ISSUED_COMMON_SHARES":468343092,"HK_COMMON_SHARES":468343092,"PER_SHARES":400,"TOTAL_MARKET_CAP":1751603164.08,"HKSK_MARKET_CAP":1751603164.08,"PE_TTM":9.540887171218,"PB_TTM":0.495104932464,"REPORT_DATE_SQ":"2021-12-31 00:00:00","REPORT_TYPE_SQ":"2021年年报","OPERATE_INCOME_SQ":1876330255.8,"DPS_HKD":0.158,"OPERATE_INCOME_QOQ_SQ":38.046261426041,"NET_PROFIT_RATIO_SQ":11.0501743155,"HOLDER_PROFIT_SQ":199208746.5,"HOLDER_PROFIT_QOQ_SQ":29.42972101086,"ROE_AVG_SQ":8.512800532918,"PE_TTM_SQ":7.505234452159,"PB_TTM_SQ":0.65156684769,"ROA_SQ":6.496260673765,"START_DATE":"2022-01-01 00:00:00","FISCAL_YEAR":"12-31","CURRENCY":"HKD","IS_CNY_CODE":0,"DPS_HKD_LY":0.157,"ORG_TYPE":"一般企业","PREMIUM_INCOME":null,"PREMIUM_INCOME_YOY":null,"NET_INTEREST_INCOME":null,"NET_INTEREST_INCOME_YOY":null,"FEE_COMMISSION_INCOME":null,"FEE_COMMISSION_INCOME_YOY":null,"ACCOUNTS_RECE_TDAYS":4.718441561899,"INVENTORY_TDAYS":2.19139871614,"CURRENT_ASSETS_TDAYS":1.293333211715,"TOTAL_ASSETS_TDAYS":0.652978218402,"PREMIUM_EXPENSE":null,"LOAN_DEPOSIT":null,"LOAN_EQUITY":null,"LOAN_ASSETS":null,"DEPOSIT_EQUITY":null,"DEPOSIT_ASSETS":null,"EQUITY_MULTIPLIER":1.285443923883,"EQUITY_RATIO":0.286340258824},{"SECUCODE":"01696.HK","SECURITY_CODE":"01696","SECURITY_NAME_ABBR":"复锐医疗科技","ORG_CODE":"10678262","STD_REPORT_DATE":"2022-06-30 00:00:00","REPORT_DATE":"2022-06-30 00:00:00","DATE_TYPE_CODE":"002","REPORT_TYPE":"2022年中报","PER_NETCASH_OPERATE":0.153878754648,"PER_OI":2.512393170006,"BPS":5.867198580992,"BASIC_EPS":0.29664388,"DILUTED_EPS":0.29664388,"OPERATE_INCOME":1171166145.6,"OPERATE_INCOME_YOY":39.2767353324,"GROSS_PROFIT":668549399.6,"GROSS_PROFIT_YOY":44.784433162592,"HOLDER_PROFIT":138395779.4,"HOLDER_PROFIT_YOY":25.899017034,"GROSS_PROFIT_RATIO":57.08407830193,"EPS_TTM":0.497247159532,"OPERATE_INCOME_QOQ":19.280232527389,"NET_PROFIT_RATIO":11.763054142,"ROE_AVG":5.081479619622,"GROSS_PROFIT_QOQ":19.43819788104,"ROA":3.841013590978,"HOLDER_PROFIT_QOQ":16.357615853981,"ROE_YEARLY":10.162959239244,"ROIC_YEARLY":10.723934484202,"TOTAL_ASSETS":3648283483,"TOTAL_LIABILITIES":891367879.6,"TAX_EBT":11.030686546463,"OCF_SALES":6.124787970476,"TOTAL_PARENT_EQUITY":2747861924.8,"DEBT_ASSET_RATIO":24.432527893,"OPERATE_PROFIT":162248095,"PRETAX_PROFIT":154845420.8,"NETCASH_OPERATE":71731443.2,"NETCASH_INVEST":53328784.4,"NETCASH_FINANCE":-22530169.8,"END_CASH":941595997.2,"DIVI_RATIO":0.287950885702,"DIVIDEND_RATE":4.224598930481,"CURRENT_RATIO":3.200541463004,"COMMON_ACS":1000000000,"CURRENTDEBT_DEBT":71.474392759799,"ISSUED_COMMON_SHARES":468343092,"HK_COMMON_SHARES":468343092,"PER_SHARES":400,"TOTAL_MARKET_CAP":1751603164.08,"HKSK_MARKET_CAP":1751603164.08,"PE_TTM":9.540887171218,"PB_TTM":0.495104932464,"REPORT_DATE_SQ":"2021-06-30 00:00:00","REPORT_TYPE_SQ":"2021年中报","OPERATE_INCOME_SQ":809405309.3,"DPS_HKD":0.158,"OPERATE_INCOME_QOQ_SQ":28.511251569052,"NET_PROFIT_RATIO_SQ":13.8563207841,"HOLDER_PROFIT_SQ":105809977.9,"HOLDER_PROFIT_QOQ_SQ":76.772414655748,"ROE_AVG_SQ":4.845399252142,"PE_TTM_SQ":7.505234452159,"PB_TTM_SQ":0.65156684769,"ROA_SQ":3.690863428589,"START_DATE":"2022-01-01 00:00:00","FISCAL_YEAR":"12-31","CURRENCY":"HKD","IS_CNY_CODE":0,"DPS_HKD_LY":0.157,"ORG_TYPE":"一般企业","PREMIUM_INCOME":null,"PREMIUM_INCOME_YOY":null,"NET_INTEREST_INCOME":null,"NET_INTEREST_INCOME_YOY":null,"FEE_COMMISSION_INCOME":null,"FEE_COMMISSION_INCOME_YOY":null,"ACCOUNTS_RECE_TDAYS":2.462867304598,"INVENTORY_TDAYS":1.095812238448,"CURRENT_ASSETS_TDAYS":0.580305642803,"TOTAL_ASSETS_TDAYS":0.325043516648,"PREMIUM_EXPENSE":null,"LOAN_DEPOSIT":null,"LOAN_EQUITY":null,"LOAN_ASSETS":null,"DEPOSIT_EQUITY":null,"DEPOSIT_ASSETS":null,"EQUITY_MULTIPLIER":1.323320698864,"EQUITY_RATIO":0.324385978624},{"SECUCODE":"01696.HK","SECURITY_CODE":"01696","SECURITY_NAME_ABBR":"复锐医疗科技","ORG_CODE":"10678262","STD_REPORT_DATE":"2021-12-31 00:00:00","REPORT_DATE":"2021-12-31 00:00:00","DATE_TYPE_CODE":"001","REPORT_TYPE":"2021年年报","PER_NETCASH_OPERATE":0.442826470174,"PER_OI":4.025115767782,"BPS":5.475028501968,"BASIC_EPS":0.4399233,"DILUTED_EPS":0.4399233,"OPERATE_INCOME":1876330255.8,"OPERATE_INCOME_YOY":81.5564946482,"GROSS_PROFIT":1063855677.7,"GROSS_PROFIT_YOY":80.557817212761,"HOLDER_PROFIT":199208746.5,"HOLDER_PROFIT_YOY":134.1501798561,"GROSS_PROFIT_RATIO":56.698743433437,"EPS_TTM":0.427343887964,"OPERATE_INCOME_QOQ":38.046261426041,"NET_PROFIT_RATIO":11.0501743155,"ROE_AVG":8.512800532918,"GROSS_PROFIT_QOQ":38.437466408623,"ROA":6.496260673765,"HOLDER_PROFIT_QOQ":29.42972101086,"ROE_YEARLY":8.512800532918,"ROIC_YEARLY":9.044645726047,"TOTAL_ASSETS":3379962592.4,"TOTAL_LIABILITIES":806570679.9,"TAX_EBT":21.961988865425,"OCF_SALES":11.001583450563,"TOTAL_PARENT_EQUITY":2564191777.4,"DEBT_ASSET_RATIO":23.8633019701,"OPERATE_PROFIT":280428788.8,"PRETAX_PROFIT":265688170.4,"NETCASH_OPERATE":206426038.9,"NETCASH_INVEST":-298172361.9,"NETCASH_FINANCE":355617418.9,"END_CASH":796452444,"DIVI_RATIO":0.335052785433,"DIVIDEND_RATE":4.224598930481,"CURRENT_RATIO":3.561683182536,"COMMON_ACS":1000000000,"CURRENTDEBT_DEBT":66.048519054282,"ISSUED_COMMON_SHARES":468343092,"HK_COMMON_SHARES":468343092,"PER_SHARES":400,"TOTAL_MARKET_CAP":1751603164.08,"HKSK_MARKET_CAP":1751603164.08,"PE_TTM":9.540887171218,"PB_TTM":0.495104932464,"REPORT_DATE_SQ":"2020-12-31 00:00:00","REPORT_TYPE_SQ":"2020年年报","OPERATE_INCOME_SQ":1057653665.5,"DPS_HKD":0.158,"OPERATE_INCOME_QOQ_SQ":-6.488879216323,"NET_PROFIT_RATIO_SQ":9.0564175329,"HOLDER_PROFIT_SQ":87068265.6,"HOLDER_PROFIT_QOQ_SQ":-6.536968252423,"ROE_AVG_SQ":4.059264532085,"PE_TTM_SQ":7.505234452159,"PB_TTM_SQ":0.65156684769,"ROA_SQ":3.233803718002,"START_DATE":"2021-01-01 00:00:00","FISCAL_YEAR":"12-31","CURRENCY":"HKD","IS_CNY_CODE":0,"DPS_HKD_LY":0.07,"ORG_TYPE":"一般企业","PREMIUM_INCOME":null,"PREMIUM_INCOME_YOY":null,"NET_INTEREST_INCOME":null,"NET_INTEREST_INCOME_YOY":null,"FEE_COMMISSION_INCOME":null,"FEE_COMMISSION_INCOME_YOY":null,"ACCOUNTS_RECE_TDAYS":5.05764075067,"INVENTORY_TDAYS":2.512802311022,"CURRENT_ASSETS_TDAYS":1.170736946793,"TOTAL_ASSETS_TDAYS":0.611877272756,"PREMIUM_EXPENSE":null,"LOAN_DEPOSIT":null,"LOAN_EQUITY":null,"LOAN_ASSETS":null,"DEPOSIT_EQUITY":null,"DEPOSIT_ASSETS":null,"EQUITY_MULTIPLIER":1.313427067204,"EQUITY_RATIO":0.314551620908},{"SECUCODE":"01696.HK","SECURITY_CODE":"01696","SECURITY_NAME_ABBR":"复锐医疗科技","ORG_CODE":"10678262","STD_REPORT_DATE":"2021-06-30 00:00:00","REPORT_DATE":"2021-06-30 00:00:00","DATE_TYPE_CODE":"002","REPORT_TYPE":"2021年中报","PER_NETCASH_OPERATE":0.304394478776,"PER_OI":1.830589297749,"BPS":4.747384888299,"BASIC_EPS":0.2390237,"DILUTED_EPS":0.2390237,"OPERATE_INCOME":809405309.3,"OPERATE_INCOME_YOY":74.6584699454,"GROSS_PROFIT":461755027.8,"GROSS_PROFIT_YOY":63.461086980002,"HOLDER_PROFIT":105809977.9,"HOLDER_PROFIT_YOY":197.5835755814,"GROSS_PROFIT_RATIO":57.048677899005,"EPS_TTM":0.348096180394,"OPERATE_INCOME_QOQ":28.511251569052,"NET_PROFIT_RATIO":13.8563207841,"ROE_AVG":4.845399252142,"GROSS_PROFIT_QOQ":30.425542952233,"ROA":3.690863428589,"HOLDER_PROFIT_QOQ":76.772414655748,"ROE_YEARLY":9.690798504284,"ROIC_YEARLY":10.211569454446,"TOTAL_ASSETS":2944106593.7,"TOTAL_LIABILITIES":720701676.2,"TAX_EBT":13.785568853355,"OCF_SALES":16.628223444247,"TOTAL_PARENT_EQUITY":2223404917.5,"DEBT_ASSET_RATIO":24.4794695186,"OPERATE_PROFIT":137781012.8,"PRETAX_PROFIT":130087033.7,"NETCASH_OPERATE":134589723.4,"NETCASH_INVEST":-62998895.2,"NETCASH_FINANCE":-22377786.4,"END_CASH":576764188.1,"DIVI_RATIO":0.411331028791,"DIVIDEND_RATE":4.224598930481,"CURRENT_RATIO":3.383641817251,"COMMON_ACS":1000000000,"CURRENTDEBT_DEBT":61.261899212994,"ISSUED_COMMON_SHARES":468343092,"HK_COMMON_SHARES":468343092,"PER_SHARES":400,"TOTAL_MARKET_CAP":1751603164.08,"HKSK_MARKET_CAP":1751603164.08,"PE_TTM":9.540887171218,"PB_TTM":0.495104932464,"REPORT_DATE_SQ":"2020-06-30 00:00:00","REPORT_TYPE_SQ":"2020年中报","OPERATE_INCOME_SQ":507855012,"DPS_HKD":0.158,"OPERATE_INCOME_QOQ_SQ":-6.564534262042,"NET_PROFIT_RATIO_SQ":7.9987732798,"HOLDER_PROFIT_SQ":38965568,"HOLDER_PROFIT_QOQ_SQ":-35.753262732522,"ROE_AVG_SQ":1.69144627261,"PE_TTM_SQ":7.505234452159,"PB_TTM_SQ":0.65156684769,"ROA_SQ":1.408960878553,"START_DATE":"2021-01-01 00:00:00","FISCAL_YEAR":"12-31","CURRENCY":"HKD","IS_CNY_CODE":0,"DPS_HKD_LY":0.07,"ORG_TYPE":"一般企业","PREMIUM_INCOME":null,"PREMIUM_INCOME_YOY":null,"NET_INTEREST_INCOME":null,"NET_INTEREST_INCOME_YOY":null,"FEE_COMMISSION_INCOME":null,"FEE_COMMISSION_INCOME_YOY":null,"ACCOUNTS_RECE_TDAYS":2.440717256426,"INVENTORY_TDAYS":1.386716485215,"CURRENT_ASSETS_TDAYS":0.57420515347,"TOTAL_ASSETS_TDAYS":0.282336743121,"PREMIUM_EXPENSE":null,"LOAN_DEPOSIT":null,"LOAN_EQUITY":null,"LOAN_ASSETS":null,"DEPOSIT_EQUITY":null,"DEPOSIT_ASSETS":null,"EQUITY_MULTIPLIER":1.324143241084,"EQUITY_RATIO":0.324143241084},{"SECUCODE":"01696.HK","SECURITY_CODE":"01696","SECURITY_NAME_ABBR":"复锐医疗科技","ORG_CODE":"10678262","STD_REPORT_DATE":"2020-12-31 00:00:00","REPORT_DATE":"2020-12-31 00:00:00","DATE_TYPE_CODE":"001","REPORT_TYPE":"2020年年报","PER_NETCASH_OPERATE":0.379801480067,"PER_OI":2.392039511656,"BPS":4.623837893823,"BASIC_EPS":0.19705198,"DILUTED_EPS":0.19705198,"OPERATE_INCOME":1057653665.5,"OPERATE_INCOME_YOY":-6.5842554172,"GROSS_PROFIT":589204994.9,"GROSS_PROFIT_YOY":-11.905935121764,"HOLDER_PROFIT":87068265.6,"HOLDER_PROFIT_YOY":-35.7998556651,"GROSS_PROFIT_RATIO":55.708689348839,"EPS_TTM":0.196917704084,"OPERATE_INCOME_QOQ":-6.488879216323,"NET_PROFIT_RATIO":9.0564175329,"ROE_AVG":4.059264532085,"GROSS_PROFIT_QOQ":-4.140472474271,"ROA":3.233803718002,"HOLDER_PROFIT_QOQ":-6.536968252423,"ROE_YEARLY":4.059264532085,"ROIC_YEARLY":4.440872399798,"TOTAL_ASSETS":2817490969.4,"TOTAL_LIABILITIES":651948433.3,"TAX_EBT":11.895330692594,"OCF_SALES":15.877726024862,"TOTAL_PARENT_EQUITY":2165542536.1,"DEBT_ASSET_RATIO":23.1393264568,"OPERATE_PROFIT":115660377.4,"PRETAX_PROFIT":108717883.8,"NETCASH_OPERATE":167931351.3,"NETCASH_INVEST":-218642874.1,"NETCASH_FINANCE":-79682078.8,"END_CASH":544000487.7,"DIVI_RATIO":0.727119791823,"DIVIDEND_RATE":4.224598930481,"CURRENT_RATIO":3.744091398536,"COMMON_ACS":1000000000,"CURRENTDEBT_DEBT":54.838515968254,"ISSUED_COMMON_SHARES":468343092,"HK_COMMON_SHARES":468343092,"PER_SHARES":400,"TOTAL_MARKET_CAP":1751603164.08,"HKSK_MARKET_CAP":1751603164.08,"PE_TTM":9.540887171218,"PB_TTM":0.495104932464,"REPORT_DATE_SQ":"2019-12-31 00:00:00","REPORT_TYPE_SQ":"2019年年报","OPERATE_INCOME_SQ":1210510224,"DPS_HKD":0.158,"OPERATE_INCOME_QOQ_SQ":7.450394369717,"NET_PROFIT_RATIO_SQ":12.6411940987,"HOLDER_PROFIT_SQ":145000317,"HOLDER_PROFIT_QOQ_SQ":-12.742512827354,"ROE_AVG_SQ":6.498663373302,"PE_TTM_SQ":7.505234452159,"PB_TTM_SQ":0.65156684769,"ROA_SQ":5.590739572672,"START_DATE":"2020-01-01 00:00:00","FISCAL_YEAR":"12-31","CURRENCY":"HKD","IS_CNY_CODE":0,"DPS_HKD_LY":0.11,"ORG_TYPE":"一般企业","PREMIUM_INCOME":null,"PREMIUM_INCOME_YOY":null,"NET_INTEREST_INCOME":null,"NET_INTEREST_INCOME_YOY":null,"FEE_COMMISSION_INCOME":null,"FEE_COMMISSION_INCOME_YOY":null,"ACCOUNTS_RECE_TDAYS":3.3778588174,"INVENTORY_TDAYS":2.045150906579,"CURRENT_ASSETS_TDAYS":0.791552927274,"TOTAL_ASSETS_TDAYS":0.392823301611,"PREMIUM_EXPENSE":null,"LOAN_DEPOSIT":null,"LOAN_EQUITY":null,"LOAN_ASSETS":null,"DEPOSIT_EQUITY":null,"DEPOSIT_ASSETS":null,"EQUITY_MULTIPLIER":1.301055473366,"EQUITY_RATIO":0.301055473366},{"SECUCODE":"01696.HK","SECURITY_CODE":"01696","SECURITY_NAME_ABBR":"复锐医疗科技","ORG_CODE":"10678262","STD_REPORT_DATE":"2020-06-30 00:00:00","REPORT_DATE":"2020-06-30 00:00:00","DATE_TYPE_CODE":"002","REPORT_TYPE":"2020年中报","PER_NETCASH_OPERATE":-0.001761246493,"PER_OI":1.14858889495,"BPS":4.916255075243,"BASIC_EPS":0.0877858,"DILUTED_EPS":0.0877858,"OPERATE_INCOME":507855012,"OPERATE_INCOME_YOY":-16.0314636202,"GROSS_PROFIT":282486209,"GROSS_PROFIT_YOY":-16.093489798593,"HOLDER_PROFIT":38965568,"HOLDER_PROFIT_YOY":-58.3314406844,"GROSS_PROFIT_RATIO":55.623396899744,"EPS_TTM":0.210690473444,"OPERATE_INCOME_QOQ":-6.564534262042,"NET_PROFIT_RATIO":7.9987732798,"ROE_AVG":1.69144627261,"GROSS_PROFIT_QOQ":-8.10087723978,"ROA":1.408960878553,"HOLDER_PROFIT_QOQ":-35.753262732522,"ROE_YEARLY":3.382892545221,"ROIC_YEARLY":3.832722284314,"TOTAL_ASSETS":2745493815.5,"TOTAL_LIABILITIES":442999712.5,"TAX_EBT":10.259618392243,"OCF_SALES":-0.153340024534,"TOTAL_PARENT_EQUITY":2302494103,"DEBT_ASSET_RATIO":16.1355203206,"OPERATE_PROFIT":47729989,"PRETAX_PROFIT":45266323,"NETCASH_OPERATE":-778745,"NETCASH_INVEST":16707620,"NETCASH_FINANCE":-22300425,"END_CASH":700778466.5,"DIVI_RATIO":0.679588201874,"DIVIDEND_RATE":4.224598930481,"CURRENT_RATIO":4.299665266327,"COMMON_ACS":1000000000,"CURRENTDEBT_DEBT":71.13543747503,"ISSUED_COMMON_SHARES":468343092,"HK_COMMON_SHARES":468343092,"PER_SHARES":400,"TOTAL_MARKET_CAP":1751603164.08,"HKSK_MARKET_CAP":1751603164.08,"PE_TTM":9.540887171218,"PB_TTM":0.495104932464,"REPORT_DATE_SQ":"2019-06-30 00:00:00","REPORT_TYPE_SQ":"2019年中报","OPERATE_INCOME_SQ":587319370.4,"DPS_HKD":0.158,"OPERATE_INCOME_QOQ_SQ":6.645260671252,"NET_PROFIT_RATIO_SQ":16.229281768,"HOLDER_PROFIT_SQ":90807912.3,"HOLDER_PROFIT_QOQ_SQ":10.908789469108,"ROE_AVG_SQ":4.167047860007,"PE_TTM_SQ":7.505234452159,"PB_TTM_SQ":0.65156684769,"ROA_SQ":3.585378366127,"START_DATE":"2020-01-01 00:00:00","FISCAL_YEAR":"12-31","CURRENCY":"HKD","IS_CNY_CODE":0,"DPS_HKD_LY":0.11,"ORG_TYPE":"一般企业","PREMIUM_INCOME":null,"PREMIUM_INCOME_YOY":null,"NET_INTEREST_INCOME":null,"NET_INTEREST_INCOME_YOY":null,"FEE_COMMISSION_INCOME":null,"FEE_COMMISSION_INCOME_YOY":null,"ACCOUNTS_RECE_TDAYS":1.418169956606,"INVENTORY_TDAYS":0.907792115206,"CURRENT_ASSETS_TDAYS":0.362483356619,"TOTAL_ASSETS_TDAYS":0.18363593311,"PREMIUM_EXPENSE":null,"LOAN_DEPOSIT":null,"LOAN_EQUITY":null,"LOAN_ASSETS":null,"DEPOSIT_EQUITY":null,"DEPOSIT_ASSETS":null,"EQUITY_MULTIPLIER":1.192399933587,"EQUITY_RATIO":0.192399933586}],"count":21},"success":true,"message":"ok","code":0}