{"version":"0e5e2f3b298918dae54b4571083a678c","result":{"pages":3,"data":[{"SECUCODE":"01697.HK","SECURITY_CODE":"01697","SECURITY_NAME_ABBR":"山东国信","ORG_CODE":"10006396","STD_REPORT_DATE":"2024-06-30 00:00:00","REPORT_DATE":"2024-06-30 00:00:00","DATE_TYPE_CODE":"002","REPORT_TYPE":"2024年中报","PER_NETCASH_OPERATE":0.123840229615,"PER_OI":0.126158136319,"BPS":2.416293039679,"BASIC_EPS":0.04,"DILUTED_EPS":0.04,"OPERATE_INCOME":587751833.39,"OPERATE_INCOME_YOY":-29.7079881808,"GROSS_PROFIT":null,"GROSS_PROFIT_YOY":null,"HOLDER_PROFIT":170508112.4,"HOLDER_PROFIT_YOY":-2.609742324,"GROSS_PROFIT_RATIO":null,"EPS_TTM":0.033069208833,"OPERATE_INCOME_QOQ":-20.86639697441,"NET_PROFIT_RATIO":29.0102221233,"ROE_AVG":1.52603694771,"GROSS_PROFIT_QOQ":null,"ROA":1.223653105679,"HOLDER_PROFIT_QOQ":-2.880262872811,"ROE_YEARLY":3.05207389542,"ROIC_YEARLY":2.525711737713,"TOTAL_ASSETS":13699816648.01,"TOTAL_LIABILITIES":2442669820.1,"TAX_EBT":32.692429510102,"OCF_SALES":98.162697411301,"TOTAL_PARENT_EQUITY":11257146827.91,"DEBT_ASSET_RATIO":17.8299453406,"OPERATE_PROFIT":291971751.83,"PRETAX_PROFIT":253326796.91,"NETCASH_OPERATE":576953053.74,"NETCASH_INVEST":189905919.25,"NETCASH_FINANCE":-469526237.39,"END_CASH":466229620.18,"DIVI_RATIO":null,"DIVIDEND_RATE":null,"CURRENT_RATIO":6.674669435977,"COMMON_ACS":null,"CURRENTDEBT_DEBT":30.485952254878,"ISSUED_COMMON_SHARES":4658850000,"HK_COMMON_SHARES":1164735000,"PER_SHARES":1800,"TOTAL_MARKET_CAP":1677186000,"HKSK_MARKET_CAP":419304600,"PE_TTM":9.752302393302,"PB_TTM":0.13597887119,"REPORT_DATE_SQ":"2023-06-30 00:00:00","REPORT_TYPE_SQ":"2023年中报","OPERATE_INCOME_SQ":836157364.37,"DPS_HKD":null,"OPERATE_INCOME_QOQ_SQ":2.107498755878,"NET_PROFIT_RATIO_SQ":20.9383045597,"HOLDER_PROFIT_SQ":175077175.55,"HOLDER_PROFIT_QOQ_SQ":231.55554213366,"ROE_AVG_SQ":1.588451890269,"PE_TTM_SQ":1.474586465065,"PB_TTM_SQ":0.129524299169,"ROA_SQ":1.24333606309,"START_DATE":"2024-01-01 00:00:00","FISCAL_YEAR":"12-31","CURRENCY":"HKD","IS_CNY_CODE":0,"DPS_HKD_LY":null,"ORG_TYPE":"证券","PREMIUM_INCOME":null,"PREMIUM_INCOME_YOY":null,"NET_INTEREST_INCOME":-4550727.39,"NET_INTEREST_INCOME_YOY":null,"FEE_COMMISSION_INCOME":270763144.72,"FEE_COMMISSION_INCOME_YOY":-35.318777982062,"ACCOUNTS_RECE_TDAYS":3.376612838781,"INVENTORY_TDAYS":null,"CURRENT_ASSETS_TDAYS":0.113584214683,"TOTAL_ASSETS_TDAYS":0.042180066753,"PREMIUM_EXPENSE":null,"LOAN_DEPOSIT":null,"LOAN_EQUITY":null,"LOAN_ASSETS":null,"DEPOSIT_EQUITY":null,"DEPOSIT_ASSETS":null,"EQUITY_MULTIPLIER":1.216988359257,"EQUITY_RATIO":0.216988359257},{"SECUCODE":"01697.HK","SECURITY_CODE":"01697","SECURITY_NAME_ABBR":"山东国信","ORG_CODE":"10006396","STD_REPORT_DATE":"2023-12-31 00:00:00","REPORT_DATE":"2023-12-31 00:00:00","DATE_TYPE_CODE":"001","REPORT_TYPE":"2023年年报","PER_NETCASH_OPERATE":-0.285268282737,"PER_OI":0.255525983425,"BPS":2.380282250014,"BASIC_EPS":0.03,"DILUTED_EPS":0.03,"OPERATE_INCOME":1190457227.88,"OPERATE_INCOME_YOY":-21.0941469206,"GROSS_PROFIT":null,"GROSS_PROFIT_YOY":null,"HOLDER_PROFIT":158633546.72,"HOLDER_PROFIT_YOY":-43.4319123089,"GROSS_PROFIT_RATIO":null,"EPS_TTM":0.034049936512,"OPERATE_INCOME_QOQ":-19.326777066115,"NET_PROFIT_RATIO":13.3254301797,"ROE_AVG":1.440574807004,"GROSS_PROFIT_QOQ":null,"ROA":1.10827859247,"HOLDER_PROFIT_QOQ":-82.938554657744,"ROE_YEARLY":1.440574807004,"ROIC_YEARLY":1.215464939254,"TOTAL_ASSETS":14168884311.21,"TOTAL_LIABILITIES":3079506350.73,"TAX_EBT":45.327187382717,"OCF_SALES":-111.639637939513,"TOTAL_PARENT_EQUITY":11089377960.48,"DEBT_ASSET_RATIO":21.7342896102,"OPERATE_PROFIT":409347405.33,"PRETAX_PROFIT":290150696.71,"NETCASH_OPERATE":-1329022139.03,"NETCASH_INVEST":375433656.42,"NETCASH_FINANCE":-1118105117.16,"END_CASH":168896884.51,"DIVI_RATIO":null,"DIVIDEND_RATE":null,"CURRENT_RATIO":4.323512505065,"COMMON_ACS":null,"CURRENTDEBT_DEBT":40.398325079768,"ISSUED_COMMON_SHARES":4658850000,"HK_COMMON_SHARES":1164735000,"PER_SHARES":1800,"TOTAL_MARKET_CAP":1747068750,"HKSK_MARKET_CAP":436775625,"PE_TTM":10.158648326357,"PB_TTM":0.14164465749,"REPORT_DATE_SQ":"2022-12-31 00:00:00","REPORT_TYPE_SQ":"2022年年报","OPERATE_INCOME_SQ":1508705858.21,"DPS_HKD":null,"OPERATE_INCOME_QOQ_SQ":3.251000934491,"NET_PROFIT_RATIO_SQ":19.4042192201,"HOLDER_PROFIT_SQ":280429396.14,"HOLDER_PROFIT_QOQ_SQ":168.953316252514,"ROE_AVG_SQ":2.59881543711,"PE_TTM_SQ":1.452577711855,"PB_TTM_SQ":0.127591100674,"ROA_SQ":1.673170164602,"START_DATE":"2023-01-01 00:00:00","FISCAL_YEAR":"12-31","CURRENCY":"HKD","IS_CNY_CODE":0,"DPS_HKD_LY":null,"ORG_TYPE":"证券","PREMIUM_INCOME":null,"PREMIUM_INCOME_YOY":null,"NET_INTEREST_INCOME":100234903.04,"NET_INTEREST_INCOME_YOY":null,"FEE_COMMISSION_INCOME":766121700.97,"FEE_COMMISSION_INCOME_YOY":-21.963075752127,"ACCOUNTS_RECE_TDAYS":7.425050460076,"INVENTORY_TDAYS":null,"CURRENT_ASSETS_TDAYS":0.195023526192,"TOTAL_ASSETS_TDAYS":0.083170192446,"PREMIUM_EXPENSE":null,"LOAN_DEPOSIT":null,"LOAN_EQUITY":null,"LOAN_ASSETS":null,"DEPOSIT_EQUITY":null,"DEPOSIT_ASSETS":null,"EQUITY_MULTIPLIER":1.277698745746,"EQUITY_RATIO":0.277698745746},{"SECUCODE":"01697.HK","SECURITY_CODE":"01697","SECURITY_NAME_ABBR":"山东国信","ORG_CODE":"10006396","STD_REPORT_DATE":"2023-06-30 00:00:00","REPORT_DATE":"2023-06-30 00:00:00","DATE_TYPE_CODE":"002","REPORT_TYPE":"2023年中报","PER_NETCASH_OPERATE":-0.188564272818,"PER_OI":0.179477202393,"BPS":2.384597345688,"BASIC_EPS":0.04,"DILUTED_EPS":0.04,"OPERATE_INCOME":836157364.37,"OPERATE_INCOME_YOY":3.7802522506,"GROSS_PROFIT":null,"GROSS_PROFIT_YOY":null,"HOLDER_PROFIT":175077175.55,"HOLDER_PROFIT_YOY":136.9149518629,"GROSS_PROFIT_RATIO":null,"EPS_TTM":0.199572403329,"OPERATE_INCOME_QOQ":2.107498755878,"NET_PROFIT_RATIO":20.9383045597,"ROE_AVG":1.588451890269,"GROSS_PROFIT_QOQ":null,"ROA":1.24333606309,"HOLDER_PROFIT_QOQ":231.55554213366,"ROE_YEARLY":3.176903780539,"ROIC_YEARLY":2.727914302975,"TOTAL_ASSETS":13704354514.7,"TOTAL_LIABILITIES":2594873170.74,"TAX_EBT":36.548301076103,"OCF_SALES":-105.063077819317,"TOTAL_PARENT_EQUITY":11109481343.96,"DEBT_ASSET_RATIO":18.934661738,"OPERATE_PROFIT":388721590.1,"PRETAX_PROFIT":275921966.66,"NETCASH_OPERATE":-878492662.42,"NETCASH_INVEST":117513866.29,"NETCASH_FINANCE":-1344661738.68,"END_CASH":134949949.65,"DIVI_RATIO":null,"DIVIDEND_RATE":null,"CURRENT_RATIO":5.953897116457,"COMMON_ACS":null,"CURRENTDEBT_DEBT":37.792036532188,"ISSUED_COMMON_SHARES":4658850000,"HK_COMMON_SHARES":1164735000,"PER_SHARES":1800,"TOTAL_MARKET_CAP":1747068750,"HKSK_MARKET_CAP":436775625,"PE_TTM":10.158648326357,"PB_TTM":0.14164465749,"REPORT_DATE_SQ":"2022-06-30 00:00:00","REPORT_TYPE_SQ":"2022年中报","OPERATE_INCOME_SQ":805699876.65,"DPS_HKD":null,"OPERATE_INCOME_QOQ_SQ":-21.307969433787,"NET_PROFIT_RATIO_SQ":-75.1264460309,"HOLDER_PROFIT_SQ":-474271715.7,"HOLDER_PROFIT_QOQ_SQ":-186.804163758567,"ROE_AVG_SQ":-4.55483096587,"PE_TTM_SQ":1.452577711855,"PB_TTM_SQ":0.127591100674,"ROA_SQ":-2.527719137083,"START_DATE":"2023-01-01 00:00:00","FISCAL_YEAR":"12-31","CURRENCY":"HKD","IS_CNY_CODE":0,"DPS_HKD_LY":null,"ORG_TYPE":"证券","PREMIUM_INCOME":null,"PREMIUM_INCOME_YOY":null,"NET_INTEREST_INCOME":35014025.25,"NET_INTEREST_INCOME_YOY":null,"FEE_COMMISSION_INCOME":418611671.63,"FEE_COMMISSION_INCOME_YOY":-18.811798738362,"ACCOUNTS_RECE_TDAYS":5.351101041797,"INVENTORY_TDAYS":null,"CURRENT_ASSETS_TDAYS":0.132007632612,"TOTAL_ASSETS_TDAYS":0.059380933138,"PREMIUM_EXPENSE":null,"LOAN_DEPOSIT":null,"LOAN_EQUITY":null,"LOAN_ASSETS":null,"DEPOSIT_EQUITY":null,"DEPOSIT_ASSETS":null,"EQUITY_MULTIPLIER":1.233572845608,"EQUITY_RATIO":0.233572845608},{"SECUCODE":"01697.HK","SECURITY_CODE":"01697","SECURITY_NAME_ABBR":"山东国信","ORG_CODE":"10006396","STD_REPORT_DATE":"2022-12-31 00:00:00","REPORT_DATE":"2022-12-31 00:00:00","DATE_TYPE_CODE":"001","REPORT_TYPE":"2022年年报","PER_NETCASH_OPERATE":-0.799556757569,"PER_OI":0.323836538676,"BPS":2.346088841667,"BASIC_EPS":0.06,"DILUTED_EPS":0.06,"OPERATE_INCOME":1508705858.21,"OPERATE_INCOME_YOY":-18.7496907847,"GROSS_PROFIT":null,"GROSS_PROFIT_YOY":null,"HOLDER_PROFIT":280429396.14,"HOLDER_PROFIT_YOY":-40.1456504432,"GROSS_PROFIT_RATIO":null,"EPS_TTM":0.06019275143,"OPERATE_INCOME_QOQ":3.251000934491,"NET_PROFIT_RATIO":19.4042192201,"ROE_AVG":2.59881543711,"GROSS_PROFIT_QOQ":null,"ROA":1.673170164602,"HOLDER_PROFIT_QOQ":168.953316252514,"ROE_YEARLY":2.59881543711,"ROIC_YEARLY":1.888824598709,"TOTAL_ASSETS":14458132272.78,"TOTAL_LIABILITIES":3523864401.23,"TAX_EBT":52.568778091354,"OCF_SALES":-257.751543735244,"TOTAL_PARENT_EQUITY":10934267871.55,"DEBT_ASSET_RATIO":24.4018798556,"OPERATE_PROFIT":592731800.47,"PRETAX_PROFIT":591233758.81,"NETCASH_OPERATE":-3725015104.82,"NETCASH_INVEST":4122748235.47,"NETCASH_FINANCE":256261763.44,"END_CASH":2240590484.12,"DIVI_RATIO":null,"DIVIDEND_RATE":null,"CURRENT_RATIO":2.037164791301,"COMMON_ACS":null,"CURRENTDEBT_DEBT":70.245717838518,"ISSUED_COMMON_SHARES":4658850000,"HK_COMMON_SHARES":1164735000,"PER_SHARES":1800,"TOTAL_MARKET_CAP":1747068750,"HKSK_MARKET_CAP":436775625,"PE_TTM":10.158648326357,"PB_TTM":0.14164465749,"REPORT_DATE_SQ":"2021-12-31 00:00:00","REPORT_TYPE_SQ":"2021年年报","OPERATE_INCOME_SQ":1778696000,"DPS_HKD":null,"OPERATE_INCOME_QOQ_SQ":-18.365938229307,"NET_PROFIT_RATIO_SQ":26.3405888359,"HOLDER_PROFIT_SQ":468519000,"HOLDER_PROFIT_QOQ_SQ":-8.93561027188,"ROE_AVG_SQ":4.499292290504,"PE_TTM_SQ":1.452577711855,"PB_TTM_SQ":0.127591100674,"ROA_SQ":2.357543713177,"START_DATE":"2022-01-01 00:00:00","FISCAL_YEAR":"12-31","CURRENCY":"HKD","IS_CNY_CODE":0,"DPS_HKD_LY":null,"ORG_TYPE":"证券","PREMIUM_INCOME":null,"PREMIUM_INCOME_YOY":null,"NET_INTEREST_INCOME":-76620901.76,"NET_INTEREST_INCOME_YOY":null,"FEE_COMMISSION_INCOME":981742563.99,"FEE_COMMISSION_INCOME_YOY":18.321154306175,"ACCOUNTS_RECE_TDAYS":10.185195528056,"INVENTORY_TDAYS":null,"CURRENT_ASSETS_TDAYS":0.234245158205,"TOTAL_ASSETS_TDAYS":0.086227131616,"PREMIUM_EXPENSE":null,"LOAN_DEPOSIT":null,"LOAN_EQUITY":null,"LOAN_ASSETS":null,"DEPOSIT_EQUITY":null,"DEPOSIT_ASSETS":null,"EQUITY_MULTIPLIER":1.322784214859,"EQUITY_RATIO":0.322277123867},{"SECUCODE":"01697.HK","SECURITY_CODE":"01697","SECURITY_NAME_ABBR":"山东国信","ORG_CODE":"10006396","STD_REPORT_DATE":"2022-06-30 00:00:00","REPORT_DATE":"2022-06-30 00:00:00","DATE_TYPE_CODE":"002","REPORT_TYPE":"2022年中报","PER_NETCASH_OPERATE":-0.958788971527,"PER_OI":0.172939647477,"BPS":2.183746632753,"BASIC_EPS":-0.1,"DILUTED_EPS":-0.1,"OPERATE_INCOME":805699876.65,"OPERATE_INCOME_YOY":-37.5139686094,"GROSS_PROFIT":null,"GROSS_PROFIT_YOY":null,"HOLDER_PROFIT":-474271715.7,"HOLDER_PROFIT_YOY":-218.2891789835,"GROSS_PROFIT_RATIO":null,"EPS_TTM":-0.087294933299,"OPERATE_INCOME_QOQ":-21.307969433787,"NET_PROFIT_RATIO":-75.1264460309,"ROE_AVG":-4.55483096587,"GROSS_PROFIT_QOQ":null,"ROA":-2.527719137083,"HOLDER_PROFIT_QOQ":-186.804163758567,"ROE_YEARLY":-9.109661931741,"ROIC_YEARLY":-5.306096020422,"TOTAL_ASSETS":18463062000,"TOTAL_LIABILITIES":8289314000,"TAX_EBT":31.844301211929,"OCF_SALES":-707.567753371234,"TOTAL_PARENT_EQUITY":10173748000,"DEBT_ASSET_RATIO":44.8967457294,"OPERATE_PROFIT":-695825784.93,"PRETAX_PROFIT":-695865091.45,"NETCASH_OPERATE":-4260054678.74,"NETCASH_INVEST":2525619184.17,"NETCASH_FINANCE":333938222.23,"END_CASH":186098317.28,"DIVI_RATIO":null,"DIVIDEND_RATE":null,"CURRENT_RATIO":0.851874943608,"COMMON_ACS":null,"CURRENTDEBT_DEBT":96.668083752166,"ISSUED_COMMON_SHARES":4658850000,"HK_COMMON_SHARES":1164735000,"PER_SHARES":1800,"TOTAL_MARKET_CAP":1747068750,"HKSK_MARKET_CAP":436775625,"PE_TTM":10.158648326357,"PB_TTM":0.14164465749,"REPORT_DATE_SQ":"2021-06-30 00:00:00","REPORT_TYPE_SQ":"2021年中报","OPERATE_INCOME_SQ":1010301000,"DPS_HKD":null,"OPERATE_INCOME_QOQ_SQ":-5.498063436024,"NET_PROFIT_RATIO_SQ":39.6854006875,"HOLDER_PROFIT_SQ":400942000,"HOLDER_PROFIT_QOQ_SQ":-18.050772676158,"ROE_AVG_SQ":3.862718397393,"PE_TTM_SQ":1.452577711855,"PB_TTM_SQ":0.127591100674,"ROA_SQ":1.875306272226,"START_DATE":"2022-01-01 00:00:00","FISCAL_YEAR":"12-31","CURRENCY":"HKD","IS_CNY_CODE":0,"DPS_HKD_LY":null,"ORG_TYPE":"证券","PREMIUM_INCOME":null,"PREMIUM_INCOME_YOY":null,"NET_INTEREST_INCOME":-21036860.77,"NET_INTEREST_INCOME_YOY":null,"FEE_COMMISSION_INCOME":515606535.34,"FEE_COMMISSION_INCOME_YOY":5.560601446219,"ACCOUNTS_RECE_TDAYS":null,"INVENTORY_TDAYS":null,"CURRENT_ASSETS_TDAYS":0.102352389457,"TOTAL_ASSETS_TDAYS":0.033646196122,"PREMIUM_EXPENSE":null,"LOAN_DEPOSIT":null,"LOAN_EQUITY":null,"LOAN_ASSETS":null,"DEPOSIT_EQUITY":null,"DEPOSIT_ASSETS":null,"EQUITY_MULTIPLIER":1.814774849938,"EQUITY_RATIO":0.814774849937},{"SECUCODE":"01697.HK","SECURITY_CODE":"01697","SECURITY_NAME_ABBR":"山东国信","ORG_CODE":"10006396","STD_REPORT_DATE":"2021-12-31 00:00:00","REPORT_DATE":"2021-12-31 00:00:00","DATE_TYPE_CODE":"001","REPORT_TYPE":"2021年年报","PER_NETCASH_OPERATE":-0.371755046846,"PER_OI":0.381788638827,"BPS":2.286233297917,"BASIC_EPS":0.1,"DILUTED_EPS":0.1,"OPERATE_INCOME":1778696000,"OPERATE_INCOME_YOY":-22.8542307309,"GROSS_PROFIT":null,"GROSS_PROFIT_YOY":null,"HOLDER_PROFIT":468519000,"HOLDER_PROFIT_YOY":-25.3734362506,"GROSS_PROFIT_RATIO":null,"EPS_TTM":0.100565375576,"OPERATE_INCOME_QOQ":-18.365938229307,"NET_PROFIT_RATIO":26.3405888359,"ROE_AVG":4.499292290504,"GROSS_PROFIT_QOQ":null,"ROA":2.357543713177,"HOLDER_PROFIT_QOQ":-8.93561027188,"ROE_YEARLY":4.499292290504,"ROIC_YEARLY":2.519580609287,"TOTAL_ASSETS":19062547000,"TOTAL_LIABILITIES":8411329000,"TAX_EBT":-0.726014851379,"OCF_SALES":-97.371951137238,"TOTAL_PARENT_EQUITY":10651218000,"DEBT_ASSET_RATIO":44.124895797,"OPERATE_PROFIT":-16182000,"PRETAX_PROFIT":465142000,"NETCASH_OPERATE":-1731951000,"NETCASH_INVEST":928033000,"NETCASH_FINANCE":1421161000,"END_CASH":1586596000,"DIVI_RATIO":null,"DIVIDEND_RATE":null,"CURRENT_RATIO":0.705014006029,"COMMON_ACS":null,"CURRENTDEBT_DEBT":92.908611706902,"ISSUED_COMMON_SHARES":4658850000,"HK_COMMON_SHARES":1164735000,"PER_SHARES":1800,"TOTAL_MARKET_CAP":1747068750,"HKSK_MARKET_CAP":436775625,"PE_TTM":10.158648326357,"PB_TTM":0.14164465749,"REPORT_DATE_SQ":"2020-12-31 00:00:00","REPORT_TYPE_SQ":"2020年年报","OPERATE_INCOME_SQ":2305630000,"DPS_HKD":null,"OPERATE_INCOME_QOQ_SQ":6.460354700083,"NET_PROFIT_RATIO_SQ":27.2297810143,"HOLDER_PROFIT_SQ":627818000,"HOLDER_PROFIT_QOQ_SQ":-26.12967294668,"ROE_AVG_SQ":6.282723351392,"PE_TTM_SQ":1.452577711855,"PB_TTM_SQ":0.127591100674,"ROA_SQ":3.561470520671,"START_DATE":"2021-01-01 00:00:00","FISCAL_YEAR":"12-31","CURRENCY":"HKD","IS_CNY_CODE":0,"DPS_HKD_LY":null,"ORG_TYPE":"证券","PREMIUM_INCOME":null,"PREMIUM_INCOME_YOY":null,"NET_INTEREST_INCOME":540793000,"NET_INTEREST_INCOME_YOY":null,"FEE_COMMISSION_INCOME":829727000,"FEE_COMMISSION_INCOME_YOY":-28.00127384224,"ACCOUNTS_RECE_TDAYS":null,"INVENTORY_TDAYS":null,"CURRENT_ASSETS_TDAYS":0.3021788457,"TOTAL_ASSETS_TDAYS":0.089502316287,"PREMIUM_EXPENSE":null,"LOAN_DEPOSIT":null,"LOAN_EQUITY":null,"LOAN_ASSETS":null,"DEPOSIT_EQUITY":null,"DEPOSIT_ASSETS":null,"EQUITY_MULTIPLIER":1.789705834582,"EQUITY_RATIO":0.789705834582},{"SECUCODE":"01697.HK","SECURITY_CODE":"01697","SECURITY_NAME_ABBR":"山东国信","ORG_CODE":"10006396","STD_REPORT_DATE":"2021-06-30 00:00:00","REPORT_DATE":"2021-06-30 00:00:00","DATE_TYPE_CODE":"002","REPORT_TYPE":"2021年中报","PER_NETCASH_OPERATE":-0.278442534102,"PER_OI":0.216856305741,"BPS":2.27190250813,"BASIC_EPS":0.09,"DILUTED_EPS":0.09,"OPERATE_INCOME":1010301000,"OPERATE_INCOME_YOY":-11.1484293788,"GROSS_PROFIT":null,"GROSS_PROFIT_YOY":null,"HOLDER_PROFIT":400942000,"HOLDER_PROFIT_YOY":-22.0363701416,"GROSS_PROFIT_RATIO":null,"EPS_TTM":0.110433261427,"OPERATE_INCOME_QOQ":-5.498063436024,"NET_PROFIT_RATIO":39.6854006875,"ROE_AVG":3.862718397393,"GROSS_PROFIT_QOQ":null,"ROA":1.875306272226,"HOLDER_PROFIT_QOQ":-18.050772676158,"ROE_YEARLY":7.725436794786,"ROIC_YEARLY":3.968326000106,"TOTAL_ASSETS":22076341000,"TOTAL_LIABILITIES":11491888000,"TAX_EBT":13.835765693937,"OCF_SALES":-128.399556171874,"TOTAL_PARENT_EQUITY":10584453000,"DEBT_ASSET_RATIO":52.055220564,"OPERATE_PROFIT":225697000,"PRETAX_PROFIT":465323000,"NETCASH_OPERATE":-1297222000,"NETCASH_INVEST":236637000,"NETCASH_FINANCE":1467525000,"END_CASH":1376407000,"DIVI_RATIO":null,"DIVIDEND_RATE":null,"CURRENT_RATIO":0.657343827891,"COMMON_ACS":null,"CURRENTDEBT_DEBT":94.977753002814,"ISSUED_COMMON_SHARES":4658850000,"HK_COMMON_SHARES":1164735000,"PER_SHARES":1800,"TOTAL_MARKET_CAP":1747068750,"HKSK_MARKET_CAP":436775625,"PE_TTM":10.158648326357,"PB_TTM":0.14164465749,"REPORT_DATE_SQ":"2020-06-30 00:00:00","REPORT_TYPE_SQ":"2020年中报","OPERATE_INCOME_SQ":1137066000,"DPS_HKD":null,"OPERATE_INCOME_QOQ_SQ":14.79069427233,"NET_PROFIT_RATIO_SQ":45.2276297066,"HOLDER_PROFIT_SQ":514268000,"HOLDER_PROFIT_QOQ_SQ":28.013905583019,"ROE_AVG_SQ":5.173763453452,"PE_TTM_SQ":1.452577711855,"PB_TTM_SQ":0.127591100674,"ROA_SQ":3.356803591501,"START_DATE":"2021-01-01 00:00:00","FISCAL_YEAR":"12-31","CURRENCY":"HKD","IS_CNY_CODE":0,"DPS_HKD_LY":null,"ORG_TYPE":"证券","PREMIUM_INCOME":null,"PREMIUM_INCOME_YOY":null,"NET_INTEREST_INCOME":442397000,"NET_INTEREST_INCOME_YOY":null,"FEE_COMMISSION_INCOME":488446000,"FEE_COMMISSION_INCOME_YOY":-14.510344779304,"ACCOUNTS_RECE_TDAYS":null,"INVENTORY_TDAYS":null,"CURRENT_ASSETS_TDAYS":0.150368937854,"TOTAL_ASSETS_TDAYS":0.047254311151,"PREMIUM_EXPENSE":null,"LOAN_DEPOSIT":null,"LOAN_EQUITY":null,"LOAN_ASSETS":null,"DEPOSIT_EQUITY":null,"DEPOSIT_ASSETS":null,"EQUITY_MULTIPLIER":2.085732819639,"EQUITY_RATIO":1.085732819636},{"SECUCODE":"01697.HK","SECURITY_CODE":"01697","SECURITY_NAME_ABBR":"山东国信","ORG_CODE":"10006396","STD_REPORT_DATE":"2020-12-31 00:00:00","REPORT_DATE":"2020-12-31 00:00:00","DATE_TYPE_CODE":"001","REPORT_TYPE":"2020年年报","PER_NETCASH_OPERATE":0.051015379332,"PER_OI":0.494892516394,"BPS":2.18404198461,"BASIC_EPS":0.13,"DILUTED_EPS":0.13,"OPERATE_INCOME":2305630000,"OPERATE_INCOME_YOY":22.206580285,"GROSS_PROFIT":null,"GROSS_PROFIT_YOY":null,"HOLDER_PROFIT":627818000,"HOLDER_PROFIT_YOY":-5.4357092721,"GROSS_PROFIT_RATIO":null,"EPS_TTM":0.13475814847,"OPERATE_INCOME_QOQ":6.460354700083,"NET_PROFIT_RATIO":27.2297810143,"ROE_AVG":6.282723351392,"GROSS_PROFIT_QOQ":null,"ROA":3.561470520671,"HOLDER_PROFIT_QOQ":-26.12967294668,"ROE_YEARLY":6.282723351392,"ROIC_YEARLY":3.768171995614,"TOTAL_ASSETS":20683821000,"TOTAL_LIABILITIES":10508697000,"TAX_EBT":14.346133748811,"OCF_SALES":10.308375584981,"TOTAL_PARENT_EQUITY":10175124000,"DEBT_ASSET_RATIO":50.806362132,"OPERATE_PROFIT":364097000,"PRETAX_PROFIT":732971000,"NETCASH_OPERATE":237673000,"NETCASH_INVEST":261455000,"NETCASH_FINANCE":-494628000,"END_CASH":969535000,"DIVI_RATIO":null,"DIVIDEND_RATE":null,"CURRENT_RATIO":0.690738248786,"COMMON_ACS":null,"CURRENTDEBT_DEBT":86.280506517602,"ISSUED_COMMON_SHARES":4658850000,"HK_COMMON_SHARES":1164735000,"PER_SHARES":1800,"TOTAL_MARKET_CAP":1747068750,"HKSK_MARKET_CAP":436775625,"PE_TTM":10.158648326357,"PB_TTM":0.14164465749,"REPORT_DATE_SQ":"2019-12-31 00:00:00","REPORT_TYPE_SQ":"2019年年报","OPERATE_INCOME_SQ":1886666000,"DPS_HKD":null,"OPERATE_INCOME_QOQ_SQ":17.806770186801,"NET_PROFIT_RATIO_SQ":35.189376392,"HOLDER_PROFIT_SQ":663906000,"HOLDER_PROFIT_QOQ_SQ":-14.239432453345,"ROE_AVG_SQ":6.861685676348,"PE_TTM_SQ":1.452577711855,"PB_TTM_SQ":0.127591100674,"ROA_SQ":4.711219206954,"START_DATE":"2020-01-01 00:00:00","FISCAL_YEAR":"12-31","CURRENCY":"HKD","IS_CNY_CODE":0,"DPS_HKD_LY":0.0602,"ORG_TYPE":"证券","PREMIUM_INCOME":null,"PREMIUM_INCOME_YOY":null,"NET_INTEREST_INCOME":716614000,"NET_INTEREST_INCOME_YOY":null,"FEE_COMMISSION_INCOME":1152419000,"FEE_COMMISSION_INCOME_YOY":11.047523972052,"ACCOUNTS_RECE_TDAYS":null,"INVENTORY_TDAYS":null,"CURRENT_ASSETS_TDAYS":0.4362277762,"TOTAL_ASSETS_TDAYS":0.130793211991,"PREMIUM_EXPENSE":null,"LOAN_DEPOSIT":null,"LOAN_EQUITY":null,"LOAN_ASSETS":null,"DEPOSIT_EQUITY":null,"DEPOSIT_ASSETS":null,"EQUITY_MULTIPLIER":2.032783187703,"EQUITY_RATIO":1.032783187704},{"SECUCODE":"01697.HK","SECURITY_CODE":"01697","SECURITY_NAME_ABBR":"山东国信","ORG_CODE":"10006396","STD_REPORT_DATE":"2020-06-30 00:00:00","REPORT_DATE":"2020-06-30 00:00:00","DATE_TYPE_CODE":"002","REPORT_TYPE":"2020年中报","PER_NETCASH_OPERATE":-0.102252701847,"PER_OI":0.244065810232,"BPS":2.161355055432,"BASIC_EPS":0.11,"DILUTED_EPS":0.11,"OPERATE_INCOME":1137066000,"OPERATE_INCOME_YOY":32.522857992,"GROSS_PROFIT":null,"GROSS_PROFIT_YOY":null,"HOLDER_PROFIT":514268000,"HOLDER_PROFIT_YOY":56.6543398663,"GROSS_PROFIT_RATIO":null,"EPS_TTM":0.182425276624,"OPERATE_INCOME_QOQ":14.79069427233,"NET_PROFIT_RATIO":45.2276297066,"ROE_AVG":5.173763453452,"GROSS_PROFIT_QOQ":null,"ROA":3.356803591501,"HOLDER_PROFIT_QOQ":28.013905583019,"ROE_YEARLY":10.347526906904,"ROIC_YEARLY":7.026242627101,"TOTAL_ASSETS":16068049000,"TOTAL_LIABILITIES":5998620000,"TAX_EBT":20.889026996011,"OCF_SALES":-41.895545201422,"TOTAL_PARENT_EQUITY":10069429000,"DEBT_ASSET_RATIO":37.3325971311,"OPERATE_PROFIT":509911000,"PRETAX_PROFIT":650059000,"NETCASH_OPERATE":-476380000,"NETCASH_INVEST":-60153000,"NETCASH_FINANCE":-29428000,"END_CASH":398930000,"DIVI_RATIO":null,"DIVIDEND_RATE":null,"CURRENT_RATIO":2.322072649456,"COMMON_ACS":null,"CURRENTDEBT_DEBT":36.675835442152,"ISSUED_COMMON_SHARES":4658850000,"HK_COMMON_SHARES":1164735000,"PER_SHARES":1800,"TOTAL_MARKET_CAP":1747068750,"HKSK_MARKET_CAP":436775625,"PE_TTM":10.158648326357,"PB_TTM":0.14164465749,"REPORT_DATE_SQ":"2019-06-30 00:00:00","REPORT_TYPE_SQ":"2019年中报","OPERATE_INCOME_SQ":858015000,"DPS_HKD":null,"OPERATE_INCOME_QOQ_SQ":-5.4891514105,"NET_PROFIT_RATIO_SQ":38.2606364691,"HOLDER_PROFIT_SQ":328282000,"HOLDER_PROFIT_QOQ_SQ":-11.247833185057,"ROE_AVG_SQ":3.459468049434,"PE_TTM_SQ":1.452577711855,"PB_TTM_SQ":0.127591100674,"ROA_SQ":2.407532712393,"START_DATE":"2020-01-01 00:00:00","FISCAL_YEAR":"12-31","CURRENCY":"HKD","IS_CNY_CODE":0,"DPS_HKD_LY":0.0602,"ORG_TYPE":"证券","PREMIUM_INCOME":null,"PREMIUM_INCOME_YOY":null,"NET_INTEREST_INCOME":386632000,"NET_INTEREST_INCOME_YOY":null,"FEE_COMMISSION_INCOME":571351000,"FEE_COMMISSION_INCOME_YOY":19.763512805356,"ACCOUNTS_RECE_TDAYS":null,"INVENTORY_TDAYS":null,"CURRENT_ASSETS_TDAYS":0.24150424838,"TOTAL_ASSETS_TDAYS":0.074220197107,"PREMIUM_EXPENSE":null,"LOAN_DEPOSIT":null,"LOAN_EQUITY":null,"LOAN_ASSETS":null,"DEPOSIT_EQUITY":null,"DEPOSIT_ASSETS":null,"EQUITY_MULTIPLIER":1.59572593441,"EQUITY_RATIO":0.59572593441}],"count":19},"success":true,"message":"ok","code":0}