{"version":"396b7b0e577a743ebed265f8fd1c8238","result":{"pages":2,"data":[{"SECUCODE":"01698.HK","SECURITY_CODE":"01698","SECURITY_NAME_ABBR":"腾讯音乐-SW","ORG_CODE":"10982401","STD_REPORT_DATE":"2024-09-30 00:00:00","REPORT_DATE":"2024-09-30 00:00:00","DATE_TYPE_CODE":"004","REPORT_TYPE":"2024年三季报","PER_NETCASH_OPERATE":2.271168312814,"PER_OI":6.101998457377,"BPS":18.497128972286,"BASIC_EPS":1.52,"DILUTED_EPS":1.5,"OPERATE_INCOME":20943000000,"OPERATE_INCOME_YOY":0.4027038688,"GROSS_PROFIT":8772000000,"GROSS_PROFIT_YOY":22.616717920045,"HOLDER_PROFIT":4687000000,"HOLDER_PROFIT_YOY":29.6900940786,"GROSS_PROFIT_RATIO":41.885116745452,"EPS_TTM":1.746133636779,"OPERATE_INCOME_QOQ":1.62833150785,"NET_PROFIT_RATIO":24.0318960989,"ROE_AVG":7.851447333155,"GROSS_PROFIT_QOQ":6.029357116314,"ROA":5.853299115199,"HOLDER_PROFIT_QOQ":7.439942631768,"ROE_YEARLY":10.468596444206,"ROIC_YEARLY":8.919888477605,"TOTAL_ASSETS":84613000000,"TOTAL_LIABILITIES":19384000000,"TAX_EBT":18.992435216482,"OCF_SALES":37.220073532923,"TOTAL_PARENT_EQUITY":63485000000,"DEBT_ASSET_RATIO":22.9090092539,"OPERATE_PROFIT":6301000000,"PRETAX_PROFIT":6213000000,"NETCASH_OPERATE":7795000000,"NETCASH_INVEST":-8142000000,"NETCASH_FINANCE":-3015000000,"END_CASH":10209000000,"DIVI_RATIO":0.27782859007,"DIVIDEND_RATE":1.005312676056,"CURRENT_RATIO":2.260886647895,"COMMON_ACS":48000000000,"CURRENTDEBT_DEBT":78.781469252992,"ISSUED_COMMON_SHARES":3432154260,"HK_COMMON_SHARES":1767205005,"PER_SHARES":100,"TOTAL_MARKET_CAP":182762214345,"HKSK_MARKET_CAP":94103666516.25,"PE_TTM":27.326153363433,"PB_TTM":2.596095727718,"REPORT_DATE_SQ":"2023-09-30 00:00:00","REPORT_TYPE_SQ":"2023年三季报","OPERATE_INCOME_SQ":20859000000,"DPS_HKD":0.535329,"OPERATE_INCOME_QOQ_SQ":-2.73727647868,"NET_PROFIT_RATIO_SQ":18.2702910015,"HOLDER_PROFIT_SQ":3614000000,"HOLDER_PROFIT_QOQ_SQ":2.297123228854,"ROE_AVG_SQ":7.08398263307,"PE_TTM_SQ":27.069238695238,"PB_TTM_SQ":2.423370789347,"ROA_SQ":5.164148179902,"START_DATE":"2024-01-01 00:00:00","FISCAL_YEAR":"12-31","CURRENCY":"HKD","IS_CNY_CODE":0,"DPS_HKD_LY":0.535329,"ORG_TYPE":"一般企业","PREMIUM_INCOME":null,"PREMIUM_INCOME_YOY":null,"NET_INTEREST_INCOME":null,"NET_INTEREST_INCOME_YOY":null,"FEE_COMMISSION_INCOME":null,"FEE_COMMISSION_INCOME_YOY":null,"ACCOUNTS_RECE_TDAYS":7.156330087135,"INVENTORY_TDAYS":936.230769230769,"CURRENT_ASSETS_TDAYS":0.649778163879,"TOTAL_ASSETS_TDAYS":0.261543937208,"PREMIUM_EXPENSE":null,"LOAN_DEPOSIT":null,"LOAN_EQUITY":null,"LOAN_ASSETS":null,"DEPOSIT_EQUITY":null,"DEPOSIT_ASSETS":null,"EQUITY_MULTIPLIER":1.297168437352,"EQUITY_RATIO":0.305331968181},{"SECUCODE":"01698.HK","SECURITY_CODE":"01698","SECURITY_NAME_ABBR":"腾讯音乐-SW","ORG_CODE":"10982401","STD_REPORT_DATE":"2024-06-30 00:00:00","REPORT_DATE":"2024-06-30 00:00:00","DATE_TYPE_CODE":"002","REPORT_TYPE":"2024年中报","PER_NETCASH_OPERATE":1.640369159864,"PER_OI":4.058092656943,"BPS":17.833988615652,"BASIC_EPS":1.01,"DILUTED_EPS":0.99,"OPERATE_INCOME":13928000000,"OPERATE_INCOME_YOY":-2.533240028,"GROSS_PROFIT":5781000000,"GROSS_PROFIT_YOY":20.137157107232,"HOLDER_PROFIT":3104000000,"HOLDER_PROFIT_YOY":26.9010629599,"GROSS_PROFIT_RATIO":41.506318207927,"EPS_TTM":1.625218325705,"OPERATE_INCOME_QOQ":-0.457915394679,"NET_PROFIT_RATIO":23.8655944859,"ROE_AVG":5.300727483862,"GROSS_PROFIT_QOQ":5.004389815628,"ROA":3.930581672903,"HOLDER_PROFIT_QOQ":7.39314593762,"ROE_YEARLY":10.601454967724,"ROIC_YEARLY":11.499703615886,"TOTAL_ASSETS":82405000000,"TOTAL_LIABILITIES":19526000000,"TAX_EBT":19.651921682379,"OCF_SALES":40.422171165997,"TOTAL_PARENT_EQUITY":61209000000,"DEBT_ASSET_RATIO":23.6951641284,"OPERATE_PROFIT":4157000000,"PRETAX_PROFIT":4137000000,"NETCASH_OPERATE":5630000000,"NETCASH_INVEST":-4805000000,"NETCASH_FINANCE":-2133000000,"END_CASH":12251000000,"DIVI_RATIO":0.298498877786,"DIVIDEND_RATE":1.102634397528,"CURRENT_RATIO":2.336292586691,"COMMON_ACS":48000000000,"CURRENTDEBT_DEBT":67.494622554543,"ISSUED_COMMON_SHARES":3432154260,"HK_COMMON_SHARES":1767205005,"PER_SHARES":100,"TOTAL_MARKET_CAP":166631089323,"HKSK_MARKET_CAP":85797802992.75,"PE_TTM":24.914267526661,"PB_TTM":2.366956762079,"REPORT_DATE_SQ":"2023-06-30 00:00:00","REPORT_TYPE_SQ":"2023年中报","OPERATE_INCOME_SQ":14290000000,"DPS_HKD":0.535329,"OPERATE_INCOME_QOQ_SQ":1.327572389282,"NET_PROFIT_RATIO_SQ":17.8306508048,"HOLDER_PROFIT_SQ":2446000000,"HOLDER_PROFIT_QOQ_SQ":10.483870967742,"ROE_AVG_SQ":4.811361579921,"PE_TTM_SQ":24.525382528698,"PB_TTM_SQ":2.195632329625,"ROA_SQ":3.50743860907,"START_DATE":"2024-01-01 00:00:00","FISCAL_YEAR":"12-31","CURRENCY":"HKD","IS_CNY_CODE":0,"DPS_HKD_LY":0.535329,"ORG_TYPE":"一般企业","PREMIUM_INCOME":null,"PREMIUM_INCOME_YOY":null,"NET_INTEREST_INCOME":null,"NET_INTEREST_INCOME_YOY":null,"FEE_COMMISSION_INCOME":null,"FEE_COMMISSION_INCOME_YOY":null,"ACCOUNTS_RECE_TDAYS":4.687983843824,"INVENTORY_TDAYS":740.636363636364,"CURRENT_ASSETS_TDAYS":0.458716200639,"TOTAL_ASSETS_TDAYS":0.176369657024,"PREMIUM_EXPENSE":null,"LOAN_DEPOSIT":null,"LOAN_EQUITY":null,"LOAN_ASSETS":null,"DEPOSIT_EQUITY":null,"DEPOSIT_ASSETS":null,"EQUITY_MULTIPLIER":1.310532928323,"EQUITY_RATIO":0.319005375027},{"SECUCODE":"01698.HK","SECURITY_CODE":"01698","SECURITY_NAME_ABBR":"腾讯音乐-SW","ORG_CODE":"10982401","STD_REPORT_DATE":"2024-03-31 00:00:00","REPORT_DATE":"2024-03-31 00:00:00","DATE_TYPE_CODE":"003","REPORT_TYPE":"2024年一季报","PER_NETCASH_OPERATE":0.782598856503,"PER_OI":1.971939337607,"BPS":17.282439979839,"BASIC_EPS":0.46,"DILUTED_EPS":0.46,"OPERATE_INCOME":6768000000,"OPERATE_INCOME_YOY":-3.3695031411,"GROSS_PROFIT":2771000000,"GROSS_PROFIT_YOY":19.697624190065,"HOLDER_PROFIT":1422000000,"HOLDER_PROFIT_YOY":23.8675958188,"GROSS_PROFIT_RATIO":40.942671394799,"EPS_TTM":1.513335242247,"OPERATE_INCOME_QOQ":-0.850389161142,"NET_PROFIT_RATIO":22.6063829787,"ROE_AVG":2.468257205593,"GROSS_PROFIT_QOQ":4.655436447167,"ROA":1.838254304773,"HOLDER_PROFIT_QOQ":5.569105691057,"ROE_YEARLY":9.873028822371,"ROIC_YEARLY":11.16542017549,"TOTAL_ASSETS":79176000000,"TOTAL_LIABILITIES":18421000000,"TAX_EBT":19.937205651491,"OCF_SALES":39.686761229314,"TOTAL_PARENT_EQUITY":59316000000,"DEBT_ASSET_RATIO":23.2658886531,"OPERATE_PROFIT":1959000000,"PRETAX_PROFIT":1911000000,"NETCASH_OPERATE":2686000000,"NETCASH_INVEST":-5498000000,"NETCASH_FINANCE":-522000000,"END_CASH":10218000000,"DIVI_RATIO":0.320567335536,"DIVIDEND_RATE":1.102634397528,"CURRENT_RATIO":2.670304422746,"COMMON_ACS":48000000000,"CURRENTDEBT_DEBT":66.158189023397,"ISSUED_COMMON_SHARES":3432154260,"HK_COMMON_SHARES":1767205005,"PER_SHARES":100,"TOTAL_MARKET_CAP":166631089323,"HKSK_MARKET_CAP":85797802992.75,"PE_TTM":24.914267526661,"PB_TTM":2.366956762079,"REPORT_DATE_SQ":"2023-03-31 00:00:00","REPORT_TYPE_SQ":"2023年一季报","OPERATE_INCOME_SQ":7004000000,"DPS_HKD":0.535329,"OPERATE_INCOME_QOQ_SQ":1.27033416846,"NET_PROFIT_RATIO_SQ":17.133066819,"HOLDER_PROFIT_SQ":1148000000,"HOLDER_PROFIT_QOQ_SQ":14.658689148763,"ROE_AVG_SQ":2.317342726511,"PE_TTM_SQ":24.525382528698,"PB_TTM_SQ":2.195632329625,"ROA_SQ":1.686722205081,"START_DATE":"2024-01-01 00:00:00","FISCAL_YEAR":"12-31","CURRENCY":"HKD","IS_CNY_CODE":0,"DPS_HKD_LY":0.535329,"ORG_TYPE":"一般企业","PREMIUM_INCOME":null,"PREMIUM_INCOME_YOY":null,"NET_INTEREST_INCOME":null,"NET_INTEREST_INCOME_YOY":null,"FEE_COMMISSION_INCOME":null,"FEE_COMMISSION_INCOME_YOY":null,"ACCOUNTS_RECE_TDAYS":2.363953894516,"INVENTORY_TDAYS":420.736842105263,"CURRENT_ASSETS_TDAYS":0.216648793995,"TOTAL_ASSETS_TDAYS":0.08749159729,"PREMIUM_EXPENSE":null,"LOAN_DEPOSIT":null,"LOAN_EQUITY":null,"LOAN_ASSETS":null,"DEPOSIT_EQUITY":null,"DEPOSIT_ASSETS":null,"EQUITY_MULTIPLIER":1.303201382602,"EQUITY_RATIO":0.310557016657},{"SECUCODE":"01698.HK","SECURITY_CODE":"01698","SECURITY_NAME_ABBR":"腾讯音乐-SW","ORG_CODE":"10982401","STD_REPORT_DATE":"2023-12-31 00:00:00","REPORT_DATE":"2023-12-31 00:00:00","DATE_TYPE_CODE":"001","REPORT_TYPE":"2023年年报","PER_NETCASH_OPERATE":2.137724426717,"PER_OI":8.085883643212,"BPS":16.289186255865,"BASIC_EPS":1.58,"DILUTED_EPS":1.55,"OPERATE_INCOME":27752000000,"OPERATE_INCOME_YOY":-2.0713504358,"GROSS_PROFIT":9795000000,"GROSS_PROFIT_YOY":11.649378775789,"HOLDER_PROFIT":4920000000,"HOLDER_PROFIT_YOY":33.8047321186,"GROSS_PROFIT_RATIO":35.294753531277,"EPS_TTM":1.433502000742,"OPERATE_INCOME_QOQ":-1.880922076085,"NET_PROFIT_RATIO":18.8094551744,"ROE_AVG":9.46099263504,"GROSS_PROFIT_QOQ":2.020622851786,"ROA":6.903083236873,"HOLDER_PROFIT_QOQ":3.252885624344,"ROE_YEARLY":9.46099263504,"ROIC_YEARLY":10.263684913218,"TOTAL_ASSETS":75536000000,"TOTAL_LIABILITIES":18334000000,"TAX_EBT":13.647642679901,"OCF_SALES":26.437734217354,"TOTAL_PARENT_EQUITY":55907000000,"DEBT_ASSET_RATIO":24.2718703664,"OPERATE_PROFIT":6059000000,"PRETAX_PROFIT":6045000000,"NETCASH_OPERATE":7337000000,"NETCASH_INVEST":-1863000000,"NETCASH_FINANCE":-1538000000,"END_CASH":13567000000,"DIVI_RATIO":0.338420069263,"DIVIDEND_RATE":1.102634397528,"CURRENT_RATIO":2.491759613784,"COMMON_ACS":48000000000,"CURRENTDEBT_DEBT":65.52852623541,"ISSUED_COMMON_SHARES":3432154260,"HK_COMMON_SHARES":1767205005,"PER_SHARES":100,"TOTAL_MARKET_CAP":166631089323,"HKSK_MARKET_CAP":85797802992.75,"PE_TTM":24.914267526661,"PB_TTM":2.366956762079,"REPORT_DATE_SQ":"2022-12-31 00:00:00","REPORT_TYPE_SQ":"2022年年报","OPERATE_INCOME_SQ":28339000000,"DPS_HKD":0.535329,"OPERATE_INCOME_QOQ_SQ":-0.638126292907,"NET_PROFIT_RATIO_SQ":13.5467024242,"HOLDER_PROFIT_SQ":3677000000,"HOLDER_PROFIT_QOQ_SQ":20.084911822338,"ROE_AVG_SQ":7.472362217526,"PE_TTM_SQ":24.525382528698,"PB_TTM_SQ":2.195632329625,"ROA_SQ":5.477309459792,"START_DATE":"2023-01-01 00:00:00","FISCAL_YEAR":"12-31","CURRENCY":"HKD","IS_CNY_CODE":0,"DPS_HKD_LY":null,"ORG_TYPE":"一般企业","PREMIUM_INCOME":null,"PREMIUM_INCOME_YOY":null,"NET_INTEREST_INCOME":null,"NET_INTEREST_INCOME_YOY":null,"FEE_COMMISSION_INCOME":null,"FEE_COMMISSION_INCOME_YOY":null,"ACCOUNTS_RECE_TDAYS":9.932712956335,"INVENTORY_TDAYS":1632.45454545455,"CURRENT_ASSETS_TDAYS":0.982458624657,"TOTAL_ASSETS_TDAYS":0.389378792662,"PREMIUM_EXPENSE":null,"LOAN_DEPOSIT":null,"LOAN_EQUITY":null,"LOAN_ASSETS":null,"DEPOSIT_EQUITY":null,"DEPOSIT_ASSETS":null,"EQUITY_MULTIPLIER":1.320513268766,"EQUITY_RATIO":0.32793746758},{"SECUCODE":"01698.HK","SECURITY_CODE":"01698","SECURITY_NAME_ABBR":"腾讯音乐-SW","ORG_CODE":"10982401","STD_REPORT_DATE":"2023-09-30 00:00:00","REPORT_DATE":"2023-09-30 00:00:00","DATE_TYPE_CODE":"004","REPORT_TYPE":"2023年三季报","PER_NETCASH_OPERATE":1.561701366662,"PER_OI":6.077524031196,"BPS":15.714328644424,"BASIC_EPS":1.16,"DILUTED_EPS":1.14,"OPERATE_INCOME":20859000000,"OPERATE_INCOME_YOY":-0.2629817347,"GROSS_PROFIT":7154000000,"GROSS_PROFIT_YOY":13.088839709137,"HOLDER_PROFIT":3614000000,"HOLDER_PROFIT_YOY":43.072050673,"GROSS_PROFIT_RATIO":34.296946162328,"EPS_TTM":1.388340860475,"OPERATE_INCOME_QOQ":-2.73727647868,"NET_PROFIT_RATIO":18.2702910015,"ROE_AVG":7.08398263307,"GROSS_PROFIT_QOQ":-0.631339267232,"ROA":5.164148179902,"HOLDER_PROFIT_QOQ":2.297123228854,"ROE_YEARLY":9.445310177426,"ROIC_YEARLY":7.634942431605,"TOTAL_ASSETS":72956000000,"TOTAL_LIABILITIES":17788000000,"TAX_EBT":12.209168394379,"OCF_SALES":25.696342106525,"TOTAL_PARENT_EQUITY":53934000000,"DEBT_ASSET_RATIO":24.3818191787,"OPERATE_PROFIT":4345000000,"PRETAX_PROFIT":4341000000,"NETCASH_OPERATE":5360000000,"NETCASH_INVEST":-1670000000,"NETCASH_FINANCE":-962000000,"END_CASH":12381000000,"DIVI_RATIO":0.349428487046,"DIVIDEND_RATE":1.102634397528,"CURRENT_RATIO":2.460264610532,"COMMON_ACS":48000000000,"CURRENTDEBT_DEBT":64.161232291432,"ISSUED_COMMON_SHARES":3432154260,"HK_COMMON_SHARES":1767205005,"PER_SHARES":100,"TOTAL_MARKET_CAP":166631089323,"HKSK_MARKET_CAP":85797802992.75,"PE_TTM":24.914267526661,"PB_TTM":2.366956762079,"REPORT_DATE_SQ":"2022-09-30 00:00:00","REPORT_TYPE_SQ":"2022年三季报","OPERATE_INCOME_SQ":20914000000,"DPS_HKD":0.535329,"OPERATE_INCOME_QOQ_SQ":-1.519284555091,"NET_PROFIT_RATIO_SQ":12.5944343502,"HOLDER_PROFIT_SQ":2526000000,"HOLDER_PROFIT_QOQ_SQ":11.711054359723,"ROE_AVG_SQ":5.179360474057,"PE_TTM_SQ":24.525382528698,"PB_TTM_SQ":2.195632329625,"ROA_SQ":3.769896051758,"START_DATE":"2023-01-01 00:00:00","FISCAL_YEAR":"12-31","CURRENCY":"HKD","IS_CNY_CODE":0,"DPS_HKD_LY":null,"ORG_TYPE":"一般企业","PREMIUM_INCOME":null,"PREMIUM_INCOME_YOY":null,"NET_INTEREST_INCOME":null,"NET_INTEREST_INCOME_YOY":null,"FEE_COMMISSION_INCOME":null,"FEE_COMMISSION_INCOME_YOY":null,"ACCOUNTS_RECE_TDAYS":8.066125290023,"INVENTORY_TDAYS":1442.63157894737,"CURRENT_ASSETS_TDAYS":0.763534536403,"TOTAL_ASSETS_TDAYS":0.298060229343,"PREMIUM_EXPENSE":null,"LOAN_DEPOSIT":null,"LOAN_EQUITY":null,"LOAN_ASSETS":null,"DEPOSIT_EQUITY":null,"DEPOSIT_ASSETS":null,"EQUITY_MULTIPLIER":1.322433294664,"EQUITY_RATIO":0.329810509141},{"SECUCODE":"01698.HK","SECURITY_CODE":"01698","SECURITY_NAME_ABBR":"腾讯音乐-SW","ORG_CODE":"10982401","STD_REPORT_DATE":"2023-06-30 00:00:00","REPORT_DATE":"2023-06-30 00:00:00","DATE_TYPE_CODE":"002","REPORT_TYPE":"2023年中报","PER_NETCASH_OPERATE":1.141848443274,"PER_OI":4.163565770449,"BPS":15.610312340681,"BASIC_EPS":0.78,"DILUTED_EPS":0.77,"OPERATE_INCOME":14290000000,"OPERATE_INCOME_YOY":5.4690383054,"GROSS_PROFIT":4812000000,"GROSS_PROFIT_YOY":22.661228651542,"HOLDER_PROFIT":2446000000,"HOLDER_PROFIT_YOY":66.9624573379,"GROSS_PROFIT_RATIO":33.673897830651,"EPS_TTM":1.357165105581,"OPERATE_INCOME_QOQ":1.327572389282,"NET_PROFIT_RATIO":17.8306508048,"ROE_AVG":4.811361579921,"GROSS_PROFIT_QOQ":4.703077589944,"ROA":3.50743860907,"HOLDER_PROFIT_QOQ":10.483870967742,"ROE_YEARLY":9.622723159841,"ROIC_YEARLY":10.462380769066,"TOTAL_ASSETS":72466000000,"TOTAL_LIABILITIES":17754000000,"TAX_EBT":12.198483804273,"OCF_SALES":27.42477256823,"TOTAL_PARENT_EQUITY":53577000000,"DEBT_ASSET_RATIO":24.4997654072,"OPERATE_PROFIT":2920000000,"PRETAX_PROFIT":2902000000,"NETCASH_OPERATE":3919000000,"NETCASH_INVEST":-528000000,"NETCASH_FINANCE":-113000000,"END_CASH":12950000000,"DIVI_RATIO":0.35745528999,"DIVIDEND_RATE":1.102634397528,"CURRENT_RATIO":2.500043702474,"COMMON_ACS":48000000000,"CURRENTDEBT_DEBT":64.441815928805,"ISSUED_COMMON_SHARES":3432154260,"HK_COMMON_SHARES":1767205005,"PER_SHARES":100,"TOTAL_MARKET_CAP":166631089323,"HKSK_MARKET_CAP":85797802992.75,"PE_TTM":24.914267526661,"PB_TTM":2.366956762079,"REPORT_DATE_SQ":"2022-06-30 00:00:00","REPORT_TYPE_SQ":"2022年中报","OPERATE_INCOME_SQ":13549000000,"DPS_HKD":0.535329,"OPERATE_INCOME_QOQ_SQ":-3.668839808409,"NET_PROFIT_RATIO_SQ":11.3735331021,"HOLDER_PROFIT_SQ":1465000000,"HOLDER_PROFIT_QOQ_SQ":1.069321533923,"ROE_AVG_SQ":3.00343396033,"PE_TTM_SQ":24.525382528698,"PB_TTM_SQ":2.195632329625,"ROA_SQ":2.193737739776,"START_DATE":"2023-01-01 00:00:00","FISCAL_YEAR":"12-31","CURRENCY":"HKD","IS_CNY_CODE":0,"DPS_HKD_LY":null,"ORG_TYPE":"一般企业","PREMIUM_INCOME":null,"PREMIUM_INCOME_YOY":null,"NET_INTEREST_INCOME":null,"NET_INTEREST_INCOME_YOY":null,"FEE_COMMISSION_INCOME":null,"FEE_COMMISSION_INCOME_YOY":null,"ACCOUNTS_RECE_TDAYS":5.572236303373,"INVENTORY_TDAYS":947.8,"CURRENT_ASSETS_TDAYS":0.518110293318,"TOTAL_ASSETS_TDAYS":0.204911274422,"PREMIUM_EXPENSE":null,"LOAN_DEPOSIT":null,"LOAN_EQUITY":null,"LOAN_ASSETS":null,"DEPOSIT_EQUITY":null,"DEPOSIT_ASSETS":null,"EQUITY_MULTIPLIER":1.324499195788,"EQUITY_RATIO":0.331373537152},{"SECUCODE":"01698.HK","SECURITY_CODE":"01698","SECURITY_NAME_ABBR":"腾讯音乐-SW","ORG_CODE":"10982401","STD_REPORT_DATE":"2023-03-31 00:00:00","REPORT_DATE":"2023-03-31 00:00:00","DATE_TYPE_CODE":"003","REPORT_TYPE":"2023年一季报","PER_NETCASH_OPERATE":0.539602785488,"PER_OI":2.040700815096,"BPS":14.853644719337,"BASIC_EPS":0.37,"DILUTED_EPS":0.36,"OPERATE_INCOME":7004000000,"OPERATE_INCOME_YOY":5.418422637,"GROSS_PROFIT":2315000000,"GROSS_PROFIT_YOY":24.462365591398,"HOLDER_PROFIT":1148000000,"HOLDER_PROFIT_YOY":88.5057471264,"GROSS_PROFIT_RATIO":33.052541404912,"EPS_TTM":1.228383014912,"OPERATE_INCOME_QOQ":1.27033416846,"NET_PROFIT_RATIO":17.133066819,"ROE_AVG":2.317342726511,"GROSS_PROFIT_QOQ":5.186367263194,"ROA":1.686722205081,"HOLDER_PROFIT_QOQ":14.658689148763,"ROE_YEARLY":9.269370906045,"ROIC_YEARLY":9.906052140523,"TOTAL_ASSETS":69113000000,"TOTAL_LIABILITIES":17050000000,"TAX_EBT":12.216532553036,"OCF_SALES":26.442033123929,"TOTAL_PARENT_EQUITY":50980000000,"DEBT_ASSET_RATIO":24.669743753,"OPERATE_PROFIT":1381000000,"PRETAX_PROFIT":1367000000,"NETCASH_OPERATE":1852000000,"NETCASH_INVEST":811000000,"NETCASH_FINANCE":-80000000,"END_CASH":12129000000,"DIVI_RATIO":0.394930441475,"DIVIDEND_RATE":1.102634397528,"CURRENT_RATIO":2.353825136612,"COMMON_ACS":48000000000,"CURRENTDEBT_DEBT":64.398826979472,"ISSUED_COMMON_SHARES":3432154260,"HK_COMMON_SHARES":1767205005,"PER_SHARES":100,"TOTAL_MARKET_CAP":166631089323,"HKSK_MARKET_CAP":85797802992.75,"PE_TTM":24.914267526661,"PB_TTM":2.366956762079,"REPORT_DATE_SQ":"2022-03-31 00:00:00","REPORT_TYPE_SQ":"2022年一季报","OPERATE_INCOME_SQ":6644000000,"DPS_HKD":0.535329,"OPERATE_INCOME_QOQ_SQ":-3.776725131225,"NET_PROFIT_RATIO_SQ":9.7682119205,"HOLDER_PROFIT_SQ":609000000,"HOLDER_PROFIT_QOQ_SQ":-10.465500165071,"ROE_AVG_SQ":1.233430211952,"PE_TTM_SQ":24.525382528698,"PB_TTM_SQ":2.195632329625,"ROA_SQ":0.914064434788,"START_DATE":"2023-01-01 00:00:00","FISCAL_YEAR":"12-31","CURRENCY":"HKD","IS_CNY_CODE":0,"DPS_HKD_LY":null,"ORG_TYPE":"一般企业","PREMIUM_INCOME":null,"PREMIUM_INCOME_YOY":null,"NET_INTEREST_INCOME":null,"NET_INTEREST_INCOME_YOY":null,"FEE_COMMISSION_INCOME":null,"FEE_COMMISSION_INCOME_YOY":null,"ACCOUNTS_RECE_TDAYS":2.597922848665,"INVENTORY_TDAYS":360.692307692308,"CURRENT_ASSETS_TDAYS":0.267307839096,"TOTAL_ASSETS_TDAYS":0.102907685752,"PREMIUM_EXPENSE":null,"LOAN_DEPOSIT":null,"LOAN_EQUITY":null,"LOAN_ASSETS":null,"DEPOSIT_EQUITY":null,"DEPOSIT_ASSETS":null,"EQUITY_MULTIPLIER":1.327487851257,"EQUITY_RATIO":0.334444880345},{"SECUCODE":"01698.HK","SECURITY_CODE":"01698","SECURITY_NAME_ABBR":"腾讯音乐-SW","ORG_CODE":"10982401","STD_REPORT_DATE":"2022-12-31 00:00:00","REPORT_DATE":"2022-12-31 00:00:00","DATE_TYPE_CODE":"001","REPORT_TYPE":"2022年年报","PER_NETCASH_OPERATE":2.179680582201,"PER_OI":8.256913249431,"BPS":14.014230234512,"BASIC_EPS":1.15,"DILUTED_EPS":1.14,"OPERATE_INCOME":28339000000,"OPERATE_INCOME_YOY":-9.2977851748,"GROSS_PROFIT":8773000000,"GROSS_PROFIT_YOY":-6.709910676308,"HOLDER_PROFIT":3677000000,"HOLDER_PROFIT_YOY":21.3931990756,"GROSS_PROFIT_RATIO":30.957337944176,"EPS_TTM":1.071338791706,"OPERATE_INCOME_QOQ":-0.638126292907,"NET_PROFIT_RATIO":13.5467024242,"ROE_AVG":7.472362217526,"GROSS_PROFIT_QOQ":2.993660483682,"ROA":5.477309459792,"HOLDER_PROFIT_QOQ":20.084911822338,"ROE_YEARLY":7.472362217526,"ROIC_YEARLY":7.968274262929,"TOTAL_ASSETS":67009000000,"TOTAL_LIABILITIES":17882000000,"TAX_EBT":12.211296592728,"OCF_SALES":26.398249761812,"TOTAL_PARENT_EQUITY":48099000000,"DEBT_ASSET_RATIO":26.6859675566,"OPERATE_PROFIT":4443000000,"PRETAX_PROFIT":4373000000,"NETCASH_OPERATE":7481000000,"NETCASH_INVEST":-1446000000,"NETCASH_FINANCE":-3419000000,"END_CASH":9555000000,"DIVI_RATIO":0.452822067245,"DIVIDEND_RATE":1.102634397528,"CURRENT_RATIO":2.266706494837,"COMMON_ACS":48000000000,"CURRENTDEBT_DEBT":65.523990605078,"ISSUED_COMMON_SHARES":3432154260,"HK_COMMON_SHARES":1767205005,"PER_SHARES":100,"TOTAL_MARKET_CAP":166631089323,"HKSK_MARKET_CAP":85797802992.75,"PE_TTM":24.914267526661,"PB_TTM":2.366956762079,"REPORT_DATE_SQ":"2021-12-31 00:00:00","REPORT_TYPE_SQ":"2021年年报","OPERATE_INCOME_SQ":31244000000,"DPS_HKD":0.535329,"OPERATE_INCOME_QOQ_SQ":7.172503687442,"NET_PROFIT_RATIO_SQ":10.2899756753,"HOLDER_PROFIT_SQ":3029000000,"HOLDER_PROFIT_QOQ_SQ":-27.099879663057,"ROE_AVG_SQ":5.906671086757,"PE_TTM_SQ":24.525382528698,"PB_TTM_SQ":2.195632329625,"ROA_SQ":4.469958015746,"START_DATE":"2022-01-01 00:00:00","FISCAL_YEAR":"12-31","CURRENCY":"HKD","IS_CNY_CODE":0,"DPS_HKD_LY":null,"ORG_TYPE":"一般企业","PREMIUM_INCOME":null,"PREMIUM_INCOME_YOY":null,"NET_INTEREST_INCOME":null,"NET_INTEREST_INCOME_YOY":null,"FEE_COMMISSION_INCOME":null,"FEE_COMMISSION_INCOME_YOY":null,"ACCOUNTS_RECE_TDAYS":9.025159235669,"INVENTORY_TDAYS":1029.78947368421,"CURRENT_ASSETS_TDAYS":1.062380506092,"TOTAL_ASSETS_TDAYS":0.422141617571,"PREMIUM_EXPENSE":null,"LOAN_DEPOSIT":null,"LOAN_EQUITY":null,"LOAN_ASSETS":null,"DEPOSIT_EQUITY":null,"DEPOSIT_ASSETS":null,"EQUITY_MULTIPLIER":1.363995358968,"EQUITY_RATIO":0.371774880975},{"SECUCODE":"01698.HK","SECURITY_CODE":"01698","SECURITY_NAME_ABBR":"腾讯音乐-SW","ORG_CODE":"10982401","STD_REPORT_DATE":"2022-09-30 00:00:00","REPORT_DATE":"2022-09-30 00:00:00","DATE_TYPE_CODE":"004","REPORT_TYPE":"2022年三季报","PER_NETCASH_OPERATE":1.471024505568,"PER_OI":6.169040807991,"BPS":13.759288313574,"BASIC_EPS":0.78,"DILUTED_EPS":0.78,"OPERATE_INCOME":20914000000,"OPERATE_INCOME_YOY":-11.5200744595,"GROSS_PROFIT":6326000000,"GROSS_PROFIT_YOY":-12.28508042152,"HOLDER_PROFIT":2526000000,"HOLDER_PROFIT_YOY":1.3237063779,"GROSS_PROFIT_RATIO":30.247680979248,"EPS_TTM":0.903203736926,"OPERATE_INCOME_QOQ":-1.519284555091,"NET_PROFIT_RATIO":12.5944343502,"ROE_AVG":5.179360474057,"GROSS_PROFIT_QOQ":1.115859449193,"ROA":3.769896051758,"HOLDER_PROFIT_QOQ":11.711054359723,"ROE_YEARLY":6.905813965409,"ROIC_YEARLY":5.37646996222,"TOTAL_ASSETS":66755000000,"TOTAL_LIABILITIES":18461000000,"TAX_EBT":12.2,"OCF_SALES":23.845271110261,"TOTAL_PARENT_EQUITY":47224000000,"DEBT_ASSET_RATIO":27.6548573141,"OPERATE_PROFIT":3055000000,"PRETAX_PROFIT":3000000000,"NETCASH_OPERATE":4987000000,"NETCASH_INVEST":-338000000,"NETCASH_FINANCE":-3036000000,"END_CASH":8582000000,"DIVI_RATIO":0.537116739609,"DIVIDEND_RATE":1.102634397528,"CURRENT_RATIO":2.147800296589,"COMMON_ACS":48000000000,"CURRENTDEBT_DEBT":65.749417691349,"ISSUED_COMMON_SHARES":3432154260,"HK_COMMON_SHARES":1767205005,"PER_SHARES":100,"TOTAL_MARKET_CAP":166631089323,"HKSK_MARKET_CAP":85797802992.75,"PE_TTM":24.914267526661,"PB_TTM":2.366956762079,"REPORT_DATE_SQ":"2021-09-30 00:00:00","REPORT_TYPE_SQ":"2021年三季报","OPERATE_INCOME_SQ":23637000000,"DPS_HKD":0.535329,"OPERATE_INCOME_QOQ_SQ":0,"NET_PROFIT_RATIO_SQ":11.1604687566,"HOLDER_PROFIT_SQ":2493000000,"HOLDER_PROFIT_QOQ_SQ":0,"ROE_AVG_SQ":null,"PE_TTM_SQ":24.525382528698,"PB_TTM_SQ":2.195632329625,"ROA_SQ":null,"START_DATE":"2022-01-01 00:00:00","FISCAL_YEAR":"12-31","CURRENCY":"HKD","IS_CNY_CODE":0,"DPS_HKD_LY":null,"ORG_TYPE":"一般企业","PREMIUM_INCOME":null,"PREMIUM_INCOME_YOY":null,"NET_INTEREST_INCOME":null,"NET_INTEREST_INCOME_YOY":null,"FEE_COMMISSION_INCOME":null,"FEE_COMMISSION_INCOME_YOY":null,"ACCOUNTS_RECE_TDAYS":6.409439166411,"INVENTORY_TDAYS":663.090909090909,"CURRENT_ASSETS_TDAYS":0.791282798282,"TOTAL_ASSETS_TDAYS":0.312128289891,"PREMIUM_EXPENSE":null,"LOAN_DEPOSIT":null,"LOAN_EQUITY":null,"LOAN_ASSETS":null,"DEPOSIT_EQUITY":null,"DEPOSIT_ASSETS":null,"EQUITY_MULTIPLIER":1.382262806975,"EQUITY_RATIO":0.390924106387}],"count":17},"success":true,"message":"ok","code":0}