{"version":"9d7a5cdf424d6f11d33d8694b316f9af","result":{"pages":3,"data":[{"SECUCODE":"01695.HK","SECURITY_CODE":"01695","SECURITY_NAME_ABBR":"椰丰集团","ORG_CODE":"10664984","STD_REPORT_DATE":"2024-06-30 00:00:00","REPORT_DATE":"2024-06-30 00:00:00","DATE_TYPE_CODE":"002","REPORT_TYPE":"2024年中报","PER_NETCASH_OPERATE":0.012009493229,"PER_OI":0.078733085443,"BPS":0.173685766055,"BASIC_EPS":0.004528438594,"DILUTED_EPS":0.004528438594,"OPERATE_INCOME":85031732.2787103,"OPERATE_INCOME_YOY":39.4217784476,"GROSS_PROFIT":19762631.3247192,"GROSS_PROFIT_YOY":59.873063225759,"HOLDER_PROFIT":4902714.04419756,"HOLDER_PROFIT_YOY":171.2807312357,"GROSS_PROFIT_RATIO":23.241477969592,"EPS_TTM":0.00851341836,"OPERATE_INCOME_QOQ":17.019504218449,"NET_PROFIT_RATIO":5.7647629434,"ROE_AVG":2.672352128491,"GROSS_PROFIT_QOQ":27.691475715558,"ROA":1.958584206928,"HOLDER_PROFIT_QOQ":431.180983654527,"ROE_YEARLY":5.344704256983,"ROIC_YEARLY":4.191175746869,"TOTAL_ASSETS":254197094.251902,"TOTAL_LIABILITIES":66518060.9225939,"TAX_EBT":null,"OCF_SALES":15.253426384824,"TOTAL_PARENT_EQUITY":187580627.339693,"DEBT_ASSET_RATIO":26.1679076696,"OPERATE_PROFIT":5952676.30720927,"PRETAX_PROFIT":4901877.79253713,"NETCASH_OPERATE":12970252.6868736,"NETCASH_INVEST":-6224032.42362033,"NETCASH_FINANCE":-2886064.48496558,"END_CASH":19996218.7537737,"DIVI_RATIO":null,"DIVIDEND_RATE":null,"CURRENT_RATIO":2.243765781879,"COMMON_ACS":5000000000,"CURRENTDEBT_DEBT":61.114381014224,"ISSUED_COMMON_SHARES":1080000000,"HK_COMMON_SHARES":1080000000,"PER_SHARES":5000,"TOTAL_MARKET_CAP":90720000,"HKSK_MARKET_CAP":90720000,"PE_TTM":9.0953135053,"PB_TTM":0.441401281996,"REPORT_DATE_SQ":"2023-06-30 00:00:00","REPORT_TYPE_SQ":"2023年中报","OPERATE_INCOME_SQ":62673755.5648627,"DPS_HKD":null,"OPERATE_INCOME_QOQ_SQ":-8.785840875624,"NET_PROFIT_RATIO_SQ":-11.2788966607,"HOLDER_PROFIT_SQ":-7068051.87150015,"HOLDER_PROFIT_QOQ_SQ":-433.252221098653,"ROE_AVG_SQ":-3.884760557763,"PE_TTM_SQ":-7.892960695246,"PB_TTM_SQ":0.32343542684,"ROA_SQ":-2.7072682105,"START_DATE":"2024-01-01 00:00:00","FISCAL_YEAR":"12-31","CURRENCY":"HKD","IS_CNY_CODE":0,"DPS_HKD_LY":null,"ORG_TYPE":"一般企业","PREMIUM_INCOME":null,"PREMIUM_INCOME_YOY":null,"NET_INTEREST_INCOME":null,"NET_INTEREST_INCOME_YOY":null,"FEE_COMMISSION_INCOME":null,"FEE_COMMISSION_INCOME_YOY":null,"ACCOUNTS_RECE_TDAYS":2.798073936352,"INVENTORY_TDAYS":2.0335358311,"CURRENT_ASSETS_TDAYS":1.001730654685,"TOTAL_ASSETS_TDAYS":0.339693089231,"PREMIUM_EXPENSE":null,"LOAN_DEPOSIT":null,"LOAN_EQUITY":null,"LOAN_ASSETS":null,"DEPOSIT_EQUITY":null,"DEPOSIT_ASSETS":null,"EQUITY_MULTIPLIER":1.354424571262,"EQUITY_RATIO":0.354610504645},{"SECUCODE":"01695.HK","SECURITY_CODE":"01695","SECURITY_NAME_ABBR":"椰丰集团","ORG_CODE":"10664984","STD_REPORT_DATE":"2023-12-31 00:00:00","REPORT_DATE":"2023-12-31 00:00:00","DATE_TYPE_CODE":"001","REPORT_TYPE":"2023年年报","PER_NETCASH_OPERATE":0.030289503508,"PER_OI":0.121635918561,"BPS":0.169583585975,"BASIC_EPS":-0.002620625867,"DILUTED_EPS":-0.002620625867,"OPERATE_INCOME":131366792.04563,"OPERATE_INCOME_YOY":-6.9917165981,"GROSS_PROFIT":26727285.3399106,"GROSS_PROFIT_YOY":19.236434088912,"HOLDER_PROFIT":-2776274.08663481,"HOLDER_PROFIT_YOY":-102.6098989183,"GROSS_PROFIT_RATIO":20.345541611937,"EPS_TTM":-0.002570624154,"OPERATE_INCOME_QOQ":-0.335847277102,"NET_PROFIT_RATIO":-2.1102720542,"ROE_AVG":-1.524315848335,"GROSS_PROFIT_QOQ":21.837789283284,"ROA":-1.070937438091,"HOLDER_PROFIT_QOQ":62.862933460882,"ROE_YEARLY":-1.524315848335,"ROIC_YEARLY":-1.113078197719,"TOTAL_ASSETS":251676511.484507,"TOTAL_LIABILITIES":68424627.7169724,"TAX_EBT":32.571354437922,"OCF_SALES":24.901775615982,"TOTAL_PARENT_EQUITY":183150272.853399,"DEBT_ASSET_RATIO":27.1875302599,"OPERATE_PROFIT":-939048.866964698,"PRETAX_PROFIT":-4111304.14675505,"NETCASH_OPERATE":32712663.7891167,"NETCASH_INVEST":-6732196.7010945,"NETCASH_FINANCE":-19955722.2136581,"END_CASH":12802526.5916448,"DIVI_RATIO":null,"DIVIDEND_RATE":null,"CURRENT_RATIO":1.217797078753,"COMMON_ACS":5000000000,"CURRENTDEBT_DEBT":96.276452756858,"ISSUED_COMMON_SHARES":1080000000,"HK_COMMON_SHARES":1080000000,"PER_SHARES":5000,"TOTAL_MARKET_CAP":103680000,"HKSK_MARKET_CAP":103680000,"PE_TTM":10.394644006057,"PB_TTM":0.504458607995,"REPORT_DATE_SQ":"2022-12-31 00:00:00","REPORT_TYPE_SQ":"2022年年报","OPERATE_INCOME_SQ":144505493.25763,"DPS_HKD":null,"OPERATE_INCOME_QOQ_SQ":-3.112651573611,"NET_PROFIT_RATIO_SQ":-0.9717626796,"HOLDER_PROFIT_SQ":-1401916.25266146,"HOLDER_PROFIT_QOQ_SQ":-118.121930152992,"ROE_AVG_SQ":-0.765082620247,"PE_TTM_SQ":-6.688949741734,"PB_TTM_SQ":0.274097819356,"ROA_SQ":-0.517494871881,"START_DATE":"2023-01-01 00:00:00","FISCAL_YEAR":"12-31","CURRENCY":"HKD","IS_CNY_CODE":0,"DPS_HKD_LY":null,"ORG_TYPE":"一般企业","PREMIUM_INCOME":null,"PREMIUM_INCOME_YOY":null,"NET_INTEREST_INCOME":null,"NET_INTEREST_INCOME_YOY":null,"FEE_COMMISSION_INCOME":null,"FEE_COMMISSION_INCOME_YOY":null,"ACCOUNTS_RECE_TDAYS":5.53493279485,"INVENTORY_TDAYS":2.534443879531,"CURRENT_ASSETS_TDAYS":1.620790182981,"TOTAL_ASSETS_TDAYS":0.506742530937,"PREMIUM_EXPENSE":null,"LOAN_DEPOSIT":null,"LOAN_EQUITY":null,"LOAN_ASSETS":null,"DEPOSIT_EQUITY":null,"DEPOSIT_ASSETS":null,"EQUITY_MULTIPLIER":1.373391128703,"EQUITY_RATIO":0.373598284354},{"SECUCODE":"01695.HK","SECURITY_CODE":"01695","SECURITY_NAME_ABBR":"椰丰集团","ORG_CODE":"10664984","STD_REPORT_DATE":"2023-06-30 00:00:00","REPORT_DATE":"2023-06-30 00:00:00","DATE_TYPE_CODE":"002","REPORT_TYPE":"2023年中报","PER_NETCASH_OPERATE":0.013460682439,"PER_OI":0.058031255153,"BPS":0.168184483132,"BASIC_EPS":-0.006514961143,"DILUTED_EPS":-0.006514961143,"OPERATE_INCOME":62673755.5648627,"OPERATE_INCOME_YOY":-18.2462820664,"GROSS_PROFIT":12361451.5953899,"GROSS_PROFIT_YOY":-3.727323517092,"HOLDER_PROFIT":-7068051.87150015,"HOLDER_PROFIT_YOY":-598.9351601171,"GROSS_PROFIT_RATIO":19.72348949569,"EPS_TTM":-0.006921990329,"OPERATE_INCOME_QOQ":-8.785840875624,"NET_PROFIT_RATIO":-11.2788966607,"ROE_AVG":-3.884760557763,"GROSS_PROFIT_QOQ":-2.135097172786,"ROA":-2.7072682105,"HOLDER_PROFIT_QOQ":-433.252221098653,"ROE_YEARLY":-7.769521115527,"ROIC_YEARLY":-5.57584402207,"TOTAL_ASSETS":253686984.038345,"TOTAL_LIABILITIES":71950605.7362682,"TAX_EBT":null,"OCF_SALES":23.195573495522,"TOTAL_PARENT_EQUITY":181639241.782618,"DEBT_ASSET_RATIO":28.3619618913,"OPERATE_PROFIT":-5348381.34239223,"PRETAX_PROFIT":-7068908.12353608,"NETCASH_OPERATE":14537537.0344517,"NETCASH_INVEST":-2599604.44878775,"NETCASH_FINANCE":-17108174.7250531,"END_CASH":8241418.08987544,"DIVI_RATIO":null,"DIVIDEND_RATE":null,"CURRENT_RATIO":1.601016100714,"COMMON_ACS":5000000000,"CURRENTDEBT_DEBT":63.279076366995,"ISSUED_COMMON_SHARES":1080000000,"HK_COMMON_SHARES":1080000000,"PER_SHARES":5000,"TOTAL_MARKET_CAP":103680000,"HKSK_MARKET_CAP":103680000,"PE_TTM":10.394644006057,"PB_TTM":0.504458607995,"REPORT_DATE_SQ":"2022-06-30 00:00:00","REPORT_TYPE_SQ":"2022年中报","OPERATE_INCOME_SQ":75369778.259013,"DPS_HKD":null,"OPERATE_INCOME_QOQ_SQ":5.438574391745,"NET_PROFIT_RATIO_SQ":-1.3202095907,"HOLDER_PROFIT_SQ":-994218.56890136,"HOLDER_PROFIT_QOQ_SQ":248.908473870858,"ROE_AVG_SQ":-0.560918937595,"PE_TTM_SQ":-6.688949741734,"PB_TTM_SQ":0.274097819356,"ROA_SQ":-0.377639624244,"START_DATE":"2023-01-01 00:00:00","FISCAL_YEAR":"12-31","CURRENCY":"HKD","IS_CNY_CODE":0,"DPS_HKD_LY":null,"ORG_TYPE":"一般企业","PREMIUM_INCOME":null,"PREMIUM_INCOME_YOY":null,"NET_INTEREST_INCOME":null,"NET_INTEREST_INCOME_YOY":null,"FEE_COMMISSION_INCOME":null,"FEE_COMMISSION_INCOME_YOY":null,"ACCOUNTS_RECE_TDAYS":2.944015963774,"INVENTORY_TDAYS":1.188552242655,"CURRENT_ASSETS_TDAYS":0.807218943261,"TOTAL_ASSETS_TDAYS":0.240058603358,"PREMIUM_EXPENSE":null,"LOAN_DEPOSIT":null,"LOAN_EQUITY":null,"LOAN_ASSETS":null,"DEPOSIT_EQUITY":null,"DEPOSIT_ASSETS":null,"EQUITY_MULTIPLIER":1.39590645752,"EQUITY_RATIO":0.396118179255},{"SECUCODE":"01695.HK","SECURITY_CODE":"01695","SECURITY_NAME_ABBR":"椰丰集团","ORG_CODE":"10664984","STD_REPORT_DATE":"2022-12-31 00:00:00","REPORT_DATE":"2022-12-31 00:00:00","DATE_TYPE_CODE":"001","REPORT_TYPE":"2022年年报","PER_NETCASH_OPERATE":-0.000506438621,"PER_OI":0.133801382646,"BPS":0.171573516226,"BASIC_EPS":-0.001261730147,"DILUTED_EPS":-0.001261730147,"OPERATE_INCOME":144505493.25763,"OPERATE_INCOME_YOY":-1.1153429245,"GROSS_PROFIT":22415367.8731961,"GROSS_PROFIT_YOY":33.560839424133,"HOLDER_PROFIT":-1401916.25266146,"HOLDER_PROFIT_YOY":73.8792176269,"GROSS_PROFIT_RATIO":15.511775620345,"EPS_TTM":-0.001298070604,"OPERATE_INCOME_QOQ":-3.112651573611,"NET_PROFIT_RATIO":-0.9717626796,"ROE_AVG":-0.765082620247,"GROSS_PROFIT_QOQ":-18.587550690357,"ROA":-0.517494871881,"HOLDER_PROFIT_QOQ":-118.121930152992,"ROE_YEARLY":-0.765082620247,"ROIC_YEARLY":-0.545705376928,"TOTAL_ASSETS":272963488.683858,"TOTAL_LIABILITIES":87564513.8396026,"TAX_EBT":-1964.37514491074,"OCF_SALES":-0.378500289467,"TOTAL_PARENT_EQUITY":185299397.523855,"DEBT_ASSET_RATIO":32.0792038019,"OPERATE_PROFIT":1926784.95386799,"PRETAX_PROFIT":-68023.0265751912,"NETCASH_OPERATE":-546953.710275215,"NETCASH_INVEST":-22770467.6287359,"NETCASH_FINANCE":3593259.20668717,"END_CASH":6780977.84086429,"DIVI_RATIO":null,"DIVIDEND_RATE":null,"CURRENT_RATIO":1.524357191259,"COMMON_ACS":5000000000,"CURRENTDEBT_DEBT":62.758201147401,"ISSUED_COMMON_SHARES":1080000000,"HK_COMMON_SHARES":1080000000,"PER_SHARES":5000,"TOTAL_MARKET_CAP":103680000,"HKSK_MARKET_CAP":103680000,"PE_TTM":10.394644006057,"PB_TTM":0.504458607995,"REPORT_DATE_SQ":"2021-12-31 00:00:00","REPORT_TYPE_SQ":"2021年年报","OPERATE_INCOME_SQ":141454823.443201,"DPS_HKD":null,"OPERATE_INCOME_QOQ_SQ":0.602388249929,"NET_PROFIT_RATIO_SQ":-3.6750719073,"HOLDER_PROFIT_SQ":-5195151.36711296,"HOLDER_PROFIT_QOQ_SQ":14.869184751373,"ROE_AVG_SQ":-2.943728835012,"PE_TTM_SQ":-6.688949741734,"PB_TTM_SQ":0.274097819356,"ROA_SQ":-2.027854101422,"START_DATE":"2022-01-01 00:00:00","FISCAL_YEAR":"12-31","CURRENCY":"HKD","IS_CNY_CODE":0,"DPS_HKD_LY":null,"ORG_TYPE":"一般企业","PREMIUM_INCOME":null,"PREMIUM_INCOME_YOY":null,"NET_INTEREST_INCOME":null,"NET_INTEREST_INCOME_YOY":null,"FEE_COMMISSION_INCOME":null,"FEE_COMMISSION_INCOME_YOY":null,"ACCOUNTS_RECE_TDAYS":5.1765805538,"INVENTORY_TDAYS":2.906172585472,"CURRENT_ASSETS_TDAYS":1.60122566225,"TOTAL_ASSETS_TDAYS":0.533418822825,"PREMIUM_EXPENSE":null,"LOAN_DEPOSIT":null,"LOAN_EQUITY":null,"LOAN_ASSETS":null,"DEPOSIT_EQUITY":null,"DEPOSIT_ASSETS":null,"EQUITY_MULTIPLIER":1.472303117713,"EQUITY_RATIO":0.472556926842},{"SECUCODE":"01695.HK","SECURITY_CODE":"01695","SECURITY_NAME_ABBR":"椰丰集团","ORG_CODE":"10664984","STD_REPORT_DATE":"2022-06-30 00:00:00","REPORT_DATE":"2022-06-30 00:00:00","DATE_TYPE_CODE":"002","REPORT_TYPE":"2022年中报","PER_NETCASH_OPERATE":0.00188123996,"PER_OI":0.069786831721,"BPS":0.166026554638,"BASIC_EPS":-0.000915024706,"DILUTED_EPS":-0.000915024706,"OPERATE_INCOME":75369778.259013,"OPERATE_INCOME_YOY":13.6271238955,"GROSS_PROFIT":12840041.48112,"GROSS_PROFIT_YOY":514.404629537464,"HOLDER_PROFIT":-994218.56890136,"HOLDER_PROFIT_YOY":92.7155271147,"GROSS_PROFIT_RATIO":17.036061107934,"EPS_TTM":0.007162982052,"OPERATE_INCOME_QOQ":5.438574391745,"NET_PROFIT_RATIO":-1.3202095907,"ROE_AVG":-0.560918937595,"GROSS_PROFIT_QOQ":64.054564819872,"ROA":-0.377639624244,"HOLDER_PROFIT_QOQ":248.908473870858,"ROE_YEARLY":-1.121837875189,"ROIC_YEARLY":-0.802738122721,"TOTAL_ASSETS":266583003.416092,"TOTAL_LIABILITIES":87180070.7619106,"TAX_EBT":null,"OCF_SALES":2.695694751781,"TOTAL_PARENT_EQUITY":179308679.009333,"DEBT_ASSET_RATIO":32.7027866161,"OPERATE_PROFIT":-306847.434880742,"PRETAX_PROFIT":-995039.041054109,"NETCASH_OPERATE":2031739.15695724,"NETCASH_INVEST":-6868509.42475447,"NETCASH_FINANCE":-3491009.88226682,"END_CASH":10605391.0205576,"DIVI_RATIO":null,"DIVIDEND_RATE":null,"CURRENT_RATIO":1.798440425879,"COMMON_ACS":5000000000,"CURRENTDEBT_DEBT":60.158037730167,"ISSUED_COMMON_SHARES":1080000000,"HK_COMMON_SHARES":1080000000,"PER_SHARES":5000,"TOTAL_MARKET_CAP":103680000,"HKSK_MARKET_CAP":103680000,"PE_TTM":10.394644006057,"PB_TTM":0.504458607995,"REPORT_DATE_SQ":"2021-06-30 00:00:00","REPORT_TYPE_SQ":"2021年中报","OPERATE_INCOME_SQ":67676652.4553432,"DPS_HKD":null,"OPERATE_INCOME_QOQ_SQ":-1.954298811328,"NET_PROFIT_RATIO_SQ":-20.5777470684,"HOLDER_PROFIT_SQ":-13925390.5520632,"HOLDER_PROFIT_QOQ_SQ":-25.06874501059,"ROE_AVG_SQ":-7.928139856343,"PE_TTM_SQ":-6.688949741734,"PB_TTM_SQ":0.274097819356,"ROA_SQ":-5.45526385505,"START_DATE":"2022-01-01 00:00:00","FISCAL_YEAR":"12-31","CURRENCY":"HKD","IS_CNY_CODE":0,"DPS_HKD_LY":null,"ORG_TYPE":"一般企业","PREMIUM_INCOME":null,"PREMIUM_INCOME_YOY":null,"NET_INTEREST_INCOME":null,"NET_INTEREST_INCOME_YOY":null,"FEE_COMMISSION_INCOME":null,"FEE_COMMISSION_INCOME_YOY":null,"ACCOUNTS_RECE_TDAYS":2.112354465268,"INVENTORY_TDAYS":1.704065010984,"CURRENT_ASSETS_TDAYS":0.802453306994,"TOTAL_ASSETS_TDAYS":0.286281262807,"PREMIUM_EXPENSE":null,"LOAN_DEPOSIT":null,"LOAN_EQUITY":null,"LOAN_ASSETS":null,"DEPOSIT_EQUITY":null,"DEPOSIT_ASSETS":null,"EQUITY_MULTIPLIER":1.485945627935,"EQUITY_RATIO":0.486201065356},{"SECUCODE":"01695.HK","SECURITY_CODE":"01695","SECURITY_NAME_ABBR":"椰丰集团","ORG_CODE":"10664984","STD_REPORT_DATE":"2021-12-31 00:00:00","REPORT_DATE":"2021-12-31 00:00:00","DATE_TYPE_CODE":"001","REPORT_TYPE":"2021年年报","PER_NETCASH_OPERATE":-0.000758382002,"PER_OI":0.130976688373,"BPS":0.1623816735,"BASIC_EPS":-0.00488527243,"DILUTED_EPS":-0.00488527243,"OPERATE_INCOME":141454823.443201,"OPERATE_INCOME_YOY":4.4907196906,"GROSS_PROFIT":16782889.333313,"GROSS_PROFIT_YOY":-1.169967109549,"HOLDER_PROFIT":-5195151.36711296,"HOLDER_PROFIT_YOY":-12.7915220581,"GROSS_PROFIT_RATIO":11.864487137868,"EPS_TTM":-0.00481032534,"OPERATE_INCOME_QOQ":0.602388249929,"NET_PROFIT_RATIO":-3.6750719073,"ROE_AVG":-2.943728835012,"GROSS_PROFIT_QOQ":38.166277714463,"ROA":-2.027854101422,"HOLDER_PROFIT_QOQ":14.869184751373,"ROE_YEARLY":-2.943728835012,"ROIC_YEARLY":-2.350385700526,"TOTAL_ASSETS":260234399.951147,"TOTAL_LIABILITIES":84763597.0871563,"TAX_EBT":41.373844380804,"OCF_SALES":-0.579020596499,"TOTAL_PARENT_EQUITY":175372207.379815,"DEBT_ASSET_RATIO":32.5720185737,"OPERATE_PROFIT":-8196731.44741462,"PRETAX_PROFIT":-8867316.00079385,"NETCASH_OPERATE":-819052.562478054,"NETCASH_INVEST":-24889551.6235897,"NETCASH_FINANCE":-6906254.67535838,"END_CASH":20353189.9302322,"DIVI_RATIO":null,"DIVIDEND_RATE":null,"CURRENT_RATIO":2.077850077833,"COMMON_ACS":5000000000,"CURRENTDEBT_DEBT":53.158645980088,"ISSUED_COMMON_SHARES":1080000000,"HK_COMMON_SHARES":1080000000,"PER_SHARES":5000,"TOTAL_MARKET_CAP":103680000,"HKSK_MARKET_CAP":103680000,"PE_TTM":10.394644006057,"PB_TTM":0.504458607995,"REPORT_DATE_SQ":"2020-12-31 00:00:00","REPORT_TYPE_SQ":"2020年年报","OPERATE_INCOME_SQ":143410487.927159,"DPS_HKD":null,"OPERATE_INCOME_QOQ_SQ":10.398884797598,"NET_PROFIT_RATIO_SQ":-3.3236039102,"HOLDER_PROFIT_SQ":-4879357.30111753,"HOLDER_PROFIT_QOQ_SQ":72.842817516869,"ROE_AVG_SQ":-2.550590328284,"PE_TTM_SQ":-6.688949741734,"PB_TTM_SQ":0.274097819356,"ROA_SQ":-1.816149907906,"START_DATE":"2021-01-01 00:00:00","FISCAL_YEAR":"12-31","CURRENCY":"HKD","IS_CNY_CODE":0,"DPS_HKD_LY":null,"ORG_TYPE":"一般企业","PREMIUM_INCOME":null,"PREMIUM_INCOME_YOY":null,"NET_INTEREST_INCOME":null,"NET_INTEREST_INCOME_YOY":null,"FEE_COMMISSION_INCOME":null,"FEE_COMMISSION_INCOME_YOY":null,"ACCOUNTS_RECE_TDAYS":5.173419309502,"INVENTORY_TDAYS":3.82829214293,"CURRENT_ASSETS_TDAYS":1.41346284179,"TOTAL_ASSETS_TDAYS":0.552148962783,"PREMIUM_EXPENSE":null,"LOAN_DEPOSIT":null,"LOAN_EQUITY":null,"LOAN_ASSETS":null,"DEPOSIT_EQUITY":null,"DEPOSIT_ASSETS":null,"EQUITY_MULTIPLIER":1.483063824316,"EQUITY_RATIO":0.483335406183},{"SECUCODE":"01695.HK","SECURITY_CODE":"01695","SECURITY_NAME_ABBR":"椰丰集团","ORG_CODE":"10664984","STD_REPORT_DATE":"2021-06-30 00:00:00","REPORT_DATE":"2021-06-30 00:00:00","DATE_TYPE_CODE":"002","REPORT_TYPE":"2021年中报","PER_NETCASH_OPERATE":0.003078720992,"PER_OI":0.062663567088,"BPS":0.157672015507,"BASIC_EPS":-0.01291466982,"DILUTED_EPS":-0.01291466982,"OPERATE_INCOME":67676652.4553432,"OPERATE_INCOME_YOY":2.0139666324,"GROSS_PROFIT":2089834.75446568,"GROSS_PROFIT_YOY":-69.81980957472,"HOLDER_PROFIT":-13925390.5520632,"HOLDER_PROFIT_YOY":-16.4691822703,"GROSS_PROFIT_RATIO":3.087970043797,"EPS_TTM":-0.005650510131,"OPERATE_INCOME_QOQ":-1.954298811328,"NET_PROFIT_RATIO":-20.5777470684,"ROE_AVG":-7.928139856343,"GROSS_PROFIT_QOQ":-28.470221152881,"ROA":-5.45526385505,"HOLDER_PROFIT_QOQ":-25.06874501059,"ROE_YEARLY":-15.856279712685,"ROIC_YEARLY":-13.205301318564,"TOTAL_ASSETS":253540290.65787,"TOTAL_LIABILITIES":83142573.2868613,"TAX_EBT":null,"OCF_SALES":4.913095655855,"TOTAL_PARENT_EQUITY":170285776.74737,"DEBT_ASSET_RATIO":32.7926473032,"OPERATE_PROFIT":-13519957.0548329,"PRETAX_PROFIT":-13926330.3665899,"NETCASH_OPERATE":3325018.67181179,"NETCASH_INVEST":-11713180.7431381,"NETCASH_FINANCE":-7579625.94137051,"END_CASH":37788793.8009585,"DIVI_RATIO":null,"DIVIDEND_RATE":null,"CURRENT_RATIO":2.485513404004,"COMMON_ACS":5000000000,"CURRENTDEBT_DEBT":47.172456583832,"ISSUED_COMMON_SHARES":1080000000,"HK_COMMON_SHARES":1080000000,"PER_SHARES":5000,"TOTAL_MARKET_CAP":103680000,"HKSK_MARKET_CAP":103680000,"PE_TTM":10.394644006057,"PB_TTM":0.504458607995,"REPORT_DATE_SQ":"2020-06-30 00:00:00","REPORT_TYPE_SQ":"2020年中报","OPERATE_INCOME_SQ":70479321.9162231,"DPS_HKD":null,"OPERATE_INCOME_QOQ_SQ":11.925239044086,"NET_PROFIT_RATIO_SQ":-18.025094005,"HOLDER_PROFIT_SQ":-12702196.9120905,"HOLDER_PROFIT_QOQ_SQ":-473.483895776516,"ROE_AVG_SQ":-6.507980025435,"PE_TTM_SQ":-6.688949741734,"PB_TTM_SQ":0.274097819356,"ROA_SQ":-4.552948835673,"START_DATE":"2021-01-01 00:00:00","FISCAL_YEAR":"12-31","CURRENCY":"HKD","IS_CNY_CODE":0,"DPS_HKD_LY":null,"ORG_TYPE":"一般企业","PREMIUM_INCOME":null,"PREMIUM_INCOME_YOY":null,"NET_INTEREST_INCOME":null,"NET_INTEREST_INCOME_YOY":null,"FEE_COMMISSION_INCOME":null,"FEE_COMMISSION_INCOME_YOY":null,"ACCOUNTS_RECE_TDAYS":2.494257012075,"INVENTORY_TDAYS":2.386643531774,"CURRENT_ASSETS_TDAYS":0.656872337151,"TOTAL_ASSETS_TDAYS":0.265122902363,"PREMIUM_EXPENSE":null,"LOAN_DEPOSIT":null,"LOAN_EQUITY":null,"LOAN_ASSETS":null,"DEPOSIT_EQUITY":null,"DEPOSIT_ASSETS":null,"EQUITY_MULTIPLIER":1.487932435773,"EQUITY_RATIO":0.488253187524},{"SECUCODE":"01695.HK","SECURITY_CODE":"01695","SECURITY_NAME_ABBR":"椰丰集团","ORG_CODE":"10664984","STD_REPORT_DATE":"2020-12-31 00:00:00","REPORT_DATE":"2020-12-31 00:00:00","DATE_TYPE_CODE":"001","REPORT_TYPE":"2020年年报","PER_NETCASH_OPERATE":0.01003825118,"PER_OI":0.132787488821,"BPS":0.174196723732,"BASIC_EPS":-0.004528326298,"DILUTED_EPS":-0.004528326298,"OPERATE_INCOME":143410487.927159,"OPERATE_INCOME_YOY":29.7789466997,"GROSS_PROFIT":16981568.0947067,"GROSS_PROFIT_YOY":-38.191554286777,"HOLDER_PROFIT":-4879357.30111753,"HOLDER_PROFIT_YOY":-63.5752020663,"GROSS_PROFIT_RATIO":11.841231656176,"EPS_TTM":-0.004517923427,"OPERATE_INCOME_QOQ":10.398884797598,"NET_PROFIT_RATIO":-3.3236039102,"ROE_AVG":-2.550590328284,"GROSS_PROFIT_QOQ":0.743252082717,"ROA":-1.816149907906,"HOLDER_PROFIT_QOQ":72.842817516869,"ROE_YEARLY":-2.550590328284,"ROIC_YEARLY":-2.202348181656,"TOTAL_ASSETS":267110462.051008,"TOTAL_LIABILITIES":78869257.516213,"TAX_EBT":-66.795003630523,"OCF_SALES":7.559636279476,"TOTAL_PARENT_EQUITY":188132461.630521,"DEBT_ASSET_RATIO":29.5268320494,"OPERATE_PROFIT":-2010060.97067909,"PRETAX_PROFIT":-2857637.50747982,"NETCASH_OPERATE":15909807.0609545,"NETCASH_INVEST":-7889787.00693804,"NETCASH_FINANCE":4925002.83020394,"END_CASH":52710018.9219349,"DIVI_RATIO":null,"DIVIDEND_RATE":null,"CURRENT_RATIO":4.102819895038,"COMMON_ACS":5000000000,"CURRENTDEBT_DEBT":34.874807729486,"ISSUED_COMMON_SHARES":1080000000,"HK_COMMON_SHARES":1080000000,"PER_SHARES":5000,"TOTAL_MARKET_CAP":103680000,"HKSK_MARKET_CAP":103680000,"PE_TTM":10.394644006057,"PB_TTM":0.504458607995,"REPORT_DATE_SQ":"2019-12-31 00:00:00","REPORT_TYPE_SQ":"2019年年报","OPERATE_INCOME_SQ":116061504.620193,"DPS_HKD":null,"OPERATE_INCOME_QOQ_SQ":-4.269815759438,"NET_PROFIT_RATIO_SQ":-2.7282744901,"HOLDER_PROFIT_SQ":-3132973.23005843,"HOLDER_PROFIT_QOQ_SQ":-145.974575246328,"ROE_AVG_SQ":-1.518615737546,"PE_TTM_SQ":-6.688949741734,"PB_TTM_SQ":0.274097819356,"ROA_SQ":-1.19421054917,"START_DATE":"2020-01-01 00:00:00","FISCAL_YEAR":"12-31","CURRENCY":"HKD","IS_CNY_CODE":0,"DPS_HKD_LY":null,"ORG_TYPE":"一般企业","PREMIUM_INCOME":null,"PREMIUM_INCOME_YOY":null,"NET_INTEREST_INCOME":null,"NET_INTEREST_INCOME_YOY":null,"FEE_COMMISSION_INCOME":null,"FEE_COMMISSION_INCOME_YOY":null,"ACCOUNTS_RECE_TDAYS":6.232696501864,"INVENTORY_TDAYS":3.62353228884,"CURRENT_ASSETS_TDAYS":1.268940375341,"TOTAL_ASSETS_TDAYS":0.533789448832,"PREMIUM_EXPENSE":null,"LOAN_DEPOSIT":null,"LOAN_EQUITY":null,"LOAN_ASSETS":null,"DEPOSIT_EQUITY":null,"DEPOSIT_ASSETS":null,"EQUITY_MULTIPLIER":1.41897977497,"EQUITY_RATIO":0.419221950495},{"SECUCODE":"01695.HK","SECURITY_CODE":"01695","SECURITY_NAME_ABBR":"椰丰集团","ORG_CODE":"10664984","STD_REPORT_DATE":"2020-06-30 00:00:00","REPORT_DATE":"2020-06-30 00:00:00","DATE_TYPE_CODE":"002","REPORT_TYPE":"2020年中报","PER_NETCASH_OPERATE":-0.007203479929,"PER_OI":0.065258631404,"BPS":0.177388305421,"BASIC_EPS":-0.01173670116,"DILUTED_EPS":-0.01173670116,"OPERATE_INCOME":70479321.9162231,"OPERATE_INCOME_YOY":24.907437287,"GROSS_PROFIT":6924524.74625583,"GROSS_PROFIT_YOY":-60.527717121761,"HOLDER_PROFIT":-12702196.9120905,"HOLDER_PROFIT_YOY":-698.0623850526,"GROSS_PROFIT_RATIO":9.824902621065,"EPS_TTM":-0.016636200864,"OPERATE_INCOME_QOQ":11.925239044086,"NET_PROFIT_RATIO":-18.025094005,"ROE_AVG":-6.507980025435,"GROSS_PROFIT_QOQ":-38.647557592766,"ROA":-4.552948835673,"HOLDER_PROFIT_QOQ":-473.483895776516,"ROE_YEARLY":-13.015960050871,"ROIC_YEARLY":-10.915880485192,"TOTAL_ASSETS":281776219.12917,"TOTAL_LIABILITIES":90206680.0013224,"TAX_EBT":0.065304249926,"OCF_SALES":-11.038355806526,"TOTAL_PARENT_EQUITY":191579369.854862,"DEBT_ASSET_RATIO":32.013588755,"OPERATE_PROFIT":-12101998.5453103,"PRETAX_PROFIT":-12712265.6792409,"NETCASH_OPERATE":-7779758.32313948,"NETCASH_INVEST":-1923812.27890369,"NETCASH_FINANCE":11740868.5158859,"END_CASH":50206456.8386947,"DIVI_RATIO":null,"DIVIDEND_RATE":null,"CURRENT_RATIO":3.684899456262,"COMMON_ACS":5000000000,"CURRENTDEBT_DEBT":37.228559864316,"ISSUED_COMMON_SHARES":1080000000,"HK_COMMON_SHARES":1080000000,"PER_SHARES":5000,"TOTAL_MARKET_CAP":103680000,"HKSK_MARKET_CAP":103680000,"PE_TTM":10.394644006057,"PB_TTM":0.504458607995,"REPORT_DATE_SQ":"2019-06-30 00:00:00","REPORT_TYPE_SQ":"2019年中报","OPERATE_INCOME_SQ":56638710.0521024,"DPS_HKD":null,"OPERATE_INCOME_QOQ_SQ":-8.023710091813,"NET_PROFIT_RATIO_SQ":3.7391993323,"HOLDER_PROFIT_SQ":2131926.79122557,"HOLDER_PROFIT_QOQ_SQ":-34.315941995177,"ROE_AVG_SQ":1.041772454255,"PE_TTM_SQ":-6.688949741734,"PB_TTM_SQ":0.274097819356,"ROA_SQ":0.845855654928,"START_DATE":"2020-01-01 00:00:00","FISCAL_YEAR":"12-31","CURRENCY":"HKD","IS_CNY_CODE":0,"DPS_HKD_LY":null,"ORG_TYPE":"一般企业","PREMIUM_INCOME":null,"PREMIUM_INCOME_YOY":null,"NET_INTEREST_INCOME":null,"NET_INTEREST_INCOME_YOY":null,"FEE_COMMISSION_INCOME":null,"FEE_COMMISSION_INCOME_YOY":null,"ACCOUNTS_RECE_TDAYS":2.467106066221,"INVENTORY_TDAYS":1.949739988783,"CURRENT_ASSETS_TDAYS":0.588712010794,"TOTAL_ASSETS_TDAYS":0.252624604136,"PREMIUM_EXPENSE":null,"LOAN_DEPOSIT":null,"LOAN_EQUITY":null,"LOAN_ASSETS":null,"DEPOSIT_EQUITY":null,"DEPOSIT_ASSETS":null,"EQUITY_MULTIPLIER":1.470882168491,"EQUITY_RATIO":0.470858005586}],"count":19},"success":true,"message":"ok","code":0}