{"version":"d1dcf02d67d66388bb2083a400a6fda4","result":{"pages":2,"data":[{"SECUCODE":"01692.HK","SECURITY_CODE":"01692","SECURITY_NAME_ABBR":"登辉控股","ORG_CODE":"10000019628","STD_REPORT_DATE":"2024-06-30 00:00:00","REPORT_DATE":"2024-06-30 00:00:00","DATE_TYPE_CODE":"002","REPORT_TYPE":"2024年中报","PER_NETCASH_OPERATE":0.031707367577,"PER_OI":0.767599471978,"BPS":0.85836918429,"BASIC_EPS":0.123394336,"DILUTED_EPS":0.123394336,"OPERATE_INCOME":275568210.44,"OPERATE_INCOME_YOY":-23.8602348752,"GROSS_PROFIT":91874932.2,"GROSS_PROFIT_YOY":-32.888665793224,"HOLDER_PROFIT":44295098.44,"HOLDER_PROFIT_YOY":-44.4308319403,"GROSS_PROFIT_RATIO":33.340178118987,"EPS_TTM":0.207567494485,"OPERATE_INCOME_QOQ":-14.105572971749,"NET_PROFIT_RATIO":16.0740959087,"ROE_AVG":14.225980668753,"GROSS_PROFIT_QOQ":-20.248061864135,"ROA":8.626440280302,"HOLDER_PROFIT_QOQ":-32.71354937715,"ROE_YEARLY":28.451961337505,"ROIC_YEARLY":24.87395302532,"TOTAL_ASSETS":591295253.56,"TOTAL_LIABILITIES":283140716.4,"TAX_EBT":14.891714160456,"OCF_SALES":4.130717742016,"TOTAL_PARENT_EQUITY":308154537.16,"DEBT_ASSET_RATIO":47.8848282132,"OPERATE_PROFIT":52956431.64,"PRETAX_PROFIT":52045577,"NETCASH_OPERATE":11382944.96,"NETCASH_INVEST":-30561089.8,"NETCASH_FINANCE":-7927538.48,"END_CASH":143320878.44,"DIVI_RATIO":1.142924717519,"DIVIDEND_RATE":10.038461538462,"CURRENT_RATIO":1.580153668676,"COMMON_ACS":4000000000,"CURRENTDEBT_DEBT":88.856010057054,"ISSUED_COMMON_SHARES":359000000,"HK_COMMON_SHARES":359000000,"PER_SHARES":2000,"TOTAL_MARKET_CAP":933400000,"HKSK_MARKET_CAP":933400000,"PE_TTM":11.191712329588,"PB_TTM":2.764507444386,"REPORT_DATE_SQ":"2023-06-30 00:00:00","REPORT_TYPE_SQ":"2023年中报","OPERATE_INCOME_SQ":365612090.98,"DPS_HKD":0.261,"OPERATE_INCOME_QOQ_SQ":1.212142800372,"NET_PROFIT_RATIO_SQ":22.0244054359,"HOLDER_PROFIT_SQ":80523889.24,"HOLDER_PROFIT_QOQ_SQ":23.454048181355,"ROE_AVG_SQ":24.60363964167,"PE_TTM_SQ":7.610010349514,"PB_TTM_SQ":3.39023536666,"ROA_SQ":15.442801622468,"START_DATE":"2024-01-01 00:00:00","FISCAL_YEAR":"12-31","CURRENCY":"HKD","IS_CNY_CODE":0,"DPS_HKD_LY":0.261,"ORG_TYPE":"一般企业","PREMIUM_INCOME":null,"PREMIUM_INCOME_YOY":null,"NET_INTEREST_INCOME":null,"NET_INTEREST_INCOME_YOY":null,"FEE_COMMISSION_INCOME":null,"FEE_COMMISSION_INCOME_YOY":null,"ACCOUNTS_RECE_TDAYS":2.981171011058,"INVENTORY_TDAYS":2.296439553418,"CURRENT_ASSETS_TDAYS":0.794972656877,"TOTAL_ASSETS_TDAYS":0.53666721471,"PREMIUM_EXPENSE":null,"LOAN_DEPOSIT":null,"LOAN_EQUITY":null,"LOAN_ASSETS":null,"DEPOSIT_EQUITY":null,"DEPOSIT_ASSETS":null,"EQUITY_MULTIPLIER":1.918827024289,"EQUITY_RATIO":0.918827024289},{"SECUCODE":"01692.HK","SECURITY_CODE":"01692","SECURITY_NAME_ABBR":"登辉控股","ORG_CODE":"10000019628","STD_REPORT_DATE":"2023-12-31 00:00:00","REPORT_DATE":"2023-12-31 00:00:00","DATE_TYPE_CODE":"001","REPORT_TYPE":"2023年年报","PER_NETCASH_OPERATE":0.496517685571,"PER_OI":1.778152573092,"BPS":0.870067123008,"BASIC_EPS":0.308477288,"DILUTED_EPS":0.308477288,"OPERATE_INCOME":638356773.74,"OPERATE_INCOME_YOY":-14.477003805,"GROSS_PROFIT":222363732.5,"GROSS_PROFIT_YOY":-5.154204786844,"HOLDER_PROFIT":110745521.32,"HOLDER_PROFIT_YOY":-9.0126646366,"GROSS_PROFIT_RATIO":34.83377033774,"EPS_TTM":0.308483346295,"OPERATE_INCOME_QOQ":-14.276245889494,"NET_PROFIT_RATIO":17.3485307708,"ROE_AVG":35.187243378961,"GROSS_PROFIT_QOQ":-16.851149200812,"ROA":23.075194628389,"HOLDER_PROFIT_QOQ":-25.23015073445,"ROE_YEARLY":35.187243378961,"ROIC_YEARLY":33.825888266564,"TOTAL_ASSETS":432582304.56,"TOTAL_LIABILITIES":120228207.4,"TAX_EBT":16.730716816571,"OCF_SALES":27.923232971379,"TOTAL_PARENT_EQUITY":312354097.16,"DEBT_ASSET_RATIO":27.7931404342,"OPERATE_PROFIT":135341238.34,"PRETAX_PROFIT":132996847.2,"NETCASH_OPERATE":178249849.12,"NETCASH_INVEST":-4899025.32,"NETCASH_FINANCE":-137745440,"END_CASH":170114712.18,"DIVI_RATIO":0.76903347571,"DIVIDEND_RATE":9.886363636364,"CURRENT_RATIO":2.508488747474,"COMMON_ACS":4000000000,"CURRENTDEBT_DEBT":97.362629079671,"ISSUED_COMMON_SHARES":359000000,"HK_COMMON_SHARES":359000000,"PER_SHARES":2000,"TOTAL_MARKET_CAP":947760000,"HKSK_MARKET_CAP":947760000,"PE_TTM":11.363892519274,"PB_TTM":2.807038328145,"REPORT_DATE_SQ":"2022-12-31 00:00:00","REPORT_TYPE_SQ":"2022年年报","OPERATE_INCOME_SQ":735748981.66,"DPS_HKD":0.261,"OPERATE_INCOME_QOQ_SQ":0.658751493694,"NET_PROFIT_RATIO_SQ":16.3066466907,"HOLDER_PROFIT_SQ":119975986.97,"HOLDER_PROFIT_QOQ_SQ":12.264611449223,"ROE_AVG_SQ":39.38092278101,"PE_TTM_SQ":7.117597915134,"PB_TTM_SQ":3.170867195876,"ROA_SQ":22.567076105978,"START_DATE":"2023-01-01 00:00:00","FISCAL_YEAR":"12-31","CURRENCY":"HKD","IS_CNY_CODE":0,"DPS_HKD_LY":0.343,"ORG_TYPE":"一般企业","PREMIUM_INCOME":null,"PREMIUM_INCOME_YOY":null,"NET_INTEREST_INCOME":null,"NET_INTEREST_INCOME_YOY":null,"FEE_COMMISSION_INCOME":null,"FEE_COMMISSION_INCOME_YOY":null,"ACCOUNTS_RECE_TDAYS":8.532854451961,"INVENTORY_TDAYS":4.44113136903,"CURRENT_ASSETS_TDAYS":1.917386168151,"TOTAL_ASSETS_TDAYS":1.330095034167,"PREMIUM_EXPENSE":null,"LOAN_DEPOSIT":null,"LOAN_EQUITY":null,"LOAN_ASSETS":null,"DEPOSIT_EQUITY":null,"DEPOSIT_ASSETS":null,"EQUITY_MULTIPLIER":1.384909973946,"EQUITY_RATIO":0.384909973947},{"SECUCODE":"01692.HK","SECURITY_CODE":"01692","SECURITY_NAME_ABBR":"登辉控股","ORG_CODE":"10000019628","STD_REPORT_DATE":"2023-06-30 00:00:00","REPORT_DATE":"2023-06-30 00:00:00","DATE_TYPE_CODE":"002","REPORT_TYPE":"2023年中报","PER_NETCASH_OPERATE":0.369880912312,"PER_OI":1.018418080724,"BPS":0.924635507855,"BASIC_EPS":0.224317734,"DILUTED_EPS":0.224317734,"OPERATE_INCOME":365612090.98,"OPERATE_INCOME_YOY":-4.9250406984,"GROSS_PROFIT":136899278.32,"GROSS_PROFIT_YOY":31.737268271799,"HOLDER_PROFIT":80523889.24,"HOLDER_PROFIT_YOY":42.5810137948,"GROSS_PROFIT_RATIO":37.443859680092,"EPS_TTM":0.412577194318,"OPERATE_INCOME_QOQ":1.212142800372,"NET_PROFIT_RATIO":22.0244054359,"ROE_AVG":24.60363964167,"GROSS_PROFIT_QOQ":14.067475739643,"ROA":15.442801622468,"HOLDER_PROFIT_QOQ":23.454048181355,"ROE_YEARLY":49.20727928334,"ROIC_YEARLY":44.884586822624,"TOTAL_ASSETS":506412266.68,"TOTAL_LIABILITIES":174468119.36,"TAX_EBT":17.453806530882,"OCF_SALES":36.319161974122,"TOTAL_PARENT_EQUITY":331944147.32,"DEBT_ASSET_RATIO":34.4517956691,"OPERATE_PROFIT":98835334.02,"PRETAX_PROFIT":97550093.9,"NETCASH_OPERATE":132787247.52,"NETCASH_INVEST":-23147229.88,"NETCASH_FINANCE":-71367705.86,"END_CASH":169892332.62,"DIVI_RATIO":0.57500517059,"DIVIDEND_RATE":9.886363636364,"CURRENT_RATIO":2.169485364026,"COMMON_ACS":4000000000,"CURRENTDEBT_DEBT":94.490361038302,"ISSUED_COMMON_SHARES":359000000,"HK_COMMON_SHARES":359000000,"PER_SHARES":2000,"TOTAL_MARKET_CAP":947760000,"HKSK_MARKET_CAP":947760000,"PE_TTM":11.363892519274,"PB_TTM":2.807038328145,"REPORT_DATE_SQ":"2022-06-30 00:00:00","REPORT_TYPE_SQ":"2022年中报","OPERATE_INCOME_SQ":356693762.67,"DPS_HKD":0.261,"OPERATE_INCOME_QOQ_SQ":17.15594481925,"NET_PROFIT_RATIO_SQ":14.6861731077,"HOLDER_PROFIT_SQ":52384663.45,"HOLDER_PROFIT_QOQ_SQ":22.728281175974,"ROE_AVG_SQ":18.547395704017,"PE_TTM_SQ":7.117597915134,"PB_TTM_SQ":3.170867195876,"ROA_SQ":10.137242928092,"START_DATE":"2023-01-01 00:00:00","FISCAL_YEAR":"12-31","CURRENCY":"HKD","IS_CNY_CODE":0,"DPS_HKD_LY":0.343,"ORG_TYPE":"一般企业","PREMIUM_INCOME":null,"PREMIUM_INCOME_YOY":null,"NET_INTEREST_INCOME":null,"NET_INTEREST_INCOME_YOY":null,"FEE_COMMISSION_INCOME":null,"FEE_COMMISSION_INCOME_YOY":null,"ACCOUNTS_RECE_TDAYS":4.597452886516,"INVENTORY_TDAYS":2.047095230236,"CURRENT_ASSETS_TDAYS":0.993039600031,"TOTAL_ASSETS_TDAYS":0.701167696328,"PREMIUM_EXPENSE":null,"LOAN_DEPOSIT":null,"LOAN_EQUITY":null,"LOAN_ASSETS":null,"DEPOSIT_EQUITY":null,"DEPOSIT_ASSETS":null,"EQUITY_MULTIPLIER":1.525594804934,"EQUITY_RATIO":0.525594804935},{"SECUCODE":"01692.HK","SECURITY_CODE":"01692","SECURITY_NAME_ABBR":"登辉控股","ORG_CODE":"10000019628","STD_REPORT_DATE":"2022-12-31 00:00:00","REPORT_DATE":"2022-12-31 00:00:00","DATE_TYPE_CODE":"001","REPORT_TYPE":"2022年年报","PER_NETCASH_OPERATE":0.641084203231,"PER_OI":2.049440060334,"BPS":0.87069191649,"BASIC_EPS":0.334172307,"DILUTED_EPS":0.334172307,"OPERATE_INCOME":735748981.66,"OPERATE_INCOME_YOY":7.9379099314,"GROSS_PROFIT":234447644.2,"GROSS_PROFIT_YOY":29.75864415002,"HOLDER_PROFIT":119975986.97,"HOLDER_PROFIT_YOY":26.1088785398,"GROSS_PROFIT_RATIO":31.865167338871,"EPS_TTM":0.334194949777,"OPERATE_INCOME_QOQ":0.658751493694,"NET_PROFIT_RATIO":16.3066466907,"ROE_AVG":39.38092278101,"GROSS_PROFIT_QOQ":11.08990325872,"ROA":22.567076105978,"HOLDER_PROFIT_QOQ":12.264611449223,"ROE_YEARLY":39.38092278101,"ROIC_YEARLY":29.963948045922,"TOTAL_ASSETS":519749149.5,"TOTAL_LIABILITIES":207170751.48,"TAX_EBT":16.593078351373,"OCF_SALES":31.280944275415,"TOTAL_PARENT_EQUITY":312578398.02,"DEBT_ASSET_RATIO":39.8597576695,"OPERATE_PROFIT":147392229.81,"PRETAX_PROFIT":143844161.37,"NETCASH_OPERATE":230149228.96,"NETCASH_INVEST":-84136208.03,"NETCASH_FINANCE":-140375593.96,"END_CASH":133025768.4,"DIVI_RATIO":0.709867160345,"DIVIDEND_RATE":9.886363636364,"CURRENT_RATIO":1.947512410683,"COMMON_ACS":4000000000,"CURRENTDEBT_DEBT":90.937979683,"ISSUED_COMMON_SHARES":359000000,"HK_COMMON_SHARES":359000000,"PER_SHARES":2000,"TOTAL_MARKET_CAP":947760000,"HKSK_MARKET_CAP":947760000,"PE_TTM":11.363892519274,"PB_TTM":2.807038328145,"REPORT_DATE_SQ":"2021-12-31 00:00:00","REPORT_TYPE_SQ":"2021年年报","OPERATE_INCOME_SQ":623898296,"DPS_HKD":0.261,"OPERATE_INCOME_QOQ_SQ":24.493880976462,"NET_PROFIT_RATIO_SQ":13.9570296887,"HOLDER_PROFIT_SQ":87077670.4,"HOLDER_PROFIT_QOQ_SQ":-1.599681849565,"ROE_AVG_SQ":33.221818272562,"PE_TTM_SQ":7.117597915134,"PB_TTM_SQ":3.170867195876,"ROA_SQ":19.661593304602,"START_DATE":"2022-01-01 00:00:00","FISCAL_YEAR":"12-31","CURRENCY":"HKD","IS_CNY_CODE":0,"DPS_HKD_LY":0.268,"ORG_TYPE":"一般企业","PREMIUM_INCOME":null,"PREMIUM_INCOME_YOY":null,"NET_INTEREST_INCOME":null,"NET_INTEREST_INCOME_YOY":null,"FEE_COMMISSION_INCOME":null,"FEE_COMMISSION_INCOME_YOY":null,"ACCOUNTS_RECE_TDAYS":7.586213883746,"INVENTORY_TDAYS":3.176397673728,"CURRENT_ASSETS_TDAYS":1.805752745928,"TOTAL_ASSETS_TDAYS":1.383918872713,"PREMIUM_EXPENSE":null,"LOAN_DEPOSIT":null,"LOAN_EQUITY":null,"LOAN_ASSETS":null,"DEPOSIT_EQUITY":null,"DEPOSIT_ASSETS":null,"EQUITY_MULTIPLIER":1.662780130656,"EQUITY_RATIO":0.662780130656},{"SECUCODE":"01692.HK","SECURITY_CODE":"01692","SECURITY_NAME_ABBR":"登辉控股","ORG_CODE":"10000019628","STD_REPORT_DATE":"2022-06-30 00:00:00","REPORT_DATE":"2022-06-30 00:00:00","DATE_TYPE_CODE":"002","REPORT_TYPE":"2022年中报","PER_NETCASH_OPERATE":0.184644811365,"PER_OI":0.993575940585,"BPS":0.782148674708,"BASIC_EPS":0.145895414,"DILUTED_EPS":0.145895414,"OPERATE_INCOME":356693762.67,"OPERATE_INCOME_YOY":39.0120016931,"GROSS_PROFIT":103918412.85,"GROSS_PROFIT_YOY":41.279799403309,"HOLDER_PROFIT":52384663.45,"HOLDER_PROFIT_YOY":56.3784432361,"GROSS_PROFIT_RATIO":29.133790305759,"EPS_TTM":0.297685036685,"OPERATE_INCOME_QOQ":17.15594481925,"NET_PROFIT_RATIO":14.6861731077,"ROE_AVG":18.547395704017,"GROSS_PROFIT_QOQ":16.805074398006,"ROA":10.137242928092,"HOLDER_PROFIT_QOQ":22.728281175974,"ROE_YEARLY":37.094791408034,"ROIC_YEARLY":25.265445981214,"TOTAL_ASSETS":513145642.03,"TOTAL_LIABILITIES":232354267.81,"TAX_EBT":17.74540083255,"OCF_SALES":18.583864989343,"TOTAL_PARENT_EQUITY":280791374.22,"DEBT_ASSET_RATIO":45.2803743769,"OPERATE_PROFIT":65161202.05,"PRETAX_PROFIT":63685999.3,"NETCASH_OPERATE":66287487.28,"NETCASH_INVEST":-73916637.27,"NETCASH_FINANCE":-31766032.55,"END_CASH":80223663.52,"DIVI_RATIO":0.796929609367,"DIVIDEND_RATE":9.886363636364,"CURRENT_RATIO":1.708227052492,"COMMON_ACS":4000000000,"CURRENTDEBT_DEBT":90.471808876735,"ISSUED_COMMON_SHARES":359000000,"HK_COMMON_SHARES":359000000,"PER_SHARES":2000,"TOTAL_MARKET_CAP":947760000,"HKSK_MARKET_CAP":947760000,"PE_TTM":11.363892519274,"PB_TTM":2.807038328145,"REPORT_DATE_SQ":"2021-06-30 00:00:00","REPORT_TYPE_SQ":"2021年中报","OPERATE_INCOME_SQ":249658115.28,"DPS_HKD":0.261,"OPERATE_INCOME_QOQ_SQ":9.921588419009,"NET_PROFIT_RATIO_SQ":13.0552157872,"HOLDER_PROFIT_SQ":32593405.68,"HOLDER_PROFIT_QOQ_SQ":0.913566876189,"ROE_AVG_SQ":12.915446704123,"PE_TTM_SQ":7.117597915134,"PB_TTM_SQ":3.170867195876,"ROA_SQ":7.921446815223,"START_DATE":"2022-01-01 00:00:00","FISCAL_YEAR":"12-31","CURRENCY":"HKD","IS_CNY_CODE":0,"DPS_HKD_LY":0.268,"ORG_TYPE":"一般企业","PREMIUM_INCOME":null,"PREMIUM_INCOME_YOY":null,"NET_INTEREST_INCOME":null,"NET_INTEREST_INCOME_YOY":null,"FEE_COMMISSION_INCOME":null,"FEE_COMMISSION_INCOME_YOY":null,"ACCOUNTS_RECE_TDAYS":3.439842973605,"INVENTORY_TDAYS":1.530853711276,"CURRENT_ASSETS_TDAYS":0.905329508789,"TOTAL_ASSETS_TDAYS":0.690257622171,"PREMIUM_EXPENSE":null,"LOAN_DEPOSIT":null,"LOAN_EQUITY":null,"LOAN_ASSETS":null,"DEPOSIT_EQUITY":null,"DEPOSIT_ASSETS":null,"EQUITY_MULTIPLIER":1.827497883278,"EQUITY_RATIO":0.827497883279},{"SECUCODE":"01692.HK","SECURITY_CODE":"01692","SECURITY_NAME_ABBR":"登辉控股","ORG_CODE":"10000019628","STD_REPORT_DATE":"2021-12-31 00:00:00","REPORT_DATE":"2021-12-31 00:00:00","DATE_TYPE_CODE":"001","REPORT_TYPE":"2021年年报","PER_NETCASH_OPERATE":0.038313328134,"PER_OI":1.737878261838,"BPS":0.756532795543,"BASIC_EPS":0.24258192,"DILUTED_EPS":0.24258192,"OPERATE_INCOME":623898296,"OPERATE_INCOME_YOY":40.8693420861,"GROSS_PROFIT":180679788.8,"GROSS_PROFIT_YOY":16.648205312698,"HOLDER_PROFIT":87077670.4,"HOLDER_PROFIT_YOY":2.218980344,"GROSS_PROFIT_RATIO":28.959814437448,"EPS_TTM":0.242556184958,"OPERATE_INCOME_QOQ":24.493880976462,"NET_PROFIT_RATIO":13.9570296887,"ROE_AVG":33.221818272562,"GROSS_PROFIT_QOQ":12.846754150827,"ROA":19.661593304602,"HOLDER_PROFIT_QOQ":-1.599681849565,"ROE_YEARLY":33.221818272562,"ROIC_YEARLY":29.812051174033,"TOTAL_ASSETS":497490795.2,"TOTAL_LIABILITIES":225895521.6,"TAX_EBT":15.381681815293,"OCF_SALES":2.20460368111,"TOTAL_PARENT_EQUITY":271595273.6,"DEBT_ASSET_RATIO":45.4069751198,"OPERATE_PROFIT":103593190.4,"PRETAX_PROFIT":102906406.4,"NETCASH_OPERATE":13754484.8,"NETCASH_INVEST":-30528366.4,"NETCASH_FINANCE":-48930907.2,"END_CASH":118489044.8,"DIVI_RATIO":0.978058011759,"DIVIDEND_RATE":9.886363636364,"CURRENT_RATIO":2.019920655698,"COMMON_ACS":4000000000,"CURRENTDEBT_DEBT":89.863585856941,"ISSUED_COMMON_SHARES":359000000,"HK_COMMON_SHARES":359000000,"PER_SHARES":2000,"TOTAL_MARKET_CAP":947760000,"HKSK_MARKET_CAP":947760000,"PE_TTM":11.363892519274,"PB_TTM":2.807038328145,"REPORT_DATE_SQ":"2020-12-31 00:00:00","REPORT_TYPE_SQ":"2020年年报","OPERATE_INCOME_SQ":455913863.08,"DPS_HKD":0.261,"OPERATE_INCOME_QOQ_SQ":1.781102765653,"NET_PROFIT_RATIO_SQ":19.2343690292,"HOLDER_PROFIT_SQ":87692154.88,"HOLDER_PROFIT_QOQ_SQ":36.365740273621,"ROE_AVG_SQ":33.853961899996,"PE_TTM_SQ":7.117597915134,"PB_TTM_SQ":3.170867195876,"ROA_SQ":22.062726904089,"START_DATE":"2021-01-01 00:00:00","FISCAL_YEAR":"12-31","CURRENCY":"HKD","IS_CNY_CODE":0,"DPS_HKD_LY":0.242,"ORG_TYPE":"一般企业","PREMIUM_INCOME":null,"PREMIUM_INCOME_YOY":null,"NET_INTEREST_INCOME":null,"NET_INTEREST_INCOME_YOY":null,"FEE_COMMISSION_INCOME":null,"FEE_COMMISSION_INCOME_YOY":null,"ACCOUNTS_RECE_TDAYS":7.270384344214,"INVENTORY_TDAYS":3.749564243028,"CURRENT_ASSETS_TDAYS":1.6584117532,"TOTAL_ASSETS_TDAYS":1.408723327466,"PREMIUM_EXPENSE":null,"LOAN_DEPOSIT":null,"LOAN_EQUITY":null,"LOAN_ASSETS":null,"DEPOSIT_EQUITY":null,"DEPOSIT_ASSETS":null,"EQUITY_MULTIPLIER":1.831735834742,"EQUITY_RATIO":0.831735834743},{"SECUCODE":"01692.HK","SECURITY_CODE":"01692","SECURITY_NAME_ABBR":"登辉控股","ORG_CODE":"10000019628","STD_REPORT_DATE":"2021-06-30 00:00:00","REPORT_DATE":"2021-06-30 00:00:00","DATE_TYPE_CODE":"002","REPORT_TYPE":"2021年中报","PER_NETCASH_OPERATE":0.080412767465,"PER_OI":0.695426504958,"BPS":0.689752600111,"BASIC_EPS":0.090779928,"DILUTED_EPS":0.090779928,"OPERATE_INCOME":249658115.28,"OPERATE_INCOME_YOY":34.0689735295,"GROSS_PROFIT":73555039.92,"GROSS_PROFIT_YOY":7.635452160738,"HOLDER_PROFIT":32593405.68,"HOLDER_PROFIT_YOY":12.5441746875,"GROSS_PROFIT_RATIO":29.462306818068,"EPS_TTM":0.246499390975,"OPERATE_INCOME_QOQ":9.921588419009,"NET_PROFIT_RATIO":13.0552157872,"ROE_AVG":12.915446704123,"GROSS_PROFIT_QOQ":3.368684540798,"ROA":7.921446815223,"HOLDER_PROFIT_QOQ":0.913566876189,"ROE_YEARLY":25.830893408246,"ROIC_YEARLY":27.196464619289,"TOTAL_ASSETS":427765671.36,"TOTAL_LIABILITIES":180144487.92,"TAX_EBT":15.16286927142,"OCF_SALES":11.563086378195,"TOTAL_PARENT_EQUITY":247621183.44,"DEBT_ASSET_RATIO":42.1128902998,"OPERATE_PROFIT":38791569.6,"PRETAX_PROFIT":38418797.76,"NETCASH_OPERATE":28868183.52,"NETCASH_INVEST":-7452108.48,"NETCASH_FINANCE":-51144629.28,"END_CASH":157198217.76,"DIVI_RATIO":0.962412195266,"DIVIDEND_RATE":9.886363636364,"CURRENT_RATIO":2.157042978649,"COMMON_ACS":4000000000,"CURRENTDEBT_DEBT":98.239252837196,"ISSUED_COMMON_SHARES":359000000,"HK_COMMON_SHARES":359000000,"PER_SHARES":2000,"TOTAL_MARKET_CAP":947760000,"HKSK_MARKET_CAP":947760000,"PE_TTM":11.363892519274,"PB_TTM":2.807038328145,"REPORT_DATE_SQ":"2020-06-30 00:00:00","REPORT_TYPE_SQ":"2020年中报","OPERATE_INCOME_SQ":204424218.24,"DPS_HKD":0.261,"OPERATE_INCOME_QOQ_SQ":-1.988839269089,"NET_PROFIT_RATIO_SQ":15.5521099573,"HOLDER_PROFIT_SQ":31792279.2,"HOLDER_PROFIT_QOQ_SQ":18.053563943848,"ROE_AVG_SQ":12.029599623956,"PE_TTM_SQ":7.117597915134,"PB_TTM_SQ":3.170867195876,"ROA_SQ":7.934282574898,"START_DATE":"2021-01-01 00:00:00","FISCAL_YEAR":"12-31","CURRENCY":"HKD","IS_CNY_CODE":0,"DPS_HKD_LY":0.242,"ORG_TYPE":"一般企业","PREMIUM_INCOME":null,"PREMIUM_INCOME_YOY":null,"NET_INTEREST_INCOME":null,"NET_INTEREST_INCOME_YOY":null,"FEE_COMMISSION_INCOME":null,"FEE_COMMISSION_INCOME_YOY":null,"ACCOUNTS_RECE_TDAYS":3.86145698603,"INVENTORY_TDAYS":1.635444074817,"CURRENT_ASSETS_TDAYS":0.683839324277,"TOTAL_ASSETS_TDAYS":0.606764908704,"PREMIUM_EXPENSE":null,"LOAN_DEPOSIT":null,"LOAN_EQUITY":null,"LOAN_ASSETS":null,"DEPOSIT_EQUITY":null,"DEPOSIT_ASSETS":null,"EQUITY_MULTIPLIER":1.727500310827,"EQUITY_RATIO":0.727500310827},{"SECUCODE":"01692.HK","SECURITY_CODE":"01692","SECURITY_NAME_ABBR":"登辉控股","ORG_CODE":"10000019628","STD_REPORT_DATE":"2020-12-31 00:00:00","REPORT_DATE":"2020-12-31 00:00:00","DATE_TYPE_CODE":"001","REPORT_TYPE":"2020年年报","PER_NETCASH_OPERATE":0.273854182953,"PER_OI":1.269955050362,"BPS":0.724380089471,"BASIC_EPS":0.231703492,"DILUTED_EPS":0.231703492,"OPERATE_INCOME":455913863.08,"OPERATE_INCOME_YOY":6.1738775926,"GROSS_PROFIT":154892900.68,"GROSS_PROFIT_YOY":-3.144606168564,"HOLDER_PROFIT":87692154.88,"HOLDER_PROFIT_YOY":71.3402400921,"GROSS_PROFIT_RATIO":33.974158985558,"EPS_TTM":0.244267840891,"OPERATE_INCOME_QOQ":1.781102765653,"NET_PROFIT_RATIO":19.2343690292,"ROE_AVG":33.853961899996,"GROSS_PROFIT_QOQ":-1.247726433261,"ROA":22.062726904089,"HOLDER_PROFIT_QOQ":36.365740273621,"ROE_YEARLY":33.853961899996,"ROIC_YEARLY":43.869946358347,"TOTAL_ASSETS":399689786.16,"TOTAL_LIABILITIES":139637334.04,"TAX_EBT":15.112309660179,"OCF_SALES":21.564084718948,"TOTAL_PARENT_EQUITY":260052452.12,"DEBT_ASSET_RATIO":34.9364279187,"OPERATE_PROFIT":104698332.72,"PRETAX_PROFIT":103303735.24,"NETCASH_OPERATE":98313651.68,"NETCASH_INVEST":-15676386.64,"NETCASH_FINANCE":-104544312.6,"END_CASH":188481069.8,"DIVI_RATIO":0.971204474295,"DIVIDEND_RATE":9.886363636364,"CURRENT_RATIO":2.574129854802,"COMMON_ACS":4000000000,"CURRENTDEBT_DEBT":98.048953957242,"ISSUED_COMMON_SHARES":359000000,"HK_COMMON_SHARES":359000000,"PER_SHARES":2000,"TOTAL_MARKET_CAP":947760000,"HKSK_MARKET_CAP":947760000,"PE_TTM":11.363892519274,"PB_TTM":2.807038328145,"REPORT_DATE_SQ":"2019-12-31 00:00:00","REPORT_TYPE_SQ":"2019年年报","OPERATE_INCOME_SQ":457025164.44,"DPS_HKD":0.261,"OPERATE_INCOME_QOQ_SQ":39.665919875505,"NET_PROFIT_RATIO_SQ":11.9189020733,"HOLDER_PROFIT_SQ":54472381.8,"HOLDER_PROFIT_QOQ_SQ":63.271503626792,"ROE_AVG_SQ":27.452051455103,"PE_TTM_SQ":7.117597915134,"PB_TTM_SQ":3.170867195876,"ROA_SQ":17.146458273709,"START_DATE":"2020-01-01 00:00:00","FISCAL_YEAR":"12-31","CURRENCY":"HKD","IS_CNY_CODE":0,"DPS_HKD_LY":0.195,"ORG_TYPE":"一般企业","PREMIUM_INCOME":null,"PREMIUM_INCOME_YOY":null,"NET_INTEREST_INCOME":null,"NET_INTEREST_INCOME_YOY":null,"FEE_COMMISSION_INCOME":null,"FEE_COMMISSION_INCOME_YOY":null,"ACCOUNTS_RECE_TDAYS":7.045456910231,"INVENTORY_TDAYS":4.770994657542,"CURRENT_ASSETS_TDAYS":1.298952583292,"TOTAL_ASSETS_TDAYS":1.147047083823,"PREMIUM_EXPENSE":null,"LOAN_DEPOSIT":null,"LOAN_EQUITY":null,"LOAN_ASSETS":null,"DEPOSIT_EQUITY":null,"DEPOSIT_ASSETS":null,"EQUITY_MULTIPLIER":1.536958343988,"EQUITY_RATIO":0.536958343987},{"SECUCODE":"01692.HK","SECURITY_CODE":"01692","SECURITY_NAME_ABBR":"登辉控股","ORG_CODE":"10000019628","STD_REPORT_DATE":"2020-06-30 00:00:00","REPORT_DATE":"2020-06-30 00:00:00","DATE_TYPE_CODE":"002","REPORT_TYPE":"2020年中报","PER_NETCASH_OPERATE":0.127863062405,"PER_OI":0.518579954947,"BPS":0.692334087577,"BASIC_EPS":0.080017344,"DILUTED_EPS":0.080017344,"OPERATE_INCOME":204424218.24,"OPERATE_INCOME_YOY":-7.7977777137,"GROSS_PROFIT":68337186.72,"GROSS_PROFIT_YOY":-4.301770171353,"HOLDER_PROFIT":31792279.2,"HOLDER_PROFIT_YOY":39.4319365435,"GROSS_PROFIT_RATIO":33.429105077839,"EPS_TTM":0.163131882496,"OPERATE_INCOME_QOQ":-1.988839269089,"NET_PROFIT_RATIO":15.5521099573,"ROE_AVG":12.029599623956,"GROSS_PROFIT_QOQ":-1.920846646656,"ROA":7.934282574898,"HOLDER_PROFIT_QOQ":18.053563943848,"ROE_YEARLY":24.059199247912,"ROIC_YEARLY":32.412246903003,"TOTAL_ASSETS":372426843.36,"TOTAL_LIABILITIES":123878905.92,"TAX_EBT":19.650483643835,"OCF_SALES":24.656383492109,"TOTAL_PARENT_EQUITY":248547937.44,"DEBT_ASSET_RATIO":33.262614693,"OPERATE_PROFIT":40482747.36,"PRETAX_PROFIT":39567480.48,"NETCASH_OPERATE":50403619.2,"NETCASH_INVEST":-7418959.68,"NETCASH_FINANCE":-81851531.52,"END_CASH":184738672.8,"DIVI_RATIO":1.454246811659,"DIVIDEND_RATE":9.886363636364,"CURRENT_RATIO":2.778940022426,"COMMON_ACS":4000000000,"CURRENTDEBT_DEBT":94.036927251545,"ISSUED_COMMON_SHARES":359000000,"HK_COMMON_SHARES":359000000,"PER_SHARES":2000,"TOTAL_MARKET_CAP":947760000,"HKSK_MARKET_CAP":947760000,"PE_TTM":11.363892519274,"PB_TTM":2.807038328145,"REPORT_DATE_SQ":"2019-06-30 00:00:00","REPORT_TYPE_SQ":"2019年中报","OPERATE_INCOME_SQ":213513714.18,"DPS_HKD":0.261,"OPERATE_INCOME_QOQ_SQ":0,"NET_PROFIT_RATIO_SQ":10.2841510693,"HOLDER_PROFIT_SQ":21958072.92,"HOLDER_PROFIT_QOQ_SQ":0,"ROE_AVG_SQ":null,"PE_TTM_SQ":7.117597915134,"PB_TTM_SQ":3.170867195876,"ROA_SQ":null,"START_DATE":"2020-01-01 00:00:00","FISCAL_YEAR":"12-31","CURRENCY":"HKD","IS_CNY_CODE":0,"DPS_HKD_LY":0.195,"ORG_TYPE":"一般企业","PREMIUM_INCOME":null,"PREMIUM_INCOME_YOY":null,"NET_INTEREST_INCOME":null,"NET_INTEREST_INCOME_YOY":null,"FEE_COMMISSION_INCOME":null,"FEE_COMMISSION_INCOME_YOY":null,"ACCOUNTS_RECE_TDAYS":3.625107313517,"INVENTORY_TDAYS":2.253187338365,"CURRENT_ASSETS_TDAYS":0.581508076429,"TOTAL_ASSETS_TDAYS":0.51017402762,"PREMIUM_EXPENSE":null,"LOAN_DEPOSIT":null,"LOAN_EQUITY":null,"LOAN_ASSETS":null,"DEPOSIT_EQUITY":null,"DEPOSIT_ASSETS":null,"EQUITY_MULTIPLIER":1.498410516684,"EQUITY_RATIO":0.498410516683}],"count":14},"success":true,"message":"ok","code":0}