{"version":"d595a4b7f83418c4957cf7f069817685","result":{"pages":2,"data":[{"SECUCODE":"01691.HK","SECURITY_CODE":"01691","SECURITY_NAME_ABBR":"JS环球生活","ORG_CODE":"10000039020","STD_REPORT_DATE":"2024-06-30 00:00:00","REPORT_DATE":"2024-06-30 00:00:00","DATE_TYPE_CODE":"002","REPORT_TYPE":"2024年中报","PER_NETCASH_OPERATE":0.162652594182,"PER_OI":1.523928396314,"BPS":1.135462747759,"BASIC_EPS":0.0427608,"DILUTED_EPS":0.0427608,"OPERATE_INCOME":5294998596,"OPERATE_INCOME_YOY":29.5234807834,"GROSS_PROFIT":1752045385.2,"GROSS_PROFIT_YOY":13.635985093641,"HOLDER_PROFIT":155342859.6,"HOLDER_PROFIT_YOY":-82.9456454553,"GROSS_PROFIT_RATIO":33.088684603685,"EPS_TTM":0.047390517988,"OPERATE_INCOME_QOQ":11.366130464308,"NET_PROFIT_RATIO":3.9790301089,"ROE_AVG":4.002960394621,"GROSS_PROFIT_QOQ":6.100414118829,"ROA":1.554987613675,"HOLDER_PROFIT_QOQ":-82.34836092256,"ROE_YEARLY":8.005920789243,"ROIC_YEARLY":4.858128148537,"TOTAL_ASSETS":9978973867.2,"TOTAL_LIABILITIES":4864910469.6,"TAX_EBT":19.630817746847,"OCF_SALES":10.673243872566,"TOTAL_PARENT_EQUITY":3945246817.2,"DEBT_ASSET_RATIO":48.7516104796,"OPERATE_PROFIT":267126717.6,"PRETAX_PROFIT":262152211.2,"NETCASH_OPERATE":565148113.2,"NETCASH_INVEST":-163902146.4,"NETCASH_FINANCE":-73156602,"END_CASH":2582096654.4,"DIVI_RATIO":null,"DIVIDEND_RATE":null,"CURRENT_RATIO":1.463023071542,"COMMON_ACS":5000000000,"CURRENTDEBT_DEBT":97.802151117309,"ISSUED_COMMON_SHARES":3474571777,"HK_COMMON_SHARES":3474571777,"PER_SHARES":500,"TOTAL_MARKET_CAP":6427957787.45,"HKSK_MARKET_CAP":6427957787.45,"PE_TTM":32.479451168125,"PB_TTM":1.487021924953,"REPORT_DATE_SQ":"2023-06-30 00:00:00","REPORT_TYPE_SQ":"2023年中报","OPERATE_INCOME_SQ":4144848944.4,"DPS_HKD":null,"OPERATE_INCOME_QOQ_SQ":-1.641083826137,"NET_PROFIT_RATIO_SQ":24.3118242454,"HOLDER_PROFIT_SQ":923522272.2,"HOLDER_PROFIT_QOQ_SQ":-7.628553499084,"ROE_AVG_SQ":6.602760100336,"PE_TTM_SQ":2.335470445508,"PB_TTM_SQ":0.3485219505,"ROA_SQ":2.769815300136,"START_DATE":"2024-01-01 00:00:00","FISCAL_YEAR":"12-31","CURRENCY":"HKD","IS_CNY_CODE":0,"DPS_HKD_LY":null,"ORG_TYPE":"一般企业","PREMIUM_INCOME":null,"PREMIUM_INCOME_YOY":null,"NET_INTEREST_INCOME":null,"NET_INTEREST_INCOME_YOY":null,"FEE_COMMISSION_INCOME":null,"FEE_COMMISSION_INCOME_YOY":null,"ACCOUNTS_RECE_TDAYS":1.983424522043,"INVENTORY_TDAYS":4.027896161138,"CURRENT_ASSETS_TDAYS":0.743471471508,"TOTAL_ASSETS_TDAYS":0.530031264547,"PREMIUM_EXPENSE":null,"LOAN_DEPOSIT":null,"LOAN_EQUITY":null,"LOAN_ASSETS":null,"DEPOSIT_EQUITY":null,"DEPOSIT_ASSETS":null,"EQUITY_MULTIPLIER":1.951280829229,"EQUITY_RATIO":1.233106747185},{"SECUCODE":"01691.HK","SECURITY_CODE":"01691","SECURITY_NAME_ABBR":"JS环球生活","ORG_CODE":"10000039020","STD_REPORT_DATE":"2023-12-31 00:00:00","REPORT_DATE":"2023-12-31 00:00:00","DATE_TYPE_CODE":"001","REPORT_TYPE":"2023年年报","PER_NETCASH_OPERATE":0.636235307019,"PER_OI":2.912328953221,"BPS":1.091512335593,"BASIC_EPS":0.2691426,"DILUTED_EPS":0.2691426,"OPERATE_INCOME":10119095986.2,"OPERATE_INCOME_YOY":-3.1717932696,"GROSS_PROFIT":3446328496.8,"GROSS_PROFIT_YOY":-7.746456066731,"HOLDER_PROFIT":932841168.9,"HOLDER_PROFIT_YOY":-60.3619302142,"GROSS_PROFIT_RATIO":34.05767176732,"EPS_TTM":0.268476586115,"OPERATE_INCOME_QOQ":-70.698016912662,"NET_PROFIT_RATIO":10.4967712042,"ROE_AVG":10.817125959435,"GROSS_PROFIT_QOQ":-73.40261600866,"ROA":4.361804545242,"HOLDER_PROFIT_QOQ":-56.360735557864,"ROE_YEARLY":10.817125959435,"ROIC_YEARLY":5.389532627139,"TOTAL_ASSETS":9939089165.7,"TOTAL_LIABILITIES":4994195920.2,"TAX_EBT":17.163774403471,"OCF_SALES":21.84627208117,"TOTAL_PARENT_EQUITY":3792537955.5,"DEBT_ASSET_RATIO":50.248024109,"OPERATE_PROFIT":718575328.5,"PRETAX_PROFIT":600782944.8,"NETCASH_OPERATE":2210645241.3,"NETCASH_INVEST":-2395857846.3,"NETCASH_FINANCE":-1413806077.8,"END_CASH":2265054542.7,"DIVI_RATIO":null,"DIVIDEND_RATE":null,"CURRENT_RATIO":1.470884826083,"COMMON_ACS":5000000000,"CURRENTDEBT_DEBT":98.529624492644,"ISSUED_COMMON_SHARES":3474571777,"HK_COMMON_SHARES":3474571777,"PER_SHARES":500,"TOTAL_MARKET_CAP":6358466351.91,"HKSK_MARKET_CAP":6358466351.91,"PE_TTM":32.128321966307,"PB_TTM":1.470946012251,"REPORT_DATE_SQ":"2022-12-31 00:00:00","REPORT_TYPE_SQ":"2022年年报","OPERATE_INCOME_SQ":10276309087.6,"DPS_HKD":null,"OPERATE_INCOME_QOQ_SQ":5.26780310077,"NET_PROFIT_RATIO_SQ":7.0916109426,"HOLDER_PROFIT_SQ":2314155500.4,"HOLDER_PROFIT_QOQ_SQ":-8.585921877353,"ROE_AVG_SQ":17.675140812423,"PE_TTM_SQ":2.109457176588,"PB_TTM_SQ":0.314794019806,"ROA_SQ":7.036255326574,"START_DATE":"2023-01-01 00:00:00","FISCAL_YEAR":"12-31","CURRENCY":"HKD","IS_CNY_CODE":0,"DPS_HKD_LY":0.0392,"ORG_TYPE":"一般企业","PREMIUM_INCOME":null,"PREMIUM_INCOME_YOY":null,"NET_INTEREST_INCOME":null,"NET_INTEREST_INCOME_YOY":null,"FEE_COMMISSION_INCOME":null,"FEE_COMMISSION_INCOME_YOY":null,"ACCOUNTS_RECE_TDAYS":1.792797094293,"INVENTORY_TDAYS":2.458686625903,"CURRENT_ASSETS_TDAYS":0.792836257553,"TOTAL_ASSETS_TDAYS":0.473151489641,"PREMIUM_EXPENSE":null,"LOAN_DEPOSIT":null,"LOAN_EQUITY":null,"LOAN_ASSETS":null,"DEPOSIT_EQUITY":null,"DEPOSIT_ASSETS":null,"EQUITY_MULTIPLIER":2.009970422463,"EQUITY_RATIO":1.316847973257},{"SECUCODE":"01691.HK","SECURITY_CODE":"01691","SECURITY_NAME_ABBR":"JS环球生活","ORG_CODE":"10000039020","STD_REPORT_DATE":"2023-06-30 00:00:00","REPORT_DATE":"2023-06-30 00:00:00","DATE_TYPE_CODE":"002","REPORT_TYPE":"2023年中报","PER_NETCASH_OPERATE":0.686136366137,"PER_OI":1.186068329148,"BPS":4.100370143598,"BASIC_EPS":0.2673546,"DILUTED_EPS":0.2673546,"OPERATE_INCOME":4144848944.4,"OPERATE_INCOME_YOY":-18.4547257387,"GROSS_PROFIT":1541805075,"GROSS_PROFIT_YOY":-8.179541557356,"HOLDER_PROFIT":923522272.2,"HOLDER_PROFIT_YOY":-22.0244159869,"GROSS_PROFIT_RATIO":37.198100478019,"EPS_TTM":0.611689864443,"OPERATE_INCOME_QOQ":-1.641083826137,"NET_PROFIT_RATIO":24.3118242454,"ROE_AVG":6.602760100336,"GROSS_PROFIT_QOQ":-1.048870773874,"ROA":2.769815300136,"HOLDER_PROFIT_QOQ":-7.628553499084,"ROE_YEARLY":13.205520200673,"ROIC_YEARLY":6.264259622044,"TOTAL_ASSETS":33187282884.6,"TOTAL_LIABILITIES":17829061758.6,"TAX_EBT":13.411248264736,"OCF_SALES":57.84964906959,"TOTAL_PARENT_EQUITY":14247030376.2,"DEBT_ASSET_RATIO":53.7225714458,"OPERATE_PROFIT":457198043.4,"PRETAX_PROFIT":385178494.8,"NETCASH_OPERATE":2397780568.8,"NETCASH_INVEST":-838041058.2,"NETCASH_FINANCE":-1316287857,"END_CASH":3770126182.2,"DIVI_RATIO":null,"DIVIDEND_RATE":null,"CURRENT_RATIO":1.743246537351,"COMMON_ACS":5000000000,"CURRENTDEBT_DEBT":99.589773435135,"ISSUED_COMMON_SHARES":3474571777,"HK_COMMON_SHARES":3474571777,"PER_SHARES":500,"TOTAL_MARKET_CAP":6358466351.91,"HKSK_MARKET_CAP":6358466351.91,"PE_TTM":32.128321966307,"PB_TTM":1.470946012251,"REPORT_DATE_SQ":"2022-06-30 00:00:00","REPORT_TYPE_SQ":"2022年中报","OPERATE_INCOME_SQ":4721033659,"DPS_HKD":null,"OPERATE_INCOME_QOQ_SQ":1.566456564725,"NET_PROFIT_RATIO_SQ":8.1059529548,"HOLDER_PROFIT_SQ":1100058862.6,"HOLDER_PROFIT_QOQ_SQ":-5.575082690341,"ROE_AVG_SQ":9.054892895448,"PE_TTM_SQ":2.109457176588,"PB_TTM_SQ":0.314794019806,"ROA_SQ":3.505888885467,"START_DATE":"2023-01-01 00:00:00","FISCAL_YEAR":"12-31","CURRENCY":"HKD","IS_CNY_CODE":0,"DPS_HKD_LY":0.0392,"ORG_TYPE":"一般企业","PREMIUM_INCOME":null,"PREMIUM_INCOME_YOY":null,"NET_INTEREST_INCOME":null,"NET_INTEREST_INCOME_YOY":null,"FEE_COMMISSION_INCOME":null,"FEE_COMMISSION_INCOME_YOY":null,"ACCOUNTS_RECE_TDAYS":0.786836539015,"INVENTORY_TDAYS":0.91399408588,"CURRENT_ASSETS_TDAYS":0.167094293455,"TOTAL_ASSETS_TDAYS":0.124311739614,"PREMIUM_EXPENSE":null,"LOAN_DEPOSIT":null,"LOAN_EQUITY":null,"LOAN_ASSETS":null,"DEPOSIT_EQUITY":null,"DEPOSIT_ASSETS":null,"EQUITY_MULTIPLIER":2.160880652279,"EQUITY_RATIO":1.251423018539},{"SECUCODE":"01691.HK","SECURITY_CODE":"01691","SECURITY_NAME_ABBR":"JS环球生活","ORG_CODE":"10000039020","STD_REPORT_DATE":"2022-12-31 00:00:00","REPORT_DATE":"2022-12-31 00:00:00","DATE_TYPE_CODE":"001","REPORT_TYPE":"2022年年报","PER_NETCASH_OPERATE":0.998322258112,"PER_OI":2.940614944678,"BPS":3.807834677867,"BASIC_EPS":0.6755662,"DILUTED_EPS":0.6686016,"OPERATE_INCOME":10276309087.6,"OPERATE_INCOME_YOY":-2.1236972131,"GROSS_PROFIT":3735713935.6,"GROSS_PROFIT_YOY":-69.552318565127,"HOLDER_PROFIT":2314155500.4,"HOLDER_PROFIT_YOY":-20.9810249251,"GROSS_PROFIT_RATIO":37.296323700064,"EPS_TTM":0.662206653262,"OPERATE_INCOME_QOQ":5.26780310077,"NET_PROFIT_RATIO":7.0916109426,"ROE_AVG":17.675140812423,"GROSS_PROFIT_QOQ":7.428483906375,"ROA":7.036255326574,"HOLDER_PROFIT_QOQ":-8.585921877353,"ROE_YEARLY":17.675140812423,"ROIC_YEARLY":8.31591746851,"TOTAL_ASSETS":32286597149,"TOTAL_LIABILITIES":17907142723.6,"TAX_EBT":18.445081799292,"OCF_SALES":9.936622358521,"TOTAL_PARENT_EQUITY":13230594903.2,"DEBT_ASSET_RATIO":55.4630847003,"OPERATE_PROFIT":1046570442,"PRETAX_PROFIT":951893669.6,"NETCASH_OPERATE":3488749219.6,"NETCASH_INVEST":-789799569.2,"NETCASH_FINANCE":-2598582799.8,"END_CASH":3511112550.2,"DIVI_RATIO":null,"DIVIDEND_RATE":null,"CURRENT_RATIO":1.618861236292,"COMMON_ACS":5000000000,"CURRENTDEBT_DEBT":62.035201149984,"ISSUED_COMMON_SHARES":3474571777,"HK_COMMON_SHARES":3474571777,"PER_SHARES":500,"TOTAL_MARKET_CAP":6358466351.91,"HKSK_MARKET_CAP":6358466351.91,"PE_TTM":32.128321966307,"PB_TTM":1.470946012251,"REPORT_DATE_SQ":"2021-12-31 00:00:00","REPORT_TYPE_SQ":"2021年年报","OPERATE_INCOME_SQ":32838635790.1,"DPS_HKD":null,"OPERATE_INCOME_QOQ_SQ":5.519070270944,"NET_PROFIT_RATIO_SQ":8.9446399667,"HOLDER_PROFIT_SQ":2680975474.3,"HOLDER_PROFIT_QOQ_SQ":-8.12147211882,"ROE_AVG_SQ":24.223164716472,"PE_TTM_SQ":2.109457176588,"PB_TTM_SQ":0.314794019806,"ROA_SQ":8.887299996967,"START_DATE":"2022-01-01 00:00:00","FISCAL_YEAR":"12-31","CURRENCY":"HKD","IS_CNY_CODE":0,"DPS_HKD_LY":0.4098,"ORG_TYPE":"一般企业","PREMIUM_INCOME":null,"PREMIUM_INCOME_YOY":null,"NET_INTEREST_INCOME":null,"NET_INTEREST_INCOME_YOY":null,"FEE_COMMISSION_INCOME":null,"FEE_COMMISSION_INCOME_YOY":null,"ACCOUNTS_RECE_TDAYS":1.20756387766,"INVENTORY_TDAYS":4.4254999825,"CURRENT_ASSETS_TDAYS":1.880626068323,"TOTAL_ASSETS_TDAYS":1.06752983125,"PREMIUM_EXPENSE":null,"LOAN_DEPOSIT":null,"LOAN_EQUITY":null,"LOAN_ASSETS":null,"DEPOSIT_EQUITY":null,"DEPOSIT_ASSETS":null,"EQUITY_MULTIPLIER":2.245328382693,"EQUITY_RATIO":1.353464666904},{"SECUCODE":"01691.HK","SECURITY_CODE":"01691","SECURITY_NAME_ABBR":"JS环球生活","ORG_CODE":"10000039020","STD_REPORT_DATE":"2022-06-30 00:00:00","REPORT_DATE":"2022-06-30 00:00:00","DATE_TYPE_CODE":"002","REPORT_TYPE":"2022年中报","PER_NETCASH_OPERATE":0.414752922646,"PER_OI":1.350946338188,"BPS":3.400045340782,"BASIC_EPS":0.3221472,"DILUTED_EPS":0.3221472,"OPERATE_INCOME":4721033659,"OPERATE_INCOME_YOY":-0.3218210957,"GROSS_PROFIT":1679152011.6,"GROSS_PROFIT_YOY":-71.386040997935,"HOLDER_PROFIT":1100058862.6,"HOLDER_PROFIT_YOY":-15.2583470339,"GROSS_PROFIT_RATIO":38.636326983348,"EPS_TTM":0.724403359812,"OPERATE_INCOME_QOQ":1.566456564725,"NET_PROFIT_RATIO":8.1059529548,"ROE_AVG":9.054892895448,"GROSS_PROFIT_QOQ":-0.652221375678,"ROA":3.505888885467,"HOLDER_PROFIT_QOQ":-5.575082690341,"ROE_YEARLY":18.109785790897,"ROIC_YEARLY":8.376664476793,"TOTAL_ASSETS":30481064709,"TOTAL_LIABILITIES":17402827985,"TAX_EBT":15.891118061383,"OCF_SALES":9.674649096243,"TOTAL_PARENT_EQUITY":11813701581.6,"DEBT_ASSET_RATIO":57.0938979696,"OPERATE_PROFIT":549938827.4,"PRETAX_PROFIT":527878455.6,"NETCASH_OPERATE":1449400655.4,"NETCASH_INVEST":-633489046,"NETCASH_FINANCE":-538945554.2,"END_CASH":3697249857.4,"DIVI_RATIO":null,"DIVIDEND_RATE":null,"CURRENT_RATIO":1.573680382397,"COMMON_ACS":5000000000,"CURRENTDEBT_DEBT":61.664156728146,"ISSUED_COMMON_SHARES":3474571777,"HK_COMMON_SHARES":3474571777,"PER_SHARES":500,"TOTAL_MARKET_CAP":6358466351.91,"HKSK_MARKET_CAP":6358466351.91,"PE_TTM":32.128321966307,"PB_TTM":1.470946012251,"REPORT_DATE_SQ":"2021-06-30 00:00:00","REPORT_TYPE_SQ":"2021年中报","OPERATE_INCOME_SQ":14467025724.3,"DPS_HKD":null,"OPERATE_INCOME_QOQ_SQ":13.674710325983,"NET_PROFIT_RATIO_SQ":9.7192024981,"HOLDER_PROFIT_SQ":1249525462.2,"HOLDER_PROFIT_QOQ_SQ":29.838646983313,"ROE_AVG_SQ":11.962761327072,"PE_TTM_SQ":2.109457176588,"PB_TTM_SQ":0.314794019806,"ROA_SQ":4.24079075832,"START_DATE":"2022-01-01 00:00:00","FISCAL_YEAR":"12-31","CURRENCY":"HKD","IS_CNY_CODE":0,"DPS_HKD_LY":0.4098,"ORG_TYPE":"一般企业","PREMIUM_INCOME":null,"PREMIUM_INCOME_YOY":null,"NET_INTEREST_INCOME":null,"NET_INTEREST_INCOME_YOY":null,"FEE_COMMISSION_INCOME":null,"FEE_COMMISSION_INCOME_YOY":null,"ACCOUNTS_RECE_TDAYS":0.67322439202,"INVENTORY_TDAYS":1.691306044233,"CURRENT_ASSETS_TDAYS":0.843094812833,"TOTAL_ASSETS_TDAYS":0.477458308094,"PREMIUM_EXPENSE":null,"LOAN_DEPOSIT":null,"LOAN_EQUITY":null,"LOAN_ASSETS":null,"DEPOSIT_EQUITY":null,"DEPOSIT_ASSETS":null,"EQUITY_MULTIPLIER":2.330670819949,"EQUITY_RATIO":1.47310543311},{"SECUCODE":"01691.HK","SECURITY_CODE":"01691","SECURITY_NAME_ABBR":"JS环球生活","ORG_CODE":"10000039020","STD_REPORT_DATE":"2021-12-31 00:00:00","REPORT_DATE":"2021-12-31 00:00:00","DATE_TYPE_CODE":"001","REPORT_TYPE":"2021年年报","PER_NETCASH_OPERATE":0.601181188261,"PER_OI":9.396932531322,"BPS":3.413203469102,"BASIC_EPS":0.7905868,"DILUTED_EPS":0.7842111,"OPERATE_INCOME":32838635790.1,"OPERATE_INCOME_YOY":22.7554544813,"GROSS_PROFIT":12269288693.1,"GROSS_PROFIT_YOY":7.895035629217,"HOLDER_PROFIT":2680975474.3,"HOLDER_PROFIT_YOY":22.0854745522,"GROSS_PROFIT_RATIO":37.362358081875,"EPS_TTM":0.767173941425,"OPERATE_INCOME_QOQ":5.519070270944,"NET_PROFIT_RATIO":8.9446399667,"ROE_AVG":24.223164716472,"GROSS_PROFIT_QOQ":-2.27434390246,"ROA":8.887299996967,"HOLDER_PROFIT_QOQ":-8.12147211882,"ROE_YEARLY":24.223164716472,"ROIC_YEARLY":10.783041735343,"TOTAL_ASSETS":30659536292.7,"TOTAL_LIABILITIES":17341368441.2,"TAX_EBT":19.85491488862,"OCF_SALES":6.397632272633,"TOTAL_PARENT_EQUITY":11859420442.9,"DEBT_ASSET_RATIO":56.5610917127,"OPERATE_PROFIT":3838247908.4,"PRETAX_PROFIT":3664975509.5,"NETCASH_OPERATE":2100895161.2,"NETCASH_INVEST":-898642163.6,"NETCASH_FINANCE":-1286067949.8,"END_CASH":3541427194.9,"DIVI_RATIO":null,"DIVIDEND_RATE":null,"CURRENT_RATIO":1.711888712373,"COMMON_ACS":5000000000,"CURRENTDEBT_DEBT":59.685556465714,"ISSUED_COMMON_SHARES":3474571777,"HK_COMMON_SHARES":3474571777,"PER_SHARES":500,"TOTAL_MARKET_CAP":6358466351.91,"HKSK_MARKET_CAP":6358466351.91,"PE_TTM":32.128321966307,"PB_TTM":1.470946012251,"REPORT_DATE_SQ":"2020-12-31 00:00:00","REPORT_TYPE_SQ":"2020年年报","OPERATE_INCOME_SQ":27377279818.4,"DPS_HKD":null,"OPERATE_INCOME_QOQ_SQ":17.659965229727,"NET_PROFIT_RATIO_SQ":9.588266025,"HOLDER_PROFIT_SQ":2247371307,"HOLDER_PROFIT_QOQ_SQ":162.524986098635,"ROE_AVG_SQ":23.757078133908,"PE_TTM_SQ":2.109457176588,"PB_TTM_SQ":0.314794019806,"ROA_SQ":8.172596661486,"START_DATE":"2021-01-01 00:00:00","FISCAL_YEAR":"12-31","CURRENCY":"HKD","IS_CNY_CODE":0,"DPS_HKD_LY":0.2661,"ORG_TYPE":"一般企业","PREMIUM_INCOME":null,"PREMIUM_INCOME_YOY":null,"NET_INTEREST_INCOME":null,"NET_INTEREST_INCOME_YOY":null,"FEE_COMMISSION_INCOME":null,"FEE_COMMISSION_INCOME_YOY":null,"ACCOUNTS_RECE_TDAYS":4.20580342215,"INVENTORY_TDAYS":4.752194211568,"CURRENT_ASSETS_TDAYS":1.875401731252,"TOTAL_ASSETS_TDAYS":1.088584399803,"PREMIUM_EXPENSE":null,"LOAN_DEPOSIT":null,"LOAN_EQUITY":null,"LOAN_ASSETS":null,"DEPOSIT_EQUITY":null,"DEPOSIT_ASSETS":null,"EQUITY_MULTIPLIER":2.302083637522,"EQUITY_RATIO":1.462244173288},{"SECUCODE":"01691.HK","SECURITY_CODE":"01691","SECURITY_NAME_ABBR":"JS环球生活","ORG_CODE":"10000039020","STD_REPORT_DATE":"2021-06-30 00:00:00","REPORT_DATE":"2021-06-30 00:00:00","DATE_TYPE_CODE":"002","REPORT_TYPE":"2021年中报","PER_NETCASH_OPERATE":0.210563470901,"PER_OI":4.139808533128,"BPS":3.015624683611,"BASIC_EPS":0.3682257,"DILUTED_EPS":0.3682257,"OPERATE_INCOME":14467025724.3,"OPERATE_INCOME_YOY":47.8480773649,"GROSS_PROFIT":5868296699.1,"GROSS_PROFIT_YOY":25.25787137738,"HOLDER_PROFIT":1249525462.2,"HOLDER_PROFIT_YOY":136.5237169375,"GROSS_PROFIT_RATIO":40.563256131101,"EPS_TTM":0.834987193545,"OPERATE_INCOME_QOQ":13.674710325983,"NET_PROFIT_RATIO":9.7192024981,"ROE_AVG":11.962761327072,"GROSS_PROFIT_QOQ":10.40604886963,"ROA":4.24079075832,"HOLDER_PROFIT_QOQ":29.838646983313,"ROE_YEARLY":23.925522654145,"ROIC_YEARLY":10.427715483518,"TOTAL_ASSETS":28862886987,"TOTAL_LIABILITIES":17004934150.2,"TAX_EBT":19.489243334418,"OCF_SALES":5.086309408188,"TOTAL_PARENT_EQUITY":10478004415.7,"DEBT_ASSET_RATIO":58.9162621115,"OPERATE_PROFIT":1824532503.1,"PRETAX_PROFIT":1746449274.4,"NETCASH_OPERATE":735837690.5,"NETCASH_INVEST":-185747255.3,"NETCASH_FINANCE":-333948409.4,"END_CASH":3936998123.3,"DIVI_RATIO":null,"DIVIDEND_RATE":null,"CURRENT_RATIO":1.593967495329,"COMMON_ACS":5000000000,"CURRENTDEBT_DEBT":59.900345780993,"ISSUED_COMMON_SHARES":3474571777,"HK_COMMON_SHARES":3474571777,"PER_SHARES":500,"TOTAL_MARKET_CAP":6358466351.91,"HKSK_MARKET_CAP":6358466351.91,"PE_TTM":32.128321966307,"PB_TTM":1.470946012251,"REPORT_DATE_SQ":"2020-06-30 00:00:00","REPORT_TYPE_SQ":"2020年中报","OPERATE_INCOME_SQ":10723262014,"DPS_HKD":null,"OPERATE_INCOME_QOQ_SQ":10.585397559454,"NET_PROFIT_RATIO_SQ":7.0439402862,"HOLDER_PROFIT_SQ":578940271.5,"HOLDER_PROFIT_QOQ_SQ":191.241040421823,"ROE_AVG_SQ":6.713273279979,"PE_TTM_SQ":2.109457176588,"PB_TTM_SQ":0.314794019806,"ROA_SQ":2.174390205153,"START_DATE":"2021-01-01 00:00:00","FISCAL_YEAR":"12-31","CURRENCY":"HKD","IS_CNY_CODE":0,"DPS_HKD_LY":0.2661,"ORG_TYPE":"一般企业","PREMIUM_INCOME":null,"PREMIUM_INCOME_YOY":null,"NET_INTEREST_INCOME":null,"NET_INTEREST_INCOME_YOY":null,"FEE_COMMISSION_INCOME":null,"FEE_COMMISSION_INCOME_YOY":null,"ACCOUNTS_RECE_TDAYS":2.229600428907,"INVENTORY_TDAYS":2.05981589277,"CURRENT_ASSETS_TDAYS":0.856872612763,"TOTAL_ASSETS_TDAYS":0.490999430167,"PREMIUM_EXPENSE":null,"LOAN_DEPOSIT":null,"LOAN_EQUITY":null,"LOAN_ASSETS":null,"DEPOSIT_EQUITY":null,"DEPOSIT_ASSETS":null,"EQUITY_MULTIPLIER":2.434053110537,"EQUITY_RATIO":1.622917253663},{"SECUCODE":"01691.HK","SECURITY_CODE":"01691","SECURITY_NAME_ABBR":"JS环球生活","ORG_CODE":"10000039020","STD_REPORT_DATE":"2020-12-31 00:00:00","REPORT_DATE":"2020-12-31 00:00:00","DATE_TYPE_CODE":"001","REPORT_TYPE":"2020年年报","PER_NETCASH_OPERATE":1.221063294003,"PER_OI":7.846488632329,"BPS":3.026758676225,"BASIC_EPS":0.6785896,"DILUTED_EPS":0.6720647,"OPERATE_INCOME":27377279818.4,"OPERATE_INCOME_YOY":39.1142318509,"GROSS_PROFIT":11371504371.4,"GROSS_PROFIT_YOY":44.696418005744,"HOLDER_PROFIT":2247371307,"HOLDER_PROFIT_YOY":717.4633312764,"GROSS_PROFIT_RATIO":41.536282811258,"EPS_TTM":0.644109770217,"OPERATE_INCOME_QOQ":17.659965229727,"NET_PROFIT_RATIO":9.588266025,"ROE_AVG":23.757078133908,"GROSS_PROFIT_QOQ":21.400850017659,"ROA":8.172596661486,"HOLDER_PROFIT_QOQ":162.524986098635,"ROE_YEARLY":23.757078133908,"ROIC_YEARLY":10.008652196939,"TOTAL_ASSETS":30367589289.2,"TOTAL_LIABILITIES":17837386650.9,"TAX_EBT":23.628494138864,"OCF_SALES":15.561907385834,"TOTAL_PARENT_EQUITY":10516690272.2,"DEBT_ASSET_RATIO":58.7382372734,"OPERATE_PROFIT":3963400432.3,"PRETAX_PROFIT":3437154197.5,"NETCASH_OPERATE":4260426930.1,"NETCASH_INVEST":-1377523838.2,"NETCASH_FINANCE":-2067368890.7,"END_CASH":3724478169,"DIVI_RATIO":null,"DIVIDEND_RATE":null,"CURRENT_RATIO":1.677348891343,"COMMON_ACS":5000000000,"CURRENTDEBT_DEBT":59.181136764602,"ISSUED_COMMON_SHARES":3474571777,"HK_COMMON_SHARES":3474571777,"PER_SHARES":500,"TOTAL_MARKET_CAP":6358466351.91,"HKSK_MARKET_CAP":6358466351.91,"PE_TTM":32.128321966307,"PB_TTM":1.470946012251,"REPORT_DATE_SQ":"2019-12-31 00:00:00","REPORT_TYPE_SQ":"2019年年报","OPERATE_INCOME_SQ":21040874962.8,"DPS_HKD":null,"OPERATE_INCOME_QOQ_SQ":9.204044800146,"NET_PROFIT_RATIO_SQ":2.824083069,"HOLDER_PROFIT_SQ":293935210.8,"HOLDER_PROFIT_QOQ_SQ":12.341866500486,"ROE_AVG_SQ":7.116604622567,"PE_TTM_SQ":2.109457176588,"PB_TTM_SQ":0.314794019806,"ROA_SQ":1.190984484328,"START_DATE":"2020-01-01 00:00:00","FISCAL_YEAR":"12-31","CURRENCY":"HKD","IS_CNY_CODE":0,"DPS_HKD_LY":0.5717,"ORG_TYPE":"一般企业","PREMIUM_INCOME":null,"PREMIUM_INCOME_YOY":null,"NET_INTEREST_INCOME":null,"NET_INTEREST_INCOME_YOY":null,"FEE_COMMISSION_INCOME":null,"FEE_COMMISSION_INCOME_YOY":null,"ACCOUNTS_RECE_TDAYS":4.179555439562,"INVENTORY_TDAYS":5.065219321521,"CURRENT_ASSETS_TDAYS":1.869340469454,"TOTAL_ASSETS_TDAYS":0.995578545243,"PREMIUM_EXPENSE":null,"LOAN_DEPOSIT":null,"LOAN_EQUITY":null,"LOAN_ASSETS":null,"DEPOSIT_EQUITY":null,"DEPOSIT_ASSETS":null,"EQUITY_MULTIPLIER":2.423551331595,"EQUITY_RATIO":1.69610268908},{"SECUCODE":"01691.HK","SECURITY_CODE":"01691","SECURITY_NAME_ABBR":"JS环球生活","ORG_CODE":"10000039020","STD_REPORT_DATE":"2020-06-30 00:00:00","REPORT_DATE":"2020-06-30 00:00:00","DATE_TYPE_CODE":"002","REPORT_TYPE":"2020年中报","PER_NETCASH_OPERATE":0.64115069676,"PER_OI":3.142205785764,"BPS":2.340000970859,"BASIC_EPS":0.1769875,"DILUTED_EPS":0.1769875,"OPERATE_INCOME":10723262014,"OPERATE_INCOME_YOY":22.5641589984,"GROSS_PROFIT":4684972397,"GROSS_PROFIT_YOY":47.468248029409,"HOLDER_PROFIT":578940271.5,"HOLDER_PROFIT_YOY":3243.2951757972,"GROSS_PROFIT_RATIO":43.689806244438,"EPS_TTM":0.250848722611,"OPERATE_INCOME_QOQ":10.585397559454,"NET_PROFIT_RATIO":7.0439402862,"ROE_AVG":6.713273279979,"GROSS_PROFIT_QOQ":19.188966127252,"ROA":2.174390205153,"HOLDER_PROFIT_QOQ":191.241040421823,"ROE_YEARLY":13.426546559957,"ROIC_YEARLY":5.188611981102,"TOTAL_ASSETS":26527176759.5,"TOTAL_LIABILITIES":16621129748.5,"TAX_EBT":25.678301998509,"OCF_SALES":20.40447827017,"TOTAL_PARENT_EQUITY":8130501331.5,"DEBT_ASSET_RATIO":62.6569872067,"OPERATE_PROFIT":1436402232,"PRETAX_PROFIT":1016311781.5,"NETCASH_OPERATE":2188025667.5,"NETCASH_INVEST":-1632129168.5,"NETCASH_FINANCE":-1344800581.5,"END_CASH":2122653564.5,"DIVI_RATIO":null,"DIVIDEND_RATE":null,"CURRENT_RATIO":1.735434560589,"COMMON_ACS":5000000000,"CURRENTDEBT_DEBT":42.414439494621,"ISSUED_COMMON_SHARES":3474571777,"HK_COMMON_SHARES":3474571777,"PER_SHARES":500,"TOTAL_MARKET_CAP":6358466351.91,"HKSK_MARKET_CAP":6358466351.91,"PE_TTM":32.128321966307,"PB_TTM":1.470946012251,"REPORT_DATE_SQ":"2019-06-30 00:00:00","REPORT_TYPE_SQ":"2019年中报","OPERATE_INCOME_SQ":8496001749.2,"DPS_HKD":null,"OPERATE_INCOME_QOQ_SQ":4.677554712655,"NET_PROFIT_RATIO_SQ":1.7728080425,"HOLDER_PROFIT_SQ":16815516.2,"HOLDER_PROFIT_QOQ_SQ":9.287249468447,"ROE_AVG_SQ":4.800926425704,"PE_TTM_SQ":2.109457176588,"PB_TTM_SQ":0.314794019806,"ROA_SQ":0.074355815987,"START_DATE":"2020-01-01 00:00:00","FISCAL_YEAR":"12-31","CURRENCY":"HKD","IS_CNY_CODE":0,"DPS_HKD_LY":0.5717,"ORG_TYPE":"一般企业","PREMIUM_INCOME":null,"PREMIUM_INCOME_YOY":null,"NET_INTEREST_INCOME":null,"NET_INTEREST_INCOME_YOY":null,"FEE_COMMISSION_INCOME":null,"FEE_COMMISSION_INCOME_YOY":null,"ACCOUNTS_RECE_TDAYS":2.004833756883,"INVENTORY_TDAYS":2.407589787885,"CURRENT_ASSETS_TDAYS":0.864669416475,"TOTAL_ASSETS_TDAYS":0.402745447818,"PREMIUM_EXPENSE":null,"LOAN_DEPOSIT":null,"LOAN_EQUITY":null,"LOAN_ASSETS":null,"DEPOSIT_EQUITY":null,"DEPOSIT_ASSETS":null,"EQUITY_MULTIPLIER":2.677877132022,"EQUITY_RATIO":2.044293343155}],"count":15},"success":true,"message":"ok","code":0}