{"version":"a6eb826898f2f4ec3d3c64b750e26229","result":{"pages":2,"data":[{"SECUCODE":"01703.HK","SECURITY_CODE":"01703","SECURITY_NAME_ABBR":"维力生活科技","ORG_CODE":"10950531","STD_REPORT_DATE":"2022-12-31 00:00:00","REPORT_DATE":"2023-03-31 00:00:00","DATE_TYPE_CODE":"001","REPORT_TYPE":"2022年年报","PER_NETCASH_OPERATE":0.045582979313,"PER_OI":0.231683726922,"BPS":0.009033469974,"BASIC_EPS":-0.00525246,"DILUTED_EPS":-0.00525246,"OPERATE_INCOME":266436285.96,"OPERATE_INCOME_YOY":3.4802121583,"GROSS_PROFIT":198739955.25,"GROSS_PROFIT_YOY":11.257995362765,"HOLDER_PROFIT":-6075345.4,"HOLDER_PROFIT_YOY":78.321306969,"GROSS_PROFIT_RATIO":74.591925245436,"EPS_TTM":-0.020501361157,"OPERATE_INCOME_QOQ":0,"NET_PROFIT_RATIO":-2.280224474,"ROE_AVG":-45.309133642358,"GROSS_PROFIT_QOQ":0,"ROA":-2.343039164879,"HOLDER_PROFIT_QOQ":0,"ROE_YEARLY":-45.309133642358,"ROIC_YEARLY":-3.501389961,"TOTAL_ASSETS":223928127.18,"TOTAL_LIABILITIES":213539636.71,"TAX_EBT":null,"OCF_SALES":19.674657309204,"TOTAL_PARENT_EQUITY":10388490.47,"DEBT_ASSET_RATIO":95.3607925003,"OPERATE_PROFIT":492855.83,"PRETAX_PROFIT":-6075345.4,"NETCASH_OPERATE":52420426.21,"NETCASH_INVEST":15724989.83,"NETCASH_FINANCE":-54509154.47,"END_CASH":83861651.77,"DIVI_RATIO":null,"DIVIDEND_RATE":null,"CURRENT_RATIO":0.667264294574,"COMMON_ACS":5000000000,"CURRENTDEBT_DEBT":69.739803469014,"ISSUED_COMMON_SHARES":1150000000,"HK_COMMON_SHARES":1150000000,"PER_SHARES":5000,"TOTAL_MARKET_CAP":55200000,"HKSK_MARKET_CAP":55200000,"PE_TTM":-7.953890489914,"PB_TTM":4.651554731609,"REPORT_DATE_SQ":"2021-12-31 00:00:00","REPORT_TYPE_SQ":"2021年年报","OPERATE_INCOME_SQ":238534261.2,"DPS_HKD":null,"OPERATE_INCOME_QOQ_SQ":0,"NET_PROFIT_RATIO_SQ":-10.8843329253,"HOLDER_PROFIT_SQ":-25962863.13,"HOLDER_PROFIT_QOQ_SQ":0,"ROE_AVG_SQ":-92.061483601018,"PE_TTM_SQ":-7.953890489914,"PB_TTM_SQ":4.651554731609,"ROA_SQ":-7.337340491975,"START_DATE":"2022-04-01 00:00:00","FISCAL_YEAR":"3-31","CURRENCY":"HKD","IS_CNY_CODE":0,"DPS_HKD_LY":null,"ORG_TYPE":"一般企业","PREMIUM_INCOME":null,"PREMIUM_INCOME_YOY":null,"NET_INTEREST_INCOME":null,"NET_INTEREST_INCOME_YOY":null,"FEE_COMMISSION_INCOME":null,"FEE_COMMISSION_INCOME_YOY":null,"ACCOUNTS_RECE_TDAYS":20.617531499797,"INVENTORY_TDAYS":46.016661707825,"CURRENT_ASSETS_TDAYS":2.635002813731,"TOTAL_ASSETS_TDAYS":1.027547590873,"PREMIUM_EXPENSE":null,"LOAN_DEPOSIT":null,"LOAN_EQUITY":null,"LOAN_ASSETS":null,"DEPOSIT_EQUITY":null,"DEPOSIT_ASSETS":null,"EQUITY_MULTIPLIER":21.55540574688,"EQUITY_RATIO":20.55540574703},{"SECUCODE":"01703.HK","SECURITY_CODE":"01703","SECURITY_NAME_ABBR":"维力生活科技","ORG_CODE":"10950531","STD_REPORT_DATE":"2022-06-30 00:00:00","REPORT_DATE":"2022-09-30 00:00:00","DATE_TYPE_CODE":"002","REPORT_TYPE":"2022年中报","PER_NETCASH_OPERATE":0.018509561217,"PER_OI":0.089851001948,"BPS":0.003300026296,"BASIC_EPS":-0.011486388,"DILUTED_EPS":-0.011486388,"OPERATE_INCOME":103328652.24,"OPERATE_INCOME_YOY":-26.7705482306,"GROSS_PROFIT":75526166.64,"GROSS_PROFIT_YOY":-22.012596174762,"HOLDER_PROFIT":-13178595.24,"HOLDER_PROFIT_YOY":22.0134874759,"GROSS_PROFIT_RATIO":73.09314986958,"EPS_TTM":-0.022576402722,"OPERATE_INCOME_QOQ":0,"NET_PROFIT_RATIO":-12.7540570348,"ROE_AVG":-126.908504986282,"GROSS_PROFIT_QOQ":0,"ROA":-4.709391958061,"HOLDER_PROFIT_QOQ":0,"ROE_YEARLY":-253.817009972565,"ROIC_YEARLY":-13.310830408181,"TOTAL_ASSETS":255242916.84,"TOTAL_LIABILITIES":251447886.6,"TAX_EBT":null,"OCF_SALES":20.600283598551,"TOTAL_PARENT_EQUITY":3795030.24,"DEBT_ASSET_RATIO":98.5131692244,"OPERATE_PROFIT":-10411008.84,"PRETAX_PROFIT":-13178595.24,"NETCASH_OPERATE":21285995.4,"NETCASH_INVEST":-7568353.92,"NETCASH_FINANCE":-37617468.48,"END_CASH":48618172.2,"DIVI_RATIO":null,"DIVIDEND_RATE":null,"CURRENT_RATIO":0.573733372712,"COMMON_ACS":5000000000,"CURRENTDEBT_DEBT":62.112835638365,"ISSUED_COMMON_SHARES":1150000000,"HK_COMMON_SHARES":1150000000,"PER_SHARES":5000,"TOTAL_MARKET_CAP":55200000,"HKSK_MARKET_CAP":55200000,"PE_TTM":-7.953890489914,"PB_TTM":4.651554731609,"REPORT_DATE_SQ":"2021-06-30 00:00:00","REPORT_TYPE_SQ":"2021年中报","OPERATE_INCOME_SQ":129966523.66,"DPS_HKD":null,"OPERATE_INCOME_QOQ_SQ":0,"NET_PROFIT_RATIO_SQ":-11.9760786098,"HOLDER_PROFIT_SQ":-15564893.04,"HOLDER_PROFIT_QOQ_SQ":0,"ROE_AVG_SQ":-45.089048699262,"PE_TTM_SQ":-7.953890489914,"PB_TTM_SQ":4.651554731609,"ROA_SQ":-3.650084932264,"START_DATE":"2022-04-01 00:00:00","FISCAL_YEAR":"3-31","CURRENCY":"HKD","IS_CNY_CODE":0,"DPS_HKD_LY":null,"ORG_TYPE":"一般企业","PREMIUM_INCOME":null,"PREMIUM_INCOME_YOY":null,"NET_INTEREST_INCOME":null,"NET_INTEREST_INCOME_YOY":null,"FEE_COMMISSION_INCOME":null,"FEE_COMMISSION_INCOME_YOY":null,"ACCOUNTS_RECE_TDAYS":8.008552101223,"INVENTORY_TDAYS":18.824249846908,"CURRENT_ASSETS_TDAYS":1.055044304177,"TOTAL_ASSETS_TDAYS":0.36924658132,"PREMIUM_EXPENSE":null,"LOAN_DEPOSIT":null,"LOAN_EQUITY":null,"LOAN_ASSETS":null,"DEPOSIT_EQUITY":null,"DEPOSIT_ASSETS":null,"EQUITY_MULTIPLIER":67.257149664289,"EQUITY_RATIO":66.257149666349},{"SECUCODE":"01703.HK","SECURITY_CODE":"01703","SECURITY_NAME_ABBR":"维力生活科技","ORG_CODE":"10950531","STD_REPORT_DATE":"2021-12-31 00:00:00","REPORT_DATE":"2022-03-31 00:00:00","DATE_TYPE_CODE":"001","REPORT_TYPE":"2021年年报","PER_NETCASH_OPERATE":0.026773203165,"PER_OI":0.207421096696,"BPS":0.013234977974,"BASIC_EPS":-0.02270828,"DILUTED_EPS":-0.02270828,"OPERATE_INCOME":238534261.2,"OPERATE_INCOME_YOY":31.2561082823,"GROSS_PROFIT":178629818.56,"GROSS_PROFIT_YOY":-5.680886187587,"HOLDER_PROFIT":-25962863.13,"HOLDER_PROFIT_YOY":74.238949376,"GROSS_PROFIT_RATIO":null,"EPS_TTM":-0.061085481791,"OPERATE_INCOME_QOQ":0,"NET_PROFIT_RATIO":-10.8843329253,"ROE_AVG":-92.061483601018,"GROSS_PROFIT_QOQ":0,"ROA":-7.337340491975,"HOLDER_PROFIT_QOQ":0,"ROE_YEARLY":-92.061483601018,"ROIC_YEARLY":-10.245438630741,"TOTAL_ASSETS":272981910.95,"TOTAL_LIABILITIES":257761686.28,"TAX_EBT":-0.250524535747,"OCF_SALES":12.907656738746,"TOTAL_PARENT_EQUITY":15220224.67,"DEBT_ASSET_RATIO":94.4244566913,"OPERATE_PROFIT":-19015751.47,"PRETAX_PROFIT":-25897982.33,"NETCASH_OPERATE":30789183.64,"NETCASH_INVEST":-18816243.01,"NETCASH_FINANCE":-66570944.84,"END_CASH":65026781.8,"DIVI_RATIO":null,"DIVIDEND_RATE":null,"CURRENT_RATIO":0.660856604516,"COMMON_ACS":5000000000,"CURRENTDEBT_DEBT":55.940634557056,"ISSUED_COMMON_SHARES":1150000000,"HK_COMMON_SHARES":1150000000,"PER_SHARES":5000,"TOTAL_MARKET_CAP":55200000,"HKSK_MARKET_CAP":55200000,"PE_TTM":-7.953890489914,"PB_TTM":4.651554731609,"REPORT_DATE_SQ":"2020-12-31 00:00:00","REPORT_TYPE_SQ":"2020年年报","OPERATE_INCOME_SQ":189388779.58,"DPS_HKD":null,"OPERATE_INCOME_QOQ_SQ":0,"NET_PROFIT_RATIO_SQ":-55.457178431,"HOLDER_PROFIT_SQ":-105029673.42,"HOLDER_PROFIT_QOQ_SQ":0,"ROE_AVG_SQ":-131.446643995367,"PE_TTM_SQ":-7.953890489914,"PB_TTM_SQ":4.651554731609,"ROA_SQ":-19.090347675405,"START_DATE":"2021-04-01 00:00:00","FISCAL_YEAR":"3-31","CURRENCY":"HKD","IS_CNY_CODE":0,"DPS_HKD_LY":null,"ORG_TYPE":"一般企业","PREMIUM_INCOME":null,"PREMIUM_INCOME_YOY":null,"NET_INTEREST_INCOME":null,"NET_INTEREST_INCOME_YOY":null,"FEE_COMMISSION_INCOME":null,"FEE_COMMISSION_INCOME_YOY":null,"ACCOUNTS_RECE_TDAYS":13.206115439014,"INVENTORY_TDAYS":null,"CURRENT_ASSETS_TDAYS":1.858161360327,"TOTAL_ASSETS_TDAYS":0.674119446943,"PREMIUM_EXPENSE":null,"LOAN_DEPOSIT":null,"LOAN_EQUITY":null,"LOAN_ASSETS":null,"DEPOSIT_EQUITY":null,"DEPOSIT_ASSETS":null,"EQUITY_MULTIPLIER":17.935471838944,"EQUITY_RATIO":16.935471838866},{"SECUCODE":"01703.HK","SECURITY_CODE":"01703","SECURITY_NAME_ABBR":"维力生活科技","ORG_CODE":"10950531","STD_REPORT_DATE":"2021-06-30 00:00:00","REPORT_DATE":"2021-09-30 00:00:00","DATE_TYPE_CODE":"002","REPORT_TYPE":"2021年中报","PER_NETCASH_OPERATE":0.0243195568,"PER_OI":0.1130143684,"BPS":0.0232503424,"BASIC_EPS":-0.013495572,"DILUTED_EPS":-0.013495572,"OPERATE_INCOME":129966523.66,"OPERATE_INCOME_YOY":48.4546579123,"GROSS_PROFIT":96844058.06,"GROSS_PROFIT_YOY":39.915921203608,"HOLDER_PROFIT":-15564893.04,"HOLDER_PROFIT_YOY":67.389824592,"GROSS_PROFIT_RATIO":74.514617559018,"EPS_TTM":-0.0913301508,"OPERATE_INCOME_QOQ":0,"NET_PROFIT_RATIO":-11.9760786098,"ROE_AVG":-45.089048699262,"GROSS_PROFIT_QOQ":0,"ROA":-3.650084932264,"HOLDER_PROFIT_QOQ":0,"ROE_YEARLY":-90.178097398523,"ROIC_YEARLY":-10.299577465953,"TOTAL_ASSETS":406322515.82,"TOTAL_LIABILITIES":379584622.06,"TAX_EBT":null,"OCF_SALES":21.518995455449,"TOTAL_PARENT_EQUITY":26737893.76,"DEBT_ASSET_RATIO":93.4195392283,"OPERATE_PROFIT":-11864440.52,"PRETAX_PROFIT":-15564893.04,"NETCASH_OPERATE":27967490.32,"NETCASH_INVEST":2596648.02,"NETCASH_FINANCE":-27954161.36,"END_CASH":125487160.04,"DIVI_RATIO":null,"DIVIDEND_RATE":null,"CURRENT_RATIO":0.857869107821,"COMMON_ACS":5000000000,"CURRENTDEBT_DEBT":49.170746909367,"ISSUED_COMMON_SHARES":1150000000,"HK_COMMON_SHARES":1150000000,"PER_SHARES":5000,"TOTAL_MARKET_CAP":55200000,"HKSK_MARKET_CAP":55200000,"PE_TTM":-7.953890489914,"PB_TTM":4.651554731609,"REPORT_DATE_SQ":"2020-06-30 00:00:00","REPORT_TYPE_SQ":"2020年中报","OPERATE_INCOME_SQ":92344684.8,"DPS_HKD":null,"OPERATE_INCOME_QOQ_SQ":0,"NET_PROFIT_RATIO_SQ":-54.5199352936,"HOLDER_PROFIT_SQ":-50346262.4,"HOLDER_PROFIT_QOQ_SQ":0,"ROE_AVG_SQ":-52.251907178652,"PE_TTM_SQ":-7.953890489914,"PB_TTM_SQ":4.651554731609,"ROA_SQ":-8.468864230633,"START_DATE":"2021-04-01 00:00:00","FISCAL_YEAR":"3-31","CURRENCY":"HKD","IS_CNY_CODE":0,"DPS_HKD_LY":null,"ORG_TYPE":"一般企业","PREMIUM_INCOME":null,"PREMIUM_INCOME_YOY":null,"NET_INTEREST_INCOME":null,"NET_INTEREST_INCOME_YOY":null,"FEE_COMMISSION_INCOME":null,"FEE_COMMISSION_INCOME_YOY":null,"ACCOUNTS_RECE_TDAYS":5.749967750852,"INVENTORY_TDAYS":10.210580380072,"CURRENT_ASSETS_TDAYS":0.797445288121,"TOTAL_ASSETS_TDAYS":0.304781310409,"PREMIUM_EXPENSE":null,"LOAN_DEPOSIT":null,"LOAN_EQUITY":null,"LOAN_ASSETS":null,"DEPOSIT_EQUITY":null,"DEPOSIT_ASSETS":null,"EQUITY_MULTIPLIER":15.19650423722,"EQUITY_RATIO":14.196504237288},{"SECUCODE":"01703.HK","SECURITY_CODE":"01703","SECURITY_NAME_ABBR":"维力生活科技","ORG_CODE":"10950531","STD_REPORT_DATE":"2020-12-31 00:00:00","REPORT_DATE":"2021-03-31 00:00:00","DATE_TYPE_CODE":"001","REPORT_TYPE":"2020年年报","PER_NETCASH_OPERATE":0.023820112157,"PER_OI":0.164685895287,"BPS":0.037320209043,"BASIC_EPS":-0.09804088,"DILUTED_EPS":-0.09804088,"OPERATE_INCOME":189388779.58,"OPERATE_INCOME_YOY":-65.5684302882,"GROSS_PROFIT":189388779.58,"GROSS_PROFIT_YOY":-68.150515389069,"HOLDER_PROFIT":-105029673.42,"HOLDER_PROFIT_YOY":-10.5881410684,"GROSS_PROFIT_RATIO":null,"EPS_TTM":-0.099748939478,"OPERATE_INCOME_QOQ":0,"NET_PROFIT_RATIO":-55.457178431,"ROE_AVG":-131.446643995367,"GROSS_PROFIT_QOQ":0,"ROA":-19.090347675405,"HOLDER_PROFIT_QOQ":0,"ROE_YEARLY":-131.446643995367,"ROIC_YEARLY":-24.477073363857,"TOTAL_ASSETS":453024931.8,"TOTAL_LIABILITIES":410106691.4,"TAX_EBT":-0.254935338394,"OCF_SALES":14.463966155096,"TOTAL_PARENT_EQUITY":42918240.4,"DEBT_ASSET_RATIO":90.5262961512,"OPERATE_PROFIT":-61917041.62,"PRETAX_PROFIT":-104762596.54,"NETCASH_OPERATE":27393128.98,"NETCASH_INVEST":-610219.96,"NETCASH_FINANCE":-2701195.28,"END_CASH":124664895.18,"DIVI_RATIO":null,"DIVIDEND_RATE":null,"CURRENT_RATIO":0.898356483362,"COMMON_ACS":5000000000,"CURRENTDEBT_DEBT":45.668651979474,"ISSUED_COMMON_SHARES":1150000000,"HK_COMMON_SHARES":1150000000,"PER_SHARES":5000,"TOTAL_MARKET_CAP":55200000,"HKSK_MARKET_CAP":55200000,"PE_TTM":-7.953890489914,"PB_TTM":4.651554731609,"REPORT_DATE_SQ":"2019-12-31 00:00:00","REPORT_TYPE_SQ":"2019年年报","OPERATE_INCOME_SQ":594636873.7,"DPS_HKD":null,"OPERATE_INCOME_QOQ_SQ":0,"NET_PROFIT_RATIO_SQ":-17.2665684288,"HOLDER_PROFIT_SQ":-102673382.7,"HOLDER_PROFIT_QOQ_SQ":0,"ROE_AVG_SQ":-57.778897547105,"PE_TTM_SQ":-7.953890489914,"PB_TTM_SQ":4.651554731609,"ROA_SQ":-18.643764092201,"START_DATE":"2020-04-01 00:00:00","FISCAL_YEAR":"3-31","CURRENCY":"HKD","IS_CNY_CODE":0,"DPS_HKD_LY":null,"ORG_TYPE":"一般企业","PREMIUM_INCOME":null,"PREMIUM_INCOME_YOY":null,"NET_INTEREST_INCOME":null,"NET_INTEREST_INCOME_YOY":null,"FEE_COMMISSION_INCOME":null,"FEE_COMMISSION_INCOME_YOY":null,"ACCOUNTS_RECE_TDAYS":7.269692447444,"INVENTORY_TDAYS":null,"CURRENT_ASSETS_TDAYS":1.170921479949,"TOTAL_ASSETS_TDAYS":0.344235826912,"PREMIUM_EXPENSE":null,"LOAN_DEPOSIT":null,"LOAN_EQUITY":null,"LOAN_ASSETS":null,"DEPOSIT_EQUITY":null,"DEPOSIT_ASSETS":null,"EQUITY_MULTIPLIER":10.555533674685,"EQUITY_RATIO":9.555533674675},{"SECUCODE":"01703.HK","SECURITY_CODE":"01703","SECURITY_NAME_ABBR":"维力生活科技","ORG_CODE":"10950531","STD_REPORT_DATE":"2020-06-30 00:00:00","REPORT_DATE":"2020-09-30 00:00:00","DATE_TYPE_CODE":"002","REPORT_TYPE":"2020年中报","PER_NETCASH_OPERATE":0.00928191936,"PER_OI":0.0923446848,"BPS":0.061895508591,"BASIC_EPS":-0.050350656,"DILUTED_EPS":-0.050350656,"OPERATE_INCOME":92344684.8,"OPERATE_INCOME_YOY":-68.3642997339,"GROSS_PROFIT":69215895.68,"GROSS_PROFIT_YOY":-76.900076002082,"HOLDER_PROFIT":-50346262.4,"HOLDER_PROFIT_YOY":-34.9069931717,"GROSS_PROFIT_RATIO":null,"EPS_TTM":-0.1026733827,"OPERATE_INCOME_QOQ":0,"NET_PROFIT_RATIO":-54.5199352936,"ROE_AVG":-52.251907178652,"GROSS_PROFIT_QOQ":0,"ROA":-8.468864230633,"HOLDER_PROFIT_QOQ":0,"ROE_YEARLY":-104.503814357305,"ROIC_YEARLY":-20.629934018057,"TOTAL_ASSETS":515966809.6,"TOTAL_LIABILITIES":444786974.72,"TAX_EBT":-0.167835102012,"OCF_SALES":10.051384527548,"TOTAL_PARENT_EQUITY":71179834.88,"DEBT_ASSET_RATIO":86.2045710004,"OPERATE_PROFIT":-43493125.12,"PRETAX_PROFIT":-50261905.28,"NETCASH_OPERATE":9281919.36,"NETCASH_INVEST":15746662.4,"NETCASH_FINANCE":-38971232,"END_CASH":90641725.44,"DIVI_RATIO":null,"DIVIDEND_RATE":null,"CURRENT_RATIO":0.689293475955,"COMMON_ACS":5000000000,"CURRENTDEBT_DEBT":41.906965166266,"ISSUED_COMMON_SHARES":1150000000,"HK_COMMON_SHARES":1150000000,"PER_SHARES":5000,"TOTAL_MARKET_CAP":55200000,"HKSK_MARKET_CAP":55200000,"PE_TTM":-7.953890489914,"PB_TTM":4.651554731609,"REPORT_DATE_SQ":"2019-06-30 00:00:00","REPORT_TYPE_SQ":"2019年中报","OPERATE_INCOME_SQ":299636897.88,"DPS_HKD":null,"OPERATE_INCOME_QOQ_SQ":0,"NET_PROFIT_RATIO_SQ":-12.7849290161,"HOLDER_PROFIT_SQ":-38308364.7,"HOLDER_PROFIT_QOQ_SQ":0,"ROE_AVG_SQ":-18.510689301981,"PE_TTM_SQ":-7.953890489914,"PB_TTM_SQ":4.651554731609,"ROA_SQ":-6.353642198836,"START_DATE":"2020-04-01 00:00:00","FISCAL_YEAR":"3-31","CURRENCY":"HKD","IS_CNY_CODE":0,"DPS_HKD_LY":null,"ORG_TYPE":"一般企业","PREMIUM_INCOME":null,"PREMIUM_INCOME_YOY":null,"NET_INTEREST_INCOME":null,"NET_INTEREST_INCOME_YOY":null,"FEE_COMMISSION_INCOME":null,"FEE_COMMISSION_INCOME_YOY":null,"ACCOUNTS_RECE_TDAYS":3.68349106204,"INVENTORY_TDAYS":null,"CURRENT_ASSETS_TDAYS":0.637133052831,"TOTAL_ASSETS_TDAYS":0.15533518492,"PREMIUM_EXPENSE":null,"LOAN_DEPOSIT":null,"LOAN_EQUITY":null,"LOAN_ASSETS":null,"DEPOSIT_EQUITY":null,"DEPOSIT_ASSETS":null,"EQUITY_MULTIPLIER":7.248777838145,"EQUITY_RATIO":6.248777838131},{"SECUCODE":"01703.HK","SECURITY_CODE":"01703","SECURITY_NAME_ABBR":"维力生活科技","ORG_CODE":"10950531","STD_REPORT_DATE":"2019-12-31 00:00:00","REPORT_DATE":"2020-03-31 00:00:00","DATE_TYPE_CODE":"001","REPORT_TYPE":"2019年年报","PER_NETCASH_OPERATE":0.0593091807,"PER_OI":0.5946368737,"BPS":0.109881562,"BASIC_EPS":-0.1023344,"DILUTED_EPS":-0.1023344,"OPERATE_INCOME":594636873.7,"OPERATE_INCOME_YOY":-23.3058792058,"GROSS_PROFIT":594636873.7,"GROSS_PROFIT_YOY":-18.307023665826,"HOLDER_PROFIT":-102673382.7,"HOLDER_PROFIT_YOY":-397.6794087261,"GROSS_PROFIT_RATIO":null,"EPS_TTM":0.01910868741,"OPERATE_INCOME_QOQ":0,"NET_PROFIT_RATIO":-17.2665684288,"ROE_AVG":-57.778897547105,"GROSS_PROFIT_QOQ":0,"ROA":-18.643764092201,"HOLDER_PROFIT_QOQ":0,"ROE_YEARLY":-57.778897547105,"ROIC_YEARLY":-27.278420938921,"TOTAL_ASSETS":699797347.8,"TOTAL_LIABILITIES":573433551.5,"TAX_EBT":-5.673418721435,"OCF_SALES":9.974016634885,"TOTAL_PARENT_EQUITY":126363796.3,"DEBT_ASSET_RATIO":81.9428014843,"OPERATE_PROFIT":-19198664.4,"PRETAX_PROFIT":-97161030.6,"NETCASH_OPERATE":59309180.7,"NETCASH_INVEST":-57270716,"NETCASH_FINANCE":-115092393.1,"END_CASH":108741264.4,"DIVI_RATIO":null,"DIVIDEND_RATE":null,"CURRENT_RATIO":0.769977949006,"COMMON_ACS":5000000000,"CURRENTDEBT_DEBT":38.008269664354,"ISSUED_COMMON_SHARES":1150000000,"HK_COMMON_SHARES":1150000000,"PER_SHARES":5000,"TOTAL_MARKET_CAP":55200000,"HKSK_MARKET_CAP":55200000,"PE_TTM":-7.953890489914,"PB_TTM":4.651554731609,"REPORT_DATE_SQ":"2018-12-31 00:00:00","REPORT_TYPE_SQ":"2018年年报","OPERATE_INCOME_SQ":727892286.93,"DPS_HKD":null,"OPERATE_INCOME_QOQ_SQ":0,"NET_PROFIT_RATIO_SQ":4.4485585699,"HOLDER_PROFIT_SQ":32380714.71,"HOLDER_PROFIT_QOQ_SQ":0,"ROE_AVG_SQ":20.936017281684,"PE_TTM_SQ":-7.953890489914,"PB_TTM_SQ":4.651554731609,"ROA_SQ":10.42457447969,"START_DATE":"2019-04-01 00:00:00","FISCAL_YEAR":"3-31","CURRENCY":"HKD","IS_CNY_CODE":0,"DPS_HKD_LY":null,"ORG_TYPE":"一般企业","PREMIUM_INCOME":null,"PREMIUM_INCOME_YOY":null,"NET_INTEREST_INCOME":null,"NET_INTEREST_INCOME_YOY":null,"FEE_COMMISSION_INCOME":null,"FEE_COMMISSION_INCOME_YOY":null,"ACCOUNTS_RECE_TDAYS":18.165605984481,"INVENTORY_TDAYS":null,"CURRENT_ASSETS_TDAYS":2.751330110488,"TOTAL_ASSETS_TDAYS":1.079760820405,"PREMIUM_EXPENSE":null,"LOAN_DEPOSIT":null,"LOAN_EQUITY":null,"LOAN_ASSETS":null,"DEPOSIT_EQUITY":null,"DEPOSIT_ASSETS":null,"EQUITY_MULTIPLIER":5.537957613583,"EQUITY_RATIO":4.537957613576},{"SECUCODE":"01703.HK","SECURITY_CODE":"01703","SECURITY_NAME_ABBR":"维力生活科技","ORG_CODE":"10950531","STD_REPORT_DATE":"2019-06-30 00:00:00","REPORT_DATE":"2019-09-30 00:00:00","DATE_TYPE_CODE":"002","REPORT_TYPE":"2019年中报","PER_NETCASH_OPERATE":0.04224383433,"PER_OI":0.29963689788,"BPS":0.163303027826,"BASIC_EPS":-0.038335425,"DILUTED_EPS":-0.038335425,"OPERATE_INCOME":299636897.88,"OPERATE_INCOME_YOY":-0.2504339053,"GROSS_PROFIT":299636897.88,"GROSS_PROFIT_YOY":2.250248438104,"HOLDER_PROFIT":-38308364.7,"HOLDER_PROFIT_YOY":-49.2689441867,"GROSS_PROFIT_RATIO":null,"EPS_TTM":0.03238071471,"OPERATE_INCOME_QOQ":0,"NET_PROFIT_RATIO":-12.7849290161,"ROE_AVG":-18.510689301981,"GROSS_PROFIT_QOQ":0,"ROA":-6.353642198836,"HOLDER_PROFIT_QOQ":0,"ROE_YEARLY":-37.021378603962,"ROIC_YEARLY":-18.864383648351,"TOTAL_ASSETS":809383495.11,"TOTAL_LIABILITIES":621585013.11,"TAX_EBT":7.432432432432,"OCF_SALES":14.098341902778,"TOTAL_PARENT_EQUITY":187798482,"DEBT_ASSET_RATIO":76.7973422816,"OPERATE_PROFIT":-31352965.59,"PRETAX_PROFIT":-41384218.8,"NETCASH_OPERATE":42243834.33,"NETCASH_INVEST":-79821570.93,"NETCASH_FINANCE":-60557343.36,"END_CASH":120669093.78,"DIVI_RATIO":null,"DIVIDEND_RATE":null,"CURRENT_RATIO":0.840918002122,"COMMON_ACS":5000000000,"CURRENTDEBT_DEBT":40.341106149808,"ISSUED_COMMON_SHARES":1150000000,"HK_COMMON_SHARES":1150000000,"PER_SHARES":5000,"TOTAL_MARKET_CAP":55200000,"HKSK_MARKET_CAP":55200000,"PE_TTM":-7.953890489914,"PB_TTM":4.651554731609,"REPORT_DATE_SQ":"2018-06-30 00:00:00","REPORT_TYPE_SQ":"2018年中报","OPERATE_INCOME_SQ":293042708.9,"DPS_HKD":null,"OPERATE_INCOME_QOQ_SQ":0,"NET_PROFIT_RATIO_SQ":-8.5435797034,"HOLDER_PROFIT_SQ":-25036337.4,"HOLDER_PROFIT_QOQ_SQ":0,"ROE_AVG_SQ":null,"PE_TTM_SQ":-7.953890489914,"PB_TTM_SQ":4.651554731609,"ROA_SQ":null,"START_DATE":"2019-04-01 00:00:00","FISCAL_YEAR":"3-31","CURRENCY":"HKD","IS_CNY_CODE":0,"DPS_HKD_LY":null,"ORG_TYPE":"一般企业","PREMIUM_INCOME":null,"PREMIUM_INCOME_YOY":null,"NET_INTEREST_INCOME":null,"NET_INTEREST_INCOME_YOY":null,"FEE_COMMISSION_INCOME":null,"FEE_COMMISSION_INCOME_YOY":null,"ACCOUNTS_RECE_TDAYS":8.874201907408,"INVENTORY_TDAYS":null,"CURRENT_ASSETS_TDAYS":1.269873065447,"TOTAL_ASSETS_TDAYS":0.496963431775,"PREMIUM_EXPENSE":null,"LOAN_DEPOSIT":null,"LOAN_EQUITY":null,"LOAN_ASSETS":null,"DEPOSIT_EQUITY":null,"DEPOSIT_ASSETS":null,"EQUITY_MULTIPLIER":4.309851104716,"EQUITY_RATIO":3.309851104707},{"SECUCODE":"01703.HK","SECURITY_CODE":"01703","SECURITY_NAME_ABBR":"维力生活科技","ORG_CODE":"10950531","STD_REPORT_DATE":"2018-12-31 00:00:00","REPORT_DATE":"2019-03-31 00:00:00","DATE_TYPE_CODE":"001","REPORT_TYPE":"2018年年报","PER_NETCASH_OPERATE":0.05556849399,"PER_OI":0.72789228693,"BPS":0.18697584287,"BASIC_EPS":0.04117392,"DILUTED_EPS":0.04117392,"OPERATE_INCOME":727892286.93,"OPERATE_INCOME_YOY":10.1830439282,"GROSS_PROFIT":727892286.93,"GROSS_PROFIT_YOY":17.958082060749,"HOLDER_PROFIT":32380714.71,"HOLDER_PROFIT_YOY":-28.7512740176,"GROSS_PROFIT_RATIO":null,"EPS_TTM":0.022331313782,"OPERATE_INCOME_QOQ":0,"NET_PROFIT_RATIO":4.4485585699,"ROE_AVG":20.936017281684,"GROSS_PROFIT_QOQ":0,"ROA":10.42457447969,"HOLDER_PROFIT_QOQ":0,"ROE_YEARLY":20.936017281684,"ROIC_YEARLY":20.266831311071,"TOTAL_ASSETS":377050172.4,"TOTAL_LIABILITIES":162027953.1,"TAX_EBT":25.548784095616,"OCF_SALES":7.634164420723,"TOTAL_PARENT_EQUITY":215022219.3,"DEBT_ASSET_RATIO":42.9725179725,"OPERATE_PROFIT":99986575.77,"PRETAX_PROFIT":43492526.37,"NETCASH_OPERATE":55568493.99,"NETCASH_INVEST":-28087475.76,"NETCASH_FINANCE":86955887.88,"END_CASH":208065542.4,"DIVI_RATIO":null,"DIVIDEND_RATE":null,"CURRENT_RATIO":1.826842231508,"COMMON_ACS":5000000000,"CURRENTDEBT_DEBT":83.869977235428,"ISSUED_COMMON_SHARES":1150000000,"HK_COMMON_SHARES":1150000000,"PER_SHARES":5000,"TOTAL_MARKET_CAP":55200000,"HKSK_MARKET_CAP":55200000,"PE_TTM":-7.953890489914,"PB_TTM":4.651554731609,"REPORT_DATE_SQ":"2017-12-31 00:00:00","REPORT_TYPE_SQ":"2017年年报","OPERATE_INCOME_SQ":617077078.75,"DPS_HKD":null,"OPERATE_INCOME_QOQ_SQ":0,"NET_PROFIT_RATIO_SQ":6.8795015991,"HOLDER_PROFIT_SQ":42451827.5,"HOLDER_PROFIT_QOQ_SQ":0,"ROE_AVG_SQ":57.366212814336,"PE_TTM_SQ":-7.953890489914,"PB_TTM_SQ":4.651554731609,"ROA_SQ":18.607738532158,"START_DATE":"2018-04-01 00:00:00","FISCAL_YEAR":"3-31","CURRENCY":"HKD","IS_CNY_CODE":0,"DPS_HKD_LY":null,"ORG_TYPE":"一般企业","PREMIUM_INCOME":null,"PREMIUM_INCOME_YOY":null,"NET_INTEREST_INCOME":null,"NET_INTEREST_INCOME_YOY":null,"FEE_COMMISSION_INCOME":null,"FEE_COMMISSION_INCOME_YOY":null,"ACCOUNTS_RECE_TDAYS":23.529475377107,"INVENTORY_TDAYS":null,"CURRENT_ASSETS_TDAYS":3.920283845871,"TOTAL_ASSETS_TDAYS":2.343360060533,"PREMIUM_EXPENSE":null,"LOAN_DEPOSIT":null,"LOAN_EQUITY":null,"LOAN_ASSETS":null,"DEPOSIT_EQUITY":null,"DEPOSIT_ASSETS":null,"EQUITY_MULTIPLIER":1.753540511429,"EQUITY_RATIO":0.753540511429}],"count":13},"success":true,"message":"ok","code":0}