{"version":"a63d1c44f8c25ac4539febe170ad85c8","result":{"pages":4,"data":[{"SECUCODE":"01709.HK","SECURITY_CODE":"01709","SECURITY_NAME_ABBR":"德林控股","ORG_CODE":"10472701","STD_REPORT_DATE":"2024-06-30 00:00:00","REPORT_DATE":"2024-09-30 00:00:00","DATE_TYPE_CODE":"002","REPORT_TYPE":"2024年中报","PER_NETCASH_OPERATE":-0.009639246026,"PER_OI":0.048358107041,"BPS":0.440741634993,"BASIC_EPS":0.004689308,"DILUTED_EPS":0.004689308,"OPERATE_INCOME":74891855.92,"OPERATE_INCOME_YOY":-17.9853841596,"GROSS_PROFIT":56144543.61,"GROSS_PROFIT_YOY":20.287612107367,"HOLDER_PROFIT":6987970.71,"HOLDER_PROFIT_YOY":10.9694973507,"GROSS_PROFIT_RATIO":74.967488681245,"EPS_TTM":0.059649274117,"OPERATE_INCOME_QOQ":0,"NET_PROFIT_RATIO":9.3307484828,"ROE_AVG":1.244055856486,"GROSS_PROFIT_QOQ":0,"ROA":0.718713161197,"HOLDER_PROFIT_QOQ":0,"ROE_YEARLY":2.488111712973,"ROIC_YEARLY":1.675273821009,"TOTAL_ASSETS":973862860.38,"TOTAL_LIABILITIES":320246370.17,"TAX_EBT":7.275338039966,"OCF_SALES":-19.933050765822,"TOTAL_PARENT_EQUITY":653616490.21,"DEBT_ASSET_RATIO":32.8841342245,"OPERATE_PROFIT":27473032.35,"PRETAX_PROFIT":7536259.03,"NETCASH_OPERATE":-14928231.66,"NETCASH_INVEST":-36481012.66,"NETCASH_FINANCE":56275303.16,"END_CASH":40723934.61,"DIVI_RATIO":0.300920510195,"DIVIDEND_RATE":0.421276595745,"CURRENT_RATIO":1.863369482367,"COMMON_ACS":10000000000,"CURRENTDEBT_DEBT":74.6259746623,"ISSUED_COMMON_SHARES":1482992389,"HK_COMMON_SHARES":1482992389,"PER_SHARES":1000,"TOTAL_MARKET_CAP":6970064228.3,"HKSK_MARKET_CAP":6970064228.3,"PE_TTM":69.237443784084,"PB_TTM":9.616547799183,"REPORT_DATE_SQ":"2023-06-30 00:00:00","REPORT_TYPE_SQ":"2023年中报","OPERATE_INCOME_SQ":92919213.8,"DPS_HKD":0.0198,"OPERATE_INCOME_QOQ_SQ":0,"NET_PROFIT_RATIO_SQ":6.8961090263,"HOLDER_PROFIT_SQ":6407810.29,"HOLDER_PROFIT_QOQ_SQ":0,"ROE_AVG_SQ":1.61772149846,"PE_TTM_SQ":-494.592455227614,"PB_TTM_SQ":13.874245805901,"ROA_SQ":0.891779043639,"START_DATE":"2024-04-01 00:00:00","FISCAL_YEAR":"3-31","CURRENCY":"HKD","IS_CNY_CODE":0,"DPS_HKD_LY":0.0198,"ORG_TYPE":"一般企业","PREMIUM_INCOME":null,"PREMIUM_INCOME_YOY":null,"NET_INTEREST_INCOME":null,"NET_INTEREST_INCOME_YOY":null,"FEE_COMMISSION_INCOME":null,"FEE_COMMISSION_INCOME_YOY":null,"ACCOUNTS_RECE_TDAYS":0.32727373038,"INVENTORY_TDAYS":null,"CURRENT_ASSETS_TDAYS":0.152129172777,"TOTAL_ASSETS_TDAYS":0.077026313861,"PREMIUM_EXPENSE":null,"LOAN_DEPOSIT":null,"LOAN_EQUITY":null,"LOAN_ASSETS":null,"DEPOSIT_EQUITY":null,"DEPOSIT_ASSETS":null,"EQUITY_MULTIPLIER":1.489960664957,"EQUITY_RATIO":0.489960664957},{"SECUCODE":"01709.HK","SECURITY_CODE":"01709","SECURITY_NAME_ABBR":"德林控股","ORG_CODE":"10472701","STD_REPORT_DATE":"2023-12-31 00:00:00","REPORT_DATE":"2024-03-31 00:00:00","DATE_TYPE_CODE":"001","REPORT_TYPE":"2023年年报","PER_NETCASH_OPERATE":-0.020985953189,"PER_OI":0.126168238923,"BPS":0.318464763712,"BASIC_EPS":0.064999635,"DILUTED_EPS":0.06454636,"OPERATE_INCOME":183443112.15,"OPERATE_INCOME_YOY":5.8796751711,"GROSS_PROFIT":118265793.35,"GROSS_PROFIT_YOY":31.622762868766,"HOLDER_PROFIT":90567064.65,"HOLDER_PROFIT_YOY":303.1498464729,"GROSS_PROFIT_RATIO":64.470010328485,"EPS_TTM":-0.006415694171,"OPERATE_INCOME_QOQ":0,"NET_PROFIT_RATIO":49.3706542527,"ROE_AVG":20.884633113588,"GROSS_PROFIT_QOQ":0,"ROA":10.1366838515,"HOLDER_PROFIT_QOQ":0,"ROE_YEARLY":20.884633113588,"ROIC_YEARLY":13.822784494871,"TOTAL_ASSETS":975839429.6,"TOTAL_LIABILITIES":503558608.85,"TAX_EBT":4.706353672845,"OCF_SALES":-16.633309118224,"TOTAL_PARENT_EQUITY":472280820.75,"DEBT_ASSET_RATIO":51.6026093613,"OPERATE_PROFIT":106590335.9,"PRETAX_PROFIT":95039982.35,"NETCASH_OPERATE":-30512659.9,"NETCASH_INVEST":-59131536.85,"NETCASH_FINANCE":-27910861.4,"END_CASH":179453385.6,"DIVI_RATIO":-2.797778310621,"DIVIDEND_RATE":0.421276595745,"CURRENT_RATIO":1.7467007834,"COMMON_ACS":10000000000,"CURRENTDEBT_DEBT":61.633544386975,"ISSUED_COMMON_SHARES":1482992389,"HK_COMMON_SHARES":1482992389,"PER_SHARES":1000,"TOTAL_MARKET_CAP":6970064228.3,"HKSK_MARKET_CAP":6970064228.3,"PE_TTM":69.237443784084,"PB_TTM":9.616547799183,"REPORT_DATE_SQ":"2022-12-31 00:00:00","REPORT_TYPE_SQ":"2022年年报","OPERATE_INCOME_SQ":167304857.56,"DPS_HKD":0.0198,"OPERATE_INCOME_QOQ_SQ":0,"NET_PROFIT_RATIO_SQ":-25.7314929153,"HOLDER_PROFIT_SQ":-43050037.57,"HOLDER_PROFIT_QOQ_SQ":0,"ROE_AVG_SQ":-10.224875741884,"PE_TTM_SQ":-494.592455227614,"PB_TTM_SQ":13.874245805901,"ROA_SQ":-5.43552628234,"START_DATE":"2023-04-01 00:00:00","FISCAL_YEAR":"3-31","CURRENCY":"HKD","IS_CNY_CODE":0,"DPS_HKD_LY":0.0103,"ORG_TYPE":"一般企业","PREMIUM_INCOME":null,"PREMIUM_INCOME_YOY":null,"NET_INTEREST_INCOME":null,"NET_INTEREST_INCOME_YOY":null,"FEE_COMMISSION_INCOME":null,"FEE_COMMISSION_INCOME_YOY":null,"ACCOUNTS_RECE_TDAYS":0.975272732531,"INVENTORY_TDAYS":null,"CURRENT_ASSETS_TDAYS":0.322239190775,"TOTAL_ASSETS_TDAYS":0.205317997198,"PREMIUM_EXPENSE":null,"LOAN_DEPOSIT":null,"LOAN_EQUITY":null,"LOAN_ASSETS":null,"DEPOSIT_EQUITY":null,"DEPOSIT_ASSETS":null,"EQUITY_MULTIPLIER":2.06622709779,"EQUITY_RATIO":1.06622709779},{"SECUCODE":"01709.HK","SECURITY_CODE":"01709","SECURITY_NAME_ABBR":"德林控股","ORG_CODE":"10472701","STD_REPORT_DATE":"2023-06-30 00:00:00","REPORT_DATE":"2023-09-30 00:00:00","DATE_TYPE_CODE":"002","REPORT_TYPE":"2023年中报","PER_NETCASH_OPERATE":-0.135779236385,"PER_OI":0.063907842763,"BPS":0.264564048919,"BASIC_EPS":0.004496387,"DILUTED_EPS":0.004496387,"OPERATE_INCOME":92919213.8,"OPERATE_INCOME_YOY":-19.1142991796,"GROSS_PROFIT":46675249.95,"GROSS_PROFIT_YOY":-21.888364548942,"HOLDER_PROFIT":6407810.29,"HOLDER_PROFIT_YOY":123.1225165563,"GROSS_PROFIT_RATIO":50.232075844361,"EPS_TTM":-0.029608892709,"OPERATE_INCOME_QOQ":0,"NET_PROFIT_RATIO":6.8961090263,"ROE_AVG":1.61772149846,"GROSS_PROFIT_QOQ":0,"ROA":0.891779043639,"HOLDER_PROFIT_QOQ":0,"ROE_YEARLY":3.23544299692,"ROIC_YEARLY":2.470970607021,"TOTAL_ASSETS":616094029.11,"TOTAL_LIABILITIES":223747558.16,"TAX_EBT":7.583377448385,"OCF_SALES":-212.460991507012,"TOTAL_PARENT_EQUITY":392346470.95,"DEBT_ASSET_RATIO":36.3171119323,"OPERATE_PROFIT":9933344.75,"PRETAX_PROFIT":6933612.28,"NETCASH_OPERATE":-21044008.79,"NETCASH_INVEST":23562903.14,"NETCASH_FINANCE":-26322216.55,"END_CASH":52841723.55,"DIVI_RATIO":-0.606226317773,"DIVIDEND_RATE":0.421276595745,"CURRENT_RATIO":2.41819598338,"COMMON_ACS":10000000000,"CURRENTDEBT_DEBT":75.80301190984,"ISSUED_COMMON_SHARES":1482992389,"HK_COMMON_SHARES":1482992389,"PER_SHARES":1000,"TOTAL_MARKET_CAP":6970064228.3,"HKSK_MARKET_CAP":6970064228.3,"PE_TTM":69.237443784084,"PB_TTM":9.616547799183,"REPORT_DATE_SQ":"2022-06-30 00:00:00","REPORT_TYPE_SQ":"2022年中报","OPERATE_INCOME_SQ":113225939.16,"DPS_HKD":0.0198,"OPERATE_INCOME_QOQ_SQ":0,"NET_PROFIT_RATIO_SQ":-24.1235252299,"HOLDER_PROFIT_SQ":-27314088,"HOLDER_PROFIT_QOQ_SQ":0,"ROE_AVG_SQ":-6.077296367809,"PE_TTM_SQ":-494.592455227614,"PB_TTM_SQ":13.874245805901,"ROA_SQ":-3.531166343074,"START_DATE":"2023-04-01 00:00:00","FISCAL_YEAR":"3-31","CURRENCY":"HKD","IS_CNY_CODE":0,"DPS_HKD_LY":0.0103,"ORG_TYPE":"一般企业","PREMIUM_INCOME":null,"PREMIUM_INCOME_YOY":null,"NET_INTEREST_INCOME":null,"NET_INTEREST_INCOME_YOY":null,"FEE_COMMISSION_INCOME":null,"FEE_COMMISSION_INCOME_YOY":null,"ACCOUNTS_RECE_TDAYS":0.678520335173,"INVENTORY_TDAYS":null,"CURRENT_ASSETS_TDAYS":0.183294596375,"TOTAL_ASSETS_TDAYS":0.129316262293,"PREMIUM_EXPENSE":null,"LOAN_DEPOSIT":null,"LOAN_EQUITY":null,"LOAN_ASSETS":null,"DEPOSIT_EQUITY":null,"DEPOSIT_ASSETS":null,"EQUITY_MULTIPLIER":1.57028054214,"EQUITY_RATIO":0.57028054214},{"SECUCODE":"01709.HK","SECURITY_CODE":"01709","SECURITY_NAME_ABBR":"德林控股","ORG_CODE":"10472701","STD_REPORT_DATE":"2022-12-31 00:00:00","REPORT_DATE":"2023-03-31 00:00:00","DATE_TYPE_CODE":"001","REPORT_TYPE":"2022年年报","PER_NETCASH_OPERATE":0.117169981382,"PER_OI":0.115068693472,"BPS":0.257221924744,"BASIC_EPS":-0.030814432,"DILUTED_EPS":-0.030814432,"OPERATE_INCOME":167304857.56,"OPERATE_INCOME_YOY":-38.1631695598,"GROSS_PROFIT":89852082.4,"GROSS_PROFIT_YOY":-35.855517139211,"HOLDER_PROFIT":-43050037.57,"HOLDER_PROFIT_YOY":-144.7979959007,"GROSS_PROFIT_RATIO":53.705602879926,"EPS_TTM":0.012887458698,"OPERATE_INCOME_QOQ":0,"NET_PROFIT_RATIO":-25.7314929153,"ROE_AVG":-10.224875741884,"GROSS_PROFIT_QOQ":0,"ROA":-5.43552628234,"HOLDER_PROFIT_QOQ":0,"ROE_YEARLY":-10.224875741884,"ROIC_YEARLY":-8.222169277005,"TOTAL_ASSETS":783217071.26,"TOTAL_LIABILITIES":401758914.58,"TAX_EBT":-12.381452958249,"OCF_SALES":101.8261160761,"TOTAL_PARENT_EQUITY":381458156.68,"DEBT_ASSET_RATIO":51.2959854072,"OPERATE_PROFIT":-29204553.01,"PRETAX_PROFIT":-38307066.19,"NETCASH_OPERATE":170360038.46,"NETCASH_INVEST":-43810768.86,"NETCASH_FINANCE":-89690131.55,"END_CASH":286856975.03,"DIVI_RATIO":1.392802911728,"DIVIDEND_RATE":0.421276595745,"CURRENT_RATIO":1.575694291435,"COMMON_ACS":10000000000,"CURRENTDEBT_DEBT":90.981352601005,"ISSUED_COMMON_SHARES":1482992389,"HK_COMMON_SHARES":1482992389,"PER_SHARES":1000,"TOTAL_MARKET_CAP":6970064228.3,"HKSK_MARKET_CAP":6970064228.3,"PE_TTM":69.237443784084,"PB_TTM":9.616547799183,"REPORT_DATE_SQ":"2021-12-31 00:00:00","REPORT_TYPE_SQ":"2021年年报","OPERATE_INCOME_SQ":250654805.65,"DPS_HKD":0.0198,"OPERATE_INCOME_QOQ_SQ":0,"NET_PROFIT_RATIO_SQ":35.5184184557,"HOLDER_PROFIT_SQ":89028622.75,"HOLDER_PROFIT_QOQ_SQ":0,"ROE_AVG_SQ":21.383671076186,"PE_TTM_SQ":-494.592455227614,"PB_TTM_SQ":13.874245805901,"ROA_SQ":14.231348377315,"START_DATE":"2022-04-01 00:00:00","FISCAL_YEAR":"3-31","CURRENCY":"HKD","IS_CNY_CODE":0,"DPS_HKD_LY":0.014,"ORG_TYPE":"一般企业","PREMIUM_INCOME":null,"PREMIUM_INCOME_YOY":null,"NET_INTEREST_INCOME":null,"NET_INTEREST_INCOME_YOY":null,"FEE_COMMISSION_INCOME":null,"FEE_COMMISSION_INCOME_YOY":null,"ACCOUNTS_RECE_TDAYS":1.020569890636,"INVENTORY_TDAYS":null,"CURRENT_ASSETS_TDAYS":0.285744615638,"TOTAL_ASSETS_TDAYS":0.211240222253,"PREMIUM_EXPENSE":null,"LOAN_DEPOSIT":null,"LOAN_EQUITY":null,"LOAN_ASSETS":null,"DEPOSIT_EQUITY":null,"DEPOSIT_ASSETS":null,"EQUITY_MULTIPLIER":2.053218832905,"EQUITY_RATIO":1.053218832903},{"SECUCODE":"01709.HK","SECURITY_CODE":"01709","SECURITY_NAME_ABBR":"德林控股","ORG_CODE":"10472701","STD_REPORT_DATE":"2022-06-30 00:00:00","REPORT_DATE":"2022-09-30 00:00:00","DATE_TYPE_CODE":"002","REPORT_TYPE":"2022年中报","PER_NETCASH_OPERATE":-0.021589643375,"PER_OI":0.077874373024,"BPS":0.285239762535,"BASIC_EPS":-0.01944546,"DILUTED_EPS":-0.01944546,"OPERATE_INCOME":113225939.16,"OPERATE_INCOME_YOY":-20.0494306534,"GROSS_PROFIT":59754541.92,"GROSS_PROFIT_YOY":-19.332226623568,"HOLDER_PROFIT":-27314088,"HOLDER_PROFIT_YOY":-158.5396111574,"GROSS_PROFIT_RATIO":52.774604797546,"EPS_TTM":0.062252510627,"OPERATE_INCOME_QOQ":0,"NET_PROFIT_RATIO":-24.1235252299,"ROE_AVG":-6.077296367809,"GROSS_PROFIT_QOQ":0,"ROA":-3.531166343074,"HOLDER_PROFIT_QOQ":0,"ROE_YEARLY":-12.154592735619,"ROIC_YEARLY":-9.787026842217,"TOTAL_ASSETS":719665621.32,"TOTAL_LIABILITIES":296657224.44,"TAX_EBT":-19.033542233258,"OCF_SALES":-27.723681793129,"TOTAL_PARENT_EQUITY":423008396.88,"DEBT_ASSET_RATIO":41.2215361762,"OPERATE_PROFIT":-18318527.76,"PRETAX_PROFIT":-22946547.24,"NETCASH_OPERATE":-31390399.08,"NETCASH_INVEST":4239110.28,"NETCASH_FINANCE":-58734333.6,"END_CASH":172402543.92,"DIVI_RATIO":0.288336804721,"DIVIDEND_RATE":0.421276595745,"CURRENT_RATIO":2.101458957097,"COMMON_ACS":10000000000,"CURRENTDEBT_DEBT":88.080524144744,"ISSUED_COMMON_SHARES":1482992389,"HK_COMMON_SHARES":1482992389,"PER_SHARES":1000,"TOTAL_MARKET_CAP":6970064228.3,"HKSK_MARKET_CAP":6970064228.3,"PE_TTM":69.237443784084,"PB_TTM":9.616547799183,"REPORT_DATE_SQ":"2021-06-30 00:00:00","REPORT_TYPE_SQ":"2021年中报","OPERATE_INCOME_SQ":130443033.98,"DPS_HKD":0.0198,"OPERATE_INCOME_QOQ_SQ":0,"NET_PROFIT_RATIO_SQ":32.9467438994,"HOLDER_PROFIT_SQ":42976732.34,"HOLDER_PROFIT_QOQ_SQ":0,"ROE_AVG_SQ":10.500808083275,"PE_TTM_SQ":-494.592455227614,"PB_TTM_SQ":13.874245805901,"ROA_SQ":6.97968289789,"START_DATE":"2022-04-01 00:00:00","FISCAL_YEAR":"3-31","CURRENCY":"HKD","IS_CNY_CODE":0,"DPS_HKD_LY":0.014,"ORG_TYPE":"一般企业","PREMIUM_INCOME":null,"PREMIUM_INCOME_YOY":null,"NET_INTEREST_INCOME":null,"NET_INTEREST_INCOME_YOY":null,"FEE_COMMISSION_INCOME":null,"FEE_COMMISSION_INCOME_YOY":null,"ACCOUNTS_RECE_TDAYS":null,"INVENTORY_TDAYS":null,"CURRENT_ASSETS_TDAYS":0.19456446058,"TOTAL_ASSETS_TDAYS":0.146378537524,"PREMIUM_EXPENSE":null,"LOAN_DEPOSIT":null,"LOAN_EQUITY":null,"LOAN_ASSETS":null,"DEPOSIT_EQUITY":null,"DEPOSIT_ASSETS":null,"EQUITY_MULTIPLIER":1.701303394042,"EQUITY_RATIO":0.701303394042},{"SECUCODE":"01709.HK","SECURITY_CODE":"01709","SECURITY_NAME_ABBR":"德林控股","ORG_CODE":"10472701","STD_REPORT_DATE":"2021-12-31 00:00:00","REPORT_DATE":"2022-03-31 00:00:00","DATE_TYPE_CODE":"001","REPORT_TYPE":"2021年年报","PER_NETCASH_OPERATE":0.061329852145,"PER_OI":0.175268250484,"BPS":0.287743777901,"BASIC_EPS":0.06325878,"DILUTED_EPS":0.063015477,"OPERATE_INCOME":250654805.65,"OPERATE_INCOME_YOY":-27.5432480524,"GROSS_PROFIT":140077647.2,"GROSS_PROFIT_YOY":-32.482570948849,"HOLDER_PROFIT":89028622.75,"HOLDER_PROFIT_YOY":-45.3306307832,"GROSS_PROFIT_RATIO":55.884684451491,"EPS_TTM":0.108000325049,"OPERATE_INCOME_QOQ":0,"NET_PROFIT_RATIO":35.5184184557,"ROE_AVG":21.383671076186,"GROSS_PROFIT_QOQ":0,"ROA":14.231348377315,"HOLDER_PROFIT_QOQ":0,"ROE_YEARLY":21.383671076186,"ROIC_YEARLY":18.961246683617,"TOTAL_ASSETS":741895727.8,"TOTAL_LIABILITIES":315173895.19,"TAX_EBT":8.927623282671,"OCF_SALES":34.991991975798,"TOTAL_PARENT_EQUITY":426721832.61,"DEBT_ASSET_RATIO":42.4822361661,"OPERATE_PROFIT":104898466.43,"PRETAX_PROFIT":97755901.36,"NETCASH_OPERATE":87709109.48,"NETCASH_INVEST":12812335.98,"NETCASH_FINANCE":50588370.77,"END_CASH":231606613.78,"DIVI_RATIO":0.166200333117,"DIVIDEND_RATE":0.421276595745,"CURRENT_RATIO":2.230058823722,"COMMON_ACS":10000000000,"CURRENTDEBT_DEBT":78.4338902627,"ISSUED_COMMON_SHARES":1482992389,"HK_COMMON_SHARES":1482992389,"PER_SHARES":1000,"TOTAL_MARKET_CAP":6970064228.3,"HKSK_MARKET_CAP":6970064228.3,"PE_TTM":69.237443784084,"PB_TTM":9.616547799183,"REPORT_DATE_SQ":"2020-12-31 00:00:00","REPORT_TYPE_SQ":"2020年年报","OPERATE_INCOME_SQ":360512374.18,"DPS_HKD":0.0198,"OPERATE_INCOME_QOQ_SQ":0,"NET_PROFIT_RATIO_SQ":47.0747929321,"HOLDER_PROFIT_SQ":169710453.64,"HOLDER_PROFIT_QOQ_SQ":0,"ROE_AVG_SQ":60.338566433934,"PE_TTM_SQ":-494.592455227614,"PB_TTM_SQ":13.874245805901,"ROA_SQ":47.862893374094,"START_DATE":"2021-04-01 00:00:00","FISCAL_YEAR":"3-31","CURRENCY":"HKD","IS_CNY_CODE":0,"DPS_HKD_LY":0.0462,"ORG_TYPE":"一般企业","PREMIUM_INCOME":null,"PREMIUM_INCOME_YOY":null,"NET_INTEREST_INCOME":null,"NET_INTEREST_INCOME_YOY":null,"FEE_COMMISSION_INCOME":null,"FEE_COMMISSION_INCOME_YOY":null,"ACCOUNTS_RECE_TDAYS":1.408554370613,"INVENTORY_TDAYS":null,"CURRENT_ASSETS_TDAYS":0.570695501963,"TOTAL_ASSETS_TDAYS":0.400675170689,"PREMIUM_EXPENSE":null,"LOAN_DEPOSIT":null,"LOAN_EQUITY":null,"LOAN_ASSETS":null,"DEPOSIT_EQUITY":null,"DEPOSIT_ASSETS":null,"EQUITY_MULTIPLIER":1.738593320296,"EQUITY_RATIO":0.738593320295},{"SECUCODE":"01709.HK","SECURITY_CODE":"01709","SECURITY_NAME_ABBR":"德林控股","ORG_CODE":"10472701","STD_REPORT_DATE":"2021-06-30 00:00:00","REPORT_DATE":"2021-09-30 00:00:00","DATE_TYPE_CODE":"002","REPORT_TYPE":"2021年中报","PER_NETCASH_OPERATE":-0.021773064433,"PER_OI":0.091211187011,"BPS":0.270768359216,"BASIC_EPS":0.030489996,"DILUTED_EPS":0.030323384,"OPERATE_INCOME":130443033.98,"OPERATE_INCOME_YOY":-7.2320635109,"GROSS_PROFIT":74074862.14,"GROSS_PROFIT_YOY":58.557340864377,"HOLDER_PROFIT":42976732.34,"HOLDER_PROFIT_YOY":-22.1544868796,"GROSS_PROFIT_RATIO":56.78713525734,"EPS_TTM":0.121515037823,"OPERATE_INCOME_QOQ":0,"NET_PROFIT_RATIO":32.9467438994,"ROE_AVG":10.500808083275,"GROSS_PROFIT_QOQ":0,"ROA":6.97968289789,"HOLDER_PROFIT_QOQ":0,"ROE_YEARLY":21.001616166551,"ROIC_YEARLY":16.657504700049,"TOTAL_ASSETS":708368412.26,"TOTAL_LIABILITIES":306820996.36,"TAX_EBT":5.776957919345,"OCF_SALES":-23.871046026708,"TOTAL_PARENT_EQUITY":401547415.9,"DEBT_ASSET_RATIO":43.3137603329,"OPERATE_PROFIT":47888454.1,"PRETAX_PROFIT":45611701.12,"NETCASH_OPERATE":-31138116.68,"NETCASH_INVEST":-2525837.92,"NETCASH_FINANCE":67796921.98,"END_CASH":116786681.4,"DIVI_RATIO":0.147715791572,"DIVIDEND_RATE":0.421276595745,"CURRENT_RATIO":1.956500934531,"COMMON_ACS":10000000000,"CURRENTDEBT_DEBT":84.545459482061,"ISSUED_COMMON_SHARES":1482992389,"HK_COMMON_SHARES":1482992389,"PER_SHARES":1000,"TOTAL_MARKET_CAP":6970064228.3,"HKSK_MARKET_CAP":6970064228.3,"PE_TTM":69.237443784084,"PB_TTM":9.616547799183,"REPORT_DATE_SQ":"2020-06-30 00:00:00","REPORT_TYPE_SQ":"2020年中报","OPERATE_INCOME_SQ":148319148.8,"DPS_HKD":0.0198,"OPERATE_INCOME_QOQ_SQ":0,"NET_PROFIT_RATIO_SQ":39.2623970614,"HOLDER_PROFIT_SQ":58233653.12,"HOLDER_PROFIT_QOQ_SQ":0,"ROE_AVG_SQ":26.68537742307,"PE_TTM_SQ":-494.592455227614,"PB_TTM_SQ":13.874245805901,"ROA_SQ":18.828994566183,"START_DATE":"2021-04-01 00:00:00","FISCAL_YEAR":"3-31","CURRENCY":"HKD","IS_CNY_CODE":0,"DPS_HKD_LY":0.0462,"ORG_TYPE":"一般企业","PREMIUM_INCOME":null,"PREMIUM_INCOME_YOY":null,"NET_INTEREST_INCOME":null,"NET_INTEREST_INCOME_YOY":null,"FEE_COMMISSION_INCOME":null,"FEE_COMMISSION_INCOME_YOY":null,"ACCOUNTS_RECE_TDAYS":0.660885750584,"INVENTORY_TDAYS":null,"CURRENT_ASSETS_TDAYS":0.309268597139,"TOTAL_ASSETS_TDAYS":0.211847426234,"PREMIUM_EXPENSE":null,"LOAN_DEPOSIT":null,"LOAN_EQUITY":null,"LOAN_ASSETS":null,"DEPOSIT_EQUITY":null,"DEPOSIT_ASSETS":null,"EQUITY_MULTIPLIER":1.764096553013,"EQUITY_RATIO":0.764096553012},{"SECUCODE":"01709.HK","SECURITY_CODE":"01709","SECURITY_NAME_ABBR":"德林控股","ORG_CODE":"10472701","STD_REPORT_DATE":"2020-12-31 00:00:00","REPORT_DATE":"2021-03-31 00:00:00","DATE_TYPE_CODE":"001","REPORT_TYPE":"2020年年报","PER_NETCASH_OPERATE":0.029728514393,"PER_OI":0.258131858378,"BPS":0.285275075178,"BASIC_EPS":0.127284108,"DILUTED_EPS":0.126777,"OPERATE_INCOME":360512374.18,"OPERATE_INCOME_YOY":88.4134086602,"GROSS_PROFIT":207468870.14,"GROSS_PROFIT_YOY":642.356360337797,"HOLDER_PROFIT":169710453.64,"HOLDER_PROFIT_YOY":490.5891964442,"GROSS_PROFIT_RATIO":57.548335369041,"EPS_TTM":0.038724373012,"OPERATE_INCOME_QOQ":0,"NET_PROFIT_RATIO":47.0747929321,"ROE_AVG":60.338566433934,"GROSS_PROFIT_QOQ":0,"ROA":47.862893374094,"HOLDER_PROFIT_QOQ":0,"ROE_YEARLY":60.338566433934,"ROIC_YEARLY":59.553139398146,"TOTAL_ASSETS":530723174.38,"TOTAL_LIABILITIES":107662409.12,"TAX_EBT":7.802857772554,"OCF_SALES":11.516794005875,"TOTAL_PARENT_EQUITY":423060765.26,"DEBT_ASSET_RATIO":20.2859822818,"OPERATE_PROFIT":185816203.72,"PRETAX_PROFIT":184073442.56,"NETCASH_OPERATE":41519467.5,"NETCASH_INVEST":-96604919.18,"NETCASH_FINANCE":83655916.4,"END_CASH":83888340.9,"DIVI_RATIO":0.463524354405,"DIVIDEND_RATE":0.421276595745,"CURRENT_RATIO":3.468013033797,"COMMON_ACS":10000000000,"CURRENTDEBT_DEBT":91.308955598819,"ISSUED_COMMON_SHARES":1482992389,"HK_COMMON_SHARES":1482992389,"PER_SHARES":1000,"TOTAL_MARKET_CAP":6970064228.3,"HKSK_MARKET_CAP":6970064228.3,"PE_TTM":69.237443784084,"PB_TTM":9.616547799183,"REPORT_DATE_SQ":"2019-12-31 00:00:00","REPORT_TYPE_SQ":"2019年年报","OPERATE_INCOME_SQ":206853456.7,"DPS_HKD":0.0198,"OPERATE_INCOME_QOQ_SQ":0,"NET_PROFIT_RATIO_SQ":-22.7080581825,"HOLDER_PROFIT_SQ":-46972403.3,"HOLDER_PROFIT_QOQ_SQ":0,"ROE_AVG_SQ":-30.615538536667,"PE_TTM_SQ":-494.592455227614,"PB_TTM_SQ":13.874245805901,"ROA_SQ":-26.25788492479,"START_DATE":"2020-04-01 00:00:00","FISCAL_YEAR":"3-31","CURRENCY":"HKD","IS_CNY_CODE":0,"DPS_HKD_LY":0.0068,"ORG_TYPE":"一般企业","PREMIUM_INCOME":null,"PREMIUM_INCOME_YOY":null,"NET_INTEREST_INCOME":null,"NET_INTEREST_INCOME_YOY":null,"FEE_COMMISSION_INCOME":null,"FEE_COMMISSION_INCOME_YOY":null,"ACCOUNTS_RECE_TDAYS":2.933497011836,"INVENTORY_TDAYS":null,"CURRENT_ASSETS_TDAYS":1.458917486105,"TOTAL_ASSETS_TDAYS":1.016741453182,"PREMIUM_EXPENSE":null,"LOAN_DEPOSIT":null,"LOAN_EQUITY":null,"LOAN_ASSETS":null,"DEPOSIT_EQUITY":null,"DEPOSIT_ASSETS":null,"EQUITY_MULTIPLIER":1.254484504263,"EQUITY_RATIO":0.254484504262},{"SECUCODE":"01709.HK","SECURITY_CODE":"01709","SECURITY_NAME_ABBR":"德林控股","ORG_CODE":"10472701","STD_REPORT_DATE":"2020-06-30 00:00:00","REPORT_DATE":"2020-09-30 00:00:00","DATE_TYPE_CODE":"002","REPORT_TYPE":"2020年中报","PER_NETCASH_OPERATE":0.024234532136,"PER_OI":0.108808498145,"BPS":0.196524988639,"BASIC_EPS":0.04525408,"DILUTED_EPS":0.04525408,"OPERATE_INCOME":148319148.8,"OPERATE_INCOME_YOY":27.1526072349,"GROSS_PROFIT":46718027.52,"GROSS_PROFIT_YOY":411.993355869269,"HOLDER_PROFIT":58233653.12,"HOLDER_PROFIT_YOY":239.5943042507,"GROSS_PROFIT_RATIO":32.269684222999,"EPS_TTM":-0.036794321337,"OPERATE_INCOME_QOQ":0,"NET_PROFIT_RATIO":39.2623970614,"ROE_AVG":26.68537742307,"GROSS_PROFIT_QOQ":0,"ROA":18.828994566183,"HOLDER_PROFIT_QOQ":0,"ROE_YEARLY":53.37075484614,"ROIC_YEARLY":58.339330476712,"TOTAL_ASSETS":433042881.92,"TOTAL_LIABILITIES":141597819.52,"TAX_EBT":6.264497878359,"OCF_SALES":22.272646483796,"TOTAL_PARENT_EQUITY":291445062.4,"DEBT_ASSET_RATIO":32.6983366849,"OPERATE_PROFIT":62214254.72,"PRETAX_PROFIT":62125504,"NETCASH_OPERATE":33034599.68,"NETCASH_INVEST":-1443736.96,"NETCASH_FINANCE":72660478.08,"END_CASH":161764443.52,"DIVI_RATIO":-0.487838594315,"DIVIDEND_RATE":0.421276595745,"CURRENT_RATIO":3.006090887771,"COMMON_ACS":10000000000,"CURRENTDEBT_DEBT":95.263154628555,"ISSUED_COMMON_SHARES":1482992389,"HK_COMMON_SHARES":1482992389,"PER_SHARES":1000,"TOTAL_MARKET_CAP":6970064228.3,"HKSK_MARKET_CAP":6970064228.3,"PE_TTM":69.237443784084,"PB_TTM":9.616547799183,"REPORT_DATE_SQ":"2019-06-30 00:00:00","REPORT_TYPE_SQ":"2019年中报","OPERATE_INCOME_SQ":119738219.46,"DPS_HKD":0.0198,"OPERATE_INCOME_QOQ_SQ":0,"NET_PROFIT_RATIO_SQ":-35.7630361743,"HOLDER_PROFIT_SQ":-42822022.74,"HOLDER_PROFIT_QOQ_SQ":0,"ROE_AVG_SQ":-31.840268811976,"PE_TTM_SQ":-494.592455227614,"PB_TTM_SQ":13.874245805901,"ROA_SQ":-26.206938429648,"START_DATE":"2020-04-01 00:00:00","FISCAL_YEAR":"3-31","CURRENCY":"HKD","IS_CNY_CODE":0,"DPS_HKD_LY":0.0068,"ORG_TYPE":"一般企业","PREMIUM_INCOME":null,"PREMIUM_INCOME_YOY":null,"NET_INTEREST_INCOME":null,"NET_INTEREST_INCOME_YOY":null,"FEE_COMMISSION_INCOME":null,"FEE_COMMISSION_INCOME_YOY":null,"ACCOUNTS_RECE_TDAYS":2.486374215597,"INVENTORY_TDAYS":null,"CURRENT_ASSETS_TDAYS":0.525143349605,"TOTAL_ASSETS_TDAYS":0.47956813581,"PREMIUM_EXPENSE":null,"LOAN_DEPOSIT":null,"LOAN_EQUITY":null,"LOAN_ASSETS":null,"DEPOSIT_EQUITY":null,"DEPOSIT_ASSETS":null,"EQUITY_MULTIPLIER":1.485847378419,"EQUITY_RATIO":0.485847378418}],"count":29},"success":true,"message":"ok","code":0}