{"version":"9a03eebabc875c9459c1992df97e7da2","result":{"pages":2,"data":[{"SECUCODE":"01705.HK","SECURITY_CODE":"01705","SECURITY_NAME_ABBR":"宾仕国际","ORG_CODE":"10764179","STD_REPORT_DATE":"2024-06-30 00:00:00","REPORT_DATE":"2024-09-30 00:00:00","DATE_TYPE_CODE":"002","REPORT_TYPE":"2024年中报","PER_NETCASH_OPERATE":0.0794837706,"PER_OI":0.551654251175,"BPS":0.37991961805,"BASIC_EPS":0.02254475,"DILUTED_EPS":0.02254475,"OPERATE_INCOME":220661700.47,"OPERATE_INCOME_YOY":-5.1011068622,"GROSS_PROFIT":51936791.47,"GROSS_PROFIT_YOY":-7.071819304891,"HOLDER_PROFIT":9173007.88,"HOLDER_PROFIT_YOY":-41.1069939787,"GROSS_PROFIT_RATIO":23.536840040377,"EPS_TTM":0.0761592655,"OPERATE_INCOME_QOQ":0,"NET_PROFIT_RATIO":4.318472535,"ROE_AVG":6.223995300798,"GROSS_PROFIT_QOQ":0,"ROA":3.780358636068,"HOLDER_PROFIT_QOQ":0,"ROE_YEARLY":12.447990601596,"ROIC_YEARLY":9.714658179552,"TOTAL_ASSETS":244291303.84,"TOTAL_LIABILITIES":89486425.28,"TAX_EBT":13.498690242305,"OCF_SALES":14.408258511686,"TOTAL_PARENT_EQUITY":151967847.22,"DEBT_ASSET_RATIO":36.6310318351,"OPERATE_PROFIT":11710644.94,"PRETAX_PROFIT":11016266.64,"NETCASH_OPERATE":31793508.24,"NETCASH_INVEST":-1476230.23,"NETCASH_FINANCE":-20621231.93,"END_CASH":55326620.08,"DIVI_RATIO":0.653121451125,"DIVIDEND_RATE":18.032786885246,"CURRENT_RATIO":2.461319411486,"COMMON_ACS":10000000000,"CURRENTDEBT_DEBT":78.562358916479,"ISSUED_COMMON_SHARES":400000000,"HK_COMMON_SHARES":400000000,"PER_SHARES":4000,"TOTAL_MARKET_CAP":122000000,"HKSK_MARKET_CAP":122000000,"PE_TTM":4.603078780561,"PB_TTM":0.72395827152,"REPORT_DATE_SQ":"2023-06-30 00:00:00","REPORT_TYPE_SQ":"2023年中报","OPERATE_INCOME_SQ":236607224.98,"DPS_HKD":0.055,"OPERATE_INCOME_QOQ_SQ":0,"NET_PROFIT_RATIO_SQ":6.922348999,"HOLDER_PROFIT_SQ":15849305.36,"HOLDER_PROFIT_QOQ_SQ":0,"ROE_AVG_SQ":11.261067428184,"PE_TTM_SQ":4.933678421223,"PB_TTM_SQ":0.753021343834,"ROA_SQ":6.430355806568,"START_DATE":"2024-04-01 00:00:00","FISCAL_YEAR":"3-31","CURRENCY":"HKD","IS_CNY_CODE":0,"DPS_HKD_LY":0.055,"ORG_TYPE":"一般企业","PREMIUM_INCOME":null,"PREMIUM_INCOME_YOY":null,"NET_INTEREST_INCOME":null,"NET_INTEREST_INCOME_YOY":null,"FEE_COMMISSION_INCOME":null,"FEE_COMMISSION_INCOME_YOY":null,"ACCOUNTS_RECE_TDAYS":3.889572405023,"INVENTORY_TDAYS":8.584931632559,"CURRENT_ASSETS_TDAYS":1.293433272897,"TOTAL_ASSETS_TDAYS":0.909385858961,"PREMIUM_EXPENSE":null,"LOAN_DEPOSIT":null,"LOAN_EQUITY":null,"LOAN_ASSETS":null,"DEPOSIT_EQUITY":null,"DEPOSIT_ASSETS":null,"EQUITY_MULTIPLIER":1.578059465002,"EQUITY_RATIO":0.588851042619},{"SECUCODE":"01705.HK","SECURITY_CODE":"01705","SECURITY_NAME_ABBR":"宾仕国际","ORG_CODE":"10764179","STD_REPORT_DATE":"2023-12-31 00:00:00","REPORT_DATE":"2024-03-31 00:00:00","DATE_TYPE_CODE":"001","REPORT_TYPE":"2023年年报","PER_NETCASH_OPERATE":0.1337070595,"PER_OI":1.180357562875,"BPS":0.35887141575,"BASIC_EPS":0.0761502,"DILUTED_EPS":0.0761502,"OPERATE_INCOME":472143025.15,"OPERATE_INCOME_YOY":6.9870583402,"GROSS_PROFIT":110546520.1,"GROSS_PROFIT_YOY":20.133670469402,"HOLDER_PROFIT":30463706.2,"HOLDER_PROFIT_YOY":21.0824055057,"GROSS_PROFIT_RATIO":23.413778073896,"EPS_TTM":0.054467851025,"OPERATE_INCOME_QOQ":0,"NET_PROFIT_RATIO":6.6933813096,"ROE_AVG":22.174417990815,"GROSS_PROFIT_QOQ":0,"ROA":12.563957325018,"HOLDER_PROFIT_QOQ":0,"ROE_YEARLY":22.174417990815,"ROIC_YEARLY":16.810237016138,"TOTAL_ASSETS":242279113.7,"TOTAL_LIABILITIES":94903999.85,"TAX_EBT":14.96316534127,"OCF_SALES":11.327674232402,"TOTAL_PARENT_EQUITY":143548566.3,"DEBT_ASSET_RATIO":39.1713501014,"OPERATE_PROFIT":38429561.05,"PRETAX_PROFIT":37163110.7,"NETCASH_OPERATE":53482823.8,"NETCASH_INVEST":-1727884.3,"NETCASH_FINANCE":-74445886,"END_CASH":45871430,"DIVI_RATIO":0.913222186371,"DIVIDEND_RATE":16.417910447761,"CURRENT_RATIO":2.351961860078,"COMMON_ACS":10000000000,"CURRENTDEBT_DEBT":75.737197550794,"ISSUED_COMMON_SHARES":400000000,"HK_COMMON_SHARES":400000000,"PER_SHARES":4000,"TOTAL_MARKET_CAP":134000000,"HKSK_MARKET_CAP":134000000,"PE_TTM":5.05584062783,"PB_TTM":0.795167281833,"REPORT_DATE_SQ":"2022-12-31 00:00:00","REPORT_TYPE_SQ":"2022年年报","OPERATE_INCOME_SQ":426149588,"DPS_HKD":0.055,"OPERATE_INCOME_QOQ_SQ":0,"NET_PROFIT_RATIO_SQ":5.9650780608,"HOLDER_PROFIT_SQ":24295253.73,"HOLDER_PROFIT_QOQ_SQ":0,"ROE_AVG_SQ":20.42681917043,"PE_TTM_SQ":4.467985443015,"PB_TTM_SQ":0.765365956028,"ROA_SQ":10.684915684916,"START_DATE":"2023-04-01 00:00:00","FISCAL_YEAR":"3-31","CURRENCY":"HKD","IS_CNY_CODE":0,"DPS_HKD_LY":0.05,"ORG_TYPE":"一般企业","PREMIUM_INCOME":null,"PREMIUM_INCOME_YOY":null,"NET_INTEREST_INCOME":null,"NET_INTEREST_INCOME_YOY":null,"FEE_COMMISSION_INCOME":null,"FEE_COMMISSION_INCOME_YOY":null,"ACCOUNTS_RECE_TDAYS":8.59328130414,"INVENTORY_TDAYS":18.445754716981,"CURRENT_ASSETS_TDAYS":2.719721141544,"TOTAL_ASSETS_TDAYS":1.94723018281,"PREMIUM_EXPENSE":null,"LOAN_DEPOSIT":null,"LOAN_EQUITY":null,"LOAN_ASSETS":null,"DEPOSIT_EQUITY":null,"DEPOSIT_ASSETS":null,"EQUITY_MULTIPLIER":1.643962181747,"EQUITY_RATIO":0.661128162379},{"SECUCODE":"01705.HK","SECURITY_CODE":"01705","SECURITY_NAME_ABBR":"宾仕国际","ORG_CODE":"10764179","STD_REPORT_DATE":"2023-06-30 00:00:00","REPORT_DATE":"2023-09-30 00:00:00","DATE_TYPE_CODE":"002","REPORT_TYPE":"2023年中报","PER_NETCASH_OPERATE":0.046512370625,"PER_OI":0.59151806245,"BPS":0.37167226705,"BASIC_EPS":0.03945809,"DILUTED_EPS":0.03945809,"OPERATE_INCOME":236607224.98,"OPERATE_INCOME_YOY":9.8755278667,"GROSS_PROFIT":55889172.78,"GROSS_PROFIT_YOY":22.057853191537,"HOLDER_PROFIT":15849305.36,"HOLDER_PROFIT_YOY":-14.9036803468,"GROSS_PROFIT_RATIO":23.621076146227,"EPS_TTM":0.060738134325,"OPERATE_INCOME_QOQ":0,"NET_PROFIT_RATIO":6.922348999,"ROE_AVG":11.261067428184,"GROSS_PROFIT_QOQ":0,"ROA":6.430355806568,"HOLDER_PROFIT_QOQ":0,"ROE_YEARLY":22.522134856368,"ROIC_YEARLY":17.560697873033,"TOTAL_ASSETS":247327896.27,"TOTAL_LIABILITIES":94959105.29,"TAX_EBT":14.179248004616,"OCF_SALES":7.863220682113,"TOTAL_PARENT_EQUITY":148668906.82,"DEBT_ASSET_RATIO":38.3940132602,"OPERATE_PROFIT":19414297.91,"PRETAX_PROFIT":19084868.74,"NETCASH_OPERATE":18604948.25,"NETCASH_INVEST":-1359010.03,"NETCASH_FINANCE":-32765814.41,"END_CASH":53880480.71,"DIVI_RATIO":0.818945964554,"DIVIDEND_RATE":16.417910447761,"CURRENT_RATIO":2.311418523953,"COMMON_ACS":10000000000,"CURRENTDEBT_DEBT":82.987543847782,"ISSUED_COMMON_SHARES":400000000,"HK_COMMON_SHARES":400000000,"PER_SHARES":4000,"TOTAL_MARKET_CAP":134000000,"HKSK_MARKET_CAP":134000000,"PE_TTM":5.05584062783,"PB_TTM":0.795167281833,"REPORT_DATE_SQ":"2022-06-30 00:00:00","REPORT_TYPE_SQ":"2022年中报","OPERATE_INCOME_SQ":212245839.24,"DPS_HKD":0.055,"OPERATE_INCOME_QOQ_SQ":0,"NET_PROFIT_RATIO_SQ":8.8988413566,"HOLDER_PROFIT_SQ":18357418.68,"HOLDER_PROFIT_QOQ_SQ":0,"ROE_AVG_SQ":14.800473976848,"PE_TTM_SQ":4.467985443015,"PB_TTM_SQ":0.765365956028,"ROA_SQ":7.899463496555,"START_DATE":"2023-04-01 00:00:00","FISCAL_YEAR":"3-31","CURRENCY":"HKD","IS_CNY_CODE":0,"DPS_HKD_LY":0.05,"ORG_TYPE":"一般企业","PREMIUM_INCOME":null,"PREMIUM_INCOME_YOY":null,"NET_INTEREST_INCOME":null,"NET_INTEREST_INCOME_YOY":null,"FEE_COMMISSION_INCOME":null,"FEE_COMMISSION_INCOME_YOY":null,"ACCOUNTS_RECE_TDAYS":4.286930353966,"INVENTORY_TDAYS":8.619572829132,"CURRENT_ASSETS_TDAYS":1.305516316043,"TOTAL_ASSETS_TDAYS":0.959959195982,"PREMIUM_EXPENSE":null,"LOAN_DEPOSIT":null,"LOAN_EQUITY":null,"LOAN_ASSETS":null,"DEPOSIT_EQUITY":null,"DEPOSIT_ASSETS":null,"EQUITY_MULTIPLIER":1.623218867062,"EQUITY_RATIO":0.638728751836},{"SECUCODE":"01705.HK","SECURITY_CODE":"01705","SECURITY_NAME_ABBR":"宾仕国际","ORG_CODE":"10764179","STD_REPORT_DATE":"2022-12-31 00:00:00","REPORT_DATE":"2023-03-31 00:00:00","DATE_TYPE_CODE":"001","REPORT_TYPE":"2022年年报","PER_NETCASH_OPERATE":0.194991011925,"PER_OI":1.06537397,"BPS":0.31677148555,"BASIC_EPS":0.060753454,"DILUTED_EPS":0.060753454,"OPERATE_INCOME":426149588,"OPERATE_INCOME_YOY":3.9640012899,"GROSS_PROFIT":92019597.56,"GROSS_PROFIT_YOY":47.193922114544,"HOLDER_PROFIT":24295253.73,"HOLDER_PROFIT_YOY":4556.5436241611,"GROSS_PROFIT_RATIO":21.593262119967,"EPS_TTM":0.0342686623,"OPERATE_INCOME_QOQ":0,"NET_PROFIT_RATIO":5.9650780608,"ROE_AVG":20.42681917043,"GROSS_PROFIT_QOQ":0,"ROA":10.684915684916,"HOLDER_PROFIT_QOQ":0,"ROE_YEARLY":20.42681917043,"ROIC_YEARLY":14.606496161933,"TOTAL_ASSETS":234323620.93,"TOTAL_LIABILITIES":104161534.26,"TAX_EBT":11.100906196424,"OCF_SALES":18.302588331964,"TOTAL_PARENT_EQUITY":126708594.22,"DEBT_ASSET_RATIO":44.4519992678,"OPERATE_PROFIT":31447353.43,"PRETAX_PROFIT":28594392.24,"NETCASH_OPERATE":77996404.77,"NETCASH_INVEST":-6102483.11,"NETCASH_FINANCE":-53667010.05,"END_CASH":66207258.3,"DIVI_RATIO":1.451508365414,"DIVIDEND_RATE":14.285714285714,"CURRENT_RATIO":1.90581024333,"COMMON_ACS":10000000000,"CURRENTDEBT_DEBT":86.658094229573,"ISSUED_COMMON_SHARES":400000000,"HK_COMMON_SHARES":400000000,"PER_SHARES":4000,"TOTAL_MARKET_CAP":154000000,"HKSK_MARKET_CAP":154000000,"PE_TTM":5.81044370661,"PB_TTM":0.913848965689,"REPORT_DATE_SQ":"2021-12-31 00:00:00","REPORT_TYPE_SQ":"2021年年报","OPERATE_INCOME_SQ":379746511.39,"DPS_HKD":0.055,"OPERATE_INCOME_QOQ_SQ":0,"NET_PROFIT_RATIO_SQ":0.2658898554,"HOLDER_PROFIT_SQ":483361.96,"HOLDER_PROFIT_QOQ_SQ":0,"ROE_AVG_SQ":0.470435942569,"PE_TTM_SQ":4.467985443015,"PB_TTM_SQ":0.765365956028,"ROA_SQ":0.225975419486,"START_DATE":"2022-04-01 00:00:00","FISCAL_YEAR":"3-31","CURRENCY":"HKD","IS_CNY_CODE":0,"DPS_HKD_LY":0.025,"ORG_TYPE":"一般企业","PREMIUM_INCOME":null,"PREMIUM_INCOME_YOY":null,"NET_INTEREST_INCOME":null,"NET_INTEREST_INCOME_YOY":null,"FEE_COMMISSION_INCOME":null,"FEE_COMMISSION_INCOME_YOY":null,"ACCOUNTS_RECE_TDAYS":9.069568133547,"INVENTORY_TDAYS":18.373158756137,"CURRENT_ASSETS_TDAYS":2.628098191968,"TOTAL_ASSETS_TDAYS":1.874181874182,"PREMIUM_EXPENSE":null,"LOAN_DEPOSIT":null,"LOAN_EQUITY":null,"LOAN_ASSETS":null,"DEPOSIT_EQUITY":null,"DEPOSIT_ASSETS":null,"EQUITY_MULTIPLIER":1.800244809568,"EQUITY_RATIO":0.82205579583},{"SECUCODE":"01705.HK","SECURITY_CODE":"01705","SECURITY_NAME_ABBR":"宾仕国际","ORG_CODE":"10764179","STD_REPORT_DATE":"2022-06-30 00:00:00","REPORT_DATE":"2022-09-30 00:00:00","DATE_TYPE_CODE":"002","REPORT_TYPE":"2022年中报","PER_NETCASH_OPERATE":0.0955246917,"PER_OI":0.5306145981,"BPS":0.3330283746,"BASIC_EPS":0.04612644,"DILUTED_EPS":0.04612644,"OPERATE_INCOME":212245839.24,"OPERATE_INCOME_YOY":-1.7187729034,"GROSS_PROFIT":45789083.88,"GROSS_PROFIT_YOY":17.514226482719,"HOLDER_PROFIT":18357418.68,"HOLDER_PROFIT_YOY":229.3898085037,"GROSS_PROFIT_RATIO":21.573607305547,"EPS_TTM":0.0012084049,"OPERATE_INCOME_QOQ":0,"NET_PROFIT_RATIO":8.8988413566,"ROE_AVG":14.800473976848,"GROSS_PROFIT_QOQ":0,"ROA":7.899463496555,"HOLDER_PROFIT_QOQ":0,"ROE_YEARLY":29.600947953696,"ROIC_YEARLY":20.884963947533,"TOTAL_ASSETS":237032017.44,"TOTAL_LIABILITIES":100441679.76,"TAX_EBT":8.843685887642,"OCF_SALES":18.002650519238,"TOTAL_PARENT_EQUITY":133211349.84,"DEBT_ASSET_RATIO":42.3747309941,"OPERATE_PROFIT":22111749.12,"PRETAX_PROFIT":20719815.96,"NETCASH_OPERATE":38209876.68,"NETCASH_INVEST":-3388936.68,"NETCASH_FINANCE":-28100950.8,"END_CASH":56291441.16,"DIVI_RATIO":41.16273444439,"DIVIDEND_RATE":14.285714285714,"CURRENT_RATIO":2.008489052768,"COMMON_ACS":10000000000,"CURRENTDEBT_DEBT":86.449835215301,"ISSUED_COMMON_SHARES":400000000,"HK_COMMON_SHARES":400000000,"PER_SHARES":4000,"TOTAL_MARKET_CAP":154000000,"HKSK_MARKET_CAP":154000000,"PE_TTM":5.81044370661,"PB_TTM":0.913848965689,"REPORT_DATE_SQ":"2021-06-30 00:00:00","REPORT_TYPE_SQ":"2021年中报","OPERATE_INCOME_SQ":198913901.5,"DPS_HKD":0.055,"OPERATE_INCOME_QOQ_SQ":0,"NET_PROFIT_RATIO_SQ":2.7603392315,"HOLDER_PROFIT_SQ":5133315.72,"HOLDER_PROFIT_QOQ_SQ":0,"ROE_AVG_SQ":4.75925668474,"PE_TTM_SQ":4.467985443015,"PB_TTM_SQ":0.765365956028,"ROA_SQ":2.228474713575,"START_DATE":"2022-04-01 00:00:00","FISCAL_YEAR":"3-31","CURRENCY":"HKD","IS_CNY_CODE":0,"DPS_HKD_LY":0.025,"ORG_TYPE":"一般企业","PREMIUM_INCOME":null,"PREMIUM_INCOME_YOY":null,"NET_INTEREST_INCOME":null,"NET_INTEREST_INCOME_YOY":null,"FEE_COMMISSION_INCOME":null,"FEE_COMMISSION_INCOME_YOY":null,"ACCOUNTS_RECE_TDAYS":4.371869032649,"INVENTORY_TDAYS":9.170104633782,"CURRENT_ASSETS_TDAYS":1.279645559267,"TOTAL_ASSETS_TDAYS":0.913324628369,"PREMIUM_EXPENSE":null,"LOAN_DEPOSIT":null,"LOAN_EQUITY":null,"LOAN_ASSETS":null,"DEPOSIT_EQUITY":null,"DEPOSIT_ASSETS":null,"EQUITY_MULTIPLIER":1.735349816584,"EQUITY_RATIO":0.754002417066},{"SECUCODE":"01705.HK","SECURITY_CODE":"01705","SECURITY_NAME_ABBR":"宾仕国际","ORG_CODE":"10764179","STD_REPORT_DATE":"2021-12-31 00:00:00","REPORT_DATE":"2022-03-31 00:00:00","DATE_TYPE_CODE":"001","REPORT_TYPE":"2021年年报","PER_NETCASH_OPERATE":0.154961708225,"PER_OI":0.949366278475,"BPS":0.257473372225,"BASIC_EPS":0.001216515,"DILUTED_EPS":0.001216515,"OPERATE_INCOME":379746511.39,"OPERATE_INCOME_YOY":-3.0697541547,"GROSS_PROFIT":62515894.84,"GROSS_PROFIT_YOY":38.215769305517,"HOLDER_PROFIT":483361.96,"HOLDER_PROFIT_YOY":2.2298456261,"GROSS_PROFIT_RATIO":16.462533022666,"EPS_TTM":-0.00824995525,"OPERATE_INCOME_QOQ":0,"NET_PROFIT_RATIO":0.2658898554,"ROE_AVG":0.470435942569,"GROSS_PROFIT_QOQ":0,"ROA":0.225975419486,"HOLDER_PROFIT_QOQ":0,"ROE_YEARLY":0.470435942569,"ROIC_YEARLY":0.284509281161,"TOTAL_ASSETS":204217995.07,"TOTAL_LIABILITIES":98025156.68,"TAX_EBT":-39.887640449438,"OCF_SALES":16.322647195129,"TOTAL_PARENT_EQUITY":102989348.89,"DEBT_ASSET_RATIO":48.0002541629,"OPERATE_PROFIT":3720102.87,"PRETAX_PROFIT":721798.9,"NETCASH_OPERATE":61984683.29,"NETCASH_INVEST":-3301621.71,"NETCASH_FINANCE":-50469152.3,"END_CASH":44450647.09,"DIVI_RATIO":-6.029275128492,"DIVIDEND_RATE":14.285714285714,"CURRENT_RATIO":1.699042781793,"COMMON_ACS":10000000000,"CURRENTDEBT_DEBT":84.703974583844,"ISSUED_COMMON_SHARES":400000000,"HK_COMMON_SHARES":400000000,"PER_SHARES":4000,"TOTAL_MARKET_CAP":154000000,"HKSK_MARKET_CAP":154000000,"PE_TTM":5.81044370661,"PB_TTM":0.913848965689,"REPORT_DATE_SQ":"2020-12-31 00:00:00","REPORT_TYPE_SQ":"2020年年报","OPERATE_INCOME_SQ":408279412.24,"DPS_HKD":0.055,"OPERATE_INCOME_QOQ_SQ":0,"NET_PROFIT_RATIO_SQ":0.3345284722,"HOLDER_PROFIT_SQ":492739.94,"HOLDER_PROFIT_QOQ_SQ":0,"ROE_AVG_SQ":0.455107863686,"PE_TTM_SQ":4.467985443015,"PB_TTM_SQ":0.765365956028,"ROA_SQ":0.196127243857,"START_DATE":"2021-04-01 00:00:00","FISCAL_YEAR":"3-31","CURRENCY":"HKD","IS_CNY_CODE":0,"DPS_HKD_LY":null,"ORG_TYPE":"一般企业","PREMIUM_INCOME":null,"PREMIUM_INCOME_YOY":null,"NET_INTEREST_INCOME":null,"NET_INTEREST_INCOME_YOY":null,"FEE_COMMISSION_INCOME":null,"FEE_COMMISSION_INCOME_YOY":null,"ACCOUNTS_RECE_TDAYS":8.155413702114,"INVENTORY_TDAYS":20.235120664235,"CURRENT_ASSETS_TDAYS":2.679187956674,"TOTAL_ASSETS_TDAYS":1.775344034306,"PREMIUM_EXPENSE":null,"LOAN_DEPOSIT":null,"LOAN_EQUITY":null,"LOAN_ASSETS":null,"DEPOSIT_EQUITY":null,"DEPOSIT_ASSETS":null,"EQUITY_MULTIPLIER":1.923086322638,"EQUITY_RATIO":0.951798974714},{"SECUCODE":"01705.HK","SECURITY_CODE":"01705","SECURITY_NAME_ABBR":"宾仕国际","ORG_CODE":"10764179","STD_REPORT_DATE":"2021-06-30 00:00:00","REPORT_DATE":"2021-09-30 00:00:00","DATE_TYPE_CODE":"002","REPORT_TYPE":"2021年中报","PER_NETCASH_OPERATE":0.07033317315,"PER_OI":0.49728475375,"BPS":0.27606567075,"BASIC_EPS":0.0124959,"DILUTED_EPS":0.0124959,"OPERATE_INCOME":198913901.5,"OPERATE_INCOME_YOY":-3.4312198949,"GROSS_PROFIT":38964715.38,"GROSS_PROFIT_YOY":-1.272244816678,"HOLDER_PROFIT":5133315.72,"HOLDER_PROFIT_YOY":-39.3384524513,"GROSS_PROFIT_RATIO":19.588734163962,"EPS_TTM":0.00123184985,"OPERATE_INCOME_QOQ":0,"NET_PROFIT_RATIO":2.7603392315,"ROE_AVG":4.75925668474,"GROSS_PROFIT_QOQ":0,"ROA":2.228474713575,"HOLDER_PROFIT_QOQ":0,"ROE_YEARLY":9.51851336948,"ROIC_YEARLY":5.525912241842,"TOTAL_ASSETS":231040860.4,"TOTAL_LIABILITIES":117099078.9,"TAX_EBT":14.424824720852,"OCF_SALES":14.143440477437,"TOTAL_PARENT_EQUITY":110426268.3,"DEBT_ASSET_RATIO":50.6832768443,"OPERATE_PROFIT":8104840.74,"PRETAX_PROFIT":6416228.12,"NETCASH_OPERATE":28133269.26,"NETCASH_INVEST":-1688612.62,"NETCASH_FINANCE":-19177041.2,"END_CASH":44489569.3,"DIVI_RATIO":40.379312462473,"DIVIDEND_RATE":14.285714285714,"CURRENT_RATIO":1.582133015259,"COMMON_ACS":10000000000,"CURRENTDEBT_DEBT":86.483121687476,"ISSUED_COMMON_SHARES":400000000,"HK_COMMON_SHARES":400000000,"PER_SHARES":4000,"TOTAL_MARKET_CAP":154000000,"HKSK_MARKET_CAP":154000000,"PE_TTM":5.81044370661,"PB_TTM":0.913848965689,"REPORT_DATE_SQ":"2020-06-30 00:00:00","REPORT_TYPE_SQ":"2020年中报","OPERATE_INCOME_SQ":217271428.48,"DPS_HKD":0.055,"OPERATE_INCOME_QOQ_SQ":0,"NET_PROFIT_RATIO_SQ":4.3383658431,"HOLDER_PROFIT_SQ":8926037.76,"HOLDER_PROFIT_QOQ_SQ":0,"ROE_AVG_SQ":7.530636300959,"PE_TTM_SQ":4.467985443015,"PB_TTM_SQ":0.765365956028,"ROA_SQ":3.234676444786,"START_DATE":"2021-04-01 00:00:00","FISCAL_YEAR":"3-31","CURRENCY":"HKD","IS_CNY_CODE":0,"DPS_HKD_LY":null,"ORG_TYPE":"一般企业","PREMIUM_INCOME":null,"PREMIUM_INCOME_YOY":null,"NET_INTEREST_INCOME":null,"NET_INTEREST_INCOME_YOY":null,"FEE_COMMISSION_INCOME":null,"FEE_COMMISSION_INCOME_YOY":null,"ACCOUNTS_RECE_TDAYS":3.881258127438,"INVENTORY_TDAYS":7.77052895706,"CURRENT_ASSETS_TDAYS":1.297965329608,"TOTAL_ASSETS_TDAYS":0.863524910311,"PREMIUM_EXPENSE":null,"LOAN_DEPOSIT":null,"LOAN_EQUITY":null,"LOAN_ASSETS":null,"DEPOSIT_EQUITY":null,"DEPOSIT_ASSETS":null,"EQUITY_MULTIPLIER":2.027709742277,"EQUITY_RATIO":1.060427746973},{"SECUCODE":"01705.HK","SECURITY_CODE":"01705","SECURITY_NAME_ABBR":"宾仕国际","ORG_CODE":"10764179","STD_REPORT_DATE":"2020-12-31 00:00:00","REPORT_DATE":"2021-03-31 00:00:00","DATE_TYPE_CODE":"001","REPORT_TYPE":"2020年年报","PER_NETCASH_OPERATE":0.2121570836,"PER_OI":1.0206985306,"BPS":0.26706208935,"BASIC_EPS":0.00126777,"DILUTED_EPS":0.00126777,"OPERATE_INCOME":408279412.24,"OPERATE_INCOME_YOY":-5.9708842748,"GROSS_PROFIT":45230652.88,"GROSS_PROFIT_YOY":-47.450994894164,"HOLDER_PROFIT":492739.94,"HOLDER_PROFIT_YOY":-46.9517743403,"GROSS_PROFIT_RATIO":11.078357498323,"EPS_TTM":0.016862991875,"OPERATE_INCOME_QOQ":0,"NET_PROFIT_RATIO":0.3345284722,"ROE_AVG":0.455107863686,"GROSS_PROFIT_QOQ":0,"ROA":0.196127243857,"HOLDER_PROFIT_QOQ":0,"ROE_YEARLY":0.455107863686,"ROIC_YEARLY":0.233148707284,"TOTAL_ASSETS":233002603.12,"TOTAL_LIABILITIES":122559551.8,"TAX_EBT":154.282835068861,"OCF_SALES":20.785479477009,"TOTAL_PARENT_EQUITY":106824835.74,"DEBT_ASSET_RATIO":52.6000783506,"OPERATE_PROFIT":1386940.38,"PRETAX_PROFIT":-2516100.86,"NETCASH_OPERATE":84862833.44,"NETCASH_INVEST":-6951605.5,"NETCASH_FINANCE":-72337265.84,"END_CASH":37763487.58,"DIVI_RATIO":2.949728634676,"DIVIDEND_RATE":14.285714285714,"CURRENT_RATIO":1.475732235156,"COMMON_ACS":10000000000,"CURRENTDEBT_DEBT":82.052961864699,"ISSUED_COMMON_SHARES":400000000,"HK_COMMON_SHARES":400000000,"PER_SHARES":4000,"TOTAL_MARKET_CAP":154000000,"HKSK_MARKET_CAP":154000000,"PE_TTM":5.81044370661,"PB_TTM":0.913848965689,"REPORT_DATE_SQ":"2019-12-31 00:00:00","REPORT_TYPE_SQ":"2019年年报","OPERATE_INCOME_SQ":469406979.1,"DPS_HKD":0.055,"OPERATE_INCOME_QOQ_SQ":0,"NET_PROFIT_RATIO_SQ":0.3517322864,"HOLDER_PROFIT_SQ":1004156.3,"HOLDER_PROFIT_QOQ_SQ":0,"ROE_AVG_SQ":0.818006564893,"PE_TTM_SQ":4.467985443015,"PB_TTM_SQ":0.765365956028,"ROA_SQ":0.384797858577,"START_DATE":"2020-04-01 00:00:00","FISCAL_YEAR":"3-31","CURRENCY":"HKD","IS_CNY_CODE":0,"DPS_HKD_LY":0.01,"ORG_TYPE":"一般企业","PREMIUM_INCOME":null,"PREMIUM_INCOME_YOY":null,"NET_INTEREST_INCOME":null,"NET_INTEREST_INCOME_YOY":null,"FEE_COMMISSION_INCOME":null,"FEE_COMMISSION_INCOME_YOY":null,"ACCOUNTS_RECE_TDAYS":7.494364503743,"INVENTORY_TDAYS":18.930083952141,"CURRENT_ASSETS_TDAYS":2.728504052642,"TOTAL_ASSETS_TDAYS":1.625090830799,"PREMIUM_EXPENSE":null,"LOAN_DEPOSIT":null,"LOAN_EQUITY":null,"LOAN_ASSETS":null,"DEPOSIT_EQUITY":null,"DEPOSIT_ASSETS":null,"EQUITY_MULTIPLIER":2.109708128627,"EQUITY_RATIO":1.14729454954},{"SECUCODE":"01705.HK","SECURITY_CODE":"01705","SECURITY_NAME_ABBR":"宾仕国际","ORG_CODE":"10764179","STD_REPORT_DATE":"2020-06-30 00:00:00","REPORT_DATE":"2020-09-30 00:00:00","DATE_TYPE_CODE":"002","REPORT_TYPE":"2020年中报","PER_NETCASH_OPERATE":0.1193653248,"PER_OI":0.5431785712,"BPS":0.3074817024,"BASIC_EPS":0.021968,"DILUTED_EPS":0.021968,"OPERATE_INCOME":217271428.48,"OPERATE_INCOME_YOY":-5.1790124404,"GROSS_PROFIT":39466830.08,"GROSS_PROFIT_YOY":-19.202416392355,"HOLDER_PROFIT":8926037.76,"HOLDER_PROFIT_YOY":187.6805437553,"GROSS_PROFIT_RATIO":18.164758411221,"EPS_TTM":0.00251039075,"OPERATE_INCOME_QOQ":0,"NET_PROFIT_RATIO":4.3383658431,"ROE_AVG":7.530636300959,"GROSS_PROFIT_QOQ":0,"ROA":3.234676444786,"HOLDER_PROFIT_QOQ":0,"ROE_YEARLY":15.061272601917,"ROIC_YEARLY":7.708433328085,"TOTAL_ASSETS":271736251.52,"TOTAL_LIABILITIES":142489720.32,"TAX_EBT":1.22467771639,"OCF_SALES":21.975337601462,"TOTAL_PARENT_EQUITY":122992680.96,"DEBT_ASSET_RATIO":52.4367726142,"OPERATE_PROFIT":11681703.68,"PRETAX_PROFIT":9542899.2,"NETCASH_OPERATE":47746129.92,"NETCASH_INVEST":-2927016.32,"NETCASH_FINANCE":-35841231.36,"END_CASH":42444812.16,"DIVI_RATIO":19.814146463056,"DIVIDEND_RATE":14.285714285714,"CURRENT_RATIO":1.472886098926,"COMMON_ACS":10000000000,"CURRENTDEBT_DEBT":81.538765139742,"ISSUED_COMMON_SHARES":400000000,"HK_COMMON_SHARES":400000000,"PER_SHARES":4000,"TOTAL_MARKET_CAP":154000000,"HKSK_MARKET_CAP":154000000,"PE_TTM":5.81044370661,"PB_TTM":0.913848965689,"REPORT_DATE_SQ":"2019-06-30 00:00:00","REPORT_TYPE_SQ":"2019年中报","OPERATE_INCOME_SQ":235211735.64,"DPS_HKD":0.055,"OPERATE_INCOME_QOQ_SQ":0,"NET_PROFIT_RATIO_SQ":1.5036584805,"HOLDER_PROFIT_SQ":3184997.31,"HOLDER_PROFIT_QOQ_SQ":0,"ROE_AVG_SQ":2.596944122676,"PE_TTM_SQ":4.467985443015,"PB_TTM_SQ":0.765365956028,"ROA_SQ":1.221558377759,"START_DATE":"2020-04-01 00:00:00","FISCAL_YEAR":"3-31","CURRENCY":"HKD","IS_CNY_CODE":0,"DPS_HKD_LY":0.01,"ORG_TYPE":"一般企业","PREMIUM_INCOME":null,"PREMIUM_INCOME_YOY":null,"NET_INTEREST_INCOME":null,"NET_INTEREST_INCOME_YOY":null,"FEE_COMMISSION_INCOME":null,"FEE_COMMISSION_INCOME_YOY":null,"ACCOUNTS_RECE_TDAYS":3.680928349188,"INVENTORY_TDAYS":7.137263893053,"CURRENT_ASSETS_TDAYS":1.324915270131,"TOTAL_ASSETS_TDAYS":0.787362535008,"PREMIUM_EXPENSE":null,"LOAN_DEPOSIT":null,"LOAN_EQUITY":null,"LOAN_ASSETS":null,"DEPOSIT_EQUITY":null,"DEPOSIT_ASSETS":null,"EQUITY_MULTIPLIER":2.102464561306,"EQUITY_RATIO":1.158521947874}],"count":18},"success":true,"message":"ok","code":0}