{"version":"5d1ec19c81a2898d5f8ad710a4550cc3","result":{"pages":2,"data":[{"SECUCODE":"01706.HK","SECURITY_CODE":"01706","SECURITY_NAME_ABBR":"双运控股","ORG_CODE":"10703150","STD_REPORT_DATE":"2022-12-31 00:00:00","REPORT_DATE":"2022-12-31 00:00:00","DATE_TYPE_CODE":"001","REPORT_TYPE":"2022年年报","PER_NETCASH_OPERATE":0.002505971836,"PER_OI":0.510597531651,"BPS":0.298759497297,"BASIC_EPS":0.00310986,"DILUTED_EPS":0.00310986,"OPERATE_INCOME":510597531.6507,"OPERATE_INCOME_YOY":25.6276626633,"GROSS_PROFIT":61455197.7702,"GROSS_PROFIT_YOY":9.425040403654,"HOLDER_PROFIT":3045304.4895,"HOLDER_PROFIT_YOY":-70.1077513949,"GROSS_PROFIT_RATIO":12.035937105204,"EPS_TTM":0.00304530449,"OPERATE_INCOME_QOQ":19.309299801149,"NET_PROFIT_RATIO":0.5964197437,"ROE_AVG":1.02467284266,"GROSS_PROFIT_QOQ":-8.7777901728,"ROA":0.39171364223,"HOLDER_PROFIT_QOQ":-74.070478058423,"ROE_YEARLY":1.02467284266,"ROIC_YEARLY":0.402673227446,"TOTAL_ASSETS":791655690.2787,"TOTAL_LIABILITIES":492896192.9814,"TAX_EBT":50.968537146729,"OCF_SALES":0.490791999679,"TOTAL_PARENT_EQUITY":298759497.2973,"DEBT_ASSET_RATIO":62.2614349943,"OPERATE_PROFIT":21450616.9839,"PRETAX_PROFIT":6210919.0962,"NETCASH_OPERATE":2505971.8359,"NETCASH_INVEST":-547910.6841,"NETCASH_FINANCE":-19133211.5091,"END_CASH":10757741.7402,"DIVI_RATIO":null,"DIVIDEND_RATE":null,"CURRENT_RATIO":1.674670339085,"COMMON_ACS":2000000000,"CURRENTDEBT_DEBT":82.678951300924,"ISSUED_COMMON_SHARES":1000000000,"HK_COMMON_SHARES":1000000000,"PER_SHARES":5000,"TOTAL_MARKET_CAP":58000000,"HKSK_MARKET_CAP":58000000,"PE_TTM":17.012965415119,"PB_TTM":0.173415943015,"REPORT_DATE_SQ":"2021-12-31 00:00:00","REPORT_TYPE_SQ":"2021年年报","OPERATE_INCOME_SQ":369958129.2792,"DPS_HKD":null,"OPERATE_INCOME_QOQ_SQ":8.501173765324,"NET_PROFIT_RATIO_SQ":2.5065634692,"HOLDER_PROFIT_SQ":9273235.3197,"HOLDER_PROFIT_QOQ_SQ":68.856657530505,"ROE_AVG_SQ":3.501925954781,"PE_TTM_SQ":17.012965415119,"PB_TTM_SQ":0.173415943015,"ROA_SQ":1.36210172459,"START_DATE":"2022-01-01 00:00:00","FISCAL_YEAR":"12-31","CURRENCY":"HKD","IS_CNY_CODE":0,"DPS_HKD_LY":null,"ORG_TYPE":"一般企业","PREMIUM_INCOME":null,"PREMIUM_INCOME_YOY":null,"NET_INTEREST_INCOME":null,"NET_INTEREST_INCOME_YOY":null,"FEE_COMMISSION_INCOME":null,"FEE_COMMISSION_INCOME_YOY":null,"ACCOUNTS_RECE_TDAYS":1.123807387722,"INVENTORY_TDAYS":null,"CURRENT_ASSETS_TDAYS":0.768464762872,"TOTAL_ASSETS_TDAYS":0.656775109111,"PREMIUM_EXPENSE":null,"LOAN_DEPOSIT":null,"LOAN_EQUITY":null,"LOAN_ASSETS":null,"DEPOSIT_EQUITY":null,"DEPOSIT_ASSETS":null,"EQUITY_MULTIPLIER":2.649809286201,"EQUITY_RATIO":1.6498092862},{"SECUCODE":"01706.HK","SECURITY_CODE":"01706","SECURITY_NAME_ABBR":"双运控股","ORG_CODE":"10703150","STD_REPORT_DATE":"2022-06-30 00:00:00","REPORT_DATE":"2022-06-30 00:00:00","DATE_TYPE_CODE":"002","REPORT_TYPE":"2022年中报","PER_NETCASH_OPERATE":0.021489181321,"PER_OI":0.256851125051,"BPS":0.282058317456,"BASIC_EPS":0.007302572,"DILUTED_EPS":null,"OPERATE_INCOME":256851125.051,"OPERATE_INCOME_YOY":28.7860956296,"GROSS_PROFIT":44717795.793,"GROSS_PROFIT_YOY":33.442015900011,"HOLDER_PROFIT":7304118.257,"HOLDER_PROFIT_YOY":50.6874404359,"GROSS_PROFIT_RATIO":17.410005809444,"EPS_TTM":0.01174454545,"OPERATE_INCOME_QOQ":15.678284465463,"NET_PROFIT_RATIO":2.8437166688,"ROE_AVG":2.623546719416,"GROSS_PROFIT_QOQ":19.954384585656,"ROA":1.015990690055,"HOLDER_PROFIT_QOQ":26.649923629674,"ROE_YEARLY":5.247093438832,"ROIC_YEARLY":2.121225787267,"TOTAL_ASSETS":728532709.183,"TOTAL_LIABILITIES":446474391.727,"TAX_EBT":16.193920260695,"OCF_SALES":8.366395637447,"TOTAL_PARENT_EQUITY":282058317.456,"DEBT_ASSET_RATIO":61.2840557602,"OPERATE_PROFIT":14912352.992,"PRETAX_PROFIT":8715499.257,"NETCASH_OPERATE":21489181.321,"NETCASH_INVEST":-8641033.254,"NETCASH_FINANCE":-6202152.435,"END_CASH":32605892.457,"DIVI_RATIO":null,"DIVIDEND_RATE":null,"CURRENT_RATIO":1.721567566738,"COMMON_ACS":2000000000,"CURRENTDEBT_DEBT":81.255792397121,"ISSUED_COMMON_SHARES":1000000000,"HK_COMMON_SHARES":1000000000,"PER_SHARES":5000,"TOTAL_MARKET_CAP":58000000,"HKSK_MARKET_CAP":58000000,"PE_TTM":17.012965415119,"PB_TTM":0.173415943015,"REPORT_DATE_SQ":"2021-06-30 00:00:00","REPORT_TYPE_SQ":"2021年中报","OPERATE_INCOME_SQ":198848037.1395,"DPS_HKD":null,"OPERATE_INCOME_QOQ_SQ":5.648922369203,"NET_PROFIT_RATIO_SQ":2.4304027316,"HOLDER_PROFIT_SQ":4832808.1263,"HOLDER_PROFIT_QOQ_SQ":94.504405529889,"ROE_AVG_SQ":1.805949657679,"PE_TTM_SQ":17.012965415119,"PB_TTM_SQ":0.173415943015,"ROA_SQ":0.699793175642,"START_DATE":"2022-01-01 00:00:00","FISCAL_YEAR":"12-31","CURRENCY":"HKD","IS_CNY_CODE":0,"DPS_HKD_LY":null,"ORG_TYPE":"一般企业","PREMIUM_INCOME":null,"PREMIUM_INCOME_YOY":null,"NET_INTEREST_INCOME":null,"NET_INTEREST_INCOME_YOY":null,"FEE_COMMISSION_INCOME":null,"FEE_COMMISSION_INCOME_YOY":null,"ACCOUNTS_RECE_TDAYS":0.652752307367,"INVENTORY_TDAYS":null,"CURRENT_ASSETS_TDAYS":0.419240739651,"TOTAL_ASSETS_TDAYS":0.35727563903,"PREMIUM_EXPENSE":null,"LOAN_DEPOSIT":null,"LOAN_EQUITY":null,"LOAN_ASSETS":null,"DEPOSIT_EQUITY":null,"DEPOSIT_ASSETS":null,"EQUITY_MULTIPLIER":2.582915177804,"EQUITY_RATIO":1.582915177804},{"SECUCODE":"01706.HK","SECURITY_CODE":"01706","SECURITY_NAME_ABBR":"双运控股","ORG_CODE":"10703150","STD_REPORT_DATE":"2021-12-31 00:00:00","REPORT_DATE":"2021-12-31 00:00:00","DATE_TYPE_CODE":"001","REPORT_TYPE":"2021年年报","PER_NETCASH_OPERATE":-0.033777375721,"PER_OI":0.369958129279,"BPS":0.269101689101,"BASIC_EPS":0.0094358,"DILUTED_EPS":0.0094358,"OPERATE_INCOME":369958129.2792,"OPERATE_INCOME_YOY":19.8177079199,"GROSS_PROFIT":56161914.6253,"GROSS_PROFIT_YOY":19.201958676047,"HOLDER_PROFIT":9273235.3197,"HOLDER_PROFIT_YOY":243.2963059995,"GROSS_PROFIT_RATIO":15.180613745324,"EPS_TTM":0.00927323532,"OPERATE_INCOME_QOQ":8.501173765324,"NET_PROFIT_RATIO":2.5065634692,"ROE_AVG":3.501925954781,"GROSS_PROFIT_QOQ":9.309515713635,"ROA":1.36210172459,"HOLDER_PROFIT_QOQ":68.856657530505,"ROE_YEARLY":3.501925954781,"ROIC_YEARLY":1.416944989401,"TOTAL_ASSETS":694706632.6838,"TOTAL_LIABILITIES":425604943.5825,"TAX_EBT":5.437683329252,"OCF_SALES":-9.130053659561,"TOTAL_PARENT_EQUITY":269101689.1013,"DEBT_ASSET_RATIO":61.2639815944,"OPERATE_PROFIT":21502225.5536,"PRETAX_PROFIT":9806480.6851,"NETCASH_OPERATE":-33777375.7211,"NETCASH_INVEST":3361933.0789,"NETCASH_FINANCE":30452865.025,"END_CASH":25425824.6275,"DIVI_RATIO":null,"DIVIDEND_RATE":null,"CURRENT_RATIO":1.510161086076,"COMMON_ACS":2000000000,"CURRENTDEBT_DEBT":91.545965042386,"ISSUED_COMMON_SHARES":1000000000,"HK_COMMON_SHARES":1000000000,"PER_SHARES":5000,"TOTAL_MARKET_CAP":58000000,"HKSK_MARKET_CAP":58000000,"PE_TTM":17.012965415119,"PB_TTM":0.173415943015,"REPORT_DATE_SQ":"2020-12-31 00:00:00","REPORT_TYPE_SQ":"2020年年报","OPERATE_INCOME_SQ":322740202.2126,"DPS_HKD":null,"OPERATE_INCOME_QOQ_SQ":-39.184340376341,"NET_PROFIT_RATIO_SQ":0.8748439304,"HOLDER_PROFIT_SQ":2823473.07,"HOLDER_PROFIT_QOQ_SQ":-82.876383429557,"ROE_AVG_SQ":1.037902079309,"PE_TTM_SQ":17.012965415119,"PB_TTM_SQ":0.173415943015,"ROA_SQ":0.410567423936,"START_DATE":"2021-01-01 00:00:00","FISCAL_YEAR":"12-31","CURRENCY":"HKD","IS_CNY_CODE":0,"DPS_HKD_LY":null,"ORG_TYPE":"一般企业","PREMIUM_INCOME":null,"PREMIUM_INCOME_YOY":null,"NET_INTEREST_INCOME":null,"NET_INTEREST_INCOME_YOY":null,"FEE_COMMISSION_INCOME":null,"FEE_COMMISSION_INCOME_YOY":null,"ACCOUNTS_RECE_TDAYS":1.001480358809,"INVENTORY_TDAYS":null,"CURRENT_ASSETS_TDAYS":0.658963486561,"TOTAL_ASSETS_TDAYS":0.543414017378,"PREMIUM_EXPENSE":null,"LOAN_DEPOSIT":null,"LOAN_EQUITY":null,"LOAN_ASSETS":null,"DEPOSIT_EQUITY":null,"DEPOSIT_ASSETS":null,"EQUITY_MULTIPLIER":2.581576633739,"EQUITY_RATIO":1.58157663374},{"SECUCODE":"01706.HK","SECURITY_CODE":"01706","SECURITY_NAME_ABBR":"双运控股","ORG_CODE":"10703150","STD_REPORT_DATE":"2021-06-30 00:00:00","REPORT_DATE":"2021-06-30 00:00:00","DATE_TYPE_CODE":"002","REPORT_TYPE":"2021年中报","PER_NETCASH_OPERATE":0.015910754368,"PER_OI":0.19884803714,"BPS":0.270021212744,"BASIC_EPS":0.0048315162,"DILUTED_EPS":null,"OPERATE_INCOME":198848037.1395,"OPERATE_INCOME_YOY":16.4803850268,"GROSS_PROFIT":33511031.358,"GROSS_PROFIT_YOY":14.578753663668,"HOLDER_PROFIT":4832808.1263,"HOLDER_PROFIT_YOY":136.2277979407,"GROSS_PROFIT_RATIO":16.852583430075,"EPS_TTM":0.00549177951,"OPERATE_INCOME_QOQ":5.648922369203,"NET_PROFIT_RATIO":2.4304027316,"ROE_AVG":1.805949657679,"GROSS_PROFIT_QOQ":9.049937599512,"ROA":0.699793175642,"HOLDER_PROFIT_QOQ":94.504405529889,"ROE_YEARLY":3.611899315357,"ROIC_YEARLY":1.45556874065,"TOTAL_ASSETS":702323252.3349,"TOTAL_LIABILITIES":432302039.5911,"TAX_EBT":16.441509330557,"OCF_SALES":8.001464131496,"TOTAL_PARENT_EQUITY":270021212.7438,"DEBT_ASSET_RATIO":61.5531435352,"OPERATE_PROFIT":12415618.2591,"PRETAX_PROFIT":5783742.7263,"NETCASH_OPERATE":15910754.3679,"NETCASH_INVEST":292479.6273,"NETCASH_FINANCE":-16691279.5665,"END_CASH":25356690.3198,"DIVI_RATIO":null,"DIVIDEND_RATE":null,"CURRENT_RATIO":1.500321567691,"COMMON_ACS":2000000000,"CURRENTDEBT_DEBT":89.530003418533,"ISSUED_COMMON_SHARES":1000000000,"HK_COMMON_SHARES":1000000000,"PER_SHARES":5000,"TOTAL_MARKET_CAP":58000000,"HKSK_MARKET_CAP":58000000,"PE_TTM":17.012965415119,"PB_TTM":0.173415943015,"REPORT_DATE_SQ":"2020-06-30 00:00:00","REPORT_TYPE_SQ":"2020年中报","OPERATE_INCOME_SQ":180616693.6623,"DPS_HKD":null,"OPERATE_INCOME_QOQ_SQ":-8.641400781451,"NET_PROFIT_RATIO_SQ":1.1983951441,"HOLDER_PROFIT_SQ":2164501.6862,"HOLDER_PROFIT_QOQ_SQ":-41.901268262221,"ROE_AVG_SQ":0.76995142268,"PE_TTM_SQ":17.012965415119,"PB_TTM_SQ":0.173415943015,"ROA_SQ":0.311696494482,"START_DATE":"2021-01-01 00:00:00","FISCAL_YEAR":"12-31","CURRENCY":"HKD","IS_CNY_CODE":0,"DPS_HKD_LY":null,"ORG_TYPE":"一般企业","PREMIUM_INCOME":null,"PREMIUM_INCOME_YOY":null,"NET_INTEREST_INCOME":null,"NET_INTEREST_INCOME_YOY":null,"FEE_COMMISSION_INCOME":null,"FEE_COMMISSION_INCOME_YOY":null,"ACCOUNTS_RECE_TDAYS":0.530868413628,"INVENTORY_TDAYS":null,"CURRENT_ASSETS_TDAYS":0.353588008273,"TOTAL_ASSETS_TDAYS":0.287933010671,"PREMIUM_EXPENSE":null,"LOAN_DEPOSIT":null,"LOAN_EQUITY":null,"LOAN_ASSETS":null,"DEPOSIT_EQUITY":null,"DEPOSIT_ASSETS":null,"EQUITY_MULTIPLIER":2.600992881994,"EQUITY_RATIO":1.600992881997},{"SECUCODE":"01706.HK","SECURITY_CODE":"01706","SECURITY_NAME_ABBR":"双运控股","ORG_CODE":"10703150","STD_REPORT_DATE":"2020-12-31 00:00:00","REPORT_DATE":"2020-12-31 00:00:00","DATE_TYPE_CODE":"001","REPORT_TYPE":"2020年年报","PER_NETCASH_OPERATE":0.006068852067,"PER_OI":0.322740202213,"BPS":0.272294771385,"BASIC_EPS":0.00295884,"DILUTED_EPS":0.00295884,"OPERATE_INCOME":322740202.2126,"OPERATE_INCOME_YOY":-41.7075037719,"GROSS_PROFIT":47114926.0038,"GROSS_PROFIT_YOY":-57.574142146201,"HOLDER_PROFIT":2823473.07,"HOLDER_PROFIT_YOY":-89.5621765583,"GROSS_PROFIT_RATIO":14.598406297324,"EPS_TTM":0.00282347307,"OPERATE_INCOME_QOQ":-39.184340376341,"NET_PROFIT_RATIO":0.8748439304,"ROE_AVG":1.037902079309,"GROSS_PROFIT_QOQ":-45.118769342698,"ROA":0.410567423936,"HOLDER_PROFIT_QOQ":-82.876383429557,"ROE_YEARLY":1.037902079309,"ROIC_YEARLY":0.425498463033,"TOTAL_ASSETS":697079595.4596,"TOTAL_LIABILITIES":424784824.0746,"TAX_EBT":null,"OCF_SALES":1.880414037481,"TOTAL_PARENT_EQUITY":272294771.385,"DEBT_ASSET_RATIO":60.9377791061,"OPERATE_PROFIT":14690369.373,"PRETAX_PROFIT":2823473.07,"NETCASH_OPERATE":6068852.067,"NETCASH_INVEST":1472570.2854,"NETCASH_FINANCE":-758010.4254,"END_CASH":26537308.3002,"DIVI_RATIO":null,"DIVIDEND_RATE":null,"CURRENT_RATIO":1.511924077057,"COMMON_ACS":2000000000,"CURRENTDEBT_DEBT":86.982598513197,"ISSUED_COMMON_SHARES":1000000000,"HK_COMMON_SHARES":1000000000,"PER_SHARES":5000,"TOTAL_MARKET_CAP":58000000,"HKSK_MARKET_CAP":58000000,"PE_TTM":17.012965415119,"PB_TTM":0.173415943015,"REPORT_DATE_SQ":"2019-12-31 00:00:00","REPORT_TYPE_SQ":"2019年年报","OPERATE_INCOME_SQ":580882393.413,"DPS_HKD":null,"OPERATE_INCOME_QOQ_SQ":15.917008513591,"NET_PROFIT_RATIO_SQ":4.8857730539,"HOLDER_PROFIT_SQ":28380595.4521,"HOLDER_PROFIT_QOQ_SQ":35.838635227543,"ROE_AVG_SQ":10.502292254067,"PE_TTM_SQ":17.012965415119,"PB_TTM_SQ":0.173415943015,"ROA_SQ":4.398722458993,"START_DATE":"2020-01-01 00:00:00","FISCAL_YEAR":"12-31","CURRENCY":"HKD","IS_CNY_CODE":0,"DPS_HKD_LY":null,"ORG_TYPE":"一般企业","PREMIUM_INCOME":null,"PREMIUM_INCOME_YOY":null,"NET_INTEREST_INCOME":null,"NET_INTEREST_INCOME_YOY":null,"FEE_COMMISSION_INCOME":null,"FEE_COMMISSION_INCOME_YOY":null,"ACCOUNTS_RECE_TDAYS":0.927285121807,"INVENTORY_TDAYS":null,"CURRENT_ASSETS_TDAYS":0.6010495239,"TOTAL_ASSETS_TDAYS":0.469303620533,"PREMIUM_EXPENSE":null,"LOAN_DEPOSIT":null,"LOAN_EQUITY":null,"LOAN_ASSETS":null,"DEPOSIT_EQUITY":null,"DEPOSIT_ASSETS":null,"EQUITY_MULTIPLIER":2.560018291628,"EQUITY_RATIO":1.560018291626},{"SECUCODE":"01706.HK","SECURITY_CODE":"01706","SECURITY_NAME_ABBR":"双运控股","ORG_CODE":"10703150","STD_REPORT_DATE":"2020-06-30 00:00:00","REPORT_DATE":"2020-06-30 00:00:00","DATE_TYPE_CODE":"002","REPORT_TYPE":"2020年中报","PER_NETCASH_OPERATE":0.008214673482,"PER_OI":0.180616693662,"BPS":0.282204101189,"BASIC_EPS":0.0021646338,"DILUTED_EPS":null,"OPERATE_INCOME":180616693.6623,"OPERATE_INCOME_YOY":-21.7599515152,"GROSS_PROFIT":29247159.9546,"GROSS_PROFIT_YOY":-46.286853777933,"HOLDER_PROFIT":2164501.6862,"HOLDER_PROFIT_YOY":-84.6036573244,"GROSS_PROFIT_RATIO":16.192943941983,"EPS_TTM":0.016488766017,"OPERATE_INCOME_QOQ":-8.641400781451,"NET_PROFIT_RATIO":1.1983951441,"ROE_AVG":0.76995142268,"GROSS_PROFIT_QOQ":-22.695141224655,"ROA":0.311696494482,"HOLDER_PROFIT_QOQ":-41.901268262221,"ROE_YEARLY":1.539902845359,"ROIC_YEARLY":0.643180416286,"TOTAL_ASSETS":689912328.6384,"TOTAL_LIABILITIES":407708227.4496,"TAX_EBT":null,"OCF_SALES":4.548125267844,"TOTAL_PARENT_EQUITY":282204101.1888,"DEBT_ASSET_RATIO":59.0956575967,"OPERATE_PROFIT":9842874.4414,"PRETAX_PROFIT":2164501.6862,"NETCASH_OPERATE":8214673.4824,"NETCASH_INVEST":-936407.3705,"NETCASH_FINANCE":-7291502.8984,"END_CASH":20341119.7129,"DIVI_RATIO":null,"DIVIDEND_RATE":null,"CURRENT_RATIO":1.741873705261,"COMMON_ACS":2000000000,"CURRENTDEBT_DEBT":74.493951617728,"ISSUED_COMMON_SHARES":1000000000,"HK_COMMON_SHARES":1000000000,"PER_SHARES":5000,"TOTAL_MARKET_CAP":58000000,"HKSK_MARKET_CAP":58000000,"PE_TTM":17.012965415119,"PB_TTM":0.173415943015,"REPORT_DATE_SQ":"2019-06-30 00:00:00","REPORT_TYPE_SQ":"2019年中报","OPERATE_INCOME_SQ":230813069.346,"DPS_HKD":null,"OPERATE_INCOME_QOQ_SQ":10.26142007368,"NET_PROFIT_RATIO_SQ":6.0899199343,"HOLDER_PROFIT_SQ":14056331.121,"HOLDER_PROFIT_QOQ_SQ":34.139266005723,"ROE_AVG_SQ":5.453667533178,"PE_TTM_SQ":17.012965415119,"PB_TTM_SQ":0.173415943015,"ROA_SQ":2.37564402672,"START_DATE":"2020-01-01 00:00:00","FISCAL_YEAR":"12-31","CURRENCY":"HKD","IS_CNY_CODE":0,"DPS_HKD_LY":null,"ORG_TYPE":"一般企业","PREMIUM_INCOME":null,"PREMIUM_INCOME_YOY":null,"NET_INTEREST_INCOME":null,"NET_INTEREST_INCOME_YOY":null,"FEE_COMMISSION_INCOME":null,"FEE_COMMISSION_INCOME_YOY":null,"ACCOUNTS_RECE_TDAYS":0.529824085707,"INVENTORY_TDAYS":null,"CURRENT_ASSETS_TDAYS":0.340791210756,"TOTAL_ASSETS_TDAYS":0.260094924473,"PREMIUM_EXPENSE":null,"LOAN_DEPOSIT":null,"LOAN_EQUITY":null,"LOAN_ASSETS":null,"DEPOSIT_EQUITY":null,"DEPOSIT_ASSETS":null,"EQUITY_MULTIPLIER":2.44472821526,"EQUITY_RATIO":1.44472821526},{"SECUCODE":"01706.HK","SECURITY_CODE":"01706","SECURITY_NAME_ABBR":"双运控股","ORG_CODE":"10703150","STD_REPORT_DATE":"2019-12-31 00:00:00","REPORT_DATE":"2019-12-31 00:00:00","DATE_TYPE_CODE":"001","REPORT_TYPE":"2019年年报","PER_NETCASH_OPERATE":-0.010526847983,"PER_OI":0.580882393413,"BPS":0.285142952368,"BASIC_EPS":0.02845645,"DILUTED_EPS":0.02845645,"OPERATE_INCOME":580882393.413,"OPERATE_INCOME_YOY":23.6690178117,"GROSS_PROFIT":111052382.644,"GROSS_PROFIT_YOY":16.930396807682,"HOLDER_PROFIT":28380595.4521,"HOLDER_PROFIT_YOY":76.3069370323,"GROSS_PROFIT_RATIO":19.117877199119,"EPS_TTM":0.028380595452,"OPERATE_INCOME_QOQ":15.917008513591,"NET_PROFIT_RATIO":4.8857730539,"ROE_AVG":10.502292254067,"GROSS_PROFIT_QOQ":6.474527434015,"ROA":4.398722458993,"HOLDER_PROFIT_QOQ":35.838635227543,"ROE_YEARLY":10.502292254067,"ROIC_YEARLY":4.556280451292,"TOTAL_ASSETS":711677048.7647,"TOTAL_LIABILITIES":426534096.3969,"TAX_EBT":23.518977624165,"OCF_SALES":-1.812216741766,"TOTAL_PARENT_EQUITY":285142952.3678,"DEBT_ASSET_RATIO":59.9336591137,"OPERATE_PROFIT":49457987.8809,"PRETAX_PROFIT":37108023.1023,"NETCASH_OPERATE":-10526847.9834,"NETCASH_INVEST":-4293059.0467,"NETCASH_FINANCE":13562219.8964,"END_CASH":20725287.8382,"DIVI_RATIO":null,"DIVIDEND_RATE":null,"CURRENT_RATIO":1.540493679087,"COMMON_ACS":2000000000,"CURRENTDEBT_DEBT":82.277287687487,"ISSUED_COMMON_SHARES":1000000000,"HK_COMMON_SHARES":1000000000,"PER_SHARES":5000,"TOTAL_MARKET_CAP":58000000,"HKSK_MARKET_CAP":58000000,"PE_TTM":17.012965415119,"PB_TTM":0.173415943015,"REPORT_DATE_SQ":"2018-12-31 00:00:00","REPORT_TYPE_SQ":"2018年年报","OPERATE_INCOME_SQ":454482815.7442,"DPS_HKD":null,"OPERATE_INCOME_QOQ_SQ":32.464659313857,"NET_PROFIT_RATIO_SQ":3.4270844074,"HOLDER_PROFIT_SQ":15575509.7128,"HOLDER_PROFIT_QOQ_SQ":47.983729162612,"ROE_AVG_SQ":6.526414303452,"PE_TTM_SQ":17.012965415119,"PB_TTM_SQ":0.173415943015,"ROA_SQ":2.946988372173,"START_DATE":"2019-01-01 00:00:00","FISCAL_YEAR":"12-31","CURRENCY":"HKD","IS_CNY_CODE":0,"DPS_HKD_LY":null,"ORG_TYPE":"一般企业","PREMIUM_INCOME":null,"PREMIUM_INCOME_YOY":null,"NET_INTEREST_INCOME":null,"NET_INTEREST_INCOME_YOY":null,"FEE_COMMISSION_INCOME":null,"FEE_COMMISSION_INCOME_YOY":null,"ACCOUNTS_RECE_TDAYS":1.900394633665,"INVENTORY_TDAYS":null,"CURRENT_ASSETS_TDAYS":1.219502967659,"TOTAL_ASSETS_TDAYS":0.900312480847,"PREMIUM_EXPENSE":null,"LOAN_DEPOSIT":null,"LOAN_EQUITY":null,"LOAN_ASSETS":null,"DEPOSIT_EQUITY":null,"DEPOSIT_ASSETS":null,"EQUITY_MULTIPLIER":2.495860559959,"EQUITY_RATIO":1.495860559958},{"SECUCODE":"01706.HK","SECURITY_CODE":"01706","SECURITY_NAME_ABBR":"双运控股","ORG_CODE":"10703150","STD_REPORT_DATE":"2019-06-30 00:00:00","REPORT_DATE":"2019-06-30 00:00:00","DATE_TYPE_CODE":"002","REPORT_TYPE":"2019年中报","PER_NETCASH_OPERATE":0.005469879681,"PER_OI":0.230813069346,"BPS":0.264769053422,"BASIC_EPS":0.014072985,"DILUTED_EPS":null,"OPERATE_INCOME":230813069.346,"OPERATE_INCOME_YOY":19.3545625198,"GROSS_PROFIT":54450655.029,"GROSS_PROFIT_YOY":20.668312295765,"HOLDER_PROFIT":14056331.121,"HOLDER_PROFIT_YOY":53.1881507828,"GROSS_PROFIT_RATIO":23.590802368031,"EPS_TTM":0.020892874405,"OPERATE_INCOME_QOQ":10.26142007368,"NET_PROFIT_RATIO":6.0899199343,"ROE_AVG":5.453667533178,"GROSS_PROFIT_QOQ":9.820066475661,"ROA":2.37564402672,"HOLDER_PROFIT_QOQ":34.139266005723,"ROE_YEARLY":10.907335066356,"ROIC_YEARLY":4.936665403426,"TOTAL_ASSETS":615092685.3405,"TOTAL_LIABILITIES":350323631.919,"TAX_EBT":17.748196789152,"OCF_SALES":2.36983100502,"TOTAL_PARENT_EQUITY":264769053.4215,"DEBT_ASSET_RATIO":56.9546086741,"OPERATE_PROFIT":23611181.7465,"PRETAX_PROFIT":17089389.621,"NETCASH_OPERATE":5469879.681,"NETCASH_INVEST":92073.9015,"NETCASH_FINANCE":-5161025.925,"END_CASH":21987062.748,"DIVI_RATIO":null,"DIVIDEND_RATE":null,"CURRENT_RATIO":1.645016754334,"COMMON_ACS":2000000000,"CURRENTDEBT_DEBT":77.802265080142,"ISSUED_COMMON_SHARES":1000000000,"HK_COMMON_SHARES":1000000000,"PER_SHARES":5000,"TOTAL_MARKET_CAP":58000000,"HKSK_MARKET_CAP":58000000,"PE_TTM":17.012965415119,"PB_TTM":0.173415943015,"REPORT_DATE_SQ":"2018-06-30 00:00:00","REPORT_TYPE_SQ":"2018年中报","OPERATE_INCOME_SQ":184176678.4598,"DPS_HKD":null,"OPERATE_INCOME_QOQ_SQ":7.041308694726,"NET_PROFIT_RATIO_SQ":4.7448821976,"HOLDER_PROFIT_SQ":8738966.4284,"HOLDER_PROFIT_QOQ_SQ":-17.626337792795,"ROE_AVG_SQ":3.851099343149,"PE_TTM_SQ":17.012965415119,"PB_TTM_SQ":0.173415943015,"ROA_SQ":1.842442657607,"START_DATE":"2019-01-01 00:00:00","FISCAL_YEAR":"12-31","CURRENCY":"HKD","IS_CNY_CODE":0,"DPS_HKD_LY":null,"ORG_TYPE":"一般企业","PREMIUM_INCOME":null,"PREMIUM_INCOME_YOY":null,"NET_INTEREST_INCOME":null,"NET_INTEREST_INCOME_YOY":null,"FEE_COMMISSION_INCOME":null,"FEE_COMMISSION_INCOME_YOY":null,"ACCOUNTS_RECE_TDAYS":0.805837954691,"INVENTORY_TDAYS":null,"CURRENT_ASSETS_TDAYS":0.541205122165,"TOTAL_ASSETS_TDAYS":0.390094459757,"PREMIUM_EXPENSE":null,"LOAN_DEPOSIT":null,"LOAN_EQUITY":null,"LOAN_ASSETS":null,"DEPOSIT_EQUITY":null,"DEPOSIT_ASSETS":null,"EQUITY_MULTIPLIER":2.323129071888,"EQUITY_RATIO":1.323129071891},{"SECUCODE":"01706.HK","SECURITY_CODE":"01706","SECURITY_NAME_ABBR":"双运控股","ORG_CODE":"10703150","STD_REPORT_DATE":"2018-12-31 00:00:00","REPORT_DATE":"2018-12-31 00:00:00","DATE_TYPE_CODE":"001","REPORT_TYPE":"2018年年报","PER_NETCASH_OPERATE":-0.029287972108,"PER_OI":0.454482815744,"BPS":0.247046162854,"BASIC_EPS":0.01551922,"DILUTED_EPS":null,"OPERATE_INCOME":454482815.7442,"OPERATE_INCOME_YOY":38.305311565,"GROSS_PROFIT":94973065.7518,"GROSS_PROFIT_YOY":-2.18048033931,"HOLDER_PROFIT":15575509.7128,"HOLDER_PROFIT_YOY":18.9021654472,"GROSS_PROFIT_RATIO":20.896954177747,"EPS_TTM":0.015575509713,"OPERATE_INCOME_QOQ":32.464659313857,"NET_PROFIT_RATIO":3.4270844074,"ROE_AVG":6.526414303452,"GROSS_PROFIT_QOQ":-1.568155481094,"ROA":2.946988372173,"HOLDER_PROFIT_QOQ":47.983729162612,"ROE_YEARLY":6.526414303452,"ROIC_YEARLY":3.252708437134,"TOTAL_ASSETS":559966663.7246,"TOTAL_LIABILITIES":312920500.8704,"TAX_EBT":24.467007343678,"OCF_SALES":-6.444241914855,"TOTAL_PARENT_EQUITY":247046162.8542,"DEBT_ASSET_RATIO":55.8819874721,"OPERATE_PROFIT":31130629.173,"PRETAX_PROFIT":20620803.1286,"NETCASH_OPERATE":-29287972.108,"NETCASH_INVEST":-880395.3382,"NETCASH_FINANCE":-25790775.9554,"END_CASH":21270447.6902,"DIVI_RATIO":null,"DIVIDEND_RATE":null,"CURRENT_RATIO":1.707039872448,"COMMON_ACS":2000000000,"CURRENTDEBT_DEBT":74.635230472972,"ISSUED_COMMON_SHARES":1000000000,"HK_COMMON_SHARES":1000000000,"PER_SHARES":5000,"TOTAL_MARKET_CAP":58000000,"HKSK_MARKET_CAP":58000000,"PE_TTM":17.012965415119,"PB_TTM":0.173415943015,"REPORT_DATE_SQ":"2017-12-31 00:00:00","REPORT_TYPE_SQ":"2017年年报","OPERATE_INCOME_SQ":320528041.5018,"DPS_HKD":null,"OPERATE_INCOME_QOQ_SQ":29.753229969016,"NET_PROFIT_RATIO_SQ":3.9863359506,"HOLDER_PROFIT_SQ":12777324.5502,"HOLDER_PROFIT_QOQ_SQ":-62.241624996405,"ROE_AVG_SQ":7.945137830413,"PE_TTM_SQ":17.012965415119,"PB_TTM_SQ":0.173415943015,"ROA_SQ":3.251741886524,"START_DATE":"2018-01-01 00:00:00","FISCAL_YEAR":"12-31","CURRENCY":"HKD","IS_CNY_CODE":0,"DPS_HKD_LY":null,"ORG_TYPE":"一般企业","PREMIUM_INCOME":null,"PREMIUM_INCOME_YOY":null,"NET_INTEREST_INCOME":null,"NET_INTEREST_INCOME_YOY":null,"FEE_COMMISSION_INCOME":null,"FEE_COMMISSION_INCOME_YOY":null,"ACCOUNTS_RECE_TDAYS":1.647342816122,"INVENTORY_TDAYS":null,"CURRENT_ASSETS_TDAYS":1.181917209102,"TOTAL_ASSETS_TDAYS":0.859911231187,"PREMIUM_EXPENSE":null,"LOAN_DEPOSIT":null,"LOAN_EQUITY":null,"LOAN_ASSETS":null,"DEPOSIT_EQUITY":null,"DEPOSIT_ASSETS":null,"EQUITY_MULTIPLIER":2.266647889833,"EQUITY_RATIO":1.266647889832}],"count":15},"success":true,"message":"ok","code":0}