{"version":"030f108ff1a389e09e8a38f60989b2b0","result":{"pages":3,"data":[{"SECUCODE":"01702.HK","SECURITY_CODE":"01702","SECURITY_NAME_ABBR":"东光化工","ORG_CODE":"10591921","STD_REPORT_DATE":"2024-06-30 00:00:00","REPORT_DATE":"2024-06-30 00:00:00","DATE_TYPE_CODE":"002","REPORT_TYPE":"2024年中报","PER_NETCASH_OPERATE":0.133482246386,"PER_OI":2.15355007859,"BPS":2.914108196552,"BASIC_EPS":0.145,"DILUTED_EPS":0.145,"OPERATE_INCOME":1337234000,"OPERATE_INCOME_YOY":-17.4421547963,"GROSS_PROFIT":143427000,"GROSS_PROFIT_YOY":15.282968821586,"HOLDER_PROFIT":90126000,"HOLDER_PROFIT_YOY":27.341575415,"GROSS_PROFIT_RATIO":10.725647119352,"EPS_TTM":0.337278401917,"OPERATE_INCOME_QOQ":-9.672987159633,"NET_PROFIT_RATIO":6.7149803251,"ROE_AVG":5.051911493174,"GROSS_PROFIT_QOQ":5.710578716426,"ROA":4.353059255045,"HOLDER_PROFIT_QOQ":10.1804503367,"ROE_YEARLY":10.103822986349,"ROIC_YEARLY":14.017215515894,"TOTAL_ASSETS":2039601000,"TOTAL_LIABILITIES":225684000,"TAX_EBT":28.415405097298,"OCF_SALES":6.198242042903,"TOTAL_PARENT_EQUITY":1809498000,"DEBT_ASSET_RATIO":11.0651053809,"OPERATE_PROFIT":134255000,"PRETAX_PROFIT":125439000,"NETCASH_OPERATE":82885000,"NETCASH_INVEST":-79542000,"NETCASH_FINANCE":-49101000,"END_CASH":758077000,"DIVI_RATIO":0.214948836296,"DIVIDEND_RATE":4.678362573099,"CURRENT_RATIO":5.637220567538,"COMMON_ACS":500000000000,"CURRENTDEBT_DEBT":81.22773435423,"ISSUED_COMMON_SHARES":620944000,"HK_COMMON_SHARES":620944000,"PER_SHARES":4000,"TOTAL_MARKET_CAP":1061814240,"HKSK_MARKET_CAP":1061814240,"PE_TTM":4.582019414614,"PB_TTM":0.535561034366,"REPORT_DATE_SQ":"2023-06-30 00:00:00","REPORT_TYPE_SQ":"2023年中报","OPERATE_INCOME_SQ":1619754000,"DPS_HKD":0.08,"OPERATE_INCOME_QOQ_SQ":-3.21185033383,"NET_PROFIT_RATIO_SQ":4.5968091451,"HOLDER_PROFIT_SQ":70775000,"HOLDER_PROFIT_QOQ_SQ":-39.674863669102,"ROE_AVG_SQ":4.350427804873,"PE_TTM_SQ":10.227113450015,"PB_TTM_SQ":0.69614008592,"ROA_SQ":3.790769857019,"START_DATE":"2024-01-01 00:00:00","FISCAL_YEAR":"12-31","CURRENCY":"HKD","IS_CNY_CODE":0,"DPS_HKD_LY":0.08,"ORG_TYPE":"一般企业","PREMIUM_INCOME":null,"PREMIUM_INCOME_YOY":null,"NET_INTEREST_INCOME":null,"NET_INTEREST_INCOME_YOY":null,"FEE_COMMISSION_INCOME":null,"FEE_COMMISSION_INCOME_YOY":null,"ACCOUNTS_RECE_TDAYS":252.737478737479,"INVENTORY_TDAYS":12.109418268499,"CURRENT_ASSETS_TDAYS":1.244406848903,"TOTAL_ASSETS_TDAYS":0.645880083423,"PREMIUM_EXPENSE":null,"LOAN_DEPOSIT":null,"LOAN_EQUITY":null,"LOAN_ASSETS":null,"DEPOSIT_EQUITY":null,"DEPOSIT_ASSETS":null,"EQUITY_MULTIPLIER":1.124418041178,"EQUITY_RATIO":0.124721884191},{"SECUCODE":"01702.HK","SECURITY_CODE":"01702","SECURITY_NAME_ABBR":"东光化工","ORG_CODE":"10591921","STD_REPORT_DATE":"2023-12-31 00:00:00","REPORT_DATE":"2023-12-31 00:00:00","DATE_TYPE_CODE":"001","REPORT_TYPE":"2023年年报","PER_NETCASH_OPERATE":0.600331108763,"PER_OI":4.703662488083,"BPS":2.831975186168,"BASIC_EPS":0.306,"DILUTED_EPS":0.306,"OPERATE_INCOME":2920711000,"OPERATE_INCOME_YOY":-6.7098273562,"GROSS_PROFIT":332961000,"GROSS_PROFIT_YOY":1.015430169835,"HOLDER_PROFIT":190080000,"HOLDER_PROFIT_YOY":-2.212161745,"GROSS_PROFIT_RATIO":11.399998151135,"EPS_TTM":0.306114561055,"OPERATE_INCOME_QOQ":-3.614055061918,"NET_PROFIT_RATIO":6.6458817733,"ROE_AVG":11.289344997644,"GROSS_PROFIT_QOQ":63.542459711287,"ROA":9.575032377694,"HOLDER_PROFIT_QOQ":62.101313320826,"ROE_YEARLY":11.289344997644,"ROIC_YEARLY":14.527073373261,"TOTAL_ASSETS":2101211000,"TOTAL_LIABILITIES":334043000,"TAX_EBT":27.745372110943,"OCF_SALES":12.763056666682,"TOTAL_PARENT_EQUITY":1758498000,"DEBT_ASSET_RATIO":15.8976418837,"OPERATE_PROFIT":272675000,"PRETAX_PROFIT":268643000,"NETCASH_OPERATE":372772000,"NETCASH_INVEST":-60815000,"NETCASH_FINANCE":-53158000,"END_CASH":797780000,"DIVI_RATIO":0.236831595825,"DIVIDEND_RATE":4.210526315789,"CURRENT_RATIO":3.793310124904,"COMMON_ACS":500000000000,"CURRENTDEBT_DEBT":88.056328077523,"ISSUED_COMMON_SHARES":620944000,"HK_COMMON_SHARES":620944000,"PER_SHARES":4000,"TOTAL_MARKET_CAP":1179793600,"HKSK_MARKET_CAP":1179793600,"PE_TTM":5.091132682904,"PB_TTM":0.595067815962,"REPORT_DATE_SQ":"2022-12-31 00:00:00","REPORT_TYPE_SQ":"2022年年报","OPERATE_INCOME_SQ":3130781000,"DPS_HKD":0.08,"OPERATE_INCOME_QOQ_SQ":-5.295360902549,"NET_PROFIT_RATIO_SQ":6.4565039841,"HOLDER_PROFIT_SQ":194380000,"HOLDER_PROFIT_QOQ_SQ":-29.448999517271,"ROE_AVG_SQ":12.643086791623,"PE_TTM_SQ":11.761180467517,"PB_TTM_SQ":0.800561098808,"ROA_SQ":10.479711799839,"START_DATE":"2023-01-01 00:00:00","FISCAL_YEAR":"12-31","CURRENCY":"HKD","IS_CNY_CODE":0,"DPS_HKD_LY":0.08,"ORG_TYPE":"一般企业","PREMIUM_INCOME":null,"PREMIUM_INCOME_YOY":null,"NET_INTEREST_INCOME":null,"NET_INTEREST_INCOME_YOY":null,"FEE_COMMISSION_INCOME":null,"FEE_COMMISSION_INCOME_YOY":null,"ACCOUNTS_RECE_TDAYS":419.823343395142,"INVENTORY_TDAYS":21.203505307534,"CURRENT_ASSETS_TDAYS":3.029891629939,"TOTAL_ASSETS_TDAYS":1.471270117366,"PREMIUM_EXPENSE":null,"LOAN_DEPOSIT":null,"LOAN_EQUITY":null,"LOAN_ASSETS":null,"DEPOSIT_EQUITY":null,"DEPOSIT_ASSETS":null,"EQUITY_MULTIPLIER":1.189027302442,"EQUITY_RATIO":0.189959272061},{"SECUCODE":"01702.HK","SECURITY_CODE":"01702","SECURITY_NAME_ABBR":"东光化工","ORG_CODE":"10591921","STD_REPORT_DATE":"2023-06-30 00:00:00","REPORT_DATE":"2023-06-30 00:00:00","DATE_TYPE_CODE":"002","REPORT_TYPE":"2023年中报","PER_NETCASH_OPERATE":0.27083762787,"PER_OI":2.608534747095,"BPS":2.648834677523,"BASIC_EPS":0.114,"DILUTED_EPS":0.114,"OPERATE_INCOME":1619754000,"OPERATE_INCOME_YOY":-5.8452255698,"GROSS_PROFIT":124413000,"GROSS_PROFIT_YOY":-50.321042669925,"HOLDER_PROFIT":70775000,"HOLDER_PROFIT_YOY":-52.1451029447,"GROSS_PROFIT_RATIO":7.680981186032,"EPS_TTM":0.188841505836,"OPERATE_INCOME_QOQ":-3.21185033383,"NET_PROFIT_RATIO":4.5968091451,"ROE_AVG":4.350427804873,"GROSS_PROFIT_QOQ":-38.232902728646,"ROA":3.790769857019,"HOLDER_PROFIT_QOQ":-39.674863669102,"ROE_YEARLY":8.700855609747,"ROIC_YEARLY":11.081301761344,"TOTAL_ASSETS":1864955000,"TOTAL_LIABILITIES":211852000,"TAX_EBT":25.79159814621,"OCF_SALES":10.382749479242,"TOTAL_PARENT_EQUITY":1644778000,"DEBT_ASSET_RATIO":11.3596306613,"OPERATE_PROFIT":107891000,"PRETAX_PROFIT":100335000,"NETCASH_OPERATE":168175000,"NETCASH_INVEST":-37673000,"NETCASH_FINANCE":-51045000,"END_CASH":624022000,"DIVI_RATIO":0.383907127191,"DIVIDEND_RATE":4.210526315789,"CURRENT_RATIO":4.703170762046,"COMMON_ACS":500000000000,"CURRENTDEBT_DEBT":83.485640919132,"ISSUED_COMMON_SHARES":620944000,"HK_COMMON_SHARES":620944000,"PER_SHARES":4000,"TOTAL_MARKET_CAP":1179793600,"HKSK_MARKET_CAP":1179793600,"PE_TTM":5.091132682904,"PB_TTM":0.595067815962,"REPORT_DATE_SQ":"2022-06-30 00:00:00","REPORT_TYPE_SQ":"2022年中报","OPERATE_INCOME_SQ":1720310000,"DPS_HKD":0.08,"OPERATE_INCOME_QOQ_SQ":14.748793273293,"NET_PROFIT_RATIO_SQ":8.7786503595,"HOLDER_PROFIT_SQ":147895000,"HOLDER_PROFIT_QOQ_SQ":3.546288536198,"ROE_AVG_SQ":9.746968962532,"PE_TTM_SQ":11.761180467517,"PB_TTM_SQ":0.800561098808,"ROA_SQ":8.085411953092,"START_DATE":"2023-01-01 00:00:00","FISCAL_YEAR":"12-31","CURRENCY":"HKD","IS_CNY_CODE":0,"DPS_HKD_LY":0.08,"ORG_TYPE":"一般企业","PREMIUM_INCOME":null,"PREMIUM_INCOME_YOY":null,"NET_INTEREST_INCOME":null,"NET_INTEREST_INCOME_YOY":null,"FEE_COMMISSION_INCOME":null,"FEE_COMMISSION_INCOME_YOY":null,"ACCOUNTS_RECE_TDAYS":174.392118863049,"INVENTORY_TDAYS":16.21194314646,"CURRENT_ASSETS_TDAYS":1.970533615171,"TOTAL_ASSETS_TDAYS":0.867554170115,"PREMIUM_EXPENSE":null,"LOAN_DEPOSIT":null,"LOAN_EQUITY":null,"LOAN_ASSETS":null,"DEPOSIT_EQUITY":null,"DEPOSIT_ASSETS":null,"EQUITY_MULTIPLIER":1.128154144055,"EQUITY_RATIO":0.128802792839},{"SECUCODE":"01702.HK","SECURITY_CODE":"01702","SECURITY_NAME_ABBR":"东光化工","ORG_CODE":"10591921","STD_REPORT_DATE":"2022-12-31 00:00:00","REPORT_DATE":"2022-12-31 00:00:00","DATE_TYPE_CODE":"001","REPORT_TYPE":"2022年年报","PER_NETCASH_OPERATE":0.493086333067,"PER_OI":5.041969968306,"BPS":2.591095171223,"BASIC_EPS":0.313,"DILUTED_EPS":0.313,"OPERATE_INCOME":3130781000,"OPERATE_INCOME_YOY":8.6724305382,"GROSS_PROFIT":329614000,"GROSS_PROFIT_YOY":-28.159402632445,"HOLDER_PROFIT":194380000,"HOLDER_PROFIT_YOY":-26.947057475,"GROSS_PROFIT_RATIO":10.528171724563,"EPS_TTM":0.313039501147,"OPERATE_INCOME_QOQ":-5.295360902549,"NET_PROFIT_RATIO":6.4565039841,"ROE_AVG":12.643086791623,"GROSS_PROFIT_QOQ":-29.321376802271,"ROA":10.479711799839,"HOLDER_PROFIT_QOQ":-29.448999517271,"ROE_YEARLY":12.643086791623,"ROIC_YEARLY":14.268725959421,"TOTAL_ASSETS":1869115000,"TOTAL_LIABILITIES":248687000,"TAX_EBT":26.821153692991,"OCF_SALES":9.779636454929,"TOTAL_PARENT_EQUITY":1608925000,"DEBT_ASSET_RATIO":13.3050668364,"OPERATE_PROFIT":282658000,"PRETAX_PROFIT":276226000,"NETCASH_OPERATE":306179000,"NETCASH_INVEST":-36379000,"NETCASH_FINANCE":-159448000,"END_CASH":535466000,"DIVI_RATIO":0.231592497862,"DIVIDEND_RATE":4.210526315789,"CURRENT_RATIO":3.829133977067,"COMMON_ACS":500000000000,"CURRENTDEBT_DEBT":85.286323772453,"ISSUED_COMMON_SHARES":620944000,"HK_COMMON_SHARES":620944000,"PER_SHARES":4000,"TOTAL_MARKET_CAP":1179793600,"HKSK_MARKET_CAP":1179793600,"PE_TTM":5.091132682904,"PB_TTM":0.595067815962,"REPORT_DATE_SQ":"2021-12-31 00:00:00","REPORT_TYPE_SQ":"2021年年报","OPERATE_INCOME_SQ":2880934000,"DPS_HKD":0.08,"OPERATE_INCOME_QOQ_SQ":27.736986136163,"NET_PROFIT_RATIO_SQ":9.5657172292,"HOLDER_PROFIT_SQ":266081000,"HOLDER_PROFIT_QOQ_SQ":27.409021260295,"ROE_AVG_SQ":19.732622779643,"PE_TTM_SQ":11.761180467517,"PB_TTM_SQ":0.800561098808,"ROA_SQ":14.783998470933,"START_DATE":"2022-01-01 00:00:00","FISCAL_YEAR":"12-31","CURRENCY":"HKD","IS_CNY_CODE":0,"DPS_HKD_LY":0.1,"ORG_TYPE":"一般企业","PREMIUM_INCOME":null,"PREMIUM_INCOME_YOY":null,"NET_INTEREST_INCOME":null,"NET_INTEREST_INCOME_YOY":null,"FEE_COMMISSION_INCOME":null,"FEE_COMMISSION_INCOME_YOY":null,"ACCOUNTS_RECE_TDAYS":226.662877828054,"INVENTORY_TDAYS":20.86064194221,"CURRENT_ASSETS_TDAYS":4.161902831183,"TOTAL_ASSETS_TDAYS":1.687914527647,"PREMIUM_EXPENSE":null,"LOAN_DEPOSIT":null,"LOAN_EQUITY":null,"LOAN_ASSETS":null,"DEPOSIT_EQUITY":null,"DEPOSIT_ASSETS":null,"EQUITY_MULTIPLIER":1.153469947445,"EQUITY_RATIO":0.154567179949},{"SECUCODE":"01702.HK","SECURITY_CODE":"01702","SECURITY_NAME_ABBR":"东光化工","ORG_CODE":"10591921","STD_REPORT_DATE":"2022-06-30 00:00:00","REPORT_DATE":"2022-06-30 00:00:00","DATE_TYPE_CODE":"002","REPORT_TYPE":"2022年中报","PER_NETCASH_OPERATE":0.346396776521,"PER_OI":2.770475276353,"BPS":2.526363085882,"BASIC_EPS":0.238,"DILUTED_EPS":0.238,"OPERATE_INCOME":1720310000,"OPERATE_INCOME_YOY":32.800733669,"GROSS_PROFIT":250434000,"GROSS_PROFIT_YOY":3.105508232088,"HOLDER_PROFIT":147895000,"HOLDER_PROFIT_YOY":6.8150138308,"GROSS_PROFIT_RATIO":14.557492544948,"EPS_TTM":0.443706678863,"OPERATE_INCOME_QOQ":14.748793273293,"NET_PROFIT_RATIO":8.7786503595,"ROE_AVG":9.746968962532,"GROSS_PROFIT_QOQ":1.644024907751,"ROA":8.085411953092,"HOLDER_PROFIT_QOQ":3.546288536198,"ROE_YEARLY":19.493937925064,"ROIC_YEARLY":21.485834160508,"TOTAL_ASSETS":1817788000,"TOTAL_LIABILITIES":242189000,"TAX_EBT":28.749363075355,"OCF_SALES":12.503153501404,"TOTAL_PARENT_EQUITY":1568730000,"DEBT_ASSET_RATIO":13.3232808226,"OPERATE_PROFIT":212938000,"PRETAX_PROFIT":211956000,"NETCASH_OPERATE":214763000,"NETCASH_INVEST":-28626000,"NETCASH_FINANCE":-157557000,"END_CASH":459984000,"DIVI_RATIO":0.163390824285,"DIVIDEND_RATE":4.210526315789,"CURRENT_RATIO":3.455464586504,"COMMON_ACS":500000000000,"CURRENTDEBT_DEBT":84.373361300472,"ISSUED_COMMON_SHARES":620944000,"HK_COMMON_SHARES":620944000,"PER_SHARES":4000,"TOTAL_MARKET_CAP":1179793600,"HKSK_MARKET_CAP":1179793600,"PE_TTM":5.091132682904,"PB_TTM":0.595067815962,"REPORT_DATE_SQ":"2021-06-30 00:00:00","REPORT_TYPE_SQ":"2021年中报","OPERATE_INCOME_SQ":1295407000,"DPS_HKD":0.08,"OPERATE_INCOME_QOQ_SQ":15.302314262869,"NET_PROFIT_RATIO_SQ":10.987898012,"HOLDER_PROFIT_SQ":138459000,"HOLDER_PROFIT_QOQ_SQ":66.703917749609,"ROE_AVG_SQ":10.764853579907,"PE_TTM_SQ":11.761180467517,"PB_TTM_SQ":0.800561098808,"ROA_SQ":7.17056019953,"START_DATE":"2022-01-01 00:00:00","FISCAL_YEAR":"12-31","CURRENCY":"HKD","IS_CNY_CODE":0,"DPS_HKD_LY":0.1,"ORG_TYPE":"一般企业","PREMIUM_INCOME":null,"PREMIUM_INCOME_YOY":null,"NET_INTEREST_INCOME":null,"NET_INTEREST_INCOME_YOY":null,"FEE_COMMISSION_INCOME":null,"FEE_COMMISSION_INCOME_YOY":null,"ACCOUNTS_RECE_TDAYS":107.344939473356,"INVENTORY_TDAYS":11.50308731345,"CURRENT_ASSETS_TDAYS":2.460307869207,"TOTAL_ASSETS_TDAYS":0.940492581698,"PREMIUM_EXPENSE":null,"LOAN_DEPOSIT":null,"LOAN_EQUITY":null,"LOAN_ASSETS":null,"DEPOSIT_EQUITY":null,"DEPOSIT_ASSETS":null,"EQUITY_MULTIPLIER":1.153712334166,"EQUITY_RATIO":0.154385394555},{"SECUCODE":"01702.HK","SECURITY_CODE":"01702","SECURITY_NAME_ABBR":"东光化工","ORG_CODE":"10591921","STD_REPORT_DATE":"2021-12-31 00:00:00","REPORT_DATE":"2021-12-31 00:00:00","DATE_TYPE_CODE":"001","REPORT_TYPE":"2021年年报","PER_NETCASH_OPERATE":0.564248949986,"PER_OI":4.639603571337,"BPS":2.360852186349,"BASIC_EPS":0.429,"DILUTED_EPS":0.429,"OPERATE_INCOME":2880934000,"OPERATE_INCOME_YOY":47.2837011846,"GROSS_PROFIT":458813000,"GROSS_PROFIT_YOY":95.531623829635,"HOLDER_PROFIT":266081000,"HOLDER_PROFIT_YOY":112.3958300073,"GROSS_PROFIT_RATIO":15.925842105373,"EPS_TTM":0.428510461491,"OPERATE_INCOME_QOQ":27.736986136163,"NET_PROFIT_RATIO":9.5657172292,"ROE_AVG":19.732622779643,"GROSS_PROFIT_QOQ":28.881504286565,"ROA":14.783998470933,"HOLDER_PROFIT_QOQ":27.409021260295,"ROE_YEARLY":19.732622779643,"ROIC_YEARLY":19.065754320823,"TOTAL_ASSETS":1840529000,"TOTAL_LIABILITIES":361518000,"TAX_EBT":28.355873070344,"OCF_SALES":12.161576766424,"TOTAL_PARENT_EQUITY":1465957000,"DEBT_ASSET_RATIO":19.6420702961,"OPERATE_PROFIT":402092000,"PRETAX_PROFIT":384654000,"NETCASH_OPERATE":350367000,"NETCASH_INVEST":-48250000,"NETCASH_FINANCE":-238972000,"END_CASH":425061000,"DIVI_RATIO":0.169185134355,"DIVIDEND_RATE":4.210526315789,"CURRENT_RATIO":2.146185941549,"COMMON_ACS":500000000000,"CURRENTDEBT_DEBT":89.233731100526,"ISSUED_COMMON_SHARES":620944000,"HK_COMMON_SHARES":620944000,"PER_SHARES":4000,"TOTAL_MARKET_CAP":1179793600,"HKSK_MARKET_CAP":1179793600,"PE_TTM":5.091132682904,"PB_TTM":0.595067815962,"REPORT_DATE_SQ":"2020-12-31 00:00:00","REPORT_TYPE_SQ":"2020年年报","OPERATE_INCOME_SQ":1956044000,"DPS_HKD":0.08,"OPERATE_INCOME_QOQ_SQ":-2.223808466948,"NET_PROFIT_RATIO_SQ":6.4663678322,"HOLDER_PROFIT_SQ":125276000,"HOLDER_PROFIT_QOQ_SQ":20.789864434888,"ROE_AVG_SQ":10.552539264778,"PE_TTM_SQ":11.761180467517,"PB_TTM_SQ":0.800561098808,"ROA_SQ":6.991546588638,"START_DATE":"2021-01-01 00:00:00","FISCAL_YEAR":"12-31","CURRENCY":"HKD","IS_CNY_CODE":0,"DPS_HKD_LY":0.05,"ORG_TYPE":"一般企业","PREMIUM_INCOME":null,"PREMIUM_INCOME_YOY":null,"NET_INTEREST_INCOME":null,"NET_INTEREST_INCOME_YOY":null,"FEE_COMMISSION_INCOME":null,"FEE_COMMISSION_INCOME_YOY":null,"ACCOUNTS_RECE_TDAYS":218.816193224973,"INVENTORY_TDAYS":21.853986213368,"CURRENT_ASSETS_TDAYS":4.799872711324,"TOTAL_ASSETS_TDAYS":1.600705193188,"PREMIUM_EXPENSE":null,"LOAN_DEPOSIT":null,"LOAN_EQUITY":null,"LOAN_ASSETS":null,"DEPOSIT_EQUITY":null,"DEPOSIT_ASSETS":null,"EQUITY_MULTIPLIER":1.244432259125,"EQUITY_RATIO":0.246608870519},{"SECUCODE":"01702.HK","SECURITY_CODE":"01702","SECURITY_NAME_ABBR":"东光化工","ORG_CODE":"10591921","STD_REPORT_DATE":"2021-06-30 00:00:00","REPORT_DATE":"2021-06-30 00:00:00","DATE_TYPE_CODE":"002","REPORT_TYPE":"2021年中报","PER_NETCASH_OPERATE":0.357880903914,"PER_OI":2.086189736917,"BPS":2.160452472365,"BASIC_EPS":0.223,"DILUTED_EPS":0.223,"OPERATE_INCOME":1295407000,"OPERATE_INCOME_YOY":30.0495840223,"GROSS_PROFIT":242891000,"GROSS_PROFIT_YOY":99.837918778385,"HOLDER_PROFIT":138459000,"HOLDER_PROFIT_YOY":152.2251571181,"GROSS_PROFIT_RATIO":18.750168865847,"EPS_TTM":0.336326625267,"OPERATE_INCOME_QOQ":15.302314262869,"NET_PROFIT_RATIO":10.987898012,"ROE_AVG":10.764853579907,"GROSS_PROFIT_QOQ":51.714262579427,"ROA":7.17056019953,"HOLDER_PROFIT_QOQ":66.703917749609,"ROE_YEARLY":21.529707159814,"ROIC_YEARLY":20.662176349054,"TOTAL_ASSETS":2102822000,"TOTAL_LIABILITIES":667876000,"TAX_EBT":27.394129829322,"OCF_SALES":17.154762943229,"TOTAL_PARENT_EQUITY":1341520000,"DEBT_ASSET_RATIO":31.7609383961,"OPERATE_PROFIT":205302000,"PRETAX_PROFIT":196042000,"NETCASH_OPERATE":222224000,"NETCASH_INVEST":-29198000,"NETCASH_FINANCE":159708000,"END_CASH":717741000,"DIVI_RATIO":0.2155571238,"DIVIDEND_RATE":4.210526315789,"CURRENT_RATIO":1.440393226539,"COMMON_ACS":500000000000,"CURRENTDEBT_DEBT":94.963735783289,"ISSUED_COMMON_SHARES":620944000,"HK_COMMON_SHARES":620944000,"PER_SHARES":4000,"TOTAL_MARKET_CAP":1179793600,"HKSK_MARKET_CAP":1179793600,"PE_TTM":5.091132682904,"PB_TTM":0.595067815962,"REPORT_DATE_SQ":"2020-06-30 00:00:00","REPORT_TYPE_SQ":"2020年中报","OPERATE_INCOME_SQ":996087000,"DPS_HKD":0.08,"OPERATE_INCOME_QOQ_SQ":-5.70609240608,"NET_PROFIT_RATIO_SQ":5.6429809846,"HOLDER_PROFIT_SQ":54895000,"HOLDER_PROFIT_QOQ_SQ":-35.801873069519,"ROE_AVG_SQ":4.75451806968,"PE_TTM_SQ":11.761180467517,"PB_TTM_SQ":0.800561098808,"ROA_SQ":3.077756307522,"START_DATE":"2021-01-01 00:00:00","FISCAL_YEAR":"12-31","CURRENCY":"HKD","IS_CNY_CODE":0,"DPS_HKD_LY":0.05,"ORG_TYPE":"一般企业","PREMIUM_INCOME":null,"PREMIUM_INCOME_YOY":null,"NET_INTEREST_INCOME":null,"NET_INTEREST_INCOME_YOY":null,"FEE_COMMISSION_INCOME":null,"FEE_COMMISSION_INCOME_YOY":null,"ACCOUNTS_RECE_TDAYS":77.879400006012,"INVENTORY_TDAYS":15.554002231467,"CURRENT_ASSETS_TDAYS":1.822431372549,"TOTAL_ASSETS_TDAYS":0.670869634794,"PREMIUM_EXPENSE":null,"LOAN_DEPOSIT":null,"LOAN_EQUITY":null,"LOAN_ASSETS":null,"DEPOSIT_EQUITY":null,"DEPOSIT_ASSETS":null,"EQUITY_MULTIPLIER":1.465436330008,"EQUITY_RATIO":0.497850199773},{"SECUCODE":"01702.HK","SECURITY_CODE":"01702","SECURITY_NAME_ABBR":"东光化工","ORG_CODE":"10591921","STD_REPORT_DATE":"2020-12-31 00:00:00","REPORT_DATE":"2020-12-31 00:00:00","DATE_TYPE_CODE":"001","REPORT_TYPE":"2020年年报","PER_NETCASH_OPERATE":0.503882797805,"PER_OI":3.150113375763,"BPS":1.982315635548,"BASIC_EPS":0.202,"DILUTED_EPS":0.202,"OPERATE_INCOME":1956044000,"OPERATE_INCOME_YOY":-7.803008307,"GROSS_PROFIT":234649000,"GROSS_PROFIT_YOY":-25.605793039602,"HOLDER_PROFIT":125276000,"HOLDER_PROFIT_YOY":-22.4551695109,"GROSS_PROFIT_RATIO":11.996100292223,"EPS_TTM":0.201750882527,"OPERATE_INCOME_QOQ":-2.223808466948,"NET_PROFIT_RATIO":6.4663678322,"ROE_AVG":10.552539264778,"GROSS_PROFIT_QOQ":-3.12647075823,"ROA":6.991546588638,"HOLDER_PROFIT_QOQ":20.789864434888,"ROE_YEARLY":10.552539264778,"ROIC_YEARLY":9.014010729663,"TOTAL_ASSETS":1759052000,"TOTAL_LIABILITIES":524976000,"TAX_EBT":26.2430826467,"OCF_SALES":15.99570357313,"TOTAL_PARENT_EQUITY":1230907000,"DEBT_ASSET_RATIO":29.8442570203,"OPERATE_PROFIT":188764000,"PRETAX_PROFIT":171489000,"NETCASH_OPERATE":312883000,"NETCASH_INVEST":-169896000,"NETCASH_FINANCE":-203524000,"END_CASH":367104000,"DIVI_RATIO":0.359342170363,"DIVIDEND_RATE":4.210526315789,"CURRENT_RATIO":1.059366386015,"COMMON_ACS":500000000000,"CURRENTDEBT_DEBT":91.356176282344,"ISSUED_COMMON_SHARES":620944000,"HK_COMMON_SHARES":620944000,"PER_SHARES":4000,"TOTAL_MARKET_CAP":1179793600,"HKSK_MARKET_CAP":1179793600,"PE_TTM":5.091132682904,"PB_TTM":0.595067815962,"REPORT_DATE_SQ":"2019-12-31 00:00:00","REPORT_TYPE_SQ":"2019年年报","OPERATE_INCOME_SQ":2121592000,"DPS_HKD":0.08,"OPERATE_INCOME_QOQ_SQ":-7.324396848424,"NET_PROFIT_RATIO_SQ":7.6147063149,"HOLDER_PROFIT_SQ":161553000,"HOLDER_PROFIT_QOQ_SQ":9.860390471463,"ROE_AVG_SQ":15.086778885439,"PE_TTM_SQ":11.761180467517,"PB_TTM_SQ":0.800561098808,"ROA_SQ":8.84648471703,"START_DATE":"2020-01-01 00:00:00","FISCAL_YEAR":"12-31","CURRENCY":"HKD","IS_CNY_CODE":0,"DPS_HKD_LY":0.06,"ORG_TYPE":"一般企业","PREMIUM_INCOME":null,"PREMIUM_INCOME_YOY":null,"NET_INTEREST_INCOME":null,"NET_INTEREST_INCOME_YOY":null,"FEE_COMMISSION_INCOME":null,"FEE_COMMISSION_INCOME_YOY":null,"ACCOUNTS_RECE_TDAYS":450.753312593617,"INVENTORY_TDAYS":21.080026940975,"CURRENT_ASSETS_TDAYS":3.562049006209,"TOTAL_ASSETS_TDAYS":1.091651454024,"PREMIUM_EXPENSE":null,"LOAN_DEPOSIT":null,"LOAN_EQUITY":null,"LOAN_ASSETS":null,"DEPOSIT_EQUITY":null,"DEPOSIT_ASSETS":null,"EQUITY_MULTIPLIER":1.425400056399,"EQUITY_RATIO":0.426495259187},{"SECUCODE":"01702.HK","SECURITY_CODE":"01702","SECURITY_NAME_ABBR":"东光化工","ORG_CODE":"10591921","STD_REPORT_DATE":"2020-06-30 00:00:00","REPORT_DATE":"2020-06-30 00:00:00","DATE_TYPE_CODE":"002","REPORT_TYPE":"2020年中报","PER_NETCASH_OPERATE":0.22583034863,"PER_OI":1.604149488521,"BPS":1.877383467752,"BASIC_EPS":0.088,"DILUTED_EPS":0.088,"OPERATE_INCOME":996087000,"OPERATE_INCOME_YOY":-10.8365327034,"GROSS_PROFIT":121544000,"GROSS_PROFIT_YOY":-37.584923100624,"HOLDER_PROFIT":54895000,"HOLDER_PROFIT_YOY":-51.3057285291,"GROSS_PROFIT_RATIO":12.202147001216,"EPS_TTM":0.167026334098,"OPERATE_INCOME_QOQ":-5.70609240608,"NET_PROFIT_RATIO":5.6429809846,"ROE_AVG":4.75451806968,"GROSS_PROFIT_QOQ":-23.204814005764,"ROA":3.077756307522,"HOLDER_PROFIT_QOQ":-35.801873069519,"ROE_YEARLY":9.509036139361,"ROIC_YEARLY":8.099435901843,"TOTAL_ASSETS":1742619000,"TOTAL_LIABILITIES":573595000,"TAX_EBT":28.804306523116,"OCF_SALES":14.077886770935,"TOTAL_PARENT_EQUITY":1165750000,"DEBT_ASSET_RATIO":32.9156861024,"OPERATE_PROFIT":88421000,"PRETAX_PROFIT":78950000,"NETCASH_OPERATE":140228000,"NETCASH_INVEST":-42360000,"NETCASH_FINANCE":-111636000,"END_CASH":419097000,"DIVI_RATIO":0.434048920439,"DIVIDEND_RATE":4.210526315789,"CURRENT_RATIO":1.007625613122,"COMMON_ACS":500000000000,"CURRENTDEBT_DEBT":93.621108970615,"ISSUED_COMMON_SHARES":620944000,"HK_COMMON_SHARES":620944000,"PER_SHARES":4000,"TOTAL_MARKET_CAP":1179793600,"HKSK_MARKET_CAP":1179793600,"PE_TTM":5.091132682904,"PB_TTM":0.595067815962,"REPORT_DATE_SQ":"2019-06-30 00:00:00","REPORT_TYPE_SQ":"2019年中报","OPERATE_INCOME_SQ":1117147000,"DPS_HKD":0.08,"OPERATE_INCOME_QOQ_SQ":0.159606653602,"NET_PROFIT_RATIO_SQ":10.0912413496,"HOLDER_PROFIT_SQ":112734000,"HOLDER_PROFIT_QOQ_SQ":47.548763846524,"ROE_AVG_SQ":10.801089939141,"PE_TTM_SQ":11.761180467517,"PB_TTM_SQ":0.800561098808,"ROA_SQ":6.065001293871,"START_DATE":"2020-01-01 00:00:00","FISCAL_YEAR":"12-31","CURRENCY":"HKD","IS_CNY_CODE":0,"DPS_HKD_LY":0.06,"ORG_TYPE":"一般企业","PREMIUM_INCOME":null,"PREMIUM_INCOME_YOY":null,"NET_INTEREST_INCOME":null,"NET_INTEREST_INCOME_YOY":null,"FEE_COMMISSION_INCOME":null,"FEE_COMMISSION_INCOME_YOY":null,"ACCOUNTS_RECE_TDAYS":134.451913342782,"INVENTORY_TDAYS":14.070582746082,"CURRENT_ASSETS_TDAYS":1.760959957571,"TOTAL_ASSETS_TDAYS":0.55846853941,"PREMIUM_EXPENSE":null,"LOAN_DEPOSIT":null,"LOAN_EQUITY":null,"LOAN_ASSETS":null,"DEPOSIT_EQUITY":null,"DEPOSIT_ASSETS":null,"EQUITY_MULTIPLIER":1.490661440656,"EQUITY_RATIO":0.492039459575}],"count":21},"success":true,"message":"ok","code":0}