{"version":"390e5d2567ae821db830924ca03ca35c","result":{"pages":7,"data":[{"SECUCODE":"01708.HK","SECURITY_CODE":"01708","SECURITY_NAME_ABBR":"三宝科技","ORG_CODE":"10000445","STD_REPORT_DATE":"2024-06-30 00:00:00","REPORT_DATE":"2024-06-30 00:00:00","DATE_TYPE_CODE":"002","REPORT_TYPE":"2024年中报","PER_NETCASH_OPERATE":0.086800036879,"PER_OI":0.277171855374,"BPS":2.033270147963,"BASIC_EPS":-0.02,"DILUTED_EPS":-0.02,"OPERATE_INCOME":219536324.01,"OPERATE_INCOME_YOY":-25.0144941428,"GROSS_PROFIT":30294507.65,"GROSS_PROFIT_YOY":-50.092388628231,"HOLDER_PROFIT":-15475193.51,"HOLDER_PROFIT_YOY":-159.0720453506,"GROSS_PROFIT_RATIO":13.799314435373,"EPS_TTM":-0.050094002829,"OPERATE_INCOME_QOQ":-14.838755849999,"NET_PROFIT_RATIO":-7.0758154397,"ROE_AVG":-0.956792197529,"GROSS_PROFIT_QOQ":-34.774986480335,"ROA":-0.544846759269,"HOLDER_PROFIT_QOQ":-2088.87626170963,"ROE_YEARLY":-1.913584395057,"ROIC_YEARLY":-1.285449880895,"TOTAL_ASSETS":2806114677.89,"TOTAL_LIABILITIES":1186878040.43,"TAX_EBT":-0.779268754734,"OCF_SALES":31.316324221074,"TOTAL_PARENT_EQUITY":1610468903.49,"DEBT_ASSET_RATIO":42.2961345729,"OPERATE_PROFIT":-2216962.75,"PRETAX_PROFIT":-15413869.64,"NETCASH_OPERATE":68750707.01,"NETCASH_INVEST":554968.83,"NETCASH_FINANCE":-106039794.35,"END_CASH":304258397.84,"DIVI_RATIO":null,"DIVIDEND_RATE":null,"CURRENT_RATIO":1.932094379145,"COMMON_ACS":null,"CURRENTDEBT_DEBT":90.539181568368,"ISSUED_COMMON_SHARES":792058500,"HK_COMMON_SHARES":229500000,"PER_SHARES":500,"TOTAL_MARKET_CAP":300982230,"HKSK_MARKET_CAP":87210000,"PE_TTM":-6.972285950388,"PB_TTM":0.170571726707,"REPORT_DATE_SQ":"2023-06-30 00:00:00","REPORT_TYPE_SQ":"2023年中报","OPERATE_INCOME_SQ":292771678.34,"DPS_HKD":null,"OPERATE_INCOME_QOQ_SQ":-46.598749012273,"NET_PROFIT_RATIO_SQ":8.8750817044,"HOLDER_PROFIT_SQ":26197152,"HOLDER_PROFIT_QOQ_SQ":12.176396671409,"ROE_AVG_SQ":1.676578712007,"PE_TTM_SQ":-2.880406894178,"PB_TTM_SQ":0.454060286476,"ROA_SQ":0.894095202643,"START_DATE":"2024-01-01 00:00:00","FISCAL_YEAR":"12-31","CURRENCY":"HKD","IS_CNY_CODE":0,"DPS_HKD_LY":null,"ORG_TYPE":"一般企业","PREMIUM_INCOME":null,"PREMIUM_INCOME_YOY":null,"NET_INTEREST_INCOME":null,"NET_INTEREST_INCOME_YOY":null,"FEE_COMMISSION_INCOME":null,"FEE_COMMISSION_INCOME_YOY":null,"ACCOUNTS_RECE_TDAYS":0.925085033934,"INVENTORY_TDAYS":3.693581193645,"CURRENT_ASSETS_TDAYS":0.104118774494,"TOTAL_ASSETS_TDAYS":0.07729380224,"PREMIUM_EXPENSE":null,"LOAN_DEPOSIT":null,"LOAN_EQUITY":null,"LOAN_ASSETS":null,"DEPOSIT_EQUITY":null,"DEPOSIT_ASSETS":null,"EQUITY_MULTIPLIER":1.732986157164,"EQUITY_RATIO":0.736976689123},{"SECUCODE":"01708.HK","SECURITY_CODE":"01708","SECURITY_NAME_ABBR":"三宝科技","ORG_CODE":"10000445","STD_REPORT_DATE":"2023-12-31 00:00:00","REPORT_DATE":"2023-12-31 00:00:00","DATE_TYPE_CODE":"001","REPORT_TYPE":"2023年年报","PER_NETCASH_OPERATE":0.228716189095,"PER_OI":0.623111890788,"BPS":2.050781258796,"BASIC_EPS":0.003,"DILUTED_EPS":0.003,"OPERATE_INCOME":493541069.55,"OPERATE_INCOME_YOY":-3.7303340823,"GROSS_PROFIT":87438336.28,"GROSS_PROFIT_YOY":199.077777766924,"HOLDER_PROFIT":1994964.77,"HOLDER_PROFIT_YOY":100.7293498104,"GROSS_PROFIT_RATIO":17.716526885944,"EPS_TTM":0.002518708871,"OPERATE_INCOME_QOQ":80.276049974695,"NET_PROFIT_RATIO":0.3490293243,"ROE_AVG":0.125735026033,"GROSS_PROFIT_QOQ":99.042668089638,"ROA":0.06793974084,"HOLDER_PROFIT_QOQ":100.830471288736,"ROE_YEARLY":0.125735026033,"ROIC_YEARLY":0.079571104007,"TOTAL_ASSETS":2874452654.75,"TOTAL_LIABILITIES":1241287401.51,"TAX_EBT":1.046139094438,"OCF_SALES":36.705476572634,"TOTAL_PARENT_EQUITY":1624338727.67,"DEBT_ASSET_RATIO":43.1834352693,"OPERATE_PROFIT":34484544.67,"PRETAX_PROFIT":1740814.4,"NETCASH_OPERATE":181156601.66,"NETCASH_INVEST":22724054.28,"NETCASH_FINANCE":-171806997.91,"END_CASH":340989178.69,"DIVI_RATIO":null,"DIVIDEND_RATE":null,"CURRENT_RATIO":1.900545134876,"COMMON_ACS":null,"CURRENTDEBT_DEBT":90.746767319939,"ISSUED_COMMON_SHARES":792058500,"HK_COMMON_SHARES":229500000,"PER_SHARES":500,"TOTAL_MARKET_CAP":316823400,"HKSK_MARKET_CAP":91800000,"PE_TTM":-7.339248368829,"PB_TTM":0.179549186007,"REPORT_DATE_SQ":"2022-12-31 00:00:00","REPORT_TYPE_SQ":"2022年年报","OPERATE_INCOME_SQ":512665194.01,"DPS_HKD":null,"OPERATE_INCOME_QOQ_SQ":-41.059119571579,"NET_PROFIT_RATIO_SQ":-58.6859084028,"HOLDER_PROFIT_SQ":-273526467.22,"HOLDER_PROFIT_QOQ_SQ":-293.956033291289,"ROE_AVG_SQ":-16.154843679448,"PE_TTM_SQ":-2.880406894178,"PB_TTM_SQ":0.454060286476,"ROA_SQ":-8.35252451999,"START_DATE":"2023-01-01 00:00:00","FISCAL_YEAR":"12-31","CURRENCY":"HKD","IS_CNY_CODE":0,"DPS_HKD_LY":null,"ORG_TYPE":"一般企业","PREMIUM_INCOME":null,"PREMIUM_INCOME_YOY":null,"NET_INTEREST_INCOME":null,"NET_INTEREST_INCOME_YOY":null,"FEE_COMMISSION_INCOME":null,"FEE_COMMISSION_INCOME_YOY":null,"ACCOUNTS_RECE_TDAYS":1.924766419093,"INVENTORY_TDAYS":9.30445298321,"CURRENT_ASSETS_TDAYS":0.247110419887,"TOTAL_ASSETS_TDAYS":0.168078418543,"PREMIUM_EXPENSE":null,"LOAN_DEPOSIT":null,"LOAN_EQUITY":null,"LOAN_ASSETS":null,"DEPOSIT_EQUITY":null,"DEPOSIT_ASSETS":null,"EQUITY_MULTIPLIER":1.760050092328,"EQUITY_RATIO":0.764180143196},{"SECUCODE":"01708.HK","SECURITY_CODE":"01708","SECURITY_NAME_ABBR":"三宝科技","ORG_CODE":"10000445","STD_REPORT_DATE":"2023-06-30 00:00:00","REPORT_DATE":"2023-06-30 00:00:00","DATE_TYPE_CODE":"002","REPORT_TYPE":"2023年中报","PER_NETCASH_OPERATE":-0.147223641511,"PER_OI":0.369633907521,"BPS":1.989912852788,"BASIC_EPS":0.033,"DILUTED_EPS":0.033,"OPERATE_INCOME":292771678.34,"OPERATE_INCOME_YOY":-44.933286583,"GROSS_PROFIT":60701177.27,"GROSS_PROFIT_YOY":31.936939938118,"HOLDER_PROFIT":26197152,"HOLDER_PROFIT_YOY":468.5319592706,"GROSS_PROFIT_RATIO":20.733281857785,"EPS_TTM":-0.303286688508,"OPERATE_INCOME_QOQ":-46.598749012273,"NET_PROFIT_RATIO":8.8750817044,"ROE_AVG":1.676578712007,"GROSS_PROFIT_QOQ":50.258123364904,"ROA":0.894095202643,"HOLDER_PROFIT_QOQ":12.176396671409,"ROE_YEARLY":3.353157424014,"ROIC_YEARLY":2.036665946368,"TOTAL_ASSETS":2861741358.89,"TOTAL_LIABILITIES":1276180421.39,"TAX_EBT":-1.467159269257,"OCF_SALES":-39.829582328855,"TOTAL_PARENT_EQUITY":1576127389.31,"DEBT_ASSET_RATIO":44.5945409226,"OPERATE_PROFIT":42430642.89,"PRETAX_PROFIT":25608015.29,"NETCASH_OPERATE":-116609736.66,"NETCASH_INVEST":8545572.36,"NETCASH_FINANCE":18637471.73,"END_CASH":219501108.81,"DIVI_RATIO":null,"DIVIDEND_RATE":null,"CURRENT_RATIO":1.482890342382,"COMMON_ACS":null,"CURRENTDEBT_DEBT":92.020135812844,"ISSUED_COMMON_SHARES":792058500,"HK_COMMON_SHARES":229500000,"PER_SHARES":500,"TOTAL_MARKET_CAP":316823400,"HKSK_MARKET_CAP":91800000,"PE_TTM":-7.339248368829,"PB_TTM":0.179549186007,"REPORT_DATE_SQ":"2022-06-30 00:00:00","REPORT_TYPE_SQ":"2022年中报","OPERATE_INCOME_SQ":531667245.37,"DPS_HKD":null,"OPERATE_INCOME_QOQ_SQ":-4.837798037667,"NET_PROFIT_RATIO_SQ":-1.9934604872,"HOLDER_PROFIT_SQ":-7108515.65,"HOLDER_PROFIT_QOQ_SQ":-17.193043868363,"ROE_AVG_SQ":-0.387440685853,"PE_TTM_SQ":-2.880406894178,"PB_TTM_SQ":0.454060286476,"ROA_SQ":-0.203998250961,"START_DATE":"2023-01-01 00:00:00","FISCAL_YEAR":"12-31","CURRENCY":"HKD","IS_CNY_CODE":0,"DPS_HKD_LY":null,"ORG_TYPE":"一般企业","PREMIUM_INCOME":null,"PREMIUM_INCOME_YOY":null,"NET_INTEREST_INCOME":null,"NET_INTEREST_INCOME_YOY":null,"FEE_COMMISSION_INCOME":null,"FEE_COMMISSION_INCOME_YOY":null,"ACCOUNTS_RECE_TDAYS":1.126687919807,"INVENTORY_TDAYS":4.932498975795,"CURRENT_ASSETS_TDAYS":0.162872961719,"TOTAL_ASSETS_TDAYS":0.099921454467,"PREMIUM_EXPENSE":null,"LOAN_DEPOSIT":null,"LOAN_EQUITY":null,"LOAN_ASSETS":null,"DEPOSIT_EQUITY":null,"DEPOSIT_ASSETS":null,"EQUITY_MULTIPLIER":1.804876300371,"EQUITY_RATIO":0.809693702454},{"SECUCODE":"01708.HK","SECURITY_CODE":"01708","SECURITY_NAME_ABBR":"三宝科技","ORG_CODE":"10000445","STD_REPORT_DATE":"2022-12-31 00:00:00","REPORT_DATE":"2022-12-31 00:00:00","DATE_TYPE_CODE":"001","REPORT_TYPE":"2022年年报","PER_NETCASH_OPERATE":0.169982135903,"PER_OI":0.647256729156,"BPS":1.955594609716,"BASIC_EPS":-0.345,"DILUTED_EPS":-0.345,"OPERATE_INCOME":512665194.01,"OPERATE_INCOME_YOY":-43.9105603283,"GROSS_PROFIT":29235985.68,"GROSS_PROFIT_YOY":-82.746070836936,"HOLDER_PROFIT":-273526467.22,"HOLDER_PROFIT_YOY":-361.6890669171,"GROSS_PROFIT_RATIO":5.702744407382,"EPS_TTM":-0.345336193248,"OPERATE_INCOME_QOQ":-41.059119571579,"NET_PROFIT_RATIO":-58.6859084028,"ROE_AVG":-16.154843679448,"GROSS_PROFIT_QOQ":-77.460924431688,"ROA":-8.35252451999,"HOLDER_PROFIT_QOQ":-293.956033291289,"ROE_YEARLY":-16.154843679448,"ROIC_YEARLY":-9.686434383316,"TOTAL_ASSETS":2998295004.7,"TOTAL_LIABILITIES":1439702696.99,"TAX_EBT":1.356169912059,"OCF_SALES":26.261934136175,"TOTAL_PARENT_EQUITY":1548945333.18,"DEBT_ASSET_RATIO":48.0173797019,"OPERATE_PROFIT":-268167579.29,"PRETAX_PROFIT":-304998524.39,"NETCASH_OPERATE":134635795.59,"NETCASH_INVEST":7666761.89,"NETCASH_FINANCE":-193235557.96,"END_CASH":308915828.15,"DIVI_RATIO":null,"DIVIDEND_RATE":null,"CURRENT_RATIO":1.395809857714,"COMMON_ACS":null,"CURRENTDEBT_DEBT":92.243015032653,"ISSUED_COMMON_SHARES":792058500,"HK_COMMON_SHARES":229500000,"PER_SHARES":500,"TOTAL_MARKET_CAP":316823400,"HKSK_MARKET_CAP":91800000,"PE_TTM":-7.339248368829,"PB_TTM":0.179549186007,"REPORT_DATE_SQ":"2021-12-31 00:00:00","REPORT_TYPE_SQ":"2021年年报","OPERATE_INCOME_SQ":914013755.55,"DPS_HKD":null,"OPERATE_INCOME_QOQ_SQ":-25.287874138052,"NET_PROFIT_RATIO_SQ":-6.1172151174,"HOLDER_PROFIT_SQ":-59244735.65,"HOLDER_PROFIT_QOQ_SQ":59.640817533668,"ROE_AVG_SQ":-3.17501495435,"PE_TTM_SQ":-2.880406894178,"PB_TTM_SQ":0.454060286476,"ROA_SQ":-1.532759123601,"START_DATE":"2022-01-01 00:00:00","FISCAL_YEAR":"12-31","CURRENCY":"HKD","IS_CNY_CODE":0,"DPS_HKD_LY":null,"ORG_TYPE":"一般企业","PREMIUM_INCOME":null,"PREMIUM_INCOME_YOY":null,"NET_INTEREST_INCOME":null,"NET_INTEREST_INCOME_YOY":null,"FEE_COMMISSION_INCOME":null,"FEE_COMMISSION_INCOME_YOY":null,"ACCOUNTS_RECE_TDAYS":1.763390929652,"INVENTORY_TDAYS":9.007244078551,"CURRENT_ASSETS_TDAYS":0.217696548371,"TOTAL_ASSETS_TDAYS":0.15654969872,"PREMIUM_EXPENSE":null,"LOAN_DEPOSIT":null,"LOAN_EQUITY":null,"LOAN_ASSETS":null,"DEPOSIT_EQUITY":null,"DEPOSIT_ASSETS":null,"EQUITY_MULTIPLIER":1.923719878424,"EQUITY_RATIO":0.929472891102},{"SECUCODE":"01708.HK","SECURITY_CODE":"01708","SECURITY_NAME_ABBR":"三宝科技","ORG_CODE":"10000445","STD_REPORT_DATE":"2022-06-30 00:00:00","REPORT_DATE":"2022-06-30 00:00:00","DATE_TYPE_CODE":"002","REPORT_TYPE":"2022年中报","PER_NETCASH_OPERATE":0.417395717791,"PER_OI":0.671247446205,"BPS":2.313098416948,"BASIC_EPS":-0.009,"DILUTED_EPS":-0.009,"OPERATE_INCOME":531667245.37,"OPERATE_INCOME_YOY":-7.6782881958,"GROSS_PROFIT":46007719.52,"GROSS_PROFIT_YOY":-46.340835046646,"HOLDER_PROFIT":-7108515.65,"HOLDER_PROFIT_YOY":-330.9866211193,"GROSS_PROFIT_RATIO":8.653480145835,"EPS_TTM":-0.087658561887,"OPERATE_INCOME_QOQ":-4.837798037667,"NET_PROFIT_RATIO":-1.9934604872,"ROE_AVG":-0.387440685853,"GROSS_PROFIT_QOQ":-23.448816209117,"ROA":-0.203998250961,"HOLDER_PROFIT_QOQ":-17.193043868363,"ROE_YEARLY":-0.774881371706,"ROIC_YEARLY":-0.480206707071,"TOTAL_ASSETS":3417935774.46,"TOTAL_LIABILITIES":1549221040.7,"TAX_EBT":9.595526813649,"OCF_SALES":62.182093973069,"TOTAL_PARENT_EQUITY":1832109262.48,"DEBT_ASSET_RATIO":45.3262185988,"OPERATE_PROFIT":4836482.47,"PRETAX_PROFIT":-11723508.9,"NETCASH_OPERATE":330601826.14,"NETCASH_INVEST":10644031.41,"NETCASH_FINANCE":-118892827.97,"END_CASH":582292048.15,"DIVI_RATIO":null,"DIVIDEND_RATE":null,"CURRENT_RATIO":1.938604952647,"COMMON_ACS":null,"CURRENTDEBT_DEBT":91.987764650168,"ISSUED_COMMON_SHARES":792058500,"HK_COMMON_SHARES":229500000,"PER_SHARES":500,"TOTAL_MARKET_CAP":316823400,"HKSK_MARKET_CAP":91800000,"PE_TTM":-7.339248368829,"PB_TTM":0.179549186007,"REPORT_DATE_SQ":"2021-06-30 00:00:00","REPORT_TYPE_SQ":"2021年中报","OPERATE_INCOME_SQ":575885384.9,"DPS_HKD":null,"OPERATE_INCOME_QOQ_SQ":29.327139305121,"NET_PROFIT_RATIO_SQ":0.2682552259,"HOLDER_PROFIT_SQ":3077457.74,"HOLDER_PROFIT_QOQ_SQ":-5.3227658188,"ROE_AVG_SQ":0.162290422881,"PE_TTM_SQ":-2.880406894178,"PB_TTM_SQ":0.454060286476,"ROA_SQ":0.071640143831,"START_DATE":"2022-01-01 00:00:00","FISCAL_YEAR":"12-31","CURRENCY":"HKD","IS_CNY_CODE":0,"DPS_HKD_LY":null,"ORG_TYPE":"一般企业","PREMIUM_INCOME":null,"PREMIUM_INCOME_YOY":null,"NET_INTEREST_INCOME":null,"NET_INTEREST_INCOME_YOY":null,"FEE_COMMISSION_INCOME":null,"FEE_COMMISSION_INCOME_YOY":null,"ACCOUNTS_RECE_TDAYS":1.535823002048,"INVENTORY_TDAYS":6.603325537528,"CURRENT_ASSETS_TDAYS":0.189241462888,"TOTAL_ASSETS_TDAYS":0.152576421702,"PREMIUM_EXPENSE":null,"LOAN_DEPOSIT":null,"LOAN_EQUITY":null,"LOAN_ASSETS":null,"DEPOSIT_EQUITY":null,"DEPOSIT_ASSETS":null,"EQUITY_MULTIPLIER":1.829030248817,"EQUITY_RATIO":0.845594240708},{"SECUCODE":"01708.HK","SECURITY_CODE":"01708","SECURITY_NAME_ABBR":"三宝科技","ORG_CODE":"10000445","STD_REPORT_DATE":"2021-12-31 00:00:00","REPORT_DATE":"2021-12-31 00:00:00","DATE_TYPE_CODE":"001","REPORT_TYPE":"2021年年报","PER_NETCASH_OPERATE":0.261076207048,"PER_OI":1.153972535551,"BPS":2.319732346096,"BASIC_EPS":-0.07,"DILUTED_EPS":-0.07,"OPERATE_INCOME":914013755.55,"OPERATE_INCOME_YOY":-3.3769449087,"GROSS_PROFIT":169445379.1,"GROSS_PROFIT_YOY":-3.930734577115,"HOLDER_PROFIT":-59244735.65,"HOLDER_PROFIT_YOY":57.4925927646,"GROSS_PROFIT_RATIO":18.538602736677,"EPS_TTM":-0.07479843427,"OPERATE_INCOME_QOQ":-25.287874138052,"NET_PROFIT_RATIO":-6.1172151174,"ROE_AVG":-3.17501495435,"GROSS_PROFIT_QOQ":0.661866996931,"ROA":-1.532759123601,"HOLDER_PROFIT_QOQ":59.640817533668,"ROE_YEARLY":-3.17501495435,"ROIC_YEARLY":-1.734331863381,"TOTAL_ASSETS":3551256967.65,"TOTAL_LIABILITIES":1673797713.11,"TAX_EBT":-2.203699890755,"OCF_SALES":22.624126571877,"TOTAL_PARENT_EQUITY":1837363722.45,"DEBT_ASSET_RATIO":47.1325428815,"OPERATE_PROFIT":4489843.58,"PRETAX_PROFIT":-54706617.95,"NETCASH_OPERATE":206787628.94,"NETCASH_INVEST":169580571.38,"NETCASH_FINANCE":-395495910.86,"END_CASH":359877697.64,"DIVI_RATIO":null,"DIVIDEND_RATE":null,"CURRENT_RATIO":1.838749997505,"COMMON_ACS":null,"CURRENTDEBT_DEBT":92.804367113382,"ISSUED_COMMON_SHARES":792058500,"HK_COMMON_SHARES":229500000,"PER_SHARES":500,"TOTAL_MARKET_CAP":316823400,"HKSK_MARKET_CAP":91800000,"PE_TTM":-7.339248368829,"PB_TTM":0.179549186007,"REPORT_DATE_SQ":"2020-12-31 00:00:00","REPORT_TYPE_SQ":"2020年年报","OPERATE_INCOME_SQ":945958244.32,"DPS_HKD":null,"OPERATE_INCOME_QOQ_SQ":-2.341598195594,"NET_PROFIT_RATIO_SQ":-16.0854316185,"HOLDER_PROFIT_SQ":-139375086.61,"HOLDER_PROFIT_QOQ_SQ":-686.842957695999,"ROE_AVG_SQ":-7.085873640889,"PE_TTM_SQ":-2.880406894178,"PB_TTM_SQ":0.454060286476,"ROA_SQ":-3.226711863412,"START_DATE":"2021-01-01 00:00:00","FISCAL_YEAR":"12-31","CURRENCY":"HKD","IS_CNY_CODE":0,"DPS_HKD_LY":null,"ORG_TYPE":"一般企业","PREMIUM_INCOME":null,"PREMIUM_INCOME_YOY":null,"NET_INTEREST_INCOME":null,"NET_INTEREST_INCOME_YOY":null,"FEE_COMMISSION_INCOME":null,"FEE_COMMISSION_INCOME_YOY":null,"ACCOUNTS_RECE_TDAYS":1.263787037553,"INVENTORY_TDAYS":6.106246352762,"CURRENT_ASSETS_TDAYS":0.30305650537,"TOTAL_ASSETS_TDAYS":0.236470448816,"PREMIUM_EXPENSE":null,"LOAN_DEPOSIT":null,"LOAN_EQUITY":null,"LOAN_ASSETS":null,"DEPOSIT_EQUITY":null,"DEPOSIT_ASSETS":null,"EQUITY_MULTIPLIER":1.891522790208,"EQUITY_RATIO":0.910977882418},{"SECUCODE":"01708.HK","SECURITY_CODE":"01708","SECURITY_NAME_ABBR":"三宝科技","ORG_CODE":"10000445","STD_REPORT_DATE":"2021-06-30 00:00:00","REPORT_DATE":"2021-06-30 00:00:00","DATE_TYPE_CODE":"002","REPORT_TYPE":"2021年中报","PER_NETCASH_OPERATE":-0.253683330209,"PER_OI":0.727074306885,"BPS":2.396238398553,"BASIC_EPS":0.004,"DILUTED_EPS":0.004,"OPERATE_INCOME":575885384.9,"OPERATE_INCOME_YOY":92.950413185,"GROSS_PROFIT":85740655.04,"GROSS_PROFIT_YOY":-8.580111637922,"HOLDER_PROFIT":3077457.74,"HOLDER_PROFIT_YOY":-70.6798967801,"GROSS_PROFIT_RATIO":14.888492968942,"EPS_TTM":-0.185331886572,"OPERATE_INCOME_QOQ":29.327139305121,"NET_PROFIT_RATIO":0.2682552259,"ROE_AVG":0.162290422881,"GROSS_PROFIT_QOQ":-4.562404524234,"ROA":0.071640143831,"HOLDER_PROFIT_QOQ":-5.3227658188,"ROE_YEARLY":0.324580845763,"ROIC_YEARLY":0.163438472262,"TOTAL_ASSETS":4412221538.84,"TOTAL_LIABILITIES":2433255062.61,"TAX_EBT":37.472534340374,"OCF_SALES":-34.890977140337,"TOTAL_PARENT_EQUITY":1897960991.6,"DEBT_ASSET_RATIO":55.1480709024,"OPERATE_PROFIT":30946518.56,"PRETAX_PROFIT":2470662.49,"NETCASH_OPERATE":-200932038,"NETCASH_INVEST":1083234.93,"NETCASH_FINANCE":158329367.5,"END_CASH":337618371.66,"DIVI_RATIO":null,"DIVIDEND_RATE":null,"CURRENT_RATIO":1.706001890282,"COMMON_ACS":null,"CURRENTDEBT_DEBT":82.539973027559,"ISSUED_COMMON_SHARES":792058500,"HK_COMMON_SHARES":229500000,"PER_SHARES":500,"TOTAL_MARKET_CAP":316823400,"HKSK_MARKET_CAP":91800000,"PE_TTM":-7.339248368829,"PB_TTM":0.179549186007,"REPORT_DATE_SQ":"2020-06-30 00:00:00","REPORT_TYPE_SQ":"2020年中报","OPERATE_INCOME_SQ":298462892.82,"DPS_HKD":null,"OPERATE_INCOME_QOQ_SQ":-34.86511096649,"NET_PROFIT_RATIO_SQ":3.43089088,"HOLDER_PROFIT_SQ":10496067.21,"HOLDER_PROFIT_QOQ_SQ":-77.808622064199,"ROE_AVG_SQ":0.51333171319,"PE_TTM_SQ":-2.880406894178,"PB_TTM_SQ":0.454060286476,"ROA_SQ":0.23543436774,"START_DATE":"2021-01-01 00:00:00","FISCAL_YEAR":"12-31","CURRENCY":"HKD","IS_CNY_CODE":0,"DPS_HKD_LY":null,"ORG_TYPE":"一般企业","PREMIUM_INCOME":null,"PREMIUM_INCOME_YOY":null,"NET_INTEREST_INCOME":null,"NET_INTEREST_INCOME_YOY":null,"FEE_COMMISSION_INCOME":null,"FEE_COMMISSION_INCOME_YOY":null,"ACCOUNTS_RECE_TDAYS":0.662953121003,"INVENTORY_TDAYS":2.398891791461,"CURRENT_ASSETS_TDAYS":0.174455707942,"TOTAL_ASSETS_TDAYS":0.134060368298,"PREMIUM_EXPENSE":null,"LOAN_DEPOSIT":null,"LOAN_EQUITY":null,"LOAN_ASSETS":null,"DEPOSIT_EQUITY":null,"DEPOSIT_ASSETS":null,"EQUITY_MULTIPLIER":2.22955850533,"EQUITY_RATIO":1.282036392412},{"SECUCODE":"01708.HK","SECURITY_CODE":"01708","SECURITY_NAME_ABBR":"三宝科技","ORG_CODE":"10000445","STD_REPORT_DATE":"2020-12-31 00:00:00","REPORT_DATE":"2020-12-31 00:00:00","DATE_TYPE_CODE":"001","REPORT_TYPE":"2020年年报","PER_NETCASH_OPERATE":0.357352213694,"PER_OI":1.194303507026,"BPS":2.391957856636,"BASIC_EPS":-0.18,"DILUTED_EPS":-0.18,"OPERATE_INCOME":945958244.32,"OPERATE_INCOME_YOY":-36.3903083528,"GROSS_PROFIT":176378343.64,"GROSS_PROFIT_YOY":-55.828998543488,"HOLDER_PROFIT":-139375086.61,"HOLDER_PROFIT_YOY":-230.228538632,"GROSS_PROFIT_RATIO":18.645468201061,"EPS_TTM":-0.175965647247,"OPERATE_INCOME_QOQ":-2.341598195594,"NET_PROFIT_RATIO":-16.0854316185,"ROE_AVG":-7.085873640889,"GROSS_PROFIT_QOQ":-40.380756263337,"ROA":-3.226711863412,"HOLDER_PROFIT_QOQ":-686.842957695999,"ROE_YEARLY":-7.085873640889,"ROIC_YEARLY":-3.519552367269,"TOTAL_ASSETS":4179212189.28,"TOTAL_LIABILITIES":2202103537.56,"TAX_EBT":10.982704376497,"OCF_SALES":29.921390299153,"TOTAL_PARENT_EQUITY":1894570551.99,"DEBT_ASSET_RATIO":52.6918337195,"OPERATE_PROFIT":-101978366.75,"PRETAX_PROFIT":-170934721.69,"NETCASH_OPERATE":283043858.35,"NETCASH_INVEST":22394063.8,"NETCASH_FINANCE":-62353974.41,"END_CASH":379222636.69,"DIVI_RATIO":null,"DIVIDEND_RATE":null,"CURRENT_RATIO":1.603562791839,"COMMON_ACS":null,"CURRENTDEBT_DEBT":89.933257483632,"ISSUED_COMMON_SHARES":792058500,"HK_COMMON_SHARES":229500000,"PER_SHARES":500,"TOTAL_MARKET_CAP":316823400,"HKSK_MARKET_CAP":91800000,"PE_TTM":-7.339248368829,"PB_TTM":0.179549186007,"REPORT_DATE_SQ":"2019-12-31 00:00:00","REPORT_TYPE_SQ":"2019年年报","OPERATE_INCOME_SQ":1487129114.8,"DPS_HKD":null,"OPERATE_INCOME_QOQ_SQ":-16.945761525871,"NET_PROFIT_RATIO_SQ":5.5265758105,"HOLDER_PROFIT_SQ":107023458.97,"HOLDER_PROFIT_QOQ_SQ":-43.807185833214,"ROE_AVG_SQ":5.29157233996,"PE_TTM_SQ":-2.880406894178,"PB_TTM_SQ":0.454060286476,"ROA_SQ":2.308701966088,"START_DATE":"2020-01-01 00:00:00","FISCAL_YEAR":"12-31","CURRENCY":"HKD","IS_CNY_CODE":0,"DPS_HKD_LY":null,"ORG_TYPE":"一般企业","PREMIUM_INCOME":null,"PREMIUM_INCOME_YOY":null,"NET_INTEREST_INCOME":null,"NET_INTEREST_INCOME_YOY":null,"FEE_COMMISSION_INCOME":null,"FEE_COMMISSION_INCOME_YOY":null,"ACCOUNTS_RECE_TDAYS":0.848945295779,"INVENTORY_TDAYS":4.748948063793,"CURRENT_ASSETS_TDAYS":0.307561563889,"TOTAL_ASSETS_TDAYS":0.219001455962,"PREMIUM_EXPENSE":null,"LOAN_DEPOSIT":null,"LOAN_EQUITY":null,"LOAN_ASSETS":null,"DEPOSIT_EQUITY":null,"DEPOSIT_ASSETS":null,"EQUITY_MULTIPLIER":2.113799960182,"EQUITY_RATIO":1.162323321898},{"SECUCODE":"01708.HK","SECURITY_CODE":"01708","SECURITY_NAME_ABBR":"三宝科技","ORG_CODE":"10000445","STD_REPORT_DATE":"2020-06-30 00:00:00","REPORT_DATE":"2020-06-30 00:00:00","DATE_TYPE_CODE":"002","REPORT_TYPE":"2020年中报","PER_NETCASH_OPERATE":-0.100166191601,"PER_OI":0.376819253654,"BPS":2.588286782504,"BASIC_EPS":0.013,"DILUTED_EPS":0.013,"OPERATE_INCOME":298462892.82,"OPERATE_INCOME_YOY":-63.4662926303,"GROSS_PROFIT":93787748.57,"GROSS_PROFIT_YOY":-52.453419246519,"HOLDER_PROFIT":10496067.21,"HOLDER_PROFIT_YOY":-88.8065287007,"GROSS_PROFIT_RATIO":31.423587597056,"EPS_TTM":0.029985134002,"OPERATE_INCOME_QOQ":-34.86511096649,"NET_PROFIT_RATIO":3.43089088,"ROE_AVG":0.51333171319,"GROSS_PROFIT_QOQ":-25.91150325285,"ROA":0.23543436774,"HOLDER_PROFIT_QOQ":-77.808622064199,"ROE_YEARLY":1.026663426381,"ROIC_YEARLY":0.495335015656,"TOTAL_ASSETS":4456723973.84,"TOTAL_LIABILITIES":2360117551.74,"TAX_EBT":26.336477103473,"OCF_SALES":-26.582025899564,"TOTAL_PARENT_EQUITY":2050074546.52,"DEBT_ASSET_RATIO":52.9563321757,"OPERATE_PROFIT":39378333.72,"PRETAX_PROFIT":13900959.06,"NETCASH_OPERATE":-79337483.47,"NETCASH_INVEST":10615369.06,"NETCASH_FINANCE":72512664.95,"END_CASH":139787066.67,"DIVI_RATIO":null,"DIVIDEND_RATE":null,"CURRENT_RATIO":1.367511980013,"COMMON_ACS":null,"CURRENTDEBT_DEBT":93.368884629725,"ISSUED_COMMON_SHARES":792058500,"HK_COMMON_SHARES":229500000,"PER_SHARES":500,"TOTAL_MARKET_CAP":316823400,"HKSK_MARKET_CAP":91800000,"PE_TTM":-7.339248368829,"PB_TTM":0.179549186007,"REPORT_DATE_SQ":"2019-06-30 00:00:00","REPORT_TYPE_SQ":"2019年中报","OPERATE_INCOME_SQ":816952108.91,"DPS_HKD":null,"OPERATE_INCOME_QOQ_SQ":-2.394993495911,"NET_PROFIT_RATIO_SQ":10.8692399617,"HOLDER_PROFIT_SQ":93769545.92,"HOLDER_PROFIT_QOQ_SQ":-2.823869340051,"ROE_AVG_SQ":4.654828346401,"PE_TTM_SQ":-2.880406894178,"PB_TTM_SQ":0.454060286476,"ROA_SQ":1.944064299414,"START_DATE":"2020-01-01 00:00:00","FISCAL_YEAR":"12-31","CURRENCY":"HKD","IS_CNY_CODE":0,"DPS_HKD_LY":null,"ORG_TYPE":"一般企业","PREMIUM_INCOME":null,"PREMIUM_INCOME_YOY":null,"NET_INTEREST_INCOME":null,"NET_INTEREST_INCOME_YOY":null,"FEE_COMMISSION_INCOME":null,"FEE_COMMISSION_INCOME_YOY":null,"ACCOUNTS_RECE_TDAYS":0.284931791801,"INVENTORY_TDAYS":1.272134431384,"CURRENT_ASSETS_TDAYS":0.099669035929,"TOTAL_ASSETS_TDAYS":0.066947382347,"PREMIUM_EXPENSE":null,"LOAN_DEPOSIT":null,"LOAN_EQUITY":null,"LOAN_ASSETS":null,"DEPOSIT_EQUITY":null,"DEPOSIT_ASSETS":null,"EQUITY_MULTIPLIER":2.125684595289,"EQUITY_RATIO":1.151234990818}],"count":58},"success":true,"message":"ok","code":0}