{"version":"fa49633ff5bd12ecaa234672917a009b","result":{"pages":2,"data":[{"SECUCODE":"01701.HK","SECURITY_CODE":"01701","SECURITY_NAME_ABBR":"途屹控股","ORG_CODE":"10940015","STD_REPORT_DATE":"2024-06-30 00:00:00","REPORT_DATE":"2024-06-30 00:00:00","DATE_TYPE_CODE":"002","REPORT_TYPE":"2024年中报","PER_NETCASH_OPERATE":-0.000022,"PER_OI":0.090585,"BPS":0.130761,"BASIC_EPS":0.0046,"DILUTED_EPS":null,"OPERATE_INCOME":90585000,"OPERATE_INCOME_YOY":234.0770791075,"GROSS_PROFIT":26483000,"GROSS_PROFIT_YOY":107.141181071568,"HOLDER_PROFIT":4596000,"HOLDER_PROFIT_YOY":69.2194403535,"GROSS_PROFIT_RATIO":29.235524645361,"EPS_TTM":0.010801,"OPERATE_INCOME_QOQ":68.508824005613,"NET_PROFIT_RATIO":5.0571286637,"ROE_AVG":3.487286881701,"GROSS_PROFIT_QOQ":40.71696094168,"ROA":2.04960800578,"HOLDER_PROFIT_QOQ":21.073870642305,"ROE_YEARLY":6.974573763402,"ROIC_YEARLY":4.989239374391,"TOTAL_ASSETS":224730000,"TOTAL_LIABILITIES":91771000,"TAX_EBT":-1.777382803821,"OCF_SALES":-0.024286581664,"TOTAL_PARENT_EQUITY":130761000,"DEBT_ASSET_RATIO":40.8361144484,"OPERATE_PROFIT":5938000,"PRETAX_PROFIT":4501000,"NETCASH_OPERATE":-22000,"NETCASH_INVEST":2268000,"NETCASH_FINANCE":-1280000,"END_CASH":37486000,"DIVI_RATIO":null,"DIVIDEND_RATE":null,"CURRENT_RATIO":1.478407025006,"COMMON_ACS":1500000000,"CURRENTDEBT_DEBT":63.534231946911,"ISSUED_COMMON_SHARES":1000000000,"HK_COMMON_SHARES":1000000000,"PER_SHARES":4000,"TOTAL_MARKET_CAP":115000000,"HKSK_MARKET_CAP":115000000,"PE_TTM":9.6362742524,"PB_TTM":0.802672050535,"REPORT_DATE_SQ":"2023-06-30 00:00:00","REPORT_TYPE_SQ":"2023年中报","OPERATE_INCOME_SQ":27115000,"DPS_HKD":null,"OPERATE_INCOME_QOQ_SQ":55.27706994257,"NET_PROFIT_RATIO_SQ":10.0165959801,"HOLDER_PROFIT_SQ":2716000,"HOLDER_PROFIT_QOQ_SQ":34.259560177662,"ROE_AVG_SQ":2.140571554673,"PE_TTM_SQ":-9.257932716477,"PB_TTM_SQ":0.904519162095,"ROA_SQ":1.280187031743,"START_DATE":"2024-01-01 00:00:00","FISCAL_YEAR":"12-31","CURRENCY":"HKD","IS_CNY_CODE":0,"DPS_HKD_LY":null,"ORG_TYPE":"一般企业","PREMIUM_INCOME":null,"PREMIUM_INCOME_YOY":null,"NET_INTEREST_INCOME":null,"NET_INTEREST_INCOME_YOY":null,"FEE_COMMISSION_INCOME":null,"FEE_COMMISSION_INCOME_YOY":null,"ACCOUNTS_RECE_TDAYS":5.894774516822,"INVENTORY_TDAYS":54.026127265065,"CURRENT_ASSETS_TDAYS":1.139197525042,"TOTAL_ASSETS_TDAYS":0.403968105317,"PREMIUM_EXPENSE":null,"LOAN_DEPOSIT":null,"LOAN_EQUITY":null,"LOAN_ASSETS":null,"DEPOSIT_EQUITY":null,"DEPOSIT_ASSETS":null,"EQUITY_MULTIPLIER":1.690220293473,"EQUITY_RATIO":0.701822408822},{"SECUCODE":"01701.HK","SECURITY_CODE":"01701","SECURITY_NAME_ABBR":"途屹控股","ORG_CODE":"10940015","STD_REPORT_DATE":"2023-12-31 00:00:00","REPORT_DATE":"2023-12-31 00:00:00","DATE_TYPE_CODE":"001","REPORT_TYPE":"2023年年报","PER_NETCASH_OPERATE":0.012243,"PER_OI":0.092645,"BPS":0.132825,"BASIC_EPS":0.0089,"DILUTED_EPS":null,"OPERATE_INCOME":92645000,"OPERATE_INCOME_YOY":252.3561404176,"GROSS_PROFIT":33642000,"GROSS_PROFIT_YOY":354.069375084357,"HOLDER_PROFIT":8921000,"HOLDER_PROFIT_YOY":148.3208753115,"GROSS_PROFIT_RATIO":36.312806951266,"EPS_TTM":0.008921,"OPERATE_INCOME_QOQ":126.920910181987,"NET_PROFIT_RATIO":9.9239030709,"ROE_AVG":6.884125073309,"GROSS_PROFIT_QOQ":155.26974732529,"ROA":4.10635746622,"HOLDER_PROFIT_QOQ":173.502512976848,"ROE_YEARLY":6.884125073309,"ROIC_YEARLY":4.924172381912,"TOTAL_ASSETS":223746000,"TOTAL_LIABILITIES":88695000,"TAX_EBT":23.043441868251,"OCF_SALES":13.214960332452,"TOTAL_PARENT_EQUITY":132825000,"DEBT_ASSET_RATIO":39.6409321284,"OPERATE_PROFIT":13185000,"PRETAX_PROFIT":11947000,"NETCASH_OPERATE":12243000,"NETCASH_INVEST":-169000,"NETCASH_FINANCE":-3504000,"END_CASH":38093000,"DIVI_RATIO":null,"DIVIDEND_RATE":null,"CURRENT_RATIO":1.414397793918,"COMMON_ACS":1500000000,"CURRENTDEBT_DEBT":58.05738767687,"ISSUED_COMMON_SHARES":1000000000,"HK_COMMON_SHARES":1000000000,"PER_SHARES":4000,"TOTAL_MARKET_CAP":128000000,"HKSK_MARKET_CAP":128000000,"PE_TTM":10.725592211367,"PB_TTM":0.89340889103,"REPORT_DATE_SQ":"2022-12-31 00:00:00","REPORT_TYPE_SQ":"2022年年报","OPERATE_INCOME_SQ":26293000,"DPS_HKD":null,"OPERATE_INCOME_QOQ_SQ":11.119093905841,"NET_PROFIT_RATIO_SQ":-70.3913589168,"HOLDER_PROFIT_SQ":-18462000,"HOLDER_PROFIT_QOQ_SQ":42.78010227801,"ROE_AVG_SQ":-13.37966670411,"PE_TTM_SQ":-9.998567333795,"PB_TTM_SQ":0.976880695063,"ROA_SQ":-8.182767080119,"START_DATE":"2023-01-01 00:00:00","FISCAL_YEAR":"12-31","CURRENCY":"HKD","IS_CNY_CODE":0,"DPS_HKD_LY":null,"ORG_TYPE":"一般企业","PREMIUM_INCOME":null,"PREMIUM_INCOME_YOY":null,"NET_INTEREST_INCOME":null,"NET_INTEREST_INCOME_YOY":null,"FEE_COMMISSION_INCOME":null,"FEE_COMMISSION_INCOME_YOY":null,"ACCOUNTS_RECE_TDAYS":12.010760355221,"INVENTORY_TDAYS":41.145746164575,"CURRENT_ASSETS_TDAYS":1.560862606352,"TOTAL_ASSETS_TDAYS":0.426447133122,"PREMIUM_EXPENSE":null,"LOAN_DEPOSIT":null,"LOAN_EQUITY":null,"LOAN_ASSETS":null,"DEPOSIT_EQUITY":null,"DEPOSIT_ASSETS":null,"EQUITY_MULTIPLIER":1.656751893729,"EQUITY_RATIO":0.667758328628},{"SECUCODE":"01701.HK","SECURITY_CODE":"01701","SECURITY_NAME_ABBR":"途屹控股","ORG_CODE":"10940015","STD_REPORT_DATE":"2023-06-30 00:00:00","REPORT_DATE":"2023-06-30 00:00:00","DATE_TYPE_CODE":"002","REPORT_TYPE":"2023年中报","PER_NETCASH_OPERATE":0.002558,"PER_OI":0.027115,"BPS":0.127413,"BASIC_EPS":0.0027,"DILUTED_EPS":null,"OPERATE_INCOME":27115000,"OPERATE_INCOME_YOY":115.5234083141,"GROSS_PROFIT":12785000,"GROSS_PROFIT_YOY":82.252316464719,"HOLDER_PROFIT":2716000,"HOLDER_PROFIT_YOY":175.2563036852,"GROSS_PROFIT_RATIO":47.151023418772,"EPS_TTM":-0.012137,"OPERATE_INCOME_QOQ":55.27706994257,"NET_PROFIT_RATIO":10.0165959801,"ROE_AVG":2.140571554673,"GROSS_PROFIT_QOQ":77.878256174922,"ROA":1.280187031743,"HOLDER_PROFIT_QOQ":34.259560177662,"ROE_YEARLY":4.281143109346,"ROIC_YEARLY":3.025248460782,"TOTAL_ASSETS":213562000,"TOTAL_LIABILITIES":84196000,"TAX_EBT":-1.570680628272,"OCF_SALES":9.433892679329,"TOTAL_PARENT_EQUITY":127413000,"DEBT_ASSET_RATIO":39.4246167389,"OPERATE_PROFIT":1055000,"PRETAX_PROFIT":2674000,"NETCASH_OPERATE":3078000,"NETCASH_INVEST":346000,"NETCASH_FINANCE":-1649000,"END_CASH":31406000,"DIVI_RATIO":null,"DIVIDEND_RATE":null,"CURRENT_RATIO":1.155922007882,"COMMON_ACS":1500000000,"CURRENTDEBT_DEBT":57.259252221008,"ISSUED_COMMON_SHARES":1000000000,"HK_COMMON_SHARES":1000000000,"PER_SHARES":4000,"TOTAL_MARKET_CAP":128000000,"HKSK_MARKET_CAP":128000000,"PE_TTM":10.725592211367,"PB_TTM":0.89340889103,"REPORT_DATE_SQ":"2022-06-30 00:00:00","REPORT_TYPE_SQ":"2022年中报","OPERATE_INCOME_SQ":12581000,"DPS_HKD":null,"OPERATE_INCOME_QOQ_SQ":13.8198085526,"NET_PROFIT_RATIO_SQ":-28.8212383753,"HOLDER_PROFIT_SQ":-3609000,"HOLDER_PROFIT_QOQ_SQ":20.509977827051,"ROE_AVG_SQ":-2.524288142351,"PE_TTM_SQ":-9.998567333795,"PB_TTM_SQ":0.976880695063,"ROA_SQ":-1.573392275599,"START_DATE":"2023-01-01 00:00:00","FISCAL_YEAR":"12-31","CURRENCY":"HKD","IS_CNY_CODE":0,"DPS_HKD_LY":null,"ORG_TYPE":"一般企业","PREMIUM_INCOME":null,"PREMIUM_INCOME_YOY":null,"NET_INTEREST_INCOME":null,"NET_INTEREST_INCOME_YOY":null,"FEE_COMMISSION_INCOME":null,"FEE_COMMISSION_INCOME_YOY":null,"ACCOUNTS_RECE_TDAYS":8.85387755102,"INVENTORY_TDAYS":8.307246376812,"CURRENT_ASSETS_TDAYS":0.53373882918,"TOTAL_ASSETS_TDAYS":0.127806595603,"PREMIUM_EXPENSE":null,"LOAN_DEPOSIT":null,"LOAN_EQUITY":null,"LOAN_ASSETS":null,"DEPOSIT_EQUITY":null,"DEPOSIT_ASSETS":null,"EQUITY_MULTIPLIER":1.650835613684,"EQUITY_RATIO":0.660811691115},{"SECUCODE":"01701.HK","SECURITY_CODE":"01701","SECURITY_NAME_ABBR":"途屹控股","ORG_CODE":"10940015","STD_REPORT_DATE":"2022-12-31 00:00:00","REPORT_DATE":"2022-12-31 00:00:00","DATE_TYPE_CODE":"001","REPORT_TYPE":"2022年年报","PER_NETCASH_OPERATE":-0.011577,"PER_OI":0.026293,"BPS":0.126351,"BASIC_EPS":-0.0185,"DILUTED_EPS":null,"OPERATE_INCOME":26293000,"OPERATE_INCOME_YOY":26.475539949,"GROSS_PROFIT":7409000,"GROSS_PROFIT_YOY":199.474535165724,"HOLDER_PROFIT":-18462000,"HOLDER_PROFIT_YOY":54.5158906135,"GROSS_PROFIT_RATIO":28.178602669912,"EPS_TTM":-0.018462,"OPERATE_INCOME_QOQ":11.119093905841,"NET_PROFIT_RATIO":-70.3913589168,"ROE_AVG":-13.37966670411,"GROSS_PROFIT_QOQ":-1.646090534979,"ROA":-8.182767080119,"HOLDER_PROFIT_QOQ":42.78010227801,"ROE_YEARLY":-13.37966670411,"ROIC_YEARLY":-9.878406035555,"TOTAL_ASSETS":210751000,"TOTAL_LIABILITIES":82447000,"TAX_EBT":-2.862224198299,"OCF_SALES":-44.030730612711,"TOTAL_PARENT_EQUITY":126351000,"DEBT_ASSET_RATIO":39.1205735679,"OPERATE_PROFIT":-16683000,"PRETAX_PROFIT":-17993000,"NETCASH_OPERATE":-11577000,"NETCASH_INVEST":2508000,"NETCASH_FINANCE":-2522000,"END_CASH":29890000,"DIVI_RATIO":null,"DIVIDEND_RATE":null,"CURRENT_RATIO":1.036159544674,"COMMON_ACS":1500000000,"CURRENTDEBT_DEBT":53.702378497702,"ISSUED_COMMON_SHARES":1000000000,"HK_COMMON_SHARES":1000000000,"PER_SHARES":4000,"TOTAL_MARKET_CAP":128000000,"HKSK_MARKET_CAP":128000000,"PE_TTM":10.725592211367,"PB_TTM":0.89340889103,"REPORT_DATE_SQ":"2021-12-31 00:00:00","REPORT_TYPE_SQ":"2021年年报","OPERATE_INCOME_SQ":20789000,"DPS_HKD":null,"OPERATE_INCOME_QOQ_SQ":12.027806218678,"NET_PROFIT_RATIO_SQ":-195.6226850738,"HOLDER_PROFIT_SQ":-40590000,"HOLDER_PROFIT_QOQ_SQ":6.416434187167,"ROE_AVG_SQ":-23.276017788176,"PE_TTM_SQ":-9.998567333795,"PB_TTM_SQ":0.976880695063,"ROA_SQ":-15.312936205531,"START_DATE":"2022-01-01 00:00:00","FISCAL_YEAR":"12-31","CURRENCY":"HKD","IS_CNY_CODE":0,"DPS_HKD_LY":null,"ORG_TYPE":"一般企业","PREMIUM_INCOME":null,"PREMIUM_INCOME_YOY":null,"NET_INTEREST_INCOME":null,"NET_INTEREST_INCOME_YOY":null,"FEE_COMMISSION_INCOME":null,"FEE_COMMISSION_INCOME_YOY":null,"ACCOUNTS_RECE_TDAYS":23.59174517721,"INVENTORY_TDAYS":6.489347079038,"CURRENT_ASSETS_TDAYS":0.512794008659,"TOTAL_ASSETS_TDAYS":0.116536396294,"PREMIUM_EXPENSE":null,"LOAN_DEPOSIT":null,"LOAN_EQUITY":null,"LOAN_ASSETS":null,"DEPOSIT_EQUITY":null,"DEPOSIT_ASSETS":null,"EQUITY_MULTIPLIER":1.642591033796,"EQUITY_RATIO":0.652523525734},{"SECUCODE":"01701.HK","SECURITY_CODE":"01701","SECURITY_NAME_ABBR":"途屹控股","ORG_CODE":"10940015","STD_REPORT_DATE":"2022-06-30 00:00:00","REPORT_DATE":"2022-06-30 00:00:00","DATE_TYPE_CODE":"002","REPORT_TYPE":"2022年中报","PER_NETCASH_OPERATE":-0.014424,"PER_OI":0.012581,"BPS":0.136322,"BASIC_EPS":-0.0036,"DILUTED_EPS":null,"OPERATE_INCOME":12581000,"OPERATE_INCOME_YOY":29.5941491553,"GROSS_PROFIT":7015000,"GROSS_PROFIT_YOY":258.640081799591,"HOLDER_PROFIT":-3609000,"HOLDER_PROFIT_YOY":69.7586726998,"GROSS_PROFIT_RATIO":55.758683729433,"EPS_TTM":-0.032265,"OPERATE_INCOME_QOQ":13.8198085526,"NET_PROFIT_RATIO":-28.8212383753,"ROE_AVG":-2.524288142351,"GROSS_PROFIT_QOQ":204.486661277284,"ROA":-1.573392275599,"HOLDER_PROFIT_QOQ":20.509977827051,"ROE_YEARLY":-5.048576284701,"ROIC_YEARLY":-3.803782175766,"TOTAL_ASSETS":218264000,"TOTAL_LIABILITIES":79959000,"TAX_EBT":6.329113924051,"OCF_SALES":-114.649074000477,"TOTAL_PARENT_EQUITY":136322000,"DEBT_ASSET_RATIO":36.6340761646,"OPERATE_PROFIT":-3207000,"PRETAX_PROFIT":-3871000,"NETCASH_OPERATE":-14424000,"NETCASH_INVEST":-3610000,"NETCASH_FINANCE":-1285000,"END_CASH":31641000,"DIVI_RATIO":null,"DIVIDEND_RATE":null,"CURRENT_RATIO":1.108650875386,"COMMON_ACS":1500000000,"CURRENTDEBT_DEBT":53.43238409685,"ISSUED_COMMON_SHARES":1000000000,"HK_COMMON_SHARES":1000000000,"PER_SHARES":4000,"TOTAL_MARKET_CAP":128000000,"HKSK_MARKET_CAP":128000000,"PE_TTM":10.725592211367,"PB_TTM":0.89340889103,"REPORT_DATE_SQ":"2021-06-30 00:00:00","REPORT_TYPE_SQ":"2021年中报","OPERATE_INCOME_SQ":9708000,"DPS_HKD":null,"OPERATE_INCOME_QOQ_SQ":-39.884673944734,"NET_PROFIT_RATIO_SQ":-123.9287185826,"HOLDER_PROFIT_SQ":-11934000,"HOLDER_PROFIT_QOQ_SQ":4.236951337985,"ROE_AVG_SQ":-6.17519675872,"PE_TTM_SQ":-9.998567333795,"PB_TTM_SQ":0.976880695063,"ROA_SQ":-4.239047617356,"START_DATE":"2022-01-01 00:00:00","FISCAL_YEAR":"12-31","CURRENCY":"HKD","IS_CNY_CODE":0,"DPS_HKD_LY":null,"ORG_TYPE":"一般企业","PREMIUM_INCOME":null,"PREMIUM_INCOME_YOY":null,"NET_INTEREST_INCOME":null,"NET_INTEREST_INCOME_YOY":null,"FEE_COMMISSION_INCOME":null,"FEE_COMMISSION_INCOME_YOY":null,"ACCOUNTS_RECE_TDAYS":9.438109527382,"INVENTORY_TDAYS":1.676506024096,"CURRENT_ASSETS_TDAYS":0.241856262676,"TOTAL_ASSETS_TDAYS":0.054848568078,"PREMIUM_EXPENSE":null,"LOAN_DEPOSIT":null,"LOAN_EQUITY":null,"LOAN_ASSETS":null,"DEPOSIT_EQUITY":null,"DEPOSIT_ASSETS":null,"EQUITY_MULTIPLIER":1.578135280719,"EQUITY_RATIO":0.586545091768},{"SECUCODE":"01701.HK","SECURITY_CODE":"01701","SECURITY_NAME_ABBR":"途屹控股","ORG_CODE":"10940015","STD_REPORT_DATE":"2021-12-31 00:00:00","REPORT_DATE":"2021-12-31 00:00:00","DATE_TYPE_CODE":"001","REPORT_TYPE":"2021年年报","PER_NETCASH_OPERATE":-0.00733,"PER_OI":0.020789,"BPS":0.14962,"BASIC_EPS":-0.0406,"DILUTED_EPS":null,"OPERATE_INCOME":20789000,"OPERATE_INCOME_YOY":-32.6541190191,"GROSS_PROFIT":2474000,"GROSS_PROFIT_YOY":294.039215686275,"HOLDER_PROFIT":-40590000,"HOLDER_PROFIT_YOY":10.381524331,"GROSS_PROFIT_RATIO":11.900524315744,"EPS_TTM":-0.04059,"OPERATE_INCOME_QOQ":12.027806218678,"NET_PROFIT_RATIO":-195.6226850738,"ROE_AVG":-23.276017788176,"GROSS_PROFIT_QOQ":194.571865443425,"ROA":-15.312936205531,"HOLDER_PROFIT_QOQ":6.416434187167,"ROE_YEARLY":-23.276017788176,"ROIC_YEARLY":-18.516237631892,"TOTAL_ASSETS":240490000,"TOTAL_LIABILITIES":88871000,"TAX_EBT":-4.375946410697,"OCF_SALES":-35.259031218433,"TOTAL_PARENT_EQUITY":149620000,"DEBT_ASSET_RATIO":36.9541353071,"OPERATE_PROFIT":-37545000,"PRETAX_PROFIT":-38963000,"NETCASH_OPERATE":-7330000,"NETCASH_INVEST":12148000,"NETCASH_FINANCE":-2814000,"END_CASH":43614000,"DIVI_RATIO":null,"DIVIDEND_RATE":null,"CURRENT_RATIO":1.188744152875,"COMMON_ACS":1500000000,"CURRENTDEBT_DEBT":53.642920637778,"ISSUED_COMMON_SHARES":1000000000,"HK_COMMON_SHARES":1000000000,"PER_SHARES":4000,"TOTAL_MARKET_CAP":128000000,"HKSK_MARKET_CAP":128000000,"PE_TTM":10.725592211367,"PB_TTM":0.89340889103,"REPORT_DATE_SQ":"2020-12-31 00:00:00","REPORT_TYPE_SQ":"2020年年报","OPERATE_INCOME_SQ":30869000,"DPS_HKD":null,"OPERATE_INCOME_QOQ_SQ":-77.616074600999,"NET_PROFIT_RATIO_SQ":-147.1249473582,"HOLDER_PROFIT_SQ":-45292000,"HOLDER_PROFIT_QOQ_SQ":-7882.13058419244,"ROE_AVG_SQ":-20.147597208198,"PE_TTM_SQ":-9.998567333795,"PB_TTM_SQ":0.976880695063,"ROA_SQ":-14.005575389125,"START_DATE":"2021-01-01 00:00:00","FISCAL_YEAR":"12-31","CURRENCY":"HKD","IS_CNY_CODE":0,"DPS_HKD_LY":null,"ORG_TYPE":"一般企业","PREMIUM_INCOME":null,"PREMIUM_INCOME_YOY":null,"NET_INTEREST_INCOME":null,"NET_INTEREST_INCOME_YOY":null,"FEE_COMMISSION_INCOME":null,"FEE_COMMISSION_INCOME_YOY":null,"ACCOUNTS_RECE_TDAYS":12.968808484092,"INVENTORY_TDAYS":4.373209169054,"CURRENT_ASSETS_TDAYS":0.349797666221,"TOTAL_ASSETS_TDAYS":0.078428339684,"PREMIUM_EXPENSE":null,"LOAN_DEPOSIT":null,"LOAN_EQUITY":null,"LOAN_ASSETS":null,"DEPOSIT_EQUITY":null,"DEPOSIT_ASSETS":null,"EQUITY_MULTIPLIER":1.586146854946,"EQUITY_RATIO":0.593978077797},{"SECUCODE":"01701.HK","SECURITY_CODE":"01701","SECURITY_NAME_ABBR":"途屹控股","ORG_CODE":"10940015","STD_REPORT_DATE":"2021-06-30 00:00:00","REPORT_DATE":"2021-06-30 00:00:00","DATE_TYPE_CODE":"002","REPORT_TYPE":"2021年中报","PER_NETCASH_OPERATE":0.000404,"PER_OI":0.009708,"BPS":0.187363,"BASIC_EPS":-0.0119,"DILUTED_EPS":-0.0119,"OPERATE_INCOME":9708000,"OPERATE_INCOME_YOY":-55.9128065395,"GROSS_PROFIT":1956000,"GROSS_PROFIT_YOY":-40.673339399454,"HOLDER_PROFIT":-11934000,"HOLDER_PROFIT_YOY":13.8525951058,"GROSS_PROFIT_RATIO":20.148331273177,"EPS_TTM":-0.043373,"OPERATE_INCOME_QOQ":-39.884673944734,"NET_PROFIT_RATIO":-123.9287185826,"ROE_AVG":-6.17519675872,"GROSS_PROFIT_QOQ":-105.176470588235,"ROA":-4.239047617356,"HOLDER_PROFIT_QOQ":4.236951337985,"ROE_YEARLY":-12.350393517441,"ROIC_YEARLY":-9.666014652104,"TOTAL_ASSETS":273401000,"TOTAL_LIABILITIES":84058000,"TAX_EBT":13.452269620891,"OCF_SALES":4.161516275237,"TOTAL_PARENT_EQUITY":187363000,"DEBT_ASSET_RATIO":30.745315489,"OPERATE_PROFIT":-13148000,"PRETAX_PROFIT":-13901000,"NETCASH_OPERATE":404000,"NETCASH_INVEST":-20908000,"NETCASH_FINANCE":-1865000,"END_CASH":21116000,"DIVI_RATIO":null,"DIVIDEND_RATE":null,"CURRENT_RATIO":1.397554072651,"COMMON_ACS":1500000000,"CURRENTDEBT_DEBT":45.817173856147,"ISSUED_COMMON_SHARES":1000000000,"HK_COMMON_SHARES":1000000000,"PER_SHARES":4000,"TOTAL_MARKET_CAP":128000000,"HKSK_MARKET_CAP":128000000,"PE_TTM":10.725592211367,"PB_TTM":0.89340889103,"REPORT_DATE_SQ":"2020-06-30 00:00:00","REPORT_TYPE_SQ":"2020年中报","OPERATE_INCOME_SQ":22020000,"DPS_HKD":null,"OPERATE_INCOME_QOQ_SQ":-41.015726915395,"NET_PROFIT_RATIO_SQ":-63.0018165304,"HOLDER_PROFIT_SQ":-13853000,"HOLDER_PROFIT_QOQ_SQ":-97.727805106582,"ROE_AVG_SQ":-5.654816574617,"PE_TTM_SQ":-9.998567333795,"PB_TTM_SQ":0.976880695063,"ROA_SQ":-4.072609036294,"START_DATE":"2021-01-01 00:00:00","FISCAL_YEAR":"12-31","CURRENCY":"HKD","IS_CNY_CODE":0,"DPS_HKD_LY":null,"ORG_TYPE":"一般企业","PREMIUM_INCOME":null,"PREMIUM_INCOME_YOY":null,"NET_INTEREST_INCOME":null,"NET_INTEREST_INCOME_YOY":null,"FEE_COMMISSION_INCOME":null,"FEE_COMMISSION_INCOME_YOY":null,"ACCOUNTS_RECE_TDAYS":9.683790523691,"INVENTORY_TDAYS":1.851666069509,"CURRENT_ASSETS_TDAYS":0.167356226727,"TOTAL_ASSETS_TDAYS":0.034483554776,"PREMIUM_EXPENSE":null,"LOAN_DEPOSIT":null,"LOAN_EQUITY":null,"LOAN_ASSETS":null,"DEPOSIT_EQUITY":null,"DEPOSIT_ASSETS":null,"EQUITY_MULTIPLIER":1.443945643621,"EQUITY_RATIO":0.448637137535},{"SECUCODE":"01701.HK","SECURITY_CODE":"01701","SECURITY_NAME_ABBR":"途屹控股","ORG_CODE":"10940015","STD_REPORT_DATE":"2020-12-31 00:00:00","REPORT_DATE":"2020-12-31 00:00:00","DATE_TYPE_CODE":"001","REPORT_TYPE":"2020年年报","PER_NETCASH_OPERATE":-0.022476,"PER_OI":0.030869,"BPS":0.199151,"BASIC_EPS":-0.0453,"DILUTED_EPS":-0.0453,"OPERATE_INCOME":30869000,"OPERATE_INCOME_YOY":-86.7970043156,"GROSS_PROFIT":-1275000,"GROSS_PROFIT_YOY":-101.963501963502,"HOLDER_PROFIT":-45292000,"HOLDER_PROFIT_YOY":-276.8251737331,"GROSS_PROFIT_RATIO":-4.130357316402,"EPS_TTM":-0.045292,"OPERATE_INCOME_QOQ":-77.616074600999,"NET_PROFIT_RATIO":-147.1249473582,"ROE_AVG":-20.147597208198,"GROSS_PROFIT_QOQ":-104.075956651002,"ROA":-14.005575389125,"HOLDER_PROFIT_QOQ":-7882.13058419244,"ROE_YEARLY":-20.147597208198,"ROIC_YEARLY":-17.406309268287,"TOTAL_ASSETS":289650000,"TOTAL_LIABILITIES":88422000,"TAX_EBT":18.194426932291,"OCF_SALES":-72.810910622307,"TOTAL_PARENT_EQUITY":199151000,"DEBT_ASSET_RATIO":30.5271879855,"OPERATE_PROFIT":-53168000,"PRETAX_PROFIT":-55517000,"NETCASH_OPERATE":-22476000,"NETCASH_INVEST":15789000,"NETCASH_FINANCE":-2340000,"END_CASH":44024000,"DIVI_RATIO":null,"DIVIDEND_RATE":null,"CURRENT_RATIO":1.509807729656,"COMMON_ACS":1500000000,"CURRENTDEBT_DEBT":46.585691343783,"ISSUED_COMMON_SHARES":1000000000,"HK_COMMON_SHARES":1000000000,"PER_SHARES":4000,"TOTAL_MARKET_CAP":128000000,"HKSK_MARKET_CAP":128000000,"PE_TTM":10.725592211367,"PB_TTM":0.89340889103,"REPORT_DATE_SQ":"2019-12-31 00:00:00","REPORT_TYPE_SQ":"2019年年报","OPERATE_INCOME_SQ":233803000,"DPS_HKD":null,"OPERATE_INCOME_QOQ_SQ":-0.484376928676,"NET_PROFIT_RATIO_SQ":11.0392082223,"HOLDER_PROFIT_SQ":25614000,"HOLDER_PROFIT_QOQ_SQ":6.370431893688,"ROE_AVG_SQ":13.793066310541,"PE_TTM_SQ":-9.998567333795,"PB_TTM_SQ":0.976880695063,"ROA_SQ":8.065763018221,"START_DATE":"2020-01-01 00:00:00","FISCAL_YEAR":"12-31","CURRENCY":"HKD","IS_CNY_CODE":0,"DPS_HKD_LY":null,"ORG_TYPE":"一般企业","PREMIUM_INCOME":null,"PREMIUM_INCOME_YOY":null,"NET_INTEREST_INCOME":null,"NET_INTEREST_INCOME_YOY":null,"FEE_COMMISSION_INCOME":null,"FEE_COMMISSION_INCOME_YOY":null,"ACCOUNTS_RECE_TDAYS":1.719769352907,"INVENTORY_TDAYS":10.961295822677,"CURRENT_ASSETS_TDAYS":0.311984556921,"TOTAL_ASSETS_TDAYS":0.095455733173,"PREMIUM_EXPENSE":null,"LOAN_DEPOSIT":null,"LOAN_EQUITY":null,"LOAN_ASSETS":null,"DEPOSIT_EQUITY":null,"DEPOSIT_ASSETS":null,"EQUITY_MULTIPLIER":1.439412010257,"EQUITY_RATIO":0.443994757747},{"SECUCODE":"01701.HK","SECURITY_CODE":"01701","SECURITY_NAME_ABBR":"途屹控股","ORG_CODE":"10940015","STD_REPORT_DATE":"2020-06-30 00:00:00","REPORT_DATE":"2020-06-30 00:00:00","DATE_TYPE_CODE":"002","REPORT_TYPE":"2020年中报","PER_NETCASH_OPERATE":-0.011663,"PER_OI":0.02202,"BPS":0.239503,"BASIC_EPS":-0.0139,"DILUTED_EPS":-0.0139,"OPERATE_INCOME":22020000,"OPERATE_INCOME_YOY":-81.3256894739,"GROSS_PROFIT":3297000,"GROSS_PROFIT_YOY":-91.077372736868,"HOLDER_PROFIT":-13853000,"HOLDER_PROFIT_YOY":-223.9198497182,"GROSS_PROFIT_RATIO":14.972752043597,"EPS_TTM":0.000582,"OPERATE_INCOME_QOQ":-41.015726915395,"NET_PROFIT_RATIO":-63.0018165304,"ROE_AVG":-5.654816574617,"GROSS_PROFIT_QOQ":-51.827211827212,"ROA":-4.072609036294,"HOLDER_PROFIT_QOQ":-97.727805106582,"ROE_YEARLY":-11.309633149234,"ROIC_YEARLY":-9.776598409971,"TOTAL_ASSETS":323180000,"TOTAL_LIABILITIES":81496000,"TAX_EBT":17.087018885967,"OCF_SALES":-52.965485921889,"TOTAL_PARENT_EQUITY":239503000,"DEBT_ASSET_RATIO":25.2169069868,"OPERATE_PROFIT":-11326000,"PRETAX_PROFIT":-16732000,"NETCASH_OPERATE":-11663000,"NETCASH_INVEST":5195000,"NETCASH_FINANCE":-19755000,"END_CASH":31077000,"DIVI_RATIO":null,"DIVIDEND_RATE":null,"CURRENT_RATIO":5.109494423371,"COMMON_ACS":1500000000,"CURRENTDEBT_DEBT":21.673456365957,"ISSUED_COMMON_SHARES":1000000000,"HK_COMMON_SHARES":1000000000,"PER_SHARES":4000,"TOTAL_MARKET_CAP":128000000,"HKSK_MARKET_CAP":128000000,"PE_TTM":10.725592211367,"PB_TTM":0.89340889103,"REPORT_DATE_SQ":"2019-06-30 00:00:00","REPORT_TYPE_SQ":"2019年中报","OPERATE_INCOME_SQ":117916000,"DPS_HKD":null,"OPERATE_INCOME_QOQ_SQ":14.576861366197,"NET_PROFIT_RATIO_SQ":9.5474744734,"HOLDER_PROFIT_SQ":11179000,"HOLDER_PROFIT_QOQ_SQ":244.295110094367,"ROE_AVG_SQ":6.2898602097,"PE_TTM_SQ":-9.998567333795,"PB_TTM_SQ":0.976880695063,"ROA_SQ":3.25903639923,"START_DATE":"2020-01-01 00:00:00","FISCAL_YEAR":"12-31","CURRENCY":"HKD","IS_CNY_CODE":0,"DPS_HKD_LY":null,"ORG_TYPE":"一般企业","PREMIUM_INCOME":null,"PREMIUM_INCOME_YOY":null,"NET_INTEREST_INCOME":null,"NET_INTEREST_INCOME_YOY":null,"FEE_COMMISSION_INCOME":null,"FEE_COMMISSION_INCOME_YOY":null,"ACCOUNTS_RECE_TDAYS":0.899785473491,"INVENTORY_TDAYS":8.001282051282,"CURRENT_ASSETS_TDAYS":0.194914691628,"TOTAL_ASSETS_TDAYS":0.06473605066,"PREMIUM_EXPENSE":null,"LOAN_DEPOSIT":null,"LOAN_EQUITY":null,"LOAN_ASSETS":null,"DEPOSIT_EQUITY":null,"DEPOSIT_ASSETS":null,"EQUITY_MULTIPLIER":1.337200642161,"EQUITY_RATIO":0.340271311842}],"count":18},"success":true,"message":"ok","code":0}