{"version":"10c3d819b07e3fb2562731d8a70e2131","result":{"pages":3,"data":[{"SECUCODE":"01707.HK","SECURITY_CODE":"01707","SECURITY_NAME_ABBR":"致浩达控股","ORG_CODE":"10543551","STD_REPORT_DATE":"2024-06-30 00:00:00","REPORT_DATE":"2024-06-30 00:00:00","DATE_TYPE_CODE":"002","REPORT_TYPE":"2024年中报","PER_NETCASH_OPERATE":-0.009121910643,"PER_OI":0.017813557857,"BPS":0.09171564781,"BASIC_EPS":-0.004380864,"DILUTED_EPS":-0.004380864,"OPERATE_INCOME":29926777.2,"OPERATE_INCOME_YOY":-47.9499023763,"GROSS_PROFIT":2175829.12,"GROSS_PROFIT_YOY":110.147161505001,"HOLDER_PROFIT":-7423739.12,"HOLDER_PROFIT_YOY":-24.8120300752,"GROSS_PROFIT_RATIO":7.270509301616,"EPS_TTM":-0.009670471417,"OPERATE_INCOME_QOQ":-23.088002197563,"NET_PROFIT_RATIO":-24.8063433974,"ROE_AVG":-4.705079333862,"GROSS_PROFIT_QOQ":35.172285312343,"ROA":-4.025845791397,"HOLDER_PROFIT_QOQ":-9.542018124375,"ROE_YEARLY":-9.410158667723,"ROIC_YEARLY":-22.33848266392,"TOTAL_ASSETS":175795858.2,"TOTAL_LIABILITIES":21713569.88,"TAX_EBT":-1.169154228856,"OCF_SALES":-51.207685269899,"TOTAL_PARENT_EQUITY":154082288.32,"DEBT_ASSET_RATIO":12.3515821717,"OPERATE_PROFIT":-7301440,"PRETAX_PROFIT":-7337947.2,"NETCASH_OPERATE":-15324809.88,"NETCASH_INVEST":1006686.04,"NETCASH_FINANCE":-320350.68,"END_CASH":110616816,"DIVI_RATIO":null,"DIVIDEND_RATE":null,"CURRENT_RATIO":8.247028674944,"COMMON_ACS":4000000000,"CURRENTDEBT_DEBT":95.132613173049,"ISSUED_COMMON_SHARES":1680000000,"HK_COMMON_SHARES":1680000000,"PER_SHARES":8000,"TOTAL_MARKET_CAP":141120000,"HKSK_MARKET_CAP":141120000,"PE_TTM":-7.847411444142,"PB_TTM":0.835900108989,"REPORT_DATE_SQ":"2023-06-30 00:00:00","REPORT_TYPE_SQ":"2023年中报","OPERATE_INCOME_SQ":58081974.06,"DPS_HKD":null,"OPERATE_INCOME_QOQ_SQ":-34.461800542761,"NET_PROFIT_RATIO_SQ":-10.3449370605,"HOLDER_PROFIT_SQ":-6008543.66,"HOLDER_PROFIT_QOQ_SQ":37.209821925794,"ROE_AVG_SQ":-3.425843910414,"PE_TTM_SQ":-7.391073889537,"PB_TTM_SQ":0.744724600373,"ROA_SQ":-2.982315241292,"START_DATE":"2024-01-01 00:00:00","FISCAL_YEAR":"12-31","CURRENCY":"HKD","IS_CNY_CODE":0,"DPS_HKD_LY":null,"ORG_TYPE":"一般企业","PREMIUM_INCOME":null,"PREMIUM_INCOME_YOY":null,"NET_INTEREST_INCOME":null,"NET_INTEREST_INCOME_YOY":null,"FEE_COMMISSION_INCOME":null,"FEE_COMMISSION_INCOME_YOY":null,"ACCOUNTS_RECE_TDAYS":0.609672201253,"INVENTORY_TDAYS":null,"CURRENT_ASSETS_TDAYS":0.167649179138,"TOTAL_ASSETS_TDAYS":0.162290980452,"PREMIUM_EXPENSE":null,"LOAN_DEPOSIT":null,"LOAN_EQUITY":null,"LOAN_ASSETS":null,"DEPOSIT_EQUITY":null,"DEPOSIT_ASSETS":null,"EQUITY_MULTIPLIER":1.140921906838,"EQUITY_RATIO":0.140921906838},{"SECUCODE":"01707.HK","SECURITY_CODE":"01707","SECURITY_NAME_ABBR":"致浩达控股","ORG_CODE":"10543551","STD_REPORT_DATE":"2023-12-31 00:00:00","REPORT_DATE":"2023-12-31 00:00:00","DATE_TYPE_CODE":"001","REPORT_TYPE":"2023年年报","PER_NETCASH_OPERATE":-0.014687237,"PER_OI":0.072587682583,"BPS":0.095438990833,"BASIC_EPS":-0.008790334,"DILUTED_EPS":-0.008790334,"OPERATE_INCOME":121947306.74,"OPERATE_INCOME_YOY":-52.1984853221,"GROSS_PROFIT":3242455.16,"GROSS_PROFIT_YOY":-3.691394887277,"HOLDER_PROFIT":-14831196.52,"HOLDER_PROFIT_YOY":49.1391634036,"GROSS_PROFIT_RATIO":2.658898541247,"EPS_TTM":-0.008828093167,"OPERATE_INCOME_QOQ":-26.005737404225,"NET_PROFIT_RATIO":-12.16197136,"ROE_AVG":-8.842805967246,"GROSS_PROFIT_QOQ":19.359800906645,"ROA":-7.474168540994,"HOLDER_PROFIT_QOQ":16.566900928489,"ROE_YEARLY":-8.842805967246,"ROIC_YEARLY":-24.52055615486,"TOTAL_ASSETS":191641968.28,"TOTAL_LIABILITIES":31304463.68,"TAX_EBT":-0.103981894917,"OCF_SALES":-20.23378688683,"TOTAL_PARENT_EQUITY":160337504.6,"DEBT_ASSET_RATIO":16.334868589,"OPERATE_PROFIT":-14784073.08,"PRETAX_PROFIT":-14815790.78,"NETCASH_OPERATE":-24674558.16,"NETCASH_INVEST":-1961060.08,"NETCASH_FINANCE":-522888.94,"END_CASH":124368726.58,"DIVI_RATIO":null,"DIVIDEND_RATE":null,"CURRENT_RATIO":6.185923416611,"COMMON_ACS":4000000000,"CURRENTDEBT_DEBT":95.709819360815,"ISSUED_COMMON_SHARES":1680000000,"HK_COMMON_SHARES":1680000000,"PER_SHARES":8000,"TOTAL_MARKET_CAP":208320000,"HKSK_MARKET_CAP":208320000,"PE_TTM":-11.58427403659,"PB_TTM":1.233947779937,"REPORT_DATE_SQ":"2022-12-31 00:00:00","REPORT_TYPE_SQ":"2022年年报","OPERATE_INCOME_SQ":251466224.24,"DPS_HKD":null,"OPERATE_INCOME_QOQ_SQ":-17.218282296852,"NET_PROFIT_RATIO_SQ":-11.2581346443,"HOLDER_PROFIT_SQ":-28743642.06,"HOLDER_PROFIT_QOQ_SQ":-46.069720437442,"ROE_AVG_SQ":-15.113603578471,"PE_TTM_SQ":-16.38503127319,"PB_TTM_SQ":1.650955740585,"ROA_SQ":-12.0394921783,"START_DATE":"2023-01-01 00:00:00","FISCAL_YEAR":"12-31","CURRENCY":"HKD","IS_CNY_CODE":0,"DPS_HKD_LY":null,"ORG_TYPE":"一般企业","PREMIUM_INCOME":null,"PREMIUM_INCOME_YOY":null,"NET_INTEREST_INCOME":null,"NET_INTEREST_INCOME_YOY":null,"FEE_COMMISSION_INCOME":null,"FEE_COMMISSION_INCOME_YOY":null,"ACCOUNTS_RECE_TDAYS":2.665300018816,"INVENTORY_TDAYS":null,"CURRENT_ASSETS_TDAYS":0.626362066478,"TOTAL_ASSETS_TDAYS":0.614552387911,"PREMIUM_EXPENSE":null,"LOAN_DEPOSIT":null,"LOAN_EQUITY":null,"LOAN_ASSETS":null,"DEPOSIT_EQUITY":null,"DEPOSIT_ASSETS":null,"EQUITY_MULTIPLIER":1.195241055784,"EQUITY_RATIO":0.195241055785},{"SECUCODE":"01707.HK","SECURITY_CODE":"01707","SECURITY_NAME_ABBR":"致浩达控股","ORG_CODE":"10543551","STD_REPORT_DATE":"2023-06-30 00:00:00","REPORT_DATE":"2023-06-30 00:00:00","DATE_TYPE_CODE":"002","REPORT_TYPE":"2023年中报","PER_NETCASH_OPERATE":-0.009967811155,"PER_OI":0.034572603607,"BPS":0.102755219798,"BASIC_EPS":-0.003595722,"DILUTED_EPS":-0.003595722,"OPERATE_INCOME":58081974.06,"OPERATE_INCOME_YOY":-62.7789496074,"GROSS_PROFIT":1035383.54,"GROSS_PROFIT_YOY":-38.574030703233,"HOLDER_PROFIT":-6008543.66,"HOLDER_PROFIT_YOY":66.3099669148,"GROSS_PROFIT_RATIO":1.782624569424,"EPS_TTM":-0.010581044292,"OPERATE_INCOME_QOQ":-34.461800542761,"NET_PROFIT_RATIO":-10.3449370605,"ROE_AVG":-3.425843910414,"GROSS_PROFIT_QOQ":-19.312361128979,"ROA":-2.982315241292,"HOLDER_PROFIT_QOQ":37.209821925794,"ROE_YEARLY":-6.851687820828,"ROIC_YEARLY":-21.592339805182,"TOTAL_ASSETS":194152392.36,"TOTAL_LIABILITIES":21523623.1,"TAX_EBT":-0.819925742574,"OCF_SALES":-28.831531660238,"TOTAL_PARENT_EQUITY":172628769.26,"DEBT_ASSET_RATIO":11.0859427681,"OPERATE_PROFIT":-5952302.88,"PRETAX_PROFIT":-5959678.72,"NETCASH_OPERATE":-16745922.74,"NETCASH_INVEST":413969.02,"NETCASH_FINANCE":-356806.26,"END_CASH":137473671.86,"DIVI_RATIO":null,"DIVIDEND_RATE":null,"CURRENT_RATIO":8.966845148854,"COMMON_ACS":4000000000,"CURRENTDEBT_DEBT":100,"ISSUED_COMMON_SHARES":1680000000,"HK_COMMON_SHARES":1680000000,"PER_SHARES":8000,"TOTAL_MARKET_CAP":208320000,"HKSK_MARKET_CAP":208320000,"PE_TTM":-11.58427403659,"PB_TTM":1.233947779937,"REPORT_DATE_SQ":"2022-06-30 00:00:00","REPORT_TYPE_SQ":"2022年中报","OPERATE_INCOME_SQ":144741762.69,"DPS_HKD":null,"OPERATE_INCOME_QOQ_SQ":-3.345496279681,"NET_PROFIT_RATIO_SQ":-11.4291791481,"HOLDER_PROFIT_SQ":-16542795.36,"HOLDER_PROFIT_QOQ_SQ":-66.003334210396,"ROE_AVG_SQ":-8.959122613633,"PE_TTM_SQ":-16.38503127319,"PB_TTM_SQ":1.650955740585,"ROA_SQ":-6.935781987548,"START_DATE":"2023-01-01 00:00:00","FISCAL_YEAR":"12-31","CURRENCY":"HKD","IS_CNY_CODE":0,"DPS_HKD_LY":null,"ORG_TYPE":"一般企业","PREMIUM_INCOME":null,"PREMIUM_INCOME_YOY":null,"NET_INTEREST_INCOME":null,"NET_INTEREST_INCOME_YOY":null,"FEE_COMMISSION_INCOME":null,"FEE_COMMISSION_INCOME_YOY":null,"ACCOUNTS_RECE_TDAYS":1.363704256908,"INVENTORY_TDAYS":null,"CURRENT_ASSETS_TDAYS":0.289981357454,"TOTAL_ASSETS_TDAYS":0.288287422519,"PREMIUM_EXPENSE":null,"LOAN_DEPOSIT":null,"LOAN_EQUITY":null,"LOAN_ASSETS":null,"DEPOSIT_EQUITY":null,"DEPOSIT_ASSETS":null,"EQUITY_MULTIPLIER":1.124681553325,"EQUITY_RATIO":0.124681553325},{"SECUCODE":"01707.HK","SECURITY_CODE":"01707","SECURITY_NAME_ABBR":"致浩达控股","ORG_CODE":"10543551","STD_REPORT_DATE":"2022-12-31 00:00:00","REPORT_DATE":"2022-12-31 00:00:00","DATE_TYPE_CODE":"001","REPORT_TYPE":"2022年年报","PER_NETCASH_OPERATE":-0.010196570708,"PER_OI":0.149682276333,"BPS":0.102996689542,"BASIC_EPS":-0.017150784,"DILUTED_EPS":-0.017150784,"OPERATE_INCOME":251466224.24,"OPERATE_INCOME_YOY":-26.7656783707,"GROSS_PROFIT":3366734.63,"GROSS_PROFIT_YOY":55.97826185658,"HOLDER_PROFIT":-28743642.06,"HOLDER_PROFIT_YOY":-121.9397759104,"GROSS_PROFIT_RATIO":1.338841683481,"EPS_TTM":-0.016851432208,"OPERATE_INCOME_QOQ":-17.218282296852,"NET_PROFIT_RATIO":-11.2581346443,"ROE_AVG":-15.113603578471,"GROSS_PROFIT_QOQ":8.220995858795,"ROA":-12.0394921783,"HOLDER_PROFIT_QOQ":-46.069720437442,"ROE_YEARLY":-15.113603578471,"ROIC_YEARLY":-36.638459226376,"TOTAL_ASSETS":202376571.39,"TOTAL_LIABILITIES":29775368.91,"TAX_EBT":0.353028613898,"OCF_SALES":-6.812142999233,"TOTAL_PARENT_EQUITY":172601202.48,"DEBT_ASSET_RATIO":14.4625343878,"OPERATE_PROFIT":-28807957.5,"PRETAX_PROFIT":-28845474.84,"NETCASH_OPERATE":-17130238.79,"NETCASH_INVEST":896843.08,"NETCASH_FINANCE":-795903.57,"END_CASH":149361890.16,"DIVI_RATIO":null,"DIVIDEND_RATE":null,"CURRENT_RATIO":6.874664142648,"COMMON_ACS":4000000000,"CURRENTDEBT_DEBT":98.256982569826,"ISSUED_COMMON_SHARES":1680000000,"HK_COMMON_SHARES":1680000000,"PER_SHARES":8000,"TOTAL_MARKET_CAP":208320000,"HKSK_MARKET_CAP":208320000,"PE_TTM":-11.58427403659,"PB_TTM":1.233947779937,"REPORT_DATE_SQ":"2021-12-31 00:00:00","REPORT_TYPE_SQ":"2021年年报","OPERATE_INCOME_SQ":314284622.4,"DPS_HKD":null,"OPERATE_INCOME_QOQ_SQ":8.751625468243,"NET_PROFIT_RATIO_SQ":-3.7148899971,"HOLDER_PROFIT_SQ":-11675328,"HOLDER_PROFIT_QOQ_SQ":56.686926109639,"ROE_AVG_SQ":-6.133138057883,"PE_TTM_SQ":-16.38503127319,"PB_TTM_SQ":1.650955740585,"ROA_SQ":-4.763111899775,"START_DATE":"2022-01-01 00:00:00","FISCAL_YEAR":"12-31","CURRENCY":"HKD","IS_CNY_CODE":0,"DPS_HKD_LY":null,"ORG_TYPE":"一般企业","PREMIUM_INCOME":null,"PREMIUM_INCOME_YOY":null,"NET_INTEREST_INCOME":null,"NET_INTEREST_INCOME_YOY":null,"FEE_COMMISSION_INCOME":null,"FEE_COMMISSION_INCOME_YOY":null,"ACCOUNTS_RECE_TDAYS":3.968758811256,"INVENTORY_TDAYS":null,"CURRENT_ASSETS_TDAYS":1.076449512273,"TOTAL_ASSETS_TDAYS":1.06940381854,"PREMIUM_EXPENSE":null,"LOAN_DEPOSIT":null,"LOAN_EQUITY":null,"LOAN_ASSETS":null,"DEPOSIT_EQUITY":null,"DEPOSIT_ASSETS":null,"EQUITY_MULTIPLIER":1.169078359807,"EQUITY_RATIO":0.172509626133},{"SECUCODE":"01707.HK","SECURITY_CODE":"01707","SECURITY_NAME_ABBR":"致浩达控股","ORG_CODE":"10543551","STD_REPORT_DATE":"2022-06-30 00:00:00","REPORT_DATE":"2022-06-30 00:00:00","DATE_TYPE_CODE":"002","REPORT_TYPE":"2022年中报","PER_NETCASH_OPERATE":0.0005070055,"PER_OI":0.086155811125,"BPS":0.104933849167,"BASIC_EPS":-0.009834685,"DILUTED_EPS":-0.009834685,"OPERATE_INCOME":144741762.69,"OPERATE_INCOME_YOY":-9.2915943147,"GROSS_PROFIT":1685579.49,"GROSS_PROFIT_YOY":129.936674701998,"HOLDER_PROFIT":-16542795.36,"HOLDER_PROFIT_YOY":-82.1468926554,"GROSS_PROFIT_RATIO":1.164542602407,"EPS_TTM":-0.011536567714,"OPERATE_INCOME_QOQ":-3.345496279681,"NET_PROFIT_RATIO":-11.4291791481,"ROE_AVG":-8.959122613633,"GROSS_PROFIT_QOQ":44.12939062222,"ROA":-6.935781987548,"HOLDER_PROFIT_QOQ":-66.003334210396,"ROE_YEARLY":-17.918245227266,"ROIC_YEARLY":-41.539031421623,"TOTAL_ASSETS":220450878.2,"TOTAL_LIABILITIES":44162011.6,"TAX_EBT":-0.545766411976,"OCF_SALES":0.588475105022,"TOTAL_PARENT_EQUITY":176288866.6,"DEBT_ASSET_RATIO":20.032585926,"OPERATE_PROFIT":-16430765.47,"PRETAX_PROFIT":-16453000.41,"NETCASH_OPERATE":851769.24,"NETCASH_INVEST":-1222066.51,"NETCASH_FINANCE":-496865.39,"END_CASH":158430789.02,"DIVI_RATIO":null,"DIVIDEND_RATE":null,"CURRENT_RATIO":4.980533623741,"COMMON_ACS":4000000000,"CURRENTDEBT_DEBT":99.577846630519,"ISSUED_COMMON_SHARES":1680000000,"HK_COMMON_SHARES":1680000000,"PER_SHARES":8000,"TOTAL_MARKET_CAP":208320000,"HKSK_MARKET_CAP":208320000,"PE_TTM":-11.58427403659,"PB_TTM":1.233947779937,"REPORT_DATE_SQ":"2021-06-30 00:00:00","REPORT_TYPE_SQ":"2021年中报","OPERATE_INCOME_SQ":155256143.04,"DPS_HKD":null,"OPERATE_INCOME_QOQ_SQ":3.534150572046,"NET_PROFIT_RATIO_SQ":-5.6916843527,"HOLDER_PROFIT_SQ":-8836689.6,"HOLDER_PROFIT_QOQ_SQ":-14.119187168388,"ROE_AVG_SQ":-4.525243572727,"PE_TTM_SQ":-16.38503127319,"PB_TTM_SQ":1.650955740585,"ROA_SQ":-3.674511622114,"START_DATE":"2022-01-01 00:00:00","FISCAL_YEAR":"12-31","CURRENCY":"HKD","IS_CNY_CODE":0,"DPS_HKD_LY":null,"ORG_TYPE":"一般企业","PREMIUM_INCOME":null,"PREMIUM_INCOME_YOY":null,"NET_INTEREST_INCOME":null,"NET_INTEREST_INCOME_YOY":null,"FEE_COMMISSION_INCOME":null,"FEE_COMMISSION_INCOME_YOY":null,"ACCOUNTS_RECE_TDAYS":2.175085300109,"INVENTORY_TDAYS":null,"CURRENT_ASSETS_TDAYS":0.61102767569,"TOTAL_ASSETS_TDAYS":0.606848654453,"PREMIUM_EXPENSE":null,"LOAN_DEPOSIT":null,"LOAN_EQUITY":null,"LOAN_ASSETS":null,"DEPOSIT_EQUITY":null,"DEPOSIT_ASSETS":null,"EQUITY_MULTIPLIER":1.250509362569,"EQUITY_RATIO":0.250509362569},{"SECUCODE":"01707.HK","SECURITY_CODE":"01707","SECURITY_NAME_ABBR":"致浩达控股","ORG_CODE":"10543551","STD_REPORT_DATE":"2021-12-31 00:00:00","REPORT_DATE":"2021-12-31 00:00:00","DATE_TYPE_CODE":"001","REPORT_TYPE":"2021年年报","PER_NETCASH_OPERATE":0.0212065,"PER_OI":0.18707418,"BPS":0.109834826667,"BASIC_EPS":-0.0069496,"DILUTED_EPS":-0.0069496,"OPERATE_INCOME":314284622.4,"OPERATE_INCOME_YOY":15.9057193169,"GROSS_PROFIT":2158464,"GROSS_PROFIT_YOY":-50.822762462166,"HOLDER_PROFIT":-11675328,"HOLDER_PROFIT_YOY":49.1181186531,"GROSS_PROFIT_RATIO":0.686786386021,"EPS_TTM":-0.0069496,"OPERATE_INCOME_QOQ":8.751625468243,"NET_PROFIT_RATIO":-3.7148899971,"ROE_AVG":-6.133138057883,"GROSS_PROFIT_QOQ":2501.6674091913,"ROA":-4.763111899775,"HOLDER_PROFIT_QOQ":56.686926109639,"ROE_YEARLY":-6.133138057883,"ROIC_YEARLY":-11.11279722647,"TOTAL_ASSETS":245298804.8,"TOTAL_LIABILITIES":60776296,"TAX_EBT":-4.868913857678,"OCF_SALES":11.335877564718,"TOTAL_PARENT_EQUITY":184522508.8,"DEBT_ASSET_RATIO":24.7764338067,"OPERATE_PROFIT":-11092379.2,"PRETAX_PROFIT":-11133259.2,"NETCASH_OPERATE":26105150.4,"NETCASH_INVEST":681060.8,"NETCASH_FINANCE":-2309720,"END_CASH":152295987.2,"DIVI_RATIO":null,"DIVIDEND_RATE":null,"CURRENT_RATIO":4.040132917401,"COMMON_ACS":4000000000,"CURRENTDEBT_DEBT":99.186116903208,"ISSUED_COMMON_SHARES":1680000000,"HK_COMMON_SHARES":1680000000,"PER_SHARES":8000,"TOTAL_MARKET_CAP":208320000,"HKSK_MARKET_CAP":208320000,"PE_TTM":-11.58427403659,"PB_TTM":1.233947779937,"REPORT_DATE_SQ":"2020-12-31 00:00:00","REPORT_TYPE_SQ":"2020年年报","OPERATE_INCOME_SQ":279128222.72,"DPS_HKD":null,"OPERATE_INCOME_QOQ_SQ":-8.120438344596,"NET_PROFIT_RATIO_SQ":-8.4622853146,"HOLDER_PROFIT_SQ":-23620626.6,"HOLDER_PROFIT_QOQ_SQ":-68.49559070364,"ROE_AVG_SQ":-11.049669376096,"PE_TTM_SQ":-16.38503127319,"PB_TTM_SQ":1.650955740585,"ROA_SQ":-9.03713387774,"START_DATE":"2021-01-01 00:00:00","FISCAL_YEAR":"12-31","CURRENCY":"HKD","IS_CNY_CODE":0,"DPS_HKD_LY":null,"ORG_TYPE":"一般企业","PREMIUM_INCOME":null,"PREMIUM_INCOME_YOY":null,"NET_INTEREST_INCOME":null,"NET_INTEREST_INCOME_YOY":null,"FEE_COMMISSION_INCOME":null,"FEE_COMMISSION_INCOME_YOY":null,"ACCOUNTS_RECE_TDAYS":3.882288778803,"INVENTORY_TDAYS":null,"CURRENT_ASSETS_TDAYS":1.296385355259,"TOTAL_ASSETS_TDAYS":1.282167682886,"PREMIUM_EXPENSE":null,"LOAN_DEPOSIT":null,"LOAN_EQUITY":null,"LOAN_ASSETS":null,"DEPOSIT_EQUITY":null,"DEPOSIT_ASSETS":null,"EQUITY_MULTIPLIER":1.329370635567,"EQUITY_RATIO":0.329370635568},{"SECUCODE":"01707.HK","SECURITY_CODE":"01707","SECURITY_NAME_ABBR":"致浩达控股","ORG_CODE":"10543551","STD_REPORT_DATE":"2021-06-30 00:00:00","REPORT_DATE":"2021-06-30 00:00:00","DATE_TYPE_CODE":"002","REPORT_TYPE":"2021年中报","PER_NETCASH_OPERATE":0.014432130429,"PER_OI":0.092414370857,"BPS":0.113612599429,"BASIC_EPS":-0.005242104,"DILUTED_EPS":-0.005242104,"OPERATE_INCOME":155256143.04,"OPERATE_INCOME_YOY":17.2263443258,"GROSS_PROFIT":733062.48,"GROSS_PROFIT_YOY":-85.935341268486,"HOLDER_PROFIT":-8836689.6,"HOLDER_PROFIT_YOY":-76.3240909846,"GROSS_PROFIT_RATIO":0.472163268806,"EPS_TTM":-0.016045039929,"OPERATE_INCOME_QOQ":3.534150572046,"NET_PROFIT_RATIO":-5.6916843527,"ROE_AVG":-4.525243572727,"GROSS_PROFIT_QOQ":-102.04762896601,"ROA":-3.674511622114,"HOLDER_PROFIT_QOQ":-14.119187168388,"ROE_YEARLY":-9.050487145453,"ROIC_YEARLY":-17.4325555437,"TOTAL_ASSETS":231693508.08,"TOTAL_LIABILITIES":40824341.04,"TAX_EBT":-7.078039927405,"OCF_SALES":15.616759920252,"TOTAL_PARENT_EQUITY":190869167.04,"DEBT_ASSET_RATIO":17.6199762256,"OPERATE_PROFIT":-8226774.96,"PRETAX_PROFIT":-8252569.44,"NETCASH_OPERATE":24245979.12,"NETCASH_INVEST":-4691267.04,"NETCASH_FINANCE":-1511889.36,"END_CASH":148126049.52,"DIVI_RATIO":null,"DIVIDEND_RATE":null,"CURRENT_RATIO":5.633771436748,"COMMON_ACS":4000000000,"CURRENTDEBT_DEBT":99.714652589528,"ISSUED_COMMON_SHARES":1680000000,"HK_COMMON_SHARES":1680000000,"PER_SHARES":8000,"TOTAL_MARKET_CAP":208320000,"HKSK_MARKET_CAP":208320000,"PE_TTM":-11.58427403659,"PB_TTM":1.233947779937,"REPORT_DATE_SQ":"2020-06-30 00:00:00","REPORT_TYPE_SQ":"2020年中报","OPERATE_INCOME_SQ":145391331.36,"DPS_HKD":null,"OPERATE_INCOME_QOQ_SQ":-4.549169762904,"NET_PROFIT_RATIO_SQ":-3.784028297,"HOLDER_PROFIT_SQ":-5501649.12,"HOLDER_PROFIT_QOQ_SQ":-25.216336027058,"ROE_AVG_SQ":-2.273263395477,"PE_TTM_SQ":-16.38503127319,"PB_TTM_SQ":1.650955740585,"ROA_SQ":-1.844954021651,"START_DATE":"2021-01-01 00:00:00","FISCAL_YEAR":"12-31","CURRENCY":"HKD","IS_CNY_CODE":0,"DPS_HKD_LY":null,"ORG_TYPE":"一般企业","PREMIUM_INCOME":null,"PREMIUM_INCOME_YOY":null,"NET_INTEREST_INCOME":null,"NET_INTEREST_INCOME_YOY":null,"FEE_COMMISSION_INCOME":null,"FEE_COMMISSION_INCOME_YOY":null,"ACCOUNTS_RECE_TDAYS":2.031343047973,"INVENTORY_TDAYS":null,"CURRENT_ASSETS_TDAYS":0.653806935845,"TOTAL_ASSETS_TDAYS":0.645593008048,"PREMIUM_EXPENSE":null,"LOAN_DEPOSIT":null,"LOAN_EQUITY":null,"LOAN_ASSETS":null,"DEPOSIT_EQUITY":null,"DEPOSIT_ASSETS":null,"EQUITY_MULTIPLIER":1.213886515423,"EQUITY_RATIO":0.213886515424},{"SECUCODE":"01707.HK","SECURITY_CODE":"01707","SECURITY_NAME_ABBR":"致浩达控股","ORG_CODE":"10543551","STD_REPORT_DATE":"2020-12-31 00:00:00","REPORT_DATE":"2020-12-31 00:00:00","DATE_TYPE_CODE":"001","REPORT_TYPE":"2020年年报","PER_NETCASH_OPERATE":0.00814687481,"PER_OI":0.166147751619,"BPS":0.120223765214,"BASIC_EPS":-0.014055388,"DILUTED_EPS":-0.014055388,"OPERATE_INCOME":279128222.72,"OPERATE_INCOME_YOY":-6.6587486315,"GROSS_PROFIT":4389152.6,"GROSS_PROFIT_YOY":-54.92768934719,"HOLDER_PROFIT":-23620626.6,"HOLDER_PROFIT_YOY":-124.5559289486,"GROSS_PROFIT_RATIO":1.572450308761,"EPS_TTM":-0.014059896786,"OPERATE_INCOME_QOQ":-8.120438344596,"NET_PROFIT_RATIO":-8.4622853146,"ROE_AVG":-11.049669376096,"GROSS_PROFIT_QOQ":-35.11851314269,"ROA":-9.03713387774,"HOLDER_PROFIT_QOQ":-68.49559070364,"ROE_YEARLY":-11.049669376096,"ROIC_YEARLY":-17.460416213021,"TOTAL_ASSETS":252142719.4,"TOTAL_LIABILITIES":50166793.84,"TAX_EBT":-0.743054059875,"OCF_SALES":4.903391547665,"TOTAL_PARENT_EQUITY":201975925.56,"DEBT_ASSET_RATIO":19.8961897291,"OPERATE_PROFIT":-23324369.32,"PRETAX_PROFIT":-23446407.12,"NETCASH_OPERATE":13686749.68,"NETCASH_INVEST":943478.44,"NETCASH_FINANCE":-3658609.08,"END_CASH":131577789.4,"DIVI_RATIO":null,"DIVIDEND_RATE":null,"CURRENT_RATIO":4.973175622167,"COMMON_ACS":4000000000,"CURRENTDEBT_DEBT":99.568835352146,"ISSUED_COMMON_SHARES":1680000000,"HK_COMMON_SHARES":1680000000,"PER_SHARES":8000,"TOTAL_MARKET_CAP":208320000,"HKSK_MARKET_CAP":208320000,"PE_TTM":-11.58427403659,"PB_TTM":1.233947779937,"REPORT_DATE_SQ":"2019-12-31 00:00:00","REPORT_TYPE_SQ":"2019年年报","OPERATE_INCOME_SQ":318276904.46,"DPS_HKD":null,"OPERATE_INCOME_QOQ_SQ":9.718984864966,"NET_PROFIT_RATIO_SQ":-3.5175214674,"HOLDER_PROFIT_SQ":-11195458.44,"HOLDER_PROFIT_QOQ_SQ":-1248.78102536171,"ROE_AVG_SQ":-5.437553840397,"PE_TTM_SQ":-16.38503127319,"PB_TTM_SQ":1.650955740585,"ROA_SQ":-4.397576371736,"START_DATE":"2020-01-01 00:00:00","FISCAL_YEAR":"12-31","CURRENCY":"HKD","IS_CNY_CODE":0,"DPS_HKD_LY":null,"ORG_TYPE":"一般企业","PREMIUM_INCOME":null,"PREMIUM_INCOME_YOY":null,"NET_INTEREST_INCOME":null,"NET_INTEREST_INCOME_YOY":null,"FEE_COMMISSION_INCOME":null,"FEE_COMMISSION_INCOME_YOY":null,"ACCOUNTS_RECE_TDAYS":2.899337777292,"INVENTORY_TDAYS":null,"CURRENT_ASSETS_TDAYS":1.090246239672,"TOTAL_ASSETS_TDAYS":1.067930652516,"PREMIUM_EXPENSE":null,"LOAN_DEPOSIT":null,"LOAN_EQUITY":null,"LOAN_ASSETS":null,"DEPOSIT_EQUITY":null,"DEPOSIT_ASSETS":null,"EQUITY_MULTIPLIER":1.248380066589,"EQUITY_RATIO":0.248380066589},{"SECUCODE":"01707.HK","SECURITY_CODE":"01707","SECURITY_NAME_ABBR":"致浩达控股","ORG_CODE":"10543551","STD_REPORT_DATE":"2020-06-30 00:00:00","REPORT_DATE":"2020-06-30 00:00:00","DATE_TYPE_CODE":"002","REPORT_TYPE":"2020年中报","PER_NETCASH_OPERATE":0.006623527429,"PER_OI":0.086542459143,"BPS":0.142398227714,"BASIC_EPS":-0.003288384,"DILUTED_EPS":-0.003288384,"OPERATE_INCOME":145391331.36,"OPERATE_INCOME_YOY":-12.4198722358,"GROSS_PROFIT":5212088.64,"GROSS_PROFIT_YOY":-36.323296616373,"HOLDER_PROFIT":-5501649.12,"HOLDER_PROFIT_YOY":-97.7996715928,"GROSS_PROFIT_RATIO":3.584868912916,"EPS_TTM":-0.00834437075,"OPERATE_INCOME_QOQ":-4.549169762904,"NET_PROFIT_RATIO":-3.784028297,"ROE_AVG":-2.273263395477,"GROSS_PROFIT_QOQ":-30.531322822587,"ROA":-1.844954021651,"HOLDER_PROFIT_QOQ":-25.216336027058,"ROE_YEARLY":-4.546526790955,"ROIC_YEARLY":-6.775218650693,"TOTAL_ASSETS":302711275.68,"TOTAL_LIABILITIES":63482253.12,"TAX_EBT":1.375470771246,"OCF_SALES":7.653500367534,"TOTAL_PARENT_EQUITY":239229022.56,"DEBT_ASSET_RATIO":20.9712218276,"OPERATE_PROFIT":-5500735.68,"PRETAX_PROFIT":-5578378.08,"NETCASH_OPERATE":11127526.08,"NETCASH_INVEST":876902.4,"NETCASH_FINANCE":-2205044.16,"END_CASH":140694422.88,"DIVI_RATIO":null,"DIVIDEND_RATE":null,"CURRENT_RATIO":4.778806720466,"COMMON_ACS":4000000000,"CURRENTDEBT_DEBT":97.889147889148,"ISSUED_COMMON_SHARES":1680000000,"HK_COMMON_SHARES":1680000000,"PER_SHARES":8000,"TOTAL_MARKET_CAP":208320000,"HKSK_MARKET_CAP":208320000,"PE_TTM":-11.58427403659,"PB_TTM":1.233947779937,"REPORT_DATE_SQ":"2019-06-30 00:00:00","REPORT_TYPE_SQ":"2019年中报","OPERATE_INCOME_SQ":159870288.06,"DPS_HKD":null,"OPERATE_INCOME_QOQ_SQ":28.614407027163,"NET_PROFIT_RATIO_SQ":-1.6754612333,"HOLDER_PROFIT_SQ":-2678564.7,"HOLDER_PROFIT_QOQ_SQ":-117.750066431018,"ROE_AVG_SQ":-1.298144867851,"PE_TTM_SQ":-16.38503127319,"PB_TTM_SQ":1.650955740585,"ROA_SQ":-1.065756660979,"START_DATE":"2020-01-01 00:00:00","FISCAL_YEAR":"12-31","CURRENCY":"HKD","IS_CNY_CODE":0,"DPS_HKD_LY":null,"ORG_TYPE":"一般企业","PREMIUM_INCOME":null,"PREMIUM_INCOME_YOY":null,"NET_INTEREST_INCOME":null,"NET_INTEREST_INCOME_YOY":null,"FEE_COMMISSION_INCOME":null,"FEE_COMMISSION_INCOME_YOY":null,"ACCOUNTS_RECE_TDAYS":1.225857381607,"INVENTORY_TDAYS":null,"CURRENT_ASSETS_TDAYS":0.498692713188,"TOTAL_ASSETS_TDAYS":0.48756348443,"PREMIUM_EXPENSE":null,"LOAN_DEPOSIT":null,"LOAN_EQUITY":null,"LOAN_ASSETS":null,"DEPOSIT_EQUITY":null,"DEPOSIT_ASSETS":null,"EQUITY_MULTIPLIER":1.26536183796,"EQUITY_RATIO":0.26536183796}],"count":19},"success":true,"message":"ok","code":0}