{"version":"2498e11a1de2a2f21fb9dc1db1bf863c","result":{"pages":2,"data":[{"SECUCODE":"01715.HK","SECURITY_CODE":"01715","SECURITY_NAME_ABBR":"火山邑动国际控股","ORG_CODE":"10737779","STD_REPORT_DATE":"2024-06-30 00:00:00","REPORT_DATE":"2024-06-30 00:00:00","DATE_TYPE_CODE":"002","REPORT_TYPE":"2024年中报","PER_NETCASH_OPERATE":-0.417936306406,"PER_OI":0.739948685394,"BPS":0.295220569529,"BASIC_EPS":-0.31,"DILUTED_EPS":-0.31,"OPERATE_INCOME":55949000,"OPERATE_INCOME_YOY":8.1976406885,"GROSS_PROFIT":6298000,"GROSS_PROFIT_YOY":-62.34379671151,"HOLDER_PROFIT":-23149000,"HOLDER_PROFIT_YOY":-12.3192624939,"GROSS_PROFIT_RATIO":11.256680190888,"EPS_TTM":-0.685830291488,"OPERATE_INCOME_QOQ":5.024357287629,"NET_PROFIT_RATIO":-41.3751809684,"ROE_AVG":-49.772092023221,"GROSS_PROFIT_QOQ":-49.144553895461,"ROA":-14.504794934694,"HOLDER_PROFIT_QOQ":-5.148221744596,"ROE_YEARLY":-99.544184046442,"ROIC_YEARLY":-32.788371310706,"TOTAL_ASSETS":153451000,"TOTAL_LIABILITIES":118638000,"TAX_EBT":-0.116771905545,"OCF_SALES":-56.481795921286,"TOTAL_PARENT_EQUITY":34813000,"DEBT_ASSET_RATIO":77.3132791575,"OPERATE_PROFIT":-19784000,"PRETAX_PROFIT":-23122000,"NETCASH_OPERATE":-31601000,"NETCASH_INVEST":-83000,"NETCASH_FINANCE":558000,"END_CASH":2835000,"DIVI_RATIO":null,"DIVIDEND_RATE":null,"CURRENT_RATIO":1.102743956238,"COMMON_ACS":400000000,"CURRENTDEBT_DEBT":95.534314469226,"ISSUED_COMMON_SHARES":117922000,"HK_COMMON_SHARES":117922000,"PER_SHARES":10000,"TOTAL_MARKET_CAP":24409854,"HKSK_MARKET_CAP":24409854,"PE_TTM":-0.425026545728,"PB_TTM":0.639944433077,"REPORT_DATE_SQ":"2023-06-30 00:00:00","REPORT_TYPE_SQ":"2023年中报","OPERATE_INCOME_SQ":51710000,"DPS_HKD":null,"OPERATE_INCOME_QOQ_SQ":9.941487310911,"NET_PROFIT_RATIO_SQ":-39.8568942178,"HOLDER_PROFIT_SQ":-20610000,"HOLDER_PROFIT_QOQ_SQ":-5.560826603106,"ROE_AVG_SQ":-27.190152969347,"PE_TTM_SQ":-1.452893162223,"PB_TTM_SQ":0.92968603195,"ROA_SQ":-10.663976095308,"START_DATE":"2024-01-01 00:00:00","FISCAL_YEAR":"12-31","CURRENCY":"HKD","IS_CNY_CODE":0,"DPS_HKD_LY":null,"ORG_TYPE":"一般企业","PREMIUM_INCOME":null,"PREMIUM_INCOME_YOY":null,"NET_INTEREST_INCOME":null,"NET_INTEREST_INCOME_YOY":null,"FEE_COMMISSION_INCOME":null,"FEE_COMMISSION_INCOME_YOY":null,"ACCOUNTS_RECE_TDAYS":1.878649497171,"INVENTORY_TDAYS":0.79547238733,"CURRENT_ASSETS_TDAYS":0.43026439239,"TOTAL_ASSETS_TDAYS":0.350567528533,"PREMIUM_EXPENSE":null,"LOAN_DEPOSIT":null,"LOAN_EQUITY":null,"LOAN_ASSETS":null,"DEPOSIT_EQUITY":null,"DEPOSIT_ASSETS":null,"EQUITY_MULTIPLIER":4.40786487806,"EQUITY_RATIO":3.407864878063},{"SECUCODE":"01715.HK","SECURITY_CODE":"01715","SECURITY_NAME_ABBR":"火山邑动国际控股","ORG_CODE":"10737779","STD_REPORT_DATE":"2023-12-31 00:00:00","REPORT_DATE":"2023-12-31 00:00:00","DATE_TYPE_CODE":"001","REPORT_TYPE":"2023年年报","PER_NETCASH_OPERATE":0.007630534836,"PER_OI":0.044632598,"BPS":0.493605942911,"BASIC_EPS":-0.0292,"DILUTED_EPS":-0.0292,"OPERATE_INCOME":84369000,"OPERATE_INCOME_YOY":-4.328351439,"GROSS_PROFIT":21217000,"GROSS_PROFIT_YOY":-44.872294541014,"HOLDER_PROFIT":-49318000,"HOLDER_PROFIT_YOY":-14.1276930553,"GROSS_PROFIT_RATIO":25.147862366509,"EPS_TTM":-0.026090038618,"OPERATE_INCOME_QOQ":-12.979484905057,"NET_PROFIT_RATIO":-58.4551197715,"ROE_AVG":-71.181352385076,"GROSS_PROFIT_QOQ":-41.117864180057,"ROA":-27.433638163897,"HOLDER_PROFIT_QOQ":-8.115573482988,"ROE_YEARLY":-71.181352385076,"ROIC_YEARLY":-31.343463809288,"TOTAL_ASSETS":165740000,"TOTAL_LIABILITIES":107533000,"TAX_EBT":-0.071018403912,"OCF_SALES":17.096326849909,"TOTAL_PARENT_EQUITY":58207000,"DEBT_ASSET_RATIO":64.8805357789,"OPERATE_PROFIT":-41014000,"PRETAX_PROFIT":-49283000,"NETCASH_OPERATE":14424000,"NETCASH_INVEST":-2000,"NETCASH_FINANCE":8131000,"END_CASH":33951000,"DIVI_RATIO":null,"DIVIDEND_RATE":null,"CURRENT_RATIO":1.322139571303,"COMMON_ACS":400000000,"CURRENTDEBT_DEBT":95.012693777724,"ISSUED_COMMON_SHARES":117922000,"HK_COMMON_SHARES":117922000,"PER_SHARES":10000,"TOTAL_MARKET_CAP":19692974,"HKSK_MARKET_CAP":19692974,"PE_TTM":-0.342895812254,"PB_TTM":0.516283673062,"REPORT_DATE_SQ":"2022-12-31 00:00:00","REPORT_TYPE_SQ":"2022年年报","OPERATE_INCOME_SQ":88186000,"DPS_HKD":null,"OPERATE_INCOME_QOQ_SQ":-25.857981200921,"NET_PROFIT_RATIO_SQ":-49.3842560044,"HOLDER_PROFIT_SQ":-43213000,"HOLDER_PROFIT_QOQ_SQ":5.588691529571,"ROE_AVG_SQ":-42.2350474757,"PE_TTM_SQ":-2.599914079768,"PB_TTM_SQ":1.663648688753,"ROA_SQ":-22.475924967558,"START_DATE":"2023-01-01 00:00:00","FISCAL_YEAR":"12-31","CURRENCY":"HKD","IS_CNY_CODE":0,"DPS_HKD_LY":null,"ORG_TYPE":"一般企业","PREMIUM_INCOME":null,"PREMIUM_INCOME_YOY":null,"NET_INTEREST_INCOME":null,"NET_INTEREST_INCOME_YOY":null,"FEE_COMMISSION_INCOME":null,"FEE_COMMISSION_INCOME_YOY":null,"ACCOUNTS_RECE_TDAYS":5.321454476647,"INVENTORY_TDAYS":0.940426640855,"CURRENT_ASSETS_TDAYS":0.557732289294,"TOTAL_ASSETS_TDAYS":0.469311127428,"PREMIUM_EXPENSE":null,"LOAN_DEPOSIT":null,"LOAN_EQUITY":null,"LOAN_ASSETS":null,"DEPOSIT_EQUITY":null,"DEPOSIT_ASSETS":null,"EQUITY_MULTIPLIER":2.847423849363,"EQUITY_RATIO":1.847423849365},{"SECUCODE":"01715.HK","SECURITY_CODE":"01715","SECURITY_NAME_ABBR":"火山邑动国际控股","ORG_CODE":"10737779","STD_REPORT_DATE":"2023-06-30 00:00:00","REPORT_DATE":"2023-06-30 00:00:00","DATE_TYPE_CODE":"002","REPORT_TYPE":"2023年中报","PER_NETCASH_OPERATE":-0.008806254037,"PER_OI":0.030929253296,"BPS":0.60409423178,"BASIC_EPS":-0.34,"DILUTED_EPS":-0.34,"OPERATE_INCOME":51710000,"OPERATE_INCOME_YOY":20.4154344131,"GROSS_PROFIT":16725000,"GROSS_PROFIT_YOY":-12.795244798999,"HOLDER_PROFIT":-20610000,"HOLDER_PROFIT_YOY":-13.1982204647,"GROSS_PROFIT_RATIO":32.343840649778,"EPS_TTM":-0.027284254851,"OPERATE_INCOME_QOQ":9.941487310911,"NET_PROFIT_RATIO":-39.8568942178,"ROE_AVG":-27.190152969347,"GROSS_PROFIT_QOQ":-6.376178969522,"ROA":-10.663976095308,"HOLDER_PROFIT_QOQ":-5.560826603106,"ROE_YEARLY":-54.380305938694,"ROIC_YEARLY":-22.362492642132,"TOTAL_ASSETS":192731000,"TOTAL_LIABILITIES":121495000,"TAX_EBT":-1.903584672435,"OCF_SALES":-28.472249081416,"TOTAL_PARENT_EQUITY":71236000,"DEBT_ASSET_RATIO":63.0386393471,"OPERATE_PROFIT":-15014000,"PRETAX_PROFIT":-20225000,"NETCASH_OPERATE":-14723000,"NETCASH_INVEST":-731000,"NETCASH_FINANCE":10956000,"END_CASH":6983000,"DIVI_RATIO":null,"DIVIDEND_RATE":null,"CURRENT_RATIO":1.390917147799,"COMMON_ACS":400000000,"CURRENTDEBT_DEBT":95.657434462324,"ISSUED_COMMON_SHARES":117922000,"HK_COMMON_SHARES":117922000,"PER_SHARES":10000,"TOTAL_MARKET_CAP":19692974,"HKSK_MARKET_CAP":19692974,"PE_TTM":-0.342895812254,"PB_TTM":0.516283673062,"REPORT_DATE_SQ":"2022-06-30 00:00:00","REPORT_TYPE_SQ":"2022年中报","OPERATE_INCOME_SQ":42943000,"DPS_HKD":null,"OPERATE_INCOME_QOQ_SQ":-17.32847719864,"NET_PROFIT_RATIO_SQ":-42.5517546515,"HOLDER_PROFIT_SQ":-18207000,"HOLDER_PROFIT_QOQ_SQ":-3.19707798796,"ROE_AVG_SQ":-15.811000920507,"PE_TTM_SQ":-2.599914079768,"PB_TTM_SQ":1.663648688753,"ROA_SQ":-10.271758446966,"START_DATE":"2023-01-01 00:00:00","FISCAL_YEAR":"12-31","CURRENCY":"HKD","IS_CNY_CODE":0,"DPS_HKD_LY":null,"ORG_TYPE":"一般企业","PREMIUM_INCOME":null,"PREMIUM_INCOME_YOY":null,"NET_INTEREST_INCOME":null,"NET_INTEREST_INCOME_YOY":null,"FEE_COMMISSION_INCOME":null,"FEE_COMMISSION_INCOME_YOY":null,"ACCOUNTS_RECE_TDAYS":3.54943885781,"INVENTORY_TDAYS":0.461163288845,"CURRENT_ASSETS_TDAYS":0.314240484214,"TOTAL_ASSETS_TDAYS":0.267556624885,"PREMIUM_EXPENSE":null,"LOAN_DEPOSIT":null,"LOAN_EQUITY":null,"LOAN_ASSETS":null,"DEPOSIT_EQUITY":null,"DEPOSIT_ASSETS":null,"EQUITY_MULTIPLIER":2.70552810377,"EQUITY_RATIO":1.705528103768},{"SECUCODE":"01715.HK","SECURITY_CODE":"01715","SECURITY_NAME_ABBR":"火山邑动国际控股","ORG_CODE":"10737779","STD_REPORT_DATE":"2022-12-31 00:00:00","REPORT_DATE":"2022-12-31 00:00:00","DATE_TYPE_CODE":"001","REPORT_TYPE":"2022年年报","PER_NETCASH_OPERATE":-0.050618666667,"PER_OI":0.058790666667,"BPS":0.681492851207,"BASIC_EPS":-0.0288,"DILUTED_EPS":-0.0288,"OPERATE_INCOME":88186000,"OPERATE_INCOME_YOY":-38.7056640231,"GROSS_PROFIT":38487000,"GROSS_PROFIT_YOY":-41.034165772943,"HOLDER_PROFIT":-43213000,"HOLDER_PROFIT_YOY":2.5702883683,"GROSS_PROFIT_RATIO":43.64298187921,"EPS_TTM":-0.028808666667,"OPERATE_INCOME_QOQ":-25.857981200921,"NET_PROFIT_RATIO":-49.3842560044,"ROE_AVG":-42.2350474757,"GROSS_PROFIT_QOQ":-24.388518889609,"ROA":-22.475924967558,"HOLDER_PROFIT_QOQ":5.588691529571,"ROE_YEARLY":-42.2350474757,"ROIC_YEARLY":-25.315024516552,"TOTAL_ASSETS":193804000,"TOTAL_LIABILITIES":113898000,"TAX_EBT":-0.796185714947,"OCF_SALES":-86.099834440841,"TOTAL_PARENT_EQUITY":80363000,"DEBT_ASSET_RATIO":58.7696848362,"OPERATE_PROFIT":-37811000,"PRETAX_PROFIT":-43206000,"NETCASH_OPERATE":-75928000,"NETCASH_INVEST":15025000,"NETCASH_FINANCE":39295000,"END_CASH":11356000,"DIVI_RATIO":null,"DIVIDEND_RATE":null,"CURRENT_RATIO":1.533614792157,"COMMON_ACS":400000000,"CURRENTDEBT_DEBT":95.869110958928,"ISSUED_COMMON_SHARES":117922000,"HK_COMMON_SHARES":117922000,"PER_SHARES":10000,"TOTAL_MARKET_CAP":19692974,"HKSK_MARKET_CAP":19692974,"PE_TTM":-0.342895812254,"PB_TTM":0.516283673062,"REPORT_DATE_SQ":"2021-12-31 00:00:00","REPORT_TYPE_SQ":"2021年年报","OPERATE_INCOME_SQ":143873000,"DPS_HKD":null,"OPERATE_INCOME_QOQ_SQ":-10.065322706673,"NET_PROFIT_RATIO_SQ":-30.5088515566,"HOLDER_PROFIT_SQ":-44353000,"HOLDER_PROFIT_QOQ_SQ":-78.217543295697,"ROE_AVG_SQ":-30.273328851227,"PE_TTM_SQ":-2.599914079768,"PB_TTM_SQ":1.663648688753,"ROA_SQ":-20.295837003649,"START_DATE":"2022-01-01 00:00:00","FISCAL_YEAR":"12-31","CURRENCY":"HKD","IS_CNY_CODE":0,"DPS_HKD_LY":null,"ORG_TYPE":"一般企业","PREMIUM_INCOME":null,"PREMIUM_INCOME_YOY":null,"NET_INTEREST_INCOME":null,"NET_INTEREST_INCOME_YOY":null,"FEE_COMMISSION_INCOME":null,"FEE_COMMISSION_INCOME_YOY":null,"ACCOUNTS_RECE_TDAYS":3.937578138953,"INVENTORY_TDAYS":0.667333566077,"CURRENT_ASSETS_TDAYS":0.554099225897,"TOTAL_ASSETS_TDAYS":0.458672602964,"PREMIUM_EXPENSE":null,"LOAN_DEPOSIT":null,"LOAN_EQUITY":null,"LOAN_ASSETS":null,"DEPOSIT_EQUITY":null,"DEPOSIT_ASSETS":null,"EQUITY_MULTIPLIER":2.425399844816,"EQUITY_RATIO":1.417294028346},{"SECUCODE":"01715.HK","SECURITY_CODE":"01715","SECURITY_NAME_ABBR":"火山邑动国际控股","ORG_CODE":"10737779","STD_REPORT_DATE":"2022-06-30 00:00:00","REPORT_DATE":"2022-06-30 00:00:00","DATE_TYPE_CODE":"002","REPORT_TYPE":"2022年中报","PER_NETCASH_OPERATE":-0.003989333333,"PER_OI":0.028628666667,"BPS":0.899238479673,"BASIC_EPS":-0.0121,"DILUTED_EPS":-0.0121,"OPERATE_INCOME":42943000,"OPERATE_INCOME_YOY":-36.7312962254,"GROSS_PROFIT":19179000,"GROSS_PROFIT_YOY":-42.831167282699,"HOLDER_PROFIT":-18207000,"HOLDER_PROFIT_YOY":-8.4460063137,"GROSS_PROFIT_RATIO":44.661528072096,"EPS_TTM":-0.030514,"OPERATE_INCOME_QOQ":-17.32847719864,"NET_PROFIT_RATIO":-42.5517546515,"ROE_AVG":-15.811000920507,"GROSS_PROFIT_QOQ":-22.014708135437,"ROA":-10.271758446966,"HOLDER_PROFIT_QOQ":-3.19707798796,"ROE_YEARLY":-31.622001841013,"ROIC_YEARLY":-25.401099361031,"TOTAL_ASSETS":163783000,"TOTAL_LIABILITIES":57929000,"TAX_EBT":-0.644415069399,"OCF_SALES":-13.934750716066,"TOTAL_PARENT_EQUITY":106040000,"DEBT_ASSET_RATIO":35.3693606785,"OPERATE_PROFIT":-17174000,"PRETAX_PROFIT":-18156000,"NETCASH_OPERATE":-5984000,"NETCASH_INVEST":15588000,"NETCASH_FINANCE":-6446000,"END_CASH":35754000,"DIVI_RATIO":null,"DIVIDEND_RATE":null,"CURRENT_RATIO":2.571190042502,"COMMON_ACS":400000000,"CURRENTDEBT_DEBT":90.980337999966,"ISSUED_COMMON_SHARES":117922000,"HK_COMMON_SHARES":117922000,"PER_SHARES":10000,"TOTAL_MARKET_CAP":19692974,"HKSK_MARKET_CAP":19692974,"PE_TTM":-0.342895812254,"PB_TTM":0.516283673062,"REPORT_DATE_SQ":"2021-06-30 00:00:00","REPORT_TYPE_SQ":"2021年中报","OPERATE_INCOME_SQ":67874000,"DPS_HKD":null,"OPERATE_INCOME_QOQ_SQ":-15.526982785933,"NET_PROFIT_RATIO_SQ":-23.8220820933,"HOLDER_PROFIT_SQ":-16789000,"HOLDER_PROFIT_QOQ_SQ":-17.791556228701,"ROE_AVG_SQ":-10.471756072764,"PE_TTM_SQ":-2.599914079768,"PB_TTM_SQ":1.663648688753,"ROA_SQ":-7.282862131416,"START_DATE":"2022-01-01 00:00:00","FISCAL_YEAR":"12-31","CURRENCY":"HKD","IS_CNY_CODE":0,"DPS_HKD_LY":null,"ORG_TYPE":"一般企业","PREMIUM_INCOME":null,"PREMIUM_INCOME_YOY":null,"NET_INTEREST_INCOME":null,"NET_INTEREST_INCOME_YOY":null,"FEE_COMMISSION_INCOME":null,"FEE_COMMISSION_INCOME_YOY":null,"ACCOUNTS_RECE_TDAYS":1.712411524275,"INVENTORY_TDAYS":0.377971291105,"CURRENT_ASSETS_TDAYS":0.299927363142,"TOTAL_ASSETS_TDAYS":0.242269524352,"PREMIUM_EXPENSE":null,"LOAN_DEPOSIT":null,"LOAN_EQUITY":null,"LOAN_ASSETS":null,"DEPOSIT_EQUITY":null,"DEPOSIT_ASSETS":null,"EQUITY_MULTIPLIER":1.54725376462,"EQUITY_RATIO":0.546293851377},{"SECUCODE":"01715.HK","SECURITY_CODE":"01715","SECURITY_NAME_ABBR":"火山邑动国际控股","ORG_CODE":"10737779","STD_REPORT_DATE":"2021-12-31 00:00:00","REPORT_DATE":"2021-12-31 00:00:00","DATE_TYPE_CODE":"001","REPORT_TYPE":"2021年年报","PER_NETCASH_OPERATE":-0.007344666667,"PER_OI":0.095915333333,"BPS":1.053815233799,"BASIC_EPS":-0.0296,"DILUTED_EPS":-0.0296,"OPERATE_INCOME":143873000,"OPERATE_INCOME_YOY":-24.0294645686,"GROSS_PROFIT":65270000,"GROSS_PROFIT_YOY":-31.284610363633,"HOLDER_PROFIT":-44353000,"HOLDER_PROFIT_YOY":-109.9252177206,"GROSS_PROFIT_RATIO":45.366399532921,"EPS_TTM":-0.029568666667,"OPERATE_INCOME_QOQ":-10.065322706673,"NET_PROFIT_RATIO":-30.5088515566,"ROE_AVG":-30.273328851227,"GROSS_PROFIT_QOQ":-18.284820031299,"ROA":-20.295837003649,"HOLDER_PROFIT_QOQ":-78.217543295697,"ROE_YEARLY":-30.273328851227,"ROIC_YEARLY":-25.168178452162,"TOTAL_ASSETS":190723000,"TOTAL_LIABILITIES":66575000,"TAX_EBT":-0.397987191217,"OCF_SALES":-7.657447888068,"TOTAL_PARENT_EQUITY":124268000,"DEBT_ASSET_RATIO":34.9066447151,"OPERATE_PROFIT":-41565000,"PRETAX_PROFIT":-43720000,"NETCASH_OPERATE":-11017000,"NETCASH_INVEST":6675000,"NETCASH_FINANCE":-10744000,"END_CASH":32346000,"DIVI_RATIO":null,"DIVIDEND_RATE":null,"CURRENT_RATIO":2.50380108223,"COMMON_ACS":400000000,"CURRENTDEBT_DEBT":90.493428464138,"ISSUED_COMMON_SHARES":117922000,"HK_COMMON_SHARES":117922000,"PER_SHARES":10000,"TOTAL_MARKET_CAP":19692974,"HKSK_MARKET_CAP":19692974,"PE_TTM":-0.342895812254,"PB_TTM":0.516283673062,"REPORT_DATE_SQ":"2020-12-31 00:00:00","REPORT_TYPE_SQ":"2020年年报","OPERATE_INCOME_SQ":189380000,"DPS_HKD":null,"OPERATE_INCOME_QOQ_SQ":-18.346052688311,"NET_PROFIT_RATIO_SQ":-10.53437533,"HOLDER_PROFIT_SQ":-21128000,"HOLDER_PROFIT_QOQ_SQ":-527.315914489311,"ROE_AVG_SQ":-11.783504320934,"PE_TTM_SQ":-2.599914079768,"PB_TTM_SQ":1.663648688753,"ROA_SQ":-7.674021179107,"START_DATE":"2021-01-01 00:00:00","FISCAL_YEAR":"12-31","CURRENCY":"HKD","IS_CNY_CODE":0,"DPS_HKD_LY":null,"ORG_TYPE":"一般企业","PREMIUM_INCOME":null,"PREMIUM_INCOME_YOY":null,"NET_INTEREST_INCOME":null,"NET_INTEREST_INCOME_YOY":null,"FEE_COMMISSION_INCOME":null,"FEE_COMMISSION_INCOME_YOY":null,"ACCOUNTS_RECE_TDAYS":3.425955470889,"INVENTORY_TDAYS":1.194238701885,"CURRENT_ASSETS_TDAYS":0.831647856183,"TOTAL_ASSETS_TDAYS":0.658359740542,"PREMIUM_EXPENSE":null,"LOAN_DEPOSIT":null,"LOAN_EQUITY":null,"LOAN_ASSETS":null,"DEPOSIT_EQUITY":null,"DEPOSIT_ASSETS":null,"EQUITY_MULTIPLIER":1.536255114863,"EQUITY_RATIO":0.535737277497},{"SECUCODE":"01715.HK","SECURITY_CODE":"01715","SECURITY_NAME_ABBR":"火山邑动国际控股","ORG_CODE":"10737779","STD_REPORT_DATE":"2021-06-30 00:00:00","REPORT_DATE":"2021-06-30 00:00:00","DATE_TYPE_CODE":"002","REPORT_TYPE":"2021年中报","PER_NETCASH_OPERATE":0.00401,"PER_OI":0.045249333333,"BPS":1.288173538441,"BASIC_EPS":-0.0112,"DILUTED_EPS":-0.0112,"OPERATE_INCOME":67874000,"OPERATE_INCOME_YOY":-30.227490003,"GROSS_PROFIT":33548000,"GROSS_PROFIT_YOY":-31.054892209047,"HOLDER_PROFIT":-16789000,"HOLDER_PROFIT_YOY":-28.8488104375,"GROSS_PROFIT_RATIO":49.426879217373,"EPS_TTM":-0.016591333333,"OPERATE_INCOME_QOQ":-15.526982785933,"NET_PROFIT_RATIO":-23.8220820933,"ROE_AVG":-10.471756072764,"GROSS_PROFIT_QOQ":-15.908660223612,"ROA":-7.282862131416,"HOLDER_PROFIT_QOQ":-17.791556228701,"ROE_YEARLY":-20.943512145528,"ROIC_YEARLY":-18.878468942563,"TOTAL_ASSETS":214713000,"TOTAL_LIABILITIES":57987000,"TAX_EBT":-0.198302038793,"OCF_SALES":8.862009016707,"TOTAL_PARENT_EQUITY":151904000,"DEBT_ASSET_RATIO":27.0067485434,"OPERATE_PROFIT":-17035000,"PRETAX_PROFIT":-16137000,"NETCASH_OPERATE":6015000,"NETCASH_INVEST":41000,"NETCASH_FINANCE":-6137000,"END_CASH":48119000,"DIVI_RATIO":null,"DIVIDEND_RATE":null,"CURRENT_RATIO":3.223676453248,"COMMON_ACS":400000000,"CURRENTDEBT_DEBT":87.754151792643,"ISSUED_COMMON_SHARES":117922000,"HK_COMMON_SHARES":117922000,"PER_SHARES":10000,"TOTAL_MARKET_CAP":19692974,"HKSK_MARKET_CAP":19692974,"PE_TTM":-0.342895812254,"PB_TTM":0.516283673062,"REPORT_DATE_SQ":"2020-06-30 00:00:00","REPORT_TYPE_SQ":"2020年中报","OPERATE_INCOME_SQ":97279000,"DPS_HKD":null,"OPERATE_INCOME_QOQ_SQ":-5.835112991368,"NET_PROFIT_RATIO_SQ":-12.6789954666,"HOLDER_PROFIT_SQ":-13030000,"HOLDER_PROFIT_QOQ_SQ":-117.952134747615,"ROE_AVG_SQ":-7.106762332523,"PE_TTM_SQ":-2.599914079768,"PB_TTM_SQ":1.663648688753,"ROA_SQ":-4.626925296285,"START_DATE":"2021-01-01 00:00:00","FISCAL_YEAR":"12-31","CURRENCY":"HKD","IS_CNY_CODE":0,"DPS_HKD_LY":null,"ORG_TYPE":"一般企业","PREMIUM_INCOME":null,"PREMIUM_INCOME_YOY":null,"NET_INTEREST_INCOME":null,"NET_INTEREST_INCOME_YOY":null,"FEE_COMMISSION_INCOME":null,"FEE_COMMISSION_INCOME_YOY":null,"ACCOUNTS_RECE_TDAYS":1.728129137387,"INVENTORY_TDAYS":0.50455667921,"CURRENT_ASSETS_TDAYS":0.377927063874,"TOTAL_ASSETS_TDAYS":0.294429081129,"PREMIUM_EXPENSE":null,"LOAN_DEPOSIT":null,"LOAN_EQUITY":null,"LOAN_ASSETS":null,"DEPOSIT_EQUITY":null,"DEPOSIT_ASSETS":null,"EQUITY_MULTIPLIER":1.369989663489,"EQUITY_RATIO":0.381734516537},{"SECUCODE":"01715.HK","SECURITY_CODE":"01715","SECURITY_NAME_ABBR":"火山邑动国际控股","ORG_CODE":"10737779","STD_REPORT_DATE":"2020-12-31 00:00:00","REPORT_DATE":"2020-12-31 00:00:00","DATE_TYPE_CODE":"001","REPORT_TYPE":"2020年年报","PER_NETCASH_OPERATE":-0.012795333333,"PER_OI":0.126253333333,"BPS":1.431022201116,"BASIC_EPS":-0.0141,"DILUTED_EPS":-0.0141,"OPERATE_INCOME":189380000,"OPERATE_INCOME_YOY":-23.1106527759,"GROSS_PROFIT":94986000,"GROSS_PROFIT_YOY":-28.927165796208,"HOLDER_PROFIT":-21128000,"HOLDER_PROFIT_YOY":-212.6165982624,"GROSS_PROFIT_RATIO":50.156299503644,"EPS_TTM":-0.014085333333,"OPERATE_INCOME_QOQ":-18.346052688311,"NET_PROFIT_RATIO":-10.53437533,"ROE_AVG":-11.783504320934,"GROSS_PROFIT_QOQ":-20.633355614973,"ROA":-7.674021179107,"HOLDER_PROFIT_QOQ":-527.315914489311,"ROE_YEARLY":-11.783504320934,"ROIC_YEARLY":-10.393699237986,"TOTAL_ASSETS":246342000,"TOTAL_LIABILITIES":73391000,"TAX_EBT":-1.418331554064,"OCF_SALES":-10.134649910233,"TOTAL_PARENT_EQUITY":168749000,"DEBT_ASSET_RATIO":29.7923212444,"OPERATE_PROFIT":-22438000,"PRETAX_PROFIT":-19671000,"NETCASH_OPERATE":-19193000,"NETCASH_INVEST":-8570000,"NETCASH_FINANCE":-9102000,"END_CASH":48184000,"DIVI_RATIO":null,"DIVIDEND_RATE":null,"CURRENT_RATIO":2.956609347777,"COMMON_ACS":400000000,"CURRENTDEBT_DEBT":89.936095706558,"ISSUED_COMMON_SHARES":117922000,"HK_COMMON_SHARES":117922000,"PER_SHARES":10000,"TOTAL_MARKET_CAP":19692974,"HKSK_MARKET_CAP":19692974,"PE_TTM":-0.342895812254,"PB_TTM":0.516283673062,"REPORT_DATE_SQ":"2019-12-31 00:00:00","REPORT_TYPE_SQ":"2019年年报","OPERATE_INCOME_SQ":246302000,"DPS_HKD":null,"OPERATE_INCOME_QOQ_SQ":-3.531660393469,"NET_PROFIT_RATIO_SQ":8.0782941267,"HOLDER_PROFIT_SQ":18761000,"HOLDER_PROFIT_QOQ_SQ":-25.94244661114,"ROE_AVG_SQ":10.397880630269,"PE_TTM_SQ":-2.599914079768,"PB_TTM_SQ":1.663648688753,"ROA_SQ":6.555618452593,"START_DATE":"2020-01-01 00:00:00","FISCAL_YEAR":"12-31","CURRENCY":"HKD","IS_CNY_CODE":0,"DPS_HKD_LY":null,"ORG_TYPE":"一般企业","PREMIUM_INCOME":null,"PREMIUM_INCOME_YOY":null,"NET_INTEREST_INCOME":null,"NET_INTEREST_INCOME_YOY":null,"FEE_COMMISSION_INCOME":null,"FEE_COMMISSION_INCOME_YOY":null,"ACCOUNTS_RECE_TDAYS":3.165539778188,"INVENTORY_TDAYS":1.53492418391,"CURRENT_ASSETS_TDAYS":0.831587868249,"TOTAL_ASSETS_TDAYS":0.687857880963,"PREMIUM_EXPENSE":null,"LOAN_DEPOSIT":null,"LOAN_EQUITY":null,"LOAN_ASSETS":null,"DEPOSIT_EQUITY":null,"DEPOSIT_ASSETS":null,"EQUITY_MULTIPLIER":1.424345623904,"EQUITY_RATIO":0.434912206887},{"SECUCODE":"01715.HK","SECURITY_CODE":"01715","SECURITY_NAME_ABBR":"火山邑动国际控股","ORG_CODE":"10737779","STD_REPORT_DATE":"2020-06-30 00:00:00","REPORT_DATE":"2020-06-30 00:00:00","DATE_TYPE_CODE":"002","REPORT_TYPE":"2020年中报","PER_NETCASH_OPERATE":-0.014684,"PER_OI":0.064852666667,"BPS":1.499626872,"BASIC_EPS":-0.0087,"DILUTED_EPS":-0.0087,"OPERATE_INCOME":97279000,"OPERATE_INCOME_YOY":-12.8722537192,"GROSS_PROFIT":48659000,"GROSS_PROFIT_YOY":-22.300998003992,"HOLDER_PROFIT":-13030000,"HOLDER_PROFIT_YOY":-243.2025497307,"GROSS_PROFIT_RATIO":50.020045436322,"EPS_TTM":-0.002245333333,"OPERATE_INCOME_QOQ":-5.835112991368,"NET_PROFIT_RATIO":-12.6789954666,"ROE_AVG":-7.106762332523,"GROSS_PROFIT_QOQ":-10.449994762282,"ROA":-4.626925296285,"HOLDER_PROFIT_QOQ":-117.952134747615,"ROE_YEARLY":-14.213524665047,"ROIC_YEARLY":-12.424403511825,"TOTAL_ASSETS":258930000,"TOTAL_LIABILITIES":76407000,"TAX_EBT":-2.424846371035,"OCF_SALES":-22.642091304393,"TOTAL_PARENT_EQUITY":176839000,"DEBT_ASSET_RATIO":29.5087475379,"OPERATE_PROFIT":-13021000,"PRETAX_PROFIT":-12042000,"NETCASH_OPERATE":-22026000,"NETCASH_INVEST":-1485000,"NETCASH_FINANCE":-18118000,"END_CASH":46347000,"DIVI_RATIO":null,"DIVIDEND_RATE":null,"CURRENT_RATIO":3.157966729912,"COMMON_ACS":400000000,"CURRENTDEBT_DEBT":88.982684832542,"ISSUED_COMMON_SHARES":117922000,"HK_COMMON_SHARES":117922000,"PER_SHARES":10000,"TOTAL_MARKET_CAP":19692974,"HKSK_MARKET_CAP":19692974,"PE_TTM":-0.342895812254,"PB_TTM":0.516283673062,"REPORT_DATE_SQ":"2019-06-30 00:00:00","REPORT_TYPE_SQ":"2019年中报","OPERATE_INCOME_SQ":111651000,"DPS_HKD":null,"OPERATE_INCOME_QOQ_SQ":-9.361709680855,"NET_PROFIT_RATIO_SQ":8.6815165113,"HOLDER_PROFIT_SQ":9099000,"HOLDER_PROFIT_QOQ_SQ":13.073558293162,"ROE_AVG_SQ":5.181515332707,"PE_TTM_SQ":-2.599914079768,"PB_TTM_SQ":1.663648688753,"ROA_SQ":3.34108722114,"START_DATE":"2020-01-01 00:00:00","FISCAL_YEAR":"12-31","CURRENCY":"HKD","IS_CNY_CODE":0,"DPS_HKD_LY":null,"ORG_TYPE":"一般企业","PREMIUM_INCOME":null,"PREMIUM_INCOME_YOY":null,"NET_INTEREST_INCOME":null,"NET_INTEREST_INCOME_YOY":null,"FEE_COMMISSION_INCOME":null,"FEE_COMMISSION_INCOME_YOY":null,"ACCOUNTS_RECE_TDAYS":1.531072690501,"INVENTORY_TDAYS":0.800296284104,"CURRENT_ASSETS_TDAYS":0.4095768196,"TOTAL_ASSETS_TDAYS":0.345435660704,"PREMIUM_EXPENSE":null,"LOAN_DEPOSIT":null,"LOAN_EQUITY":null,"LOAN_ASSETS":null,"DEPOSIT_EQUITY":null,"DEPOSIT_ASSETS":null,"EQUITY_MULTIPLIER":1.418615736098,"EQUITY_RATIO":0.432070979818}],"count":18},"success":true,"message":"ok","code":0}