{"version":"10db540eff42c3393cb30321e348c072","result":{"pages":8,"data":[{"SECUCODE":"01719.HK","SECURITY_CODE":"01719","SECURITY_NAME_ABBR":"中国通商集团","ORG_CODE":"10010792","STD_REPORT_DATE":"2024-06-30 00:00:00","REPORT_DATE":"2024-06-30 00:00:00","DATE_TYPE_CODE":"002","REPORT_TYPE":"2024年中报","PER_NETCASH_OPERATE":-0.00373681718,"PER_OI":0.083157541256,"BPS":0.401555739391,"BASIC_EPS":0.00182536,"DILUTED_EPS":0.00182536,"OPERATE_INCOME":143452304.36,"OPERATE_INCOME_YOY":-15.8639923346,"GROSS_PROFIT":34152485.6,"GROSS_PROFIT_YOY":-15.269351393954,"HOLDER_PROFIT":3165174.24,"HOLDER_PROFIT_YOY":196.6638152267,"GROSS_PROFIT_RATIO":23.807554540423,"EPS_TTM":0.0092790145,"OPERATE_INCOME_QOQ":-8.79167561974,"NET_PROFIT_RATIO":2.1587127888,"ROE_AVG":0.454563030315,"GROSS_PROFIT_QOQ":-8.746020566537,"ROA":0.24202040983,"HOLDER_PROFIT_QOQ":14.99603966775,"ROE_YEARLY":0.909126060631,"ROIC_YEARLY":0.536041362361,"TOTAL_ASSETS":1254621950.76,"TOTAL_LIABILITIES":510897272.36,"TAX_EBT":38.185461832756,"OCF_SALES":-4.49366001387,"TOTAL_PARENT_EQUITY":692710429.8,"DEBT_ASSET_RATIO":40.721212637,"OPERATE_PROFIT":10844463.76,"PRETAX_PROFIT":5009700.52,"NETCASH_OPERATE":-6446258.84,"NETCASH_INVEST":68144339.52,"NETCASH_FINANCE":-50286842.64,"END_CASH":61688041.2,"DIVI_RATIO":null,"DIVIDEND_RATE":null,"CURRENT_RATIO":0.600125410135,"COMMON_ACS":2000000000,"CURRENTDEBT_DEBT":61.25207002074,"ISSUED_COMMON_SHARES":1725066689,"HK_COMMON_SHARES":1725066689,"PER_SHARES":4000,"TOTAL_MARKET_CAP":1138544014.74,"HKSK_MARKET_CAP":1138544014.74,"PE_TTM":64.47386685203,"PB_TTM":1.500087636436,"REPORT_DATE_SQ":"2023-06-30 00:00:00","REPORT_TYPE_SQ":"2023年中报","OPERATE_INCOME_SQ":172237849.74,"DPS_HKD":null,"OPERATE_INCOME_QOQ_SQ":21.416082301139,"NET_PROFIT_RATIO_SQ":0.7922360864,"HOLDER_PROFIT_SQ":1077794.62,"HOLDER_PROFIT_QOQ_SQ":-103.136533158764,"ROE_AVG_SQ":0.154154117194,"PE_TTM_SQ":-894.554323111373,"PB_TTM_SQ":2.051098046695,"ROA_SQ":0.074525125454,"START_DATE":"2024-01-01 00:00:00","FISCAL_YEAR":"12-31","CURRENCY":"HKD","IS_CNY_CODE":0,"DPS_HKD_LY":null,"ORG_TYPE":"一般企业","PREMIUM_INCOME":null,"PREMIUM_INCOME_YOY":null,"NET_INTEREST_INCOME":null,"NET_INTEREST_INCOME_YOY":null,"FEE_COMMISSION_INCOME":null,"FEE_COMMISSION_INCOME_YOY":null,"ACCOUNTS_RECE_TDAYS":1.879950243401,"INVENTORY_TDAYS":5.327742681733,"CURRENT_ASSETS_TDAYS":0.643119010794,"TOTAL_ASSETS_TDAYS":0.109688702295,"PREMIUM_EXPENSE":null,"LOAN_DEPOSIT":null,"LOAN_EQUITY":null,"LOAN_ASSETS":null,"DEPOSIT_EQUITY":null,"DEPOSIT_ASSETS":null,"EQUITY_MULTIPLIER":1.686944089926,"EQUITY_RATIO":0.737533679849},{"SECUCODE":"01719.HK","SECURITY_CODE":"01719","SECURITY_NAME_ABBR":"中国通商集团","ORG_CODE":"10010792","STD_REPORT_DATE":"2023-12-31 00:00:00","REPORT_DATE":"2023-12-31 00:00:00","DATE_TYPE_CODE":"001","REPORT_TYPE":"2023年年报","PER_NETCASH_OPERATE":0.012267380487,"PER_OI":0.189800309929,"BPS":0.40285884201,"BASIC_EPS":0.008065358,"DILUTED_EPS":0.008065358,"OPERATE_INCOME":327418192.22,"OPERATE_INCOME_YOY":13.0708686059,"GROSS_PROFIT":70370701.66,"GROSS_PROFIT_YOY":-7.7218744524,"HOLDER_PROFIT":13919539.2,"HOLDER_PROFIT_YOY":-26.0649819495,"GROSS_PROFIT_RATIO":21.492605888165,"EPS_TTM":0.008068986138,"OPERATE_INCOME_QOQ":-5.523149541681,"NET_PROFIT_RATIO":3.816208646,"ROE_AVG":1.99038498918,"GROSS_PROFIT_QOQ":-6.64604390751,"ROA":0.995069675932,"HOLDER_PROFIT_QOQ":2491.39432387891,"ROE_YEARLY":1.99038498918,"ROIC_YEARLY":1.12060676187,"TOTAL_ASSETS":1351370669.74,"TOTAL_LIABILITIES":567710581.2,"TAX_EBT":40.028706885303,"OCF_SALES":6.463308986136,"TOTAL_PARENT_EQUITY":694958368.72,"DEBT_ASSET_RATIO":42.0099824506,"OPERATE_PROFIT":35563697.68,"PRETAX_PROFIT":20834904.02,"NETCASH_OPERATE":21162049.44,"NETCASH_INVEST":-3235205.4,"NETCASH_FINANCE":-42636744.78,"END_CASH":51405329.5,"DIVI_RATIO":null,"DIVIDEND_RATE":null,"CURRENT_RATIO":0.736244898172,"COMMON_ACS":2000000000,"CURRENTDEBT_DEBT":61.364013664081,"ISSUED_COMMON_SHARES":1725066689,"HK_COMMON_SHARES":1725066689,"PER_SHARES":4000,"TOTAL_MARKET_CAP":1138544014.74,"HKSK_MARKET_CAP":1138544014.74,"PE_TTM":64.47386685203,"PB_TTM":1.500087636436,"REPORT_DATE_SQ":"2022-12-31 00:00:00","REPORT_TYPE_SQ":"2022年年报","OPERATE_INCOME_SQ":285431029.45,"DPS_HKD":null,"OPERATE_INCOME_QOQ_SQ":34.849901861912,"NET_PROFIT_RATIO_SQ":6.5448229458,"HOLDER_PROFIT_SQ":18557684.25,"HOLDER_PROFIT_QOQ_SQ":-41.474300658053,"ROE_AVG_SQ":2.586395249747,"PE_TTM_SQ":-731.908082545669,"PB_TTM_SQ":1.678171129114,"ROA_SQ":1.266783355046,"START_DATE":"2023-01-01 00:00:00","FISCAL_YEAR":"12-31","CURRENCY":"HKD","IS_CNY_CODE":0,"DPS_HKD_LY":null,"ORG_TYPE":"一般企业","PREMIUM_INCOME":null,"PREMIUM_INCOME_YOY":null,"NET_INTEREST_INCOME":null,"NET_INTEREST_INCOME_YOY":null,"FEE_COMMISSION_INCOME":null,"FEE_COMMISSION_INCOME_YOY":null,"ACCOUNTS_RECE_TDAYS":3.925776623602,"INVENTORY_TDAYS":36.827836925474,"CURRENT_ASSETS_TDAYS":1.494390364456,"TOTAL_ASSETS_TDAYS":0.234062284495,"PREMIUM_EXPENSE":null,"LOAN_DEPOSIT":null,"LOAN_EQUITY":null,"LOAN_ASSETS":null,"DEPOSIT_EQUITY":null,"DEPOSIT_ASSETS":null,"EQUITY_MULTIPLIER":1.724434725594,"EQUITY_RATIO":0.816898690271},{"SECUCODE":"01719.HK","SECURITY_CODE":"01719","SECURITY_NAME_ABBR":"中国通商集团","ORG_CODE":"10010792","STD_REPORT_DATE":"2023-06-30 00:00:00","REPORT_DATE":"2023-06-30 00:00:00","DATE_TYPE_CODE":"002","REPORT_TYPE":"2023年中报","PER_NETCASH_OPERATE":-0.005619317666,"PER_OI":0.09984416883,"BPS":0.395564903056,"BASIC_EPS":0.000645386,"DILUTED_EPS":0.000645386,"OPERATE_INCOME":172237849.74,"OPERATE_INCOME_YOY":43.7863674148,"GROSS_PROFIT":40307121.64,"GROSS_PROFIT_YOY":-2.133807163522,"HOLDER_PROFIT":1077794.62,"HOLDER_PROFIT_YOY":-95.0552007106,"GROSS_PROFIT_RATIO":23.402011637306,"EPS_TTM":-0.000337417634,"OPERATE_INCOME_QOQ":21.416082301139,"NET_PROFIT_RATIO":0.7922360864,"ROE_AVG":0.154154117194,"GROSS_PROFIT_QOQ":-1.152420947029,"ROA":0.074525125454,"HOLDER_PROFIT_QOQ":-103.136533158764,"ROE_YEARLY":0.308308234388,"ROIC_YEARLY":0.168004124652,"TOTAL_ASSETS":1420949122.14,"TOTAL_LIABILITIES":645539048.68,"TAX_EBT":-469.230769230769,"OCF_SALES":-5.628087981029,"TOTAL_PARENT_EQUITY":682375837.6,"DEBT_ASSET_RATIO":45.4301310738,"OPERATE_PROFIT":8385408.1,"PRETAX_PROFIT":239714.8,"NETCASH_OPERATE":-9693697.72,"NETCASH_INVEST":-4673516.62,"NETCASH_FINANCE":-5735637.58,"END_CASH":56890775.9,"DIVI_RATIO":null,"DIVIDEND_RATE":null,"CURRENT_RATIO":0.495636558688,"COMMON_ACS":2000000000,"CURRENTDEBT_DEBT":61.241191374617,"ISSUED_COMMON_SHARES":1725066689,"HK_COMMON_SHARES":1725066689,"PER_SHARES":4000,"TOTAL_MARKET_CAP":1138544014.74,"HKSK_MARKET_CAP":1138544014.74,"PE_TTM":64.47386685203,"PB_TTM":1.500087636436,"REPORT_DATE_SQ":"2022-06-30 00:00:00","REPORT_TYPE_SQ":"2022年中报","OPERATE_INCOME_SQ":111109705.56,"DPS_HKD":null,"OPERATE_INCOME_QOQ_SQ":4.528449560568,"NET_PROFIT_RATIO_SQ":17.5117761153,"HOLDER_PROFIT_SQ":20217546.79,"HOLDER_PROFIT_QOQ_SQ":38.311495485552,"ROE_AVG_SQ":2.884422398715,"PE_TTM_SQ":-731.908082545669,"PB_TTM_SQ":1.678171129114,"ROA_SQ":1.356184807357,"START_DATE":"2023-01-01 00:00:00","FISCAL_YEAR":"12-31","CURRENCY":"HKD","IS_CNY_CODE":0,"DPS_HKD_LY":null,"ORG_TYPE":"一般企业","PREMIUM_INCOME":null,"PREMIUM_INCOME_YOY":null,"NET_INTEREST_INCOME":null,"NET_INTEREST_INCOME_YOY":null,"FEE_COMMISSION_INCOME":null,"FEE_COMMISSION_INCOME_YOY":null,"ACCOUNTS_RECE_TDAYS":1.747990605672,"INVENTORY_TDAYS":7.749526130517,"CURRENT_ASSETS_TDAYS":0.904578018056,"TOTAL_ASSETS_TDAYS":0.119095485556,"PREMIUM_EXPENSE":null,"LOAN_DEPOSIT":null,"LOAN_EQUITY":null,"LOAN_ASSETS":null,"DEPOSIT_EQUITY":null,"DEPOSIT_ASSETS":null,"EQUITY_MULTIPLIER":1.832513106001,"EQUITY_RATIO":0.94601686213},{"SECUCODE":"01719.HK","SECURITY_CODE":"01719","SECURITY_NAME_ABBR":"中国通商集团","ORG_CODE":"10010792","STD_REPORT_DATE":"2022-12-31 00:00:00","REPORT_DATE":"2022-12-31 00:00:00","DATE_TYPE_CODE":"001","REPORT_TYPE":"2022年年报","PER_NETCASH_OPERATE":0.008455444606,"PER_OI":0.165460866684,"BPS":0.402108198659,"BASIC_EPS":0.01071924,"DILUTED_EPS":0.01071924,"OPERATE_INCOME":285431029.45,"OPERATE_INCOME_YOY":29.0159122384,"GROSS_PROFIT":76259353.17,"GROSS_PROFIT_YOY":71.699285747428,"HOLDER_PROFIT":18557684.25,"HOLDER_PROFIT_YOY":-25.9094151213,"GROSS_PROFIT_RATIO":26.71726101992,"EPS_TTM":0.010757661932,"OPERATE_INCOME_QOQ":34.849901861912,"NET_PROFIT_RATIO":6.5448229458,"ROE_AVG":2.586395249747,"GROSS_PROFIT_QOQ":49.420724384461,"ROA":1.266783355046,"HOLDER_PROFIT_QOQ":-41.474300658053,"ROE_YEARLY":2.586395249747,"ROIC_YEARLY":1.414093560922,"TOTAL_ASSETS":1425662493.08,"TOTAL_LIABILITIES":638186032.26,"TAX_EBT":38.011678572487,"OCF_SALES":5.110238315052,"TOTAL_PARENT_EQUITY":693663458.88,"DEBT_ASSET_RATIO":44.7641735234,"OPERATE_PROFIT":48563516.82,"PRETAX_PROFIT":30136249.99,"NETCASH_OPERATE":14586205.83,"NETCASH_INVEST":6250210.19,"NETCASH_FINANCE":31834356.26,"END_CASH":77087414.46,"DIVI_RATIO":null,"DIVIDEND_RATE":null,"CURRENT_RATIO":0.456133686081,"COMMON_ACS":2000000000,"CURRENTDEBT_DEBT":61.530461705564,"ISSUED_COMMON_SHARES":1725066689,"HK_COMMON_SHARES":1725066689,"PER_SHARES":4000,"TOTAL_MARKET_CAP":1138544014.74,"HKSK_MARKET_CAP":1138544014.74,"PE_TTM":64.47386685203,"PB_TTM":1.500087636436,"REPORT_DATE_SQ":"2021-12-31 00:00:00","REPORT_TYPE_SQ":"2021年年报","OPERATE_INCOME_SQ":202495809.6,"DPS_HKD":null,"OPERATE_INCOME_QOQ_SQ":-50.189009714062,"NET_PROFIT_RATIO_SQ":10.1667130992,"HOLDER_PROFIT_SQ":22925504,"HOLDER_PROFIT_QOQ_SQ":-43.595346514918,"ROE_AVG_SQ":3.510559849161,"PE_TTM_SQ":-731.908082545669,"PB_TTM_SQ":1.678171129114,"ROA_SQ":1.577859102922,"START_DATE":"2022-01-01 00:00:00","FISCAL_YEAR":"12-31","CURRENCY":"HKD","IS_CNY_CODE":0,"DPS_HKD_LY":null,"ORG_TYPE":"一般企业","PREMIUM_INCOME":null,"PREMIUM_INCOME_YOY":null,"NET_INTEREST_INCOME":null,"NET_INTEREST_INCOME_YOY":null,"FEE_COMMISSION_INCOME":null,"FEE_COMMISSION_INCOME_YOY":null,"ACCOUNTS_RECE_TDAYS":3.231249178372,"INVENTORY_TDAYS":32.686208821887,"CURRENT_ASSETS_TDAYS":1.822805101013,"TOTAL_ASSETS_TDAYS":0.194840731338,"PREMIUM_EXPENSE":null,"LOAN_DEPOSIT":null,"LOAN_EQUITY":null,"LOAN_ASSETS":null,"DEPOSIT_EQUITY":null,"DEPOSIT_ASSETS":null,"EQUITY_MULTIPLIER":1.810419185859,"EQUITY_RATIO":0.920022561503},{"SECUCODE":"01719.HK","SECURITY_CODE":"01719","SECURITY_NAME_ABBR":"中国通商集团","ORG_CODE":"10010792","STD_REPORT_DATE":"2022-06-30 00:00:00","REPORT_DATE":"2022-06-30 00:00:00","DATE_TYPE_CODE":"002","REPORT_TYPE":"2022年中报","PER_NETCASH_OPERATE":0.001856062366,"PER_OI":0.064408933445,"BPS":0.401195019076,"BASIC_EPS":0.011716103,"DILUTED_EPS":0.011716103,"OPERATE_INCOME":111109705.56,"OPERATE_INCOME_YOY":6.0500195899,"GROSS_PROFIT":41185950.4,"GROSS_PROFIT_YOY":19.159307753222,"HOLDER_PROFIT":20217546.79,"HOLDER_PROFIT_YOY":72.034638335,"GROSS_PROFIT_RATIO":37.067824266494,"EPS_TTM":0.01838109079,"OPERATE_INCOME_QOQ":4.528449560568,"NET_PROFIT_RATIO":17.5117761153,"ROE_AVG":2.884422398715,"GROSS_PROFIT_QOQ":14.909954060753,"ROA":1.356184807357,"HOLDER_PROFIT_QOQ":38.311495485552,"ROE_YEARLY":5.768844797431,"ROIC_YEARLY":3.114948120981,"TOTAL_ASSETS":1541429518.79,"TOTAL_LIABILITIES":752949469.93,"TAX_EBT":29.525461528931,"OCF_SALES":2.881684677196,"TOTAL_PARENT_EQUITY":692088163.2,"DEBT_ASSET_RATIO":48.8474796124,"OPERATE_PROFIT":40702768.05,"PRETAX_PROFIT":27608953.96,"NETCASH_OPERATE":3201831.36,"NETCASH_INVEST":-3335241,"NETCASH_FINANCE":137010845.09,"END_CASH":160354966.52,"DIVI_RATIO":null,"DIVIDEND_RATE":null,"CURRENT_RATIO":0.618928353868,"COMMON_ACS":2000000000,"CURRENTDEBT_DEBT":60.222932215114,"ISSUED_COMMON_SHARES":1725066689,"HK_COMMON_SHARES":1725066689,"PER_SHARES":4000,"TOTAL_MARKET_CAP":1138544014.74,"HKSK_MARKET_CAP":1138544014.74,"PE_TTM":64.47386685203,"PB_TTM":1.500087636436,"REPORT_DATE_SQ":"2021-06-30 00:00:00","REPORT_TYPE_SQ":"2021年中报","OPERATE_INCOME_SQ":101939784.96,"DPS_HKD":null,"OPERATE_INCOME_QOQ_SQ":8.898503890427,"NET_PROFIT_RATIO_SQ":9.8096512995,"HOLDER_PROFIT_SQ":11434443.36,"HOLDER_PROFIT_QOQ_SQ":86.745036841672,"ROE_AVG_SQ":1.76331516596,"PE_TTM_SQ":-731.908082545669,"PB_TTM_SQ":1.678171129114,"ROA_SQ":0.778500646957,"START_DATE":"2022-01-01 00:00:00","FISCAL_YEAR":"12-31","CURRENCY":"HKD","IS_CNY_CODE":0,"DPS_HKD_LY":null,"ORG_TYPE":"一般企业","PREMIUM_INCOME":null,"PREMIUM_INCOME_YOY":null,"NET_INTEREST_INCOME":null,"NET_INTEREST_INCOME_YOY":null,"FEE_COMMISSION_INCOME":null,"FEE_COMMISSION_INCOME_YOY":null,"ACCOUNTS_RECE_TDAYS":1.178935524411,"INVENTORY_TDAYS":11.755301559917,"CURRENT_ASSETS_TDAYS":0.543322941431,"TOTAL_ASSETS_TDAYS":0.074531938121,"PREMIUM_EXPENSE":null,"LOAN_DEPOSIT":null,"LOAN_EQUITY":null,"LOAN_ASSETS":null,"DEPOSIT_EQUITY":null,"DEPOSIT_ASSETS":null,"EQUITY_MULTIPLIER":1.954937884629,"EQUITY_RATIO":1.087938661526},{"SECUCODE":"01719.HK","SECURITY_CODE":"01719","SECURITY_NAME_ABBR":"中国通商集团","ORG_CODE":"10010792","STD_REPORT_DATE":"2021-12-31 00:00:00","REPORT_DATE":"2021-12-31 00:00:00","DATE_TYPE_CODE":"001","REPORT_TYPE":"2021年年报","PER_NETCASH_OPERATE":0.008526408917,"PER_OI":0.117384337018,"BPS":0.393351822702,"BASIC_EPS":0.01332688,"DILUTED_EPS":0.01332688,"OPERATE_INCOME":202495809.6,"OPERATE_INCOME_YOY":-40.7289966544,"GROSS_PROFIT":44414484.8,"GROSS_PROFIT_YOY":-41.09419231278,"HOLDER_PROFIT":22925504,"HOLDER_PROFIT_YOY":8.430007734,"GROSS_PROFIT_RATIO":21.933532791486,"EPS_TTM":0.013289633465,"OPERATE_INCOME_QOQ":-50.189009714062,"NET_PROFIT_RATIO":10.1667130992,"ROE_AVG":3.510559849161,"GROSS_PROFIT_QOQ":-38.386860850813,"ROA":1.577859102922,"HOLDER_PROFIT_QOQ":-43.595346514918,"ROE_YEARLY":3.510559849161,"ROIC_YEARLY":1.746571481428,"TOTAL_ASSETS":1376803243.2,"TOTAL_LIABILITIES":600757763.2,"TAX_EBT":18.612206003379,"OCF_SALES":7.263668334201,"TOTAL_PARENT_EQUITY":678558126.4,"DEBT_ASSET_RATIO":43.6342495681,"OPERATE_PROFIT":38277579.2,"PRETAX_PROFIT":18875931.2,"NETCASH_OPERATE":14708624,"NETCASH_INVEST":27508969.6,"NETCASH_FINANCE":-48992227.2,"END_CASH":25449435.2,"DIVI_RATIO":null,"DIVIDEND_RATE":null,"CURRENT_RATIO":0.338853629736,"COMMON_ACS":2000000000,"CURRENTDEBT_DEBT":60.277878336704,"ISSUED_COMMON_SHARES":1725066689,"HK_COMMON_SHARES":1725066689,"PER_SHARES":4000,"TOTAL_MARKET_CAP":1138544014.74,"HKSK_MARKET_CAP":1138544014.74,"PE_TTM":64.47386685203,"PB_TTM":1.500087636436,"REPORT_DATE_SQ":"2020-12-31 00:00:00","REPORT_TYPE_SQ":"2020年年报","OPERATE_INCOME_SQ":351689373.68,"DPS_HKD":null,"OPERATE_INCOME_QOQ_SQ":31.266495439845,"NET_PROFIT_RATIO_SQ":5.0528688987,"HOLDER_PROFIT_SQ":21764810.4,"HOLDER_PROFIT_QOQ_SQ":90.211786610772,"ROE_AVG_SQ":3.541010543612,"PE_TTM_SQ":-731.908082545669,"PB_TTM_SQ":1.678171129114,"ROA_SQ":1.397952696654,"START_DATE":"2021-01-01 00:00:00","FISCAL_YEAR":"12-31","CURRENCY":"HKD","IS_CNY_CODE":0,"DPS_HKD_LY":null,"ORG_TYPE":"一般企业","PREMIUM_INCOME":null,"PREMIUM_INCOME_YOY":null,"NET_INTEREST_INCOME":null,"NET_INTEREST_INCOME_YOY":null,"FEE_COMMISSION_INCOME":null,"FEE_COMMISSION_INCOME_YOY":null,"ACCOUNTS_RECE_TDAYS":2.104945117987,"INVENTORY_TDAYS":28.968162409169,"CURRENT_ASSETS_TDAYS":1.236629901288,"TOTAL_ASSETS_TDAYS":0.139368738188,"PREMIUM_EXPENSE":null,"LOAN_DEPOSIT":null,"LOAN_EQUITY":null,"LOAN_ASSETS":null,"DEPOSIT_EQUITY":null,"DEPOSIT_ASSETS":null,"EQUITY_MULTIPLIER":1.77412700503,"EQUITY_RATIO":0.885344585566},{"SECUCODE":"01719.HK","SECURITY_CODE":"01719","SECURITY_NAME_ABBR":"中国通商集团","ORG_CODE":"10010792","STD_REPORT_DATE":"2021-06-30 00:00:00","REPORT_DATE":"2021-06-30 00:00:00","DATE_TYPE_CODE":"002","REPORT_TYPE":"2021年中报","PER_NETCASH_OPERATE":0.010554225292,"PER_OI":0.059093242951,"BPS":0.38159787702,"BASIC_EPS":0.00665664,"DILUTED_EPS":0.00665664,"OPERATE_INCOME":101939784.96,"OPERATE_INCOME_YOY":62.8434330679,"GROSS_PROFIT":34563771.12,"GROSS_PROFIT_YOY":-10.422977477594,"HOLDER_PROFIT":11434443.36,"HOLDER_PROFIT_YOY":268.5928106981,"GROSS_PROFIT_RATIO":33.906066344521,"EPS_TTM":0.023561235898,"OPERATE_INCOME_QOQ":8.898503890427,"NET_PROFIT_RATIO":9.8096512995,"ROE_AVG":1.76331516596,"GROSS_PROFIT_QOQ":-5.284294384653,"ROA":0.778500646957,"HOLDER_PROFIT_QOQ":86.745036841672,"ROE_YEARLY":3.526630331921,"ROIC_YEARLY":1.725444403637,"TOTAL_ASSETS":1381377612,"TOTAL_LIABILITIES":627536430.24,"TAX_EBT":54.925516578568,"OCF_SALES":17.860291236777,"TOTAL_PARENT_EQUITY":658281786.24,"DEBT_ASSET_RATIO":45.4283046713,"OPERATE_PROFIT":22018500.96,"PRETAX_PROFIT":10389350.88,"NETCASH_OPERATE":18206742.48,"NETCASH_INVEST":35063851.2,"NETCASH_FINANCE":-54917280,"END_CASH":30657155.52,"DIVI_RATIO":null,"DIVIDEND_RATE":null,"CURRENT_RATIO":0.521339738987,"COMMON_ACS":2000000000,"CURRENTDEBT_DEBT":57.434584408455,"ISSUED_COMMON_SHARES":1725066689,"HK_COMMON_SHARES":1725066689,"PER_SHARES":4000,"TOTAL_MARKET_CAP":1138544014.74,"HKSK_MARKET_CAP":1138544014.74,"PE_TTM":64.47386685203,"PB_TTM":1.500087636436,"REPORT_DATE_SQ":"2020-06-30 00:00:00","REPORT_TYPE_SQ":"2020年中报","OPERATE_INCOME_SQ":68720831.52,"DPS_HKD":null,"OPERATE_INCOME_QOQ_SQ":-9.812753729358,"NET_PROFIT_RATIO_SQ":-13.6256695865,"HOLDER_PROFIT_SQ":-7445449.44,"HOLDER_PROFIT_QOQ_SQ":-63.007002483447,"ROE_AVG_SQ":-1.19464279433,"PE_TTM_SQ":-731.908082545669,"PB_TTM_SQ":1.678171129114,"ROA_SQ":-0.458223441128,"START_DATE":"2021-01-01 00:00:00","FISCAL_YEAR":"12-31","CURRENCY":"HKD","IS_CNY_CODE":0,"DPS_HKD_LY":null,"ORG_TYPE":"一般企业","PREMIUM_INCOME":null,"PREMIUM_INCOME_YOY":null,"NET_INTEREST_INCOME":null,"NET_INTEREST_INCOME_YOY":null,"FEE_COMMISSION_INCOME":null,"FEE_COMMISSION_INCOME_YOY":null,"ACCOUNTS_RECE_TDAYS":0.87576443172,"INVENTORY_TDAYS":11.419122831759,"CURRENT_ASSETS_TDAYS":0.514433160683,"TOTAL_ASSETS_TDAYS":0.069404505356,"PREMIUM_EXPENSE":null,"LOAN_DEPOSIT":null,"LOAN_EQUITY":null,"LOAN_ASSETS":null,"DEPOSIT_EQUITY":null,"DEPOSIT_ASSETS":null,"EQUITY_MULTIPLIER":1.832451775553,"EQUITY_RATIO":0.953294536409},{"SECUCODE":"01719.HK","SECURITY_CODE":"01719","SECURITY_NAME_ABBR":"中国通商集团","ORG_CODE":"10010792","STD_REPORT_DATE":"2020-12-31 00:00:00","REPORT_DATE":"2020-12-31 00:00:00","DATE_TYPE_CODE":"001","REPORT_TYPE":"2020年年报","PER_NETCASH_OPERATE":0.0042129162,"PER_OI":0.203870016112,"BPS":0.374467508067,"BASIC_EPS":0.0126246,"DILUTED_EPS":0.0126246,"OPERATE_INCOME":351689373.68,"OPERATE_INCOME_YOY":26.0010056218,"GROSS_PROFIT":75399161.04,"GROSS_PROFIT_YOY":-19.50239423853,"HOLDER_PROFIT":21764810.4,"HOLDER_PROFIT_YOY":-25.1086012163,"GROSS_PROFIT_RATIO":20.38732950062,"EPS_TTM":0.012616793622,"OPERATE_INCOME_QOQ":31.266495439845,"NET_PROFIT_RATIO":5.0528688987,"ROE_AVG":3.541010543612,"GROSS_PROFIT_QOQ":-19.299186472778,"ROA":1.397952696654,"HOLDER_PROFIT_QOQ":90.211786610772,"ROE_YEARLY":3.541010543612,"ROIC_YEARLY":1.584482123721,"TOTAL_ASSETS":1574057010.64,"TOTAL_LIABILITIES":797808230.44,"TAX_EBT":37.481762101006,"OCF_SALES":1.946792920753,"TOTAL_PARENT_EQUITY":645981424.28,"DEBT_ASSET_RATIO":50.6848370197,"OPERATE_PROFIT":62091991,"PRETAX_PROFIT":32880349.88,"NETCASH_OPERATE":7267561.4,"NETCASH_INVEST":-2799294.64,"NETCASH_FINANCE":-53202589.32,"END_CASH":32133815.2,"DIVI_RATIO":null,"DIVIDEND_RATE":null,"CURRENT_RATIO":0.394682230665,"COMMON_ACS":2000000000,"CURRENTDEBT_DEBT":66.949355484265,"ISSUED_COMMON_SHARES":1725066689,"HK_COMMON_SHARES":1725066689,"PER_SHARES":4000,"TOTAL_MARKET_CAP":1138544014.74,"HKSK_MARKET_CAP":1138544014.74,"PE_TTM":64.47386685203,"PB_TTM":1.500087636436,"REPORT_DATE_SQ":"2019-12-31 00:00:00","REPORT_TYPE_SQ":"2019年年报","OPERATE_INCOME_SQ":315333371.38,"DPS_HKD":null,"OPERATE_INCOME_QOQ_SQ":41.185776615722,"NET_PROFIT_RATIO_SQ":10.6505009644,"HOLDER_PROFIT_SQ":30931283.4,"HOLDER_PROFIT_QOQ_SQ":-44.394513480519,"ROE_AVG_SQ":5.215303055476,"PE_TTM_SQ":-731.908082545669,"PB_TTM_SQ":1.678171129114,"ROA_SQ":2.037543193791,"START_DATE":"2020-01-01 00:00:00","FISCAL_YEAR":"12-31","CURRENCY":"HKD","IS_CNY_CODE":0,"DPS_HKD_LY":null,"ORG_TYPE":"一般企业","PREMIUM_INCOME":null,"PREMIUM_INCOME_YOY":null,"NET_INTEREST_INCOME":null,"NET_INTEREST_INCOME_YOY":null,"FEE_COMMISSION_INCOME":null,"FEE_COMMISSION_INCOME_YOY":null,"ACCOUNTS_RECE_TDAYS":3.581080849459,"INVENTORY_TDAYS":58.907665359913,"CURRENT_ASSETS_TDAYS":1.475762460636,"TOTAL_ASSETS_TDAYS":0.239776457309,"PREMIUM_EXPENSE":null,"LOAN_DEPOSIT":null,"LOAN_EQUITY":null,"LOAN_ASSETS":null,"DEPOSIT_EQUITY":null,"DEPOSIT_ASSETS":null,"EQUITY_MULTIPLIER":2.027773892584,"EQUITY_RATIO":1.235032774091},{"SECUCODE":"01719.HK","SECURITY_CODE":"01719","SECURITY_NAME_ABBR":"中国通商集团","ORG_CODE":"10010792","STD_REPORT_DATE":"2020-06-30 00:00:00","REPORT_DATE":"2020-06-30 00:00:00","DATE_TYPE_CODE":"002","REPORT_TYPE":"2020年中报","PER_NETCASH_OPERATE":-0.010635737132,"PER_OI":0.039836623105,"BPS":0.355576001364,"BASIC_EPS":-0.004293168,"DILUTED_EPS":-0.004293168,"OPERATE_INCOME":68720831.52,"OPERATE_INCOME_YOY":-33.5972391393,"GROSS_PROFIT":38585532.48,"GROSS_PROFIT_YOY":1.692733133937,"HOLDER_PROFIT":-7445449.44,"HOLDER_PROFIT_YOY":-159.5354612519,"GROSS_PROFIT_RATIO":56.148232823362,"EPS_TTM":0.006633024087,"OPERATE_INCOME_QOQ":-9.812753729358,"NET_PROFIT_RATIO":-13.6256695865,"ROE_AVG":-1.19464279433,"GROSS_PROFIT_QOQ":0.685708484551,"ROA":-0.458223441128,"HOLDER_PROFIT_QOQ":-63.007002483447,"ROE_YEARLY":-2.389285588659,"ROIC_YEARLY":-1.043746166464,"TOTAL_ASSETS":1578591479.52,"TOTAL_LIABILITIES":833118480.48,"TAX_EBT":-11.380994115438,"OCF_SALES":-26.698390334029,"TOTAL_PARENT_EQUITY":613392315.36,"DEBT_ASSET_RATIO":52.7760659606,"OPERATE_PROFIT":1795823.04,"PRETAX_PROFIT":-7295645.28,"NETCASH_OPERATE":-18347355.84,"NETCASH_INVEST":-8868588.96,"NETCASH_FINANCE":-14197597.92,"END_CASH":42683224.32,"DIVI_RATIO":null,"DIVIDEND_RATE":null,"CURRENT_RATIO":0.491649473642,"COMMON_ACS":2000000000,"CURRENTDEBT_DEBT":63.292389703827,"ISSUED_COMMON_SHARES":1725066689,"HK_COMMON_SHARES":1725066689,"PER_SHARES":4000,"TOTAL_MARKET_CAP":1138544014.74,"HKSK_MARKET_CAP":1138544014.74,"PE_TTM":64.47386685203,"PB_TTM":1.500087636436,"REPORT_DATE_SQ":"2019-06-30 00:00:00","REPORT_TYPE_SQ":"2019年中报","OPERATE_INCOME_SQ":99663718.68,"DPS_HKD":null,"OPERATE_INCOME_QOQ_SQ":-2.895767896613,"NET_PROFIT_RATIO_SQ":12.3965118537,"HOLDER_PROFIT_SQ":12043425.06,"HOLDER_PROFIT_QOQ_SQ":-10.908284232987,"ROE_AVG_SQ":2.149820050122,"PE_TTM_SQ":-731.908082545669,"PB_TTM_SQ":1.678171129114,"ROA_SQ":0.874443213884,"START_DATE":"2020-01-01 00:00:00","FISCAL_YEAR":"12-31","CURRENCY":"HKD","IS_CNY_CODE":0,"DPS_HKD_LY":null,"ORG_TYPE":"一般企业","PREMIUM_INCOME":null,"PREMIUM_INCOME_YOY":null,"NET_INTEREST_INCOME":null,"NET_INTEREST_INCOME_YOY":null,"FEE_COMMISSION_INCOME":null,"FEE_COMMISSION_INCOME_YOY":null,"ACCOUNTS_RECE_TDAYS":0.753596041349,"INVENTORY_TDAYS":5.81390430875,"CURRENT_ASSETS_TDAYS":0.237159370858,"TOTAL_ASSETS_TDAYS":0.042293613233,"PREMIUM_EXPENSE":null,"LOAN_DEPOSIT":null,"LOAN_EQUITY":null,"LOAN_ASSETS":null,"DEPOSIT_EQUITY":null,"DEPOSIT_ASSETS":null,"EQUITY_MULTIPLIER":2.117570296379,"EQUITY_RATIO":1.358214734058}],"count":64},"success":true,"message":"ok","code":0}