{"version":"311ab8e8962087fe8e7eb4e132310974","result":{"pages":3,"data":[{"SECUCODE":"01713.HK","SECURITY_CODE":"01713","SECURITY_NAME_ABBR":"四川能投发展","ORG_CODE":"10991705","STD_REPORT_DATE":"2024-06-30 00:00:00","REPORT_DATE":"2024-06-30 00:00:00","DATE_TYPE_CODE":"002","REPORT_TYPE":"2024年中报","PER_NETCASH_OPERATE":0.042580150317,"PER_OI":2.107853477217,"BPS":3.12233445723,"BASIC_EPS":0.13,"DILUTED_EPS":0.13,"OPERATE_INCOME":2264588613.72,"OPERATE_INCOME_YOY":23.5194647807,"GROSS_PROFIT":298455434.33,"GROSS_PROFIT_YOY":24.012977345275,"HOLDER_PROFIT":137799706.39,"HOLDER_PROFIT_YOY":7.3514819745,"GROSS_PROFIT_RATIO":13.179234079065,"EPS_TTM":0.324320533469,"OPERATE_INCOME_QOQ":10.364966860079,"NET_PROFIT_RATIO":6.0831630344,"ROE_AVG":4.107417492371,"GROSS_PROFIT_QOQ":8.550416610384,"ROA":2.145813855916,"HOLDER_PROFIT_QOQ":2.783657942365,"ROE_YEARLY":8.214834984742,"ROIC_YEARLY":4.706997178817,"TOTAL_ASSETS":6518748973.8,"TOTAL_LIABILITIES":3115742602.81,"TAX_EBT":19.369322887712,"OCF_SALES":2.020071640511,"TOTAL_PARENT_EQUITY":3354504066.1,"DEBT_ASSET_RATIO":47.7966342213,"OPERATE_PROFIT":177475417.87,"PRETAX_PROFIT":170851371.17,"NETCASH_OPERATE":45746312.36,"NETCASH_INVEST":-210539096.76,"NETCASH_FINANCE":184553776.56,"END_CASH":510073921.3,"DIVI_RATIO":0.400326609023,"DIVIDEND_RATE":6.572018348624,"CURRENT_RATIO":0.862996298109,"COMMON_ACS":null,"CURRENTDEBT_DEBT":64.173876763976,"ISSUED_COMMON_SHARES":1074357700,"HK_COMMON_SHARES":787396758,"PER_SHARES":2000,"TOTAL_MARKET_CAP":2342099786,"HKSK_MARKET_CAP":1716524932.44,"PE_TTM":6.070146425737,"PB_TTM":0.637229107661,"REPORT_DATE_SQ":"2023-06-30 00:00:00","REPORT_TYPE_SQ":"2023年中报","OPERATE_INCOME_SQ":1833386031.7,"DPS_HKD":0.14327,"OPERATE_INCOME_QOQ_SQ":9.995366782246,"NET_PROFIT_RATIO_SQ":7.0417013454,"HOLDER_PROFIT_SQ":128363115.12,"HOLDER_PROFIT_QOQ_SQ":-0.447947736723,"ROE_AVG_SQ":4.080749747032,"PE_TTM_SQ":5.619610236245,"PB_TTM_SQ":0.535631486328,"ROA_SQ":2.400648482751,"START_DATE":"2024-01-01 00:00:00","FISCAL_YEAR":"12-31","CURRENCY":"HKD","IS_CNY_CODE":0,"DPS_HKD_LY":0.14327,"ORG_TYPE":"一般企业","PREMIUM_INCOME":null,"PREMIUM_INCOME_YOY":null,"NET_INTEREST_INCOME":null,"NET_INTEREST_INCOME_YOY":null,"FEE_COMMISSION_INCOME":null,"FEE_COMMISSION_INCOME_YOY":null,"ACCOUNTS_RECE_TDAYS":3.108401284647,"INVENTORY_TDAYS":23.273731805971,"CURRENT_ASSETS_TDAYS":1.377255250622,"TOTAL_ASSETS_TDAYS":0.352641217646,"PREMIUM_EXPENSE":null,"LOAN_DEPOSIT":null,"LOAN_EQUITY":null,"LOAN_ASSETS":null,"DEPOSIT_EQUITY":null,"DEPOSIT_ASSETS":null,"EQUITY_MULTIPLIER":1.915585298157,"EQUITY_RATIO":0.928823617863},{"SECUCODE":"01713.HK","SECURITY_CODE":"01713","SECURITY_NAME_ABBR":"四川能投发展","ORG_CODE":"10991705","STD_REPORT_DATE":"2023-12-31 00:00:00","REPORT_DATE":"2023-12-31 00:00:00","DATE_TYPE_CODE":"001","REPORT_TYPE":"2023年年报","PER_NETCASH_OPERATE":0.579227609585,"PER_OI":3.872260214591,"BPS":3.123069567175,"BASIC_EPS":0.32,"DILUTED_EPS":0.32,"OPERATE_INCOME":4160192577.95,"OPERATE_INCOME_YOY":25.5620547567,"GROSS_PROFIT":675882329.17,"GROSS_PROFIT_YOY":18.091083525895,"HOLDER_PROFIT":338999671.13,"HOLDER_PROFIT_YOY":12.4594721338,"GROSS_PROFIT_RATIO":16.246419282423,"EPS_TTM":0.315537061009,"OPERATE_INCOME_QOQ":14.152130612301,"NET_PROFIT_RATIO":8.2207770237,"ROE_AVG":10.426493020496,"GROSS_PROFIT_QOQ":21.21697309284,"ROA":5.90960015252,"HOLDER_PROFIT_QOQ":12.965498527688,"ROE_YEARLY":10.426493020496,"ROIC_YEARLY":6.702181527769,"TOTAL_ASSETS":6324835385.59,"TOTAL_LIABILITIES":2920998154.61,"TAX_EBT":16.420275214775,"OCF_SALES":14.958385477353,"TOTAL_PARENT_EQUITY":3355293837.13,"DEBT_ASSET_RATIO":46.1829909639,"OPERATE_PROFIT":422499818.37,"PRETAX_PROFIT":409190334.7,"NETCASH_OPERATE":622297642.41,"NETCASH_INVEST":-1194580051.83,"NETCASH_FINANCE":304530952.24,"END_CASH":490239048.63,"DIVI_RATIO":0.411470332471,"DIVIDEND_RATE":6.790047393365,"CURRENT_RATIO":0.819594858938,"COMMON_ACS":null,"CURRENTDEBT_DEBT":65.287195113775,"ISSUED_COMMON_SHARES":1074357700,"HK_COMMON_SHARES":787396758,"PER_SHARES":2000,"TOTAL_MARKET_CAP":2266894747,"HKSK_MARKET_CAP":1661407159.38,"PE_TTM":5.875233467112,"PB_TTM":0.616767622553,"REPORT_DATE_SQ":"2022-12-31 00:00:00","REPORT_TYPE_SQ":"2022年年报","OPERATE_INCOME_SQ":3313256211.05,"DPS_HKD":0.14327,"OPERATE_INCOME_QOQ_SQ":6.658246929943,"NET_PROFIT_RATIO_SQ":9.1314608493,"HOLDER_PROFIT_SQ":301441634.66,"HOLDER_PROFIT_QOQ_SQ":15.461263765625,"ROE_AVG_SQ":9.839738187999,"PE_TTM_SQ":5.123762274224,"PB_TTM_SQ":0.488369884593,"ROA_SQ":6.164788397432,"START_DATE":"2023-01-01 00:00:00","FISCAL_YEAR":"12-31","CURRENCY":"HKD","IS_CNY_CODE":0,"DPS_HKD_LY":0.13716,"ORG_TYPE":"一般企业","PREMIUM_INCOME":null,"PREMIUM_INCOME_YOY":null,"NET_INTEREST_INCOME":null,"NET_INTEREST_INCOME_YOY":null,"FEE_COMMISSION_INCOME":null,"FEE_COMMISSION_INCOME_YOY":null,"ACCOUNTS_RECE_TDAYS":7.865095828508,"INVENTORY_TDAYS":37.867469578483,"CURRENT_ASSETS_TDAYS":2.834085213555,"TOTAL_ASSETS_TDAYS":0.725224145829,"PREMIUM_EXPENSE":null,"LOAN_DEPOSIT":null,"LOAN_EQUITY":null,"LOAN_ASSETS":null,"DEPOSIT_EQUITY":null,"DEPOSIT_ASSETS":null,"EQUITY_MULTIPLIER":1.858148600063,"EQUITY_RATIO":0.870564038918},{"SECUCODE":"01713.HK","SECURITY_CODE":"01713","SECURITY_NAME_ABBR":"四川能投发展","ORG_CODE":"10991705","STD_REPORT_DATE":"2023-06-30 00:00:00","REPORT_DATE":"2023-06-30 00:00:00","DATE_TYPE_CODE":"002","REPORT_TYPE":"2023年中报","PER_NETCASH_OPERATE":0.038393176705,"PER_OI":1.706494989239,"BPS":2.926202137119,"BASIC_EPS":0.12,"DILUTED_EPS":0.12,"OPERATE_INCOME":1833386031.7,"OPERATE_INCOME_YOY":22.0456025675,"GROSS_PROFIT":240664679.39,"GROSS_PROFIT_YOY":-5.778333517329,"HOLDER_PROFIT":128363115.12,"HOLDER_PROFIT_YOY":-1.0409879106,"GROSS_PROFIT_RATIO":13.126787006599,"EPS_TTM":0.279321620425,"OPERATE_INCOME_QOQ":9.995366782246,"NET_PROFIT_RATIO":7.0417013454,"ROE_AVG":4.080749747032,"GROSS_PROFIT_QOQ":-2.578755670257,"ROA":2.400648482751,"HOLDER_PROFIT_QOQ":-0.447947736723,"ROE_YEARLY":8.161499494065,"ROIC_YEARLY":5.565756875681,"TOTAL_ASSETS":5546025807.71,"TOTAL_LIABILITIES":2364063001.98,"TAX_EBT":17.942228793941,"OCF_SALES":2.249826512628,"TOTAL_PARENT_EQUITY":3143787797.77,"DEBT_ASSET_RATIO":42.6262531756,"OPERATE_PROFIT":159723895.37,"PRETAX_PROFIT":157330094.35,"NETCASH_OPERATE":41248005.02,"NETCASH_INVEST":-544119102.31,"NETCASH_FINANCE":355501341.65,"END_CASH":622717390.18,"DIVI_RATIO":0.464819512369,"DIVIDEND_RATE":6.790047393365,"CURRENT_RATIO":0.935540114284,"COMMON_ACS":null,"CURRENTDEBT_DEBT":61.897234776926,"ISSUED_COMMON_SHARES":1074357700,"HK_COMMON_SHARES":787396758,"PER_SHARES":2000,"TOTAL_MARKET_CAP":2266894747,"HKSK_MARKET_CAP":1661407159.38,"PE_TTM":5.875233467112,"PB_TTM":0.616767622553,"REPORT_DATE_SQ":"2022-06-30 00:00:00","REPORT_TYPE_SQ":"2022年中报","OPERATE_INCOME_SQ":1502213920.97,"DPS_HKD":0.14327,"OPERATE_INCOME_QOQ_SQ":-2.057295926362,"NET_PROFIT_RATIO_SQ":8.6366377657,"HOLDER_PROFIT_SQ":129713416.1,"HOLDER_PROFIT_QOQ_SQ":-3.146526221495,"ROE_AVG_SQ":4.353245732357,"PE_TTM_SQ":5.123762274224,"PB_TTM_SQ":0.488369884593,"ROA_SQ":2.748484103175,"START_DATE":"2023-01-01 00:00:00","FISCAL_YEAR":"12-31","CURRENCY":"HKD","IS_CNY_CODE":0,"DPS_HKD_LY":0.13716,"ORG_TYPE":"一般企业","PREMIUM_INCOME":null,"PREMIUM_INCOME_YOY":null,"NET_INTEREST_INCOME":null,"NET_INTEREST_INCOME_YOY":null,"FEE_COMMISSION_INCOME":null,"FEE_COMMISSION_INCOME_YOY":null,"ACCOUNTS_RECE_TDAYS":5.621001251235,"INVENTORY_TDAYS":17.509037040297,"CURRENT_ASSETS_TDAYS":1.337361742111,"TOTAL_ASSETS_TDAYS":0.34288007043,"PREMIUM_EXPENSE":null,"LOAN_DEPOSIT":null,"LOAN_EQUITY":null,"LOAN_ASSETS":null,"DEPOSIT_EQUITY":null,"DEPOSIT_ASSETS":null,"EQUITY_MULTIPLIER":1.742957459377,"EQUITY_RATIO":0.751979190089},{"SECUCODE":"01713.HK","SECURITY_CODE":"01713","SECURITY_NAME_ABBR":"四川能投发展","ORG_CODE":"10991705","STD_REPORT_DATE":"2022-12-31 00:00:00","REPORT_DATE":"2022-12-31 00:00:00","DATE_TYPE_CODE":"001","REPORT_TYPE":"2022年年报","PER_NETCASH_OPERATE":0.52250269199,"PER_OI":3.083941420115,"BPS":2.92953240337,"BASIC_EPS":0.28,"DILUTED_EPS":0.28,"OPERATE_INCOME":3313256211.05,"OPERATE_INCOME_YOY":4.4639711607,"GROSS_PROFIT":572339849.03,"GROSS_PROFIT_YOY":3.696652556348,"HOLDER_PROFIT":301441634.66,"HOLDER_PROFIT_YOY":11.8282448256,"GROSS_PROFIT_RATIO":17.274240583061,"EPS_TTM":0.28057846531,"OPERATE_INCOME_QOQ":6.658246929943,"NET_PROFIT_RATIO":9.1314608493,"ROE_AVG":9.839738187999,"GROSS_PROFIT_QOQ":3.224628016414,"ROA":6.164788397432,"HOLDER_PROFIT_QOQ":15.461263765625,"ROE_YEARLY":9.839738187999,"ROIC_YEARLY":7.206946449209,"TOTAL_ASSETS":5148010911.31,"TOTAL_LIABILITIES":1962792662.13,"TAX_EBT":16.318049493217,"OCF_SALES":16.942691861192,"TOTAL_PARENT_EQUITY":3147365694.96,"DEBT_ASSET_RATIO":38.1272047776,"OPERATE_PROFIT":370103672.94,"PRETAX_PROFIT":361545939.02,"NETCASH_OPERATE":561354790.41,"NETCASH_INVEST":-541477835,"NETCASH_FINANCE":153719236.59,"END_CASH":757887345.82,"DIVI_RATIO":0.462737363883,"DIVIDEND_RATE":6.790047393365,"CURRENT_RATIO":0.908210883783,"COMMON_ACS":null,"CURRENTDEBT_DEBT":77.011458470079,"ISSUED_COMMON_SHARES":1074357700,"HK_COMMON_SHARES":787396758,"PER_SHARES":2000,"TOTAL_MARKET_CAP":2266894747,"HKSK_MARKET_CAP":1661407159.38,"PE_TTM":5.875233467112,"PB_TTM":0.616767622553,"REPORT_DATE_SQ":"2021-12-31 00:00:00","REPORT_TYPE_SQ":"2021年年报","OPERATE_INCOME_SQ":3171673615.54,"DPS_HKD":0.14327,"OPERATE_INCOME_QOQ_SQ":0.42353887364,"NET_PROFIT_RATIO_SQ":8.5417712385,"HOLDER_PROFIT_SQ":269557691.02,"HOLDER_PROFIT_QOQ_SQ":-1.170053411745,"ROE_AVG_SQ":9.264360984233,"PE_TTM_SQ":5.123762274224,"PB_TTM_SQ":0.488369884593,"ROA_SQ":5.909363512339,"START_DATE":"2022-01-01 00:00:00","FISCAL_YEAR":"12-31","CURRENCY":"HKD","IS_CNY_CODE":0,"DPS_HKD_LY":0.14773,"ORG_TYPE":"一般企业","PREMIUM_INCOME":null,"PREMIUM_INCOME_YOY":null,"NET_INTEREST_INCOME":null,"NET_INTEREST_INCOME_YOY":null,"FEE_COMMISSION_INCOME":null,"FEE_COMMISSION_INCOME_YOY":null,"ACCOUNTS_RECE_TDAYS":8.967023496395,"INVENTORY_TDAYS":34.657315705132,"CURRENT_ASSETS_TDAYS":2.606154245718,"TOTAL_ASSETS_TDAYS":0.677594635215,"PREMIUM_EXPENSE":null,"LOAN_DEPOSIT":null,"LOAN_EQUITY":null,"LOAN_ASSETS":null,"DEPOSIT_EQUITY":null,"DEPOSIT_ASSETS":null,"EQUITY_MULTIPLIER":1.616219206528,"EQUITY_RATIO":0.62363031575},{"SECUCODE":"01713.HK","SECURITY_CODE":"01713","SECURITY_NAME_ABBR":"四川能投发展","ORG_CODE":"10991705","STD_REPORT_DATE":"2022-06-30 00:00:00","REPORT_DATE":"2022-06-30 00:00:00","DATE_TYPE_CODE":"002","REPORT_TYPE":"2022年中报","PER_NETCASH_OPERATE":0.009027494353,"PER_OI":1.398243732949,"BPS":2.773497907997,"BASIC_EPS":0.12,"DILUTED_EPS":0.12,"OPERATE_INCOME":1502213920.97,"OPERATE_INCOME_YOY":-4.1628187784,"GROSS_PROFIT":255423925.7,"GROSS_PROFIT_YOY":0.997979473354,"HOLDER_PROFIT":129713416.1,"HOLDER_PROFIT_YOY":-6.1374840579,"GROSS_PROFIT_RATIO":17.003165936252,"EPS_TTM":0.243006577409,"OPERATE_INCOME_QOQ":-2.057295926362,"NET_PROFIT_RATIO":8.6366377657,"ROE_AVG":4.353245732357,"GROSS_PROFIT_QOQ":0.4572789934,"ROA":2.748484103175,"HOLDER_PROFIT_QOQ":-3.146526221495,"ROE_YEARLY":8.706491464715,"ROIC_YEARLY":6.231323094204,"TOTAL_ASSETS":4807452839.06,"TOTAL_LIABILITIES":1811977032.79,"TAX_EBT":18.349805330591,"OCF_SALES":0.645630954061,"TOTAL_PARENT_EQUITY":2979728833.39,"DEBT_ASSET_RATIO":37.690999651,"OPERATE_PROFIT":163424911.38,"PRETAX_PROFIT":158898304.34,"NETCASH_OPERATE":9698758.07,"NETCASH_INVEST":-269728310.99,"NETCASH_FINANCE":156454570.02,"END_CASH":480401801.49,"DIVI_RATIO":0.534282408255,"DIVIDEND_RATE":6.790047393365,"CURRENT_RATIO":0.941621835904,"COMMON_ACS":null,"CURRENTDEBT_DEBT":80.010443651579,"ISSUED_COMMON_SHARES":1074357700,"HK_COMMON_SHARES":787396758,"PER_SHARES":2000,"TOTAL_MARKET_CAP":2266894747,"HKSK_MARKET_CAP":1661407159.38,"PE_TTM":5.875233467112,"PB_TTM":0.616767622553,"REPORT_DATE_SQ":"2021-06-30 00:00:00","REPORT_TYPE_SQ":"2021年中报","OPERATE_INCOME_SQ":1567464633.06,"DPS_HKD":0.14327,"OPERATE_INCOME_QOQ_SQ":4.569467924561,"NET_PROFIT_RATIO_SQ":8.8562105055,"HOLDER_PROFIT_SQ":138195119.53,"HOLDER_PROFIT_QOQ_SQ":1.340184735196,"ROE_AVG_SQ":4.855488661202,"PE_TTM_SQ":5.123762274224,"PB_TTM_SQ":0.488369884593,"ROA_SQ":3.110662327188,"START_DATE":"2022-01-01 00:00:00","FISCAL_YEAR":"12-31","CURRENCY":"HKD","IS_CNY_CODE":0,"DPS_HKD_LY":0.14773,"ORG_TYPE":"一般企业","PREMIUM_INCOME":null,"PREMIUM_INCOME_YOY":null,"NET_INTEREST_INCOME":null,"NET_INTEREST_INCOME_YOY":null,"FEE_COMMISSION_INCOME":null,"FEE_COMMISSION_INCOME_YOY":null,"ACCOUNTS_RECE_TDAYS":3.820397131674,"INVENTORY_TDAYS":16.570434047049,"CURRENT_ASSETS_TDAYS":1.185203437534,"TOTAL_ASSETS_TDAYS":0.318302547685,"PREMIUM_EXPENSE":null,"LOAN_DEPOSIT":null,"LOAN_EQUITY":null,"LOAN_ASSETS":null,"DEPOSIT_EQUITY":null,"DEPOSIT_ASSETS":null,"EQUITY_MULTIPLIER":1.604904579433,"EQUITY_RATIO":0.608101318645},{"SECUCODE":"01713.HK","SECURITY_CODE":"01713","SECURITY_NAME_ABBR":"四川能投发展","ORG_CODE":"10991705","STD_REPORT_DATE":"2021-12-31 00:00:00","REPORT_DATE":"2021-12-31 00:00:00","DATE_TYPE_CODE":"001","REPORT_TYPE":"2021年年报","PER_NETCASH_OPERATE":0.386922004115,"PER_OI":2.95215794101,"BPS":2.773433670508,"BASIC_EPS":0.25,"DILUTED_EPS":0.25,"OPERATE_INCOME":3171673615.54,"OPERATE_INCOME_YOY":4.8381715609,"GROSS_PROFIT":551936668.08,"GROSS_PROFIT_YOY":0.810658120694,"HOLDER_PROFIT":269557691.02,"HOLDER_PROFIT_YOY":5.2844830917,"GROSS_PROFIT_RATIO":17.4020638623,"EPS_TTM":0.250901251064,"OPERATE_INCOME_QOQ":0.42353887364,"NET_PROFIT_RATIO":8.5417712385,"ROE_AVG":9.264360984233,"GROSS_PROFIT_QOQ":0.745578747545,"ROA":5.909363512339,"HOLDER_PROFIT_QOQ":-1.170053411745,"ROE_YEARLY":9.264360984233,"ROIC_YEARLY":6.737800379344,"TOTAL_ASSETS":4631453207.38,"TOTAL_LIABILITIES":1635553773.87,"TAX_EBT":15.653383836028,"OCF_SALES":13.10641272744,"TOTAL_PARENT_EQUITY":2979659819.35,"DEBT_ASSET_RATIO":35.3140515652,"OPERATE_PROFIT":328519047.49,"PRETAX_PROFIT":321194989.19,"NETCASH_OPERATE":415692634.42,"NETCASH_INVEST":-143444582.87,"NETCASH_FINANCE":-188532082.82,"END_CASH":583976784.39,"DIVI_RATIO":0.517471072183,"DIVIDEND_RATE":6.790047393365,"CURRENT_RATIO":0.816466167691,"COMMON_ACS":null,"CURRENTDEBT_DEBT":87.601733223348,"ISSUED_COMMON_SHARES":1074357700,"HK_COMMON_SHARES":787396758,"PER_SHARES":2000,"TOTAL_MARKET_CAP":2266894747,"HKSK_MARKET_CAP":1661407159.38,"PE_TTM":5.875233467112,"PB_TTM":0.616767622553,"REPORT_DATE_SQ":"2020-12-31 00:00:00","REPORT_TYPE_SQ":"2020年年报","OPERATE_INCOME_SQ":3025304207.73,"DPS_HKD":0.14327,"OPERATE_INCOME_QOQ_SQ":9.911235066952,"NET_PROFIT_RATIO_SQ":8.9440205332,"HOLDER_PROFIT_SQ":256027937.93,"HOLDER_PROFIT_QOQ_SQ":24.60335464516,"ROE_AVG_SQ":9.755388548939,"PE_TTM_SQ":5.123762274224,"PB_TTM_SQ":0.488369884593,"ROA_SQ":5.999762588256,"START_DATE":"2021-01-01 00:00:00","FISCAL_YEAR":"12-31","CURRENCY":"HKD","IS_CNY_CODE":0,"DPS_HKD_LY":0.1433,"ORG_TYPE":"一般企业","PREMIUM_INCOME":null,"PREMIUM_INCOME_YOY":null,"NET_INTEREST_INCOME":null,"NET_INTEREST_INCOME_YOY":null,"FEE_COMMISSION_INCOME":null,"FEE_COMMISSION_INCOME_YOY":null,"ACCOUNTS_RECE_TDAYS":8.462123015073,"INVENTORY_TDAYS":38.963933693964,"CURRENT_ASSETS_TDAYS":2.674533866816,"TOTAL_ASSETS_TDAYS":0.695308387077,"PREMIUM_EXPENSE":null,"LOAN_DEPOSIT":null,"LOAN_EQUITY":null,"LOAN_ASSETS":null,"DEPOSIT_EQUITY":null,"DEPOSIT_ASSETS":null,"EQUITY_MULTIPLIER":1.545930799806,"EQUITY_RATIO":0.548906208437},{"SECUCODE":"01713.HK","SECURITY_CODE":"01713","SECURITY_NAME_ABBR":"四川能投发展","ORG_CODE":"10991705","STD_REPORT_DATE":"2021-06-30 00:00:00","REPORT_DATE":"2021-06-30 00:00:00","DATE_TYPE_CODE":"002","REPORT_TYPE":"2021年中报","PER_NETCASH_OPERATE":-0.005419982563,"PER_OI":1.458978358009,"BPS":2.655299068457,"BASIC_EPS":0.13,"DILUTED_EPS":0.13,"OPERATE_INCOME":1567464633.06,"OPERATE_INCOME_YOY":9.6548052613,"GROSS_PROFIT":252900035.26,"GROSS_PROFIT_YOY":2.799877753931,"HOLDER_PROFIT":138195119.53,"HOLDER_PROFIT_YOY":2.6800309091,"GROSS_PROFIT_RATIO":16.134331548073,"EPS_TTM":0.25387168538,"OPERATE_INCOME_QOQ":4.569467924561,"NET_PROFIT_RATIO":8.8562105055,"ROE_AVG":4.855488661202,"GROSS_PROFIT_QOQ":1.273282510481,"ROA":3.110662327188,"HOLDER_PROFIT_QOQ":1.340184735196,"ROE_YEARLY":9.710977322405,"ROIC_YEARLY":6.909723224823,"TOTAL_ASSETS":4393629000,"TOTAL_LIABILITIES":1525385000,"TAX_EBT":16.328169196052,"OCF_SALES":-0.371491548456,"TOTAL_PARENT_EQUITY":2852741000,"DEBT_ASSET_RATIO":34.7181111559,"OPERATE_PROFIT":180008322.06,"PRETAX_PROFIT":165907988.12,"NETCASH_OPERATE":-5823402.09,"NETCASH_INVEST":-59404070.85,"NETCASH_FINANCE":-85396386.91,"END_CASH":354214115.95,"DIVI_RATIO":0.511416384248,"DIVIDEND_RATE":6.790047393365,"CURRENT_RATIO":0.825559884664,"COMMON_ACS":null,"CURRENTDEBT_DEBT":88.807350275504,"ISSUED_COMMON_SHARES":1074357700,"HK_COMMON_SHARES":787396758,"PER_SHARES":2000,"TOTAL_MARKET_CAP":2266894747,"HKSK_MARKET_CAP":1661407159.38,"PE_TTM":5.875233467112,"PB_TTM":0.616767622553,"REPORT_DATE_SQ":"2020-06-30 00:00:00","REPORT_TYPE_SQ":"2020年中报","OPERATE_INCOME_SQ":1429454000,"DPS_HKD":0.14327,"OPERATE_INCOME_QOQ_SQ":11.129345546001,"NET_PROFIT_RATIO_SQ":9.8353848269,"HOLDER_PROFIT_SQ":134588000,"HOLDER_PROFIT_QOQ_SQ":22.553319451458,"ROE_AVG_SQ":5.216944036894,"PE_TTM_SQ":5.123762274224,"PB_TTM_SQ":0.488369884593,"ROA_SQ":3.088806736722,"START_DATE":"2021-01-01 00:00:00","FISCAL_YEAR":"12-31","CURRENCY":"HKD","IS_CNY_CODE":0,"DPS_HKD_LY":0.1433,"ORG_TYPE":"一般企业","PREMIUM_INCOME":null,"PREMIUM_INCOME_YOY":null,"NET_INTEREST_INCOME":null,"NET_INTEREST_INCOME_YOY":null,"FEE_COMMISSION_INCOME":null,"FEE_COMMISSION_INCOME_YOY":null,"ACCOUNTS_RECE_TDAYS":4.020451691724,"INVENTORY_TDAYS":28.365376316244,"CURRENT_ASSETS_TDAYS":1.351091132809,"TOTAL_ASSETS_TDAYS":0.352824221186,"PREMIUM_EXPENSE":null,"LOAN_DEPOSIT":null,"LOAN_EQUITY":null,"LOAN_ASSETS":null,"DEPOSIT_EQUITY":null,"DEPOSIT_ASSETS":null,"EQUITY_MULTIPLIER":1.531818422699,"EQUITY_RATIO":0.534708548726},{"SECUCODE":"01713.HK","SECURITY_CODE":"01713","SECURITY_NAME_ABBR":"四川能投发展","ORG_CODE":"10991705","STD_REPORT_DATE":"2020-12-31 00:00:00","REPORT_DATE":"2020-12-31 00:00:00","DATE_TYPE_CODE":"001","REPORT_TYPE":"2020年年报","PER_NETCASH_OPERATE":0.443331862377,"PER_OI":2.815918951137,"BPS":2.643215569638,"BASIC_EPS":0.24,"DILUTED_EPS":0.24,"OPERATE_INCOME":3025304207.73,"OPERATE_INCOME_YOY":22.1436362114,"GROSS_PROFIT":547498328.42,"GROSS_PROFIT_YOY":23.762837674653,"HOLDER_PROFIT":256027937.93,"HOLDER_PROFIT_YOY":52.7055472655,"GROSS_PROFIT_RATIO":17.911019022702,"EPS_TTM":0.250514330562,"OPERATE_INCOME_QOQ":9.911235066952,"NET_PROFIT_RATIO":8.9440205332,"ROE_AVG":9.755388548939,"GROSS_PROFIT_QOQ":13.42890511806,"ROA":5.999762588256,"HOLDER_PROFIT_QOQ":24.60335464516,"ROE_YEARLY":9.755388548939,"ROIC_YEARLY":7.025571857826,"TOTAL_ASSETS":4491618110.25,"TOTAL_LIABILITIES":1637157924.45,"TAX_EBT":15.865839965021,"OCF_SALES":15.76993039732,"TOTAL_PARENT_EQUITY":2839579985.29,"DEBT_ASSET_RATIO":36.449211943,"OPERATE_PROFIT":311308234.73,"PRETAX_PROFIT":305704911.35,"NETCASH_OPERATE":476296701.91,"NETCASH_INVEST":-426641965.09,"NETCASH_FINANCE":-329204060.54,"END_CASH":500799252.74,"DIVI_RATIO":0.518270308563,"DIVIDEND_RATE":6.790047393365,"CURRENT_RATIO":0.81628222063,"COMMON_ACS":null,"CURRENTDEBT_DEBT":89.500564023001,"ISSUED_COMMON_SHARES":1074357700,"HK_COMMON_SHARES":787396758,"PER_SHARES":2000,"TOTAL_MARKET_CAP":2266894747,"HKSK_MARKET_CAP":1661407159.38,"PE_TTM":5.875233467112,"PB_TTM":0.616767622553,"REPORT_DATE_SQ":"2019-12-31 00:00:00","REPORT_TYPE_SQ":"2019年年报","OPERATE_INCOME_SQ":2472733000,"DPS_HKD":0.14327,"OPERATE_INCOME_QOQ_SQ":11.839384378245,"NET_PROFIT_RATIO_SQ":7.1755826448,"HOLDER_PROFIT_SQ":176249000,"HOLDER_PROFIT_QOQ_SQ":0.949648034549,"ROE_AVG_SQ":6.687273070132,"PE_TTM_SQ":5.123762274224,"PB_TTM_SQ":0.488369884593,"ROA_SQ":3.977935592061,"START_DATE":"2020-01-01 00:00:00","FISCAL_YEAR":"12-31","CURRENCY":"HKD","IS_CNY_CODE":0,"DPS_HKD_LY":0.10999,"ORG_TYPE":"一般企业","PREMIUM_INCOME":null,"PREMIUM_INCOME_YOY":null,"NET_INTEREST_INCOME":null,"NET_INTEREST_INCOME_YOY":null,"FEE_COMMISSION_INCOME":null,"FEE_COMMISSION_INCOME_YOY":null,"ACCOUNTS_RECE_TDAYS":7.870469154858,"INVENTORY_TDAYS":40.968339998017,"CURRENT_ASSETS_TDAYS":2.447814418126,"TOTAL_ASSETS_TDAYS":0.673287667797,"PREMIUM_EXPENSE":null,"LOAN_DEPOSIT":null,"LOAN_EQUITY":null,"LOAN_ASSETS":null,"DEPOSIT_EQUITY":null,"DEPOSIT_ASSETS":null,"EQUITY_MULTIPLIER":1.573544609869,"EQUITY_RATIO":0.576549325228},{"SECUCODE":"01713.HK","SECURITY_CODE":"01713","SECURITY_NAME_ABBR":"四川能投发展","ORG_CODE":"10991705","STD_REPORT_DATE":"2020-06-30 00:00:00","REPORT_DATE":"2020-06-30 00:00:00","DATE_TYPE_CODE":"002","REPORT_TYPE":"2020年中报","PER_NETCASH_OPERATE":0.002177114754,"PER_OI":1.330519621165,"BPS":2.52354872125,"BASIC_EPS":0.13,"DILUTED_EPS":0.13,"OPERATE_INCOME":1429454000,"OPERATE_INCOME_YOY":23.9214240948,"GROSS_PROFIT":246012000,"GROSS_PROFIT_YOY":18.446975897698,"HOLDER_PROFIT":134588000,"HOLDER_PROFIT_YOY":39.4239638192,"GROSS_PROFIT_RATIO":16.99180992517,"EPS_TTM":0.20104942702,"OPERATE_INCOME_QOQ":11.129345546001,"NET_PROFIT_RATIO":9.8353848269,"ROE_AVG":5.216944036894,"GROSS_PROFIT_QOQ":7.80827212988,"ROA":3.088806736722,"HOLDER_PROFIT_QOQ":22.553319451458,"ROE_YEARLY":10.433888073788,"ROIC_YEARLY":7.452127092808,"TOTAL_ASSETS":4622212000,"TOTAL_LIABILITIES":1897400000,"TAX_EBT":13.082387375428,"OCF_SALES":0.164068045802,"TOTAL_PARENT_EQUITY":2711194000,"DEBT_ASSET_RATIO":41.0496100136,"OPERATE_PROFIT":164046000,"PRETAX_PROFIT":154429000,"NETCASH_OPERATE":4759000,"NETCASH_INVEST":-44500000,"NETCASH_FINANCE":7822000,"END_CASH":752753000,"DIVI_RATIO":0.645782190599,"DIVIDEND_RATE":6.790047393365,"CURRENT_RATIO":0.81990361947,"COMMON_ACS":null,"CURRENTDEBT_DEBT":91.211131021398,"ISSUED_COMMON_SHARES":1074357700,"HK_COMMON_SHARES":787396758,"PER_SHARES":2000,"TOTAL_MARKET_CAP":2266894747,"HKSK_MARKET_CAP":1661407159.38,"PE_TTM":5.875233467112,"PB_TTM":0.616767622553,"REPORT_DATE_SQ":"2019-06-30 00:00:00","REPORT_TYPE_SQ":"2019年中报","OPERATE_INCOME_SQ":1150429000,"DPS_HKD":0.14327,"OPERATE_INCOME_QOQ_SQ":8.855961931864,"NET_PROFIT_RATIO_SQ":8.8447005421,"HOLDER_PROFIT_SQ":100827000,"HOLDER_PROFIT_QOQ_SQ":3.21667159326,"ROE_AVG_SQ":3.881129883915,"PE_TTM_SQ":5.123762274224,"PB_TTM_SQ":0.488369884593,"ROA_SQ":2.284362807392,"START_DATE":"2020-01-01 00:00:00","FISCAL_YEAR":"12-31","CURRENCY":"HKD","IS_CNY_CODE":0,"DPS_HKD_LY":0.10999,"ORG_TYPE":"一般企业","PREMIUM_INCOME":null,"PREMIUM_INCOME_YOY":null,"NET_INTEREST_INCOME":null,"NET_INTEREST_INCOME_YOY":null,"FEE_COMMISSION_INCOME":null,"FEE_COMMISSION_INCOME_YOY":null,"ACCOUNTS_RECE_TDAYS":2.979456823061,"INVENTORY_TDAYS":19.469222226792,"CURRENT_ASSETS_TDAYS":1.06201839127,"TOTAL_ASSETS_TDAYS":0.313243942498,"PREMIUM_EXPENSE":null,"LOAN_DEPOSIT":null,"LOAN_EQUITY":null,"LOAN_ASSETS":null,"DEPOSIT_EQUITY":null,"DEPOSIT_ASSETS":null,"EQUITY_MULTIPLIER":1.696341619166,"EQUITY_RATIO":0.699839259013}],"count":19},"success":true,"message":"ok","code":0}