{"version":"b85c308b0689dea0ed2b8787b079f069","result":{"pages":2,"data":[{"SECUCODE":"01712.HK","SECURITY_CODE":"01712","SECURITY_NAME_ABBR":"龙资源","ORG_CODE":"10668035","STD_REPORT_DATE":"2024-06-30 00:00:00","REPORT_DATE":"2024-06-30 00:00:00","DATE_TYPE_CODE":"002","REPORT_TYPE":"2024年中报","PER_NETCASH_OPERATE":0.064559447583,"PER_OI":0.924628726866,"BPS":2.092636323588,"BASIC_EPS":0.0595625,"DILUTED_EPS":0.0595625,"OPERATE_INCOME":146180670,"OPERATE_INCOME_YOY":-7.4709696878,"GROSS_PROFIT":18478670,"GROSS_PROFIT_YOY":-3.90904307194,"HOLDER_PROFIT":9391815,"HOLDER_PROFIT_YOY":7480.7692307692,"GROSS_PROFIT_RATIO":12.640980507204,"EPS_TTM":0.217749025401,"OPERATE_INCOME_QOQ":-4.410716475909,"NET_PROFIT_RATIO":6.4247995306,"ROE_AVG":2.852614896989,"GROSS_PROFIT_QOQ":-2.608004555134,"ROA":1.851712669811,"HOLDER_PROFIT_QOQ":36.834834891939,"ROE_YEARLY":5.705229793978,"ROIC_YEARLY":4.66826538769,"TOTAL_ASSETS":498271285,"TOTAL_LIABILITIES":167432570,"TAX_EBT":33.163784333672,"OCF_SALES":6.982202229611,"TOTAL_PARENT_EQUITY":330838715,"DEBT_ASSET_RATIO":33.6026929587,"OPERATE_PROFIT":12693960,"PRETAX_PROFIT":14051985,"NETCASH_OPERATE":10206630,"NETCASH_INVEST":-11898205,"NETCASH_FINANCE":-419320,"END_CASH":104024715,"DIVI_RATIO":null,"DIVIDEND_RATE":null,"CURRENT_RATIO":5.215662517898,"COMMON_ACS":null,"CURRENTDEBT_DEBT":25.838123968353,"ISSUED_COMMON_SHARES":158096613,"HK_COMMON_SHARES":158096613,"PER_SHARES":1000,"TOTAL_MARKET_CAP":267183275.97,"HKSK_MARKET_CAP":267183275.97,"PE_TTM":7.046551109963,"PB_TTM":0.737074657419,"REPORT_DATE_SQ":"2023-06-30 00:00:00","REPORT_TYPE_SQ":"2023年中报","OPERATE_INCOME_SQ":159117476,"DPS_HKD":null,"OPERATE_INCOME_QOQ_SQ":18.78877750414,"NET_PROFIT_RATIO_SQ":0.0784195446,"HOLDER_PROFIT_SQ":124779.2,"HOLDER_PROFIT_QOQ_SQ":-141.273274519558,"ROE_AVG_SQ":0.042317708333,"PE_TTM_SQ":-43.958900490407,"PB_TTM_SQ":0.848492424541,"ROA_SQ":0.025077160494,"START_DATE":"2024-01-01 00:00:00","FISCAL_YEAR":"12-31","CURRENCY":"HKD","IS_CNY_CODE":0,"DPS_HKD_LY":null,"ORG_TYPE":"一般企业","PREMIUM_INCOME":null,"PREMIUM_INCOME_YOY":null,"NET_INTEREST_INCOME":null,"NET_INTEREST_INCOME_YOY":null,"FEE_COMMISSION_INCOME":null,"FEE_COMMISSION_INCOME_YOY":null,"ACCOUNTS_RECE_TDAYS":7.624704858954,"INVENTORY_TDAYS":1.423336342875,"CURRENT_ASSETS_TDAYS":0.645546846231,"TOTAL_ASSETS_TDAYS":0.288213299262,"PREMIUM_EXPENSE":null,"LOAN_DEPOSIT":null,"LOAN_EQUITY":null,"LOAN_ASSETS":null,"DEPOSIT_EQUITY":null,"DEPOSIT_ASSETS":null,"EQUITY_MULTIPLIER":1.50608517809,"EQUITY_RATIO":0.50608517809},{"SECUCODE":"01712.HK","SECURITY_CODE":"01712","SECURITY_NAME_ABBR":"龙资源","ORG_CODE":"10668035","STD_REPORT_DATE":"2023-12-31 00:00:00","REPORT_DATE":"2023-12-31 00:00:00","DATE_TYPE_CODE":"001","REPORT_TYPE":"2023年年报","PER_NETCASH_OPERATE":0.265824361462,"PER_OI":1.855219744651,"BPS":2.108623840031,"BASIC_EPS":0.15902752,"DILUTED_EPS":0.15902752,"OPERATE_INCOME":293303958,"OPERATE_INCOME_YOY":15.1978520014,"GROSS_PROFIT":28823738,"GROSS_PROFIT_YOY":-16.704042397311,"HOLDER_PROFIT":25158347.6,"HOLDER_PROFIT_YOY":108.4773001205,"GROSS_PROFIT_RATIO":9.827258451112,"EPS_TTM":0.159132742458,"OPERATE_INCOME_QOQ":-0.253823116238,"NET_PROFIT_RATIO":8.5775683941,"ROE_AVG":8.022944787173,"GROSS_PROFIT_QOQ":20.25244966738,"ROA":4.867889658666,"HOLDER_PROFIT_QOQ":619.537785030675,"ROE_YEARLY":8.022944787173,"ROIC_YEARLY":5.986593906111,"TOTAL_ASSETS":525154446,"TOTAL_LIABILITIES":191788158.8,"TAX_EBT":31.061511890527,"OCF_SALES":14.328456897264,"TOTAL_PARENT_EQUITY":333366287.2,"DEBT_ASSET_RATIO":36.5203342104,"OPERATE_PROFIT":45036787.6,"PRETAX_PROFIT":36493906.8,"NETCASH_OPERATE":42025931.2,"NETCASH_INVEST":-15655483.6,"NETCASH_FINANCE":-833924.8,"END_CASH":107479331.2,"DIVI_RATIO":null,"DIVIDEND_RATE":null,"CURRENT_RATIO":3.904699525135,"COMMON_ACS":null,"CURRENTDEBT_DEBT":30.876962358116,"ISSUED_COMMON_SHARES":158096613,"HK_COMMON_SHARES":158096613,"PER_SHARES":1000,"TOTAL_MARKET_CAP":229240088.85,"HKSK_MARKET_CAP":229240088.85,"PE_TTM":6.045857461211,"PB_TTM":0.632401333288,"REPORT_DATE_SQ":"2022-12-31 00:00:00","REPORT_TYPE_SQ":"2022年年报","OPERATE_INCOME_SQ":247540493.2,"DPS_HKD":null,"OPERATE_INCOME_QOQ_SQ":12.755008290522,"NET_PROFIT_RATIO_SQ":4.739688464,"HOLDER_PROFIT_SQ":11732648.2,"HOLDER_PROFIT_QOQ_SQ":-39.335887624296,"ROE_AVG_SQ":4.128893128188,"PE_TTM_SQ":-35.116592920498,"PB_TTM_SQ":0.677818660984,"ROA_SQ":2.486786759784,"START_DATE":"2023-01-01 00:00:00","FISCAL_YEAR":"12-31","CURRENCY":"HKD","IS_CNY_CODE":0,"DPS_HKD_LY":null,"ORG_TYPE":"一般企业","PREMIUM_INCOME":null,"PREMIUM_INCOME_YOY":null,"NET_INTEREST_INCOME":null,"NET_INTEREST_INCOME_YOY":null,"FEE_COMMISSION_INCOME":null,"FEE_COMMISSION_INCOME_YOY":null,"ACCOUNTS_RECE_TDAYS":17.59086943879,"INVENTORY_TDAYS":2.753520771289,"CURRENT_ASSETS_TDAYS":1.35270507474,"TOTAL_ASSETS_TDAYS":0.567513942765,"PREMIUM_EXPENSE":null,"LOAN_DEPOSIT":null,"LOAN_EQUITY":null,"LOAN_ASSETS":null,"DEPOSIT_EQUITY":null,"DEPOSIT_ASSETS":null,"EQUITY_MULTIPLIER":1.57530760057,"EQUITY_RATIO":0.57530760057},{"SECUCODE":"01712.HK","SECURITY_CODE":"01712","SECURITY_NAME_ABBR":"龙资源","ORG_CODE":"10668035","STD_REPORT_DATE":"2023-06-30 00:00:00","REPORT_DATE":"2023-06-30 00:00:00","DATE_TYPE_CODE":"002","REPORT_TYPE":"2023年中报","PER_NETCASH_OPERATE":0.232527891031,"PER_OI":1.006457209808,"BPS":1.890700674277,"BASIC_EPS":0.00095984,"DILUTED_EPS":0.00095984,"OPERATE_INCOME":159117476,"OPERATE_INCOME_YOY":35.8644428964,"GROSS_PROFIT":19230394.4,"GROSS_PROFIT_YOY":-35.60902036508,"HOLDER_PROFIT":124779.2,"HOLDER_PROFIT_YOY":-99.2815694943,"GROSS_PROFIT_RATIO":12.085658271754,"EPS_TTM":-0.030629676425,"OPERATE_INCOME_QOQ":18.78877750414,"NET_PROFIT_RATIO":0.0784195446,"ROE_AVG":0.042317708333,"GROSS_PROFIT_QOQ":-30.732423469886,"ROA":0.025077160494,"HOLDER_PROFIT_QOQ":-141.273274519558,"ROE_YEARLY":0.084635416667,"ROIC_YEARLY":0.06205435723,"TOTAL_ASSETS":491831614.4,"TOTAL_LIABILITIES":192918241.6,"TAX_EBT":95.993836671803,"OCF_SALES":23.103604282914,"TOTAL_PARENT_EQUITY":298913372.8,"DEBT_ASSET_RATIO":39.2244491716,"OPERATE_PROFIT":9732777.6,"PRETAX_PROFIT":3114680.8,"NETCASH_OPERATE":36761872,"NETCASH_INVEST":-7433960.8,"NETCASH_FINANCE":-211164.8,"END_CASH":106033524.8,"DIVI_RATIO":null,"DIVIDEND_RATE":null,"CURRENT_RATIO":3.719353200135,"COMMON_ACS":null,"CURRENTDEBT_DEBT":29.384546494851,"ISSUED_COMMON_SHARES":158096613,"HK_COMMON_SHARES":158096613,"PER_SHARES":1000,"TOTAL_MARKET_CAP":229240088.85,"HKSK_MARKET_CAP":229240088.85,"PE_TTM":6.045857461211,"PB_TTM":0.632401333288,"REPORT_DATE_SQ":"2022-06-30 00:00:00","REPORT_TYPE_SQ":"2022年中报","OPERATE_INCOME_SQ":112607643.5,"DPS_HKD":null,"OPERATE_INCOME_QOQ_SQ":-5.008573782414,"NET_PROFIT_RATIO_SQ":14.8301438348,"HOLDER_PROFIT_SQ":16699875.5,"HOLDER_PROFIT_QOQ_SQ":1333.0172181289,"ROE_AVG_SQ":5.957888151721,"PE_TTM_SQ":-35.116592920498,"PB_TTM_SQ":0.677818660984,"ROA_SQ":3.654595762729,"START_DATE":"2023-01-01 00:00:00","FISCAL_YEAR":"12-31","CURRENCY":"HKD","IS_CNY_CODE":0,"DPS_HKD_LY":null,"ORG_TYPE":"一般企业","PREMIUM_INCOME":null,"PREMIUM_INCOME_YOY":null,"NET_INTEREST_INCOME":null,"NET_INTEREST_INCOME_YOY":null,"FEE_COMMISSION_INCOME":null,"FEE_COMMISSION_INCOME_YOY":null,"ACCOUNTS_RECE_TDAYS":11.554277748737,"INVENTORY_TDAYS":1.535681357182,"CURRENT_ASSETS_TDAYS":0.773890107838,"TOTAL_ASSETS_TDAYS":0.319782021605,"PREMIUM_EXPENSE":null,"LOAN_DEPOSIT":null,"LOAN_EQUITY":null,"LOAN_ASSETS":null,"DEPOSIT_EQUITY":null,"DEPOSIT_ASSETS":null,"EQUITY_MULTIPLIER":1.645398497207,"EQUITY_RATIO":0.645398497206},{"SECUCODE":"01712.HK","SECURITY_CODE":"01712","SECURITY_NAME_ABBR":"龙资源","ORG_CODE":"10668035","STD_REPORT_DATE":"2022-12-31 00:00:00","REPORT_DATE":"2022-12-31 00:00:00","DATE_TYPE_CODE":"001","REPORT_TYPE":"2022年年报","PER_NETCASH_OPERATE":0.251408050065,"PER_OI":1.565012131475,"BPS":1.80672703469,"BASIC_EPS":0.07400666,"DILUTED_EPS":0.07400666,"OPERATE_INCOME":247540493.2,"OPERATE_INCOME_YOY":5.0216986981,"GROSS_PROFIT":34604005.8,"GROSS_PROFIT_YOY":-27.185338407156,"HOLDER_PROFIT":11732648.2,"HOLDER_PROFIT_YOY":752.397260274,"GROSS_PROFIT_RATIO":13.979129375024,"EPS_TTM":0.074176699456,"OPERATE_INCOME_QOQ":12.755008290522,"NET_PROFIT_RATIO":4.739688464,"ROE_AVG":4.128893128188,"GROSS_PROFIT_QOQ":-30.769812586368,"ROA":2.486786759784,"HOLDER_PROFIT_QOQ":-39.335887624296,"ROE_YEARLY":4.128893128188,"ROIC_YEARLY":2.960680873335,"TOTAL_ASSETS":494373916.4,"TOTAL_LIABILITIES":208736491.6,"TAX_EBT":47.478370964339,"OCF_SALES":16.06428761854,"TOTAL_PARENT_EQUITY":285637424.8,"DEBT_ASSET_RATIO":42.2223917313,"OPERATE_PROFIT":19477421.6,"PRETAX_PROFIT":22338698.2,"NETCASH_OPERATE":39765616.8,"NETCASH_INVEST":-24936002,"NETCASH_FINANCE":-1121884.4,"END_CASH":83297559.8,"DIVI_RATIO":null,"DIVIDEND_RATE":null,"CURRENT_RATIO":2.948516949153,"COMMON_ACS":null,"CURRENTDEBT_DEBT":31.976875479879,"ISSUED_COMMON_SHARES":158096613,"HK_COMMON_SHARES":158096613,"PER_SHARES":1000,"TOTAL_MARKET_CAP":229240088.85,"HKSK_MARKET_CAP":229240088.85,"PE_TTM":6.045857461211,"PB_TTM":0.632401333288,"REPORT_DATE_SQ":"2021-12-31 00:00:00","REPORT_TYPE_SQ":"2021年年报","OPERATE_INCOME_SQ":231113866,"DPS_HKD":null,"OPERATE_INCOME_QOQ_SQ":-22.133073050899,"NET_PROFIT_RATIO_SQ":0.5839649621,"HOLDER_PROFIT_SQ":1349624,"HOLDER_PROFIT_QOQ_SQ":-93.039856812144,"ROE_AVG_SQ":0.514777825769,"PE_TTM_SQ":-35.116592920498,"PB_TTM_SQ":0.677818660984,"ROA_SQ":0.323192969446,"START_DATE":"2022-01-01 00:00:00","FISCAL_YEAR":"12-31","CURRENCY":"HKD","IS_CNY_CODE":0,"DPS_HKD_LY":null,"ORG_TYPE":"一般企业","PREMIUM_INCOME":null,"PREMIUM_INCOME_YOY":null,"NET_INTEREST_INCOME":null,"NET_INTEREST_INCOME_YOY":null,"FEE_COMMISSION_INCOME":null,"FEE_COMMISSION_INCOME_YOY":null,"ACCOUNTS_RECE_TDAYS":12.09024979855,"INVENTORY_TDAYS":2.277438870683,"CURRENT_ASSETS_TDAYS":1.283176542456,"TOTAL_ASSETS_TDAYS":0.524673040994,"PREMIUM_EXPENSE":null,"LOAN_DEPOSIT":null,"LOAN_EQUITY":null,"LOAN_ASSETS":null,"DEPOSIT_EQUITY":null,"DEPOSIT_ASSETS":null,"EQUITY_MULTIPLIER":1.730774308534,"EQUITY_RATIO":0.730774308535},{"SECUCODE":"01712.HK","SECURITY_CODE":"01712","SECURITY_NAME_ABBR":"龙资源","ORG_CODE":"10668035","STD_REPORT_DATE":"2022-06-30 00:00:00","REPORT_DATE":"2022-06-30 00:00:00","DATE_TYPE_CODE":"002","REPORT_TYPE":"2022年中报","PER_NETCASH_OPERATE":0.069316567992,"PER_OI":0.711924330261,"BPS":1.795548880608,"BASIC_EPS":0.10567205,"DILUTED_EPS":0.10567205,"OPERATE_INCOME":112607643.5,"OPERATE_INCOME_YOY":-4.638530676,"GROSS_PROFIT":29865044,"GROSS_PROFIT_YOY":114.058716438022,"HOLDER_PROFIT":16699875.5,"HOLDER_PROFIT_YOY":1460.5263157895,"GROSS_PROFIT_RATIO":22.915215342376,"EPS_TTM":0.122272886945,"OPERATE_INCOME_QOQ":-5.008573782414,"NET_PROFIT_RATIO":14.8301438348,"ROE_AVG":5.957888151721,"GROSS_PROFIT_QOQ":31.083183194996,"ROA":3.654595762729,"HOLDER_PROFIT_QOQ":1333.0172181289,"ROE_YEARLY":11.915776303442,"ROIC_YEARLY":8.533918138997,"TOTAL_ASSETS":474149104,"TOTAL_LIABILITIES":190278907.5,"TAX_EBT":14.646226415094,"OCF_SALES":9.736507806417,"TOTAL_PARENT_EQUITY":283870196.5,"DEBT_ASSET_RATIO":40.1306057303,"OPERATE_PROFIT":17101337,"PRETAX_PROFIT":19565480,"NETCASH_OPERATE":10964052,"NETCASH_INVEST":-8079989.5,"NETCASH_FINANCE":-512209.5,"END_CASH":64847568.5,"DIVI_RATIO":null,"DIVIDEND_RATE":null,"CURRENT_RATIO":3.552965375386,"COMMON_ACS":null,"CURRENTDEBT_DEBT":28.296350187947,"ISSUED_COMMON_SHARES":158096613,"HK_COMMON_SHARES":158096613,"PER_SHARES":1000,"TOTAL_MARKET_CAP":229240088.85,"HKSK_MARKET_CAP":229240088.85,"PE_TTM":6.045857461211,"PB_TTM":0.632401333288,"REPORT_DATE_SQ":"2021-06-30 00:00:00","REPORT_TYPE_SQ":"2021年中报","OPERATE_INCOME_SQ":124183152,"DPS_HKD":null,"OPERATE_INCOME_QOQ_SQ":-14.56450662631,"NET_PROFIT_RATIO_SQ":-1.0394685424,"HOLDER_PROFIT_SQ":-1290844.8,"HOLDER_PROFIT_QOQ_SQ":-62.076440575137,"ROE_AVG_SQ":-0.469558156366,"PE_TTM_SQ":-35.116592920498,"PB_TTM_SQ":0.677818660984,"ROA_SQ":-0.302173147485,"START_DATE":"2022-01-01 00:00:00","FISCAL_YEAR":"12-31","CURRENCY":"HKD","IS_CNY_CODE":0,"DPS_HKD_LY":null,"ORG_TYPE":"一般企业","PREMIUM_INCOME":null,"PREMIUM_INCOME_YOY":null,"NET_INTEREST_INCOME":null,"NET_INTEREST_INCOME_YOY":null,"FEE_COMMISSION_INCOME":null,"FEE_COMMISSION_INCOME_YOY":null,"ACCOUNTS_RECE_TDAYS":5.575916828516,"INVENTORY_TDAYS":0.867886225749,"CURRENT_ASSETS_TDAYS":0.598442768684,"TOTAL_ASSETS_TDAYS":0.246430230445,"PREMIUM_EXPENSE":null,"LOAN_DEPOSIT":null,"LOAN_EQUITY":null,"LOAN_ASSETS":null,"DEPOSIT_EQUITY":null,"DEPOSIT_ASSETS":null,"EQUITY_MULTIPLIER":1.670302518003,"EQUITY_RATIO":0.670302518003},{"SECUCODE":"01712.HK","SECURITY_CODE":"01712","SECURITY_NAME_ABBR":"龙资源","ORG_CODE":"10668035","STD_REPORT_DATE":"2021-12-31 00:00:00","REPORT_DATE":"2021-12-31 00:00:00","DATE_TYPE_CODE":"001","REPORT_TYPE":"2021年年报","PER_NETCASH_OPERATE":0.253934523238,"PER_OI":1.460152709922,"BPS":1.753210981187,"BASIC_EPS":0.0087818,"DILUTED_EPS":0.0087818,"OPERATE_INCOME":231113866,"OPERATE_INCOME_YOY":-27.7987148942,"GROSS_PROFIT":47523404,"GROSS_PROFIT_YOY":-46.342341276004,"HOLDER_PROFIT":1349624,"HOLDER_PROFIT_YOY":-97.1352889238,"GROSS_PROFIT_RATIO":16.499010059396,"EPS_TTM":0.008526780219,"OPERATE_INCOME_QOQ":-22.133073050899,"NET_PROFIT_RATIO":0.5839649621,"ROE_AVG":0.514777825769,"GROSS_PROFIT_QOQ":-34.077287776401,"ROA":0.323192969446,"HOLDER_PROFIT_QOQ":-93.039856812144,"ROE_YEARLY":0.514777825769,"ROIC_YEARLY":0.384273729232,"TOTAL_ASSETS":440476600,"TOTAL_LIABILITIES":163299882,"TAX_EBT":92.665159507661,"OCF_SALES":17.390956542607,"TOTAL_PARENT_EQUITY":277176718,"DEBT_ASSET_RATIO":37.073452256,"OPERATE_PROFIT":16033718,"PRETAX_PROFIT":18400182,"NETCASH_OPERATE":40192912,"NETCASH_INVEST":-49191946,"NETCASH_FINANCE":8911216,"END_CASH":66418140,"DIVI_RATIO":null,"DIVIDEND_RATE":null,"CURRENT_RATIO":3.628540403583,"COMMON_ACS":null,"CURRENTDEBT_DEBT":31.278480654383,"ISSUED_COMMON_SHARES":158096613,"HK_COMMON_SHARES":158096613,"PER_SHARES":1000,"TOTAL_MARKET_CAP":229240088.85,"HKSK_MARKET_CAP":229240088.85,"PE_TTM":6.045857461211,"PB_TTM":0.632401333288,"REPORT_DATE_SQ":"2020-12-31 00:00:00","REPORT_TYPE_SQ":"2020年年报","OPERATE_INCOME_SQ":347403856.5,"DPS_HKD":null,"OPERATE_INCOME_QOQ_SQ":6.318707242772,"NET_PROFIT_RATIO_SQ":14.7180708974,"HOLDER_PROFIT_SQ":51131145.9,"HOLDER_PROFIT_QOQ_SQ":5.922446383525,"ROE_AVG_SQ":21.050783750852,"PE_TTM_SQ":-35.116592920498,"PB_TTM_SQ":0.677818660984,"ROA_SQ":12.428214351033,"START_DATE":"2021-01-01 00:00:00","FISCAL_YEAR":"12-31","CURRENCY":"HKD","IS_CNY_CODE":0,"DPS_HKD_LY":null,"ORG_TYPE":"一般企业","PREMIUM_INCOME":null,"PREMIUM_INCOME_YOY":null,"NET_INTEREST_INCOME":null,"NET_INTEREST_INCOME_YOY":null,"FEE_COMMISSION_INCOME":null,"FEE_COMMISSION_INCOME_YOY":null,"ACCOUNTS_RECE_TDAYS":8.693905937582,"INVENTORY_TDAYS":2.333026010672,"CURRENT_ASSETS_TDAYS":1.29790271505,"TOTAL_ASSETS_TDAYS":0.553445823672,"PREMIUM_EXPENSE":null,"LOAN_DEPOSIT":null,"LOAN_EQUITY":null,"LOAN_ASSETS":null,"DEPOSIT_EQUITY":null,"DEPOSIT_ASSETS":null,"EQUITY_MULTIPLIER":1.589154396437,"EQUITY_RATIO":0.589154396438},{"SECUCODE":"01712.HK","SECURITY_CODE":"01712","SECURITY_NAME_ABBR":"龙资源","ORG_CODE":"10668035","STD_REPORT_DATE":"2021-06-30 00:00:00","REPORT_DATE":"2021-06-30 00:00:00","DATE_TYPE_CODE":"002","REPORT_TYPE":"2021年中报","PER_NETCASH_OPERATE":0.013748121206,"PER_OI":0.781809825929,"BPS":1.836184156583,"BASIC_EPS":-0.00824976,"DILUTED_EPS":-0.00824976,"OPERATE_INCOME":124183152,"OPERATE_INCOME_YOY":-28.76033518,"GROSS_PROFIT":13951800,"GROSS_PROFIT_YOY":-68.771751613846,"HOLDER_PROFIT":-1290844.8,"HOLDER_PROFIT_YOY":-104.2505592841,"GROSS_PROFIT_RATIO":11.234857366159,"EPS_TTM":0.12207677957,"OPERATE_INCOME_QOQ":-14.56450662631,"NET_PROFIT_RATIO":-1.0394685424,"ROE_AVG":-0.469558156366,"GROSS_PROFIT_QOQ":-34.691004967666,"ROA":-0.302173147485,"HOLDER_PROFIT_QOQ":-62.076440575137,"ROE_YEARLY":-0.939116312733,"ROIC_YEARLY":-0.738120013874,"TOTAL_ASSETS":439959700.8,"TOTAL_LIABILITIES":149665204.8,"TAX_EBT":138.163558106169,"OCF_SALES":1.758499413834,"TOTAL_PARENT_EQUITY":290294496,"DEBT_ASSET_RATIO":34.0179349445,"OPERATE_PROFIT":4736332.8,"PRETAX_PROFIT":3382401.6,"NETCASH_OPERATE":2183760,"NETCASH_INVEST":-4241347.2,"NETCASH_FINANCE":17387582.4,"END_CASH":85195756.8,"DIVI_RATIO":null,"DIVIDEND_RATE":null,"CURRENT_RATIO":5.128945601075,"COMMON_ACS":null,"CURRENTDEBT_DEBT":24.139943581596,"ISSUED_COMMON_SHARES":158096613,"HK_COMMON_SHARES":158096613,"PER_SHARES":1000,"TOTAL_MARKET_CAP":229240088.85,"HKSK_MARKET_CAP":229240088.85,"PE_TTM":6.045857461211,"PB_TTM":0.632401333288,"REPORT_DATE_SQ":"2020-06-30 00:00:00","REPORT_TYPE_SQ":"2020年中报","OPERATE_INCOME_SQ":174780809.7,"DPS_HKD":null,"OPERATE_INCOME_QOQ_SQ":26.051779098762,"NET_PROFIT_RATIO_SQ":17.4215639876,"HOLDER_PROFIT_SQ":30449550.6,"HOLDER_PROFIT_QOQ_SQ":56.60189460393,"ROE_AVG_SQ":13.387957683956,"PE_TTM_SQ":-35.116592920498,"PB_TTM_SQ":0.677818660984,"ROA_SQ":7.90161491938,"START_DATE":"2021-01-01 00:00:00","FISCAL_YEAR":"12-31","CURRENCY":"HKD","IS_CNY_CODE":0,"DPS_HKD_LY":null,"ORG_TYPE":"一般企业","PREMIUM_INCOME":null,"PREMIUM_INCOME_YOY":null,"NET_INTEREST_INCOME":null,"NET_INTEREST_INCOME_YOY":null,"FEE_COMMISSION_INCOME":null,"FEE_COMMISSION_INCOME_YOY":null,"ACCOUNTS_RECE_TDAYS":5.174924165824,"INVENTORY_TDAYS":1.40863849183,"CURRENT_ASSETS_TDAYS":0.68114669009,"TOTAL_ASSETS_TDAYS":0.290699655795,"PREMIUM_EXPENSE":null,"LOAN_DEPOSIT":null,"LOAN_EQUITY":null,"LOAN_ASSETS":null,"DEPOSIT_EQUITY":null,"DEPOSIT_ASSETS":null,"EQUITY_MULTIPLIER":1.515563356738,"EQUITY_RATIO":0.515563356737},{"SECUCODE":"01712.HK","SECURITY_CODE":"01712","SECURITY_NAME_ABBR":"龙资源","ORG_CODE":"10668035","STD_REPORT_DATE":"2020-12-31 00:00:00","REPORT_DATE":"2020-12-31 00:00:00","DATE_TYPE_CODE":"001","REPORT_TYPE":"2020年年报","PER_NETCASH_OPERATE":0.750562922104,"PER_OI":2.502177489666,"BPS":1.696821243096,"BASIC_EPS":0.36819642,"DILUTED_EPS":0.36819642,"OPERATE_INCOME":347403856.5,"OPERATE_INCOME_YOY":30.4900797015,"GROSS_PROFIT":88567792.8,"GROSS_PROFIT_YOY":66.895166862534,"HOLDER_PROFIT":51131145.9,"HOLDER_PROFIT_YOY":61.5116463318,"GROSS_PROFIT_RATIO":25.49418814526,"EPS_TTM":0.368272256908,"OPERATE_INCOME_QOQ":6.318707242772,"NET_PROFIT_RATIO":14.7180708974,"ROE_AVG":21.050783750852,"GROSS_PROFIT_QOQ":22.86192133969,"ROA":12.428214351033,"HOLDER_PROFIT_QOQ":5.922446383525,"ROE_YEARLY":21.050783750852,"ROIC_YEARLY":14.407474416238,"TOTAL_ASSETS":428376971.1,"TOTAL_LIABILITIES":160115279.7,"TAX_EBT":3.006946426872,"OCF_SALES":29.996390152336,"TOTAL_PARENT_EQUITY":268261691.4,"DEBT_ASSET_RATIO":37.3771912362,"OPERATE_PROFIT":53704507.8,"PRETAX_PROFIT":52716296.7,"NETCASH_OPERATE":104208616.2,"NETCASH_INVEST":-56784516,"NETCASH_FINANCE":-15555546.3,"END_CASH":71993937.6,"DIVI_RATIO":null,"DIVIDEND_RATE":null,"CURRENT_RATIO":3.821406411582,"COMMON_ACS":null,"CURRENTDEBT_DEBT":30.295435320655,"ISSUED_COMMON_SHARES":158096613,"HK_COMMON_SHARES":158096613,"PER_SHARES":1000,"TOTAL_MARKET_CAP":229240088.85,"HKSK_MARKET_CAP":229240088.85,"PE_TTM":6.045857461211,"PB_TTM":0.632401333288,"REPORT_DATE_SQ":"2019-12-31 00:00:00","REPORT_TYPE_SQ":"2019年年报","OPERATE_INCOME_SQ":259224453.9,"DPS_HKD":null,"OPERATE_INCOME_QOQ_SQ":33.715136171093,"NET_PROFIT_RATIO_SQ":11.8911687675,"HOLDER_PROFIT_SQ":30824817.3,"HOLDER_PROFIT_QOQ_SQ":527.849013499247,"ROE_AVG_SQ":15.619160757818,"PE_TTM_SQ":-35.116592920498,"PB_TTM_SQ":0.677818660984,"ROA_SQ":8.927523110982,"START_DATE":"2020-01-01 00:00:00","FISCAL_YEAR":"12-31","CURRENCY":"HKD","IS_CNY_CODE":0,"DPS_HKD_LY":null,"ORG_TYPE":"一般企业","PREMIUM_INCOME":null,"PREMIUM_INCOME_YOY":null,"NET_INTEREST_INCOME":null,"NET_INTEREST_INCOME_YOY":null,"FEE_COMMISSION_INCOME":null,"FEE_COMMISSION_INCOME_YOY":null,"ACCOUNTS_RECE_TDAYS":11.32820806412,"INVENTORY_TDAYS":3.146472345875,"CURRENT_ASSETS_TDAYS":2.038980730447,"TOTAL_ASSETS_TDAYS":0.844418703896,"PREMIUM_EXPENSE":null,"LOAN_DEPOSIT":null,"LOAN_EQUITY":null,"LOAN_ASSETS":null,"DEPOSIT_EQUITY":null,"DEPOSIT_ASSETS":null,"EQUITY_MULTIPLIER":1.596862261116,"EQUITY_RATIO":0.596862261117},{"SECUCODE":"01712.HK","SECURITY_CODE":"01712","SECURITY_NAME_ABBR":"龙资源","ORG_CODE":"10668035","STD_REPORT_DATE":"2020-06-30 00:00:00","REPORT_DATE":"2020-06-30 00:00:00","DATE_TYPE_CODE":"002","REPORT_TYPE":"2020年中报","PER_NETCASH_OPERATE":0.418825439067,"PER_OI":1.258859392244,"BPS":1.542623061128,"BASIC_EPS":0.21944307,"DILUTED_EPS":0.21944307,"OPERATE_INCOME":174780809.7,"OPERATE_INCOME_YOY":61.290467424,"GROSS_PROFIT":44676857.4,"GROSS_PROFIT_YOY":74.127752690393,"HOLDER_PROFIT":30449550.6,"HOLDER_PROFIT_YOY":131.7777777778,"GROSS_PROFIT_RATIO":25.561649174578,"EPS_TTM":0.347681034079,"OPERATE_INCOME_QOQ":26.051779098762,"NET_PROFIT_RATIO":17.4215639876,"ROE_AVG":13.387957683956,"GROSS_PROFIT_QOQ":35.839619829076,"ROA":7.90161491938,"HOLDER_PROFIT_QOQ":56.60189460393,"ROE_YEARLY":26.775915367912,"ROIC_YEARLY":18.077431375523,"TOTAL_ASSETS":388112560.5,"TOTAL_LIABILITIES":144229079.4,"TAX_EBT":null,"OCF_SALES":33.270231897776,"TOTAL_PARENT_EQUITY":243883481.1,"DEBT_ASSET_RATIO":37.1616623833,"OPERATE_PROFIT":31729229.7,"PRETAX_PROFIT":30449550.6,"NETCASH_OPERATE":57974815.5,"NETCASH_INVEST":-26994903.6,"NETCASH_FINANCE":-14840385,"END_CASH":57147646.5,"DIVI_RATIO":null,"DIVIDEND_RATE":null,"CURRENT_RATIO":3.822292837937,"COMMON_ACS":null,"CURRENTDEBT_DEBT":27.602725861953,"ISSUED_COMMON_SHARES":158096613,"HK_COMMON_SHARES":158096613,"PER_SHARES":1000,"TOTAL_MARKET_CAP":229240088.85,"HKSK_MARKET_CAP":229240088.85,"PE_TTM":6.045857461211,"PB_TTM":0.632401333288,"REPORT_DATE_SQ":"2019-06-30 00:00:00","REPORT_TYPE_SQ":"2019年中报","OPERATE_INCOME_SQ":107248227.6,"DPS_HKD":null,"OPERATE_INCOME_QOQ_SQ":6.152981293763,"NET_PROFIT_RATIO_SQ":12.1233891608,"HOLDER_PROFIT_SQ":13002120,"HOLDER_PROFIT_QOQ_SQ":84.333420423021,"ROE_AVG_SQ":6.954729860261,"PE_TTM_SQ":-35.116592920498,"PB_TTM_SQ":0.677818660984,"ROA_SQ":4.096619530254,"START_DATE":"2020-01-01 00:00:00","FISCAL_YEAR":"12-31","CURRENCY":"HKD","IS_CNY_CODE":0,"DPS_HKD_LY":null,"ORG_TYPE":"一般企业","PREMIUM_INCOME":null,"PREMIUM_INCOME_YOY":null,"NET_INTEREST_INCOME":null,"NET_INTEREST_INCOME_YOY":null,"FEE_COMMISSION_INCOME":null,"FEE_COMMISSION_INCOME_YOY":null,"ACCOUNTS_RECE_TDAYS":6.970890743256,"INVENTORY_TDAYS":1.696098953378,"CURRENT_ASSETS_TDAYS":1.154051275461,"TOTAL_ASSETS_TDAYS":0.453553706486,"PREMIUM_EXPENSE":null,"LOAN_DEPOSIT":null,"LOAN_EQUITY":null,"LOAN_ASSETS":null,"DEPOSIT_EQUITY":null,"DEPOSIT_ASSETS":null,"EQUITY_MULTIPLIER":1.591385192428,"EQUITY_RATIO":0.591385192427}],"count":18},"success":true,"message":"ok","code":0}