{"version":"a67c20b263d64ecf14cfd4b595aa077d","result":{"pages":2,"data":[{"SECUCODE":"01710.HK","SECURITY_CODE":"01710","SECURITY_NAME_ABBR":"致丰工业电子","ORG_CODE":"10660971","STD_REPORT_DATE":"2024-06-30 00:00:00","REPORT_DATE":"2024-06-30 00:00:00","DATE_TYPE_CODE":"002","REPORT_TYPE":"2024年中报","PER_NETCASH_OPERATE":0.0472585704,"PER_OI":0.35525977732,"BPS":0.35038424076,"BASIC_EPS":-0.023638412,"DILUTED_EPS":-0.023638412,"OPERATE_INCOME":355259777.32,"OPERATE_INCOME_YOY":-31.2104691131,"GROSS_PROFIT":61735500.56,"GROSS_PROFIT_YOY":-43.752145387027,"HOLDER_PROFIT":-23594603.36,"HOLDER_PROFIT_YOY":-218.9144434223,"GROSS_PROFIT_RATIO":17.377565517188,"EPS_TTM":-0.00091108178,"OPERATE_INCOME_QOQ":-15.830911207484,"NET_PROFIT_RATIO":-6.6415071073,"ROE_AVG":-6.506577804848,"GROSS_PROFIT_QOQ":-23.792142611299,"ROA":-3.818724334545,"HOLDER_PROFIT_QOQ":-102.132314365852,"ROE_YEARLY":-13.013155609696,"ROIC_YEARLY":-8.693985303762,"TOTAL_ASSETS":612581689.2,"TOTAL_LIABILITIES":262197448.44,"TAX_EBT":8.885207767948,"OCF_SALES":13.302538991751,"TOTAL_PARENT_EQUITY":350384240.76,"DEBT_ASSET_RATIO":42.802038171,"OPERATE_PROFIT":-22091419.4,"PRETAX_PROFIT":-25895469.64,"NETCASH_OPERATE":47258570.4,"NETCASH_INVEST":-10142612.84,"NETCASH_FINANCE":2114679.56,"END_CASH":94545433.88,"DIVI_RATIO":null,"DIVIDEND_RATE":null,"CURRENT_RATIO":2.579316999098,"COMMON_ACS":null,"CURRENTDEBT_DEBT":66.019569553367,"ISSUED_COMMON_SHARES":1000000000,"HK_COMMON_SHARES":1000000000,"PER_SHARES":4000,"TOTAL_MARKET_CAP":129000000,"HKSK_MARKET_CAP":129000000,"PE_TTM":-291.196388261851,"PB_TTM":0.336018879572,"REPORT_DATE_SQ":"2023-06-30 00:00:00","REPORT_TYPE_SQ":"2023年中报","OPERATE_INCOME_SQ":521706992.9,"DPS_HKD":null,"OPERATE_INCOME_QOQ_SQ":18.854882199248,"NET_PROFIT_RATIO_SQ":3.8419736505,"HOLDER_PROFIT_SQ":20043845.2,"HOLDER_PROFIT_QOQ_SQ":47.558401375318,"ROE_AVG_SQ":5.605989693128,"PE_TTM_SQ":3.620892550014,"PB_TTM_SQ":0.612660631959,"ROA_SQ":2.910329326387,"START_DATE":"2024-01-01 00:00:00","FISCAL_YEAR":"12-31","CURRENCY":"HKD","IS_CNY_CODE":0,"DPS_HKD_LY":null,"ORG_TYPE":"一般企业","PREMIUM_INCOME":null,"PREMIUM_INCOME_YOY":null,"NET_INTEREST_INCOME":null,"NET_INTEREST_INCOME_YOY":null,"FEE_COMMISSION_INCOME":null,"FEE_COMMISSION_INCOME_YOY":null,"ACCOUNTS_RECE_TDAYS":2.070005450895,"INVENTORY_TDAYS":1.685770072467,"CURRENT_ASSETS_TDAYS":0.785907536252,"TOTAL_ASSETS_TDAYS":0.574978581347,"PREMIUM_EXPENSE":null,"LOAN_DEPOSIT":null,"LOAN_EQUITY":null,"LOAN_ASSETS":null,"DEPOSIT_EQUITY":null,"DEPOSIT_ASSETS":null,"EQUITY_MULTIPLIER":1.748314044807,"EQUITY_RATIO":0.748314044808},{"SECUCODE":"01710.HK","SECURITY_CODE":"01710","SECURITY_NAME_ABBR":"致丰工业电子","ORG_CODE":"10660971","STD_REPORT_DATE":"2023-12-31 00:00:00","REPORT_DATE":"2023-12-31 00:00:00","DATE_TYPE_CODE":"001","REPORT_TYPE":"2023年年报","PER_NETCASH_OPERATE":0.04716240746,"PER_OI":1.05140641242,"BPS":0.3722162717,"BASIC_EPS":0.042682962,"DILUTED_EPS":0.042682962,"OPERATE_INCOME":1051406412.42,"OPERATE_INCOME_YOY":18.6184890548,"GROSS_PROFIT":201834224.62,"GROSS_PROFIT_YOY":8.999181052446,"HOLDER_PROFIT":42727366.78,"HOLDER_PROFIT_YOY":3.8112642565,"GROSS_PROFIT_RATIO":19.196594412568,"EPS_TTM":0.04272736678,"OPERATE_INCOME_QOQ":1.247953999392,"NET_PROFIT_RATIO":4.0638297689,"ROE_AVG":11.867354643846,"GROSS_PROFIT_QOQ":-13.193838906555,"ROA":6.70546389568,"HOLDER_PROFIT_QOQ":-28.627413994967,"ROE_YEARLY":11.867354643846,"ROIC_YEARLY":7.410213109047,"TOTAL_ASSETS":618739829.4,"TOTAL_LIABILITIES":246523557.7,"TAX_EBT":17.923230916529,"OCF_SALES":4.485649593048,"TOTAL_PARENT_EQUITY":372216271.7,"DEBT_ASSET_RATIO":39.8428460536,"OPERATE_PROFIT":60972294.04,"PRETAX_PROFIT":52057807.9,"NETCASH_OPERATE":47162407.46,"NETCASH_INVEST":-28865825.66,"NETCASH_FINANCE":-27783798.98,"END_CASH":55233202.78,"DIVI_RATIO":null,"DIVIDEND_RATE":null,"CURRENT_RATIO":2.900344775722,"COMMON_ACS":null,"CURRENTDEBT_DEBT":63.54549965997,"ISSUED_COMMON_SHARES":1000000000,"HK_COMMON_SHARES":1000000000,"PER_SHARES":4000,"TOTAL_MARKET_CAP":133000000,"HKSK_MARKET_CAP":133000000,"PE_TTM":-300.225733634312,"PB_TTM":0.346438069637,"REPORT_DATE_SQ":"2022-12-31 00:00:00","REPORT_TYPE_SQ":"2022年年报","OPERATE_INCOME_SQ":873710066.81,"DPS_HKD":null,"OPERATE_INCOME_QOQ_SQ":25.788886575183,"NET_PROFIT_RATIO_SQ":4.6434782431,"HOLDER_PROFIT_SQ":40570536.86,"HOLDER_PROFIT_QOQ_SQ":13166.9558935963,"ROE_AVG_SQ":12.468361032872,"PE_TTM_SQ":3.696327811472,"PB_TTM_SQ":0.625424395125,"ROA_SQ":6.854874616075,"START_DATE":"2023-01-01 00:00:00","FISCAL_YEAR":"12-31","CURRENCY":"HKD","IS_CNY_CODE":0,"DPS_HKD_LY":0.02,"ORG_TYPE":"一般企业","PREMIUM_INCOME":null,"PREMIUM_INCOME_YOY":null,"NET_INTEREST_INCOME":null,"NET_INTEREST_INCOME_YOY":null,"FEE_COMMISSION_INCOME":null,"FEE_COMMISSION_INCOME_YOY":null,"ACCOUNTS_RECE_TDAYS":5.753473771906,"INVENTORY_TDAYS":4.168243205691,"CURRENT_ASSETS_TDAYS":2.217418476911,"TOTAL_ASSETS_TDAYS":1.650035625755,"PREMIUM_EXPENSE":null,"LOAN_DEPOSIT":null,"LOAN_EQUITY":null,"LOAN_ASSETS":null,"DEPOSIT_EQUITY":null,"DEPOSIT_ASSETS":null,"EQUITY_MULTIPLIER":1.662312683361,"EQUITY_RATIO":0.66231268336},{"SECUCODE":"01710.HK","SECURITY_CODE":"01710","SECURITY_NAME_ABBR":"致丰工业电子","ORG_CODE":"10660971","STD_REPORT_DATE":"2023-06-30 00:00:00","REPORT_DATE":"2023-06-30 00:00:00","DATE_TYPE_CODE":"002","REPORT_TYPE":"2023年中报","PER_NETCASH_OPERATE":0.01140858052,"PER_OI":0.5217069929,"BPS":0.36117091332,"BASIC_EPS":0.020006966,"DILUTED_EPS":0.020006966,"OPERATE_INCOME":521706992.9,"OPERATE_INCOME_YOY":35.5614063668,"GROSS_PROFIT":109756187.12,"GROSS_PROFIT_YOY":75.848527362963,"HOLDER_PROFIT":20043845.2,"HOLDER_PROFIT_YOY":2381.7351598174,"GROSS_PROFIT_RATIO":21.037898401534,"EPS_TTM":0.05986523562,"OPERATE_INCOME_QOQ":18.854882199248,"NET_PROFIT_RATIO":3.8419736505,"ROE_AVG":5.605989693128,"GROSS_PROFIT_QOQ":25.566180648296,"ROA":2.910329326387,"HOLDER_PROFIT_QOQ":47.558401375318,"ROE_YEARLY":11.211979386255,"ROIC_YEARLY":6.376137875916,"TOTAL_ASSETS":710360696.54,"TOTAL_LIABILITIES":349189783.22,"TAX_EBT":21.4822305692,"OCF_SALES":2.186779298584,"TOTAL_PARENT_EQUITY":361170913.32,"DEBT_ASSET_RATIO":49.1566868664,"OPERATE_PROFIT":30313780.42,"PRETAX_PROFIT":25527782.24,"NETCASH_OPERATE":11408580.52,"NETCASH_INVEST":-15849758.18,"NETCASH_FINANCE":-8193636.26,"END_CASH":52882928.84,"DIVI_RATIO":null,"DIVIDEND_RATE":null,"CURRENT_RATIO":2.131893773182,"COMMON_ACS":null,"CURRENTDEBT_DEBT":73.890990893465,"ISSUED_COMMON_SHARES":1000000000,"HK_COMMON_SHARES":1000000000,"PER_SHARES":4000,"TOTAL_MARKET_CAP":133000000,"HKSK_MARKET_CAP":133000000,"PE_TTM":-300.225733634312,"PB_TTM":0.346438069637,"REPORT_DATE_SQ":"2022-06-30 00:00:00","REPORT_TYPE_SQ":"2022年中报","OPERATE_INCOME_SQ":356969989.04,"DPS_HKD":null,"OPERATE_INCOME_QOQ_SQ":14.175294437547,"NET_PROFIT_RATIO_SQ":0.2098625831,"HOLDER_PROFIT_SQ":749146.44,"HOLDER_PROFIT_QOQ_SQ":103.533855241379,"ROE_AVG_SQ":0.25412850025,"PE_TTM_SQ":3.696327811472,"PB_TTM_SQ":0.625424395125,"ROA_SQ":0.130361798636,"START_DATE":"2023-01-01 00:00:00","FISCAL_YEAR":"12-31","CURRENCY":"HKD","IS_CNY_CODE":0,"DPS_HKD_LY":0.02,"ORG_TYPE":"一般企业","PREMIUM_INCOME":null,"PREMIUM_INCOME_YOY":null,"NET_INTEREST_INCOME":null,"NET_INTEREST_INCOME_YOY":null,"FEE_COMMISSION_INCOME":null,"FEE_COMMISSION_INCOME_YOY":null,"ACCOUNTS_RECE_TDAYS":2.676158586475,"INVENTORY_TDAYS":1.74347578392,"CURRENT_ASSETS_TDAYS":0.991249890514,"TOTAL_ASSETS_TDAYS":0.757508924095,"PREMIUM_EXPENSE":null,"LOAN_DEPOSIT":null,"LOAN_EQUITY":null,"LOAN_ASSETS":null,"DEPOSIT_EQUITY":null,"DEPOSIT_ASSETS":null,"EQUITY_MULTIPLIER":1.966826979533,"EQUITY_RATIO":0.966826979532},{"SECUCODE":"01710.HK","SECURITY_CODE":"01710","SECURITY_NAME_ABBR":"致丰工业电子","ORG_CODE":"10660971","STD_REPORT_DATE":"2022-12-31 00:00:00","REPORT_DATE":"2022-12-31 00:00:00","DATE_TYPE_CODE":"001","REPORT_TYPE":"2022年年报","PER_NETCASH_OPERATE":0.0456371643,"PER_OI":0.87371006681,"BPS":0.34289508855,"BASIC_EPS":0.040554458,"DILUTED_EPS":0.040554458,"OPERATE_INCOME":873710066.81,"OPERATE_INCOME_YOY":31.4536190961,"GROSS_PROFIT":185170404.65,"GROSS_PROFIT_YOY":62.550823027333,"HOLDER_PROFIT":40570536.86,"HOLDER_PROFIT_YOY":529.119425548,"GROSS_PROFIT_RATIO":21.19357572771,"EPS_TTM":0.04057053686,"OPERATE_INCOME_QOQ":25.788886575183,"NET_PROFIT_RATIO":4.6434782431,"ROE_AVG":12.468361032872,"GROSS_PROFIT_QOQ":53.468511472728,"ROA":6.854874616075,"HOLDER_PROFIT_QOQ":13166.9558935963,"ROE_YEARLY":12.468361032872,"ROIC_YEARLY":7.636203452752,"TOTAL_ASSETS":646295137.32,"TOTAL_LIABILITIES":303400048.77,"TAX_EBT":18.720807458974,"OCF_SALES":5.223376270188,"TOTAL_PARENT_EQUITY":342895088.55,"DEBT_ASSET_RATIO":46.9445043372,"OPERATE_PROFIT":59535552.23,"PRETAX_PROFIT":49915034.33,"NETCASH_OPERATE":45637164.3,"NETCASH_INVEST":-11012232.56,"NETCASH_FINANCE":-28358642.69,"END_CASH":65026482.92,"DIVI_RATIO":null,"DIVIDEND_RATE":null,"CURRENT_RATIO":2.283033092778,"COMMON_ACS":null,"CURRENTDEBT_DEBT":70.293624926763,"ISSUED_COMMON_SHARES":1000000000,"HK_COMMON_SHARES":1000000000,"PER_SHARES":4000,"TOTAL_MARKET_CAP":133000000,"HKSK_MARKET_CAP":133000000,"PE_TTM":-300.225733634312,"PB_TTM":0.346438069637,"REPORT_DATE_SQ":"2021-12-31 00:00:00","REPORT_TYPE_SQ":"2021年年报","OPERATE_INCOME_SQ":608349179.2,"DPS_HKD":null,"OPERATE_INCOME_QOQ_SQ":0.746836026284,"NET_PROFIT_RATIO_SQ":-1.422452548,"HOLDER_PROFIT_SQ":-8653478.4,"HOLDER_PROFIT_QOQ_SQ":-147.391951551908,"ROE_AVG_SQ":-2.983627260836,"PE_TTM_SQ":3.696327811472,"PB_TTM_SQ":0.625424395125,"ROA_SQ":-1.8481993415,"START_DATE":"2022-01-01 00:00:00","FISCAL_YEAR":"12-31","CURRENCY":"HKD","IS_CNY_CODE":0,"DPS_HKD_LY":0.008,"ORG_TYPE":"一般企业","PREMIUM_INCOME":null,"PREMIUM_INCOME_YOY":null,"NET_INTEREST_INCOME":null,"NET_INTEREST_INCOME_YOY":null,"FEE_COMMISSION_INCOME":null,"FEE_COMMISSION_INCOME_YOY":null,"ACCOUNTS_RECE_TDAYS":5.244759144519,"INVENTORY_TDAYS":3.159424685721,"CURRENT_ASSETS_TDAYS":1.85470539268,"TOTAL_ASSETS_TDAYS":1.476237048441,"PREMIUM_EXPENSE":null,"LOAN_DEPOSIT":null,"LOAN_EQUITY":null,"LOAN_ASSETS":null,"DEPOSIT_EQUITY":null,"DEPOSIT_ASSETS":null,"EQUITY_MULTIPLIER":1.88481888164,"EQUITY_RATIO":0.884818881638},{"SECUCODE":"01710.HK","SECURITY_CODE":"01710","SECURITY_NAME_ABBR":"致丰工业电子","ORG_CODE":"10660971","STD_REPORT_DATE":"2022-06-30 00:00:00","REPORT_DATE":"2022-06-30 00:00:00","DATE_TYPE_CODE":"002","REPORT_TYPE":"2022年中报","PER_NETCASH_OPERATE":-0.02199121085,"PER_OI":0.35696998904,"BPS":0.29482504212,"BASIC_EPS":0.000769671,"DILUTED_EPS":0.000769671,"OPERATE_INCOME":356969989.04,"OPERATE_INCOME_YOY":28.2892452001,"GROSS_PROFIT":62415186.96,"GROSS_PROFIT_YOY":12.109045057616,"HOLDER_PROFIT":749146.44,"HOLDER_PROFIT_YOY":108.8780784433,"GROSS_PROFIT_RATIO":17.484715487667,"EPS_TTM":0.0003058014,"OPERATE_INCOME_QOQ":14.175294437547,"NET_PROFIT_RATIO":0.2098625831,"ROE_AVG":0.25412850025,"GROSS_PROFIT_QOQ":5.918029351721,"ROA":0.130361798636,"HOLDER_PROFIT_QOQ":103.533855241379,"ROE_YEARLY":0.5082570005,"ROIC_YEARLY":0.289400460365,"TOTAL_ASSETS":634840034.22,"TOTAL_LIABILITIES":340014992.1,"TAX_EBT":37.204301075269,"OCF_SALES":-6.160520919179,"TOTAL_PARENT_EQUITY":294825042.12,"DEBT_ASSET_RATIO":53.5591603825,"OPERATE_PROFIT":4517113.58,"PRETAX_PROFIT":1192990.05,"NETCASH_OPERATE":-21991210.85,"NETCASH_INVEST":-230046.11,"NETCASH_FINANCE":28713004.25,"END_CASH":60190837.77,"DIVI_RATIO":null,"DIVIDEND_RATE":null,"CURRENT_RATIO":1.903837227294,"COMMON_ACS":null,"CURRENTDEBT_DEBT":74.775019492442,"ISSUED_COMMON_SHARES":1000000000,"HK_COMMON_SHARES":1000000000,"PER_SHARES":4000,"TOTAL_MARKET_CAP":133000000,"HKSK_MARKET_CAP":133000000,"PE_TTM":-300.225733634312,"PB_TTM":0.346438069637,"REPORT_DATE_SQ":"2021-06-30 00:00:00","REPORT_TYPE_SQ":"2021年中报","OPERATE_INCOME_SQ":270734701.68,"DPS_HKD":null,"OPERATE_INCOME_QOQ_SQ":2.245519339443,"NET_PROFIT_RATIO_SQ":-3.032538241,"HOLDER_PROFIT_SQ":-8210133.36,"HOLDER_PROFIT_QOQ_SQ":-24.881392809353,"ROE_AVG_SQ":-2.793000373646,"PE_TTM_SQ":3.696327811472,"PB_TTM_SQ":0.625424395125,"ROA_SQ":-1.80698565601,"START_DATE":"2022-01-01 00:00:00","FISCAL_YEAR":"12-31","CURRENCY":"HKD","IS_CNY_CODE":0,"DPS_HKD_LY":0.008,"ORG_TYPE":"一般企业","PREMIUM_INCOME":null,"PREMIUM_INCOME_YOY":null,"NET_INTEREST_INCOME":null,"NET_INTEREST_INCOME_YOY":null,"FEE_COMMISSION_INCOME":null,"FEE_COMMISSION_INCOME_YOY":null,"ACCOUNTS_RECE_TDAYS":2.491701114776,"INVENTORY_TDAYS":1.264056458879,"CURRENT_ASSETS_TDAYS":0.776117182881,"TOTAL_ASSETS_TDAYS":0.621176946796,"PREMIUM_EXPENSE":null,"LOAN_DEPOSIT":null,"LOAN_EQUITY":null,"LOAN_ASSETS":null,"DEPOSIT_EQUITY":null,"DEPOSIT_ASSETS":null,"EQUITY_MULTIPLIER":2.153277176374,"EQUITY_RATIO":1.153277176372},{"SECUCODE":"01710.HK","SECURITY_CODE":"01710","SECURITY_NAME_ABBR":"致丰工业电子","ORG_CODE":"10660971","STD_REPORT_DATE":"2021-12-31 00:00:00","REPORT_DATE":"2021-12-31 00:00:00","DATE_TYPE_CODE":"001","REPORT_TYPE":"2021年年报","PER_NETCASH_OPERATE":-0.0034167504,"PER_OI":0.6083491792,"BPS":0.2817997392,"BASIC_EPS":-0.00866656,"DILUTED_EPS":-0.00866656,"OPERATE_INCOME":608349179.2,"OPERATE_INCOME_YOY":6.0379165426,"GROSS_PROFIT":113915390.4,"GROSS_PROFIT_YOY":-25.830713096335,"HOLDER_PROFIT":-8653478.4,"HOLDER_PROFIT_YOY":-136.6469305079,"GROSS_PROFIT_RATIO":18.725329842608,"EPS_TTM":-0.0086534784,"OPERATE_INCOME_QOQ":0.746836026284,"NET_PROFIT_RATIO":-1.422452548,"ROE_AVG":-2.983627260836,"GROSS_PROFIT_QOQ":-22.98752943525,"ROA":-1.8481993415,"HOLDER_PROFIT_QOQ":-147.391951551908,"ROE_YEARLY":-2.983627260836,"ROIC_YEARLY":-2.15269620929,"TOTAL_ASSETS":491879606.4,"TOTAL_LIABILITIES":210079867.2,"TAX_EBT":31.694094869313,"OCF_SALES":-0.561642970324,"TOTAL_PARENT_EQUITY":281799739.2,"DEBT_ASSET_RATIO":42.709611146,"OPERATE_PROFIT":-7073875.2,"PRETAX_PROFIT":-12668712,"NETCASH_OPERATE":-3416750.4,"NETCASH_INVEST":-11129988.8,"NETCASH_FINANCE":-15936659.2,"END_CASH":51337104,"DIVI_RATIO":null,"DIVIDEND_RATE":null,"CURRENT_RATIO":2.086853085576,"COMMON_ACS":null,"CURRENTDEBT_DEBT":95.045670897111,"ISSUED_COMMON_SHARES":1000000000,"HK_COMMON_SHARES":1000000000,"PER_SHARES":4000,"TOTAL_MARKET_CAP":133000000,"HKSK_MARKET_CAP":133000000,"PE_TTM":-300.225733634312,"PB_TTM":0.346438069637,"REPORT_DATE_SQ":"2020-12-31 00:00:00","REPORT_TYPE_SQ":"2020年年报","OPERATE_INCOME_SQ":590577946.36,"DPS_HKD":null,"OPERATE_INCOME_QOQ_SQ":-6.059433241873,"NET_PROFIT_RATIO_SQ":4.1158673448,"HOLDER_PROFIT_SQ":24307404.84,"HOLDER_PROFIT_QOQ_SQ":393.018772893771,"ROE_AVG_SQ":8.052742521916,"PE_TTM_SQ":3.696327811472,"PB_TTM_SQ":0.625424395125,"ROA_SQ":5.454638170569,"START_DATE":"2021-01-01 00:00:00","FISCAL_YEAR":"12-31","CURRENCY":"HKD","IS_CNY_CODE":0,"DPS_HKD_LY":0.012,"ORG_TYPE":"一般企业","PREMIUM_INCOME":null,"PREMIUM_INCOME_YOY":null,"NET_INTEREST_INCOME":null,"NET_INTEREST_INCOME_YOY":null,"FEE_COMMISSION_INCOME":null,"FEE_COMMISSION_INCOME_YOY":null,"ACCOUNTS_RECE_TDAYS":4.188587689251,"INVENTORY_TDAYS":3.211055062921,"CURRENT_ASSETS_TDAYS":1.548903687266,"TOTAL_ASSETS_TDAYS":1.299304742472,"PREMIUM_EXPENSE":null,"LOAN_DEPOSIT":null,"LOAN_EQUITY":null,"LOAN_ASSETS":null,"DEPOSIT_EQUITY":null,"DEPOSIT_ASSETS":null,"EQUITY_MULTIPLIER":1.745493476311,"EQUITY_RATIO":0.745493476312},{"SECUCODE":"01710.HK","SECURITY_CODE":"01710","SECURITY_NAME_ABBR":"致丰工业电子","ORG_CODE":"10660971","STD_REPORT_DATE":"2021-06-30 00:00:00","REPORT_DATE":"2021-06-30 00:00:00","DATE_TYPE_CODE":"002","REPORT_TYPE":"2021年中报","PER_NETCASH_OPERATE":-0.00049175928,"PER_OI":0.27073470168,"BPS":0.28436084376,"BASIC_EPS":-0.008237592,"DILUTED_EPS":-0.008237592,"OPERATE_INCOME":270734701.68,"OPERATE_INCOME_YOY":15.4321819833,"GROSS_PROFIT":55673640.72,"GROSS_PROFIT_YOY":-9.243380803867,"HOLDER_PROFIT":-8210133.36,"HOLDER_PROFIT_YOY":-316.8567807351,"GROSS_PROFIT_RATIO":20.563910121062,"EPS_TTM":0.01825938396,"OPERATE_INCOME_QOQ":2.245519339443,"NET_PROFIT_RATIO":-3.032538241,"ROE_AVG":-2.793000373646,"GROSS_PROFIT_QOQ":-3.691848398363,"ROA":-1.80698565601,"HOLDER_PROFIT_QOQ":-24.881392809353,"ROE_YEARLY":-5.586000747291,"ROIC_YEARLY":-4.344715074845,"TOTAL_ASSETS":456294366.24,"TOTAL_LIABILITIES":171933522.48,"TAX_EBT":-17.408376963351,"OCF_SALES":-0.181638806163,"TOTAL_PARENT_EQUITY":284360843.76,"DEBT_ASSET_RATIO":37.6803956395,"OPERATE_PROFIT":-4528179.36,"PRETAX_PROFIT":-6992800.32,"NETCASH_OPERATE":-491759.28,"NETCASH_INVEST":-6387046.08,"NETCASH_FINANCE":-4798605.36,"END_CASH":70281637.2,"DIVI_RATIO":null,"DIVIDEND_RATE":null,"CURRENT_RATIO":2.393867227022,"COMMON_ACS":null,"CURRENTDEBT_DEBT":93.27496842197,"ISSUED_COMMON_SHARES":1000000000,"HK_COMMON_SHARES":1000000000,"PER_SHARES":4000,"TOTAL_MARKET_CAP":133000000,"HKSK_MARKET_CAP":133000000,"PE_TTM":-300.225733634312,"PB_TTM":0.346438069637,"REPORT_DATE_SQ":"2020-06-30 00:00:00","REPORT_TYPE_SQ":"2020年中报","OPERATE_INCOME_SQ":257473159.68,"DPS_HKD":null,"OPERATE_INCOME_QOQ_SQ":-13.206043201249,"NET_PROFIT_RATIO_SQ":-0.839742862,"HOLDER_PROFIT_SQ":-2162112.48,"HOLDER_PROFIT_QOQ_SQ":-75.381575885482,"ROE_AVG_SQ":-0.681137358384,"PE_TTM_SQ":3.696327811472,"PB_TTM_SQ":0.625424395125,"ROA_SQ":-0.457300286127,"START_DATE":"2021-01-01 00:00:00","FISCAL_YEAR":"12-31","CURRENCY":"HKD","IS_CNY_CODE":0,"DPS_HKD_LY":0.012,"ORG_TYPE":"一般企业","PREMIUM_INCOME":null,"PREMIUM_INCOME_YOY":null,"NET_INTEREST_INCOME":null,"NET_INTEREST_INCOME_YOY":null,"FEE_COMMISSION_INCOME":null,"FEE_COMMISSION_INCOME_YOY":null,"ACCOUNTS_RECE_TDAYS":2.144669323024,"INVENTORY_TDAYS":1.482691265177,"CURRENT_ASSETS_TDAYS":0.71313957324,"TOTAL_ASSETS_TDAYS":0.59586574428,"PREMIUM_EXPENSE":null,"LOAN_DEPOSIT":null,"LOAN_EQUITY":null,"LOAN_ASSETS":null,"DEPOSIT_EQUITY":null,"DEPOSIT_ASSETS":null,"EQUITY_MULTIPLIER":1.604631496399,"EQUITY_RATIO":0.604631496399},{"SECUCODE":"01710.HK","SECURITY_CODE":"01710","SECURITY_NAME_ABBR":"致丰工业电子","ORG_CODE":"10660971","STD_REPORT_DATE":"2020-12-31 00:00:00","REPORT_DATE":"2020-12-31 00:00:00","DATE_TYPE_CODE":"001","REPORT_TYPE":"2020年年报","PER_NETCASH_OPERATE":0.03412934364,"PER_OI":0.59057794636,"BPS":0.3070344802,"BASIC_EPS":0.024323396,"DILUTED_EPS":0.024323396,"OPERATE_INCOME":590577946.36,"OPERATE_INCOME_YOY":-13.220397255,"GROSS_PROFIT":153588358.68,"GROSS_PROFIT_YOY":-10.256484919193,"HOLDER_PROFIT":24307404.84,"HOLDER_PROFIT_YOY":29.1810171311,"GROSS_PROFIT_RATIO":26.006450059071,"EPS_TTM":0.02430740484,"OPERATE_INCOME_QOQ":-6.059433241873,"NET_PROFIT_RATIO":4.1158673448,"ROE_AVG":8.052742521916,"GROSS_PROFIT_QOQ":4.148455843204,"ROA":5.454638170569,"HOLDER_PROFIT_QOQ":393.018772893771,"ROE_YEARLY":8.052742521916,"ROIC_YEARLY":6.700485002732,"TOTAL_ASSETS":457613975.88,"TOTAL_LIABILITIES":150579495.68,"TAX_EBT":23.382411460406,"OCF_SALES":5.778973605492,"TOTAL_PARENT_EQUITY":307034480.2,"DEBT_ASSET_RATIO":32.9053533364,"OPERATE_PROFIT":37154197.8,"PRETAX_PROFIT":31725619.8,"NETCASH_OPERATE":34129343.64,"NETCASH_INVEST":-10616446.96,"NETCASH_FINANCE":-22083791.96,"END_CASH":83504154.24,"DIVI_RATIO":null,"DIVIDEND_RATE":null,"CURRENT_RATIO":2.839739393176,"COMMON_ACS":null,"CURRENTDEBT_DEBT":88.792255410481,"ISSUED_COMMON_SHARES":1000000000,"HK_COMMON_SHARES":1000000000,"PER_SHARES":4000,"TOTAL_MARKET_CAP":133000000,"HKSK_MARKET_CAP":133000000,"PE_TTM":-300.225733634312,"PB_TTM":0.346438069637,"REPORT_DATE_SQ":"2019-12-31 00:00:00","REPORT_TYPE_SQ":"2019年年报","OPERATE_INCOME_SQ":724326812.22,"DPS_HKD":null,"OPERATE_INCOME_QOQ_SQ":-8.350306511481,"NET_PROFIT_RATIO_SQ":2.7649057196,"HOLDER_PROFIT_SQ":20026953.46,"HOLDER_PROFIT_QOQ_SQ":-51.491248309813,"ROE_AVG_SQ":6.347939907948,"PE_TTM_SQ":3.696327811472,"PB_TTM_SQ":0.625424395125,"ROA_SQ":4.106692823712,"START_DATE":"2020-01-01 00:00:00","FISCAL_YEAR":"12-31","CURRENCY":"HKD","IS_CNY_CODE":0,"DPS_HKD_LY":0.016,"ORG_TYPE":"一般企业","PREMIUM_INCOME":null,"PREMIUM_INCOME_YOY":null,"NET_INTEREST_INCOME":null,"NET_INTEREST_INCOME_YOY":null,"FEE_COMMISSION_INCOME":null,"FEE_COMMISSION_INCOME_YOY":null,"ACCOUNTS_RECE_TDAYS":4.131541838029,"INVENTORY_TDAYS":3.734988813996,"CURRENT_ASSETS_TDAYS":1.602799020548,"TOTAL_ASSETS_TDAYS":1.32527064494,"PREMIUM_EXPENSE":null,"LOAN_DEPOSIT":null,"LOAN_EQUITY":null,"LOAN_ASSETS":null,"DEPOSIT_EQUITY":null,"DEPOSIT_ASSETS":null,"EQUITY_MULTIPLIER":1.490431874563,"EQUITY_RATIO":0.490431874563},{"SECUCODE":"01710.HK","SECURITY_CODE":"01710","SECURITY_NAME_ABBR":"致丰工业电子","ORG_CODE":"10660971","STD_REPORT_DATE":"2020-06-30 00:00:00","REPORT_DATE":"2020-06-30 00:00:00","DATE_TYPE_CODE":"002","REPORT_TYPE":"2020年中报","PER_NETCASH_OPERATE":0.04190223312,"PER_OI":0.25747315968,"BPS":0.31287420912,"BASIC_EPS":-0.002192256,"DILUTED_EPS":-0.002192256,"OPERATE_INCOME":257473159.68,"OPERATE_INCOME_YOY":-29.7842500816,"GROSS_PROFIT":61343890.08,"GROSS_PROFIT_YOY":-27.843230979825,"HOLDER_PROFIT":-2162112.48,"HOLDER_PROFIT_YOY":-116.0976605005,"GROSS_PROFIT_RATIO":23.825353351876,"EPS_TTM":0.00493032034,"OPERATE_INCOME_QOQ":-13.206043201249,"NET_PROFIT_RATIO":-0.839742862,"ROE_AVG":-0.681137358384,"GROSS_PROFIT_QOQ":-13.831161149508,"ROA":-0.457300286127,"HOLDER_PROFIT_QOQ":-75.381575885482,"ROE_YEARLY":-1.362274716768,"ROIC_YEARLY":-1.18156223793,"TOTAL_ASSETS":474962310.24,"TOTAL_LIABILITIES":162088101.12,"TAX_EBT":-27.876823338736,"OCF_SALES":16.274408242039,"TOTAL_PARENT_EQUITY":312874209.12,"DEBT_ASSET_RATIO":34.1265185943,"OPERATE_PROFIT":772770.24,"PRETAX_PROFIT":-1690777.44,"NETCASH_OPERATE":41902233.12,"NETCASH_INVEST":-1957501.92,"NETCASH_FINANCE":-4306869.6,"END_CASH":124205004,"DIVI_RATIO":null,"DIVIDEND_RATE":null,"CURRENT_RATIO":2.77708073014,"COMMON_ACS":null,"CURRENTDEBT_DEBT":87.49492809161,"ISSUED_COMMON_SHARES":1000000000,"HK_COMMON_SHARES":1000000000,"PER_SHARES":4000,"TOTAL_MARKET_CAP":133000000,"HKSK_MARKET_CAP":133000000,"PE_TTM":-300.225733634312,"PB_TTM":0.346438069637,"REPORT_DATE_SQ":"2019-06-30 00:00:00","REPORT_TYPE_SQ":"2019年中报","OPERATE_INCOME_SQ":353128071.42,"DPS_HKD":null,"OPERATE_INCOME_QOQ_SQ":1.807738263716,"NET_PROFIT_RATIO_SQ":3.6628412428,"HOLDER_PROFIT_SQ":12934520.64,"HOLDER_PROFIT_QOQ_SQ":11.186250356287,"ROE_AVG_SQ":4.187259102319,"PE_TTM_SQ":3.696327811472,"PB_TTM_SQ":0.625424395125,"ROA_SQ":2.642909717061,"START_DATE":"2020-01-01 00:00:00","FISCAL_YEAR":"12-31","CURRENCY":"HKD","IS_CNY_CODE":0,"DPS_HKD_LY":0.016,"ORG_TYPE":"一般企业","PREMIUM_INCOME":null,"PREMIUM_INCOME_YOY":null,"NET_INTEREST_INCOME":null,"NET_INTEREST_INCOME_YOY":null,"FEE_COMMISSION_INCOME":null,"FEE_COMMISSION_INCOME_YOY":null,"ACCOUNTS_RECE_TDAYS":2.06126642632,"INVENTORY_TDAYS":1.462008810933,"CURRENT_ASSETS_TDAYS":0.658860378549,"TOTAL_ASSETS_TDAYS":0.544571805032,"PREMIUM_EXPENSE":null,"LOAN_DEPOSIT":null,"LOAN_EQUITY":null,"LOAN_ASSETS":null,"DEPOSIT_EQUITY":null,"DEPOSIT_ASSETS":null,"EQUITY_MULTIPLIER":1.518061560829,"EQUITY_RATIO":0.518061560829}],"count":18},"success":true,"message":"ok","code":0}