{"version":"244b7bc06ae6e027de565233c32db1bf","result":{"pages":3,"data":[{"SECUCODE":"01718.HK","SECURITY_CODE":"01718","SECURITY_NAME_ABBR":"宏基集团控股","ORG_CODE":"10443291","STD_REPORT_DATE":"2024-06-30 00:00:00","REPORT_DATE":"2024-09-30 00:00:00","DATE_TYPE_CODE":"002","REPORT_TYPE":"2024年中报","PER_NETCASH_OPERATE":-0.240469505295,"PER_OI":1.398056309375,"BPS":0.722073899132,"BASIC_EPS":-0.08386647,"DILUTED_EPS":-0.08386647,"OPERATE_INCOME":161056086.84,"OPERATE_INCOME_YOY":14.5815690199,"GROSS_PROFIT":34745968.7,"GROSS_PROFIT_YOY":-8.03910003874,"HOLDER_PROFIT":-9525607.77,"HOLDER_PROFIT_YOY":-157.476330395,"GROSS_PROFIT_RATIO":21.573831440794,"EPS_TTM":-0.162280602655,"OPERATE_INCOME_QOQ":0,"NET_PROFIT_RATIO":-6.5729355641,"ROE_AVG":-11.571832343726,"GROSS_PROFIT_QOQ":0,"ROA":-3.241716043312,"HOLDER_PROFIT_QOQ":0,"ROE_YEARLY":-23.143664687452,"ROIC_YEARLY":-10.614658571161,"TOTAL_ASSETS":295532815.22,"TOTAL_LIABILITIES":212807109.57,"TAX_EBT":-10.2357028829,"OCF_SALES":-17.200273242402,"TOTAL_PARENT_EQUITY":83182913.18,"DEBT_ASSET_RATIO":72.0079458559,"OPERATE_PROFIT":-4992309.44,"PRETAX_PROFIT":-9603161.71,"NETCASH_OPERATE":-27702087.01,"NETCASH_INVEST":-9784421.5,"NETCASH_FINANCE":16691231.11,"END_CASH":104024181.87,"DIVI_RATIO":null,"DIVIDEND_RATE":null,"CURRENT_RATIO":1.315096901509,"COMMON_ACS":200000000,"CURRENTDEBT_DEBT":97.060805227495,"ISSUED_COMMON_SHARES":115200000,"HK_COMMON_SHARES":115200000,"PER_SHARES":5000,"TOTAL_MARKET_CAP":37440000,"HKSK_MARKET_CAP":37440000,"PE_TTM":-0.755404714936,"PB_TTM":0.40588885757,"REPORT_DATE_SQ":"2023-06-30 00:00:00","REPORT_TYPE_SQ":"2023年中报","OPERATE_INCOME_SQ":143029152.84,"DPS_HKD":null,"OPERATE_INCOME_QOQ_SQ":0,"NET_PROFIT_RATIO_SQ":11.7907460159,"HOLDER_PROFIT_SQ":16864204.14,"HOLDER_PROFIT_QOQ_SQ":0,"ROE_AVG_SQ":14.557381923379,"PE_TTM_SQ":-3.564040563237,"PB_TTM_SQ":0.767130585337,"ROA_SQ":5.044502763681,"START_DATE":"2024-04-01 00:00:00","FISCAL_YEAR":"3-31","CURRENCY":"HKD","IS_CNY_CODE":0,"DPS_HKD_LY":null,"ORG_TYPE":"一般企业","PREMIUM_INCOME":null,"PREMIUM_INCOME_YOY":null,"NET_INTEREST_INCOME":null,"NET_INTEREST_INCOME_YOY":null,"FEE_COMMISSION_INCOME":null,"FEE_COMMISSION_INCOME_YOY":null,"ACCOUNTS_RECE_TDAYS":3.280723024358,"INVENTORY_TDAYS":20.692273600236,"CURRENT_ASSETS_TDAYS":0.583529373725,"TOTAL_ASSETS_TDAYS":0.548099515735,"PREMIUM_EXPENSE":null,"LOAN_DEPOSIT":null,"LOAN_EQUITY":null,"LOAN_ASSETS":null,"DEPOSIT_EQUITY":null,"DEPOSIT_ASSETS":null,"EQUITY_MULTIPLIER":3.57244236115,"EQUITY_RATIO":2.558303159082},{"SECUCODE":"01718.HK","SECURITY_CODE":"01718","SECURITY_NAME_ABBR":"宏基集团控股","ORG_CODE":"10443291","STD_REPORT_DATE":"2023-12-31 00:00:00","REPORT_DATE":"2024-03-31 00:00:00","DATE_TYPE_CODE":"001","REPORT_TYPE":"2023年年报","PER_NETCASH_OPERATE":0.399401311502,"PER_OI":2.725824209867,"BPS":0.710775947534,"BASIC_EPS":-0.201344755,"DILUTED_EPS":-0.201344755,"OPERATE_INCOME":261679124.1472,"OPERATE_INCOME_YOY":-8.4936243425,"GROSS_PROFIT":48113760.57435,"GROSS_PROFIT_YOY":2.178739856403,"HOLDER_PROFIT":-18694725.4258,"HOLDER_PROFIT_YOY":56.1196247017,"GROSS_PROFIT_RATIO":18.386549072705,"EPS_TTM":-0.257333280385,"OPERATE_INCOME_QOQ":0,"NET_PROFIT_RATIO":-6.9635044918,"ROE_AVG":-19.861207943002,"GROSS_PROFIT_QOQ":0,"ROA":-6.082611550484,"HOLDER_PROFIT_QOQ":0,"ROE_YEARLY":-19.861207943002,"ROIC_YEARLY":-9.755173289198,"TOTAL_ASSETS":293698629.7,"TOTAL_LIABILITIES":211357599.75,"TAX_EBT":-3.928594178632,"OCF_SALES":14.652497033956,"TOTAL_PARENT_EQUITY":81881409.1,"DEBT_ASSET_RATIO":71.9641845934,"OPERATE_PROFIT":-9234764.67015,"PRETAX_PROFIT":-17533228.1824,"NETCASH_OPERATE":38342525.90415,"NETCASH_INVEST":300767.00005,"NETCASH_FINANCE":-18455279.28085,"END_CASH":125363011.9341,"DIVI_RATIO":null,"DIVIDEND_RATE":null,"CURRENT_RATIO":1.350744791115,"COMMON_ACS":200000000,"CURRENTDEBT_DEBT":98.725256814429,"ISSUED_COMMON_SHARES":115200000,"HK_COMMON_SHARES":115200000,"PER_SHARES":5000,"TOTAL_MARKET_CAP":32832000,"HKSK_MARKET_CAP":32832000,"PE_TTM":-0.662431826944,"PB_TTM":0.355933305869,"REPORT_DATE_SQ":"2022-12-31 00:00:00","REPORT_TYPE_SQ":"2022年年报","OPERATE_INCOME_SQ":276145178.1388,"DPS_HKD":null,"OPERATE_INCOME_QOQ_SQ":0,"NET_PROFIT_RATIO_SQ":-14.8981051251,"HOLDER_PROFIT_SQ":-41140398.93698,"HOLDER_PROFIT_QOQ_SQ":0,"ROE_AVG_SQ":-32.517196001982,"PE_TTM_SQ":-4.092046572605,"PB_TTM_SQ":0.880779560942,"ROA_SQ":-11.569414086594,"START_DATE":"2023-04-01 00:00:00","FISCAL_YEAR":"3-31","CURRENCY":"HKD","IS_CNY_CODE":0,"DPS_HKD_LY":null,"ORG_TYPE":"一般企业","PREMIUM_INCOME":null,"PREMIUM_INCOME_YOY":null,"NET_INTEREST_INCOME":null,"NET_INTEREST_INCOME_YOY":null,"FEE_COMMISSION_INCOME":null,"FEE_COMMISSION_INCOME_YOY":null,"ACCOUNTS_RECE_TDAYS":4.432975795113,"INVENTORY_TDAYS":null,"CURRENT_ASSETS_TDAYS":0.892653339078,"TOTAL_ASSETS_TDAYS":0.851412591951,"PREMIUM_EXPENSE":null,"LOAN_DEPOSIT":null,"LOAN_EQUITY":null,"LOAN_ASSETS":null,"DEPOSIT_EQUITY":null,"DEPOSIT_ASSETS":null,"EQUITY_MULTIPLIER":3.566866115706,"EQUITY_RATIO":2.581264808131},{"SECUCODE":"01718.HK","SECURITY_CODE":"01718","SECURITY_NAME_ABBR":"宏基集团控股","ORG_CODE":"10443291","STD_REPORT_DATE":"2023-06-30 00:00:00","REPORT_DATE":"2023-09-30 00:00:00","DATE_TYPE_CODE":"002","REPORT_TYPE":"2023年中报","PER_NETCASH_OPERATE":0.006585906979,"PER_OI":0.148988700875,"BPS":1.076566383594,"BASIC_EPS":0.18169074,"DILUTED_EPS":0.18169074,"OPERATE_INCOME":143029152.84,"OPERATE_INCOME_YOY":-13.3305901847,"GROSS_PROFIT":37783415.25,"GROSS_PROFIT_YOY":60.650208165482,"HOLDER_PROFIT":16864204.14,"HOLDER_PROFIT_YOY":3785.4122621564,"GROSS_PROFIT_RATIO":26.416583262761,"EPS_TTM":-0.042854582226,"OPERATE_INCOME_QOQ":0,"NET_PROFIT_RATIO":11.7907460159,"ROE_AVG":14.557381923379,"GROSS_PROFIT_QOQ":0,"ROA":5.044502763681,"HOLDER_PROFIT_QOQ":0,"ROE_YEARLY":29.114763846757,"ROIC_YEARLY":15.167515503107,"TOTAL_ASSETS":343698316.5,"TOTAL_LIABILITIES":219677869.11,"TAX_EBT":10.241758241758,"OCF_SALES":4.420407011061,"TOTAL_PARENT_EQUITY":124020447.39,"DEBT_ASSET_RATIO":63.9158990789,"OPERATE_PROFIT":22997643.06,"PRETAX_PROFIT":18788474.25,"NETCASH_OPERATE":6322470.7,"NETCASH_INVEST":9621350.55,"NETCASH_FINANCE":-5339688.97,"END_CASH":116987731.07,"DIVI_RATIO":null,"DIVIDEND_RATE":null,"CURRENT_RATIO":1.518782451938,"COMMON_ACS":200000000,"CURRENTDEBT_DEBT":98.710927872947,"ISSUED_COMMON_SHARES":115200000,"HK_COMMON_SHARES":115200000,"PER_SHARES":5000,"TOTAL_MARKET_CAP":32832000,"HKSK_MARKET_CAP":32832000,"PE_TTM":-0.662431826944,"PB_TTM":0.355933305869,"REPORT_DATE_SQ":"2022-06-30 00:00:00","REPORT_TYPE_SQ":"2022年中报","OPERATE_INCOME_SQ":162656298.48,"DPS_HKD":null,"OPERATE_INCOME_QOQ_SQ":0,"NET_PROFIT_RATIO_SQ":0.2630086409,"HOLDER_PROFIT_SQ":427800.12,"HOLDER_PROFIT_QOQ_SQ":0,"ROE_AVG_SQ":0.275706769495,"PE_TTM_SQ":-4.092046572605,"PB_TTM_SQ":0.880779560942,"ROA_SQ":0.101594481899,"START_DATE":"2023-04-01 00:00:00","FISCAL_YEAR":"3-31","CURRENCY":"HKD","IS_CNY_CODE":0,"DPS_HKD_LY":null,"ORG_TYPE":"一般企业","PREMIUM_INCOME":null,"PREMIUM_INCOME_YOY":null,"NET_INTEREST_INCOME":null,"NET_INTEREST_INCOME_YOY":null,"FEE_COMMISSION_INCOME":null,"FEE_COMMISSION_INCOME_YOY":null,"ACCOUNTS_RECE_TDAYS":1.978016878181,"INVENTORY_TDAYS":null,"CURRENT_ASSETS_TDAYS":0.448713544331,"TOTAL_ASSETS_TDAYS":0.42783575839,"PREMIUM_EXPENSE":null,"LOAN_DEPOSIT":null,"LOAN_EQUITY":null,"LOAN_ASSETS":null,"DEPOSIT_EQUITY":null,"DEPOSIT_ASSETS":null,"EQUITY_MULTIPLIER":2.77130363366,"EQUITY_RATIO":1.77130363366},{"SECUCODE":"01718.HK","SECURITY_CODE":"01718","SECURITY_NAME_ABBR":"宏基集团控股","ORG_CODE":"10443291","STD_REPORT_DATE":"2022-12-31 00:00:00","REPORT_DATE":"2023-03-31 00:00:00","DATE_TYPE_CODE":"001","REPORT_TYPE":"2022年年报","PER_NETCASH_OPERATE":0.022212240256,"PER_OI":0.287651227228,"BPS":0.891652624626,"BASIC_EPS":-0.443132542,"DILUTED_EPS":-0.443132542,"OPERATE_INCOME":276145178.1388,"OPERATE_INCOME_YOY":19.8428836231,"GROSS_PROFIT":47087839.05729,"GROSS_PROFIT_YOY":9.935499802717,"HOLDER_PROFIT":-41140398.93698,"HOLDER_PROFIT_YOY":-268.4024995718,"GROSS_PROFIT_RATIO":17.051841851688,"EPS_TTM":-0.011715258938,"OPERATE_INCOME_QOQ":0,"NET_PROFIT_RATIO":-14.8981051251,"ROE_AVG":-32.517196001982,"GROSS_PROFIT_QOQ":0,"ROA":-11.569414086594,"HOLDER_PROFIT_QOQ":0,"ROE_YEARLY":-32.517196001982,"ROIC_YEARLY":-16.675806637382,"TOTAL_ASSETS":309969329.24668,"TOTAL_LIABILITIES":207250946.88972,"TAX_EBT":-2.036109373982,"OCF_SALES":7.721934813199,"TOTAL_PARENT_EQUITY":102718382.35696,"DEBT_ASSET_RATIO":66.861759321,"OPERATE_PROFIT":-34625897.98261,"PRETAX_PROFIT":-40319450.81931,"NETCASH_OPERATE":21323750.64567,"NETCASH_INVEST":24986784.73491,"NETCASH_FINANCE":-59830245.73859,"END_CASH":101966328.13088,"DIVI_RATIO":null,"DIVIDEND_RATE":null,"CURRENT_RATIO":1.433838047718,"COMMON_ACS":200000000,"CURRENTDEBT_DEBT":98.930789459674,"ISSUED_COMMON_SHARES":115200000,"HK_COMMON_SHARES":115200000,"PER_SHARES":5000,"TOTAL_MARKET_CAP":32832000,"HKSK_MARKET_CAP":32832000,"PE_TTM":-0.662431826944,"PB_TTM":0.355933305869,"REPORT_DATE_SQ":"2021-12-31 00:00:00","REPORT_TYPE_SQ":"2021年年报","OPERATE_INCOME_SQ":213471508.87264,"DPS_HKD":null,"OPERATE_INCOME_QOQ_SQ":0,"NET_PROFIT_RATIO_SQ":-4.8464162995,"HOLDER_PROFIT_SQ":-10345718.00085,"HOLDER_PROFIT_QOQ_SQ":0,"ROE_AVG_SQ":-7.236981936826,"PE_TTM_SQ":-4.092046572605,"PB_TTM_SQ":0.880779560942,"ROA_SQ":-2.758537176155,"START_DATE":"2022-04-01 00:00:00","FISCAL_YEAR":"3-31","CURRENCY":"HKD","IS_CNY_CODE":0,"DPS_HKD_LY":null,"ORG_TYPE":"一般企业","PREMIUM_INCOME":null,"PREMIUM_INCOME_YOY":null,"NET_INTEREST_INCOME":null,"NET_INTEREST_INCOME_YOY":null,"FEE_COMMISSION_INCOME":null,"FEE_COMMISSION_INCOME_YOY":null,"ACCOUNTS_RECE_TDAYS":4.383737750194,"INVENTORY_TDAYS":null,"CURRENT_ASSETS_TDAYS":0.828516185698,"TOTAL_ASSETS_TDAYS":0.776569502595,"PREMIUM_EXPENSE":null,"LOAN_DEPOSIT":null,"LOAN_EQUITY":null,"LOAN_ASSETS":null,"DEPOSIT_EQUITY":null,"DEPOSIT_ASSETS":null,"EQUITY_MULTIPLIER":3.017661708981,"EQUITY_RATIO":2.017661708977},{"SECUCODE":"01718.HK","SECURITY_CODE":"01718","SECURITY_NAME_ABBR":"宏基集团控股","ORG_CODE":"10443291","STD_REPORT_DATE":"2022-06-30 00:00:00","REPORT_DATE":"2022-09-30 00:00:00","DATE_TYPE_CODE":"002","REPORT_TYPE":"2022年中报","PER_NETCASH_OPERATE":0.018798220125,"PER_OI":0.16943364425,"BPS":1.345707796875,"BASIC_EPS":0.00045222,"DILUTED_EPS":0.00045222,"OPERATE_INCOME":162656298.48,"OPERATE_INCOME_YOY":20.5173395879,"GROSS_PROFIT":23519057.76,"GROSS_PROFIT_YOY":-15.525778850245,"HOLDER_PROFIT":427800.12,"HOLDER_PROFIT_YOY":-70.3448275862,"GROSS_PROFIT_RATIO":14.459358770476,"EPS_TTM":-0.010776789584,"OPERATE_INCOME_QOQ":0,"NET_PROFIT_RATIO":0.2630086409,"ROE_AVG":0.275706769495,"GROSS_PROFIT_QOQ":0,"ROA":0.101594481899,"HOLDER_PROFIT_QOQ":0,"ROE_YEARLY":0.55141353899,"ROIC_YEARLY":0.288253169309,"TOTAL_ASSETS":427643651.88,"TOTAL_LIABILITIES":272618113.68,"TAX_EBT":62.814465408805,"OCF_SALES":11.094738715094,"TOTAL_PARENT_EQUITY":155025538.2,"DEBT_ASSET_RATIO":63.7488975883,"OPERATE_PROFIT":6059748,"PRETAX_PROFIT":1150447.68,"NETCASH_OPERATE":18046291.32,"NETCASH_INVEST":3229755.24,"NETCASH_FINANCE":-10201178.76,"END_CASH":128874560.04,"DIVI_RATIO":null,"DIVIDEND_RATE":null,"CURRENT_RATIO":1.477064465015,"COMMON_ACS":200000000,"CURRENTDEBT_DEBT":99.453589983478,"ISSUED_COMMON_SHARES":115200000,"HK_COMMON_SHARES":115200000,"PER_SHARES":5000,"TOTAL_MARKET_CAP":32832000,"HKSK_MARKET_CAP":32832000,"PE_TTM":-0.662431826944,"PB_TTM":0.355933305869,"REPORT_DATE_SQ":"2021-06-30 00:00:00","REPORT_TYPE_SQ":"2021年中报","OPERATE_INCOME_SQ":124313378.5,"DPS_HKD":null,"OPERATE_INCOME_QOQ_SQ":0,"NET_PROFIT_RATIO_SQ":1.0688557547,"HOLDER_PROFIT_SQ":1328730.7,"HOLDER_PROFIT_QOQ_SQ":0,"ROE_AVG_SQ":0.87460603796,"PE_TTM_SQ":-4.092046572605,"PB_TTM_SQ":0.880779560942,"ROA_SQ":0.342109688373,"START_DATE":"2022-04-01 00:00:00","FISCAL_YEAR":"3-31","CURRENCY":"HKD","IS_CNY_CODE":0,"DPS_HKD_LY":null,"ORG_TYPE":"一般企业","PREMIUM_INCOME":null,"PREMIUM_INCOME_YOY":null,"NET_INTEREST_INCOME":null,"NET_INTEREST_INCOME_YOY":null,"FEE_COMMISSION_INCOME":null,"FEE_COMMISSION_INCOME_YOY":null,"ACCOUNTS_RECE_TDAYS":2.788345481187,"INVENTORY_TDAYS":null,"CURRENT_ASSETS_TDAYS":0.414175864348,"TOTAL_ASSETS_TDAYS":0.386278114454,"PREMIUM_EXPENSE":null,"LOAN_DEPOSIT":null,"LOAN_EQUITY":null,"LOAN_ASSETS":null,"DEPOSIT_EQUITY":null,"DEPOSIT_ASSETS":null,"EQUITY_MULTIPLIER":2.758536798807,"EQUITY_RATIO":1.75853679881},{"SECUCODE":"01718.HK","SECURITY_CODE":"01718","SECURITY_NAME_ABBR":"宏基集团控股","ORG_CODE":"10443291","STD_REPORT_DATE":"2021-12-31 00:00:00","REPORT_DATE":"2022-03-31 00:00:00","DATE_TYPE_CODE":"001","REPORT_TYPE":"2021年年报","PER_NETCASH_OPERATE":0.004146270039,"PER_OI":0.222366155076,"BPS":1.208863641611,"BASIC_EPS":-0.011110837,"DILUTED_EPS":-0.011110837,"OPERATE_INCOME":213471508.87264,"OPERATE_INCOME_YOY":-10.348061229,"GROSS_PROFIT":42832241.76157,"GROSS_PROFIT_YOY":-11.048013076273,"HOLDER_PROFIT":-10345718.00085,"HOLDER_PROFIT_YOY":-4.2217514285,"GROSS_PROFIT_RATIO":20.0646175163,"EPS_TTM":-0.004164348914,"OPERATE_INCOME_QOQ":0,"NET_PROFIT_RATIO":-4.8464162995,"ROE_AVG":-7.236981936826,"GROSS_PROFIT_QOQ":0,"ROA":-2.758537176155,"HOLDER_PROFIT_QOQ":0,"ROE_YEARLY":-7.236981936826,"ROIC_YEARLY":-3.891342210968,"TOTAL_ASSETS":371706916.54435,"TOTAL_LIABILITIES":232445825.03073,"TAX_EBT":4.690291273017,"OCF_SALES":1.86461381137,"TOTAL_PARENT_EQUITY":139261091.51362,"DEBT_ASSET_RATIO":62.5347053511,"OPERATE_PROFIT":5585373.96536,"PRETAX_PROFIT":-10854841.6935,"NETCASH_OPERATE":3980419.23778,"NETCASH_INVEST":-5473032.04915,"NETCASH_FINANCE":-2779364.52141,"END_CASH":107292143.79177,"DIVI_RATIO":null,"DIVIDEND_RATE":null,"CURRENT_RATIO":1.495483213827,"COMMON_ACS":200000000,"CURRENTDEBT_DEBT":99.305088192982,"ISSUED_COMMON_SHARES":115200000,"HK_COMMON_SHARES":115200000,"PER_SHARES":5000,"TOTAL_MARKET_CAP":32832000,"HKSK_MARKET_CAP":32832000,"PE_TTM":-0.662431826944,"PB_TTM":0.355933305869,"REPORT_DATE_SQ":"2020-12-31 00:00:00","REPORT_TYPE_SQ":"2020年年报","OPERATE_INCOME_SQ":248143690.1034,"DPS_HKD":null,"OPERATE_INCOME_QOQ_SQ":0,"NET_PROFIT_RATIO_SQ":-4.1689053522,"HOLDER_PROFIT_SQ":-10344875.57782,"HOLDER_PROFIT_QOQ_SQ":0,"ROE_AVG_SQ":-6.297280866431,"PE_TTM_SQ":-4.092046572605,"PB_TTM_SQ":0.880779560942,"ROA_SQ":-2.581950977468,"START_DATE":"2021-04-01 00:00:00","FISCAL_YEAR":"3-31","CURRENCY":"HKD","IS_CNY_CODE":0,"DPS_HKD_LY":null,"ORG_TYPE":"一般企业","PREMIUM_INCOME":null,"PREMIUM_INCOME_YOY":null,"NET_INTEREST_INCOME":null,"NET_INTEREST_INCOME_YOY":null,"FEE_COMMISSION_INCOME":null,"FEE_COMMISSION_INCOME_YOY":null,"ACCOUNTS_RECE_TDAYS":3.666767723852,"INVENTORY_TDAYS":null,"CURRENT_ASSETS_TDAYS":0.624368178907,"TOTAL_ASSETS_TDAYS":0.569191131275,"PREMIUM_EXPENSE":null,"LOAN_DEPOSIT":null,"LOAN_EQUITY":null,"LOAN_ASSETS":null,"DEPOSIT_EQUITY":null,"DEPOSIT_ASSETS":null,"EQUITY_MULTIPLIER":2.669136888876,"EQUITY_RATIO":1.669136888878},{"SECUCODE":"01718.HK","SECURITY_CODE":"01718","SECURITY_NAME_ABBR":"宏基集团控股","ORG_CODE":"10443291","STD_REPORT_DATE":"2021-06-30 00:00:00","REPORT_DATE":"2021-09-30 00:00:00","DATE_TYPE_CODE":"002","REPORT_TYPE":"2021年中报","PER_NETCASH_OPERATE":0.008629113167,"PER_OI":0.129493102604,"BPS":1.329931116319,"BASIC_EPS":0.001416202,"DILUTED_EPS":0.001416202,"OPERATE_INCOME":124313378.5,"OPERATE_INCOME_YOY":14.8211414018,"GROSS_PROFIT":27841698.26,"GROSS_PROFIT_YOY":32.509639278829,"HOLDER_PROFIT":1328730.7,"HOLDER_PROFIT_YOY":127.9285589214,"GROSS_PROFIT_RATIO":22.396381303401,"EPS_TTM":-0.01077591206,"OPERATE_INCOME_QOQ":0,"NET_PROFIT_RATIO":1.0688557547,"ROE_AVG":0.87460603796,"GROSS_PROFIT_QOQ":0,"ROA":0.342109688373,"HOLDER_PROFIT_QOQ":0,"ROE_YEARLY":1.74921207592,"ROIC_YEARLY":0.981996416323,"TOTAL_ASSETS":388118488.7,"TOTAL_LIABILITIES":234910424.1,"TAX_EBT":-30.097879282219,"OCF_SALES":6.663762774334,"TOTAL_PARENT_EQUITY":153208064.6,"DEBT_ASSET_RATIO":60.5254402816,"OPERATE_PROFIT":6990206.46,"PRETAX_PROFIT":1021331.56,"NETCASH_OPERATE":8283948.64,"NETCASH_INVEST":146618.56,"NETCASH_FINANCE":-1330396.82,"END_CASH":121465146.36,"DIVI_RATIO":null,"DIVIDEND_RATE":null,"CURRENT_RATIO":1.512522624759,"COMMON_ACS":200000000,"CURRENTDEBT_DEBT":98.748514991932,"ISSUED_COMMON_SHARES":115200000,"HK_COMMON_SHARES":115200000,"PER_SHARES":5000,"TOTAL_MARKET_CAP":32832000,"HKSK_MARKET_CAP":32832000,"PE_TTM":-0.662431826944,"PB_TTM":0.355933305869,"REPORT_DATE_SQ":"2020-06-30 00:00:00","REPORT_TYPE_SQ":"2020年中报","OPERATE_INCOME_SQ":114201087.36,"DPS_HKD":null,"OPERATE_INCOME_QOQ_SQ":0,"NET_PROFIT_RATIO_SQ":-4.3943276163,"HOLDER_PROFIT_SQ":-5018369.92,"HOLDER_PROFIT_QOQ_SQ":0,"ROE_AVG_SQ":-2.921446035065,"PE_TTM_SQ":-4.092046572605,"PB_TTM_SQ":0.880779560942,"ROA_SQ":-1.188387791983,"START_DATE":"2021-04-01 00:00:00","FISCAL_YEAR":"3-31","CURRENCY":"HKD","IS_CNY_CODE":0,"DPS_HKD_LY":null,"ORG_TYPE":"一般企业","PREMIUM_INCOME":null,"PREMIUM_INCOME_YOY":null,"NET_INTEREST_INCOME":null,"NET_INTEREST_INCOME_YOY":null,"FEE_COMMISSION_INCOME":null,"FEE_COMMISSION_INCOME_YOY":null,"ACCOUNTS_RECE_TDAYS":1.937328006963,"INVENTORY_TDAYS":null,"CURRENT_ASSETS_TDAYS":0.35586052049,"TOTAL_ASSETS_TDAYS":0.320070960799,"PREMIUM_EXPENSE":null,"LOAN_DEPOSIT":null,"LOAN_EQUITY":null,"LOAN_ASSETS":null,"DEPOSIT_EQUITY":null,"DEPOSIT_ASSETS":null,"EQUITY_MULTIPLIER":2.53327714643,"EQUITY_RATIO":1.53327714643},{"SECUCODE":"01718.HK","SECURITY_CODE":"01718","SECURITY_NAME_ABBR":"宏基集团控股","ORG_CODE":"10443291","STD_REPORT_DATE":"2020-12-31 00:00:00","REPORT_DATE":"2021-03-31 00:00:00","DATE_TYPE_CODE":"001","REPORT_TYPE":"2020年年报","PER_NETCASH_OPERATE":-0.010476831031,"PER_OI":0.258483010524,"BPS":1.326651225492,"BASIC_EPS":-0.01098734,"DILUTED_EPS":-0.01098734,"OPERATE_INCOME":248143690.1034,"OPERATE_INCOME_YOY":14.8956669883,"GROSS_PROFIT":48152091.08066,"GROSS_PROFIT_YOY":147.951957023019,"HOLDER_PROFIT":-10344875.57782,"HOLDER_PROFIT_YOY":79.7258607721,"GROSS_PROFIT_RATIO":19.404922631962,"EPS_TTM":-0.044922623311,"OPERATE_INCOME_QOQ":0,"NET_PROFIT_RATIO":-4.1689053522,"ROE_AVG":-6.297280866431,"GROSS_PROFIT_QOQ":0,"ROA":-2.581950977468,"HOLDER_PROFIT_QOQ":0,"ROE_YEARLY":-6.297280866431,"ROIC_YEARLY":-4.202944616922,"TOTAL_ASSETS":394322512.87086,"TOTAL_LIABILITIES":241492291.69422,"TAX_EBT":-20.137879548119,"OCF_SALES":-4.0531990902,"TOTAL_PARENT_EQUITY":152830221.17664,"DEBT_ASSET_RATIO":61.2423292639,"OPERATE_PROFIT":532466.78072,"PRETAX_PROFIT":-8610835.83024,"NETCASH_OPERATE":-10057757.78966,"NETCASH_INVEST":-54066177.2777,"NETCASH_FINANCE":-14294359.45882,"END_CASH":115744531.6139,"DIVI_RATIO":null,"DIVIDEND_RATE":null,"CURRENT_RATIO":1.483910611546,"COMMON_ACS":200000000,"CURRENTDEBT_DEBT":98.467967682743,"ISSUED_COMMON_SHARES":115200000,"HK_COMMON_SHARES":115200000,"PER_SHARES":5000,"TOTAL_MARKET_CAP":32832000,"HKSK_MARKET_CAP":32832000,"PE_TTM":-0.662431826944,"PB_TTM":0.355933305869,"REPORT_DATE_SQ":"2019-12-31 00:00:00","REPORT_TYPE_SQ":"2019年年报","OPERATE_INCOME_SQ":233482319.4493,"DPS_HKD":null,"OPERATE_INCOME_QOQ_SQ":0,"NET_PROFIT_RATIO_SQ":-23.6256225561,"HOLDER_PROFIT_SQ":-55161651.5284,"HOLDER_PROFIT_QOQ_SQ":0,"ROE_AVG_SQ":-25.35619177373,"PE_TTM_SQ":-4.092046572605,"PB_TTM_SQ":0.880779560942,"ROA_SQ":-12.243735902787,"START_DATE":"2020-04-01 00:00:00","FISCAL_YEAR":"3-31","CURRENCY":"HKD","IS_CNY_CODE":0,"DPS_HKD_LY":null,"ORG_TYPE":"一般企业","PREMIUM_INCOME":null,"PREMIUM_INCOME_YOY":null,"NET_INTEREST_INCOME":null,"NET_INTEREST_INCOME_YOY":null,"FEE_COMMISSION_INCOME":null,"FEE_COMMISSION_INCOME_YOY":null,"ACCOUNTS_RECE_TDAYS":3.818113037207,"INVENTORY_TDAYS":null,"CURRENT_ASSETS_TDAYS":0.666242304344,"TOTAL_ASSETS_TDAYS":0.619335475227,"PREMIUM_EXPENSE":null,"LOAN_DEPOSIT":null,"LOAN_EQUITY":null,"LOAN_ASSETS":null,"DEPOSIT_EQUITY":null,"DEPOSIT_ASSETS":null,"EQUITY_MULTIPLIER":2.580134412124,"EQUITY_RATIO":1.580134412127},{"SECUCODE":"01718.HK","SECURITY_CODE":"01718","SECURITY_NAME_ABBR":"宏基集团控股","ORG_CODE":"10443291","STD_REPORT_DATE":"2020-06-30 00:00:00","REPORT_DATE":"2020-09-30 00:00:00","DATE_TYPE_CODE":"002","REPORT_TYPE":"2020年中报","PER_NETCASH_OPERATE":-0.017081950667,"PER_OI":0.118959466,"BPS":1.396356255556,"BASIC_EPS":-0.00527232,"DILUTED_EPS":-0.00527232,"OPERATE_INCOME":114201087.36,"OPERATE_INCOME_YOY":20.4911877324,"GROSS_PROFIT":21011073.92,"GROSS_PROFIT_YOY":3366.3117978314,"HOLDER_PROFIT":-5018369.92,"HOLDER_PROFIT_YOY":69.7942560956,"GROSS_PROFIT_RATIO":18.398313366112,"EPS_TTM":-0.057460053675,"OPERATE_INCOME_QOQ":0,"NET_PROFIT_RATIO":-4.3943276163,"ROE_AVG":-2.921446035065,"GROSS_PROFIT_QOQ":0,"ROA":-1.188387791983,"HOLDER_PROFIT_QOQ":0,"ROE_YEARLY":-5.84289207013,"ROIC_YEARLY":-3.836060754786,"TOTAL_ASSETS":421416537.6,"TOTAL_LIABILITIES":260556296.96,"TAX_EBT":-30.50731261426,"OCF_SALES":-14.3594715419,"TOTAL_PARENT_EQUITY":160860240.64,"DEBT_ASSET_RATIO":61.8286834313,"OPERATE_PROFIT":514051.2,"PRETAX_PROFIT":-3845278.72,"NETCASH_OPERATE":-16398672.64,"NETCASH_INVEST":-54796979.2,"NETCASH_FINANCE":-9716885.76,"END_CASH":120302919.04,"DIVI_RATIO":null,"DIVIDEND_RATE":null,"CURRENT_RATIO":1.450419406653,"COMMON_ACS":200000000,"CURRENTDEBT_DEBT":98.261825589003,"ISSUED_COMMON_SHARES":115200000,"HK_COMMON_SHARES":115200000,"PER_SHARES":5000,"TOTAL_MARKET_CAP":32832000,"HKSK_MARKET_CAP":32832000,"PE_TTM":-0.662431826944,"PB_TTM":0.355933305869,"REPORT_DATE_SQ":"2019-06-30 00:00:00","REPORT_TYPE_SQ":"2019年中报","OPERATE_INCOME_SQ":97291700.61,"DPS_HKD":null,"OPERATE_INCOME_QOQ_SQ":0,"NET_PROFIT_RATIO_SQ":-16.6800469339,"HOLDER_PROFIT_SQ":-17054303.07,"HOLDER_PROFIT_QOQ_SQ":0,"ROE_AVG_SQ":-7.304872265188,"PE_TTM_SQ":-4.092046572605,"PB_TTM_SQ":0.880779560942,"ROA_SQ":-3.768447330249,"START_DATE":"2020-04-01 00:00:00","FISCAL_YEAR":"3-31","CURRENCY":"HKD","IS_CNY_CODE":0,"DPS_HKD_LY":null,"ORG_TYPE":"一般企业","PREMIUM_INCOME":null,"PREMIUM_INCOME_YOY":null,"NET_INTEREST_INCOME":null,"NET_INTEREST_INCOME_YOY":null,"FEE_COMMISSION_INCOME":null,"FEE_COMMISSION_INCOME_YOY":null,"ACCOUNTS_RECE_TDAYS":1.462516750022,"INVENTORY_TDAYS":null,"CURRENT_ASSETS_TDAYS":0.293219083803,"TOTAL_ASSETS_TDAYS":0.270436775713,"PREMIUM_EXPENSE":null,"LOAN_DEPOSIT":null,"LOAN_EQUITY":null,"LOAN_ASSETS":null,"DEPOSIT_EQUITY":null,"DEPOSIT_ASSETS":null,"EQUITY_MULTIPLIER":2.619768165974,"EQUITY_RATIO":1.619768165977}],"count":24},"success":true,"message":"ok","code":0}