{"version":"24bc47b0606cd6e9a6895e803b87de27","result":{"pages":2,"data":[{"SECUCODE":"01716.HK","SECURITY_CODE":"01716","SECURITY_NAME_ABBR":"毛记葵涌","ORG_CODE":"10701731","STD_REPORT_DATE":"2024-06-30 00:00:00","REPORT_DATE":"2024-09-30 00:00:00","DATE_TYPE_CODE":"002","REPORT_TYPE":"2024年中报","PER_NETCASH_OPERATE":0.000293916741,"PER_OI":0.149035827333,"BPS":0.166119737889,"BASIC_EPS":0.014067924,"DILUTED_EPS":0.014067924,"OPERATE_INCOME":40239673.38,"OPERATE_INCOME_YOY":41.4685181663,"GROSS_PROFIT":18385694.52,"GROSS_PROFIT_YOY":74.987469095796,"HOLDER_PROFIT":3808259.17,"HOLDER_PROFIT_YOY":316.4531009739,"GROSS_PROFIT_RATIO":45.690466585989,"EPS_TTM":-0.030940215741,"OPERATE_INCOME_QOQ":0,"NET_PROFIT_RATIO":10.4791358523,"ROE_AVG":8.867098508152,"GROSS_PROFIT_QOQ":0,"ROA":6.514311277024,"HOLDER_PROFIT_QOQ":0,"ROE_YEARLY":17.734197016304,"ROIC_YEARLY":43.120437024557,"TOTAL_ASSETS":61947562.26,"TOTAL_LIABILITIES":14855186.67,"TAX_EBT":1.516427969671,"OCF_SALES":0.197212137511,"TOTAL_PARENT_EQUITY":44852329.23,"DEBT_ASSET_RATIO":23.9802602847,"OPERATE_PROFIT":3516079.21,"PRETAX_PROFIT":4281698.92,"NETCASH_OPERATE":79357.52,"NETCASH_INVEST":1672820.45,"NETCASH_FINANCE":-706101.57,"END_CASH":39663429.57,"DIVI_RATIO":null,"DIVIDEND_RATE":null,"CURRENT_RATIO":3.808577537417,"COMMON_ACS":380000000,"CURRENTDEBT_DEBT":96.533721847872,"ISSUED_COMMON_SHARES":270000000,"HK_COMMON_SHARES":270000000,"PER_SHARES":2000,"TOTAL_MARKET_CAP":102600000,"HKSK_MARKET_CAP":102600000,"PE_TTM":-33.73890167708,"PB_TTM":2.062850594125,"REPORT_DATE_SQ":"2023-06-30 00:00:00","REPORT_TYPE_SQ":"2023年中报","OPERATE_INCOME_SQ":28943885.46,"DPS_HKD":null,"OPERATE_INCOME_QOQ_SQ":0,"NET_PROFIT_RATIO_SQ":-6.1854035889,"HOLDER_PROFIT_SQ":-1790296.13,"HOLDER_PROFIT_QOQ_SQ":0,"ROE_AVG_SQ":-3.565847551336,"PE_TTM_SQ":-5.84548769371,"PB_TTM_SQ":1.909263463471,"ROA_SQ":-2.933393474665,"START_DATE":"2024-04-01 00:00:00","FISCAL_YEAR":"3-31","CURRENCY":"HKD","IS_CNY_CODE":0,"DPS_HKD_LY":null,"ORG_TYPE":"一般企业","PREMIUM_INCOME":null,"PREMIUM_INCOME_YOY":null,"NET_INTEREST_INCOME":null,"NET_INTEREST_INCOME_YOY":null,"FEE_COMMISSION_INCOME":null,"FEE_COMMISSION_INCOME_YOY":null,"ACCOUNTS_RECE_TDAYS":4.542372881356,"INVENTORY_TDAYS":50.911764705882,"CURRENT_ASSETS_TDAYS":0.760584986705,"TOTAL_ASSETS_TDAYS":0.688329618289,"PREMIUM_EXPENSE":null,"LOAN_DEPOSIT":null,"LOAN_EQUITY":null,"LOAN_ASSETS":null,"DEPOSIT_EQUITY":null,"DEPOSIT_ASSETS":null,"EQUITY_MULTIPLIER":1.315447808352,"EQUITY_RATIO":0.331202123168},{"SECUCODE":"01716.HK","SECURITY_CODE":"01716","SECURITY_NAME_ABBR":"毛记葵涌","ORG_CODE":"10701731","STD_REPORT_DATE":"2023-12-31 00:00:00","REPORT_DATE":"2024-03-31 00:00:00","DATE_TYPE_CODE":"001","REPORT_TYPE":"2023年年报","PER_NETCASH_OPERATE":-0.033995625,"PER_OI":0.185322323148,"BPS":0.152817469259,"BASIC_EPS":-0.030913355,"DILUTED_EPS":null,"OPERATE_INCOME":50037027.25,"OPERATE_INCOME_YOY":39.4059555982,"GROSS_PROFIT":18105616.6,"GROSS_PROFIT_YOY":117.480989019164,"HOLDER_PROFIT":-8353858.25,"HOLDER_PROFIT_YOY":54.7996272134,"GROSS_PROFIT_RATIO":36.184436996105,"EPS_TTM":-0.056698629481,"OPERATE_INCOME_QOQ":0,"NET_PROFIT_RATIO":-16.8710933961,"ROE_AVG":-18.210922601109,"GROSS_PROFIT_QOQ":0,"ROA":-14.524963549671,"HOLDER_PROFIT_QOQ":0,"ROE_YEARLY":-18.210922601109,"ROIC_YEARLY":-58.660640397225,"TOTAL_ASSETS":55262381.45,"TOTAL_LIABILITIES":12923776.8,"TAX_EBT":null,"OCF_SALES":-18.344052903343,"TOTAL_PARENT_EQUITY":41260716.7,"DEBT_ASSET_RATIO":23.3862104037,"OPERATE_PROFIT":-9356502.55,"PRETAX_PROFIT":-8441793.6,"NETCASH_OPERATE":-9178818.75,"NETCASH_INVEST":3025157.35,"NETCASH_FINANCE":-1091486.2,"END_CASH":38821190.65,"DIVI_RATIO":null,"DIVIDEND_RATE":null,"CURRENT_RATIO":4.152732060566,"COMMON_ACS":380000000,"CURRENTDEBT_DEBT":95.896464646465,"ISSUED_COMMON_SHARES":270000000,"HK_COMMON_SHARES":270000000,"PER_SHARES":2000,"TOTAL_MARKET_CAP":97200000,"HKSK_MARKET_CAP":97200000,"PE_TTM":-31.963170009865,"PB_TTM":1.954279510224,"REPORT_DATE_SQ":"2022-12-31 00:00:00","REPORT_TYPE_SQ":"2022年年报","OPERATE_INCOME_SQ":34660108.13,"DPS_HKD":null,"OPERATE_INCOME_QOQ_SQ":0,"NET_PROFIT_RATIO_SQ":-52.4006768873,"HOLDER_PROFIT_SQ":-17846983.67,"HOLDER_PROFIT_QOQ_SQ":0,"ROE_AVG_SQ":-30.944484498919,"PE_TTM_SQ":-5.165056163241,"PB_TTM_SQ":1.959507238825,"ROA_SQ":-26.455493339735,"START_DATE":"2023-04-01 00:00:00","FISCAL_YEAR":"3-31","CURRENCY":"HKD","IS_CNY_CODE":0,"DPS_HKD_LY":null,"ORG_TYPE":"一般企业","PREMIUM_INCOME":null,"PREMIUM_INCOME_YOY":null,"NET_INTEREST_INCOME":null,"NET_INTEREST_INCOME_YOY":null,"FEE_COMMISSION_INCOME":null,"FEE_COMMISSION_INCOME_YOY":null,"ACCOUNTS_RECE_TDAYS":7.75319567355,"INVENTORY_TDAYS":73.920251836306,"CURRENT_ASSETS_TDAYS":0.941564810945,"TOTAL_ASSETS_TDAYS":0.870000394058,"PREMIUM_EXPENSE":null,"LOAN_DEPOSIT":null,"LOAN_EQUITY":null,"LOAN_ASSETS":null,"DEPOSIT_EQUITY":null,"DEPOSIT_ASSETS":null,"EQUITY_MULTIPLIER":1.30524805687,"EQUITY_RATIO":0.313222305225},{"SECUCODE":"01716.HK","SECURITY_CODE":"01716","SECURITY_NAME_ABBR":"毛记葵涌","ORG_CODE":"10701731","STD_REPORT_DATE":"2023-06-30 00:00:00","REPORT_DATE":"2023-09-30 00:00:00","DATE_TYPE_CODE":"002","REPORT_TYPE":"2023年中报","PER_NETCASH_OPERATE":-0.012602118667,"PER_OI":0.107199575778,"BPS":0.182635559037,"BASIC_EPS":-0.006606936,"DILUTED_EPS":-0.006606936,"OPERATE_INCOME":28943885.46,"OPERATE_INCOME_YOY":37.2286273657,"GROSS_PROFIT":10506863.5,"GROSS_PROFIT_YOY":201.348439211634,"HOLDER_PROFIT":-1790296.13,"HOLDER_PROFIT_YOY":59.2352695361,"GROSS_PROFIT_RATIO":36.300805275506,"EPS_TTM":-0.066099939519,"OPERATE_INCOME_QOQ":0,"NET_PROFIT_RATIO":-6.1854035889,"ROE_AVG":-3.565847551336,"GROSS_PROFIT_QOQ":0,"ROA":-2.933393474665,"HOLDER_PROFIT_QOQ":0,"ROE_YEARLY":-7.131695102671,"ROIC_YEARLY":-23.989425471089,"TOTAL_ASSETS":61567467.22,"TOTAL_LIABILITIES":11668583.08,"TAX_EBT":-3.501326259947,"OCF_SALES":-11.755754232452,"TOTAL_PARENT_EQUITY":49311600.94,"DEBT_ASSET_RATIO":18.9525143828,"OPERATE_PROFIT":-1814154.51,"PRETAX_PROFIT":-1729732.55,"NETCASH_OPERATE":-3402572.04,"NETCASH_INVEST":1677427.64,"NETCASH_FINANCE":-496437.83,"END_CASH":44407786.22,"DIVI_RATIO":null,"DIVIDEND_RATE":null,"CURRENT_RATIO":5.187302615596,"COMMON_ACS":380000000,"CURRENTDEBT_DEBT":97.113872286883,"ISSUED_COMMON_SHARES":270000000,"HK_COMMON_SHARES":270000000,"PER_SHARES":2000,"TOTAL_MARKET_CAP":97200000,"HKSK_MARKET_CAP":97200000,"PE_TTM":-31.963170009865,"PB_TTM":1.954279510224,"REPORT_DATE_SQ":"2022-06-30 00:00:00","REPORT_TYPE_SQ":"2022年中报","OPERATE_INCOME_SQ":20788553.4,"DPS_HKD":null,"OPERATE_INCOME_QOQ_SQ":0,"NET_PROFIT_RATIO_SQ":-20.822275397,"HOLDER_PROFIT_SQ":-4328649.84,"HOLDER_PROFIT_QOQ_SQ":0,"ROE_AVG_SQ":-6.479607378575,"PE_TTM_SQ":-5.165056163241,"PB_TTM_SQ":1.959507238825,"ROA_SQ":-5.584239051169,"START_DATE":"2023-04-01 00:00:00","FISCAL_YEAR":"3-31","CURRENCY":"HKD","IS_CNY_CODE":0,"DPS_HKD_LY":null,"ORG_TYPE":"一般企业","PREMIUM_INCOME":null,"PREMIUM_INCOME_YOY":null,"NET_INTEREST_INCOME":null,"NET_INTEREST_INCOME_YOY":null,"FEE_COMMISSION_INCOME":null,"FEE_COMMISSION_INCOME_YOY":null,"ACCOUNTS_RECE_TDAYS":4.224752210019,"INVENTORY_TDAYS":42.121593291405,"CURRENT_ASSETS_TDAYS":0.506588932521,"TOTAL_ASSETS_TDAYS":0.474244474515,"PREMIUM_EXPENSE":null,"LOAN_DEPOSIT":null,"LOAN_EQUITY":null,"LOAN_ASSETS":null,"DEPOSIT_EQUITY":null,"DEPOSIT_ASSETS":null,"EQUITY_MULTIPLIER":1.233844569495,"EQUITY_RATIO":0.236629573114},{"SECUCODE":"01716.HK","SECURITY_CODE":"01716","SECURITY_NAME_ABBR":"毛记葵涌","ORG_CODE":"10701731","STD_REPORT_DATE":"2022-12-31 00:00:00","REPORT_DATE":"2023-03-31 00:00:00","DATE_TYPE_CODE":"001","REPORT_TYPE":"2022年年报","PER_NETCASH_OPERATE":-0.042622740222,"PER_OI":0.128370770852,"BPS":0.180558175889,"BASIC_EPS":-0.066093455,"DILUTED_EPS":null,"OPERATE_INCOME":34660108.13,"OPERATE_INCOME_YOY":-41.5817041682,"GROSS_PROFIT":8325149.1,"GROSS_PROFIT_YOY":3.333622728494,"HOLDER_PROFIT":-17846983.67,"HOLDER_PROFIT_YOY":-24.8820826953,"GROSS_PROFIT_RATIO":24.019397368222,"EPS_TTM":-0.071001342481,"OPERATE_INCOME_QOQ":0,"NET_PROFIT_RATIO":-52.4006768873,"ROE_AVG":-30.944484498919,"GROSS_PROFIT_QOQ":0,"ROA":-26.455493339735,"HOLDER_PROFIT_QOQ":0,"ROE_YEARLY":-30.944484498919,"ROIC_YEARLY":-109.13519445411,"TOTAL_ASSETS":57712279.66,"TOTAL_LIABILITIES":8401309.77,"TAX_EBT":0.646489799828,"OCF_SALES":-33.202838885662,"TOTAL_PARENT_EQUITY":48750707.49,"DEBT_ASSET_RATIO":14.5572308346,"OPERATE_PROFIT":-14486284.68,"PRETAX_PROFIT":-18280311.62,"NETCASH_OPERATE":-11508139.86,"NETCASH_INVEST":712583.74,"NETCASH_FINANCE":-1015475.6,"END_CASH":44483959.15,"DIVI_RATIO":null,"DIVIDEND_RATE":null,"CURRENT_RATIO":6.757067828808,"COMMON_ACS":380000000,"CURRENTDEBT_DEBT":93.247889965614,"ISSUED_COMMON_SHARES":270000000,"HK_COMMON_SHARES":270000000,"PER_SHARES":2000,"TOTAL_MARKET_CAP":94500000,"HKSK_MARKET_CAP":94500000,"PE_TTM":-31.075304176258,"PB_TTM":1.899993968273,"REPORT_DATE_SQ":"2021-12-31 00:00:00","REPORT_TYPE_SQ":"2021年年报","OPERATE_INCOME_SQ":54966202.75,"DPS_HKD":null,"OPERATE_INCOME_QOQ_SQ":0,"NET_PROFIT_RATIO_SQ":-27.3330874216,"HOLDER_PROFIT_SQ":-13239738.25,"HOLDER_PROFIT_QOQ_SQ":0,"ROE_AVG_SQ":-19.126675414753,"PE_TTM_SQ":-5.562368175798,"PB_TTM_SQ":2.110238564889,"ROA_SQ":-16.741357562581,"START_DATE":"2022-04-01 00:00:00","FISCAL_YEAR":"3-31","CURRENCY":"HKD","IS_CNY_CODE":0,"DPS_HKD_LY":null,"ORG_TYPE":"一般企业","PREMIUM_INCOME":null,"PREMIUM_INCOME_YOY":null,"NET_INTEREST_INCOME":null,"NET_INTEREST_INCOME_YOY":null,"FEE_COMMISSION_INCOME":null,"FEE_COMMISSION_INCOME_YOY":null,"ACCOUNTS_RECE_TDAYS":6.639221933428,"INVENTORY_TDAYS":33.99209039548,"CURRENT_ASSETS_TDAYS":0.577671106961,"TOTAL_ASSETS_TDAYS":0.513784444891,"PREMIUM_EXPENSE":null,"LOAN_DEPOSIT":null,"LOAN_EQUITY":null,"LOAN_ASSETS":null,"DEPOSIT_EQUITY":null,"DEPOSIT_ASSETS":null,"EQUITY_MULTIPLIER":1.170374052442,"EQUITY_RATIO":0.172332058396},{"SECUCODE":"01716.HK","SECURITY_CODE":"01716","SECURITY_NAME_ABBR":"毛记葵涌","ORG_CODE":"10701731","STD_REPORT_DATE":"2022-06-30 00:00:00","REPORT_DATE":"2022-09-30 00:00:00","DATE_TYPE_CODE":"002","REPORT_TYPE":"2022年中报","PER_NETCASH_OPERATE":-0.029732627556,"PER_OI":0.076994642222,"BPS":0.240008228,"BASIC_EPS":-0.016008588,"DILUTED_EPS":-0.016008588,"OPERATE_INCOME":20788553.4,"OPERATE_INCOME_YOY":-52.1902820534,"GROSS_PROFIT":3486616.2,"GROSS_PROFIT_YOY":-60.723421336252,"HOLDER_PROFIT":-4328649.84,"HOLDER_PROFIT_YOY":-348.8819552782,"GROSS_PROFIT_RATIO":16.771807700674,"EPS_TTM":-0.049036067593,"OPERATE_INCOME_QOQ":0,"NET_PROFIT_RATIO":-20.822275397,"ROE_AVG":-6.479607378575,"GROSS_PROFIT_QOQ":0,"ROA":-5.584239051169,"HOLDER_PROFIT_QOQ":0,"ROE_YEARLY":-12.95921475715,"ROIC_YEARLY":-37.640581989776,"TOTAL_ASSETS":75262070.16,"TOTAL_LIABILITIES":9880102.56,"TAX_EBT":-0.949166842438,"OCF_SALES":-38.616489014575,"TOTAL_PARENT_EQUITY":64802221.56,"DEBT_ASSET_RATIO":13.1275987214,"OPERATE_PROFIT":-5681692.08,"PRETAX_PROFIT":-4287950.04,"NETCASH_OPERATE":-8027809.44,"NETCASH_INVEST":-200785.68,"NETCASH_FINANCE":-548090.64,"END_CASH":49385137.32,"DIVI_RATIO":null,"DIVIDEND_RATE":null,"CURRENT_RATIO":7.01048810004,"COMMON_ACS":380000000,"CURRENTDEBT_DEBT":90.772610765287,"ISSUED_COMMON_SHARES":270000000,"HK_COMMON_SHARES":270000000,"PER_SHARES":2000,"TOTAL_MARKET_CAP":94500000,"HKSK_MARKET_CAP":94500000,"PE_TTM":-31.075304176258,"PB_TTM":1.899993968273,"REPORT_DATE_SQ":"2021-06-30 00:00:00","REPORT_TYPE_SQ":"2021年中报","OPERATE_INCOME_SQ":40050192.56,"DPS_HKD":null,"OPERATE_INCOME_QOQ_SQ":0,"NET_PROFIT_RATIO_SQ":3.9999167984,"HOLDER_PROFIT_SQ":1601974.38,"HOLDER_PROFIT_QOQ_SQ":0,"ROE_AVG_SQ":2.011727229455,"PE_TTM_SQ":-5.562368175798,"PB_TTM_SQ":2.110238564889,"ROA_SQ":1.776533680695,"START_DATE":"2022-04-01 00:00:00","FISCAL_YEAR":"3-31","CURRENCY":"HKD","IS_CNY_CODE":0,"DPS_HKD_LY":null,"ORG_TYPE":"一般企业","PREMIUM_INCOME":null,"PREMIUM_INCOME_YOY":null,"NET_INTEREST_INCOME":null,"NET_INTEREST_INCOME_YOY":null,"FEE_COMMISSION_INCOME":null,"FEE_COMMISSION_INCOME_YOY":null,"ACCOUNTS_RECE_TDAYS":2.945284469503,"INVENTORY_TDAYS":20.827436037017,"CURRENT_ASSETS_TDAYS":0.314593669803,"TOTAL_ASSETS_TDAYS":0.26818582238,"PREMIUM_EXPENSE":null,"LOAN_DEPOSIT":null,"LOAN_EQUITY":null,"LOAN_ASSETS":null,"DEPOSIT_EQUITY":null,"DEPOSIT_ASSETS":null,"EQUITY_MULTIPLIER":1.151113570342,"EQUITY_RATIO":0.152465491493},{"SECUCODE":"01716.HK","SECURITY_CODE":"01716","SECURITY_NAME_ABBR":"毛记葵涌","ORG_CODE":"10701731","STD_REPORT_DATE":"2021-12-31 00:00:00","REPORT_DATE":"2022-03-31 00:00:00","DATE_TYPE_CODE":"001","REPORT_TYPE":"2021年年报","PER_NETCASH_OPERATE":-0.040072905222,"PER_OI":0.203578528704,"BPS":0.228512580593,"BASIC_EPS":-0.049066105,"DILUTED_EPS":null,"OPERATE_INCOME":54966202.75,"OPERATE_INCOME_YOY":14.6629897814,"GROSS_PROFIT":8056573.34,"GROSS_PROFIT_YOY":-56.096279687375,"HOLDER_PROFIT":-13239738.25,"HOLDER_PROFIT_YOY":-274.7297441935,"GROSS_PROFIT_RATIO":14.657322021394,"EPS_TTM":-0.000151456296,"OPERATE_INCOME_QOQ":0,"NET_PROFIT_RATIO":-27.3330874216,"ROE_AVG":-19.126675414753,"GROSS_PROFIT_QOQ":0,"ROA":-16.741357562581,"HOLDER_PROFIT_QOQ":0,"ROE_YEARLY":-19.126675414753,"ROIC_YEARLY":-71.974957564535,"TOTAL_ASSETS":71528648.97,"TOTAL_LIABILITIES":9019242.21,"TAX_EBT":-0.739572570558,"OCF_SALES":-19.684249354482,"TOTAL_PARENT_EQUITY":61698396.76,"DEBT_ASSET_RATIO":12.6092724242,"OPERATE_PROFIT":-15483802.92,"PRETAX_PROFIT":-14913662.89,"NETCASH_OPERATE":-10819684.41,"NETCASH_INVEST":3098058.2,"NETCASH_FINANCE":-8538313.28,"END_CASH":52153620.07,"DIVI_RATIO":null,"DIVIDEND_RATE":null,"CURRENT_RATIO":7.182542658916,"COMMON_ACS":380000000,"CURRENTDEBT_DEBT":95.908641309235,"ISSUED_COMMON_SHARES":270000000,"HK_COMMON_SHARES":270000000,"PER_SHARES":2000,"TOTAL_MARKET_CAP":94500000,"HKSK_MARKET_CAP":94500000,"PE_TTM":-31.075304176258,"PB_TTM":1.899993968273,"REPORT_DATE_SQ":"2020-12-31 00:00:00","REPORT_TYPE_SQ":"2020年年报","OPERATE_INCOME_SQ":49956899.44,"DPS_HKD":null,"OPERATE_INCOME_QOQ_SQ":0,"NET_PROFIT_RATIO_SQ":15.8066589971,"HOLDER_PROFIT_SQ":7896516.74,"HOLDER_PROFIT_QOQ_SQ":0,"ROE_AVG_SQ":9.688240448378,"PE_TTM_SQ":-5.562368175798,"PB_TTM_SQ":2.110238564889,"ROA_SQ":8.757146874121,"START_DATE":"2021-04-01 00:00:00","FISCAL_YEAR":"3-31","CURRENCY":"HKD","IS_CNY_CODE":0,"DPS_HKD_LY":0.034,"ORG_TYPE":"一般企业","PREMIUM_INCOME":null,"PREMIUM_INCOME_YOY":null,"NET_INTEREST_INCOME":null,"NET_INTEREST_INCOME_YOY":null,"FEE_COMMISSION_INCOME":null,"FEE_COMMISSION_INCOME_YOY":null,"ACCOUNTS_RECE_TDAYS":10.23636912853,"INVENTORY_TDAYS":56.846191646192,"CURRENT_ASSETS_TDAYS":0.794348435037,"TOTAL_ASSETS_TDAYS":0.695035533724,"PREMIUM_EXPENSE":null,"LOAN_DEPOSIT":null,"LOAN_EQUITY":null,"LOAN_ASSETS":null,"DEPOSIT_EQUITY":null,"DEPOSIT_ASSETS":null,"EQUITY_MULTIPLIER":1.144286159115,"EQUITY_RATIO":0.146182764604},{"SECUCODE":"01716.HK","SECURITY_CODE":"01716","SECURITY_NAME_ABBR":"毛记葵涌","ORG_CODE":"10701731","STD_REPORT_DATE":"2021-06-30 00:00:00","REPORT_DATE":"2021-09-30 00:00:00","DATE_TYPE_CODE":"002","REPORT_TYPE":"2021年中报","PER_NETCASH_OPERATE":0.005276046667,"PER_OI":0.148334046519,"BPS":0.297899170593,"BASIC_EPS":0.005914726,"DILUTED_EPS":0.005914726,"OPERATE_INCOME":40050192.56,"OPERATE_INCOME_YOY":43.888423321,"GROSS_PROFIT":8877087.36,"GROSS_PROFIT_YOY":-28.560260817169,"HOLDER_PROFIT":1601974.38,"HOLDER_PROFIT_YOY":-82.286293294,"GROSS_PROFIT_RATIO":22.164905566187,"EPS_TTM":0.029246358296,"OPERATE_INCOME_QOQ":0,"NET_PROFIT_RATIO":3.9999167984,"ROE_AVG":2.011727229455,"GROSS_PROFIT_QOQ":0,"ROA":1.776533680695,"HOLDER_PROFIT_QOQ":0,"ROE_YEARLY":4.02345445891,"ROIC_YEARLY":16.221687966595,"TOTAL_ASSETS":91353359.6,"TOTAL_LIABILITIES":10920583.54,"TAX_EBT":15.805604203152,"OCF_SALES":3.556868291871,"TOTAL_PARENT_EQUITY":80432776.06,"DEBT_ASSET_RATIO":11.9542221412,"OPERATE_PROFIT":530659.22,"PRETAX_PROFIT":1902709.04,"NETCASH_OPERATE":1424532.6,"NETCASH_INVEST":-562315.5,"NETCASH_FINANCE":-563148.56,"END_CASH":70572677.9,"DIVI_RATIO":null,"DIVIDEND_RATE":null,"CURRENT_RATIO":7.666774611399,"COMMON_ACS":380000000,"CURRENTDEBT_DEBT":94.225341368525,"ISSUED_COMMON_SHARES":270000000,"HK_COMMON_SHARES":270000000,"PER_SHARES":2000,"TOTAL_MARKET_CAP":94500000,"HKSK_MARKET_CAP":94500000,"PE_TTM":-31.075304176258,"PB_TTM":1.899993968273,"REPORT_DATE_SQ":"2020-06-30 00:00:00","REPORT_TYPE_SQ":"2020年中报","OPERATE_INCOME_SQ":29359792.64,"DPS_HKD":null,"OPERATE_INCOME_QOQ_SQ":0,"NET_PROFIT_RATIO_SQ":32.4913204837,"HOLDER_PROFIT_SQ":9539384.32,"HOLDER_PROFIT_QOQ_SQ":0,"ROE_AVG_SQ":10.471385992496,"PE_TTM_SQ":-5.562368175798,"PB_TTM_SQ":2.110238564889,"ROA_SQ":9.608185012435,"START_DATE":"2021-04-01 00:00:00","FISCAL_YEAR":"3-31","CURRENCY":"HKD","IS_CNY_CODE":0,"DPS_HKD_LY":0.034,"ORG_TYPE":"一般企业","PREMIUM_INCOME":null,"PREMIUM_INCOME_YOY":null,"NET_INTEREST_INCOME":null,"NET_INTEREST_INCOME_YOY":null,"FEE_COMMISSION_INCOME":null,"FEE_COMMISSION_INCOME_YOY":null,"ACCOUNTS_RECE_TDAYS":7.058581706064,"INVENTORY_TDAYS":48.755700325733,"CURRENT_ASSETS_TDAYS":0.509457755359,"TOTAL_ASSETS_TDAYS":0.444142658518,"PREMIUM_EXPENSE":null,"LOAN_DEPOSIT":null,"LOAN_EQUITY":null,"LOAN_ASSETS":null,"DEPOSIT_EQUITY":null,"DEPOSIT_ASSETS":null,"EQUITY_MULTIPLIER":1.135772804011,"EQUITY_RATIO":0.13577280401},{"SECUCODE":"01716.HK","SECURITY_CODE":"01716","SECURITY_NAME_ABBR":"毛记葵涌","ORG_CODE":"10701731","STD_REPORT_DATE":"2020-12-31 00:00:00","REPORT_DATE":"2021-03-31 00:00:00","DATE_TYPE_CODE":"001","REPORT_TYPE":"2020年年报","PER_NETCASH_OPERATE":0.052457505333,"PER_OI":0.185025553481,"BPS":0.296213677926,"BASIC_EPS":0.029243228,"DILUTED_EPS":0.029243228,"OPERATE_INCOME":49956899.44,"OPERATE_INCOME_YOY":-23.1445363291,"GROSS_PROFIT":18350548.16,"GROSS_PROFIT_YOY":-37.531016421703,"HOLDER_PROFIT":7896516.74,"HOLDER_PROFIT_YOY":-29.7888329451,"GROSS_PROFIT_RATIO":36.732760370847,"EPS_TTM":0.05103423863,"OPERATE_INCOME_QOQ":0,"NET_PROFIT_RATIO":15.8066589971,"ROE_AVG":9.688240448378,"GROSS_PROFIT_QOQ":0,"ROA":8.757146874121,"HOLDER_PROFIT_QOQ":0,"ROE_YEARLY":9.688240448378,"ROIC_YEARLY":38.753966443371,"TOTAL_ASSETS":90289734.22,"TOTAL_LIABILITIES":10312041.18,"TAX_EBT":5.968196457327,"OCF_SALES":28.351492183799,"TOTAL_PARENT_EQUITY":79977693.04,"DEBT_ASSET_RATIO":11.4210560803,"OPERATE_PROFIT":5184334.12,"PRETAX_PROFIT":8397708.48,"NETCASH_OPERATE":14163526.44,"NETCASH_INVEST":1048868.38,"NETCASH_FINANCE":-12212851,"END_CASH":71296004.08,"DIVI_RATIO":null,"DIVIDEND_RATE":null,"CURRENT_RATIO":8.175447748218,"COMMON_ACS":380000000,"CURRENTDEBT_DEBT":94.270961396607,"ISSUED_COMMON_SHARES":270000000,"HK_COMMON_SHARES":270000000,"PER_SHARES":2000,"TOTAL_MARKET_CAP":94500000,"HKSK_MARKET_CAP":94500000,"PE_TTM":-31.075304176258,"PB_TTM":1.899993968273,"REPORT_DATE_SQ":"2019-12-31 00:00:00","REPORT_TYPE_SQ":"2019年年报","OPERATE_INCOME_SQ":70270839.6,"DPS_HKD":null,"OPERATE_INCOME_QOQ_SQ":0,"NET_PROFIT_RATIO_SQ":17.3024912883,"HOLDER_PROFIT_SQ":12158605.9,"HOLDER_PROFIT_QOQ_SQ":0,"ROE_AVG_SQ":13.49436931798,"PE_TTM_SQ":-5.562368175798,"PB_TTM_SQ":2.110238564889,"ROA_SQ":11.930891028745,"START_DATE":"2020-04-01 00:00:00","FISCAL_YEAR":"3-31","CURRENCY":"HKD","IS_CNY_CODE":0,"DPS_HKD_LY":0.048,"ORG_TYPE":"一般企业","PREMIUM_INCOME":null,"PREMIUM_INCOME_YOY":null,"NET_INTEREST_INCOME":null,"NET_INTEREST_INCOME_YOY":null,"FEE_COMMISSION_INCOME":null,"FEE_COMMISSION_INCOME_YOY":null,"ACCOUNTS_RECE_TDAYS":7.97624991566,"INVENTORY_TDAYS":54.47341587764,"CURRENT_ASSETS_TDAYS":0.623949668539,"TOTAL_ASSETS_TDAYS":0.554016308932,"PREMIUM_EXPENSE":null,"LOAN_DEPOSIT":null,"LOAN_EQUITY":null,"LOAN_ASSETS":null,"DEPOSIT_EQUITY":null,"DEPOSIT_ASSETS":null,"EQUITY_MULTIPLIER":1.128936467008,"EQUITY_RATIO":0.128936467008},{"SECUCODE":"01716.HK","SECURITY_CODE":"01716","SECURITY_NAME_ABBR":"毛记葵涌","ORG_CODE":"10701731","STD_REPORT_DATE":"2020-06-30 00:00:00","REPORT_DATE":"2020-09-30 00:00:00","DATE_TYPE_CODE":"002","REPORT_TYPE":"2020年中报","PER_NETCASH_OPERATE":0.047831658667,"PER_OI":0.108739972741,"BPS":0.355071224889,"BASIC_EPS":0.035324544,"DILUTED_EPS":0.035324544,"OPERATE_INCOME":29359792.64,"OPERATE_INCOME_YOY":-31.1617940952,"GROSS_PROFIT":12425979.52,"GROSS_PROFIT_YOY":-36.018402377688,"HOLDER_PROFIT":9539384.32,"HOLDER_PROFIT_YOY":23.6587310628,"GROSS_PROFIT_RATIO":42.323117442835,"EPS_TTM":0.045031873704,"OPERATE_INCOME_QOQ":0,"NET_PROFIT_RATIO":32.4913204837,"ROE_AVG":10.471385992496,"GROSS_PROFIT_QOQ":0,"ROA":9.608185012435,"HOLDER_PROFIT_QOQ":0,"ROE_YEARLY":20.942771984991,"ROIC_YEARLY":90.610132710124,"TOTAL_ASSETS":104939378.56,"TOTAL_LIABILITIES":9070147.84,"TAX_EBT":3.48506401138,"OCF_SALES":43.987190231055,"TOTAL_PARENT_EQUITY":95869230.72,"DEBT_ASSET_RATIO":8.6432261792,"OPERATE_PROFIT":6223973.76,"PRETAX_PROFIT":9883842.56,"NETCASH_OPERATE":12914547.84,"NETCASH_INVEST":2151106.56,"NETCASH_FINANCE":-623012.48,"END_CASH":85449368.96,"DIVI_RATIO":null,"DIVIDEND_RATE":null,"CURRENT_RATIO":11.104807097174,"COMMON_ACS":380000000,"CURRENTDEBT_DEBT":93.915907769812,"ISSUED_COMMON_SHARES":270000000,"HK_COMMON_SHARES":270000000,"PER_SHARES":2000,"TOTAL_MARKET_CAP":94500000,"HKSK_MARKET_CAP":94500000,"PE_TTM":-31.075304176258,"PB_TTM":1.899993968273,"REPORT_DATE_SQ":"2019-06-30 00:00:00","REPORT_TYPE_SQ":"2019年中报","OPERATE_INCOME_SQ":43780859.37,"DPS_HKD":null,"OPERATE_INCOME_QOQ_SQ":0,"NET_PROFIT_RATIO_SQ":18.0872324206,"HOLDER_PROFIT_SQ":7918745.79,"HOLDER_PROFIT_QOQ_SQ":0,"ROE_AVG_SQ":8.474469923306,"PE_TTM_SQ":-5.562368175798,"PB_TTM_SQ":2.110238564889,"ROA_SQ":7.068181909673,"START_DATE":"2020-04-01 00:00:00","FISCAL_YEAR":"3-31","CURRENCY":"HKD","IS_CNY_CODE":0,"DPS_HKD_LY":0.048,"ORG_TYPE":"一般企业","PREMIUM_INCOME":null,"PREMIUM_INCOME_YOY":null,"NET_INTEREST_INCOME":null,"NET_INTEREST_INCOME_YOY":null,"FEE_COMMISSION_INCOME":null,"FEE_COMMISSION_INCOME_YOY":null,"ACCOUNTS_RECE_TDAYS":4.733918957212,"INVENTORY_TDAYS":27.412517780939,"CURRENT_ASSETS_TDAYS":0.329052590112,"TOTAL_ASSETS_TDAYS":0.295715436289,"PREMIUM_EXPENSE":null,"LOAN_DEPOSIT":null,"LOAN_EQUITY":null,"LOAN_ASSETS":null,"DEPOSIT_EQUITY":null,"DEPOSIT_ASSETS":null,"EQUITY_MULTIPLIER":1.094609581947,"EQUITY_RATIO":0.094609581947}],"count":18},"success":true,"message":"ok","code":0}