{"version":"c13b59257eb31830ba4572873a842b10","result":{"pages":2,"data":[{"SECUCODE":"01711.HK","SECURITY_CODE":"01711","SECURITY_NAME_ABBR":"欧化","ORG_CODE":"10696868","STD_REPORT_DATE":"2024-06-30 00:00:00","REPORT_DATE":"2024-09-30 00:00:00","DATE_TYPE_CODE":"002","REPORT_TYPE":"2024年中报","PER_NETCASH_OPERATE":0.017500362188,"PER_OI":0.089474476563,"BPS":0.060416548288,"BASIC_EPS":-0.012534881,"DILUTED_EPS":-0.012534881,"OPERATE_INCOME":71579581.25,"OPERATE_INCOME_YOY":-11.4365411437,"GROSS_PROFIT":41720412.56,"GROSS_PROFIT_YOY":-11.490816580757,"HOLDER_PROFIT":-10022494.06,"HOLDER_PROFIT_YOY":-21.3848842289,"GROSS_PROFIT_RATIO":58.285354330709,"EPS_TTM":-0.028336486625,"OPERATE_INCOME_QOQ":0,"NET_PROFIT_RATIO":-14.0018897638,"ROE_AVG":-18.788247624844,"GROSS_PROFIT_QOQ":0,"ROA":-8.300936973676,"HOLDER_PROFIT_QOQ":0,"ROE_YEARLY":-37.576495249687,"ROIC_YEARLY":-23.458640268485,"TOTAL_ASSETS":110554043.26,"TOTAL_LIABILITIES":62220804.63,"TAX_EBT":null,"OCF_SALES":19.55905511811,"TOTAL_PARENT_EQUITY":48333238.63,"DEBT_ASSET_RATIO":56.2808946604,"OPERATE_PROFIT":-9358776.62,"PRETAX_PROFIT":-10022494.06,"NETCASH_OPERATE":14000289.75,"NETCASH_INVEST":-1397774.5,"NETCASH_FINANCE":-20219935.38,"END_CASH":31482390.69,"DIVI_RATIO":null,"DIVIDEND_RATE":null,"CURRENT_RATIO":1.528654911669,"COMMON_ACS":null,"CURRENTDEBT_DEBT":86.060263489717,"ISSUED_COMMON_SHARES":800000000,"HK_COMMON_SHARES":800000000,"PER_SHARES":10000,"TOTAL_MARKET_CAP":49600000,"HKSK_MARKET_CAP":49600000,"PE_TTM":-1.839489689957,"PB_TTM":0.9254249305,"REPORT_DATE_SQ":"2023-06-30 00:00:00","REPORT_TYPE_SQ":"2023年中报","OPERATE_INCOME_SQ":82242588.75,"DPS_HKD":null,"OPERATE_INCOME_QOQ_SQ":0,"NET_PROFIT_RATIO_SQ":-10.2158995816,"HOLDER_PROFIT_SQ":-8401820.28,"HOLDER_PROFIT_QOQ_SQ":0,"ROE_AVG_SQ":-10.754178461105,"PE_TTM_SQ":-2.164135323643,"PB_TTM_SQ":0.824220156155,"ROA_SQ":-4.913902060071,"START_DATE":"2024-04-01 00:00:00","FISCAL_YEAR":"3-31","CURRENCY":"HKD","IS_CNY_CODE":0,"DPS_HKD_LY":null,"ORG_TYPE":"一般企业","PREMIUM_INCOME":null,"PREMIUM_INCOME_YOY":null,"NET_INTEREST_INCOME":null,"NET_INTEREST_INCOME_YOY":null,"FEE_COMMISSION_INCOME":null,"FEE_COMMISSION_INCOME_YOY":null,"ACCOUNTS_RECE_TDAYS":22.871344186717,"INVENTORY_TDAYS":0.844248396843,"CURRENT_ASSETS_TDAYS":0.807970276873,"TOTAL_ASSETS_TDAYS":0.592844045605,"PREMIUM_EXPENSE":null,"LOAN_DEPOSIT":null,"LOAN_EQUITY":null,"LOAN_ASSETS":null,"DEPOSIT_EQUITY":null,"DEPOSIT_ASSETS":null,"EQUITY_MULTIPLIER":2.28732951471,"EQUITY_RATIO":1.287329514712},{"SECUCODE":"01711.HK","SECURITY_CODE":"01711","SECURITY_NAME_ABBR":"欧化","ORG_CODE":"10696868","STD_REPORT_DATE":"2023-12-31 00:00:00","REPORT_DATE":"2024-03-31 00:00:00","DATE_TYPE_CODE":"001","REPORT_TYPE":"2023年年报","PER_NETCASH_OPERATE":0.031817638625,"PER_OI":0.194498036125,"BPS":0.073329696313,"BASIC_EPS":-0.028375015,"DILUTED_EPS":-0.028375015,"OPERATE_INCOME":155598428.9,"OPERATE_INCOME_YOY":-20.5923718933,"GROSS_PROFIT":90345866.45,"GROSS_PROFIT_YOY":-22.510166141565,"HOLDER_PROFIT":-22669189.3,"HOLDER_PROFIT_YOY":-18.9798734358,"GROSS_PROFIT_RATIO":58.063482445612,"EPS_TTM":-0.034075840263,"OPERATE_INCOME_QOQ":0,"NET_PROFIT_RATIO":-14.5690348291,"ROE_AVG":-32.385318724584,"GROSS_PROFIT_QOQ":0,"ROA":-14.645702956844,"HOLDER_PROFIT_QOQ":0,"ROE_YEARLY":-32.385318724584,"ROIC_YEARLY":-21.185959620778,"TOTAL_ASSETS":131615648.65,"TOTAL_LIABILITIES":72951891.6,"TAX_EBT":-1.530715822811,"OCF_SALES":16.358848273692,"TOTAL_PARENT_EQUITY":58663757.05,"DEBT_ASSET_RATIO":55.4279771048,"OPERATE_PROFIT":-19864323.6,"PRETAX_PROFIT":-22327419.95,"NETCASH_OPERATE":25454110.9,"NETCASH_INVEST":-2394198.55,"NETCASH_FINANCE":-40013303.9,"END_CASH":39306194.9,"DIVI_RATIO":null,"DIVIDEND_RATE":null,"CURRENT_RATIO":1.626607989167,"COMMON_ACS":null,"CURRENTDEBT_DEBT":80.758524704245,"ISSUED_COMMON_SHARES":800000000,"HK_COMMON_SHARES":800000000,"PER_SHARES":10000,"TOTAL_MARKET_CAP":52000000,"HKSK_MARKET_CAP":52000000,"PE_TTM":-1.9284972556,"PB_TTM":0.970203556169,"REPORT_DATE_SQ":"2022-12-31 00:00:00","REPORT_TYPE_SQ":"2022年年报","OPERATE_INCOME_SQ":189218120.68,"DPS_HKD":null,"OPERATE_INCOME_QOQ_SQ":0,"NET_PROFIT_RATIO_SQ":-9.7234302422,"HOLDER_PROFIT_SQ":-18398491.97,"HOLDER_PROFIT_QOQ_SQ":0,"ROE_AVG_SQ":-20.559449452436,"PE_TTM_SQ":-3.61612028358,"PB_TTM_SQ":0.943384516081,"ROA_SQ":-9.408167741762,"START_DATE":"2023-04-01 00:00:00","FISCAL_YEAR":"3-31","CURRENCY":"HKD","IS_CNY_CODE":0,"DPS_HKD_LY":null,"ORG_TYPE":"一般企业","PREMIUM_INCOME":null,"PREMIUM_INCOME_YOY":null,"NET_INTEREST_INCOME":null,"NET_INTEREST_INCOME_YOY":null,"FEE_COMMISSION_INCOME":null,"FEE_COMMISSION_INCOME_YOY":null,"ACCOUNTS_RECE_TDAYS":49.137703979387,"INVENTORY_TDAYS":1.698298846236,"CURRENT_ASSETS_TDAYS":1.467279892628,"TOTAL_ASSETS_TDAYS":1.005262402666,"PREMIUM_EXPENSE":null,"LOAN_DEPOSIT":null,"LOAN_EQUITY":null,"LOAN_ASSETS":null,"DEPOSIT_EQUITY":null,"DEPOSIT_ASSETS":null,"EQUITY_MULTIPLIER":2.243559827543,"EQUITY_RATIO":1.243559827541},{"SECUCODE":"01711.HK","SECURITY_CODE":"01711","SECURITY_NAME_ABBR":"欧化","ORG_CODE":"10696868","STD_REPORT_DATE":"2023-06-30 00:00:00","REPORT_DATE":"2023-09-30 00:00:00","DATE_TYPE_CODE":"002","REPORT_TYPE":"2023年中报","PER_NETCASH_OPERATE":0.021653773925,"PER_OI":0.102803235938,"BPS":0.092406488038,"BASIC_EPS":-0.010460982,"DILUTED_EPS":-0.010460982,"OPERATE_INCOME":82242588.75,"OPERATE_INCOME_YOY":-24.1366175724,"GROSS_PROFIT":47136817.84,"GROSS_PROFIT_YOY":-28.37314688229,"HOLDER_PROFIT":-8401820.28,"HOLDER_PROFIT_YOY":-1898.8212180747,"GROSS_PROFIT_RATIO":57.314365411437,"EPS_TTM":-0.022998114963,"OPERATE_INCOME_QOQ":0,"NET_PROFIT_RATIO":-10.2158995816,"ROE_AVG":-10.754178461105,"GROSS_PROFIT_QOQ":0,"ROA":-4.913902060071,"HOLDER_PROFIT_QOQ":0,"ROE_YEARLY":-21.50835692221,"ROIC_YEARLY":-14.446938348842,"TOTAL_ASSETS":161834144.43,"TOTAL_LIABILITIES":87908954,"TAX_EBT":null,"OCF_SALES":21.063319386332,"TOTAL_PARENT_EQUITY":73925190.43,"DEBT_ASSET_RATIO":54.3203996348,"OPERATE_PROFIT":-7127232.21,"PRETAX_PROFIT":-8401820.28,"NETCASH_OPERATE":17323019.14,"NETCASH_INVEST":-176184.96,"NETCASH_FINANCE":-21705620.02,"END_CASH":52388414.33,"DIVI_RATIO":null,"DIVIDEND_RATE":null,"CURRENT_RATIO":1.685104839295,"COMMON_ACS":null,"CURRENTDEBT_DEBT":71.936325678497,"ISSUED_COMMON_SHARES":800000000,"HK_COMMON_SHARES":800000000,"PER_SHARES":10000,"TOTAL_MARKET_CAP":52000000,"HKSK_MARKET_CAP":52000000,"PE_TTM":-1.9284972556,"PB_TTM":0.970203556169,"REPORT_DATE_SQ":"2022-06-30 00:00:00","REPORT_TYPE_SQ":"2022年中报","OPERATE_INCOME_SQ":106850541.6,"DPS_HKD":null,"OPERATE_INCOME_QOQ_SQ":0,"NET_PROFIT_RATIO_SQ":0.4308447605,"HOLDER_PROFIT_SQ":460359.96,"HOLDER_PROFIT_QOQ_SQ":0,"ROE_AVG_SQ":0.450488324033,"PE_TTM_SQ":-3.61612028358,"PB_TTM_SQ":0.943384516081,"ROA_SQ":0.214273385898,"START_DATE":"2023-04-01 00:00:00","FISCAL_YEAR":"3-31","CURRENCY":"HKD","IS_CNY_CODE":0,"DPS_HKD_LY":null,"ORG_TYPE":"一般企业","PREMIUM_INCOME":null,"PREMIUM_INCOME_YOY":null,"NET_INTEREST_INCOME":null,"NET_INTEREST_INCOME_YOY":null,"FEE_COMMISSION_INCOME":null,"FEE_COMMISSION_INCOME_YOY":null,"ACCOUNTS_RECE_TDAYS":27.756271291421,"INVENTORY_TDAYS":0.903363676076,"CURRENT_ASSETS_TDAYS":0.733509839467,"TOTAL_ASSETS_TDAYS":0.481005321247,"PREMIUM_EXPENSE":null,"LOAN_DEPOSIT":null,"LOAN_EQUITY":null,"LOAN_ASSETS":null,"DEPOSIT_EQUITY":null,"DEPOSIT_ASSETS":null,"EQUITY_MULTIPLIER":2.189161008426,"EQUITY_RATIO":1.189161008428},{"SECUCODE":"01711.HK","SECURITY_CODE":"01711","SECURITY_NAME_ABBR":"欧化","ORG_CODE":"10696868","STD_REPORT_DATE":"2022-12-31 00:00:00","REPORT_DATE":"2023-03-31 00:00:00","DATE_TYPE_CODE":"001","REPORT_TYPE":"2022年年报","PER_NETCASH_OPERATE":0.039877114025,"PER_OI":0.23652265085,"BPS":0.098173948713,"BASIC_EPS":-0.023023283,"DILUTED_EPS":-0.023023283,"OPERATE_INCOME":189218120.68,"OPERATE_INCOME_YOY":-4.1289469832,"GROSS_PROFIT":116590605.44,"GROSS_PROFIT_YOY":0.787147136349,"HOLDER_PROFIT":-18398491.97,"HOLDER_PROFIT_YOY":-607.4118783197,"GROSS_PROFIT_RATIO":61.617040176176,"EPS_TTM":0.004189229575,"OPERATE_INCOME_QOQ":0,"NET_PROFIT_RATIO":-9.7234302422,"ROE_AVG":-20.559449452436,"GROSS_PROFIT_QOQ":0,"ROA":-9.408167741762,"HOLDER_PROFIT_QOQ":0,"ROE_YEARLY":-20.559449452436,"ROIC_YEARLY":-13.650992631179,"TOTAL_ASSETS":171839481.36,"TOTAL_LIABILITIES":93300322.39,"TAX_EBT":1.319372711053,"OCF_SALES":16.859744249311,"TOTAL_PARENT_EQUITY":78539158.97,"DEBT_ASSET_RATIO":54.2950442189,"OPERATE_PROFIT":-16432321.11,"PRETAX_PROFIT":-18644482.18,"NETCASH_OPERATE":31454356.71,"NETCASH_INVEST":-688072.26,"NETCASH_FINANCE":-43674204.9,"END_CASH":54327069.19,"DIVI_RATIO":null,"DIVIDEND_RATE":null,"CURRENT_RATIO":1.833550176572,"COMMON_ACS":null,"CURRENTDEBT_DEBT":65.625498456544,"ISSUED_COMMON_SHARES":800000000,"HK_COMMON_SHARES":800000000,"PER_SHARES":10000,"TOTAL_MARKET_CAP":52000000,"HKSK_MARKET_CAP":52000000,"PE_TTM":-1.9284972556,"PB_TTM":0.970203556169,"REPORT_DATE_SQ":"2021-12-31 00:00:00","REPORT_TYPE_SQ":"2021年年报","OPERATE_INCOME_SQ":182847881.57,"DPS_HKD":null,"OPERATE_INCOME_QOQ_SQ":0,"NET_PROFIT_RATIO_SQ":1.837157418,"HOLDER_PROFIT_SQ":3359203.42,"HOLDER_PROFIT_QOQ_SQ":0,"ROE_AVG_SQ":3.596016773309,"PE_TTM_SQ":-3.61612028358,"PB_TTM_SQ":0.943384516081,"ROA_SQ":1.782479031557,"START_DATE":"2022-04-01 00:00:00","FISCAL_YEAR":"3-31","CURRENCY":"HKD","IS_CNY_CODE":0,"DPS_HKD_LY":0.005,"ORG_TYPE":"一般企业","PREMIUM_INCOME":null,"PREMIUM_INCOME_YOY":null,"NET_INTEREST_INCOME":null,"NET_INTEREST_INCOME_YOY":null,"FEE_COMMISSION_INCOME":null,"FEE_COMMISSION_INCOME_YOY":null,"ACCOUNTS_RECE_TDAYS":65.400302571861,"INVENTORY_TDAYS":1.635209713024,"CURRENT_ASSETS_TDAYS":1.533008028597,"TOTAL_ASSETS_TDAYS":0.967577028618,"PREMIUM_EXPENSE":null,"LOAN_DEPOSIT":null,"LOAN_EQUITY":null,"LOAN_ASSETS":null,"DEPOSIT_EQUITY":null,"DEPOSIT_ASSETS":null,"EQUITY_MULTIPLIER":2.187946543017,"EQUITY_RATIO":1.187946543019},{"SECUCODE":"01711.HK","SECURITY_CODE":"01711","SECURITY_NAME_ABBR":"欧化","ORG_CODE":"10696868","STD_REPORT_DATE":"2022-06-30 00:00:00","REPORT_DATE":"2022-09-30 00:00:00","DATE_TYPE_CODE":"002","REPORT_TYPE":"2022年中报","PER_NETCASH_OPERATE":0.0268008183,"PER_OI":0.133563177,"BPS":0.12576577365,"BASIC_EPS":0.000542664,"DILUTED_EPS":0.000542664,"OPERATE_INCOME":106850541.6,"OPERATE_INCOME_YOY":9.5704918337,"GROSS_PROFIT":65808863.28,"GROSS_PROFIT_YOY":13.939518264801,"HOLDER_PROFIT":460359.96,"HOLDER_PROFIT_YOY":-9.4306049822,"GROSS_PROFIT_RATIO":61.589639410869,"EPS_TTM":0.004199004275,"OPERATE_INCOME_QOQ":0,"NET_PROFIT_RATIO":0.4308447605,"ROE_AVG":0.450488324033,"GROSS_PROFIT_QOQ":0,"ROA":0.214273385898,"HOLDER_PROFIT_QOQ":0,"ROE_YEARLY":0.900976648066,"ROIC_YEARLY":0.632068472015,"TOTAL_ASSETS":203144459.52,"TOTAL_LIABILITIES":102531840.6,"TAX_EBT":null,"OCF_SALES":20.066023362113,"TOTAL_PARENT_EQUITY":100612618.92,"DEBT_ASSET_RATIO":50.472378544,"OPERATE_PROFIT":1196574.12,"PRETAX_PROFIT":460359.96,"NETCASH_OPERATE":21440654.64,"NETCASH_INVEST":-1176676.44,"NETCASH_FINANCE":-20834679.84,"END_CASH":68893908.12,"DIVI_RATIO":null,"DIVIDEND_RATE":null,"CURRENT_RATIO":1.827953974949,"COMMON_ACS":null,"CURRENTDEBT_DEBT":69.226833678825,"ISSUED_COMMON_SHARES":800000000,"HK_COMMON_SHARES":800000000,"PER_SHARES":10000,"TOTAL_MARKET_CAP":52000000,"HKSK_MARKET_CAP":52000000,"PE_TTM":-1.9284972556,"PB_TTM":0.970203556169,"REPORT_DATE_SQ":"2021-06-30 00:00:00","REPORT_TYPE_SQ":"2021年中报","OPERATE_INCOME_SQ":89821362.26,"DPS_HKD":null,"OPERATE_INCOME_QOQ_SQ":0,"NET_PROFIT_RATIO_SQ":0.5212342679,"HOLDER_PROFIT_SQ":468179.72,"HOLDER_PROFIT_QOQ_SQ":0,"ROE_AVG_SQ":0.495621422839,"PE_TTM_SQ":-3.61612028358,"PB_TTM_SQ":0.943384516081,"ROA_SQ":0.25930163886,"START_DATE":"2022-04-01 00:00:00","FISCAL_YEAR":"3-31","CURRENCY":"HKD","IS_CNY_CODE":0,"DPS_HKD_LY":0.005,"ORG_TYPE":"一般企业","PREMIUM_INCOME":null,"PREMIUM_INCOME_YOY":null,"NET_INTEREST_INCOME":null,"NET_INTEREST_INCOME_YOY":null,"FEE_COMMISSION_INCOME":null,"FEE_COMMISSION_INCOME_YOY":null,"ACCOUNTS_RECE_TDAYS":32.898913951546,"INVENTORY_TDAYS":0.855139922736,"CURRENT_ASSETS_TDAYS":0.795009488432,"TOTAL_ASSETS_TDAYS":0.497333159333,"PREMIUM_EXPENSE":null,"LOAN_DEPOSIT":null,"LOAN_EQUITY":null,"LOAN_ASSETS":null,"DEPOSIT_EQUITY":null,"DEPOSIT_ASSETS":null,"EQUITY_MULTIPLIER":2.019075357553,"EQUITY_RATIO":1.019075357551},{"SECUCODE":"01711.HK","SECURITY_CODE":"01711","SECURITY_NAME_ABBR":"欧化","ORG_CODE":"10696868","STD_REPORT_DATE":"2021-12-31 00:00:00","REPORT_DATE":"2022-03-31 00:00:00","DATE_TYPE_CODE":"001","REPORT_TYPE":"2021年年报","PER_NETCASH_OPERATE":0.037496033588,"PER_OI":0.228559851963,"BPS":0.116313026675,"BASIC_EPS":0.004217252,"DILUTED_EPS":0.004217252,"OPERATE_INCOME":182847881.57,"OPERATE_INCOME_YOY":-3.8579299287,"GROSS_PROFIT":115680033.37,"GROSS_PROFIT_YOY":-10.478516084461,"HOLDER_PROFIT":3359203.42,"HOLDER_PROFIT_YOY":-75.3833353144,"GROSS_PROFIT_RATIO":63.265722510279,"EPS_TTM":0.019509301,"OPERATE_INCOME_QOQ":0,"NET_PROFIT_RATIO":1.837157418,"ROE_AVG":3.596016773309,"GROSS_PROFIT_QOQ":0,"ROA":1.782479031557,"HOLDER_PROFIT_QOQ":0,"ROE_YEARLY":3.596016773309,"ROIC_YEARLY":2.815254847853,"TOTAL_ASSETS":203146650.86,"TOTAL_LIABILITIES":110096229.52,"TAX_EBT":28.807150223445,"OCF_SALES":16.405345586963,"TOTAL_PARENT_EQUITY":93050421.34,"DEBT_ASSET_RATIO":54.1954440568,"OPERATE_PROFIT":5963356.53,"PRETAX_PROFIT":4718456.18,"NETCASH_OPERATE":29996826.87,"NETCASH_INVEST":-6836814.3,"NETCASH_FINANCE":-36853105.41,"END_CASH":62288812.04,"DIVI_RATIO":null,"DIVIDEND_RATE":null,"CURRENT_RATIO":1.635825850109,"COMMON_ACS":null,"CURRENTDEBT_DEBT":69.235075726325,"ISSUED_COMMON_SHARES":800000000,"HK_COMMON_SHARES":800000000,"PER_SHARES":10000,"TOTAL_MARKET_CAP":52000000,"HKSK_MARKET_CAP":52000000,"PE_TTM":-1.9284972556,"PB_TTM":0.970203556169,"REPORT_DATE_SQ":"2020-12-31 00:00:00","REPORT_TYPE_SQ":"2020年年报","OPERATE_INCOME_SQ":198198090.72,"DPS_HKD":null,"OPERATE_INCOME_QOQ_SQ":0,"NET_PROFIT_RATIO_SQ":7.175144134,"HOLDER_PROFIT_SQ":14220998.68,"HOLDER_PROFIT_QOQ_SQ":0,"ROE_AVG_SQ":15.693114093584,"PE_TTM_SQ":-3.61612028358,"PB_TTM_SQ":0.943384516081,"ROA_SQ":8.133551504195,"START_DATE":"2021-04-01 00:00:00","FISCAL_YEAR":"3-31","CURRENCY":"HKD","IS_CNY_CODE":0,"DPS_HKD_LY":0.0063,"ORG_TYPE":"一般企业","PREMIUM_INCOME":null,"PREMIUM_INCOME_YOY":null,"NET_INTEREST_INCOME":null,"NET_INTEREST_INCOME_YOY":null,"FEE_COMMISSION_INCOME":null,"FEE_COMMISSION_INCOME_YOY":null,"ACCOUNTS_RECE_TDAYS":66.447686413204,"INVENTORY_TDAYS":1.570240882763,"CURRENT_ASSETS_TDAYS":1.424832842499,"TOTAL_ASSETS_TDAYS":0.970237506079,"PREMIUM_EXPENSE":null,"LOAN_DEPOSIT":null,"LOAN_EQUITY":null,"LOAN_ASSETS":null,"DEPOSIT_EQUITY":null,"DEPOSIT_ASSETS":null,"EQUITY_MULTIPLIER":2.18318894138,"EQUITY_RATIO":1.183188941377},{"SECUCODE":"01711.HK","SECURITY_CODE":"01711","SECURITY_NAME_ABBR":"欧化","ORG_CODE":"10696868","STD_REPORT_DATE":"2021-06-30 00:00:00","REPORT_DATE":"2021-09-30 00:00:00","DATE_TYPE_CODE":"002","REPORT_TYPE":"2021年中报","PER_NETCASH_OPERATE":0.028760355175,"PER_OI":0.112276702825,"BPS":0.11574743905,"BASIC_EPS":0.000583142,"DILUTED_EPS":0.000583142,"OPERATE_INCOME":89821362.26,"OPERATE_INCOME_YOY":10.209234103,"GROSS_PROFIT":57757715.92,"GROSS_PROFIT_YOY":4.092761823978,"HOLDER_PROFIT":468179.72,"HOLDER_PROFIT_YOY":153.7799043062,"GROSS_PROFIT_RATIO":64.302872353252,"EPS_TTM":0.01777624835,"OPERATE_INCOME_QOQ":0,"NET_PROFIT_RATIO":0.5212342679,"ROE_AVG":0.495621422839,"GROSS_PROFIT_QOQ":0,"ROA":0.25930163886,"HOLDER_PROFIT_QOQ":0,"ROE_YEARLY":0.991242845678,"ROIC_YEARLY":0.906952631091,"TOTAL_ASSETS":182616748.72,"TOTAL_LIABILITIES":90018797.48,"TAX_EBT":null,"OCF_SALES":25.615603639365,"TOTAL_PARENT_EQUITY":92597951.24,"DEBT_ASSET_RATIO":49.2938342791,"OPERATE_PROFIT":931361.08,"PRETAX_PROFIT":468179.72,"NETCASH_OPERATE":23008284.14,"NETCASH_INVEST":-6814430.8,"NETCASH_FINANCE":-17665870.36,"END_CASH":76575708.26,"DIVI_RATIO":null,"DIVIDEND_RATE":null,"CURRENT_RATIO":1.902208314921,"COMMON_ACS":null,"CURRENTDEBT_DEBT":77.485239408466,"ISSUED_COMMON_SHARES":800000000,"HK_COMMON_SHARES":800000000,"PER_SHARES":10000,"TOTAL_MARKET_CAP":52000000,"HKSK_MARKET_CAP":52000000,"PE_TTM":-1.9284972556,"PB_TTM":0.970203556169,"REPORT_DATE_SQ":"2020-06-30 00:00:00","REPORT_TYPE_SQ":"2020年中报","OPERATE_INCOME_SQ":85967813.76,"DPS_HKD":null,"OPERATE_INCOME_QOQ_SQ":0,"NET_PROFIT_RATIO_SQ":-1.0681467399,"HOLDER_PROFIT_SQ":-918262.4,"HOLDER_PROFIT_QOQ_SQ":0,"ROE_AVG_SQ":-1.063250698235,"PE_TTM_SQ":-3.61612028358,"PB_TTM_SQ":0.943384516081,"ROA_SQ":-0.525578576512,"START_DATE":"2021-04-01 00:00:00","FISCAL_YEAR":"3-31","CURRENCY":"HKD","IS_CNY_CODE":0,"DPS_HKD_LY":0.0063,"ORG_TYPE":"一般企业","PREMIUM_INCOME":null,"PREMIUM_INCOME_YOY":null,"NET_INTEREST_INCOME":null,"NET_INTEREST_INCOME_YOY":null,"FEE_COMMISSION_INCOME":null,"FEE_COMMISSION_INCOME_YOY":null,"ACCOUNTS_RECE_TDAYS":28.933583791762,"INVENTORY_TDAYS":0.798560106228,"CURRENT_ASSETS_TDAYS":0.669716450821,"TOTAL_ASSETS_TDAYS":0.497476192234,"PREMIUM_EXPENSE":null,"LOAN_DEPOSIT":null,"LOAN_EQUITY":null,"LOAN_ASSETS":null,"DEPOSIT_EQUITY":null,"DEPOSIT_ASSETS":null,"EQUITY_MULTIPLIER":1.972146751352,"EQUITY_RATIO":0.972146751354},{"SECUCODE":"01711.HK","SECURITY_CODE":"01711","SECURITY_NAME_ABBR":"欧化","ORG_CODE":"10696868","STD_REPORT_DATE":"2020-12-31 00:00:00","REPORT_DATE":"2021-03-31 00:00:00","DATE_TYPE_CODE":"001","REPORT_TYPE":"2020年年报","PER_NETCASH_OPERATE":0.081429923575,"PER_OI":0.2477476134,"BPS":0.1221623172,"BASIC_EPS":0.01774878,"DILUTED_EPS":0.01774878,"OPERATE_INCOME":198198090.72,"OPERATE_INCOME_YOY":7.1513755809,"GROSS_PROFIT":129220415.38,"GROSS_PROFIT_YOY":5.252314530216,"HOLDER_PROFIT":14220998.68,"HOLDER_PROFIT_YOY":244.7024423805,"GROSS_PROFIT_RATIO":65.197608569577,"EPS_TTM":-0.00278801845,"OPERATE_INCOME_QOQ":0,"NET_PROFIT_RATIO":7.175144134,"ROE_AVG":15.693114093584,"GROSS_PROFIT_QOQ":0,"ROA":8.133551504195,"HOLDER_PROFIT_QOQ":0,"ROE_YEARLY":15.693114093584,"ROIC_YEARLY":13.125572868928,"TOTAL_ASSETS":181088266.8,"TOTAL_LIABILITIES":83358413.04,"TAX_EBT":14.380215754122,"OCF_SALES":32.868096066592,"TOTAL_PARENT_EQUITY":97729853.76,"DEBT_ASSET_RATIO":46.0319238309,"OPERATE_PROFIT":17773290.22,"PRETAX_PROFIT":16609477.36,"NETCASH_OPERATE":65143938.86,"NETCASH_INVEST":-1042106.94,"NETCASH_FINANCE":-38731218.68,"END_CASH":79183223.84,"DIVI_RATIO":null,"DIVIDEND_RATE":null,"CURRENT_RATIO":1.955510689692,"COMMON_ACS":null,"CURRENTDEBT_DEBT":84.368536318287,"ISSUED_COMMON_SHARES":800000000,"HK_COMMON_SHARES":800000000,"PER_SHARES":10000,"TOTAL_MARKET_CAP":52000000,"HKSK_MARKET_CAP":52000000,"PE_TTM":-1.9284972556,"PB_TTM":0.970203556169,"REPORT_DATE_SQ":"2019-12-31 00:00:00","REPORT_TYPE_SQ":"2019年年报","OPERATE_INCOME_SQ":199965986.1,"DPS_HKD":null,"OPERATE_INCOME_QOQ_SQ":0,"NET_PROFIT_RATIO_SQ":-5.3131554057,"HOLDER_PROFIT_SQ":-10624503.6,"HOLDER_PROFIT_QOQ_SQ":0,"ROE_AVG_SQ":-11.049240768544,"PE_TTM_SQ":-3.61612028358,"PB_TTM_SQ":0.943384516081,"ROA_SQ":-6.217882561802,"START_DATE":"2020-04-01 00:00:00","FISCAL_YEAR":"3-31","CURRENCY":"HKD","IS_CNY_CODE":0,"DPS_HKD_LY":null,"ORG_TYPE":"一般企业","PREMIUM_INCOME":null,"PREMIUM_INCOME_YOY":null,"NET_INTEREST_INCOME":null,"NET_INTEREST_INCOME_YOY":null,"FEE_COMMISSION_INCOME":null,"FEE_COMMISSION_INCOME_YOY":null,"ACCOUNTS_RECE_TDAYS":69.990747649605,"INVENTORY_TDAYS":1.94194139412,"CURRENT_ASSETS_TDAYS":1.670875252943,"TOTAL_ASSETS_TDAYS":1.133573256829,"PREMIUM_EXPENSE":null,"LOAN_DEPOSIT":null,"LOAN_EQUITY":null,"LOAN_ASSETS":null,"DEPOSIT_EQUITY":null,"DEPOSIT_ASSETS":null,"EQUITY_MULTIPLIER":1.852947281031,"EQUITY_RATIO":0.852947281029},{"SECUCODE":"01711.HK","SECURITY_CODE":"01711","SECURITY_NAME_ABBR":"欧化","ORG_CODE":"10696868","STD_REPORT_DATE":"2020-06-30 00:00:00","REPORT_DATE":"2020-09-30 00:00:00","DATE_TYPE_CODE":"002","REPORT_TYPE":"2020年中报","PER_NETCASH_OPERATE":0.0506439288,"PER_OI":0.1074597672,"BPS":0.1073806824,"BASIC_EPS":-0.001142336,"DILUTED_EPS":-0.001142336,"OPERATE_INCOME":85967813.76,"OPERATE_INCOME_YOY":-14.0277338395,"GROSS_PROFIT":55486774.4,"GROSS_PROFIT_YOY":-11.290682721627,"HOLDER_PROFIT":-918262.4,"HOLDER_PROFIT_YOY":89.8779542813,"GROSS_PROFIT_RATIO":64.543661136835,"EPS_TTM":-0.0132806295,"OPERATE_INCOME_QOQ":0,"NET_PROFIT_RATIO":-1.0681467399,"ROE_AVG":-1.063250698235,"GROSS_PROFIT_QOQ":0,"ROA":-0.525578576512,"HOLDER_PROFIT_QOQ":0,"ROE_YEARLY":-2.12650139647,"ROIC_YEARLY":-1.709730328898,"TOTAL_ASSETS":174139457.28,"TOTAL_LIABILITIES":88234911.36,"TAX_EBT":null,"OCF_SALES":47.128269602281,"TOTAL_PARENT_EQUITY":85904545.92,"DEBT_ASSET_RATIO":50.6691089648,"OPERATE_PROFIT":-188924.8,"PRETAX_PROFIT":-918262.4,"NETCASH_OPERATE":40515143.04,"NETCASH_INVEST":-30755.2,"NETCASH_FINANCE":-17783535.36,"END_CASH":78648954.88,"DIVI_RATIO":null,"DIVIDEND_RATE":null,"CURRENT_RATIO":1.687844017528,"COMMON_ACS":null,"CURRENTDEBT_DEBT":83.408522800833,"ISSUED_COMMON_SHARES":800000000,"HK_COMMON_SHARES":800000000,"PER_SHARES":10000,"TOTAL_MARKET_CAP":52000000,"HKSK_MARKET_CAP":52000000,"PE_TTM":-1.9284972556,"PB_TTM":0.970203556169,"REPORT_DATE_SQ":"2019-06-30 00:00:00","REPORT_TYPE_SQ":"2019年中报","OPERATE_INCOME_SQ":102645129.96,"DPS_HKD":null,"OPERATE_INCOME_QOQ_SQ":0,"NET_PROFIT_RATIO_SQ":-9.0723751274,"HOLDER_PROFIT_SQ":-9312351.24,"HOLDER_PROFIT_QOQ_SQ":0,"ROE_AVG_SQ":-9.749740296534,"PE_TTM_SQ":-3.61612028358,"PB_TTM_SQ":0.943384516081,"ROA_SQ":-5.208222978938,"START_DATE":"2020-04-01 00:00:00","FISCAL_YEAR":"3-31","CURRENCY":"HKD","IS_CNY_CODE":0,"DPS_HKD_LY":null,"ORG_TYPE":"一般企业","PREMIUM_INCOME":null,"PREMIUM_INCOME_YOY":null,"NET_INTEREST_INCOME":null,"NET_INTEREST_INCOME_YOY":null,"FEE_COMMISSION_INCOME":null,"FEE_COMMISSION_INCOME_YOY":null,"ACCOUNTS_RECE_TDAYS":25.037236084453,"INVENTORY_TDAYS":0.937678240772,"CURRENT_ASSETS_TDAYS":0.754482567152,"TOTAL_ASSETS_TDAYS":0.492047166276,"PREMIUM_EXPENSE":null,"LOAN_DEPOSIT":null,"LOAN_EQUITY":null,"LOAN_ASSETS":null,"DEPOSIT_EQUITY":null,"DEPOSIT_ASSETS":null,"EQUITY_MULTIPLIER":2.027127382083,"EQUITY_RATIO":1.027127382085}],"count":18},"success":true,"message":"ok","code":0}