{"version":"b07e6ea0dc196a2e7cdcb5ee221285f1","result":{"pages":6,"data":[{"SECUCODE":"01717.HK","SECURITY_CODE":"01717","SECURITY_NAME_ABBR":"澳优","ORG_CODE":"10145127","STD_REPORT_DATE":"2024-06-30 00:00:00","REPORT_DATE":"2024-06-30 00:00:00","DATE_TYPE_CODE":"002","REPORT_TYPE":"2024年中报","PER_NETCASH_OPERATE":0.116242696236,"PER_OI":2.067882992078,"BPS":3.225696943358,"BASIC_EPS":0.0817,"DILUTED_EPS":0.0817,"OPERATE_INCOME":3681063000,"OPERATE_INCOME_YOY":4.8163438942,"GROSS_PROFIT":1597689000,"GROSS_PROFIT_YOY":8.432137994877,"HOLDER_PROFIT":145392000,"HOLDER_PROFIT_YOY":-21.2394366197,"GROSS_PROFIT_RATIO":43.402924644322,"EPS_TTM":0.075938487058,"OPERATE_INCOME_QOQ":2.291328090044,"NET_PROFIT_RATIO":4.0550243231,"ROE_AVG":2.543214059535,"GROSS_PROFIT_QOQ":4.355506476661,"ROA":1.437787520791,"HOLDER_PROFIT_QOQ":-22.483327312242,"ROE_YEARLY":5.08642811907,"ROIC_YEARLY":3.663343398003,"TOTAL_ASSETS":10190649000,"TOTAL_LIABILITIES":4379920000,"TAX_EBT":12.749080834001,"OCF_SALES":5.621338184106,"TOTAL_PARENT_EQUITY":5740253000,"DEBT_ASSET_RATIO":42.9797945155,"OPERATE_PROFIT":206761000,"PRETAX_PROFIT":171079000,"NETCASH_OPERATE":206925000,"NETCASH_INVEST":-128704000,"NETCASH_FINANCE":52000000,"END_CASH":2185267000,"DIVI_RATIO":0.596680310015,"DIVIDEND_RATE":2.577319587629,"CURRENT_RATIO":1.279045401602,"COMMON_ACS":3000000000,"CURRENTDEBT_DEBT":95.402495935999,"ISSUED_COMMON_SHARES":1779538841,"HK_COMMON_SHARES":1779538841,"PER_SHARES":1000,"TOTAL_MARKET_CAP":3452305351.54,"HKSK_MARKET_CAP":3452305351.54,"PE_TTM":22.78532587245,"PB_TTM":0.548904385964,"REPORT_DATE_SQ":"2023-06-30 00:00:00","REPORT_TYPE_SQ":"2023年中报","OPERATE_INCOME_SQ":3511917000,"DPS_HKD":0.05,"OPERATE_INCOME_QOQ_SQ":-1.714922637538,"NET_PROFIT_RATIO_SQ":5.0151242185,"HOLDER_PROFIT_SQ":184600000,"HOLDER_PROFIT_QOQ_SQ":-9.748944699482,"ROE_AVG_SQ":3.223780673941,"PE_TTM_SQ":23.60839271753,"PB_TTM_SQ":0.757599957119,"ROA_SQ":1.809873654936,"START_DATE":"2024-01-01 00:00:00","FISCAL_YEAR":"12-31","CURRENCY":"HKD","IS_CNY_CODE":0,"DPS_HKD_LY":0.05,"ORG_TYPE":"一般企业","PREMIUM_INCOME":null,"PREMIUM_INCOME_YOY":null,"NET_INTEREST_INCOME":null,"NET_INTEREST_INCOME_YOY":null,"FEE_COMMISSION_INCOME":null,"FEE_COMMISSION_INCOME_YOY":null,"ACCOUNTS_RECE_TDAYS":4.948932488762,"INVENTORY_TDAYS":1.039470848152,"CURRENT_ASSETS_TDAYS":0.706170483442,"TOTAL_ASSETS_TDAYS":0.364021847464,"PREMIUM_EXPENSE":null,"LOAN_DEPOSIT":null,"LOAN_EQUITY":null,"LOAN_ASSETS":null,"DEPOSIT_EQUITY":null,"DEPOSIT_ASSETS":null,"EQUITY_MULTIPLIER":1.753764286717,"EQUITY_RATIO":0.763018633499},{"SECUCODE":"01717.HK","SECURITY_CODE":"01717","SECURITY_NAME_ABBR":"澳优","ORG_CODE":"10145127","STD_REPORT_DATE":"2023-12-31 00:00:00","REPORT_DATE":"2023-12-31 00:00:00","DATE_TYPE_CODE":"001","REPORT_TYPE":"2023年年报","PER_NETCASH_OPERATE":0.126234203281,"PER_OI":4.146934383546,"BPS":3.199406424195,"BASIC_EPS":0.097,"DILUTED_EPS":0.097,"OPERATE_INCOME":7382007000,"OPERATE_INCOME_YOY":-5.304398223,"GROSS_PROFIT":2852550000,"GROSS_PROFIT_YOY":-15.923549982979,"HOLDER_PROFIT":174387000,"HOLDER_PROFIT_YOY":-19.4614041732,"GROSS_PROFIT_RATIO":38.64193030432,"EPS_TTM":0.097964069438,"OPERATE_INCOME_QOQ":-3.652106384575,"NET_PROFIT_RATIO":2.2873996191,"ROE_AVG":3.075597888155,"GROSS_PROFIT_QOQ":-8.927647836331,"ROA":1.758833007991,"HOLDER_PROFIT_QOQ":-10.761602112406,"ROE_YEARLY":3.075597888155,"ROIC_YEARLY":2.185824199254,"TOTAL_ASSETS":10033758000,"TOTAL_LIABILITIES":4284562000,"TAX_EBT":16.325488971809,"OCF_SALES":3.044036669161,"TOTAL_PARENT_EQUITY":5693468000,"DEBT_ASSET_RATIO":42.701468383,"OPERATE_PROFIT":281675000,"PRETAX_PROFIT":201801000,"NETCASH_OPERATE":224711000,"NETCASH_INVEST":-740917000,"NETCASH_FINANCE":682453000,"END_CASH":2037602000,"DIVI_RATIO":0.462526722907,"DIVIDEND_RATE":2.659574468085,"CURRENT_RATIO":1.242186374995,"COMMON_ACS":3000000000,"CURRENTDEBT_DEBT":95.46504403484,"ISSUED_COMMON_SHARES":1779538841,"HK_COMMON_SHARES":1779538841,"PER_SHARES":1000,"TOTAL_MARKET_CAP":3345533021.08,"HKSK_MARKET_CAP":3345533021.08,"PE_TTM":22.080625072272,"PB_TTM":0.531927961656,"REPORT_DATE_SQ":"2022-12-31 00:00:00","REPORT_TYPE_SQ":"2022年年报","OPERATE_INCOME_SQ":7795512000,"DPS_HKD":0.05,"OPERATE_INCOME_QOQ_SQ":-5.250434184614,"NET_PROFIT_RATIO_SQ":2.4160440007,"HOLDER_PROFIT_SQ":216526000,"HOLDER_PROFIT_QOQ_SQ":-67.357971462383,"ROE_AVG_SQ":4.075915109542,"PE_TTM_SQ":22.991755594311,"PB_TTM_SQ":0.737811898538,"ROA_SQ":2.242595804177,"START_DATE":"2023-01-01 00:00:00","FISCAL_YEAR":"12-31","CURRENCY":"HKD","IS_CNY_CODE":0,"DPS_HKD_LY":0.06,"ORG_TYPE":"一般企业","PREMIUM_INCOME":null,"PREMIUM_INCOME_YOY":null,"NET_INTEREST_INCOME":null,"NET_INTEREST_INCOME_YOY":null,"FEE_COMMISSION_INCOME":null,"FEE_COMMISSION_INCOME_YOY":null,"ACCOUNTS_RECE_TDAYS":11.78515187218,"INVENTORY_TDAYS":2.09884424616,"CURRENT_ASSETS_TDAYS":1.413728551353,"TOTAL_ASSETS_TDAYS":0.744534717428,"PREMIUM_EXPENSE":null,"LOAN_DEPOSIT":null,"LOAN_EQUITY":null,"LOAN_ASSETS":null,"DEPOSIT_EQUITY":null,"DEPOSIT_ASSETS":null,"EQUITY_MULTIPLIER":1.745245422142,"EQUITY_RATIO":0.752539928212},{"SECUCODE":"01717.HK","SECURITY_CODE":"01717","SECURITY_NAME_ABBR":"澳优","ORG_CODE":"10145127","STD_REPORT_DATE":"2023-06-30 00:00:00","REPORT_DATE":"2023-06-30 00:00:00","DATE_TYPE_CODE":"002","REPORT_TYPE":"2023年中报","PER_NETCASH_OPERATE":-0.218023675563,"PER_OI":1.950943780276,"BPS":3.262542444276,"BASIC_EPS":0.1025,"DILUTED_EPS":0.1025,"OPERATE_INCOME":3511917000,"OPERATE_INCOME_YOY":-3.667074098,"GROSS_PROFIT":1473446000,"GROSS_PROFIT_YOY":-15.029661415248,"HOLDER_PROFIT":184600000,"HOLDER_PROFIT_YOY":-10.2615831101,"GROSS_PROFIT_RATIO":41.95560430386,"EPS_TTM":0.108558254853,"OPERATE_INCOME_QOQ":-1.714922637538,"NET_PROFIT_RATIO":5.0151242185,"ROE_AVG":3.223780673941,"GROSS_PROFIT_QOQ":-7.681697002922,"ROA":1.809873654936,"HOLDER_PROFIT_QOQ":-9.748944699482,"ROE_YEARLY":6.447561347883,"ROIC_YEARLY":4.480063293635,"TOTAL_ASSETS":10603119000,"TOTAL_LIABILITIES":4713849000,"TAX_EBT":23.732754813064,"OCF_SALES":-11.17529258237,"TOTAL_PARENT_EQUITY":5805821000,"DEBT_ASSET_RATIO":44.4571922658,"OPERATE_PROFIT":241126000,"PRETAX_PROFIT":230934000,"NETCASH_OPERATE":-392467000,"NETCASH_INVEST":-360684000,"NETCASH_FINANCE":924549000,"END_CASH":2053510000,"DIVI_RATIO":0.417388802548,"DIVIDEND_RATE":2.659574468085,"CURRENT_RATIO":1.278768131681,"COMMON_ACS":3000000000,"CURRENTDEBT_DEBT":96.008824211382,"ISSUED_COMMON_SHARES":1779538841,"HK_COMMON_SHARES":1779538841,"PER_SHARES":1000,"TOTAL_MARKET_CAP":3345533021.08,"HKSK_MARKET_CAP":3345533021.08,"PE_TTM":22.080625072272,"PB_TTM":0.531927961656,"REPORT_DATE_SQ":"2022-06-30 00:00:00","REPORT_TYPE_SQ":"2022年中报","OPERATE_INCOME_SQ":3645604000,"DPS_HKD":0.05,"OPERATE_INCOME_QOQ_SQ":-7.277843555828,"NET_PROFIT_RATIO_SQ":5.7422247736,"HOLDER_PROFIT_SQ":205709000,"HOLDER_PROFIT_QOQ_SQ":-36.233852625589,"ROE_AVG_SQ":4.036404518326,"PE_TTM_SQ":22.991755594311,"PB_TTM_SQ":0.737811898538,"ROA_SQ":2.350125232981,"START_DATE":"2023-01-01 00:00:00","FISCAL_YEAR":"12-31","CURRENCY":"HKD","IS_CNY_CODE":0,"DPS_HKD_LY":0.06,"ORG_TYPE":"一般企业","PREMIUM_INCOME":null,"PREMIUM_INCOME_YOY":null,"NET_INTEREST_INCOME":null,"NET_INTEREST_INCOME_YOY":null,"FEE_COMMISSION_INCOME":null,"FEE_COMMISSION_INCOME_YOY":null,"ACCOUNTS_RECE_TDAYS":5.41280052773,"INVENTORY_TDAYS":0.868697221152,"CURRENT_ASSETS_TDAYS":0.629952303125,"TOTAL_ASSETS_TDAYS":0.344318854638,"PREMIUM_EXPENSE":null,"LOAN_DEPOSIT":null,"LOAN_EQUITY":null,"LOAN_ASSETS":null,"DEPOSIT_EQUITY":null,"DEPOSIT_ASSETS":null,"EQUITY_MULTIPLIER":1.800413124208,"EQUITY_RATIO":0.811917728776},{"SECUCODE":"01717.HK","SECURITY_CODE":"01717","SECURITY_NAME_ABBR":"澳优","ORG_CODE":"10145127","STD_REPORT_DATE":"2022-12-31 00:00:00","REPORT_DATE":"2022-12-31 00:00:00","DATE_TYPE_CODE":"001","REPORT_TYPE":"2022年年报","PER_NETCASH_OPERATE":-0.198619325676,"PER_OI":4.330570924787,"BPS":3.173052967378,"BASIC_EPS":0.1208,"DILUTED_EPS":0.1208,"OPERATE_INCOME":7795512000,"OPERATE_INCOME_YOY":-9.0919035068,"GROSS_PROFIT":3392805000,"GROSS_PROFIT_YOY":-18.31199724561,"HOLDER_PROFIT":216526000,"HOLDER_PROFIT_YOY":-71.6512567525,"GROSS_PROFIT_RATIO":43.522542201205,"EPS_TTM":0.120284748463,"OPERATE_INCOME_QOQ":-5.250434184614,"NET_PROFIT_RATIO":2.4160440007,"ROE_AVG":4.075915109542,"GROSS_PROFIT_QOQ":-15.974087920971,"ROA":2.242595804177,"HOLDER_PROFIT_QOQ":-67.357971462383,"ROE_YEARLY":4.075915109542,"ROIC_YEARLY":2.828064774107,"TOTAL_ASSETS":9796095000,"TOTAL_LIABILITIES":4231039000,"TAX_EBT":25.045666734321,"OCF_SALES":-4.586446663157,"TOTAL_PARENT_EQUITY":5646571000,"DEBT_ASSET_RATIO":43.1910776692,"OPERATE_PROFIT":274671000,"PRETAX_PROFIT":251277000,"NETCASH_OPERATE":-357537000,"NETCASH_INVEST":-723984000,"NETCASH_FINANCE":664108000,"END_CASH":1861860000,"DIVI_RATIO":0.376697799006,"DIVIDEND_RATE":2.659574468085,"CURRENT_RATIO":1.489315988884,"COMMON_ACS":3000000000,"CURRENTDEBT_DEBT":85.099995533012,"ISSUED_COMMON_SHARES":1779538841,"HK_COMMON_SHARES":1779538841,"PER_SHARES":1000,"TOTAL_MARKET_CAP":3345533021.08,"HKSK_MARKET_CAP":3345533021.08,"PE_TTM":22.080625072272,"PB_TTM":0.531927961656,"REPORT_DATE_SQ":"2021-12-31 00:00:00","REPORT_TYPE_SQ":"2021年年报","OPERATE_INCOME_SQ":8575157000,"DPS_HKD":0.05,"OPERATE_INCOME_QOQ_SQ":5.671627073681,"NET_PROFIT_RATIO_SQ":11.2948726704,"HOLDER_PROFIT_SQ":763794000,"HOLDER_PROFIT_QOQ_SQ":-12.534147233538,"ROE_AVG_SQ":19.509488084627,"PE_TTM_SQ":22.991755594311,"PB_TTM_SQ":0.737811898538,"ROA_SQ":11.088934681998,"START_DATE":"2022-01-01 00:00:00","FISCAL_YEAR":"12-31","CURRENCY":"HKD","IS_CNY_CODE":0,"DPS_HKD_LY":0.28,"ORG_TYPE":"一般企业","PREMIUM_INCOME":null,"PREMIUM_INCOME_YOY":null,"NET_INTEREST_INCOME":null,"NET_INTEREST_INCOME_YOY":null,"FEE_COMMISSION_INCOME":null,"FEE_COMMISSION_INCOME_YOY":null,"ACCOUNTS_RECE_TDAYS":14.082378763108,"INVENTORY_TDAYS":1.989831433836,"CURRENT_ASSETS_TDAYS":1.418038870995,"TOTAL_ASSETS_TDAYS":0.807394146782,"PREMIUM_EXPENSE":null,"LOAN_DEPOSIT":null,"LOAN_EQUITY":null,"LOAN_ASSETS":null,"DEPOSIT_EQUITY":null,"DEPOSIT_ASSETS":null,"EQUITY_MULTIPLIER":1.760286868631,"EQUITY_RATIO":0.749311219145},{"SECUCODE":"01717.HK","SECURITY_CODE":"01717","SECURITY_NAME_ABBR":"澳优","ORG_CODE":"10145127","STD_REPORT_DATE":"2022-06-30 00:00:00","REPORT_DATE":"2022-06-30 00:00:00","DATE_TYPE_CODE":"002","REPORT_TYPE":"2022年中报","PER_NETCASH_OPERATE":-0.270429971368,"PER_OI":2.015765327786,"BPS":3.383577734452,"BASIC_EPS":0.1146,"DILUTED_EPS":0.1146,"OPERATE_INCOME":3645604000,"OPERATE_INCOME_YOY":-15.1023928498,"GROSS_PROFIT":1734071000,"GROSS_PROFIT_YOY":-19.04014678625,"HOLDER_PROFIT":205709000,"HOLDER_PROFIT_YOY":-62.9349740781,"GROSS_PROFIT_RATIO":47.075792067098,"EPS_TTM":0.36677809595,"OPERATE_INCOME_QOQ":-7.277843555828,"NET_PROFIT_RATIO":5.7422247736,"ROE_AVG":4.036404518326,"GROSS_PROFIT_QOQ":-9.683474510874,"ROA":2.350125232981,"HOLDER_PROFIT_QOQ":-36.233852625589,"ROE_YEARLY":8.072809036653,"ROIC_YEARLY":5.932471595254,"TOTAL_ASSETS":9377383000,"TOTAL_LIABILITIES":3413866000,"TAX_EBT":14.464314469235,"OCF_SALES":-13.472495543004,"TOTAL_PARENT_EQUITY":6021208000,"DEBT_ASSET_RATIO":36.4053169205,"OPERATE_PROFIT":229599000,"PRETAX_PROFIT":223564000,"NETCASH_OPERATE":-489085000,"NETCASH_INVEST":-296866000,"NETCASH_FINANCE":272387000,"END_CASH":1764329000,"DIVI_RATIO":0.123537911616,"DIVIDEND_RATE":2.659574468085,"CURRENT_RATIO":2.03239054779,"COMMON_ACS":3000000000,"CURRENTDEBT_DEBT":76.173171413289,"ISSUED_COMMON_SHARES":1779538841,"HK_COMMON_SHARES":1779538841,"PER_SHARES":1000,"TOTAL_MARKET_CAP":3345533021.08,"HKSK_MARKET_CAP":3345533021.08,"PE_TTM":22.080625072272,"PB_TTM":0.531927961656,"REPORT_DATE_SQ":"2021-06-30 00:00:00","REPORT_TYPE_SQ":"2021年中报","OPERATE_INCOME_SQ":4276031000,"DPS_HKD":0.05,"OPERATE_INCOME_QOQ_SQ":1.955618542193,"NET_PROFIT_RATIO_SQ":13.3846117101,"HOLDER_PROFIT_SQ":598915000,"HOLDER_PROFIT_QOQ_SQ":11.572504045592,"ROE_AVG_SQ":11.475107387756,"PE_TTM_SQ":22.991755594311,"PB_TTM_SQ":0.737811898538,"ROA_SQ":6.524449578172,"START_DATE":"2022-01-01 00:00:00","FISCAL_YEAR":"12-31","CURRENCY":"HKD","IS_CNY_CODE":0,"DPS_HKD_LY":0.28,"ORG_TYPE":"一般企业","PREMIUM_INCOME":null,"PREMIUM_INCOME_YOY":null,"NET_INTEREST_INCOME":null,"NET_INTEREST_INCOME_YOY":null,"FEE_COMMISSION_INCOME":null,"FEE_COMMISSION_INCOME_YOY":null,"ACCOUNTS_RECE_TDAYS":7.215153071474,"INVENTORY_TDAYS":0.859490245805,"CURRENT_ASSETS_TDAYS":0.665035456517,"TOTAL_ASSETS_TDAYS":0.384324261977,"PREMIUM_EXPENSE":null,"LOAN_DEPOSIT":null,"LOAN_EQUITY":null,"LOAN_ASSETS":null,"DEPOSIT_EQUITY":null,"DEPOSIT_ASSETS":null,"EQUITY_MULTIPLIER":1.572458500579,"EQUITY_RATIO":0.566973603968},{"SECUCODE":"01717.HK","SECURITY_CODE":"01717","SECURITY_NAME_ABBR":"澳优","ORG_CODE":"10145127","STD_REPORT_DATE":"2021-12-31 00:00:00","REPORT_DATE":"2021-12-31 00:00:00","DATE_TYPE_CODE":"001","REPORT_TYPE":"2021年年报","PER_NETCASH_OPERATE":0.623386920757,"PER_OI":4.989774957071,"BPS":3.112346228356,"BASIC_EPS":0.4447,"DILUTED_EPS":0.4433,"OPERATE_INCOME":8575157000,"OPERATE_INCOME_YOY":11.1129282217,"GROSS_PROFIT":4153370000,"GROSS_PROFIT_YOY":4.304742617763,"HOLDER_PROFIT":763794000,"HOLDER_PROFIT_YOY":3.6008150534,"GROSS_PROFIT_RATIO":50.38422120178,"EPS_TTM":0.605315246869,"OPERATE_INCOME_QOQ":5.671627073681,"NET_PROFIT_RATIO":11.2948726704,"ROE_AVG":19.509488084627,"GROSS_PROFIT_QOQ":9.14980085245,"ROA":11.088934681998,"HOLDER_PROFIT_QOQ":-12.534147233538,"ROE_YEARLY":19.509488084627,"ROIC_YEARLY":14.146694875869,"TOTAL_ASSETS":9632501000,"TOTAL_LIABILITIES":4701390000,"TAX_EBT":18.518701489136,"OCF_SALES":12.073548050021,"TOTAL_PARENT_EQUITY":4978086000,"DEBT_ASSET_RATIO":42.2584816852,"OPERATE_PROFIT":953097000,"PRETAX_PROFIT":890651000,"NETCASH_OPERATE":1071319000,"NETCASH_INVEST":-606566000,"NETCASH_FINANCE":-34087000,"END_CASH":2262188000,"DIVI_RATIO":0.074855210131,"DIVIDEND_RATE":2.659574468085,"CURRENT_RATIO":1.698372196318,"COMMON_ACS":3000000000,"CURRENTDEBT_DEBT":85.020387587501,"ISSUED_COMMON_SHARES":1779538841,"HK_COMMON_SHARES":1779538841,"PER_SHARES":1000,"TOTAL_MARKET_CAP":3345533021.08,"HKSK_MARKET_CAP":3345533021.08,"PE_TTM":22.080625072272,"PB_TTM":0.531927961656,"REPORT_DATE_SQ":"2020-12-31 00:00:00","REPORT_TYPE_SQ":"2020年年报","OPERATE_INCOME_SQ":7985816000,"DPS_HKD":0.05,"OPERATE_INCOME_QOQ_SQ":2.299839462669,"NET_PROFIT_RATIO_SQ":12.5226276188,"HOLDER_PROFIT_SQ":1004106000,"HOLDER_PROFIT_QOQ_SQ":3.977980534146,"ROE_AVG_SQ":21.859217553102,"PE_TTM_SQ":22.991755594311,"PB_TTM_SQ":0.737811898538,"ROA_SQ":11.416035255453,"START_DATE":"2021-01-01 00:00:00","FISCAL_YEAR":"12-31","CURRENCY":"HKD","IS_CNY_CODE":0,"DPS_HKD_LY":0.27,"ORG_TYPE":"一般企业","PREMIUM_INCOME":null,"PREMIUM_INCOME_YOY":null,"NET_INTEREST_INCOME":null,"NET_INTEREST_INCOME_YOY":null,"FEE_COMMISSION_INCOME":null,"FEE_COMMISSION_INCOME_YOY":null,"ACCOUNTS_RECE_TDAYS":19.020990359917,"INVENTORY_TDAYS":1.914392193619,"CURRENT_ASSETS_TDAYS":1.614077933928,"TOTAL_ASSETS_TDAYS":0.945868981098,"PREMIUM_EXPENSE":null,"LOAN_DEPOSIT":null,"LOAN_EQUITY":null,"LOAN_ASSETS":null,"DEPOSIT_EQUITY":null,"DEPOSIT_ASSETS":null,"EQUITY_MULTIPLIER":1.731856087587,"EQUITY_RATIO":0.944417191668},{"SECUCODE":"01717.HK","SECURITY_CODE":"01717","SECURITY_NAME_ABBR":"澳优","ORG_CODE":"10145127","STD_REPORT_DATE":"2021-06-30 00:00:00","REPORT_DATE":"2021-06-30 00:00:00","DATE_TYPE_CODE":"002","REPORT_TYPE":"2021年中报","PER_NETCASH_OPERATE":0.058207932319,"PER_OI":2.488168134934,"BPS":2.937303687658,"BASIC_EPS":0.3489,"DILUTED_EPS":0.3479,"OPERATE_INCOME":4276031000,"OPERATE_INCOME_YOY":10.6549416791,"GROSS_PROFIT":2141890000,"GROSS_PROFIT_YOY":5.908117270338,"HOLDER_PROFIT":598915000,"HOLDER_PROFIT_YOY":45.3147438234,"GROSS_PROFIT_RATIO":50.026507149203,"EPS_TTM":0.692058932398,"OPERATE_INCOME_QOQ":1.955618542193,"NET_PROFIT_RATIO":13.3846117101,"ROE_AVG":11.475107387756,"GROSS_PROFIT_QOQ":0.973681245795,"ROA":6.524449578172,"HOLDER_PROFIT_QOQ":11.572504045592,"ROE_YEARLY":22.950214775512,"ROIC_YEARLY":15.869179124171,"TOTAL_ASSETS":8960169000,"TOTAL_LIABILITIES":3764168000,"TAX_EBT":18.044181072766,"OCF_SALES":2.342393689238,"TOTAL_PARENT_EQUITY":5227046000,"DEBT_ASSET_RATIO":42.0100111951,"OPERATE_PROFIT":714707000,"PRETAX_PROFIT":703695000,"NETCASH_OPERATE":100033000,"NETCASH_INVEST":-203268000,"NETCASH_FINANCE":-272987000,"END_CASH":1428920000,"DIVI_RATIO":0.065472747881,"DIVIDEND_RATE":2.659574468085,"CURRENT_RATIO":1.607877879285,"COMMON_ACS":3000000000,"CURRENTDEBT_DEBT":83.694218749004,"ISSUED_COMMON_SHARES":1779538841,"HK_COMMON_SHARES":1779538841,"PER_SHARES":1000,"TOTAL_MARKET_CAP":3345533021.08,"HKSK_MARKET_CAP":3345533021.08,"PE_TTM":22.080625072272,"PB_TTM":0.531927961656,"REPORT_DATE_SQ":"2020-06-30 00:00:00","REPORT_TYPE_SQ":"2020年中报","OPERATE_INCOME_SQ":3859336000,"DPS_HKD":0.05,"OPERATE_INCOME_QOQ_SQ":4.164496550844,"NET_PROFIT_RATIO_SQ":10.8767933137,"HOLDER_PROFIT_SQ":408761000,"HOLDER_PROFIT_QOQ_SQ":3.041166446205,"ROE_AVG_SQ":9.975881590997,"PE_TTM_SQ":22.991755594311,"PB_TTM_SQ":0.737811898538,"ROA_SQ":4.746610952921,"START_DATE":"2021-01-01 00:00:00","FISCAL_YEAR":"12-31","CURRENCY":"HKD","IS_CNY_CODE":0,"DPS_HKD_LY":0.27,"ORG_TYPE":"一般企业","PREMIUM_INCOME":null,"PREMIUM_INCOME_YOY":null,"NET_INTEREST_INCOME":null,"NET_INTEREST_INCOME_YOY":null,"FEE_COMMISSION_INCOME":null,"FEE_COMMISSION_INCOME_YOY":null,"ACCOUNTS_RECE_TDAYS":8.878617553622,"INVENTORY_TDAYS":0.877296018515,"CURRENT_ASSETS_TDAYS":0.819056136435,"TOTAL_ASSETS_TDAYS":0.469081332148,"PREMIUM_EXPENSE":null,"LOAN_DEPOSIT":null,"LOAN_EQUITY":null,"LOAN_ASSETS":null,"DEPOSIT_EQUITY":null,"DEPOSIT_ASSETS":null,"EQUITY_MULTIPLIER":1.724435580363,"EQUITY_RATIO":0.720132939331},{"SECUCODE":"01717.HK","SECURITY_CODE":"01717","SECURITY_NAME_ABBR":"澳优","ORG_CODE":"10145127","STD_REPORT_DATE":"2021-03-31 00:00:00","REPORT_DATE":"2021-03-31 00:00:00","DATE_TYPE_CODE":"003","REPORT_TYPE":"2021年一季报","PER_NETCASH_OPERATE":null,"PER_OI":1.272302170017,"BPS":null,"BASIC_EPS":null,"DILUTED_EPS":null,"OPERATE_INCOME":2183328000,"OPERATE_INCOME_YOY":12.9395990652,"GROSS_PROFIT":1115801000,"GROSS_PROFIT_YOY":7.154923139124,"HOLDER_PROFIT":331434000,"HOLDER_PROFIT_YOY":22.951421735,"GROSS_PROFIT_RATIO":51.105514150874,"EPS_TTM":0.621181199382,"OPERATE_INCOME_QOQ":3.132378707448,"NET_PROFIT_RATIO":14.7249519999,"ROE_AVG":null,"GROSS_PROFIT_QOQ":1.871039792745,"ROA":null,"HOLDER_PROFIT_QOQ":6.161600468476,"ROE_YEARLY":null,"ROIC_YEARLY":null,"TOTAL_ASSETS":null,"TOTAL_LIABILITIES":null,"TAX_EBT":17.353090126659,"OCF_SALES":null,"TOTAL_PARENT_EQUITY":null,"DEBT_ASSET_RATIO":null,"OPERATE_PROFIT":null,"PRETAX_PROFIT":388997000,"NETCASH_OPERATE":null,"NETCASH_INVEST":null,"NETCASH_FINANCE":null,"END_CASH":null,"DIVI_RATIO":0.072943289406,"DIVIDEND_RATE":2.659574468085,"CURRENT_RATIO":null,"COMMON_ACS":3000000000,"CURRENTDEBT_DEBT":null,"ISSUED_COMMON_SHARES":1779538841,"HK_COMMON_SHARES":1779538841,"PER_SHARES":1000,"TOTAL_MARKET_CAP":3345533021.08,"HKSK_MARKET_CAP":3345533021.08,"PE_TTM":22.080625072272,"PB_TTM":0.531927961656,"REPORT_DATE_SQ":"2020-03-31 00:00:00","REPORT_TYPE_SQ":"2020年一季报","OPERATE_INCOME_SQ":1933182000,"DPS_HKD":0.05,"OPERATE_INCOME_QOQ_SQ":6.145985698365,"NET_PROFIT_RATIO_SQ":13.9993544322,"HOLDER_PROFIT_SQ":269565000,"HOLDER_PROFIT_QOQ_SQ":13.43412379467,"ROE_AVG_SQ":null,"PE_TTM_SQ":22.991755594311,"PB_TTM_SQ":0.737811898538,"ROA_SQ":null,"START_DATE":"2021-01-01 00:00:00","FISCAL_YEAR":"12-31","CURRENCY":"HKD","IS_CNY_CODE":0,"DPS_HKD_LY":0.27,"ORG_TYPE":"一般企业","PREMIUM_INCOME":null,"PREMIUM_INCOME_YOY":null,"NET_INTEREST_INCOME":null,"NET_INTEREST_INCOME_YOY":null,"FEE_COMMISSION_INCOME":null,"FEE_COMMISSION_INCOME_YOY":null,"ACCOUNTS_RECE_TDAYS":null,"INVENTORY_TDAYS":null,"CURRENT_ASSETS_TDAYS":0.814291028946,"TOTAL_ASSETS_TDAYS":0.472175205832,"PREMIUM_EXPENSE":null,"LOAN_DEPOSIT":null,"LOAN_EQUITY":null,"LOAN_ASSETS":null,"DEPOSIT_EQUITY":null,"DEPOSIT_ASSETS":null,"EQUITY_MULTIPLIER":null,"EQUITY_RATIO":null},{"SECUCODE":"01717.HK","SECURITY_CODE":"01717","SECURITY_NAME_ABBR":"澳优","ORG_CODE":"10145127","STD_REPORT_DATE":"2020-12-31 00:00:00","REPORT_DATE":"2020-12-31 00:00:00","DATE_TYPE_CODE":"001","REPORT_TYPE":"2020年年报","PER_NETCASH_OPERATE":0.658675732482,"PER_OI":4.654000625774,"BPS":2.906018054146,"BASIC_EPS":0.6093,"DILUTED_EPS":0.6057,"OPERATE_INCOME":7985816000,"OPERATE_INCOME_YOY":18.5515827803,"GROSS_PROFIT":3981957000,"GROSS_PROFIT_YOY":12.697417186174,"HOLDER_PROFIT":1004106000,"HOLDER_PROFIT_YOY":14.3120937169,"GROSS_PROFIT_RATIO":49.862869367388,"EPS_TTM":0.585176261555,"OPERATE_INCOME_QOQ":2.299839462669,"NET_PROFIT_RATIO":12.5226276188,"ROE_AVG":21.859217553102,"GROSS_PROFIT_QOQ":-0.447665332538,"ROA":11.416035255453,"HOLDER_PROFIT_QOQ":3.977980534146,"ROE_YEARLY":21.859217553102,"ROIC_YEARLY":14.313421721261,"TOTAL_ASSETS":9260639000,"TOTAL_LIABILITIES":4154447000,"TAX_EBT":18.086802102804,"OCF_SALES":14.15289307943,"TOTAL_PARENT_EQUITY":5125624000,"DEBT_ASSET_RATIO":44.291047201,"OPERATE_PROFIT":1312301000,"PRETAX_PROFIT":1220846000,"NETCASH_OPERATE":1130224000,"NETCASH_INVEST":-402582000,"NETCASH_FINANCE":-494866000,"END_CASH":1857516000,"DIVI_RATIO":0.077431370643,"DIVIDEND_RATE":2.659574468085,"CURRENT_RATIO":1.580621799716,"COMMON_ACS":3000000000,"CURRENTDEBT_DEBT":83.069972971132,"ISSUED_COMMON_SHARES":1779538841,"HK_COMMON_SHARES":1779538841,"PER_SHARES":1000,"TOTAL_MARKET_CAP":3345533021.08,"HKSK_MARKET_CAP":3345533021.08,"PE_TTM":22.080625072272,"PB_TTM":0.531927961656,"REPORT_DATE_SQ":"2019-12-31 00:00:00","REPORT_TYPE_SQ":"2019年年报","OPERATE_INCOME_SQ":6736153000,"DPS_HKD":0.05,"OPERATE_INCOME_QOQ_SQ":7.011152354939,"NET_PROFIT_RATIO_SQ":13.0474471111,"HOLDER_PROFIT_SQ":878390000,"HOLDER_PROFIT_QOQ_SQ":9.203997727377,"ROE_AVG_SQ":24.166807898102,"PE_TTM_SQ":22.991755594311,"PB_TTM_SQ":0.737811898538,"ROA_SQ":11.578940430524,"START_DATE":"2020-01-01 00:00:00","FISCAL_YEAR":"12-31","CURRENCY":"HKD","IS_CNY_CODE":0,"DPS_HKD_LY":0.22,"ORG_TYPE":"一般企业","PREMIUM_INCOME":null,"PREMIUM_INCOME_YOY":null,"NET_INTEREST_INCOME":null,"NET_INTEREST_INCOME_YOY":null,"FEE_COMMISSION_INCOME":null,"FEE_COMMISSION_INCOME_YOY":null,"ACCOUNTS_RECE_TDAYS":18.225299654017,"INVENTORY_TDAYS":1.798568910435,"CURRENT_ASSETS_TDAYS":1.545133158584,"TOTAL_ASSETS_TDAYS":0.907935586478,"PREMIUM_EXPENSE":null,"LOAN_DEPOSIT":null,"LOAN_EQUITY":null,"LOAN_ASSETS":null,"DEPOSIT_EQUITY":null,"DEPOSIT_ASSETS":null,"EQUITY_MULTIPLIER":1.795043614638,"EQUITY_RATIO":0.810525118503}],"count":49},"success":true,"message":"ok","code":0}