{"version":"5048074f01761e5a87afee8265fba50a","result":{"pages":2,"data":[{"SECUCODE":"01729.HK","SECURITY_CODE":"01729","SECURITY_NAME_ABBR":"汇聚科技","ORG_CODE":"10702073","STD_REPORT_DATE":"2024-06-30 00:00:00","REPORT_DATE":"2024-06-30 00:00:00","DATE_TYPE_CODE":"002","REPORT_TYPE":"2024年中报","PER_NETCASH_OPERATE":0.37718345916,"PER_OI":1.250450750913,"BPS":0.725212006672,"BASIC_EPS":0.095009988,"DILUTED_EPS":0.095009988,"OPERATE_INCOME":2433317139.64,"OPERATE_INCOME_YOY":1.5009725141,"GROSS_PROFIT":447392085.28,"GROSS_PROFIT_YOY":20.387302399927,"HOLDER_PROFIT":184906229.96,"HOLDER_PROFIT_YOY":34.0698682443,"GROSS_PROFIT_RATIO":18.386098465825,"EPS_TTM":0.125940278398,"OPERATE_INCOME_QOQ":0,"NET_PROFIT_RATIO":7.6200160308,"ROE_AVG":13.922996306159,"GROSS_PROFIT_QOQ":0,"ROA":3.468086880115,"HOLDER_PROFIT_QOQ":0,"ROE_YEARLY":27.845992612319,"ROIC_YEARLY":7.805552561649,"TOTAL_ASSETS":5038944612.56,"TOTAL_LIABILITIES":3613958162.28,"TAX_EBT":20.466414550693,"OCF_SALES":30.163799644653,"TOTAL_PARENT_EQUITY":1413797906.16,"DEBT_ASSET_RATIO":71.7205375362,"OPERATE_PROFIT":271925704.56,"PRETAX_PROFIT":233133153.84,"NETCASH_OPERATE":733980906.72,"NETCASH_INVEST":379556231.6,"NETCASH_FINANCE":-582936017.44,"END_CASH":857196357.44,"DIVI_RATIO":0.122838699396,"DIVIDEND_RATE":0.349075975359,"CURRENT_RATIO":1.316434448915,"COMMON_ACS":3000000000,"CURRENTDEBT_DEBT":82.900360909266,"ISSUED_COMMON_SHARES":1949496000,"HK_COMMON_SHARES":1949496000,"PER_SHARES":8000,"TOTAL_MARKET_CAP":9494045520,"HKSK_MARKET_CAP":9494045520,"PE_TTM":34.4400187181,"PB_TTM":6.128899630873,"REPORT_DATE_SQ":"2023-06-30 00:00:00","REPORT_TYPE_SQ":"2023年中报","OPERATE_INCOME_SQ":2410335968.11,"DPS_HKD":0.017,"OPERATE_INCOME_QOQ_SQ":0,"NET_PROFIT_RATIO_SQ":5.7617228024,"HOLDER_PROFIT_SQ":138665822.19,"HOLDER_PROFIT_QOQ_SQ":0,"ROE_AVG_SQ":12.886404307492,"PE_TTM_SQ":10.023803329355,"PB_TTM_SQ":2.278111952856,"ROA_SQ":2.53456996065,"START_DATE":"2024-01-01 00:00:00","FISCAL_YEAR":"12-31","CURRENCY":"HKD","IS_CNY_CODE":0,"DPS_HKD_LY":0.017,"ORG_TYPE":"一般企业","PREMIUM_INCOME":null,"PREMIUM_INCOME_YOY":null,"NET_INTEREST_INCOME":null,"NET_INTEREST_INCOME_YOY":null,"FEE_COMMISSION_INCOME":null,"FEE_COMMISSION_INCOME_YOY":null,"ACCOUNTS_RECE_TDAYS":1.445005732874,"INVENTORY_TDAYS":1.54227652188,"CURRENT_ASSETS_TDAYS":0.575474623247,"TOTAL_ASSETS_TDAYS":0.456391071787,"PREMIUM_EXPENSE":null,"LOAN_DEPOSIT":null,"LOAN_EQUITY":null,"LOAN_ASSETS":null,"DEPOSIT_EQUITY":null,"DEPOSIT_ASSETS":null,"EQUITY_MULTIPLIER":3.536135106104,"EQUITY_RATIO":2.556205626373},{"SECUCODE":"01729.HK","SECURITY_CODE":"01729","SECURITY_NAME_ABBR":"汇聚科技","ORG_CODE":"10702073","STD_REPORT_DATE":"2023-06-30 00:00:00","REPORT_DATE":"2023-09-30 00:00:00","DATE_TYPE_CODE":"002","REPORT_TYPE":"2023年中报","PER_NETCASH_OPERATE":-0.043700259493,"PER_OI":1.238641018951,"BPS":0.570940249126,"BASIC_EPS":0.071299851,"DILUTED_EPS":0.071299851,"OPERATE_INCOME":2410335968.11,"OPERATE_INCOME_YOY":-19.9172128341,"GROSS_PROFIT":371627303.18,"GROSS_PROFIT_YOY":31.716890722321,"HOLDER_PROFIT":138665822.19,"HOLDER_PROFIT_YOY":66.8208513645,"GROSS_PROFIT_RATIO":15.418070679641,"EPS_TTM":0.09678332631,"OPERATE_INCOME_QOQ":0,"NET_PROFIT_RATIO":5.7617228024,"ROE_AVG":12.886404307492,"GROSS_PROFIT_QOQ":0,"ROA":2.53456996065,"HOLDER_PROFIT_QOQ":0,"ROE_YEARLY":25.772808614984,"ROIC_YEARLY":5.384508967278,"TOTAL_ASSETS":5338027142.07,"TOTAL_LIABILITIES":4214505746.08,"TAX_EBT":19.108576437513,"OCF_SALES":-3.528081084343,"TOTAL_PARENT_EQUITY":1113045731.91,"DEBT_ASSET_RATIO":78.9524975035,"OPERATE_PROFIT":216692818.72,"PRETAX_PROFIT":171683067.22,"NETCASH_OPERATE":-85038607.36,"NETCASH_INVEST":483128524.48,"NETCASH_FINANCE":-296590862.82,"END_CASH":355358640.91,"DIVI_RATIO":0.159845095119,"DIVIDEND_RATE":0.340681362725,"CURRENT_RATIO":1.19081887558,"COMMON_ACS":3000000000,"CURRENTDEBT_DEBT":84.44048270168,"ISSUED_COMMON_SHARES":1949496000,"HK_COMMON_SHARES":1949496000,"PER_SHARES":8000,"TOTAL_MARKET_CAP":9727985040,"HKSK_MARKET_CAP":9727985040,"PE_TTM":35.288643409306,"PB_TTM":6.279919744981,"REPORT_DATE_SQ":"2022-06-30 00:00:00","REPORT_TYPE_SQ":"2022年中报","OPERATE_INCOME_SQ":2966542397.88,"DPS_HKD":0.017,"OPERATE_INCOME_QOQ_SQ":0,"NET_PROFIT_RATIO_SQ":2.7841963526,"HOLDER_PROFIT_SQ":81927792.96,"HOLDER_PROFIT_QOQ_SQ":0,"ROE_AVG_SQ":9.004145521162,"PE_TTM_SQ":9.953213165064,"PB_TTM_SQ":2.262068910934,"ROA_SQ":1.919415445357,"START_DATE":"2023-04-01 00:00:00","FISCAL_YEAR":"3-31","CURRENCY":"HKD","IS_CNY_CODE":0,"DPS_HKD_LY":0.0125,"ORG_TYPE":"一般企业","PREMIUM_INCOME":null,"PREMIUM_INCOME_YOY":null,"NET_INTEREST_INCOME":null,"NET_INTEREST_INCOME_YOY":null,"FEE_COMMISSION_INCOME":null,"FEE_COMMISSION_INCOME_YOY":null,"ACCOUNTS_RECE_TDAYS":1.670151796606,"INVENTORY_TDAYS":1.044134030297,"CURRENT_ASSETS_TDAYS":0.553865231807,"TOTAL_ASSETS_TDAYS":0.440567476784,"PREMIUM_EXPENSE":null,"LOAN_DEPOSIT":null,"LOAN_EQUITY":null,"LOAN_ASSETS":null,"DEPOSIT_EQUITY":null,"DEPOSIT_ASSETS":null,"EQUITY_MULTIPLIER":4.751157531238,"EQUITY_RATIO":3.786462339555},{"SECUCODE":"01729.HK","SECURITY_CODE":"01729","SECURITY_NAME_ABBR":"汇聚科技","ORG_CODE":"10702073","STD_REPORT_DATE":"2022-12-31 00:00:00","REPORT_DATE":"2023-03-31 00:00:00","DATE_TYPE_CODE":"001","REPORT_TYPE":"2022年年报","PER_NETCASH_OPERATE":-0.651396682303,"PER_OI":2.593382421041,"BPS":0.508476172467,"BASIC_EPS":0.096820346,"DILUTED_EPS":0.096732805,"OPERATE_INCOME":5046597708.99,"OPERATE_INCOME_YOY":60.5752403055,"GROSS_PROFIT":546837987.65,"GROSS_PROFIT_YOY":14.652493204501,"HOLDER_PROFIT":188335707.4,"HOLDER_PROFIT_YOY":27.889765371,"GROSS_PROFIT_RATIO":10.83577529225,"EPS_TTM":0.073174510969,"OPERATE_INCOME_QOQ":0,"NET_PROFIT_RATIO":3.7448747485,"ROE_AVG":19.705741997118,"GROSS_PROFIT_QOQ":0,"ROA":4.631783542378,"HOLDER_PROFIT_QOQ":0,"ROE_YEARLY":19.705741997118,"ROIC_YEARLY":4.913651381528,"TOTAL_ASSETS":5346097355.24,"TOTAL_LIABILITIES":4344567036.54,"TAX_EBT":15.748517015298,"OCF_SALES":-25.117648558789,"TOTAL_PARENT_EQUITY":991272264.32,"DEBT_ASSET_RATIO":81.2661414084,"OPERATE_PROFIT":273181320.01,"PRETAX_PROFIT":224315058.4,"NETCASH_OPERATE":-1267586676.72,"NETCASH_INVEST":-2022834398.48,"NETCASH_FINANCE":3356553923.65,"END_CASH":252120706.23,"DIVI_RATIO":0.211417060327,"DIVIDEND_RATE":0.340681362725,"CURRENT_RATIO":1.139582052786,"COMMON_ACS":3000000000,"CURRENTDEBT_DEBT":86.051303936776,"ISSUED_COMMON_SHARES":1949496000,"HK_COMMON_SHARES":1949496000,"PER_SHARES":8000,"TOTAL_MARKET_CAP":9727985040,"HKSK_MARKET_CAP":9727985040,"PE_TTM":35.288643409306,"PB_TTM":6.279919744981,"REPORT_DATE_SQ":"2021-12-31 00:00:00","REPORT_TYPE_SQ":"2021年年报","OPERATE_INCOME_SQ":2911620788.17,"DPS_HKD":0.017,"OPERATE_INCOME_QOQ_SQ":0,"NET_PROFIT_RATIO_SQ":4.6871174393,"HOLDER_PROFIT_SQ":136430535.23,"HOLDER_PROFIT_QOQ_SQ":0,"ROE_AVG_SQ":17.673750609356,"PE_TTM_SQ":9.953213165064,"PB_TTM_SQ":2.262068910934,"ROA_SQ":5.819127367848,"START_DATE":"2022-04-01 00:00:00","FISCAL_YEAR":"3-31","CURRENCY":"HKD","IS_CNY_CODE":0,"DPS_HKD_LY":0.015,"ORG_TYPE":"一般企业","PREMIUM_INCOME":null,"PREMIUM_INCOME_YOY":null,"NET_INTEREST_INCOME":null,"NET_INTEREST_INCOME_YOY":null,"FEE_COMMISSION_INCOME":null,"FEE_COMMISSION_INCOME_YOY":null,"ACCOUNTS_RECE_TDAYS":4.381510648736,"INVENTORY_TDAYS":3.801611414507,"CURRENT_ASSETS_TDAYS":1.678901242757,"TOTAL_ASSETS_TDAYS":1.241121428124,"PREMIUM_EXPENSE":null,"LOAN_DEPOSIT":null,"LOAN_EQUITY":null,"LOAN_ASSETS":null,"DEPOSIT_EQUITY":null,"DEPOSIT_ASSETS":null,"EQUITY_MULTIPLIER":5.337928623249,"EQUITY_RATIO":4.382819123382},{"SECUCODE":"01729.HK","SECURITY_CODE":"01729","SECURITY_NAME_ABBR":"汇聚科技","ORG_CODE":"10702073","STD_REPORT_DATE":"2022-06-30 00:00:00","REPORT_DATE":"2022-09-30 00:00:00","DATE_TYPE_CODE":"002","REPORT_TYPE":"2022年中报","PER_NETCASH_OPERATE":-0.047801251357,"PER_OI":1.524468433898,"BPS":0.445784753536,"BASIC_EPS":0.04205646,"DILUTED_EPS":0.04205646,"OPERATE_INCOME":2966542397.88,"OPERATE_INCOME_YOY":88.4478909201,"GROSS_PROFIT":282140962.44,"GROSS_PROFIT_YOY":9.831316900608,"HOLDER_PROFIT":81927792.96,"HOLDER_PROFIT_YOY":-0.6612784717,"GROSS_PROFIT_RATIO":9.510767910873,"EPS_TTM":0.07010991804,"OPERATE_INCOME_QOQ":0,"NET_PROFIT_RATIO":2.7841963526,"ROE_AVG":9.004145521162,"GROSS_PROFIT_QOQ":0,"ROA":1.919415445357,"HOLDER_PROFIT_QOQ":0,"ROE_YEARLY":18.008291042325,"ROIC_YEARLY":4.154369422384,"TOTAL_ASSETS":5658126895.8,"TOTAL_LIABILITIES":4778814047.88,"TAX_EBT":12.220887201423,"OCF_SALES":-3.135601255741,"TOTAL_PARENT_EQUITY":869055593.88,"DEBT_ASSET_RATIO":84.4592943192,"OPERATE_PROFIT":116869023.48,"PRETAX_PROFIT":94093415.4,"NETCASH_OPERATE":-93018940.68,"NETCASH_INVEST":-63654487.2,"NETCASH_FINANCE":429832396.68,"END_CASH":427242984.96,"DIVI_RATIO":0.22065836664,"DIVIDEND_RATE":0.340681362725,"CURRENT_RATIO":1.031518460703,"COMMON_ACS":3000000000,"CURRENTDEBT_DEBT":93.282525762591,"ISSUED_COMMON_SHARES":1949496000,"HK_COMMON_SHARES":1949496000,"PER_SHARES":8000,"TOTAL_MARKET_CAP":9727985040,"HKSK_MARKET_CAP":9727985040,"PE_TTM":35.288643409306,"PB_TTM":6.279919744981,"REPORT_DATE_SQ":"2021-06-30 00:00:00","REPORT_TYPE_SQ":"2021年中报","OPERATE_INCOME_SQ":1449959257.32,"DPS_HKD":0.017,"OPERATE_INCOME_QOQ_SQ":0,"NET_PROFIT_RATIO_SQ":5.253883605,"HOLDER_PROFIT_SQ":75964242.22,"HOLDER_PROFIT_QOQ_SQ":0,"ROE_AVG_SQ":10.229902723539,"PE_TTM_SQ":9.953213165064,"PB_TTM_SQ":2.262068910934,"ROA_SQ":3.227266646328,"START_DATE":"2022-04-01 00:00:00","FISCAL_YEAR":"3-31","CURRENCY":"HKD","IS_CNY_CODE":0,"DPS_HKD_LY":0.015,"ORG_TYPE":"一般企业","PREMIUM_INCOME":null,"PREMIUM_INCOME_YOY":null,"NET_INTEREST_INCOME":null,"NET_INTEREST_INCOME_YOY":null,"FEE_COMMISSION_INCOME":null,"FEE_COMMISSION_INCOME_YOY":null,"ACCOUNTS_RECE_TDAYS":1.859844957021,"INVENTORY_TDAYS":2.126656778659,"CURRENT_ASSETS_TDAYS":0.925919694535,"TOTAL_ASSETS_TDAYS":0.695005576505,"PREMIUM_EXPENSE":null,"LOAN_DEPOSIT":null,"LOAN_EQUITY":null,"LOAN_ASSETS":null,"DEPOSIT_EQUITY":null,"DEPOSIT_ASSETS":null,"EQUITY_MULTIPLIER":6.434714230741,"EQUITY_RATIO":5.498858854984},{"SECUCODE":"01729.HK","SECURITY_CODE":"01729","SECURITY_NAME_ABBR":"汇聚科技","ORG_CODE":"10702073","STD_REPORT_DATE":"2021-12-31 00:00:00","REPORT_DATE":"2022-03-31 00:00:00","DATE_TYPE_CODE":"001","REPORT_TYPE":"2021年年报","PER_NETCASH_OPERATE":0.087874225813,"PER_OI":1.496244916714,"BPS":0.437298986887,"BASIC_EPS":0.07380191,"DILUTED_EPS":0.073072001,"OPERATE_INCOME":2911620788.17,"OPERATE_INCOME_YOY":19.3515400002,"GROSS_PROFIT":476952547.97,"GROSS_PROFIT_YOY":-2.739720682033,"HOLDER_PROFIT":136430535.23,"HOLDER_PROFIT_YOY":-25.6837529433,"GROSS_PROFIT_RATIO":16.380998168026,"EPS_TTM":0.082783500813,"OPERATE_INCOME_QOQ":0,"NET_PROFIT_RATIO":4.6871174393,"ROE_AVG":17.673750609356,"GROSS_PROFIT_QOQ":0,"ROA":5.819127367848,"HOLDER_PROFIT_QOQ":0,"ROE_YEARLY":17.673750609356,"ROIC_YEARLY":6.253559431918,"TOTAL_ASSETS":2581251809.62,"TOTAL_LIABILITIES":1718787280.17,"TAX_EBT":27.734856455734,"OCF_SALES":5.872984083806,"TOTAL_PARENT_EQUITY":852512625.74,"DEBT_ASSET_RATIO":66.5873540026,"OPERATE_PROFIT":219700986.98,"PRETAX_PROFIT":188847733.55,"NETCASH_OPERATE":170999025.47,"NETCASH_INVEST":-89988858.59,"NETCASH_FINANCE":-36590338.17,"END_CASH":179156975.06,"DIVI_RATIO":0.186877093238,"DIVIDEND_RATE":0.340681362725,"CURRENT_RATIO":1.174397834181,"COMMON_ACS":3000000000,"CURRENTDEBT_DEBT":80.38245340362,"ISSUED_COMMON_SHARES":1949496000,"HK_COMMON_SHARES":1949496000,"PER_SHARES":8000,"TOTAL_MARKET_CAP":9727985040,"HKSK_MARKET_CAP":9727985040,"PE_TTM":35.288643409306,"PB_TTM":6.279919744981,"REPORT_DATE_SQ":"2020-12-31 00:00:00","REPORT_TYPE_SQ":"2020年年报","OPERATE_INCOME_SQ":2542317498.42,"DPS_HKD":0.017,"OPERATE_INCOME_QOQ_SQ":0,"NET_PROFIT_RATIO_SQ":7.5342276761,"HOLDER_PROFIT_SQ":191315789.98,"HOLDER_PROFIT_QOQ_SQ":0,"ROE_AVG_SQ":22.517701923287,"PE_TTM_SQ":9.953213165064,"PB_TTM_SQ":2.262068910934,"ROA_SQ":12.434957920411,"START_DATE":"2021-04-01 00:00:00","FISCAL_YEAR":"3-31","CURRENCY":"HKD","IS_CNY_CODE":0,"DPS_HKD_LY":0.025,"ORG_TYPE":"一般企业","PREMIUM_INCOME":null,"PREMIUM_INCOME_YOY":null,"NET_INTEREST_INCOME":null,"NET_INTEREST_INCOME_YOY":null,"FEE_COMMISSION_INCOME":null,"FEE_COMMISSION_INCOME_YOY":null,"ACCOUNTS_RECE_TDAYS":3.781201930141,"INVENTORY_TDAYS":5.320169457433,"CURRENT_ASSETS_TDAYS":2.079827432088,"TOTAL_ASSETS_TDAYS":1.241884170921,"PREMIUM_EXPENSE":null,"LOAN_DEPOSIT":null,"LOAN_EQUITY":null,"LOAN_ASSETS":null,"DEPOSIT_EQUITY":null,"DEPOSIT_ASSETS":null,"EQUITY_MULTIPLIER":2.992878804264,"EQUITY_RATIO":2.016142903078},{"SECUCODE":"01729.HK","SECURITY_CODE":"01729","SECURITY_NAME_ABBR":"汇聚科技","ORG_CODE":"10702073","STD_REPORT_DATE":"2021-06-30 00:00:00","REPORT_DATE":"2021-09-30 00:00:00","DATE_TYPE_CODE":"002","REPORT_TYPE":"2021年中报","PER_NETCASH_OPERATE":0.051839928136,"PER_OI":0.787836365223,"BPS":0.397527903007,"BASIC_EPS":0.04123647,"DILUTED_EPS":0.04081994,"OPERATE_INCOME":1449959257.32,"OPERATE_INCOME_YOY":20.7289843703,"GROSS_PROFIT":256885713.84,"GROSS_PROFIT_YOY":-3.763400005614,"HOLDER_PROFIT":75964242.22,"HOLDER_PROFIT_YOY":-30.0707827514,"GROSS_PROFIT_RATIO":17.716753939335,"EPS_TTM":0.103951566795,"OPERATE_INCOME_QOQ":0,"NET_PROFIT_RATIO":5.253883605,"ROE_AVG":10.229902723539,"GROSS_PROFIT_QOQ":0,"ROA":3.227266646328,"HOLDER_PROFIT_QOQ":0,"ROE_YEARLY":20.459805447078,"ROIC_YEARLY":6.948433293532,"TOTAL_ASSETS":2542559100.32,"TOTAL_LIABILITIES":1757339236.94,"TAX_EBT":32.225310357606,"OCF_SALES":6.580037483008,"TOTAL_PARENT_EQUITY":774979056.8,"DEBT_ASSET_RATIO":69.1169474377,"OPERATE_PROFIT":129074316.4,"PRETAX_PROFIT":112400620.5,"NETCASH_OPERATE":95407862.62,"NETCASH_INVEST":-93512651.12,"NETCASH_FINANCE":34846899.8,"END_CASH":183617253.78,"DIVI_RATIO":0.148822576484,"DIVIDEND_RATE":0.340681362725,"CURRENT_RATIO":1.172059744869,"COMMON_ACS":3000000000,"CURRENTDEBT_DEBT":75.815821671402,"ISSUED_COMMON_SHARES":1949496000,"HK_COMMON_SHARES":1949496000,"PER_SHARES":8000,"TOTAL_MARKET_CAP":9727985040,"HKSK_MARKET_CAP":9727985040,"PE_TTM":35.288643409306,"PB_TTM":6.279919744981,"REPORT_DATE_SQ":"2020-06-30 00:00:00","REPORT_TYPE_SQ":"2020年中报","OPERATE_INCOME_SQ":1266830413.44,"DPS_HKD":0.017,"OPERATE_INCOME_QOQ_SQ":0,"NET_PROFIT_RATIO_SQ":9.063819427,"HOLDER_PROFIT_SQ":114584209.28,"HOLDER_PROFIT_QOQ_SQ":0,"ROE_AVG_SQ":13.913144608188,"PE_TTM_SQ":9.953213165064,"PB_TTM_SQ":2.262068910934,"ROA_SQ":7.537102742076,"START_DATE":"2021-04-01 00:00:00","FISCAL_YEAR":"3-31","CURRENCY":"HKD","IS_CNY_CODE":0,"DPS_HKD_LY":0.025,"ORG_TYPE":"一般企业","PREMIUM_INCOME":null,"PREMIUM_INCOME_YOY":null,"NET_INTEREST_INCOME":null,"NET_INTEREST_INCOME_YOY":null,"FEE_COMMISSION_INCOME":null,"FEE_COMMISSION_INCOME_YOY":null,"ACCOUNTS_RECE_TDAYS":1.895100619806,"INVENTORY_TDAYS":2.681474311146,"CURRENT_ASSETS_TDAYS":1.04655880122,"TOTAL_ASSETS_TDAYS":0.616001030607,"PREMIUM_EXPENSE":null,"LOAN_DEPOSIT":null,"LOAN_EQUITY":null,"LOAN_ASSETS":null,"DEPOSIT_EQUITY":null,"DEPOSIT_ASSETS":null,"EQUITY_MULTIPLIER":3.238021882658,"EQUITY_RATIO":2.267595777615},{"SECUCODE":"01729.HK","SECURITY_CODE":"01729","SECURITY_NAME_ABBR":"汇聚科技","ORG_CODE":"10702073","STD_REPORT_DATE":"2020-12-31 00:00:00","REPORT_DATE":"2021-03-31 00:00:00","DATE_TYPE_CODE":"001","REPORT_TYPE":"2020年年报","PER_NETCASH_OPERATE":0.066394889472,"PER_OI":1.381369970974,"BPS":0.369579612023,"BASIC_EPS":0.10395714,"DILUTED_EPS":0.10395714,"OPERATE_INCOME":2542317498.42,"OPERATE_INCOME_YOY":8.1962843731,"GROSS_PROFIT":490387804.06,"GROSS_PROFIT_YOY":7.424028879024,"HOLDER_PROFIT":191315789.98,"HOLDER_PROFIT_YOY":46.911344756,"GROSS_PROFIT_RATIO":19.289007150553,"EPS_TTM":0.076997550913,"OPERATE_INCOME_QOQ":0,"NET_PROFIT_RATIO":7.5342276761,"ROE_AVG":22.517701923287,"GROSS_PROFIT_QOQ":0,"ROA":12.434957920411,"HOLDER_PROFIT_QOQ":0,"ROE_YEARLY":22.517701923287,"ROIC_YEARLY":14.188865400376,"TOTAL_ASSETS":2196592393.52,"TOTAL_LIABILITIES":1466017956.34,"TAX_EBT":15.471204090843,"OCF_SALES":4.806452352861,"TOTAL_PARENT_EQUITY":720493975.32,"DEBT_ASSET_RATIO":66.7405550827,"OPERATE_PROFIT":262543334.48,"PRETAX_PROFIT":226602054.98,"NETCASH_OPERATE":122195279.22,"NETCASH_INVEST":-66696534.52,"NETCASH_FINANCE":-241849102.18,"END_CASH":132256301.94,"DIVI_RATIO":0.200919897017,"DIVIDEND_RATE":0.340681362725,"CURRENT_RATIO":1.208779825719,"COMMON_ACS":3000000000,"CURRENTDEBT_DEBT":69.235594210184,"ISSUED_COMMON_SHARES":1949496000,"HK_COMMON_SHARES":1949496000,"PER_SHARES":8000,"TOTAL_MARKET_CAP":9727985040,"HKSK_MARKET_CAP":9727985040,"PE_TTM":35.288643409306,"PB_TTM":6.279919744981,"REPORT_DATE_SQ":"2019-12-31 00:00:00","REPORT_TYPE_SQ":"2019年年报","OPERATE_INCOME_SQ":2540223055,"DPS_HKD":0.017,"OPERATE_INCOME_QOQ_SQ":0,"NET_PROFIT_RATIO_SQ":8.9043742737,"HOLDER_PROFIT_SQ":140782896,"HOLDER_PROFIT_QOQ_SQ":0,"ROE_AVG_SQ":15.140062775351,"PE_TTM_SQ":9.953213165064,"PB_TTM_SQ":2.262068910934,"ROA_SQ":13.260040200131,"START_DATE":"2020-04-01 00:00:00","FISCAL_YEAR":"3-31","CURRENCY":"HKD","IS_CNY_CODE":0,"DPS_HKD_LY":0.03,"ORG_TYPE":"一般企业","PREMIUM_INCOME":null,"PREMIUM_INCOME_YOY":null,"NET_INTEREST_INCOME":null,"NET_INTEREST_INCOME_YOY":null,"FEE_COMMISSION_INCOME":null,"FEE_COMMISSION_INCOME_YOY":null,"ACCOUNTS_RECE_TDAYS":4.342872529267,"INVENTORY_TDAYS":7.184078924786,"CURRENT_ASSETS_TDAYS":2.714674038115,"TOTAL_ASSETS_TDAYS":1.652430837856,"PREMIUM_EXPENSE":null,"LOAN_DEPOSIT":null,"LOAN_EQUITY":null,"LOAN_ASSETS":null,"DEPOSIT_EQUITY":null,"DEPOSIT_ASSETS":null,"EQUITY_MULTIPLIER":3.006664730835,"EQUITY_RATIO":2.034740062454},{"SECUCODE":"01729.HK","SECURITY_CODE":"01729","SECURITY_NAME_ABBR":"汇聚科技","ORG_CODE":"10702073","STD_REPORT_DATE":"2020-06-30 00:00:00","REPORT_DATE":"2020-09-30 00:00:00","DATE_TYPE_CODE":"002","REPORT_TYPE":"2020年中报","PER_NETCASH_OPERATE":0.017950721391,"PER_OI":0.688494789913,"BPS":0.322925191742,"BASIC_EPS":0.062301248,"DILUTED_EPS":0.062301248,"OPERATE_INCOME":1266830413.44,"OPERATE_INCOME_YOY":-5.3958744147,"GROSS_PROFIT":266931410.56,"GROSS_PROFIT_YOY":5.163307340606,"HOLDER_PROFIT":114584209.28,"HOLDER_PROFIT_YOY":30.7389211951,"GROSS_PROFIT_RATIO":21.070808509812,"EPS_TTM":0.063618348804,"OPERATE_INCOME_QOQ":0,"NET_PROFIT_RATIO":9.063819427,"ROE_AVG":13.913144608188,"GROSS_PROFIT_QOQ":0,"ROA":7.537102742076,"HOLDER_PROFIT_QOQ":0,"ROE_YEARLY":27.826289216377,"ROIC_YEARLY":17.316286929357,"TOTAL_ASSETS":2125125445.76,"TOTAL_LIABILITIES":1485661569.92,"TAX_EBT":16.694186424578,"OCF_SALES":2.607241427865,"TOTAL_PARENT_EQUITY":629541369.6,"DEBT_ASSET_RATIO":69.9093586632,"OPERATE_PROFIT":158831276.16,"PRETAX_PROFIT":137833383.04,"NETCASH_OPERATE":33029327.36,"NETCASH_INVEST":-54880457.6,"NETCASH_FINANCE":-176794949.12,"END_CASH":127833549.44,"DIVI_RATIO":0.243174183089,"DIVIDEND_RATE":0.340681362725,"CURRENT_RATIO":1.200415973453,"COMMON_ACS":3000000000,"CURRENTDEBT_DEBT":65.093975256564,"ISSUED_COMMON_SHARES":1949496000,"HK_COMMON_SHARES":1949496000,"PER_SHARES":8000,"TOTAL_MARKET_CAP":9727985040,"HKSK_MARKET_CAP":9727985040,"PE_TTM":35.288643409306,"PB_TTM":6.279919744981,"REPORT_DATE_SQ":"2019-06-30 00:00:00","REPORT_TYPE_SQ":"2019年中报","OPERATE_INCOME_SQ":1374577549.05,"DPS_HKD":0.017,"OPERATE_INCOME_QOQ_SQ":0,"NET_PROFIT_RATIO_SQ":9.6468058891,"HOLDER_PROFIT_SQ":89966477.4,"HOLDER_PROFIT_QOQ_SQ":0,"ROE_AVG_SQ":9.333916532179,"PE_TTM_SQ":9.953213165064,"PB_TTM_SQ":2.262068910934,"ROA_SQ":8.113353691185,"START_DATE":"2020-04-01 00:00:00","FISCAL_YEAR":"3-31","CURRENCY":"HKD","IS_CNY_CODE":0,"DPS_HKD_LY":0.03,"ORG_TYPE":"一般企业","PREMIUM_INCOME":null,"PREMIUM_INCOME_YOY":null,"NET_INTEREST_INCOME":null,"NET_INTEREST_INCOME_YOY":null,"FEE_COMMISSION_INCOME":null,"FEE_COMMISSION_INCOME_YOY":null,"ACCOUNTS_RECE_TDAYS":2.235882634838,"INVENTORY_TDAYS":3.668362379672,"CURRENT_ASSETS_TDAYS":1.382524977572,"TOTAL_ASSETS_TDAYS":0.833293788287,"PREMIUM_EXPENSE":null,"LOAN_DEPOSIT":null,"LOAN_EQUITY":null,"LOAN_ASSETS":null,"DEPOSIT_EQUITY":null,"DEPOSIT_ASSETS":null,"EQUITY_MULTIPLIER":3.323292411109,"EQUITY_RATIO":2.359910947336},{"SECUCODE":"01729.HK","SECURITY_CODE":"01729","SECURITY_NAME_ABBR":"汇聚科技","ORG_CODE":"10702073","STD_REPORT_DATE":"2019-12-31 00:00:00","REPORT_DATE":"2020-03-31 00:00:00","DATE_TYPE_CODE":"001","REPORT_TYPE":"2019年年报","PER_NETCASH_OPERATE":0.073132250054,"PER_OI":1.380556008152,"BPS":0.282807017044,"BASIC_EPS":0.07647669,"DILUTED_EPS":0.0758371,"OPERATE_INCOME":2540223055,"OPERATE_INCOME_YOY":9.4634845544,"GROSS_PROFIT":456497311.8,"GROSS_PROFIT_YOY":90.507325059132,"HOLDER_PROFIT":140782896,"HOLDER_PROFIT_YOY":4.213643093,"GROSS_PROFIT_RATIO":21.208860865069,"EPS_TTM":0.052956446424,"OPERATE_INCOME_QOQ":0,"NET_PROFIT_RATIO":8.9043742737,"ROE_AVG":15.140062775351,"GROSS_PROFIT_QOQ":0,"ROA":13.260040200131,"HOLDER_PROFIT_QOQ":0,"ROE_YEARLY":15.140062775351,"ROIC_YEARLY":17.956139109131,"TOTAL_ASSETS":2912355704.7,"TOTAL_LIABILITIES":1847077443.2,"TAX_EBT":18.198377565501,"OCF_SALES":10.235992260088,"TOTAL_PARENT_EQUITY":1058102975.4,"DEBT_ASSET_RATIO":42.0780873832,"OPERATE_PROFIT":236736928.9,"PRETAX_PROFIT":172554072.4,"NETCASH_OPERATE":526480335.9,"NETCASH_INVEST":-446901634.4,"NETCASH_FINANCE":-95302564.8,"END_CASH":329153115.4,"DIVI_RATIO":0.292133272617,"DIVIDEND_RATE":0.340681362725,"CURRENT_RATIO":1.917880940912,"COMMON_ACS":3000000000,"CURRENTDEBT_DEBT":97.486020530923,"ISSUED_COMMON_SHARES":1949496000,"HK_COMMON_SHARES":1949496000,"PER_SHARES":8000,"TOTAL_MARKET_CAP":9727985040,"HKSK_MARKET_CAP":9727985040,"PE_TTM":35.288643409306,"PB_TTM":6.279919744981,"REPORT_DATE_SQ":"2018-12-31 00:00:00","REPORT_TYPE_SQ":"2018年年报","OPERATE_INCOME_SQ":1127469740.31,"DPS_HKD":0.017,"OPERATE_INCOME_QOQ_SQ":0,"NET_PROFIT_RATIO_SQ":9.352938894,"HOLDER_PROFIT_SQ":105451555.86,"HOLDER_PROFIT_QOQ_SQ":0,"ROE_AVG_SQ":24.396507243501,"PE_TTM_SQ":9.953213165064,"PB_TTM_SQ":2.262068910934,"ROA_SQ":13.863574595062,"START_DATE":"2019-04-01 00:00:00","FISCAL_YEAR":"3-31","CURRENCY":"HKD","IS_CNY_CODE":0,"DPS_HKD_LY":0.03,"ORG_TYPE":"一般企业","PREMIUM_INCOME":null,"PREMIUM_INCOME_YOY":null,"NET_INTEREST_INCOME":null,"NET_INTEREST_INCOME_YOY":null,"FEE_COMMISSION_INCOME":null,"FEE_COMMISSION_INCOME_YOY":null,"ACCOUNTS_RECE_TDAYS":3.886938145793,"INVENTORY_TDAYS":5.849277501013,"CURRENT_ASSETS_TDAYS":2.065512345475,"TOTAL_ASSETS_TDAYS":1.489160247825,"PREMIUM_EXPENSE":null,"LOAN_DEPOSIT":null,"LOAN_EQUITY":null,"LOAN_ASSETS":null,"DEPOSIT_EQUITY":null,"DEPOSIT_ASSETS":null,"EQUITY_MULTIPLIER":1.726462326297,"EQUITY_RATIO":1.745649985061}],"count":17},"success":true,"message":"ok","code":0}