{"version":"d677442abc27a957bfc56f331fdade30","result":{"pages":4,"data":[{"SECUCODE":"01728.HK","SECURITY_CODE":"01728","SECURITY_NAME_ABBR":"正通汽车","ORG_CODE":"10156258","STD_REPORT_DATE":"2024-06-30 00:00:00","REPORT_DATE":"2024-06-30 00:00:00","DATE_TYPE_CODE":"002","REPORT_TYPE":"2024年中报","PER_NETCASH_OPERATE":0.051305457027,"PER_OI":3.444460836526,"BPS":-0.408617542443,"BASIC_EPS":-0.25,"DILUTED_EPS":-0.25,"OPERATE_INCOME":9875622000,"OPERATE_INCOME_YOY":-19.7727783232,"GROSS_PROFIT":177158000,"GROSS_PROFIT_YOY":-71.898238623385,"HOLDER_PROFIT":-711734000,"HOLDER_PROFIT_YOY":-80.8556755782,"GROSS_PROFIT_RATIO":1.793892070798,"EPS_TTM":-0.421745310375,"OPERATE_INCOME_QOQ":-10.085966855179,"NET_PROFIT_RATIO":-6.4283545887,"ROE_AVG":-162.283118870069,"GROSS_PROFIT_QOQ":-44.939633727381,"ROA":-2.428309481089,"HOLDER_PROFIT_QOQ":-35.712746495471,"ROE_YEARLY":-324.566237740138,"ROIC_YEARLY":-5.124527835785,"TOTAL_ASSETS":29104910000,"TOTAL_LIABILITIES":27664810000,"TAX_EBT":12.207966058098,"OCF_SALES":1.489506179965,"TOTAL_PARENT_EQUITY":515321000,"DEBT_ASSET_RATIO":95.0520376115,"OPERATE_PROFIT":-233174000,"PRETAX_PROFIT":-723118000,"NETCASH_OPERATE":147098000,"NETCASH_INVEST":24526000,"NETCASH_FINANCE":-446812000,"END_CASH":469758000,"DIVI_RATIO":null,"DIVIDEND_RATE":null,"CURRENT_RATIO":0.648260782905,"COMMON_ACS":20000000000,"CURRENTDEBT_DEBT":80.557437408751,"ISSUED_COMMON_SHARES":3346990420,"HK_COMMON_SHARES":3346990420,"PER_SHARES":500,"TOTAL_MARKET_CAP":344740013.26,"HKSK_MARKET_CAP":344740013.26,"PE_TTM":-0.258003478622,"PB_TTM":-0.230058747449,"REPORT_DATE_SQ":"2023-06-30 00:00:00","REPORT_TYPE_SQ":"2023年中报","OPERATE_INCOME_SQ":12309565000,"DPS_HKD":null,"OPERATE_INCOME_QOQ_SQ":5.488620896642,"NET_PROFIT_RATIO_SQ":-3.1362927934,"HOLDER_PROFIT_SQ":-393537000,"HOLDER_PROFIT_QOQ_SQ":-135.574531279005,"ROE_AVG_SQ":-83.972742897929,"PE_TTM_SQ":-0.892172580019,"PB_TTM_SQ":-4.048725353376,"ROA_SQ":-1.400418545214,"START_DATE":"2024-01-01 00:00:00","FISCAL_YEAR":"12-31","CURRENCY":"HKD","IS_CNY_CODE":0,"DPS_HKD_LY":null,"ORG_TYPE":"一般企业","PREMIUM_INCOME":null,"PREMIUM_INCOME_YOY":null,"NET_INTEREST_INCOME":null,"NET_INTEREST_INCOME_YOY":null,"FEE_COMMISSION_INCOME":null,"FEE_COMMISSION_INCOME_YOY":null,"ACCOUNTS_RECE_TDAYS":10.671001071355,"INVENTORY_TDAYS":2.550457820515,"CURRENT_ASSETS_TDAYS":0.684062249554,"TOTAL_ASSETS_TDAYS":0.336938610973,"PREMIUM_EXPENSE":null,"LOAN_DEPOSIT":null,"LOAN_EQUITY":null,"LOAN_ASSETS":null,"DEPOSIT_EQUITY":null,"DEPOSIT_ASSETS":null,"EQUITY_MULTIPLIER":20.210339559658,"EQUITY_RATIO":53.684615996631},{"SECUCODE":"01728.HK","SECURITY_CODE":"01728","SECURITY_NAME_ABBR":"正通汽车","ORG_CODE":"10156258","STD_REPORT_DATE":"2023-12-31 00:00:00","REPORT_DATE":"2023-12-31 00:00:00","DATE_TYPE_CODE":"001","REPORT_TYPE":"2023年年报","PER_NETCASH_OPERATE":0.012830375275,"PER_OI":8.416851393819,"BPS":-0.193932733157,"BASIC_EPS":-0.319,"DILUTED_EPS":-0.319,"OPERATE_INCOME":24131975000,"OPERATE_INCOME_YOY":6.7465792357,"GROSS_PROFIT":1008593000,"GROSS_PROFIT_YOY":-36.441679826679,"HOLDER_PROFIT":-890990000,"HOLDER_PROFIT_YOY":-200.7205899725,"GROSS_PROFIT_RATIO":4.17948800295,"EPS_TTM":-0.310763226938,"OPERATE_INCOME_QOQ":1.192506194861,"NET_PROFIT_RATIO":-3.3999703713,"ROE_AVG":-320.950832014034,"GROSS_PROFIT_QOQ":-20.459847164499,"ROA":-3.112761487127,"HOLDER_PROFIT_QOQ":-27.654117930232,"ROE_YEARLY":-320.950832014034,"ROIC_YEARLY":-3.25105659613,"TOTAL_ASSETS":29514801000,"TOTAL_LIABILITIES":28227741000,"TAX_EBT":7.457703586736,"OCF_SALES":0.152436756627,"TOTAL_PARENT_EQUITY":361830000,"DEBT_ASSET_RATIO":95.6392726483,"OPERATE_PROFIT":168201000,"PRETAX_PROFIT":-886600000,"NETCASH_OPERATE":36786000,"NETCASH_INVEST":-793482000,"NETCASH_FINANCE":767076000,"END_CASH":744855000,"DIVI_RATIO":null,"DIVIDEND_RATE":null,"CURRENT_RATIO":0.637079591274,"COMMON_ACS":20000000000,"CURRENTDEBT_DEBT":80.220347777741,"ISSUED_COMMON_SHARES":3346990420,"HK_COMMON_SHARES":3346990420,"PER_SHARES":500,"TOTAL_MARKET_CAP":364821955.78,"HKSK_MARKET_CAP":364821955.78,"PE_TTM":-0.273032807474,"PB_TTM":-0.243460227883,"REPORT_DATE_SQ":"2022-12-31 00:00:00","REPORT_TYPE_SQ":"2022年年报","OPERATE_INCOME_SQ":22606790000,"DPS_HKD":null,"OPERATE_INCOME_QOQ_SQ":0.73356119907,"NET_PROFIT_RATIO_SQ":-1.3156268537,"HOLDER_PROFIT_SQ":-296285000,"HOLDER_PROFIT_QOQ_SQ":86.273614123095,"ROE_AVG_SQ":-84.433450790019,"PE_TTM_SQ":-1.269199486219,"PB_TTM_SQ":-5.759692971329,"ROA_SQ":-1.100152248654,"START_DATE":"2023-01-01 00:00:00","FISCAL_YEAR":"12-31","CURRENCY":"HKD","IS_CNY_CODE":0,"DPS_HKD_LY":null,"ORG_TYPE":"一般企业","PREMIUM_INCOME":null,"PREMIUM_INCOME_YOY":null,"NET_INTEREST_INCOME":null,"NET_INTEREST_INCOME_YOY":null,"FEE_COMMISSION_INCOME":null,"FEE_COMMISSION_INCOME_YOY":null,"ACCOUNTS_RECE_TDAYS":26.097212541858,"INVENTORY_TDAYS":5.901703535859,"CURRENT_ASSETS_TDAYS":1.708073198784,"TOTAL_ASSETS_TDAYS":0.84307435985,"PREMIUM_EXPENSE":null,"LOAN_DEPOSIT":null,"LOAN_EQUITY":null,"LOAN_ASSETS":null,"DEPOSIT_EQUITY":null,"DEPOSIT_ASSETS":null,"EQUITY_MULTIPLIER":22.931954221127,"EQUITY_RATIO":78.013821407843},{"SECUCODE":"01728.HK","SECURITY_CODE":"01728","SECURITY_NAME_ABBR":"正通汽车","ORG_CODE":"10156258","STD_REPORT_DATE":"2023-06-30 00:00:00","REPORT_DATE":"2023-06-30 00:00:00","DATE_TYPE_CODE":"002","REPORT_TYPE":"2023年中报","PER_NETCASH_OPERATE":-0.15549740982,"PER_OI":4.293381678357,"BPS":-0.046621884266,"BASIC_EPS":-0.144,"DILUTED_EPS":-0.144,"OPERATE_INCOME":12309565000,"OPERATE_INCOME_YOY":11.2099327441,"GROSS_PROFIT":630416000,"GROSS_PROFIT_YOY":-33.588969980954,"HOLDER_PROFIT":-393537000,"HOLDER_PROFIT_YOY":-4928.6748466258,"GROSS_PROFIT_RATIO":5.121350754474,"EPS_TTM":-0.24344159983,"OPERATE_INCOME_QOQ":5.488620896642,"NET_PROFIT_RATIO":-3.1362927934,"ROE_AVG":-83.972742897929,"GROSS_PROFIT_QOQ":-20.092785960862,"ROA":-1.400418545214,"HOLDER_PROFIT_QOQ":-135.574531279005,"ROE_YEARLY":-167.945485795858,"ROIC_YEARLY":-2.899521412122,"TOTAL_ASSETS":28470010000,"TOTAL_LIABILITIES":27293736000,"TAX_EBT":-0.650469667778,"OCF_SALES":-3.621793296514,"TOTAL_PARENT_EQUITY":743908000,"DEBT_ASSET_RATIO":95.868375178,"OPERATE_PROFIT":152935000,"PRETAX_PROFIT":-383569000,"NETCASH_OPERATE":-445827000,"NETCASH_INVEST":-300232000,"NETCASH_FINANCE":715101000,"END_CASH":704939000,"DIVI_RATIO":null,"DIVIDEND_RATE":null,"CURRENT_RATIO":0.718309313475,"COMMON_ACS":20000000000,"CURRENTDEBT_DEBT":74.518944566621,"ISSUED_COMMON_SHARES":3346990420,"HK_COMMON_SHARES":3346990420,"PER_SHARES":500,"TOTAL_MARKET_CAP":364821955.78,"HKSK_MARKET_CAP":364821955.78,"PE_TTM":-0.273032807474,"PB_TTM":-0.243460227883,"REPORT_DATE_SQ":"2022-06-30 00:00:00","REPORT_TYPE_SQ":"2022年中报","OPERATE_INCOME_SQ":11068764000,"DPS_HKD":null,"OPERATE_INCOME_QOQ_SQ":6.941135484362,"NET_PROFIT_RATIO_SQ":0.0512704038,"HOLDER_PROFIT_SQ":8150000,"HOLDER_PROFIT_QOQ_SQ":40.407815178413,"ROE_AVG_SQ":1.604190184128,"PE_TTM_SQ":-1.269199486219,"PB_TTM_SQ":-5.759692971329,"ROA_SQ":0.030706725266,"START_DATE":"2023-01-01 00:00:00","FISCAL_YEAR":"12-31","CURRENCY":"HKD","IS_CNY_CODE":0,"DPS_HKD_LY":null,"ORG_TYPE":"一般企业","PREMIUM_INCOME":null,"PREMIUM_INCOME_YOY":null,"NET_INTEREST_INCOME":null,"NET_INTEREST_INCOME_YOY":null,"FEE_COMMISSION_INCOME":null,"FEE_COMMISSION_INCOME_YOY":null,"ACCOUNTS_RECE_TDAYS":13.613530181688,"INVENTORY_TDAYS":3.055440001685,"CURRENT_ASSETS_TDAYS":0.865658030421,"TOTAL_ASSETS_TDAYS":0.438041228894,"PREMIUM_EXPENSE":null,"LOAN_DEPOSIT":null,"LOAN_EQUITY":null,"LOAN_ASSETS":null,"DEPOSIT_EQUITY":null,"DEPOSIT_ASSETS":null,"EQUITY_MULTIPLIER":24.203552913982,"EQUITY_RATIO":36.689665926432},{"SECUCODE":"01728.HK","SECURITY_CODE":"01728","SECURITY_NAME_ABBR":"正通汽车","ORG_CODE":"10156258","STD_REPORT_DATE":"2022-12-31 00:00:00","REPORT_DATE":"2022-12-31 00:00:00","DATE_TYPE_CODE":"001","REPORT_TYPE":"2022年年报","PER_NETCASH_OPERATE":0.057855545916,"PER_OI":8.236997845346,"BPS":0.05777996819,"BASIC_EPS":-0.109,"DILUTED_EPS":-0.109,"OPERATE_INCOME":22606790000,"OPERATE_INCOME_YOY":7.7256141601,"GROSS_PROFIT":1586878000,"GROSS_PROFIT_YOY":28.434012459138,"HOLDER_PROFIT":-296285000,"HOLDER_PROFIT_YOY":91.8201467589,"GROSS_PROFIT_RATIO":7.019475122297,"EPS_TTM":-0.107954243243,"OPERATE_INCOME_QOQ":0.73356119907,"NET_PROFIT_RATIO":-1.3156268537,"ROE_AVG":-84.433450790019,"GROSS_PROFIT_QOQ":-26.310652110315,"ROA":-1.100152248654,"HOLDER_PROFIT_QOQ":86.273614123095,"ROE_YEARLY":-84.433450790019,"ROIC_YEARLY":-1.191187875256,"TOTAL_ASSETS":27732759000,"TOTAL_LIABILITIES":27508315000,"TAX_EBT":-128.185082321892,"OCF_SALES":0.702386318447,"TOTAL_PARENT_EQUITY":193389000,"DEBT_ASSET_RATIO":99.1906899707,"OPERATE_PROFIT":833601000,"PRETAX_PROFIT":-130342000,"NETCASH_OPERATE":158787000,"NETCASH_INVEST":1298976000,"NETCASH_FINANCE":-936375000,"END_CASH":734086000,"DIVI_RATIO":null,"DIVIDEND_RATE":null,"CURRENT_RATIO":0.731306800167,"COMMON_ACS":20000000000,"CURRENTDEBT_DEBT":68.748216675576,"ISSUED_COMMON_SHARES":3346990420,"HK_COMMON_SHARES":3346990420,"PER_SHARES":500,"TOTAL_MARKET_CAP":364821955.78,"HKSK_MARKET_CAP":364821955.78,"PE_TTM":-0.273032807474,"PB_TTM":-0.243460227883,"REPORT_DATE_SQ":"2021-12-31 00:00:00","REPORT_TYPE_SQ":"2021年年报","OPERATE_INCOME_SQ":20985529000,"DPS_HKD":null,"OPERATE_INCOME_QOQ_SQ":19.155131073302,"NET_PROFIT_RATIO_SQ":-18.016067167,"HOLDER_PROFIT_SQ":-3622131000,"HOLDER_PROFIT_QOQ_SQ":58.217801041564,"ROE_AVG_SQ":-156.920271615614,"PE_TTM_SQ":-1.269199486219,"PB_TTM_SQ":-5.759692971329,"ROA_SQ":-13.384135041556,"START_DATE":"2022-01-01 00:00:00","FISCAL_YEAR":"12-31","CURRENCY":"HKD","IS_CNY_CODE":0,"DPS_HKD_LY":null,"ORG_TYPE":"一般企业","PREMIUM_INCOME":null,"PREMIUM_INCOME_YOY":null,"NET_INTEREST_INCOME":null,"NET_INTEREST_INCOME_YOY":null,"FEE_COMMISSION_INCOME":null,"FEE_COMMISSION_INCOME_YOY":null,"ACCOUNTS_RECE_TDAYS":23.640988691289,"INVENTORY_TDAYS":6.262168789989,"CURRENT_ASSETS_TDAYS":1.698415493672,"TOTAL_ASSETS_TDAYS":0.839425244388,"PREMIUM_EXPENSE":null,"LOAN_DEPOSIT":null,"LOAN_EQUITY":null,"LOAN_ASSETS":null,"DEPOSIT_EQUITY":null,"DEPOSIT_ASSETS":null,"EQUITY_MULTIPLIER":123.56204220834,"EQUITY_RATIO":142.243431632616},{"SECUCODE":"01728.HK","SECURITY_CODE":"01728","SECURITY_NAME_ABBR":"正通汽车","ORG_CODE":"10156258","STD_REPORT_DATE":"2022-06-30 00:00:00","REPORT_DATE":"2022-06-30 00:00:00","DATE_TYPE_CODE":"002","REPORT_TYPE":"2022年中报","PER_NETCASH_OPERATE":0.06241258971,"PER_OI":4.033008897709,"BPS":0.151676263238,"BASIC_EPS":0.003,"DILUTED_EPS":0.003,"OPERATE_INCOME":11068764000,"OPERATE_INCOME_YOY":15.1541229675,"GROSS_PROFIT":949264000,"GROSS_PROFIT_YOY":2927.66561413581,"HOLDER_PROFIT":8150000,"HOLDER_PROFIT_YOY":100.5599550387,"GROSS_PROFIT_RATIO":8.576061428358,"EPS_TTM":-0.786472449568,"OPERATE_INCOME_QOQ":6.941135484362,"NET_PROFIT_RATIO":0.0512704038,"ROE_AVG":1.604190184128,"GROSS_PROFIT_QOQ":74.291150807044,"ROA":0.030706725266,"HOLDER_PROFIT_QOQ":40.407815178413,"ROE_YEARLY":3.208380368255,"ROIC_YEARLY":0.066944347439,"TOTAL_ASSETS":26953048000,"TOTAL_LIABILITIES":26415673000,"TAX_EBT":91.939721902652,"OCF_SALES":1.54754406183,"TOTAL_PARENT_EQUITY":507659000,"DEBT_ASSET_RATIO":98.0062551738,"OPERATE_PROFIT":532715000,"PRETAX_PROFIT":70407000,"NETCASH_OPERATE":171294000,"NETCASH_INVEST":173645000,"NETCASH_FINANCE":447726000,"END_CASH":1004689000,"DIVI_RATIO":null,"DIVIDEND_RATE":null,"CURRENT_RATIO":0.583639787576,"COMMON_ACS":20000000000,"CURRENTDEBT_DEBT":86.545165818793,"ISSUED_COMMON_SHARES":3346990420,"HK_COMMON_SHARES":3346990420,"PER_SHARES":500,"TOTAL_MARKET_CAP":364821955.78,"HKSK_MARKET_CAP":364821955.78,"PE_TTM":-0.273032807474,"PB_TTM":-0.243460227883,"REPORT_DATE_SQ":"2021-06-30 00:00:00","REPORT_TYPE_SQ":"2021年中报","OPERATE_INCOME_SQ":9612130000,"DPS_HKD":null,"OPERATE_INCOME_QOQ_SQ":4.330426718966,"NET_PROFIT_RATIO_SQ":-15.7997759081,"HOLDER_PROFIT_SQ":-1455474000,"HOLDER_PROFIT_QOQ_SQ":-1.048722326079,"ROE_AVG_SQ":-42.953899947351,"PE_TTM_SQ":-1.269199486219,"PB_TTM_SQ":-5.759692971329,"ROA_SQ":-5.382709533154,"START_DATE":"2022-01-01 00:00:00","FISCAL_YEAR":"12-31","CURRENCY":"HKD","IS_CNY_CODE":0,"DPS_HKD_LY":null,"ORG_TYPE":"一般企业","PREMIUM_INCOME":null,"PREMIUM_INCOME_YOY":null,"NET_INTEREST_INCOME":null,"NET_INTEREST_INCOME_YOY":null,"FEE_COMMISSION_INCOME":null,"FEE_COMMISSION_INCOME_YOY":null,"ACCOUNTS_RECE_TDAYS":10.674408646947,"INVENTORY_TDAYS":3.598096257031,"CURRENT_ASSETS_TDAYS":0.847083543358,"TOTAL_ASSETS_TDAYS":0.417037417407,"PREMIUM_EXPENSE":null,"LOAN_DEPOSIT":null,"LOAN_EQUITY":null,"LOAN_ASSETS":null,"DEPOSIT_EQUITY":null,"DEPOSIT_ASSETS":null,"EQUITY_MULTIPLIER":50.156869969461,"EQUITY_RATIO":52.03428482505},{"SECUCODE":"01728.HK","SECURITY_CODE":"01728","SECURITY_NAME_ABBR":"正通汽车","ORG_CODE":"10156258","STD_REPORT_DATE":"2021-12-31 00:00:00","REPORT_DATE":"2021-12-31 00:00:00","DATE_TYPE_CODE":"001","REPORT_TYPE":"2021年年报","PER_NETCASH_OPERATE":0.056705991813,"PER_OI":7.64627605938,"BPS":0.15190661944,"BASIC_EPS":-1.338,"DILUTED_EPS":-1.338,"OPERATE_INCOME":20985529000,"OPERATE_INCOME_YOY":24.3150567063,"GROSS_PROFIT":1235559000,"GROSS_PROFIT_YOY":123.882703350397,"HOLDER_PROFIT":-3622131000,"HOLDER_PROFIT_YOY":57.7796217928,"GROSS_PROFIT_RATIO":5.887671452075,"EPS_TTM":-1.319757702998,"OPERATE_INCOME_QOQ":19.155131073302,"NET_PROFIT_RATIO":-18.016067167,"ROE_AVG":-156.920271615614,"GROSS_PROFIT_QOQ":119.918675070748,"ROA":-13.384135041556,"HOLDER_PROFIT_QOQ":58.217801041564,"ROE_YEARLY":-156.920271615614,"ROIC_YEARLY":-14.865705296902,"TOTAL_ASSETS":26129786000,"TOTAL_LIABILITIES":25589165000,"TAX_EBT":0.435525234579,"OCF_SALES":0.741615805825,"TOTAL_PARENT_EQUITY":508430000,"DEBT_ASSET_RATIO":97.9310163505,"OPERATE_PROFIT":-957115000,"PRETAX_PROFIT":-2213649000,"NETCASH_OPERATE":155632000,"NETCASH_INVEST":-345832000,"NETCASH_FINANCE":-90454000,"END_CASH":208771000,"DIVI_RATIO":null,"DIVIDEND_RATE":null,"CURRENT_RATIO":0.585639218501,"COMMON_ACS":20000000000,"CURRENTDEBT_DEBT":85.352523226139,"ISSUED_COMMON_SHARES":3346990420,"HK_COMMON_SHARES":3346990420,"PER_SHARES":500,"TOTAL_MARKET_CAP":364821955.78,"HKSK_MARKET_CAP":364821955.78,"PE_TTM":-0.273032807474,"PB_TTM":-0.243460227883,"REPORT_DATE_SQ":"2020-12-31 00:00:00","REPORT_TYPE_SQ":"2020年年报","OPERATE_INCOME_SQ":16880923000,"DPS_HKD":null,"OPERATE_INCOME_QOQ_SQ":-37.358206010396,"NET_PROFIT_RATIO_SQ":-50.8775734597,"HOLDER_PROFIT_SQ":-8579106000,"HOLDER_PROFIT_QOQ_SQ":-631.294927540556,"ROE_AVG_SQ":-103.823285487756,"PE_TTM_SQ":-1.269199486219,"PB_TTM_SQ":-5.759692971329,"ROA_SQ":-23.551526604736,"START_DATE":"2021-01-01 00:00:00","FISCAL_YEAR":"12-31","CURRENCY":"HKD","IS_CNY_CODE":0,"DPS_HKD_LY":null,"ORG_TYPE":"一般企业","PREMIUM_INCOME":null,"PREMIUM_INCOME_YOY":null,"NET_INTEREST_INCOME":null,"NET_INTEREST_INCOME_YOY":null,"FEE_COMMISSION_INCOME":null,"FEE_COMMISSION_INCOME_YOY":null,"ACCOUNTS_RECE_TDAYS":20.380206302506,"INVENTORY_TDAYS":8.874797536352,"CURRENT_ASSETS_TDAYS":1.569239831081,"TOTAL_ASSETS_TDAYS":0.775436211596,"PREMIUM_EXPENSE":null,"LOAN_DEPOSIT":null,"LOAN_EQUITY":null,"LOAN_ASSETS":null,"DEPOSIT_EQUITY":null,"DEPOSIT_ASSETS":null,"EQUITY_MULTIPLIER":48.332909747337,"EQUITY_RATIO":50.32977007651},{"SECUCODE":"01728.HK","SECURITY_CODE":"01728","SECURITY_NAME_ABBR":"正通汽车","ORG_CODE":"10156258","STD_REPORT_DATE":"2021-06-30 00:00:00","REPORT_DATE":"2021-06-30 00:00:00","DATE_TYPE_CODE":"002","REPORT_TYPE":"2021年中报","PER_NETCASH_OPERATE":-0.021886708532,"PER_OI":3.502270516919,"BPS":0.797378440061,"BASIC_EPS":-0.54,"DILUTED_EPS":-0.54,"OPERATE_INCOME":9612130000,"OPERATE_INCOME_YOY":8.2311295633,"GROSS_PROFIT":31353000,"GROSS_PROFIT_YOY":-97.044745900743,"HOLDER_PROFIT":-1455474000,"HOLDER_PROFIT_YOY":-6.5888540706,"GROSS_PROFIT_RATIO":0.32618160595,"EPS_TTM":-3.15866023306,"OPERATE_INCOME_QOQ":4.330426718966,"NET_PROFIT_RATIO":-15.7997759081,"ROE_AVG":-42.953899947351,"GROSS_PROFIT_QOQ":-19.901064029457,"ROA":-5.382709533154,"HOLDER_PROFIT_QOQ":-1.048722326079,"ROE_YEARLY":-85.907799894701,"ROIC_YEARLY":-11.615219952743,"TOTAL_ASSETS":26083651000,"TOTAL_LIABILITIES":22273248000,"TAX_EBT":1.884640965618,"OCF_SALES":-0.624929126011,"TOTAL_PARENT_EQUITY":2668818000,"DEBT_ASSET_RATIO":85.3916041125,"OPERATE_PROFIT":-762190000,"PRETAX_PROFIT":-1342643000,"NETCASH_OPERATE":-60069000,"NETCASH_INVEST":-3978000,"NETCASH_FINANCE":118908000,"END_CASH":544891000,"DIVI_RATIO":null,"DIVIDEND_RATE":null,"CURRENT_RATIO":0.712950465912,"COMMON_ACS":20000000000,"CURRENTDEBT_DEBT":77.989366436364,"ISSUED_COMMON_SHARES":3346990420,"HK_COMMON_SHARES":3346990420,"PER_SHARES":500,"TOTAL_MARKET_CAP":364821955.78,"HKSK_MARKET_CAP":364821955.78,"PE_TTM":-0.273032807474,"PB_TTM":-0.243460227883,"REPORT_DATE_SQ":"2020-06-30 00:00:00","REPORT_TYPE_SQ":"2020年中报","OPERATE_INCOME_SQ":8881114000,"DPS_HKD":null,"OPERATE_INCOME_QOQ_SQ":-23.306685103795,"NET_PROFIT_RATIO_SQ":-14.3203035133,"HOLDER_PROFIT_SQ":-1365503000,"HOLDER_PROFIT_QOQ_SQ":-276.714287005432,"ROE_AVG_SQ":-11.637177714057,"PE_TTM_SQ":-1.269199486219,"PB_TTM_SQ":-5.759692971329,"ROA_SQ":-3.170475317056,"START_DATE":"2021-01-01 00:00:00","FISCAL_YEAR":"12-31","CURRENCY":"HKD","IS_CNY_CODE":0,"DPS_HKD_LY":null,"ORG_TYPE":"一般企业","PREMIUM_INCOME":null,"PREMIUM_INCOME_YOY":null,"NET_INTEREST_INCOME":null,"NET_INTEREST_INCOME_YOY":null,"FEE_COMMISSION_INCOME":null,"FEE_COMMISSION_INCOME_YOY":null,"ACCOUNTS_RECE_TDAYS":8.933878851475,"INVENTORY_TDAYS":4.923585014501,"CURRENT_ASSETS_TDAYS":0.729859894157,"TOTAL_ASSETS_TDAYS":0.355480783476,"PREMIUM_EXPENSE":null,"LOAN_DEPOSIT":null,"LOAN_EQUITY":null,"LOAN_ASSETS":null,"DEPOSIT_EQUITY":null,"DEPOSIT_ASSETS":null,"EQUITY_MULTIPLIER":6.845378559707,"EQUITY_RATIO":8.345735078226},{"SECUCODE":"01728.HK","SECURITY_CODE":"01728","SECURITY_NAME_ABBR":"正通汽车","ORG_CODE":"10156258","STD_REPORT_DATE":"2020-12-31 00:00:00","REPORT_DATE":"2020-12-31 00:00:00","DATE_TYPE_CODE":"001","REPORT_TYPE":"2020年年报","PER_NETCASH_OPERATE":0.128354917767,"PER_OI":6.258121721093,"BPS":1.227399390047,"BASIC_EPS":-3.348,"DILUTED_EPS":-3.348,"OPERATE_INCOME":16880923000,"OPERATE_INCOME_YOY":-50.7244769666,"GROSS_PROFIT":-5173447000,"GROSS_PROFIT_YOY":-251.994576498257,"HOLDER_PROFIT":-8579106000,"HOLDER_PROFIT_YOY":-1392.3026171102,"GROSS_PROFIT_RATIO":-30.646706936582,"EPS_TTM":-3.180459362688,"OPERATE_INCOME_QOQ":-37.358206010396,"NET_PROFIT_RATIO":-50.8775734597,"ROE_AVG":-103.823285487756,"GROSS_PROFIT_QOQ":-272.628803061335,"ROA":-23.551526604736,"HOLDER_PROFIT_QOQ":-631.294927540556,"ROE_YEARLY":-103.823285487756,"ROIC_YEARLY":-25.453336146744,"TOTAL_ASSETS":27995953000,"TOTAL_LIABILITIES":22683053000,"TAX_EBT":17.151360608021,"OCF_SALES":2.051013442808,"TOTAL_PARENT_EQUITY":4108094000,"DEBT_ASSET_RATIO":81.0226142329,"OPERATE_PROFIT":-9340566000,"PRETAX_PROFIT":-10395426000,"NETCASH_OPERATE":346230000,"NETCASH_INVEST":22414000,"NETCASH_FINANCE":-1359266000,"END_CASH":490540000,"DIVI_RATIO":null,"DIVIDEND_RATE":null,"CURRENT_RATIO":0.800172784845,"COMMON_ACS":20000000000,"CURRENTDEBT_DEBT":76.886418243611,"ISSUED_COMMON_SHARES":3346990420,"HK_COMMON_SHARES":3346990420,"PER_SHARES":500,"TOTAL_MARKET_CAP":364821955.78,"HKSK_MARKET_CAP":364821955.78,"PE_TTM":-0.273032807474,"PB_TTM":-0.243460227883,"REPORT_DATE_SQ":"2019-12-31 00:00:00","REPORT_TYPE_SQ":"2019年年报","OPERATE_INCOME_SQ":34258232000,"DPS_HKD":null,"OPERATE_INCOME_QOQ_SQ":-2.714779674042,"NET_PROFIT_RATIO_SQ":2.1819952613,"HOLDER_PROFIT_SQ":663862000,"HOLDER_PROFIT_QOQ_SQ":-32.606947800134,"ROE_AVG_SQ":5.405702507953,"PE_TTM_SQ":-1.269199486219,"PB_TTM_SQ":-5.759692971329,"ROA_SQ":1.490866678123,"START_DATE":"2020-01-01 00:00:00","FISCAL_YEAR":"12-31","CURRENCY":"HKD","IS_CNY_CODE":0,"DPS_HKD_LY":null,"ORG_TYPE":"一般企业","PREMIUM_INCOME":null,"PREMIUM_INCOME_YOY":null,"NET_INTEREST_INCOME":null,"NET_INTEREST_INCOME_YOY":null,"FEE_COMMISSION_INCOME":null,"FEE_COMMISSION_INCOME_YOY":null,"ACCOUNTS_RECE_TDAYS":13.563522707414,"INVENTORY_TDAYS":8.346236214882,"CURRENT_ASSETS_TDAYS":0.886352275942,"TOTAL_ASSETS_TDAYS":0.463418341197,"PREMIUM_EXPENSE":null,"LOAN_DEPOSIT":null,"LOAN_EQUITY":null,"LOAN_ASSETS":null,"DEPOSIT_EQUITY":null,"DEPOSIT_ASSETS":null,"EQUITY_MULTIPLIER":5.269429690014,"EQUITY_RATIO":5.521551600329},{"SECUCODE":"01728.HK","SECURITY_CODE":"01728","SECURITY_NAME_ABBR":"正通汽车","ORG_CODE":"10156258","STD_REPORT_DATE":"2020-06-30 00:00:00","REPORT_DATE":"2020-06-30 00:00:00","DATE_TYPE_CODE":"002","REPORT_TYPE":"2020年中报","PER_NETCASH_OPERATE":0.232118204121,"PER_OI":3.621662199518,"BPS":3.301375747589,"BASIC_EPS":-0.557,"DILUTED_EPS":-0.557,"OPERATE_INCOME":8881114000,"OPERATE_INCOME_YOY":-46.983302033,"GROSS_PROFIT":1060924000,"GROSS_PROFIT_YOY":-48.281945498623,"HOLDER_PROFIT":-1365503000,"HOLDER_PROFIT_YOY":-389.6094999343,"GROSS_PROFIT_RATIO":13.308357978641,"EPS_TTM":-0.478398675108,"OPERATE_INCOME_QOQ":-23.306685103795,"NET_PROFIT_RATIO":-14.3203035133,"ROE_AVG":-11.637177714057,"GROSS_PROFIT_QOQ":-21.514892560542,"ROA":-3.170475317056,"HOLDER_PROFIT_QOQ":-276.714287005432,"ROE_YEARLY":-23.274355428114,"ROIC_YEARLY":-6.829332285321,"TOTAL_ASSETS":41280719000,"TOTAL_LIABILITIES":28974594000,"TAX_EBT":5.288414494114,"OCF_SALES":6.159487334314,"TOTAL_PARENT_EQUITY":11049673000,"DEBT_ASSET_RATIO":70.1891699125,"OPERATE_PROFIT":-991155000,"PRETAX_PROFIT":-1502265000,"NETCASH_OPERATE":569205000,"NETCASH_INVEST":-392149000,"NETCASH_FINANCE":-888607000,"END_CASH":791171000,"DIVI_RATIO":null,"DIVIDEND_RATE":null,"CURRENT_RATIO":1.028719653988,"COMMON_ACS":20000000000,"CURRENTDEBT_DEBT":78.647793994974,"ISSUED_COMMON_SHARES":3346990420,"HK_COMMON_SHARES":3346990420,"PER_SHARES":500,"TOTAL_MARKET_CAP":364821955.78,"HKSK_MARKET_CAP":364821955.78,"PE_TTM":-0.273032807474,"PB_TTM":-0.243460227883,"REPORT_DATE_SQ":"2019-06-30 00:00:00","REPORT_TYPE_SQ":"2019年中报","OPERATE_INCOME_SQ":17430565000,"DPS_HKD":null,"OPERATE_INCOME_QOQ_SQ":-3.570056848779,"NET_PROFIT_RATIO_SQ":2.9812401377,"HOLDER_PROFIT_SQ":471498000,"HOLDER_PROFIT_QOQ_SQ":-19.525515393382,"ROE_AVG_SQ":3.834108052779,"PE_TTM_SQ":-1.269199486219,"PB_TTM_SQ":-5.759692971329,"ROA_SQ":1.017024688018,"START_DATE":"2020-01-01 00:00:00","FISCAL_YEAR":"12-31","CURRENCY":"HKD","IS_CNY_CODE":0,"DPS_HKD_LY":null,"ORG_TYPE":"一般企业","PREMIUM_INCOME":null,"PREMIUM_INCOME_YOY":null,"NET_INTEREST_INCOME":null,"NET_INTEREST_INCOME_YOY":null,"FEE_COMMISSION_INCOME":null,"FEE_COMMISSION_INCOME_YOY":null,"ACCOUNTS_RECE_TDAYS":6.991505756247,"INVENTORY_TDAYS":2.237333387326,"CURRENT_ASSETS_TDAYS":0.388461865698,"TOTAL_ASSETS_TDAYS":0.214563506321,"PREMIUM_EXPENSE":null,"LOAN_DEPOSIT":null,"LOAN_EQUITY":null,"LOAN_ASSETS":null,"DEPOSIT_EQUITY":null,"DEPOSIT_ASSETS":null,"EQUITY_MULTIPLIER":3.354485591528,"EQUITY_RATIO":2.622212802135}],"count":33},"success":true,"message":"ok","code":0}