{"version":"75d2bc90c20dc0f65171425275d88bcc","result":{"pages":2,"data":[{"SECUCODE":"01725.HK","SECURITY_CODE":"01725","SECURITY_NAME_ABBR":"洲际航天科技","ORG_CODE":"10917495","STD_REPORT_DATE":"2024-06-30 00:00:00","REPORT_DATE":"2024-06-30 00:00:00","DATE_TYPE_CODE":"002","REPORT_TYPE":"2024年中报","PER_NETCASH_OPERATE":-0.040275198449,"PER_OI":0.380149185662,"BPS":0.381128564457,"BASIC_EPS":-0.218,"DILUTED_EPS":-0.218,"OPERATE_INCOME":148038000,"OPERATE_INCOME_YOY":-12.7545968883,"GROSS_PROFIT":15797000,"GROSS_PROFIT_YOY":23.26960593055,"HOLDER_PROFIT":-71637000,"HOLDER_PROFIT_YOY":17.9350005155,"GROSS_PROFIT_RATIO":10.670908820708,"EPS_TTM":-0.501989107926,"OPERATE_INCOME_QOQ":-3.646454639196,"NET_PROFIT_RATIO":-58.3620421784,"ROE_AVG":-39.098257314857,"GROSS_PROFIT_QOQ":4.608323417144,"ROA":-6.30544950434,"HOLDER_PROFIT_QOQ":7.414950199156,"ROE_YEARLY":-78.196514629714,"ROIC_YEARLY":-13.470095755633,"TOTAL_ASSETS":1117342000,"TOTAL_LIABILITIES":910938000,"TAX_EBT":-0.175176646249,"OCF_SALES":-10.59457706805,"TOTAL_PARENT_EQUITY":192117000,"DEBT_ASSET_RATIO":81.5272315907,"OPERATE_PROFIT":-76183000,"PRETAX_PROFIT":-85057000,"NETCASH_OPERATE":-15684000,"NETCASH_INVEST":-23534000,"NETCASH_FINANCE":5425000,"END_CASH":31375000,"DIVI_RATIO":null,"DIVIDEND_RATE":null,"CURRENT_RATIO":0.49770321687,"COMMON_ACS":8000000000,"CURRENTDEBT_DEBT":79.890947572722,"ISSUED_COMMON_SHARES":504074000,"HK_COMMON_SHARES":504074000,"PER_SHARES":200,"TOTAL_MARKET_CAP":504074000,"HKSK_MARKET_CAP":504074000,"PE_TTM":-2.325045534681,"PB_TTM":2.394677505478,"REPORT_DATE_SQ":"2023-06-30 00:00:00","REPORT_TYPE_SQ":"2023年中报","OPERATE_INCOME_SQ":169680000,"DPS_HKD":null,"OPERATE_INCOME_QOQ_SQ":-13.851521484596,"NET_PROFIT_RATIO_SQ":-36.9190558561,"HOLDER_PROFIT_SQ":-87293000,"HOLDER_PROFIT_QOQ_SQ":-26.364638019314,"ROE_AVG_SQ":-43.073089496083,"PE_TTM_SQ":-3.051615467725,"PB_TTM_SQ":3.756791620342,"ROA_SQ":-7.474336481711,"START_DATE":"2024-01-01 00:00:00","FISCAL_YEAR":"12-31","CURRENCY":"HKD","IS_CNY_CODE":0,"DPS_HKD_LY":null,"ORG_TYPE":"一般企业","PREMIUM_INCOME":null,"PREMIUM_INCOME_YOY":null,"NET_INTEREST_INCOME":null,"NET_INTEREST_INCOME_YOY":null,"FEE_COMMISSION_INCOME":null,"FEE_COMMISSION_INCOME_YOY":null,"ACCOUNTS_RECE_TDAYS":1.163953438088,"INVENTORY_TDAYS":1.59008489046,"CURRENT_ASSETS_TDAYS":0.389932832872,"TOTAL_ASSETS_TDAYS":0.130302236794,"PREMIUM_EXPENSE":null,"LOAN_DEPOSIT":null,"LOAN_EQUITY":null,"LOAN_ASSETS":null,"DEPOSIT_EQUITY":null,"DEPOSIT_ASSETS":null,"EQUITY_MULTIPLIER":5.41337377183,"EQUITY_RATIO":4.741579350084},{"SECUCODE":"01725.HK","SECURITY_CODE":"01725","SECURITY_NAME_ABBR":"洲际航天科技","ORG_CODE":"10917495","STD_REPORT_DATE":"2023-12-31 00:00:00","REPORT_DATE":"2023-12-31 00:00:00","DATE_TYPE_CODE":"001","REPORT_TYPE":"2023年年报","PER_NETCASH_OPERATE":-0.421307397033,"PER_OI":1.881895301445,"BPS":0.345840094907,"BASIC_EPS":-0.6819,"DILUTED_EPS":-0.6819,"OPERATE_INCOME":593508000,"OPERATE_INCOME_YOY":-6.5977161994,"GROSS_PROFIT":64709000,"GROSS_PROFIT_YOY":148.479379463943,"HOLDER_PROFIT":-211141000,"HOLDER_PROFIT_YOY":-36.8468468468,"GROSS_PROFIT_RATIO":10.902801647156,"EPS_TTM":-0.669485930842,"OPERATE_INCOME_QOQ":8.420120018633,"NET_PROFIT_RATIO":-37.5363095358,"ROE_AVG":-100.492608492856,"GROSS_PROFIT_QOQ":426.389001870983,"ROA":-17.726302286006,"HOLDER_PROFIT_QOQ":-8.295207418653,"ROE_YEARLY":-100.492608492856,"ROIC_YEARLY":-18.840906900626,"TOTAL_ASSETS":1154883000,"TOTAL_LIABILITIES":951506000,"TAX_EBT":1.722213644485,"OCF_SALES":-22.387398316451,"TOTAL_PARENT_EQUITY":174329000,"DEBT_ASSET_RATIO":82.389817843,"OPERATE_PROFIT":-207441000,"PRETAX_PROFIT":-226685000,"NETCASH_OPERATE":-132871000,"NETCASH_INVEST":-120413000,"NETCASH_FINANCE":279987000,"END_CASH":70225000,"DIVI_RATIO":null,"DIVIDEND_RATE":null,"CURRENT_RATIO":0.539221557293,"COMMON_ACS":8000000000,"CURRENTDEBT_DEBT":77.395097876419,"ISSUED_COMMON_SHARES":504074000,"HK_COMMON_SHARES":504074000,"PER_SHARES":200,"TOTAL_MARKET_CAP":609929540,"HKSK_MARKET_CAP":609929540,"PE_TTM":-2.813305096964,"PB_TTM":2.897559781629,"REPORT_DATE_SQ":"2022-12-31 00:00:00","REPORT_TYPE_SQ":"2022年年报","OPERATE_INCOME_SQ":635432000,"DPS_HKD":null,"OPERATE_INCOME_QOQ_SQ":-11.283118812365,"NET_PROFIT_RATIO_SQ":-24.28127636,"HOLDER_PROFIT_SQ":-154290000,"HOLDER_PROFIT_QOQ_SQ":-61.470597469467,"ROE_AVG_SQ":-48.410325276973,"PE_TTM_SQ":-5.267312882624,"PB_TTM_SQ":6.484498819871,"ROA_SQ":-14.229049985659,"START_DATE":"2023-01-01 00:00:00","FISCAL_YEAR":"12-31","CURRENCY":"HKD","IS_CNY_CODE":0,"DPS_HKD_LY":null,"ORG_TYPE":"一般企业","PREMIUM_INCOME":null,"PREMIUM_INCOME_YOY":null,"NET_INTEREST_INCOME":null,"NET_INTEREST_INCOME_YOY":null,"FEE_COMMISSION_INCOME":null,"FEE_COMMISSION_INCOME_YOY":null,"ACCOUNTS_RECE_TDAYS":4.140546461049,"INVENTORY_TDAYS":4.483152116318,"CURRENT_ASSETS_TDAYS":1.252102808175,"TOTAL_ASSETS_TDAYS":0.498278506645,"PREMIUM_EXPENSE":null,"LOAN_DEPOSIT":null,"LOAN_EQUITY":null,"LOAN_ASSETS":null,"DEPOSIT_EQUITY":null,"DEPOSIT_ASSETS":null,"EQUITY_MULTIPLIER":5.678532970782,"EQUITY_RATIO":5.458105077182},{"SECUCODE":"01725.HK","SECURITY_CODE":"01725","SECURITY_NAME_ABBR":"洲际航天科技","ORG_CODE":"10917495","STD_REPORT_DATE":"2023-06-30 00:00:00","REPORT_DATE":"2023-06-30 00:00:00","DATE_TYPE_CODE":"002","REPORT_TYPE":"2023年中报","PER_NETCASH_OPERATE":-0.202970873786,"PER_OI":0.549126213592,"BPS":0.316306732742,"BASIC_EPS":-0.2825,"DILUTED_EPS":-0.2825,"OPERATE_INCOME":169680000,"OPERATE_INCOME_YOY":-27.1268923517,"GROSS_PROFIT":12815000,"GROSS_PROFIT_YOY":-58.782284262327,"HOLDER_PROFIT":-87293000,"HOLDER_PROFIT_YOY":-87.2637563016,"GROSS_PROFIT_RATIO":7.33441320888,"EPS_TTM":-0.630964401294,"OPERATE_INCOME_QOQ":-13.851521484596,"NET_PROFIT_RATIO":-36.9190558561,"ROE_AVG":-43.073089496083,"GROSS_PROFIT_QOQ":-52.795484217802,"ROA":-7.474336481711,"HOLDER_PROFIT_QOQ":-26.364638019314,"ROE_YEARLY":-86.146178992167,"ROIC_YEARLY":-15.4832404427,"TOTAL_ASSETS":1108455000,"TOTAL_LIABILITIES":949014000,"TAX_EBT":-4.149461055172,"OCF_SALES":-26.525183233452,"TOTAL_PARENT_EQUITY":159442000,"DEBT_ASSET_RATIO":85.6159248684,"OPERATE_PROFIT":-74897000,"PRETAX_PROFIT":-84517000,"NETCASH_OPERATE":-62718000,"NETCASH_INVEST":-24136000,"NETCASH_FINANCE":87298000,"END_CASH":38989000,"DIVI_RATIO":null,"DIVIDEND_RATE":null,"CURRENT_RATIO":0.491144466929,"COMMON_ACS":8000000000,"CURRENTDEBT_DEBT":74.827241747751,"ISSUED_COMMON_SHARES":504074000,"HK_COMMON_SHARES":504074000,"PER_SHARES":200,"TOTAL_MARKET_CAP":609929540,"HKSK_MARKET_CAP":609929540,"PE_TTM":-2.813305096964,"PB_TTM":2.897559781629,"REPORT_DATE_SQ":"2022-06-30 00:00:00","REPORT_TYPE_SQ":"2022年中报","OPERATE_INCOME_SQ":324464000,"DPS_HKD":null,"OPERATE_INCOME_QOQ_SQ":10.152868984821,"NET_PROFIT_RATIO_SQ":-14.3667710439,"HOLDER_PROFIT_SQ":-46615000,"HOLDER_PROFIT_QOQ_SQ":-80.033914272256,"ROE_AVG_SQ":-12.564977903806,"PE_TTM_SQ":-5.267312882624,"PB_TTM_SQ":6.484498819871,"ROA_SQ":-4.329289783796,"START_DATE":"2023-01-01 00:00:00","FISCAL_YEAR":"12-31","CURRENCY":"HKD","IS_CNY_CODE":0,"DPS_HKD_LY":null,"ORG_TYPE":"一般企业","PREMIUM_INCOME":null,"PREMIUM_INCOME_YOY":null,"NET_INTEREST_INCOME":null,"NET_INTEREST_INCOME_YOY":null,"FEE_COMMISSION_INCOME":null,"FEE_COMMISSION_INCOME_YOY":null,"ACCOUNTS_RECE_TDAYS":1.312393408642,"INVENTORY_TDAYS":1.859808760679,"CURRENT_ASSETS_TDAYS":0.525614734738,"TOTAL_ASSETS_TDAYS":0.202454313415,"PREMIUM_EXPENSE":null,"LOAN_DEPOSIT":null,"LOAN_EQUITY":null,"LOAN_ASSETS":null,"DEPOSIT_EQUITY":null,"DEPOSIT_ASSETS":null,"EQUITY_MULTIPLIER":6.952132763845,"EQUITY_RATIO":5.952095432822},{"SECUCODE":"01725.HK","SECURITY_CODE":"01725","SECURITY_NAME_ABBR":"洲际航天科技","ORG_CODE":"10917495","STD_REPORT_DATE":"2022-12-31 00:00:00","REPORT_DATE":"2022-12-31 00:00:00","DATE_TYPE_CODE":"001","REPORT_TYPE":"2022年年报","PER_NETCASH_OPERATE":-0.301064724919,"PER_OI":2.056414239482,"BPS":0.487791475061,"BASIC_EPS":-0.4993,"DILUTED_EPS":-0.4993,"OPERATE_INCOME":635432000,"OPERATE_INCOME_YOY":-2.275810098,"GROSS_PROFIT":26042000,"GROSS_PROFIT_YOY":-29.836189244531,"HOLDER_PROFIT":-154290000,"HOLDER_PROFIT_YOY":-190.7018370231,"GROSS_PROFIT_RATIO":4.098314217729,"EPS_TTM":-0.49932038835,"OPERATE_INCOME_QOQ":-11.283118812365,"NET_PROFIT_RATIO":-24.28127636,"ROE_AVG":-48.410325276973,"GROSS_PROFIT_QOQ":-51.646025586275,"ROA":-14.229049985659,"HOLDER_PROFIT_QOQ":-61.470597469467,"ROE_YEARLY":-48.410325276973,"ROIC_YEARLY":-15.160410585856,"TOTAL_ASSETS":1227351000,"TOTAL_LIABILITIES":981469000,"TAX_EBT":-0.856315490159,"OCF_SALES":-14.640276221531,"TOTAL_PARENT_EQUITY":245883000,"DEBT_ASSET_RATIO":79.9664480658,"OPERATE_PROFIT":-140842000,"PRETAX_PROFIT":-152981000,"NETCASH_OPERATE":-93029000,"NETCASH_INVEST":-194007000,"NETCASH_FINANCE":232799000,"END_CASH":41471000,"DIVI_RATIO":null,"DIVIDEND_RATE":null,"CURRENT_RATIO":0.884887880204,"COMMON_ACS":8000000000,"CURRENTDEBT_DEBT":63.434810472873,"ISSUED_COMMON_SHARES":504074000,"HK_COMMON_SHARES":504074000,"PER_SHARES":200,"TOTAL_MARKET_CAP":609929540,"HKSK_MARKET_CAP":609929540,"PE_TTM":-2.813305096964,"PB_TTM":2.897559781629,"REPORT_DATE_SQ":"2021-12-31 00:00:00","REPORT_TYPE_SQ":"2021年年报","OPERATE_INCOME_SQ":650230000,"DPS_HKD":null,"OPERATE_INCOME_QOQ_SQ":27.24259123002,"NET_PROFIT_RATIO_SQ":-8.1624963474,"HOLDER_PROFIT_SQ":-53075000,"HOLDER_PROFIT_QOQ_SQ":-520.362743545066,"ROE_AVG_SQ":-16.538570001854,"PE_TTM_SQ":-5.267312882624,"PB_TTM_SQ":6.484498819871,"ROA_SQ":-6.997021898734,"START_DATE":"2022-01-01 00:00:00","FISCAL_YEAR":"12-31","CURRENCY":"HKD","IS_CNY_CODE":0,"DPS_HKD_LY":null,"ORG_TYPE":"一般企业","PREMIUM_INCOME":null,"PREMIUM_INCOME_YOY":null,"NET_INTEREST_INCOME":null,"NET_INTEREST_INCOME_YOY":null,"FEE_COMMISSION_INCOME":null,"FEE_COMMISSION_INCOME_YOY":null,"ACCOUNTS_RECE_TDAYS":4.773036779977,"INVENTORY_TDAYS":4.186377219799,"CURRENT_ASSETS_TDAYS":1.212233132322,"TOTAL_ASSETS_TDAYS":0.586012942542,"PREMIUM_EXPENSE":null,"LOAN_DEPOSIT":null,"LOAN_EQUITY":null,"LOAN_ASSETS":null,"DEPOSIT_EQUITY":null,"DEPOSIT_ASSETS":null,"EQUITY_MULTIPLIER":4.991626064537,"EQUITY_RATIO":3.991609830692},{"SECUCODE":"01725.HK","SECURITY_CODE":"01725","SECURITY_NAME_ABBR":"洲际航天科技","ORG_CODE":"10917495","STD_REPORT_DATE":"2022-06-30 00:00:00","REPORT_DATE":"2022-06-30 00:00:00","DATE_TYPE_CODE":"002","REPORT_TYPE":"2022年中报","PER_NETCASH_OPERATE":-0.293385113269,"PER_OI":1.050045307443,"BPS":0.695215385043,"BASIC_EPS":-0.1509,"DILUTED_EPS":-0.1509,"OPERATE_INCOME":324464000,"OPERATE_INCOME_YOY":25.5437285014,"GROSS_PROFIT":31091000,"GROSS_PROFIT_YOY":116.662020905923,"HOLDER_PROFIT":-46615000,"HOLDER_PROFIT_YOY":-1026.7826927725,"GROSS_PROFIT_RATIO":9.582264904581,"EPS_TTM":-0.309233009709,"OPERATE_INCOME_QOQ":10.152868984821,"NET_PROFIT_RATIO":-14.3667710439,"ROE_AVG":-12.564977903806,"GROSS_PROFIT_QOQ":45.104537126846,"ROA":-4.329289783796,"HOLDER_PROFIT_QOQ":-80.033914272256,"ROE_YEARLY":-25.129955807613,"ROIC_YEARLY":-9.512153937117,"TOTAL_ASSETS":1212160000,"TOTAL_LIABILITIES":861720000,"TAX_EBT":-2.886971108217,"OCF_SALES":-27.940233739336,"TOTAL_PARENT_EQUITY":350440000,"DEBT_ASSET_RATIO":71.089625132,"OPERATE_PROFIT":-44458000,"PRETAX_PROFIT":-45307000,"NETCASH_OPERATE":-90656000,"NETCASH_INVEST":-94031000,"NETCASH_FINANCE":195770000,"END_CASH":101483000,"DIVI_RATIO":null,"DIVIDEND_RATE":null,"CURRENT_RATIO":1.068914798361,"COMMON_ACS":8000000000,"CURRENTDEBT_DEBT":53.966253539433,"ISSUED_COMMON_SHARES":504074000,"HK_COMMON_SHARES":504074000,"PER_SHARES":200,"TOTAL_MARKET_CAP":609929540,"HKSK_MARKET_CAP":609929540,"PE_TTM":-2.813305096964,"PB_TTM":2.897559781629,"REPORT_DATE_SQ":"2021-06-30 00:00:00","REPORT_TYPE_SQ":"2021年中报","OPERATE_INCOME_SQ":258447000,"DPS_HKD":null,"OPERATE_INCOME_QOQ_SQ":-6.719116506184,"NET_PROFIT_RATIO_SQ":-1.6007150402,"HOLDER_PROFIT_SQ":-4137000,"HOLDER_PROFIT_QOQ_SQ":-27.114241182243,"ROE_AVG_SQ":-1.664433742502,"PE_TTM_SQ":-5.267312882624,"PB_TTM_SQ":6.484498819871,"ROA_SQ":-0.653924336355,"START_DATE":"2022-01-01 00:00:00","FISCAL_YEAR":"12-31","CURRENCY":"HKD","IS_CNY_CODE":0,"DPS_HKD_LY":null,"ORG_TYPE":"一般企业","PREMIUM_INCOME":null,"PREMIUM_INCOME_YOY":null,"NET_INTEREST_INCOME":null,"NET_INTEREST_INCOME_YOY":null,"FEE_COMMISSION_INCOME":null,"FEE_COMMISSION_INCOME_YOY":null,"ACCOUNTS_RECE_TDAYS":2.343758013544,"INVENTORY_TDAYS":1.81415280728,"CURRENT_ASSETS_TDAYS":0.652499127726,"TOTAL_ASSETS_TDAYS":0.301340487056,"PREMIUM_EXPENSE":null,"LOAN_DEPOSIT":null,"LOAN_EQUITY":null,"LOAN_ASSETS":null,"DEPOSIT_EQUITY":null,"DEPOSIT_ASSETS":null,"EQUITY_MULTIPLIER":3.458965871476,"EQUITY_RATIO":2.458965871476},{"SECUCODE":"01725.HK","SECURITY_CODE":"01725","SECURITY_NAME_ABBR":"洲际航天科技","ORG_CODE":"10917495","STD_REPORT_DATE":"2021-12-31 00:00:00","REPORT_DATE":"2021-12-31 00:00:00","DATE_TYPE_CODE":"001","REPORT_TYPE":"2021年年报","PER_NETCASH_OPERATE":-0.572313915858,"PER_OI":2.10430420712,"BPS":0.776756984094,"BASIC_EPS":-0.176,"DILUTED_EPS":-0.176,"OPERATE_INCOME":650230000,"OPERATE_INCOME_YOY":18.6930132798,"GROSS_PROFIT":37116000,"GROSS_PROFIT_YOY":-25.160301649393,"HOLDER_PROFIT":-53075000,"HOLDER_PROFIT_YOY":-406.38457542,"GROSS_PROFIT_RATIO":5.708134044876,"EPS_TTM":-0.171763754045,"OPERATE_INCOME_QOQ":27.24259123002,"NET_PROFIT_RATIO":-8.1624963474,"ROE_AVG":-16.538570001854,"GROSS_PROFIT_QOQ":-24.425802247923,"ROA":-6.997021898734,"HOLDER_PROFIT_QOQ":-520.362743545066,"ROE_YEARLY":-16.538570001854,"ROIC_YEARLY":-8.51580337359,"TOTAL_ASSETS":941311000,"TOTAL_LIABILITIES":549768000,"TAX_EBT":-13.028941371893,"OCF_SALES":-27.197299417129,"TOTAL_PARENT_EQUITY":391543000,"DEBT_ASSET_RATIO":58.4045018065,"OPERATE_PROFIT":-46261000,"PRETAX_PROFIT":-46957000,"NETCASH_OPERATE":-176845000,"NETCASH_INVEST":-273611000,"NETCASH_FINANCE":362212000,"END_CASH":91433000,"DIVI_RATIO":null,"DIVIDEND_RATE":null,"CURRENT_RATIO":1.12583457435,"COMMON_ACS":8000000000,"CURRENTDEBT_DEBT":80.368810116267,"ISSUED_COMMON_SHARES":504074000,"HK_COMMON_SHARES":504074000,"PER_SHARES":200,"TOTAL_MARKET_CAP":609929540,"HKSK_MARKET_CAP":609929540,"PE_TTM":-2.813305096964,"PB_TTM":2.897559781629,"REPORT_DATE_SQ":"2020-12-31 00:00:00","REPORT_TYPE_SQ":"2020年年报","OPERATE_INCOME_SQ":547825000,"DPS_HKD":null,"OPERATE_INCOME_QOQ_SQ":-3.834507406933,"NET_PROFIT_RATIO_SQ":3.1621411947,"HOLDER_PROFIT_SQ":17323000,"HOLDER_PROFIT_QOQ_SQ":113.495193492729,"ROE_AVG_SQ":7.121904491737,"PE_TTM_SQ":-5.267312882624,"PB_TTM_SQ":6.484498819871,"ROA_SQ":3.395628003983,"START_DATE":"2021-01-01 00:00:00","FISCAL_YEAR":"12-31","CURRENCY":"HKD","IS_CNY_CODE":0,"DPS_HKD_LY":null,"ORG_TYPE":"一般企业","PREMIUM_INCOME":null,"PREMIUM_INCOME_YOY":null,"NET_INTEREST_INCOME":null,"NET_INTEREST_INCOME_YOY":null,"FEE_COMMISSION_INCOME":null,"FEE_COMMISSION_INCOME_YOY":null,"ACCOUNTS_RECE_TDAYS":5.299024102031,"INVENTORY_TDAYS":5.0574653859,"CURRENT_ASSETS_TDAYS":1.393991235969,"TOTAL_ASSETS_TDAYS":0.857215930139,"PREMIUM_EXPENSE":null,"LOAN_DEPOSIT":null,"LOAN_EQUITY":null,"LOAN_ASSETS":null,"DEPOSIT_EQUITY":null,"DEPOSIT_ASSETS":null,"EQUITY_MULTIPLIER":2.404106317823,"EQUITY_RATIO":1.404106317825},{"SECUCODE":"01725.HK","SECURITY_CODE":"01725","SECURITY_NAME_ABBR":"洲际航天科技","ORG_CODE":"10917495","STD_REPORT_DATE":"2021-06-30 00:00:00","REPORT_DATE":"2021-06-30 00:00:00","DATE_TYPE_CODE":"002","REPORT_TYPE":"2021年中报","PER_NETCASH_OPERATE":-0.223786666667,"PER_OI":0.86149,"BPS":0.489642393776,"BASIC_EPS":-0.01379,"DILUTED_EPS":-0.01379,"OPERATE_INCOME":258447000,"OPERATE_INCOME_YOY":-12.4668084645,"GROSS_PROFIT":14350000,"GROSS_PROFIT_YOY":-3.249730312837,"HOLDER_PROFIT":-4137000,"HOLDER_PROFIT_YOY":-838.75,"GROSS_PROFIT_RATIO":5.552395655589,"EPS_TTM":0.042086666667,"OPERATE_INCOME_QOQ":-6.719116506184,"NET_PROFIT_RATIO":-1.6007150402,"ROE_AVG":-1.664433742502,"GROSS_PROFIT_QOQ":-0.9718917611,"ROA":-0.653924336355,"HOLDER_PROFIT_QOQ":-27.114241182243,"ROE_YEARLY":-3.328867485003,"ROIC_YEARLY":-1.658234203034,"TOTAL_ASSETS":689521000,"TOTAL_LIABILITIES":442705000,"TAX_EBT":-4.973357015986,"OCF_SALES":-25.976699284573,"TOTAL_PARENT_EQUITY":246816000,"DEBT_ASSET_RATIO":64.2047160275,"OPERATE_PROFIT":-3885000,"PRETAX_PROFIT":-3941000,"NETCASH_OPERATE":-67136000,"NETCASH_INVEST":-58467000,"NETCASH_FINANCE":35477000,"END_CASH":88220000,"DIVI_RATIO":null,"DIVIDEND_RATE":null,"CURRENT_RATIO":1.27388550961,"COMMON_ACS":8000000000,"CURRENTDEBT_DEBT":81.28957206266,"ISSUED_COMMON_SHARES":504074000,"HK_COMMON_SHARES":504074000,"PER_SHARES":200,"TOTAL_MARKET_CAP":609929540,"HKSK_MARKET_CAP":609929540,"PE_TTM":-2.813305096964,"PB_TTM":2.897559781629,"REPORT_DATE_SQ":"2020-06-30 00:00:00","REPORT_TYPE_SQ":"2020年中报","OPERATE_INCOME_SQ":295256000,"DPS_HKD":null,"OPERATE_INCOME_QOQ_SQ":4.272914473985,"NET_PROFIT_RATIO_SQ":0.189665917,"HOLDER_PROFIT_SQ":560000,"HOLDER_PROFIT_QOQ_SQ":-68.126644930667,"ROE_AVG_SQ":0.23609415941,"PE_TTM_SQ":-5.267312882624,"PB_TTM_SQ":6.484498819871,"ROA_SQ":0.107405926314,"START_DATE":"2021-01-01 00:00:00","FISCAL_YEAR":"12-31","CURRENCY":"HKD","IS_CNY_CODE":0,"DPS_HKD_LY":null,"ORG_TYPE":"一般企业","PREMIUM_INCOME":null,"PREMIUM_INCOME_YOY":null,"NET_INTEREST_INCOME":null,"NET_INTEREST_INCOME_YOY":null,"FEE_COMMISSION_INCOME":null,"FEE_COMMISSION_INCOME_YOY":null,"ACCOUNTS_RECE_TDAYS":1.917938442701,"INVENTORY_TDAYS":2.375836443891,"CURRENT_ASSETS_TDAYS":0.578245888802,"TOTAL_ASSETS_TDAYS":0.408520142513,"PREMIUM_EXPENSE":null,"LOAN_DEPOSIT":null,"LOAN_EQUITY":null,"LOAN_ASSETS":null,"DEPOSIT_EQUITY":null,"DEPOSIT_ASSETS":null,"EQUITY_MULTIPLIER":2.793664106054,"EQUITY_RATIO":1.793664106055},{"SECUCODE":"01725.HK","SECURITY_CODE":"01725","SECURITY_NAME_ABBR":"洲际航天科技","ORG_CODE":"10917495","STD_REPORT_DATE":"2020-12-31 00:00:00","REPORT_DATE":"2020-12-31 00:00:00","DATE_TYPE_CODE":"001","REPORT_TYPE":"2020年年报","PER_NETCASH_OPERATE":0.311613333333,"PER_OI":1.826083333333,"BPS":0.49653423902,"BASIC_EPS":0.0577,"DILUTED_EPS":0.0577,"OPERATE_INCOME":547825000,"OPERATE_INCOME_YOY":0.2745618451,"GROSS_PROFIT":49594000,"GROSS_PROFIT_YOY":-17.997982770879,"HOLDER_PROFIT":17323000,"HOLDER_PROFIT_YOY":-31.9519189221,"GROSS_PROFIT_RATIO":9.052890977958,"EPS_TTM":0.057743333333,"OPERATE_INCOME_QOQ":-3.834507406933,"NET_PROFIT_RATIO":3.1621411947,"ROE_AVG":7.121904491737,"GROSS_PROFIT_QOQ":20.327057453416,"ROA":3.395628003983,"HOLDER_PROFIT_QOQ":113.495193492729,"ROE_YEARLY":7.121904491737,"ROIC_YEARLY":4.783535558268,"TOTAL_ASSETS":575763000,"TOTAL_LIABILITIES":325473000,"TAX_EBT":14.778373591775,"OCF_SALES":17.064573540821,"TOTAL_PARENT_EQUITY":250290000,"DEBT_ASSET_RATIO":56.5289884901,"OPERATE_PROFIT":20445000,"PRETAX_PROFIT":20327000,"NETCASH_OPERATE":93484000,"NETCASH_INVEST":-22289000,"NETCASH_FINANCE":3147000,"END_CASH":178904000,"DIVI_RATIO":null,"DIVIDEND_RATE":null,"CURRENT_RATIO":1.483978149078,"COMMON_ACS":8000000000,"CURRENTDEBT_DEBT":90.158937914973,"ISSUED_COMMON_SHARES":504074000,"HK_COMMON_SHARES":504074000,"PER_SHARES":200,"TOTAL_MARKET_CAP":609929540,"HKSK_MARKET_CAP":609929540,"PE_TTM":-2.813305096964,"PB_TTM":2.897559781629,"REPORT_DATE_SQ":"2019-12-31 00:00:00","REPORT_TYPE_SQ":"2019年年报","OPERATE_INCOME_SQ":546325000,"DPS_HKD":null,"OPERATE_INCOME_QOQ_SQ":-1.36187683708,"NET_PROFIT_RATIO_SQ":4.6596805931,"HOLDER_PROFIT_SQ":25457000,"HOLDER_PROFIT_QOQ_SQ":20.746573068349,"ROE_AVG_SQ":11.429225630343,"PE_TTM_SQ":-5.267312882624,"PB_TTM_SQ":6.484498819871,"ROA_SQ":6.200079641201,"START_DATE":"2020-01-01 00:00:00","FISCAL_YEAR":"12-31","CURRENCY":"HKD","IS_CNY_CODE":0,"DPS_HKD_LY":null,"ORG_TYPE":"一般企业","PREMIUM_INCOME":null,"PREMIUM_INCOME_YOY":null,"NET_INTEREST_INCOME":null,"NET_INTEREST_INCOME_YOY":null,"FEE_COMMISSION_INCOME":null,"FEE_COMMISSION_INCOME_YOY":null,"ACCOUNTS_RECE_TDAYS":4.207452180625,"INVENTORY_TDAYS":7.489098493104,"CURRENT_ASSETS_TDAYS":1.377997567611,"TOTAL_ASSETS_TDAYS":1.073838198512,"PREMIUM_EXPENSE":null,"LOAN_DEPOSIT":null,"LOAN_EQUITY":null,"LOAN_ASSETS":null,"DEPOSIT_EQUITY":null,"DEPOSIT_ASSETS":null,"EQUITY_MULTIPLIER":2.300383555078,"EQUITY_RATIO":1.300383555076},{"SECUCODE":"01725.HK","SECURITY_CODE":"01725","SECURITY_NAME_ABBR":"洲际航天科技","ORG_CODE":"10917495","STD_REPORT_DATE":"2020-06-30 00:00:00","REPORT_DATE":"2020-06-30 00:00:00","DATE_TYPE_CODE":"002","REPORT_TYPE":"2020年中报","PER_NETCASH_OPERATE":0.100636666667,"PER_OI":0.984186666667,"BPS":0.472561568341,"BASIC_EPS":0.00187,"DILUTED_EPS":0.00187,"OPERATE_INCOME":295256000,"OPERATE_INCOME_YOY":8.5851304834,"GROSS_PROFIT":14832000,"GROSS_PROFIT_YOY":-56.498020237572,"HOLDER_PROFIT":560000,"HOLDER_PROFIT_YOY":-96.8720326202,"GROSS_PROFIT_RATIO":5.023437288319,"EPS_TTM":0.027046666667,"OPERATE_INCOME_QOQ":4.272914473985,"NET_PROFIT_RATIO":0.189665917,"ROE_AVG":0.23609415941,"GROSS_PROFIT_QOQ":-31.850725045057,"ROA":0.107405926314,"HOLDER_PROFIT_QOQ":-68.126644930667,"ROE_YEARLY":0.47218831882,"ROIC_YEARLY":0.276792664994,"TOTAL_ASSETS":598224000,"TOTAL_LIABILITIES":360018000,"TAX_EBT":-182.828282828283,"OCF_SALES":10.225363752134,"TOTAL_PARENT_EQUITY":238206000,"DEBT_ASSET_RATIO":60.181136163,"OPERATE_PROFIT":395000,"PRETAX_PROFIT":198000,"NETCASH_OPERATE":30191000,"NETCASH_INVEST":-14229000,"NETCASH_FINANCE":-8305000,"END_CASH":116371000,"DIVI_RATIO":null,"DIVIDEND_RATE":null,"CURRENT_RATIO":1.433886809173,"COMMON_ACS":8000000000,"CURRENTDEBT_DEBT":97.794554716709,"ISSUED_COMMON_SHARES":504074000,"HK_COMMON_SHARES":504074000,"PER_SHARES":200,"TOTAL_MARKET_CAP":609929540,"HKSK_MARKET_CAP":609929540,"PE_TTM":-2.813305096964,"PB_TTM":2.897559781629,"REPORT_DATE_SQ":"2019-06-30 00:00:00","REPORT_TYPE_SQ":"2019年中报","OPERATE_INCOME_SQ":271912000,"DPS_HKD":null,"OPERATE_INCOME_QOQ_SQ":1.31243677896,"NET_PROFIT_RATIO_SQ":6.5841154491,"HOLDER_PROFIT_SQ":17903000,"HOLDER_PROFIT_QOQ_SQ":2.374478003302,"ROE_AVG_SQ":8.205516024429,"PE_TTM_SQ":-5.267312882624,"PB_TTM_SQ":6.484498819871,"ROA_SQ":4.394695337862,"START_DATE":"2020-01-01 00:00:00","FISCAL_YEAR":"12-31","CURRENCY":"HKD","IS_CNY_CODE":0,"DPS_HKD_LY":null,"ORG_TYPE":"一般企业","PREMIUM_INCOME":null,"PREMIUM_INCOME_YOY":null,"NET_INTEREST_INCOME":null,"NET_INTEREST_INCOME_YOY":null,"FEE_COMMISSION_INCOME":null,"FEE_COMMISSION_INCOME_YOY":null,"ACCOUNTS_RECE_TDAYS":1.395620134336,"INVENTORY_TDAYS":4.371890712086,"CURRENT_ASSETS_TDAYS":0.683083472145,"TOTAL_ASSETS_TDAYS":0.566290074638,"PREMIUM_EXPENSE":null,"LOAN_DEPOSIT":null,"LOAN_EQUITY":null,"LOAN_ASSETS":null,"DEPOSIT_EQUITY":null,"DEPOSIT_ASSETS":null,"EQUITY_MULTIPLIER":2.511372509506,"EQUITY_RATIO":1.511372509509}],"count":17},"success":true,"message":"ok","code":0}