{"version":"f43134e7895fb0f37feea2f7717f9f84","result":{"pages":2,"data":[{"SECUCODE":"01720.HK","SECURITY_CODE":"01720","SECURITY_NAME_ABBR":"普天通信集团","ORG_CODE":"10674986","STD_REPORT_DATE":"2024-06-30 00:00:00","REPORT_DATE":"2024-06-30 00:00:00","DATE_TYPE_CODE":"002","REPORT_TYPE":"2024年中报","PER_NETCASH_OPERATE":0.013825454545,"PER_OI":0.255361818182,"BPS":0.529517272727,"BASIC_EPS":0.005,"DILUTED_EPS":0.005,"OPERATE_INCOME":280898000,"OPERATE_INCOME_YOY":3.8524390154,"GROSS_PROFIT":58345000,"GROSS_PROFIT_YOY":4.00734442127,"HOLDER_PROFIT":5129000,"HOLDER_PROFIT_YOY":10.5387931034,"GROSS_PROFIT_RATIO":20.770884805161,"EPS_TTM":0.007397272727,"OPERATE_INCOME_QOQ":1.692921573215,"NET_PROFIT_RATIO":1.8259296969,"ROE_AVG":0.884716093933,"GROSS_PROFIT_QOQ":1.661357908817,"ROA":0.438531053496,"HOLDER_PROFIT_QOQ":6.393828451883,"ROE_YEARLY":1.769432187865,"ROIC_YEARLY":0.901919546455,"TOTAL_ASSETS":1173931000,"TOTAL_LIABILITIES":591462000,"TAX_EBT":31.015467383995,"OCF_SALES":5.414064891882,"TOTAL_PARENT_EQUITY":582469000,"DEBT_ASSET_RATIO":50.3830293263,"OPERATE_PROFIT":17125000,"PRETAX_PROFIT":7435000,"NETCASH_OPERATE":15208000,"NETCASH_INVEST":-20318000,"NETCASH_FINANCE":14676000,"END_CASH":37188000,"DIVI_RATIO":null,"DIVIDEND_RATE":null,"CURRENT_RATIO":1.735710667272,"COMMON_ACS":3000000000,"CURRENTDEBT_DEBT":70.421599358877,"ISSUED_COMMON_SHARES":1100000000,"HK_COMMON_SHARES":1100000000,"PER_SHARES":4000,"TOTAL_MARKET_CAP":124300000,"HKSK_MARKET_CAP":124300000,"PE_TTM":13.770536941072,"PB_TTM":0.194767659738,"REPORT_DATE_SQ":"2023-06-30 00:00:00","REPORT_TYPE_SQ":"2023年中报","OPERATE_INCOME_SQ":270478000,"DPS_HKD":null,"OPERATE_INCOME_QOQ_SQ":3.988840283914,"NET_PROFIT_RATIO_SQ":1.7154814809,"HOLDER_PROFIT_SQ":4640000,"HOLDER_PROFIT_QOQ_SQ":8.103727714749,"ROE_AVG_SQ":0.813047306562,"PE_TTM_SQ":2.194462643992,"PB_TTM_SQ":0.10479742825,"ROA_SQ":0.387447696648,"START_DATE":"2024-01-01 00:00:00","FISCAL_YEAR":"12-31","CURRENCY":"HKD","IS_CNY_CODE":0,"DPS_HKD_LY":null,"ORG_TYPE":"一般企业","PREMIUM_INCOME":null,"PREMIUM_INCOME_YOY":null,"NET_INTEREST_INCOME":null,"NET_INTEREST_INCOME_YOY":null,"FEE_COMMISSION_INCOME":null,"FEE_COMMISSION_INCOME_YOY":null,"ACCOUNTS_RECE_TDAYS":0.635504334763,"INVENTORY_TDAYS":4.156140285351,"CURRENT_ASSETS_TDAYS":0.39087388557,"TOTAL_ASSETS_TDAYS":0.240168640797,"PREMIUM_EXPENSE":null,"LOAN_DEPOSIT":null,"LOAN_EQUITY":null,"LOAN_ASSETS":null,"DEPOSIT_EQUITY":null,"DEPOSIT_ASSETS":null,"EQUITY_MULTIPLIER":2.015439448281,"EQUITY_RATIO":1.01543944828},{"SECUCODE":"01720.HK","SECURITY_CODE":"01720","SECURITY_NAME_ABBR":"普天通信集团","ORG_CODE":"10674986","STD_REPORT_DATE":"2023-12-31 00:00:00","REPORT_DATE":"2023-12-31 00:00:00","DATE_TYPE_CODE":"001","REPORT_TYPE":"2023年年报","PER_NETCASH_OPERATE":-0.015320909091,"PER_OI":0.559549090909,"BPS":0.524544545455,"BASIC_EPS":0.007,"DILUTED_EPS":0.007,"OPERATE_INCOME":615504000,"OPERATE_INCOME_YOY":-4.7580436764,"GROSS_PROFIT":135311000,"GROSS_PROFIT_YOY":-7.97298584001,"HOLDER_PROFIT":7648000,"HOLDER_PROFIT_YOY":-69.0113452188,"GROSS_PROFIT_RATIO":21.983772648106,"EPS_TTM":0.006952727273,"OPERATE_INCOME_QOQ":-8.411367927968,"NET_PROFIT_RATIO":1.2425589436,"ROE_AVG":1.333088143656,"GROSS_PROFIT_QOQ":-10.944451757273,"ROA":0.651774761028,"HOLDER_PROFIT_QOQ":-71.334332833583,"ROE_YEARLY":1.333088143656,"ROIC_YEARLY":0.679775997454,"TOTAL_ASSETS":1165242000,"TOTAL_LIABILITIES":588243000,"TAX_EBT":5.029181671427,"OCF_SALES":-2.738081312225,"TOTAL_PARENT_EQUITY":576999000,"DEBT_ASSET_RATIO":50.482474885,"OPERATE_PROFIT":27757000,"PRETAX_PROFIT":8053000,"NETCASH_OPERATE":-16853000,"NETCASH_INVEST":-19445000,"NETCASH_FINANCE":-4752000,"END_CASH":27281000,"DIVI_RATIO":null,"DIVIDEND_RATE":null,"CURRENT_RATIO":1.52296615626,"COMMON_ACS":3000000000,"CURRENTDEBT_DEBT":79.735415466057,"ISSUED_COMMON_SHARES":1100000000,"HK_COMMON_SHARES":1100000000,"PER_SHARES":4000,"TOTAL_MARKET_CAP":60500000,"HKSK_MARKET_CAP":60500000,"PE_TTM":6.70247373238,"PB_TTM":0.094798418457,"REPORT_DATE_SQ":"2022-12-31 00:00:00","REPORT_TYPE_SQ":"2022年年报","OPERATE_INCOME_SQ":646253000,"DPS_HKD":null,"OPERATE_INCOME_QOQ_SQ":6.333410666364,"NET_PROFIT_RATIO_SQ":3.8189377844,"HOLDER_PROFIT_SQ":24680000,"HOLDER_PROFIT_QOQ_SQ":-17.317163054039,"ROE_AVG_SQ":4.434048027136,"PE_TTM_SQ":2.492016900805,"PB_TTM_SQ":0.119007249029,"ROA_SQ":2.255256057917,"START_DATE":"2023-01-01 00:00:00","FISCAL_YEAR":"12-31","CURRENCY":"HKD","IS_CNY_CODE":0,"DPS_HKD_LY":null,"ORG_TYPE":"一般企业","PREMIUM_INCOME":null,"PREMIUM_INCOME_YOY":null,"NET_INTEREST_INCOME":null,"NET_INTEREST_INCOME_YOY":null,"FEE_COMMISSION_INCOME":null,"FEE_COMMISSION_INCOME_YOY":null,"ACCOUNTS_RECE_TDAYS":1.485477769264,"INVENTORY_TDAYS":6.904483234601,"CURRENT_ASSETS_TDAYS":0.890225302917,"TOTAL_ASSETS_TDAYS":0.524542328075,"PREMIUM_EXPENSE":null,"LOAN_DEPOSIT":null,"LOAN_EQUITY":null,"LOAN_ASSETS":null,"DEPOSIT_EQUITY":null,"DEPOSIT_ASSETS":null,"EQUITY_MULTIPLIER":2.019487035504,"EQUITY_RATIO":1.019487035506},{"SECUCODE":"01720.HK","SECURITY_CODE":"01720","SECURITY_NAME_ABBR":"普天通信集团","ORG_CODE":"10674986","STD_REPORT_DATE":"2023-06-30 00:00:00","REPORT_DATE":"2023-06-30 00:00:00","DATE_TYPE_CODE":"002","REPORT_TYPE":"2023年中报","PER_NETCASH_OPERATE":-0.030967272727,"PER_OI":0.245889090909,"BPS":0.519066363636,"BASIC_EPS":0.004,"DILUTED_EPS":0.004,"OPERATE_INCOME":270478000,"OPERATE_INCOME_YOY":10.5345320801,"GROSS_PROFIT":56097000,"GROSS_PROFIT_YOY":9.583715887558,"HOLDER_PROFIT":4640000,"HOLDER_PROFIT_YOY":75.7575757576,"GROSS_PROFIT_RATIO":20.739949274987,"EPS_TTM":0.024254545455,"OPERATE_INCOME_QOQ":3.988840283914,"NET_PROFIT_RATIO":1.7154814809,"ROE_AVG":0.813047306562,"GROSS_PROFIT_QOQ":3.336643225376,"ROA":0.387447696648,"HOLDER_PROFIT_QOQ":8.103727714749,"ROE_YEARLY":1.626094613124,"ROIC_YEARLY":0.810226667022,"TOTAL_ASSETS":1213581000,"TOTAL_LIABILITIES":642608000,"TAX_EBT":24.417657598958,"OCF_SALES":-12.594000251407,"TOTAL_PARENT_EQUITY":570973000,"DEBT_ASSET_RATIO":52.9513893181,"OPERATE_PROFIT":15770000,"PRETAX_PROFIT":6139000,"NETCASH_OPERATE":-34064000,"NETCASH_INVEST":-3492000,"NETCASH_FINANCE":7302000,"END_CASH":35056000,"DIVI_RATIO":null,"DIVIDEND_RATE":null,"CURRENT_RATIO":1.392031187029,"COMMON_ACS":3000000000,"CURRENTDEBT_DEBT":80.31521549685,"ISSUED_COMMON_SHARES":1100000000,"HK_COMMON_SHARES":1100000000,"PER_SHARES":4000,"TOTAL_MARKET_CAP":60500000,"HKSK_MARKET_CAP":60500000,"PE_TTM":6.70247373238,"PB_TTM":0.094798418457,"REPORT_DATE_SQ":"2022-06-30 00:00:00","REPORT_TYPE_SQ":"2022年中报","OPERATE_INCOME_SQ":244700000,"DPS_HKD":null,"OPERATE_INCOME_QOQ_SQ":-2.68661735037,"NET_PROFIT_RATIO_SQ":1.0788720883,"HOLDER_PROFIT_SQ":2640000,"HOLDER_PROFIT_QOQ_SQ":-32.16598868259,"ROE_AVG_SQ":0.484472118079,"PE_TTM_SQ":2.492016900805,"PB_TTM_SQ":0.119007249029,"ROA_SQ":0.259681241276,"START_DATE":"2023-01-01 00:00:00","FISCAL_YEAR":"12-31","CURRENCY":"HKD","IS_CNY_CODE":0,"DPS_HKD_LY":null,"ORG_TYPE":"一般企业","PREMIUM_INCOME":null,"PREMIUM_INCOME_YOY":null,"NET_INTEREST_INCOME":null,"NET_INTEREST_INCOME_YOY":null,"FEE_COMMISSION_INCOME":null,"FEE_COMMISSION_INCOME_YOY":null,"ACCOUNTS_RECE_TDAYS":0.729544786365,"INVENTORY_TDAYS":2.561210470354,"CURRENT_ASSETS_TDAYS":0.390041242465,"TOTAL_ASSETS_TDAYS":0.225853616582,"PREMIUM_EXPENSE":null,"LOAN_DEPOSIT":null,"LOAN_EQUITY":null,"LOAN_ASSETS":null,"DEPOSIT_EQUITY":null,"DEPOSIT_ASSETS":null,"EQUITY_MULTIPLIER":2.125461274003,"EQUITY_RATIO":1.125461274001},{"SECUCODE":"01720.HK","SECURITY_CODE":"01720","SECURITY_NAME_ABBR":"普天通信集团","ORG_CODE":"10674986","STD_REPORT_DATE":"2022-12-31 00:00:00","REPORT_DATE":"2022-12-31 00:00:00","DATE_TYPE_CODE":"001","REPORT_TYPE":"2022年年报","PER_NETCASH_OPERATE":0.021839090909,"PER_OI":0.587502727273,"BPS":0.518556363636,"BASIC_EPS":0.022,"DILUTED_EPS":0.022,"OPERATE_INCOME":646253000,"OPERATE_INCOME_YOY":3.4766388062,"GROSS_PROFIT":147034000,"GROSS_PROFIT_YOY":1.836794060201,"HOLDER_PROFIT":24680000,"HOLDER_PROFIT_YOY":-43.9129150285,"GROSS_PROFIT_RATIO":22.751770591394,"EPS_TTM":0.022436363636,"OPERATE_INCOME_QOQ":6.333410666364,"NET_PROFIT_RATIO":3.8189377844,"ROE_AVG":4.434048027136,"GROSS_PROFIT_QOQ":8.952812851977,"ROA":2.255256057917,"HOLDER_PROFIT_QOQ":-17.317163054039,"ROE_YEARLY":4.434048027136,"ROIC_YEARLY":2.403265636807,"TOTAL_ASSETS":1181581000,"TOTAL_LIABILITIES":611169000,"TAX_EBT":29.188305167417,"OCF_SALES":3.717274813424,"TOTAL_PARENT_EQUITY":570412000,"DEBT_ASSET_RATIO":51.7246807455,"OPERATE_PROFIT":53890000,"PRETAX_PROFIT":34853000,"NETCASH_OPERATE":24023000,"NETCASH_INVEST":-69531000,"NETCASH_FINANCE":46553000,"END_CASH":69389000,"DIVI_RATIO":null,"DIVIDEND_RATE":null,"CURRENT_RATIO":1.390699764498,"COMMON_ACS":3000000000,"CURRENTDEBT_DEBT":78.648622557754,"ISSUED_COMMON_SHARES":1100000000,"HK_COMMON_SHARES":1100000000,"PER_SHARES":4000,"TOTAL_MARKET_CAP":60500000,"HKSK_MARKET_CAP":60500000,"PE_TTM":6.70247373238,"PB_TTM":0.094798418457,"REPORT_DATE_SQ":"2021-12-31 00:00:00","REPORT_TYPE_SQ":"2021年年报","OPERATE_INCOME_SQ":624540000,"DPS_HKD":null,"OPERATE_INCOME_QOQ_SQ":8.156316998071,"NET_PROFIT_RATIO_SQ":7.0456656099,"HOLDER_PROFIT_SQ":44003000,"HOLDER_PROFIT_QOQ_SQ":19.615625084948,"ROE_AVG_SQ":8.437508688603,"PE_TTM_SQ":2.492016900805,"PB_TTM_SQ":0.119007249029,"ROA_SQ":4.76985139132,"START_DATE":"2022-01-01 00:00:00","FISCAL_YEAR":"12-31","CURRENCY":"HKD","IS_CNY_CODE":0,"DPS_HKD_LY":null,"ORG_TYPE":"一般企业","PREMIUM_INCOME":null,"PREMIUM_INCOME_YOY":null,"NET_INTEREST_INCOME":null,"NET_INTEREST_INCOME_YOY":null,"FEE_COMMISSION_INCOME":null,"FEE_COMMISSION_INCOME_YOY":null,"ACCOUNTS_RECE_TDAYS":1.966156406446,"INVENTORY_TDAYS":6.274157162158,"CURRENT_ASSETS_TDAYS":1.072616416723,"TOTAL_ASSETS_TDAYS":0.590545378119,"PREMIUM_EXPENSE":null,"LOAN_DEPOSIT":null,"LOAN_EQUITY":null,"LOAN_ASSETS":null,"DEPOSIT_EQUITY":null,"DEPOSIT_ASSETS":null,"EQUITY_MULTIPLIER":2.071451862862,"EQUITY_RATIO":1.071451862864},{"SECUCODE":"01720.HK","SECURITY_CODE":"01720","SECURITY_NAME_ABBR":"普天通信集团","ORG_CODE":"10674986","STD_REPORT_DATE":"2022-06-30 00:00:00","REPORT_DATE":"2022-06-30 00:00:00","DATE_TYPE_CODE":"002","REPORT_TYPE":"2022年中报","PER_NETCASH_OPERATE":-0.052575454545,"PER_OI":0.222454545455,"BPS":0.497321818182,"BASIC_EPS":0.002,"DILUTED_EPS":0.002,"OPERATE_INCOME":244700000,"OPERATE_INCOME_YOY":-6.4169589145,"GROSS_PROFIT":51191000,"GROSS_PROFIT_YOY":-15.555665528447,"HOLDER_PROFIT":2640000,"HOLDER_PROFIT_YOY":-84.2801000357,"GROSS_PROFIT_RATIO":20.919901920719,"EPS_TTM":0.027135454545,"OPERATE_INCOME_QOQ":-2.68661735037,"NET_PROFIT_RATIO":1.0788720883,"ROE_AVG":0.484472118079,"GROSS_PROFIT_QOQ":-6.531285063235,"ROA":0.259681241276,"HOLDER_PROFIT_QOQ":-32.16598868259,"ROE_YEARLY":0.968944236158,"ROIC_YEARLY":0.546755348727,"TOTAL_ASSETS":1026178000,"TOTAL_LIABILITIES":479124000,"TAX_EBT":16.534935188113,"OCF_SALES":-23.634246015529,"TOTAL_PARENT_EQUITY":547054000,"DEBT_ASSET_RATIO":46.6901453744,"OPERATE_PROFIT":11061000,"PRETAX_PROFIT":3163000,"NETCASH_OPERATE":-57833000,"NETCASH_INVEST":-14696000,"NETCASH_FINANCE":41967000,"END_CASH":36464000,"DIVI_RATIO":null,"DIVIDEND_RATE":null,"CURRENT_RATIO":1.52702014712,"COMMON_ACS":3000000000,"CURRENTDEBT_DEBT":75.841953231314,"ISSUED_COMMON_SHARES":1100000000,"HK_COMMON_SHARES":1100000000,"PER_SHARES":4000,"TOTAL_MARKET_CAP":60500000,"HKSK_MARKET_CAP":60500000,"PE_TTM":6.70247373238,"PB_TTM":0.094798418457,"REPORT_DATE_SQ":"2021-06-30 00:00:00","REPORT_TYPE_SQ":"2021年中报","OPERATE_INCOME_SQ":261479000,"DPS_HKD":null,"OPERATE_INCOME_QOQ_SQ":6.135915406234,"NET_PROFIT_RATIO_SQ":6.4226955128,"HOLDER_PROFIT_SQ":16794000,"HOLDER_PROFIT_QOQ_SQ":13.919856311161,"ROE_AVG_SQ":3.30208341526,"PE_TTM_SQ":2.492016900805,"PB_TTM_SQ":0.119007249029,"ROA_SQ":1.847147804271,"START_DATE":"2022-01-01 00:00:00","FISCAL_YEAR":"12-31","CURRENCY":"HKD","IS_CNY_CODE":0,"DPS_HKD_LY":null,"ORG_TYPE":"一般企业","PREMIUM_INCOME":null,"PREMIUM_INCOME_YOY":null,"NET_INTEREST_INCOME":null,"NET_INTEREST_INCOME_YOY":null,"FEE_COMMISSION_INCOME":null,"FEE_COMMISSION_INCOME_YOY":null,"ACCOUNTS_RECE_TDAYS":0.90654139823,"INVENTORY_TDAYS":2.24775235219,"CURRENT_ASSETS_TDAYS":0.448410360533,"TOTAL_ASSETS_TDAYS":0.240696968713,"PREMIUM_EXPENSE":null,"LOAN_DEPOSIT":null,"LOAN_EQUITY":null,"LOAN_ASSETS":null,"DEPOSIT_EQUITY":null,"DEPOSIT_ASSETS":null,"EQUITY_MULTIPLIER":1.875825786851,"EQUITY_RATIO":0.875825786851},{"SECUCODE":"01720.HK","SECURITY_CODE":"01720","SECURITY_NAME_ABBR":"普天通信集团","ORG_CODE":"10674986","STD_REPORT_DATE":"2021-12-31 00:00:00","REPORT_DATE":"2021-12-31 00:00:00","DATE_TYPE_CODE":"001","REPORT_TYPE":"2021年年报","PER_NETCASH_OPERATE":0.075096363636,"PER_OI":0.567763636364,"BPS":0.493447272727,"BASIC_EPS":0.04,"DILUTED_EPS":0.04,"OPERATE_INCOME":624540000,"OPERATE_INCOME_YOY":14.7926971156,"GROSS_PROFIT":144382000,"GROSS_PROFIT_YOY":18.77719917405,"HOLDER_PROFIT":44003000,"HOLDER_PROFIT_YOY":36.2659482225,"GROSS_PROFIT_RATIO":23.118134947321,"EPS_TTM":0.040002727273,"OPERATE_INCOME_QOQ":8.156316998071,"NET_PROFIT_RATIO":7.0456656099,"ROE_AVG":8.437508688603,"GROSS_PROFIT_QOQ":10.445432083655,"ROA":4.76985139132,"HOLDER_PROFIT_QOQ":19.615625084948,"ROE_YEARLY":8.437508688603,"ROIC_YEARLY":5.067666003692,"TOTAL_ASSETS":1007084000,"TOTAL_LIABILITIES":464292000,"TAX_EBT":21.668001780151,"OCF_SALES":13.226694847408,"TOTAL_PARENT_EQUITY":542792000,"DEBT_ASSET_RATIO":46.102609117,"OPERATE_PROFIT":58691000,"PRETAX_PROFIT":56175000,"NETCASH_OPERATE":82606000,"NETCASH_INVEST":-106024000,"NETCASH_FINANCE":47249000,"END_CASH":65404000,"DIVI_RATIO":null,"DIVIDEND_RATE":null,"CURRENT_RATIO":1.515591587689,"COMMON_ACS":3000000000,"CURRENTDEBT_DEBT":76.246198513005,"ISSUED_COMMON_SHARES":1100000000,"HK_COMMON_SHARES":1100000000,"PER_SHARES":4000,"TOTAL_MARKET_CAP":60500000,"HKSK_MARKET_CAP":60500000,"PE_TTM":6.70247373238,"PB_TTM":0.094798418457,"REPORT_DATE_SQ":"2020-12-31 00:00:00","REPORT_TYPE_SQ":"2020年年报","OPERATE_INCOME_SQ":544059000,"DPS_HKD":null,"OPERATE_INCOME_QOQ_SQ":-18.046741430863,"NET_PROFIT_RATIO_SQ":5.9353856843,"HOLDER_PROFIT_SQ":32292000,"HOLDER_PROFIT_QOQ_SQ":-39.347495351327,"ROE_AVG_SQ":6.664850406182,"PE_TTM_SQ":2.492016900805,"PB_TTM_SQ":0.119007249029,"ROA_SQ":3.936884518908,"START_DATE":"2021-01-01 00:00:00","FISCAL_YEAR":"12-31","CURRENCY":"HKD","IS_CNY_CODE":0,"DPS_HKD_LY":null,"ORG_TYPE":"一般企业","PREMIUM_INCOME":null,"PREMIUM_INCOME_YOY":null,"NET_INTEREST_INCOME":null,"NET_INTEREST_INCOME_YOY":null,"FEE_COMMISSION_INCOME":null,"FEE_COMMISSION_INCOME_YOY":null,"ACCOUNTS_RECE_TDAYS":2.380006935685,"INVENTORY_TDAYS":6.506867229054,"CURRENT_ASSETS_TDAYS":1.25449943757,"TOTAL_ASSETS_TDAYS":0.676990884243,"PREMIUM_EXPENSE":null,"LOAN_DEPOSIT":null,"LOAN_EQUITY":null,"LOAN_ASSETS":null,"DEPOSIT_EQUITY":null,"DEPOSIT_ASSETS":null,"EQUITY_MULTIPLIER":1.855377382127,"EQUITY_RATIO":0.855377382128},{"SECUCODE":"01720.HK","SECURITY_CODE":"01720","SECURITY_NAME_ABBR":"普天通信集团","ORG_CODE":"10674986","STD_REPORT_DATE":"2021-06-30 00:00:00","REPORT_DATE":"2021-06-30 00:00:00","DATE_TYPE_CODE":"002","REPORT_TYPE":"2021年中报","PER_NETCASH_OPERATE":0.039169090909,"PER_OI":0.237708181818,"BPS":0.469940909091,"BASIC_EPS":0.015,"DILUTED_EPS":0.015,"OPERATE_INCOME":261479000,"OPERATE_INCOME_YOY":14.635504349,"GROSS_PROFIT":60621000,"GROSS_PROFIT_YOY":17.822782841927,"HOLDER_PROFIT":16794000,"HOLDER_PROFIT_YOY":36.5476868038,"GROSS_PROFIT_RATIO":23.183888572314,"EPS_TTM":0.033442727273,"OPERATE_INCOME_QOQ":6.135915406234,"NET_PROFIT_RATIO":6.4226955128,"ROE_AVG":3.30208341526,"GROSS_PROFIT_QOQ":7.543786042762,"ROA":1.847147804271,"HOLDER_PROFIT_QOQ":13.919856311161,"ROE_YEARLY":6.604166830519,"ROIC_YEARLY":3.938594603722,"TOTAL_ASSETS":980408000,"TOTAL_LIABILITIES":463473000,"TAX_EBT":18.249525385776,"OCF_SALES":16.477805100983,"TOTAL_PARENT_EQUITY":516935000,"DEBT_ASSET_RATIO":47.2734820605,"OPERATE_PROFIT":22939000,"PRETAX_PROFIT":20543000,"NETCASH_OPERATE":43086000,"NETCASH_INVEST":-61597000,"NETCASH_FINANCE":45349000,"END_CASH":69763000,"DIVI_RATIO":null,"DIVIDEND_RATE":null,"CURRENT_RATIO":1.602005598915,"COMMON_ACS":3000000000,"CURRENTDEBT_DEBT":74.14412490048,"ISSUED_COMMON_SHARES":1100000000,"HK_COMMON_SHARES":1100000000,"PER_SHARES":4000,"TOTAL_MARKET_CAP":60500000,"HKSK_MARKET_CAP":60500000,"PE_TTM":6.70247373238,"PB_TTM":0.094798418457,"REPORT_DATE_SQ":"2020-06-30 00:00:00","REPORT_TYPE_SQ":"2020年中报","OPERATE_INCOME_SQ":228096000,"DPS_HKD":null,"OPERATE_INCOME_QOQ_SQ":-13.595471690255,"NET_PROFIT_RATIO_SQ":5.3920279181,"HOLDER_PROFIT_SQ":12299000,"HOLDER_PROFIT_QOQ_SQ":-20.240592042186,"ROE_AVG_SQ":2.591292549112,"PE_TTM_SQ":2.492016900805,"PB_TTM_SQ":0.119007249029,"ROA_SQ":1.547665037921,"START_DATE":"2021-01-01 00:00:00","FISCAL_YEAR":"12-31","CURRENCY":"HKD","IS_CNY_CODE":0,"DPS_HKD_LY":null,"ORG_TYPE":"一般企业","PREMIUM_INCOME":null,"PREMIUM_INCOME_YOY":null,"NET_INTEREST_INCOME":null,"NET_INTEREST_INCOME_YOY":null,"FEE_COMMISSION_INCOME":null,"FEE_COMMISSION_INCOME_YOY":null,"ACCOUNTS_RECE_TDAYS":1.013038837566,"INVENTORY_TDAYS":2.541911071458,"CURRENT_ASSETS_TDAYS":0.517953019968,"TOTAL_ASSETS_TDAYS":0.287596975535,"PREMIUM_EXPENSE":null,"LOAN_DEPOSIT":null,"LOAN_EQUITY":null,"LOAN_ASSETS":null,"DEPOSIT_EQUITY":null,"DEPOSIT_ASSETS":null,"EQUITY_MULTIPLIER":1.896578873552,"EQUITY_RATIO":0.896578873553},{"SECUCODE":"01720.HK","SECURITY_CODE":"01720","SECURITY_NAME_ABBR":"普天通信集团","ORG_CODE":"10674986","STD_REPORT_DATE":"2020-12-31 00:00:00","REPORT_DATE":"2020-12-31 00:00:00","DATE_TYPE_CODE":"001","REPORT_TYPE":"2020年年报","PER_NETCASH_OPERATE":0.050230909091,"PER_OI":0.494599090909,"BPS":0.454764545455,"BASIC_EPS":0.029,"DILUTED_EPS":0.029,"OPERATE_INCOME":544059000,"OPERATE_INCOME_YOY":-29.1886734989,"GROSS_PROFIT":121557000,"GROSS_PROFIT_YOY":-34.085079847084,"HOLDER_PROFIT":32292000,"HOLDER_PROFIT_YOY":-51.6239213806,"GROSS_PROFIT_RATIO":22.342613576836,"EPS_TTM":0.029356363636,"OPERATE_INCOME_QOQ":-18.046741430863,"NET_PROFIT_RATIO":5.9353856843,"ROE_AVG":6.664850406182,"GROSS_PROFIT_QOQ":-24.185611376181,"ROA":3.936884518908,"HOLDER_PROFIT_QOQ":-39.347495351327,"ROE_YEARLY":6.664850406182,"ROIC_YEARLY":4.240522120524,"TOTAL_ASSETS":843848000,"TOTAL_LIABILITIES":343607000,"TAX_EBT":19.755479349933,"OCF_SALES":10.155883828776,"TOTAL_PARENT_EQUITY":500241000,"DEBT_ASSET_RATIO":40.3027341303,"OPERATE_PROFIT":43181000,"PRETAX_PROFIT":40242000,"NETCASH_OPERATE":55254000,"NETCASH_INVEST":-63048000,"NETCASH_FINANCE":-22787000,"END_CASH":43025000,"DIVI_RATIO":null,"DIVIDEND_RATE":null,"CURRENT_RATIO":1.934668750974,"COMMON_ACS":3000000000,"CURRENTDEBT_DEBT":69.069896713396,"ISSUED_COMMON_SHARES":1100000000,"HK_COMMON_SHARES":1100000000,"PER_SHARES":4000,"TOTAL_MARKET_CAP":60500000,"HKSK_MARKET_CAP":60500000,"PE_TTM":6.70247373238,"PB_TTM":0.094798418457,"REPORT_DATE_SQ":"2019-12-31 00:00:00","REPORT_TYPE_SQ":"2019年年报","OPERATE_INCOME_SQ":768322000,"DPS_HKD":null,"OPERATE_INCOME_QOQ_SQ":3.051072059916,"NET_PROFIT_RATIO_SQ":8.6880240316,"HOLDER_PROFIT_SQ":66752000,"HOLDER_PROFIT_QOQ_SQ":-5.187205272428,"ROE_AVG_SQ":15.279445241139,"PE_TTM_SQ":2.492016900805,"PB_TTM_SQ":0.119007249029,"ROA_SQ":9.3088507435,"START_DATE":"2020-01-01 00:00:00","FISCAL_YEAR":"12-31","CURRENCY":"HKD","IS_CNY_CODE":0,"DPS_HKD_LY":null,"ORG_TYPE":"一般企业","PREMIUM_INCOME":null,"PREMIUM_INCOME_YOY":null,"NET_INTEREST_INCOME":null,"NET_INTEREST_INCOME_YOY":null,"FEE_COMMISSION_INCOME":null,"FEE_COMMISSION_INCOME_YOY":null,"ACCOUNTS_RECE_TDAYS":2.112620763567,"INVENTORY_TDAYS":6.386257141993,"CURRENT_ASSETS_TDAYS":1.148470103963,"TOTAL_ASSETS_TDAYS":0.663290429355,"PREMIUM_EXPENSE":null,"LOAN_DEPOSIT":null,"LOAN_EQUITY":null,"LOAN_ASSETS":null,"DEPOSIT_EQUITY":null,"DEPOSIT_ASSETS":null,"EQUITY_MULTIPLIER":1.675118592839,"EQUITY_RATIO":0.686882922431},{"SECUCODE":"01720.HK","SECURITY_CODE":"01720","SECURITY_NAME_ABBR":"普天通信集团","ORG_CODE":"10674986","STD_REPORT_DATE":"2020-06-30 00:00:00","REPORT_DATE":"2020-06-30 00:00:00","DATE_TYPE_CODE":"002","REPORT_TYPE":"2020年中报","PER_NETCASH_OPERATE":0.042094545455,"PER_OI":0.20736,"BPS":0.436793636364,"BASIC_EPS":0.011,"DILUTED_EPS":0.011,"OPERATE_INCOME":228096000,"OPERATE_INCOME_YOY":-31.4106322902,"GROSS_PROFIT":51451000,"GROSS_PROFIT_YOY":-31.880949543896,"HOLDER_PROFIT":12299000,"HOLDER_PROFIT_YOY":-52.34792716,"GROSS_PROFIT_RATIO":22.556730499439,"EPS_TTM":0.048400909091,"OPERATE_INCOME_QOQ":-13.595471690255,"NET_PROFIT_RATIO":5.3920279181,"ROE_AVG":2.591292549112,"GROSS_PROFIT_QOQ":-13.057506168153,"ROA":1.547665037921,"HOLDER_PROFIT_QOQ":-20.240592042186,"ROE_YEARLY":5.182585098224,"ROIC_YEARLY":3.470879283304,"TOTAL_ASSETS":786840000,"TOTAL_LIABILITIES":306367000,"TAX_EBT":13.228446451249,"OCF_SALES":20.300224466891,"TOTAL_PARENT_EQUITY":480473000,"DEBT_ASSET_RATIO":38.9363784251,"OPERATE_PROFIT":19409000,"PRETAX_PROFIT":14174000,"NETCASH_OPERATE":46304000,"NETCASH_INVEST":-22027000,"NETCASH_FINANCE":-579000,"END_CASH":97529000,"DIVI_RATIO":null,"DIVIDEND_RATE":null,"CURRENT_RATIO":2.012632354618,"COMMON_ACS":3000000000,"CURRENTDEBT_DEBT":74.415978222198,"ISSUED_COMMON_SHARES":1100000000,"HK_COMMON_SHARES":1100000000,"PER_SHARES":4000,"TOTAL_MARKET_CAP":60500000,"HKSK_MARKET_CAP":60500000,"PE_TTM":6.70247373238,"PB_TTM":0.094798418457,"REPORT_DATE_SQ":"2019-06-30 00:00:00","REPORT_TYPE_SQ":"2019年中报","OPERATE_INCOME_SQ":332553000,"DPS_HKD":null,"OPERATE_INCOME_QOQ_SQ":-5.022057409137,"NET_PROFIT_RATIO_SQ":7.7611688964,"HOLDER_PROFIT_SQ":25810000,"HOLDER_PROFIT_QOQ_SQ":-17.164942995305,"ROE_AVG_SQ":6.186837210194,"PE_TTM_SQ":2.492016900805,"PB_TTM_SQ":0.119007249029,"ROA_SQ":3.781585247569,"START_DATE":"2020-01-01 00:00:00","FISCAL_YEAR":"12-31","CURRENCY":"HKD","IS_CNY_CODE":0,"DPS_HKD_LY":null,"ORG_TYPE":"一般企业","PREMIUM_INCOME":null,"PREMIUM_INCOME_YOY":null,"NET_INTEREST_INCOME":null,"NET_INTEREST_INCOME_YOY":null,"FEE_COMMISSION_INCOME":null,"FEE_COMMISSION_INCOME_YOY":null,"ACCOUNTS_RECE_TDAYS":0.973460882703,"INVENTORY_TDAYS":2.698353293413,"CURRENT_ASSETS_TDAYS":0.481647554925,"TOTAL_ASSETS_TDAYS":0.287028379941,"PREMIUM_EXPENSE":null,"LOAN_DEPOSIT":null,"LOAN_EQUITY":null,"LOAN_ASSETS":null,"DEPOSIT_EQUITY":null,"DEPOSIT_ASSETS":null,"EQUITY_MULTIPLIER":1.637636245949,"EQUITY_RATIO":0.637636245949}],"count":18},"success":true,"message":"ok","code":0}