{"version":"64dd2b47d726d46a48f11c4f058dce1a","result":{"pages":2,"data":[{"SECUCODE":"01722.HK","SECURITY_CODE":"01722","SECURITY_NAME_ABBR":"建鹏控股","ORG_CODE":"10703536","STD_REPORT_DATE":"2024-06-30 00:00:00","REPORT_DATE":"2024-06-30 00:00:00","DATE_TYPE_CODE":"002","REPORT_TYPE":"2024年中报","PER_NETCASH_OPERATE":-0.006132716784,"PER_OI":0.271753903708,"BPS":0.134336542575,"BASIC_EPS":-0.009013503054,"DILUTED_EPS":-0.009013503054,"OPERATE_INCOME":298929294.07883,"OPERATE_INCOME_YOY":58.8268712498,"GROSS_PROFIT":3997753.70748,"GROSS_PROFIT_YOY":-48.225362368402,"HOLDER_PROFIT":-9939596.30896,"HOLDER_PROFIT_YOY":-66.0956881276,"GROSS_PROFIT_RATIO":1.337357624919,"EPS_TTM":-0.030789030441,"OPERATE_INCOME_QOQ":21.230491833335,"NET_PROFIT_RATIO":-3.3250659958,"ROE_AVG":-6.507526931488,"GROSS_PROFIT_QOQ":-41.038083332117,"ROA":-2.543720190779,"HOLDER_PROFIT_QOQ":-12.982810049169,"ROE_YEARLY":-13.015053862976,"ROIC_YEARLY":-5.375664460659,"TOTAL_ASSETS":368157415.9174,"TOTAL_LIABILITIES":220387219.08446,"TAX_EBT":0.150909897914,"OCF_SALES":-2.256717088557,"TOTAL_PARENT_EQUITY":147770196.83294,"DEBT_ASSET_RATIO":59.8622245692,"OPERATE_PROFIT":-8357814.89066,"PRETAX_PROFIT":-9954618.81405,"NETCASH_OPERATE":-6745988.46218,"NETCASH_INVEST":3217467.11957,"NETCASH_FINANCE":11934938.45562,"END_CASH":25153859.25805,"DIVI_RATIO":null,"DIVIDEND_RATE":null,"CURRENT_RATIO":1.286773131486,"COMMON_ACS":10000000000,"CURRENTDEBT_DEBT":99.376899574175,"ISSUED_COMMON_SHARES":1100000000,"HK_COMMON_SHARES":1100000000,"PER_SHARES":10000,"TOTAL_MARKET_CAP":45100000,"HKSK_MARKET_CAP":45100000,"PE_TTM":-1.205585976496,"PB_TTM":0.278553248057,"REPORT_DATE_SQ":"2023-06-30 00:00:00","REPORT_TYPE_SQ":"2023年中报","OPERATE_INCOME_SQ":190210633.88082,"DPS_HKD":null,"OPERATE_INCOME_QOQ_SQ":-7.065135776414,"NET_PROFIT_RATIO_SQ":-3.1795517076,"HOLDER_PROFIT_SQ":-6047845.45764,"HOLDER_PROFIT_QOQ_SQ":43.595843284672,"ROE_AVG_SQ":-3.327077458215,"PE_TTM_SQ":-15.051078939141,"PB_TTM_SQ":0.424845960251,"ROA_SQ":-1.352348487345,"START_DATE":"2024-01-01 00:00:00","FISCAL_YEAR":"12-31","CURRENCY":"HKD","IS_CNY_CODE":0,"DPS_HKD_LY":null,"ORG_TYPE":"一般企业","PREMIUM_INCOME":null,"PREMIUM_INCOME_YOY":null,"NET_INTEREST_INCOME":null,"NET_INTEREST_INCOME_YOY":null,"FEE_COMMISSION_INCOME":null,"FEE_COMMISSION_INCOME_YOY":null,"ACCOUNTS_RECE_TDAYS":5.317765236665,"INVENTORY_TDAYS":null,"CURRENT_ASSETS_TDAYS":0.978444255152,"TOTAL_ASSETS_TDAYS":0.765013444538,"PREMIUM_EXPENSE":null,"LOAN_DEPOSIT":null,"LOAN_EQUITY":null,"LOAN_ASSETS":null,"DEPOSIT_EQUITY":null,"DEPOSIT_ASSETS":null,"EQUITY_MULTIPLIER":2.49141859325,"EQUITY_RATIO":1.491418593247},{"SECUCODE":"01722.HK","SECURITY_CODE":"01722","SECURITY_NAME_ABBR":"建鹏控股","ORG_CODE":"10703536","STD_REPORT_DATE":"2023-12-31 00:00:00","REPORT_DATE":"2023-12-31 00:00:00","DATE_TYPE_CODE":"001","REPORT_TYPE":"2023年年报","PER_NETCASH_OPERATE":0.058824244389,"PER_OI":0.465533942456,"BPS":0.142528481579,"BASIC_EPS":-0.027408401904,"DILUTED_EPS":-0.027408401904,"OPERATE_INCOME":512087336.70176,"OPERATE_INCOME_YOY":-2.654373663,"GROSS_PROFIT":9073762.28418,"GROSS_PROFIT_YOY":-55.840659656533,"HOLDER_PROFIT":-29976182.63366,"HOLDER_PROFIT_YOY":-193.1277381668,"GROSS_PROFIT_RATIO":1.77191694343,"EPS_TTM":-0.027251075122,"OPERATE_INCOME_QOQ":6.370339056956,"NET_PROFIT_RATIO":-5.8537246452,"ROE_AVG":-17.97210145023,"GROSS_PROFIT_QOQ":-66.046576265305,"ROA":-6.802519023251,"HOLDER_PROFIT_QOQ":-427.750404551803,"ROE_YEARLY":-17.97210145023,"ROIC_YEARLY":-7.069347893418,"TOTAL_ASSETS":410909923.85268,"TOTAL_LIABILITIES":254128594.11528,"TAX_EBT":-2.076041760148,"OCF_SALES":12.635865835918,"TOTAL_PARENT_EQUITY":156781329.7374,"DEBT_ASSET_RATIO":61.845328955,"OPERATE_PROFIT":-23913830.66124,"PRETAX_PROFIT":-29366521.38618,"NETCASH_OPERATE":64706668.82836,"NETCASH_INVEST":-18996130.85808,"NETCASH_FINANCE":-45678034.41674,"END_CASH":16648847.20784,"DIVI_RATIO":null,"DIVIDEND_RATE":null,"CURRENT_RATIO":1.300627718776,"COMMON_ACS":10000000000,"CURRENTDEBT_DEBT":99.014808976646,"ISSUED_COMMON_SHARES":1100000000,"HK_COMMON_SHARES":1100000000,"PER_SHARES":10000,"TOTAL_MARKET_CAP":55000000,"HKSK_MARKET_CAP":55000000,"PE_TTM":-1.470226800605,"PB_TTM":0.339699082996,"REPORT_DATE_SQ":"2022-12-31 00:00:00","REPORT_TYPE_SQ":"2022年年报","OPERATE_INCOME_SQ":518017968.09752,"DPS_HKD":null,"OPERATE_INCOME_QOQ_SQ":-13.506702985941,"NET_PROFIT_RATIO_SQ":-1.9439801076,"HOLDER_PROFIT_SQ":-10070166.25384,"HOLDER_PROFIT_QOQ_SQ":69.265086148354,"ROE_AVG_SQ":-5.621186770099,"PE_TTM_SQ":-15.246547496792,"PB_TTM_SQ":0.430363440255,"ROA_SQ":-2.080734128616,"START_DATE":"2023-01-01 00:00:00","FISCAL_YEAR":"12-31","CURRENCY":"HKD","IS_CNY_CODE":0,"DPS_HKD_LY":null,"ORG_TYPE":"一般企业","PREMIUM_INCOME":null,"PREMIUM_INCOME_YOY":null,"NET_INTEREST_INCOME":null,"NET_INTEREST_INCOME_YOY":null,"FEE_COMMISSION_INCOME":null,"FEE_COMMISSION_INCOME_YOY":null,"ACCOUNTS_RECE_TDAYS":11.503379411736,"INVENTORY_TDAYS":null,"CURRENT_ASSETS_TDAYS":1.406691417519,"TOTAL_ASSETS_TDAYS":1.162083875739,"PREMIUM_EXPENSE":null,"LOAN_DEPOSIT":null,"LOAN_EQUITY":null,"LOAN_ASSETS":null,"DEPOSIT_EQUITY":null,"DEPOSIT_ASSETS":null,"EQUITY_MULTIPLIER":2.620911077495,"EQUITY_RATIO":1.620911077492},{"SECUCODE":"01722.HK","SECURITY_CODE":"01722","SECURITY_NAME_ABBR":"建鹏控股","ORG_CODE":"10703536","STD_REPORT_DATE":"2023-06-30 00:00:00","REPORT_DATE":"2023-06-30 00:00:00","DATE_TYPE_CODE":"002","REPORT_TYPE":"2023年中报","PER_NETCASH_OPERATE":-0.002731971214,"PER_OI":0.172918758073,"BPS":0.167101648491,"BASIC_EPS":-0.005626318131,"DILUTED_EPS":-0.005626318131,"OPERATE_INCOME":190210633.88082,"OPERATE_INCOME_YOY":-22.0776274919,"GROSS_PROFIT":7721451.83502,"GROSS_PROFIT_YOY":399.743678643179,"HOLDER_PROFIT":-6047845.45764,"HOLDER_PROFIT_YOY":46.1642419906,"GROSS_PROFIT_RATIO":4.05942174603,"EPS_TTM":-0.005163629414,"OPERATE_INCOME_QOQ":-7.065135776414,"NET_PROFIT_RATIO":-3.1795517076,"ROE_AVG":-3.327077458215,"GROSS_PROFIT_QOQ":30.058578741631,"ROA":-1.352348487345,"HOLDER_PROFIT_QOQ":43.595843284672,"ROE_YEARLY":-6.65415491643,"ROIC_YEARLY":-2.76637377092,"TOTAL_ASSETS":416191255.07925,"TOTAL_LIABILITIES":232379441.73948,"TAX_EBT":-10.293159609121,"OCF_SALES":-1.57991605082,"TOTAL_PARENT_EQUITY":183811813.33977,"DEBT_ASSET_RATIO":55.8347728126,"OPERATE_PROFIT":-2831020.3929,"PRETAX_PROFIT":-5483427.5118,"NETCASH_OPERATE":-3005168.33505,"NETCASH_INVEST":32150.38932,"NETCASH_FINANCE":-10870403.85564,"END_CASH":3048928.58718,"DIVI_RATIO":null,"DIVIDEND_RATE":null,"CURRENT_RATIO":1.455861037079,"COMMON_ACS":10000000000,"CURRENTDEBT_DEBT":98.631842708029,"ISSUED_COMMON_SHARES":1100000000,"HK_COMMON_SHARES":1100000000,"PER_SHARES":10000,"TOTAL_MARKET_CAP":55000000,"HKSK_MARKET_CAP":55000000,"PE_TTM":-1.470226800605,"PB_TTM":0.339699082996,"REPORT_DATE_SQ":"2022-06-30 00:00:00","REPORT_TYPE_SQ":"2022年中报","OPERATE_INCOME_SQ":226809306.67313,"DPS_HKD":null,"OPERATE_INCOME_QOQ_SQ":-21.252224075838,"NET_PROFIT_RATIO_SQ":-4.6021124571,"HOLDER_PROFIT_SQ":-10438019.35617,"HOLDER_PROFIT_QOQ_SQ":-98.807722484617,"ROE_AVG_SQ":-6.087913949352,"PE_TTM_SQ":-15.246547496792,"PB_TTM_SQ":0.430363440255,"ROA_SQ":-2.228254852552,"START_DATE":"2023-01-01 00:00:00","FISCAL_YEAR":"12-31","CURRENCY":"HKD","IS_CNY_CODE":0,"DPS_HKD_LY":null,"ORG_TYPE":"一般企业","PREMIUM_INCOME":null,"PREMIUM_INCOME_YOY":null,"NET_INTEREST_INCOME":null,"NET_INTEREST_INCOME_YOY":null,"FEE_COMMISSION_INCOME":null,"FEE_COMMISSION_INCOME_YOY":null,"ACCOUNTS_RECE_TDAYS":7.175957278348,"INVENTORY_TDAYS":null,"CURRENT_ASSETS_TDAYS":0.513289158644,"TOTAL_ASSETS_TDAYS":0.425326779276,"PREMIUM_EXPENSE":null,"LOAN_DEPOSIT":null,"LOAN_EQUITY":null,"LOAN_ASSETS":null,"DEPOSIT_EQUITY":null,"DEPOSIT_ASSETS":null,"EQUITY_MULTIPLIER":2.264224738971,"EQUITY_RATIO":1.264224738972},{"SECUCODE":"01722.HK","SECURITY_CODE":"01722","SECURITY_NAME_ABBR":"建鹏控股","ORG_CODE":"10703536","STD_REPORT_DATE":"2022-12-31 00:00:00","REPORT_DATE":"2022-12-31 00:00:00","DATE_TYPE_CODE":"001","REPORT_TYPE":"2022年年报","PER_NETCASH_OPERATE":0.042765983085,"PER_OI":0.518017968098,"BPS":0.158276926439,"BASIC_EPS":-0.010034698784,"DILUTED_EPS":-0.010034698784,"OPERATE_INCOME":518017968.09752,"OPERATE_INCOME_YOY":-37.5546297793,"GROSS_PROFIT":20547775.88072,"GROSS_PROFIT_YOY":181.703852636196,"HOLDER_PROFIT":-10070166.25384,"HOLDER_PROFIT_YOY":43.9797882579,"GROSS_PROFIT_RATIO":3.966614508795,"EPS_TTM":-0.010070166254,"OPERATE_INCOME_QOQ":-13.506702985941,"NET_PROFIT_RATIO":-1.9439801076,"ROE_AVG":-5.621186770099,"GROSS_PROFIT_QOQ":284.962435273199,"ROA":-2.080734128616,"HOLDER_PROFIT_QOQ":69.265086148354,"ROE_YEARLY":-5.621186770099,"ROIC_YEARLY":-2.136576833531,"TOTAL_ASSETS":463232838.03808,"TOTAL_LIABILITIES":289128218.95496,"TAX_EBT":-21.285684517608,"OCF_SALES":8.255694921538,"TOTAL_PARENT_EQUITY":174104619.08312,"DEBT_ASSET_RATIO":62.4153115266,"OPERATE_PROFIT":-3812320.47768,"PRETAX_PROFIT":-8302848.18352,"NETCASH_OPERATE":42765983.08488,"NETCASH_INVEST":-26462192.7416,"NETCASH_FINANCE":-8877248.18288,"END_CASH":16362614.4396,"DIVI_RATIO":null,"DIVIDEND_RATE":null,"CURRENT_RATIO":1.381764604337,"COMMON_ACS":10000000000,"CURRENTDEBT_DEBT":98.792444701088,"ISSUED_COMMON_SHARES":1100000000,"HK_COMMON_SHARES":1100000000,"PER_SHARES":10000,"TOTAL_MARKET_CAP":55000000,"HKSK_MARKET_CAP":55000000,"PE_TTM":-1.470226800605,"PB_TTM":0.339699082996,"REPORT_DATE_SQ":"2021-12-31 00:00:00","REPORT_TYPE_SQ":"2021年年报","OPERATE_INCOME_SQ":760543528.1128,"DPS_HKD":null,"OPERATE_INCOME_QOQ_SQ":-7.463386239386,"NET_PROFIT_RATIO_SQ":-2.1669421401,"HOLDER_PROFIT_SQ":-16480538.2048,"HOLDER_PROFIT_QOQ_SQ":-221.940835453347,"ROE_AVG_SQ":-9.280431598128,"PE_TTM_SQ":-15.246547496792,"PB_TTM_SQ":0.430363440255,"ROA_SQ":-3.913850094644,"START_DATE":"2022-01-01 00:00:00","FISCAL_YEAR":"12-31","CURRENCY":"HKD","IS_CNY_CODE":0,"DPS_HKD_LY":null,"ORG_TYPE":"一般企业","PREMIUM_INCOME":null,"PREMIUM_INCOME_YOY":null,"NET_INTEREST_INCOME":null,"NET_INTEREST_INCOME_YOY":null,"FEE_COMMISSION_INCOME":null,"FEE_COMMISSION_INCOME_YOY":null,"ACCOUNTS_RECE_TDAYS":15.952023229175,"INVENTORY_TDAYS":null,"CURRENT_ASSETS_TDAYS":1.248835778563,"TOTAL_ASSETS_TDAYS":1.07034743845,"PREMIUM_EXPENSE":null,"LOAN_DEPOSIT":null,"LOAN_EQUITY":null,"LOAN_ASSETS":null,"DEPOSIT_EQUITY":null,"DEPOSIT_ASSETS":null,"EQUITY_MULTIPLIER":2.660657945077,"EQUITY_RATIO":1.660657945077},{"SECUCODE":"01722.HK","SECURITY_CODE":"01722","SECURITY_NAME_ABBR":"建鹏控股","ORG_CODE":"10703536","STD_REPORT_DATE":"2022-06-30 00:00:00","REPORT_DATE":"2022-06-30 00:00:00","DATE_TYPE_CODE":"002","REPORT_TYPE":"2022年中报","PER_NETCASH_OPERATE":-0.014204468983,"PER_OI":0.226809306673,"BPS":0.151117391,"BASIC_EPS":-0.010455445098,"DILUTED_EPS":-0.010455445098,"OPERATE_INCOME":226809306.67313,"OPERATE_INCOME_YOY":-43.1821063682,"GROSS_PROFIT":1545082.44226,"GROSS_PROFIT_YOY":-92.254585042018,"HOLDER_PROFIT":-10438019.35617,"HOLDER_PROFIT_YOY":-273.7430939227,"GROSS_PROFIT_RATIO":0.681225327533,"EPS_TTM":-0.032764582658,"OPERATE_INCOME_QOQ":-21.252224075838,"NET_PROFIT_RATIO":-4.6021124571,"ROE_AVG":-6.087913949352,"GROSS_PROFIT_QOQ":-252.303278349523,"ROA":-2.228254852552,"HOLDER_PROFIT_QOQ":-98.807722484617,"ROE_YEARLY":-12.175827898704,"ROIC_YEARLY":-4.575063557704,"TOTAL_ASSETS":452741517.67415,"TOTAL_LIABILITIES":286512387.5744,"TAX_EBT":-0.938854116514,"OCF_SALES":-6.262736389213,"TOTAL_PARENT_EQUITY":166229130.09975,"DEBT_ASSET_RATIO":63.2838775304,"OPERATE_PROFIT":-8647316.93383,"PRETAX_PROFIT":-10340933.08026,"NETCASH_OPERATE":-14204468.98314,"NETCASH_INVEST":-8711211.32054,"NETCASH_FINANCE":30049447.08999,"END_CASH":15705572.17221,"DIVI_RATIO":null,"DIVIDEND_RATE":null,"CURRENT_RATIO":1.375809245252,"COMMON_ACS":10000000000,"CURRENTDEBT_DEBT":98.822115384615,"ISSUED_COMMON_SHARES":1100000000,"HK_COMMON_SHARES":1100000000,"PER_SHARES":10000,"TOTAL_MARKET_CAP":55000000,"HKSK_MARKET_CAP":55000000,"PE_TTM":-1.470226800605,"PB_TTM":0.339699082996,"REPORT_DATE_SQ":"2021-06-30 00:00:00","REPORT_TYPE_SQ":"2021年中报","OPERATE_INCOME_SQ":388441721.46195,"DPS_HKD":null,"OPERATE_INCOME_QOQ_SQ":42.061980186763,"NET_PROFIT_RATIO_SQ":1.2933883559,"HOLDER_PROFIT_SQ":5846025.0972,"HOLDER_PROFIT_QOQ_SQ":28.374929667538,"ROE_AVG_SQ":3.035333970586,"PE_TTM_SQ":-15.246547496792,"PB_TTM_SQ":0.430363440255,"ROA_SQ":1.37836631227,"START_DATE":"2022-01-01 00:00:00","FISCAL_YEAR":"12-31","CURRENCY":"HKD","IS_CNY_CODE":0,"DPS_HKD_LY":null,"ORG_TYPE":"一般企业","PREMIUM_INCOME":null,"PREMIUM_INCOME_YOY":null,"NET_INTEREST_INCOME":null,"NET_INTEREST_INCOME_YOY":null,"FEE_COMMISSION_INCOME":null,"FEE_COMMISSION_INCOME_YOY":null,"ACCOUNTS_RECE_TDAYS":7.92884286253,"INVENTORY_TDAYS":null,"CURRENT_ASSETS_TDAYS":0.562290874867,"TOTAL_ASSETS_TDAYS":0.48418087853,"PREMIUM_EXPENSE":null,"LOAN_DEPOSIT":null,"LOAN_EQUITY":null,"LOAN_ASSETS":null,"DEPOSIT_EQUITY":null,"DEPOSIT_ASSETS":null,"EQUITY_MULTIPLIER":2.723599151375,"EQUITY_RATIO":1.723599151379},{"SECUCODE":"01722.HK","SECURITY_CODE":"01722","SECURITY_NAME_ABBR":"建鹏控股","ORG_CODE":"10703536","STD_REPORT_DATE":"2021-12-31 00:00:00","REPORT_DATE":"2021-12-31 00:00:00","DATE_TYPE_CODE":"001","REPORT_TYPE":"2021年年报","PER_NETCASH_OPERATE":-0.058796183822,"PER_OI":0.760543528113,"BPS":0.153514576716,"BASIC_EPS":-0.016496400128,"DILUTED_EPS":-0.016496400128,"OPERATE_INCOME":760543528.1128,"OPERATE_INCOME_YOY":38.1065126253,"GROSS_PROFIT":7294105.38352,"GROSS_PROFIT_YOY":-78.729347848477,"HOLDER_PROFIT":-16480538.2048,"HOLDER_PROFIT_YOY":-261.2477690696,"GROSS_PROFIT_RATIO":0.959064815346,"EPS_TTM":-0.016480538205,"OPERATE_INCOME_QOQ":-7.463386239386,"NET_PROFIT_RATIO":-2.1669421401,"ROE_AVG":-9.280431598128,"GROSS_PROFIT_QOQ":-81.234969316358,"ROA":-3.913850094644,"HOLDER_PROFIT_QOQ":-221.940835453347,"ROE_YEARLY":-9.280431598128,"ROIC_YEARLY":-4.068797531309,"TOTAL_ASSETS":462724023.5904,"TOTAL_LIABILITIES":293857989.2032,"TAX_EBT":1.967259517856,"OCF_SALES":-7.73081114338,"TOTAL_PARENT_EQUITY":168866034.3872,"DEBT_ASSET_RATIO":63.5061017414,"OPERATE_PROFIT":-14801553.63408,"PRETAX_PROFIT":-16811259.30352,"NETCASH_OPERATE":-58796183.8216,"NETCASH_INVEST":-34049997.43728,"NETCASH_FINANCE":77160325.4064,"END_CASH":8192683.3328,"DIVI_RATIO":null,"DIVIDEND_RATE":null,"CURRENT_RATIO":1.368805795823,"COMMON_ACS":10000000000,"CURRENTDEBT_DEBT":99.130681204793,"ISSUED_COMMON_SHARES":1100000000,"HK_COMMON_SHARES":1100000000,"PER_SHARES":10000,"TOTAL_MARKET_CAP":55000000,"HKSK_MARKET_CAP":55000000,"PE_TTM":-1.470226800605,"PB_TTM":0.339699082996,"REPORT_DATE_SQ":"2020-12-31 00:00:00","REPORT_TYPE_SQ":"2020年年报","OPERATE_INCOME_SQ":567249662.29077,"DPS_HKD":null,"OPERATE_INCOME_QOQ_SQ":40.691118405901,"NET_PROFIT_RATIO_SQ":1.8197402348,"HOLDER_PROFIT_SQ":10527906.16661,"HOLDER_PROFIT_QOQ_SQ":-18.846960962113,"ROE_AVG_SQ":5.556825188756,"PE_TTM_SQ":-15.246547496792,"PB_TTM_SQ":0.430363440255,"ROA_SQ":3.050018697251,"START_DATE":"2021-01-01 00:00:00","FISCAL_YEAR":"12-31","CURRENCY":"HKD","IS_CNY_CODE":0,"DPS_HKD_LY":null,"ORG_TYPE":"一般企业","PREMIUM_INCOME":null,"PREMIUM_INCOME_YOY":null,"NET_INTEREST_INCOME":null,"NET_INTEREST_INCOME_YOY":null,"FEE_COMMISSION_INCOME":null,"FEE_COMMISSION_INCOME_YOY":null,"ACCOUNTS_RECE_TDAYS":12.596944539316,"INVENTORY_TDAYS":null,"CURRENT_ASSETS_TDAYS":2.07166481958,"TOTAL_ASSETS_TDAYS":1.80616271295,"PREMIUM_EXPENSE":null,"LOAN_DEPOSIT":null,"LOAN_EQUITY":null,"LOAN_ASSETS":null,"DEPOSIT_EQUITY":null,"DEPOSIT_ASSETS":null,"EQUITY_MULTIPLIER":2.740184106707,"EQUITY_RATIO":1.740184106707},{"SECUCODE":"01722.HK","SECURITY_CODE":"01722","SECURITY_NAME_ABBR":"建鹏控股","ORG_CODE":"10703536","STD_REPORT_DATE":"2021-06-30 00:00:00","REPORT_DATE":"2021-06-30 00:00:00","DATE_TYPE_CODE":"002","REPORT_TYPE":"2021年中报","PER_NETCASH_OPERATE":-0.020294750662,"PER_OI":0.388441721462,"BPS":0.17774735072,"BASIC_EPS":0.005813726616,"DILUTED_EPS":0.005813726616,"OPERATE_INCOME":388441721.46195,"OPERATE_INCOME_YOY":137.741714907,"GROSS_PROFIT":19948349.45115,"GROSS_PROFIT_YOY":29.791885011766,"HOLDER_PROFIT":5846025.0972,"HOLDER_PROFIT_YOY":124.4265344079,"GROSS_PROFIT_RATIO":4.413419797417,"EPS_TTM":0.013515192137,"OPERATE_INCOME_QOQ":42.061980186763,"NET_PROFIT_RATIO":1.2933883559,"ROE_AVG":3.035333970586,"GROSS_PROFIT_QOQ":13.352610555894,"ROA":1.37836631227,"HOLDER_PROFIT_QOQ":28.374929667538,"ROE_YEARLY":6.070667941172,"ROIC_YEARLY":3.023472629534,"TOTAL_ASSETS":461940145.28067,"TOTAL_LIABILITIES":266418059.48835,"TAX_EBT":22.616502778965,"OCF_SALES":-4.49005841685,"TOTAL_PARENT_EQUITY":195522085.79232,"DEBT_ASSET_RATIO":57.6737185997,"OPERATE_PROFIT":8137602.33834,"PRETAX_PROFIT":7554614.75268,"NETCASH_OPERATE":-20294750.66202,"NETCASH_INVEST":-10840177.75275,"NETCASH_FINANCE":57349183.21872,"END_CASH":50524514.14116,"DIVI_RATIO":null,"DIVIDEND_RATE":null,"CURRENT_RATIO":1.694706009619,"COMMON_ACS":10000000000,"CURRENTDEBT_DEBT":91.056085105093,"ISSUED_COMMON_SHARES":1100000000,"HK_COMMON_SHARES":1100000000,"PER_SHARES":10000,"TOTAL_MARKET_CAP":55000000,"HKSK_MARKET_CAP":55000000,"PE_TTM":-1.470226800605,"PB_TTM":0.339699082996,"REPORT_DATE_SQ":"2020-06-30 00:00:00","REPORT_TYPE_SQ":"2020年中报","OPERATE_INCOME_SQ":208648079.24988,"DPS_HKD":null,"OPERATE_INCOME_QOQ_SQ":62.487783580178,"NET_PROFIT_RATIO_SQ":1.3701248232,"HOLDER_PROFIT_SQ":2858739.12696,"HOLDER_PROFIT_QOQ_SQ":5.32523856571,"ROE_AVG_SQ":1.399353677316,"PE_TTM_SQ":-15.246547496792,"PB_TTM_SQ":0.430363440255,"ROA_SQ":0.872677301463,"START_DATE":"2021-01-01 00:00:00","FISCAL_YEAR":"12-31","CURRENCY":"HKD","IS_CNY_CODE":0,"DPS_HKD_LY":null,"ORG_TYPE":"一般企业","PREMIUM_INCOME":null,"PREMIUM_INCOME_YOY":null,"NET_INTEREST_INCOME":null,"NET_INTEREST_INCOME_YOY":null,"FEE_COMMISSION_INCOME":null,"FEE_COMMISSION_INCOME_YOY":null,"ACCOUNTS_RECE_TDAYS":5.696886083594,"INVENTORY_TDAYS":null,"CURRENT_ASSETS_TDAYS":1.201004108693,"TOTAL_ASSETS_TDAYS":1.065701810248,"PREMIUM_EXPENSE":null,"LOAN_DEPOSIT":null,"LOAN_EQUITY":null,"LOAN_ASSETS":null,"DEPOSIT_EQUITY":null,"DEPOSIT_ASSETS":null,"EQUITY_MULTIPLIER":2.36259828862,"EQUITY_RATIO":1.362598288622},{"SECUCODE":"01722.HK","SECURITY_CODE":"01722","SECURITY_NAME_ABBR":"建鹏控股","ORG_CODE":"10703536","STD_REPORT_DATE":"2020-12-31 00:00:00","REPORT_DATE":"2020-12-31 00:00:00","DATE_TYPE_CODE":"001","REPORT_TYPE":"2020年年报","PER_NETCASH_OPERATE":0.018330500393,"PER_OI":0.567249662291,"BPS":0.174456800734,"BASIC_EPS":0.010538526387,"DILUTED_EPS":0.010538526387,"OPERATE_INCOME":567249662.29077,"OPERATE_INCOME_YOY":142.0087142247,"GROSS_PROFIT":34291874.69928,"GROSS_PROFIT_YOY":1.641334984694,"HOLDER_PROFIT":10527906.16661,"HOLDER_PROFIT_YOY":-9.5141131864,"GROSS_PROFIT_RATIO":5.927323356557,"EPS_TTM":0.010527906167,"OPERATE_INCOME_QOQ":40.691118405901,"NET_PROFIT_RATIO":1.8197402348,"ROE_AVG":5.556825188756,"GROSS_PROFIT_QOQ":-12.37809360685,"ROA":3.050018697251,"HOLDER_PROFIT_QOQ":-18.846960962113,"ROE_YEARLY":5.556825188756,"ROIC_YEARLY":3.283860109139,"TOTAL_ASSETS":390848618.5529,"TOTAL_LIABILITIES":198946137.74578,"TAX_EBT":20.543806646526,"OCF_SALES":3.168412461274,"TOTAL_PARENT_EQUITY":191902480.80712,"DEBT_ASSET_RATIO":50.9010722572,"OPERATE_PROFIT":14295633.58497,"PRETAX_PROFIT":13249950.34657,"NETCASH_OPERATE":18330500.39314,"NETCASH_INVEST":-25892097.31082,"NETCASH_FINANCE":7595091.45891,"END_CASH":24596430.42324,"DIVI_RATIO":null,"DIVIDEND_RATE":null,"CURRENT_RATIO":1.937849872191,"COMMON_ACS":10000000000,"CURRENTDEBT_DEBT":89.638888660759,"ISSUED_COMMON_SHARES":1100000000,"HK_COMMON_SHARES":1100000000,"PER_SHARES":10000,"TOTAL_MARKET_CAP":55000000,"HKSK_MARKET_CAP":55000000,"PE_TTM":-1.470226800605,"PB_TTM":0.339699082996,"REPORT_DATE_SQ":"2019-12-31 00:00:00","REPORT_TYPE_SQ":"2019年年报","OPERATE_INCOME_SQ":253072649.13125,"DPS_HKD":null,"OPERATE_INCOME_QOQ_SQ":72.675399298662,"NET_PROFIT_RATIO_SQ":4.8669799231,"HOLDER_PROFIT_SQ":12316995.0241,"HOLDER_PROFIT_QOQ_SQ":82.947087807243,"ROE_AVG_SQ":6.435157049551,"PE_TTM_SQ":-15.246547496792,"PB_TTM_SQ":0.430363440255,"ROA_SQ":4.498179188104,"START_DATE":"2020-01-01 00:00:00","FISCAL_YEAR":"12-31","CURRENCY":"HKD","IS_CNY_CODE":0,"DPS_HKD_LY":null,"ORG_TYPE":"一般企业","PREMIUM_INCOME":null,"PREMIUM_INCOME_YOY":null,"NET_INTEREST_INCOME":null,"NET_INTEREST_INCOME_YOY":null,"FEE_COMMISSION_INCOME":null,"FEE_COMMISSION_INCOME_YOY":null,"ACCOUNTS_RECE_TDAYS":7.172055838743,"INVENTORY_TDAYS":null,"CURRENT_ASSETS_TDAYS":1.924739321809,"TOTAL_ASSETS_TDAYS":1.676073671903,"PREMIUM_EXPENSE":null,"LOAN_DEPOSIT":null,"LOAN_EQUITY":null,"LOAN_ASSETS":null,"DEPOSIT_EQUITY":null,"DEPOSIT_ASSETS":null,"EQUITY_MULTIPLIER":2.036704355823,"EQUITY_RATIO":1.036704355822},{"SECUCODE":"01722.HK","SECURITY_CODE":"01722","SECURITY_NAME_ABBR":"建鹏控股","ORG_CODE":"10703536","STD_REPORT_DATE":"2020-06-30 00:00:00","REPORT_DATE":"2020-06-30 00:00:00","DATE_TYPE_CODE":"002","REPORT_TYPE":"2020年中报","PER_NETCASH_OPERATE":0.01395252559,"PER_OI":0.20864807925,"BPS":0.187017576184,"BASIC_EPS":0.002835699072,"DILUTED_EPS":null,"OPERATE_INCOME":208648079.24988,"OPERATE_INCOME_YOY":296.478968107,"GROSS_PROFIT":15369488.97024,"GROSS_PROFIT_YOY":54.135418963155,"HOLDER_PROFIT":2858739.12696,"HOLDER_PROFIT_YOY":24.555984556,"GROSS_PROFIT_RATIO":7.366225955923,"EPS_TTM":0.012972904393,"OPERATE_INCOME_QOQ":62.487783580178,"NET_PROFIT_RATIO":1.3701248232,"ROE_AVG":1.399353677316,"GROSS_PROFIT_QOQ":15.999912771403,"ROA":0.872677301463,"HOLDER_PROFIT_QOQ":5.32523856571,"ROE_YEARLY":2.798707354632,"ROIC_YEARLY":1.898110421073,"TOTAL_ASSETS":330288049.4112,"TOTAL_LIABILITIES":124568715.60912,"TAX_EBT":29.393740424601,"OCF_SALES":6.68710952929,"TOTAL_PARENT_EQUITY":205719333.80208,"DEBT_ASSET_RATIO":37.7151749302,"OPERATE_PROFIT":3549054.6198,"PRETAX_PROFIT":4048846.58124,"NETCASH_OPERATE":13952525.5902,"NETCASH_INVEST":-24158383.78152,"NETCASH_FINANCE":9644035.31268,"END_CASH":26082228.37068,"DIVI_RATIO":null,"DIVIDEND_RATE":null,"CURRENT_RATIO":2.718928902817,"COMMON_ACS":10000000000,"CURRENTDEBT_DEBT":81.266539566912,"ISSUED_COMMON_SHARES":1100000000,"HK_COMMON_SHARES":1100000000,"PER_SHARES":10000,"TOTAL_MARKET_CAP":55000000,"HKSK_MARKET_CAP":55000000,"PE_TTM":-1.470226800605,"PB_TTM":0.339699082996,"REPORT_DATE_SQ":"2019-06-30 00:00:00","REPORT_TYPE_SQ":"2019年中报","OPERATE_INCOME_SQ":50508589.96012,"DPS_HKD":null,"OPERATE_INCOME_QOQ_SQ":-33.874983857485,"NET_PROFIT_RATIO_SQ":4.3612972755,"HOLDER_PROFIT_SQ":2202829.7578,"HOLDER_PROFIT_QOQ_SQ":-52.973795183421,"ROE_AVG_SQ":1.204976226145,"PE_TTM_SQ":-15.246547496792,"PB_TTM_SQ":0.430363440255,"ROA_SQ":0.976568023242,"START_DATE":"2020-01-01 00:00:00","FISCAL_YEAR":"12-31","CURRENCY":"HKD","IS_CNY_CODE":0,"DPS_HKD_LY":null,"ORG_TYPE":"一般企业","PREMIUM_INCOME":null,"PREMIUM_INCOME_YOY":null,"NET_INTEREST_INCOME":null,"NET_INTEREST_INCOME_YOY":null,"FEE_COMMISSION_INCOME":null,"FEE_COMMISSION_INCOME_YOY":null,"ACCOUNTS_RECE_TDAYS":3.431159103495,"INVENTORY_TDAYS":null,"CURRENT_ASSETS_TDAYS":0.755319166,"TOTAL_ASSETS_TDAYS":0.636932698888,"PREMIUM_EXPENSE":null,"LOAN_DEPOSIT":null,"LOAN_EQUITY":null,"LOAN_ASSETS":null,"DEPOSIT_EQUITY":null,"DEPOSIT_ASSETS":null,"EQUITY_MULTIPLIER":1.605527508313,"EQUITY_RATIO":0.605527508314}],"count":18},"success":true,"message":"ok","code":0}