{"version":"e4a3406e3198e8fe5849213efcbc8b0a","result":{"pages":3,"data":[{"SECUCODE":"01726.HK","SECURITY_CODE":"01726","SECURITY_NAME_ABBR":"HKE HOLDINGS","ORG_CODE":"10724793","STD_REPORT_DATE":"2023-12-31 00:00:00","REPORT_DATE":"2024-06-30 00:00:00","DATE_TYPE_CODE":"001","REPORT_TYPE":"2023年年报","PER_NETCASH_OPERATE":-0.059479107547,"PER_OI":0.090430167187,"BPS":0.131590102728,"BASIC_EPS":-0.063348,"DILUTED_EPS":-0.063348,"OPERATE_INCOME":97309960.832,"OPERATE_INCOME_YOY":37.1276627084,"GROSS_PROFIT":46651958.888,"GROSS_PROFIT_YOY":94.758766862561,"HOLDER_PROFIT":-66770328.189,"HOLDER_PROFIT_YOY":12.9687361415,"GROSS_PROFIT_RATIO":47.94160689114,"EPS_TTM":-0.072269111286,"OPERATE_INCOME_QOQ":14.428327599525,"NET_PROFIT_RATIO":-68.6207943751,"ROE_AVG":-44.466607314768,"GROSS_PROFIT_QOQ":41.820765700957,"ROA":-27.503474848626,"HOLDER_PROFIT_QOQ":2.295366456946,"ROE_YEARLY":-44.466607314768,"ROIC_YEARLY":-44.293131348508,"TOTAL_ASSETS":302035862.842,"TOTAL_LIABILITIES":160413490.342,"TAX_EBT":-1.175150259182,"OCF_SALES":-65.773523810681,"TOTAL_PARENT_EQUITY":141641878.405,"DEBT_ASSET_RATIO":53.1107428213,"OPERATE_PROFIT":-68978523.331,"PRETAX_PROFIT":-65999277.449,"NETCASH_OPERATE":-64004190.258,"NETCASH_INVEST":36342393.907,"NETCASH_FINANCE":43259161.425,"END_CASH":82963259.485,"DIVI_RATIO":null,"DIVIDEND_RATE":null,"CURRENT_RATIO":1.661929073223,"COMMON_ACS":1500000000,"CURRENTDEBT_DEBT":98.900599195093,"ISSUED_COMMON_SHARES":1076387019,"HK_COMMON_SHARES":1076387019,"PER_SHARES":5000,"TOTAL_MARKET_CAP":1711455360.21,"HKSK_MARKET_CAP":1711455360.21,"PE_TTM":-23.393790646447,"PB_TTM":11.027890173708,"REPORT_DATE_SQ":"2022-12-31 00:00:00","REPORT_TYPE_SQ":"2022年年报","OPERATE_INCOME_SQ":71839494.0072,"DPS_HKD":null,"OPERATE_INCOME_QOQ_SQ":22.0755397946,"NET_PROFIT_RATIO_SQ":-108.1270277082,"HOLDER_PROFIT_SQ":-77667488.4006,"HOLDER_PROFIT_QOQ_SQ":-55.309395427917,"ROE_AVG_SQ":-49.684670961992,"PE_TTM_SQ":-23.932340603782,"PB_TTM_SQ":11.571384463939,"ROA_SQ":-42.61487913177,"START_DATE":"2023-07-01 00:00:00","FISCAL_YEAR":"6-30","CURRENCY":"HKD","IS_CNY_CODE":0,"DPS_HKD_LY":null,"ORG_TYPE":"一般企业","PREMIUM_INCOME":null,"PREMIUM_INCOME_YOY":null,"NET_INTEREST_INCOME":null,"NET_INTEREST_INCOME_YOY":null,"FEE_COMMISSION_INCOME":null,"FEE_COMMISSION_INCOME_YOY":null,"ACCOUNTS_RECE_TDAYS":5.131081577047,"INVENTORY_TDAYS":null,"CURRENT_ASSETS_TDAYS":0.476302338498,"TOTAL_ASSETS_TDAYS":0.400831047691,"PREMIUM_EXPENSE":null,"LOAN_DEPOSIT":null,"LOAN_EQUITY":null,"LOAN_ASSETS":null,"DEPOSIT_EQUITY":null,"DEPOSIT_ASSETS":null,"EQUITY_MULTIPLIER":2.132684670582,"EQUITY_RATIO":1.13252868536},{"SECUCODE":"01726.HK","SECURITY_CODE":"01726","SECURITY_NAME_ABBR":"HKE HOLDINGS","ORG_CODE":"10724793","STD_REPORT_DATE":"2023-06-30 00:00:00","REPORT_DATE":"2023-12-31 00:00:00","DATE_TYPE_CODE":"002","REPORT_TYPE":"2023年中报","PER_NETCASH_OPERATE":-0.028804980793,"PER_OI":0.042382657881,"BPS":0.11756770635,"BASIC_EPS":-0.0349518,"DILUTED_EPS":-0.0349518,"OPERATE_INCOME":44503062.2544,"OPERATE_INCOME_YOY":25.6572206975,"GROSS_PROFIT":21146468.1324,"GROSS_PROFIT_YOY":90.015002440505,"HOLDER_PROFIT":-36626738.6508,"HOLDER_PROFIT_YOY":8.0835838217,"GROSS_PROFIT_RATIO":47.516883246184,"EPS_TTM":-0.073966923231,"OPERATE_INCOME_QOQ":21.579779898989,"NET_PROFIT_RATIO":-82.3108697029,"ROE_AVG":-25.41980105125,"GROSS_PROFIT_QOQ":19.118308747924,"ROA":-19.663104073458,"HOLDER_PROFIT_QOQ":7.854442924754,"ROE_YEARLY":-50.839602102501,"ROIC_YEARLY":-74.031991295045,"TOTAL_ASSETS":185624057.3988,"TOTAL_LIABILITIES":59095067.7276,"TAX_EBT":-0.763984880051,"OCF_SALES":-67.964073592733,"TOTAL_PARENT_EQUITY":126548352.9684,"DEBT_ASSET_RATIO":31.8358883841,"OPERATE_PROFIT":-36173182.5852,"PRETAX_PROFIT":-36353125.206,"NETCASH_OPERATE":-30246093.9816,"NETCASH_INVEST":27136012.914,"NETCASH_FINANCE":-1644772.5588,"END_CASH":62959500.0516,"DIVI_RATIO":null,"DIVIDEND_RATE":null,"CURRENT_RATIO":2.5637052812,"COMMON_ACS":1500000000,"CURRENTDEBT_DEBT":96.917761009098,"ISSUED_COMMON_SHARES":1076387019,"HK_COMMON_SHARES":1076387019,"PER_SHARES":5000,"TOTAL_MARKET_CAP":1732983100.59,"HKSK_MARKET_CAP":1732983100.59,"PE_TTM":-23.688052164013,"PB_TTM":11.166605773377,"REPORT_DATE_SQ":"2022-06-30 00:00:00","REPORT_TYPE_SQ":"2022年中报","OPERATE_INCOME_SQ":34137824.7132,"DPS_HKD":null,"OPERATE_INCOME_QOQ_SQ":-4.440080398709,"NET_PROFIT_RATIO_SQ":-112.5223719523,"HOLDER_PROFIT_SQ":-38409492.1275,"HOLDER_PROFIT_QOQ_SQ":-639.996965080686,"ROE_AVG_SQ":-30.09446311667,"PE_TTM_SQ":-25.428111891519,"PB_TTM_SQ":12.294595992935,"ROA_SQ":-24.884057239082,"START_DATE":"2023-07-01 00:00:00","FISCAL_YEAR":"6-30","CURRENCY":"HKD","IS_CNY_CODE":0,"DPS_HKD_LY":null,"ORG_TYPE":"一般企业","PREMIUM_INCOME":null,"PREMIUM_INCOME_YOY":null,"NET_INTEREST_INCOME":null,"NET_INTEREST_INCOME_YOY":null,"FEE_COMMISSION_INCOME":null,"FEE_COMMISSION_INCOME_YOY":null,"ACCOUNTS_RECE_TDAYS":1.833942412948,"INVENTORY_TDAYS":null,"CURRENT_ASSETS_TDAYS":0.302258892782,"TOTAL_ASSETS_TDAYS":0.238915168789,"PREMIUM_EXPENSE":null,"LOAN_DEPOSIT":null,"LOAN_EQUITY":null,"LOAN_ASSETS":null,"DEPOSIT_EQUITY":null,"DEPOSIT_ASSETS":null,"EQUITY_MULTIPLIER":1.467047653514,"EQUITY_RATIO":0.46697619006},{"SECUCODE":"01726.HK","SECURITY_CODE":"01726","SECURITY_NAME_ABBR":"HKE HOLDINGS","ORG_CODE":"10724793","STD_REPORT_DATE":"2022-12-31 00:00:00","REPORT_DATE":"2023-06-30 00:00:00","DATE_TYPE_CODE":"001","REPORT_TYPE":"2022年年报","PER_NETCASH_OPERATE":-0.075515668859,"PER_OI":0.068416610961,"BPS":0.149234990145,"BASIC_EPS":-0.07855974,"DILUTED_EPS":-0.07855974,"OPERATE_INCOME":71839494.0072,"OPERATE_INCOME_YOY":33.7777692413,"GROSS_PROFIT":23953714.4538,"GROSS_PROFIT_YOY":64.172708475069,"HOLDER_PROFIT":-77667488.4006,"HOLDER_PROFIT_YOY":-28.9929790322,"GROSS_PROFIT_RATIO":33.343378575856,"EPS_TTM":-0.087799820543,"OPERATE_INCOME_QOQ":22.0755397946,"NET_PROFIT_RATIO":-108.1270277082,"ROE_AVG":-49.684670961992,"GROSS_PROFIT_QOQ":37.823236579432,"ROA":-42.61487913177,"HOLDER_PROFIT_QOQ":-55.309395427917,"ROE_YEARLY":-49.684670961992,"ROIC_YEARLY":-96.492069189383,"TOTAL_ASSETS":185771612.0142,"TOTAL_LIABILITIES":25152156.648,"TAX_EBT":-1.69323693822,"OCF_SALES":-110.376219749339,"TOTAL_PARENT_EQUITY":160634606.1732,"DEBT_ASSET_RATIO":13.5392896553,"OPERATE_PROFIT":-76007927.2536,"PRETAX_PROFIT":-76384538.3718,"NETCASH_OPERATE":-79293717.7722,"NETCASH_INVEST":-24690433.8006,"NETCASH_FINANCE":81859751.4348,"END_CASH":68042824.6896,"DIVI_RATIO":null,"DIVIDEND_RATE":null,"CURRENT_RATIO":6.033196032825,"COMMON_ACS":1500000000,"CURRENTDEBT_DEBT":96.693998011236,"ISSUED_COMMON_SHARES":1076387019,"HK_COMMON_SHARES":1076387019,"PER_SHARES":5000,"TOTAL_MARKET_CAP":1732983100.59,"HKSK_MARKET_CAP":1732983100.59,"PE_TTM":-23.688052164013,"PB_TTM":11.166605773377,"REPORT_DATE_SQ":"2021-12-31 00:00:00","REPORT_TYPE_SQ":"2021年年报","OPERATE_INCOME_SQ":48403109.081,"DPS_HKD":null,"OPERATE_INCOME_QOQ_SQ":2.501994000175,"NET_PROFIT_RATIO_SQ":-112.1316015407,"HOLDER_PROFIT_SQ":-54270913.546,"HOLDER_PROFIT_QOQ_SQ":-704.789317884314,"ROE_AVG_SQ":-40.032863329122,"PE_TTM_SQ":-25.428111891519,"PB_TTM_SQ":12.294595992935,"ROA_SQ":-35.389995635516,"START_DATE":"2022-07-01 00:00:00","FISCAL_YEAR":"6-30","CURRENCY":"HKD","IS_CNY_CODE":0,"DPS_HKD_LY":null,"ORG_TYPE":"一般企业","PREMIUM_INCOME":null,"PREMIUM_INCOME_YOY":null,"NET_INTEREST_INCOME":null,"NET_INTEREST_INCOME_YOY":null,"FEE_COMMISSION_INCOME":null,"FEE_COMMISSION_INCOME_YOY":null,"ACCOUNTS_RECE_TDAYS":3.843959314845,"INVENTORY_TDAYS":null,"CURRENT_ASSETS_TDAYS":0.508107206052,"TOTAL_ASSETS_TDAYS":0.394171540377,"PREMIUM_EXPENSE":null,"LOAN_DEPOSIT":null,"LOAN_EQUITY":null,"LOAN_ASSETS":null,"DEPOSIT_EQUITY":null,"DEPOSIT_ASSETS":null,"EQUITY_MULTIPLIER":1.1565947076,"EQUITY_RATIO":0.15657993783},{"SECUCODE":"01726.HK","SECURITY_CODE":"01726","SECURITY_NAME_ABBR":"HKE HOLDINGS","ORG_CODE":"10724793","STD_REPORT_DATE":"2022-06-30 00:00:00","REPORT_DATE":"2022-12-31 00:00:00","DATE_TYPE_CODE":"002","REPORT_TYPE":"2022年中报","PER_NETCASH_OPERATE":-0.040486511471,"PER_OI":0.035560234076,"BPS":0.100182094899,"BASIC_EPS":-0.04250142,"DILUTED_EPS":-0.04250142,"OPERATE_INCOME":34137824.7132,"OPERATE_INCOME_YOY":32.4965027003,"GROSS_PROFIT":11128841.334,"GROSS_PROFIT_YOY":98.367288649454,"HOLDER_PROFIT":-38409492.1275,"HOLDER_PROFIT_YOY":-316.5837493254,"GROSS_PROFIT_RATIO":32.599737761548,"EPS_TTM":-0.05653220161,"OPERATE_INCOME_QOQ":-4.440080398709,"NET_PROFIT_RATIO":-112.5223719523,"ROE_AVG":-30.09446311667,"GROSS_PROFIT_QOQ":0.162680829418,"ROA":-24.884057239082,"HOLDER_PROFIT_QOQ":-639.996965080686,"ROE_YEARLY":-60.188926233341,"ROIC_YEARLY":-99.325029692361,"TOTAL_ASSETS":135358465.4019,"TOTAL_LIABILITIES":27531543.9321,"TAX_EBT":-1.605712404722,"OCF_SALES":-113.853332304947,"TOTAL_PARENT_EQUITY":107834706.486,"DEBT_ASSET_RATIO":20.3397281805,"OPERATE_PROFIT":-37516107.096,"PRETAX_PROFIT":-37805640.2451,"NETCASH_OPERATE":-38867051.0124,"NETCASH_INVEST":6409157.1219,"NETCASH_FINANCE":-1950250.2201,"END_CASH":53273005.8003,"DIVI_RATIO":null,"DIVIDEND_RATE":null,"CURRENT_RATIO":3.74787085033,"COMMON_ACS":1500000000,"CURRENTDEBT_DEBT":95.25316413993,"ISSUED_COMMON_SHARES":1076387019,"HK_COMMON_SHARES":1076387019,"PER_SHARES":5000,"TOTAL_MARKET_CAP":1732983100.59,"HKSK_MARKET_CAP":1732983100.59,"PE_TTM":-23.688052164013,"PB_TTM":11.166605773377,"REPORT_DATE_SQ":"2021-06-30 00:00:00","REPORT_TYPE_SQ":"2021年中报","OPERATE_INCOME_SQ":23452577.1062,"DPS_HKD":null,"OPERATE_INCOME_QOQ_SQ":33.142463546932,"NET_PROFIT_RATIO_SQ":-35.7853122665,"HOLDER_PROFIT_SQ":-8392577.952,"HOLDER_PROFIT_QOQ_SQ":138.773704629064,"ROE_AVG_SQ":-5.474365454701,"PE_TTM_SQ":-25.428111891519,"PB_TTM_SQ":12.294595992935,"ROA_SQ":-4.916217470768,"START_DATE":"2022-07-01 00:00:00","FISCAL_YEAR":"6-30","CURRENCY":"HKD","IS_CNY_CODE":0,"DPS_HKD_LY":null,"ORG_TYPE":"一般企业","PREMIUM_INCOME":null,"PREMIUM_INCOME_YOY":null,"NET_INTEREST_INCOME":null,"NET_INTEREST_INCOME_YOY":null,"FEE_COMMISSION_INCOME":null,"FEE_COMMISSION_INCOME_YOY":null,"ACCOUNTS_RECE_TDAYS":2.112960658195,"INVENTORY_TDAYS":null,"CURRENT_ASSETS_TDAYS":0.296557212948,"TOTAL_ASSETS_TDAYS":0.221166054829,"PREMIUM_EXPENSE":null,"LOAN_DEPOSIT":null,"LOAN_EQUITY":null,"LOAN_ASSETS":null,"DEPOSIT_EQUITY":null,"DEPOSIT_ASSETS":null,"EQUITY_MULTIPLIER":1.255330890994,"EQUITY_RATIO":0.255312457643},{"SECUCODE":"01726.HK","SECURITY_CODE":"01726","SECURITY_NAME_ABBR":"HKE HOLDINGS","ORG_CODE":"10724793","STD_REPORT_DATE":"2021-12-31 00:00:00","REPORT_DATE":"2022-06-30 00:00:00","DATE_TYPE_CODE":"001","REPORT_TYPE":"2021年年报","PER_NETCASH_OPERATE":-0.047568396842,"PER_OI":0.050419905293,"BPS":0.127288513553,"BASIC_EPS":-0.0602125,"DILUTED_EPS":-0.0602125,"OPERATE_INCOME":48403109.081,"OPERATE_INCOME_YOY":-2.3399589179,"GROSS_PROFIT":14590558.124,"GROSS_PROFIT_YOY":18.174625884592,"HOLDER_PROFIT":-54270913.546,"HOLDER_PROFIT_YOY":-4562.1366221504,"GROSS_PROFIT_RATIO":30.143844891417,"EPS_TTM":-0.007639518036,"OPERATE_INCOME_QOQ":2.501994000175,"NET_PROFIT_RATIO":-112.1316015407,"ROE_AVG":-40.032863329122,"GROSS_PROFIT_QOQ":17.982690664849,"ROA":-35.389995635516,"HOLDER_PROFIT_QOQ":-704.789317884314,"ROE_YEARLY":-40.032863329122,"ROIC_YEARLY":-106.66192425926,"TOTAL_ASSETS":161104926.275,"TOTAL_LIABILITIES":24097485.664,"TAX_EBT":-3.50984096537,"OCF_SALES":-94.344478763918,"TOTAL_PARENT_EQUITY":137011703.656,"DEBT_ASSET_RATIO":14.9576342705,"OPERATE_PROFIT":-51697782.937,"PRETAX_PROFIT":-52434803.205,"NETCASH_OPERATE":-45665660.968,"NETCASH_INVEST":-38302264.709,"NETCASH_FINANCE":51148095.799,"END_CASH":82526573.303,"DIVI_RATIO":null,"DIVIDEND_RATE":null,"CURRENT_RATIO":5.653789791545,"COMMON_ACS":1500000000,"CURRENTDEBT_DEBT":90.002622640423,"ISSUED_COMMON_SHARES":1076387019,"HK_COMMON_SHARES":1076387019,"PER_SHARES":5000,"TOTAL_MARKET_CAP":1732983100.59,"HKSK_MARKET_CAP":1732983100.59,"PE_TTM":-23.688052164013,"PB_TTM":11.166605773377,"REPORT_DATE_SQ":"2020-12-31 00:00:00","REPORT_TYPE_SQ":"2020年年报","OPERATE_INCOME_SQ":49415724.7185,"DPS_HKD":null,"OPERATE_INCOME_QOQ_SQ":-4.417417823606,"NET_PROFIT_RATIO_SQ":2.4539624488,"HOLDER_PROFIT_SQ":1212643.3284,"HOLDER_PROFIT_QOQ_SQ":-1155.67453502096,"ROE_AVG_SQ":0.896432700792,"PE_TTM_SQ":-25.428111891519,"PB_TTM_SQ":12.294595992935,"ROA_SQ":0.832743701879,"START_DATE":"2021-07-01 00:00:00","FISCAL_YEAR":"6-30","CURRENCY":"HKD","IS_CNY_CODE":0,"DPS_HKD_LY":null,"ORG_TYPE":"一般企业","PREMIUM_INCOME":null,"PREMIUM_INCOME_YOY":null,"NET_INTEREST_INCOME":null,"NET_INTEREST_INCOME_YOY":null,"FEE_COMMISSION_INCOME":null,"FEE_COMMISSION_INCOME_YOY":null,"ACCOUNTS_RECE_TDAYS":3.226305498118,"INVENTORY_TDAYS":null,"CURRENT_ASSETS_TDAYS":0.36515828482,"TOTAL_ASSETS_TDAYS":0.315636075975,"PREMIUM_EXPENSE":null,"LOAN_DEPOSIT":null,"LOAN_EQUITY":null,"LOAN_ASSETS":null,"DEPOSIT_EQUITY":null,"DEPOSIT_ASSETS":null,"EQUITY_MULTIPLIER":1.175884503473,"EQUITY_RATIO":0.175879030922},{"SECUCODE":"01726.HK","SECURITY_CODE":"01726","SECURITY_NAME_ABBR":"HKE HOLDINGS","ORG_CODE":"10724793","STD_REPORT_DATE":"2021-06-30 00:00:00","REPORT_DATE":"2021-12-31 00:00:00","DATE_TYPE_CODE":"002","REPORT_TYPE":"2021年中报","PER_NETCASH_OPERATE":-0.003143153441,"PER_OI":0.024429767819,"BPS":0.162815850958,"BASIC_EPS":-0.00990759,"DILUTED_EPS":-0.00990759,"OPERATE_INCOME":23452577.1062,"OPERATE_INCOME_YOY":10.3423736346,"GROSS_PROFIT":5610220.0165,"GROSS_PROFIT_YOY":65.494795349293,"HOLDER_PROFIT":-8392577.952,"HOLDER_PROFIT_YOY":-5796.2438758846,"GROSS_PROFIT_RATIO":23.921550246249,"EPS_TTM":0.001515804161,"OPERATE_INCOME_QOQ":33.142463546932,"NET_PROFIT_RATIO":-35.7853122665,"ROE_AVG":-5.474365454701,"GROSS_PROFIT_QOQ":322.658230166741,"ROA":-4.916217470768,"HOLDER_PROFIT_QOQ":138.773704629064,"ROE_YEARLY":-10.948730909401,"ROIC_YEARLY":-30.497787818286,"TOTAL_ASSETS":198822477.7924,"TOTAL_LIABILITIES":23569609.3336,"TAX_EBT":-8.416332172508,"OCF_SALES":-12.866079874021,"TOTAL_PARENT_EQUITY":175252868.4588,"DEBT_ASSET_RATIO":11.8545999403,"OPERATE_PROFIT":-7725306.4834,"PRETAX_PROFIT":-7741064.2694,"NETCASH_OPERATE":-3033656.879,"NETCASH_INVEST":-64321277.3445,"NETCASH_FINANCE":50977310.5215,"END_CASH":95463757.8125,"DIVI_RATIO":null,"DIVIDEND_RATE":null,"CURRENT_RATIO":7.360026052392,"COMMON_ACS":1500000000,"CURRENTDEBT_DEBT":86.268281414889,"ISSUED_COMMON_SHARES":1076387019,"HK_COMMON_SHARES":1076387019,"PER_SHARES":5000,"TOTAL_MARKET_CAP":1732983100.59,"HKSK_MARKET_CAP":1732983100.59,"PE_TTM":-23.688052164013,"PB_TTM":11.166605773377,"REPORT_DATE_SQ":"2020-06-30 00:00:00","REPORT_TYPE_SQ":"2020年中报","OPERATE_INCOME_SQ":22216198.6386,"DPS_HKD":null,"OPERATE_INCOME_QOQ_SQ":-20.486675519177,"NET_PROFIT_RATIO_SQ":0.6932000074,"HOLDER_PROFIT_SQ":154002.6906,"HOLDER_PROFIT_QOQ_SQ":-96.333387047543,"ROE_AVG_SQ":0.111757319887,"PE_TTM_SQ":-25.428111891519,"PB_TTM_SQ":12.294595992935,"ROA_SQ":0.104032681366,"START_DATE":"2021-07-01 00:00:00","FISCAL_YEAR":"6-30","CURRENCY":"HKD","IS_CNY_CODE":0,"DPS_HKD_LY":null,"ORG_TYPE":"一般企业","PREMIUM_INCOME":null,"PREMIUM_INCOME_YOY":null,"NET_INTEREST_INCOME":null,"NET_INTEREST_INCOME_YOY":null,"FEE_COMMISSION_INCOME":null,"FEE_COMMISSION_INCOME_YOY":null,"ACCOUNTS_RECE_TDAYS":1.949753328245,"INVENTORY_TDAYS":null,"CURRENT_ASSETS_TDAYS":0.162185498911,"TOTAL_ASSETS_TDAYS":0.137380873867,"PREMIUM_EXPENSE":null,"LOAN_DEPOSIT":null,"LOAN_EQUITY":null,"LOAN_ASSETS":null,"DEPOSIT_EQUITY":null,"DEPOSIT_ASSETS":null,"EQUITY_MULTIPLIER":1.134489150112,"EQUITY_RATIO":0.134489150111},{"SECUCODE":"01726.HK","SECURITY_CODE":"01726","SECURITY_NAME_ABBR":"HKE HOLDINGS","ORG_CODE":"10724793","STD_REPORT_DATE":"2020-12-31 00:00:00","REPORT_DATE":"2021-06-30 00:00:00","DATE_TYPE_CODE":"001","REPORT_TYPE":"2020年年报","PER_NETCASH_OPERATE":-0.003714666325,"PER_OI":0.061769655898,"BPS":0.124232221636,"BASIC_EPS":0.00144081,"DILUTED_EPS":0.00144081,"OPERATE_INCOME":49415724.7185,"OPERATE_INCOME_YOY":34.6432929047,"GROSS_PROFIT":12346608.2628,"GROSS_PROFIT_YOY":68.177233339939,"HOLDER_PROFIT":1212643.3284,"HOLDER_PROFIT_YOY":333.068624256,"GROSS_PROFIT_RATIO":24.985180998828,"EPS_TTM":-0.00390936119,"OPERATE_INCOME_QOQ":-4.417417823606,"NET_PROFIT_RATIO":2.4539624488,"ROE_AVG":0.896432700792,"GROSS_PROFIT_QOQ":-60.209639529889,"ROA":0.832743701879,"HOLDER_PROFIT_QOQ":-1155.67453502096,"ROE_YEARLY":0.896432700792,"ROIC_YEARLY":4.282952511662,"TOTAL_ASSETS":145164854.1252,"TOTAL_LIABILITIES":11442903.4146,"TAX_EBT":60.15465219038,"OCF_SALES":-6.013739709432,"TOTAL_PARENT_EQUITY":133721950.7106,"DEBT_ASSET_RATIO":7.8826954937,"OPERATE_PROFIT":3050209.1781,"PRETAX_PROFIT":3043374.936,"NETCASH_OPERATE":-2971733.0601,"NETCASH_INVEST":-135244.032,"NETCASH_FINANCE":-313986.1179,"END_CASH":113408935.8633,"DIVI_RATIO":null,"DIVIDEND_RATE":null,"CURRENT_RATIO":12.558904049101,"COMMON_ACS":1500000000,"CURRENTDEBT_DEBT":98.853772226788,"ISSUED_COMMON_SHARES":1076387019,"HK_COMMON_SHARES":1076387019,"PER_SHARES":5000,"TOTAL_MARKET_CAP":1732983100.59,"HKSK_MARKET_CAP":1732983100.59,"PE_TTM":-23.688052164013,"PB_TTM":11.166605773377,"REPORT_DATE_SQ":"2019-12-31 00:00:00","REPORT_TYPE_SQ":"2019年年报","OPERATE_INCOME_SQ":38830217.3644,"DPS_HKD":null,"OPERATE_INCOME_QOQ_SQ":-7.604107339131,"NET_PROFIT_RATIO_SQ":0.7629497181,"HOLDER_PROFIT_SQ":296255.0339,"HOLDER_PROFIT_QOQ_SQ":-29.711492706171,"ROE_AVG_SQ":0.206625424039,"PE_TTM_SQ":-25.428111891519,"PB_TTM_SQ":12.294595992935,"ROA_SQ":0.19545541929,"START_DATE":"2020-07-01 00:00:00","FISCAL_YEAR":"6-30","CURRENCY":"HKD","IS_CNY_CODE":0,"DPS_HKD_LY":null,"ORG_TYPE":"一般企业","PREMIUM_INCOME":null,"PREMIUM_INCOME_YOY":null,"NET_INTEREST_INCOME":null,"NET_INTEREST_INCOME_YOY":null,"FEE_COMMISSION_INCOME":null,"FEE_COMMISSION_INCOME_YOY":null,"ACCOUNTS_RECE_TDAYS":4.404424905665,"INVENTORY_TDAYS":null,"CURRENT_ASSETS_TDAYS":0.347146495588,"TOTAL_ASSETS_TDAYS":0.339346554501,"PREMIUM_EXPENSE":null,"LOAN_DEPOSIT":null,"LOAN_EQUITY":null,"LOAN_ASSETS":null,"DEPOSIT_EQUITY":null,"DEPOSIT_ASSETS":null,"EQUITY_MULTIPLIER":1.085572363802,"EQUITY_RATIO":0.085572363803},{"SECUCODE":"01726.HK","SECURITY_CODE":"01726","SECURITY_NAME_ABBR":"HKE HOLDINGS","ORG_CODE":"10724793","STD_REPORT_DATE":"2020-06-30 00:00:00","REPORT_DATE":"2020-12-31 00:00:00","DATE_TYPE_CODE":"002","REPORT_TYPE":"2020年中报","PER_NETCASH_OPERATE":-0.004934975265,"PER_OI":0.027770248298,"BPS":0.125520524063,"BASIC_EPS":0.000197256,"DILUTED_EPS":0.000197256,"OPERATE_INCOME":22216198.6386,"OPERATE_INCOME_YOY":-2.602506234,"GROSS_PROFIT":3389967.645,"GROSS_PROFIT_YOY":-56.595714702367,"HOLDER_PROFIT":154002.6906,"HOLDER_PROFIT_YOY":-95.4838691018,"GROSS_PROFIT_RATIO":15.258990523744,"EPS_TTM":0.000370318792,"OPERATE_INCOME_QOQ":-20.486675519177,"NET_PROFIT_RATIO":0.6932000074,"ROE_AVG":0.111757319887,"GROSS_PROFIT_QOQ":-53.727537910314,"ROA":0.104032681366,"HOLDER_PROFIT_QOQ":-96.333387047543,"ROE_YEARLY":0.223514639774,"ROIC_YEARLY":1.08677486101,"TOTAL_ASSETS":146075918.7888,"TOTAL_LIABILITIES":10967256.0696,"TAX_EBT":62.19478239816,"OCF_SALES":-17.770727909952,"TOTAL_PARENT_EQUITY":135108662.7192,"DEBT_ASSET_RATIO":7.5079151721,"OPERATE_PROFIT":412644.7578,"PRETAX_PROFIT":407358.297,"NETCASH_OPERATE":-3947980.212,"NETCASH_INVEST":177130.9566,"NETCASH_FINANCE":-196264.7886,"END_CASH":114930518.004,"DIVI_RATIO":null,"DIVIDEND_RATE":null,"CURRENT_RATIO":13.195993998145,"COMMON_ACS":1500000000,"CURRENTDEBT_DEBT":98.772012496605,"ISSUED_COMMON_SHARES":1076387019,"HK_COMMON_SHARES":1076387019,"PER_SHARES":5000,"TOTAL_MARKET_CAP":1732983100.59,"HKSK_MARKET_CAP":1732983100.59,"PE_TTM":-23.688052164013,"PB_TTM":11.166605773377,"REPORT_DATE_SQ":"2019-06-30 00:00:00","REPORT_TYPE_SQ":"2019年中报","OPERATE_INCOME_SQ":23931491.5814,"DPS_HKD":null,"OPERATE_INCOME_QOQ_SQ":-3.292695341439,"NET_PROFIT_RATIO_SQ":14.9499527179,"HOLDER_PROFIT_SQ":3577746.6761,"HOLDER_PROFIT_QOQ_SQ":190.892185009601,"ROE_AVG_SQ":2.445808377092,"PE_TTM_SQ":-25.428111891519,"PB_TTM_SQ":12.294595992935,"ROA_SQ":2.328127035589,"START_DATE":"2020-07-01 00:00:00","FISCAL_YEAR":"6-30","CURRENCY":"HKD","IS_CNY_CODE":0,"DPS_HKD_LY":null,"ORG_TYPE":"一般企业","PREMIUM_INCOME":null,"PREMIUM_INCOME_YOY":null,"NET_INTEREST_INCOME":null,"NET_INTEREST_INCOME_YOY":null,"FEE_COMMISSION_INCOME":null,"FEE_COMMISSION_INCOME_YOY":null,"ACCOUNTS_RECE_TDAYS":2.465357587883,"INVENTORY_TDAYS":null,"CURRENT_ASSETS_TDAYS":0.153531515315,"TOTAL_ASSETS_TDAYS":0.150075995759,"PREMIUM_EXPENSE":null,"LOAN_DEPOSIT":null,"LOAN_EQUITY":null,"LOAN_ASSETS":null,"DEPOSIT_EQUITY":null,"DEPOSIT_ASSETS":null,"EQUITY_MULTIPLIER":1.081173596487,"EQUITY_RATIO":0.081173596488},{"SECUCODE":"01726.HK","SECURITY_CODE":"01726","SECURITY_NAME_ABBR":"HKE HOLDINGS","ORG_CODE":"10724793","STD_REPORT_DATE":"2019-12-31 00:00:00","REPORT_DATE":"2020-06-30 00:00:00","DATE_TYPE_CODE":"001","REPORT_TYPE":"2019年年报","PER_NETCASH_OPERATE":0.014600200916,"PER_OI":0.048537771706,"BPS":0.134490561448,"BASIC_EPS":0.00050813,"DILUTED_EPS":0.00050813,"OPERATE_INCOME":38830217.3644,"OPERATE_INCOME_YOY":-26.5445207152,"GROSS_PROFIT":7341426.6709,"GROSS_PROFIT_YOY":-60.917558746173,"HOLDER_PROFIT":296255.0339,"HOLDER_PROFIT_YOY":-97.4231982431,"GROSS_PROFIT_RATIO":18.906478431488,"EPS_TTM":0.010099751383,"OPERATE_INCOME_QOQ":-7.604107339131,"NET_PROFIT_RATIO":0.7629497181,"ROE_AVG":0.206625424039,"GROSS_PROFIT_QOQ":-15.538444489777,"ROA":0.19545541929,"HOLDER_PROFIT_QOQ":-29.711492706171,"ROE_YEARLY":0.206625424039,"ROIC_YEARLY":0.975167214592,"TOTAL_ASSETS":154549319.7843,"TOTAL_LIABILITIES":9785425.2636,"TAX_EBT":77.489363016502,"OCF_SALES":30.080080735032,"TOTAL_PARENT_EQUITY":144763894.5207,"DEBT_ASSET_RATIO":6.3315874035,"OPERATE_PROFIT":1322235.5608,"PRETAX_PROFIT":1316066.8626,"NETCASH_OPERATE":11673992.0346,"NETCASH_INVEST":1596041.4113,"NETCASH_FINANCE":-475538.5418,"END_CASH":128236005.905,"DIVI_RATIO":null,"DIVIDEND_RATE":null,"CURRENT_RATIO":15.661997909528,"COMMON_ACS":1500000000,"CURRENTDEBT_DEBT":98.465550438993,"ISSUED_COMMON_SHARES":1076387019,"HK_COMMON_SHARES":1076387019,"PER_SHARES":5000,"TOTAL_MARKET_CAP":1732983100.59,"HKSK_MARKET_CAP":1732983100.59,"PE_TTM":-23.688052164013,"PB_TTM":11.166605773377,"REPORT_DATE_SQ":"2018-12-31 00:00:00","REPORT_TYPE_SQ":"2018年年报","OPERATE_INCOME_SQ":52853925.006,"DPS_HKD":null,"OPERATE_INCOME_QOQ_SQ":-18.905732795405,"NET_PROFIT_RATIO_SQ":21.748990608,"HOLDER_PROFIT_SQ":11495195.1855,"HOLDER_PROFIT_QOQ_SQ":-6.987276726988,"ROE_AVG_SQ":8.438587189854,"PE_TTM_SQ":-25.428111891519,"PB_TTM_SQ":12.294595992935,"ROA_SQ":7.945605351153,"START_DATE":"2019-07-01 00:00:00","FISCAL_YEAR":"6-30","CURRENCY":"HKD","IS_CNY_CODE":0,"DPS_HKD_LY":null,"ORG_TYPE":"一般企业","PREMIUM_INCOME":null,"PREMIUM_INCOME_YOY":null,"NET_INTEREST_INCOME":null,"NET_INTEREST_INCOME_YOY":null,"FEE_COMMISSION_INCOME":null,"FEE_COMMISSION_INCOME_YOY":null,"ACCOUNTS_RECE_TDAYS":3.000892595931,"INVENTORY_TDAYS":null,"CURRENT_ASSETS_TDAYS":0.26254481629,"TOTAL_ASSETS_TDAYS":0.25618388036,"PREMIUM_EXPENSE":null,"LOAN_DEPOSIT":null,"LOAN_EQUITY":null,"LOAN_ASSETS":null,"DEPOSIT_EQUITY":null,"DEPOSIT_ASSETS":null,"EQUITY_MULTIPLIER":1.06759575857,"EQUITY_RATIO":0.067595758569}],"count":19},"success":true,"message":"ok","code":0}