{"version":"7bab7a1bae43fc49049bb89088d88e48","result":{"pages":3,"data":[{"SECUCODE":"01727.HK","SECURITY_CODE":"01727","SECURITY_NAME_ABBR":"河北建设","ORG_CODE":"10685707","STD_REPORT_DATE":"2024-06-30 00:00:00","REPORT_DATE":"2024-06-30 00:00:00","DATE_TYPE_CODE":"002","REPORT_TYPE":"2024年中报","PER_NETCASH_OPERATE":-0.981695354816,"PER_OI":6.253703977584,"BPS":3.509154025798,"BASIC_EPS":0.07,"DILUTED_EPS":0.07,"OPERATE_INCOME":11015171000,"OPERATE_INCOME_YOY":-26.3128632999,"GROSS_PROFIT":649546000,"GROSS_PROFIT_YOY":-19.116432957315,"HOLDER_PROFIT":126889000,"HOLDER_PROFIT_YOY":8.6415630672,"GROSS_PROFIT_RATIO":5.896830834492,"EPS_TTM":0.103037186394,"OPERATE_INCOME_QOQ":-11.743981539233,"NET_PROFIT_RATIO":1.0973865045,"ROE_AVG":2.0753342964,"GROSS_PROFIT_QOQ":-8.54963081937,"ROA":0.200549852951,"HOLDER_PROFIT_QOQ":5.88873654424,"ROE_YEARLY":4.150668592801,"ROIC_YEARLY":0.4517464567,"TOTAL_ASSETS":61655508000,"TOTAL_LIABILITIES":55300025000,"TAX_EBT":22.500048085246,"OCF_SALES":-15.697822575791,"TOTAL_PARENT_EQUITY":6180966000,"DEBT_ASSET_RATIO":89.6919460951,"OPERATE_PROFIT":334597000,"PRETAX_PROFIT":155973000,"NETCASH_OPERATE":-1729142000,"NETCASH_INVEST":37046000,"NETCASH_FINANCE":4274000,"END_CASH":4839883000,"DIVI_RATIO":null,"DIVIDEND_RATE":null,"CURRENT_RATIO":1.058052988322,"COMMON_ACS":null,"CURRENTDEBT_DEBT":94.21151075429,"ISSUED_COMMON_SHARES":1761383500,"HK_COMMON_SHARES":461383500,"PER_SHARES":500,"TOTAL_MARKET_CAP":933533255,"HKSK_MARKET_CAP":244533255,"PE_TTM":4.633350428562,"PB_TTM":0.137845303011,"REPORT_DATE_SQ":"2023-06-30 00:00:00","REPORT_TYPE_SQ":"2023年中报","OPERATE_INCOME_SQ":14948567000,"DPS_HKD":null,"OPERATE_INCOME_QOQ_SQ":-4.101028000337,"NET_PROFIT_RATIO_SQ":0.743823806,"HOLDER_PROFIT_SQ":116796000,"HOLDER_PROFIT_QOQ_SQ":-12.988905042467,"ROE_AVG_SQ":1.932953829204,"PE_TTM_SQ":3.048319735978,"PB_TTM_SQ":0.141331856101,"ROA_SQ":0.180266284028,"START_DATE":"2024-01-01 00:00:00","FISCAL_YEAR":"12-31","CURRENCY":"HKD","IS_CNY_CODE":0,"DPS_HKD_LY":null,"ORG_TYPE":"一般企业","PREMIUM_INCOME":null,"PREMIUM_INCOME_YOY":null,"NET_INTEREST_INCOME":null,"NET_INTEREST_INCOME_YOY":null,"FEE_COMMISSION_INCOME":null,"FEE_COMMISSION_INCOME_YOY":null,"ACCOUNTS_RECE_TDAYS":1.46423273269,"INVENTORY_TDAYS":40.990372885109,"CURRENT_ASSETS_TDAYS":0.194233923542,"TOTAL_ASSETS_TDAYS":0.1740963302,"PREMIUM_EXPENSE":null,"LOAN_DEPOSIT":null,"LOAN_EQUITY":null,"LOAN_ASSETS":null,"DEPOSIT_EQUITY":null,"DEPOSIT_ASSETS":null,"EQUITY_MULTIPLIER":9.70115221773,"EQUITY_RATIO":8.946825625638},{"SECUCODE":"01727.HK","SECURITY_CODE":"01727","SECURITY_NAME_ABBR":"河北建设","ORG_CODE":"10685707","STD_REPORT_DATE":"2023-12-31 00:00:00","REPORT_DATE":"2023-12-31 00:00:00","DATE_TYPE_CODE":"001","REPORT_TYPE":"2023年年报","PER_NETCASH_OPERATE":-0.755437416099,"PER_OI":19.015090126597,"BPS":3.433283552389,"BASIC_EPS":0.1,"DILUTED_EPS":0.1,"OPERATE_INCOME":33492866000,"OPERATE_INCOME_YOY":-16.2804306092,"GROSS_PROFIT":1795598000,"GROSS_PROFIT_YOY":9.849247706781,"HOLDER_PROFIT":171395000,"HOLDER_PROFIT_YOY":-47.5415104446,"GROSS_PROFIT_RATIO":5.361135711706,"EPS_TTM":0.09730703166,"OPERATE_INCOME_QOQ":-12.700243135996,"NET_PROFIT_RATIO":0.471948265,"ROE_AVG":2.846589195882,"GROSS_PROFIT_QOQ":15.004608259513,"ROA":0.258675372761,"HOLDER_PROFIT_QOQ":-39.710574173283,"ROE_YEARLY":2.846589195882,"ROIC_YEARLY":0.297167344763,"TOTAL_ASSETS":64885597000,"TOTAL_LIABILITIES":58657741000,"TAX_EBT":30.450641510762,"OCF_SALES":-3.972831109765,"TOTAL_PARENT_EQUITY":6047329000,"DEBT_ASSET_RATIO":90.4017897839,"OPERATE_PROFIT":532303000,"PRETAX_PROFIT":227276000,"NETCASH_OPERATE":-1330615000,"NETCASH_INVEST":-25143000,"NETCASH_FINANCE":-601823000,"END_CASH":6527686000,"DIVI_RATIO":null,"DIVIDEND_RATE":null,"CURRENT_RATIO":1.044851399378,"COMMON_ACS":null,"CURRENTDEBT_DEBT":95.120770163993,"ISSUED_COMMON_SHARES":1761383500,"HK_COMMON_SHARES":461383500,"PER_SHARES":500,"TOTAL_MARKET_CAP":986374760,"HKSK_MARKET_CAP":258374760,"PE_TTM":4.89561554716,"PB_TTM":0.145647867333,"REPORT_DATE_SQ":"2022-12-31 00:00:00","REPORT_TYPE_SQ":"2022年年报","OPERATE_INCOME_SQ":40006018000,"DPS_HKD":null,"OPERATE_INCOME_QOQ_SQ":-9.991805086696,"NET_PROFIT_RATIO_SQ":0.7884788734,"HOLDER_PROFIT_SQ":326725000,"HOLDER_PROFIT_QOQ_SQ":177.136010576764,"ROE_AVG_SQ":5.590540099474,"PE_TTM_SQ":3.220866136127,"PB_TTM_SQ":0.149331772484,"ROA_SQ":0.485550865947,"START_DATE":"2023-01-01 00:00:00","FISCAL_YEAR":"12-31","CURRENCY":"HKD","IS_CNY_CODE":0,"DPS_HKD_LY":null,"ORG_TYPE":"一般企业","PREMIUM_INCOME":null,"PREMIUM_INCOME_YOY":null,"NET_INTEREST_INCOME":null,"NET_INTEREST_INCOME_YOY":null,"FEE_COMMISSION_INCOME":null,"FEE_COMMISSION_INCOME_YOY":null,"ACCOUNTS_RECE_TDAYS":4.226423537083,"INVENTORY_TDAYS":170.217747132362,"CURRENT_ASSETS_TDAYS":0.560906311533,"TOTAL_ASSETS_TDAYS":0.505486134214,"PREMIUM_EXPENSE":null,"LOAN_DEPOSIT":null,"LOAN_EQUITY":null,"LOAN_ASSETS":null,"DEPOSIT_EQUITY":null,"DEPOSIT_ASSETS":null,"EQUITY_MULTIPLIER":10.418609068622,"EQUITY_RATIO":9.699776711338},{"SECUCODE":"01727.HK","SECURITY_CODE":"01727","SECURITY_NAME_ABBR":"河北建设","ORG_CODE":"10685707","STD_REPORT_DATE":"2023-06-30 00:00:00","REPORT_DATE":"2023-06-30 00:00:00","DATE_TYPE_CODE":"002","REPORT_TYPE":"2023年中报","PER_NETCASH_OPERATE":-0.701639364738,"PER_OI":8.48683265172,"BPS":3.457461137793,"BASIC_EPS":0.07,"DILUTED_EPS":0.07,"OPERATE_INCOME":14948567000,"OPERATE_INCOME_YOY":-9.889901427,"GROSS_PROFIT":803063000,"GROSS_PROFIT_YOY":-8.361499786612,"HOLDER_PROFIT":116796000,"HOLDER_PROFIT_YOY":-26.6513433061,"GROSS_PROFIT_RATIO":5.372173801007,"EPS_TTM":0.161399831439,"OPERATE_INCOME_QOQ":-4.101028000337,"NET_PROFIT_RATIO":0.743823806,"ROE_AVG":1.932953829204,"GROSS_PROFIT_QOQ":-4.482742588104,"ROA":0.180266284028,"HOLDER_PROFIT_QOQ":-12.988905042467,"ROE_YEARLY":3.865907658409,"ROIC_YEARLY":0.416475715995,"TOTAL_ASSETS":61949786000,"TOTAL_LIABILITIES":55675803000,"TAX_EBT":29.166879013352,"OCF_SALES":-8.267387770346,"TOTAL_PARENT_EQUITY":6089915000,"DEBT_ASSET_RATIO":89.8724702616,"OPERATE_PROFIT":337850000,"PRETAX_PROFIT":156976000,"NETCASH_OPERATE":-1235856000,"NETCASH_INVEST":-18211000,"NETCASH_FINANCE":105889000,"END_CASH":7341560000,"DIVI_RATIO":null,"DIVIDEND_RATE":null,"CURRENT_RATIO":1.045889961189,"COMMON_ACS":null,"CURRENTDEBT_DEBT":95.029377483788,"ISSUED_COMMON_SHARES":1761383500,"HK_COMMON_SHARES":461383500,"PER_SHARES":500,"TOTAL_MARKET_CAP":986374760,"HKSK_MARKET_CAP":258374760,"PE_TTM":4.89561554716,"PB_TTM":0.145647867333,"REPORT_DATE_SQ":"2022-06-30 00:00:00","REPORT_TYPE_SQ":"2022年中报","OPERATE_INCOME_SQ":16589225000,"DPS_HKD":null,"OPERATE_INCOME_QOQ_SQ":-7.069422086094,"NET_PROFIT_RATIO_SQ":0.9289825173,"HOLDER_PROFIT_SQ":159234000,"HOLDER_PROFIT_QOQ_SQ":-22.427921092564,"ROE_AVG_SQ":2.760231955586,"PE_TTM_SQ":3.220866136127,"PB_TTM_SQ":0.149331772484,"ROA_SQ":0.245610417908,"START_DATE":"2023-01-01 00:00:00","FISCAL_YEAR":"12-31","CURRENCY":"HKD","IS_CNY_CODE":0,"DPS_HKD_LY":null,"ORG_TYPE":"一般企业","PREMIUM_INCOME":null,"PREMIUM_INCOME_YOY":null,"NET_INTEREST_INCOME":null,"NET_INTEREST_INCOME_YOY":null,"FEE_COMMISSION_INCOME":null,"FEE_COMMISSION_INCOME_YOY":null,"ACCOUNTS_RECE_TDAYS":1.883762952269,"INVENTORY_TDAYS":80.723973224221,"CURRENT_ASSETS_TDAYS":0.256711002331,"TOTAL_ASSETS_TDAYS":0.230720454864,"PREMIUM_EXPENSE":null,"LOAN_DEPOSIT":null,"LOAN_EQUITY":null,"LOAN_ASSETS":null,"DEPOSIT_EQUITY":null,"DEPOSIT_ASSETS":null,"EQUITY_MULTIPLIER":9.874076164974,"EQUITY_RATIO":9.142295582122},{"SECUCODE":"01727.HK","SECURITY_CODE":"01727","SECURITY_NAME_ABBR":"河北建设","ORG_CODE":"10685707","STD_REPORT_DATE":"2022-12-31 00:00:00","REPORT_DATE":"2022-12-31 00:00:00","DATE_TYPE_CODE":"001","REPORT_TYPE":"2022年年报","PER_NETCASH_OPERATE":0.019963852279,"PER_OI":22.712837948124,"BPS":3.403462108053,"BASIC_EPS":0.19,"DILUTED_EPS":0.19,"OPERATE_INCOME":40006018000,"OPERATE_INCOME_YOY":-16.3548642972,"GROSS_PROFIT":1634602000,"GROSS_PROFIT_YOY":-34.269652529526,"HOLDER_PROFIT":326725000,"HOLDER_PROFIT_YOY":194.4360141629,"GROSS_PROFIT_RATIO":4.085890277808,"EPS_TTM":0.185493391984,"OPERATE_INCOME_QOQ":-9.991805086696,"NET_PROFIT_RATIO":0.7884788734,"ROE_AVG":5.590540099474,"GROSS_PROFIT_QOQ":-28.418477696817,"ROA":0.485550865947,"HOLDER_PROFIT_QOQ":177.136010576764,"ROE_YEARLY":5.590540099474,"ROIC_YEARLY":0.561892200124,"TOTAL_ASSETS":67631850000,"TOTAL_LIABILITIES":61464375000,"TAX_EBT":26.450693782191,"OCF_SALES":0.08789677593,"TOTAL_PARENT_EQUITY":5994802000,"DEBT_ASSET_RATIO":90.8808128123,"OPERATE_PROFIT":726368000,"PRETAX_PROFIT":428881000,"NETCASH_OPERATE":35164000,"NETCASH_INVEST":-512000,"NETCASH_FINANCE":140233000,"END_CASH":8488419000,"DIVI_RATIO":null,"DIVIDEND_RATE":null,"CURRENT_RATIO":1.040080962636,"COMMON_ACS":null,"CURRENTDEBT_DEBT":95.616883763969,"ISSUED_COMMON_SHARES":1761383500,"HK_COMMON_SHARES":461383500,"PER_SHARES":500,"TOTAL_MARKET_CAP":986374760,"HKSK_MARKET_CAP":258374760,"PE_TTM":4.89561554716,"PB_TTM":0.145647867333,"REPORT_DATE_SQ":"2021-12-31 00:00:00","REPORT_TYPE_SQ":"2021年年报","OPERATE_INCOME_SQ":47828266000,"DPS_HKD":null,"OPERATE_INCOME_QOQ_SQ":4.545454942882,"NET_PROFIT_RATIO_SQ":-0.7488584261,"HOLDER_PROFIT_SQ":-345975000,"HOLDER_PROFIT_QOQ_SQ":-146.280813745057,"ROE_AVG_SQ":-5.795402807925,"PE_TTM_SQ":3.220866136127,"PB_TTM_SQ":0.149331772484,"ROA_SQ":-0.533331236851,"START_DATE":"2022-01-01 00:00:00","FISCAL_YEAR":"12-31","CURRENCY":"HKD","IS_CNY_CODE":0,"DPS_HKD_LY":null,"ORG_TYPE":"一般企业","PREMIUM_INCOME":null,"PREMIUM_INCOME_YOY":null,"NET_INTEREST_INCOME":null,"NET_INTEREST_INCOME_YOY":null,"FEE_COMMISSION_INCOME":null,"FEE_COMMISSION_INCOME_YOY":null,"ACCOUNTS_RECE_TDAYS":4.875895498708,"INVENTORY_TDAYS":171.337296971456,"CURRENT_ASSETS_TDAYS":0.656089105539,"TOTAL_ASSETS_TDAYS":0.594535364082,"PREMIUM_EXPENSE":null,"LOAN_DEPOSIT":null,"LOAN_EQUITY":null,"LOAN_ASSETS":null,"DEPOSIT_EQUITY":null,"DEPOSIT_ASSETS":null,"EQUITY_MULTIPLIER":10.965889606354,"EQUITY_RATIO":10.252944967991},{"SECUCODE":"01727.HK","SECURITY_CODE":"01727","SECURITY_NAME_ABBR":"河北建设","ORG_CODE":"10685707","STD_REPORT_DATE":"2022-06-30 00:00:00","REPORT_DATE":"2022-06-30 00:00:00","DATE_TYPE_CODE":"002","REPORT_TYPE":"2022年中报","PER_NETCASH_OPERATE":-1.098307097801,"PER_OI":9.418292495643,"BPS":3.317865189495,"BASIC_EPS":0.09,"DILUTED_EPS":0.09,"OPERATE_INCOME":16589225000,"OPERATE_INCOME_YOY":-16.9309618978,"GROSS_PROFIT":876338000,"GROSS_PROFIT_YOY":-18.828656511812,"HOLDER_PROFIT":159234000,"HOLDER_PROFIT_YOY":-32.7641462828,"GROSS_PROFIT_RATIO":5.282573477664,"EPS_TTM":-0.240475739667,"OPERATE_INCOME_QOQ":-7.069422086094,"NET_PROFIT_RATIO":0.9289825173,"ROE_AVG":2.760231955586,"GROSS_PROFIT_QOQ":-8.174141376773,"ROA":0.245610417908,"HOLDER_PROFIT_QOQ":-22.427921092564,"ROE_YEARLY":5.520463911173,"ROIC_YEARLY":0.561444632008,"TOTAL_ASSETS":62716628000,"TOTAL_LIABILITIES":56698819000,"TAX_EBT":28.56533649768,"OCF_SALES":-11.661424810381,"TOTAL_PARENT_EQUITY":5844033000,"DEBT_ASSET_RATIO":90.4047631515,"OPERATE_PROFIT":387840000,"PRETAX_PROFIT":215737000,"NETCASH_OPERATE":-1934540000,"NETCASH_INVEST":-53151000,"NETCASH_FINANCE":251805000,"END_CASH":6573777000,"DIVI_RATIO":null,"DIVIDEND_RATE":null,"CURRENT_RATIO":1.039220809435,"COMMON_ACS":null,"CURRENTDEBT_DEBT":95.718108343668,"ISSUED_COMMON_SHARES":1761383500,"HK_COMMON_SHARES":461383500,"PER_SHARES":500,"TOTAL_MARKET_CAP":986374760,"HKSK_MARKET_CAP":258374760,"PE_TTM":4.89561554716,"PB_TTM":0.145647867333,"REPORT_DATE_SQ":"2021-06-30 00:00:00","REPORT_TYPE_SQ":"2021年中报","OPERATE_INCOME_SQ":19970407000,"DPS_HKD":null,"OPERATE_INCOME_QOQ_SQ":13.944860420038,"NET_PROFIT_RATIO_SQ":1.1471023099,"HOLDER_PROFIT_SQ":236829000,"HOLDER_PROFIT_QOQ_SQ":-1.618727758944,"ROE_AVG_SQ":3.791019090198,"PE_TTM_SQ":3.220866136127,"PB_TTM_SQ":0.149331772484,"ROA_SQ":0.383944483757,"START_DATE":"2022-01-01 00:00:00","FISCAL_YEAR":"12-31","CURRENCY":"HKD","IS_CNY_CODE":0,"DPS_HKD_LY":null,"ORG_TYPE":"一般企业","PREMIUM_INCOME":null,"PREMIUM_INCOME_YOY":null,"NET_INTEREST_INCOME":null,"NET_INTEREST_INCOME_YOY":null,"FEE_COMMISSION_INCOME":null,"FEE_COMMISSION_INCOME_YOY":null,"ACCOUNTS_RECE_TDAYS":2.075138275525,"INVENTORY_TDAYS":60.721909200519,"CURRENT_ASSETS_TDAYS":0.283028093719,"TOTAL_ASSETS_TDAYS":0.255880432886,"PREMIUM_EXPENSE":null,"LOAN_DEPOSIT":null,"LOAN_EQUITY":null,"LOAN_ASSETS":null,"DEPOSIT_EQUITY":null,"DEPOSIT_ASSETS":null,"EQUITY_MULTIPLIER":10.421837582429,"EQUITY_RATIO":9.702001853857},{"SECUCODE":"01727.HK","SECURITY_CODE":"01727","SECURITY_NAME_ABBR":"河北建设","ORG_CODE":"10685707","STD_REPORT_DATE":"2021-12-31 00:00:00","REPORT_DATE":"2021-12-31 00:00:00","DATE_TYPE_CODE":"001","REPORT_TYPE":"2021年年报","PER_NETCASH_OPERATE":0.485337236326,"PER_OI":27.153806084819,"BPS":3.23251182948,"BASIC_EPS":-0.2,"DILUTED_EPS":-0.2,"OPERATE_INCOME":47828266000,"OPERATE_INCOME_YOY":19.1241727102,"GROSS_PROFIT":2486830000,"GROSS_PROFIT_YOY":16.22400846479,"HOLDER_PROFIT":-345975000,"HOLDER_PROFIT_YOY":-145.5316533659,"GROSS_PROFIT_RATIO":5.199498555938,"EPS_TTM":-0.196422300992,"OPERATE_INCOME_QOQ":4.545454942882,"NET_PROFIT_RATIO":-0.7488584261,"ROE_AVG":-5.795402807925,"GROSS_PROFIT_QOQ":1.421258973866,"ROA":-0.533331236851,"HOLDER_PROFIT_QOQ":-146.280813745057,"ROE_YEARLY":-5.795402807925,"ROIC_YEARLY":-0.617234581057,"TOTAL_ASSETS":66947253000,"TOTAL_LIABILITIES":61074661000,"TAX_EBT":27.686620351022,"OCF_SALES":1.787363564466,"TOTAL_PARENT_EQUITY":5693693000,"DEBT_ASSET_RATIO":91.2280314175,"OPERATE_PROFIT":-187221000,"PRETAX_PROFIT":-495297000,"NETCASH_OPERATE":854865000,"NETCASH_INVEST":-165085000,"NETCASH_FINANCE":-360966000,"END_CASH":8307228000,"DIVI_RATIO":null,"DIVIDEND_RATE":null,"CURRENT_RATIO":1.025219300408,"COMMON_ACS":null,"CURRENTDEBT_DEBT":97.144753697446,"ISSUED_COMMON_SHARES":1761383500,"HK_COMMON_SHARES":461383500,"PER_SHARES":500,"TOTAL_MARKET_CAP":986374760,"HKSK_MARKET_CAP":258374760,"PE_TTM":4.89561554716,"PB_TTM":0.145647867333,"REPORT_DATE_SQ":"2020-12-31 00:00:00","REPORT_TYPE_SQ":"2020年年报","OPERATE_INCOME_SQ":40149925000,"DPS_HKD":null,"OPERATE_INCOME_QOQ_SQ":14.21988766261,"NET_PROFIT_RATIO_SQ":1.873555181,"HOLDER_PROFIT_SQ":759856000,"HOLDER_PROFIT_QOQ_SQ":62.946633442128,"ROE_AVG_SQ":12.699663804606,"PE_TTM_SQ":3.220866136127,"PB_TTM_SQ":0.149331772484,"ROA_SQ":1.228343384743,"START_DATE":"2021-01-01 00:00:00","FISCAL_YEAR":"12-31","CURRENCY":"HKD","IS_CNY_CODE":0,"DPS_HKD_LY":0.16975,"ORG_TYPE":"一般企业","PREMIUM_INCOME":null,"PREMIUM_INCOME_YOY":null,"NET_INTEREST_INCOME":null,"NET_INTEREST_INCOME_YOY":null,"FEE_COMMISSION_INCOME":null,"FEE_COMMISSION_INCOME_YOY":null,"ACCOUNTS_RECE_TDAYS":6.223131488424,"INVENTORY_TDAYS":150.225500086972,"CURRENT_ASSETS_TDAYS":0.805706196931,"TOTAL_ASSETS_TDAYS":0.737287615065,"PREMIUM_EXPENSE":null,"LOAN_DEPOSIT":null,"LOAN_EQUITY":null,"LOAN_ASSETS":null,"DEPOSIT_EQUITY":null,"DEPOSIT_ASSETS":null,"EQUITY_MULTIPLIER":11.399949630406,"EQUITY_RATIO":10.726721830629},{"SECUCODE":"01727.HK","SECURITY_CODE":"01727","SECURITY_NAME_ABBR":"河北建设","ORG_CODE":"10685707","STD_REPORT_DATE":"2021-06-30 00:00:00","REPORT_DATE":"2021-06-30 00:00:00","DATE_TYPE_CODE":"002","REPORT_TYPE":"2021年中报","PER_NETCASH_OPERATE":-1.062214446769,"PER_OI":11.337909660219,"BPS":3.547364898104,"BASIC_EPS":0.13,"DILUTED_EPS":0.13,"OPERATE_INCOME":19970407000,"OPERATE_INCOME_YOY":38.9578623219,"GROSS_PROFIT":1079615000,"GROSS_PROFIT_YOY":40.699264062889,"HOLDER_PROFIT":236829000,"HOLDER_PROFIT_YOY":-4.937201209,"GROSS_PROFIT_RATIO":5.406074097538,"EPS_TTM":0.424414104027,"OPERATE_INCOME_QOQ":13.944860420038,"NET_PROFIT_RATIO":1.1471023099,"ROE_AVG":3.791019090198,"GROSS_PROFIT_QOQ":14.595312305024,"ROA":0.383944483757,"HOLDER_PROFIT_QOQ":-1.618727758944,"ROE_YEARLY":7.582038180396,"ROIC_YEARLY":0.87462498998,"TOTAL_ASSETS":60572391000,"TOTAL_LIABILITIES":54132733000,"TAX_EBT":18.788641520136,"OCF_SALES":-9.368697393098,"TOTAL_PARENT_EQUITY":6248270000,"DEBT_ASSET_RATIO":89.3686580739,"OPERATE_PROFIT":442017000,"PRETAX_PROFIT":282080000,"NETCASH_OPERATE":-1870967000,"NETCASH_INVEST":-113422000,"NETCASH_FINANCE":-245846000,"END_CASH":5770987000,"DIVI_RATIO":null,"DIVIDEND_RATE":null,"CURRENT_RATIO":1.074177945163,"COMMON_ACS":null,"CURRENTDEBT_DEBT":95.088603784331,"ISSUED_COMMON_SHARES":1761383500,"HK_COMMON_SHARES":461383500,"PER_SHARES":500,"TOTAL_MARKET_CAP":986374760,"HKSK_MARKET_CAP":258374760,"PE_TTM":4.89561554716,"PB_TTM":0.145647867333,"REPORT_DATE_SQ":"2020-06-30 00:00:00","REPORT_TYPE_SQ":"2020年中报","OPERATE_INCOME_SQ":14371556000,"DPS_HKD":null,"OPERATE_INCOME_QOQ_SQ":-14.425575910079,"NET_PROFIT_RATIO_SQ":1.7163555568,"HOLDER_PROFIT_SQ":249129000,"HOLDER_PROFIT_QOQ_SQ":-39.471323896861,"ROE_AVG_SQ":4.366258586144,"PE_TTM_SQ":3.220866136127,"PB_TTM_SQ":0.149331772484,"ROA_SQ":0.409503639095,"START_DATE":"2021-01-01 00:00:00","FISCAL_YEAR":"12-31","CURRENCY":"HKD","IS_CNY_CODE":0,"DPS_HKD_LY":0.16975,"ORG_TYPE":"一般企业","PREMIUM_INCOME":null,"PREMIUM_INCOME_YOY":null,"NET_INTEREST_INCOME":null,"NET_INTEREST_INCOME_YOY":null,"FEE_COMMISSION_INCOME":null,"FEE_COMMISSION_INCOME_YOY":null,"ACCOUNTS_RECE_TDAYS":2.561453362362,"INVENTORY_TDAYS":59.587986379559,"CURRENT_ASSETS_TDAYS":0.352868251089,"TOTAL_ASSETS_TDAYS":0.323757969084,"PREMIUM_EXPENSE":null,"LOAN_DEPOSIT":null,"LOAN_EQUITY":null,"LOAN_ASSETS":null,"DEPOSIT_EQUITY":null,"DEPOSIT_ASSETS":null,"EQUITY_MULTIPLIER":9.406150295524,"EQUITY_RATIO":8.663635374272},{"SECUCODE":"01727.HK","SECURITY_CODE":"01727","SECURITY_NAME_ABBR":"河北建设","ORG_CODE":"10685707","STD_REPORT_DATE":"2020-12-31 00:00:00","REPORT_DATE":"2020-12-31 00:00:00","DATE_TYPE_CODE":"001","REPORT_TYPE":"2020年年报","PER_NETCASH_OPERATE":1.119535864847,"PER_OI":22.794539065456,"BPS":3.546043777519,"BASIC_EPS":0.43,"DILUTED_EPS":0.43,"OPERATE_INCOME":40149925000,"OPERATE_INCOME_YOY":-2.2569889366,"GROSS_PROFIT":2139687000,"GROSS_PROFIT_YOY":4.206973635188,"HOLDER_PROFIT":759856000,"HOLDER_PROFIT_YOY":-1.3705600228,"GROSS_PROFIT_RATIO":5.329242831711,"EPS_TTM":0.431397251081,"OPERATE_INCOME_QOQ":14.21988766261,"NET_PROFIT_RATIO":1.873555181,"ROE_AVG":12.699663804606,"GROSS_PROFIT_QOQ":24.77393079632,"ROA":1.228343384743,"HOLDER_PROFIT_QOQ":62.946633442128,"ROE_YEARLY":12.699663804606,"ROIC_YEARLY":1.409165581203,"TOTAL_ASSETS":62793882000,"TOTAL_LIABILITIES":56353803000,"TAX_EBT":19.644943993061,"OCF_SALES":4.911421378745,"TOTAL_PARENT_EQUITY":6245943000,"DEBT_ASSET_RATIO":89.7440979999,"OPERATE_PROFIT":1199341000,"PRETAX_PROFIT":936134000,"NETCASH_OPERATE":1971932000,"NETCASH_INVEST":-214351000,"NETCASH_FINANCE":-434595000,"END_CASH":8000565000,"DIVI_RATIO":null,"DIVIDEND_RATE":null,"CURRENT_RATIO":1.064824340399,"COMMON_ACS":null,"CURRENTDEBT_DEBT":96.483447621095,"ISSUED_COMMON_SHARES":1761383500,"HK_COMMON_SHARES":461383500,"PER_SHARES":500,"TOTAL_MARKET_CAP":986374760,"HKSK_MARKET_CAP":258374760,"PE_TTM":4.89561554716,"PB_TTM":0.145647867333,"REPORT_DATE_SQ":"2019-12-31 00:00:00","REPORT_TYPE_SQ":"2019年年报","OPERATE_INCOME_SQ":41077029000,"DPS_HKD":null,"OPERATE_INCOME_QOQ_SQ":-12.936207530838,"NET_PROFIT_RATIO_SQ":1.8577852843,"HOLDER_PROFIT_SQ":770415000,"HOLDER_PROFIT_QOQ_SQ":-32.261799880775,"ROE_AVG_SQ":13.847542140581,"PE_TTM_SQ":3.220866136127,"PB_TTM_SQ":0.149331772484,"ROA_SQ":1.266644432316,"START_DATE":"2020-01-01 00:00:00","FISCAL_YEAR":"12-31","CURRENCY":"HKD","IS_CNY_CODE":0,"DPS_HKD_LY":0.1532,"ORG_TYPE":"一般企业","PREMIUM_INCOME":null,"PREMIUM_INCOME_YOY":null,"NET_INTEREST_INCOME":null,"NET_INTEREST_INCOME_YOY":null,"FEE_COMMISSION_INCOME":null,"FEE_COMMISSION_INCOME_YOY":null,"ACCOUNTS_RECE_TDAYS":5.681762541223,"INVENTORY_TDAYS":131.314982976834,"CURRENT_ASSETS_TDAYS":0.696298069337,"TOTAL_ASSETS_TDAYS":0.64904264455,"PREMIUM_EXPENSE":null,"LOAN_DEPOSIT":null,"LOAN_EQUITY":null,"LOAN_ASSETS":null,"DEPOSIT_EQUITY":null,"DEPOSIT_ASSETS":null,"EQUITY_MULTIPLIER":9.750483185099,"EQUITY_RATIO":9.022465142573},{"SECUCODE":"01727.HK","SECURITY_CODE":"01727","SECURITY_NAME_ABBR":"河北建设","ORG_CODE":"10685707","STD_REPORT_DATE":"2020-06-30 00:00:00","REPORT_DATE":"2020-06-30 00:00:00","DATE_TYPE_CODE":"002","REPORT_TYPE":"2020年中报","PER_NETCASH_OPERATE":-0.641662647572,"PER_OI":8.15924300415,"BPS":3.230951692235,"BASIC_EPS":0.14,"DILUTED_EPS":0.14,"OPERATE_INCOME":14371556000,"OPERATE_INCOME_YOY":-29.1942308759,"GROSS_PROFIT":767321000,"GROSS_PROFIT_YOY":-30.607854219891,"HOLDER_PROFIT":249129000,"HOLDER_PROFIT_YOY":-54.9676260163,"GROSS_PROFIT_RATIO":5.339164388324,"EPS_TTM":0.264747569169,"OPERATE_INCOME_QOQ":-14.425575910079,"NET_PROFIT_RATIO":1.7163555568,"ROE_AVG":4.366258586144,"GROSS_PROFIT_QOQ":-16.483376799842,"ROA":0.409503639095,"HOLDER_PROFIT_QOQ":-39.471323896861,"ROE_YEARLY":8.732517172287,"ROIC_YEARLY":0.916005206319,"TOTAL_ASSETS":60747073000,"TOTAL_LIABILITIES":54865168000,"TAX_EBT":22.09982788296,"OCF_SALES":-7.864242396578,"TOTAL_PARENT_EQUITY":5690945000,"DEBT_ASSET_RATIO":90.3173853331,"OPERATE_PROFIT":485438000,"PRETAX_PROFIT":316645000,"NETCASH_OPERATE":-1130214000,"NETCASH_INVEST":-477112000,"NETCASH_FINANCE":56214000,"END_CASH":5127729000,"DIVI_RATIO":null,"DIVIDEND_RATE":null,"CURRENT_RATIO":1.063528317248,"COMMON_ACS":null,"CURRENTDEBT_DEBT":97.094189158411,"ISSUED_COMMON_SHARES":1761383500,"HK_COMMON_SHARES":461383500,"PER_SHARES":500,"TOTAL_MARKET_CAP":986374760,"HKSK_MARKET_CAP":258374760,"PE_TTM":4.89561554716,"PB_TTM":0.145647867333,"REPORT_DATE_SQ":"2019-06-30 00:00:00","REPORT_TYPE_SQ":"2019年中报","OPERATE_INCOME_SQ":20297154000,"DPS_HKD":null,"OPERATE_INCOME_QOQ_SQ":1.13857796149,"NET_PROFIT_RATIO_SQ":2.7991067122,"HOLDER_PROFIT_SQ":553222000,"HOLDER_PROFIT_QOQ_SQ":2.231150900658,"ROE_AVG_SQ":10.231493121805,"PE_TTM_SQ":3.220866136127,"PB_TTM_SQ":0.149331772484,"ROA_SQ":0.920708651852,"START_DATE":"2020-01-01 00:00:00","FISCAL_YEAR":"12-31","CURRENCY":"HKD","IS_CNY_CODE":0,"DPS_HKD_LY":0.1532,"ORG_TYPE":"一般企业","PREMIUM_INCOME":null,"PREMIUM_INCOME_YOY":null,"NET_INTEREST_INCOME":null,"NET_INTEREST_INCOME_YOY":null,"FEE_COMMISSION_INCOME":null,"FEE_COMMISSION_INCOME_YOY":null,"ACCOUNTS_RECE_TDAYS":2.037748428271,"INVENTORY_TDAYS":46.906302796262,"CURRENT_ASSETS_TDAYS":0.251950600028,"TOTAL_ASSETS_TDAYS":0.23623120879,"PREMIUM_EXPENSE":null,"LOAN_DEPOSIT":null,"LOAN_EQUITY":null,"LOAN_ASSETS":null,"DEPOSIT_EQUITY":null,"DEPOSIT_ASSETS":null,"EQUITY_MULTIPLIER":10.327788871104,"EQUITY_RATIO":9.640783384833}],"count":19},"success":true,"message":"ok","code":0}