{"version":"1db23b828ab73ff615e4b4c01fb31aab","result":{"pages":2,"data":[{"SECUCODE":"01721.HK","SECURITY_CODE":"01721","SECURITY_NAME_ABBR":"FSM HOLDINGS","ORG_CODE":"10919636","STD_REPORT_DATE":"2024-06-30 00:00:00","REPORT_DATE":"2024-06-30 00:00:00","DATE_TYPE_CODE":"002","REPORT_TYPE":"2024年中报","PER_NETCASH_OPERATE":-0.001604816,"PER_OI":0.037179997,"BPS":0.175326148,"BASIC_EPS":-0.002180227,"DILUTED_EPS":-0.002180227,"OPERATE_INCOME":37179997,"OPERATE_INCOME_YOY":-17.5196158801,"GROSS_PROFIT":14860385,"GROSS_PROFIT_YOY":-27.322096192416,"HOLDER_PROFIT":-2180227,"HOLDER_PROFIT_YOY":-2653.3333333333,"GROSS_PROFIT_RATIO":39.968763311089,"EPS_TTM":-0.0283192912,"OPERATE_INCOME_QOQ":-9.782946224926,"NET_PROFIT_RATIO":-5.8639784183,"ROE_AVG":-1.226902738994,"GROSS_PROFIT_QOQ":-17.490372118617,"ROA":-0.759421515717,"HOLDER_PROFIT_QOQ":-8.009633479968,"ROE_YEARLY":-2.453805477987,"ROIC_YEARLY":-5.325424712292,"TOTAL_ASSETS":282859378,"TOTAL_LIABILITIES":107533230,"TAX_EBT":-252.991452991453,"OCF_SALES":-4.316342467698,"TOTAL_PARENT_EQUITY":175326148,"DEBT_ASSET_RATIO":38.0164980777,"OPERATE_PROFIT":-1198333,"PRETAX_PROFIT":-617643,"NETCASH_OPERATE":-1604816,"NETCASH_INVEST":1947951,"NETCASH_FINANCE":-1636490,"END_CASH":204350090,"DIVI_RATIO":null,"DIVIDEND_RATE":null,"CURRENT_RATIO":9.186242699546,"COMMON_ACS":2000000000,"CURRENTDEBT_DEBT":22.695139911635,"ISSUED_COMMON_SHARES":1000000000,"HK_COMMON_SHARES":1000000000,"PER_SHARES":5000,"TOTAL_MARKET_CAP":500000000,"HKSK_MARKET_CAP":500000000,"PE_TTM":-16.007995869269,"PB_TTM":2.602806286832,"REPORT_DATE_SQ":"2023-06-30 00:00:00","REPORT_TYPE_SQ":"2023年中报","OPERATE_INCOME_SQ":45634123.8,"DPS_HKD":null,"OPERATE_INCOME_QOQ_SQ":-8.082522137849,"NET_PROFIT_RATIO_SQ":-0.1756645977,"HOLDER_PROFIT_SQ":-80163,"HOLDER_PROFIT_QOQ_SQ":-81.872718665001,"ROE_AVG_SQ":-0.041003772347,"PE_TTM_SQ":241.572261508592,"PB_TTM_SQ":1.875117520812,"ROA_SQ":-0.02919594371,"START_DATE":"2024-01-01 00:00:00","FISCAL_YEAR":"12-31","CURRENCY":"HKD","IS_CNY_CODE":0,"DPS_HKD_LY":null,"ORG_TYPE":"一般企业","PREMIUM_INCOME":null,"PREMIUM_INCOME_YOY":null,"NET_INTEREST_INCOME":null,"NET_INTEREST_INCOME_YOY":null,"FEE_COMMISSION_INCOME":null,"FEE_COMMISSION_INCOME_YOY":null,"ACCOUNTS_RECE_TDAYS":2.496189969874,"INVENTORY_TDAYS":2.953545232274,"CURRENT_ASSETS_TDAYS":0.16331215508,"TOTAL_ASSETS_TDAYS":0.129506192135,"PREMIUM_EXPENSE":null,"LOAN_DEPOSIT":null,"LOAN_EQUITY":null,"LOAN_ASSETS":null,"DEPOSIT_EQUITY":null,"DEPOSIT_ASSETS":null,"EQUITY_MULTIPLIER":1.61333253041,"EQUITY_RATIO":0.613332530411},{"SECUCODE":"01721.HK","SECURITY_CODE":"01721","SECURITY_NAME_ABBR":"FSM HOLDINGS","ORG_CODE":"10919636","STD_REPORT_DATE":"2023-12-31 00:00:00","REPORT_DATE":"2023-12-31 00:00:00","DATE_TYPE_CODE":"001","REPORT_TYPE":"2023年年报","PER_NETCASH_OPERATE":-0.0080550456,"PER_OI":0.0864169812,"BPS":0.1834270464,"BASIC_EPS":-0.02634828,"DILUTED_EPS":-0.02634828,"OPERATE_INCOME":86416981.2,"OPERATE_INCOME_YOY":-31.0287112141,"GROSS_PROFIT":31940568,"GROSS_PROFIT_YOY":-42.460832223148,"HOLDER_PROFIT":-26219227.2,"HOLDER_PROFIT_YOY":-336.5841824357,"GROSS_PROFIT_RATIO":36.960985626283,"EPS_TTM":-0.0262192272,"OPERATE_INCOME_QOQ":-22.153902824259,"NET_PROFIT_RATIO":-30.3403646319,"ROE_AVG":-14.208701226797,"GROSS_PROFIT_QOQ":-37.760681456742,"ROA":-9.846526655897,"HOLDER_PROFIT_QOQ":-1454.00301721251,"ROE_YEARLY":-14.208701226797,"ROIC_YEARLY":-26.663021189337,"TOTAL_ASSETS":296740782,"TOTAL_LIABILITIES":113313735.6,"TAX_EBT":-18.14877635086,"OCF_SALES":-9.321137452554,"TOTAL_PARENT_EQUITY":183427046.4,"DEBT_ASSET_RATIO":38.1861012956,"OPERATE_PROFIT":-21879826.8,"PRETAX_PROFIT":-22191704.4,"NETCASH_OPERATE":-8055045.6,"NETCASH_INVEST":63203608.8,"NETCASH_FINANCE":86841780,"END_CASH":209366659.2,"DIVI_RATIO":null,"DIVIDEND_RATE":null,"CURRENT_RATIO":7.173001310616,"COMMON_ACS":2000000000,"CURRENTDEBT_DEBT":28.965975418782,"ISSUED_COMMON_SHARES":1000000000,"HK_COMMON_SHARES":1000000000,"PER_SHARES":5000,"TOTAL_MARKET_CAP":470000000,"HKSK_MARKET_CAP":470000000,"PE_TTM":-15.047516117113,"PB_TTM":2.446637909622,"REPORT_DATE_SQ":"2022-12-31 00:00:00","REPORT_TYPE_SQ":"2022年年报","OPERATE_INCOME_SQ":120771413.1,"DPS_HKD":null,"OPERATE_INCOME_QOQ_SQ":19.515675995169,"NET_PROFIT_RATIO_SQ":8.8451139436,"HOLDER_PROFIT_SQ":10682369.1,"HOLDER_PROFIT_QOQ_SQ":114.323117069346,"ROE_AVG_SQ":6.133746019464,"PE_TTM_SQ":276.082584581248,"PB_TTM_SQ":2.142991452357,"ROA_SQ":4.904165328194,"START_DATE":"2023-01-01 00:00:00","FISCAL_YEAR":"12-31","CURRENCY":"HKD","IS_CNY_CODE":0,"DPS_HKD_LY":null,"ORG_TYPE":"一般企业","PREMIUM_INCOME":null,"PREMIUM_INCOME_YOY":null,"NET_INTEREST_INCOME":null,"NET_INTEREST_INCOME_YOY":null,"FEE_COMMISSION_INCOME":null,"FEE_COMMISSION_INCOME_YOY":null,"ACCOUNTS_RECE_TDAYS":4.314362416107,"INVENTORY_TDAYS":4.0467345716,"CURRENT_ASSETS_TDAYS":0.428708618988,"TOTAL_ASSETS_TDAYS":0.324535541195,"PREMIUM_EXPENSE":null,"LOAN_DEPOSIT":null,"LOAN_EQUITY":null,"LOAN_ASSETS":null,"DEPOSIT_EQUITY":null,"DEPOSIT_ASSETS":null,"EQUITY_MULTIPLIER":1.61775914634,"EQUITY_RATIO":0.617759146341},{"SECUCODE":"01721.HK","SECURITY_CODE":"01721","SECURITY_NAME_ABBR":"FSM HOLDINGS","ORG_CODE":"10919636","STD_REPORT_DATE":"2023-06-30 00:00:00","REPORT_DATE":"2023-06-30 00:00:00","DATE_TYPE_CODE":"002","REPORT_TYPE":"2023年中报","PER_NETCASH_OPERATE":0.0053816094,"PER_OI":0.0456341238,"BPS":0.2065105764,"BASIC_EPS":-0.000080163,"DILUTED_EPS":-0.000080163,"OPERATE_INCOME":45634123.8,"OPERATE_INCOME_YOY":-25.747826087,"GROSS_PROFIT":20446909.2,"GROSS_PROFIT_YOY":-17.013894461027,"HOLDER_PROFIT":-80163,"HOLDER_PROFIT_YOY":-100.8337965536,"GROSS_PROFIT_RATIO":44.80618339384,"EPS_TTM":0.0019364231,"OPERATE_INCOME_QOQ":-8.082522137849,"NET_PROFIT_RATIO":-0.1756645977,"ROE_AVG":-0.041003772347,"GROSS_PROFIT_QOQ":-7.551738798585,"ROA":-0.02919594371,"HOLDER_PROFIT_QOQ":-81.872718665001,"ROE_YEARLY":-0.082007544694,"ROIC_YEARLY":-0.157133878064,"TOTAL_ASSETS":314768035.8,"TOTAL_LIABILITIES":108257459.4,"TAX_EBT":103.086419753086,"OCF_SALES":11.792949994145,"TOTAL_PARENT_EQUITY":206510576.4,"DEBT_ASSET_RATIO":34.3927740709,"OPERATE_PROFIT":2565216,"PRETAX_PROFIT":2597281.2,"NETCASH_OPERATE":5381609.4,"NETCASH_INVEST":-58449515.4,"NETCASH_FINANCE":87858648,"END_CASH":102277299.6,"DIVI_RATIO":null,"DIVIDEND_RATE":null,"CURRENT_RATIO":9.469333874898,"COMMON_ACS":2000000000,"CURRENTDEBT_DEBT":24.307646739399,"ISSUED_COMMON_SHARES":1000000000,"HK_COMMON_SHARES":1000000000,"PER_SHARES":5000,"TOTAL_MARKET_CAP":470000000,"HKSK_MARKET_CAP":470000000,"PE_TTM":-15.047516117113,"PB_TTM":2.446637909622,"REPORT_DATE_SQ":"2022-06-30 00:00:00","REPORT_TYPE_SQ":"2022年中报","OPERATE_INCOME_SQ":55395500,"DPS_HKD":null,"OPERATE_INCOME_QOQ_SQ":33.233226923802,"NET_PROFIT_RATIO_SQ":15.6434782609,"HOLDER_PROFIT_SQ":8665783,"HOLDER_PROFIT_QOQ_SQ":133.644972940163,"ROE_AVG_SQ":5.362705498338,"PE_TTM_SQ":276.082584581248,"PB_TTM_SQ":2.142991452357,"ROA_SQ":4.351928008128,"START_DATE":"2023-01-01 00:00:00","FISCAL_YEAR":"12-31","CURRENCY":"HKD","IS_CNY_CODE":0,"DPS_HKD_LY":null,"ORG_TYPE":"一般企业","PREMIUM_INCOME":null,"PREMIUM_INCOME_YOY":null,"NET_INTEREST_INCOME":null,"NET_INTEREST_INCOME_YOY":null,"FEE_COMMISSION_INCOME":null,"FEE_COMMISSION_INCOME_YOY":null,"ACCOUNTS_RECE_TDAYS":2.312525389303,"INVENTORY_TDAYS":1.636458333333,"CURRENT_ASSETS_TDAYS":0.219463613349,"TOTAL_ASSETS_TDAYS":0.166202775561,"PREMIUM_EXPENSE":null,"LOAN_DEPOSIT":null,"LOAN_EQUITY":null,"LOAN_ASSETS":null,"DEPOSIT_EQUITY":null,"DEPOSIT_ASSETS":null,"EQUITY_MULTIPLIER":1.52422234874,"EQUITY_RATIO":0.52422234874},{"SECUCODE":"01721.HK","SECURITY_CODE":"01721","SECURITY_NAME_ABBR":"FSM HOLDINGS","ORG_CODE":"10919636","STD_REPORT_DATE":"2022-12-31 00:00:00","REPORT_DATE":"2022-12-31 00:00:00","DATE_TYPE_CODE":"001","REPORT_TYPE":"2022年年报","PER_NETCASH_OPERATE":0.0200274984,"PER_OI":0.1207714131,"BPS":0.1789309782,"BASIC_EPS":0.01088451,"DILUTED_EPS":0.01088451,"OPERATE_INCOME":120771413.1,"OPERATE_INCOME_YOY":44.9427718338,"GROSS_PROFIT":55511001,"GROSS_PROFIT_YOY":136.360791228837,"HOLDER_PROFIT":10682369.1,"HOLDER_PROFIT_YOY":165.6369426752,"GROSS_PROFIT_RATIO":45.963692545384,"EPS_TTM":0.0106823691,"OPERATE_INCOME_QOQ":19.515675995169,"NET_PROFIT_RATIO":8.8451139436,"ROE_AVG":6.133746019464,"GROSS_PROFIT_QOQ":28.150144012793,"ROA":4.904165328194,"HOLDER_PROFIT_QOQ":114.323117069346,"ROE_YEARLY":6.133746019464,"ROIC_YEARLY":10.413035240621,"TOTAL_ASSETS":227304850.5,"TOTAL_LIABILITIES":48373872.3,"TAX_EBT":35.874299937772,"OCF_SALES":16.582979271276,"TOTAL_PARENT_EQUITY":178930978.2,"DEBT_ASSET_RATIO":21.2814958386,"OPERATE_PROFIT":16093525.5,"PRETAX_PROFIT":16658483.4,"NETCASH_OPERATE":20027498.4,"NETCASH_INVEST":-22940400.6,"NETCASH_FINANCE":-3990987,"END_CASH":65187848.7,"DIVI_RATIO":null,"DIVIDEND_RATE":null,"CURRENT_RATIO":4.209176788124,"COMMON_ACS":2000000000,"CURRENTDEBT_DEBT":79.395692703311,"ISSUED_COMMON_SHARES":1000000000,"HK_COMMON_SHARES":1000000000,"PER_SHARES":5000,"TOTAL_MARKET_CAP":470000000,"HKSK_MARKET_CAP":470000000,"PE_TTM":-15.047516117113,"PB_TTM":2.446637909622,"REPORT_DATE_SQ":"2021-12-31 00:00:00","REPORT_TYPE_SQ":"2021年年报","OPERATE_INCOME_SQ":75844960.4,"DPS_HKD":null,"OPERATE_INCOME_QOQ_SQ":28.207891158998,"NET_PROFIT_RATIO_SQ":-19.5322219458,"HOLDER_PROFIT_SQ":-14814206,"HOLDER_PROFIT_QOQ_SQ":41.117004354666,"ROE_AVG_SQ":-9.185180851531,"PE_TTM_SQ":276.082584581248,"PB_TTM_SQ":2.142991452357,"ROA_SQ":-7.667700422456,"START_DATE":"2022-01-01 00:00:00","FISCAL_YEAR":"12-31","CURRENCY":"HKD","IS_CNY_CODE":0,"DPS_HKD_LY":null,"ORG_TYPE":"一般企业","PREMIUM_INCOME":null,"PREMIUM_INCOME_YOY":null,"NET_INTEREST_INCOME":null,"NET_INTEREST_INCOME_YOY":null,"FEE_COMMISSION_INCOME":null,"FEE_COMMISSION_INCOME_YOY":null,"ACCOUNTS_RECE_TDAYS":5.614698795181,"INVENTORY_TDAYS":5.233167082294,"CURRENT_ASSETS_TDAYS":0.807884335344,"TOTAL_ASSETS_TDAYS":0.554449084484,"PREMIUM_EXPENSE":null,"LOAN_DEPOSIT":null,"LOAN_EQUITY":null,"LOAN_ASSETS":null,"DEPOSIT_EQUITY":null,"DEPOSIT_ASSETS":null,"EQUITY_MULTIPLIER":1.270349342449,"EQUITY_RATIO":0.270349342448},{"SECUCODE":"01721.HK","SECURITY_CODE":"01721","SECURITY_NAME_ABBR":"FSM HOLDINGS","ORG_CODE":"10919636","STD_REPORT_DATE":"2022-06-30 00:00:00","REPORT_DATE":"2022-06-30 00:00:00","DATE_TYPE_CODE":"002","REPORT_TYPE":"2022年中报","PER_NETCASH_OPERATE":0.007581958,"PER_OI":0.0553955,"BPS":0.165767421,"BASIC_EPS":0.008665783,"DILUTED_EPS":0.008665783,"OPERATE_INCOME":55395500,"OPERATE_INCOME_YOY":82.9462297168,"GROSS_PROFIT":24638955,"GROSS_PROFIT_YOY":412.51047659318,"HOLDER_PROFIT":8665783,"HOLDER_PROFIT_YOY":177.6100086281,"GROSS_PROFIT_RATIO":44.478260869565,"EPS_TTM":0.0049842356,"OPERATE_INCOME_QOQ":33.233226923802,"NET_PROFIT_RATIO":15.6434782609,"ROE_AVG":5.362705498338,"GROSS_PROFIT_QOQ":84.440519399838,"ROA":4.351928008128,"HOLDER_PROFIT_QOQ":133.644972940163,"ROE_YEARLY":10.725410996676,"ROIC_YEARLY":18.187332558257,"TOTAL_ASSETS":204626160,"TOTAL_LIABILITIES":38858739,"TAX_EBT":32.317531978932,"OCF_SALES":13.686956521739,"TOTAL_PARENT_EQUITY":165767421,"DEBT_ASSET_RATIO":18.9901129944,"OPERATE_PROFIT":12890292,"PRETAX_PROFIT":12803586,"NETCASH_OPERATE":7581958,"NETCASH_INVEST":-32664077,"NETCASH_FINANCE":-2321794,"END_CASH":40010002,"DIVI_RATIO":null,"DIVIDEND_RATE":null,"CURRENT_RATIO":4.744529019981,"COMMON_ACS":2000000000,"CURRENTDEBT_DEBT":78.17032354035,"ISSUED_COMMON_SHARES":1000000000,"HK_COMMON_SHARES":1000000000,"PER_SHARES":5000,"TOTAL_MARKET_CAP":470000000,"HKSK_MARKET_CAP":470000000,"PE_TTM":-15.047516117113,"PB_TTM":2.446637909622,"REPORT_DATE_SQ":"2021-06-30 00:00:00","REPORT_TYPE_SQ":"2021年中报","OPERATE_INCOME_SQ":30189772.2,"DPS_HKD":null,"OPERATE_INCOME_QOQ_SQ":15.994449454718,"NET_PROFIT_RATIO_SQ":-36.8755965638,"HOLDER_PROFIT_SQ":-11132658.6,"HOLDER_PROFIT_QOQ_SQ":-96.296236305162,"ROE_AVG_SQ":-6.717769630928,"PE_TTM_SQ":276.082584581248,"PB_TTM_SQ":2.142991452357,"ROA_SQ":-5.630928811748,"START_DATE":"2022-01-01 00:00:00","FISCAL_YEAR":"12-31","CURRENCY":"HKD","IS_CNY_CODE":0,"DPS_HKD_LY":null,"ORG_TYPE":"一般企业","PREMIUM_INCOME":null,"PREMIUM_INCOME_YOY":null,"NET_INTEREST_INCOME":null,"NET_INTEREST_INCOME_YOY":null,"FEE_COMMISSION_INCOME":null,"FEE_COMMISSION_INCOME_YOY":null,"ACCOUNTS_RECE_TDAYS":2.582528632383,"INVENTORY_TDAYS":2.97668997669,"CURRENT_ASSETS_TDAYS":0.40770744332,"TOTAL_ASSETS_TDAYS":0.278194397407,"PREMIUM_EXPENSE":null,"LOAN_DEPOSIT":null,"LOAN_EQUITY":null,"LOAN_ASSETS":null,"DEPOSIT_EQUITY":null,"DEPOSIT_ASSETS":null,"EQUITY_MULTIPLIER":1.234417226049,"EQUITY_RATIO":0.234417226048},{"SECUCODE":"01721.HK","SECURITY_CODE":"01721","SECURITY_NAME_ABBR":"FSM HOLDINGS","ORG_CODE":"10919636","STD_REPORT_DATE":"2021-12-31 00:00:00","REPORT_DATE":"2021-12-31 00:00:00","DATE_TYPE_CODE":"001","REPORT_TYPE":"2021年年报","PER_NETCASH_OPERATE":-0.0054491745,"PER_OI":0.0758449604,"BPS":0.154180972,"BASIC_EPS":-0.01462549,"DILUTED_EPS":-0.01462549,"OPERATE_INCOME":75844960.4,"OPERATE_INCOME_YOY":55.4438213112,"GROSS_PROFIT":23485706.2,"GROSS_PROFIT_YOY":231.187934624382,"HOLDER_PROFIT":-14814206,"HOLDER_PROFIT_YOY":-20.8156983455,"GROSS_PROFIT_RATIO":30.96541428216,"EPS_TTM":-0.014814206,"OPERATE_INCOME_QOQ":28.207891158998,"NET_PROFIT_RATIO":-19.5322219458,"ROE_AVG":-9.185180851531,"GROSS_PROFIT_QOQ":156.535493859778,"ROA":-7.667700422456,"HOLDER_PROFIT_QOQ":41.117004354666,"ROE_YEARLY":-9.185180851531,"ROIC_YEARLY":-16.801326983787,"TOTAL_ASSETS":189640708.4,"TOTAL_LIABILITIES":35459736.4,"TAX_EBT":-23.622047244095,"OCF_SALES":-7.184623040557,"TOTAL_PARENT_EQUITY":154180972,"DEBT_ASSET_RATIO":18.6983779481,"OPERATE_PROFIT":-11695674.1,"PRETAX_PROFIT":-11983466,"NETCASH_OPERATE":-5095332,"NETCASH_INVEST":25273790.3,"NETCASH_FINANCE":-5368970.2,"END_CASH":65729782.8,"DIVI_RATIO":null,"DIVIDEND_RATE":null,"CURRENT_RATIO":4.74632748119,"COMMON_ACS":2000000000,"CURRENTDEBT_DEBT":74.268227780734,"ISSUED_COMMON_SHARES":1000000000,"HK_COMMON_SHARES":1000000000,"PER_SHARES":5000,"TOTAL_MARKET_CAP":470000000,"HKSK_MARKET_CAP":470000000,"PE_TTM":-15.047516117113,"PB_TTM":2.446637909622,"REPORT_DATE_SQ":"2020-12-31 00:00:00","REPORT_TYPE_SQ":"2020年年报","OPERATE_INCOME_SQ":51000538.8,"DPS_HKD":null,"OPERATE_INCOME_QOQ_SQ":9.682265039752,"NET_PROFIT_RATIO_SQ":-25.1305356798,"HOLDER_PROFIT_SQ":-12816708.6,"HOLDER_PROFIT_QOQ_SQ":-1500.70118616963,"ROE_AVG_SQ":-7.019770959378,"PE_TTM_SQ":276.082584581248,"PB_TTM_SQ":2.142991452357,"ROA_SQ":-5.947572571141,"START_DATE":"2021-01-01 00:00:00","FISCAL_YEAR":"12-31","CURRENCY":"HKD","IS_CNY_CODE":0,"DPS_HKD_LY":null,"ORG_TYPE":"一般企业","PREMIUM_INCOME":null,"PREMIUM_INCOME_YOY":null,"NET_INTEREST_INCOME":null,"NET_INTEREST_INCOME_YOY":null,"FEE_COMMISSION_INCOME":null,"FEE_COMMISSION_INCOME_YOY":null,"ACCOUNTS_RECE_TDAYS":5.14432,"INVENTORY_TDAYS":9.236787349147,"CURRENT_ASSETS_TDAYS":0.604008942158,"TOTAL_ASSETS_TDAYS":0.392566726087,"PREMIUM_EXPENSE":null,"LOAN_DEPOSIT":null,"LOAN_EQUITY":null,"LOAN_ASSETS":null,"DEPOSIT_EQUITY":null,"DEPOSIT_ASSETS":null,"EQUITY_MULTIPLIER":1.229987760099,"EQUITY_RATIO":0.229987760098},{"SECUCODE":"01721.HK","SECURITY_CODE":"01721","SECURITY_NAME_ABBR":"FSM HOLDINGS","ORG_CODE":"10919636","STD_REPORT_DATE":"2021-06-30 00:00:00","REPORT_DATE":"2021-06-30 00:00:00","DATE_TYPE_CODE":"002","REPORT_TYPE":"2021年中报","PER_NETCASH_OPERATE":-0.004082295,"PER_OI":0.0301897722,"BPS":0.160025964,"BASIC_EPS":-0.01104621,"DILUTED_EPS":-0.01104621,"OPERATE_INCOME":30189772.2,"OPERATE_INCOME_YOY":44.9723247232,"GROSS_PROFIT":4807502.7,"GROSS_PROFIT_YOY":75.206793099754,"HOLDER_PROFIT":-11132658.6,"HOLDER_PROFIT_YOY":-1073.9495798319,"GROSS_PROFIT_RATIO":15.924276169265,"EPS_TTM":-0.0251587166,"OPERATE_INCOME_QOQ":15.994449454718,"NET_PROFIT_RATIO":-36.8755965638,"ROE_AVG":-6.717769630928,"GROSS_PROFIT_QOQ":29.100238583519,"ROA":-5.630928811748,"HOLDER_PROFIT_QOQ":-96.296236305162,"ROE_YEARLY":-13.435539261857,"ROIC_YEARLY":-25.195652173913,"TOTAL_ASSETS":195109687.5,"TOTAL_LIABILITIES":35083723.5,"TAX_EBT":-20.228215767635,"OCF_SALES":-13.522112631244,"TOTAL_PARENT_EQUITY":160025964,"DEBT_ASSET_RATIO":17.9815384615,"OPERATE_PROFIT":-9134735.4,"PRETAX_PROFIT":-9259605.6,"NETCASH_OPERATE":-4082295,"NETCASH_INVEST":15551142.6,"NETCASH_FINANCE":-2401350,"END_CASH":60197041.8,"DIVI_RATIO":null,"DIVIDEND_RATE":null,"CURRENT_RATIO":5.218505908272,"COMMON_ACS":2000000000,"CURRENTDEBT_DEBT":68.350444900753,"ISSUED_COMMON_SHARES":1000000000,"HK_COMMON_SHARES":1000000000,"PER_SHARES":5000,"TOTAL_MARKET_CAP":470000000,"HKSK_MARKET_CAP":470000000,"PE_TTM":-15.047516117113,"PB_TTM":2.446637909622,"REPORT_DATE_SQ":"2020-06-30 00:00:00","REPORT_TYPE_SQ":"2020年中报","OPERATE_INCOME_SQ":22032516.8,"DPS_HKD":null,"OPERATE_INCOME_QOQ_SQ":-6.47189610977,"NET_PROFIT_RATIO_SQ":2.905904059,"HOLDER_PROFIT_SQ":1209349.4,"HOLDER_PROFIT_QOQ_SQ":199.751228542479,"ROE_AVG_SQ":0.323404473762,"PE_TTM_SQ":276.082584581248,"PB_TTM_SQ":2.142991452357,"ROA_SQ":0.278075102347,"START_DATE":"2021-01-01 00:00:00","FISCAL_YEAR":"12-31","CURRENCY":"HKD","IS_CNY_CODE":0,"DPS_HKD_LY":null,"ORG_TYPE":"一般企业","PREMIUM_INCOME":null,"PREMIUM_INCOME_YOY":null,"NET_INTEREST_INCOME":null,"NET_INTEREST_INCOME_YOY":null,"FEE_COMMISSION_INCOME":null,"FEE_COMMISSION_INCOME_YOY":null,"ACCOUNTS_RECE_TDAYS":2.331602373887,"INVENTORY_TDAYS":5.652406417112,"CURRENT_ASSETS_TDAYS":0.238137631883,"TOTAL_ASSETS_TDAYS":0.152700683825,"PREMIUM_EXPENSE":null,"LOAN_DEPOSIT":null,"LOAN_EQUITY":null,"LOAN_ASSETS":null,"DEPOSIT_EQUITY":null,"DEPOSIT_ASSETS":null,"EQUITY_MULTIPLIER":1.219237695077,"EQUITY_RATIO":0.219237695078},{"SECUCODE":"01721.HK","SECURITY_CODE":"01721","SECURITY_NAME_ABBR":"FSM HOLDINGS","ORG_CODE":"10919636","STD_REPORT_DATE":"2020-12-31 00:00:00","REPORT_DATE":"2020-12-31 00:00:00","DATE_TYPE_CODE":"001","REPORT_TYPE":"2020年年报","PER_NETCASH_OPERATE":0.0027319956,"PER_OI":0.0510005388,"BPS":0.1760065974,"BASIC_EPS":-0.01282164,"DILUTED_EPS":-0.01282164,"OPERATE_INCOME":51000538.8,"OPERATE_INCOME_YOY":7.6282651681,"GROSS_PROFIT":7091353.2,"GROSS_PROFIT_YOY":-34.452360946538,"HOLDER_PROFIT":-12816708.6,"HOLDER_PROFIT_YOY":-549.75,"GROSS_PROFIT_RATIO":13.90446722104,"EPS_TTM":-0.0128167086,"OPERATE_INCOME_QOQ":9.682265039752,"NET_PROFIT_RATIO":-25.1305356798,"ROE_AVG":-7.019770959378,"GROSS_PROFIT_QOQ":-19.360167134815,"ROA":-5.947572571141,"HOLDER_PROFIT_QOQ":-1500.70118616963,"ROE_YEARLY":-7.019770959378,"ROIC_YEARLY":-12.856789512738,"TOTAL_ASSETS":205668968.4,"TOTAL_LIABILITIES":29662371,"TAX_EBT":4.166666666667,"OCF_SALES":5.356797524657,"TOTAL_PARENT_EQUITY":176006597.4,"DEBT_ASSET_RATIO":14.4223852683,"OPERATE_PROFIT":-13650115.2,"PRETAX_PROFIT":-13373956.8,"NETCASH_OPERATE":2731995.6,"NETCASH_INVEST":-2944045.8,"NETCASH_FINANCE":-4586202,"END_CASH":52282702.8,"DIVI_RATIO":null,"DIVIDEND_RATE":null,"CURRENT_RATIO":7.321193866375,"COMMON_ACS":2000000000,"CURRENTDEBT_DEBT":60.714879467997,"ISSUED_COMMON_SHARES":1000000000,"HK_COMMON_SHARES":1000000000,"PER_SHARES":5000,"TOTAL_MARKET_CAP":470000000,"HKSK_MARKET_CAP":470000000,"PE_TTM":-15.047516117113,"PB_TTM":2.446637909622,"REPORT_DATE_SQ":"2019-12-31 00:00:00","REPORT_TYPE_SQ":"2019年年报","OPERATE_INCOME_SQ":49716005.1,"DPS_HKD":null,"OPERATE_INCOME_QOQ_SQ":-29.016250862175,"NET_PROFIT_RATIO_SQ":0.6140077011,"HOLDER_PROFIT_SQ":-2069560,"HOLDER_PROFIT_QOQ_SQ":-97.240677858366,"ROE_AVG_SQ":0.150879705401,"PE_TTM_SQ":276.082584581248,"PB_TTM_SQ":2.142991452357,"ROA_SQ":0.129461200039,"START_DATE":"2020-01-01 00:00:00","FISCAL_YEAR":"12-31","CURRENCY":"HKD","IS_CNY_CODE":0,"DPS_HKD_LY":null,"ORG_TYPE":"一般企业","PREMIUM_INCOME":null,"PREMIUM_INCOME_YOY":null,"NET_INTEREST_INCOME":null,"NET_INTEREST_INCOME_YOY":null,"FEE_COMMISSION_INCOME":null,"FEE_COMMISSION_INCOME_YOY":null,"ACCOUNTS_RECE_TDAYS":4.652271704903,"INVENTORY_TDAYS":4.647181628392,"CURRENT_ASSETS_TDAYS":0.369647580242,"TOTAL_ASSETS_TDAYS":0.236667162488,"PREMIUM_EXPENSE":null,"LOAN_DEPOSIT":null,"LOAN_EQUITY":null,"LOAN_ASSETS":null,"DEPOSIT_EQUITY":null,"DEPOSIT_ASSETS":null,"EQUITY_MULTIPLIER":1.168529881483,"EQUITY_RATIO":0.168529881483},{"SECUCODE":"01721.HK","SECURITY_CODE":"01721","SECURITY_NAME_ABBR":"FSM HOLDINGS","ORG_CODE":"10919636","STD_REPORT_DATE":"2020-06-30 00:00:00","REPORT_DATE":"2020-06-30 00:00:00","DATE_TYPE_CODE":"002","REPORT_TYPE":"2020年中报","PER_NETCASH_OPERATE":0.0057215438,"PER_OI":0.0220325168,"BPS":0.2010365532,"BASIC_EPS":0.00101626,"DILUTED_EPS":0.00101626,"OPERATE_INCOME":22032516.8,"OPERATE_INCOME_YOY":-12.7565392354,"GROSS_PROFIT":2743902,"GROSS_PROFIT_YOY":-65.043040064668,"HOLDER_PROFIT":1209349.4,"HOLDER_PROFIT_YOY":2000,"GROSS_PROFIT_RATIO":10.608856088561,"EPS_TTM":0.0009150209,"OPERATE_INCOME_QOQ":-6.47189610977,"NET_PROFIT_RATIO":2.905904059,"ROE_AVG":0.323404473762,"GROSS_PROFIT_QOQ":-38.529558588809,"ROA":0.278075102347,"HOLDER_PROFIT_QOQ":199.751228542479,"ROE_YEARLY":0.646808947524,"ROIC_YEARLY":1.096438749538,"TOTAL_ASSETS":228312971.6,"TOTAL_LIABILITIES":27276418.4,"TAX_EBT":19.86531986532,"OCF_SALES":25.968634686347,"TOTAL_PARENT_EQUITY":201036553.2,"DEBT_ASSET_RATIO":11.9469420458,"OPERATE_PROFIT":1168699,"PRETAX_PROFIT":1509146.1,"NETCASH_OPERATE":5853657.6,"NETCASH_INVEST":-16255078.7,"NETCASH_FINANCE":-2332316.7,"END_CASH":46387187.7,"DIVI_RATIO":null,"DIVIDEND_RATE":null,"CURRENT_RATIO":11.168761904762,"COMMON_ACS":2000000000,"CURRENTDEBT_DEBT":48.900894187779,"ISSUED_COMMON_SHARES":1000000000,"HK_COMMON_SHARES":1000000000,"PER_SHARES":5000,"TOTAL_MARKET_CAP":470000000,"HKSK_MARKET_CAP":470000000,"PE_TTM":-15.047516117113,"PB_TTM":2.446637909622,"REPORT_DATE_SQ":"2019-06-30 00:00:00","REPORT_TYPE_SQ":"2019年中报","OPERATE_INCOME_SQ":25250085,"DPS_HKD":null,"OPERATE_INCOME_QOQ_SQ":-29.512461782376,"NET_PROFIT_RATIO_SQ":0.1207243461,"HOLDER_PROFIT_SQ":30483,"HOLDER_PROFIT_QOQ_SQ":7.691663117461,"ROE_AVG_SQ":0.015354104024,"PE_TTM_SQ":276.082584581248,"PB_TTM_SQ":2.142991452357,"ROA_SQ":0.0132824174,"START_DATE":"2020-01-01 00:00:00","FISCAL_YEAR":"12-31","CURRENCY":"HKD","IS_CNY_CODE":0,"DPS_HKD_LY":null,"ORG_TYPE":"一般企业","PREMIUM_INCOME":null,"PREMIUM_INCOME_YOY":null,"NET_INTEREST_INCOME":null,"NET_INTEREST_INCOME_YOY":null,"FEE_COMMISSION_INCOME":null,"FEE_COMMISSION_INCOME_YOY":null,"ACCOUNTS_RECE_TDAYS":2.471359361641,"INVENTORY_TDAYS":1.267495094833,"CURRENT_ASSETS_TDAYS":0.148145617302,"TOTAL_ASSETS_TDAYS":0.095693146332,"PREMIUM_EXPENSE":null,"LOAN_DEPOSIT":null,"LOAN_EQUITY":null,"LOAN_ASSETS":null,"DEPOSIT_EQUITY":null,"DEPOSIT_ASSETS":null,"EQUITY_MULTIPLIER":1.135678900011,"EQUITY_RATIO":0.13567890001}],"count":17},"success":true,"message":"ok","code":0}