{"version":"02dcfbf84ba593a3f3439323aeb691a9","result":{"pages":3,"data":[{"SECUCODE":"01723.HK","SECURITY_CODE":"01723","SECURITY_NAME_ABBR":"港亚控股","ORG_CODE":"10719827","STD_REPORT_DATE":"2024-06-30 00:00:00","REPORT_DATE":"2024-09-30 00:00:00","DATE_TYPE_CODE":"002","REPORT_TYPE":"2024年中报","PER_NETCASH_OPERATE":0.00085219155,"PER_OI":0.22216047545,"BPS":0.23723840425,"BASIC_EPS":0.001533043,"DILUTED_EPS":0.001533043,"OPERATE_INCOME":88864190.18,"OPERATE_INCOME_YOY":-23.6132212955,"GROSS_PROFIT":16663275.62,"GROSS_PROFIT_YOY":-43.026902510473,"HOLDER_PROFIT":623136.89,"HOLDER_PROFIT_YOY":-93.6260492574,"GROSS_PROFIT_RATIO":18.751395344117,"EPS_TTM":0.03363753775,"OPERATE_INCOME_QOQ":0,"NET_PROFIT_RATIO":0.7012238436,"ROE_AVG":0.601473653974,"GROSS_PROFIT_QOQ":0,"ROA":0.501460476424,"HOLDER_PROFIT_QOQ":0,"ROE_YEARLY":1.202947307948,"ROIC_YEARLY":1.871196170953,"TOTAL_ASSETS":123410863.29,"TOTAL_LIABILITIES":28515501.59,"TAX_EBT":16.444981862152,"OCF_SALES":0.383592782773,"TOTAL_PARENT_EQUITY":94895361.7,"DEBT_ASSET_RATIO":23.1061519463,"OPERATE_PROFIT":937861.6,"PRETAX_PROFIT":745780.33,"NETCASH_OPERATE":340876.62,"NETCASH_INVEST":-390475.07,"NETCASH_FINANCE":-2897451.27,"END_CASH":56187829.53,"DIVI_RATIO":1.347527287428,"DIVIDEND_RATE":0.950570342205,"CURRENT_RATIO":3.821369479445,"COMMON_ACS":10000000000,"CURRENTDEBT_DEBT":99.389646121249,"ISSUED_COMMON_SHARES":400000000,"HK_COMMON_SHARES":400000000,"PER_SHARES":2000,"TOTAL_MARKET_CAP":2104000000,"HKSK_MARKET_CAP":2104000000,"PE_TTM":448.42284739983,"PB_TTM":19.994298203934,"REPORT_DATE_SQ":"2023-06-30 00:00:00","REPORT_TYPE_SQ":"2023年中报","OPERATE_INCOME_SQ":118377940.52,"DPS_HKD":0.05,"OPERATE_INCOME_QOQ_SQ":0,"NET_PROFIT_RATIO_SQ":8.4036153918,"HOLDER_PROFIT_SQ":9948026.83,"HOLDER_PROFIT_QOQ_SQ":0,"ROE_AVG_SQ":7.470498044688,"PE_TTM_SQ":15.571126682238,"PB_TTM_SQ":1.161459456769,"ROA_SQ":6.971681763081,"START_DATE":"2024-04-01 00:00:00","FISCAL_YEAR":"3-31","CURRENCY":"HKD","IS_CNY_CODE":0,"DPS_HKD_LY":0.05,"ORG_TYPE":"一般企业","PREMIUM_INCOME":null,"PREMIUM_INCOME_YOY":null,"NET_INTEREST_INCOME":null,"NET_INTEREST_INCOME_YOY":null,"FEE_COMMISSION_INCOME":null,"FEE_COMMISSION_INCOME_YOY":null,"ACCOUNTS_RECE_TDAYS":51.297241020302,"INVENTORY_TDAYS":1.760131904369,"CURRENT_ASSETS_TDAYS":0.822468440271,"TOTAL_ASSETS_TDAYS":0.715121827319,"PREMIUM_EXPENSE":null,"LOAN_DEPOSIT":null,"LOAN_EQUITY":null,"LOAN_ASSETS":null,"DEPOSIT_EQUITY":null,"DEPOSIT_ASSETS":null,"EQUITY_MULTIPLIER":1.300494155659,"EQUITY_RATIO":0.300494155659},{"SECUCODE":"01723.HK","SECURITY_CODE":"01723","SECURITY_NAME_ABBR":"港亚控股","ORG_CODE":"10719827","STD_REPORT_DATE":"2023-12-31 00:00:00","REPORT_DATE":"2024-03-31 00:00:00","DATE_TYPE_CODE":"001","REPORT_TYPE":"2023年年报","PER_NETCASH_OPERATE":0.0994938625,"PER_OI":0.571994521625,"BPS":0.282252076125,"BASIC_EPS":0.033633005,"DILUTED_EPS":0.033633005,"OPERATE_INCOME":228797808.65,"OPERATE_INCOME_YOY":23.373645927,"GROSS_PROFIT":55886087.85,"GROSS_PROFIT_YOY":40.914491285628,"HOLDER_PROFIT":13455015.1,"HOLDER_PROFIT_YOY":276.7005076142,"GROSS_PROFIT_RATIO":24.425971638343,"EPS_TTM":0.020401086575,"OPERATE_INCOME_QOQ":0,"NET_PROFIT_RATIO":5.8807447411,"ROE_AVG":10.088500387444,"GROSS_PROFIT_QOQ":0,"ROA":9.340700835767,"HOLDER_PROFIT_QOQ":0,"ROE_YEARLY":10.088500387444,"ROIC_YEARLY":19.134055705602,"TOTAL_ASSETS":125778373.2,"TOTAL_LIABILITIES":12877542.75,"TAX_EBT":14.078962602756,"OCF_SALES":17.394198499899,"TOTAL_PARENT_EQUITY":112900830.45,"DEBT_ASSET_RATIO":10.2382805743,"OPERATE_PROFIT":16017831.95,"PRETAX_PROFIT":15659744.7,"NETCASH_OPERATE":39797545,"NETCASH_INVEST":-8965779.5,"NETCASH_FINANCE":-59392623.25,"END_CASH":59447016.25,"DIVI_RATIO":2.221817932754,"DIVIDEND_RATE":1.754385964912,"CURRENT_RATIO":9.413057174358,"COMMON_ACS":10000000000,"CURRENTDEBT_DEBT":89.391059486097,"ISSUED_COMMON_SHARES":400000000,"HK_COMMON_SHARES":400000000,"PER_SHARES":2000,"TOTAL_MARKET_CAP":1140000000,"HKSK_MARKET_CAP":1140000000,"PE_TTM":242.966751918159,"PB_TTM":10.833412524945,"REPORT_DATE_SQ":"2022-12-31 00:00:00","REPORT_TYPE_SQ":"2022年年报","OPERATE_INCOME_SQ":179080872.88,"DPS_HKD":0.05,"OPERATE_INCOME_QOQ_SQ":0,"NET_PROFIT_RATIO_SQ":1.9260099331,"HOLDER_PROFIT_SQ":3449115.4,"HOLDER_PROFIT_QOQ_SQ":0,"ROE_AVG_SQ":2.349055310117,"PE_TTM_SQ":14.681348014681,"PB_TTM_SQ":1.095090344953,"ROA_SQ":2.222886706122,"START_DATE":"2023-04-01 00:00:00","FISCAL_YEAR":"3-31","CURRENCY":"HKD","IS_CNY_CODE":0,"DPS_HKD_LY":0.15,"ORG_TYPE":"一般企业","PREMIUM_INCOME":null,"PREMIUM_INCOME_YOY":null,"NET_INTEREST_INCOME":null,"NET_INTEREST_INCOME_YOY":null,"FEE_COMMISSION_INCOME":null,"FEE_COMMISSION_INCOME_YOY":null,"ACCOUNTS_RECE_TDAYS":147.506136762127,"INVENTORY_TDAYS":3.615402841356,"CURRENT_ASSETS_TDAYS":1.737738103025,"TOTAL_ASSETS_TDAYS":1.58835338838,"PREMIUM_EXPENSE":null,"LOAN_DEPOSIT":null,"LOAN_EQUITY":null,"LOAN_ASSETS":null,"DEPOSIT_EQUITY":null,"DEPOSIT_ASSETS":null,"EQUITY_MULTIPLIER":1.114060655698,"EQUITY_RATIO":0.114060655698},{"SECUCODE":"01723.HK","SECURITY_CODE":"01723","SECURITY_NAME_ABBR":"港亚控股","ORG_CODE":"10719827","STD_REPORT_DATE":"2023-06-30 00:00:00","REPORT_DATE":"2023-09-30 00:00:00","DATE_TYPE_CODE":"002","REPORT_TYPE":"2023年中报","PER_NETCASH_OPERATE":0.0871197922,"PER_OI":0.2959448513,"BPS":0.27652321235,"BASIC_EPS":0.024867773,"DILUTED_EPS":0.024867773,"OPERATE_INCOME":118377940.52,"OPERATE_INCOME_YOY":47.3321151211,"GROSS_PROFIT":29247620.99,"GROSS_PROFIT_YOY":21.356338024847,"HOLDER_PROFIT":9948026.83,"HOLDER_PROFIT_YOY":87.2366148532,"GROSS_PROFIT_RATIO":24.706985829897,"EPS_TTM":0.0086227885,"OPERATE_INCOME_QOQ":0,"NET_PROFIT_RATIO":8.4036153918,"ROE_AVG":7.470498044688,"GROSS_PROFIT_QOQ":0,"ROA":6.971681763081,"HOLDER_PROFIT_QOQ":0,"ROE_YEARLY":14.940996089376,"ROIC_YEARLY":28.453508133042,"TOTAL_ASSETS":121084031.39,"TOTAL_LIABILITIES":10474746.45,"TAX_EBT":16.869871942336,"OCF_SALES":29.437846888469,"TOTAL_PARENT_EQUITY":110609284.94,"DEBT_ASSET_RATIO":8.6508074845,"OPERATE_PROFIT":12202643.74,"PRETAX_PROFIT":11966812.83,"NETCASH_OPERATE":34847916.88,"NETCASH_INVEST":-9073525.44,"NETCASH_FINANCE":-58407149.5,"END_CASH":56450762.34,"DIVI_RATIO":5.256710169802,"DIVIDEND_RATE":1.754385964912,"CURRENT_RATIO":12.602860038284,"COMMON_ACS":10000000000,"CURRENTDEBT_DEBT":77.801138852387,"ISSUED_COMMON_SHARES":400000000,"HK_COMMON_SHARES":400000000,"PER_SHARES":2000,"TOTAL_MARKET_CAP":1140000000,"HKSK_MARKET_CAP":1140000000,"PE_TTM":242.966751918159,"PB_TTM":10.833412524945,"REPORT_DATE_SQ":"2022-06-30 00:00:00","REPORT_TYPE_SQ":"2022年中报","OPERATE_INCOME_SQ":79192766.4,"DPS_HKD":0.05,"OPERATE_INCOME_QOQ_SQ":0,"NET_PROFIT_RATIO_SQ":6.612608497,"HOLDER_PROFIT_SQ":5236707.6,"HOLDER_PROFIT_QOQ_SQ":0,"ROE_AVG_SQ":3.433104854968,"PE_TTM_SQ":14.681348014681,"PB_TTM_SQ":1.095090344953,"ROA_SQ":3.220307403092,"START_DATE":"2023-04-01 00:00:00","FISCAL_YEAR":"3-31","CURRENCY":"HKD","IS_CNY_CODE":0,"DPS_HKD_LY":0.15,"ORG_TYPE":"一般企业","PREMIUM_INCOME":null,"PREMIUM_INCOME_YOY":null,"NET_INTEREST_INCOME":null,"NET_INTEREST_INCOME_YOY":null,"FEE_COMMISSION_INCOME":null,"FEE_COMMISSION_INCOME_YOY":null,"ACCOUNTS_RECE_TDAYS":98.513936617029,"INVENTORY_TDAYS":1.909340200309,"CURRENT_ASSETS_TDAYS":0.912101586583,"TOTAL_ASSETS_TDAYS":0.829605049501,"PREMIUM_EXPENSE":null,"LOAN_DEPOSIT":null,"LOAN_EQUITY":null,"LOAN_ASSETS":null,"DEPOSIT_EQUITY":null,"DEPOSIT_ASSETS":null,"EQUITY_MULTIPLIER":1.094700426422,"EQUITY_RATIO":0.094700426422},{"SECUCODE":"01723.HK","SECURITY_CODE":"01723","SECURITY_NAME_ABBR":"港亚控股","ORG_CODE":"10719827","STD_REPORT_DATE":"2022-12-31 00:00:00","REPORT_DATE":"2023-03-31 00:00:00","DATE_TYPE_CODE":"001","REPORT_TYPE":"2022年年报","PER_NETCASH_OPERATE":0.08946252495,"PER_OI":0.4477021822,"BPS":0.371386126925,"BASIC_EPS":0.008666559,"DILUTED_EPS":0.008666559,"OPERATE_INCOME":179080872.88,"OPERATE_INCOME_YOY":11.7839598258,"GROSS_PROFIT":39659574.64,"GROSS_PROFIT_YOY":-17.421287564278,"HOLDER_PROFIT":3449115.4,"HOLDER_PROFIT_YOY":-79.7512591222,"GROSS_PROFIT_RATIO":22.146181220914,"EPS_TTM":0.0331851187,"OPERATE_INCOME_QOQ":0,"NET_PROFIT_RATIO":1.9260099331,"ROE_AVG":2.349055310117,"GROSS_PROFIT_QOQ":0,"ROA":2.222886706122,"HOLDER_PROFIT_QOQ":0,"ROE_YEARLY":2.349055310117,"ROIC_YEARLY":4.041315786774,"TOTAL_ASSETS":156740409.68,"TOTAL_LIABILITIES":8185958.91,"TAX_EBT":11.460674157303,"OCF_SALES":19.982597473701,"TOTAL_PARENT_EQUITY":148554450.77,"DEBT_ASSET_RATIO":5.2226218668,"OPERATE_PROFIT":4117928.64,"PRETAX_PROFIT":3895574.5,"NETCASH_OPERATE":35785009.98,"NETCASH_INVEST":-817632.94,"NETCASH_FINANCE":-4632669.72,"END_CASH":84984802.8,"DIVI_RATIO":1.365898383844,"DIVIDEND_RATE":1.754385964912,"CURRENT_RATIO":22.366348292555,"COMMON_ACS":10000000000,"CURRENTDEBT_DEBT":81.73457384237,"ISSUED_COMMON_SHARES":400000000,"HK_COMMON_SHARES":400000000,"PER_SHARES":2000,"TOTAL_MARKET_CAP":1140000000,"HKSK_MARKET_CAP":1140000000,"PE_TTM":242.966751918159,"PB_TTM":10.833412524945,"REPORT_DATE_SQ":"2021-12-31 00:00:00","REPORT_TYPE_SQ":"2021年年报","OPERATE_INCOME_SQ":148417263.03,"DPS_HKD":0.05,"OPERATE_INCOME_QOQ_SQ":0,"NET_PROFIT_RATIO_SQ":10.6326125801,"HOLDER_PROFIT_SQ":15780632.58,"HOLDER_PROFIT_QOQ_SQ":0,"ROE_AVG_SQ":12.470838567437,"PE_TTM_SQ":14.681348014681,"PB_TTM_SQ":1.095090344953,"ROA_SQ":10.871909484565,"START_DATE":"2022-04-01 00:00:00","FISCAL_YEAR":"3-31","CURRENCY":"HKD","IS_CNY_CODE":0,"DPS_HKD_LY":null,"ORG_TYPE":"一般企业","PREMIUM_INCOME":null,"PREMIUM_INCOME_YOY":null,"NET_INTEREST_INCOME":null,"NET_INTEREST_INCOME_YOY":null,"FEE_COMMISSION_INCOME":null,"FEE_COMMISSION_INCOME_YOY":null,"ACCOUNTS_RECE_TDAYS":244.260298507463,"INVENTORY_TDAYS":2.03567388623,"CURRENT_ASSETS_TDAYS":1.205560826699,"TOTAL_ASSETS_TDAYS":1.154140831721,"PREMIUM_EXPENSE":null,"LOAN_DEPOSIT":null,"LOAN_EQUITY":null,"LOAN_ASSETS":null,"DEPOSIT_EQUITY":null,"DEPOSIT_ASSETS":null,"EQUITY_MULTIPLIER":1.055104097303,"EQUITY_RATIO":0.055104097303},{"SECUCODE":"01723.HK","SECURITY_CODE":"01723","SECURITY_NAME_ABBR":"港亚控股","ORG_CODE":"10719827","STD_REPORT_DATE":"2022-06-30 00:00:00","REPORT_DATE":"2022-09-30 00:00:00","DATE_TYPE_CODE":"002","REPORT_TYPE":"2022年中报","PER_NETCASH_OPERATE":0.1105383957,"PER_OI":0.197981916,"BPS":0.3878849217,"BASIC_EPS":0.01311438,"DILUTED_EPS":0.01311438,"OPERATE_INCOME":79192766.4,"OPERATE_INCOME_YOY":-1.3019218847,"GROSS_PROFIT":24100612.68,"GROSS_PROFIT_YOY":4.558257723735,"HOLDER_PROFIT":5236707.6,"HOLDER_PROFIT_YOY":-37.7084454008,"GROSS_PROFIT_RATIO":30.432846048424,"EPS_TTM":0.03945158145,"OPERATE_INCOME_QOQ":0,"NET_PROFIT_RATIO":6.612608497,"ROE_AVG":3.433104854968,"GROSS_PROFIT_QOQ":0,"ROA":3.220307403092,"HOLDER_PROFIT_QOQ":0,"ROE_YEARLY":6.866209709935,"ROIC_YEARLY":12.29854233598,"TOTAL_ASSETS":166549912.68,"TOTAL_LIABILITIES":11395944,"TAX_EBT":17.167381974249,"OCF_SALES":55.832571950662,"TOTAL_PARENT_EQUITY":155153968.68,"DEBT_ASSET_RATIO":6.8423596366,"OPERATE_PROFIT":6487548.12,"PRETAX_PROFIT":6322035.6,"NETCASH_OPERATE":44215358.28,"NETCASH_INVEST":-904.44,"NETCASH_FINANCE":-2228540.16,"END_CASH":98448294,"DIVI_RATIO":1.148940000224,"DIVIDEND_RATE":1.754385964912,"CURRENT_RATIO":17.992199527866,"COMMON_ACS":10000000000,"CURRENTDEBT_DEBT":77.325396825397,"ISSUED_COMMON_SHARES":400000000,"HK_COMMON_SHARES":400000000,"PER_SHARES":2000,"TOTAL_MARKET_CAP":1140000000,"HKSK_MARKET_CAP":1140000000,"PE_TTM":242.966751918159,"PB_TTM":10.833412524945,"REPORT_DATE_SQ":"2021-06-30 00:00:00","REPORT_TYPE_SQ":"2021年中报","OPERATE_INCOME_SQ":73904917.9,"DPS_HKD":0.05,"OPERATE_INCOME_QOQ_SQ":0,"NET_PROFIT_RATIO_SQ":10.4773713577,"HOLDER_PROFIT_SQ":7743292.7,"HOLDER_PROFIT_QOQ_SQ":0,"ROE_AVG_SQ":6.157810880014,"PE_TTM_SQ":14.681348014681,"PB_TTM_SQ":1.095090344953,"ROA_SQ":5.36158234456,"START_DATE":"2022-04-01 00:00:00","FISCAL_YEAR":"3-31","CURRENCY":"HKD","IS_CNY_CODE":0,"DPS_HKD_LY":null,"ORG_TYPE":"一般企业","PREMIUM_INCOME":null,"PREMIUM_INCOME_YOY":null,"NET_INTEREST_INCOME":null,"NET_INTEREST_INCOME_YOY":null,"FEE_COMMISSION_INCOME":null,"FEE_COMMISSION_INCOME_YOY":null,"ACCOUNTS_RECE_TDAYS":132.767247915087,"INVENTORY_TDAYS":0.784163029905,"CURRENT_ASSETS_TDAYS":0.509475570658,"TOTAL_ASSETS_TDAYS":0.486995019369,"PREMIUM_EXPENSE":null,"LOAN_DEPOSIT":null,"LOAN_EQUITY":null,"LOAN_ASSETS":null,"DEPOSIT_EQUITY":null,"DEPOSIT_ASSETS":null,"EQUITY_MULTIPLIER":1.073449258804,"EQUITY_RATIO":0.073449258804},{"SECUCODE":"01723.HK","SECURITY_CODE":"01723","SECURITY_NAME_ABBR":"港亚控股","ORG_CODE":"10719827","STD_REPORT_DATE":"2021-12-31 00:00:00","REPORT_DATE":"2022-03-31 00:00:00","DATE_TYPE_CODE":"001","REPORT_TYPE":"2021年年报","PER_NETCASH_OPERATE":0.10433238145,"PER_OI":0.371043157575,"BPS":0.336076461425,"BASIC_EPS":0.039415086,"DILUTED_EPS":0.039415086,"OPERATE_INCOME":148417263.03,"OPERATE_INCOME_YOY":34.556082497,"GROSS_PROFIT":48026390.18,"GROSS_PROFIT_YOY":24.275785624891,"HOLDER_PROFIT":15780632.58,"HOLDER_PROFIT_YOY":80.8700501952,"GROSS_PROFIT_RATIO":32.35903236559,"EPS_TTM":0.01205689505,"OPERATE_INCOME_QOQ":0,"NET_PROFIT_RATIO":10.6326125801,"ROE_AVG":12.470838567437,"GROSS_PROFIT_QOQ":0,"ROA":10.871909484565,"HOLDER_PROFIT_QOQ":0,"ROE_YEARLY":12.470838567437,"ROIC_YEARLY":15.006362549647,"TOTAL_ASSETS":142288460.46,"TOTAL_LIABILITIES":7857875.89,"TAX_EBT":16.474931318681,"OCF_SALES":28.118664721343,"TOTAL_PARENT_EQUITY":134430584.57,"DEBT_ASSET_RATIO":5.5224969506,"OPERATE_PROFIT":19104151.56,"PRETAX_PROFIT":18893288.96,"NETCASH_OPERATE":41732952.58,"NETCASH_INVEST":-549053.77,"NETCASH_FINANCE":-19906240.45,"END_CASH":50629732.28,"DIVI_RATIO":3.75946707772,"DIVIDEND_RATE":1.754385964912,"CURRENT_RATIO":18.337289058247,"COMMON_ACS":10000000000,"CURRENTDEBT_DEBT":94.798224791,"ISSUED_COMMON_SHARES":400000000,"HK_COMMON_SHARES":400000000,"PER_SHARES":2000,"TOTAL_MARKET_CAP":1140000000,"HKSK_MARKET_CAP":1140000000,"PE_TTM":242.966751918159,"PB_TTM":10.833412524945,"REPORT_DATE_SQ":"2020-12-31 00:00:00","REPORT_TYPE_SQ":"2020年年报","OPERATE_INCOME_SQ":114948705.9,"DPS_HKD":0.05,"OPERATE_INCOME_QOQ_SQ":0,"NET_PROFIT_RATIO_SQ":7.9100033087,"HOLDER_PROFIT_SQ":9092446.44,"HOLDER_PROFIT_QOQ_SQ":0,"ROE_AVG_SQ":7.634118648879,"PE_TTM_SQ":14.681348014681,"PB_TTM_SQ":1.095090344953,"ROA_SQ":5.837174412579,"START_DATE":"2021-04-01 00:00:00","FISCAL_YEAR":"3-31","CURRENCY":"HKD","IS_CNY_CODE":0,"DPS_HKD_LY":null,"ORG_TYPE":"一般企业","PREMIUM_INCOME":null,"PREMIUM_INCOME_YOY":null,"NET_INTEREST_INCOME":null,"NET_INTEREST_INCOME_YOY":null,"FEE_COMMISSION_INCOME":null,"FEE_COMMISSION_INCOME_YOY":null,"ACCOUNTS_RECE_TDAYS":340.154275092937,"INVENTORY_TDAYS":1.147921805738,"CURRENT_ASSETS_TDAYS":1.077568973588,"TOTAL_ASSETS_TDAYS":1.022505936583,"PREMIUM_EXPENSE":null,"LOAN_DEPOSIT":null,"LOAN_EQUITY":null,"LOAN_ASSETS":null,"DEPOSIT_EQUITY":null,"DEPOSIT_ASSETS":null,"EQUITY_MULTIPLIER":1.058453036674,"EQUITY_RATIO":0.058453036674},{"SECUCODE":"01723.HK","SECURITY_CODE":"01723","SECURITY_NAME_ABBR":"港亚控股","ORG_CODE":"10719827","STD_REPORT_DATE":"2021-06-30 00:00:00","REPORT_DATE":"2021-09-30 00:00:00","DATE_TYPE_CODE":"002","REPORT_TYPE":"2021年中报","PER_NETCASH_OPERATE":0.0132081663,"PER_OI":0.18476229475,"BPS":0.3240478441,"BASIC_EPS":0.019326992,"DILUTED_EPS":0.019326992,"OPERATE_INCOME":73904917.9,"OPERATE_INCOME_YOY":12.2932040555,"GROSS_PROFIT":23049937.14,"GROSS_PROFIT_YOY":-9.612815018198,"HOLDER_PROFIT":7743292.7,"HOLDER_PROFIT_YOY":-32.0093628849,"GROSS_PROFIT_RATIO":31.188637772643,"EPS_TTM":0.0227311161,"OPERATE_INCOME_QOQ":0,"NET_PROFIT_RATIO":10.4773713577,"ROE_AVG":6.157810880014,"GROSS_PROFIT_QOQ":0,"ROA":5.36158234456,"HOLDER_PROFIT_QOQ":0,"ROE_YEARLY":12.315621760028,"ROIC_YEARLY":12.911784521139,"TOTAL_ASSETS":136806779.32,"TOTAL_LIABILITIES":7187641.68,"TAX_EBT":16.223524109959,"OCF_SALES":7.148734712281,"TOTAL_PARENT_EQUITY":129619137.64,"DEBT_ASSET_RATIO":5.2538636723,"OPERATE_PROFIT":9426073.9,"PRETAX_PROFIT":9242800.7,"NETCASH_OPERATE":5283266.52,"NETCASH_INVEST":-273243.68,"NETCASH_FINANCE":-16349635.56,"END_CASH":18810494.8,"DIVI_RATIO":1.994072785542,"DIVIDEND_RATE":1.754385964912,"CURRENT_RATIO":18.094575799722,"COMMON_ACS":10000000000,"CURRENTDEBT_DEBT":100,"ISSUED_COMMON_SHARES":400000000,"HK_COMMON_SHARES":400000000,"PER_SHARES":2000,"TOTAL_MARKET_CAP":1140000000,"HKSK_MARKET_CAP":1140000000,"PE_TTM":242.966751918159,"PB_TTM":10.833412524945,"REPORT_DATE_SQ":"2020-06-30 00:00:00","REPORT_TYPE_SQ":"2020年中报","OPERATE_INCOME_SQ":69421516.16,"DPS_HKD":0.05,"OPERATE_INCOME_QOQ_SQ":0,"NET_PROFIT_RATIO_SQ":17.3044061618,"HOLDER_PROFIT_SQ":12012981.12,"HOLDER_PROFIT_QOQ_SQ":0,"ROE_AVG_SQ":9.602005949015,"PE_TTM_SQ":14.681348014681,"PB_TTM_SQ":1.095090344953,"ROA_SQ":7.546367851623,"START_DATE":"2021-04-01 00:00:00","FISCAL_YEAR":"3-31","CURRENCY":"HKD","IS_CNY_CODE":0,"DPS_HKD_LY":null,"ORG_TYPE":"一般企业","PREMIUM_INCOME":null,"PREMIUM_INCOME_YOY":null,"NET_INTEREST_INCOME":null,"NET_INTEREST_INCOME_YOY":null,"FEE_COMMISSION_INCOME":null,"FEE_COMMISSION_INCOME_YOY":null,"ACCOUNTS_RECE_TDAYS":143.901054339011,"INVENTORY_TDAYS":0.512638350045,"CURRENT_ASSETS_TDAYS":0.542017589682,"TOTAL_ASSETS_TDAYS":0.511729723182,"PREMIUM_EXPENSE":null,"LOAN_DEPOSIT":null,"LOAN_EQUITY":null,"LOAN_ASSETS":null,"DEPOSIT_EQUITY":null,"DEPOSIT_ASSETS":null,"EQUITY_MULTIPLIER":1.055452009717,"EQUITY_RATIO":0.055452009718},{"SECUCODE":"01723.HK","SECURITY_CODE":"01723","SECURITY_NAME_ABBR":"港亚控股","ORG_CODE":"10719827","STD_REPORT_DATE":"2020-12-31 00:00:00","REPORT_DATE":"2021-03-31 00:00:00","DATE_TYPE_CODE":"001","REPORT_TYPE":"2020年年报","PER_NETCASH_OPERATE":-0.08006601435,"PER_OI":0.28737176475,"BPS":0.30912247205,"BASIC_EPS":0.022735342,"DILUTED_EPS":0.022735342,"OPERATE_INCOME":114948705.9,"OPERATE_INCOME_YOY":-31.9954598638,"GROSS_PROFIT":38645010.32,"GROSS_PROFIT_YOY":-36.664107997833,"HOLDER_PROFIT":9092446.44,"HOLDER_PROFIT_YOY":-59.5213906761,"GROSS_PROFIT_RATIO":33.619352229697,"EPS_TTM":0.055691111475,"OPERATE_INCOME_QOQ":0,"NET_PROFIT_RATIO":7.9100033087,"ROE_AVG":7.634118648879,"GROSS_PROFIT_QOQ":0,"ROA":5.837174412579,"HOLDER_PROFIT_QOQ":0,"ROE_YEARLY":7.634118648879,"ROIC_YEARLY":9.338217423006,"TOTAL_ASSETS":154248730.72,"TOTAL_LIABILITIES":30599741.9,"TAX_EBT":13.388616053458,"OCF_SALES":-27.861475681041,"TOTAL_PARENT_EQUITY":123648988.82,"DEBT_ASSET_RATIO":19.8379213606,"OPERATE_PROFIT":10910428.62,"PRETAX_PROFIT":10497980.78,"NETCASH_OPERATE":-33009350.08,"NETCASH_INVEST":-500346.56,"NETCASH_FINANCE":-22112444.34,"END_CASH":30588754.56,"DIVI_RATIO":0.813909056571,"DIVIDEND_RATE":1.754385964912,"CURRENT_RATIO":5.104212001073,"COMMON_ACS":10000000000,"CURRENTDEBT_DEBT":92.658472586659,"ISSUED_COMMON_SHARES":400000000,"HK_COMMON_SHARES":400000000,"PER_SHARES":2000,"TOTAL_MARKET_CAP":1140000000,"HKSK_MARKET_CAP":1140000000,"PE_TTM":242.966751918159,"PB_TTM":10.833412524945,"REPORT_DATE_SQ":"2019-12-31 00:00:00","REPORT_TYPE_SQ":"2019年年报","OPERATE_INCOME_SQ":182734517.8,"DPS_HKD":0.05,"OPERATE_INCOME_QOQ_SQ":0,"NET_PROFIT_RATIO_SQ":13.288898667,"HOLDER_PROFIT_SQ":24283404.9,"HOLDER_PROFIT_QOQ_SQ":0,"ROE_AVG_SQ":18.682975694628,"PE_TTM_SQ":14.681348014681,"PB_TTM_SQ":1.095090344953,"ROA_SQ":15.652773115183,"START_DATE":"2020-04-01 00:00:00","FISCAL_YEAR":"3-31","CURRENCY":"HKD","IS_CNY_CODE":0,"DPS_HKD_LY":0.1,"ORG_TYPE":"一般企业","PREMIUM_INCOME":null,"PREMIUM_INCOME_YOY":null,"NET_INTEREST_INCOME":null,"NET_INTEREST_INCOME_YOY":null,"FEE_COMMISSION_INCOME":null,"FEE_COMMISSION_INCOME_YOY":null,"ACCOUNTS_RECE_TDAYS":178.250327653997,"INVENTORY_TDAYS":0.961024030657,"CURRENT_ASSETS_TDAYS":0.779630606255,"TOTAL_ASSETS_TDAYS":0.737948416047,"PREMIUM_EXPENSE":null,"LOAN_DEPOSIT":null,"LOAN_EQUITY":null,"LOAN_ASSETS":null,"DEPOSIT_EQUITY":null,"DEPOSIT_ASSETS":null,"EQUITY_MULTIPLIER":1.247472641644,"EQUITY_RATIO":0.247472641645},{"SECUCODE":"01723.HK","SECURITY_CODE":"01723","SECURITY_NAME_ABBR":"港亚控股","ORG_CODE":"10719827","STD_REPORT_DATE":"2020-06-30 00:00:00","REPORT_DATE":"2020-09-30 00:00:00","DATE_TYPE_CODE":"002","REPORT_TYPE":"2020年中报","PER_NETCASH_OPERATE":-0.0208783872,"PER_OI":0.1735537904,"BPS":0.3277889216,"BASIC_EPS":0.030052224,"DILUTED_EPS":0.030052224,"OPERATE_INCOME":69421516.16,"OPERATE_INCOME_YOY":-24.3490917448,"GROSS_PROFIT":25501333.12,"GROSS_PROFIT_YOY":-20.318834010549,"HOLDER_PROFIT":12012981.12,"HOLDER_PROFIT_YOY":-12.0440069485,"GROSS_PROFIT_RATIO":36.734048074124,"EPS_TTM":0.06070851225,"OPERATE_INCOME_QOQ":0,"NET_PROFIT_RATIO":17.3044061618,"ROE_AVG":9.602005949015,"GROSS_PROFIT_QOQ":0,"ROA":7.546367851623,"HOLDER_PROFIT_QOQ":0,"ROE_YEARLY":19.204011898031,"ROIC_YEARLY":27.446433680153,"TOTAL_ASSETS":154848917.12,"TOTAL_LIABILITIES":23733348.48,"TAX_EBT":17.375800797776,"OCF_SALES":-12.02992291432,"TOTAL_PARENT_EQUITY":131115568.64,"DEBT_ASSET_RATIO":15.3267771718,"OPERATE_PROFIT":14708894.08,"PRETAX_PROFIT":14539301.12,"NETCASH_OPERATE":-8351354.88,"NETCASH_INVEST":-455176.96,"NETCASH_FINANCE":-27155084.16,"END_CASH":53670460.16,"DIVI_RATIO":0.746641588141,"DIVIDEND_RATE":1.754385964912,"CURRENT_RATIO":6.748808796579,"COMMON_ACS":10000000000,"CURRENTDEBT_DEBT":90.914139731201,"ISSUED_COMMON_SHARES":400000000,"HK_COMMON_SHARES":400000000,"PER_SHARES":2000,"TOTAL_MARKET_CAP":1140000000,"HKSK_MARKET_CAP":1140000000,"PE_TTM":242.966751918159,"PB_TTM":10.833412524945,"REPORT_DATE_SQ":"2019-06-30 00:00:00","REPORT_TYPE_SQ":"2019年中报","OPERATE_INCOME_SQ":94197806.31,"DPS_HKD":0.05,"OPERATE_INCOME_QOQ_SQ":0,"NET_PROFIT_RATIO_SQ":14.883511601,"HOLDER_PROFIT_SQ":14019941.43,"HOLDER_PROFIT_QOQ_SQ":0,"ROE_AVG_SQ":9.916706808604,"PE_TTM_SQ":14.681348014681,"PB_TTM_SQ":1.095090344953,"ROA_SQ":9.383319750068,"START_DATE":"2020-04-01 00:00:00","FISCAL_YEAR":"3-31","CURRENCY":"HKD","IS_CNY_CODE":0,"DPS_HKD_LY":0.1,"ORG_TYPE":"一般企业","PREMIUM_INCOME":null,"PREMIUM_INCOME_YOY":null,"NET_INTEREST_INCOME":null,"NET_INTEREST_INCOME_YOY":null,"FEE_COMMISSION_INCOME":null,"FEE_COMMISSION_INCOME_YOY":null,"ACCOUNTS_RECE_TDAYS":155.824457593688,"INVENTORY_TDAYS":0.600525047909,"CURRENT_ASSETS_TDAYS":0.460146425846,"TOTAL_ASSETS_TDAYS":0.436095164495,"PREMIUM_EXPENSE":null,"LOAN_DEPOSIT":null,"LOAN_EQUITY":null,"LOAN_ASSETS":null,"DEPOSIT_EQUITY":null,"DEPOSIT_ASSETS":null,"EQUITY_MULTIPLIER":1.18101091065,"EQUITY_RATIO":0.181010910651}],"count":19},"success":true,"message":"ok","code":0}