{"version":"b0c373f07aad46a9471efeba3cd3cbad","result":{"pages":2,"data":[{"SECUCODE":"01737.HK","SECURITY_CODE":"01737","SECURITY_NAME_ABBR":"亚洲实业集团","ORG_CODE":"10703542","STD_REPORT_DATE":"2024-06-30 00:00:00","REPORT_DATE":"2024-09-30 00:00:00","DATE_TYPE_CODE":"002","REPORT_TYPE":"2024年中报","PER_NETCASH_OPERATE":0.03280621841,"PER_OI":0.28037101995,"BPS":0.18414100905,"BASIC_EPS":0.000090179,"DILUTED_EPS":0.000090179,"OPERATE_INCOME":280371019.95,"OPERATE_INCOME_YOY":0.2819072931,"GROSS_PROFIT":23249949.78,"GROSS_PROFIT_YOY":-28.221890869126,"HOLDER_PROFIT":63125.3,"HOLDER_PROFIT_YOY":-99.0208420758,"GROSS_PROFIT_RATIO":8.292565253052,"EPS_TTM":0.01598338305,"OPERATE_INCOME_QOQ":0,"NET_PROFIT_RATIO":0.0225149161,"ROE_AVG":0.032685842361,"GROSS_PROFIT_QOQ":0,"ROA":0.020770897006,"HOLDER_PROFIT_QOQ":0,"ROE_YEARLY":0.065371684722,"ROIC_YEARLY":0.055480700642,"TOTAL_ASSETS":327956674.67,"TOTAL_LIABILITIES":143815665.62,"TAX_EBT":null,"OCF_SALES":11.701001913768,"TOTAL_PARENT_EQUITY":184141009.05,"DEBT_ASSET_RATIO":43.8520319078,"OPERATE_PROFIT":1422122.83,"PRETAX_PROFIT":63125.3,"NETCASH_OPERATE":32806218.41,"NETCASH_INVEST":-7734652.83,"NETCASH_FINANCE":-25645104.02,"END_CASH":76067790.08,"DIVI_RATIO":1.134365606035,"DIVIDEND_RATE":16.666666666667,"CURRENT_RATIO":2.380177912779,"COMMON_ACS":2000000000,"CURRENTDEBT_DEBT":72.251345013105,"ISSUED_COMMON_SHARES":1000000000,"HK_COMMON_SHARES":1000000000,"PER_SHARES":10000,"TOTAL_MARKET_CAP":120000000,"HKSK_MARKET_CAP":120000000,"PE_TTM":11.372251705838,"PB_TTM":0.587673547344,"REPORT_DATE_SQ":"2023-06-30 00:00:00","REPORT_TYPE_SQ":"2023年中报","OPERATE_INCOME_SQ":284493746.53,"DPS_HKD":0.02,"OPERATE_INCOME_QOQ_SQ":0,"NET_PROFIT_RATIO_SQ":2.3058984424,"HOLDER_PROFIT_SQ":6560136.87,"HOLDER_PROFIT_QOQ_SQ":0,"ROE_AVG_SQ":3.403175630806,"PE_TTM_SQ":11.684173256226,"PB_TTM_SQ":0.463389860655,"ROA_SQ":2.201826385574,"START_DATE":"2024-04-01 00:00:00","FISCAL_YEAR":"3-31","CURRENCY":"HKD","IS_CNY_CODE":0,"DPS_HKD_LY":0.02,"ORG_TYPE":"一般企业","PREMIUM_INCOME":null,"PREMIUM_INCOME_YOY":null,"NET_INTEREST_INCOME":null,"NET_INTEREST_INCOME_YOY":null,"FEE_COMMISSION_INCOME":null,"FEE_COMMISSION_INCOME_YOY":null,"ACCOUNTS_RECE_TDAYS":1.93520979478,"INVENTORY_TDAYS":null,"CURRENT_ASSETS_TDAYS":1.106866628098,"TOTAL_ASSETS_TDAYS":0.922539390523,"PREMIUM_EXPENSE":null,"LOAN_DEPOSIT":null,"LOAN_EQUITY":null,"LOAN_ASSETS":null,"DEPOSIT_EQUITY":null,"DEPOSIT_ASSETS":null,"EQUITY_MULTIPLIER":1.781008349862,"EQUITY_RATIO":0.781008349862},{"SECUCODE":"01737.HK","SECURITY_CODE":"01737","SECURITY_NAME_ABBR":"亚洲实业集团","ORG_CODE":"10703542","STD_REPORT_DATE":"2023-12-31 00:00:00","REPORT_DATE":"2024-03-31 00:00:00","DATE_TYPE_CODE":"001","REPORT_TYPE":"2023年年报","PER_NETCASH_OPERATE":0.0496898186,"PER_OI":0.5888676835,"BPS":0.20318051875,"BASIC_EPS":0.01595528,"DILUTED_EPS":0.01595528,"OPERATE_INCOME":588867683.5,"OPERATE_INCOME_YOY":27.7534339255,"GROSS_PROFIT":67203458.05,"GROSS_PROFIT_YOY":67.425588359772,"HOLDER_PROFIT":15983383.05,"HOLDER_PROFIT_YOY":105.3459119497,"GROSS_PROFIT_RATIO":11.412318918669,"EPS_TTM":0.00750836385,"OPERATE_INCOME_QOQ":0,"NET_PROFIT_RATIO":2.7142571239,"ROE_AVG":8.188677229755,"GROSS_PROFIT_QOQ":0,"ROA":5.513590087984,"HOLDER_PROFIT_QOQ":0,"ROE_YEARLY":8.188677229755,"ROIC_YEARLY":7.472900087949,"TOTAL_ASSETS":281345072.85,"TOTAL_LIABILITIES":78164554.1,"TAX_EBT":17.888412816692,"OCF_SALES":8.438197576859,"TOTAL_PARENT_EQUITY":203180518.75,"DEBT_ASSET_RATIO":27.7824499673,"OPERATE_PROFIT":20421851.85,"PRETAX_PROFIT":19465441.6,"NETCASH_OPERATE":49689818.6,"NETCASH_INVEST":-2122233.55,"NETCASH_FINANCE":-45487959.35,"END_CASH":77045871.4,"DIVI_RATIO":2.414773759266,"DIVIDEND_RATE":21.052631578947,"CURRENT_RATIO":3.443300080239,"COMMON_ACS":2000000000,"CURRENTDEBT_DEBT":96.844192897404,"ISSUED_COMMON_SHARES":1000000000,"HK_COMMON_SHARES":1000000000,"PER_SHARES":10000,"TOTAL_MARKET_CAP":95000000,"HKSK_MARKET_CAP":95000000,"PE_TTM":9.003032600455,"PB_TTM":0.465241558314,"REPORT_DATE_SQ":"2022-12-31 00:00:00","REPORT_TYPE_SQ":"2022年年报","OPERATE_INCOME_SQ":445107466.96,"DPS_HKD":0.02,"OPERATE_INCOME_QOQ_SQ":0,"NET_PROFIT_RATIO_SQ":1.6886416917,"HOLDER_PROFIT_SQ":7516270.26,"HOLDER_PROFIT_QOQ_SQ":0,"ROE_AVG_SQ":3.999049841407,"PE_TTM_SQ":12.038239112475,"PB_TTM_SQ":0.477431977645,"ROA_SQ":2.660551880142,"START_DATE":"2023-04-01 00:00:00","FISCAL_YEAR":"3-31","CURRENCY":"HKD","IS_CNY_CODE":0,"DPS_HKD_LY":null,"ORG_TYPE":"一般企业","PREMIUM_INCOME":null,"PREMIUM_INCOME_YOY":null,"NET_INTEREST_INCOME":null,"NET_INTEREST_INCOME_YOY":null,"FEE_COMMISSION_INCOME":null,"FEE_COMMISSION_INCOME_YOY":null,"ACCOUNTS_RECE_TDAYS":4.190639011645,"INVENTORY_TDAYS":null,"CURRENT_ASSETS_TDAYS":2.404919650278,"TOTAL_ASSETS_TDAYS":2.031344060718,"PREMIUM_EXPENSE":null,"LOAN_DEPOSIT":null,"LOAN_EQUITY":null,"LOAN_ASSETS":null,"DEPOSIT_EQUITY":null,"DEPOSIT_ASSETS":null,"EQUITY_MULTIPLIER":1.384704963748,"EQUITY_RATIO":0.384704963748},{"SECUCODE":"01737.HK","SECURITY_CODE":"01737","SECURITY_NAME_ABBR":"亚洲实业集团","ORG_CODE":"10703542","STD_REPORT_DATE":"2023-06-30 00:00:00","REPORT_DATE":"2023-09-30 00:00:00","DATE_TYPE_CODE":"002","REPORT_TYPE":"2023年中报","PER_NETCASH_OPERATE":0.01693302639,"PER_OI":0.28449374653,"BPS":0.19604522609,"BASIC_EPS":0.006515173,"DILUTED_EPS":0.006515173,"OPERATE_INCOME":284493746.53,"OPERATE_INCOME_YOY":22.8132514132,"GROSS_PROFIT":32391421.37,"GROSS_PROFIT_YOY":84.369559024329,"HOLDER_PROFIT":6560136.87,"HOLDER_PROFIT_YOY":-1.5560451666,"GROSS_PROFIT_RATIO":11.385635629985,"EPS_TTM":0.00751627026,"OPERATE_INCOME_QOQ":0,"NET_PROFIT_RATIO":2.3058984424,"ROE_AVG":3.403175630806,"GROSS_PROFIT_QOQ":0,"ROA":2.201826385574,"HOLDER_PROFIT_QOQ":0,"ROE_YEARLY":6.806351261612,"ROIC_YEARLY":5.82526645155,"TOTAL_ASSETS":293797597.1,"TOTAL_LIABILITIES":97752371.01,"TAX_EBT":14.536760310819,"OCF_SALES":5.951985446617,"TOTAL_PARENT_EQUITY":196045226.09,"DEBT_ASSET_RATIO":33.2720117438,"OPERATE_PROFIT":8317398.32,"PRETAX_PROFIT":7675974.95,"NETCASH_OPERATE":16933026.39,"NETCASH_INVEST":-255101.14,"NETCASH_FINANCE":-23022419.07,"END_CASH":69538001.4,"DIVI_RATIO":2.41223364419,"DIVIDEND_RATE":21.052631578947,"CURRENT_RATIO":2.560960184259,"COMMON_ACS":2000000000,"CURRENTDEBT_DEBT":99.447088531546,"ISSUED_COMMON_SHARES":1000000000,"HK_COMMON_SHARES":1000000000,"PER_SHARES":10000,"TOTAL_MARKET_CAP":95000000,"HKSK_MARKET_CAP":95000000,"PE_TTM":9.003032600455,"PB_TTM":0.465241558314,"REPORT_DATE_SQ":"2022-06-30 00:00:00","REPORT_TYPE_SQ":"2022年中报","OPERATE_INCOME_SQ":228317738.04,"DPS_HKD":0.02,"OPERATE_INCOME_QOQ_SQ":0,"NET_PROFIT_RATIO_SQ":2.8767117861,"HOLDER_PROFIT_SQ":6568043.28,"HOLDER_PROFIT_QOQ_SQ":0,"ROE_AVG_SQ":3.392839622686,"PE_TTM_SQ":12.038239112475,"PB_TTM_SQ":0.477431977645,"ROA_SQ":2.083091305202,"START_DATE":"2023-04-01 00:00:00","FISCAL_YEAR":"3-31","CURRENCY":"HKD","IS_CNY_CODE":0,"DPS_HKD_LY":null,"ORG_TYPE":"一般企业","PREMIUM_INCOME":null,"PREMIUM_INCOME_YOY":null,"NET_INTEREST_INCOME":null,"NET_INTEREST_INCOME_YOY":null,"FEE_COMMISSION_INCOME":null,"FEE_COMMISSION_INCOME_YOY":null,"ACCOUNTS_RECE_TDAYS":1.987282662692,"INVENTORY_TDAYS":null,"CURRENT_ASSETS_TDAYS":1.183358302241,"TOTAL_ASSETS_TDAYS":0.954867024963,"PREMIUM_EXPENSE":null,"LOAN_DEPOSIT":null,"LOAN_EQUITY":null,"LOAN_ASSETS":null,"DEPOSIT_EQUITY":null,"DEPOSIT_ASSETS":null,"EQUITY_MULTIPLIER":1.498621532183,"EQUITY_RATIO":0.498621532182},{"SECUCODE":"01737.HK","SECURITY_CODE":"01737","SECURITY_NAME_ABBR":"亚洲实业集团","ORG_CODE":"10703542","STD_REPORT_DATE":"2022-12-31 00:00:00","REPORT_DATE":"2023-03-31 00:00:00","DATE_TYPE_CODE":"001","REPORT_TYPE":"2022年年报","PER_NETCASH_OPERATE":0.04781664502,"PER_OI":0.44510746696,"BPS":0.18076691254,"BASIC_EPS":0.007528526,"DILUTED_EPS":0.007528526,"OPERATE_INCOME":445107466.96,"OPERATE_INCOME_YOY":-2.2572174441,"GROSS_PROFIT":40139299.32,"GROSS_PROFIT_YOY":-37.685896061311,"HOLDER_PROFIT":7516270.26,"HOLDER_PROFIT_YOY":-73.5961621256,"GROSS_PROFIT_RATIO":9.017889453561,"EPS_TTM":0.01621845308,"OPERATE_INCOME_QOQ":0,"NET_PROFIT_RATIO":1.6886416917,"ROE_AVG":3.999049841407,"GROSS_PROFIT_QOQ":0,"ROA":2.660551880142,"HOLDER_PROFIT_QOQ":0,"ROE_YEARLY":3.999049841407,"ROIC_YEARLY":3.95664556087,"TOTAL_ASSETS":288184972,"TOTAL_LIABILITIES":107418059.46,"TAX_EBT":-0.338903821433,"OCF_SALES":10.742719134006,"TOTAL_PARENT_EQUITY":180766912.54,"DEBT_ASSET_RATIO":37.2739975699,"OPERATE_PROFIT":9082378.75,"PRETAX_PROFIT":7490883.37,"NETCASH_OPERATE":47816645.02,"NETCASH_INVEST":-6110361.8,"NETCASH_FINANCE":-82008408.8,"END_CASH":72391154.54,"DIVI_RATIO":1.117924126954,"DIVIDEND_RATE":21.052631578947,"CURRENT_RATIO":2.274447324836,"COMMON_ACS":2000000000,"CURRENTDEBT_DEBT":90.538359982397,"ISSUED_COMMON_SHARES":1000000000,"HK_COMMON_SHARES":1000000000,"PER_SHARES":10000,"TOTAL_MARKET_CAP":95000000,"HKSK_MARKET_CAP":95000000,"PE_TTM":9.003032600455,"PB_TTM":0.465241558314,"REPORT_DATE_SQ":"2021-12-31 00:00:00","REPORT_TYPE_SQ":"2021年年报","OPERATE_INCOME_SQ":421885779.98,"DPS_HKD":0.02,"OPERATE_INCOME_QOQ_SQ":0,"NET_PROFIT_RATIO_SQ":6.251081319,"HOLDER_PROFIT_SQ":26372423.18,"HOLDER_PROFIT_QOQ_SQ":0,"ROE_AVG_SQ":14.670943699272,"PE_TTM_SQ":12.038239112475,"PB_TTM_SQ":0.477431977645,"ROA_SQ":10.383282270541,"START_DATE":"2022-04-01 00:00:00","FISCAL_YEAR":"3-31","CURRENCY":"HKD","IS_CNY_CODE":0,"DPS_HKD_LY":0.025,"ORG_TYPE":"一般企业","PREMIUM_INCOME":null,"PREMIUM_INCOME_YOY":null,"NET_INTEREST_INCOME":null,"NET_INTEREST_INCOME_YOY":null,"FEE_COMMISSION_INCOME":null,"FEE_COMMISSION_INCOME_YOY":null,"ACCOUNTS_RECE_TDAYS":3.652412524872,"INVENTORY_TDAYS":null,"CURRENT_ASSETS_TDAYS":1.892077148354,"TOTAL_ASSETS_TDAYS":1.575557380351,"PREMIUM_EXPENSE":null,"LOAN_DEPOSIT":null,"LOAN_EQUITY":null,"LOAN_ASSETS":null,"DEPOSIT_EQUITY":null,"DEPOSIT_ASSETS":null,"EQUITY_MULTIPLIER":1.59423518359,"EQUITY_RATIO":0.594235183589},{"SECUCODE":"01737.HK","SECURITY_CODE":"01737","SECURITY_NAME_ABBR":"亚洲实业集团","ORG_CODE":"10703542","STD_REPORT_DATE":"2022-06-30 00:00:00","REPORT_DATE":"2022-09-30 00:00:00","DATE_TYPE_CODE":"002","REPORT_TYPE":"2022年中报","PER_NETCASH_OPERATE":0.04912284972,"PER_OI":0.22831773804,"BPS":0.1855639548,"BASIC_EPS":0.006602412,"DILUTED_EPS":0.006602412,"OPERATE_INCOME":228317738.04,"OPERATE_INCOME_YOY":1.0782869132,"GROSS_PROFIT":17568747,"GROSS_PROFIT_YOY":-51.358687806576,"HOLDER_PROFIT":6568043.28,"HOLDER_PROFIT_YOY":-63.8220495193,"GROSS_PROFIT_RATIO":7.694867315531,"EPS_TTM":0.02637242318,"OPERATE_INCOME_QOQ":0,"NET_PROFIT_RATIO":2.8767117861,"ROE_AVG":3.392839622686,"GROSS_PROFIT_QOQ":0,"ROA":2.083091305202,"HOLDER_PROFIT_QOQ":0,"ROE_YEARLY":6.785679245371,"ROIC_YEARLY":6.699447401681,"TOTAL_ASSETS":344594353.32,"TOTAL_LIABILITIES":159030398.52,"TAX_EBT":null,"OCF_SALES":21.515126306741,"TOTAL_PARENT_EQUITY":185563954.8,"DEBT_ASSET_RATIO":46.1500303147,"OPERATE_PROFIT":7270793.16,"PRETAX_PROFIT":6568043.28,"NETCASH_OPERATE":49122849.72,"NETCASH_INVEST":-4111584.24,"NETCASH_FINANCE":-39420921.84,"END_CASH":122020713.72,"DIVI_RATIO":0.687498447763,"DIVIDEND_RATE":21.052631578947,"CURRENT_RATIO":2.202738104632,"COMMON_ACS":2000000000,"CURRENTDEBT_DEBT":72.074070282598,"ISSUED_COMMON_SHARES":1000000000,"HK_COMMON_SHARES":1000000000,"PER_SHARES":10000,"TOTAL_MARKET_CAP":95000000,"HKSK_MARKET_CAP":95000000,"PE_TTM":9.003032600455,"PB_TTM":0.465241558314,"REPORT_DATE_SQ":"2021-06-30 00:00:00","REPORT_TYPE_SQ":"2021年中报","OPERATE_INCOME_SQ":208055068.88,"DPS_HKD":0.02,"OPERATE_INCOME_QOQ_SQ":0,"NET_PROFIT_RATIO_SQ":8.0373016,"HOLDER_PROFIT_SQ":16722013.38,"HOLDER_PROFIT_QOQ_SQ":0,"ROE_AVG_SQ":9.317795164476,"PE_TTM_SQ":12.038239112475,"PB_TTM_SQ":0.477431977645,"ROA_SQ":6.417127685592,"START_DATE":"2022-04-01 00:00:00","FISCAL_YEAR":"3-31","CURRENCY":"HKD","IS_CNY_CODE":0,"DPS_HKD_LY":0.025,"ORG_TYPE":"一般企业","PREMIUM_INCOME":null,"PREMIUM_INCOME_YOY":null,"NET_INTEREST_INCOME":null,"NET_INTEREST_INCOME_YOY":null,"FEE_COMMISSION_INCOME":null,"FEE_COMMISSION_INCOME_YOY":null,"ACCOUNTS_RECE_TDAYS":1.953847463662,"INVENTORY_TDAYS":null,"CURRENT_ASSETS_TDAYS":0.895293556458,"TOTAL_ASSETS_TDAYS":0.724122352212,"PREMIUM_EXPENSE":null,"LOAN_DEPOSIT":null,"LOAN_EQUITY":null,"LOAN_ASSETS":null,"DEPOSIT_EQUITY":null,"DEPOSIT_ASSETS":null,"EQUITY_MULTIPLIER":1.857011258955,"EQUITY_RATIO":0.857011258956},{"SECUCODE":"01737.HK","SECURITY_CODE":"01737","SECURITY_NAME_ABBR":"亚洲实业集团","ORG_CODE":"10703542","STD_REPORT_DATE":"2021-12-31 00:00:00","REPORT_DATE":"2022-03-31 00:00:00","DATE_TYPE_CODE":"001","REPORT_TYPE":"2021年年报","PER_NETCASH_OPERATE":0.07328772966,"PER_OI":0.42188577998,"BPS":0.18078061708,"BASIC_EPS":0.026357825,"DILUTED_EPS":0.026357825,"OPERATE_INCOME":421885779.98,"OPERATE_INCOME_YOY":27.3434516524,"GROSS_PROFIT":64414469.25,"GROSS_PROFIT_YOY":28.50093780025,"HOLDER_PROFIT":26372423.18,"HOLDER_PROFIT_YOY":-19.7522333547,"GROSS_PROFIT_RATIO":15.26822479133,"EPS_TTM":0.03947234614,"OPERATE_INCOME_QOQ":0,"NET_PROFIT_RATIO":6.251081319,"ROE_AVG":14.670943699272,"GROSS_PROFIT_QOQ":0,"ROA":10.383282270541,"HOLDER_PROFIT_QOQ":0,"ROE_YEARLY":14.670943699272,"ROIC_YEARLY":16.433150310415,"TOTAL_ASSETS":256465692.3,"TOTAL_LIABILITIES":75685075.22,"TAX_EBT":16.656841889433,"OCF_SALES":17.3714624047,"TOTAL_PARENT_EQUITY":180780617.08,"DEBT_ASSET_RATIO":29.5107991019,"OPERATE_PROFIT":33762346.3,"PRETAX_PROFIT":31643177.17,"NETCASH_OPERATE":73287729.66,"NETCASH_INVEST":-5852248.16,"NETCASH_FINANCE":-45642020.78,"END_CASH":104402939.32,"DIVI_RATIO":0.459334237081,"DIVIDEND_RATE":21.052631578947,"CURRENT_RATIO":3.194812479666,"COMMON_ACS":2000000000,"CURRENTDEBT_DEBT":95.515526885408,"ISSUED_COMMON_SHARES":1000000000,"HK_COMMON_SHARES":1000000000,"PER_SHARES":10000,"TOTAL_MARKET_CAP":95000000,"HKSK_MARKET_CAP":95000000,"PE_TTM":9.003032600455,"PB_TTM":0.465241558314,"REPORT_DATE_SQ":"2020-12-31 00:00:00","REPORT_TYPE_SQ":"2020年年报","OPERATE_INCOME_SQ":345256030,"DPS_HKD":0.02,"OPERATE_INCOME_QOQ_SQ":0,"NET_PROFIT_RATIO_SQ":9.9197062424,"HOLDER_PROFIT_SQ":34248383.96,"HOLDER_PROFIT_QOQ_SQ":0,"ROE_AVG_SQ":20.247940078649,"PE_TTM_SQ":12.038239112475,"PB_TTM_SQ":0.477431977645,"ROA_SQ":13.042813529481,"START_DATE":"2021-04-01 00:00:00","FISCAL_YEAR":"3-31","CURRENCY":"HKD","IS_CNY_CODE":0,"DPS_HKD_LY":0.03,"ORG_TYPE":"一般企业","PREMIUM_INCOME":null,"PREMIUM_INCOME_YOY":null,"NET_INTEREST_INCOME":null,"NET_INTEREST_INCOME_YOY":null,"FEE_COMMISSION_INCOME":null,"FEE_COMMISSION_INCOME_YOY":null,"ACCOUNTS_RECE_TDAYS":4.036610537751,"INVENTORY_TDAYS":null,"CURRENT_ASSETS_TDAYS":1.958300315279,"TOTAL_ASSETS_TDAYS":1.661037785402,"PREMIUM_EXPENSE":null,"LOAN_DEPOSIT":null,"LOAN_EQUITY":null,"LOAN_ASSETS":null,"DEPOSIT_EQUITY":null,"DEPOSIT_ASSETS":null,"EQUITY_MULTIPLIER":1.418657024422,"EQUITY_RATIO":0.418657024423},{"SECUCODE":"01737.HK","SECURITY_CODE":"01737","SECURITY_NAME_ABBR":"亚洲实业集团","ORG_CODE":"10703542","STD_REPORT_DATE":"2021-06-30 00:00:00","REPORT_DATE":"2021-09-30 00:00:00","DATE_TYPE_CODE":"002","REPORT_TYPE":"2021年中报","PER_NETCASH_OPERATE":0.0511957023,"PER_OI":0.20805506888,"BPS":0.17532830678,"BASIC_EPS":0.016744506,"DILUTED_EPS":0.016744506,"OPERATE_INCOME":208055068.88,"OPERATE_INCOME_YOY":32.2621645095,"GROSS_PROFIT":36118982.42,"GROSS_PROFIT_YOY":66.12409960777,"HOLDER_PROFIT":16722013.38,"HOLDER_PROFIT_YOY":53.4046618265,"GROSS_PROFIT_RATIO":17.360299181575,"EPS_TTM":0.03424838396,"OPERATE_INCOME_QOQ":0,"NET_PROFIT_RATIO":8.0373016,"ROE_AVG":9.317795164476,"GROSS_PROFIT_QOQ":0,"ROA":6.417127685592,"HOLDER_PROFIT_QOQ":0,"ROE_YEARLY":18.635590328952,"ROIC_YEARLY":19.195157461397,"TOTAL_ASSETS":262817101.04,"TOTAL_LIABILITIES":87488794.26,"TAX_EBT":15.808237563963,"OCF_SALES":24.606803658087,"TOTAL_PARENT_EQUITY":175328306.78,"DEBT_ASSET_RATIO":33.2888514156,"OPERATE_PROFIT":21266355.68,"PRETAX_PROFIT":19861816.52,"NETCASH_OPERATE":51195702.3,"NETCASH_INVEST":-4012016.96,"NETCASH_FINANCE":-44189667.7,"END_CASH":87849509.24,"DIVI_RATIO":0.529397241668,"DIVIDEND_RATE":21.052631578947,"CURRENT_RATIO":2.589690958967,"COMMON_ACS":2000000000,"CURRENTDEBT_DEBT":99.273478637606,"ISSUED_COMMON_SHARES":1000000000,"HK_COMMON_SHARES":1000000000,"PER_SHARES":10000,"TOTAL_MARKET_CAP":95000000,"HKSK_MARKET_CAP":95000000,"PE_TTM":9.003032600455,"PB_TTM":0.465241558314,"REPORT_DATE_SQ":"2020-06-30 00:00:00","REPORT_TYPE_SQ":"2020年中报","OPERATE_INCOME_SQ":165926940.16,"DPS_HKD":0.02,"OPERATE_INCOME_QOQ_SQ":0,"NET_PROFIT_RATIO_SQ":6.9295867138,"HOLDER_PROFIT_SQ":11498051.2,"HOLDER_PROFIT_QOQ_SQ":0,"ROE_AVG_SQ":7.019454376229,"PE_TTM_SQ":12.038239112475,"PB_TTM_SQ":0.477431977645,"ROA_SQ":4.178035062287,"START_DATE":"2021-04-01 00:00:00","FISCAL_YEAR":"3-31","CURRENCY":"HKD","IS_CNY_CODE":0,"DPS_HKD_LY":0.03,"ORG_TYPE":"一般企业","PREMIUM_INCOME":null,"PREMIUM_INCOME_YOY":null,"NET_INTEREST_INCOME":null,"NET_INTEREST_INCOME_YOY":null,"FEE_COMMISSION_INCOME":null,"FEE_COMMISSION_INCOME_YOY":null,"ACCOUNTS_RECE_TDAYS":1.847685842803,"INVENTORY_TDAYS":null,"CURRENT_ASSETS_TDAYS":0.967087774325,"TOTAL_ASSETS_TDAYS":0.798418176267,"PREMIUM_EXPENSE":null,"LOAN_DEPOSIT":null,"LOAN_EQUITY":null,"LOAN_ASSETS":null,"DEPOSIT_EQUITY":null,"DEPOSIT_ASSETS":null,"EQUITY_MULTIPLIER":1.498999824197,"EQUITY_RATIO":0.498999824197},{"SECUCODE":"01737.HK","SECURITY_CODE":"01737","SECURITY_NAME_ABBR":"亚洲实业集团","ORG_CODE":"10703542","STD_REPORT_DATE":"2020-12-31 00:00:00","REPORT_DATE":"2021-03-31 00:00:00","DATE_TYPE_CODE":"001","REPORT_TYPE":"2020年年报","PER_NETCASH_OPERATE":0.06333271812,"PER_OI":0.34525603,"BPS":0.1862692202,"BASIC_EPS":0.03422979,"DILUTED_EPS":0.03422979,"OPERATE_INCOME":345256030,"OPERATE_INCOME_YOY":-2.3014758815,"GROSS_PROFIT":50127625.8,"GROSS_PROFIT_YOY":34.196557994289,"HOLDER_PROFIT":34248383.96,"HOLDER_PROFIT_YOY":557.7722548577,"GROSS_PROFIT_RATIO":14.518971848225,"EPS_TTM":0.01461384501,"OPERATE_INCOME_QOQ":0,"NET_PROFIT_RATIO":9.9197062424,"ROE_AVG":20.247940078649,"GROSS_PROFIT_QOQ":0,"ROA":13.042813529481,"HOLDER_PROFIT_QOQ":0,"ROE_YEARLY":20.247940078649,"ROIC_YEARLY":18.881560401004,"TOTAL_ASSETS":262109757.14,"TOTAL_LIABILITIES":75840536.94,"TAX_EBT":3.882919424085,"OCF_SALES":18.343696450428,"TOTAL_PARENT_EQUITY":186269220.2,"DEBT_ASSET_RATIO":28.9346485104,"OPERATE_PROFIT":40279588.44,"PRETAX_PROFIT":35631943.62,"NETCASH_OPERATE":63332718.12,"NETCASH_INVEST":-6976960.9,"NETCASH_FINANCE":-46573643.9,"END_CASH":86090034.8,"DIVI_RATIO":1.240672799499,"DIVIDEND_RATE":21.052631578947,"CURRENT_RATIO":3.197880179549,"COMMON_ACS":2000000000,"CURRENTDEBT_DEBT":85.901507806493,"ISSUED_COMMON_SHARES":1000000000,"HK_COMMON_SHARES":1000000000,"PER_SHARES":10000,"TOTAL_MARKET_CAP":95000000,"HKSK_MARKET_CAP":95000000,"PE_TTM":9.003032600455,"PB_TTM":0.465241558314,"REPORT_DATE_SQ":"2019-12-31 00:00:00","REPORT_TYPE_SQ":"2019年年报","OPERATE_INCOME_SQ":382038985.1,"DPS_HKD":0.02,"OPERATE_INCOME_QOQ_SQ":0,"NET_PROFIT_RATIO_SQ":-2.1170803807,"HOLDER_PROFIT_SQ":-8088072.4,"HOLDER_PROFIT_QOQ_SQ":0,"ROE_AVG_SQ":-4.803194895113,"PE_TTM_SQ":12.038239112475,"PB_TTM_SQ":0.477431977645,"ROA_SQ":-3.271708517826,"START_DATE":"2020-04-01 00:00:00","FISCAL_YEAR":"3-31","CURRENCY":"HKD","IS_CNY_CODE":0,"DPS_HKD_LY":null,"ORG_TYPE":"一般企业","PREMIUM_INCOME":null,"PREMIUM_INCOME_YOY":null,"NET_INTEREST_INCOME":null,"NET_INTEREST_INCOME_YOY":null,"FEE_COMMISSION_INCOME":null,"FEE_COMMISSION_INCOME_YOY":null,"ACCOUNTS_RECE_TDAYS":3.645563746051,"INVENTORY_TDAYS":null,"CURRENT_ASSETS_TDAYS":1.759122893144,"TOTAL_ASSETS_TDAYS":1.314838686835,"PREMIUM_EXPENSE":null,"LOAN_DEPOSIT":null,"LOAN_EQUITY":null,"LOAN_ASSETS":null,"DEPOSIT_EQUITY":null,"DEPOSIT_ASSETS":null,"EQUITY_MULTIPLIER":1.407155497073,"EQUITY_RATIO":0.407155497073},{"SECUCODE":"01737.HK","SECURITY_CODE":"01737","SECURITY_NAME_ABBR":"亚洲实业集团","ORG_CODE":"10703542","STD_REPORT_DATE":"2020-06-30 00:00:00","REPORT_DATE":"2020-09-30 00:00:00","DATE_TYPE_CODE":"002","REPORT_TYPE":"2020年中报","PER_NETCASH_OPERATE":0.04474178624,"PER_OI":0.16592694016,"BPS":0.16955166016,"BASIC_EPS":0.011511232,"DILUTED_EPS":0.011511232,"OPERATE_INCOME":165926940.16,"OPERATE_INCOME_YOY":-11.8334796332,"GROSS_PROFIT":21742168.96,"GROSS_PROFIT_YOY":18.991622389931,"HOLDER_PROFIT":11498051.2,"HOLDER_PROFIT_YOY":205.3457853635,"GROSS_PROFIT_RATIO":13.103459232741,"EPS_TTM":-0.0080880724,"OPERATE_INCOME_QOQ":0,"NET_PROFIT_RATIO":6.9295867138,"ROE_AVG":7.019454376229,"GROSS_PROFIT_QOQ":0,"ROA":4.178035062287,"HOLDER_PROFIT_QOQ":0,"ROE_YEARLY":14.038908752458,"ROIC_YEARLY":12.163804663334,"TOTAL_ASSETS":276906640,"TOTAL_LIABILITIES":107354979.84,"TAX_EBT":0.81109763493,"OCF_SALES":26.964750990319,"TOTAL_PARENT_EQUITY":169551660.16,"DEBT_ASSET_RATIO":38.7693772313,"OPERATE_PROFIT":14272170.24,"PRETAX_PROFIT":11592074.24,"NETCASH_OPERATE":44741786.24,"NETCASH_INVEST":-2941075.84,"NETCASH_FINANCE":-28175278.08,"END_CASH":92961546.24,"DIVI_RATIO":-2.241696056034,"DIVIDEND_RATE":21.052631578947,"CURRENT_RATIO":2.609891456973,"COMMON_ACS":2000000000,"CURRENTDEBT_DEBT":73.448908096782,"ISSUED_COMMON_SHARES":1000000000,"HK_COMMON_SHARES":1000000000,"PER_SHARES":10000,"TOTAL_MARKET_CAP":95000000,"HKSK_MARKET_CAP":95000000,"PE_TTM":9.003032600455,"PB_TTM":0.465241558314,"REPORT_DATE_SQ":"2019-06-30 00:00:00","REPORT_TYPE_SQ":"2019年中报","OPERATE_INCOME_SQ":193185285.72,"DPS_HKD":0.02,"OPERATE_INCOME_QOQ_SQ":0,"NET_PROFIT_RATIO_SQ":-5.7995442915,"HOLDER_PROFIT_SQ":-11203866.21,"HOLDER_PROFIT_QOQ_SQ":0,"ROE_AVG_SQ":-6.805673129344,"PE_TTM_SQ":12.038239112475,"PB_TTM_SQ":0.477431977645,"ROA_SQ":-4.377067002144,"START_DATE":"2020-04-01 00:00:00","FISCAL_YEAR":"3-31","CURRENCY":"HKD","IS_CNY_CODE":0,"DPS_HKD_LY":null,"ORG_TYPE":"一般企业","PREMIUM_INCOME":null,"PREMIUM_INCOME_YOY":null,"NET_INTEREST_INCOME":null,"NET_INTEREST_INCOME_YOY":null,"FEE_COMMISSION_INCOME":null,"FEE_COMMISSION_INCOME_YOY":null,"ACCOUNTS_RECE_TDAYS":1.839846052664,"INVENTORY_TDAYS":null,"CURRENT_ASSETS_TDAYS":0.835276345677,"TOTAL_ASSETS_TDAYS":0.60292701929,"PREMIUM_EXPENSE":null,"LOAN_DEPOSIT":null,"LOAN_EQUITY":null,"LOAN_ASSETS":null,"DEPOSIT_EQUITY":null,"DEPOSIT_ASSETS":null,"EQUITY_MULTIPLIER":1.633169735636,"EQUITY_RATIO":0.633169735635}],"count":18},"success":true,"message":"ok","code":0}