{"version":"e3c580568c2ff8ca34057e6aab2b72b6","result":{"pages":3,"data":[{"SECUCODE":"01738.HK","SECURITY_CODE":"01738","SECURITY_NAME_ABBR":"飞尚无烟煤","ORG_CODE":"10371901","STD_REPORT_DATE":"2024-06-30 00:00:00","REPORT_DATE":"2024-06-30 00:00:00","DATE_TYPE_CODE":"002","REPORT_TYPE":"2024年中报","PER_NETCASH_OPERATE":0.077177446775,"PER_OI":0.111274106227,"BPS":-1.033401427175,"BASIC_EPS":-0.1,"DILUTED_EPS":-0.1,"OPERATE_INCOME":153619000,"OPERATE_INCOME_YOY":-76.0473318531,"GROSS_PROFIT":1500000,"GROSS_PROFIT_YOY":-99.331312410842,"HOLDER_PROFIT":-143590000,"HOLDER_PROFIT_YOY":-512.6637368264,"GROSS_PROFIT_RATIO":0.976441716194,"EPS_TTM":-0.444440887075,"OPERATE_INCOME_QOQ":-49.226068999764,"NET_PROFIT_RATIO":-98.0790136637,"ROE_AVG":10.599856345703,"GROSS_PROFIT_QOQ":-95.855524103694,"ROA":-4.651433241697,"HOLDER_PROFIT_QOQ":-24.351158652502,"ROE_YEARLY":21.199712691407,"ROIC_YEARLY":-10.070735007955,"TOTAL_ASSETS":3068131000,"TOTAL_LIABILITIES":4277765000,"TAX_EBT":11.692686935086,"OCF_SALES":69.357957023545,"TOTAL_PARENT_EQUITY":-1426658000,"DEBT_ASSET_RATIO":139.4257611556,"OPERATE_PROFIT":-86315000,"PRETAX_PROFIT":-170380000,"NETCASH_OPERATE":106547000,"NETCASH_INVEST":-83585000,"NETCASH_FINANCE":-13555000,"END_CASH":19520000,"DIVI_RATIO":null,"DIVIDEND_RATE":null,"CURRENT_RATIO":0.048418730017,"COMMON_ACS":100000000000,"CURRENTDEBT_DEBT":89.608662467433,"ISSUED_COMMON_SHARES":1380545800,"HK_COMMON_SHARES":1380545800,"PER_SHARES":2500,"TOTAL_MARKET_CAP":167046041.8,"HKSK_MARKET_CAP":167046041.8,"PE_TTM":-0.246968200649,"PB_TTM":-0.10686484177,"REPORT_DATE_SQ":"2023-06-30 00:00:00","REPORT_TYPE_SQ":"2023年中报","OPERATE_INCOME_SQ":641344000,"DPS_HKD":null,"OPERATE_INCOME_QOQ_SQ":-3.586833059194,"NET_PROFIT_RATIO_SQ":-2.8603994112,"HOLDER_PROFIT_SQ":-23437000,"HOLDER_PROFIT_QOQ_SQ":-66.171844093213,"ROE_AVG_SQ":2.897251832338,"PE_TTM_SQ":11.608137430006,"PB_TTM_SQ":-0.265114332726,"ROA_SQ":-0.690226609727,"START_DATE":"2024-01-01 00:00:00","FISCAL_YEAR":"12-31","CURRENCY":"HKD","IS_CNY_CODE":0,"DPS_HKD_LY":null,"ORG_TYPE":"一般企业","PREMIUM_INCOME":null,"PREMIUM_INCOME_YOY":null,"NET_INTEREST_INCOME":null,"NET_INTEREST_INCOME_YOY":null,"FEE_COMMISSION_INCOME":null,"FEE_COMMISSION_INCOME_YOY":null,"ACCOUNTS_RECE_TDAYS":16.998893438088,"INVENTORY_TDAYS":2.698126091931,"CURRENT_ASSETS_TDAYS":0.719004937867,"TOTAL_ASSETS_TDAYS":0.049763111857,"PREMIUM_EXPENSE":null,"LOAN_DEPOSIT":null,"LOAN_EQUITY":null,"LOAN_ASSETS":null,"DEPOSIT_EQUITY":null,"DEPOSIT_ASSETS":null,"EQUITY_MULTIPLIER":-2.53641266697,"EQUITY_RATIO":-2.998451626108},{"SECUCODE":"01738.HK","SECURITY_CODE":"01738","SECURITY_NAME_ABBR":"飞尚无烟煤","ORG_CODE":"10371901","STD_REPORT_DATE":"2023-12-31 00:00:00","REPORT_DATE":"2023-12-31 00:00:00","DATE_TYPE_CODE":"001","REPORT_TYPE":"2023年年报","PER_NETCASH_OPERATE":0.303311921995,"PER_OI":0.717677023102,"BPS":-0.929070227152,"BASIC_EPS":-0.36,"DILUTED_EPS":-0.36,"OPERATE_INCOME":990786000,"OPERATE_INCOME_YOY":-38.199360403,"GROSS_PROFIT":232454000,"GROSS_PROFIT_YOY":-64.807584293053,"HOLDER_PROFIT":-493418000,"HOLDER_PROFIT_YOY":-1029.1016250212,"GROSS_PROFIT_RATIO":23.461574951604,"EPS_TTM":-0.357407917941,"OPERATE_INCOME_QOQ":-35.900207867927,"NET_PROFIT_RATIO":-52.449873131,"ROE_AVG":47.455058073582,"GROSS_PROFIT_QOQ":-62.151829690235,"ROA":-15.36265311498,"HOLDER_PROFIT_QOQ":-2847.77524085315,"ROE_YEARLY":47.455058073582,"ROIC_YEARLY":-16.681931395609,"TOTAL_ASSETS":3105880000,"TOTAL_LIABILITIES":4164402000,"TAX_EBT":-6.234637511794,"OCF_SALES":42.263011386919,"TOTAL_PARENT_EQUITY":-1282624000,"DEBT_ASSET_RATIO":134.0812265767,"OPERATE_PROFIT":-348071000,"PRETAX_PROFIT":-488609000,"NETCASH_OPERATE":418736000,"NETCASH_INVEST":-253179000,"NETCASH_FINANCE":-179833000,"END_CASH":10107000,"DIVI_RATIO":null,"DIVIDEND_RATE":null,"CURRENT_RATIO":0.06395776669,"COMMON_ACS":100000000000,"CURRENTDEBT_DEBT":90.750052468518,"ISSUED_COMMON_SHARES":1380545800,"HK_COMMON_SHARES":1380545800,"PER_SHARES":2500,"TOTAL_MARKET_CAP":151860038,"HKSK_MARKET_CAP":151860038,"PE_TTM":-0.224516546044,"PB_TTM":-0.097149856155,"REPORT_DATE_SQ":"2022-12-31 00:00:00","REPORT_TYPE_SQ":"2022年年报","OPERATE_INCOME_SQ":1603197000,"DPS_HKD":null,"OPERATE_INCOME_QOQ_SQ":16.855607395913,"NET_PROFIT_RATIO_SQ":6.3021575015,"HOLDER_PROFIT_SQ":53107000,"HOLDER_PROFIT_QOQ_SQ":633.76571141277,"ROE_AVG_SQ":-6.449457300578,"PE_TTM_SQ":16.29212270878,"PB_TTM_SQ":-0.372090291545,"ROA_SQ":1.58832034144,"START_DATE":"2023-01-01 00:00:00","FISCAL_YEAR":"12-31","CURRENCY":"HKD","IS_CNY_CODE":0,"DPS_HKD_LY":null,"ORG_TYPE":"一般企业","PREMIUM_INCOME":null,"PREMIUM_INCOME_YOY":null,"NET_INTEREST_INCOME":null,"NET_INTEREST_INCOME_YOY":null,"FEE_COMMISSION_INCOME":null,"FEE_COMMISSION_INCOME_YOY":null,"ACCOUNTS_RECE_TDAYS":21.690185862212,"INVENTORY_TDAYS":15.282327217033,"CURRENT_ASSETS_TDAYS":3.69623171537,"TOTAL_ASSETS_TDAYS":0.308482901499,"PREMIUM_EXPENSE":null,"LOAN_DEPOSIT":null,"LOAN_EQUITY":null,"LOAN_ASSETS":null,"DEPOSIT_EQUITY":null,"DEPOSIT_ASSETS":null,"EQUITY_MULTIPLIER":-2.934166696581,"EQUITY_RATIO":-3.246783157028},{"SECUCODE":"01738.HK","SECURITY_CODE":"01738","SECURITY_NAME_ABBR":"飞尚无烟煤","ORG_CODE":"10371901","STD_REPORT_DATE":"2023-06-30 00:00:00","REPORT_DATE":"2023-06-30 00:00:00","DATE_TYPE_CODE":"002","REPORT_TYPE":"2023年中报","PER_NETCASH_OPERATE":0.257201173623,"PER_OI":0.464558292814,"BPS":-0.594681465838,"BASIC_EPS":-0.02,"DILUTED_EPS":-0.02,"OPERATE_INCOME":641344000,"OPERATE_INCOME_YOY":-8.2283987362,"GROSS_PROFIT":224320000,"GROSS_PROFIT_YOY":-17.12356096768,"HOLDER_PROFIT":-23437000,"HOLDER_PROFIT_YOY":-300.5047480537,"GROSS_PROFIT_RATIO":34.976549246582,"EPS_TTM":0.013007174409,"OPERATE_INCOME_QOQ":-3.586833059194,"NET_PROFIT_RATIO":-2.8603994112,"ROE_AVG":2.897251832338,"GROSS_PROFIT_QOQ":-7.016863909357,"ROA":-0.690226609727,"HOLDER_PROFIT_QOQ":-66.171844093213,"ROE_YEARLY":5.794503664677,"ROIC_YEARLY":-1.505102687922,"TOTAL_ASSETS":3473379000,"TOTAL_LIABILITIES":4040188000,"TAX_EBT":28.907494384317,"OCF_SALES":55.364671689452,"TOTAL_PARENT_EQUITY":-820985000,"DEBT_ASSET_RATIO":116.3186626049,"OPERATE_PROFIT":84479000,"PRETAX_PROFIT":-24485000,"NETCASH_OPERATE":355078000,"NETCASH_INVEST":-201727000,"NETCASH_FINANCE":-143612000,"END_CASH":34452000,"DIVI_RATIO":null,"DIVIDEND_RATE":null,"CURRENT_RATIO":0.115603992067,"COMMON_ACS":100000000000,"CURRENTDEBT_DEBT":88.2427005872,"ISSUED_COMMON_SHARES":1380545800,"HK_COMMON_SHARES":1380545800,"PER_SHARES":2500,"TOTAL_MARKET_CAP":151860038,"HKSK_MARKET_CAP":151860038,"PE_TTM":-0.224516546044,"PB_TTM":-0.097149856155,"REPORT_DATE_SQ":"2022-06-30 00:00:00","REPORT_TYPE_SQ":"2022年中报","OPERATE_INCOME_SQ":698848000,"DPS_HKD":null,"OPERATE_INCOME_QOQ_SQ":22.38555794627,"NET_PROFIT_RATIO_SQ":4.1239296671,"HOLDER_PROFIT_SQ":11689000,"HOLDER_PROFIT_QOQ_SQ":91.264285024112,"ROE_AVG_SQ":-1.383797572487,"PE_TTM_SQ":16.29212270878,"PB_TTM_SQ":-0.372090291545,"ROA_SQ":0.353375769301,"START_DATE":"2023-01-01 00:00:00","FISCAL_YEAR":"12-31","CURRENCY":"HKD","IS_CNY_CODE":0,"DPS_HKD_LY":null,"ORG_TYPE":"一般企业","PREMIUM_INCOME":null,"PREMIUM_INCOME_YOY":null,"NET_INTEREST_INCOME":null,"NET_INTEREST_INCOME_YOY":null,"FEE_COMMISSION_INCOME":null,"FEE_COMMISSION_INCOME_YOY":null,"ACCOUNTS_RECE_TDAYS":8.552165564327,"INVENTORY_TDAYS":10.454349461018,"CURRENT_ASSETS_TDAYS":1.815437091763,"TOTAL_ASSETS_TDAYS":0.188877712501,"PREMIUM_EXPENSE":null,"LOAN_DEPOSIT":null,"LOAN_EQUITY":null,"LOAN_ASSETS":null,"DEPOSIT_EQUITY":null,"DEPOSIT_ASSETS":null,"EQUITY_MULTIPLIER":-6.127953155302,"EQUITY_RATIO":-4.921147158596},{"SECUCODE":"01738.HK","SECURITY_CODE":"01738","SECURITY_NAME_ABBR":"飞尚无烟煤","ORG_CODE":"10371901","STD_REPORT_DATE":"2022-12-31 00:00:00","REPORT_DATE":"2022-12-31 00:00:00","DATE_TYPE_CODE":"001","REPORT_TYPE":"2022年年报","PER_NETCASH_OPERATE":0.461529780468,"PER_OI":1.161277662791,"BPS":-0.577248505627,"BASIC_EPS":0.04,"DILUTED_EPS":0.04,"OPERATE_INCOME":1603197000,"OPERATE_INCOME_YOY":43.014387103,"GROSS_PROFIT":660523000,"GROSS_PROFIT_YOY":65.633447513203,"HOLDER_PROFIT":53107000,"HOLDER_PROFIT_YOY":146.628251188,"GROSS_PROFIT_RATIO":41.200364022637,"EPS_TTM":0.038450734485,"OPERATE_INCOME_QOQ":16.855607395913,"NET_PROFIT_RATIO":6.3021575015,"ROE_AVG":-6.449457300578,"GROSS_PROFIT_QOQ":21.171312475349,"ROA":1.58832034144,"HOLDER_PROFIT_QOQ":633.76571141277,"ROE_YEARLY":-6.449457300578,"ROIC_YEARLY":1.716427755668,"TOTAL_ASSETS":3318012000,"TOTAL_LIABILITIES":3865821000,"TAX_EBT":44.014567039423,"OCF_SALES":39.743275467706,"TOTAL_PARENT_EQUITY":-796893000,"DEBT_ASSET_RATIO":116.5123440045,"OPERATE_PROFIT":284299000,"PRETAX_PROFIT":132079000,"NETCASH_OPERATE":637163000,"NETCASH_INVEST":-250752000,"NETCASH_FINANCE":-384854000,"END_CASH":24713000,"DIVI_RATIO":null,"DIVIDEND_RATE":null,"CURRENT_RATIO":0.089045721996,"COMMON_ACS":100000000000,"CURRENTDEBT_DEBT":85.52214393786,"ISSUED_COMMON_SHARES":1380545800,"HK_COMMON_SHARES":1380545800,"PER_SHARES":2500,"TOTAL_MARKET_CAP":151860038,"HKSK_MARKET_CAP":151860038,"PE_TTM":-0.224516546044,"PB_TTM":-0.097149856155,"REPORT_DATE_SQ":"2021-12-31 00:00:00","REPORT_TYPE_SQ":"2021年年报","OPERATE_INCOME_SQ":1121004000,"DPS_HKD":null,"OPERATE_INCOME_QOQ_SQ":8.184969580927,"NET_PROFIT_RATIO_SQ":-8.6047864236,"HOLDER_PROFIT_SQ":-113843000,"HOLDER_PROFIT_QOQ_SQ":66.661004887677,"ROE_AVG_SQ":14.367077744741,"PE_TTM_SQ":16.29212270878,"PB_TTM_SQ":-0.372090291545,"ROA_SQ":-3.361449991629,"START_DATE":"2022-01-01 00:00:00","FISCAL_YEAR":"12-31","CURRENCY":"HKD","IS_CNY_CODE":0,"DPS_HKD_LY":null,"ORG_TYPE":"一般企业","PREMIUM_INCOME":null,"PREMIUM_INCOME_YOY":null,"NET_INTEREST_INCOME":null,"NET_INTEREST_INCOME_YOY":null,"FEE_COMMISSION_INCOME":null,"FEE_COMMISSION_INCOME_YOY":null,"ACCOUNTS_RECE_TDAYS":18.437300181705,"INVENTORY_TDAYS":26.851071708324,"CURRENT_ASSETS_TDAYS":4.49615083672,"TOTAL_ASSETS_TDAYS":0.479699792106,"PREMIUM_EXPENSE":null,"LOAN_DEPOSIT":null,"LOAN_EQUITY":null,"LOAN_ASSETS":null,"DEPOSIT_EQUITY":null,"DEPOSIT_ASSETS":null,"EQUITY_MULTIPLIER":-6.0560753805,"EQUITY_RATIO":-4.851116774774},{"SECUCODE":"01738.HK","SECURITY_CODE":"01738","SECURITY_NAME_ABBR":"飞尚无烟煤","ORG_CODE":"10371901","STD_REPORT_DATE":"2022-06-30 00:00:00","REPORT_DATE":"2022-06-30 00:00:00","DATE_TYPE_CODE":"002","REPORT_TYPE":"2022年中报","PER_NETCASH_OPERATE":0.233811873536,"PER_OI":0.506211383932,"BPS":-0.607032378064,"BASIC_EPS":0.01,"DILUTED_EPS":0.01,"OPERATE_INCOME":698848000,"OPERATE_INCOME_YOY":56.0259430013,"GROSS_PROFIT":270668000,"GROSS_PROFIT_YOY":117.685521035234,"HOLDER_PROFIT":11689000,"HOLDER_PROFIT_YOY":112.6583102012,"GROSS_PROFIT_RATIO":38.73059663904,"EPS_TTM":-0.007203672634,"OPERATE_INCOME_QOQ":22.38555794627,"NET_PROFIT_RATIO":4.1239296671,"ROE_AVG":-1.383797572487,"GROSS_PROFIT_QOQ":36.693615121895,"ROA":0.353375769301,"HOLDER_PROFIT_QOQ":91.264285024112,"ROE_YEARLY":-2.767595144973,"ROIC_YEARLY":0.761137024224,"TOTAL_ASSETS":3240687000,"TOTAL_LIABILITIES":3860446000,"TAX_EBT":91.990134476481,"OCF_SALES":46.188584642154,"TOTAL_PARENT_EQUITY":-838036000,"DEBT_ASSET_RATIO":119.1243091357,"OPERATE_PROFIT":95679000,"PRETAX_PROFIT":17029000,"NETCASH_OPERATE":322788000,"NETCASH_INVEST":-149818000,"NETCASH_FINANCE":-167678000,"END_CASH":28739000,"DIVI_RATIO":null,"DIVIDEND_RATE":null,"CURRENT_RATIO":0.080370727082,"COMMON_ACS":100000000000,"CURRENTDEBT_DEBT":83.699240968531,"ISSUED_COMMON_SHARES":1380545800,"HK_COMMON_SHARES":1380545800,"PER_SHARES":2500,"TOTAL_MARKET_CAP":151860038,"HKSK_MARKET_CAP":151860038,"PE_TTM":-0.224516546044,"PB_TTM":-0.097149856155,"REPORT_DATE_SQ":"2021-06-30 00:00:00","REPORT_TYPE_SQ":"2021年中报","OPERATE_INCOME_SQ":447905000,"DPS_HKD":null,"OPERATE_INCOME_QOQ_SQ":2.281965581981,"NET_PROFIT_RATIO_SQ":-20.9774394124,"HOLDER_PROFIT_SQ":-92224000,"HOLDER_PROFIT_QOQ_SQ":4.108115697838,"ROE_AVG_SQ":11.798502798857,"PE_TTM_SQ":16.29212270878,"PB_TTM_SQ":-0.372090291545,"ROA_SQ":-2.759837104254,"START_DATE":"2022-01-01 00:00:00","FISCAL_YEAR":"12-31","CURRENCY":"HKD","IS_CNY_CODE":0,"DPS_HKD_LY":null,"ORG_TYPE":"一般企业","PREMIUM_INCOME":null,"PREMIUM_INCOME_YOY":null,"NET_INTEREST_INCOME":null,"NET_INTEREST_INCOME_YOY":null,"FEE_COMMISSION_INCOME":null,"FEE_COMMISSION_INCOME_YOY":null,"ACCOUNTS_RECE_TDAYS":10.759618789549,"INVENTORY_TDAYS":13.180852701247,"CURRENT_ASSETS_TDAYS":2.060173693613,"TOTAL_ASSETS_TDAYS":0.211543558013,"PREMIUM_EXPENSE":null,"LOAN_DEPOSIT":null,"LOAN_EQUITY":null,"LOAN_ASSETS":null,"DEPOSIT_EQUITY":null,"DEPOSIT_ASSETS":null,"EQUITY_MULTIPLIER":-5.22894705845,"EQUITY_RATIO":-4.606539575865},{"SECUCODE":"01738.HK","SECURITY_CODE":"01738","SECURITY_NAME_ABBR":"飞尚无烟煤","ORG_CODE":"10371901","STD_REPORT_DATE":"2021-12-31 00:00:00","REPORT_DATE":"2021-12-31 00:00:00","DATE_TYPE_CODE":"001","REPORT_TYPE":"2021年年报","PER_NETCASH_OPERATE":0.200518519559,"PER_OI":0.812000587014,"BPS":-0.615122656561,"BASIC_EPS":-0.08,"DILUTED_EPS":-0.08,"OPERATE_INCOME":1121004000,"OPERATE_INCOME_YOY":10.6537133516,"GROSS_PROFIT":398786000,"GROSS_PROFIT_YOY":34.07455721567,"HOLDER_PROFIT":-113843000,"HOLDER_PROFIT_YOY":68.0306093794,"GROSS_PROFIT_RATIO":35.574003304181,"EPS_TTM":-0.082462313094,"OPERATE_INCOME_QOQ":8.184969580927,"NET_PROFIT_RATIO":-8.6047864236,"ROE_AVG":14.367077744741,"GROSS_PROFIT_QOQ":22.475015816662,"ROA":-3.361449991629,"HOLDER_PROFIT_QOQ":66.661004887677,"ROE_YEARLY":14.367077744741,"ROIC_YEARLY":-3.594080405012,"TOTAL_ASSETS":3366444000,"TOTAL_LIABILITIES":4014518000,"TAX_EBT":-118.492731805993,"OCF_SALES":24.694381108364,"TOTAL_PARENT_EQUITY":-849205000,"DEBT_ASSET_RATIO":119.2509960065,"OPERATE_PROFIT":117383000,"PRETAX_PROFIT":-42514000,"NETCASH_OPERATE":276825000,"NETCASH_INVEST":-154035000,"NETCASH_FINANCE":-127632000,"END_CASH":24954000,"DIVI_RATIO":null,"DIVIDEND_RATE":null,"CURRENT_RATIO":0.126314211371,"COMMON_ACS":100000000000,"CURRENTDEBT_DEBT":82.577933390758,"ISSUED_COMMON_SHARES":1380545800,"HK_COMMON_SHARES":1380545800,"PER_SHARES":2500,"TOTAL_MARKET_CAP":151860038,"HKSK_MARKET_CAP":151860038,"PE_TTM":-0.224516546044,"PB_TTM":-0.097149856155,"REPORT_DATE_SQ":"2020-12-31 00:00:00","REPORT_TYPE_SQ":"2020年年报","OPERATE_INCOME_SQ":1013074000,"DPS_HKD":null,"OPERATE_INCOME_QOQ_SQ":3.713554463554,"NET_PROFIT_RATIO_SQ":-35.2544828907,"HOLDER_PROFIT_SQ":-356100000,"HOLDER_PROFIT_QOQ_SQ":-63.775341256117,"ROE_AVG_SQ":63.862697889626,"PE_TTM_SQ":16.29212270878,"PB_TTM_SQ":-0.372090291545,"ROA_SQ":-10.130701987094,"START_DATE":"2021-01-01 00:00:00","FISCAL_YEAR":"12-31","CURRENCY":"HKD","IS_CNY_CODE":0,"DPS_HKD_LY":null,"ORG_TYPE":"一般企业","PREMIUM_INCOME":null,"PREMIUM_INCOME_YOY":null,"NET_INTEREST_INCOME":null,"NET_INTEREST_INCOME_YOY":null,"FEE_COMMISSION_INCOME":null,"FEE_COMMISSION_INCOME_YOY":null,"ACCOUNTS_RECE_TDAYS":8.698010948126,"INVENTORY_TDAYS":16.83903985824,"CURRENT_ASSETS_TDAYS":2.376609664986,"TOTAL_ASSETS_TDAYS":0.33099961231,"PREMIUM_EXPENSE":null,"LOAN_DEPOSIT":null,"LOAN_EQUITY":null,"LOAN_ASSETS":null,"DEPOSIT_EQUITY":null,"DEPOSIT_ASSETS":null,"EQUITY_MULTIPLIER":-5.194536426387,"EQUITY_RATIO":-4.727383847245},{"SECUCODE":"01738.HK","SECURITY_CODE":"01738","SECURITY_NAME_ABBR":"飞尚无烟煤","ORG_CODE":"10371901","STD_REPORT_DATE":"2021-06-30 00:00:00","REPORT_DATE":"2021-06-30 00:00:00","DATE_TYPE_CODE":"002","REPORT_TYPE":"2021年中报","PER_NETCASH_OPERATE":0.023886205007,"PER_OI":0.324440522002,"BPS":-0.599578804267,"BASIC_EPS":-0.07,"DILUTED_EPS":-0.07,"OPERATE_INCOME":447905000,"OPERATE_INCOME_YOY":5.4422569429,"GROSS_PROFIT":124339000,"GROSS_PROFIT_YOY":29.292183551872,"HOLDER_PROFIT":-92224000,"HOLDER_PROFIT_YOY":13.6907714337,"GROSS_PROFIT_RATIO":27.760127705652,"EPS_TTM":-0.247344926912,"OPERATE_INCOME_QOQ":2.281965581981,"NET_PROFIT_RATIO":-20.9774394124,"ROE_AVG":11.798502798857,"GROSS_PROFIT_QOQ":9.470945010019,"ROA":-2.759837104254,"HOLDER_PROFIT_QOQ":4.108115697838,"ROE_YEARLY":23.597005597713,"ROIC_YEARLY":-5.894812333123,"TOTAL_ASSETS":3276291000,"TOTAL_LIABILITIES":3922024000,"TAX_EBT":-19.931841328702,"OCF_SALES":7.362275482524,"TOTAL_PARENT_EQUITY":-827746000,"DEBT_ASSET_RATIO":119.7092688043,"OPERATE_PROFIT":5619000,"PRETAX_PROFIT":-76586000,"NETCASH_OPERATE":32976000,"NETCASH_INVEST":-69006000,"NETCASH_FINANCE":36765000,"END_CASH":30371000,"DIVI_RATIO":null,"DIVIDEND_RATE":null,"CURRENT_RATIO":0.197760276725,"COMMON_ACS":100000000000,"CURRENTDEBT_DEBT":47.086555309198,"ISSUED_COMMON_SHARES":1380545800,"HK_COMMON_SHARES":1380545800,"PER_SHARES":2500,"TOTAL_MARKET_CAP":151860038,"HKSK_MARKET_CAP":151860038,"PE_TTM":-0.224516546044,"PB_TTM":-0.097149856155,"REPORT_DATE_SQ":"2020-06-30 00:00:00","REPORT_TYPE_SQ":"2020年中报","OPERATE_INCOME_SQ":424787000,"DPS_HKD":null,"OPERATE_INCOME_QOQ_SQ":-15.040627071146,"NET_PROFIT_RATIO_SQ":-24.8317392011,"HOLDER_PROFIT_SQ":-106853000,"HOLDER_PROFIT_QOQ_SQ":-109.791397309971,"ROE_AVG_SQ":24.674973790071,"PE_TTM_SQ":16.29212270878,"PB_TTM_SQ":-0.372090291545,"ROA_SQ":-2.925104507614,"START_DATE":"2021-01-01 00:00:00","FISCAL_YEAR":"12-31","CURRENCY":"HKD","IS_CNY_CODE":0,"DPS_HKD_LY":null,"ORG_TYPE":"一般企业","PREMIUM_INCOME":null,"PREMIUM_INCOME_YOY":null,"NET_INTEREST_INCOME":null,"NET_INTEREST_INCOME_YOY":null,"FEE_COMMISSION_INCOME":null,"FEE_COMMISSION_INCOME_YOY":null,"ACCOUNTS_RECE_TDAYS":3.378617414885,"INVENTORY_TDAYS":7.426433629029,"CURRENT_ASSETS_TDAYS":1.006718122072,"TOTAL_ASSETS_TDAYS":0.13403721788,"PREMIUM_EXPENSE":null,"LOAN_DEPOSIT":null,"LOAN_EQUITY":null,"LOAN_ASSETS":null,"DEPOSIT_EQUITY":null,"DEPOSIT_ASSETS":null,"EQUITY_MULTIPLIER":-5.07375494205,"EQUITY_RATIO":-4.738197466373},{"SECUCODE":"01738.HK","SECURITY_CODE":"01738","SECURITY_NAME_ABBR":"飞尚无烟煤","ORG_CODE":"10371901","STD_REPORT_DATE":"2020-12-31 00:00:00","REPORT_DATE":"2020-12-31 00:00:00","DATE_TYPE_CODE":"001","REPORT_TYPE":"2020年年报","PER_NETCASH_OPERATE":0.136966118763,"PER_OI":0.733821362536,"BPS":-0.532811732867,"BASIC_EPS":-0.26,"DILUTED_EPS":-0.26,"OPERATE_INCOME":1013074000,"OPERATE_INCOME_YOY":-11.8856144855,"GROSS_PROFIT":297436000,"GROSS_PROFIT_YOY":-6.214803276724,"HOLDER_PROFIT":-356100000,"HOLDER_PROFIT_YOY":-243.5865768704,"GROSS_PROFIT_RATIO":29.359750620389,"EPS_TTM":-0.257941460544,"OPERATE_INCOME_QOQ":3.713554463554,"NET_PROFIT_RATIO":-35.2544828907,"ROE_AVG":63.862697889626,"GROSS_PROFIT_QOQ":58.158479650328,"ROA":-10.130701987094,"HOLDER_PROFIT_QOQ":-63.775341256117,"ROE_YEARLY":63.862697889626,"ROIC_YEARLY":-10.808003750174,"TOTAL_ASSETS":3407002000,"TOTAL_LIABILITIES":3958825000,"TAX_EBT":10.549927678413,"OCF_SALES":18.664776709303,"TOTAL_PARENT_EQUITY":-735571000,"DEBT_ASSET_RATIO":116.1967324938,"OPERATE_PROFIT":-225045000,"PRETAX_PROFIT":-387851000,"NETCASH_OPERATE":189088000,"NETCASH_INVEST":-222662000,"NETCASH_FINANCE":23129000,"END_CASH":32135000,"DIVI_RATIO":null,"DIVIDEND_RATE":null,"CURRENT_RATIO":0.281746788305,"COMMON_ACS":100000000000,"CURRENTDEBT_DEBT":47.034738842965,"ISSUED_COMMON_SHARES":1380545800,"HK_COMMON_SHARES":1380545800,"PER_SHARES":2500,"TOTAL_MARKET_CAP":151860038,"HKSK_MARKET_CAP":151860038,"PE_TTM":-0.224516546044,"PB_TTM":-0.097149856155,"REPORT_DATE_SQ":"2019-12-31 00:00:00","REPORT_TYPE_SQ":"2019年年报","OPERATE_INCOME_SQ":1149726000,"DPS_HKD":null,"OPERATE_INCOME_QOQ_SQ":-18.395485840017,"NET_PROFIT_RATIO_SQ":-7.1696212837,"HOLDER_PROFIT_SQ":-103642000,"HOLDER_PROFIT_QOQ_SQ":-163.566889919286,"ROE_AVG_SQ":31.612675938197,"PE_TTM_SQ":16.29212270878,"PB_TTM_SQ":-0.372090291545,"ROA_SQ":-2.922722772235,"START_DATE":"2020-01-01 00:00:00","FISCAL_YEAR":"12-31","CURRENCY":"HKD","IS_CNY_CODE":0,"DPS_HKD_LY":null,"ORG_TYPE":"一般企业","PREMIUM_INCOME":null,"PREMIUM_INCOME_YOY":null,"NET_INTEREST_INCOME":null,"NET_INTEREST_INCOME_YOY":null,"FEE_COMMISSION_INCOME":null,"FEE_COMMISSION_INCOME_YOY":null,"ACCOUNTS_RECE_TDAYS":6.920329801695,"INVENTORY_TDAYS":15.63057366576,"CURRENT_ASSETS_TDAYS":1.992332146478,"TOTAL_ASSETS_TDAYS":0.288209794577,"PREMIUM_EXPENSE":null,"LOAN_DEPOSIT":null,"LOAN_EQUITY":null,"LOAN_ASSETS":null,"DEPOSIT_EQUITY":null,"DEPOSIT_ASSETS":null,"EQUITY_MULTIPLIER":-6.174084806197,"EQUITY_RATIO":-5.381975363357},{"SECUCODE":"01738.HK","SECURITY_CODE":"01738","SECURITY_NAME_ABBR":"飞尚无烟煤","ORG_CODE":"10371901","STD_REPORT_DATE":"2020-06-30 00:00:00","REPORT_DATE":"2020-06-30 00:00:00","DATE_TYPE_CODE":"002","REPORT_TYPE":"2020年中报","PER_NETCASH_OPERATE":-0.062928734418,"PER_OI":0.307694971076,"BPS":-0.352360638814,"BASIC_EPS":-0.08,"DILUTED_EPS":-0.08,"OPERATE_INCOME":424787000,"OPERATE_INCOME_YOY":-28.9312763818,"GROSS_PROFIT":96169000,"GROSS_PROFIT_YOY":-57.30622899584,"HOLDER_PROFIT":-106853000,"HOLDER_PROFIT_YOY":-1640.3344385181,"GROSS_PROFIT_RATIO":22.639346307679,"EPS_TTM":-0.157497129034,"OPERATE_INCOME_QOQ":-15.040627071146,"NET_PROFIT_RATIO":-24.8317392011,"ROE_AVG":24.674973790071,"GROSS_PROFIT_QOQ":-40.701758811399,"ROA":-2.925104507614,"HOLDER_PROFIT_QOQ":-109.791397309971,"ROE_YEARLY":49.349947580142,"ROIC_YEARLY":-6.286984087199,"TOTAL_ASSETS":3682814000,"TOTAL_LIABILITIES":3983091000,"TAX_EBT":3.681300330278,"OCF_SALES":-20.451661656313,"TOTAL_PARENT_EQUITY":-486450000,"DEBT_ASSET_RATIO":108.1534663439,"OPERATE_PROFIT":-28421000,"PRETAX_PROFIT":-107788000,"NETCASH_OPERATE":-86876000,"NETCASH_INVEST":-70829000,"NETCASH_FINANCE":209423000,"END_CASH":94172000,"DIVI_RATIO":null,"DIVIDEND_RATE":null,"CURRENT_RATIO":0.257067859556,"COMMON_ACS":100000000000,"CURRENTDEBT_DEBT":53.284095191398,"ISSUED_COMMON_SHARES":1380545800,"HK_COMMON_SHARES":1380545800,"PER_SHARES":2500,"TOTAL_MARKET_CAP":151860038,"HKSK_MARKET_CAP":151860038,"PE_TTM":-0.224516546044,"PB_TTM":-0.097149856155,"REPORT_DATE_SQ":"2019-06-30 00:00:00","REPORT_TYPE_SQ":"2019年中报","OPERATE_INCOME_SQ":597713000,"DPS_HKD":null,"OPERATE_INCOME_QOQ_SQ":14.159450504841,"NET_PROFIT_RATIO_SQ":3.933158556,"HOLDER_PROFIT_SQ":6937000,"HOLDER_PROFIT_QOQ_SQ":-18.733582881837,"ROE_AVG_SQ":-2.544576863682,"PE_TTM_SQ":16.29212270878,"PB_TTM_SQ":-0.372090291545,"ROA_SQ":0.195769880506,"START_DATE":"2020-01-01 00:00:00","FISCAL_YEAR":"12-31","CURRENCY":"HKD","IS_CNY_CODE":0,"DPS_HKD_LY":null,"ORG_TYPE":"一般企业","PREMIUM_INCOME":null,"PREMIUM_INCOME_YOY":null,"NET_INTEREST_INCOME":null,"NET_INTEREST_INCOME_YOY":null,"FEE_COMMISSION_INCOME":null,"FEE_COMMISSION_INCOME_YOY":null,"ACCOUNTS_RECE_TDAYS":3.005745621794,"INVENTORY_TDAYS":8.696703849258,"CURRENT_ASSETS_TDAYS":0.818517009123,"TOTAL_ASSETS_TDAYS":0.116285585662,"PREMIUM_EXPENSE":null,"LOAN_DEPOSIT":null,"LOAN_EQUITY":null,"LOAN_ASSETS":null,"DEPOSIT_EQUITY":null,"DEPOSIT_ASSETS":null,"EQUITY_MULTIPLIER":-12.264722239862,"EQUITY_RATIO":-8.188078939254}],"count":27},"success":true,"message":"ok","code":0}