{"version":"734da30d03d03947d8068899e475d762","result":{"pages":2,"data":[{"SECUCODE":"01731.HK","SECURITY_CODE":"01731","SECURITY_NAME_ABBR":"其利工业集团","ORG_CODE":"10555126","STD_REPORT_DATE":"2024-06-30 00:00:00","REPORT_DATE":"2024-06-30 00:00:00","DATE_TYPE_CODE":"002","REPORT_TYPE":"2024年中报","PER_NETCASH_OPERATE":0.076065863571,"PER_OI":0.831793008214,"BPS":1.019399655,"BASIC_EPS":0.11973024,"DILUTED_EPS":0.11973024,"OPERATE_INCOME":931608169.2,"OPERATE_INCOME_YOY":13.3346049472,"GROSS_PROFIT":230808544.8,"GROSS_PROFIT_YOY":38.782944420196,"HOLDER_PROFIT":134397194.4,"HOLDER_PROFIT_YOY":91.1219215567,"GROSS_PROFIT_RATIO":24.775281328652,"EPS_TTM":0.150431892054,"OPERATE_INCOME_QOQ":6.660766579957,"NET_PROFIT_RATIO":14.4263649508,"ROE_AVG":12.199784572687,"GROSS_PROFIT_QOQ":20.814203972981,"ROA":9.448250811027,"HOLDER_PROFIT_QOQ":59.876764210472,"ROE_YEARLY":24.399569145375,"ROIC_YEARLY":27.700273580229,"TOTAL_ASSETS":1450253912.4,"TOTAL_LIABILITIES":308526298.8,"TAX_EBT":4.675731688824,"OCF_SALES":9.144806799318,"TOTAL_PARENT_EQUITY":1141727613.6,"DEBT_ASSET_RATIO":21.2739504553,"OPERATE_PROFIT":144096769.2,"PRETAX_PROFIT":140989484.4,"NETCASH_OPERATE":85193767.2,"NETCASH_INVEST":43423592.4,"NETCASH_FINANCE":-6121921.2,"END_CASH":418143609.6,"DIVI_RATIO":0.301206076594,"DIVIDEND_RATE":5.813953488372,"CURRENT_RATIO":4.058306188925,"COMMON_ACS":100000000000,"CURRENTDEBT_DEBT":92.190062599617,"ISSUED_COMMON_SHARES":1120000000,"HK_COMMON_SHARES":1120000000,"PER_SHARES":4000,"TOTAL_MARKET_CAP":963200000,"HKSK_MARKET_CAP":963200000,"PE_TTM":5.17253353876,"PB_TTM":0.76996769281,"REPORT_DATE_SQ":"2023-06-30 00:00:00","REPORT_TYPE_SQ":"2023年中报","OPERATE_INCOME_SQ":833416546.2,"DPS_HKD":0.05,"OPERATE_INCOME_QOQ_SQ":-0.15933287154,"NET_PROFIT_RATIO_SQ":8.5547819905,"HOLDER_PROFIT_SQ":71296968.6,"HOLDER_PROFIT_QOQ_SQ":29.913163978736,"ROE_AVG_SQ":6.909228409974,"PE_TTM_SQ":7.517578051712,"PB_TTM_SQ":0.664914642387,"ROA_SQ":5.257801176571,"START_DATE":"2024-01-01 00:00:00","FISCAL_YEAR":"12-31","CURRENCY":"HKD","IS_CNY_CODE":0,"DPS_HKD_LY":0.05,"ORG_TYPE":"一般企业","PREMIUM_INCOME":null,"PREMIUM_INCOME_YOY":null,"NET_INTEREST_INCOME":null,"NET_INTEREST_INCOME_YOY":null,"FEE_COMMISSION_INCOME":null,"FEE_COMMISSION_INCOME_YOY":null,"ACCOUNTS_RECE_TDAYS":2.376385038404,"INVENTORY_TDAYS":3.019498863846,"CURRENT_ASSETS_TDAYS":0.828586188646,"TOTAL_ASSETS_TDAYS":0.654929418691,"PREMIUM_EXPENSE":null,"LOAN_DEPOSIT":null,"LOAN_EQUITY":null,"LOAN_ASSETS":null,"DEPOSIT_EQUITY":null,"DEPOSIT_ASSETS":null,"EQUITY_MULTIPLIER":1.270227587671,"EQUITY_RATIO":0.270227587671},{"SECUCODE":"01731.HK","SECURITY_CODE":"01731","SECURITY_NAME_ABBR":"其利工业集团","ORG_CODE":"10555126","STD_REPORT_DATE":"2023-12-31 00:00:00","REPORT_DATE":"2023-12-31 00:00:00","DATE_TYPE_CODE":"001","REPORT_TYPE":"2023年年报","PER_NETCASH_OPERATE":0.117332514107,"PER_OI":1.31623126125,"BPS":0.941942185446,"BASIC_EPS":0.09419991,"DILUTED_EPS":0.09419991,"OPERATE_INCOME":1474179012.6,"OPERATE_INCOME_YOY":-4.6061194933,"GROSS_PROFIT":309882290.4,"GROSS_PROFIT_YOY":9.612511556981,"HOLDER_PROFIT":105383493.3,"HOLDER_PROFIT_YOY":43.8279362011,"GROSS_PROFIT_RATIO":21.020668979235,"EPS_TTM":0.094092404732,"OPERATE_INCOME_QOQ":-2.833690087795,"NET_PROFIT_RATIO":7.1486225485,"ROE_AVG":10.241285202482,"GROSS_PROFIT_QOQ":8.489388009766,"ROA":7.71886502232,"HOLDER_PROFIT_QOQ":12.58816922308,"ROE_YEARLY":10.241285202482,"ROIC_YEARLY":10.50079749319,"TOTAL_ASSETS":1386027728.4,"TOTAL_LIABILITIES":331052480.7,"TAX_EBT":6.421383647799,"OCF_SALES":8.914278027078,"TOTAL_PARENT_EQUITY":1054975247.7,"DEBT_ASSET_RATIO":23.8849825236,"OPERATE_PROFIT":114484762.8,"PRETAX_PROFIT":112614930,"NETCASH_OPERATE":131412415.8,"NETCASH_INVEST":-33458674.8,"NETCASH_FINANCE":-54777601.8,"END_CASH":299378646.3,"DIVI_RATIO":0.481558528863,"DIVIDEND_RATE":5.813953488372,"CURRENT_RATIO":3.557996200009,"COMMON_ACS":100000000000,"CURRENTDEBT_DEBT":92.334353137502,"ISSUED_COMMON_SHARES":1120000000,"HK_COMMON_SHARES":1120000000,"PER_SHARES":4000,"TOTAL_MARKET_CAP":963200000,"HKSK_MARKET_CAP":963200000,"PE_TTM":5.17253353876,"PB_TTM":0.76996769281,"REPORT_DATE_SQ":"2022-12-31 00:00:00","REPORT_TYPE_SQ":"2022年年报","OPERATE_INCOME_SQ":1519592144.8,"DPS_HKD":0.05,"OPERATE_INCOME_QOQ_SQ":22.063247286227,"NET_PROFIT_RATIO_SQ":4.7413239958,"HOLDER_PROFIT_SQ":72048787,"HOLDER_PROFIT_QOQ_SQ":53.360191238206,"ROE_AVG_SQ":7.35874691459,"PE_TTM_SQ":7.741983366689,"PB_TTM_SQ":0.684762840667,"ROA_SQ":5.435982049962,"START_DATE":"2023-01-01 00:00:00","FISCAL_YEAR":"12-31","CURRENCY":"HKD","IS_CNY_CODE":0,"DPS_HKD_LY":0.042,"ORG_TYPE":"一般企业","PREMIUM_INCOME":null,"PREMIUM_INCOME_YOY":null,"NET_INTEREST_INCOME":null,"NET_INTEREST_INCOME_YOY":null,"FEE_COMMISSION_INCOME":null,"FEE_COMMISSION_INCOME_YOY":null,"ACCOUNTS_RECE_TDAYS":4.568637780412,"INVENTORY_TDAYS":4.013281087877,"CURRENT_ASSETS_TDAYS":1.402882765082,"TOTAL_ASSETS_TDAYS":1.079769559793,"PREMIUM_EXPENSE":null,"LOAN_DEPOSIT":null,"LOAN_EQUITY":null,"LOAN_ASSETS":null,"DEPOSIT_EQUITY":null,"DEPOSIT_ASSETS":null,"EQUITY_MULTIPLIER":1.31380118294,"EQUITY_RATIO":0.313801182939},{"SECUCODE":"01731.HK","SECURITY_CODE":"01731","SECURITY_NAME_ABBR":"其利工业集团","ORG_CODE":"10555126","STD_REPORT_DATE":"2023-06-30 00:00:00","REPORT_DATE":"2023-06-30 00:00:00","DATE_TYPE_CODE":"002","REPORT_TYPE":"2023年中报","PER_NETCASH_OPERATE":0.047864473393,"PER_OI":0.74412191625,"BPS":0.929031428571,"BASIC_EPS":0.06358704,"DILUTED_EPS":0.06358704,"OPERATE_INCOME":833416546.2,"OPERATE_INCOME_YOY":-7.3879877951,"GROSS_PROFIT":166309012.8,"GROSS_PROFIT_YOY":1.791314489437,"HOLDER_PROFIT":71296968.6,"HOLDER_PROFIT_YOY":33.1219643821,"GROSS_PROFIT_RATIO":19.955088911817,"EPS_TTM":0.083572195357,"OPERATE_INCOME_QOQ":-0.15933287154,"NET_PROFIT_RATIO":8.5547819905,"ROE_AVG":6.909228409974,"GROSS_PROFIT_QOQ":1.035238162754,"ROA":5.257801176571,"HOLDER_PROFIT_QOQ":29.913163978736,"ROE_YEARLY":13.818456819948,"ROIC_YEARLY":14.155267518345,"TOTAL_ASSETS":1340364222.6,"TOTAL_LIABILITIES":299849022.6,"TAX_EBT":-1.900237529691,"OCF_SALES":6.432342919568,"TOTAL_PARENT_EQUITY":1040515200,"DEBT_ASSET_RATIO":22.3707121948,"OPERATE_PROFIT":79440445.2,"PRETAX_PROFIT":69967421.4,"NETCASH_OPERATE":53608210.2,"NETCASH_INVEST":33809518.2,"NETCASH_FINANCE":-6459865.2,"END_CASH":337798924.2,"DIVI_RATIO":0.542177931385,"DIVIDEND_RATE":5.813953488372,"CURRENT_RATIO":3.832881686629,"COMMON_ACS":100000000000,"CURRENTDEBT_DEBT":88.926910379064,"ISSUED_COMMON_SHARES":1120000000,"HK_COMMON_SHARES":1120000000,"PER_SHARES":4000,"TOTAL_MARKET_CAP":963200000,"HKSK_MARKET_CAP":963200000,"PE_TTM":5.17253353876,"PB_TTM":0.76996769281,"REPORT_DATE_SQ":"2022-06-30 00:00:00","REPORT_TYPE_SQ":"2022年中报","OPERATE_INCOME_SQ":835837756,"DPS_HKD":0.05,"OPERATE_INCOME_QOQ_SQ":33.126364366599,"NET_PROFIT_RATIO_SQ":5.9515015256,"HOLDER_PROFIT_SQ":49744896.8,"HOLDER_PROFIT_QOQ_SQ":88.842131299286,"ROE_AVG_SQ":5.30774463819,"PE_TTM_SQ":7.741983366689,"PB_TTM_SQ":0.684762840667,"ROA_SQ":3.946153006599,"START_DATE":"2023-01-01 00:00:00","FISCAL_YEAR":"12-31","CURRENCY":"HKD","IS_CNY_CODE":0,"DPS_HKD_LY":0.042,"ORG_TYPE":"一般企业","PREMIUM_INCOME":null,"PREMIUM_INCOME_YOY":null,"NET_INTEREST_INCOME":null,"NET_INTEREST_INCOME_YOY":null,"FEE_COMMISSION_INCOME":null,"FEE_COMMISSION_INCOME_YOY":null,"ACCOUNTS_RECE_TDAYS":2.382864875474,"INVENTORY_TDAYS":2.758586688578,"CURRENT_ASSETS_TDAYS":0.810494213215,"TOTAL_ASSETS_TDAYS":0.614603759911,"PREMIUM_EXPENSE":null,"LOAN_DEPOSIT":null,"LOAN_EQUITY":null,"LOAN_ASSETS":null,"DEPOSIT_EQUITY":null,"DEPOSIT_ASSETS":null,"EQUITY_MULTIPLIER":1.288173611111,"EQUITY_RATIO":0.288173611111},{"SECUCODE":"01731.HK","SECURITY_CODE":"01731","SECURITY_NAME_ABBR":"其利工业集团","ORG_CODE":"10555126","STD_REPORT_DATE":"2022-12-31 00:00:00","REPORT_DATE":"2022-12-31 00:00:00","DATE_TYPE_CODE":"001","REPORT_TYPE":"2022年年报","PER_NETCASH_OPERATE":0.039766622321,"PER_OI":1.356778700714,"BPS":0.880636359643,"BASIC_EPS":0.06407432,"DILUTED_EPS":0.06407432,"OPERATE_INCOME":1519592144.8,"OPERATE_INCOME_YOY":48.7581218084,"GROSS_PROFIT":282707043.2,"GROSS_PROFIT_YOY":41.815121382099,"HOLDER_PROFIT":72048787,"HOLDER_PROFIT_YOY":165.1204510507,"GROSS_PROFIT_RATIO":18.604139549379,"EPS_TTM":0.064329274107,"OPERATE_INCOME_QOQ":22.063247286227,"NET_PROFIT_RATIO":4.7413239958,"ROE_AVG":7.35874691459,"GROSS_PROFIT_QOQ":17.993534794863,"ROA":5.435982049962,"HOLDER_PROFIT_QOQ":53.360191238206,"ROE_YEARLY":7.35874691459,"ROIC_YEARLY":7.235353567145,"TOTAL_ASSETS":1322096982.6,"TOTAL_LIABILITIES":335784259.8,"TAX_EBT":12.83282777216,"OCF_SALES":2.930958622839,"TOTAL_PARENT_EQUITY":986312722.8,"DEBT_ASSET_RATIO":25.3978538806,"OPERATE_PROFIT":85887447.2,"PRETAX_PROFIT":82655872.8,"NETCASH_OPERATE":44538617,"NETCASH_INVEST":-9520608.2,"NETCASH_FINANCE":-51760907.2,"END_CASH":255809758,"DIVI_RATIO":0.704360505056,"DIVIDEND_RATE":5.813953488372,"CURRENT_RATIO":3.342040149393,"COMMON_ACS":100000000000,"CURRENTDEBT_DEBT":88.855702818742,"ISSUED_COMMON_SHARES":1120000000,"HK_COMMON_SHARES":1120000000,"PER_SHARES":4000,"TOTAL_MARKET_CAP":963200000,"HKSK_MARKET_CAP":963200000,"PE_TTM":5.17253353876,"PB_TTM":0.76996769281,"REPORT_DATE_SQ":"2021-12-31 00:00:00","REPORT_TYPE_SQ":"2021年年报","OPERATE_INCOME_SQ":935143046.1,"DPS_HKD":0.05,"OPERATE_INCOME_QOQ_SQ":10.431842535575,"NET_PROFIT_RATIO_SQ":2.6603396672,"HOLDER_PROFIT_SQ":24877981.4,"HOLDER_PROFIT_QOQ_SQ":115.658749204325,"ROE_AVG_SQ":2.744514663319,"PE_TTM_SQ":7.741983366689,"PB_TTM_SQ":0.684762840667,"ROA_SQ":2.035519873967,"START_DATE":"2022-01-01 00:00:00","FISCAL_YEAR":"12-31","CURRENCY":"HKD","IS_CNY_CODE":0,"DPS_HKD_LY":0.025,"ORG_TYPE":"一般企业","PREMIUM_INCOME":null,"PREMIUM_INCOME_YOY":null,"NET_INTEREST_INCOME":null,"NET_INTEREST_INCOME_YOY":null,"FEE_COMMISSION_INCOME":null,"FEE_COMMISSION_INCOME_YOY":null,"ACCOUNTS_RECE_TDAYS":5.65100167053,"INVENTORY_TDAYS":4.301655544925,"CURRENT_ASSETS_TDAYS":1.560056914464,"TOTAL_ASSETS_TDAYS":1.146511407943,"PREMIUM_EXPENSE":null,"LOAN_DEPOSIT":null,"LOAN_EQUITY":null,"LOAN_ASSETS":null,"DEPOSIT_EQUITY":null,"DEPOSIT_ASSETS":null,"EQUITY_MULTIPLIER":1.340444011355,"EQUITY_RATIO":0.340444011354},{"SECUCODE":"01731.HK","SECURITY_CODE":"01731","SECURITY_NAME_ABBR":"其利工业集团","ORG_CODE":"10555126","STD_REPORT_DATE":"2022-06-30 00:00:00","REPORT_DATE":"2022-06-30 00:00:00","DATE_TYPE_CODE":"002","REPORT_TYPE":"2022年中报","PER_NETCASH_OPERATE":0.007232731964,"PER_OI":0.746283710714,"BPS":0.837402950357,"BASIC_EPS":0.04429524,"DILUTED_EPS":0.04429524,"OPERATE_INCOME":835837756,"OPERATE_INCOME_YOY":52.9374201788,"GROSS_PROFIT":163382321.6,"GROSS_PROFIT_YOY":32.684484293822,"HOLDER_PROFIT":49744896.8,"HOLDER_PROFIT_YOY":73.2180415985,"GROSS_PROFIT_RATIO":19.5471334511,"EPS_TTM":0.041946527054,"OPERATE_INCOME_QOQ":33.126364366599,"NET_PROFIT_RATIO":5.9515015256,"ROE_AVG":5.30774463819,"GROSS_PROFIT_QOQ":20.188891390236,"ROA":3.946153006599,"HOLDER_PROFIT_QOQ":88.842131299286,"ROE_YEARLY":10.615489276379,"ROIC_YEARLY":10.560661109924,"TOTAL_ASSETS":1240776786.4,"TOTAL_LIABILITIES":302885482,"TAX_EBT":4.852374839538,"OCF_SALES":0.969166532841,"TOTAL_PARENT_EQUITY":937891304.4,"DEBT_ASSET_RATIO":24.410956533,"OPERATE_PROFIT":80214652.8,"PRETAX_PROFIT":52281806,"NETCASH_OPERATE":8100659.8,"NETCASH_INVEST":12053674.4,"NETCASH_FINANCE":-43013362.6,"END_CASH":245107039.4,"DIVI_RATIO":1.08020861756,"DIVIDEND_RATE":5.813953488372,"CURRENT_RATIO":3.532492161424,"COMMON_ACS":100000000000,"CURRENTDEBT_DEBT":87.631287391979,"ISSUED_COMMON_SHARES":1120000000,"HK_COMMON_SHARES":1120000000,"PER_SHARES":4000,"TOTAL_MARKET_CAP":963200000,"HKSK_MARKET_CAP":963200000,"PE_TTM":5.17253353876,"PB_TTM":0.76996769281,"REPORT_DATE_SQ":"2021-06-30 00:00:00","REPORT_TYPE_SQ":"2021年中报","OPERATE_INCOME_SQ":526058863.2,"DPS_HKD":0.05,"OPERATE_INCOME_QOQ_SQ":-16.819020604495,"NET_PROFIT_RATIO_SQ":5.2546910306,"HOLDER_PROFIT_SQ":27642767.9,"HOLDER_PROFIT_QOQ_SQ":-40.850880832697,"ROE_AVG_SQ":3.013178695791,"PE_TTM_SQ":7.741983366689,"PB_TTM_SQ":0.684762840667,"ROA_SQ":2.298319632398,"START_DATE":"2022-01-01 00:00:00","FISCAL_YEAR":"12-31","CURRENCY":"HKD","IS_CNY_CODE":0,"DPS_HKD_LY":0.025,"ORG_TYPE":"一般企业","PREMIUM_INCOME":null,"PREMIUM_INCOME_YOY":null,"NET_INTEREST_INCOME":null,"NET_INTEREST_INCOME_YOY":null,"FEE_COMMISSION_INCOME":null,"FEE_COMMISSION_INCOME_YOY":null,"ACCOUNTS_RECE_TDAYS":2.838680266682,"INVENTORY_TDAYS":2.9450788472,"CURRENT_ASSETS_TDAYS":0.901653586632,"TOTAL_ASSETS_TDAYS":0.663051666813,"PREMIUM_EXPENSE":null,"LOAN_DEPOSIT":null,"LOAN_EQUITY":null,"LOAN_ASSETS":null,"DEPOSIT_EQUITY":null,"DEPOSIT_ASSETS":null,"EQUITY_MULTIPLIER":1.322943053826,"EQUITY_RATIO":0.322943053826},{"SECUCODE":"01731.HK","SECURITY_CODE":"01731","SECURITY_NAME_ABBR":"其利工业集团","ORG_CODE":"10555126","STD_REPORT_DATE":"2021-12-31 00:00:00","REPORT_DATE":"2021-12-31 00:00:00","DATE_TYPE_CODE":"001","REPORT_TYPE":"2021年年报","PER_NETCASH_OPERATE":-0.051944877232,"PER_OI":0.834949148304,"BPS":0.794366679286,"BASIC_EPS":0.02231495,"DILUTED_EPS":0.02231495,"OPERATE_INCOME":935143046.1,"OPERATE_INCOME_YOY":-5.9921036777,"GROSS_PROFIT":199349011.9,"GROSS_PROFIT_YOY":-1.514921876432,"HOLDER_PROFIT":24877981.4,"HOLDER_PROFIT_YOY":30.5453328873,"GROSS_PROFIT_RATIO":21.317488562994,"EPS_TTM":0.022212483393,"OPERATE_INCOME_QOQ":10.431842535575,"NET_PROFIT_RATIO":2.6603396672,"ROE_AVG":2.744514663319,"GROSS_PROFIT_QOQ":10.681710221,"ROA":2.035519873967,"HOLDER_PROFIT_QOQ":115.658749204325,"ROE_YEARLY":2.744514663319,"ROIC_YEARLY":3.118419212403,"TOTAL_ASSETS":1216362421.7,"TOTAL_LIABILITIES":326671740.9,"TAX_EBT":-240.786026200873,"OCF_SALES":-6.221322261084,"TOTAL_PARENT_EQUITY":889690680.8,"DEBT_ASSET_RATIO":26.8564479691,"OPERATE_PROFIT":10876944.2,"PRETAX_PROFIT":7300176.5,"NETCASH_OPERATE":-58178262.5,"NETCASH_INVEST":140367411.2,"NETCASH_FINANCE":-81545203,"END_CASH":259382603.1,"DIVI_RATIO":2.03988897588,"DIVIDEND_RATE":5.813953488372,"CURRENT_RATIO":3.105271536432,"COMMON_ACS":100000000000,"CURRENTDEBT_DEBT":85.820793567149,"ISSUED_COMMON_SHARES":1120000000,"HK_COMMON_SHARES":1120000000,"PER_SHARES":4000,"TOTAL_MARKET_CAP":963200000,"HKSK_MARKET_CAP":963200000,"PE_TTM":5.17253353876,"PB_TTM":0.76996769281,"REPORT_DATE_SQ":"2020-12-31 00:00:00","REPORT_TYPE_SQ":"2020年年报","OPERATE_INCOME_SQ":1018027947.8,"DPS_HKD":0.05,"OPERATE_INCOME_QOQ_SQ":-27.577010975896,"NET_PROFIT_RATIO_SQ":1.9157554704,"HOLDER_PROFIT_SQ":19502926.1,"HOLDER_PROFIT_QOQ_SQ":426.828329894921,"ROE_AVG_SQ":2.140734109221,"PE_TTM_SQ":7.741983366689,"PB_TTM_SQ":0.684762840667,"ROA_SQ":1.568320863022,"START_DATE":"2021-01-01 00:00:00","FISCAL_YEAR":"12-31","CURRENCY":"HKD","IS_CNY_CODE":0,"DPS_HKD_LY":0.06,"ORG_TYPE":"一般企业","PREMIUM_INCOME":null,"PREMIUM_INCOME_YOY":null,"NET_INTEREST_INCOME":null,"NET_INTEREST_INCOME_YOY":null,"FEE_COMMISSION_INCOME":null,"FEE_COMMISSION_INCOME_YOY":null,"ACCOUNTS_RECE_TDAYS":4.751081094213,"INVENTORY_TDAYS":3.717976804124,"CURRENT_ASSETS_TDAYS":1.062928701097,"TOTAL_ASSETS_TDAYS":0.765135331815,"PREMIUM_EXPENSE":null,"LOAN_DEPOSIT":null,"LOAN_EQUITY":null,"LOAN_ASSETS":null,"DEPOSIT_EQUITY":null,"DEPOSIT_ASSETS":null,"EQUITY_MULTIPLIER":1.367174511265,"EQUITY_RATIO":0.367174511265},{"SECUCODE":"01731.HK","SECURITY_CODE":"01731","SECURITY_NAME_ABBR":"其利工业集团","ORG_CODE":"10555126","STD_REPORT_DATE":"2021-06-30 00:00:00","REPORT_DATE":"2021-06-30 00:00:00","DATE_TYPE_CODE":"002","REPORT_TYPE":"2021年中报","PER_NETCASH_OPERATE":-0.034221226161,"PER_OI":0.469695413571,"BPS":0.802978894107,"BASIC_EPS":0.02454838,"DILUTED_EPS":0.02454838,"OPERATE_INCOME":526058863.2,"OPERATE_INCOME_YOY":-17.3220431909,"GROSS_PROFIT":123135966.1,"GROSS_PROFIT_YOY":-15.336283349274,"HOLDER_PROFIT":27642767.9,"HOLDER_PROFIT_YOY":-14.930417495,"GROSS_PROFIT_RATIO":23.407260045191,"EPS_TTM":0.010299829464,"OPERATE_INCOME_QOQ":-16.819020604495,"NET_PROFIT_RATIO":5.2546910306,"ROE_AVG":3.013178695791,"GROSS_PROFIT_QOQ":-11.019555148794,"ROA":2.298319632398,"HOLDER_PROFIT_QOQ":-40.850880832697,"ROE_YEARLY":6.026357391583,"ROIC_YEARLY":7.610561232203,"TOTAL_ASSETS":1161196514.9,"TOTAL_LIABILITIES":261860153.5,"TAX_EBT":17.664036944391,"OCF_SALES":-7.285833578937,"TOTAL_PARENT_EQUITY":899336361.4,"DEBT_ASSET_RATIO":22.5508904083,"OPERATE_PROFIT":35123563.7,"PRETAX_PROFIT":33573139.7,"NETCASH_OPERATE":-38327773.3,"NETCASH_INVEST":54510323.8,"NETCASH_FINANCE":-73373815.8,"END_CASH":203195985.4,"DIVI_RATIO":4.399199050539,"DIVIDEND_RATE":5.813953488372,"CURRENT_RATIO":3.88209777992,"COMMON_ACS":100000000000,"CURRENTDEBT_DEBT":81.897125940545,"ISSUED_COMMON_SHARES":1120000000,"HK_COMMON_SHARES":1120000000,"PER_SHARES":4000,"TOTAL_MARKET_CAP":963200000,"HKSK_MARKET_CAP":963200000,"PE_TTM":5.17253353876,"PB_TTM":0.76996769281,"REPORT_DATE_SQ":"2020-06-30 00:00:00","REPORT_TYPE_SQ":"2020年中报","OPERATE_INCOME_SQ":697281193.5,"DPS_HKD":0.05,"OPERATE_INCOME_QOQ_SQ":-9.708673350268,"NET_PROFIT_RATIO_SQ":5.1069619161,"HOLDER_PROFIT_SQ":35609885,"HOLDER_PROFIT_QOQ_SQ":193.755186108286,"ROE_AVG_SQ":3.630681059466,"PE_TTM_SQ":7.741983366689,"PB_TTM_SQ":0.684762840667,"ROA_SQ":2.690299944376,"START_DATE":"2021-01-01 00:00:00","FISCAL_YEAR":"12-31","CURRENCY":"HKD","IS_CNY_CODE":0,"DPS_HKD_LY":0.06,"ORG_TYPE":"一般企业","PREMIUM_INCOME":null,"PREMIUM_INCOME_YOY":null,"NET_INTEREST_INCOME":null,"NET_INTEREST_INCOME_YOY":null,"FEE_COMMISSION_INCOME":null,"FEE_COMMISSION_INCOME_YOY":null,"ACCOUNTS_RECE_TDAYS":2.511008325624,"INVENTORY_TDAYS":3.050224960876,"CURRENT_ASSETS_TDAYS":0.607003891051,"TOTAL_ASSETS_TDAYS":0.437384352198,"PREMIUM_EXPENSE":null,"LOAN_DEPOSIT":null,"LOAN_EQUITY":null,"LOAN_ASSETS":null,"DEPOSIT_EQUITY":null,"DEPOSIT_ASSETS":null,"EQUITY_MULTIPLIER":1.291170428262,"EQUITY_RATIO":0.291170428262},{"SECUCODE":"01731.HK","SECURITY_CODE":"01731","SECURITY_NAME_ABBR":"其利工业集团","ORG_CODE":"10555126","STD_REPORT_DATE":"2020-12-31 00:00:00","REPORT_DATE":"2020-12-31 00:00:00","DATE_TYPE_CODE":"001","REPORT_TYPE":"2020年年报","PER_NETCASH_OPERATE":0.190154228571,"PER_OI":0.908953524821,"BPS":0.843605486161,"BASIC_EPS":0.01761723,"DILUTED_EPS":0.01761723,"OPERATE_INCOME":1018027947.8,"OPERATE_INCOME_YOY":-30.0854539996,"GROSS_PROFIT":202415447.8,"GROSS_PROFIT_YOY":-38.645526564108,"HOLDER_PROFIT":19502926.1,"HOLDER_PROFIT_YOY":628.0918727915,"GROSS_PROFIT_RATIO":19.883093409904,"EPS_TTM":0.017413326875,"OPERATE_INCOME_QOQ":-27.577010975896,"NET_PROFIT_RATIO":1.9157554704,"ROE_AVG":2.140734109221,"GROSS_PROFIT_QOQ":-31.716009734179,"ROA":1.568320863022,"HOLDER_PROFIT_QOQ":426.828329894921,"ROE_YEARLY":2.140734109221,"ROIC_YEARLY":2.414485296197,"TOTAL_ASSETS":1256760989,"TOTAL_LIABILITIES":311922844.5,"TAX_EBT":20.335820895522,"OCF_SALES":20.920126648806,"TOTAL_PARENT_EQUITY":944838144.5,"DEBT_ASSET_RATIO":24.8195836146,"OPERATE_PROFIT":28122319,"PRETAX_PROFIT":24481424.8,"NETCASH_OPERATE":212972736,"NETCASH_INVEST":-192321427.5,"NETCASH_FINANCE":-16031679.3,"END_CASH":262464102.5,"DIVI_RATIO":2.60208748881,"DIVIDEND_RATE":5.813953488372,"CURRENT_RATIO":3.490125403619,"COMMON_ACS":100000000000,"CURRENTDEBT_DEBT":83.570756197051,"ISSUED_COMMON_SHARES":1120000000,"HK_COMMON_SHARES":1120000000,"PER_SHARES":4000,"TOTAL_MARKET_CAP":963200000,"HKSK_MARKET_CAP":963200000,"PE_TTM":5.17253353876,"PB_TTM":0.76996769281,"REPORT_DATE_SQ":"2019-12-31 00:00:00","REPORT_TYPE_SQ":"2019年年报","OPERATE_INCOME_SQ":1556815768.2,"DPS_HKD":0.05,"OPERATE_INCOME_QOQ_SQ":1.787531561227,"NET_PROFIT_RATIO_SQ":-0.2536285462,"HOLDER_PROFIT_SQ":-3948529.2,"HOLDER_PROFIT_QOQ_SQ":-110.869322179299,"ROE_AVG_SQ":-0.408596406373,"PE_TTM_SQ":7.741983366689,"PB_TTM_SQ":0.684762840667,"ROA_SQ":-0.298969453351,"START_DATE":"2020-01-01 00:00:00","FISCAL_YEAR":"12-31","CURRENCY":"HKD","IS_CNY_CODE":0,"DPS_HKD_LY":null,"ORG_TYPE":"一般企业","PREMIUM_INCOME":null,"PREMIUM_INCOME_YOY":null,"NET_INTEREST_INCOME":null,"NET_INTEREST_INCOME_YOY":null,"FEE_COMMISSION_INCOME":null,"FEE_COMMISSION_INCOME_YOY":null,"ACCOUNTS_RECE_TDAYS":4.54496992295,"INVENTORY_TDAYS":4.417585524456,"CURRENT_ASSETS_TDAYS":1.134012675893,"TOTAL_ASSETS_TDAYS":0.818643551992,"PREMIUM_EXPENSE":null,"LOAN_DEPOSIT":null,"LOAN_EQUITY":null,"LOAN_ASSETS":null,"DEPOSIT_EQUITY":null,"DEPOSIT_ASSETS":null,"EQUITY_MULTIPLIER":1.330133627983,"EQUITY_RATIO":0.330133627982},{"SECUCODE":"01731.HK","SECURITY_CODE":"01731","SECURITY_NAME_ABBR":"其利工业集团","ORG_CODE":"10555126","STD_REPORT_DATE":"2020-06-30 00:00:00","REPORT_DATE":"2020-06-30 00:00:00","DATE_TYPE_CODE":"002","REPORT_TYPE":"2020年中报","PER_NETCASH_OPERATE":0.050403511607,"PER_OI":0.622572494196,"BPS":0.901612250893,"BASIC_EPS":0.03185775,"DILUTED_EPS":0.03185775,"OPERATE_INCOME":697281193.5,"OPERATE_INCOME_YOY":-20.1923622309,"GROSS_PROFIT":145441248,"GROSS_PROFIT_YOY":-18.712004189301,"HOLDER_PROFIT":35609885,"HOLDER_PROFIT_YOY":23.6783870175,"GROSS_PROFIT_RATIO":20.858335110109,"EPS_TTM":0.003305313304,"OPERATE_INCOME_QOQ":-9.708673350268,"NET_PROFIT_RATIO":5.1069619161,"ROE_AVG":3.630681059466,"GROSS_PROFIT_QOQ":-10.148084203856,"ROA":2.690299944376,"HOLDER_PROFIT_QOQ":193.755186108286,"ROE_YEARLY":7.261362118932,"ROIC_YEARLY":7.560896785492,"TOTAL_ASSETS":1312355233,"TOTAL_LIABILITIES":302549512,"TAX_EBT":12.399860675723,"OCF_SALES":8.09600682282,"TOTAL_PARENT_EQUITY":1009805721,"DEBT_ASSET_RATIO":23.0539342087,"OPERATE_PROFIT":42703544,"PRETAX_PROFIT":40650489,"NETCASH_OPERATE":56451933,"NETCASH_INVEST":90051240,"NETCASH_FINANCE":-8629910.5,"END_CASH":401903215,"DIVI_RATIO":13.708534059704,"DIVIDEND_RATE":5.813953488372,"CURRENT_RATIO":3.851264239249,"COMMON_ACS":100000000000,"CURRENTDEBT_DEBT":79.495039311119,"ISSUED_COMMON_SHARES":1120000000,"HK_COMMON_SHARES":1120000000,"PER_SHARES":4000,"TOTAL_MARKET_CAP":963200000,"HKSK_MARKET_CAP":963200000,"PE_TTM":5.17253353876,"PB_TTM":0.76996769281,"REPORT_DATE_SQ":"2019-06-30 00:00:00","REPORT_TYPE_SQ":"2019年中报","OPERATE_INCOME_SQ":848427351.1,"DPS_HKD":0.05,"OPERATE_INCOME_QOQ_SQ":0.451981726138,"NET_PROFIT_RATIO_SQ":3.2954388922,"HOLDER_PROFIT_SQ":27959404.9,"HOLDER_PROFIT_QOQ_SQ":-28.181099939061,"ROE_AVG_SQ":2.882015923014,"PE_TTM_SQ":7.741983366689,"PB_TTM_SQ":0.684762840667,"ROA_SQ":2.122861870436,"START_DATE":"2020-01-01 00:00:00","FISCAL_YEAR":"12-31","CURRENCY":"HKD","IS_CNY_CODE":0,"DPS_HKD_LY":null,"ORG_TYPE":"一般企业","PREMIUM_INCOME":null,"PREMIUM_INCOME_YOY":null,"NET_INTEREST_INCOME":null,"NET_INTEREST_INCOME_YOY":null,"FEE_COMMISSION_INCOME":null,"FEE_COMMISSION_INCOME_YOY":null,"ACCOUNTS_RECE_TDAYS":2.222164564673,"INVENTORY_TDAYS":2.967055554498,"CURRENT_ASSETS_TDAYS":0.738957058667,"TOTAL_ASSETS_TDAYS":0.526790680758,"PREMIUM_EXPENSE":null,"LOAN_DEPOSIT":null,"LOAN_EQUITY":null,"LOAN_ASSETS":null,"DEPOSIT_EQUITY":null,"DEPOSIT_ASSETS":null,"EQUITY_MULTIPLIER":1.299611604201,"EQUITY_RATIO":0.299611604201}],"count":17},"success":true,"message":"ok","code":0}