{"version":"3d83db0e70fdf7d7bfa628317e3f3f1f","result":{"pages":3,"data":[{"SECUCODE":"01735.HK","SECURITY_CODE":"01735","SECURITY_NAME_ABBR":"中环新能源","ORG_CODE":"10699414","STD_REPORT_DATE":"2024-06-30 00:00:00","REPORT_DATE":"2024-06-30 00:00:00","DATE_TYPE_CODE":"002","REPORT_TYPE":"2024年中报","PER_NETCASH_OPERATE":0.112680328438,"PER_OI":0.54706544804,"BPS":0.180007331903,"BASIC_EPS":0.008761728,"DILUTED_EPS":0.008761728,"OPERATE_INCOME":2310804452.52,"OPERATE_INCOME_YOY":52.5169104213,"GROSS_PROFIT":39428688.68,"GROSS_PROFIT_YOY":-35.759002422317,"HOLDER_PROFIT":37072148.92,"HOLDER_PROFIT_YOY":152.6528581203,"GROSS_PROFIT_RATIO":1.706275433086,"EPS_TTM":0.019496379148,"OPERATE_INCOME_QOQ":21.373697381571,"NET_PROFIT_RATIO":2.3720234181,"ROE_AVG":4.825178023398,"GROSS_PROFIT_QOQ":-14.014428740585,"ROA":1.034302538394,"HOLDER_PROFIT_QOQ":37.018770551893,"ROE_YEARLY":9.650356046797,"ROIC_YEARLY":2.529555803549,"TOTAL_ASSETS":3977542493.88,"TOTAL_LIABILITIES":2766970130.64,"TAX_EBT":20.060430199127,"OCF_SALES":20.597229973352,"TOTAL_PARENT_EQUITY":760350969.96,"DEBT_ASSET_RATIO":69.5648163382,"OPERATE_PROFIT":90436548.52,"PRETAX_PROFIT":68567823.04,"NETCASH_OPERATE":475961707.32,"NETCASH_INVEST":-571322164.44,"NETCASH_FINANCE":503153182.56,"END_CASH":887746495.08,"DIVI_RATIO":null,"DIVIDEND_RATE":null,"CURRENT_RATIO":1.010854335105,"COMMON_ACS":80000000000,"CURRENTDEBT_DEBT":88.819829679605,"ISSUED_COMMON_SHARES":4224000000,"HK_COMMON_SHARES":4224000000,"PER_SHARES":1000,"TOTAL_MARKET_CAP":36410880000,"HKSK_MARKET_CAP":36410880000,"PE_TTM":400.714026302757,"PB_TTM":43.705450865866,"REPORT_DATE_SQ":"2023-06-30 00:00:00","REPORT_TYPE_SQ":"2023年中报","OPERATE_INCOME_SQ":1530552260.58,"DPS_HKD":null,"OPERATE_INCOME_QOQ_SQ":72.63207859574,"NET_PROFIT_RATIO_SQ":1.4528896656,"HOLDER_PROFIT_SQ":14822672.46,"HOLDER_PROFIT_QOQ_SQ":32.608994035881,"ROE_AVG_SQ":4.42285789743,"PE_TTM_SQ":-1253.31022176905,"PB_TTM_SQ":45.63485699011,"ROA_SQ":0.811876618186,"START_DATE":"2024-01-01 00:00:00","FISCAL_YEAR":"12-31","CURRENCY":"HKD","IS_CNY_CODE":0,"DPS_HKD_LY":null,"ORG_TYPE":"一般企业","PREMIUM_INCOME":null,"PREMIUM_INCOME_YOY":null,"NET_INTEREST_INCOME":null,"NET_INTEREST_INCOME_YOY":null,"FEE_COMMISSION_INCOME":null,"FEE_COMMISSION_INCOME_YOY":null,"ACCOUNTS_RECE_TDAYS":2.078002371095,"INVENTORY_TDAYS":7.54343322285,"CURRENT_ASSETS_TDAYS":1.047688250253,"TOTAL_ASSETS_TDAYS":0.644707949391,"PREMIUM_EXPENSE":null,"LOAN_DEPOSIT":null,"LOAN_EQUITY":null,"LOAN_ASSETS":null,"DEPOSIT_EQUITY":null,"DEPOSIT_ASSETS":null,"EQUITY_MULTIPLIER":3.285670988919,"EQUITY_RATIO":3.63906964015},{"SECUCODE":"01735.HK","SECURITY_CODE":"01735","SECURITY_NAME_ABBR":"中环新能源","ORG_CODE":"10699414","STD_REPORT_DATE":"2023-12-31 00:00:00","REPORT_DATE":"2023-12-31 00:00:00","DATE_TYPE_CODE":"001","REPORT_TYPE":"2023年年报","PER_NETCASH_OPERATE":-0.214913591468,"PER_OI":0.864234166615,"BPS":0.182473318324,"BASIC_EPS":0.014227654,"DILUTED_EPS":0.014227654,"OPERATE_INCOME":3650525119.78,"OPERATE_INCOME_YOY":149.6403475122,"GROSS_PROFIT":156606596.86,"GROSS_PROFIT_YOY":463.760760471525,"HOLDER_PROFIT":60103229.06,"HOLDER_PROFIT_YOY":338.2034981863,"GROSS_PROFIT_RATIO":4.289974502886,"EPS_TTM":0.014228984152,"OPERATE_INCOME_QOQ":46.704749022402,"NET_PROFIT_RATIO":1.7697047811,"ROE_AVG":12.768886296209,"GROSS_PROFIT_QOQ":102.482605370026,"ROA":2.659663843642,"HOLDER_PROFIT_QOQ":458.58910467012,"ROE_YEARLY":12.768886296209,"ROIC_YEARLY":3.513458820438,"TOTAL_ASSETS":3168402486.48,"TOTAL_LIABILITIES":1980135104.78,"TAX_EBT":13.957249586617,"OCF_SALES":-24.867518523327,"TOTAL_PARENT_EQUITY":770767296.6,"DEBT_ASSET_RATIO":62.4963246693,"OPERATE_PROFIT":96427245.32,"PRETAX_PROFIT":75083045.66,"NETCASH_OPERATE":-907795010.36,"NETCASH_INVEST":-677860715.98,"NETCASH_FINANCE":1185086549.5,"END_CASH":124489253.84,"DIVI_RATIO":null,"DIVIDEND_RATE":null,"CURRENT_RATIO":1.118083766123,"COMMON_ACS":80000000000,"CURRENTDEBT_DEBT":86.420441829909,"ISSUED_COMMON_SHARES":4224000000,"HK_COMMON_SHARES":4224000000,"PER_SHARES":1000,"TOTAL_MARKET_CAP":35481600000,"HKSK_MARKET_CAP":35481600000,"PE_TTM":390.486986188301,"PB_TTM":42.589998523581,"REPORT_DATE_SQ":"2022-12-31 00:00:00","REPORT_TYPE_SQ":"2022年年报","OPERATE_INCOME_SQ":1441417096.07,"DPS_HKD":null,"OPERATE_INCOME_QOQ_SQ":29.747858169938,"NET_PROFIT_RATIO_SQ":-1.87947629,"HOLDER_PROFIT_SQ":-24871316.61,"HOLDER_PROFIT_QOQ_SQ":-135.564781423739,"ROE_AVG_SQ":-13.311182291916,"PE_TTM_SQ":-1021.81391791996,"PB_TTM_SQ":37.205738216163,"ROA_SQ":-2.460477753147,"START_DATE":"2023-01-01 00:00:00","FISCAL_YEAR":"12-31","CURRENCY":"HKD","IS_CNY_CODE":0,"DPS_HKD_LY":null,"ORG_TYPE":"一般企业","PREMIUM_INCOME":null,"PREMIUM_INCOME_YOY":null,"NET_INTEREST_INCOME":null,"NET_INTEREST_INCOME_YOY":null,"FEE_COMMISSION_INCOME":null,"FEE_COMMISSION_INCOME_YOY":null,"ACCOUNTS_RECE_TDAYS":5.132257949441,"INVENTORY_TDAYS":21.714808702852,"CURRENT_ASSETS_TDAYS":2.455519265983,"TOTAL_ASSETS_TDAYS":1.615415647917,"PREMIUM_EXPENSE":null,"LOAN_DEPOSIT":null,"LOAN_EQUITY":null,"LOAN_ASSETS":null,"DEPOSIT_EQUITY":null,"DEPOSIT_ASSETS":null,"EQUITY_MULTIPLIER":2.66640533543,"EQUITY_RATIO":2.569044007854},{"SECUCODE":"01735.HK","SECURITY_CODE":"01735","SECURITY_NAME_ABBR":"中环新能源","ORG_CODE":"10699414","STD_REPORT_DATE":"2023-06-30 00:00:00","REPORT_DATE":"2023-06-30 00:00:00","DATE_TYPE_CODE":"002","REPORT_TYPE":"2023年中报","PER_NETCASH_OPERATE":-0.532212081913,"PER_OI":1.449386610398,"BPS":0.117583881136,"BASIC_EPS":0.003503524,"DILUTED_EPS":0.003503524,"OPERATE_INCOME":1530552260.58,"OPERATE_INCOME_YOY":193.551341879,"GROSS_PROFIT":61376208.6,"GROSS_PROFIT_YOY":419.614035704048,"HOLDER_PROFIT":14822672.46,"HOLDER_PROFIT_YOY":104.8286405912,"GROSS_PROFIT_RATIO":4.010069448837,"EPS_TTM":-0.015872187936,"OPERATE_INCOME_QOQ":72.63207859574,"NET_PROFIT_RATIO":1.4528896656,"ROE_AVG":4.42285789743,"GROSS_PROFIT_QOQ":178.424292023151,"ROA":0.811876618186,"HOLDER_PROFIT_QOQ":32.608994035881,"ROE_YEARLY":8.84571579486,"ROIC_YEARLY":2.91379325969,"TOTAL_ASSETS":2276752163.68,"TOTAL_LIABILITIES":1081765587.86,"TAX_EBT":19.253431536659,"OCF_SALES":-36.719814995865,"TOTAL_PARENT_EQUITY":496674313.92,"DEBT_ASSET_RATIO":47.5135416633,"OPERATE_PROFIT":34919992.5,"PRETAX_PROFIT":27539542.6,"NETCASH_OPERATE":-562015958.5,"NETCASH_INVEST":-159587362.16,"NETCASH_FINANCE":544442097.72,"END_CASH":352336500.96,"DIVI_RATIO":null,"DIVIDEND_RATE":null,"CURRENT_RATIO":2.126642996469,"COMMON_ACS":80000000000,"CURRENTDEBT_DEBT":80.223505016164,"ISSUED_COMMON_SHARES":4224000000,"HK_COMMON_SHARES":4224000000,"PER_SHARES":1000,"TOTAL_MARKET_CAP":35481600000,"HKSK_MARKET_CAP":35481600000,"PE_TTM":390.486986188301,"PB_TTM":42.589998523581,"REPORT_DATE_SQ":"2022-06-30 00:00:00","REPORT_TYPE_SQ":"2022年中报","OPERATE_INCOME_SQ":483621062.47,"DPS_HKD":null,"OPERATE_INCOME_QOQ_SQ":25.090519596634,"NET_PROFIT_RATIO_SQ":1.1303011602,"HOLDER_PROFIT_SQ":6712386.31,"HOLDER_PROFIT_QOQ_SQ":37.991121340827,"ROE_AVG_SQ":3.408503671665,"PE_TTM_SQ":-1021.81391791996,"PB_TTM_SQ":37.205738216163,"ROA_SQ":0.934823206578,"START_DATE":"2023-01-01 00:00:00","FISCAL_YEAR":"12-31","CURRENCY":"HKD","IS_CNY_CODE":0,"DPS_HKD_LY":null,"ORG_TYPE":"一般企业","PREMIUM_INCOME":null,"PREMIUM_INCOME_YOY":null,"NET_INTEREST_INCOME":null,"NET_INTEREST_INCOME_YOY":null,"FEE_COMMISSION_INCOME":null,"FEE_COMMISSION_INCOME_YOY":null,"ACCOUNTS_RECE_TDAYS":1.913431309889,"INVENTORY_TDAYS":18.005050676248,"CURRENT_ASSETS_TDAYS":1.046885538368,"TOTAL_ASSETS_TDAYS":0.838323586134,"PREMIUM_EXPENSE":null,"LOAN_DEPOSIT":null,"LOAN_EQUITY":null,"LOAN_ASSETS":null,"DEPOSIT_EQUITY":null,"DEPOSIT_ASSETS":null,"EQUITY_MULTIPLIER":1.905253339033,"EQUITY_RATIO":2.178017983902},{"SECUCODE":"01735.HK","SECURITY_CODE":"01735","SECURITY_NAME_ABBR":"中环新能源","ORG_CODE":"10699414","STD_REPORT_DATE":"2022-12-31 00:00:00","REPORT_DATE":"2022-12-31 00:00:00","DATE_TYPE_CODE":"001","REPORT_TYPE":"2022年年报","PER_NETCASH_OPERATE":-0.057306315739,"PER_OI":1.364978310672,"BPS":0.039819032869,"BASIC_EPS":-0.005895582,"DILUTED_EPS":-0.005895582,"OPERATE_INCOME":1441417096.07,"OPERATE_INCOME_YOY":48.5534451077,"GROSS_PROFIT":27778910.46,"GROSS_PROFIT_YOY":-34.365872387281,"HOLDER_PROFIT":-24871316.61,"HOLDER_PROFIT_YOY":-144.9189319997,"GROSS_PROFIT_RATIO":1.927194462709,"EPS_TTM":-0.023552383153,"OPERATE_INCOME_QOQ":29.747858169938,"NET_PROFIT_RATIO":-1.87947629,"ROE_AVG":-13.311182291916,"GROSS_PROFIT_QOQ":-30.694686566961,"ROA":-2.460477753147,"HOLDER_PROFIT_QOQ":-135.564781423739,"ROE_YEARLY":-13.311182291916,"ROIC_YEARLY":-3.485160561095,"TOTAL_ASSETS":1331899514.26,"TOTAL_LIABILITIES":1163810218.55,"TAX_EBT":2.199290551435,"OCF_SALES":-4.19833159916,"TOTAL_PARENT_EQUITY":168195594.84,"DEBT_ASSET_RATIO":87.3797314354,"OPERATE_PROFIT":-22769452.3,"PRETAX_PROFIT":-27700302.7,"NETCASH_OPERATE":-60515469.42,"NETCASH_INVEST":-40672369.64,"NETCASH_FINANCE":627027303.42,"END_CASH":548464206.92,"DIVI_RATIO":null,"DIVIDEND_RATE":null,"CURRENT_RATIO":1.306159139103,"COMMON_ACS":80000000000,"CURRENTDEBT_DEBT":68.735517494138,"ISSUED_COMMON_SHARES":4224000000,"HK_COMMON_SHARES":4224000000,"PER_SHARES":1000,"TOTAL_MARKET_CAP":35481600000,"HKSK_MARKET_CAP":35481600000,"PE_TTM":390.486986188301,"PB_TTM":42.589998523581,"REPORT_DATE_SQ":"2021-12-31 00:00:00","REPORT_TYPE_SQ":"2021年年报","OPERATE_INCOME_SQ":888106553.6,"DPS_HKD":null,"OPERATE_INCOME_QOQ_SQ":518.054902020326,"NET_PROFIT_RATIO_SQ":5.549990978,"HOLDER_PROFIT_SQ":50678936,"HOLDER_PROFIT_QOQ_SQ":419.197894427726,"ROE_AVG_SQ":31.592520954223,"PE_TTM_SQ":-1021.81391791996,"PB_TTM_SQ":37.205738216163,"ROA_SQ":9.896476959577,"START_DATE":"2022-01-01 00:00:00","FISCAL_YEAR":"12-31","CURRENCY":"HKD","IS_CNY_CODE":0,"DPS_HKD_LY":null,"ORG_TYPE":"一般企业","PREMIUM_INCOME":null,"PREMIUM_INCOME_YOY":null,"NET_INTEREST_INCOME":null,"NET_INTEREST_INCOME_YOY":null,"FEE_COMMISSION_INCOME":null,"FEE_COMMISSION_INCOME_YOY":null,"ACCOUNTS_RECE_TDAYS":6.030781017874,"INVENTORY_TDAYS":15.707700782634,"CURRENT_ASSETS_TDAYS":1.96222902386,"TOTAL_ASSETS_TDAYS":1.425969824396,"PREMIUM_EXPENSE":null,"LOAN_DEPOSIT":null,"LOAN_EQUITY":null,"LOAN_ASSETS":null,"DEPOSIT_EQUITY":null,"DEPOSIT_ASSETS":null,"EQUITY_MULTIPLIER":7.923761644859,"EQUITY_RATIO":6.919385847513},{"SECUCODE":"01735.HK","SECURITY_CODE":"01735","SECURITY_NAME_ABBR":"中环新能源","ORG_CODE":"10699414","STD_REPORT_DATE":"2022-06-30 00:00:00","REPORT_DATE":"2022-06-30 00:00:00","DATE_TYPE_CODE":"002","REPORT_TYPE":"2022年中报","PER_NETCASH_OPERATE":0.083559999422,"PER_OI":0.457974490975,"BPS":0.046668188007,"BASIC_EPS":0.006328406,"DILUTED_EPS":0.006328406,"OPERATE_INCOME":483621062.47,"OPERATE_INCOME_YOY":80.43296535,"GROSS_PROFIT":11811884.28,"GROSS_PROFIT_YOY":-15.952567581714,"HOLDER_PROFIT":6712386.31,"HOLDER_PROFIT_YOY":152.0766985138,"GROSS_PROFIT_RATIO":2.44238417154,"EPS_TTM":0.066223894006,"OPERATE_INCOME_QOQ":25.090519596634,"NET_PROFIT_RATIO":1.1303011602,"ROE_AVG":3.408503671665,"GROSS_PROFIT_QOQ":-5.297120290593,"ROA":0.934823206578,"HOLDER_PROFIT_QOQ":37.991121340827,"ROE_YEARLY":6.81700734333,"ROIC_YEARLY":1.994855920013,"TOTAL_ASSETS":775714627.73,"TOTAL_LIABILITIES":578158041.02,"TAX_EBT":-3.447159734585,"OCF_SALES":18.245557573389,"TOTAL_PARENT_EQUITY":197126426.14,"DEBT_ASSET_RATIO":74.5323112846,"OPERATE_PROFIT":7975501.94,"PRETAX_PROFIT":5284219.01,"NETCASH_OPERATE":88239359.39,"NETCASH_INVEST":-407925.63,"NETCASH_FINANCE":-88857661.76,"END_CASH":45631228.02,"DIVI_RATIO":null,"DIVIDEND_RATE":null,"CURRENT_RATIO":1.12734359767,"COMMON_ACS":80000000000,"CURRENTDEBT_DEBT":82.68861547382,"ISSUED_COMMON_SHARES":4224000000,"HK_COMMON_SHARES":4224000000,"PER_SHARES":1000,"TOTAL_MARKET_CAP":35481600000,"HKSK_MARKET_CAP":35481600000,"PE_TTM":390.486986188301,"PB_TTM":42.589998523581,"REPORT_DATE_SQ":"2021-06-30 00:00:00","REPORT_TYPE_SQ":"2021年中报","OPERATE_INCOME_SQ":260790513.6,"DPS_HKD":null,"OPERATE_INCOME_QOQ_SQ":0,"NET_PROFIT_RATIO_SQ":-5.4731669964,"HOLDER_PROFIT_SQ":-12541109.76,"HOLDER_PROFIT_QOQ_SQ":0,"ROE_AVG_SQ":-9.708368894829,"PE_TTM_SQ":-1021.81391791996,"PB_TTM_SQ":37.205738216163,"ROA_SQ":-2.896166883162,"START_DATE":"2022-01-01 00:00:00","FISCAL_YEAR":"12-31","CURRENCY":"HKD","IS_CNY_CODE":0,"DPS_HKD_LY":null,"ORG_TYPE":"一般企业","PREMIUM_INCOME":null,"PREMIUM_INCOME_YOY":null,"NET_INTEREST_INCOME":null,"NET_INTEREST_INCOME_YOY":null,"FEE_COMMISSION_INCOME":null,"FEE_COMMISSION_INCOME_YOY":null,"ACCOUNTS_RECE_TDAYS":2.073447104482,"INVENTORY_TDAYS":null,"CURRENT_ASSETS_TDAYS":1.023361234592,"TOTAL_ASSETS_TDAYS":0.67353124732,"PREMIUM_EXPENSE":null,"LOAN_DEPOSIT":null,"LOAN_EQUITY":null,"LOAN_ASSETS":null,"DEPOSIT_EQUITY":null,"DEPOSIT_ASSETS":null,"EQUITY_MULTIPLIER":3.926543987462,"EQUITY_RATIO":2.932930162339},{"SECUCODE":"01735.HK","SECURITY_CODE":"01735","SECURITY_NAME_ABBR":"中环新能源","ORG_CODE":"10699414","STD_REPORT_DATE":"2021-12-31 00:00:00","REPORT_DATE":"2021-12-31 00:00:00","DATE_TYPE_CODE":"001","REPORT_TYPE":"2021年年报","PER_NETCASH_OPERATE":-0.021659431818,"PER_OI":0.841009993939,"BPS":0.044528230303,"BASIC_EPS":0.04799312,"DILUTED_EPS":0.04799312,"OPERATE_INCOME":888106553.6,"OPERATE_INCOME_YOY":null,"GROSS_PROFIT":42323881.6,"GROSS_PROFIT_YOY":null,"HOLDER_PROFIT":50678936,"HOLDER_PROFIT_YOY":null,"GROSS_PROFIT_RATIO":4.765631041505,"EPS_TTM":0.047991416667,"OPERATE_INCOME_QOQ":518.054902020326,"NET_PROFIT_RATIO":5.549990978,"ROE_AVG":31.592520954223,"GROSS_PROFIT_QOQ":703.028175277847,"ROA":9.896476959577,"HOLDER_PROFIT_QOQ":419.197894427726,"ROE_YEARLY":31.592520954223,"ROIC_YEARLY":10.80565167746,"TOTAL_ASSETS":631335185.6,"TOTAL_LIABILITIES":442294619.2,"TAX_EBT":24.205735551113,"OCF_SALES":-2.575407185915,"TOTAL_PARENT_EQUITY":188087244.8,"DEBT_ASSET_RATIO":70.05702031,"OPERATE_PROFIT":67821555.2,"PRETAX_PROFIT":65031086.4,"NETCASH_OPERATE":-22872360,"NETCASH_INVEST":-111967867.2,"NETCASH_FINANCE":130832352,"END_CASH":41184964.8,"DIVI_RATIO":null,"DIVIDEND_RATE":null,"CURRENT_RATIO":1.209385932304,"COMMON_ACS":80000000000,"CURRENTDEBT_DEBT":72.602949902674,"ISSUED_COMMON_SHARES":4224000000,"HK_COMMON_SHARES":4224000000,"PER_SHARES":1000,"TOTAL_MARKET_CAP":35481600000,"HKSK_MARKET_CAP":35481600000,"PE_TTM":390.486986188301,"PB_TTM":42.589998523581,"REPORT_DATE_SQ":"2020-12-31 00:00:00","REPORT_TYPE_SQ":"2020年年报","OPERATE_INCOME_SQ":null,"DPS_HKD":null,"OPERATE_INCOME_QOQ_SQ":0,"NET_PROFIT_RATIO_SQ":null,"HOLDER_PROFIT_SQ":null,"HOLDER_PROFIT_QOQ_SQ":0,"ROE_AVG_SQ":null,"PE_TTM_SQ":-1021.81391791996,"PB_TTM_SQ":37.205738216163,"ROA_SQ":null,"START_DATE":"2021-01-01 00:00:00","FISCAL_YEAR":"12-31","CURRENCY":"HKD","IS_CNY_CODE":0,"DPS_HKD_LY":null,"ORG_TYPE":"一般企业","PREMIUM_INCOME":null,"PREMIUM_INCOME_YOY":null,"NET_INTEREST_INCOME":null,"NET_INTEREST_INCOME_YOY":null,"FEE_COMMISSION_INCOME":null,"FEE_COMMISSION_INCOME_YOY":null,"ACCOUNTS_RECE_TDAYS":7.940089471068,"INVENTORY_TDAYS":12.98908232517,"CURRENT_ASSETS_TDAYS":2.57722522095,"TOTAL_ASSETS_TDAYS":1.734275961388,"PREMIUM_EXPENSE":null,"LOAN_DEPOSIT":null,"LOAN_EQUITY":null,"LOAN_ASSETS":null,"DEPOSIT_EQUITY":null,"DEPOSIT_ASSETS":null,"EQUITY_MULTIPLIER":3.339680988175,"EQUITY_RATIO":2.351539678676},{"SECUCODE":"01735.HK","SECURITY_CODE":"01735","SECURITY_NAME_ABBR":"中环新能源","ORG_CODE":"10699414","STD_REPORT_DATE":"2021-06-30 00:00:00","REPORT_DATE":"2021-06-30 00:00:00","DATE_TYPE_CODE":"002","REPORT_TYPE":"2021年中报","PER_NETCASH_OPERATE":-0.024564482955,"PER_OI":0.246960713636,"BPS":0.029181896591,"BASIC_EPS":-0.011898744,"DILUTED_EPS":-0.011898744,"OPERATE_INCOME":260790513.6,"OPERATE_INCOME_YOY":289.9762346178,"GROSS_PROFIT":14053831.2,"GROSS_PROFIT_YOY":26426.9130411148,"HOLDER_PROFIT":-12541109.76,"HOLDER_PROFIT_YOY":-26.199447375,"GROSS_PROFIT_RATIO":5.388934975432,"EPS_TTM":-0.015035004148,"OPERATE_INCOME_QOQ":0,"NET_PROFIT_RATIO":-5.4731669964,"ROE_AVG":-9.708368894829,"GROSS_PROFIT_QOQ":0,"ROA":-2.896166883162,"HOLDER_PROFIT_QOQ":0,"ROE_YEARLY":-19.416737789658,"ROIC_YEARLY":-6.37463005512,"TOTAL_ASSETS":466245210.96,"TOTAL_LIABILITIES":343908648.96,"TAX_EBT":-10.215882806477,"OCF_SALES":-9.946716865548,"TOTAL_PARENT_EQUITY":123264331.2,"DEBT_ASSET_RATIO":73.7613257736,"OPERATE_PROFIT":-12786573.36,"PRETAX_PROFIT":-12950493.12,"NETCASH_OPERATE":-25940094,"NETCASH_INVEST":-11446924.56,"NETCASH_FINANCE":28413867.84,"END_CASH":35222778.48,"DIVI_RATIO":null,"DIVIDEND_RATE":null,"CURRENT_RATIO":1.064744216357,"COMMON_ACS":80000000000,"CURRENTDEBT_DEBT":96.529982192629,"ISSUED_COMMON_SHARES":4224000000,"HK_COMMON_SHARES":4224000000,"PER_SHARES":1000,"TOTAL_MARKET_CAP":35481600000,"HKSK_MARKET_CAP":35481600000,"PE_TTM":390.486986188301,"PB_TTM":42.589998523581,"REPORT_DATE_SQ":"2020-06-30 00:00:00","REPORT_TYPE_SQ":"2020年中报","OPERATE_INCOME_SQ":73412259.36,"DPS_HKD":null,"OPERATE_INCOME_QOQ_SQ":-12.846520902991,"NET_PROFIT_RATIO_SQ":-14.8602072939,"HOLDER_PROFIT_SQ":-10909213.92,"HOLDER_PROFIT_QOQ_SQ":-36.96351895982,"ROE_AVG_SQ":-7.706553441912,"PE_TTM_SQ":-1021.81391791996,"PB_TTM_SQ":37.205738216163,"ROA_SQ":-4.409158704609,"START_DATE":"2021-01-01 00:00:00","FISCAL_YEAR":"12-31","CURRENCY":"HKD","IS_CNY_CODE":0,"DPS_HKD_LY":null,"ORG_TYPE":"一般企业","PREMIUM_INCOME":null,"PREMIUM_INCOME_YOY":null,"NET_INTEREST_INCOME":null,"NET_INTEREST_INCOME_YOY":null,"FEE_COMMISSION_INCOME":null,"FEE_COMMISSION_INCOME_YOY":null,"ACCOUNTS_RECE_TDAYS":2.91413880792,"INVENTORY_TDAYS":3.867866692754,"CURRENT_ASSETS_TDAYS":0.790710875365,"TOTAL_ASSETS_TDAYS":0.602253599072,"PREMIUM_EXPENSE":null,"LOAN_DEPOSIT":null,"LOAN_EQUITY":null,"LOAN_ASSETS":null,"DEPOSIT_EQUITY":null,"DEPOSIT_ASSETS":null,"EQUITY_MULTIPLIER":3.811168168679,"EQUITY_RATIO":2.79000945052},{"SECUCODE":"01735.HK","SECURITY_CODE":"01735","SECURITY_NAME_ABBR":"中环新能源","ORG_CODE":"10699414","STD_REPORT_DATE":"2020-06-30 00:00:00","REPORT_DATE":"2020-06-30 00:00:00","DATE_TYPE_CODE":"002","REPORT_TYPE":"2020年中报","PER_NETCASH_OPERATE":0.03405332,"PER_OI":0.27807674,"BPS":0.0322709875,"BASIC_EPS":-0.010321872,"DILUTED_EPS":-0.010321872,"OPERATE_INCOME":73412259.36,"OPERATE_INCOME_YOY":-23.3624808094,"GROSS_PROFIT":52979.52,"GROSS_PROFIT_YOY":-95.906971526657,"HOLDER_PROFIT":-10909213.92,"HOLDER_PROFIT_YOY":-62.6225490196,"GROSS_PROFIT_RATIO":0.072167129117,"EPS_TTM":-0.060140016591,"OPERATE_INCOME_QOQ":-12.846520902991,"NET_PROFIT_RATIO":-14.8602072939,"ROE_AVG":-7.706553441912,"GROSS_PROFIT_QOQ":-19.063517923438,"ROA":-4.409158704609,"HOLDER_PROFIT_QOQ":-36.96351895982,"ROE_YEARLY":-15.413106883824,"ROIC_YEARLY":-13.224888436112,"TOTAL_ASSETS":244182607.68,"TOTAL_LIABILITIES":107869956.48,"TAX_EBT":-21.273354995938,"OCF_SALES":12.246015254638,"TOTAL_PARENT_EQUITY":136312651.2,"DEBT_ASSET_RATIO":44.1759376333,"OPERATE_PROFIT":-8985509.28,"PRETAX_PROFIT":-8995557.12,"NETCASH_OPERATE":8990076.48,"NETCASH_INVEST":-30149000.64,"NETCASH_FINANCE":-23165751.84,"END_CASH":60329058.24,"DIVI_RATIO":null,"DIVIDEND_RATE":null,"CURRENT_RATIO":1.672069825436,"COMMON_ACS":80000000000,"CURRENTDEBT_DEBT":97.115808014091,"ISSUED_COMMON_SHARES":4224000000,"HK_COMMON_SHARES":4224000000,"PER_SHARES":1000,"TOTAL_MARKET_CAP":35481600000,"HKSK_MARKET_CAP":35481600000,"PE_TTM":390.486986188301,"PB_TTM":42.589998523581,"REPORT_DATE_SQ":"2019-06-30 00:00:00","REPORT_TYPE_SQ":"2019年中报","OPERATE_INCOME_SQ":94592886.69,"DPS_HKD":null,"OPERATE_INCOME_QOQ_SQ":0,"NET_PROFIT_RATIO_SQ":-7.0030228189,"HOLDER_PROFIT_SQ":-6624361.44,"HOLDER_PROFIT_QOQ_SQ":0,"ROE_AVG_SQ":-4.324400713667,"PE_TTM_SQ":-1021.81391791996,"PB_TTM_SQ":37.205738216163,"ROA_SQ":-3.677414993578,"START_DATE":"2020-01-01 00:00:00","FISCAL_YEAR":"12-31","CURRENCY":"HKD","IS_CNY_CODE":0,"DPS_HKD_LY":null,"ORG_TYPE":"一般企业","PREMIUM_INCOME":null,"PREMIUM_INCOME_YOY":null,"NET_INTEREST_INCOME":null,"NET_INTEREST_INCOME_YOY":null,"FEE_COMMISSION_INCOME":null,"FEE_COMMISSION_INCOME_YOY":null,"ACCOUNTS_RECE_TDAYS":1.275334031547,"INVENTORY_TDAYS":null,"CURRENT_ASSETS_TDAYS":0.380021325339,"TOTAL_ASSETS_TDAYS":0.296709098159,"PREMIUM_EXPENSE":null,"LOAN_DEPOSIT":null,"LOAN_EQUITY":null,"LOAN_ASSETS":null,"DEPOSIT_EQUITY":null,"DEPOSIT_ASSETS":null,"EQUITY_MULTIPLIER":1.791342223415,"EQUITY_RATIO":0.791342223414},{"SECUCODE":"01735.HK","SECURITY_CODE":"01735","SECURITY_NAME_ABBR":"中环新能源","ORG_CODE":"10699414","STD_REPORT_DATE":"2020-03-31 00:00:00","REPORT_DATE":"2020-03-31 00:00:00","DATE_TYPE_CODE":"003","REPORT_TYPE":"2020年一季报","PER_NETCASH_OPERATE":0,"PER_OI":0.129672719318,"BPS":null,"BASIC_EPS":-0.00027411,"DILUTED_EPS":-0.00027411,"OPERATE_INCOME":34233597.9,"OPERATE_INCOME_YOY":null,"GROSS_PROFIT":4633372.7,"GROSS_PROFIT_YOY":null,"HOLDER_PROFIT":-315226.5,"HOLDER_PROFIT_YOY":null,"GROSS_PROFIT_RATIO":13.53457709451,"EPS_TTM":-0.043909514773,"OPERATE_INCOME_QOQ":-6.634783512729,"NET_PROFIT_RATIO":-0.9208103131,"ROE_AVG":null,"GROSS_PROFIT_QOQ":267.934666766837,"ROA":null,"HOLDER_PROFIT_QOQ":41.03865675007,"ROE_YEARLY":null,"ROIC_YEARLY":null,"TOTAL_ASSETS":null,"TOTAL_LIABILITIES":null,"TAX_EBT":119.524617996604,"OCF_SALES":0,"TOTAL_PARENT_EQUITY":null,"DEBT_ASSET_RATIO":null,"OPERATE_PROFIT":null,"PRETAX_PROFIT":1614507.9,"NETCASH_OPERATE":0,"NETCASH_INVEST":0,"NETCASH_FINANCE":0,"END_CASH":104583929.4,"DIVI_RATIO":null,"DIVIDEND_RATE":null,"CURRENT_RATIO":null,"COMMON_ACS":80000000000,"CURRENTDEBT_DEBT":null,"ISSUED_COMMON_SHARES":4224000000,"HK_COMMON_SHARES":4224000000,"PER_SHARES":1000,"TOTAL_MARKET_CAP":35481600000,"HKSK_MARKET_CAP":35481600000,"PE_TTM":390.486986188301,"PB_TTM":42.589998523581,"REPORT_DATE_SQ":"2019-03-31 00:00:00","REPORT_TYPE_SQ":"2019年一季报","OPERATE_INCOME_SQ":null,"DPS_HKD":null,"OPERATE_INCOME_QOQ_SQ":0.085088853617,"NET_PROFIT_RATIO_SQ":null,"HOLDER_PROFIT_SQ":null,"HOLDER_PROFIT_QOQ_SQ":-220.553883804139,"ROE_AVG_SQ":null,"PE_TTM_SQ":-1021.81391791996,"PB_TTM_SQ":37.205738216163,"ROA_SQ":null,"START_DATE":"2020-01-01 00:00:00","FISCAL_YEAR":"12-31","CURRENCY":"HKD","IS_CNY_CODE":0,"DPS_HKD_LY":null,"ORG_TYPE":"一般企业","PREMIUM_INCOME":null,"PREMIUM_INCOME_YOY":null,"NET_INTEREST_INCOME":null,"NET_INTEREST_INCOME_YOY":null,"FEE_COMMISSION_INCOME":null,"FEE_COMMISSION_INCOME_YOY":null,"ACCOUNTS_RECE_TDAYS":null,"INVENTORY_TDAYS":null,"CURRENT_ASSETS_TDAYS":0.324097782084,"TOTAL_ASSETS_TDAYS":0.273069158279,"PREMIUM_EXPENSE":null,"LOAN_DEPOSIT":null,"LOAN_EQUITY":null,"LOAN_ASSETS":null,"DEPOSIT_EQUITY":null,"DEPOSIT_ASSETS":null,"EQUITY_MULTIPLIER":null,"EQUITY_RATIO":null}],"count":19},"success":true,"message":"ok","code":0}