{"version":"c66f8ea530e9d65582e69b73ece92c4e","result":{"pages":3,"data":[{"SECUCODE":"01732.HK","SECURITY_CODE":"01732","SECURITY_NAME_ABBR":"象兴国际","ORG_CODE":"10565674","STD_REPORT_DATE":"2024-06-30 00:00:00","REPORT_DATE":"2024-06-30 00:00:00","DATE_TYPE_CODE":"002","REPORT_TYPE":"2024年中报","PER_NETCASH_OPERATE":0.00047890625,"PER_OI":0.0940421875,"BPS":0.16837578125,"BASIC_EPS":0.0063,"DILUTED_EPS":0.0063,"OPERATE_INCOME":120374000,"OPERATE_INCOME_YOY":55.5681920984,"GROSS_PROFIT":25422000,"GROSS_PROFIT_YOY":29.242501270971,"HOLDER_PROFIT":7576000,"HOLDER_PROFIT_YOY":591.2408759124,"GROSS_PROFIT_RATIO":21.119178560154,"EPS_TTM":0.01360703125,"OPERATE_INCOME_QOQ":24.491900020506,"NET_PROFIT_RATIO":6.1774137272,"ROE_AVG":3.654033979236,"GROSS_PROFIT_QOQ":15.422151915704,"ROA":3.29650007941,"HOLDER_PROFIT_QOQ":59.248422785042,"ROE_YEARLY":7.308067958473,"ROIC_YEARLY":8.398158745819,"TOTAL_ASSETS":237779000,"TOTAL_LIABILITIES":20894000,"TAX_EBT":27.798815418973,"OCF_SALES":0.50924618273,"TOTAL_PARENT_EQUITY":215521000,"DEBT_ASSET_RATIO":8.7871510941,"OPERATE_PROFIT":10333000,"PRETAX_PROFIT":10299000,"NETCASH_OPERATE":613000,"NETCASH_INVEST":-12568000,"NETCASH_FINANCE":8110000,"END_CASH":46136000,"DIVI_RATIO":null,"DIVIDEND_RATE":null,"CURRENT_RATIO":9.96000989854,"COMMON_ACS":4000000000,"CURRENTDEBT_DEBT":96.702402603618,"ISSUED_COMMON_SHARES":1280000000,"HK_COMMON_SHARES":1280000000,"PER_SHARES":20000,"TOTAL_MARKET_CAP":94720000,"HKSK_MARKET_CAP":94720000,"PE_TTM":4.938246970753,"PB_TTM":0.401116594671,"REPORT_DATE_SQ":"2023-06-30 00:00:00","REPORT_TYPE_SQ":"2023年中报","OPERATE_INCOME_SQ":77377000,"DPS_HKD":null,"OPERATE_INCOME_QOQ_SQ":-23.094494527401,"NET_PROFIT_RATIO_SQ":1.0894710314,"HOLDER_PROFIT_SQ":1096000,"HOLDER_PROFIT_QOQ_SQ":-54.213565625918,"ROE_AVG_SQ":0.628199029043,"PE_TTM_SQ":41.413419133883,"PB_TTM_SQ":0.981871222326,"ROA_SQ":0.542743528922,"START_DATE":"2024-01-01 00:00:00","FISCAL_YEAR":"12-31","CURRENCY":"HKD","IS_CNY_CODE":0,"DPS_HKD_LY":null,"ORG_TYPE":"一般企业","PREMIUM_INCOME":null,"PREMIUM_INCOME_YOY":null,"NET_INTEREST_INCOME":null,"NET_INTEREST_INCOME_YOY":null,"FEE_COMMISSION_INCOME":null,"FEE_COMMISSION_INCOME_YOY":null,"ACCOUNTS_RECE_TDAYS":0.830933414328,"INVENTORY_TDAYS":21.526184538653,"CURRENT_ASSETS_TDAYS":0.610285841758,"TOTAL_ASSETS_TDAYS":0.523776267897,"PREMIUM_EXPENSE":null,"LOAN_DEPOSIT":null,"LOAN_EQUITY":null,"LOAN_ASSETS":null,"DEPOSIT_EQUITY":null,"DEPOSIT_ASSETS":null,"EQUITY_MULTIPLIER":1.096336768334,"EQUITY_RATIO":0.096946469254},{"SECUCODE":"01732.HK","SECURITY_CODE":"01732","SECURITY_NAME_ABBR":"象兴国际","ORG_CODE":"10565674","STD_REPORT_DATE":"2023-12-31 00:00:00","REPORT_DATE":"2023-12-31 00:00:00","DATE_TYPE_CODE":"001","REPORT_TYPE":"2023年年报","PER_NETCASH_OPERATE":0.003451666667,"PER_OI":0.146296666667,"BPS":0.15558125,"BASIC_EPS":0.0093,"DILUTED_EPS":0.0093,"OPERATE_INCOME":175556000,"OPERATE_INCOME_YOY":-26.0109662709,"GROSS_PROFIT":37297000,"GROSS_PROFIT_YOY":16.67344448963,"HOLDER_PROFIT":10937000,"HOLDER_PROFIT_YOY":7.0470783987,"GROSS_PROFIT_RATIO":21.245072797284,"EPS_TTM":0.009114166667,"OPERATE_INCOME_QOQ":-3.792279532651,"NET_PROFIT_RATIO":5.9929595115,"ROE_AVG":6.096857361856,"GROSS_PROFIT_QOQ":46.879061158587,"ROA":5.280832417947,"HOLDER_PROFIT_QOQ":133.796494228303,"ROE_YEARLY":6.096857361856,"ROIC_YEARLY":6.573170621768,"TOTAL_ASSETS":221860000,"TOTAL_LIABILITIES":21212000,"TAX_EBT":40.238568588469,"OCF_SALES":2.359361115541,"TOTAL_PARENT_EQUITY":199144000,"DEBT_ASSET_RATIO":9.5609844046,"OPERATE_PROFIT":17845000,"PRETAX_PROFIT":17605000,"NETCASH_OPERATE":4142000,"NETCASH_INVEST":-1721000,"NETCASH_FINANCE":17507000,"END_CASH":49794000,"DIVI_RATIO":null,"DIVIDEND_RATE":null,"CURRENT_RATIO":9.410372534697,"COMMON_ACS":4000000000,"CURRENTDEBT_DEBT":96.808410333773,"ISSUED_COMMON_SHARES":1280000000,"HK_COMMON_SHARES":1280000000,"PER_SHARES":20000,"TOTAL_MARKET_CAP":92160000,"HKSK_MARKET_CAP":92160000,"PE_TTM":4.804780836408,"PB_TTM":0.390275605625,"REPORT_DATE_SQ":"2022-12-31 00:00:00","REPORT_TYPE_SQ":"2022年年报","OPERATE_INCOME_SQ":237273000,"DPS_HKD":null,"OPERATE_INCOME_QOQ_SQ":-16.86707729824,"NET_PROFIT_RATIO_SQ":4.2499568008,"HOLDER_PROFIT_SQ":10217000,"HOLDER_PROFIT_QOQ_SQ":148.045642146152,"ROE_AVG_SQ":6.61433634907,"PE_TTM_SQ":35.250707953246,"PB_TTM_SQ":0.835759433289,"ROA_SQ":5.413137866269,"START_DATE":"2023-01-01 00:00:00","FISCAL_YEAR":"12-31","CURRENCY":"HKD","IS_CNY_CODE":0,"DPS_HKD_LY":null,"ORG_TYPE":"一般企业","PREMIUM_INCOME":null,"PREMIUM_INCOME_YOY":null,"NET_INTEREST_INCOME":null,"NET_INTEREST_INCOME_YOY":null,"FEE_COMMISSION_INCOME":null,"FEE_COMMISSION_INCOME_YOY":null,"ACCOUNTS_RECE_TDAYS":1.322515518592,"INVENTORY_TDAYS":31.667201099404,"CURRENT_ASSETS_TDAYS":0.996814617555,"TOTAL_ASSETS_TDAYS":0.847656410318,"PREMIUM_EXPENSE":null,"LOAN_DEPOSIT":null,"LOAN_EQUITY":null,"LOAN_ASSETS":null,"DEPOSIT_EQUITY":null,"DEPOSIT_ASSETS":null,"EQUITY_MULTIPLIER":1.10571747538,"EQUITY_RATIO":0.106515888001},{"SECUCODE":"01732.HK","SECURITY_CODE":"01732","SECURITY_NAME_ABBR":"象兴国际","ORG_CODE":"10565674","STD_REPORT_DATE":"2023-06-30 00:00:00","REPORT_DATE":"2023-06-30 00:00:00","DATE_TYPE_CODE":"002","REPORT_TYPE":"2023年中报","PER_NETCASH_OPERATE":0.006138333333,"PER_OI":0.064480833333,"BPS":0.14789296875,"BASIC_EPS":0.0009,"DILUTED_EPS":0.0009,"OPERATE_INCOME":77377000,"OPERATE_INCOME_YOY":-41.4582293038,"GROSS_PROFIT":19670000,"GROSS_PROFIT_YOY":-25.04953513184,"HOLDER_PROFIT":1096000,"HOLDER_PROFIT_YOY":-83.4815373022,"GROSS_PROFIT_RATIO":25.420990733681,"EPS_TTM":0.003898333333,"OPERATE_INCOME_QOQ":-23.094494527401,"NET_PROFIT_RATIO":1.0894710314,"ROE_AVG":0.628199029043,"GROSS_PROFIT_QOQ":-20.564957612538,"ROA":0.542743528922,"HOLDER_PROFIT_QOQ":-54.213565625918,"ROE_YEARLY":1.256398058085,"ROIC_YEARLY":1.386477417559,"TOTAL_ASSETS":211519000,"TOTAL_LIABILITIES":20549000,"TAX_EBT":74.477747502271,"OCF_SALES":9.519624694677,"TOTAL_PARENT_EQUITY":189303000,"DEBT_ASSET_RATIO":9.7149665042,"OPERATE_PROFIT":3434000,"PRETAX_PROFIT":3303000,"NETCASH_OPERATE":7366000,"NETCASH_INVEST":40000,"NETCASH_FINANCE":19185000,"END_CASH":55870000,"DIVI_RATIO":null,"DIVIDEND_RATE":null,"CURRENT_RATIO":9.140732552881,"COMMON_ACS":4000000000,"CURRENTDEBT_DEBT":96.856294710205,"ISSUED_COMMON_SHARES":1280000000,"HK_COMMON_SHARES":1280000000,"PER_SHARES":20000,"TOTAL_MARKET_CAP":92160000,"HKSK_MARKET_CAP":92160000,"PE_TTM":4.804780836408,"PB_TTM":0.390275605625,"REPORT_DATE_SQ":"2022-06-30 00:00:00","REPORT_TYPE_SQ":"2022年中报","OPERATE_INCOME_SQ":132174000,"DPS_HKD":null,"OPERATE_INCOME_QOQ_SQ":-1.132041485094,"NET_PROFIT_RATIO_SQ":5.0350295822,"HOLDER_PROFIT_SQ":6635000,"HOLDER_PROFIT_QOQ_SQ":-61.342092914125,"ROE_AVG_SQ":4.35654746076,"PE_TTM_SQ":35.250707953246,"PB_TTM_SQ":0.835759433289,"ROA_SQ":3.527641610753,"START_DATE":"2023-01-01 00:00:00","FISCAL_YEAR":"12-31","CURRENCY":"HKD","IS_CNY_CODE":0,"DPS_HKD_LY":null,"ORG_TYPE":"一般企业","PREMIUM_INCOME":null,"PREMIUM_INCOME_YOY":null,"NET_INTEREST_INCOME":null,"NET_INTEREST_INCOME_YOY":null,"FEE_COMMISSION_INCOME":null,"FEE_COMMISSION_INCOME_YOY":null,"ACCOUNTS_RECE_TDAYS":0.623053385941,"INVENTORY_TDAYS":13.658461538462,"CURRENT_ASSETS_TDAYS":0.453930540889,"TOTAL_ASSETS_TDAYS":0.383173960196,"PREMIUM_EXPENSE":null,"LOAN_DEPOSIT":null,"LOAN_EQUITY":null,"LOAN_ASSETS":null,"DEPOSIT_EQUITY":null,"DEPOSIT_ASSETS":null,"EQUITY_MULTIPLIER":1.107603288475,"EQUITY_RATIO":0.108550841772},{"SECUCODE":"01732.HK","SECURITY_CODE":"01732","SECURITY_NAME_ABBR":"象兴国际","ORG_CODE":"10565674","STD_REPORT_DATE":"2022-12-31 00:00:00","REPORT_DATE":"2022-12-31 00:00:00","DATE_TYPE_CODE":"001","REPORT_TYPE":"2022年年报","PER_NETCASH_OPERATE":0.015128,"PER_OI":0.237273,"BPS":0.12471171875,"BASIC_EPS":0.0102,"DILUTED_EPS":0.0102,"OPERATE_INCOME":237273000,"OPERATE_INCOME_YOY":-17.808176471,"GROSS_PROFIT":31967000,"GROSS_PROFIT_YOY":-33.302036387915,"HOLDER_PROFIT":10217000,"HOLDER_PROFIT_YOY":-4.1107461286,"GROSS_PROFIT_RATIO":13.472666506514,"EPS_TTM":0.010217,"OPERATE_INCOME_QOQ":-16.86707729824,"NET_PROFIT_RATIO":4.2499568008,"ROE_AVG":6.61433634907,"GROSS_PROFIT_QOQ":-27.614238485576,"ROA":5.413137866269,"HOLDER_PROFIT_QOQ":148.045642146152,"ROE_YEARLY":6.61433634907,"ROIC_YEARLY":6.356286763905,"TOTAL_ASSETS":192355000,"TOTAL_LIABILITIES":30804000,"TAX_EBT":39.006834815218,"OCF_SALES":6.375778112132,"TOTAL_PARENT_EQUITY":159631000,"DEBT_ASSET_RATIO":16.0141405214,"OPERATE_PROFIT":17184000,"PRETAX_PROFIT":16533000,"NETCASH_OPERATE":15128000,"NETCASH_INVEST":-7205000,"NETCASH_FINANCE":-3632000,"END_CASH":28220000,"DIVI_RATIO":null,"DIVIDEND_RATE":null,"CURRENT_RATIO":5.30893548818,"COMMON_ACS":4000000000,"CURRENTDEBT_DEBT":97.221140111674,"ISSUED_COMMON_SHARES":1280000000,"HK_COMMON_SHARES":1280000000,"PER_SHARES":20000,"TOTAL_MARKET_CAP":92160000,"HKSK_MARKET_CAP":92160000,"PE_TTM":4.804780836408,"PB_TTM":0.390275605625,"REPORT_DATE_SQ":"2021-12-31 00:00:00","REPORT_TYPE_SQ":"2021年年报","OPERATE_INCOME_SQ":288682000,"DPS_HKD":null,"OPERATE_INCOME_QOQ_SQ":9.039059342552,"NET_PROFIT_RATIO_SQ":3.6077760304,"HOLDER_PROFIT_SQ":10655000,"HOLDER_PROFIT_QOQ_SQ":-50.898617511521,"ROE_AVG_SQ":7.4320789593,"PE_TTM_SQ":35.250707953246,"PB_TTM_SQ":0.835759433289,"ROA_SQ":5.812875068194,"START_DATE":"2022-01-01 00:00:00","FISCAL_YEAR":"12-31","CURRENCY":"HKD","IS_CNY_CODE":0,"DPS_HKD_LY":null,"ORG_TYPE":"一般企业","PREMIUM_INCOME":null,"PREMIUM_INCOME_YOY":null,"NET_INTEREST_INCOME":null,"NET_INTEREST_INCOME_YOY":null,"FEE_COMMISSION_INCOME":null,"FEE_COMMISSION_INCOME_YOY":null,"ACCOUNTS_RECE_TDAYS":1.897652657256,"INVENTORY_TDAYS":48.783652132589,"CURRENT_ASSETS_TDAYS":1.528200537153,"TOTAL_ASSETS_TDAYS":1.257112127771,"PREMIUM_EXPENSE":null,"LOAN_DEPOSIT":null,"LOAN_EQUITY":null,"LOAN_ASSETS":null,"DEPOSIT_EQUITY":null,"DEPOSIT_ASSETS":null,"EQUITY_MULTIPLIER":1.190676628433,"EQUITY_RATIO":0.192970037148},{"SECUCODE":"01732.HK","SECURITY_CODE":"01732","SECURITY_NAME_ABBR":"象兴国际","ORG_CODE":"10565674","STD_REPORT_DATE":"2022-06-30 00:00:00","REPORT_DATE":"2022-06-30 00:00:00","DATE_TYPE_CODE":"002","REPORT_TYPE":"2022年中报","PER_NETCASH_OPERATE":0.000853,"PER_OI":0.132174,"BPS":0.12132421875,"BASIC_EPS":0.0066,"DILUTED_EPS":0.0066,"OPERATE_INCOME":132174000,"OPERATE_INCOME_YOY":-2.4128409208,"GROSS_PROFIT":26244000,"GROSS_PROFIT_YOY":-12.549150283239,"HOLDER_PROFIT":6635000,"HOLDER_PROFIT_YOY":-49.6241743224,"GROSS_PROFIT_RATIO":19.855644831813,"EPS_TTM":0.004119,"OPERATE_INCOME_QOQ":-1.132041485094,"NET_PROFIT_RATIO":5.0350295822,"ROE_AVG":4.35654746076,"GROSS_PROFIT_QOQ":-7.857619762978,"ROA":3.527641610753,"HOLDER_PROFIT_QOQ":-61.342092914125,"ROE_YEARLY":8.71309492152,"ROIC_YEARLY":8.019095963258,"TOTAL_ASSETS":191038000,"TOTAL_LIABILITIES":33670000,"TAX_EBT":35.06049960968,"OCF_SALES":0.645361417525,"TOTAL_PARENT_EQUITY":155295000,"DEBT_ASSET_RATIO":17.6247657534,"OPERATE_PROFIT":10620000,"PRETAX_PROFIT":10248000,"NETCASH_OPERATE":853000,"NETCASH_INVEST":-5194000,"NETCASH_FINANCE":-1567000,"END_CASH":17267000,"DIVI_RATIO":null,"DIVIDEND_RATE":null,"CURRENT_RATIO":4.788465076348,"COMMON_ACS":4000000000,"CURRENTDEBT_DEBT":96.863676863677,"ISSUED_COMMON_SHARES":1280000000,"HK_COMMON_SHARES":1280000000,"PER_SHARES":20000,"TOTAL_MARKET_CAP":92160000,"HKSK_MARKET_CAP":92160000,"PE_TTM":4.804780836408,"PB_TTM":0.390275605625,"REPORT_DATE_SQ":"2021-06-30 00:00:00","REPORT_TYPE_SQ":"2021年中报","OPERATE_INCOME_SQ":135442000,"DPS_HKD":null,"OPERATE_INCOME_QOQ_SQ":33.866099012504,"NET_PROFIT_RATIO_SQ":9.7709720766,"HOLDER_PROFIT_SQ":13171000,"HOLDER_PROFIT_QOQ_SQ":50.631681243926,"ROE_AVG_SQ":9.145575113703,"PE_TTM_SQ":35.250707953246,"PB_TTM_SQ":0.835759433289,"ROA_SQ":6.932816789092,"START_DATE":"2022-01-01 00:00:00","FISCAL_YEAR":"12-31","CURRENCY":"HKD","IS_CNY_CODE":0,"DPS_HKD_LY":null,"ORG_TYPE":"一般企业","PREMIUM_INCOME":null,"PREMIUM_INCOME_YOY":null,"NET_INTEREST_INCOME":null,"NET_INTEREST_INCOME_YOY":null,"FEE_COMMISSION_INCOME":null,"FEE_COMMISSION_INCOME_YOY":null,"ACCOUNTS_RECE_TDAYS":1.027975454397,"INVENTORY_TDAYS":22.38351822504,"CURRENT_ASSETS_TDAYS":0.859095562308,"TOTAL_ASSETS_TDAYS":0.702731729103,"PREMIUM_EXPENSE":null,"LOAN_DEPOSIT":null,"LOAN_EQUITY":null,"LOAN_ASSETS":null,"DEPOSIT_EQUITY":null,"DEPOSIT_ASSETS":null,"EQUITY_MULTIPLIER":1.213957094199,"EQUITY_RATIO":0.216813162046},{"SECUCODE":"01732.HK","SECURITY_CODE":"01732","SECURITY_NAME_ABBR":"象兴国际","ORG_CODE":"10565674","STD_REPORT_DATE":"2021-12-31 00:00:00","REPORT_DATE":"2021-12-31 00:00:00","DATE_TYPE_CODE":"001","REPORT_TYPE":"2021年年报","PER_NETCASH_OPERATE":-0.012001,"PER_OI":0.288682,"BPS":0.11664375,"BASIC_EPS":0.0107,"DILUTED_EPS":0.0107,"OPERATE_INCOME":288682000,"OPERATE_INCOME_YOY":45.9663351418,"GROSS_PROFIT":47928000,"GROSS_PROFIT_YOY":7.442611190818,"HOLDER_PROFIT":10655000,"HOLDER_PROFIT_YOY":-26.0377620436,"GROSS_PROFIT_RATIO":16.602351376255,"EPS_TTM":0.010655,"OPERATE_INCOME_QOQ":9.039059342552,"NET_PROFIT_RATIO":3.6077760304,"ROE_AVG":7.4320789593,"GROSS_PROFIT_QOQ":-14.038202851762,"ROA":5.812875068194,"HOLDER_PROFIT_QOQ":-50.898617511521,"ROE_YEARLY":7.4320789593,"ROIC_YEARLY":7.198351574112,"TOTAL_ASSETS":185134000,"TOTAL_LIABILITIES":33777000,"TAX_EBT":51.302192920933,"OCF_SALES":-4.157169480605,"TOTAL_PARENT_EQUITY":149304000,"DEBT_ASSET_RATIO":18.2446228137,"OPERATE_PROFIT":22138000,"PRETAX_PROFIT":21387000,"NETCASH_OPERATE":-12001000,"NETCASH_INVEST":-2251000,"NETCASH_FINANCE":-5547000,"END_CASH":23819000,"DIVI_RATIO":null,"DIVIDEND_RATE":null,"CURRENT_RATIO":4.659717097171,"COMMON_ACS":4000000000,"CURRENTDEBT_DEBT":96.278532729372,"ISSUED_COMMON_SHARES":1280000000,"HK_COMMON_SHARES":1280000000,"PER_SHARES":20000,"TOTAL_MARKET_CAP":92160000,"HKSK_MARKET_CAP":92160000,"PE_TTM":4.804780836408,"PB_TTM":0.390275605625,"REPORT_DATE_SQ":"2020-12-31 00:00:00","REPORT_TYPE_SQ":"2020年年报","OPERATE_INCOME_SQ":197773000,"DPS_HKD":null,"OPERATE_INCOME_QOQ_SQ":33.175090568731,"NET_PROFIT_RATIO_SQ":7.3988866023,"HOLDER_PROFIT_SQ":14406000,"HOLDER_PROFIT_QOQ_SQ":19.611424775822,"ROE_AVG_SQ":11.095279538505,"PE_TTM_SQ":35.250707953246,"PB_TTM_SQ":0.835759433289,"ROA_SQ":8.569159709603,"START_DATE":"2021-01-01 00:00:00","FISCAL_YEAR":"12-31","CURRENCY":"HKD","IS_CNY_CODE":0,"DPS_HKD_LY":null,"ORG_TYPE":"一般企业","PREMIUM_INCOME":null,"PREMIUM_INCOME_YOY":null,"NET_INTEREST_INCOME":null,"NET_INTEREST_INCOME_YOY":null,"FEE_COMMISSION_INCOME":null,"FEE_COMMISSION_INCOME_YOY":null,"ACCOUNTS_RECE_TDAYS":2.612613183342,"INVENTORY_TDAYS":63.264748390487,"CURRENT_ASSETS_TDAYS":1.958387604472,"TOTAL_ASSETS_TDAYS":1.574915439171,"PREMIUM_EXPENSE":null,"LOAN_DEPOSIT":null,"LOAN_EQUITY":null,"LOAN_ASSETS":null,"DEPOSIT_EQUITY":null,"DEPOSIT_ASSETS":null,"EQUITY_MULTIPLIER":1.223161135593,"EQUITY_RATIO":0.226229705835},{"SECUCODE":"01732.HK","SECURITY_CODE":"01732","SECURITY_NAME_ABBR":"象兴国际","ORG_CODE":"10565674","STD_REPORT_DATE":"2021-06-30 00:00:00","REPORT_DATE":"2021-06-30 00:00:00","DATE_TYPE_CODE":"002","REPORT_TYPE":"2021年中报","PER_NETCASH_OPERATE":-0.001067,"PER_OI":0.135442,"BPS":0.117659375,"BASIC_EPS":0.0132,"DILUTED_EPS":0.0132,"OPERATE_INCOME":135442000,"OPERATE_INCOME_YOY":97.8295162421,"GROSS_PROFIT":30010000,"GROSS_PROFIT_YOY":59.094523670678,"HOLDER_PROFIT":13171000,"HOLDER_PROFIT_YOY":124.1109409563,"GROSS_PROFIT_RATIO":22.157085689816,"EPS_TTM":0.0217,"OPERATE_INCOME_QOQ":33.866099012504,"NET_PROFIT_RATIO":9.7709720766,"ROE_AVG":9.145575113703,"GROSS_PROFIT_QOQ":24.988791248207,"ROA":6.932816789092,"HOLDER_PROFIT_QOQ":50.631681243926,"ROE_YEARLY":18.291150227407,"ROIC_YEARLY":17.925703125532,"TOTAL_ASSETS":198495000,"TOTAL_LIABILITIES":45535000,"TAX_EBT":29.964013547841,"OCF_SALES":-0.787791084006,"TOTAL_PARENT_EQUITY":150604000,"DEBT_ASSET_RATIO":22.9401244364,"OPERATE_PROFIT":19257000,"PRETAX_PROFIT":18896000,"NETCASH_OPERATE":-1067000,"NETCASH_INVEST":38000,"NETCASH_FINANCE":-2359000,"END_CASH":39015000,"DIVI_RATIO":null,"DIVIDEND_RATE":null,"CURRENT_RATIO":3.775200036788,"COMMON_ACS":4000000000,"CURRENTDEBT_DEBT":95.513341385747,"ISSUED_COMMON_SHARES":1280000000,"HK_COMMON_SHARES":1280000000,"PER_SHARES":20000,"TOTAL_MARKET_CAP":92160000,"HKSK_MARKET_CAP":92160000,"PE_TTM":4.804780836408,"PB_TTM":0.390275605625,"REPORT_DATE_SQ":"2020-06-30 00:00:00","REPORT_TYPE_SQ":"2020年中报","OPERATE_INCOME_SQ":68464000,"DPS_HKD":null,"OPERATE_INCOME_QOQ_SQ":-15.911600332943,"NET_PROFIT_RATIO_SQ":8.7462023837,"HOLDER_PROFIT_SQ":5877000,"HOLDER_PROFIT_QOQ_SQ":4.132803043403,"ROE_AVG_SQ":4.693545875278,"PE_TTM_SQ":35.250707953246,"PB_TTM_SQ":0.835759433289,"ROA_SQ":3.850538564353,"START_DATE":"2021-01-01 00:00:00","FISCAL_YEAR":"12-31","CURRENCY":"HKD","IS_CNY_CODE":0,"DPS_HKD_LY":null,"ORG_TYPE":"一般企业","PREMIUM_INCOME":null,"PREMIUM_INCOME_YOY":null,"NET_INTEREST_INCOME":null,"NET_INTEREST_INCOME_YOY":null,"FEE_COMMISSION_INCOME":null,"FEE_COMMISSION_INCOME_YOY":null,"ACCOUNTS_RECE_TDAYS":1.239114225725,"INVENTORY_TDAYS":28.296296296296,"CURRENT_ASSETS_TDAYS":0.881000933415,"TOTAL_ASSETS_TDAYS":0.71292580028,"PREMIUM_EXPENSE":null,"LOAN_DEPOSIT":null,"LOAN_EQUITY":null,"LOAN_ASSETS":null,"DEPOSIT_EQUITY":null,"DEPOSIT_ASSETS":null,"EQUITY_MULTIPLIER":1.297692207113,"EQUITY_RATIO":0.302349207192},{"SECUCODE":"01732.HK","SECURITY_CODE":"01732","SECURITY_NAME_ABBR":"象兴国际","ORG_CODE":"10565674","STD_REPORT_DATE":"2020-12-31 00:00:00","REPORT_DATE":"2020-12-31 00:00:00","DATE_TYPE_CODE":"001","REPORT_TYPE":"2020年年报","PER_NETCASH_OPERATE":-0.031899,"PER_OI":0.197773,"BPS":0.1073640625,"BASIC_EPS":0.0144,"DILUTED_EPS":0.0144,"OPERATE_INCOME":197773000,"OPERATE_INCOME_YOY":11.9848024144,"GROSS_PROFIT":44608000,"GROSS_PROFIT_YOY":-14.046784076458,"HOLDER_PROFIT":14406000,"HOLDER_PROFIT_YOY":24.5547293792,"GROSS_PROFIT_RATIO":22.555151613213,"EPS_TTM":0.014406,"OPERATE_INCOME_QOQ":33.175090568731,"NET_PROFIT_RATIO":7.3988866023,"ROE_AVG":11.095279538505,"GROSS_PROFIT_QOQ":0.482047123485,"ROA":8.569159709603,"HOLDER_PROFIT_QOQ":19.611424775822,"ROE_YEARLY":11.095279538505,"ROIC_YEARLY":13.220698294414,"TOTAL_ASSETS":181466000,"TOTAL_LIABILITIES":41747000,"TAX_EBT":35.22068263314,"OCF_SALES":-16.12909750067,"TOTAL_PARENT_EQUITY":137426000,"DEBT_ASSET_RATIO":23.005411482,"OPERATE_PROFIT":22849000,"PRETAX_PROFIT":22589000,"NETCASH_OPERATE":-31899000,"NETCASH_INVEST":3864000,"NETCASH_FINANCE":-1842000,"END_CASH":42395000,"DIVI_RATIO":null,"DIVIDEND_RATE":null,"CURRENT_RATIO":3.799676469808,"COMMON_ACS":4000000000,"CURRENTDEBT_DEBT":90.327448678947,"ISSUED_COMMON_SHARES":1280000000,"HK_COMMON_SHARES":1280000000,"PER_SHARES":20000,"TOTAL_MARKET_CAP":92160000,"HKSK_MARKET_CAP":92160000,"PE_TTM":4.804780836408,"PB_TTM":0.390275605625,"REPORT_DATE_SQ":"2019-12-31 00:00:00","REPORT_TYPE_SQ":"2019年年报","OPERATE_INCOME_SQ":176607000,"DPS_HKD":null,"OPERATE_INCOME_QOQ_SQ":-46.484024629706,"NET_PROFIT_RATIO_SQ":6.7194392068,"HOLDER_PROFIT_SQ":11566000,"HOLDER_PROFIT_QOQ_SQ":-56.389276422458,"ROE_AVG_SQ":9.899007189319,"PE_TTM_SQ":35.250707953246,"PB_TTM_SQ":0.835759433289,"ROA_SQ":7.018352938321,"START_DATE":"2020-01-01 00:00:00","FISCAL_YEAR":"12-31","CURRENCY":"HKD","IS_CNY_CODE":0,"DPS_HKD_LY":null,"ORG_TYPE":"一般企业","PREMIUM_INCOME":null,"PREMIUM_INCOME_YOY":null,"NET_INTEREST_INCOME":null,"NET_INTEREST_INCOME_YOY":null,"FEE_COMMISSION_INCOME":null,"FEE_COMMISSION_INCOME_YOY":null,"ACCOUNTS_RECE_TDAYS":2.900216299446,"INVENTORY_TDAYS":44.758912916423,"CURRENT_ASSETS_TDAYS":1.478671107772,"TOTAL_ASSETS_TDAYS":1.1764184529,"PREMIUM_EXPENSE":null,"LOAN_DEPOSIT":null,"LOAN_EQUITY":null,"LOAN_ASSETS":null,"DEPOSIT_EQUITY":null,"DEPOSIT_ASSETS":null,"EQUITY_MULTIPLIER":1.298792576528,"EQUITY_RATIO":0.303778033269},{"SECUCODE":"01732.HK","SECURITY_CODE":"01732","SECURITY_NAME_ABBR":"象兴国际","ORG_CODE":"10565674","STD_REPORT_DATE":"2020-06-30 00:00:00","REPORT_DATE":"2020-06-30 00:00:00","DATE_TYPE_CODE":"002","REPORT_TYPE":"2020年中报","PER_NETCASH_OPERATE":-0.019623,"PER_OI":0.068464,"BPS":0.10013828125,"BASIC_EPS":0.0059,"DILUTED_EPS":0.0059,"OPERATE_INCOME":68464000,"OPERATE_INCOME_YOY":-29.1006058096,"GROSS_PROFIT":18863000,"GROSS_PROFIT_YOY":-28.459817195737,"HOLDER_PROFIT":5877000,"HOLDER_PROFIT_YOY":8.8534913873,"GROSS_PROFIT_RATIO":27.551706006076,"EPS_TTM":0.012044,"OPERATE_INCOME_QOQ":-15.911600332943,"NET_PROFIT_RATIO":8.7462023837,"ROE_AVG":4.693545875278,"GROSS_PROFIT_QOQ":-14.459131373078,"ROA":3.850538564353,"HOLDER_PROFIT_QOQ":4.132803043403,"ROE_YEARLY":9.387091750556,"ROIC_YEARLY":13.103825014772,"TOTAL_ASSETS":150493000,"TOTAL_LIABILITIES":20139000,"TAX_EBT":34.414019715225,"OCF_SALES":-28.66177845291,"TOTAL_PARENT_EQUITY":128177000,"DEBT_ASSET_RATIO":13.3820177683,"OPERATE_PROFIT":9265000,"PRETAX_PROFIT":9130000,"NETCASH_OPERATE":-19623000,"NETCASH_INVEST":6020000,"NETCASH_FINANCE":-8069000,"END_CASH":50071000,"DIVI_RATIO":null,"DIVIDEND_RATE":null,"CURRENT_RATIO":6.744852690251,"COMMON_ACS":4000000000,"CURRENTDEBT_DEBT":87.303242464869,"ISSUED_COMMON_SHARES":1280000000,"HK_COMMON_SHARES":1280000000,"PER_SHARES":20000,"TOTAL_MARKET_CAP":92160000,"HKSK_MARKET_CAP":92160000,"PE_TTM":4.804780836408,"PB_TTM":0.390275605625,"REPORT_DATE_SQ":"2019-06-30 00:00:00","REPORT_TYPE_SQ":"2019年中报","OPERATE_INCOME_SQ":96565000,"DPS_HKD":null,"OPERATE_INCOME_QOQ_SQ":-0.122271588199,"NET_PROFIT_RATIO_SQ":5.726712577,"HOLDER_PROFIT_SQ":5399000,"HOLDER_PROFIT_QOQ_SQ":-3.874592243567,"ROE_AVG_SQ":4.743475415021,"PE_TTM_SQ":35.250707953246,"PB_TTM_SQ":0.835759433289,"ROA_SQ":3.152065715228,"START_DATE":"2020-01-01 00:00:00","FISCAL_YEAR":"12-31","CURRENCY":"HKD","IS_CNY_CODE":0,"DPS_HKD_LY":null,"ORG_TYPE":"一般企业","PREMIUM_INCOME":null,"PREMIUM_INCOME_YOY":null,"NET_INTEREST_INCOME":null,"NET_INTEREST_INCOME_YOY":null,"FEE_COMMISSION_INCOME":null,"FEE_COMMISSION_INCOME_YOY":null,"ACCOUNTS_RECE_TDAYS":1.365674619006,"INVENTORY_TDAYS":9.363095799906,"CURRENT_ASSETS_TDAYS":0.563937613001,"TOTAL_ASSETS_TDAYS":0.44856775952,"PREMIUM_EXPENSE":null,"LOAN_DEPOSIT":null,"LOAN_EQUITY":null,"LOAN_ASSETS":null,"DEPOSIT_EQUITY":null,"DEPOSIT_ASSETS":null,"EQUITY_MULTIPLIER":1.154494683708,"EQUITY_RATIO":0.157118671837}],"count":27},"success":true,"message":"ok","code":0}