{"version":"e0100ccacca84c7b2c957b5aa9b3074e","result":{"pages":2,"data":[{"SECUCODE":"01739.HK","SECURITY_CODE":"01739","SECURITY_NAME_ABBR":"齐屹科技","ORG_CODE":"10924311","STD_REPORT_DATE":"2024-06-30 00:00:00","REPORT_DATE":"2024-06-30 00:00:00","DATE_TYPE_CODE":"002","REPORT_TYPE":"2024年中报","PER_NETCASH_OPERATE":0.031928948391,"PER_OI":0.507354037942,"BPS":0.849290464078,"BASIC_EPS":-0.0433,"DILUTED_EPS":-0.0433,"OPERATE_INCOME":580926000,"OPERATE_INCOME_YOY":16.8921638067,"GROSS_PROFIT":215883000,"GROSS_PROFIT_YOY":-14.419421463032,"HOLDER_PROFIT":-48663000,"HOLDER_PROFIT_YOY":-198.1436098517,"GROSS_PROFIT_RATIO":37.161876039289,"EPS_TTM":-0.112846068591,"OPERATE_INCOME_QOQ":7.072487308276,"NET_PROFIT_RATIO":-8.0165115695,"ROE_AVG":-4.856296030178,"GROSS_PROFIT_QOQ":-7.341490096032,"ROA":-2.678946709258,"HOLDER_PROFIT_QOQ":-33.386325862763,"ROE_YEARLY":-9.712592060356,"ROIC_YEARLY":-9.052916111281,"TOTAL_ASSETS":1762710000,"TOTAL_LIABILITIES":801428000,"TAX_EBT":-0.574464409122,"OCF_SALES":6.293228397421,"TOTAL_PARENT_EQUITY":972447000,"DEBT_ASSET_RATIO":45.4656750118,"OPERATE_PROFIT":-64399000,"PRETAX_PROFIT":-46304000,"NETCASH_OPERATE":36559000,"NETCASH_INVEST":62019000,"NETCASH_FINANCE":-162864000,"END_CASH":198880000,"DIVI_RATIO":-0.194166817449,"DIVIDEND_RATE":11.756097560976,"CURRENT_RATIO":1.812631559986,"COMMON_ACS":2000000000,"CURRENTDEBT_DEBT":96.978393567482,"ISSUED_COMMON_SHARES":1145011090,"HK_COMMON_SHARES":1145011090,"PER_SHARES":500,"TOTAL_MARKET_CAP":234727273.45,"HKSK_MARKET_CAP":234727273.45,"PE_TTM":-1.647104180772,"PB_TTM":0.220300836891,"REPORT_DATE_SQ":"2023-06-30 00:00:00","REPORT_TYPE_SQ":"2023年中报","OPERATE_INCOME_SQ":496976000,"DPS_HKD":0.0241,"OPERATE_INCOME_QOQ_SQ":7.426447498387,"NET_PROFIT_RATIO_SQ":-3.339597888,"HOLDER_PROFIT_SQ":-16322000,"HOLDER_PROFIT_QOQ_SQ":32.336326996922,"ROE_AVG_SQ":-1.391152857629,"PE_TTM_SQ":-4.850591137112,"PB_TTM_SQ":0.354081086387,"ROA_SQ":-0.893852423442,"START_DATE":"2024-01-01 00:00:00","FISCAL_YEAR":"12-31","CURRENCY":"HKD","IS_CNY_CODE":0,"DPS_HKD_LY":0.0241,"ORG_TYPE":"一般企业","PREMIUM_INCOME":null,"PREMIUM_INCOME_YOY":null,"NET_INTEREST_INCOME":null,"NET_INTEREST_INCOME_YOY":null,"FEE_COMMISSION_INCOME":null,"FEE_COMMISSION_INCOME_YOY":null,"ACCOUNTS_RECE_TDAYS":3.342824096718,"INVENTORY_TDAYS":80.000657462196,"CURRENT_ASSETS_TDAYS":0.411809011118,"TOTAL_ASSETS_TDAYS":0.319805559876,"PREMIUM_EXPENSE":null,"LOAN_DEPOSIT":null,"LOAN_EQUITY":null,"LOAN_ASSETS":null,"DEPOSIT_EQUITY":null,"DEPOSIT_ASSETS":null,"EQUITY_MULTIPLIER":1.833707486462,"EQUITY_RATIO":0.824135402752},{"SECUCODE":"01739.HK","SECURITY_CODE":"01739","SECURITY_NAME_ABBR":"齐屹科技","ORG_CODE":"10924311","STD_REPORT_DATE":"2023-12-31 00:00:00","REPORT_DATE":"2023-12-31 00:00:00","DATE_TYPE_CODE":"001","REPORT_TYPE":"2023年年报","PER_NETCASH_OPERATE":-0.216049435818,"PER_OI":1.036665941812,"BPS":0.90101572728,"BASIC_EPS":-0.0863,"DILUTED_EPS":-0.0863,"OPERATE_INCOME":1186994000,"OPERATE_INCOME_YOY":35.5426013577,"GROSS_PROFIT":495458000,"GROSS_PROFIT_YOY":4.542222391023,"HOLDER_PROFIT":-96869000,"HOLDER_PROFIT_YOY":23.1466789375,"GROSS_PROFIT_RATIO":41.740564821726,"EPS_TTM":-0.084600927315,"OPERATE_INCOME_QOQ":26.172469176877,"NET_PROFIT_RATIO":-8.3455350238,"ROE_AVG":-8.74486785517,"GROSS_PROFIT_QOQ":2.964292987859,"ROA":-5.260835480566,"HOLDER_PROFIT_QOQ":-13.581361536477,"ROE_YEARLY":-8.74486785517,"ROIC_YEARLY":-9.625565894123,"TOTAL_ASSETS":1870285000,"TOTAL_LIABILITIES":851848000,"TAX_EBT":-4.369218450387,"OCF_SALES":-20.840796162407,"TOTAL_PARENT_EQUITY":1031673000,"DEBT_ASSET_RATIO":45.5464274161,"OPERATE_PROFIT":-110036000,"PRETAX_PROFIT":-94914000,"NETCASH_OPERATE":-247379000,"NETCASH_INVEST":-56526000,"NETCASH_FINANCE":117625000,"END_CASH":259612000,"DIVI_RATIO":-0.25899198384,"DIVIDEND_RATE":11.871921182266,"CURRENT_RATIO":1.700758788924,"COMMON_ACS":2000000000,"CURRENTDEBT_DEBT":97.497910425334,"ISSUED_COMMON_SHARES":1145011090,"HK_COMMON_SHARES":1145011090,"PER_SHARES":500,"TOTAL_MARKET_CAP":232437251.27,"HKSK_MARKET_CAP":232437251.27,"PE_TTM":-1.631034871691,"PB_TTM":0.218151560434,"REPORT_DATE_SQ":"2022-12-31 00:00:00","REPORT_TYPE_SQ":"2022年年报","OPERATE_INCOME_SQ":875735000,"DPS_HKD":0.0241,"OPERATE_INCOME_QOQ_SQ":-13.643181219794,"NET_PROFIT_RATIO_SQ":-16.0169457656,"HOLDER_PROFIT_SQ":-126044000,"HOLDER_PROFIT_QOQ_SQ":-2679.16922447309,"ROE_AVG_SQ":-10.161155290885,"PE_TTM_SQ":-4.601842873671,"PB_TTM_SQ":0.335923081957,"ROA_SQ":-6.402924403796,"START_DATE":"2023-01-01 00:00:00","FISCAL_YEAR":"12-31","CURRENCY":"HKD","IS_CNY_CODE":0,"DPS_HKD_LY":0.028,"ORG_TYPE":"一般企业","PREMIUM_INCOME":null,"PREMIUM_INCOME_YOY":null,"NET_INTEREST_INCOME":null,"NET_INTEREST_INCOME_YOY":null,"FEE_COMMISSION_INCOME":null,"FEE_COMMISSION_INCOME_YOY":null,"ACCOUNTS_RECE_TDAYS":6.630714271749,"INVENTORY_TDAYS":193.680436913598,"CURRENT_ASSETS_TDAYS":0.853860681891,"TOTAL_ASSETS_TDAYS":0.644641748177,"PREMIUM_EXPENSE":null,"LOAN_DEPOSIT":null,"LOAN_EQUITY":null,"LOAN_ASSETS":null,"DEPOSIT_EQUITY":null,"DEPOSIT_ASSETS":null,"EQUITY_MULTIPLIER":1.836426799103,"EQUITY_RATIO":0.825695738863},{"SECUCODE":"01739.HK","SECURITY_CODE":"01739","SECURITY_NAME_ABBR":"齐屹科技","ORG_CODE":"10924311","STD_REPORT_DATE":"2023-06-30 00:00:00","REPORT_DATE":"2023-06-30 00:00:00","DATE_TYPE_CODE":"002","REPORT_TYPE":"2023年中报","PER_NETCASH_OPERATE":-0.025633812857,"PER_OI":0.434035970778,"BPS":1.015508068136,"BASIC_EPS":-0.0145,"DILUTED_EPS":-0.0145,"OPERATE_INCOME":496976000,"OPERATE_INCOME_YOY":15.0567208409,"GROSS_PROFIT":252257000,"GROSS_PROFIT_YOY":2.964562397446,"HOLDER_PROFIT":-16322000,"HOLDER_PROFIT_YOY":71.4050455501,"GROSS_PROFIT_RATIO":50.7583867229,"EPS_TTM":-0.07448486809,"OPERATE_INCOME_QOQ":7.426447498387,"NET_PROFIT_RATIO":-3.339597888,"ROE_AVG":-1.391152857629,"GROSS_PROFIT_QOQ":1.532501566684,"ROA":-0.893852423442,"HOLDER_PROFIT_QOQ":32.336326996922,"ROE_YEARLY":-2.782305715259,"ROIC_YEARLY":-3.410554183712,"TOTAL_ASSETS":1839695000,"TOTAL_LIABILITIES":690444000,"TAX_EBT":-32.183816502071,"OCF_SALES":-5.905918998101,"TOTAL_PARENT_EQUITY":1162768000,"DEBT_ASSET_RATIO":37.5303514985,"OPERATE_PROFIT":-27585000,"PRETAX_PROFIT":-12556000,"NETCASH_OPERATE":-29351000,"NETCASH_INVEST":-164135000,"NETCASH_FINANCE":17510000,"END_CASH":269773000,"DIVI_RATIO":-0.294166621515,"DIVIDEND_RATE":11.871921182266,"CURRENT_RATIO":1.939786041773,"COMMON_ACS":2000000000,"CURRENTDEBT_DEBT":96.665334190753,"ISSUED_COMMON_SHARES":1145011090,"HK_COMMON_SHARES":1145011090,"PER_SHARES":500,"TOTAL_MARKET_CAP":232437251.27,"HKSK_MARKET_CAP":232437251.27,"PE_TTM":-1.631034871691,"PB_TTM":0.218151560434,"REPORT_DATE_SQ":"2022-06-30 00:00:00","REPORT_TYPE_SQ":"2022年中报","OPERATE_INCOME_SQ":431940000,"DPS_HKD":0.0241,"OPERATE_INCOME_QOQ_SQ":-8.354962314964,"NET_PROFIT_RATIO_SQ":-15.3604667315,"HOLDER_PROFIT_SQ":-57080000,"HOLDER_PROFIT_QOQ_SQ":-93.400761606395,"ROE_AVG_SQ":-4.482653278392,"PE_TTM_SQ":-4.601842873671,"PB_TTM_SQ":0.335923081957,"ROA_SQ":-2.824053734203,"START_DATE":"2023-01-01 00:00:00","FISCAL_YEAR":"12-31","CURRENCY":"HKD","IS_CNY_CODE":0,"DPS_HKD_LY":0.028,"ORG_TYPE":"一般企业","PREMIUM_INCOME":null,"PREMIUM_INCOME_YOY":null,"NET_INTEREST_INCOME":null,"NET_INTEREST_INCOME_YOY":null,"FEE_COMMISSION_INCOME":null,"FEE_COMMISSION_INCOME_YOY":null,"ACCOUNTS_RECE_TDAYS":2.939173324975,"INVENTORY_TDAYS":93.155310239817,"CURRENT_ASSETS_TDAYS":0.373327504035,"TOTAL_ASSETS_TDAYS":0.272162236241,"PREMIUM_EXPENSE":null,"LOAN_DEPOSIT":null,"LOAN_EQUITY":null,"LOAN_ASSETS":null,"DEPOSIT_EQUITY":null,"DEPOSIT_ASSETS":null,"EQUITY_MULTIPLIER":1.600777375874,"EQUITY_RATIO":0.593793430848},{"SECUCODE":"01739.HK","SECURITY_CODE":"01739","SECURITY_NAME_ABBR":"齐屹科技","ORG_CODE":"10924311","STD_REPORT_DATE":"2022-12-31 00:00:00","REPORT_DATE":"2022-12-31 00:00:00","DATE_TYPE_CODE":"001","REPORT_TYPE":"2022年年报","PER_NETCASH_OPERATE":-0.197123854931,"PER_OI":0.764826653338,"BPS":1.03385461533,"BASIC_EPS":-0.1125,"DILUTED_EPS":-0.1125,"OPERATE_INCOME":875735000,"OPERATE_INCOME_YOY":-20.8582608853,"GROSS_PROFIT":473931000,"GROSS_PROFIT_YOY":-20.136058090098,"HOLDER_PROFIT":-126044000,"HOLDER_PROFIT_YOY":-270.2055256975,"GROSS_PROFIT_RATIO":54.118083666863,"EPS_TTM":-0.11008102987,"OPERATE_INCOME_QOQ":-13.643181219794,"NET_PROFIT_RATIO":-16.0169457656,"ROE_AVG":-10.161155290885,"GROSS_PROFIT_QOQ":-12.536425393228,"ROA":-6.402924403796,"HOLDER_PROFIT_QOQ":-2679.16922447309,"ROE_YEARLY":-10.161155290885,"ROIC_YEARLY":-10.073353971172,"TOTAL_ASSETS":1812362000,"TOTAL_LIABILITIES":641829000,"TAX_EBT":-2.77930433126,"OCF_SALES":-25.773664407612,"TOTAL_PARENT_EQUITY":1183775000,"DEBT_ASSET_RATIO":35.4139515174,"OPERATE_PROFIT":-158691000,"PRETAX_PROFIT":-136473000,"NETCASH_OPERATE":-225709000,"NETCASH_INVEST":97431000,"NETCASH_FINANCE":8203000,"END_CASH":445429000,"DIVI_RATIO":-0.199043940866,"DIVIDEND_RATE":11.871921182266,"CURRENT_RATIO":2.183557873597,"COMMON_ACS":2000000000,"CURRENTDEBT_DEBT":97.594686435172,"ISSUED_COMMON_SHARES":1145011090,"HK_COMMON_SHARES":1145011090,"PER_SHARES":500,"TOTAL_MARKET_CAP":232437251.27,"HKSK_MARKET_CAP":232437251.27,"PE_TTM":-1.631034871691,"PB_TTM":0.218151560434,"REPORT_DATE_SQ":"2021-12-31 00:00:00","REPORT_TYPE_SQ":"2021年年报","OPERATE_INCOME_SQ":1106540000,"DPS_HKD":0.0241,"OPERATE_INCOME_QOQ_SQ":-1.695153164342,"NET_PROFIT_RATIO_SQ":6.4426952483,"HOLDER_PROFIT_SQ":74054000,"HOLDER_PROFIT_QOQ_SQ":13.994119729692,"ROE_AVG_SQ":5.675460153026,"PE_TTM_SQ":-4.601842873671,"PB_TTM_SQ":0.335923081957,"ROA_SQ":3.465066598913,"START_DATE":"2022-01-01 00:00:00","FISCAL_YEAR":"12-31","CURRENCY":"HKD","IS_CNY_CODE":0,"DPS_HKD_LY":null,"ORG_TYPE":"一般企业","PREMIUM_INCOME":null,"PREMIUM_INCOME_YOY":null,"NET_INTEREST_INCOME":null,"NET_INTEREST_INCOME_YOY":null,"FEE_COMMISSION_INCOME":null,"FEE_COMMISSION_INCOME_YOY":null,"ACCOUNTS_RECE_TDAYS":3.384411152613,"INVENTORY_TDAYS":142.711418930918,"CURRENT_ASSETS_TDAYS":0.571062745921,"TOTAL_ASSETS_TDAYS":0.444865682044,"PREMIUM_EXPENSE":null,"LOAN_DEPOSIT":null,"LOAN_EQUITY":null,"LOAN_ASSETS":null,"DEPOSIT_EQUITY":null,"DEPOSIT_ASSETS":null,"EQUITY_MULTIPLIER":1.548322003736,"EQUITY_RATIO":0.542188338155},{"SECUCODE":"01739.HK","SECURITY_CODE":"01739","SECURITY_NAME_ABBR":"齐屹科技","ORG_CODE":"10924311","STD_REPORT_DATE":"2022-06-30 00:00:00","REPORT_DATE":"2022-06-30 00:00:00","DATE_TYPE_CODE":"002","REPORT_TYPE":"2022年中报","PER_NETCASH_OPERATE":-0.117253886161,"PER_OI":0.377236520914,"BPS":1.091327421117,"BASIC_EPS":-0.051,"DILUTED_EPS":-0.051,"OPERATE_INCOME":431940000,"OPERATE_INCOME_YOY":-17.6301652774,"GROSS_PROFIT":244994000,"GROSS_PROFIT_YOY":-17.386935351165,"HOLDER_PROFIT":-57080000,"HOLDER_PROFIT_YOY":-572.2429056011,"GROSS_PROFIT_RATIO":56.71945177571,"EPS_TTM":0.004268080932,"OPERATE_INCOME_QOQ":-8.354962314964,"NET_PROFIT_RATIO":-15.3604667315,"ROE_AVG":-4.482653278392,"GROSS_PROFIT_QOQ":-8.688911619536,"ROA":-2.824053734203,"HOLDER_PROFIT_QOQ":-93.400761606395,"ROE_YEARLY":-8.965306556784,"ROIC_YEARLY":-8.112284362001,"TOTAL_ASSETS":1917702000,"TOTAL_LIABILITIES":685801000,"TAX_EBT":-5.897562766348,"OCF_SALES":-31.082326249016,"TOTAL_PARENT_EQUITY":1249582000,"DEBT_ASSET_RATIO":35.7616042534,"OPERATE_PROFIT":-65595000,"PRETAX_PROFIT":-62653000,"NETCASH_OPERATE":-134257000,"NETCASH_INVEST":45005000,"NETCASH_FINANCE":-1281000,"END_CASH":475036000,"DIVI_RATIO":5.133680066005,"DIVIDEND_RATE":11.871921182266,"CURRENT_RATIO":2.303774471417,"COMMON_ACS":2000000000,"CURRENTDEBT_DEBT":97.757950192549,"ISSUED_COMMON_SHARES":1145011090,"HK_COMMON_SHARES":1145011090,"PER_SHARES":500,"TOTAL_MARKET_CAP":232437251.27,"HKSK_MARKET_CAP":232437251.27,"PE_TTM":-1.631034871691,"PB_TTM":0.218151560434,"REPORT_DATE_SQ":"2021-06-30 00:00:00","REPORT_TYPE_SQ":"2021年中报","OPERATE_INCOME_SQ":524391000,"DPS_HKD":0.0241,"OPERATE_INCOME_QOQ_SQ":22.848982389355,"NET_PROFIT_RATIO_SQ":2.9516143488,"HOLDER_PROFIT_SQ":12087000,"HOLDER_PROFIT_QOQ_SQ":59.95617166917,"ROE_AVG_SQ":0.909144928397,"PE_TTM_SQ":-4.601842873671,"PB_TTM_SQ":0.335923081957,"ROA_SQ":0.539608452393,"START_DATE":"2022-01-01 00:00:00","FISCAL_YEAR":"12-31","CURRENCY":"HKD","IS_CNY_CODE":0,"DPS_HKD_LY":null,"ORG_TYPE":"一般企业","PREMIUM_INCOME":null,"PREMIUM_INCOME_YOY":null,"NET_INTEREST_INCOME":null,"NET_INTEREST_INCOME_YOY":null,"FEE_COMMISSION_INCOME":null,"FEE_COMMISSION_INCOME_YOY":null,"ACCOUNTS_RECE_TDAYS":null,"INVENTORY_TDAYS":55.580793815966,"CURRENT_ASSETS_TDAYS":0.266318677914,"TOTAL_ASSETS_TDAYS":0.213703884014,"PREMIUM_EXPENSE":null,"LOAN_DEPOSIT":null,"LOAN_EQUITY":null,"LOAN_ASSETS":null,"DEPOSIT_EQUITY":null,"DEPOSIT_ASSETS":null,"EQUITY_MULTIPLIER":1.556701390777,"EQUITY_RATIO":0.548824326855},{"SECUCODE":"01739.HK","SECURITY_CODE":"01739","SECURITY_NAME_ABBR":"齐屹科技","ORG_CODE":"10924311","STD_REPORT_DATE":"2021-12-31 00:00:00","REPORT_DATE":"2021-12-31 00:00:00","DATE_TYPE_CODE":"001","REPORT_TYPE":"2021年年报","PER_NETCASH_OPERATE":-0.165129978141,"PER_OI":0.958823141166,"BPS":1.132848416342,"BASIC_EPS":0.0648,"DILUTED_EPS":0.0641,"OPERATE_INCOME":1106540000,"OPERATE_INCOME_YOY":20.766503977,"GROSS_PROFIT":593423000,"GROSS_PROFIT_YOY":14.010182516811,"HOLDER_PROFIT":74054000,"HOLDER_PROFIT_YOY":82.3406298476,"GROSS_PROFIT_RATIO":53.628698465487,"EPS_TTM":0.064168208014,"OPERATE_INCOME_QOQ":-1.695153164342,"NET_PROFIT_RATIO":6.4426952483,"ROE_AVG":5.675460153026,"GROSS_PROFIT_QOQ":-2.396890769018,"ROA":3.465066598913,"HOLDER_PROFIT_QOQ":13.994119729692,"ROE_YEARLY":5.675460153026,"ROIC_YEARLY":5.19793006512,"TOTAL_ASSETS":2124714000,"TOTAL_LIABILITIES":839271000,"TAX_EBT":11.930968881642,"OCF_SALES":-17.222151933053,"TOTAL_PARENT_EQUITY":1297124000,"DEBT_ASSET_RATIO":39.5004221745,"OPERATE_PROFIT":63825000,"PRETAX_PROFIT":80949000,"NETCASH_OPERATE":-190570000,"NETCASH_INVEST":-82374000,"NETCASH_FINANCE":-65402000,"END_CASH":548017000,"DIVI_RATIO":0.34146133542,"DIVIDEND_RATE":11.871921182266,"CURRENT_RATIO":2.07909943926,"COMMON_ACS":2000000000,"CURRENTDEBT_DEBT":97.383681790506,"ISSUED_COMMON_SHARES":1145011090,"HK_COMMON_SHARES":1145011090,"PER_SHARES":500,"TOTAL_MARKET_CAP":232437251.27,"HKSK_MARKET_CAP":232437251.27,"PE_TTM":-1.631034871691,"PB_TTM":0.218151560434,"REPORT_DATE_SQ":"2020-12-31 00:00:00","REPORT_TYPE_SQ":"2020年年报","OPERATE_INCOME_SQ":916264000,"DPS_HKD":0.0241,"OPERATE_INCOME_QOQ_SQ":28.270084723459,"NET_PROFIT_RATIO_SQ":4.5708442108,"HOLDER_PROFIT_SQ":40613000,"HOLDER_PROFIT_QOQ_SQ":30.466767323075,"ROE_AVG_SQ":3.019665035999,"PE_TTM_SQ":-4.601842873671,"PB_TTM_SQ":0.335923081957,"ROA_SQ":1.940534025522,"START_DATE":"2021-01-01 00:00:00","FISCAL_YEAR":"12-31","CURRENCY":"HKD","IS_CNY_CODE":0,"DPS_HKD_LY":null,"ORG_TYPE":"一般企业","PREMIUM_INCOME":null,"PREMIUM_INCOME_YOY":null,"NET_INTEREST_INCOME":null,"NET_INTEREST_INCOME_YOY":null,"FEE_COMMISSION_INCOME":null,"FEE_COMMISSION_INCOME_YOY":null,"ACCOUNTS_RECE_TDAYS":4.751923353581,"INVENTORY_TDAYS":162.173514538559,"CURRENT_ASSETS_TDAYS":0.715350088664,"TOTAL_ASSETS_TDAYS":0.517762010744,"PREMIUM_EXPENSE":null,"LOAN_DEPOSIT":null,"LOAN_EQUITY":null,"LOAN_ASSETS":null,"DEPOSIT_EQUITY":null,"DEPOSIT_ASSETS":null,"EQUITY_MULTIPLIER":1.652904096099,"EQUITY_RATIO":0.647024494189},{"SECUCODE":"01739.HK","SECURITY_CODE":"01739","SECURITY_NAME_ABBR":"齐屹科技","ORG_CODE":"10924311","STD_REPORT_DATE":"2021-06-30 00:00:00","REPORT_DATE":"2021-06-30 00:00:00","DATE_TYPE_CODE":"002","REPORT_TYPE":"2021年中报","PER_NETCASH_OPERATE":0.018543104355,"PER_OI":0.452545121978,"BPS":1.175958042468,"BASIC_EPS":0.0104,"DILUTED_EPS":0.0104,"OPERATE_INCOME":524391000,"OPERATE_INCOME_YOY":66.4553667223,"GROSS_PROFIT":296556000,"GROSS_PROFIT_YOY":41.852099875634,"HOLDER_PROFIT":12087000,"HOLDER_PROFIT_YOY":198.5647883878,"GROSS_PROFIT_RATIO":56.55245799413,"EPS_TTM":0.056062534939,"OPERATE_INCOME_QOQ":22.848982389355,"NET_PROFIT_RATIO":2.9516143488,"ROE_AVG":0.909144928397,"GROSS_PROFIT_QOQ":16.809990393852,"ROA":0.539608452393,"HOLDER_PROFIT_QOQ":59.95617166917,"ROE_YEARLY":1.818289856795,"ROIC_YEARLY":1.835864285476,"TOTAL_ASSETS":2330310000,"TOTAL_LIABILITIES":987843000,"TAX_EBT":11.173601147776,"OCF_SALES":4.097515022188,"TOTAL_PARENT_EQUITY":1346485000,"DEBT_ASSET_RATIO":42.3910552673,"OPERATE_PROFIT":9151000,"PRETAX_PROFIT":17425000,"NETCASH_OPERATE":21487000,"NETCASH_INVEST":-756000,"NETCASH_FINANCE":17058000,"END_CASH":929486000,"DIVI_RATIO":0.390830739708,"DIVIDEND_RATE":11.871921182266,"CURRENT_RATIO":1.566175459776,"COMMON_ACS":2000000000,"CURRENTDEBT_DEBT":97.938741277713,"ISSUED_COMMON_SHARES":1145011090,"HK_COMMON_SHARES":1145011090,"PER_SHARES":500,"TOTAL_MARKET_CAP":232437251.27,"HKSK_MARKET_CAP":232437251.27,"PE_TTM":-1.631034871691,"PB_TTM":0.218151560434,"REPORT_DATE_SQ":"2020-06-30 00:00:00","REPORT_TYPE_SQ":"2020年中报","OPERATE_INCOME_SQ":315034000,"DPS_HKD":0.0241,"OPERATE_INCOME_QOQ_SQ":-7.340396828691,"NET_PROFIT_RATIO_SQ":-4.6473278107,"HOLDER_PROFIT_SQ":-12263000,"HOLDER_PROFIT_QOQ_SQ":-49.738431233248,"ROE_AVG_SQ":-0.789924552173,"PE_TTM_SQ":-4.601842873671,"PB_TTM_SQ":0.335923081957,"ROA_SQ":-0.520130149115,"START_DATE":"2021-01-01 00:00:00","FISCAL_YEAR":"12-31","CURRENCY":"HKD","IS_CNY_CODE":0,"DPS_HKD_LY":null,"ORG_TYPE":"一般企业","PREMIUM_INCOME":null,"PREMIUM_INCOME_YOY":null,"NET_INTEREST_INCOME":null,"NET_INTEREST_INCOME_YOY":null,"FEE_COMMISSION_INCOME":null,"FEE_COMMISSION_INCOME_YOY":null,"ACCOUNTS_RECE_TDAYS":3.251341573431,"INVENTORY_TDAYS":66.443569553806,"CURRENT_ASSETS_TDAYS":0.360446813249,"TOTAL_ASSETS_TDAYS":0.234107566773,"PREMIUM_EXPENSE":null,"LOAN_DEPOSIT":null,"LOAN_EQUITY":null,"LOAN_ASSETS":null,"DEPOSIT_EQUITY":null,"DEPOSIT_ASSETS":null,"EQUITY_MULTIPLIER":1.735841551412,"EQUITY_RATIO":0.733645751717},{"SECUCODE":"01739.HK","SECURITY_CODE":"01739","SECURITY_NAME_ABBR":"齐屹科技","ORG_CODE":"10924311","STD_REPORT_DATE":"2020-12-31 00:00:00","REPORT_DATE":"2020-12-31 00:00:00","DATE_TYPE_CODE":"001","REPORT_TYPE":"2020年年报","PER_NETCASH_OPERATE":0.068722548707,"PER_OI":0.78007925382,"BPS":1.146274487175,"BASIC_EPS":0.0344,"DILUTED_EPS":0.0344,"OPERATE_INCOME":916264000,"OPERATE_INCOME_YOY":18.8432978592,"GROSS_PROFIT":520500000,"GROSS_PROFIT_YOY":2.334725976899,"HOLDER_PROFIT":40613000,"HOLDER_PROFIT_YOY":-33.0426180859,"GROSS_PROFIT_RATIO":56.806771847415,"EPS_TTM":0.034576670845,"OPERATE_INCOME_QOQ":28.270084723459,"NET_PROFIT_RATIO":4.5708442108,"ROE_AVG":3.019665035999,"GROSS_PROFIT_QOQ":12.619191348769,"ROA":1.940534025522,"HOLDER_PROFIT_QOQ":30.466767323075,"ROE_YEARLY":3.019665035999,"ROIC_YEARLY":3.439041542772,"TOTAL_ASSETS":2149605000,"TOTAL_LIABILITIES":855370000,"TAX_EBT":13.486882875439,"OCF_SALES":8.809688037509,"TOTAL_PARENT_EQUITY":1312497000,"DEBT_ASSET_RATIO":39.791961779,"OPERATE_PROFIT":-28492000,"PRETAX_PROFIT":48410000,"NETCASH_OPERATE":80720000,"NETCASH_INVEST":550592000,"NETCASH_FINANCE":-108681000,"END_CASH":897354000,"DIVI_RATIO":0.633692066482,"DIVIDEND_RATE":11.871921182266,"CURRENT_RATIO":1.656431376555,"COMMON_ACS":2000000000,"CURRENTDEBT_DEBT":98.416591650397,"ISSUED_COMMON_SHARES":1145011090,"HK_COMMON_SHARES":1145011090,"PER_SHARES":500,"TOTAL_MARKET_CAP":232437251.27,"HKSK_MARKET_CAP":232437251.27,"PE_TTM":-1.631034871691,"PB_TTM":0.218151560434,"REPORT_DATE_SQ":"2019-12-31 00:00:00","REPORT_TYPE_SQ":"2019年年报","OPERATE_INCOME_SQ":770985000,"DPS_HKD":0.0241,"OPERATE_INCOME_QOQ_SQ":4.660290394184,"NET_PROFIT_RATIO_SQ":6.5920623884,"HOLDER_PROFIT_SQ":60655000,"HOLDER_PROFIT_QOQ_SQ":362.297529297604,"ROE_AVG_SQ":4.548164989396,"PE_TTM_SQ":-4.601842873671,"PB_TTM_SQ":0.335923081957,"ROA_SQ":3.147028859028,"START_DATE":"2020-01-01 00:00:00","FISCAL_YEAR":"12-31","CURRENCY":"HKD","IS_CNY_CODE":0,"DPS_HKD_LY":0.02,"ORG_TYPE":"一般企业","PREMIUM_INCOME":null,"PREMIUM_INCOME_YOY":null,"NET_INTEREST_INCOME":null,"NET_INTEREST_INCOME_YOY":null,"FEE_COMMISSION_INCOME":null,"FEE_COMMISSION_INCOME_YOY":null,"ACCOUNTS_RECE_TDAYS":7.50802209148,"INVENTORY_TDAYS":48.595776031434,"CURRENT_ASSETS_TDAYS":0.672953591332,"TOTAL_ASSETS_TDAYS":0.437801065758,"PREMIUM_EXPENSE":null,"LOAN_DEPOSIT":null,"LOAN_EQUITY":null,"LOAN_ASSETS":null,"DEPOSIT_EQUITY":null,"DEPOSIT_ASSETS":null,"EQUITY_MULTIPLIER":1.660907794952,"EQUITY_RATIO":0.651711965818},{"SECUCODE":"01739.HK","SECURITY_CODE":"01739","SECURITY_NAME_ABBR":"齐屹科技","ORG_CODE":"10924311","STD_REPORT_DATE":"2020-06-30 00:00:00","REPORT_DATE":"2020-06-30 00:00:00","DATE_TYPE_CODE":"002","REPORT_TYPE":"2020年中报","PER_NETCASH_OPERATE":0.041486884611,"PER_OI":0.265872883487,"BPS":1.164828019264,"BASIC_EPS":-0.0103,"DILUTED_EPS":-0.0103,"OPERATE_INCOME":315034000,"OPERATE_INCOME_YOY":-15.4415837802,"GROSS_PROFIT":209060000,"GROSS_PROFIT_YOY":-17.454050105621,"HOLDER_PROFIT":-12263000,"HOLDER_PROFIT_YOY":-153.2815843161,"GROSS_PROFIT_RATIO":66.742288069137,"EPS_TTM":0.026271313541,"OPERATE_INCOME_QOQ":-7.340396828691,"NET_PROFIT_RATIO":-4.6473278107,"ROE_AVG":-0.789924552173,"GROSS_PROFIT_QOQ":-9.131714452551,"ROA":-0.520130149115,"HOLDER_PROFIT_QOQ":-49.738431233248,"ROE_YEARLY":-1.579849104345,"ROIC_YEARLY":-1.847672291818,"TOTAL_ASSETS":2081281000,"TOTAL_LIABILITIES":773914000,"TAX_EBT":0.250062515629,"OCF_SALES":15.863713667036,"TOTAL_PARENT_EQUITY":1333741000,"DEBT_ASSET_RATIO":37.1845031978,"OPERATE_PROFIT":-51505000,"PRETAX_PROFIT":-15996000,"NETCASH_OPERATE":47214000,"NETCASH_INVEST":230255000,"NETCASH_FINANCE":-39488000,"END_CASH":656152000,"DIVI_RATIO":0.834026131425,"DIVIDEND_RATE":11.871921182266,"CURRENT_RATIO":1.801471828694,"COMMON_ACS":2000000000,"CURRENTDEBT_DEBT":97.272435955416,"ISSUED_COMMON_SHARES":1145011090,"HK_COMMON_SHARES":1145011090,"PER_SHARES":500,"TOTAL_MARKET_CAP":232437251.27,"HKSK_MARKET_CAP":232437251.27,"PE_TTM":-1.631034871691,"PB_TTM":0.218151560434,"REPORT_DATE_SQ":"2019-06-30 00:00:00","REPORT_TYPE_SQ":"2019年中报","OPERATE_INCOME_SQ":366465000,"DPS_HKD":0.0241,"OPERATE_INCOME_QOQ_SQ":14.074715349448,"NET_PROFIT_RATIO_SQ":3.6576480701,"HOLDER_PROFIT_SQ":20097000,"HOLDER_PROFIT_QOQ_SQ":-98.231638582143,"ROE_AVG_SQ":1.478481571397,"PE_TTM_SQ":-4.601842873671,"PB_TTM_SQ":0.335923081957,"ROA_SQ":1.03668317096,"START_DATE":"2020-01-01 00:00:00","FISCAL_YEAR":"12-31","CURRENCY":"HKD","IS_CNY_CODE":0,"DPS_HKD_LY":0.02,"ORG_TYPE":"一般企业","PREMIUM_INCOME":null,"PREMIUM_INCOME_YOY":null,"NET_INTEREST_INCOME":null,"NET_INTEREST_INCOME_YOY":null,"FEE_COMMISSION_INCOME":null,"FEE_COMMISSION_INCOME_YOY":null,"ACCOUNTS_RECE_TDAYS":3.013194454408,"INVENTORY_TDAYS":6.587911912296,"CURRENT_ASSETS_TDAYS":0.230834440164,"TOTAL_ASSETS_TDAYS":0.150519583692,"PREMIUM_EXPENSE":null,"LOAN_DEPOSIT":null,"LOAN_EQUITY":null,"LOAN_ASSETS":null,"DEPOSIT_EQUITY":null,"DEPOSIT_ASSETS":null,"EQUITY_MULTIPLIER":1.591963847948,"EQUITY_RATIO":0.58025808609}],"count":17},"success":true,"message":"ok","code":0}