{"version":"5a34cb11b390958644e6af527397067c","result":{"pages":4,"data":[{"SECUCODE":"01736.HK","SECURITY_CODE":"01736","SECURITY_NAME_ABBR":"中国育儿网络","ORG_CODE":"10443227","STD_REPORT_DATE":"2024-06-30 00:00:00","REPORT_DATE":"2024-06-30 00:00:00","DATE_TYPE_CODE":"002","REPORT_TYPE":"2024年中报","PER_NETCASH_OPERATE":-0.029314735045,"PER_OI":0.047847271579,"BPS":0.003607566821,"BASIC_EPS":-0.0339,"DILUTED_EPS":-0.0339,"OPERATE_INCOME":16539000,"OPERATE_INCOME_YOY":-30.5463402343,"GROSS_PROFIT":1599000,"GROSS_PROFIT_YOY":-66.756756756757,"HOLDER_PROFIT":-10262000,"HOLDER_PROFIT_YOY":-22.7658810863,"GROSS_PROFIT_RATIO":9.668057319064,"EPS_TTM":-0.144892844171,"OPERATE_INCOME_QOQ":-12.662767216768,"NET_PROFIT_RATIO":-62.0472821815,"ROE_AVG":-54.984327698449,"GROSS_PROFIT_QOQ":-128.388644542183,"ROA":-12.317109764148,"HOLDER_PROFIT_QOQ":-3.949689711712,"ROE_YEARLY":-109.968655396898,"ROIC_YEARLY":-27.451531141116,"TOTAL_ASSETS":51577000,"TOTAL_LIABILITIES":50330000,"TAX_EBT":null,"OCF_SALES":-61.267307576032,"TOTAL_PARENT_EQUITY":1247000,"DEBT_ASSET_RATIO":97.5822556566,"OPERATE_PROFIT":-7414000,"PRETAX_PROFIT":-10262000,"NETCASH_OPERATE":-10133000,"NETCASH_INVEST":23268000,"NETCASH_FINANCE":-14501000,"END_CASH":7824000,"DIVI_RATIO":null,"DIVIDEND_RATE":null,"CURRENT_RATIO":0.354553637182,"COMMON_ACS":2000000000,"CURRENTDEBT_DEBT":97.126962050467,"ISSUED_COMMON_SHARES":345662343,"HK_COMMON_SHARES":345662343,"PER_SHARES":10000,"TOTAL_MARKET_CAP":21776727.609,"HKSK_MARKET_CAP":21776727.609,"PE_TTM":-0.393476241531,"PB_TTM":15.938399161333,"REPORT_DATE_SQ":"2023-06-30 00:00:00","REPORT_TYPE_SQ":"2023年中报","OPERATE_INCOME_SQ":23813000,"DPS_HKD":null,"OPERATE_INCOME_QOQ_SQ":-11.471107449688,"NET_PROFIT_RATIO_SQ":-35.1026750094,"HOLDER_PROFIT_SQ":-8359000,"HOLDER_PROFIT_QOQ_SQ":-5.920787860136,"ROE_AVG_SQ":-8.437255545182,"PE_TTM_SQ":-0.523683518488,"PB_TTM_SQ":0.246687369096,"ROA_SQ":-5.063007459138,"START_DATE":"2024-01-01 00:00:00","FISCAL_YEAR":"12-31","CURRENCY":"HKD","IS_CNY_CODE":0,"DPS_HKD_LY":null,"ORG_TYPE":"一般企业","PREMIUM_INCOME":null,"PREMIUM_INCOME_YOY":null,"NET_INTEREST_INCOME":null,"NET_INTEREST_INCOME_YOY":null,"FEE_COMMISSION_INCOME":null,"FEE_COMMISSION_INCOME_YOY":null,"ACCOUNTS_RECE_TDAYS":4.341514634466,"INVENTORY_TDAYS":115.813953488372,"CURRENT_ASSETS_TDAYS":0.378974141585,"TOTAL_ASSETS_TDAYS":0.198511672568,"PREMIUM_EXPENSE":null,"LOAN_DEPOSIT":null,"LOAN_EQUITY":null,"LOAN_ASSETS":null,"DEPOSIT_EQUITY":null,"DEPOSIT_ASSETS":null,"EQUITY_MULTIPLIER":41.36086607874,"EQUITY_RATIO":40.360866078589},{"SECUCODE":"01736.HK","SECURITY_CODE":"01736","SECURITY_NAME_ABBR":"中国育儿网络","ORG_CODE":"10443227","STD_REPORT_DATE":"2023-12-31 00:00:00","REPORT_DATE":"2023-12-31 00:00:00","DATE_TYPE_CODE":"001","REPORT_TYPE":"2023年年报","PER_NETCASH_OPERATE":-0.031167988644,"PER_OI":0.199422359063,"BPS":0.104379319098,"BASIC_EPS":-0.1974,"DILUTED_EPS":-0.1974,"OPERATE_INCOME":57444000,"OPERATE_INCOME_YOY":-32.3949629281,"GROSS_PROFIT":2501000,"GROSS_PROFIT_YOY":-86.401696389735,"HOLDER_PROFIT":-48181000,"HOLDER_PROFIT_YOY":-14.0621670888,"GROSS_PROFIT_RATIO":4.353805445303,"EPS_TTM":-0.167264965567,"OPERATE_INCOME_QOQ":-23.635058426279,"NET_PROFIT_RATIO":-83.874730172,"ROE_AVG":-70.166675161833,"GROSS_PROFIT_QOQ":-83.567674113009,"ROA":-34.173466818451,"HOLDER_PROFIT_QOQ":-7.686290286532,"ROE_YEARLY":-70.166675161833,"ROIC_YEARLY":-36.480444600923,"TOTAL_ASSETS":115053000,"TOTAL_LIABILITIES":78973000,"TAX_EBT":0.557264039958,"OCF_SALES":-15.629134461389,"TOTAL_PARENT_EQUITY":36080000,"DEBT_ASSET_RATIO":68.6405395774,"OPERATE_PROFIT":-43306000,"PRETAX_PROFIT":-48451000,"NETCASH_OPERATE":-8978000,"NETCASH_INVEST":4332000,"NETCASH_FINANCE":5516000,"END_CASH":9277000,"DIVI_RATIO":null,"DIVIDEND_RATE":null,"CURRENT_RATIO":0.885758423765,"COMMON_ACS":2000000000,"CURRENTDEBT_DEBT":100,"ISSUED_COMMON_SHARES":345662343,"HK_COMMON_SHARES":345662343,"PER_SHARES":10000,"TOTAL_MARKET_CAP":26270338.068,"HKSK_MARKET_CAP":26270338.068,"PE_TTM":-0.474669751688,"PB_TTM":19.227275178751,"REPORT_DATE_SQ":"2022-12-31 00:00:00","REPORT_TYPE_SQ":"2022年年报","OPERATE_INCOME_SQ":84970000,"DPS_HKD":null,"OPERATE_INCOME_QOQ_SQ":-0.495356762264,"NET_PROFIT_RATIO_SQ":-49.4350947393,"HOLDER_PROFIT_SQ":-42241000,"HOLDER_PROFIT_QOQ_SQ":12.444812933983,"ROE_AVG_SQ":-22.849956048414,"PE_TTM_SQ":-0.453859049356,"PB_TTM_SQ":0.213795719883,"ROA_SQ":-16.49011650944,"START_DATE":"2023-01-01 00:00:00","FISCAL_YEAR":"12-31","CURRENCY":"HKD","IS_CNY_CODE":0,"DPS_HKD_LY":null,"ORG_TYPE":"一般企业","PREMIUM_INCOME":null,"PREMIUM_INCOME_YOY":null,"NET_INTEREST_INCOME":null,"NET_INTEREST_INCOME_YOY":null,"FEE_COMMISSION_INCOME":null,"FEE_COMMISSION_INCOME_YOY":null,"ACCOUNTS_RECE_TDAYS":6.901423679942,"INVENTORY_TDAYS":77.54834156669,"CURRENT_ASSETS_TDAYS":0.946452697136,"TOTAL_ASSETS_TDAYS":0.407434596193,"PREMIUM_EXPENSE":null,"LOAN_DEPOSIT":null,"LOAN_EQUITY":null,"LOAN_ASSETS":null,"DEPOSIT_EQUITY":null,"DEPOSIT_ASSETS":null,"EQUITY_MULTIPLIER":3.188830376939,"EQUITY_RATIO":2.18883037694},{"SECUCODE":"01736.HK","SECURITY_CODE":"01736","SECURITY_NAME_ABBR":"中国育儿网络","ORG_CODE":"10443227","STD_REPORT_DATE":"2023-06-30 00:00:00","REPORT_DATE":"2023-06-30 00:00:00","DATE_TYPE_CODE":"002","REPORT_TYPE":"2023年中报","PER_NETCASH_OPERATE":-0.040550853991,"PER_OI":0.113684658122,"BPS":0.280308231319,"BASIC_EPS":-0.0405,"DILUTED_EPS":-0.0405,"OPERATE_INCOME":23813000,"OPERATE_INCOME_YOY":-29.0435041716,"GROSS_PROFIT":4810000,"GROSS_PROFIT_YOY":-39.739413680782,"HOLDER_PROFIT":-8359000,"HOLDER_PROFIT_YOY":-42.6937521338,"GROSS_PROFIT_RATIO":20.199050938563,"EPS_TTM":-0.213600931159,"OPERATE_INCOME_QOQ":-11.471107449688,"NET_PROFIT_RATIO":-35.1026750094,"ROE_AVG":-8.437255545182,"GROSS_PROFIT_QOQ":-17.246628969117,"ROA":-5.063007459138,"HOLDER_PROFIT_QOQ":-5.920787860136,"ROE_YEARLY":-16.874511090363,"ROIC_YEARLY":-10.572079919815,"TOTAL_ASSETS":163273000,"TOTAL_LIABILITIES":66381000,"TAX_EBT":null,"OCF_SALES":-35.669592239533,"TOTAL_PARENT_EQUITY":96892000,"DEBT_ASSET_RATIO":40.656446565,"OPERATE_PROFIT":-6447000,"PRETAX_PROFIT":-8359000,"NETCASH_OPERATE":-8494000,"NETCASH_INVEST":1369000,"NETCASH_FINANCE":4146000,"END_CASH":5377000,"DIVI_RATIO":null,"DIVIDEND_RATE":null,"CURRENT_RATIO":0.678987915408,"COMMON_ACS":2000000000,"CURRENTDEBT_DEBT":99.727331615974,"ISSUED_COMMON_SHARES":345662343,"HK_COMMON_SHARES":345662343,"PER_SHARES":10000,"TOTAL_MARKET_CAP":26270338.068,"HKSK_MARKET_CAP":26270338.068,"PE_TTM":-0.474669751688,"PB_TTM":19.227275178751,"REPORT_DATE_SQ":"2022-06-30 00:00:00","REPORT_TYPE_SQ":"2022年中报","OPERATE_INCOME_SQ":33560000,"DPS_HKD":null,"OPERATE_INCOME_QOQ_SQ":-8.908303464755,"NET_PROFIT_RATIO_SQ":-18.5429082241,"HOLDER_PROFIT_SQ":-5858000,"HOLDER_PROFIT_QOQ_SQ":6.238460790982,"ROE_AVG_SQ":-2.366935630503,"PE_TTM_SQ":-0.453859049356,"PB_TTM_SQ":0.213795719883,"ROA_SQ":-1.85985671674,"START_DATE":"2023-01-01 00:00:00","FISCAL_YEAR":"12-31","CURRENCY":"HKD","IS_CNY_CODE":0,"DPS_HKD_LY":null,"ORG_TYPE":"一般企业","PREMIUM_INCOME":null,"PREMIUM_INCOME_YOY":null,"NET_INTEREST_INCOME":null,"NET_INTEREST_INCOME_YOY":null,"FEE_COMMISSION_INCOME":null,"FEE_COMMISSION_INCOME_YOY":null,"ACCOUNTS_RECE_TDAYS":3.152995696789,"INVENTORY_TDAYS":8.765221402214,"CURRENT_ASSETS_TDAYS":0.494117402942,"TOTAL_ASSETS_TDAYS":0.144234234507,"PREMIUM_EXPENSE":null,"LOAN_DEPOSIT":null,"LOAN_EQUITY":null,"LOAN_ASSETS":null,"DEPOSIT_EQUITY":null,"DEPOSIT_ASSETS":null,"EQUITY_MULTIPLIER":1.685103001281,"EQUITY_RATIO":0.68510300128},{"SECUCODE":"01736.HK","SECURITY_CODE":"01736","SECURITY_NAME_ABBR":"中国育儿网络","ORG_CODE":"10443227","STD_REPORT_DATE":"2022-12-31 00:00:00","REPORT_DATE":"2022-12-31 00:00:00","DATE_TYPE_CODE":"001","REPORT_TYPE":"2022年年报","PER_NETCASH_OPERATE":0.006181373591,"PER_OI":0.082844055839,"BPS":0.292924589706,"BASIC_EPS":-0.2059,"DILUTED_EPS":-0.2059,"OPERATE_INCOME":84970000,"OPERATE_INCOME_YOY":-9.3595323434,"GROSS_PROFIT":18392000,"GROSS_PROFIT_YOY":254.032723772859,"HOLDER_PROFIT":-42241000,"HOLDER_PROFIT_YOY":17.9069089496,"GROSS_PROFIT_RATIO":21.645286571731,"EPS_TTM":-0.041184132784,"OPERATE_INCOME_QOQ":-0.495356762264,"NET_PROFIT_RATIO":-49.4350947393,"ROE_AVG":-22.849956048414,"GROSS_PROFIT_QOQ":530.294722412611,"ROA":-16.49011650944,"HOLDER_PROFIT_QOQ":12.444812933983,"ROE_YEARLY":-22.849956048414,"ROIC_YEARLY":-17.742765394866,"TOTAL_ASSETS":166926000,"TOTAL_LIABILITIES":65673000,"TAX_EBT":-0.057168719182,"OCF_SALES":7.461456984818,"TOTAL_PARENT_EQUITY":101253000,"DEBT_ASSET_RATIO":39.3425829409,"OPERATE_PROFIT":-38768000,"PRETAX_PROFIT":-41981000,"NETCASH_OPERATE":6340000,"NETCASH_INVEST":-5589000,"NETCASH_FINANCE":-21807000,"END_CASH":8555000,"DIVI_RATIO":null,"DIVIDEND_RATE":null,"CURRENT_RATIO":0.791582025239,"COMMON_ACS":2000000000,"CURRENTDEBT_DEBT":98.944771824037,"ISSUED_COMMON_SHARES":345662343,"HK_COMMON_SHARES":345662343,"PER_SHARES":10000,"TOTAL_MARKET_CAP":26270338.068,"HKSK_MARKET_CAP":26270338.068,"PE_TTM":-0.474669751688,"PB_TTM":19.227275178751,"REPORT_DATE_SQ":"2021-12-31 00:00:00","REPORT_TYPE_SQ":"2021年年报","OPERATE_INCOME_SQ":93744000,"DPS_HKD":null,"OPERATE_INCOME_QOQ_SQ":-8.068881653787,"NET_PROFIT_RATIO_SQ":-58.8165642601,"HOLDER_PROFIT_SQ":-51455000,"HOLDER_PROFIT_QOQ_SQ":32.751748023263,"ROE_AVG_SQ":-17.417899256807,"PE_TTM_SQ":-0.453859049356,"PB_TTM_SQ":0.213795719883,"ROA_SQ":-14.35047739636,"START_DATE":"2022-01-01 00:00:00","FISCAL_YEAR":"12-31","CURRENCY":"HKD","IS_CNY_CODE":0,"DPS_HKD_LY":null,"ORG_TYPE":"一般企业","PREMIUM_INCOME":null,"PREMIUM_INCOME_YOY":null,"NET_INTEREST_INCOME":null,"NET_INTEREST_INCOME_YOY":null,"FEE_COMMISSION_INCOME":null,"FEE_COMMISSION_INCOME_YOY":null,"ACCOUNTS_RECE_TDAYS":6.640615841507,"INVENTORY_TDAYS":50.209653092006,"CURRENT_ASSETS_TDAYS":1.038937219923,"TOTAL_ASSETS_TDAYS":0.331707393245,"PREMIUM_EXPENSE":null,"LOAN_DEPOSIT":null,"LOAN_EQUITY":null,"LOAN_ASSETS":null,"DEPOSIT_EQUITY":null,"DEPOSIT_ASSETS":null,"EQUITY_MULTIPLIER":1.648603004354,"EQUITY_RATIO":0.648603004355},{"SECUCODE":"01736.HK","SECURITY_CODE":"01736","SECURITY_NAME_ABBR":"中国育儿网络","ORG_CODE":"10443227","STD_REPORT_DATE":"2022-06-30 00:00:00","REPORT_DATE":"2022-06-30 00:00:00","DATE_TYPE_CODE":"002","REPORT_TYPE":"2022年中报","PER_NETCASH_OPERATE":-0.006917483537,"PER_OI":0.032720330869,"BPS":0.655304242962,"BASIC_EPS":-0.0286,"DILUTED_EPS":-0.0286,"OPERATE_INCOME":33560000,"OPERATE_INCOME_YOY":-19.9255565365,"GROSS_PROFIT":7982000,"GROSS_PROFIT_YOY":-22.195145725704,"HOLDER_PROFIT":-5858000,"HOLDER_PROFIT_YOY":35.3992059991,"GROSS_PROFIT_RATIO":23.784266984505,"EPS_TTM":-0.047037913075,"OPERATE_INCOME_QOQ":-8.908303464755,"NET_PROFIT_RATIO":-18.5429082241,"ROE_AVG":-2.366935630503,"GROSS_PROFIT_QOQ":-43.830606352262,"ROA":-1.85985671674,"HOLDER_PROFIT_QOQ":6.238460790982,"ROE_YEARLY":-4.733871261005,"ROIC_YEARLY":-3.927780599459,"TOTAL_ASSETS":284548000,"TOTAL_LIABILITIES":58635000,"TAX_EBT":-0.387159219229,"OCF_SALES":-21.141239570918,"TOTAL_PARENT_EQUITY":226514000,"DEBT_ASSET_RATIO":20.6063651827,"OPERATE_PROFIT":-4163000,"PRETAX_PROFIT":-6199000,"NETCASH_OPERATE":-7095000,"NETCASH_INVEST":925000,"NETCASH_FINANCE":-15184000,"END_CASH":6356000,"DIVI_RATIO":null,"DIVIDEND_RATE":null,"CURRENT_RATIO":1.554940752727,"COMMON_ACS":2000000000,"CURRENTDEBT_DEBT":98.014837554362,"ISSUED_COMMON_SHARES":345662343,"HK_COMMON_SHARES":345662343,"PER_SHARES":10000,"TOTAL_MARKET_CAP":26270338.068,"HKSK_MARKET_CAP":26270338.068,"PE_TTM":-0.474669751688,"PB_TTM":19.227275178751,"REPORT_DATE_SQ":"2021-06-30 00:00:00","REPORT_TYPE_SQ":"2021年中报","OPERATE_INCOME_SQ":41911000,"DPS_HKD":null,"OPERATE_INCOME_QOQ_SQ":10.518386855539,"NET_PROFIT_RATIO_SQ":-22.4547254897,"HOLDER_PROFIT_SQ":-9068000,"HOLDER_PROFIT_QOQ_SQ":20.441902781388,"ROE_AVG_SQ":-2.896166922439,"PE_TTM_SQ":-0.453859049356,"PB_TTM_SQ":0.213795719883,"ROA_SQ":-2.423733774174,"START_DATE":"2022-01-01 00:00:00","FISCAL_YEAR":"12-31","CURRENCY":"HKD","IS_CNY_CODE":0,"DPS_HKD_LY":null,"ORG_TYPE":"一般企业","PREMIUM_INCOME":null,"PREMIUM_INCOME_YOY":null,"NET_INTEREST_INCOME":null,"NET_INTEREST_INCOME_YOY":null,"FEE_COMMISSION_INCOME":null,"FEE_COMMISSION_INCOME_YOY":null,"ACCOUNTS_RECE_TDAYS":2.225907010679,"INVENTORY_TDAYS":34.40215198386,"CURRENT_ASSETS_TDAYS":0.333105043226,"TOTAL_ASSETS_TDAYS":0.106549661,"PREMIUM_EXPENSE":null,"LOAN_DEPOSIT":null,"LOAN_EQUITY":null,"LOAN_ASSETS":null,"DEPOSIT_EQUITY":null,"DEPOSIT_ASSETS":null,"EQUITY_MULTIPLIER":1.259546816695,"EQUITY_RATIO":0.258858172122},{"SECUCODE":"01736.HK","SECURITY_CODE":"01736","SECURITY_NAME_ABBR":"中国育儿网络","ORG_CODE":"10443227","STD_REPORT_DATE":"2021-12-31 00:00:00","REPORT_DATE":"2021-12-31 00:00:00","DATE_TYPE_CODE":"001","REPORT_TYPE":"2021年年报","PER_NETCASH_OPERATE":-0.043631332739,"PER_OI":0.0913985309,"BPS":0.776688596362,"BASIC_EPS":-0.0502,"DILUTED_EPS":-0.0502,"OPERATE_INCOME":93744000,"OPERATE_INCOME_YOY":1.6007890145,"GROSS_PROFIT":5195000,"GROSS_PROFIT_YOY":-82.750033204941,"HOLDER_PROFIT":-51455000,"HOLDER_PROFIT_YOY":46.4985703145,"GROSS_PROFIT_RATIO":5.541688001365,"EPS_TTM":-0.050167599073,"OPERATE_INCOME_QOQ":-8.068881653787,"NET_PROFIT_RATIO":-58.8165642601,"ROE_AVG":-17.417899256807,"GROSS_PROFIT_QOQ":-84.763608634444,"ROA":-14.35047739636,"HOLDER_PROFIT_QOQ":32.751748023263,"ROE_YEARLY":-17.417899256807,"ROIC_YEARLY":-16.030394038332,"TOTAL_ASSETS":345393000,"TOTAL_LIABILITIES":77157000,"TAX_EBT":1.20056623721,"OCF_SALES":-47.737455197133,"TOTAL_PARENT_EQUITY":268472000,"DEBT_ASSET_RATIO":22.3389009042,"OPERATE_PROFIT":-52741000,"PRETAX_PROFIT":-55807000,"NETCASH_OPERATE":-44751000,"NETCASH_INVEST":3577000,"NETCASH_FINANCE":27486000,"END_CASH":27851000,"DIVI_RATIO":null,"DIVIDEND_RATE":null,"CURRENT_RATIO":1.484412438279,"COMMON_ACS":2000000000,"CURRENTDEBT_DEBT":97.905569164172,"ISSUED_COMMON_SHARES":345662343,"HK_COMMON_SHARES":345662343,"PER_SHARES":10000,"TOTAL_MARKET_CAP":26270338.068,"HKSK_MARKET_CAP":26270338.068,"PE_TTM":-0.474669751688,"PB_TTM":19.227275178751,"REPORT_DATE_SQ":"2020-12-31 00:00:00","REPORT_TYPE_SQ":"2020年年报","OPERATE_INCOME_SQ":92267000,"DPS_HKD":null,"OPERATE_INCOME_QOQ_SQ":21.976917890618,"NET_PROFIT_RATIO_SQ":-104.6072810431,"HOLDER_PROFIT_SQ":-96175000,"HOLDER_PROFIT_QOQ_SQ":-217.189406681838,"ROE_AVG_SQ":-25.200681800614,"PE_TTM_SQ":-0.453859049356,"PB_TTM_SQ":0.213795719883,"ROA_SQ":-21.498898509775,"START_DATE":"2021-01-01 00:00:00","FISCAL_YEAR":"12-31","CURRENCY":"HKD","IS_CNY_CODE":0,"DPS_HKD_LY":null,"ORG_TYPE":"一般企业","PREMIUM_INCOME":null,"PREMIUM_INCOME_YOY":null,"NET_INTEREST_INCOME":null,"NET_INTEREST_INCOME_YOY":null,"FEE_COMMISSION_INCOME":null,"FEE_COMMISSION_INCOME_YOY":null,"ACCOUNTS_RECE_TDAYS":6.27806054112,"INVENTORY_TDAYS":41.465230625146,"CURRENT_ASSETS_TDAYS":0.928333052752,"TOTAL_ASSETS_TDAYS":0.26144614771,"PREMIUM_EXPENSE":null,"LOAN_DEPOSIT":null,"LOAN_EQUITY":null,"LOAN_ASSETS":null,"DEPOSIT_EQUITY":null,"DEPOSIT_ASSETS":null,"EQUITY_MULTIPLIER":1.287645953563,"EQUITY_RATIO":0.287393098722},{"SECUCODE":"01736.HK","SECURITY_CODE":"01736","SECURITY_NAME_ABBR":"中国育儿网络","ORG_CODE":"10443227","STD_REPORT_DATE":"2021-06-30 00:00:00","REPORT_DATE":"2021-06-30 00:00:00","DATE_TYPE_CODE":"002","REPORT_TYPE":"2021年中报","PER_NETCASH_OPERATE":-0.025706324306,"PER_OI":0.040862389364,"BPS":0.879037031812,"BASIC_EPS":-0.0088,"DILUTED_EPS":-0.0088,"OPERATE_INCOME":41911000,"OPERATE_INCOME_YOY":30.1341364963,"GROSS_PROFIT":10259000,"GROSS_PROFIT_YOY":63.385889472846,"HOLDER_PROFIT":-9068000,"HOLDER_PROFIT_YOY":68.4349763297,"GROSS_PROFIT_RATIO":24.478060652335,"EPS_TTM":-0.074600599418,"OPERATE_INCOME_QOQ":10.518386855539,"NET_PROFIT_RATIO":-22.4547254897,"ROE_AVG":-2.896166922439,"GROSS_PROFIT_QOQ":13.215566476292,"ROA":-2.423733774174,"HOLDER_PROFIT_QOQ":20.441902781388,"ROE_YEARLY":-5.792333844879,"ROIC_YEARLY":-5.552825477598,"TOTAL_ASSETS":376541000,"TOTAL_LIABILITIES":69588000,"TAX_EBT":-0.770960488275,"OCF_SALES":-62.909498699625,"TOTAL_PARENT_EQUITY":303850000,"DEBT_ASSET_RATIO":18.4808560024,"OPERATE_PROFIT":-8114000,"PRETAX_PROFIT":-9339000,"NETCASH_OPERATE":-26366000,"NETCASH_INVEST":1307000,"NETCASH_FINANCE":25672000,"END_CASH":44411000,"DIVI_RATIO":null,"DIVIDEND_RATE":null,"CURRENT_RATIO":1.53084471695,"COMMON_ACS":2000000000,"CURRENTDEBT_DEBT":95.624245559579,"ISSUED_COMMON_SHARES":345662343,"HK_COMMON_SHARES":345662343,"PER_SHARES":10000,"TOTAL_MARKET_CAP":26270338.068,"HKSK_MARKET_CAP":26270338.068,"PE_TTM":-0.474669751688,"PB_TTM":19.227275178751,"REPORT_DATE_SQ":"2020-06-30 00:00:00","REPORT_TYPE_SQ":"2020年中报","OPERATE_INCOME_SQ":32206000,"DPS_HKD":null,"OPERATE_INCOME_QOQ_SQ":-19.779625426856,"NET_PROFIT_RATIO_SQ":-64.509718686,"HOLDER_PROFIT_SQ":-28728000,"HOLDER_PROFIT_QOQ_SQ":-2090.82369942197,"ROE_AVG_SQ":-3.844522603881,"PE_TTM_SQ":-0.453859049356,"PB_TTM_SQ":0.213795719883,"ROA_SQ":-3.345711261876,"START_DATE":"2021-01-01 00:00:00","FISCAL_YEAR":"12-31","CURRENCY":"HKD","IS_CNY_CODE":0,"DPS_HKD_LY":null,"ORG_TYPE":"一般企业","PREMIUM_INCOME":null,"PREMIUM_INCOME_YOY":null,"NET_INTEREST_INCOME":null,"NET_INTEREST_INCOME_YOY":null,"FEE_COMMISSION_INCOME":null,"FEE_COMMISSION_INCOME_YOY":null,"ACCOUNTS_RECE_TDAYS":3.703857540542,"INVENTORY_TDAYS":12.148148148148,"CURRENT_ASSETS_TDAYS":0.437267534364,"TOTAL_ASSETS_TDAYS":0.112021511038,"PREMIUM_EXPENSE":null,"LOAN_DEPOSIT":null,"LOAN_EQUITY":null,"LOAN_ASSETS":null,"DEPOSIT_EQUITY":null,"DEPOSIT_ASSETS":null,"EQUITY_MULTIPLIER":1.226705717162,"EQUITY_RATIO":0.22902089847},{"SECUCODE":"01736.HK","SECURITY_CODE":"01736","SECURITY_NAME_ABBR":"中国育儿网络","ORG_CODE":"10443227","STD_REPORT_DATE":"2020-12-31 00:00:00","REPORT_DATE":"2020-12-31 00:00:00","DATE_TYPE_CODE":"001","REPORT_TYPE":"2020年年报","PER_NETCASH_OPERATE":-0.001858311998,"PER_OI":0.089958485349,"BPS":0.932577720796,"BASIC_EPS":-0.0938,"DILUTED_EPS":-0.0938,"OPERATE_INCOME":92267000,"OPERATE_INCOME_YOY":-2.1496595754,"GROSS_PROFIT":30116000,"GROSS_PROFIT_YOY":-35.778564421888,"HOLDER_PROFIT":-96175000,"HOLDER_PROFIT_YOY":-594.8037248547,"GROSS_PROFIT_RATIO":32.640055491129,"EPS_TTM":-0.09376870743,"OPERATE_INCOME_QOQ":21.976917890618,"NET_PROFIT_RATIO":-104.6072810431,"ROE_AVG":-25.200681800614,"GROSS_PROFIT_QOQ":35.249472313289,"ROA":-21.498898509775,"HOLDER_PROFIT_QOQ":-217.189406681838,"ROE_YEARLY":-25.200681800614,"ROIC_YEARLY":-24.481728115995,"TOTAL_ASSETS":371726000,"TOTAL_LIABILITIES":45923000,"TAX_EBT":10.676143409777,"OCF_SALES":-2.065743982139,"TOTAL_PARENT_EQUITY":322357000,"DEBT_ASSET_RATIO":12.3539919188,"OPERATE_PROFIT":-59931000,"PRETAX_PROFIT":-108054000,"NETCASH_OPERATE":-1906000,"NETCASH_INVEST":21208000,"NETCASH_FINANCE":-32856000,"END_CASH":44090000,"DIVI_RATIO":null,"DIVIDEND_RATE":null,"CURRENT_RATIO":2.111612599906,"COMMON_ACS":2000000000,"CURRENTDEBT_DEBT":92.633320993838,"ISSUED_COMMON_SHARES":345662343,"HK_COMMON_SHARES":345662343,"PER_SHARES":10000,"TOTAL_MARKET_CAP":26270338.068,"HKSK_MARKET_CAP":26270338.068,"PE_TTM":-0.474669751688,"PB_TTM":19.227275178751,"REPORT_DATE_SQ":"2019-12-31 00:00:00","REPORT_TYPE_SQ":"2019年年报","OPERATE_INCOME_SQ":94294000,"DPS_HKD":null,"OPERATE_INCOME_QOQ_SQ":-17.466958424508,"NET_PROFIT_RATIO_SQ":2.557957028,"HOLDER_PROFIT_SQ":19437000,"HOLDER_PROFIT_QOQ_SQ":-105.642070933551,"ROE_AVG_SQ":-0.320775051859,"PE_TTM_SQ":-0.453859049356,"PB_TTM_SQ":0.213795719883,"ROA_SQ":-0.282432840572,"START_DATE":"2020-01-01 00:00:00","FISCAL_YEAR":"12-31","CURRENCY":"HKD","IS_CNY_CODE":0,"DPS_HKD_LY":null,"ORG_TYPE":"一般企业","PREMIUM_INCOME":null,"PREMIUM_INCOME_YOY":null,"NET_INTEREST_INCOME":null,"NET_INTEREST_INCOME_YOY":null,"FEE_COMMISSION_INCOME":null,"FEE_COMMISSION_INCOME_YOY":null,"ACCOUNTS_RECE_TDAYS":4.746244855967,"INVENTORY_TDAYS":10.0641243624,"CURRENT_ASSETS_TDAYS":0.719077568134,"TOTAL_ASSETS_TDAYS":0.206253066681,"PREMIUM_EXPENSE":null,"LOAN_DEPOSIT":null,"LOAN_EQUITY":null,"LOAN_ASSETS":null,"DEPOSIT_EQUITY":null,"DEPOSIT_ASSETS":null,"EQUITY_MULTIPLIER":1.140953275446,"EQUITY_RATIO":0.142460067565},{"SECUCODE":"01736.HK","SECURITY_CODE":"01736","SECURITY_NAME_ABBR":"中国育儿网络","ORG_CODE":"10443227","STD_REPORT_DATE":"2020-06-30 00:00:00","REPORT_DATE":"2020-06-30 00:00:00","DATE_TYPE_CODE":"002","REPORT_TYPE":"2020年中报","PER_NETCASH_OPERATE":-0.016320191252,"PER_OI":0.031400207866,"BPS":1.193679347362,"BASIC_EPS":-0.028,"DILUTED_EPS":-0.028,"OPERATE_INCOME":32206000,"OPERATE_INCOME_YOY":-36.673417622,"GROSS_PROFIT":6279000,"GROSS_PROFIT_YOY":-79.683556590953,"HOLDER_PROFIT":-28728000,"HOLDER_PROFIT_YOY":-230.9417398244,"GROSS_PROFIT_RATIO":19.496367136558,"EPS_TTM":-0.02956237045,"OPERATE_INCOME_QOQ":-19.779625426856,"NET_PROFIT_RATIO":-64.509718686,"ROE_AVG":-3.844522603881,"GROSS_PROFIT_QOQ":-52.51631338764,"ROA":-3.345711261876,"HOLDER_PROFIT_QOQ":-2090.82369942197,"ROE_YEARLY":-7.689045207762,"ROIC_YEARLY":-7.449355213289,"TOTAL_ASSETS":457807000,"TOTAL_LIABILITIES":45777000,"TAX_EBT":-0.510188587567,"OCF_SALES":-51.974787306713,"TOTAL_PARENT_EQUITY":412610000,"DEBT_ASSET_RATIO":9.9991917992,"OPERATE_PROFIT":-32446000,"PRETAX_PROFIT":-32929000,"NETCASH_OPERATE":-16739000,"NETCASH_INVEST":29106000,"NETCASH_FINANCE":-31189000,"END_CASH":38896000,"DIVI_RATIO":null,"DIVIDEND_RATE":null,"CURRENT_RATIO":3.071081689682,"COMMON_ACS":2000000000,"CURRENTDEBT_DEBT":80.518601044193,"ISSUED_COMMON_SHARES":345662343,"HK_COMMON_SHARES":345662343,"PER_SHARES":10000,"TOTAL_MARKET_CAP":26270338.068,"HKSK_MARKET_CAP":26270338.068,"PE_TTM":-0.474669751688,"PB_TTM":19.227275178751,"REPORT_DATE_SQ":"2019-06-30 00:00:00","REPORT_TYPE_SQ":"2019年中报","OPERATE_INCOME_SQ":50857000,"DPS_HKD":null,"OPERATE_INCOME_QOQ_SQ":4.135334919289,"NET_PROFIT_RATIO_SQ":24.5452936666,"HOLDER_PROFIT_SQ":12530000,"HOLDER_PROFIT_QOQ_SQ":-18.685981370372,"ROE_AVG_SQ":2.929236610081,"PE_TTM_SQ":-0.453859049356,"PB_TTM_SQ":0.213795719883,"ROA_SQ":2.614913773584,"START_DATE":"2020-01-01 00:00:00","FISCAL_YEAR":"12-31","CURRENCY":"HKD","IS_CNY_CODE":0,"DPS_HKD_LY":null,"ORG_TYPE":"一般企业","PREMIUM_INCOME":null,"PREMIUM_INCOME_YOY":null,"NET_INTEREST_INCOME":null,"NET_INTEREST_INCOME_YOY":null,"FEE_COMMISSION_INCOME":null,"FEE_COMMISSION_INCOME_YOY":null,"ACCOUNTS_RECE_TDAYS":1.41397023313,"INVENTORY_TDAYS":2.716291251964,"CURRENT_ASSETS_TDAYS":0.230046965124,"TOTAL_ASSETS_TDAYS":0.065674393186,"PREMIUM_EXPENSE":null,"LOAN_DEPOSIT":null,"LOAN_EQUITY":null,"LOAN_ASSETS":null,"DEPOSIT_EQUITY":null,"DEPOSIT_ASSETS":null,"EQUITY_MULTIPLIER":1.111101133413,"EQUITY_RATIO":0.110944960132}],"count":31},"success":true,"message":"ok","code":0}