{"version":"db507013559f0450247444ae992ac8ad","result":{"pages":4,"data":[{"SECUCODE":"01733.HK","SECURITY_CODE":"01733","SECURITY_NAME_ABBR":"易大宗","ORG_CODE":"10152811","STD_REPORT_DATE":"2024-06-30 00:00:00","REPORT_DATE":"2024-06-30 00:00:00","DATE_TYPE_CODE":"002","REPORT_TYPE":"2024年中报","PER_NETCASH_OPERATE":0.128177803262,"PER_OI":6.715781517966,"BPS":3.022220722811,"BASIC_EPS":0.26832792,"DILUTED_EPS":0.26832792,"OPERATE_INCOME":18120366973.6,"OPERATE_INCOME_YOY":7.246731136,"GROSS_PROFIT":1124308587.68,"GROSS_PROFIT_YOY":-3.939009749953,"HOLDER_PROFIT":714499752.12,"HOLDER_PROFIT_YOY":-7.31052659,"GROSS_PROFIT_RATIO":6.204667870789,"EPS_TTM":0.689121063291,"OPERATE_INCOME_QOQ":2.860865027293,"NET_PROFIT_RATIO":4.1810323552,"ROE_AVG":8.991976919422,"GROSS_PROFIT_QOQ":-1.37508739929,"ROA":4.367334919525,"HOLDER_PROFIT_QOQ":-3.337957514696,"ROE_YEARLY":17.983953838844,"ROIC_YEARLY":10.45589327592,"TOTAL_ASSETS":16461266238.48,"TOTAL_LIABILITIES":7927871608.2,"TAX_EBT":11.621595724294,"OCF_SALES":1.90860591457,"TOTAL_PARENT_EQUITY":8139568646.88,"DEBT_ASSET_RATIO":48.1607641438,"OPERATE_PROFIT":821877466.8,"PRETAX_PROFIT":857243816.8,"NETCASH_OPERATE":345846395.8,"NETCASH_INVEST":-682456470,"NETCASH_FINANCE":-346188650.8,"END_CASH":2001327442.04,"DIVI_RATIO":0.251856472317,"DIVIDEND_RATE":18.365384615385,"CURRENT_RATIO":1.494719733362,"COMMON_ACS":6000000000,"CURRENTDEBT_DEBT":95.097005479277,"ISSUED_COMMON_SHARES":2693240962,"HK_COMMON_SHARES":2693240962,"PER_SHARES":2000,"TOTAL_MARKET_CAP":2800970600.48,"HKSK_MARKET_CAP":2800970600.48,"PE_TTM":1.359103981755,"PB_TTM":0.314069449937,"REPORT_DATE_SQ":"2023-06-30 00:00:00","REPORT_TYPE_SQ":"2023年中报","OPERATE_INCOME_SQ":17068128012.58,"DPS_HKD":0.191,"OPERATE_INCOME_QOQ_SQ":8.835769464482,"NET_PROFIT_RATIO_SQ":4.8341250609,"HOLDER_PROFIT_SQ":778707995.92,"HOLDER_PROFIT_QOQ_SQ":11.912166284062,"ROE_AVG_SQ":11.878510945836,"PE_TTM_SQ":2.425899867817,"PB_TTM_SQ":0.600345176876,"ROA_SQ":6.382991426231,"START_DATE":"2024-01-01 00:00:00","FISCAL_YEAR":"12-31","CURRENCY":"HKD","IS_CNY_CODE":0,"DPS_HKD_LY":0.196,"ORG_TYPE":"一般企业","PREMIUM_INCOME":null,"PREMIUM_INCOME_YOY":null,"NET_INTEREST_INCOME":null,"NET_INTEREST_INCOME_YOY":null,"FEE_COMMISSION_INCOME":null,"FEE_COMMISSION_INCOME_YOY":null,"ACCOUNTS_RECE_TDAYS":3.598520174865,"INVENTORY_TDAYS":6.130298954282,"CURRENT_ASSETS_TDAYS":1.62120303449,"TOTAL_ASSETS_TDAYS":1.107596065689,"PREMIUM_EXPENSE":null,"LOAN_DEPOSIT":null,"LOAN_EQUITY":null,"LOAN_ASSETS":null,"DEPOSIT_EQUITY":null,"DEPOSIT_ASSETS":null,"EQUITY_MULTIPLIER":1.929040780566,"EQUITY_RATIO":0.97399161456},{"SECUCODE":"01733.HK","SECURITY_CODE":"01733","SECURITY_NAME_ABBR":"易大宗","ORG_CODE":"10152811","STD_REPORT_DATE":"2023-12-31 00:00:00","REPORT_DATE":"2023-12-31 00:00:00","DATE_TYPE_CODE":"001","REPORT_TYPE":"2023年年报","PER_NETCASH_OPERATE":0.678277295819,"PER_OI":13.592198392239,"BPS":2.85808026191,"BASIC_EPS":0.71863246,"DILUTED_EPS":0.71863246,"OPERATE_INCOME":36780447556.3,"OPERATE_INCOME_YOY":17.9356234193,"GROSS_PROFIT":3352704072.76,"GROSS_PROFIT_YOY":17.366108602238,"HOLDER_PROFIT":1923578820.8,"HOLDER_PROFIT_YOY":27.4286386656,"GROSS_PROFIT_RATIO":9.115452082599,"EPS_TTM":0.710857716329,"OPERATE_INCOME_QOQ":9.932030345117,"NET_PROFIT_RATIO":5.4065935203,"ROE_AVG":27.543882881143,"GROSS_PROFIT_QOQ":18.296931139865,"ROA":13.646619331719,"HOLDER_PROFIT_QOQ":15.515599160566,"ROE_YEARLY":27.543882881143,"ROIC_YEARLY":16.792907112235,"TOTAL_ASSETS":16143824472.3,"TOTAL_LIABILITIES":8154627013.54,"TAX_EBT":17.583275649734,"OCF_SALES":4.990195671411,"TOTAL_PARENT_EQUITY":7697498834.06,"DEBT_ASSET_RATIO":50.512361724,"OPERATE_PROFIT":2290093156.26,"PRETAX_PROFIT":2412822530.86,"NETCASH_OPERATE":1835416301.88,"NETCASH_INVEST":-1661958544.12,"NETCASH_FINANCE":482588430.38,"END_CASH":2678290617.66,"DIVI_RATIO":0.345320919168,"DIVIDEND_RATE":20.534351145038,"CURRENT_RATIO":1.45312062756,"COMMON_ACS":6000000000,"CURRENTDEBT_DEBT":92.88722006884,"ISSUED_COMMON_SHARES":2693240962,"HK_COMMON_SHARES":2693240962,"PER_SHARES":2000,"TOTAL_MARKET_CAP":3528145660.22,"HKSK_MARKET_CAP":3528145660.22,"PE_TTM":1.711948284711,"PB_TTM":0.395606710978,"REPORT_DATE_SQ":"2022-12-31 00:00:00","REPORT_TYPE_SQ":"2022年年报","OPERATE_INCOME_SQ":30741220670.58,"DPS_HKD":0.269,"OPERATE_INCOME_QOQ_SQ":-18.959515298491,"NET_PROFIT_RATIO_SQ":4.9540286417,"HOLDER_PROFIT_SQ":1487962715.96,"HOLDER_PROFIT_QOQ_SQ":-46.576594670874,"ROE_AVG_SQ":23.550907027355,"PE_TTM_SQ":2.366001105649,"PB_TTM_SQ":0.585521839175,"ROA_SQ":11.590962900002,"START_DATE":"2023-01-01 00:00:00","FISCAL_YEAR":"12-31","CURRENCY":"HKD","IS_CNY_CODE":0,"DPS_HKD_LY":0.145,"ORG_TYPE":"一般企业","PREMIUM_INCOME":null,"PREMIUM_INCOME_YOY":null,"NET_INTEREST_INCOME":null,"NET_INTEREST_INCOME_YOY":null,"FEE_COMMISSION_INCOME":null,"FEE_COMMISSION_INCOME_YOY":null,"ACCOUNTS_RECE_TDAYS":9.09771862517,"INVENTORY_TDAYS":14.257856614004,"CURRENT_ASSETS_TDAYS":3.852680619092,"TOTAL_ASSETS_TDAYS":2.609348581008,"PREMIUM_EXPENSE":null,"LOAN_DEPOSIT":null,"LOAN_EQUITY":null,"LOAN_ASSETS":null,"DEPOSIT_EQUITY":null,"DEPOSIT_ASSETS":null,"EQUITY_MULTIPLIER":2.020706654908,"EQUITY_RATIO":1.059386586388},{"SECUCODE":"01733.HK","SECURITY_CODE":"01733","SECURITY_NAME_ABBR":"易大宗","ORG_CODE":"10152811","STD_REPORT_DATE":"2023-06-30 00:00:00","REPORT_DATE":"2023-06-30 00:00:00","DATE_TYPE_CODE":"002","REPORT_TYPE":"2023年中报","PER_NETCASH_OPERATE":0.584590491022,"PER_OI":6.307519281162,"BPS":2.499698228702,"BASIC_EPS":0.28950172,"DILUTED_EPS":0.28950172,"OPERATE_INCOME":17068128012.58,"OPERATE_INCOME_YOY":10.3106555523,"GROSS_PROFIT":1170411198.92,"GROSS_PROFIT_YOY":-6.044838898538,"HOLDER_PROFIT":778707995.92,"HOLDER_PROFIT_YOY":20.0907145549,"GROSS_PROFIT_RATIO":7.166779626556,"EPS_TTM":0.615378114726,"OPERATE_INCOME_QOQ":8.835769464482,"NET_PROFIT_RATIO":4.8341250609,"ROE_AVG":11.878510945836,"GROSS_PROFIT_QOQ":-0.786852650071,"ROA":6.382991426231,"HOLDER_PROFIT_QOQ":11.912166284062,"ROE_YEARLY":23.757021891671,"ROIC_YEARLY":16.34578506546,"TOTAL_ASSETS":12142489507.72,"TOTAL_LIABILITIES":5147077817.3,"TAX_EBT":16.599163117527,"OCF_SALES":9.268152263412,"TOTAL_PARENT_EQUITY":6732289662.18,"DEBT_ASSET_RATIO":42.3889830337,"OPERATE_PROFIT":977889789.18,"PRETAX_PROFIT":989312199.4,"NETCASH_OPERATE":1581900092.72,"NETCASH_INVEST":-540248932.68,"NETCASH_FINANCE":-325565889.68,"END_CASH":2728390520.54,"DIVI_RATIO":0.398899528803,"DIVIDEND_RATE":20.534351145038,"CURRENT_RATIO":1.773143595603,"COMMON_ACS":6000000000,"CURRENTDEBT_DEBT":89.750180694242,"ISSUED_COMMON_SHARES":2693240962,"HK_COMMON_SHARES":2693240962,"PER_SHARES":2000,"TOTAL_MARKET_CAP":3528145660.22,"HKSK_MARKET_CAP":3528145660.22,"PE_TTM":1.711948284711,"PB_TTM":0.395606710978,"REPORT_DATE_SQ":"2022-06-30 00:00:00","REPORT_TYPE_SQ":"2022年中报","OPERATE_INCOME_SQ":14351904623.56,"DPS_HKD":0.269,"OPERATE_INCOME_QOQ_SQ":12.655883569577,"NET_PROFIT_RATIO_SQ":4.2966909314,"HOLDER_PROFIT_SQ":601459402.95,"HOLDER_PROFIT_QOQ_SQ":-1.607515374741,"ROE_AVG_SQ":10.027471626578,"PE_TTM_SQ":2.366001105649,"PB_TTM_SQ":0.585521839175,"ROA_SQ":4.435975244873,"START_DATE":"2023-01-01 00:00:00","FISCAL_YEAR":"12-31","CURRENCY":"HKD","IS_CNY_CODE":0,"DPS_HKD_LY":0.145,"ORG_TYPE":"一般企业","PREMIUM_INCOME":null,"PREMIUM_INCOME_YOY":null,"NET_INTEREST_INCOME":null,"NET_INTEREST_INCOME_YOY":null,"FEE_COMMISSION_INCOME":null,"FEE_COMMISSION_INCOME_YOY":null,"ACCOUNTS_RECE_TDAYS":4.660134622406,"INVENTORY_TDAYS":12.415146925656,"CURRENT_ASSETS_TDAYS":2.07915818249,"TOTAL_ASSETS_TDAYS":1.399057353166,"PREMIUM_EXPENSE":null,"LOAN_DEPOSIT":null,"LOAN_EQUITY":null,"LOAN_ASSETS":null,"DEPOSIT_EQUITY":null,"DEPOSIT_ASSETS":null,"EQUITY_MULTIPLIER":1.735779114236,"EQUITY_RATIO":0.764536001208},{"SECUCODE":"01733.HK","SECURITY_CODE":"01733","SECURITY_NAME_ABBR":"易大宗","ORG_CODE":"10152811","STD_REPORT_DATE":"2022-12-31 00:00:00","REPORT_DATE":"2022-12-31 00:00:00","DATE_TYPE_CODE":"001","REPORT_TYPE":"2022年年报","PER_NETCASH_OPERATE":0.676571465419,"PER_OI":10.718984114253,"BPS":2.294736988624,"BASIC_EPS":0.53060238,"DILUTED_EPS":0.53060238,"OPERATE_INCOME":30741220670.58,"OPERATE_INCOME_YOY":-16.4369963666,"GROSS_PROFIT":2856620290.72,"GROSS_PROFIT_YOY":-40.108545235262,"HOLDER_PROFIT":1487962715.96,"HOLDER_PROFIT_YOY":-51.8881973656,"GROSS_PROFIT_RATIO":9.292475147071,"EPS_TTM":0.518829388263,"OPERATE_INCOME_QOQ":-18.959515298491,"NET_PROFIT_RATIO":4.9540286417,"ROE_AVG":23.550907027355,"GROSS_PROFIT_QOQ":-41.695756962702,"ROA":11.590962900002,"HOLDER_PROFIT_QOQ":-46.576594670874,"ROE_YEARLY":23.550907027355,"ROIC_YEARLY":14.687443637997,"TOTAL_ASSETS":11875302887.84,"TOTAL_LIABILITIES":5444768282.94,"TAX_EBT":16.379477782508,"OCF_SALES":6.311899133423,"TOTAL_PARENT_EQUITY":6180279654.78,"DEBT_ASSET_RATIO":45.849510824,"OPERATE_PROFIT":1886303073.41,"PRETAX_PROFIT":1821238179.88,"NETCASH_OPERATE":1940354841.11,"NETCASH_INVEST":-672169596.14,"NETCASH_FINANCE":-1886325405.16,"END_CASH":2028585798.82,"DIVI_RATIO":0.473130561902,"DIVIDEND_RATE":20.534351145038,"CURRENT_RATIO":1.573802772735,"COMMON_ACS":6000000000,"CURRENTDEBT_DEBT":93.022107773798,"ISSUED_COMMON_SHARES":2693240962,"HK_COMMON_SHARES":2693240962,"PER_SHARES":2000,"TOTAL_MARKET_CAP":3528145660.22,"HKSK_MARKET_CAP":3528145660.22,"PE_TTM":1.711948284711,"PB_TTM":0.395606710978,"REPORT_DATE_SQ":"2021-12-31 00:00:00","REPORT_TYPE_SQ":"2021年年报","OPERATE_INCOME_SQ":33671712177.6,"DPS_HKD":0.269,"OPERATE_INCOME_QOQ_SQ":99.611115102916,"NET_PROFIT_RATIO_SQ":8.4858849521,"HOLDER_PROFIT_SQ":2830730694.4,"HOLDER_PROFIT_QOQ_SQ":252.457328018337,"ROE_AVG_SQ":62.08090497611,"PE_TTM_SQ":2.366001105649,"PB_TTM_SQ":0.585521839175,"ROA_SQ":28.684194937704,"START_DATE":"2022-01-01 00:00:00","FISCAL_YEAR":"12-31","CURRENCY":"HKD","IS_CNY_CODE":0,"DPS_HKD_LY":0.302,"ORG_TYPE":"一般企业","PREMIUM_INCOME":null,"PREMIUM_INCOME_YOY":null,"NET_INTEREST_INCOME":null,"NET_INTEREST_INCOME_YOY":null,"FEE_COMMISSION_INCOME":null,"FEE_COMMISSION_INCOME_YOY":null,"ACCOUNTS_RECE_TDAYS":7.728210364582,"INVENTORY_TDAYS":15.041022216312,"CURRENT_ASSETS_TDAYS":3.366444744527,"TOTAL_ASSETS_TDAYS":2.394685998994,"PREMIUM_EXPENSE":null,"LOAN_DEPOSIT":null,"LOAN_EQUITY":null,"LOAN_ASSETS":null,"DEPOSIT_EQUITY":null,"DEPOSIT_ASSETS":null,"EQUITY_MULTIPLIER":1.846705385707,"EQUITY_RATIO":0.880990600276},{"SECUCODE":"01733.HK","SECURITY_CODE":"01733","SECURITY_NAME_ABBR":"易大宗","ORG_CODE":"10152811","STD_REPORT_DATE":"2022-06-30 00:00:00","REPORT_DATE":"2022-06-30 00:00:00","DATE_TYPE_CODE":"002","REPORT_TYPE":"2022年中报","PER_NETCASH_OPERATE":0.196359641748,"PER_OI":5.004285266279,"BPS":2.159326035889,"BASIC_EPS":0.21037674,"DILUTED_EPS":0.21037674,"OPERATE_INCOME":14351904623.56,"OPERATE_INCOME_YOY":38.3889426221,"GROSS_PROFIT":1245712513.5,"GROSS_PROFIT_YOY":11.636152072623,"HOLDER_PROFIT":601459402.95,"HOLDER_PROFIT_YOY":-9.5457901086,"GROSS_PROFIT_RATIO":8.679771404382,"EPS_TTM":0.971164951142,"OPERATE_INCOME_QOQ":12.655883569577,"NET_PROFIT_RATIO":4.2966909314,"ROE_AVG":10.027471626578,"GROSS_PROFIT_QOQ":2.722291971829,"ROA":4.435975244873,"HOLDER_PROFIT_QOQ":-1.607515374741,"ROE_YEARLY":20.054943253155,"ROIC_YEARLY":11.414115336681,"TOTAL_ASSETS":13906377999.64,"TOTAL_LIABILITIES":7866297597.76,"TAX_EBT":14.673539396909,"OCF_SALES":3.923829903771,"TOTAL_PARENT_EQUITY":5815585330.17,"DEBT_ASSET_RATIO":56.5661137498,"OPERATE_PROFIT":808441893.84,"PRETAX_PROFIT":722703110.01,"NETCASH_OPERATE":563144325.38,"NETCASH_INVEST":-372951779.76,"NETCASH_FINANCE":-103780727.26,"END_CASH":2814720199.41,"DIVI_RATIO":0.252762457821,"DIVIDEND_RATE":20.534351145038,"CURRENT_RATIO":1.367751401178,"COMMON_ACS":6000000000,"CURRENTDEBT_DEBT":97.63187865937,"ISSUED_COMMON_SHARES":2693240962,"HK_COMMON_SHARES":2693240962,"PER_SHARES":2000,"TOTAL_MARKET_CAP":3528145660.22,"HKSK_MARKET_CAP":3528145660.22,"PE_TTM":1.711948284711,"PB_TTM":0.395606710978,"REPORT_DATE_SQ":"2021-06-30 00:00:00","REPORT_TYPE_SQ":"2021年中报","OPERATE_INCOME_SQ":10090451934.48,"DPS_HKD":0.269,"OPERATE_INCOME_QOQ_SQ":-8.80319628513,"NET_PROFIT_RATIO_SQ":6.4916320333,"HOLDER_PROFIT_SQ":646963834.08,"HOLDER_PROFIT_QOQ_SQ":106.386663250491,"ROE_AVG_SQ":17.90717186464,"PE_TTM_SQ":2.366001105649,"PB_TTM_SQ":0.585521839175,"ROA_SQ":8.220215757854,"START_DATE":"2022-01-01 00:00:00","FISCAL_YEAR":"12-31","CURRENCY":"HKD","IS_CNY_CODE":0,"DPS_HKD_LY":0.302,"ORG_TYPE":"一般企业","PREMIUM_INCOME":null,"PREMIUM_INCOME_YOY":null,"NET_INTEREST_INCOME":null,"NET_INTEREST_INCOME_YOY":null,"FEE_COMMISSION_INCOME":null,"FEE_COMMISSION_INCOME_YOY":null,"ACCOUNTS_RECE_TDAYS":3.1878790826,"INVENTORY_TDAYS":6.532399914581,"CURRENT_ASSETS_TDAYS":1.409962637358,"TOTAL_ASSETS_TDAYS":1.058503588349,"PREMIUM_EXPENSE":null,"LOAN_DEPOSIT":null,"LOAN_EQUITY":null,"LOAN_ASSETS":null,"DEPOSIT_EQUITY":null,"DEPOSIT_ASSETS":null,"EQUITY_MULTIPLIER":2.302349815624,"EQUITY_RATIO":1.352623536783},{"SECUCODE":"01733.HK","SECURITY_CODE":"01733","SECURITY_NAME_ABBR":"易大宗","ORG_CODE":"10152811","STD_REPORT_DATE":"2021-12-31 00:00:00","REPORT_DATE":"2021-12-31 00:00:00","DATE_TYPE_CODE":"001","REPORT_TYPE":"2021年年报","PER_NETCASH_OPERATE":0.745063242887,"PER_OI":11.124222291248,"BPS":2.194001937804,"BASIC_EPS":0.9410576,"DILUTED_EPS":0.9222528,"OPERATE_INCOME":33671712177.6,"OPERATE_INCOME_YOY":87.3914721494,"GROSS_PROFIT":4769662553.6,"GROSS_PROFIT_YOY":289.67630431939,"HOLDER_PROFIT":2830730694.4,"HOLDER_PROFIT_YOY":648.8134889395,"GROSS_PROFIT_RATIO":14.165191625667,"EPS_TTM":0.935196800361,"OPERATE_INCOME_QOQ":99.611115102916,"NET_PROFIT_RATIO":8.4858849521,"ROE_AVG":62.08090497611,"GROSS_PROFIT_QOQ":190.407410939638,"ROA":28.684194937704,"HOLDER_PROFIT_QOQ":252.457328018337,"ROE_YEARLY":62.08090497611,"ROIC_YEARLY":34.576969556185,"TOTAL_ASSETS":12630279076.8,"TOTAL_LIABILITIES":6517674184,"TAX_EBT":14.124895598438,"OCF_SALES":6.697665898618,"TOTAL_PARENT_EQUITY":5908975889.6,"DEBT_ASSET_RATIO":51.6035642947,"OPERATE_PROFIT":3373264708.8,"PRETAX_PROFIT":3327323764.8,"NETCASH_OPERATE":2255218784,"NETCASH_INVEST":-373124841.6,"NETCASH_FINANCE":125013492.8,"END_CASH":2664879716.8,"DIVI_RATIO":0.262483832179,"DIVIDEND_RATE":20.534351145038,"CURRENT_RATIO":1.485637592685,"COMMON_ACS":6000000000,"CURRENTDEBT_DEBT":97.288902074397,"ISSUED_COMMON_SHARES":2693240962,"HK_COMMON_SHARES":2693240962,"PER_SHARES":2000,"TOTAL_MARKET_CAP":3528145660.22,"HKSK_MARKET_CAP":3528145660.22,"PE_TTM":1.711948284711,"PB_TTM":0.395606710978,"REPORT_DATE_SQ":"2020-12-31 00:00:00","REPORT_TYPE_SQ":"2020年年报","OPERATE_INCOME_SQ":18496981505.12,"DPS_HKD":0.269,"OPERATE_INCOME_QOQ_SQ":-30.363762499326,"NET_PROFIT_RATIO_SQ":2.0591557437,"HOLDER_PROFIT_SQ":389144036.96,"HOLDER_PROFIT_QOQ_SQ":28.144816555397,"ROE_AVG_SQ":12.864626409178,"PE_TTM_SQ":2.366001105649,"PB_TTM_SQ":0.585521839175,"ROA_SQ":5.133100764152,"START_DATE":"2021-01-01 00:00:00","FISCAL_YEAR":"12-31","CURRENCY":"HKD","IS_CNY_CODE":0,"DPS_HKD_LY":0.064,"ORG_TYPE":"一般企业","PREMIUM_INCOME":null,"PREMIUM_INCOME_YOY":null,"NET_INTEREST_INCOME":null,"NET_INTEREST_INCOME_YOY":null,"FEE_COMMISSION_INCOME":null,"FEE_COMMISSION_INCOME_YOY":null,"ACCOUNTS_RECE_TDAYS":10.913020655021,"INVENTORY_TDAYS":22.931816346263,"CURRENT_ASSETS_TDAYS":4.981608307938,"TOTAL_ASSETS_TDAYS":3.412002271708,"PREMIUM_EXPENSE":null,"LOAN_DEPOSIT":null,"LOAN_EQUITY":null,"LOAN_ASSETS":null,"DEPOSIT_EQUITY":null,"DEPOSIT_ASSETS":null,"EQUITY_MULTIPLIER":2.066267867513,"EQUITY_RATIO":1.103012485712},{"SECUCODE":"01733.HK","SECURITY_CODE":"01733","SECURITY_NAME_ABBR":"易大宗","ORG_CODE":"10152811","STD_REPORT_DATE":"2021-06-30 00:00:00","REPORT_DATE":"2021-06-30 00:00:00","DATE_TYPE_CODE":"002","REPORT_TYPE":"2021年中报","PER_NETCASH_OPERATE":-0.127040765373,"PER_OI":3.333612194897,"BPS":1.469745381334,"BASIC_EPS":0.21384456,"DILUTED_EPS":0.21384456,"OPERATE_INCOME":10090451934.48,"OPERATE_INCOME_YOY":-5.4757476647,"GROSS_PROFIT":1115868372.72,"GROSS_PROFIT_YOY":59.987823284022,"HOLDER_PROFIT":646963834.08,"HOLDER_PROFIT_YOY":204.8607489717,"GROSS_PROFIT_RATIO":11.058656044007,"EPS_TTM":0.265336177182,"OPERATE_INCOME_QOQ":-8.80319628513,"NET_PROFIT_RATIO":6.4916320333,"ROE_AVG":17.90717186464,"GROSS_PROFIT_QOQ":34.182630897248,"ROA":8.220215757854,"HOLDER_PROFIT_QOQ":106.386663250491,"ROE_YEARLY":35.814343729279,"ROIC_YEARLY":17.760144872252,"TOTAL_ASSETS":8507996365.92,"TOTAL_LIABILITIES":4638927543.84,"TAX_EBT":13.613443902717,"OCF_SALES":-3.810904146781,"TOTAL_PARENT_EQUITY":3958378464.72,"DEBT_ASSET_RATIO":54.5243244628,"OPERATE_PROFIT":740591139.84,"PRETAX_PROFIT":758260358.64,"NETCASH_OPERATE":-384537451.2,"NETCASH_INVEST":6952860.48,"NETCASH_FINANCE":526183261.68,"END_CASH":754996940.88,"DIVI_RATIO":0.925143501377,"DIVIDEND_RATE":20.534351145038,"CURRENT_RATIO":1.233068920014,"COMMON_ACS":6000000000,"CURRENTDEBT_DEBT":94.387865468912,"ISSUED_COMMON_SHARES":2693240962,"HK_COMMON_SHARES":2693240962,"PER_SHARES":2000,"TOTAL_MARKET_CAP":3528145660.22,"HKSK_MARKET_CAP":3528145660.22,"PE_TTM":1.711948284711,"PB_TTM":0.395606710978,"REPORT_DATE_SQ":"2020-06-30 00:00:00","REPORT_TYPE_SQ":"2020年中报","OPERATE_INCOME_SQ":11718777523.2,"DPS_HKD":0.269,"OPERATE_INCOME_QOQ_SQ":-1.328010178186,"NET_PROFIT_RATIO_SQ":1.9312307472,"HOLDER_PROFIT_SQ":232966477.92,"HOLDER_PROFIT_QOQ_SQ":8.515403232326,"ROE_AVG_SQ":7.590130624957,"PE_TTM_SQ":2.366001105649,"PB_TTM_SQ":0.585521839175,"ROA_SQ":2.960627449688,"START_DATE":"2021-01-01 00:00:00","FISCAL_YEAR":"12-31","CURRENCY":"HKD","IS_CNY_CODE":0,"DPS_HKD_LY":0.064,"ORG_TYPE":"一般企业","PREMIUM_INCOME":null,"PREMIUM_INCOME_YOY":null,"NET_INTEREST_INCOME":null,"NET_INTEREST_INCOME_YOY":null,"FEE_COMMISSION_INCOME":null,"FEE_COMMISSION_INCOME_YOY":null,"ACCOUNTS_RECE_TDAYS":3.868812444229,"INVENTORY_TDAYS":11.229073910678,"CURRENT_ASSETS_TDAYS":2.108834484023,"TOTAL_ASSETS_TDAYS":1.282076178395,"PREMIUM_EXPENSE":null,"LOAN_DEPOSIT":null,"LOAN_EQUITY":null,"LOAN_ASSETS":null,"DEPOSIT_EQUITY":null,"DEPOSIT_ASSETS":null,"EQUITY_MULTIPLIER":2.198977779191,"EQUITY_RATIO":1.171926228173},{"SECUCODE":"01733.HK","SECURITY_CODE":"01733","SECURITY_NAME_ABBR":"易大宗","ORG_CODE":"10152811","STD_REPORT_DATE":"2020-12-31 00:00:00","REPORT_DATE":"2020-12-31 00:00:00","DATE_TYPE_CODE":"001","REPORT_TYPE":"2020年年报","PER_NETCASH_OPERATE":0.82453951391,"PER_OI":6.110902020508,"BPS":1.227113519195,"BASIC_EPS":0.12792928,"DILUTED_EPS":0.12792928,"OPERATE_INCOME":18496981505.12,"OPERATE_INCOME_YOY":-26.8685510493,"GROSS_PROFIT":1224006310.04,"GROSS_PROFIT_YOY":12.307136366462,"HOLDER_PROFIT":389144036.96,"HOLDER_PROFIT_YOY":48.0019461979,"GROSS_PROFIT_RATIO":6.617330020583,"EPS_TTM":0.128562656619,"OPERATE_INCOME_QOQ":-30.363762499326,"NET_PROFIT_RATIO":2.0591557437,"ROE_AVG":12.864626409178,"GROSS_PROFIT_QOQ":-0.294136713819,"ROA":5.133100764152,"HOLDER_PROFIT_QOQ":28.144816555397,"ROE_YEARLY":12.864626409178,"ROIC_YEARLY":5.495807634609,"TOTAL_ASSETS":7315902676.68,"TOTAL_LIABILITIES":4108738351.36,"TAX_EBT":18.050251256281,"OCF_SALES":13.492926431208,"TOTAL_PARENT_EQUITY":3304912394.92,"DEBT_ASSET_RATIO":56.1617415231,"OPERATE_PROFIT":582854216.08,"PRETAX_PROFIT":464774649,"NETCASH_OPERATE":2495784106.48,"NETCASH_INVEST":-470551665.96,"NETCASH_FINANCE":-2051544631.84,"END_CASH":607511743.16,"DIVI_RATIO":1.909372802771,"DIVIDEND_RATE":20.534351145038,"CURRENT_RATIO":1.118106802278,"COMMON_ACS":6000000000,"CURRENTDEBT_DEBT":91.826477152802,"ISSUED_COMMON_SHARES":2693240962,"HK_COMMON_SHARES":2693240962,"PER_SHARES":2000,"TOTAL_MARKET_CAP":3528145660.22,"HKSK_MARKET_CAP":3528145660.22,"PE_TTM":1.711948284711,"PB_TTM":0.395606710978,"REPORT_DATE_SQ":"2019-12-31 00:00:00","REPORT_TYPE_SQ":"2019年年报","OPERATE_INCOME_SQ":26919790654.64,"DPS_HKD":0.269,"OPERATE_INCOME_QOQ_SQ":-6.414488959894,"NET_PROFIT_RATIO_SQ":1.0408798305,"HOLDER_PROFIT_SQ":279845255.12,"HOLDER_PROFIT_QOQ_SQ":-52.047271820876,"ROE_AVG_SQ":9.602425042337,"PE_TTM_SQ":2.366001105649,"PB_TTM_SQ":0.585521839175,"ROA_SQ":3.651098313212,"START_DATE":"2020-01-01 00:00:00","FISCAL_YEAR":"12-31","CURRENCY":"HKD","IS_CNY_CODE":0,"DPS_HKD_LY":null,"ORG_TYPE":"一般企业","PREMIUM_INCOME":null,"PREMIUM_INCOME_YOY":null,"NET_INTEREST_INCOME":null,"NET_INTEREST_INCOME_YOY":null,"FEE_COMMISSION_INCOME":null,"FEE_COMMISSION_INCOME_YOY":null,"ACCOUNTS_RECE_TDAYS":7.154678318262,"INVENTORY_TDAYS":19.839074659718,"CURRENT_ASSETS_TDAYS":3.820992562669,"TOTAL_ASSETS_TDAYS":2.439890140426,"PREMIUM_EXPENSE":null,"LOAN_DEPOSIT":null,"LOAN_EQUITY":null,"LOAN_ASSETS":null,"DEPOSIT_EQUITY":null,"DEPOSIT_ASSETS":null,"EQUITY_MULTIPLIER":2.281112513917,"EQUITY_RATIO":1.243221562446},{"SECUCODE":"01733.HK","SECURITY_CODE":"01733","SECURITY_NAME_ABBR":"易大宗","ORG_CODE":"10152811","STD_REPORT_DATE":"2020-06-30 00:00:00","REPORT_DATE":"2020-06-30 00:00:00","DATE_TYPE_CODE":"002","REPORT_TYPE":"2020年中报","PER_NETCASH_OPERATE":0.692290398963,"PER_OI":3.853342055141,"BPS":1.173152573609,"BASIC_EPS":0.07672896,"DILUTED_EPS":0.07672896,"OPERATE_INCOME":11718777523.2,"OPERATE_INCOME_YOY":-6.5489617684,"GROSS_PROFIT":697470813.6,"GROSS_PROFIT_YOY":24.608960023912,"HOLDER_PROFIT":232966477.92,"HOLDER_PROFIT_YOY":7.274960357,"GROSS_PROFIT_RATIO":5.951736964194,"EPS_TTM":0.099853798231,"OPERATE_INCOME_QOQ":-1.328010178186,"NET_PROFIT_RATIO":1.9312307472,"ROE_AVG":7.590130624957,"GROSS_PROFIT_QOQ":12.638447394124,"ROA":2.960627449688,"HOLDER_PROFIT_QOQ":8.515403232326,"ROE_YEARLY":15.180261249914,"ROIC_YEARLY":6.474601848974,"TOTAL_ASSETS":7222042111.68,"TOTAL_LIABILITIES":4178212489.44,"TAX_EBT":19.91498989899,"OCF_SALES":17.965973148922,"TOTAL_PARENT_EQUITY":3159582565.92,"DEBT_ASSET_RATIO":57.8536157063,"OPERATE_PROFIT":363444074.4,"PRETAX_PROFIT":282595500,"NETCASH_OPERATE":2105392423.2,"NETCASH_INVEST":-294339598.08,"NETCASH_FINANCE":-1500280441.44,"END_CASH":927988358.88,"DIVI_RATIO":2.458334528573,"DIVIDEND_RATE":20.534351145038,"CURRENT_RATIO":1.170637125346,"COMMON_ACS":6000000000,"CURRENTDEBT_DEBT":95.22536531916,"ISSUED_COMMON_SHARES":2693240962,"HK_COMMON_SHARES":2693240962,"PER_SHARES":2000,"TOTAL_MARKET_CAP":3528145660.22,"HKSK_MARKET_CAP":3528145660.22,"PE_TTM":1.711948284711,"PB_TTM":0.395606710978,"REPORT_DATE_SQ":"2019-06-30 00:00:00","REPORT_TYPE_SQ":"2019年中报","OPERATE_INCOME_SQ":12076275083.04,"DPS_HKD":0.269,"OPERATE_INCOME_QOQ_SQ":0.035673751116,"NET_PROFIT_RATIO_SQ":1.7591852302,"HOLDER_PROFIT_SQ":209136526.02,"HOLDER_PROFIT_QOQ_SQ":-24.293835784992,"ROE_AVG_SQ":7.32971493138,"PE_TTM_SQ":2.366001105649,"PB_TTM_SQ":0.585521839175,"ROA_SQ":2.961962317633,"START_DATE":"2020-01-01 00:00:00","FISCAL_YEAR":"12-31","CURRENCY":"HKD","IS_CNY_CODE":0,"DPS_HKD_LY":null,"ORG_TYPE":"一般企业","PREMIUM_INCOME":null,"PREMIUM_INCOME_YOY":null,"NET_INTEREST_INCOME":null,"NET_INTEREST_INCOME_YOY":null,"FEE_COMMISSION_INCOME":null,"FEE_COMMISSION_INCOME_YOY":null,"ACCOUNTS_RECE_TDAYS":4.539906174725,"INVENTORY_TDAYS":11.733624103802,"CURRENT_ASSETS_TDAYS":2.213814546648,"TOTAL_ASSETS_TDAYS":1.489267242297,"PREMIUM_EXPENSE":null,"LOAN_DEPOSIT":null,"LOAN_EQUITY":null,"LOAN_ASSETS":null,"DEPOSIT_EQUITY":null,"DEPOSIT_ASSETS":null,"EQUITY_MULTIPLIER":2.372682773999,"EQUITY_RATIO":1.322393829649}],"count":33},"success":true,"message":"ok","code":0}