{"version":"541af109bbbd33488d327442695eb02e","result":{"pages":3,"data":[{"SECUCODE":"01730.HK","SECURITY_CODE":"01730","SECURITY_NAME_ABBR":"LHN","ORG_CODE":"10678798","STD_REPORT_DATE":"2024-12-31 00:00:00","REPORT_DATE":"2024-09-30 00:00:00","DATE_TYPE_CODE":"001","REPORT_TYPE":"2024年年报","PER_NETCASH_OPERATE":0.371732545739,"PER_OI":1.583563110912,"BPS":3.32596537043,"BASIC_EPS":0.62831188,"DILUTED_EPS":0.62831188,"OPERATE_INCOME":662360035.1,"OPERATE_INCOME_YOY":29.2351885866,"GROSS_PROFIT":340497970.3,"GROSS_PROFIT_YOY":24.813814956317,"HOLDER_PROFIT":258822899,"HOLDER_PROFIT_YOY":23.760173772,"GROSS_PROFIT_RATIO":51.406780641376,"EPS_TTM":0.618790949629,"OPERATE_INCOME_QOQ":0,"NET_PROFIT_RATIO":39.5575974418,"ROE_AVG":20.10736114802,"GROSS_PROFIT_QOQ":0,"ROA":7.561246254553,"HOLDER_PROFIT_QOQ":0,"ROE_YEARLY":20.10736114802,"ROIC_YEARLY":8.346990520721,"TOTAL_ASSETS":3813541144.9,"TOTAL_LIABILITIES":2406757413.3,"TAX_EBT":6.899904708193,"OCF_SALES":23.474438320622,"TOTAL_PARENT_EQUITY":1391158031.1,"DEBT_ASSET_RATIO":63.110828541,"OPERATE_PROFIT":297194803.1,"PRETAX_PROFIT":281432275.1,"NETCASH_OPERATE":155485297.9,"NETCASH_INVEST":-546302949.6,"NETCASH_FINANCE":307949444.6,"END_CASH":237165842.3,"DIVI_RATIO":0.254925674163,"DIVIDEND_RATE":5.825503355705,"CURRENT_RATIO":1.314827500311,"COMMON_ACS":null,"CURRENTDEBT_DEBT":21.910070200094,"ISSUED_COMMON_SHARES":418271953,"HK_COMMON_SHARES":418271953,"PER_SHARES":2000,"TOTAL_MARKET_CAP":1246450419.94,"HKSK_MARKET_CAP":1246450419.94,"PE_TTM":4.342878970057,"PB_TTM":0.80798622436,"REPORT_DATE_SQ":"2023-12-31 00:00:00","REPORT_TYPE_SQ":"2023年年报","OPERATE_INCOME_SQ":492558075.6,"DPS_HKD":0.1736,"OPERATE_INCOME_QOQ_SQ":0,"NET_PROFIT_RATIO_SQ":42.9509632224,"HOLDER_PROFIT_SQ":200986038.9,"HOLDER_PROFIT_QOQ_SQ":0,"ROE_AVG_SQ":19.005814502932,"PE_TTM_SQ":3.566156570062,"PB_TTM_SQ":0.630296903238,"ROA_SQ":7.470680643115,"START_DATE":"2023-10-01 00:00:00","FISCAL_YEAR":"9-30","CURRENCY":"HKD","IS_CNY_CODE":0,"DPS_HKD_LY":0.1158,"ORG_TYPE":"一般企业","PREMIUM_INCOME":null,"PREMIUM_INCOME_YOY":null,"NET_INTEREST_INCOME":null,"NET_INTEREST_INCOME_YOY":null,"FEE_COMMISSION_INCOME":null,"FEE_COMMISSION_INCOME_YOY":null,"ACCOUNTS_RECE_TDAYS":9.341644152837,"INVENTORY_TDAYS":2063.43859649123,"CURRENT_ASSETS_TDAYS":0.915210272776,"TOTAL_ASSETS_TDAYS":0.193501709235,"PREMIUM_EXPENSE":null,"LOAN_DEPOSIT":null,"LOAN_EQUITY":null,"LOAN_ASSETS":null,"DEPOSIT_EQUITY":null,"DEPOSIT_ASSETS":null,"EQUITY_MULTIPLIER":2.710822608503,"EQUITY_RATIO":1.730038830597},{"SECUCODE":"01730.HK","SECURITY_CODE":"01730","SECURITY_NAME_ABBR":"LHN","ORG_CODE":"10678798","STD_REPORT_DATE":"2024-06-30 00:00:00","REPORT_DATE":"2024-03-31 00:00:00","DATE_TYPE_CODE":"002","REPORT_TYPE":"2024年中报","PER_NETCASH_OPERATE":0.188652559486,"PER_OI":0.703763586533,"BPS":2.842451650589,"BASIC_EPS":0.16725554,"DILUTED_EPS":0.16567268,"OPERATE_INCOME":287800881.4,"OPERATE_INCOME_YOY":27.199589581,"GROSS_PROFIT":183564274.2,"GROSS_PROFIT_YOY":38.619857289815,"HOLDER_PROFIT":68448142.6,"HOLDER_PROFIT_YOY":-23.4043809411,"GROSS_PROFIT_RATIO":63.781692852036,"EPS_TTM":0.434569586118,"OPERATE_INCOME_QOQ":0,"NET_PROFIT_RATIO":24.3056446734,"ROE_AVG":5.876384390642,"GROSS_PROFIT_QOQ":0,"ROA":2.256733190399,"HOLDER_PROFIT_QOQ":0,"ROE_YEARLY":11.752768781283,"ROIC_YEARLY":5.112623130748,"TOTAL_ASSETS":3142726320.4,"TOTAL_LIABILITIES":1940428074,"TAX_EBT":13.079394217531,"OCF_SALES":26.806240489853,"TOTAL_PARENT_EQUITY":1188917803.2,"DEBT_ASSET_RATIO":61.7434633555,"OPERATE_PROFIT":90339096.4,"PRETAX_PROFIT":80477878.6,"NETCASH_OPERATE":77148596.4,"NETCASH_INVEST":-152967590.4,"NETCASH_FINANCE":91985270.8,"END_CASH":325029748.6,"DIVI_RATIO":0.3629929591,"DIVIDEND_RATE":5.864864864865,"CURRENT_RATIO":1.535603934002,"COMMON_ACS":null,"CURRENTDEBT_DEBT":26.928243195475,"ISSUED_COMMON_SHARES":418271953,"HK_COMMON_SHARES":418271953,"PER_SHARES":2000,"TOTAL_MARKET_CAP":1238084980.88,"HKSK_MARKET_CAP":1238084980.88,"PE_TTM":4.313732131332,"PB_TTM":0.802563498022,"REPORT_DATE_SQ":"2023-06-30 00:00:00","REPORT_TYPE_SQ":"2023年中报","OPERATE_INCOME_SQ":221962408,"DPS_HKD":0.1736,"OPERATE_INCOME_QOQ_SQ":0,"NET_PROFIT_RATIO_SQ":32.9156028624,"HOLDER_PROFIT_SQ":87665912,"HOLDER_PROFIT_QOQ_SQ":0,"ROE_AVG_SQ":8.795905596049,"PE_TTM_SQ":3.70058760307,"PB_TTM_SQ":0.654056786501,"ROA_SQ":3.271671175509,"START_DATE":"2023-10-01 00:00:00","FISCAL_YEAR":"9-30","CURRENCY":"HKD","IS_CNY_CODE":0,"DPS_HKD_LY":0.1158,"ORG_TYPE":"一般企业","PREMIUM_INCOME":null,"PREMIUM_INCOME_YOY":null,"NET_INTEREST_INCOME":null,"NET_INTEREST_INCOME_YOY":null,"FEE_COMMISSION_INCOME":null,"FEE_COMMISSION_INCOME_YOY":null,"ACCOUNTS_RECE_TDAYS":4.255998127414,"INVENTORY_TDAYS":1519.69230769231,"CURRENT_ASSETS_TDAYS":0.376365304869,"TOTAL_ASSETS_TDAYS":0.094887863514,"PREMIUM_EXPENSE":null,"LOAN_DEPOSIT":null,"LOAN_EQUITY":null,"LOAN_ASSETS":null,"DEPOSIT_EQUITY":null,"DEPOSIT_ASSETS":null,"EQUITY_MULTIPLIER":2.613932383092,"EQUITY_RATIO":1.632096069869},{"SECUCODE":"01730.HK","SECURITY_CODE":"01730","SECURITY_NAME_ABBR":"LHN","ORG_CODE":"10678798","STD_REPORT_DATE":"2023-12-31 00:00:00","REPORT_DATE":"2023-09-30 00:00:00","DATE_TYPE_CODE":"001","REPORT_TYPE":"2023年年报","PER_NETCASH_OPERATE":0.695479916879,"PER_OI":1.204459264244,"BPS":2.718706842388,"BASIC_EPS":0.49127466,"DILUTED_EPS":0.49127466,"OPERATE_INCOME":492558075.6,"OPERATE_INCOME_YOY":10.869848336,"GROSS_PROFIT":272804713.5,"GROSS_PROFIT_YOY":9.826499094518,"HOLDER_PROFIT":200986038.9,"HOLDER_PROFIT_YOY":-16.6390331166,"GROSS_PROFIT_RATIO":61.920678313613,"EPS_TTM":0.491474018047,"OPERATE_INCOME_QOQ":0,"NET_PROFIT_RATIO":42.9509632224,"ROE_AVG":19.005814502932,"GROSS_PROFIT_QOQ":0,"ROA":7.470680643115,"HOLDER_PROFIT_QOQ":0,"ROE_YEARLY":19.005814502932,"ROIC_YEARLY":8.387496131229,"TOTAL_ASSETS":2914368572.7,"TOTAL_LIABILITIES":1767452637.6,"TAX_EBT":17.686986033155,"OCF_SALES":57.742087053095,"TOTAL_PARENT_EQUITY":1137158820.6,"DEBT_ASSET_RATIO":60.6461603435,"OPERATE_PROFIT":158601764.7,"PRETAX_PROFIT":120888281.7,"NETCASH_OPERATE":284413312.8,"NETCASH_INVEST":-70004009.1,"NETCASH_FINANCE":-104340636.3,"END_CASH":308124942,"DIVI_RATIO":0.320964474636,"DIVIDEND_RATE":5.864864864865,"CURRENT_RATIO":1.422223369116,"COMMON_ACS":null,"CURRENTDEBT_DEBT":28.831273956622,"ISSUED_COMMON_SHARES":418271953,"HK_COMMON_SHARES":418271953,"PER_SHARES":2000,"TOTAL_MARKET_CAP":1238084980.88,"HKSK_MARKET_CAP":1238084980.88,"PE_TTM":4.313732131332,"PB_TTM":0.802563498022,"REPORT_DATE_SQ":"2022-12-31 00:00:00","REPORT_TYPE_SQ":"2022年年报","OPERATE_INCOME_SQ":419924697.1,"DPS_HKD":0.1736,"OPERATE_INCOME_QOQ_SQ":0,"NET_PROFIT_RATIO_SQ":42.5097519951,"HOLDER_PROFIT_SQ":227892784.6,"HOLDER_PROFIT_QOQ_SQ":0,"ROE_AVG_SQ":27.644061152489,"PE_TTM_SQ":3.70058760307,"PB_TTM_SQ":0.654056786501,"ROA_SQ":10.713642961152,"START_DATE":"2022-10-01 00:00:00","FISCAL_YEAR":"9-30","CURRENCY":"HKD","IS_CNY_CODE":0,"DPS_HKD_LY":0.1156,"ORG_TYPE":"一般企业","PREMIUM_INCOME":null,"PREMIUM_INCOME_YOY":null,"NET_INTEREST_INCOME":null,"NET_INTEREST_INCOME_YOY":null,"FEE_COMMISSION_INCOME":null,"FEE_COMMISSION_INCOME_YOY":null,"ACCOUNTS_RECE_TDAYS":4.894626803262,"INVENTORY_TDAYS":478.644295302013,"CURRENT_ASSETS_TDAYS":0.787149269539,"TOTAL_ASSETS_TDAYS":0.183084561551,"PREMIUM_EXPENSE":null,"LOAN_DEPOSIT":null,"LOAN_EQUITY":null,"LOAN_ASSETS":null,"DEPOSIT_EQUITY":null,"DEPOSIT_ASSETS":null,"EQUITY_MULTIPLIER":2.541048113039,"EQUITY_RATIO":1.554270701315},{"SECUCODE":"01730.HK","SECURITY_CODE":"01730","SECURITY_NAME_ABBR":"LHN","ORG_CODE":"10678798","STD_REPORT_DATE":"2023-06-30 00:00:00","REPORT_DATE":"2023-03-31 00:00:00","DATE_TYPE_CODE":"002","REPORT_TYPE":"2023年中报","PER_NETCASH_OPERATE":0.351230262035,"PER_OI":0.542767831598,"BPS":2.465131655624,"BASIC_EPS":0.2142864,"DILUTED_EPS":0.2142864,"OPERATE_INCOME":221962408,"OPERATE_INCOME_YOY":-6.0205133404,"GROSS_PROFIT":132422784,"GROSS_PROFIT_YOY":-9.619515661044,"HOLDER_PROFIT":87665912,"HOLDER_PROFIT_YOY":-47.3940862219,"GROSS_PROFIT_RATIO":59.367470962638,"EPS_TTM":0.402147644649,"OPERATE_INCOME_QOQ":0,"NET_PROFIT_RATIO":32.9156028624,"ROE_AVG":8.795905596049,"GROSS_PROFIT_QOQ":0,"ROA":3.271671175509,"HOLDER_PROFIT_QOQ":0,"ROE_YEARLY":17.591811192098,"ROIC_YEARLY":7.18680516659,"TOTAL_ASSETS":2932136712,"TOTAL_LIABILITIES":1863240952,"TAX_EBT":12.874670849908,"OCF_SALES":49.89391923478,"TOTAL_PARENT_EQUITY":1031095432,"DEBT_ASSET_RATIO":63.5455006028,"OPERATE_PROFIT":110316088,"PRETAX_PROFIT":92386424,"NETCASH_OPERATE":143634000,"NETCASH_INVEST":-182629984,"NETCASH_FINANCE":18592192,"END_CASH":174384616,"DIVI_RATIO":0.392258172089,"DIVIDEND_RATE":5.864864864865,"CURRENT_RATIO":1.044297402778,"COMMON_ACS":null,"CURRENTDEBT_DEBT":28.044569514163,"ISSUED_COMMON_SHARES":418271953,"HK_COMMON_SHARES":418271953,"PER_SHARES":2000,"TOTAL_MARKET_CAP":1238084980.88,"HKSK_MARKET_CAP":1238084980.88,"PE_TTM":4.313732131332,"PB_TTM":0.802563498022,"REPORT_DATE_SQ":"2022-06-30 00:00:00","REPORT_TYPE_SQ":"2022年中报","OPERATE_INCOME_SQ":277748269.2,"DPS_HKD":0.1736,"OPERATE_INCOME_QOQ_SQ":0,"NET_PROFIT_RATIO_SQ":57.2007907943,"HOLDER_PROFIT_SQ":151102267.2,"HOLDER_PROFIT_QOQ_SQ":0,"ROE_AVG_SQ":20.154369096133,"PE_TTM_SQ":3.70058760307,"PB_TTM_SQ":0.654056786501,"ROA_SQ":7.759446552582,"START_DATE":"2022-10-01 00:00:00","FISCAL_YEAR":"9-30","CURRENCY":"HKD","IS_CNY_CODE":0,"DPS_HKD_LY":0.1156,"ORG_TYPE":"一般企业","PREMIUM_INCOME":null,"PREMIUM_INCOME_YOY":null,"NET_INTEREST_INCOME":null,"NET_INTEREST_INCOME_YOY":null,"FEE_COMMISSION_INCOME":null,"FEE_COMMISSION_INCOME_YOY":null,"ACCOUNTS_RECE_TDAYS":1.977496483826,"INVENTORY_TDAYS":146.271844660194,"CURRENT_ASSETS_TDAYS":0.541102187544,"TOTAL_ASSETS_TDAYS":0.10743567777,"PREMIUM_EXPENSE":null,"LOAN_DEPOSIT":null,"LOAN_EQUITY":null,"LOAN_ASSETS":null,"DEPOSIT_EQUITY":null,"DEPOSIT_ASSETS":null,"EQUITY_MULTIPLIER":2.743145610379,"EQUITY_RATIO":1.807049953064},{"SECUCODE":"01730.HK","SECURITY_CODE":"01730","SECURITY_NAME_ABBR":"LHN","ORG_CODE":"10678798","STD_REPORT_DATE":"2022-12-31 00:00:00","REPORT_DATE":"2022-09-30 00:00:00","DATE_TYPE_CODE":"001","REPORT_TYPE":"2022年年报","PER_NETCASH_OPERATE":0.501223996162,"PER_OI":1.026847831275,"BPS":2.20970808626,"BASIC_EPS":0.55732757,"DILUTED_EPS":0.55732757,"OPERATE_INCOME":419924697.1,"OPERATE_INCOME_YOY":-7.6088843334,"GROSS_PROFIT":248396075.4,"GROSS_PROFIT_YOY":-21.640559408027,"HOLDER_PROFIT":227892784.6,"HOLDER_PROFIT_YOY":63.3396286926,"GROSS_PROFIT_RATIO":52.828078588555,"EPS_TTM":0.557269465802,"OPERATE_INCOME_QOQ":0,"NET_PROFIT_RATIO":42.5097519951,"ROE_AVG":27.644061152489,"GROSS_PROFIT_QOQ":0,"ROA":10.713642961152,"HOLDER_PROFIT_QOQ":0,"ROE_YEARLY":27.644061152489,"ROIC_YEARLY":11.946592440271,"TOTAL_ASSETS":2331160526.2,"TOTAL_LIABILITIES":1375709163.6,"TAX_EBT":9.035652726118,"OCF_SALES":36.885803242315,"TOTAL_PARENT_EQUITY":924258916.8,"DEBT_ASSET_RATIO":59.0139180952,"OPERATE_PROFIT":219634790.9,"PRETAX_PROFIT":274015245.5,"NETCASH_OPERATE":204973247.6,"NETCASH_INVEST":-180726266.7,"NETCASH_FINANCE":-9799220.7,"END_CASH":197590273.1,"DIVI_RATIO":0.283068981311,"DIVIDEND_RATE":5.864864864865,"CURRENT_RATIO":1.104412267449,"COMMON_ACS":null,"CURRENTDEBT_DEBT":32.770646313081,"ISSUED_COMMON_SHARES":418271953,"HK_COMMON_SHARES":418271953,"PER_SHARES":2000,"TOTAL_MARKET_CAP":1238084980.88,"HKSK_MARKET_CAP":1238084980.88,"PE_TTM":4.313732131332,"PB_TTM":0.802563498022,"REPORT_DATE_SQ":"2021-12-31 00:00:00","REPORT_TYPE_SQ":"2021年年报","OPERATE_INCOME_SQ":576237646.4,"DPS_HKD":0.1736,"OPERATE_INCOME_QOQ_SQ":0,"NET_PROFIT_RATIO_SQ":23.8541210313,"HOLDER_PROFIT_SQ":133669681.6,"HOLDER_PROFIT_QOQ_SQ":0,"ROE_AVG_SQ":20.992119446304,"PE_TTM_SQ":3.70058760307,"PB_TTM_SQ":0.654056786501,"ROA_SQ":7.682641713982,"START_DATE":"2021-10-01 00:00:00","FISCAL_YEAR":"9-30","CURRENCY":"HKD","IS_CNY_CODE":0,"DPS_HKD_LY":0.0656,"ORG_TYPE":"一般企业","PREMIUM_INCOME":null,"PREMIUM_INCOME_YOY":null,"NET_INTEREST_INCOME":null,"NET_INTEREST_INCOME_YOY":null,"FEE_COMMISSION_INCOME":null,"FEE_COMMISSION_INCOME_YOY":null,"ACCOUNTS_RECE_TDAYS":2.955318404479,"INVENTORY_TDAYS":466.592920353982,"CURRENT_ASSETS_TDAYS":1.113899325314,"TOTAL_ASSETS_TDAYS":0.261242920951,"PREMIUM_EXPENSE":null,"LOAN_DEPOSIT":null,"LOAN_EQUITY":null,"LOAN_ASSETS":null,"DEPOSIT_EQUITY":null,"DEPOSIT_ASSETS":null,"EQUITY_MULTIPLIER":2.439852636616,"EQUITY_RATIO":1.488445649367},{"SECUCODE":"01730.HK","SECURITY_CODE":"01730","SECURITY_NAME_ABBR":"LHN","ORG_CODE":"10678798","STD_REPORT_DATE":"2022-06-30 00:00:00","REPORT_DATE":"2022-03-31 00:00:00","DATE_TYPE_CODE":"002","REPORT_TYPE":"2022年中报","PER_NETCASH_OPERATE":0.224454427413,"PER_OI":0.679181791017,"BPS":1.949755348765,"BASIC_EPS":0.36935484,"DILUTED_EPS":0.36935484,"OPERATE_INCOME":277748269.2,"OPERATE_INCOME_YOY":-8.2152051863,"GROSS_PROFIT":146517010.8,"GROSS_PROFIT_YOY":-14.607400177161,"HOLDER_PROFIT":151102267.2,"HOLDER_PROFIT_YOY":117.4083327706,"GROSS_PROFIT_RATIO":52.751727750461,"EPS_TTM":0.519755002991,"OPERATE_INCOME_QOQ":0,"NET_PROFIT_RATIO":57.2007907943,"ROE_AVG":20.154369096133,"GROSS_PROFIT_QOQ":0,"ROA":7.759446552582,"HOLDER_PROFIT_QOQ":0,"ROE_YEARLY":40.308738192267,"ROIC_YEARLY":17.27496495617,"TOTAL_ASSETS":2079298794,"TOTAL_LIABILITIES":1243899807.6,"TAX_EBT":5.691600501463,"OCF_SALES":33.047768709552,"TOTAL_PARENT_EQUITY":815527977.6,"DEBT_ASSET_RATIO":59.823042806,"OPERATE_PROFIT":135262717.2,"PRETAX_PROFIT":168462414,"NETCASH_OPERATE":91789605.6,"NETCASH_INVEST":-111271078.8,"NETCASH_FINANCE":24451572,"END_CASH":177628233.6,"DIVI_RATIO":0.303500108883,"DIVIDEND_RATE":5.864864864865,"CURRENT_RATIO":1.172405317842,"COMMON_ACS":null,"CURRENTDEBT_DEBT":33.771878525371,"ISSUED_COMMON_SHARES":418271953,"HK_COMMON_SHARES":418271953,"PER_SHARES":2000,"TOTAL_MARKET_CAP":1238084980.88,"HKSK_MARKET_CAP":1238084980.88,"PE_TTM":4.313732131332,"PB_TTM":0.802563498022,"REPORT_DATE_SQ":"2021-06-30 00:00:00","REPORT_TYPE_SQ":"2021年中报","OPERATE_INCOME_SQ":314446310.4,"DPS_HKD":0.1736,"OPERATE_INCOME_QOQ_SQ":0,"NET_PROFIT_RATIO_SQ":23.6731908558,"HOLDER_PROFIT_SQ":72220531.2,"HOLDER_PROFIT_QOQ_SQ":0,"ROE_AVG_SQ":11.65636204067,"PE_TTM_SQ":3.70058760307,"PB_TTM_SQ":0.654056786501,"ROA_SQ":4.157711728431,"START_DATE":"2021-10-01 00:00:00","FISCAL_YEAR":"9-30","CURRENCY":"HKD","IS_CNY_CODE":0,"DPS_HKD_LY":0.0656,"ORG_TYPE":"一般企业","PREMIUM_INCOME":null,"PREMIUM_INCOME_YOY":null,"NET_INTEREST_INCOME":null,"NET_INTEREST_INCOME_YOY":null,"FEE_COMMISSION_INCOME":null,"FEE_COMMISSION_INCOME_YOY":null,"ACCOUNTS_RECE_TDAYS":1.831576992712,"INVENTORY_TDAYS":286.789743589744,"CURRENT_ASSETS_TDAYS":0.576024060619,"TOTAL_ASSETS_TDAYS":0.142630080267,"PREMIUM_EXPENSE":null,"LOAN_DEPOSIT":null,"LOAN_EQUITY":null,"LOAN_ASSETS":null,"DEPOSIT_EQUITY":null,"DEPOSIT_ASSETS":null,"EQUITY_MULTIPLIER":2.488988887763,"EQUITY_RATIO":1.525269324617},{"SECUCODE":"01730.HK","SECURITY_CODE":"01730","SECURITY_NAME_ABBR":"LHN","ORG_CODE":"10678798","STD_REPORT_DATE":"2021-12-31 00:00:00","REPORT_DATE":"2021-09-30 00:00:00","DATE_TYPE_CODE":"001","REPORT_TYPE":"2021年年报","PER_NETCASH_OPERATE":0.662860401413,"PER_OI":1.409082108272,"BPS":1.659499467324,"BASIC_EPS":0.33056608,"DILUTED_EPS":0.33056608,"OPERATE_INCOME":576237646.4,"OPERATE_INCOME_YOY":-9.861935878,"GROSS_PROFIT":316995723.2,"GROSS_PROFIT_YOY":0.07920460352,"HOLDER_PROFIT":133669681.6,"HOLDER_PROFIT_YOY":16.2317760106,"GROSS_PROFIT_RATIO":55.011283136464,"EPS_TTM":0.326864372603,"OPERATE_INCOME_QOQ":0,"NET_PROFIT_RATIO":23.8541210313,"ROE_AVG":20.992119446304,"GROSS_PROFIT_QOQ":0,"ROA":7.682641713982,"HOLDER_PROFIT_QOQ":0,"ROE_YEARLY":20.992119446304,"ROIC_YEARLY":8.669473801278,"TOTAL_ASSETS":1842443865.6,"TOTAL_LIABILITIES":1136142280,"TAX_EBT":15.762741549419,"OCF_SALES":47.041999718955,"TOTAL_PARENT_EQUITY":694122083.2,"DEBT_ASSET_RATIO":61.6649603938,"OPERATE_PROFIT":168879256,"PRETAX_PROFIT":163177705.6,"NETCASH_OPERATE":271073712,"NETCASH_INVEST":-210214305.6,"NETCASH_FINANCE":-71957662.4,"END_CASH":175290523.2,"DIVI_RATIO":0.482602917974,"DIVIDEND_RATE":5.864864864865,"CURRENT_RATIO":1.120661212297,"COMMON_ACS":null,"CURRENTDEBT_DEBT":37.611990357405,"ISSUED_COMMON_SHARES":418271953,"HK_COMMON_SHARES":418271953,"PER_SHARES":2000,"TOTAL_MARKET_CAP":1238084980.88,"HKSK_MARKET_CAP":1238084980.88,"PE_TTM":4.313732131332,"PB_TTM":0.802563498022,"REPORT_DATE_SQ":"2020-12-31 00:00:00","REPORT_TYPE_SQ":"2020年年报","OPERATE_INCOME_SQ":667964679.7,"DPS_HKD":0.1736,"OPERATE_INCOME_QOQ_SQ":0,"NET_PROFIT_RATIO_SQ":18.3938962694,"HOLDER_PROFIT_SQ":120162273.6,"HOLDER_PROFIT_QOQ_SQ":0,"ROE_AVG_SQ":22.254175423073,"PE_TTM_SQ":3.70058760307,"PB_TTM_SQ":0.654056786501,"ROA_SQ":9.099063110053,"START_DATE":"2020-10-01 00:00:00","FISCAL_YEAR":"9-30","CURRENCY":"HKD","IS_CNY_CODE":0,"DPS_HKD_LY":0.101823,"ORG_TYPE":"一般企业","PREMIUM_INCOME":null,"PREMIUM_INCOME_YOY":null,"NET_INTEREST_INCOME":null,"NET_INTEREST_INCOME_YOY":null,"FEE_COMMISSION_INCOME":null,"FEE_COMMISSION_INCOME_YOY":null,"ACCOUNTS_RECE_TDAYS":3.176166347239,"INVENTORY_TDAYS":659.709090909091,"CURRENT_ASSETS_TDAYS":1.155374947473,"TOTAL_ASSETS_TDAYS":0.331191585587,"PREMIUM_EXPENSE":null,"LOAN_DEPOSIT":null,"LOAN_EQUITY":null,"LOAN_ASSETS":null,"DEPOSIT_EQUITY":null,"DEPOSIT_ASSETS":null,"EQUITY_MULTIPLIER":2.608579540474,"EQUITY_RATIO":1.636804688251},{"SECUCODE":"01730.HK","SECURITY_CODE":"01730","SECURITY_NAME_ABBR":"LHN","ORG_CODE":"10678798","STD_REPORT_DATE":"2021-06-30 00:00:00","REPORT_DATE":"2021-03-31 00:00:00","DATE_TYPE_CODE":"002","REPORT_TYPE":"2021年中报","PER_NETCASH_OPERATE":0.300766702763,"PER_OI":0.781339059659,"BPS":1.544310846011,"BASIC_EPS":0.17946624,"DILUTED_EPS":0.17946624,"OPERATE_INCOME":314446310.4,"OPERATE_INCOME_YOY":24.9113698444,"GROSS_PROFIT":171580454.4,"GROSS_PROFIT_YOY":57.449202092356,"HOLDER_PROFIT":72220531.2,"HOLDER_PROFIT_YOY":366.2783375315,"GROSS_PROFIT_RATIO":54.565898445982,"EPS_TTM":0.431819168036,"OPERATE_INCOME_QOQ":0,"NET_PROFIT_RATIO":23.6731908558,"ROE_AVG":11.65636204067,"GROSS_PROFIT_QOQ":0,"ROA":4.157711728431,"HOLDER_PROFIT_QOQ":0,"ROE_YEARLY":23.31272408134,"ROIC_YEARLY":9.405271690031,"TOTAL_ASSETS":1797661632,"TOTAL_LIABILITIES":1140073920,"TAX_EBT":16.480630334865,"OCF_SALES":38.493749806135,"TOTAL_PARENT_EQUITY":645941913.6,"DEBT_ASSET_RATIO":63.4198282761,"OPERATE_PROFIT":96848371.2,"PRETAX_PROFIT":89128396.8,"NETCASH_OPERATE":121042176,"NETCASH_INVEST":-66519552,"NETCASH_FINANCE":-67909440,"END_CASH":177330201.6,"DIVI_RATIO":0.365304997269,"DIVIDEND_RATE":5.864864864865,"CURRENT_RATIO":1.149702360743,"COMMON_ACS":null,"CURRENTDEBT_DEBT":37.797882579403,"ISSUED_COMMON_SHARES":418271953,"HK_COMMON_SHARES":418271953,"PER_SHARES":2000,"TOTAL_MARKET_CAP":1238084980.88,"HKSK_MARKET_CAP":1238084980.88,"PE_TTM":4.313732131332,"PB_TTM":0.802563498022,"REPORT_DATE_SQ":"2020-06-30 00:00:00","REPORT_TYPE_SQ":"2020年中报","OPERATE_INCOME_SQ":256670315.6,"DPS_HKD":0.1736,"OPERATE_INCOME_QOQ_SQ":0,"NET_PROFIT_RATIO_SQ":6.7165191112,"HOLDER_PROFIT_SQ":15792342.4,"HOLDER_PROFIT_QOQ_SQ":0,"ROE_AVG_SQ":3.201919538666,"PE_TTM_SQ":3.70058760307,"PB_TTM_SQ":0.654056786501,"ROA_SQ":1.263674723124,"START_DATE":"2020-10-01 00:00:00","FISCAL_YEAR":"9-30","CURRENCY":"HKD","IS_CNY_CODE":0,"DPS_HKD_LY":0.101823,"ORG_TYPE":"一般企业","PREMIUM_INCOME":null,"PREMIUM_INCOME_YOY":null,"NET_INTEREST_INCOME":null,"NET_INTEREST_INCOME_YOY":null,"FEE_COMMISSION_INCOME":null,"FEE_COMMISSION_INCOME_YOY":null,"ACCOUNTS_RECE_TDAYS":1.587658820053,"INVENTORY_TDAYS":352.951807228916,"CURRENT_ASSETS_TDAYS":0.612713632066,"TOTAL_ASSETS_TDAYS":0.181025684939,"PREMIUM_EXPENSE":null,"LOAN_DEPOSIT":null,"LOAN_EQUITY":null,"LOAN_ASSETS":null,"DEPOSIT_EQUITY":null,"DEPOSIT_ASSETS":null,"EQUITY_MULTIPLIER":2.733721447641,"EQUITY_RATIO":1.764979011264},{"SECUCODE":"01730.HK","SECURITY_CODE":"01730","SECURITY_NAME_ABBR":"LHN","ORG_CODE":"10678798","STD_REPORT_DATE":"2020-12-31 00:00:00","REPORT_DATE":"2020-09-30 00:00:00","DATE_TYPE_CODE":"001","REPORT_TYPE":"2020年年报","PER_NETCASH_OPERATE":0.60052435436,"PER_OI":1.659764727588,"BPS":1.447371951569,"BASIC_EPS":0.298614,"DILUTED_EPS":0.298614,"OPERATE_INCOME":667964679.7,"OPERATE_INCOME_YOY":20.8103047869,"GROSS_PROFIT":316744846.7,"GROSS_PROFIT_YOY":124.985441198514,"HOLDER_PROFIT":120162273.6,"HOLDER_PROFIT_YOY":194.9425849011,"GROSS_PROFIT_RATIO":47.419400505167,"EPS_TTM":0.298580313255,"OPERATE_INCOME_QOQ":0,"NET_PROFIT_RATIO":18.3938962694,"ROE_AVG":22.254175423073,"GROSS_PROFIT_QOQ":0,"ROA":9.099063110053,"HOLDER_PROFIT_QOQ":0,"ROE_YEARLY":22.254175423073,"ROIC_YEARLY":10.511765000403,"TOTAL_ASSETS":1710799421.2,"TOTAL_LIABILITIES":1095754119.2,"TAX_EBT":15.801500682128,"OCF_SALES":36.181293913406,"TOTAL_PARENT_EQUITY":605395092.9,"DEBT_ASSET_RATIO":64.0492453774,"OPERATE_PROFIT":168677094.8,"PRETAX_PROFIT":145922708,"NETCASH_OPERATE":241678264,"NETCASH_INVEST":-52347034.2,"NETCASH_FINANCE":-100394026.8,"END_CASH":194731166.3,"DIVI_RATIO":0.528319159024,"DIVIDEND_RATE":5.864864864865,"CURRENT_RATIO":1.156015416795,"COMMON_ACS":null,"CURRENTDEBT_DEBT":42.77778787108,"ISSUED_COMMON_SHARES":418271953,"HK_COMMON_SHARES":418271953,"PER_SHARES":2000,"TOTAL_MARKET_CAP":1238084980.88,"HKSK_MARKET_CAP":1238084980.88,"PE_TTM":4.313732131332,"PB_TTM":0.802563498022,"REPORT_DATE_SQ":"2019-12-31 00:00:00","REPORT_TYPE_SQ":"2019年年报","OPERATE_INCOME_SQ":570523237,"DPS_HKD":0.1736,"OPERATE_INCOME_QOQ_SQ":0,"NET_PROFIT_RATIO_SQ":7.851909194,"HOLDER_PROFIT_SQ":42039203,"HOLDER_PROFIT_QOQ_SQ":0,"ROE_AVG_SQ":8.952465318219,"PE_TTM_SQ":3.70058760307,"PB_TTM_SQ":0.654056786501,"ROA_SQ":4.885778659783,"START_DATE":"2019-10-01 00:00:00","FISCAL_YEAR":"9-30","CURRENCY":"HKD","IS_CNY_CODE":0,"DPS_HKD_LY":0.042661,"ORG_TYPE":"一般企业","PREMIUM_INCOME":null,"PREMIUM_INCOME_YOY":null,"NET_INTEREST_INCOME":null,"NET_INTEREST_INCOME_YOY":null,"FEE_COMMISSION_INCOME":null,"FEE_COMMISSION_INCOME_YOY":null,"ACCOUNTS_RECE_TDAYS":4.329102491735,"INVENTORY_TDAYS":1809.48717948718,"CURRENT_ASSETS_TDAYS":1.682035793062,"TOTAL_ASSETS_TDAYS":0.505803743037,"PREMIUM_EXPENSE":null,"LOAN_DEPOSIT":null,"LOAN_EQUITY":null,"LOAN_ASSETS":null,"DEPOSIT_EQUITY":null,"DEPOSIT_ASSETS":null,"EQUITY_MULTIPLIER":2.781582780383,"EQUITY_RATIO":1.809981831784}],"count":27},"success":true,"message":"ok","code":0}