{"version":"5c7738af6451e1fddff8dcda1348a23b","result":{"pages":3,"data":[{"SECUCODE":"01749.HK","SECURITY_CODE":"01749","SECURITY_NAME_ABBR":"杉杉品牌","ORG_CODE":"10581863","STD_REPORT_DATE":"2024-06-30 00:00:00","REPORT_DATE":"2024-06-30 00:00:00","DATE_TYPE_CODE":"002","REPORT_TYPE":"2024年中报","PER_NETCASH_OPERATE":-0.180667248876,"PER_OI":3.565737001499,"BPS":1.921385104948,"BASIC_EPS":0.099,"DILUTED_EPS":null,"OPERATE_INCOME":475669316,"OPERATE_INCOME_YOY":-4.762815121,"GROSS_PROFIT":196230128,"GROSS_PROFIT_YOY":-3.260108551622,"HOLDER_PROFIT":13209852,"HOLDER_PROFIT_YOY":16.9074698427,"GROSS_PROFIT_RATIO":41.253476185965,"EPS_TTM":0.251243043478,"OPERATE_INCOME_QOQ":-2.244076255508,"NET_PROFIT_RATIO":2.7771082884,"ROE_AVG":5.179443517412,"GROSS_PROFIT_QOQ":-1.664715877014,"ROA":1.904702750586,"HOLDER_PROFIT_QOQ":6.044680117415,"ROE_YEARLY":10.358887034824,"ROIC_YEARLY":4.524727679609,"TOTAL_ASSETS":660687986,"TOTAL_LIABILITIES":404375213,"TAX_EBT":32.612598034847,"OCF_SALES":-5.066757553897,"TOTAL_PARENT_EQUITY":256312773,"DEBT_ASSET_RATIO":61.2051712107,"OPERATE_PROFIT":22920811,"PRETAX_PROFIT":19602851,"NETCASH_OPERATE":-24101011,"NETCASH_INVEST":-34798371,"NETCASH_FINANCE":-8263194,"END_CASH":76061479,"DIVI_RATIO":0.317050521667,"DIVIDEND_RATE":10.341176470588,"CURRENT_RATIO":1.429549785531,"COMMON_ACS":null,"CURRENTDEBT_DEBT":94.735463669481,"ISSUED_COMMON_SHARES":133400000,"HK_COMMON_SHARES":33400000,"PER_SHARES":1000,"TOTAL_MARKET_CAP":113390000,"HKSK_MARKET_CAP":28390000,"PE_TTM":3.056815381688,"PB_TTM":0.403759765808,"REPORT_DATE_SQ":"2023-06-30 00:00:00","REPORT_TYPE_SQ":"2023年中报","OPERATE_INCOME_SQ":499457556,"DPS_HKD":0.0879,"OPERATE_INCOME_QOQ_SQ":9.098644557922,"NET_PROFIT_RATIO_SQ":2.2623359812,"HOLDER_PROFIT_SQ":11299408,"HOLDER_PROFIT_QOQ_SQ":69.19041451546,"ROE_AVG_SQ":4.902400521969,"PE_TTM_SQ":2.586671476932,"PB_TTM_SQ":0.305545710701,"ROA_SQ":1.552606059875,"START_DATE":"2024-01-01 00:00:00","FISCAL_YEAR":"12-31","CURRENCY":"HKD","IS_CNY_CODE":0,"DPS_HKD_LY":0.0879,"ORG_TYPE":"一般企业","PREMIUM_INCOME":null,"PREMIUM_INCOME_YOY":null,"NET_INTEREST_INCOME":null,"NET_INTEREST_INCOME_YOY":null,"FEE_COMMISSION_INCOME":null,"FEE_COMMISSION_INCOME_YOY":null,"ACCOUNTS_RECE_TDAYS":2.376849729172,"INVENTORY_TDAYS":1.19593051021,"CURRENT_ASSETS_TDAYS":0.812419750334,"TOTAL_ASSETS_TDAYS":0.685858293155,"PREMIUM_EXPENSE":null,"LOAN_DEPOSIT":null,"LOAN_EQUITY":null,"LOAN_ASSETS":null,"DEPOSIT_EQUITY":null,"DEPOSIT_ASSETS":null,"EQUITY_MULTIPLIER":2.577663135031,"EQUITY_RATIO":1.577663135032},{"SECUCODE":"01749.HK","SECURITY_CODE":"01749","SECURITY_NAME_ABBR":"杉杉品牌","ORG_CODE":"10581863","STD_REPORT_DATE":"2023-12-31 00:00:00","REPORT_DATE":"2023-12-31 00:00:00","DATE_TYPE_CODE":"001","REPORT_TYPE":"2023年年报","PER_NETCASH_OPERATE":1.005010374813,"PER_OI":7.94637161919,"BPS":1.902360727136,"BASIC_EPS":0.24,"DILUTED_EPS":0.24,"OPERATE_INCOME":1060045974,"OPERATE_INCOME_YOY":20.2957764188,"GROSS_PROFIT":397239138,"GROSS_PROFIT_YOY":2.940231694802,"HOLDER_PROFIT":31605378,"HOLDER_PROFIT_YOY":97.4555311784,"GROSS_PROFIT_RATIO":37.473765076532,"EPS_TTM":0.236921874063,"OPERATE_INCOME_QOQ":10.263309783797,"NET_PROFIT_RATIO":2.9815101208,"ROE_AVG":13.133871147531,"GROSS_PROFIT_QOQ":3.095894629725,"ROA":4.256711961868,"HOLDER_PROFIT_QOQ":16.706098122566,"ROE_YEARLY":13.133871147531,"ROIC_YEARLY":5.151422043601,"TOTAL_ASSETS":726389551,"TOTAL_LIABILITIES":472614630,"TAX_EBT":22.161473076935,"OCF_SALES":12.647412214973,"TOTAL_PARENT_EQUITY":253774921,"DEBT_ASSET_RATIO":65.0635226442,"OPERATE_PROFIT":49877670,"PRETAX_PROFIT":40603772,"NETCASH_OPERATE":134068384,"NETCASH_INVEST":-51605393,"NETCASH_FINANCE":-53927101,"END_CASH":143224055,"DIVI_RATIO":0.336215211512,"DIVIDEND_RATE":9.876404494382,"CURRENT_RATIO":1.382427419011,"COMMON_ACS":null,"CURRENTDEBT_DEBT":95.407858406753,"ISSUED_COMMON_SHARES":133400000,"HK_COMMON_SHARES":33400000,"PER_SHARES":1000,"TOTAL_MARKET_CAP":118726000,"HKSK_MARKET_CAP":29726000,"PE_TTM":3.200665517296,"PB_TTM":0.422760225375,"REPORT_DATE_SQ":"2022-12-31 00:00:00","REPORT_TYPE_SQ":"2022年年报","OPERATE_INCOME_SQ":881199661,"DPS_HKD":0.0879,"OPERATE_INCOME_QOQ_SQ":-1.633579103062,"NET_PROFIT_RATIO_SQ":1.8164245526,"HOLDER_PROFIT_SQ":16006327,"HOLDER_PROFIT_QOQ_SQ":153.496424420934,"ROE_AVG_SQ":7.292097259474,"PE_TTM_SQ":1.828509147486,"PB_TTM_SQ":0.215989209289,"ROA_SQ":2.020992341828,"START_DATE":"2023-01-01 00:00:00","FISCAL_YEAR":"12-31","CURRENCY":"HKD","IS_CNY_CODE":0,"DPS_HKD_LY":0.044,"ORG_TYPE":"一般企业","PREMIUM_INCOME":null,"PREMIUM_INCOME_YOY":null,"NET_INTEREST_INCOME":null,"NET_INTEREST_INCOME_YOY":null,"FEE_COMMISSION_INCOME":null,"FEE_COMMISSION_INCOME_YOY":null,"ACCOUNTS_RECE_TDAYS":4.947351352203,"INVENTORY_TDAYS":2.444415547515,"CURRENT_ASSETS_TDAYS":1.624470157595,"TOTAL_ASSETS_TDAYS":1.427703341392,"PREMIUM_EXPENSE":null,"LOAN_DEPOSIT":null,"LOAN_EQUITY":null,"LOAN_ASSETS":null,"DEPOSIT_EQUITY":null,"DEPOSIT_ASSETS":null,"EQUITY_MULTIPLIER":2.862337807604,"EQUITY_RATIO":1.862337807604},{"SECUCODE":"01749.HK","SECURITY_CODE":"01749","SECURITY_NAME_ABBR":"杉杉品牌","ORG_CODE":"10581863","STD_REPORT_DATE":"2023-06-30 00:00:00","REPORT_DATE":"2023-06-30 00:00:00","DATE_TYPE_CODE":"002","REPORT_TYPE":"2023年中报","PER_NETCASH_OPERATE":0.201593845577,"PER_OI":3.74405964018,"BPS":1.750142061469,"BASIC_EPS":0.0847,"DILUTED_EPS":null,"OPERATE_INCOME":499457556,"OPERATE_INCOME_YOY":19.1225819749,"GROSS_PROFIT":202843031,"GROSS_PROFIT_YOY":-0.286421058383,"HOLDER_PROFIT":11299408,"HOLDER_PROFIT_YOY":4931.7094458595,"GROSS_PROFIT_RATIO":40.612666394419,"EPS_TTM":0.203007278861,"OPERATE_INCOME_QOQ":9.098644557922,"NET_PROFIT_RATIO":2.2623359812,"ROE_AVG":4.902400521969,"GROSS_PROFIT_QOQ":-0.150988490358,"ROA":1.552606059875,"HOLDER_PROFIT_QOQ":69.19041451546,"ROE_YEARLY":9.804801043938,"ROIC_YEARLY":3.613428969202,"TOTAL_ASSETS":696963717,"TOTAL_LIABILITIES":463494766,"TAX_EBT":11.145012331831,"OCF_SALES":5.384365233229,"TOTAL_PARENT_EQUITY":233468951,"DEBT_ASSET_RATIO":66.501993532,"OPERATE_PROFIT":19481324,"PRETAX_PROFIT":12716684,"NETCASH_OPERATE":26892619,"NETCASH_INVEST":-969362,"NETCASH_FINANCE":-50582569,"END_CASH":90028853,"DIVI_RATIO":0.392383654651,"DIVIDEND_RATE":9.876404494382,"CURRENT_RATIO":1.388698538404,"COMMON_ACS":null,"CURRENTDEBT_DEBT":94.84381405075,"ISSUED_COMMON_SHARES":133400000,"HK_COMMON_SHARES":33400000,"PER_SHARES":1000,"TOTAL_MARKET_CAP":118726000,"HKSK_MARKET_CAP":29726000,"PE_TTM":3.200665517296,"PB_TTM":0.422760225375,"REPORT_DATE_SQ":"2022-06-30 00:00:00","REPORT_TYPE_SQ":"2022年中报","OPERATE_INCOME_SQ":419280331,"DPS_HKD":0.0879,"OPERATE_INCOME_QOQ_SQ":-9.788055863584,"NET_PROFIT_RATIO_SQ":0.0535593929,"HOLDER_PROFIT_SQ":224564,"HOLDER_PROFIT_QOQ_SQ":-48.963054478852,"ROE_AVG_SQ":0.106120887628,"PE_TTM_SQ":1.828509147486,"PB_TTM_SQ":0.215989209289,"ROA_SQ":0.028328950879,"START_DATE":"2023-01-01 00:00:00","FISCAL_YEAR":"12-31","CURRENCY":"HKD","IS_CNY_CODE":0,"DPS_HKD_LY":0.044,"ORG_TYPE":"一般企业","PREMIUM_INCOME":null,"PREMIUM_INCOME_YOY":null,"NET_INTEREST_INCOME":null,"NET_INTEREST_INCOME_YOY":null,"FEE_COMMISSION_INCOME":null,"FEE_COMMISSION_INCOME_YOY":null,"ACCOUNTS_RECE_TDAYS":2.387970913219,"INVENTORY_TDAYS":1.020180137139,"CURRENT_ASSETS_TDAYS":0.773027526403,"TOTAL_ASSETS_TDAYS":0.686284474458,"PREMIUM_EXPENSE":null,"LOAN_DEPOSIT":null,"LOAN_EQUITY":null,"LOAN_ASSETS":null,"DEPOSIT_EQUITY":null,"DEPOSIT_ASSETS":null,"EQUITY_MULTIPLIER":2.985252274506,"EQUITY_RATIO":1.985252274509},{"SECUCODE":"01749.HK","SECURITY_CODE":"01749","SECURITY_NAME_ABBR":"杉杉品牌","ORG_CODE":"10581863","STD_REPORT_DATE":"2022-12-31 00:00:00","REPORT_DATE":"2022-12-31 00:00:00","DATE_TYPE_CODE":"001","REPORT_TYPE":"2022年年报","PER_NETCASH_OPERATE":0.623929977511,"PER_OI":6.605694610195,"BPS":1.705438853073,"BASIC_EPS":0.12,"DILUTED_EPS":0.12,"OPERATE_INCOME":881199661,"OPERATE_INCOME_YOY":-11.2617393315,"GROSS_PROFIT":385892990,"GROSS_PROFIT_YOY":-20.470735815233,"HOLDER_PROFIT":16006327,"HOLDER_PROFIT_YOY":29.3768320298,"GROSS_PROFIT_RATIO":43.791776946678,"EPS_TTM":0.119987458771,"OPERATE_INCOME_QOQ":-1.633579103062,"NET_PROFIT_RATIO":1.8164245526,"ROE_AVG":7.292097259474,"GROSS_PROFIT_QOQ":-9.855261759274,"ROA":2.020992341828,"HOLDER_PROFIT_QOQ":153.496424420934,"ROE_YEARLY":7.292097259474,"ROIC_YEARLY":2.311294173216,"TOTAL_ASSETS":758577169,"TOTAL_LIABILITIES":531071626,"TAX_EBT":-46.137665697974,"OCF_SALES":9.445334886483,"TOTAL_PARENT_EQUITY":227505543,"DEBT_ASSET_RATIO":70.0089124354,"OPERATE_PROFIT":18858381,"PRETAX_PROFIT":10952910,"NETCASH_OPERATE":83232259,"NETCASH_INVEST":-3693181,"NETCASH_FINANCE":-49116239,"END_CASH":114688165,"DIVI_RATIO":0.663875531794,"DIVIDEND_RATE":9.876404494382,"CURRENT_RATIO":1.333631281848,"COMMON_ACS":null,"CURRENTDEBT_DEBT":96.257182265655,"ISSUED_COMMON_SHARES":133400000,"HK_COMMON_SHARES":33400000,"PER_SHARES":1000,"TOTAL_MARKET_CAP":118726000,"HKSK_MARKET_CAP":29726000,"PE_TTM":3.200665517296,"PB_TTM":0.422760225375,"REPORT_DATE_SQ":"2021-12-31 00:00:00","REPORT_TYPE_SQ":"2021年年报","OPERATE_INCOME_SQ":993032379,"DPS_HKD":0.0879,"OPERATE_INCOME_QOQ_SQ":-9.412762035579,"NET_PROFIT_RATIO_SQ":0.8696070926,"HOLDER_PROFIT_SQ":12371865,"HOLDER_PROFIT_QOQ_SQ":44.067793649629,"ROE_AVG_SQ":6.025847324194,"PE_TTM_SQ":1.828509147486,"PB_TTM_SQ":0.215989209289,"ROA_SQ":1.443588637249,"START_DATE":"2022-01-01 00:00:00","FISCAL_YEAR":"12-31","CURRENCY":"HKD","IS_CNY_CODE":0,"DPS_HKD_LY":null,"ORG_TYPE":"一般企业","PREMIUM_INCOME":null,"PREMIUM_INCOME_YOY":null,"NET_INTEREST_INCOME":null,"NET_INTEREST_INCOME_YOY":null,"FEE_COMMISSION_INCOME":null,"FEE_COMMISSION_INCOME_YOY":null,"ACCOUNTS_RECE_TDAYS":4.633234138164,"INVENTORY_TDAYS":1.411800368028,"CURRENT_ASSETS_TDAYS":1.261307603578,"TOTAL_ASSETS_TDAYS":1.112621131945,"PREMIUM_EXPENSE":null,"LOAN_DEPOSIT":null,"LOAN_EQUITY":null,"LOAN_ASSETS":null,"DEPOSIT_EQUITY":null,"DEPOSIT_ASSETS":null,"EQUITY_MULTIPLIER":3.334323898212,"EQUITY_RATIO":2.334323898209},{"SECUCODE":"01749.HK","SECURITY_CODE":"01749","SECURITY_NAME_ABBR":"杉杉品牌","ORG_CODE":"10581863","STD_REPORT_DATE":"2022-06-30 00:00:00","REPORT_DATE":"2022-06-30 00:00:00","DATE_TYPE_CODE":"002","REPORT_TYPE":"2022年中报","PER_NETCASH_OPERATE":0.291536641679,"PER_OI":3.143030967016,"BPS":1.587134782609,"BASIC_EPS":0.0017,"DILUTED_EPS":0.0017,"OPERATE_INCOME":419280331,"OPERATE_INCOME_YOY":-18.8194648302,"GROSS_PROFIT":203425685,"GROSS_PROFIT_YOY":-21.929160203449,"HOLDER_PROFIT":224564,"HOLDER_PROFIT_YOY":-96.4253963615,"GROSS_PROFIT_RATIO":48.517822077373,"EPS_TTM":0.047332998501,"OPERATE_INCOME_QOQ":-9.788055863584,"NET_PROFIT_RATIO":0.0535593929,"ROE_AVG":0.106120887628,"GROSS_PROFIT_QOQ":-11.776032925639,"ROA":0.028328950879,"HOLDER_PROFIT_QOQ":-48.963054478852,"ROE_YEARLY":0.212241775256,"ROIC_YEARLY":0.062931238599,"TOTAL_ASSETS":759973343,"TOTAL_LIABILITIES":548249563,"TAX_EBT":112.012772169552,"OCF_SALES":9.275652856704,"TOTAL_PARENT_EQUITY":211723780,"DEBT_ASSET_RATIO":72.1406307274,"OPERATE_PROFIT":1692156,"PRETAX_PROFIT":-1869377,"NETCASH_OPERATE":38890988,"NETCASH_INVEST":-9249438,"NETCASH_FINANCE":-40130402,"END_CASH":73776474,"DIVI_RATIO":1.682900735704,"DIVIDEND_RATE":9.876404494382,"CURRENT_RATIO":1.258896853336,"COMMON_ACS":null,"CURRENTDEBT_DEBT":95.812716589434,"ISSUED_COMMON_SHARES":133400000,"HK_COMMON_SHARES":33400000,"PER_SHARES":1000,"TOTAL_MARKET_CAP":118726000,"HKSK_MARKET_CAP":29726000,"PE_TTM":3.200665517296,"PB_TTM":0.422760225375,"REPORT_DATE_SQ":"2021-06-30 00:00:00","REPORT_TYPE_SQ":"2021年中报","OPERATE_INCOME_SQ":516478895,"DPS_HKD":0.0879,"OPERATE_INCOME_QOQ_SQ":21.844329570814,"NET_PROFIT_RATIO_SQ":0.6791108823,"HOLDER_PROFIT_SQ":6282207,"HOLDER_PROFIT_QOQ_SQ":112.571448397075,"ROE_AVG_SQ":3.105876296924,"PE_TTM_SQ":1.828509147486,"PB_TTM_SQ":0.215989209289,"ROA_SQ":0.732599023958,"START_DATE":"2022-01-01 00:00:00","FISCAL_YEAR":"12-31","CURRENCY":"HKD","IS_CNY_CODE":0,"DPS_HKD_LY":null,"ORG_TYPE":"一般企业","PREMIUM_INCOME":null,"PREMIUM_INCOME_YOY":null,"NET_INTEREST_INCOME":null,"NET_INTEREST_INCOME_YOY":null,"FEE_COMMISSION_INCOME":null,"FEE_COMMISSION_INCOME_YOY":null,"ACCOUNTS_RECE_TDAYS":2.482594245464,"INVENTORY_TDAYS":0.571567974347,"CURRENT_ASSETS_TDAYS":0.609054398058,"TOTAL_ASSETS_TDAYS":0.528925914288,"PREMIUM_EXPENSE":null,"LOAN_DEPOSIT":null,"LOAN_EQUITY":null,"LOAN_ASSETS":null,"DEPOSIT_EQUITY":null,"DEPOSIT_ASSETS":null,"EQUITY_MULTIPLIER":3.589456711009,"EQUITY_RATIO":2.589456711003},{"SECUCODE":"01749.HK","SECURITY_CODE":"01749","SECURITY_NAME_ABBR":"杉杉品牌","ORG_CODE":"10581863","STD_REPORT_DATE":"2021-12-31 00:00:00","REPORT_DATE":"2021-12-31 00:00:00","DATE_TYPE_CODE":"001","REPORT_TYPE":"2021年年报","PER_NETCASH_OPERATE":0.424167593703,"PER_OI":7.444020832084,"BPS":1.585451394303,"BASIC_EPS":0.09,"DILUTED_EPS":0.09,"OPERATE_INCOME":993032379,"OPERATE_INCOME_YOY":11.8943772749,"GROSS_PROFIT":485221376,"GROSS_PROFIT_YOY":13.334881194132,"HOLDER_PROFIT":12371865,"HOLDER_PROFIT_YOY":118.1114083355,"GROSS_PROFIT_RATIO":48.862593633515,"EPS_TTM":0.092742616192,"OPERATE_INCOME_QOQ":-9.412762035579,"NET_PROFIT_RATIO":0.8696070926,"ROE_AVG":6.025847324194,"GROSS_PROFIT_QOQ":-5.700001854044,"ROA":1.443588637249,"HOLDER_PROFIT_QOQ":44.067793649629,"ROE_YEARLY":6.025847324194,"ROIC_YEARLY":1.637678104352,"TOTAL_ASSETS":825429526,"TOTAL_LIABILITIES":613930310,"TAX_EBT":11.03348233143,"OCF_SALES":5.698097886494,"TOTAL_PARENT_EQUITY":211499216,"DEBT_ASSET_RATIO":74.3770716532,"OPERATE_PROFIT":26918543,"PRETAX_PROFIT":20205851,"NETCASH_OPERATE":56583957,"NETCASH_INVEST":-26990915,"NETCASH_FINANCE":-56653967,"END_CASH":84265326,"DIVI_RATIO":0.858901131656,"DIVIDEND_RATE":9.876404494382,"CURRENT_RATIO":1.20817977638,"COMMON_ACS":null,"CURRENTDEBT_DEBT":96.467254727984,"ISSUED_COMMON_SHARES":133400000,"HK_COMMON_SHARES":33400000,"PER_SHARES":1000,"TOTAL_MARKET_CAP":118726000,"HKSK_MARKET_CAP":29726000,"PE_TTM":3.200665517296,"PB_TTM":0.422760225375,"REPORT_DATE_SQ":"2020-12-31 00:00:00","REPORT_TYPE_SQ":"2020年年报","OPERATE_INCOME_SQ":887472993,"DPS_HKD":0.0879,"OPERATE_INCOME_QOQ_SQ":8.75739764867,"NET_PROFIT_RATIO_SQ":-8.4411175043,"HOLDER_PROFIT_SQ":-68309790,"HOLDER_PROFIT_QOQ_SQ":28.524082749591,"ROE_AVG_SQ":-29.282035461884,"PE_TTM_SQ":1.828509147486,"PB_TTM_SQ":0.215989209289,"ROA_SQ":-6.738261302743,"START_DATE":"2021-01-01 00:00:00","FISCAL_YEAR":"12-31","CURRENCY":"HKD","IS_CNY_CODE":0,"DPS_HKD_LY":null,"ORG_TYPE":"一般企业","PREMIUM_INCOME":null,"PREMIUM_INCOME_YOY":null,"NET_INTEREST_INCOME":null,"NET_INTEREST_INCOME_YOY":null,"FEE_COMMISSION_INCOME":null,"FEE_COMMISSION_INCOME_YOY":null,"ACCOUNTS_RECE_TDAYS":5.879274091048,"INVENTORY_TDAYS":1.241297343019,"CURRENT_ASSETS_TDAYS":1.347432780648,"TOTAL_ASSETS_TDAYS":1.158701827691,"PREMIUM_EXPENSE":null,"LOAN_DEPOSIT":null,"LOAN_EQUITY":null,"LOAN_ASSETS":null,"DEPOSIT_EQUITY":null,"DEPOSIT_ASSETS":null,"EQUITY_MULTIPLIER":3.902754542593,"EQUITY_RATIO":2.902754542598},{"SECUCODE":"01749.HK","SECURITY_CODE":"01749","SECURITY_NAME_ABBR":"杉杉品牌","ORG_CODE":"10581863","STD_REPORT_DATE":"2021-06-30 00:00:00","REPORT_DATE":"2021-06-30 00:00:00","DATE_TYPE_CODE":"002","REPORT_TYPE":"2021年中报","PER_NETCASH_OPERATE":-0.091285382309,"PER_OI":3.871655884558,"BPS":1.539801791604,"BASIC_EPS":0.0471,"DILUTED_EPS":0.0471,"OPERATE_INCOME":516478895,"OPERATE_INCOME_YOY":60.5528723232,"GROSS_PROFIT":260565514,"GROSS_PROFIT_YOY":54.00823088485,"HOLDER_PROFIT":6282207,"HOLDER_PROFIT_YOY":108.8964073299,"GROSS_PROFIT_RATIO":49.985178676953,"EPS_TTM":0.064374287856,"OPERATE_INCOME_QOQ":21.844329570814,"NET_PROFIT_RATIO":0.6791108823,"ROE_AVG":3.105876296924,"GROSS_PROFIT_QOQ":21.565004444528,"ROA":0.732599023958,"HOLDER_PROFIT_QOQ":112.571448397075,"ROE_YEARLY":6.211752593849,"ROIC_YEARLY":1.629223874933,"TOTAL_ASSETS":826433309,"TOTAL_LIABILITIES":616218898,"TAX_EBT":7.466240356787,"OCF_SALES":-2.336920555043,"TOTAL_PARENT_EQUITY":205409559,"DEBT_ASSET_RATIO":74.5636570174,"OPERATE_PROFIT":14721578,"PRETAX_PROFIT":11236271,"NETCASH_OPERATE":-12177470,"NETCASH_INVEST":-7070652,"NETCASH_FINANCE":-43091266,"END_CASH":48986863,"DIVI_RATIO":1.237399910009,"DIVIDEND_RATE":9.876404494382,"CURRENT_RATIO":1.189038453063,"COMMON_ACS":null,"CURRENTDEBT_DEBT":96.824759340633,"ISSUED_COMMON_SHARES":133400000,"HK_COMMON_SHARES":33400000,"PER_SHARES":1000,"TOTAL_MARKET_CAP":118726000,"HKSK_MARKET_CAP":29726000,"PE_TTM":3.200665517296,"PB_TTM":0.422760225375,"REPORT_DATE_SQ":"2020-06-30 00:00:00","REPORT_TYPE_SQ":"2020年中报","OPERATE_INCOME_SQ":324560034,"DPS_HKD":0.0879,"OPERATE_INCOME_QOQ_SQ":-20.184272921152,"NET_PROFIT_RATIO_SQ":-22.4277197974,"HOLDER_PROFIT_SQ":-70615112,"HOLDER_PROFIT_QOQ_SQ":-485.883742881312,"ROE_AVG_SQ":-30.42055669035,"PE_TTM_SQ":1.828509147486,"PB_TTM_SQ":0.215989209289,"ROA_SQ":-6.838961106131,"START_DATE":"2021-01-01 00:00:00","FISCAL_YEAR":"12-31","CURRENCY":"HKD","IS_CNY_CODE":0,"DPS_HKD_LY":null,"ORG_TYPE":"一般企业","PREMIUM_INCOME":null,"PREMIUM_INCOME_YOY":null,"NET_INTEREST_INCOME":null,"NET_INTEREST_INCOME_YOY":null,"FEE_COMMISSION_INCOME":null,"FEE_COMMISSION_INCOME_YOY":null,"ACCOUNTS_RECE_TDAYS":2.830630781151,"INVENTORY_TDAYS":0.628304797302,"CURRENT_ASSETS_TDAYS":0.709995236221,"TOTAL_ASSETS_TDAYS":0.607669087352,"PREMIUM_EXPENSE":null,"LOAN_DEPOSIT":null,"LOAN_EQUITY":null,"LOAN_ASSETS":null,"DEPOSIT_EQUITY":null,"DEPOSIT_ASSETS":null,"EQUITY_MULTIPLIER":3.931382749022,"EQUITY_RATIO":2.999952392673},{"SECUCODE":"01749.HK","SECURITY_CODE":"01749","SECURITY_NAME_ABBR":"杉杉品牌","ORG_CODE":"10581863","STD_REPORT_DATE":"2020-12-31 00:00:00","REPORT_DATE":"2020-12-31 00:00:00","DATE_TYPE_CODE":"001","REPORT_TYPE":"2020年年报","PER_NETCASH_OPERATE":0.376812743628,"PER_OI":6.652721086957,"BPS":1.492708778111,"BASIC_EPS":-0.51,"DILUTED_EPS":-0.51,"OPERATE_INCOME":887472993,"OPERATE_INCOME_YOY":-13.1944923147,"GROSS_PROFIT":428130661,"GROSS_PROFIT_YOY":-26.491733470525,"HOLDER_PROFIT":-68309790,"HOLDER_PROFIT_YOY":-318.7657792454,"GROSS_PROFIT_RATIO":47.04663888261,"EPS_TTM":-0.512067391304,"OPERATE_INCOME_QOQ":8.75739764867,"NET_PROFIT_RATIO":-8.4411175043,"ROE_AVG":-29.282035461884,"GROSS_PROFIT_QOQ":-6.337658887393,"ROA":-6.738261302743,"HOLDER_PROFIT_QOQ":28.524082749591,"ROE_YEARLY":-29.282035461884,"ROIC_YEARLY":-7.780213081557,"TOTAL_ASSETS":888613475,"TOTAL_LIABILITIES":681937846,"TAX_EBT":4.108944648824,"OCF_SALES":5.587150151083,"TOTAL_PARENT_EQUITY":199127351,"DEBT_ASSET_RATIO":76.7417853978,"OPERATE_PROFIT":-46241249,"PRETAX_PROFIT":-59295542,"NETCASH_OPERATE":50266820,"NETCASH_INVEST":35795064,"NETCASH_FINANCE":-112211175,"END_CASH":111326251,"DIVI_RATIO":-0.155559091152,"DIVIDEND_RATE":9.876404494382,"CURRENT_RATIO":1.151868027003,"COMMON_ACS":null,"CURRENTDEBT_DEBT":96.553182502207,"ISSUED_COMMON_SHARES":133400000,"HK_COMMON_SHARES":33400000,"PER_SHARES":1000,"TOTAL_MARKET_CAP":118726000,"HKSK_MARKET_CAP":29726000,"PE_TTM":3.200665517296,"PB_TTM":0.422760225375,"REPORT_DATE_SQ":"2019-12-31 00:00:00","REPORT_TYPE_SQ":"2019年年报","OPERATE_INCOME_SQ":1036439097,"DPS_HKD":0.0879,"OPERATE_INCOME_QOQ_SQ":-2.161926796622,"NET_PROFIT_RATIO_SQ":-2.2363477089,"HOLDER_PROFIT_SQ":-16312171,"HOLDER_PROFIT_QOQ_SQ":-145.645039608381,"ROE_AVG_SQ":-5.871264277196,"PE_TTM_SQ":1.828509147486,"PB_TTM_SQ":0.215989209289,"ROA_SQ":-1.486687009369,"START_DATE":"2020-01-01 00:00:00","FISCAL_YEAR":"12-31","CURRENCY":"HKD","IS_CNY_CODE":0,"DPS_HKD_LY":null,"ORG_TYPE":"一般企业","PREMIUM_INCOME":null,"PREMIUM_INCOME_YOY":null,"NET_INTEREST_INCOME":null,"NET_INTEREST_INCOME_YOY":null,"FEE_COMMISSION_INCOME":null,"FEE_COMMISSION_INCOME_YOY":null,"ACCOUNTS_RECE_TDAYS":5.057886410565,"INVENTORY_TDAYS":1.022442723276,"CURRENT_ASSETS_TDAYS":1.068101586866,"TOTAL_ASSETS_TDAYS":0.88747467103,"PREMIUM_EXPENSE":null,"LOAN_DEPOSIT":null,"LOAN_EQUITY":null,"LOAN_ASSETS":null,"DEPOSIT_EQUITY":null,"DEPOSIT_ASSETS":null,"EQUITY_MULTIPLIER":4.299556165869,"EQUITY_RATIO":3.424631737305},{"SECUCODE":"01749.HK","SECURITY_CODE":"01749","SECURITY_NAME_ABBR":"杉杉品牌","ORG_CODE":"10581863","STD_REPORT_DATE":"2020-06-30 00:00:00","REPORT_DATE":"2020-06-30 00:00:00","DATE_TYPE_CODE":"002","REPORT_TYPE":"2020年中报","PER_NETCASH_OPERATE":-0.430344932534,"PER_OI":2.432983763118,"BPS":1.475427503748,"BASIC_EPS":-0.53,"DILUTED_EPS":-0.53,"OPERATE_INCOME":324560034,"OPERATE_INCOME_YOY":-39.1933801127,"GROSS_PROFIT":169189343,"GROSS_PROFIT_YOY":-43.547422099653,"HOLDER_PROFIT":-70615112,"HOLDER_PROFIT_YOY":-917.0137595705,"GROSS_PROFIT_RATIO":52.128828344897,"EPS_TTM":-0.716419475262,"OPERATE_INCOME_QOQ":-20.184272921152,"NET_PROFIT_RATIO":-22.4277197974,"ROE_AVG":-30.42055669035,"GROSS_PROFIT_QOQ":-22.408434978576,"ROA":-6.838961106131,"HOLDER_PROFIT_QOQ":-485.883742881312,"ROE_YEARLY":-60.841113380701,"ROIC_YEARLY":-15.369198328227,"TOTAL_ASSETS":926176718,"TOTAL_LIABILITIES":716348933,"TAX_EBT":4.852143117738,"OCF_SALES":-17.687949219281,"TOTAL_PARENT_EQUITY":196822029,"DEBT_ASSET_RATIO":77.3447355216,"OPERATE_PROFIT":-66602892,"PRETAX_PROFIT":-76503473,"NETCASH_OPERATE":-57408014,"NETCASH_INVEST":5881296,"NETCASH_FINANCE":-24363791,"END_CASH":61585033,"DIVI_RATIO":-0.111187287267,"DIVIDEND_RATE":9.876404494382,"CURRENT_RATIO":1.12272858134,"COMMON_ACS":null,"CURRENTDEBT_DEBT":95.431309450977,"ISSUED_COMMON_SHARES":133400000,"HK_COMMON_SHARES":33400000,"PER_SHARES":1000,"TOTAL_MARKET_CAP":118726000,"HKSK_MARKET_CAP":29726000,"PE_TTM":3.200665517296,"PB_TTM":0.422760225375,"REPORT_DATE_SQ":"2019-06-30 00:00:00","REPORT_TYPE_SQ":"2019年中报","OPERATE_INCOME_SQ":533757730,"DPS_HKD":0.0879,"OPERATE_INCOME_QOQ_SQ":3.321559000182,"NET_PROFIT_RATIO_SQ":1.4026328012,"HOLDER_PROFIT_SQ":8643075,"HOLDER_PROFIT_QOQ_SQ":-1.307435273838,"ROE_AVG_SQ":2.995413112031,"PE_TTM_SQ":1.828509147486,"PB_TTM_SQ":0.215989209289,"ROA_SQ":0.794815442249,"START_DATE":"2020-01-01 00:00:00","FISCAL_YEAR":"12-31","CURRENCY":"HKD","IS_CNY_CODE":0,"DPS_HKD_LY":null,"ORG_TYPE":"一般企业","PREMIUM_INCOME":null,"PREMIUM_INCOME_YOY":null,"NET_INTEREST_INCOME":null,"NET_INTEREST_INCOME_YOY":null,"FEE_COMMISSION_INCOME":null,"FEE_COMMISSION_INCOME_YOY":null,"ACCOUNTS_RECE_TDAYS":2.089557170984,"INVENTORY_TDAYS":0.31724773263,"CURRENT_ASSETS_TDAYS":0.383246838989,"TOTAL_ASSETS_TDAYS":0.314331222633,"PREMIUM_EXPENSE":null,"LOAN_DEPOSIT":null,"LOAN_EQUITY":null,"LOAN_ASSETS":null,"DEPOSIT_EQUITY":null,"DEPOSIT_ASSETS":null,"EQUITY_MULTIPLIER":4.413985106876,"EQUITY_RATIO":3.639577016046}],"count":21},"success":true,"message":"ok","code":0}