{"version":"b783e1f741ca5fd4d204281720610581","result":{"pages":2,"data":[{"SECUCODE":"01746.HK","SECURITY_CODE":"01746","SECURITY_NAME_ABBR":"万顺集团控股","ORG_CODE":"10923359","STD_REPORT_DATE":"2024-06-30 00:00:00","REPORT_DATE":"2024-06-30 00:00:00","DATE_TYPE_CODE":"002","REPORT_TYPE":"2024年中报","PER_NETCASH_OPERATE":-0.00574349524,"PER_OI":0.06332903984,"BPS":0.13689104784,"BASIC_EPS":-0.001642824,"DILUTED_EPS":-0.001642824,"OPERATE_INCOME":63329039.84,"OPERATE_INCOME_YOY":-0.6642615816,"GROSS_PROFIT":5751709.36,"GROSS_PROFIT_YOY":-33.548872925004,"HOLDER_PROFIT":-1679331.2,"HOLDER_PROFIT_YOY":-235.9940872136,"GROSS_PROFIT_RATIO":9.082262062604,"EPS_TTM":-0.00231054054,"OPERATE_INCOME_QOQ":-0.774212096157,"NET_PROFIT_RATIO":-2.6517553467,"ROE_AVG":-1.219285922549,"GROSS_PROFIT_QOQ":-16.683199251781,"ROA":-1.103104279325,"HOLDER_PROFIT_QOQ":-474.947996655792,"ROE_YEARLY":-2.438571845098,"ROIC_YEARLY":-4.517582356877,"TOTAL_ASSETS":146841997.88,"TOTAL_LIABILITIES":9950950.04,"TAX_EBT":3.157894736842,"OCF_SALES":-9.069291520148,"TOTAL_PARENT_EQUITY":136891047.84,"DEBT_ASSET_RATIO":6.7766375994,"OPERATE_PROFIT":-1692108.72,"PRETAX_PROFIT":-1734092,"NETCASH_OPERATE":-5743495.24,"NETCASH_INVEST":889863,"NETCASH_FINANCE":-672645.16,"END_CASH":75127254.2,"DIVI_RATIO":-9.413070068877,"DIVIDEND_RATE":6.4,"CURRENT_RATIO":14.92191175087,"COMMON_ACS":5000000000,"CURRENTDEBT_DEBT":97.486930202697,"ISSUED_COMMON_SHARES":1000000000,"HK_COMMON_SHARES":1000000000,"PER_SHARES":4000,"TOTAL_MARKET_CAP":375000000,"HKSK_MARKET_CAP":375000000,"PE_TTM":-149.224035017907,"PB_TTM":2.500200016001,"REPORT_DATE_SQ":"2023-06-30 00:00:00","REPORT_TYPE_SQ":"2023年中报","OPERATE_INCOME_SQ":64402146.96,"DPS_HKD":0.024,"OPERATE_INCOME_QOQ_SQ":13.091857386726,"NET_PROFIT_RATIO_SQ":1.9369524137,"HOLDER_PROFIT_SQ":1247438.94,"HOLDER_PROFIT_QOQ_SQ":1480.5723809781,"ROE_AVG_SQ":0.891160517571,"PE_TTM_SQ":40.125885129819,"PB_TTM_SQ":1.003272109691,"ROA_SQ":0.814809907799,"START_DATE":"2024-01-01 00:00:00","FISCAL_YEAR":"12-31","CURRENCY":"HKD","IS_CNY_CODE":0,"DPS_HKD_LY":0.024,"ORG_TYPE":"一般企业","PREMIUM_INCOME":null,"PREMIUM_INCOME_YOY":null,"NET_INTEREST_INCOME":null,"NET_INTEREST_INCOME_YOY":null,"FEE_COMMISSION_INCOME":null,"FEE_COMMISSION_INCOME_YOY":null,"ACCOUNTS_RECE_TDAYS":1.361176228262,"INVENTORY_TDAYS":29.403868562107,"CURRENT_ASSETS_TDAYS":0.421552724467,"TOTAL_ASSETS_TDAYS":0.415990215945,"PREMIUM_EXPENSE":null,"LOAN_DEPOSIT":null,"LOAN_EQUITY":null,"LOAN_ASSETS":null,"DEPOSIT_EQUITY":null,"DEPOSIT_ASSETS":null,"EQUITY_MULTIPLIER":1.072692482066,"EQUITY_RATIO":0.072692482065},{"SECUCODE":"01746.HK","SECURITY_CODE":"01746","SECURITY_NAME_ABBR":"万顺集团控股","ORG_CODE":"10923359","STD_REPORT_DATE":"2023-12-31 00:00:00","REPORT_DATE":"2023-12-31 00:00:00","DATE_TYPE_CODE":"001","REPORT_TYPE":"2023年年报","PER_NETCASH_OPERATE":0.0173631752,"PER_OI":0.138606349,"BPS":0.13758957016,"BASIC_EPS":0.000634354,"DILUTED_EPS":0.000634354,"OPERATE_INCOME":138606349,"OPERATE_INCOME_YOY":22.2748966719,"GROSS_PROFIT":17405767.54,"GROSS_PROFIT_YOY":4.16684257948,"HOLDER_PROFIT":616229.6,"HOLDER_PROFIT_YOY":185.7142857143,"GROSS_PROFIT_RATIO":12.557698594312,"EPS_TTM":0.0006162296,"OPERATE_INCOME_QOQ":9.687430168547,"NET_PROFIT_RATIO":0.4445897352,"ROE_AVG":0.448880439375,"GROSS_PROFIT_QOQ":-8.792424811137,"ROA":0.403460265097,"HOLDER_PROFIT_QOQ":-81.661303594654,"ROE_YEARLY":0.448880439375,"ROIC_YEARLY":0.738596557923,"TOTAL_ASSETS":156515974.86,"TOTAL_LIABILITIES":18926404.7,"TAX_EBT":3.271692745377,"OCF_SALES":12.526969597908,"TOTAL_PARENT_EQUITY":137589570.16,"DEBT_ASSET_RATIO":12.0923149966,"OPERATE_PROFIT":695976.96,"PRETAX_PROFIT":637072.66,"NETCASH_OPERATE":17363175.2,"NETCASH_INVEST":5559659.7,"NETCASH_FINANCE":-1364767.32,"END_CASH":80082661.4,"DIVI_RATIO":35.294117647059,"DIVIDEND_RATE":8.571428571429,"CURRENT_RATIO":8.377381653899,"COMMON_ACS":5000000000,"CURRENTDEBT_DEBT":97.50538664113,"ISSUED_COMMON_SHARES":1000000000,"HK_COMMON_SHARES":1000000000,"PER_SHARES":4000,"TOTAL_MARKET_CAP":280000000,"HKSK_MARKET_CAP":280000000,"PE_TTM":-111.42061281337,"PB_TTM":1.866816011948,"REPORT_DATE_SQ":"2022-12-31 00:00:00","REPORT_TYPE_SQ":"2022年年报","OPERATE_INCOME_SQ":111736464.49,"DPS_HKD":0.024,"OPERATE_INCOME_QOQ_SQ":8.38835137265,"NET_PROFIT_RATIO_SQ":0.1902675738,"HOLDER_PROFIT_SQ":212598.26,"HOLDER_PROFIT_QOQ_SQ":108.646455177739,"ROE_AVG_SQ":0.15758562925,"PE_TTM_SQ":40.125885129819,"PB_TTM_SQ":1.003272109691,"ROA_SQ":0.141723187223,"START_DATE":"2023-01-01 00:00:00","FISCAL_YEAR":"12-31","CURRENCY":"HKD","IS_CNY_CODE":0,"DPS_HKD_LY":null,"ORG_TYPE":"一般企业","PREMIUM_INCOME":null,"PREMIUM_INCOME_YOY":null,"NET_INTEREST_INCOME":null,"NET_INTEREST_INCOME_YOY":null,"FEE_COMMISSION_INCOME":null,"FEE_COMMISSION_INCOME_YOY":null,"ACCOUNTS_RECE_TDAYS":2.561461682744,"INVENTORY_TDAYS":50.156759797487,"CURRENT_ASSETS_TDAYS":0.91986444103,"TOTAL_ASSETS_TDAYS":0.907488934509,"PREMIUM_EXPENSE":null,"LOAN_DEPOSIT":null,"LOAN_EQUITY":null,"LOAN_ASSETS":null,"DEPOSIT_EQUITY":null,"DEPOSIT_ASSETS":null,"EQUITY_MULTIPLIER":1.137556972364,"EQUITY_RATIO":0.137556972363},{"SECUCODE":"01746.HK","SECURITY_CODE":"01746","SECURITY_NAME_ABBR":"万顺集团控股","ORG_CODE":"10923359","STD_REPORT_DATE":"2023-06-30 00:00:00","REPORT_DATE":"2023-06-30 00:00:00","DATE_TYPE_CODE":"002","REPORT_TYPE":"2023年中报","PER_NETCASH_OPERATE":0.02267056622,"PER_OI":0.06440214696,"BPS":0.14060287198,"BASIC_EPS":0.001290772,"DILUTED_EPS":0.001290772,"OPERATE_INCOME":64402146.96,"OPERATE_INCOME_YOY":20.0164942785,"GROSS_PROFIT":8655548.24,"GROSS_PROFIT_YOY":37.797128367152,"HOLDER_PROFIT":1247438.94,"HOLDER_PROFIT_YOY":160.8910891089,"GROSS_PROFIT_RATIO":13.439844242112,"EPS_TTM":0.00336026938,"OPERATE_INCOME_QOQ":13.091857386726,"NET_PROFIT_RATIO":1.9369524137,"ROE_AVG":0.891160517571,"GROSS_PROFIT_QOQ":14.208542836252,"ROA":0.814809907799,"HOLDER_PROFIT_QOQ":1480.5723809781,"ROE_YEARLY":1.782321035143,"ROIC_YEARLY":3.074266368253,"TOTAL_ASSETS":154644627.38,"TOTAL_LIABILITIES":14041755.4,"TAX_EBT":null,"OCF_SALES":35.201569031667,"TOTAL_PARENT_EQUITY":140602871.98,"DEBT_ASSET_RATIO":9.0800150241,"OPERATE_PROFIT":1261268.64,"PRETAX_PROFIT":1247438.94,"NETCASH_OPERATE":22670566.22,"NETCASH_INVEST":2800975.24,"NETCASH_FINANCE":-672123.42,"END_CASH":84341808.42,"DIVI_RATIO":6.47248108424,"DIVIDEND_RATE":8.571428571429,"CURRENT_RATIO":11.082644076841,"COMMON_ACS":5000000000,"CURRENTDEBT_DEBT":98.437294812869,"ISSUED_COMMON_SHARES":1000000000,"HK_COMMON_SHARES":1000000000,"PER_SHARES":4000,"TOTAL_MARKET_CAP":280000000,"HKSK_MARKET_CAP":280000000,"PE_TTM":-111.42061281337,"PB_TTM":1.866816011948,"REPORT_DATE_SQ":"2022-06-30 00:00:00","REPORT_TYPE_SQ":"2022年中报","OPERATE_INCOME_SQ":49773768.38,"DPS_HKD":0.024,"OPERATE_INCOME_QOQ_SQ":3.628875433957,"NET_PROFIT_RATIO_SQ":-3.8177382221,"HOLDER_PROFIT_SQ":-1900232.18,"HOLDER_PROFIT_QOQ_SQ":-35.160787396381,"ROE_AVG_SQ":-1.483320983451,"PE_TTM_SQ":40.125885129819,"PB_TTM_SQ":1.003272109691,"ROA_SQ":-1.338679214023,"START_DATE":"2023-01-01 00:00:00","FISCAL_YEAR":"12-31","CURRENCY":"HKD","IS_CNY_CODE":0,"DPS_HKD_LY":null,"ORG_TYPE":"一般企业","PREMIUM_INCOME":null,"PREMIUM_INCOME_YOY":null,"NET_INTEREST_INCOME":null,"NET_INTEREST_INCOME_YOY":null,"FEE_COMMISSION_INCOME":null,"FEE_COMMISSION_INCOME_YOY":null,"ACCOUNTS_RECE_TDAYS":1.224206523073,"INVENTORY_TDAYS":20.368536297793,"CURRENT_ASSETS_TDAYS":0.425793119843,"TOTAL_ASSETS_TDAYS":0.420665939982,"PREMIUM_EXPENSE":null,"LOAN_DEPOSIT":null,"LOAN_EQUITY":null,"LOAN_ASSETS":null,"DEPOSIT_EQUITY":null,"DEPOSIT_ASSETS":null,"EQUITY_MULTIPLIER":1.099868197586,"EQUITY_RATIO":0.099868197586},{"SECUCODE":"01746.HK","SECURITY_CODE":"01746","SECURITY_NAME_ABBR":"万顺集团控股","ORG_CODE":"10923359","STD_REPORT_DATE":"2022-12-31 00:00:00","REPORT_DATE":"2022-12-31 00:00:00","DATE_TYPE_CODE":"001","REPORT_TYPE":"2022年年报","PER_NETCASH_OPERATE":-0.0176331498,"PER_OI":0.11173646449,"BPS":0.13501597396,"BASIC_EPS":0.000178654,"DILUTED_EPS":0.000178654,"OPERATE_INCOME":111736464.49,"OPERATE_INCOME_YOY":2.8067262805,"GROSS_PROFIT":16709508.62,"GROSS_PROFIT_YOY":-2.507914303022,"HOLDER_PROFIT":212598.26,"HOLDER_PROFIT_YOY":110.6966292135,"GROSS_PROFIT_RATIO":14.954391743347,"EPS_TTM":0.00021259826,"OPERATE_INCOME_QOQ":8.38835137265,"NET_PROFIT_RATIO":0.1902675738,"ROE_AVG":0.15758562925,"GROSS_PROFIT_QOQ":7.175120776235,"ROA":0.141723187223,"HOLDER_PROFIT_QOQ":108.646455177739,"ROE_YEARLY":0.15758562925,"ROIC_YEARLY":0.256660501782,"TOTAL_ASSETS":146827683.17,"TOTAL_LIABILITIES":11811709.21,"TAX_EBT":5.555555555556,"OCF_SALES":-15.781016412577,"TOTAL_PARENT_EQUITY":135015973.96,"DEBT_ASSET_RATIO":8.0446064087,"OPERATE_PROFIT":278700.24,"PRETAX_PROFIT":225104.04,"NETCASH_OPERATE":-17633149.8,"NETCASH_INVEST":31619078.19,"NETCASH_FINANCE":-1698999.54,"END_CASH":57688269.87,"DIVI_RATIO":102.302248381525,"DIVIDEND_RATE":8.571428571429,"CURRENT_RATIO":12.488587291795,"COMMON_ACS":5000000000,"CURRENTDEBT_DEBT":98.071542010134,"ISSUED_COMMON_SHARES":1000000000,"HK_COMMON_SHARES":1000000000,"PER_SHARES":4000,"TOTAL_MARKET_CAP":280000000,"HKSK_MARKET_CAP":280000000,"PE_TTM":-111.42061281337,"PB_TTM":1.866816011948,"REPORT_DATE_SQ":"2021-12-31 00:00:00","REPORT_TYPE_SQ":"2021年年报","OPERATE_INCOME_SQ":99479027.2,"DPS_HKD":0.024,"OPERATE_INCOME_QOQ_SQ":27.625404953674,"NET_PROFIT_RATIO_SQ":-1.8286869617,"HOLDER_PROFIT_SQ":-1819160,"HOLDER_PROFIT_QOQ_SQ":81.879785382774,"ROE_AVG_SQ":-1.463599138285,"PE_TTM_SQ":40.125885129819,"PB_TTM_SQ":1.003272109691,"ROA_SQ":-1.309301039203,"START_DATE":"2022-01-01 00:00:00","FISCAL_YEAR":"12-31","CURRENCY":"HKD","IS_CNY_CODE":0,"DPS_HKD_LY":null,"ORG_TYPE":"一般企业","PREMIUM_INCOME":null,"PREMIUM_INCOME_YOY":null,"NET_INTEREST_INCOME":null,"NET_INTEREST_INCOME_YOY":null,"FEE_COMMISSION_INCOME":null,"FEE_COMMISSION_INCOME_YOY":null,"ACCOUNTS_RECE_TDAYS":1.940777632967,"INVENTORY_TDAYS":35.632557360576,"CURRENT_ASSETS_TDAYS":0.756571546082,"TOTAL_ASSETS_TDAYS":0.744862534463,"PREMIUM_EXPENSE":null,"LOAN_DEPOSIT":null,"LOAN_EQUITY":null,"LOAN_ASSETS":null,"DEPOSIT_EQUITY":null,"DEPOSIT_ASSETS":null,"EQUITY_MULTIPLIER":1.087483790722,"EQUITY_RATIO":0.087483790722},{"SECUCODE":"01746.HK","SECURITY_CODE":"01746","SECURITY_NAME_ABBR":"万顺集团控股","ORG_CODE":"10923359","STD_REPORT_DATE":"2022-06-30 00:00:00","REPORT_DATE":"2022-06-30 00:00:00","DATE_TYPE_CODE":"002","REPORT_TYPE":"2022年中报","PER_NETCASH_OPERATE":-0.00887345144,"PER_OI":0.04977376838,"BPS":0.12715649072,"BASIC_EPS":-0.001881418,"DILUTED_EPS":-0.001881418,"OPERATE_INCOME":49773768.38,"OPERATE_INCOME_YOY":4.9062725306,"GROSS_PROFIT":6281370.55,"GROSS_PROFIT_YOY":-19.776850653308,"HOLDER_PROFIT":-1900232.18,"HOLDER_PROFIT_YOY":-46.6666666667,"GROSS_PROFIT_RATIO":12.619841242569,"EPS_TTM":-0.00245879098,"OPERATE_INCOME_QOQ":3.628875433957,"NET_PROFIT_RATIO":-3.8177382221,"ROE_AVG":-1.483320983451,"GROSS_PROFIT_QOQ":-9.034778789262,"ROA":-1.338679214023,"HOLDER_PROFIT_QOQ":-35.160787396381,"ROE_YEARLY":-2.966641966902,"ROIC_YEARLY":-5.178038777032,"TOTAL_ASSETS":137235760.06,"TOTAL_LIABILITIES":10079269.34,"TAX_EBT":null,"OCF_SALES":-17.827566063022,"TOTAL_PARENT_EQUITY":127156490.72,"DEBT_ASSET_RATIO":7.3444919426,"OPERATE_PROFIT":-1872866.1,"PRETAX_PROFIT":-1900232.18,"NETCASH_OPERATE":-8873451.44,"NETCASH_INVEST":84663.81,"NETCASH_FINANCE":-901370.26,"END_CASH":33775729.05,"DIVI_RATIO":-8.845518052128,"DIVIDEND_RATE":8.571428571429,"CURRENT_RATIO":13.952490489251,"COMMON_ACS":5000000000,"CURRENTDEBT_DEBT":95.901917529272,"ISSUED_COMMON_SHARES":1000000000,"HK_COMMON_SHARES":1000000000,"PER_SHARES":4000,"TOTAL_MARKET_CAP":280000000,"HKSK_MARKET_CAP":280000000,"PE_TTM":-111.42061281337,"PB_TTM":1.866816011948,"REPORT_DATE_SQ":"2021-06-30 00:00:00","REPORT_TYPE_SQ":"2021年中报","OPERATE_INCOME_SQ":46163798.4,"DPS_HKD":0.024,"OPERATE_INCOME_QOQ_SQ":-27.413108364248,"NET_PROFIT_RATIO_SQ":-2.7307137707,"HOLDER_PROFIT_SQ":-1260601.2,"HOLDER_PROFIT_QOQ_SQ":-40.930677112621,"ROE_AVG_SQ":-0.994241275779,"PE_TTM_SQ":40.125885129819,"PB_TTM_SQ":1.003272109691,"ROA_SQ":-0.913038368705,"START_DATE":"2022-01-01 00:00:00","FISCAL_YEAR":"12-31","CURRENCY":"HKD","IS_CNY_CODE":0,"DPS_HKD_LY":null,"ORG_TYPE":"一般企业","PREMIUM_INCOME":null,"PREMIUM_INCOME_YOY":null,"NET_INTEREST_INCOME":null,"NET_INTEREST_INCOME_YOY":null,"FEE_COMMISSION_INCOME":null,"FEE_COMMISSION_INCOME_YOY":null,"ACCOUNTS_RECE_TDAYS":1.027205901819,"INVENTORY_TDAYS":14.39077532541,"CURRENT_ASSETS_TDAYS":0.356606958498,"TOTAL_ASSETS_TDAYS":0.350647198985,"PREMIUM_EXPENSE":null,"LOAN_DEPOSIT":null,"LOAN_EQUITY":null,"LOAN_ASSETS":null,"DEPOSIT_EQUITY":null,"DEPOSIT_ASSETS":null,"EQUITY_MULTIPLIER":1.079266652319,"EQUITY_RATIO":0.079266652319},{"SECUCODE":"01746.HK","SECURITY_CODE":"01746","SECURITY_NAME_ABBR":"万顺集团控股","ORG_CODE":"10923359","STD_REPORT_DATE":"2021-12-31 00:00:00","REPORT_DATE":"2021-12-31 00:00:00","DATE_TYPE_CODE":"001","REPORT_TYPE":"2021年年报","PER_NETCASH_OPERATE":-0.004075736,"PER_OI":0.0994790272,"BPS":0.123384016,"BASIC_EPS":-0.00179872,"DILUTED_EPS":-0.00179872,"OPERATE_INCOME":99479027.2,"OPERATE_INCOME_YOY":-4.636799699,"GROSS_PROFIT":17139348.8,"GROSS_PROFIT_YOY":98.36575039874,"HOLDER_PROFIT":-1819160,"HOLDER_PROFIT_YOY":73.7121928166,"GROSS_PROFIT_RATIO":17.229107765139,"EPS_TTM":-0.00181916,"OPERATE_INCOME_QOQ":27.625404953674,"NET_PROFIT_RATIO":-1.8286869617,"ROE_AVG":-1.463599138285,"GROSS_PROFIT_QOQ":323.564903136368,"ROA":-1.309301039203,"HOLDER_PROFIT_QOQ":81.879785382774,"ROE_YEARLY":-1.463599138285,"ROIC_YEARLY":-2.756920179417,"TOTAL_ASSETS":140214312,"TOTAL_LIABILITIES":16830296,"TAX_EBT":null,"OCF_SALES":-4.097080675916,"TOTAL_PARENT_EQUITY":123384016,"DEBT_ASSET_RATIO":12.0032654013,"OPERATE_PROFIT":-1751299.2,"PRETAX_PROFIT":-1819160,"NETCASH_OPERATE":-4075736,"NETCASH_INVEST":16387156.8,"NETCASH_FINANCE":-1528912,"END_CASH":41555337.6,"DIVI_RATIO":-11.955671848546,"DIVIDEND_RATE":8.571428571429,"CURRENT_RATIO":8.426951700714,"COMMON_ACS":5000000000,"CURRENTDEBT_DEBT":97.260140879281,"ISSUED_COMMON_SHARES":1000000000,"HK_COMMON_SHARES":1000000000,"PER_SHARES":4000,"TOTAL_MARKET_CAP":280000000,"HKSK_MARKET_CAP":280000000,"PE_TTM":-111.42061281337,"PB_TTM":1.866816011948,"REPORT_DATE_SQ":"2020-12-31 00:00:00","REPORT_TYPE_SQ":"2020年年报","OPERATE_INCOME_SQ":107383164.32,"DPS_HKD":0.024,"OPERATE_INCOME_QOQ_SQ":-24.383819988016,"NET_PROFIT_RATIO_SQ":-6.6338527134,"HOLDER_PROFIT_SQ":-7123640.96,"HOLDER_PROFIT_QOQ_SQ":-910.59853885094,"ROE_AVG_SQ":-5.378510106947,"PE_TTM_SQ":40.125885129819,"PB_TTM_SQ":1.003272109691,"ROA_SQ":-4.769606158112,"START_DATE":"2021-01-01 00:00:00","FISCAL_YEAR":"12-31","CURRENCY":"HKD","IS_CNY_CODE":0,"DPS_HKD_LY":null,"ORG_TYPE":"一般企业","PREMIUM_INCOME":null,"PREMIUM_INCOME_YOY":null,"NET_INTEREST_INCOME":null,"NET_INTEREST_INCOME_YOY":null,"FEE_COMMISSION_INCOME":null,"FEE_COMMISSION_INCOME_YOY":null,"ACCOUNTS_RECE_TDAYS":2.133847772711,"INVENTORY_TDAYS":35.176039119804,"CURRENT_ASSETS_TDAYS":0.730203597845,"TOTAL_ASSETS_TDAYS":0.715978768727,"PREMIUM_EXPENSE":null,"LOAN_DEPOSIT":null,"LOAN_EQUITY":null,"LOAN_ASSETS":null,"DEPOSIT_EQUITY":null,"DEPOSIT_ASSETS":null,"EQUITY_MULTIPLIER":1.136405804784,"EQUITY_RATIO":0.136405804784},{"SECUCODE":"01746.HK","SECURITY_CODE":"01746","SECURITY_NAME_ABBR":"万顺集团控股","ORG_CODE":"10923359","STD_REPORT_DATE":"2021-06-30 00:00:00","REPORT_DATE":"2021-06-30 00:00:00","DATE_TYPE_CODE":"002","REPORT_TYPE":"2021年中报","PER_NETCASH_OPERATE":-0.00324011952,"PER_OI":0.0461637984,"BPS":0.1261599696,"BASIC_EPS":-0.00124812,"DILUTED_EPS":-0.00124812,"OPERATE_INCOME":46163798.4,"OPERATE_INCOME_YOY":-32.9668338066,"GROSS_PROFIT":7829872.8,"GROSS_PROFIT_YOY":-36.976308077251,"HOLDER_PROFIT":-1260601.2,"HOLDER_PROFIT_YOY":-183.6092715232,"GROSS_PROFIT_RATIO":16.96106705119,"EPS_TTM":-0.01003939544,"OPERATE_INCOME_QOQ":-27.413108364248,"NET_PROFIT_RATIO":-2.7307137707,"ROE_AVG":-0.994241275779,"GROSS_PROFIT_QOQ":-53.167566781407,"ROA":-0.913038368705,"HOLDER_PROFIT_QOQ":-40.930677112621,"ROE_YEARLY":-1.988482551558,"ROIC_YEARLY":-4.004863993233,"TOTAL_ASSETS":136026774.24,"TOTAL_LIABILITIES":9866804.64,"TAX_EBT":-4.627071823204,"OCF_SALES":-7.018745493872,"TOTAL_PARENT_EQUITY":126159969.6,"DEBT_ASSET_RATIO":7.2535754046,"OPERATE_PROFIT":-1167408.24,"PRETAX_PROFIT":-1204851.84,"NETCASH_OPERATE":-3240119.52,"NETCASH_INVEST":41614817.04,"NETCASH_FINANCE":-708932.16,"END_CASH":68983592.4,"DIVI_RATIO":-2.166393397888,"DIVIDEND_RATE":8.571428571429,"CURRENT_RATIO":14.47518498466,"COMMON_ACS":5000000000,"CURRENTDEBT_DEBT":93.455894754596,"ISSUED_COMMON_SHARES":1000000000,"HK_COMMON_SHARES":1000000000,"PER_SHARES":4000,"TOTAL_MARKET_CAP":280000000,"HKSK_MARKET_CAP":280000000,"PE_TTM":-111.42061281337,"PB_TTM":1.866816011948,"REPORT_DATE_SQ":"2020-06-30 00:00:00","REPORT_TYPE_SQ":"2020年中报","OPERATE_INCOME_SQ":75600861.6,"DPS_HKD":0.024,"OPERATE_INCOME_QOQ_SQ":38.470206465981,"NET_PROFIT_RATIO_SQ":2.1893312391,"HOLDER_PROFIT_SQ":1655153.28,"HOLDER_PROFIT_QOQ_SQ":-2.576130829754,"ROE_AVG_SQ":1.115042614073,"PE_TTM_SQ":40.125885129819,"PB_TTM_SQ":1.003272109691,"ROA_SQ":0.985063673059,"START_DATE":"2021-01-01 00:00:00","FISCAL_YEAR":"12-31","CURRENCY":"HKD","IS_CNY_CODE":0,"DPS_HKD_LY":null,"ORG_TYPE":"一般企业","PREMIUM_INCOME":null,"PREMIUM_INCOME_YOY":null,"NET_INTEREST_INCOME":null,"NET_INTEREST_INCOME_YOY":null,"FEE_COMMISSION_INCOME":null,"FEE_COMMISSION_INCOME_YOY":null,"ACCOUNTS_RECE_TDAYS":1.191452807903,"INVENTORY_TDAYS":null,"CURRENT_ASSETS_TDAYS":0.341464765674,"TOTAL_ASSETS_TDAYS":0.334358869279,"PREMIUM_EXPENSE":null,"LOAN_DEPOSIT":null,"LOAN_EQUITY":null,"LOAN_ASSETS":null,"DEPOSIT_EQUITY":null,"DEPOSIT_ASSETS":null,"EQUITY_MULTIPLIER":1.078208679593,"EQUITY_RATIO":0.078208679594},{"SECUCODE":"01746.HK","SECURITY_CODE":"01746","SECURITY_NAME_ABBR":"万顺集团控股","ORG_CODE":"10923359","STD_REPORT_DATE":"2020-12-31 00:00:00","REPORT_DATE":"2020-12-31 00:00:00","DATE_TYPE_CODE":"001","REPORT_TYPE":"2020年年报","PER_NETCASH_OPERATE":-0.00142826308,"PER_OI":0.10738316432,"BPS":0.1288845414,"BASIC_EPS":-0.00715394,"DILUTED_EPS":-0.00715394,"OPERATE_INCOME":107383164.32,"OPERATE_INCOME_YOY":11.4412738342,"GROSS_PROFIT":8640276.24,"GROSS_PROFIT_YOY":-59.182710128846,"HOLDER_PROFIT":-7123640.96,"HOLDER_PROFIT_YOY":-940.5163853029,"GROSS_PROFIT_RATIO":8.046211242437,"EPS_TTM":-0.00712364096,"OPERATE_INCOME_QOQ":-24.383819988016,"NET_PROFIT_RATIO":-6.6338527134,"ROE_AVG":-5.378510106947,"GROSS_PROFIT_QOQ":-64.290810546796,"ROA":-4.769606158112,"HOLDER_PROFIT_QOQ":-910.59853885094,"ROE_YEARLY":-5.378510106947,"ROIC_YEARLY":-10.380945372483,"TOTAL_ASSETS":141716184.84,"TOTAL_LIABILITIES":12831643.44,"TAX_EBT":1.569949994185,"OCF_SALES":-1.330062388312,"TOTAL_PARENT_EQUITY":128884541.4,"DEBT_ASSET_RATIO":9.0544657651,"OPERATE_PROFIT":-7154781.64,"PRETAX_PROFIT":-7237262.36,"NETCASH_OPERATE":-1428263.08,"NETCASH_INVEST":-47887632.72,"NETCASH_FINANCE":-1370189.92,"END_CASH":31677646.32,"DIVI_RATIO":-3.053112884566,"DIVIDEND_RATE":8.571428571429,"CURRENT_RATIO":11.943020976991,"COMMON_ACS":5000000000,"CURRENTDEBT_DEBT":90.364685819231,"ISSUED_COMMON_SHARES":1000000000,"HK_COMMON_SHARES":1000000000,"PER_SHARES":4000,"TOTAL_MARKET_CAP":280000000,"HKSK_MARKET_CAP":280000000,"PE_TTM":-111.42061281337,"PB_TTM":1.866816011948,"REPORT_DATE_SQ":"2019-12-31 00:00:00","REPORT_TYPE_SQ":"2019年年报","OPERATE_INCOME_SQ":102556956.42,"DPS_HKD":0.024,"OPERATE_INCOME_QOQ_SQ":-4.228876126027,"NET_PROFIT_RATIO_SQ":0.8795604818,"HOLDER_PROFIT_SQ":902050.46,"HOLDER_PROFIT_QOQ_SQ":-78.774214413499,"ROE_AVG_SQ":0.62506789156,"PE_TTM_SQ":40.125885129819,"PB_TTM_SQ":1.003272109691,"ROA_SQ":0.553888633732,"START_DATE":"2020-01-01 00:00:00","FISCAL_YEAR":"12-31","CURRENCY":"HKD","IS_CNY_CODE":0,"DPS_HKD_LY":null,"ORG_TYPE":"一般企业","PREMIUM_INCOME":null,"PREMIUM_INCOME_YOY":null,"NET_INTEREST_INCOME":null,"NET_INTEREST_INCOME_YOY":null,"FEE_COMMISSION_INCOME":null,"FEE_COMMISSION_INCOME_YOY":null,"ACCOUNTS_RECE_TDAYS":2.392940536587,"INVENTORY_TDAYS":null,"CURRENT_ASSETS_TDAYS":0.732403583145,"TOTAL_ASSETS_TDAYS":0.718979809193,"PREMIUM_EXPENSE":null,"LOAN_DEPOSIT":null,"LOAN_EQUITY":null,"LOAN_ASSETS":null,"DEPOSIT_EQUITY":null,"DEPOSIT_ASSETS":null,"EQUITY_MULTIPLIER":1.099559212459,"EQUITY_RATIO":0.09955921246},{"SECUCODE":"01746.HK","SECURITY_CODE":"01746","SECURITY_NAME_ABBR":"万顺集团控股","ORG_CODE":"10923359","STD_REPORT_DATE":"2020-06-30 00:00:00","REPORT_DATE":"2020-06-30 00:00:00","DATE_TYPE_CODE":"002","REPORT_TYPE":"2020年中报","PER_NETCASH_OPERATE":-0.00328747056,"PER_OI":0.0756008616,"BPS":0.14926614384,"BASIC_EPS":0.001644192,"DILUTED_EPS":0.001644192,"OPERATE_INCOME":75600861.6,"OPERATE_INCOME_YOY":101.4139005159,"GROSS_PROFIT":12423697.44,"GROSS_PROFIT_YOY":32.228206418017,"HOLDER_PROFIT":1655153.28,"HOLDER_PROFIT_YOY":-5.0314465409,"GROSS_PROFIT_RATIO":16.433274935057,"EPS_TTM":0.00087881246,"OPERATE_INCOME_QOQ":38.470206465981,"NET_PROFIT_RATIO":2.1893312391,"ROE_AVG":1.115042614073,"GROSS_PROFIT_QOQ":14.30472238706,"ROA":0.985063673059,"HOLDER_PROFIT_QOQ":-2.576130829754,"ROE_YEARLY":2.230085228147,"ROIC_YEARLY":4.149182814781,"TOTAL_ASSETS":165663305.28,"TOTAL_LIABILITIES":16397161.44,"TAX_EBT":17.298037425833,"OCF_SALES":-4.348456473147,"TOTAL_PARENT_EQUITY":149266143.84,"DEBT_ASSET_RATIO":9.8978837904,"OPERATE_PROFIT":2043365.28,"PRETAX_PROFIT":2001347.04,"NETCASH_OPERATE":-3287470.56,"NETCASH_INVEST":468594.72,"NETCASH_FINANCE":-706089.12,"END_CASH":85865186.88,"DIVI_RATIO":24.748488431764,"DIVIDEND_RATE":8.571428571429,"CURRENT_RATIO":10.671759369778,"COMMON_ACS":5000000000,"CURRENTDEBT_DEBT":93.34298924851,"ISSUED_COMMON_SHARES":1000000000,"HK_COMMON_SHARES":1000000000,"PER_SHARES":4000,"TOTAL_MARKET_CAP":280000000,"HKSK_MARKET_CAP":280000000,"PE_TTM":-111.42061281337,"PB_TTM":1.866816011948,"REPORT_DATE_SQ":"2019-06-30 00:00:00","REPORT_TYPE_SQ":"2019年中报","OPERATE_INCOME_SQ":36146988.72,"DPS_HKD":0.024,"OPERATE_INCOME_QOQ_SQ":-25.309216559372,"NET_PROFIT_RATIO_SQ":4.64323956,"HOLDER_PROFIT_SQ":1678391.28,"HOLDER_PROFIT_QOQ_SQ":-61.447845988127,"ROE_AVG_SQ":1.181073117587,"PE_TTM_SQ":40.125885129819,"PB_TTM_SQ":1.003272109691,"ROA_SQ":1.088848434352,"START_DATE":"2020-01-01 00:00:00","FISCAL_YEAR":"12-31","CURRENCY":"HKD","IS_CNY_CODE":0,"DPS_HKD_LY":null,"ORG_TYPE":"一般企业","PREMIUM_INCOME":null,"PREMIUM_INCOME_YOY":null,"NET_INTEREST_INCOME":null,"NET_INTEREST_INCOME_YOY":null,"FEE_COMMISSION_INCOME":null,"FEE_COMMISSION_INCOME_YOY":null,"ACCOUNTS_RECE_TDAYS":1.433731182982,"INVENTORY_TDAYS":null,"CURRENT_ASSETS_TDAYS":0.45640030219,"TOTAL_ASSETS_TDAYS":0.449938161704,"PREMIUM_EXPENSE":null,"LOAN_DEPOSIT":null,"LOAN_EQUITY":null,"LOAN_ASSETS":null,"DEPOSIT_EQUITY":null,"DEPOSIT_ASSETS":null,"EQUITY_MULTIPLIER":1.109851845959,"EQUITY_RATIO":0.109851845959}],"count":17},"success":true,"message":"ok","code":0}