{"version":"958aa807bd60ddc8a75fa4c03e81f6ba","result":{"pages":2,"data":[{"SECUCODE":"01745.HK","SECURITY_CODE":"01745","SECURITY_NAME_ABBR":"驴迹科技","ORG_CODE":"10000053168","STD_REPORT_DATE":"2024-06-30 00:00:00","REPORT_DATE":"2024-06-30 00:00:00","DATE_TYPE_CODE":"002","REPORT_TYPE":"2024年中报","PER_NETCASH_OPERATE":0.090751504708,"PER_OI":0.159139931591,"BPS":0.580807022259,"BASIC_EPS":0.032,"DILUTED_EPS":0.032,"OPERATE_INCOME":268501000,"OPERATE_INCOME_YOY":26.0674611,"GROSS_PROFIT":99666000,"GROSS_PROFIT_YOY":26.383464367233,"HOLDER_PROFIT":52346000,"HOLDER_PROFIT_YOY":1.6131223915,"GROSS_PROFIT_RATIO":37.119414825271,"EPS_TTM":0.086532682308,"OPERATE_INCOME_QOQ":9.484023607991,"NET_PROFIT_RATIO":19.4956443365,"ROE_AVG":5.524197782448,"GROSS_PROFIT_QOQ":9.317009385971,"ROA":4.714921366936,"HOLDER_PROFIT_QOQ":0.57244415053,"ROE_YEARLY":11.048395564896,"ROIC_YEARLY":10.7928394811,"TOTAL_ASSETS":1182122000,"TOTAL_LIABILITIES":202184000,"TAX_EBT":36.639391885349,"OCF_SALES":57.026230814783,"TOTAL_PARENT_EQUITY":979938000,"DEBT_ASSET_RATIO":17.1034800131,"OPERATE_PROFIT":82837000,"PRETAX_PROFIT":82616000,"NETCASH_OPERATE":153116000,"NETCASH_INVEST":-163977000,"NETCASH_FINANCE":41173000,"END_CASH":155296000,"DIVI_RATIO":null,"DIVIDEND_RATE":null,"CURRENT_RATIO":1.239747420939,"COMMON_ACS":10000000000,"CURRENTDEBT_DEBT":95.168262572706,"ISSUED_COMMON_SHARES":1687200675,"HK_COMMON_SHARES":1687200675,"PER_SHARES":2000,"TOTAL_MARKET_CAP":658008263.25,"HKSK_MARKET_CAP":658008263.25,"PE_TTM":4.070084624846,"PB_TTM":0.61284589607,"REPORT_DATE_SQ":"2023-06-30 00:00:00","REPORT_TYPE_SQ":"2023年中报","OPERATE_INCOME_SQ":212982000,"DPS_HKD":null,"OPERATE_INCOME_QOQ_SQ":19.237471248345,"NET_PROFIT_RATIO_SQ":24.1874900226,"HOLDER_PROFIT_SQ":51515000,"HOLDER_PROFIT_QOQ_SQ":66.619601992701,"ROE_AVG_SQ":7.068633598753,"PE_TTM_SQ":11.446206687765,"PB_TTM_SQ":0.934221379596,"ROA_SQ":6.282481796779,"START_DATE":"2024-01-01 00:00:00","FISCAL_YEAR":"12-31","CURRENCY":"HKD","IS_CNY_CODE":0,"DPS_HKD_LY":null,"ORG_TYPE":"一般企业","PREMIUM_INCOME":null,"PREMIUM_INCOME_YOY":null,"NET_INTEREST_INCOME":null,"NET_INTEREST_INCOME_YOY":null,"FEE_COMMISSION_INCOME":null,"FEE_COMMISSION_INCOME_YOY":null,"ACCOUNTS_RECE_TDAYS":4.546279599387,"INVENTORY_TDAYS":null,"CURRENT_ASSETS_TDAYS":1.205375460712,"TOTAL_ASSETS_TDAYS":0.241844859577,"PREMIUM_EXPENSE":null,"LOAN_DEPOSIT":null,"LOAN_EQUITY":null,"LOAN_ASSETS":null,"DEPOSIT_EQUITY":null,"DEPOSIT_ASSETS":null,"EQUITY_MULTIPLIER":1.206323257186,"EQUITY_RATIO":0.206323257186},{"SECUCODE":"01745.HK","SECURITY_CODE":"01745","SECURITY_NAME_ABBR":"驴迹科技","ORG_CODE":"10000053168","STD_REPORT_DATE":"2023-12-31 00:00:00","REPORT_DATE":"2023-12-31 00:00:00","DATE_TYPE_CODE":"001","REPORT_TYPE":"2023年年报","PER_NETCASH_OPERATE":0.158320137171,"PER_OI":0.363125584573,"BPS":0.542445847469,"BASIC_EPS":0.092,"DILUTED_EPS":0.092,"OPERATE_INCOME":585395000,"OPERATE_INCOME_YOY":70.0108617365,"GROSS_PROFIT":223312000,"GROSS_PROFIT_YOY":63.249312825311,"HOLDER_PROFIT":145167000,"HOLDER_PROFIT_YOY":286.7304259797,"GROSS_PROFIT_RATIO":38.147233918978,"EPS_TTM":0.090048346391,"OPERATE_INCOME_QOQ":42.581740418152,"NET_PROFIT_RATIO":24.7981277599,"ROE_AVG":17.954358106374,"GROSS_PROFIT_QOQ":41.407412567043,"ROA":15.930814697432,"HOLDER_PROFIT_QOQ":132.103798925556,"ROE_YEARLY":17.954358106374,"ROIC_YEARLY":21.085343154094,"TOTAL_ASSETS":1038318000,"TOTAL_LIABILITIES":123103000,"TAX_EBT":19.968354953773,"OCF_SALES":43.599279119227,"TOTAL_PARENT_EQUITY":915215000,"DEBT_ASSET_RATIO":11.8560017259,"OPERATE_PROFIT":181705000,"PRETAX_PROFIT":181387000,"NETCASH_OPERATE":255228000,"NETCASH_INVEST":-517968000,"NETCASH_FINANCE":67227000,"END_CASH":125117000,"DIVI_RATIO":null,"DIVIDEND_RATE":null,"CURRENT_RATIO":1.72360377767,"COMMON_ACS":10000000000,"CURRENTDEBT_DEBT":97.539458827161,"ISSUED_COMMON_SHARES":1687200675,"HK_COMMON_SHARES":1687200675,"PER_SHARES":2000,"TOTAL_MARKET_CAP":658008263.25,"HKSK_MARKET_CAP":658008263.25,"PE_TTM":4.070084624846,"PB_TTM":0.61284589607,"REPORT_DATE_SQ":"2022-12-31 00:00:00","REPORT_TYPE_SQ":"2022年年报","OPERATE_INCOME_SQ":344328000,"DPS_HKD":null,"OPERATE_INCOME_QOQ_SQ":-2.544174211827,"NET_PROFIT_RATIO_SQ":10.9015241282,"HOLDER_PROFIT_SQ":37537000,"HOLDER_PROFIT_QOQ_SQ":107.163700001336,"ROE_AVG_SQ":5.841893646939,"PE_TTM_SQ":13.25350248057,"PB_TTM_SQ":1.081730018479,"ROA_SQ":5.180300313065,"START_DATE":"2023-01-01 00:00:00","FISCAL_YEAR":"12-31","CURRENCY":"HKD","IS_CNY_CODE":0,"DPS_HKD_LY":null,"ORG_TYPE":"一般企业","PREMIUM_INCOME":null,"PREMIUM_INCOME_YOY":null,"NET_INTEREST_INCOME":null,"NET_INTEREST_INCOME_YOY":null,"FEE_COMMISSION_INCOME":null,"FEE_COMMISSION_INCOME_YOY":null,"ACCOUNTS_RECE_TDAYS":14.015897908611,"INVENTORY_TDAYS":null,"CURRENT_ASSETS_TDAYS":1.916638291185,"TOTAL_ASSETS_TDAYS":0.642420058953,"PREMIUM_EXPENSE":null,"LOAN_DEPOSIT":null,"LOAN_EQUITY":null,"LOAN_ASSETS":null,"DEPOSIT_EQUITY":null,"DEPOSIT_ASSETS":null,"EQUITY_MULTIPLIER":1.134507192299,"EQUITY_RATIO":0.134507192299},{"SECUCODE":"01745.HK","SECURITY_CODE":"01745","SECURITY_NAME_ABBR":"驴迹科技","ORG_CODE":"10000053168","STD_REPORT_DATE":"2023-06-30 00:00:00","REPORT_DATE":"2023-06-30 00:00:00","DATE_TYPE_CODE":"002","REPORT_TYPE":"2023年中报","PER_NETCASH_OPERATE":0.041266653523,"PER_OI":0.13211457777,"BPS":0.447909967793,"BASIC_EPS":0.0335,"DILUTED_EPS":0.0335,"OPERATE_INCOME":212982000,"OPERATE_INCOME_YOY":45.1404505867,"GROSS_PROFIT":78860000,"GROSS_PROFIT_YOY":36.599054234294,"HOLDER_PROFIT":51515000,"HOLDER_PROFIT_YOY":94.3375584729,"GROSS_PROFIT_RATIO":37.026603187124,"EPS_TTM":0.038796584463,"OPERATE_INCOME_QOQ":19.237471248345,"NET_PROFIT_RATIO":24.1874900226,"ROE_AVG":7.068633598753,"GROSS_PROFIT_QOQ":15.446078718054,"ROA":6.282481796779,"HOLDER_PROFIT_QOQ":66.619601992701,"ROE_YEARLY":14.137267197506,"ROIC_YEARLY":20.316910677963,"TOTAL_ASSETS":855807000,"TOTAL_LIABILITIES":100093000,"TAX_EBT":19.328823326756,"OCF_SALES":31.235503469777,"TOTAL_PARENT_EQUITY":755714000,"DEBT_ASSET_RATIO":11.6957444844,"OPERATE_PROFIT":64039000,"PRETAX_PROFIT":63858000,"NETCASH_OPERATE":64383000,"NETCASH_INVEST":-80384000,"NETCASH_FINANCE":717000,"END_CASH":305324000,"DIVI_RATIO":null,"DIVIDEND_RATE":null,"CURRENT_RATIO":4.380627543816,"COMMON_ACS":10000000000,"CURRENTDEBT_DEBT":96.222513062852,"ISSUED_COMMON_SHARES":1687200675,"HK_COMMON_SHARES":1687200675,"PER_SHARES":2000,"TOTAL_MARKET_CAP":666444266.625,"HKSK_MARKET_CAP":666444266.625,"PE_TTM":4.12226519696,"PB_TTM":0.620702894738,"REPORT_DATE_SQ":"2022-06-30 00:00:00","REPORT_TYPE_SQ":"2022年中报","OPERATE_INCOME_SQ":146742000,"DPS_HKD":null,"OPERATE_INCOME_QOQ_SQ":-7.438854424278,"NET_PROFIT_RATIO_SQ":18.0643578526,"HOLDER_PROFIT_SQ":26508000,"HOLDER_PROFIT_QOQ_SQ":4.662883426095,"ROE_AVG_SQ":4.381650557252,"PE_TTM_SQ":13.25350248057,"PB_TTM_SQ":1.081730018479,"ROA_SQ":3.831809745182,"START_DATE":"2023-01-01 00:00:00","FISCAL_YEAR":"12-31","CURRENCY":"HKD","IS_CNY_CODE":0,"DPS_HKD_LY":null,"ORG_TYPE":"一般企业","PREMIUM_INCOME":null,"PREMIUM_INCOME_YOY":null,"NET_INTEREST_INCOME":null,"NET_INTEREST_INCOME_YOY":null,"FEE_COMMISSION_INCOME":null,"FEE_COMMISSION_INCOME_YOY":null,"ACCOUNTS_RECE_TDAYS":5.359183724822,"INVENTORY_TDAYS":null,"CURRENT_ASSETS_TDAYS":0.515817937208,"TOTAL_ASSETS_TDAYS":0.259740956623,"PREMIUM_EXPENSE":null,"LOAN_DEPOSIT":null,"LOAN_EQUITY":null,"LOAN_ASSETS":null,"DEPOSIT_EQUITY":null,"DEPOSIT_ASSETS":null,"EQUITY_MULTIPLIER":1.132448254233,"EQUITY_RATIO":0.132448254234},{"SECUCODE":"01745.HK","SECURITY_CODE":"01745","SECURITY_NAME_ABBR":"驴迹科技","ORG_CODE":"10000053168","STD_REPORT_DATE":"2022-12-31 00:00:00","REPORT_DATE":"2022-12-31 00:00:00","DATE_TYPE_CODE":"001","REPORT_TYPE":"2022年年报","PER_NETCASH_OPERATE":0.106877109471,"PER_OI":0.224157182927,"BPS":0.415986082983,"BASIC_EPS":0.0256,"DILUTED_EPS":0.0256,"OPERATE_INCOME":344328000,"OPERATE_INCOME_YOY":-9.7937712202,"GROSS_PROFIT":136792000,"GROSS_PROFIT_YOY":17.091375989728,"HOLDER_PROFIT":37537000,"HOLDER_PROFIT_YOY":106.8296650213,"GROSS_PROFIT_RATIO":39.727236820706,"EPS_TTM":0.024436549382,"OPERATE_INCOME_QOQ":-2.544174211827,"NET_PROFIT_RATIO":10.9015241282,"ROE_AVG":5.841893646939,"GROSS_PROFIT_QOQ":8.79216141629,"ROA":5.180300313065,"HOLDER_PROFIT_QOQ":107.163700001336,"ROE_YEARLY":5.841893646939,"ROIC_YEARLY":9.760619487436,"TOTAL_ASSETS":784150000,"TOTAL_LIABILITIES":82298000,"TAX_EBT":20.154428656513,"OCF_SALES":47.679538114821,"TOTAL_PARENT_EQUITY":701852000,"DEBT_ASSET_RATIO":10.4951858701,"OPERATE_PROFIT":47189000,"PRETAX_PROFIT":47012000,"NETCASH_OPERATE":164174000,"NETCASH_INVEST":-200924000,"NETCASH_FINANCE":-2632000,"END_CASH":320404000,"DIVI_RATIO":null,"DIVIDEND_RATE":null,"CURRENT_RATIO":5.249015556162,"COMMON_ACS":10000000000,"CURRENTDEBT_DEBT":93.498019392938,"ISSUED_COMMON_SHARES":1687200675,"HK_COMMON_SHARES":1687200675,"PER_SHARES":2000,"TOTAL_MARKET_CAP":666444266.625,"HKSK_MARKET_CAP":666444266.625,"PE_TTM":4.12226519696,"PB_TTM":0.620702894738,"REPORT_DATE_SQ":"2021-12-31 00:00:00","REPORT_TYPE_SQ":"2021年年报","OPERATE_INCOME_SQ":381712000,"DPS_HKD":null,"OPERATE_INCOME_QOQ_SQ":-2.095756932208,"NET_PROFIT_RATIO_SQ":-143.9873517207,"HOLDER_PROFIT_SQ":-549617000,"HOLDER_PROFIT_QOQ_SQ":-2674.16212396527,"ROE_AVG_SQ":-63.773175947489,"PE_TTM_SQ":13.25350248057,"PB_TTM_SQ":1.081730018479,"ROA_SQ":-58.968902269256,"START_DATE":"2022-01-01 00:00:00","FISCAL_YEAR":"12-31","CURRENCY":"HKD","IS_CNY_CODE":0,"DPS_HKD_LY":null,"ORG_TYPE":"一般企业","PREMIUM_INCOME":null,"PREMIUM_INCOME_YOY":null,"NET_INTEREST_INCOME":null,"NET_INTEREST_INCOME_YOY":null,"FEE_COMMISSION_INCOME":null,"FEE_COMMISSION_INCOME_YOY":null,"ACCOUNTS_RECE_TDAYS":8.96629125708,"INVENTORY_TDAYS":null,"CURRENT_ASSETS_TDAYS":0.768684513372,"TOTAL_ASSETS_TDAYS":0.475190464394,"PREMIUM_EXPENSE":null,"LOAN_DEPOSIT":null,"LOAN_EQUITY":null,"LOAN_ASSETS":null,"DEPOSIT_EQUITY":null,"DEPOSIT_ASSETS":null,"EQUITY_MULTIPLIER":1.117258339366,"EQUITY_RATIO":0.117258339365},{"SECUCODE":"01745.HK","SECURITY_CODE":"01745","SECURITY_NAME_ABBR":"驴迹科技","ORG_CODE":"10000053168","STD_REPORT_DATE":"2022-06-30 00:00:00","REPORT_DATE":"2022-06-30 00:00:00","DATE_TYPE_CODE":"002","REPORT_TYPE":"2022年中报","PER_NETCASH_OPERATE":0.04359033922,"PER_OI":0.10025757524,"BPS":0.371449590607,"BASIC_EPS":0.0181,"DILUTED_EPS":0.0181,"OPERATE_INCOME":146742000,"OPERATE_INCOME_YOY":-16.2130218058,"GROSS_PROFIT":57731000,"GROSS_PROFIT_YOY":18.255187529446,"HOLDER_PROFIT":26508000,"HOLDER_PROFIT_YOY":2912.2727272727,"GROSS_PROFIT_RATIO":39.341838055908,"EPS_TTM":-0.358001571414,"OPERATE_INCOME_QOQ":-7.438854424278,"NET_PROFIT_RATIO":18.0643578526,"ROE_AVG":4.381650557252,"GROSS_PROFIT_QOQ":7.628504172908,"ROA":3.831809745182,"HOLDER_PROFIT_QOQ":4.662883426095,"ROE_YEARLY":8.763301114504,"ROIC_YEARLY":15.938789468542,"TOTAL_ASSETS":718505000,"TOTAL_LIABILITIES":91795000,"TAX_EBT":20.871641791045,"OCF_SALES":43.478349756716,"TOTAL_PARENT_EQUITY":626710000,"DEBT_ASSET_RATIO":12.7758331536,"OPERATE_PROFIT":33526000,"PRETAX_PROFIT":33500000,"NETCASH_OPERATE":63801000,"NETCASH_INVEST":-80338000,"NETCASH_FINANCE":-1419000,"END_CASH":358666000,"DIVI_RATIO":null,"DIVIDEND_RATE":null,"CURRENT_RATIO":4.999330134083,"COMMON_ACS":10000000000,"CURRENTDEBT_DEBT":99.20257094613,"ISSUED_COMMON_SHARES":1687200675,"HK_COMMON_SHARES":1687200675,"PER_SHARES":2000,"TOTAL_MARKET_CAP":666444266.625,"HKSK_MARKET_CAP":666444266.625,"PE_TTM":4.12226519696,"PB_TTM":0.620702894738,"REPORT_DATE_SQ":"2021-06-30 00:00:00","REPORT_TYPE_SQ":"2021年中报","OPERATE_INCOME_SQ":175137000,"DPS_HKD":null,"OPERATE_INCOME_QOQ_SQ":32.140884118339,"NET_PROFIT_RATIO_SQ":0.5024637855,"HOLDER_PROFIT_SQ":880000,"HOLDER_PROFIT_QOQ_SQ":80.315359623238,"ROE_AVG_SQ":0.077246885875,"PE_TTM_SQ":13.25350248057,"PB_TTM_SQ":1.081730018479,"ROA_SQ":0.073277611816,"START_DATE":"2022-01-01 00:00:00","FISCAL_YEAR":"12-31","CURRENCY":"HKD","IS_CNY_CODE":0,"DPS_HKD_LY":null,"ORG_TYPE":"一般企业","PREMIUM_INCOME":null,"PREMIUM_INCOME_YOY":null,"NET_INTEREST_INCOME":null,"NET_INTEREST_INCOME_YOY":null,"FEE_COMMISSION_INCOME":null,"FEE_COMMISSION_INCOME_YOY":null,"ACCOUNTS_RECE_TDAYS":3.263580459706,"INVENTORY_TDAYS":null,"CURRENT_ASSETS_TDAYS":0.309828376337,"TOTAL_ASSETS_TDAYS":0.212119898003,"PREMIUM_EXPENSE":null,"LOAN_DEPOSIT":null,"LOAN_EQUITY":null,"LOAN_ASSETS":null,"DEPOSIT_EQUITY":null,"DEPOSIT_ASSETS":null,"EQUITY_MULTIPLIER":1.146471254648,"EQUITY_RATIO":0.146471254647},{"SECUCODE":"01745.HK","SECURITY_CODE":"01745","SECURITY_NAME_ABBR":"驴迹科技","ORG_CODE":"10000053168","STD_REPORT_DATE":"2021-12-31 00:00:00","REPORT_DATE":"2021-12-31 00:00:00","DATE_TYPE_CODE":"001","REPORT_TYPE":"2021年年报","PER_NETCASH_OPERATE":0.06330885116,"PER_OI":0.26079458887,"BPS":0.345687984033,"BASIC_EPS":-0.3755,"DILUTED_EPS":-0.3755,"OPERATE_INCOME":381712000,"OPERATE_INCOME_YOY":29.3715323791,"GROSS_PROFIT":116825000,"GROSS_PROFIT_YOY":56.438308471036,"HOLDER_PROFIT":-549617000,"HOLDER_PROFIT_YOY":-446.0838375709,"GROSS_PROFIT_RATIO":30.605535063084,"EPS_TTM":-0.375511221945,"OPERATE_INCOME_QOQ":-2.095756932208,"NET_PROFIT_RATIO":-143.9873517207,"ROE_AVG":-63.773175947489,"GROSS_PROFIT_QOQ":-2.480049417343,"ROA":-58.968902269256,"HOLDER_PROFIT_QOQ":-2674.16212396527,"ROE_YEARLY":-63.773175947489,"ROIC_YEARLY":-111.253885213265,"TOTAL_ASSETS":665071000,"TOTAL_LIABILITIES":81826000,"TAX_EBT":-1.415828941736,"OCF_SALES":24.275369912395,"TOTAL_PARENT_EQUITY":583245000,"DEBT_ASSET_RATIO":12.3033480636,"OPERATE_PROFIT":-541763000,"PRETAX_PROFIT":-541944000,"NETCASH_OPERATE":81679000,"NETCASH_INVEST":-233586000,"NETCASH_FINANCE":-2909000,"END_CASH":359665000,"DIVI_RATIO":null,"DIVIDEND_RATE":null,"CURRENT_RATIO":6.13182362032,"COMMON_ACS":10000000000,"CURRENTDEBT_DEBT":98.05685234522,"ISSUED_COMMON_SHARES":1687200675,"HK_COMMON_SHARES":1687200675,"PER_SHARES":2000,"TOTAL_MARKET_CAP":658008263.25,"HKSK_MARKET_CAP":658008263.25,"PE_TTM":4.070084624846,"PB_TTM":0.61284589607,"REPORT_DATE_SQ":"2020-12-31 00:00:00","REPORT_TYPE_SQ":"2020年年报","OPERATE_INCOME_SQ":295051000,"DPS_HKD":null,"OPERATE_INCOME_QOQ_SQ":-32.814079734764,"NET_PROFIT_RATIO_SQ":-34.1117298365,"HOLDER_PROFIT_SQ":-100647000,"HOLDER_PROFIT_QOQ_SQ":-447.682050573442,"ROE_AVG_SQ":-11.151385821197,"PE_TTM_SQ":13.25350248057,"PB_TTM_SQ":1.081730018479,"ROA_SQ":-10.452389581985,"START_DATE":"2021-01-01 00:00:00","FISCAL_YEAR":"12-31","CURRENCY":"HKD","IS_CNY_CODE":0,"DPS_HKD_LY":null,"ORG_TYPE":"一般企业","PREMIUM_INCOME":null,"PREMIUM_INCOME_YOY":null,"NET_INTEREST_INCOME":null,"NET_INTEREST_INCOME_YOY":null,"FEE_COMMISSION_INCOME":null,"FEE_COMMISSION_INCOME_YOY":null,"ACCOUNTS_RECE_TDAYS":11.162475143292,"INVENTORY_TDAYS":null,"CURRENT_ASSETS_TDAYS":0.707610513164,"TOTAL_ASSETS_TDAYS":0.409542238013,"PREMIUM_EXPENSE":null,"LOAN_DEPOSIT":null,"LOAN_EQUITY":null,"LOAN_ASSETS":null,"DEPOSIT_EQUITY":null,"DEPOSIT_ASSETS":null,"EQUITY_MULTIPLIER":1.140294387436,"EQUITY_RATIO":0.140294387436},{"SECUCODE":"01745.HK","SECURITY_CODE":"01745","SECURITY_NAME_ABBR":"驴迹科技","ORG_CODE":"10000053168","STD_REPORT_DATE":"2021-06-30 00:00:00","REPORT_DATE":"2021-06-30 00:00:00","DATE_TYPE_CODE":"002","REPORT_TYPE":"2021年中报","PER_NETCASH_OPERATE":-0.020237078537,"PER_OI":0.119657705052,"BPS":0.674485268328,"BASIC_EPS":0.0006,"DILUTED_EPS":0.0006,"OPERATE_INCOME":175137000,"OPERATE_INCOME_YOY":118.0897827034,"GROSS_PROFIT":48819000,"GROSS_PROFIT_YOY":1219.07592542556,"HOLDER_PROFIT":880000,"HOLDER_PROFIT_YOY":101.1006190982,"GROSS_PROFIT_RATIO":27.874749481834,"EPS_TTM":-0.013536022956,"OPERATE_INCOME_QOQ":32.140884118339,"NET_PROFIT_RATIO":0.5024637855,"ROE_AVG":0.077246885875,"GROSS_PROFIT_QOQ":60.416722461769,"ROA":0.073277611816,"HOLDER_PROFIT_QOQ":80.315359623238,"ROE_YEARLY":0.15449377175,"ROIC_YEARLY":0.235306071699,"TOTAL_ASSETS":1202805000,"TOTAL_LIABILITIES":64813000,"TAX_EBT":52.432432432432,"OCF_SALES":-16.912474234457,"TOTAL_PARENT_EQUITY":1137992000,"DEBT_ASSET_RATIO":5.3884877432,"OPERATE_PROFIT":1984000,"PRETAX_PROFIT":1850000,"NETCASH_OPERATE":-38941000,"NETCASH_INVEST":-88623000,"NETCASH_FINANCE":-1391000,"END_CASH":389516000,"DIVI_RATIO":null,"DIVIDEND_RATE":null,"CURRENT_RATIO":8.666374362245,"COMMON_ACS":10000000000,"CURRENTDEBT_DEBT":96.770709579868,"ISSUED_COMMON_SHARES":1687200675,"HK_COMMON_SHARES":1687200675,"PER_SHARES":2000,"TOTAL_MARKET_CAP":666444266.625,"HKSK_MARKET_CAP":666444266.625,"PE_TTM":4.12226519696,"PB_TTM":0.620702894738,"REPORT_DATE_SQ":"2020-06-30 00:00:00","REPORT_TYPE_SQ":"2020年中报","OPERATE_INCOME_SQ":80305000,"DPS_HKD":null,"OPERATE_INCOME_QOQ_SQ":-18.946942948951,"NET_PROFIT_RATIO_SQ":-99.5641616338,"HOLDER_PROFIT_SQ":-79955000,"HOLDER_PROFIT_QOQ_SQ":-81.99572096726,"ROE_AVG_SQ":-8.795440957351,"PE_TTM_SQ":13.25350248057,"PB_TTM_SQ":1.081730018479,"ROA_SQ":-8.256393787284,"START_DATE":"2021-01-01 00:00:00","FISCAL_YEAR":"12-31","CURRENCY":"HKD","IS_CNY_CODE":0,"DPS_HKD_LY":null,"ORG_TYPE":"一般企业","PREMIUM_INCOME":null,"PREMIUM_INCOME_YOY":null,"NET_INTEREST_INCOME":null,"NET_INTEREST_INCOME_YOY":null,"FEE_COMMISSION_INCOME":null,"FEE_COMMISSION_INCOME_YOY":null,"ACCOUNTS_RECE_TDAYS":5.533904196158,"INVENTORY_TDAYS":null,"CURRENT_ASSETS_TDAYS":0.30985688733,"TOTAL_ASSETS_TDAYS":0.145836603416,"PREMIUM_EXPENSE":null,"LOAN_DEPOSIT":null,"LOAN_EQUITY":null,"LOAN_ASSETS":null,"DEPOSIT_EQUITY":null,"DEPOSIT_ASSETS":null,"EQUITY_MULTIPLIER":1.056953827443,"EQUITY_RATIO":0.056953827443},{"SECUCODE":"01745.HK","SECURITY_CODE":"01745","SECURITY_NAME_ABBR":"驴迹科技","ORG_CODE":"10000053168","STD_REPORT_DATE":"2020-12-31 00:00:00","REPORT_DATE":"2020-12-31 00:00:00","DATE_TYPE_CODE":"001","REPORT_TYPE":"2020年年报","PER_NETCASH_OPERATE":0.0442045571,"PER_OI":0.201585761623,"BPS":0.675922560308,"BASIC_EPS":-0.0716,"DILUTED_EPS":-0.0716,"OPERATE_INCOME":295051000,"OPERATE_INCOME_YOY":-45.5437577171,"GROSS_PROFIT":74678000,"GROSS_PROFIT_YOY":-67.864120284704,"HOLDER_PROFIT":-100647000,"HOLDER_PROFIT_YOY":-162.597646532,"GROSS_PROFIT_RATIO":25.310200609386,"EPS_TTM":-0.068764390394,"OPERATE_INCOME_QOQ":-32.814079734764,"NET_PROFIT_RATIO":-34.1117298365,"ROE_AVG":-11.151385821197,"GROSS_PROFIT_QOQ":-53.23125097855,"ROA":-10.452389581985,"HOLDER_PROFIT_QOQ":-447.682050573442,"ROE_YEARLY":-11.151385821197,"ROIC_YEARLY":-15.110914263837,"TOTAL_ASSETS":1199020000,"TOTAL_LIABILITIES":58603000,"TAX_EBT":-1.824086439238,"OCF_SALES":21.928412376166,"TOTAL_PARENT_EQUITY":1140417000,"DEBT_ASSET_RATIO":4.8875748528,"OPERATE_PROFIT":-98506000,"PRETAX_PROFIT":-98844000,"NETCASH_OPERATE":39242000,"NETCASH_INVEST":-205191000,"NETCASH_FINANCE":603268000,"END_CASH":516385000,"DIVI_RATIO":null,"DIVIDEND_RATE":null,"CURRENT_RATIO":10.753696747595,"COMMON_ACS":10000000000,"CURRENTDEBT_DEBT":93.126631742402,"ISSUED_COMMON_SHARES":1687200675,"HK_COMMON_SHARES":1687200675,"PER_SHARES":2000,"TOTAL_MARKET_CAP":666444266.625,"HKSK_MARKET_CAP":666444266.625,"PE_TTM":4.12226519696,"PB_TTM":0.620702894738,"REPORT_DATE_SQ":"2019-12-31 00:00:00","REPORT_TYPE_SQ":"2019年年报","OPERATE_INCOME_SQ":541813000,"DPS_HKD":null,"OPERATE_INCOME_QOQ_SQ":28.704623088362,"NET_PROFIT_RATIO_SQ":29.6751831351,"HOLDER_PROFIT_SQ":160784000,"HOLDER_PROFIT_QOQ_SQ":18.000543091364,"ROE_AVG_SQ":30.032959222652,"PE_TTM_SQ":13.25350248057,"PB_TTM_SQ":1.081730018479,"ROA_SQ":27.203136116349,"START_DATE":"2020-01-01 00:00:00","FISCAL_YEAR":"12-31","CURRENCY":"HKD","IS_CNY_CODE":0,"DPS_HKD_LY":null,"ORG_TYPE":"一般企业","PREMIUM_INCOME":null,"PREMIUM_INCOME_YOY":null,"NET_INTEREST_INCOME":null,"NET_INTEREST_INCOME_YOY":null,"FEE_COMMISSION_INCOME":null,"FEE_COMMISSION_INCOME_YOY":null,"ACCOUNTS_RECE_TDAYS":8.679885268809,"INVENTORY_TDAYS":null,"CURRENT_ASSETS_TDAYS":0.791794136906,"TOTAL_ASSETS_TDAYS":0.306416286482,"PREMIUM_EXPENSE":null,"LOAN_DEPOSIT":null,"LOAN_EQUITY":null,"LOAN_ASSETS":null,"DEPOSIT_EQUITY":null,"DEPOSIT_ASSETS":null,"EQUITY_MULTIPLIER":1.051387343402,"EQUITY_RATIO":0.051387343402},{"SECUCODE":"01745.HK","SECURITY_CODE":"01745","SECURITY_NAME_ABBR":"驴迹科技","ORG_CODE":"10000053168","STD_REPORT_DATE":"2020-06-30 00:00:00","REPORT_DATE":"2020-06-30 00:00:00","DATE_TYPE_CODE":"002","REPORT_TYPE":"2020年中报","PER_NETCASH_OPERATE":-0.010257392044,"PER_OI":0.056941785436,"BPS":0.683626445325,"BASIC_EPS":-0.0578,"DILUTED_EPS":-0.0578,"OPERATE_INCOME":80305000,"OPERATE_INCOME_YOY":-56.1083722303,"GROSS_PROFIT":3701000,"GROSS_PROFIT_YOY":-95.156266359544,"HOLDER_PROFIT":-79955000,"HOLDER_PROFIT_YOY":-254.1122954453,"GROSS_PROFIT_RATIO":4.60867940975,"EPS_TTM":0.020526129192,"OPERATE_INCOME_QOQ":-18.946942948951,"NET_PROFIT_RATIO":-99.5641616338,"ROE_AVG":-8.795440957351,"GROSS_PROFIT_QOQ":-31.287707309516,"ROA":-8.256393787284,"HOLDER_PROFIT_QOQ":-81.99572096726,"ROE_YEARLY":-17.590881914701,"ROIC_YEARLY":-24.426251919877,"TOTAL_ASSETS":1210004000,"TOTAL_LIABILITIES":56589000,"TAX_EBT":null,"OCF_SALES":-18.013822302472,"TOTAL_PARENT_EQUITY":1153415000,"DEBT_ASSET_RATIO":4.6767613991,"OPERATE_PROFIT":-79765000,"PRETAX_PROFIT":-79955000,"NETCASH_OPERATE":-14466000,"NETCASH_INVEST":-501794000,"NETCASH_FINANCE":563678000,"END_CASH":128608000,"DIVI_RATIO":null,"DIVIDEND_RATE":null,"CURRENT_RATIO":11.713426777687,"COMMON_ACS":10000000000,"CURRENTDEBT_DEBT":93.168283588683,"ISSUED_COMMON_SHARES":1687200675,"HK_COMMON_SHARES":1687200675,"PER_SHARES":2000,"TOTAL_MARKET_CAP":666444266.625,"HKSK_MARKET_CAP":666444266.625,"PE_TTM":4.12226519696,"PB_TTM":0.620702894738,"REPORT_DATE_SQ":"2019-06-30 00:00:00","REPORT_TYPE_SQ":"2019年中报","OPERATE_INCOME_SQ":182962000,"DPS_HKD":null,"OPERATE_INCOME_QOQ_SQ":39.537674184267,"NET_PROFIT_RATIO_SQ":28.3561613887,"HOLDER_PROFIT_SQ":51881000,"HOLDER_PROFIT_QOQ_SQ":36.553320705932,"ROE_AVG_SQ":10.797373133831,"PE_TTM_SQ":13.25350248057,"PB_TTM_SQ":1.081730018479,"ROA_SQ":9.988361895942,"START_DATE":"2020-01-01 00:00:00","FISCAL_YEAR":"12-31","CURRENCY":"HKD","IS_CNY_CODE":0,"DPS_HKD_LY":null,"ORG_TYPE":"一般企业","PREMIUM_INCOME":null,"PREMIUM_INCOME_YOY":null,"NET_INTEREST_INCOME":null,"NET_INTEREST_INCOME_YOY":null,"FEE_COMMISSION_INCOME":null,"FEE_COMMISSION_INCOME_YOY":null,"ACCOUNTS_RECE_TDAYS":1.687611642324,"INVENTORY_TDAYS":null,"CURRENT_ASSETS_TDAYS":0.206983385656,"TOTAL_ASSETS_TDAYS":0.0829253584,"PREMIUM_EXPENSE":null,"LOAN_DEPOSIT":null,"LOAN_EQUITY":null,"LOAN_ASSETS":null,"DEPOSIT_EQUITY":null,"DEPOSIT_ASSETS":null,"EQUITY_MULTIPLIER":1.049062132883,"EQUITY_RATIO":0.049062132884}],"count":15},"success":true,"message":"ok","code":0}