{"version":"77df84eba50fd052b8f5a43cf9c2ef46","result":{"pages":2,"data":[{"SECUCODE":"01741.HK","SECURITY_CODE":"01741","SECURITY_NAME_ABBR":"成志控股","ORG_CODE":"10921576","STD_REPORT_DATE":"2024-12-31 00:00:00","REPORT_DATE":"2024-09-30 00:00:00","DATE_TYPE_CODE":"001","REPORT_TYPE":"2024年年报","PER_NETCASH_OPERATE":0.046217864738,"PER_OI":0.16227260155,"BPS":0.039117395725,"BASIC_EPS":-0.011362554,"DILUTED_EPS":-0.011362554,"OPERATE_INCOME":129818081.24,"OPERATE_INCOME_YOY":-18.8614586856,"GROSS_PROFIT":8919604.89,"GROSS_PROFIT_YOY":-68.075857366267,"HOLDER_PROFIT":-9081025.3,"HOLDER_PROFIT_YOY":-469.2481628038,"GROSS_PROFIT_RATIO":6.870849426214,"EPS_TTM":-0.011351281625,"OPERATE_INCOME_QOQ":0,"NET_PROFIT_RATIO":-6.9833838117,"ROE_AVG":-25.060348903765,"GROSS_PROFIT_QOQ":0,"ROA":-7.573877268591,"HOLDER_PROFIT_QOQ":0,"ROE_YEARLY":-25.060348903765,"ROIC_YEARLY":-10.360135597405,"TOTAL_ASSETS":57797524.68,"TOTAL_LIABILITIES":26503608.1,"TAX_EBT":null,"OCF_SALES":28.481619383701,"TOTAL_PARENT_EQUITY":31293916.58,"DEBT_ASSET_RATIO":45.8559570617,"OPERATE_PROFIT":-20880947.45,"PRETAX_PROFIT":-21065814.4,"NETCASH_OPERATE":36974291.79,"NETCASH_INVEST":-1834240.86,"NETCASH_FINANCE":-43141633.6,"END_CASH":29360478.82,"DIVI_RATIO":null,"DIVIDEND_RATE":null,"CURRENT_RATIO":2.230750246792,"COMMON_ACS":2000000000,"CURRENTDEBT_DEBT":96.509016672338,"ISSUED_COMMON_SHARES":800000000,"HK_COMMON_SHARES":800000000,"PER_SHARES":4000,"TOTAL_MARKET_CAP":45600000,"HKSK_MARKET_CAP":45600000,"PE_TTM":-4.528301886792,"PB_TTM":1.314045299983,"REPORT_DATE_SQ":"2023-12-31 00:00:00","REPORT_TYPE_SQ":"2023年年报","OPERATE_INCOME_SQ":162805914.6,"DPS_HKD":null,"OPERATE_INCOME_QOQ_SQ":0,"NET_PROFIT_RATIO_SQ":-1.1549102499,"HOLDER_PROFIT_SQ":-1623287.47,"HOLDER_PROFIT_QOQ_SQ":0,"ROE_AVG_SQ":-3.808396124865,"PE_TTM_SQ":-262.295081967213,"PB_TTM_SQ":10.161177295025,"ROA_SQ":-1.00811219736,"START_DATE":"2023-10-01 00:00:00","FISCAL_YEAR":"9-30","CURRENCY":"HKD","IS_CNY_CODE":0,"DPS_HKD_LY":null,"ORG_TYPE":"一般企业","PREMIUM_INCOME":null,"PREMIUM_INCOME_YOY":null,"NET_INTEREST_INCOME":null,"NET_INTEREST_INCOME_YOY":null,"FEE_COMMISSION_INCOME":null,"FEE_COMMISSION_INCOME_YOY":null,"ACCOUNTS_RECE_TDAYS":2.546113778863,"INVENTORY_TDAYS":null,"CURRENT_ASSETS_TDAYS":1.187505929033,"TOTAL_ASSETS_TDAYS":1.082725994118,"PREMIUM_EXPENSE":null,"LOAN_DEPOSIT":null,"LOAN_EQUITY":null,"LOAN_ASSETS":null,"DEPOSIT_EQUITY":null,"DEPOSIT_ASSETS":null,"EQUITY_MULTIPLIER":1.846925249264,"EQUITY_RATIO":0.846925249265},{"SECUCODE":"01741.HK","SECURITY_CODE":"01741","SECURITY_NAME_ABBR":"成志控股","ORG_CODE":"10921576","STD_REPORT_DATE":"2024-06-30 00:00:00","REPORT_DATE":"2024-03-31 00:00:00","DATE_TYPE_CODE":"002","REPORT_TYPE":"2024年中报","PER_NETCASH_OPERATE":0.011335274563,"PER_OI":0.104376767438,"BPS":0.03247715375,"BASIC_EPS":-0.019128205,"DILUTED_EPS":-0.019128205,"OPERATE_INCOME":83501413.95,"OPERATE_INCOME_YOY":-14.4246759883,"GROSS_PROFIT":15991542,"GROSS_PROFIT_YOY":-2.966703618003,"HOLDER_PROFIT":-15307096.75,"HOLDER_PROFIT_YOY":-61.0549408623,"GROSS_PROFIT_RATIO":19.151223007524,"EPS_TTM":-0.009690732225,"OPERATE_INCOME_QOQ":0,"NET_PROFIT_RATIO":-18.1024655571,"ROE_AVG":-45.436198267047,"GROSS_PROFIT_QOQ":0,"ROA":-9.506811291063,"HOLDER_PROFIT_QOQ":0,"ROE_YEARLY":-90.872396534094,"ROIC_YEARLY":-23.379788287259,"TOTAL_ASSETS":139062050.35,"TOTAL_LIABILITIES":115171738.2,"TAX_EBT":-0.222395864639,"OCF_SALES":10.859959395933,"TOTAL_PARENT_EQUITY":25981723,"DEBT_ASSET_RATIO":82.8203941407,"OPERATE_PROFIT":-14151245.5,"PRETAX_PROFIT":-15082272.35,"NETCASH_OPERATE":9068219.65,"NETCASH_INVEST":-854876.65,"NETCASH_FINANCE":-19001288,"END_CASH":26912749.85,"DIVI_RATIO":null,"DIVIDEND_RATE":null,"CURRENT_RATIO":1.071005528311,"COMMON_ACS":2000000000,"CURRENTDEBT_DEBT":95.822707093605,"ISSUED_COMMON_SHARES":800000000,"HK_COMMON_SHARES":800000000,"PER_SHARES":4000,"TOTAL_MARKET_CAP":30400000,"HKSK_MARKET_CAP":30400000,"PE_TTM":-3.018867924528,"PB_TTM":0.876030199988,"REPORT_DATE_SQ":"2023-06-30 00:00:00","REPORT_TYPE_SQ":"2023年中报","OPERATE_INCOME_SQ":94224755.35,"DPS_HKD":null,"OPERATE_INCOME_QOQ_SQ":0,"NET_PROFIT_RATIO_SQ":-9.5628745297,"HOLDER_PROFIT_SQ":-9177798.44,"HOLDER_PROFIT_QOQ_SQ":0,"ROE_AVG_SQ":-25.062153375406,"PE_TTM_SQ":-5.539055809631,"PB_TTM_SQ":13.314646110722,"ROA_SQ":-6.34947552024,"START_DATE":"2023-10-01 00:00:00","FISCAL_YEAR":"9-30","CURRENCY":"HKD","IS_CNY_CODE":0,"DPS_HKD_LY":null,"ORG_TYPE":"一般企业","PREMIUM_INCOME":null,"PREMIUM_INCOME_YOY":null,"NET_INTEREST_INCOME":null,"NET_INTEREST_INCOME_YOY":null,"FEE_COMMISSION_INCOME":null,"FEE_COMMISSION_INCOME_YOY":null,"ACCOUNTS_RECE_TDAYS":1.056398846218,"INVENTORY_TDAYS":26.074579831933,"CURRENT_ASSETS_TDAYS":0.595098188068,"TOTAL_ASSETS_TDAYS":0.518604016114,"PREMIUM_EXPENSE":null,"LOAN_DEPOSIT":null,"LOAN_EQUITY":null,"LOAN_ASSETS":null,"DEPOSIT_EQUITY":null,"DEPOSIT_ASSETS":null,"EQUITY_MULTIPLIER":5.820855310593,"EQUITY_RATIO":4.432798325192},{"SECUCODE":"01741.HK","SECURITY_CODE":"01741","SECURITY_NAME_ABBR":"成志控股","ORG_CODE":"10921576","STD_REPORT_DATE":"2023-12-31 00:00:00","REPORT_DATE":"2023-09-30 00:00:00","DATE_TYPE_CODE":"001","REPORT_TYPE":"2023年年报","PER_NETCASH_OPERATE":-0.045267834938,"PER_OI":0.20350739325,"BPS":0.0523783204,"BASIC_EPS":-0.002018786,"DILUTED_EPS":-0.002018786,"OPERATE_INCOME":162805914.6,"OPERATE_INCOME_YOY":104.7928999447,"GROSS_PROFIT":27939998.24,"GROSS_PROFIT_YOY":135.501156957366,"HOLDER_PROFIT":-1623287.47,"HOLDER_PROFIT_YOY":98.6972243293,"GROSS_PROFIT_RATIO":27.755029769151,"EPS_TTM":-0.002029109338,"OPERATE_INCOME_QOQ":0,"NET_PROFIT_RATIO":-1.1549102499,"ROE_AVG":-3.808396124865,"GROSS_PROFIT_QOQ":0,"ROA":-1.00811219736,"HOLDER_PROFIT_QOQ":0,"ROE_YEARLY":-3.808396124865,"ROIC_YEARLY":-1.317793942915,"TOTAL_ASSETS":185197921.86,"TOTAL_LIABILITIES":145582917.13,"TAX_EBT":null,"OCF_SALES":-17.469732852305,"TOTAL_PARENT_EQUITY":41902656.32,"DEBT_ASSET_RATIO":78.6093686516,"OPERATE_PROFIT":307406.05,"PRETAX_PROFIT":118374.27,"NETCASH_OPERATE":-36214267.95,"NETCASH_INVEST":-2221582.23,"NETCASH_FINANCE":31902324.58,"END_CASH":38035763.5,"DIVI_RATIO":null,"DIVIDEND_RATE":null,"CURRENT_RATIO":1.177191737622,"COMMON_ACS":2000000000,"CURRENTDEBT_DEBT":95.938884721811,"ISSUED_COMMON_SHARES":800000000,"HK_COMMON_SHARES":800000000,"PER_SHARES":4000,"TOTAL_MARKET_CAP":74400000,"HKSK_MARKET_CAP":74400000,"PE_TTM":-7.388282025819,"PB_TTM":2.14396864734,"REPORT_DATE_SQ":"2022-12-31 00:00:00","REPORT_TYPE_SQ":"2022年年报","OPERATE_INCOME_SQ":99767871.96,"DPS_HKD":null,"OPERATE_INCOME_QOQ_SQ":0,"NET_PROFIT_RATIO_SQ":-125.9679627229,"HOLDER_PROFIT_SQ":-122811194.28,"HOLDER_PROFIT_QOQ_SQ":0,"ROE_AVG_SQ":-118.362810644956,"PE_TTM_SQ":-5.101761929924,"PB_TTM_SQ":12.263489838823,"ROA_SQ":-54.346755892465,"START_DATE":"2022-10-01 00:00:00","FISCAL_YEAR":"9-30","CURRENCY":"HKD","IS_CNY_CODE":0,"DPS_HKD_LY":null,"ORG_TYPE":"一般企业","PREMIUM_INCOME":null,"PREMIUM_INCOME_YOY":null,"NET_INTEREST_INCOME":null,"NET_INTEREST_INCOME_YOY":null,"FEE_COMMISSION_INCOME":null,"FEE_COMMISSION_INCOME_YOY":null,"ACCOUNTS_RECE_TDAYS":2.341451826826,"INVENTORY_TDAYS":63.764407110764,"CURRENT_ASSETS_TDAYS":1.457244778161,"TOTAL_ASSETS_TDAYS":1.287380361473,"PREMIUM_EXPENSE":null,"LOAN_DEPOSIT":null,"LOAN_EQUITY":null,"LOAN_ASSETS":null,"DEPOSIT_EQUITY":null,"DEPOSIT_ASSETS":null,"EQUITY_MULTIPLIER":4.674943828036,"EQUITY_RATIO":3.474312368605},{"SECUCODE":"01741.HK","SECURITY_CODE":"01741","SECURITY_NAME_ABBR":"成志控股","ORG_CODE":"10921576","STD_REPORT_DATE":"2023-06-30 00:00:00","REPORT_DATE":"2023-03-31 00:00:00","DATE_TYPE_CODE":"002","REPORT_TYPE":"2023年中报","PER_NETCASH_OPERATE":-0.043644659813,"PER_OI":0.117780944188,"BPS":0.03986179435,"BASIC_EPS":-0.011467871,"DILUTED_EPS":-0.011467871,"OPERATE_INCOME":94224755.35,"OPERATE_INCOME_YOY":20.7509704054,"GROSS_PROFIT":16480468.66,"GROSS_PROFIT_YOY":270.649304457978,"HOLDER_PROFIT":-9177798.44,"HOLDER_PROFIT_YOY":71.2806464868,"GROSS_PROFIT_RATIO":17.490593208529,"EPS_TTM":-0.127978840838,"OPERATE_INCOME_QOQ":0,"NET_PROFIT_RATIO":-9.5628745297,"ROE_AVG":-25.062153375406,"GROSS_PROFIT_QOQ":0,"ROA":-6.34947552024,"HOLDER_PROFIT_QOQ":0,"ROE_YEARLY":-50.124306750813,"ROIC_YEARLY":-17.341967926292,"TOTAL_ASSETS":158537626.41,"TOTAL_LIABILITIES":131424427.89,"TAX_EBT":-0.136200019457,"OCF_SALES":-37.05579040275,"TOTAL_PARENT_EQUITY":31889435.48,"DEBT_ASSET_RATIO":82.897940928,"OPERATE_PROFIT":-8546627.83,"PRETAX_PROFIT":-8998339.39,"NETCASH_OPERATE":-34915727.85,"NETCASH_INVEST":-321275.47,"NETCASH_FINANCE":36321636.31,"END_CASH":44079519.73,"DIVI_RATIO":null,"DIVIDEND_RATE":null,"CURRENT_RATIO":1.105251105112,"COMMON_ACS":2000000000,"CURRENTDEBT_DEBT":95.986118604667,"ISSUED_COMMON_SHARES":800000000,"HK_COMMON_SHARES":800000000,"PER_SHARES":4000,"TOTAL_MARKET_CAP":30400000,"HKSK_MARKET_CAP":30400000,"PE_TTM":-3.018867924528,"PB_TTM":0.876030199988,"REPORT_DATE_SQ":"2022-06-30 00:00:00","REPORT_TYPE_SQ":"2022年中报","OPERATE_INCOME_SQ":72291809.38,"DPS_HKD":null,"OPERATE_INCOME_QOQ_SQ":0,"NET_PROFIT_RATIO_SQ":-42.0168727142,"HOLDER_PROFIT_SQ":-29605920.05,"HOLDER_PROFIT_QOQ_SQ":0,"ROE_AVG_SQ":-22.274765841901,"PE_TTM_SQ":-5.539055809631,"PB_TTM_SQ":13.314646110722,"ROA_SQ":-10.702642164394,"START_DATE":"2022-10-01 00:00:00","FISCAL_YEAR":"9-30","CURRENCY":"HKD","IS_CNY_CODE":0,"DPS_HKD_LY":null,"ORG_TYPE":"一般企业","PREMIUM_INCOME":null,"PREMIUM_INCOME_YOY":null,"NET_INTEREST_INCOME":null,"NET_INTEREST_INCOME_YOY":null,"FEE_COMMISSION_INCOME":null,"FEE_COMMISSION_INCOME_YOY":null,"ACCOUNTS_RECE_TDAYS":1.685589451265,"INVENTORY_TDAYS":40.340222575517,"CURRENT_ASSETS_TDAYS":0.741962390052,"TOTAL_ASSETS_TDAYS":0.651875045423,"PREMIUM_EXPENSE":null,"LOAN_DEPOSIT":null,"LOAN_EQUITY":null,"LOAN_ASSETS":null,"DEPOSIT_EQUITY":null,"DEPOSIT_ASSETS":null,"EQUITY_MULTIPLIER":5.847249128248,"EQUITY_RATIO":4.121252882398},{"SECUCODE":"01741.HK","SECURITY_CODE":"01741","SECURITY_NAME_ABBR":"成志控股","ORG_CODE":"10921576","STD_REPORT_DATE":"2022-12-31 00:00:00","REPORT_DATE":"2022-09-30 00:00:00","DATE_TYPE_CODE":"001","REPORT_TYPE":"2022年年报","PER_NETCASH_OPERATE":-0.054243789,"PER_OI":0.12470983995,"BPS":0.0534026598,"BASIC_EPS":-0.153483468,"DILUTED_EPS":-0.153483468,"OPERATE_INCOME":99767871.96,"OPERATE_INCOME_YOY":-50.5509333142,"GROSS_PROFIT":-78701655.48,"GROSS_PROFIT_YOY":-552.500113571115,"HOLDER_PROFIT":-122811194.28,"HOLDER_PROFIT_YOY":-538.2767697659,"GROSS_PROFIT_RATIO":-78.884769148483,"EPS_TTM":-0.15351399285,"OPERATE_INCOME_QOQ":0,"NET_PROFIT_RATIO":-125.9679627229,"ROE_AVG":-118.362810644956,"GROSS_PROFIT_QOQ":0,"ROA":-54.346755892465,"HOLDER_PROFIT_QOQ":0,"ROE_YEARLY":-118.362810644956,"ROIC_YEARLY":-76.92965757926,"TOTAL_ASSETS":134880041.64,"TOTAL_LIABILITIES":97135047.12,"TAX_EBT":0.099214908118,"OCF_SALES":-43.495997606723,"TOTAL_PARENT_EQUITY":42722127.84,"DEBT_ASSET_RATIO":72.015878657,"OPERATE_PROFIT":-125532654.24,"PRETAX_PROFIT":-125800368.48,"NETCASH_OPERATE":-42947333.4,"NETCASH_INVEST":-3428732.04,"NETCASH_FINANCE":-4319605.44,"END_CASH":44335648.8,"DIVI_RATIO":null,"DIVIDEND_RATE":null,"CURRENT_RATIO":1.261918537376,"COMMON_ACS":2000000000,"CURRENTDEBT_DEBT":96.560457364197,"ISSUED_COMMON_SHARES":800000000,"HK_COMMON_SHARES":800000000,"PER_SHARES":4000,"TOTAL_MARKET_CAP":30400000,"HKSK_MARKET_CAP":30400000,"PE_TTM":-3.018867924528,"PB_TTM":0.876030199988,"REPORT_DATE_SQ":"2021-12-31 00:00:00","REPORT_TYPE_SQ":"2021年年报","OPERATE_INCOME_SQ":185835692.56,"DPS_HKD":null,"OPERATE_INCOME_QOQ_SQ":0,"NET_PROFIT_RATIO_SQ":-10.6927683839,"HOLDER_PROFIT_SQ":-17722518.44,"HOLDER_PROFIT_QOQ_SQ":0,"ROE_AVG_SQ":-11.029484195082,"PE_TTM_SQ":-5.539055809631,"PB_TTM_SQ":13.314646110722,"ROA_SQ":-7.011703751067,"START_DATE":"2021-10-01 00:00:00","FISCAL_YEAR":"9-30","CURRENCY":"HKD","IS_CNY_CODE":0,"DPS_HKD_LY":null,"ORG_TYPE":"一般企业","PREMIUM_INCOME":null,"PREMIUM_INCOME_YOY":null,"NET_INTEREST_INCOME":null,"NET_INTEREST_INCOME_YOY":null,"FEE_COMMISSION_INCOME":null,"FEE_COMMISSION_INCOME_YOY":null,"ACCOUNTS_RECE_TDAYS":1.230234762728,"INVENTORY_TDAYS":134.052989130435,"CURRENT_ASSETS_TDAYS":0.470649725228,"TOTAL_ASSETS_TDAYS":0.441495599412,"PREMIUM_EXPENSE":null,"LOAN_DEPOSIT":null,"LOAN_EQUITY":null,"LOAN_ASSETS":null,"DEPOSIT_EQUITY":null,"DEPOSIT_ASSETS":null,"EQUITY_MULTIPLIER":3.573455059543,"EQUITY_RATIO":2.273647218223},{"SECUCODE":"01741.HK","SECURITY_CODE":"01741","SECURITY_NAME_ABBR":"成志控股","ORG_CODE":"10921576","STD_REPORT_DATE":"2022-06-30 00:00:00","REPORT_DATE":"2022-03-31 00:00:00","DATE_TYPE_CODE":"002","REPORT_TYPE":"2022年中报","PER_NETCASH_OPERATE":-0.027511486725,"PER_OI":0.090364761725,"BPS":0.14756732455,"BASIC_EPS":-0.036982056,"DILUTED_EPS":-0.036982056,"OPERATE_INCOME":72291809.38,"OPERATE_INCOME_YOY":14.9174262251,"GROSS_PROFIT":-9657507.08,"GROSS_PROFIT_YOY":63.936978382102,"HOLDER_PROFIT":-29605920.05,"HOLDER_PROFIT_YOY":29.3360433604,"GROSS_PROFIT_RATIO":-13.3590612309,"EPS_TTM":-0.004583049613,"OPERATE_INCOME_QOQ":0,"NET_PROFIT_RATIO":-42.0168727142,"ROE_AVG":-22.274765841901,"GROSS_PROFIT_QOQ":0,"ROA":-10.702642164394,"HOLDER_PROFIT_QOQ":0,"ROE_YEARLY":-44.549531683803,"ROIC_YEARLY":-28.872885746262,"TOTAL_ASSETS":268925238.93,"TOTAL_LIABILITIES":153818589.63,"TAX_EBT":-0.032050426004,"OCF_SALES":-30.444928089031,"TOTAL_PARENT_EQUITY":118053859.64,"DEBT_ASSET_RATIO":57.1975282952,"OPERATE_PROFIT":-30167138.97,"PRETAX_PROFIT":-30365025.41,"NETCASH_OPERATE":-22009189.38,"NETCASH_INVEST":-252224.11,"NETCASH_FINANCE":-1462251.03,"END_CASH":62362613.95,"DIVI_RATIO":null,"DIVIDEND_RATE":null,"CURRENT_RATIO":1.703129048805,"COMMON_ACS":2000000000,"CURRENTDEBT_DEBT":99.70263045507,"ISSUED_COMMON_SHARES":800000000,"HK_COMMON_SHARES":800000000,"PER_SHARES":4000,"TOTAL_MARKET_CAP":30400000,"HKSK_MARKET_CAP":30400000,"PE_TTM":-3.018867924528,"PB_TTM":0.876030199988,"REPORT_DATE_SQ":"2021-06-30 00:00:00","REPORT_TYPE_SQ":"2021年中报","OPERATE_INCOME_SQ":65558077.06,"DPS_HKD":null,"OPERATE_INCOME_QOQ_SQ":0,"NET_PROFIT_RATIO_SQ":-68.6619309758,"HOLDER_PROFIT_SQ":-43661998.8,"HOLDER_PROFIT_QOQ_SQ":0,"ROE_AVG_SQ":-29.06656163844,"PE_TTM_SQ":-5.539055809631,"PB_TTM_SQ":13.314646110722,"ROA_SQ":-21.410276601212,"START_DATE":"2021-10-01 00:00:00","FISCAL_YEAR":"9-30","CURRENCY":"HKD","IS_CNY_CODE":0,"DPS_HKD_LY":null,"ORG_TYPE":"一般企业","PREMIUM_INCOME":null,"PREMIUM_INCOME_YOY":null,"NET_INTEREST_INCOME":null,"NET_INTEREST_INCOME_YOY":null,"FEE_COMMISSION_INCOME":null,"FEE_COMMISSION_INCOME_YOY":null,"ACCOUNTS_RECE_TDAYS":0.643031564368,"INVENTORY_TDAYS":71.059071729958,"CURRENT_ASSETS_TDAYS":0.270137253654,"TOTAL_ASSETS_TDAYS":0.261337383167,"PREMIUM_EXPENSE":null,"LOAN_DEPOSIT":null,"LOAN_EQUITY":null,"LOAN_ASSETS":null,"DEPOSIT_EQUITY":null,"DEPOSIT_ASSETS":null,"EQUITY_MULTIPLIER":2.336313675754,"EQUITY_RATIO":1.302952653129},{"SECUCODE":"01741.HK","SECURITY_CODE":"01741","SECURITY_NAME_ABBR":"成志控股","ORG_CODE":"10921576","STD_REPORT_DATE":"2021-12-31 00:00:00","REPORT_DATE":"2021-09-30 00:00:00","DATE_TYPE_CODE":"001","REPORT_TYPE":"2021年年报","PER_NETCASH_OPERATE":-0.026273671075,"PER_OI":0.2322946157,"BPS":0.18973566295,"BASIC_EPS":-0.022159396,"DILUTED_EPS":-0.022159396,"OPERATE_INCOME":185835692.56,"OPERATE_INCOME_YOY":-26.5984890363,"GROSS_PROFIT":17392626.68,"GROSS_PROFIT_YOY":-45.061789386963,"HOLDER_PROFIT":-17722518.44,"HOLDER_PROFIT_YOY":-306.5637440528,"GROSS_PROFIT_RATIO":9.359142175761,"EPS_TTM":-0.02215314805,"OPERATE_INCOME_QOQ":0,"NET_PROFIT_RATIO":-10.6927683839,"ROE_AVG":-11.029484195082,"GROSS_PROFIT_QOQ":0,"ROA":-7.011703751067,"HOLDER_PROFIT_QOQ":0,"ROE_YEARLY":-11.029484195082,"ROIC_YEARLY":-11.446865751951,"TOTAL_ASSETS":292050009.5,"TOTAL_LIABILITIES":142542397.42,"TAX_EBT":4.0236591156,"OCF_SALES":-11.310495077911,"TOTAL_PARENT_EQUITY":151788530.36,"DEBT_ASSET_RATIO":48.8075304856,"OPERATE_PROFIT":-20415801.42,"PRETAX_PROFIT":-20704040.18,"NETCASH_OPERATE":-21427969.32,"NETCASH_INVEST":6441219.92,"NETCASH_FINANCE":-6686139.56,"END_CASH":88230217.66,"DIVI_RATIO":null,"DIVIDEND_RATE":null,"CURRENT_RATIO":1.976935768866,"COMMON_ACS":2000000000,"CURRENTDEBT_DEBT":99.8872050822,"ISSUED_COMMON_SHARES":800000000,"HK_COMMON_SHARES":800000000,"PER_SHARES":4000,"TOTAL_MARKET_CAP":30400000,"HKSK_MARKET_CAP":30400000,"PE_TTM":-3.018867924528,"PB_TTM":0.876030199988,"REPORT_DATE_SQ":"2020-12-31 00:00:00","REPORT_TYPE_SQ":"2020年年报","OPERATE_INCOME_SQ":267053552.64,"DPS_HKD":null,"OPERATE_INCOME_QOQ_SQ":0,"NET_PROFIT_RATIO_SQ":3.3539314012,"HOLDER_PROFIT_SQ":9049937.28,"HOLDER_PROFIT_QOQ_SQ":0,"ROE_AVG_SQ":5.190230332535,"PE_TTM_SQ":-5.539055809631,"PB_TTM_SQ":13.314646110722,"ROA_SQ":3.789183222958,"START_DATE":"2020-10-01 00:00:00","FISCAL_YEAR":"9-30","CURRENCY":"HKD","IS_CNY_CODE":0,"DPS_HKD_LY":null,"ORG_TYPE":"一般企业","PREMIUM_INCOME":null,"PREMIUM_INCOME_YOY":null,"NET_INTEREST_INCOME":null,"NET_INTEREST_INCOME_YOY":null,"FEE_COMMISSION_INCOME":null,"FEE_COMMISSION_INCOME_YOY":null,"ACCOUNTS_RECE_TDAYS":2.607627341535,"INVENTORY_TDAYS":280.052631578947,"CURRENT_ASSETS_TDAYS":0.767379260643,"TOTAL_ASSETS_TDAYS":0.7352368271,"PREMIUM_EXPENSE":null,"LOAN_DEPOSIT":null,"LOAN_EQUITY":null,"LOAN_ASSETS":null,"DEPOSIT_EQUITY":null,"DEPOSIT_ASSETS":null,"EQUITY_MULTIPLIER":1.953412307485,"EQUITY_RATIO":0.939085430776},{"SECUCODE":"01741.HK","SECURITY_CODE":"01741","SECURITY_NAME_ABBR":"成志控股","ORG_CODE":"10921576","STD_REPORT_DATE":"2021-06-30 00:00:00","REPORT_DATE":"2021-03-31 00:00:00","DATE_TYPE_CODE":"002","REPORT_TYPE":"2021年中报","PER_NETCASH_OPERATE":-0.017904081825,"PER_OI":0.081947596325,"BPS":0.1604785525,"BASIC_EPS":-0.054598628,"DILUTED_EPS":-0.054598628,"OPERATE_INCOME":65558077.06,"OPERATE_INCOME_YOY":-50.8845803151,"GROSS_PROFIT":-26779528.3,"GROSS_PROFIT_YOY":-176.192281910809,"HOLDER_PROFIT":-43661998.8,"HOLDER_PROFIT_YOY":-341.5034360245,"GROSS_PROFIT_RATIO":-40.8485567316,"EPS_TTM":-0.067696272775,"OPERATE_INCOME_QOQ":0,"NET_PROFIT_RATIO":-68.6619309758,"ROE_AVG":-29.06656163844,"GROSS_PROFIT_QOQ":0,"ROA":-21.410276601212,"HOLDER_PROFIT_QOQ":0,"ROE_YEARLY":-58.133123276881,"ROIC_YEARLY":-90.251178148244,"TOTAL_ASSETS":191292124.94,"TOTAL_LIABILITIES":64384967.22,"TAX_EBT":0.123769338959,"OCF_SALES":-21.848208645429,"TOTAL_PARENT_EQUITY":128382842,"DEBT_ASSET_RATIO":33.657928804,"OPERATE_PROFIT":-44719318.98,"PRETAX_PROFIT":-45069223.5,"NETCASH_OPERATE":-14323265.46,"NETCASH_INVEST":12158759.48,"NETCASH_FINANCE":-5034737.26,"END_CASH":104308734.88,"DIVI_RATIO":null,"DIVIDEND_RATE":null,"CURRENT_RATIO":2.903690838037,"COMMON_ACS":2000000000,"CURRENTDEBT_DEBT":90.694285826803,"ISSUED_COMMON_SHARES":800000000,"HK_COMMON_SHARES":800000000,"PER_SHARES":4000,"TOTAL_MARKET_CAP":30400000,"HKSK_MARKET_CAP":30400000,"PE_TTM":-3.018867924528,"PB_TTM":0.876030199988,"REPORT_DATE_SQ":"2020-06-30 00:00:00","REPORT_TYPE_SQ":"2020年中报","OPERATE_INCOME_SQ":144298813.6,"DPS_HKD":null,"OPERATE_INCOME_QOQ_SQ":0,"NET_PROFIT_RATIO_SQ":13.5447798997,"HOLDER_PROFIT_SQ":19544956.7,"HOLDER_PROFIT_QOQ_SQ":0,"ROE_AVG_SQ":10.485630113283,"PE_TTM_SQ":-5.539055809631,"PB_TTM_SQ":13.314646110722,"ROA_SQ":7.639356381279,"START_DATE":"2020-10-01 00:00:00","FISCAL_YEAR":"9-30","CURRENCY":"HKD","IS_CNY_CODE":0,"DPS_HKD_LY":null,"ORG_TYPE":"一般企业","PREMIUM_INCOME":null,"PREMIUM_INCOME_YOY":null,"NET_INTEREST_INCOME":null,"NET_INTEREST_INCOME_YOY":null,"FEE_COMMISSION_INCOME":null,"FEE_COMMISSION_INCOME_YOY":null,"ACCOUNTS_RECE_TDAYS":1.842205887592,"INVENTORY_TDAYS":null,"CURRENT_ASSETS_TDAYS":0.349300988231,"TOTAL_ASSETS_TDAYS":0.321473272382,"PREMIUM_EXPENSE":null,"LOAN_DEPOSIT":null,"LOAN_EQUITY":null,"LOAN_ASSETS":null,"DEPOSIT_EQUITY":null,"DEPOSIT_ASSETS":null,"EQUITY_MULTIPLIER":1.507339131824,"EQUITY_RATIO":0.50150757077},{"SECUCODE":"01741.HK","SECURITY_CODE":"01741","SECURITY_NAME_ABBR":"成志控股","ORG_CODE":"10921576","STD_REPORT_DATE":"2020-12-31 00:00:00","REPORT_DATE":"2020-09-30 00:00:00","DATE_TYPE_CODE":"001","REPORT_TYPE":"2020年年报","PER_NETCASH_OPERATE":-0.034033924,"PER_OI":0.3338169408,"BPS":0.223590304,"BASIC_EPS":0.011335488,"DILUTED_EPS":0.011335488,"OPERATE_INCOME":267053552.64,"OPERATE_INCOME_YOY":-6.5472749413,"GROSS_PROFIT":31658524.16,"GROSS_PROFIT_YOY":53.802598483409,"HOLDER_PROFIT":9049937.28,"HOLDER_PROFIT_YOY":193.0352303523,"GROSS_PROFIT_RATIO":11.854747426887,"EPS_TTM":0.0113124216,"OPERATE_INCOME_QOQ":0,"NET_PROFIT_RATIO":3.3539314012,"ROE_AVG":5.190230332535,"GROSS_PROFIT_QOQ":0,"ROA":3.789183222958,"HOLDER_PROFIT_QOQ":0,"ROE_YEARLY":5.190230332535,"ROIC_YEARLY":8.89036596472,"TOTAL_ASSETS":225162334.08,"TOTAL_LIABILITIES":46408718.08,"TAX_EBT":6.700228832952,"OCF_SALES":-10.195385506331,"TOTAL_PARENT_EQUITY":178872243.2,"DEBT_ASSET_RATIO":20.611226238,"OPERATE_PROFIT":9868904.32,"PRETAX_PROFIT":9600016,"NETCASH_OPERATE":-27227139.2,"NETCASH_INVEST":36537177.6,"NETCASH_FINANCE":-3813644.8,"END_CASH":116057822.72,"DIVI_RATIO":null,"DIVIDEND_RATE":null,"CURRENT_RATIO":4.955655500834,"COMMON_ACS":2000000000,"CURRENTDEBT_DEBT":93.039724315522,"ISSUED_COMMON_SHARES":800000000,"HK_COMMON_SHARES":800000000,"PER_SHARES":4000,"TOTAL_MARKET_CAP":30400000,"HKSK_MARKET_CAP":30400000,"PE_TTM":-3.018867924528,"PB_TTM":0.876030199988,"REPORT_DATE_SQ":"2019-12-31 00:00:00","REPORT_TYPE_SQ":"2019年年报","OPERATE_INCOME_SQ":293337260.04,"DPS_HKD":null,"OPERATE_INCOME_QOQ_SQ":0,"NET_PROFIT_RATIO_SQ":-3.4040171708,"HOLDER_PROFIT_SQ":-9985250.7,"HOLDER_PROFIT_QOQ_SQ":0,"ROE_AVG_SQ":-7.762156855871,"PE_TTM_SQ":-5.539055809631,"PB_TTM_SQ":13.314646110722,"ROA_SQ":-4.138286816547,"START_DATE":"2019-10-01 00:00:00","FISCAL_YEAR":"9-30","CURRENCY":"HKD","IS_CNY_CODE":0,"DPS_HKD_LY":null,"ORG_TYPE":"一般企业","PREMIUM_INCOME":null,"PREMIUM_INCOME_YOY":null,"NET_INTEREST_INCOME":null,"NET_INTEREST_INCOME_YOY":null,"FEE_COMMISSION_INCOME":null,"FEE_COMMISSION_INCOME_YOY":null,"ACCOUNTS_RECE_TDAYS":7.555207517619,"INVENTORY_TDAYS":null,"CURRENT_ASSETS_TDAYS":1.163896505768,"TOTAL_ASSETS_TDAYS":1.118145695364,"PREMIUM_EXPENSE":null,"LOAN_DEPOSIT":null,"LOAN_EQUITY":null,"LOAN_ASSETS":null,"DEPOSIT_EQUITY":null,"DEPOSIT_ASSETS":null,"EQUITY_MULTIPLIER":1.259623940027,"EQUITY_RATIO":0.259451758695}],"count":18},"success":true,"message":"ok","code":0}