{"version":"6a6e12fd473eeab2b38c86bbddb1253e","result":{"pages":2,"data":[{"SECUCODE":"01747.HK","SECURITY_CODE":"01747","SECURITY_NAME_ABBR":"HOME CONTROL","ORG_CODE":"10000038595","STD_REPORT_DATE":"2024-06-30 00:00:00","REPORT_DATE":"2024-06-30 00:00:00","DATE_TYPE_CODE":"002","REPORT_TYPE":"2024年中报","PER_NETCASH_OPERATE":0.07746430001,"PER_OI":0.732963915129,"BPS":0.364997940195,"BASIC_EPS":0.04489884,"DILUTED_EPS":0.04489884,"OPERATE_INCOME":371356167.6,"OPERATE_INCOME_YOY":3.7037774151,"GROSS_PROFIT":110030665.2,"GROSS_PROFIT_YOY":34.839916110104,"HOLDER_PROFIT":22862774.4,"HOLDER_PROFIT_YOY":315.4466084621,"GROSS_PROFIT_RATIO":29.629416393191,"EPS_TTM":0.043728608112,"OPERATE_INCOME_QOQ":1.158584335752,"NET_PROFIT_RATIO":6.156562458,"ROE_AVG":13.158596361697,"GROSS_PROFIT_QOQ":17.219185879405,"ROA":4.568661658418,"HOLDER_PROFIT_QOQ":293.209290298235,"ROE_YEARLY":26.317192723395,"ROIC_YEARLY":12.321874399846,"TOTAL_ASSETS":496730833.2,"TOTAL_LIABILITIES":311804626.8,"TAX_EBT":21.870433511934,"OCF_SALES":10.56863761107,"TOTAL_PARENT_EQUITY":184926206.4,"DEBT_ASSET_RATIO":62.7713453565,"OPERATE_PROFIT":32206009.2,"PRETAX_PROFIT":29262640.8,"NETCASH_OPERATE":39247287.6,"NETCASH_INVEST":-1133161.2,"NETCASH_FINANCE":-18914527.2,"END_CASH":138423836.4,"DIVI_RATIO":null,"DIVIDEND_RATE":null,"CURRENT_RATIO":1.272873785514,"COMMON_ACS":5000000000,"CURRENTDEBT_DEBT":99.275445132683,"ISSUED_COMMON_SHARES":506650000,"HK_COMMON_SHARES":506650000,"PER_SHARES":2000,"TOTAL_MARKET_CAP":192527000,"HKSK_MARKET_CAP":192527000,"PE_TTM":7.999859212028,"PB_TTM":0.950192759982,"REPORT_DATE_SQ":"2023-06-30 00:00:00","REPORT_TYPE_SQ":"2023年中报","OPERATE_INCOME_SQ":363067546.8,"DPS_HKD":null,"OPERATE_INCOME_QOQ_SQ":-8.300060014537,"NET_PROFIT_RATIO_SQ":-2.9634199737,"HOLDER_PROFIT_SQ":-10759216.2,"HOLDER_PROFIT_QOQ_SQ":-101.02209754278,"ROE_AVG_SQ":-6.317218557095,"PE_TTM_SQ":-210.756308059416,"PB_TTM_SQ":1.245538726262,"ROA_SQ":-1.948124161842,"START_DATE":"2024-01-01 00:00:00","FISCAL_YEAR":"12-31","CURRENCY":"HKD","IS_CNY_CODE":0,"DPS_HKD_LY":null,"ORG_TYPE":"一般企业","PREMIUM_INCOME":null,"PREMIUM_INCOME_YOY":null,"NET_INTEREST_INCOME":null,"NET_INTEREST_INCOME_YOY":null,"FEE_COMMISSION_INCOME":null,"FEE_COMMISSION_INCOME_YOY":null,"ACCOUNTS_RECE_TDAYS":2.059972326547,"INVENTORY_TDAYS":3.333757614329,"CURRENT_ASSETS_TDAYS":0.918079867504,"TOTAL_ASSETS_TDAYS":0.74207996582,"PREMIUM_EXPENSE":null,"LOAN_DEPOSIT":null,"LOAN_EQUITY":null,"LOAN_ASSETS":null,"DEPOSIT_EQUITY":null,"DEPOSIT_ASSETS":null,"EQUITY_MULTIPLIER":2.686102975184,"EQUITY_RATIO":1.686102975181},{"SECUCODE":"01747.HK","SECURITY_CODE":"01747","SECURITY_NAME_ABBR":"HOME CONTROL","ORG_CODE":"10000038595","STD_REPORT_DATE":"2023-12-31 00:00:00","REPORT_DATE":"2023-12-31 00:00:00","DATE_TYPE_CODE":"001","REPORT_TYPE":"2023年年报","PER_NETCASH_OPERATE":0.196677205763,"PER_OI":1.412038609691,"BPS":0.318885758808,"BASIC_EPS":-0.02266464,"DILUTED_EPS":-0.02266464,"OPERATE_INCOME":715409361.6,"OPERATE_INCOME_YOY":-20.1896333755,"GROSS_PROFIT":165104819.7,"GROSS_PROFIT_YOY":-14.163629140831,"HOLDER_PROFIT":-11466891.3,"HOLDER_PROFIT_YOY":-135.3879781421,"GROSS_PROFIT_RATIO":23.078370030097,"EPS_TTM":-0.022632766802,"OPERATE_INCOME_QOQ":-11.489881381484,"NET_PROFIT_RATIO":-1.6028433391,"ROE_AVG":-6.872545898334,"GROSS_PROFIT_QOQ":-6.07390796908,"ROA":-2.142909141447,"HOLDER_PROFIT_QOQ":-3421.00040101773,"ROE_YEARLY":-6.872545898334,"ROIC_YEARLY":-2.722976268564,"TOTAL_ASSETS":501001867.2,"TOTAL_LIABILITIES":339438397.5,"TAX_EBT":-3.582853486884,"OCF_SALES":13.928599714874,"TOTAL_PARENT_EQUITY":161563469.7,"DEBT_ASSET_RATIO":67.7519226419,"OPERATE_PROFIT":3824658,"PRETAX_PROFIT":-11070260.1,"NETCASH_OPERATE":99646506.3,"NETCASH_INVEST":-5127874.8,"NETCASH_FINANCE":-83951243.1,"END_CASH":119499314.4,"DIVI_RATIO":null,"DIVIDEND_RATE":null,"CURRENT_RATIO":1.601270522234,"COMMON_ACS":5000000000,"CURRENTDEBT_DEBT":75.874804381847,"ISSUED_COMMON_SHARES":506650000,"HK_COMMON_SHARES":506650000,"PER_SHARES":2000,"TOTAL_MARKET_CAP":182394000,"HKSK_MARKET_CAP":182394000,"PE_TTM":7.578813990342,"PB_TTM":0.90018261472,"REPORT_DATE_SQ":"2022-12-31 00:00:00","REPORT_TYPE_SQ":"2022年年报","OPERATE_INCOME_SQ":881439776,"DPS_HKD":null,"OPERATE_INCOME_QOQ_SQ":-6.106297464107,"NET_PROFIT_RATIO_SQ":3.61488622,"HOLDER_PROFIT_SQ":31863045,"HOLDER_PROFIT_QOQ_SQ":-29.463070476242,"ROE_AVG_SQ":19.945504087194,"PE_TTM_SQ":-115.436977823453,"PB_TTM_SQ":0.682215529612,"ROA_SQ":4.91256704446,"START_DATE":"2023-01-01 00:00:00","FISCAL_YEAR":"12-31","CURRENCY":"HKD","IS_CNY_CODE":0,"DPS_HKD_LY":null,"ORG_TYPE":"一般企业","PREMIUM_INCOME":null,"PREMIUM_INCOME_YOY":null,"NET_INTEREST_INCOME":null,"NET_INTEREST_INCOME_YOY":null,"FEE_COMMISSION_INCOME":null,"FEE_COMMISSION_INCOME_YOY":null,"ACCOUNTS_RECE_TDAYS":3.569881072293,"INVENTORY_TDAYS":5.433166672494,"CURRENT_ASSETS_TDAYS":1.654255275592,"TOTAL_ASSETS_TDAYS":1.336942350582,"PREMIUM_EXPENSE":null,"LOAN_DEPOSIT":null,"LOAN_EQUITY":null,"LOAN_ASSETS":null,"DEPOSIT_EQUITY":null,"DEPOSIT_ASSETS":null,"EQUITY_MULTIPLIER":3.100960063124,"EQUITY_RATIO":2.100960063127},{"SECUCODE":"01747.HK","SECURITY_CODE":"01747","SECURITY_NAME_ABBR":"HOME CONTROL","ORG_CODE":"10000038595","STD_REPORT_DATE":"2023-06-30 00:00:00","REPORT_DATE":"2023-06-30 00:00:00","DATE_TYPE_CODE":"002","REPORT_TYPE":"2023年中报","PER_NETCASH_OPERATE":0.085294917673,"PER_OI":0.720169456123,"BPS":0.325699387348,"BASIC_EPS":-0.0216774,"DILUTED_EPS":-0.0216774,"OPERATE_INCOME":363067546.8,"OPERATE_INCOME_YOY":-22.6960829564,"GROSS_PROFIT":81600959.4,"GROSS_PROFIT_YOY":-16.875914592302,"HOLDER_PROFIT":-10759216.2,"HOLDER_PROFIT_YOY":-146.6332602568,"GROSS_PROFIT_RATIO":22.475420929029,"EPS_TTM":-0.000645991626,"OPERATE_INCOME_QOQ":-8.300060014537,"NET_PROFIT_RATIO":-2.9634199737,"ROE_AVG":-6.317218557095,"GROSS_PROFIT_QOQ":-8.61285825571,"ROA":-1.948124161842,"HOLDER_PROFIT_QOQ":-101.02209754278,"ROE_YEARLY":-12.634437114189,"ROIC_YEARLY":-4.774195616974,"TOTAL_ASSETS":523856048.4,"TOTAL_LIABILITIES":358840453.8,"TAX_EBT":18.767048554283,"OCF_SALES":11.843728854038,"TOTAL_PARENT_EQUITY":165015594.6,"DEBT_ASSET_RATIO":68.4998206847,"OPERATE_PROFIT":-6575478,"PRETAX_PROFIT":-13244891.4,"NETCASH_OPERATE":43000735.8,"NETCASH_INVEST":-3620125.8,"NETCASH_FINANCE":-57734142,"END_CASH":92446885.2,"DIVI_RATIO":null,"DIVIDEND_RATE":null,"CURRENT_RATIO":1.714901566317,"COMMON_ACS":5000000000,"CURRENTDEBT_DEBT":70.06504097783,"ISSUED_COMMON_SHARES":506650000,"HK_COMMON_SHARES":506650000,"PER_SHARES":2000,"TOTAL_MARKET_CAP":182394000,"HKSK_MARKET_CAP":182394000,"PE_TTM":7.578813990342,"PB_TTM":0.90018261472,"REPORT_DATE_SQ":"2022-06-30 00:00:00","REPORT_TYPE_SQ":"2022年中报","OPERATE_INCOME_SQ":436227577.2,"DPS_HKD":null,"OPERATE_INCOME_QOQ_SQ":16.850395693193,"NET_PROFIT_RATIO_SQ":4.9124588449,"HOLDER_PROFIT_SQ":21429500.2,"HOLDER_PROFIT_QOQ_SQ":86.154726863742,"ROE_AVG_SQ":14.405269450272,"PE_TTM_SQ":-115.436977823453,"PB_TTM_SQ":0.682215529612,"ROA_SQ":3.207820128996,"START_DATE":"2023-01-01 00:00:00","FISCAL_YEAR":"12-31","CURRENCY":"HKD","IS_CNY_CODE":0,"DPS_HKD_LY":null,"ORG_TYPE":"一般企业","PREMIUM_INCOME":null,"PREMIUM_INCOME_YOY":null,"NET_INTEREST_INCOME":null,"NET_INTEREST_INCOME_YOY":null,"FEE_COMMISSION_INCOME":null,"FEE_COMMISSION_INCOME_YOY":null,"ACCOUNTS_RECE_TDAYS":1.703369719981,"INVENTORY_TDAYS":2.464287973683,"CURRENT_ASSETS_TDAYS":0.813292112462,"TOTAL_ASSETS_TDAYS":0.657390507965,"PREMIUM_EXPENSE":null,"LOAN_DEPOSIT":null,"LOAN_EQUITY":null,"LOAN_ASSETS":null,"DEPOSIT_EQUITY":null,"DEPOSIT_ASSETS":null,"EQUITY_MULTIPLIER":3.174585103121,"EQUITY_RATIO":2.174585103122},{"SECUCODE":"01747.HK","SECURITY_CODE":"01747","SECURITY_NAME_ABBR":"HOME CONTROL","ORG_CODE":"10000038595","STD_REPORT_DATE":"2022-12-31 00:00:00","REPORT_DATE":"2022-12-31 00:00:00","DATE_TYPE_CODE":"001","REPORT_TYPE":"2022年年报","PER_NETCASH_OPERATE":0.019243965174,"PER_OI":1.748396433893,"BPS":0.334091855127,"BASIC_EPS":0.06337786,"DILUTED_EPS":0.06337786,"OPERATE_INCOME":881439776,"OPERATE_INCOME_YOY":0.4380674243,"GROSS_PROFIT":192348322.8,"GROSS_PROFIT_YOY":4.009423077427,"HOLDER_PROFIT":31863045,"HOLDER_PROFIT_YOY":20.2049395691,"GROSS_PROFIT_RATIO":21.82206068268,"EPS_TTM":0.063202541759,"OPERATE_INCOME_QOQ":-6.106297464107,"NET_PROFIT_RATIO":3.61488622,"ROE_AVG":19.945504087194,"GROSS_PROFIT_QOQ":-8.014498051523,"ROA":4.91256704446,"HOLDER_PROFIT_QOQ":-29.463070476242,"ROE_YEARLY":19.945504087194,"ROIC_YEARLY":5.968299523841,"TOTAL_ASSETS":559724008.2,"TOTAL_LIABILITIES":390456369.8,"TAX_EBT":25.427872860636,"OCF_SALES":1.100663716814,"TOTAL_PARENT_EQUITY":169267638.4,"DEBT_ASSET_RATIO":69.7587318178,"OPERATE_PROFIT":51586792.2,"PRETAX_PROFIT":42727821,"NETCASH_OPERATE":9701687.8,"NETCASH_INVEST":3698202.6,"NETCASH_FINANCE":-28380745,"END_CASH":106676778.2,"DIVI_RATIO":null,"DIVIDEND_RATE":null,"CURRENT_RATIO":1.637836452192,"COMMON_ACS":5000000000,"CURRENTDEBT_DEBT":69.582434047411,"ISSUED_COMMON_SHARES":506650000,"HK_COMMON_SHARES":506650000,"PER_SHARES":2000,"TOTAL_MARKET_CAP":182394000,"HKSK_MARKET_CAP":182394000,"PE_TTM":7.578813990342,"PB_TTM":0.90018261472,"REPORT_DATE_SQ":"2021-12-31 00:00:00","REPORT_TYPE_SQ":"2021年年报","OPERATE_INCOME_SQ":803389205.6,"DPS_HKD":null,"OPERATE_INCOME_QOQ_SQ":17.750470065892,"NET_PROFIT_RATIO_SQ":3.0204431465,"HOLDER_PROFIT_SQ":24265914.2,"HOLDER_PROFIT_QOQ_SQ":70.873700826977,"ROE_AVG_SQ":18.559063757162,"PE_TTM_SQ":-115.436977823453,"PB_TTM_SQ":0.682215529612,"ROA_SQ":4.089175396186,"START_DATE":"2022-01-01 00:00:00","FISCAL_YEAR":"12-31","CURRENCY":"HKD","IS_CNY_CODE":0,"DPS_HKD_LY":0.0298,"ORG_TYPE":"一般企业","PREMIUM_INCOME":null,"PREMIUM_INCOME_YOY":null,"NET_INTEREST_INCOME":null,"NET_INTEREST_INCOME_YOY":null,"FEE_COMMISSION_INCOME":null,"FEE_COMMISSION_INCOME_YOY":null,"ACCOUNTS_RECE_TDAYS":3.560106330609,"INVENTORY_TDAYS":4.431793240913,"CURRENT_ASSETS_TDAYS":1.684591630284,"TOTAL_ASSETS_TDAYS":1.358982481195,"PREMIUM_EXPENSE":null,"LOAN_DEPOSIT":null,"LOAN_EQUITY":null,"LOAN_ASSETS":null,"DEPOSIT_EQUITY":null,"DEPOSIT_ASSETS":null,"EQUITY_MULTIPLIER":3.306739631338,"EQUITY_RATIO":2.306739631336},{"SECUCODE":"01747.HK","SECURITY_CODE":"01747","SECURITY_NAME_ABBR":"HOME CONTROL","ORG_CODE":"10000038595","STD_REPORT_DATE":"2022-06-30 00:00:00","REPORT_DATE":"2022-06-30 00:00:00","DATE_TYPE_CODE":"002","REPORT_TYPE":"2022年中报","PER_NETCASH_OPERATE":-0.014636720263,"PER_OI":0.869613842482,"BPS":0.301493070167,"BASIC_EPS":0.04295296,"DILUTED_EPS":0.04228182,"OPERATE_INCOME":436227577.2,"OPERATE_INCOME_YOY":39.5675420326,"GROSS_PROFIT":98167647.8,"GROSS_PROFIT_YOY":32.669766697011,"HOLDER_PROFIT":21429500.2,"HOLDER_PROFIT_YOY":3841.975308642,"GROSS_PROFIT_RATIO":22.503769346749,"EPS_TTM":0.090050069666,"OPERATE_INCOME_QOQ":16.850395693193,"NET_PROFIT_RATIO":4.9124588449,"ROE_AVG":14.405269450272,"GROSS_PROFIT_QOQ":13.07153939942,"ROA":3.207820128996,"HOLDER_PROFIT_QOQ":86.154726863742,"ROE_YEARLY":28.810538900544,"ROIC_YEARLY":7.734746404239,"TOTAL_ASSETS":625408520.4,"TOTAL_LIABILITIES":472657056.4,"TAX_EBT":23.502635361763,"OCF_SALES":-1.683128711653,"TOTAL_PARENT_EQUITY":152751464,"DEBT_ASSET_RATIO":75.5757302599,"OPERATE_PROFIT":30523447.2,"PRETAX_PROFIT":28013383.6,"NETCASH_OPERATE":-7348983,"NETCASH_INVEST":-4308718.8,"NETCASH_FINANCE":4114088.2,"END_CASH":109536759.4,"DIVI_RATIO":null,"DIVIDEND_RATE":null,"CURRENT_RATIO":1.445109392609,"COMMON_ACS":5000000000,"CURRENTDEBT_DEBT":73.078124556272,"ISSUED_COMMON_SHARES":506650000,"HK_COMMON_SHARES":506650000,"PER_SHARES":2000,"TOTAL_MARKET_CAP":182394000,"HKSK_MARKET_CAP":182394000,"PE_TTM":7.578813990342,"PB_TTM":0.90018261472,"REPORT_DATE_SQ":"2021-06-30 00:00:00","REPORT_TYPE_SQ":"2021年中报","OPERATE_INCOME_SQ":300853317.1,"DPS_HKD":null,"OPERATE_INCOME_QOQ_SQ":-22.075761641548,"NET_PROFIT_RATIO_SQ":0.1739279809,"HOLDER_PROFIT_SQ":523268.1,"HOLDER_PROFIT_QOQ_SQ":-41.603317021024,"ROE_AVG_SQ":0.435905715208,"PE_TTM_SQ":-115.436977823453,"PB_TTM_SQ":0.682215529612,"ROA_SQ":0.101422418111,"START_DATE":"2022-01-01 00:00:00","FISCAL_YEAR":"12-31","CURRENCY":"HKD","IS_CNY_CODE":0,"DPS_HKD_LY":0.0298,"ORG_TYPE":"一般企业","PREMIUM_INCOME":null,"PREMIUM_INCOME_YOY":null,"NET_INTEREST_INCOME":null,"NET_INTEREST_INCOME_YOY":null,"FEE_COMMISSION_INCOME":null,"FEE_COMMISSION_INCOME_YOY":null,"ACCOUNTS_RECE_TDAYS":1.747657394835,"INVENTORY_TDAYS":1.981783845458,"CURRENT_ASSETS_TDAYS":0.808744665232,"TOTAL_ASSETS_TDAYS":0.652996845426,"PREMIUM_EXPENSE":null,"LOAN_DEPOSIT":null,"LOAN_EQUITY":null,"LOAN_ASSETS":null,"DEPOSIT_EQUITY":null,"DEPOSIT_ASSETS":null,"EQUITY_MULTIPLIER":4.094288224954,"EQUITY_RATIO":3.094288224956},{"SECUCODE":"01747.HK","SECURITY_CODE":"01747","SECURITY_NAME_ABBR":"HOME CONTROL","ORG_CODE":"10000038595","STD_REPORT_DATE":"2021-12-31 00:00:00","REPORT_DATE":"2021-12-31 00:00:00","DATE_TYPE_CODE":"001","REPORT_TYPE":"2021年年报","PER_NETCASH_OPERATE":0.045793671347,"PER_OI":1.601545639492,"BPS":0.271450162242,"BASIC_EPS":0.04845532,"DILUTED_EPS":0.04781775,"OPERATE_INCOME":803389205.6,"OPERATE_INCOME_YOY":-6.0966249096,"GROSS_PROFIT":184933554.2,"GROSS_PROFIT_YOY":3.580534037225,"HOLDER_PROFIT":24265914.2,"HOLDER_PROFIT_YOY":2.1196672927,"GROSS_PROFIT_RATIO":23.019173385817,"EPS_TTM":0.048373775506,"OPERATE_INCOME_QOQ":17.750470065892,"NET_PROFIT_RATIO":3.0204431465,"ROE_AVG":18.559063757162,"GROSS_PROFIT_QOQ":21.769824759174,"ROA":4.089175396186,"HOLDER_PROFIT_QOQ":70.873700826977,"ROE_YEARLY":18.559063757162,"ROIC_YEARLY":5.206851264091,"TOTAL_ASSETS":675122873,"TOTAL_LIABILITIES":537592648.3,"TAX_EBT":33.192908548359,"OCF_SALES":2.859342263983,"TOTAL_PARENT_EQUITY":137530224.7,"DEBT_ASSET_RATIO":79.6288601379,"OPERATE_PROFIT":52076717.6,"PRETAX_PROFIT":36322362.9,"NETCASH_OPERATE":22971647.1,"NETCASH_INVEST":-9365903.3,"NETCASH_FINANCE":-43322881.5,"END_CASH":112403591,"DIVI_RATIO":null,"DIVIDEND_RATE":null,"CURRENT_RATIO":1.361821564855,"COMMON_ACS":5000000000,"CURRENTDEBT_DEBT":75.211992552094,"ISSUED_COMMON_SHARES":506650000,"HK_COMMON_SHARES":506650000,"PER_SHARES":2000,"TOTAL_MARKET_CAP":182394000,"HKSK_MARKET_CAP":182394000,"PE_TTM":7.578813990342,"PB_TTM":0.90018261472,"REPORT_DATE_SQ":"2020-12-31 00:00:00","REPORT_TYPE_SQ":"2020年年报","OPERATE_INCOME_SQ":875569806.1,"DPS_HKD":null,"OPERATE_INCOME_QOQ_SQ":-26.437175356626,"NET_PROFIT_RATIO_SQ":2.7774258695,"HOLDER_PROFIT_SQ":24318302.3,"HOLDER_PROFIT_QOQ_SQ":-36.151681523337,"ROE_AVG_SQ":20.531041701096,"PE_TTM_SQ":-115.436977823453,"PB_TTM_SQ":0.682215529612,"ROA_SQ":3.956685599023,"START_DATE":"2021-01-01 00:00:00","FISCAL_YEAR":"12-31","CURRENCY":"HKD","IS_CNY_CODE":0,"DPS_HKD_LY":0.0287,"ORG_TYPE":"一般企业","PREMIUM_INCOME":null,"PREMIUM_INCOME_YOY":null,"NET_INTEREST_INCOME":null,"NET_INTEREST_INCOME_YOY":null,"FEE_COMMISSION_INCOME":null,"FEE_COMMISSION_INCOME_YOY":null,"ACCOUNTS_RECE_TDAYS":3.930625740845,"INVENTORY_TDAYS":4.78254653026,"CURRENT_ASSETS_TDAYS":1.716449626764,"TOTAL_ASSETS_TDAYS":1.353832930432,"PREMIUM_EXPENSE":null,"LOAN_DEPOSIT":null,"LOAN_EQUITY":null,"LOAN_ASSETS":null,"DEPOSIT_EQUITY":null,"DEPOSIT_ASSETS":null,"EQUITY_MULTIPLIER":4.908905474948,"EQUITY_RATIO":3.908905474943},{"SECUCODE":"01747.HK","SECURITY_CODE":"01747","SECURITY_NAME_ABBR":"HOME CONTROL","ORG_CODE":"10000038595","STD_REPORT_DATE":"2021-06-30 00:00:00","REPORT_DATE":"2021-06-30 00:00:00","DATE_TYPE_CODE":"002","REPORT_TYPE":"2021年中报","PER_NETCASH_OPERATE":-0.012259973071,"PER_OI":0.599747065021,"BPS":0.225940929636,"BASIC_EPS":0.00129202,"DILUTED_EPS":0.00129202,"OPERATE_INCOME":300853317.1,"OPERATE_INCOME_YOY":-33.2784137309,"GROSS_PROFIT":73993985.4,"GROSS_PROFIT_YOY":-26.493663355465,"HOLDER_PROFIT":523268.1,"HOLDER_PROFIT_YOY":-94.6107784431,"GROSS_PROFIT_RATIO":24.594704859247,"EPS_TTM":0.028309666889,"OPERATE_INCOME_QOQ":-22.075761641548,"NET_PROFIT_RATIO":0.1739279809,"ROE_AVG":0.435905715208,"GROSS_PROFIT_QOQ":-15.021981166692,"ROA":0.101422418111,"HOLDER_PROFIT_QOQ":-41.603317021024,"ROE_YEARLY":0.871811430417,"ROIC_YEARLY":0.278800812309,"TOTAL_ASSETS":513371226.8,"TOTAL_LIABILITIES":398898254.8,"TAX_EBT":70,"OCF_SALES":-2.044190590711,"TOTAL_PARENT_EQUITY":114472972,"DEBT_ASSET_RATIO":77.7017164142,"OPERATE_PROFIT":15459019.3,"PRETAX_PROFIT":1744227,"NETCASH_OPERATE":-6150015.2,"NETCASH_INVEST":503887.8,"NETCASH_FINANCE":-1789447.7,"END_CASH":136876598.8,"DIVI_RATIO":null,"DIVIDEND_RATE":null,"CURRENT_RATIO":1.557771894198,"COMMON_ACS":5000000000,"CURRENTDEBT_DEBT":63.002850294746,"ISSUED_COMMON_SHARES":506650000,"HK_COMMON_SHARES":506650000,"PER_SHARES":2000,"TOTAL_MARKET_CAP":182394000,"HKSK_MARKET_CAP":182394000,"PE_TTM":7.578813990342,"PB_TTM":0.90018261472,"REPORT_DATE_SQ":"2020-06-30 00:00:00","REPORT_TYPE_SQ":"2020年中报","OPERATE_INCOME_SQ":494142020.5,"DPS_HKD":null,"OPERATE_INCOME_QOQ_SQ":-5.200488183979,"NET_PROFIT_RATIO_SQ":2.1533259789,"HOLDER_PROFIT_SQ":10640488.5,"HOLDER_PROFIT_QOQ_SQ":99.111991189969,"ROE_AVG_SQ":8.867256637168,"PE_TTM_SQ":-115.436977823453,"PB_TTM_SQ":0.682215529612,"ROA_SQ":1.475011653868,"START_DATE":"2021-01-01 00:00:00","FISCAL_YEAR":"12-31","CURRENCY":"HKD","IS_CNY_CODE":0,"DPS_HKD_LY":0.0287,"ORG_TYPE":"一般企业","PREMIUM_INCOME":null,"PREMIUM_INCOME_YOY":null,"NET_INTEREST_INCOME":null,"NET_INTEREST_INCOME_YOY":null,"FEE_COMMISSION_INCOME":null,"FEE_COMMISSION_INCOME_YOY":null,"ACCOUNTS_RECE_TDAYS":2.098359917095,"INVENTORY_TDAYS":2.26795401705,"CURRENT_ASSETS_TDAYS":0.769374370157,"TOTAL_ASSETS_TDAYS":0.583128818992,"PREMIUM_EXPENSE":null,"LOAN_DEPOSIT":null,"LOAN_EQUITY":null,"LOAN_ASSETS":null,"DEPOSIT_EQUITY":null,"DEPOSIT_ASSETS":null,"EQUITY_MULTIPLIER":4.484650112876,"EQUITY_RATIO":3.484650112867},{"SECUCODE":"01747.HK","SECURITY_CODE":"01747","SECURITY_NAME_ABBR":"HOME CONTROL","ORG_CODE":"10000038595","STD_REPORT_DATE":"2020-12-31 00:00:00","REPORT_DATE":"2020-12-31 00:00:00","DATE_TYPE_CODE":"001","REPORT_TYPE":"2020年年报","PER_NETCASH_OPERATE":0.139698411747,"PER_OI":1.745436701484,"BPS":0.250409860061,"BASIC_EPS":0.04828426,"DILUTED_EPS":0.04828426,"OPERATE_INCOME":875569806.1,"OPERATE_INCOME_YOY":-25.4393714613,"GROSS_PROFIT":178540838.7,"GROSS_PROFIT_YOY":-27.00895590998,"HOLDER_PROFIT":24318302.3,"HOLDER_PROFIT_YOY":35.9226841721,"GROSS_PROFIT_RATIO":20.276624760599,"EPS_TTM":0.048478210482,"OPERATE_INCOME_QOQ":-26.437175356626,"NET_PROFIT_RATIO":2.7774258695,"ROE_AVG":20.531041701096,"GROSS_PROFIT_QOQ":-28.295564636944,"ROA":3.956685599023,"HOLDER_PROFIT_QOQ":-36.151681523337,"ROE_YEARLY":20.531041701096,"ROIC_YEARLY":5.417859894463,"TOTAL_ASSETS":522220371.5,"TOTAL_LIABILITIES":395350215.9,"TAX_EBT":20.209805180903,"OCF_SALES":8.003636661723,"TOTAL_PARENT_EQUITY":126870155.6,"DEBT_ASSET_RATIO":75.7737353601,"OPERATE_PROFIT":43847328,"PRETAX_PROFIT":30477807.9,"NETCASH_OPERATE":70077426,"NETCASH_INVEST":-9480679.7,"NETCASH_FINANCE":-101873263.7,"END_CASH":145687967.2,"DIVI_RATIO":null,"DIVIDEND_RATE":null,"CURRENT_RATIO":1.387906891327,"COMMON_ACS":5000000000,"CURRENTDEBT_DEBT":71.895165948738,"ISSUED_COMMON_SHARES":506650000,"HK_COMMON_SHARES":506650000,"PER_SHARES":2000,"TOTAL_MARKET_CAP":182394000,"HKSK_MARKET_CAP":182394000,"PE_TTM":7.578813990342,"PB_TTM":0.90018261472,"REPORT_DATE_SQ":"2019-12-31 00:00:00","REPORT_TYPE_SQ":"2019年年报","OPERATE_INCOME_SQ":1255527642.6,"DPS_HKD":null,"OPERATE_INCOME_QOQ_SQ":5.225241918492,"NET_PROFIT_RATIO_SQ":1.5235618676,"HOLDER_PROFIT_SQ":19128740.4,"HOLDER_PROFIT_QOQ_SQ":-23.618909398826,"ROE_AVG_SQ":32.47468466868,"PE_TTM_SQ":-115.436977823453,"PB_TTM_SQ":0.682215529612,"ROA_SQ":2.722587947931,"START_DATE":"2020-01-01 00:00:00","FISCAL_YEAR":"12-31","CURRENCY":"HKD","IS_CNY_CODE":0,"DPS_HKD_LY":0.0209,"ORG_TYPE":"一般企业","PREMIUM_INCOME":null,"PREMIUM_INCOME_YOY":null,"NET_INTEREST_INCOME":null,"NET_INTEREST_INCOME_YOY":null,"FEE_COMMISSION_INCOME":null,"FEE_COMMISSION_INCOME_YOY":null,"ACCOUNTS_RECE_TDAYS":4.452854606693,"INVENTORY_TDAYS":6.607374467297,"CURRENT_ASSETS_TDAYS":1.833784300864,"TOTAL_ASSETS_TDAYS":1.424587292319,"PREMIUM_EXPENSE":null,"LOAN_DEPOSIT":null,"LOAN_EQUITY":null,"LOAN_ASSETS":null,"DEPOSIT_EQUITY":null,"DEPOSIT_ASSETS":null,"EQUITY_MULTIPLIER":4.127751491466,"EQUITY_RATIO":3.116179798395},{"SECUCODE":"01747.HK","SECURITY_CODE":"01747","SECURITY_NAME_ABBR":"HOME CONTROL","ORG_CODE":"10000038595","STD_REPORT_DATE":"2020-06-30 00:00:00","REPORT_DATE":"2020-06-30 00:00:00","DATE_TYPE_CODE":"002","REPORT_TYPE":"2020年中报","PER_NETCASH_OPERATE":0.043227777758,"PER_OI":0.985065510845,"BPS":0.238074649166,"BASIC_EPS":0.0212385,"DILUTED_EPS":0.0212385,"OPERATE_INCOME":494142020.5,"OPERATE_INCOME_YOY":-14.2265532835,"GROSS_PROFIT":100663410.5,"GROSS_PROFIT_YOY":3.058766663463,"HOLDER_PROFIT":10640488.5,"HOLDER_PROFIT_YOY":224.2148760331,"GROSS_PROFIT_RATIO":20.371352025101,"EPS_TTM":0.075927153039,"OPERATE_INCOME_QOQ":-5.200488183979,"NET_PROFIT_RATIO":2.1533259789,"ROE_AVG":8.867256637168,"GROSS_PROFIT_QOQ":1.221420073739,"ROA":1.475011653868,"HOLDER_PROFIT_QOQ":99.111991189969,"ROE_YEARLY":17.734513274336,"ROIC_YEARLY":3.92510184895,"TOTAL_ASSETS":677260367.5,"TOTAL_LIABILITIES":556639846.5,"TAX_EBT":25.037406483791,"OCF_SALES":4.38831501884,"TOTAL_PARENT_EQUITY":120620521,"DEBT_ASSET_RATIO":82.1899336225,"OPERATE_PROFIT":22137596.5,"PRETAX_PROFIT":14194397.5,"NETCASH_OPERATE":21684508.5,"NETCASH_INVEST":-10364388,"NETCASH_FINANCE":-55460803,"END_CASH":158814423.5,"DIVI_RATIO":null,"DIVIDEND_RATE":null,"CURRENT_RATIO":1.264884360951,"COMMON_ACS":5000000000,"CURRENTDEBT_DEBT":74.403194831292,"ISSUED_COMMON_SHARES":506650000,"HK_COMMON_SHARES":506650000,"PER_SHARES":2000,"TOTAL_MARKET_CAP":182394000,"HKSK_MARKET_CAP":182394000,"PE_TTM":7.578813990342,"PB_TTM":0.90018261472,"REPORT_DATE_SQ":"2019-06-30 00:00:00","REPORT_TYPE_SQ":"2019年中报","OPERATE_INCOME_SQ":559435587.2,"DPS_HKD":null,"OPERATE_INCOME_QOQ_SQ":0,"NET_PROFIT_RATIO_SQ":-1.4869248919,"HOLDER_PROFIT_SQ":-8318387,"HOLDER_PROFIT_QOQ_SQ":0,"ROE_AVG_SQ":null,"PE_TTM_SQ":-115.436977823453,"PB_TTM_SQ":0.682215529612,"ROA_SQ":null,"START_DATE":"2020-01-01 00:00:00","FISCAL_YEAR":"12-31","CURRENCY":"HKD","IS_CNY_CODE":0,"DPS_HKD_LY":0.0209,"ORG_TYPE":"一般企业","PREMIUM_INCOME":null,"PREMIUM_INCOME_YOY":null,"NET_INTEREST_INCOME":null,"NET_INTEREST_INCOME_YOY":null,"FEE_COMMISSION_INCOME":null,"FEE_COMMISSION_INCOME_YOY":null,"ACCOUNTS_RECE_TDAYS":2.055753541661,"INVENTORY_TDAYS":2.897810218978,"CURRENT_ASSETS_TDAYS":0.873093208413,"TOTAL_ASSETS_TDAYS":0.684992271646,"PREMIUM_EXPENSE":null,"LOAN_DEPOSIT":null,"LOAN_EQUITY":null,"LOAN_ASSETS":null,"DEPOSIT_EQUITY":null,"DEPOSIT_ASSETS":null,"EQUITY_MULTIPLIER":5.61480220682,"EQUITY_RATIO":4.614802206832}],"count":14},"success":true,"message":"ok","code":0}