{"version":"8f7005999b58fd0c37018c182ddea0af","result":{"pages":3,"data":[{"SECUCODE":"01742.HK","SECURITY_CODE":"01742","SECURITY_NAME_ABBR":"HPC HOLDINGS","ORG_CODE":"10657971","STD_REPORT_DATE":"2024-12-31 00:00:00","REPORT_DATE":"2024-10-31 00:00:00","DATE_TYPE_CODE":"001","REPORT_TYPE":"2024年年报","PER_NETCASH_OPERATE":0.0249415565,"PER_OI":0.571749653,"BPS":0.25531923075,"BASIC_EPS":-0.02855852,"DILUTED_EPS":-0.02855852,"OPERATE_INCOME":914799444.8,"OPERATE_INCOME_YOY":-41.3030926409,"GROSS_PROFIT":-27017437.6,"GROSS_PROFIT_YOY":-139.439265151872,"HOLDER_PROFIT":-45720574,"HOLDER_PROFIT_YOY":-349.7057092407,"GROSS_PROFIT_RATIO":-2.953372758759,"EPS_TTM":-0.02857535875,"OPERATE_INCOME_QOQ":-17.653420044035,"NET_PROFIT_RATIO":-4.997879509,"ROE_AVG":-10.362536104004,"GROSS_PROFIT_QOQ":-141.473946650506,"ROA":-5.014464232421,"HOLDER_PROFIT_QOQ":-546.236227192291,"ROE_YEARLY":-10.362536104004,"ROIC_YEARLY":-6.907078025154,"TOTAL_ASSETS":853533336.8,"TOTAL_LIABILITIES":445022567.6,"TAX_EBT":10.684210526316,"OCF_SALES":4.362321230827,"TOTAL_PARENT_EQUITY":408510769.2,"DEBT_ASSET_RATIO":52.1388618831,"OPERATE_PROFIT":-52025002,"PRETAX_PROFIT":-51189800,"NETCASH_OPERATE":39906490.4,"NETCASH_INVEST":-9634459.2,"NETCASH_FINANCE":-38618662.8,"END_CASH":235532352.4,"DIVI_RATIO":null,"DIVIDEND_RATE":null,"CURRENT_RATIO":1.65774164568,"COMMON_ACS":10000000000,"CURRENTDEBT_DEBT":82.213127656225,"ISSUED_COMMON_SHARES":1600000000,"HK_COMMON_SHARES":1600000000,"PER_SHARES":5000,"TOTAL_MARKET_CAP":73600000,"HKSK_MARKET_CAP":73600000,"PE_TTM":-1.475732303688,"PB_TTM":0.165164135396,"REPORT_DATE_SQ":"2023-12-31 00:00:00","REPORT_TYPE_SQ":"2023年年报","OPERATE_INCOME_SQ":1525541084,"DPS_HKD":null,"OPERATE_INCOME_QOQ_SQ":-1.001170973404,"NET_PROFIT_RATIO_SQ":1.0724843121,"HOLDER_PROFIT_SQ":17922411.2,"HOLDER_PROFIT_QOQ_SQ":23.937323894978,"ROE_AVG_SQ":3.939664467658,"PE_TTM_SQ":4.014966024686,"PB_TTM_SQ":0.15512057478,"ROA_SQ":1.901654573793,"START_DATE":"2023-11-01 00:00:00","FISCAL_YEAR":"10-31","CURRENCY":"HKD","IS_CNY_CODE":0,"DPS_HKD_LY":null,"ORG_TYPE":"一般企业","PREMIUM_INCOME":null,"PREMIUM_INCOME_YOY":null,"NET_INTEREST_INCOME":null,"NET_INTEREST_INCOME_YOY":null,"FEE_COMMISSION_INCOME":null,"FEE_COMMISSION_INCOME_YOY":null,"ACCOUNTS_RECE_TDAYS":4.988525673988,"INVENTORY_TDAYS":null,"CURRENT_ASSETS_TDAYS":1.335993169415,"TOTAL_ASSETS_TDAYS":1.003318351994,"PREMIUM_EXPENSE":null,"LOAN_DEPOSIT":null,"LOAN_EQUITY":null,"LOAN_ASSETS":null,"DEPOSIT_EQUITY":null,"DEPOSIT_ASSETS":null,"EQUITY_MULTIPLIER":2.089377811195,"EQUITY_RATIO":1.089377811193},{"SECUCODE":"01742.HK","SECURITY_CODE":"01742","SECURITY_NAME_ABBR":"HPC HOLDINGS","ORG_CODE":"10657971","STD_REPORT_DATE":"2024-06-30 00:00:00","REPORT_DATE":"2024-04-30 00:00:00","DATE_TYPE_CODE":"002","REPORT_TYPE":"2024年中报","PER_NETCASH_OPERATE":-0.003364066875,"PER_OI":0.284517511875,"BPS":0.27823813875,"BASIC_EPS":0.0020964,"DILUTED_EPS":0.0020964,"OPERATE_INCOME":455228019,"OPERATE_INCOME_YOY":-48.2134446266,"GROSS_PROFIT":16855056,"GROSS_PROFIT_YOY":-16.624374679941,"HOLDER_PROFIT":3375204,"HOLDER_PROFIT_YOY":-69.7794462694,"GROSS_PROFIT_RATIO":3.702552412531,"EPS_TTM":0.006403639375,"OPERATE_INCOME_QOQ":-27.179037021595,"NET_PROFIT_RATIO":0.7414315154,"ROE_AVG":0.744973740832,"GROSS_PROFIT_QOQ":-4.905926884124,"ROA":0.380851000917,"HOLDER_PROFIT_QOQ":-42.832340550249,"ROE_YEARLY":1.489947481665,"ROIC_YEARLY":1.035249106816,"TOTAL_ASSETS":828974211,"TOTAL_LIABILITIES":383793189,"TAX_EBT":52.472324723247,"OCF_SALES":-1.182376034723,"TOTAL_PARENT_EQUITY":445181022,"DEBT_ASSET_RATIO":46.2973617161,"OPERATE_PROFIT":6718962,"PRETAX_PROFIT":7101555,"NETCASH_OPERATE":-5382507,"NETCASH_INVEST":-16351920,"NETCASH_FINANCE":-3747315,"END_CASH":222569547,"DIVI_RATIO":null,"DIVIDEND_RATE":null,"CURRENT_RATIO":2.152144469526,"COMMON_ACS":10000000000,"CURRENTDEBT_DEBT":75.618948777124,"ISSUED_COMMON_SHARES":1600000000,"HK_COMMON_SHARES":1600000000,"PER_SHARES":5000,"TOTAL_MARKET_CAP":86400000,"HKSK_MARKET_CAP":86400000,"PE_TTM":-1.732381399982,"PB_TTM":0.193888332856,"REPORT_DATE_SQ":"2023-06-30 00:00:00","REPORT_TYPE_SQ":"2023年中报","OPERATE_INCOME_SQ":869855395,"DPS_HKD":null,"OPERATE_INCOME_QOQ_SQ":48.840876719559,"NET_PROFIT_RATIO_SQ":1.1548665971,"HOLDER_PROFIT_SQ":11051792.2,"HOLDER_PROFIT_QOQ_SQ":1807.37436437766,"ROE_AVG_SQ":2.488977136684,"PE_TTM_SQ":3.363446415279,"PB_TTM_SQ":0.110800410557,"ROA_SQ":1.179345134164,"START_DATE":"2023-11-01 00:00:00","FISCAL_YEAR":"10-31","CURRENCY":"HKD","IS_CNY_CODE":0,"DPS_HKD_LY":null,"ORG_TYPE":"一般企业","PREMIUM_INCOME":null,"PREMIUM_INCOME_YOY":null,"NET_INTEREST_INCOME":null,"NET_INTEREST_INCOME_YOY":null,"FEE_COMMISSION_INCOME":null,"FEE_COMMISSION_INCOME_YOY":null,"ACCOUNTS_RECE_TDAYS":2.636525064882,"INVENTORY_TDAYS":null,"CURRENT_ASSETS_TDAYS":0.666180920132,"TOTAL_ASSETS_TDAYS":0.513669830569,"PREMIUM_EXPENSE":null,"LOAN_DEPOSIT":null,"LOAN_EQUITY":null,"LOAN_ASSETS":null,"DEPOSIT_EQUITY":null,"DEPOSIT_ASSETS":null,"EQUITY_MULTIPLIER":1.86210590756,"EQUITY_RATIO":0.86210590756},{"SECUCODE":"01742.HK","SECURITY_CODE":"01742","SECURITY_NAME_ABBR":"HPC HOLDINGS","ORG_CODE":"10657971","STD_REPORT_DATE":"2023-12-31 00:00:00","REPORT_DATE":"2023-10-31 00:00:00","DATE_TYPE_CODE":"001","REPORT_TYPE":"2023年年报","PER_NETCASH_OPERATE":0.1033024205,"PER_OI":0.9534631775,"BPS":0.289927175,"BASIC_EPS":0.01107624,"DILUTED_EPS":0.01107624,"OPERATE_INCOME":1525541084,"OPERATE_INCOME_YOY":42.5399797945,"GROSS_PROFIT":68503907.2,"GROSS_PROFIT_YOY":11.025774490833,"HOLDER_PROFIT":17922411.2,"HOLDER_PROFIT_YOY":2146.9879518072,"GROSS_PROFIT_RATIO":4.490466229882,"EPS_TTM":0.011201507,"OPERATE_INCOME_QOQ":-1.001170973404,"NET_PROFIT_RATIO":1.0724843121,"ROE_AVG":3.939664467658,"GROSS_PROFIT_QOQ":-0.409470656386,"ROA":1.901654573793,"HOLDER_PROFIT_QOQ":23.937323894978,"ROE_YEARLY":3.939664467658,"ROIC_YEARLY":2.370670108487,"TOTAL_ASSETS":949492213.6,"TOTAL_LIABILITIES":487908372,"TAX_EBT":25.360923965351,"OCF_SALES":10.834442581292,"TOTAL_PARENT_EQUITY":463883480,"DEBT_ASSET_RATIO":51.3862425633,"OPERATE_PROFIT":22985835.2,"PRETAX_PROFIT":21920406.4,"NETCASH_OPERATE":165283872.8,"NETCASH_INVEST":-46942160,"NETCASH_FINANCE":-5727998.4,"END_CASH":238814283.2,"DIVI_RATIO":null,"DIVIDEND_RATE":null,"CURRENT_RATIO":1.890994564419,"COMMON_ACS":10000000000,"CURRENTDEBT_DEBT":80.943732771202,"ISSUED_COMMON_SHARES":1600000000,"HK_COMMON_SHARES":1600000000,"PER_SHARES":5000,"TOTAL_MARKET_CAP":80000000,"HKSK_MARKET_CAP":80000000,"PE_TTM":-1.604056851835,"PB_TTM":0.179526234126,"REPORT_DATE_SQ":"2022-12-31 00:00:00","REPORT_TYPE_SQ":"2022年年报","OPERATE_INCOME_SQ":1035312913,"DPS_HKD":null,"OPERATE_INCOME_QOQ_SQ":50.014793762077,"NET_PROFIT_RATIO_SQ":-0.2089544883,"HOLDER_PROFIT_SQ":-846965.2,"HOLDER_PROFIT_QOQ_SQ":98.293463115094,"ROE_AVG_SQ":-0.19613635021,"PE_TTM_SQ":4.420529574367,"PB_TTM_SQ":0.145623396732,"ROA_SQ":-0.101742493427,"START_DATE":"2022-11-01 00:00:00","FISCAL_YEAR":"10-31","CURRENCY":"HKD","IS_CNY_CODE":0,"DPS_HKD_LY":null,"ORG_TYPE":"一般企业","PREMIUM_INCOME":null,"PREMIUM_INCOME_YOY":null,"NET_INTEREST_INCOME":null,"NET_INTEREST_INCOME_YOY":null,"FEE_COMMISSION_INCOME":null,"FEE_COMMISSION_INCOME_YOY":null,"ACCOUNTS_RECE_TDAYS":6.750886938661,"INVENTORY_TDAYS":null,"CURRENT_ASSETS_TDAYS":2.022028495127,"TOTAL_ASSETS_TDAYS":1.618672927166,"PREMIUM_EXPENSE":null,"LOAN_DEPOSIT":null,"LOAN_EQUITY":null,"LOAN_ASSETS":null,"DEPOSIT_EQUITY":null,"DEPOSIT_ASSETS":null,"EQUITY_MULTIPLIER":2.057030875061,"EQUITY_RATIO":1.051790790222},{"SECUCODE":"01742.HK","SECURITY_CODE":"01742","SECURITY_NAME_ABBR":"HPC HOLDINGS","ORG_CODE":"10657971","STD_REPORT_DATE":"2023-06-30 00:00:00","REPORT_DATE":"2023-04-30 00:00:00","DATE_TYPE_CODE":"002","REPORT_TYPE":"2023年中报","PER_NETCASH_OPERATE":0.020174318,"PER_OI":0.543659621875,"BPS":0.280972109125,"BASIC_EPS":0.00674206,"DILUTED_EPS":0.00674206,"OPERATE_INCOME":869855395,"OPERATE_INCOME_YOY":119.9816381402,"GROSS_PROFIT":20215807.6,"GROSS_PROFIT_YOY":53.953082686607,"HOLDER_PROFIT":11051792.2,"HOLDER_PROFIT_YOY":339.1694725028,"GROSS_PROFIT_RATIO":2.324042331197,"EPS_TTM":0.009038041688,"OPERATE_INCOME_QOQ":48.840876719559,"NET_PROFIT_RATIO":1.1548665971,"ROE_AVG":2.488977136684,"GROSS_PROFIT_QOQ":11.482261639321,"ROA":1.179345134164,"HOLDER_PROFIT_QOQ":1807.37436437766,"ROE_YEARLY":4.977954273367,"ROIC_YEARLY":2.760568306577,"TOTAL_ASSETS":954431944.6,"TOTAL_LIABILITIES":506608760.8,"TAX_EBT":18.407750631845,"OCF_SALES":3.710836190192,"TOTAL_PARENT_EQUITY":449555374.6,"DEBT_ASSET_RATIO":53.079610722,"OPERATE_PROFIT":12960313.8,"PRETAX_PROFIT":12312038.8,"NETCASH_OPERATE":32278908.8,"NETCASH_INVEST":-2966506.4,"NETCASH_FINANCE":-2370093.4,"END_CASH":151099937,"DIVI_RATIO":null,"DIVIDEND_RATE":null,"CURRENT_RATIO":1.942286448298,"COMMON_ACS":10000000000,"CURRENTDEBT_DEBT":79.695753654642,"ISSUED_COMMON_SHARES":1600000000,"HK_COMMON_SHARES":1600000000,"PER_SHARES":5000,"TOTAL_MARKET_CAP":86400000,"HKSK_MARKET_CAP":86400000,"PE_TTM":-1.732381399982,"PB_TTM":0.193888332856,"REPORT_DATE_SQ":"2022-06-30 00:00:00","REPORT_TYPE_SQ":"2022年中报","OPERATE_INCOME_SQ":364199491.5,"DPS_HKD":null,"OPERATE_INCOME_QOQ_SQ":-22.971115481304,"NET_PROFIT_RATIO_SQ":-1.3364810807,"HOLDER_PROFIT_SQ":-4256039.7,"HOLDER_PROFIT_QOQ_SQ":-123.032903520673,"ROE_AVG_SQ":-1.057284404758,"PE_TTM_SQ":3.363446415279,"PB_TTM_SQ":0.110800410557,"ROA_SQ":-0.603108955593,"START_DATE":"2022-11-01 00:00:00","FISCAL_YEAR":"10-31","CURRENCY":"HKD","IS_CNY_CODE":0,"DPS_HKD_LY":null,"ORG_TYPE":"一般企业","PREMIUM_INCOME":null,"PREMIUM_INCOME_YOY":null,"NET_INTEREST_INCOME":null,"NET_INTEREST_INCOME_YOY":null,"FEE_COMMISSION_INCOME":null,"FEE_COMMISSION_INCOME_YOY":null,"ACCOUNTS_RECE_TDAYS":3.144686515674,"INVENTORY_TDAYS":null,"CURRENT_ASSETS_TDAYS":1.134430620327,"TOTAL_ASSETS_TDAYS":0.928229294358,"PREMIUM_EXPENSE":null,"LOAN_DEPOSIT":null,"LOAN_EQUITY":null,"LOAN_ASSETS":null,"DEPOSIT_EQUITY":null,"DEPOSIT_ASSETS":null,"EQUITY_MULTIPLIER":2.131269615167,"EQUITY_RATIO":1.126910697599},{"SECUCODE":"01742.HK","SECURITY_CODE":"01742","SECURITY_NAME_ABBR":"HPC HOLDINGS","ORG_CODE":"10657971","STD_REPORT_DATE":"2022-12-31 00:00:00","REPORT_DATE":"2022-10-31 00:00:00","DATE_TYPE_CODE":"001","REPORT_TYPE":"2022年年报","PER_NETCASH_OPERATE":-0.03778816875,"PER_OI":0.647070570625,"BPS":0.269625759,"BASIC_EPS":-0.00051022,"DILUTED_EPS":-0.00051022,"OPERATE_INCOME":1035312913,"OPERATE_INCOME_YOY":7.6415044295,"GROSS_PROFIT":61700904.6,"GROSS_PROFIT_YOY":1335.20566813757,"HOLDER_PROFIT":-846965.2,"HOLDER_PROFIT_YOY":96.4545066211,"GROSS_PROFIT_RATIO":5.959638272183,"EPS_TTM":-0.00052935325,"OPERATE_INCOME_QOQ":50.014793762077,"NET_PROFIT_RATIO":-0.2089544883,"ROE_AVG":-0.19613635021,"GROSS_PROFIT_QOQ":261.497235408098,"ROA":-0.101742493427,"HOLDER_PROFIT_QOQ":98.293463115094,"ROE_YEARLY":-0.19613635021,"ROIC_YEARLY":-0.122243987216,"TOTAL_ASSETS":904895578.8,"TOTAL_LIABILITIES":474208672.4,"TAX_EBT":83.241106719368,"OCF_SALES":-5.839883695143,"TOTAL_PARENT_EQUITY":431401214.4,"DEBT_ASSET_RATIO":52.4047949299,"OPERATE_PROFIT":-13474910.2,"PRETAX_PROFIT":-12908566,"NETCASH_OPERATE":-65369386.4,"NETCASH_INVEST":-8178826.6,"NETCASH_FINANCE":38424668.2,"END_CASH":122192587.8,"DIVI_RATIO":null,"DIVIDEND_RATE":null,"CURRENT_RATIO":2.005023242906,"COMMON_ACS":10000000000,"CURRENTDEBT_DEBT":77.537604097179,"ISSUED_COMMON_SHARES":1600000000,"HK_COMMON_SHARES":1600000000,"PER_SHARES":5000,"TOTAL_MARKET_CAP":86400000,"HKSK_MARKET_CAP":86400000,"PE_TTM":-1.732381399982,"PB_TTM":0.193888332856,"REPORT_DATE_SQ":"2021-12-31 00:00:00","REPORT_TYPE_SQ":"2021年年报","OPERATE_INCOME_SQ":895950328,"DPS_HKD":null,"OPERATE_INCOME_QOQ_SQ":6.923657043065,"NET_PROFIT_RATIO_SQ":-2.6327515782,"HOLDER_PROFIT_SQ":-22252609.6,"HOLDER_PROFIT_QOQ_SQ":-10.016974295816,"ROE_AVG_SQ":-5.377962071699,"PE_TTM_SQ":3.363446415279,"PB_TTM_SQ":0.110800410557,"ROA_SQ":-2.916815923497,"START_DATE":"2021-11-01 00:00:00","FISCAL_YEAR":"10-31","CURRENCY":"HKD","IS_CNY_CODE":0,"DPS_HKD_LY":null,"ORG_TYPE":"一般企业","PREMIUM_INCOME":null,"PREMIUM_INCOME_YOY":null,"NET_INTEREST_INCOME":null,"NET_INTEREST_INCOME_YOY":null,"FEE_COMMISSION_INCOME":null,"FEE_COMMISSION_INCOME_YOY":null,"ACCOUNTS_RECE_TDAYS":4.489667227188,"INVENTORY_TDAYS":null,"CURRENT_ASSETS_TDAYS":1.537555172479,"TOTAL_ASSETS_TDAYS":1.243679400823,"PREMIUM_EXPENSE":null,"LOAN_DEPOSIT":null,"LOAN_EQUITY":null,"LOAN_ASSETS":null,"DEPOSIT_EQUITY":null,"DEPOSIT_ASSETS":null,"EQUITY_MULTIPLIER":2.10105198313,"EQUITY_RATIO":1.099228876904},{"SECUCODE":"01742.HK","SECURITY_CODE":"01742","SECURITY_NAME_ABBR":"HPC HOLDINGS","ORG_CODE":"10657971","STD_REPORT_DATE":"2022-06-30 00:00:00","REPORT_DATE":"2022-04-30 00:00:00","DATE_TYPE_CODE":"002","REPORT_TYPE":"2022年中报","PER_NETCASH_OPERATE":-0.030263379938,"PER_OI":0.227624682188,"BPS":0.250260269313,"BASIC_EPS":-0.00286602,"DILUTED_EPS":-0.00286602,"OPERATE_INCOME":364199491.5,"OPERATE_INCOME_YOY":-34.7781456104,"GROSS_PROFIT":13131148.3,"GROSS_PROFIT_YOY":-71.664389010767,"HOLDER_PROFIT":-4256039.7,"HOLDER_PROFIT_YOY":-118.7895402784,"GROSS_PROFIT_RATIO":3.60548232671,"EPS_TTM":-0.031019150813,"OPERATE_INCOME_QOQ":-22.971115481304,"NET_PROFIT_RATIO":-1.3364810807,"ROE_AVG":-1.057284404758,"GROSS_PROFIT_QOQ":-664.846323849602,"ROA":-0.603108955593,"HOLDER_PROFIT_QOQ":-123.032903520673,"ROE_YEARLY":-2.114568809517,"ROIC_YEARLY":-1.457287254052,"TOTAL_ASSETS":699829540.3,"TOTAL_LIABILITIES":299460876.4,"TAX_EBT":46.954711087975,"OCF_SALES":-13.295298052331,"TOTAL_PARENT_EQUITY":400416430.9,"DEBT_ASSET_RATIO":42.7905452907,"OPERATE_PROFIT":-9328895.1,"PRETAX_PROFIT":-9176040.7,"NETCASH_OPERATE":-48421407.9,"NETCASH_INVEST":-26811617.1,"NETCASH_FINANCE":23654218.4,"END_CASH":95524446.6,"DIVI_RATIO":null,"DIVIDEND_RATE":null,"CURRENT_RATIO":2.511025297848,"COMMON_ACS":10000000000,"CURRENTDEBT_DEBT":72.699866011612,"ISSUED_COMMON_SHARES":1600000000,"HK_COMMON_SHARES":1600000000,"PER_SHARES":5000,"TOTAL_MARKET_CAP":86400000,"HKSK_MARKET_CAP":86400000,"PE_TTM":-1.732381399982,"PB_TTM":0.193888332856,"REPORT_DATE_SQ":"2021-06-30 00:00:00","REPORT_TYPE_SQ":"2021年中报","OPERATE_INCOME_SQ":570009276,"DPS_HKD":null,"OPERATE_INCOME_QOQ_SQ":15.503267260454,"NET_PROFIT_RATIO_SQ":3.9991103583,"HOLDER_PROFIT_SQ":23121992,"HOLDER_PROFIT_QOQ_SQ":9.996667835977,"ROE_AVG_SQ":5.167209684977,"PE_TTM_SQ":3.363446415279,"PB_TTM_SQ":0.110800410557,"ROA_SQ":2.806348905749,"START_DATE":"2021-11-01 00:00:00","FISCAL_YEAR":"10-31","CURRENCY":"HKD","IS_CNY_CODE":0,"DPS_HKD_LY":null,"ORG_TYPE":"一般企业","PREMIUM_INCOME":null,"PREMIUM_INCOME_YOY":null,"NET_INTEREST_INCOME":null,"NET_INTEREST_INCOME_YOY":null,"FEE_COMMISSION_INCOME":null,"FEE_COMMISSION_INCOME_YOY":null,"ACCOUNTS_RECE_TDAYS":1.931965032307,"INVENTORY_TDAYS":null,"CURRENT_ASSETS_TDAYS":0.651950850371,"TOTAL_ASSETS_TDAYS":0.516094751057,"PREMIUM_EXPENSE":null,"LOAN_DEPOSIT":null,"LOAN_EQUITY":null,"LOAN_ASSETS":null,"DEPOSIT_EQUITY":null,"DEPOSIT_ASSETS":null,"EQUITY_MULTIPLIER":1.74796282377,"EQUITY_RATIO":0.747873596812},{"SECUCODE":"01742.HK","SECURITY_CODE":"01742","SECURITY_NAME_ABBR":"HPC HOLDINGS","ORG_CODE":"10657971","STD_REPORT_DATE":"2021-12-31 00:00:00","REPORT_DATE":"2021-10-31 00:00:00","DATE_TYPE_CODE":"001","REPORT_TYPE":"2021年年报","PER_NETCASH_OPERATE":-0.066087684,"PER_OI":0.559968955,"BPS":0.251654819,"BASIC_EPS":-0.0142584,"DILUTED_EPS":-0.0142584,"OPERATE_INCOME":895950328,"OPERATE_INCOME_YOY":27.808588824,"GROSS_PROFIT":-4995192.8,"GROSS_PROFIT_YOY":-352.629868993584,"HOLDER_PROFIT":-22252609.6,"HOLDER_PROFIT_YOY":-2.4731888816,"GROSS_PROFIT_RATIO":-0.557530104504,"EPS_TTM":-0.013907881,"OPERATE_INCOME_QOQ":6.923657043065,"NET_PROFIT_RATIO":-2.6327515782,"ROE_AVG":-5.377962071699,"GROSS_PROFIT_QOQ":-143.435019353967,"ROA":-2.916815923497,"HOLDER_PROFIT_QOQ":-10.016974295816,"ROE_YEARLY":-5.377962071699,"ROIC_YEARLY":-4.130259310065,"TOTAL_ASSETS":707977088,"TOTAL_LIABILITIES":304768547.2,"TAX_EBT":17.048303526659,"OCF_SALES":-11.802026417697,"TOTAL_PARENT_EQUITY":402647710.4,"DEBT_ASSET_RATIO":43.0477980666,"OPERATE_PROFIT":-30061460,"PRETAX_PROFIT":-28436002.4,"NETCASH_OPERATE":-105740294.4,"NETCASH_INVEST":-21791588,"NETCASH_FINANCE":-25451244,"END_CASH":146381487.2,"DIVI_RATIO":null,"DIVIDEND_RATE":null,"CURRENT_RATIO":2.41587622611,"COMMON_ACS":10000000000,"CURRENTDEBT_DEBT":77.108414946042,"ISSUED_COMMON_SHARES":1600000000,"HK_COMMON_SHARES":1600000000,"PER_SHARES":5000,"TOTAL_MARKET_CAP":86400000,"HKSK_MARKET_CAP":86400000,"PE_TTM":-1.732381399982,"PB_TTM":0.193888332856,"REPORT_DATE_SQ":"2020-12-31 00:00:00","REPORT_TYPE_SQ":"2020年年报","OPERATE_INCOME_SQ":725463988.4,"DPS_HKD":null,"OPERATE_INCOME_QOQ_SQ":-28.316129617197,"NET_PROFIT_RATIO_SQ":-3.133686794,"HOLDER_PROFIT_SQ":-22473083.4,"HOLDER_PROFIT_QOQ_SQ":-143.509126317566,"ROE_AVG_SQ":-4.983394139686,"PE_TTM_SQ":3.363446415279,"PB_TTM_SQ":0.110800410557,"ROA_SQ":-2.748659208971,"START_DATE":"2020-11-01 00:00:00","FISCAL_YEAR":"10-31","CURRENCY":"HKD","IS_CNY_CODE":0,"DPS_HKD_LY":null,"ORG_TYPE":"一般企业","PREMIUM_INCOME":null,"PREMIUM_INCOME_YOY":null,"NET_INTEREST_INCOME":null,"NET_INTEREST_INCOME_YOY":null,"FEE_COMMISSION_INCOME":null,"FEE_COMMISSION_INCOME_YOY":null,"ACCOUNTS_RECE_TDAYS":4.102681291895,"INVENTORY_TDAYS":null,"CURRENT_ASSETS_TDAYS":1.44635533953,"TOTAL_ASSETS_TDAYS":1.174389085302,"PREMIUM_EXPENSE":null,"LOAN_DEPOSIT":null,"LOAN_EQUITY":null,"LOAN_ASSETS":null,"DEPOSIT_EQUITY":null,"DEPOSIT_ASSETS":null,"EQUITY_MULTIPLIER":1.755858362016,"EQUITY_RATIO":0.756911164097},{"SECUCODE":"01742.HK","SECURITY_CODE":"01742","SECURITY_NAME_ABBR":"HPC HOLDINGS","ORG_CODE":"10657971","STD_REPORT_DATE":"2021-06-30 00:00:00","REPORT_DATE":"2021-04-30 00:00:00","DATE_TYPE_CODE":"002","REPORT_TYPE":"2021年中报","PER_NETCASH_OPERATE":-0.035808125,"PER_OI":0.3562557975,"BPS":0.286897745,"BASIC_EPS":0.014628,"DILUTED_EPS":0.014628,"OPERATE_INCOME":570009276,"OPERATE_INCOME_YOY":27.8137368525,"GROSS_PROFIT":46341504,"GROSS_PROFIT_YOY":25.865067466267,"HOLDER_PROFIT":23121992,"HOLDER_PROFIT_YOY":13.6352743829,"GROSS_PROFIT_RATIO":8.129956116714,"EPS_TTM":-0.012641577438,"OPERATE_INCOME_QOQ":15.503267260454,"NET_PROFIT_RATIO":3.9991103583,"ROE_AVG":5.167209684977,"GROSS_PROFIT_QOQ":481.627158802013,"ROA":2.806348905749,"HOLDER_PROFIT_QOQ":9.996667835977,"ROE_YEARLY":10.334419369954,"ROIC_YEARLY":8.365344329533,"TOTAL_ASSETS":808796748,"TOTAL_LIABILITIES":348141524,"TAX_EBT":2.053216006704,"OCF_SALES":-10.051239938067,"TOTAL_PARENT_EQUITY":459036392,"DEBT_ASSET_RATIO":43.0443773248,"OPERATE_PROFIT":21503160,"PRETAX_PROFIT":23273148,"NETCASH_OPERATE":-57293000,"NETCASH_INVEST":-13867344,"NETCASH_FINANCE":-4573688,"END_CASH":231463720,"DIVI_RATIO":null,"DIVIDEND_RATE":null,"CURRENT_RATIO":2.526317747967,"COMMON_ACS":10000000000,"CURRENTDEBT_DEBT":75.276964663371,"ISSUED_COMMON_SHARES":1600000000,"HK_COMMON_SHARES":1600000000,"PER_SHARES":5000,"TOTAL_MARKET_CAP":86400000,"HKSK_MARKET_CAP":86400000,"PE_TTM":-1.732381399982,"PB_TTM":0.193888332856,"REPORT_DATE_SQ":"2020-06-30 00:00:00","REPORT_TYPE_SQ":"2020年中报","OPERATE_INCOME_SQ":457538655,"DPS_HKD":null,"OPERATE_INCOME_QOQ_SQ":-9.352810726168,"NET_PROFIT_RATIO_SQ":4.5374035118,"HOLDER_PROFIT_SQ":20875432.5,"HOLDER_PROFIT_QOQ_SQ":-32.917657925428,"ROE_AVG_SQ":4.344363414901,"PE_TTM_SQ":3.363446415279,"PB_TTM_SQ":0.110800410557,"ROA_SQ":2.485896572882,"START_DATE":"2020-11-01 00:00:00","FISCAL_YEAR":"10-31","CURRENCY":"HKD","IS_CNY_CODE":0,"DPS_HKD_LY":null,"ORG_TYPE":"一般企业","PREMIUM_INCOME":null,"PREMIUM_INCOME_YOY":null,"NET_INTEREST_INCOME":null,"NET_INTEREST_INCOME_YOY":null,"FEE_COMMISSION_INCOME":null,"FEE_COMMISSION_INCOME_YOY":null,"ACCOUNTS_RECE_TDAYS":2.358610671159,"INVENTORY_TDAYS":null,"CURRENT_ASSETS_TDAYS":0.844056635788,"TOTAL_ASSETS_TDAYS":0.691828328619,"PREMIUM_EXPENSE":null,"LOAN_DEPOSIT":null,"LOAN_EQUITY":null,"LOAN_ASSETS":null,"DEPOSIT_EQUITY":null,"DEPOSIT_ASSETS":null,"EQUITY_MULTIPLIER":1.755752905561,"EQUITY_RATIO":0.758418134308},{"SECUCODE":"01742.HK","SECURITY_CODE":"01742","SECURITY_NAME_ABBR":"HPC HOLDINGS","ORG_CODE":"10657971","STD_REPORT_DATE":"2020-12-31 00:00:00","REPORT_DATE":"2020-10-31 00:00:00","DATE_TYPE_CODE":"001","REPORT_TYPE":"2020年年报","PER_NETCASH_OPERATE":0.100643778375,"PER_OI":0.45341499275,"BPS":0.274826775,"BASIC_EPS":-0.0147558,"DILUTED_EPS":-0.0147558,"OPERATE_INCOME":725463988.4,"OPERATE_INCOME_YOY":-31.5566733798,"GROSS_PROFIT":1977277.2,"GROSS_PROFIT_YOY":-98.529835121929,"HOLDER_PROFIT":-22473083.4,"HOLDER_PROFIT_YOY":-130.7428340735,"GROSS_PROFIT_RATIO":0.272553459802,"EPS_TTM":-0.014045677125,"OPERATE_INCOME_QOQ":-28.316129617197,"NET_PROFIT_RATIO":-3.133686794,"ROE_AVG":-4.983394139686,"GROSS_PROFIT_QOQ":-98.023128479735,"ROA":-2.748659208971,"HOLDER_PROFIT_QOQ":-143.509126317566,"ROE_YEARLY":-4.983394139686,"ROIC_YEARLY":-3.848972680634,"TOTAL_ASSETS":846368095,"TOTAL_LIABILITIES":404682733.6,"TAX_EBT":13.315828957239,"OCF_SALES":22.196835125497,"TOTAL_PARENT_EQUITY":439722840,"DEBT_ASSET_RATIO":47.8140345779,"OPERATE_PROFIT":-27731066.8,"PRETAX_PROFIT":-26225975.2,"NETCASH_OPERATE":161030045.4,"NETCASH_INVEST":-23442047.6,"NETCASH_FINANCE":19049737.8,"END_CASH":309881637.2,"DIVI_RATIO":null,"DIVIDEND_RATE":null,"CURRENT_RATIO":2.175298068332,"COMMON_ACS":10000000000,"CURRENTDEBT_DEBT":78.902717681949,"ISSUED_COMMON_SHARES":1600000000,"HK_COMMON_SHARES":1600000000,"PER_SHARES":5000,"TOTAL_MARKET_CAP":86400000,"HKSK_MARKET_CAP":86400000,"PE_TTM":-1.732381399982,"PB_TTM":0.193888332856,"REPORT_DATE_SQ":"2019-12-31 00:00:00","REPORT_TYPE_SQ":"2019年年报","OPERATE_INCOME_SQ":1116452038.4,"DPS_HKD":null,"OPERATE_INCOME_QOQ_SQ":-7.666637954403,"NET_PROFIT_RATIO_SQ":6.8789501527,"HOLDER_PROFIT_SQ":76997049.6,"HOLDER_PROFIT_QOQ_SQ":7.744795799367,"ROE_AVG_SQ":17.173958261111,"PE_TTM_SQ":3.363446415279,"PB_TTM_SQ":0.110800410557,"ROA_SQ":9.928585266786,"START_DATE":"2019-11-01 00:00:00","FISCAL_YEAR":"10-31","CURRENCY":"HKD","IS_CNY_CODE":0,"DPS_HKD_LY":null,"ORG_TYPE":"一般企业","PREMIUM_INCOME":null,"PREMIUM_INCOME_YOY":null,"NET_INTEREST_INCOME":null,"NET_INTEREST_INCOME_YOY":null,"FEE_COMMISSION_INCOME":null,"FEE_COMMISSION_INCOME_YOY":null,"ACCOUNTS_RECE_TDAYS":2.780938015555,"INVENTORY_TDAYS":null,"CURRENT_ASSETS_TDAYS":1.05642619757,"TOTAL_ASSETS_TDAYS":0.887307378787,"PREMIUM_EXPENSE":null,"LOAN_DEPOSIT":null,"LOAN_EQUITY":null,"LOAN_ASSETS":null,"DEPOSIT_EQUITY":null,"DEPOSIT_ASSETS":null,"EQUITY_MULTIPLIER":1.916224011402,"EQUITY_RATIO":0.920313199105}],"count":19},"success":true,"message":"ok","code":0}