{"version":"5476603220b97e56ef8ce8200112b9b1","result":{"pages":2,"data":[{"SECUCODE":"01748.HK","SECURITY_CODE":"01748","SECURITY_NAME_ABBR":"信源企业集团","ORG_CODE":"10929947","STD_REPORT_DATE":"2024-06-30 00:00:00","REPORT_DATE":"2024-06-30 00:00:00","DATE_TYPE_CODE":"002","REPORT_TYPE":"2024年中报","PER_NETCASH_OPERATE":0.165228379091,"PER_OI":0.490129472727,"BPS":2.187506470909,"BASIC_EPS":0.17318124,"DILUTED_EPS":null,"OPERATE_INCOME":215656968,"OPERATE_INCOME_YOY":0.6519425226,"GROSS_PROFIT":77389921.2,"GROSS_PROFIT_YOY":12.881765088814,"HOLDER_PROFIT":76171238.4,"HOLDER_PROFIT_YOY":93.1333574268,"GROSS_PROFIT_RATIO":35.88565763384,"EPS_TTM":0.219012188864,"OPERATE_INCOME_QOQ":-0.378514839554,"NET_PROFIT_RATIO":35.3205551884,"ROE_AVG":8.239888058407,"GROSS_PROFIT_QOQ":7.324028412222,"ROA":5.793267927801,"HOLDER_PROFIT_QOQ":60.124024508519,"ROE_YEARLY":16.479776116814,"ROIC_YEARLY":13.697252027259,"TOTAL_ASSETS":1291782387.6,"TOTAL_LIABILITIES":329279540.4,"TAX_EBT":0.04675956233,"OCF_SALES":33.711169861203,"TOTAL_PARENT_EQUITY":962502847.2,"DEBT_ASSET_RATIO":25.4903258909,"OPERATE_PROFIT":92042622,"PRETAX_PROFIT":76206872.4,"NETCASH_OPERATE":72700486.8,"NETCASH_INVEST":113137950,"NETCASH_FINANCE":-114570436.8,"END_CASH":224487073.2,"DIVI_RATIO":null,"DIVIDEND_RATE":null,"CURRENT_RATIO":3.118510442003,"COMMON_ACS":10000000000,"CURRENTDEBT_DEBT":25.805683613618,"ISSUED_COMMON_SHARES":440000000,"HK_COMMON_SHARES":440000000,"PER_SHARES":2000,"TOTAL_MARKET_CAP":682000000,"HKSK_MARKET_CAP":682000000,"PE_TTM":6.403933543203,"PB_TTM":0.646697058754,"REPORT_DATE_SQ":"2023-06-30 00:00:00","REPORT_TYPE_SQ":"2023年中报","OPERATE_INCOME_SQ":217236451.2,"DPS_HKD":null,"OPERATE_INCOME_QOQ_SQ":-1.299491906559,"NET_PROFIT_RATIO_SQ":18.4073975519,"HOLDER_PROFIT_SQ":39987577.2,"HOLDER_PROFIT_QOQ_SQ":12.378636971891,"ROE_AVG_SQ":4.113504171854,"PE_TTM_SQ":20.375073602711,"PB_TTM_SQ":1.759720674883,"ROA_SQ":2.680097827929,"START_DATE":"2024-01-01 00:00:00","FISCAL_YEAR":"12-31","CURRENCY":"HKD","IS_CNY_CODE":0,"DPS_HKD_LY":null,"ORG_TYPE":"一般企业","PREMIUM_INCOME":null,"PREMIUM_INCOME_YOY":null,"NET_INTEREST_INCOME":null,"NET_INTEREST_INCOME_YOY":null,"FEE_COMMISSION_INCOME":null,"FEE_COMMISSION_INCOME_YOY":null,"ACCOUNTS_RECE_TDAYS":52.217428817947,"INVENTORY_TDAYS":12.294676806084,"CURRENT_ASSETS_TDAYS":0.96254473161,"TOTAL_ASSETS_TDAYS":0.164019730067,"PREMIUM_EXPENSE":null,"LOAN_DEPOSIT":null,"LOAN_EQUITY":null,"LOAN_ASSETS":null,"DEPOSIT_EQUITY":null,"DEPOSIT_ASSETS":null,"EQUITY_MULTIPLIER":1.342107601405,"EQUITY_RATIO":0.342107601404},{"SECUCODE":"01748.HK","SECURITY_CODE":"01748","SECURITY_NAME_ABBR":"信源企业集团","ORG_CODE":"10929947","STD_REPORT_DATE":"2023-12-31 00:00:00","REPORT_DATE":"2023-12-31 00:00:00","DATE_TYPE_CODE":"001","REPORT_TYPE":"2023年年报","PER_NETCASH_OPERATE":0.277142831591,"PER_OI":0.94837353,"BPS":2.001941252045,"BASIC_EPS":0.13669611,"DILUTED_EPS":null,"OPERATE_INCOME":417284353.2,"OPERATE_INCOME_YOY":-8.1217640821,"GROSS_PROFIT":120582967.5,"GROSS_PROFIT_YOY":13.592022363132,"HOLDER_PROFIT":60181701.9,"HOLDER_PROFIT_YOY":-22.2669472143,"GROSS_PROFIT_RATIO":28.897073799986,"EPS_TTM":0.136776595227,"OPERATE_INCOME_QOQ":-5.333585585116,"NET_PROFIT_RATIO":14.4222282572,"ROE_AVG":6.631934281645,"GROSS_PROFIT_QOQ":1.644241263092,"ROA":4.244531363175,"HOLDER_PROFIT_QOQ":-29.656393284738,"ROE_YEARLY":6.631934281645,"ROIC_YEARLY":5.008192759722,"TOTAL_ASSETS":1329585692.1,"TOTAL_LIABILITIES":448731541.2,"TAX_EBT":1.094168315679,"OCF_SALES":29.222961504515,"TOTAL_PARENT_EQUITY":880854150.9,"DEBT_ASSET_RATIO":33.7497269914,"OPERATE_PROFIT":98902822.8,"PRETAX_PROFIT":60847475.7,"NETCASH_OPERATE":121942845.9,"NETCASH_INVEST":30802662.3,"NETCASH_FINANCE":-231136831.8,"END_CASH":152278050,"DIVI_RATIO":null,"DIVIDEND_RATE":null,"CURRENT_RATIO":1.649948625739,"COMMON_ACS":10000000000,"CURRENTDEBT_DEBT":24.578571879538,"ISSUED_COMMON_SHARES":440000000,"HK_COMMON_SHARES":440000000,"PER_SHARES":2000,"TOTAL_MARKET_CAP":748000000,"HKSK_MARKET_CAP":748000000,"PE_TTM":7.023669047384,"PB_TTM":0.709280645085,"REPORT_DATE_SQ":"2022-12-31 00:00:00","REPORT_TYPE_SQ":"2022年年报","OPERATE_INCOME_SQ":446598010.4,"DPS_HKD":null,"OPERATE_INCOME_QOQ_SQ":12.606950289071,"NET_PROFIT_RATIO_SQ":17.046659597,"HOLDER_PROFIT_SQ":76130042.6,"HOLDER_PROFIT_QOQ_SQ":138.475247196308,"ROE_AVG_SQ":8.644250083034,"PE_TTM_SQ":21.322751444698,"PB_TTM_SQ":1.841568148133,"ROA_SQ":5.291540602687,"START_DATE":"2023-01-01 00:00:00","FISCAL_YEAR":"12-31","CURRENCY":"HKD","IS_CNY_CODE":0,"DPS_HKD_LY":0.285,"ORG_TYPE":"一般企业","PREMIUM_INCOME":null,"PREMIUM_INCOME_YOY":null,"NET_INTEREST_INCOME":null,"NET_INTEREST_INCOME_YOY":null,"FEE_COMMISSION_INCOME":null,"FEE_COMMISSION_INCOME_YOY":null,"ACCOUNTS_RECE_TDAYS":126.293676312969,"INVENTORY_TDAYS":24.44049008168,"CURRENT_ASSETS_TDAYS":1.722287184284,"TOTAL_ASSETS_TDAYS":0.294304824989,"PREMIUM_EXPENSE":null,"LOAN_DEPOSIT":null,"LOAN_EQUITY":null,"LOAN_ASSETS":null,"DEPOSIT_EQUITY":null,"DEPOSIT_ASSETS":null,"EQUITY_MULTIPLIER":1.509427742087,"EQUITY_RATIO":0.509427742086},{"SECUCODE":"01748.HK","SECURITY_CODE":"01748","SECURITY_NAME_ABBR":"信源企业集团","ORG_CODE":"10929947","STD_REPORT_DATE":"2023-06-30 00:00:00","REPORT_DATE":"2023-06-30 00:00:00","DATE_TYPE_CODE":"002","REPORT_TYPE":"2023年中报","PER_NETCASH_OPERATE":0.151528310455,"PER_OI":0.493719207273,"BPS":2.252922328636,"BASIC_EPS":0.09104508,"DILUTED_EPS":null,"OPERATE_INCOME":217236451.2,"OPERATE_INCOME_YOY":-9.5357024644,"GROSS_PROFIT":68558390.4,"GROSS_PROFIT_YOY":22.250053505269,"HOLDER_PROFIT":39987577.2,"HOLDER_PROFIT_YOY":21.5195432587,"GROSS_PROFIT_RATIO":31.559340074508,"EPS_TTM":0.194440691364,"OPERATE_INCOME_QOQ":-1.299491906559,"NET_PROFIT_RATIO":18.4073975519,"ROE_AVG":4.113504171854,"GROSS_PROFIT_QOQ":11.754508619052,"ROA":2.680097827929,"HOLDER_PROFIT_QOQ":12.378636971891,"ROE_YEARLY":8.227008343709,"ROIC_YEARLY":6.433705455106,"TOTAL_ASSETS":1447465030.2,"TOTAL_LIABILITIES":456179205.6,"TAX_EBT":0.03612716763,"OCF_SALES":30.69119212347,"TOTAL_PARENT_EQUITY":991285824.6,"DEBT_ASSET_RATIO":31.5157324068,"OPERATE_PROFIT":61151945.4,"PRETAX_PROFIT":40002028.8,"NETCASH_OPERATE":66672456.6,"NETCASH_INVEST":11315602.8,"NETCASH_FINANCE":-119153442,"END_CASH":192408602.4,"DIVI_RATIO":null,"DIVIDEND_RATE":null,"CURRENT_RATIO":1.677352983396,"COMMON_ACS":10000000000,"CURRENTDEBT_DEBT":33.103655832225,"ISSUED_COMMON_SHARES":440000000,"HK_COMMON_SHARES":440000000,"PER_SHARES":2000,"TOTAL_MARKET_CAP":748000000,"HKSK_MARKET_CAP":748000000,"PE_TTM":7.023669047384,"PB_TTM":0.709280645085,"REPORT_DATE_SQ":"2022-06-30 00:00:00","REPORT_TYPE_SQ":"2022年中报","OPERATE_INCOME_SQ":223039956.2,"DPS_HKD":null,"OPERATE_INCOME_QOQ_SQ":18.867924484758,"NET_PROFIT_RATIO_SQ":13.7032467728,"HOLDER_PROFIT_SQ":30563715.6,"HOLDER_PROFIT_QOQ_SQ":190.940392987075,"ROE_AVG_SQ":3.693565458593,"PE_TTM_SQ":21.322751444698,"PB_TTM_SQ":1.841568148133,"ROA_SQ":2.181441935994,"START_DATE":"2023-01-01 00:00:00","FISCAL_YEAR":"12-31","CURRENCY":"HKD","IS_CNY_CODE":0,"DPS_HKD_LY":0.285,"ORG_TYPE":"一般企业","PREMIUM_INCOME":null,"PREMIUM_INCOME_YOY":null,"NET_INTEREST_INCOME":null,"NET_INTEREST_INCOME_YOY":null,"FEE_COMMISSION_INCOME":null,"FEE_COMMISSION_INCOME_YOY":null,"ACCOUNTS_RECE_TDAYS":35.245017584994,"INVENTORY_TDAYS":13.417671992175,"CURRENT_ASSETS_TDAYS":0.773072076937,"TOTAL_ASSETS_TDAYS":0.145598953919,"PREMIUM_EXPENSE":null,"LOAN_DEPOSIT":null,"LOAN_EQUITY":null,"LOAN_ASSETS":null,"DEPOSIT_EQUITY":null,"DEPOSIT_ASSETS":null,"EQUITY_MULTIPLIER":1.460189376544,"EQUITY_RATIO":0.460189376544},{"SECUCODE":"01748.HK","SECURITY_CODE":"01748","SECURITY_NAME_ABBR":"信源企业集团","ORG_CODE":"10929947","STD_REPORT_DATE":"2022-12-31 00:00:00","REPORT_DATE":"2022-12-31 00:00:00","DATE_TYPE_CODE":"001","REPORT_TYPE":"2022年年报","PER_NETCASH_OPERATE":0.251168801818,"PER_OI":1.014995478182,"BPS":2.087448906364,"BASIC_EPS":0.17272208,"DILUTED_EPS":null,"OPERATE_INCOME":446598010.4,"OPERATE_INCOME_YOY":22.5353996675,"GROSS_PROFIT":106154433.2,"GROSS_PROFIT_YOY":100.383290137452,"HOLDER_PROFIT":76130042.6,"HOLDER_PROFIT_YOY":535.153980244,"GROSS_PROFIT_RATIO":23.769571455305,"EPS_TTM":0.173022824091,"OPERATE_INCOME_QOQ":12.606950289071,"NET_PROFIT_RATIO":17.046659597,"ROE_AVG":8.644250083034,"GROSS_PROFIT_QOQ":35.6530020438,"ROA":5.291540602687,"HOLDER_PROFIT_QOQ":138.475247196308,"ROE_YEARLY":8.644250083034,"ROIC_YEARLY":5.892754138836,"TOTAL_ASSETS":1481029154.6,"TOTAL_LIABILITIES":562551635.8,"TAX_EBT":0.009147457007,"OCF_SALES":24.745805002807,"TOTAL_PARENT_EQUITY":918477518.8,"DEBT_ASSET_RATIO":37.9838326648,"OPERATE_PROFIT":114038360.4,"PRETAX_PROFIT":76137007.2,"NETCASH_OPERATE":110514272.8,"NETCASH_INVEST":92315773,"NETCASH_FINANCE":12243766.8,"END_CASH":226690765.4,"DIVI_RATIO":null,"DIVIDEND_RATE":null,"CURRENT_RATIO":1.295814376706,"COMMON_ACS":10000000000,"CURRENTDEBT_DEBT":40.818095155559,"ISSUED_COMMON_SHARES":440000000,"HK_COMMON_SHARES":440000000,"PER_SHARES":2000,"TOTAL_MARKET_CAP":748000000,"HKSK_MARKET_CAP":748000000,"PE_TTM":7.023669047384,"PB_TTM":0.709280645085,"REPORT_DATE_SQ":"2021-12-31 00:00:00","REPORT_TYPE_SQ":"2021年年报","OPERATE_INCOME_SQ":333646756.7,"DPS_HKD":null,"OPERATE_INCOME_QOQ_SQ":5.68367595622,"NET_PROFIT_RATIO_SQ":3.288681661,"HOLDER_PROFIT_SQ":10972579.7,"HOLDER_PROFIT_QOQ_SQ":-63.726686093947,"ROE_AVG_SQ":1.432155681397,"PE_TTM_SQ":21.322751444698,"PB_TTM_SQ":1.841568148133,"ROA_SQ":0.833365615557,"START_DATE":"2022-01-01 00:00:00","FISCAL_YEAR":"12-31","CURRENCY":"HKD","IS_CNY_CODE":0,"DPS_HKD_LY":null,"ORG_TYPE":"一般企业","PREMIUM_INCOME":null,"PREMIUM_INCOME_YOY":null,"NET_INTEREST_INCOME":null,"NET_INTEREST_INCOME_YOY":null,"FEE_COMMISSION_INCOME":null,"FEE_COMMISSION_INCOME_YOY":null,"ACCOUNTS_RECE_TDAYS":67.534491837809,"INVENTORY_TDAYS":24.800608828006,"CURRENT_ASSETS_TDAYS":2.471297812891,"TOTAL_ASSETS_TDAYS":0.310415103473,"PREMIUM_EXPENSE":null,"LOAN_DEPOSIT":null,"LOAN_EQUITY":null,"LOAN_ASSETS":null,"DEPOSIT_EQUITY":null,"DEPOSIT_ASSETS":null,"EQUITY_MULTIPLIER":1.612482749208,"EQUITY_RATIO":0.612482749208},{"SECUCODE":"01748.HK","SECURITY_CODE":"01748","SECURITY_NAME_ABBR":"信源企业集团","ORG_CODE":"10929947","STD_REPORT_DATE":"2022-06-30 00:00:00","REPORT_DATE":"2022-06-30 00:00:00","DATE_TYPE_CODE":"002","REPORT_TYPE":"2022年中报","PER_NETCASH_OPERATE":0.137049838636,"PER_OI":0.506908991364,"BPS":1.915204762273,"BASIC_EPS":0.06979856,"DILUTED_EPS":null,"OPERATE_INCOME":223039956.2,"OPERATE_INCOME_YOY":34.1067753521,"GROSS_PROFIT":56080458.4,"GROSS_PROFIT_YOY":82.069025361566,"HOLDER_PROFIT":30563715.6,"HOLDER_PROFIT_YOY":206.0483870968,"GROSS_PROFIT_RATIO":25.143682484278,"EPS_TTM":0.0725537875,"OPERATE_INCOME_QOQ":18.867924484758,"NET_PROFIT_RATIO":13.7032467728,"ROE_AVG":3.693565458593,"GROSS_PROFIT_QOQ":47.717549275284,"ROA":2.181441935994,"HOLDER_PROFIT_QOQ":190.940392987075,"ROE_YEARLY":7.387130917187,"ROIC_YEARLY":4.657060754497,"TOTAL_ASSETS":1456528162.2,"TOTAL_LIABILITIES":613838066.8,"TAX_EBT":0.021953896817,"OCF_SALES":27.036379502302,"TOTAL_PARENT_EQUITY":842690095.4,"DEBT_ASSET_RATIO":42.1439202297,"OPERATE_PROFIT":43583831.6,"PRETAX_PROFIT":30570427,"NETCASH_OPERATE":60301929,"NETCASH_INVEST":-6476501,"NETCASH_FINANCE":72288489.4,"END_CASH":137644102.6,"DIVI_RATIO":null,"DIVIDEND_RATE":null,"CURRENT_RATIO":1.056024267703,"COMMON_ACS":10000000000,"CURRENTDEBT_DEBT":46.135006888107,"ISSUED_COMMON_SHARES":440000000,"HK_COMMON_SHARES":440000000,"PER_SHARES":2000,"TOTAL_MARKET_CAP":748000000,"HKSK_MARKET_CAP":748000000,"PE_TTM":7.023669047384,"PB_TTM":0.709280645085,"REPORT_DATE_SQ":"2021-06-30 00:00:00","REPORT_TYPE_SQ":"2021年中报","OPERATE_INCOME_SQ":160087738.1,"DPS_HKD":null,"OPERATE_INCOME_QOQ_SQ":-13.557652560724,"NET_PROFIT_RATIO_SQ":6.0046002986,"HOLDER_PROFIT_SQ":9612628.8,"HOLDER_PROFIT_QOQ_SQ":-46.111297530074,"ROE_AVG_SQ":1.239504198321,"PE_TTM_SQ":21.322751444698,"PB_TTM_SQ":1.841568148133,"ROA_SQ":0.706814489697,"START_DATE":"2022-01-01 00:00:00","FISCAL_YEAR":"12-31","CURRENCY":"HKD","IS_CNY_CODE":0,"DPS_HKD_LY":null,"ORG_TYPE":"一般企业","PREMIUM_INCOME":null,"PREMIUM_INCOME_YOY":null,"NET_INTEREST_INCOME":null,"NET_INTEREST_INCOME_YOY":null,"FEE_COMMISSION_INCOME":null,"FEE_COMMISSION_INCOME_YOY":null,"ACCOUNTS_RECE_TDAYS":19.971754807692,"INVENTORY_TDAYS":10.816086956522,"CURRENT_ASSETS_TDAYS":1.236990992332,"TOTAL_ASSETS_TDAYS":0.15919161146,"PREMIUM_EXPENSE":null,"LOAN_DEPOSIT":null,"LOAN_EQUITY":null,"LOAN_ASSETS":null,"DEPOSIT_EQUITY":null,"DEPOSIT_ASSETS":null,"EQUITY_MULTIPLIER":1.728426820431,"EQUITY_RATIO":0.72842682043},{"SECUCODE":"01748.HK","SECURITY_CODE":"01748","SECURITY_NAME_ABBR":"信源企业集团","ORG_CODE":"10929947","STD_REPORT_DATE":"2021-12-31 00:00:00","REPORT_DATE":"2021-12-31 00:00:00","DATE_TYPE_CODE":"001","REPORT_TYPE":"2021年年报","PER_NETCASH_OPERATE":0.212368770909,"PER_OI":0.758288083409,"BPS":1.753752206818,"BASIC_EPS":0.02486523,"DILUTED_EPS":null,"OPERATE_INCOME":333646756.7,"OPERATE_INCOME_YOY":-6.5067085916,"GROSS_PROFIT":52975691.3,"GROSS_PROFIT_YOY":-51.27817857714,"HOLDER_PROFIT":10972579.7,"HOLDER_PROFIT_YOY":-79.9953504591,"GROSS_PROFIT_RATIO":15.877777990102,"EPS_TTM":0.024937681136,"OPERATE_INCOME_QOQ":5.68367595622,"NET_PROFIT_RATIO":3.288681661,"ROE_AVG":1.432155681397,"GROSS_PROFIT_QOQ":-30.490539971883,"ROA":0.833365615557,"HOLDER_PROFIT_QOQ":-63.726686093947,"ROE_YEARLY":1.432155681397,"ROIC_YEARLY":0.859633918827,"TOTAL_ASSETS":1278321474.3,"TOTAL_LIABILITIES":506670503.3,"TAX_EBT":0.577700751011,"OCF_SALES":28.006344231908,"TOTAL_PARENT_EQUITY":771650971,"DEBT_ASSET_RATIO":39.6356091552,"OPERATE_PROFIT":33963353.9,"PRETAX_PROFIT":11036336.7,"NETCASH_OPERATE":93442259.2,"NETCASH_INVEST":-12585631.8,"NETCASH_FINANCE":-107277528.2,"END_CASH":11087342.3,"DIVI_RATIO":null,"DIVIDEND_RATE":null,"CURRENT_RATIO":0.220921550208,"COMMON_ACS":10000000000,"CURRENTDEBT_DEBT":52.243012998779,"ISSUED_COMMON_SHARES":440000000,"HK_COMMON_SHARES":440000000,"PER_SHARES":2000,"TOTAL_MARKET_CAP":748000000,"HKSK_MARKET_CAP":748000000,"PE_TTM":7.023669047384,"PB_TTM":0.709280645085,"REPORT_DATE_SQ":"2020-12-31 00:00:00","REPORT_TYPE_SQ":"2020年年报","OPERATE_INCOME_SQ":365218227.7,"DPS_HKD":null,"OPERATE_INCOME_QOQ_SQ":-5.796004718033,"NET_PROFIT_RATIO_SQ":15.3699104926,"HOLDER_PROFIT_SQ":56133714.7,"HOLDER_PROFIT_QOQ_SQ":2.027317494164,"ROE_AVG_SQ":7.667660441093,"PE_TTM_SQ":21.322751444698,"PB_TTM_SQ":1.841568148133,"ROA_SQ":3.987577927646,"START_DATE":"2021-01-01 00:00:00","FISCAL_YEAR":"12-31","CURRENCY":"HKD","IS_CNY_CODE":0,"DPS_HKD_LY":null,"ORG_TYPE":"一般企业","PREMIUM_INCOME":null,"PREMIUM_INCOME_YOY":null,"NET_INTEREST_INCOME":null,"NET_INTEREST_INCOME_YOY":null,"FEE_COMMISSION_INCOME":null,"FEE_COMMISSION_INCOME_YOY":null,"ACCOUNTS_RECE_TDAYS":37.907279971025,"INVENTORY_TDAYS":24.634583100168,"CURRENT_ASSETS_TDAYS":4.52925393803,"TOTAL_ASSETS_TDAYS":0.253404160533,"PREMIUM_EXPENSE":null,"LOAN_DEPOSIT":null,"LOAN_EQUITY":null,"LOAN_ASSETS":null,"DEPOSIT_EQUITY":null,"DEPOSIT_ASSETS":null,"EQUITY_MULTIPLIER":1.656605800216,"EQUITY_RATIO":0.656605800215},{"SECUCODE":"01748.HK","SECURITY_CODE":"01748","SECURITY_NAME_ABBR":"信源企业集团","ORG_CODE":"10929947","STD_REPORT_DATE":"2021-06-30 00:00:00","REPORT_DATE":"2021-06-30 00:00:00","DATE_TYPE_CODE":"002","REPORT_TYPE":"2021年中报","PER_NETCASH_OPERATE":0.093333762955,"PER_OI":0.363835768409,"BPS":1.773429588409,"BASIC_EPS":0.02196434,"DILUTED_EPS":null,"OPERATE_INCOME":160087738.1,"OPERATE_INCOME_YOY":-16.3001992772,"GROSS_PROFIT":30801756.8,"GROSS_PROFIT_YOY":-51.354674820759,"HOLDER_PROFIT":9612628.8,"HOLDER_PROFIT_YOY":-70.3230953331,"GROSS_PROFIT_RATIO":19.240547193414,"EPS_TTM":0.0687493875,"OPERATE_INCOME_QOQ":-13.557652560724,"NET_PROFIT_RATIO":6.0046002986,"ROE_AVG":1.239504198321,"GROSS_PROFIT_QOQ":-29.90620067664,"ROA":0.706814489697,"HOLDER_PROFIT_QOQ":-46.111297530074,"ROE_YEARLY":2.479008396641,"ROIC_YEARLY":1.469887313578,"TOTAL_ASSETS":1347053591.9,"TOTAL_LIABILITIES":566744573,"TAX_EBT":0.134228187919,"OCF_SALES":25.652717807998,"TOTAL_PARENT_EQUITY":780309018.9,"DEBT_ASSET_RATIO":42.0729046274,"OPERATE_PROFIT":22054781.4,"PRETAX_PROFIT":9625549,"NETCASH_OPERATE":41066855.7,"NETCASH_INVEST":-12377551.6,"NETCASH_FINANCE":-41215438,"END_CASH":25426953.6,"DIVI_RATIO":null,"DIVIDEND_RATE":null,"CURRENT_RATIO":0.410742070616,"COMMON_ACS":10000000000,"CURRENTDEBT_DEBT":38.094152513393,"ISSUED_COMMON_SHARES":440000000,"HK_COMMON_SHARES":440000000,"PER_SHARES":2000,"TOTAL_MARKET_CAP":748000000,"HKSK_MARKET_CAP":748000000,"PE_TTM":7.023669047384,"PB_TTM":0.709280645085,"REPORT_DATE_SQ":"2020-06-30 00:00:00","REPORT_TYPE_SQ":"2020年中报","OPERATE_INCOME_SQ":209602756.5,"DPS_HKD":null,"OPERATE_INCOME_QOQ_SQ":11.702369367928,"NET_PROFIT_RATIO_SQ":16.935184247,"HOLDER_PROFIT_SQ":35496613,"HOLDER_PROFIT_QOQ_SQ":31.355332552493,"ROE_AVG_SQ":4.541707805324,"PE_TTM_SQ":21.322751444698,"PB_TTM_SQ":1.841568148133,"ROA_SQ":2.282504290507,"START_DATE":"2021-01-01 00:00:00","FISCAL_YEAR":"12-31","CURRENCY":"HKD","IS_CNY_CODE":0,"DPS_HKD_LY":null,"ORG_TYPE":"一般企业","PREMIUM_INCOME":null,"PREMIUM_INCOME_YOY":null,"NET_INTEREST_INCOME":null,"NET_INTEREST_INCOME_YOY":null,"FEE_COMMISSION_INCOME":null,"FEE_COMMISSION_INCOME_YOY":null,"ACCOUNTS_RECE_TDAYS":12.462157405079,"INVENTORY_TDAYS":12.547335423197,"CURRENT_ASSETS_TDAYS":1.791635035969,"TOTAL_ASSETS_TDAYS":0.117712163099,"PREMIUM_EXPENSE":null,"LOAN_DEPOSIT":null,"LOAN_EQUITY":null,"LOAN_ASSETS":null,"DEPOSIT_EQUITY":null,"DEPOSIT_ASSETS":null,"EQUITY_MULTIPLIER":1.726307859159,"EQUITY_RATIO":0.726307859159},{"SECUCODE":"01748.HK","SECURITY_CODE":"01748","SECURITY_NAME_ABBR":"信源企业集团","ORG_CODE":"10929947","STD_REPORT_DATE":"2020-12-31 00:00:00","REPORT_DATE":"2020-12-31 00:00:00","DATE_TYPE_CODE":"001","REPORT_TYPE":"2020年年报","PER_NETCASH_OPERATE":0.324361676591,"PER_OI":0.830041426591,"BPS":1.769241464318,"BASIC_EPS":0.13245547,"DILUTED_EPS":null,"OPERATE_INCOME":365218227.7,"OPERATE_INCOME_YOY":12.5062812808,"GROSS_PROFIT":108730933.6,"GROSS_PROFIT_YOY":11.415990106484,"HOLDER_PROFIT":56133714.7,"HOLDER_PROFIT_YOY":43.2878081279,"GROSS_PROFIT_RATIO":29.771496971754,"EPS_TTM":0.127576624318,"OPERATE_INCOME_QOQ":-5.796004718033,"NET_PROFIT_RATIO":15.3699104926,"ROE_AVG":7.667660441093,"GROSS_PROFIT_QOQ":-3.235758054703,"ROA":3.987577927646,"HOLDER_PROFIT_QOQ":2.027317494164,"ROE_YEARLY":7.667660441093,"ROIC_YEARLY":4.097661813107,"TOTAL_ASSETS":1386704372.5,"TOTAL_LIABILITIES":608238128.2,"TAX_EBT":0.058085501859,"OCF_SALES":39.077769638933,"TOTAL_PARENT_EQUITY":778466244.3,"DEBT_ASSET_RATIO":43.8621338666,"OPERATE_PROFIT":87525008.6,"PRETAX_PROFIT":56166339.2,"NETCASH_OPERATE":142719137.7,"NETCASH_INVEST":-10374591,"NETCASH_FINANCE":-100920628.3,"END_CASH":38372936.9,"DIVI_RATIO":null,"DIVIDEND_RATE":null,"CURRENT_RATIO":0.445239616613,"COMMON_ACS":10000000000,"CURRENTDEBT_DEBT":33.57720611899,"ISSUED_COMMON_SHARES":440000000,"HK_COMMON_SHARES":440000000,"PER_SHARES":2000,"TOTAL_MARKET_CAP":748000000,"HKSK_MARKET_CAP":748000000,"PE_TTM":7.023669047384,"PB_TTM":0.709280645085,"REPORT_DATE_SQ":"2019-12-31 00:00:00","REPORT_TYPE_SQ":"2019年年报","OPERATE_INCOME_SQ":347072926.2,"DPS_HKD":null,"OPERATE_INCOME_QOQ_SQ":6.600703034171,"NET_PROFIT_RATIO_SQ":12.0680991337,"HOLDER_PROFIT_SQ":41885104.8,"HOLDER_PROFIT_QOQ_SQ":16.486722408819,"ROE_AVG_SQ":5.880682096438,"PE_TTM_SQ":21.322751444698,"PB_TTM_SQ":1.841568148133,"ROA_SQ":2.792694526942,"START_DATE":"2020-01-01 00:00:00","FISCAL_YEAR":"12-31","CURRENCY":"HKD","IS_CNY_CODE":0,"DPS_HKD_LY":null,"ORG_TYPE":"一般企业","PREMIUM_INCOME":null,"PREMIUM_INCOME_YOY":null,"NET_INTEREST_INCOME":null,"NET_INTEREST_INCOME_YOY":null,"FEE_COMMISSION_INCOME":null,"FEE_COMMISSION_INCOME_YOY":null,"ACCOUNTS_RECE_TDAYS":29.654569536424,"INVENTORY_TDAYS":26.951662667124,"CURRENT_ASSETS_TDAYS":4.670449330385,"TOTAL_ASSETS_TDAYS":0.259440543234,"PREMIUM_EXPENSE":null,"LOAN_DEPOSIT":null,"LOAN_EQUITY":null,"LOAN_ASSETS":null,"DEPOSIT_EQUITY":null,"DEPOSIT_ASSETS":null,"EQUITY_MULTIPLIER":1.781328840722,"EQUITY_RATIO":0.781328840722},{"SECUCODE":"01748.HK","SECURITY_CODE":"01748","SECURITY_NAME_ABBR":"信源企业集团","ORG_CODE":"10929947","STD_REPORT_DATE":"2020-06-30 00:00:00","REPORT_DATE":"2020-06-30 00:00:00","DATE_TYPE_CODE":"002","REPORT_TYPE":"2020年中报","PER_NETCASH_OPERATE":0.191886629545,"PER_OI":0.476369901136,"BPS":1.861715422727,"BASIC_EPS":0.08707785,"DILUTED_EPS":null,"OPERATE_INCOME":209602756.5,"OPERATE_INCOME_YOY":20.4466864652,"GROSS_PROFIT":63319048,"GROSS_PROFIT_YOY":30.441088454794,"HOLDER_PROFIT":35496613,"HOLDER_PROFIT_YOY":54.1346449431,"GROSS_PROFIT_RATIO":30.209072178877,"EPS_TTM":0.125041633409,"OPERATE_INCOME_QOQ":11.702369367928,"NET_PROFIT_RATIO":16.935184247,"ROE_AVG":4.541707805324,"GROSS_PROFIT_QOQ":15.141696836183,"ROA":2.282504290507,"HOLDER_PROFIT_QOQ":31.355332552493,"ROE_YEARLY":9.083415610649,"ROIC_YEARLY":4.719569647538,"TOTAL_ASSETS":1560158971.5,"TOTAL_LIABILITIES":741004185.5,"TAX_EBT":null,"OCF_SALES":40.28101462492,"TOTAL_PARENT_EQUITY":819154786,"DEBT_ASSET_RATIO":47.4954282888,"OPERATE_PROFIT":55708585.5,"PRETAX_PROFIT":35496613,"NETCASH_OPERATE":84430117,"NETCASH_INVEST":-5606964,"NETCASH_FINANCE":-22307504.5,"END_CASH":64005759.5,"DIVI_RATIO":null,"DIVIDEND_RATE":null,"CURRENT_RATIO":0.521342970101,"COMMON_ACS":10000000000,"CURRENTDEBT_DEBT":30.931794514135,"ISSUED_COMMON_SHARES":440000000,"HK_COMMON_SHARES":440000000,"PER_SHARES":2000,"TOTAL_MARKET_CAP":748000000,"HKSK_MARKET_CAP":748000000,"PE_TTM":7.023669047384,"PB_TTM":0.709280645085,"REPORT_DATE_SQ":"2019-06-30 00:00:00","REPORT_TYPE_SQ":"2019年中报","OPERATE_INCOME_SQ":168987000.7,"DPS_HKD":null,"OPERATE_INCOME_QOQ_SQ":11.05636024863,"NET_PROFIT_RATIO_SQ":13.2337984622,"HOLDER_PROFIT_SQ":22363399.1,"HOLDER_PROFIT_QOQ_SQ":-20.775774313566,"ROE_AVG_SQ":3.229649633152,"PE_TTM_SQ":21.322751444698,"PB_TTM_SQ":1.841568148133,"ROA_SQ":1.565153796929,"START_DATE":"2020-01-01 00:00:00","FISCAL_YEAR":"12-31","CURRENCY":"HKD","IS_CNY_CODE":0,"DPS_HKD_LY":null,"ORG_TYPE":"一般企业","PREMIUM_INCOME":null,"PREMIUM_INCOME_YOY":null,"NET_INTEREST_INCOME":null,"NET_INTEREST_INCOME_YOY":null,"FEE_COMMISSION_INCOME":null,"FEE_COMMISSION_INCOME_YOY":null,"ACCOUNTS_RECE_TDAYS":15.644385733157,"INVENTORY_TDAYS":16.379706698375,"CURRENT_ASSETS_TDAYS":2.200282401902,"TOTAL_ASSETS_TDAYS":0.134778828339,"PREMIUM_EXPENSE":null,"LOAN_DEPOSIT":null,"LOAN_EQUITY":null,"LOAN_ASSETS":null,"DEPOSIT_EQUITY":null,"DEPOSIT_ASSETS":null,"EQUITY_MULTIPLIER":1.904596052131,"EQUITY_RATIO":0.904596052131}],"count":17},"success":true,"message":"ok","code":0}