{"version":"f0b71f21af94541783abcc9bfcc783e6","result":{"pages":2,"data":[{"SECUCODE":"01740.HK","SECURITY_CODE":"01740","SECURITY_NAME_ABBR":"新石文化","ORG_CODE":"10000040047","STD_REPORT_DATE":"2024-06-30 00:00:00","REPORT_DATE":"2024-06-30 00:00:00","DATE_TYPE_CODE":"002","REPORT_TYPE":"2024年中报","PER_NETCASH_OPERATE":-0.011332048193,"PER_OI":0.005170120482,"BPS":0.155634698795,"BASIC_EPS":-0.0145,"DILUTED_EPS":-0.0145,"OPERATE_INCOME":5364000,"OPERATE_INCOME_YOY":-67.9186602871,"GROSS_PROFIT":-1606000,"GROSS_PROFIT_YOY":67.357723577236,"HOLDER_PROFIT":-15034000,"HOLDER_PROFIT_YOY":-15.0707998469,"GROSS_PROFIT_RATIO":-29.940343027591,"EPS_TTM":-0.09774746988,"OPERATE_INCOME_QOQ":-18.050036557841,"NET_PROFIT_RATIO":-280.2759134974,"ROE_AVG":-8.898438008653,"GROSS_PROFIT_QOQ":5.424250360089,"ROA":-7.754021038082,"HOLDER_PROFIT_QOQ":-1.980008849202,"ROE_YEARLY":-17.796876017307,"ROIC_YEARLY":-18.958923803008,"TOTAL_ASSETS":183173000,"TOTAL_LIABILITIES":21702000,"TAX_EBT":null,"OCF_SALES":-219.183445190157,"TOTAL_PARENT_EQUITY":161471000,"DEBT_ASSET_RATIO":11.8478159991,"OPERATE_PROFIT":-14370000,"PRETAX_PROFIT":-15034000,"NETCASH_OPERATE":-11757000,"NETCASH_INVEST":null,"NETCASH_FINANCE":-3081000,"END_CASH":27909000,"DIVI_RATIO":null,"DIVIDEND_RATE":null,"CURRENT_RATIO":9.432231493368,"COMMON_ACS":10000000000,"CURRENTDEBT_DEBT":86.148742051424,"ISSUED_COMMON_SHARES":1037500000,"HK_COMMON_SHARES":1037500000,"PER_SHARES":5000,"TOTAL_MARKET_CAP":72625000,"HKSK_MARKET_CAP":72625000,"PE_TTM":-0.648224970988,"PB_TTM":0.410497148095,"REPORT_DATE_SQ":"2023-06-30 00:00:00","REPORT_TYPE_SQ":"2023年中报","OPERATE_INCOME_SQ":16720000,"DPS_HKD":null,"OPERATE_INCOME_QOQ_SQ":345.941320293399,"NET_PROFIT_RATIO_SQ":-78.1399521531,"HOLDER_PROFIT_SQ":-13065000,"HOLDER_PROFIT_QOQ_SQ":0.43042519507,"ROE_AVG_SQ":-4.851818085602,"PE_TTM_SQ":-0.536725400606,"PB_TTM_SQ":0.294625445374,"ROA_SQ":-4.427455306084,"START_DATE":"2024-01-01 00:00:00","FISCAL_YEAR":"12-31","CURRENCY":"HKD","IS_CNY_CODE":0,"DPS_HKD_LY":null,"ORG_TYPE":"一般企业","PREMIUM_INCOME":null,"PREMIUM_INCOME_YOY":null,"NET_INTEREST_INCOME":null,"NET_INTEREST_INCOME_YOY":null,"FEE_COMMISSION_INCOME":null,"FEE_COMMISSION_INCOME_YOY":null,"ACCOUNTS_RECE_TDAYS":0.116333036934,"INVENTORY_TDAYS":0.094884151488,"CURRENT_ASSETS_TDAYS":0.028627772248,"TOTAL_ASSETS_TDAYS":0.027665670379,"PREMIUM_EXPENSE":null,"LOAN_DEPOSIT":null,"LOAN_EQUITY":null,"LOAN_ASSETS":null,"DEPOSIT_EQUITY":null,"DEPOSIT_ASSETS":null,"EQUITY_MULTIPLIER":1.134401843056,"EQUITY_RATIO":0.134401843055},{"SECUCODE":"01740.HK","SECURITY_CODE":"01740","SECURITY_NAME_ABBR":"新石文化","ORG_CODE":"10000040047","STD_REPORT_DATE":"2023-12-31 00:00:00","REPORT_DATE":"2023-12-31 00:00:00","DATE_TYPE_CODE":"001","REPORT_TYPE":"2023年年报","PER_NETCASH_OPERATE":0.00417253012,"PER_OI":0.06064,"BPS":0.170053975904,"BASIC_EPS":-0.0958,"DILUTED_EPS":-0.0958,"OPERATE_INCOME":62914000,"OPERATE_INCOME_YOY":1438.239608802,"GROSS_PROFIT":-61096000,"GROSS_PROFIT_YOY":-59.083452675433,"HOLDER_PROFIT":-99444000,"HOLDER_PROFIT_YOY":29.7155942553,"GROSS_PROFIT_RATIO":-97.11034110055,"EPS_TTM":-0.095849638554,"OPERATE_INCOME_QOQ":244.942156916498,"NET_PROFIT_RATIO":-158.0633881171,"ROE_AVG":-44.000699098031,"GROSS_PROFIT_QOQ":-85.032859868561,"ROA":-39.256431613894,"HOLDER_PROFIT_QOQ":29.411764705882,"ROE_YEARLY":-44.000699098031,"ROIC_YEARLY":-46.806537778144,"TOTAL_ASSETS":204600000,"TOTAL_LIABILITIES":28169000,"TAX_EBT":-0.284383130635,"OCF_SALES":6.880821438789,"TOTAL_PARENT_EQUITY":176431000,"DEBT_ASSET_RATIO":13.7678396872,"OPERATE_PROFIT":-97674000,"PRETAX_PROFIT":-99162000,"NETCASH_OPERATE":4329000,"NETCASH_INVEST":-101000,"NETCASH_FINANCE":-900000,"END_CASH":42673000,"DIVI_RATIO":null,"DIVIDEND_RATE":null,"CURRENT_RATIO":7.553338917231,"COMMON_ACS":10000000000,"CURRENTDEBT_DEBT":93.244346622173,"ISSUED_COMMON_SHARES":1037500000,"HK_COMMON_SHARES":1037500000,"PER_SHARES":5000,"TOTAL_MARKET_CAP":83000000,"HKSK_MARKET_CAP":83000000,"PE_TTM":-0.740828538272,"PB_TTM":0.469139597823,"REPORT_DATE_SQ":"2022-12-31 00:00:00","REPORT_TYPE_SQ":"2022年年报","OPERATE_INCOME_SQ":4090000,"DPS_HKD":null,"OPERATE_INCOME_QOQ_SQ":-90.95512948097,"NET_PROFIT_RATIO_SQ":-3459.3643031785,"HOLDER_PROFIT_SQ":-141488000,"HOLDER_PROFIT_QOQ_SQ":-496.945405451017,"ROE_AVG_SQ":-41.007389201824,"PE_TTM_SQ":-0.357816933737,"PB_TTM_SQ":0.196416963583,"ROA_SQ":-38.289569469665,"START_DATE":"2023-01-01 00:00:00","FISCAL_YEAR":"12-31","CURRENCY":"HKD","IS_CNY_CODE":0,"DPS_HKD_LY":null,"ORG_TYPE":"一般企业","PREMIUM_INCOME":null,"PREMIUM_INCOME_YOY":null,"NET_INTEREST_INCOME":null,"NET_INTEREST_INCOME_YOY":null,"FEE_COMMISSION_INCOME":null,"FEE_COMMISSION_INCOME_YOY":null,"ACCOUNTS_RECE_TDAYS":1.363117355837,"INVENTORY_TDAYS":1.195421135077,"CURRENT_ASSETS_TDAYS":0.255647163517,"TOTAL_ASSETS_TDAYS":0.248358788721,"PREMIUM_EXPENSE":null,"LOAN_DEPOSIT":null,"LOAN_EQUITY":null,"LOAN_ASSETS":null,"DEPOSIT_EQUITY":null,"DEPOSIT_ASSETS":null,"EQUITY_MULTIPLIER":1.159660150427,"EQUITY_RATIO":0.159660150427},{"SECUCODE":"01740.HK","SECURITY_CODE":"01740","SECURITY_NAME_ABBR":"新石文化","ORG_CODE":"10000040047","STD_REPORT_DATE":"2023-06-30 00:00:00","REPORT_DATE":"2023-06-30 00:00:00","DATE_TYPE_CODE":"002","REPORT_TYPE":"2023年中报","PER_NETCASH_OPERATE":-0.008192771084,"PER_OI":0.016115662651,"BPS":0.253475662651,"BASIC_EPS":-0.0126,"DILUTED_EPS":-0.0126,"OPERATE_INCOME":16720000,"OPERATE_INCOME_YOY":550.3306106573,"GROSS_PROFIT":-4920000,"GROSS_PROFIT_YOY":52.260818940423,"HOLDER_PROFIT":-13065000,"HOLDER_PROFIT_YOY":4.4537077666,"GROSS_PROFIT_RATIO":-29.425837320574,"EPS_TTM":-0.135786987952,"OPERATE_INCOME_QOQ":345.941320293399,"NET_PROFIT_RATIO":-78.1399521531,"ROE_AVG":-4.851818085602,"GROSS_PROFIT_QOQ":14.024215596927,"ROA":-4.427455306084,"HOLDER_PROFIT_QOQ":0.43042519507,"ROE_YEARLY":-9.703636171204,"ROIC_YEARLY":-10.03714473386,"TOTAL_ASSETS":288143000,"TOTAL_LIABILITIES":25162000,"TAX_EBT":-1.467847157502,"OCF_SALES":-50.837320574163,"TOTAL_PARENT_EQUITY":262981000,"DEBT_ASSET_RATIO":8.7324696418,"OPERATE_PROFIT":-12863000,"PRETAX_PROFIT":-12876000,"NETCASH_OPERATE":-8500000,"NETCASH_INVEST":-101000,"NETCASH_FINANCE":-450000,"END_CASH":30465000,"DIVI_RATIO":null,"DIVIDEND_RATE":null,"CURRENT_RATIO":11.139615292902,"COMMON_ACS":10000000000,"CURRENTDEBT_DEBT":100,"ISSUED_COMMON_SHARES":1037500000,"HK_COMMON_SHARES":1037500000,"PER_SHARES":5000,"TOTAL_MARKET_CAP":83000000,"HKSK_MARKET_CAP":83000000,"PE_TTM":-0.740828538272,"PB_TTM":0.469139597823,"REPORT_DATE_SQ":"2022-06-30 00:00:00","REPORT_TYPE_SQ":"2022年中报","OPERATE_INCOME_SQ":2571000,"DPS_HKD":null,"OPERATE_INCOME_QOQ_SQ":4.826483065582,"NET_PROFIT_RATIO_SQ":-531.8553092182,"HOLDER_PROFIT_SQ":-13674000,"HOLDER_PROFIT_QOQ_SQ":37.577034500922,"ROE_AVG_SQ":-3.348675921198,"PE_TTM_SQ":-0.357816933737,"PB_TTM_SQ":0.196416963583,"ROA_SQ":-3.169669090163,"START_DATE":"2023-01-01 00:00:00","FISCAL_YEAR":"12-31","CURRENCY":"HKD","IS_CNY_CODE":0,"DPS_HKD_LY":null,"ORG_TYPE":"一般企业","PREMIUM_INCOME":null,"PREMIUM_INCOME_YOY":null,"NET_INTEREST_INCOME":null,"NET_INTEREST_INCOME_YOY":null,"FEE_COMMISSION_INCOME":null,"FEE_COMMISSION_INCOME_YOY":null,"ACCOUNTS_RECE_TDAYS":0.374199901526,"INVENTORY_TDAYS":0.169802067599,"CURRENT_ASSETS_TDAYS":0.058248402262,"TOTAL_ASSETS_TDAYS":0.056660583787,"PREMIUM_EXPENSE":null,"LOAN_DEPOSIT":null,"LOAN_EQUITY":null,"LOAN_ASSETS":null,"DEPOSIT_EQUITY":null,"DEPOSIT_ASSETS":null,"EQUITY_MULTIPLIER":1.095679916039,"EQUITY_RATIO":0.09567991604},{"SECUCODE":"01740.HK","SECURITY_CODE":"01740","SECURITY_NAME_ABBR":"新石文化","ORG_CODE":"10000040047","STD_REPORT_DATE":"2022-12-31 00:00:00","REPORT_DATE":"2022-12-31 00:00:00","DATE_TYPE_CODE":"001","REPORT_TYPE":"2022年年报","PER_NETCASH_OPERATE":-0.070826024096,"PER_OI":0.003942168675,"BPS":0.265619277108,"BASIC_EPS":-0.1364,"DILUTED_EPS":-0.1364,"OPERATE_INCOME":4090000,"OPERATE_INCOME_YOY":-90.5185803371,"GROSS_PROFIT":-38405000,"GROSS_PROFIT_YOY":-15140.0793650794,"HOLDER_PROFIT":-141488000,"HOLDER_PROFIT_YOY":-272.631024493,"GROSS_PROFIT_RATIO":-938.997555012225,"EPS_TTM":-0.136373975904,"OPERATE_INCOME_QOQ":-90.95512948097,"NET_PROFIT_RATIO":-3459.3643031785,"ROE_AVG":-41.007389201824,"GROSS_PROFIT_QOQ":-668.407362945178,"ROA":-38.289569469665,"HOLDER_PROFIT_QOQ":-496.945405451017,"ROE_YEARLY":-41.007389201824,"ROIC_YEARLY":-48.621055217928,"TOTAL_ASSETS":302038000,"TOTAL_LIABILITIES":26458000,"TAX_EBT":-10.148537975275,"OCF_SALES":-1796.62591687042,"TOTAL_PARENT_EQUITY":275580000,"DEBT_ASSET_RATIO":8.7598249227,"OPERATE_PROFIT":-128413000,"PRETAX_PROFIT":-128452000,"NETCASH_OPERATE":-73482000,"NETCASH_INVEST":-7144000,"NETCASH_FINANCE":-900000,"END_CASH":39050000,"DIVI_RATIO":null,"DIVIDEND_RATE":null,"CURRENT_RATIO":11.104316274851,"COMMON_ACS":10000000000,"CURRENTDEBT_DEBT":100,"ISSUED_COMMON_SHARES":1037500000,"HK_COMMON_SHARES":1037500000,"PER_SHARES":5000,"TOTAL_MARKET_CAP":83000000,"HKSK_MARKET_CAP":83000000,"PE_TTM":-0.740828538272,"PB_TTM":0.469139597823,"REPORT_DATE_SQ":"2021-12-31 00:00:00","REPORT_TYPE_SQ":"2021年年报","OPERATE_INCOME_SQ":43137000,"DPS_HKD":null,"OPERATE_INCOME_QOQ_SQ":-47.656259479924,"NET_PROFIT_RATIO_SQ":-88.0218837657,"HOLDER_PROFIT_SQ":-37970000,"HOLDER_PROFIT_QOQ_SQ":-87.979602950641,"ROE_AVG_SQ":-8.745744597539,"PE_TTM_SQ":-0.357816933737,"PB_TTM_SQ":0.196416963583,"ROA_SQ":-8.197845070012,"START_DATE":"2022-01-01 00:00:00","FISCAL_YEAR":"12-31","CURRENCY":"HKD","IS_CNY_CODE":0,"DPS_HKD_LY":null,"ORG_TYPE":"一般企业","PREMIUM_INCOME":null,"PREMIUM_INCOME_YOY":null,"NET_INTEREST_INCOME":null,"NET_INTEREST_INCOME_YOY":null,"FEE_COMMISSION_INCOME":null,"FEE_COMMISSION_INCOME_YOY":null,"ACCOUNTS_RECE_TDAYS":0.046003126863,"INVENTORY_TDAYS":0.372846557783,"CURRENT_ASSETS_TDAYS":0.011416576646,"TOTAL_ASSETS_TDAYS":0.011068383123,"PREMIUM_EXPENSE":null,"LOAN_DEPOSIT":null,"LOAN_EQUITY":null,"LOAN_ASSETS":null,"DEPOSIT_EQUITY":null,"DEPOSIT_ASSETS":null,"EQUITY_MULTIPLIER":1.096008418608,"EQUITY_RATIO":0.096008418608},{"SECUCODE":"01740.HK","SECURITY_CODE":"01740","SECURITY_NAME_ABBR":"新石文化","ORG_CODE":"10000040047","STD_REPORT_DATE":"2022-06-30 00:00:00","REPORT_DATE":"2022-06-30 00:00:00","DATE_TYPE_CODE":"002","REPORT_TYPE":"2022年中报","PER_NETCASH_OPERATE":-0.063604819277,"PER_OI":0.002478072289,"BPS":0.387662650602,"BASIC_EPS":-0.0132,"DILUTED_EPS":-0.0132,"OPERATE_INCOME":2571000,"OPERATE_INCOME_YOY":425.7668711656,"GROSS_PROFIT":-10306000,"GROSS_PROFIT_YOY":-85.359712230216,"HOLDER_PROFIT":-13674000,"HOLDER_PROFIT_YOY":51.0629160404,"GROSS_PROFIT_RATIO":-400.855698171918,"EPS_TTM":-0.022845301205,"OPERATE_INCOME_QOQ":4.826483065582,"NET_PROFIT_RATIO":-531.8553092182,"ROE_AVG":-3.348675921198,"GROSS_PROFIT_QOQ":-1883.33333333333,"ROA":-3.169669090163,"HOLDER_PROFIT_QOQ":37.577034500922,"ROE_YEARLY":-6.697351842396,"ROIC_YEARLY":-7.929737676112,"TOTAL_ASSETS":425799000,"TOTAL_LIABILITIES":23599000,"TAX_EBT":15.753804448278,"OCF_SALES":-2566.70556203812,"TOTAL_PARENT_EQUITY":402200000,"DEBT_ASSET_RATIO":5.542286384,"OPERATE_PROFIT":-16231000,"PRETAX_PROFIT":-16231000,"NETCASH_OPERATE":-65990000,"NETCASH_INVEST":-136000,"NETCASH_FINANCE":null,"END_CASH":55056000,"DIVI_RATIO":null,"DIVIDEND_RATE":null,"CURRENT_RATIO":18.063910604655,"COMMON_ACS":10000000000,"CURRENTDEBT_DEBT":95.940505953642,"ISSUED_COMMON_SHARES":1037500000,"HK_COMMON_SHARES":1037500000,"PER_SHARES":5000,"TOTAL_MARKET_CAP":83000000,"HKSK_MARKET_CAP":83000000,"PE_TTM":-0.740828538272,"PB_TTM":0.469139597823,"REPORT_DATE_SQ":"2021-06-30 00:00:00","REPORT_TYPE_SQ":"2021年中报","OPERATE_INCOME_SQ":489000,"DPS_HKD":null,"OPERATE_INCOME_QOQ_SQ":-5.910627026533,"NET_PROFIT_RATIO_SQ":-5714.1104294479,"HOLDER_PROFIT_SQ":-27942000,"HOLDER_PROFIT_QOQ_SQ":-1747.55301794454,"ROE_AVG_SQ":-6.356572746723,"PE_TTM_SQ":-0.357816933737,"PB_TTM_SQ":0.196416963583,"ROA_SQ":-5.90336831297,"START_DATE":"2022-01-01 00:00:00","FISCAL_YEAR":"12-31","CURRENCY":"HKD","IS_CNY_CODE":0,"DPS_HKD_LY":null,"ORG_TYPE":"一般企业","PREMIUM_INCOME":null,"PREMIUM_INCOME_YOY":null,"NET_INTEREST_INCOME":null,"NET_INTEREST_INCOME_YOY":null,"FEE_COMMISSION_INCOME":null,"FEE_COMMISSION_INCOME_YOY":null,"ACCOUNTS_RECE_TDAYS":0.020336167688,"INVENTORY_TDAYS":0.109126193846,"CURRENT_ASSETS_TDAYS":0.006182599505,"TOTAL_ASSETS_TDAYS":0.005959645481,"PREMIUM_EXPENSE":null,"LOAN_DEPOSIT":null,"LOAN_EQUITY":null,"LOAN_ASSETS":null,"DEPOSIT_EQUITY":null,"DEPOSIT_ASSETS":null,"EQUITY_MULTIPLIER":1.058674788663,"EQUITY_RATIO":0.058674788662},{"SECUCODE":"01740.HK","SECURITY_CODE":"01740","SECURITY_NAME_ABBR":"新石文化","ORG_CODE":"10000040047","STD_REPORT_DATE":"2021-12-31 00:00:00","REPORT_DATE":"2021-12-31 00:00:00","DATE_TYPE_CODE":"001","REPORT_TYPE":"2021年年报","PER_NETCASH_OPERATE":-0.023659759036,"PER_OI":0.041577831325,"BPS":0.399499759036,"BASIC_EPS":-0.0366,"DILUTED_EPS":-0.0366,"OPERATE_INCOME":43137000,"OPERATE_INCOME_YOY":-50.7501027538,"GROSS_PROFIT":-252000,"GROSS_PROFIT_YOY":-100.756597712193,"HOLDER_PROFIT":-37970000,"HOLDER_PROFIT_YOY":-3197.0636215334,"GROSS_PROFIT_RATIO":-0.584185270186,"EPS_TTM":-0.036597590361,"OPERATE_INCOME_QOQ":-47.656259479924,"NET_PROFIT_RATIO":-88.0218837657,"ROE_AVG":-8.745744597539,"GROSS_PROFIT_QOQ":-101.018099547511,"ROA":-8.197845070012,"HOLDER_PROFIT_QOQ":-87.979602950641,"ROE_YEARLY":-8.745744597539,"ROIC_YEARLY":-11.419789288797,"TOTAL_ASSETS":437004000,"TOTAL_LIABILITIES":22523000,"TAX_EBT":10.151443445338,"OCF_SALES":-56.904745346223,"TOTAL_PARENT_EQUITY":414481000,"DEBT_ASSET_RATIO":5.1539574008,"OPERATE_PROFIT":-42260000,"PRETAX_PROFIT":-42260000,"NETCASH_OPERATE":-24547000,"NETCASH_INVEST":546000,"NETCASH_FINANCE":null,"END_CASH":117989000,"DIVI_RATIO":null,"DIVIDEND_RATE":null,"CURRENT_RATIO":19.720270585491,"COMMON_ACS":10000000000,"CURRENTDEBT_DEBT":95.169382409093,"ISSUED_COMMON_SHARES":1037500000,"HK_COMMON_SHARES":1037500000,"PER_SHARES":5000,"TOTAL_MARKET_CAP":83000000,"HKSK_MARKET_CAP":83000000,"PE_TTM":-0.740828538272,"PB_TTM":0.469139597823,"REPORT_DATE_SQ":"2020-12-31 00:00:00","REPORT_TYPE_SQ":"2020年年报","OPERATE_INCOME_SQ":87588000,"DPS_HKD":null,"OPERATE_INCOME_QOQ_SQ":19.983561643836,"NET_PROFIT_RATIO_SQ":1.3997351235,"HOLDER_PROFIT_SQ":1226000,"HOLDER_PROFIT_QOQ_SQ":-61.324921135647,"ROE_AVG_SQ":0.306161691331,"PE_TTM_SQ":-0.357816933737,"PB_TTM_SQ":0.196416963583,"ROA_SQ":0.268372047716,"START_DATE":"2021-01-01 00:00:00","FISCAL_YEAR":"12-31","CURRENCY":"HKD","IS_CNY_CODE":0,"DPS_HKD_LY":null,"ORG_TYPE":"一般企业","PREMIUM_INCOME":null,"PREMIUM_INCOME_YOY":null,"NET_INTEREST_INCOME":null,"NET_INTEREST_INCOME_YOY":null,"FEE_COMMISSION_INCOME":null,"FEE_COMMISSION_INCOME_YOY":null,"ACCOUNTS_RECE_TDAYS":0.286414293824,"INVENTORY_TDAYS":0.437640579769,"CURRENT_ASSETS_TDAYS":0.096759215644,"TOTAL_ASSETS_TDAYS":0.093134169814,"PREMIUM_EXPENSE":null,"LOAN_DEPOSIT":null,"LOAN_EQUITY":null,"LOAN_ASSETS":null,"DEPOSIT_EQUITY":null,"DEPOSIT_ASSETS":null,"EQUITY_MULTIPLIER":1.0543402472,"EQUITY_RATIO":0.054340247201},{"SECUCODE":"01740.HK","SECURITY_CODE":"01740","SECURITY_NAME_ABBR":"新石文化","ORG_CODE":"10000040047","STD_REPORT_DATE":"2021-06-30 00:00:00","REPORT_DATE":"2021-06-30 00:00:00","DATE_TYPE_CODE":"002","REPORT_TYPE":"2021年中报","PER_NETCASH_OPERATE":-0.010125301205,"PER_OI":0.000471325301,"BPS":0.409952771084,"BASIC_EPS":-0.0269,"DILUTED_EPS":-0.0269,"OPERATE_INCOME":489000,"OPERATE_INCOME_YOY":-91.3695728909,"GROSS_PROFIT":-5560000,"GROSS_PROFIT_YOY":-285.642737896494,"HOLDER_PROFIT":-27942000,"HOLDER_PROFIT_YOY":-328.7555623753,"GROSS_PROFIT_RATIO":-1137.01431492843,"EPS_TTM":-0.019468915663,"OPERATE_INCOME_QOQ":-5.910627026533,"NET_PROFIT_RATIO":-5714.1104294479,"ROE_AVG":-6.356572746723,"GROSS_PROFIT_QOQ":-25.68529138019,"ROA":-5.90336831297,"HOLDER_PROFIT_QOQ":-1747.55301794454,"ROE_YEARLY":-12.713145493447,"ROIC_YEARLY":-16.547288754393,"TOTAL_ASSETS":457309000,"TOTAL_LIABILITIES":31983000,"TAX_EBT":18.207364908378,"OCF_SALES":-2148.26175869121,"TOTAL_PARENT_EQUITY":425326000,"DEBT_ASSET_RATIO":6.9937394628,"OPERATE_PROFIT":-34162000,"PRETAX_PROFIT":-34162000,"NETCASH_OPERATE":-10505000,"NETCASH_INVEST":-4468000,"NETCASH_FINANCE":null,"END_CASH":127834000,"DIVI_RATIO":null,"DIVIDEND_RATE":null,"CURRENT_RATIO":13.994544214594,"COMMON_ACS":10000000000,"CURRENTDEBT_DEBT":96.279273363975,"ISSUED_COMMON_SHARES":1037500000,"HK_COMMON_SHARES":1037500000,"PER_SHARES":5000,"TOTAL_MARKET_CAP":83000000,"HKSK_MARKET_CAP":83000000,"PE_TTM":-0.740828538272,"PB_TTM":0.469139597823,"REPORT_DATE_SQ":"2020-06-30 00:00:00","REPORT_TYPE_SQ":"2020年中报","OPERATE_INCOME_SQ":5666000,"DPS_HKD":null,"OPERATE_INCOME_QOQ_SQ":-65.66919209733,"NET_PROFIT_RATIO_SQ":-115.0194140487,"HOLDER_PROFIT_SQ":-6517000,"HOLDER_PROFIT_QOQ_SQ":-87.234213917526,"ROE_AVG_SQ":-1.63470583071,"PE_TTM_SQ":-0.357816933737,"PB_TTM_SQ":0.196416963583,"ROA_SQ":-1.423589380639,"START_DATE":"2021-01-01 00:00:00","FISCAL_YEAR":"12-31","CURRENCY":"HKD","IS_CNY_CODE":0,"DPS_HKD_LY":null,"ORG_TYPE":"一般企业","PREMIUM_INCOME":null,"PREMIUM_INCOME_YOY":null,"NET_INTEREST_INCOME":null,"NET_INTEREST_INCOME_YOY":null,"FEE_COMMISSION_INCOME":null,"FEE_COMMISSION_INCOME_YOY":null,"ACCOUNTS_RECE_TDAYS":0.003254705679,"INVENTORY_TDAYS":0.058949933,"CURRENT_ASSETS_TDAYS":0.001086828483,"TOTAL_ASSETS_TDAYS":0.001033121146,"PREMIUM_EXPENSE":null,"LOAN_DEPOSIT":null,"LOAN_EQUITY":null,"LOAN_ASSETS":null,"DEPOSIT_EQUITY":null,"DEPOSIT_ASSETS":null,"EQUITY_MULTIPLIER":1.075196437556,"EQUITY_RATIO":0.075196437556},{"SECUCODE":"01740.HK","SECURITY_CODE":"01740","SECURITY_NAME_ABBR":"新石文化","ORG_CODE":"10000040047","STD_REPORT_DATE":"2020-12-31 00:00:00","REPORT_DATE":"2020-12-31 00:00:00","DATE_TYPE_CODE":"001","REPORT_TYPE":"2020年年报","PER_NETCASH_OPERATE":0.038876144578,"PER_OI":0.084422168675,"BPS":0.437423614458,"BASIC_EPS":0.0012,"DILUTED_EPS":0.0012,"OPERATE_INCOME":87588000,"OPERATE_INCOME_YOY":-58.8086739373,"GROSS_PROFIT":33307000,"GROSS_PROFIT_YOY":-45.774384188333,"HOLDER_PROFIT":1226000,"HOLDER_PROFIT_YOY":-95.0628221649,"GROSS_PROFIT_RATIO":38.026898661917,"EPS_TTM":0.001181686747,"OPERATE_INCOME_QOQ":19.983561643836,"NET_PROFIT_RATIO":1.3997351235,"ROE_AVG":0.306161691331,"GROSS_PROFIT_QOQ":22.317297098788,"ROA":0.268372047716,"HOLDER_PROFIT_QOQ":-61.324921135647,"ROE_YEARLY":0.306161691331,"ROIC_YEARLY":0.324413720107,"TOTAL_ASSETS":489337000,"TOTAL_LIABILITIES":35510000,"TAX_EBT":59.187749667111,"OCF_SALES":46.049687171759,"TOTAL_PARENT_EQUITY":453827000,"DEBT_ASSET_RATIO":7.2567576129,"OPERATE_PROFIT":3657000,"PRETAX_PROFIT":3004000,"NETCASH_OPERATE":40334000,"NETCASH_INVEST":-3333000,"NETCASH_FINANCE":93541000,"END_CASH":143366000,"DIVI_RATIO":null,"DIVIDEND_RATE":null,"CURRENT_RATIO":13.764184449206,"COMMON_ACS":10000000000,"CURRENTDEBT_DEBT":95.941988172346,"ISSUED_COMMON_SHARES":1037500000,"HK_COMMON_SHARES":1037500000,"PER_SHARES":5000,"TOTAL_MARKET_CAP":83000000,"HKSK_MARKET_CAP":83000000,"PE_TTM":-0.740828538272,"PB_TTM":0.469139597823,"REPORT_DATE_SQ":"2019-12-31 00:00:00","REPORT_TYPE_SQ":"2019年年报","OPERATE_INCOME_SQ":212637000,"DPS_HKD":null,"OPERATE_INCOME_QOQ_SQ":12.317370772985,"NET_PROFIT_RATIO_SQ":11.6781181074,"HOLDER_PROFIT_SQ":24832000,"HOLDER_PROFIT_QOQ_SQ":0.534412955466,"ROE_AVG_SQ":7.418361280647,"PE_TTM_SQ":-0.357816933737,"PB_TTM_SQ":0.196416963583,"ROA_SQ":5.972762739505,"START_DATE":"2020-01-01 00:00:00","FISCAL_YEAR":"12-31","CURRENCY":"HKD","IS_CNY_CODE":0,"DPS_HKD_LY":null,"ORG_TYPE":"一般企业","PREMIUM_INCOME":null,"PREMIUM_INCOME_YOY":null,"NET_INTEREST_INCOME":null,"NET_INTEREST_INCOME_YOY":null,"FEE_COMMISSION_INCOME":null,"FEE_COMMISSION_INCOME_YOY":null,"ACCOUNTS_RECE_TDAYS":0.494198298845,"INVENTORY_TDAYS":0.532218844985,"CURRENT_ASSETS_TDAYS":0.19977647515,"TOTAL_ASSETS_TDAYS":0.191730594742,"PREMIUM_EXPENSE":null,"LOAN_DEPOSIT":null,"LOAN_EQUITY":null,"LOAN_ASSETS":null,"DEPOSIT_EQUITY":null,"DEPOSIT_ASSETS":null,"EQUITY_MULTIPLIER":1.078245675115,"EQUITY_RATIO":0.078245675114},{"SECUCODE":"01740.HK","SECURITY_CODE":"01740","SECURITY_NAME_ABBR":"新石文化","ORG_CODE":"10000040047","STD_REPORT_DATE":"2020-06-30 00:00:00","REPORT_DATE":"2020-06-30 00:00:00","DATE_TYPE_CODE":"002","REPORT_TYPE":"2020年中报","PER_NETCASH_OPERATE":-0.013155662651,"PER_OI":0.005461204819,"BPS":0.433998072289,"BASIC_EPS":-0.0065,"DILUTED_EPS":-0.0065,"OPERATE_INCOME":5666000,"OPERATE_INCOME_YOY":-96.1005622733,"GROSS_PROFIT":2995000,"GROSS_PROFIT_YOY":-91.946326772077,"HOLDER_PROFIT":-6517000,"HOLDER_PROFIT_YOY":-143.0307032024,"GROSS_PROFIT_RATIO":52.859159901165,"EPS_TTM":0.003055421687,"OPERATE_INCOME_QOQ":-65.66919209733,"NET_PROFIT_RATIO":-115.0194140487,"ROE_AVG":-1.63470583071,"GROSS_PROFIT_QOQ":-55.668072220504,"ROA":-1.423589380639,"HOLDER_PROFIT_QOQ":-87.234213917526,"ROE_YEARLY":-3.26941166142,"ROIC_YEARLY":-3.291929544525,"TOTAL_ASSETS":491253000,"TOTAL_LIABILITIES":40980000,"TAX_EBT":1.793248945148,"OCF_SALES":-240.893046240734,"TOTAL_PARENT_EQUITY":450273000,"DEBT_ASSET_RATIO":8.3419337897,"OPERATE_PROFIT":-6304000,"PRETAX_PROFIT":-6636000,"NETCASH_OPERATE":-13649000,"NETCASH_INVEST":-11000,"NETCASH_FINANCE":105880000,"END_CASH":109231000,"DIVI_RATIO":null,"DIVIDEND_RATE":null,"CURRENT_RATIO":11.902796708567,"COMMON_ACS":10000000000,"CURRENTDEBT_DEBT":96.676427525622,"ISSUED_COMMON_SHARES":1037500000,"HK_COMMON_SHARES":1037500000,"PER_SHARES":5000,"TOTAL_MARKET_CAP":83000000,"HKSK_MARKET_CAP":83000000,"PE_TTM":-0.740828538272,"PB_TTM":0.469139597823,"REPORT_DATE_SQ":"2019-06-30 00:00:00","REPORT_TYPE_SQ":"2019年中报","OPERATE_INCOME_SQ":145303000,"DPS_HKD":null,"OPERATE_INCOME_QOQ_SQ":22.865950611675,"NET_PROFIT_RATIO_SQ":10.4230470121,"HOLDER_PROFIT_SQ":15145000,"HOLDER_PROFIT_QOQ_SQ":-61.695330552239,"ROE_AVG_SQ":4.590388523574,"PE_TTM_SQ":-0.357816933737,"PB_TTM_SQ":0.196416963583,"ROA_SQ":3.553612741855,"START_DATE":"2020-01-01 00:00:00","FISCAL_YEAR":"12-31","CURRENCY":"HKD","IS_CNY_CODE":0,"DPS_HKD_LY":null,"ORG_TYPE":"一般企业","PREMIUM_INCOME":null,"PREMIUM_INCOME_YOY":null,"NET_INTEREST_INCOME":null,"NET_INTEREST_INCOME_YOY":null,"FEE_COMMISSION_INCOME":null,"FEE_COMMISSION_INCOME_YOY":null,"ACCOUNTS_RECE_TDAYS":0.037500951423,"INVENTORY_TDAYS":0.021149818473,"CURRENT_ASSETS_TDAYS":0.012884696069,"TOTAL_ASSETS_TDAYS":0.012376948643,"PREMIUM_EXPENSE":null,"LOAN_DEPOSIT":null,"LOAN_EQUITY":null,"LOAN_ASSETS":null,"DEPOSIT_EQUITY":null,"DEPOSIT_ASSETS":null,"EQUITY_MULTIPLIER":1.091011453052,"EQUITY_RATIO":0.091011453052}],"count":15},"success":true,"message":"ok","code":0}