{"version":"8c6ab97c6d196851710f65c99a3f4d1e","result":{"pages":2,"data":[{"SECUCODE":"01759.HK","SECURITY_CODE":"01759","SECURITY_NAME_ABBR":"中油洁能控股","ORG_CODE":"10944449","STD_REPORT_DATE":"2024-06-30 00:00:00","REPORT_DATE":"2024-06-30 00:00:00","DATE_TYPE_CODE":"002","REPORT_TYPE":"2024年中报","PER_NETCASH_OPERATE":0.136912037037,"PER_OI":3.136962962963,"BPS":1.7755,"BASIC_EPS":-0.02,"DILUTED_EPS":-0.02,"OPERATE_INCOME":677584000,"OPERATE_INCOME_YOY":-2.6735248787,"GROSS_PROFIT":27729000,"GROSS_PROFIT_YOY":-24.202498428232,"HOLDER_PROFIT":-3284000,"HOLDER_PROFIT_YOY":-265.4408060453,"GROSS_PROFIT_RATIO":4.092333939408,"EPS_TTM":0.016314814815,"OPERATE_INCOME_QOQ":-1.323721012266,"NET_PROFIT_RATIO":-0.5668669862,"ROE_AVG":-0.853301737264,"GROSS_PROFIT_QOQ":-10.46213472923,"ROA":-0.300111765131,"HOLDER_PROFIT_QOQ":-59.922665756852,"ROE_YEARLY":-1.706603474528,"ROIC_YEARLY":-0.729278627073,"TOTAL_ASSETS":1232626000,"TOTAL_LIABILITIES":828851000,"TAX_EBT":-10.787424286126,"OCF_SALES":4.364477319417,"TOTAL_PARENT_EQUITY":383508000,"DEBT_ASSET_RATIO":67.2426997321,"OPERATE_PROFIT":3009000,"PRETAX_PROFIT":-3467000,"NETCASH_OPERATE":29573000,"NETCASH_INVEST":6018000,"NETCASH_FINANCE":-5724000,"END_CASH":188323000,"DIVI_RATIO":null,"DIVIDEND_RATE":null,"CURRENT_RATIO":1.277142081378,"COMMON_ACS":2000000000,"CURRENTDEBT_DEBT":99.534415715249,"ISSUED_COMMON_SHARES":216000000,"HK_COMMON_SHARES":216000000,"PER_SHARES":1000,"TOTAL_MARKET_CAP":112320000,"HKSK_MARKET_CAP":112320000,"PE_TTM":28.422689216539,"PB_TTM":0.267301379893,"REPORT_DATE_SQ":"2023-06-30 00:00:00","REPORT_TYPE_SQ":"2023年中报","OPERATE_INCOME_SQ":696197000,"DPS_HKD":null,"OPERATE_INCOME_QOQ_SQ":-21.576316797283,"NET_PROFIT_RATIO_SQ":0.1442120549,"HOLDER_PROFIT_SQ":1985000,"HOLDER_PROFIT_QOQ_SQ":-14.517876489707,"ROE_AVG_SQ":0.524327058578,"PE_TTM_SQ":11.477200634796,"PB_TTM_SQ":0.287258847411,"ROA_SQ":0.170316458276,"START_DATE":"2024-01-01 00:00:00","FISCAL_YEAR":"12-31","CURRENCY":"HKD","IS_CNY_CODE":0,"DPS_HKD_LY":null,"ORG_TYPE":"一般企业","PREMIUM_INCOME":null,"PREMIUM_INCOME_YOY":null,"NET_INTEREST_INCOME":null,"NET_INTEREST_INCOME_YOY":null,"FEE_COMMISSION_INCOME":null,"FEE_COMMISSION_INCOME_YOY":null,"ACCOUNTS_RECE_TDAYS":3.998642695489,"INVENTORY_TDAYS":254.595494613124,"CURRENT_ASSETS_TDAYS":0.743481354647,"TOTAL_ASSETS_TDAYS":0.619217205433,"PREMIUM_EXPENSE":null,"LOAN_DEPOSIT":null,"LOAN_EQUITY":null,"LOAN_ASSETS":null,"DEPOSIT_EQUITY":null,"DEPOSIT_ASSETS":null,"EQUITY_MULTIPLIER":3.052754628195,"EQUITY_RATIO":2.16123522847},{"SECUCODE":"01759.HK","SECURITY_CODE":"01759","SECURITY_NAME_ABBR":"中油洁能控股","ORG_CODE":"10944449","STD_REPORT_DATE":"2023-12-31 00:00:00","REPORT_DATE":"2023-12-31 00:00:00","DATE_TYPE_CODE":"001","REPORT_TYPE":"2023年年报","PER_NETCASH_OPERATE":0.068333333333,"PER_OI":6.509777777778,"BPS":1.788,"BASIC_EPS":0.0407,"DILUTED_EPS":0.0407,"OPERATE_INCOME":1406112000,"OPERATE_INCOME_YOY":-27.8156581343,"GROSS_PROFIT":84629000,"GROSS_PROFIT_YOY":-3.054012257289,"HOLDER_PROFIT":8793000,"HOLDER_PROFIT_YOY":-20.6121343445,"GROSS_PROFIT_RATIO":6.018652852689,"EPS_TTM":0.040708333333,"OPERATE_INCOME_QOQ":-7.955940198383,"NET_PROFIT_RATIO":0.477202385,"ROE_AVG":2.307658997652,"GROSS_PROFIT_QOQ":12.020172605496,"ROA":0.923726632385,"HOLDER_PROFIT_QOQ":-7.12927756654,"ROE_YEARLY":2.307658997652,"ROIC_YEARLY":1.092044456754,"TOTAL_ASSETS":955892000,"TOTAL_LIABILITIES":548860000,"TAX_EBT":33.187294633078,"OCF_SALES":1.049703010855,"TOTAL_PARENT_EQUITY":386208000,"DEBT_ASSET_RATIO":57.4186205136,"OPERATE_PROFIT":27496000,"PRETAX_PROFIT":10043000,"NETCASH_OPERATE":14760000,"NETCASH_INVEST":26718000,"NETCASH_FINANCE":23009000,"END_CASH":157872000,"DIVI_RATIO":null,"DIVIDEND_RATE":null,"CURRENT_RATIO":1.411899149667,"COMMON_ACS":2000000000,"CURRENTDEBT_DEBT":99.247166854936,"ISSUED_COMMON_SHARES":216000000,"HK_COMMON_SHARES":216000000,"PER_SHARES":1000,"TOTAL_MARKET_CAP":108000000,"HKSK_MARKET_CAP":108000000,"PE_TTM":27.329508862057,"PB_TTM":0.257020557589,"REPORT_DATE_SQ":"2022-12-31 00:00:00","REPORT_TYPE_SQ":"2022年年报","OPERATE_INCOME_SQ":1947946000,"DPS_HKD":null,"OPERATE_INCOME_QOQ_SQ":-13.914087589983,"NET_PROFIT_RATIO_SQ":0.3153064818,"HOLDER_PROFIT_SQ":11076000,"HOLDER_PROFIT_QOQ_SQ":20.091076656186,"ROE_AVG_SQ":3.024328973596,"PE_TTM_SQ":7.825364069179,"PB_TTM_SQ":0.195858305053,"ROA_SQ":1.186257788298,"START_DATE":"2023-01-01 00:00:00","FISCAL_YEAR":"12-31","CURRENCY":"HKD","IS_CNY_CODE":0,"DPS_HKD_LY":null,"ORG_TYPE":"一般企业","PREMIUM_INCOME":null,"PREMIUM_INCOME_YOY":null,"NET_INTEREST_INCOME":null,"NET_INTEREST_INCOME_YOY":null,"FEE_COMMISSION_INCOME":null,"FEE_COMMISSION_INCOME_YOY":null,"ACCOUNTS_RECE_TDAYS":7.251046186929,"INVENTORY_TDAYS":565.461275139067,"CURRENT_ASSETS_TDAYS":1.866420839066,"TOTAL_ASSETS_TDAYS":1.477155808615,"PREMIUM_EXPENSE":null,"LOAN_DEPOSIT":null,"LOAN_EQUITY":null,"LOAN_ASSETS":null,"DEPOSIT_EQUITY":null,"DEPOSIT_ASSETS":null,"EQUITY_MULTIPLIER":2.348444348355,"EQUITY_RATIO":1.421151296711},{"SECUCODE":"01759.HK","SECURITY_CODE":"01759","SECURITY_NAME_ABBR":"中油洁能控股","ORG_CODE":"10944449","STD_REPORT_DATE":"2023-06-30 00:00:00","REPORT_DATE":"2023-06-30 00:00:00","DATE_TYPE_CODE":"002","REPORT_TYPE":"2023年中报","PER_NETCASH_OPERATE":0.139976851852,"PER_OI":3.223134259259,"BPS":1.765268518519,"BASIC_EPS":0.01,"DILUTED_EPS":0.01,"OPERATE_INCOME":696197000,"OPERATE_INCOME_YOY":-37.6442464433,"GROSS_PROFIT":36583000,"GROSS_PROFIT_YOY":-24.305814194082,"HOLDER_PROFIT":1985000,"HOLDER_PROFIT_YOY":-44.7536877261,"GROSS_PROFIT_RATIO":5.254690841816,"EPS_TTM":0.043833333333,"OPERATE_INCOME_QOQ":-21.576316797283,"NET_PROFIT_RATIO":0.1442120549,"ROE_AVG":0.524327058578,"GROSS_PROFIT_QOQ":-13.456669912366,"ROA":0.170316458276,"HOLDER_PROFIT_QOQ":-14.517876489707,"ROE_YEARLY":1.048654117156,"ROIC_YEARLY":0.380347438283,"TOTAL_ASSETS":1383037000,"TOTAL_LIABILITIES":979813000,"TAX_EBT":71.884626155139,"OCF_SALES":4.342879960701,"TOTAL_PARENT_EQUITY":381298000,"DEBT_ASSET_RATIO":70.8450316224,"OPERATE_PROFIT":11048000,"PRETAX_PROFIT":3571000,"NETCASH_OPERATE":30235000,"NETCASH_INVEST":11039000,"NETCASH_FINANCE":-29833000,"END_CASH":106724000,"DIVI_RATIO":null,"DIVIDEND_RATE":null,"CURRENT_RATIO":1.210920780759,"COMMON_ACS":2000000000,"CURRENTDEBT_DEBT":99.529706178628,"ISSUED_COMMON_SHARES":216000000,"HK_COMMON_SHARES":216000000,"PER_SHARES":1000,"TOTAL_MARKET_CAP":108000000,"HKSK_MARKET_CAP":108000000,"PE_TTM":27.329508862057,"PB_TTM":0.257020557589,"REPORT_DATE_SQ":"2022-06-30 00:00:00","REPORT_TYPE_SQ":"2022年中报","OPERATE_INCOME_SQ":1116492000,"DPS_HKD":null,"OPERATE_INCOME_QOQ_SQ":18.606085892709,"NET_PROFIT_RATIO_SQ":0.1611296812,"HOLDER_PROFIT_SQ":3593000,"HOLDER_PROFIT_QOQ_SQ":-4.56332781457,"ROE_AVG_SQ":0.99545906649,"PE_TTM_SQ":7.825364069179,"PB_TTM_SQ":0.195858305053,"ROA_SQ":0.375263718589,"START_DATE":"2023-01-01 00:00:00","FISCAL_YEAR":"12-31","CURRENCY":"HKD","IS_CNY_CODE":0,"DPS_HKD_LY":null,"ORG_TYPE":"一般企业","PREMIUM_INCOME":null,"PREMIUM_INCOME_YOY":null,"NET_INTEREST_INCOME":null,"NET_INTEREST_INCOME_YOY":null,"FEE_COMMISSION_INCOME":null,"FEE_COMMISSION_INCOME_YOY":null,"ACCOUNTS_RECE_TDAYS":4.215339250899,"INVENTORY_TDAYS":253.453986551393,"CURRENT_ASSETS_TDAYS":0.725756329546,"TOTAL_ASSETS_TDAYS":0.597349155175,"PREMIUM_EXPENSE":null,"LOAN_DEPOSIT":null,"LOAN_EQUITY":null,"LOAN_ASSETS":null,"DEPOSIT_EQUITY":null,"DEPOSIT_ASSETS":null,"EQUITY_MULTIPLIER":3.429947126159,"EQUITY_RATIO":2.56967778483},{"SECUCODE":"01759.HK","SECURITY_CODE":"01759","SECURITY_NAME_ABBR":"中油洁能控股","ORG_CODE":"10944449","STD_REPORT_DATE":"2022-12-31 00:00:00","REPORT_DATE":"2022-12-31 00:00:00","DATE_TYPE_CODE":"001","REPORT_TYPE":"2022年年报","PER_NETCASH_OPERATE":0.026712962963,"PER_OI":9.018268518519,"BPS":1.740106481481,"BASIC_EPS":0.0513,"DILUTED_EPS":0.0513,"OPERATE_INCOME":1947946000,"OPERATE_INCOME_YOY":2.1031312145,"GROSS_PROFIT":87295000,"GROSS_PROFIT_YOY":-5.918932609094,"HOLDER_PROFIT":11076000,"HOLDER_PROFIT_YOY":14.6109271523,"GROSS_PROFIT_RATIO":4.481387061038,"EPS_TTM":0.051277777778,"OPERATE_INCOME_QOQ":-13.914087589983,"NET_PROFIT_RATIO":0.3153064818,"ROE_AVG":3.024328973596,"GROSS_PROFIT_QOQ":-5.078018811504,"ROA":1.186257788298,"HOLDER_PROFIT_QOQ":20.091076656186,"ROE_YEARLY":3.024328973596,"ROIC_YEARLY":1.344701867358,"TOTAL_ASSETS":947918000,"TOTAL_LIABILITIES":549148000,"TAX_EBT":37.364878645727,"OCF_SALES":0.296209443178,"TOTAL_PARENT_EQUITY":375863000,"DEBT_ASSET_RATIO":57.9320152165,"OPERATE_PROFIT":25346000,"PRETAX_PROFIT":9806000,"NETCASH_OPERATE":5770000,"NETCASH_INVEST":19987000,"NETCASH_FINANCE":-19564000,"END_CASH":91833000,"DIVI_RATIO":null,"DIVIDEND_RATE":null,"CURRENT_RATIO":1.354910878286,"COMMON_ACS":2000000000,"CURRENTDEBT_DEBT":99.139758316519,"ISSUED_COMMON_SHARES":216000000,"HK_COMMON_SHARES":216000000,"PER_SHARES":1000,"TOTAL_MARKET_CAP":108000000,"HKSK_MARKET_CAP":108000000,"PE_TTM":27.329508862057,"PB_TTM":0.257020557589,"REPORT_DATE_SQ":"2021-12-31 00:00:00","REPORT_TYPE_SQ":"2021年年报","OPERATE_INCOME_SQ":1907822000,"DPS_HKD":null,"OPERATE_INCOME_QOQ_SQ":34.871683211433,"NET_PROFIT_RATIO_SQ":0.4428086058,"HOLDER_PROFIT_SQ":9664000,"HOLDER_PROFIT_QOQ_SQ":-11.493726531734,"ROE_AVG_SQ":2.735290454787,"PE_TTM_SQ":7.825364069179,"PB_TTM_SQ":0.195858305053,"ROA_SQ":1.218460483249,"START_DATE":"2022-01-01 00:00:00","FISCAL_YEAR":"12-31","CURRENCY":"HKD","IS_CNY_CODE":0,"DPS_HKD_LY":null,"ORG_TYPE":"一般企业","PREMIUM_INCOME":null,"PREMIUM_INCOME_YOY":null,"NET_INTEREST_INCOME":null,"NET_INTEREST_INCOME_YOY":null,"FEE_COMMISSION_INCOME":null,"FEE_COMMISSION_INCOME_YOY":null,"ACCOUNTS_RECE_TDAYS":9.659340141671,"INVENTORY_TDAYS":739.233611442193,"CURRENT_ASSETS_TDAYS":2.765311134519,"TOTAL_ASSETS_TDAYS":2.086282153921,"PREMIUM_EXPENSE":null,"LOAN_DEPOSIT":null,"LOAN_EQUITY":null,"LOAN_ASSETS":null,"DEPOSIT_EQUITY":null,"DEPOSIT_ASSETS":null,"EQUITY_MULTIPLIER":2.377104596634,"EQUITY_RATIO":1.461032344232},{"SECUCODE":"01759.HK","SECURITY_CODE":"01759","SECURITY_NAME_ABBR":"中油洁能控股","ORG_CODE":"10944449","STD_REPORT_DATE":"2022-06-30 00:00:00","REPORT_DATE":"2022-06-30 00:00:00","DATE_TYPE_CODE":"002","REPORT_TYPE":"2022年中报","PER_NETCASH_OPERATE":0.063324074074,"PER_OI":5.168944444444,"BPS":1.691115740741,"BASIC_EPS":0.02,"DILUTED_EPS":0.02,"OPERATE_INCOME":1116492000,"OPERATE_INCOME_YOY":46.6134223482,"GROSS_PROFIT":48330000,"GROSS_PROFIT_YOY":-1.67236328125,"HOLDER_PROFIT":3593000,"HOLDER_PROFIT_YOY":-10.9320773426,"GROSS_PROFIT_RATIO":4.328736793457,"EPS_TTM":0.042699074074,"OPERATE_INCOME_QOQ":18.606085892709,"NET_PROFIT_RATIO":0.1611296812,"ROE_AVG":0.99545906649,"GROSS_PROFIT_QOQ":-0.885899964435,"ROA":0.375263718589,"HOLDER_PROFIT_QOQ":-4.56332781457,"ROE_YEARLY":1.990918132981,"ROIC_YEARLY":0.855384542132,"TOTAL_ASSETS":995453000,"TOTAL_LIABILITIES":604125000,"TAX_EBT":59.852711448337,"OCF_SALES":1.22508714796,"TOTAL_PARENT_EQUITY":365281000,"DEBT_ASSET_RATIO":60.6884503839,"OPERATE_PROFIT":12627000,"PRETAX_PROFIT":4481000,"NETCASH_OPERATE":13678000,"NETCASH_INVEST":5474000,"NETCASH_FINANCE":6738000,"END_CASH":103402000,"DIVI_RATIO":null,"DIVIDEND_RATE":null,"CURRENT_RATIO":1.307631817928,"COMMON_ACS":2000000000,"CURRENTDEBT_DEBT":97.88156424581,"ISSUED_COMMON_SHARES":216000000,"HK_COMMON_SHARES":216000000,"PER_SHARES":1000,"TOTAL_MARKET_CAP":108000000,"HKSK_MARKET_CAP":108000000,"PE_TTM":27.329508862057,"PB_TTM":0.257020557589,"REPORT_DATE_SQ":"2021-06-30 00:00:00","REPORT_TYPE_SQ":"2021年中报","OPERATE_INCOME_SQ":761521000,"DPS_HKD":null,"OPERATE_INCOME_QOQ_SQ":10.136426136638,"NET_PROFIT_RATIO_SQ":0.270379937,"HOLDER_PROFIT_SQ":4034000,"HOLDER_PROFIT_QOQ_SQ":-13.526570048309,"ROE_AVG_SQ":1.148082426285,"PE_TTM_SQ":7.825364069179,"PB_TTM_SQ":0.195858305053,"ROA_SQ":0.476060101113,"START_DATE":"2022-01-01 00:00:00","FISCAL_YEAR":"12-31","CURRENCY":"HKD","IS_CNY_CODE":0,"DPS_HKD_LY":null,"ORG_TYPE":"一般企业","PREMIUM_INCOME":null,"PREMIUM_INCOME_YOY":null,"NET_INTEREST_INCOME":null,"NET_INTEREST_INCOME_YOY":null,"FEE_COMMISSION_INCOME":null,"FEE_COMMISSION_INCOME_YOY":null,"ACCOUNTS_RECE_TDAYS":6.878868813826,"INVENTORY_TDAYS":403.384441087613,"CURRENT_ASSETS_TDAYS":1.545921037692,"TOTAL_ASSETS_TDAYS":1.16609780043,"PREMIUM_EXPENSE":null,"LOAN_DEPOSIT":null,"LOAN_EQUITY":null,"LOAN_ASSETS":null,"DEPOSIT_EQUITY":null,"DEPOSIT_ASSETS":null,"EQUITY_MULTIPLIER":2.543781686974,"EQUITY_RATIO":1.65386373778},{"SECUCODE":"01759.HK","SECURITY_CODE":"01759","SECURITY_NAME_ABBR":"中油洁能控股","ORG_CODE":"10944449","STD_REPORT_DATE":"2021-12-31 00:00:00","REPORT_DATE":"2021-12-31 00:00:00","DATE_TYPE_CODE":"001","REPORT_TYPE":"2021年年报","PER_NETCASH_OPERATE":0.098564814815,"PER_OI":8.832509259259,"BPS":1.650912037037,"BASIC_EPS":0.0447,"DILUTED_EPS":0.0447,"OPERATE_INCOME":1907822000,"OPERATE_INCOME_YOY":48.5428517594,"GROSS_PROFIT":92787000,"GROSS_PROFIT_YOY":-9.302666562402,"HOLDER_PROFIT":9664000,"HOLDER_PROFIT_YOY":-23.4655896096,"GROSS_PROFIT_RATIO":4.863504037588,"EPS_TTM":0.044740740741,"OPERATE_INCOME_QOQ":34.871683211433,"NET_PROFIT_RATIO":0.4428086058,"ROE_AVG":2.735290454787,"GROSS_PROFIT_QOQ":-11.357904390691,"ROA":1.218460483249,"HOLDER_PROFIT_QOQ":-11.493726531734,"ROE_YEARLY":2.735290454787,"ROIC_YEARLY":1.440077487613,"TOTAL_ASSETS":919467000,"TOTAL_LIABILITIES":535029000,"TAX_EBT":39.854762921828,"OCF_SALES":1.115932199125,"TOTAL_PARENT_EQUITY":356597000,"DEBT_ASSET_RATIO":58.1890377795,"OPERATE_PROFIT":37317000,"PRETAX_PROFIT":14046000,"NETCASH_OPERATE":21290000,"NETCASH_INVEST":90322000,"NETCASH_FINANCE":-87204000,"END_CASH":77450000,"DIVI_RATIO":null,"DIVIDEND_RATE":null,"CURRENT_RATIO":1.329979313133,"COMMON_ACS":2000000000,"CURRENTDEBT_DEBT":94.325354326588,"ISSUED_COMMON_SHARES":216000000,"HK_COMMON_SHARES":216000000,"PER_SHARES":1000,"TOTAL_MARKET_CAP":108000000,"HKSK_MARKET_CAP":108000000,"PE_TTM":27.329508862057,"PB_TTM":0.257020557589,"REPORT_DATE_SQ":"2020-12-31 00:00:00","REPORT_TYPE_SQ":"2020年年报","OPERATE_INCOME_SQ":1284358000,"DPS_HKD":null,"OPERATE_INCOME_QOQ_SQ":3.816034944889,"NET_PROFIT_RATIO_SQ":1.0114781081,"HOLDER_PROFIT_SQ":12627000,"HOLDER_PROFIT_QOQ_SQ":-13.383180134449,"ROE_AVG_SQ":3.63801898385,"PE_TTM_SQ":7.825364069179,"PB_TTM_SQ":0.195858305053,"ROA_SQ":1.997664882105,"START_DATE":"2021-01-01 00:00:00","FISCAL_YEAR":"12-31","CURRENCY":"HKD","IS_CNY_CODE":0,"DPS_HKD_LY":null,"ORG_TYPE":"一般企业","PREMIUM_INCOME":null,"PREMIUM_INCOME_YOY":null,"NET_INTEREST_INCOME":null,"NET_INTEREST_INCOME_YOY":null,"FEE_COMMISSION_INCOME":null,"FEE_COMMISSION_INCOME_YOY":null,"ACCOUNTS_RECE_TDAYS":10.11524931273,"INVENTORY_TDAYS":588.532749675746,"CURRENT_ASSETS_TDAYS":3.72389831716,"TOTAL_ASSETS_TDAYS":2.405428100241,"PREMIUM_EXPENSE":null,"LOAN_DEPOSIT":null,"LOAN_EQUITY":null,"LOAN_ASSETS":null,"DEPOSIT_EQUITY":null,"DEPOSIT_ASSETS":null,"EQUITY_MULTIPLIER":2.391717260001,"EQUITY_RATIO":1.50037437219},{"SECUCODE":"01759.HK","SECURITY_CODE":"01759","SECURITY_NAME_ABBR":"中油洁能控股","ORG_CODE":"10944449","STD_REPORT_DATE":"2021-06-30 00:00:00","REPORT_DATE":"2021-06-30 00:00:00","DATE_TYPE_CODE":"002","REPORT_TYPE":"2021年中报","PER_NETCASH_OPERATE":0.022449074074,"PER_OI":3.525560185185,"BPS":1.632953703704,"BASIC_EPS":0.02,"DILUTED_EPS":0.02,"OPERATE_INCOME":761521000,"OPERATE_INCOME_YOY":20.6211302118,"GROSS_PROFIT":49152000,"GROSS_PROFIT_YOY":5.07054296708,"HOLDER_PROFIT":4034000,"HOLDER_PROFIT_YOY":-29.745733194,"GROSS_PROFIT_RATIO":6.454451026301,"EPS_TTM":0.050550925926,"OPERATE_INCOME_QOQ":10.136426136638,"NET_PROFIT_RATIO":0.270379937,"ROE_AVG":1.148082426285,"GROSS_PROFIT_QOQ":2.318579918674,"ROA":0.476060101113,"HOLDER_PROFIT_QOQ":-13.526570048309,"ROE_YEARLY":2.296164852569,"ROIC_YEARLY":1.532750477797,"TOTAL_ASSETS":1027947000,"TOTAL_LIABILITIES":647445000,"TAX_EBT":56.377118644068,"OCF_SALES":0.63675197401,"TOTAL_PARENT_EQUITY":352718000,"DEBT_ASSET_RATIO":62.9842783723,"OPERATE_PROFIT":13916000,"PRETAX_PROFIT":4720000,"NETCASH_OPERATE":4849000,"NETCASH_INVEST":-382315000,"NETCASH_FINANCE":382204000,"END_CASH":60889000,"DIVI_RATIO":null,"DIVIDEND_RATE":null,"CURRENT_RATIO":1.122904591847,"COMMON_ACS":2000000000,"CURRENTDEBT_DEBT":94.975789449297,"ISSUED_COMMON_SHARES":216000000,"HK_COMMON_SHARES":216000000,"PER_SHARES":1000,"TOTAL_MARKET_CAP":108000000,"HKSK_MARKET_CAP":108000000,"PE_TTM":27.329508862057,"PB_TTM":0.257020557589,"REPORT_DATE_SQ":"2020-06-30 00:00:00","REPORT_TYPE_SQ":"2020年中报","OPERATE_INCOME_SQ":631333000,"DPS_HKD":null,"OPERATE_INCOME_QOQ_SQ":-3.264529305699,"NET_PROFIT_RATIO_SQ":0.6836328847,"HOLDER_PROFIT_SQ":5742000,"HOLDER_PROFIT_QOQ_SQ":-33.871626219097,"ROE_AVG_SQ":1.648337452742,"PE_TTM_SQ":7.825364069179,"PB_TTM_SQ":0.195858305053,"ROA_SQ":0.937418116723,"START_DATE":"2021-01-01 00:00:00","FISCAL_YEAR":"12-31","CURRENCY":"HKD","IS_CNY_CODE":0,"DPS_HKD_LY":null,"ORG_TYPE":"一般企业","PREMIUM_INCOME":null,"PREMIUM_INCOME_YOY":null,"NET_INTEREST_INCOME":null,"NET_INTEREST_INCOME_YOY":null,"FEE_COMMISSION_INCOME":null,"FEE_COMMISSION_INCOME_YOY":null,"ACCOUNTS_RECE_TDAYS":4.623208290583,"INVENTORY_TDAYS":183.458408447077,"CURRENT_ASSETS_TDAYS":1.458948915206,"TOTAL_ASSETS_TDAYS":0.898685583191,"PREMIUM_EXPENSE":null,"LOAN_DEPOSIT":null,"LOAN_EQUITY":null,"LOAN_ASSETS":null,"DEPOSIT_EQUITY":null,"DEPOSIT_ASSETS":null,"EQUITY_MULTIPLIER":2.701554788146,"EQUITY_RATIO":1.835588203607},{"SECUCODE":"01759.HK","SECURITY_CODE":"01759","SECURITY_NAME_ABBR":"中油洁能控股","ORG_CODE":"10944449","STD_REPORT_DATE":"2020-12-31 00:00:00","REPORT_DATE":"2020-12-31 00:00:00","DATE_TYPE_CODE":"001","REPORT_TYPE":"2020年年报","PER_NETCASH_OPERATE":0.05212962963,"PER_OI":5.946101851852,"BPS":1.620458333333,"BASIC_EPS":0.0585,"DILUTED_EPS":0.0585,"OPERATE_INCOME":1284358000,"OPERATE_INCOME_YOY":0.4269300601,"GROSS_PROFIT":102304000,"GROSS_PROFIT_YOY":-28.712484931259,"HOLDER_PROFIT":12627000,"HOLDER_PROFIT_YOY":-42.7217056022,"GROSS_PROFIT_RATIO":7.965380369025,"EPS_TTM":0.058458333333,"OPERATE_INCOME_QOQ":3.816034944889,"NET_PROFIT_RATIO":1.0114781081,"ROE_AVG":3.63801898385,"GROSS_PROFIT_QOQ":-17.882857211658,"ROA":1.997664882105,"HOLDER_PROFIT_QOQ":-13.383180134449,"ROE_YEARLY":3.63801898385,"ROIC_YEARLY":2.712441852847,"TOTAL_ASSETS":666797000,"TOTAL_LIABILITIES":287309000,"TAX_EBT":29.053574354213,"OCF_SALES":0.876702601611,"TOTAL_PARENT_EQUITY":350019000,"DEBT_ASSET_RATIO":43.0879263104,"OPERATE_PROFIT":25926000,"PRETAX_PROFIT":18311000,"NETCASH_OPERATE":14911000,"NETCASH_INVEST":-118566000,"NETCASH_FINANCE":8944000,"END_CASH":56304000,"DIVI_RATIO":null,"DIVIDEND_RATE":null,"CURRENT_RATIO":1.406800776959,"COMMON_ACS":2000000000,"CURRENTDEBT_DEBT":87.444528364931,"ISSUED_COMMON_SHARES":216000000,"HK_COMMON_SHARES":216000000,"PER_SHARES":1000,"TOTAL_MARKET_CAP":108000000,"HKSK_MARKET_CAP":108000000,"PE_TTM":27.329508862057,"PB_TTM":0.257020557589,"REPORT_DATE_SQ":"2019-12-31 00:00:00","REPORT_TYPE_SQ":"2019年年报","OPERATE_INCOME_SQ":1278898000,"DPS_HKD":null,"OPERATE_INCOME_QOQ_SQ":-4.268799319723,"NET_PROFIT_RATIO_SQ":1.6019260332,"HOLDER_PROFIT_SQ":22045000,"HOLDER_PROFIT_QOQ_SQ":-25.02465734789,"ROE_AVG_SQ":6.633766155605,"PE_TTM_SQ":7.825364069179,"PB_TTM_SQ":0.195858305053,"ROA_SQ":3.341936413008,"START_DATE":"2020-01-01 00:00:00","FISCAL_YEAR":"12-31","CURRENCY":"HKD","IS_CNY_CODE":0,"DPS_HKD_LY":null,"ORG_TYPE":"一般企业","PREMIUM_INCOME":null,"PREMIUM_INCOME_YOY":null,"NET_INTEREST_INCOME":null,"NET_INTEREST_INCOME_YOY":null,"FEE_COMMISSION_INCOME":null,"FEE_COMMISSION_INCOME_YOY":null,"ACCOUNTS_RECE_TDAYS":8.790169252565,"INVENTORY_TDAYS":437.392784458834,"CURRENT_ASSETS_TDAYS":3.740487205362,"TOTAL_ASSETS_TDAYS":2.03192909848,"PREMIUM_EXPENSE":null,"LOAN_DEPOSIT":null,"LOAN_EQUITY":null,"LOAN_ASSETS":null,"DEPOSIT_EQUITY":null,"DEPOSIT_ASSETS":null,"EQUITY_MULTIPLIER":1.757096403575,"EQUITY_RATIO":0.82083829735},{"SECUCODE":"01759.HK","SECURITY_CODE":"01759","SECURITY_NAME_ABBR":"中油洁能控股","ORG_CODE":"10944449","STD_REPORT_DATE":"2020-06-30 00:00:00","REPORT_DATE":"2020-06-30 00:00:00","DATE_TYPE_CODE":"002","REPORT_TYPE":"2020年中报","PER_NETCASH_OPERATE":-0.240490740741,"PER_OI":2.922837962963,"BPS":1.632185185185,"BASIC_EPS":0.03,"DILUTED_EPS":0.03,"OPERATE_INCOME":631333000,"OPERATE_INCOME_YOY":-6.2028011404,"GROSS_PROFIT":46780000,"GROSS_PROFIT_YOY":-28.804066599702,"HOLDER_PROFIT":5742000,"HOLDER_PROFIT_YOY":-56.5296388826,"GROSS_PROFIT_RATIO":7.40971880133,"EPS_TTM":0.067490740741,"OPERATE_INCOME_QOQ":-3.264529305699,"NET_PROFIT_RATIO":0.6836328847,"ROE_AVG":1.648337452742,"GROSS_PROFIT_QOQ":-13.188023050819,"ROA":0.937418116723,"HOLDER_PROFIT_QOQ":-33.871626219097,"ROE_YEARLY":3.296674905483,"ROIC_YEARLY":2.844320275813,"TOTAL_ASSETS":627688000,"TOTAL_LIABILITIES":248567000,"TAX_EBT":39.787946428571,"OCF_SALES":-8.227987448779,"TOTAL_PARENT_EQUITY":352552000,"DEBT_ASSET_RATIO":39.6004065714,"OPERATE_PROFIT":11730000,"PRETAX_PROFIT":7168000,"NETCASH_OPERATE":-51946000,"NETCASH_INVEST":10141000,"NETCASH_FINANCE":-1939000,"END_CASH":107974000,"DIVI_RATIO":null,"DIVIDEND_RATE":null,"CURRENT_RATIO":1.795132171225,"COMMON_ACS":2000000000,"CURRENTDEBT_DEBT":82.761589430616,"ISSUED_COMMON_SHARES":216000000,"HK_COMMON_SHARES":216000000,"PER_SHARES":1000,"TOTAL_MARKET_CAP":108000000,"HKSK_MARKET_CAP":108000000,"PE_TTM":27.329508862057,"PB_TTM":0.257020557589,"REPORT_DATE_SQ":"2019-06-30 00:00:00","REPORT_TYPE_SQ":"2019年中报","OPERATE_INCOME_SQ":673083000,"DPS_HKD":null,"OPERATE_INCOME_QOQ_SQ":9.501143842146,"NET_PROFIT_RATIO_SQ":1.5042721329,"HOLDER_PROFIT_SQ":13209000,"HOLDER_PROFIT_QOQ_SQ":-21.871180315672,"ROE_AVG_SQ":4.038134369082,"PE_TTM_SQ":7.825364069179,"PB_TTM_SQ":0.195858305053,"ROA_SQ":1.856093393437,"START_DATE":"2020-01-01 00:00:00","FISCAL_YEAR":"12-31","CURRENCY":"HKD","IS_CNY_CODE":0,"DPS_HKD_LY":null,"ORG_TYPE":"一般企业","PREMIUM_INCOME":null,"PREMIUM_INCOME_YOY":null,"NET_INTEREST_INCOME":null,"NET_INTEREST_INCOME_YOY":null,"FEE_COMMISSION_INCOME":null,"FEE_COMMISSION_INCOME_YOY":null,"ACCOUNTS_RECE_TDAYS":6.020579330075,"INVENTORY_TDAYS":247.954612937434,"CURRENT_ASSETS_TDAYS":1.797171872442,"TOTAL_ASSETS_TDAYS":1.030691382594,"PREMIUM_EXPENSE":null,"LOAN_DEPOSIT":null,"LOAN_EQUITY":null,"LOAN_ASSETS":null,"DEPOSIT_EQUITY":null,"DEPOSIT_ASSETS":null,"EQUITY_MULTIPLIER":1.655640283708,"EQUITY_RATIO":0.705050602464}],"count":17},"success":true,"message":"ok","code":0}