{"version":"de36ba30bcdfdc218bb2f8c43916737d","result":{"pages":2,"data":[{"SECUCODE":"01753.HK","SECURITY_CODE":"01753","SECURITY_NAME_ABBR":"兑吧","ORG_CODE":"10971516","STD_REPORT_DATE":"2024-06-30 00:00:00","REPORT_DATE":"2024-06-30 00:00:00","DATE_TYPE_CODE":"002","REPORT_TYPE":"2024年中报","PER_NETCASH_OPERATE":-0.348176933781,"PER_OI":0.425565682463,"BPS":1.244936030353,"BASIC_EPS":-0.018,"DILUTED_EPS":-0.018,"OPERATE_INCOME":458259000,"OPERATE_INCOME_YOY":-35.3100609407,"GROSS_PROFIT":61502000,"GROSS_PROFIT_YOY":-63.162308180697,"HOLDER_PROFIT":-19078000,"HOLDER_PROFIT_YOY":-186.3883354465,"GROSS_PROFIT_RATIO":13.420794790719,"EPS_TTM":-0.009947779728,"OPERATE_INCOME_QOQ":-22.813328250207,"NET_PROFIT_RATIO":-4.1631479142,"ROE_AVG":-1.415506616035,"GROSS_PROFIT_QOQ":-43.134592100527,"ROA":-0.85976284642,"HOLDER_PROFIT_QOQ":-135.178981937603,"ROE_YEARLY":-2.831013232071,"ROIC_YEARLY":-2.267096208395,"TOTAL_ASSETS":2296506000,"TOTAL_LIABILITIES":955930000,"TAX_EBT":2.299380345163,"OCF_SALES":-81.815087101399,"TOTAL_PARENT_EQUITY":1340576000,"DEBT_ASSET_RATIO":41.6254083377,"OPERATE_PROFIT":-12432000,"PRETAX_PROFIT":-19527000,"NETCASH_OPERATE":-374925000,"NETCASH_INVEST":165020000,"NETCASH_FINANCE":153264000,"END_CASH":232033000,"DIVI_RATIO":null,"DIVIDEND_RATE":null,"CURRENT_RATIO":1.977217470836,"COMMON_ACS":5000000000,"CURRENTDEBT_DEBT":99.735963930413,"ISSUED_COMMON_SHARES":1076823200,"HK_COMMON_SHARES":1076823200,"PER_SHARES":400,"TOTAL_MARKET_CAP":306894612,"HKSK_MARKET_CAP":306894612,"PE_TTM":-27.267502029789,"PB_TTM":0.208937482455,"REPORT_DATE_SQ":"2023-06-30 00:00:00","REPORT_TYPE_SQ":"2023年中报","OPERATE_INCOME_SQ":708393000,"DPS_HKD":null,"OPERATE_INCOME_QOQ_SQ":11.776677252657,"NET_PROFIT_RATIO_SQ":3.1174785747,"HOLDER_PROFIT_SQ":22084000,"HOLDER_PROFIT_QOQ_SQ":183.397607686777,"ROE_AVG_SQ":1.659223551898,"PE_TTM_SQ":5.768398019297,"PB_TTM_SQ":0.177395132856,"ROA_SQ":1.116524758547,"START_DATE":"2024-01-01 00:00:00","FISCAL_YEAR":"12-31","CURRENCY":"HKD","IS_CNY_CODE":0,"DPS_HKD_LY":null,"ORG_TYPE":"一般企业","PREMIUM_INCOME":null,"PREMIUM_INCOME_YOY":null,"NET_INTEREST_INCOME":null,"NET_INTEREST_INCOME_YOY":null,"FEE_COMMISSION_INCOME":null,"FEE_COMMISSION_INCOME_YOY":null,"ACCOUNTS_RECE_TDAYS":0.892626842559,"INVENTORY_TDAYS":null,"CURRENT_ASSETS_TDAYS":0.251707471404,"TOTAL_ASSETS_TDAYS":0.206517487282,"PREMIUM_EXPENSE":null,"LOAN_DEPOSIT":null,"LOAN_EQUITY":null,"LOAN_ASSETS":null,"DEPOSIT_EQUITY":null,"DEPOSIT_ASSETS":null,"EQUITY_MULTIPLIER":1.713074081589,"EQUITY_RATIO":0.713074081589},{"SECUCODE":"01753.HK","SECURITY_CODE":"01753","SECURITY_NAME_ABBR":"兑吧","ORG_CODE":"10971516","STD_REPORT_DATE":"2023-12-31 00:00:00","REPORT_DATE":"2023-12-31 00:00:00","DATE_TYPE_CODE":"001","REPORT_TYPE":"2023年年报","PER_NETCASH_OPERATE":-0.275903230911,"PER_OI":1.018215432208,"BPS":1.258327272295,"BASIC_EPS":0.029,"DILUTED_EPS":0.029,"OPERATE_INCOME":1096438000,"OPERATE_INCOME_YOY":-32.1763798387,"GROSS_PROFIT":244472000,"GROSS_PROFIT_YOY":-20.913305231966,"HOLDER_PROFIT":30450000,"HOLDER_PROFIT_YOY":166.3442055036,"GROSS_PROFIT_RATIO":22.296928782111,"EPS_TTM":0.028277622548,"OPERATE_INCOME_QOQ":-39.322207612242,"NET_PROFIT_RATIO":2.7771748152,"ROE_AVG":2.287249205378,"GROSS_PROFIT_QOQ":-35.602390755185,"ROA":1.541324972552,"HOLDER_PROFIT_QOQ":-20.44831099616,"ROE_YEARLY":2.287249205378,"ROIC_YEARLY":2.247125505834,"TOTAL_ASSETS":2141462000,"TOTAL_LIABILITIES":786466000,"TAX_EBT":13.941723426504,"OCF_SALES":-27.09674418435,"TOTAL_PARENT_EQUITY":1354996000,"DEBT_ASSET_RATIO":36.7256575181,"OPERATE_PROFIT":45006000,"PRETAX_PROFIT":35383000,"NETCASH_OPERATE":-297099000,"NETCASH_INVEST":24417000,"NETCASH_FINANCE":299129000,"END_CASH":288460000,"DIVI_RATIO":null,"DIVIDEND_RATE":null,"CURRENT_RATIO":2.239630255016,"COMMON_ACS":5000000000,"CURRENTDEBT_DEBT":99.700177757208,"ISSUED_COMMON_SHARES":1076823200,"HK_COMMON_SHARES":1076823200,"PER_SHARES":400,"TOTAL_MARKET_CAP":260591214.4,"HKSK_MARKET_CAP":260591214.4,"PE_TTM":-23.153457863891,"PB_TTM":0.177413581594,"REPORT_DATE_SQ":"2022-12-31 00:00:00","REPORT_TYPE_SQ":"2022年年报","OPERATE_INCOME_SQ":1616602000,"DPS_HKD":null,"OPERATE_INCOME_QOQ_SQ":45.641131902089,"NET_PROFIT_RATIO_SQ":-2.8391032549,"HOLDER_PROFIT_SQ":-45897000,"HOLDER_PROFIT_QOQ_SQ":66.416911178265,"ROE_AVG_SQ":-3.537875470977,"PE_TTM_SQ":6.674179526459,"PB_TTM_SQ":0.205250566941,"ROA_SQ":-2.719598207911,"START_DATE":"2023-01-01 00:00:00","FISCAL_YEAR":"12-31","CURRENCY":"HKD","IS_CNY_CODE":0,"DPS_HKD_LY":null,"ORG_TYPE":"一般企业","PREMIUM_INCOME":null,"PREMIUM_INCOME_YOY":null,"NET_INTEREST_INCOME":null,"NET_INTEREST_INCOME_YOY":null,"FEE_COMMISSION_INCOME":null,"FEE_COMMISSION_INCOME_YOY":null,"ACCOUNTS_RECE_TDAYS":3.796714522172,"INVENTORY_TDAYS":null,"CURRENT_ASSETS_TDAYS":0.656593735628,"TOTAL_ASSETS_TDAYS":0.554997461496,"PREMIUM_EXPENSE":null,"LOAN_DEPOSIT":null,"LOAN_EQUITY":null,"LOAN_ASSETS":null,"DEPOSIT_EQUITY":null,"DEPOSIT_ASSETS":null,"EQUITY_MULTIPLIER":1.580419425593,"EQUITY_RATIO":0.580419425592},{"SECUCODE":"01753.HK","SECURITY_CODE":"01753","SECURITY_NAME_ABBR":"兑吧","ORG_CODE":"10971516","STD_REPORT_DATE":"2023-06-30 00:00:00","REPORT_DATE":"2023-06-30 00:00:00","DATE_TYPE_CODE":"002","REPORT_TYPE":"2023年中报","PER_NETCASH_OPERATE":-0.140009984926,"PER_OI":0.657854511307,"BPS":1.257752433269,"BASIC_EPS":0.021,"DILUTED_EPS":0.021,"OPERATE_INCOME":708393000,"OPERATE_INCOME_YOY":36.7525013948,"GROSS_PROFIT":166954000,"GROSS_PROFIT_YOY":73.109783916055,"HOLDER_PROFIT":22084000,"HOLDER_PROFIT_YOY":135.5677242712,"GROSS_PROFIT_RATIO":23.567991213917,"EPS_TTM":0.03554622523,"OPERATE_INCOME_QOQ":11.776677252657,"NET_PROFIT_RATIO":3.1174785747,"ROE_AVG":1.659223551898,"GROSS_PROFIT_QOQ":22.80998579835,"ROA":1.116524758547,"HOLDER_PROFIT_QOQ":183.397607686777,"ROE_YEARLY":3.318447103797,"ROIC_YEARLY":3.305211200362,"TOTAL_ASSETS":2146162000,"TOTAL_LIABILITIES":791785000,"TAX_EBT":21.920520435582,"OCF_SALES":-21.282819000188,"TOTAL_PARENT_EQUITY":1354377000,"DEBT_ASSET_RATIO":36.8930677181,"OPERATE_PROFIT":30923000,"PRETAX_PROFIT":28284000,"NETCASH_OPERATE":-150766000,"NETCASH_INVEST":-6596000,"NETCASH_FINANCE":95604000,"END_CASH":191447000,"DIVI_RATIO":null,"DIVIDEND_RATE":null,"CURRENT_RATIO":2.302207262228,"COMMON_ACS":5000000000,"CURRENTDEBT_DEBT":99.469174081348,"ISSUED_COMMON_SHARES":1076823200,"HK_COMMON_SHARES":1076823200,"PER_SHARES":400,"TOTAL_MARKET_CAP":260591214.4,"HKSK_MARKET_CAP":260591214.4,"PE_TTM":-23.153457863891,"PB_TTM":0.177413581594,"REPORT_DATE_SQ":"2022-06-30 00:00:00","REPORT_TYPE_SQ":"2022年中报","OPERATE_INCOME_SQ":518011000,"DPS_HKD":null,"OPERATE_INCOME_QOQ_SQ":-15.427786870008,"NET_PROFIT_RATIO_SQ":-11.9862319526,"HOLDER_PROFIT_SQ":-62090000,"HOLDER_PROFIT_QOQ_SQ":-1060.85109997452,"ROE_AVG_SQ":-4.876656101495,"PE_TTM_SQ":6.674179526459,"PB_TTM_SQ":0.205250566941,"ROA_SQ":-3.979915177617,"START_DATE":"2023-01-01 00:00:00","FISCAL_YEAR":"12-31","CURRENCY":"HKD","IS_CNY_CODE":0,"DPS_HKD_LY":null,"ORG_TYPE":"一般企业","PREMIUM_INCOME":null,"PREMIUM_INCOME_YOY":null,"NET_INTEREST_INCOME":null,"NET_INTEREST_INCOME_YOY":null,"FEE_COMMISSION_INCOME":null,"FEE_COMMISSION_INCOME_YOY":null,"ACCOUNTS_RECE_TDAYS":2.355417530478,"INVENTORY_TDAYS":null,"CURRENT_ASSETS_TDAYS":0.417089289725,"TOTAL_ASSETS_TDAYS":0.358149938092,"PREMIUM_EXPENSE":null,"LOAN_DEPOSIT":null,"LOAN_EQUITY":null,"LOAN_ASSETS":null,"DEPOSIT_EQUITY":null,"DEPOSIT_ASSETS":null,"EQUITY_MULTIPLIER":1.584611965502,"EQUITY_RATIO":0.584611965501},{"SECUCODE":"01753.HK","SECURITY_CODE":"01753","SECURITY_NAME_ABBR":"兑吧","ORG_CODE":"10971516","STD_REPORT_DATE":"2022-12-31 00:00:00","REPORT_DATE":"2022-12-31 00:00:00","DATE_TYPE_CODE":"001","REPORT_TYPE":"2022年年报","PER_NETCASH_OPERATE":-0.163785475647,"PER_OI":1.501269660609,"BPS":1.214304260904,"BASIC_EPS":-0.044,"DILUTED_EPS":-0.044,"OPERATE_INCOME":1616602000,"OPERATE_INCOME_YOY":23.1719284772,"GROSS_PROFIT":309119000,"GROSS_PROFIT_YOY":-16.56369353685,"HOLDER_PROFIT":-45897000,"HOLDER_PROFIT_YOY":-289.8496559925,"GROSS_PROFIT_RATIO":19.121527747708,"EPS_TTM":-0.042622595798,"OPERATE_INCOME_QOQ":45.641131902089,"NET_PROFIT_RATIO":-2.8391032549,"ROE_AVG":-3.537875470977,"GROSS_PROFIT_QOQ":24.906154411854,"ROA":-2.719598207911,"HOLDER_PROFIT_QOQ":66.416911178265,"ROE_YEARLY":-3.537875470977,"ROIC_YEARLY":-3.679315843015,"TOTAL_ASSETS":1809684000,"TOTAL_LIABILITIES":502093000,"TAX_EBT":-69.006149427404,"OCF_SALES":-10.909797216631,"TOTAL_PARENT_EQUITY":1307591000,"DEBT_ASSET_RATIO":27.7447885929,"OPERATE_PROFIT":-25738000,"PRETAX_PROFIT":-27157000,"NETCASH_OPERATE":-176368000,"NETCASH_INVEST":75057000,"NETCASH_FINANCE":118966000,"END_CASH":251478000,"DIVI_RATIO":null,"DIVIDEND_RATE":null,"CURRENT_RATIO":3.160513931963,"COMMON_ACS":5000000000,"CURRENTDEBT_DEBT":99.797846215741,"ISSUED_COMMON_SHARES":1076823200,"HK_COMMON_SHARES":1076823200,"PER_SHARES":400,"TOTAL_MARKET_CAP":260591214.4,"HKSK_MARKET_CAP":260591214.4,"PE_TTM":-23.153457863891,"PB_TTM":0.177413581594,"REPORT_DATE_SQ":"2021-12-31 00:00:00","REPORT_TYPE_SQ":"2021年年报","OPERATE_INCOME_SQ":1312476000,"DPS_HKD":null,"OPERATE_INCOME_QOQ_SQ":-0.792165423491,"NET_PROFIT_RATIO_SQ":-0.8970068786,"HOLDER_PROFIT_SQ":-11773000,"HOLDER_PROFIT_QOQ_SQ":-125.007965673259,"ROE_AVG_SQ":-0.913553107016,"PE_TTM_SQ":6.674179526459,"PB_TTM_SQ":0.205250566941,"ROA_SQ":-0.744453040746,"START_DATE":"2022-01-01 00:00:00","FISCAL_YEAR":"12-31","CURRENCY":"HKD","IS_CNY_CODE":0,"DPS_HKD_LY":null,"ORG_TYPE":"一般企业","PREMIUM_INCOME":null,"PREMIUM_INCOME_YOY":null,"NET_INTEREST_INCOME":null,"NET_INTEREST_INCOME_YOY":null,"FEE_COMMISSION_INCOME":null,"FEE_COMMISSION_INCOME_YOY":null,"ACCOUNTS_RECE_TDAYS":10.852737013118,"INVENTORY_TDAYS":null,"CURRENT_ASSETS_TDAYS":1.086787972742,"TOTAL_ASSETS_TDAYS":0.957907467178,"PREMIUM_EXPENSE":null,"LOAN_DEPOSIT":null,"LOAN_EQUITY":null,"LOAN_ASSETS":null,"DEPOSIT_EQUITY":null,"DEPOSIT_ASSETS":null,"EQUITY_MULTIPLIER":1.383983217994,"EQUITY_RATIO":0.383983217994},{"SECUCODE":"01753.HK","SECURITY_CODE":"01753","SECURITY_NAME_ABBR":"兑吧","ORG_CODE":"10971516","STD_REPORT_DATE":"2022-06-30 00:00:00","REPORT_DATE":"2022-06-30 00:00:00","DATE_TYPE_CODE":"002","REPORT_TYPE":"2022年中报","PER_NETCASH_OPERATE":-0.05502667476,"PER_OI":0.481054828685,"BPS":1.169551324674,"BASIC_EPS":-0.059,"DILUTED_EPS":-0.059,"OPERATE_INCOME":518011000,"OPERATE_INCOME_YOY":-28.1036562262,"GROSS_PROFIT":96444000,"GROSS_PROFIT_YOY":-56.05154751923,"HOLDER_PROFIT":-62090000,"HOLDER_PROFIT_YOY":-198.863129737,"GROSS_PROFIT_RATIO":18.61813745268,"EPS_TTM":-0.126916842059,"OPERATE_INCOME_QOQ":-15.427786870008,"NET_PROFIT_RATIO":-11.9862319526,"ROE_AVG":-4.876656101495,"GROSS_PROFIT_QOQ":-33.200804351053,"ROA":-3.979915177617,"HOLDER_PROFIT_QOQ":-1060.85109997452,"ROE_YEARLY":-9.75331220299,"ROIC_YEARLY":-10.498328197455,"TOTAL_ASSETS":1554573000,"TOTAL_LIABILITIES":295173000,"TAX_EBT":2.617669662322,"OCF_SALES":-11.438753231109,"TOTAL_PARENT_EQUITY":1259400000,"DEBT_ASSET_RATIO":18.9874003987,"OPERATE_PROFIT":-62922000,"PRETAX_PROFIT":-63759000,"NETCASH_OPERATE":-59254000,"NETCASH_INVEST":65640000,"NETCASH_FINANCE":-4896000,"END_CASH":232457000,"DIVI_RATIO":null,"DIVIDEND_RATE":null,"CURRENT_RATIO":4.580428051312,"COMMON_ACS":5000000000,"CURRENTDEBT_DEBT":99.565339648274,"ISSUED_COMMON_SHARES":1076823200,"HK_COMMON_SHARES":1076823200,"PER_SHARES":400,"TOTAL_MARKET_CAP":260591214.4,"HKSK_MARKET_CAP":260591214.4,"PE_TTM":-23.153457863891,"PB_TTM":0.177413581594,"REPORT_DATE_SQ":"2021-06-30 00:00:00","REPORT_TYPE_SQ":"2021年中报","OPERATE_INCOME_SQ":720497000,"DPS_HKD":null,"OPERATE_INCOME_QOQ_SQ":23.541106565452,"NET_PROFIT_RATIO_SQ":8.7167607915,"HOLDER_PROFIT_SQ":62804000,"HOLDER_PROFIT_QOQ_SQ":174.060032092628,"ROE_AVG_SQ":4.747043301918,"PE_TTM_SQ":6.674179526459,"PB_TTM_SQ":0.205250566941,"ROA_SQ":3.859816461437,"START_DATE":"2022-01-01 00:00:00","FISCAL_YEAR":"12-31","CURRENCY":"HKD","IS_CNY_CODE":0,"DPS_HKD_LY":null,"ORG_TYPE":"一般企业","PREMIUM_INCOME":null,"PREMIUM_INCOME_YOY":null,"NET_INTEREST_INCOME":null,"NET_INTEREST_INCOME_YOY":null,"FEE_COMMISSION_INCOME":null,"FEE_COMMISSION_INCOME_YOY":null,"ACCOUNTS_RECE_TDAYS":6.94738606797,"INVENTORY_TDAYS":null,"CURRENT_ASSETS_TDAYS":0.378457322354,"TOTAL_ASSETS_TDAYS":0.332040560649,"PREMIUM_EXPENSE":null,"LOAN_DEPOSIT":null,"LOAN_EQUITY":null,"LOAN_ASSETS":null,"DEPOSIT_EQUITY":null,"DEPOSIT_ASSETS":null,"EQUITY_MULTIPLIER":1.234375893283,"EQUITY_RATIO":0.234375893283},{"SECUCODE":"01753.HK","SECURITY_CODE":"01753","SECURITY_NAME_ABBR":"兑吧","ORG_CODE":"10971516","STD_REPORT_DATE":"2021-12-31 00:00:00","REPORT_DATE":"2021-12-31 00:00:00","DATE_TYPE_CODE":"001","REPORT_TYPE":"2021年年报","PER_NETCASH_OPERATE":-0.011134604084,"PER_OI":1.21884075306,"BPS":1.195198060369,"BASIC_EPS":-0.011,"DILUTED_EPS":-0.011,"OPERATE_INCOME":1312476000,"OPERATE_INCOME_YOY":22.5624566354,"GROSS_PROFIT":370485000,"GROSS_PROFIT_YOY":65.151785316275,"HOLDER_PROFIT":-11773000,"HOLDER_PROFIT_YOY":81.4790925967,"GROSS_PROFIT_RATIO":28.227944739561,"EPS_TTM":-0.010933085394,"OPERATE_INCOME_QOQ":-0.792165423491,"NET_PROFIT_RATIO":-0.8970068786,"ROE_AVG":-0.913553107016,"GROSS_PROFIT_QOQ":-1.559697625912,"ROA":-0.744453040746,"HOLDER_PROFIT_QOQ":-125.007965673259,"ROE_YEARLY":-0.913553107016,"ROIC_YEARLY":-0.840373624703,"TOTAL_ASSETS":1565594000,"TOTAL_LIABILITIES":278577000,"TAX_EBT":-10.213443175435,"OCF_SALES":-0.913540514265,"TOTAL_PARENT_EQUITY":1287017000,"DEBT_ASSET_RATIO":17.7936936396,"OPERATE_PROFIT":-9698000,"PRETAX_PROFIT":-10682000,"NETCASH_OPERATE":-11990000,"NETCASH_INVEST":111839000,"NETCASH_FINANCE":-9055000,"END_CASH":225741000,"DIVI_RATIO":null,"DIVIDEND_RATE":null,"CURRENT_RATIO":5.039644305998,"COMMON_ACS":5000000000,"CURRENTDEBT_DEBT":99.103658952462,"ISSUED_COMMON_SHARES":1076823200,"HK_COMMON_SHARES":1076823200,"PER_SHARES":400,"TOTAL_MARKET_CAP":260591214.4,"HKSK_MARKET_CAP":260591214.4,"PE_TTM":-23.153457863891,"PB_TTM":0.177413581594,"REPORT_DATE_SQ":"2020-12-31 00:00:00","REPORT_TYPE_SQ":"2020年年报","OPERATE_INCOME_SQ":1070863000,"DPS_HKD":null,"OPERATE_INCOME_QOQ_SQ":-20.069699778913,"NET_PROFIT_RATIO_SQ":-5.9359600621,"HOLDER_PROFIT_SQ":-63566000,"HOLDER_PROFIT_QOQ_SQ":-147.155786350148,"ROE_AVG_SQ":-4.79569846233,"PE_TTM_SQ":6.674179526459,"PB_TTM_SQ":0.205250566941,"ROA_SQ":-3.98093390307,"START_DATE":"2021-01-01 00:00:00","FISCAL_YEAR":"12-31","CURRENCY":"HKD","IS_CNY_CODE":0,"DPS_HKD_LY":null,"ORG_TYPE":"一般企业","PREMIUM_INCOME":null,"PREMIUM_INCOME_YOY":null,"NET_INTEREST_INCOME":null,"NET_INTEREST_INCOME_YOY":null,"FEE_COMMISSION_INCOME":null,"FEE_COMMISSION_INCOME_YOY":null,"ACCOUNTS_RECE_TDAYS":16.67197215571,"INVENTORY_TDAYS":null,"CURRENT_ASSETS_TDAYS":0.898910295331,"TOTAL_ASSETS_TDAYS":0.829930135994,"PREMIUM_EXPENSE":null,"LOAN_DEPOSIT":null,"LOAN_EQUITY":null,"LOAN_ASSETS":null,"DEPOSIT_EQUITY":null,"DEPOSIT_ASSETS":null,"EQUITY_MULTIPLIER":1.216451686341,"EQUITY_RATIO":0.216451686341},{"SECUCODE":"01753.HK","SECURITY_CODE":"01753","SECURITY_NAME_ABBR":"兑吧","ORG_CODE":"10971516","STD_REPORT_DATE":"2021-06-30 00:00:00","REPORT_DATE":"2021-06-30 00:00:00","DATE_TYPE_CODE":"002","REPORT_TYPE":"2021年中报","PER_NETCASH_OPERATE":0.017565557651,"PER_OI":0.669094982352,"BPS":1.258919755815,"BASIC_EPS":0.06,"DILUTED_EPS":0.06,"OPERATE_INCOME":720497000,"OPERATE_INCOME_YOY":53.8195660157,"GROSS_PROFIT":219448000,"GROSS_PROFIT_YOY":225.479435800839,"HOLDER_PROFIT":62804000,"HOLDER_PROFIT_YOY":231.2820084032,"GROSS_PROFIT_RATIO":30.457864501865,"EPS_TTM":0.043718411713,"OPERATE_INCOME_QOQ":23.541106565452,"NET_PROFIT_RATIO":8.7167607915,"ROE_AVG":4.747043301918,"GROSS_PROFIT_QOQ":67.768466099051,"ROA":3.859816461437,"HOLDER_PROFIT_QOQ":174.060032092628,"ROE_YEARLY":9.494086603835,"ROIC_YEARLY":8.878267688875,"TOTAL_ASSETS":1656983000,"TOTAL_LIABILITIES":301349000,"TAX_EBT":5.505318748778,"OCF_SALES":2.625271166986,"TOTAL_PARENT_EQUITY":1355634000,"DEBT_ASSET_RATIO":18.1866078288,"OPERATE_PROFIT":66966000,"PRETAX_PROFIT":66463000,"NETCASH_OPERATE":18915000,"NETCASH_INVEST":120092000,"NETCASH_FINANCE":11678000,"END_CASH":289418000,"DIVI_RATIO":null,"DIVIDEND_RATE":null,"CURRENT_RATIO":5.194063083482,"COMMON_ACS":5000000000,"CURRENTDEBT_DEBT":99.704661372694,"ISSUED_COMMON_SHARES":1076823200,"HK_COMMON_SHARES":1076823200,"PER_SHARES":400,"TOTAL_MARKET_CAP":260591214.4,"HKSK_MARKET_CAP":260591214.4,"PE_TTM":-23.153457863891,"PB_TTM":0.177413581594,"REPORT_DATE_SQ":"2020-06-30 00:00:00","REPORT_TYPE_SQ":"2020年中报","OPERATE_INCOME_SQ":468404000,"DPS_HKD":null,"OPERATE_INCOME_QOQ_SQ":-18.883700766997,"NET_PROFIT_RATIO_SQ":-10.2131920308,"HOLDER_PROFIT_SQ":-47839000,"HOLDER_PROFIT_QOQ_SQ":167.466116794459,"ROE_AVG_SQ":-3.532770938512,"PE_TTM_SQ":6.674179526459,"PB_TTM_SQ":0.205250566941,"ROA_SQ":-2.997291166546,"START_DATE":"2021-01-01 00:00:00","FISCAL_YEAR":"12-31","CURRENCY":"HKD","IS_CNY_CODE":0,"DPS_HKD_LY":null,"ORG_TYPE":"一般企业","PREMIUM_INCOME":null,"PREMIUM_INCOME_YOY":null,"NET_INTEREST_INCOME":null,"NET_INTEREST_INCOME_YOY":null,"FEE_COMMISSION_INCOME":null,"FEE_COMMISSION_INCOME_YOY":null,"ACCOUNTS_RECE_TDAYS":6.884661140441,"INVENTORY_TDAYS":null,"CURRENT_ASSETS_TDAYS":0.466430612736,"TOTAL_ASSETS_TDAYS":0.442803990354,"PREMIUM_EXPENSE":null,"LOAN_DEPOSIT":null,"LOAN_EQUITY":null,"LOAN_ASSETS":null,"DEPOSIT_EQUITY":null,"DEPOSIT_ASSETS":null,"EQUITY_MULTIPLIER":1.222293775458,"EQUITY_RATIO":0.222293775459},{"SECUCODE":"01753.HK","SECURITY_CODE":"01753","SECURITY_NAME_ABBR":"兑吧","ORG_CODE":"10971516","STD_REPORT_DATE":"2020-12-31 00:00:00","REPORT_DATE":"2020-12-31 00:00:00","DATE_TYPE_CODE":"001","REPORT_TYPE":"2020年年报","PER_NETCASH_OPERATE":0.032723698886,"PER_OI":0.994003470825,"BPS":1.198332279617,"BASIC_EPS":-0.061,"DILUTED_EPS":-0.061,"OPERATE_INCOME":1070863000,"OPERATE_INCOME_YOY":-35.1634984948,"GROSS_PROFIT":224330000,"GROSS_PROFIT_YOY":-60.470345269939,"HOLDER_PROFIT":-63566000,"HOLDER_PROFIT_YOY":68.1858221057,"GROSS_PROFIT_RATIO":20.948524694569,"EPS_TTM":-0.059003649044,"OPERATE_INCOME_QOQ":-20.069699778913,"NET_PROFIT_RATIO":-5.9359600621,"ROE_AVG":-4.79569846233,"GROSS_PROFIT_QOQ":-42.57152,"ROA":-3.98093390307,"HOLDER_PROFIT_QOQ":-147.155786350148,"ROE_YEARLY":-4.79569846233,"ROIC_YEARLY":-4.480463961961,"TOTAL_ASSETS":1597265000,"TOTAL_LIABILITIES":306873000,"TAX_EBT":9.784274765825,"OCF_SALES":3.292111129061,"TOTAL_PARENT_EQUITY":1290392000,"DEBT_ASSET_RATIO":19.2124037026,"OPERATE_PROFIT":-62191000,"PRETAX_PROFIT":-70460000,"NETCASH_OPERATE":35254000,"NETCASH_INVEST":-104581000,"NETCASH_FINANCE":-6655000,"END_CASH":135269000,"DIVI_RATIO":null,"DIVIDEND_RATE":null,"CURRENT_RATIO":5.042429119886,"COMMON_ACS":5000000000,"CURRENTDEBT_DEBT":98.799177509915,"ISSUED_COMMON_SHARES":1076823200,"HK_COMMON_SHARES":1076823200,"PER_SHARES":400,"TOTAL_MARKET_CAP":260591214.4,"HKSK_MARKET_CAP":260591214.4,"PE_TTM":-23.153457863891,"PB_TTM":0.177413581594,"REPORT_DATE_SQ":"2019-12-31 00:00:00","REPORT_TYPE_SQ":"2019年年报","OPERATE_INCOME_SQ":1651636000,"DPS_HKD":null,"OPERATE_INCOME_QOQ_SQ":14.465945806588,"NET_PROFIT_RATIO_SQ":-12.0973386388,"HOLDER_PROFIT_SQ":-199804000,"HOLDER_PROFIT_QOQ_SQ":52.17414200022,"ROE_AVG_SQ":-43.034820244915,"PE_TTM_SQ":6.674179526459,"PB_TTM_SQ":0.205250566941,"ROA_SQ":-16.060078602785,"START_DATE":"2020-01-01 00:00:00","FISCAL_YEAR":"12-31","CURRENCY":"HKD","IS_CNY_CODE":0,"DPS_HKD_LY":null,"ORG_TYPE":"一般企业","PREMIUM_INCOME":null,"PREMIUM_INCOME_YOY":null,"NET_INTEREST_INCOME":null,"NET_INTEREST_INCOME_YOY":null,"FEE_COMMISSION_INCOME":null,"FEE_COMMISSION_INCOME_YOY":null,"ACCOUNTS_RECE_TDAYS":8.937338819386,"INVENTORY_TDAYS":null,"CURRENT_ASSETS_TDAYS":0.6924024168,"TOTAL_ASSETS_TDAYS":0.670647016053,"PREMIUM_EXPENSE":null,"LOAN_DEPOSIT":null,"LOAN_EQUITY":null,"LOAN_ASSETS":null,"DEPOSIT_EQUITY":null,"DEPOSIT_ASSETS":null,"EQUITY_MULTIPLIER":1.237813780619,"EQUITY_RATIO":0.237813780619},{"SECUCODE":"01753.HK","SECURITY_CODE":"01753","SECURITY_NAME_ABBR":"兑吧","ORG_CODE":"10971516","STD_REPORT_DATE":"2020-06-30 00:00:00","REPORT_DATE":"2020-06-30 00:00:00","DATE_TYPE_CODE":"002","REPORT_TYPE":"2020年中报","PER_NETCASH_OPERATE":-0.0017933337,"PER_OI":0.434785030156,"BPS":1.251581503816,"BASIC_EPS":-0.05,"DILUTED_EPS":-0.05,"OPERATE_INCOME":468404000,"OPERATE_INCOME_YOY":-39.9708315071,"GROSS_PROFIT":67423000,"GROSS_PROFIT_YOY":-72.401103579265,"HOLDER_PROFIT":-47839000,"HOLDER_PROFIT_YOY":87.4912078401,"GROSS_PROFIT_RATIO":14.39419817081,"EPS_TTM":0.125124939294,"OPERATE_INCOME_QOQ":-18.883700766997,"NET_PROFIT_RATIO":-10.2131920308,"ROE_AVG":-3.532770938512,"GROSS_PROFIT_QOQ":-31.167158298355,"ROA":-2.997291166546,"HOLDER_PROFIT_QOQ":167.466116794459,"ROE_YEARLY":-7.065541877023,"ROIC_YEARLY":-6.691548351609,"TOTAL_ASSETS":1595892000,"TOTAL_LIABILITIES":248160000,"TAX_EBT":16.627744858836,"OCF_SALES":-0.412464453762,"TOTAL_PARENT_EQUITY":1347732000,"DEBT_ASSET_RATIO":15.549924431,"OPERATE_PROFIT":-51382000,"PRETAX_PROFIT":-57380000,"NETCASH_OPERATE":-1932000,"NETCASH_INVEST":-104077000,"NETCASH_FINANCE":-3654000,"END_CASH":111703000,"DIVI_RATIO":null,"DIVIDEND_RATE":null,"CURRENT_RATIO":6.234827906826,"COMMON_ACS":5000000000,"CURRENTDEBT_DEBT":99.246856866538,"ISSUED_COMMON_SHARES":1076823200,"HK_COMMON_SHARES":1076823200,"PER_SHARES":400,"TOTAL_MARKET_CAP":260591214.4,"HKSK_MARKET_CAP":260591214.4,"PE_TTM":-23.153457863891,"PB_TTM":0.177413581594,"REPORT_DATE_SQ":"2019-06-30 00:00:00","REPORT_TYPE_SQ":"2019年中报","OPERATE_INCOME_SQ":780294000,"DPS_HKD":null,"OPERATE_INCOME_QOQ_SQ":26.901089854991,"NET_PROFIT_RATIO_SQ":-49.0126798361,"HOLDER_PROFIT_SQ":-382443000,"HOLDER_PROFIT_QOQ_SQ":-43.278391670268,"ROE_AVG_SQ":-81.75038155864,"PE_TTM_SQ":6.674179526459,"PB_TTM_SQ":0.205250566941,"ROA_SQ":-31.117441301318,"START_DATE":"2020-01-01 00:00:00","FISCAL_YEAR":"12-31","CURRENCY":"HKD","IS_CNY_CODE":0,"DPS_HKD_LY":null,"ORG_TYPE":"一般企业","PREMIUM_INCOME":null,"PREMIUM_INCOME_YOY":null,"NET_INTEREST_INCOME":null,"NET_INTEREST_INCOME_YOY":null,"FEE_COMMISSION_INCOME":null,"FEE_COMMISSION_INCOME_YOY":null,"ACCOUNTS_RECE_TDAYS":3.601985535276,"INVENTORY_TDAYS":null,"CURRENT_ASSETS_TDAYS":0.302200125873,"TOTAL_ASSETS_TDAYS":0.293472516477,"PREMIUM_EXPENSE":null,"LOAN_DEPOSIT":null,"LOAN_EQUITY":null,"LOAN_ASSETS":null,"DEPOSIT_EQUITY":null,"DEPOSIT_ASSETS":null,"EQUITY_MULTIPLIER":1.184131563249,"EQUITY_RATIO":0.184131563248}],"count":17},"success":true,"message":"ok","code":0}