{"version":"f4f005a74d7c456a0c521d1b8552ad41","result":{"pages":3,"data":[{"SECUCODE":"01751.HK","SECURITY_CODE":"01751","SECURITY_NAME_ABBR":"景联集团","ORG_CODE":"10524133","STD_REPORT_DATE":"2024-06-30 00:00:00","REPORT_DATE":"2024-06-30 00:00:00","DATE_TYPE_CODE":"002","REPORT_TYPE":"2024年中报","PER_NETCASH_OPERATE":0.00226359127,"PER_OI":0.227098566799,"BPS":0.1252256417,"BASIC_EPS":0.03696354,"DILUTED_EPS":0.03696354,"OPERATE_INCOME":54939685.28,"OPERATE_INCOME_YOY":8.5257901094,"GROSS_PROFIT":23762536.48,"GROSS_PROFIT_YOY":36.388713627628,"HOLDER_PROFIT":8951565.44,"HOLDER_PROFIT_YOY":93.9873417722,"GROSS_PROFIT_RATIO":43.252043325138,"EPS_TTM":0.022670438657,"OPERATE_INCOME_QOQ":3.460371420685,"NET_PROFIT_RATIO":16.2934414247,"ROE_AVG":34.670720067871,"GROSS_PROFIT_QOQ":23.747324199176,"ROA":12.930869682727,"HOLDER_PROFIT_QOQ":359.179662363121,"ROE_YEARLY":69.341440135742,"ROIC_YEARLY":29.843979400108,"TOTAL_ASSETS":73229792.48,"TOTAL_LIABILITIES":42935205.24,"TAX_EBT":null,"OCF_SALES":0.996743969699,"TOTAL_PARENT_EQUITY":30294587.24,"DEBT_ASSET_RATIO":58.6307891719,"OPERATE_PROFIT":9455364.8,"PRETAX_PROFIT":8951565.44,"NETCASH_OPERATE":547608,"NETCASH_INVEST":525703.68,"NETCASH_FINANCE":-4454791.08,"END_CASH":-1345290.32,"DIVI_RATIO":null,"DIVIDEND_RATE":null,"CURRENT_RATIO":1.582348724826,"COMMON_ACS":200000000,"CURRENTDEBT_DEBT":91.93503815658,"ISSUED_COMMON_SHARES":241920000,"HK_COMMON_SHARES":241920000,"PER_SHARES":10000,"TOTAL_MARKET_CAP":123379200,"HKSK_MARKET_CAP":123379200,"PE_TTM":20.326062602965,"PB_TTM":3.717024673877,"REPORT_DATE_SQ":"2023-06-30 00:00:00","REPORT_TYPE_SQ":"2023年中报","OPERATE_INCOME_SQ":51139464.66,"DPS_HKD":null,"OPERATE_INCOME_QOQ_SQ":36.386885261206,"NET_PROFIT_RATIO_SQ":9.1153298358,"HOLDER_PROFIT_SQ":4661530.88,"HOLDER_PROFIT_QOQ_SQ":112.568065320219,"ROE_AVG_SQ":28.576273102357,"PE_TTM_SQ":99.363621123219,"PB_TTM_SQ":4.370489990045,"ROA_SQ":7.193671390359,"START_DATE":"2024-01-01 00:00:00","FISCAL_YEAR":"12-31","CURRENCY":"HKD","IS_CNY_CODE":0,"DPS_HKD_LY":null,"ORG_TYPE":"一般企业","PREMIUM_INCOME":null,"PREMIUM_INCOME_YOY":null,"NET_INTEREST_INCOME":null,"NET_INTEREST_INCOME_YOY":null,"FEE_COMMISSION_INCOME":null,"FEE_COMMISSION_INCOME_YOY":null,"ACCOUNTS_RECE_TDAYS":2.964590002462,"INVENTORY_TDAYS":null,"CURRENT_ASSETS_TDAYS":0.948491294414,"TOTAL_ASSETS_TDAYS":0.793624216376,"PREMIUM_EXPENSE":null,"LOAN_DEPOSIT":null,"LOAN_EQUITY":null,"LOAN_ASSETS":null,"DEPOSIT_EQUITY":null,"DEPOSIT_ASSETS":null,"EQUITY_MULTIPLIER":2.417256650496,"EQUITY_RATIO":1.417256650499},{"SECUCODE":"01751.HK","SECURITY_CODE":"01751","SECURITY_NAME_ABBR":"景联集团","ORG_CODE":"10524133","STD_REPORT_DATE":"2023-12-31 00:00:00","REPORT_DATE":"2023-12-31 00:00:00","DATE_TYPE_CODE":"001","REPORT_TYPE":"2023年年报","PER_NETCASH_OPERATE":0.015339661458,"PER_OI":0.453956584491,"BPS":0.087599019097,"BASIC_EPS":0.005165454,"DILUTED_EPS":0.005165454,"OPERATE_INCOME":109821176.92,"OPERATE_INCOME_YOY":60.1675874283,"GROSS_PROFIT":26697241.2,"GROSS_PROFIT_YOY":79.082571474747,"HOLDER_PROFIT":1194397.96,"HOLDER_PROFIT_YOY":114.5925597874,"GROSS_PROFIT_RATIO":24.3097387487,"EPS_TTM":0.00493716088,"OPERATE_INCOME_QOQ":19.138716390327,"NET_PROFIT_RATIO":1.0875843744,"ROE_AVG":8.329120323559,"GROSS_PROFIT_QOQ":4.944798938944,"ROA":1.992908391233,"HOLDER_PROFIT_QOQ":17.791498336749,"ROE_YEARLY":8.329120323559,"ROIC_YEARLY":2.256385674177,"TOTAL_ASSETS":64761199.86,"TOTAL_LIABILITIES":43569245.16,"TAX_EBT":null,"OCF_SALES":3.379103196739,"TOTAL_PARENT_EQUITY":21191954.7,"DEBT_ASSET_RATIO":67.2767725956,"OPERATE_PROFIT":2202114.6,"PRETAX_PROFIT":1194397.96,"NETCASH_OPERATE":3710970.9,"NETCASH_INVEST":-460359.76,"NETCASH_FINANCE":4350762.22,"END_CASH":2021776.82,"DIVI_RATIO":null,"DIVIDEND_RATE":null,"CURRENT_RATIO":1.344990917661,"COMMON_ACS":200000000,"CURRENTDEBT_DEBT":90.459253712717,"ISSUED_COMMON_SHARES":241920000,"HK_COMMON_SHARES":241920000,"PER_SHARES":10000,"TOTAL_MARKET_CAP":104025600,"HKSK_MARKET_CAP":104025600,"PE_TTM":17.13766062603,"PB_TTM":3.133961979936,"REPORT_DATE_SQ":"2022-12-31 00:00:00","REPORT_TYPE_SQ":"2022年年报","OPERATE_INCOME_SQ":67586594.74,"DPS_HKD":null,"OPERATE_INCOME_QOQ_SQ":41.793365932854,"NET_PROFIT_RATIO_SQ":-11.9373000978,"HOLDER_PROFIT_SQ":-8068014.64,"HOLDER_PROFIT_QOQ_SQ":62.577411536992,"ROE_AVG_SQ":-70.678456843259,"PE_TTM_SQ":85.168818105616,"PB_TTM_SQ":3.746134277182,"ROA_SQ":-13.35492122637,"START_DATE":"2023-01-01 00:00:00","FISCAL_YEAR":"12-31","CURRENCY":"HKD","IS_CNY_CODE":0,"DPS_HKD_LY":null,"ORG_TYPE":"一般企业","PREMIUM_INCOME":null,"PREMIUM_INCOME_YOY":null,"NET_INTEREST_INCOME":null,"NET_INTEREST_INCOME_YOY":null,"FEE_COMMISSION_INCOME":null,"FEE_COMMISSION_INCOME_YOY":null,"ACCOUNTS_RECE_TDAYS":8.765714285714,"INVENTORY_TDAYS":null,"CURRENT_ASSETS_TDAYS":2.37645236251,"TOTAL_ASSETS_TDAYS":1.832417270865,"PREMIUM_EXPENSE":null,"LOAN_DEPOSIT":null,"LOAN_EQUITY":null,"LOAN_ASSETS":null,"DEPOSIT_EQUITY":null,"DEPOSIT_ASSETS":null,"EQUITY_MULTIPLIER":3.05593329057,"EQUITY_RATIO":2.055933290571},{"SECUCODE":"01751.HK","SECURITY_CODE":"01751","SECURITY_NAME_ABBR":"景联集团","ORG_CODE":"10524133","STD_REPORT_DATE":"2023-06-30 00:00:00","REPORT_DATE":"2023-06-30 00:00:00","DATE_TYPE_CODE":"002","REPORT_TYPE":"2023年中报","PER_NETCASH_OPERATE":-0.00026677662,"PER_OI":0.211389982887,"BPS":0.103368318204,"BASIC_EPS":0.020836748,"DILUTED_EPS":0.020836748,"OPERATE_INCOME":51139464.66,"OPERATE_INCOME_YOY":78.6837188325,"GROSS_PROFIT":17422656.06,"GROSS_PROFIT_YOY":152.827602496524,"HOLDER_PROFIT":4661530.88,"HOLDER_PROFIT_YOY":197.8138905011,"GROSS_PROFIT_RATIO":34.068905835902,"EPS_TTM":0.004191440766,"OPERATE_INCOME_QOQ":36.386885261206,"NET_PROFIT_RATIO":9.1153298358,"ROE_AVG":28.576273102357,"GROSS_PROFIT_QOQ":70.644541973858,"ROA":7.193671390359,"HOLDER_PROFIT_QOQ":112.568065320219,"ROE_YEARLY":57.152546204714,"ROIC_YEARLY":16.204998357385,"TOTAL_ASSETS":73538968.76,"TOTAL_LIABILITIES":48532105.22,"TAX_EBT":null,"OCF_SALES":-0.126201164656,"TOTAL_PARENT_EQUITY":25006863.54,"DEBT_ASSET_RATIO":65.995085379,"OPERATE_PROFIT":5211952.94,"PRETAX_PROFIT":4661530.88,"NETCASH_OPERATE":-64538.6,"NETCASH_INVEST":-418578.92,"NETCASH_FINANCE":8465620.36,"END_CASH":2305871.98,"DIVI_RATIO":null,"DIVIDEND_RATE":null,"CURRENT_RATIO":1.351684232279,"COMMON_ACS":200000000,"CURRENTDEBT_DEBT":91.928038146621,"ISSUED_COMMON_SHARES":241920000,"HK_COMMON_SHARES":241920000,"PER_SHARES":10000,"TOTAL_MARKET_CAP":104025600,"HKSK_MARKET_CAP":104025600,"PE_TTM":17.13766062603,"PB_TTM":3.133961979936,"REPORT_DATE_SQ":"2022-06-30 00:00:00","REPORT_TYPE_SQ":"2022年中报","OPERATE_INCOME_SQ":26546807.98,"DPS_HKD":null,"OPERATE_INCOME_QOQ_SQ":-42.659941377429,"NET_PROFIT_RATIO_SQ":-16.6516332711,"HOLDER_PROFIT_SQ":-4420477.11,"HOLDER_PROFIT_QOQ_SQ":35.69032157711,"ROE_AVG_SQ":-35.138166615683,"PE_TTM_SQ":85.168818105616,"PB_TTM_SQ":3.746134277182,"ROA_SQ":-7.543397520559,"START_DATE":"2023-01-01 00:00:00","FISCAL_YEAR":"12-31","CURRENCY":"HKD","IS_CNY_CODE":0,"DPS_HKD_LY":null,"ORG_TYPE":"一般企业","PREMIUM_INCOME":null,"PREMIUM_INCOME_YOY":null,"NET_INTEREST_INCOME":null,"NET_INTEREST_INCOME_YOY":null,"FEE_COMMISSION_INCOME":null,"FEE_COMMISSION_INCOME_YOY":null,"ACCOUNTS_RECE_TDAYS":2.86584515229,"INVENTORY_TDAYS":null,"CURRENT_ASSETS_TDAYS":1.018658977797,"TOTAL_ASSETS_TDAYS":0.789183882534,"PREMIUM_EXPENSE":null,"LOAN_DEPOSIT":null,"LOAN_EQUITY":null,"LOAN_ASSETS":null,"DEPOSIT_EQUITY":null,"DEPOSIT_ASSETS":null,"EQUITY_MULTIPLIER":2.940751391807,"EQUITY_RATIO":1.940751391808},{"SECUCODE":"01751.HK","SECURITY_CODE":"01751","SECURITY_NAME_ABBR":"景联集团","ORG_CODE":"10524133","STD_REPORT_DATE":"2022-12-31 00:00:00","REPORT_DATE":"2022-12-31 00:00:00","DATE_TYPE_CODE":"001","REPORT_TYPE":"2022年年报","PER_NETCASH_OPERATE":0.00453059809,"PER_OI":0.083812741493,"BPS":0.030510458044,"BASIC_EPS":-0.036356089,"DILUTED_EPS":-0.036356089,"OPERATE_INCOME":67586594.74,"OPERATE_INCOME_YOY":-25.5829964691,"GROSS_PROFIT":14907783.03,"GROSS_PROFIT_YOY":231.50804047345,"HOLDER_PROFIT":-8068014.64,"HOLDER_PROFIT_YOY":77.9723434871,"GROSS_PROFIT_RATIO":22.057307499141,"EPS_TTM":-0.010004978472,"OPERATE_INCOME_QOQ":41.793365932854,"NET_PROFIT_RATIO":-11.9373000978,"ROE_AVG":-70.678456843259,"GROSS_PROFIT_QOQ":4219.46461820812,"ROA":-13.35492122637,"HOLDER_PROFIT_QOQ":62.577411536992,"ROE_YEARLY":-70.678456843259,"ROIC_YEARLY":-13.768397624982,"TOTAL_ASSETS":54316175.62,"TOTAL_LIABILITIES":46935085.61,"TAX_EBT":2.472735125796,"OCF_SALES":5.405619729851,"TOTAL_PARENT_EQUITY":7381090.01,"DEBT_ASSET_RATIO":86.4108805052,"OPERATE_PROFIT":-7496321.84,"PRETAX_PROFIT":-8272573.47,"NETCASH_OPERATE":3653474.3,"NETCASH_INVEST":103619.32,"NETCASH_FINANCE":-8082306.96,"END_CASH":-5499863.39,"DIVI_RATIO":null,"DIVIDEND_RATE":null,"CURRENT_RATIO":0.917904777984,"COMMON_ACS":200000000,"CURRENTDEBT_DEBT":90.181375254553,"ISSUED_COMMON_SHARES":241920000,"HK_COMMON_SHARES":241920000,"PER_SHARES":10000,"TOTAL_MARKET_CAP":104025600,"HKSK_MARKET_CAP":104025600,"PE_TTM":17.13766062603,"PB_TTM":3.133961979936,"REPORT_DATE_SQ":"2021-12-31 00:00:00","REPORT_TYPE_SQ":"2021年年报","OPERATE_INCOME_SQ":83127844.8,"DPS_HKD":null,"OPERATE_INCOME_QOQ_SQ":-20.541662449712,"NET_PROFIT_RATIO_SQ":-40.3283074169,"HOLDER_PROFIT_SQ":-33524052.8,"HOLDER_PROFIT_QOQ_SQ":38.834588979179,"ROE_AVG_SQ":-150.934992269749,"PE_TTM_SQ":85.168818105616,"PB_TTM_SQ":3.746134277182,"ROA_SQ":-46.774239546437,"START_DATE":"2022-01-01 00:00:00","FISCAL_YEAR":"12-31","CURRENCY":"HKD","IS_CNY_CODE":0,"DPS_HKD_LY":null,"ORG_TYPE":"一般企业","PREMIUM_INCOME":null,"PREMIUM_INCOME_YOY":null,"NET_INTEREST_INCOME":null,"NET_INTEREST_INCOME_YOY":null,"FEE_COMMISSION_INCOME":null,"FEE_COMMISSION_INCOME_YOY":null,"ACCOUNTS_RECE_TDAYS":4.827691816877,"INVENTORY_TDAYS":null,"CURRENT_ASSETS_TDAYS":1.627839931153,"TOTAL_ASSETS_TDAYS":1.118755591043,"PREMIUM_EXPENSE":null,"LOAN_DEPOSIT":null,"LOAN_EQUITY":null,"LOAN_ASSETS":null,"DEPOSIT_EQUITY":null,"DEPOSIT_ASSETS":null,"EQUITY_MULTIPLIER":7.35882851264,"EQUITY_RATIO":6.358828512647},{"SECUCODE":"01751.HK","SECURITY_CODE":"01751","SECURITY_NAME_ABBR":"景联集团","ORG_CODE":"10524133","STD_REPORT_DATE":"2022-06-30 00:00:00","REPORT_DATE":"2022-06-30 00:00:00","DATE_TYPE_CODE":"002","REPORT_TYPE":"2022年中报","PER_NETCASH_OPERATE":-0.001637417361,"PER_OI":0.032920148785,"BPS":0.042865550347,"BASIC_EPS":-0.019754889,"DILUTED_EPS":-0.019754889,"OPERATE_INCOME":26546807.98,"OPERATE_INCOME_YOY":-58.3457456087,"GROSS_PROFIT":6891121.02,"GROSS_PROFIT_YOY":268.775240529517,"HOLDER_PROFIT":-4420477.11,"HOLDER_PROFIT_YOY":73.7507617307,"GROSS_PROFIT_RATIO":25.958378970427,"EPS_TTM":-0.02673513213,"OPERATE_INCOME_QOQ":-42.659941377429,"NET_PROFIT_RATIO":-16.6516332711,"ROE_AVG":-35.138166615683,"GROSS_PROFIT_QOQ":96.807642432655,"ROA":-7.543397520559,"HOLDER_PROFIT_QOQ":35.69032157711,"ROE_YEARLY":-70.276333231365,"ROIC_YEARLY":-15.415240779261,"TOTAL_ASSETS":53528052.48,"TOTAL_LIABILITIES":43158018.54,"TAX_EBT":null,"OCF_SALES":-4.973906320469,"TOTAL_PARENT_EQUITY":10370033.94,"DEBT_ASSET_RATIO":80.6269171779,"OPERATE_PROFIT":-4052745.41,"PRETAX_PROFIT":-4420477.11,"NETCASH_OPERATE":-1320413.36,"NETCASH_INVEST":104333.18,"NETCASH_FINANCE":-3934729.19,"END_CASH":-6275384.22,"DIVI_RATIO":null,"DIVIDEND_RATE":null,"CURRENT_RATIO":0.956560566435,"COMMON_ACS":200000000,"CURRENTDEBT_DEBT":93.193437165617,"ISSUED_COMMON_SHARES":241920000,"HK_COMMON_SHARES":241920000,"PER_SHARES":10000,"TOTAL_MARKET_CAP":104025600,"HKSK_MARKET_CAP":104025600,"PE_TTM":17.13766062603,"PB_TTM":3.133961979936,"REPORT_DATE_SQ":"2021-06-30 00:00:00","REPORT_TYPE_SQ":"2021年中报","OPERATE_INCOME_SQ":62009097.84,"DPS_HKD":null,"OPERATE_INCOME_QOQ_SQ":14.19425773088,"NET_PROFIT_RATIO_SQ":-26.4240570025,"HOLDER_PROFIT_SQ":-16385319.36,"HOLDER_PROFIT_QOQ_SQ":1.435631660838,"ROE_AVG_SQ":-52.064935751679,"PE_TTM_SQ":85.168818105616,"PB_TTM_SQ":3.746134277182,"ROA_SQ":-19.785088843006,"START_DATE":"2022-01-01 00:00:00","FISCAL_YEAR":"12-31","CURRENCY":"HKD","IS_CNY_CODE":0,"DPS_HKD_LY":null,"ORG_TYPE":"一般企业","PREMIUM_INCOME":null,"PREMIUM_INCOME_YOY":null,"NET_INTEREST_INCOME":null,"NET_INTEREST_INCOME_YOY":null,"FEE_COMMISSION_INCOME":null,"FEE_COMMISSION_INCOME_YOY":null,"ACCOUNTS_RECE_TDAYS":1.891651432054,"INVENTORY_TDAYS":null,"CURRENT_ASSETS_TDAYS":0.657293497364,"TOTAL_ASSETS_TDAYS":0.453012470174,"PREMIUM_EXPENSE":null,"LOAN_DEPOSIT":null,"LOAN_EQUITY":null,"LOAN_ASSETS":null,"DEPOSIT_EQUITY":null,"DEPOSIT_ASSETS":null,"EQUITY_MULTIPLIER":5.161801088566,"EQUITY_RATIO":4.16180108857},{"SECUCODE":"01751.HK","SECURITY_CODE":"01751","SECURITY_NAME_ABBR":"景联集团","ORG_CODE":"10524133","STD_REPORT_DATE":"2021-12-31 00:00:00","REPORT_DATE":"2021-12-31 00:00:00","DATE_TYPE_CODE":"001","REPORT_TYPE":"2021年年报","PER_NETCASH_OPERATE":-0.010010125,"PER_OI":0.103085125,"BPS":0.058450694444,"BASIC_EPS":-0.04521328,"DILUTED_EPS":-0.04521328,"OPERATE_INCOME":83127844.8,"OPERATE_INCOME_YOY":-6.5951934737,"GROSS_PROFIT":-11336024,"GROSS_PROFIT_YOY":57.088791557335,"HOLDER_PROFIT":-33524052.8,"HOLDER_PROFIT_YOY":37.9400635689,"GROSS_PROFIT_RATIO":-13.636855409007,"EPS_TTM":-0.041572486111,"OPERATE_INCOME_QOQ":-20.541662449712,"NET_PROFIT_RATIO":-40.3283074169,"ROE_AVG":-150.934992269749,"GROSS_PROFIT_QOQ":61.651425134083,"ROA":-46.774239546437,"HOLDER_PROFIT_QOQ":38.834588979179,"ROE_YEARLY":-150.934992269749,"ROIC_YEARLY":-50.01616257723,"TOTAL_ASSETS":60874408,"TOTAL_LIABILITIES":46734016,"TAX_EBT":-0.242030119304,"OCF_SALES":-9.710542621935,"TOTAL_PARENT_EQUITY":14140392,"DEBT_ASSET_RATIO":76.771204083,"OPERATE_PROFIT":-32739974.4,"PRETAX_PROFIT":-33443110.4,"NETCASH_OPERATE":-8072164.8,"NETCASH_INVEST":-7666635.2,"NETCASH_FINANCE":8196440,"END_CASH":-1075144,"DIVI_RATIO":null,"DIVIDEND_RATE":null,"CURRENT_RATIO":0.950885219431,"COMMON_ACS":200000000,"CURRENTDEBT_DEBT":91.00944716585,"ISSUED_COMMON_SHARES":241920000,"HK_COMMON_SHARES":241920000,"PER_SHARES":10000,"TOTAL_MARKET_CAP":104025600,"HKSK_MARKET_CAP":104025600,"PE_TTM":17.13766062603,"PB_TTM":3.133961979936,"REPORT_DATE_SQ":"2020-12-31 00:00:00","REPORT_TYPE_SQ":"2020年年报","OPERATE_INCOME_SQ":91614197.28,"DPS_HKD":null,"OPERATE_INCOME_QOQ_SQ":-3.621663810071,"NET_PROFIT_RATIO_SQ":-60.697093301,"HOLDER_PROFIT_SQ":-55607154.8,"HOLDER_PROFIT_QOQ_SQ":-56.745720190909,"ROE_AVG_SQ":-94.288731590364,"PE_TTM_SQ":85.168818105616,"PB_TTM_SQ":3.746134277182,"ROA_SQ":-55.472993963208,"START_DATE":"2021-01-01 00:00:00","FISCAL_YEAR":"12-31","CURRENCY":"HKD","IS_CNY_CODE":0,"DPS_HKD_LY":null,"ORG_TYPE":"一般企业","PREMIUM_INCOME":null,"PREMIUM_INCOME_YOY":null,"NET_INTEREST_INCOME":null,"NET_INTEREST_INCOME_YOY":null,"FEE_COMMISSION_INCOME":null,"FEE_COMMISSION_INCOME_YOY":null,"ACCOUNTS_RECE_TDAYS":4.597467782048,"INVENTORY_TDAYS":null,"CURRENT_ASSETS_TDAYS":1.617232795438,"TOTAL_ASSETS_TDAYS":1.159836416215,"PREMIUM_EXPENSE":null,"LOAN_DEPOSIT":null,"LOAN_EQUITY":null,"LOAN_ASSETS":null,"DEPOSIT_EQUITY":null,"DEPOSIT_ASSETS":null,"EQUITY_MULTIPLIER":4.305001445504,"EQUITY_RATIO":3.305001445504},{"SECUCODE":"01751.HK","SECURITY_CODE":"01751","SECURITY_NAME_ABBR":"景联集团","ORG_CODE":"10524133","STD_REPORT_DATE":"2021-06-30 00:00:00","REPORT_DATE":"2021-06-30 00:00:00","DATE_TYPE_CODE":"002","REPORT_TYPE":"2021年中报","PER_NETCASH_OPERATE":-0.008285717262,"PER_OI":0.076896202679,"BPS":0.13278816369,"BASIC_EPS":-0.024213528,"DILUTED_EPS":-0.024213528,"OPERATE_INCOME":62009097.84,"OPERATE_INCOME_YOY":38.9084605491,"GROSS_PROFIT":-4083016.56,"GROSS_PROFIT_YOY":-334.395923371976,"HOLDER_PROFIT":-16385319.36,"HOLDER_PROFIT_YOY":-4.6778651924,"GROSS_PROFIT_RATIO":-6.584544368853,"EPS_TTM":-0.067967312599,"OPERATE_INCOME_QOQ":14.19425773088,"NET_PROFIT_RATIO":-26.4240570025,"ROE_AVG":-52.064935751679,"GROSS_PROFIT_QOQ":-11.897791750281,"ROA":-19.785088843006,"HOLDER_PROFIT_QOQ":1.435631660838,"ROE_YEARLY":-104.129871503358,"ROIC_YEARLY":-44.371838348787,"TOTAL_ASSETS":81702767.28,"TOTAL_LIABILITIES":49578654.72,"TAX_EBT":null,"OCF_SALES":-10.775196919072,"TOTAL_PARENT_EQUITY":32124112.56,"DEBT_ASSET_RATIO":60.6817325417,"OPERATE_PROFIT":-16039174.08,"PRETAX_PROFIT":-16385319.36,"NETCASH_OPERATE":-6681602.4,"NETCASH_INVEST":-3686114.4,"NETCASH_FINANCE":12669250.08,"END_CASH":8883286.08,"DIVI_RATIO":null,"DIVIDEND_RATE":null,"CURRENT_RATIO":1.340961520716,"COMMON_ACS":200000000,"CURRENTDEBT_DEBT":90.93884264232,"ISSUED_COMMON_SHARES":241920000,"HK_COMMON_SHARES":241920000,"PER_SHARES":10000,"TOTAL_MARKET_CAP":104025600,"HKSK_MARKET_CAP":104025600,"PE_TTM":17.13766062603,"PB_TTM":3.133961979936,"REPORT_DATE_SQ":"2020-06-30 00:00:00","REPORT_TYPE_SQ":"2020年中报","OPERATE_INCOME_SQ":49005142.56,"DPS_HKD":null,"OPERATE_INCOME_QOQ_SQ":5.131195143887,"NET_PROFIT_RATIO_SQ":-35.0649592723,"HOLDER_PROFIT_SQ":-17183633.28,"HOLDER_PROFIT_QOQ_SQ":-60.617693826481,"ROE_AVG_SQ":-20.076626716897,"PE_TTM_SQ":85.168818105616,"PB_TTM_SQ":3.746134277182,"ROA_SQ":-14.555076713579,"START_DATE":"2021-01-01 00:00:00","FISCAL_YEAR":"12-31","CURRENCY":"HKD","IS_CNY_CODE":0,"DPS_HKD_LY":null,"ORG_TYPE":"一般企业","PREMIUM_INCOME":null,"PREMIUM_INCOME_YOY":null,"NET_INTEREST_INCOME":null,"NET_INTEREST_INCOME_YOY":null,"FEE_COMMISSION_INCOME":null,"FEE_COMMISSION_INCOME_YOY":null,"ACCOUNTS_RECE_TDAYS":2.957027220062,"INVENTORY_TDAYS":null,"CURRENT_ASSETS_TDAYS":1.000772169662,"TOTAL_ASSETS_TDAYS":0.748752882311,"PREMIUM_EXPENSE":null,"LOAN_DEPOSIT":null,"LOAN_EQUITY":null,"LOAN_ASSETS":null,"DEPOSIT_EQUITY":null,"DEPOSIT_ASSETS":null,"EQUITY_MULTIPLIER":2.543347061415,"EQUITY_RATIO":1.543347061414},{"SECUCODE":"01751.HK","SECURITY_CODE":"01751","SECURITY_NAME_ABBR":"景联集团","ORG_CODE":"10524133","STD_REPORT_DATE":"2020-12-31 00:00:00","REPORT_DATE":"2020-12-31 00:00:00","DATE_TYPE_CODE":"001","REPORT_TYPE":"2020年年报","PER_NETCASH_OPERATE":0.000624967798,"PER_OI":0.136330650714,"BPS":0.128851771991,"BASIC_EPS":-0.082733212,"DILUTED_EPS":-0.082733212,"OPERATE_INCOME":91614197.28,"OPERATE_INCOME_YOY":7.8415249116,"GROSS_PROFIT":-26417396.32,"GROSS_PROFIT_YOY":-265.169097337384,"HOLDER_PROFIT":-55607154.8,"HOLDER_PROFIT_YOY":-167.9563612767,"GROSS_PROFIT_RATIO":-28.835483041194,"EPS_TTM":-0.082748742262,"OPERATE_INCOME_QOQ":-3.621663810071,"NET_PROFIT_RATIO":-60.697093301,"ROE_AVG":-94.288731590364,"GROSS_PROFIT_QOQ":-653.810228909518,"ROA":-55.472993963208,"HOLDER_PROFIT_QOQ":-56.745720190909,"ROE_YEARLY":-94.288731590364,"ROIC_YEARLY":-63.090247605588,"TOTAL_ASSETS":84894543.52,"TOTAL_LIABILITIES":53722722.84,"TAX_EBT":0.095262576928,"OCF_SALES":0.458420607798,"TOTAL_PARENT_EQUITY":31171820.68,"DEBT_ASSET_RATIO":63.2817147163,"OPERATE_PROFIT":-54961616.92,"PRETAX_PROFIT":-55660178.12,"NETCASH_OPERATE":419978.36,"NETCASH_INVEST":-2884300.28,"NETCASH_FINANCE":-2536702.96,"END_CASH":6657372.4,"DIVI_RATIO":null,"DIVIDEND_RATE":null,"CURRENT_RATIO":1.321602467467,"COMMON_ACS":200000000,"CURRENTDEBT_DEBT":90.412182168539,"ISSUED_COMMON_SHARES":241920000,"HK_COMMON_SHARES":241920000,"PER_SHARES":10000,"TOTAL_MARKET_CAP":104025600,"HKSK_MARKET_CAP":104025600,"PE_TTM":17.13766062603,"PB_TTM":3.133961979936,"REPORT_DATE_SQ":"2019-12-31 00:00:00","REPORT_TYPE_SQ":"2019年年报","OPERATE_INCOME_SQ":90417345.86,"DPS_HKD":null,"OPERATE_INCOME_QOQ_SQ":-9.138015932696,"NET_PROFIT_RATIO_SQ":-24.4281086222,"HOLDER_PROFIT_SQ":-22087247.46,"HOLDER_PROFIT_QOQ_SQ":-523.546392391832,"ROE_AVG_SQ":-21.35998024871,"PE_TTM_SQ":85.168818105616,"PB_TTM_SQ":3.746134277182,"ROA_SQ":-17.301579505028,"START_DATE":"2020-01-01 00:00:00","FISCAL_YEAR":"12-31","CURRENCY":"HKD","IS_CNY_CODE":0,"DPS_HKD_LY":null,"ORG_TYPE":"一般企业","PREMIUM_INCOME":null,"PREMIUM_INCOME_YOY":null,"NET_INTEREST_INCOME":null,"NET_INTEREST_INCOME_YOY":null,"FEE_COMMISSION_INCOME":null,"FEE_COMMISSION_INCOME_YOY":null,"ACCOUNTS_RECE_TDAYS":3.263047453461,"INVENTORY_TDAYS":null,"CURRENT_ASSETS_TDAYS":1.142521267719,"TOTAL_ASSETS_TDAYS":0.913931639002,"PREMIUM_EXPENSE":null,"LOAN_DEPOSIT":null,"LOAN_EQUITY":null,"LOAN_ASSETS":null,"DEPOSIT_EQUITY":null,"DEPOSIT_ASSETS":null,"EQUITY_MULTIPLIER":2.723438723441,"EQUITY_RATIO":1.723438723439},{"SECUCODE":"01751.HK","SECURITY_CODE":"01751","SECURITY_NAME_ABBR":"景联集团","ORG_CODE":"10524133","STD_REPORT_DATE":"2020-06-30 00:00:00","REPORT_DATE":"2020-06-30 00:00:00","DATE_TYPE_CODE":"002","REPORT_TYPE":"2020年中报","PER_NETCASH_OPERATE":-0.002866733571,"PER_OI":0.072924319286,"BPS":0.318280525794,"BASIC_EPS":-0.02557632,"DILUTED_EPS":-0.02557632,"OPERATE_INCOME":49005142.56,"OPERATE_INCOME_YOY":6.372558739,"GROSS_PROFIT":-939929.76,"GROSS_PROFIT_YOY":-109.139635918889,"HOLDER_PROFIT":-17183633.28,"HOLDER_PROFIT_YOY":-336.0686138155,"GROSS_PROFIT_RATIO":-1.918022703126,"EPS_TTM":-0.052791707589,"OPERATE_INCOME_QOQ":5.131195143887,"NET_PROFIT_RATIO":-35.0649592723,"ROE_AVG":-20.076626716897,"GROSS_PROFIT_QOQ":-70.175867343113,"ROA":-14.555076713579,"HOLDER_PROFIT_QOQ":-60.617693826481,"ROE_YEARLY":-40.153253433795,"ROIC_YEARLY":-32.608629707793,"TOTAL_ASSETS":110668736.64,"TOTAL_LIABILITIES":33670311.84,"TAX_EBT":null,"OCF_SALES":-3.931107755969,"TOTAL_PARENT_EQUITY":76998424.8,"DEBT_ASSET_RATIO":30.4244115025,"OPERATE_PROFIT":-16785373.44,"PRETAX_PROFIT":-17183633.28,"NETCASH_OPERATE":-1926444.96,"NETCASH_INVEST":-1615875.36,"NETCASH_FINANCE":-3817265.76,"END_CASH":8986422.72,"DIVI_RATIO":null,"DIVIDEND_RATE":null,"CURRENT_RATIO":3.215711862195,"COMMON_ACS":200000000,"CURRENTDEBT_DEBT":83.155638750983,"ISSUED_COMMON_SHARES":241920000,"HK_COMMON_SHARES":241920000,"PER_SHARES":10000,"TOTAL_MARKET_CAP":104025600,"HKSK_MARKET_CAP":104025600,"PE_TTM":17.13766062603,"PB_TTM":3.133961979936,"REPORT_DATE_SQ":"2019-06-30 00:00:00","REPORT_TYPE_SQ":"2019年中报","OPERATE_INCOME_SQ":44365652.1,"DPS_HKD":null,"OPERATE_INCOME_QOQ_SQ":-22.957475497682,"NET_PROFIT_RATIO_SQ":-8.5535838208,"HOLDER_PROFIT_SQ":-3794853.24,"HOLDER_PROFIT_QOQ_SQ":-70.511570669122,"ROE_AVG_SQ":-3.434521961356,"PE_TTM_SQ":85.168818105616,"PB_TTM_SQ":3.746134277182,"ROA_SQ":-2.893204925289,"START_DATE":"2020-01-01 00:00:00","FISCAL_YEAR":"12-31","CURRENCY":"HKD","IS_CNY_CODE":0,"DPS_HKD_LY":null,"ORG_TYPE":"一般企业","PREMIUM_INCOME":null,"PREMIUM_INCOME_YOY":null,"NET_INTEREST_INCOME":null,"NET_INTEREST_INCOME_YOY":null,"FEE_COMMISSION_INCOME":null,"FEE_COMMISSION_INCOME_YOY":null,"ACCOUNTS_RECE_TDAYS":1.204810348312,"INVENTORY_TDAYS":null,"CURRENT_ASSETS_TDAYS":0.504115690365,"TOTAL_ASSETS_TDAYS":0.415088938235,"PREMIUM_EXPENSE":null,"LOAN_DEPOSIT":null,"LOAN_EQUITY":null,"LOAN_ASSETS":null,"DEPOSIT_EQUITY":null,"DEPOSIT_ASSETS":null,"EQUITY_MULTIPLIER":1.437285722759,"EQUITY_RATIO":0.437285722759}],"count":25},"success":true,"message":"ok","code":0}