{"version":"c02a2395ea2e887b13c5c11d2044c084","result":{"pages":2,"data":[{"SECUCODE":"01752.HK","SECURITY_CODE":"01752","SECURITY_NAME_ABBR":"澳洲成峰高教","ORG_CODE":"10739160","STD_REPORT_DATE":"2023-12-31 00:00:00","REPORT_DATE":"2024-06-30 00:00:00","DATE_TYPE_CODE":"001","REPORT_TYPE":"2023年年报","PER_NETCASH_OPERATE":0.013516251887,"PER_OI":0.056797203162,"BPS":0.097232524789,"BASIC_EPS":0.003812,"DILUTED_EPS":0.00357375,"OPERATE_INCOME":138380365,"OPERATE_INCOME_YOY":8.1682061979,"GROSS_PROFIT":60787105,"GROSS_PROFIT_YOY":7.4125782186,"HOLDER_PROFIT":9134505,"HOLDER_PROFIT_YOY":72.2371967655,"GROSS_PROFIT_RATIO":43.927550704177,"EPS_TTM":0.004567662702,"OPERATE_INCOME_QOQ":12.367128263183,"NET_PROFIT_RATIO":6.5769085087,"ROE_AVG":3.903005130711,"GROSS_PROFIT_QOQ":12.611369477455,"ROA":2.495785026592,"HOLDER_PROFIT_QOQ":108.342338278302,"ROE_YEARLY":3.903005130711,"ROIC_YEARLY":5.722046444988,"TOTAL_ASSETS":368715700,"TOTAL_LIABILITIES":129903430,"TAX_EBT":29.624170965365,"OCF_SALES":23.797389897042,"TOTAL_PARENT_EQUITY":236896740,"DEBT_ASSET_RATIO":35.231325924,"OPERATE_PROFIT":7037905,"PRETAX_PROFIT":12932210,"NETCASH_OPERATE":32930915,"NETCASH_INVEST":-3845355,"NETCASH_FINANCE":-17930695,"END_CASH":210003080,"DIVI_RATIO":0.598025769086,"DIVIDEND_RATE":5.263157894737,"CURRENT_RATIO":3.268524294725,"COMMON_ACS":null,"CURRENTDEBT_DEBT":52.919815127283,"ISSUED_COMMON_SHARES":2436394000,"HK_COMMON_SHARES":2436394000,"PER_SHARES":10000,"TOTAL_MARKET_CAP":138874458,"HKSK_MARKET_CAP":138874458,"PE_TTM":13.87573168279,"PB_TTM":0.535034548956,"REPORT_DATE_SQ":"2022-12-31 00:00:00","REPORT_TYPE_SQ":"2022年年报","OPERATE_INCOME_SQ":128848921.6,"DPS_HKD":0.003,"OPERATE_INCOME_QOQ_SQ":8.376701699653,"NET_PROFIT_RATIO_SQ":4.052443385,"HOLDER_PROFIT_SQ":5341509.6,"HOLDER_PROFIT_QOQ_SQ":41.627353479856,"ROE_AVG_SQ":2.328330108258,"PE_TTM_SQ":16.400973054671,"PB_TTM_SQ":0.376252844625,"ROA_SQ":1.48180692575,"START_DATE":"2023-07-01 00:00:00","FISCAL_YEAR":"6-30","CURRENCY":"HKD","IS_CNY_CODE":0,"DPS_HKD_LY":0.002,"ORG_TYPE":"一般企业","PREMIUM_INCOME":null,"PREMIUM_INCOME_YOY":null,"NET_INTEREST_INCOME":null,"NET_INTEREST_INCOME_YOY":null,"FEE_COMMISSION_INCOME":null,"FEE_COMMISSION_INCOME_YOY":null,"ACCOUNTS_RECE_TDAYS":107.360443622921,"INVENTORY_TDAYS":null,"CURRENT_ASSETS_TDAYS":0.633039421914,"TOTAL_ASSETS_TDAYS":0.378091251733,"PREMIUM_EXPENSE":null,"LOAN_DEPOSIT":null,"LOAN_EQUITY":null,"LOAN_ASSETS":null,"DEPOSIT_EQUITY":null,"DEPOSIT_ASSETS":null,"EQUITY_MULTIPLIER":1.543956263219,"EQUITY_RATIO":0.548354654437},{"SECUCODE":"01752.HK","SECURITY_CODE":"01752","SECURITY_NAME_ABBR":"澳洲成峰高教","ORG_CODE":"10739160","STD_REPORT_DATE":"2023-06-30 00:00:00","REPORT_DATE":"2023-12-31 00:00:00","DATE_TYPE_CODE":"002","REPORT_TYPE":"2023年中报","PER_NETCASH_OPERATE":0.007991800341,"PER_OI":0.027352414265,"BPS":0.09794532395,"BASIC_EPS":0.002084812,"DILUTED_EPS":0.001987844,"OPERATE_INCOME":66641258,"OPERATE_INCOME_YOY":27.7772613182,"GROSS_PROFIT":27519518.4,"GROSS_PROFIT_YOY":35.015612827163,"HOLDER_PROFIT":5042336,"HOLDER_PROFIT_YOY":758.2278481013,"GROSS_PROFIT_RATIO":41.295016369589,"EPS_TTM":0.002195142134,"OPERATE_INCOME_QOQ":37.799702517202,"NET_PROFIT_RATIO":7.5300109131,"ROE_AVG":2.128203816442,"GROSS_PROFIT_QOQ":43.987295285586,"ROA":1.353858170339,"HOLDER_PROFIT_QOQ":252.658442759789,"ROE_YEARLY":4.256407632885,"ROIC_YEARLY":6.210531030261,"TOTAL_ASSETS":375246766.4,"TOTAL_LIABILITIES":134649764.8,"TAX_EBT":27.974947807933,"OCF_SALES":29.217897417243,"TOTAL_PARENT_EQUITY":238633399.6,"DEBT_ASSET_RATIO":35.8829913691,"OPERATE_PROFIT":8698029.6,"PRETAX_PROFIT":6967150.8,"NETCASH_OPERATE":19471174.4,"NETCASH_INVEST":-639988.8,"NETCASH_FINANCE":-7321084,"END_CASH":213843530.4,"DIVI_RATIO":1.244375003007,"DIVIDEND_RATE":4.347826086957,"CURRENT_RATIO":2.997566606352,"COMMON_ACS":null,"CURRENTDEBT_DEBT":57.709203514331,"ISSUED_COMMON_SHARES":2436394000,"HK_COMMON_SHARES":2436394000,"PER_SHARES":10000,"TOTAL_MARKET_CAP":168111186,"HKSK_MARKET_CAP":168111186,"PE_TTM":16.796938352851,"PB_TTM":0.647673401368,"REPORT_DATE_SQ":"2022-06-30 00:00:00","REPORT_TYPE_SQ":"2022年中报","OPERATE_INCOME_SQ":50706346.6,"DPS_HKD":0.003,"OPERATE_INCOME_QOQ_SQ":-10.869125963153,"NET_PROFIT_RATIO_SQ":-1.5338849122,"HOLDER_PROFIT_SQ":-744780.4,"HOLDER_PROFIT_QOQ_SQ":14.641964807242,"ROE_AVG_SQ":-0.335417307958,"PE_TTM_SQ":21.026888531629,"PB_TTM_SQ":0.482375441828,"ROA_SQ":-0.21232706431,"START_DATE":"2023-07-01 00:00:00","FISCAL_YEAR":"6-30","CURRENCY":"HKD","IS_CNY_CODE":0,"DPS_HKD_LY":0.002,"ORG_TYPE":"一般企业","PREMIUM_INCOME":null,"PREMIUM_INCOME_YOY":null,"NET_INTEREST_INCOME":null,"NET_INTEREST_INCOME_YOY":null,"FEE_COMMISSION_INCOME":null,"FEE_COMMISSION_INCOME_YOY":null,"ACCOUNTS_RECE_TDAYS":40.307917888563,"INVENTORY_TDAYS":null,"CURRENT_ASSETS_TDAYS":0.296746475528,"TOTAL_ASSETS_TDAYS":0.178930582224,"PREMIUM_EXPENSE":null,"LOAN_DEPOSIT":null,"LOAN_EQUITY":null,"LOAN_ASSETS":null,"DEPOSIT_EQUITY":null,"DEPOSIT_ASSETS":null,"EQUITY_MULTIPLIER":1.559648557151,"EQUITY_RATIO":0.564253641886},{"SECUCODE":"01752.HK","SECURITY_CODE":"01752","SECURITY_NAME_ABBR":"澳洲成峰高教","ORG_CODE":"10739160","STD_REPORT_DATE":"2022-12-31 00:00:00","REPORT_DATE":"2023-06-30 00:00:00","DATE_TYPE_CODE":"001","REPORT_TYPE":"2022年年报","PER_NETCASH_OPERATE":0.021732498812,"PER_OI":0.052951640631,"BPS":0.09556663955,"BASIC_EPS":0.002207632,"DILUTED_EPS":0.002111648,"OPERATE_INCOME":128848921.6,"OPERATE_INCOME_YOY":43.5952291812,"GROSS_PROFIT":56592166.4,"GROSS_PROFIT_YOY":61.87944364803,"HOLDER_PROFIT":5341509.6,"HOLDER_PROFIT_YOY":185.6812933025,"GROSS_PROFIT_RATIO":43.921334922527,"EPS_TTM":-0.001437943487,"OPERATE_INCOME_QOQ":8.376701699653,"NET_PROFIT_RATIO":4.052443385,"ROE_AVG":2.328330108258,"GROSS_PROFIT_QOQ":12.426199358045,"ROA":1.48180692575,"HOLDER_PROFIT_QOQ":41.627353479856,"ROE_YEARLY":2.328330108258,"ROIC_YEARLY":2.991051033297,"TOTAL_ASSETS":365886208.8,"TOTAL_LIABILITIES":131085348.8,"TAX_EBT":39.217877094972,"OCF_SALES":41.042163289631,"TOTAL_PARENT_EQUITY":232837987.2,"DEBT_ASSET_RATIO":35.8268078018,"OPERATE_PROFIT":9900749.6,"PRETAX_PROFIT":8590568,"NETCASH_OPERATE":52882384.8,"NETCASH_INVEST":-3916147.2,"NETCASH_FINANCE":-8134644,"END_CASH":200280214.4,"DIVI_RATIO":-1.899643501682,"DIVIDEND_RATE":4.347826086957,"CURRENT_RATIO":3.103409881698,"COMMON_ACS":null,"CURRENTDEBT_DEBT":52.610382953797,"ISSUED_COMMON_SHARES":2436394000,"HK_COMMON_SHARES":2436394000,"PER_SHARES":10000,"TOTAL_MARKET_CAP":168111186,"HKSK_MARKET_CAP":168111186,"PE_TTM":16.796938352851,"PB_TTM":0.647673401368,"REPORT_DATE_SQ":"2021-12-31 00:00:00","REPORT_TYPE_SQ":"2021年年报","OPERATE_INCOME_SQ":86277306.5,"DPS_HKD":0.003,"OPERATE_INCOME_QOQ_SQ":-19.714518010345,"NET_PROFIT_RATIO_SQ":-7.1027437557,"HOLDER_PROFIT_SQ":-5994235.5,"HOLDER_PROFIT_QOQ_SQ":-882.21343376017,"ROE_AVG_SQ":-2.713514303918,"PE_TTM_SQ":21.026888531629,"PB_TTM_SQ":0.482375441828,"ROA_SQ":-1.77215707942,"START_DATE":"2022-07-01 00:00:00","FISCAL_YEAR":"6-30","CURRENCY":"HKD","IS_CNY_CODE":0,"DPS_HKD_LY":null,"ORG_TYPE":"一般企业","PREMIUM_INCOME":null,"PREMIUM_INCOME_YOY":null,"NET_INTEREST_INCOME":null,"NET_INTEREST_INCOME_YOY":null,"FEE_COMMISSION_INCOME":null,"FEE_COMMISSION_INCOME_YOY":null,"ACCOUNTS_RECE_TDAYS":60.062639821029,"INVENTORY_TDAYS":null,"CURRENT_ASSETS_TDAYS":0.651547692718,"TOTAL_ASSETS_TDAYS":0.357444315746,"PREMIUM_EXPENSE":null,"LOAN_DEPOSIT":null,"LOAN_EQUITY":null,"LOAN_ASSETS":null,"DEPOSIT_EQUITY":null,"DEPOSIT_ASSETS":null,"EQUITY_MULTIPLIER":1.558283086357,"EQUITY_RATIO":0.562989529227},{"SECUCODE":"01752.HK","SECURITY_CODE":"01752","SECURITY_NAME_ABBR":"澳洲成峰高教","ORG_CODE":"10739160","STD_REPORT_DATE":"2022-06-30 00:00:00","REPORT_DATE":"2022-12-31 00:00:00","DATE_TYPE_CODE":"002","REPORT_TYPE":"2022年中报","PER_NETCASH_OPERATE":0.008376362617,"PER_OI":0.020838236048,"BPS":0.091169032431,"BASIC_EPS":-0.000329966,"DILUTED_EPS":-0.000329966,"OPERATE_INCOME":50706346.6,"OPERATE_INCOME_YOY":14.3510152014,"GROSS_PROFIT":20382471.2,"GROSS_PROFIT_YOY":27.085915375282,"HOLDER_PROFIT":-744780.4,"HOLDER_PROFIT_YOY":77.4607703281,"GROSS_PROFIT_RATIO":40.197080970531,"EPS_TTM":-0.002463385802,"OPERATE_INCOME_QOQ":-10.869125963153,"NET_PROFIT_RATIO":-1.5338849122,"ROE_AVG":-0.335417307958,"GROSS_PROFIT_QOQ":-7.335530598906,"ROA":-0.21232706431,"HOLDER_PROFIT_QOQ":14.641964807242,"ROE_YEARLY":-0.670834615915,"ROIC_YEARLY":-0.80586547657,"TOTAL_ASSETS":352799647.2,"TOTAL_LIABILITIES":128663171,"TAX_EBT":15.816326530612,"OCF_SALES":40.197080970531,"TOTAL_PARENT_EQUITY":222123683.6,"DEBT_ASSET_RATIO":36.469189247,"OPERATE_PROFIT":980470.4,"PRETAX_PROFIT":-923904.8,"NETCASH_OPERATE":20382471.2,"NETCASH_INVEST":-2470031.2,"NETCASH_FINANCE":-3342084.2,"END_CASH":171186360.8,"DIVI_RATIO":-1.10887218638,"DIVIDEND_RATE":4.347826086957,"CURRENT_RATIO":3.221096779299,"COMMON_ACS":null,"CURRENTDEBT_DEBT":46.297856750321,"ISSUED_COMMON_SHARES":2436394000,"HK_COMMON_SHARES":2436394000,"PER_SHARES":10000,"TOTAL_MARKET_CAP":168111186,"HKSK_MARKET_CAP":168111186,"PE_TTM":16.796938352851,"PB_TTM":0.647673401368,"REPORT_DATE_SQ":"2021-06-30 00:00:00","REPORT_TYPE_SQ":"2021年中报","OPERATE_INCOME_SQ":43479154,"DPS_HKD":0.003,"OPERATE_INCOME_QOQ_SQ":-16.488094656265,"NET_PROFIT_RATIO_SQ":-7.6219836292,"HOLDER_PROFIT_SQ":-3240022,"HOLDER_PROFIT_QOQ_SQ":-94.517531766625,"ROE_AVG_SQ":-1.450399842753,"PE_TTM_SQ":21.026888531629,"PB_TTM_SQ":0.482375441828,"ROA_SQ":-0.962145543386,"START_DATE":"2022-07-01 00:00:00","FISCAL_YEAR":"6-30","CURRENCY":"HKD","IS_CNY_CODE":0,"DPS_HKD_LY":null,"ORG_TYPE":"一般企业","PREMIUM_INCOME":null,"PREMIUM_INCOME_YOY":null,"NET_INTEREST_INCOME":null,"NET_INTEREST_INCOME_YOY":null,"FEE_COMMISSION_INCOME":null,"FEE_COMMISSION_INCOME_YOY":null,"ACCOUNTS_RECE_TDAYS":18.278674596432,"INVENTORY_TDAYS":null,"CURRENT_ASSETS_TDAYS":0.273986908128,"TOTAL_ASSETS_TDAYS":0.144557103214,"PREMIUM_EXPENSE":null,"LOAN_DEPOSIT":null,"LOAN_EQUITY":null,"LOAN_ASSETS":null,"DEPOSIT_EQUITY":null,"DEPOSIT_ASSETS":null,"EQUITY_MULTIPLIER":1.574039411976,"EQUITY_RATIO":0.579241118798},{"SECUCODE":"01752.HK","SECURITY_CODE":"01752","SECURITY_NAME_ABBR":"澳洲成峰高教","ORG_CODE":"10739160","STD_REPORT_DATE":"2021-12-31 00:00:00","REPORT_DATE":"2022-06-30 00:00:00","DATE_TYPE_CODE":"001","REPORT_TYPE":"2021年年报","PER_NETCASH_OPERATE":0.011091873407,"PER_OI":0.035456446757,"BPS":0.089185981619,"BASIC_EPS":-0.00249183,"DILUTED_EPS":-0.00249183,"OPERATE_INCOME":86277306.5,"OPERATE_INCOME_YOY":-24.745421614,"GROSS_PROFIT":34959452,"GROSS_PROFIT_YOY":-34.663745357689,"HOLDER_PROFIT":-5994235.5,"HOLDER_PROFIT_YOY":-802.1621621622,"GROSS_PROFIT_RATIO":40.51986949778,"EPS_TTM":-0.002885944828,"OPERATE_INCOME_QOQ":-19.714518010345,"NET_PROFIT_RATIO":-7.1027437557,"ROE_AVG":-2.713514303918,"GROSS_PROFIT_QOQ":-29.491578525631,"ROA":-1.77215707942,"HOLDER_PROFIT_QOQ":-882.21343376017,"ROE_YEARLY":-2.713514303918,"ROIC_YEARLY":-3.133782854661,"TOTAL_ASSETS":341394553.5,"TOTAL_LIABILITIES":122099670,"TAX_EBT":18.826405867971,"OCF_SALES":31.283093544419,"TOTAL_PARENT_EQUITY":217292190.5,"DEBT_ASSET_RATIO":35.7649730343,"OPERATE_PROFIT":-3963855.5,"PRETAX_PROFIT":-7549322,"NETCASH_OPERATE":26990210.5,"NETCASH_INVEST":-7960012.5,"NETCASH_FINANCE":-2307250,"END_CASH":153316762.5,"DIVI_RATIO":-0.946511511093,"DIVIDEND_RATE":4.347826086957,"CURRENT_RATIO":3.420495658466,"COMMON_ACS":null,"CURRENTDEBT_DEBT":39.663643235072,"ISSUED_COMMON_SHARES":2436394000,"HK_COMMON_SHARES":2436394000,"PER_SHARES":10000,"TOTAL_MARKET_CAP":168111186,"HKSK_MARKET_CAP":168111186,"PE_TTM":16.796938352851,"PB_TTM":0.647673401368,"REPORT_DATE_SQ":"2020-12-31 00:00:00","REPORT_TYPE_SQ":"2020年年报","OPERATE_INCOME_SQ":120567816,"DPS_HKD":0.003,"OPERATE_INCOME_QOQ_SQ":-2.525049100036,"NET_PROFIT_RATIO_SQ":0.7365667136,"HOLDER_PROFIT_SQ":897768,"HOLDER_PROFIT_QOQ_SQ":-22.722242746721,"ROE_AVG_SQ":0.371195248701,"PE_TTM_SQ":21.026888531629,"PB_TTM_SQ":0.482375441828,"ROA_SQ":0.265092352444,"START_DATE":"2021-07-01 00:00:00","FISCAL_YEAR":"6-30","CURRENCY":"HKD","IS_CNY_CODE":0,"DPS_HKD_LY":null,"ORG_TYPE":"一般企业","PREMIUM_INCOME":null,"PREMIUM_INCOME_YOY":null,"NET_INTEREST_INCOME":null,"NET_INTEREST_INCOME_YOY":null,"FEE_COMMISSION_INCOME":null,"FEE_COMMISSION_INCOME_YOY":null,"ACCOUNTS_RECE_TDAYS":39.033402922756,"INVENTORY_TDAYS":null,"CURRENT_ASSETS_TDAYS":0.527203259598,"TOTAL_ASSETS_TDAYS":0.255073294179,"PREMIUM_EXPENSE":null,"LOAN_DEPOSIT":null,"LOAN_EQUITY":null,"LOAN_ASSETS":null,"DEPOSIT_EQUITY":null,"DEPOSIT_ASSETS":null,"EQUITY_MULTIPLIER":1.556783031373,"EQUITY_RATIO":0.561914672216},{"SECUCODE":"01752.HK","SECURITY_CODE":"01752","SECURITY_NAME_ABBR":"澳洲成峰高教","ORG_CODE":"10739160","STD_REPORT_DATE":"2021-06-30 00:00:00","REPORT_DATE":"2021-12-31 00:00:00","DATE_TYPE_CODE":"002","REPORT_TYPE":"2021年中报","PER_NETCASH_OPERATE":0.003825498535,"PER_OI":0.01786815527,"BPS":0.091076237259,"BASIC_EPS":-0.00134038,"DILUTED_EPS":-0.00134038,"OPERATE_INCOME":43479154,"OPERATE_INCOME_YOY":-29.8299268984,"GROSS_PROFIT":16038340,"GROSS_PROFIT_YOY":-49.594119795668,"HOLDER_PROFIT":-3240022,"HOLDER_PROFIT_YOY":-175.1339764202,"GROSS_PROFIT_RATIO":36.887424258531,"EPS_TTM":0.000369410806,"OPERATE_INCOME_QOQ":-16.488094656265,"NET_PROFIT_RATIO":-7.6219836292,"ROE_AVG":-1.450399842753,"GROSS_PROFIT_QOQ":-23.024230772297,"ROA":-0.962145543386,"HOLDER_PROFIT_QOQ":-94.517531766625,"ROE_YEARLY":-2.900799685505,"ROIC_YEARLY":-3.295954110539,"TOTAL_ASSETS":337858956,"TOTAL_LIABILITIES":113890702,"TAX_EBT":24.28722280887,"OCF_SALES":21.409588604231,"TOTAL_PARENT_EQUITY":221897598,"DEBT_ASSET_RATIO":33.7095406167,"OPERATE_PROFIT":-2435794,"PRETAX_PROFIT":-4377034,"NETCASH_OPERATE":7399822,"NETCASH_INVEST":-3605160,"NETCASH_FINANCE":-1113902,"END_CASH":139376410,"DIVI_RATIO":7.394423644639,"DIVIDEND_RATE":4.347826086957,"CURRENT_RATIO":3.853217011996,"COMMON_ACS":null,"CURRENTDEBT_DEBT":37.214398766284,"ISSUED_COMMON_SHARES":2436394000,"HK_COMMON_SHARES":2436394000,"PER_SHARES":10000,"TOTAL_MARKET_CAP":168111186,"HKSK_MARKET_CAP":168111186,"PE_TTM":16.796938352851,"PB_TTM":0.647673401368,"REPORT_DATE_SQ":"2020-06-30 00:00:00","REPORT_TYPE_SQ":"2020年中报","OPERATE_INCOME_SQ":67248517.8,"DPS_HKD":0.003,"OPERATE_INCOME_QOQ_SQ":8.034210424686,"NET_PROFIT_RATIO_SQ":7.0640011935,"HOLDER_PROFIT_SQ":4680207.9,"HOLDER_PROFIT_QOQ_SQ":2.542873753144,"ROE_AVG_SQ":1.860381647425,"PE_TTM_SQ":21.026888531629,"PB_TTM_SQ":0.482375441828,"ROA_SQ":1.320977778407,"START_DATE":"2021-07-01 00:00:00","FISCAL_YEAR":"6-30","CURRENCY":"HKD","IS_CNY_CODE":0,"DPS_HKD_LY":null,"ORG_TYPE":"一般企业","PREMIUM_INCOME":null,"PREMIUM_INCOME_YOY":null,"NET_INTEREST_INCOME":null,"NET_INTEREST_INCOME_YOY":null,"FEE_COMMISSION_INCOME":null,"FEE_COMMISSION_INCOME_YOY":null,"ACCOUNTS_RECE_TDAYS":23.141451414514,"INVENTORY_TDAYS":69.847058823529,"CURRENT_ASSETS_TDAYS":0.274873623002,"TOTAL_ASSETS_TDAYS":0.129114167284,"PREMIUM_EXPENSE":null,"LOAN_DEPOSIT":null,"LOAN_EQUITY":null,"LOAN_ASSETS":null,"DEPOSIT_EQUITY":null,"DEPOSIT_ASSETS":null,"EQUITY_MULTIPLIER":1.508512701983,"EQUITY_RATIO":0.513257930805},{"SECUCODE":"01752.HK","SECURITY_CODE":"01752","SECURITY_NAME_ABBR":"澳洲成峰高教","ORG_CODE":"10739160","STD_REPORT_DATE":"2020-12-31 00:00:00","REPORT_DATE":"2021-06-30 00:00:00","DATE_TYPE_CODE":"001","REPORT_TYPE":"2020年年报","PER_NETCASH_OPERATE":0.013600308114,"PER_OI":0.049610872866,"BPS":0.096908846106,"BASIC_EPS":0.000388224,"DILUTED_EPS":0.000339696,"OPERATE_INCOME":120567816,"OPERATE_INCOME_YOY":-18.3804204993,"GROSS_PROFIT":53506972.8,"GROSS_PROFIT_YOY":-28.795857669401,"HOLDER_PROFIT":897768,"HOLDER_PROFIT_YOY":-95.7520091848,"GROSS_PROFIT_RATIO":44.379150734554,"EPS_TTM":0.006721775014,"OPERATE_INCOME_QOQ":-2.525049100036,"NET_PROFIT_RATIO":0.7365667136,"ROE_AVG":0.371195248701,"GROSS_PROFIT_QOQ":-7.497978851022,"ROA":0.265092352444,"HOLDER_PROFIT_QOQ":-22.722242746721,"ROE_YEARLY":0.371195248701,"ROIC_YEARLY":0.495619792643,"TOTAL_ASSETS":352400630.4,"TOTAL_LIABILITIES":114040800,"TAX_EBT":43.865030674847,"OCF_SALES":27.413966592876,"TOTAL_PARENT_EQUITY":236108131.2,"DEBT_ASSET_RATIO":32.3611225867,"OPERATE_PROFIT":5415724.8,"PRETAX_PROFIT":1582012.8,"NETCASH_OPERATE":28927540.8,"NETCASH_INVEST":-34178270.4,"NETCASH_FINANCE":-18207705.6,"END_CASH":143521560,"DIVI_RATIO":0.406377778841,"DIVIDEND_RATE":4.347826086957,"CURRENT_RATIO":4.249486652977,"COMMON_ACS":null,"CURRENTDEBT_DEBT":33.157446808511,"ISSUED_COMMON_SHARES":2436394000,"HK_COMMON_SHARES":2436394000,"PER_SHARES":10000,"TOTAL_MARKET_CAP":168111186,"HKSK_MARKET_CAP":168111186,"PE_TTM":16.796938352851,"PB_TTM":0.647673401368,"REPORT_DATE_SQ":"2019-12-31 00:00:00","REPORT_TYPE_SQ":"2019年年报","OPERATE_INCOME_SQ":148111908,"DPS_HKD":0.003,"OPERATE_INCOME_QOQ_SQ":9.413516531176,"NET_PROFIT_RATIO_SQ":14.6649145861,"HOLDER_PROFIT_SQ":21190123.5,"HOLDER_PROFIT_QOQ_SQ":3.676940175564,"ROE_AVG_SQ":8.357882413902,"PE_TTM_SQ":21.026888531629,"PB_TTM_SQ":0.482375441828,"ROA_SQ":6.903056048694,"START_DATE":"2020-07-01 00:00:00","FISCAL_YEAR":"6-30","CURRENCY":"HKD","IS_CNY_CODE":0,"DPS_HKD_LY":0.003,"ORG_TYPE":"一般企业","PREMIUM_INCOME":null,"PREMIUM_INCOME_YOY":null,"NET_INTEREST_INCOME":null,"NET_INTEREST_INCOME_YOY":null,"FEE_COMMISSION_INCOME":null,"FEE_COMMISSION_INCOME_YOY":null,"ACCOUNTS_RECE_TDAYS":78.006279434851,"INVENTORY_TDAYS":110.995983935743,"CURRENT_ASSETS_TDAYS":0.699701475724,"TOTAL_ASSETS_TDAYS":0.356011864674,"PREMIUM_EXPENSE":null,"LOAN_DEPOSIT":null,"LOAN_EQUITY":null,"LOAN_ASSETS":null,"DEPOSIT_EQUITY":null,"DEPOSIT_ASSETS":null,"EQUITY_MULTIPLIER":1.478439675883,"EQUITY_RATIO":0.483002425289},{"SECUCODE":"01752.HK","SECURITY_CODE":"01752","SECURITY_NAME_ABBR":"澳洲成峰高教","ORG_CODE":"10739160","STD_REPORT_DATE":"2020-06-30 00:00:00","REPORT_DATE":"2020-12-31 00:00:00","DATE_TYPE_CODE":"002","REPORT_TYPE":"2020年中报","PER_NETCASH_OPERATE":0.008201433779,"PER_OI":0.027604424112,"BPS":0.101458643963,"BASIC_EPS":0.001906194,"DILUTED_EPS":0.001805868,"OPERATE_INCOME":67248517.8,"OPERATE_INCOME_YOY":-7.7611118756,"GROSS_PROFIT":31818390.9,"GROSS_PROFIT_YOY":-15.044054475332,"HOLDER_PROFIT":4680207.9,"HOLDER_PROFIT_YOY":-52.0061728395,"GROSS_PROFIT_RATIO":47.314635237953,"EPS_TTM":0.008584286957,"OPERATE_INCOME_QOQ":8.034210424686,"NET_PROFIT_RATIO":7.0640011935,"ROE_AVG":1.860381647425,"GROSS_PROFIT_QOQ":6.661668995998,"ROA":1.320977778407,"HOLDER_PROFIT_QOQ":2.542873753144,"ROE_YEARLY":3.72076329485,"ROIC_YEARLY":4.906072118734,"TOTAL_ASSETS":372726138.9,"TOTAL_LIABILITIES":123130099.8,"TAX_EBT":21.345514950166,"OCF_SALES":29.710577353424,"TOTAL_PARENT_EQUITY":247193231.4,"DEBT_ASSET_RATIO":33.0350053161,"OPERATE_PROFIT":8166536.4,"PRETAX_PROFIT":6039625.2,"NETCASH_OPERATE":19979922.9,"NETCASH_INVEST":-25813879.8,"NETCASH_FINANCE":-17170794.9,"END_CASH":149636229,"DIVI_RATIO":0.318206976719,"DIVIDEND_RATE":4.347826086957,"CURRENT_RATIO":3.965001738324,"COMMON_ACS":null,"CURRENTDEBT_DEBT":35.154403976208,"ISSUED_COMMON_SHARES":2436394000,"HK_COMMON_SHARES":2436394000,"PER_SHARES":10000,"TOTAL_MARKET_CAP":168111186,"HKSK_MARKET_CAP":168111186,"PE_TTM":16.796938352851,"PB_TTM":0.647673401368,"REPORT_DATE_SQ":"2019-06-30 00:00:00","REPORT_TYPE_SQ":"2019年中报","OPERATE_INCOME_SQ":70988416.2,"DPS_HKD":0.003,"OPERATE_INCOME_QOQ_SQ":9.120312556493,"NET_PROFIT_RATIO_SQ":13.5269024357,"HOLDER_PROFIT_SQ":9495079.2,"HOLDER_PROFIT_QOQ_SQ":65.308390441292,"ROE_AVG_SQ":3.748842949707,"PE_TTM_SQ":21.026888531629,"PB_TTM_SQ":0.482375441828,"ROA_SQ":3.029523831787,"START_DATE":"2020-07-01 00:00:00","FISCAL_YEAR":"6-30","CURRENCY":"HKD","IS_CNY_CODE":0,"DPS_HKD_LY":0.003,"ORG_TYPE":"一般企业","PREMIUM_INCOME":null,"PREMIUM_INCOME_YOY":null,"NET_INTEREST_INCOME":null,"NET_INTEREST_INCOME_YOY":null,"FEE_COMMISSION_INCOME":null,"FEE_COMMISSION_INCOME_YOY":null,"ACCOUNTS_RECE_TDAYS":73.256830601093,"INVENTORY_TDAYS":43.331288343558,"CURRENT_ASSETS_TDAYS":0.37177958346,"TOTAL_ASSETS_TDAYS":0.189807375105,"PREMIUM_EXPENSE":null,"LOAN_DEPOSIT":null,"LOAN_EQUITY":null,"LOAN_ASSETS":null,"DEPOSIT_EQUITY":null,"DEPOSIT_ASSETS":null,"EQUITY_MULTIPLIER":1.493317523163,"EQUITY_RATIO":0.498112748082},{"SECUCODE":"01752.HK","SECURITY_CODE":"01752","SECURITY_NAME_ABBR":"澳洲成峰高教","ORG_CODE":"10739160","STD_REPORT_DATE":"2019-12-31 00:00:00","REPORT_DATE":"2020-06-30 00:00:00","DATE_TYPE_CODE":"001","REPORT_TYPE":"2019年年报","PER_NETCASH_OPERATE":0.018715913814,"PER_OI":0.060001307688,"BPS":0.101899560088,"BASIC_EPS":0.008563632,"DILUTED_EPS":0.008174376,"OPERATE_INCOME":148111908,"OPERATE_INCOME_YOY":16.9869331284,"GROSS_PROFIT":75145870.8,"GROSS_PROFIT_YOY":18.40560404953,"HOLDER_PROFIT":21190123.5,"HOLDER_PROFIT_YOY":5.2186518483,"GROSS_PROFIT_RATIO":50.735873850197,"EPS_TTM":0.008215814868,"OPERATE_INCOME_QOQ":9.413516531176,"NET_PROFIT_RATIO":14.6649145861,"ROE_AVG":8.357882413902,"GROSS_PROFIT_QOQ":11.010454987323,"ROA":6.903056048694,"HOLDER_PROFIT_QOQ":3.676940175564,"ROE_YEARLY":8.357882413902,"ROIC_YEARLY":17.796211919989,"TOTAL_ASSETS":325787809.2,"TOTAL_LIABILITIES":75257781.9,"TAX_EBT":29.645390070922,"OCF_SALES":31.192509855453,"TOTAL_PARENT_EQUITY":248267476.8,"DEBT_ASSET_RATIO":23.100244937,"OPERATE_PROFIT":31972514.7,"PRETAX_PROFIT":30872866.5,"NETCASH_OPERATE":46199821.5,"NETCASH_INVEST":-42156424.8,"NETCASH_FINANCE":-44676857.4,"END_CASH":167457931.2,"DIVI_RATIO":0.332478280454,"DIVIDEND_RATE":4.347826086957,"CURRENT_RATIO":4.83284457478,"COMMON_ACS":null,"CURRENTDEBT_DEBT":50.707958880197,"ISSUED_COMMON_SHARES":2436394000,"HK_COMMON_SHARES":2436394000,"PER_SHARES":10000,"TOTAL_MARKET_CAP":168111186,"HKSK_MARKET_CAP":168111186,"PE_TTM":16.796938352851,"PB_TTM":0.647673401368,"REPORT_DATE_SQ":"2018-12-31 00:00:00","REPORT_TYPE_SQ":"2018年年报","OPERATE_INCOME_SQ":125301912,"DPS_HKD":0.003,"OPERATE_INCOME_QOQ_SQ":-0.888377568155,"NET_PROFIT_RATIO_SQ":15.9069946195,"HOLDER_PROFIT_SQ":19931768.4,"HOLDER_PROFIT_QOQ_SQ":59.642462662615,"ROE_AVG_SQ":7.95006002401,"PE_TTM_SQ":21.026888531629,"PB_TTM_SQ":0.482375441828,"ROA_SQ":7.042349378116,"START_DATE":"2019-07-01 00:00:00","FISCAL_YEAR":"6-30","CURRENCY":"HKD","IS_CNY_CODE":0,"DPS_HKD_LY":0.004,"ORG_TYPE":"一般企业","PREMIUM_INCOME":null,"PREMIUM_INCOME_YOY":null,"NET_INTEREST_INCOME":null,"NET_INTEREST_INCOME_YOY":null,"FEE_COMMISSION_INCOME":null,"FEE_COMMISSION_INCOME_YOY":null,"ACCOUNTS_RECE_TDAYS":132.92576419214,"INVENTORY_TDAYS":91.439024390244,"CURRENT_ASSETS_TDAYS":0.727890099116,"TOTAL_ASSETS_TDAYS":0.482500634035,"PREMIUM_EXPENSE":null,"LOAN_DEPOSIT":null,"LOAN_EQUITY":null,"LOAN_ASSETS":null,"DEPOSIT_EQUITY":null,"DEPOSIT_ASSETS":null,"EQUITY_MULTIPLIER":1.300394258968,"EQUITY_RATIO":0.303131859517}],"count":17},"success":true,"message":"ok","code":0}