{"version":"ed8073bbd881ed1758ca1b23d6805f65","result":{"pages":3,"data":[{"SECUCODE":"01758.HK","SECURITY_CODE":"01758","SECURITY_NAME_ABBR":"博骏教育","ORG_CODE":"10582777","STD_REPORT_DATE":"2024-12-31 00:00:00","REPORT_DATE":"2024-08-31 00:00:00","DATE_TYPE_CODE":"001","REPORT_TYPE":"2024年年报","PER_NETCASH_OPERATE":0.194051087139,"PER_OI":0.475855053277,"BPS":0.219685030355,"BASIC_EPS":-0.0438,"DILUTED_EPS":null,"OPERATE_INCOME":429763000,"OPERATE_INCOME_YOY":428.5812680647,"GROSS_PROFIT":204899000,"GROSS_PROFIT_YOY":1619.0955617082,"HOLDER_PROFIT":-39566000,"HOLDER_PROFIT_YOY":-177.5089623288,"GROSS_PROFIT_RATIO":47.677208135647,"EPS_TTM":-0.043809450879,"OPERATE_INCOME_QOQ":0,"NET_PROFIT_RATIO":-9.3791229119,"ROE_AVG":-18.145962035011,"GROSS_PROFIT_QOQ":0,"ROA":-0.979466746874,"HOLDER_PROFIT_QOQ":0,"ROE_YEARLY":-18.145962035011,"ROIC_YEARLY":-1.149758967908,"TOTAL_ASSETS":4015686000,"TOTAL_LIABILITIES":3500627000,"TAX_EBT":-6.289059409857,"OCF_SALES":40.779452861228,"TOTAL_PARENT_EQUITY":198406000,"DEBT_ASSET_RATIO":87.1738228537,"OPERATE_PROFIT":69790000,"PRETAX_PROFIT":-37923000,"NETCASH_OPERATE":175255000,"NETCASH_INVEST":-385810000,"NETCASH_FINANCE":89905000,"END_CASH":225803000,"DIVI_RATIO":null,"DIVIDEND_RATE":null,"CURRENT_RATIO":0.333403238052,"COMMON_ACS":5000000000,"CURRENTDEBT_DEBT":35.143589991164,"ISSUED_COMMON_SHARES":903138460,"HK_COMMON_SHARES":903138460,"PER_SHARES":2000,"TOTAL_MARKET_CAP":171596307.4,"HKSK_MARKET_CAP":171596307.4,"PE_TTM":-3.956265064359,"PB_TTM":0.788955896175,"REPORT_DATE_SQ":"2023-12-31 00:00:00","REPORT_TYPE_SQ":"2023年年报","OPERATE_INCOME_SQ":81305000,"DPS_HKD":null,"OPERATE_INCOME_QOQ_SQ":0,"NET_PROFIT_RATIO_SQ":62.7845765943,"HOLDER_PROFIT_SQ":51047000,"HOLDER_PROFIT_QOQ_SQ":0,"ROE_AVG_SQ":24.486203216252,"PE_TTM_SQ":3.141863134011,"PB_TTM_SQ":0.674784110577,"ROA_SQ":1.951147728337,"START_DATE":"2023-09-01 00:00:00","FISCAL_YEAR":"8-31","CURRENCY":"HKD","IS_CNY_CODE":0,"DPS_HKD_LY":null,"ORG_TYPE":"一般企业","PREMIUM_INCOME":null,"PREMIUM_INCOME_YOY":null,"NET_INTEREST_INCOME":null,"NET_INTEREST_INCOME_YOY":null,"FEE_COMMISSION_INCOME":null,"FEE_COMMISSION_INCOME_YOY":null,"ACCOUNTS_RECE_TDAYS":null,"INVENTORY_TDAYS":null,"CURRENT_ASSETS_TDAYS":0.813854904334,"TOTAL_ASSETS_TDAYS":0.106388962123,"PREMIUM_EXPENSE":null,"LOAN_DEPOSIT":null,"LOAN_EQUITY":null,"LOAN_ASSETS":null,"DEPOSIT_EQUITY":null,"DEPOSIT_ASSETS":null,"EQUITY_MULTIPLIER":7.796555346099,"EQUITY_RATIO":17.643755733194},{"SECUCODE":"01758.HK","SECURITY_CODE":"01758","SECURITY_NAME_ABBR":"博骏教育","ORG_CODE":"10582777","STD_REPORT_DATE":"2024-06-30 00:00:00","REPORT_DATE":"2024-02-29 00:00:00","DATE_TYPE_CODE":"002","REPORT_TYPE":"2024年中报","PER_NETCASH_OPERATE":-0.081025228402,"PER_OI":0.251877214929,"BPS":0.269630860367,"BASIC_EPS":0.0066,"DILUTED_EPS":0.0066,"OPERATE_INCOME":227480000,"OPERATE_INCOME_YOY":444.8753263551,"GROSS_PROFIT":106721000,"GROSS_PROFIT_YOY":1245.44881492688,"HOLDER_PROFIT":5834000,"HOLDER_PROFIT_YOY":175.1320025757,"GROSS_PROFIT_RATIO":46.914454017936,"EPS_TTM":0.071579279217,"OPERATE_INCOME_QOQ":0,"NET_PROFIT_RATIO":1.7153156321,"ROE_AVG":2.424801639256,"GROSS_PROFIT_QOQ":0,"ROA":0.145102793167,"HOLDER_PROFIT_QOQ":0,"ROE_YEARLY":4.849603278511,"ROIC_YEARLY":0.338205349314,"TOTAL_ASSETS":3977792000,"TOTAL_LIABILITIES":3418815000,"TAX_EBT":45.715080690039,"OCF_SALES":-32.168542289432,"TOTAL_PARENT_EQUITY":243514000,"DEBT_ASSET_RATIO":85.94755583,"OPERATE_PROFIT":52068000,"PRETAX_PROFIT":7188000,"NETCASH_OPERATE":-73177000,"NETCASH_INVEST":-137641000,"NETCASH_FINANCE":35649000,"END_CASH":171635000,"DIVI_RATIO":null,"DIVIDEND_RATE":null,"CURRENT_RATIO":0.339068672471,"COMMON_ACS":5000000000,"CURRENTDEBT_DEBT":36.466290220442,"ISSUED_COMMON_SHARES":903138460,"HK_COMMON_SHARES":903138460,"PER_SHARES":2000,"TOTAL_MARKET_CAP":162564922.8,"HKSK_MARKET_CAP":162564922.8,"PE_TTM":-3.748040587287,"PB_TTM":0.747431901639,"REPORT_DATE_SQ":"2023-06-30 00:00:00","REPORT_TYPE_SQ":"2023年中报","OPERATE_INCOME_SQ":41749000,"DPS_HKD":null,"OPERATE_INCOME_QOQ_SQ":0,"NET_PROFIT_RATIO_SQ":-18.5992478862,"HOLDER_PROFIT_SQ":-7765000,"HOLDER_PROFIT_QOQ_SQ":0,"ROE_AVG_SQ":-4.427465682152,"PE_TTM_SQ":-88.796472794091,"PB_TTM_SQ":0.695653722244,"ROA_SQ":-0.697247689946,"START_DATE":"2023-09-01 00:00:00","FISCAL_YEAR":"8-31","CURRENCY":"HKD","IS_CNY_CODE":0,"DPS_HKD_LY":null,"ORG_TYPE":"一般企业","PREMIUM_INCOME":null,"PREMIUM_INCOME_YOY":null,"NET_INTEREST_INCOME":null,"NET_INTEREST_INCOME_YOY":null,"FEE_COMMISSION_INCOME":null,"FEE_COMMISSION_INCOME_YOY":null,"ACCOUNTS_RECE_TDAYS":null,"INVENTORY_TDAYS":null,"CURRENT_ASSETS_TDAYS":0.425725036049,"TOTAL_ASSETS_TDAYS":0.056578648251,"PREMIUM_EXPENSE":null,"LOAN_DEPOSIT":null,"LOAN_EQUITY":null,"LOAN_ASSETS":null,"DEPOSIT_EQUITY":null,"DEPOSIT_ASSETS":null,"EQUITY_MULTIPLIER":7.1161997721,"EQUITY_RATIO":14.039500808988},{"SECUCODE":"01758.HK","SECURITY_CODE":"01758","SECURITY_NAME_ABBR":"博骏教育","ORG_CODE":"10582777","STD_REPORT_DATE":"2023-12-31 00:00:00","REPORT_DATE":"2023-08-31 00:00:00","DATE_TYPE_CODE":"001","REPORT_TYPE":"2023年年报","PER_NETCASH_OPERATE":0.015960216875,"PER_OI":0.098928522758,"BPS":0.263171164253,"BASIC_EPS":0.0621,"DILUTED_EPS":null,"OPERATE_INCOME":81305000,"OPERATE_INCOME_YOY":141.950363052,"GROSS_PROFIT":11919000,"GROSS_PROFIT_YOY":-28.909698198736,"HOLDER_PROFIT":51047000,"HOLDER_PROFIT_YOY":642.8799319366,"GROSS_PROFIT_RATIO":14.659615029826,"EPS_TTM":0.056521787368,"OPERATE_INCOME_QOQ":0,"NET_PROFIT_RATIO":62.7845765943,"ROE_AVG":24.486203216252,"GROSS_PROFIT_QOQ":0,"ROA":1.951147728337,"HOLDER_PROFIT_QOQ":0,"ROE_YEARLY":24.486203216252,"ROIC_YEARLY":2.308100983657,"TOTAL_ASSETS":4063404000,"TOTAL_LIABILITIES":3518129000,"TAX_EBT":3.524720290293,"OCF_SALES":16.133079146424,"TOTAL_PARENT_EQUITY":237680000,"DEBT_ASSET_RATIO":86.5808322283,"OPERATE_PROFIT":68951000,"PRETAX_PROFIT":52912000,"NETCASH_OPERATE":13117000,"NETCASH_INVEST":346542000,"NETCASH_FINANCE":-168539000,"END_CASH":346553000,"DIVI_RATIO":null,"DIVIDEND_RATE":null,"CURRENT_RATIO":0.404118454844,"COMMON_ACS":5000000000,"CURRENTDEBT_DEBT":45.433666588121,"ISSUED_COMMON_SHARES":903138460,"HK_COMMON_SHARES":903138460,"PER_SHARES":2000,"TOTAL_MARKET_CAP":120117415.18,"HKSK_MARKET_CAP":120117415.18,"PE_TTM":-2.769385545051,"PB_TTM":0.552269127322,"REPORT_DATE_SQ":"2022-12-31 00:00:00","REPORT_TYPE_SQ":"2022年年报","OPERATE_INCOME_SQ":33604000,"DPS_HKD":null,"OPERATE_INCOME_QOQ_SQ":0,"NET_PROFIT_RATIO_SQ":-27.9817878824,"HOLDER_PROFIT_SQ":-9403000,"HOLDER_PROFIT_QOQ_SQ":0,"ROE_AVG_SQ":-7.142721496151,"PE_TTM_SQ":3.400985866713,"PB_TTM_SQ":0.730436408356,"ROA_SQ":-0.795224424883,"START_DATE":"2022-09-01 00:00:00","FISCAL_YEAR":"8-31","CURRENCY":"HKD","IS_CNY_CODE":0,"DPS_HKD_LY":null,"ORG_TYPE":"一般企业","PREMIUM_INCOME":null,"PREMIUM_INCOME_YOY":null,"NET_INTEREST_INCOME":null,"NET_INTEREST_INCOME_YOY":null,"FEE_COMMISSION_INCOME":null,"FEE_COMMISSION_INCOME_YOY":null,"ACCOUNTS_RECE_TDAYS":null,"INVENTORY_TDAYS":null,"CURRENT_ASSETS_TDAYS":0.173361350899,"TOTAL_ASSETS_TDAYS":0.031076863685,"PREMIUM_EXPENSE":null,"LOAN_DEPOSIT":null,"LOAN_EQUITY":null,"LOAN_ASSETS":null,"DEPOSIT_EQUITY":null,"DEPOSIT_ASSETS":null,"EQUITY_MULTIPLIER":7.452026958847,"EQUITY_RATIO":14.801956411982},{"SECUCODE":"01758.HK","SECURITY_CODE":"01758","SECURITY_NAME_ABBR":"博骏教育","ORG_CODE":"10582777","STD_REPORT_DATE":"2023-06-30 00:00:00","REPORT_DATE":"2023-02-28 00:00:00","DATE_TYPE_CODE":"002","REPORT_TYPE":"2023年中报","PER_NETCASH_OPERATE":-0.008327492894,"PER_OI":0.050798436709,"BPS":0.189893363638,"BASIC_EPS":-0.0094,"DILUTED_EPS":null,"OPERATE_INCOME":41749000,"OPERATE_INCOME_YOY":599.3132328308,"GROSS_PROFIT":7932000,"GROSS_PROFIT_YOY":173.23458491216,"HOLDER_PROFIT":-7765000,"HOLDER_PROFIT_YOY":44.987601842,"GROSS_PROFIT_RATIO":18.999257467245,"EPS_TTM":-0.003714762683,"OPERATE_INCOME_QOQ":0,"NET_PROFIT_RATIO":-18.5992478862,"ROE_AVG":-4.427465682152,"GROSS_PROFIT_QOQ":0,"ROA":-0.697247689946,"HOLDER_PROFIT_QOQ":0,"ROE_YEARLY":-8.854931364304,"ROIC_YEARLY":-1.524837022611,"TOTAL_ASSETS":1058223000,"TOTAL_LIABILITIES":886723000,"TAX_EBT":-2.575957727873,"OCF_SALES":-16.393207022923,"TOTAL_PARENT_EQUITY":171500000,"DEBT_ASSET_RATIO":83.79358604,"OPERATE_PROFIT":-2530000,"PRETAX_PROFIT":-7570000,"NETCASH_OPERATE":-6844000,"NETCASH_INVEST":-3748000,"NETCASH_FINANCE":-109162000,"END_CASH":35318000,"DIVI_RATIO":null,"DIVIDEND_RATE":null,"CURRENT_RATIO":1.486009243444,"COMMON_ACS":5000000000,"CURRENTDEBT_DEBT":13.469369803197,"ISSUED_COMMON_SHARES":903138460,"HK_COMMON_SHARES":903138460,"PER_SHARES":2000,"TOTAL_MARKET_CAP":162564922.8,"HKSK_MARKET_CAP":162564922.8,"PE_TTM":-3.748040587287,"PB_TTM":0.747431901639,"REPORT_DATE_SQ":"2022-06-30 00:00:00","REPORT_TYPE_SQ":"2022年中报","OPERATE_INCOME_SQ":5970000,"DPS_HKD":null,"OPERATE_INCOME_QOQ_SQ":0,"NET_PROFIT_RATIO_SQ":-236.432160804,"HOLDER_PROFIT_SQ":-14115000,"HOLDER_PROFIT_QOQ_SQ":0,"ROE_AVG_SQ":-18.339147551207,"PE_TTM_SQ":-88.796472794091,"PB_TTM_SQ":0.695653722244,"ROA_SQ":-1.201751671193,"START_DATE":"2022-09-01 00:00:00","FISCAL_YEAR":"8-31","CURRENCY":"HKD","IS_CNY_CODE":0,"DPS_HKD_LY":null,"ORG_TYPE":"一般企业","PREMIUM_INCOME":null,"PREMIUM_INCOME_YOY":null,"NET_INTEREST_INCOME":null,"NET_INTEREST_INCOME_YOY":null,"FEE_COMMISSION_INCOME":null,"FEE_COMMISSION_INCOME_YOY":null,"ACCOUNTS_RECE_TDAYS":null,"INVENTORY_TDAYS":null,"CURRENT_ASSETS_TDAYS":0.177838076151,"TOTAL_ASSETS_TDAYS":0.037487950815,"PREMIUM_EXPENSE":null,"LOAN_DEPOSIT":null,"LOAN_EQUITY":null,"LOAN_ASSETS":null,"DEPOSIT_EQUITY":null,"DEPOSIT_ASSETS":null,"EQUITY_MULTIPLIER":6.17039650146,"EQUITY_RATIO":5.170396501458},{"SECUCODE":"01758.HK","SECURITY_CODE":"01758","SECURITY_NAME_ABBR":"博骏教育","ORG_CODE":"10582777","STD_REPORT_DATE":"2022-12-31 00:00:00","REPORT_DATE":"2022-08-31 00:00:00","DATE_TYPE_CODE":"001","REPORT_TYPE":"2022年年报","PER_NETCASH_OPERATE":0.031459282405,"PER_OI":0.04088794144,"BPS":0.198491159373,"BASIC_EPS":-0.0114,"DILUTED_EPS":null,"OPERATE_INCOME":33604000,"OPERATE_INCOME_YOY":null,"GROSS_PROFIT":16766000,"GROSS_PROFIT_YOY":170.745601080214,"HOLDER_PROFIT":-9403000,"HOLDER_PROFIT_YOY":98.7671446609,"GROSS_PROFIT_RATIO":49.892869896441,"EPS_TTM":-0.011441177043,"OPERATE_INCOME_QOQ":0,"NET_PROFIT_RATIO":-27.9817878824,"ROE_AVG":-7.142721496151,"GROSS_PROFIT_QOQ":0,"ROA":-0.795224424883,"HOLDER_PROFIT_QOQ":0,"ROE_YEARLY":-7.142721496151,"ROIC_YEARLY":-0.888508401049,"TOTAL_ASSETS":1169106000,"TOTAL_LIABILITIES":989841000,"TAX_EBT":-28.614416632472,"OCF_SALES":76.940245208904,"TOTAL_PARENT_EQUITY":179265000,"DEBT_ASSET_RATIO":84.6664887529,"OPERATE_PROFIT":-1559000,"PRETAX_PROFIT":-7311000,"NETCASH_OPERATE":25855000,"NETCASH_INVEST":-53745000,"NETCASH_FINANCE":89446000,"END_CASH":155072000,"DIVI_RATIO":null,"DIVIDEND_RATE":null,"CURRENT_RATIO":2.524804177546,"COMMON_ACS":5000000000,"CURRENTDEBT_DEBT":11.685311075213,"ISSUED_COMMON_SHARES":903138460,"HK_COMMON_SHARES":903138460,"PER_SHARES":2000,"TOTAL_MARKET_CAP":162564922.8,"HKSK_MARKET_CAP":162564922.8,"PE_TTM":-3.748040587287,"PB_TTM":0.747431901639,"REPORT_DATE_SQ":"2021-12-31 00:00:00","REPORT_TYPE_SQ":"2021年年报","OPERATE_INCOME_SQ":null,"DPS_HKD":null,"OPERATE_INCOME_QOQ_SQ":null,"NET_PROFIT_RATIO_SQ":null,"HOLDER_PROFIT_SQ":-762701000,"HOLDER_PROFIT_QOQ_SQ":0,"ROE_AVG_SQ":-163.83445588537,"PE_TTM_SQ":-88.796472794091,"PB_TTM_SQ":0.695653722244,"ROA_SQ":-44.836254123114,"START_DATE":"2021-09-01 00:00:00","FISCAL_YEAR":"8-31","CURRENCY":"HKD","IS_CNY_CODE":0,"DPS_HKD_LY":null,"ORG_TYPE":"一般企业","PREMIUM_INCOME":null,"PREMIUM_INCOME_YOY":null,"NET_INTEREST_INCOME":null,"NET_INTEREST_INCOME_YOY":null,"FEE_COMMISSION_INCOME":null,"FEE_COMMISSION_INCOME_YOY":null,"ACCOUNTS_RECE_TDAYS":null,"INVENTORY_TDAYS":null,"CURRENT_ASSETS_TDAYS":0.11182546655,"TOTAL_ASSETS_TDAYS":0.028419357199,"PREMIUM_EXPENSE":null,"LOAN_DEPOSIT":null,"LOAN_EQUITY":null,"LOAN_ASSETS":null,"DEPOSIT_EQUITY":null,"DEPOSIT_ASSETS":null,"EQUITY_MULTIPLIER":6.521663459106,"EQUITY_RATIO":5.521663459125},{"SECUCODE":"01758.HK","SECURITY_CODE":"01758","SECURITY_NAME_ABBR":"博骏教育","ORG_CODE":"10582777","STD_REPORT_DATE":"2022-06-30 00:00:00","REPORT_DATE":"2022-02-28 00:00:00","DATE_TYPE_CODE":"002","REPORT_TYPE":"2022年中报","PER_NETCASH_OPERATE":0.109924366312,"PER_OI":0.007264046256,"BPS":0.077406735618,"BASIC_EPS":-0.0171,"DILUTED_EPS":null,"OPERATE_INCOME":5970000,"OPERATE_INCOME_YOY":null,"GROSS_PROFIT":2903000,"GROSS_PROFIT_YOY":127.803850205919,"HOLDER_PROFIT":-14115000,"HOLDER_PROFIT_YOY":-407.7845617096,"GROSS_PROFIT_RATIO":48.626465661642,"EPS_TTM":-0.950777265117,"OPERATE_INCOME_QOQ":0,"NET_PROFIT_RATIO":-236.432160804,"ROE_AVG":-18.339147551207,"GROSS_PROFIT_QOQ":0,"ROA":-1.201751671193,"HOLDER_PROFIT_QOQ":0,"ROE_YEARLY":-36.678295102415,"ROIC_YEARLY":-2.568079580447,"TOTAL_ASSETS":1153310000,"TOTAL_LIABILITIES":1083401000,"TAX_EBT":-1.379013143719,"OCF_SALES":1513.26633165829,"TOTAL_PARENT_EQUITY":69909000,"DEBT_ASSET_RATIO":93.9384033781,"OPERATE_PROFIT":-12683000,"PRETAX_PROFIT":-13923000,"NETCASH_OPERATE":90342000,"NETCASH_INVEST":-105556000,"NETCASH_FINANCE":-20673000,"END_CASH":57327000,"DIVI_RATIO":null,"DIVIDEND_RATE":null,"CURRENT_RATIO":1.258361814233,"COMMON_ACS":5000000000,"CURRENTDEBT_DEBT":20.741350617177,"ISSUED_COMMON_SHARES":903138460,"HK_COMMON_SHARES":903138460,"PER_SHARES":2000,"TOTAL_MARKET_CAP":162564922.8,"HKSK_MARKET_CAP":162564922.8,"PE_TTM":-3.748040587287,"PB_TTM":0.747431901639,"REPORT_DATE_SQ":"2021-06-30 00:00:00","REPORT_TYPE_SQ":"2021年中报","OPERATE_INCOME_SQ":null,"DPS_HKD":null,"OPERATE_INCOME_QOQ_SQ":0,"NET_PROFIT_RATIO_SQ":2.6086734303,"HOLDER_PROFIT_SQ":4586000,"HOLDER_PROFIT_QOQ_SQ":0,"ROE_AVG_SQ":0.53995375189,"PE_TTM_SQ":-88.796472794091,"PB_TTM_SQ":0.695653722244,"ROA_SQ":0.211484981039,"START_DATE":"2021-09-01 00:00:00","FISCAL_YEAR":"8-31","CURRENCY":"HKD","IS_CNY_CODE":0,"DPS_HKD_LY":null,"ORG_TYPE":"一般企业","PREMIUM_INCOME":null,"PREMIUM_INCOME_YOY":null,"NET_INTEREST_INCOME":null,"NET_INTEREST_INCOME_YOY":null,"FEE_COMMISSION_INCOME":null,"FEE_COMMISSION_INCOME_YOY":null,"ACCOUNTS_RECE_TDAYS":null,"INVENTORY_TDAYS":null,"CURRENT_ASSETS_TDAYS":0.020177678485,"TOTAL_ASSETS_TDAYS":0.005082860416,"PREMIUM_EXPENSE":null,"LOAN_DEPOSIT":null,"LOAN_EQUITY":null,"LOAN_ASSETS":null,"DEPOSIT_EQUITY":null,"DEPOSIT_ASSETS":null,"EQUITY_MULTIPLIER":16.497303637578,"EQUITY_RATIO":15.497303637586},{"SECUCODE":"01758.HK","SECURITY_CODE":"01758","SECURITY_NAME_ABBR":"博骏教育","ORG_CODE":"10582777","STD_REPORT_DATE":"2021-12-31 00:00:00","REPORT_DATE":"2021-08-31 00:00:00","DATE_TYPE_CODE":"001","REPORT_TYPE":"2021年年报","PER_NETCASH_OPERATE":0.155356899506,"PER_OI":null,"BPS":0.093035568433,"BASIC_EPS":-0.9281,"DILUTED_EPS":null,"OPERATE_INCOME":null,"OPERATE_INCOME_YOY":null,"GROSS_PROFIT":-23699000,"GROSS_PROFIT_YOY":-122.697800040226,"HOLDER_PROFIT":-762701000,"HOLDER_PROFIT_YOY":-8987.2174318341,"GROSS_PROFIT_RATIO":null,"EPS_TTM":-0.928022670638,"OPERATE_INCOME_QOQ":null,"NET_PROFIT_RATIO":null,"ROE_AVG":-163.83445588537,"GROSS_PROFIT_QOQ":0,"ROA":-44.836254123114,"HOLDER_PROFIT_QOQ":0,"ROE_YEARLY":-163.83445588537,"ROIC_YEARLY":-53.078045920418,"TOTAL_ASSETS":1195761000,"TOTAL_LIABILITIES":1111737000,"TAX_EBT":0.180273679567,"OCF_SALES":null,"TOTAL_PARENT_EQUITY":84024000,"DEBT_ASSET_RATIO":92.9731777504,"OPERATE_PROFIT":-624844000,"PRETAX_PROFIT":-630153000,"NETCASH_OPERATE":127681000,"NETCASH_INVEST":-472406000,"NETCASH_FINANCE":20835000,"END_CASH":93214000,"DIVI_RATIO":null,"DIVIDEND_RATE":null,"CURRENT_RATIO":1.357524791192,"COMMON_ACS":5000000000,"CURRENTDEBT_DEBT":20.472557808187,"ISSUED_COMMON_SHARES":903138460,"HK_COMMON_SHARES":903138460,"PER_SHARES":2000,"TOTAL_MARKET_CAP":162564922.8,"HKSK_MARKET_CAP":162564922.8,"PE_TTM":-3.748040587287,"PB_TTM":0.747431901639,"REPORT_DATE_SQ":"2020-12-31 00:00:00","REPORT_TYPE_SQ":"2020年年报","OPERATE_INCOME_SQ":375740000,"DPS_HKD":null,"OPERATE_INCOME_QOQ_SQ":0,"NET_PROFIT_RATIO_SQ":4.0565284505,"HOLDER_PROFIT_SQ":8582000,"HOLDER_PROFIT_QOQ_SQ":0,"ROE_AVG_SQ":1.018648314696,"PE_TTM_SQ":-88.796472794091,"PB_TTM_SQ":0.695653722244,"ROA_SQ":0.427521696776,"START_DATE":"2020-09-01 00:00:00","FISCAL_YEAR":"8-31","CURRENCY":"HKD","IS_CNY_CODE":0,"DPS_HKD_LY":null,"ORG_TYPE":"一般企业","PREMIUM_INCOME":null,"PREMIUM_INCOME_YOY":null,"NET_INTEREST_INCOME":null,"NET_INTEREST_INCOME_YOY":null,"FEE_COMMISSION_INCOME":null,"FEE_COMMISSION_INCOME_YOY":null,"ACCOUNTS_RECE_TDAYS":null,"INVENTORY_TDAYS":null,"CURRENT_ASSETS_TDAYS":null,"TOTAL_ASSETS_TDAYS":null,"PREMIUM_EXPENSE":null,"LOAN_DEPOSIT":null,"LOAN_EQUITY":null,"LOAN_ASSETS":null,"DEPOSIT_EQUITY":null,"DEPOSIT_ASSETS":null,"EQUITY_MULTIPLIER":14.231183947437,"EQUITY_RATIO":13.231183947444},{"SECUCODE":"01758.HK","SECURITY_CODE":"01758","SECURITY_NAME_ABBR":"博骏教育","ORG_CODE":"10582777","STD_REPORT_DATE":"2021-06-30 00:00:00","REPORT_DATE":"2021-02-28 00:00:00","DATE_TYPE_CODE":"002","REPORT_TYPE":"2021年中报","PER_NETCASH_OPERATE":-0.151235739594,"PER_OI":null,"BPS":0.942961724828,"BASIC_EPS":0.0056,"DILUTED_EPS":null,"OPERATE_INCOME":null,"OPERATE_INCOME_YOY":-1.1598830013,"GROSS_PROFIT":-10441000,"GROSS_PROFIT_YOY":-123.768980353769,"HOLDER_PROFIT":4586000,"HOLDER_PROFIT_YOY":-41.0464069932,"GROSS_PROFIT_RATIO":21.335002938846,"EPS_TTM":0.006557109761,"OPERATE_INCOME_QOQ":0,"NET_PROFIT_RATIO":2.6086734303,"ROE_AVG":0.53995375189,"GROSS_PROFIT_QOQ":0,"ROA":0.211484981039,"HOLDER_PROFIT_QOQ":0,"ROE_YEARLY":1.079907503779,"ROIC_YEARLY":0.495074489225,"TOTAL_ASSETS":2130550000,"TOTAL_LIABILITIES":1270196000,"TAX_EBT":-0.718458866256,"OCF_SALES":-63.52712683039,"TOTAL_PARENT_EQUITY":851625000,"DEBT_ASSET_RATIO":59.6182206473,"OPERATE_PROFIT":-24666000,"PRETAX_PROFIT":-25332000,"NETCASH_OPERATE":-124294000,"NETCASH_INVEST":-131380000,"NETCASH_FINANCE":16760000,"END_CASH":187858000,"DIVI_RATIO":null,"DIVIDEND_RATE":null,"CURRENT_RATIO":0.306521661766,"COMMON_ACS":5000000000,"CURRENTDEBT_DEBT":59.72991569805,"ISSUED_COMMON_SHARES":903138460,"HK_COMMON_SHARES":903138460,"PER_SHARES":2000,"TOTAL_MARKET_CAP":162564922.8,"HKSK_MARKET_CAP":162564922.8,"PE_TTM":-3.748040587287,"PB_TTM":0.747431901639,"REPORT_DATE_SQ":"2020-06-30 00:00:00","REPORT_TYPE_SQ":"2020年中报","OPERATE_INCOME_SQ":197951000,"DPS_HKD":null,"OPERATE_INCOME_QOQ_SQ":0,"NET_PROFIT_RATIO_SQ":5.6327070841,"HOLDER_PROFIT_SQ":7779000,"HOLDER_PROFIT_QOQ_SQ":0,"ROE_AVG_SQ":0.924059948077,"PE_TTM_SQ":-88.796472794091,"PB_TTM_SQ":0.695653722244,"ROA_SQ":0.440120624395,"START_DATE":"2020-09-01 00:00:00","FISCAL_YEAR":"8-31","CURRENCY":"HKD","IS_CNY_CODE":0,"DPS_HKD_LY":null,"ORG_TYPE":"一般企业","PREMIUM_INCOME":null,"PREMIUM_INCOME_YOY":null,"NET_INTEREST_INCOME":null,"NET_INTEREST_INCOME_YOY":null,"FEE_COMMISSION_INCOME":null,"FEE_COMMISSION_INCOME_YOY":null,"ACCOUNTS_RECE_TDAYS":null,"INVENTORY_TDAYS":null,"CURRENT_ASSETS_TDAYS":0.562235897406,"TOTAL_ASSETS_TDAYS":0.090226982043,"PREMIUM_EXPENSE":null,"LOAN_DEPOSIT":null,"LOAN_EQUITY":null,"LOAN_ASSETS":null,"DEPOSIT_EQUITY":null,"DEPOSIT_ASSETS":null,"EQUITY_MULTIPLIER":2.476364380247,"EQUITY_RATIO":1.491496844268},{"SECUCODE":"01758.HK","SECURITY_CODE":"01758","SECURITY_NAME_ABBR":"博骏教育","ORG_CODE":"10582777","STD_REPORT_DATE":"2020-12-31 00:00:00","REPORT_DATE":"2020-08-31 00:00:00","DATE_TYPE_CODE":"001","REPORT_TYPE":"2020年年报","PER_NETCASH_OPERATE":0.152721401316,"PER_OI":0.457184713624,"BPS":0.937883876632,"BASIC_EPS":0.0105,"DILUTED_EPS":null,"OPERATE_INCOME":375740000,"OPERATE_INCOME_YOY":11.1594318663,"GROSS_PROFIT":104411000,"GROSS_PROFIT_YOY":16.328895326166,"HOLDER_PROFIT":8582000,"HOLDER_PROFIT_YOY":-67.6639035418,"GROSS_PROFIT_RATIO":27.788098152978,"EPS_TTM":0.010442218588,"OPERATE_INCOME_QOQ":0,"NET_PROFIT_RATIO":4.0565284505,"ROE_AVG":1.018648314696,"GROSS_PROFIT_QOQ":0,"ROA":0.427521696776,"HOLDER_PROFIT_QOQ":0,"ROE_YEARLY":1.018648314696,"ROIC_YEARLY":0.529520032233,"TOTAL_ASSETS":2206401000,"TOTAL_LIABILITIES":1351071000,"TAX_EBT":47.305099394987,"OCF_SALES":33.404747964018,"TOTAL_PARENT_EQUITY":847039000,"DEBT_ASSET_RATIO":61.2341546256,"OPERATE_PROFIT":49497000,"PRETAX_PROFIT":28925000,"NETCASH_OPERATE":125515000,"NETCASH_INVEST":-273687000,"NETCASH_FINANCE":241861000,"END_CASH":426772000,"DIVI_RATIO":null,"DIVIDEND_RATE":null,"CURRENT_RATIO":0.542355921988,"COMMON_ACS":5000000000,"CURRENTDEBT_DEBT":63.245010809943,"ISSUED_COMMON_SHARES":903138460,"HK_COMMON_SHARES":903138460,"PER_SHARES":2000,"TOTAL_MARKET_CAP":162564922.8,"HKSK_MARKET_CAP":162564922.8,"PE_TTM":-3.748040587287,"PB_TTM":0.747431901639,"REPORT_DATE_SQ":"2019-12-31 00:00:00","REPORT_TYPE_SQ":"2019年年报","OPERATE_INCOME_SQ":338019000,"DPS_HKD":null,"OPERATE_INCOME_QOQ_SQ":0,"NET_PROFIT_RATIO_SQ":8.5619447428,"HOLDER_PROFIT_SQ":26540000,"HOLDER_PROFIT_QOQ_SQ":0,"ROE_AVG_SQ":3.214861527168,"PE_TTM_SQ":-88.796472794091,"PB_TTM_SQ":0.695653722244,"ROA_SQ":1.614281095972,"START_DATE":"2019-09-01 00:00:00","FISCAL_YEAR":"8-31","CURRENCY":"HKD","IS_CNY_CODE":0,"DPS_HKD_LY":null,"ORG_TYPE":"一般企业","PREMIUM_INCOME":null,"PREMIUM_INCOME_YOY":null,"NET_INTEREST_INCOME":null,"NET_INTEREST_INCOME_YOY":null,"FEE_COMMISSION_INCOME":null,"FEE_COMMISSION_INCOME_YOY":null,"ACCOUNTS_RECE_TDAYS":null,"INVENTORY_TDAYS":null,"CURRENT_ASSETS_TDAYS":0.834141782347,"TOTAL_ASSETS_TDAYS":0.187178981993,"PREMIUM_EXPENSE":null,"LOAN_DEPOSIT":null,"LOAN_EQUITY":null,"LOAN_ASSETS":null,"DEPOSIT_EQUITY":null,"DEPOSIT_ASSETS":null,"EQUITY_MULTIPLIER":2.579590333558,"EQUITY_RATIO":1.595051703641}],"count":19},"success":true,"message":"ok","code":0}