{"version":"e3dd4d28f304b9443f5107cbb1a96930","result":{"pages":2,"data":[{"SECUCODE":"01757.HK","SECURITY_CODE":"01757","SECURITY_NAME_ABBR":"俊裕地基","ORG_CODE":"10701149","STD_REPORT_DATE":"2024-06-30 00:00:00","REPORT_DATE":"2024-09-30 00:00:00","DATE_TYPE_CODE":"002","REPORT_TYPE":"2024年中报","PER_NETCASH_OPERATE":0.010138374075,"PER_OI":0.09426861765,"BPS":0.066267286658,"BASIC_EPS":0.000090179,"DILUTED_EPS":0.000090179,"OPERATE_INCOME":113122341.18,"OPERATE_INCOME_YOY":-2.6857196053,"GROSS_PROFIT":3384417.87,"GROSS_PROFIT_YOY":15.112866474419,"HOLDER_PROFIT":84768.26,"HOLDER_PROFIT_YOY":-86.7043847242,"GROSS_PROFIT_RATIO":2.991820921223,"EPS_TTM":0.001829720083,"OPERATE_INCOME_QOQ":0,"NET_PROFIT_RATIO":0.0749350297,"ROE_AVG":0.106656984331,"GROSS_PROFIT_QOQ":0,"ROA":0.040739023217,"HOLDER_PROFIT_QOQ":0,"ROE_YEARLY":0.213313968661,"ROIC_YEARLY":0.08363714824,"TOTAL_ASSETS":214076829.89,"TOTAL_LIABILITIES":134556085.9,"TAX_EBT":77.619047619048,"OCF_SALES":10.754771129287,"TOTAL_PARENT_EQUITY":79520743.99,"DEBT_ASSET_RATIO":62.8541098862,"OPERATE_PROFIT":1100183.8,"PRETAX_PROFIT":378751.8,"NETCASH_OPERATE":12166048.89,"NETCASH_INVEST":-709708.73,"NETCASH_FINANCE":-7691366.91,"END_CASH":7253998.76,"DIVI_RATIO":null,"DIVIDEND_RATE":null,"CURRENT_RATIO":1.841343385163,"COMMON_ACS":4000000000,"CURRENTDEBT_DEBT":76.808524897795,"ISSUED_COMMON_SHARES":1200000000,"HK_COMMON_SHARES":1200000000,"PER_SHARES":10000,"TOTAL_MARKET_CAP":144000000,"HKSK_MARKET_CAP":144000000,"PE_TTM":79.601990049751,"PB_TTM":1.633004842313,"REPORT_DATE_SQ":"2023-06-30 00:00:00","REPORT_TYPE_SQ":"2023年中报","OPERATE_INCOME_SQ":118286177.52,"DPS_HKD":null,"OPERATE_INCOME_QOQ_SQ":0,"NET_PROFIT_RATIO_SQ":0.5484701794,"HOLDER_PROFIT_SQ":648764.41,"HOLDER_PROFIT_QOQ_SQ":0,"ROE_AVG_SQ":0.821935326362,"PE_TTM_SQ":-541.76072234763,"PB_TTM_SQ":2.778742618965,"ROA_SQ":0.33086781433,"START_DATE":"2024-04-01 00:00:00","FISCAL_YEAR":"3-31","CURRENCY":"HKD","IS_CNY_CODE":0,"DPS_HKD_LY":null,"ORG_TYPE":"一般企业","PREMIUM_INCOME":null,"PREMIUM_INCOME_YOY":null,"NET_INTEREST_INCOME":null,"NET_INTEREST_INCOME_YOY":null,"FEE_COMMISSION_INCOME":null,"FEE_COMMISSION_INCOME_YOY":null,"ACCOUNTS_RECE_TDAYS":1.276425576947,"INVENTORY_TDAYS":null,"CURRENT_ASSETS_TDAYS":0.618634183629,"TOTAL_ASSETS_TDAYS":0.543657930891,"PREMIUM_EXPENSE":null,"LOAN_DEPOSIT":null,"LOAN_EQUITY":null,"LOAN_ASSETS":null,"DEPOSIT_EQUITY":null,"DEPOSIT_ASSETS":null,"EQUITY_MULTIPLIER":2.692087864731,"EQUITY_RATIO":1.692087864733},{"SECUCODE":"01757.HK","SECURITY_CODE":"01757","SECURITY_NAME_ABBR":"俊裕地基","ORG_CODE":"10701149","STD_REPORT_DATE":"2023-12-31 00:00:00","REPORT_DATE":"2024-03-31 00:00:00","DATE_TYPE_CODE":"001","REPORT_TYPE":"2023年年报","PER_NETCASH_OPERATE":-0.003224296167,"PER_OI":0.150596086,"BPS":0.066544547292,"BASIC_EPS":0.0018131,"DILUTED_EPS":0.0018131,"OPERATE_INCOME":180715303.2,"OPERATE_INCOME_YOY":-38.9436800902,"GROSS_PROFIT":4142026.95,"GROSS_PROFIT_YOY":18.67389081684,"HOLDER_PROFIT":2195664.1,"HOLDER_PROFIT_YOY":199.012345679,"GROSS_PROFIT_RATIO":2.292017818445,"EPS_TTM":-0.000345713242,"OPERATE_INCOME_QOQ":0,"NET_PROFIT_RATIO":1.2149851513,"ROE_AVG":2.787945760527,"GROSS_PROFIT_QOQ":0,"ROA":1.105300146947,"HOLDER_PROFIT_QOQ":0,"ROE_YEARLY":2.787945760527,"ROIC_YEARLY":1.161179589704,"TOTAL_ASSETS":203142443.65,"TOTAL_LIABILITIES":123288986.9,"TAX_EBT":-896.707818930041,"OCF_SALES":-2.141022553977,"TOTAL_PARENT_EQUITY":79853456.75,"DEBT_ASSET_RATIO":60.6909047094,"OPERATE_PROFIT":1567424.95,"PRETAX_PROFIT":220291.65,"NETCASH_OPERATE":-3869155.4,"NETCASH_INVEST":-3164766.05,"NETCASH_FINANCE":-5070334.15,"END_CASH":3507441.95,"DIVI_RATIO":null,"DIVIDEND_RATE":null,"CURRENT_RATIO":1.91745280694,"COMMON_ACS":4000000000,"CURRENTDEBT_DEBT":74.593008720717,"ISSUED_COMMON_SHARES":1200000000,"HK_COMMON_SHARES":1200000000,"PER_SHARES":10000,"TOTAL_MARKET_CAP":133200000,"HKSK_MARKET_CAP":133200000,"PE_TTM":73.63184079602,"PB_TTM":1.510529479139,"REPORT_DATE_SQ":"2022-12-31 00:00:00","REPORT_TYPE_SQ":"2022年年报","OPERATE_INCOME_SQ":285814361.72,"DPS_HKD":null,"OPERATE_INCOME_QOQ_SQ":0,"NET_PROFIT_RATIO_SQ":0.2480918369,"HOLDER_PROFIT_SQ":709082.1,"HOLDER_PROFIT_QOQ_SQ":0,"ROE_AVG_SQ":0.973259397661,"PE_TTM_SQ":-609.480812641084,"PB_TTM_SQ":3.126085446336,"ROA_SQ":0.370744165929,"START_DATE":"2023-04-01 00:00:00","FISCAL_YEAR":"3-31","CURRENCY":"HKD","IS_CNY_CODE":0,"DPS_HKD_LY":null,"ORG_TYPE":"一般企业","PREMIUM_INCOME":null,"PREMIUM_INCOME_YOY":null,"NET_INTEREST_INCOME":null,"NET_INTEREST_INCOME_YOY":null,"FEE_COMMISSION_INCOME":null,"FEE_COMMISSION_INCOME_YOY":null,"ACCOUNTS_RECE_TDAYS":2.236277358342,"INVENTORY_TDAYS":null,"CURRENT_ASSETS_TDAYS":1.047849832581,"TOTAL_ASSETS_TDAYS":0.909723172969,"PREMIUM_EXPENSE":null,"LOAN_DEPOSIT":null,"LOAN_EQUITY":null,"LOAN_ASSETS":null,"DEPOSIT_EQUITY":null,"DEPOSIT_ASSETS":null,"EQUITY_MULTIPLIER":2.543940512004,"EQUITY_RATIO":1.543940512005},{"SECUCODE":"01757.HK","SECURITY_CODE":"01757","SECURITY_NAME_ABBR":"俊裕地基","ORG_CODE":"10701149","STD_REPORT_DATE":"2023-06-30 00:00:00","REPORT_DATE":"2023-09-30 00:00:00","DATE_TYPE_CODE":"002","REPORT_TYPE":"2023年中报","PER_NETCASH_OPERATE":-0.0056709534,"PER_OI":0.0985718146,"BPS":0.06604641925,"BASIC_EPS":0.000550578,"DILUTED_EPS":0.000550578,"OPERATE_INCOME":118286177.52,"OPERATE_INCOME_YOY":-16.5205227505,"GROSS_PROFIT":2940086.52,"GROSS_PROFIT_YOY":67.132436279223,"HOLDER_PROFIT":648764.41,"HOLDER_PROFIT_YOY":-63.9285714286,"GROSS_PROFIT_RATIO":2.485570657233,"EPS_TTM":0.00059090175,"OPERATE_INCOME_QOQ":0,"NET_PROFIT_RATIO":0.5484701794,"ROE_AVG":0.821935326362,"GROSS_PROFIT_QOQ":0,"ROA":0.33086781433,"HOLDER_PROFIT_QOQ":0,"ROE_YEARLY":1.643870652724,"ROIC_YEARLY":0.698245743985,"TOTAL_ASSETS":195631374.96,"TOTAL_LIABILITIES":116375671.86,"TAX_EBT":15.733015494637,"OCF_SALES":-5.753118599888,"TOTAL_PARENT_EQUITY":79255703.1,"DEBT_ASSET_RATIO":59.4872227851,"OPERATE_PROFIT":1463619.85,"PRETAX_PROFIT":769891.57,"NETCASH_OPERATE":-6805144.08,"NETCASH_INVEST":-2421625.57,"NETCASH_FINANCE":-1872882.83,"END_CASH":4702853.75,"DIVI_RATIO":null,"DIVIDEND_RATE":null,"CURRENT_RATIO":1.967918489278,"COMMON_ACS":4000000000,"CURRENTDEBT_DEBT":73.906735424453,"ISSUED_COMMON_SHARES":1200000000,"HK_COMMON_SHARES":1200000000,"PER_SHARES":10000,"TOTAL_MARKET_CAP":133200000,"HKSK_MARKET_CAP":133200000,"PE_TTM":73.63184079602,"PB_TTM":1.510529479139,"REPORT_DATE_SQ":"2022-06-30 00:00:00","REPORT_TYPE_SQ":"2022年中报","OPERATE_INCOME_SQ":139658198.16,"DPS_HKD":null,"OPERATE_INCOME_QOQ_SQ":0,"NET_PROFIT_RATIO_SQ":1.2693149585,"HOLDER_PROFIT_SQ":1772702.4,"HOLDER_PROFIT_QOQ_SQ":0,"ROE_AVG_SQ":2.338888192791,"PE_TTM_SQ":-609.480812641084,"PB_TTM_SQ":3.126085446336,"ROA_SQ":0.898287296109,"START_DATE":"2023-04-01 00:00:00","FISCAL_YEAR":"3-31","CURRENCY":"HKD","IS_CNY_CODE":0,"DPS_HKD_LY":null,"ORG_TYPE":"一般企业","PREMIUM_INCOME":null,"PREMIUM_INCOME_YOY":null,"NET_INTEREST_INCOME":null,"NET_INTEREST_INCOME_YOY":null,"FEE_COMMISSION_INCOME":null,"FEE_COMMISSION_INCOME_YOY":null,"ACCOUNTS_RECE_TDAYS":1.577762681991,"INVENTORY_TDAYS":null,"CURRENT_ASSETS_TDAYS":0.695990216485,"TOTAL_ASSETS_TDAYS":0.603255795452,"PREMIUM_EXPENSE":null,"LOAN_DEPOSIT":null,"LOAN_EQUITY":null,"LOAN_ASSETS":null,"DEPOSIT_EQUITY":null,"DEPOSIT_ASSETS":null,"EQUITY_MULTIPLIER":2.468357068427,"EQUITY_RATIO":1.468357068427},{"SECUCODE":"01757.HK","SECURITY_CODE":"01757","SECURITY_NAME_ABBR":"俊裕地基","ORG_CODE":"10701149","STD_REPORT_DATE":"2022-12-31 00:00:00","REPORT_DATE":"2023-03-31 00:00:00","DATE_TYPE_CODE":"001","REPORT_TYPE":"2022年年报","PER_NETCASH_OPERATE":0.00850460815,"PER_OI":0.238178634767,"BPS":0.062491872358,"BASIC_EPS":0.000612787,"DILUTED_EPS":0.000612787,"OPERATE_INCOME":285814361.72,"OPERATE_INCOME_YOY":-36.1781815907,"GROSS_PROFIT":3490259.67,"GROSS_PROFIT_YOY":-77.195865076135,"HOLDER_PROFIT":709082.1,"HOLDER_PROFIT_YOY":-72.598105548,"GROSS_PROFIT_RATIO":1.221163152543,"EPS_TTM":0.001986639433,"OPERATE_INCOME_QOQ":0,"NET_PROFIT_RATIO":0.2480918369,"ROE_AVG":0.973259397661,"GROSS_PROFIT_QOQ":0,"ROA":0.370744165929,"HOLDER_PROFIT_QOQ":0,"ROE_YEARLY":0.973259397661,"ROIC_YEARLY":0.397198037547,"TOTAL_ASSETS":187485684.29,"TOTAL_LIABILITIES":112495437.46,"TAX_EBT":-280.281690140845,"OCF_SALES":3.57068473347,"TOTAL_PARENT_EQUITY":74990246.83,"DEBT_ASSET_RATIO":60.0021478365,"OPERATE_PROFIT":907800.17,"PRETAX_PROFIT":186462.33,"NETCASH_OPERATE":10205529.78,"NETCASH_INVEST":-6773922.58,"NETCASH_FINANCE":1243082.2,"END_CASH":15075435.61,"DIVI_RATIO":null,"DIVIDEND_RATE":null,"CURRENT_RATIO":1.926849232746,"COMMON_ACS":4000000000,"CURRENTDEBT_DEBT":75.103886199866,"ISSUED_COMMON_SHARES":1200000000,"HK_COMMON_SHARES":1200000000,"PER_SHARES":10000,"TOTAL_MARKET_CAP":192000000,"HKSK_MARKET_CAP":192000000,"PE_TTM":106.135986733002,"PB_TTM":2.177339789751,"REPORT_DATE_SQ":"2021-12-31 00:00:00","REPORT_TYPE_SQ":"2021年年报","OPERATE_INCOME_SQ":414886763.68,"DPS_HKD":null,"OPERATE_INCOME_QOQ_SQ":0,"NET_PROFIT_RATIO_SQ":0.5778312952,"HOLDER_PROFIT_SQ":2397345.56,"HOLDER_PROFIT_QOQ_SQ":0,"ROE_AVG_SQ":3.727146639768,"PE_TTM_SQ":330.37037037037,"PB_TTM_SQ":3.098298020146,"ROA_SQ":1.391851360069,"START_DATE":"2022-04-01 00:00:00","FISCAL_YEAR":"3-31","CURRENCY":"HKD","IS_CNY_CODE":0,"DPS_HKD_LY":null,"ORG_TYPE":"一般企业","PREMIUM_INCOME":null,"PREMIUM_INCOME_YOY":null,"NET_INTEREST_INCOME":null,"NET_INTEREST_INCOME_YOY":null,"FEE_COMMISSION_INCOME":null,"FEE_COMMISSION_INCOME_YOY":null,"ACCOUNTS_RECE_TDAYS":5.643426931819,"INVENTORY_TDAYS":null,"CURRENT_ASSETS_TDAYS":1.742698767271,"TOTAL_ASSETS_TDAYS":1.494382768177,"PREMIUM_EXPENSE":null,"LOAN_DEPOSIT":null,"LOAN_EQUITY":null,"LOAN_ASSETS":null,"DEPOSIT_EQUITY":null,"DEPOSIT_ASSETS":null,"EQUITY_MULTIPLIER":2.50013424699,"EQUITY_RATIO":1.500134246991},{"SECUCODE":"01757.HK","SECURITY_CODE":"01757","SECURITY_NAME_ABBR":"俊裕地基","ORG_CODE":"10701149","STD_REPORT_DATE":"2022-06-30 00:00:00","REPORT_DATE":"2022-09-30 00:00:00","DATE_TYPE_CODE":"002","REPORT_TYPE":"2022年中报","PER_NETCASH_OPERATE":0.003127855,"PER_OI":0.1163818318,"BPS":0.0654309581,"BASIC_EPS":0.001447104,"DILUTED_EPS":0.001447104,"OPERATE_INCOME":139658198.16,"OPERATE_INCOME_YOY":-42.0459236907,"GROSS_PROFIT":1759135.8,"GROSS_PROFIT_YOY":-81.386905394172,"HOLDER_PROFIT":1772702.4,"HOLDER_PROFIT_YOY":-8.5820895522,"GROSS_PROFIT_RATIO":1.259600813398,"EPS_TTM":0.001997787967,"OPERATE_INCOME_QOQ":0,"NET_PROFIT_RATIO":1.2693149585,"ROE_AVG":2.338888192791,"GROSS_PROFIT_QOQ":0,"ROA":0.898287296109,"HOLDER_PROFIT_QOQ":0,"ROE_YEARLY":4.677776385582,"ROIC_YEARLY":1.90788144853,"TOTAL_ASSETS":193184766.24,"TOTAL_LIABILITIES":114667616.52,"TAX_EBT":-25.399872040947,"OCF_SALES":2.687580141697,"TOTAL_PARENT_EQUITY":78517149.72,"DEBT_ASSET_RATIO":59.3564486226,"OPERATE_PROFIT":1490517.12,"PRETAX_PROFIT":1413639.72,"NETCASH_OPERATE":3753426,"NETCASH_INVEST":-2178795.96,"NETCASH_FINANCE":-39795.36,"END_CASH":12280486.32,"DIVI_RATIO":null,"DIVIDEND_RATE":null,"CURRENT_RATIO":1.934881176557,"COMMON_ACS":4000000000,"CURRENTDEBT_DEBT":74.976140334272,"ISSUED_COMMON_SHARES":1200000000,"HK_COMMON_SHARES":1200000000,"PER_SHARES":10000,"TOTAL_MARKET_CAP":192000000,"HKSK_MARKET_CAP":192000000,"PE_TTM":106.135986733002,"PB_TTM":2.177339789751,"REPORT_DATE_SQ":"2021-06-30 00:00:00","REPORT_TYPE_SQ":"2021年中报","OPERATE_INCOME_SQ":221962172.52,"DPS_HKD":null,"OPERATE_INCOME_QOQ_SQ":0,"NET_PROFIT_RATIO_SQ":0.8046779412,"HOLDER_PROFIT_SQ":1786080.64,"HOLDER_PROFIT_QOQ_SQ":0,"ROE_AVG_SQ":2.717225996147,"PE_TTM_SQ":330.37037037037,"PB_TTM_SQ":3.098298020146,"ROA_SQ":1.006520790006,"START_DATE":"2022-04-01 00:00:00","FISCAL_YEAR":"3-31","CURRENCY":"HKD","IS_CNY_CODE":0,"DPS_HKD_LY":null,"ORG_TYPE":"一般企业","PREMIUM_INCOME":null,"PREMIUM_INCOME_YOY":null,"NET_INTEREST_INCOME":null,"NET_INTEREST_INCOME_YOY":null,"FEE_COMMISSION_INCOME":null,"FEE_COMMISSION_INCOME_YOY":null,"ACCOUNTS_RECE_TDAYS":3.709333749715,"INVENTORY_TDAYS":null,"CURRENT_ASSETS_TDAYS":0.82872361836,"TOTAL_ASSETS_TDAYS":0.707694563987,"PREMIUM_EXPENSE":null,"LOAN_DEPOSIT":null,"LOAN_EQUITY":null,"LOAN_ASSETS":null,"DEPOSIT_EQUITY":null,"DEPOSIT_ASSETS":null,"EQUITY_MULTIPLIER":2.460414914815,"EQUITY_RATIO":1.460414914817},{"SECUCODE":"01757.HK","SECURITY_CODE":"01757","SECURITY_NAME_ABBR":"俊裕地基","ORG_CODE":"10701149","STD_REPORT_DATE":"2021-12-31 00:00:00","REPORT_DATE":"2022-03-31 00:00:00","DATE_TYPE_CODE":"001","REPORT_TYPE":"2021年年报","PER_NETCASH_OPERATE":0.0278500834,"PER_OI":0.345738969733,"BPS":0.054599896567,"BASIC_EPS":0.002027525,"DILUTED_EPS":0.002027525,"OPERATE_INCOME":414886763.68,"OPERATE_INCOME_YOY":14.4841847079,"GROSS_PROFIT":15305380.72,"GROSS_PROFIT_YOY":104.483051594361,"HOLDER_PROFIT":2397345.56,"HOLDER_PROFIT_YOY":353.3742331288,"GROSS_PROFIT_RATIO":3.689050136052,"EPS_TTM":0.006855998467,"OPERATE_INCOME_QOQ":0,"NET_PROFIT_RATIO":0.5778312952,"ROE_AVG":3.727146639768,"GROSS_PROFIT_QOQ":0,"ROA":1.391851360069,"HOLDER_PROFIT_QOQ":0,"ROE_YEARLY":3.727146639768,"ROIC_YEARLY":1.462099666131,"TOTAL_ASSETS":180684917.9,"TOTAL_LIABILITIES":115165042.02,"TAX_EBT":-10.5873550318,"OCF_SALES":8.055234103775,"TOTAL_PARENT_EQUITY":65519875.88,"DEBT_ASSET_RATIO":63.7380492841,"OPERATE_PROFIT":2339763.85,"PRETAX_PROFIT":2167829.73,"NETCASH_OPERATE":33420100.08,"NETCASH_INVEST":-7618627.94,"NETCASH_FINANCE":-21004347.99,"END_CASH":9635609.81,"DIVI_RATIO":null,"DIVIDEND_RATE":null,"CURRENT_RATIO":1.380945063951,"COMMON_ACS":4000000000,"CURRENTDEBT_DEBT":96.243714877255,"ISSUED_COMMON_SHARES":1200000000,"HK_COMMON_SHARES":1200000000,"PER_SHARES":10000,"TOTAL_MARKET_CAP":192000000,"HKSK_MARKET_CAP":192000000,"PE_TTM":106.135986733002,"PB_TTM":2.177339789751,"REPORT_DATE_SQ":"2020-12-31 00:00:00","REPORT_TYPE_SQ":"2020年年报","OPERATE_INCOME_SQ":377665302.28,"DPS_HKD":null,"OPERATE_INCOME_QOQ_SQ":0,"NET_PROFIT_RATIO_SQ":0.1459115668,"HOLDER_PROFIT_SQ":551057.36,"HOLDER_PROFIT_QOQ_SQ":0,"ROE_AVG_SQ":0.837701716518,"PE_TTM_SQ":330.37037037037,"PB_TTM_SQ":3.098298020146,"ROA_SQ":0.336291356229,"START_DATE":"2021-04-01 00:00:00","FISCAL_YEAR":"3-31","CURRENCY":"HKD","IS_CNY_CODE":0,"DPS_HKD_LY":null,"ORG_TYPE":"一般企业","PREMIUM_INCOME":null,"PREMIUM_INCOME_YOY":null,"NET_INTEREST_INCOME":null,"NET_INTEREST_INCOME_YOY":null,"FEE_COMMISSION_INCOME":null,"FEE_COMMISSION_INCOME_YOY":null,"ACCOUNTS_RECE_TDAYS":15.581621308804,"INVENTORY_TDAYS":null,"CURRENT_ASSETS_TDAYS":2.877339812815,"TOTAL_ASSETS_TDAYS":2.408750394342,"PREMIUM_EXPENSE":null,"LOAN_DEPOSIT":null,"LOAN_EQUITY":null,"LOAN_ASSETS":null,"DEPOSIT_EQUITY":null,"DEPOSIT_ASSETS":null,"EQUITY_MULTIPLIER":2.75771154132,"EQUITY_RATIO":1.757711541318},{"SECUCODE":"01757.HK","SECURITY_CODE":"01757","SECURITY_NAME_ABBR":"俊裕地基","ORG_CODE":"10701149","STD_REPORT_DATE":"2021-06-30 00:00:00","REPORT_DATE":"2021-09-30 00:00:00","DATE_TYPE_CODE":"002","REPORT_TYPE":"2021年中报","PER_NETCASH_OPERATE":0.000815704583,"PER_OI":0.1849684771,"BPS":0.055520672133,"BASIC_EPS":0.001499508,"DILUTED_EPS":0.001499508,"OPERATE_INCOME":221962172.52,"OPERATE_INCOME_YOY":134.9079559882,"GROSS_PROFIT":9451065.7,"GROSS_PROFIT_YOY":299.683825268767,"HOLDER_PROFIT":1786080.64,"HOLDER_PROFIT_YOY":131.9856780546,"GROSS_PROFIT_RATIO":4.257962333266,"EPS_TTM":0.000459214467,"OPERATE_INCOME_QOQ":0,"NET_PROFIT_RATIO":0.8046779412,"ROE_AVG":2.717225996147,"GROSS_PROFIT_QOQ":0,"ROA":1.006520790006,"HOLDER_PROFIT_QOQ":0,"ROE_YEARLY":5.434451992294,"ROIC_YEARLY":2.119001084703,"TOTAL_ASSETS":186650425.24,"TOTAL_LIABILITIES":120025618.68,"TAX_EBT":-11.783107403545,"OCF_SALES":0.440996539585,"TOTAL_PARENT_EQUITY":66624806.56,"DEBT_ASSET_RATIO":64.305033608,"OPERATE_PROFIT":2102643.44,"PRETAX_PROFIT":1597809.08,"NETCASH_OPERATE":978845.5,"NETCASH_INVEST":-786408.64,"NETCASH_FINANCE":2707445,"END_CASH":7869917.82,"DIVI_RATIO":null,"DIVIDEND_RATE":null,"CURRENT_RATIO":1.381455179269,"COMMON_ACS":4000000000,"CURRENTDEBT_DEBT":96.365857382807,"ISSUED_COMMON_SHARES":1200000000,"HK_COMMON_SHARES":1200000000,"PER_SHARES":10000,"TOTAL_MARKET_CAP":192000000,"HKSK_MARKET_CAP":192000000,"PE_TTM":106.135986733002,"PB_TTM":2.177339789751,"REPORT_DATE_SQ":"2020-06-30 00:00:00","REPORT_TYPE_SQ":"2020年中报","OPERATE_INCOME_SQ":99667937.28,"DPS_HKD":null,"OPERATE_INCOME_QOQ_SQ":0,"NET_PROFIT_RATIO_SQ":-5.9096840175,"HOLDER_PROFIT_SQ":-5890060.16,"HOLDER_PROFIT_QOQ_SQ":0,"ROE_AVG_SQ":-9.039235649893,"PE_TTM_SQ":330.37037037037,"PB_TTM_SQ":3.098298020146,"ROA_SQ":-3.458140404731,"START_DATE":"2021-04-01 00:00:00","FISCAL_YEAR":"3-31","CURRENCY":"HKD","IS_CNY_CODE":0,"DPS_HKD_LY":null,"ORG_TYPE":"一般企业","PREMIUM_INCOME":null,"PREMIUM_INCOME_YOY":null,"NET_INTEREST_INCOME":null,"NET_INTEREST_INCOME_YOY":null,"FEE_COMMISSION_INCOME":null,"FEE_COMMISSION_INCOME_YOY":null,"ACCOUNTS_RECE_TDAYS":8.07583541714,"INVENTORY_TDAYS":null,"CURRENT_ASSETS_TDAYS":1.485776103631,"TOTAL_ASSETS_TDAYS":1.250836811244,"PREMIUM_EXPENSE":null,"LOAN_DEPOSIT":null,"LOAN_EQUITY":null,"LOAN_ASSETS":null,"DEPOSIT_EQUITY":null,"DEPOSIT_ASSETS":null,"EQUITY_MULTIPLIER":2.801515454639,"EQUITY_RATIO":1.801515454636},{"SECUCODE":"01757.HK","SECURITY_CODE":"01757","SECURITY_NAME_ABBR":"俊裕地基","ORG_CODE":"10701149","STD_REPORT_DATE":"2020-12-31 00:00:00","REPORT_DATE":"2021-03-31 00:00:00","DATE_TYPE_CODE":"001","REPORT_TYPE":"2020年年报","PER_NETCASH_OPERATE":0.020251921433,"PER_OI":0.314721085233,"BPS":0.0548183748,"BASIC_EPS":0.00042259,"DILUTED_EPS":0.00042259,"OPERATE_INCOME":377665302.28,"OPERATE_INCOME_YOY":109.6677474299,"GROSS_PROFIT":7484914.08,"GROSS_PROFIT_YOY":-48.906176676578,"HOLDER_PROFIT":551057.36,"HOLDER_PROFIT_YOY":102.5324322225,"GROSS_PROFIT_RATIO":1.981890852777,"EPS_TTM":-0.016946959767,"OPERATE_INCOME_QOQ":0,"NET_PROFIT_RATIO":0.1459115668,"ROE_AVG":0.837701716518,"GROSS_PROFIT_QOQ":0,"ROA":0.336291356229,"HOLDER_PROFIT_QOQ":0,"ROE_YEARLY":0.837701716518,"ROIC_YEARLY":0.350655462185,"TOTAL_ASSETS":170699314.24,"TOTAL_LIABILITIES":104917264.48,"TAX_EBT":52.958152958153,"OCF_SALES":6.434879130618,"TOTAL_PARENT_EQUITY":65782049.76,"DEBT_ASSET_RATIO":61.4632020914,"OPERATE_PROFIT":-6130090.54,"PRETAX_PROFIT":1171419.48,"NETCASH_OPERATE":24302305.72,"NETCASH_INVEST":-12473166.44,"NETCASH_FINANCE":-11737014.66,"END_CASH":5042343.88,"DIVI_RATIO":null,"DIVIDEND_RATE":null,"CURRENT_RATIO":1.397381997253,"COMMON_ACS":4000000000,"CURRENTDEBT_DEBT":96.188051814139,"ISSUED_COMMON_SHARES":1200000000,"HK_COMMON_SHARES":1200000000,"PER_SHARES":10000,"TOTAL_MARKET_CAP":192000000,"HKSK_MARKET_CAP":192000000,"PE_TTM":106.135986733002,"PB_TTM":2.177339789751,"REPORT_DATE_SQ":"2019-12-31 00:00:00","REPORT_TYPE_SQ":"2019年年报","OPERATE_INCOME_SQ":194728657.7,"DPS_HKD":null,"OPERATE_INCOME_QOQ_SQ":0,"NET_PROFIT_RATIO_SQ":-12.0804613342,"HOLDER_PROFIT_SQ":-23524120.2,"HOLDER_PROFIT_QOQ_SQ":0,"ROE_AVG_SQ":-28.589830433189,"PE_TTM_SQ":330.37037037037,"PB_TTM_SQ":3.098298020146,"ROA_SQ":-13.506842344103,"START_DATE":"2020-04-01 00:00:00","FISCAL_YEAR":"3-31","CURRENCY":"HKD","IS_CNY_CODE":0,"DPS_HKD_LY":null,"ORG_TYPE":"一般企业","PREMIUM_INCOME":null,"PREMIUM_INCOME_YOY":null,"NET_INTEREST_INCOME":null,"NET_INTEREST_INCOME_YOY":null,"FEE_COMMISSION_INCOME":null,"FEE_COMMISSION_INCOME_YOY":null,"ACCOUNTS_RECE_TDAYS":18.510604805302,"INVENTORY_TDAYS":null,"CURRENT_ASSETS_TDAYS":2.775544430227,"TOTAL_ASSETS_TDAYS":2.304761462661,"PREMIUM_EXPENSE":null,"LOAN_DEPOSIT":null,"LOAN_EQUITY":null,"LOAN_ASSETS":null,"DEPOSIT_EQUITY":null,"DEPOSIT_ASSETS":null,"EQUITY_MULTIPLIER":2.594922396956,"EQUITY_RATIO":1.594922396958},{"SECUCODE":"01757.HK","SECURITY_CODE":"01757","SECURITY_NAME_ABBR":"俊裕地基","ORG_CODE":"10701149","STD_REPORT_DATE":"2020-06-30 00:00:00","REPORT_DATE":"2020-09-30 00:00:00","DATE_TYPE_CODE":"002","REPORT_TYPE":"2020年中报","PER_NETCASH_OPERATE":0.013202768,"PER_OI":0.0830566144,"BPS":0.051607957867,"BASIC_EPS":-0.004920832,"DILUTED_EPS":-0.004920832,"OPERATE_INCOME":99667937.28,"OPERATE_INCOME_YOY":12.4345757335,"GROSS_PROFIT":2364635.52,"GROSS_PROFIT_YOY":-69.69693588838,"HOLDER_PROFIT":-5890060.16,"HOLDER_PROFIT_YOY":33.396263911,"GROSS_PROFIT_RATIO":2.372513753703,"EPS_TTM":-0.0196034335,"OPERATE_INCOME_QOQ":0,"NET_PROFIT_RATIO":-5.9096840175,"ROE_AVG":-9.039235649893,"GROSS_PROFIT_QOQ":0,"ROA":-3.458140404731,"HOLDER_PROFIT_QOQ":0,"ROE_YEARLY":-18.078471299786,"ROIC_YEARLY":-7.357040939524,"TOTAL_ASSETS":177390721.28,"TOTAL_LIABILITIES":115461171.84,"TAX_EBT":-9.867234879528,"OCF_SALES":15.896106644097,"TOTAL_PARENT_EQUITY":61929549.44,"DEBT_ASSET_RATIO":65.088619634,"OPERATE_PROFIT":-4567586.56,"PRETAX_PROFIT":-5361070.72,"NETCASH_OPERATE":15843321.6,"NETCASH_INVEST":-4909408.64,"NETCASH_FINANCE":-3455127.04,"END_CASH":12625448.96,"DIVI_RATIO":null,"DIVIDEND_RATE":null,"CURRENT_RATIO":1.324590474387,"COMMON_ACS":4000000000,"CURRENTDEBT_DEBT":96.449690632206,"ISSUED_COMMON_SHARES":1200000000,"HK_COMMON_SHARES":1200000000,"PER_SHARES":10000,"TOTAL_MARKET_CAP":192000000,"HKSK_MARKET_CAP":192000000,"PE_TTM":106.135986733002,"PB_TTM":2.177339789751,"REPORT_DATE_SQ":"2019-06-30 00:00:00","REPORT_TYPE_SQ":"2019年中报","OPERATE_INCOME_SQ":90994768.8,"DPS_HKD":null,"OPERATE_INCOME_QOQ_SQ":0,"NET_PROFIT_RATIO_SQ":-9.9762093577,"HOLDER_PROFIT_SQ":-9077828.64,"HOLDER_PROFIT_QOQ_SQ":0,"ROE_AVG_SQ":-10.280507487691,"PE_TTM_SQ":330.37037037037,"PB_TTM_SQ":3.098298020146,"ROA_SQ":-4.892466845565,"START_DATE":"2020-04-01 00:00:00","FISCAL_YEAR":"3-31","CURRENCY":"HKD","IS_CNY_CODE":0,"DPS_HKD_LY":null,"ORG_TYPE":"一般企业","PREMIUM_INCOME":null,"PREMIUM_INCOME_YOY":null,"NET_INTEREST_INCOME":null,"NET_INTEREST_INCOME_YOY":null,"FEE_COMMISSION_INCOME":null,"FEE_COMMISSION_INCOME_YOY":null,"ACCOUNTS_RECE_TDAYS":3.459683691989,"INVENTORY_TDAYS":null,"CURRENT_ASSETS_TDAYS":0.702309266477,"TOTAL_ASSETS_TDAYS":0.585165026505,"PREMIUM_EXPENSE":null,"LOAN_DEPOSIT":null,"LOAN_EQUITY":null,"LOAN_ASSETS":null,"DEPOSIT_EQUITY":null,"DEPOSIT_ASSETS":null,"EQUITY_MULTIPLIER":2.864395476536,"EQUITY_RATIO":1.864395476538}],"count":18},"success":true,"message":"ok","code":0}