{"version":"f433df6b7c1f47fef018db3582dbf044","result":{"pages":2,"data":[{"SECUCODE":"01756.HK","SECURITY_CODE":"01756","SECURITY_NAME_ABBR":"中国职业教育","ORG_CODE":"10775346","STD_REPORT_DATE":"2024-12-31 00:00:00","REPORT_DATE":"2024-08-31 00:00:00","DATE_TYPE_CODE":"001","REPORT_TYPE":"2024年年报","PER_NETCASH_OPERATE":0.564480833333,"PER_OI":1.057110833333,"BPS":3.181711666667,"BASIC_EPS":0.376,"DILUTED_EPS":0.376,"OPERATE_INCOME":1268533000,"OPERATE_INCOME_YOY":17.0985245139,"GROSS_PROFIT":666319000,"GROSS_PROFIT_YOY":6.67863158097,"HOLDER_PROFIT":451090000,"HOLDER_PROFIT_YOY":14.7674451147,"GROSS_PROFIT_RATIO":52.526737577974,"EPS_TTM":0.375908333333,"OPERATE_INCOME_QOQ":0,"NET_PROFIT_RATIO":35.5599736073,"ROE_AVG":12.557728623723,"GROSS_PROFIT_QOQ":0,"ROA":6.105952054558,"HOLDER_PROFIT_QOQ":0,"ROE_YEARLY":12.557728623723,"ROIC_YEARLY":6.967154720676,"TOTAL_ASSETS":7500780000,"TOTAL_LIABILITIES":3682726000,"TAX_EBT":7.487315370449,"OCF_SALES":53.398453173863,"TOTAL_PARENT_EQUITY":3818054000,"DEBT_ASSET_RATIO":49.097907151,"OPERATE_PROFIT":573650000,"PRETAX_PROFIT":487598000,"NETCASH_OPERATE":677377000,"NETCASH_INVEST":-585566000,"NETCASH_FINANCE":-236419000,"END_CASH":840875000,"DIVI_RATIO":null,"DIVIDEND_RATE":null,"CURRENT_RATIO":0.543229499319,"COMMON_ACS":2000000000,"CURRENTDEBT_DEBT":44.725456088778,"ISSUED_COMMON_SHARES":1200000000,"HK_COMMON_SHARES":1200000000,"PER_SHARES":1000,"TOTAL_MARKET_CAP":768000000,"HKSK_MARKET_CAP":768000000,"PE_TTM":1.553093529008,"PB_TTM":0.183492679779,"REPORT_DATE_SQ":"2023-12-31 00:00:00","REPORT_TYPE_SQ":"2023年年报","OPERATE_INCOME_SQ":1083304000,"DPS_HKD":null,"OPERATE_INCOME_QOQ_SQ":0,"NET_PROFIT_RATIO_SQ":36.28224395,"HOLDER_PROFIT_SQ":393047000,"HOLDER_PROFIT_QOQ_SQ":0,"ROE_AVG_SQ":12.551753825991,"PE_TTM_SQ":1.760673100164,"PB_TTM_SQ":0.205580726319,"ROA_SQ":5.637835479232,"START_DATE":"2023-09-01 00:00:00","FISCAL_YEAR":"8-31","CURRENCY":"HKD","IS_CNY_CODE":0,"DPS_HKD_LY":null,"ORG_TYPE":"一般企业","PREMIUM_INCOME":null,"PREMIUM_INCOME_YOY":null,"NET_INTEREST_INCOME":null,"NET_INTEREST_INCOME_YOY":null,"FEE_COMMISSION_INCOME":null,"FEE_COMMISSION_INCOME_YOY":null,"ACCOUNTS_RECE_TDAYS":50.020031150805,"INVENTORY_TDAYS":null,"CURRENT_ASSETS_TDAYS":1.322307269738,"TOTAL_ASSETS_TDAYS":0.171708565422,"PREMIUM_EXPENSE":null,"LOAN_DEPOSIT":null,"LOAN_EQUITY":null,"LOAN_ASSETS":null,"DEPOSIT_EQUITY":null,"DEPOSIT_ASSETS":null,"EQUITY_MULTIPLIER":1.964555765843,"EQUITY_RATIO":0.964555765843},{"SECUCODE":"01756.HK","SECURITY_CODE":"01756","SECURITY_NAME_ABBR":"中国职业教育","ORG_CODE":"10775346","STD_REPORT_DATE":"2024-06-30 00:00:00","REPORT_DATE":"2024-02-29 00:00:00","DATE_TYPE_CODE":"002","REPORT_TYPE":"2024年中报","PER_NETCASH_OPERATE":-0.02084,"PER_OI":0.533425833333,"BPS":2.9840225,"BASIC_EPS":0.183,"DILUTED_EPS":0.183,"OPERATE_INCOME":640111000,"OPERATE_INCOME_YOY":16.7991986045,"GROSS_PROFIT":344807000,"GROSS_PROFIT_YOY":6.792721641502,"HOLDER_PROFIT":219908000,"HOLDER_PROFIT_YOY":2.2566320244,"GROSS_PROFIT_RATIO":53.866751235333,"EPS_TTM":0.331583333333,"OPERATE_INCOME_QOQ":0,"NET_PROFIT_RATIO":34.3546666125,"ROE_AVG":6.330989599302,"GROSS_PROFIT_QOQ":0,"ROA":3.089969717572,"HOLDER_PROFIT_QOQ":0,"ROE_YEARLY":12.661979198605,"ROIC_YEARLY":6.859345717397,"TOTAL_ASSETS":6959028000,"TOTAL_LIABILITIES":3378201000,"TAX_EBT":8.58914831796,"OCF_SALES":-3.906822410488,"TOTAL_PARENT_EQUITY":3580827000,"DEBT_ASSET_RATIO":48.5441501313,"OPERATE_PROFIT":287565000,"PRETAX_PROFIT":240571000,"NETCASH_OPERATE":-25008000,"NETCASH_INVEST":-344911000,"NETCASH_FINANCE":-191166000,"END_CASH":424321000,"DIVI_RATIO":null,"DIVIDEND_RATE":null,"CURRENT_RATIO":0.353504169279,"COMMON_ACS":2000000000,"CURRENTDEBT_DEBT":41.364146183131,"ISSUED_COMMON_SHARES":1200000000,"HK_COMMON_SHARES":1200000000,"PER_SHARES":1000,"TOTAL_MARKET_CAP":792000000,"HKSK_MARKET_CAP":792000000,"PE_TTM":1.601627701789,"PB_TTM":0.189226826022,"REPORT_DATE_SQ":"2023-06-30 00:00:00","REPORT_TYPE_SQ":"2023年中报","OPERATE_INCOME_SQ":548044000,"DPS_HKD":null,"OPERATE_INCOME_QOQ_SQ":0,"NET_PROFIT_RATIO_SQ":39.2404624446,"HOLDER_PROFIT_SQ":215055000,"HOLDER_PROFIT_QOQ_SQ":0,"ROE_AVG_SQ":7.158615145586,"PE_TTM_SQ":1.760673100164,"PB_TTM_SQ":0.205580726319,"ROA_SQ":3.222360398658,"START_DATE":"2023-09-01 00:00:00","FISCAL_YEAR":"8-31","CURRENCY":"HKD","IS_CNY_CODE":0,"DPS_HKD_LY":null,"ORG_TYPE":"一般企业","PREMIUM_INCOME":null,"PREMIUM_INCOME_YOY":null,"NET_INTEREST_INCOME":null,"NET_INTEREST_INCOME_YOY":null,"FEE_COMMISSION_INCOME":null,"FEE_COMMISSION_INCOME_YOY":null,"ACCOUNTS_RECE_TDAYS":19.757427041375,"INVENTORY_TDAYS":null,"CURRENT_ASSETS_TDAYS":0.843428786767,"TOTAL_ASSETS_TDAYS":0.089943231073,"PREMIUM_EXPENSE":null,"LOAN_DEPOSIT":null,"LOAN_EQUITY":null,"LOAN_ASSETS":null,"DEPOSIT_EQUITY":null,"DEPOSIT_ASSETS":null,"EQUITY_MULTIPLIER":1.943413630426,"EQUITY_RATIO":0.943413630427},{"SECUCODE":"01756.HK","SECURITY_CODE":"01756","SECURITY_NAME_ABBR":"中国职业教育","ORG_CODE":"10775346","STD_REPORT_DATE":"2023-12-31 00:00:00","REPORT_DATE":"2023-08-31 00:00:00","DATE_TYPE_CODE":"001","REPORT_TYPE":"2023年年报","PER_NETCASH_OPERATE":0.58074,"PER_OI":0.902753333333,"BPS":2.8051725,"BASIC_EPS":0.328,"DILUTED_EPS":0.328,"OPERATE_INCOME":1083304000,"OPERATE_INCOME_YOY":19.3378881249,"GROSS_PROFIT":624604000,"GROSS_PROFIT_YOY":29.545308419976,"HOLDER_PROFIT":393047000,"HOLDER_PROFIT_YOY":51.2976164814,"GROSS_PROFIT_RATIO":57.657315028838,"EPS_TTM":0.327539166667,"OPERATE_INCOME_QOQ":0,"NET_PROFIT_RATIO":36.28224395,"ROE_AVG":12.551753825991,"GROSS_PROFIT_QOQ":0,"ROA":5.637835479232,"HOLDER_PROFIT_QOQ":0,"ROE_YEARLY":12.551753825991,"ROIC_YEARLY":6.46786317152,"TOTAL_ASSETS":7274639000,"TOTAL_LIABILITIES":3908432000,"TAX_EBT":1.299526394825,"OCF_SALES":64.329864931727,"TOTAL_PARENT_EQUITY":3366207000,"DEBT_ASSET_RATIO":53.7268172345,"OPERATE_PROFIT":496016000,"PRETAX_PROFIT":398222000,"NETCASH_OPERATE":696888000,"NETCASH_INVEST":-569425000,"NETCASH_FINANCE":54336000,"END_CASH":985499000,"DIVI_RATIO":null,"DIVIDEND_RATE":null,"CURRENT_RATIO":0.595043243476,"COMMON_ACS":2000000000,"CURRENTDEBT_DEBT":44.025890689668,"ISSUED_COMMON_SHARES":1200000000,"HK_COMMON_SHARES":1200000000,"PER_SHARES":1000,"TOTAL_MARKET_CAP":792000000,"HKSK_MARKET_CAP":792000000,"PE_TTM":1.601627701789,"PB_TTM":0.189226826022,"REPORT_DATE_SQ":"2022-12-31 00:00:00","REPORT_TYPE_SQ":"2022年年报","OPERATE_INCOME_SQ":907762000,"DPS_HKD":null,"OPERATE_INCOME_QOQ_SQ":0,"NET_PROFIT_RATIO_SQ":28.6180739004,"HOLDER_PROFIT_SQ":259784000,"HOLDER_PROFIT_QOQ_SQ":0,"ROE_AVG_SQ":9.307884959208,"PE_TTM_SQ":1.760673100164,"PB_TTM_SQ":0.205580726319,"ROA_SQ":3.997360779259,"START_DATE":"2022-09-01 00:00:00","FISCAL_YEAR":"8-31","CURRENCY":"HKD","IS_CNY_CODE":0,"DPS_HKD_LY":null,"ORG_TYPE":"一般企业","PREMIUM_INCOME":null,"PREMIUM_INCOME_YOY":null,"NET_INTEREST_INCOME":null,"NET_INTEREST_INCOME_YOY":null,"FEE_COMMISSION_INCOME":null,"FEE_COMMISSION_INCOME_YOY":null,"ACCOUNTS_RECE_TDAYS":45.452043299488,"INVENTORY_TDAYS":null,"CURRENT_ASSETS_TDAYS":1.155672809145,"TOTAL_ASSETS_TDAYS":0.155388279926,"PREMIUM_EXPENSE":null,"LOAN_DEPOSIT":null,"LOAN_EQUITY":null,"LOAN_ASSETS":null,"DEPOSIT_EQUITY":null,"DEPOSIT_ASSETS":null,"EQUITY_MULTIPLIER":2.161078923548,"EQUITY_RATIO":1.161078923548},{"SECUCODE":"01756.HK","SECURITY_CODE":"01756","SECURITY_NAME_ABBR":"中国职业教育","ORG_CODE":"10775346","STD_REPORT_DATE":"2023-06-30 00:00:00","REPORT_DATE":"2023-02-28 00:00:00","DATE_TYPE_CODE":"002","REPORT_TYPE":"2023年中报","PER_NETCASH_OPERATE":0.0091625,"PER_OI":0.456703333333,"BPS":2.593058333333,"BASIC_EPS":0.179,"DILUTED_EPS":0.179,"OPERATE_INCOME":548044000,"OPERATE_INCOME_YOY":19.2787263448,"GROSS_PROFIT":322875000,"GROSS_PROFIT_YOY":29.26064711393,"HOLDER_PROFIT":215055000,"HOLDER_PROFIT_YOY":50.4649226528,"GROSS_PROFIT_RATIO":58.914065294028,"EPS_TTM":0.276593333333,"OPERATE_INCOME_QOQ":0,"NET_PROFIT_RATIO":39.2404624446,"ROE_AVG":7.158615145586,"GROSS_PROFIT_QOQ":0,"ROA":3.222360398658,"HOLDER_PROFIT_QOQ":0,"ROE_YEARLY":14.317230291173,"ROIC_YEARLY":7.16523265391,"TOTAL_ASSETS":6679120000,"TOTAL_LIABILITIES":3567450000,"TAX_EBT":2.056291843148,"OCF_SALES":2.006225777492,"TOTAL_PARENT_EQUITY":3111670000,"DEBT_ASSET_RATIO":53.411976428,"OPERATE_PROFIT":268126000,"PRETAX_PROFIT":219570000,"NETCASH_OPERATE":10995000,"NETCASH_INVEST":-296648000,"NETCASH_FINANCE":20133000,"END_CASH":538352000,"DIVI_RATIO":null,"DIVIDEND_RATE":null,"CURRENT_RATIO":0.480398584181,"COMMON_ACS":2000000000,"CURRENTDEBT_DEBT":36.215588165216,"ISSUED_COMMON_SHARES":1200000000,"HK_COMMON_SHARES":1200000000,"PER_SHARES":1000,"TOTAL_MARKET_CAP":792000000,"HKSK_MARKET_CAP":792000000,"PE_TTM":1.601627701789,"PB_TTM":0.189226826022,"REPORT_DATE_SQ":"2022-06-30 00:00:00","REPORT_TYPE_SQ":"2022年中报","OPERATE_INCOME_SQ":459465000,"DPS_HKD":null,"OPERATE_INCOME_QOQ_SQ":0,"NET_PROFIT_RATIO_SQ":31.1072660594,"HOLDER_PROFIT_SQ":142927000,"HOLDER_PROFIT_QOQ_SQ":0,"ROE_AVG_SQ":5.230475285001,"PE_TTM_SQ":1.760673100164,"PB_TTM_SQ":0.205580726319,"ROA_SQ":2.248663014106,"START_DATE":"2022-09-01 00:00:00","FISCAL_YEAR":"8-31","CURRENCY":"HKD","IS_CNY_CODE":0,"DPS_HKD_LY":null,"ORG_TYPE":"一般企业","PREMIUM_INCOME":null,"PREMIUM_INCOME_YOY":null,"NET_INTEREST_INCOME":null,"NET_INTEREST_INCOME_YOY":null,"FEE_COMMISSION_INCOME":null,"FEE_COMMISSION_INCOME_YOY":null,"ACCOUNTS_RECE_TDAYS":12.546938495175,"INVENTORY_TDAYS":null,"CURRENT_ASSETS_TDAYS":0.744869410275,"TOTAL_ASSETS_TDAYS":0.082118308448,"PREMIUM_EXPENSE":null,"LOAN_DEPOSIT":null,"LOAN_EQUITY":null,"LOAN_ASSETS":null,"DEPOSIT_EQUITY":null,"DEPOSIT_ASSETS":null,"EQUITY_MULTIPLIER":2.146474401204,"EQUITY_RATIO":1.146474401206},{"SECUCODE":"01756.HK","SECURITY_CODE":"01756","SECURITY_NAME_ABBR":"中国职业教育","ORG_CODE":"10775346","STD_REPORT_DATE":"2022-12-31 00:00:00","REPORT_DATE":"2022-08-31 00:00:00","DATE_TYPE_CODE":"001","REPORT_TYPE":"2022年年报","PER_NETCASH_OPERATE":0.42288,"PER_OI":0.756468333333,"BPS":2.413845833333,"BASIC_EPS":0.216,"DILUTED_EPS":0.216,"OPERATE_INCOME":907762000,"OPERATE_INCOME_YOY":2.9610188101,"GROSS_PROFIT":482151000,"GROSS_PROFIT_YOY":2.473470446088,"HOLDER_PROFIT":259784000,"HOLDER_PROFIT_YOY":81.0858851658,"GROSS_PROFIT_RATIO":53.114252414179,"EPS_TTM":0.216486666667,"OPERATE_INCOME_QOQ":0,"NET_PROFIT_RATIO":28.6180739004,"ROE_AVG":9.307884959208,"GROSS_PROFIT_QOQ":0,"ROA":3.997360779259,"HOLDER_PROFIT_QOQ":0,"ROE_YEARLY":9.307884959208,"ROIC_YEARLY":4.59259064141,"TOTAL_ASSETS":6668549000,"TOTAL_LIABILITIES":3771934000,"TAX_EBT":6.868762188826,"OCF_SALES":55.901877364331,"TOTAL_PARENT_EQUITY":2896615000,"DEBT_ASSET_RATIO":56.5630394258,"OPERATE_PROFIT":384038000,"PRETAX_PROFIT":278944000,"NETCASH_OPERATE":507456000,"NETCASH_INVEST":-593764000,"NETCASH_FINANCE":9617000,"END_CASH":803845000,"DIVI_RATIO":null,"DIVIDEND_RATE":null,"CURRENT_RATIO":0.620406767451,"COMMON_ACS":2000000000,"CURRENTDEBT_DEBT":36.359252309293,"ISSUED_COMMON_SHARES":1200000000,"HK_COMMON_SHARES":1200000000,"PER_SHARES":1000,"TOTAL_MARKET_CAP":792000000,"HKSK_MARKET_CAP":792000000,"PE_TTM":1.601627701789,"PB_TTM":0.189226826022,"REPORT_DATE_SQ":"2021-12-31 00:00:00","REPORT_TYPE_SQ":"2021年年报","OPERATE_INCOME_SQ":881656000,"DPS_HKD":null,"OPERATE_INCOME_QOQ_SQ":0,"NET_PROFIT_RATIO_SQ":16.2715390129,"HOLDER_PROFIT_SQ":143459000,"HOLDER_PROFIT_QOQ_SQ":0,"ROE_AVG_SQ":5.350728606401,"PE_TTM_SQ":1.760673100164,"PB_TTM_SQ":0.205580726319,"ROA_SQ":2.519602091182,"START_DATE":"2021-09-01 00:00:00","FISCAL_YEAR":"8-31","CURRENCY":"HKD","IS_CNY_CODE":0,"DPS_HKD_LY":0.0502,"ORG_TYPE":"一般企业","PREMIUM_INCOME":null,"PREMIUM_INCOME_YOY":null,"NET_INTEREST_INCOME":null,"NET_INTEREST_INCOME_YOY":null,"FEE_COMMISSION_INCOME":null,"FEE_COMMISSION_INCOME_YOY":null,"ACCOUNTS_RECE_TDAYS":40.132720279411,"INVENTORY_TDAYS":null,"CURRENT_ASSETS_TDAYS":1.011878758964,"TOTAL_ASSETS_TDAYS":0.139679588262,"PREMIUM_EXPENSE":null,"LOAN_DEPOSIT":null,"LOAN_EQUITY":null,"LOAN_ASSETS":null,"DEPOSIT_EQUITY":null,"DEPOSIT_ASSETS":null,"EQUITY_MULTIPLIER":2.302186862941,"EQUITY_RATIO":1.302186862942},{"SECUCODE":"01756.HK","SECURITY_CODE":"01756","SECURITY_NAME_ABBR":"中国职业教育","ORG_CODE":"10775346","STD_REPORT_DATE":"2022-06-30 00:00:00","REPORT_DATE":"2022-02-28 00:00:00","DATE_TYPE_CODE":"002","REPORT_TYPE":"2022年中报","PER_NETCASH_OPERATE":0.007990833333,"PER_OI":0.3828875,"BPS":2.316465,"BASIC_EPS":0.12,"DILUTED_EPS":0.12,"OPERATE_INCOME":459465000,"OPERATE_INCOME_YOY":3.1643210619,"GROSS_PROFIT":249786000,"GROSS_PROFIT_YOY":4.350114674587,"HOLDER_PROFIT":142927000,"HOLDER_PROFIT_YOY":2.3957072136,"GROSS_PROFIT_RATIO":54.364532662989,"EPS_TTM":0.122335833333,"OPERATE_INCOME_QOQ":0,"NET_PROFIT_RATIO":31.1072660594,"ROE_AVG":5.230475285001,"GROSS_PROFIT_QOQ":0,"ROA":2.248663014106,"HOLDER_PROFIT_QOQ":0,"ROE_YEARLY":10.460950570001,"ROIC_YEARLY":5.071128298283,"TOTAL_ASSETS":6382949000,"TOTAL_LIABILITIES":3603191000,"TAX_EBT":8.378366250633,"OCF_SALES":2.086992480385,"TOTAL_PARENT_EQUITY":2779758000,"DEBT_ASSET_RATIO":56.4502552034,"OPERATE_PROFIT":200588000,"PRETAX_PROFIT":155997000,"NETCASH_OPERATE":9589000,"NETCASH_INVEST":-502422000,"NETCASH_FINANCE":170049000,"END_CASH":557641000,"DIVI_RATIO":null,"DIVIDEND_RATE":null,"CURRENT_RATIO":0.495738857474,"COMMON_ACS":2000000000,"CURRENTDEBT_DEBT":35.480023123948,"ISSUED_COMMON_SHARES":1200000000,"HK_COMMON_SHARES":1200000000,"PER_SHARES":1000,"TOTAL_MARKET_CAP":792000000,"HKSK_MARKET_CAP":792000000,"PE_TTM":1.601627701789,"PB_TTM":0.189226826022,"REPORT_DATE_SQ":"2021-06-30 00:00:00","REPORT_TYPE_SQ":"2021年中报","OPERATE_INCOME_SQ":445372000,"DPS_HKD":null,"OPERATE_INCOME_QOQ_SQ":0,"NET_PROFIT_RATIO_SQ":31.3407668196,"HOLDER_PROFIT_SQ":139583000,"HOLDER_PROFIT_QOQ_SQ":0,"ROE_AVG_SQ":5.152471374185,"PE_TTM_SQ":1.760673100164,"PB_TTM_SQ":0.205580726319,"ROA_SQ":2.620588752419,"START_DATE":"2021-09-01 00:00:00","FISCAL_YEAR":"8-31","CURRENCY":"HKD","IS_CNY_CODE":0,"DPS_HKD_LY":0.0502,"ORG_TYPE":"一般企业","PREMIUM_INCOME":null,"PREMIUM_INCOME_YOY":null,"NET_INTEREST_INCOME":null,"NET_INTEREST_INCOME_YOY":null,"FEE_COMMISSION_INCOME":null,"FEE_COMMISSION_INCOME_YOY":null,"ACCOUNTS_RECE_TDAYS":13.462795024686,"INVENTORY_TDAYS":null,"CURRENT_ASSETS_TDAYS":0.582665182945,"TOTAL_ASSETS_TDAYS":0.072287388092,"PREMIUM_EXPENSE":null,"LOAN_DEPOSIT":null,"LOAN_EQUITY":null,"LOAN_ASSETS":null,"DEPOSIT_EQUITY":null,"DEPOSIT_ASSETS":null,"EQUITY_MULTIPLIER":2.296224707333,"EQUITY_RATIO":1.296224707331},{"SECUCODE":"01756.HK","SECURITY_CODE":"01756","SECURITY_NAME_ABBR":"中国职业教育","ORG_CODE":"10775346","STD_REPORT_DATE":"2021-12-31 00:00:00","REPORT_DATE":"2021-08-31 00:00:00","DATE_TYPE_CODE":"001","REPORT_TYPE":"2021年年报","PER_NETCASH_OPERATE":0.591275833333,"PER_OI":0.734713333333,"BPS":2.2378375,"BASIC_EPS":0.12,"DILUTED_EPS":0.12,"OPERATE_INCOME":881656000,"OPERATE_INCOME_YOY":15.7817463601,"GROSS_PROFIT":470513000,"GROSS_PROFIT_YOY":3.962623100055,"HOLDER_PROFIT":143459000,"HOLDER_PROFIT_YOY":-53.2202472372,"GROSS_PROFIT_RATIO":53.366959449037,"EPS_TTM":0.119549166667,"OPERATE_INCOME_QOQ":0,"NET_PROFIT_RATIO":16.2715390129,"ROE_AVG":5.350728606401,"GROSS_PROFIT_QOQ":0,"ROA":2.519602091182,"HOLDER_PROFIT_QOQ":0,"ROE_YEARLY":5.350728606401,"ROIC_YEARLY":2.975828022244,"TOTAL_ASSETS":6329227000,"TOTAL_LIABILITIES":3643822000,"TAX_EBT":15.428783653931,"OCF_SALES":80.477079495858,"TOTAL_PARENT_EQUITY":2685405000,"DEBT_ASSET_RATIO":57.5713590301,"OPERATE_PROFIT":224439000,"PRETAX_PROFIT":169631000,"NETCASH_OPERATE":709531000,"NETCASH_INVEST":-1152900000,"NETCASH_FINANCE":475170000,"END_CASH":880752000,"DIVI_RATIO":null,"DIVIDEND_RATE":null,"CURRENT_RATIO":0.763908537242,"COMMON_ACS":2000000000,"CURRENTDEBT_DEBT":33.89043153041,"ISSUED_COMMON_SHARES":1200000000,"HK_COMMON_SHARES":1200000000,"PER_SHARES":1000,"TOTAL_MARKET_CAP":792000000,"HKSK_MARKET_CAP":792000000,"PE_TTM":1.601627701789,"PB_TTM":0.189226826022,"REPORT_DATE_SQ":"2020-12-31 00:00:00","REPORT_TYPE_SQ":"2020年年报","OPERATE_INCOME_SQ":761481000,"DPS_HKD":null,"OPERATE_INCOME_QOQ_SQ":0,"NET_PROFIT_RATIO_SQ":40.2727054253,"HOLDER_PROFIT_SQ":306669000,"HOLDER_PROFIT_QOQ_SQ":0,"ROE_AVG_SQ":14.405322287667,"PE_TTM_SQ":1.760673100164,"PB_TTM_SQ":0.205580726319,"ROA_SQ":6.535275943534,"START_DATE":"2020-09-01 00:00:00","FISCAL_YEAR":"8-31","CURRENCY":"HKD","IS_CNY_CODE":0,"DPS_HKD_LY":0.1369,"ORG_TYPE":"一般企业","PREMIUM_INCOME":null,"PREMIUM_INCOME_YOY":null,"NET_INTEREST_INCOME":null,"NET_INTEREST_INCOME_YOY":null,"FEE_COMMISSION_INCOME":null,"FEE_COMMISSION_INCOME_YOY":null,"ACCOUNTS_RECE_TDAYS":60.709657428129,"INVENTORY_TDAYS":null,"CURRENT_ASSETS_TDAYS":0.953606569257,"TOTAL_ASSETS_TDAYS":0.15484718988,"PREMIUM_EXPENSE":null,"LOAN_DEPOSIT":null,"LOAN_EQUITY":null,"LOAN_ASSETS":null,"DEPOSIT_EQUITY":null,"DEPOSIT_ASSETS":null,"EQUITY_MULTIPLIER":2.356898493896,"EQUITY_RATIO":1.356898493896},{"SECUCODE":"01756.HK","SECURITY_CODE":"01756","SECURITY_NAME_ABBR":"中国职业教育","ORG_CODE":"10775346","STD_REPORT_DATE":"2021-06-30 00:00:00","REPORT_DATE":"2021-02-28 00:00:00","DATE_TYPE_CODE":"002","REPORT_TYPE":"2021年中报","PER_NETCASH_OPERATE":0.268251666667,"PER_OI":0.371143333333,"BPS":2.284400833333,"BASIC_EPS":0.116,"DILUTED_EPS":0.116,"OPERATE_INCOME":445372000,"OPERATE_INCOME_YOY":13.1232775809,"GROSS_PROFIT":239373000,"GROSS_PROFIT_YOY":5.931787103541,"HOLDER_PROFIT":139583000,"HOLDER_PROFIT_YOY":1.0606872384,"GROSS_PROFIT_RATIO":53.746755521227,"EPS_TTM":0.256778333333,"OPERATE_INCOME_QOQ":0,"NET_PROFIT_RATIO":31.3407668196,"ROE_AVG":5.152471374185,"GROSS_PROFIT_QOQ":0,"ROA":2.620588752419,"HOLDER_PROFIT_QOQ":0,"ROE_YEARLY":10.30494274837,"ROIC_YEARLY":6.059589823034,"TOTAL_ASSETS":5594591000,"TOTAL_LIABILITIES":2853310000,"TAX_EBT":7.800889076774,"OCF_SALES":72.27710767628,"TOTAL_PARENT_EQUITY":2741281000,"DEBT_ASSET_RATIO":51.0012260056,"OPERATE_PROFIT":167787000,"PRETAX_PROFIT":151393000,"NETCASH_OPERATE":321902000,"NETCASH_INVEST":-811656000,"NETCASH_FINANCE":215387000,"END_CASH":573712000,"DIVI_RATIO":null,"DIVIDEND_RATE":null,"CURRENT_RATIO":0.709218959219,"COMMON_ACS":2000000000,"CURRENTDEBT_DEBT":32.351058945576,"ISSUED_COMMON_SHARES":1200000000,"HK_COMMON_SHARES":1200000000,"PER_SHARES":1000,"TOTAL_MARKET_CAP":792000000,"HKSK_MARKET_CAP":792000000,"PE_TTM":1.601627701789,"PB_TTM":0.189226826022,"REPORT_DATE_SQ":"2020-06-30 00:00:00","REPORT_TYPE_SQ":"2020年中报","OPERATE_INCOME_SQ":393705000,"DPS_HKD":null,"OPERATE_INCOME_QOQ_SQ":0,"NET_PROFIT_RATIO_SQ":35.0815966269,"HOLDER_PROFIT_SQ":138118000,"HOLDER_PROFIT_QOQ_SQ":0,"ROE_AVG_SQ":6.655027106908,"PE_TTM_SQ":1.760673100164,"PB_TTM_SQ":0.205580726319,"ROA_SQ":2.968821335929,"START_DATE":"2020-09-01 00:00:00","FISCAL_YEAR":"8-31","CURRENCY":"HKD","IS_CNY_CODE":0,"DPS_HKD_LY":0.1369,"ORG_TYPE":"一般企业","PREMIUM_INCOME":null,"PREMIUM_INCOME_YOY":null,"NET_INTEREST_INCOME":null,"NET_INTEREST_INCOME_YOY":null,"FEE_COMMISSION_INCOME":null,"FEE_COMMISSION_INCOME_YOY":null,"ACCOUNTS_RECE_TDAYS":17.714967582833,"INVENTORY_TDAYS":null,"CURRENT_ASSETS_TDAYS":0.570841544343,"TOTAL_ASSETS_TDAYS":0.083615974284,"PREMIUM_EXPENSE":null,"LOAN_DEPOSIT":null,"LOAN_EQUITY":null,"LOAN_ASSETS":null,"DEPOSIT_EQUITY":null,"DEPOSIT_ASSETS":null,"EQUITY_MULTIPLIER":2.040867390099,"EQUITY_RATIO":1.0408673901},{"SECUCODE":"01756.HK","SECURITY_CODE":"01756","SECURITY_NAME_ABBR":"中国职业教育","ORG_CODE":"10775346","STD_REPORT_DATE":"2020-12-31 00:00:00","REPORT_DATE":"2020-08-31 00:00:00","DATE_TYPE_CODE":"001","REPORT_TYPE":"2020年年报","PER_NETCASH_OPERATE":0.01397,"PER_OI":0.6345675,"BPS":2.230681666667,"BASIC_EPS":0.27,"DILUTED_EPS":0.27,"OPERATE_INCOME":761481000,"OPERATE_INCOME_YOY":12.8454356846,"GROSS_PROFIT":452579000,"GROSS_PROFIT_YOY":23.054983060802,"HOLDER_PROFIT":306669000,"HOLDER_PROFIT_YOY":37.4808910487,"GROSS_PROFIT_RATIO":59.43405022581,"EPS_TTM":0.2555575,"OPERATE_INCOME_QOQ":0,"NET_PROFIT_RATIO":40.2727054253,"ROE_AVG":14.405322287667,"GROSS_PROFIT_QOQ":0,"ROA":6.535275943534,"HOLDER_PROFIT_QOQ":0,"ROE_YEARLY":14.405322287667,"ROIC_YEARLY":7.603616880794,"TOTAL_ASSETS":5058206000,"TOTAL_LIABILITIES":2381388000,"TAX_EBT":1.371673731403,"OCF_SALES":2.201499446473,"TOTAL_PARENT_EQUITY":2676818000,"DEBT_ASSET_RATIO":47.0796958447,"OPERATE_PROFIT":354294000,"PRETAX_PROFIT":310934000,"NETCASH_OPERATE":16764000,"NETCASH_INVEST":-471752000,"NETCASH_FINANCE":871713000,"END_CASH":865062000,"DIVI_RATIO":null,"DIVIDEND_RATE":null,"CURRENT_RATIO":1.266674591465,"COMMON_ACS":2000000000,"CURRENTDEBT_DEBT":30.026816293691,"ISSUED_COMMON_SHARES":1200000000,"HK_COMMON_SHARES":1200000000,"PER_SHARES":1000,"TOTAL_MARKET_CAP":792000000,"HKSK_MARKET_CAP":792000000,"PE_TTM":1.601627701789,"PB_TTM":0.189226826022,"REPORT_DATE_SQ":"2019-12-31 00:00:00","REPORT_TYPE_SQ":"2019年年报","OPERATE_INCOME_SQ":674800000,"DPS_HKD":null,"OPERATE_INCOME_QOQ_SQ":0,"NET_PROFIT_RATIO_SQ":33.0561647896,"HOLDER_PROFIT_SQ":223063000,"HOLDER_PROFIT_QOQ_SQ":0,"ROE_AVG_SQ":15.180875321609,"PE_TTM_SQ":1.760673100164,"PB_TTM_SQ":0.205580726319,"ROA_SQ":5.611947808531,"START_DATE":"2019-09-01 00:00:00","FISCAL_YEAR":"8-31","CURRENCY":"HKD","IS_CNY_CODE":0,"DPS_HKD_LY":0.056,"ORG_TYPE":"一般企业","PREMIUM_INCOME":null,"PREMIUM_INCOME_YOY":null,"NET_INTEREST_INCOME":null,"NET_INTEREST_INCOME_YOY":null,"FEE_COMMISSION_INCOME":null,"FEE_COMMISSION_INCOME_YOY":null,"ACCOUNTS_RECE_TDAYS":60.940418550678,"INVENTORY_TDAYS":null,"CURRENT_ASSETS_TDAYS":1.099375801723,"TOTAL_ASSETS_TDAYS":0.162275562928,"PREMIUM_EXPENSE":null,"LOAN_DEPOSIT":null,"LOAN_EQUITY":null,"LOAN_ASSETS":null,"DEPOSIT_EQUITY":null,"DEPOSIT_ASSETS":null,"EQUITY_MULTIPLIER":1.889633886203,"EQUITY_RATIO":0.889633886204}],"count":17},"success":true,"message":"ok","code":0}