{"version":"ed052606cb946668f4d011ede9977853","result":{"pages":2,"data":[{"SECUCODE":"01755.HK","SECURITY_CODE":"01755","SECURITY_NAME_ABBR":"新城悦服务","ORG_CODE":"10929938","STD_REPORT_DATE":"2024-06-30 00:00:00","REPORT_DATE":"2024-06-30 00:00:00","DATE_TYPE_CODE":"002","REPORT_TYPE":"2024年中报","PER_NETCASH_OPERATE":0.023667240119,"PER_OI":3.17946796338,"BPS":3.477284751719,"BASIC_EPS":0.35,"DILUTED_EPS":0.35,"OPERATE_INCOME":2770369000,"OPERATE_INCOME_YOY":3.3295276828,"GROSS_PROFIT":753209000,"GROSS_PROFIT_YOY":4.966038345871,"HOLDER_PROFIT":301599000,"HOLDER_PROFIT_YOY":2.6583704632,"GROSS_PROFIT_RATIO":27.188038849698,"EPS_TTM":0.519727864612,"OPERATE_INCOME_QOQ":1.64571029098,"NET_PROFIT_RATIO":11.9902438989,"ROE_AVG":10.165748426217,"GROSS_PROFIT_QOQ":2.477271115721,"ROA":4.418021838811,"HOLDER_PROFIT_QOQ":1.754878720129,"ROE_YEARLY":20.331496852433,"ROIC_YEARLY":13.612300668104,"TOTAL_ASSETS":6970481000,"TOTAL_LIABILITIES":3572101000,"TAX_EBT":20.198438438438,"OCF_SALES":0.744377373556,"TOTAL_PARENT_EQUITY":3029866000,"DEBT_ASSET_RATIO":51.2461191703,"OPERATE_PROFIT":406594000,"PRETAX_PROFIT":416250000,"NETCASH_OPERATE":20622000,"NETCASH_INVEST":160530000,"NETCASH_FINANCE":1849000,"END_CASH":2107341000,"DIVI_RATIO":0.392424357221,"DIVIDEND_RATE":7.681228668942,"CURRENT_RATIO":1.724207935948,"COMMON_ACS":10000000000,"CURRENTDEBT_DEBT":95.740769927838,"ISSUED_COMMON_SHARES":871331000,"HK_COMMON_SHARES":871331000,"PER_SHARES":1000,"TOTAL_MARKET_CAP":2552999830,"HKSK_MARKET_CAP":2552999830,"PE_TTM":5.07650938014,"PB_TTM":0.769034632173,"REPORT_DATE_SQ":"2023-06-30 00:00:00","REPORT_TYPE_SQ":"2023年中报","OPERATE_INCOME_SQ":2681101000,"DPS_HKD":0.22506,"OPERATE_INCOME_QOQ_SQ":4.153640285175,"NET_PROFIT_RATIO_SQ":12.4398521354,"HOLDER_PROFIT_SQ":293789000,"HOLDER_PROFIT_QOQ_SQ":16.051204790826,"ROE_AVG_SQ":11.007200282346,"PE_TTM_SQ":4.23575961952,"PB_TTM_SQ":0.751136694695,"ROA_SQ":4.567971567433,"START_DATE":"2024-01-01 00:00:00","FISCAL_YEAR":"12-31","CURRENCY":"HKD","IS_CNY_CODE":0,"DPS_HKD_LY":0.22506,"ORG_TYPE":"一般企业","PREMIUM_INCOME":null,"PREMIUM_INCOME_YOY":null,"NET_INTEREST_INCOME":null,"NET_INTEREST_INCOME_YOY":null,"FEE_COMMISSION_INCOME":null,"FEE_COMMISSION_INCOME_YOY":null,"ACCOUNTS_RECE_TDAYS":1.356892278328,"INVENTORY_TDAYS":54.839463882772,"CURRENT_ASSETS_TDAYS":0.483949599782,"TOTAL_ASSETS_TDAYS":0.40582199356,"PREMIUM_EXPENSE":null,"LOAN_DEPOSIT":null,"LOAN_EQUITY":null,"LOAN_ASSETS":null,"DEPOSIT_EQUITY":null,"DEPOSIT_ASSETS":null,"EQUITY_MULTIPLIER":2.051118768356,"EQUITY_RATIO":1.178963360096},{"SECUCODE":"01755.HK","SECURITY_CODE":"01755","SECURITY_NAME_ABBR":"新城悦服务","ORG_CODE":"10929938","STD_REPORT_DATE":"2023-12-31 00:00:00","REPORT_DATE":"2023-12-31 00:00:00","DATE_TYPE_CODE":"001","REPORT_TYPE":"2023年年报","PER_NETCASH_OPERATE":0.486279037473,"PER_OI":6.225285224559,"BPS":3.332562481996,"BASIC_EPS":0.52,"DILUTED_EPS":0.52,"OPERATE_INCOME":5424284000,"OPERATE_INCOME_YOY":4.7249444112,"GROSS_PROFIT":1438478000,"GROSS_PROFIT_YOY":7.498318561585,"HOLDER_PROFIT":445045000,"HOLDER_PROFIT_YOY":5.0933228802,"GROSS_PROFIT_RATIO":26.519223550979,"EPS_TTM":0.510764565934,"OPERATE_INCOME_QOQ":0.548520555294,"NET_PROFIT_RATIO":9.3626734883,"ROE_AVG":16.203361111096,"GROSS_PROFIT_QOQ":7.382360955072,"ROA":6.935789653316,"HOLDER_PROFIT_QOQ":-9.442281905142,"ROE_YEARLY":16.203361111096,"ROIC_YEARLY":10.820680192122,"TOTAL_ASSETS":6682643000,"TOTAL_LIABILITIES":3391435000,"TAX_EBT":21.333674109529,"OCF_SALES":7.811353535324,"TOTAL_PARENT_EQUITY":2903765000,"DEBT_ASSET_RATIO":50.7499053892,"OPERATE_PROFIT":623676000,"PRETAX_PROFIT":645585000,"NETCASH_OPERATE":423710000,"NETCASH_INVEST":-304231000,"NETCASH_FINANCE":-175253000,"END_CASH":1927283000,"DIVI_RATIO":0.399310928758,"DIVIDEND_RATE":7.734020618557,"CURRENT_RATIO":1.759616871691,"COMMON_ACS":10000000000,"CURRENTDEBT_DEBT":93.040025829774,"ISSUED_COMMON_SHARES":871331000,"HK_COMMON_SHARES":871331000,"PER_SHARES":1000,"TOTAL_MARKET_CAP":2535573210,"HKSK_MARKET_CAP":2535573210,"PE_TTM":5.041857438979,"PB_TTM":0.763785249019,"REPORT_DATE_SQ":"2022-12-31 00:00:00","REPORT_TYPE_SQ":"2022年年报","OPERATE_INCOME_SQ":5179553000,"DPS_HKD":0.22506,"OPERATE_INCOME_QOQ_SQ":4.854642323715,"NET_PROFIT_RATIO_SQ":9.1657909476,"HOLDER_PROFIT_SQ":423476000,"HOLDER_PROFIT_QOQ_SQ":-8.901289437114,"ROE_AVG_SQ":17.379085393805,"PE_TTM_SQ":5.521320904822,"PB_TTM_SQ":0.97910814289,"ROA_SQ":7.326389333418,"START_DATE":"2023-01-01 00:00:00","FISCAL_YEAR":"12-31","CURRENCY":"HKD","IS_CNY_CODE":0,"DPS_HKD_LY":0.17398,"ORG_TYPE":"一般企业","PREMIUM_INCOME":null,"PREMIUM_INCOME_YOY":null,"NET_INTEREST_INCOME":null,"NET_INTEREST_INCOME_YOY":null,"FEE_COMMISSION_INCOME":null,"FEE_COMMISSION_INCOME_YOY":null,"ACCOUNTS_RECE_TDAYS":3.511872667615,"INVENTORY_TDAYS":95.076713897238,"CURRENT_ASSETS_TDAYS":1.058263485227,"TOTAL_ASSETS_TDAYS":0.845345815453,"PREMIUM_EXPENSE":null,"LOAN_DEPOSIT":null,"LOAN_EQUITY":null,"LOAN_ASSETS":null,"DEPOSIT_EQUITY":null,"DEPOSIT_ASSETS":null,"EQUITY_MULTIPLIER":2.030452952228,"EQUITY_RATIO":1.167944031284},{"SECUCODE":"01755.HK","SECURITY_CODE":"01755","SECURITY_NAME_ABBR":"新城悦服务","ORG_CODE":"10929938","STD_REPORT_DATE":"2023-06-30 00:00:00","REPORT_DATE":"2023-06-30 00:00:00","DATE_TYPE_CODE":"002","REPORT_TYPE":"2023年中报","PER_NETCASH_OPERATE":0.007549369872,"PER_OI":3.077017803797,"BPS":3.154537139158,"BASIC_EPS":0.34,"DILUTED_EPS":0.34,"OPERATE_INCOME":2681101000,"OPERATE_INCOME_YOY":8.7243877742,"GROSS_PROFIT":717574000,"GROSS_PROFIT_YOY":0.201779288368,"HOLDER_PROFIT":293789000,"HOLDER_PROFIT_YOY":30.1010557268,"GROSS_PROFIT_RATIO":26.764153980025,"EPS_TTM":0.564021020714,"OPERATE_INCOME_QOQ":4.153640285175,"NET_PROFIT_RATIO":12.4398521354,"ROE_AVG":11.007200282346,"GROSS_PROFIT_QOQ":0.10798571151,"ROA":4.567971567433,"HOLDER_PROFIT_QOQ":16.051204790826,"ROE_YEARLY":22.014400564693,"ROIC_YEARLY":14.352349198207,"TOTAL_ASSETS":6712349000,"TOTAL_LIABILITIES":3596833000,"TAX_EBT":21.345307131217,"OCF_SALES":0.245346967533,"TOTAL_PARENT_EQUITY":2748646000,"DEBT_ASSET_RATIO":53.5853097031,"OPERATE_PROFIT":409640000,"PRETAX_PROFIT":424037000,"NETCASH_OPERATE":6578000,"NETCASH_INVEST":9171000,"NETCASH_FINANCE":14689000,"END_CASH":2015485000,"DIVI_RATIO":0.361606865187,"DIVIDEND_RATE":7.734020618557,"CURRENT_RATIO":1.556639703722,"COMMON_ACS":10000000000,"CURRENTDEBT_DEBT":92.832416739949,"ISSUED_COMMON_SHARES":871331000,"HK_COMMON_SHARES":871331000,"PER_SHARES":1000,"TOTAL_MARKET_CAP":2535573210,"HKSK_MARKET_CAP":2535573210,"PE_TTM":5.041857438979,"PB_TTM":0.763785249019,"REPORT_DATE_SQ":"2022-06-30 00:00:00","REPORT_TYPE_SQ":"2022年中报","OPERATE_INCOME_SQ":2465961000,"DPS_HKD":0.22506,"OPERATE_INCOME_QOQ_SQ":13.538195270454,"NET_PROFIT_RATIO_SQ":10.4502463745,"HOLDER_PROFIT_SQ":225816000,"HOLDER_PROFIT_QOQ_SQ":-11.533052307048,"ROE_AVG_SQ":9.707009227883,"PE_TTM_SQ":5.521320904822,"PB_TTM_SQ":0.97910814289,"ROA_SQ":4.105728285136,"START_DATE":"2023-01-01 00:00:00","FISCAL_YEAR":"12-31","CURRENCY":"HKD","IS_CNY_CODE":0,"DPS_HKD_LY":0.17398,"ORG_TYPE":"一般企业","PREMIUM_INCOME":null,"PREMIUM_INCOME_YOY":null,"NET_INTEREST_INCOME":null,"NET_INTEREST_INCOME_YOY":null,"FEE_COMMISSION_INCOME":null,"FEE_COMMISSION_INCOME_YOY":null,"ACCOUNTS_RECE_TDAYS":1.726641866042,"INVENTORY_TDAYS":50.441261849102,"CURRENT_ASSETS_TDAYS":0.54181864956,"TOTAL_ASSETS_TDAYS":0.416870377632,"PREMIUM_EXPENSE":null,"LOAN_DEPOSIT":null,"LOAN_EQUITY":null,"LOAN_ASSETS":null,"DEPOSIT_EQUITY":null,"DEPOSIT_ASSETS":null,"EQUITY_MULTIPLIER":2.154490299522,"EQUITY_RATIO":1.308583571693},{"SECUCODE":"01755.HK","SECURITY_CODE":"01755","SECURITY_NAME_ABBR":"新城悦服务","ORG_CODE":"10929938","STD_REPORT_DATE":"2022-12-31 00:00:00","REPORT_DATE":"2022-12-31 00:00:00","DATE_TYPE_CODE":"001","REPORT_TYPE":"2022年年报","PER_NETCASH_OPERATE":0.073316950384,"PER_OI":5.945097224502,"BPS":2.971864882576,"BASIC_EPS":0.5,"DILUTED_EPS":0.5,"OPERATE_INCOME":5179553000,"OPERATE_INCOME_YOY":19.0500685516,"GROSS_PROFIT":1338140000,"GROSS_PROFIT_YOY":-0.253960539586,"HOLDER_PROFIT":423476000,"HOLDER_PROFIT_YOY":-19.4077513774,"GROSS_PROFIT_RATIO":25.835047927881,"EPS_TTM":0.486066267155,"OPERATE_INCOME_QOQ":4.854642323715,"NET_PROFIT_RATIO":9.1657909476,"ROE_AVG":17.379085393805,"GROSS_PROFIT_QOQ":-9.769680525034,"ROA":7.326389333418,"HOLDER_PROFIT_QOQ":-8.901289437114,"ROE_YEARLY":17.379085393805,"ROIC_YEARLY":12.984610601347,"TOTAL_ASSETS":6150647000,"TOTAL_LIABILITIES":3242124000,"TAX_EBT":24.280842892323,"OCF_SALES":1.233233833113,"TOTAL_PARENT_EQUITY":2589478000,"DEBT_ASSET_RATIO":52.7119179494,"OPERATE_PROFIT":601944000,"PRETAX_PROFIT":626984000,"NETCASH_OPERATE":63876000,"NETCASH_INVEST":-467068000,"NETCASH_FINANCE":-144421000,"END_CASH":1973696000,"DIVI_RATIO":0.419600961806,"DIVIDEND_RATE":7.734020618557,"CURRENT_RATIO":1.561476124823,"COMMON_ACS":10000000000,"CURRENTDEBT_DEBT":92.819984676712,"ISSUED_COMMON_SHARES":871331000,"HK_COMMON_SHARES":871331000,"PER_SHARES":1000,"TOTAL_MARKET_CAP":2535573210,"HKSK_MARKET_CAP":2535573210,"PE_TTM":5.041857438979,"PB_TTM":0.763785249019,"REPORT_DATE_SQ":"2021-12-31 00:00:00","REPORT_TYPE_SQ":"2021年年报","OPERATE_INCOME_SQ":4350735000,"DPS_HKD":0.22506,"OPERATE_INCOME_QOQ_SQ":23.539042674535,"NET_PROFIT_RATIO_SQ":12.8421749429,"HOLDER_PROFIT_SQ":525455000,"HOLDER_PROFIT_QOQ_SQ":-4.440661752805,"ROE_AVG_SQ":29.472522862092,"PE_TTM_SQ":5.521320904822,"PB_TTM_SQ":0.97910814289,"ROA_SQ":12.046612806474,"START_DATE":"2022-01-01 00:00:00","FISCAL_YEAR":"12-31","CURRENCY":"HKD","IS_CNY_CODE":0,"DPS_HKD_LY":0.18167,"ORG_TYPE":"一般企业","PREMIUM_INCOME":null,"PREMIUM_INCOME_YOY":null,"NET_INTEREST_INCOME":null,"NET_INTEREST_INCOME_YOY":null,"FEE_COMMISSION_INCOME":null,"FEE_COMMISSION_INCOME_YOY":null,"ACCOUNTS_RECE_TDAYS":5.40941245891,"INVENTORY_TDAYS":105.924721843074,"CURRENT_ASSETS_TDAYS":1.146503090679,"TOTAL_ASSETS_TDAYS":0.896093801091,"PREMIUM_EXPENSE":null,"LOAN_DEPOSIT":null,"LOAN_EQUITY":null,"LOAN_ASSETS":null,"DEPOSIT_EQUITY":null,"DEPOSIT_ASSETS":null,"EQUITY_MULTIPLIER":2.114697734896,"EQUITY_RATIO":1.252037669368},{"SECUCODE":"01755.HK","SECURITY_CODE":"01755","SECURITY_NAME_ABBR":"新城悦服务","ORG_CODE":"10929938","STD_REPORT_DATE":"2022-06-30 00:00:00","REPORT_DATE":"2022-06-30 00:00:00","DATE_TYPE_CODE":"002","REPORT_TYPE":"2022年中报","PER_NETCASH_OPERATE":-0.438351994707,"PER_OI":2.832471479571,"BPS":2.718505367076,"BASIC_EPS":0.26,"DILUTED_EPS":0.26,"OPERATE_INCOME":2465961000,"OPERATE_INCOME_YOY":31.3812834652,"GROSS_PROFIT":716129000,"GROSS_PROFIT_YOY":24.620246446091,"HOLDER_PROFIT":225816000,"HOLDER_PROFIT_YOY":-21.1583111338,"GROSS_PROFIT_RATIO":29.040564712905,"EPS_TTM":0.533944250199,"OPERATE_INCOME_QOQ":13.538195270454,"NET_PROFIT_RATIO":10.4502463745,"ROE_AVG":9.707009227883,"GROSS_PROFIT_QOQ":10.546033795312,"ROA":4.105728285136,"HOLDER_PROFIT_QOQ":-11.533052307048,"ROE_YEARLY":19.414018455766,"ROIC_YEARLY":14.68982785236,"TOTAL_ASSETS":5590401000,"TOTAL_LIABILITIES":2946513000,"TAX_EBT":24.703135774477,"OCF_SALES":-15.475954404794,"TOTAL_PARENT_EQUITY":2368718000,"DEBT_ASSET_RATIO":52.706648414,"OPERATE_PROFIT":328720000,"PRETAX_PROFIT":342244000,"NETCASH_OPERATE":-381631000,"NETCASH_INVEST":-295360000,"NETCASH_FINANCE":-8586000,"END_CASH":1831154000,"DIVI_RATIO":0.38197597057,"DIVIDEND_RATE":7.734020618557,"CURRENT_RATIO":1.619717240828,"COMMON_ACS":10000000000,"CURRENTDEBT_DEBT":93.452158534512,"ISSUED_COMMON_SHARES":871331000,"HK_COMMON_SHARES":871331000,"PER_SHARES":1000,"TOTAL_MARKET_CAP":2535573210,"HKSK_MARKET_CAP":2535573210,"PE_TTM":5.041857438979,"PB_TTM":0.763785249019,"REPORT_DATE_SQ":"2021-06-30 00:00:00","REPORT_TYPE_SQ":"2021年中报","OPERATE_INCOME_SQ":1876950000,"DPS_HKD":0.22506,"OPERATE_INCOME_QOQ_SQ":22.861123893098,"NET_PROFIT_RATIO_SQ":16.2006446629,"HOLDER_PROFIT_SQ":286417000,"HOLDER_PROFIT_QOQ_SQ":21.549248762674,"ROE_AVG_SQ":16.258441655016,"PE_TTM_SQ":5.521320904822,"PB_TTM_SQ":0.97910814289,"ROA_SQ":6.98857421296,"START_DATE":"2022-01-01 00:00:00","FISCAL_YEAR":"12-31","CURRENCY":"HKD","IS_CNY_CODE":0,"DPS_HKD_LY":0.18167,"ORG_TYPE":"一般企业","PREMIUM_INCOME":null,"PREMIUM_INCOME_YOY":null,"NET_INTEREST_INCOME":null,"NET_INTEREST_INCOME_YOY":null,"FEE_COMMISSION_INCOME":null,"FEE_COMMISSION_INCOME_YOY":null,"ACCOUNTS_RECE_TDAYS":2.831464892897,"INVENTORY_TDAYS":52.205740199296,"CURRENT_ASSETS_TDAYS":0.560674857666,"TOTAL_ASSETS_TDAYS":0.448354670517,"PREMIUM_EXPENSE":null,"LOAN_DEPOSIT":null,"LOAN_EQUITY":null,"LOAN_ASSETS":null,"DEPOSIT_EQUITY":null,"DEPOSIT_ASSETS":null,"EQUITY_MULTIPLIER":2.114462110349,"EQUITY_RATIO":1.243927305825},{"SECUCODE":"01755.HK","SECURITY_CODE":"01755","SECURITY_NAME_ABBR":"新城悦服务","ORG_CODE":"10929938","STD_REPORT_DATE":"2021-12-31 00:00:00","REPORT_DATE":"2021-12-31 00:00:00","DATE_TYPE_CODE":"001","REPORT_TYPE":"2021年年报","PER_NETCASH_OPERATE":0.868066297835,"PER_OI":5.000074701138,"BPS":2.621185290091,"BASIC_EPS":0.62,"DILUTED_EPS":0.62,"OPERATE_INCOME":4350735000,"OPERATE_INCOME_YOY":51.7814562767,"GROSS_PROFIT":1341547000,"GROSS_PROFIT_YOY":52.316111562108,"HOLDER_PROFIT":525455000,"HOLDER_PROFIT_YOY":16.151657762,"GROSS_PROFIT_RATIO":30.834950876116,"EPS_TTM":0.603878253235,"OPERATE_INCOME_QOQ":23.539042674535,"NET_PROFIT_RATIO":12.8421749429,"ROE_AVG":29.472522862092,"GROSS_PROFIT_QOQ":22.934470845895,"ROA":12.046612806474,"HOLDER_PROFIT_QOQ":-4.440661752805,"ROE_YEARLY":29.472522862092,"ROIC_YEARLY":26.478180967033,"TOTAL_ASSETS":5409645000,"TOTAL_LIABILITIES":2885013000,"TAX_EBT":24.66670082354,"OCF_SALES":17.361066578406,"TOTAL_PARENT_EQUITY":2283920000,"DEBT_ASSET_RATIO":53.3309117327,"OPERATE_PROFIT":712711000,"PRETAX_PROFIT":741676000,"NETCASH_OPERATE":755334000,"NETCASH_INVEST":-591094000,"NETCASH_FINANCE":468217000,"END_CASH":2504102000,"DIVI_RATIO":0.337740052912,"DIVIDEND_RATE":7.734020618557,"CURRENT_RATIO":1.617203952999,"COMMON_ACS":10000000000,"CURRENTDEBT_DEBT":92.942631454347,"ISSUED_COMMON_SHARES":871331000,"HK_COMMON_SHARES":871331000,"PER_SHARES":1000,"TOTAL_MARKET_CAP":2535573210,"HKSK_MARKET_CAP":2535573210,"PE_TTM":5.041857438979,"PB_TTM":0.763785249019,"REPORT_DATE_SQ":"2020-12-31 00:00:00","REPORT_TYPE_SQ":"2020年年报","OPERATE_INCOME_SQ":2866447000,"DPS_HKD":0.22506,"OPERATE_INCOME_QOQ_SQ":19.963982936466,"NET_PROFIT_RATIO_SQ":17.0624469945,"HOLDER_PROFIT_SQ":452387000,"HOLDER_PROFIT_QOQ_SQ":27.90241364784,"ROE_AVG_SQ":41.016465084229,"PE_TTM_SQ":5.521320904822,"PB_TTM_SQ":0.97910814289,"ROA_SQ":16.40980270853,"START_DATE":"2021-01-01 00:00:00","FISCAL_YEAR":"12-31","CURRENCY":"HKD","IS_CNY_CODE":0,"DPS_HKD_LY":0.33003,"ORG_TYPE":"一般企业","PREMIUM_INCOME":null,"PREMIUM_INCOME_YOY":null,"NET_INTEREST_INCOME":null,"NET_INTEREST_INCOME_YOY":null,"FEE_COMMISSION_INCOME":null,"FEE_COMMISSION_INCOME_YOY":null,"ACCOUNTS_RECE_TDAYS":8.885161835793,"INVENTORY_TDAYS":131.302382406842,"CURRENT_ASSETS_TDAYS":1.188439989412,"TOTAL_ASSETS_TDAYS":0.997452112333,"PREMIUM_EXPENSE":null,"LOAN_DEPOSIT":null,"LOAN_EQUITY":null,"LOAN_ASSETS":null,"DEPOSIT_EQUITY":null,"DEPOSIT_ASSETS":null,"EQUITY_MULTIPLIER":2.14274595268,"EQUITY_RATIO":1.263184787558},{"SECUCODE":"01755.HK","SECURITY_CODE":"01755","SECURITY_NAME_ABBR":"新城悦服务","ORG_CODE":"10929938","STD_REPORT_DATE":"2021-06-30 00:00:00","REPORT_DATE":"2021-06-30 00:00:00","DATE_TYPE_CODE":"002","REPORT_TYPE":"2021年中报","PER_NETCASH_OPERATE":0.047327622783,"PER_OI":2.15229282053,"BPS":2.572494264522,"BASIC_EPS":0.34,"DILUTED_EPS":0.34,"OPERATE_INCOME":1876950000,"OPERATE_INCOME_YOY":53.6408196142,"GROSS_PROFIT":574649000,"GROSS_PROFIT_YOY":57.808174787996,"HOLDER_PROFIT":286417000,"HOLDER_PROFIT_YOY":51.5987318121,"GROSS_PROFIT_RATIO":30.616105916514,"EPS_TTM":0.630537686195,"OPERATE_INCOME_QOQ":22.861123893098,"NET_PROFIT_RATIO":16.2006446629,"ROE_AVG":16.258441655016,"GROSS_PROFIT_QOQ":23.900245809041,"ROA":6.98857421296,"HOLDER_PROFIT_QOQ":21.549248762674,"ROE_YEARLY":32.516883310031,"ROIC_YEARLY":33.817472642267,"TOTAL_ASSETS":4882670000,"TOTAL_LIABILITIES":2484863000,"TAX_EBT":20.073702582219,"OCF_SALES":2.198939769307,"TOTAL_PARENT_EQUITY":2241494000,"DEBT_ASSET_RATIO":50.8914794569,"OPERATE_PROFIT":366204000,"PRETAX_PROFIT":380448000,"NETCASH_OPERATE":41273000,"NETCASH_INVEST":-142936000,"NETCASH_FINANCE":872863000,"END_CASH":2642693000,"DIVI_RATIO":0.323460243004,"DIVIDEND_RATE":7.734020618557,"CURRENT_RATIO":1.834411312544,"COMMON_ACS":10000000000,"CURRENTDEBT_DEBT":98.06005401505,"ISSUED_COMMON_SHARES":871331000,"HK_COMMON_SHARES":871331000,"PER_SHARES":1000,"TOTAL_MARKET_CAP":2535573210,"HKSK_MARKET_CAP":2535573210,"PE_TTM":5.041857438979,"PB_TTM":0.763785249019,"REPORT_DATE_SQ":"2020-06-30 00:00:00","REPORT_TYPE_SQ":"2020年中报","OPERATE_INCOME_SQ":1221648000,"DPS_HKD":0.22506,"OPERATE_INCOME_QOQ_SQ":18.052979556587,"NET_PROFIT_RATIO_SQ":16.8231765615,"HOLDER_PROFIT_SQ":188931000,"HOLDER_PROFIT_QOQ_SQ":25.419575832148,"ROE_AVG_SQ":19.888625130929,"PE_TTM_SQ":5.521320904822,"PB_TTM_SQ":0.97910814289,"ROA_SQ":7.922174990959,"START_DATE":"2021-01-01 00:00:00","FISCAL_YEAR":"12-31","CURRENCY":"HKD","IS_CNY_CODE":0,"DPS_HKD_LY":0.33003,"ORG_TYPE":"一般企业","PREMIUM_INCOME":null,"PREMIUM_INCOME_YOY":null,"NET_INTEREST_INCOME":null,"NET_INTEREST_INCOME_YOY":null,"FEE_COMMISSION_INCOME":null,"FEE_COMMISSION_INCOME_YOY":null,"ACCOUNTS_RECE_TDAYS":3.188252919954,"INVENTORY_TDAYS":58.30632849052,"CURRENT_ASSETS_TDAYS":0.503527131164,"TOTAL_ASSETS_TDAYS":0.45797576153,"PREMIUM_EXPENSE":null,"LOAN_DEPOSIT":null,"LOAN_EQUITY":null,"LOAN_ASSETS":null,"DEPOSIT_EQUITY":null,"DEPOSIT_ASSETS":null,"EQUITY_MULTIPLIER":2.036306508404,"EQUITY_RATIO":1.108574459713},{"SECUCODE":"01755.HK","SECURITY_CODE":"01755","SECURITY_NAME_ABBR":"新城悦服务","ORG_CODE":"10929938","STD_REPORT_DATE":"2020-12-31 00:00:00","REPORT_DATE":"2020-12-31 00:00:00","DATE_TYPE_CODE":"001","REPORT_TYPE":"2020年年报","PER_NETCASH_OPERATE":0.95973289401,"PER_OI":3.49545819823,"BPS":1.471091927178,"BASIC_EPS":0.55,"DILUTED_EPS":0.55,"OPERATE_INCOME":2866447000,"OPERATE_INCOME_YOY":41.6210562513,"GROSS_PROFIT":880765000,"GROSS_PROFIT_YOY":46.823776128186,"HOLDER_PROFIT":452387000,"HOLDER_PROFIT_YOY":60.4146646762,"GROSS_PROFIT_RATIO":30.726714988974,"EPS_TTM":0.551658498456,"OPERATE_INCOME_QOQ":19.963982936466,"NET_PROFIT_RATIO":17.0624469945,"ROE_AVG":41.016465084229,"GROSS_PROFIT_QOQ":23.335368466453,"ROA":16.40980270853,"HOLDER_PROFIT_QOQ":27.90241364784,"ROE_YEARLY":41.016465084229,"ROIC_YEARLY":42.641572391899,"TOTAL_ASSETS":3314052000,"TOTAL_LIABILITIES":1904463000,"TAX_EBT":23.146691724716,"OCF_SALES":27.456569055699,"TOTAL_PARENT_EQUITY":1281808000,"DEBT_ASSET_RATIO":57.4662980545,"OPERATE_PROFIT":614158000,"PRETAX_PROFIT":636389000,"NETCASH_OPERATE":787028000,"NETCASH_INVEST":-95324000,"NETCASH_FINANCE":-143246000,"END_CASH":1882136000,"DIVI_RATIO":0.369710380192,"DIVIDEND_RATE":7.734020618557,"CURRENT_RATIO":1.60807891899,"COMMON_ACS":10000000000,"CURRENTDEBT_DEBT":97.480812176451,"ISSUED_COMMON_SHARES":871331000,"HK_COMMON_SHARES":871331000,"PER_SHARES":1000,"TOTAL_MARKET_CAP":2535573210,"HKSK_MARKET_CAP":2535573210,"PE_TTM":5.041857438979,"PB_TTM":0.763785249019,"REPORT_DATE_SQ":"2019-12-31 00:00:00","REPORT_TYPE_SQ":"2019年年报","OPERATE_INCOME_SQ":2024026000,"DPS_HKD":0.22506,"OPERATE_INCOME_QOQ_SQ":34.376686741029,"NET_PROFIT_RATIO_SQ":14.9135436007,"HOLDER_PROFIT_SQ":282011000,"HOLDER_PROFIT_QOQ_SQ":32.311943736775,"ROE_AVG_SQ":31.700948068678,"PE_TTM_SQ":5.521320904822,"PB_TTM_SQ":0.97910814289,"ROA_SQ":15.033534936546,"START_DATE":"2020-01-01 00:00:00","FISCAL_YEAR":"12-31","CURRENCY":"HKD","IS_CNY_CODE":0,"DPS_HKD_LY":0.19688,"ORG_TYPE":"一般企业","PREMIUM_INCOME":null,"PREMIUM_INCOME_YOY":null,"NET_INTEREST_INCOME":null,"NET_INTEREST_INCOME_YOY":null,"FEE_COMMISSION_INCOME":null,"FEE_COMMISSION_INCOME_YOY":null,"ACCOUNTS_RECE_TDAYS":9.256531602445,"INVENTORY_TDAYS":141.053596164092,"CURRENT_ASSETS_TDAYS":1.138078039889,"TOTAL_ASSETS_TDAYS":1.039769704798,"PREMIUM_EXPENSE":null,"LOAN_DEPOSIT":null,"LOAN_EQUITY":null,"LOAN_ASSETS":null,"DEPOSIT_EQUITY":null,"DEPOSIT_ASSETS":null,"EQUITY_MULTIPLIER":2.35107680324,"EQUITY_RATIO":1.485763078402},{"SECUCODE":"01755.HK","SECURITY_CODE":"01755","SECURITY_NAME_ABBR":"新城悦服务","ORG_CODE":"10929938","STD_REPORT_DATE":"2020-06-30 00:00:00","REPORT_DATE":"2020-06-30 00:00:00","DATE_TYPE_CODE":"002","REPORT_TYPE":"2020年中报","PER_NETCASH_OPERATE":-0.02195819582,"PER_OI":1.493274660799,"BPS":1.119916541475,"BASIC_EPS":0.23,"DILUTED_EPS":0.23,"OPERATE_INCOME":1221648000,"OPERATE_INCOME_YOY":42.6740523515,"GROSS_PROFIT":364144000,"GROSS_PROFIT_YOY":45.715303260091,"HOLDER_PROFIT":188931000,"HOLDER_PROFIT_YOY":61.142052966,"GROSS_PROFIT_RATIO":29.807604154388,"EPS_TTM":0.43233956729,"OPERATE_INCOME_QOQ":18.052979556587,"NET_PROFIT_RATIO":16.8231765615,"ROE_AVG":19.888625130929,"GROSS_PROFIT_QOQ":19.044340608689,"ROA":7.922174990959,"HOLDER_PROFIT_QOQ":25.419575832148,"ROE_YEARLY":39.777250261857,"ROIC_YEARLY":37.187335154669,"TOTAL_ASSETS":2570108000,"TOTAL_LIABILITIES":1508097000,"TAX_EBT":22.706622137979,"OCF_SALES":-1.470472672979,"TOTAL_PARENT_EQUITY":975818000,"DEBT_ASSET_RATIO":58.6783512599,"OPERATE_PROFIT":254237000,"PRETAX_PROFIT":265896000,"NETCASH_OPERATE":-17964000,"NETCASH_INVEST":-53756000,"NETCASH_FINANCE":-1876000,"END_CASH":1269384000,"DIVI_RATIO":0.471744639239,"DIVIDEND_RATE":7.734020618557,"CURRENT_RATIO":1.566927391839,"COMMON_ACS":10000000000,"CURRENTDEBT_DEBT":98.008085686796,"ISSUED_COMMON_SHARES":871331000,"HK_COMMON_SHARES":871331000,"PER_SHARES":1000,"TOTAL_MARKET_CAP":2535573210,"HKSK_MARKET_CAP":2535573210,"PE_TTM":5.041857438979,"PB_TTM":0.763785249019,"REPORT_DATE_SQ":"2019-06-30 00:00:00","REPORT_TYPE_SQ":"2019年中报","OPERATE_INCOME_SQ":856251000,"DPS_HKD":0.22506,"OPERATE_INCOME_QOQ_SQ":30.98259140188,"NET_PROFIT_RATIO_SQ":14.4935305185,"HOLDER_PROFIT_SQ":117245000,"HOLDER_PROFIT_QOQ_SQ":41.718917265637,"ROE_AVG_SQ":13.646119215719,"PE_TTM_SQ":5.521320904822,"PB_TTM_SQ":0.97910814289,"ROA_SQ":7.038064194685,"START_DATE":"2020-01-01 00:00:00","FISCAL_YEAR":"12-31","CURRENCY":"HKD","IS_CNY_CODE":0,"DPS_HKD_LY":0.19688,"ORG_TYPE":"一般企业","PREMIUM_INCOME":null,"PREMIUM_INCOME_YOY":null,"NET_INTEREST_INCOME":null,"NET_INTEREST_INCOME_YOY":null,"FEE_COMMISSION_INCOME":null,"FEE_COMMISSION_INCOME_YOY":null,"ACCOUNTS_RECE_TDAYS":3.643067380381,"INVENTORY_TDAYS":58.472826457552,"CURRENT_ASSETS_TDAYS":0.559365326619,"TOTAL_ASSETS_TDAYS":0.512256285806,"PREMIUM_EXPENSE":null,"LOAN_DEPOSIT":null,"LOAN_EQUITY":null,"LOAN_ASSETS":null,"DEPOSIT_EQUITY":null,"DEPOSIT_ASSETS":null,"EQUITY_MULTIPLIER":2.420038963812,"EQUITY_RATIO":1.545469544526}],"count":16},"success":true,"message":"ok","code":0}