{"version":"7f482e287785b8f77b34f90ed1ce7e14","result":{"pages":2,"data":[{"SECUCODE":"01750.HK","SECURITY_CODE":"01750","SECURITY_NAME_ABBR":"全达电器集团控股","ORG_CODE":"10685717","STD_REPORT_DATE":"2024-06-30 00:00:00","REPORT_DATE":"2024-06-30 00:00:00","DATE_TYPE_CODE":"002","REPORT_TYPE":"2024年中报","PER_NETCASH_OPERATE":0.003638043889,"PER_OI":0.030529146,"BPS":0.083996982667,"BASIC_EPS":-0.001460288,"DILUTED_EPS":-0.001460288,"OPERATE_INCOME":54952462.8,"OPERATE_INCOME_YOY":-29.7867130013,"GROSS_PROFIT":11526235.72,"GROSS_PROFIT_YOY":-19.177583107488,"HOLDER_PROFIT":-2697882.08,"HOLDER_PROFIT_YOY":-650.4655493482,"GROSS_PROFIT_RATIO":20.97492110945,"EPS_TTM":0.001749301233,"OPERATE_INCOME_QOQ":-15.951839451053,"NET_PROFIT_RATIO":-4.9094834745,"ROE_AVG":-1.772224753591,"GROSS_PROFIT_QOQ":-7.199200359437,"ROA":-1.45714102621,"HOLDER_PROFIT_QOQ":-50.348825454747,"ROE_YEARLY":-3.544449507182,"ROIC_YEARLY":-3.958420515224,"TOTAL_ASSETS":184074778.48,"TOTAL_LIABILITIES":34538549.24,"TAX_EBT":-6.59935088352,"OCF_SALES":11.916625145325,"TOTAL_PARENT_EQUITY":151194568.8,"DEBT_ASSET_RATIO":18.7633251688,"OPERATE_PROFIT":-2445982.4,"PRETAX_PROFIT":-2530861.64,"NETCASH_OPERATE":6548479,"NETCASH_INVEST":-2143885.32,"NETCASH_FINANCE":-972916.88,"END_CASH":50962225.84,"DIVI_RATIO":null,"DIVIDEND_RATE":null,"CURRENT_RATIO":4.743001467434,"COMMON_ACS":10000000000,"CURRENTDEBT_DEBT":93.639510609624,"ISSUED_COMMON_SHARES":1800000000,"HK_COMMON_SHARES":1800000000,"PER_SHARES":10000,"TOTAL_MARKET_CAP":66600000,"HKSK_MARKET_CAP":66600000,"PE_TTM":19.001426533524,"PB_TTM":0.402028250634,"REPORT_DATE_SQ":"2023-06-30 00:00:00","REPORT_TYPE_SQ":"2023年中报","OPERATE_INCOME_SQ":79062550.94,"DPS_HKD":null,"OPERATE_INCOME_QOQ_SQ":0.369022866948,"NET_PROFIT_RATIO_SQ":0.6262171586,"HOLDER_PROFIT_SQ":495103.26,"HOLDER_PROFIT_QOQ_SQ":62.177706133061,"ROE_AVG_SQ":0.332221802906,"PE_TTM_SQ":3.81718464351,"PB_TTM_SQ":0.324970428936,"ROA_SQ":0.242158047584,"START_DATE":"2024-01-01 00:00:00","FISCAL_YEAR":"12-31","CURRENCY":"HKD","IS_CNY_CODE":0,"DPS_HKD_LY":null,"ORG_TYPE":"一般企业","PREMIUM_INCOME":null,"PREMIUM_INCOME_YOY":null,"NET_INTEREST_INCOME":null,"NET_INTEREST_INCOME_YOY":null,"FEE_COMMISSION_INCOME":null,"FEE_COMMISSION_INCOME_YOY":null,"ACCOUNTS_RECE_TDAYS":1.0473125761,"INVENTORY_TDAYS":1.2317908226,"CURRENT_ASSETS_TDAYS":0.354101484392,"TOTAL_ASSETS_TDAYS":0.29680128954,"PREMIUM_EXPENSE":null,"LOAN_DEPOSIT":null,"LOAN_EQUITY":null,"LOAN_ASSETS":null,"DEPOSIT_EQUITY":null,"DEPOSIT_ASSETS":null,"EQUITY_MULTIPLIER":1.230971112589,"EQUITY_RATIO":0.228437764095},{"SECUCODE":"01750.HK","SECURITY_CODE":"01750","SECURITY_NAME_ABBR":"全达电器集团控股","ORG_CODE":"10685717","STD_REPORT_DATE":"2023-12-31 00:00:00","REPORT_DATE":"2023-12-31 00:00:00","DATE_TYPE_CODE":"001","REPORT_TYPE":"2023年年报","PER_NETCASH_OPERATE":-0.000031214244,"PER_OI":0.083968331378,"BPS":0.084546298356,"BASIC_EPS":0.003534258,"DILUTED_EPS":0.003534258,"OPERATE_INCOME":151142996.48,"OPERATE_INCOME_YOY":-23.9446767567,"GROSS_PROFIT":37989648.62,"GROSS_PROFIT_YOY":1.384431115871,"HOLDER_PROFIT":6341727.56,"HOLDER_PROFIT_YOY":-15.848965849,"GROSS_PROFIT_RATIO":25.134905026861,"EPS_TTM":0.003523181978,"OPERATE_INCOME_QOQ":-23.125763699739,"NET_PROFIT_RATIO":4.1958461243,"ROE_AVG":4.233770948031,"GROSS_PROFIT_QOQ":-6.956791319778,"ROA":3.17996955445,"HOLDER_PROFIT_QOQ":-47.359597890932,"ROE_YEARLY":4.233770948031,"ROIC_YEARLY":4.428567360357,"TOTAL_ASSETS":184905128.8,"TOTAL_LIABILITIES":32721791.76,"TAX_EBT":12.338719779532,"OCF_SALES":-0.037173829624,"TOTAL_PARENT_EQUITY":152183337.04,"DEBT_ASSET_RATIO":17.6965300921,"OPERATE_PROFIT":7554249.92,"PRETAX_PROFIT":7234354.26,"NETCASH_OPERATE":-56185.64,"NETCASH_INVEST":23940519.96,"NETCASH_FINANCE":-12209502.06,"END_CASH":48029660,"DIVI_RATIO":null,"DIVIDEND_RATE":null,"CURRENT_RATIO":5.133532308611,"COMMON_ACS":10000000000,"CURRENTDEBT_DEBT":92.791071230752,"ISSUED_COMMON_SHARES":1800000000,"HK_COMMON_SHARES":1800000000,"PER_SHARES":10000,"TOTAL_MARKET_CAP":46800000,"HKSK_MARKET_CAP":46800000,"PE_TTM":13.352353780314,"PB_TTM":0.282506338283,"REPORT_DATE_SQ":"2022-12-31 00:00:00","REPORT_TYPE_SQ":"2022年年报","OPERATE_INCOME_SQ":195887858.11,"DPS_HKD":null,"OPERATE_INCOME_QOQ_SQ":39.290875354114,"NET_PROFIT_RATIO_SQ":3.7921867091,"HOLDER_PROFIT_SQ":7428433.32,"HOLDER_PROFIT_QOQ_SQ":145.402747968275,"ROE_AVG_SQ":5.150262436713,"PE_TTM_SQ":3.422303473492,"PB_TTM_SQ":0.291352798356,"ROA_SQ":3.582344160921,"START_DATE":"2023-01-01 00:00:00","FISCAL_YEAR":"12-31","CURRENCY":"HKD","IS_CNY_CODE":0,"DPS_HKD_LY":null,"ORG_TYPE":"一般企业","PREMIUM_INCOME":null,"PREMIUM_INCOME_YOY":null,"NET_INTEREST_INCOME":null,"NET_INTEREST_INCOME_YOY":null,"FEE_COMMISSION_INCOME":null,"FEE_COMMISSION_INCOME_YOY":null,"ACCOUNTS_RECE_TDAYS":2.266487287157,"INVENTORY_TDAYS":3.421888488469,"CURRENT_ASSETS_TDAYS":0.883951664193,"TOTAL_ASSETS_TDAYS":0.757885170291,"PREMIUM_EXPENSE":null,"LOAN_DEPOSIT":null,"LOAN_EQUITY":null,"LOAN_ASSETS":null,"DEPOSIT_EQUITY":null,"DEPOSIT_ASSETS":null,"EQUITY_MULTIPLIER":1.215015601552,"EQUITY_RATIO":0.215015601553},{"SECUCODE":"01750.HK","SECURITY_CODE":"01750","SECURITY_NAME_ABBR":"全达电器集团控股","ORG_CODE":"10685717","STD_REPORT_DATE":"2023-06-30 00:00:00","REPORT_DATE":"2023-06-30 00:00:00","DATE_TYPE_CODE":"002","REPORT_TYPE":"2023年中报","PER_NETCASH_OPERATE":-0.001824495978,"PER_OI":0.043923639411,"BPS":0.082276470778,"BASIC_EPS":0.000276594,"DILUTED_EPS":0.000276594,"OPERATE_INCOME":79062550.94,"OPERATE_INCOME_YOY":-6.388297582,"GROSS_PROFIT":14261186.64,"GROSS_PROFIT_YOY":30.813026893915,"HOLDER_PROFIT":495103.26,"HOLDER_PROFIT_YOY":111.1364579013,"GROSS_PROFIT_RATIO":18.037852903105,"EPS_TTM":0.006692923756,"OPERATE_INCOME_QOQ":0.369022866948,"NET_PROFIT_RATIO":0.6262171586,"ROE_AVG":0.332221802906,"GROSS_PROFIT_QOQ":8.964891209112,"ROA":0.242158047584,"HOLDER_PROFIT_QOQ":62.177706133061,"ROE_YEARLY":0.664443605813,"ROIC_YEARLY":0.680095491993,"TOTAL_ASSETS":191238935.56,"TOTAL_LIABILITIES":43141288.16,"TAX_EBT":22.173913043478,"OCF_SALES":-4.15379053794,"TOTAL_PARENT_EQUITY":148097647.4,"DEBT_ASSET_RATIO":22.5588413958,"OPERATE_PROFIT":847299.62,"PRETAX_PROFIT":636166.2,"NETCASH_OPERATE":-3284092.76,"NETCASH_INVEST":224041.14,"NETCASH_FINANCE":-9632847.04,"END_CASH":52168394.34,"DIVI_RATIO":null,"DIVIDEND_RATE":null,"CURRENT_RATIO":3.988064810082,"COMMON_ACS":10000000000,"CURRENTDEBT_DEBT":96.1553256967,"ISSUED_COMMON_SHARES":1800000000,"HK_COMMON_SHARES":1800000000,"PER_SHARES":10000,"TOTAL_MARKET_CAP":46800000,"HKSK_MARKET_CAP":46800000,"PE_TTM":13.352353780314,"PB_TTM":0.282506338283,"REPORT_DATE_SQ":"2022-06-30 00:00:00","REPORT_TYPE_SQ":"2022年中报","OPERATE_INCOME_SQ":78339679.95,"DPS_HKD":null,"OPERATE_INCOME_QOQ_SQ":31.668258985065,"NET_PROFIT_RATIO_SQ":-5.2639048087,"HOLDER_PROFIT_SQ":-4123726.18,"HOLDER_PROFIT_QOQ_SQ":0.762462012274,"ROE_AVG_SQ":-3.075480663442,"PE_TTM_SQ":3.422303473492,"PB_TTM_SQ":0.291352798356,"ROA_SQ":-2.097301388125,"START_DATE":"2023-01-01 00:00:00","FISCAL_YEAR":"12-31","CURRENCY":"HKD","IS_CNY_CODE":0,"DPS_HKD_LY":null,"ORG_TYPE":"一般企业","PREMIUM_INCOME":null,"PREMIUM_INCOME_YOY":null,"NET_INTEREST_INCOME":null,"NET_INTEREST_INCOME_YOY":null,"FEE_COMMISSION_INCOME":null,"FEE_COMMISSION_INCOME_YOY":null,"ACCOUNTS_RECE_TDAYS":1.092798613501,"INVENTORY_TDAYS":1.851798182058,"CURRENT_ASSETS_TDAYS":0.445706296323,"TOTAL_ASSETS_TDAYS":0.386699796172,"PREMIUM_EXPENSE":null,"LOAN_DEPOSIT":null,"LOAN_EQUITY":null,"LOAN_ASSETS":null,"DEPOSIT_EQUITY":null,"DEPOSIT_ASSETS":null,"EQUITY_MULTIPLIER":1.291302994459,"EQUITY_RATIO":0.291302994459},{"SECUCODE":"01750.HK","SECURITY_CODE":"01750","SECURITY_NAME_ABBR":"全达电器集团控股","ORG_CODE":"10685717","STD_REPORT_DATE":"2022-12-31 00:00:00","REPORT_DATE":"2022-12-31 00:00:00","DATE_TYPE_CODE":"001","REPORT_TYPE":"2022年年报","PER_NETCASH_OPERATE":-0.0025458195,"PER_OI":0.108826587839,"BPS":0.0807158772,"BASIC_EPS":0.004109042,"DILUTED_EPS":0.004109042,"OPERATE_INCOME":195887858.11,"OPERATE_INCOME_YOY":67.8656725558,"GROSS_PROFIT":37470889.96,"GROSS_PROFIT_YOY":301.773865722922,"HOLDER_PROFIT":7428433.32,"HOLDER_PROFIT_YOY":141.239771882,"GROSS_PROFIT_RATIO":19.128745559594,"EPS_TTM":0.0041269074,"OPERATE_INCOME_QOQ":39.290875354114,"NET_PROFIT_RATIO":3.7921867091,"ROE_AVG":5.150262436713,"GROSS_PROFIT_QOQ":181.603644085557,"ROA":3.582344160921,"HOLDER_PROFIT_QOQ":145.402747968275,"ROE_YEARLY":5.150262436713,"ROIC_YEARLY":5.174312611609,"TOTAL_ASSETS":210892114.3,"TOTAL_LIABILITIES":65603535.34,"TAX_EBT":0.371390918893,"OCF_SALES":-2.339335956916,"TOTAL_PARENT_EQUITY":145288578.96,"DEBT_ASSET_RATIO":31.1076284468,"OPERATE_PROFIT":8009058.82,"PRETAX_PROFIT":7456124.69,"NETCASH_OPERATE":-4582475.1,"NETCASH_INVEST":-27159874.35,"NETCASH_FINANCE":6732575.99,"END_CASH":36571367.07,"DIVI_RATIO":null,"DIVIDEND_RATE":null,"CURRENT_RATIO":2.872985450476,"COMMON_ACS":10000000000,"CURRENTDEBT_DEBT":97.328504125705,"ISSUED_COMMON_SHARES":1800000000,"HK_COMMON_SHARES":1800000000,"PER_SHARES":10000,"TOTAL_MARKET_CAP":46800000,"HKSK_MARKET_CAP":46800000,"PE_TTM":13.352353780314,"PB_TTM":0.282506338283,"REPORT_DATE_SQ":"2021-12-31 00:00:00","REPORT_TYPE_SQ":"2021年年报","OPERATE_INCOME_SQ":106807993.6,"DPS_HKD":null,"OPERATE_INCOME_QOQ_SQ":-5.817444501241,"NET_PROFIT_RATIO_SQ":-15.4360206987,"HOLDER_PROFIT_SQ":-16486904,"HOLDER_PROFIT_QOQ_SQ":-2.179661357562,"ROE_AVG_SQ":-11.89991443156,"PE_TTM_SQ":3.422303473492,"PB_TTM_SQ":0.291352798356,"ROA_SQ":-8.808927311606,"START_DATE":"2022-01-01 00:00:00","FISCAL_YEAR":"12-31","CURRENCY":"HKD","IS_CNY_CODE":0,"DPS_HKD_LY":null,"ORG_TYPE":"一般企业","PREMIUM_INCOME":null,"PREMIUM_INCOME_YOY":null,"NET_INTEREST_INCOME":null,"NET_INTEREST_INCOME_YOY":null,"FEE_COMMISSION_INCOME":null,"FEE_COMMISSION_INCOME_YOY":null,"ACCOUNTS_RECE_TDAYS":2.951453566622,"INVENTORY_TDAYS":4.75353811515,"CURRENT_ASSETS_TDAYS":1.120751689103,"TOTAL_ASSETS_TDAYS":0.944664499857,"PREMIUM_EXPENSE":null,"LOAN_DEPOSIT":null,"LOAN_EQUITY":null,"LOAN_ASSETS":null,"DEPOSIT_EQUITY":null,"DEPOSIT_ASSETS":null,"EQUITY_MULTIPLIER":1.451539520929,"EQUITY_RATIO":0.451539520929},{"SECUCODE":"01750.HK","SECURITY_CODE":"01750","SECURITY_NAME_ABBR":"全达电器集团控股","ORG_CODE":"10685717","STD_REPORT_DATE":"2022-06-30 00:00:00","REPORT_DATE":"2022-06-30 00:00:00","DATE_TYPE_CODE":"002","REPORT_TYPE":"2022年中报","PER_NETCASH_OPERATE":-0.004017967683,"PER_OI":0.043522044417,"BPS":0.072828930611,"BASIC_EPS":-0.002309013,"DILUTED_EPS":-0.002309013,"OPERATE_INCOME":78339679.95,"OPERATE_INCOME_YOY":71.2274995794,"GROSS_PROFIT":10901962.12,"GROSS_PROFIT_YOY":57.495612961938,"HOLDER_PROFIT":-4123726.18,"HOLDER_PROFIT_YOY":5.5805756804,"GROSS_PROFIT_RATIO":13.916270945909,"EPS_TTM":-0.009089554233,"OPERATE_INCOME_QOQ":31.668258985065,"NET_PROFIT_RATIO":-5.2639048087,"ROE_AVG":-3.075480663442,"GROSS_PROFIT_QOQ":42.67353216525,"ROA":-2.097301388125,"HOLDER_PROFIT_QOQ":0.762462012274,"ROE_YEARLY":-6.150961326883,"ROIC_YEARLY":-6.105942277192,"TOTAL_ASSETS":198097921.98,"TOTAL_LIABILITIES":67005846.88,"TAX_EBT":-22.106862496835,"OCF_SALES":-9.232028819388,"TOTAL_PARENT_EQUITY":131092075.1,"DEBT_ASSET_RATIO":33.8246086634,"OPERATE_PROFIT":-3175320.47,"PRETAX_PROFIT":-3377145.31,"NETCASH_OPERATE":-7232341.83,"NETCASH_INVEST":-374573.22,"NETCASH_FINANCE":8102070.06,"END_CASH":61734455.72,"DIVI_RATIO":null,"DIVIDEND_RATE":null,"CURRENT_RATIO":2.600368300243,"COMMON_ACS":10000000000,"CURRENTDEBT_DEBT":98.416122115581,"ISSUED_COMMON_SHARES":1800000000,"HK_COMMON_SHARES":1800000000,"PER_SHARES":10000,"TOTAL_MARKET_CAP":46800000,"HKSK_MARKET_CAP":46800000,"PE_TTM":13.352353780314,"PB_TTM":0.282506338283,"REPORT_DATE_SQ":"2021-06-30 00:00:00","REPORT_TYPE_SQ":"2021年中报","OPERATE_INCOME_SQ":44515447.92,"DPS_HKD":null,"OPERATE_INCOME_QOQ_SQ":15.702121118613,"NET_PROFIT_RATIO_SQ":-9.5459728219,"HOLDER_PROFIT_SQ":-4249432.56,"HOLDER_PROFIT_QOQ_SQ":38.988112872404,"ROE_AVG_SQ":-2.896495790241,"PE_TTM_SQ":3.422303473492,"PB_TTM_SQ":0.291352798356,"ROA_SQ":-2.252409200168,"START_DATE":"2022-01-01 00:00:00","FISCAL_YEAR":"12-31","CURRENCY":"HKD","IS_CNY_CODE":0,"DPS_HKD_LY":null,"ORG_TYPE":"一般企业","PREMIUM_INCOME":null,"PREMIUM_INCOME_YOY":null,"NET_INTEREST_INCOME":null,"NET_INTEREST_INCOME_YOY":null,"FEE_COMMISSION_INCOME":null,"FEE_COMMISSION_INCOME_YOY":null,"ACCOUNTS_RECE_TDAYS":1.452733241353,"INVENTORY_TDAYS":1.769462925357,"CURRENT_ASSETS_TDAYS":0.474038003767,"TOTAL_ASSETS_TDAYS":0.398430720985,"PREMIUM_EXPENSE":null,"LOAN_DEPOSIT":null,"LOAN_EQUITY":null,"LOAN_ASSETS":null,"DEPOSIT_EQUITY":null,"DEPOSIT_ASSETS":null,"EQUITY_MULTIPLIER":1.511135755758,"EQUITY_RATIO":0.511135755757},{"SECUCODE":"01750.HK","SECURITY_CODE":"01750","SECURITY_NAME_ABBR":"全达电器集团控股","ORG_CODE":"10685717","STD_REPORT_DATE":"2021-12-31 00:00:00","REPORT_DATE":"2021-12-31 00:00:00","DATE_TYPE_CODE":"001","REPORT_TYPE":"2021年年报","PER_NETCASH_OPERATE":-0.007080870222,"PER_OI":0.059337774222,"BPS":0.072805917333,"BASIC_EPS":-0.00915712,"DILUTED_EPS":-0.00915712,"OPERATE_INCOME":106807993.6,"OPERATE_INCOME_YOY":12.1753093416,"GROSS_PROFIT":9326363.2,"GROSS_PROFIT_YOY":430.962081993521,"HOLDER_PROFIT":-16486904,"HOLDER_PROFIT_YOY":35.8252180001,"GROSS_PROFIT_RATIO":8.731896261367,"EPS_TTM":-0.009159391111,"OPERATE_INCOME_QOQ":-5.817444501241,"NET_PROFIT_RATIO":-15.4360206987,"ROE_AVG":-11.89991443156,"GROSS_PROFIT_QOQ":-14.200249275828,"ROA":-8.808927311606,"HOLDER_PROFIT_QOQ":-2.179661357562,"ROE_YEARLY":-11.89991443156,"ROIC_YEARLY":-13.190428844292,"TOTAL_ASSETS":186565691.2,"TOTAL_LIABILITIES":55515040,"TAX_EBT":-1.214676504542,"OCF_SALES":-11.933157781928,"TOTAL_PARENT_EQUITY":131050651.2,"DEBT_ASSET_RATIO":29.756296371,"OPERATE_PROFIT":-16100996.8,"PRETAX_PROFIT":-16289044.8,"NETCASH_OPERATE":-12745566.4,"NETCASH_INVEST":-174148.8,"NETCASH_FINANCE":5516347.2,"END_CASH":58664435.2,"DIVI_RATIO":null,"DIVIDEND_RATE":null,"CURRENT_RATIO":2.790262565641,"COMMON_ACS":10000000000,"CURRENTDEBT_DEBT":98.159057437408,"ISSUED_COMMON_SHARES":1800000000,"HK_COMMON_SHARES":1800000000,"PER_SHARES":10000,"TOTAL_MARKET_CAP":46800000,"HKSK_MARKET_CAP":46800000,"PE_TTM":13.352353780314,"PB_TTM":0.282506338283,"REPORT_DATE_SQ":"2020-12-31 00:00:00","REPORT_TYPE_SQ":"2020年年报","OPERATE_INCOME_SQ":98014869.48,"DPS_HKD":null,"OPERATE_INCOME_QOQ_SQ":-19.132067024308,"NET_PROFIT_RATIO_SQ":-26.9816327056,"HOLDER_PROFIT_SQ":-26446012.08,"HOLDER_PROFIT_QOQ_SQ":-156.275451202398,"ROE_AVG_SQ":-16.31214325947,"PE_TTM_SQ":3.422303473492,"PB_TTM_SQ":0.291352798356,"ROA_SQ":-13.082088837633,"START_DATE":"2021-01-01 00:00:00","FISCAL_YEAR":"12-31","CURRENCY":"HKD","IS_CNY_CODE":0,"DPS_HKD_LY":null,"ORG_TYPE":"一般企业","PREMIUM_INCOME":null,"PREMIUM_INCOME_YOY":null,"NET_INTEREST_INCOME":null,"NET_INTEREST_INCOME_YOY":null,"FEE_COMMISSION_INCOME":null,"FEE_COMMISSION_INCOME_YOY":null,"ACCOUNTS_RECE_TDAYS":2.131631978722,"INVENTORY_TDAYS":3.738172127293,"CURRENT_ASSETS_TDAYS":0.702769148006,"TOTAL_ASSETS_TDAYS":0.57067345811,"PREMIUM_EXPENSE":null,"LOAN_DEPOSIT":null,"LOAN_EQUITY":null,"LOAN_ASSETS":null,"DEPOSIT_EQUITY":null,"DEPOSIT_ASSETS":null,"EQUITY_MULTIPLIER":1.423615140343,"EQUITY_RATIO":0.423615140342},{"SECUCODE":"01750.HK","SECURITY_CODE":"01750","SECURITY_NAME_ABBR":"全达电器集团控股","ORG_CODE":"10685717","STD_REPORT_DATE":"2021-06-30 00:00:00","REPORT_DATE":"2021-06-30 00:00:00","DATE_TYPE_CODE":"002","REPORT_TYPE":"2021年中报","PER_NETCASH_OPERATE":-0.001110364533,"PER_OI":0.0247308044,"BPS":0.080439022667,"BASIC_EPS":-0.002329824,"DILUTED_EPS":-0.002329824,"OPERATE_INCOME":44515447.92,"OPERATE_INCOME_YOY":67.787360828,"GROSS_PROFIT":6922073.52,"GROSS_PROFIT_YOY":415.882767320505,"HOLDER_PROFIT":-4249432.56,"HOLDER_PROFIT_YOY":67.9611041405,"GROSS_PROFIT_RATIO":15.549823361184,"EPS_TTM":-0.008964006133,"OPERATE_INCOME_QOQ":15.702121118613,"NET_PROFIT_RATIO":-9.5459728219,"ROE_AVG":-2.896495790241,"GROSS_PROFIT_QOQ":518.838723320365,"ROA":-2.252409200168,"HOLDER_PROFIT_QOQ":38.988112872404,"ROE_YEARLY":-5.792991580482,"ROIC_YEARLY":-6.920569961176,"TOTAL_ASSETS":186241138.08,"TOTAL_LIABILITIES":41450897.28,"TAX_EBT":2.50095456281,"OCF_SALES":-4.48980354773,"TOTAL_PARENT_EQUITY":144790240.8,"DEBT_ASSET_RATIO":22.2565743033,"OPERATE_PROFIT":-4307678.16,"PRETAX_PROFIT":-4358435.04,"NETCASH_OPERATE":-1998656.16,"NETCASH_INVEST":525042.48,"NETCASH_FINANCE":-486766.8,"END_CASH":64873117.2,"DIVI_RATIO":null,"DIVIDEND_RATE":null,"CURRENT_RATIO":3.751174395056,"COMMON_ACS":10000000000,"CURRENTDEBT_DEBT":96.147823992292,"ISSUED_COMMON_SHARES":1800000000,"HK_COMMON_SHARES":1800000000,"PER_SHARES":10000,"TOTAL_MARKET_CAP":46800000,"HKSK_MARKET_CAP":46800000,"PE_TTM":13.352353780314,"PB_TTM":0.282506338283,"REPORT_DATE_SQ":"2020-06-30 00:00:00","REPORT_TYPE_SQ":"2020年中报","OPERATE_INCOME_SQ":29125034.4,"DPS_HKD":null,"OPERATE_INCOME_QOQ_SQ":-36.098757618958,"NET_PROFIT_RATIO_SQ":-49.9921593226,"HOLDER_PROFIT_SQ":-14560233.6,"HOLDER_PROFIT_QOQ_SQ":-200.514637530204,"ROE_AVG_SQ":-8.057382311165,"PE_TTM_SQ":3.422303473492,"PB_TTM_SQ":0.291352798356,"ROA_SQ":-6.775928874001,"START_DATE":"2021-01-01 00:00:00","FISCAL_YEAR":"12-31","CURRENCY":"HKD","IS_CNY_CODE":0,"DPS_HKD_LY":null,"ORG_TYPE":"一般企业","PREMIUM_INCOME":null,"PREMIUM_INCOME_YOY":null,"NET_INTEREST_INCOME":null,"NET_INTEREST_INCOME_YOY":null,"FEE_COMMISSION_INCOME":null,"FEE_COMMISSION_INCOME_YOY":null,"ACCOUNTS_RECE_TDAYS":0.929229593476,"INVENTORY_TDAYS":1.466883116883,"CURRENT_ASSETS_TDAYS":0.292765012012,"TOTAL_ASSETS_TDAYS":0.235953866849,"PREMIUM_EXPENSE":null,"LOAN_DEPOSIT":null,"LOAN_EQUITY":null,"LOAN_ASSETS":null,"DEPOSIT_EQUITY":null,"DEPOSIT_ASSETS":null,"EQUITY_MULTIPLIER":1.286282397564,"EQUITY_RATIO":0.286282397563},{"SECUCODE":"01750.HK","SECURITY_CODE":"01750","SECURITY_NAME_ABBR":"全达电器集团控股","ORG_CODE":"10685717","STD_REPORT_DATE":"2020-12-31 00:00:00","REPORT_DATE":"2020-12-31 00:00:00","DATE_TYPE_CODE":"001","REPORT_TYPE":"2020年年报","PER_NETCASH_OPERATE":0.003033644622,"PER_OI":0.054452705267,"BPS":0.0835201454,"BASIC_EPS":-0.0147287,"DILUTED_EPS":null,"OPERATE_INCOME":98014869.48,"OPERATE_INCOME_YOY":-45.0002597513,"GROSS_PROFIT":1756502.68,"GROSS_PROFIT_YOY":-96.402546613316,"HOLDER_PROFIT":-26446012.08,"HOLDER_PROFIT_YOY":-374.1645580665,"GROSS_PROFIT_RATIO":1.792077762608,"EPS_TTM":-0.014692228933,"OPERATE_INCOME_QOQ":-19.132067024308,"NET_PROFIT_RATIO":-26.9816327056,"ROE_AVG":-16.31214325947,"GROSS_PROFIT_QOQ":-92.008249443148,"ROA":-13.082088837633,"HOLDER_PROFIT_QOQ":-156.275451202398,"ROE_YEARLY":-16.31214325947,"ROIC_YEARLY":-19.495821260385,"TOTAL_ASSETS":193277576.16,"TOTAL_LIABILITIES":42941314.44,"TAX_EBT":9.750983714852,"OCF_SALES":5.571155018591,"TOTAL_PARENT_EQUITY":150336261.72,"DEBT_ASSET_RATIO":22.2174321994,"OPERATE_PROFIT":-29193125.04,"PRETAX_PROFIT":-29303379.88,"NETCASH_OPERATE":5460560.32,"NETCASH_INVEST":-2817810.72,"NETCASH_FINANCE":-1174087.8,"END_CASH":67606416.28,"DIVI_RATIO":null,"DIVIDEND_RATE":null,"CURRENT_RATIO":3.770220364433,"COMMON_ACS":10000000000,"CURRENTDEBT_DEBT":96.591599537445,"ISSUED_COMMON_SHARES":1800000000,"HK_COMMON_SHARES":1800000000,"PER_SHARES":10000,"TOTAL_MARKET_CAP":46800000,"HKSK_MARKET_CAP":46800000,"PE_TTM":13.352353780314,"PB_TTM":0.282506338283,"REPORT_DATE_SQ":"2019-12-31 00:00:00","REPORT_TYPE_SQ":"2019年年报","OPERATE_INCOME_SQ":189673352.98,"DPS_HKD":null,"OPERATE_INCOME_QOQ_SQ":0.140140721942,"NET_PROFIT_RATIO_SQ":5.4127448156,"HOLDER_PROFIT_SQ":10266534.58,"HOLDER_PROFIT_QOQ_SQ":-19.001702761274,"ROE_AVG_SQ":5.684202173298,"PE_TTM_SQ":3.422303473492,"PB_TTM_SQ":0.291352798356,"ROA_SQ":4.551646352845,"START_DATE":"2020-01-01 00:00:00","FISCAL_YEAR":"12-31","CURRENCY":"HKD","IS_CNY_CODE":0,"DPS_HKD_LY":null,"ORG_TYPE":"一般企业","PREMIUM_INCOME":null,"PREMIUM_INCOME_YOY":null,"NET_INTEREST_INCOME":null,"NET_INTEREST_INCOME_YOY":null,"FEE_COMMISSION_INCOME":null,"FEE_COMMISSION_INCOME_YOY":null,"ACCOUNTS_RECE_TDAYS":1.774163816546,"INVENTORY_TDAYS":4.052225056689,"CURRENT_ASSETS_TDAYS":0.601534090909,"TOTAL_ASSETS_TDAYS":0.484851638904,"PREMIUM_EXPENSE":null,"LOAN_DEPOSIT":null,"LOAN_EQUITY":null,"LOAN_ASSETS":null,"DEPOSIT_EQUITY":null,"DEPOSIT_ASSETS":null,"EQUITY_MULTIPLIER":1.285635108581,"EQUITY_RATIO":0.285635108581},{"SECUCODE":"01750.HK","SECURITY_CODE":"01750","SECURITY_NAME_ABBR":"全达电器集团控股","ORG_CODE":"10685717","STD_REPORT_DATE":"2020-06-30 00:00:00","REPORT_DATE":"2020-06-30 00:00:00","DATE_TYPE_CODE":"002","REPORT_TYPE":"2020年中报","PER_NETCASH_OPERATE":0.000172538667,"PER_OI":0.016180574667,"BPS":0.095924394133,"BASIC_EPS":-0.008129616,"DILUTED_EPS":-0.008129616,"OPERATE_INCOME":29125034.4,"OPERATE_INCOME_YOY":-71.2607935392,"GROSS_PROFIT":-2191342.56,"GROSS_PROFIT_YOY":-108.887668057771,"HOLDER_PROFIT":-14560233.6,"HOLDER_PROFIT_YOY":-332.700729927,"GROSS_PROFIT_RATIO":-7.523914066175,"EPS_TTM":-0.005732983344,"OPERATE_INCOME_QOQ":-36.098757618958,"NET_PROFIT_RATIO":-49.9921593226,"ROE_AVG":-8.057382311165,"GROSS_PROFIT_QOQ":-54.985414508472,"ROA":-6.775928874001,"HOLDER_PROFIT_QOQ":-200.514637530204,"ROE_YEARLY":-16.114764622329,"ROIC_YEARLY":-20.181941340694,"TOTAL_ASSETS":200729353.44,"TOTAL_LIABILITIES":28065444,"TAX_EBT":9.688385269122,"OCF_SALES":1.066332131096,"TOTAL_PARENT_EQUITY":172663909.44,"DEBT_ASSET_RATIO":13.9817338715,"OPERATE_PROFIT":-16322259.36,"PRETAX_PROFIT":-16122216,"NETCASH_OPERATE":310569.6,"NETCASH_INVEST":-33797.28,"NETCASH_FINANCE":-744453.6,"END_CASH":70201517.76,"DIVI_RATIO":null,"DIVIDEND_RATE":null,"CURRENT_RATIO":6.133053122351,"COMMON_ACS":10000000000,"CURRENTDEBT_DEBT":92.146460537022,"ISSUED_COMMON_SHARES":1800000000,"HK_COMMON_SHARES":1800000000,"PER_SHARES":10000,"TOTAL_MARKET_CAP":46800000,"HKSK_MARKET_CAP":46800000,"PE_TTM":13.352353780314,"PB_TTM":0.282506338283,"REPORT_DATE_SQ":"2019-06-30 00:00:00","REPORT_TYPE_SQ":"2019年中报","OPERATE_INCOME_SQ":97594758.36,"DPS_HKD":null,"OPERATE_INCOME_QOQ_SQ":16.043099590996,"NET_PROFIT_RATIO_SQ":6.1741748238,"HOLDER_PROFIT_SQ":6025671,"HOLDER_PROFIT_QOQ_SQ":42.422722669744,"ROE_AVG_SQ":3.432362417385,"PE_TTM_SQ":3.422303473492,"PB_TTM_SQ":0.291352798356,"ROA_SQ":2.624742315444,"START_DATE":"2020-01-01 00:00:00","FISCAL_YEAR":"12-31","CURRENCY":"HKD","IS_CNY_CODE":0,"DPS_HKD_LY":null,"ORG_TYPE":"一般企业","PREMIUM_INCOME":null,"PREMIUM_INCOME_YOY":null,"NET_INTEREST_INCOME":null,"NET_INTEREST_INCOME_YOY":null,"FEE_COMMISSION_INCOME":null,"FEE_COMMISSION_INCOME_YOY":null,"ACCOUNTS_RECE_TDAYS":0.541667728427,"INVENTORY_TDAYS":1.055119564214,"CURRENT_ASSETS_TDAYS":0.17003746317,"TOTAL_ASSETS_TDAYS":0.135539831962,"PREMIUM_EXPENSE":null,"LOAN_DEPOSIT":null,"LOAN_EQUITY":null,"LOAN_ASSETS":null,"DEPOSIT_EQUITY":null,"DEPOSIT_ASSETS":null,"EQUITY_MULTIPLIER":1.162543777046,"EQUITY_RATIO":0.162543777047}],"count":18},"success":true,"message":"ok","code":0}