{"version":"4c72e5a31938daadc273fbd81d1ac2da","result":{"pages":2,"data":[{"SECUCODE":"01769.HK","SECURITY_CODE":"01769","SECURITY_NAME_ABBR":"思考乐教育","ORG_CODE":"11004029","STD_REPORT_DATE":"2024-06-30 00:00:00","REPORT_DATE":"2024-06-30 00:00:00","DATE_TYPE_CODE":"002","REPORT_TYPE":"2024年中报","PER_NETCASH_OPERATE":0.075038689941,"PER_OI":0.718216663667,"BPS":0.942983156893,"BASIC_EPS":0.1521,"DILUTED_EPS":0.1476,"OPERATE_INCOME":399113000,"OPERATE_INCOME_YOY":58.8048049721,"GROSS_PROFIT":177138000,"GROSS_PROFIT_YOY":70.230064002768,"HOLDER_PROFIT":82652000,"HOLDER_PROFIT_YOY":92.4914993712,"GROSS_PROFIT_RATIO":44.382919123156,"EPS_TTM":0.226204786755,"OPERATE_INCOME_QOQ":25.900170693323,"NET_PROFIT_RATIO":20.6094514586,"ROE_AVG":16.739865942539,"GROSS_PROFIT_QOQ":30.63495856232,"ROA":7.521668068129,"HOLDER_PROFIT_QOQ":46.185514257803,"ROE_YEARLY":33.479731885078,"ROIC_YEARLY":21.170686288886,"TOTAL_ASSETS":1164489000,"TOTAL_LIABILITIES":632422000,"TAX_EBT":24.538774162179,"OCF_SALES":10.447918258739,"TOTAL_PARENT_EQUITY":532662000,"DEBT_ASSET_RATIO":54.3089715747,"OPERATE_PROFIT":113819000,"PRETAX_PROFIT":109003000,"NETCASH_OPERATE":41699000,"NETCASH_INVEST":-1830000,"NETCASH_FINANCE":-19681000,"END_CASH":276163000,"DIVI_RATIO":null,"DIVIDEND_RATE":null,"CURRENT_RATIO":1.023437755166,"COMMON_ACS":1000000000,"CURRENTDEBT_DEBT":72.619073972759,"ISSUED_COMMON_SHARES":564869050,"HK_COMMON_SHARES":564869050,"PER_SHARES":1000,"TOTAL_MARKET_CAP":1960095603.5,"HKSK_MARKET_CAP":1960095603.5,"PE_TTM":14.114139118112,"PB_TTM":3.358490103297,"REPORT_DATE_SQ":"2023-06-30 00:00:00","REPORT_TYPE_SQ":"2023年中报","OPERATE_INCOME_SQ":251323000,"DPS_HKD":null,"OPERATE_INCOME_QOQ_SQ":14.896215199885,"NET_PROFIT_RATIO_SQ":16.9001643304,"HOLDER_PROFIT_SQ":42938000,"HOLDER_PROFIT_QOQ_SQ":137.775449817133,"ROE_AVG_SQ":10.897748269071,"PE_TTM_SQ":11.349124674672,"PB_TTM_SQ":3.6401539232,"ROA_SQ":5.764306220545,"START_DATE":"2024-01-01 00:00:00","FISCAL_YEAR":"12-31","CURRENCY":"HKD","IS_CNY_CODE":0,"DPS_HKD_LY":null,"ORG_TYPE":"一般企业","PREMIUM_INCOME":null,"PREMIUM_INCOME_YOY":null,"NET_INTEREST_INCOME":null,"NET_INTEREST_INCOME_YOY":null,"FEE_COMMISSION_INCOME":null,"FEE_COMMISSION_INCOME_YOY":null,"ACCOUNTS_RECE_TDAYS":null,"INVENTORY_TDAYS":null,"CURRENT_ASSETS_TDAYS":0.825357139903,"TOTAL_ASSETS_TDAYS":0.363209058181,"PREMIUM_EXPENSE":null,"LOAN_DEPOSIT":null,"LOAN_EQUITY":null,"LOAN_ASSETS":null,"DEPOSIT_EQUITY":null,"DEPOSIT_ASSETS":null,"EQUITY_MULTIPLIER":2.188613464096,"EQUITY_RATIO":1.187285745933},{"SECUCODE":"01769.HK","SECURITY_CODE":"01769","SECURITY_NAME_ABBR":"思考乐教育","ORG_CODE":"11004029","STD_REPORT_DATE":"2023-12-31 00:00:00","REPORT_DATE":"2023-12-31 00:00:00","DATE_TYPE_CODE":"001","REPORT_TYPE":"2023年年报","PER_NETCASH_OPERATE":0.369305380601,"PER_OI":1.026838222062,"BPS":0.805186618031,"BASIC_EPS":0.1558,"DILUTED_EPS":0.1542,"OPERATE_INCOME":570614000,"OPERATE_INCOME_YOY":41.9148332927,"GROSS_PROFIT":238551000,"GROSS_PROFIT_YOY":72.000547976812,"HOLDER_PROFIT":85988000,"HOLDER_PROFIT_YOY":58.0342210215,"GROSS_PROFIT_RATIO":41.80601948077,"EPS_TTM":0.154738168076,"OPERATE_INCOME_QOQ":23.515672858173,"NET_PROFIT_RATIO":14.8108879207,"ROE_AVG":20.814618742791,"GROSS_PROFIT_QOQ":33.889543694225,"ROA":9.617591463756,"HOLDER_PROFIT_QOQ":-33.536359139253,"ROE_YEARLY":20.814618742791,"ROIC_YEARLY":15.233971536844,"TOTAL_ASSETS":1033215000,"TOTAL_LIABILITIES":579865000,"TAX_EBT":27.61137140361,"OCF_SALES":35.965293525921,"TOTAL_PARENT_EQUITY":454825000,"DEBT_ASSET_RATIO":56.1223946613,"OPERATE_PROFIT":122632000,"PRETAX_PROFIT":116749000,"NETCASH_OPERATE":205223000,"NETCASH_INVEST":-186149000,"NETCASH_FINANCE":-62091000,"END_CASH":256476000,"DIVI_RATIO":null,"DIVIDEND_RATE":null,"CURRENT_RATIO":1.102832371609,"COMMON_ACS":1000000000,"CURRENTDEBT_DEBT":77.734127771119,"ISSUED_COMMON_SHARES":564869050,"HK_COMMON_SHARES":564869050,"PER_SHARES":1000,"TOTAL_MARKET_CAP":1886662627,"HKSK_MARKET_CAP":1886662627,"PE_TTM":13.585367335589,"PB_TTM":3.232667707496,"REPORT_DATE_SQ":"2022-12-31 00:00:00","REPORT_TYPE_SQ":"2022年年报","OPERATE_INCOME_SQ":402082000,"DPS_HKD":null,"OPERATE_INCOME_QOQ_SQ":-20.552541207434,"NET_PROFIT_RATIO_SQ":13.3945314637,"HOLDER_PROFIT_SQ":54411000,"HOLDER_PROFIT_QOQ_SQ":153.666643652539,"ROE_AVG_SQ":15.786221182915,"PE_TTM_SQ":12.000932510717,"PB_TTM_SQ":3.849216817438,"ROA_SQ":7.180633628793,"START_DATE":"2023-01-01 00:00:00","FISCAL_YEAR":"12-31","CURRENCY":"HKD","IS_CNY_CODE":0,"DPS_HKD_LY":null,"ORG_TYPE":"一般企业","PREMIUM_INCOME":null,"PREMIUM_INCOME_YOY":null,"NET_INTEREST_INCOME":null,"NET_INTEREST_INCOME_YOY":null,"FEE_COMMISSION_INCOME":null,"FEE_COMMISSION_INCOME_YOY":null,"ACCOUNTS_RECE_TDAYS":null,"INVENTORY_TDAYS":null,"CURRENT_ASSETS_TDAYS":1.227472685853,"TOTAL_ASSETS_TDAYS":0.638220720973,"PREMIUM_EXPENSE":null,"LOAN_DEPOSIT":null,"LOAN_EQUITY":null,"LOAN_ASSETS":null,"DEPOSIT_EQUITY":null,"DEPOSIT_ASSETS":null,"EQUITY_MULTIPLIER":2.279066946067,"EQUITY_RATIO":1.274918924861},{"SECUCODE":"01769.HK","SECURITY_CODE":"01769","SECURITY_NAME_ABBR":"思考乐教育","ORG_CODE":"11004029","STD_REPORT_DATE":"2023-06-30 00:00:00","REPORT_DATE":"2023-06-30 00:00:00","DATE_TYPE_CODE":"002","REPORT_TYPE":"2023年中报","PER_NETCASH_OPERATE":-0.013606262372,"PER_OI":0.452263811409,"BPS":0.737540851282,"BASIC_EPS":0.0773,"DILUTED_EPS":0.0766,"OPERATE_INCOME":251323000,"OPERATE_INCOME_YOY":31.2885262344,"GROSS_PROFIT":104058000,"GROSS_PROFIT_YOY":61.130380922886,"HOLDER_PROFIT":42938000,"HOLDER_PROFIT_YOY":234.0681300153,"GROSS_PROFIT_RATIO":41.404089558059,"EPS_TTM":0.23281626777,"OPERATE_INCOME_QOQ":14.896215199885,"NET_PROFIT_RATIO":16.9001643304,"ROE_AVG":10.897748269071,"GROSS_PROFIT_QOQ":28.464511291206,"ROA":5.764306220545,"HOLDER_PROFIT_QOQ":137.775449817133,"ROE_YEARLY":21.795496538141,"ROIC_YEARLY":17.03953125217,"TOTAL_ASSETS":734864000,"TOTAL_LIABILITIES":318714000,"TAX_EBT":9.402329252165,"OCF_SALES":-3.008479128452,"TOTAL_PARENT_EQUITY":416614000,"DEBT_ASSET_RATIO":43.3704739925,"OPERATE_PROFIT":49656000,"PRETAX_PROFIT":46882000,"NETCASH_OPERATE":-7561000,"NETCASH_INVEST":-93942000,"NETCASH_FINANCE":-23707000,"END_CASH":174507000,"DIVI_RATIO":null,"DIVIDEND_RATE":null,"CURRENT_RATIO":1.312307229205,"COMMON_ACS":1000000000,"CURRENTDEBT_DEBT":71.921220906518,"ISSUED_COMMON_SHARES":564869050,"HK_COMMON_SHARES":564869050,"PER_SHARES":1000,"TOTAL_MARKET_CAP":1886662627,"HKSK_MARKET_CAP":1886662627,"PE_TTM":13.585367335589,"PB_TTM":3.232667707496,"REPORT_DATE_SQ":"2022-06-30 00:00:00","REPORT_TYPE_SQ":"2022年中报","OPERATE_INCOME_SQ":191428000,"DPS_HKD":null,"OPERATE_INCOME_QOQ_SQ":-39.150801046019,"NET_PROFIT_RATIO_SQ":-17.1552750904,"HOLDER_PROFIT_SQ":-32027000,"HOLDER_PROFIT_QOQ_SQ":-280.996580361505,"ROE_AVG_SQ":-10.607337732771,"PE_TTM_SQ":12.000932510717,"PB_TTM_SQ":3.849216817438,"ROA_SQ":-4.757098625838,"START_DATE":"2023-01-01 00:00:00","FISCAL_YEAR":"12-31","CURRENCY":"HKD","IS_CNY_CODE":0,"DPS_HKD_LY":null,"ORG_TYPE":"一般企业","PREMIUM_INCOME":null,"PREMIUM_INCOME_YOY":null,"NET_INTEREST_INCOME":null,"NET_INTEREST_INCOME_YOY":null,"FEE_COMMISSION_INCOME":null,"FEE_COMMISSION_INCOME_YOY":null,"ACCOUNTS_RECE_TDAYS":null,"INVENTORY_TDAYS":489.252491694352,"CURRENT_ASSETS_TDAYS":0.685322942174,"TOTAL_ASSETS_TDAYS":0.337394087351,"PREMIUM_EXPENSE":null,"LOAN_DEPOSIT":null,"LOAN_EQUITY":null,"LOAN_ASSETS":null,"DEPOSIT_EQUITY":null,"DEPOSIT_ASSETS":null,"EQUITY_MULTIPLIER":1.765863270456,"EQUITY_RATIO":0.765010297302},{"SECUCODE":"01769.HK","SECURITY_CODE":"01769","SECURITY_NAME_ABBR":"思考乐教育","ORG_CODE":"11004029","STD_REPORT_DATE":"2022-12-31 00:00:00","REPORT_DATE":"2022-12-31 00:00:00","DATE_TYPE_CODE":"001","REPORT_TYPE":"2022年年报","PER_NETCASH_OPERATE":0.226294763362,"PER_OI":0.723559474537,"BPS":0.657501061529,"BASIC_EPS":0.0979,"DILUTED_EPS":0.0979,"OPERATE_INCOME":402082000,"OPERATE_INCOME_YOY":-51.6568577354,"GROSS_PROFIT":138692000,"GROSS_PROFIT_YOY":-55.973728735545,"HOLDER_PROFIT":54411000,"HOLDER_PROFIT_YOY":304.468077111,"GROSS_PROFIT_RATIO":34.493461532722,"EPS_TTM":0.097914342271,"OPERATE_INCOME_QOQ":-20.552541207434,"NET_PROFIT_RATIO":13.3945314637,"ROE_AVG":15.786221182915,"GROSS_PROFIT_QOQ":-25.88784747085,"ROA":7.180633628793,"HOLDER_PROFIT_QOQ":153.666643652539,"ROE_YEARLY":15.786221182915,"ROIC_YEARLY":11.091654809421,"TOTAL_ASSETS":754925000,"TOTAL_LIABILITIES":383523000,"TAX_EBT":-27.291420467975,"OCF_SALES":31.275212518839,"TOTAL_PARENT_EQUITY":371402000,"DEBT_ASSET_RATIO":50.8027949796,"OPERATE_PROFIT":49013000,"PRETAX_PROFIT":42310000,"NETCASH_OPERATE":125752000,"NETCASH_INVEST":18693000,"NETCASH_FINANCE":-82069000,"END_CASH":298737000,"DIVI_RATIO":null,"DIVIDEND_RATE":null,"CURRENT_RATIO":1.438470669207,"COMMON_ACS":1000000000,"CURRENTDEBT_DEBT":78.420068679062,"ISSUED_COMMON_SHARES":564869050,"HK_COMMON_SHARES":564869050,"PER_SHARES":1000,"TOTAL_MARKET_CAP":1886662627,"HKSK_MARKET_CAP":1886662627,"PE_TTM":13.585367335589,"PB_TTM":3.232667707496,"REPORT_DATE_SQ":"2021-12-31 00:00:00","REPORT_TYPE_SQ":"2021年年报","OPERATE_INCOME_SQ":831725000,"DPS_HKD":null,"OPERATE_INCOME_QOQ_SQ":-11.569135504504,"NET_PROFIT_RATIO_SQ":-3.2477080766,"HOLDER_PROFIT_SQ":-26611000,"HOLDER_PROFIT_QOQ_SQ":-158.661052817212,"ROE_AVG_SQ":-6.21764684579,"PE_TTM_SQ":12.000932510717,"PB_TTM_SQ":3.849216817438,"ROA_SQ":-2.192018912763,"START_DATE":"2022-01-01 00:00:00","FISCAL_YEAR":"12-31","CURRENCY":"HKD","IS_CNY_CODE":0,"DPS_HKD_LY":null,"ORG_TYPE":"一般企业","PREMIUM_INCOME":null,"PREMIUM_INCOME_YOY":null,"NET_INTEREST_INCOME":null,"NET_INTEREST_INCOME_YOY":null,"FEE_COMMISSION_INCOME":null,"FEE_COMMISSION_INCOME_YOY":null,"ACCOUNTS_RECE_TDAYS":null,"INVENTORY_TDAYS":null,"CURRENT_ASSETS_TDAYS":0.961918660287,"TOTAL_ASSETS_TDAYS":0.530628646916,"PREMIUM_EXPENSE":null,"LOAN_DEPOSIT":null,"LOAN_EQUITY":null,"LOAN_ASSETS":null,"DEPOSIT_EQUITY":null,"DEPOSIT_ASSETS":null,"EQUITY_MULTIPLIER":2.032635796252,"EQUITY_RATIO":1.032635796253},{"SECUCODE":"01769.HK","SECURITY_CODE":"01769","SECURITY_NAME_ABBR":"思考乐教育","ORG_CODE":"11004029","STD_REPORT_DATE":"2022-06-30 00:00:00","REPORT_DATE":"2022-06-30 00:00:00","DATE_TYPE_CODE":"002","REPORT_TYPE":"2022年中报","PER_NETCASH_OPERATE":0.00820226741,"PER_OI":0.344480834983,"BPS":0.506168642095,"BASIC_EPS":-0.0576,"DILUTED_EPS":-0.0576,"OPERATE_INCOME":191428000,"OPERATE_INCOME_YOY":-62.9772461344,"GROSS_PROFIT":64580000,"GROSS_PROFIT_YOY":-66.445498615318,"HOLDER_PROFIT":-32027000,"HOLDER_PROFIT_YOY":-174.9187115488,"GROSS_PROFIT_RATIO":33.735921599766,"EPS_TTM":-0.182449163218,"OPERATE_INCOME_QOQ":-39.150801046019,"NET_PROFIT_RATIO":-17.1552750904,"ROE_AVG":-10.607337732771,"GROSS_PROFIT_QOQ":-40.595071439682,"ROA":-4.757098625838,"HOLDER_PROFIT_QOQ":-280.996580361505,"ROE_YEARLY":-21.214675465543,"ROIC_YEARLY":-14.050596537254,"TOTAL_ASSETS":585925000,"TOTAL_LIABILITIES":301220000,"TAX_EBT":43.891062550189,"OCF_SALES":2.381051883737,"TOTAL_PARENT_EQUITY":285919000,"DEBT_ASSET_RATIO":51.4093100653,"OPERATE_PROFIT":-54703000,"PRETAX_PROFIT":-58529000,"NETCASH_OPERATE":4558000,"NETCASH_INVEST":21719000,"NETCASH_FINANCE":-62186000,"END_CASH":200305000,"DIVI_RATIO":null,"DIVIDEND_RATE":null,"CURRENT_RATIO":1.307680554141,"COMMON_ACS":1000000000,"CURRENTDEBT_DEBT":71.699754332382,"ISSUED_COMMON_SHARES":564869050,"HK_COMMON_SHARES":564869050,"PER_SHARES":1000,"TOTAL_MARKET_CAP":1886662627,"HKSK_MARKET_CAP":1886662627,"PE_TTM":13.585367335589,"PB_TTM":3.232667707496,"REPORT_DATE_SQ":"2021-06-30 00:00:00","REPORT_TYPE_SQ":"2021年中报","OPERATE_INCOME_SQ":517055000,"DPS_HKD":null,"OPERATE_INCOME_QOQ_SQ":25.557443775039,"NET_PROFIT_RATIO_SQ":8.2677858255,"HOLDER_PROFIT_SQ":42749000,"HOLDER_PROFIT_QOQ_SQ":-7.303118231231,"ROE_AVG_SQ":8.336656698197,"PE_TTM_SQ":12.000932510717,"PB_TTM_SQ":3.849216817438,"ROA_SQ":2.718775956173,"START_DATE":"2022-01-01 00:00:00","FISCAL_YEAR":"12-31","CURRENCY":"HKD","IS_CNY_CODE":0,"DPS_HKD_LY":null,"ORG_TYPE":"一般企业","PREMIUM_INCOME":null,"PREMIUM_INCOME_YOY":null,"NET_INTEREST_INCOME":null,"NET_INTEREST_INCOME_YOY":null,"FEE_COMMISSION_INCOME":null,"FEE_COMMISSION_INCOME_YOY":null,"ACCOUNTS_RECE_TDAYS":null,"INVENTORY_TDAYS":null,"CURRENT_ASSETS_TDAYS":0.558268396248,"TOTAL_ASSETS_TDAYS":0.284335677943,"PREMIUM_EXPENSE":null,"LOAN_DEPOSIT":null,"LOAN_EQUITY":null,"LOAN_ASSETS":null,"DEPOSIT_EQUITY":null,"DEPOSIT_ASSETS":null,"EQUITY_MULTIPLIER":2.058007411181,"EQUITY_RATIO":1.05351515639},{"SECUCODE":"01769.HK","SECURITY_CODE":"01769","SECURITY_NAME_ABBR":"思考乐教育","ORG_CODE":"11004029","STD_REPORT_DATE":"2021-12-31 00:00:00","REPORT_DATE":"2021-12-31 00:00:00","DATE_TYPE_CODE":"001","REPORT_TYPE":"2021年年报","PER_NETCASH_OPERATE":0.166973186971,"PER_OI":1.496715853878,"BPS":0.56286673876,"BASIC_EPS":-0.0483,"DILUTED_EPS":-0.0483,"OPERATE_INCOME":831725000,"OPERATE_INCOME_YOY":11.0315329687,"GROSS_PROFIT":315021000,"GROSS_PROFIT_YOY":20.912192893908,"HOLDER_PROFIT":-26611000,"HOLDER_PROFIT_YOY":-154.3769667743,"GROSS_PROFIT_RATIO":37.875619946497,"EPS_TTM":-0.047887349289,"OPERATE_INCOME_QOQ":-11.569135504504,"NET_PROFIT_RATIO":-3.2477080766,"ROE_AVG":-6.21764684579,"GROSS_PROFIT_QOQ":-4.759874835608,"ROA":-2.192018912763,"HOLDER_PROFIT_QOQ":-158.661052817212,"ROE_YEARLY":-6.21764684579,"ROIC_YEARLY":-3.041667333423,"TOTAL_ASSETS":760568000,"TOTAL_LIABILITIES":443023000,"TAX_EBT":582.529474812433,"OCF_SALES":11.155971024077,"TOTAL_PARENT_EQUITY":317946000,"DEBT_ASSET_RATIO":58.2489665618,"OPERATE_PROFIT":34583000,"PRETAX_PROFIT":5598000,"NETCASH_OPERATE":92787000,"NETCASH_INVEST":47109000,"NETCASH_FINANCE":-344632000,"END_CASH":236041000,"DIVI_RATIO":null,"DIVIDEND_RATE":null,"CURRENT_RATIO":1.247150087654,"COMMON_ACS":1000000000,"CURRENTDEBT_DEBT":73.005464727565,"ISSUED_COMMON_SHARES":564869050,"HK_COMMON_SHARES":564869050,"PER_SHARES":1000,"TOTAL_MARKET_CAP":1886662627,"HKSK_MARKET_CAP":1886662627,"PE_TTM":13.585367335589,"PB_TTM":3.232667707496,"REPORT_DATE_SQ":"2020-12-31 00:00:00","REPORT_TYPE_SQ":"2020年年报","OPERATE_INCOME_SQ":749089000,"DPS_HKD":null,"OPERATE_INCOME_QOQ_SQ":1.016381858588,"NET_PROFIT_RATIO_SQ":6.5330020865,"HOLDER_PROFIT_SQ":48938000,"HOLDER_PROFIT_QOQ_SQ":-54.533799100673,"ROE_AVG_SQ":8.967922880774,"PE_TTM_SQ":12.000932510717,"PB_TTM_SQ":3.849216817438,"ROA_SQ":3.118568764416,"START_DATE":"2021-01-01 00:00:00","FISCAL_YEAR":"12-31","CURRENCY":"HKD","IS_CNY_CODE":0,"DPS_HKD_LY":0.22,"ORG_TYPE":"一般企业","PREMIUM_INCOME":null,"PREMIUM_INCOME_YOY":null,"NET_INTEREST_INCOME":null,"NET_INTEREST_INCOME_YOY":null,"FEE_COMMISSION_INCOME":null,"FEE_COMMISSION_INCOME_YOY":null,"ACCOUNTS_RECE_TDAYS":null,"INVENTORY_TDAYS":null,"CURRENT_ASSETS_TDAYS":1.424617200233,"TOTAL_ASSETS_TDAYS":0.685114024358,"PREMIUM_EXPENSE":null,"LOAN_DEPOSIT":null,"LOAN_EQUITY":null,"LOAN_ASSETS":null,"DEPOSIT_EQUITY":null,"DEPOSIT_ASSETS":null,"EQUITY_MULTIPLIER":2.395150293657,"EQUITY_RATIO":1.393390701566},{"SECUCODE":"01769.HK","SECURITY_CODE":"01769","SECURITY_NAME_ABBR":"思考乐教育","ORG_CODE":"11004029","STD_REPORT_DATE":"2021-06-30 00:00:00","REPORT_DATE":"2021-06-30 00:00:00","DATE_TYPE_CODE":"002","REPORT_TYPE":"2021年中报","PER_NETCASH_OPERATE":0.170651430628,"PER_OI":0.930457081159,"BPS":0.863084992885,"BASIC_EPS":0.0776,"DILUTED_EPS":0.0766,"OPERATE_INCOME":517055000,"OPERATE_INCOME_YOY":58.7972617296,"GROSS_PROFIT":192463000,"GROSS_PROFIT_YOY":57.453266249438,"HOLDER_PROFIT":42749000,"HOLDER_PROFIT_YOY":-7.7153897632,"GROSS_PROFIT_RATIO":37.222925994333,"EPS_TTM":0.081633975166,"OPERATE_INCOME_QOQ":25.557443775039,"NET_PROFIT_RATIO":8.2677858255,"ROE_AVG":8.336656698197,"GROSS_PROFIT_QOQ":26.955096588968,"ROA":2.718775956173,"HOLDER_PROFIT_QOQ":-7.303118231231,"ROE_YEARLY":16.673313396394,"ROIC_YEARLY":6.690230391885,"TOTAL_ASSETS":1477302000,"TOTAL_LIABILITIES":989772000,"TAX_EBT":28.5814524617,"OCF_SALES":18.34060206361,"TOTAL_PARENT_EQUITY":487530000,"DEBT_ASSET_RATIO":66.9986231657,"OPERATE_PROFIT":77793000,"PRETAX_PROFIT":59857000,"NETCASH_OPERATE":94831000,"NETCASH_INVEST":-229327000,"NETCASH_FINANCE":-161203000,"END_CASH":146232000,"DIVI_RATIO":null,"DIVIDEND_RATE":null,"CURRENT_RATIO":1.193938296395,"COMMON_ACS":1000000000,"CURRENTDEBT_DEBT":56.906135958584,"ISSUED_COMMON_SHARES":564869050,"HK_COMMON_SHARES":564869050,"PER_SHARES":1000,"TOTAL_MARKET_CAP":1886662627,"HKSK_MARKET_CAP":1886662627,"PE_TTM":13.585367335589,"PB_TTM":3.232667707496,"REPORT_DATE_SQ":"2020-06-30 00:00:00","REPORT_TYPE_SQ":"2020年中报","OPERATE_INCOME_SQ":325607000,"DPS_HKD":null,"OPERATE_INCOME_QOQ_SQ":4.235179682383,"NET_PROFIT_RATIO_SQ":14.2266597463,"HOLDER_PROFIT_SQ":46323000,"HOLDER_PROFIT_QOQ_SQ":13.556854387779,"ROE_AVG_SQ":8.38136352986,"PE_TTM_SQ":12.000932510717,"PB_TTM_SQ":3.849216817438,"ROA_SQ":3.239281152723,"START_DATE":"2021-01-01 00:00:00","FISCAL_YEAR":"12-31","CURRENCY":"HKD","IS_CNY_CODE":0,"DPS_HKD_LY":0.22,"ORG_TYPE":"一般企业","PREMIUM_INCOME":null,"PREMIUM_INCOME_YOY":null,"NET_INTEREST_INCOME":null,"NET_INTEREST_INCOME_YOY":null,"FEE_COMMISSION_INCOME":null,"FEE_COMMISSION_INCOME_YOY":null,"ACCOUNTS_RECE_TDAYS":null,"INVENTORY_TDAYS":null,"CURRENT_ASSETS_TDAYS":0.719753889842,"TOTAL_ASSETS_TDAYS":0.328839669236,"PREMIUM_EXPENSE":null,"LOAN_DEPOSIT":null,"LOAN_EQUITY":null,"LOAN_ASSETS":null,"DEPOSIT_EQUITY":null,"DEPOSIT_ASSETS":null,"EQUITY_MULTIPLIER":3.030176604513,"EQUITY_RATIO":2.030176604517},{"SECUCODE":"01769.HK","SECURITY_CODE":"01769","SECURITY_NAME_ABBR":"思考乐教育","ORG_CODE":"11004029","STD_REPORT_DATE":"2020-12-31 00:00:00","REPORT_DATE":"2020-12-31 00:00:00","DATE_TYPE_CODE":"001","REPORT_TYPE":"2020年年报","PER_NETCASH_OPERATE":0.488482994421,"PER_OI":1.348009717473,"BPS":0.952498636631,"BASIC_EPS":0.0881,"DILUTED_EPS":0.0859,"OPERATE_INCOME":749089000,"OPERATE_INCOME_YOY":5.2946071389,"GROSS_PROFIT":260537000,"GROSS_PROFIT_YOY":-14.279557014918,"HOLDER_PROFIT":48938000,"HOLDER_PROFIT_YOY":-48.3700124491,"GROSS_PROFIT_RATIO":34.78051339694,"EPS_TTM":0.088065502969,"OPERATE_INCOME_QOQ":1.016381858588,"NET_PROFIT_RATIO":6.5330020865,"ROE_AVG":8.967922880774,"GROSS_PROFIT_QOQ":-12.65559679101,"ROA":3.118568764416,"HOLDER_PROFIT_QOQ":-54.533799100673,"ROE_YEARLY":8.967922880774,"ROIC_YEARLY":3.987734810502,"TOTAL_ASSETS":1667422000,"TOTAL_LIABILITIES":1129385000,"TAX_EBT":1.699341153784,"OCF_SALES":36.237349634022,"TOTAL_PARENT_EQUITY":538037000,"DEBT_ASSET_RATIO":67.7324036747,"OPERATE_PROFIT":86231000,"PRETAX_PROFIT":49784000,"NETCASH_OPERATE":271450000,"NETCASH_INVEST":132384000,"NETCASH_FINANCE":-198042000,"END_CASH":442586000,"DIVI_RATIO":null,"DIVIDEND_RATE":null,"CURRENT_RATIO":1.185376816382,"COMMON_ACS":1000000000,"CURRENTDEBT_DEBT":57.089212270395,"ISSUED_COMMON_SHARES":564869050,"HK_COMMON_SHARES":564869050,"PER_SHARES":1000,"TOTAL_MARKET_CAP":1886662627,"HKSK_MARKET_CAP":1886662627,"PE_TTM":13.585367335589,"PB_TTM":3.232667707496,"REPORT_DATE_SQ":"2019-12-31 00:00:00","REPORT_TYPE_SQ":"2019年年报","OPERATE_INCOME_SQ":711422000,"DPS_HKD":null,"OPERATE_INCOME_QOQ_SQ":28.748083949697,"NET_PROFIT_RATIO_SQ":13.3234564014,"HOLDER_PROFIT_SQ":94786000,"HOLDER_PROFIT_QOQ_SQ":37.394909259581,"ROE_AVG_SQ":28.354295577363,"PE_TTM_SQ":12.000932510717,"PB_TTM_SQ":3.849216817438,"ROA_SQ":9.712192805256,"START_DATE":"2020-01-01 00:00:00","FISCAL_YEAR":"12-31","CURRENCY":"HKD","IS_CNY_CODE":0,"DPS_HKD_LY":0.12,"ORG_TYPE":"一般企业","PREMIUM_INCOME":null,"PREMIUM_INCOME_YOY":null,"NET_INTEREST_INCOME":null,"NET_INTEREST_INCOME_YOY":null,"FEE_COMMISSION_INCOME":null,"FEE_COMMISSION_INCOME_YOY":null,"ACCOUNTS_RECE_TDAYS":null,"INVENTORY_TDAYS":null,"CURRENT_ASSETS_TDAYS":0.995128567557,"TOTAL_ASSETS_TDAYS":0.477356156191,"PREMIUM_EXPENSE":null,"LOAN_DEPOSIT":null,"LOAN_EQUITY":null,"LOAN_ASSETS":null,"DEPOSIT_EQUITY":null,"DEPOSIT_ASSETS":null,"EQUITY_MULTIPLIER":3.099084263726,"EQUITY_RATIO":2.099084263722},{"SECUCODE":"01769.HK","SECURITY_CODE":"01769","SECURITY_NAME_ABBR":"思考乐教育","ORG_CODE":"11004029","STD_REPORT_DATE":"2020-06-30 00:00:00","REPORT_DATE":"2020-06-30 00:00:00","DATE_TYPE_CODE":"002","REPORT_TYPE":"2020年中报","PER_NETCASH_OPERATE":-0.170692819867,"PER_OI":0.585940255534,"BPS":0.977247735559,"BASIC_EPS":0.0834,"DILUTED_EPS":0.0818,"OPERATE_INCOME":325607000,"OPERATE_INCOME_YOY":10.1970711764,"GROSS_PROFIT":122235000,"GROSS_PROFIT_YOY":-4.418779225247,"HOLDER_PROFIT":46323000,"HOLDER_PROFIT_YOY":38.3891494637,"GROSS_PROFIT_RATIO":37.540654838502,"EPS_TTM":0.193694439446,"OPERATE_INCOME_QOQ":4.235179682383,"NET_PROFIT_RATIO":14.2266597463,"ROE_AVG":8.38136352986,"GROSS_PROFIT_QOQ":-1.859260770289,"ROA":3.239281152723,"HOLDER_PROFIT_QOQ":13.556854387779,"ROE_YEARLY":16.76272705972,"ROIC_YEARLY":7.523020706456,"TOTAL_ASSETS":1389010000,"TOTAL_LIABILITIES":836993000,"TAX_EBT":6.985663226376,"OCF_SALES":-29.131437591944,"TOTAL_PARENT_EQUITY":552017000,"DEBT_ASSET_RATIO":60.2582414813,"OPERATE_PROFIT":66658000,"PRETAX_PROFIT":49802000,"NETCASH_OPERATE":-94854000,"NETCASH_INVEST":53440000,"NETCASH_FINANCE":-44465000,"END_CASH":155600000,"DIVI_RATIO":null,"DIVIDEND_RATE":null,"CURRENT_RATIO":1.438748438322,"COMMON_ACS":1000000000,"CURRENTDEBT_DEBT":49.536615001559,"ISSUED_COMMON_SHARES":564869050,"HK_COMMON_SHARES":564869050,"PER_SHARES":1000,"TOTAL_MARKET_CAP":1886662627,"HKSK_MARKET_CAP":1886662627,"PE_TTM":13.585367335589,"PB_TTM":3.232667707496,"REPORT_DATE_SQ":"2019-06-30 00:00:00","REPORT_TYPE_SQ":"2019年中报","OPERATE_INCOME_SQ":295477000,"DPS_HKD":null,"OPERATE_INCOME_QOQ_SQ":12.056822445069,"NET_PROFIT_RATIO_SQ":11.3284621138,"HOLDER_PROFIT_SQ":33473000,"HOLDER_PROFIT_QOQ_SQ":-4.467277813166,"ROE_AVG_SQ":10.602552366593,"PE_TTM_SQ":12.000932510717,"PB_TTM_SQ":3.849216817438,"ROA_SQ":4.148592306891,"START_DATE":"2020-01-01 00:00:00","FISCAL_YEAR":"12-31","CURRENCY":"HKD","IS_CNY_CODE":0,"DPS_HKD_LY":0.12,"ORG_TYPE":"一般企业","PREMIUM_INCOME":null,"PREMIUM_INCOME_YOY":null,"NET_INTEREST_INCOME":null,"NET_INTEREST_INCOME_YOY":null,"FEE_COMMISSION_INCOME":null,"FEE_COMMISSION_INCOME_YOY":null,"ACCOUNTS_RECE_TDAYS":null,"INVENTORY_TDAYS":null,"CURRENT_ASSETS_TDAYS":0.486793251121,"TOTAL_ASSETS_TDAYS":0.227690913433,"PREMIUM_EXPENSE":null,"LOAN_DEPOSIT":null,"LOAN_EQUITY":null,"LOAN_ASSETS":null,"DEPOSIT_EQUITY":null,"DEPOSIT_ASSETS":null,"EQUITY_MULTIPLIER":2.516244970714,"EQUITY_RATIO":1.516244970716}],"count":17},"success":true,"message":"ok","code":0}