{"version":"4660feb4861ae822a9a47db6d661f82a","result":{"pages":3,"data":[{"SECUCODE":"01767.HK","SECURITY_CODE":"01767","SECURITY_NAME_ABBR":"TS WONDERS","ORG_CODE":"10952634","STD_REPORT_DATE":"2024-06-30 00:00:00","REPORT_DATE":"2024-06-30 00:00:00","DATE_TYPE_CODE":"002","REPORT_TYPE":"2024年中报","PER_NETCASH_OPERATE":0.036217197143,"PER_OI":0.173612716575,"BPS":0.407028246794,"BASIC_EPS":0.021116,"DILUTED_EPS":null,"OPERATE_INCOME":173612716.575,"OPERATE_INCOME_YOY":-2.17870349,"GROSS_PROFIT":47320190.545,"GROSS_PROFIT_YOY":-5.208278618478,"HOLDER_PROFIT":21249315.866,"HOLDER_PROFIT_YOY":18.9354222887,"GROSS_PROFIT_RATIO":27.25617770318,"EPS_TTM":0.032495832688,"OPERATE_INCOME_QOQ":-1.606937175173,"NET_PROFIT_RATIO":12.2394927544,"ROE_AVG":5.355965153775,"GROSS_PROFIT_QOQ":-2.446200501523,"ROA":4.752161491988,"HOLDER_PROFIT_QOQ":10.780832367168,"ROE_YEARLY":10.71193030755,"ROIC_YEARLY":14.206889052275,"TOTAL_ASSETS":451037564.677,"TOTAL_LIABILITIES":44009317.883,"TAX_EBT":18.687963083231,"OCF_SALES":20.860912643662,"TOTAL_PARENT_EQUITY":407028246.794,"DEBT_ASSET_RATIO":9.7573509015,"OPERATE_PROFIT":26287889.09,"PRETAX_PROFIT":26133050.741,"NETCASH_OPERATE":36217197.143,"NETCASH_INVEST":-56413537.274,"NETCASH_FINANCE":-2747286.622,"END_CASH":59563352.925,"DIVI_RATIO":0.064140716751,"DIVIDEND_RATE":1.197916666667,"CURRENT_RATIO":9.537106850752,"COMMON_ACS":5000000000,"CURRENTDEBT_DEBT":70.648628944122,"ISSUED_COMMON_SHARES":1000000000,"HK_COMMON_SHARES":1000000000,"PER_SHARES":10000,"TOTAL_MARKET_CAP":192000000,"HKSK_MARKET_CAP":192000000,"PE_TTM":5.328322447291,"PB_TTM":0.430521865449,"REPORT_DATE_SQ":"2023-06-30 00:00:00","REPORT_TYPE_SQ":"2023年中报","OPERATE_INCOME_SQ":179671485.6126,"DPS_HKD":0.0023,"OPERATE_INCOME_QOQ_SQ":2.757258145256,"NET_PROFIT_RATIO_SQ":10.0666649752,"HOLDER_PROFIT_SQ":18086926.5126,"HOLDER_PROFIT_QOQ_SQ":13.316541305816,"ROE_AVG_SQ":4.855292812854,"PE_TTM_SQ":4.335605994931,"PB_TTM_SQ":0.388718923786,"ROA_SQ":4.189958049698,"START_DATE":"2024-01-01 00:00:00","FISCAL_YEAR":"12-31","CURRENCY":"HKD","IS_CNY_CODE":0,"DPS_HKD_LY":0.0023,"ORG_TYPE":"一般企业","PREMIUM_INCOME":null,"PREMIUM_INCOME_YOY":null,"NET_INTEREST_INCOME":null,"NET_INTEREST_INCOME_YOY":null,"FEE_COMMISSION_INCOME":null,"FEE_COMMISSION_INCOME_YOY":null,"ACCOUNTS_RECE_TDAYS":3.21591583478,"INVENTORY_TDAYS":2.349126840941,"CURRENT_ASSETS_TDAYS":0.590183485974,"TOTAL_ASSETS_TDAYS":0.388264578224,"PREMIUM_EXPENSE":null,"LOAN_DEPOSIT":null,"LOAN_EQUITY":null,"LOAN_ASSETS":null,"DEPOSIT_EQUITY":null,"DEPOSIT_ASSETS":null,"EQUITY_MULTIPLIER":1.108123498135,"EQUITY_RATIO":0.108123498135},{"SECUCODE":"01767.HK","SECURITY_CODE":"01767","SECURITY_NAME_ABBR":"TS WONDERS","ORG_CODE":"10952634","STD_REPORT_DATE":"2023-12-31 00:00:00","REPORT_DATE":"2023-12-31 00:00:00","DATE_TYPE_CODE":"001","REPORT_TYPE":"2023年年报","PER_NETCASH_OPERATE":0.040024865568,"PER_OI":0.377038326775,"BPS":0.39364280312,"BASIC_EPS":0.0295746,"DILUTED_EPS":0.0295746,"OPERATE_INCOME":377038326.7752,"OPERATE_INCOME_YOY":-6.2590290301,"GROSS_PROFIT":106286531.0256,"GROSS_PROFIT_YOY":14.14763317786,"HOLDER_PROFIT":29333443.3344,"HOLDER_PROFIT_YOY":-6.1925628166,"GROSS_PROFIT_RATIO":28.189847948527,"EPS_TTM":0.029333443334,"OPERATE_INCOME_QOQ":-5.358080033731,"NET_PROFIT_RATIO":7.7799632693,"ROE_AVG":7.704680032636,"GROSS_PROFIT_QOQ":4.484612976255,"ROA":6.625428581476,"HOLDER_PROFIT_QOQ":-14.116336261138,"ROE_YEARLY":7.704680032636,"ROIC_YEARLY":9.4622351383,"TOTAL_ASSETS":451509110.7444,"TOTAL_LIABILITIES":57866307.624,"TAX_EBT":20.961567383349,"OCF_SALES":10.615596008589,"TOTAL_PARENT_EQUITY":393642803.1204,"DEBT_ASSET_RATIO":12.8161993295,"OPERATE_PROFIT":37632215.9016,"PRETAX_PROFIT":37112885.9256,"NETCASH_OPERATE":40024865.568,"NETCASH_INVEST":-7773086.7408,"NETCASH_FINANCE":-16906029.7212,"END_CASH":82853591.418,"DIVI_RATIO":0.071055619902,"DIVIDEND_RATE":1.216931216931,"CURRENT_RATIO":6.627319523665,"COMMON_ACS":5000000000,"CURRENTDEBT_DEBT":77.506267760203,"ISSUED_COMMON_SHARES":1000000000,"HK_COMMON_SHARES":1000000000,"PER_SHARES":10000,"TOTAL_MARKET_CAP":189000000,"HKSK_MARKET_CAP":189000000,"PE_TTM":5.245067409052,"PB_TTM":0.423794961301,"REPORT_DATE_SQ":"2022-12-31 00:00:00","REPORT_TYPE_SQ":"2022年年报","OPERATE_INCOME_SQ":387694330.2531,"DPS_HKD":0.0023,"OPERATE_INCOME_QOQ_SQ":18.357716343696,"NET_PROFIT_RATIO_SQ":7.7744508631,"HOLDER_PROFIT_SQ":30141105.2046,"HOLDER_PROFIT_QOQ_SQ":190.351933561226,"ROE_AVG_SQ":8.933381391651,"PE_TTM_SQ":4.471093682273,"PB_TTM_SQ":0.400866390154,"ROA_SQ":7.295224755531,"START_DATE":"2023-01-01 00:00:00","FISCAL_YEAR":"12-31","CURRENCY":"HKD","IS_CNY_CODE":0,"DPS_HKD_LY":null,"ORG_TYPE":"一般企业","PREMIUM_INCOME":null,"PREMIUM_INCOME_YOY":null,"NET_INTEREST_INCOME":null,"NET_INTEREST_INCOME_YOY":null,"FEE_COMMISSION_INCOME":null,"FEE_COMMISSION_INCOME_YOY":null,"ACCOUNTS_RECE_TDAYS":5.892202424537,"INVENTORY_TDAYS":4.634835593313,"CURRENT_ASSETS_TDAYS":1.291172825614,"TOTAL_ASSETS_TDAYS":0.851601524598,"PREMIUM_EXPENSE":null,"LOAN_DEPOSIT":null,"LOAN_EQUITY":null,"LOAN_ASSETS":null,"DEPOSIT_EQUITY":null,"DEPOSIT_ASSETS":null,"EQUITY_MULTIPLIER":1.147002071841,"EQUITY_RATIO":0.147002071841},{"SECUCODE":"01767.HK","SECURITY_CODE":"01767","SECURITY_NAME_ABBR":"TS WONDERS","ORG_CODE":"10952634","STD_REPORT_DATE":"2023-06-30 00:00:00","REPORT_DATE":"2023-06-30 00:00:00","DATE_TYPE_CODE":"002","REPORT_TYPE":"2023年中报","PER_NETCASH_OPERATE":0.034245339669,"PER_OI":0.179671485613,"BPS":0.379494773701,"BASIC_EPS":0.01817028,"DILUTED_EPS":null,"OPERATE_INCOME":179671485.6126,"OPERATE_INCOME_YOY":-4.1629816676,"GROSS_PROFIT":49920172.2,"GROSS_PROFIT_YOY":20.846309904484,"HOLDER_PROFIT":18086926.5126,"HOLDER_PROFIT_YOY":15.8421653607,"GROSS_PROFIT_RATIO":27.784137271306,"EPS_TTM":0.034154857929,"OPERATE_INCOME_QOQ":2.757258145256,"NET_PROFIT_RATIO":10.0666649752,"ROE_AVG":4.855292812854,"GROSS_PROFIT_QOQ":9.248271038532,"ROA":4.189958049698,"HOLDER_PROFIT_QOQ":13.316541305816,"ROE_YEARLY":9.710585625708,"ROIC_YEARLY":13.734965878924,"TOTAL_ASSETS":432038199.9132,"TOTAL_LIABILITIES":52543426.212,"TAX_EBT":26.530651674105,"OCF_SALES":19.059974682259,"TOTAL_PARENT_EQUITY":379494773.7012,"DEBT_ASSET_RATIO":12.1617547297,"OPERATE_PROFIT":24878624.4594,"PRETAX_PROFIT":24618329.8542,"NETCASH_OPERATE":34245339.669,"NETCASH_INVEST":-2843093.0232,"NETCASH_FINANCE":-7505832.7044,"END_CASH":91416255.219,"DIVI_RATIO":0.061025169665,"DIVIDEND_RATE":1.216931216931,"CURRENT_RATIO":8.68585415591,"COMMON_ACS":5000000000,"CURRENTDEBT_DEBT":62.246207736888,"ISSUED_COMMON_SHARES":1000000000,"HK_COMMON_SHARES":1000000000,"PER_SHARES":10000,"TOTAL_MARKET_CAP":189000000,"HKSK_MARKET_CAP":189000000,"PE_TTM":5.245067409052,"PB_TTM":0.423794961301,"REPORT_DATE_SQ":"2022-06-30 00:00:00","REPORT_TYPE_SQ":"2022年中报","OPERATE_INCOME_SQ":168981752.113,"DPS_HKD":0.0023,"OPERATE_INCOME_QOQ_SQ":6.373229621382,"NET_PROFIT_RATIO_SQ":8.3282210132,"HOLDER_PROFIT_SQ":14073173.788,"HOLDER_PROFIT_QOQ_SQ":-35.72172262502,"ROE_AVG_SQ":4.626807088677,"PE_TTM_SQ":4.471093682273,"PB_TTM_SQ":0.400866390154,"ROA_SQ":3.768790229487,"START_DATE":"2023-01-01 00:00:00","FISCAL_YEAR":"12-31","CURRENCY":"HKD","IS_CNY_CODE":0,"DPS_HKD_LY":null,"ORG_TYPE":"一般企业","PREMIUM_INCOME":null,"PREMIUM_INCOME_YOY":null,"NET_INTEREST_INCOME":null,"NET_INTEREST_INCOME_YOY":null,"FEE_COMMISSION_INCOME":null,"FEE_COMMISSION_INCOME_YOY":null,"ACCOUNTS_RECE_TDAYS":3.262667364425,"INVENTORY_TDAYS":2.398811783618,"CURRENT_ASSETS_TDAYS":0.631410798347,"TOTAL_ASSETS_TDAYS":0.41622106825,"PREMIUM_EXPENSE":null,"LOAN_DEPOSIT":null,"LOAN_EQUITY":null,"LOAN_ASSETS":null,"DEPOSIT_EQUITY":null,"DEPOSIT_ASSETS":null,"EQUITY_MULTIPLIER":1.138456257776,"EQUITY_RATIO":0.138456257775},{"SECUCODE":"01767.HK","SECURITY_CODE":"01767","SECURITY_NAME_ABBR":"TS WONDERS","ORG_CODE":"10952634","STD_REPORT_DATE":"2022-12-31 00:00:00","REPORT_DATE":"2022-12-31 00:00:00","DATE_TYPE_CODE":"001","REPORT_TYPE":"2022年年报","PER_NETCASH_OPERATE":0.03598856978,"PER_OI":0.387694330253,"BPS":0.354525517184,"BASIC_EPS":0.03006198,"DILUTED_EPS":0.03006198,"OPERATE_INCOME":387694330.2531,"OPERATE_INCOME_YOY":14.6009098521,"GROSS_PROFIT":93113214.9363,"GROSS_PROFIT_YOY":11.602199020374,"HOLDER_PROFIT":30141105.2046,"HOLDER_PROFIT_YOY":69.8822855791,"GROSS_PROFIT_RATIO":24.01717220768,"EPS_TTM":0.030141105205,"OPERATE_INCOME_QOQ":18.357716343696,"NET_PROFIT_RATIO":7.7744508631,"ROE_AVG":8.933381391651,"GROSS_PROFIT_QOQ":12.259070719031,"ROA":7.295224755531,"HOLDER_PROFIT_QOQ":190.351933561226,"ROE_YEARLY":8.933381391651,"ROIC_YEARLY":11.262276397029,"TOTAL_ASSETS":418306511.8674,"TOTAL_LIABILITIES":63780994.6839,"TAX_EBT":19.620971124999,"OCF_SALES":9.282717587334,"TOTAL_PARENT_EQUITY":354525517.1835,"DEBT_ASSET_RATIO":15.2474305024,"OPERATE_PROFIT":38104212.7206,"PRETAX_PROFIT":37498717.7955,"NETCASH_OPERATE":35988569.7795,"NETCASH_INVEST":-56872476.9756,"NETCASH_FINANCE":-6387522.8625,"END_CASH":65864124.0387,"DIVI_RATIO":0.06915161159,"DIVIDEND_RATE":1.216931216931,"CURRENT_RATIO":7.052282650376,"COMMON_ACS":5000000000,"CURRENTDEBT_DEBT":61.457540077992,"ISSUED_COMMON_SHARES":1000000000,"HK_COMMON_SHARES":1000000000,"PER_SHARES":10000,"TOTAL_MARKET_CAP":189000000,"HKSK_MARKET_CAP":189000000,"PE_TTM":5.245067409052,"PB_TTM":0.423794961301,"REPORT_DATE_SQ":"2021-12-31 00:00:00","REPORT_TYPE_SQ":"2021年年报","OPERATE_INCOME_SQ":307936045.0133,"DPS_HKD":0.0023,"OPERATE_INCOME_QOQ_SQ":-6.73041995523,"NET_PROFIT_RATIO_SQ":5.2445676692,"HOLDER_PROFIT_SQ":16149914.2585,"HOLDER_PROFIT_QOQ_SQ":-41.771847336559,"ROE_AVG_SQ":5.698927737735,"PE_TTM_SQ":4.471093682273,"PB_TTM_SQ":0.400866390154,"ROA_SQ":4.546012229079,"START_DATE":"2022-01-01 00:00:00","FISCAL_YEAR":"12-31","CURRENCY":"HKD","IS_CNY_CODE":0,"DPS_HKD_LY":null,"ORG_TYPE":"一般企业","PREMIUM_INCOME":null,"PREMIUM_INCOME_YOY":null,"NET_INTEREST_INCOME":null,"NET_INTEREST_INCOME_YOY":null,"FEE_COMMISSION_INCOME":null,"FEE_COMMISSION_INCOME_YOY":null,"ACCOUNTS_RECE_TDAYS":5.969408574092,"INVENTORY_TDAYS":5.016214391871,"CURRENT_ASSETS_TDAYS":1.410026388994,"TOTAL_ASSETS_TDAYS":0.938358847973,"PREMIUM_EXPENSE":null,"LOAN_DEPOSIT":null,"LOAN_EQUITY":null,"LOAN_ASSETS":null,"DEPOSIT_EQUITY":null,"DEPOSIT_ASSETS":null,"EQUITY_MULTIPLIER":1.179905229927,"EQUITY_RATIO":0.179905229927},{"SECUCODE":"01767.HK","SECURITY_CODE":"01767","SECURITY_NAME_ABBR":"TS WONDERS","ORG_CODE":"10952634","STD_REPORT_DATE":"2022-06-30 00:00:00","REPORT_DATE":"2022-06-30 00:00:00","DATE_TYPE_CODE":"002","REPORT_TYPE":"2022年中报","PER_NETCASH_OPERATE":0.023702833671,"PER_OI":0.168981752113,"BPS":0.310682154974,"BASIC_EPS":0.0139693,"DILUTED_EPS":0.0139693,"OPERATE_INCOME":168981752.113,"OPERATE_INCOME_YOY":12.80416397,"GROSS_PROFIT":41308809.71,"GROSS_PROFIT_YOY":-1.16802588311,"HOLDER_PROFIT":14073173.788,"HOLDER_PROFIT_YOY":-29.2850870441,"GROSS_PROFIT_RATIO":24.445722211696,"EPS_TTM":0.010380886683,"OPERATE_INCOME_QOQ":6.373229621382,"NET_PROFIT_RATIO":8.3282210132,"ROE_AVG":4.626807088677,"GROSS_PROFIT_QOQ":-0.585139084485,"ROA":3.768790229487,"HOLDER_PROFIT_QOQ":-35.72172262502,"ROE_YEARLY":9.253614177354,"ROIC_YEARLY":11.838791128476,"TOTAL_ASSETS":367629075.798,"TOTAL_LIABILITIES":56946920.824,"TAX_EBT":27.296553636001,"OCF_SALES":14.026859926952,"TOTAL_PARENT_EQUITY":310682154.974,"DEBT_ASSET_RATIO":15.490320155,"OPERATE_PROFIT":19637006.285,"PRETAX_PROFIT":19356955.539,"NETCASH_OPERATE":23702833.671,"NETCASH_INVEST":36074228.797,"NETCASH_FINANCE":-2913610.62,"END_CASH":144755508.039,"DIVI_RATIO":0.20078304134,"DIVIDEND_RATE":1.216931216931,"CURRENT_RATIO":7.297941152548,"COMMON_ACS":5000000000,"CURRENTDEBT_DEBT":59.17417014547,"ISSUED_COMMON_SHARES":1000000000,"HK_COMMON_SHARES":1000000000,"PER_SHARES":10000,"TOTAL_MARKET_CAP":189000000,"HKSK_MARKET_CAP":189000000,"PE_TTM":5.245067409052,"PB_TTM":0.423794961301,"REPORT_DATE_SQ":"2021-06-30 00:00:00","REPORT_TYPE_SQ":"2021年中报","OPERATE_INCOME_SQ":149356280.8773,"DPS_HKD":0.0023,"OPERATE_INCOME_QOQ_SQ":-3.755305528508,"NET_PROFIT_RATIO_SQ":13.2851469299,"HOLDER_PROFIT_SQ":19842201.3636,"HOLDER_PROFIT_QOQ_SQ":-17.66315901638,"ROE_AVG_SQ":6.845191210544,"PE_TTM_SQ":4.471093682273,"PB_TTM_SQ":0.400866390154,"ROA_SQ":5.731643748481,"START_DATE":"2022-01-01 00:00:00","FISCAL_YEAR":"12-31","CURRENCY":"HKD","IS_CNY_CODE":0,"DPS_HKD_LY":null,"ORG_TYPE":"一般企业","PREMIUM_INCOME":null,"PREMIUM_INCOME_YOY":null,"NET_INTEREST_INCOME":null,"NET_INTEREST_INCOME_YOY":null,"FEE_COMMISSION_INCOME":null,"FEE_COMMISSION_INCOME_YOY":null,"ACCOUNTS_RECE_TDAYS":3.213483714216,"INVENTORY_TDAYS":2.382574682609,"CURRENT_ASSETS_TDAYS":0.675815608852,"TOTAL_ASSETS_TDAYS":0.452532446425,"PREMIUM_EXPENSE":null,"LOAN_DEPOSIT":null,"LOAN_EQUITY":null,"LOAN_ASSETS":null,"DEPOSIT_EQUITY":null,"DEPOSIT_ASSETS":null,"EQUITY_MULTIPLIER":1.183296400879,"EQUITY_RATIO":0.183296400879},{"SECUCODE":"01767.HK","SECURITY_CODE":"01767","SECURITY_NAME_ABBR":"TS WONDERS","ORG_CODE":"10952634","STD_REPORT_DATE":"2021-12-31 00:00:00","REPORT_DATE":"2021-12-31 00:00:00","DATE_TYPE_CODE":"001","REPORT_TYPE":"2021年年报","PER_NETCASH_OPERATE":0.027956878902,"PER_OI":0.307936045013,"BPS":0.291526292412,"BASIC_EPS":0.01604086,"DILUTED_EPS":null,"OPERATE_INCOME":307936045.0133,"OPERATE_INCOME_YOY":-6.1707340106,"GROSS_PROFIT":83433136.402,"GROSS_PROFIT_YOY":-9.444352151278,"HOLDER_PROFIT":16149914.2585,"HOLDER_PROFIT_YOY":-49.8871950787,"GROSS_PROFIT_RATIO":27.094306676049,"EPS_TTM":0.016149914259,"OPERATE_INCOME_QOQ":-6.73041995523,"NET_PROFIT_RATIO":5.2445676692,"ROE_AVG":5.698927737735,"GROSS_PROFIT_QOQ":-4.613675852373,"ROA":4.546012229079,"HOLDER_PROFIT_QOQ":-41.771847336559,"ROE_YEARLY":5.698927737735,"ROIC_YEARLY":6.85168695756,"TOTAL_ASSETS":371396815.141,"TOTAL_LIABILITIES":79870522.7287,"TAX_EBT":33.294639158142,"OCF_SALES":9.078793910077,"TOTAL_PARENT_EQUITY":291526292.4123,"DEBT_ASSET_RATIO":21.5054409388,"OPERATE_PROFIT":24808232.6459,"PRETAX_PROFIT":24210819.1226,"NETCASH_OPERATE":27956878.9016,"NETCASH_INVEST":-46957456.8518,"NETCASH_FINANCE":4606953.8636,"END_CASH":86230719.0008,"DIVI_RATIO":0.129059880235,"DIVIDEND_RATE":1.216931216931,"CURRENT_RATIO":4.51222298458,"COMMON_ACS":5000000000,"CURRENTDEBT_DEBT":69.071311061392,"ISSUED_COMMON_SHARES":1000000000,"HK_COMMON_SHARES":1000000000,"PER_SHARES":10000,"TOTAL_MARKET_CAP":189000000,"HKSK_MARKET_CAP":189000000,"PE_TTM":5.245067409052,"PB_TTM":0.423794961301,"REPORT_DATE_SQ":"2020-12-31 00:00:00","REPORT_TYPE_SQ":"2020年年报","OPERATE_INCOME_SQ":343039166.2278,"DPS_HKD":0.0023,"OPERATE_INCOME_QOQ_SQ":2.775320114451,"NET_PROFIT_RATIO_SQ":9.8197244318,"HOLDER_PROFIT_SQ":33685500.8166,"HOLDER_PROFIT_QOQ_SQ":4.384263829095,"ROE_AVG_SQ":12.428229779004,"PE_TTM_SQ":4.471093682273,"PB_TTM_SQ":0.400866390154,"ROA_SQ":10.043416099073,"START_DATE":"2021-01-01 00:00:00","FISCAL_YEAR":"12-31","CURRENCY":"HKD","IS_CNY_CODE":0,"DPS_HKD_LY":null,"ORG_TYPE":"一般企业","PREMIUM_INCOME":null,"PREMIUM_INCOME_YOY":null,"NET_INTEREST_INCOME":null,"NET_INTEREST_INCOME_YOY":null,"FEE_COMMISSION_INCOME":null,"FEE_COMMISSION_INCOME_YOY":null,"ACCOUNTS_RECE_TDAYS":5.025583421896,"INVENTORY_TDAYS":4.13632743828,"CURRENT_ASSETS_TDAYS":1.281892502327,"TOTAL_ASSETS_TDAYS":0.866803999079,"PREMIUM_EXPENSE":null,"LOAN_DEPOSIT":null,"LOAN_EQUITY":null,"LOAN_ASSETS":null,"DEPOSIT_EQUITY":null,"DEPOSIT_ASSETS":null,"EQUITY_MULTIPLIER":1.273973651117,"EQUITY_RATIO":0.273973651117},{"SECUCODE":"01767.HK","SECURITY_CODE":"01767","SECURITY_NAME_ABBR":"TS WONDERS","ORG_CODE":"10952634","STD_REPORT_DATE":"2021-06-30 00:00:00","REPORT_DATE":"2021-06-30 00:00:00","DATE_TYPE_CODE":"002","REPORT_TYPE":"2021年中报","PER_NETCASH_OPERATE":0.022054982954,"PER_OI":0.149356280877,"BPS":0.299550085397,"BASIC_EPS":0.01969107,"DILUTED_EPS":0.01969107,"OPERATE_INCOME":149356280.8773,"OPERATE_INCOME_YOY":-2.5999723382,"GROSS_PROFIT":41797009.6005,"GROSS_PROFIT_YOY":-10.042399689293,"HOLDER_PROFIT":19842201.3636,"HOLDER_PROFIT_YOY":-18.6060535973,"GROSS_PROFIT_RATIO":27.984768604969,"EPS_TTM":0.027735577242,"OPERATE_INCOME_QOQ":-3.755305528508,"NET_PROFIT_RATIO":13.2851469299,"ROE_AVG":6.845191210544,"GROSS_PROFIT_QOQ":-5.06432797581,"ROA":5.731643748481,"HOLDER_PROFIT_QOQ":-17.66315901638,"ROE_YEARLY":13.690382421088,"ROIC_YEARLY":17.873718185392,"TOTAL_ASSETS":347166377.7036,"TOTAL_LIABILITIES":47616292.3068,"TAX_EBT":19.15153759057,"OCF_SALES":14.766692651927,"TOTAL_PARENT_EQUITY":299550085.3968,"DEBT_ASSET_RATIO":13.7156981104,"OPERATE_PROFIT":24883725.2265,"PRETAX_PROFIT":24542459.7726,"NETCASH_OPERATE":21754362.7497,"NETCASH_INVEST":-33646270.5873,"NETCASH_FINANCE":-2891854.5537,"END_CASH":87895845.618,"DIVI_RATIO":0.07514918409,"DIVIDEND_RATE":1.216931216931,"CURRENT_RATIO":7.34519008808,"COMMON_ACS":5000000000,"CURRENTDEBT_DEBT":66.126144335903,"ISSUED_COMMON_SHARES":1000000000,"HK_COMMON_SHARES":1000000000,"PER_SHARES":10000,"TOTAL_MARKET_CAP":189000000,"HKSK_MARKET_CAP":189000000,"PE_TTM":5.245067409052,"PB_TTM":0.423794961301,"REPORT_DATE_SQ":"2020-06-30 00:00:00","REPORT_TYPE_SQ":"2020年中报","OPERATE_INCOME_SQ":162238449.6516,"DPS_HKD":0.0023,"OPERATE_INCOME_QOQ_SQ":5.654979176334,"NET_PROFIT_RATIO_SQ":15.8976648222,"HOLDER_PROFIT_SQ":25792124.9383,"HOLDER_PROFIT_QOQ_SQ":114.456957231496,"ROE_AVG_SQ":9.378596701399,"PE_TTM_SQ":4.471093682273,"PB_TTM_SQ":0.400866390154,"ROA_SQ":7.656168277444,"START_DATE":"2021-01-01 00:00:00","FISCAL_YEAR":"12-31","CURRENCY":"HKD","IS_CNY_CODE":0,"DPS_HKD_LY":null,"ORG_TYPE":"一般企业","PREMIUM_INCOME":null,"PREMIUM_INCOME_YOY":null,"NET_INTEREST_INCOME":null,"NET_INTEREST_INCOME_YOY":null,"FEE_COMMISSION_INCOME":null,"FEE_COMMISSION_INCOME_YOY":null,"ACCOUNTS_RECE_TDAYS":2.939866797326,"INVENTORY_TDAYS":2.05260686418,"CURRENT_ASSETS_TDAYS":0.63971130708,"TOTAL_ASSETS_TDAYS":0.431432469563,"PREMIUM_EXPENSE":null,"LOAN_DEPOSIT":null,"LOAN_EQUITY":null,"LOAN_ASSETS":null,"DEPOSIT_EQUITY":null,"DEPOSIT_ASSETS":null,"EQUITY_MULTIPLIER":1.158959368159,"EQUITY_RATIO":0.15895936816},{"SECUCODE":"01767.HK","SECURITY_CODE":"01767","SECURITY_NAME_ABBR":"TS WONDERS","ORG_CODE":"10952634","STD_REPORT_DATE":"2020-12-31 00:00:00","REPORT_DATE":"2020-12-31 00:00:00","DATE_TYPE_CODE":"001","REPORT_TYPE":"2020年年报","PER_NETCASH_OPERATE":0.052739163047,"PER_OI":0.343039166228,"BPS":0.287699651304,"BASIC_EPS":0.03353352,"DILUTED_EPS":null,"OPERATE_INCOME":343039166.2278,"OPERATE_INCOME_YOY":13.9269856219,"GROSS_PROFIT":92134657.9524,"GROSS_PROFIT_YOY":15.094518120894,"HOLDER_PROFIT":33685500.8166,"HOLDER_PROFIT_YOY":134.867525498,"GROSS_PROFIT_RATIO":26.85834943151,"EPS_TTM":0.033685500817,"OPERATE_INCOME_QOQ":2.775320114451,"NET_PROFIT_RATIO":9.8197244318,"ROE_AVG":12.428229779004,"GROSS_PROFIT_QOQ":4.6501100084,"ROA":10.043416099073,"HOLDER_PROFIT_QOQ":4.384263829095,"ROE_YEARLY":12.428229779004,"ROIC_YEARLY":14.333206937859,"TOTAL_ASSETS":354458148.4002,"TOTAL_LIABILITIES":66758497.0962,"TAX_EBT":22.994032133004,"OCF_SALES":15.374093759247,"TOTAL_PARENT_EQUITY":287699651.304,"DEBT_ASSET_RATIO":18.8339575201,"OPERATE_PROFIT":44477292.7428,"PRETAX_PROFIT":43744013.2884,"NETCASH_OPERATE":52739163.0468,"NETCASH_INVEST":24864281.5362,"NETCASH_FINANCE":-2809615.836,"END_CASH":105528005.0172,"DIVI_RATIO":0.061875464205,"DIVIDEND_RATE":1.216931216931,"CURRENT_RATIO":5.052964956557,"COMMON_ACS":5000000000,"CURRENTDEBT_DEBT":71.73656187255,"ISSUED_COMMON_SHARES":1000000000,"HK_COMMON_SHARES":1000000000,"PER_SHARES":10000,"TOTAL_MARKET_CAP":189000000,"HKSK_MARKET_CAP":189000000,"PE_TTM":5.245067409052,"PB_TTM":0.423794961301,"REPORT_DATE_SQ":"2019-12-31 00:00:00","REPORT_TYPE_SQ":"2019年年报","OPERATE_INCOME_SQ":315911111.2356,"DPS_HKD":0.0023,"OPERATE_INCOME_QOQ_SQ":7.452556975328,"NET_PROFIT_RATIO_SQ":4.7632451603,"HOLDER_PROFIT_SQ":15047620.7169,"HOLDER_PROFIT_QOQ_SQ":220.858245367619,"ROE_AVG_SQ":6.809049978806,"PE_TTM_SQ":4.471093682273,"PB_TTM_SQ":0.400866390154,"ROA_SQ":5.278612670056,"START_DATE":"2020-01-01 00:00:00","FISCAL_YEAR":"12-31","CURRENCY":"HKD","IS_CNY_CODE":0,"DPS_HKD_LY":null,"ORG_TYPE":"一般企业","PREMIUM_INCOME":null,"PREMIUM_INCOME_YOY":null,"NET_INTEREST_INCOME":null,"NET_INTEREST_INCOME_YOY":null,"FEE_COMMISSION_INCOME":null,"FEE_COMMISSION_INCOME_YOY":null,"ACCOUNTS_RECE_TDAYS":5.448599987264,"INVENTORY_TDAYS":4.412178850906,"CURRENT_ASSETS_TDAYS":1.532286771946,"TOTAL_ASSETS_TDAYS":1.022779831436,"PREMIUM_EXPENSE":null,"LOAN_DEPOSIT":null,"LOAN_EQUITY":null,"LOAN_ASSETS":null,"DEPOSIT_EQUITY":null,"DEPOSIT_ASSETS":null,"EQUITY_MULTIPLIER":1.232042328844,"EQUITY_RATIO":0.232042328844},{"SECUCODE":"01767.HK","SECURITY_CODE":"01767","SECURITY_NAME_ABBR":"TS WONDERS","ORG_CODE":"10952634","STD_REPORT_DATE":"2020-06-30 00:00:00","REPORT_DATE":"2020-06-30 00:00:00","DATE_TYPE_CODE":"002","REPORT_TYPE":"2020年中报","PER_NETCASH_OPERATE":0.029109106115,"PER_OI":0.162238449652,"BPS":0.287907779138,"BASIC_EPS":0.02591463,"DILUTED_EPS":0.02591463,"OPERATE_INCOME":162238449.6516,"OPERATE_INCOME_YOY":12.356239072,"GROSS_PROFIT":46463010.8586,"GROSS_PROFIT_YOY":20.765827699791,"HOLDER_PROFIT":25792124.9383,"HOLDER_PROFIT_YOY":200.9433436496,"GROSS_PROFIT_RATIO":28.638717245127,"EPS_TTM":0.032270669525,"OPERATE_INCOME_QOQ":5.654979176334,"NET_PROFIT_RATIO":15.8976648222,"ROE_AVG":9.378596701399,"GROSS_PROFIT_QOQ":9.980312597527,"ROA":7.656168277444,"HOLDER_PROFIT_QOQ":114.456957231496,"ROE_YEARLY":18.757193402799,"ROIC_YEARLY":21.330388197344,"TOTAL_ASSETS":347805345.7739,"TOTAL_LIABILITIES":59897566.6359,"TAX_EBT":17.747733557863,"OCF_SALES":17.942174729487,"TOTAL_PARENT_EQUITY":287907779.138,"DEBT_ASSET_RATIO":17.221577346,"OPERATE_PROFIT":31731493.9067,"PRETAX_PROFIT":31357342.5438,"NETCASH_OPERATE":29109106.1149,"NETCASH_INVEST":-1867763.9288,"NETCASH_FINANCE":-2034161.2599,"END_CASH":56577948.2646,"DIVI_RATIO":0.064588247801,"DIVIDEND_RATE":1.216931216931,"CURRENT_RATIO":6.033569883272,"COMMON_ACS":5000000000,"CURRENTDEBT_DEBT":64.873208779588,"ISSUED_COMMON_SHARES":1000000000,"HK_COMMON_SHARES":1000000000,"PER_SHARES":10000,"TOTAL_MARKET_CAP":189000000,"HKSK_MARKET_CAP":189000000,"PE_TTM":5.245067409052,"PB_TTM":0.423794961301,"REPORT_DATE_SQ":"2019-06-30 00:00:00","REPORT_TYPE_SQ":"2019年中报","OPERATE_INCOME_SQ":144373742.0955,"DPS_HKD":0.0023,"OPERATE_INCOME_QOQ_SQ":0.248264043188,"NET_PROFIT_RATIO_SQ":5.9353425392,"HOLDER_PROFIT_SQ":8569076.13,"HOLDER_PROFIT_QOQ_SQ":-56.162767057222,"ROE_AVG_SQ":3.988125993627,"PE_TTM_SQ":4.471093682273,"PB_TTM_SQ":0.400866390154,"ROA_SQ":3.193203614099,"START_DATE":"2020-01-01 00:00:00","FISCAL_YEAR":"12-31","CURRENCY":"HKD","IS_CNY_CODE":0,"DPS_HKD_LY":null,"ORG_TYPE":"一般企业","PREMIUM_INCOME":null,"PREMIUM_INCOME_YOY":null,"NET_INTEREST_INCOME":null,"NET_INTEREST_INCOME_YOY":null,"FEE_COMMISSION_INCOME":null,"FEE_COMMISSION_INCOME_YOY":null,"ACCOUNTS_RECE_TDAYS":2.863229873586,"INVENTORY_TDAYS":1.775183307273,"CURRENT_ASSETS_TDAYS":0.726770538705,"TOTAL_ASSETS_TDAYS":0.481590747011,"PREMIUM_EXPENSE":null,"LOAN_DEPOSIT":null,"LOAN_EQUITY":null,"LOAN_ASSETS":null,"DEPOSIT_EQUITY":null,"DEPOSIT_ASSETS":null,"EQUITY_MULTIPLIER":1.208044280065,"EQUITY_RATIO":0.208044280065}],"count":19},"success":true,"message":"ok","code":0}