{"version":"88c51da7005746096661aba0aacaae5d","result":{"pages":8,"data":[{"SECUCODE":"01766.HK","SECURITY_CODE":"01766","SECURITY_NAME_ABBR":"中国中车","ORG_CODE":"10118001","STD_REPORT_DATE":"2024-09-30 00:00:00","REPORT_DATE":"2024-09-30 00:00:00","DATE_TYPE_CODE":"004","REPORT_TYPE":"2024年三季报","PER_NETCASH_OPERATE":0.265591870697,"PER_OI":5.316686072736,"BPS":5.696578495187,"BASIC_EPS":0.25,"DILUTED_EPS":0.25,"OPERATE_INCOME":152582851000,"OPERATE_INCOME_YOY":6.6748226381,"GROSS_PROFIT":32368079000,"GROSS_PROFIT_YOY":11.444619737308,"HOLDER_PROFIT":7244952000,"HOLDER_PROFIT_YOY":17.7737636355,"GROSS_PROFIT_RATIO":21.213444884445,"EPS_TTM":0.44618295556,"OPERATE_INCOME_QOQ":2.873969992899,"NET_PROFIT_RATIO":6.2066024707,"ROE_AVG":4.465870009559,"GROSS_PROFIT_QOQ":1.873794113462,"ROA":1.488750382015,"HOLDER_PROFIT_QOQ":2.834072863861,"ROE_YEARLY":5.954493346079,"ROIC_YEARLY":1.827857896168,"TOTAL_ASSETS":501501315000,"TOTAL_LIABILITIES":297689529000,"TAX_EBT":14.153481995884,"OCF_SALES":4.995440149431,"TOTAL_PARENT_EQUITY":163485332000,"DEBT_ASSET_RATIO":59.359670672,"OPERATE_PROFIT":11168163000,"PRETAX_PROFIT":11031561000,"NETCASH_OPERATE":7622185000,"NETCASH_INVEST":-9094176000,"NETCASH_FINANCE":-8903448000,"END_CASH":35552037000,"DIVI_RATIO":0.445959732752,"DIVIDEND_RATE":4.373924302789,"CURRENT_RATIO":1.240078084503,"COMMON_ACS":null,"CURRENTDEBT_DEBT":91.863437695855,"ISSUED_COMMON_SHARES":28698864088,"HK_COMMON_SHARES":4371066040,"PER_SHARES":1000,"TOTAL_MARKET_CAP":144068297721.76,"HKSK_MARKET_CAP":21942751520.8,"PE_TTM":10.107403015187,"PB_TTM":0.79468505592,"REPORT_DATE_SQ":"2023-09-30 00:00:00","REPORT_TYPE_SQ":"2023年三季报","OPERATE_INCOME_SQ":143035486000,"DPS_HKD":0.219571,"OPERATE_INCOME_QOQ_SQ":0.640335669434,"NET_PROFIT_RATIO_SQ":5.6070169888,"HOLDER_PROFIT_SQ":6151584000,"HOLDER_PROFIT_QOQ_SQ":-1.713305376033,"ROE_AVG_SQ":3.96008669507,"PE_TTM_SQ":8.377964201129,"PB_TTM_SQ":0.646368537092,"ROA_SQ":1.338965625903,"START_DATE":"2024-01-01 00:00:00","FISCAL_YEAR":"12-31","CURRENCY":"HKD","IS_CNY_CODE":0,"DPS_HKD_LY":0.219571,"ORG_TYPE":"一般企业","PREMIUM_INCOME":null,"PREMIUM_INCOME_YOY":null,"NET_INTEREST_INCOME":null,"NET_INTEREST_INCOME_YOY":null,"FEE_COMMISSION_INCOME":null,"FEE_COMMISSION_INCOME_YOY":null,"ACCOUNTS_RECE_TDAYS":1.181439763958,"INVENTORY_TDAYS":1.505513915254,"CURRENT_ASSETS_TDAYS":0.46682198615,"TOTAL_ASSETS_TDAYS":0.313539382615,"PREMIUM_EXPENSE":null,"LOAN_DEPOSIT":null,"LOAN_EQUITY":null,"LOAN_ASSETS":null,"DEPOSIT_EQUITY":null,"DEPOSIT_ASSETS":null,"EQUITY_MULTIPLIER":2.4606099816,"EQUITY_RATIO":1.820894421281},{"SECUCODE":"01766.HK","SECURITY_CODE":"01766","SECURITY_NAME_ABBR":"中国中车","ORG_CODE":"10118001","STD_REPORT_DATE":"2024-06-30 00:00:00","REPORT_DATE":"2024-06-30 00:00:00","DATE_TYPE_CODE":"002","REPORT_TYPE":"2024年中报","PER_NETCASH_OPERATE":0.064293102136,"PER_OI":3.137383790658,"BPS":5.588719243667,"BASIC_EPS":0.15,"DILUTED_EPS":0.15,"OPERATE_INCOME":90039351000,"OPERATE_INCOME_YOY":3.1340468091,"GROSS_PROFIT":19274964000,"GROSS_PROFIT_YOY":13.572455207736,"HOLDER_PROFIT":4200827000,"HOLDER_PROFIT_YOY":21.3985889903,"GROSS_PROFIT_RATIO":21.407266696092,"EPS_TTM":0.433886301626,"OPERATE_INCOME_QOQ":1.252635756273,"NET_PROFIT_RATIO":6.121268022,"ROE_AVG":2.614379072764,"GROSS_PROFIT_QOQ":2.345667196846,"ROA":0.883183847383,"HOLDER_PROFIT_QOQ":2.870890714027,"ROE_YEARLY":5.228758145529,"ROIC_YEARLY":2.175036568629,"TOTAL_ASSETS":479499893000,"TOTAL_LIABILITIES":279593282000,"TAX_EBT":16.726862810659,"OCF_SALES":2.049258440346,"TOTAL_PARENT_EQUITY":160389894000,"DEBT_ASSET_RATIO":58.3093523235,"OPERATE_PROFIT":6610728000,"PRETAX_PROFIT":6618641000,"NETCASH_OPERATE":1845139000,"NETCASH_INVEST":-12424254000,"NETCASH_FINANCE":-2876637000,"END_CASH":32485160000,"DIVI_RATIO":0.458598556522,"DIVIDEND_RATE":4.632299578059,"CURRENT_RATIO":1.250490989804,"COMMON_ACS":null,"CURRENTDEBT_DEBT":91.407765298166,"ISSUED_COMMON_SHARES":28698864088,"HK_COMMON_SHARES":4371066040,"PER_SHARES":1000,"TOTAL_MARKET_CAP":136032615777.12,"HKSK_MARKET_CAP":20718853029.6,"PE_TTM":9.543643484459,"PB_TTM":0.75035999304,"REPORT_DATE_SQ":"2023-06-30 00:00:00","REPORT_TYPE_SQ":"2023年中报","OPERATE_INCOME_SQ":87303227000,"DPS_HKD":0.219571,"OPERATE_INCOME_QOQ_SQ":1.902779588151,"NET_PROFIT_RATIO_SQ":5.2007138293,"HOLDER_PROFIT_SQ":3460359000,"HOLDER_PROFIT_QOQ_SQ":-0.547662615661,"ROE_AVG_SQ":2.245962518288,"PE_TTM_SQ":7.193644654373,"PB_TTM_SQ":0.554997068498,"ROA_SQ":0.764236706586,"START_DATE":"2024-01-01 00:00:00","FISCAL_YEAR":"12-31","CURRENCY":"HKD","IS_CNY_CODE":0,"DPS_HKD_LY":0.219571,"ORG_TYPE":"一般企业","PREMIUM_INCOME":null,"PREMIUM_INCOME_YOY":null,"NET_INTEREST_INCOME":null,"NET_INTEREST_INCOME_YOY":null,"FEE_COMMISSION_INCOME":null,"FEE_COMMISSION_INCOME_YOY":null,"ACCOUNTS_RECE_TDAYS":0.727499529332,"INVENTORY_TDAYS":0.924723756721,"CURRENT_ASSETS_TDAYS":0.283957245021,"TOTAL_ASSETS_TDAYS":0.189299155695,"PREMIUM_EXPENSE":null,"LOAN_DEPOSIT":null,"LOAN_EQUITY":null,"LOAN_ASSETS":null,"DEPOSIT_EQUITY":null,"DEPOSIT_ASSETS":null,"EQUITY_MULTIPLIER":2.398619488379,"EQUITY_RATIO":1.743210092776},{"SECUCODE":"01766.HK","SECURITY_CODE":"01766","SECURITY_NAME_ABBR":"中国中车","ORG_CODE":"10118001","STD_REPORT_DATE":"2024-03-31 00:00:00","REPORT_DATE":"2024-03-31 00:00:00","DATE_TYPE_CODE":"003","REPORT_TYPE":"2024年一季报","PER_NETCASH_OPERATE":0.504821025514,"PER_OI":1.121396056001,"BPS":5.644413956709,"BASIC_EPS":0.04,"DILUTED_EPS":0.04,"OPERATE_INCOME":32182793000,"OPERATE_INCOME_YOY":-0.6049231378,"GROSS_PROFIT":8019456000,"GROSS_PROFIT_YOY":15.151604786669,"HOLDER_PROFIT":1008287000,"HOLDER_PROFIT_YOY":63.8619790778,"GROSS_PROFIT_RATIO":24.918458755273,"EPS_TTM":0.421777529692,"OPERATE_INCOME_QOQ":-0.083609977864,"NET_PROFIT_RATIO":4.7206748028,"ROE_AVG":0.624400466728,"GROSS_PROFIT_QOQ":2.022996117148,"ROA":0.213772633965,"HOLDER_PROFIT_QOQ":3.355312726485,"ROE_YEARLY":2.497601866911,"ROIC_YEARLY":1.077978959574,"TOTAL_ASSETS":471534809000,"TOTAL_LIABILITIES":273531027000,"TAX_EBT":23.016993829685,"OCF_SALES":45.017192883166,"TOTAL_PARENT_EQUITY":161988269000,"DEBT_ASSET_RATIO":58.0086606077,"OPERATE_PROFIT":1919410000,"PRETAX_PROFIT":1973481000,"NETCASH_OPERATE":14487790000,"NETCASH_INVEST":-2954471000,"NETCASH_FINANCE":-757645000,"END_CASH":56781149000,"DIVI_RATIO":0.471764419895,"DIVIDEND_RATE":4.632299578059,"CURRENT_RATIO":1.260980185078,"COMMON_ACS":null,"CURRENTDEBT_DEBT":90.833002648727,"ISSUED_COMMON_SHARES":28698864088,"HK_COMMON_SHARES":4371066040,"PER_SHARES":1000,"TOTAL_MARKET_CAP":136032615777.12,"HKSK_MARKET_CAP":20718853029.6,"PE_TTM":9.543643484459,"PB_TTM":0.75035999304,"REPORT_DATE_SQ":"2023-03-31 00:00:00","REPORT_TYPE_SQ":"2023年一季报","OPERATE_INCOME_SQ":32378659000,"DPS_HKD":0.219571,"OPERATE_INCOME_QOQ_SQ":0.776517710566,"NET_PROFIT_RATIO_SQ":3.2278730259,"HOLDER_PROFIT_SQ":615327000,"HOLDER_PROFIT_QOQ_SQ":3.394497491215,"ROE_AVG_SQ":0.39607567189,"PE_TTM_SQ":7.193644654373,"PB_TTM_SQ":0.554997068498,"ROA_SQ":0.138193522427,"START_DATE":"2024-01-01 00:00:00","FISCAL_YEAR":"12-31","CURRENCY":"HKD","IS_CNY_CODE":0,"DPS_HKD_LY":0.219571,"ORG_TYPE":"一般企业","PREMIUM_INCOME":null,"PREMIUM_INCOME_YOY":null,"NET_INTEREST_INCOME":null,"NET_INTEREST_INCOME_YOY":null,"FEE_COMMISSION_INCOME":null,"FEE_COMMISSION_INCOME_YOY":null,"ACCOUNTS_RECE_TDAYS":0.276083927738,"INVENTORY_TDAYS":0.325395291927,"CURRENT_ASSETS_TDAYS":0.102511561026,"TOTAL_ASSETS_TDAYS":0.068232561046,"PREMIUM_EXPENSE":null,"LOAN_DEPOSIT":null,"LOAN_EQUITY":null,"LOAN_ASSETS":null,"DEPOSIT_EQUITY":null,"DEPOSIT_ASSETS":null,"EQUITY_MULTIPLIER":2.381443446368,"EQUITY_RATIO":1.688585406144},{"SECUCODE":"01766.HK","SECURITY_CODE":"01766","SECURITY_NAME_ABBR":"中国中车","ORG_CODE":"10118001","STD_REPORT_DATE":"2023-12-31 00:00:00","REPORT_DATE":"2023-12-31 00:00:00","DATE_TYPE_CODE":"001","REPORT_TYPE":"2023年年报","PER_NETCASH_OPERATE":0.512968595372,"PER_OI":8.162745162376,"BPS":5.609050327093,"BASIC_EPS":0.41,"DILUTED_EPS":0.41,"OPERATE_INCOME":234261514000,"OPERATE_INCOME_YOY":5.0789208871,"GROSS_PROFIT":52160110000,"GROSS_PROFIT_YOY":10.245100380742,"HOLDER_PROFIT":11711576000,"HOLDER_PROFIT_YOY":0.4988051605,"GROSS_PROFIT_RATIO":22.265761502762,"EPS_TTM":0.408085001695,"OPERATE_INCOME_QOQ":1.671246884928,"NET_PROFIT_RATIO":6.2193941938,"ROE_AVG":7.412045189861,"GROSS_PROFIT_QOQ":3.014321863738,"ROA":2.562899105169,"HOLDER_PROFIT_QOQ":-0.561687184203,"ROE_YEARLY":7.412045189861,"ROIC_YEARLY":3.201433817541,"TOTAL_ASSETS":471791735000,"TOTAL_LIABILITIES":275268420000,"TAX_EBT":11.014193427338,"OCF_SALES":6.284265711695,"TOTAL_PARENT_EQUITY":160973373000,"DEBT_ASSET_RATIO":58.345324765,"OPERATE_PROFIT":16160703000,"PRETAX_PROFIT":16373001000,"NETCASH_OPERATE":14721616000,"NETCASH_INVEST":-11177322000,"NETCASH_FINANCE":-5366691000,"END_CASH":46067025000,"DIVI_RATIO":0.487593591515,"DIVIDEND_RATE":4.632299578059,"CURRENT_RATIO":1.256302049508,"COMMON_ACS":null,"CURRENTDEBT_DEBT":90.968483053741,"ISSUED_COMMON_SHARES":28698864088,"HK_COMMON_SHARES":4371066040,"PER_SHARES":1000,"TOTAL_MARKET_CAP":136032615777.12,"HKSK_MARKET_CAP":20718853029.6,"PE_TTM":9.543643484459,"PB_TTM":0.75035999304,"REPORT_DATE_SQ":"2022-12-31 00:00:00","REPORT_TYPE_SQ":"2022年年报","OPERATE_INCOME_SQ":222938637000,"DPS_HKD":0.219571,"OPERATE_INCOME_QOQ_SQ":2.814650587895,"NET_PROFIT_RATIO_SQ":6.437724386,"HOLDER_PROFIT_SQ":11653448000,"HOLDER_PROFIT_QOQ_SQ":18.077612704918,"ROE_AVG_SQ":7.67644705345,"PE_TTM_SQ":7.193644654373,"PB_TTM_SQ":0.554997068498,"ROA_SQ":2.682139312724,"START_DATE":"2023-01-01 00:00:00","FISCAL_YEAR":"12-31","CURRENCY":"HKD","IS_CNY_CODE":0,"DPS_HKD_LY":0.219506,"ORG_TYPE":"一般企业","PREMIUM_INCOME":null,"PREMIUM_INCOME_YOY":null,"NET_INTEREST_INCOME":null,"NET_INTEREST_INCOME_YOY":null,"FEE_COMMISSION_INCOME":null,"FEE_COMMISSION_INCOME_YOY":null,"ACCOUNTS_RECE_TDAYS":1.917425694945,"INVENTORY_TDAYS":2.801888636864,"CURRENT_ASSETS_TDAYS":0.774363814002,"TOTAL_ASSETS_TDAYS":0.512645458311,"PREMIUM_EXPENSE":null,"LOAN_DEPOSIT":null,"LOAN_EQUITY":null,"LOAN_ASSETS":null,"DEPOSIT_EQUITY":null,"DEPOSIT_ASSETS":null,"EQUITY_MULTIPLIER":2.400690905303,"EQUITY_RATIO":1.7100245517},{"SECUCODE":"01766.HK","SECURITY_CODE":"01766","SECURITY_NAME_ABBR":"中国中车","ORG_CODE":"10118001","STD_REPORT_DATE":"2023-09-30 00:00:00","REPORT_DATE":"2023-09-30 00:00:00","DATE_TYPE_CODE":"004","REPORT_TYPE":"2023年三季报","PER_NETCASH_OPERATE":-0.139106760036,"PER_OI":4.9840121045,"BPS":5.423139275574,"BASIC_EPS":0.21,"DILUTED_EPS":0.21,"OPERATE_INCOME":143035486000,"OPERATE_INCOME_YOY":5.5119207669,"GROSS_PROFIT":29044093000,"GROSS_PROFIT_YOY":4.11564485265,"HOLDER_PROFIT":6151584000,"HOLDER_PROFIT_YOY":2.0619839524,"GROSS_PROFIT_RATIO":21.824637279171,"EPS_TTM":0.41039011035,"OPERATE_INCOME_QOQ":0.640335669434,"NET_PROFIT_RATIO":5.6070169888,"ROE_AVG":3.96008669507,"GROSS_PROFIT_QOQ":2.535770482138,"ROA":1.338965625903,"HOLDER_PROFIT_QOQ":-1.713305376033,"ROE_YEARLY":5.280115593426,"ROIC_YEARLY":1.64734427046,"TOTAL_ASSETS":476716004000,"TOTAL_LIABILITIES":283934135000,"TAX_EBT":13.672204438247,"OCF_SALES":-2.791059835319,"TOTAL_PARENT_EQUITY":155637937000,"DEBT_ASSET_RATIO":59.5604369515,"OPERATE_PROFIT":9243311000,"PRETAX_PROFIT":9290199000,"NETCASH_OPERATE":-3992206000,"NETCASH_INVEST":-6753201000,"NETCASH_FINANCE":1223771000,"END_CASH":38202735000,"DIVI_RATIO":0.484854840801,"DIVIDEND_RATE":4.632299578059,"CURRENT_RATIO":1.235036375302,"COMMON_ACS":null,"CURRENTDEBT_DEBT":91.261780130804,"ISSUED_COMMON_SHARES":28698864088,"HK_COMMON_SHARES":4371066040,"PER_SHARES":1000,"TOTAL_MARKET_CAP":136032615777.12,"HKSK_MARKET_CAP":20718853029.6,"PE_TTM":9.543643484459,"PB_TTM":0.75035999304,"REPORT_DATE_SQ":"2022-09-30 00:00:00","REPORT_TYPE_SQ":"2022年三季报","OPERATE_INCOME_SQ":135563342000,"DPS_HKD":0.219571,"OPERATE_INCOME_QOQ_SQ":2.491263694773,"NET_PROFIT_RATIO_SQ":5.7142498007,"HOLDER_PROFIT_SQ":6027302000,"HOLDER_PROFIT_QOQ_SQ":4.495548835752,"ROE_AVG_SQ":4.046511768269,"PE_TTM_SQ":7.193644654373,"PB_TTM_SQ":0.554997068498,"ROA_SQ":1.361466583524,"START_DATE":"2023-01-01 00:00:00","FISCAL_YEAR":"12-31","CURRENCY":"HKD","IS_CNY_CODE":0,"DPS_HKD_LY":0.219506,"ORG_TYPE":"一般企业","PREMIUM_INCOME":null,"PREMIUM_INCOME_YOY":null,"NET_INTEREST_INCOME":null,"NET_INTEREST_INCOME_YOY":null,"FEE_COMMISSION_INCOME":null,"FEE_COMMISSION_INCOME_YOY":null,"ACCOUNTS_RECE_TDAYS":1.193689736936,"INVENTORY_TDAYS":1.472178173903,"CURRENT_ASSETS_TDAYS":0.468598684271,"TOTAL_ASSETS_TDAYS":0.31133379474,"PREMIUM_EXPENSE":null,"LOAN_DEPOSIT":null,"LOAN_EQUITY":null,"LOAN_ASSETS":null,"DEPOSIT_EQUITY":null,"DEPOSIT_ASSETS":null,"EQUITY_MULTIPLIER":2.472825927423,"EQUITY_RATIO":1.82432471461},{"SECUCODE":"01766.HK","SECURITY_CODE":"01766","SECURITY_NAME_ABBR":"中国中车","ORG_CODE":"10118001","STD_REPORT_DATE":"2023-06-30 00:00:00","REPORT_DATE":"2023-06-30 00:00:00","DATE_TYPE_CODE":"002","REPORT_TYPE":"2023年中报","PER_NETCASH_OPERATE":-0.51500376303,"PER_OI":3.042044686239,"BPS":5.334673962375,"BASIC_EPS":0.12,"DILUTED_EPS":0.12,"OPERATE_INCOME":87303227000,"OPERATE_INCOME_YOY":7.3878762561,"GROSS_PROFIT":16971513000,"GROSS_PROFIT_YOY":3.715209613158,"HOLDER_PROFIT":3460359000,"HOLDER_PROFIT_YOY":10.5273748863,"GROSS_PROFIT_RATIO":21.11302254612,"EPS_TTM":0.417543912653,"OPERATE_INCOME_QOQ":1.902779588151,"NET_PROFIT_RATIO":5.2007138293,"ROE_AVG":2.245962518288,"GROSS_PROFIT_QOQ":2.960454822418,"ROA":0.764236706586,"HOLDER_PROFIT_QOQ":-0.547662615661,"ROE_YEARLY":4.491925036575,"ROIC_YEARLY":1.874799097989,"TOTAL_ASSETS":463432426000,"TOTAL_LIABILITIES":273406991000,"TAX_EBT":14.927320649352,"OCF_SALES":-16.929526556905,"TOTAL_PARENT_EQUITY":153099083000,"DEBT_ASSET_RATIO":58.9960856559,"OPERATE_PROFIT":4959289000,"PRETAX_PROFIT":5337073000,"NETCASH_OPERATE":-14780023000,"NETCASH_INVEST":-5906961000,"NETCASH_FINANCE":6295720000,"END_CASH":33459271000,"DIVI_RATIO":0.476547796747,"DIVIDEND_RATE":4.632299578059,"CURRENT_RATIO":1.233501067748,"COMMON_ACS":null,"CURRENTDEBT_DEBT":91.13014377895,"ISSUED_COMMON_SHARES":28698864088,"HK_COMMON_SHARES":4371066040,"PER_SHARES":1000,"TOTAL_MARKET_CAP":136032615777.12,"HKSK_MARKET_CAP":20718853029.6,"PE_TTM":9.543643484459,"PB_TTM":0.75035999304,"REPORT_DATE_SQ":"2022-06-30 00:00:00","REPORT_TYPE_SQ":"2022年中报","OPERATE_INCOME_SQ":81297098000,"DPS_HKD":0.219571,"OPERATE_INCOME_QOQ_SQ":-1.517736822095,"NET_PROFIT_RATIO_SQ":5.016106479,"HOLDER_PROFIT_SQ":3130771000,"HOLDER_PROFIT_QOQ_SQ":2.86872287499,"ROE_AVG_SQ":2.124212206762,"PE_TTM_SQ":7.193644654373,"PB_TTM_SQ":0.554997068498,"ROA_SQ":0.716708371168,"START_DATE":"2023-01-01 00:00:00","FISCAL_YEAR":"12-31","CURRENCY":"HKD","IS_CNY_CODE":0,"DPS_HKD_LY":0.219506,"ORG_TYPE":"一般企业","PREMIUM_INCOME":null,"PREMIUM_INCOME_YOY":null,"NET_INTEREST_INCOME":null,"NET_INTEREST_INCOME_YOY":null,"FEE_COMMISSION_INCOME":null,"FEE_COMMISSION_INCOME_YOY":null,"ACCOUNTS_RECE_TDAYS":0.734741128056,"INVENTORY_TDAYS":0.951307220299,"CURRENT_ASSETS_TDAYS":0.292086868462,"TOTAL_ASSETS_TDAYS":0.19281331988,"PREMIUM_EXPENSE":null,"LOAN_DEPOSIT":null,"LOAN_EQUITY":null,"LOAN_ASSETS":null,"DEPOSIT_EQUITY":null,"DEPOSIT_ASSETS":null,"EQUITY_MULTIPLIER":2.438791554407,"EQUITY_RATIO":1.785817299768},{"SECUCODE":"01766.HK","SECURITY_CODE":"01766","SECURITY_NAME_ABBR":"中国中车","ORG_CODE":"10118001","STD_REPORT_DATE":"2023-03-31 00:00:00","REPORT_DATE":"2023-03-31 00:00:00","DATE_TYPE_CODE":"003","REPORT_TYPE":"2023年一季报","PER_NETCASH_OPERATE":-0.252014434363,"PER_OI":1.128220925425,"BPS":5.424274477299,"BASIC_EPS":0.02,"DILUTED_EPS":0.02,"OPERATE_INCOME":32378659000,"OPERATE_INCOME_YOY":5.6486106322,"GROSS_PROFIT":6964259000,"GROSS_PROFIT_YOY":10.274810632541,"HOLDER_PROFIT":615327000,"HOLDER_PROFIT_YOY":180.0110124641,"GROSS_PROFIT_RATIO":21.508793801498,"EPS_TTM":0.419843237107,"OPERATE_INCOME_QOQ":0.776517710566,"NET_PROFIT_RATIO":3.2278730259,"ROE_AVG":0.39607567189,"GROSS_PROFIT_QOQ":1.371491810049,"ROA":0.138193522427,"HOLDER_PROFIT_QOQ":3.394497491215,"ROE_YEARLY":1.58430268756,"ROIC_YEARLY":0.687639911955,"TOTAL_ASSETS":448389293000,"TOTAL_LIABILITIES":256364407000,"TAX_EBT":20.618649880109,"OCF_SALES":-22.337330276711,"TOTAL_PARENT_EQUITY":155670516000,"DEBT_ASSET_RATIO":57.1745157617,"OPERATE_PROFIT":1456477000,"PRETAX_PROFIT":1316609000,"NETCASH_OPERATE":-7232528000,"NETCASH_INVEST":-5124251000,"NETCASH_FINANCE":5387576000,"END_CASH":40608487000,"DIVI_RATIO":0.473937922619,"DIVIDEND_RATE":4.632299578059,"CURRENT_RATIO":1.262831310549,"COMMON_ACS":null,"CURRENTDEBT_DEBT":90.572050822952,"ISSUED_COMMON_SHARES":28698864088,"HK_COMMON_SHARES":4371066040,"PER_SHARES":1000,"TOTAL_MARKET_CAP":136032615777.12,"HKSK_MARKET_CAP":20718853029.6,"PE_TTM":9.543643484459,"PB_TTM":0.75035999304,"REPORT_DATE_SQ":"2022-03-31 00:00:00","REPORT_TYPE_SQ":"2022年一季报","OPERATE_INCOME_SQ":30647501000,"DPS_HKD":0.219571,"OPERATE_INCOME_QOQ_SQ":-4.831590486682,"NET_PROFIT_RATIO_SQ":1.7935622223,"HOLDER_PROFIT_SQ":219751000,"HOLDER_PROFIT_QOQ_SQ":-10.883383377311,"ROE_AVG_SQ":0.14788594189,"PE_TTM_SQ":7.193644654373,"PB_TTM_SQ":0.554997068498,"ROA_SQ":0.051390032671,"START_DATE":"2023-01-01 00:00:00","FISCAL_YEAR":"12-31","CURRENCY":"HKD","IS_CNY_CODE":0,"DPS_HKD_LY":0.219506,"ORG_TYPE":"一般企业","PREMIUM_INCOME":null,"PREMIUM_INCOME_YOY":null,"NET_INTEREST_INCOME":null,"NET_INTEREST_INCOME_YOY":null,"FEE_COMMISSION_INCOME":null,"FEE_COMMISSION_INCOME_YOY":null,"ACCOUNTS_RECE_TDAYS":0.288437180052,"INVENTORY_TDAYS":0.369029660826,"CURRENT_ASSETS_TDAYS":0.110947079519,"TOTAL_ASSETS_TDAYS":0.072717773455,"PREMIUM_EXPENSE":null,"LOAN_DEPOSIT":null,"LOAN_EQUITY":null,"LOAN_ASSETS":null,"DEPOSIT_EQUITY":null,"DEPOSIT_ASSETS":null,"EQUITY_MULTIPLIER":2.335058243441,"EQUITY_RATIO":1.646839835746},{"SECUCODE":"01766.HK","SECURITY_CODE":"01766","SECURITY_NAME_ABBR":"中国中车","ORG_CODE":"10118001","STD_REPORT_DATE":"2022-12-31 00:00:00","REPORT_DATE":"2022-12-31 00:00:00","DATE_TYPE_CODE":"001","REPORT_TYPE":"2022年年报","PER_NETCASH_OPERATE":0.834639863325,"PER_OI":7.768204215902,"BPS":5.402350473684,"BASIC_EPS":0.41,"DILUTED_EPS":0.41,"OPERATE_INCOME":222938637000,"OPERATE_INCOME_YOY":-1.2373615755,"GROSS_PROFIT":47312860000,"GROSS_PROFIT_YOY":1.906176469936,"HOLDER_PROFIT":11653448000,"HOLDER_PROFIT_YOY":13.1116644771,"GROSS_PROFIT_RATIO":21.222368915802,"EPS_TTM":0.406059555677,"OPERATE_INCOME_QOQ":2.814650587895,"NET_PROFIT_RATIO":6.437724386,"ROE_AVG":7.67644705345,"GROSS_PROFIT_QOQ":8.18517117685,"ROA":2.682139312724,"HOLDER_PROFIT_QOQ":18.077612704918,"ROE_YEARLY":7.67644705345,"ROIC_YEARLY":3.34937560682,"TOTAL_ASSETS":442140146000,"TOTAL_LIABILITIES":251154230000,"TAX_EBT":10.964822600565,"OCF_SALES":10.744308982207,"TOTAL_PARENT_EQUITY":155041322000,"DEBT_ASSET_RATIO":56.8042129339,"OPERATE_PROFIT":15776180000,"PRETAX_PROFIT":16119668000,"NETCASH_OPERATE":23953216000,"NETCASH_INVEST":-8780943000,"NETCASH_FINANCE":-11211851000,"END_CASH":47607566000,"DIVI_RATIO":0.490025733512,"DIVIDEND_RATE":4.632299578059,"CURRENT_RATIO":1.277265870606,"COMMON_ACS":null,"CURRENTDEBT_DEBT":90.543468449646,"ISSUED_COMMON_SHARES":28698864088,"HK_COMMON_SHARES":4371066040,"PER_SHARES":1000,"TOTAL_MARKET_CAP":136032615777.12,"HKSK_MARKET_CAP":20718853029.6,"PE_TTM":9.543643484459,"PB_TTM":0.75035999304,"REPORT_DATE_SQ":"2021-12-31 00:00:00","REPORT_TYPE_SQ":"2021年年报","OPERATE_INCOME_SQ":225731755000,"DPS_HKD":0.219571,"OPERATE_INCOME_QOQ_SQ":-0.269032057887,"NET_PROFIT_RATIO_SQ":5.5010186759,"HOLDER_PROFIT_SQ":10302605000,"HOLDER_PROFIT_QOQ_SQ":-6.326695514992,"ROE_AVG_SQ":7.066362945217,"PE_TTM_SQ":7.193644654373,"PB_TTM_SQ":0.554997068498,"ROA_SQ":2.515263339461,"START_DATE":"2022-01-01 00:00:00","FISCAL_YEAR":"12-31","CURRENCY":"HKD","IS_CNY_CODE":0,"DPS_HKD_LY":0.210083,"ORG_TYPE":"一般企业","PREMIUM_INCOME":null,"PREMIUM_INCOME_YOY":null,"NET_INTEREST_INCOME":null,"NET_INTEREST_INCOME_YOY":null,"FEE_COMMISSION_INCOME":null,"FEE_COMMISSION_INCOME_YOY":null,"ACCOUNTS_RECE_TDAYS":2.009705184751,"INVENTORY_TDAYS":2.820028360569,"CURRENT_ASSETS_TDAYS":0.781777690017,"TOTAL_ASSETS_TDAYS":0.513112070027,"PREMIUM_EXPENSE":null,"LOAN_DEPOSIT":null,"LOAN_EQUITY":null,"LOAN_ASSETS":null,"DEPOSIT_EQUITY":null,"DEPOSIT_ASSETS":null,"EQUITY_MULTIPLIER":2.315040581318,"EQUITY_RATIO":1.619918011277},{"SECUCODE":"01766.HK","SECURITY_CODE":"01766","SECURITY_NAME_ABBR":"中国中车","ORG_CODE":"10118001","STD_REPORT_DATE":"2022-09-30 00:00:00","REPORT_DATE":"2022-09-30 00:00:00","DATE_TYPE_CODE":"004","REPORT_TYPE":"2022年三季报","PER_NETCASH_OPERATE":0.343560392138,"PER_OI":4.723648350134,"BPS":5.203229526511,"BASIC_EPS":0.21,"DILUTED_EPS":0.21,"OPERATE_INCOME":135563342000,"OPERATE_INCOME_YOY":-6.1583153399,"GROSS_PROFIT":27895993000,"GROSS_PROFIT_YOY":-8.808715477792,"HOLDER_PROFIT":6027302000,"HOLDER_PROFIT_YOY":-6.7067042587,"GROSS_PROFIT_RATIO":20.577829218757,"EPS_TTM":0.34389207774,"OPERATE_INCOME_QOQ":2.491263694773,"NET_PROFIT_RATIO":5.7142498007,"ROE_AVG":4.046511768269,"GROSS_PROFIT_QOQ":2.373772989243,"ROA":1.361466583524,"HOLDER_PROFIT_QOQ":4.495548835752,"ROE_YEARLY":5.395349024358,"ROIC_YEARLY":1.685703939865,"TOTAL_ASSETS":458586639000,"TOTAL_LIABILITIES":274291014000,"TAX_EBT":14.676748925368,"OCF_SALES":7.273200007123,"TOTAL_PARENT_EQUITY":149326777000,"DEBT_ASSET_RATIO":59.8122558909,"OPERATE_PROFIT":8758789000,"PRETAX_PROFIT":9078918000,"NETCASH_OPERATE":9859793000,"NETCASH_INVEST":-6014027000,"NETCASH_FINANCE":-245685000,"END_CASH":47293432000,"DIVI_RATIO":0.578610687771,"DIVIDEND_RATE":4.632299578059,"CURRENT_RATIO":1.237675219046,"COMMON_ACS":null,"CURRENTDEBT_DEBT":91.839752723361,"ISSUED_COMMON_SHARES":28698864088,"HK_COMMON_SHARES":4371066040,"PER_SHARES":1000,"TOTAL_MARKET_CAP":136032615777.12,"HKSK_MARKET_CAP":20718853029.6,"PE_TTM":9.543643484459,"PB_TTM":0.75035999304,"REPORT_DATE_SQ":"2021-09-30 00:00:00","REPORT_TYPE_SQ":"2021年三季报","OPERATE_INCOME_SQ":144459621000,"DPS_HKD":0.219571,"OPERATE_INCOME_QOQ_SQ":-3.155976895621,"NET_PROFIT_RATIO_SQ":5.3869856131,"HOLDER_PROFIT_SQ":6460595000,"HOLDER_PROFIT_QOQ_SQ":-5.406451195634,"ROE_AVG_SQ":4.478862325107,"PE_TTM_SQ":7.193644654373,"PB_TTM_SQ":0.554997068498,"ROA_SQ":1.538595115348,"START_DATE":"2022-01-01 00:00:00","FISCAL_YEAR":"12-31","CURRENCY":"HKD","IS_CNY_CODE":0,"DPS_HKD_LY":0.210083,"ORG_TYPE":"一般企业","PREMIUM_INCOME":null,"PREMIUM_INCOME_YOY":null,"NET_INTEREST_INCOME":null,"NET_INTEREST_INCOME_YOY":null,"FEE_COMMISSION_INCOME":null,"FEE_COMMISSION_INCOME_YOY":null,"ACCOUNTS_RECE_TDAYS":1.235207067528,"INVENTORY_TDAYS":1.480166205573,"CURRENT_ASSETS_TDAYS":0.458245004147,"TOTAL_ASSETS_TDAYS":0.306214886999,"PREMIUM_EXPENSE":null,"LOAN_DEPOSIT":null,"LOAN_EQUITY":null,"LOAN_ASSETS":null,"DEPOSIT_EQUITY":null,"DEPOSIT_ASSETS":null,"EQUITY_MULTIPLIER":2.488320810656,"EQUITY_RATIO":1.836850828167}],"count":69},"success":true,"message":"ok","code":0}