{"version":"a93030fde30fc6e0a479e378cbeec87b","result":{"pages":2,"data":[{"SECUCODE":"01762.HK","SECURITY_CODE":"01762","SECURITY_NAME_ABBR":"万咖壹联","ORG_CODE":"10948055","STD_REPORT_DATE":"2024-06-30 00:00:00","REPORT_DATE":"2024-06-30 00:00:00","DATE_TYPE_CODE":"002","REPORT_TYPE":"2024年中报","PER_NETCASH_OPERATE":-0.020565057682,"PER_OI":0.807509336351,"BPS":0.894273601127,"BASIC_EPS":0.03,"DILUTED_EPS":0.03,"OPERATE_INCOME":1232052000,"OPERATE_INCOME_YOY":17.6532602997,"GROSS_PROFIT":136713000,"GROSS_PROFIT_YOY":3.174950568276,"HOLDER_PROFIT":44875000,"HOLDER_PROFIT_YOY":10.9613767865,"GROSS_PROFIT_RATIO":11.096366062471,"EPS_TTM":0.013056586483,"OPERATE_INCOME_QOQ":8.810467920428,"NET_PROFIT_RATIO":3.8140435631,"ROE_AVG":3.344310870743,"GROSS_PROFIT_QOQ":1.884282566243,"ROA":2.170896346775,"HOLDER_PROFIT_QOQ":28.622159090909,"ROE_YEARLY":6.688621741486,"ROIC_YEARLY":6.26223446992,"TOTAL_ASSETS":2160507000,"TOTAL_LIABILITIES":708213000,"TAX_EBT":17.3319494045,"OCF_SALES":-2.546726923864,"TOTAL_PARENT_EQUITY":1364432000,"DEBT_ASSET_RATIO":32.7799447074,"OPERATE_PROFIT":62810000,"PRETAX_PROFIT":56843000,"NETCASH_OPERATE":-31377000,"NETCASH_INVEST":-12458000,"NETCASH_FINANCE":78414000,"END_CASH":556785000,"DIVI_RATIO":null,"DIVIDEND_RATE":null,"CURRENT_RATIO":2.860923821067,"COMMON_ACS":250000000000,"CURRENTDEBT_DEBT":99.369963556162,"ISSUED_COMMON_SHARES":1525743350,"HK_COMMON_SHARES":1525743350,"PER_SHARES":1000,"TOTAL_MARKET_CAP":334137793.65,"HKSK_MARKET_CAP":334137793.65,"PE_TTM":14.920286919134,"PB_TTM":0.223507570556,"REPORT_DATE_SQ":"2023-06-30 00:00:00","REPORT_TYPE_SQ":"2023年中报","OPERATE_INCOME_SQ":1047189000,"DPS_HKD":null,"OPERATE_INCOME_QOQ_SQ":-5.940566088988,"NET_PROFIT_RATIO_SQ":4.110528281,"HOLDER_PROFIT_SQ":40442000,"HOLDER_PROFIT_QOQ_SQ":-14.126465797417,"ROE_AVG_SQ":3.066736127383,"PE_TTM_SQ":-0.880386400346,"PB_TTM_SQ":0.102570931525,"ROA_SQ":2.10268432543,"START_DATE":"2024-01-01 00:00:00","FISCAL_YEAR":"12-31","CURRENCY":"HKD","IS_CNY_CODE":0,"DPS_HKD_LY":null,"ORG_TYPE":"一般企业","PREMIUM_INCOME":null,"PREMIUM_INCOME_YOY":null,"NET_INTEREST_INCOME":null,"NET_INTEREST_INCOME_YOY":null,"FEE_COMMISSION_INCOME":null,"FEE_COMMISSION_INCOME_YOY":null,"ACCOUNTS_RECE_TDAYS":1.726895685606,"INVENTORY_TDAYS":null,"CURRENT_ASSETS_TDAYS":0.64692864946,"TOTAL_ASSETS_TDAYS":0.596023885423,"PREMIUM_EXPENSE":null,"LOAN_DEPOSIT":null,"LOAN_EQUITY":null,"LOAN_ASSETS":null,"DEPOSIT_EQUITY":null,"DEPOSIT_ASSETS":null,"EQUITY_MULTIPLIER":1.487651260695,"EQUITY_RATIO":0.519053349672},{"SECUCODE":"01762.HK","SECURITY_CODE":"01762","SECURITY_NAME_ABBR":"万咖壹联","ORG_CODE":"10948055","STD_REPORT_DATE":"2023-12-31 00:00:00","REPORT_DATE":"2023-12-31 00:00:00","DATE_TYPE_CODE":"001","REPORT_TYPE":"2023年年报","PER_NETCASH_OPERATE":-0.042807986022,"PER_OI":1.375211630449,"BPS":0.864647386469,"BASIC_EPS":0.01,"DILUTED_EPS":0.01,"OPERATE_INCOME":2098220000,"OPERATE_INCOME_YOY":-8.8077361873,"GROSS_PROFIT":223268000,"GROSS_PROFIT_YOY":-4.779614031347,"HOLDER_PROFIT":15488000,"HOLDER_PROFIT_YOY":111.9564294371,"GROSS_PROFIT_RATIO":10.640828893062,"EPS_TTM":0.010151117486,"OPERATE_INCOME_QOQ":-3.048253619137,"NET_PROFIT_RATIO":1.048317145,"ROE_AVG":1.185604792024,"GROSS_PROFIT_QOQ":3.709553051347,"ROA":0.797357928146,"HOLDER_PROFIT_QOQ":110.476473930572,"ROE_YEARLY":1.185604792024,"ROIC_YEARLY":1.171416913012,"TOTAL_ASSETS":1973730000,"TOTAL_LIABILITIES":568754000,"TAX_EBT":36.449786201318,"OCF_SALES":-3.112828969317,"TOTAL_PARENT_EQUITY":1319230000,"DEBT_ASSET_RATIO":28.8162007975,"OPERATE_PROFIT":48166000,"PRETAX_PROFIT":34612000,"NETCASH_OPERATE":-65314000,"NETCASH_INVEST":-29854000,"NETCASH_FINANCE":76670000,"END_CASH":521874000,"DIVI_RATIO":null,"DIVIDEND_RATE":null,"CURRENT_RATIO":3.184201612717,"COMMON_ACS":250000000000,"CURRENTDEBT_DEBT":99.145324692222,"ISSUED_COMMON_SHARES":1525743350,"HK_COMMON_SHARES":1525743350,"PER_SHARES":1000,"TOTAL_MARKET_CAP":291416979.85,"HKSK_MARKET_CAP":291416979.85,"PE_TTM":13.012670326734,"PB_TTM":0.194931260165,"REPORT_DATE_SQ":"2022-12-31 00:00:00","REPORT_TYPE_SQ":"2022年年报","OPERATE_INCOME_SQ":2300875000,"DPS_HKD":null,"OPERATE_INCOME_QOQ_SQ":1.497802525981,"NET_PROFIT_RATIO_SQ":-5.5873526376,"HOLDER_PROFIT_SQ":-129537000,"HOLDER_PROFIT_QOQ_SQ":-301.019553072626,"ROE_AVG_SQ":-9.651246219767,"PE_TTM_SQ":-1.446349086283,"PB_TTM_SQ":0.168509387506,"ROA_SQ":-6.896753674933,"START_DATE":"2023-01-01 00:00:00","FISCAL_YEAR":"12-31","CURRENCY":"HKD","IS_CNY_CODE":0,"DPS_HKD_LY":null,"ORG_TYPE":"一般企业","PREMIUM_INCOME":null,"PREMIUM_INCOME_YOY":null,"NET_INTEREST_INCOME":null,"NET_INTEREST_INCOME_YOY":null,"FEE_COMMISSION_INCOME":null,"FEE_COMMISSION_INCOME_YOY":null,"ACCOUNTS_RECE_TDAYS":3.273295408897,"INVENTORY_TDAYS":null,"CURRENT_ASSETS_TDAYS":1.171805343218,"TOTAL_ASSETS_TDAYS":1.080212004129,"PREMIUM_EXPENSE":null,"LOAN_DEPOSIT":null,"LOAN_EQUITY":null,"LOAN_ASSETS":null,"DEPOSIT_EQUITY":null,"DEPOSIT_ASSETS":null,"EQUITY_MULTIPLIER":1.404814032411,"EQUITY_RATIO":0.431125732435},{"SECUCODE":"01762.HK","SECURITY_CODE":"01762","SECURITY_NAME_ABBR":"万咖壹联","ORG_CODE":"10948055","STD_REPORT_DATE":"2023-06-30 00:00:00","REPORT_DATE":"2023-06-30 00:00:00","DATE_TYPE_CODE":"002","REPORT_TYPE":"2023年中报","PER_NETCASH_OPERATE":-0.00213207549,"PER_OI":0.686346756812,"BPS":0.88089323804,"BASIC_EPS":0.03,"DILUTED_EPS":0.03,"OPERATE_INCOME":1047189000,"OPERATE_INCOME_YOY":-11.5455698833,"GROSS_PROFIT":132506000,"GROSS_PROFIT_YOY":-12.652028029189,"HOLDER_PROFIT":40442000,"HOLDER_PROFIT_YOY":-31.1520062648,"GROSS_PROFIT_RATIO":12.653494259394,"EPS_TTM":-0.096894408879,"OPERATE_INCOME_QOQ":-5.940566088988,"NET_PROFIT_RATIO":4.110528281,"ROE_AVG":3.066736127383,"GROSS_PROFIT_QOQ":-8.18552084444,"ROA":2.10268432543,"HOLDER_PROFIT_QOQ":-14.126465797417,"ROE_YEARLY":6.133472254766,"ROIC_YEARLY":6.183794412765,"TOTAL_ASSETS":1935602000,"TOTAL_LIABILITIES":509603000,"TAX_EBT":17.94231465772,"OCF_SALES":-0.310641154558,"TOTAL_PARENT_EQUITY":1344017000,"DEBT_ASSET_RATIO":26.327881455,"OPERATE_PROFIT":59492000,"PRETAX_PROFIT":52457000,"NETCASH_OPERATE":-3253000,"NETCASH_INVEST":9908000,"NETCASH_FINANCE":-27623000,"END_CASH":518481000,"DIVI_RATIO":null,"DIVIDEND_RATE":null,"CURRENT_RATIO":3.605444155761,"COMMON_ACS":250000000000,"CURRENTDEBT_DEBT":98.487646265819,"ISSUED_COMMON_SHARES":1525743350,"HK_COMMON_SHARES":1525743350,"PER_SHARES":1000,"TOTAL_MARKET_CAP":291416979.85,"HKSK_MARKET_CAP":291416979.85,"PE_TTM":13.012670326734,"PB_TTM":0.194931260165,"REPORT_DATE_SQ":"2022-06-30 00:00:00","REPORT_TYPE_SQ":"2022年中报","OPERATE_INCOME_SQ":1183874000,"DPS_HKD":null,"OPERATE_INCOME_QOQ_SQ":8.041328797378,"NET_PROFIT_RATIO_SQ":4.9617611334,"HOLDER_PROFIT_SQ":58741000,"HOLDER_PROFIT_QOQ_SQ":3.439973032409,"ROE_AVG_SQ":4.111789203342,"PE_TTM_SQ":-1.446349086283,"PB_TTM_SQ":0.168509387506,"ROA_SQ":3.121497740752,"START_DATE":"2023-01-01 00:00:00","FISCAL_YEAR":"12-31","CURRENCY":"HKD","IS_CNY_CODE":0,"DPS_HKD_LY":null,"ORG_TYPE":"一般企业","PREMIUM_INCOME":null,"PREMIUM_INCOME_YOY":null,"NET_INTEREST_INCOME":null,"NET_INTEREST_INCOME_YOY":null,"FEE_COMMISSION_INCOME":null,"FEE_COMMISSION_INCOME_YOY":null,"ACCOUNTS_RECE_TDAYS":1.679960342766,"INVENTORY_TDAYS":null,"CURRENT_ASSETS_TDAYS":0.582550990436,"TOTAL_ASSETS_TDAYS":0.544460683463,"PREMIUM_EXPENSE":null,"LOAN_DEPOSIT":null,"LOAN_EQUITY":null,"LOAN_ASSETS":null,"DEPOSIT_EQUITY":null,"DEPOSIT_ASSETS":null,"EQUITY_MULTIPLIER":1.357365608251,"EQUITY_RATIO":0.379164102835},{"SECUCODE":"01762.HK","SECURITY_CODE":"01762","SECURITY_NAME_ABBR":"万咖壹联","ORG_CODE":"10948055","STD_REPORT_DATE":"2022-12-31 00:00:00","REPORT_DATE":"2022-12-31 00:00:00","DATE_TYPE_CODE":"001","REPORT_TYPE":"2022年年报","PER_NETCASH_OPERATE":0.006115707468,"PER_OI":1.508035411067,"BPS":0.847747427508,"BASIC_EPS":-0.09,"DILUTED_EPS":-0.09,"OPERATE_INCOME":2300875000,"OPERATE_INCOME_YOY":9.6595745492,"GROSS_PROFIT":234475000,"GROSS_PROFIT_YOY":-10.952999437938,"HOLDER_PROFIT":-129537000,"HOLDER_PROFIT_YOY":-307.9345714882,"GROSS_PROFIT_RATIO":10.190688325094,"EPS_TTM":-0.084900910759,"OPERATE_INCOME_QOQ":1.497802525981,"NET_PROFIT_RATIO":-5.5873526376,"ROE_AVG":-9.651246219767,"GROSS_PROFIT_QOQ":-14.21384798317,"ROA":-6.896753674933,"HOLDER_PROFIT_QOQ":-301.019553072626,"ROE_YEARLY":-9.651246219767,"ROIC_YEARLY":-9.506880611907,"TOTAL_ASSETS":1911100000,"TOTAL_LIABILITIES":538276000,"TAX_EBT":-15.347276430424,"OCF_SALES":0.405541370131,"TOTAL_PARENT_EQUITY":1293445000,"DEBT_ASSET_RATIO":28.1657684056,"OPERATE_PROFIT":-99420000,"PRETAX_PROFIT":-111453000,"NETCASH_OPERATE":9368000,"NETCASH_INVEST":-19394000,"NETCASH_FINANCE":137271000,"END_CASH":538224000,"DIVI_RATIO":null,"DIVIDEND_RATE":null,"CURRENT_RATIO":3.362627843343,"COMMON_ACS":250000000000,"CURRENTDEBT_DEBT":98.652178436341,"ISSUED_COMMON_SHARES":1525743350,"HK_COMMON_SHARES":1525743350,"PER_SHARES":1000,"TOTAL_MARKET_CAP":291416979.85,"HKSK_MARKET_CAP":291416979.85,"PE_TTM":13.012670326734,"PB_TTM":0.194931260165,"REPORT_DATE_SQ":"2021-12-31 00:00:00","REPORT_TYPE_SQ":"2021年年报","OPERATE_INCOME_SQ":2098198000,"DPS_HKD":null,"OPERATE_INCOME_QOQ_SQ":18.627175497941,"NET_PROFIT_RATIO_SQ":2.9690715557,"HOLDER_PROFIT_SQ":62297000,"HOLDER_PROFIT_QOQ_SQ":-9.966326073447,"ROE_AVG_SQ":4.89042909498,"PE_TTM_SQ":-1.446349086283,"PB_TTM_SQ":0.168509387506,"ROA_SQ":3.64631606303,"START_DATE":"2022-01-01 00:00:00","FISCAL_YEAR":"12-31","CURRENCY":"HKD","IS_CNY_CODE":0,"DPS_HKD_LY":null,"ORG_TYPE":"一般企业","PREMIUM_INCOME":null,"PREMIUM_INCOME_YOY":null,"NET_INTEREST_INCOME":null,"NET_INTEREST_INCOME_YOY":null,"FEE_COMMISSION_INCOME":null,"FEE_COMMISSION_INCOME_YOY":null,"ACCOUNTS_RECE_TDAYS":3.891191241046,"INVENTORY_TDAYS":null,"CURRENT_ASSETS_TDAYS":1.37017850805,"TOTAL_ASSETS_TDAYS":1.225022048667,"PREMIUM_EXPENSE":null,"LOAN_DEPOSIT":null,"LOAN_EQUITY":null,"LOAN_ASSETS":null,"DEPOSIT_EQUITY":null,"DEPOSIT_ASSETS":null,"EQUITY_MULTIPLIER":1.392093961061,"EQUITY_RATIO":0.416156852437},{"SECUCODE":"01762.HK","SECURITY_CODE":"01762","SECURITY_NAME_ABBR":"万咖壹联","ORG_CODE":"10948055","STD_REPORT_DATE":"2022-06-30 00:00:00","REPORT_DATE":"2022-06-30 00:00:00","DATE_TYPE_CODE":"002","REPORT_TYPE":"2022年中报","PER_NETCASH_OPERATE":0.013036268518,"PER_OI":0.775932597052,"BPS":0.961030569132,"BASIC_EPS":0.04,"DILUTED_EPS":0.04,"OPERATE_INCOME":1183874000,"OPERATE_INCOME_YOY":16.6204830611,"GROSS_PROFIT":151699000,"GROSS_PROFIT_YOY":7.064012986096,"HOLDER_PROFIT":58741000,"HOLDER_PROFIT_YOY":3.7863528747,"GROSS_PROFIT_RATIO":12.813779169067,"EPS_TTM":0.042235150492,"OPERATE_INCOME_QOQ":8.041328797378,"NET_PROFIT_RATIO":4.9617611334,"ROE_AVG":4.111789203342,"GROSS_PROFIT_QOQ":3.801136277325,"ROA":3.121497740752,"HOLDER_PROFIT_QOQ":3.439973032409,"ROE_YEARLY":8.223578406684,"ROIC_YEARLY":8.03177652516,"TOTAL_ASSETS":1918279000,"TOTAL_LIABILITIES":451993000,"TAX_EBT":19.517441701148,"OCF_SALES":1.680077440674,"TOTAL_PARENT_EQUITY":1466286000,"DEBT_ASSET_RATIO":23.5624223588,"OPERATE_PROFIT":78442000,"PRETAX_PROFIT":72986000,"NETCASH_OPERATE":19890000,"NETCASH_INVEST":-5267000,"NETCASH_FINANCE":17720000,"END_CASH":437110000,"DIVI_RATIO":null,"DIVIDEND_RATE":null,"CURRENT_RATIO":3.718792003825,"COMMON_ACS":250000000000,"CURRENTDEBT_DEBT":98.101519271316,"ISSUED_COMMON_SHARES":1525743350,"HK_COMMON_SHARES":1525743350,"PER_SHARES":1000,"TOTAL_MARKET_CAP":291416979.85,"HKSK_MARKET_CAP":291416979.85,"PE_TTM":13.012670326734,"PB_TTM":0.194931260165,"REPORT_DATE_SQ":"2021-06-30 00:00:00","REPORT_TYPE_SQ":"2021年中报","OPERATE_INCOME_SQ":1015151000,"DPS_HKD":null,"OPERATE_INCOME_QOQ_SQ":2.431567815996,"NET_PROFIT_RATIO_SQ":5.5753282024,"HOLDER_PROFIT_SQ":56598000,"HOLDER_PROFIT_QOQ_SQ":3.562181012677,"ROE_AVG_SQ":4.470074126083,"PE_TTM_SQ":-1.446349086283,"PB_TTM_SQ":0.168509387506,"ROA_SQ":3.454157860592,"START_DATE":"2022-01-01 00:00:00","FISCAL_YEAR":"12-31","CURRENCY":"HKD","IS_CNY_CODE":0,"DPS_HKD_LY":null,"ORG_TYPE":"一般企业","PREMIUM_INCOME":null,"PREMIUM_INCOME_YOY":null,"NET_INTEREST_INCOME":null,"NET_INTEREST_INCOME_YOY":null,"FEE_COMMISSION_INCOME":null,"FEE_COMMISSION_INCOME_YOY":null,"ACCOUNTS_RECE_TDAYS":1.993998839517,"INVENTORY_TDAYS":null,"CURRENT_ASSETS_TDAYS":0.734906660335,"TOTAL_ASSETS_TDAYS":0.629110845293,"PREMIUM_EXPENSE":null,"LOAN_DEPOSIT":null,"LOAN_EQUITY":null,"LOAN_ASSETS":null,"DEPOSIT_EQUITY":null,"DEPOSIT_ASSETS":null,"EQUITY_MULTIPLIER":1.308257052171,"EQUITY_RATIO":0.308257052171},{"SECUCODE":"01762.HK","SECURITY_CODE":"01762","SECURITY_NAME_ABBR":"万咖壹联","ORG_CODE":"10948055","STD_REPORT_DATE":"2021-12-31 00:00:00","REPORT_DATE":"2021-12-31 00:00:00","DATE_TYPE_CODE":"001","REPORT_TYPE":"2021年年报","PER_NETCASH_OPERATE":0.060480054246,"PER_OI":1.41229707255,"BPS":0.911629731173,"BASIC_EPS":0.04,"DILUTED_EPS":0.04,"OPERATE_INCOME":2098198000,"OPERATE_INCOME_YOY":21.5116757184,"GROSS_PROFIT":263316000,"GROSS_PROFIT_YOY":8.473431185555,"HOLDER_PROFIT":62297000,"HOLDER_PROFIT_YOY":-6.7591636358,"GROSS_PROFIT_RATIO":12.549625917097,"EPS_TTM":0.041932110663,"OPERATE_INCOME_QOQ":18.627175497941,"NET_PROFIT_RATIO":2.9690715557,"ROE_AVG":4.89042909498,"GROSS_PROFIT_QOQ":1.841781600749,"ROA":3.64631606303,"HOLDER_PROFIT_QOQ":-9.966326073447,"ROE_YEARLY":4.89042909498,"ROIC_YEARLY":4.418386764344,"TOTAL_ASSETS":1845363000,"TOTAL_LIABILITIES":454450000,"TAX_EBT":25.901300060662,"OCF_SALES":4.282388983309,"TOTAL_PARENT_EQUITY":1390913000,"DEBT_ASSET_RATIO":24.6265910826,"OPERATE_PROFIT":95448000,"PRETAX_PROFIT":84073000,"NETCASH_OPERATE":89853000,"NETCASH_INVEST":-3133000,"NETCASH_FINANCE":120671000,"END_CASH":401102000,"DIVI_RATIO":null,"DIVIDEND_RATE":null,"CURRENT_RATIO":3.618906283074,"COMMON_ACS":250000000000,"CURRENTDEBT_DEBT":95.638244031247,"ISSUED_COMMON_SHARES":1525743350,"HK_COMMON_SHARES":1525743350,"PER_SHARES":1000,"TOTAL_MARKET_CAP":291416979.85,"HKSK_MARKET_CAP":291416979.85,"PE_TTM":13.012670326734,"PB_TTM":0.194931260165,"REPORT_DATE_SQ":"2020-12-31 00:00:00","REPORT_TYPE_SQ":"2020年年报","OPERATE_INCOME_SQ":1726746000,"DPS_HKD":null,"OPERATE_INCOME_QOQ_SQ":-20.490681951401,"NET_PROFIT_RATIO_SQ":3.8693009858,"HOLDER_PROFIT_SQ":66813000,"HOLDER_PROFIT_QOQ_SQ":-21.18599082255,"ROE_AVG_SQ":6.095317508358,"PE_TTM_SQ":-1.446349086283,"PB_TTM_SQ":0.168509387506,"ROA_SQ":4.227688884924,"START_DATE":"2021-01-01 00:00:00","FISCAL_YEAR":"12-31","CURRENCY":"HKD","IS_CNY_CODE":0,"DPS_HKD_LY":null,"ORG_TYPE":"一般企业","PREMIUM_INCOME":null,"PREMIUM_INCOME_YOY":null,"NET_INTEREST_INCOME":null,"NET_INTEREST_INCOME_YOY":null,"FEE_COMMISSION_INCOME":null,"FEE_COMMISSION_INCOME_YOY":null,"ACCOUNTS_RECE_TDAYS":3.641080281888,"INVENTORY_TDAYS":null,"CURRENT_ASSETS_TDAYS":1.44572248124,"TOTAL_ASSETS_TDAYS":1.228099759349,"PREMIUM_EXPENSE":null,"LOAN_DEPOSIT":null,"LOAN_EQUITY":null,"LOAN_ASSETS":null,"DEPOSIT_EQUITY":null,"DEPOSIT_ASSETS":null,"EQUITY_MULTIPLIER":1.326727839915,"EQUITY_RATIO":0.326727839915},{"SECUCODE":"01762.HK","SECURITY_CODE":"01762","SECURITY_NAME_ABBR":"万咖壹联","ORG_CODE":"10948055","STD_REPORT_DATE":"2021-06-30 00:00:00","REPORT_DATE":"2021-06-30 00:00:00","DATE_TYPE_CODE":"002","REPORT_TYPE":"2021年中报","PER_NETCASH_OPERATE":0.0004146296,"PER_OI":0.683298137495,"BPS":0.901533668818,"BASIC_EPS":0.04,"DILUTED_EPS":0.04,"OPERATE_INCOME":1015151000,"OPERATE_INCOME_YOY":4.3144834786,"GROSS_PROFIT":141690000,"GROSS_PROFIT_YOY":12.556898072019,"HOLDER_PROFIT":56598000,"HOLDER_PROFIT_YOY":4.3896860821,"GROSS_PROFIT_RATIO":13.957529470985,"EPS_TTM":0.046573808259,"OPERATE_INCOME_QOQ":2.431567815996,"NET_PROFIT_RATIO":5.5753282024,"ROE_AVG":4.470074126083,"GROSS_PROFIT_QOQ":6.511717961499,"ROA":3.454157860592,"HOLDER_PROFIT_QOQ":3.562181012677,"ROE_YEARLY":8.940148252167,"ROIC_YEARLY":8.238538874068,"TOTAL_ASSETS":1705474000,"TOTAL_LIABILITIES":329965000,"TAX_EBT":20.376466616021,"OCF_SALES":0.060680627808,"TOTAL_PARENT_EQUITY":1375509000,"DEBT_ASSET_RATIO":19.3474072311,"OPERATE_PROFIT":76572000,"PRETAX_PROFIT":71082000,"NETCASH_OPERATE":616000,"NETCASH_INVEST":-237000,"NETCASH_FINANCE":135456000,"END_CASH":333148000,"DIVI_RATIO":null,"DIVIDEND_RATE":null,"CURRENT_RATIO":4.481142707458,"COMMON_ACS":250000000000,"CURRENTDEBT_DEBT":99.49782552695,"ISSUED_COMMON_SHARES":1525743350,"HK_COMMON_SHARES":1525743350,"PER_SHARES":1000,"TOTAL_MARKET_CAP":291416979.85,"HKSK_MARKET_CAP":291416979.85,"PE_TTM":13.012670326734,"PB_TTM":0.194931260165,"REPORT_DATE_SQ":"2020-06-30 00:00:00","REPORT_TYPE_SQ":"2020年中报","OPERATE_INCOME_SQ":973164000,"DPS_HKD":null,"OPERATE_INCOME_QOQ_SQ":-9.366297371616,"NET_PROFIT_RATIO_SQ":5.5713117214,"HOLDER_PROFIT_SQ":54218000,"HOLDER_PROFIT_QOQ_SQ":-19.824276013392,"ROE_AVG_SQ":4.970206992648,"PE_TTM_SQ":-1.446349086283,"PB_TTM_SQ":0.168509387506,"ROA_SQ":3.43621551101,"START_DATE":"2021-01-01 00:00:00","FISCAL_YEAR":"12-31","CURRENCY":"HKD","IS_CNY_CODE":0,"DPS_HKD_LY":null,"ORG_TYPE":"一般企业","PREMIUM_INCOME":null,"PREMIUM_INCOME_YOY":null,"NET_INTEREST_INCOME":null,"NET_INTEREST_INCOME_YOY":null,"FEE_COMMISSION_INCOME":null,"FEE_COMMISSION_INCOME_YOY":null,"ACCOUNTS_RECE_TDAYS":1.758406618247,"INVENTORY_TDAYS":null,"CURRENT_ASSETS_TDAYS":0.724862957015,"TOTAL_ASSETS_TDAYS":0.619543412548,"PREMIUM_EXPENSE":null,"LOAN_DEPOSIT":null,"LOAN_EQUITY":null,"LOAN_ASSETS":null,"DEPOSIT_EQUITY":null,"DEPOSIT_ASSETS":null,"EQUITY_MULTIPLIER":1.239885744114,"EQUITY_RATIO":0.239885744114},{"SECUCODE":"01762.HK","SECURITY_CODE":"01762","SECURITY_NAME_ABBR":"万咖壹联","ORG_CODE":"10948055","STD_REPORT_DATE":"2020-12-31 00:00:00","REPORT_DATE":"2020-12-31 00:00:00","DATE_TYPE_CODE":"001","REPORT_TYPE":"2020年年报","PER_NETCASH_OPERATE":-0.087845748508,"PER_OI":1.308122724203,"BPS":0.758186493161,"BASIC_EPS":0.05,"DILUTED_EPS":0.05,"OPERATE_INCOME":1726746000,"OPERATE_INCOME_YOY":-27.937761118,"GROSS_PROFIT":242747000,"GROSS_PROFIT_YOY":-28.227015360052,"HOLDER_PROFIT":66813000,"HOLDER_PROFIT_YOY":-36.8102975391,"GROSS_PROFIT_RATIO":14.058060652812,"EPS_TTM":0.050615205463,"OPERATE_INCOME_QOQ":-20.490681951401,"NET_PROFIT_RATIO":3.8693009858,"ROE_AVG":6.095317508358,"GROSS_PROFIT_QOQ":-17.188784613128,"ROA":4.227688884924,"HOLDER_PROFIT_QOQ":-21.18599082255,"ROE_YEARLY":6.095317508358,"ROIC_YEARLY":4.942921474997,"TOTAL_ASSETS":1571620000,"TOTAL_LIABILITIES":414822000,"TAX_EBT":19.941285722845,"OCF_SALES":-6.715405740045,"TOTAL_PARENT_EQUITY":1156798000,"DEBT_ASSET_RATIO":26.3945483005,"OPERATE_PROFIT":95117000,"PRETAX_PROFIT":83455000,"NETCASH_OPERATE":-115958000,"NETCASH_INVEST":-4882000,"NETCASH_FINANCE":64253000,"END_CASH":195983000,"DIVI_RATIO":null,"DIVIDEND_RATE":null,"CURRENT_RATIO":3.232399570229,"COMMON_ACS":250000000000,"CURRENTDEBT_DEBT":99.170728649879,"ISSUED_COMMON_SHARES":1525743350,"HK_COMMON_SHARES":1525743350,"PER_SHARES":1000,"TOTAL_MARKET_CAP":291416979.85,"HKSK_MARKET_CAP":291416979.85,"PE_TTM":13.012670326734,"PB_TTM":0.194931260165,"REPORT_DATE_SQ":"2019-12-31 00:00:00","REPORT_TYPE_SQ":"2019年年报","OPERATE_INCOME_SQ":2396187000,"DPS_HKD":null,"OPERATE_INCOME_QOQ_SQ":15.527775126053,"NET_PROFIT_RATIO_SQ":4.4125938418,"HOLDER_PROFIT_SQ":105734000,"HOLDER_PROFIT_QOQ_SQ":-81.111744288453,"ROE_AVG_SQ":11.066008920082,"PE_TTM_SQ":-1.446349086283,"PB_TTM_SQ":0.168509387506,"ROA_SQ":7.28685397347,"START_DATE":"2020-01-01 00:00:00","FISCAL_YEAR":"12-31","CURRENCY":"HKD","IS_CNY_CODE":0,"DPS_HKD_LY":null,"ORG_TYPE":"一般企业","PREMIUM_INCOME":null,"PREMIUM_INCOME_YOY":null,"NET_INTEREST_INCOME":null,"NET_INTEREST_INCOME_YOY":null,"FEE_COMMISSION_INCOME":null,"FEE_COMMISSION_INCOME_YOY":null,"ACCOUNTS_RECE_TDAYS":2.955109780422,"INVENTORY_TDAYS":null,"CURRENT_ASSETS_TDAYS":1.279490025623,"TOTAL_ASSETS_TDAYS":1.092623422281,"PREMIUM_EXPENSE":null,"LOAN_DEPOSIT":null,"LOAN_EQUITY":null,"LOAN_ASSETS":null,"DEPOSIT_EQUITY":null,"DEPOSIT_ASSETS":null,"EQUITY_MULTIPLIER":1.358595018318,"EQUITY_RATIO":0.358595018318},{"SECUCODE":"01762.HK","SECURITY_CODE":"01762","SECURITY_NAME_ABBR":"万咖壹联","ORG_CODE":"10948055","STD_REPORT_DATE":"2020-06-30 00:00:00","REPORT_DATE":"2020-06-30 00:00:00","DATE_TYPE_CODE":"002","REPORT_TYPE":"2020年中报","PER_NETCASH_OPERATE":-0.055680286566,"PER_OI":0.737235205859,"BPS":0.75126986462,"BASIC_EPS":0.04,"DILUTED_EPS":0.04,"OPERATE_INCOME":973164000,"OPERATE_INCOME_YOY":-18.7403452578,"GROSS_PROFIT":125883000,"GROSS_PROFIT_YOY":-26.369139882432,"HOLDER_PROFIT":54218000,"HOLDER_PROFIT_YOY":-27.8814562577,"GROSS_PROFIT_RATIO":12.935435342861,"EPS_TTM":0.064221076927,"OPERATE_INCOME_QOQ":-9.366297371616,"NET_PROFIT_RATIO":5.5713117214,"ROE_AVG":4.970206992648,"GROSS_PROFIT_QOQ":-13.329391067812,"ROA":3.43621551101,"HOLDER_PROFIT_QOQ":-19.824276013392,"ROE_YEARLY":9.940413985296,"ROIC_YEARLY":8.169070745225,"TOTAL_ASSETS":1566567000,"TOTAL_LIABILITIES":420322000,"TAX_EBT":21.800585579738,"OCF_SALES":-7.552581065473,"TOTAL_PARENT_EQUITY":1146245000,"DEBT_ASSET_RATIO":26.8307707235,"OPERATE_PROFIT":75078000,"PRETAX_PROFIT":69333000,"NETCASH_OPERATE":-73499000,"NETCASH_INVEST":-4516000,"NETCASH_FINANCE":49884000,"END_CASH":239517000,"DIVI_RATIO":null,"DIVIDEND_RATE":null,"CURRENT_RATIO":3.134242655567,"COMMON_ACS":250000000000,"CURRENTDEBT_DEBT":99.108302682229,"ISSUED_COMMON_SHARES":1525743350,"HK_COMMON_SHARES":1525743350,"PER_SHARES":1000,"TOTAL_MARKET_CAP":291416979.85,"HKSK_MARKET_CAP":291416979.85,"PE_TTM":13.012670326734,"PB_TTM":0.194931260165,"REPORT_DATE_SQ":"2019-06-30 00:00:00","REPORT_TYPE_SQ":"2019年中报","OPERATE_INCOME_SQ":1197598000,"DPS_HKD":null,"OPERATE_INCOME_QOQ_SQ":34.133126734768,"NET_PROFIT_RATIO_SQ":6.2774820933,"HOLDER_PROFIT_SQ":75179000,"HOLDER_PROFIT_QOQ_SQ":232.79538645114,"ROE_AVG_SQ":8.143892513921,"PE_TTM_SQ":-1.446349086283,"PB_TTM_SQ":0.168509387506,"ROA_SQ":5.564363324155,"START_DATE":"2020-01-01 00:00:00","FISCAL_YEAR":"12-31","CURRENCY":"HKD","IS_CNY_CODE":0,"DPS_HKD_LY":null,"ORG_TYPE":"一般企业","PREMIUM_INCOME":null,"PREMIUM_INCOME_YOY":null,"NET_INTEREST_INCOME":null,"NET_INTEREST_INCOME_YOY":null,"FEE_COMMISSION_INCOME":null,"FEE_COMMISSION_INCOME_YOY":null,"ACCOUNTS_RECE_TDAYS":1.633510700797,"INVENTORY_TDAYS":null,"CURRENT_ASSETS_TDAYS":0.727596804347,"TOTAL_ASSETS_TDAYS":0.616769565745,"PREMIUM_EXPENSE":null,"LOAN_DEPOSIT":null,"LOAN_EQUITY":null,"LOAN_ASSETS":null,"DEPOSIT_EQUITY":null,"DEPOSIT_ASSETS":null,"EQUITY_MULTIPLIER":1.366694729312,"EQUITY_RATIO":0.366694729312}],"count":17},"success":true,"message":"ok","code":0}