{"version":"ff8f4d75aab1d3674359769bb4db8812","result":{"pages":3,"data":[{"SECUCODE":"01760.HK","SECURITY_CODE":"01760","SECURITY_NAME_ABBR":"英恒科技","ORG_CODE":"10916612","STD_REPORT_DATE":"2024-06-30 00:00:00","REPORT_DATE":"2024-06-30 00:00:00","DATE_TYPE_CODE":"002","REPORT_TYPE":"2024年中报","PER_NETCASH_OPERATE":0.076126196685,"PER_OI":2.606114106654,"BPS":2.170963996123,"BASIC_EPS":0.0898,"DILUTED_EPS":0.0898,"OPERATE_INCOME":2835031000,"OPERATE_INCOME_YOY":7.9534757974,"GROSS_PROFIT":451966000,"GROSS_PROFIT_YOY":-16.45050614098,"HOLDER_PROFIT":97678000,"HOLDER_PROFIT_YOY":-36.7599834257,"GROSS_PROFIT_RATIO":15.942188991937,"EPS_TTM":0.239574186754,"OPERATE_INCOME_QOQ":3.599778020209,"NET_PROFIT_RATIO":3.3542137634,"ROE_AVG":4.143772505286,"GROSS_PROFIT_QOQ":-8.212311176366,"ROA":1.718729173641,"HOLDER_PROFIT_QOQ":-17.888694249455,"ROE_YEARLY":8.287545010572,"ROIC_YEARLY":3.865497482755,"TOTAL_ASSETS":5822953000,"TOTAL_LIABILITIES":3458015000,"TAX_EBT":-16.402874175266,"OCF_SALES":2.921061533366,"TOTAL_PARENT_EQUITY":2361658000,"DEBT_ASSET_RATIO":59.3859335633,"OPERATE_PROFIT":138317000,"PRETAX_PROFIT":81693000,"NETCASH_OPERATE":82813000,"NETCASH_INVEST":-93715000,"NETCASH_FINANCE":224736000,"END_CASH":732486000,"DIVI_RATIO":0.370697532999,"DIVIDEND_RATE":6.758620689655,"CURRENT_RATIO":1.544236668387,"COMMON_ACS":2400000000,"CURRENTDEBT_DEBT":89.265575771071,"ISSUED_COMMON_SHARES":1087838400,"HK_COMMON_SHARES":1087838400,"PER_SHARES":1000,"TOTAL_MARKET_CAP":1577365680,"HKSK_MARKET_CAP":1577365680,"PE_TTM":5.444100612442,"PB_TTM":0.609584499035,"REPORT_DATE_SQ":"2023-06-30 00:00:00","REPORT_TYPE_SQ":"2023年中报","OPERATE_INCOME_SQ":2626160000,"DPS_HKD":0.098,"OPERATE_INCOME_QOQ_SQ":11.405082834311,"NET_PROFIT_RATIO_SQ":5.7922594206,"HOLDER_PROFIT_SQ":154456000,"HOLDER_PROFIT_QOQ_SQ":0.457872147637,"ROE_AVG_SQ":7.166960966985,"PE_TTM_SQ":5.347095624532,"PB_TTM_SQ":1.029633683883,"ROA_SQ":3.437240255875,"START_DATE":"2024-01-01 00:00:00","FISCAL_YEAR":"12-31","CURRENCY":"HKD","IS_CNY_CODE":0,"DPS_HKD_LY":0.098,"ORG_TYPE":"一般企业","PREMIUM_INCOME":null,"PREMIUM_INCOME_YOY":null,"NET_INTEREST_INCOME":null,"NET_INTEREST_INCOME_YOY":null,"FEE_COMMISSION_INCOME":null,"FEE_COMMISSION_INCOME_YOY":null,"ACCOUNTS_RECE_TDAYS":1.622157107774,"INVENTORY_TDAYS":1.53484067365,"CURRENT_ASSETS_TDAYS":0.607218127501,"TOTAL_ASSETS_TDAYS":0.498848306464,"PREMIUM_EXPENSE":null,"LOAN_DEPOSIT":null,"LOAN_EQUITY":null,"LOAN_ASSETS":null,"DEPOSIT_EQUITY":null,"DEPOSIT_ASSETS":null,"EQUITY_MULTIPLIER":2.462201123245,"EQUITY_RATIO":1.464231908261},{"SECUCODE":"01760.HK","SECURITY_CODE":"01760","SECURITY_NAME_ABBR":"英恒科技","ORG_CODE":"10916612","STD_REPORT_DATE":"2023-12-31 00:00:00","REPORT_DATE":"2023-12-31 00:00:00","DATE_TYPE_CODE":"001","REPORT_TYPE":"2023年年报","PER_NETCASH_OPERATE":-0.003444445425,"PER_OI":5.33381612563,"BPS":2.162812050025,"BASIC_EPS":0.2919,"DILUTED_EPS":0.2894,"OPERATE_INCOME":5802330000,"OPERATE_INCOME_YOY":20.132473613,"GROSS_PROFIT":1083617000,"GROSS_PROFIT_YOY":4.132564171311,"HOLDER_PROFIT":317396000,"HOLDER_PROFIT_YOY":-23.5122167519,"GROSS_PROFIT_RATIO":18.675549305193,"EPS_TTM":0.291767600776,"OPERATE_INCOME_QOQ":7.833925128633,"NET_PROFIT_RATIO":5.38661193,"ROE_AVG":14.135476038418,"GROSS_PROFIT_QOQ":-4.42347603436,"ROA":6.599859746014,"HOLDER_PROFIT_QOQ":-23.860836773712,"ROE_YEARLY":14.135476038418,"ROIC_YEARLY":7.256588569334,"TOTAL_ASSETS":5543352000,"TOTAL_LIABILITIES":3184698000,"TAX_EBT":-3.424553275976,"OCF_SALES":-0.064577505933,"TOTAL_PARENT_EQUITY":2352790000,"DEBT_ASSET_RATIO":57.4507626433,"OPERATE_PROFIT":402455000,"PRETAX_PROFIT":302200000,"NETCASH_OPERATE":-3747000,"NETCASH_INVEST":-268930000,"NETCASH_FINANCE":451215000,"END_CASH":516998000,"DIVI_RATIO":0.30438458473,"DIVIDEND_RATE":7.716535433071,"CURRENT_RATIO":1.576849558768,"COMMON_ACS":2400000000,"CURRENTDEBT_DEBT":91.023167659854,"ISSUED_COMMON_SHARES":1087838400,"HK_COMMON_SHARES":1087838400,"PER_SHARES":1000,"TOTAL_MARKET_CAP":1381554768,"HKSK_MARKET_CAP":1381554768,"PE_TTM":4.76828122607,"PB_TTM":0.533911940534,"REPORT_DATE_SQ":"2022-12-31 00:00:00","REPORT_TYPE_SQ":"2022年年报","OPERATE_INCOME_SQ":4829943000,"DPS_HKD":0.098,"OPERATE_INCOME_QOQ_SQ":22.871299571395,"NET_PROFIT_RATIO_SQ":8.5116325389,"HOLDER_PROFIT_SQ":414963000,"HOLDER_PROFIT_QOQ_SQ":43.226507895418,"ROE_AVG_SQ":21.386510608526,"PE_TTM_SQ":6.162347872218,"PB_TTM_SQ":1.186618191739,"ROA_SQ":11.96926883024,"START_DATE":"2023-01-01 00:00:00","FISCAL_YEAR":"12-31","CURRENCY":"HKD","IS_CNY_CODE":0,"DPS_HKD_LY":0.131,"ORG_TYPE":"一般企业","PREMIUM_INCOME":null,"PREMIUM_INCOME_YOY":null,"NET_INTEREST_INCOME":null,"NET_INTEREST_INCOME_YOY":null,"FEE_COMMISSION_INCOME":null,"FEE_COMMISSION_INCOME_YOY":null,"ACCOUNTS_RECE_TDAYS":3.272626979814,"INVENTORY_TDAYS":3.57500465938,"CURRENT_ASSETS_TDAYS":1.464893409945,"TOTAL_ASSETS_TDAYS":1.206523213906,"PREMIUM_EXPENSE":null,"LOAN_DEPOSIT":null,"LOAN_EQUITY":null,"LOAN_ASSETS":null,"DEPOSIT_EQUITY":null,"DEPOSIT_ASSETS":null,"EQUITY_MULTIPLIER":2.350218387269,"EQUITY_RATIO":1.353583617747},{"SECUCODE":"01760.HK","SECURITY_CODE":"01760","SECURITY_NAME_ABBR":"英恒科技","ORG_CODE":"10916612","STD_REPORT_DATE":"2023-06-30 00:00:00","REPORT_DATE":"2023-06-30 00:00:00","DATE_TYPE_CODE":"002","REPORT_TYPE":"2023年中报","PER_NETCASH_OPERATE":0.006963896523,"PER_OI":2.41493549361,"BPS":1.996841626477,"BASIC_EPS":0.1421,"DILUTED_EPS":0.1399,"OPERATE_INCOME":2626160000,"OPERATE_INCOME_YOY":26.5435712699,"GROSS_PROFIT":540956000,"GROSS_PROFIT_YOY":20.803037070121,"HOLDER_PROFIT":154456000,"HOLDER_PROFIT_YOY":1.2454442959,"GROSS_PROFIT_RATIO":20.598744935571,"EPS_TTM":0.383334318805,"OPERATE_INCOME_QOQ":11.405082834311,"NET_PROFIT_RATIO":5.7922594206,"ROE_AVG":7.166960966985,"GROSS_PROFIT_QOQ":8.952031158558,"ROA":3.437240255875,"HOLDER_PROFIT_QOQ":0.457872147637,"ROE_YEARLY":14.33392193397,"ROIC_YEARLY":7.630744604774,"TOTAL_ASSETS":4912297000,"TOTAL_LIABILITIES":2731743000,"TAX_EBT":-4.769645083305,"OCF_SALES":0.288367806988,"TOTAL_PARENT_EQUITY":2172241000,"DEBT_ASSET_RATIO":55.610297993,"OPERATE_PROFIT":192269000,"PRETAX_PROFIT":145189000,"NETCASH_OPERATE":7573000,"NETCASH_INVEST":-138127000,"NETCASH_FINANCE":318699000,"END_CASH":534786000,"DIVI_RATIO":0.231676517451,"DIVIDEND_RATE":7.716535433071,"CURRENT_RATIO":1.610573435677,"COMMON_ACS":2400000000,"CURRENTDEBT_DEBT":92.907092651102,"ISSUED_COMMON_SHARES":1087838400,"HK_COMMON_SHARES":1087838400,"PER_SHARES":1000,"TOTAL_MARKET_CAP":1381554768,"HKSK_MARKET_CAP":1381554768,"PE_TTM":4.76828122607,"PB_TTM":0.533911940534,"REPORT_DATE_SQ":"2022-06-30 00:00:00","REPORT_TYPE_SQ":"2022年中报","OPERATE_INCOME_SQ":2075301000,"DPS_HKD":0.098,"OPERATE_INCOME_QOQ_SQ":23.762374990712,"NET_PROFIT_RATIO_SQ":7.2951827229,"HOLDER_PROFIT_SQ":152556000,"HOLDER_PROFIT_QOQ_SQ":44.424892575496,"ROE_AVG_SQ":8.515086962941,"PE_TTM_SQ":6.162347872218,"PB_TTM_SQ":1.186618191739,"ROA_SQ":5.010108493894,"START_DATE":"2023-01-01 00:00:00","FISCAL_YEAR":"12-31","CURRENCY":"HKD","IS_CNY_CODE":0,"DPS_HKD_LY":0.131,"ORG_TYPE":"一般企业","PREMIUM_INCOME":null,"PREMIUM_INCOME_YOY":null,"NET_INTEREST_INCOME":null,"NET_INTEREST_INCOME_YOY":null,"FEE_COMMISSION_INCOME":null,"FEE_COMMISSION_INCOME_YOY":null,"ACCOUNTS_RECE_TDAYS":1.57918726721,"INVENTORY_TDAYS":1.608390890996,"CURRENT_ASSETS_TDAYS":0.706102955154,"TOTAL_ASSETS_TDAYS":0.584421639196,"PREMIUM_EXPENSE":null,"LOAN_DEPOSIT":null,"LOAN_EQUITY":null,"LOAN_ASSETS":null,"DEPOSIT_EQUITY":null,"DEPOSIT_ASSETS":null,"EQUITY_MULTIPLIER":2.252774753573,"EQUITY_RATIO":1.257569026641},{"SECUCODE":"01760.HK","SECURITY_CODE":"01760","SECURITY_NAME_ABBR":"英恒科技","ORG_CODE":"10916612","STD_REPORT_DATE":"2022-12-31 00:00:00","REPORT_DATE":"2022-12-31 00:00:00","DATE_TYPE_CODE":"001","REPORT_TYPE":"2022年年报","PER_NETCASH_OPERATE":-0.26916476712,"PER_OI":4.44349286949,"BPS":1.96534889741,"BASIC_EPS":0.3822,"DILUTED_EPS":0.3781,"OPERATE_INCOME":4829943000,"OPERATE_INCOME_YOY":52.0684385315,"GROSS_PROFIT":1040613000,"GROSS_PROFIT_YOY":66.449343632185,"HOLDER_PROFIT":414963000,"HOLDER_PROFIT_YOY":106.8547301676,"GROSS_PROFIT_RATIO":21.545036866895,"EPS_TTM":0.381761261282,"OPERATE_INCOME_QOQ":22.871299571395,"NET_PROFIT_RATIO":8.5116325389,"ROE_AVG":21.386510608526,"GROSS_PROFIT_QOQ":26.94861121955,"ROA":11.96926883024,"HOLDER_PROFIT_QOQ":43.226507895418,"ROE_YEARLY":21.386510608526,"ROIC_YEARLY":13.800207719959,"TOTAL_ASSETS":4074913000,"TOTAL_LIABILITIES":1926276000,"TAX_EBT":9.630924118526,"OCF_SALES":-6.05750419829,"TOTAL_PARENT_EQUITY":2137982000,"DEBT_ASSET_RATIO":47.271585921,"OPERATE_PROFIT":497358000,"PRETAX_PROFIT":454920000,"NETCASH_OPERATE":-292574000,"NETCASH_INVEST":-194368000,"NETCASH_FINANCE":205365000,"END_CASH":336946000,"DIVI_RATIO":0.232631146758,"DIVIDEND_RATE":7.716535433071,"CURRENT_RATIO":1.757432306275,"COMMON_ACS":2400000000,"CURRENTDEBT_DEBT":98.982492643837,"ISSUED_COMMON_SHARES":1087838400,"HK_COMMON_SHARES":1087838400,"PER_SHARES":1000,"TOTAL_MARKET_CAP":1381554768,"HKSK_MARKET_CAP":1381554768,"PE_TTM":4.76828122607,"PB_TTM":0.533911940534,"REPORT_DATE_SQ":"2021-12-31 00:00:00","REPORT_TYPE_SQ":"2021年年报","OPERATE_INCOME_SQ":3176164000,"DPS_HKD":0.098,"OPERATE_INCOME_QOQ_SQ":29.672161934857,"NET_PROFIT_RATIO_SQ":6.3034843289,"HOLDER_PROFIT_SQ":200606000,"HOLDER_PROFIT_QOQ_SQ":77.076124567474,"ROE_AVG_SQ":13.221531470225,"PE_TTM_SQ":6.162347872218,"PB_TTM_SQ":1.186618191739,"ROA_SQ":8.165882124987,"START_DATE":"2022-01-01 00:00:00","FISCAL_YEAR":"12-31","CURRENCY":"HKD","IS_CNY_CODE":0,"DPS_HKD_LY":0.068,"ORG_TYPE":"一般企业","PREMIUM_INCOME":null,"PREMIUM_INCOME_YOY":null,"NET_INTEREST_INCOME":null,"NET_INTEREST_INCOME_YOY":null,"FEE_COMMISSION_INCOME":null,"FEE_COMMISSION_INCOME_YOY":null,"ACCOUNTS_RECE_TDAYS":3.376266245852,"INVENTORY_TDAYS":4.78607876323,"CURRENT_ASSETS_TDAYS":1.711416362574,"TOTAL_ASSETS_TDAYS":1.393157611684,"PREMIUM_EXPENSE":null,"LOAN_DEPOSIT":null,"LOAN_EQUITY":null,"LOAN_ASSETS":null,"DEPOSIT_EQUITY":null,"DEPOSIT_ASSETS":null,"EQUITY_MULTIPLIER":1.89651067165,"EQUITY_RATIO":0.900978586349},{"SECUCODE":"01760.HK","SECURITY_CODE":"01760","SECURITY_NAME_ABBR":"英恒科技","ORG_CODE":"10916612","STD_REPORT_DATE":"2022-06-30 00:00:00","REPORT_DATE":"2022-06-30 00:00:00","DATE_TYPE_CODE":"002","REPORT_TYPE":"2022年中报","PER_NETCASH_OPERATE":-0.008217322516,"PER_OI":1.912461324928,"BPS":1.691951672234,"BASIC_EPS":0.1406,"DILUTED_EPS":0.1395,"OPERATE_INCOME":2075301000,"OPERATE_INCOME_YOY":57.1520306777,"GROSS_PROFIT":447800000,"GROSS_PROFIT_YOY":76.806661639114,"HOLDER_PROFIT":152556000,"HOLDER_PROFIT_YOY":140.4842599745,"GROSS_PROFIT_RATIO":21.577592840749,"EPS_TTM":0.266991562845,"OPERATE_INCOME_QOQ":23.762374990712,"NET_PROFIT_RATIO":7.2951827229,"ROE_AVG":8.515086962941,"GROSS_PROFIT_QOQ":31.115529373,"ROA":5.010108493894,"HOLDER_PROFIT_QOQ":44.424892575496,"ROE_YEARLY":17.030173925881,"ROIC_YEARLY":12.043877304914,"TOTAL_ASSETS":3231034000,"TOTAL_LIABILITIES":1391020000,"TAX_EBT":9.744668928063,"OCF_SALES":-0.429672611346,"TOTAL_PARENT_EQUITY":1840570000,"DEBT_ASSET_RATIO":43.0518527505,"OPERATE_PROFIT":183944000,"PRETAX_PROFIT":167743000,"NETCASH_OPERATE":-8917000,"NETCASH_INVEST":-110198000,"NETCASH_FINANCE":-29127000,"END_CASH":451470000,"DIVI_RATIO":0.332630585976,"DIVIDEND_RATE":7.716535433071,"CURRENT_RATIO":1.873387692534,"COMMON_ACS":2400000000,"CURRENTDEBT_DEBT":98.578668890455,"ISSUED_COMMON_SHARES":1087838400,"HK_COMMON_SHARES":1087838400,"PER_SHARES":1000,"TOTAL_MARKET_CAP":1381554768,"HKSK_MARKET_CAP":1381554768,"PE_TTM":4.76828122607,"PB_TTM":0.533911940534,"REPORT_DATE_SQ":"2021-06-30 00:00:00","REPORT_TYPE_SQ":"2021年中报","OPERATE_INCOME_SQ":1320569000,"DPS_HKD":0.098,"OPERATE_INCOME_QOQ_SQ":22.887431704955,"NET_PROFIT_RATIO_SQ":4.8037626205,"HOLDER_PROFIT_SQ":63437000,"HOLDER_PROFIT_QOQ_SQ":19.502109704641,"ROE_AVG_SQ":4.400109869225,"PE_TTM_SQ":6.162347872218,"PB_TTM_SQ":1.186618191739,"ROA_SQ":2.849536759932,"START_DATE":"2022-01-01 00:00:00","FISCAL_YEAR":"12-31","CURRENCY":"HKD","IS_CNY_CODE":0,"DPS_HKD_LY":0.068,"ORG_TYPE":"一般企业","PREMIUM_INCOME":null,"PREMIUM_INCOME_YOY":null,"NET_INTEREST_INCOME":null,"NET_INTEREST_INCOME_YOY":null,"FEE_COMMISSION_INCOME":null,"FEE_COMMISSION_INCOME_YOY":null,"ACCOUNTS_RECE_TDAYS":1.646272507032,"INVENTORY_TDAYS":2.742518531999,"CURRENT_ASSETS_TDAYS":0.853610392217,"TOTAL_ASSETS_TDAYS":0.681551900121,"PREMIUM_EXPENSE":null,"LOAN_DEPOSIT":null,"LOAN_EQUITY":null,"LOAN_ASSETS":null,"DEPOSIT_EQUITY":null,"DEPOSIT_ASSETS":null,"EQUITY_MULTIPLIER":1.755983378386,"EQUITY_RATIO":0.755755010676},{"SECUCODE":"01760.HK","SECURITY_CODE":"01760","SECURITY_NAME_ABBR":"英恒科技","ORG_CODE":"10916612","STD_REPORT_DATE":"2021-12-31 00:00:00","REPORT_DATE":"2021-12-31 00:00:00","DATE_TYPE_CODE":"001","REPORT_TYPE":"2021年年报","PER_NETCASH_OPERATE":-0.013396268443,"PER_OI":2.928337616205,"BPS":1.601913482738,"BASIC_EPS":0.1858,"DILUTED_EPS":0.1825,"OPERATE_INCOME":3176164000,"OPERATE_INCOME_YOY":59.350789438,"GROSS_PROFIT":625183000,"GROSS_PROFIT_YOY":74.512206695958,"HOLDER_PROFIT":200606000,"HOLDER_PROFIT_YOY":111.6097046414,"GROSS_PROFIT_RATIO":19.683586867681,"EPS_TTM":0.184953326036,"OPERATE_INCOME_QOQ":29.672161934857,"NET_PROFIT_RATIO":6.3034843289,"ROE_AVG":13.221531470225,"GROSS_PROFIT_QOQ":42.37146481266,"ROA":8.165882124987,"HOLDER_PROFIT_QOQ":77.076124567474,"ROE_YEARLY":13.221531470225,"ROIC_YEARLY":10.150402095191,"TOTAL_ASSETS":2858894000,"TOTAL_LIABILITIES":1115678000,"TAX_EBT":7.637764399234,"OCF_SALES":-0.45747008026,"TOTAL_PARENT_EQUITY":1742623000,"DEBT_ASSET_RATIO":39.0248116929,"OPERATE_PROFIT":239712000,"PRETAX_PROFIT":216765000,"NETCASH_OPERATE":-14530000,"NETCASH_INVEST":-222239000,"NETCASH_FINANCE":428060000,"END_CASH":571747000,"DIVI_RATIO":0.480172819291,"DIVIDEND_RATE":7.716535433071,"CURRENT_RATIO":2.091435746671,"COMMON_ACS":2400000000,"CURRENTDEBT_DEBT":98.292518092138,"ISSUED_COMMON_SHARES":1087838400,"HK_COMMON_SHARES":1087838400,"PER_SHARES":1000,"TOTAL_MARKET_CAP":1381554768,"HKSK_MARKET_CAP":1381554768,"PE_TTM":4.76828122607,"PB_TTM":0.533911940534,"REPORT_DATE_SQ":"2020-12-31 00:00:00","REPORT_TYPE_SQ":"2020年年报","OPERATE_INCOME_SQ":1993190000,"DPS_HKD":0.098,"OPERATE_INCOME_QOQ_SQ":-4.275265223008,"NET_PROFIT_RATIO_SQ":4.7561948434,"HOLDER_PROFIT_SQ":94800000,"HOLDER_PROFIT_QOQ_SQ":-5.992483365231,"ROE_AVG_SQ":7.48886150346,"PE_TTM_SQ":6.162347872218,"PB_TTM_SQ":1.186618191739,"ROA_SQ":4.381771553012,"START_DATE":"2021-01-01 00:00:00","FISCAL_YEAR":"12-31","CURRENCY":"HKD","IS_CNY_CODE":0,"DPS_HKD_LY":0.032,"ORG_TYPE":"一般企业","PREMIUM_INCOME":null,"PREMIUM_INCOME_YOY":null,"NET_INTEREST_INCOME":null,"NET_INTEREST_INCOME_YOY":null,"FEE_COMMISSION_INCOME":null,"FEE_COMMISSION_INCOME_YOY":null,"ACCOUNTS_RECE_TDAYS":3.263761733034,"INVENTORY_TDAYS":5.396845646103,"CURRENT_ASSETS_TDAYS":1.592709617795,"TOTAL_ASSETS_TDAYS":1.292891580193,"PREMIUM_EXPENSE":null,"LOAN_DEPOSIT":null,"LOAN_EQUITY":null,"LOAN_ASSETS":null,"DEPOSIT_EQUITY":null,"DEPOSIT_ASSETS":null,"EQUITY_MULTIPLIER":1.640011335371,"EQUITY_RATIO":0.640229125864},{"SECUCODE":"01760.HK","SECURITY_CODE":"01760","SECURITY_NAME_ABBR":"英恒科技","ORG_CODE":"10916612","STD_REPORT_DATE":"2021-06-30 00:00:00","REPORT_DATE":"2021-06-30 00:00:00","DATE_TYPE_CODE":"002","REPORT_TYPE":"2021年中报","PER_NETCASH_OPERATE":0.093255916947,"PER_OI":1.218169770877,"BPS":1.463007740856,"BASIC_EPS":0.059,"DILUTED_EPS":0.0582,"OPERATE_INCOME":1320569000,"OPERATE_INCOME_YOY":52.7766176642,"GROSS_PROFIT":253271000,"GROSS_PROFIT_YOY":46.912341353628,"HOLDER_PROFIT":63437000,"HOLDER_PROFIT_YOY":41.1310596454,"GROSS_PROFIT_RATIO":19.178929688642,"EPS_TTM":0.104503450409,"OPERATE_INCOME_QOQ":22.887431704955,"NET_PROFIT_RATIO":4.8037626205,"ROE_AVG":4.400109869225,"GROSS_PROFIT_QOQ":22.575269507545,"ROA":2.849536759932,"HOLDER_PROFIT_QOQ":19.502109704641,"ROE_YEARLY":8.80021973845,"ROIC_YEARLY":7.483174153045,"TOTAL_ASSETS":2398065000,"TOTAL_LIABILITIES":806549000,"TAX_EBT":4.943358906737,"OCF_SALES":7.6554121746,"TOTAL_PARENT_EQUITY":1591516000,"DEBT_ASSET_RATIO":33.6333252018,"OPERATE_PROFIT":78198000,"PRETAX_PROFIT":66736000,"NETCASH_OPERATE":101095000,"NETCASH_INVEST":-109163000,"NETCASH_FINANCE":295184000,"END_CASH":673268000,"DIVI_RATIO":0.849824189081,"DIVIDEND_RATE":7.716535433071,"CURRENT_RATIO":2.45405864982,"COMMON_ACS":2400000000,"CURRENTDEBT_DEBT":98.287766769285,"ISSUED_COMMON_SHARES":1087838400,"HK_COMMON_SHARES":1087838400,"PER_SHARES":1000,"TOTAL_MARKET_CAP":1381554768,"HKSK_MARKET_CAP":1381554768,"PE_TTM":4.76828122607,"PB_TTM":0.533911940534,"REPORT_DATE_SQ":"2020-06-30 00:00:00","REPORT_TYPE_SQ":"2020年中报","OPERATE_INCOME_SQ":864379000,"DPS_HKD":0.098,"OPERATE_INCOME_QOQ_SQ":-9.833676799756,"NET_PROFIT_RATIO_SQ":5.2001494715,"HOLDER_PROFIT_SQ":44949000,"HOLDER_PROFIT_QOQ_SQ":-15.053826844349,"ROE_AVG_SQ":3.612314126431,"PE_TTM_SQ":6.162347872218,"PB_TTM_SQ":1.186618191739,"ROA_SQ":2.072238122285,"START_DATE":"2021-01-01 00:00:00","FISCAL_YEAR":"12-31","CURRENCY":"HKD","IS_CNY_CODE":0,"DPS_HKD_LY":0.032,"ORG_TYPE":"一般企业","PREMIUM_INCOME":null,"PREMIUM_INCOME_YOY":null,"NET_INTEREST_INCOME":null,"NET_INTEREST_INCOME_YOY":null,"FEE_COMMISSION_INCOME":null,"FEE_COMMISSION_INCOME_YOY":null,"ACCOUNTS_RECE_TDAYS":1.677767345658,"INVENTORY_TDAYS":2.522286581259,"CURRENT_ASSETS_TDAYS":0.725531751825,"TOTAL_ASSETS_TDAYS":0.59318850348,"PREMIUM_EXPENSE":null,"LOAN_DEPOSIT":null,"LOAN_EQUITY":null,"LOAN_ASSETS":null,"DEPOSIT_EQUITY":null,"DEPOSIT_ASSETS":null,"EQUITY_MULTIPLIER":1.506780327688,"EQUITY_RATIO":0.506780327688},{"SECUCODE":"01760.HK","SECURITY_CODE":"01760","SECURITY_NAME_ABBR":"英恒科技","ORG_CODE":"10916612","STD_REPORT_DATE":"2020-12-31 00:00:00","REPORT_DATE":"2020-12-31 00:00:00","DATE_TYPE_CODE":"001","REPORT_TYPE":"2020年年报","PER_NETCASH_OPERATE":0.129496368156,"PER_OI":1.923974999397,"BPS":1.18759551051,"BASIC_EPS":0.0915,"DILUTED_EPS":0.0915,"OPERATE_INCOME":1993190000,"OPERATE_INCOME_YOY":-13.6885262584,"GROSS_PROFIT":358246000,"GROSS_PROFIT_YOY":-23.143791901314,"HOLDER_PROFIT":94800000,"HOLDER_PROFIT_YOY":-20.1442121401,"GROSS_PROFIT_RATIO":17.973499766706,"EPS_TTM":0.09150799971,"OPERATE_INCOME_QOQ":-4.275265223008,"NET_PROFIT_RATIO":4.7561948434,"ROE_AVG":7.48886150346,"GROSS_PROFIT_QOQ":-10.97531882747,"ROA":4.381771553012,"HOLDER_PROFIT_QOQ":-5.992483365231,"ROE_YEARLY":7.48886150346,"ROIC_YEARLY":5.509345692555,"TOTAL_ASSETS":2054378000,"TOTAL_LIABILITIES":762466000,"TAX_EBT":3.370809422365,"OCF_SALES":6.730667924282,"TOTAL_PARENT_EQUITY":1291912000,"DEBT_ASSET_RATIO":37.1142019628,"OPERATE_PROFIT":120643000,"PRETAX_PROFIT":98107000,"NETCASH_OPERATE":134155000,"NETCASH_INVEST":-156375000,"NETCASH_FINANCE":-53941000,"END_CASH":388261000,"DIVI_RATIO":0.970511433766,"DIVIDEND_RATE":7.716535433071,"CURRENT_RATIO":2.269964722049,"COMMON_ACS":2400000000,"CURRENTDEBT_DEBT":97.924628770332,"ISSUED_COMMON_SHARES":1087838400,"HK_COMMON_SHARES":1087838400,"PER_SHARES":1000,"TOTAL_MARKET_CAP":1381554768,"HKSK_MARKET_CAP":1381554768,"PE_TTM":4.76828122607,"PB_TTM":0.533911940534,"REPORT_DATE_SQ":"2019-12-31 00:00:00","REPORT_TYPE_SQ":"2019年年报","OPERATE_INCOME_SQ":2309299000,"DPS_HKD":0.098,"OPERATE_INCOME_QOQ_SQ":3.448292853809,"NET_PROFIT_RATIO_SQ":5.1406942107,"HOLDER_PROFIT_SQ":118714000,"HOLDER_PROFIT_QOQ_SQ":-23.923227274184,"ROE_AVG_SQ":9.965138719022,"PE_TTM_SQ":6.162347872218,"PB_TTM_SQ":1.186618191739,"ROA_SQ":5.59273266051,"START_DATE":"2020-01-01 00:00:00","FISCAL_YEAR":"12-31","CURRENCY":"HKD","IS_CNY_CODE":0,"DPS_HKD_LY":0.038,"ORG_TYPE":"一般企业","PREMIUM_INCOME":null,"PREMIUM_INCOME_YOY":null,"NET_INTEREST_INCOME":null,"NET_INTEREST_INCOME_YOY":null,"FEE_COMMISSION_INCOME":null,"FEE_COMMISSION_INCOME_YOY":null,"ACCOUNTS_RECE_TDAYS":2.539089072385,"INVENTORY_TDAYS":3.071672944868,"CURRENT_ASSETS_TDAYS":1.068816823171,"TOTAL_ASSETS_TDAYS":0.921276713265,"PREMIUM_EXPENSE":null,"LOAN_DEPOSIT":null,"LOAN_EQUITY":null,"LOAN_ASSETS":null,"DEPOSIT_EQUITY":null,"DEPOSIT_ASSETS":null,"EQUITY_MULTIPLIER":1.590184161149,"EQUITY_RATIO":0.59018416115},{"SECUCODE":"01760.HK","SECURITY_CODE":"01760","SECURITY_NAME_ABBR":"英恒科技","ORG_CODE":"10916612","STD_REPORT_DATE":"2020-06-30 00:00:00","REPORT_DATE":"2020-06-30 00:00:00","DATE_TYPE_CODE":"002","REPORT_TYPE":"2020年中报","PER_NETCASH_OPERATE":0.110518110958,"PER_OI":0.83436279833,"BPS":1.147970139683,"BASIC_EPS":0.0434,"DILUTED_EPS":0.0434,"OPERATE_INCOME":864379000,"OPERATE_INCOME_YOY":-20.8058321453,"GROSS_PROFIT":172396000,"GROSS_PROFIT_YOY":-26.984570685573,"HOLDER_PROFIT":44949000,"HOLDER_PROFIT_YOY":-28.4479465138,"GROSS_PROFIT_RATIO":19.944491941614,"EPS_TTM":0.097341152055,"OPERATE_INCOME_QOQ":-9.833676799756,"NET_PROFIT_RATIO":5.2001494715,"ROE_AVG":3.612314126431,"GROSS_PROFIT_QOQ":-13.668651112899,"ROA":2.072238122285,"HOLDER_PROFIT_QOQ":-15.053826844349,"ROE_YEARLY":7.224628252863,"ROIC_YEARLY":5.347740232052,"TOTAL_ASSETS":2065569000,"TOTAL_LIABILITIES":816763000,"TAX_EBT":5.826524198617,"OCF_SALES":13.245809997698,"TOTAL_PARENT_EQUITY":1248806000,"DEBT_ASSET_RATIO":39.5417921164,"OPERATE_PROFIT":61418000,"PRETAX_PROFIT":47730000,"NETCASH_OPERATE":114494000,"NETCASH_INVEST":-56993000,"NETCASH_FINANCE":-72209000,"END_CASH":478784000,"DIVI_RATIO":0.91235369754,"DIVIDEND_RATE":7.716535433071,"CURRENT_RATIO":2.224230342584,"COMMON_ACS":2400000000,"CURRENTDEBT_DEBT":98.452549882891,"ISSUED_COMMON_SHARES":1087838400,"HK_COMMON_SHARES":1087838400,"PER_SHARES":1000,"TOTAL_MARKET_CAP":1381554768,"HKSK_MARKET_CAP":1381554768,"PE_TTM":4.76828122607,"PB_TTM":0.533911940534,"REPORT_DATE_SQ":"2019-06-30 00:00:00","REPORT_TYPE_SQ":"2019年中报","OPERATE_INCOME_SQ":1091468000,"DPS_HKD":0.098,"OPERATE_INCOME_QOQ_SQ":10.692372154372,"NET_PROFIT_RATIO_SQ":5.7555512392,"HOLDER_PROFIT_SQ":62820000,"HOLDER_PROFIT_QOQ_SQ":-3.83856933335,"ROE_AVG_SQ":5.44177615693,"PE_TTM_SQ":6.162347872218,"PB_TTM_SQ":1.186618191739,"ROA_SQ":2.991403643065,"START_DATE":"2020-01-01 00:00:00","FISCAL_YEAR":"12-31","CURRENCY":"HKD","IS_CNY_CODE":0,"DPS_HKD_LY":0.038,"ORG_TYPE":"一般企业","PREMIUM_INCOME":null,"PREMIUM_INCOME_YOY":null,"NET_INTEREST_INCOME":null,"NET_INTEREST_INCOME_YOY":null,"FEE_COMMISSION_INCOME":null,"FEE_COMMISSION_INCOME_YOY":null,"ACCOUNTS_RECE_TDAYS":1.264156476071,"INVENTORY_TDAYS":1.158346704029,"CURRENT_ASSETS_TDAYS":0.452149764386,"TOTAL_ASSETS_TDAYS":0.398495876638,"PREMIUM_EXPENSE":null,"LOAN_DEPOSIT":null,"LOAN_EQUITY":null,"LOAN_ASSETS":null,"DEPOSIT_EQUITY":null,"DEPOSIT_ASSETS":null,"EQUITY_MULTIPLIER":1.654035134361,"EQUITY_RATIO":0.65403513436}],"count":19},"success":true,"message":"ok","code":0}