{"version":"e83f3379d8dd7200691144d7e9745931","result":{"pages":2,"data":[{"SECUCODE":"01763.HK","SECURITY_CODE":"01763","SECURITY_NAME_ABBR":"中国同辐","ORG_CODE":"10203081","STD_REPORT_DATE":"2024-06-30 00:00:00","REPORT_DATE":"2024-06-30 00:00:00","DATE_TYPE_CODE":"002","REPORT_TYPE":"2024年中报","PER_NETCASH_OPERATE":-0.364086084904,"PER_OI":8.785556478486,"BPS":14.833939768328,"BASIC_EPS":0.48,"DILUTED_EPS":0.48,"OPERATE_INCOME":2810279000,"OPERATE_INCOME_YOY":2.5842832388,"GROSS_PROFIT":1464150000,"GROSS_PROFIT_YOY":-1.436098561882,"HOLDER_PROFIT":154496000,"HOLDER_PROFIT_YOY":23.1897809637,"GROSS_PROFIT_RATIO":52.09980930719,"EPS_TTM":1.250645174098,"OPERATE_INCOME_QOQ":1.067009575897,"NET_PROFIT_RATIO":10.9125464055,"ROE_AVG":3.273801230621,"GROSS_PROFIT_QOQ":-0.61262308532,"ROA":1.147206520638,"HOLDER_PROFIT_QOQ":7.839780896953,"ROE_YEARLY":6.547602461242,"ROIC_YEARLY":3.79284817253,"TOTAL_ASSETS":13742586000,"TOTAL_LIABILITIES":6417582000,"TAX_EBT":21.821537551654,"OCF_SALES":-4.144143695341,"TOTAL_PARENT_EQUITY":4745005000,"DEBT_ASSET_RATIO":46.6985034694,"OPERATE_PROFIT":409429000,"PRETAX_PROFIT":392273000,"NETCASH_OPERATE":-116462000,"NETCASH_INVEST":-333236000,"NETCASH_FINANCE":342919000,"END_CASH":2269731000,"DIVI_RATIO":0.307426579467,"DIVIDEND_RATE":3.621367521368,"CURRENT_RATIO":1.920893195201,"COMMON_ACS":null,"CURRENTDEBT_DEBT":68.786016290871,"ISSUED_COMMON_SHARES":319874900,"HK_COMMON_SHARES":79968800,"PER_SHARES":200,"TOTAL_MARKET_CAP":3742536330,"HKSK_MARKET_CAP":935634960,"PE_TTM":8.45564520845,"PB_TTM":0.719859738328,"REPORT_DATE_SQ":"2023-06-30 00:00:00","REPORT_TYPE_SQ":"2023年中报","OPERATE_INCOME_SQ":2739483000,"DPS_HKD":0.4237,"OPERATE_INCOME_QOQ_SQ":1.968818965691,"NET_PROFIT_RATIO_SQ":10.3505965512,"HOLDER_PROFIT_SQ":125413000,"HOLDER_PROFIT_QOQ_SQ":3.807663334227,"ROE_AVG_SQ":2.844621168315,"PE_TTM_SQ":8.293663573122,"PB_TTM_SQ":0.764244199243,"ROA_SQ":1.080786023411,"START_DATE":"2024-01-01 00:00:00","FISCAL_YEAR":"12-31","CURRENCY":"HKD","IS_CNY_CODE":0,"DPS_HKD_LY":0.4237,"ORG_TYPE":"一般企业","PREMIUM_INCOME":null,"PREMIUM_INCOME_YOY":null,"NET_INTEREST_INCOME":null,"NET_INTEREST_INCOME_YOY":null,"FEE_COMMISSION_INCOME":null,"FEE_COMMISSION_INCOME_YOY":null,"ACCOUNTS_RECE_TDAYS":0.713754188921,"INVENTORY_TDAYS":1.4141830225,"CURRENT_ASSETS_TDAYS":0.337083989992,"TOTAL_ASSETS_TDAYS":0.208676625519,"PREMIUM_EXPENSE":null,"LOAN_DEPOSIT":null,"LOAN_EQUITY":null,"LOAN_ASSETS":null,"DEPOSIT_EQUITY":null,"DEPOSIT_ASSETS":null,"EQUITY_MULTIPLIER":1.876119931128,"EQUITY_RATIO":1.352492147005},{"SECUCODE":"01763.HK","SECURITY_CODE":"01763","SECURITY_NAME_ABBR":"中国同辐","ORG_CODE":"10203081","STD_REPORT_DATE":"2023-12-31 00:00:00","REPORT_DATE":"2023-12-31 00:00:00","DATE_TYPE_CODE":"001","REPORT_TYPE":"2023年年报","PER_NETCASH_OPERATE":0.265594455833,"PER_OI":20.742459005067,"BPS":14.672360976119,"BASIC_EPS":1.16,"DILUTED_EPS":1.16,"OPERATE_INCOME":6634992000,"OPERATE_INCOME_YOY":7.823826543,"GROSS_PROFIT":3482239000,"GROSS_PROFIT_YOY":-1.007566914804,"HOLDER_PROFIT":370967000,"HOLDER_PROFIT_YOY":-5.431903639,"GROSS_PROFIT_RATIO":52.482941953811,"EPS_TTM":1.159725255092,"OPERATE_INCOME_QOQ":5.868876571102,"NET_PROFIT_RATIO":11.6975272917,"ROE_AVG":8.097966607433,"GROSS_PROFIT_QOQ":0.447424776331,"ROA":2.982379483263,"HOLDER_PROFIT_QOQ":-8.744797252753,"ROE_YEARLY":8.097966607433,"ROIC_YEARLY":5.1067730576,"TOTAL_ASSETS":13191710000,"TOTAL_LIABILITIES":6052382000,"TAX_EBT":15.860920583194,"OCF_SALES":1.280438619971,"TOTAL_PARENT_EQUITY":4693320000,"DEBT_ASSET_RATIO":45.8801929394,"OPERATE_PROFIT":941598000,"PRETAX_PROFIT":922437000,"NETCASH_OPERATE":84957000,"NETCASH_INVEST":-429881000,"NETCASH_FINANCE":484365000,"END_CASH":2376459000,"DIVI_RATIO":0.331528149716,"DIVIDEND_RATE":3.952425373134,"CURRENT_RATIO":1.926333140648,"COMMON_ACS":null,"CURRENTDEBT_DEBT":70.285071233111,"ISSUED_COMMON_SHARES":319874900,"HK_COMMON_SHARES":79968800,"PER_SHARES":200,"TOTAL_MARKET_CAP":3429058928,"HKSK_MARKET_CAP":857265536,"PE_TTM":7.747394584153,"PB_TTM":0.659563794434,"REPORT_DATE_SQ":"2022-12-31 00:00:00","REPORT_TYPE_SQ":"2022年年报","OPERATE_INCOME_SQ":6153549000,"DPS_HKD":0.4237,"OPERATE_INCOME_QOQ_SQ":7.725202206955,"NET_PROFIT_RATIO_SQ":12.2769750017,"HOLDER_PROFIT_SQ":392275000,"HOLDER_PROFIT_QOQ_SQ":15.163376396515,"ROE_AVG_SQ":9.060130993107,"PE_TTM_SQ":8.926109322199,"PB_TTM_SQ":0.822522786361,"ROA_SQ":3.534419627006,"START_DATE":"2023-01-01 00:00:00","FISCAL_YEAR":"12-31","CURRENCY":"HKD","IS_CNY_CODE":0,"DPS_HKD_LY":0.4785,"ORG_TYPE":"一般企业","PREMIUM_INCOME":null,"PREMIUM_INCOME_YOY":null,"NET_INTEREST_INCOME":null,"NET_INTEREST_INCOME_YOY":null,"FEE_COMMISSION_INCOME":null,"FEE_COMMISSION_INCOME_YOY":null,"ACCOUNTS_RECE_TDAYS":1.800190302185,"INVENTORY_TDAYS":4.226774214523,"CURRENT_ASSETS_TDAYS":0.844835600333,"TOTAL_ASSETS_TDAYS":0.533418444563,"PREMIUM_EXPENSE":null,"LOAN_DEPOSIT":null,"LOAN_EQUITY":null,"LOAN_ASSETS":null,"DEPOSIT_EQUITY":null,"DEPOSIT_ASSETS":null,"EQUITY_MULTIPLIER":1.847752337476,"EQUITY_RATIO":1.289573691971},{"SECUCODE":"01763.HK","SECURITY_CODE":"01763","SECURITY_NAME_ABBR":"中国同辐","ORG_CODE":"10203081","STD_REPORT_DATE":"2023-06-30 00:00:00","REPORT_DATE":"2023-06-30 00:00:00","DATE_TYPE_CODE":"002","REPORT_TYPE":"2023年中报","PER_NETCASH_OPERATE":-0.91283811265,"PER_OI":8.564232454625,"BPS":13.921792550775,"BASIC_EPS":0.39,"DILUTED_EPS":0.39,"OPERATE_INCOME":2739483000,"OPERATE_INCOME_YOY":4.6193300527,"GROSS_PROFIT":1485483000,"GROSS_PROFIT_YOY":-3.086459219516,"HOLDER_PROFIT":125413000,"HOLDER_PROFIT_YOY":13.3150572393,"GROSS_PROFIT_RATIO":54.179690037094,"EPS_TTM":1.270859326568,"OPERATE_INCOME_QOQ":1.968818965691,"NET_PROFIT_RATIO":10.3505965512,"ROE_AVG":2.844621168315,"GROSS_PROFIT_QOQ":-1.364306669258,"ROA":1.080786023411,"HOLDER_PROFIT_QOQ":3.807663334227,"ROE_YEARLY":5.68924233663,"ROIC_YEARLY":3.567217925905,"TOTAL_ASSETS":11796814000,"TOTAL_LIABILITIES":5301308000,"TAX_EBT":19.169822346222,"OCF_SALES":-10.654436678871,"TOTAL_PARENT_EQUITY":4453232000,"DEBT_ASSET_RATIO":44.9384723706,"OPERATE_PROFIT":339708000,"PRETAX_PROFIT":349106000,"NETCASH_OPERATE":-291579000,"NETCASH_INVEST":-68993000,"NETCASH_FINANCE":-176498000,"END_CASH":1699759000,"DIVI_RATIO":0.302536685188,"DIVIDEND_RATE":3.952425373134,"CURRENT_RATIO":1.833269419895,"COMMON_ACS":null,"CURRENTDEBT_DEBT":76.588249541434,"ISSUED_COMMON_SHARES":319874900,"HK_COMMON_SHARES":79968800,"PER_SHARES":200,"TOTAL_MARKET_CAP":3429058928,"HKSK_MARKET_CAP":857265536,"PE_TTM":7.747394584153,"PB_TTM":0.659563794434,"REPORT_DATE_SQ":"2022-06-30 00:00:00","REPORT_TYPE_SQ":"2022年中报","OPERATE_INCOME_SQ":2619579000,"DPS_HKD":0.4237,"OPERATE_INCOME_QOQ_SQ":10.920614639984,"NET_PROFIT_RATIO_SQ":9.1418124821,"HOLDER_PROFIT_SQ":111986000,"HOLDER_PROFIT_QOQ_SQ":1.278328284949,"ROE_AVG_SQ":2.659766489422,"PE_TTM_SQ":8.926109322199,"PB_TTM_SQ":0.822522786361,"ROA_SQ":1.040708958976,"START_DATE":"2023-01-01 00:00:00","FISCAL_YEAR":"12-31","CURRENCY":"HKD","IS_CNY_CODE":0,"DPS_HKD_LY":0.4785,"ORG_TYPE":"一般企业","PREMIUM_INCOME":null,"PREMIUM_INCOME_YOY":null,"NET_INTEREST_INCOME":null,"NET_INTEREST_INCOME_YOY":null,"FEE_COMMISSION_INCOME":null,"FEE_COMMISSION_INCOME_YOY":null,"ACCOUNTS_RECE_TDAYS":0.773142017009,"INVENTORY_TDAYS":1.659591705114,"CURRENT_ASSETS_TDAYS":0.366483749252,"TOTAL_ASSETS_TDAYS":0.233416632762,"PREMIUM_EXPENSE":null,"LOAN_DEPOSIT":null,"LOAN_EQUITY":null,"LOAN_ASSETS":null,"DEPOSIT_EQUITY":null,"DEPOSIT_ASSETS":null,"EQUITY_MULTIPLIER":1.816150119791,"EQUITY_RATIO":1.190440560923},{"SECUCODE":"01763.HK","SECURITY_CODE":"01763","SECURITY_NAME_ABBR":"中国同辐","ORG_CODE":"10203081","STD_REPORT_DATE":"2022-12-31 00:00:00","REPORT_DATE":"2022-12-31 00:00:00","DATE_TYPE_CODE":"001","REPORT_TYPE":"2022年年报","PER_NETCASH_OPERATE":2.696863680145,"PER_OI":19.237361230906,"BPS":13.959479158884,"BASIC_EPS":1.23,"DILUTED_EPS":1.23,"OPERATE_INCOME":6153549000,"OPERATE_INCOME_YOY":19.4894564101,"GROSS_PROFIT":3517682000,"GROSS_PROFIT_YOY":8.506667686643,"HOLDER_PROFIT":392275000,"HOLDER_PROFIT_YOY":16.6355424109,"GROSS_PROFIT_RATIO":57.184846112344,"EPS_TTM":1.224244227978,"OPERATE_INCOME_QOQ":7.725202206955,"NET_PROFIT_RATIO":12.2769750017,"ROE_AVG":9.060130993107,"GROSS_PROFIT_QOQ":1.949280024412,"ROA":3.534419627006,"HOLDER_PROFIT_QOQ":15.163376396515,"ROE_YEARLY":9.060130993107,"ROIC_YEARLY":6.241695411544,"TOTAL_ASSETS":11789723000,"TOTAL_LIABILITIES":5180115000,"TAX_EBT":17.979719654689,"OCF_SALES":14.03571198463,"TOTAL_PARENT_EQUITY":4468659000,"DEBT_ASSET_RATIO":43.9197247196,"OPERATE_PROFIT":913963000,"PRETAX_PROFIT":920793000,"NETCASH_OPERATE":863118000,"NETCASH_INVEST":-530899000,"NETCASH_FINANCE":-238498000,"END_CASH":2236829000,"DIVI_RATIO":0.314056263622,"DIVIDEND_RATE":3.952425373134,"CURRENT_RATIO":1.883928190802,"COMMON_ACS":null,"CURRENTDEBT_DEBT":77.824778021337,"ISSUED_COMMON_SHARES":319874900,"HK_COMMON_SHARES":79968800,"PER_SHARES":200,"TOTAL_MARKET_CAP":3429058928,"HKSK_MARKET_CAP":857265536,"PE_TTM":7.747394584153,"PB_TTM":0.659563794434,"REPORT_DATE_SQ":"2021-12-31 00:00:00","REPORT_TYPE_SQ":"2021年年报","OPERATE_INCOME_SQ":5143694000,"DPS_HKD":0.4237,"OPERATE_INCOME_QOQ_SQ":6.835245432438,"NET_PROFIT_RATIO_SQ":13.0847013839,"HOLDER_PROFIT_SQ":335751000,"HOLDER_PROFIT_QOQ_SQ":35.126291896069,"ROE_AVG_SQ":8.320463397009,"PE_TTM_SQ":8.926109322199,"PB_TTM_SQ":0.822522786361,"ROA_SQ":3.415703337766,"START_DATE":"2022-01-01 00:00:00","FISCAL_YEAR":"12-31","CURRENCY":"HKD","IS_CNY_CODE":0,"DPS_HKD_LY":0.44,"ORG_TYPE":"一般企业","PREMIUM_INCOME":null,"PREMIUM_INCOME_YOY":null,"NET_INTEREST_INCOME":null,"NET_INTEREST_INCOME_YOY":null,"FEE_COMMISSION_INCOME":null,"FEE_COMMISSION_INCOME_YOY":null,"ACCOUNTS_RECE_TDAYS":1.948483007153,"INVENTORY_TDAYS":3.842832619843,"CURRENT_ASSETS_TDAYS":0.867521917336,"TOTAL_ASSETS_TDAYS":0.554720980267,"PREMIUM_EXPENSE":null,"LOAN_DEPOSIT":null,"LOAN_EQUITY":null,"LOAN_ASSETS":null,"DEPOSIT_EQUITY":null,"DEPOSIT_ASSETS":null,"EQUITY_MULTIPLIER":1.783158151418,"EQUITY_RATIO":1.159210179161},{"SECUCODE":"01763.HK","SECURITY_CODE":"01763","SECURITY_NAME_ABBR":"中国同辐","ORG_CODE":"10203081","STD_REPORT_DATE":"2022-06-30 00:00:00","REPORT_DATE":"2022-06-30 00:00:00","DATE_TYPE_CODE":"002","REPORT_TYPE":"2022年中报","PER_NETCASH_OPERATE":-0.272978592569,"PER_OI":8.189385913055,"BPS":13.052846597217,"BASIC_EPS":0.35,"DILUTED_EPS":0.35,"OPERATE_INCOME":2619579000,"OPERATE_INCOME_YOY":27.2965163743,"GROSS_PROFIT":1532792000,"GROSS_PROFIT_YOY":15.489090714562,"HOLDER_PROFIT":111986000,"HOLDER_PROFIT_YOY":4.0181998614,"GROSS_PROFIT_RATIO":58.512913716288,"EPS_TTM":1.063049961094,"OPERATE_INCOME_QOQ":10.920614639984,"NET_PROFIT_RATIO":9.1418124821,"ROE_AVG":2.659766489422,"GROSS_PROFIT_QOQ":6.341150138931,"ROA":1.040708958976,"HOLDER_PROFIT_QOQ":1.278328284949,"ROE_YEARLY":5.319532978845,"ROIC_YEARLY":3.614110893378,"TOTAL_ASSETS":10878015000,"TOTAL_LIABILITIES":4746627000,"TAX_EBT":22.918382322312,"OCF_SALES":-3.333321881111,"TOTAL_PARENT_EQUITY":4175278000,"DEBT_ASSET_RATIO":43.6350473869,"OPERATE_PROFIT":323963000,"PRETAX_PROFIT":312077000,"NETCASH_OPERATE":-87319000,"NETCASH_INVEST":-54963000,"NETCASH_FINANCE":-57616000,"END_CASH":1942306000,"DIVI_RATIO":0.361677796972,"DIVIDEND_RATE":3.952425373134,"CURRENT_RATIO":1.644201437599,"COMMON_ACS":null,"CURRENTDEBT_DEBT":89.250092750073,"ISSUED_COMMON_SHARES":319874900,"HK_COMMON_SHARES":79968800,"PER_SHARES":200,"TOTAL_MARKET_CAP":3429058928,"HKSK_MARKET_CAP":857265536,"PE_TTM":7.747394584153,"PB_TTM":0.659563794434,"REPORT_DATE_SQ":"2021-06-30 00:00:00","REPORT_TYPE_SQ":"2021年中报","OPERATE_INCOME_SQ":2057856000,"DPS_HKD":0.4237,"OPERATE_INCOME_QOQ_SQ":12.643843279523,"NET_PROFIT_RATIO_SQ":11.1246365149,"HOLDER_PROFIT_SQ":106814000,"HOLDER_PROFIT_QOQ_SQ":16.335646262325,"ROE_AVG_SQ":2.725907052373,"PE_TTM_SQ":8.926109322199,"PB_TTM_SQ":0.822522786361,"ROA_SQ":1.138036070056,"START_DATE":"2022-01-01 00:00:00","FISCAL_YEAR":"12-31","CURRENCY":"HKD","IS_CNY_CODE":0,"DPS_HKD_LY":0.44,"ORG_TYPE":"一般企业","PREMIUM_INCOME":null,"PREMIUM_INCOME_YOY":null,"NET_INTEREST_INCOME":null,"NET_INTEREST_INCOME_YOY":null,"FEE_COMMISSION_INCOME":null,"FEE_COMMISSION_INCOME_YOY":null,"ACCOUNTS_RECE_TDAYS":0.868998633263,"INVENTORY_TDAYS":1.414772231704,"CURRENT_ASSETS_TDAYS":0.384603689926,"TOTAL_ASSETS_TDAYS":0.245371027131,"PREMIUM_EXPENSE":null,"LOAN_DEPOSIT":null,"LOAN_EQUITY":null,"LOAN_ASSETS":null,"DEPOSIT_EQUITY":null,"DEPOSIT_ASSETS":null,"EQUITY_MULTIPLIER":1.774152116944,"EQUITY_RATIO":1.136840948076},{"SECUCODE":"01763.HK","SECURITY_CODE":"01763","SECURITY_NAME_ABBR":"中国同辐","ORG_CODE":"10203081","STD_REPORT_DATE":"2021-12-31 00:00:00","REPORT_DATE":"2021-12-31 00:00:00","DATE_TYPE_CODE":"001","REPORT_TYPE":"2021年年报","PER_NETCASH_OPERATE":2.483195774348,"PER_OI":16.08033015407,"BPS":13.065389000512,"BASIC_EPS":1.05,"DILUTED_EPS":1.05,"OPERATE_INCOME":5143694000,"OPERATE_INCOME_YOY":20.3433264322,"GROSS_PROFIT":3241904000,"GROSS_PROFIT_YOY":23.926609727036,"HOLDER_PROFIT":335751000,"HOLDER_PROFIT_YOY":57.2000449476,"GROSS_PROFIT_RATIO":63.02676636674,"EPS_TTM":1.049632215594,"OPERATE_INCOME_QOQ":6.835245432438,"NET_PROFIT_RATIO":13.0847013839,"ROE_AVG":8.320463397009,"GROSS_PROFIT_QOQ":4.711071892642,"ROA":3.415703337766,"HOLDER_PROFIT_QOQ":35.126291896069,"ROE_YEARLY":8.320463397009,"ROIC_YEARLY":6.167320608883,"TOTAL_ASSETS":10473968000,"TOTAL_LIABILITIES":4442580000,"TAX_EBT":16.151059328897,"OCF_SALES":15.442442726959,"TOTAL_PARENT_EQUITY":4179290000,"DEBT_ASSET_RATIO":42.4154436981,"OPERATE_PROFIT":777821000,"PRETAX_PROFIT":802678000,"NETCASH_OPERATE":794312000,"NETCASH_INVEST":-907356000,"NETCASH_FINANCE":-97436000,"END_CASH":2141450000,"DIVI_RATIO":0.366301226551,"DIVIDEND_RATE":3.952425373134,"CURRENT_RATIO":1.676069363405,"COMMON_ACS":null,"CURRENTDEBT_DEBT":89.399898257319,"ISSUED_COMMON_SHARES":319874900,"HK_COMMON_SHARES":79968800,"PER_SHARES":200,"TOTAL_MARKET_CAP":3429058928,"HKSK_MARKET_CAP":857265536,"PE_TTM":7.747394584153,"PB_TTM":0.659563794434,"REPORT_DATE_SQ":"2020-12-31 00:00:00","REPORT_TYPE_SQ":"2020年年报","OPERATE_INCOME_SQ":4274183000,"DPS_HKD":0.4237,"OPERATE_INCOME_QOQ_SQ":10.978537451705,"NET_PROFIT_RATIO_SQ":11.1254712304,"HOLDER_PROFIT_SQ":213582000,"HOLDER_PROFIT_QOQ_SQ":-15.622592611614,"ROE_AVG_SQ":5.583446092199,"PE_TTM_SQ":8.926109322199,"PB_TTM_SQ":0.822522786361,"ROA_SQ":2.369360258752,"START_DATE":"2021-01-01 00:00:00","FISCAL_YEAR":"12-31","CURRENCY":"HKD","IS_CNY_CODE":0,"DPS_HKD_LY":0.213532,"ORG_TYPE":"一般企业","PREMIUM_INCOME":null,"PREMIUM_INCOME_YOY":null,"NET_INTEREST_INCOME":null,"NET_INTEREST_INCOME_YOY":null,"FEE_COMMISSION_INCOME":null,"FEE_COMMISSION_INCOME_YOY":null,"ACCOUNTS_RECE_TDAYS":1.982287454561,"INVENTORY_TDAYS":2.967031424052,"CURRENT_ASSETS_TDAYS":0.827765858356,"TOTAL_ASSETS_TDAYS":0.523284599726,"PREMIUM_EXPENSE":null,"LOAN_DEPOSIT":null,"LOAN_EQUITY":null,"LOAN_ASSETS":null,"DEPOSIT_EQUITY":null,"DEPOSIT_ASSETS":null,"EQUITY_MULTIPLIER":1.736576721643,"EQUITY_RATIO":1.06299873902},{"SECUCODE":"01763.HK","SECURITY_CODE":"01763","SECURITY_NAME_ABBR":"中国同辐","ORG_CODE":"10203081","STD_REPORT_DATE":"2021-06-30 00:00:00","REPORT_DATE":"2021-06-30 00:00:00","DATE_TYPE_CODE":"002","REPORT_TYPE":"2021年中报","PER_NETCASH_OPERATE":0.094036762497,"PER_OI":6.433315024092,"BPS":12.335300456522,"BASIC_EPS":0.33,"DILUTED_EPS":0.33,"OPERATE_INCOME":2057856000,"OPERATE_INCOME_YOY":35.6141119718,"GROSS_PROFIT":1327218000,"GROSS_PROFIT_YOY":56.667115225259,"HOLDER_PROFIT":106814000,"HOLDER_PROFIT_YOY":48.5095378455,"GROSS_PROFIT_RATIO":64.495183336443,"EPS_TTM":0.776778671912,"OPERATE_INCOME_QOQ":12.643843279523,"NET_PROFIT_RATIO":11.1246365149,"ROE_AVG":2.725907052373,"GROSS_PROFIT_QOQ":18.351008625043,"ROA":1.138036070056,"HOLDER_PROFIT_QOQ":16.335646262325,"ROE_YEARLY":5.451814104746,"ROIC_YEARLY":4.07529299729,"TOTAL_ASSETS":9586345000,"TOTAL_LIABILITIES":3908471000,"TAX_EBT":17.742572976702,"OCF_SALES":1.461715494184,"TOTAL_PARENT_EQUITY":3945753000,"DEBT_ASSET_RATIO":40.7712324144,"OPERATE_PROFIT":272243000,"PRETAX_PROFIT":278308000,"NETCASH_OPERATE":30080000,"NETCASH_INVEST":-394510000,"NETCASH_FINANCE":11771000,"END_CASH":1999033000,"DIVI_RATIO":0.494969264609,"DIVIDEND_RATE":3.952425373134,"CURRENT_RATIO":2.006888972706,"COMMON_ACS":null,"CURRENTDEBT_DEBT":76.177282625354,"ISSUED_COMMON_SHARES":319874900,"HK_COMMON_SHARES":79968800,"PER_SHARES":200,"TOTAL_MARKET_CAP":3429058928,"HKSK_MARKET_CAP":857265536,"PE_TTM":7.747394584153,"PB_TTM":0.659563794434,"REPORT_DATE_SQ":"2020-06-30 00:00:00","REPORT_TYPE_SQ":"2020年中报","OPERATE_INCOME_SQ":1517435000,"DPS_HKD":0.4237,"OPERATE_INCOME_QOQ_SQ":-3.448165210293,"NET_PROFIT_RATIO_SQ":8.8169839235,"HOLDER_PROFIT_SQ":71924000,"HOLDER_PROFIT_QOQ_SQ":-23.068717138255,"ROE_AVG_SQ":1.91100656779,"PE_TTM_SQ":8.926109322199,"PB_TTM_SQ":0.822522786361,"ROA_SQ":0.813734605579,"START_DATE":"2021-01-01 00:00:00","FISCAL_YEAR":"12-31","CURRENCY":"HKD","IS_CNY_CODE":0,"DPS_HKD_LY":0.213532,"ORG_TYPE":"一般企业","PREMIUM_INCOME":null,"PREMIUM_INCOME_YOY":null,"NET_INTEREST_INCOME":null,"NET_INTEREST_INCOME_YOY":null,"FEE_COMMISSION_INCOME":null,"FEE_COMMISSION_INCOME_YOY":null,"ACCOUNTS_RECE_TDAYS":0.836011628606,"INVENTORY_TDAYS":1.135780590914,"CURRENT_ASSETS_TDAYS":0.350381905544,"TOTAL_ASSETS_TDAYS":0.219251629466,"PREMIUM_EXPENSE":null,"LOAN_DEPOSIT":null,"LOAN_EQUITY":null,"LOAN_ASSETS":null,"DEPOSIT_EQUITY":null,"DEPOSIT_ASSETS":null,"EQUITY_MULTIPLIER":1.688368745061,"EQUITY_RATIO":0.990551359905},{"SECUCODE":"01763.HK","SECURITY_CODE":"01763","SECURITY_NAME_ABBR":"中国同辐","ORG_CODE":"10203081","STD_REPORT_DATE":"2020-12-31 00:00:00","REPORT_DATE":"2020-12-31 00:00:00","DATE_TYPE_CODE":"001","REPORT_TYPE":"2020年年报","PER_NETCASH_OPERATE":0.912584888655,"PER_OI":13.362045599702,"BPS":12.164749406721,"BASIC_EPS":0.67,"DILUTED_EPS":0.67,"OPERATE_INCOME":4274183000,"OPERATE_INCOME_YOY":7.1518141324,"GROSS_PROFIT":2615987000,"GROSS_PROFIT_YOY":-7.540309055828,"HOLDER_PROFIT":213582000,"HOLDER_PROFIT_YOY":-35.0873780506,"GROSS_PROFIT_RATIO":61.204375198722,"EPS_TTM":0.667704780838,"OPERATE_INCOME_QOQ":10.978537451705,"NET_PROFIT_RATIO":11.1254712304,"ROE_AVG":5.583446092199,"GROSS_PROFIT_QOQ":5.218772473731,"ROA":2.369360258752,"HOLDER_PROFIT_QOQ":-15.622592611614,"ROE_YEARLY":5.583446092199,"ROIC_YEARLY":4.328433812902,"TOTAL_ASSETS":9185292000,"TOTAL_LIABILITIES":3679682000,"TAX_EBT":20.236076375085,"OCF_SALES":6.829679496643,"TOTAL_PARENT_EQUITY":3891198000,"DEBT_ASSET_RATIO":40.0605881664,"OPERATE_PROFIT":614775000,"PRETAX_PROFIT":596163000,"NETCASH_OPERATE":291913000,"NETCASH_INVEST":-423897000,"NETCASH_FINANCE":-156248000,"END_CASH":2351602000,"DIVI_RATIO":0.575825692782,"DIVIDEND_RATE":3.952425373134,"CURRENT_RATIO":2.081804897176,"COMMON_ACS":null,"CURRENTDEBT_DEBT":75.337189463655,"ISSUED_COMMON_SHARES":319874900,"HK_COMMON_SHARES":79968800,"PER_SHARES":200,"TOTAL_MARKET_CAP":3429058928,"HKSK_MARKET_CAP":857265536,"PE_TTM":7.747394584153,"PB_TTM":0.659563794434,"REPORT_DATE_SQ":"2019-12-31 00:00:00","REPORT_TYPE_SQ":"2019年年报","OPERATE_INCOME_SQ":3988904000,"DPS_HKD":0.4237,"OPERATE_INCOME_QOQ_SQ":13.335367679692,"NET_PROFIT_RATIO_SQ":15.6665841043,"HOLDER_PROFIT_SQ":329030000,"HOLDER_PROFIT_QOQ_SQ":-6.855015640703,"ROE_AVG_SQ":9.06244099794,"PE_TTM_SQ":8.926109322199,"PB_TTM_SQ":0.822522786361,"ROA_SQ":4.189287605932,"START_DATE":"2020-01-01 00:00:00","FISCAL_YEAR":"12-31","CURRENCY":"HKD","IS_CNY_CODE":0,"DPS_HKD_LY":0.1522,"ORG_TYPE":"一般企业","PREMIUM_INCOME":null,"PREMIUM_INCOME_YOY":null,"NET_INTEREST_INCOME":null,"NET_INTEREST_INCOME_YOY":null,"FEE_COMMISSION_INCOME":null,"FEE_COMMISSION_INCOME_YOY":null,"ACCOUNTS_RECE_TDAYS":1.876185405184,"INVENTORY_TDAYS":3.206136182809,"CURRENT_ASSETS_TDAYS":0.749100469456,"TOTAL_ASSETS_TDAYS":0.474154158067,"PREMIUM_EXPENSE":null,"LOAN_DEPOSIT":null,"LOAN_EQUITY":null,"LOAN_ASSETS":null,"DEPOSIT_EQUITY":null,"DEPOSIT_ASSETS":null,"EQUITY_MULTIPLIER":1.66835137251,"EQUITY_RATIO":0.94564244739},{"SECUCODE":"01763.HK","SECURITY_CODE":"01763","SECURITY_NAME_ABBR":"中国同辐","ORG_CODE":"10203081","STD_REPORT_DATE":"2020-06-30 00:00:00","REPORT_DATE":"2020-06-30 00:00:00","DATE_TYPE_CODE":"002","REPORT_TYPE":"2020年中报","PER_NETCASH_OPERATE":-0.512506608052,"PER_OI":4.743838919528,"BPS":11.779592584476,"BASIC_EPS":0.22,"DILUTED_EPS":0.22,"OPERATE_INCOME":1517435000,"OPERATE_INCOME_YOY":-8.3109211658,"GROSS_PROFIT":847158000,"GROSS_PROFIT_YOY":-28.82514499067,"HOLDER_PROFIT":71924000,"HOLDER_PROFIT_YOY":-51.3458299228,"GROSS_PROFIT_RATIO":55.828289185369,"EPS_TTM":0.791331236055,"OPERATE_INCOME_QOQ":-3.448165210293,"NET_PROFIT_RATIO":8.8169839235,"ROE_AVG":1.91100656779,"GROSS_PROFIT_QOQ":-12.126240621886,"ROA":0.813734605579,"HOLDER_PROFIT_QOQ":-23.068717138255,"ROE_YEARLY":3.82201313558,"ROIC_YEARLY":2.938017887743,"TOTAL_ASSETS":8834136000,"TOTAL_LIABILITIES":3583630000,"TAX_EBT":18.60265621863,"OCF_SALES":-10.803625855473,"TOTAL_PARENT_EQUITY":3767996000,"DEBT_ASSET_RATIO":40.5657101045,"OPERATE_PROFIT":168723000,"PRETAX_PROFIT":164369000,"NETCASH_OPERATE":-163938000,"NETCASH_INVEST":-256630000,"NETCASH_FINANCE":13781000,"END_CASH":2232202000,"DIVI_RATIO":0.485866790646,"DIVIDEND_RATE":3.952425373134,"CURRENT_RATIO":2.045531651927,"COMMON_ACS":null,"CURRENTDEBT_DEBT":74.731905916626,"ISSUED_COMMON_SHARES":319874900,"HK_COMMON_SHARES":79968800,"PER_SHARES":200,"TOTAL_MARKET_CAP":3429058928,"HKSK_MARKET_CAP":857265536,"PE_TTM":7.747394584153,"PB_TTM":0.659563794434,"REPORT_DATE_SQ":"2019-06-30 00:00:00","REPORT_TYPE_SQ":"2019年中报","OPERATE_INCOME_SQ":1654979000,"DPS_HKD":0.4237,"OPERATE_INCOME_QOQ_SQ":8.694791475899,"NET_PROFIT_RATIO_SQ":16.9945358823,"HOLDER_PROFIT_SQ":147827000,"HOLDER_PROFIT_QOQ_SQ":9.380370396747,"ROE_AVG_SQ":4.184231639553,"PE_TTM_SQ":8.926109322199,"PB_TTM_SQ":0.822522786361,"ROA_SQ":2.088917954433,"START_DATE":"2020-01-01 00:00:00","FISCAL_YEAR":"12-31","CURRENCY":"HKD","IS_CNY_CODE":0,"DPS_HKD_LY":0.1522,"ORG_TYPE":"一般企业","PREMIUM_INCOME":null,"PREMIUM_INCOME_YOY":null,"NET_INTEREST_INCOME":null,"NET_INTEREST_INCOME_YOY":null,"FEE_COMMISSION_INCOME":null,"FEE_COMMISSION_INCOME_YOY":null,"ACCOUNTS_RECE_TDAYS":0.72905638766,"INVENTORY_TDAYS":1.119543748972,"CURRENT_ASSETS_TDAYS":0.272955261661,"TOTAL_ASSETS_TDAYS":0.171679741285,"PREMIUM_EXPENSE":null,"LOAN_DEPOSIT":null,"LOAN_EQUITY":null,"LOAN_ASSETS":null,"DEPOSIT_EQUITY":null,"DEPOSIT_ASSETS":null,"EQUITY_MULTIPLIER":1.682530407545,"EQUITY_RATIO":0.951070542538}],"count":18},"success":true,"message":"ok","code":0}