{"version":"02870c558eda7f601306a4e24aef664f","result":{"pages":3,"data":[{"SECUCODE":"01765.HK","SECURITY_CODE":"01765","SECURITY_NAME_ABBR":"希教国际控股","ORG_CODE":"10920225","STD_REPORT_DATE":"2024-12-31 00:00:00","REPORT_DATE":"2024-08-31 00:00:00","DATE_TYPE_CODE":"001","REPORT_TYPE":"2024年年报","PER_NETCASH_OPERATE":0.181104508311,"PER_OI":0.453748021532,"BPS":1.11265181075,"BASIC_EPS":0.0741,"DILUTED_EPS":0.0454,"OPERATE_INCOME":3732066000,"OPERATE_INCOME_YOY":4.2001523328,"GROSS_PROFIT":1573565000,"GROSS_PROFIT_YOY":-6.345562564056,"HOLDER_PROFIT":609562000,"HOLDER_PROFIT_YOY":190.1308430787,"GROSS_PROFIT_RATIO":42.163375460134,"EPS_TTM":0.07411110937,"OPERATE_INCOME_QOQ":0,"NET_PROFIT_RATIO":16.4275497807,"ROE_AVG":6.930385643839,"GROSS_PROFIT_QOQ":0,"ROA":2.73450933537,"HOLDER_PROFIT_QOQ":0,"ROE_YEARLY":6.930385643839,"ROIC_YEARLY":3.109798468058,"TOTAL_ASSETS":22281511000,"TOTAL_LIABILITIES":13127021000,"TAX_EBT":19.017490004108,"OCF_SALES":39.913013328275,"TOTAL_PARENT_EQUITY":9151533000,"DEBT_ASSET_RATIO":58.9144111456,"OPERATE_PROFIT":1019291000,"PRETAX_PROFIT":757061000,"NETCASH_OPERATE":1489580000,"NETCASH_INVEST":-972453000,"NETCASH_FINANCE":-864121000,"END_CASH":2549299000,"DIVI_RATIO":null,"DIVIDEND_RATE":null,"CURRENT_RATIO":0.540865046893,"COMMON_ACS":10000000000,"CURRENTDEBT_DEBT":56.60839576626,"ISSUED_COMMON_SHARES":8224974706,"HK_COMMON_SHARES":8224974706,"PER_SHARES":2000,"TOTAL_MARKET_CAP":1464045497.668,"HKSK_MARKET_CAP":1464045497.668,"PE_TTM":2.190969226892,"PB_TTM":0.145935285802,"REPORT_DATE_SQ":"2023-12-31 00:00:00","REPORT_TYPE_SQ":"2023年年报","OPERATE_INCOME_SQ":3581632000,"DPS_HKD":null,"OPERATE_INCOME_QOQ_SQ":0,"NET_PROFIT_RATIO_SQ":5.8847195915,"HOLDER_PROFIT_SQ":210099000,"HOLDER_PROFIT_QOQ_SQ":0,"ROE_AVG_SQ":2.547820829741,"PE_TTM_SQ":11.646498258311,"PB_TTM_SQ":0.289937530113,"ROA_SQ":0.941842326775,"START_DATE":"2023-09-01 00:00:00","FISCAL_YEAR":"8-31","CURRENCY":"HKD","IS_CNY_CODE":0,"DPS_HKD_LY":null,"ORG_TYPE":"一般企业","PREMIUM_INCOME":null,"PREMIUM_INCOME_YOY":null,"NET_INTEREST_INCOME":null,"NET_INTEREST_INCOME_YOY":null,"FEE_COMMISSION_INCOME":null,"FEE_COMMISSION_INCOME_YOY":null,"ACCOUNTS_RECE_TDAYS":39.645049236751,"INVENTORY_TDAYS":null,"CURRENT_ASSETS_TDAYS":0.914643260513,"TOTAL_ASSETS_TDAYS":0.167421350367,"PREMIUM_EXPENSE":null,"LOAN_DEPOSIT":null,"LOAN_EQUITY":null,"LOAN_ASSETS":null,"DEPOSIT_EQUITY":null,"DEPOSIT_ASSETS":null,"EQUITY_MULTIPLIER":2.433943452883,"EQUITY_RATIO":1.434406781902},{"SECUCODE":"01765.HK","SECURITY_CODE":"01765","SECURITY_NAME_ABBR":"希教国际控股","ORG_CODE":"10920225","STD_REPORT_DATE":"2024-06-30 00:00:00","REPORT_DATE":"2024-02-29 00:00:00","DATE_TYPE_CODE":"002","REPORT_TYPE":"2024年中报","PER_NETCASH_OPERATE":-0.006333271756,"PER_OI":0.248288666287,"BPS":1.047803222266,"BASIC_EPS":0.027,"DILUTED_EPS":0.027,"OPERATE_INCOME":2042168000,"OPERATE_INCOME_YOY":5.5476163034,"GROSS_PROFIT":898958000,"GROSS_PROFIT_YOY":-7.570238076878,"HOLDER_PROFIT":223866000,"HOLDER_PROFIT_YOY":-47.7445513262,"GROSS_PROFIT_RATIO":44.019786814797,"EPS_TTM":0.000675746759,"OPERATE_INCOME_QOQ":0,"NET_PROFIT_RATIO":11.7380156775,"ROE_AVG":2.624821047719,"GROSS_PROFIT_QOQ":0,"ROA":1.016452965724,"HOLDER_PROFIT_QOQ":0,"ROE_YEARLY":5.249642095439,"ROIC_YEARLY":2.31758333037,"TOTAL_ASSETS":21747067000,"TOTAL_LIABILITIES":13111498000,"TAX_EBT":28.276708107057,"OCF_SALES":-2.550769574296,"TOTAL_PARENT_EQUITY":8618155000,"DEBT_ASSET_RATIO":60.2908796851,"OPERATE_PROFIT":461280000,"PRETAX_PROFIT":334215000,"NETCASH_OPERATE":-52091000,"NETCASH_INVEST":-381771000,"NETCASH_FINANCE":136207000,"END_CASH":2565268000,"DIVI_RATIO":null,"DIVIDEND_RATE":null,"CURRENT_RATIO":0.379308664748,"COMMON_ACS":10000000000,"CURRENTDEBT_DEBT":80.460562172225,"ISSUED_COMMON_SHARES":8224974706,"HK_COMMON_SHARES":8224974706,"PER_SHARES":2000,"TOTAL_MARKET_CAP":1250196155.312,"HKSK_MARKET_CAP":1250196155.312,"PE_TTM":1.870940013975,"PB_TTM":0.124618895741,"REPORT_DATE_SQ":"2023-06-30 00:00:00","REPORT_TYPE_SQ":"2023年中报","OPERATE_INCOME_SQ":1934831000,"DPS_HKD":null,"OPERATE_INCOME_QOQ_SQ":0,"NET_PROFIT_RATIO_SQ":22.1444663642,"HOLDER_PROFIT_SQ":428407000,"HOLDER_PROFIT_QOQ_SQ":0,"ROE_AVG_SQ":5.16331830825,"PE_TTM_SQ":6.996560454099,"PB_TTM_SQ":0.347925036135,"ROA_SQ":1.923475352474,"START_DATE":"2023-09-01 00:00:00","FISCAL_YEAR":"8-31","CURRENCY":"HKD","IS_CNY_CODE":0,"DPS_HKD_LY":null,"ORG_TYPE":"一般企业","PREMIUM_INCOME":null,"PREMIUM_INCOME_YOY":null,"NET_INTEREST_INCOME":null,"NET_INTEREST_INCOME_YOY":null,"FEE_COMMISSION_INCOME":null,"FEE_COMMISSION_INCOME_YOY":null,"ACCOUNTS_RECE_TDAYS":24.022255812449,"INVENTORY_TDAYS":null,"CURRENT_ASSETS_TDAYS":0.501571026021,"TOTAL_ASSETS_TDAYS":0.092723670415,"PREMIUM_EXPENSE":null,"LOAN_DEPOSIT":null,"LOAN_EQUITY":null,"LOAN_ASSETS":null,"DEPOSIT_EQUITY":null,"DEPOSIT_ASSETS":null,"EQUITY_MULTIPLIER":2.518313153426,"EQUITY_RATIO":1.521381084466},{"SECUCODE":"01765.HK","SECURITY_CODE":"01765","SECURITY_NAME_ABBR":"希教国际控股","ORG_CODE":"10920225","STD_REPORT_DATE":"2023-12-31 00:00:00","REPORT_DATE":"2023-08-31 00:00:00","DATE_TYPE_CODE":"001","REPORT_TYPE":"2023年年报","PER_NETCASH_OPERATE":0.217252096678,"PER_OI":0.435458117262,"BPS":1.026077927491,"BASIC_EPS":0.026,"DILUTED_EPS":0.0257,"OPERATE_INCOME":3581632000,"OPERATE_INCOME_YOY":17.7125271223,"GROSS_PROFIT":1680182000,"GROSS_PROFIT_YOY":20.431067849822,"HOLDER_PROFIT":210099000,"HOLDER_PROFIT_YOY":-52.748621922,"GROSS_PROFIT_RATIO":46.91107294105,"EPS_TTM":0.025544029922,"OPERATE_INCOME_QOQ":0,"NET_PROFIT_RATIO":5.8847195915,"ROE_AVG":2.547820829741,"GROSS_PROFIT_QOQ":0,"ROA":0.941842326775,"HOLDER_PROFIT_QOQ":0,"ROE_YEARLY":2.547820829741,"ROIC_YEARLY":1.075600152929,"TOTAL_ASSETS":22301405000,"TOTAL_LIABILITIES":13861671000,"TAX_EBT":30.959470393045,"OCF_SALES":49.890468925898,"TOTAL_PARENT_EQUITY":8439465000,"DEBT_ASSET_RATIO":62.1560435318,"OPERATE_PROFIT":625119000,"PRETAX_PROFIT":305283000,"NETCASH_OPERATE":1786893000,"NETCASH_INVEST":-181058000,"NETCASH_FINANCE":-1507007000,"END_CASH":2878114000,"DIVI_RATIO":null,"DIVIDEND_RATE":null,"CURRENT_RATIO":0.440074950741,"COMMON_ACS":10000000000,"CURRENTDEBT_DEBT":67.892110554348,"ISSUED_COMMON_SHARES":8224974706,"HK_COMMON_SHARES":8224974706,"PER_SHARES":2000,"TOTAL_MARKET_CAP":1217296256.488,"HKSK_MARKET_CAP":1217296256.488,"PE_TTM":1.821704750449,"PB_TTM":0.121339451116,"REPORT_DATE_SQ":"2022-12-31 00:00:00","REPORT_TYPE_SQ":"2022年年报","OPERATE_INCOME_SQ":3042694000,"DPS_HKD":null,"OPERATE_INCOME_QOQ_SQ":0,"NET_PROFIT_RATIO_SQ":14.655072117,"HOLDER_PROFIT_SQ":444641000,"HOLDER_PROFIT_QOQ_SQ":0,"ROE_AVG_SQ":5.60450007673,"PE_TTM_SQ":12.900736532283,"PB_TTM_SQ":0.321161571817,"ROA_SQ":2.108193004958,"START_DATE":"2022-09-01 00:00:00","FISCAL_YEAR":"8-31","CURRENCY":"HKD","IS_CNY_CODE":0,"DPS_HKD_LY":null,"ORG_TYPE":"一般企业","PREMIUM_INCOME":null,"PREMIUM_INCOME_YOY":null,"NET_INTEREST_INCOME":null,"NET_INTEREST_INCOME_YOY":null,"FEE_COMMISSION_INCOME":null,"FEE_COMMISSION_INCOME_YOY":null,"ACCOUNTS_RECE_TDAYS":30.914114321473,"INVENTORY_TDAYS":null,"CURRENT_ASSETS_TDAYS":0.792247212721,"TOTAL_ASSETS_TDAYS":0.16055919431,"PREMIUM_EXPENSE":null,"LOAN_DEPOSIT":null,"LOAN_EQUITY":null,"LOAN_ASSETS":null,"DEPOSIT_EQUITY":null,"DEPOSIT_ASSETS":null,"EQUITY_MULTIPLIER":2.642429844354,"EQUITY_RATIO":1.642482195258},{"SECUCODE":"01765.HK","SECURITY_CODE":"01765","SECURITY_NAME_ABBR":"希教国际控股","ORG_CODE":"10920225","STD_REPORT_DATE":"2023-06-30 00:00:00","REPORT_DATE":"2023-02-28 00:00:00","DATE_TYPE_CODE":"002","REPORT_TYPE":"2023年中报","PER_NETCASH_OPERATE":0.064523167647,"PER_OI":0.241023827922,"BPS":1.038455351573,"BASIC_EPS":0.053,"DILUTED_EPS":0.052,"OPERATE_INCOME":1934831000,"OPERATE_INCOME_YOY":26.747499548,"GROSS_PROFIT":972585000,"GROSS_PROFIT_YOY":25.572936974996,"HOLDER_PROFIT":428407000,"HOLDER_PROFIT_YOY":-0.4112270327,"GROSS_PROFIT_RATIO":50.267180957924,"EPS_TTM":0.053844785647,"OPERATE_INCOME_QOQ":0,"NET_PROFIT_RATIO":22.1444663642,"ROE_AVG":5.16331830825,"GROSS_PROFIT_QOQ":0,"ROA":1.923475352474,"HOLDER_PROFIT_QOQ":0,"ROE_YEARLY":10.326636616501,"ROIC_YEARLY":4.350202209001,"TOTAL_ASSETS":22232030000,"TOTAL_LIABILITIES":13691082000,"TAX_EBT":6.090573944758,"OCF_SALES":26.770451786228,"TOTAL_PARENT_EQUITY":8541269000,"DEBT_ASSET_RATIO":61.58268948,"OPERATE_PROFIT":609812000,"PRETAX_PROFIT":456246000,"NETCASH_OPERATE":517963000,"NETCASH_INVEST":-516751000,"NETCASH_FINANCE":-316539000,"END_CASH":2433397000,"DIVI_RATIO":null,"DIVIDEND_RATE":null,"CURRENT_RATIO":0.569349200408,"COMMON_ACS":10000000000,"CURRENTDEBT_DEBT":54.811307097569,"ISSUED_COMMON_SHARES":8224974706,"HK_COMMON_SHARES":8224974706,"PER_SHARES":2000,"TOTAL_MARKET_CAP":1250196155.312,"HKSK_MARKET_CAP":1250196155.312,"PE_TTM":1.870940013975,"PB_TTM":0.124618895741,"REPORT_DATE_SQ":"2022-06-30 00:00:00","REPORT_TYPE_SQ":"2022年中报","OPERATE_INCOME_SQ":1526524000,"DPS_HKD":null,"OPERATE_INCOME_QOQ_SQ":0,"NET_PROFIT_RATIO_SQ":28.1567797165,"HOLDER_PROFIT_SQ":430176000,"HOLDER_PROFIT_QOQ_SQ":0,"ROE_AVG_SQ":5.355402507656,"PE_TTM_SQ":6.996560454099,"PB_TTM_SQ":0.347925036135,"ROA_SQ":2.171004780111,"START_DATE":"2022-09-01 00:00:00","FISCAL_YEAR":"8-31","CURRENCY":"HKD","IS_CNY_CODE":0,"DPS_HKD_LY":null,"ORG_TYPE":"一般企业","PREMIUM_INCOME":null,"PREMIUM_INCOME_YOY":null,"NET_INTEREST_INCOME":null,"NET_INTEREST_INCOME_YOY":null,"FEE_COMMISSION_INCOME":null,"FEE_COMMISSION_INCOME_YOY":null,"ACCOUNTS_RECE_TDAYS":18.124201435075,"INVENTORY_TDAYS":null,"CURRENT_ASSETS_TDAYS":0.421866774174,"TOTAL_ASSETS_TDAYS":0.086870656635,"PREMIUM_EXPENSE":null,"LOAN_DEPOSIT":null,"LOAN_EQUITY":null,"LOAN_ASSETS":null,"DEPOSIT_EQUITY":null,"DEPOSIT_ASSETS":null,"EQUITY_MULTIPLIER":2.602993250866,"EQUITY_RATIO":1.602933006793},{"SECUCODE":"01765.HK","SECURITY_CODE":"01765","SECURITY_NAME_ABBR":"希教国际控股","ORG_CODE":"10920225","STD_REPORT_DATE":"2022-12-31 00:00:00","REPORT_DATE":"2022-08-31 00:00:00","DATE_TYPE_CODE":"001","REPORT_TYPE":"2022年年报","PER_NETCASH_OPERATE":0.175582073738,"PER_OI":0.379031427073,"BPS":0.979088968398,"BASIC_EPS":0.0555,"DILUTED_EPS":0.0553,"OPERATE_INCOME":3042694000,"OPERATE_INCOME_YOY":30.9095493126,"GROSS_PROFIT":1395140000,"GROSS_PROFIT_YOY":18.63758197502,"HOLDER_PROFIT":444641000,"HOLDER_PROFIT_YOY":-26.5669152195,"GROSS_PROFIT_RATIO":45.852129724514,"EPS_TTM":0.055389372959,"OPERATE_INCOME_QOQ":0,"NET_PROFIT_RATIO":14.655072117,"ROE_AVG":5.60450007673,"GROSS_PROFIT_QOQ":0,"ROA":2.108193004958,"HOLDER_PROFIT_QOQ":0,"ROE_YEARLY":5.60450007673,"ROIC_YEARLY":2.532681378958,"TOTAL_ASSETS":22313069000,"TOTAL_LIABILITIES":14265244000,"TAX_EBT":24.351298759685,"OCF_SALES":46.323882717092,"TOTAL_PARENT_EQUITY":8052982000,"DEBT_ASSET_RATIO":63.9322363051,"OPERATE_PROFIT":875284000,"PRETAX_PROFIT":589447000,"NETCASH_OPERATE":1409494000,"NETCASH_INVEST":-2852516000,"NETCASH_FINANCE":-169050000,"END_CASH":2725264000,"DIVI_RATIO":null,"DIVIDEND_RATE":null,"CURRENT_RATIO":0.599217301972,"COMMON_ACS":10000000000,"CURRENTDEBT_DEBT":57.325419740455,"ISSUED_COMMON_SHARES":8224974706,"HK_COMMON_SHARES":8224974706,"PER_SHARES":2000,"TOTAL_MARKET_CAP":1250196155.312,"HKSK_MARKET_CAP":1250196155.312,"PE_TTM":1.870940013975,"PB_TTM":0.124618895741,"REPORT_DATE_SQ":"2021-12-31 00:00:00","REPORT_TYPE_SQ":"2021年年报","OPERATE_INCOME_SQ":2324272000,"DPS_HKD":null,"OPERATE_INCOME_QOQ_SQ":0,"NET_PROFIT_RATIO_SQ":26.0348186443,"HOLDER_PROFIT_SQ":605505000,"HOLDER_PROFIT_QOQ_SQ":0,"ROE_AVG_SQ":8.972089992209,"PE_TTM_SQ":6.996560454099,"PB_TTM_SQ":0.347925036135,"ROA_SQ":3.750975563076,"START_DATE":"2021-09-01 00:00:00","FISCAL_YEAR":"8-31","CURRENCY":"HKD","IS_CNY_CODE":0,"DPS_HKD_LY":0.04,"ORG_TYPE":"一般企业","PREMIUM_INCOME":null,"PREMIUM_INCOME_YOY":null,"NET_INTEREST_INCOME":null,"NET_INTEREST_INCOME_YOY":null,"FEE_COMMISSION_INCOME":null,"FEE_COMMISSION_INCOME_YOY":null,"ACCOUNTS_RECE_TDAYS":24.031070568258,"INVENTORY_TDAYS":null,"CURRENT_ASSETS_TDAYS":0.573022034753,"TOTAL_ASSETS_TDAYS":0.144264388732,"PREMIUM_EXPENSE":null,"LOAN_DEPOSIT":null,"LOAN_EQUITY":null,"LOAN_ASSETS":null,"DEPOSIT_EQUITY":null,"DEPOSIT_ASSETS":null,"EQUITY_MULTIPLIER":2.772558921199,"EQUITY_RATIO":1.771423803009},{"SECUCODE":"01765.HK","SECURITY_CODE":"01765","SECURITY_NAME_ABBR":"希教国际控股","ORG_CODE":"10920225","STD_REPORT_DATE":"2022-06-30 00:00:00","REPORT_DATE":"2022-02-28 00:00:00","DATE_TYPE_CODE":"002","REPORT_TYPE":"2022年中报","PER_NETCASH_OPERATE":0.050429578688,"PER_OI":0.190160617591,"BPS":1.003142294648,"BASIC_EPS":0.054,"DILUTED_EPS":0.045,"OPERATE_INCOME":1526524000,"OPERATE_INCOME_YOY":28.9910548455,"GROSS_PROFIT":774518000,"GROSS_PROFIT_YOY":20.740733812232,"HOLDER_PROFIT":430176000,"HOLDER_PROFIT_YOY":-9.9811037661,"GROSS_PROFIT_RATIO":50.737361482689,"EPS_TTM":0.069486699048,"OPERATE_INCOME_QOQ":0,"NET_PROFIT_RATIO":28.1567797165,"ROE_AVG":5.355402507656,"GROSS_PROFIT_QOQ":0,"ROA":2.171004780111,"HOLDER_PROFIT_QOQ":0,"ROE_YEARLY":10.710805015312,"ROIC_YEARLY":5.006024700501,"TOTAL_ASSETS":19760086000,"TOTAL_LIABILITIES":11516520000,"TAX_EBT":13.816404197896,"OCF_SALES":26.51946513779,"TOTAL_PARENT_EQUITY":8250820000,"DEBT_ASSET_RATIO":58.2817301504,"OPERATE_PROFIT":631374000,"PRETAX_PROFIT":498726000,"NETCASH_OPERATE":404826000,"NETCASH_INVEST":-2147590000,"NETCASH_FINANCE":-1675368000,"END_CASH":913988000,"DIVI_RATIO":null,"DIVIDEND_RATE":null,"CURRENT_RATIO":0.414782318524,"COMMON_ACS":10000000000,"CURRENTDEBT_DEBT":56.778141313522,"ISSUED_COMMON_SHARES":8224974706,"HK_COMMON_SHARES":8224974706,"PER_SHARES":2000,"TOTAL_MARKET_CAP":1217296256.488,"HKSK_MARKET_CAP":1217296256.488,"PE_TTM":1.821704750449,"PB_TTM":0.121339451116,"REPORT_DATE_SQ":"2021-06-30 00:00:00","REPORT_TYPE_SQ":"2021年中报","OPERATE_INCOME_SQ":1183434000,"DPS_HKD":null,"OPERATE_INCOME_QOQ_SQ":0,"NET_PROFIT_RATIO_SQ":40.3768186481,"HOLDER_PROFIT_SQ":477873000,"HOLDER_PROFIT_QOQ_SQ":0,"ROE_AVG_SQ":8.043065060611,"PE_TTM_SQ":12.900736532283,"PB_TTM_SQ":0.321161571817,"ROA_SQ":3.467850577485,"START_DATE":"2021-09-01 00:00:00","FISCAL_YEAR":"8-31","CURRENCY":"HKD","IS_CNY_CODE":0,"DPS_HKD_LY":0.04,"ORG_TYPE":"一般企业","PREMIUM_INCOME":null,"PREMIUM_INCOME_YOY":null,"NET_INTEREST_INCOME":null,"NET_INTEREST_INCOME_YOY":null,"FEE_COMMISSION_INCOME":null,"FEE_COMMISSION_INCOME_YOY":null,"ACCOUNTS_RECE_TDAYS":15.393622814271,"INVENTORY_TDAYS":null,"CURRENT_ASSETS_TDAYS":0.362084974184,"TOTAL_ASSETS_TDAYS":0.077040348624,"PREMIUM_EXPENSE":null,"LOAN_DEPOSIT":null,"LOAN_EQUITY":null,"LOAN_ASSETS":null,"DEPOSIT_EQUITY":null,"DEPOSIT_ASSETS":null,"EQUITY_MULTIPLIER":2.397031333287,"EQUITY_RATIO":1.395803083815},{"SECUCODE":"01765.HK","SECURITY_CODE":"01765","SECURITY_NAME_ABBR":"希教国际控股","ORG_CODE":"10920225","STD_REPORT_DATE":"2021-12-31 00:00:00","REPORT_DATE":"2021-08-31 00:00:00","DATE_TYPE_CODE":"001","REPORT_TYPE":"2021年年报","PER_NETCASH_OPERATE":0.239424471647,"PER_OI":0.291216167575,"BPS":0.950070155754,"BASIC_EPS":0.0796,"DILUTED_EPS":0.0286,"OPERATE_INCOME":2324272000,"OPERATE_INCOME_YOY":null,"GROSS_PROFIT":1175968000,"GROSS_PROFIT_YOY":null,"HOLDER_PROFIT":605505000,"HOLDER_PROFIT_YOY":null,"GROSS_PROFIT_RATIO":50.595111071338,"EPS_TTM":0.075453514501,"OPERATE_INCOME_QOQ":0,"NET_PROFIT_RATIO":26.0348186443,"ROE_AVG":8.972089992209,"GROSS_PROFIT_QOQ":0,"ROA":3.750975563076,"HOLDER_PROFIT_QOQ":0,"ROE_YEARLY":8.972089992209,"ROIC_YEARLY":4.836735175599,"TOTAL_ASSETS":19894254000,"TOTAL_LIABILITIES":12087427000,"TAX_EBT":10.014781416458,"OCF_SALES":82.215377546174,"TOTAL_PARENT_EQUITY":7814303000,"DEBT_ASSET_RATIO":60.7087469693,"OPERATE_PROFIT":848162000,"PRETAX_PROFIT":672466000,"NETCASH_OPERATE":1910909000,"NETCASH_INVEST":-3709908000,"NETCASH_FINANCE":3288088000,"END_CASH":4345287000,"DIVI_RATIO":null,"DIVIDEND_RATE":null,"CURRENT_RATIO":0.831410070796,"COMMON_ACS":10000000000,"CURRENTDEBT_DEBT":57.122065763045,"ISSUED_COMMON_SHARES":8224974706,"HK_COMMON_SHARES":8224974706,"PER_SHARES":2000,"TOTAL_MARKET_CAP":1217296256.488,"HKSK_MARKET_CAP":1217296256.488,"PE_TTM":1.821704750449,"PB_TTM":0.121339451116,"REPORT_DATE_SQ":"2020-12-31 00:00:00","REPORT_TYPE_SQ":"2020年年报","OPERATE_INCOME_SQ":null,"DPS_HKD":null,"OPERATE_INCOME_QOQ_SQ":0,"NET_PROFIT_RATIO_SQ":null,"HOLDER_PROFIT_SQ":null,"HOLDER_PROFIT_QOQ_SQ":0,"ROE_AVG_SQ":null,"PE_TTM_SQ":12.900736532283,"PB_TTM_SQ":0.321161571817,"ROA_SQ":null,"START_DATE":"2020-09-01 00:00:00","FISCAL_YEAR":"8-31","CURRENCY":"HKD","IS_CNY_CODE":0,"DPS_HKD_LY":0.0098,"ORG_TYPE":"一般企业","PREMIUM_INCOME":null,"PREMIUM_INCOME_YOY":null,"NET_INTEREST_INCOME":null,"NET_INTEREST_INCOME_YOY":null,"FEE_COMMISSION_INCOME":null,"FEE_COMMISSION_INCOME_YOY":null,"ACCOUNTS_RECE_TDAYS":30.173790560759,"INVENTORY_TDAYS":null,"CURRENT_ASSETS_TDAYS":0.480324400083,"TOTAL_ASSETS_TDAYS":0.143983740414,"PREMIUM_EXPENSE":null,"LOAN_DEPOSIT":null,"LOAN_EQUITY":null,"LOAN_ASSETS":null,"DEPOSIT_EQUITY":null,"DEPOSIT_ASSETS":null,"EQUITY_MULTIPLIER":2.545095721988,"EQUITY_RATIO":1.546833671538},{"SECUCODE":"01765.HK","SECURITY_CODE":"01765","SECURITY_NAME_ABBR":"希教国际控股","ORG_CODE":"10920225","STD_REPORT_DATE":"2021-06-30 00:00:00","REPORT_DATE":"2021-02-28 00:00:00","DATE_TYPE_CODE":"002","REPORT_TYPE":"2021年中报","PER_NETCASH_OPERATE":0.120589909364,"PER_OI":0.162251990825,"BPS":0.753757576358,"BASIC_EPS":0.066,"DILUTED_EPS":0.065,"OPERATE_INCOME":1183434000,"OPERATE_INCOME_YOY":35.9289339752,"GROSS_PROFIT":641472000,"GROSS_PROFIT_YOY":40.264579187895,"HOLDER_PROFIT":477873000,"HOLDER_PROFIT_YOY":43.2477315579,"GROSS_PROFIT_RATIO":54.204290226578,"EPS_TTM":0.072690901866,"OPERATE_INCOME_QOQ":0,"NET_PROFIT_RATIO":40.3768186481,"ROE_AVG":8.043065060611,"GROSS_PROFIT_QOQ":0,"ROA":3.467850577485,"HOLDER_PROFIT_QOQ":0,"ROE_YEARLY":16.086130121222,"ROIC_YEARLY":8.622058868769,"TOTAL_ASSETS":15144105000,"TOTAL_LIABILITIES":8952564000,"TAX_EBT":15.287599833353,"OCF_SALES":74.32260692189,"TOTAL_PARENT_EQUITY":6199637000,"DEBT_ASSET_RATIO":59.115834181,"OPERATE_PROFIT":700303000,"PRETAX_PROFIT":564065000,"NETCASH_OPERATE":879559000,"NETCASH_INVEST":-2339599000,"NETCASH_FINANCE":1141140000,"END_CASH":2498528000,"DIVI_RATIO":null,"DIVIDEND_RATE":null,"CURRENT_RATIO":0.851520854064,"COMMON_ACS":10000000000,"CURRENTDEBT_DEBT":47.966135734969,"ISSUED_COMMON_SHARES":8224974706,"HK_COMMON_SHARES":8224974706,"PER_SHARES":2000,"TOTAL_MARKET_CAP":1217296256.488,"HKSK_MARKET_CAP":1217296256.488,"PE_TTM":1.821704750449,"PB_TTM":0.121339451116,"REPORT_DATE_SQ":"2020-06-30 00:00:00","REPORT_TYPE_SQ":"2020年中报","OPERATE_INCOME_SQ":870627000,"DPS_HKD":null,"OPERATE_INCOME_QOQ_SQ":0,"NET_PROFIT_RATIO_SQ":38.3370835042,"HOLDER_PROFIT_SQ":333599000,"HOLDER_PROFIT_QOQ_SQ":0,"ROE_AVG_SQ":7.307854707759,"PE_TTM_SQ":12.900736532283,"PB_TTM_SQ":0.321161571817,"ROA_SQ":3.119164697158,"START_DATE":"2020-09-01 00:00:00","FISCAL_YEAR":"8-31","CURRENCY":"HKD","IS_CNY_CODE":0,"DPS_HKD_LY":0.0098,"ORG_TYPE":"一般企业","PREMIUM_INCOME":null,"PREMIUM_INCOME_YOY":null,"NET_INTEREST_INCOME":null,"NET_INTEREST_INCOME_YOY":null,"FEE_COMMISSION_INCOME":null,"FEE_COMMISSION_INCOME_YOY":null,"ACCOUNTS_RECE_TDAYS":21.072917965063,"INVENTORY_TDAYS":null,"CURRENT_ASSETS_TDAYS":0.310821566783,"TOTAL_ASSETS_TDAYS":0.08587997816,"PREMIUM_EXPENSE":null,"LOAN_DEPOSIT":null,"LOAN_EQUITY":null,"LOAN_ASSETS":null,"DEPOSIT_EQUITY":null,"DEPOSIT_ASSETS":null,"EQUITY_MULTIPLIER":2.445934703492,"EQUITY_RATIO":1.444046482076},{"SECUCODE":"01765.HK","SECURITY_CODE":"01765","SECURITY_NAME_ABBR":"希教国际控股","ORG_CODE":"10920225","STD_REPORT_DATE":"2020-06-30 00:00:00","REPORT_DATE":"2020-02-29 00:00:00","DATE_TYPE_CODE":"002","REPORT_TYPE":"2020年中报","PER_NETCASH_OPERATE":0.019539791249,"PER_OI":0.130496151787,"BPS":0.555340066477,"BASIC_EPS":0.05,"DILUTED_EPS":0.049,"OPERATE_INCOME":870627000,"OPERATE_INCOME_YOY":46.3902947556,"GROSS_PROFIT":457330000,"GROSS_PROFIT_YOY":44.912244012028,"HOLDER_PROFIT":333599000,"HOLDER_PROFIT_YOY":37.1108809483,"GROSS_PROFIT_RATIO":52.52880969692,"EPS_TTM":0.086157748587,"OPERATE_INCOME_QOQ":0,"NET_PROFIT_RATIO":38.3370835042,"ROE_AVG":7.307854707759,"GROSS_PROFIT_QOQ":0,"ROA":3.119164697158,"HOLDER_PROFIT_QOQ":0,"ROE_YEARLY":14.615709415518,"ROIC_YEARLY":7.175608707894,"TOTAL_ASSETS":10533747000,"TOTAL_LIABILITIES":5962994000,"TAX_EBT":11.670120226215,"OCF_SALES":14.973461654647,"TOTAL_PARENT_EQUITY":4567658000,"DEBT_ASSET_RATIO":56.6084793948,"OPERATE_PROFIT":472343000,"PRETAX_PROFIT":377871000,"NETCASH_OPERATE":130363000,"NETCASH_INVEST":96290000,"NETCASH_FINANCE":-172128000,"END_CASH":880809000,"DIVI_RATIO":null,"DIVIDEND_RATE":null,"CURRENT_RATIO":1.04123963651,"COMMON_ACS":10000000000,"CURRENTDEBT_DEBT":48.513347489533,"ISSUED_COMMON_SHARES":8224974706,"HK_COMMON_SHARES":8224974706,"PER_SHARES":2000,"TOTAL_MARKET_CAP":1217296256.488,"HKSK_MARKET_CAP":1217296256.488,"PE_TTM":1.821704750449,"PB_TTM":0.121339451116,"REPORT_DATE_SQ":"2019-06-30 00:00:00","REPORT_TYPE_SQ":"2019年中报","OPERATE_INCOME_SQ":594730000,"DPS_HKD":null,"OPERATE_INCOME_QOQ_SQ":6.48193386646,"NET_PROFIT_RATIO_SQ":40.9394178871,"HOLDER_PROFIT_SQ":243306000,"HOLDER_PROFIT_QOQ_SQ":65.382691345673,"ROE_AVG_SQ":5.746205366157,"PE_TTM_SQ":12.900736532283,"PB_TTM_SQ":0.321161571817,"ROA_SQ":2.973189167154,"START_DATE":"2019-08-30 00:00:00","FISCAL_YEAR":"8-31","CURRENCY":"HKD","IS_CNY_CODE":0,"DPS_HKD_LY":0.025,"ORG_TYPE":"一般企业","PREMIUM_INCOME":null,"PREMIUM_INCOME_YOY":null,"NET_INTEREST_INCOME":null,"NET_INTEREST_INCOME_YOY":null,"FEE_COMMISSION_INCOME":null,"FEE_COMMISSION_INCOME_YOY":null,"ACCOUNTS_RECE_TDAYS":135.876238782677,"INVENTORY_TDAYS":null,"CURRENT_ASSETS_TDAYS":0.267054772597,"TOTAL_ASSETS_TDAYS":0.081403991103,"PREMIUM_EXPENSE":null,"LOAN_DEPOSIT":null,"LOAN_EQUITY":null,"LOAN_ASSETS":null,"DEPOSIT_EQUITY":null,"DEPOSIT_ASSETS":null,"EQUITY_MULTIPLIER":2.304597732581,"EQUITY_RATIO":1.305481715137}],"count":19},"success":true,"message":"ok","code":0}