{"version":"59b4b36ac943e1cc6ebdcbbae7991a8b","result":{"pages":2,"data":[{"SECUCODE":"01775.HK","SECURITY_CODE":"01775","SECURITY_NAME_ABBR":"精英汇集团","ORG_CODE":"10753427","STD_REPORT_DATE":"2024-12-31 00:00:00","REPORT_DATE":"2024-07-31 00:00:00","DATE_TYPE_CODE":"001","REPORT_TYPE":"2024年年报","PER_NETCASH_OPERATE":0.003389798594,"PER_OI":0.282634353705,"BPS":0.09438537933,"BASIC_EPS":-0.04429796,"DILUTED_EPS":-0.04429796,"OPERATE_INCOME":143474242.24,"OPERATE_INCOME_YOY":19.7633460911,"GROSS_PROFIT":143474242.24,"GROSS_PROFIT_YOY":19.631057215089,"HOLDER_PROFIT":-22482356.4,"HOLDER_PROFIT_YOY":11.59675334,"GROSS_PROFIT_RATIO":null,"EPS_TTM":-0.044288690232,"OPERATE_INCOME_QOQ":0,"NET_PROFIT_RATIO":-14.8309184895,"ROE_AVG":-38.006345971235,"GROSS_PROFIT_QOQ":0,"ROA":-12.806538800717,"HOLDER_PROFIT_QOQ":0,"ROE_YEARLY":-38.006345971235,"ROIC_YEARLY":-21.452756437352,"TOTAL_ASSETS":177843065.68,"TOTAL_LIABILITIES":128409282.4,"TAX_EBT":-1.097899670196,"OCF_SALES":1.199358305111,"TOTAL_PARENT_EQUITY":47913038.88,"DEBT_ASSET_RATIO":72.2037049401,"OPERATE_PROFIT":-18579569.12,"PRETAX_PROFIT":-21047467.84,"NETCASH_OPERATE":1720770.24,"NETCASH_INVEST":682279.92,"NETCASH_FINANCE":-1182801.2,"END_CASH":69926841.6,"DIVI_RATIO":null,"DIVIDEND_RATE":null,"CURRENT_RATIO":0.907531843092,"COMMON_ACS":10000000000,"CURRENTDEBT_DEBT":95.268511273917,"ISSUED_COMMON_SHARES":507632000,"HK_COMMON_SHARES":507632000,"PER_SHARES":4000,"TOTAL_MARKET_CAP":83251648,"HKSK_MARKET_CAP":83251648,"PE_TTM":-3.38215104611,"PB_TTM":1.587015288421,"REPORT_DATE_SQ":"2023-12-31 00:00:00","REPORT_TYPE_SQ":"2023年年报","OPERATE_INCOME_SQ":119930597.94,"DPS_HKD":null,"OPERATE_INCOME_QOQ_SQ":0,"NET_PROFIT_RATIO_SQ":-20.5402479377,"HOLDER_PROFIT_SQ":-25459718.28,"HOLDER_PROFIT_QOQ_SQ":0,"ROE_AVG_SQ":-31.109745537834,"PE_TTM_SQ":-3.646257721592,"PB_TTM_SQ":1.317275829408,"ROA_SQ":-14.228735975798,"START_DATE":"2023-08-01 00:00:00","FISCAL_YEAR":"7-31","CURRENCY":"HKD","IS_CNY_CODE":0,"DPS_HKD_LY":null,"ORG_TYPE":"一般企业","PREMIUM_INCOME":null,"PREMIUM_INCOME_YOY":null,"NET_INTEREST_INCOME":null,"NET_INTEREST_INCOME_YOY":null,"FEE_COMMISSION_INCOME":null,"FEE_COMMISSION_INCOME_YOY":null,"ACCOUNTS_RECE_TDAYS":36.115415565007,"INVENTORY_TDAYS":null,"CURRENT_ASSETS_TDAYS":1.348603610951,"TOTAL_ASSETS_TDAYS":0.817266845814,"PREMIUM_EXPENSE":null,"LOAN_DEPOSIT":null,"LOAN_EQUITY":null,"LOAN_ASSETS":null,"DEPOSIT_EQUITY":null,"DEPOSIT_ASSETS":null,"EQUITY_MULTIPLIER":3.597601758958,"EQUITY_RATIO":2.680048800946},{"SECUCODE":"01775.HK","SECURITY_CODE":"01775","SECURITY_NAME_ABBR":"精英汇集团","ORG_CODE":"10753427","STD_REPORT_DATE":"2024-06-30 00:00:00","REPORT_DATE":"2024-01-31 00:00:00","DATE_TYPE_CODE":"002","REPORT_TYPE":"2024年中报","PER_NETCASH_OPERATE":0.010535526326,"PER_OI":0.142688800391,"BPS":0.128540582115,"BASIC_EPS":-0.009178678,"DILUTED_EPS":-0.009178678,"OPERATE_INCOME":72433401.12,"OPERATE_INCOME_YOY":16.7191412714,"GROSS_PROFIT":72433401.12,"GROSS_PROFIT_YOY":22.957818406368,"HOLDER_PROFIT":-4647500.92,"HOLDER_PROFIT_YOY":61.1781674638,"GROSS_PROFIT_RATIO":null,"EPS_TTM":-0.036922942781,"OPERATE_INCOME_QOQ":0,"NET_PROFIT_RATIO":-4.7375288568,"ROE_AVG":-6.870239262732,"GROSS_PROFIT_QOQ":0,"ROA":-2.547485142991,"HOLDER_PROFIT_QOQ":0,"ROE_YEARLY":-13.740478525465,"ROIC_YEARLY":-8.745804741444,"TOTAL_ASSETS":192474151.32,"TOTAL_LIABILITIES":124712788.18,"TAX_EBT":-15.368163764131,"OCF_SALES":7.383569206062,"TOTAL_PARENT_EQUITY":65251312.78,"DEBT_ASSET_RATIO":64.7945645297,"OPERATE_PROFIT":-1809380.98,"PRETAX_PROFIT":-2974436.94,"NETCASH_OPERATE":5348170.3,"NETCASH_INVEST":234465.24,"NETCASH_FINANCE":6157893.28,"END_CASH":80090781.4,"DIVI_RATIO":null,"DIVIDEND_RATE":null,"CURRENT_RATIO":1.011037984782,"COMMON_ACS":10000000000,"CURRENTDEBT_DEBT":94.998943387427,"ISSUED_COMMON_SHARES":507632000,"HK_COMMON_SHARES":507632000,"PER_SHARES":4000,"TOTAL_MARKET_CAP":86297440,"HKSK_MARKET_CAP":86297440,"PE_TTM":-3.505888279504,"PB_TTM":1.645076823363,"REPORT_DATE_SQ":"2023-06-30 00:00:00","REPORT_TYPE_SQ":"2023年中报","OPERATE_INCOME_SQ":58909146.29,"DPS_HKD":null,"OPERATE_INCOME_QOQ_SQ":0,"NET_PROFIT_RATIO_SQ":-19.029976423,"HOLDER_PROFIT_SQ":-11363951.91,"HOLDER_PROFIT_QOQ_SQ":0,"ROE_AVG_SQ":-13.69206623081,"PE_TTM_SQ":-3.445713546904,"PB_TTM_SQ":1.244825658791,"ROA_SQ":-6.591526038604,"START_DATE":"2023-08-01 00:00:00","FISCAL_YEAR":"7-31","CURRENCY":"HKD","IS_CNY_CODE":0,"DPS_HKD_LY":null,"ORG_TYPE":"一般企业","PREMIUM_INCOME":null,"PREMIUM_INCOME_YOY":null,"NET_INTEREST_INCOME":null,"NET_INTEREST_INCOME_YOY":null,"FEE_COMMISSION_INCOME":null,"FEE_COMMISSION_INCOME_YOY":null,"ACCOUNTS_RECE_TDAYS":20.160364234223,"INVENTORY_TDAYS":null,"CURRENT_ASSETS_TDAYS":0.655428186109,"TOTAL_ASSETS_TDAYS":0.397037066556,"PREMIUM_EXPENSE":null,"LOAN_DEPOSIT":null,"LOAN_EQUITY":null,"LOAN_ASSETS":null,"DEPOSIT_EQUITY":null,"DEPOSIT_ASSETS":null,"EQUITY_MULTIPLIER":2.840470474633,"EQUITY_RATIO":1.911268645283},{"SECUCODE":"01775.HK","SECURITY_CODE":"01775","SECURITY_NAME_ABBR":"精英汇集团","ORG_CODE":"10753427","STD_REPORT_DATE":"2023-12-31 00:00:00","REPORT_DATE":"2023-07-31 00:00:00","DATE_TYPE_CODE":"001","REPORT_TYPE":"2023年年报","PER_NETCASH_OPERATE":-0.015877981589,"PER_OI":0.236254999567,"BPS":0.138827416337,"BASIC_EPS":-0.050564661,"DILUTED_EPS":-0.050564661,"OPERATE_INCOME":119930597.94,"OPERATE_INCOME_YOY":-7.5210288446,"GROSS_PROFIT":119930597.94,"GROSS_PROFIT_YOY":-1.569124114904,"HOLDER_PROFIT":-25459718.28,"HOLDER_PROFIT_YOY":-9.1664706344,"GROSS_PROFIT_RATIO":null,"EPS_TTM":-0.050153887619,"OPERATE_INCOME_QOQ":0,"NET_PROFIT_RATIO":-20.5402479377,"ROE_AVG":-31.109745537834,"GROSS_PROFIT_QOQ":0,"ROA":-14.228735975798,"HOLDER_PROFIT_QOQ":0,"ROE_YEARLY":-31.109745537834,"ROIC_YEARLY":-26.220060549845,"TOTAL_ASSETS":173455074.63,"TOTAL_LIABILITIES":101679772.74,"TAX_EBT":-0.63125653668,"OCF_SALES":-6.720696543206,"TOTAL_PARENT_EQUITY":70473239.01,"DEBT_ASSET_RATIO":58.6204533474,"OPERATE_PROFIT":-24356073.69,"PRETAX_PROFIT":-24479513.64,"NETCASH_OPERATE":-8060171.55,"NETCASH_INVEST":-15860662.02,"NETCASH_FINANCE":-2246607.09,"END_CASH":68836516.71,"DIVI_RATIO":null,"DIVIDEND_RATE":null,"CURRENT_RATIO":1.104266201455,"COMMON_ACS":10000000000,"CURRENTDEBT_DEBT":90.722289167461,"ISSUED_COMMON_SHARES":507632000,"HK_COMMON_SHARES":507632000,"PER_SHARES":4000,"TOTAL_MARKET_CAP":86297440,"HKSK_MARKET_CAP":86297440,"PE_TTM":-3.505888279504,"PB_TTM":1.645076823363,"REPORT_DATE_SQ":"2022-12-31 00:00:00","REPORT_TYPE_SQ":"2022年年报","OPERATE_INCOME_SQ":121842457.32,"DPS_HKD":null,"OPERATE_INCOME_QOQ_SQ":0,"NET_PROFIT_RATIO_SQ":-18.4807056385,"HOLDER_PROFIT_SQ":-21911694.48,"HOLDER_PROFIT_QOQ_SQ":0,"ROE_AVG_SQ":-22.292823836348,"PE_TTM_SQ":-3.445713546904,"PB_TTM_SQ":1.244825658791,"ROA_SQ":-13.249938960722,"START_DATE":"2022-08-01 00:00:00","FISCAL_YEAR":"7-31","CURRENCY":"HKD","IS_CNY_CODE":0,"DPS_HKD_LY":null,"ORG_TYPE":"一般企业","PREMIUM_INCOME":null,"PREMIUM_INCOME_YOY":null,"NET_INTEREST_INCOME":null,"NET_INTEREST_INCOME_YOY":null,"FEE_COMMISSION_INCOME":null,"FEE_COMMISSION_INCOME_YOY":null,"ACCOUNTS_RECE_TDAYS":51.185170731707,"INVENTORY_TDAYS":null,"CURRENT_ASSETS_TDAYS":1.101882227421,"TOTAL_ASSETS_TDAYS":0.670259110781,"PREMIUM_EXPENSE":null,"LOAN_DEPOSIT":null,"LOAN_EQUITY":null,"LOAN_ASSETS":null,"DEPOSIT_EQUITY":null,"DEPOSIT_ASSETS":null,"EQUITY_MULTIPLIER":2.416652865715,"EQUITY_RATIO":1.442813955601},{"SECUCODE":"01775.HK","SECURITY_CODE":"01775","SECURITY_NAME_ABBR":"精英汇集团","ORG_CODE":"10753427","STD_REPORT_DATE":"2023-06-30 00:00:00","REPORT_DATE":"2023-01-31 00:00:00","DATE_TYPE_CODE":"002","REPORT_TYPE":"2023年中报","PER_NETCASH_OPERATE":0.021360318839,"PER_OI":0.116886937462,"BPS":0.153771940343,"BASIC_EPS":-0.022688221,"DILUTED_EPS":-0.022688221,"OPERATE_INCOME":58909146.29,"OPERATE_INCOME_YOY":-18.0641213314,"GROSS_PROFIT":58909146.29,"GROSS_PROFIT_YOY":-13.615046378743,"HOLDER_PROFIT":-11363951.91,"HOLDER_PROFIT_YOY":-74.6387379027,"GROSS_PROFIT_RATIO":null,"EPS_TTM":-0.05339234341,"OPERATE_INCOME_QOQ":0,"NET_PROFIT_RATIO":-19.029976423,"ROE_AVG":-13.69206623081,"GROSS_PROFIT_QOQ":0,"ROA":-6.591526038604,"HOLDER_PROFIT_QOQ":0,"ROE_YEARLY":-27.38413246162,"ROIC_YEARLY":-26.568511281987,"TOTAL_ASSETS":170824188.06,"TOTAL_LIABILITIES":93995660.53,"TAX_EBT":-1.563110590074,"OCF_SALES":18.274342114897,"TOTAL_PARENT_EQUITY":78059557.62,"DEBT_ASSET_RATIO":55.0247957256,"OPERATE_PROFIT":-10005246.66,"PRETAX_PROFIT":-11037862.65,"NETCASH_OPERATE":10765258.93,"NETCASH_INVEST":-7659646.93,"NETCASH_FINANCE":-5950697.66,"END_CASH":86710412.38,"DIVI_RATIO":null,"DIVIDEND_RATE":null,"CURRENT_RATIO":1.258116980905,"COMMON_ACS":10000000000,"CURRENTDEBT_DEBT":91.416037225011,"ISSUED_COMMON_SHARES":507632000,"HK_COMMON_SHARES":507632000,"PER_SHARES":4000,"TOTAL_MARKET_CAP":86297440,"HKSK_MARKET_CAP":86297440,"PE_TTM":-3.505888279504,"PB_TTM":1.645076823363,"REPORT_DATE_SQ":"2022-06-30 00:00:00","REPORT_TYPE_SQ":"2022年中报","OPERATE_INCOME_SQ":68193758.08,"DPS_HKD":null,"OPERATE_INCOME_QOQ_SQ":0,"NET_PROFIT_RATIO_SQ":-9.7441866046,"HOLDER_PROFIT_SQ":-6171984.32,"HOLDER_PROFIT_QOQ_SQ":0,"ROE_AVG_SQ":-6.118467746842,"PE_TTM_SQ":-3.445713546904,"PB_TTM_SQ":1.244825658791,"ROA_SQ":-4.236973959152,"START_DATE":"2022-08-01 00:00:00","FISCAL_YEAR":"7-31","CURRENCY":"HKD","IS_CNY_CODE":0,"DPS_HKD_LY":null,"ORG_TYPE":"一般企业","PREMIUM_INCOME":null,"PREMIUM_INCOME_YOY":null,"NET_INTEREST_INCOME":null,"NET_INTEREST_INCOME_YOY":null,"FEE_COMMISSION_INCOME":null,"FEE_COMMISSION_INCOME_YOY":null,"ACCOUNTS_RECE_TDAYS":25.705627705628,"INVENTORY_TDAYS":null,"CURRENT_ASSETS_TDAYS":0.542003333598,"TOTAL_ASSETS_TDAYS":0.341695542851,"PREMIUM_EXPENSE":null,"LOAN_DEPOSIT":null,"LOAN_EQUITY":null,"LOAN_ASSETS":null,"DEPOSIT_EQUITY":null,"DEPOSIT_ASSETS":null,"EQUITY_MULTIPLIER":2.223447377579,"EQUITY_RATIO":1.204153128661},{"SECUCODE":"01775.HK","SECURITY_CODE":"01775","SECURITY_NAME_ABBR":"精英汇集团","ORG_CODE":"10753427","STD_REPORT_DATE":"2022-12-31 00:00:00","REPORT_DATE":"2022-07-31 00:00:00","DATE_TYPE_CODE":"001","REPORT_TYPE":"2022年年报","PER_NETCASH_OPERATE":-0.01195152096,"PER_OI":0.24368491464,"BPS":0.172502408359,"BASIC_EPS":-0.04381308,"DILUTED_EPS":-0.04381308,"OPERATE_INCOME":121842457.32,"OPERATE_INCOME_YOY":-20.0503951567,"GROSS_PROFIT":121842457.32,"GROSS_PROFIT_YOY":-17.368736129906,"HOLDER_PROFIT":-21911694.48,"HOLDER_PROFIT_YOY":5.4037013685,"GROSS_PROFIT_RATIO":null,"EPS_TTM":-0.043476964507,"OPERATE_INCOME_QOQ":0,"NET_PROFIT_RATIO":-18.4807056385,"ROE_AVG":-22.292823836348,"GROSS_PROFIT_QOQ":0,"ROA":-13.249938960722,"HOLDER_PROFIT_QOQ":0,"ROE_YEARLY":-22.292823836348,"ROIC_YEARLY":-25.195092557836,"TOTAL_ASSETS":173256677.16,"TOTAL_LIABILITIES":87067758,"TAX_EBT":-7.753340184995,"OCF_SALES":-4.904497669729,"TOTAL_PARENT_EQUITY":87567742.56,"DEBT_ASSET_RATIO":50.2536233681,"OPERATE_PROFIT":-20077558.68,"PRETAX_PROFIT":-20897121,"NETCASH_OPERATE":-5975760.48,"NETCASH_INVEST":-2341852.08,"NETCASH_FINANCE":28087620.6,"END_CASH":89248103.04,"DIVI_RATIO":null,"DIVIDEND_RATE":null,"CURRENT_RATIO":1.435465043801,"COMMON_ACS":10000000000,"CURRENTDEBT_DEBT":87.063640848545,"ISSUED_COMMON_SHARES":507632000,"HK_COMMON_SHARES":507632000,"PER_SHARES":4000,"TOTAL_MARKET_CAP":86297440,"HKSK_MARKET_CAP":86297440,"PE_TTM":-3.505888279504,"PB_TTM":1.645076823363,"REPORT_DATE_SQ":"2021-12-31 00:00:00","REPORT_TYPE_SQ":"2021年年报","OPERATE_INCOME_SQ":147453217.6,"DPS_HKD":null,"OPERATE_INCOME_QOQ_SQ":0,"NET_PROFIT_RATIO_SQ":-15.5328695927,"HOLDER_PROFIT_SQ":-22411645.6,"HOLDER_PROFIT_QOQ_SQ":0,"ROE_AVG_SQ":-18.948196924072,"PE_TTM_SQ":-3.445713546904,"PB_TTM_SQ":1.244825658791,"ROA_SQ":-12.471351691378,"START_DATE":"2021-08-01 00:00:00","FISCAL_YEAR":"7-31","CURRENCY":"HKD","IS_CNY_CODE":0,"DPS_HKD_LY":null,"ORG_TYPE":"一般企业","PREMIUM_INCOME":null,"PREMIUM_INCOME_YOY":null,"NET_INTEREST_INCOME":null,"NET_INTEREST_INCOME_YOY":null,"FEE_COMMISSION_INCOME":null,"FEE_COMMISSION_INCOME_YOY":null,"ACCOUNTS_RECE_TDAYS":48.102085806342,"INVENTORY_TDAYS":null,"CURRENT_ASSETS_TDAYS":1.231651664952,"TOTAL_ASSETS_TDAYS":0.736777853391,"PREMIUM_EXPENSE":null,"LOAN_DEPOSIT":null,"LOAN_EQUITY":null,"LOAN_ASSETS":null,"DEPOSIT_EQUITY":null,"DEPOSIT_ASSETS":null,"EQUITY_MULTIPLIER":2.010196656933,"EQUITY_RATIO":0.994290311188},{"SECUCODE":"01775.HK","SECURITY_CODE":"01775","SECURITY_NAME_ABBR":"精英汇集团","ORG_CODE":"10753427","STD_REPORT_DATE":"2022-06-30 00:00:00","REPORT_DATE":"2022-01-31 00:00:00","DATE_TYPE_CODE":"002","REPORT_TYPE":"2022年中报","PER_NETCASH_OPERATE":0.003518432,"PER_OI":0.13638751616,"BPS":0.192893239197,"BASIC_EPS":-0.012355424,"DILUTED_EPS":-0.012355424,"OPERATE_INCOME":68193758.08,"OPERATE_INCOME_YOY":-10.6347844735,"GROSS_PROFIT":68193758.08,"GROSS_PROFIT_YOY":-12.388639198209,"HOLDER_PROFIT":-6171984.32,"HOLDER_PROFIT_YOY":-47.4105921438,"GROSS_PROFIT_RATIO":null,"EPS_TTM":-0.04862575876,"OPERATE_INCOME_QOQ":0,"NET_PROFIT_RATIO":-9.7441866046,"ROE_AVG":-6.118467746842,"GROSS_PROFIT_QOQ":0,"ROA":-4.236973959152,"HOLDER_PROFIT_QOQ":0,"ROE_YEARLY":-12.236935493683,"ROIC_YEARLY":-14.669531986892,"TOTAL_ASSETS":141338686.4,"TOTAL_LIABILITIES":44630082.56,"TAX_EBT":-32.393218128464,"OCF_SALES":2.579731707902,"TOTAL_PARENT_EQUITY":97918780.8,"DEBT_ASSET_RATIO":31.5766926216,"OPERATE_PROFIT":-4623874.24,"PRETAX_PROFIT":-5019084.16,"NETCASH_OPERATE":1759216,"NETCASH_INVEST":-1634843.52,"NETCASH_FINANCE":-7900107.2,"END_CASH":58594166.4,"DIVI_RATIO":null,"DIVIDEND_RATE":null,"CURRENT_RATIO":2.290958032546,"COMMON_ACS":10000000000,"CURRENTDEBT_DEBT":74.921164564388,"ISSUED_COMMON_SHARES":507632000,"HK_COMMON_SHARES":507632000,"PER_SHARES":4000,"TOTAL_MARKET_CAP":86297440,"HKSK_MARKET_CAP":86297440,"PE_TTM":-3.505888279504,"PB_TTM":1.645076823363,"REPORT_DATE_SQ":"2021-06-30 00:00:00","REPORT_TYPE_SQ":"2021年中报","OPERATE_INCOME_SQ":77836661.2,"DPS_HKD":null,"OPERATE_INCOME_QOQ_SQ":0,"NET_PROFIT_RATIO_SQ":-5.9864893845,"HOLDER_PROFIT_SQ":-4270750.54,"HOLDER_PROFIT_QOQ_SQ":0,"ROE_AVG_SQ":-3.331553726757,"PE_TTM_SQ":-3.445713546904,"PB_TTM_SQ":1.244825658791,"ROA_SQ":-2.129607664423,"START_DATE":"2021-08-01 00:00:00","FISCAL_YEAR":"7-31","CURRENCY":"HKD","IS_CNY_CODE":0,"DPS_HKD_LY":null,"ORG_TYPE":"一般企业","PREMIUM_INCOME":null,"PREMIUM_INCOME_YOY":null,"NET_INTEREST_INCOME":null,"NET_INTEREST_INCOME_YOY":null,"FEE_COMMISSION_INCOME":null,"FEE_COMMISSION_INCOME_YOY":null,"ACCOUNTS_RECE_TDAYS":19.871721506915,"INVENTORY_TDAYS":null,"CURRENT_ASSETS_TDAYS":0.844983600574,"TOTAL_ASSETS_TDAYS":0.468139843171,"PREMIUM_EXPENSE":null,"LOAN_DEPOSIT":null,"LOAN_EQUITY":null,"LOAN_ASSETS":null,"DEPOSIT_EQUITY":null,"DEPOSIT_ASSETS":null,"EQUITY_MULTIPLIER":1.461490299599,"EQUITY_RATIO":0.455786746887},{"SECUCODE":"01775.HK","SECURITY_CODE":"01775","SECURITY_NAME_ABBR":"精英汇集团","ORG_CODE":"10753427","STD_REPORT_DATE":"2021-12-31 00:00:00","REPORT_DATE":"2021-07-31 00:00:00","DATE_TYPE_CODE":"001","REPORT_TYPE":"2021年年报","PER_NETCASH_OPERATE":0.0221448304,"PER_OI":0.2949064352,"BPS":0.207778713714,"BASIC_EPS":-0.04480168,"DILUTED_EPS":-0.04480168,"OPERATE_INCOME":147453217.6,"OPERATE_INCOME_YOY":-38.1966025168,"GROSS_PROFIT":147453217.6,"GROSS_PROFIT_YOY":-43.000295158867,"HOLDER_PROFIT":-22411645.6,"HOLDER_PROFIT_YOY":-40.2132085283,"GROSS_PROFIT_RATIO":null,"EPS_TTM":-0.0448232912,"OPERATE_INCOME_QOQ":0,"NET_PROFIT_RATIO":-15.5328695927,"ROE_AVG":-18.948196924072,"GROSS_PROFIT_QOQ":0,"ROA":-12.471351691378,"HOLDER_PROFIT_QOQ":0,"ROE_YEARLY":-18.948196924072,"ROIC_YEARLY":-23.173844659694,"TOTAL_ASSETS":152376415.2,"TOTAL_LIABILITIES":47650202.4,"TAX_EBT":4.289683918027,"OCF_SALES":7.509103823042,"TOTAL_PARENT_EQUITY":105475124,"DEBT_ASSET_RATIO":31.2713764381,"OPERATE_PROFIT":-22681785.6,"PRETAX_PROFIT":-23930248,"NETCASH_OPERATE":11072415.2,"NETCASH_INVEST":-17463512,"NETCASH_FINANCE":-27048910.4,"END_CASH":67450217.6,"DIVI_RATIO":null,"DIVIDEND_RATE":null,"CURRENT_RATIO":2.035528408979,"COMMON_ACS":10000000000,"CURRENTDEBT_DEBT":88.818532279729,"ISSUED_COMMON_SHARES":507632000,"HK_COMMON_SHARES":507632000,"PER_SHARES":4000,"TOTAL_MARKET_CAP":86297440,"HKSK_MARKET_CAP":86297440,"PE_TTM":-3.505888279504,"PB_TTM":1.645076823363,"REPORT_DATE_SQ":"2020-12-31 00:00:00","REPORT_TYPE_SQ":"2020年年报","OPERATE_INCOME_SQ":258691195,"DPS_HKD":null,"OPERATE_INCOME_QOQ_SQ":0,"NET_PROFIT_RATIO_SQ":-6.8949539431,"HOLDER_PROFIT_SQ":-17331037.5,"HOLDER_PROFIT_QOQ_SQ":0,"ROE_AVG_SQ":-11.085809817542,"PE_TTM_SQ":-3.445713546904,"PB_TTM_SQ":1.244825658791,"ROA_SQ":-7.715702638505,"START_DATE":"2020-08-01 00:00:00","FISCAL_YEAR":"7-31","CURRENCY":"HKD","IS_CNY_CODE":0,"DPS_HKD_LY":0.01,"ORG_TYPE":"一般企业","PREMIUM_INCOME":null,"PREMIUM_INCOME_YOY":null,"NET_INTEREST_INCOME":null,"NET_INTEREST_INCOME_YOY":null,"FEE_COMMISSION_INCOME":null,"FEE_COMMISSION_INCOME_YOY":null,"ACCOUNTS_RECE_TDAYS":70.930827668932,"INVENTORY_TDAYS":null,"CURRENT_ASSETS_TDAYS":1.430173452811,"TOTAL_ASSETS_TDAYS":0.820529187163,"PREMIUM_EXPENSE":null,"LOAN_DEPOSIT":null,"LOAN_EQUITY":null,"LOAN_ASSETS":null,"DEPOSIT_EQUITY":null,"DEPOSIT_ASSETS":null,"EQUITY_MULTIPLIER":1.454997857042,"EQUITY_RATIO":0.45176720911},{"SECUCODE":"01775.HK","SECURITY_CODE":"01775","SECURITY_NAME_ABBR":"精英汇集团","ORG_CODE":"10753427","STD_REPORT_DATE":"2021-06-30 00:00:00","REPORT_DATE":"2021-01-31 00:00:00","DATE_TYPE_CODE":"002","REPORT_TYPE":"2021年中报","PER_NETCASH_OPERATE":0.04419980596,"PER_OI":0.1556733224,"BPS":0.245769901897,"BASIC_EPS":-0.008513124,"DILUTED_EPS":-0.008513124,"OPERATE_INCOME":77836661.2,"OPERATE_INCOME_YOY":-52.0467295006,"GROSS_PROFIT":77836661.2,"GROSS_PROFIT_YOY":-54.824016994305,"HOLDER_PROFIT":-4270750.54,"HOLDER_PROFIT_YOY":-125.8395192648,"GROSS_PROFIT_RATIO":null,"EPS_TTM":-0.07829171966,"OPERATE_INCOME_QOQ":0,"NET_PROFIT_RATIO":-5.9864893845,"ROE_AVG":-3.331553726757,"GROSS_PROFIT_QOQ":0,"ROA":-2.129607664423,"HOLDER_PROFIT_QOQ":0,"ROE_YEARLY":-6.663107453513,"ROIC_YEARLY":-7.959928131976,"TOTAL_ASSETS":193197837.6,"TOTAL_LIABILITIES":70372654.54,"TAX_EBT":27.08632623743,"OCF_SALES":28.39266566588,"TOTAL_PARENT_EQUITY":124760666.84,"DEBT_ASSET_RATIO":36.4251771211,"OPERATE_PROFIT":-5521011.3,"PRETAX_PROFIT":-6390685.34,"NETCASH_OPERATE":22099902.98,"NETCASH_INVEST":-16907731.96,"NETCASH_FINANCE":-17804113.84,"END_CASH":88710925.18,"DIVI_RATIO":null,"DIVIDEND_RATE":null,"CURRENT_RATIO":1.772270907858,"COMMON_ACS":10000000000,"CURRENTDEBT_DEBT":89.186047890698,"ISSUED_COMMON_SHARES":507632000,"HK_COMMON_SHARES":507632000,"PER_SHARES":4000,"TOTAL_MARKET_CAP":86297440,"HKSK_MARKET_CAP":86297440,"PE_TTM":-3.505888279504,"PB_TTM":1.645076823363,"REPORT_DATE_SQ":"2020-06-30 00:00:00","REPORT_TYPE_SQ":"2020年中报","OPERATE_INCOME_SQ":172296552.33,"DPS_HKD":null,"OPERATE_INCOME_QOQ_SQ":0,"NET_PROFIT_RATIO_SQ":9.977324263,"HOLDER_PROFIT_SQ":17544071.79,"HOLDER_PROFIT_QOQ_SQ":0,"ROE_AVG_SQ":10.28107737675,"PE_TTM_SQ":-3.445713546904,"PB_TTM_SQ":1.244825658791,"ROA_SQ":7.086926958451,"START_DATE":"2020-08-01 00:00:00","FISCAL_YEAR":"7-31","CURRENCY":"HKD","IS_CNY_CODE":0,"DPS_HKD_LY":0.01,"ORG_TYPE":"一般企业","PREMIUM_INCOME":null,"PREMIUM_INCOME_YOY":null,"NET_INTEREST_INCOME":null,"NET_INTEREST_INCOME_YOY":null,"FEE_COMMISSION_INCOME":null,"FEE_COMMISSION_INCOME_YOY":null,"ACCOUNTS_RECE_TDAYS":26.883828192563,"INVENTORY_TDAYS":null,"CURRENT_ASSETS_TDAYS":0.671638297642,"TOTAL_ASSETS_TDAYS":0.388132129733,"PREMIUM_EXPENSE":null,"LOAN_DEPOSIT":null,"LOAN_EQUITY":null,"LOAN_ASSETS":null,"DEPOSIT_EQUITY":null,"DEPOSIT_ASSETS":null,"EQUITY_MULTIPLIER":1.572949722416,"EQUITY_RATIO":0.564061224763},{"SECUCODE":"01775.HK","SECURITY_CODE":"01775","SECURITY_NAME_ABBR":"精英汇集团","ORG_CODE":"10753427","STD_REPORT_DATE":"2020-12-31 00:00:00","REPORT_DATE":"2020-07-31 00:00:00","DATE_TYPE_CODE":"001","REPORT_TYPE":"2020年年报","PER_NETCASH_OPERATE":0.060668545,"PER_OI":0.51738239,"BPS":0.279984176529,"BASIC_EPS":-0.034698125,"DILUTED_EPS":-0.034698125,"OPERATE_INCOME":258691195,"OPERATE_INCOME_YOY":-22.7833254423,"GROSS_PROFIT":258691195,"GROSS_PROFIT_YOY":-20.904337214534,"HOLDER_PROFIT":-17331037.5,"HOLDER_PROFIT_YOY":-261.2173038229,"GROSS_PROFIT_RATIO":null,"EPS_TTM":-0.034662075,"OPERATE_INCOME_QOQ":0,"NET_PROFIT_RATIO":-6.8949539431,"ROE_AVG":-11.085809817542,"GROSS_PROFIT_QOQ":0,"ROA":-7.715702638505,"HOLDER_PROFIT_QOQ":0,"ROE_YEARLY":-11.085809817542,"ROIC_YEARLY":-16.375434293889,"TOTAL_ASSETS":224481547.5,"TOTAL_LIABILITIES":84022636.25,"TAX_EBT":10.726690423564,"OCF_SALES":11.726055268329,"TOTAL_PARENT_EQUITY":142128927.5,"DEBT_ASSET_RATIO":37.4296405142,"OPERATE_PROFIT":-17460817.5,"PRETAX_PROFIT":-19979811.25,"NETCASH_OPERATE":30334272.5,"NETCASH_INVEST":-2606415,"NETCASH_FINANCE":-49904015,"END_CASH":109324328.75,"DIVI_RATIO":null,"DIVIDEND_RATE":null,"CURRENT_RATIO":1.89972379324,"COMMON_ACS":10000000000,"CURRENTDEBT_DEBT":81.551877634642,"ISSUED_COMMON_SHARES":507632000,"HK_COMMON_SHARES":507632000,"PER_SHARES":4000,"TOTAL_MARKET_CAP":86297440,"HKSK_MARKET_CAP":86297440,"PE_TTM":-3.505888279504,"PB_TTM":1.645076823363,"REPORT_DATE_SQ":"2019-12-31 00:00:00","REPORT_TYPE_SQ":"2019年年报","OPERATE_INCOME_SQ":327061163.52,"DPS_HKD":null,"OPERATE_INCOME_QOQ_SQ":0,"NET_PROFIT_RATIO_SQ":2.8327163948,"HOLDER_PROFIT_SQ":10494731.52,"HOLDER_PROFIT_QOQ_SQ":0,"ROE_AVG_SQ":6.205438082183,"PE_TTM_SQ":-3.445713546904,"PB_TTM_SQ":1.244825658791,"ROA_SQ":4.787208424973,"START_DATE":"2019-08-01 00:00:00","FISCAL_YEAR":"7-31","CURRENCY":"HKD","IS_CNY_CODE":0,"DPS_HKD_LY":0.02,"ORG_TYPE":"一般企业","PREMIUM_INCOME":null,"PREMIUM_INCOME_YOY":null,"NET_INTEREST_INCOME":null,"NET_INTEREST_INCOME_YOY":null,"FEE_COMMISSION_INCOME":null,"FEE_COMMISSION_INCOME_YOY":null,"ACCOUNTS_RECE_TDAYS":185.363900548918,"INVENTORY_TDAYS":null,"CURRENT_ASSETS_TDAYS":1.762644002849,"TOTAL_ASSETS_TDAYS":1.151681967003,"PREMIUM_EXPENSE":null,"LOAN_DEPOSIT":null,"LOAN_EQUITY":null,"LOAN_ASSETS":null,"DEPOSIT_EQUITY":null,"DEPOSIT_ASSETS":null,"EQUITY_MULTIPLIER":1.598200822591,"EQUITY_RATIO":0.591171957236}],"count":17},"success":true,"message":"ok","code":0}