{"version":"8b34241ca1dd60793f23822d998866a0","result":{"pages":4,"data":[{"SECUCODE":"01771.HK","SECURITY_CODE":"01771","SECURITY_NAME_ABBR":"新丰泰集团","ORG_CODE":"10385003","STD_REPORT_DATE":"2024-06-30 00:00:00","REPORT_DATE":"2024-06-30 00:00:00","DATE_TYPE_CODE":"002","REPORT_TYPE":"2024年中报","PER_NETCASH_OPERATE":0.450851666667,"PER_OI":7.525236666667,"BPS":3.949938333333,"BASIC_EPS":-0.16,"DILUTED_EPS":-0.16,"OPERATE_INCOME":4515142000,"OPERATE_INCOME_YOY":-14.3429093621,"GROSS_PROFIT":11251000,"GROSS_PROFIT_YOY":-95.773462710228,"HOLDER_PROFIT":-96866000,"HOLDER_PROFIT_YOY":-1280.2851224564,"GROSS_PROFIT_RATIO":0.249183746602,"EPS_TTM":-0.155345,"OPERATE_INCOME_QOQ":-6.886984787421,"NET_PROFIT_RATIO":-2.1453588835,"ROE_AVG":-4.008681489924,"GROSS_PROFIT_QOQ":-60.682399704857,"ROA":-1.591565455606,"HOLDER_PROFIT_QOQ":-885.49637620091,"ROE_YEARLY":-8.017362979848,"ROIC_YEARLY":-3.611468666783,"TOTAL_ASSETS":5849250000,"TOTAL_LIABILITIES":3479287000,"TAX_EBT":-0.580435482364,"OCF_SALES":5.991195847218,"TOTAL_PARENT_EQUITY":2369963000,"DEBT_ASSET_RATIO":59.4826174296,"OPERATE_PROFIT":-47101000,"PRETAX_PROFIT":-96307000,"NETCASH_OPERATE":270511000,"NETCASH_INVEST":-18368000,"NETCASH_FINANCE":-343918000,"END_CASH":655143000,"DIVI_RATIO":null,"DIVIDEND_RATE":null,"CURRENT_RATIO":1.228171532901,"COMMON_ACS":1000000000,"CURRENTDEBT_DEBT":76.821486701155,"ISSUED_COMMON_SHARES":600000000,"HK_COMMON_SHARES":600000000,"PER_SHARES":1000,"TOTAL_MARKET_CAP":168000000,"HKSK_MARKET_CAP":168000000,"PE_TTM":-1.64801000771,"PB_TTM":0.06469731384,"REPORT_DATE_SQ":"2023-06-30 00:00:00","REPORT_TYPE_SQ":"2023年中报","OPERATE_INCOME_SQ":5271183000,"DPS_HKD":null,"OPERATE_INCOME_QOQ_SQ":1.050387973721,"NET_PROFIT_RATIO_SQ":0.1556956,"HOLDER_PROFIT_SQ":8207000,"HOLDER_PROFIT_QOQ_SQ":-85.667876699686,"ROE_AVG_SQ":0.333308694942,"PE_TTM_SQ":40.572253576128,"PB_TTM_SQ":0.134828042989,"ROA_SQ":0.136893178701,"START_DATE":"2024-01-01 00:00:00","FISCAL_YEAR":"12-31","CURRENCY":"HKD","IS_CNY_CODE":0,"DPS_HKD_LY":null,"ORG_TYPE":"一般企业","PREMIUM_INCOME":null,"PREMIUM_INCOME_YOY":null,"NET_INTEREST_INCOME":null,"NET_INTEREST_INCOME_YOY":null,"FEE_COMMISSION_INCOME":null,"FEE_COMMISSION_INCOME_YOY":null,"ACCOUNTS_RECE_TDAYS":126.045587147384,"INVENTORY_TDAYS":3.754437662656,"CURRENT_ASSETS_TDAYS":1.29788219021,"TOTAL_ASSETS_TDAYS":0.741864434823,"PREMIUM_EXPENSE":null,"LOAN_DEPOSIT":null,"LOAN_EQUITY":null,"LOAN_ASSETS":null,"DEPOSIT_EQUITY":null,"DEPOSIT_ASSETS":null,"EQUITY_MULTIPLIER":2.468076505837,"EQUITY_RATIO":1.468076505836},{"SECUCODE":"01771.HK","SECURITY_CODE":"01771","SECURITY_NAME_ABBR":"新丰泰集团","ORG_CODE":"10385003","STD_REPORT_DATE":"2023-12-31 00:00:00","REPORT_DATE":"2023-12-31 00:00:00","DATE_TYPE_CODE":"001","REPORT_TYPE":"2023年年报","PER_NETCASH_OPERATE":0.609478333333,"PER_OI":18.296371666667,"BPS":4.104746666667,"BASIC_EPS":0.02,"DILUTED_EPS":0.02,"OPERATE_INCOME":10977823000,"OPERATE_INCOME_YOY":0.4956663864,"GROSS_PROFIT":420135000,"GROSS_PROFIT_YOY":-41.300119876938,"HOLDER_PROFIT":11866000,"HOLDER_PROFIT_YOY":-85.3983879899,"GROSS_PROFIT_RATIO":3.827124922674,"EPS_TTM":0.019776666667,"OPERATE_INCOME_QOQ":-0.548955425591,"NET_PROFIT_RATIO":0.1080906478,"ROE_AVG":0.481803160306,"GROSS_PROFIT_QOQ":-25.700446184618,"ROA":0.193941890165,"HOLDER_PROFIT_QOQ":1.880312526831,"ROE_YEARLY":0.481803160306,"ROIC_YEARLY":0.22083664258,"TOTAL_ASSETS":6323168000,"TOTAL_LIABILITIES":3860320000,"TAX_EBT":34.06312513892,"OCF_SALES":3.331143160169,"TOTAL_PARENT_EQUITY":2462848000,"DEBT_ASSET_RATIO":61.0504101741,"OPERATE_PROFIT":113168000,"PRETAX_PROFIT":17996000,"NETCASH_OPERATE":365687000,"NETCASH_INVEST":-209688000,"NETCASH_FINANCE":-120554000,"END_CASH":746215000,"DIVI_RATIO":null,"DIVIDEND_RATE":null,"CURRENT_RATIO":1.201735534542,"COMMON_ACS":1000000000,"CURRENTDEBT_DEBT":79.218251336677,"ISSUED_COMMON_SHARES":600000000,"HK_COMMON_SHARES":600000000,"PER_SHARES":1000,"TOTAL_MARKET_CAP":162000000,"HKSK_MARKET_CAP":162000000,"PE_TTM":-1.589152507434,"PB_TTM":0.062386695488,"REPORT_DATE_SQ":"2022-12-31 00:00:00","REPORT_TYPE_SQ":"2022年年报","OPERATE_INCOME_SQ":10923678000,"DPS_HKD":null,"OPERATE_INCOME_QOQ_SQ":2.366436163593,"NET_PROFIT_RATIO_SQ":0.7439344148,"HOLDER_PROFIT_SQ":81265000,"HOLDER_PROFIT_QOQ_SQ":-59.979217658096,"ROE_AVG_SQ":3.315831693745,"PE_TTM_SQ":51.391521196429,"PB_TTM_SQ":0.170782187786,"ROA_SQ":1.378231472844,"START_DATE":"2023-01-01 00:00:00","FISCAL_YEAR":"12-31","CURRENCY":"HKD","IS_CNY_CODE":0,"DPS_HKD_LY":0.02,"ORG_TYPE":"一般企业","PREMIUM_INCOME":null,"PREMIUM_INCOME_YOY":null,"NET_INTEREST_INCOME":null,"NET_INTEREST_INCOME_YOY":null,"FEE_COMMISSION_INCOME":null,"FEE_COMMISSION_INCOME_YOY":null,"ACCOUNTS_RECE_TDAYS":292.945055238299,"INVENTORY_TDAYS":8.045883774011,"CURRENT_ASSETS_TDAYS":3.114072840637,"TOTAL_ASSETS_TDAYS":1.794252269105,"PREMIUM_EXPENSE":null,"LOAN_DEPOSIT":null,"LOAN_EQUITY":null,"LOAN_ASSETS":null,"DEPOSIT_EQUITY":null,"DEPOSIT_ASSETS":null,"EQUITY_MULTIPLIER":2.567421131955,"EQUITY_RATIO":1.567421131958},{"SECUCODE":"01771.HK","SECURITY_CODE":"01771","SECURITY_NAME_ABBR":"新丰泰集团","ORG_CODE":"10385003","STD_REPORT_DATE":"2023-06-30 00:00:00","REPORT_DATE":"2023-06-30 00:00:00","DATE_TYPE_CODE":"002","REPORT_TYPE":"2023年中报","PER_NETCASH_OPERATE":0.580513333333,"PER_OI":8.785305,"BPS":4.102915,"BASIC_EPS":0.01,"DILUTED_EPS":0.01,"OPERATE_INCOME":5271183000,"OPERATE_INCOME_YOY":2.2251971418,"GROSS_PROFIT":266199000,"GROSS_PROFIT_YOY":-36.082377686855,"HOLDER_PROFIT":8207000,"HOLDER_PROFIT_YOY":-89.4545454545,"GROSS_PROFIT_RATIO":5.050080788316,"EPS_TTM":0.019411666667,"OPERATE_INCOME_QOQ":1.050387973721,"NET_PROFIT_RATIO":0.1556956,"ROE_AVG":0.333308694942,"GROSS_PROFIT_QOQ":-20.995649221638,"ROA":0.136893178701,"HOLDER_PROFIT_QOQ":-85.667876699686,"ROE_YEARLY":0.666617389885,"ROIC_YEARLY":0.310813052406,"TOTAL_ASSETS":6076884000,"TOTAL_LIABILITIES":3615135000,"TAX_EBT":44.498546020153,"OCF_SALES":6.607776660382,"TOTAL_PARENT_EQUITY":2461749000,"DEBT_ASSET_RATIO":59.4899458341,"OPERATE_PROFIT":66525000,"PRETAX_PROFIT":14787000,"NETCASH_OPERATE":348308000,"NETCASH_INVEST":-150226000,"NETCASH_FINANCE":-246544000,"END_CASH":664248000,"DIVI_RATIO":null,"DIVIDEND_RATE":null,"CURRENT_RATIO":1.135318427569,"COMMON_ACS":1000000000,"CURRENTDEBT_DEBT":85.340104864687,"ISSUED_COMMON_SHARES":600000000,"HK_COMMON_SHARES":600000000,"PER_SHARES":1000,"TOTAL_MARKET_CAP":162000000,"HKSK_MARKET_CAP":162000000,"PE_TTM":-1.589152507434,"PB_TTM":0.062386695488,"REPORT_DATE_SQ":"2022-06-30 00:00:00","REPORT_TYPE_SQ":"2022年中报","OPERATE_INCOME_SQ":5156442000,"DPS_HKD":null,"OPERATE_INCOME_QOQ_SQ":-8.317300616596,"NET_PROFIT_RATIO_SQ":1.5092771333,"HOLDER_PROFIT_SQ":77825000,"HOLDER_PROFIT_QOQ_SQ":-41.287722169374,"ROE_AVG_SQ":3.165474063551,"PE_TTM_SQ":51.391521196429,"PB_TTM_SQ":0.170782187786,"ROA_SQ":1.289071965911,"START_DATE":"2023-01-01 00:00:00","FISCAL_YEAR":"12-31","CURRENCY":"HKD","IS_CNY_CODE":0,"DPS_HKD_LY":0.02,"ORG_TYPE":"一般企业","PREMIUM_INCOME":null,"PREMIUM_INCOME_YOY":null,"NET_INTEREST_INCOME":null,"NET_INTEREST_INCOME_YOY":null,"FEE_COMMISSION_INCOME":null,"FEE_COMMISSION_INCOME_YOY":null,"ACCOUNTS_RECE_TDAYS":124.583330378984,"INVENTORY_TDAYS":3.833998444181,"CURRENT_ASSETS_TDAYS":1.532744372063,"TOTAL_ASSETS_TDAYS":0.879236013631,"PREMIUM_EXPENSE":null,"LOAN_DEPOSIT":null,"LOAN_EQUITY":null,"LOAN_ASSETS":null,"DEPOSIT_EQUITY":null,"DEPOSIT_ASSETS":null,"EQUITY_MULTIPLIER":2.468522989144,"EQUITY_RATIO":1.468522989143},{"SECUCODE":"01771.HK","SECURITY_CODE":"01771","SECURITY_NAME_ABBR":"新丰泰集团","ORG_CODE":"10385003","STD_REPORT_DATE":"2022-12-31 00:00:00","REPORT_DATE":"2022-12-31 00:00:00","DATE_TYPE_CODE":"001","REPORT_TYPE":"2022年年报","PER_NETCASH_OPERATE":0.18879,"PER_OI":18.20613,"BPS":4.104691666667,"BASIC_EPS":0.14,"DILUTED_EPS":0.14,"OPERATE_INCOME":10923678000,"OPERATE_INCOME_YOY":-6.1476880626,"GROSS_PROFIT":715734000,"GROSS_PROFIT_YOY":-27.942662924199,"HOLDER_PROFIT":81265000,"HOLDER_PROFIT_YOY":-76.5028870814,"GROSS_PROFIT_RATIO":6.55213381427,"EPS_TTM":0.135441666667,"OPERATE_INCOME_QOQ":2.366436163593,"NET_PROFIT_RATIO":0.7439344148,"ROE_AVG":3.315831693745,"GROSS_PROFIT_QOQ":-22.747456518501,"ROA":1.378231472844,"HOLDER_PROFIT_QOQ":-59.979217658096,"ROE_YEARLY":3.315831693745,"ROIC_YEARLY":1.609855050644,"TOTAL_ASSETS":5913487000,"TOTAL_LIABILITIES":3450672000,"TAX_EBT":37.198608964451,"OCF_SALES":1.036958431034,"TOTAL_PARENT_EQUITY":2462815000,"DEBT_ASSET_RATIO":58.3525760689,"OPERATE_PROFIT":236777000,"PRETAX_PROFIT":129400000,"NETCASH_OPERATE":113274000,"NETCASH_INVEST":-307513000,"NETCASH_FINANCE":-37009000,"END_CASH":709179000,"DIVI_RATIO":null,"DIVIDEND_RATE":null,"CURRENT_RATIO":1.125662925305,"COMMON_ACS":1000000000,"CURRENTDEBT_DEBT":86.900203786393,"ISSUED_COMMON_SHARES":600000000,"HK_COMMON_SHARES":600000000,"PER_SHARES":1000,"TOTAL_MARKET_CAP":162000000,"HKSK_MARKET_CAP":162000000,"PE_TTM":-1.589152507434,"PB_TTM":0.062386695488,"REPORT_DATE_SQ":"2021-12-31 00:00:00","REPORT_TYPE_SQ":"2021年年报","OPERATE_INCOME_SQ":11639221000,"DPS_HKD":null,"OPERATE_INCOME_QOQ_SQ":-5.510433677686,"NET_PROFIT_RATIO_SQ":2.9714273833,"HOLDER_PROFIT_SQ":345851000,"HOLDER_PROFIT_QOQ_SQ":8.303166570634,"ROE_AVG_SQ":15.046456370732,"PE_TTM_SQ":51.391521196429,"PB_TTM_SQ":0.170782187786,"ROA_SQ":6.336924613352,"START_DATE":"2022-01-01 00:00:00","FISCAL_YEAR":"12-31","CURRENCY":"HKD","IS_CNY_CODE":0,"DPS_HKD_LY":0.12,"ORG_TYPE":"一般企业","PREMIUM_INCOME":null,"PREMIUM_INCOME_YOY":null,"NET_INTEREST_INCOME":null,"NET_INTEREST_INCOME_YOY":null,"FEE_COMMISSION_INCOME":null,"FEE_COMMISSION_INCOME_YOY":null,"ACCOUNTS_RECE_TDAYS":319.817250263497,"INVENTORY_TDAYS":8.502184693651,"CURRENT_ASSETS_TDAYS":3.128340784984,"TOTAL_ASSETS_TDAYS":1.852624970013,"PREMIUM_EXPENSE":null,"LOAN_DEPOSIT":null,"LOAN_EQUITY":null,"LOAN_ASSETS":null,"DEPOSIT_EQUITY":null,"DEPOSIT_ASSETS":null,"EQUITY_MULTIPLIER":2.401108893684,"EQUITY_RATIO":1.401108893685},{"SECUCODE":"01771.HK","SECURITY_CODE":"01771","SECURITY_NAME_ABBR":"新丰泰集团","ORG_CODE":"10385003","STD_REPORT_DATE":"2022-06-30 00:00:00","REPORT_DATE":"2022-06-30 00:00:00","DATE_TYPE_CODE":"002","REPORT_TYPE":"2022年中报","PER_NETCASH_OPERATE":0.086951666667,"PER_OI":8.59407,"BPS":4.13049,"BASIC_EPS":0.13,"DILUTED_EPS":0.13,"OPERATE_INCOME":5156442000,"OPERATE_INCOME_YOY":-15.8064701002,"GROSS_PROFIT":416472000,"GROSS_PROFIT_YOY":-13.822087032094,"HOLDER_PROFIT":77825000,"HOLDER_PROFIT_YOY":-64.7242531242,"GROSS_PROFIT_RATIO":8.076731979144,"EPS_TTM":0.338428333333,"OPERATE_INCOME_QOQ":-8.317300616596,"NET_PROFIT_RATIO":1.5092771333,"ROE_AVG":3.165474063551,"GROSS_PROFIT_QOQ":-6.724964864027,"ROA":1.289071965911,"HOLDER_PROFIT_QOQ":-41.287722169374,"ROE_YEARLY":6.330948127103,"ROIC_YEARLY":3.085457967994,"TOTAL_ASSETS":6195416000,"TOTAL_LIABILITIES":3717122000,"TAX_EBT":36.759005696362,"OCF_SALES":1.011763537726,"TOTAL_PARENT_EQUITY":2478294000,"DEBT_ASSET_RATIO":59.9979404127,"OPERATE_PROFIT":172255000,"PRETAX_PROFIT":123061000,"NETCASH_OPERATE":52171000,"NETCASH_INVEST":-115966000,"NETCASH_FINANCE":95136000,"END_CASH":963701000,"DIVI_RATIO":null,"DIVIDEND_RATE":null,"CURRENT_RATIO":1.251669401663,"COMMON_ACS":1000000000,"CURRENTDEBT_DEBT":81.691346154364,"ISSUED_COMMON_SHARES":600000000,"HK_COMMON_SHARES":600000000,"PER_SHARES":1000,"TOTAL_MARKET_CAP":162000000,"HKSK_MARKET_CAP":162000000,"PE_TTM":-1.589152507434,"PB_TTM":0.062386695488,"REPORT_DATE_SQ":"2021-06-30 00:00:00","REPORT_TYPE_SQ":"2021年中报","OPERATE_INCOME_SQ":6124511000,"DPS_HKD":null,"OPERATE_INCOME_QOQ_SQ":15.831407040799,"NET_PROFIT_RATIO_SQ":3.6022304475,"HOLDER_PROFIT_SQ":220619000,"HOLDER_PROFIT_QOQ_SQ":119.945037158462,"ROE_AVG_SQ":9.858789251896,"PE_TTM_SQ":51.391521196429,"PB_TTM_SQ":0.170782187786,"ROA_SQ":4.331353372461,"START_DATE":"2022-01-01 00:00:00","FISCAL_YEAR":"12-31","CURRENCY":"HKD","IS_CNY_CODE":0,"DPS_HKD_LY":0.12,"ORG_TYPE":"一般企业","PREMIUM_INCOME":null,"PREMIUM_INCOME_YOY":null,"NET_INTEREST_INCOME":null,"NET_INTEREST_INCOME_YOY":null,"FEE_COMMISSION_INCOME":null,"FEE_COMMISSION_INCOME_YOY":null,"ACCOUNTS_RECE_TDAYS":148.628475074582,"INVENTORY_TDAYS":3.992468169551,"CURRENT_ASSETS_TDAYS":1.391938757785,"TOTAL_ASSETS_TDAYS":0.854098917577,"PREMIUM_EXPENSE":null,"LOAN_DEPOSIT":null,"LOAN_EQUITY":null,"LOAN_ASSETS":null,"DEPOSIT_EQUITY":null,"DEPOSIT_ASSETS":null,"EQUITY_MULTIPLIER":2.499871282421,"EQUITY_RATIO":1.499871282423},{"SECUCODE":"01771.HK","SECURITY_CODE":"01771","SECURITY_NAME_ABBR":"新丰泰集团","ORG_CODE":"10385003","STD_REPORT_DATE":"2021-12-31 00:00:00","REPORT_DATE":"2021-12-31 00:00:00","DATE_TYPE_CODE":"001","REPORT_TYPE":"2021年年报","PER_NETCASH_OPERATE":0.226621666667,"PER_OI":19.398701666667,"BPS":4.064701666667,"BASIC_EPS":0.58,"DILUTED_EPS":0.58,"OPERATE_INCOME":11639221000,"OPERATE_INCOME_YOY":9.4485941779,"GROSS_PROFIT":993284000,"GROSS_PROFIT_YOY":32.650992594769,"HOLDER_PROFIT":345851000,"HOLDER_PROFIT_YOY":138.2074399576,"GROSS_PROFIT_RATIO":8.533938826318,"EPS_TTM":0.576418333333,"OPERATE_INCOME_QOQ":-5.510433677686,"NET_PROFIT_RATIO":2.9714273833,"ROE_AVG":15.046456370732,"GROSS_PROFIT_QOQ":8.224096020606,"ROA":6.336924613352,"HOLDER_PROFIT_QOQ":8.303166570634,"ROE_YEARLY":15.046456370732,"ROIC_YEARLY":7.590658282765,"TOTAL_ASSETS":5879162000,"TOTAL_LIABILITIES":3440341000,"TAX_EBT":25.834930928149,"OCF_SALES":1.168231104126,"TOTAL_PARENT_EQUITY":2438821000,"DEBT_ASSET_RATIO":58.517540425,"OPERATE_PROFIT":560031000,"PRETAX_PROFIT":466326000,"NETCASH_OPERATE":135973000,"NETCASH_INVEST":-216467000,"NETCASH_FINANCE":271252000,"END_CASH":931300000,"DIVI_RATIO":null,"DIVIDEND_RATE":null,"CURRENT_RATIO":1.384166113943,"COMMON_ACS":1000000000,"CURRENTDEBT_DEBT":75.771238955673,"ISSUED_COMMON_SHARES":600000000,"HK_COMMON_SHARES":600000000,"PER_SHARES":1000,"TOTAL_MARKET_CAP":162000000,"HKSK_MARKET_CAP":162000000,"PE_TTM":-1.589152507434,"PB_TTM":0.062386695488,"REPORT_DATE_SQ":"2020-12-31 00:00:00","REPORT_TYPE_SQ":"2020年年报","OPERATE_INCOME_SQ":10634418000,"DPS_HKD":null,"OPERATE_INCOME_QOQ_SQ":15.260826710847,"NET_PROFIT_RATIO_SQ":1.3652745265,"HOLDER_PROFIT_SQ":145189000,"HOLDER_PROFIT_QOQ_SQ":58.536159247005,"ROE_AVG_SQ":6.92451138434,"PE_TTM_SQ":51.391521196429,"PB_TTM_SQ":0.170782187786,"ROA_SQ":2.806455491308,"START_DATE":"2021-01-01 00:00:00","FISCAL_YEAR":"12-31","CURRENCY":"HKD","IS_CNY_CODE":0,"DPS_HKD_LY":0.13,"ORG_TYPE":"一般企业","PREMIUM_INCOME":null,"PREMIUM_INCOME_YOY":null,"NET_INTEREST_INCOME":null,"NET_INTEREST_INCOME_YOY":null,"FEE_COMMISSION_INCOME":null,"FEE_COMMISSION_INCOME_YOY":null,"ACCOUNTS_RECE_TDAYS":334.975350035255,"INVENTORY_TDAYS":10.892070564583,"CURRENT_ASSETS_TDAYS":3.522097725084,"TOTAL_ASSETS_TDAYS":2.132619712973,"PREMIUM_EXPENSE":null,"LOAN_DEPOSIT":null,"LOAN_EQUITY":null,"LOAN_ASSETS":null,"DEPOSIT_EQUITY":null,"DEPOSIT_ASSETS":null,"EQUITY_MULTIPLIER":2.410657444726,"EQUITY_RATIO":1.410657444724},{"SECUCODE":"01771.HK","SECURITY_CODE":"01771","SECURITY_NAME_ABBR":"新丰泰集团","ORG_CODE":"10385003","STD_REPORT_DATE":"2021-06-30 00:00:00","REPORT_DATE":"2021-06-30 00:00:00","DATE_TYPE_CODE":"002","REPORT_TYPE":"2021年中报","PER_NETCASH_OPERATE":0.365705,"PER_OI":10.207518333333,"BPS":3.862153333333,"BASIC_EPS":0.37,"DILUTED_EPS":0.37,"OPERATE_INCOME":6124511000,"OPERATE_INCOME_YOY":37.9104571044,"GROSS_PROFIT":483270000,"GROSS_PROFIT_YOY":53.77933062222,"HOLDER_PROFIT":220619000,"HOLDER_PROFIT_YOY":374.7353244965,"GROSS_PROFIT_RATIO":7.890752420887,"EPS_TTM":0.532226666667,"OPERATE_INCOME_QOQ":15.831407040799,"NET_PROFIT_RATIO":3.6022304475,"ROE_AVG":9.858789251896,"GROSS_PROFIT_QOQ":22.570663532743,"ROA":4.331353372461,"HOLDER_PROFIT_QOQ":119.945037158462,"ROE_YEARLY":19.717578503792,"ROIC_YEARLY":10.445494401359,"TOTAL_ASSETS":5150811000,"TOTAL_LIABILITIES":2833519000,"TAX_EBT":24.650179478335,"OCF_SALES":3.582702357788,"TOTAL_PARENT_EQUITY":2317292000,"DEBT_ASSET_RATIO":55.011123491,"OPERATE_PROFIT":340558000,"PRETAX_PROFIT":292793000,"NETCASH_OPERATE":219423000,"NETCASH_INVEST":-104801000,"NETCASH_FINANCE":-75764000,"END_CASH":781187000,"DIVI_RATIO":null,"DIVIDEND_RATE":null,"CURRENT_RATIO":1.350256618116,"COMMON_ACS":1000000000,"CURRENTDEBT_DEBT":79.407831745614,"ISSUED_COMMON_SHARES":600000000,"HK_COMMON_SHARES":600000000,"PER_SHARES":1000,"TOTAL_MARKET_CAP":162000000,"HKSK_MARKET_CAP":162000000,"PE_TTM":-1.589152507434,"PB_TTM":0.062386695488,"REPORT_DATE_SQ":"2020-06-30 00:00:00","REPORT_TYPE_SQ":"2020年中报","OPERATE_INCOME_SQ":4440933000,"DPS_HKD":null,"OPERATE_INCOME_QOQ_SQ":-0.948379304055,"NET_PROFIT_RATIO_SQ":1.0464467714,"HOLDER_PROFIT_SQ":46472000,"HOLDER_PROFIT_QOQ_SQ":-23.637318746925,"ROE_AVG_SQ":2.270834325895,"PE_TTM_SQ":51.391521196429,"PB_TTM_SQ":0.170782187786,"ROA_SQ":0.870136784596,"START_DATE":"2021-01-01 00:00:00","FISCAL_YEAR":"12-31","CURRENCY":"HKD","IS_CNY_CODE":0,"DPS_HKD_LY":0.13,"ORG_TYPE":"一般企业","PREMIUM_INCOME":null,"PREMIUM_INCOME_YOY":null,"NET_INTEREST_INCOME":null,"NET_INTEREST_INCOME_YOY":null,"FEE_COMMISSION_INCOME":null,"FEE_COMMISSION_INCOME_YOY":null,"ACCOUNTS_RECE_TDAYS":163.416164149634,"INVENTORY_TDAYS":6.327570416591,"CURRENT_ASSETS_TDAYS":2.028268538364,"TOTAL_ASSETS_TDAYS":1.202408739706,"PREMIUM_EXPENSE":null,"LOAN_DEPOSIT":null,"LOAN_EQUITY":null,"LOAN_ASSETS":null,"DEPOSIT_EQUITY":null,"DEPOSIT_ASSETS":null,"EQUITY_MULTIPLIER":2.222771666236,"EQUITY_RATIO":1.222771666238},{"SECUCODE":"01771.HK","SECURITY_CODE":"01771","SECURITY_NAME_ABBR":"新丰泰集团","ORG_CODE":"10385003","STD_REPORT_DATE":"2020-12-31 00:00:00","REPORT_DATE":"2020-12-31 00:00:00","DATE_TYPE_CODE":"001","REPORT_TYPE":"2020年年报","PER_NETCASH_OPERATE":1.029865,"PER_OI":17.72403,"BPS":3.597146666667,"BASIC_EPS":0.24,"DILUTED_EPS":0.24,"OPERATE_INCOME":10634418000,"OPERATE_INCOME_YOY":14.1677168846,"GROSS_PROFIT":748795000,"GROSS_PROFIT_YOY":14.45632120131,"HOLDER_PROFIT":145189000,"HOLDER_PROFIT_YOY":21.0624619567,"GROSS_PROFIT_RATIO":7.041240996922,"EPS_TTM":0.241981666667,"OPERATE_INCOME_QOQ":15.260826710847,"NET_PROFIT_RATIO":1.3652745265,"ROE_AVG":6.92451138434,"GROSS_PROFIT_QOQ":16.514409573914,"ROA":2.806455491308,"HOLDER_PROFIT_QOQ":58.536159247005,"ROE_YEARLY":6.92451138434,"ROIC_YEARLY":3.374288022415,"TOTAL_ASSETS":5036259000,"TOTAL_LIABILITIES":2877971000,"TAX_EBT":28.736348688247,"OCF_SALES":5.810557756898,"TOTAL_PARENT_EQUITY":2158288000,"DEBT_ASSET_RATIO":57.1450157746,"OPERATE_PROFIT":306757000,"PRETAX_PROFIT":203735000,"NETCASH_OPERATE":617919000,"NETCASH_INVEST":-274318000,"NETCASH_FINANCE":-480418000,"END_CASH":743542000,"DIVI_RATIO":null,"DIVIDEND_RATE":null,"CURRENT_RATIO":1.132826428412,"COMMON_ACS":1000000000,"CURRENTDEBT_DEBT":92.049190210742,"ISSUED_COMMON_SHARES":600000000,"HK_COMMON_SHARES":600000000,"PER_SHARES":1000,"TOTAL_MARKET_CAP":162000000,"HKSK_MARKET_CAP":162000000,"PE_TTM":-1.589152507434,"PB_TTM":0.062386695488,"REPORT_DATE_SQ":"2019-12-31 00:00:00","REPORT_TYPE_SQ":"2019年年报","OPERATE_INCOME_SQ":9314733000,"DPS_HKD":null,"OPERATE_INCOME_QOQ_SQ":-2.251860573472,"NET_PROFIT_RATIO_SQ":1.2875194598,"HOLDER_PROFIT_SQ":119929000,"HOLDER_PROFIT_QOQ_SQ":-35.627945423121,"ROE_AVG_SQ":6.014048609744,"PE_TTM_SQ":51.391521196429,"PB_TTM_SQ":0.170782187786,"ROA_SQ":2.404881993263,"START_DATE":"2020-01-01 00:00:00","FISCAL_YEAR":"12-31","CURRENCY":"HKD","IS_CNY_CODE":0,"DPS_HKD_LY":0.04,"ORG_TYPE":"一般企业","PREMIUM_INCOME":null,"PREMIUM_INCOME_YOY":null,"NET_INTEREST_INCOME":null,"NET_INTEREST_INCOME_YOY":null,"FEE_COMMISSION_INCOME":null,"FEE_COMMISSION_INCOME_YOY":null,"ACCOUNTS_RECE_TDAYS":247.102296887526,"INVENTORY_TDAYS":9.552526404283,"CURRENT_ASSETS_TDAYS":3.365480308173,"TOTAL_ASSETS_TDAYS":2.055597930488,"PREMIUM_EXPENSE":null,"LOAN_DEPOSIT":null,"LOAN_EQUITY":null,"LOAN_ASSETS":null,"DEPOSIT_EQUITY":null,"DEPOSIT_ASSETS":null,"EQUITY_MULTIPLIER":2.333450864759,"EQUITY_RATIO":1.333450864759},{"SECUCODE":"01771.HK","SECURITY_CODE":"01771","SECURITY_NAME_ABBR":"新丰泰集团","ORG_CODE":"10385003","STD_REPORT_DATE":"2020-06-30 00:00:00","REPORT_DATE":"2020-06-30 00:00:00","DATE_TYPE_CODE":"002","REPORT_TYPE":"2020年中报","PER_NETCASH_OPERATE":0.29794,"PER_OI":7.401555,"BPS":3.429588333333,"BASIC_EPS":0.08,"DILUTED_EPS":0.08,"OPERATE_INCOME":4440933000,"OPERATE_INCOME_YOY":-1.9504017423,"GROSS_PROFIT":314262000,"GROSS_PROFIT_YOY":-3.546765372079,"HOLDER_PROFIT":46472000,"HOLDER_PROFIT_YOY":-37.8882651697,"GROSS_PROFIT_RATIO":7.076485954641,"EPS_TTM":0.152635,"OPERATE_INCOME_QOQ":-0.948379304055,"NET_PROFIT_RATIO":1.0464467714,"ROE_AVG":2.270834325895,"GROSS_PROFIT_QOQ":-1.766380982515,"ROA":0.870136784596,"HOLDER_PROFIT_QOQ":-23.637318746925,"ROE_YEARLY":4.54166865179,"ROIC_YEARLY":2.089844375803,"TOTAL_ASSETS":5371010000,"TOTAL_LIABILITIES":3313257000,"TAX_EBT":34.190551716325,"OCF_SALES":4.025370344475,"TOTAL_PARENT_EQUITY":2057753000,"DEBT_ASSET_RATIO":61.6877831171,"OPERATE_PROFIT":122040000,"PRETAX_PROFIT":70616000,"NETCASH_OPERATE":178764000,"NETCASH_INVEST":-60375000,"NETCASH_FINANCE":-156747000,"END_CASH":850314000,"DIVI_RATIO":null,"DIVIDEND_RATE":null,"CURRENT_RATIO":1.118792782237,"COMMON_ACS":1000000000,"CURRENTDEBT_DEBT":91.500055685388,"ISSUED_COMMON_SHARES":600000000,"HK_COMMON_SHARES":600000000,"PER_SHARES":1000,"TOTAL_MARKET_CAP":162000000,"HKSK_MARKET_CAP":162000000,"PE_TTM":-1.589152507434,"PB_TTM":0.062386695488,"REPORT_DATE_SQ":"2019-06-30 00:00:00","REPORT_TYPE_SQ":"2019年中报","OPERATE_INCOME_SQ":4529272000,"DPS_HKD":null,"OPERATE_INCOME_QOQ_SQ":6.491720208743,"NET_PROFIT_RATIO_SQ":1.6519211034,"HOLDER_PROFIT_SQ":74820000,"HOLDER_PROFIT_QOQ_SQ":-12.598868466237,"ROE_AVG_SQ":3.79334916684,"PE_TTM_SQ":51.391521196429,"PB_TTM_SQ":0.170782187786,"ROA_SQ":1.56692198783,"START_DATE":"2020-01-01 00:00:00","FISCAL_YEAR":"12-31","CURRENCY":"HKD","IS_CNY_CODE":0,"DPS_HKD_LY":0.04,"ORG_TYPE":"一般企业","PREMIUM_INCOME":null,"PREMIUM_INCOME_YOY":null,"NET_INTEREST_INCOME":null,"NET_INTEREST_INCOME_YOY":null,"FEE_COMMISSION_INCOME":null,"FEE_COMMISSION_INCOME_YOY":null,"ACCOUNTS_RECE_TDAYS":90.549975532175,"INVENTORY_TDAYS":3.518018601717,"CURRENT_ASSETS_TDAYS":1.32358822701,"TOTAL_ASSETS_TDAYS":0.83151557093,"PREMIUM_EXPENSE":null,"LOAN_DEPOSIT":null,"LOAN_EQUITY":null,"LOAN_ASSETS":null,"DEPOSIT_EQUITY":null,"DEPOSIT_ASSETS":null,"EQUITY_MULTIPLIER":2.610133480546,"EQUITY_RATIO":1.610133480549}],"count":28},"success":true,"message":"ok","code":0}