{"version":"5ee00a38f2138659cce9f56603c26223","result":{"pages":4,"data":[{"SECUCODE":"01772.HK","SECURITY_CODE":"01772","SECURITY_NAME_ABBR":"赣锋锂业","ORG_CODE":"10127423","STD_REPORT_DATE":"2024-09-30 00:00:00","REPORT_DATE":"2024-09-30 00:00:00","DATE_TYPE_CODE":"004","REPORT_TYPE":"2024年三季报","PER_NETCASH_OPERATE":2.035485780992,"PER_OI":6.903338881024,"BPS":21.800046629483,"BASIC_EPS":-0.32,"DILUTED_EPS":-0.32,"OPERATE_INCOME":13925192758.32,"OPERATE_INCOME_YOY":-45.7783132766,"GROSS_PROFIT":1440445886.22,"GROSS_PROFIT_YOY":-67.612375623313,"HOLDER_PROFIT":-640389644.06,"HOLDER_PROFIT_YOY":-110.6556729187,"GROSS_PROFIT_RATIO":10.344171971044,"EPS_TTM":-0.826748130082,"OPERATE_INCOME_QOQ":-13.085596006055,"NET_PROFIT_RATIO":-7.4116762485,"ROE_AVG":-1.407318953387,"GROSS_PROFIT_QOQ":2.606493699224,"ROA":-0.672785666148,"HOLDER_PROFIT_QOQ":-0.882382365164,"ROE_YEARLY":-1.876425271183,"ROIC_YEARLY":-0.797358726677,"TOTAL_ASSETS":98671685119.8,"TOTAL_LIABILITIES":46545327921.73,"TAX_EBT":-9.883008894183,"OCF_SALES":29.48552600521,"TOTAL_PARENT_EQUITY":43974351641.69,"DEBT_ASSET_RATIO":47.1719195484,"OPERATE_PROFIT":-412459579.1,"PRETAX_PROFIT":-939262780.13,"NETCASH_OPERATE":4105916332.03,"NETCASH_INVEST":-7368119731.24,"NETCASH_FINANCE":966469098.54,"END_CASH":6945994348.65,"DIVI_RATIO":-0.961721093897,"DIVIDEND_RATE":3.908160356347,"CURRENT_RATIO":0.821205358785,"COMMON_ACS":null,"CURRENTDEBT_DEBT":57.361337933523,"ISSUED_COMMON_SHARES":2017167779,"HK_COMMON_SHARES":403574080,"PER_SHARES":200,"TOTAL_MARKET_CAP":45285416638.55,"HKSK_MARKET_CAP":9060238096,"PE_TTM":-25.711639094381,"PB_TTM":0.928676247537,"REPORT_DATE_SQ":"2023-09-30 00:00:00","REPORT_TYPE_SQ":"2023年三季报","OPERATE_INCOME_SQ":25681961591.04,"DPS_HKD":0.877382,"OPERATE_INCOME_QOQ_SQ":-12.666525960163,"NET_PROFIT_RATIO_SQ":22.8934896875,"HOLDER_PROFIT_SQ":6009847045.29,"HOLDER_PROFIT_QOQ_SQ":-38.72650222265,"ROE_AVG_SQ":12.987023257223,"PE_TTM_SQ":3.322285446392,"PB_TTM_SQ":0.826128288976,"ROA_SQ":6.987291214434,"START_DATE":"2024-01-01 00:00:00","FISCAL_YEAR":"12-31","CURRENCY":"HKD","IS_CNY_CODE":0,"DPS_HKD_LY":0.877382,"ORG_TYPE":"一般企业","PREMIUM_INCOME":null,"PREMIUM_INCOME_YOY":null,"NET_INTEREST_INCOME":null,"NET_INTEREST_INCOME_YOY":null,"FEE_COMMISSION_INCOME":null,"FEE_COMMISSION_INCOME_YOY":null,"ACCOUNTS_RECE_TDAYS":2.476144002844,"INVENTORY_TDAYS":1.510986513061,"CURRENT_ASSETS_TDAYS":0.555787438642,"TOTAL_ASSETS_TDAYS":0.14629640209,"PREMIUM_EXPENSE":null,"LOAN_DEPOSIT":null,"LOAN_EQUITY":null,"LOAN_ASSETS":null,"DEPOSIT_EQUITY":null,"DEPOSIT_ASSETS":null,"EQUITY_MULTIPLIER":1.892932681732,"EQUITY_RATIO":1.058465359558},{"SECUCODE":"01772.HK","SECURITY_CODE":"01772","SECURITY_NAME_ABBR":"赣锋锂业","ORG_CODE":"10127423","STD_REPORT_DATE":"2024-06-30 00:00:00","REPORT_DATE":"2024-06-30 00:00:00","DATE_TYPE_CODE":"002","REPORT_TYPE":"2024年中报","PER_NETCASH_OPERATE":1.954472523825,"PER_OI":4.721878913177,"BPS":21.965702338338,"BASIC_EPS":-0.38,"DILUTED_EPS":-0.38,"OPERATE_INCOME":9524822000,"OPERATE_INCOME_YOY":-47.4102907699,"GROSS_PROFIT":1062685000,"GROSS_PROFIT_YOY":-74.146747922977,"HOLDER_PROFIT":-759135000,"HOLDER_PROFIT_YOY":-112.9181155838,"GROSS_PROFIT_RATIO":11.15700639865,"EPS_TTM":-0.819516857849,"OPERATE_INCOME_QOQ":-14.79480821634,"NET_PROFIT_RATIO":-11.1791695425,"ROE_AVG":-1.662170517088,"GROSS_PROFIT_QOQ":11.611586145066,"ROA":-0.800512207177,"HOLDER_PROFIT_QOQ":-176.994353142709,"ROE_YEARLY":-3.324341034175,"ROIC_YEARLY":-1.915240850711,"TOTAL_ASSETS":97964416000,"TOTAL_LIABILITIES":45375283000,"TAX_EBT":-6.025703961342,"OCF_SALES":41.391839133582,"TOTAL_PARENT_EQUITY":44308507000,"DEBT_ASSET_RATIO":46.3181273903,"OPERATE_PROFIT":-849134000,"PRETAX_PROFIT":-1004281000,"NETCASH_OPERATE":3942499000,"NETCASH_INVEST":-6013253000,"NETCASH_FINANCE":1032463000,"END_CASH":8260086000,"DIVI_RATIO":-0.970207151232,"DIVIDEND_RATE":3.934448430493,"CURRENT_RATIO":0.90648412215,"COMMON_ACS":null,"CURRENTDEBT_DEBT":58.14456958869,"ISSUED_COMMON_SHARES":2017167779,"HK_COMMON_SHARES":403574080,"PER_SHARES":200,"TOTAL_MARKET_CAP":44982841471.7,"HKSK_MARKET_CAP":8999701984,"PE_TTM":-25.539846405554,"PB_TTM":0.922471283745,"REPORT_DATE_SQ":"2023-06-30 00:00:00","REPORT_TYPE_SQ":"2023年中报","OPERATE_INCOME_SQ":18111570000,"DPS_HKD":0.877382,"OPERATE_INCOME_QOQ_SQ":-0.621177888573,"NET_PROFIT_RATIO_SQ":32.4272440214,"HOLDER_PROFIT_SQ":5876515000,"HOLDER_PROFIT_QOQ_SQ":-1.289456006429,"ROE_AVG_SQ":12.708341992602,"PE_TTM_SQ":3.928429904279,"PB_TTM_SQ":0.97685377357,"ROA_SQ":6.969657309947,"START_DATE":"2024-01-01 00:00:00","FISCAL_YEAR":"12-31","CURRENCY":"HKD","IS_CNY_CODE":0,"DPS_HKD_LY":0.877382,"ORG_TYPE":"一般企业","PREMIUM_INCOME":null,"PREMIUM_INCOME_YOY":null,"NET_INTEREST_INCOME":null,"NET_INTEREST_INCOME_YOY":null,"FEE_COMMISSION_INCOME":null,"FEE_COMMISSION_INCOME_YOY":null,"ACCOUNTS_RECE_TDAYS":1.846661192059,"INVENTORY_TDAYS":1.032923885288,"CURRENT_ASSETS_TDAYS":0.365633304938,"TOTAL_ASSETS_TDAYS":0.100439793741,"PREMIUM_EXPENSE":null,"LOAN_DEPOSIT":null,"LOAN_EQUITY":null,"LOAN_ASSETS":null,"DEPOSIT_EQUITY":null,"DEPOSIT_ASSETS":null,"EQUITY_MULTIPLIER":1.862826223054,"EQUITY_RATIO":1.024076098976},{"SECUCODE":"01772.HK","SECURITY_CODE":"01772","SECURITY_NAME_ABBR":"赣锋锂业","ORG_CODE":"10127423","STD_REPORT_DATE":"2024-03-31 00:00:00","REPORT_DATE":"2024-03-31 00:00:00","DATE_TYPE_CODE":"003","REPORT_TYPE":"2024年一季报","PER_NETCASH_OPERATE":0.058922066993,"PER_OI":2.507423806337,"BPS":23.784975210012,"BASIC_EPS":-0.22,"DILUTED_EPS":-0.22,"OPERATE_INCOME":5057894510.44,"OPERATE_INCOME_YOY":-46.410559369,"GROSS_PROFIT":313034304.22,"GROSS_PROFIT_YOY":-91.11509584559,"HOLDER_PROFIT":-438901866.58,"HOLDER_PROFIT_YOY":-118.3135168472,"GROSS_PROFIT_RATIO":6.189023981696,"EPS_TTM":1.06438566518,"OPERATE_INCOME_QOQ":-13.349789517298,"NET_PROFIT_RATIO":-11.7766584141,"ROE_AVG":-0.923883410011,"GROSS_PROFIT_QOQ":-69.651450262773,"ROA":-0.468758705183,"HOLDER_PROFIT_QOQ":-56.908696130112,"ROE_YEARLY":-3.695533640043,"ROIC_YEARLY":-2.231870609823,"TOTAL_ASSETS":95563417766.95,"TOTAL_LIABILITIES":41306477399.23,"TAX_EBT":-19.18185527483,"OCF_SALES":2.349904585093,"TOTAL_PARENT_EQUITY":47978285617.95,"DEBT_ASSET_RATIO":43.224152468,"OPERATE_PROFIT":-290377660.19,"PRETAX_PROFIT":-499783258.17,"NETCASH_OPERATE":118855695.01,"NETCASH_INVEST":-2079431243.89,"NETCASH_FINANCE":1573640963.14,"END_CASH":8921539762.3,"DIVI_RATIO":0.747004720235,"DIVIDEND_RATE":3.934448430493,"CURRENT_RATIO":1.253953363872,"COMMON_ACS":null,"CURRENTDEBT_DEBT":49.554724252186,"ISSUED_COMMON_SHARES":2017167779,"HK_COMMON_SHARES":403574080,"PER_SHARES":200,"TOTAL_MARKET_CAP":44982841471.7,"HKSK_MARKET_CAP":8999701984,"PE_TTM":-25.539846405554,"PB_TTM":0.922471283745,"REPORT_DATE_SQ":"2023-03-31 00:00:00","REPORT_TYPE_SQ":"2023年一季报","OPERATE_INCOME_SQ":9438229716.32,"DPS_HKD":0.877382,"OPERATE_INCOME_QOQ_SQ":9.84505272433,"NET_PROFIT_RATIO_SQ":22.9277415585,"HOLDER_PROFIT_SQ":2396600665.19,"HOLDER_PROFIT_QOQ_SQ":-5.503740722345,"ROE_AVG_SQ":5.310446565306,"PE_TTM_SQ":3.928429904279,"PB_TTM_SQ":0.97685377357,"ROA_SQ":2.994004624861,"START_DATE":"2024-01-01 00:00:00","FISCAL_YEAR":"12-31","CURRENCY":"HKD","IS_CNY_CODE":0,"DPS_HKD_LY":0.877382,"ORG_TYPE":"一般企业","PREMIUM_INCOME":null,"PREMIUM_INCOME_YOY":null,"NET_INTEREST_INCOME":null,"NET_INTEREST_INCOME_YOY":null,"FEE_COMMISSION_INCOME":null,"FEE_COMMISSION_INCOME_YOY":null,"ACCOUNTS_RECE_TDAYS":0.770878411131,"INVENTORY_TDAYS":0.623079345875,"CURRENT_ASSETS_TDAYS":0.187844400514,"TOTAL_ASSETS_TDAYS":0.054019639974,"PREMIUM_EXPENSE":null,"LOAN_DEPOSIT":null,"LOAN_EQUITY":null,"LOAN_ASSETS":null,"DEPOSIT_EQUITY":null,"DEPOSIT_ASSETS":null,"EQUITY_MULTIPLIER":1.76131232464,"EQUITY_RATIO":0.860941087561},{"SECUCODE":"01772.HK","SECURITY_CODE":"01772","SECURITY_NAME_ABBR":"赣锋锂业","ORG_CODE":"10127423","STD_REPORT_DATE":"2023-12-31 00:00:00","REPORT_DATE":"2023-12-31 00:00:00","DATE_TYPE_CODE":"001","REPORT_TYPE":"2023年年报","PER_NETCASH_OPERATE":0.072617162303,"PER_OI":16.266379694141,"BPS":23.316903278773,"BASIC_EPS":2.47,"DILUTED_EPS":2.47,"OPERATE_INCOME":32812017000,"OPERATE_INCOME_YOY":-20.6877005135,"GROSS_PROFIT":4608922000,"GROSS_PROFIT_YOY":-77.367831842846,"HOLDER_PROFIT":4982547000,"HOLDER_PROFIT_YOY":-75.6995334793,"GROSS_PROFIT_RATIO":14.046445239864,"EPS_TTM":2.470070686173,"OPERATE_INCOME_QOQ":-16.807254197448,"NET_PROFIT_RATIO":14.0527325705,"ROE_AVG":10.94140269304,"GROSS_PROFIT_QOQ":-50.961547249843,"ROA":5.832390068488,"HOLDER_PROFIT_QOQ":-57.48288610852,"ROE_YEARLY":10.94140269304,"ROIC_YEARLY":6.998655940646,"TOTAL_ASSETS":91697900969.28,"TOTAL_LIABILITIES":39382038192.52,"TAX_EBT":12.909166288126,"OCF_SALES":0.446424857088,"TOTAL_PARENT_EQUITY":47034107033.38,"DEBT_ASSET_RATIO":42.9475904797,"OPERATE_PROFIT":3149637000,"PRETAX_PROFIT":5294455000,"NETCASH_OPERATE":146481000,"NETCASH_INVEST":-10183080000,"NETCASH_FINANCE":10217611000,"END_CASH":9293732000,"DIVI_RATIO":0.321894073919,"DIVIDEND_RATE":3.934448430493,"CURRENT_RATIO":1.390359876825,"COMMON_ACS":null,"CURRENTDEBT_DEBT":51.473459809326,"ISSUED_COMMON_SHARES":2017167779,"HK_COMMON_SHARES":403574080,"PER_SHARES":200,"TOTAL_MARKET_CAP":44982841471.7,"HKSK_MARKET_CAP":8999701984,"PE_TTM":-25.539846405554,"PB_TTM":0.922471283745,"REPORT_DATE_SQ":"2022-12-31 00:00:00","REPORT_TYPE_SQ":"2022年年报","OPERATE_INCOME_SQ":41370654000,"DPS_HKD":0.877382,"OPERATE_INCOME_QOQ_SQ":30.916041048292,"NET_PROFIT_RATIO_SQ":49.4576759652,"HOLDER_PROFIT_SQ":20503915000,"HOLDER_PROFIT_QOQ_SQ":16.844934819917,"ROE_AVG_SQ":62.192839306887,"PE_TTM_SQ":3.928429904279,"PB_TTM_SQ":0.97685377357,"ROA_SQ":34.688735362552,"START_DATE":"2023-01-01 00:00:00","FISCAL_YEAR":"12-31","CURRENCY":"HKD","IS_CNY_CODE":0,"DPS_HKD_LY":1.088194,"ORG_TYPE":"一般企业","PREMIUM_INCOME":null,"PREMIUM_INCOME_YOY":null,"NET_INTEREST_INCOME":null,"NET_INTEREST_INCOME_YOY":null,"FEE_COMMISSION_INCOME":null,"FEE_COMMISSION_INCOME_YOY":null,"ACCOUNTS_RECE_TDAYS":4.505712933044,"INVENTORY_TDAYS":3.069719279945,"CURRENT_ASSETS_TDAYS":1.090998512164,"TOTAL_ASSETS_TDAYS":0.384085653538,"PREMIUM_EXPENSE":null,"LOAN_DEPOSIT":null,"LOAN_EQUITY":null,"LOAN_ASSETS":null,"DEPOSIT_EQUITY":null,"DEPOSIT_ASSETS":null,"EQUITY_MULTIPLIER":1.752774349774,"EQUITY_RATIO":0.837308087184},{"SECUCODE":"01772.HK","SECURITY_CODE":"01772","SECURITY_NAME_ABBR":"赣锋锂业","ORG_CODE":"10127423","STD_REPORT_DATE":"2023-09-30 00:00:00","REPORT_DATE":"2023-09-30 00:00:00","DATE_TYPE_CODE":"004","REPORT_TYPE":"2023年三季报","PER_NETCASH_OPERATE":-0.678724110306,"PER_OI":12.731693346684,"BPS":24.047947231815,"BASIC_EPS":2.98,"DILUTED_EPS":2.98,"OPERATE_INCOME":25681961591.04,"OPERATE_INCOME_YOY":-6.9886959829,"GROSS_PROFIT":4447519427.38,"GROSS_PROFIT_YOY":-71.193682133437,"HOLDER_PROFIT":6009847045.29,"HOLDER_PROFIT_YOY":-59.3787656254,"GROSS_PROFIT_RATIO":17.418850786852,"EPS_TTM":5.809591621099,"OPERATE_INCOME_QOQ":-12.666525960163,"NET_PROFIT_RATIO":22.8934896875,"ROE_AVG":12.987023257223,"GROSS_PROFIT_QOQ":-40.651648581475,"ROA":6.987291214434,"HOLDER_PROFIT_QOQ":-38.72650222265,"ROE_YEARLY":17.316031009631,"ROIC_YEARLY":8.412592333703,"TOTAL_ASSETS":92862318954.04,"TOTAL_LIABILITIES":38777746556.17,"TAX_EBT":7.197169807021,"OCF_SALES":-5.330980662387,"TOTAL_PARENT_EQUITY":48508744307.11,"DEBT_ASSET_RATIO":41.7583224207,"OPERATE_PROFIT":6715085590.54,"PRETAX_PROFIT":6335471899.04,"NETCASH_OPERATE":-1369100406.14,"NETCASH_INVEST":-7178146647.51,"NETCASH_FINANCE":8130186135.03,"END_CASH":8721510630.13,"DIVI_RATIO":0.136860070018,"DIVIDEND_RATE":3.934448430493,"CURRENT_RATIO":1.56192602392,"COMMON_ACS":null,"CURRENTDEBT_DEBT":51.394710223921,"ISSUED_COMMON_SHARES":2017167779,"HK_COMMON_SHARES":403574080,"PER_SHARES":200,"TOTAL_MARKET_CAP":44982841471.7,"HKSK_MARKET_CAP":8999701984,"PE_TTM":-25.539846405554,"PB_TTM":0.922471283745,"REPORT_DATE_SQ":"2022-09-30 00:00:00","REPORT_TYPE_SQ":"2022年三季报","OPERATE_INCOME_SQ":27611656306.11,"DPS_HKD":0.877382,"OPERATE_INCOME_QOQ_SQ":48.090767209248,"NET_PROFIT_RATIO_SQ":54.2783935728,"HOLDER_PROFIT_SQ":14794841018.06,"HOLDER_PROFIT_QOQ_SQ":58.581558101558,"ROE_AVG_SQ":48.75657908297,"PE_TTM_SQ":3.928429904279,"PB_TTM_SQ":0.97685377357,"ROA_SQ":27.235449659065,"START_DATE":"2023-01-01 00:00:00","FISCAL_YEAR":"12-31","CURRENCY":"HKD","IS_CNY_CODE":0,"DPS_HKD_LY":1.088194,"ORG_TYPE":"一般企业","PREMIUM_INCOME":null,"PREMIUM_INCOME_YOY":null,"NET_INTEREST_INCOME":null,"NET_INTEREST_INCOME_YOY":null,"FEE_COMMISSION_INCOME":null,"FEE_COMMISSION_INCOME_YOY":null,"ACCOUNTS_RECE_TDAYS":3.262198922086,"INVENTORY_TDAYS":2.016523195297,"CURRENT_ASSETS_TDAYS":0.814075772671,"TOTAL_ASSETS_TDAYS":0.298588871301,"PREMIUM_EXPENSE":null,"LOAN_DEPOSIT":null,"LOAN_EQUITY":null,"LOAN_ASSETS":null,"DEPOSIT_EQUITY":null,"DEPOSIT_ASSETS":null,"EQUITY_MULTIPLIER":1.716983510028,"EQUITY_RATIO":0.799397038824},{"SECUCODE":"01772.HK","SECURITY_CODE":"01772","SECURITY_NAME_ABBR":"赣锋锂业","ORG_CODE":"10127423","STD_REPORT_DATE":"2023-06-30 00:00:00","REPORT_DATE":"2023-06-30 00:00:00","DATE_TYPE_CODE":"002","REPORT_TYPE":"2023年中报","PER_NETCASH_OPERATE":-1.334126505498,"PER_OI":8.978712722141,"BPS":24.013852245852,"BASIC_EPS":2.92,"DILUTED_EPS":2.92,"OPERATE_INCOME":18111570000,"OPERATE_INCOME_YOY":26.4695574501,"GROSS_PROFIT":4110450000,"GROSS_PROFIT_YOY":-52.523454426466,"HOLDER_PROFIT":5876515000,"HOLDER_PROFIT_YOY":-18.9986402172,"GROSS_PROFIT_RATIO":22.801380553977,"EPS_TTM":9.481410123198,"OPERATE_INCOME_QOQ":-0.621177888573,"NET_PROFIT_RATIO":32.4272440214,"ROE_AVG":12.708341992602,"GROSS_PROFIT_QOQ":-22.033394541372,"ROA":6.969657309947,"HOLDER_PROFIT_QOQ":-1.289456006429,"ROE_YEARLY":25.416683985203,"ROIC_YEARLY":16.852098422513,"TOTAL_ASSETS":89471480000,"TOTAL_LIABILITIES":35897949000,"TAX_EBT":6.041465956391,"OCF_SALES":-14.858772596743,"TOTAL_PARENT_EQUITY":48439969000,"DEBT_ASSET_RATIO":40.1222255405,"OPERATE_PROFIT":4354006000,"PRETAX_PROFIT":6250718000,"NETCASH_OPERATE":-2691157000,"NETCASH_INVEST":-4755078000,"NETCASH_FINANCE":8414585000,"END_CASH":10116861000,"DIVI_RATIO":0.083858951961,"DIVIDEND_RATE":3.934448430493,"CURRENT_RATIO":1.849930730658,"COMMON_ACS":null,"CURRENTDEBT_DEBT":50.30508567495,"ISSUED_COMMON_SHARES":2017167779,"HK_COMMON_SHARES":403574080,"PER_SHARES":200,"TOTAL_MARKET_CAP":44982841471.7,"HKSK_MARKET_CAP":8999701984,"PE_TTM":-25.539846405554,"PB_TTM":0.922471283745,"REPORT_DATE_SQ":"2022-06-30 00:00:00","REPORT_TYPE_SQ":"2022年中报","OPERATE_INCOME_SQ":14320893000,"DPS_HKD":0.877382,"OPERATE_INCOME_QOQ_SQ":44.167456986803,"NET_PROFIT_RATIO_SQ":51.3345990365,"HOLDER_PROFIT_SQ":7254835000,"HOLDER_PROFIT_QOQ_SQ":33.724513009505,"ROE_AVG_SQ":27.868702581553,"PE_TTM_SQ":3.928429904279,"PB_TTM_SQ":0.97685377357,"ROA_SQ":15.463619776175,"START_DATE":"2023-01-01 00:00:00","FISCAL_YEAR":"12-31","CURRENCY":"HKD","IS_CNY_CODE":0,"DPS_HKD_LY":1.088194,"ORG_TYPE":"一般企业","PREMIUM_INCOME":null,"PREMIUM_INCOME_YOY":null,"NET_INTEREST_INCOME":null,"NET_INTEREST_INCOME_YOY":null,"FEE_COMMISSION_INCOME":null,"FEE_COMMISSION_INCOME_YOY":null,"ACCOUNTS_RECE_TDAYS":2.720991947704,"INVENTORY_TDAYS":1.302480985452,"CURRENT_ASSETS_TDAYS":0.55409940731,"TOTAL_ASSETS_TDAYS":0.214806626453,"PREMIUM_EXPENSE":null,"LOAN_DEPOSIT":null,"LOAN_EQUITY":null,"LOAN_ASSETS":null,"DEPOSIT_EQUITY":null,"DEPOSIT_ASSETS":null,"EQUITY_MULTIPLIER":1.670068750929,"EQUITY_RATIO":0.741081172038},{"SECUCODE":"01772.HK","SECURITY_CODE":"01772","SECURITY_NAME_ABBR":"赣锋锂业","ORG_CODE":"10127423","STD_REPORT_DATE":"2023-03-31 00:00:00","REPORT_DATE":"2023-03-31 00:00:00","DATE_TYPE_CODE":"003","REPORT_TYPE":"2023年一季报","PER_NETCASH_OPERATE":-1.571105747309,"PER_OI":4.679100271174,"BPS":22.911840919119,"BASIC_EPS":1.19,"DILUTED_EPS":1.19,"OPERATE_INCOME":9438229716.32,"OPERATE_INCOME_YOY":75.9135134435,"GROSS_PROFIT":3523215318.7,"GROSS_PROFIT_YOY":-1.477024242629,"HOLDER_PROFIT":2396600665.19,"HOLDER_PROFIT_YOY":-32.0129291827,"GROSS_PROFIT_RATIO":37.329196518791,"EPS_TTM":9.605571705097,"OPERATE_INCOME_QOQ":9.84505272433,"NET_PROFIT_RATIO":22.9277415585,"ROE_AVG":5.310446565306,"GROSS_PROFIT_QOQ":-0.259367819763,"ROA":2.994004624861,"HOLDER_PROFIT_QOQ":-5.503740722345,"ROE_YEARLY":21.241786261223,"ROIC_YEARLY":14.496075210766,"TOTAL_ASSETS":80933407511.25,"TOTAL_LIABILITIES":29693841543.98,"TAX_EBT":8.062793727822,"OCF_SALES":-33.577090813548,"TOTAL_PARENT_EQUITY":46217027259.62,"DEBT_ASSET_RATIO":36.68922693,"OPERATE_PROFIT":2492907723.51,"PRETAX_PROFIT":2353751005.5,"NETCASH_OPERATE":-3169082963.04,"NETCASH_INVEST":-2557591073.83,"NETCASH_FINANCE":4579657096.2,"END_CASH":7950070822.8,"DIVI_RATIO":0.082774991479,"DIVIDEND_RATE":3.934448430493,"CURRENT_RATIO":2.35448135685,"COMMON_ACS":null,"CURRENTDEBT_DEBT":43.624171499144,"ISSUED_COMMON_SHARES":2017167779,"HK_COMMON_SHARES":403574080,"PER_SHARES":200,"TOTAL_MARKET_CAP":44982841471.7,"HKSK_MARKET_CAP":8999701984,"PE_TTM":-25.539846405554,"PB_TTM":0.922471283745,"REPORT_DATE_SQ":"2022-03-31 00:00:00","REPORT_TYPE_SQ":"2022年一季报","OPERATE_INCOME_SQ":5365267017.62,"DPS_HKD":0.877382,"OPERATE_INCOME_QOQ_SQ":34.034609813704,"NET_PROFIT_RATIO_SQ":66.3532051422,"HOLDER_PROFIT_SQ":3525082984.72,"HOLDER_PROFIT_QOQ_SQ":58.343512015679,"ROE_AVG_SQ":14.936523035701,"PE_TTM_SQ":3.928429904279,"PB_TTM_SQ":0.97685377357,"ROA_SQ":8.395233839531,"START_DATE":"2023-01-01 00:00:00","FISCAL_YEAR":"12-31","CURRENCY":"HKD","IS_CNY_CODE":0,"DPS_HKD_LY":1.088194,"ORG_TYPE":"一般企业","PREMIUM_INCOME":null,"PREMIUM_INCOME_YOY":null,"NET_INTEREST_INCOME":null,"NET_INTEREST_INCOME_YOY":null,"FEE_COMMISSION_INCOME":null,"FEE_COMMISSION_INCOME_YOY":null,"ACCOUNTS_RECE_TDAYS":1.127811729721,"INVENTORY_TDAYS":0.588114981833,"CURRENT_ASSETS_TDAYS":0.302191305641,"TOTAL_ASSETS_TDAYS":0.117909102804,"PREMIUM_EXPENSE":null,"LOAN_DEPOSIT":null,"LOAN_EQUITY":null,"LOAN_ASSETS":null,"DEPOSIT_EQUITY":null,"DEPOSIT_ASSETS":null,"EQUITY_MULTIPLIER":1.579510013082,"EQUITY_RATIO":0.642487050869},{"SECUCODE":"01772.HK","SECURITY_CODE":"01772","SECURITY_NAME_ABBR":"赣锋锂业","ORG_CODE":"10127423","STD_REPORT_DATE":"2022-12-31 00:00:00","REPORT_DATE":"2022-12-31 00:00:00","DATE_TYPE_CODE":"001","REPORT_TYPE":"2022年年报","PER_NETCASH_OPERATE":6.192567654484,"PER_OI":20.510615739431,"BPS":21.833992917453,"BASIC_EPS":10.18,"DILUTED_EPS":10.17,"OPERATE_INCOME":41370654000,"OPERATE_INCOME_YOY":274.6321450308,"GROSS_PROFIT":20364474000,"GROSS_PROFIT_YOY":367.389293123428,"HOLDER_PROFIT":20503915000,"HOLDER_PROFIT_YOY":292.3501919853,"GROSS_PROFIT_RATIO":49.224443007355,"EPS_TTM":10.165367985697,"OPERATE_INCOME_QOQ":30.916041048292,"NET_PROFIT_RATIO":49.4576759652,"ROE_AVG":62.192839306887,"GROSS_PROFIT_QOQ":17.788409541374,"ROA":34.688735362552,"HOLDER_PROFIT_QOQ":16.844934819917,"ROE_YEARLY":62.192839306887,"ROIC_YEARLY":43.251044104973,"TOTAL_ASSETS":79159910000,"TOTAL_LIABILITIES":30293602000,"TAX_EBT":10.176516778706,"OCF_SALES":30.192012434708,"TOTAL_PARENT_EQUITY":44042827000,"DEBT_ASSET_RATIO":38.2688686735,"OPERATE_PROFIT":19272192000,"PRETAX_PROFIT":22779081000,"NETCASH_OPERATE":12490633000,"NETCASH_INVEST":-15312395000,"NETCASH_FINANCE":6404845000,"END_CASH":9073017000,"DIVI_RATIO":0.078216658478,"DIVIDEND_RATE":3.934448430493,"CURRENT_RATIO":1.713544064101,"COMMON_ACS":null,"CURRENTDEBT_DEBT":61.580412259988,"ISSUED_COMMON_SHARES":2017167779,"HK_COMMON_SHARES":403574080,"PER_SHARES":200,"TOTAL_MARKET_CAP":44982841471.7,"HKSK_MARKET_CAP":8999701984,"PE_TTM":-25.539846405554,"PB_TTM":0.922471283745,"REPORT_DATE_SQ":"2021-12-31 00:00:00","REPORT_TYPE_SQ":"2021年年报","OPERATE_INCOME_SQ":11043007000,"DPS_HKD":0.877382,"OPERATE_INCOME_QOQ_SQ":27.673422746328,"NET_PROFIT_RATIO_SQ":49.0270811202,"HOLDER_PROFIT_SQ":5225922000,"HOLDER_PROFIT_QOQ_SQ":64.979534718618,"ROE_AVG_SQ":32.06148584137,"PE_TTM_SQ":3.928429904279,"PB_TTM_SQ":0.97685377357,"ROA_SQ":17.112562375132,"START_DATE":"2022-01-01 00:00:00","FISCAL_YEAR":"12-31","CURRENCY":"HKD","IS_CNY_CODE":0,"DPS_HKD_LY":0.351318,"ORG_TYPE":"一般企业","PREMIUM_INCOME":null,"PREMIUM_INCOME_YOY":null,"NET_INTEREST_INCOME":null,"NET_INTEREST_INCOME_YOY":null,"FEE_COMMISSION_INCOME":null,"FEE_COMMISSION_INCOME_YOY":null,"ACCOUNTS_RECE_TDAYS":7.99689523566,"INVENTORY_TDAYS":3.136564826488,"CURRENT_ASSETS_TDAYS":1.775839880754,"TOTAL_ASSETS_TDAYS":0.699913001191,"PREMIUM_EXPENSE":null,"LOAN_DEPOSIT":null,"LOAN_EQUITY":null,"LOAN_ASSETS":null,"DEPOSIT_EQUITY":null,"DEPOSIT_ASSETS":null,"EQUITY_MULTIPLIER":1.61992819265,"EQUITY_RATIO":0.687821469771},{"SECUCODE":"01772.HK","SECURITY_CODE":"01772","SECURITY_NAME_ABBR":"赣锋锂业","ORG_CODE":"10127423","STD_REPORT_DATE":"2022-09-30 00:00:00","REPORT_DATE":"2022-09-30 00:00:00","DATE_TYPE_CODE":"004","REPORT_TYPE":"2022年三季报","PER_NETCASH_OPERATE":3.946557224807,"PER_OI":13.690557634876,"BPS":19.232332979601,"BASIC_EPS":7.35,"DILUTED_EPS":7.33,"OPERATE_INCOME":27611656306.11,"OPERATE_INCOME_YOY":291.4460323304,"GROSS_PROFIT":15439388845.12,"GROSS_PROFIT_YOY":515.746199313845,"HOLDER_PROFIT":14794841018.06,"HOLDER_PROFIT_YOY":498.3050531855,"GROSS_PROFIT_RATIO":55.916199571496,"EPS_TTM":8.70072778104,"OPERATE_INCOME_QOQ":48.090767209248,"NET_PROFIT_RATIO":54.2783935728,"ROE_AVG":48.75657908297,"GROSS_PROFIT_QOQ":48.919993493666,"ROA":27.235449659065,"HOLDER_PROFIT_QOQ":58.581558101558,"ROE_YEARLY":65.008772110627,"ROIC_YEARLY":36.486697838279,"TOTAL_ASSETS":69587349398.47,"TOTAL_LIABILITIES":25697576592.22,"TAX_EBT":13.035366429934,"OCF_SALES":28.826855195096,"TOTAL_PARENT_EQUITY":38794842401.45,"DEBT_ASSET_RATIO":36.9285176319,"OPERATE_PROFIT":17133072746.62,"PRETAX_PROFIT":17233630346.68,"NETCASH_OPERATE":7959572180.33,"NETCASH_INVEST":-5299495936.7,"NETCASH_FINANCE":3940476867.47,"END_CASH":12324320050.94,"DIVI_RATIO":0.091383288393,"DIVIDEND_RATE":3.934448430493,"CURRENT_RATIO":2.042630667507,"COMMON_ACS":null,"CURRENTDEBT_DEBT":62.53919217447,"ISSUED_COMMON_SHARES":2017167779,"HK_COMMON_SHARES":403574080,"PER_SHARES":200,"TOTAL_MARKET_CAP":44982841471.7,"HKSK_MARKET_CAP":8999701984,"PE_TTM":-25.539846405554,"PB_TTM":0.922471283745,"REPORT_DATE_SQ":"2021-09-30 00:00:00","REPORT_TYPE_SQ":"2021年三季报","OPERATE_INCOME_SQ":7053758123.88,"DPS_HKD":0.877382,"OPERATE_INCOME_QOQ_SQ":21.156553082332,"NET_PROFIT_RATIO_SQ":36.0316598336,"HOLDER_PROFIT_SQ":2472792255.27,"HOLDER_PROFIT_QOQ_SQ":38.760890323635,"ROE_AVG_SQ":16.467342856272,"PE_TTM_SQ":3.928429904279,"PB_TTM_SQ":0.97685377357,"ROA_SQ":8.845621279281,"START_DATE":"2022-01-01 00:00:00","FISCAL_YEAR":"12-31","CURRENCY":"HKD","IS_CNY_CODE":0,"DPS_HKD_LY":0.351318,"ORG_TYPE":"一般企业","PREMIUM_INCOME":null,"PREMIUM_INCOME_YOY":null,"NET_INTEREST_INCOME":null,"NET_INTEREST_INCOME_YOY":null,"FEE_COMMISSION_INCOME":null,"FEE_COMMISSION_INCOME_YOY":null,"ACCOUNTS_RECE_TDAYS":4.379685700863,"INVENTORY_TDAYS":2.061978689905,"CURRENT_ASSETS_TDAYS":1.163723703319,"TOTAL_ASSETS_TDAYS":0.508296016436,"PREMIUM_EXPENSE":null,"LOAN_DEPOSIT":null,"LOAN_EQUITY":null,"LOAN_ASSETS":null,"DEPOSIT_EQUITY":null,"DEPOSIT_ASSETS":null,"EQUITY_MULTIPLIER":1.585502611408,"EQUITY_RATIO":0.662396725995}],"count":34},"success":true,"message":"ok","code":0}