{"version":"7fa87823f499ec5dbe0e480520910553","result":{"pages":4,"data":[{"SECUCODE":"01777.HK","SECURITY_CODE":"01777","SECURITY_NAME_ABBR":"花样年控股","ORG_CODE":"10132008","STD_REPORT_DATE":"2024-06-30 00:00:00","REPORT_DATE":"2024-06-30 00:00:00","DATE_TYPE_CODE":"002","REPORT_TYPE":"2024年中报","PER_NETCASH_OPERATE":-0.106265500292,"PER_OI":0.284322594206,"BPS":-1.489631913151,"BASIC_EPS":-0.5477,"DILUTED_EPS":-0.5477,"OPERATE_INCOME":1641280000,"OPERATE_INCOME_YOY":-59.1737743837,"GROSS_PROFIT":362083000,"GROSS_PROFIT_YOY":-37.147534040175,"HOLDER_PROFIT":-3161480000,"HOLDER_PROFIT_YOY":-16.7401181994,"GROSS_PROFIT_RATIO":22.06101335543,"EPS_TTM":-1.202466404821,"OPERATE_INCOME_QOQ":-15.014308487081,"NET_PROFIT_RATIO":-192.0409070969,"ROE_AVG":45.056726371185,"GROSS_PROFIT_QOQ":-8.65605644046,"ROA":-4.093586545221,"HOLDER_PROFIT_QOQ":-6.987427577948,"ROE_YEARLY":90.113452742371,"ROIC_YEARLY":-8.695728889635,"TOTAL_ASSETS":76740058000,"TOTAL_LIABILITIES":81923867000,"TAX_EBT":-3.261356711812,"OCF_SALES":-37.374975628778,"TOTAL_PARENT_EQUITY":-8599046000,"DEBT_ASSET_RATIO":106.7550235628,"OPERATE_PROFIT":-1093502000,"PRETAX_PROFIT":-3052380000,"NETCASH_OPERATE":-613428000,"NETCASH_INVEST":334533000,"NETCASH_FINANCE":-43823000,"END_CASH":943680000,"DIVI_RATIO":null,"DIVIDEND_RATE":null,"CURRENT_RATIO":0.881251622108,"COMMON_ACS":8000000000,"CURRENTDEBT_DEBT":82.37116785515,"ISSUED_COMMON_SHARES":5772597864,"HK_COMMON_SHARES":5772597864,"PER_SHARES":1500,"TOTAL_MARKET_CAP":531079003.488,"HKSK_MARKET_CAP":531079003.488,"PE_TTM":-0.069096306453,"PB_TTM":-0.056367320852,"REPORT_DATE_SQ":"2023-06-30 00:00:00","REPORT_TYPE_SQ":"2023年中报","OPERATE_INCOME_SQ":4020161000,"DPS_HKD":null,"OPERATE_INCOME_QOQ_SQ":4.842540193457,"NET_PROFIT_RATIO_SQ":-69.7810361326,"HOLDER_PROFIT_SQ":-2708135000,"HOLDER_PROFIT_QOQ_SQ":10.454147077683,"ROE_AVG_SQ":905.848923438174,"PE_TTM_SQ":-0.040630736569,"PB_TTM_SQ":-0.131937166085,"ROA_SQ":-2.891297589121,"START_DATE":"2024-01-01 00:00:00","FISCAL_YEAR":"12-31","CURRENCY":"HKD","IS_CNY_CODE":0,"DPS_HKD_LY":null,"ORG_TYPE":"一般企业","PREMIUM_INCOME":null,"PREMIUM_INCOME_YOY":null,"NET_INTEREST_INCOME":null,"NET_INTEREST_INCOME_YOY":null,"FEE_COMMISSION_INCOME":null,"FEE_COMMISSION_INCOME_YOY":null,"ACCOUNTS_RECE_TDAYS":0.133940054709,"INVENTORY_TDAYS":0.033617824048,"CURRENT_ASSETS_TDAYS":0.027540062004,"TOTAL_ASSETS_TDAYS":0.021251824225,"PREMIUM_EXPENSE":null,"LOAN_DEPOSIT":null,"LOAN_EQUITY":null,"LOAN_ASSETS":null,"DEPOSIT_EQUITY":null,"DEPOSIT_ASSETS":null,"EQUITY_MULTIPLIER":-14.803797362115,"EQUITY_RATIO":-9.527087888587},{"SECUCODE":"01777.HK","SECURITY_CODE":"01777","SECURITY_NAME_ABBR":"花样年控股","ORG_CODE":"10132008","STD_REPORT_DATE":"2023-12-31 00:00:00","REPORT_DATE":"2023-12-31 00:00:00","DATE_TYPE_CODE":"001","REPORT_TYPE":"2023年年报","PER_NETCASH_OPERATE":-0.115390507999,"PER_OI":2.744707560319,"BPS":-0.941393481415,"BASIC_EPS":-1.1239,"DILUTED_EPS":-1.1239,"OPERATE_INCOME":15844093000,"OPERATE_INCOME_YOY":62.4366606852,"GROSS_PROFIT":2472269000,"GROSS_PROFIT_YOY":43.154297983319,"HOLDER_PROFIT":-6488010000,"HOLDER_PROFIT_YOY":-6.8648890908,"GROSS_PROFIT_RATIO":15.60372689052,"EPS_TTM":-1.12393243958,"OPERATE_INCOME_QOQ":54.933923181818,"NET_PROFIT_RATIO":-40.5993261968,"ROE_AVG":296.370720463412,"GROSS_PROFIT_QOQ":42.854195943197,"ROA":-7.51140810714,"HOLDER_PROFIT_QOQ":-19.340969573986,"ROE_YEARLY":296.370720463412,"ROIC_YEARLY":-7.941629456198,"TOTAL_ASSETS":77720094000,"TOTAL_LIABILITIES":79744706000,"TAX_EBT":-26.077869010704,"OCF_SALES":-4.20410938007,"TOTAL_PARENT_EQUITY":-5434286000,"DEBT_ASSET_RATIO":102.6050045693,"OPERATE_PROFIT":-2346998000,"PRETAX_PROFIT":-5102081000,"NETCASH_OPERATE":-666103000,"NETCASH_INVEST":945051000,"NETCASH_FINANCE":-156411000,"END_CASH":1264764000,"DIVI_RATIO":null,"DIVIDEND_RATE":null,"CURRENT_RATIO":0.899291426247,"COMMON_ACS":8000000000,"CURRENTDEBT_DEBT":83.280940304677,"ISSUED_COMMON_SHARES":5772597864,"HK_COMMON_SHARES":5772597864,"PER_SHARES":1500,"TOTAL_MARKET_CAP":675393950.088,"HKSK_MARKET_CAP":675393950.088,"PE_TTM":-0.087872476684,"PB_TTM":-0.071684527605,"REPORT_DATE_SQ":"2022-12-31 00:00:00","REPORT_TYPE_SQ":"2022年年报","OPERATE_INCOME_SQ":9754013000,"DPS_HKD":null,"OPERATE_INCOME_QOQ_SQ":16.86297959705,"NET_PROFIT_RATIO_SQ":-61.3135844703,"HOLDER_PROFIT_SQ":-6071227000,"HOLDER_PROFIT_QOQ_SQ":56.513458083685,"ROE_AVG_SQ":-164.276844974293,"PE_TTM_SQ":-0.057477627341,"PB_TTM_SQ":-0.186642820315,"ROA_SQ":-6.066973748054,"START_DATE":"2023-01-01 00:00:00","FISCAL_YEAR":"12-31","CURRENCY":"HKD","IS_CNY_CODE":0,"DPS_HKD_LY":null,"ORG_TYPE":"一般企业","PREMIUM_INCOME":null,"PREMIUM_INCOME_YOY":null,"NET_INTEREST_INCOME":null,"NET_INTEREST_INCOME_YOY":null,"FEE_COMMISSION_INCOME":null,"FEE_COMMISSION_INCOME_YOY":null,"ACCOUNTS_RECE_TDAYS":1.155273699788,"INVENTORY_TDAYS":0.328615388532,"CURRENT_ASSETS_TDAYS":0.242149435005,"TOTAL_ASSETS_TDAYS":0.183432899472,"PREMIUM_EXPENSE":null,"LOAN_DEPOSIT":null,"LOAN_EQUITY":null,"LOAN_ASSETS":null,"DEPOSIT_EQUITY":null,"DEPOSIT_ASSETS":null,"EQUITY_MULTIPLIER":-38.387648597051,"EQUITY_RATIO":-14.67436678894},{"SECUCODE":"01777.HK","SECURITY_CODE":"01777","SECURITY_NAME_ABBR":"花样年控股","ORG_CODE":"10132008","STD_REPORT_DATE":"2023-06-30 00:00:00","REPORT_DATE":"2023-06-30 00:00:00","DATE_TYPE_CODE":"002","REPORT_TYPE":"2023年中报","PER_NETCASH_OPERATE":-0.124851759464,"PER_OI":0.69642145438,"BPS":-0.286508958179,"BASIC_EPS":-0.4691,"DILUTED_EPS":-0.4691,"OPERATE_INCOME":4020161000,"OPERATE_INCOME_YOY":13.3135878691,"GROSS_PROFIT":576084000,"GROSS_PROFIT_YOY":0.633760498623,"HOLDER_PROFIT":-2708135000,"HOLDER_PROFIT_YOY":18.9867567301,"GROSS_PROFIT_RATIO":14.329873853311,"EPS_TTM":-0.941782561003,"OPERATE_INCOME_QOQ":4.842540193457,"NET_PROFIT_RATIO":-69.7810361326,"ROE_AVG":905.848923438174,"GROSS_PROFIT_QOQ":0.210075761611,"ROA":-2.891297589121,"HOLDER_PROFIT_QOQ":10.454147077683,"ROE_YEARLY":1811.69784687635,"ROIC_YEARLY":-6.084078981989,"TOTAL_ASSETS":92299339000,"TOTAL_LIABILITIES":90537757000,"TAX_EBT":-4.890223292404,"OCF_SALES":-17.927615336799,"TOTAL_PARENT_EQUITY":-1653901000,"DEBT_ASSET_RATIO":98.0914467871,"OPERATE_PROFIT":-1537837000,"PRETAX_PROFIT":-2674520000,"NETCASH_OPERATE":-720719000,"NETCASH_INVEST":729047000,"NETCASH_FINANCE":3427000,"END_CASH":1183286000,"DIVI_RATIO":null,"DIVIDEND_RATE":null,"CURRENT_RATIO":0.835444155268,"COMMON_ACS":8000000000,"CURRENTDEBT_DEBT":90.997593412879,"ISSUED_COMMON_SHARES":5772597864,"HK_COMMON_SHARES":5772597864,"PER_SHARES":1500,"TOTAL_MARKET_CAP":675393950.088,"HKSK_MARKET_CAP":675393950.088,"PE_TTM":-0.087872476684,"PB_TTM":-0.071684527605,"REPORT_DATE_SQ":"2022-06-30 00:00:00","REPORT_TYPE_SQ":"2022年中报","OPERATE_INCOME_SQ":3547819000,"DPS_HKD":null,"OPERATE_INCOME_QOQ_SQ":-47.007497517684,"NET_PROFIT_RATIO_SQ":-94.0428471689,"HOLDER_PROFIT_SQ":-3342830000,"HOLDER_PROFIT_QOQ_SQ":-33.40078302412,"ROE_AVG_SQ":-67.400800805786,"PE_TTM_SQ":-0.057477627341,"PB_TTM_SQ":-0.186642820315,"ROA_SQ":-3.274950814948,"START_DATE":"2023-01-01 00:00:00","FISCAL_YEAR":"12-31","CURRENCY":"HKD","IS_CNY_CODE":0,"DPS_HKD_LY":null,"ORG_TYPE":"一般企业","PREMIUM_INCOME":null,"PREMIUM_INCOME_YOY":null,"NET_INTEREST_INCOME":null,"NET_INTEREST_INCOME_YOY":null,"FEE_COMMISSION_INCOME":null,"FEE_COMMISSION_INCOME_YOY":null,"ACCOUNTS_RECE_TDAYS":0.278153566032,"INVENTORY_TDAYS":0.078653683664,"CURRENT_ASSETS_TDAYS":0.057443948543,"TOTAL_ASSETS_TDAYS":0.042920614398,"PREMIUM_EXPENSE":null,"LOAN_DEPOSIT":null,"LOAN_EQUITY":null,"LOAN_ASSETS":null,"DEPOSIT_EQUITY":null,"DEPOSIT_ASSETS":null,"EQUITY_MULTIPLIER":52.395709652786,"EQUITY_RATIO":-54.741944650859},{"SECUCODE":"01777.HK","SECURITY_CODE":"01777","SECURITY_NAME_ABBR":"花样年控股","ORG_CODE":"10132008","STD_REPORT_DATE":"2022-12-31 00:00:00","REPORT_DATE":"2022-12-31 00:00:00","DATE_TYPE_CODE":"001","REPORT_TYPE":"2022年年报","PER_NETCASH_OPERATE":-0.134565237056,"PER_OI":1.689709421962,"BPS":0.182929596843,"BASIC_EPS":-1.0517,"DILUTED_EPS":-1.0517,"OPERATE_INCOME":9754013000,"OPERATE_INCOME_YOY":-38.0713826361,"GROSS_PROFIT":1726996000,"GROSS_PROFIT_YOY":-26.106817186045,"HOLDER_PROFIT":-6071227000,"HOLDER_PROFIT_YOY":41.9886125735,"GROSS_PROFIT_RATIO":17.705492088231,"EPS_TTM":-1.051732191127,"OPERATE_INCOME_QOQ":16.86297959705,"NET_PROFIT_RATIO":-61.3135844703,"ROE_AVG":-164.276844974293,"GROSS_PROFIT_QOQ":173.107182561584,"ROA":-6.066973748054,"HOLDER_PROFIT_QOQ":56.513458083685,"ROE_YEARLY":-164.276844974293,"ROIC_YEARLY":-6.38521687936,"TOTAL_ASSETS":95030738000,"TOTAL_LIABILITIES":90455210000,"TAX_EBT":-8.038325967633,"OCF_SALES":-7.963809357236,"TOTAL_PARENT_EQUITY":1055979000,"DEBT_ASSET_RATIO":95.1852125993,"OPERATE_PROFIT":-3337970000,"PRETAX_PROFIT":-5535568000,"NETCASH_OPERATE":-776791000,"NETCASH_INVEST":2339533000,"NETCASH_FINANCE":-1445530000,"END_CASH":1164432000,"DIVI_RATIO":null,"DIVIDEND_RATE":null,"CURRENT_RATIO":0.840711746153,"COMMON_ACS":8000000000,"CURRENTDEBT_DEBT":93.545396666483,"ISSUED_COMMON_SHARES":5772597864,"HK_COMMON_SHARES":5772597864,"PER_SHARES":1500,"TOTAL_MARKET_CAP":675393950.088,"HKSK_MARKET_CAP":675393950.088,"PE_TTM":-0.087872476684,"PB_TTM":-0.071684527605,"REPORT_DATE_SQ":"2021-12-31 00:00:00","REPORT_TYPE_SQ":"2021年年报","OPERATE_INCOME_SQ":15750413000,"DPS_HKD":null,"OPERATE_INCOME_QOQ_SQ":-32.888558770803,"NET_PROFIT_RATIO_SQ":-68.8223096118,"HOLDER_PROFIT_SQ":-10465578000,"HOLDER_PROFIT_QOQ_SQ":-1112.20654643368,"ROE_AVG_SQ":-100.320552715108,"PE_TTM_SQ":-0.057477627341,"PB_TTM_SQ":-0.186642820315,"ROA_SQ":-9.936004933986,"START_DATE":"2022-01-01 00:00:00","FISCAL_YEAR":"12-31","CURRENCY":"HKD","IS_CNY_CODE":0,"DPS_HKD_LY":null,"ORG_TYPE":"一般企业","PREMIUM_INCOME":null,"PREMIUM_INCOME_YOY":null,"NET_INTEREST_INCOME":null,"NET_INTEREST_INCOME_YOY":null,"FEE_COMMISSION_INCOME":null,"FEE_COMMISSION_INCOME_YOY":null,"ACCOUNTS_RECE_TDAYS":0.701008818189,"INVENTORY_TDAYS":0.166976094605,"CURRENT_ASSETS_TDAYS":0.129729433892,"TOTAL_ASSETS_TDAYS":0.097471797396,"PREMIUM_EXPENSE":null,"LOAN_DEPOSIT":null,"LOAN_EQUITY":null,"LOAN_ASSETS":null,"DEPOSIT_EQUITY":null,"DEPOSIT_ASSETS":null,"EQUITY_MULTIPLIER":20.769349023689,"EQUITY_RATIO":85.66004626986},{"SECUCODE":"01777.HK","SECURITY_CODE":"01777","SECURITY_NAME_ABBR":"花样年控股","ORG_CODE":"10132008","STD_REPORT_DATE":"2022-06-30 00:00:00","REPORT_DATE":"2022-06-30 00:00:00","DATE_TYPE_CODE":"002","REPORT_TYPE":"2022年中报","PER_NETCASH_OPERATE":-0.078674629811,"PER_OI":0.614596596469,"BPS":0.620826200687,"BASIC_EPS":-0.5791,"DILUTED_EPS":-0.5791,"OPERATE_INCOME":3547819000,"OPERATE_INCOME_YOY":-67.6048381191,"GROSS_PROFIT":572456000,"GROSS_PROFIT_YOY":-74.862037969364,"HOLDER_PROFIT":-3342830000,"HOLDER_PROFIT_YOY":-2288.3604464666,"GROSS_PROFIT_RATIO":16.135434192105,"EPS_TTM":-2.41852339777,"OPERATE_INCOME_QOQ":-47.007497517684,"NET_PROFIT_RATIO":-94.0428471689,"ROE_AVG":-67.400800805786,"GROSS_PROFIT_QOQ":-72.943522714826,"ROA":-3.274950814948,"HOLDER_PROFIT_QOQ":-33.40078302412,"ROE_YEARLY":-134.801601611572,"ROIC_YEARLY":-6.874276113018,"TOTAL_ASSETS":99035884000,"TOTAL_LIABILITIES":91917001000,"TAX_EBT":-4.228761148891,"OCF_SALES":-12.801019443213,"TOTAL_PARENT_EQUITY":3583780000,"DEBT_ASSET_RATIO":92.811814554,"OPERATE_PROFIT":-2093141000,"PRETAX_PROFIT":-3201103000,"NETCASH_OPERATE":-454157000,"NETCASH_INVEST":4494521000,"NETCASH_FINANCE":-617769000,"END_CASH":806715000,"DIVI_RATIO":null,"DIVIDEND_RATE":null,"CURRENT_RATIO":0.862978933703,"COMMON_ACS":8000000000,"CURRENTDEBT_DEBT":93.568579331695,"ISSUED_COMMON_SHARES":5772597864,"HK_COMMON_SHARES":5772597864,"PER_SHARES":1500,"TOTAL_MARKET_CAP":675393950.088,"HKSK_MARKET_CAP":675393950.088,"PE_TTM":-0.087872476684,"PB_TTM":-0.071684527605,"REPORT_DATE_SQ":"2021-06-30 00:00:00","REPORT_TYPE_SQ":"2021年中报","OPERATE_INCOME_SQ":10951694000,"DPS_HKD":null,"OPERATE_INCOME_QOQ_SQ":7.859787955647,"NET_PROFIT_RATIO_SQ":2.7661108866,"HOLDER_PROFIT_SQ":152755000,"HOLDER_PROFIT_QOQ_SQ":5.782263510057,"ROE_AVG_SQ":1.058353557155,"PE_TTM_SQ":-0.057477627341,"PB_TTM_SQ":-0.186642820315,"ROA_SQ":0.141983994768,"START_DATE":"2022-01-01 00:00:00","FISCAL_YEAR":"12-31","CURRENCY":"HKD","IS_CNY_CODE":0,"DPS_HKD_LY":null,"ORG_TYPE":"一般企业","PREMIUM_INCOME":null,"PREMIUM_INCOME_YOY":null,"NET_INTEREST_INCOME":null,"NET_INTEREST_INCOME_YOY":null,"FEE_COMMISSION_INCOME":null,"FEE_COMMISSION_INCOME_YOY":null,"ACCOUNTS_RECE_TDAYS":0.280989882502,"INVENTORY_TDAYS":0.058449075148,"CURRENT_ASSETS_TDAYS":0.046238503605,"TOTAL_ASSETS_TDAYS":0.03475777328,"PREMIUM_EXPENSE":null,"LOAN_DEPOSIT":null,"LOAN_EQUITY":null,"LOAN_ASSETS":null,"DEPOSIT_EQUITY":null,"DEPOSIT_ASSETS":null,"EQUITY_MULTIPLIER":13.911716767915,"EQUITY_RATIO":25.648059032642},{"SECUCODE":"01777.HK","SECURITY_CODE":"01777","SECURITY_NAME_ABBR":"花样年控股","ORG_CODE":"10132008","STD_REPORT_DATE":"2021-12-31 00:00:00","REPORT_DATE":"2021-12-31 00:00:00","DATE_TYPE_CODE":"001","REPORT_TYPE":"2021年年报","PER_NETCASH_OPERATE":-1.700100410805,"PER_OI":2.728479165026,"BPS":1.097509154329,"BASIC_EPS":-1.813,"DILUTED_EPS":-1.813,"OPERATE_INCOME":15750413000,"OPERATE_INCOME_YOY":-27.6137417962,"GROSS_PROFIT":2337152000,"GROSS_PROFIT_YOY":-56.267251278917,"HOLDER_PROFIT":-10465578000,"HOLDER_PROFIT_YOY":-1170.7349962145,"GROSS_PROFIT_RATIO":14.838671214526,"EPS_TTM":-1.812975413594,"OPERATE_INCOME_QOQ":-32.888558770803,"NET_PROFIT_RATIO":-68.8223096118,"ROE_AVG":-100.320552715108,"GROSS_PROFIT_QOQ":-48.20982056989,"ROA":-9.936004933986,"HOLDER_PROFIT_QOQ":-1112.20654643368,"ROE_YEARLY":-100.320552715108,"ROIC_YEARLY":-12.265524097848,"TOTAL_ASSETS":105109472000,"TOTAL_LIABILITIES":94456011000,"TAX_EBT":5.050272175313,"OCF_SALES":-62.309451821994,"TOTAL_PARENT_EQUITY":6335479000,"DEBT_ASSET_RATIO":89.8644139322,"OPERATE_PROFIT":-8354739000,"PRETAX_PROFIT":-11416355000,"NETCASH_OPERATE":-9813996000,"NETCASH_INVEST":-11008619000,"NETCASH_FINANCE":-3046498000,"END_CASH":973148000,"DIVI_RATIO":null,"DIVIDEND_RATE":null,"CURRENT_RATIO":0.958670193562,"COMMON_ACS":8000000000,"CURRENTDEBT_DEBT":87.503674064745,"ISSUED_COMMON_SHARES":5772597864,"HK_COMMON_SHARES":5772597864,"PER_SHARES":1500,"TOTAL_MARKET_CAP":675393950.088,"HKSK_MARKET_CAP":675393950.088,"PE_TTM":-0.087872476684,"PB_TTM":-0.071684527605,"REPORT_DATE_SQ":"2020-12-31 00:00:00","REPORT_TYPE_SQ":"2020年年报","OPERATE_INCOME_SQ":21758844000,"DPS_HKD":null,"OPERATE_INCOME_QOQ_SQ":10.192474345464,"NET_PROFIT_RATIO_SQ":8.048754796,"HOLDER_PROFIT_SQ":977420000,"HOLDER_PROFIT_QOQ_SQ":12.633370554363,"ROE_AVG_SQ":6.916106038846,"PE_TTM_SQ":-0.057477627341,"PB_TTM_SQ":-0.186642820315,"ROA_SQ":0.971831169017,"START_DATE":"2021-01-01 00:00:00","FISCAL_YEAR":"12-31","CURRENCY":"HKD","IS_CNY_CODE":0,"DPS_HKD_LY":0.0705,"ORG_TYPE":"一般企业","PREMIUM_INCOME":null,"PREMIUM_INCOME_YOY":null,"NET_INTEREST_INCOME":null,"NET_INTEREST_INCOME_YOY":null,"FEE_COMMISSION_INCOME":null,"FEE_COMMISSION_INCOME_YOY":null,"ACCOUNTS_RECE_TDAYS":1.431704747499,"INVENTORY_TDAYS":0.316648099688,"CURRENT_ASSETS_TDAYS":0.202629431961,"TOTAL_ASSETS_TDAYS":0.149534197997,"PREMIUM_EXPENSE":null,"LOAN_DEPOSIT":null,"LOAN_EQUITY":null,"LOAN_ASSETS":null,"DEPOSIT_EQUITY":null,"DEPOSIT_ASSETS":null,"EQUITY_MULTIPLIER":9.866227698238,"EQUITY_RATIO":14.909055968775},{"SECUCODE":"01777.HK","SECURITY_CODE":"01777","SECURITY_NAME_ABBR":"花样年控股","ORG_CODE":"10132008","STD_REPORT_DATE":"2021-06-30 00:00:00","REPORT_DATE":"2021-06-30 00:00:00","DATE_TYPE_CODE":"002","REPORT_TYPE":"2021年中报","PER_NETCASH_OPERATE":-0.744846272216,"PER_OI":1.89718637224,"BPS":2.483758497957,"BASIC_EPS":0.0265,"DILUTED_EPS":0.0264,"OPERATE_INCOME":10951694000,"OPERATE_INCOME_YOY":18.5056530356,"GROSS_PROFIT":2277257000,"GROSS_PROFIT_YOY":-26.745540088539,"HOLDER_PROFIT":152755000,"HOLDER_PROFIT_YOY":58.7262827573,"GROSS_PROFIT_RATIO":20.793650735676,"EPS_TTM":0.179111212033,"OPERATE_INCOME_QOQ":7.859787955647,"NET_PROFIT_RATIO":2.7661108866,"ROE_AVG":1.058353557155,"GROSS_PROFIT_QOQ":-15.557835090919,"ROA":0.141983994768,"HOLDER_PROFIT_QOQ":5.782263510057,"ROE_YEARLY":2.116707114311,"ROIC_YEARLY":0.433350120905,"TOTAL_ASSETS":109621934000,"TOTAL_LIABILITIES":83007299000,"TAX_EBT":72.403439458301,"OCF_SALES":-39.260574665435,"TOTAL_PARENT_EQUITY":14337739000,"DEBT_ASSET_RATIO":75.7214327198,"OPERATE_PROFIT":2198019000,"PRETAX_PROFIT":1097731000,"NETCASH_OPERATE":-4299698000,"NETCASH_INVEST":2335199000,"NETCASH_FINANCE":4229005000,"END_CASH":27177862000,"DIVI_RATIO":null,"DIVIDEND_RATE":null,"CURRENT_RATIO":1.611649941644,"COMMON_ACS":8000000000,"CURRENTDEBT_DEBT":59.794038112239,"ISSUED_COMMON_SHARES":5772597864,"HK_COMMON_SHARES":5772597864,"PER_SHARES":1500,"TOTAL_MARKET_CAP":675393950.088,"HKSK_MARKET_CAP":675393950.088,"PE_TTM":-0.087872476684,"PB_TTM":-0.071684527605,"REPORT_DATE_SQ":"2020-06-30 00:00:00","REPORT_TYPE_SQ":"2020年中报","OPERATE_INCOME_SQ":9241495000,"DPS_HKD":null,"OPERATE_INCOME_QOQ_SQ":3.483145025173,"NET_PROFIT_RATIO_SQ":2.9930222329,"HOLDER_PROFIT_SQ":96238000,"HOLDER_PROFIT_QOQ_SQ":-0.670181446905,"ROE_AVG_SQ":0.705505487336,"PE_TTM_SQ":-0.057477627341,"PB_TTM_SQ":-0.186642820315,"ROA_SQ":0.098461650027,"START_DATE":"2021-01-01 00:00:00","FISCAL_YEAR":"12-31","CURRENCY":"HKD","IS_CNY_CODE":0,"DPS_HKD_LY":0.0705,"ORG_TYPE":"一般企业","PREMIUM_INCOME":null,"PREMIUM_INCOME_YOY":null,"NET_INTEREST_INCOME":null,"NET_INTEREST_INCOME_YOY":null,"FEE_COMMISSION_INCOME":null,"FEE_COMMISSION_INCOME_YOY":null,"ACCOUNTS_RECE_TDAYS":1.543140666443,"INVENTORY_TDAYS":0.24329900192,"CURRENT_ASSETS_TDAYS":0.140212649332,"TOTAL_ASSETS_TDAYS":0.101794721194,"PREMIUM_EXPENSE":null,"LOAN_DEPOSIT":null,"LOAN_EQUITY":null,"LOAN_ASSETS":null,"DEPOSIT_EQUITY":null,"DEPOSIT_ASSETS":null,"EQUITY_MULTIPLIER":4.118859191562,"EQUITY_RATIO":5.78942739856},{"SECUCODE":"01777.HK","SECURITY_CODE":"01777","SECURITY_NAME_ABBR":"花样年控股","ORG_CODE":"10132008","STD_REPORT_DATE":"2020-12-31 00:00:00","REPORT_DATE":"2020-12-31 00:00:00","DATE_TYPE_CODE":"001","REPORT_TYPE":"2020年年报","PER_NETCASH_OPERATE":0.615582923151,"PER_OI":3.770892636688,"BPS":2.516855728095,"BASIC_EPS":0.1694,"DILUTED_EPS":0.1685,"OPERATE_INCOME":21758844000,"OPERATE_INCOME_YOY":14.0306380337,"GROSS_PROFIT":5344169000,"GROSS_PROFIT_YOY":0.127553673061,"HOLDER_PROFIT":977420000,"HOLDER_PROFIT_YOY":11.8785226019,"GROSS_PROFIT_RATIO":24.560904981901,"EPS_TTM":0.169390702969,"OPERATE_INCOME_QOQ":10.192474345464,"NET_PROFIT_RATIO":8.048754796,"ROE_AVG":6.916106038846,"GROSS_PROFIT_QOQ":-9.564625995388,"ROA":0.971831169017,"HOLDER_PROFIT_QOQ":12.633370554363,"ROE_YEARLY":6.916106038846,"ROIC_YEARLY":1.404374825431,"TOTAL_ASSETS":105550206000,"TOTAL_LIABILITIES":81226564000,"TAX_EBT":55.393133106459,"OCF_SALES":16.324594266129,"TOTAL_PARENT_EQUITY":14528796000,"DEBT_ASSET_RATIO":76.955381783,"OPERATE_PROFIT":6794817000,"PRETAX_PROFIT":3926113000,"NETCASH_OPERATE":3552043000,"NETCASH_INVEST":-11637394000,"NETCASH_FINANCE":12713458000,"END_CASH":24923383000,"DIVI_RATIO":null,"DIVIDEND_RATE":null,"CURRENT_RATIO":1.495022648503,"COMMON_ACS":8000000000,"CURRENTDEBT_DEBT":62.768932340903,"ISSUED_COMMON_SHARES":5772597864,"HK_COMMON_SHARES":5772597864,"PER_SHARES":1500,"TOTAL_MARKET_CAP":675393950.088,"HKSK_MARKET_CAP":675393950.088,"PE_TTM":-0.087872476684,"PB_TTM":-0.071684527605,"REPORT_DATE_SQ":"2019-12-31 00:00:00","REPORT_TYPE_SQ":"2019年年报","OPERATE_INCOME_SQ":19081577000,"DPS_HKD":null,"OPERATE_INCOME_QOQ_SQ":9.869590737354,"NET_PROFIT_RATIO_SQ":7.8709689456,"HOLDER_PROFIT_SQ":873644000,"HOLDER_PROFIT_QOQ_SQ":20.073502833323,"ROE_AVG_SQ":6.544206186046,"PE_TTM_SQ":-0.057477627341,"PB_TTM_SQ":-0.186642820315,"ROA_SQ":0.919402525799,"START_DATE":"2020-01-01 00:00:00","FISCAL_YEAR":"12-31","CURRENCY":"HKD","IS_CNY_CODE":0,"DPS_HKD_LY":0.055,"ORG_TYPE":"一般企业","PREMIUM_INCOME":null,"PREMIUM_INCOME_YOY":null,"NET_INTEREST_INCOME":null,"NET_INTEREST_INCOME_YOY":null,"FEE_COMMISSION_INCOME":null,"FEE_COMMISSION_INCOME_YOY":null,"ACCOUNTS_RECE_TDAYS":2.565556970918,"INVENTORY_TDAYS":0.480660681847,"CURRENT_ASSETS_TDAYS":0.298181078271,"TOTAL_ASSETS_TDAYS":0.216344281895,"PREMIUM_EXPENSE":null,"LOAN_DEPOSIT":null,"LOAN_EQUITY":null,"LOAN_ASSETS":null,"DEPOSIT_EQUITY":null,"DEPOSIT_ASSETS":null,"EQUITY_MULTIPLIER":4.33940797189,"EQUITY_RATIO":5.590729197382},{"SECUCODE":"01777.HK","SECURITY_CODE":"01777","SECURITY_NAME_ABBR":"花样年控股","ORG_CODE":"10132008","STD_REPORT_DATE":"2020-06-30 00:00:00","REPORT_DATE":"2020-06-30 00:00:00","DATE_TYPE_CODE":"002","REPORT_TYPE":"2020年中报","PER_NETCASH_OPERATE":0.385340533262,"PER_OI":1.602085028348,"BPS":2.346561690097,"BASIC_EPS":0.0167,"DILUTED_EPS":0.0166,"OPERATE_INCOME":9241495000,"OPERATE_INCOME_YOY":7.7492148638,"GROSS_PROFIT":3108694000,"GROSS_PROFIT_YOY":22.549903889973,"HOLDER_PROFIT":96238000,"HOLDER_PROFIT_YOY":-5.7349671378,"GROSS_PROFIT_RATIO":33.638431877094,"EPS_TTM":0.15043797185,"OPERATE_INCOME_QOQ":3.483145025173,"NET_PROFIT_RATIO":2.9930222329,"ROE_AVG":0.705505487336,"GROSS_PROFIT_QOQ":10.717243971318,"ROA":0.098461650027,"HOLDER_PROFIT_QOQ":-0.670181446905,"ROE_YEARLY":1.411010974672,"ROIC_YEARLY":0.276941187206,"TOTAL_ASSETS":99883257000,"TOTAL_LIABILITIES":79505911000,"TAX_EBT":80.493625519923,"OCF_SALES":24.052439567408,"TOTAL_PARENT_EQUITY":13545757000,"DEBT_ASSET_RATIO":79.5988370704,"OPERATE_PROFIT":2350988000,"PRETAX_PROFIT":1417998000,"NETCASH_OPERATE":2222805000,"NETCASH_INVEST":-3517078000,"NETCASH_FINANCE":3328932000,"END_CASH":22414794000,"DIVI_RATIO":null,"DIVIDEND_RATE":null,"CURRENT_RATIO":1.406932483135,"COMMON_ACS":8000000000,"CURRENTDEBT_DEBT":64.645465165477,"ISSUED_COMMON_SHARES":5772597864,"HK_COMMON_SHARES":5772597864,"PER_SHARES":1500,"TOTAL_MARKET_CAP":675393950.088,"HKSK_MARKET_CAP":675393950.088,"PE_TTM":-0.087872476684,"PB_TTM":-0.071684527605,"REPORT_DATE_SQ":"2019-06-30 00:00:00","REPORT_TYPE_SQ":"2019年中报","OPERATE_INCOME_SQ":8576856000,"DPS_HKD":null,"OPERATE_INCOME_QOQ_SQ":24.17641102083,"NET_PROFIT_RATIO_SQ":2.8447487051,"HOLDER_PROFIT_SQ":102093000,"HOLDER_PROFIT_QOQ_SQ":-0.102699429798,"ROE_AVG_SQ":0.790374177255,"PE_TTM_SQ":-0.057477627341,"PB_TTM_SQ":-0.186642820315,"ROA_SQ":0.107710506278,"START_DATE":"2020-01-01 00:00:00","FISCAL_YEAR":"12-31","CURRENCY":"HKD","IS_CNY_CODE":0,"DPS_HKD_LY":0.055,"ORG_TYPE":"一般企业","PREMIUM_INCOME":null,"PREMIUM_INCOME_YOY":null,"NET_INTEREST_INCOME":null,"NET_INTEREST_INCOME_YOY":null,"FEE_COMMISSION_INCOME":null,"FEE_COMMISSION_INCOME_YOY":null,"ACCOUNTS_RECE_TDAYS":1.128166511437,"INVENTORY_TDAYS":0.174481330091,"CURRENT_ASSETS_TDAYS":0.130132494214,"TOTAL_ASSETS_TDAYS":0.094550265635,"PREMIUM_EXPENSE":null,"LOAN_DEPOSIT":null,"LOAN_EQUITY":null,"LOAN_ASSETS":null,"DEPOSIT_EQUITY":null,"DEPOSIT_ASSETS":null,"EQUITY_MULTIPLIER":4.901681357336,"EQUITY_RATIO":5.86943284159}],"count":35},"success":true,"message":"ok","code":0}