{"version":"07db67b3e2d7a1c5e84c9d2d312aa5d9","result":{"pages":5,"data":[{"SECUCODE":"01776.HK","SECURITY_CODE":"01776","SECURITY_NAME_ABBR":"广发证券","ORG_CODE":"10005679","STD_REPORT_DATE":"2024-09-30 00:00:00","REPORT_DATE":"2024-09-30 00:00:00","DATE_TYPE_CODE":"004","REPORT_TYPE":"2024年三季报","PER_NETCASH_OPERATE":4.089093712666,"PER_OI":2.511065258305,"BPS":15.521238526962,"BASIC_EPS":0.8,"DILUTED_EPS":0.8,"OPERATE_INCOME":19137048463.57,"OPERATE_INCOME_YOY":6.2363302034,"GROSS_PROFIT":null,"GROSS_PROFIT_YOY":null,"HOLDER_PROFIT":6764429378.69,"HOLDER_PROFIT_YOY":16.4271933761,"GROSS_PROFIT_RATIO":null,"EPS_TTM":1.04082535424,"OPERATE_INCOME_QOQ":6.408536362857,"NET_PROFIT_RATIO":39.1754643274,"ROE_AVG":4.857647919039,"GROSS_PROFIT_QOQ":null,"ROA":0.931203995686,"HOLDER_PROFIT_QOQ":16.620025851816,"ROE_YEARLY":6.476863892052,"ROIC_YEARLY":1.163947651809,"TOTAL_ASSETS":770653448432.52,"TOTAL_LIABILITIES":622558737908.07,"TAX_EBT":8.381152067443,"OCF_SALES":162.842988613755,"TOTAL_PARENT_EQUITY":142788719467.83,"DEBT_ASSET_RATIO":80.7832287229,"OPERATE_PROFIT":8197991989.65,"PRETAX_PROFIT":8182844210.93,"NETCASH_OPERATE":31163341650.54,"NETCASH_INVEST":9991749075.19,"NETCASH_FINANCE":-10731660383.37,"END_CASH":176365344449.04,"DIVI_RATIO":0.383955661639,"DIVIDEND_RATE":4.184438212928,"CURRENT_RATIO":0.996209412542,"COMMON_ACS":null,"CURRENTDEBT_DEBT":98.512153368295,"ISSUED_COMMON_SHARES":7621087664,"HK_COMMON_SHARES":1701796200,"PER_SHARES":200,"TOTAL_MARKET_CAP":80173842225.28,"HKSK_MARKET_CAP":17902896024,"PE_TTM":9.039301442975,"PB_TTM":0.61121609487,"REPORT_DATE_SQ":"2023-09-30 00:00:00","REPORT_TYPE_SQ":"2023年三季报","OPERATE_INCOME_SQ":18013657311.89,"DPS_HKD":0.4402029,"OPERATE_INCOME_QOQ_SQ":-2.241867514631,"NET_PROFIT_RATIO_SQ":36.2879729016,"HOLDER_PROFIT_SQ":5810008111.11,"HOLDER_PROFIT_QOQ_SQ":2.846484211882,"ROE_AVG_SQ":4.563506415531,"PE_TTM_SQ":6.641524480399,"PB_TTM_SQ":0.512613871804,"ROA_SQ":0.903455954856,"START_DATE":"2024-01-01 00:00:00","FISCAL_YEAR":"12-31","CURRENCY":"HKD","IS_CNY_CODE":0,"DPS_HKD_LY":0.4402029,"ORG_TYPE":"证券","PREMIUM_INCOME":null,"PREMIUM_INCOME_YOY":null,"NET_INTEREST_INCOME":1373635587.27,"NET_INTEREST_INCOME_YOY":null,"FEE_COMMISSION_INCOME":9874702106.14,"FEE_COMMISSION_INCOME_YOY":-11.633183237886,"ACCOUNTS_RECE_TDAYS":1.718394445609,"INVENTORY_TDAYS":null,"CURRENT_ASSETS_TDAYS":0.030388370741,"TOTAL_ASSETS_TDAYS":0.026344418719,"PREMIUM_EXPENSE":null,"LOAN_DEPOSIT":null,"LOAN_EQUITY":null,"LOAN_ASSETS":null,"DEPOSIT_EQUITY":null,"DEPOSIT_ASSETS":null,"EQUITY_MULTIPLIER":5.20378780379,"EQUITY_RATIO":4.359999446933},{"SECUCODE":"01776.HK","SECURITY_CODE":"01776","SECURITY_NAME_ABBR":"广发证券","ORG_CODE":"10005679","STD_REPORT_DATE":"2024-06-30 00:00:00","REPORT_DATE":"2024-06-30 00:00:00","DATE_TYPE_CODE":"002","REPORT_TYPE":"2024年中报","PER_NETCASH_OPERATE":-4.915641395514,"PER_OI":2.248466066195,"BPS":15.247554958449,"BASIC_EPS":0.52,"DILUTED_EPS":0.52,"OPERATE_INCOME":17135757000,"OPERATE_INCOME_YOY":-5.2511019637,"GROSS_PROFIT":null,"GROSS_PROFIT_YOY":null,"HOLDER_PROFIT":4362372000,"HOLDER_PROFIT_YOY":-3.8787627198,"GROSS_PROFIT_RATIO":null,"EPS_TTM":0.892492817282,"OPERATE_INCOME_QOQ":1.819390473568,"NET_PROFIT_RATIO":27.6347231114,"ROE_AVG":3.156329149325,"GROSS_PROFIT_QOQ":null,"ROA":0.636141632626,"HOLDER_PROFIT_QOQ":6.956328036591,"ROE_YEARLY":6.312658298649,"ROIC_YEARLY":1.563002112367,"TOTAL_ASSETS":689327990000,"TOTAL_LIABILITIES":543677493000,"TAX_EBT":7.46564074325,"OCF_SALES":-218.621996098567,"TOTAL_PARENT_EQUITY":140702953000,"DEBT_ASSET_RATIO":78.8706538668,"OPERATE_PROFIT":4996908000,"PRETAX_PROFIT":5117471000,"NETCASH_OPERATE":-37462534000,"NETCASH_INVEST":34872566000,"NETCASH_FINANCE":3916697000,"END_CASH":23088605000,"DIVI_RATIO":0.447769191863,"DIVIDEND_RATE":3.937414132379,"CURRENT_RATIO":1.381667863319,"COMMON_ACS":null,"CURRENTDEBT_DEBT":86.190365618096,"ISSUED_COMMON_SHARES":7621087664,"HK_COMMON_SHARES":1701796200,"PER_SHARES":200,"TOTAL_MARKET_CAP":85203760083.52,"HKSK_MARKET_CAP":19026081516,"PE_TTM":9.606405906127,"PB_TTM":0.649562351773,"REPORT_DATE_SQ":"2023-06-30 00:00:00","REPORT_TYPE_SQ":"2023年中报","OPERATE_INCOME_SQ":18085442000,"DPS_HKD":0.4402029,"OPERATE_INCOME_QOQ_SQ":-1.232462476275,"NET_PROFIT_RATIO_SQ":28.1455990957,"HOLDER_PROFIT_SQ":4538406000,"HOLDER_PROFIT_QOQ_SQ":-5.850657792082,"ROE_AVG_SQ":3.580408898423,"PE_TTM_SQ":7.66889793839,"PB_TTM_SQ":0.591909805689,"ROA_SQ":0.700414833347,"START_DATE":"2024-01-01 00:00:00","FISCAL_YEAR":"12-31","CURRENCY":"HKD","IS_CNY_CODE":0,"DPS_HKD_LY":0.4402029,"ORG_TYPE":"证券","PREMIUM_INCOME":null,"PREMIUM_INCOME_YOY":null,"NET_INTEREST_INCOME":6248160000,"NET_INTEREST_INCOME_YOY":null,"FEE_COMMISSION_INCOME":6783555000,"FEE_COMMISSION_INCOME_YOY":-13.431039483982,"ACCOUNTS_RECE_TDAYS":1.443375592507,"INVENTORY_TDAYS":null,"CURRENT_ASSETS_TDAYS":0.026444617089,"TOTAL_ASSETS_TDAYS":0.024988167984,"PREMIUM_EXPENSE":null,"LOAN_DEPOSIT":null,"LOAN_EQUITY":null,"LOAN_ASSETS":null,"DEPOSIT_EQUITY":null,"DEPOSIT_ASSETS":null,"EQUITY_MULTIPLIER":4.732754121666,"EQUITY_RATIO":3.864009115715},{"SECUCODE":"01776.HK","SECURITY_CODE":"01776","SECURITY_NAME_ABBR":"广发证券","ORG_CODE":"10005679","STD_REPORT_DATE":"2024-03-31 00:00:00","REPORT_DATE":"2024-03-31 00:00:00","DATE_TYPE_CODE":"003","REPORT_TYPE":"2024年一季报","PER_NETCASH_OPERATE":-1.556441410407,"PER_OI":0.649427769335,"BPS":15.153353863262,"BASIC_EPS":0.17,"DILUTED_EPS":0.17,"OPERATE_INCOME":4949345961.54,"OPERATE_INCOME_YOY":-23.5865692926,"GROSS_PROFIT":null,"GROSS_PROFIT_YOY":null,"HOLDER_PROFIT":1538328759.88,"HOLDER_PROFIT_YOY":-28.6735092211,"GROSS_PROFIT_RATIO":null,"EPS_TTM":0.834446015178,"OPERATE_INCOME_QOQ":-4.587965435167,"NET_PROFIT_RATIO":34.6121081669,"ROE_AVG":1.116028222395,"GROSS_PROFIT_QOQ":null,"ROA":0.213367001624,"HOLDER_PROFIT_QOQ":-8.862589461578,"ROE_YEARLY":4.464112889579,"ROIC_YEARLY":1.039276647681,"TOTAL_ASSETS":759773963785.73,"TOTAL_LIABILITIES":614679508146.56,"TAX_EBT":5.935302628691,"OCF_SALES":-239.663513619064,"TOTAL_PARENT_EQUITY":139961538195.53,"DEBT_ASSET_RATIO":80.9029444868,"OPERATE_PROFIT":1824379256.14,"PRETAX_PROFIT":1821164608.65,"NETCASH_OPERATE":-11861776432.59,"NETCASH_INVEST":8607904843.8,"NETCASH_FINANCE":8294802318.78,"END_CASH":151063254945.43,"DIVI_RATIO":0.478917485696,"DIVIDEND_RATE":3.937414132379,"CURRENT_RATIO":0.994340042083,"COMMON_ACS":null,"CURRENTDEBT_DEBT":98.547275425163,"ISSUED_COMMON_SHARES":7621087664,"HK_COMMON_SHARES":1701796200,"PER_SHARES":200,"TOTAL_MARKET_CAP":85203760083.52,"HKSK_MARKET_CAP":19026081516,"PE_TTM":9.606405906127,"PB_TTM":0.649562351773,"REPORT_DATE_SQ":"2023-03-31 00:00:00","REPORT_TYPE_SQ":"2023年一季报","OPERATE_INCOME_SQ":6477062887.66,"DPS_HKD":0.4402029,"OPERATE_INCOME_QOQ_SQ":5.122535706545,"NET_PROFIT_RATIO_SQ":37.4522161459,"HOLDER_PROFIT_SQ":2156742527.33,"HOLDER_PROFIT_QOQ_SQ":10.772922106945,"ROE_AVG_SQ":1.775120892587,"PE_TTM_SQ":7.66889793839,"PB_TTM_SQ":0.591909805689,"ROA_SQ":0.336542931927,"START_DATE":"2024-01-01 00:00:00","FISCAL_YEAR":"12-31","CURRENCY":"HKD","IS_CNY_CODE":0,"DPS_HKD_LY":0.4402029,"ORG_TYPE":"证券","PREMIUM_INCOME":null,"PREMIUM_INCOME_YOY":null,"NET_INTEREST_INCOME":438457684.88,"NET_INTEREST_INCOME_YOY":null,"FEE_COMMISSION_INCOME":3199004909.77,"FEE_COMMISSION_INCOME_YOY":-14.038257109916,"ACCOUNTS_RECE_TDAYS":0.45387473416,"INVENTORY_TDAYS":null,"CURRENT_ASSETS_TDAYS":0.007913583198,"TOTAL_ASSETS_TDAYS":0.006864768672,"PREMIUM_EXPENSE":null,"LOAN_DEPOSIT":null,"LOAN_EQUITY":null,"LOAN_ASSETS":null,"DEPOSIT_EQUITY":null,"DEPOSIT_ASSETS":null,"EQUITY_MULTIPLIER":5.23640934755,"EQUITY_RATIO":4.391774455121},{"SECUCODE":"01776.HK","SECURITY_CODE":"01776","SECURITY_NAME_ABBR":"广发证券","ORG_CODE":"10005679","STD_REPORT_DATE":"2023-12-31 00:00:00","REPORT_DATE":"2023-12-31 00:00:00","DATE_TYPE_CODE":"001","REPORT_TYPE":"2023年年报","PER_NETCASH_OPERATE":-0.308668539677,"PER_OI":4.369238941745,"BPS":14.858659681204,"BASIC_EPS":0.83,"DILUTED_EPS":0.83,"OPERATE_INCOME":33298353000,"OPERATE_INCOME_YOY":0.1276796304,"GROSS_PROFIT":null,"GROSS_PROFIT_YOY":null,"HOLDER_PROFIT":6977800000,"HOLDER_PROFIT_YOY":-11.9995984504,"GROSS_PROFIT_RATIO":null,"EPS_TTM":0.915591095082,"OPERATE_INCOME_QOQ":-1.351337533295,"NET_PROFIT_RATIO":23.6135312759,"ROE_AVG":5.454319197346,"GROSS_PROFIT_QOQ":null,"ROA":1.073972010888,"HOLDER_PROFIT_QOQ":-17.956476892558,"ROE_YEARLY":5.454319197346,"ROIC_YEARLY":1.339513422891,"TOTAL_ASSETS":682181679228.41,"TOTAL_LIABILITIES":541505969211.81,"TAX_EBT":10.080913165812,"OCF_SALES":-7.064583644723,"TOTAL_PARENT_EQUITY":135717647870.07,"DEBT_ASSET_RATIO":79.378556427,"OPERATE_PROFIT":8029293000,"PRETAX_PROFIT":8744436000,"NETCASH_OPERATE":-2352390000,"NETCASH_INVEST":3342673000,"NETCASH_FINANCE":1636388000,"END_CASH":21741361000,"DIVI_RATIO":0.436472995079,"DIVIDEND_RATE":3.937414132379,"CURRENT_RATIO":1.37915455262,"COMMON_ACS":null,"CURRENTDEBT_DEBT":98.757980592582,"ISSUED_COMMON_SHARES":7621087664,"HK_COMMON_SHARES":1701796200,"PER_SHARES":200,"TOTAL_MARKET_CAP":85203760083.52,"HKSK_MARKET_CAP":19026081516,"PE_TTM":9.606405906127,"PB_TTM":0.649562351773,"REPORT_DATE_SQ":"2022-12-31 00:00:00","REPORT_TYPE_SQ":"2022年年报","OPERATE_INCOME_SQ":33255892000,"DPS_HKD":0.4402029,"OPERATE_INCOME_QOQ_SQ":2.140231372553,"NET_PROFIT_RATIO_SQ":26.7561700044,"HOLDER_PROFIT_SQ":7929282000,"HOLDER_PROFIT_QOQ_SQ":6.468124150475,"ROE_AVG_SQ":6.99323282163,"PE_TTM_SQ":7.66889793839,"PB_TTM_SQ":0.591909805689,"ROA_SQ":1.375284397233,"START_DATE":"2023-01-01 00:00:00","FISCAL_YEAR":"12-31","CURRENCY":"HKD","IS_CNY_CODE":0,"DPS_HKD_LY":0.381033,"ORG_TYPE":"证券","PREMIUM_INCOME":null,"PREMIUM_INCOME_YOY":null,"NET_INTEREST_INCOME":13546682000,"NET_INTEREST_INCOME_YOY":null,"FEE_COMMISSION_INCOME":14814495000,"FEE_COMMISSION_INCOME_YOY":-11.131534191951,"ACCOUNTS_RECE_TDAYS":2.50710312091,"INVENTORY_TDAYS":null,"CURRENT_ASSETS_TDAYS":0.053798582641,"TOTAL_ASSETS_TDAYS":0.051250392861,"PREMIUM_EXPENSE":null,"LOAN_DEPOSIT":null,"LOAN_EQUITY":null,"LOAN_ASSETS":null,"DEPOSIT_EQUITY":null,"DEPOSIT_ASSETS":null,"EQUITY_MULTIPLIER":4.849321030606,"EQUITY_RATIO":3.989945137645},{"SECUCODE":"01776.HK","SECURITY_CODE":"01776","SECURITY_NAME_ABBR":"广发证券","ORG_CODE":"10005679","STD_REPORT_DATE":"2023-09-30 00:00:00","REPORT_DATE":"2023-09-30 00:00:00","DATE_TYPE_CODE":"004","REPORT_TYPE":"2023年三季报","PER_NETCASH_OPERATE":1.630608014511,"PER_OI":2.363659638372,"BPS":14.696719527861,"BASIC_EPS":0.7,"DILUTED_EPS":0.7,"OPERATE_INCOME":18013657311.89,"OPERATE_INCOME_YOY":2.8466823184,"GROSS_PROFIT":null,"GROSS_PROFIT_YOY":null,"HOLDER_PROFIT":5810008111.11,"HOLDER_PROFIT_YOY":10.9989276213,"GROSS_PROFIT_RATIO":null,"EPS_TTM":1.115982176781,"OPERATE_INCOME_QOQ":-2.241867514631,"NET_PROFIT_RATIO":36.2879729016,"ROE_AVG":4.563506415531,"GROSS_PROFIT_QOQ":null,"ROA":0.903455954856,"HOLDER_PROFIT_QOQ":2.846484211882,"ROE_YEARLY":6.084675220708,"ROIC_YEARLY":1.120417980056,"TOTAL_ASSETS":668917787667.25,"TOTAL_LIABILITIES":529632766592.06,"TAX_EBT":11.516606598243,"OCF_SALES":68.986582841273,"TOTAL_PARENT_EQUITY":134483487895.05,"DEBT_ASSET_RATIO":79.1775575948,"OPERATE_PROFIT":7420518246.9,"PRETAX_PROFIT":7387590860.4,"NETCASH_OPERATE":12427006624.21,"NETCASH_INVEST":-7018260308.06,"NETCASH_FINANCE":-8780475912.19,"END_CASH":146645657868.86,"DIVI_RATIO":0.358097822575,"DIVIDEND_RATE":3.937414132379,"CURRENT_RATIO":0.94681653084,"COMMON_ACS":null,"CURRENTDEBT_DEBT":98.806464404375,"ISSUED_COMMON_SHARES":7621087664,"HK_COMMON_SHARES":1701796200,"PER_SHARES":200,"TOTAL_MARKET_CAP":85203760083.52,"HKSK_MARKET_CAP":19026081516,"PE_TTM":9.606405906127,"PB_TTM":0.649562351773,"REPORT_DATE_SQ":"2022-09-30 00:00:00","REPORT_TYPE_SQ":"2022年三季报","OPERATE_INCOME_SQ":17515059218.08,"DPS_HKD":0.4402029,"OPERATE_INCOME_QOQ_SQ":-12.002787953604,"NET_PROFIT_RATIO_SQ":33.6506644936,"HOLDER_PROFIT_SQ":5234292110.4,"HOLDER_PROFIT_QOQ_SQ":-18.72766549458,"ROE_AVG_SQ":4.6581179733,"PE_TTM_SQ":7.66889793839,"PB_TTM_SQ":0.591909805689,"ROA_SQ":0.929621854587,"START_DATE":"2023-01-01 00:00:00","FISCAL_YEAR":"12-31","CURRENCY":"HKD","IS_CNY_CODE":0,"DPS_HKD_LY":0.381033,"ORG_TYPE":"证券","PREMIUM_INCOME":null,"PREMIUM_INCOME_YOY":null,"NET_INTEREST_INCOME":2479236766.52,"NET_INTEREST_INCOME_YOY":null,"FEE_COMMISSION_INCOME":11174672199.32,"FEE_COMMISSION_INCOME_YOY":-9.919496430564,"ACCOUNTS_RECE_TDAYS":1.325270105163,"INVENTORY_TDAYS":null,"CURRENT_ASSETS_TDAYS":0.0332097158,"TOTAL_ASSETS_TDAYS":0.02801122762,"PREMIUM_EXPENSE":null,"LOAN_DEPOSIT":null,"LOAN_EQUITY":null,"LOAN_ASSETS":null,"DEPOSIT_EQUITY":null,"DEPOSIT_ASSETS":null,"EQUITY_MULTIPLIER":4.802510582285,"EQUITY_RATIO":3.938273574562},{"SECUCODE":"01776.HK","SECURITY_CODE":"01776","SECURITY_NAME_ABBR":"广发证券","ORG_CODE":"10005679","STD_REPORT_DATE":"2023-06-30 00:00:00","REPORT_DATE":"2023-06-30 00:00:00","DATE_TYPE_CODE":"002","REPORT_TYPE":"2023年中报","PER_NETCASH_OPERATE":0.516233662891,"PER_OI":2.373078856635,"BPS":14.550304613843,"BASIC_EPS":0.56,"DILUTED_EPS":0.56,"OPERATE_INCOME":18085442000,"OPERATE_INCOME_YOY":7.5697450966,"GROSS_PROFIT":null,"GROSS_PROFIT_YOY":null,"HOLDER_PROFIT":4538406000,"HOLDER_PROFIT_YOY":8.1066286684,"GROSS_PROFIT_RATIO":null,"EPS_TTM":1.085095115631,"OPERATE_INCOME_QOQ":-1.232462476275,"NET_PROFIT_RATIO":28.1455990957,"ROE_AVG":3.580408898423,"GROSS_PROFIT_QOQ":null,"ROA":0.700414833347,"HOLDER_PROFIT_QOQ":-5.850657792082,"ROE_YEARLY":7.160817796846,"ROIC_YEARLY":1.771754080394,"TOTAL_ASSETS":678663160000,"TOTAL_LIABILITIES":540668435000,"TAX_EBT":14.787208077164,"OCF_SALES":21.753750889804,"TOTAL_PARENT_EQUITY":133367647000,"DEBT_ASSET_RATIO":79.666683985,"OPERATE_PROFIT":5595016000,"PRETAX_PROFIT":5973582000,"NETCASH_OPERATE":3934262000,"NETCASH_INVEST":-1211673000,"NETCASH_FINANCE":-2359534000,"END_CASH":19530147000,"DIVI_RATIO":0.368291020558,"DIVIDEND_RATE":3.937414132379,"CURRENT_RATIO":1.446352990378,"COMMON_ACS":null,"CURRENTDEBT_DEBT":82.59163030296,"ISSUED_COMMON_SHARES":7621087664,"HK_COMMON_SHARES":1701796200,"PER_SHARES":200,"TOTAL_MARKET_CAP":85203760083.52,"HKSK_MARKET_CAP":19026081516,"PE_TTM":9.606405906127,"PB_TTM":0.649562351773,"REPORT_DATE_SQ":"2022-06-30 00:00:00","REPORT_TYPE_SQ":"2022年中报","OPERATE_INCOME_SQ":16812759000,"DPS_HKD":0.4402029,"OPERATE_INCOME_QOQ_SQ":-3.563864071452,"NET_PROFIT_RATIO_SQ":27.6754398252,"HOLDER_PROFIT_SQ":4198083000,"HOLDER_PROFIT_QOQ_SQ":-4.701500992519,"ROE_AVG_SQ":3.886372527344,"PE_TTM_SQ":7.66889793839,"PB_TTM_SQ":0.591909805689,"ROA_SQ":0.751752752412,"START_DATE":"2023-01-01 00:00:00","FISCAL_YEAR":"12-31","CURRENCY":"HKD","IS_CNY_CODE":0,"DPS_HKD_LY":0.381033,"ORG_TYPE":"证券","PREMIUM_INCOME":null,"PREMIUM_INCOME_YOY":null,"NET_INTEREST_INCOME":6804923000,"NET_INTEREST_INCOME_YOY":null,"FEE_COMMISSION_INCOME":7836013000,"FEE_COMMISSION_INCOME_YOY":-5.77420622476,"ACCOUNTS_RECE_TDAYS":1.265071239922,"INVENTORY_TDAYS":null,"CURRENT_ASSETS_TDAYS":0.02928278002,"TOTAL_ASSETS_TDAYS":0.027911367657,"PREMIUM_EXPENSE":null,"LOAN_DEPOSIT":null,"LOAN_EQUITY":null,"LOAN_ASSETS":null,"DEPOSIT_EQUITY":null,"DEPOSIT_ASSETS":null,"EQUITY_MULTIPLIER":4.918036975682,"EQUITY_RATIO":4.053969963195},{"SECUCODE":"01776.HK","SECURITY_CODE":"01776","SECURITY_NAME_ABBR":"广发证券","ORG_CODE":"10005679","STD_REPORT_DATE":"2023-03-31 00:00:00","REPORT_DATE":"2023-03-31 00:00:00","DATE_TYPE_CODE":"003","REPORT_TYPE":"2023年一季报","PER_NETCASH_OPERATE":-0.601230658262,"PER_OI":0.849886941762,"BPS":14.612292271862,"BASIC_EPS":0.27,"DILUTED_EPS":0.27,"OPERATE_INCOME":6477062887.66,"OPERATE_INCOME_YOY":35.6874104529,"GROSS_PROFIT":null,"GROSS_PROFIT_YOY":null,"HOLDER_PROFIT":2156742527.33,"HOLDER_PROFIT_YOY":65.5813869974,"GROSS_PROFIT_RATIO":null,"EPS_TTM":1.152525434787,"OPERATE_INCOME_QOQ":5.122535706545,"NET_PROFIT_RATIO":37.4522161459,"ROE_AVG":1.775120892587,"GROSS_PROFIT_QOQ":null,"ROA":0.336542931927,"HOLDER_PROFIT_QOQ":10.772922106945,"ROE_YEARLY":7.10048357035,"ROIC_YEARLY":1.699714140615,"TOTAL_ASSETS":664447965942.89,"TOTAL_LIABILITIES":536683152238.43,"TAX_EBT":14.525239025369,"OCF_SALES":-70.74242804759,"TOTAL_PARENT_EQUITY":122851060375.85,"DEBT_ASSET_RATIO":80.7712837945,"OPERATE_PROFIT":2837702862.91,"PRETAX_PROFIT":2838034953.16,"NETCASH_OPERATE":-4582031552.9,"NETCASH_INVEST":3302689070.77,"NETCASH_FINANCE":-625919980.87,"END_CASH":147745541864.16,"DIVI_RATIO":0.346743573266,"DIVIDEND_RATE":3.937414132379,"CURRENT_RATIO":0.945814192503,"COMMON_ACS":null,"CURRENTDEBT_DEBT":99.016089692929,"ISSUED_COMMON_SHARES":7621087664,"HK_COMMON_SHARES":1701796200,"PER_SHARES":200,"TOTAL_MARKET_CAP":85203760083.52,"HKSK_MARKET_CAP":19026081516,"PE_TTM":9.606405906127,"PB_TTM":0.649562351773,"REPORT_DATE_SQ":"2022-03-31 00:00:00","REPORT_TYPE_SQ":"2022年一季报","OPERATE_INCOME_SQ":4773517945.43,"DPS_HKD":0.4402029,"OPERATE_INCOME_QOQ_SQ":-8.463112912582,"NET_PROFIT_RATIO_SQ":32.8391398528,"HOLDER_PROFIT_SQ":1302527153.83,"HOLDER_PROFIT_QOQ_SQ":-11.40871372261,"ROE_AVG_SQ":1.21604689482,"PE_TTM_SQ":7.66889793839,"PB_TTM_SQ":0.591909805689,"ROA_SQ":0.238881263845,"START_DATE":"2023-01-01 00:00:00","FISCAL_YEAR":"12-31","CURRENCY":"HKD","IS_CNY_CODE":0,"DPS_HKD_LY":0.381033,"ORG_TYPE":"证券","PREMIUM_INCOME":null,"PREMIUM_INCOME_YOY":null,"NET_INTEREST_INCOME":937302735.92,"NET_INTEREST_INCOME_YOY":null,"FEE_COMMISSION_INCOME":3721428628.85,"FEE_COMMISSION_INCOME_YOY":-12.630392558034,"ACCOUNTS_RECE_TDAYS":0.472846011923,"INVENTORY_TDAYS":null,"CURRENT_ASSETS_TDAYS":0.011863068678,"TOTAL_ASSETS_TDAYS":0.010106953922,"PREMIUM_EXPENSE":null,"LOAN_DEPOSIT":null,"LOAN_EQUITY":null,"LOAN_ASSETS":null,"DEPOSIT_EQUITY":null,"DEPOSIT_ASSETS":null,"EQUITY_MULTIPLIER":5.200555197304,"EQUITY_RATIO":4.368567520675},{"SECUCODE":"01776.HK","SECURITY_CODE":"01776","SECURITY_NAME_ABBR":"广发证券","ORG_CODE":"10005679","STD_REPORT_DATE":"2022-12-31 00:00:00","REPORT_DATE":"2022-12-31 00:00:00","DATE_TYPE_CODE":"001","REPORT_TYPE":"2022年年报","PER_NETCASH_OPERATE":5.270027031669,"PER_OI":4.363667427301,"BPS":14.322841674637,"BASIC_EPS":1.02,"DILUTED_EPS":1.02,"OPERATE_INCOME":33255892000,"OPERATE_INCOME_YOY":-20.6582655992,"GROSS_PROFIT":null,"GROSS_PROFIT_YOY":null,"HOLDER_PROFIT":7929282000,"HOLDER_PROFIT_YOY":-26.946773003,"GROSS_PROFIT_RATIO":null,"EPS_TTM":1.040439678637,"OPERATE_INCOME_QOQ":2.140231372553,"NET_PROFIT_RATIO":26.7561700044,"ROE_AVG":6.99323282163,"GROSS_PROFIT_QOQ":null,"ROA":1.375284397233,"HOLDER_PROFIT_QOQ":6.468124150475,"ROE_YEARLY":6.99323282163,"ROIC_YEARLY":1.770327614232,"TOTAL_ASSETS":617256282000,"TOTAL_LIABILITIES":492463442000,"TAX_EBT":14.341696230227,"OCF_SALES":120.77059307265,"TOTAL_PARENT_EQUITY":120145632000,"DEBT_ASSET_RATIO":79.7826537147,"OPERATE_PROFIT":9447975000,"PRETAX_PROFIT":10387788000,"NETCASH_OPERATE":40163338000,"NETCASH_INVEST":-31400530000,"NETCASH_FINANCE":-11167616000,"END_CASH":19072052000,"DIVI_RATIO":0.384097988325,"DIVIDEND_RATE":3.937414132379,"CURRENT_RATIO":1.454740205812,"COMMON_ACS":null,"CURRENTDEBT_DEBT":82.266537055963,"ISSUED_COMMON_SHARES":7621087664,"HK_COMMON_SHARES":1701796200,"PER_SHARES":200,"TOTAL_MARKET_CAP":85203760083.52,"HKSK_MARKET_CAP":19026081516,"PE_TTM":9.606405906127,"PB_TTM":0.649562351773,"REPORT_DATE_SQ":"2021-12-31 00:00:00","REPORT_TYPE_SQ":"2021年年报","OPERATE_INCOME_SQ":41914753000,"DPS_HKD":0.4402029,"OPERATE_INCOME_QOQ_SQ":1.140760868619,"NET_PROFIT_RATIO_SQ":28.760532121,"HOLDER_PROFIT_SQ":10854116000,"HOLDER_PROFIT_QOQ_SQ":2.991124407377,"ROE_AVG_SQ":10.600410699509,"PE_TTM_SQ":7.66889793839,"PB_TTM_SQ":0.591909805689,"ROA_SQ":2.185423995862,"START_DATE":"2022-01-01 00:00:00","FISCAL_YEAR":"12-31","CURRENCY":"HKD","IS_CNY_CODE":0,"DPS_HKD_LY":0.579616,"ORG_TYPE":"证券","PREMIUM_INCOME":null,"PREMIUM_INCOME_YOY":null,"NET_INTEREST_INCOME":12855140000,"NET_INTEREST_INCOME_YOY":null,"FEE_COMMISSION_INCOME":16670137000,"FEE_COMMISSION_INCOME_YOY":-12.909541864593,"ACCOUNTS_RECE_TDAYS":3.148000422562,"INVENTORY_TDAYS":null,"CURRENT_ASSETS_TDAYS":0.060539201864,"TOTAL_ASSETS_TDAYS":0.05768026586,"PREMIUM_EXPENSE":null,"LOAN_DEPOSIT":null,"LOAN_EQUITY":null,"LOAN_ASSETS":null,"DEPOSIT_EQUITY":null,"DEPOSIT_ASSETS":null,"EQUITY_MULTIPLIER":4.94624757319,"EQUITY_RATIO":4.098887606667},{"SECUCODE":"01776.HK","SECURITY_CODE":"01776","SECURITY_NAME_ABBR":"广发证券","ORG_CODE":"10005679","STD_REPORT_DATE":"2022-09-30 00:00:00","REPORT_DATE":"2022-09-30 00:00:00","DATE_TYPE_CODE":"004","REPORT_TYPE":"2022年三季报","PER_NETCASH_OPERATE":2.580648410359,"PER_OI":2.298236156083,"BPS":14.056259363123,"BASIC_EPS":0.67,"DILUTED_EPS":0.67,"OPERATE_INCOME":17515059218.08,"OPERATE_INCOME_YOY":-34.817401201,"GROSS_PROFIT":null,"GROSS_PROFIT_YOY":null,"HOLDER_PROFIT":5234292110.4,"HOLDER_PROFIT_YOY":-39.4238314875,"GROSS_PROFIT_RATIO":null,"EPS_TTM":0.977231154338,"OPERATE_INCOME_QOQ":-12.002787953604,"NET_PROFIT_RATIO":33.6506644936,"ROE_AVG":4.6581179733,"GROSS_PROFIT_QOQ":null,"ROA":0.929621854587,"HOLDER_PROFIT_QOQ":-18.72766549458,"ROE_YEARLY":6.2108239644,"ROIC_YEARLY":1.186040352571,"TOTAL_ASSETS":590256779447.62,"TOTAL_LIABILITIES":467803511714.8,"TAX_EBT":13.917895385195,"OCF_SALES":112.288217358742,"TOTAL_PARENT_EQUITY":118113984834.28,"DEBT_ASSET_RATIO":79.2542378171,"OPERATE_PROFIT":6867252960.3,"PRETAX_PROFIT":6846874666.58,"NETCASH_OPERATE":19667347765.31,"NETCASH_INVEST":-5428981168.46,"NETCASH_FINANCE":-15151120641.85,"END_CASH":141484155803.18,"DIVI_RATIO":0.408941923069,"DIVIDEND_RATE":3.937414132379,"CURRENT_RATIO":0.9467820636,"COMMON_ACS":null,"CURRENTDEBT_DEBT":98.744279400933,"ISSUED_COMMON_SHARES":7621087664,"HK_COMMON_SHARES":1701796200,"PER_SHARES":200,"TOTAL_MARKET_CAP":85203760083.52,"HKSK_MARKET_CAP":19026081516,"PE_TTM":9.606405906127,"PB_TTM":0.649562351773,"REPORT_DATE_SQ":"2021-09-30 00:00:00","REPORT_TYPE_SQ":"2021年三季报","OPERATE_INCOME_SQ":26870759283.59,"DPS_HKD":0.4402029,"OPERATE_INCOME_QOQ_SQ":3.520726186473,"NET_PROFIT_RATIO_SQ":35.53824733,"HOLDER_PROFIT_SQ":8640843815.2,"HOLDER_PROFIT_QOQ_SQ":3.575408745422,"ROE_AVG_SQ":8.544211866621,"PE_TTM_SQ":7.66889793839,"PB_TTM_SQ":0.591909805689,"ROA_SQ":1.776919812414,"START_DATE":"2022-01-01 00:00:00","FISCAL_YEAR":"12-31","CURRENCY":"HKD","IS_CNY_CODE":0,"DPS_HKD_LY":0.579616,"ORG_TYPE":"证券","PREMIUM_INCOME":null,"PREMIUM_INCOME_YOY":null,"NET_INTEREST_INCOME":3093400316.73,"NET_INTEREST_INCOME_YOY":null,"FEE_COMMISSION_INCOME":12405206183.94,"FEE_COMMISSION_INCOME_YOY":-11.548008232786,"ACCOUNTS_RECE_TDAYS":2.447316012841,"INVENTORY_TDAYS":null,"CURRENT_ASSETS_TDAYS":0.037004687975,"TOTAL_ASSETS_TDAYS":0.031107132522,"PREMIUM_EXPENSE":null,"LOAN_DEPOSIT":null,"LOAN_EQUITY":null,"LOAN_ASSETS":null,"DEPOSIT_EQUITY":null,"DEPOSIT_ASSETS":null,"EQUITY_MULTIPLIER":4.820261560813,"EQUITY_RATIO":3.960610696279}],"count":45},"success":true,"message":"ok","code":0}