{"version":"ebec4f54789539082e9e8e622f94f3ca","result":{"pages":3,"data":[{"SECUCODE":"01773.HK","SECURITY_CODE":"01773","SECURITY_NAME_ABBR":"天立国际控股","ORG_CODE":"10914804","STD_REPORT_DATE":"2024-12-31 00:00:00","REPORT_DATE":"2024-08-31 00:00:00","DATE_TYPE_CODE":"001","REPORT_TYPE":"2024年年报","PER_NETCASH_OPERATE":0.390947669137,"PER_OI":1.569679163039,"BPS":1.174223602484,"BASIC_EPS":0.2751,"DILUTED_EPS":0.2723,"OPERATE_INCOME":3320898000,"OPERATE_INCOME_YOY":44.2275921374,"GROSS_PROFIT":1118969000,"GROSS_PROFIT_YOY":43.669937741302,"HOLDER_PROFIT":575956000,"HOLDER_PROFIT_YOY":70.892626132,"GROSS_PROFIT_RATIO":33.694771715361,"EPS_TTM":0.272235441145,"OPERATE_INCOME_QOQ":0,"NET_PROFIT_RATIO":16.7473376177,"ROE_AVG":25.352932295016,"GROSS_PROFIT_QOQ":0,"ROA":5.83381454163,"HOLDER_PROFIT_QOQ":0,"ROE_YEARLY":25.352932295016,"ROIC_YEARLY":6.834221513803,"TOTAL_ASSETS":10193716000,"TOTAL_LIABILITIES":7720680000,"TAX_EBT":24.888750234654,"OCF_SALES":24.90621512615,"TOTAL_PARENT_EQUITY":2472774000,"DEBT_ASSET_RATIO":75.7396027121,"OPERATE_PROFIT":813129000,"PRETAX_PROFIT":740451000,"NETCASH_OPERATE":827110000,"NETCASH_INVEST":-344417000,"NETCASH_FINANCE":-559872000,"END_CASH":1349016000,"DIVI_RATIO":0.30112078962,"DIVIDEND_RATE":2.024719101124,"CURRENT_RATIO":0.476408762892,"COMMON_ACS":10000000000,"CURRENTDEBT_DEBT":60.319129921199,"ISSUED_COMMON_SHARES":2105880000,"HK_COMMON_SHARES":2105880000,"PER_SHARES":1000,"TOTAL_MARKET_CAP":9371166000,"HKSK_MARKET_CAP":9371166000,"PE_TTM":14.842392558668,"PB_TTM":3.457074948426,"REPORT_DATE_SQ":"2023-12-31 00:00:00","REPORT_TYPE_SQ":"2023年年报","OPERATE_INCOME_SQ":2302540000,"DPS_HKD":0.0901,"OPERATE_INCOME_QOQ_SQ":0,"NET_PROFIT_RATIO_SQ":14.378599286,"HOLDER_PROFIT_SQ":337028000,"HOLDER_PROFIT_QOQ_SQ":0,"ROE_AVG_SQ":17.043996546568,"PE_TTM_SQ":22.089946244335,"PB_TTM_SQ":3.570266789577,"ROA_SQ":3.775741992415,"START_DATE":"2023-09-01 00:00:00","FISCAL_YEAR":"8-31","CURRENCY":"HKD","IS_CNY_CODE":0,"DPS_HKD_LY":0.0715,"ORG_TYPE":"一般企业","PREMIUM_INCOME":null,"PREMIUM_INCOME_YOY":null,"NET_INTEREST_INCOME":null,"NET_INTEREST_INCOME_YOY":null,"FEE_COMMISSION_INCOME":null,"FEE_COMMISSION_INCOME_YOY":null,"ACCOUNTS_RECE_TDAYS":185.473219771014,"INVENTORY_TDAYS":81.947487904726,"CURRENT_ASSETS_TDAYS":1.447081215952,"TOTAL_ASSETS_TDAYS":0.336371233977,"PREMIUM_EXPENSE":null,"LOAN_DEPOSIT":null,"LOAN_EQUITY":null,"LOAN_ASSETS":null,"DEPOSIT_EQUITY":null,"DEPOSIT_ASSETS":null,"EQUITY_MULTIPLIER":4.121944039633,"EQUITY_RATIO":3.122274821718},{"SECUCODE":"01773.HK","SECURITY_CODE":"01773","SECURITY_NAME_ABBR":"天立国际控股","ORG_CODE":"10914804","STD_REPORT_DATE":"2024-06-30 00:00:00","REPORT_DATE":"2024-02-29 00:00:00","DATE_TYPE_CODE":"002","REPORT_TYPE":"2024年中报","PER_NETCASH_OPERATE":-0.034727948004,"PER_OI":0.763901114206,"BPS":1.078470283207,"BASIC_EPS":0.139,"DILUTED_EPS":0.1384,"OPERATE_INCOME":1645443000,"OPERATE_INCOME_YOY":73.8282954307,"GROSS_PROFIT":582925000,"GROSS_PROFIT_YOY":57.215869248611,"HOLDER_PROFIT":288881000,"HOLDER_PROFIT_YOY":67.7736155879,"GROSS_PROFIT_RATIO":35.42662978906,"EPS_TTM":0.212948336543,"OPERATE_INCOME_QOQ":0,"NET_PROFIT_RATIO":17.3730114018,"ROE_AVG":13.306782506395,"GROSS_PROFIT_QOQ":0,"ROA":3.129790742014,"HOLDER_PROFIT_QOQ":0,"ROE_YEARLY":26.613565012791,"ROIC_YEARLY":7.109340180799,"TOTAL_ASSETS":8908366000,"TOTAL_LIABILITIES":6614815000,"TAX_EBT":25.19358240631,"OCF_SALES":-4.546131345783,"TOTAL_PARENT_EQUITY":2271129000,"DEBT_ASSET_RATIO":74.2539653175,"OPERATE_PROFIT":408315000,"PRETAX_PROFIT":382137000,"NETCASH_OPERATE":-74804000,"NETCASH_INVEST":-220408000,"NETCASH_FINANCE":-620734000,"END_CASH":522504000,"DIVI_RATIO":0.384956052397,"DIVIDEND_RATE":2.310256410256,"CURRENT_RATIO":0.382774955456,"COMMON_ACS":10000000000,"CURRENTDEBT_DEBT":57.721538697605,"ISSUED_COMMON_SHARES":2105880000,"HK_COMMON_SHARES":2105880000,"PER_SHARES":1000,"TOTAL_MARKET_CAP":8212932000,"HKSK_MARKET_CAP":8212932000,"PE_TTM":13.007939545799,"PB_TTM":3.029796022216,"REPORT_DATE_SQ":"2023-06-30 00:00:00","REPORT_TYPE_SQ":"2023年中报","OPERATE_INCOME_SQ":946591000,"DPS_HKD":0.0901,"OPERATE_INCOME_QOQ_SQ":0,"NET_PROFIT_RATIO_SQ":18.0237293615,"HOLDER_PROFIT_SQ":172185000,"HOLDER_PROFIT_QOQ_SQ":0,"ROE_AVG_SQ":8.9161066818,"PE_TTM_SQ":17.719208217381,"PB_TTM_SQ":2.863850365971,"ROA_SQ":2.044966499337,"START_DATE":"2023-09-01 00:00:00","FISCAL_YEAR":"8-31","CURRENCY":"HKD","IS_CNY_CODE":0,"DPS_HKD_LY":0.0715,"ORG_TYPE":"一般企业","PREMIUM_INCOME":null,"PREMIUM_INCOME_YOY":null,"NET_INTEREST_INCOME":null,"NET_INTEREST_INCOME_YOY":null,"FEE_COMMISSION_INCOME":null,"FEE_COMMISSION_INCOME_YOY":null,"ACCOUNTS_RECE_TDAYS":82.779172431141,"INVENTORY_TDAYS":48.320432943745,"CURRENT_ASSETS_TDAYS":0.858649319488,"TOTAL_ASSETS_TDAYS":0.178270369734,"PREMIUM_EXPENSE":null,"LOAN_DEPOSIT":null,"LOAN_EQUITY":null,"LOAN_ASSETS":null,"DEPOSIT_EQUITY":null,"DEPOSIT_ASSETS":null,"EQUITY_MULTIPLIER":3.884093268466,"EQUITY_RATIO":2.9125668335},{"SECUCODE":"01773.HK","SECURITY_CODE":"01773","SECURITY_NAME_ABBR":"天立国际控股","ORG_CODE":"10914804","STD_REPORT_DATE":"2023-12-31 00:00:00","REPORT_DATE":"2023-08-31 00:00:00","DATE_TYPE_CODE":"001","REPORT_TYPE":"2023年年报","PER_NETCASH_OPERATE":0.45295636026,"PER_OI":1.06896007428,"BPS":0.980808972971,"BASIC_EPS":0.1605,"DILUTED_EPS":0.1605,"OPERATE_INCOME":2302540000,"OPERATE_INCOME_YOY":160.3587630545,"GROSS_PROFIT":778847000,"GROSS_PROFIT_YOY":165.329990222764,"HOLDER_PROFIT":337028000,"HOLDER_PROFIT_YOY":245.797035395,"GROSS_PROFIT_RATIO":33.825557862187,"EPS_TTM":0.154980965645,"OPERATE_INCOME_QOQ":0,"NET_PROFIT_RATIO":14.378599286,"ROE_AVG":17.043996546568,"GROSS_PROFIT_QOQ":0,"ROA":3.775741992415,"HOLDER_PROFIT_QOQ":0,"ROE_YEARLY":17.043996546568,"ROIC_YEARLY":4.394197688284,"TOTAL_ASSETS":9557225000,"TOTAL_LIABILITIES":7456250000,"TAX_EBT":24.649560867048,"OCF_SALES":42.373552685295,"TOTAL_PARENT_EQUITY":2070732000,"DEBT_ASSET_RATIO":78.0618732672,"OPERATE_PROFIT":508125000,"PRETAX_PROFIT":443943000,"NETCASH_OPERATE":975668000,"NETCASH_INVEST":-435229000,"NETCASH_FINANCE":-30841000,"END_CASH":1432369000,"DIVI_RATIO":0.52894076804,"DIVIDEND_RATE":2.310256410256,"CURRENT_RATIO":0.518905757569,"COMMON_ACS":10000000000,"CURRENTDEBT_DEBT":61.283902766136,"ISSUED_COMMON_SHARES":2105880000,"HK_COMMON_SHARES":2105880000,"PER_SHARES":1000,"TOTAL_MARKET_CAP":8212932000,"HKSK_MARKET_CAP":8212932000,"PE_TTM":13.007939545799,"PB_TTM":3.029796022216,"REPORT_DATE_SQ":"2022-12-31 00:00:00","REPORT_TYPE_SQ":"2022年年报","OPERATE_INCOME_SQ":884372000,"DPS_HKD":0.0901,"OPERATE_INCOME_QOQ_SQ":0,"NET_PROFIT_RATIO_SQ":10.8732524322,"HOLDER_PROFIT_SQ":96539000,"HOLDER_PROFIT_QOQ_SQ":0,"ROE_AVG_SQ":5.339883156349,"PE_TTM_SQ":17.719208217381,"PB_TTM_SQ":2.863850365971,"ROA_SQ":1.212459246743,"START_DATE":"2022-09-01 00:00:00","FISCAL_YEAR":"8-31","CURRENCY":"HKD","IS_CNY_CODE":0,"DPS_HKD_LY":0.0526,"ORG_TYPE":"一般企业","PREMIUM_INCOME":null,"PREMIUM_INCOME_YOY":null,"NET_INTEREST_INCOME":null,"NET_INTEREST_INCOME_YOY":null,"FEE_COMMISSION_INCOME":null,"FEE_COMMISSION_INCOME_YOY":null,"ACCOUNTS_RECE_TDAYS":162.144994894546,"INVENTORY_TDAYS":66.103817787419,"CURRENT_ASSETS_TDAYS":1.006099192884,"TOTAL_ASSETS_TDAYS":0.260426654581,"PREMIUM_EXPENSE":null,"LOAN_DEPOSIT":null,"LOAN_EQUITY":null,"LOAN_ASSETS":null,"DEPOSIT_EQUITY":null,"DEPOSIT_ASSETS":null,"EQUITY_MULTIPLIER":4.55827433299,"EQUITY_RATIO":3.600779820856},{"SECUCODE":"01773.HK","SECURITY_CODE":"01773","SECURITY_NAME_ABBR":"天立国际控股","ORG_CODE":"10914804","STD_REPORT_DATE":"2023-06-30 00:00:00","REPORT_DATE":"2023-02-28 00:00:00","DATE_TYPE_CODE":"002","REPORT_TYPE":"2023年中报","PER_NETCASH_OPERATE":0.031330547818,"PER_OI":0.439457288765,"BPS":0.933018500579,"BASIC_EPS":0.082,"DILUTED_EPS":0.082,"OPERATE_INCOME":946591000,"OPERATE_INCOME_YOY":137.2033989621,"GROSS_PROFIT":370780000,"GROSS_PROFIT_YOY":228.606625662478,"HOLDER_PROFIT":172185000,"HOLDER_PROFIT_YOY":447.5013675709,"GROSS_PROFIT_RATIO":39.170032252578,"EPS_TTM":0.109382079851,"OPERATE_INCOME_QOQ":0,"NET_PROFIT_RATIO":18.0237293615,"ROE_AVG":8.9161066818,"GROSS_PROFIT_QOQ":0,"ROA":2.044966499337,"HOLDER_PROFIT_QOQ":0,"ROE_YEARLY":17.832213363601,"ROIC_YEARLY":4.553769856603,"TOTAL_ASSETS":8509455000,"TOTAL_LIABILITIES":6511408000,"TAX_EBT":24.615982464873,"OCF_SALES":7.129372664646,"TOTAL_PARENT_EQUITY":1964825000,"DEBT_ASSET_RATIO":76.5196831054,"OPERATE_PROFIT":259092000,"PRETAX_PROFIT":229026000,"NETCASH_OPERATE":67486000,"NETCASH_INVEST":-353523000,"NETCASH_FINANCE":61934000,"END_CASH":695868000,"DIVI_RATIO":0.749444069004,"DIVIDEND_RATE":2.310256410256,"CURRENT_RATIO":0.511487404864,"COMMON_ACS":10000000000,"CURRENTDEBT_DEBT":55.331488980571,"ISSUED_COMMON_SHARES":2105880000,"HK_COMMON_SHARES":2105880000,"PER_SHARES":1000,"TOTAL_MARKET_CAP":8212932000,"HKSK_MARKET_CAP":8212932000,"PE_TTM":13.007939545799,"PB_TTM":3.029796022216,"REPORT_DATE_SQ":"2022-06-30 00:00:00","REPORT_TYPE_SQ":"2022年中报","OPERATE_INCOME_SQ":399063000,"DPS_HKD":0.0901,"OPERATE_INCOME_QOQ_SQ":0,"NET_PROFIT_RATIO_SQ":7.7185807755,"HOLDER_PROFIT_SQ":31077000,"HOLDER_PROFIT_QOQ_SQ":0,"ROE_AVG_SQ":1.746124989781,"PE_TTM_SQ":17.719208217381,"PB_TTM_SQ":2.863850365971,"ROA_SQ":0.411877995739,"START_DATE":"2022-09-01 00:00:00","FISCAL_YEAR":"8-31","CURRENCY":"HKD","IS_CNY_CODE":0,"DPS_HKD_LY":0.0526,"ORG_TYPE":"一般企业","PREMIUM_INCOME":null,"PREMIUM_INCOME_YOY":null,"NET_INTEREST_INCOME":null,"NET_INTEREST_INCOME_YOY":null,"FEE_COMMISSION_INCOME":null,"FEE_COMMISSION_INCOME_YOY":null,"ACCOUNTS_RECE_TDAYS":97.180945536677,"INVENTORY_TDAYS":24.148081358775,"CURRENT_ASSETS_TDAYS":0.467585116762,"TOTAL_ASSETS_TDAYS":0.113769086941,"PREMIUM_EXPENSE":null,"LOAN_DEPOSIT":null,"LOAN_EQUITY":null,"LOAN_ASSETS":null,"DEPOSIT_EQUITY":null,"DEPOSIT_ASSETS":null,"EQUITY_MULTIPLIER":4.258886302467,"EQUITY_RATIO":3.313988777627},{"SECUCODE":"01773.HK","SECURITY_CODE":"01773","SECURITY_NAME_ABBR":"天立国际控股","ORG_CODE":"10914804","STD_REPORT_DATE":"2022-12-31 00:00:00","REPORT_DATE":"2022-08-31 00:00:00","DATE_TYPE_CODE":"001","REPORT_TYPE":"2022年年报","PER_NETCASH_OPERATE":0.34193454039,"PER_OI":0.410571959146,"BPS":0.879345451783,"BASIC_EPS":0.0458,"DILUTED_EPS":0.0456,"OPERATE_INCOME":884372000,"OPERATE_INCOME_YOY":null,"GROSS_PROFIT":293539000,"GROSS_PROFIT_YOY":null,"HOLDER_PROFIT":96539000,"HOLDER_PROFIT_YOY":null,"GROSS_PROFIT_RATIO":33.191801640034,"EPS_TTM":0.044818477252,"OPERATE_INCOME_QOQ":0,"NET_PROFIT_RATIO":10.8732524322,"ROE_AVG":5.339883156349,"GROSS_PROFIT_QOQ":0,"ROA":1.212459246743,"HOLDER_PROFIT_QOQ":0,"ROE_YEARLY":5.339883156349,"ROIC_YEARLY":1.412387884881,"TOTAL_ASSETS":8131111000,"TOTAL_LIABILITIES":6252196000,"TAX_EBT":23.286184971559,"OCF_SALES":83.282487460028,"TOTAL_PARENT_EQUITY":1851796000,"DEBT_ASSET_RATIO":76.8922721631,"OPERATE_PROFIT":151900000,"PRETAX_PROFIT":125349000,"NETCASH_OPERATE":736527000,"NETCASH_INVEST":-796494000,"NETCASH_FINANCE":-290711000,"END_CASH":919902000,"DIVI_RATIO":1.829061494878,"DIVIDEND_RATE":2.310256410256,"CURRENT_RATIO":0.578316092466,"COMMON_ACS":10000000000,"CURRENTDEBT_DEBT":61.011842878886,"ISSUED_COMMON_SHARES":2105880000,"HK_COMMON_SHARES":2105880000,"PER_SHARES":1000,"TOTAL_MARKET_CAP":8212932000,"HKSK_MARKET_CAP":8212932000,"PE_TTM":13.007939545799,"PB_TTM":3.029796022216,"REPORT_DATE_SQ":"2021-12-31 00:00:00","REPORT_TYPE_SQ":"2021年年报","OPERATE_INCOME_SQ":null,"DPS_HKD":0.0901,"OPERATE_INCOME_QOQ_SQ":0,"NET_PROFIT_RATIO_SQ":null,"HOLDER_PROFIT_SQ":null,"HOLDER_PROFIT_QOQ_SQ":0,"ROE_AVG_SQ":null,"PE_TTM_SQ":17.719208217381,"PB_TTM_SQ":2.863850365971,"ROA_SQ":null,"START_DATE":"2021-09-01 00:00:00","FISCAL_YEAR":"8-31","CURRENCY":"HKD","IS_CNY_CODE":0,"DPS_HKD_LY":0.0456,"ORG_TYPE":"一般企业","PREMIUM_INCOME":null,"PREMIUM_INCOME_YOY":null,"NET_INTEREST_INCOME":null,"NET_INTEREST_INCOME_YOY":null,"FEE_COMMISSION_INCOME":null,"FEE_COMMISSION_INCOME_YOY":null,"ACCOUNTS_RECE_TDAYS":121.957112321589,"INVENTORY_TDAYS":52.253736623331,"CURRENT_ASSETS_TDAYS":0.366840151104,"TOTAL_ASSETS_TDAYS":0.111070656311,"PREMIUM_EXPENSE":null,"LOAN_DEPOSIT":null,"LOAN_EQUITY":null,"LOAN_ASSETS":null,"DEPOSIT_EQUITY":null,"DEPOSIT_ASSETS":null,"EQUITY_MULTIPLIER":4.327556595171,"EQUITY_RATIO":3.376287668836},{"SECUCODE":"01773.HK","SECURITY_CODE":"01773","SECURITY_NAME_ABBR":"天立国际控股","ORG_CODE":"10914804","STD_REPORT_DATE":"2022-06-30 00:00:00","REPORT_DATE":"2022-02-28 00:00:00","DATE_TYPE_CODE":"002","REPORT_TYPE":"2022年中报","PER_NETCASH_OPERATE":0.038741920591,"PER_OI":0.184239612188,"BPS":0.852642600718,"BASIC_EPS":0.0147,"DILUTED_EPS":0.0146,"OPERATE_INCOME":399063000,"OPERATE_INCOME_YOY":21.1856094309,"GROSS_PROFIT":112834000,"GROSS_PROFIT_YOY":16.606210923371,"HOLDER_PROFIT":31077000,"HOLDER_PROFIT_YOY":16.2800269401,"GROSS_PROFIT_RATIO":28.274733563372,"EPS_TTM":0.204221448468,"OPERATE_INCOME_QOQ":0,"NET_PROFIT_RATIO":7.7185807755,"ROE_AVG":1.746124989781,"GROSS_PROFIT_QOQ":0,"ROA":0.411877995739,"HOLDER_PROFIT_QOQ":0,"ROE_YEARLY":3.492249979562,"ROIC_YEARLY":0.934998049267,"TOTAL_ASSETS":7297008000,"TOTAL_LIABILITIES":5472829000,"TAX_EBT":19.654641729922,"OCF_SALES":21.028008108995,"TOTAL_PARENT_EQUITY":1795563000,"DEBT_ASSET_RATIO":75.00100041,"OPERATE_PROFIT":53366000,"PRETAX_PROFIT":38337000,"NETCASH_OPERATE":83915000,"NETCASH_INVEST":-300625000,"NETCASH_FINANCE":-585876000,"END_CASH":469625000,"DIVI_RATIO":0.401406177534,"DIVIDEND_RATE":2.310256410256,"CURRENT_RATIO":0.611672092731,"COMMON_ACS":10000000000,"CURRENTDEBT_DEBT":54.581003718552,"ISSUED_COMMON_SHARES":2105880000,"HK_COMMON_SHARES":2105880000,"PER_SHARES":1000,"TOTAL_MARKET_CAP":8212932000,"HKSK_MARKET_CAP":8212932000,"PE_TTM":13.007939545799,"PB_TTM":3.029796022216,"REPORT_DATE_SQ":"2021-06-30 00:00:00","REPORT_TYPE_SQ":"2021年中报","OPERATE_INCOME_SQ":329299000,"DPS_HKD":0.0901,"OPERATE_INCOME_QOQ_SQ":24.030417547732,"NET_PROFIT_RATIO_SQ":31.0255073712,"HOLDER_PROFIT_SQ":26726000,"HOLDER_PROFIT_QOQ_SQ":16.130795082249,"ROE_AVG_SQ":7.947750896882,"PE_TTM_SQ":17.719208217381,"PB_TTM_SQ":2.863850365971,"ROA_SQ":3.322767052111,"START_DATE":"2021-09-01 00:00:00","FISCAL_YEAR":"8-31","CURRENCY":"HKD","IS_CNY_CODE":0,"DPS_HKD_LY":0.0456,"ORG_TYPE":"一般企业","PREMIUM_INCOME":null,"PREMIUM_INCOME_YOY":null,"NET_INTEREST_INCOME":null,"NET_INTEREST_INCOME_YOY":null,"FEE_COMMISSION_INCOME":null,"FEE_COMMISSION_INCOME_YOY":null,"ACCOUNTS_RECE_TDAYS":67.960320163488,"INVENTORY_TDAYS":60.043843087896,"CURRENT_ASSETS_TDAYS":0.179649913543,"TOTAL_ASSETS_TDAYS":0.052889683243,"PREMIUM_EXPENSE":null,"LOAN_DEPOSIT":null,"LOAN_EQUITY":null,"LOAN_ASSETS":null,"DEPOSIT_EQUITY":null,"DEPOSIT_ASSETS":null,"EQUITY_MULTIPLIER":4.000160072006,"EQUITY_RATIO":3.047973811},{"SECUCODE":"01773.HK","SECURITY_CODE":"01773","SECURITY_NAME_ABBR":"天立国际控股","ORG_CODE":"10914804","STD_REPORT_DATE":"2021-06-30 00:00:00","REPORT_DATE":"2021-06-30 00:00:00","DATE_TYPE_CODE":"002","REPORT_TYPE":"2021年中报","PER_NETCASH_OPERATE":0.3323033241,"PER_OI":0.152030932595,"BPS":1.648436283169,"BASIC_EPS":0.0125,"DILUTED_EPS":0.0125,"OPERATE_INCOME":329299000,"OPERATE_INCOME_YOY":54.6453718015,"GROSS_PROFIT":96765000,"GROSS_PROFIT_YOY":-64.846219238398,"HOLDER_PROFIT":26726000,"HOLDER_PROFIT_YOY":29.310295204,"GROSS_PROFIT_RATIO":46.844836768689,"EPS_TTM":0.203090027701,"OPERATE_INCOME_QOQ":24.030417547732,"NET_PROFIT_RATIO":31.0255073712,"ROE_AVG":7.947750896882,"GROSS_PROFIT_QOQ":24.593371456243,"ROA":3.322767052111,"HOLDER_PROFIT_QOQ":16.130795082249,"ROE_YEARLY":15.895501793763,"ROIC_YEARLY":7.867639274075,"TOTAL_ASSETS":8799430000,"TOTAL_LIABILITIES":5292057000,"TAX_EBT":18.812212463404,"OCF_SALES":81.56115083457,"TOTAL_PARENT_EQUITY":3471409000,"DEBT_ASSET_RATIO":60.1409068542,"OPERATE_PROFIT":37590000,"PRETAX_PROFIT":35865000,"NETCASH_OPERATE":190221000,"NETCASH_INVEST":-1611380000,"NETCASH_FINANCE":743970000,"END_CASH":791881000,"DIVI_RATIO":0.403642423648,"DIVIDEND_RATE":2.310256410256,"CURRENT_RATIO":0.443537360141,"COMMON_ACS":10000000000,"CURRENTDEBT_DEBT":55.334022290387,"ISSUED_COMMON_SHARES":2105880000,"HK_COMMON_SHARES":2105880000,"PER_SHARES":1000,"TOTAL_MARKET_CAP":8212932000,"HKSK_MARKET_CAP":8212932000,"PE_TTM":13.007939545799,"PB_TTM":3.029796022216,"REPORT_DATE_SQ":"2020-06-30 00:00:00","REPORT_TYPE_SQ":"2020年中报","OPERATE_INCOME_SQ":570654000,"DPS_HKD":0.0901,"OPERATE_INCOME_QOQ_SQ":14.450349101493,"NET_PROFIT_RATIO_SQ":36.8422897237,"HOLDER_PROFIT_SQ":208466000,"HOLDER_PROFIT_QOQ_SQ":24.430638696187,"ROE_AVG_SQ":8.319173134864,"PE_TTM_SQ":17.719208217381,"PB_TTM_SQ":2.863850365971,"ROA_SQ":3.932318013624,"START_DATE":"2021-01-01 00:00:00","FISCAL_YEAR":"12-31","CURRENCY":"HKD","IS_CNY_CODE":0,"DPS_HKD_LY":0.1083,"ORG_TYPE":"一般企业","PREMIUM_INCOME":null,"PREMIUM_INCOME_YOY":null,"NET_INTEREST_INCOME":null,"NET_INTEREST_INCOME_YOY":null,"FEE_COMMISSION_INCOME":null,"FEE_COMMISSION_INCOME_YOY":null,"ACCOUNTS_RECE_TDAYS":157.220816423968,"INVENTORY_TDAYS":62.324985052813,"CURRENT_ASSETS_TDAYS":0.572115580975,"TOTAL_ASSETS_TDAYS":0.108778070684,"PREMIUM_EXPENSE":null,"LOAN_DEPOSIT":null,"LOAN_EQUITY":null,"LOAN_ASSETS":null,"DEPOSIT_EQUITY":null,"DEPOSIT_ASSETS":null,"EQUITY_MULTIPLIER":2.508837811091,"EQUITY_RATIO":1.524469458943},{"SECUCODE":"01773.HK","SECURITY_CODE":"01773","SECURITY_NAME_ABBR":"天立国际控股","ORG_CODE":"10914804","STD_REPORT_DATE":"2020-12-31 00:00:00","REPORT_DATE":"2020-12-31 00:00:00","DATE_TYPE_CODE":"001","REPORT_TYPE":"2020年年报","PER_NETCASH_OPERATE":0.794102031394,"PER_OI":0.196936288089,"BPS":1.5727842992,"BASIC_EPS":0.1856,"DILUTED_EPS":0.1849,"OPERATE_INCOME":426564000,"OPERATE_INCOME_YOY":41.4579960866,"GROSS_PROFIT":73225000,"GROSS_PROFIT_YOY":-80.541567569722,"HOLDER_PROFIT":378791000,"HOLDER_PROFIT_YOY":42.9691333328,"GROSS_PROFIT_RATIO":43.284589634361,"EPS_TTM":0.174880424746,"OPERATE_INCOME_QOQ":23.597697339597,"NET_PROFIT_RATIO":29.2550814073,"ROE_AVG":13.17286950377,"GROSS_PROFIT_QOQ":21.769443390602,"ROA":6.235706755466,"HOLDER_PROFIT_QOQ":14.898657461614,"ROE_YEARLY":13.17286950377,"ROIC_YEARLY":7.674771597686,"TOTAL_ASSETS":7426083000,"TOTAL_LIABILITIES":4072949000,"TAX_EBT":13.616893364395,"OCF_SALES":132.546976431641,"TOTAL_PARENT_EQUITY":3312095000,"DEBT_ASSET_RATIO":54.8465321489,"OPERATE_PROFIT":20957000,"PRETAX_PROFIT":13307000,"NETCASH_OPERATE":1720025000,"NETCASH_INVEST":-1891187000,"NETCASH_FINANCE":1294641000,"END_CASH":1563135000,"DIVI_RATIO":0.468753155872,"DIVIDEND_RATE":2.310256410256,"CURRENT_RATIO":0.792470827919,"COMMON_ACS":10000000000,"CURRENTDEBT_DEBT":55.339583186531,"ISSUED_COMMON_SHARES":2105880000,"HK_COMMON_SHARES":2105880000,"PER_SHARES":1000,"TOTAL_MARKET_CAP":8212932000,"HKSK_MARKET_CAP":8212932000,"PE_TTM":13.007939545799,"PB_TTM":3.029796022216,"REPORT_DATE_SQ":"2019-12-31 00:00:00","REPORT_TYPE_SQ":"2019年年报","OPERATE_INCOME_SQ":917355000,"DPS_HKD":0.0901,"OPERATE_INCOME_QOQ_SQ":19.118139723317,"NET_PROFIT_RATIO_SQ":29.3735794758,"HOLDER_PROFIT_SQ":264946000,"HOLDER_PROFIT_QOQ_SQ":12.951097127899,"ROE_AVG_SQ":11.280247602938,"PE_TTM_SQ":17.719208217381,"PB_TTM_SQ":2.863850365971,"ROA_SQ":6.220265765131,"START_DATE":"2020-01-01 00:00:00","FISCAL_YEAR":"12-31","CURRENCY":"HKD","IS_CNY_CODE":0,"DPS_HKD_LY":0.041,"ORG_TYPE":"一般企业","PREMIUM_INCOME":null,"PREMIUM_INCOME_YOY":null,"NET_INTEREST_INCOME":null,"NET_INTEREST_INCOME_YOY":null,"FEE_COMMISSION_INCOME":null,"FEE_COMMISSION_INCOME_YOY":null,"ACCOUNTS_RECE_TDAYS":462.4,"INVENTORY_TDAYS":117.268961121734,"CURRENT_ASSETS_TDAYS":1.039787118284,"TOTAL_ASSETS_TDAYS":0.213624454033,"PREMIUM_EXPENSE":null,"LOAN_DEPOSIT":null,"LOAN_EQUITY":null,"LOAN_ASSETS":null,"DEPOSIT_EQUITY":null,"DEPOSIT_ASSETS":null,"EQUITY_MULTIPLIER":2.214669321297,"EQUITY_RATIO":1.229719860089},{"SECUCODE":"01773.HK","SECURITY_CODE":"01773","SECURITY_NAME_ABBR":"天立国际控股","ORG_CODE":"10914804","STD_REPORT_DATE":"2020-06-30 00:00:00","REPORT_DATE":"2020-06-30 00:00:00","DATE_TYPE_CODE":"002","REPORT_TYPE":"2020年中报","PER_NETCASH_OPERATE":0.255866024096,"PER_OI":0.275013975904,"BPS":1.221682621992,"BASIC_EPS":0.1022,"DILUTED_EPS":0.1019,"OPERATE_INCOME":570654000,"OPERATE_INCOME_YOY":30.2586437126,"GROSS_PROFIT":275262000,"GROSS_PROFIT_YOY":44.644827694927,"HOLDER_PROFIT":208466000,"HOLDER_PROFIT_YOY":45.0319331005,"GROSS_PROFIT_RATIO":48.236234215479,"EPS_TTM":0.158879036145,"OPERATE_INCOME_QOQ":14.450349101493,"NET_PROFIT_RATIO":36.8422897237,"ROE_AVG":8.319173134864,"GROSS_PROFIT_QOQ":22.576830580763,"ROA":3.932318013624,"HOLDER_PROFIT_QOQ":24.430638696187,"ROE_YEARLY":16.638346269729,"ROIC_YEARLY":9.153683020804,"TOTAL_ASSETS":5879690000,"TOTAL_LIABILITIES":3262773000,"TAX_EBT":0.261393879303,"OCF_SALES":93.037462280121,"TOTAL_PARENT_EQUITY":2572717000,"DEBT_ASSET_RATIO":55.4922623472,"OPERATE_PROFIT":218291000,"PRETAX_PROFIT":210793000,"NETCASH_OPERATE":530922000,"NETCASH_INVEST":-670976000,"NETCASH_FINANCE":458563000,"END_CASH":775049000,"DIVI_RATIO":0.515963295028,"DIVIDEND_RATE":2.310256410256,"CURRENT_RATIO":0.556703959928,"COMMON_ACS":10000000000,"CURRENTDEBT_DEBT":48.436008266588,"ISSUED_COMMON_SHARES":2105880000,"HK_COMMON_SHARES":2105880000,"PER_SHARES":1000,"TOTAL_MARKET_CAP":8212932000,"HKSK_MARKET_CAP":8212932000,"PE_TTM":13.007939545799,"PB_TTM":3.029796022216,"REPORT_DATE_SQ":"2019-06-30 00:00:00","REPORT_TYPE_SQ":"2019年中报","OPERATE_INCOME_SQ":438093000,"DPS_HKD":0.0901,"OPERATE_INCOME_QOQ_SQ":20.231432260321,"NET_PROFIT_RATIO_SQ":33.4118554736,"HOLDER_PROFIT_SQ":143738000,"HOLDER_PROFIT_QOQ_SQ":20.455700882747,"ROE_AVG_SQ":6.282738532335,"PE_TTM_SQ":17.719208217381,"PB_TTM_SQ":2.863850365971,"ROA_SQ":3.408920044605,"START_DATE":"2020-01-01 00:00:00","FISCAL_YEAR":"12-31","CURRENCY":"HKD","IS_CNY_CODE":0,"DPS_HKD_LY":0.041,"ORG_TYPE":"一般企业","PREMIUM_INCOME":null,"PREMIUM_INCOME_YOY":null,"NET_INTEREST_INCOME":null,"NET_INTEREST_INCOME_YOY":null,"FEE_COMMISSION_INCOME":null,"FEE_COMMISSION_INCOME_YOY":null,"ACCOUNTS_RECE_TDAYS":276.145172997822,"INVENTORY_TDAYS":80.019504266558,"CURRENT_ASSETS_TDAYS":0.717969493588,"TOTAL_ASSETS_TDAYS":0.107643117043,"PREMIUM_EXPENSE":null,"LOAN_DEPOSIT":null,"LOAN_EQUITY":null,"LOAN_ASSETS":null,"DEPOSIT_EQUITY":null,"DEPOSIT_ASSETS":null,"EQUITY_MULTIPLIER":2.246800337957,"EQUITY_RATIO":1.26822071763}],"count":19},"success":true,"message":"ok","code":0}