{"version":"96b82ae17151f63975cbfb443cab6913","result":{"pages":3,"data":[{"SECUCODE":"01778.HK","SECURITY_CODE":"01778","SECURITY_NAME_ABBR":"彩生活","ORG_CODE":"10400413","STD_REPORT_DATE":"2024-06-30 00:00:00","REPORT_DATE":"2024-06-30 00:00:00","DATE_TYPE_CODE":"002","REPORT_TYPE":"2024年中报","PER_NETCASH_OPERATE":-0.115557663145,"PER_OI":0.65510664093,"BPS":2.308511561356,"BASIC_EPS":0.0164,"DILUTED_EPS":0.0164,"OPERATE_INCOME":974488000,"OPERATE_INCOME_YOY":28.5041380293,"GROSS_PROFIT":220347000,"GROSS_PROFIT_YOY":0.82915780081,"HOLDER_PROFIT":24380000,"HOLDER_PROFIT_YOY":-20.6354373515,"GROSS_PROFIT_RATIO":22.611566278908,"EPS_TTM":0.011205184149,"OPERATE_INCOME_QOQ":14.191109515034,"NET_PROFIT_RATIO":3.3969633284,"ROE_AVG":0.569386507058,"GROSS_PROFIT_QOQ":0.398978333627,"ROA":0.415345040055,"HOLDER_PROFIT_QOQ":-27.552484026601,"ROE_YEARLY":1.138773014116,"ROIC_YEARLY":1.008046801819,"TOTAL_ASSETS":5890267000,"TOTAL_LIABILITIES":1401109000,"TAX_EBT":28.683456492234,"OCF_SALES":-17.639519419429,"TOTAL_PARENT_EQUITY":4292463000,"DEBT_ASSET_RATIO":23.7868504093,"OPERATE_PROFIT":79148000,"PRETAX_PROFIT":46417000,"NETCASH_OPERATE":-171895000,"NETCASH_INVEST":-36753000,"NETCASH_FINANCE":-10555000,"END_CASH":728701000,"DIVI_RATIO":null,"DIVIDEND_RATE":null,"CURRENT_RATIO":3.125557787836,"COMMON_ACS":50000000000,"CURRENTDEBT_DEBT":98.333819852702,"ISSUED_COMMON_SHARES":1859407192,"HK_COMMON_SHARES":1859407192,"PER_SHARES":1000,"TOTAL_MARKET_CAP":312380408.256,"HKSK_MARKET_CAP":312380408.256,"PE_TTM":16.631988652594,"PB_TTM":0.06641952441,"REPORT_DATE_SQ":"2023-06-30 00:00:00","REPORT_TYPE_SQ":"2023年中报","OPERATE_INCOME_SQ":758332000,"DPS_HKD":null,"OPERATE_INCOME_QOQ_SQ":9.38257272678,"NET_PROFIT_RATIO_SQ":4.4305132844,"HOLDER_PROFIT_SQ":30719000,"HOLDER_PROFIT_QOQ_SQ":44.365074303208,"ROE_AVG_SQ":0.719908846074,"PE_TTM_SQ":7.228654304016,"PB_TTM_SQ":0.075930187873,"ROA_SQ":0.522598706662,"START_DATE":"2024-01-01 00:00:00","FISCAL_YEAR":"12-31","CURRENCY":"HKD","IS_CNY_CODE":0,"DPS_HKD_LY":null,"ORG_TYPE":"一般企业","PREMIUM_INCOME":null,"PREMIUM_INCOME_YOY":null,"NET_INTEREST_INCOME":null,"NET_INTEREST_INCOME_YOY":null,"FEE_COMMISSION_INCOME":null,"FEE_COMMISSION_INCOME_YOY":null,"ACCOUNTS_RECE_TDAYS":1.247529074698,"INVENTORY_TDAYS":null,"CURRENT_ASSETS_TDAYS":0.227947876603,"TOTAL_ASSETS_TDAYS":0.166016717553,"PREMIUM_EXPENSE":null,"LOAN_DEPOSIT":null,"LOAN_EQUITY":null,"LOAN_ASSETS":null,"DEPOSIT_EQUITY":null,"DEPOSIT_ASSETS":null,"EQUITY_MULTIPLIER":1.312109531453,"EQUITY_RATIO":0.326411433249},{"SECUCODE":"01778.HK","SECURITY_CODE":"01778","SECURITY_NAME_ABBR":"彩生活","ORG_CODE":"10400413","STD_REPORT_DATE":"2023-12-31 00:00:00","REPORT_DATE":"2023-12-31 00:00:00","DATE_TYPE_CODE":"001","REPORT_TYPE":"2023年年报","PER_NETCASH_OPERATE":0.057935131387,"PER_OI":1.023968153764,"BPS":2.871304909185,"BASIC_EPS":0.0155,"DILUTED_EPS":0.0155,"OPERATE_INCOME":1523179000,"OPERATE_INCOME_YOY":16.1812366852,"GROSS_PROFIT":454160000,"GROSS_PROFIT_YOY":7.819629554012,"HOLDER_PROFIT":23007000,"HOLDER_PROFIT_YOY":-26.6311627017,"GROSS_PROFIT_RATIO":29.816587544865,"EPS_TTM":0.015466622973,"OPERATE_INCOME_QOQ":6.215490995407,"NET_PROFIT_RATIO":2.1642892923,"ROE_AVG":0.539783678295,"GROSS_PROFIT_QOQ":0.378386024471,"ROA":0.394136384003,"HOLDER_PROFIT_QOQ":-49.178263750828,"ROE_YEARLY":0.539783678295,"ROIC_YEARLY":0.479815306457,"TOTAL_ASSETS":5849370000,"TOTAL_LIABILITIES":1386047000,"TAX_EBT":37.340099979092,"OCF_SALES":5.657903634438,"TOTAL_PARENT_EQUITY":4271140000,"DEBT_ASSET_RATIO":23.6956629517,"OPERATE_PROFIT":48120000,"PRETAX_PROFIT":52611000,"NETCASH_OPERATE":86180000,"NETCASH_INVEST":234222000,"NETCASH_FINANCE":-129614000,"END_CASH":947904000,"DIVI_RATIO":null,"DIVIDEND_RATE":null,"CURRENT_RATIO":3.106424593069,"COMMON_ACS":50000000000,"CURRENTDEBT_DEBT":98.563829365094,"ISSUED_COMMON_SHARES":1487525754,"HK_COMMON_SHARES":1487525754,"PER_SHARES":1000,"TOTAL_MARKET_CAP":233541543.378,"HKSK_MARKET_CAP":233541543.378,"PE_TTM":12.434391519807,"PB_TTM":0.049656501596,"REPORT_DATE_SQ":"2022-12-31 00:00:00","REPORT_TYPE_SQ":"2022年年报","OPERATE_INCOME_SQ":1311037000,"DPS_HKD":null,"OPERATE_INCOME_QOQ_SQ":-33.327891903712,"NET_PROFIT_RATIO_SQ":3.7007346093,"HOLDER_PROFIT_SQ":31358000,"HOLDER_PROFIT_QOQ_SQ":114.537649164125,"ROE_AVG_SQ":0.7402028984,"PE_TTM_SQ":8.387679044745,"PB_TTM_SQ":0.088104648376,"ROA_SQ":0.542049641846,"START_DATE":"2023-01-01 00:00:00","FISCAL_YEAR":"12-31","CURRENCY":"HKD","IS_CNY_CODE":0,"DPS_HKD_LY":null,"ORG_TYPE":"一般企业","PREMIUM_INCOME":null,"PREMIUM_INCOME_YOY":null,"NET_INTEREST_INCOME":null,"NET_INTEREST_INCOME_YOY":null,"FEE_COMMISSION_INCOME":null,"FEE_COMMISSION_INCOME_YOY":null,"ACCOUNTS_RECE_TDAYS":2.502929463642,"INVENTORY_TDAYS":null,"CURRENT_ASSETS_TDAYS":0.364821977378,"TOTAL_ASSETS_TDAYS":0.26093808982,"PREMIUM_EXPENSE":null,"LOAN_DEPOSIT":null,"LOAN_EQUITY":null,"LOAN_ASSETS":null,"DEPOSIT_EQUITY":null,"DEPOSIT_ASSETS":null,"EQUITY_MULTIPLIER":1.310541495652,"EQUITY_RATIO":0.32451453242},{"SECUCODE":"01778.HK","SECURITY_CODE":"01778","SECURITY_NAME_ABBR":"彩生活","ORG_CODE":"10400413","STD_REPORT_DATE":"2023-06-30 00:00:00","REPORT_DATE":"2023-06-30 00:00:00","DATE_TYPE_CODE":"002","REPORT_TYPE":"2023年中报","PER_NETCASH_OPERATE":-0.013104310932,"PER_OI":0.50979419883,"BPS":2.877765301534,"BASIC_EPS":0.0207,"DILUTED_EPS":0.0207,"OPERATE_INCOME":758332000,"OPERATE_INCOME_YOY":19.3616475399,"GROSS_PROFIT":218535000,"GROSS_PROFIT_YOY":16.670848704547,"HOLDER_PROFIT":30719000,"HOLDER_PROFIT_YOY":82.7750342119,"GROSS_PROFIT_RATIO":28.817852866555,"EPS_TTM":0.030433086539,"OPERATE_INCOME_QOQ":9.38257272678,"NET_PROFIT_RATIO":4.4305132844,"ROE_AVG":0.719908846074,"GROSS_PROFIT_QOQ":7.413193043098,"ROA":0.522598706662,"HOLDER_PROFIT_QOQ":44.365074303208,"ROE_YEARLY":1.439817692148,"ROIC_YEARLY":1.242208396543,"TOTAL_ASSETS":5930979000,"TOTAL_LIABILITIES":1465135000,"TAX_EBT":26.437939263898,"OCF_SALES":-2.570510014084,"TOTAL_PARENT_EQUITY":4280750000,"DEBT_ASSET_RATIO":24.7030886469,"OPERATE_PROFIT":40762000,"PRETAX_PROFIT":45673000,"NETCASH_OPERATE":-19493000,"NETCASH_INVEST":34155000,"NETCASH_FINANCE":-36974000,"END_CASH":734804000,"DIVI_RATIO":null,"DIVIDEND_RATE":null,"CURRENT_RATIO":2.953024898204,"COMMON_ACS":50000000000,"CURRENTDEBT_DEBT":98.46150696011,"ISSUED_COMMON_SHARES":1487525754,"HK_COMMON_SHARES":1487525754,"PER_SHARES":1000,"TOTAL_MARKET_CAP":233541543.378,"HKSK_MARKET_CAP":233541543.378,"PE_TTM":12.434391519807,"PB_TTM":0.049656501596,"REPORT_DATE_SQ":"2022-06-30 00:00:00","REPORT_TYPE_SQ":"2022年中报","OPERATE_INCOME_SQ":635323000,"DPS_HKD":null,"OPERATE_INCOME_QOQ_SQ":-37.040586256601,"NET_PROFIT_RATIO_SQ":3.6427140211,"HOLDER_PROFIT_SQ":16807000,"HOLDER_PROFIT_QOQ_SQ":-1321.69234254644,"ROE_AVG_SQ":0.397443469182,"PE_TTM_SQ":8.387679044745,"PB_TTM_SQ":0.088104648376,"ROA_SQ":0.291711721406,"START_DATE":"2023-01-01 00:00:00","FISCAL_YEAR":"12-31","CURRENCY":"HKD","IS_CNY_CODE":0,"DPS_HKD_LY":null,"ORG_TYPE":"一般企业","PREMIUM_INCOME":null,"PREMIUM_INCOME_YOY":null,"NET_INTEREST_INCOME":null,"NET_INTEREST_INCOME_YOY":null,"FEE_COMMISSION_INCOME":null,"FEE_COMMISSION_INCOME_YOY":null,"ACCOUNTS_RECE_TDAYS":1.169527258258,"INVENTORY_TDAYS":null,"CURRENT_ASSETS_TDAYS":0.181279037815,"TOTAL_ASSETS_TDAYS":0.129009187285,"PREMIUM_EXPENSE":null,"LOAN_DEPOSIT":null,"LOAN_EQUITY":null,"LOAN_ASSETS":null,"DEPOSIT_EQUITY":null,"DEPOSIT_ASSETS":null,"EQUITY_MULTIPLIER":1.3280757232,"EQUITY_RATIO":0.34226128599},{"SECUCODE":"01778.HK","SECURITY_CODE":"01778","SECURITY_NAME_ABBR":"彩生活","ORG_CODE":"10400413","STD_REPORT_DATE":"2022-12-31 00:00:00","REPORT_DATE":"2022-12-31 00:00:00","DATE_TYPE_CODE":"001","REPORT_TYPE":"2022年年报","PER_NETCASH_OPERATE":0.220079550972,"PER_OI":0.88135415234,"BPS":2.859369653643,"BASIC_EPS":0.0211,"DILUTED_EPS":0.0211,"OPERATE_INCOME":1311037000,"OPERATE_INCOME_YOY":-58.0236316122,"GROSS_PROFIT":421222000,"GROSS_PROFIT_YOY":-49.814494894738,"HOLDER_PROFIT":31358000,"HOLDER_PROFIT_YOY":77.6053466244,"GROSS_PROFIT_RATIO":32.128917795608,"EPS_TTM":0.021080643421,"OPERATE_INCOME_QOQ":-33.327891903712,"NET_PROFIT_RATIO":3.7007346093,"ROE_AVG":0.7402028984,"GROSS_PROFIT_QOQ":-4.851592500565,"ROA":0.542049641846,"HOLDER_PROFIT_QOQ":114.537649164125,"ROE_YEARLY":0.7402028984,"ROIC_YEARLY":0.637662687053,"TOTAL_ASSETS":5825269000,"TOTAL_LIABILITIES":1384387000,"TAX_EBT":27.647707954308,"OCF_SALES":24.970614864417,"TOTAL_PARENT_EQUITY":4253386000,"DEBT_ASSET_RATIO":23.765202946,"OPERATE_PROFIT":65615000,"PRETAX_PROFIT":67058000,"NETCASH_OPERATE":327374000,"NETCASH_INVEST":-58309000,"NETCASH_FINANCE":-112028000,"END_CASH":757116000,"DIVI_RATIO":null,"DIVIDEND_RATE":null,"CURRENT_RATIO":2.986372968181,"COMMON_ACS":50000000000,"CURRENTDEBT_DEBT":99.326344439813,"ISSUED_COMMON_SHARES":1487525754,"HK_COMMON_SHARES":1487525754,"PER_SHARES":1000,"TOTAL_MARKET_CAP":233541543.378,"HKSK_MARKET_CAP":233541543.378,"PE_TTM":12.434391519807,"PB_TTM":0.049656501596,"REPORT_DATE_SQ":"2021-12-31 00:00:00","REPORT_TYPE_SQ":"2021年年报","OPERATE_INCOME_SQ":3123274000,"DPS_HKD":null,"OPERATE_INCOME_QOQ_SQ":-13.477393900678,"NET_PROFIT_RATIO_SQ":0.6024447423,"HOLDER_PROFIT_SQ":17656000,"HOLDER_PROFIT_QOQ_SQ":-96.574616933685,"ROE_AVG_SQ":0.412086870134,"PE_TTM_SQ":8.387679044745,"PB_TTM_SQ":0.088104648376,"ROA_SQ":0.220131428038,"START_DATE":"2022-01-01 00:00:00","FISCAL_YEAR":"12-31","CURRENCY":"HKD","IS_CNY_CODE":0,"DPS_HKD_LY":null,"ORG_TYPE":"一般企业","PREMIUM_INCOME":null,"PREMIUM_INCOME_YOY":null,"NET_INTEREST_INCOME":null,"NET_INTEREST_INCOME_YOY":null,"FEE_COMMISSION_INCOME":null,"FEE_COMMISSION_INCOME_YOY":null,"ACCOUNTS_RECE_TDAYS":2.466202597246,"INVENTORY_TDAYS":null,"CURRENT_ASSETS_TDAYS":0.327032909907,"TOTAL_ASSETS_TDAYS":0.226623871515,"PREMIUM_EXPENSE":null,"LOAN_DEPOSIT":null,"LOAN_EQUITY":null,"LOAN_ASSETS":null,"DEPOSIT_EQUITY":null,"DEPOSIT_ASSETS":null,"EQUITY_MULTIPLIER":1.311736947751,"EQUITY_RATIO":0.325478806767},{"SECUCODE":"01778.HK","SECURITY_CODE":"01778","SECURITY_NAME_ABBR":"彩生活","ORG_CODE":"10400413","STD_REPORT_DATE":"2022-06-30 00:00:00","REPORT_DATE":"2022-06-30 00:00:00","DATE_TYPE_CODE":"002","REPORT_TYPE":"2022年中报","PER_NETCASH_OPERATE":0.051430370059,"PER_OI":0.427100504507,"BPS":2.8491130245,"BASIC_EPS":0.0113,"DILUTED_EPS":0.0113,"OPERATE_INCOME":635323000,"OPERATE_INCOME_YOY":-64.5507035479,"GROSS_PROFIT":187309000,"GROSS_PROFIT_YOY":-67.923190607238,"HOLDER_PROFIT":16807000,"HOLDER_PROFIT_YOY":-93.2816341215,"GROSS_PROFIT_RATIO":29.482483713009,"EPS_TTM":-0.1450072373,"OPERATE_INCOME_QOQ":-37.040586256601,"NET_PROFIT_RATIO":3.6427140211,"ROE_AVG":0.397443469182,"GROSS_PROFIT_QOQ":-47.2555490689,"ROA":0.291711721406,"HOLDER_PROFIT_QOQ":-1321.69234254644,"ROE_YEARLY":0.794886938365,"ROIC_YEARLY":0.67055539857,"TOTAL_ASSETS":5778131000,"TOTAL_LIABILITIES":1352406000,"TAX_EBT":27.526383365171,"OCF_SALES":12.041748842715,"TOTAL_PARENT_EQUITY":4238129000,"DEBT_ASSET_RATIO":23.405596031,"OPERATE_PROFIT":34333000,"PRETAX_PROFIT":31933000,"NETCASH_OPERATE":76504000,"NETCASH_INVEST":-74091000,"NETCASH_FINANCE":-83039000,"END_CASH":519453000,"DIVI_RATIO":null,"DIVIDEND_RATE":null,"CURRENT_RATIO":3.013948822744,"COMMON_ACS":50000000000,"CURRENTDEBT_DEBT":99.144044022283,"ISSUED_COMMON_SHARES":1487525754,"HK_COMMON_SHARES":1487525754,"PER_SHARES":1000,"TOTAL_MARKET_CAP":233541543.378,"HKSK_MARKET_CAP":233541543.378,"PE_TTM":12.434391519807,"PB_TTM":0.049656501596,"REPORT_DATE_SQ":"2021-06-30 00:00:00","REPORT_TYPE_SQ":"2021年中报","OPERATE_INCOME_SQ":1792202000,"DPS_HKD":null,"OPERATE_INCOME_QOQ_SQ":0.370587662834,"NET_PROFIT_RATIO_SQ":14.1431044045,"HOLDER_PROFIT_SQ":250165000,"HOLDER_PROFIT_QOQ_SQ":2.735584119461,"ROE_AVG_SQ":5.723331765412,"PE_TTM_SQ":8.387679044745,"PB_TTM_SQ":0.088104648376,"ROA_SQ":2.461962548232,"START_DATE":"2022-01-01 00:00:00","FISCAL_YEAR":"12-31","CURRENCY":"HKD","IS_CNY_CODE":0,"DPS_HKD_LY":null,"ORG_TYPE":"一般企业","PREMIUM_INCOME":null,"PREMIUM_INCOME_YOY":null,"NET_INTEREST_INCOME":null,"NET_INTEREST_INCOME_YOY":null,"FEE_COMMISSION_INCOME":null,"FEE_COMMISSION_INCOME_YOY":null,"ACCOUNTS_RECE_TDAYS":1.152678569809,"INVENTORY_TDAYS":null,"CURRENT_ASSETS_TDAYS":0.159779118961,"TOTAL_ASSETS_TDAYS":0.110270224299,"PREMIUM_EXPENSE":null,"LOAN_DEPOSIT":null,"LOAN_EQUITY":null,"LOAN_ASSETS":null,"DEPOSIT_EQUITY":null,"DEPOSIT_ASSETS":null,"EQUITY_MULTIPLIER":1.305578408058,"EQUITY_RATIO":0.319104491628},{"SECUCODE":"01778.HK","SECURITY_CODE":"01778","SECURITY_NAME_ABBR":"彩生活","ORG_CODE":"10400413","STD_REPORT_DATE":"2021-12-31 00:00:00","REPORT_DATE":"2021-12-31 00:00:00","DATE_TYPE_CODE":"001","REPORT_TYPE":"2021年年报","PER_NETCASH_OPERATE":-0.247534537812,"PER_OI":2.099643647582,"BPS":2.836539796809,"BASIC_EPS":0.0119,"DILUTED_EPS":0.0119,"OPERATE_INCOME":3123274000,"OPERATE_INCOME_YOY":-13.1567517969,"GROSS_PROFIT":839330000,"GROSS_PROFIT_YOY":-30.505347907949,"HOLDER_PROFIT":17656000,"HOLDER_PROFIT_YOY":-96.4809126985,"GROSS_PROFIT_RATIO":26.873402717789,"EPS_TTM":0.01186937433,"OPERATE_INCOME_QOQ":-13.477393900678,"NET_PROFIT_RATIO":0.6024447423,"ROE_AVG":0.412086870134,"GROSS_PROFIT_QOQ":-30.649703042942,"ROA":0.220131428038,"HOLDER_PROFIT_QOQ":-96.574616933685,"ROE_YEARLY":0.412086870134,"ROIC_YEARLY":0.280527504835,"TOTAL_ASSETS":5744889000,"TOTAL_LIABILITIES":1335290000,"TAX_EBT":65.066280494597,"OCF_SALES":-11.789359499039,"TOTAL_PARENT_EQUITY":4219426000,"DEBT_ASSET_RATIO":23.2430948622,"OPERATE_PROFIT":343775000,"PRETAX_PROFIT":53862000,"NETCASH_OPERATE":-368214000,"NETCASH_INVEST":1732769000,"NETCASH_FINANCE":-3223055000,"END_CASH":600079000,"DIVI_RATIO":null,"DIVIDEND_RATE":null,"CURRENT_RATIO":2.974001119245,"COMMON_ACS":50000000000,"CURRENTDEBT_DEBT":98.493360992743,"ISSUED_COMMON_SHARES":1487525754,"HK_COMMON_SHARES":1487525754,"PER_SHARES":1000,"TOTAL_MARKET_CAP":233541543.378,"HKSK_MARKET_CAP":233541543.378,"PE_TTM":12.434391519807,"PB_TTM":0.049656501596,"REPORT_DATE_SQ":"2020-12-31 00:00:00","REPORT_TYPE_SQ":"2020年年报","OPERATE_INCOME_SQ":3596450000,"DPS_HKD":null,"OPERATE_INCOME_QOQ_SQ":-5.662975672172,"NET_PROFIT_RATIO_SQ":15.0719459467,"HOLDER_PROFIT_SQ":501721000,"HOLDER_PROFIT_QOQ_SQ":-3.35312292922,"ROE_AVG_SQ":12.207590920482,"PE_TTM_SQ":8.387679044745,"PB_TTM_SQ":0.088104648376,"ROA_SQ":5.100765641981,"START_DATE":"2021-01-01 00:00:00","FISCAL_YEAR":"12-31","CURRENCY":"HKD","IS_CNY_CODE":0,"DPS_HKD_LY":0.1038,"ORG_TYPE":"一般企业","PREMIUM_INCOME":null,"PREMIUM_INCOME_YOY":null,"NET_INTEREST_INCOME":null,"NET_INTEREST_INCOME_YOY":null,"FEE_COMMISSION_INCOME":null,"FEE_COMMISSION_INCOME_YOY":null,"ACCOUNTS_RECE_TDAYS":5.978227227355,"INVENTORY_TDAYS":null,"CURRENT_ASSETS_TDAYS":0.621811999899,"TOTAL_ASSETS_TDAYS":0.389403469514,"PREMIUM_EXPENSE":null,"LOAN_DEPOSIT":null,"LOAN_EQUITY":null,"LOAN_ASSETS":null,"DEPOSIT_EQUITY":null,"DEPOSIT_ASSETS":null,"EQUITY_MULTIPLIER":1.302814382895,"EQUITY_RATIO":0.316462476176},{"SECUCODE":"01778.HK","SECURITY_CODE":"01778","SECURITY_NAME_ABBR":"彩生活","ORG_CODE":"10400413","STD_REPORT_DATE":"2021-06-30 00:00:00","REPORT_DATE":"2021-06-30 00:00:00","DATE_TYPE_CODE":"002","REPORT_TYPE":"2021年中报","PER_NETCASH_OPERATE":0.370195275109,"PER_OI":1.23186630233,"BPS":2.952752238534,"BASIC_EPS":0.172,"DILUTED_EPS":0.172,"OPERATE_INCOME":1792202000,"OPERATE_INCOME_YOY":0.7492380011,"GROSS_PROFIT":583939000,"GROSS_PROFIT_YOY":0.432385948317,"HOLDER_PROFIT":250165000,"HOLDER_PROFIT_YOY":5.8048553544,"GROSS_PROFIT_RATIO":32.58220892511,"EPS_TTM":0.354290731776,"OPERATE_INCOME_QOQ":0.370587662834,"NET_PROFIT_RATIO":14.1431044045,"ROE_AVG":5.723331765412,"GROSS_PROFIT_QOQ":0.208153593175,"ROA":2.461962548232,"HOLDER_PROFIT_QOQ":2.735584119461,"ROE_YEARLY":11.446663530824,"ROIC_YEARLY":6.78455278572,"TOTAL_ASSETS":10025968000,"TOTAL_LIABILITIES":5436260000,"TAX_EBT":26.869779720431,"OCF_SALES":30.051579007277,"TOTAL_PARENT_EQUITY":4392295000,"DEBT_ASSET_RATIO":54.221796838,"OPERATE_PROFIT":443365000,"PRETAX_PROFIT":346605000,"NETCASH_OPERATE":538585000,"NETCASH_INVEST":360709000,"NETCASH_FINANCE":-640339000,"END_CASH":2712539000,"DIVI_RATIO":null,"DIVIDEND_RATE":null,"CURRENT_RATIO":1.428733449204,"COMMON_ACS":50000000000,"CURRENTDEBT_DEBT":77.398376825244,"ISSUED_COMMON_SHARES":1487525754,"HK_COMMON_SHARES":1487525754,"PER_SHARES":1000,"TOTAL_MARKET_CAP":233541543.378,"HKSK_MARKET_CAP":233541543.378,"PE_TTM":12.434391519807,"PB_TTM":0.049656501596,"REPORT_DATE_SQ":"2020-06-30 00:00:00","REPORT_TYPE_SQ":"2020年中报","OPERATE_INCOME_SQ":1778874000,"DPS_HKD":null,"OPERATE_INCOME_QOQ_SQ":-0.849440169488,"NET_PROFIT_RATIO_SQ":13.8422395291,"HOLDER_PROFIT_SQ":236440000,"HOLDER_PROFIT_QOQ_SQ":4.123392903705,"ROE_AVG_SQ":6.020705533287,"PE_TTM_SQ":8.387679044745,"PB_TTM_SQ":0.088104648376,"ROA_SQ":2.50861753731,"START_DATE":"2021-01-01 00:00:00","FISCAL_YEAR":"12-31","CURRENCY":"HKD","IS_CNY_CODE":0,"DPS_HKD_LY":0.1038,"ORG_TYPE":"一般企业","PREMIUM_INCOME":null,"PREMIUM_INCOME_YOY":null,"NET_INTEREST_INCOME":null,"NET_INTEREST_INCOME_YOY":null,"FEE_COMMISSION_INCOME":null,"FEE_COMMISSION_INCOME_YOY":null,"ACCOUNTS_RECE_TDAYS":3.020971641971,"INVENTORY_TDAYS":null,"CURRENT_ASSETS_TDAYS":0.295112235807,"TOTAL_ASSETS_TDAYS":0.176376959321,"PREMIUM_EXPENSE":null,"LOAN_DEPOSIT":null,"LOAN_EQUITY":null,"LOAN_ASSETS":null,"DEPOSIT_EQUITY":null,"DEPOSIT_ASSETS":null,"EQUITY_MULTIPLIER":2.184445720731,"EQUITY_RATIO":1.237680984542},{"SECUCODE":"01778.HK","SECURITY_CODE":"01778","SECURITY_NAME_ABBR":"彩生活","ORG_CODE":"10400413","STD_REPORT_DATE":"2020-12-31 00:00:00","REPORT_DATE":"2020-12-31 00:00:00","DATE_TYPE_CODE":"001","REPORT_TYPE":"2020年年报","PER_NETCASH_OPERATE":0.567623590528,"PER_OI":2.472012397606,"BPS":2.924077777009,"BASIC_EPS":0.349,"DILUTED_EPS":0.349,"OPERATE_INCOME":3596450000,"OPERATE_INCOME_YOY":-6.4643122515,"GROSS_PROFIT":1207762000,"GROSS_PROFIT_YOY":-10.894944504942,"HOLDER_PROFIT":501721000,"HOLDER_PROFIT_YOY":0.6320075416,"GROSS_PROFIT_RATIO":33.58206008703,"EPS_TTM":0.344856881686,"OPERATE_INCOME_QOQ":-5.662975672172,"NET_PROFIT_RATIO":15.0719459467,"ROE_AVG":12.207590920482,"GROSS_PROFIT_QOQ":-10.348876913256,"ROA":5.100765641981,"HOLDER_PROFIT_QOQ":-3.35312292922,"ROE_YEARLY":12.207590920482,"ROIC_YEARLY":6.642682779496,"TOTAL_ASSETS":10296437000,"TOTAL_LIABILITIES":5742015000,"TAX_EBT":22.644463218463,"OCF_SALES":22.962004198585,"TOTAL_PARENT_EQUITY":4349641000,"DEBT_ASSET_RATIO":55.7670095005,"OPERATE_PROFIT":906186000,"PRETAX_PROFIT":700732000,"NETCASH_OPERATE":825817000,"NETCASH_INVEST":-293137000,"NETCASH_FINANCE":226993000,"END_CASH":2458579000,"DIVI_RATIO":null,"DIVIDEND_RATE":null,"CURRENT_RATIO":1.239359599034,"COMMON_ACS":50000000000,"CURRENTDEBT_DEBT":86.200558514737,"ISSUED_COMMON_SHARES":1487525754,"HK_COMMON_SHARES":1487525754,"PER_SHARES":1000,"TOTAL_MARKET_CAP":233541543.378,"HKSK_MARKET_CAP":233541543.378,"PE_TTM":12.434391519807,"PB_TTM":0.049656501596,"REPORT_DATE_SQ":"2019-12-31 00:00:00","REPORT_TYPE_SQ":"2019年年报","OPERATE_INCOME_SQ":3845003000,"DPS_HKD":null,"OPERATE_INCOME_QOQ_SQ":4.815969743238,"NET_PROFIT_RATIO_SQ":13.9321347734,"HOLDER_PROFIT_SQ":498570000,"HOLDER_PROFIT_QOQ_SQ":-5.143957367387,"ROE_AVG_SQ":14.233374876011,"PE_TTM_SQ":8.387679044745,"PB_TTM_SQ":0.088104648376,"ROA_SQ":5.128731078051,"START_DATE":"2020-01-01 00:00:00","FISCAL_YEAR":"12-31","CURRENCY":"HKD","IS_CNY_CODE":0,"DPS_HKD_LY":0.1004,"ORG_TYPE":"一般企业","PREMIUM_INCOME":null,"PREMIUM_INCOME_YOY":null,"NET_INTEREST_INCOME":null,"NET_INTEREST_INCOME_YOY":null,"FEE_COMMISSION_INCOME":null,"FEE_COMMISSION_INCOME_YOY":null,"ACCOUNTS_RECE_TDAYS":5.968057628691,"INVENTORY_TDAYS":null,"CURRENT_ASSETS_TDAYS":0.647405988242,"TOTAL_ASSETS_TDAYS":0.365634458057,"PREMIUM_EXPENSE":null,"LOAN_DEPOSIT":null,"LOAN_EQUITY":null,"LOAN_ASSETS":null,"DEPOSIT_EQUITY":null,"DEPOSIT_ASSETS":null,"EQUITY_MULTIPLIER":2.260756030075,"EQUITY_RATIO":1.320112395483},{"SECUCODE":"01778.HK","SECURITY_CODE":"01778","SECURITY_NAME_ABBR":"彩生活","ORG_CODE":"10400413","STD_REPORT_DATE":"2020-06-30 00:00:00","REPORT_DATE":"2020-06-30 00:00:00","DATE_TYPE_CODE":"002","REPORT_TYPE":"2020年中报","PER_NETCASH_OPERATE":0.15648973,"PER_OI":1.250311086992,"BPS":2.678306570012,"BASIC_EPS":0.1662,"DILUTED_EPS":0.1662,"OPERATE_INCOME":1778874000,"OPERATE_INCOME_YOY":-1.8029461203,"GROSS_PROFIT":581425000,"GROSS_PROFIT_YOY":-1.400079025778,"HOLDER_PROFIT":236440000,"HOLDER_PROFIT_YOY":9.5227948602,"GROSS_PROFIT_RATIO":32.685001860728,"EPS_TTM":0.364877722631,"OPERATE_INCOME_QOQ":-0.849440169488,"NET_PROFIT_RATIO":13.8422395291,"ROE_AVG":6.020705533287,"GROSS_PROFIT_QOQ":-0.609102901207,"ROA":2.50861753731,"HOLDER_PROFIT_QOQ":4.123392903705,"ROE_YEARLY":12.041411066573,"ROIC_YEARLY":6.177912864098,"TOTAL_ASSETS":9474280000,"TOTAL_LIABILITIES":5298617000,"TAX_EBT":27.923191757164,"OCF_SALES":12.516063532324,"TOTAL_PARENT_EQUITY":3984050000,"DEBT_ASSET_RATIO":55.9263289664,"OPERATE_PROFIT":435447000,"PRETAX_PROFIT":341630000,"NETCASH_OPERATE":222645000,"NETCASH_INVEST":-123144000,"NETCASH_FINANCE":-370632000,"END_CASH":1446835000,"DIVI_RATIO":null,"DIVIDEND_RATE":null,"CURRENT_RATIO":1.166402830637,"COMMON_ACS":50000000000,"CURRENTDEBT_DEBT":84.563330393573,"ISSUED_COMMON_SHARES":1487525754,"HK_COMMON_SHARES":1487525754,"PER_SHARES":1000,"TOTAL_MARKET_CAP":233541543.378,"HKSK_MARKET_CAP":233541543.378,"PE_TTM":12.434391519807,"PB_TTM":0.049656501596,"REPORT_DATE_SQ":"2019-06-30 00:00:00","REPORT_TYPE_SQ":"2019年中报","OPERATE_INCOME_SQ":1811535000,"DPS_HKD":null,"OPERATE_INCOME_QOQ_SQ":1.513120500058,"NET_PROFIT_RATIO_SQ":12.9691118306,"HOLDER_PROFIT_SQ":215882000,"HOLDER_PROFIT_QOQ_SQ":8.367885101882,"ROE_AVG_SQ":6.86707101681,"PE_TTM_SQ":8.387679044745,"PB_TTM_SQ":0.088104648376,"ROA_SQ":2.261583054711,"START_DATE":"2020-01-01 00:00:00","FISCAL_YEAR":"12-31","CURRENCY":"HKD","IS_CNY_CODE":0,"DPS_HKD_LY":0.1004,"ORG_TYPE":"一般企业","PREMIUM_INCOME":null,"PREMIUM_INCOME_YOY":null,"NET_INTEREST_INCOME":null,"NET_INTEREST_INCOME_YOY":null,"FEE_COMMISSION_INCOME":null,"FEE_COMMISSION_INCOME_YOY":null,"ACCOUNTS_RECE_TDAYS":2.256703989283,"INVENTORY_TDAYS":null,"CURRENT_ASSETS_TDAYS":0.3487225832,"TOTAL_ASSETS_TDAYS":0.188737714137,"PREMIUM_EXPENSE":null,"LOAN_DEPOSIT":null,"LOAN_EQUITY":null,"LOAN_ASSETS":null,"DEPOSIT_EQUITY":null,"DEPOSIT_ASSETS":null,"EQUITY_MULTIPLIER":2.268928311503,"EQUITY_RATIO":1.329957455353}],"count":25},"success":true,"message":"ok","code":0}