{"version":"c30b4feab5e310223f344248060dd9e5","result":{"pages":3,"data":[{"SECUCODE":"01786.HK","SECURITY_CODE":"01786","SECURITY_NAME_ABBR":"铁建装备","ORG_CODE":"10477009","STD_REPORT_DATE":"2024-06-30 00:00:00","REPORT_DATE":"2024-06-30 00:00:00","DATE_TYPE_CODE":"002","REPORT_TYPE":"2024年中报","PER_NETCASH_OPERATE":-0.162063761077,"PER_OI":1.133278340939,"BPS":3.937299909723,"BASIC_EPS":0.04,"DILUTED_EPS":null,"OPERATE_INCOME":1722451617.94,"OPERATE_INCOME_YOY":7.428295316,"GROSS_PROFIT":322585944.3,"GROSS_PROFIT_YOY":13.810466407117,"HOLDER_PROFIT":61346082.55,"HOLDER_PROFIT_YOY":37.5708652988,"GROSS_PROFIT_RATIO":18.72830220252,"EPS_TTM":0.106448161103,"OPERATE_INCOME_QOQ":3.842014600256,"NET_PROFIT_RATIO":3.5630872601,"ROE_AVG":1.035775388075,"GROSS_PROFIT_QOQ":8.039956587394,"ROA":0.675008096181,"HOLDER_PROFIT_QOQ":11.551499665506,"ROE_YEARLY":2.07155077615,"ROIC_YEARLY":1.596987038007,"TOTAL_ASSETS":9117499708.58,"TOTAL_LIABILITIES":3098791074.79,"TAX_EBT":-0.315323288495,"OCF_SALES":-14.300437520247,"TOTAL_PARENT_EQUITY":5984239135.99,"DEBT_ASSET_RATIO":33.9872900887,"OPERATE_PROFIT":51127070.98,"PRETAX_PROFIT":61179540.82,"NETCASH_OPERATE":-246318117.44,"NETCASH_INVEST":-183867594.09,"NETCASH_FINANCE":19300000,"END_CASH":1047734430.05,"DIVI_RATIO":0.280937309674,"DIVIDEND_RATE":3.837209302326,"CURRENT_RATIO":2.212708845794,"COMMON_ACS":null,"CURRENTDEBT_DEBT":99.015673150147,"ISSUED_COMMON_SHARES":1519884000,"HK_COMMON_SHARES":531900000,"PER_SHARES":500,"TOTAL_MARKET_CAP":1307100240,"HKSK_MARKET_CAP":457434000,"PE_TTM":7.306582100311,"PB_TTM":0.199351031925,"REPORT_DATE_SQ":"2023-06-30 00:00:00","REPORT_TYPE_SQ":"2023年中报","OPERATE_INCOME_SQ":1603350041.88,"DPS_HKD":0.033,"OPERATE_INCOME_QOQ_SQ":13.14064839731,"NET_PROFIT_RATIO_SQ":2.8107395904,"HOLDER_PROFIT_SQ":44592350.58,"HOLDER_PROFIT_QOQ_SQ":2.502461578765,"ROE_AVG_SQ":0.761623662174,"PE_TTM_SQ":8.832574580646,"PB_TTM_SQ":0.181021694544,"ROA_SQ":0.508402986567,"START_DATE":"2024-01-01 00:00:00","FISCAL_YEAR":"12-31","CURRENCY":"HKD","IS_CNY_CODE":0,"DPS_HKD_LY":0.033,"ORG_TYPE":"一般企业","PREMIUM_INCOME":null,"PREMIUM_INCOME_YOY":null,"NET_INTEREST_INCOME":null,"NET_INTEREST_INCOME_YOY":null,"FEE_COMMISSION_INCOME":null,"FEE_COMMISSION_INCOME_YOY":null,"ACCOUNTS_RECE_TDAYS":0.673208100193,"INVENTORY_TDAYS":0.516127785259,"CURRENT_ASSETS_TDAYS":0.253355379687,"TOTAL_ASSETS_TDAYS":0.1895261668,"PREMIUM_EXPENSE":null,"LOAN_DEPOSIT":null,"LOAN_EQUITY":null,"LOAN_ASSETS":null,"DEPOSIT_EQUITY":null,"DEPOSIT_ASSETS":null,"EQUITY_MULTIPLIER":1.514859791915,"EQUITY_RATIO":0.517825408439},{"SECUCODE":"01786.HK","SECURITY_CODE":"01786","SECURITY_NAME_ABBR":"铁建装备","ORG_CODE":"10477009","STD_REPORT_DATE":"2023-12-31 00:00:00","REPORT_DATE":"2023-12-31 00:00:00","DATE_TYPE_CODE":"001","REPORT_TYPE":"2023年年报","PER_NETCASH_OPERATE":0.056955645345,"PER_OI":2.039614329251,"BPS":3.856348324142,"BASIC_EPS":0.1,"DILUTED_EPS":null,"OPERATE_INCOME":3099977185.2,"OPERATE_INCOME_YOY":9.8535713036,"GROSS_PROFIT":486875453.3,"GROSS_PROFIT_YOY":-26.592296007876,"HOLDER_PROFIT":145035124.92,"HOLDER_PROFIT_YOY":25.4248085747,"GROSS_PROFIT_RATIO":15.705775372298,"EPS_TTM":0.095425127786,"OPERATE_INCOME_QOQ":-2.905301622613,"NET_PROFIT_RATIO":4.6820282644,"ROE_AVG":2.465491982985,"GROSS_PROFIT_QOQ":-23.917555815159,"ROA":1.64470509301,"HOLDER_PROFIT_QOQ":22.362728311953,"ROE_YEARLY":2.465491982985,"ROIC_YEARLY":1.935648846643,"TOTAL_ASSETS":9058899329.31,"TOTAL_LIABILITIES":3182554086.83,"TAX_EBT":-5.874676806484,"OCF_SALES":2.79247132796,"TOTAL_PARENT_EQUITY":5861202116.29,"DEBT_ASSET_RATIO":35.1317966028,"OPERATE_PROFIT":122852438.9,"PRETAX_PROFIT":137088312.69,"NETCASH_OPERATE":86565974.07,"NETCASH_INVEST":244807404.01,"NETCASH_FINANCE":-37850981.15,"END_CASH":1457596638.25,"DIVI_RATIO":0.313389782061,"DIVIDEND_RATE":4.4,"CURRENT_RATIO":2.149735242507,"COMMON_ACS":null,"CURRENTDEBT_DEBT":99.506557712719,"ISSUED_COMMON_SHARES":1519884000,"HK_COMMON_SHARES":531900000,"PER_SHARES":500,"TOTAL_MARKET_CAP":1139913000,"HKSK_MARKET_CAP":398925000,"PE_TTM":6.372019273527,"PB_TTM":0.17385264412,"REPORT_DATE_SQ":"2022-12-31 00:00:00","REPORT_TYPE_SQ":"2022年年报","OPERATE_INCOME_SQ":2821917529.32,"DPS_HKD":0.033,"OPERATE_INCOME_QOQ_SQ":16.4597971559,"NET_PROFIT_RATIO_SQ":4.0990411494,"HOLDER_PROFIT_SQ":115635117.62,"HOLDER_PROFIT_QOQ_SQ":59.893560734106,"ROE_AVG_SQ":1.962337916188,"PE_TTM_SQ":7.772665630968,"PB_TTM_SQ":0.159299091199,"ROA_SQ":1.372437904248,"START_DATE":"2023-01-01 00:00:00","FISCAL_YEAR":"12-31","CURRENCY":"HKD","IS_CNY_CODE":0,"DPS_HKD_LY":0.027,"ORG_TYPE":"一般企业","PREMIUM_INCOME":null,"PREMIUM_INCOME_YOY":null,"NET_INTEREST_INCOME":null,"NET_INTEREST_INCOME_YOY":null,"FEE_COMMISSION_INCOME":null,"FEE_COMMISSION_INCOME_YOY":null,"ACCOUNTS_RECE_TDAYS":1.273007007809,"INVENTORY_TDAYS":1.053214981133,"CURRENT_ASSETS_TDAYS":0.486064735317,"TOTAL_ASSETS_TDAYS":0.351538861191,"PREMIUM_EXPENSE":null,"LOAN_DEPOSIT":null,"LOAN_EQUITY":null,"LOAN_ASSETS":null,"DEPOSIT_EQUITY":null,"DEPOSIT_ASSETS":null,"EQUITY_MULTIPLIER":1.541587322647,"EQUITY_RATIO":0.54298657915},{"SECUCODE":"01786.HK","SECURITY_CODE":"01786","SECURITY_NAME_ABBR":"铁建装备","ORG_CODE":"10477009","STD_REPORT_DATE":"2023-06-30 00:00:00","REPORT_DATE":"2023-06-30 00:00:00","DATE_TYPE_CODE":"002","REPORT_TYPE":"2023年中报","PER_NETCASH_OPERATE":0.003570172322,"PER_OI":1.05491606062,"BPS":3.81990126511,"BASIC_EPS":0.03,"DILUTED_EPS":null,"OPERATE_INCOME":1603350041.88,"OPERATE_INCOME_YOY":30.0858984911,"GROSS_PROFIT":283441369.22,"GROSS_PROFIT_YOY":-7.601108151195,"HOLDER_PROFIT":44592350.58,"HOLDER_PROFIT_YOY":6.9396156526,"GROSS_PROFIT_RATIO":17.678071651007,"EPS_TTM":0.077985452844,"OPERATE_INCOME_QOQ":13.14064839731,"NET_PROFIT_RATIO":2.8107395904,"ROE_AVG":0.761623662174,"GROSS_PROFIT_QOQ":-3.515581316261,"ROA":0.508402986567,"HOLDER_PROFIT_QOQ":2.502461578765,"ROE_YEARLY":1.523247324348,"ROIC_YEARLY":1.173634446636,"TOTAL_ASSETS":8964415396.68,"TOTAL_LIABILITIES":3143098495.33,"TAX_EBT":7.7288825958,"OCF_SALES":0.338431886255,"TOTAL_PARENT_EQUITY":5805806814.42,"DEBT_ASSET_RATIO":35.0619461085,"OPERATE_PROFIT":38643476.16,"PRETAX_PROFIT":48840846.05,"NETCASH_OPERATE":5426247.79,"NETCASH_INVEST":-19530010.18,"NETCASH_FINANCE":null,"END_CASH":1150393896.5,"DIVI_RATIO":0.38347228758,"DIVIDEND_RATE":4.4,"CURRENT_RATIO":2.100853794394,"COMMON_ACS":null,"CURRENTDEBT_DEBT":98.842023363758,"ISSUED_COMMON_SHARES":1519884000,"HK_COMMON_SHARES":531900000,"PER_SHARES":500,"TOTAL_MARKET_CAP":1139913000,"HKSK_MARKET_CAP":398925000,"PE_TTM":6.372019273527,"PB_TTM":0.17385264412,"REPORT_DATE_SQ":"2022-06-30 00:00:00","REPORT_TYPE_SQ":"2022年中报","OPERATE_INCOME_SQ":1232531781.29,"DPS_HKD":0.033,"OPERATE_INCOME_QOQ_SQ":10.848255553345,"NET_PROFIT_RATIO_SQ":3.3831684361,"HOLDER_PROFIT_SQ":41698626.19,"HOLDER_PROFIT_QOQ_SQ":43.560105249306,"ROE_AVG_SQ":0.710005744688,"PE_TTM_SQ":7.772665630968,"PB_TTM_SQ":0.159299091199,"ROA_SQ":0.503623743854,"START_DATE":"2023-01-01 00:00:00","FISCAL_YEAR":"12-31","CURRENCY":"HKD","IS_CNY_CODE":0,"DPS_HKD_LY":0.027,"ORG_TYPE":"一般企业","PREMIUM_INCOME":null,"PREMIUM_INCOME_YOY":null,"NET_INTEREST_INCOME":null,"NET_INTEREST_INCOME_YOY":null,"FEE_COMMISSION_INCOME":null,"FEE_COMMISSION_INCOME_YOY":null,"ACCOUNTS_RECE_TDAYS":0.628768139556,"INVENTORY_TDAYS":0.562853101187,"CURRENT_ASSETS_TDAYS":0.257065631029,"TOTAL_ASSETS_TDAYS":0.182799950934,"PREMIUM_EXPENSE":null,"LOAN_DEPOSIT":null,"LOAN_EQUITY":null,"LOAN_ASSETS":null,"DEPOSIT_EQUITY":null,"DEPOSIT_ASSETS":null,"EQUITY_MULTIPLIER":1.539929117172,"EQUITY_RATIO":0.541371526094},{"SECUCODE":"01786.HK","SECURITY_CODE":"01786","SECURITY_NAME_ABBR":"铁建装备","ORG_CODE":"10477009","STD_REPORT_DATE":"2022-12-31 00:00:00","REPORT_DATE":"2022-12-31 00:00:00","DATE_TYPE_CODE":"001","REPORT_TYPE":"2022年年报","PER_NETCASH_OPERATE":0.014761504523,"PER_OI":1.856666383303,"BPS":3.884457128208,"BASIC_EPS":0.08,"DILUTED_EPS":null,"OPERATE_INCOME":2821917529.32,"OPERATE_INCOME_YOY":29.0936535683,"GROSS_PROFIT":663248442.36,"GROSS_PROFIT_YOY":21.696173169039,"HOLDER_PROFIT":115635117.62,"HOLDER_PROFIT_YOY":129.5433640767,"GROSS_PROFIT_RATIO":23.503466542476,"EPS_TTM":0.076081541499,"OPERATE_INCOME_QOQ":16.4597971559,"NET_PROFIT_RATIO":4.0990411494,"ROE_AVG":1.962337916188,"GROSS_PROFIT_QOQ":10.096014298402,"ROA":1.372437904248,"HOLDER_PROFIT_QOQ":59.893560734106,"ROE_YEARLY":1.962337916188,"ROIC_YEARLY":1.595590742856,"TOTAL_ASSETS":8577793541.31,"TOTAL_LIABILITIES":2658751627.45,"TAX_EBT":6.464335321323,"OCF_SALES":0.795054224898,"TOTAL_PARENT_EQUITY":5904005470.75,"DEBT_ASSET_RATIO":30.9960457037,"OPERATE_PROFIT":87882259.29,"PRETAX_PROFIT":123665728.07,"NETCASH_OPERATE":22435774.54,"NETCASH_INVEST":-49074779.49,"NETCASH_FINANCE":-240620.75,"END_CASH":1163149863.13,"DIVI_RATIO":0.393068534242,"DIVIDEND_RATE":4.4,"CURRENT_RATIO":2.280425580148,"COMMON_ACS":null,"CURRENTDEBT_DEBT":98.093947591915,"ISSUED_COMMON_SHARES":1519884000,"HK_COMMON_SHARES":531900000,"PER_SHARES":500,"TOTAL_MARKET_CAP":1139913000,"HKSK_MARKET_CAP":398925000,"PE_TTM":6.372019273527,"PB_TTM":0.17385264412,"REPORT_DATE_SQ":"2021-12-31 00:00:00","REPORT_TYPE_SQ":"2021年年报","OPERATE_INCOME_SQ":2185945979,"DPS_HKD":0.033,"OPERATE_INCOME_QOQ_SQ":4.726441498803,"NET_PROFIT_RATIO_SQ":2.3045470503,"HOLDER_PROFIT_SQ":50376153.58,"HOLDER_PROFIT_QOQ_SQ":-25.982453468547,"ROE_AVG_SQ":0.889001936764,"PE_TTM_SQ":7.772665630968,"PB_TTM_SQ":0.159299091199,"ROA_SQ":0.645935181464,"START_DATE":"2022-01-01 00:00:00","FISCAL_YEAR":"12-31","CURRENCY":"HKD","IS_CNY_CODE":0,"DPS_HKD_LY":0.011717,"ORG_TYPE":"一般企业","PREMIUM_INCOME":null,"PREMIUM_INCOME_YOY":null,"NET_INTEREST_INCOME":null,"NET_INTEREST_INCOME_YOY":null,"FEE_COMMISSION_INCOME":null,"FEE_COMMISSION_INCOME_YOY":null,"ACCOUNTS_RECE_TDAYS":1.192657989727,"INVENTORY_TDAYS":0.981669443431,"CURRENT_ASSETS_TDAYS":0.475775013118,"TOTAL_ASSETS_TDAYS":0.334924775415,"PREMIUM_EXPENSE":null,"LOAN_DEPOSIT":null,"LOAN_EQUITY":null,"LOAN_ASSETS":null,"DEPOSIT_EQUITY":null,"DEPOSIT_ASSETS":null,"EQUITY_MULTIPLIER":1.449192311075,"EQUITY_RATIO":0.450330142921},{"SECUCODE":"01786.HK","SECURITY_CODE":"01786","SECURITY_NAME_ABBR":"铁建装备","ORG_CODE":"10477009","STD_REPORT_DATE":"2022-06-30 00:00:00","REPORT_DATE":"2022-06-30 00:00:00","DATE_TYPE_CODE":"002","REPORT_TYPE":"2022年中报","PER_NETCASH_OPERATE":0.149175189258,"PER_OI":0.81093805928,"BPS":3.858503105033,"BASIC_EPS":0.03,"DILUTED_EPS":null,"OPERATE_INCOME":1232531781.29,"OPERATE_INCOME_YOY":23.8234127766,"GROSS_PROFIT":306758407.54,"GROSS_PROFIT_YOY":23.030800441229,"HOLDER_PROFIT":41698626.19,"HOLDER_PROFIT_YOY":111.0818314598,"GROSS_PROFIT_RATIO":24.888478512006,"EPS_TTM":0.047582617555,"OPERATE_INCOME_QOQ":10.848255553345,"NET_PROFIT_RATIO":3.3831684361,"ROE_AVG":0.710005744688,"GROSS_PROFIT_QOQ":10.536402198173,"ROA":0.503623743854,"HOLDER_PROFIT_QOQ":43.560105249306,"ROE_YEARLY":1.420011489376,"ROIC_YEARLY":1.193719734126,"TOTAL_ASSETS":8286095721.85,"TOTAL_LIABILITIES":2421618588.56,"TAX_EBT":2.625837883407,"OCF_SALES":18.395386373948,"TOTAL_PARENT_EQUITY":5864477133.29,"DEBT_ASSET_RATIO":29.2250858529,"OPERATE_PROFIT":23765077.04,"PRETAX_PROFIT":42823091.14,"NETCASH_OPERATE":226728983.35,"NETCASH_INVEST":-4871698.48,"NETCASH_FINANCE":null,"END_CASH":1408233905.46,"DIVI_RATIO":0.628491275526,"DIVIDEND_RATE":4.4,"CURRENT_RATIO":2.511363715841,"COMMON_ACS":null,"CURRENTDEBT_DEBT":98.509934348024,"ISSUED_COMMON_SHARES":1519884000,"HK_COMMON_SHARES":531900000,"PER_SHARES":500,"TOTAL_MARKET_CAP":1139913000,"HKSK_MARKET_CAP":398925000,"PE_TTM":6.372019273527,"PB_TTM":0.17385264412,"REPORT_DATE_SQ":"2021-06-30 00:00:00","REPORT_TYPE_SQ":"2021年中报","OPERATE_INCOME_SQ":995394775.23,"DPS_HKD":0.033,"OPERATE_INCOME_QOQ_SQ":35.068467845638,"NET_PROFIT_RATIO_SQ":1.9846116497,"HOLDER_PROFIT_SQ":19754720.67,"HOLDER_PROFIT_QOQ_SQ":207.156535833559,"ROE_AVG_SQ":0.35997614527,"PE_TTM_SQ":7.772665630968,"PB_TTM_SQ":0.159299091199,"ROA_SQ":0.258046513569,"START_DATE":"2022-01-01 00:00:00","FISCAL_YEAR":"12-31","CURRENCY":"HKD","IS_CNY_CODE":0,"DPS_HKD_LY":0.011717,"ORG_TYPE":"一般企业","PREMIUM_INCOME":null,"PREMIUM_INCOME_YOY":null,"NET_INTEREST_INCOME":null,"NET_INTEREST_INCOME_YOY":null,"FEE_COMMISSION_INCOME":null,"FEE_COMMISSION_INCOME_YOY":null,"ACCOUNTS_RECE_TDAYS":0.568877662842,"INVENTORY_TDAYS":0.406563089486,"CURRENT_ASSETS_TDAYS":0.207046774369,"TOTAL_ASSETS_TDAYS":0.148861563756,"PREMIUM_EXPENSE":null,"LOAN_DEPOSIT":null,"LOAN_EQUITY":null,"LOAN_ASSETS":null,"DEPOSIT_EQUITY":null,"DEPOSIT_ASSETS":null,"EQUITY_MULTIPLIER":1.41293000783,"EQUITY_RATIO":0.412930007829},{"SECUCODE":"01786.HK","SECURITY_CODE":"01786","SECURITY_NAME_ABBR":"铁建装备","ORG_CODE":"10477009","STD_REPORT_DATE":"2021-12-31 00:00:00","REPORT_DATE":"2021-12-31 00:00:00","DATE_TYPE_CODE":"001","REPORT_TYPE":"2021年年报","PER_NETCASH_OPERATE":-0.268381637572,"PER_OI":1.438232114425,"BPS":3.869716184307,"BASIC_EPS":0.03,"DILUTED_EPS":null,"OPERATE_INCOME":2185945979,"OPERATE_INCOME_YOY":40.2997731716,"GROSS_PROFIT":545003532.23,"GROSS_PROFIT_YOY":22.027002977488,"HOLDER_PROFIT":50376153.58,"HOLDER_PROFIT_YOY":127.3628373663,"GROSS_PROFIT_RATIO":24.932159232925,"EPS_TTM":0.033144735769,"OPERATE_INCOME_QOQ":4.726441498803,"NET_PROFIT_RATIO":2.3045470503,"ROE_AVG":0.889001936764,"GROSS_PROFIT_QOQ":2.104928410984,"ROA":0.645935181464,"HOLDER_PROFIT_QOQ":-25.982453468547,"ROE_YEARLY":0.889001936764,"ROIC_YEARLY":0.792636971215,"TOTAL_ASSETS":8273340444.08,"TOTAL_LIABILITIES":2391820731.01,"TAX_EBT":-13.090952773742,"OCF_SALES":-18.660523213232,"TOTAL_PARENT_EQUITY":5881519713.07,"DEBT_ASSET_RATIO":28.9099759302,"OPERATE_PROFIT":18743250.15,"PRETAX_PROFIT":44544813.13,"NETCASH_OPERATE":-407908956.84,"NETCASH_INVEST":-118990739.25,"NETCASH_FINANCE":null,"END_CASH":1178533467.98,"DIVI_RATIO":0.902262736627,"DIVIDEND_RATE":4.4,"CURRENT_RATIO":2.519203495287,"COMMON_ACS":null,"CURRENTDEBT_DEBT":98.164470127681,"ISSUED_COMMON_SHARES":1519884000,"HK_COMMON_SHARES":531900000,"PER_SHARES":500,"TOTAL_MARKET_CAP":1139913000,"HKSK_MARKET_CAP":398925000,"PE_TTM":6.372019273527,"PB_TTM":0.17385264412,"REPORT_DATE_SQ":"2020-12-31 00:00:00","REPORT_TYPE_SQ":"2020年年报","OPERATE_INCOME_SQ":1558053822.6,"DPS_HKD":0.033,"OPERATE_INCOME_QOQ_SQ":12.926793622028,"NET_PROFIT_RATIO_SQ":1.4338425142,"HOLDER_PROFIT_SQ":22156722.78,"HOLDER_PROFIT_QOQ_SQ":1207.25663716814,"ROE_AVG_SQ":0.405816074368,"PE_TTM_SQ":7.772665630968,"PB_TTM_SQ":0.159299091199,"ROA_SQ":0.301024628985,"START_DATE":"2021-01-01 00:00:00","FISCAL_YEAR":"12-31","CURRENCY":"HKD","IS_CNY_CODE":0,"DPS_HKD_LY":null,"ORG_TYPE":"一般企业","PREMIUM_INCOME":null,"PREMIUM_INCOME_YOY":null,"NET_INTEREST_INCOME":null,"NET_INTEREST_INCOME_YOY":null,"FEE_COMMISSION_INCOME":null,"FEE_COMMISSION_INCOME_YOY":null,"ACCOUNTS_RECE_TDAYS":1.009478665692,"INVENTORY_TDAYS":0.895158328488,"CURRENT_ASSETS_TDAYS":0.385350783299,"TOTAL_ASSETS_TDAYS":0.280287261387,"PREMIUM_EXPENSE":null,"LOAN_DEPOSIT":null,"LOAN_EQUITY":null,"LOAN_ASSETS":null,"DEPOSIT_EQUITY":null,"DEPOSIT_ASSETS":null,"EQUITY_MULTIPLIER":1.406667128173,"EQUITY_RATIO":0.406667128173},{"SECUCODE":"01786.HK","SECURITY_CODE":"01786","SECURITY_NAME_ABBR":"铁建装备","ORG_CODE":"10477009","STD_REPORT_DATE":"2021-06-30 00:00:00","REPORT_DATE":"2021-06-30 00:00:00","DATE_TYPE_CODE":"002","REPORT_TYPE":"2021年中报","PER_NETCASH_OPERATE":-0.212207617272,"PER_OI":0.654914964056,"BPS":3.634421174695,"BASIC_EPS":0.01,"DILUTED_EPS":null,"OPERATE_INCOME":995394775.23,"OPERATE_INCOME_YOY":119.5103642911,"GROSS_PROFIT":249334643.39,"GROSS_PROFIT_YOY":64.761607999802,"HOLDER_PROFIT":19754720.67,"HOLDER_PROFIT_YOY":175.5524615804,"GROSS_PROFIT_RATIO":25.04881978433,"EPS_TTM":0.044779565552,"OPERATE_INCOME_QOQ":35.068467845638,"NET_PROFIT_RATIO":1.9846116497,"ROE_AVG":0.35997614527,"GROSS_PROFIT_QOQ":22.490177235843,"ROA":0.258046513569,"HOLDER_PROFIT_QOQ":207.156535833559,"ROE_YEARLY":0.71995229054,"ROIC_YEARLY":0.646593684472,"TOTAL_ASSETS":7986419611.74,"TOTAL_LIABILITIES":2462521019.06,"TAX_EBT":-3.828862187585,"OCF_SALES":-32.402316166013,"TOTAL_PARENT_EQUITY":5523898592.68,"DEBT_ASSET_RATIO":30.8338547031,"OPERATE_PROFIT":6737466.04,"PRETAX_PROFIT":19026232.45,"NETCASH_OPERATE":-322530962.17,"NETCASH_INVEST":-3766792.44,"NETCASH_FINANCE":null,"END_CASH":1381846536.93,"DIVI_RATIO":0.667832740919,"DIVIDEND_RATE":4.4,"CURRENT_RATIO":2.460837880922,"COMMON_ACS":null,"CURRENTDEBT_DEBT":100,"ISSUED_COMMON_SHARES":1519884000,"HK_COMMON_SHARES":531900000,"PER_SHARES":500,"TOTAL_MARKET_CAP":1139913000,"HKSK_MARKET_CAP":398925000,"PE_TTM":6.372019273527,"PB_TTM":0.17385264412,"REPORT_DATE_SQ":"2020-06-30 00:00:00","REPORT_TYPE_SQ":"2020年中报","OPERATE_INCOME_SQ":453461401.9,"DPS_HKD":0.033,"OPERATE_INCOME_QOQ_SQ":-35.118830597119,"NET_PROFIT_RATIO_SQ":-5.8114905127,"HOLDER_PROFIT_SQ":-26147024.54,"HOLDER_PROFIT_QOQ_SQ":-98.612509515975,"ROE_AVG_SQ":-0.483569824259,"PE_TTM_SQ":7.772665630968,"PB_TTM_SQ":0.159299091199,"ROA_SQ":-0.35727639976,"START_DATE":"2021-01-01 00:00:00","FISCAL_YEAR":"12-31","CURRENCY":"HKD","IS_CNY_CODE":0,"DPS_HKD_LY":null,"ORG_TYPE":"一般企业","PREMIUM_INCOME":null,"PREMIUM_INCOME_YOY":null,"NET_INTEREST_INCOME":null,"NET_INTEREST_INCOME_YOY":null,"FEE_COMMISSION_INCOME":null,"FEE_COMMISSION_INCOME_YOY":null,"ACCOUNTS_RECE_TDAYS":0.459321203364,"INVENTORY_TDAYS":0.410925727005,"CURRENT_ASSETS_TDAYS":0.173259661563,"TOTAL_ASSETS_TDAYS":0.130023681764,"PREMIUM_EXPENSE":null,"LOAN_DEPOSIT":null,"LOAN_EQUITY":null,"LOAN_ASSETS":null,"DEPOSIT_EQUITY":null,"DEPOSIT_ASSETS":null,"EQUITY_MULTIPLIER":1.445794030746,"EQUITY_RATIO":0.445794030745},{"SECUCODE":"01786.HK","SECURITY_CODE":"01786","SECURITY_NAME_ABBR":"铁建装备","ORG_CODE":"10477009","STD_REPORT_DATE":"2020-12-31 00:00:00","REPORT_DATE":"2020-12-31 00:00:00","DATE_TYPE_CODE":"001","REPORT_TYPE":"2020年年报","PER_NETCASH_OPERATE":-0.003658173913,"PER_OI":1.025113641962,"BPS":3.586901368789,"BASIC_EPS":0.01,"DILUTED_EPS":null,"OPERATE_INCOME":1558053822.6,"OPERATE_INCOME_YOY":-26.7317757288,"GROSS_PROFIT":446625352.53,"GROSS_PROFIT_YOY":-23.1895091476,"HOLDER_PROFIT":22156722.78,"HOLDER_PROFIT_YOY":-81.8619385575,"GROSS_PROFIT_RATIO":28.198255679267,"EPS_TTM":0.014578744167,"OPERATE_INCOME_QOQ":12.926793622028,"NET_PROFIT_RATIO":1.4338425142,"ROE_AVG":0.405816074368,"GROSS_PROFIT_QOQ":4.333377228161,"ROA":0.301024628985,"HOLDER_PROFIT_QOQ":1207.25663716814,"ROE_YEARLY":0.405816074368,"ROIC_YEARLY":0.39636477795,"TOTAL_ASSETS":7324556895.39,"TOTAL_LIABILITIES":1872883395.55,"TAX_EBT":-0.086947134234,"OCF_SALES":-0.359787181999,"TOTAL_PARENT_EQUITY":5451673499.84,"DEBT_ASSET_RATIO":25.5699150133,"OPERATE_PROFIT":-2773111.17,"PRETAX_PROFIT":22137474.88,"NETCASH_OPERATE":-5560216,"NETCASH_INVEST":-58434939.41,"NETCASH_FINANCE":-60404854.53,"END_CASH":1708335768.84,"DIVI_RATIO":2.051291912169,"DIVIDEND_RATE":4.4,"CURRENT_RATIO":2.899456613147,"COMMON_ACS":null,"CURRENTDEBT_DEBT":100,"ISSUED_COMMON_SHARES":1519884000,"HK_COMMON_SHARES":531900000,"PER_SHARES":500,"TOTAL_MARKET_CAP":1139913000,"HKSK_MARKET_CAP":398925000,"PE_TTM":6.372019273527,"PB_TTM":0.17385264412,"REPORT_DATE_SQ":"2019-12-31 00:00:00","REPORT_TYPE_SQ":"2019年年报","OPERATE_INCOME_SQ":2109179000,"DPS_HKD":0.033,"OPERATE_INCOME_QOQ_SQ":-11.505305874475,"NET_PROFIT_RATIO_SQ":5.7919692923,"HOLDER_PROFIT_SQ":122163000,"HOLDER_PROFIT_QOQ_SQ":-27.451050259224,"ROE_AVG_SQ":2.228441981349,"PE_TTM_SQ":7.772665630968,"PB_TTM_SQ":0.159299091199,"ROA_SQ":1.643597975798,"START_DATE":"2020-01-01 00:00:00","FISCAL_YEAR":"12-31","CURRENCY":"HKD","IS_CNY_CODE":0,"DPS_HKD_LY":0.043749,"ORG_TYPE":"一般企业","PREMIUM_INCOME":null,"PREMIUM_INCOME_YOY":null,"NET_INTEREST_INCOME":null,"NET_INTEREST_INCOME_YOY":null,"FEE_COMMISSION_INCOME":null,"FEE_COMMISSION_INCOME_YOY":null,"ACCOUNTS_RECE_TDAYS":0.726722855162,"INVENTORY_TDAYS":0.834385971772,"CURRENT_ASSETS_TDAYS":0.281822184772,"TOTAL_ASSETS_TDAYS":0.209942602491,"PREMIUM_EXPENSE":null,"LOAN_DEPOSIT":null,"LOAN_EQUITY":null,"LOAN_ASSETS":null,"DEPOSIT_EQUITY":null,"DEPOSIT_ASSETS":null,"EQUITY_MULTIPLIER":1.343542735681,"EQUITY_RATIO":0.343542839755},{"SECUCODE":"01786.HK","SECURITY_CODE":"01786","SECURITY_NAME_ABBR":"铁建装备","ORG_CODE":"10477009","STD_REPORT_DATE":"2020-06-30 00:00:00","REPORT_DATE":"2020-06-30 00:00:00","DATE_TYPE_CODE":"002","REPORT_TYPE":"2020年中报","PER_NETCASH_OPERATE":-0.202700995602,"PER_OI":0.298352638688,"BPS":3.517119069613,"BASIC_EPS":-0.02,"DILUTED_EPS":null,"OPERATE_INCOME":453461401.9,"OPERATE_INCOME_YOY":-62.2119401531,"GROSS_PROFIT":151330547.46,"GROSS_PROFIT_YOY":-51.53095164643,"HOLDER_PROFIT":-26147024.54,"HOLDER_PROFIT_YOY":-127.7212921831,"GROSS_PROFIT_RATIO":32.988604615498,"EPS_TTM":0.001115216688,"OPERATE_INCOME_QOQ":-35.118830597119,"NET_PROFIT_RATIO":-5.8114905127,"ROE_AVG":-0.483569824259,"GROSS_PROFIT_QOQ":-28.170101674394,"ROA":-0.35727639976,"HOLDER_PROFIT_QOQ":-98.612509515975,"ROE_YEARLY":-0.967139648518,"ROIC_YEARLY":-0.925785691429,"TOTAL_ASSETS":7239685000,"TOTAL_LIABILITIES":1894072000,"TAX_EBT":18.475694011187,"OCF_SALES":-68.474992165256,"TOTAL_PARENT_EQUITY":5345613000,"DEBT_ASSET_RATIO":26.1623537488,"OPERATE_PROFIT":-41075329.2,"PRETAX_PROFIT":-32072673.57,"NETCASH_OPERATE":-308081766.61,"NETCASH_INVEST":-17801586.01,"NETCASH_FINANCE":null,"END_CASH":1506859330.05,"DIVI_RATIO":26.815649669522,"DIVIDEND_RATE":4.4,"CURRENT_RATIO":2.859989482976,"COMMON_ACS":null,"CURRENTDEBT_DEBT":100,"ISSUED_COMMON_SHARES":1519884000,"HK_COMMON_SHARES":531900000,"PER_SHARES":500,"TOTAL_MARKET_CAP":1139913000,"HKSK_MARKET_CAP":398925000,"PE_TTM":6.372019273527,"PB_TTM":0.17385264412,"REPORT_DATE_SQ":"2019-06-30 00:00:00","REPORT_TYPE_SQ":"2019年中报","OPERATE_INCOME_SQ":1190638000,"DPS_HKD":0.033,"OPERATE_INCOME_QOQ_SQ":-1.133191245415,"NET_PROFIT_RATIO_SQ":7.9218872571,"HOLDER_PROFIT_SQ":94321000,"HOLDER_PROFIT_QOQ_SQ":7.691864927091,"ROE_AVG_SQ":1.715021910755,"PE_TTM_SQ":7.772665630968,"PB_TTM_SQ":0.159299091199,"ROA_SQ":1.25523675175,"START_DATE":"2020-01-01 00:00:00","FISCAL_YEAR":"12-31","CURRENCY":"HKD","IS_CNY_CODE":0,"DPS_HKD_LY":0.043749,"ORG_TYPE":"一般企业","PREMIUM_INCOME":null,"PREMIUM_INCOME_YOY":null,"NET_INTEREST_INCOME":null,"NET_INTEREST_INCOME_YOY":null,"FEE_COMMISSION_INCOME":null,"FEE_COMMISSION_INCOME_YOY":null,"ACCOUNTS_RECE_TDAYS":0.206536680302,"INVENTORY_TDAYS":0.223267934555,"CURRENT_ASSETS_TDAYS":0.082150098087,"TOTAL_ASSETS_TDAYS":0.061477584619,"PREMIUM_EXPENSE":null,"LOAN_DEPOSIT":null,"LOAN_EQUITY":null,"LOAN_ASSETS":null,"DEPOSIT_EQUITY":null,"DEPOSIT_ASSETS":null,"EQUITY_MULTIPLIER":1.354322694142,"EQUITY_RATIO":0.354322694142}],"count":25},"success":true,"message":"ok","code":0}