{"version":"2ec479d295820c4ff285b05cbe1bb864","result":{"pages":4,"data":[{"SECUCODE":"01788.HK","SECURITY_CODE":"01788","SECURITY_NAME_ABBR":"国泰君安国际","ORG_CODE":"10149111","STD_REPORT_DATE":"2024-06-30 00:00:00","REPORT_DATE":"2024-06-30 00:00:00","DATE_TYPE_CODE":"002","REPORT_TYPE":"2024年中报","PER_NETCASH_OPERATE":-0.259609361896,"PER_OI":0.204768574097,"BPS":1.42910625019,"BASIC_EPS":0.018618672,"DILUTED_EPS":0.018618672,"OPERATE_INCOME":1956357873.08,"OPERATE_INCOME_YOY":36.936562268,"GROSS_PROFIT":null,"GROSS_PROFIT_YOY":null,"HOLDER_PROFIT":177915101.16,"HOLDER_PROFIT_YOY":63.2364763021,"GROSS_PROFIT_RATIO":null,"EPS_TTM":0.026187893196,"OPERATE_INCOME_QOQ":17.530213617017,"NET_PROFIT_RATIO":9.1798065902,"ROE_AVG":1.309560905747,"GROSS_PROFIT_QOQ":null,"ROA":0.169486228465,"HOLDER_PROFIT_QOQ":37.18047062436,"ROE_YEARLY":2.619121811494,"ROIC_YEARLY":0.370759700533,"TOTAL_ASSETS":111801197185.28,"TOTAL_LIABILITIES":98064741650.2,"TAX_EBT":0.272161938888,"OCF_SALES":-126.781838004675,"TOTAL_PARENT_EQUITY":13628028238.4,"DEBT_ASSET_RATIO":87.7134987094,"OPERATE_PROFIT":1223299685.84,"PRETAX_PROFIT":180079978.12,"NETCASH_OPERATE":-2480306469.44,"NETCASH_INVEST":-21343021.8,"NETCASH_FINANCE":6871419865.84,"END_CASH":10913088169.2,"DIVI_RATIO":0.764260028494,"DIVIDEND_RATE":1.913043478261,"CURRENT_RATIO":1.153530609606,"COMMON_ACS":null,"CURRENTDEBT_DEBT":92.548542181465,"ISSUED_COMMON_SHARES":9536049707,"HK_COMMON_SHARES":9536049707,"PER_SHARES":1000,"TOTAL_MARKET_CAP":10966457163.05,"HKSK_MARKET_CAP":10966457163.05,"PE_TTM":39.621852759432,"PB_TTM":0.734432446755,"REPORT_DATE_SQ":"2023-06-30 00:00:00","REPORT_TYPE_SQ":"2023年中报","OPERATE_INCOME_SQ":1443217705.08,"DPS_HKD":0.022,"OPERATE_INCOME_QOQ_SQ":18.924433682361,"NET_PROFIT_RATIO_SQ":7.8961926982,"HOLDER_PROFIT_SQ":110102851.6,"HOLDER_PROFIT_QOQ_SQ":-38.713985567643,"ROE_AVG_SQ":0.805536359255,"PE_TTM_SQ":131.351937605966,"PB_TTM_SQ":0.341142580872,"ROA_SQ":0.121079356867,"START_DATE":"2024-01-01 00:00:00","FISCAL_YEAR":"12-31","CURRENCY":"HKD","IS_CNY_CODE":0,"DPS_HKD_LY":0.022,"ORG_TYPE":"证券","PREMIUM_INCOME":null,"PREMIUM_INCOME_YOY":null,"NET_INTEREST_INCOME":null,"NET_INTEREST_INCOME_YOY":null,"FEE_COMMISSION_INCOME":null,"FEE_COMMISSION_INCOME_YOY":null,"ACCOUNTS_RECE_TDAYS":0.249075783595,"INVENTORY_TDAYS":null,"CURRENT_ASSETS_TDAYS":0.020961554654,"TOTAL_ASSETS_TDAYS":0.018636738269,"PREMIUM_EXPENSE":null,"LOAN_DEPOSIT":null,"LOAN_EQUITY":null,"LOAN_ASSETS":null,"DEPOSIT_EQUITY":null,"DEPOSIT_ASSETS":null,"EQUITY_MULTIPLIER":8.139013510421,"EQUITY_RATIO":7.1958129184},{"SECUCODE":"01788.HK","SECURITY_CODE":"01788","SECURITY_NAME_ABBR":"国泰君安国际","ORG_CODE":"10149111","STD_REPORT_DATE":"2023-12-31 00:00:00","REPORT_DATE":"2023-12-31 00:00:00","DATE_TYPE_CODE":"001","REPORT_TYPE":"2023年年报","PER_NETCASH_OPERATE":-0.465381409973,"PER_OI":0.306382395474,"BPS":1.410209430031,"BASIC_EPS":0.01903062,"DILUTED_EPS":0.01903062,"OPERATE_INCOME":2927175784.68,"OPERATE_INCOME_YOY":38.7734076645,"GROSS_PROFIT":null,"GROSS_PROFIT_YOY":null,"HOLDER_PROFIT":182386743.42,"HOLDER_PROFIT_YOY":150.383797166,"GROSS_PROFIT_RATIO":null,"EPS_TTM":0.019090103042,"OPERATE_INCOME_QOQ":18.80841731838,"NET_PROFIT_RATIO":6.380774058,"ROE_AVG":1.357753709315,"GROSS_PROFIT_QOQ":null,"ROA":0.199277946297,"HOLDER_PROFIT_QOQ":314.472514900085,"ROE_YEARLY":1.357753709315,"ROIC_YEARLY":0.215744092974,"TOTAL_ASSETS":97450506351.66,"TOTAL_LIABILITIES":83891644524.1,"TAX_EBT":-7.673862164082,"OCF_SALES":-151.895610468302,"TOTAL_PARENT_EQUITY":13447827222.06,"DEBT_ASSET_RATIO":86.0864121335,"OPERATE_PROFIT":1528269344.84,"PRETAX_PROFIT":173465007.52,"NETCASH_OPERATE":-4446251527.62,"NETCASH_INVEST":-29606207.4,"NETCASH_FINANCE":4154393408.2,"END_CASH":6514207506.38,"DIVI_RATIO":1.048415503882,"DIVIDEND_RATE":1.896551724138,"CURRENT_RATIO":1.152526820203,"COMMON_ACS":null,"CURRENTDEBT_DEBT":84.178310656043,"ISSUED_COMMON_SHARES":9536049707,"HK_COMMON_SHARES":9536049707,"PER_SHARES":1000,"TOTAL_MARKET_CAP":11061817660.12,"HKSK_MARKET_CAP":11061817660.12,"PE_TTM":39.966390609514,"PB_TTM":0.740818815857,"REPORT_DATE_SQ":"2022-12-31 00:00:00","REPORT_TYPE_SQ":"2022年年报","OPERATE_INCOME_SQ":2079177931.81,"DPS_HKD":0.022,"OPERATE_INCOME_QOQ_SQ":-3.097913099041,"NET_PROFIT_RATIO_SQ":3.5805525146,"HOLDER_PROFIT_SQ":71801935.87,"HOLDER_PROFIT_QOQ_SQ":-71.597401014809,"ROE_AVG_SQ":0.533843659739,"PE_TTM_SQ":133.830276051362,"PB_TTM_SQ":0.347579233341,"ROA_SQ":0.080083418426,"START_DATE":"2023-01-01 00:00:00","FISCAL_YEAR":"12-31","CURRENCY":"HKD","IS_CNY_CODE":0,"DPS_HKD_LY":0.02,"ORG_TYPE":"证券","PREMIUM_INCOME":null,"PREMIUM_INCOME_YOY":null,"NET_INTEREST_INCOME":null,"NET_INTEREST_INCOME_YOY":null,"FEE_COMMISSION_INCOME":null,"FEE_COMMISSION_INCOME_YOY":null,"ACCOUNTS_RECE_TDAYS":0.460361433068,"INVENTORY_TDAYS":null,"CURRENT_ASSETS_TDAYS":0.038571687093,"TOTAL_ASSETS_TDAYS":0.031982674173,"PREMIUM_EXPENSE":null,"LOAN_DEPOSIT":null,"LOAN_EQUITY":null,"LOAN_ASSETS":null,"DEPOSIT_EQUITY":null,"DEPOSIT_ASSETS":null,"EQUITY_MULTIPLIER":7.187218779189,"EQUITY_RATIO":6.23830475651},{"SECUCODE":"01788.HK","SECURITY_CODE":"01788","SECURITY_NAME_ABBR":"国泰君安国际","ORG_CODE":"10149111","STD_REPORT_DATE":"2023-06-30 00:00:00","REPORT_DATE":"2023-06-30 00:00:00","DATE_TYPE_CODE":"002","REPORT_TYPE":"2023年中报","PER_NETCASH_OPERATE":0.049139225875,"PER_OI":0.151059085685,"BPS":1.435086005239,"BASIC_EPS":0.01152475,"DILUTED_EPS":0.01152475,"OPERATE_INCOME":1443217705.08,"OPERATE_INCOME_YOY":27.9086108438,"GROSS_PROFIT":null,"GROSS_PROFIT_YOY":null,"HOLDER_PROFIT":110102851.6,"HOLDER_PROFIT_YOY":-25.9415445486,"GROSS_PROFIT_RATIO":null,"EPS_TTM":0.004605879125,"OPERATE_INCOME_QOQ":18.924433682361,"NET_PROFIT_RATIO":7.8961926982,"ROE_AVG":0.805536359255,"GROSS_PROFIT_QOQ":null,"ROA":0.121079356867,"HOLDER_PROFIT_QOQ":-38.713985567643,"ROE_YEARLY":1.61107271851,"ROIC_YEARLY":0.26946634421,"TOTAL_ASSETS":94783207026.54,"TOTAL_LIABILITIES":80975381924.02,"TAX_EBT":-8.941675806293,"OCF_SALES":32.90940935442,"TOTAL_PARENT_EQUITY":13685051479.78,"DEBT_ASSET_RATIO":85.432203092,"OPERATE_PROFIT":759982582.12,"PRETAX_PROFIT":103399135.02,"NETCASH_OPERATE":469475903.92,"NETCASH_INVEST":-8020304.02,"NETCASH_FINANCE":3515236833.92,"END_CASH":10927019302.24,"DIVI_RATIO":4.34539410554,"DIVIDEND_RATE":1.896551724138,"CURRENT_RATIO":1.144307573852,"COMMON_ACS":null,"CURRENTDEBT_DEBT":84.907963944268,"ISSUED_COMMON_SHARES":9536049707,"HK_COMMON_SHARES":9536049707,"PER_SHARES":1000,"TOTAL_MARKET_CAP":11061817660.12,"HKSK_MARKET_CAP":11061817660.12,"PE_TTM":39.966390609514,"PB_TTM":0.740818815857,"REPORT_DATE_SQ":"2022-06-30 00:00:00","REPORT_TYPE_SQ":"2022年中报","OPERATE_INCOME_SQ":1034509659.96,"DPS_HKD":0.022,"OPERATE_INCOME_QOQ_SQ":-34.161381806884,"NET_PROFIT_RATIO_SQ":14.9929658712,"HOLDER_PROFIT_SQ":137900242.69,"HOLDER_PROFIT_QOQ_SQ":-71.756077459828,"ROE_AVG_SQ":1.054393967531,"PE_TTM_SQ":133.830276051362,"PB_TTM_SQ":0.347579233341,"ROA_SQ":0.148060987655,"START_DATE":"2023-01-01 00:00:00","FISCAL_YEAR":"12-31","CURRENCY":"HKD","IS_CNY_CODE":0,"DPS_HKD_LY":0.02,"ORG_TYPE":"证券","PREMIUM_INCOME":null,"PREMIUM_INCOME_YOY":null,"NET_INTEREST_INCOME":null,"NET_INTEREST_INCOME_YOY":null,"FEE_COMMISSION_INCOME":null,"FEE_COMMISSION_INCOME_YOY":null,"ACCOUNTS_RECE_TDAYS":0.219731006225,"INVENTORY_TDAYS":null,"CURRENT_ASSETS_TDAYS":0.018984344036,"TOTAL_ASSETS_TDAYS":0.015687898014,"PREMIUM_EXPENSE":null,"LOAN_DEPOSIT":null,"LOAN_EQUITY":null,"LOAN_ASSETS":null,"DEPOSIT_EQUITY":null,"DEPOSIT_ASSETS":null,"EQUITY_MULTIPLIER":6.864455938776,"EQUITY_RATIO":5.917068126756},{"SECUCODE":"01788.HK","SECURITY_CODE":"01788","SECURITY_NAME_ABBR":"国泰君安国际","ORG_CODE":"10149111","STD_REPORT_DATE":"2022-12-31 00:00:00","REPORT_DATE":"2022-12-31 00:00:00","DATE_TYPE_CODE":"001","REPORT_TYPE":"2022年年报","PER_NETCASH_OPERATE":0.155506201148,"PER_OI":0.217623935911,"BPS":1.386987318871,"BASIC_EPS":0.00714616,"DILUTED_EPS":0.00714616,"OPERATE_INCOME":2079177931.81,"OPERATE_INCOME_YOY":-41.6054962945,"GROSS_PROFIT":null,"GROSS_PROFIT_YOY":null,"HOLDER_PROFIT":71801935.87,"HOLDER_PROFIT_YOY":-92.657546109,"GROSS_PROFIT_RATIO":null,"EPS_TTM":0.007515383677,"OPERATE_INCOME_QOQ":-3.097913099041,"NET_PROFIT_RATIO":3.5805525146,"ROE_AVG":0.533843659739,"GROSS_PROFIT_QOQ":null,"ROA":0.080083418426,"HOLDER_PROFIT_QOQ":-71.597401014809,"ROE_YEARLY":0.533843659739,"ROIC_YEARLY":0.085762763494,"TOTAL_ASSETS":84373894671.22,"TOTAL_LIABILITIES":71031838870.3,"TAX_EBT":-211.520426154481,"OCF_SALES":71.713712746055,"TOTAL_PARENT_EQUITY":13226380015.73,"DEBT_ASSET_RATIO":84.1869859713,"OPERATE_PROFIT":628255549.67,"PRETAX_PROFIT":23811898.39,"NETCASH_OPERATE":1485705422.67,"NETCASH_INVEST":-35101937.92,"NETCASH_FINANCE":716284628.36,"END_CASH":6732858263.32,"DIVI_RATIO":2.663118858664,"DIVIDEND_RATE":1.896551724138,"CURRENT_RATIO":1.168146877047,"COMMON_ACS":null,"CURRENTDEBT_DEBT":83.618307549313,"ISSUED_COMMON_SHARES":9536049707,"HK_COMMON_SHARES":9536049707,"PER_SHARES":1000,"TOTAL_MARKET_CAP":11061817660.12,"HKSK_MARKET_CAP":11061817660.12,"PE_TTM":39.966390609514,"PB_TTM":0.740818815857,"REPORT_DATE_SQ":"2021-12-31 00:00:00","REPORT_TYPE_SQ":"2021年年报","OPERATE_INCOME_SQ":3247257014.4,"DPS_HKD":0.022,"OPERATE_INCOME_QOQ_SQ":-28.693306140018,"NET_PROFIT_RATIO_SQ":27.7783988394,"HOLDER_PROFIT_SQ":895061876.8,"HOLDER_PROFIT_QOQ_SQ":-41.959508487943,"ROE_AVG_SQ":7.196225006146,"PE_TTM_SQ":133.830276051362,"PB_TTM_SQ":0.347579233341,"ROA_SQ":0.960263671187,"START_DATE":"2022-01-01 00:00:00","FISCAL_YEAR":"12-31","CURRENCY":"HKD","IS_CNY_CODE":0,"DPS_HKD_LY":0.04,"ORG_TYPE":"证券","PREMIUM_INCOME":null,"PREMIUM_INCOME_YOY":null,"NET_INTEREST_INCOME":null,"NET_INTEREST_INCOME_YOY":null,"FEE_COMMISSION_INCOME":null,"FEE_COMMISSION_INCOME_YOY":null,"ACCOUNTS_RECE_TDAYS":0.381540893104,"INVENTORY_TDAYS":null,"CURRENT_ASSETS_TDAYS":0.027966967652,"TOTAL_ASSETS_TDAYS":0.023106648122,"PREMIUM_EXPENSE":null,"LOAN_DEPOSIT":null,"LOAN_EQUITY":null,"LOAN_ASSETS":null,"DEPOSIT_EQUITY":null,"DEPOSIT_ASSETS":null,"EQUITY_MULTIPLIER":6.32390509605,"EQUITY_RATIO":5.370467110867},{"SECUCODE":"01788.HK","SECURITY_CODE":"01788","SECURITY_NAME_ABBR":"国泰君安国际","ORG_CODE":"10149111","STD_REPORT_DATE":"2022-06-30 00:00:00","REPORT_DATE":"2022-06-30 00:00:00","DATE_TYPE_CODE":"002","REPORT_TYPE":"2022年中报","PER_NETCASH_OPERATE":-0.398460815928,"PER_OI":0.107899042443,"BPS":1.370226684957,"BASIC_EPS":0.014367192,"DILUTED_EPS":0.014367192,"OPERATE_INCOME":1034509659.96,"OPERATE_INCOME_YOY":-55.5639142786,"GROSS_PROFIT":null,"GROSS_PROFIT_YOY":null,"HOLDER_PROFIT":137900242.69,"HOLDER_PROFIT_YOY":-82.8018011869,"GROSS_PROFIT_RATIO":null,"EPS_TTM":0.026367023827,"OPERATE_INCOME_QOQ":-34.161381806884,"NET_PROFIT_RATIO":14.9929658712,"ROE_AVG":1.054393967531,"GROSS_PROFIT_QOQ":null,"ROA":0.148060987655,"HOLDER_PROFIT_QOQ":-71.756077459828,"ROE_YEARLY":2.108787935062,"ROIC_YEARLY":0.311119825842,"TOTAL_ASSETS":95378405122.14,"TOTAL_LIABILITIES":82199132750.63,"TAX_EBT":4.449548791322,"OCF_SALES":-409.689581235475,"TOTAL_PARENT_EQUITY":13066549777.61,"DEBT_ASSET_RATIO":86.182121252,"OPERATE_PROFIT":428659711.55,"PRETAX_PROFIT":146319588.24,"NETCASH_OPERATE":-3820344961.93,"NETCASH_INVEST":-12063310.14,"NETCASH_FINANCE":3696391157.76,"END_CASH":4237460463.67,"DIVI_RATIO":0.759067846702,"DIVIDEND_RATE":1.896551724138,"CURRENT_RATIO":1.119320564838,"COMMON_ACS":null,"CURRENTDEBT_DEBT":83.327987645849,"ISSUED_COMMON_SHARES":9536049707,"HK_COMMON_SHARES":9536049707,"PER_SHARES":1000,"TOTAL_MARKET_CAP":11061817660.12,"HKSK_MARKET_CAP":11061817660.12,"PE_TTM":39.966390609514,"PB_TTM":0.740818815857,"REPORT_DATE_SQ":"2021-06-30 00:00:00","REPORT_TYPE_SQ":"2021年中报","OPERATE_INCOME_SQ":2041805332.56,"DPS_HKD":0.022,"OPERATE_INCOME_QOQ_SQ":10.913034659299,"NET_PROFIT_RATIO_SQ":37.5104062058,"HOLDER_PROFIT_SQ":780161536.32,"HOLDER_PROFIT_QOQ_SQ":17.26040870804,"ROE_AVG_SQ":6.114054606765,"PE_TTM_SQ":133.830276051362,"PB_TTM_SQ":0.347579233341,"ROA_SQ":0.718816270743,"START_DATE":"2022-01-01 00:00:00","FISCAL_YEAR":"12-31","CURRENCY":"HKD","IS_CNY_CODE":0,"DPS_HKD_LY":0.04,"ORG_TYPE":"证券","PREMIUM_INCOME":null,"PREMIUM_INCOME_YOY":null,"NET_INTEREST_INCOME":null,"NET_INTEREST_INCOME_YOY":null,"FEE_COMMISSION_INCOME":null,"FEE_COMMISSION_INCOME_YOY":null,"ACCOUNTS_RECE_TDAYS":0.138346031136,"INVENTORY_TDAYS":null,"CURRENT_ASSETS_TDAYS":0.012263129705,"TOTAL_ASSETS_TDAYS":0.010012056038,"PREMIUM_EXPENSE":null,"LOAN_DEPOSIT":null,"LOAN_EQUITY":null,"LOAN_ASSETS":null,"DEPOSIT_EQUITY":null,"DEPOSIT_ASSETS":null,"EQUITY_MULTIPLIER":7.237000832307,"EQUITY_RATIO":6.290806230385},{"SECUCODE":"01788.HK","SECURITY_CODE":"01788","SECURITY_NAME_ABBR":"国泰君安国际","ORG_CODE":"10149111","STD_REPORT_DATE":"2021-12-31 00:00:00","REPORT_DATE":"2021-12-31 00:00:00","DATE_TYPE_CODE":"001","REPORT_TYPE":"2021年年报","PER_NETCASH_OPERATE":0.499710527099,"PER_OI":0.337587982249,"BPS":1.312419580239,"BASIC_EPS":0.0932064,"DILUTED_EPS":0.0932064,"OPERATE_INCOME":3247257014.4,"OPERATE_INCOME_YOY":-18.5861347983,"GROSS_PROFIT":null,"GROSS_PROFIT_YOY":null,"HOLDER_PROFIT":895061876.8,"HOLDER_PROFIT_YOY":-29.9403489214,"GROSS_PROFIT_RATIO":null,"EPS_TTM":0.093051499046,"OPERATE_INCOME_QOQ":-28.693306140018,"NET_PROFIT_RATIO":27.7783988394,"ROE_AVG":7.196225006146,"GROSS_PROFIT_QOQ":null,"ROA":0.960263671187,"HOLDER_PROFIT_QOQ":-41.959508487943,"ROE_YEARLY":7.196225006146,"ROIC_YEARLY":1.00911200088,"TOTAL_ASSETS":86901144836.8,"TOTAL_LIABILITIES":74279903510.4,"TAX_EBT":14.318609307216,"OCF_SALES":148.023790352429,"TOTAL_PARENT_EQUITY":12515298353.6,"DEBT_ASSET_RATIO":85.476323298,"OPERATE_PROFIT":1686307358.4,"PRETAX_PROFIT":1052779369.6,"NETCASH_OPERATE":4806712915.2,"NETCASH_INVEST":-35207491.2,"NETCASH_FINANCE":-4887599718.4,"END_CASH":4214521964.8,"DIVI_RATIO":0.215089065789,"DIVIDEND_RATE":1.896551724138,"CURRENT_RATIO":1.111739448824,"COMMON_ACS":null,"CURRENTDEBT_DEBT":87.308084165887,"ISSUED_COMMON_SHARES":9536049707,"HK_COMMON_SHARES":9536049707,"PER_SHARES":1000,"TOTAL_MARKET_CAP":11061817660.12,"HKSK_MARKET_CAP":11061817660.12,"PE_TTM":39.966390609514,"PB_TTM":0.740818815857,"REPORT_DATE_SQ":"2020-12-31 00:00:00","REPORT_TYPE_SQ":"2020年年报","OPERATE_INCOME_SQ":4105856576,"DPS_HKD":0.022,"OPERATE_INCOME_QOQ_SQ":20.529669993233,"NET_PROFIT_RATIO_SQ":32.1370121351,"HOLDER_PROFIT_SQ":1315135722.68,"HOLDER_PROFIT_QOQ_SQ":65.494807677473,"ROE_AVG_SQ":11.831486758767,"PE_TTM_SQ":133.830276051362,"PB_TTM_SQ":0.347579233341,"ROA_SQ":1.430554684937,"START_DATE":"2021-01-01 00:00:00","FISCAL_YEAR":"12-31","CURRENCY":"HKD","IS_CNY_CODE":0,"DPS_HKD_LY":0.101,"ORG_TYPE":"证券","PREMIUM_INCOME":null,"PREMIUM_INCOME_YOY":null,"NET_INTEREST_INCOME":null,"NET_INTEREST_INCOME_YOY":null,"FEE_COMMISSION_INCOME":null,"FEE_COMMISSION_INCOME_YOY":null,"ACCOUNTS_RECE_TDAYS":0.65117861425,"INVENTORY_TDAYS":null,"CURRENT_ASSETS_TDAYS":0.041314467804,"TOTAL_ASSETS_TDAYS":0.03483807123,"PREMIUM_EXPENSE":null,"LOAN_DEPOSIT":null,"LOAN_EQUITY":null,"LOAN_ASSETS":null,"DEPOSIT_EQUITY":null,"DEPOSIT_ASSETS":null,"EQUITY_MULTIPLIER":6.885308868534,"EQUITY_RATIO":5.935128465318},{"SECUCODE":"01788.HK","SECURITY_CODE":"01788","SECURITY_NAME_ABBR":"国泰君安国际","ORG_CODE":"10149111","STD_REPORT_DATE":"2021-06-30 00:00:00","REPORT_DATE":"2021-06-30 00:00:00","DATE_TYPE_CODE":"002","REPORT_TYPE":"2021年中报","PER_NETCASH_OPERATE":-0.845976262064,"PER_OI":0.212268058644,"BPS":1.357038096907,"BASIC_EPS":0.081294216,"DILUTED_EPS":0.081211008,"OPERATE_INCOME":2041805332.56,"OPERATE_INCOME_YOY":39.6819773073,"GROSS_PROFIT":null,"GROSS_PROFIT_YOY":null,"HOLDER_PROFIT":780161536.32,"HOLDER_PROFIT_YOY":54.8266711582,"GROSS_PROFIT_RATIO":null,"EPS_TTM":0.160321693738,"OPERATE_INCOME_QOQ":10.913034659299,"NET_PROFIT_RATIO":37.5104062058,"ROE_AVG":6.114054606765,"GROSS_PROFIT_QOQ":null,"ROA":0.718816270743,"HOLDER_PROFIT_QOQ":17.26040870804,"ROE_YEARLY":12.22810921353,"ROIC_YEARLY":1.500429419275,"TOTAL_ASSETS":115787019016.8,"TOTAL_LIABILITIES":102740601218.16,"TAX_EBT":14.7753785843,"OCF_SALES":-388.80200816912,"TOTAL_PARENT_EQUITY":12940782746.4,"DEBT_ASSET_RATIO":88.7324003075,"OPERATE_PROFIT":1228196676.48,"PRETAX_PROFIT":921183286.8,"NETCASH_OPERATE":-8137441187.04,"NETCASH_INVEST":-8834193.36,"NETCASH_FINANCE":7990931868.96,"END_CASH":4224980225.04,"DIVI_RATIO":0.124838750972,"DIVIDEND_RATE":1.896551724138,"CURRENT_RATIO":1.097858084961,"COMMON_ACS":null,"CURRENTDEBT_DEBT":90.959475357598,"ISSUED_COMMON_SHARES":9536049707,"HK_COMMON_SHARES":9536049707,"PER_SHARES":1000,"TOTAL_MARKET_CAP":11061817660.12,"HKSK_MARKET_CAP":11061817660.12,"PE_TTM":39.966390609514,"PB_TTM":0.740818815857,"REPORT_DATE_SQ":"2020-06-30 00:00:00","REPORT_TYPE_SQ":"2020年中报","OPERATE_INCOME_SQ":1644878906.88,"DPS_HKD":0.022,"OPERATE_INCOME_QOQ_SQ":-10.524931034305,"NET_PROFIT_RATIO_SQ":33.821981039,"HOLDER_PROFIT_SQ":553163735.52,"HOLDER_PROFIT_QOQ_SQ":-1.716555383124,"ROE_AVG_SQ":4.698634754572,"PE_TTM_SQ":133.830276051362,"PB_TTM_SQ":0.347579233341,"ROA_SQ":0.545202280834,"START_DATE":"2021-01-01 00:00:00","FISCAL_YEAR":"12-31","CURRENCY":"HKD","IS_CNY_CODE":0,"DPS_HKD_LY":0.101,"ORG_TYPE":"证券","PREMIUM_INCOME":null,"PREMIUM_INCOME_YOY":null,"NET_INTEREST_INCOME":null,"NET_INTEREST_INCOME_YOY":null,"FEE_COMMISSION_INCOME":null,"FEE_COMMISSION_INCOME_YOY":null,"ACCOUNTS_RECE_TDAYS":0.24678479705,"INVENTORY_TDAYS":null,"CURRENT_ASSETS_TDAYS":0.022123922547,"TOTAL_ASSETS_TDAYS":0.019283804837,"PREMIUM_EXPENSE":null,"LOAN_DEPOSIT":null,"LOAN_EQUITY":null,"LOAN_ASSETS":null,"DEPOSIT_EQUITY":null,"DEPOSIT_ASSETS":null,"EQUITY_MULTIPLIER":8.875004679707,"EQUITY_RATIO":7.939288003791},{"SECUCODE":"01788.HK","SECURITY_CODE":"01788","SECURITY_NAME_ABBR":"国泰君安国际","ORG_CODE":"10149111","STD_REPORT_DATE":"2020-12-31 00:00:00","REPORT_DATE":"2020-12-31 00:00:00","DATE_TYPE_CODE":"001","REPORT_TYPE":"2020年年报","PER_NETCASH_OPERATE":-1.319054462256,"PER_OI":0.426927208241,"BPS":1.334306559436,"BASIC_EPS":0.14223716,"DILUTED_EPS":0.14139552,"OPERATE_INCOME":4105856576,"OPERATE_INCOME_YOY":14.781264095,"GROSS_PROFIT":null,"GROSS_PROFIT_YOY":null,"HOLDER_PROFIT":1315135722.68,"HOLDER_PROFIT_YOY":73.1170072866,"GROSS_PROFIT_RATIO":null,"EPS_TTM":0.136747889788,"OPERATE_INCOME_QOQ":20.529669993233,"NET_PROFIT_RATIO":32.1370121351,"ROE_AVG":11.831486758767,"GROSS_PROFIT_QOQ":null,"ROA":1.430554684937,"HOLDER_PROFIT_QOQ":65.494807677473,"ROE_YEARLY":11.831486758767,"ROIC_YEARLY":1.520304585332,"TOTAL_ASSETS":102445044455.24,"TOTAL_LIABILITIES":89619151941.36,"TAX_EBT":13.60609782777,"OCF_SALES":-308.964722040013,"TOTAL_PARENT_EQUITY":12724013675.16,"DEBT_ASSET_RATIO":87.4802216329,"OPERATE_PROFIT":2226083093.4,"PRETAX_PROFIT":1527306433.56,"NETCASH_OPERATE":-12685648357.4,"NETCASH_INVEST":-30421919.44,"NETCASH_FINANCE":11289220310.4,"END_CASH":4425417184.32,"DIVI_RATIO":0.146359552831,"DIVIDEND_RATE":1.896551724138,"CURRENT_RATIO":1.100079072868,"COMMON_ACS":null,"CURRENTDEBT_DEBT":88.540906617327,"ISSUED_COMMON_SHARES":9536049707,"HK_COMMON_SHARES":9536049707,"PER_SHARES":1000,"TOTAL_MARKET_CAP":11061817660.12,"HKSK_MARKET_CAP":11061817660.12,"PE_TTM":39.966390609514,"PB_TTM":0.740818815857,"REPORT_DATE_SQ":"2019-12-31 00:00:00","REPORT_TYPE_SQ":"2019年年报","OPERATE_INCOME_SQ":3807218178.38,"DPS_HKD":0.022,"OPERATE_INCOME_QOQ_SQ":15.065122546466,"NET_PROFIT_RATIO_SQ":21.2358279232,"HOLDER_PROFIT_SQ":808548047.82,"HOLDER_PROFIT_QOQ_SQ":-4.462955703832,"ROE_AVG_SQ":8.030904362137,"PE_TTM_SQ":133.830276051362,"PB_TTM_SQ":0.347579233341,"ROA_SQ":0.977006052331,"START_DATE":"2020-01-01 00:00:00","FISCAL_YEAR":"12-31","CURRENCY":"HKD","IS_CNY_CODE":0,"DPS_HKD_LY":0.054,"ORG_TYPE":"证券","PREMIUM_INCOME":null,"PREMIUM_INCOME_YOY":null,"NET_INTEREST_INCOME":null,"NET_INTEREST_INCOME_YOY":null,"FEE_COMMISSION_INCOME":null,"FEE_COMMISSION_INCOME_YOY":null,"ACCOUNTS_RECE_TDAYS":0.996627312173,"INVENTORY_TDAYS":null,"CURRENT_ASSETS_TDAYS":0.051045944311,"TOTAL_ASSETS_TDAYS":0.044661948263,"PREMIUM_EXPENSE":null,"LOAN_DEPOSIT":null,"LOAN_EQUITY":null,"LOAN_ASSETS":null,"DEPOSIT_EQUITY":null,"DEPOSIT_ASSETS":null,"EQUITY_MULTIPLIER":7.987361842026,"EQUITY_RATIO":7.043308363957},{"SECUCODE":"01788.HK","SECURITY_CODE":"01788","SECURITY_NAME_ABBR":"国泰君安国际","ORG_CODE":"10149111","STD_REPORT_DATE":"2020-06-30 00:00:00","REPORT_DATE":"2020-06-30 00:00:00","DATE_TYPE_CODE":"002","REPORT_TYPE":"2020年中报","PER_NETCASH_OPERATE":-1.602845315266,"PER_OI":0.171076164556,"BPS":1.387112426921,"BASIC_EPS":0.061839888,"DILUTED_EPS":0.061748544,"OPERATE_INCOME":1644878906.88,"OPERATE_INCOME_YOY":-22.5625562262,"GROSS_PROFIT":null,"GROSS_PROFIT_YOY":null,"HOLDER_PROFIT":553163735.52,"HOLDER_PROFIT_YOY":-6.0552328828,"GROSS_PROFIT_RATIO":null,"EPS_TTM":0.082649794023,"OPERATE_INCOME_QOQ":-10.524931034305,"NET_PROFIT_RATIO":33.821981039,"ROE_AVG":4.698634754572,"GROSS_PROFIT_QOQ":null,"ROA":0.545202280834,"HOLDER_PROFIT_QOQ":-1.716555383124,"ROE_YEARLY":9.397269509144,"ROIC_YEARLY":1.165793043306,"TOTAL_ASSETS":114556048632.96,"TOTAL_LIABILITIES":101219474785.44,"TAX_EBT":13.529223019499,"OCF_SALES":-936.919131562814,"TOTAL_PARENT_EQUITY":13227573052.32,"DEBT_ASSET_RATIO":88.3580360822,"OPERATE_PROFIT":1038657095.52,"PRETAX_PROFIT":643374156.48,"NETCASH_OPERATE":-15412622924.16,"NETCASH_INVEST":-12713257.92,"NETCASH_FINANCE":15238018868.16,"END_CASH":6161266980,"DIVI_RATIO":0.242158619226,"DIVIDEND_RATE":1.896551724138,"CURRENT_RATIO":1.097101069768,"COMMON_ACS":null,"CURRENTDEBT_DEBT":90.291747409409,"ISSUED_COMMON_SHARES":9536049707,"HK_COMMON_SHARES":9536049707,"PER_SHARES":1000,"TOTAL_MARKET_CAP":11061817660.12,"HKSK_MARKET_CAP":11061817660.12,"PE_TTM":39.966390609514,"PB_TTM":0.740818815857,"REPORT_DATE_SQ":"2019-06-30 00:00:00","REPORT_TYPE_SQ":"2019年中报","OPERATE_INCOME_SQ":2045585994.48,"DPS_HKD":0.022,"OPERATE_INCOME_QOQ_SQ":25.201437704698,"NET_PROFIT_RATIO_SQ":27.2424503759,"HOLDER_PROFIT_SQ":567042910.56,"HOLDER_PROFIT_QOQ_SQ":13.815564224199,"ROE_AVG_SQ":5.717140539276,"PE_TTM_SQ":133.830276051362,"PB_TTM_SQ":0.347579233341,"ROA_SQ":0.69060164786,"START_DATE":"2020-01-01 00:00:00","FISCAL_YEAR":"12-31","CURRENCY":"HKD","IS_CNY_CODE":0,"DPS_HKD_LY":0.054,"ORG_TYPE":"证券","PREMIUM_INCOME":null,"PREMIUM_INCOME_YOY":null,"NET_INTEREST_INCOME":null,"NET_INTEREST_INCOME_YOY":null,"FEE_COMMISSION_INCOME":null,"FEE_COMMISSION_INCOME_YOY":null,"ACCOUNTS_RECE_TDAYS":0.314700888563,"INVENTORY_TDAYS":null,"CURRENT_ASSETS_TDAYS":0.018298140677,"TOTAL_ASSETS_TDAYS":0.016212048515,"PREMIUM_EXPENSE":null,"LOAN_DEPOSIT":null,"LOAN_EQUITY":null,"LOAN_ASSETS":null,"DEPOSIT_EQUITY":null,"DEPOSIT_ASSETS":null,"EQUITY_MULTIPLIER":8.589616039533,"EQUITY_RATIO":7.652157684942}],"count":33},"success":true,"message":"ok","code":0}