{"version":"72fb71c19fd409044f4725a4b508d4ff","result":{"pages":2,"data":[{"SECUCODE":"01783.HK","SECURITY_CODE":"01783","SECURITY_NAME_ABBR":"晋景新能","ORG_CODE":"10680991","STD_REPORT_DATE":"2024-06-30 00:00:00","REPORT_DATE":"2024-09-30 00:00:00","DATE_TYPE_CODE":"002","REPORT_TYPE":"2024年中报","PER_NETCASH_OPERATE":-0.008706651534,"PER_OI":0.175573409524,"BPS":0.214733068837,"BASIC_EPS":-0.019117948,"DILUTED_EPS":-0.019117948,"OPERATE_INCOME":223802635.04,"OPERATE_INCOME_YOY":4.4863590434,"GROSS_PROFIT":40044886.74,"GROSS_PROFIT_YOY":316.605917646572,"HOLDER_PROFIT":-24014667.7,"HOLDER_PROFIT_YOY":-15.1667171215,"GROSS_PROFIT_RATIO":17.892946940881,"EPS_TTM":-0.056974154949,"OPERATE_INCOME_QOQ":0,"NET_PROFIT_RATIO":-10.7310940623,"ROE_AVG":-9.537282429625,"GROSS_PROFIT_QOQ":0,"ROA":-3.257297116136,"HOLDER_PROFIT_QOQ":0,"ROE_YEARLY":-19.074564859251,"ROIC_YEARLY":-7.226256030077,"TOTAL_ASSETS":730897187.84,"TOTAL_LIABILITIES":438378154.8,"TAX_EBT":-9.443576888304,"OCF_SALES":-4.958980723358,"TOTAL_PARENT_EQUITY":292571336.86,"DEBT_ASSET_RATIO":59.9780874921,"OPERATE_PROFIT":-20326346.6,"PRETAX_PROFIT":-21944157.86,"NETCASH_OPERATE":-11098329.53,"NETCASH_INVEST":-2597155.2,"NETCASH_FINANCE":68995952.9,"END_CASH":100308807.07,"DIVI_RATIO":null,"DIVIDEND_RATE":null,"CURRENT_RATIO":1.41043506955,"COMMON_ACS":3000000000,"CURRENTDEBT_DEBT":81.041718094298,"ISSUED_COMMON_SHARES":1362488500,"HK_COMMON_SHARES":1362488500,"PER_SHARES":1000,"TOTAL_MARKET_CAP":10927157770,"HKSK_MARKET_CAP":10927157770,"PE_TTM":-132.640112767352,"PB_TTM":33.68068010751,"REPORT_DATE_SQ":"2023-06-30 00:00:00","REPORT_TYPE_SQ":"2023年中报","OPERATE_INCOME_SQ":217955477.6,"DPS_HKD":null,"OPERATE_INCOME_QOQ_SQ":0,"NET_PROFIT_RATIO_SQ":-9.7356012125,"HOLDER_PROFIT_SQ":-21218358.49,"HOLDER_PROFIT_QOQ_SQ":0,"ROE_AVG_SQ":-10.292625169148,"PE_TTM_SQ":-56.00501133463,"PB_TTM_SQ":12.028248993675,"ROA_SQ":-5.441314029215,"START_DATE":"2024-04-01 00:00:00","FISCAL_YEAR":"3-31","CURRENCY":"HKD","IS_CNY_CODE":0,"DPS_HKD_LY":null,"ORG_TYPE":"一般企业","PREMIUM_INCOME":null,"PREMIUM_INCOME_YOY":null,"NET_INTEREST_INCOME":null,"NET_INTEREST_INCOME_YOY":null,"FEE_COMMISSION_INCOME":null,"FEE_COMMISSION_INCOME_YOY":null,"ACCOUNTS_RECE_TDAYS":4.038008460788,"INVENTORY_TDAYS":3543.82608695652,"CURRENT_ASSETS_TDAYS":0.406389213433,"TOTAL_ASSETS_TDAYS":0.303561009799,"PREMIUM_EXPENSE":null,"LOAN_DEPOSIT":null,"LOAN_EQUITY":null,"LOAN_ASSETS":null,"DEPOSIT_EQUITY":null,"DEPOSIT_ASSETS":null,"EQUITY_MULTIPLIER":2.498631218092,"EQUITY_RATIO":1.498363303476},{"SECUCODE":"01783.HK","SECURITY_CODE":"01783","SECURITY_NAME_ABBR":"晋景新能","ORG_CODE":"10680991","STD_REPORT_DATE":"2023-12-31 00:00:00","REPORT_DATE":"2024-03-31 00:00:00","DATE_TYPE_CODE":"001","REPORT_TYPE":"2023年年报","PER_NETCASH_OPERATE":-0.036693161624,"PER_OI":0.326634004115,"BPS":0.155699031074,"BASIC_EPS":-0.059922955,"DILUTED_EPS":-0.059922955,"OPERATE_INCOME":409934657.6,"OPERATE_INCOME_YOY":12.667184915,"GROSS_PROFIT":25341698.7,"GROSS_PROFIT_YOY":35.127559114354,"HOLDER_PROFIT":-71504131.25,"HOLDER_PROFIT_YOY":-107.2113490083,"GROSS_PROFIT_RATIO":6.181887339891,"EPS_TTM":-0.03973570901,"OPERATE_INCOME_QOQ":0,"NET_PROFIT_RATIO":-17.4399370179,"ROE_AVG":-37.340106232898,"GROSS_PROFIT_QOQ":0,"ROA":-13.23215106545,"HOLDER_PROFIT_QOQ":0,"ROE_YEARLY":-37.340106232898,"ROIC_YEARLY":-14.720401029448,"TOTAL_ASSETS":747542943.1,"TOTAL_LIABILITIES":535455570.6,"TAX_EBT":0.06716086929,"OCF_SALES":-11.233723727974,"TOTAL_PARENT_EQUITY":212138139.3,"DEBT_ASSET_RATIO":71.6287372575,"OPERATE_PROFIT":-70946603,"PRETAX_PROFIT":-71540393.25,"NETCASH_OPERATE":-46050926.9,"NETCASH_INVEST":-17542649.05,"NETCASH_FINANCE":44705606.7,"END_CASH":45245910.5,"DIVI_RATIO":null,"DIVIDEND_RATE":null,"CURRENT_RATIO":1.140995317524,"COMMON_ACS":3000000000,"CURRENTDEBT_DEBT":98.781008106296,"ISSUED_COMMON_SHARES":1362488500,"HK_COMMON_SHARES":1362488500,"PER_SHARES":1000,"TOTAL_MARKET_CAP":9591919040,"HKSK_MARKET_CAP":9591919040,"PE_TTM":-116.432218688548,"PB_TTM":29.565085780159,"REPORT_DATE_SQ":"2022-12-31 00:00:00","REPORT_TYPE_SQ":"2022年年报","OPERATE_INCOME_SQ":351347554.32,"DPS_HKD":null,"OPERATE_INCOME_QOQ_SQ":0,"NET_PROFIT_RATIO_SQ":-9.4812035321,"HOLDER_PROFIT_SQ":-33322481.65,"HOLDER_PROFIT_QOQ_SQ":0,"ROE_AVG_SQ":-22.10780641077,"PE_TTM_SQ":-43.683908841012,"PB_TTM_SQ":9.382034215066,"ROA_SQ":-10.455406927239,"START_DATE":"2023-04-01 00:00:00","FISCAL_YEAR":"3-31","CURRENCY":"HKD","IS_CNY_CODE":0,"DPS_HKD_LY":null,"ORG_TYPE":"一般企业","PREMIUM_INCOME":null,"PREMIUM_INCOME_YOY":null,"NET_INTEREST_INCOME":null,"NET_INTEREST_INCOME_YOY":null,"FEE_COMMISSION_INCOME":null,"FEE_COMMISSION_INCOME_YOY":null,"ACCOUNTS_RECE_TDAYS":9.173181864286,"INVENTORY_TDAYS":4661.95604395604,"CURRENT_ASSETS_TDAYS":1.019003558238,"TOTAL_ASSETS_TDAYS":0.758601946699,"PREMIUM_EXPENSE":null,"LOAN_DEPOSIT":null,"LOAN_EQUITY":null,"LOAN_ASSETS":null,"DEPOSIT_EQUITY":null,"DEPOSIT_ASSETS":null,"EQUITY_MULTIPLIER":3.524693310538,"EQUITY_RATIO":2.52408912592},{"SECUCODE":"01783.HK","SECURITY_CODE":"01783","SECURITY_NAME_ABBR":"晋景新能","ORG_CODE":"10680991","STD_REPORT_DATE":"2023-06-30 00:00:00","REPORT_DATE":"2023-09-30 00:00:00","DATE_TYPE_CODE":"002","REPORT_TYPE":"2023年中报","PER_NETCASH_OPERATE":-0.027596294974,"PER_OI":0.173665897839,"BPS":0.175681325384,"BASIC_EPS":-0.018719652,"DILUTED_EPS":-0.018719652,"OPERATE_INCOME":217955477.6,"OPERATE_INCOME_YOY":-10.6647860837,"GROSS_PROFIT":9612174.25,"GROSS_PROFIT_YOY":-31.947471908147,"HOLDER_PROFIT":-21218358.49,"HOLDER_PROFIT_YOY":-347.6863504356,"GROSS_PROFIT_RATIO":4.410154934321,"EPS_TTM":-0.030070710223,"OPERATE_INCOME_QOQ":0,"NET_PROFIT_RATIO":-9.7356012125,"ROE_AVG":-10.292625169148,"GROSS_PROFIT_QOQ":0,"ROA":-5.441314029215,"HOLDER_PROFIT_QOQ":0,"ROE_YEARLY":-20.585250338295,"ROIC_YEARLY":-12.770834138771,"TOTAL_ASSETS":442605066.05,"TOTAL_LIABILITIES":203305514.65,"TAX_EBT":0.597515367751,"OCF_SALES":-15.890451330414,"TOTAL_PARENT_EQUITY":239363785.5,"DEBT_ASSET_RATIO":45.9338426612,"OPERATE_PROFIT":-21025656.19,"PRETAX_PROFIT":-21346826.69,"NETCASH_OPERATE":-34634109.09,"NETCASH_INVEST":-10663778.23,"NETCASH_FINANCE":30900272.62,"END_CASH":50520119.65,"DIVI_RATIO":null,"DIVIDEND_RATE":null,"CURRENT_RATIO":1.58623530014,"COMMON_ACS":3000000000,"CURRENTDEBT_DEBT":96.988558145833,"ISSUED_COMMON_SHARES":1362488500,"HK_COMMON_SHARES":1362488500,"PER_SHARES":1000,"TOTAL_MARKET_CAP":9591919040,"HKSK_MARKET_CAP":9591919040,"PE_TTM":-116.432218688548,"PB_TTM":29.565085780159,"REPORT_DATE_SQ":"2022-06-30 00:00:00","REPORT_TYPE_SQ":"2022年中报","OPERATE_INCOME_SQ":240467985,"DPS_HKD":null,"OPERATE_INCOME_QOQ_SQ":0,"NET_PROFIT_RATIO_SQ":-1.953925717,"HOLDER_PROFIT_SQ":-4671432.6,"HOLDER_PROFIT_QOQ_SQ":0,"ROE_AVG_SQ":-2.819184647042,"PE_TTM_SQ":-43.683908841012,"PB_TTM_SQ":9.382034215066,"ROA_SQ":-1.293358173823,"START_DATE":"2023-04-01 00:00:00","FISCAL_YEAR":"3-31","CURRENCY":"HKD","IS_CNY_CODE":0,"DPS_HKD_LY":null,"ORG_TYPE":"一般企业","PREMIUM_INCOME":null,"PREMIUM_INCOME_YOY":null,"NET_INTEREST_INCOME":null,"NET_INTEREST_INCOME_YOY":null,"FEE_COMMISSION_INCOME":null,"FEE_COMMISSION_INCOME_YOY":null,"ACCOUNTS_RECE_TDAYS":7.27684931297,"INVENTORY_TDAYS":2000.39647577093,"CURRENT_ASSETS_TDAYS":0.844279907652,"TOTAL_ASSETS_TDAYS":0.558933057224,"PREMIUM_EXPENSE":null,"LOAN_DEPOSIT":null,"LOAN_EQUITY":null,"LOAN_ASSETS":null,"DEPOSIT_EQUITY":null,"DEPOSIT_ASSETS":null,"EQUITY_MULTIPLIER":1.84958585781,"EQUITY_RATIO":0.849357868507},{"SECUCODE":"01783.HK","SECURITY_CODE":"01783","SECURITY_NAME_ABBR":"晋景新能","ORG_CODE":"10680991","STD_REPORT_DATE":"2022-12-31 00:00:00","REPORT_DATE":"2023-03-31 00:00:00","DATE_TYPE_CODE":"001","REPORT_TYPE":"2022年年报","PER_NETCASH_OPERATE":0.025587486497,"PER_OI":0.366182523816,"BPS":0.121088375733,"BASIC_EPS":-0.035103941,"DILUTED_EPS":-0.035103941,"OPERATE_INCOME":351347554.32,"OPERATE_INCOME_YOY":-32.1926001014,"GROSS_PROFIT":18753908.43,"GROSS_PROFIT_YOY":-13.85090691188,"HOLDER_PROFIT":-33322481.65,"HOLDER_PROFIT_YOY":-96.3024083338,"GROSS_PROFIT_RATIO":5.337708545118,"EPS_TTM":-0.020971596451,"OPERATE_INCOME_QOQ":0,"NET_PROFIT_RATIO":-9.4812035321,"ROE_AVG":-22.10780641077,"GROSS_PROFIT_QOQ":0,"ROA":-10.455406927239,"HOLDER_PROFIT_QOQ":0,"ROE_YEARLY":-22.10780641077,"ROIC_YEARLY":-13.3499572128,"TOTAL_ASSETS":321774453.7,"TOTAL_LIABILITIES":156853337.57,"TAX_EBT":2.021216334518,"OCF_SALES":6.987631804501,"TOTAL_PARENT_EQUITY":164981519.42,"DEBT_ASSET_RATIO":48.7463612373,"OPERATE_PROFIT":-30832815.61,"PRETAX_PROFIT":-33999173.58,"NETCASH_OPERATE":24550873.45,"NETCASH_INVEST":-26182637.69,"NETCASH_FINANCE":-12773107.31,"END_CASH":61930880.45,"DIVI_RATIO":null,"DIVIDEND_RATE":null,"CURRENT_RATIO":1.307131996747,"COMMON_ACS":3000000000,"CURRENTDEBT_DEBT":94.703003175631,"ISSUED_COMMON_SHARES":1362488500,"HK_COMMON_SHARES":1362488500,"PER_SHARES":1000,"TOTAL_MARKET_CAP":9591919040,"HKSK_MARKET_CAP":9591919040,"PE_TTM":-116.432218688548,"PB_TTM":29.565085780159,"REPORT_DATE_SQ":"2021-12-31 00:00:00","REPORT_TYPE_SQ":"2021年年报","OPERATE_INCOME_SQ":480036819,"DPS_HKD":null,"OPERATE_INCOME_QOQ_SQ":0,"NET_PROFIT_RATIO_SQ":-3.2760601453,"HOLDER_PROFIT_SQ":-15726294.91,"HOLDER_PROFIT_QOQ_SQ":0,"ROE_AVG_SQ":-11.975186272784,"PE_TTM_SQ":-43.683908841012,"PB_TTM_SQ":9.382034215066,"ROA_SQ":-6.521019029027,"START_DATE":"2022-04-01 00:00:00","FISCAL_YEAR":"3-31","CURRENCY":"HKD","IS_CNY_CODE":0,"DPS_HKD_LY":null,"ORG_TYPE":"一般企业","PREMIUM_INCOME":null,"PREMIUM_INCOME_YOY":null,"NET_INTEREST_INCOME":null,"NET_INTEREST_INCOME_YOY":null,"FEE_COMMISSION_INCOME":null,"FEE_COMMISSION_INCOME_YOY":null,"ACCOUNTS_RECE_TDAYS":9.228285986917,"INVENTORY_TDAYS":2773.20437956204,"CURRENT_ASSETS_TDAYS":1.405550030118,"TOTAL_ASSETS_TDAYS":1.102403383965,"PREMIUM_EXPENSE":null,"LOAN_DEPOSIT":null,"LOAN_EQUITY":null,"LOAN_ASSETS":null,"DEPOSIT_EQUITY":null,"DEPOSIT_ASSETS":null,"EQUITY_MULTIPLIER":1.951080984962,"EQUITY_RATIO":0.950732773716},{"SECUCODE":"01783.HK","SECURITY_CODE":"01783","SECURITY_NAME_ABBR":"晋景新能","ORG_CODE":"10680991","STD_REPORT_DATE":"2022-06-30 00:00:00","REPORT_DATE":"2022-09-30 00:00:00","DATE_TYPE_CODE":"002","REPORT_TYPE":"2022年中报","PER_NETCASH_OPERATE":-0.007217704327,"PER_OI":0.250621279589,"BPS":0.139747614516,"BASIC_EPS":-0.00497442,"DILUTED_EPS":-0.00497442,"OPERATE_INCOME":240467985,"OPERATE_INCOME_YOY":19.0087194729,"GROSS_PROFIT":14124639.48,"GROSS_PROFIT_YOY":45.963573159434,"HOLDER_PROFIT":-4671432.6,"HOLDER_PROFIT_YOY":-1460.4229607251,"GROSS_PROFIT_RATIO":5.873812881993,"EPS_TTM":-0.016390307232,"OPERATE_INCOME_QOQ":0,"NET_PROFIT_RATIO":-1.953925717,"ROE_AVG":-2.819184647042,"GROSS_PROFIT_QOQ":0,"ROA":-1.293358173823,"HOLDER_PROFIT_QOQ":0,"ROE_YEARLY":-5.638369294085,"ROIC_YEARLY":-3.197771156599,"TOTAL_ASSETS":396258679.44,"TOTAL_LIABILITIES":205954554.6,"TAX_EBT":null,"OCF_SALES":-2.879924776681,"TOTAL_PARENT_EQUITY":190404517.68,"DEBT_ASSET_RATIO":51.97477438,"OPERATE_PROFIT":-3014498.52,"PRETAX_PROFIT":-4698565.8,"NETCASH_OPERATE":-6925297.08,"NETCASH_INVEST":-11107427.64,"NETCASH_FINANCE":-1564681.2,"END_CASH":59269762.08,"DIVI_RATIO":null,"DIVIDEND_RATE":null,"CURRENT_RATIO":1.34630395445,"COMMON_ACS":3000000000,"CURRENTDEBT_DEBT":94.404409020047,"ISSUED_COMMON_SHARES":1362488500,"HK_COMMON_SHARES":1362488500,"PER_SHARES":1000,"TOTAL_MARKET_CAP":9591919040,"HKSK_MARKET_CAP":9591919040,"PE_TTM":-116.432218688548,"PB_TTM":29.565085780159,"REPORT_DATE_SQ":"2021-06-30 00:00:00","REPORT_TYPE_SQ":"2021年中报","OPERATE_INCOME_SQ":186112268.48,"DPS_HKD":null,"OPERATE_INCOME_QOQ_SQ":0,"NET_PROFIT_RATIO_SQ":-0.1481594213,"HOLDER_PROFIT_SQ":-275742.86,"HOLDER_PROFIT_QOQ_SQ":0,"ROE_AVG_SQ":-0.197268633989,"PE_TTM_SQ":-43.683908841012,"PB_TTM_SQ":9.382034215066,"ROA_SQ":-0.121926961698,"START_DATE":"2022-04-01 00:00:00","FISCAL_YEAR":"3-31","CURRENCY":"HKD","IS_CNY_CODE":0,"DPS_HKD_LY":null,"ORG_TYPE":"一般企业","PREMIUM_INCOME":null,"PREMIUM_INCOME_YOY":null,"NET_INTEREST_INCOME":null,"NET_INTEREST_INCOME_YOY":null,"FEE_COMMISSION_INCOME":null,"FEE_COMMISSION_INCOME_YOY":null,"ACCOUNTS_RECE_TDAYS":6.447330132402,"INVENTORY_TDAYS":3791.78787878788,"CURRENT_ASSETS_TDAYS":0.832533547932,"TOTAL_ASSETS_TDAYS":0.665772709517,"PREMIUM_EXPENSE":null,"LOAN_DEPOSIT":null,"LOAN_EQUITY":null,"LOAN_ASSETS":null,"DEPOSIT_EQUITY":null,"DEPOSIT_ASSETS":null,"EQUITY_MULTIPLIER":2.082239046439,"EQUITY_RATIO":1.081668424203},{"SECUCODE":"01783.HK","SECURITY_CODE":"01783","SECURITY_NAME_ABBR":"晋景新能","ORG_CODE":"10680991","STD_REPORT_DATE":"2021-12-31 00:00:00","REPORT_DATE":"2022-03-31 00:00:00","DATE_TYPE_CODE":"001","REPORT_TYPE":"2021年年报","PER_NETCASH_OPERATE":0.001068295171,"PER_OI":0.580113680267,"BPS":0.092795803385,"BASIC_EPS":-0.019626442,"DILUTED_EPS":-0.019626442,"OPERATE_INCOME":480036819,"OPERATE_INCOME_YOY":180.9740814583,"GROSS_PROFIT":21769130.42,"GROSS_PROFIT_YOY":718.455604243516,"HOLDER_PROFIT":-15726294.91,"HOLDER_PROFIT_YOY":-57.4711710248,"GROSS_PROFIT_RATIO":4.534887649941,"EPS_TTM":-0.006747235725,"OPERATE_INCOME_QOQ":0,"NET_PROFIT_RATIO":-3.2760601453,"ROE_AVG":-11.975186272784,"GROSS_PROFIT_QOQ":0,"ROA":-6.521019029027,"HOLDER_PROFIT_QOQ":0,"ROE_YEARLY":-11.975186272784,"ROIC_YEARLY":-9.265510807214,"TOTAL_ASSETS":292425875.7,"TOTAL_LIABILITIES":165992660.74,"TAX_EBT":-2.919165649382,"OCF_SALES":0.184152728501,"TOTAL_PARENT_EQUITY":126433214.96,"DEBT_ASSET_RATIO":56.7640125357,"OPERATE_PROFIT":-15251043.05,"PRETAX_PROFIT":-15280239.41,"NETCASH_OPERATE":884000.9,"NETCASH_INVEST":-1291127.92,"NETCASH_FINANCE":-1020250.58,"END_CASH":70720072,"DIVI_RATIO":null,"DIVIDEND_RATE":null,"CURRENT_RATIO":1.706870602033,"COMMON_ACS":3000000000,"CURRENTDEBT_DEBT":99.98338821736,"ISSUED_COMMON_SHARES":1362488500,"HK_COMMON_SHARES":1362488500,"PER_SHARES":1000,"TOTAL_MARKET_CAP":9591919040,"HKSK_MARKET_CAP":9591919040,"PE_TTM":-116.432218688548,"PB_TTM":29.565085780159,"REPORT_DATE_SQ":"2020-12-31 00:00:00","REPORT_TYPE_SQ":"2020年年报","OPERATE_INCOME_SQ":178045618.8,"DPS_HKD":null,"OPERATE_INCOME_QOQ_SQ":0,"NET_PROFIT_RATIO_SQ":-5.8454381468,"HOLDER_PROFIT_SQ":-10407546.52,"HOLDER_PROFIT_QOQ_SQ":0,"ROE_AVG_SQ":-6.913549749037,"PE_TTM_SQ":-43.683908841012,"PB_TTM_SQ":9.382034215066,"ROA_SQ":-4.744319549995,"START_DATE":"2021-04-01 00:00:00","FISCAL_YEAR":"3-31","CURRENCY":"HKD","IS_CNY_CODE":0,"DPS_HKD_LY":null,"ORG_TYPE":"一般企业","PREMIUM_INCOME":null,"PREMIUM_INCOME_YOY":null,"NET_INTEREST_INCOME":null,"NET_INTEREST_INCOME_YOY":null,"FEE_COMMISSION_INCOME":null,"FEE_COMMISSION_INCOME_YOY":null,"ACCOUNTS_RECE_TDAYS":19.964247166757,"INVENTORY_TDAYS":null,"CURRENT_ASSETS_TDAYS":2.10623329763,"TOTAL_ASSETS_TDAYS":1.990506504709,"PREMIUM_EXPENSE":null,"LOAN_DEPOSIT":null,"LOAN_EQUITY":null,"LOAN_ASSETS":null,"DEPOSIT_EQUITY":null,"DEPOSIT_ASSETS":null,"EQUITY_MULTIPLIER":2.312888079232,"EQUITY_RATIO":1.312888079232},{"SECUCODE":"01783.HK","SECURITY_CODE":"01783","SECURITY_NAME_ABBR":"晋景新能","ORG_CODE":"10680991","STD_REPORT_DATE":"2021-06-30 00:00:00","REPORT_DATE":"2021-09-30 00:00:00","DATE_TYPE_CODE":"002","REPORT_TYPE":"2021年中报","PER_NETCASH_OPERATE":-0.040571063325,"PER_OI":0.2326403356,"BPS":0.102490784737,"BASIC_EPS":-0.000333224,"DILUTED_EPS":-0.000333224,"OPERATE_INCOME":186112268.48,"OPERATE_INCOME_YOY":164.1224803452,"GROSS_PROFIT":9676824.96,"GROSS_PROFIT_YOY":571.488417742881,"HOLDER_PROFIT":-275742.86,"HOLDER_PROFIT_YOY":94.4970906068,"GROSS_PROFIT_RATIO":5.199455704362,"EPS_TTM":-0.01300943315,"OPERATE_INCOME_QOQ":0,"NET_PROFIT_RATIO":-0.1481594213,"ROE_AVG":-0.197268633989,"GROSS_PROFIT_QOQ":0,"ROA":-0.121926961698,"HOLDER_PROFIT_QOQ":0,"ROE_YEARLY":-0.394537267978,"ROIC_YEARLY":-0.327108229836,"TOTAL_ASSETS":257244762.7,"TOTAL_LIABILITIES":117602247.14,"TAX_EBT":null,"OCF_SALES":-17.439393396835,"TOTAL_PARENT_EQUITY":139642515.56,"DEBT_ASSET_RATIO":45.7160899626,"OPERATE_PROFIT":-262413.9,"PRETAX_PROFIT":-275742.86,"NETCASH_OPERATE":-32456850.66,"NETCASH_INVEST":-175775.66,"NETCASH_FINANCE":-465680.54,"END_CASH":41010710.74,"DIVI_RATIO":null,"DIVIDEND_RATE":null,"CURRENT_RATIO":2.016779260919,"COMMON_ACS":3000000000,"CURRENTDEBT_DEBT":99.927746176569,"ISSUED_COMMON_SHARES":1362488500,"HK_COMMON_SHARES":1362488500,"PER_SHARES":1000,"TOTAL_MARKET_CAP":9591919040,"HKSK_MARKET_CAP":9591919040,"PE_TTM":-116.432218688548,"PB_TTM":29.565085780159,"REPORT_DATE_SQ":"2020-06-30 00:00:00","REPORT_TYPE_SQ":"2020年中报","OPERATE_INCOME_SQ":74326531.2,"DPS_HKD":null,"OPERATE_INCOME_QOQ_SQ":0,"NET_PROFIT_RATIO_SQ":-7.1111899273,"HOLDER_PROFIT_SQ":-5285500.8,"HOLDER_PROFIT_QOQ_SQ":0,"ROE_AVG_SQ":-3.318373528041,"PE_TTM_SQ":-43.683908841012,"PB_TTM_SQ":9.382034215066,"ROA_SQ":-2.279859910852,"START_DATE":"2021-04-01 00:00:00","FISCAL_YEAR":"3-31","CURRENCY":"HKD","IS_CNY_CODE":0,"DPS_HKD_LY":null,"ORG_TYPE":"一般企业","PREMIUM_INCOME":null,"PREMIUM_INCOME_YOY":null,"NET_INTEREST_INCOME":null,"NET_INTEREST_INCOME_YOY":null,"FEE_COMMISSION_INCOME":null,"FEE_COMMISSION_INCOME_YOY":null,"ACCOUNTS_RECE_TDAYS":7.395534369466,"INVENTORY_TDAYS":null,"CURRENT_ASSETS_TDAYS":0.898568736639,"TOTAL_ASSETS_TDAYS":0.822944370363,"PREMIUM_EXPENSE":null,"LOAN_DEPOSIT":null,"LOAN_EQUITY":null,"LOAN_ASSETS":null,"DEPOSIT_EQUITY":null,"DEPOSIT_ASSETS":null,"EQUITY_MULTIPLIER":1.842166489685,"EQUITY_RATIO":0.842166489685},{"SECUCODE":"01783.HK","SECURITY_CODE":"01783","SECURITY_NAME_ABBR":"晋景新能","ORG_CODE":"10680991","STD_REPORT_DATE":"2020-12-31 00:00:00","REPORT_DATE":"2021-03-31 00:00:00","DATE_TYPE_CODE":"001","REPORT_TYPE":"2020年年报","PER_NETCASH_OPERATE":-0.01206283155,"PER_OI":0.2225570235,"BPS":0.104187225991,"BASIC_EPS":-0.013015772,"DILUTED_EPS":-0.013015772,"OPERATE_INCOME":178045618.8,"OPERATE_INCOME_YOY":-25.6007458997,"GROSS_PROFIT":2659781.46,"GROSS_PROFIT_YOY":-85.507314389212,"HOLDER_PROFIT":-10407546.52,"HOLDER_PROFIT_YOY":-500.3900536324,"GROSS_PROFIT_RATIO":1.493876388493,"EPS_TTM":-0.006383155925,"OPERATE_INCOME_QOQ":0,"NET_PROFIT_RATIO":-5.8454381468,"ROE_AVG":-6.913549749037,"GROSS_PROFIT_QOQ":0,"ROA":-4.744319549995,"HOLDER_PROFIT_QOQ":0,"ROE_YEARLY":-6.913549749037,"ROIC_YEARLY":-7.668595128817,"TOTAL_ASSETS":197901432.54,"TOTAL_LIABILITIES":55947535.28,"TAX_EBT":12.443117178612,"OCF_SALES":-5.420108231273,"TOTAL_PARENT_EQUITY":141953897.26,"DEBT_ASSET_RATIO":28.2704043937,"OPERATE_PROFIT":-11861256.12,"PRETAX_PROFIT":-11886611.52,"NETCASH_OPERATE":-9650265.24,"NETCASH_INVEST":413293.02,"NETCASH_FINANCE":-7692828.36,"END_CASH":75187212.8,"DIVI_RATIO":null,"DIVIDEND_RATE":null,"CURRENT_RATIO":3.213970632667,"COMMON_ACS":3000000000,"CURRENTDEBT_DEBT":100,"ISSUED_COMMON_SHARES":1362488500,"HK_COMMON_SHARES":1362488500,"PER_SHARES":1000,"TOTAL_MARKET_CAP":9591919040,"HKSK_MARKET_CAP":9591919040,"PE_TTM":-116.432218688548,"PB_TTM":29.565085780159,"REPORT_DATE_SQ":"2019-12-31 00:00:00","REPORT_TYPE_SQ":"2019年年报","OPERATE_INCOME_SQ":258712327.6,"DPS_HKD":null,"OPERATE_INCOME_QOQ_SQ":0,"NET_PROFIT_RATIO_SQ":-0.7243561671,"HOLDER_PROFIT_SQ":-1873998.7,"HOLDER_PROFIT_QOQ_SQ":0,"ROE_AVG_SQ":-1.083485431585,"PE_TTM_SQ":-43.683908841012,"PB_TTM_SQ":9.382034215066,"ROA_SQ":-0.702976252701,"START_DATE":"2020-04-01 00:00:00","FISCAL_YEAR":"3-31","CURRENCY":"HKD","IS_CNY_CODE":0,"DPS_HKD_LY":0.01,"ORG_TYPE":"一般企业","PREMIUM_INCOME":null,"PREMIUM_INCOME_YOY":null,"NET_INTEREST_INCOME":null,"NET_INTEREST_INCOME_YOY":null,"FEE_COMMISSION_INCOME":null,"FEE_COMMISSION_INCOME_YOY":null,"ACCOUNTS_RECE_TDAYS":7.700968744288,"INVENTORY_TDAYS":null,"CURRENT_ASSETS_TDAYS":0.868525535047,"TOTAL_ASSETS_TDAYS":0.811627705378,"PREMIUM_EXPENSE":null,"LOAN_DEPOSIT":null,"LOAN_EQUITY":null,"LOAN_ASSETS":null,"DEPOSIT_EQUITY":null,"DEPOSIT_ASSETS":null,"EQUITY_MULTIPLIER":1.394124686676,"EQUITY_RATIO":0.394124686676},{"SECUCODE":"01783.HK","SECURITY_CODE":"01783","SECURITY_NAME_ABBR":"晋景新能","ORG_CODE":"10680991","STD_REPORT_DATE":"2020-06-30 00:00:00","REPORT_DATE":"2020-09-30 00:00:00","DATE_TYPE_CODE":"002","REPORT_TYPE":"2020年中报","PER_NETCASH_OPERATE":0.0231421896,"PER_OI":0.092908164,"BPS":0.11238423834,"BASIC_EPS":-0.0065904,"DILUTED_EPS":-0.0065904,"OPERATE_INCOME":74326531.2,"OPERATE_INCOME_YOY":-37.4426826021,"GROSS_PROFIT":1441100.8,"GROSS_PROFIT_YOY":-76.467005230356,"HOLDER_PROFIT":-5285500.8,"HOLDER_PROFIT_YOY":-164.2794376098,"GROSS_PROFIT_RATIO":1.938878051664,"EPS_TTM":-0.002342498375,"OPERATE_INCOME_QOQ":0,"NET_PROFIT_RATIO":-7.1111899273,"ROE_AVG":-3.318373528041,"GROSS_PROFIT_QOQ":0,"ROA":-2.279859910852,"HOLDER_PROFIT_QOQ":0,"ROE_YEARLY":-6.636747056081,"ROIC_YEARLY":-8.109802546869,"TOTAL_ASSETS":213275888.64,"TOTAL_LIABILITIES":60153656.32,"TAX_EBT":null,"OCF_SALES":24.90867175031,"TOTAL_PARENT_EQUITY":153122232.32,"DEBT_ASSET_RATIO":28.2046211147,"OPERATE_PROFIT":-5268805.12,"PRETAX_PROFIT":-5285500.8,"NETCASH_OPERATE":18513751.68,"NETCASH_INVEST":404211.2,"NETCASH_FINANCE":-7491088,"END_CASH":107199446.4,"DIVI_RATIO":null,"DIVIDEND_RATE":null,"CURRENT_RATIO":3.508618674769,"COMMON_ACS":3000000000,"CURRENTDEBT_DEBT":100,"ISSUED_COMMON_SHARES":1362488500,"HK_COMMON_SHARES":1362488500,"PER_SHARES":1000,"TOTAL_MARKET_CAP":9591919040,"HKSK_MARKET_CAP":9591919040,"PE_TTM":-116.432218688548,"PB_TTM":29.565085780159,"REPORT_DATE_SQ":"2019-06-30 00:00:00","REPORT_TYPE_SQ":"2019年中报","OPERATE_INCOME_SQ":121962576.12,"DPS_HKD":null,"OPERATE_INCOME_QOQ_SQ":0,"NET_PROFIT_RATIO_SQ":-1.6832825489,"HOLDER_PROFIT_SQ":-2052974.76,"HOLDER_PROFIT_QOQ_SQ":0,"ROE_AVG_SQ":-1.203061569689,"PE_TTM_SQ":-43.683908841012,"PB_TTM_SQ":9.382034215066,"ROA_SQ":-0.766304164843,"START_DATE":"2020-04-01 00:00:00","FISCAL_YEAR":"3-31","CURRENCY":"HKD","IS_CNY_CODE":0,"DPS_HKD_LY":0.01,"ORG_TYPE":"一般企业","PREMIUM_INCOME":null,"PREMIUM_INCOME_YOY":null,"NET_INTEREST_INCOME":null,"NET_INTEREST_INCOME_YOY":null,"FEE_COMMISSION_INCOME":null,"FEE_COMMISSION_INCOME_YOY":null,"ACCOUNTS_RECE_TDAYS":2.475924245529,"INVENTORY_TDAYS":null,"CURRENT_ASSETS_TDAYS":0.330067195804,"TOTAL_ASSETS_TDAYS":0.320601746566,"PREMIUM_EXPENSE":null,"LOAN_DEPOSIT":null,"LOAN_EQUITY":null,"LOAN_ASSETS":null,"DEPOSIT_EQUITY":null,"DEPOSIT_ASSETS":null,"EQUITY_MULTIPLIER":1.392847305114,"EQUITY_RATIO":0.392847305114}],"count":18},"success":true,"message":"ok","code":0}