{"version":"e7132e5f20b0f24c8f24619f85059170","result":{"pages":2,"data":[{"SECUCODE":"01780.HK","SECURITY_CODE":"01780","SECURITY_NAME_ABBR":"荣尊国际控股","ORG_CODE":"10953982","STD_REPORT_DATE":"2024-06-30 00:00:00","REPORT_DATE":"2024-09-30 00:00:00","DATE_TYPE_CODE":"002","REPORT_TYPE":"2024年中报","PER_NETCASH_OPERATE":-0.0170074685,"PER_OI":0.063035121,"BPS":0.2568719725,"BASIC_EPS":-0.015240251,"DILUTED_EPS":null,"OPERATE_INCOME":39081775.02,"OPERATE_INCOME_YOY":-59.8930184349,"GROSS_PROFIT":-3523293.53,"GROSS_PROFIT_YOY":80.022072347678,"HOLDER_PROFIT":-9460678.89,"HOLDER_PROFIT_YOY":58.0124869927,"GROSS_PROFIT_RATIO":-9.015182980294,"EPS_TTM":-0.013633342258,"OPERATE_INCOME_QOQ":0,"NET_PROFIT_RATIO":-24.20739305,"ROE_AVG":-5.769024555885,"GROSS_PROFIT_QOQ":0,"ROA":-4.557044501879,"HOLDER_PROFIT_QOQ":0,"ROE_YEARLY":-11.53804911177,"ROIC_YEARLY":-18.766434717278,"TOTAL_ASSETS":190728585,"TOTAL_LIABILITIES":31467962.05,"TAX_EBT":null,"OCF_SALES":-26.980940514099,"TOTAL_PARENT_EQUITY":159260622.95,"DEBT_ASSET_RATIO":16.4988179669,"OPERATE_PROFIT":-9460678.89,"PRETAX_PROFIT":-9460678.89,"NETCASH_OPERATE":-10544630.47,"NETCASH_INVEST":-57747024.44,"NETCASH_FINANCE":-55009.19,"END_CASH":43429304.61,"DIVI_RATIO":null,"DIVIDEND_RATE":null,"CURRENT_RATIO":5.652729617424,"COMMON_ACS":5000000000,"CURRENTDEBT_DEBT":100,"ISSUED_COMMON_SHARES":620000000,"HK_COMMON_SHARES":620000000,"PER_SHARES":2500,"TOTAL_MARKET_CAP":700600000,"HKSK_MARKET_CAP":700600000,"PE_TTM":135.486366273448,"PB_TTM":3.967045100648,"REPORT_DATE_SQ":"2023-06-30 00:00:00","REPORT_TYPE_SQ":"2023年中报","OPERATE_INCOME_SQ":99155427.28,"DPS_HKD":null,"OPERATE_INCOME_QOQ_SQ":0,"NET_PROFIT_RATIO_SQ":-23.1231953802,"HOLDER_PROFIT_SQ":-22927903.18,"HOLDER_PROFIT_QOQ_SQ":0,"ROE_AVG_SQ":-13.584737422999,"PE_TTM_SQ":-37.93971606406,"PB_TTM_SQ":6.328966249402,"ROA_SQ":-9.442504497151,"START_DATE":"2024-04-01 00:00:00","FISCAL_YEAR":"3-31","CURRENCY":"HKD","IS_CNY_CODE":0,"DPS_HKD_LY":null,"ORG_TYPE":"一般企业","PREMIUM_INCOME":null,"PREMIUM_INCOME_YOY":null,"NET_INTEREST_INCOME":null,"NET_INTEREST_INCOME_YOY":null,"FEE_COMMISSION_INCOME":null,"FEE_COMMISSION_INCOME_YOY":null,"ACCOUNTS_RECE_TDAYS":null,"INVENTORY_TDAYS":null,"CURRENT_ASSETS_TDAYS":0.202041016126,"TOTAL_ASSETS_TDAYS":0.188250114024,"PREMIUM_EXPENSE":null,"LOAN_DEPOSIT":null,"LOAN_EQUITY":null,"LOAN_ASSETS":null,"DEPOSIT_EQUITY":null,"DEPOSIT_ASSETS":null,"EQUITY_MULTIPLIER":1.197587837264,"EQUITY_RATIO":0.197587837264},{"SECUCODE":"01780.HK","SECURITY_CODE":"01780","SECURITY_NAME_ABBR":"荣尊国际控股","ORG_CODE":"10953982","STD_REPORT_DATE":"2023-12-31 00:00:00","REPORT_DATE":"2024-03-31 00:00:00","DATE_TYPE_CODE":"001","REPORT_TYPE":"2023年年报","PER_NETCASH_OPERATE":-0.040671927097,"PER_OI":0.336177983548,"BPS":0.273567546452,"BASIC_EPS":-0.01359825,"DILUTED_EPS":null,"OPERATE_INCOME":208430349.8,"OPERATE_INCOME_YOY":4.1031631757,"GROSS_PROFIT":4008764.1,"GROSS_PROFIT_YOY":-66.869490977716,"HOLDER_PROFIT":-8452672.2,"HOLDER_PROFIT_YOY":-279.0322580645,"GROSS_PROFIT_RATIO":1.923311122323,"EPS_TTM":-0.042493433387,"OPERATE_INCOME_QOQ":0,"NET_PROFIT_RATIO":-4.0553941439,"ROE_AVG":-4.862378623056,"GROSS_PROFIT_QOQ":0,"ROA":-3.606488895078,"HOLDER_PROFIT_QOQ":0,"ROE_YEARLY":-4.862378623056,"ROIC_YEARLY":-8.178983241155,"TOTAL_ASSETS":225667491.5,"TOTAL_LIABILITIES":56055612.7,"TAX_EBT":null,"OCF_SALES":-12.098331564571,"TOTAL_PARENT_EQUITY":169611878.8,"DEBT_ASSET_RATIO":24.8399148355,"OPERATE_PROFIT":-8443606.7,"PRETAX_PROFIT":-8452672.2,"NETCASH_OPERATE":-25216594.8,"NETCASH_INVEST":8109089.75,"NETCASH_FINANCE":-113318.75,"END_CASH":112365965.95,"DIVI_RATIO":null,"DIVIDEND_RATE":null,"CURRENT_RATIO":3.747938027622,"COMMON_ACS":5000000000,"CURRENTDEBT_DEBT":100,"ISSUED_COMMON_SHARES":620000000,"HK_COMMON_SHARES":620000000,"PER_SHARES":2500,"TOTAL_MARKET_CAP":651000000,"HKSK_MARKET_CAP":651000000,"PE_TTM":125.894411139045,"PB_TTM":3.68619235016,"REPORT_DATE_SQ":"2022-12-31 00:00:00","REPORT_TYPE_SQ":"2022年年报","OPERATE_INCOME_SQ":193337800.14,"DPS_HKD":null,"OPERATE_INCOME_QOQ_SQ":0,"NET_PROFIT_RATIO_SQ":2.3581189383,"HOLDER_PROFIT_SQ":4559135.28,"HOLDER_PROFIT_QOQ_SQ":0,"ROE_AVG_SQ":2.687084657613,"PE_TTM_SQ":-48.779634939506,"PB_TTM_SQ":8.13724232066,"ROA_SQ":2.029479673054,"START_DATE":"2023-04-01 00:00:00","FISCAL_YEAR":"3-31","CURRENCY":"HKD","IS_CNY_CODE":0,"DPS_HKD_LY":null,"ORG_TYPE":"一般企业","PREMIUM_INCOME":null,"PREMIUM_INCOME_YOY":null,"NET_INTEREST_INCOME":null,"NET_INTEREST_INCOME_YOY":null,"FEE_COMMISSION_INCOME":null,"FEE_COMMISSION_INCOME_YOY":null,"ACCOUNTS_RECE_TDAYS":null,"INVENTORY_TDAYS":null,"CURRENT_ASSETS_TDAYS":0.970318507358,"TOTAL_ASSETS_TDAYS":0.889306628915,"PREMIUM_EXPENSE":null,"LOAN_DEPOSIT":null,"LOAN_EQUITY":null,"LOAN_ASSETS":null,"DEPOSIT_EQUITY":null,"DEPOSIT_ASSETS":null,"EQUITY_MULTIPLIER":1.330493436525,"EQUITY_RATIO":0.330493436525},{"SECUCODE":"01780.HK","SECURITY_CODE":"01780","SECURITY_NAME_ABBR":"荣尊国际控股","ORG_CODE":"10953982","STD_REPORT_DATE":"2023-06-30 00:00:00","REPORT_DATE":"2023-09-30 00:00:00","DATE_TYPE_CODE":"002","REPORT_TYPE":"2023年中报","PER_NETCASH_OPERATE":-0.037747154065,"PER_OI":0.159928108516,"BPS":0.253730615194,"BASIC_EPS":-0.036980489,"DILUTED_EPS":null,"OPERATE_INCOME":99155427.28,"OPERATE_INCOME_YOY":10.1140312439,"GROSS_PROFIT":-17635930.97,"GROSS_PROFIT_YOY":-252.624314306016,"HOLDER_PROFIT":-22927903.18,"HOLDER_PROFIT_YOY":-383.2879818594,"GROSS_PROFIT_RATIO":-17.786147923299,"EPS_TTM":0.007353444,"OPERATE_INCOME_QOQ":0,"NET_PROFIT_RATIO":-23.1231953802,"ROE_AVG":-13.584737422999,"GROSS_PROFIT_QOQ":0,"ROA":-9.442504497151,"HOLDER_PROFIT_QOQ":0,"ROE_YEARLY":-27.169474845999,"ROIC_YEARLY":-44.791022434949,"TOTAL_ASSETS":239580346.18,"TOTAL_LIABILITIES":82267364.76,"TAX_EBT":null,"OCF_SALES":-23.602576441845,"TOTAL_PARENT_EQUITY":157312981.42,"DEBT_ASSET_RATIO":34.3381108141,"OPERATE_PROFIT":-22922397.4,"PRETAX_PROFIT":-22927903.18,"NETCASH_OPERATE":-23403235.52,"NETCASH_INVEST":12089775.25,"NETCASH_FINANCE":-53222.54,"END_CASH":119803937.54,"DIVI_RATIO":null,"DIVIDEND_RATE":null,"CURRENT_RATIO":2.623432829162,"COMMON_ACS":5000000000,"CURRENTDEBT_DEBT":100,"ISSUED_COMMON_SHARES":620000000,"HK_COMMON_SHARES":620000000,"PER_SHARES":2500,"TOTAL_MARKET_CAP":651000000,"HKSK_MARKET_CAP":651000000,"PE_TTM":125.894411139045,"PB_TTM":3.68619235016,"REPORT_DATE_SQ":"2022-06-30 00:00:00","REPORT_TYPE_SQ":"2022年中报","OPERATE_INCOME_SQ":88753601.64,"DPS_HKD":null,"OPERATE_INCOME_QOQ_SQ":0,"NET_PROFIT_RATIO_SQ":8.987985448,"HOLDER_PROFIT_SQ":7977160.8,"HOLDER_PROFIT_QOQ_SQ":0,"ROE_AVG_SQ":4.508695341015,"PE_TTM_SQ":-48.779634939506,"PB_TTM_SQ":8.13724232066,"ROA_SQ":3.519826961795,"START_DATE":"2023-04-01 00:00:00","FISCAL_YEAR":"3-31","CURRENCY":"HKD","IS_CNY_CODE":0,"DPS_HKD_LY":null,"ORG_TYPE":"一般企业","PREMIUM_INCOME":null,"PREMIUM_INCOME_YOY":null,"NET_INTEREST_INCOME":null,"NET_INTEREST_INCOME_YOY":null,"FEE_COMMISSION_INCOME":null,"FEE_COMMISSION_INCOME_YOY":null,"ACCOUNTS_RECE_TDAYS":null,"INVENTORY_TDAYS":null,"CURRENT_ASSETS_TDAYS":0.452738486291,"TOTAL_ASSETS_TDAYS":0.408356385954,"PREMIUM_EXPENSE":null,"LOAN_DEPOSIT":null,"LOAN_EQUITY":null,"LOAN_ASSETS":null,"DEPOSIT_EQUITY":null,"DEPOSIT_ASSETS":null,"EQUITY_MULTIPLIER":1.522953439809,"EQUITY_RATIO":0.522953439808},{"SECUCODE":"01780.HK","SECURITY_CODE":"01780","SECURITY_NAME_ABBR":"荣尊国际控股","ORG_CODE":"10953982","STD_REPORT_DATE":"2022-12-31 00:00:00","REPORT_DATE":"2023-03-31 00:00:00","DATE_TYPE_CODE":"001","REPORT_TYPE":"2022年年报","PER_NETCASH_OPERATE":0.053837715,"PER_OI":0.311835161516,"BPS":0.277335535806,"BASIC_EPS":0.007353444,"DILUTED_EPS":null,"OPERATE_INCOME":193337800.14,"OPERATE_INCOME_YOY":-19.7218577229,"GROSS_PROFIT":12099917.02,"GROSS_PROFIT_YOY":-34.737912815069,"HOLDER_PROFIT":4559135.28,"HOLDER_PROFIT_YOY":-48.6187845304,"GROSS_PROFIT_RATIO":6.258433173046,"EPS_TTM":0.012804195677,"OPERATE_INCOME_QOQ":0,"NET_PROFIT_RATIO":2.3581189383,"ROE_AVG":2.687084657613,"GROSS_PROFIT_QOQ":0,"ROA":2.029479673054,"HOLDER_PROFIT_QOQ":0,"ROE_YEARLY":2.687084657613,"ROIC_YEARLY":4.703948408308,"TOTAL_ASSETS":234730686.58,"TOTAL_LIABILITIES":62782654.38,"TAX_EBT":null,"OCF_SALES":17.264799369719,"TOTAL_PARENT_EQUITY":171948032.2,"DEBT_ASSET_RATIO":26.7466752195,"OPERATE_PROFIT":4559135.28,"PRETAX_PROFIT":4559135.28,"NETCASH_OPERATE":33379383.3,"NETCASH_INVEST":-18328459.17,"NETCASH_FINANCE":null,"END_CASH":125135482.45,"DIVI_RATIO":null,"DIVIDEND_RATE":null,"CURRENT_RATIO":3.376390864218,"COMMON_ACS":5000000000,"CURRENTDEBT_DEBT":100,"ISSUED_COMMON_SHARES":620000000,"HK_COMMON_SHARES":620000000,"PER_SHARES":2500,"TOTAL_MARKET_CAP":775000000,"HKSK_MARKET_CAP":775000000,"PE_TTM":149.874298975053,"PB_TTM":4.388324226381,"REPORT_DATE_SQ":"2021-12-31 00:00:00","REPORT_TYPE_SQ":"2021年年报","OPERATE_INCOME_SQ":223117772.11,"DPS_HKD":null,"OPERATE_INCOME_QOQ_SQ":0,"NET_PROFIT_RATIO_SQ":3.6843310518,"HOLDER_PROFIT_SQ":8220397.36,"HOLDER_PROFIT_QOQ_SQ":0,"ROE_AVG_SQ":4.917070520377,"PE_TTM_SQ":265.47619047619,"PB_TTM_SQ":8.06491127781,"ROA_SQ":3.829631280864,"START_DATE":"2022-04-01 00:00:00","FISCAL_YEAR":"3-31","CURRENCY":"HKD","IS_CNY_CODE":0,"DPS_HKD_LY":null,"ORG_TYPE":"一般企业","PREMIUM_INCOME":null,"PREMIUM_INCOME_YOY":null,"NET_INTEREST_INCOME":null,"NET_INTEREST_INCOME_YOY":null,"FEE_COMMISSION_INCOME":null,"FEE_COMMISSION_INCOME_YOY":null,"ACCOUNTS_RECE_TDAYS":8.355237770968,"INVENTORY_TDAYS":null,"CURRENT_ASSETS_TDAYS":0.956189684509,"TOTAL_ASSETS_TDAYS":0.860634991768,"PREMIUM_EXPENSE":null,"LOAN_DEPOSIT":null,"LOAN_EQUITY":null,"LOAN_ASSETS":null,"DEPOSIT_EQUITY":null,"DEPOSIT_ASSETS":null,"EQUITY_MULTIPLIER":1.365125750942,"EQUITY_RATIO":0.365125750942},{"SECUCODE":"01780.HK","SECURITY_CODE":"01780","SECURITY_NAME_ABBR":"荣尊国际控股","ORG_CODE":"10953982","STD_REPORT_DATE":"2022-06-30 00:00:00","REPORT_DATE":"2022-09-30 00:00:00","DATE_TYPE_CODE":"002","REPORT_TYPE":"2022年中报","PER_NETCASH_OPERATE":0.031915061806,"PER_OI":0.143150970387,"BPS":0.291801519484,"BASIC_EPS":0.012843048,"DILUTED_EPS":null,"OPERATE_INCOME":88753601.64,"OPERATE_INCOME_YOY":-34.2607169414,"GROSS_PROFIT":11555125.44,"GROSS_PROFIT_YOY":-15.360629011236,"HOLDER_PROFIT":7977160.8,"HOLDER_PROFIT_YOY":-11.0349001412,"GROSS_PROFIT_RATIO":13.019331302035,"EPS_TTM":0.013258705419,"OPERATE_INCOME_QOQ":0,"NET_PROFIT_RATIO":8.987985448,"ROE_AVG":4.508695341015,"GROSS_PROFIT_QOQ":0,"ROA":3.519826961795,"HOLDER_PROFIT_QOQ":0,"ROE_YEARLY":9.01739068203,"ROIC_YEARLY":15.608133217718,"TOTAL_ASSETS":231594524.16,"TOTAL_LIABILITIES":50677582.08,"TAX_EBT":null,"OCF_SALES":22.294687713363,"TOTAL_PARENT_EQUITY":180916942.08,"DEBT_ASSET_RATIO":21.8820294926,"OPERATE_PROFIT":7977160.8,"PRETAX_PROFIT":7977160.8,"NETCASH_OPERATE":19787338.32,"NETCASH_INVEST":-146519.28,"NETCASH_FINANCE":null,"END_CASH":133375957.92,"DIVI_RATIO":null,"DIVIDEND_RATE":null,"CURRENT_RATIO":4.119021273558,"COMMON_ACS":5000000000,"CURRENTDEBT_DEBT":100,"ISSUED_COMMON_SHARES":620000000,"HK_COMMON_SHARES":620000000,"PER_SHARES":2500,"TOTAL_MARKET_CAP":775000000,"HKSK_MARKET_CAP":775000000,"PE_TTM":149.874298975053,"PB_TTM":4.388324226381,"REPORT_DATE_SQ":"2021-06-30 00:00:00","REPORT_TYPE_SQ":"2021年中报","OPERATE_INCOME_SQ":124353365.38,"DPS_HKD":null,"OPERATE_INCOME_QOQ_SQ":0,"NET_PROFIT_RATIO_SQ":6.6415225794,"HOLDER_PROFIT_SQ":8258956.84,"HOLDER_PROFIT_QOQ_SQ":0,"ROE_AVG_SQ":4.386279272463,"PE_TTM_SQ":265.47619047619,"PB_TTM_SQ":8.06491127781,"ROA_SQ":3.400037724849,"START_DATE":"2022-04-01 00:00:00","FISCAL_YEAR":"3-31","CURRENCY":"HKD","IS_CNY_CODE":0,"DPS_HKD_LY":null,"ORG_TYPE":"一般企业","PREMIUM_INCOME":null,"PREMIUM_INCOME_YOY":null,"NET_INTEREST_INCOME":null,"NET_INTEREST_INCOME_YOY":null,"FEE_COMMISSION_INCOME":null,"FEE_COMMISSION_INCOME_YOY":null,"ACCOUNTS_RECE_TDAYS":null,"INVENTORY_TDAYS":null,"CURRENT_ASSETS_TDAYS":0.435561868196,"TOTAL_ASSETS_TDAYS":0.391614670735,"PREMIUM_EXPENSE":null,"LOAN_DEPOSIT":null,"LOAN_EQUITY":null,"LOAN_ASSETS":null,"DEPOSIT_EQUITY":null,"DEPOSIT_ASSETS":null,"EQUITY_MULTIPLIER":1.280115181571,"EQUITY_RATIO":0.280115181571},{"SECUCODE":"01780.HK","SECURITY_CODE":"01780","SECURITY_NAME_ABBR":"荣尊国际控股","ORG_CODE":"10953982","STD_REPORT_DATE":"2021-12-31 00:00:00","REPORT_DATE":"2022-03-31 00:00:00","DATE_TYPE_CODE":"001","REPORT_TYPE":"2021年年报","PER_NETCASH_OPERATE":0.009998968452,"PER_OI":0.359867374371,"BPS":0.250120716323,"BASIC_EPS":0.013219463,"DILUTED_EPS":null,"OPERATE_INCOME":223117772.11,"OPERATE_INCOME_YOY":25.7673283169,"GROSS_PROFIT":18540499.61,"GROSS_PROFIT_YOY":171.651250131759,"HOLDER_PROFIT":8220397.36,"HOLDER_PROFIT_YOY":125.3742552446,"GROSS_PROFIT_RATIO":8.309736797147,"EPS_TTM":-0.054280016387,"OPERATE_INCOME_QOQ":0,"NET_PROFIT_RATIO":3.6843310518,"ROE_AVG":4.917070520377,"GROSS_PROFIT_QOQ":0,"ROA":3.829631280864,"HOLDER_PROFIT_QOQ":0,"ROE_YEARLY":4.917070520377,"ROIC_YEARLY":9.249314468479,"TOTAL_ASSETS":198776117.97,"TOTAL_LIABILITIES":43701273.85,"TAX_EBT":null,"OCF_SALES":2.778514854004,"TOTAL_PARENT_EQUITY":155074844.12,"DEBT_ASSET_RATIO":21.9851732171,"OPERATE_PROFIT":8172547.77,"PRETAX_PROFIT":8220397.36,"NETCASH_OPERATE":6199360.44,"NETCASH_INVEST":-20592354.91,"NETCASH_FINANCE":-32432289.9,"END_CASH":101986129.52,"DIVI_RATIO":null,"DIVIDEND_RATE":null,"CURRENT_RATIO":4.079020135474,"COMMON_ACS":5000000000,"CURRENTDEBT_DEBT":100,"ISSUED_COMMON_SHARES":620000000,"HK_COMMON_SHARES":620000000,"PER_SHARES":2500,"TOTAL_MARKET_CAP":775000000,"HKSK_MARKET_CAP":775000000,"PE_TTM":149.874298975053,"PB_TTM":4.388324226381,"REPORT_DATE_SQ":"2020-12-31 00:00:00","REPORT_TYPE_SQ":"2020年年报","OPERATE_INCOME_SQ":184879744.28,"DPS_HKD":null,"OPERATE_INCOME_QOQ_SQ":0,"NET_PROFIT_RATIO_SQ":-18.2613624935,"HOLDER_PROFIT_SQ":-33761560.28,"HOLDER_PROFIT_QOQ_SQ":0,"ROE_AVG_SQ":-16.572421890234,"PE_TTM_SQ":265.47619047619,"PB_TTM_SQ":8.06491127781,"ROA_SQ":-12.98670476915,"START_DATE":"2021-04-01 00:00:00","FISCAL_YEAR":"3-31","CURRENCY":"HKD","IS_CNY_CODE":0,"DPS_HKD_LY":0.0645,"ORG_TYPE":"一般企业","PREMIUM_INCOME":null,"PREMIUM_INCOME_YOY":null,"NET_INTEREST_INCOME":null,"NET_INTEREST_INCOME_YOY":null,"FEE_COMMISSION_INCOME":null,"FEE_COMMISSION_INCOME_YOY":null,"ACCOUNTS_RECE_TDAYS":null,"INVENTORY_TDAYS":null,"CURRENT_ASSETS_TDAYS":1.09499530337,"TOTAL_ASSETS_TDAYS":1.039437343439,"PREMIUM_EXPENSE":null,"LOAN_DEPOSIT":null,"LOAN_EQUITY":null,"LOAN_ASSETS":null,"DEPOSIT_EQUITY":null,"DEPOSIT_ASSETS":null,"EQUITY_MULTIPLIER":1.281807627136,"EQUITY_RATIO":0.281807627136},{"SECUCODE":"01780.HK","SECURITY_CODE":"01780","SECURITY_NAME_ABBR":"荣尊国际控股","ORG_CODE":"10953982","STD_REPORT_DATE":"2021-06-30 00:00:00","REPORT_DATE":"2021-09-30 00:00:00","DATE_TYPE_CODE":"002","REPORT_TYPE":"2021年中报","PER_NETCASH_OPERATE":-0.017549349452,"PER_OI":0.200569944161,"BPS":0.310355159355,"BASIC_EPS":0.01332896,"DILUTED_EPS":null,"OPERATE_INCOME":124353365.38,"OPERATE_INCOME_YOY":12.7635465375,"GROSS_PROFIT":13652187.28,"GROSS_PROFIT_YOY":12.103670186369,"HOLDER_PROFIT":8258956.84,"HOLDER_PROFIT_YOY":6.8779646399,"GROSS_PROFIT_RATIO":10.978542670141,"EPS_TTM":-0.054454129484,"OPERATE_INCOME_QOQ":0,"NET_PROFIT_RATIO":6.6415225794,"ROE_AVG":4.386279272463,"GROSS_PROFIT_QOQ":0,"ROA":3.400037724849,"HOLDER_PROFIT_QOQ":0,"ROE_YEARLY":8.772558544927,"ROIC_YEARLY":15.955773184677,"TOTAL_ASSETS":249019128.26,"TOTAL_LIABILITIES":56598929.46,"TAX_EBT":null,"OCF_SALES":-8.749740408513,"TOTAL_PARENT_EQUITY":192420198.8,"DEBT_ASSET_RATIO":22.7287477293,"OPERATE_PROFIT":8258956.84,"PRETAX_PROFIT":8258956.84,"NETCASH_OPERATE":-10880596.66,"NETCASH_INVEST":-16064729.04,"NETCASH_FINANCE":null,"END_CASH":125912020.64,"DIVI_RATIO":null,"DIVIDEND_RATE":null,"CURRENT_RATIO":4.098453069575,"COMMON_ACS":5000000000,"CURRENTDEBT_DEBT":100,"ISSUED_COMMON_SHARES":620000000,"HK_COMMON_SHARES":620000000,"PER_SHARES":2500,"TOTAL_MARKET_CAP":775000000,"HKSK_MARKET_CAP":775000000,"PE_TTM":149.874298975053,"PB_TTM":4.388324226381,"REPORT_DATE_SQ":"2020-06-30 00:00:00","REPORT_TYPE_SQ":"2020年中报","OPERATE_INCOME_SQ":116322317.44,"DPS_HKD":null,"OPERATE_INCOME_QOQ_SQ":0,"NET_PROFIT_RATIO_SQ":7.0072595693,"HOLDER_PROFIT_SQ":8151006.72,"HOLDER_PROFIT_QOQ_SQ":0,"ROE_AVG_SQ":3.491812535291,"PE_TTM_SQ":265.47619047619,"PB_TTM_SQ":8.06491127781,"ROA_SQ":2.82029726225,"START_DATE":"2021-04-01 00:00:00","FISCAL_YEAR":"3-31","CURRENCY":"HKD","IS_CNY_CODE":0,"DPS_HKD_LY":0.0645,"ORG_TYPE":"一般企业","PREMIUM_INCOME":null,"PREMIUM_INCOME_YOY":null,"NET_INTEREST_INCOME":null,"NET_INTEREST_INCOME_YOY":null,"FEE_COMMISSION_INCOME":null,"FEE_COMMISSION_INCOME_YOY":null,"ACCOUNTS_RECE_TDAYS":null,"INVENTORY_TDAYS":null,"CURRENT_ASSETS_TDAYS":0.532031941947,"TOTAL_ASSETS_TDAYS":0.511936485073,"PREMIUM_EXPENSE":null,"LOAN_DEPOSIT":null,"LOAN_EQUITY":null,"LOAN_ASSETS":null,"DEPOSIT_EQUITY":null,"DEPOSIT_ASSETS":null,"EQUITY_MULTIPLIER":1.294142349986,"EQUITY_RATIO":0.294142349987},{"SECUCODE":"01780.HK","SECURITY_CODE":"01780","SECURITY_NAME_ABBR":"荣尊国际控股","ORG_CODE":"10953982","STD_REPORT_DATE":"2020-12-31 00:00:00","REPORT_DATE":"2021-03-31 00:00:00","DATE_TYPE_CODE":"001","REPORT_TYPE":"2020年年报","PER_NETCASH_OPERATE":0.008833494194,"PER_OI":0.298193135935,"BPS":0.301355744968,"BASIC_EPS":-0.054429592,"DILUTED_EPS":null,"OPERATE_INCOME":184879744.28,"OPERATE_INCOME_YOY":-50.4934899163,"GROSS_PROFIT":-25876030.88,"GROSS_PROFIT_YOY":-155.365586807431,"HOLDER_PROFIT":-33761560.28,"HOLDER_PROFIT_YOY":-229.4258683256,"GROSS_PROFIT_RATIO":-13.996141643733,"EPS_TTM":0.024640132065,"OPERATE_INCOME_QOQ":0,"NET_PROFIT_RATIO":-18.2613624935,"ROE_AVG":-16.572421890234,"GROSS_PROFIT_QOQ":0,"ROA":-12.98670476915,"HOLDER_PROFIT_QOQ":0,"ROE_YEARLY":-16.572421890234,"ROIC_YEARLY":-28.373358335642,"TOTAL_ASSETS":240241569.82,"TOTAL_LIABILITIES":53401007.94,"TAX_EBT":4.275101845195,"OCF_SALES":2.962339882786,"TOTAL_PARENT_EQUITY":186840561.88,"DEBT_ASSET_RATIO":22.2280465367,"OPERATE_PROFIT":-35265980.68,"PRETAX_PROFIT":-35269361.4,"NETCASH_OPERATE":5476766.4,"NETCASH_INVEST":22774220.28,"NETCASH_FINANCE":-48175.26,"END_CASH":155081233.02,"DIVI_RATIO":null,"DIVIDEND_RATE":null,"CURRENT_RATIO":4.474146526756,"COMMON_ACS":5000000000,"CURRENTDEBT_DEBT":100,"ISSUED_COMMON_SHARES":620000000,"HK_COMMON_SHARES":620000000,"PER_SHARES":2500,"TOTAL_MARKET_CAP":775000000,"HKSK_MARKET_CAP":775000000,"PE_TTM":149.874298975053,"PB_TTM":4.388324226381,"REPORT_DATE_SQ":"2019-12-31 00:00:00","REPORT_TYPE_SQ":"2019年年报","OPERATE_INCOME_SQ":403721086.1,"DPS_HKD":null,"OPERATE_INCOME_QOQ_SQ":0,"NET_PROFIT_RATIO_SQ":6.9851285382,"HOLDER_PROFIT_SQ":28200436.8,"HOLDER_PROFIT_QOQ_SQ":0,"ROE_AVG_SQ":15.140024625105,"PE_TTM_SQ":265.47619047619,"PB_TTM_SQ":8.06491127781,"ROA_SQ":11.697045609155,"START_DATE":"2020-04-01 00:00:00","FISCAL_YEAR":"3-31","CURRENCY":"HKD","IS_CNY_CODE":0,"DPS_HKD_LY":null,"ORG_TYPE":"一般企业","PREMIUM_INCOME":null,"PREMIUM_INCOME_YOY":null,"NET_INTEREST_INCOME":null,"NET_INTEREST_INCOME_YOY":null,"FEE_COMMISSION_INCOME":null,"FEE_COMMISSION_INCOME_YOY":null,"ACCOUNTS_RECE_TDAYS":14.879668049793,"INVENTORY_TDAYS":null,"CURRENT_ASSETS_TDAYS":0.738780879495,"TOTAL_ASSETS_TDAYS":0.711157492974,"PREMIUM_EXPENSE":null,"LOAN_DEPOSIT":null,"LOAN_EQUITY":null,"LOAN_ASSETS":null,"DEPOSIT_EQUITY":null,"DEPOSIT_ASSETS":null,"EQUITY_MULTIPLIER":1.285810572409,"EQUITY_RATIO":0.285810572408},{"SECUCODE":"01780.HK","SECURITY_CODE":"01780","SECURITY_NAME_ABBR":"荣尊国际控股","ORG_CODE":"10953982","STD_REPORT_DATE":"2020-06-30 00:00:00","REPORT_DATE":"2020-09-30 00:00:00","DATE_TYPE_CODE":"002","REPORT_TYPE":"2020年中报","PER_NETCASH_OPERATE":0.055518096516,"PER_OI":0.187616641032,"BPS":0.38307656671,"BASIC_EPS":0.0131808,"DILUTED_EPS":null,"OPERATE_INCOME":116322317.44,"OPERATE_INCOME_YOY":-34.9412452758,"GROSS_PROFIT":12178180.48,"GROSS_PROFIT_YOY":-60.46512721556,"HOLDER_PROFIT":8151006.72,"HOLDER_PROFIT_YOY":-60.2978941962,"GROSS_PROFIT_RATIO":10.469341350839,"EPS_TTM":0.045484575484,"OPERATE_INCOME_QOQ":0,"NET_PROFIT_RATIO":7.0072595693,"ROE_AVG":3.491812535291,"GROSS_PROFIT_QOQ":0,"ROA":2.82029726225,"HOLDER_PROFIT_QOQ":0,"ROE_YEARLY":6.983625070582,"ROIC_YEARLY":12.254239807124,"TOTAL_ASSETS":287226327.68,"TOTAL_LIABILITIES":49718856.32,"TAX_EBT":12.333427842359,"OCF_SALES":29.591243191793,"TOTAL_PARENT_EQUITY":237507471.36,"DEBT_ASSET_RATIO":17.3099926882,"OPERATE_PROFIT":9298615.04,"PRETAX_PROFIT":9297736.32,"NETCASH_OPERATE":34421219.84,"NETCASH_INVEST":13744938.24,"NETCASH_FINANCE":-31633.92,"END_CASH":180047970.56,"DIVI_RATIO":null,"DIVIDEND_RATE":null,"CURRENT_RATIO":5.564987073096,"COMMON_ACS":5000000000,"CURRENTDEBT_DEBT":97.755430268111,"ISSUED_COMMON_SHARES":620000000,"HK_COMMON_SHARES":620000000,"PER_SHARES":2500,"TOTAL_MARKET_CAP":775000000,"HKSK_MARKET_CAP":775000000,"PE_TTM":149.874298975053,"PB_TTM":4.388324226381,"REPORT_DATE_SQ":"2019-06-30 00:00:00","REPORT_TYPE_SQ":"2019年中报","OPERATE_INCOME_SQ":183534680.73,"DPS_HKD":null,"OPERATE_INCOME_QOQ_SQ":0,"NET_PROFIT_RATIO_SQ":11.4826045716,"HOLDER_PROFIT_SQ":21074561.64,"HOLDER_PROFIT_QOQ_SQ":0,"ROE_AVG_SQ":10.861571218045,"PE_TTM_SQ":265.47619047619,"PB_TTM_SQ":8.06491127781,"ROA_SQ":8.483906576807,"START_DATE":"2020-04-01 00:00:00","FISCAL_YEAR":"3-31","CURRENCY":"HKD","IS_CNY_CODE":0,"DPS_HKD_LY":null,"ORG_TYPE":"一般企业","PREMIUM_INCOME":null,"PREMIUM_INCOME_YOY":null,"NET_INTEREST_INCOME":null,"NET_INTEREST_INCOME_YOY":null,"FEE_COMMISSION_INCOME":null,"FEE_COMMISSION_INCOME_YOY":null,"ACCOUNTS_RECE_TDAYS":6.37838488966,"INVENTORY_TDAYS":null,"CURRENT_ASSETS_TDAYS":0.428893108007,"TOTAL_ASSETS_TDAYS":0.402482202118,"PREMIUM_EXPENSE":null,"LOAN_DEPOSIT":null,"LOAN_EQUITY":null,"LOAN_ASSETS":null,"DEPOSIT_EQUITY":null,"DEPOSIT_ASSETS":null,"EQUITY_MULTIPLIER":1.20933596756,"EQUITY_RATIO":0.209335967561}],"count":16},"success":true,"message":"ok","code":0}