{"version":"9720415f9083ff3182b38eeb5f508dd5","result":{"pages":3,"data":[{"SECUCODE":"01789.HK","SECURITY_CODE":"01789","SECURITY_NAME_ABBR":"爱康医疗","ORG_CODE":"10525213","STD_REPORT_DATE":"2024-06-30 00:00:00","REPORT_DATE":"2024-06-30 00:00:00","DATE_TYPE_CODE":"002","REPORT_TYPE":"2024年中报","PER_NETCASH_OPERATE":0.086299837375,"PER_OI":0.58549771552,"BPS":2.217989981694,"BASIC_EPS":0.12,"DILUTED_EPS":0.12,"OPERATE_INCOME":657102000,"OPERATE_INCOME_YOY":1.2973919585,"GROSS_PROFIT":398480000,"GROSS_PROFIT_YOY":-0.768244244394,"HOLDER_PROFIT":139253000,"HOLDER_PROFIT_YOY":5.0379410744,"GROSS_PROFIT_RATIO":60.642031221941,"EPS_TTM":0.168211351098,"OPERATE_INCOME_QOQ":0.769384072214,"NET_PROFIT_RATIO":21.1919915021,"ROE_AVG":5.704779027021,"GROSS_PROFIT_QOQ":-0.457385327494,"ROA":4.509040066289,"HOLDER_PROFIT_QOQ":3.667684400123,"ROE_YEARLY":11.409558054042,"ROIC_YEARLY":10.542431425989,"TOTAL_ASSETS":3173590000,"TOTAL_LIABILITIES":683516000,"TAX_EBT":14.318500652211,"OCF_SALES":14.739568590569,"TOTAL_PARENT_EQUITY":2490074000,"DEBT_ASSET_RATIO":21.5376277339,"OPERATE_PROFIT":152494000,"PRETAX_PROFIT":162524000,"NETCASH_OPERATE":96854000,"NETCASH_INVEST":132673000,"NETCASH_FINANCE":1436000,"END_CASH":561872000,"DIVI_RATIO":0.24243250966,"DIVIDEND_RATE":0.884086444008,"CURRENT_RATIO":3.626790585438,"COMMON_ACS":2000000000,"CURRENTDEBT_DEBT":83.667390375646,"ISSUED_COMMON_SHARES":1122671437,"HK_COMMON_SHARES":1122671437,"PER_SHARES":2000,"TOTAL_MARKET_CAP":5714397614.33,"HKSK_MARKET_CAP":5714397614.33,"PE_TTM":27.246159936613,"PB_TTM":2.094482499173,"REPORT_DATE_SQ":"2023-06-30 00:00:00","REPORT_TYPE_SQ":"2023年中报","OPERATE_INCOME_SQ":648686000,"DPS_HKD":0.045,"OPERATE_INCOME_QOQ_SQ":11.166326219266,"NET_PROFIT_RATIO_SQ":20.437314818,"HOLDER_PROFIT_SQ":132574000,"HOLDER_PROFIT_QOQ_SQ":3.194284374817,"ROE_AVG_SQ":5.778166841767,"PE_TTM_SQ":25.157298355819,"PB_TTM_SQ":2.231958218025,"ROA_SQ":4.513718300316,"START_DATE":"2024-01-01 00:00:00","FISCAL_YEAR":"12-31","CURRENCY":"HKD","IS_CNY_CODE":0,"DPS_HKD_LY":0.045,"ORG_TYPE":"一般企业","PREMIUM_INCOME":null,"PREMIUM_INCOME_YOY":null,"NET_INTEREST_INCOME":null,"NET_INTEREST_INCOME_YOY":null,"FEE_COMMISSION_INCOME":null,"FEE_COMMISSION_INCOME_YOY":null,"ACCOUNTS_RECE_TDAYS":1.152298056917,"INVENTORY_TDAYS":0.432975676069,"CURRENT_ASSETS_TDAYS":0.324582572325,"TOTAL_ASSETS_TDAYS":0.212770945376,"PREMIUM_EXPENSE":null,"LOAN_DEPOSIT":null,"LOAN_EQUITY":null,"LOAN_ASSETS":null,"DEPOSIT_EQUITY":null,"DEPOSIT_ASSETS":null,"EQUITY_MULTIPLIER":1.274496259951,"EQUITY_RATIO":0.274496259951},{"SECUCODE":"01789.HK","SECURITY_CODE":"01789","SECURITY_NAME_ABBR":"爱康医疗","ORG_CODE":"10525213","STD_REPORT_DATE":"2023-12-31 00:00:00","REPORT_DATE":"2023-12-31 00:00:00","DATE_TYPE_CODE":"001","REPORT_TYPE":"2023年年报","PER_NETCASH_OPERATE":0.030247889984,"PER_OI":0.97501156428,"BPS":2.130545875819,"BASIC_EPS":0.16,"DILUTED_EPS":0.16,"OPERATE_INCOME":1093862000,"OPERATE_INCOME_YOY":3.9746323121,"GROSS_PROFIT":674486000,"GROSS_PROFIT_YOY":5.978772380526,"HOLDER_PROFIT":182104000,"HOLDER_PROFIT_YOY":-11.0698728342,"GROSS_PROFIT_RATIO":61.660977344491,"EPS_TTM":0.162318012603,"OPERATE_INCOME_QOQ":-6.469309683785,"NET_PROFIT_RATIO":16.6478038363,"ROE_AVG":7.856652250897,"GROSS_PROFIT_QOQ":-3.571157956438,"ROA":6.30388561451,"HOLDER_PROFIT_QOQ":-13.822623312338,"ROE_YEARLY":7.856652250897,"ROIC_YEARLY":7.555445838269,"TOTAL_ASSETS":3003024000,"TOTAL_LIABILITIES":611121000,"TAX_EBT":21.207007706054,"OCF_SALES":3.102310894793,"TOTAL_PARENT_EQUITY":2391903000,"DEBT_ASSET_RATIO":20.3501870115,"OPERATE_PROFIT":211483000,"PRETAX_PROFIT":231117000,"NETCASH_OPERATE":33935000,"NETCASH_INVEST":-318148000,"NETCASH_FINANCE":-14021000,"END_CASH":331217000,"DIVI_RATIO":0.25123459403,"DIVIDEND_RATE":0.872093023256,"CURRENT_RATIO":3.964116883091,"COMMON_ACS":2000000000,"CURRENTDEBT_DEBT":81.517899073997,"ISSUED_COMMON_SHARES":1122671437,"HK_COMMON_SHARES":1122671437,"PER_SHARES":2000,"TOTAL_MARKET_CAP":5792984614.92,"HKSK_MARKET_CAP":5792984614.92,"PE_TTM":27.620861546743,"PB_TTM":2.123286777158,"REPORT_DATE_SQ":"2022-12-31 00:00:00","REPORT_TYPE_SQ":"2022年年报","OPERATE_INCOME_SQ":1052047000,"DPS_HKD":0.045,"OPERATE_INCOME_QOQ_SQ":24.499804146416,"NET_PROFIT_RATIO_SQ":19.4641494154,"HOLDER_PROFIT_SQ":204772000,"HOLDER_PROFIT_QOQ_SQ":91.073911298976,"ROE_AVG_SQ":9.579277488988,"PE_TTM_SQ":33.061720587979,"PB_TTM_SQ":2.933239409283,"ROA_SQ":7.612658965726,"START_DATE":"2023-01-01 00:00:00","FISCAL_YEAR":"12-31","CURRENCY":"HKD","IS_CNY_CODE":0,"DPS_HKD_LY":0.06,"ORG_TYPE":"一般企业","PREMIUM_INCOME":null,"PREMIUM_INCOME_YOY":null,"NET_INTEREST_INCOME":null,"NET_INTEREST_INCOME_YOY":null,"FEE_COMMISSION_INCOME":null,"FEE_COMMISSION_INCOME_YOY":null,"ACCOUNTS_RECE_TDAYS":2.034087348482,"INVENTORY_TDAYS":0.840564256537,"CURRENT_ASSETS_TDAYS":0.541492653904,"TOTAL_ASSETS_TDAYS":0.378661694749,"PREMIUM_EXPENSE":null,"LOAN_DEPOSIT":null,"LOAN_EQUITY":null,"LOAN_ASSETS":null,"DEPOSIT_EQUITY":null,"DEPOSIT_ASSETS":null,"EQUITY_MULTIPLIER":1.255495728715,"EQUITY_RATIO":0.255495728715},{"SECUCODE":"01789.HK","SECURITY_CODE":"01789","SECURITY_NAME_ABBR":"爱康医疗","ORG_CODE":"10525213","STD_REPORT_DATE":"2023-06-30 00:00:00","REPORT_DATE":"2023-06-30 00:00:00","DATE_TYPE_CODE":"002","REPORT_TYPE":"2023年中报","PER_NETCASH_OPERATE":0.012806252822,"PER_OI":0.578578974661,"BPS":2.088794568664,"BASIC_EPS":0.12,"DILUTED_EPS":0.12,"OPERATE_INCOME":648686000,"OPERATE_INCOME_YOY":22.1145646457,"GROSS_PROFIT":401565000,"GROSS_PROFIT_YOY":18.618458948115,"HOLDER_PROFIT":132574000,"HOLDER_PROFIT_YOY":5.189910579,"GROSS_PROFIT_RATIO":61.904372839864,"EPS_TTM":0.188475254395,"OPERATE_INCOME_QOQ":11.166326219266,"NET_PROFIT_RATIO":20.437314818,"ROE_AVG":5.778166841767,"GROSS_PROFIT_QOQ":9.903603667303,"ROA":4.513718300316,"HOLDER_PROFIT_QOQ":3.194284374817,"ROE_YEARLY":11.556333683535,"ROIC_YEARLY":11.228773318726,"TOTAL_ASSETS":3099778000,"TOTAL_LIABILITIES":754748000,"TAX_EBT":16.08603185052,"OCF_SALES":2.213397545191,"TOTAL_PARENT_EQUITY":2345030000,"DEBT_ASSET_RATIO":24.3484533409,"OPERATE_PROFIT":143710000,"PRETAX_PROFIT":157988000,"NETCASH_OPERATE":14358000,"NETCASH_INVEST":-156372000,"NETCASH_FINANCE":32537000,"END_CASH":525788000,"DIVI_RATIO":0.216367395979,"DIVIDEND_RATE":0.872093023256,"CURRENT_RATIO":3.326149804946,"COMMON_ACS":2000000000,"CURRENTDEBT_DEBT":84.738879732043,"ISSUED_COMMON_SHARES":1122671437,"HK_COMMON_SHARES":1122671437,"PER_SHARES":2000,"TOTAL_MARKET_CAP":5792984614.92,"HKSK_MARKET_CAP":5792984614.92,"PE_TTM":27.620861546743,"PB_TTM":2.123286777158,"REPORT_DATE_SQ":"2022-06-30 00:00:00","REPORT_TYPE_SQ":"2022年中报","OPERATE_INCOME_SQ":531211000,"DPS_HKD":0.045,"OPERATE_INCOME_QOQ_SQ":10.976293632731,"NET_PROFIT_RATIO_SQ":23.7256005617,"HOLDER_PROFIT_SQ":126033000,"HOLDER_PROFIT_QOQ_SQ":15.709519644997,"ROE_AVG_SQ":6.042303749059,"PE_TTM_SQ":33.061720587979,"PB_TTM_SQ":2.933239409283,"ROA_SQ":4.790613767812,"START_DATE":"2023-01-01 00:00:00","FISCAL_YEAR":"12-31","CURRENCY":"HKD","IS_CNY_CODE":0,"DPS_HKD_LY":0.06,"ORG_TYPE":"一般企业","PREMIUM_INCOME":null,"PREMIUM_INCOME_YOY":null,"NET_INTEREST_INCOME":null,"NET_INTEREST_INCOME_YOY":null,"FEE_COMMISSION_INCOME":null,"FEE_COMMISSION_INCOME_YOY":null,"ACCOUNTS_RECE_TDAYS":1.042595116557,"INVENTORY_TDAYS":0.525129039867,"CURRENT_ASSETS_TDAYS":0.309439909785,"TOTAL_ASSETS_TDAYS":0.220856719218,"PREMIUM_EXPENSE":null,"LOAN_DEPOSIT":null,"LOAN_EQUITY":null,"LOAN_ASSETS":null,"DEPOSIT_EQUITY":null,"DEPOSIT_ASSETS":null,"EQUITY_MULTIPLIER":1.321850040299,"EQUITY_RATIO":0.321850040298},{"SECUCODE":"01789.HK","SECURITY_CODE":"01789","SECURITY_NAME_ABBR":"爱康医疗","ORG_CODE":"10525213","STD_REPORT_DATE":"2022-12-31 00:00:00","REPORT_DATE":"2022-12-31 00:00:00","DATE_TYPE_CODE":"001","REPORT_TYPE":"2022年年报","PER_NETCASH_OPERATE":0.217718126821,"PER_OI":0.942905668833,"BPS":1.998590973327,"BASIC_EPS":0.18,"DILUTED_EPS":0.18,"OPERATE_INCOME":1052047000,"OPERATE_INCOME_YOY":38.1652682217,"GROSS_PROFIT":636435000,"GROSS_PROFIT_YOY":27.493794935385,"HOLDER_PROFIT":204772000,"HOLDER_PROFIT_YOY":121.090704931,"GROSS_PROFIT_RATIO":60.494920854296,"EPS_TTM":0.183528568228,"OPERATE_INCOME_QOQ":24.499804146416,"NET_PROFIT_RATIO":19.4641494154,"ROE_AVG":9.579277488988,"GROSS_PROFIT_QOQ":20.220215304,"ROA":7.612658965726,"HOLDER_PROFIT_QOQ":91.073911298976,"ROE_YEARLY":9.579277488988,"ROIC_YEARLY":9.57249550702,"TOTAL_ASSETS":2774492000,"TOTAL_LIABILITIES":530731000,"TAX_EBT":14.781305922011,"OCF_SALES":23.090128102642,"TOTAL_PARENT_EQUITY":2243761000,"DEBT_ASSET_RATIO":19.1289432444,"OPERATE_PROFIT":219983000,"PRETAX_PROFIT":240290000,"NETCASH_OPERATE":242919000,"NETCASH_INVEST":-82294000,"NETCASH_FINANCE":-36796000,"END_CASH":625829000,"DIVI_RATIO":0.222199194348,"DIVIDEND_RATE":0.872093023256,"CURRENT_RATIO":4.732888923517,"COMMON_ACS":2000000000,"CURRENTDEBT_DEBT":82.223197815843,"ISSUED_COMMON_SHARES":1122671437,"HK_COMMON_SHARES":1122671437,"PER_SHARES":2000,"TOTAL_MARKET_CAP":5792984614.92,"HKSK_MARKET_CAP":5792984614.92,"PE_TTM":27.620861546743,"PB_TTM":2.123286777158,"REPORT_DATE_SQ":"2021-12-31 00:00:00","REPORT_TYPE_SQ":"2021年年报","OPERATE_INCOME_SQ":761441000,"DPS_HKD":0.045,"OPERATE_INCOME_QOQ_SQ":-24.162284371141,"NET_PROFIT_RATIO_SQ":12.1636476103,"HOLDER_PROFIT_SQ":92619000,"HOLDER_PROFIT_QOQ_SQ":-64.732559335006,"ROE_AVG_SQ":4.54646865605,"PE_TTM_SQ":33.061720587979,"PB_TTM_SQ":2.933239409283,"ROA_SQ":3.609336365177,"START_DATE":"2022-01-01 00:00:00","FISCAL_YEAR":"12-31","CURRENCY":"HKD","IS_CNY_CODE":0,"DPS_HKD_LY":0.025,"ORG_TYPE":"一般企业","PREMIUM_INCOME":null,"PREMIUM_INCOME_YOY":null,"NET_INTEREST_INCOME":null,"NET_INTEREST_INCOME_YOY":null,"FEE_COMMISSION_INCOME":null,"FEE_COMMISSION_INCOME_YOY":null,"ACCOUNTS_RECE_TDAYS":1.955839416398,"INVENTORY_TDAYS":1.007058413032,"CURRENT_ASSETS_TDAYS":0.52605927203,"TOTAL_ASSETS_TDAYS":0.391111823243,"PREMIUM_EXPENSE":null,"LOAN_DEPOSIT":null,"LOAN_EQUITY":null,"LOAN_ASSETS":null,"DEPOSIT_EQUITY":null,"DEPOSIT_ASSETS":null,"EQUITY_MULTIPLIER":1.236536333415,"EQUITY_RATIO":0.236536333415},{"SECUCODE":"01789.HK","SECURITY_CODE":"01789","SECURITY_NAME_ABBR":"爱康医疗","ORG_CODE":"10525213","STD_REPORT_DATE":"2022-06-30 00:00:00","REPORT_DATE":"2022-06-30 00:00:00","DATE_TYPE_CODE":"002","REPORT_TYPE":"2022年中报","PER_NETCASH_OPERATE":0.192512324101,"PER_OI":0.476123509904,"BPS":1.906288812085,"BASIC_EPS":0.11,"DILUTED_EPS":0.11,"OPERATE_INCOME":531211000,"OPERATE_INCOME_YOY":18.6710988689,"GROSS_PROFIT":338535000,"GROSS_PROFIT_YOY":9.795253832707,"HOLDER_PROFIT":126033000,"HOLDER_PROFIT_YOY":13.0513172412,"GROSS_PROFIT_RATIO":63.728913746139,"EPS_TTM":0.096055391234,"OPERATE_INCOME_QOQ":10.976293632731,"NET_PROFIT_RATIO":23.7256005617,"ROE_AVG":6.042303749059,"GROSS_PROFIT_QOQ":6.05021344621,"ROA":4.790613767812,"HOLDER_PROFIT_QOQ":15.709519644997,"ROE_YEARLY":12.084607498118,"ROIC_YEARLY":11.720960727625,"TOTAL_ASSETS":2656380000,"TOTAL_LIABILITIES":516244000,"TAX_EBT":15.671042595046,"OCF_SALES":40.433274160362,"TOTAL_PARENT_EQUITY":2140136000,"DEBT_ASSET_RATIO":19.4341171067,"OPERATE_PROFIT":134843000,"PRETAX_PROFIT":149454000,"NETCASH_OPERATE":214786000,"NETCASH_INVEST":-207561000,"NETCASH_FINANCE":-8762000,"END_CASH":484943000,"DIVI_RATIO":0.424545665538,"DIVIDEND_RATE":0.872093023256,"CURRENT_RATIO":4.657575591023,"COMMON_ACS":2000000000,"CURRENTDEBT_DEBT":81.060312565376,"ISSUED_COMMON_SHARES":1122671437,"HK_COMMON_SHARES":1122671437,"PER_SHARES":2000,"TOTAL_MARKET_CAP":5792984614.92,"HKSK_MARKET_CAP":5792984614.92,"PE_TTM":27.620861546743,"PB_TTM":2.123286777158,"REPORT_DATE_SQ":"2021-06-30 00:00:00","REPORT_TYPE_SQ":"2021年中报","OPERATE_INCOME_SQ":447633000,"DPS_HKD":0.045,"OPERATE_INCOME_QOQ_SQ":-3.027469948406,"NET_PROFIT_RATIO_SQ":24.9050003016,"HOLDER_PROFIT_SQ":111483000,"HOLDER_PROFIT_QOQ_SQ":-16.365240265344,"ROE_AVG_SQ":5.386293585202,"PE_TTM_SQ":33.061720587979,"PB_TTM_SQ":2.933239409283,"ROA_SQ":4.368649552272,"START_DATE":"2022-01-01 00:00:00","FISCAL_YEAR":"12-31","CURRENCY":"HKD","IS_CNY_CODE":0,"DPS_HKD_LY":0.025,"ORG_TYPE":"一般企业","PREMIUM_INCOME":null,"PREMIUM_INCOME_YOY":null,"NET_INTEREST_INCOME":null,"NET_INTEREST_INCOME_YOY":null,"FEE_COMMISSION_INCOME":null,"FEE_COMMISSION_INCOME_YOY":null,"ACCOUNTS_RECE_TDAYS":1.063929588227,"INVENTORY_TDAYS":0.500334333521,"CURRENT_ASSETS_TDAYS":0.273578817857,"TOTAL_ASSETS_TDAYS":0.201917492261,"PREMIUM_EXPENSE":null,"LOAN_DEPOSIT":null,"LOAN_EQUITY":null,"LOAN_ASSETS":null,"DEPOSIT_EQUITY":null,"DEPOSIT_ASSETS":null,"EQUITY_MULTIPLIER":1.241220184137,"EQUITY_RATIO":0.241220184138},{"SECUCODE":"01789.HK","SECURITY_CODE":"01789","SECURITY_NAME_ABBR":"爱康医疗","ORG_CODE":"10525213","STD_REPORT_DATE":"2021-12-31 00:00:00","REPORT_DATE":"2021-12-31 00:00:00","DATE_TYPE_CODE":"001","REPORT_TYPE":"2021年年报","PER_NETCASH_OPERATE":0.158305099937,"PER_OI":0.682478264767,"BPS":1.809568617359,"BASIC_EPS":0.08,"DILUTED_EPS":0.08,"OPERATE_INCOME":761441000,"OPERATE_INCOME_YOY":-26.4582484214,"GROSS_PROFIT":499189000,"GROSS_PROFIT_YOY":-30.137628545678,"HOLDER_PROFIT":92619000,"HOLDER_PROFIT_YOY":-70.5041607353,"GROSS_PROFIT_RATIO":65.558460865648,"EPS_TTM":0.083014251143,"OPERATE_INCOME_QOQ":-24.162284371141,"NET_PROFIT_RATIO":12.1636476103,"ROE_AVG":4.54646865605,"GROSS_PROFIT_QOQ":-27.289371953937,"ROA":3.609336365177,"HOLDER_PROFIT_QOQ":-64.732559335006,"ROE_YEARLY":4.54646865605,"ROIC_YEARLY":4.69730769143,"TOTAL_ASSETS":2605284000,"TOTAL_LIABILITIES":573733000,"TAX_EBT":14.683259794213,"OCF_SALES":23.195625137076,"TOTAL_PARENT_EQUITY":2031551000,"DEBT_ASSET_RATIO":22.0218985723,"OPERATE_PROFIT":99436000,"PRETAX_PROFIT":108559000,"NETCASH_OPERATE":176621000,"NETCASH_INVEST":-297101000,"NETCASH_FINANCE":-100703000,"END_CASH":475606000,"DIVI_RATIO":0.491239750267,"DIVIDEND_RATE":0.872093023256,"CURRENT_RATIO":3.952253108176,"COMMON_ACS":2000000000,"CURRENTDEBT_DEBT":85.307102781259,"ISSUED_COMMON_SHARES":1122671437,"HK_COMMON_SHARES":1122671437,"PER_SHARES":2000,"TOTAL_MARKET_CAP":5792984614.92,"HKSK_MARKET_CAP":5792984614.92,"PE_TTM":27.620861546743,"PB_TTM":2.123286777158,"REPORT_DATE_SQ":"2020-12-31 00:00:00","REPORT_TYPE_SQ":"2020年年报","OPERATE_INCOME_SQ":1035386000,"DPS_HKD":0.045,"OPERATE_INCOME_QOQ_SQ":6.972303985635,"NET_PROFIT_RATIO_SQ":30.3275300226,"HOLDER_PROFIT_SQ":314007000,"HOLDER_PROFIT_QOQ_SQ":4.561650039293,"ROE_AVG_SQ":19.881498778328,"PE_TTM_SQ":33.061720587979,"PB_TTM_SQ":2.933239409283,"ROA_SQ":15.664587746176,"START_DATE":"2021-01-01 00:00:00","FISCAL_YEAR":"12-31","CURRENCY":"HKD","IS_CNY_CODE":0,"DPS_HKD_LY":0.04,"ORG_TYPE":"一般企业","PREMIUM_INCOME":null,"PREMIUM_INCOME_YOY":null,"NET_INTEREST_INCOME":null,"NET_INTEREST_INCOME_YOY":null,"FEE_COMMISSION_INCOME":null,"FEE_COMMISSION_INCOME_YOY":null,"ACCOUNTS_RECE_TDAYS":1.406249105444,"INVENTORY_TDAYS":0.669198843041,"CURRENT_ASSETS_TDAYS":0.396874068329,"TOTAL_ASSETS_TDAYS":0.296731414854,"PREMIUM_EXPENSE":null,"LOAN_DEPOSIT":null,"LOAN_EQUITY":null,"LOAN_ASSETS":null,"DEPOSIT_EQUITY":null,"DEPOSIT_ASSETS":null,"EQUITY_MULTIPLIER":1.282411320218,"EQUITY_RATIO":0.282411320218},{"SECUCODE":"01789.HK","SECURITY_CODE":"01789","SECURITY_NAME_ABBR":"爱康医疗","ORG_CODE":"10525213","STD_REPORT_DATE":"2021-06-30 00:00:00","REPORT_DATE":"2021-06-30 00:00:00","DATE_TYPE_CODE":"002","REPORT_TYPE":"2021年中报","PER_NETCASH_OPERATE":0.004207978485,"PER_OI":0.401284625728,"BPS":1.867626565438,"BASIC_EPS":0.1,"DILUTED_EPS":0.1,"OPERATE_INCOME":447633000,"OPERATE_INCOME_YOY":-6.5443370169,"GROSS_PROFIT":308333000,"GROSS_PROFIT_YOY":-8.322356782022,"HOLDER_PROFIT":111483000,"HOLDER_PROFIT_YOY":-31.5513504553,"GROSS_PROFIT_RATIO":68.880757227461,"EPS_TTM":0.235427162707,"OPERATE_INCOME_QOQ":-3.027469948406,"NET_PROFIT_RATIO":24.9050003016,"ROE_AVG":5.386293585202,"GROSS_PROFIT_QOQ":-3.91724933243,"ROA":4.368649552272,"HOLDER_PROFIT_QOQ":-16.365240265344,"ROE_YEARLY":10.772587170405,"ROIC_YEARLY":11.583843840521,"TOTAL_ASSETS":2576868000,"TOTAL_LIABILITIES":480137000,"TAX_EBT":15.294198097438,"OCF_SALES":1.048626888545,"TOTAL_PARENT_EQUITY":2096731000,"DEBT_ASSET_RATIO":18.6325803262,"OPERATE_PROFIT":128919000,"PRETAX_PROFIT":131612000,"NETCASH_OPERATE":4694000,"NETCASH_INVEST":-143113000,"NETCASH_FINANCE":-28163000,"END_CASH":541080000,"DIVI_RATIO":0.173216631127,"DIVIDEND_RATE":0.872093023256,"CURRENT_RATIO":4.714947360227,"COMMON_ACS":2000000000,"CURRENTDEBT_DEBT":85.620562464463,"ISSUED_COMMON_SHARES":1122671437,"HK_COMMON_SHARES":1122671437,"PER_SHARES":2000,"TOTAL_MARKET_CAP":5792984614.92,"HKSK_MARKET_CAP":5792984614.92,"PE_TTM":27.620861546743,"PB_TTM":2.123286777158,"REPORT_DATE_SQ":"2020-06-30 00:00:00","REPORT_TYPE_SQ":"2020年中报","OPERATE_INCOME_SQ":478979000,"DPS_HKD":0.045,"OPERATE_INCOME_QOQ_SQ":4.445427617203,"NET_PROFIT_RATIO_SQ":34.0037872224,"HOLDER_PROFIT_SQ":162871000,"HOLDER_PROFIT_QOQ_SQ":12.478276502667,"ROE_AVG_SQ":10.714859004453,"PE_TTM_SQ":33.061720587979,"PB_TTM_SQ":2.933239409283,"ROA_SQ":8.304834029265,"START_DATE":"2021-01-01 00:00:00","FISCAL_YEAR":"12-31","CURRENCY":"HKD","IS_CNY_CODE":0,"DPS_HKD_LY":0.04,"ORG_TYPE":"一般企业","PREMIUM_INCOME":null,"PREMIUM_INCOME_YOY":null,"NET_INTEREST_INCOME":null,"NET_INTEREST_INCOME_YOY":null,"FEE_COMMISSION_INCOME":null,"FEE_COMMISSION_INCOME_YOY":null,"ACCOUNTS_RECE_TDAYS":0.782493779056,"INVENTORY_TDAYS":0.357434732238,"CURRENT_ASSETS_TDAYS":0.233074389559,"TOTAL_ASSETS_TDAYS":0.175412547656,"PREMIUM_EXPENSE":null,"LOAN_DEPOSIT":null,"LOAN_EQUITY":null,"LOAN_ASSETS":null,"DEPOSIT_EQUITY":null,"DEPOSIT_ASSETS":null,"EQUITY_MULTIPLIER":1.228993132643,"EQUITY_RATIO":0.228993132643},{"SECUCODE":"01789.HK","SECURITY_CODE":"01789","SECURITY_NAME_ABBR":"爱康医疗","ORG_CODE":"10525213","STD_REPORT_DATE":"2020-12-31 00:00:00","REPORT_DATE":"2020-12-31 00:00:00","DATE_TYPE_CODE":"001","REPORT_TYPE":"2020年年报","PER_NETCASH_OPERATE":0.184004482295,"PER_OI":0.928181084715,"BPS":1.819567090313,"BASIC_EPS":0.28,"DILUTED_EPS":0.28,"OPERATE_INCOME":1035386000,"OPERATE_INCOME_YOY":11.7276803298,"GROSS_PROFIT":714532000,"GROSS_PROFIT_YOY":11.081366371759,"HOLDER_PROFIT":314007000,"HOLDER_PROFIT_YOY":17.6091418469,"GROSS_PROFIT_RATIO":69.011170713145,"EPS_TTM":0.281494397131,"OPERATE_INCOME_QOQ":6.972303985635,"NET_PROFIT_RATIO":30.3275300226,"ROE_AVG":19.881498778328,"GROSS_PROFIT_QOQ":5.857376721309,"ROA":15.664587746176,"HOLDER_PROFIT_QOQ":4.561650039293,"ROE_YEARLY":19.881498778328,"ROIC_YEARLY":20.798471280204,"TOTAL_ASSETS":2526906000,"TOTAL_LIABILITIES":484130000,"TAX_EBT":16.622102085198,"OCF_SALES":19.824200829449,"TOTAL_PARENT_EQUITY":2042776000,"DEBT_ASSET_RATIO":19.1590031446,"OPERATE_PROFIT":368926000,"PRETAX_PROFIT":376607000,"NETCASH_OPERATE":205257000,"NETCASH_INVEST":-356409000,"NETCASH_FINANCE":611741000,"END_CASH":713091000,"DIVI_RATIO":0.144869313264,"DIVIDEND_RATE":0.872093023256,"CURRENT_RATIO":4.553968284359,"COMMON_ACS":2000000000,"CURRENTDEBT_DEBT":86.306983661413,"ISSUED_COMMON_SHARES":1122671437,"HK_COMMON_SHARES":1122671437,"PER_SHARES":2000,"TOTAL_MARKET_CAP":5792984614.92,"HKSK_MARKET_CAP":5792984614.92,"PE_TTM":27.620861546743,"PB_TTM":2.123286777158,"REPORT_DATE_SQ":"2019-12-31 00:00:00","REPORT_TYPE_SQ":"2019年年报","OPERATE_INCOME_SQ":926705000,"DPS_HKD":0.045,"OPERATE_INCOME_QOQ_SQ":21.401659553173,"NET_PROFIT_RATIO_SQ":28.8108945134,"HOLDER_PROFIT_SQ":266992000,"HOLDER_PROFIT_QOQ_SQ":31.45904214201,"ROE_AVG_SQ":27.275141896282,"PE_TTM_SQ":33.061720587979,"PB_TTM_SQ":2.933239409283,"ROA_SQ":20.737033334809,"START_DATE":"2020-01-01 00:00:00","FISCAL_YEAR":"12-31","CURRENCY":"HKD","IS_CNY_CODE":0,"DPS_HKD_LY":0.075,"ORG_TYPE":"一般企业","PREMIUM_INCOME":null,"PREMIUM_INCOME_YOY":null,"NET_INTEREST_INCOME":null,"NET_INTEREST_INCOME_YOY":null,"FEE_COMMISSION_INCOME":null,"FEE_COMMISSION_INCOME_YOY":null,"ACCOUNTS_RECE_TDAYS":2.279581682078,"INVENTORY_TDAYS":1.087565101408,"CURRENT_ASSETS_TDAYS":0.685486348349,"TOTAL_ASSETS_TDAYS":0.516513798997,"PREMIUM_EXPENSE":null,"LOAN_DEPOSIT":null,"LOAN_EQUITY":null,"LOAN_ASSETS":null,"DEPOSIT_EQUITY":null,"DEPOSIT_ASSETS":null,"EQUITY_MULTIPLIER":1.23699612684,"EQUITY_RATIO":0.236996126839},{"SECUCODE":"01789.HK","SECURITY_CODE":"01789","SECURITY_NAME_ABBR":"爱康医疗","ORG_CODE":"10525213","STD_REPORT_DATE":"2020-06-30 00:00:00","REPORT_DATE":"2020-06-30 00:00:00","DATE_TYPE_CODE":"002","REPORT_TYPE":"2020年中报","PER_NETCASH_OPERATE":0.130949976436,"PER_OI":0.429972844992,"BPS":1.713846043097,"BASIC_EPS":0.15,"DILUTED_EPS":0.15,"OPERATE_INCOME":478979000,"OPERATE_INCOME_YOY":9.4101415541,"GROSS_PROFIT":336323000,"GROSS_PROFIT_YOY":10.422254981466,"HOLDER_PROFIT":162871000,"HOLDER_PROFIT_YOY":25.7157191926,"GROSS_PROFIT_RATIO":70.21664832905,"EPS_TTM":0.269582351489,"OPERATE_INCOME_QOQ":4.445427617203,"NET_PROFIT_RATIO":34.0037872224,"ROE_AVG":10.714859004453,"GROSS_PROFIT_QOQ":4.934932087163,"ROA":8.304834029265,"HOLDER_PROFIT_QOQ":12.478276502667,"ROE_YEARLY":21.429718008905,"ROIC_YEARLY":20.964223505028,"TOTAL_ASSETS":2440092000,"TOTAL_LIABILITIES":516006000,"TAX_EBT":17.270192156285,"OCF_SALES":30.45540618691,"TOTAL_PARENT_EQUITY":1924086000,"DEBT_ASSET_RATIO":21.1469895397,"OPERATE_PROFIT":192356000,"PRETAX_PROFIT":196871000,"NETCASH_OPERATE":145875000,"NETCASH_INVEST":-594329000,"NETCASH_FINANCE":697779000,"END_CASH":538198000,"DIVI_RATIO":0.151270659132,"DIVIDEND_RATE":0.872093023256,"CURRENT_RATIO":3.972317218509,"COMMON_ACS":2000000000,"CURRENTDEBT_DEBT":89.761746956431,"ISSUED_COMMON_SHARES":1122671437,"HK_COMMON_SHARES":1122671437,"PER_SHARES":2000,"TOTAL_MARKET_CAP":5792984614.92,"HKSK_MARKET_CAP":5792984614.92,"PE_TTM":27.620861546743,"PB_TTM":2.123286777158,"REPORT_DATE_SQ":"2019-06-30 00:00:00","REPORT_TYPE_SQ":"2019年中报","OPERATE_INCOME_SQ":437783000,"DPS_HKD":0.045,"OPERATE_INCOME_QOQ_SQ":27.103945970608,"NET_PROFIT_RATIO_SQ":29.5934287078,"HOLDER_PROFIT_SQ":129555000,"HOLDER_PROFIT_QOQ_SQ":40.130126400618,"ROE_AVG_SQ":14.429036493863,"PE_TTM_SQ":33.061720587979,"PB_TTM_SQ":2.933239409283,"ROA_SQ":10.900059441102,"START_DATE":"2020-01-01 00:00:00","FISCAL_YEAR":"12-31","CURRENCY":"HKD","IS_CNY_CODE":0,"DPS_HKD_LY":0.075,"ORG_TYPE":"一般企业","PREMIUM_INCOME":null,"PREMIUM_INCOME_YOY":null,"NET_INTEREST_INCOME":null,"NET_INTEREST_INCOME_YOY":null,"FEE_COMMISSION_INCOME":null,"FEE_COMMISSION_INCOME_YOY":null,"ACCOUNTS_RECE_TDAYS":1.23390475847,"INVENTORY_TDAYS":0.523728318872,"CURRENT_ASSETS_TDAYS":0.32385973892,"TOTAL_ASSETS_TDAYS":0.244232619589,"PREMIUM_EXPENSE":null,"LOAN_DEPOSIT":null,"LOAN_EQUITY":null,"LOAN_ASSETS":null,"DEPOSIT_EQUITY":null,"DEPOSIT_ASSETS":null,"EQUITY_MULTIPLIER":1.268182399331,"EQUITY_RATIO":0.268182399331}],"count":20},"success":true,"message":"ok","code":0}