{"version":"e56a79e153100d9f3eea9744a1ac70d8","result":{"pages":3,"data":[{"SECUCODE":"01785.HK","SECURITY_CODE":"01785","SECURITY_NAME_ABBR":"成都高速","ORG_CODE":"10947320","STD_REPORT_DATE":"2024-09-30 00:00:00","REPORT_DATE":"2024-09-30 00:00:00","DATE_TYPE_CODE":"004","REPORT_TYPE":"2024年三季报","PER_NETCASH_OPERATE":0.45988468645,"PER_OI":1.303032213596,"BPS":2.756684340699,"BASIC_EPS":null,"DILUTED_EPS":null,"OPERATE_INCOME":2157954255,"OPERATE_INCOME_YOY":-2.2391481093,"GROSS_PROFIT":825590120,"GROSS_PROFIT_YOY":0.986275004685,"HOLDER_PROFIT":493149122,"HOLDER_PROFIT_YOY":-4.5735528743,"GROSS_PROFIT_RATIO":38.257999125195,"EPS_TTM":0.359356427322,"OPERATE_INCOME_QOQ":-2.13014147439,"NET_PROFIT_RATIO":24.8881854541,"ROE_AVG":11.06460350462,"GROSS_PROFIT_QOQ":1.348657501659,"ROA":5.36281878051,"HOLDER_PROFIT_QOQ":0.717804298384,"ROE_YEARLY":14.752804672826,"ROIC_YEARLY":7.807301257242,"TOTAL_ASSETS":9136667770,"TOTAL_LIABILITIES":3620523837,"TAX_EBT":15.904975317219,"OCF_SALES":35.293424187993,"TOTAL_PARENT_EQUITY":4565350450,"DEBT_ASSET_RATIO":39.6263049959,"OPERATE_PROFIT":698156721,"PRETAX_PROFIT":638653308,"NETCASH_OPERATE":761615949,"NETCASH_INVEST":-832768759,"NETCASH_FINANCE":-596791269,"END_CASH":1592986963,"DIVI_RATIO":0.465143423887,"DIVIDEND_RATE":8.019565217391,"CURRENT_RATIO":2.810145769742,"COMMON_ACS":null,"CURRENTDEBT_DEBT":27.443971555876,"ISSUED_COMMON_SHARES":1656102000,"HK_COMMON_SHARES":456102000,"PER_SHARES":1000,"TOTAL_MARKET_CAP":3809034600,"HKSK_MARKET_CAP":1049034600,"PE_TTM":5.715135404713,"PB_TTM":0.752395538865,"REPORT_DATE_SQ":"2023-09-30 00:00:00","REPORT_TYPE_SQ":"2023年三季报","OPERATE_INCOME_SQ":2207380780,"DPS_HKD":0.18445,"OPERATE_INCOME_QOQ_SQ":8.250242153812,"NET_PROFIT_RATIO_SQ":24.6868834746,"HOLDER_PROFIT_SQ":516784536,"HOLDER_PROFIT_QOQ_SQ":7.253096329982,"ROE_AVG_SQ":12.496187327694,"PE_TTM_SQ":5.500226951935,"PB_TTM_SQ":0.751553096368,"ROA_SQ":5.619663328351,"START_DATE":"2024-01-01 00:00:00","FISCAL_YEAR":"12-31","CURRENCY":"HKD","IS_CNY_CODE":0,"DPS_HKD_LY":0.18445,"ORG_TYPE":"一般企业","PREMIUM_INCOME":null,"PREMIUM_INCOME_YOY":null,"NET_INTEREST_INCOME":null,"NET_INTEREST_INCOME_YOY":null,"FEE_COMMISSION_INCOME":null,"FEE_COMMISSION_INCOME_YOY":null,"ACCOUNTS_RECE_TDAYS":7.321177285326,"INVENTORY_TDAYS":54.036285831663,"CURRENT_ASSETS_TDAYS":0.78977825943,"TOTAL_ASSETS_TDAYS":0.234669739637,"PREMIUM_EXPENSE":null,"LOAN_DEPOSIT":null,"LOAN_EQUITY":null,"LOAN_ASSETS":null,"DEPOSIT_EQUITY":null,"DEPOSIT_ASSETS":null,"EQUITY_MULTIPLIER":1.656350501542,"EQUITY_RATIO":0.793044011988},{"SECUCODE":"01785.HK","SECURITY_CODE":"01785","SECURITY_NAME_ABBR":"成都高速","ORG_CODE":"10947320","STD_REPORT_DATE":"2024-06-30 00:00:00","REPORT_DATE":"2024-06-30 00:00:00","DATE_TYPE_CODE":"002","REPORT_TYPE":"2024年中报","PER_NETCASH_OPERATE":0.25507372372,"PER_OI":0.851514934467,"BPS":2.63362407388,"BASIC_EPS":0.18,"DILUTED_EPS":0.18,"OPERATE_INCOME":1410195586,"OPERATE_INCOME_YOY":0.8933637365,"GROSS_PROFIT":512939854,"GROSS_PROFIT_YOY":-1.139230860376,"HOLDER_PROFIT":291296096,"HOLDER_PROFIT_YOY":-8.7340875451,"GROSS_PROFIT_RATIO":36.373667531817,"EPS_TTM":0.35679533507,"OPERATE_INCOME_QOQ":-0.710238691463,"NET_PROFIT_RATIO":22.3141775598,"ROE_AVG":6.688623974512,"GROSS_PROFIT_QOQ":0.661232529342,"ROA":3.143386270019,"HOLDER_PROFIT_QOQ":-1.990803458517,"ROE_YEARLY":13.377247949023,"ROIC_YEARLY":9.666875144904,"TOTAL_ASSETS":9279156972,"TOTAL_LIABILITIES":3989332517,"TAX_EBT":17.487492279797,"OCF_SALES":29.955284798346,"TOTAL_PARENT_EQUITY":4361550096,"DEBT_ASSET_RATIO":42.9924025322,"OPERATE_PROFIT":417576007,"PRETAX_PROFIT":381364663,"NETCASH_OPERATE":422428104,"NETCASH_INVEST":-121595769,"NETCASH_FINANCE":-224115665,"END_CASH":2337647712,"DIVI_RATIO":0.468482243377,"DIVIDEND_RATE":8.125550660793,"CURRENT_RATIO":2.152999919871,"COMMON_ACS":null,"CURRENTDEBT_DEBT":32.675282003824,"ISSUED_COMMON_SHARES":1656102000,"HK_COMMON_SHARES":456102000,"PER_SHARES":1000,"TOTAL_MARKET_CAP":3759351540,"HKSK_MARKET_CAP":1035351540,"PE_TTM":5.640590160303,"PB_TTM":0.74258168401,"REPORT_DATE_SQ":"2023-06-30 00:00:00","REPORT_TYPE_SQ":"2023年中报","OPERATE_INCOME_SQ":1397708961,"DPS_HKD":0.18445,"OPERATE_INCOME_QOQ_SQ":1.651284595295,"NET_PROFIT_RATIO_SQ":24.0637217321,"HOLDER_PROFIT_SQ":319172940,"HOLDER_PROFIT_QOQ_SQ":5.171722331884,"ROE_AVG_SQ":7.907204794917,"PE_TTM_SQ":4.871629586,"PB_TTM_SQ":0.665661313926,"ROA_SQ":3.448438202171,"START_DATE":"2024-01-01 00:00:00","FISCAL_YEAR":"12-31","CURRENCY":"HKD","IS_CNY_CODE":0,"DPS_HKD_LY":0.18445,"ORG_TYPE":"一般企业","PREMIUM_INCOME":null,"PREMIUM_INCOME_YOY":null,"NET_INTEREST_INCOME":null,"NET_INTEREST_INCOME_YOY":null,"FEE_COMMISSION_INCOME":null,"FEE_COMMISSION_INCOME_YOY":null,"ACCOUNTS_RECE_TDAYS":5.273427150509,"INVENTORY_TDAYS":39.983679187535,"CURRENT_ASSETS_TDAYS":0.514764296323,"TOTAL_ASSETS_TDAYS":0.152174694544,"PREMIUM_EXPENSE":null,"LOAN_DEPOSIT":null,"LOAN_EQUITY":null,"LOAN_ASSETS":null,"DEPOSIT_EQUITY":null,"DEPOSIT_ASSETS":null,"EQUITY_MULTIPLIER":1.754152155886,"EQUITY_RATIO":0.914659336519},{"SECUCODE":"01785.HK","SECURITY_CODE":"01785","SECURITY_NAME_ABBR":"成都高速","ORG_CODE":"10947320","STD_REPORT_DATE":"2024-03-31 00:00:00","REPORT_DATE":"2024-03-31 00:00:00","DATE_TYPE_CODE":"003","REPORT_TYPE":"2024年一季报","PER_NETCASH_OPERATE":0.105694870847,"PER_OI":0.413431488519,"BPS":2.710529708315,"BASIC_EPS":null,"DILUTED_EPS":null,"OPERATE_INCOME":684684715,"OPERATE_INCOME_YOY":5.1085675771,"GROSS_PROFIT":242467203,"GROSS_PROFIT_YOY":-4.983531183531,"HOLDER_PROFIT":139456654,"HOLDER_PROFIT_YOY":-10.2197508334,"GROSS_PROFIT_RATIO":35.412971501781,"EPS_TTM":0.36404270993,"OPERATE_INCOME_QOQ":1.149865334267,"NET_PROFIT_RATIO":22.291082692,"ROE_AVG":3.155999534935,"GROSS_PROFIT_QOQ":-1.220401046609,"ROA":1.504892331919,"HOLDER_PROFIT_QOQ":-2.565500366154,"ROE_YEARLY":12.62399813974,"ROIC_YEARLY":8.861357723707,"TOTAL_ASSETS":9279024649,"TOTAL_LIABILITIES":3811710853,"TAX_EBT":16.320338880189,"OCF_SALES":25.565268679906,"TOTAL_PARENT_EQUITY":4488913671,"DEBT_ASSET_RATIO":41.0787878811,"OPERATE_PROFIT":204500597,"PRETAX_PROFIT":182390361,"NETCASH_OPERATE":175041487,"NETCASH_INVEST":-624780139,"NETCASH_FINANCE":-60524765,"END_CASH":1750667626,"DIVI_RATIO":0.459155682673,"DIVIDEND_RATE":8.125550660793,"CURRENT_RATIO":2.794375796911,"COMMON_ACS":null,"CURRENTDEBT_DEBT":25.887419850416,"ISSUED_COMMON_SHARES":1656102000,"HK_COMMON_SHARES":456102000,"PER_SHARES":1000,"TOTAL_MARKET_CAP":3759351540,"HKSK_MARKET_CAP":1035351540,"PE_TTM":5.640590160303,"PB_TTM":0.74258168401,"REPORT_DATE_SQ":"2023-03-31 00:00:00","REPORT_TYPE_SQ":"2023年一季报","OPERATE_INCOME_SQ":651407141,"DPS_HKD":0.18445,"OPERATE_INCOME_QOQ_SQ":-0.717559385519,"NET_PROFIT_RATIO_SQ":25.9456761159,"HOLDER_PROFIT_SQ":155331106,"HOLDER_PROFIT_QOQ_SQ":0.24218121064,"ROE_AVG_SQ":3.805282859656,"PE_TTM_SQ":4.871629586,"PB_TTM_SQ":0.665661313926,"ROA_SQ":1.692005546321,"START_DATE":"2024-01-01 00:00:00","FISCAL_YEAR":"12-31","CURRENCY":"HKD","IS_CNY_CODE":0,"DPS_HKD_LY":0.18445,"ORG_TYPE":"一般企业","PREMIUM_INCOME":null,"PREMIUM_INCOME_YOY":null,"NET_INTEREST_INCOME":null,"NET_INTEREST_INCOME_YOY":null,"FEE_COMMISSION_INCOME":null,"FEE_COMMISSION_INCOME_YOY":null,"ACCOUNTS_RECE_TDAYS":2.852932730524,"INVENTORY_TDAYS":18.340898426221,"CURRENT_ASSETS_TDAYS":0.252192165988,"TOTAL_ASSETS_TDAYS":0.073885092452,"PREMIUM_EXPENSE":null,"LOAN_DEPOSIT":null,"LOAN_EQUITY":null,"LOAN_ASSETS":null,"DEPOSIT_EQUITY":null,"DEPOSIT_ASSETS":null,"EQUITY_MULTIPLIER":1.697181649933,"EQUITY_RATIO":0.849138818959},{"SECUCODE":"01785.HK","SECURITY_CODE":"01785","SECURITY_NAME_ABBR":"成都高速","ORG_CODE":"10947320","STD_REPORT_DATE":"2023-12-31 00:00:00","REPORT_DATE":"2023-12-31 00:00:00","DATE_TYPE_CODE":"001","REPORT_TYPE":"2023年年报","PER_NETCASH_OPERATE":0.673019833319,"PER_OI":1.747501652072,"BPS":2.625831572572,"BASIC_EPS":0.37,"DILUTED_EPS":0.37,"OPERATE_INCOME":2894040981,"OPERATE_INCOME_YOY":11.4540303959,"GROSS_PROFIT":1042050401,"GROSS_PROFIT_YOY":19.629139569734,"HOLDER_PROFIT":618766312,"HOLDER_PROFIT_YOY":26.2404692947,"GROSS_PROFIT_RATIO":36.006760368678,"EPS_TTM":0.373628141262,"OPERATE_INCOME_QOQ":2.019122925438,"NET_PROFIT_RATIO":22.880684598,"ROE_AVG":14.779359429072,"GROSS_PROFIT_QOQ":6.422850262443,"ROA":6.732353075721,"HOLDER_PROFIT_QOQ":7.992297586764,"ROE_YEARLY":14.779359429072,"ROIC_YEARLY":10.025703557377,"TOTAL_ASSETS":9254746976,"TOTAL_LIABILITIES":3952422829,"TAX_EBT":17.932366291042,"OCF_SALES":38.513258772682,"TOTAL_PARENT_EQUITY":4348644919,"DEBT_ASSET_RATIO":42.7069787996,"OPERATE_PROFIT":886538030,"PRETAX_PROFIT":806866677,"NETCASH_OPERATE":1114589492,"NETCASH_INVEST":-75227224,"NETCASH_FINANCE":-592502186,"END_CASH":2260931042,"DIVI_RATIO":0.447376041953,"DIVIDEND_RATE":8.125550660793,"CURRENT_RATIO":2.436901216298,"COMMON_ACS":null,"CURRENTDEBT_DEBT":27.747071567175,"ISSUED_COMMON_SHARES":1656102000,"HK_COMMON_SHARES":456102000,"PER_SHARES":1000,"TOTAL_MARKET_CAP":3759351540,"HKSK_MARKET_CAP":1035351540,"PE_TTM":5.640590160303,"PB_TTM":0.74258168401,"REPORT_DATE_SQ":"2022-12-31 00:00:00","REPORT_TYPE_SQ":"2022年年报","OPERATE_INCOME_SQ":2596622994,"DPS_HKD":0.18445,"OPERATE_INCOME_QOQ_SQ":-0.695103642772,"NET_PROFIT_RATIO_SQ":22.2196979436,"HOLDER_PROFIT_SQ":490148932,"HOLDER_PROFIT_QOQ_SQ":-5.319200442482,"ROE_AVG_SQ":13.193980787917,"PE_TTM_SQ":4.871629586,"PB_TTM_SQ":0.665661313926,"ROA_SQ":5.542590432839,"START_DATE":"2023-01-01 00:00:00","FISCAL_YEAR":"12-31","CURRENCY":"HKD","IS_CNY_CODE":0,"DPS_HKD_LY":0.20223,"ORG_TYPE":"一般企业","PREMIUM_INCOME":null,"PREMIUM_INCOME_YOY":null,"NET_INTEREST_INCOME":null,"NET_INTEREST_INCOME_YOY":null,"FEE_COMMISSION_INCOME":null,"FEE_COMMISSION_INCOME_YOY":null,"ACCOUNTS_RECE_TDAYS":13.346964543391,"INVENTORY_TDAYS":97.492802433542,"CURRENT_ASSETS_TDAYS":1.178846256801,"TOTAL_ASSETS_TDAYS":0.3148798718,"PREMIUM_EXPENSE":null,"LOAN_DEPOSIT":null,"LOAN_EQUITY":null,"LOAN_ASSETS":null,"DEPOSIT_EQUITY":null,"DEPOSIT_ASSETS":null,"EQUITY_MULTIPLIER":1.745413279049,"EQUITY_RATIO":0.90888607891},{"SECUCODE":"01785.HK","SECURITY_CODE":"01785","SECURITY_NAME_ABBR":"成都高速","ORG_CODE":"10947320","STD_REPORT_DATE":"2023-09-30 00:00:00","REPORT_DATE":"2023-09-30 00:00:00","DATE_TYPE_CODE":"004","REPORT_TYPE":"2023年三季报","PER_NETCASH_OPERATE":0.548197054288,"PER_OI":1.332877310697,"BPS":2.564054368632,"BASIC_EPS":null,"DILUTED_EPS":null,"OPERATE_INCOME":2207380780,"OPERATE_INCOME_YOY":12.2069592578,"GROSS_PROFIT":817527055,"GROSS_PROFIT_YOY":15.236515204611,"HOLDER_PROFIT":516784536,"HOLDER_PROFIT_YOY":14.7034945685,"GROSS_PROFIT_RATIO":37.036068376024,"EPS_TTM":0.345976657235,"OPERATE_INCOME_QOQ":8.250242153812,"NET_PROFIT_RATIO":24.6868834746,"ROE_AVG":12.496187327694,"GROSS_PROFIT_QOQ":7.065173682881,"ROA":5.619663328351,"HOLDER_PROFIT_QOQ":7.253096329982,"ROE_YEARLY":16.661583103591,"ROIC_YEARLY":7.907328178799,"TOTAL_ASSETS":9264884051,"TOTAL_LIABILITIES":4101051256,"TAX_EBT":16.741284463674,"OCF_SALES":41.128845835108,"TOTAL_PARENT_EQUITY":4246335568,"DEBT_ASSET_RATIO":44.2644638986,"OPERATE_PROFIT":717652357,"PRETAX_PROFIT":654506279,"NETCASH_OPERATE":907870238,"NETCASH_INVEST":-644478350,"NETCASH_FINANCE":-497641825,"END_CASH":1579821023,"DIVI_RATIO":0.483131666558,"DIVIDEND_RATE":8.125550660793,"CURRENT_RATIO":2.040971310855,"COMMON_ACS":null,"CURRENTDEBT_DEBT":29.927937847749,"ISSUED_COMMON_SHARES":1656102000,"HK_COMMON_SHARES":456102000,"PER_SHARES":1000,"TOTAL_MARKET_CAP":3759351540,"HKSK_MARKET_CAP":1035351540,"PE_TTM":5.640590160303,"PB_TTM":0.74258168401,"REPORT_DATE_SQ":"2022-09-30 00:00:00","REPORT_TYPE_SQ":"2022年三季报","OPERATE_INCOME_SQ":1967240530,"DPS_HKD":0.18445,"OPERATE_INCOME_QOQ_SQ":-4.442860330561,"NET_PROFIT_RATIO_SQ":24.9806706148,"HOLDER_PROFIT_SQ":450539487,"HOLDER_PROFIT_QOQ_SQ":-8.585791892469,"ROE_AVG_SQ":11.839565992709,"PE_TTM_SQ":4.871629586,"PB_TTM_SQ":0.665661313926,"ROA_SQ":4.947589152671,"START_DATE":"2023-01-01 00:00:00","FISCAL_YEAR":"12-31","CURRENCY":"HKD","IS_CNY_CODE":0,"DPS_HKD_LY":0.20223,"ORG_TYPE":"一般企业","PREMIUM_INCOME":null,"PREMIUM_INCOME_YOY":null,"NET_INTEREST_INCOME":null,"NET_INTEREST_INCOME_YOY":null,"FEE_COMMISSION_INCOME":null,"FEE_COMMISSION_INCOME_YOY":null,"ACCOUNTS_RECE_TDAYS":10.721793290088,"INVENTORY_TDAYS":63.49521115773,"CURRENT_ASSETS_TDAYS":0.930901778722,"TOTAL_ASSETS_TDAYS":0.240036919779,"PREMIUM_EXPENSE":null,"LOAN_DEPOSIT":null,"LOAN_EQUITY":null,"LOAN_ASSETS":null,"DEPOSIT_EQUITY":null,"DEPOSIT_ASSETS":null,"EQUITY_MULTIPLIER":1.794187460906,"EQUITY_RATIO":0.965785955991},{"SECUCODE":"01785.HK","SECURITY_CODE":"01785","SECURITY_NAME_ABBR":"成都高速","ORG_CODE":"10947320","STD_REPORT_DATE":"2023-06-30 00:00:00","REPORT_DATE":"2023-06-30 00:00:00","DATE_TYPE_CODE":"002","REPORT_TYPE":"2023年中报","PER_NETCASH_OPERATE":0.291660890452,"PER_OI":0.843975166385,"BPS":2.444429905887,"BASIC_EPS":0.19,"DILUTED_EPS":0.19,"OPERATE_INCOME":1397708961,"OPERATE_INCOME_YOY":1.7424771376,"GROSS_PROFIT":518850762,"GROSS_PROFIT_YOY":9.146258316723,"HOLDER_PROFIT":319172940,"HOLDER_PROFIT_YOY":9.4273219098,"GROSS_PROFIT_RATIO":37.121516458533,"EPS_TTM":0.322579644853,"OPERATE_INCOME_QOQ":1.651284595295,"NET_PROFIT_RATIO":24.0637217321,"ROE_AVG":7.907204794917,"GROSS_PROFIT_QOQ":3.324127461582,"ROA":3.448438202171,"HOLDER_PROFIT_QOQ":5.171722331884,"ROE_YEARLY":15.814409589834,"ROIC_YEARLY":10.140819599965,"TOTAL_ASSETS":9384032545,"TOTAL_LIABILITIES":4415322502,"TAX_EBT":17.59358029978,"OCF_SALES":34.557994366325,"TOTAL_PARENT_EQUITY":4048225256,"DEBT_ASSET_RATIO":47.0514406342,"OPERATE_PROFIT":448085959,"PRETAX_PROFIT":408148778,"NETCASH_OPERATE":483020184,"NETCASH_INVEST":490538,"NETCASH_FINANCE":-120202751,"END_CASH":2177378931,"DIVI_RATIO":0.518173671734,"DIVIDEND_RATE":8.125550660793,"CURRENT_RATIO":1.418905929619,"COMMON_ACS":null,"CURRENTDEBT_DEBT":41.102117346535,"ISSUED_COMMON_SHARES":1656102000,"HK_COMMON_SHARES":456102000,"PER_SHARES":1000,"TOTAL_MARKET_CAP":3759351540,"HKSK_MARKET_CAP":1035351540,"PE_TTM":5.640590160303,"PB_TTM":0.74258168401,"REPORT_DATE_SQ":"2022-06-30 00:00:00","REPORT_TYPE_SQ":"2022年中报","OPERATE_INCOME_SQ":1373771310,"DPS_HKD":0.18445,"OPERATE_INCOME_QOQ_SQ":-2.660569149881,"NET_PROFIT_RATIO_SQ":23.5169511583,"HOLDER_PROFIT_SQ":291675730,"HOLDER_PROFIT_QOQ_SQ":-4.542366776449,"ROE_AVG_SQ":7.827304057442,"PE_TTM_SQ":4.871629586,"PB_TTM_SQ":0.665661313926,"ROA_SQ":3.17571572676,"START_DATE":"2023-01-01 00:00:00","FISCAL_YEAR":"12-31","CURRENCY":"HKD","IS_CNY_CODE":0,"DPS_HKD_LY":0.20223,"ORG_TYPE":"一般企业","PREMIUM_INCOME":null,"PREMIUM_INCOME_YOY":null,"NET_INTEREST_INCOME":null,"NET_INTEREST_INCOME_YOY":null,"FEE_COMMISSION_INCOME":null,"FEE_COMMISSION_INCOME_YOY":null,"ACCOUNTS_RECE_TDAYS":5.598015971245,"INVENTORY_TDAYS":45.601469600471,"CURRENT_ASSETS_TDAYS":0.580869928347,"TOTAL_ASSETS_TDAYS":0.151012581976,"PREMIUM_EXPENSE":null,"LOAN_DEPOSIT":null,"LOAN_EQUITY":null,"LOAN_ASSETS":null,"DEPOSIT_EQUITY":null,"DEPOSIT_ASSETS":null,"EQUITY_MULTIPLIER":1.888625511209,"EQUITY_RATIO":1.090681032498},{"SECUCODE":"01785.HK","SECURITY_CODE":"01785","SECURITY_NAME_ABBR":"成都高速","ORG_CODE":"10947320","STD_REPORT_DATE":"2023-03-31 00:00:00","REPORT_DATE":"2023-03-31 00:00:00","DATE_TYPE_CODE":"003","REPORT_TYPE":"2023年一季报","PER_NETCASH_OPERATE":0.149135632346,"PER_OI":0.393337572807,"BPS":2.499382164263,"BASIC_EPS":null,"DILUTED_EPS":null,"OPERATE_INCOME":651407141,"OPERATE_INCOME_YOY":-2.7807783432,"GROSS_PROFIT":255184397,"GROSS_PROFIT_YOY":5.829311732571,"HOLDER_PROFIT":155331106,"HOLDER_PROFIT_YOY":0.7963451569,"GROSS_PROFIT_RATIO":39.174332140151,"EPS_TTM":0.306717088682,"OPERATE_INCOME_QOQ":-0.717559385519,"NET_PROFIT_RATIO":25.9456761159,"ROE_AVG":3.805282859656,"GROSS_PROFIT_QOQ":1.613666114466,"ROA":1.692005546321,"HOLDER_PROFIT_QOQ":0.24218121064,"ROE_YEARLY":15.221131438622,"ROIC_YEARLY":9.915069386166,"TOTAL_ASSETS":9233464147,"TOTAL_LIABILITIES":4153822283,"TAX_EBT":14.422125652443,"OCF_SALES":37.915430067415,"TOTAL_PARENT_EQUITY":4139231801,"DEBT_ASSET_RATIO":44.9866075924,"OPERATE_PROFIT":218279111,"PRETAX_PROFIT":197494958,"NETCASH_OPERATE":246983819,"NETCASH_INVEST":-63265575,"NETCASH_FINANCE":-9286538,"END_CASH":1988502666,"DIVI_RATIO":0.544972175233,"DIVIDEND_RATE":8.125550660793,"CURRENT_RATIO":1.747346762461,"COMMON_ACS":null,"CURRENTDEBT_DEBT":33.558044543814,"ISSUED_COMMON_SHARES":1656102000,"HK_COMMON_SHARES":456102000,"PER_SHARES":1000,"TOTAL_MARKET_CAP":3759351540,"HKSK_MARKET_CAP":1035351540,"PE_TTM":5.640590160303,"PB_TTM":0.74258168401,"REPORT_DATE_SQ":"2022-03-31 00:00:00","REPORT_TYPE_SQ":"2022年一季报","OPERATE_INCOME_SQ":670039453,"DPS_HKD":0.18445,"OPERATE_INCOME_QOQ_SQ":4.025865676816,"NET_PROFIT_RATIO_SQ":24.7380341945,"HOLDER_PROFIT_SQ":154103907,"HOLDER_PROFIT_QOQ_SQ":-0.21654605667,"ROE_AVG_SQ":4.083220522642,"PE_TTM_SQ":4.871629586,"PB_TTM_SQ":0.665661313926,"ROA_SQ":1.688657129025,"START_DATE":"2023-01-01 00:00:00","FISCAL_YEAR":"12-31","CURRENCY":"HKD","IS_CNY_CODE":0,"DPS_HKD_LY":0.20223,"ORG_TYPE":"一般企业","PREMIUM_INCOME":null,"PREMIUM_INCOME_YOY":null,"NET_INTEREST_INCOME":null,"NET_INTEREST_INCOME_YOY":null,"FEE_COMMISSION_INCOME":null,"FEE_COMMISSION_INCOME_YOY":null,"ACCOUNTS_RECE_TDAYS":2.862823065151,"INVENTORY_TDAYS":21.359679235063,"CURRENT_ASSETS_TDAYS":0.278787208205,"TOTAL_ASSETS_TDAYS":0.070957100858,"PREMIUM_EXPENSE":null,"LOAN_DEPOSIT":null,"LOAN_EQUITY":null,"LOAN_ASSETS":null,"DEPOSIT_EQUITY":null,"DEPOSIT_ASSETS":null,"EQUITY_MULTIPLIER":1.81773920174,"EQUITY_RATIO":1.003524925083},{"SECUCODE":"01785.HK","SECURITY_CODE":"01785","SECURITY_NAME_ABBR":"成都高速","ORG_CODE":"10947320","STD_REPORT_DATE":"2022-12-31 00:00:00","REPORT_DATE":"2022-12-31 00:00:00","DATE_TYPE_CODE":"001","REPORT_TYPE":"2022年年报","PER_NETCASH_OPERATE":0.51347663912,"PER_OI":1.567912480028,"BPS":2.405449329208,"BASIC_EPS":0.3,"DILUTED_EPS":0.3,"OPERATE_INCOME":2596622994,"OPERATE_INCOME_YOY":-3.9131524658,"GROSS_PROFIT":871067371,"GROSS_PROFIT_YOY":-14.304657815972,"HOLDER_PROFIT":490148932,"HOLDER_PROFIT_YOY":-17.5587034637,"GROSS_PROFIT_RATIO":33.546162573957,"EPS_TTM":0.305976072126,"OPERATE_INCOME_QOQ":-0.695103642772,"NET_PROFIT_RATIO":22.2196979436,"ROE_AVG":13.193980787917,"GROSS_PROFIT_QOQ":-4.295306139691,"ROA":5.542590432839,"HOLDER_PROFIT_QOQ":-5.319200442482,"ROE_YEARLY":13.193980787917,"ROIC_YEARLY":7.998894360095,"TOTAL_ASSETS":9168751205,"TOTAL_LIABILITIES":4209133009,"TAX_EBT":16.642146884543,"OCF_SALES":32.749062569535,"TOTAL_PARENT_EQUITY":4024739800,"DEBT_ASSET_RATIO":46.1167379603,"OPERATE_PROFIT":755381826,"PRETAX_PROFIT":672261955,"NETCASH_OPERATE":850369689,"NETCASH_INVEST":-265633255,"NETCASH_FINANCE":-570784681,"END_CASH":1814070960,"DIVI_RATIO":0.546291995445,"DIVIDEND_RATE":8.125550660793,"CURRENT_RATIO":1.523206242942,"COMMON_ACS":null,"CURRENTDEBT_DEBT":34.898118872917,"ISSUED_COMMON_SHARES":1656102000,"HK_COMMON_SHARES":456102000,"PER_SHARES":1000,"TOTAL_MARKET_CAP":3759351540,"HKSK_MARKET_CAP":1035351540,"PE_TTM":5.640590160303,"PB_TTM":0.74258168401,"REPORT_DATE_SQ":"2021-12-31 00:00:00","REPORT_TYPE_SQ":"2021年年报","OPERATE_INCOME_SQ":2702370887,"DPS_HKD":0.18445,"OPERATE_INCOME_QOQ_SQ":3.523998869672,"NET_PROFIT_RATIO_SQ":25.3502746901,"HOLDER_PROFIT_SQ":614652615,"HOLDER_PROFIT_QOQ_SQ":2.66073907601,"ROE_AVG_SQ":17.617707222307,"PE_TTM_SQ":4.871629586,"PB_TTM_SQ":0.665661313926,"ROA_SQ":6.745105585188,"START_DATE":"2022-01-01 00:00:00","FISCAL_YEAR":"12-31","CURRENCY":"HKD","IS_CNY_CODE":0,"DPS_HKD_LY":0.16767,"ORG_TYPE":"一般企业","PREMIUM_INCOME":null,"PREMIUM_INCOME_YOY":null,"NET_INTEREST_INCOME":null,"NET_INTEREST_INCOME_YOY":null,"FEE_COMMISSION_INCOME":null,"FEE_COMMISSION_INCOME_YOY":null,"ACCOUNTS_RECE_TDAYS":14.746753173901,"INVENTORY_TDAYS":54.385140819566,"CURRENT_ASSETS_TDAYS":1.174956807744,"TOTAL_ASSETS_TDAYS":0.284018833595,"PREMIUM_EXPENSE":null,"LOAN_DEPOSIT":null,"LOAN_EQUITY":null,"LOAN_ASSETS":null,"DEPOSIT_EQUITY":null,"DEPOSIT_ASSETS":null,"EQUITY_MULTIPLIER":1.855863884527,"EQUITY_RATIO":1.045814939142},{"SECUCODE":"01785.HK","SECURITY_CODE":"01785","SECURITY_NAME_ABBR":"成都高速","ORG_CODE":"10947320","STD_REPORT_DATE":"2022-09-30 00:00:00","REPORT_DATE":"2022-09-30 00:00:00","DATE_TYPE_CODE":"004","REPORT_TYPE":"2022年三季报","PER_NETCASH_OPERATE":0.410827233468,"PER_OI":1.187874013799,"BPS":2.362909663173,"BASIC_EPS":null,"DILUTED_EPS":null,"OPERATE_INCOME":1967240530,"OPERATE_INCOME_YOY":-4.2618154956,"GROSS_PROFIT":709434031,"GROSS_PROFIT_YOY":-13.032094801865,"HOLDER_PROFIT":450539487,"HOLDER_PROFIT_YOY":-14.9919696433,"GROSS_PROFIT_RATIO":36.062394007305,"EPS_TTM":0.323165914901,"OPERATE_INCOME_QOQ":-4.442860330561,"NET_PROFIT_RATIO":24.9806706148,"ROE_AVG":11.839565992709,"GROSS_PROFIT_QOQ":-7.897630350929,"ROA":4.947589152671,"HOLDER_PROFIT_QOQ":-8.585791892469,"ROE_YEARLY":15.786087990278,"ROIC_YEARLY":7.081868908408,"TOTAL_ASSETS":9054747485,"TOTAL_LIABILITIES":4234331821,"TAX_EBT":11.831569747497,"OCF_SALES":34.585084671878,"TOTAL_PARENT_EQUITY":3913219419,"DEBT_ASSET_RATIO":46.7636654475,"OPERATE_PROFIT":628795501,"PRETAX_PROFIT":557376235,"NETCASH_OPERATE":680371803,"NETCASH_INVEST":-804324369,"NETCASH_FINANCE":-511151685,"END_CASH":1165014956,"DIVI_RATIO":0.517233629206,"DIVIDEND_RATE":8.125550660793,"CURRENT_RATIO":1.442339117225,"COMMON_ACS":null,"CURRENTDEBT_DEBT":34.844013114012,"ISSUED_COMMON_SHARES":1656102000,"HK_COMMON_SHARES":456102000,"PER_SHARES":1000,"TOTAL_MARKET_CAP":3759351540,"HKSK_MARKET_CAP":1035351540,"PE_TTM":5.640590160303,"PB_TTM":0.74258168401,"REPORT_DATE_SQ":"2021-09-30 00:00:00","REPORT_TYPE_SQ":"2021年三季报","OPERATE_INCOME_SQ":2054812863,"DPS_HKD":0.18445,"OPERATE_INCOME_QOQ_SQ":0,"NET_PROFIT_RATIO_SQ":28.4148268445,"HOLDER_PROFIT_SQ":529996384,"HOLDER_PROFIT_QOQ_SQ":0,"ROE_AVG_SQ":null,"PE_TTM_SQ":4.871629586,"PB_TTM_SQ":0.665661313926,"ROA_SQ":null,"START_DATE":"2022-01-01 00:00:00","FISCAL_YEAR":"12-31","CURRENCY":"HKD","IS_CNY_CODE":0,"DPS_HKD_LY":0.16767,"ORG_TYPE":"一般企业","PREMIUM_INCOME":null,"PREMIUM_INCOME_YOY":null,"NET_INTEREST_INCOME":null,"NET_INTEREST_INCOME_YOY":null,"FEE_COMMISSION_INCOME":null,"FEE_COMMISSION_INCOME_YOY":null,"ACCOUNTS_RECE_TDAYS":11.503757818748,"INVENTORY_TDAYS":38.878299142238,"CURRENT_ASSETS_TDAYS":0.912758427627,"TOTAL_ASSETS_TDAYS":0.216032072388,"PREMIUM_EXPENSE":null,"LOAN_DEPOSIT":null,"LOAN_EQUITY":null,"LOAN_ASSETS":null,"DEPOSIT_EQUITY":null,"DEPOSIT_ASSETS":null,"EQUITY_MULTIPLIER":1.878416326755,"EQUITY_RATIO":1.082058368729}],"count":26},"success":true,"message":"ok","code":0}