{"version":"6681e8b06107a26a1cd990ac60feddfd","result":{"pages":3,"data":[{"SECUCODE":"01782.HK","SECURITY_CODE":"01782","SECURITY_NAME_ABBR":"国际商业数字技术","ORG_CODE":"10561757","STD_REPORT_DATE":"2024-06-30 00:00:00","REPORT_DATE":"2024-06-30 00:00:00","DATE_TYPE_CODE":"002","REPORT_TYPE":"2024年中报","PER_NETCASH_OPERATE":-0.042799212598,"PER_OI":0.055250656168,"BPS":0.266544619423,"BASIC_EPS":-0.0506,"DILUTED_EPS":-0.0506,"OPERATE_INCOME":42101000,"OPERATE_INCOME_YOY":13.7618893212,"GROSS_PROFIT":17851000,"GROSS_PROFIT_YOY":3.990446230922,"HOLDER_PROFIT":-38545000,"HOLDER_PROFIT_YOY":-82.7903447622,"GROSS_PROFIT_RATIO":42.400418042327,"EPS_TTM":-0.084793963255,"OPERATE_INCOME_QOQ":4.236928580342,"NET_PROFIT_RATIO":-92.7127621672,"ROE_AVG":-17.295378775301,"GROSS_PROFIT_QOQ":1.242179708042,"ROA":-14.332646045554,"HOLDER_PROFIT_QOQ":-37.022585091719,"ROE_YEARLY":-34.590757550603,"ROIC_YEARLY":-46.49844231123,"TOTAL_ASSETS":248006000,"TOTAL_LIABILITIES":45644000,"TAX_EBT":-0.061524263631,"OCF_SALES":-77.463718201468,"TOTAL_PARENT_EQUITY":203107000,"DEBT_ASSET_RATIO":18.4043934421,"OPERATE_PROFIT":-38790000,"PRETAX_PROFIT":-39009000,"NETCASH_OPERATE":-32613000,"NETCASH_INVEST":-2279000,"NETCASH_FINANCE":-3223000,"END_CASH":84964000,"DIVI_RATIO":null,"DIVIDEND_RATE":null,"CURRENT_RATIO":4.984799521245,"COMMON_ACS":20000000000,"CURRENTDEBT_DEBT":91.523529927263,"ISSUED_COMMON_SHARES":762000000,"HK_COMMON_SHARES":762000000,"PER_SHARES":5000,"TOTAL_MARKET_CAP":3032760000,"HKSK_MARKET_CAP":3032760000,"PE_TTM":-42.477913503768,"PB_TTM":13.627986218102,"REPORT_DATE_SQ":"2023-06-30 00:00:00","REPORT_TYPE_SQ":"2023年中报","OPERATE_INCOME_SQ":37008000,"DPS_HKD":null,"OPERATE_INCOME_QOQ_SQ":-8.37164030954,"NET_PROFIT_RATIO_SQ":-56.6688283614,"HOLDER_PROFIT_SQ":-21087000,"HOLDER_PROFIT_QOQ_SQ":-153.558554782463,"ROE_AVG_SQ":-7.551825463193,"PE_TTM_SQ":-94.707577113504,"PB_TTM_SQ":10.720466252554,"ROA_SQ":-6.641783993197,"START_DATE":"2024-01-01 00:00:00","FISCAL_YEAR":"12-31","CURRENCY":"HKD","IS_CNY_CODE":0,"DPS_HKD_LY":null,"ORG_TYPE":"一般企业","PREMIUM_INCOME":null,"PREMIUM_INCOME_YOY":null,"NET_INTEREST_INCOME":null,"NET_INTEREST_INCOME_YOY":null,"FEE_COMMISSION_INCOME":null,"FEE_COMMISSION_INCOME_YOY":null,"ACCOUNTS_RECE_TDAYS":3.503307676305,"INVENTORY_TDAYS":3.396358543417,"CURRENT_ASSETS_TDAYS":0.181247564947,"TOTAL_ASSETS_TDAYS":0.156549158429,"PREMIUM_EXPENSE":null,"LOAN_DEPOSIT":null,"LOAN_EQUITY":null,"LOAN_ASSETS":null,"DEPOSIT_EQUITY":null,"DEPOSIT_ASSETS":null,"EQUITY_MULTIPLIER":1.225556181497,"EQUITY_RATIO":0.224728837509},{"SECUCODE":"01782.HK","SECURITY_CODE":"01782","SECURITY_NAME_ABBR":"国际商业数字技术","ORG_CODE":"10561757","STD_REPORT_DATE":"2023-12-31 00:00:00","REPORT_DATE":"2023-12-31 00:00:00","DATE_TYPE_CODE":"001","REPORT_TYPE":"2023年年报","PER_NETCASH_OPERATE":-0.035132545932,"PER_OI":0.157749343832,"BPS":0.318397637795,"BASIC_EPS":-0.0705,"DILUTED_EPS":-0.0705,"OPERATE_INCOME":120205000,"OPERATE_INCOME_YOY":15.8412597454,"GROSS_PROFIT":55145000,"GROSS_PROFIT_YOY":14.761092150171,"HOLDER_PROFIT":-47155000,"HOLDER_PROFIT_YOY":-295.2971749518,"GROSS_PROFIT_RATIO":45.875795515994,"EPS_TTM":-0.0618832021,"OPERATE_INCOME_QOQ":26.425115692049,"NET_PROFIT_RATIO":-39.3602595566,"ROE_AVG":-17.714357626791,"GROSS_PROFIT_QOQ":33.261641816293,"ROA":-15.230229850346,"HOLDER_PROFIT_QOQ":-55.899758653751,"ROE_YEARLY":-17.714357626791,"ROIC_YEARLY":-28.911799239115,"TOTAL_ASSETS":289857000,"TOTAL_LIABILITIES":47795000,"TAX_EBT":1.336697668599,"OCF_SALES":-22.27112016971,"TOTAL_PARENT_EQUITY":242619000,"DEBT_ASSET_RATIO":16.4891653471,"OPERATE_PROFIT":-47587000,"PRETAX_PROFIT":-47954000,"NETCASH_OPERATE":-26771000,"NETCASH_INVEST":-18418000,"NETCASH_FINANCE":-4546000,"END_CASH":122620000,"DIVI_RATIO":null,"DIVIDEND_RATE":null,"CURRENT_RATIO":5.420936872158,"COMMON_ACS":20000000000,"CURRENTDEBT_DEBT":98.932942776441,"ISSUED_COMMON_SHARES":762000000,"HK_COMMON_SHARES":762000000,"PER_SHARES":5000,"TOTAL_MARKET_CAP":3276600000,"HKSK_MARKET_CAP":3276600000,"PE_TTM":-45.893223132211,"PB_TTM":14.723703702974,"REPORT_DATE_SQ":"2022-12-31 00:00:00","REPORT_TYPE_SQ":"2022年年报","OPERATE_INCOME_SQ":103767000,"DPS_HKD":null,"OPERATE_INCOME_QOQ_SQ":1.19561931325,"NET_PROFIT_RATIO_SQ":-13.6122273941,"HOLDER_PROFIT_SQ":-11929000,"HOLDER_PROFIT_QOQ_SQ":-480.769230769231,"ROE_AVG_SQ":-5.058605014079,"PE_TTM_SQ":-145.526277028066,"PB_TTM_SQ":16.472911558803,"ROA_SQ":-4.340390849849,"START_DATE":"2023-01-01 00:00:00","FISCAL_YEAR":"12-31","CURRENCY":"HKD","IS_CNY_CODE":0,"DPS_HKD_LY":null,"ORG_TYPE":"一般企业","PREMIUM_INCOME":null,"PREMIUM_INCOME_YOY":null,"NET_INTEREST_INCOME":null,"NET_INTEREST_INCOME_YOY":null,"FEE_COMMISSION_INCOME":null,"FEE_COMMISSION_INCOME_YOY":null,"ACCOUNTS_RECE_TDAYS":6.211181728931,"INVENTORY_TDAYS":12.368821292776,"CURRENT_ASSETS_TDAYS":0.422029589995,"TOTAL_ASSETS_TDAYS":0.388240860812,"PREMIUM_EXPENSE":null,"LOAN_DEPOSIT":null,"LOAN_EQUITY":null,"LOAN_ASSETS":null,"DEPOSIT_EQUITY":null,"DEPOSIT_ASSETS":null,"EQUITY_MULTIPLIER":1.197449413787,"EQUITY_RATIO":0.196996113248},{"SECUCODE":"01782.HK","SECURITY_CODE":"01782","SECURITY_NAME_ABBR":"国际商业数字技术","ORG_CODE":"10561757","STD_REPORT_DATE":"2023-06-30 00:00:00","REPORT_DATE":"2023-06-30 00:00:00","DATE_TYPE_CODE":"002","REPORT_TYPE":"2023年中报","PER_NETCASH_OPERATE":-0.022977690289,"PER_OI":0.048566929134,"BPS":0.352607611549,"BASIC_EPS":-0.0277,"DILUTED_EPS":-0.0277,"OPERATE_INCOME":37008000,"OPERATE_INCOME_YOY":-19.010832695,"GROSS_PROFIT":17166000,"GROSS_PROFIT_YOY":-27.985904266477,"HOLDER_PROFIT":-21087000,"HOLDER_PROFIT_YOY":-661.5384615385,"GROSS_PROFIT_RATIO":46.384565499352,"EPS_TTM":-0.039694225722,"OPERATE_INCOME_QOQ":-8.37164030954,"NET_PROFIT_RATIO":-56.6688283614,"ROE_AVG":-7.551825463193,"GROSS_PROFIT_QOQ":-13.882876883376,"ROA":-6.641783993197,"HOLDER_PROFIT_QOQ":-153.558554782463,"ROE_YEARLY":-15.103650926385,"ROIC_YEARLY":-26.184378405059,"TOTAL_ASSETS":305608000,"TOTAL_LIABILITIES":37205000,"TAX_EBT":0.836919003263,"OCF_SALES":-47.311392131431,"TOTAL_PARENT_EQUITY":268687000,"DEBT_ASSET_RATIO":12.1740923012,"OPERATE_PROFIT":-20992000,"PRETAX_PROFIT":-21149000,"NETCASH_OPERATE":-17509000,"NETCASH_INVEST":-13022000,"NETCASH_FINANCE":-942000,"END_CASH":142166000,"DIVI_RATIO":null,"DIVIDEND_RATE":null,"CURRENT_RATIO":7.553792412467,"COMMON_ACS":20000000000,"CURRENTDEBT_DEBT":99.258164225239,"ISSUED_COMMON_SHARES":762000000,"HK_COMMON_SHARES":762000000,"PER_SHARES":5000,"TOTAL_MARKET_CAP":3276600000,"HKSK_MARKET_CAP":3276600000,"PE_TTM":-45.893223132211,"PB_TTM":14.723703702974,"REPORT_DATE_SQ":"2022-06-30 00:00:00","REPORT_TYPE_SQ":"2022年中报","OPERATE_INCOME_SQ":45695000,"DPS_HKD":null,"OPERATE_INCOME_QOQ_SQ":3.451372074253,"NET_PROFIT_RATIO_SQ":-6.8169383959,"HOLDER_PROFIT_SQ":-2769000,"HOLDER_PROFIT_QOQ_SQ":-156.382102662641,"ROE_AVG_SQ":-1.151665006478,"PE_TTM_SQ":-145.526277028066,"PB_TTM_SQ":16.472911558803,"ROA_SQ":-1.003515384337,"START_DATE":"2023-01-01 00:00:00","FISCAL_YEAR":"12-31","CURRENCY":"HKD","IS_CNY_CODE":0,"DPS_HKD_LY":null,"ORG_TYPE":"一般企业","PREMIUM_INCOME":null,"PREMIUM_INCOME_YOY":null,"NET_INTEREST_INCOME":null,"NET_INTEREST_INCOME_YOY":null,"FEE_COMMISSION_INCOME":null,"FEE_COMMISSION_INCOME_YOY":null,"ACCOUNTS_RECE_TDAYS":1.530552740958,"INVENTORY_TDAYS":2.576883116883,"CURRENT_ASSETS_TDAYS":0.124968553565,"TOTAL_ASSETS_TDAYS":0.116564301238,"PREMIUM_EXPENSE":null,"LOAN_DEPOSIT":null,"LOAN_EQUITY":null,"LOAN_ASSETS":null,"DEPOSIT_EQUITY":null,"DEPOSIT_ASSETS":null,"EQUITY_MULTIPLIER":1.138616185362,"EQUITY_RATIO":0.138469669169},{"SECUCODE":"01782.HK","SECURITY_CODE":"01782","SECURITY_NAME_ABBR":"国际商业数字技术","ORG_CODE":"10561757","STD_REPORT_DATE":"2022-12-31 00:00:00","REPORT_DATE":"2022-12-31 00:00:00","DATE_TYPE_CODE":"001","REPORT_TYPE":"2022年年报","PER_NETCASH_OPERATE":-0.021968503937,"PER_OI":0.136177165354,"BPS":0.380280839895,"BASIC_EPS":-0.0185,"DILUTED_EPS":-0.0185,"OPERATE_INCOME":103767000,"OPERATE_INCOME_YOY":4.6882566586,"GROSS_PROFIT":48052000,"GROSS_PROFIT_YOY":-12.331466311507,"HOLDER_PROFIT":-11929000,"HOLDER_PROFIT_YOY":-427.4499039253,"GROSS_PROFIT_RATIO":46.307592972718,"EPS_TTM":-0.015654855643,"OPERATE_INCOME_QOQ":1.19561931325,"NET_PROFIT_RATIO":-13.6122273941,"ROE_AVG":-5.058605014079,"GROSS_PROFIT_QOQ":-12.631138747977,"ROA":-4.340390849849,"HOLDER_PROFIT_QOQ":-480.769230769231,"ROE_YEARLY":-5.058605014079,"ROIC_YEARLY":-7.626043234915,"TOTAL_ASSETS":329372000,"TOTAL_LIABILITIES":39997000,"TAX_EBT":5.914873776061,"OCF_SALES":-16.132296394808,"TOTAL_PARENT_EQUITY":289774000,"DEBT_ASSET_RATIO":12.1434123119,"OPERATE_PROFIT":-14656000,"PRETAX_PROFIT":-15013000,"NETCASH_OPERATE":-16740000,"NETCASH_INVEST":-86000,"NETCASH_FINANCE":117063000,"END_CASH":171366000,"DIVI_RATIO":null,"DIVIDEND_RATE":null,"CURRENT_RATIO":8.219601773394,"COMMON_ACS":20000000000,"CURRENTDEBT_DEBT":95.304647848589,"ISSUED_COMMON_SHARES":762000000,"HK_COMMON_SHARES":762000000,"PER_SHARES":5000,"TOTAL_MARKET_CAP":3276600000,"HKSK_MARKET_CAP":3276600000,"PE_TTM":-45.893223132211,"PB_TTM":14.723703702974,"REPORT_DATE_SQ":"2021-12-31 00:00:00","REPORT_TYPE_SQ":"2021年年报","OPERATE_INCOME_SQ":99120000,"DPS_HKD":null,"OPERATE_INCOME_QOQ_SQ":13.766269540665,"NET_PROFIT_RATIO_SQ":3.5119047619,"HOLDER_PROFIT_SQ":3643000,"HOLDER_PROFIT_QOQ_SQ":102.052135330006,"ROE_AVG_SQ":2.015574643485,"PE_TTM_SQ":-145.526277028066,"PB_TTM_SQ":16.472911558803,"ROA_SQ":1.648778125516,"START_DATE":"2022-01-01 00:00:00","FISCAL_YEAR":"12-31","CURRENCY":"HKD","IS_CNY_CODE":0,"DPS_HKD_LY":null,"ORG_TYPE":"一般企业","PREMIUM_INCOME":null,"PREMIUM_INCOME_YOY":null,"NET_INTEREST_INCOME":null,"NET_INTEREST_INCOME_YOY":null,"FEE_COMMISSION_INCOME":null,"FEE_COMMISSION_INCOME_YOY":null,"ACCOUNTS_RECE_TDAYS":4.0333106598,"INVENTORY_TDAYS":14.07833228048,"CURRENT_ASSETS_TDAYS":0.404336110943,"TOTAL_ASSETS_TDAYS":0.377558334576,"PREMIUM_EXPENSE":null,"LOAN_DEPOSIT":null,"LOAN_EQUITY":null,"LOAN_ASSETS":null,"DEPOSIT_EQUITY":null,"DEPOSIT_ASSETS":null,"EQUITY_MULTIPLIER":1.138218574514,"EQUITY_RATIO":0.138028256503},{"SECUCODE":"01782.HK","SECURITY_CODE":"01782","SECURITY_NAME_ABBR":"国际商业数字技术","ORG_CODE":"10561757","STD_REPORT_DATE":"2022-06-30 00:00:00","REPORT_DATE":"2022-06-30 00:00:00","DATE_TYPE_CODE":"002","REPORT_TYPE":"2022年中报","PER_NETCASH_OPERATE":-0.019860892388,"PER_OI":0.059967191601,"BPS":0.392402887139,"BASIC_EPS":-0.0053,"DILUTED_EPS":-0.0053,"OPERATE_INCOME":45695000,"OPERATE_INCOME_YOY":8.0924445286,"GROSS_PROFIT":23837000,"GROSS_PROFIT_YOY":0.794959617743,"HOLDER_PROFIT":-2769000,"HOLDER_PROFIT_YOY":-194.5696721311,"GROSS_PROFIT_RATIO":52.165444797024,"EPS_TTM":-0.002695538058,"OPERATE_INCOME_QOQ":3.451372074253,"NET_PROFIT_RATIO":-6.8169383959,"ROE_AVG":-1.151665006478,"GROSS_PROFIT_QOQ":0.342996843699,"ROA":-1.003515384337,"HOLDER_PROFIT_QOQ":-156.382102662641,"ROE_YEARLY":-2.303330012956,"ROIC_YEARLY":-3.495516989993,"TOTAL_ASSETS":331558000,"TOTAL_LIABILITIES":31096000,"TAX_EBT":10.668196157155,"OCF_SALES":-33.119597330124,"TOTAL_PARENT_EQUITY":299011000,"DEBT_ASSET_RATIO":9.378751229,"OPERATE_PROFIT":-3299000,"PRETAX_PROFIT":-3487000,"NETCASH_OPERATE":-15134000,"NETCASH_INVEST":-373000,"NETCASH_FINANCE":118572000,"END_CASH":167688000,"DIVI_RATIO":null,"DIVIDEND_RATE":null,"CURRENT_RATIO":10.499716108346,"COMMON_ACS":20000000000,"CURRENTDEBT_DEBT":96.285695909442,"ISSUED_COMMON_SHARES":762000000,"HK_COMMON_SHARES":762000000,"PER_SHARES":5000,"TOTAL_MARKET_CAP":3276600000,"HKSK_MARKET_CAP":3276600000,"PE_TTM":-45.893223132211,"PB_TTM":14.723703702974,"REPORT_DATE_SQ":"2021-06-30 00:00:00","REPORT_TYPE_SQ":"2021年中报","OPERATE_INCOME_SQ":42274000,"DPS_HKD":null,"OPERATE_INCOME_QOQ_SQ":7.564290917172,"NET_PROFIT_RATIO_SQ":7.1391398969,"HOLDER_PROFIT_SQ":2928000,"HOLDER_PROFIT_QOQ_SQ":64.058234758872,"ROE_AVG_SQ":1.63958293669,"PE_TTM_SQ":-145.526277028066,"PB_TTM_SQ":16.472911558803,"ROA_SQ":1.34721653469,"START_DATE":"2022-01-01 00:00:00","FISCAL_YEAR":"12-31","CURRENCY":"HKD","IS_CNY_CODE":0,"DPS_HKD_LY":null,"ORG_TYPE":"一般企业","PREMIUM_INCOME":null,"PREMIUM_INCOME_YOY":null,"NET_INTEREST_INCOME":null,"NET_INTEREST_INCOME_YOY":null,"FEE_COMMISSION_INCOME":null,"FEE_COMMISSION_INCOME_YOY":null,"ACCOUNTS_RECE_TDAYS":1.640783497011,"INVENTORY_TDAYS":3.372627680913,"CURRENT_ASSETS_TDAYS":0.177690931716,"TOTAL_ASSETS_TDAYS":0.165603595115,"PREMIUM_EXPENSE":null,"LOAN_DEPOSIT":null,"LOAN_EQUITY":null,"LOAN_ASSETS":null,"DEPOSIT_EQUITY":null,"DEPOSIT_ASSETS":null,"EQUITY_MULTIPLIER":1.103493952646,"EQUITY_RATIO":0.103996174054},{"SECUCODE":"01782.HK","SECURITY_CODE":"01782","SECURITY_NAME_ABBR":"国际商业数字技术","ORG_CODE":"10561757","STD_REPORT_DATE":"2021-12-31 00:00:00","REPORT_DATE":"2021-12-31 00:00:00","DATE_TYPE_CODE":"001","REPORT_TYPE":"2021年年报","PER_NETCASH_OPERATE":-0.023094488189,"PER_OI":0.195118110236,"BPS":0.238658792651,"BASIC_EPS":0.0073,"DILUTED_EPS":0.0073,"OPERATE_INCOME":99120000,"OPERATE_INCOME_YOY":22.3718811343,"GROSS_PROFIT":54811000,"GROSS_PROFIT_YOY":25.742142693278,"HOLDER_PROFIT":3643000,"HOLDER_PROFIT_YOY":229.981884058,"GROSS_PROFIT_RATIO":55.297619047619,"EPS_TTM":0.007171259843,"OPERATE_INCOME_QOQ":13.766269540665,"NET_PROFIT_RATIO":3.5119047619,"ROE_AVG":2.015574643485,"GROSS_PROFIT_QOQ":17.776870514418,"ROA":1.648778125516,"HOLDER_PROFIT_QOQ":102.052135330006,"ROE_YEARLY":2.015574643485,"ROIC_YEARLY":2.520365982324,"TOTAL_ASSETS":220302000,"TOTAL_LIABILITIES":36647000,"TAX_EBT":-16.655495978552,"OCF_SALES":-11.83615819209,"TOTAL_PARENT_EQUITY":181858000,"DEBT_ASSET_RATIO":16.6348921027,"OPERATE_PROFIT":3458000,"PRETAX_PROFIT":2984000,"NETCASH_OPERATE":-11732000,"NETCASH_INVEST":-4829000,"NETCASH_FINANCE":-5136000,"END_CASH":64061000,"DIVI_RATIO":null,"DIVIDEND_RATE":null,"CURRENT_RATIO":5.81277981278,"COMMON_ACS":20000000000,"CURRENTDEBT_DEBT":93.863072011352,"ISSUED_COMMON_SHARES":762000000,"HK_COMMON_SHARES":762000000,"PER_SHARES":5000,"TOTAL_MARKET_CAP":3276600000,"HKSK_MARKET_CAP":3276600000,"PE_TTM":-45.893223132211,"PB_TTM":14.723703702974,"REPORT_DATE_SQ":"2020-12-31 00:00:00","REPORT_TYPE_SQ":"2020年年报","OPERATE_INCOME_SQ":80999000,"DPS_HKD":null,"OPERATE_INCOME_QOQ_SQ":-8.901860224487,"NET_PROFIT_RATIO_SQ":1.3568068742,"HOLDER_PROFIT_SQ":1104000,"HOLDER_PROFIT_QOQ_SQ":-87.004848054866,"ROE_AVG_SQ":0.613618534741,"PE_TTM_SQ":-145.526277028066,"PB_TTM_SQ":16.472911558803,"ROA_SQ":0.508496142323,"START_DATE":"2021-01-01 00:00:00","FISCAL_YEAR":"12-31","CURRENCY":"HKD","IS_CNY_CODE":0,"DPS_HKD_LY":null,"ORG_TYPE":"一般企业","PREMIUM_INCOME":null,"PREMIUM_INCOME_YOY":null,"NET_INTEREST_INCOME":null,"NET_INTEREST_INCOME_YOY":null,"FEE_COMMISSION_INCOME":null,"FEE_COMMISSION_INCOME_YOY":null,"ACCOUNTS_RECE_TDAYS":4.749970049119,"INVENTORY_TDAYS":18.707620857083,"CURRENT_ASSETS_TDAYS":0.490971367434,"TOTAL_ASSETS_TDAYS":0.448605236896,"PREMIUM_EXPENSE":null,"LOAN_DEPOSIT":null,"LOAN_EQUITY":null,"LOAN_ASSETS":null,"DEPOSIT_EQUITY":null,"DEPOSIT_ASSETS":null,"EQUITY_MULTIPLIER":1.199542620675,"EQUITY_RATIO":0.201514368353},{"SECUCODE":"01782.HK","SECURITY_CODE":"01782","SECURITY_NAME_ABBR":"国际商业数字技术","ORG_CODE":"10561757","STD_REPORT_DATE":"2021-06-30 00:00:00","REPORT_DATE":"2021-06-30 00:00:00","DATE_TYPE_CODE":"002","REPORT_TYPE":"2021年中报","PER_NETCASH_OPERATE":-0.036068897638,"PER_OI":0.083216535433,"BPS":0.232988188976,"BASIC_EPS":0.0058,"DILUTED_EPS":0.0058,"OPERATE_INCOME":42274000,"OPERATE_INCOME_YOY":16.9502310012,"GROSS_PROFIT":23649000,"GROSS_PROFIT_YOY":14.240857929569,"HOLDER_PROFIT":2928000,"HOLDER_PROFIT_YOY":31.654676259,"GROSS_PROFIT_RATIO":55.942186686852,"EPS_TTM":0.003549212598,"OPERATE_INCOME_QOQ":7.564290917172,"NET_PROFIT_RATIO":7.1391398969,"ROE_AVG":1.63958293669,"GROSS_PROFIT_QOQ":6.763019041064,"ROA":1.34721653469,"HOLDER_PROFIT_QOQ":64.058234758872,"ROE_YEARLY":3.27916587338,"ROIC_YEARLY":4.111146993162,"TOTAL_ASSETS":213073000,"TOTAL_LIABILITIES":34398000,"TAX_EBT":1.789781972014,"OCF_SALES":-43.343426219426,"TOTAL_PARENT_EQUITY":177537000,"DEBT_ASSET_RATIO":16.1437629357,"OPERATE_PROFIT":3245000,"PRETAX_PROFIT":3073000,"NETCASH_OPERATE":-17573000,"NETCASH_INVEST":-2125000,"NETCASH_FINANCE":-4440000,"END_CASH":61692000,"DIVI_RATIO":null,"DIVIDEND_RATE":null,"CURRENT_RATIO":6.086386377055,"COMMON_ACS":20000000000,"CURRENTDEBT_DEBT":93.554857840572,"ISSUED_COMMON_SHARES":762000000,"HK_COMMON_SHARES":762000000,"PER_SHARES":5000,"TOTAL_MARKET_CAP":3276600000,"HKSK_MARKET_CAP":3276600000,"PE_TTM":-45.893223132211,"PB_TTM":14.723703702974,"REPORT_DATE_SQ":"2020-06-30 00:00:00","REPORT_TYPE_SQ":"2020年中报","OPERATE_INCOME_SQ":36147000,"DPS_HKD":null,"OPERATE_INCOME_QOQ_SQ":-4.544429772295,"NET_PROFIT_RATIO_SQ":5.2590809749,"HOLDER_PROFIT_SQ":2224000,"HOLDER_PROFIT_QOQ_SQ":-33.986417922098,"ROE_AVG_SQ":1.058634189262,"PE_TTM_SQ":-145.526277028066,"PB_TTM_SQ":16.472911558803,"ROA_SQ":0.88408119037,"START_DATE":"2021-01-01 00:00:00","FISCAL_YEAR":"12-31","CURRENCY":"HKD","IS_CNY_CODE":0,"DPS_HKD_LY":null,"ORG_TYPE":"一般企业","PREMIUM_INCOME":null,"PREMIUM_INCOME_YOY":null,"NET_INTEREST_INCOME":null,"NET_INTEREST_INCOME_YOY":null,"FEE_COMMISSION_INCOME":null,"FEE_COMMISSION_INCOME_YOY":null,"ACCOUNTS_RECE_TDAYS":2.396824946846,"INVENTORY_TDAYS":5.083242358079,"CURRENT_ASSETS_TDAYS":0.211534468049,"TOTAL_ASSETS_TDAYS":0.194508988345,"PREMIUM_EXPENSE":null,"LOAN_DEPOSIT":null,"LOAN_EQUITY":null,"LOAN_ASSETS":null,"DEPOSIT_EQUITY":null,"DEPOSIT_ASSETS":null,"EQUITY_MULTIPLIER":1.192517140059,"EQUITY_RATIO":0.19375116173},{"SECUCODE":"01782.HK","SECURITY_CODE":"01782","SECURITY_NAME_ABBR":"国际商业数字技术","ORG_CODE":"10561757","STD_REPORT_DATE":"2020-12-31 00:00:00","REPORT_DATE":"2020-12-31 00:00:00","DATE_TYPE_CODE":"001","REPORT_TYPE":"2020年年报","PER_NETCASH_OPERATE":0.018236220472,"PER_OI":0.159446850394,"BPS":0.235730971129,"BASIC_EPS":0.0022,"DILUTED_EPS":null,"OPERATE_INCOME":80999000,"OPERATE_INCOME_YOY":-13.0417512105,"GROSS_PROFIT":43590000,"GROSS_PROFIT_YOY":-17.867842405743,"HOLDER_PROFIT":1104000,"HOLDER_PROFIT_YOY":-91.4214347046,"GROSS_PROFIT_RATIO":53.815479203447,"EPS_TTM":0.002163385827,"OPERATE_INCOME_QOQ":-8.901860224487,"NET_PROFIT_RATIO":1.3568068742,"ROE_AVG":0.613618534741,"GROSS_PROFIT_QOQ":-12.07793779499,"ROA":0.508496142323,"HOLDER_PROFIT_QOQ":-87.004848054866,"ROE_YEARLY":0.613618534741,"ROIC_YEARLY":0.831247021806,"TOTAL_ASSETS":221601000,"TOTAL_LIABILITIES":40926000,"TAX_EBT":1.080108010801,"OCF_SALES":11.437178236768,"TOTAL_PARENT_EQUITY":179627000,"DEBT_ASSET_RATIO":18.4683282115,"OPERATE_PROFIT":1402000,"PRETAX_PROFIT":1111000,"NETCASH_OPERATE":9264000,"NETCASH_INVEST":-5292000,"NETCASH_FINANCE":1998000,"END_CASH":85912000,"DIVI_RATIO":null,"DIVIDEND_RATE":null,"CURRENT_RATIO":5.351932570108,"COMMON_ACS":20000000000,"CURRENTDEBT_DEBT":93.055759175097,"ISSUED_COMMON_SHARES":762000000,"HK_COMMON_SHARES":762000000,"PER_SHARES":5000,"TOTAL_MARKET_CAP":3276600000,"HKSK_MARKET_CAP":3276600000,"PE_TTM":-45.893223132211,"PB_TTM":14.723703702974,"REPORT_DATE_SQ":"2019-12-31 00:00:00","REPORT_TYPE_SQ":"2019年年报","OPERATE_INCOME_SQ":93147000,"DPS_HKD":null,"OPERATE_INCOME_QOQ_SQ":-5.091498206717,"NET_PROFIT_RATIO_SQ":13.7535293676,"HOLDER_PROFIT_SQ":12811000,"HOLDER_PROFIT_QOQ_SQ":-46.330121491412,"ROE_AVG_SQ":7.327082064349,"PE_TTM_SQ":-145.526277028066,"PB_TTM_SQ":16.472911558803,"ROA_SQ":6.090441463113,"START_DATE":"2020-01-01 00:00:00","FISCAL_YEAR":"12-31","CURRENCY":"HKD","IS_CNY_CODE":0,"DPS_HKD_LY":null,"ORG_TYPE":"一般企业","PREMIUM_INCOME":null,"PREMIUM_INCOME_YOY":null,"NET_INTEREST_INCOME":null,"NET_INTEREST_INCOME_YOY":null,"FEE_COMMISSION_INCOME":null,"FEE_COMMISSION_INCOME_YOY":null,"ACCOUNTS_RECE_TDAYS":4.716922897741,"INVENTORY_TDAYS":23.300529430084,"CURRENT_ASSETS_TDAYS":0.404849254268,"TOTAL_ASSETS_TDAYS":0.374774149518,"PREMIUM_EXPENSE":null,"LOAN_DEPOSIT":null,"LOAN_EQUITY":null,"LOAN_ASSETS":null,"DEPOSIT_EQUITY":null,"DEPOSIT_ASSETS":null,"EQUITY_MULTIPLIER":1.226517227065,"EQUITY_RATIO":0.22783879929},{"SECUCODE":"01782.HK","SECURITY_CODE":"01782","SECURITY_NAME_ABBR":"国际商业数字技术","ORG_CODE":"10561757","STD_REPORT_DATE":"2020-06-30 00:00:00","REPORT_DATE":"2020-06-30 00:00:00","DATE_TYPE_CODE":"002","REPORT_TYPE":"2020年中报","PER_NETCASH_OPERATE":-0.020285433071,"PER_OI":0.071155511811,"BPS":0.236963254593,"BASIC_EPS":0.0044,"DILUTED_EPS":0.0044,"OPERATE_INCOME":36147000,"OPERATE_INCOME_YOY":-10.4829123328,"GROSS_PROFIT":20701000,"GROSS_PROFIT_YOY":-14.44453628699,"HOLDER_PROFIT":2224000,"HOLDER_PROFIT_YOY":-69.6083133493,"GROSS_PROFIT_RATIO":57.26892964838,"EPS_TTM":0.016647637795,"OPERATE_INCOME_QOQ":-4.544429772295,"NET_PROFIT_RATIO":5.2590809749,"ROE_AVG":1.058634189262,"GROSS_PROFIT_QOQ":-6.585269345995,"ROA":0.88408119037,"HOLDER_PROFIT_QOQ":-33.986417922098,"ROE_YEARLY":2.117268378524,"ROIC_YEARLY":2.829090070281,"TOTAL_ASSETS":219397000,"TOTAL_LIABILITIES":37920000,"TAX_EBT":-24.410994764398,"OCF_SALES":-28.508589924475,"TOTAL_PARENT_EQUITY":180566000,"DEBT_ASSET_RATIO":17.2837367876,"OPERATE_PROFIT":1603000,"PRETAX_PROFIT":1528000,"NETCASH_OPERATE":-10305000,"NETCASH_INVEST":-9447000,"NETCASH_FINANCE":11000000,"END_CASH":72488000,"DIVI_RATIO":null,"DIVIDEND_RATE":null,"CURRENT_RATIO":5.759588347767,"COMMON_ACS":20000000000,"CURRENTDEBT_DEBT":93.786919831224,"ISSUED_COMMON_SHARES":762000000,"HK_COMMON_SHARES":762000000,"PER_SHARES":5000,"TOTAL_MARKET_CAP":3276600000,"HKSK_MARKET_CAP":3276600000,"PE_TTM":-45.893223132211,"PB_TTM":14.723703702974,"REPORT_DATE_SQ":"2019-06-30 00:00:00","REPORT_TYPE_SQ":"2019年中报","OPERATE_INCOME_SQ":40380000,"DPS_HKD":null,"OPERATE_INCOME_QOQ_SQ":-14.736723222741,"NET_PROFIT_RATIO_SQ":15.4903417533,"HOLDER_PROFIT_SQ":6255000,"HOLDER_PROFIT_QOQ_SQ":-14.422973505898,"ROE_AVG_SQ":3.645816636698,"PE_TTM_SQ":-145.526277028066,"PB_TTM_SQ":16.472911558803,"ROA_SQ":3.054363271465,"START_DATE":"2020-01-01 00:00:00","FISCAL_YEAR":"12-31","CURRENCY":"HKD","IS_CNY_CODE":0,"DPS_HKD_LY":null,"ORG_TYPE":"一般企业","PREMIUM_INCOME":null,"PREMIUM_INCOME_YOY":null,"NET_INTEREST_INCOME":null,"NET_INTEREST_INCOME_YOY":null,"FEE_COMMISSION_INCOME":null,"FEE_COMMISSION_INCOME_YOY":null,"ACCOUNTS_RECE_TDAYS":1.749993948343,"INVENTORY_TDAYS":6.747924858017,"CURRENT_ASSETS_TDAYS":0.180214630255,"TOTAL_ASSETS_TDAYS":0.168105643284,"PREMIUM_EXPENSE":null,"LOAN_DEPOSIT":null,"LOAN_EQUITY":null,"LOAN_ASSETS":null,"DEPOSIT_EQUITY":null,"DEPOSIT_ASSETS":null,"EQUITY_MULTIPLIER":1.208952098612,"EQUITY_RATIO":0.210006313481}],"count":25},"success":true,"message":"ok","code":0}