{"version":"d159a8b774f15aeb2b01db31951a06cd","result":{"pages":4,"data":[{"SECUCODE":"01787.HK","SECURITY_CODE":"01787","SECURITY_NAME_ABBR":"山东黄金","ORG_CODE":"10007152","STD_REPORT_DATE":"2024-09-30 00:00:00","REPORT_DATE":"2024-09-30 00:00:00","DATE_TYPE_CODE":"004","REPORT_TYPE":"2024年三季报","PER_NETCASH_OPERATE":2.278878572079,"PER_OI":14.978584660611,"BPS":5.422966146015,"BASIC_EPS":0.39,"DILUTED_EPS":0.39,"OPERATE_INCOME":67005642863.49,"OPERATE_INCOME_YOY":62.1505445399,"GROSS_PROFIT":9968635633.32,"GROSS_PROFIT_YOY":59.195176180227,"HOLDER_PROFIT":2065816231.17,"HOLDER_PROFIT_YOY":53.5670845062,"GROSS_PROFIT_RATIO":14.877307652475,"EPS_TTM":0.564329560292,"OPERATE_INCOME_QOQ":9.448024627793,"NET_PROFIT_RATIO":4.9380382791,"ROE_AVG":6.122834123062,"GROSS_PROFIT_QOQ":12.845972180763,"ROA":1.410688645575,"HOLDER_PROFIT_QOQ":8.808344590203,"ROE_YEARLY":8.163778830749,"ROIC_YEARLY":1.773522321554,"TOTAL_ASSETS":157861694708.53,"TOTAL_LIABILITIES":102771885562.17,"TAX_EBT":24.243540727655,"OCF_SALES":15.214245028585,"TOTAL_PARENT_EQUITY":34394134681.59,"DEBT_ASSET_RATIO":65.1024846477,"OPERATE_PROFIT":5909252394.71,"PRETAX_PROFIT":4367633236.23,"NETCASH_OPERATE":10194402688.23,"NETCASH_INVEST":-19272594577.22,"NETCASH_FINANCE":9209247736.64,"END_CASH":8501121864.53,"DIVI_RATIO":0.387972704968,"DIVIDEND_RATE":1.546726572529,"CURRENT_RATIO":0.503831038984,"COMMON_ACS":null,"CURRENTDEBT_DEBT":59.319518498871,"ISSUED_COMMON_SHARES":4473429525,"HK_COMMON_SHARES":858986178,"PER_SHARES":250,"TOTAL_MARKET_CAP":69696031999.5,"HKSK_MARKET_CAP":13383004653.24,"PE_TTM":24.755366435665,"PB_TTM":2.590812448705,"REPORT_DATE_SQ":"2023-09-30 00:00:00","REPORT_TYPE_SQ":"2023年三季报","OPERATE_INCOME_SQ":41323106902.68,"DPS_HKD":0.24098,"OPERATE_INCOME_QOQ_SQ":8.132113503732,"NET_PROFIT_RATIO_SQ":4.0132527551,"HOLDER_PROFIT_SQ":1345220714.33,"HOLDER_PROFIT_QOQ_SQ":35.938479580576,"ROE_AVG_SQ":4.023251484274,"PE_TTM_SQ":32.003824554217,"PB_TTM_SQ":2.023806457405,"ROA_SQ":1.21273899265,"START_DATE":"2024-01-01 00:00:00","FISCAL_YEAR":"12-31","CURRENCY":"HKD","IS_CNY_CODE":0,"DPS_HKD_LY":0.24098,"ORG_TYPE":"一般企业","PREMIUM_INCOME":null,"PREMIUM_INCOME_YOY":null,"NET_INTEREST_INCOME":null,"NET_INTEREST_INCOME_YOY":null,"FEE_COMMISSION_INCOME":null,"FEE_COMMISSION_INCOME_YOY":null,"ACCOUNTS_RECE_TDAYS":94.729214881978,"INVENTORY_TDAYS":6.708016608119,"CURRENT_ASSETS_TDAYS":2.258073138842,"TOTAL_ASSETS_TDAYS":0.457562963011,"PREMIUM_EXPENSE":null,"LOAN_DEPOSIT":null,"LOAN_EQUITY":null,"LOAN_ASSETS":null,"DEPOSIT_EQUITY":null,"DEPOSIT_ASSETS":null,"EQUITY_MULTIPLIER":2.865533519807,"EQUITY_RATIO":2.9880642881},{"SECUCODE":"01787.HK","SECURITY_CODE":"01787","SECURITY_NAME_ABBR":"山东黄金","ORG_CODE":"10007152","STD_REPORT_DATE":"2024-06-30 00:00:00","REPORT_DATE":"2024-06-30 00:00:00","DATE_TYPE_CODE":"002","REPORT_TYPE":"2024年中报","PER_NETCASH_OPERATE":1.465794635493,"PER_OI":10.232304933875,"BPS":5.242174682522,"BASIC_EPS":0.26,"DILUTED_EPS":0.26,"OPERATE_INCOME":45773495000,"OPERATE_INCOME_YOY":66.9049782273,"GROSS_PROFIT":5665783000,"GROSS_PROFIT_YOY":68.466656834609,"HOLDER_PROFIT":1157558000,"HOLDER_PROFIT_YOY":80.4941940695,"GROSS_PROFIT_RATIO":12.377868458592,"EPS_TTM":0.518645479276,"OPERATE_INCOME_QOQ":19.174933551957,"NET_PROFIT_RATIO":4.6570924942,"ROE_AVG":3.475934723326,"GROSS_PROFIT_QOQ":15.17647628053,"ROA":0.803681888071,"HOLDER_PROFIT_QOQ":12.359119806116,"ROE_YEARLY":6.951869446652,"ROIC_YEARLY":2.00343249973,"TOTAL_ASSETS":153044886000,"TOTAL_LIABILITIES":99133603000,"TAX_EBT":23.126959948533,"OCF_SALES":14.325165688135,"TOTAL_PARENT_EQUITY":33519177000,"DEBT_ASSET_RATIO":64.7742016025,"OPERATE_PROFIT":3584441000,"PRETAX_PROFIT":2773032000,"NETCASH_OPERATE":6557129000,"NETCASH_INVEST":-12053943000,"NETCASH_FINANCE":5110411000,"END_CASH":5654437000,"DIVI_RATIO":0.422146677738,"DIVIDEND_RATE":1.836737804878,"CURRENT_RATIO":0.487995951206,"COMMON_ACS":null,"CURRENTDEBT_DEBT":65.32999915276,"ISSUED_COMMON_SHARES":4473429525,"HK_COMMON_SHARES":858986178,"PER_SHARES":250,"TOTAL_MARKET_CAP":58691395368,"HKSK_MARKET_CAP":11269898655.36,"PE_TTM":20.846624366876,"PB_TTM":2.181736798909,"REPORT_DATE_SQ":"2023-06-30 00:00:00","REPORT_TYPE_SQ":"2023年中报","OPERATE_INCOME_SQ":27424883000,"DPS_HKD":0.24098,"OPERATE_INCOME_QOQ_SQ":-4.041785135907,"NET_PROFIT_RATIO_SQ":3.5727919058,"HOLDER_PROFIT_SQ":641327000,"HOLDER_PROFIT_QOQ_SQ":13.95778699323,"ROE_AVG_SQ":1.927534834525,"PE_TTM_SQ":39.376719289403,"PB_TTM_SQ":2.490041733428,"ROA_SQ":0.671308177015,"START_DATE":"2024-01-01 00:00:00","FISCAL_YEAR":"12-31","CURRENCY":"HKD","IS_CNY_CODE":0,"DPS_HKD_LY":0.24098,"ORG_TYPE":"一般企业","PREMIUM_INCOME":null,"PREMIUM_INCOME_YOY":null,"NET_INTEREST_INCOME":null,"NET_INTEREST_INCOME_YOY":null,"FEE_COMMISSION_INCOME":null,"FEE_COMMISSION_INCOME_YOY":null,"ACCOUNTS_RECE_TDAYS":null,"INVENTORY_TDAYS":4.479281165586,"CURRENT_ASSETS_TDAYS":1.519786570127,"TOTAL_ASSETS_TDAYS":0.317801171822,"PREMIUM_EXPENSE":null,"LOAN_DEPOSIT":null,"LOAN_EQUITY":null,"LOAN_ASSETS":null,"DEPOSIT_EQUITY":null,"DEPOSIT_ASSETS":null,"EQUITY_MULTIPLIER":2.838828487904,"EQUITY_RATIO":2.957519004718},{"SECUCODE":"01787.HK","SECURITY_CODE":"01787","SECURITY_NAME_ABBR":"山东黄金","ORG_CODE":"10007152","STD_REPORT_DATE":"2024-03-31 00:00:00","REPORT_DATE":"2024-03-31 00:00:00","DATE_TYPE_CODE":"003","REPORT_TYPE":"2024年一季报","PER_NETCASH_OPERATE":0.387712497507,"PER_OI":4.23774868737,"BPS":5.326068782351,"BASIC_EPS":0.13,"DILUTED_EPS":0.13,"OPERATE_INCOME":18957270097.61,"OPERATE_INCOME_YOY":44.7325631548,"GROSS_PROFIT":2760886085.5,"GROSS_PROFIT_YOY":45.42403343123,"HOLDER_PROFIT":699890621.07,"HOLDER_PROFIT_YOY":59.477304248,"GROSS_PROFIT_RATIO":14.563732390183,"EPS_TTM":0.461596246189,"OPERATE_INCOME_QOQ":9.884614823803,"NET_PROFIT_RATIO":5.5683648822,"ROE_AVG":2.091900900604,"GROSS_PROFIT_QOQ":9.995488375379,"ROA":0.503648597673,"HOLDER_PROFIT_QOQ":14.470108611209,"ROE_YEARLY":8.367603602415,"ROIC_YEARLY":2.579865975194,"TOTAL_ASSETS":142909311407.78,"TOTAL_LIABILITIES":88658018125.3,"TAX_EBT":23.044513364513,"OCF_SALES":9.149020532121,"TOTAL_PARENT_EQUITY":33829368371,"DEBT_ASSET_RATIO":62.0379576754,"OPERATE_PROFIT":1705904167.24,"PRETAX_PROFIT":1371715022.4,"NETCASH_OPERATE":1734404533.56,"NETCASH_INVEST":-4895139673.33,"NETCASH_FINANCE":5253249664.91,"END_CASH":10377269164.15,"DIVI_RATIO":0.474320291397,"DIVIDEND_RATE":1.756413994169,"CURRENT_RATIO":0.605148398646,"COMMON_ACS":null,"CURRENTDEBT_DEBT":60.715838475515,"ISSUED_COMMON_SHARES":4473429525,"HK_COMMON_SHARES":858986178,"PER_SHARES":250,"TOTAL_MARKET_CAP":61375453083,"HKSK_MARKET_CAP":11785290362.16,"PE_TTM":21.799976090971,"PB_TTM":2.28151134764,"REPORT_DATE_SQ":"2023-03-31 00:00:00","REPORT_TYPE_SQ":"2023年一季报","OPERATE_INCOME_SQ":13098137478.11,"DPS_HKD":0.24098,"OPERATE_INCOME_QOQ_SQ":-0.760293097764,"NET_PROFIT_RATIO_SQ":3.8485529039,"HOLDER_PROFIT_SQ":438865344.74,"HOLDER_PROFIT_QOQ_SQ":14.780180739219,"ROE_AVG_SQ":1.326813531195,"PE_TTM_SQ":39.595175429705,"PB_TTM_SQ":2.503856111977,"ROA_SQ":0.473905287801,"START_DATE":"2024-01-01 00:00:00","FISCAL_YEAR":"12-31","CURRENCY":"HKD","IS_CNY_CODE":0,"DPS_HKD_LY":0.24098,"ORG_TYPE":"一般企业","PREMIUM_INCOME":null,"PREMIUM_INCOME_YOY":null,"NET_INTEREST_INCOME":null,"NET_INTEREST_INCOME_YOY":null,"FEE_COMMISSION_INCOME":null,"FEE_COMMISSION_INCOME_YOY":null,"ACCOUNTS_RECE_TDAYS":21.508721984981,"INVENTORY_TDAYS":1.847602035142,"CURRENT_ASSETS_TDAYS":0.619447870234,"TOTAL_ASSETS_TDAYS":0.136418494732,"PREMIUM_EXPENSE":null,"LOAN_DEPOSIT":null,"LOAN_EQUITY":null,"LOAN_ASSETS":null,"DEPOSIT_EQUITY":null,"DEPOSIT_ASSETS":null,"EQUITY_MULTIPLIER":2.634210223595,"EQUITY_RATIO":2.62074116055},{"SECUCODE":"01787.HK","SECURITY_CODE":"01787","SECURITY_NAME_ABBR":"山东黄金","ORG_CODE":"10007152","STD_REPORT_DATE":"2023-12-31 00:00:00","REPORT_DATE":"2023-12-31 00:00:00","DATE_TYPE_CODE":"001","REPORT_TYPE":"2023年年报","PER_NETCASH_OPERATE":2.113102921857,"PER_OI":13.250521701244,"BPS":5.172889138116,"BASIC_EPS":0.4,"DILUTED_EPS":0.4,"OPERATE_INCOME":59275275000,"OPERATE_INCOME_YOY":17.8300100621,"GROSS_PROFIT":8627679000,"GROSS_PROFIT_YOY":39.890946507396,"HOLDER_PROFIT":1803893000,"HOLDER_PROFIT_YOY":114.6630458971,"GROSS_PROFIT_RATIO":14.555274522134,"EPS_TTM":0.403246097858,"OPERATE_INCOME_QOQ":14.428338003251,"NET_PROFIT_RATIO":4.7629353048,"ROE_AVG":5.464393871064,"GROSS_PROFIT_QOQ":24.786184580066,"ROA":1.594707745687,"HOLDER_PROFIT_QOQ":21.025575552034,"ROE_YEARLY":5.464393871064,"ROIC_YEARLY":1.939263429114,"TOTAL_ASSETS":134599262003.25,"TOTAL_LIABILITIES":81339858283.85,"TAX_EBT":19.063319545945,"OCF_SALES":15.947318675451,"TOTAL_PARENT_EQUITY":33084950645.55,"DEBT_ASSET_RATIO":60.5257209992,"OPERATE_PROFIT":4896140000,"PRETAX_PROFIT":3488212000,"NETCASH_OPERATE":9452817000,"NETCASH_INVEST":-23737201000,"NETCASH_FINANCE":13980554000,"END_CASH":6034083000,"DIVI_RATIO":0.542954952727,"DIVIDEND_RATE":1.756413994169,"CURRENT_RATIO":0.578511137643,"COMMON_ACS":null,"CURRENTDEBT_DEBT":60.805915714486,"ISSUED_COMMON_SHARES":4473429525,"HK_COMMON_SHARES":858986178,"PER_SHARES":250,"TOTAL_MARKET_CAP":61375453083,"HKSK_MARKET_CAP":11785290362.16,"PE_TTM":21.799976090971,"PB_TTM":2.28151134764,"REPORT_DATE_SQ":"2022-12-31 00:00:00","REPORT_TYPE_SQ":"2022年年报","OPERATE_INCOME_SQ":50305754000,"DPS_HKD":0.24098,"OPERATE_INCOME_QOQ_SQ":-10.250408704208,"NET_PROFIT_RATIO_SQ":2.6864978507,"HOLDER_PROFIT_SQ":840337000,"HOLDER_PROFIT_QOQ_SQ":-47.732536536788,"ROE_AVG_SQ":2.692780109155,"PE_TTM_SQ":39.595175429705,"PB_TTM_SQ":2.503856111977,"ROA_SQ":0.984728330971,"START_DATE":"2023-01-01 00:00:00","FISCAL_YEAR":"12-31","CURRENCY":"HKD","IS_CNY_CODE":0,"DPS_HKD_LY":0.07712,"ORG_TYPE":"一般企业","PREMIUM_INCOME":null,"PREMIUM_INCOME_YOY":null,"NET_INTEREST_INCOME":null,"NET_INTEREST_INCOME_YOY":null,"FEE_COMMISSION_INCOME":null,"FEE_COMMISSION_INCOME_YOY":null,"ACCOUNTS_RECE_TDAYS":82.28761880146,"INVENTORY_TDAYS":7.82786957393,"CURRENT_ASSETS_TDAYS":2.365927473593,"TOTAL_ASSETS_TDAYS":0.524015228011,"PREMIUM_EXPENSE":null,"LOAN_DEPOSIT":null,"LOAN_EQUITY":null,"LOAN_ASSETS":null,"DEPOSIT_EQUITY":null,"DEPOSIT_ASSETS":null,"EQUITY_MULTIPLIER":2.53329516159,"EQUITY_RATIO":2.458515327868},{"SECUCODE":"01787.HK","SECURITY_CODE":"01787","SECURITY_NAME_ABBR":"山东黄金","ORG_CODE":"10007152","STD_REPORT_DATE":"2023-09-30 00:00:00","REPORT_DATE":"2023-09-30 00:00:00","DATE_TYPE_CODE":"004","REPORT_TYPE":"2023年三季报","PER_NETCASH_OPERATE":1.065894445428,"PER_OI":9.23745566388,"BPS":5.314057359907,"BASIC_EPS":0.23,"DILUTED_EPS":0.23,"OPERATE_INCOME":41323106902.68,"OPERATE_INCOME_YOY":3.7548442868,"GROSS_PROFIT":6261895537.61,"GROSS_PROFIT_YOY":13.53561690059,"HOLDER_PROFIT":1345220714.33,"HOLDER_PROFIT_YOY":94.1216781499,"GROSS_PROFIT_RATIO":15.1534964502,"EPS_TTM":0.333190811958,"OPERATE_INCOME_QOQ":8.132113503732,"NET_PROFIT_RATIO":4.0132527551,"ROE_AVG":4.023251484274,"GROSS_PROFIT_QOQ":6.412311910566,"ROA":1.21273899265,"HOLDER_PROFIT_QOQ":35.938479580576,"ROE_YEARLY":5.364335312365,"ROIC_YEARLY":1.486635719361,"TOTAL_ASSETS":130632256652.59,"TOTAL_LIABILITIES":79270333960.55,"TAX_EBT":25.332190517136,"OCF_SALES":11.53883151608,"TOTAL_PARENT_EQUITY":33927712568.05,"DEBT_ASSET_RATIO":60.6820520382,"OPERATE_PROFIT":3338335109.52,"PRETAX_PROFIT":2221038407,"NETCASH_OPERATE":4768203682.71,"NETCASH_INVEST":-16736415643.62,"NETCASH_FINANCE":15025771926.28,"END_CASH":10139306378.74,"DIVI_RATIO":0.657114356526,"DIVIDEND_RATE":1.756413994169,"CURRENT_RATIO":0.708229545122,"COMMON_ACS":null,"CURRENTDEBT_DEBT":53.525805427508,"ISSUED_COMMON_SHARES":4473429525,"HK_COMMON_SHARES":858986178,"PER_SHARES":250,"TOTAL_MARKET_CAP":61375453083,"HKSK_MARKET_CAP":11785290362.16,"PE_TTM":21.799976090971,"PB_TTM":2.28151134764,"REPORT_DATE_SQ":"2022-09-30 00:00:00","REPORT_TYPE_SQ":"2022年三季报","OPERATE_INCOME_SQ":39827641000.04,"DPS_HKD":0.24098,"OPERATE_INCOME_QOQ_SQ":8.014812857349,"NET_PROFIT_RATIO_SQ":2.0026631406,"HOLDER_PROFIT_SQ":692978098.66,"HOLDER_PROFIT_QOQ_SQ":16.4373365636,"ROE_AVG_SQ":2.262930544787,"PE_TTM_SQ":39.595175429705,"PB_TTM_SQ":2.503856111977,"ROA_SQ":0.837921993493,"START_DATE":"2023-01-01 00:00:00","FISCAL_YEAR":"12-31","CURRENCY":"HKD","IS_CNY_CODE":0,"DPS_HKD_LY":0.07712,"ORG_TYPE":"一般企业","PREMIUM_INCOME":null,"PREMIUM_INCOME_YOY":null,"NET_INTEREST_INCOME":null,"NET_INTEREST_INCOME_YOY":null,"FEE_COMMISSION_INCOME":null,"FEE_COMMISSION_INCOME_YOY":null,"ACCOUNTS_RECE_TDAYS":55.538303778029,"INVENTORY_TDAYS":5.474730864079,"CURRENT_ASSETS_TDAYS":1.603986905135,"TOTAL_ASSETS_TDAYS":0.37253472612,"PREMIUM_EXPENSE":null,"LOAN_DEPOSIT":null,"LOAN_EQUITY":null,"LOAN_ASSETS":null,"DEPOSIT_EQUITY":null,"DEPOSIT_ASSETS":null,"EQUITY_MULTIPLIER":2.543367728579,"EQUITY_RATIO":2.336447934754},{"SECUCODE":"01787.HK","SECURITY_CODE":"01787","SECURITY_NAME_ABBR":"山东黄金","ORG_CODE":"10007152","STD_REPORT_DATE":"2023-06-30 00:00:00","REPORT_DATE":"2023-06-30 00:00:00","DATE_TYPE_CODE":"002","REPORT_TYPE":"2023年中报","PER_NETCASH_OPERATE":0.151121862147,"PER_OI":6.130616978927,"BPS":5.257069742258,"BASIC_EPS":0.14,"DILUTED_EPS":0.14,"OPERATE_INCOME":27424883000,"OPERATE_INCOME_YOY":-8.047782901,"GROSS_PROFIT":3363148000,"GROSS_PROFIT_YOY":10.876422571244,"HOLDER_PROFIT":641327000,"HOLDER_PROFIT_YOY":67.3897383161,"GROSS_PROFIT_RATIO":12.263126154449,"EPS_TTM":0.245104118411,"OPERATE_INCOME_QOQ":-4.041785135907,"NET_PROFIT_RATIO":3.5727919058,"ROE_AVG":1.927534834525,"GROSS_PROFIT_QOQ":3.312358795063,"ROA":0.671308177015,"HOLDER_PROFIT_QOQ":13.95778699323,"ROE_YEARLY":3.85506966905,"ROIC_YEARLY":1.518259452858,"TOTAL_ASSETS":99851743000,"TOTAL_LIABILITIES":62619654000,"TAX_EBT":26.200203059143,"OCF_SALES":2.465035128865,"TOTAL_PARENT_EQUITY":33599149000,"DEBT_ASSET_RATIO":62.7126298637,"OPERATE_PROFIT":1960931000,"PRETAX_PROFIT":1327692000,"NETCASH_OPERATE":676033000,"NETCASH_INVEST":-7627398000,"NETCASH_FINANCE":5898493000,"END_CASH":5313165000,"DIVI_RATIO":0.893271265367,"DIVIDEND_RATE":1.836737804878,"CURRENT_RATIO":0.562239436307,"COMMON_ACS":null,"CURRENTDEBT_DEBT":60.539135205059,"ISSUED_COMMON_SHARES":4473429525,"HK_COMMON_SHARES":858986178,"PER_SHARES":250,"TOTAL_MARKET_CAP":58691395368,"HKSK_MARKET_CAP":11269898655.36,"PE_TTM":20.846624366876,"PB_TTM":2.181736798909,"REPORT_DATE_SQ":"2022-06-30 00:00:00","REPORT_TYPE_SQ":"2022年中报","OPERATE_INCOME_SQ":29825146000,"DPS_HKD":0.24098,"OPERATE_INCOME_QOQ_SQ":29.386643318496,"NET_PROFIT_RATIO_SQ":1.9348974855,"HOLDER_PROFIT_SQ":383134000,"HOLDER_PROFIT_QOQ_SQ":531.734958438013,"ROE_AVG_SQ":1.293470911405,"PE_TTM_SQ":39.376719289403,"PB_TTM_SQ":2.490041733428,"ROA_SQ":0.469349738119,"START_DATE":"2023-01-01 00:00:00","FISCAL_YEAR":"12-31","CURRENCY":"HKD","IS_CNY_CODE":0,"DPS_HKD_LY":0.07712,"ORG_TYPE":"一般企业","PREMIUM_INCOME":null,"PREMIUM_INCOME_YOY":null,"NET_INTEREST_INCOME":null,"NET_INTEREST_INCOME_YOY":null,"FEE_COMMISSION_INCOME":null,"FEE_COMMISSION_INCOME_YOY":null,"ACCOUNTS_RECE_TDAYS":null,"INVENTORY_TDAYS":5.092333152138,"CURRENT_ASSETS_TDAYS":1.281853757741,"TOTAL_ASSETS_TDAYS":0.287069594943,"PREMIUM_EXPENSE":null,"LOAN_DEPOSIT":null,"LOAN_EQUITY":null,"LOAN_ASSETS":null,"DEPOSIT_EQUITY":null,"DEPOSIT_ASSETS":null,"EQUITY_MULTIPLIER":2.681873235749,"EQUITY_RATIO":1.863727381905},{"SECUCODE":"01787.HK","SECURITY_CODE":"01787","SECURITY_NAME_ABBR":"山东黄金","ORG_CODE":"10007152","STD_REPORT_DATE":"2023-03-31 00:00:00","REPORT_DATE":"2023-03-31 00:00:00","DATE_TYPE_CODE":"003","REPORT_TYPE":"2023年一季报","PER_NETCASH_OPERATE":0.135598286064,"PER_OI":2.927985655057,"BPS":5.185980264882,"BASIC_EPS":0.07,"DILUTED_EPS":0.07,"OPERATE_INCOME":13098137478.11,"OPERATE_INCOME_YOY":-2.8371951539,"GROSS_PROFIT":1898507433.99,"GROSS_PROFIT_YOY":6.842925155992,"HOLDER_PROFIT":438865344.74,"HOLDER_PROFIT_YOY":39.3362395125,"GROSS_PROFIT_RATIO":14.494483946003,"EPS_TTM":0.21508325572,"OPERATE_INCOME_QOQ":-0.760293097764,"NET_PROFIT_RATIO":3.8485529039,"ROE_AVG":1.326813531195,"GROSS_PROFIT_QOQ":1.971532553906,"ROA":0.473905287801,"HOLDER_PROFIT_QOQ":14.780180739219,"ROE_YEARLY":5.30725412478,"ROIC_YEARLY":2.154566351587,"TOTAL_ASSETS":93996167089.42,"TOTAL_LIABILITIES":56887694242.95,"TAX_EBT":24.036596847926,"OCF_SALES":4.63111169381,"TOTAL_PARENT_EQUITY":33208678440.34,"DEBT_ASSET_RATIO":60.5212914574,"OPERATE_PROFIT":983935970.57,"PRETAX_PROFIT":663594216.89,"NETCASH_OPERATE":606589376.42,"NETCASH_INVEST":-4819572441.15,"NETCASH_FINANCE":2223686109.91,"END_CASH":5768015683.65,"DIVI_RATIO":1.017952165859,"DIVIDEND_RATE":1.756413994169,"CURRENT_RATIO":0.567799703908,"COMMON_ACS":null,"CURRENTDEBT_DEBT":62.282926846206,"ISSUED_COMMON_SHARES":4473429525,"HK_COMMON_SHARES":858986178,"PER_SHARES":250,"TOTAL_MARKET_CAP":61375453083,"HKSK_MARKET_CAP":11785290362.16,"PE_TTM":21.799976090971,"PB_TTM":2.28151134764,"REPORT_DATE_SQ":"2022-03-31 00:00:00","REPORT_TYPE_SQ":"2022年一季报","OPERATE_INCOME_SQ":13480608653.55,"DPS_HKD":0.24098,"OPERATE_INCOME_QOQ_SQ":18.193799313823,"NET_PROFIT_RATIO_SQ":2.6349159069,"HOLDER_PROFIT_SQ":314968558.27,"HOLDER_PROFIT_QOQ_SQ":151.139616876355,"ROE_AVG_SQ":1.069638361441,"PE_TTM_SQ":39.595175429705,"PB_TTM_SQ":2.503856111977,"ROA_SQ":0.393683510976,"START_DATE":"2023-01-01 00:00:00","FISCAL_YEAR":"12-31","CURRENCY":"HKD","IS_CNY_CODE":0,"DPS_HKD_LY":0.07712,"ORG_TYPE":"一般企业","PREMIUM_INCOME":null,"PREMIUM_INCOME_YOY":null,"NET_INTEREST_INCOME":null,"NET_INTEREST_INCOME_YOY":null,"FEE_COMMISSION_INCOME":null,"FEE_COMMISSION_INCOME_YOY":null,"ACCOUNTS_RECE_TDAYS":20.630526835997,"INVENTORY_TDAYS":2.441904843727,"CURRENT_ASSETS_TDAYS":0.629821923758,"TOTAL_ASSETS_TDAYS":0.141439206481,"PREMIUM_EXPENSE":null,"LOAN_DEPOSIT":null,"LOAN_EQUITY":null,"LOAN_ASSETS":null,"DEPOSIT_EQUITY":null,"DEPOSIT_ASSETS":null,"EQUITY_MULTIPLIER":2.533010923903,"EQUITY_RATIO":1.713036980534},{"SECUCODE":"01787.HK","SECURITY_CODE":"01787","SECURITY_NAME_ABBR":"山东黄金","ORG_CODE":"10007152","STD_REPORT_DATE":"2022-12-31 00:00:00","REPORT_DATE":"2022-12-31 00:00:00","DATE_TYPE_CODE":"001","REPORT_TYPE":"2022年年报","PER_NETCASH_OPERATE":0.564856333576,"PER_OI":11.245455800491,"BPS":5.140096400647,"BASIC_EPS":0.19,"DILUTED_EPS":0.19,"OPERATE_INCOME":50305754000,"OPERATE_INCOME_YOY":48.2517867896,"GROSS_PROFIT":6167432000,"GROSS_PROFIT_YOY":159.671069860814,"HOLDER_PROFIT":840337000,"HOLDER_PROFIT_YOY":296.6147372569,"GROSS_PROFIT_RATIO":12.259893768812,"EPS_TTM":0.187387103187,"OPERATE_INCOME_QOQ":-10.250408704208,"NET_PROFIT_RATIO":2.6864978507,"ROE_AVG":2.692780109155,"GROSS_PROFIT_QOQ":-3.358524576633,"ROA":0.984728330971,"HOLDER_PROFIT_QOQ":-47.732536536788,"ROE_YEARLY":2.692780109155,"ROIC_YEARLY":1.106831231994,"TOTAL_ASSETS":91291330000,"TOTAL_LIABILITIES":54475408000,"TAX_EBT":28.834543522932,"OCF_SALES":5.02297411147,"TOTAL_PARENT_EQUITY":32944603000,"DEBT_ASSET_RATIO":59.6538645835,"OPERATE_PROFIT":2832899000,"PRETAX_PROFIT":1902319000,"NETCASH_OPERATE":2526845000,"NETCASH_INVEST":-11417374000,"NETCASH_FINANCE":11907469000,"END_CASH":6347098000,"DIVI_RATIO":1.168407335812,"DIVIDEND_RATE":1.756413994169,"CURRENT_RATIO":0.619062871172,"COMMON_ACS":null,"CURRENTDEBT_DEBT":63.679994833632,"ISSUED_COMMON_SHARES":4473429525,"HK_COMMON_SHARES":858986178,"PER_SHARES":250,"TOTAL_MARKET_CAP":61375453083,"HKSK_MARKET_CAP":11785290362.16,"PE_TTM":21.799976090971,"PB_TTM":2.28151134764,"REPORT_DATE_SQ":"2021-12-31 00:00:00","REPORT_TYPE_SQ":"2021年年报","OPERATE_INCOME_SQ":33932646000,"DPS_HKD":0.24098,"OPERATE_INCOME_QOQ_SQ":22.548601192262,"NET_PROFIT_RATIO_SQ":-0.6763810874,"HOLDER_PROFIT_SQ":-426348000,"HOLDER_PROFIT_QOQ_SQ":50.765632688462,"ROE_AVG_SQ":-1.4128537855,"PE_TTM_SQ":39.595175429705,"PB_TTM_SQ":2.503856111977,"ROA_SQ":-0.594220524278,"START_DATE":"2022-01-01 00:00:00","FISCAL_YEAR":"12-31","CURRENCY":"HKD","IS_CNY_CODE":0,"DPS_HKD_LY":0.05892,"ORG_TYPE":"一般企业","PREMIUM_INCOME":null,"PREMIUM_INCOME_YOY":null,"NET_INTEREST_INCOME":null,"NET_INTEREST_INCOME_YOY":null,"FEE_COMMISSION_INCOME":null,"FEE_COMMISSION_INCOME_YOY":null,"ACCOUNTS_RECE_TDAYS":null,"INVENTORY_TDAYS":12.475435614596,"CURRENT_ASSETS_TDAYS":2.814811826453,"TOTAL_ASSETS_TDAYS":0.590954165633,"PREMIUM_EXPENSE":null,"LOAN_DEPOSIT":null,"LOAN_EQUITY":null,"LOAN_ASSETS":null,"DEPOSIT_EQUITY":null,"DEPOSIT_ASSETS":null,"EQUITY_MULTIPLIER":2.478552133127,"EQUITY_RATIO":1.65354574162},{"SECUCODE":"01787.HK","SECURITY_CODE":"01787","SECURITY_NAME_ABBR":"山东黄金","ORG_CODE":"10007152","STD_REPORT_DATE":"2022-09-30 00:00:00","REPORT_DATE":"2022-09-30 00:00:00","DATE_TYPE_CODE":"004","REPORT_TYPE":"2022年三季报","PER_NETCASH_OPERATE":0.453126312553,"PER_OI":8.903156018768,"BPS":5.028538922783,"BASIC_EPS":0.1,"DILUTED_EPS":0.1,"OPERATE_INCOME":39827641000.04,"OPERATE_INCOME_YOY":124.8998996455,"GROSS_PROFIT":5515357830.92,"GROSS_PROFIT_YOY":265.573442411885,"HOLDER_PROFIT":692978098.66,"HOLDER_PROFIT_YOY":151.8244282292,"GROSS_PROFIT_RATIO":13.84806554552,"EPS_TTM":0.358515777829,"OPERATE_INCOME_QOQ":8.014812857349,"NET_PROFIT_RATIO":2.0026631406,"ROE_AVG":2.262930544787,"GROSS_PROFIT_QOQ":24.663061378404,"ROA":0.837921993493,"HOLDER_PROFIT_QOQ":16.4373365636,"ROE_YEARLY":3.017240726383,"ROIC_YEARLY":0.926451286249,"TOTAL_ASSETS":86367414579.45,"TOTAL_LIABILITIES":51197250438.69,"TAX_EBT":34.564953124926,"OCF_SALES":5.089502100132,"TOTAL_PARENT_EQUITY":31917423592.29,"DEBT_ASSET_RATIO":59.2784335249,"OPERATE_PROFIT":1990691400.15,"PRETAX_PROFIT":1218939275.13,"NETCASH_OPERATE":2027028625.13,"NETCASH_INVEST":-2803286803.25,"NETCASH_FINANCE":840802582.54,"END_CASH":4667964630.9,"DIVI_RATIO":0.610696877347,"DIVIDEND_RATE":1.756413994169,"CURRENT_RATIO":0.57002688963,"COMMON_ACS":null,"CURRENTDEBT_DEBT":63.990312366604,"ISSUED_COMMON_SHARES":4473429525,"HK_COMMON_SHARES":858986178,"PER_SHARES":250,"TOTAL_MARKET_CAP":61375453083,"HKSK_MARKET_CAP":11785290362.16,"PE_TTM":21.799976090971,"PB_TTM":2.28151134764,"REPORT_DATE_SQ":"2021-09-30 00:00:00","REPORT_TYPE_SQ":"2021年三季报","OPERATE_INCOME_SQ":17709052366.33,"DPS_HKD":0.24098,"OPERATE_INCOME_QOQ_SQ":-34.779077589463,"NET_PROFIT_RATIO_SQ":-7.3708408462,"HOLDER_PROFIT_SQ":-1337164967.06,"HOLDER_PROFIT_QOQ_SQ":-229.562863962795,"ROE_AVG_SQ":-4.149332929184,"PE_TTM_SQ":39.595175429705,"PB_TTM_SQ":2.503856111977,"ROA_SQ":-1.823678417557,"START_DATE":"2022-01-01 00:00:00","FISCAL_YEAR":"12-31","CURRENCY":"HKD","IS_CNY_CODE":0,"DPS_HKD_LY":0.05892,"ORG_TYPE":"一般企业","PREMIUM_INCOME":null,"PREMIUM_INCOME_YOY":null,"NET_INTEREST_INCOME":null,"NET_INTEREST_INCOME_YOY":null,"FEE_COMMISSION_INCOME":null,"FEE_COMMISSION_INCOME_YOY":null,"ACCOUNTS_RECE_TDAYS":132.68622943706,"INVENTORY_TDAYS":8.239765719374,"CURRENT_ASSETS_TDAYS":2.41796126642,"TOTAL_ASSETS_TDAYS":0.481580246293,"PREMIUM_EXPENSE":null,"LOAN_DEPOSIT":null,"LOAN_EQUITY":null,"LOAN_ASSETS":null,"DEPOSIT_EQUITY":null,"DEPOSIT_ASSETS":null,"EQUITY_MULTIPLIER":2.455701208379,"EQUITY_RATIO":1.604053356332}],"count":34},"success":true,"message":"ok","code":0}