{"version":"31f6ed1c094105f579641d396541dc5e","result":{"pages":2,"data":[{"SECUCODE":"01790.HK","SECURITY_CODE":"01790","SECURITY_NAME_ABBR":"达力环保","ORG_CODE":"10936324","STD_REPORT_DATE":"2024-06-30 00:00:00","REPORT_DATE":"2024-06-30 00:00:00","DATE_TYPE_CODE":"002","REPORT_TYPE":"2024年中报","PER_NETCASH_OPERATE":0.0143655832,"PER_OI":0.10191988828,"BPS":1.25647834188,"BASIC_EPS":0.045634,"DILUTED_EPS":0.045634,"OPERATE_INCOME":101919888.28,"OPERATE_INCOME_YOY":10.7462686567,"GROSS_PROFIT":75485024.76,"GROSS_PROFIT_YOY":17.232360020037,"HOLDER_PROFIT":45560072.92,"HOLDER_PROFIT_YOY":29.9534011923,"GROSS_PROFIT_RATIO":74.063096058959,"EPS_TTM":0.07653373238,"OPERATE_INCOME_QOQ":5.477277657919,"NET_PROFIT_RATIO":44.701847391,"ROE_AVG":3.649127064828,"GROSS_PROFIT_QOQ":10.730118326352,"ROA":2.246807169943,"HOLDER_PROFIT_QOQ":15.279566956533,"ROE_YEARLY":7.298254129656,"ROIC_YEARLY":4.639717596147,"TOTAL_ASSETS":2009972347,"TOTAL_LIABILITIES":753494005.12,"TAX_EBT":19.893767250786,"OCF_SALES":14.094975418864,"TOTAL_PARENT_EQUITY":1256478341.88,"DEBT_ASSET_RATIO":37.4877796824,"OPERATE_PROFIT":70238940.12,"PRETAX_PROFIT":56874566.88,"NETCASH_OPERATE":14365583.2,"NETCASH_INVEST":-1766948.48,"NETCASH_FINANCE":-46694534.16,"END_CASH":45592929.4,"DIVI_RATIO":null,"DIVIDEND_RATE":null,"CURRENT_RATIO":3.291748060699,"COMMON_ACS":10000000000,"CURRENTDEBT_DEBT":34.227407507897,"ISSUED_COMMON_SHARES":1000000000,"HK_COMMON_SHARES":1000000000,"PER_SHARES":5000,"TOTAL_MARKET_CAP":530000000,"HKSK_MARKET_CAP":530000000,"PE_TTM":6.252506901352,"PB_TTM":0.384981088712,"REPORT_DATE_SQ":"2023-06-30 00:00:00","REPORT_TYPE_SQ":"2023年中报","OPERATE_INCOME_SQ":92967853.3,"DPS_HKD":null,"OPERATE_INCOME_QOQ_SQ":1.311267160042,"NET_PROFIT_RATIO_SQ":38.0949075222,"HOLDER_PROFIT_SQ":35416017.74,"HOLDER_PROFIT_QOQ_SQ":9.47862047427,"ROE_AVG_SQ":2.930168500136,"PE_TTM_SQ":7.791629563669,"PB_TTM_SQ":0.430813637713,"ROA_SQ":1.707837633382,"START_DATE":"2024-01-01 00:00:00","FISCAL_YEAR":"12-31","CURRENCY":"HKD","IS_CNY_CODE":0,"DPS_HKD_LY":null,"ORG_TYPE":"一般企业","PREMIUM_INCOME":null,"PREMIUM_INCOME_YOY":null,"NET_INTEREST_INCOME":null,"NET_INTEREST_INCOME_YOY":null,"FEE_COMMISSION_INCOME":null,"FEE_COMMISSION_INCOME_YOY":null,"ACCOUNTS_RECE_TDAYS":0.279200185015,"INVENTORY_TDAYS":17.401021327726,"CURRENT_ASSETS_TDAYS":0.121055855172,"TOTAL_ASSETS_TDAYS":0.050262065241,"PREMIUM_EXPENSE":null,"LOAN_DEPOSIT":null,"LOAN_EQUITY":null,"LOAN_ASSETS":null,"DEPOSIT_EQUITY":null,"DEPOSIT_ASSETS":null,"EQUITY_MULTIPLIER":1.599687221026,"EQUITY_RATIO":0.599687221025},{"SECUCODE":"01790.HK","SECURITY_CODE":"01790","SECURITY_NAME_ABBR":"达力环保","ORG_CODE":"10936324","STD_REPORT_DATE":"2023-12-31 00:00:00","REPORT_DATE":"2023-12-31 00:00:00","DATE_TYPE_CODE":"001","REPORT_TYPE":"2023年年报","PER_NETCASH_OPERATE":0.09847620874,"PER_OI":0.16343949566,"BPS":1.23178044122,"BASIC_EPS":0.0634354,"DILUTED_EPS":0.0634354,"OPERATE_INCOME":163439495.66,"OPERATE_INCOME_YOY":-15.4665316778,"GROSS_PROFIT":103407857.98,"GROSS_PROFIT_YOY":-19.82042388099,"HOLDER_PROFIT":66389677.2,"HOLDER_PROFIT_YOY":7.534457704,"GROSS_PROFIT_RATIO":63.269809761967,"EPS_TTM":0.0663896772,"OPERATE_INCOME_QOQ":-15.350999472838,"NET_PROFIT_RATIO":40.6203390018,"ROE_AVG":5.464550166674,"GROSS_PROFIT_QOQ":-21.740632686575,"ROA":3.218311427641,"HOLDER_PROFIT_QOQ":-0.351853043699,"ROE_YEARLY":5.464550166674,"ROIC_YEARLY":3.344584669558,"TOTAL_ASSETS":2031088230.5,"TOTAL_LIABILITIES":799307789.28,"TAX_EBT":19.421010372098,"OCF_SALES":60.252393916375,"TOTAL_PARENT_EQUITY":1231780441.22,"DEBT_ASSET_RATIO":39.3536714593,"OPERATE_PROFIT":112180973.8,"PRETAX_PROFIT":82390803.74,"NETCASH_OPERATE":98476208.74,"NETCASH_INVEST":1345736.7,"NETCASH_FINANCE":-89709436.46,"END_CASH":81533519.62,"DIVI_RATIO":null,"DIVIDEND_RATE":null,"CURRENT_RATIO":2.999763896495,"COMMON_ACS":10000000000,"CURRENTDEBT_DEBT":34.574002521473,"ISSUED_COMMON_SHARES":1000000000,"HK_COMMON_SHARES":1000000000,"PER_SHARES":5000,"TOTAL_MARKET_CAP":550000000,"HKSK_MARKET_CAP":550000000,"PE_TTM":6.488450558007,"PB_TTM":0.399508676965,"REPORT_DATE_SQ":"2022-12-31 00:00:00","REPORT_TYPE_SQ":"2022年年报","OPERATE_INCOME_SQ":190580047.77,"DPS_HKD":null,"OPERATE_INCOME_QOQ_SQ":3.794616539074,"NET_PROFIT_RATIO_SQ":31.9318868906,"HOLDER_PROFIT_SQ":60855805.29,"HOLDER_PROFIT_QOQ_SQ":-19.599608008944,"ROE_AVG_SQ":4.979907349031,"PE_TTM_SQ":7.513357079252,"PB_TTM_SQ":0.415427436367,"ROA_SQ":2.777297073192,"START_DATE":"2023-01-01 00:00:00","FISCAL_YEAR":"12-31","CURRENCY":"HKD","IS_CNY_CODE":0,"DPS_HKD_LY":null,"ORG_TYPE":"一般企业","PREMIUM_INCOME":null,"PREMIUM_INCOME_YOY":null,"NET_INTEREST_INCOME":null,"NET_INTEREST_INCOME_YOY":null,"FEE_COMMISSION_INCOME":null,"FEE_COMMISSION_INCOME_YOY":null,"ACCOUNTS_RECE_TDAYS":0.460142288376,"INVENTORY_TDAYS":35.031200423057,"CURRENT_ASSETS_TDAYS":0.172861775659,"TOTAL_ASSETS_TDAYS":0.079229063733,"PREMIUM_EXPENSE":null,"LOAN_DEPOSIT":null,"LOAN_EQUITY":null,"LOAN_ASSETS":null,"DEPOSIT_EQUITY":null,"DEPOSIT_ASSETS":null,"EQUITY_MULTIPLIER":1.648904433397,"EQUITY_RATIO":0.648904433398},{"SECUCODE":"01790.HK","SECURITY_CODE":"01790","SECURITY_NAME_ABBR":"达力环保","ORG_CODE":"10936324","STD_REPORT_DATE":"2023-06-30 00:00:00","REPORT_DATE":"2023-06-30 00:00:00","DATE_TYPE_CODE":"002","REPORT_TYPE":"2023年中报","PER_NETCASH_OPERATE":0.11981775486,"PER_OI":0.0929678533,"BPS":1.19845045468,"BASIC_EPS":0.0368792,"DILUTED_EPS":0.0368792,"OPERATE_INCOME":92967853.3,"OPERATE_INCOME_YOY":-4.6820055205,"GROSS_PROFIT":64389239.24,"GROSS_PROFIT_YOY":5.16862235445,"HOLDER_PROFIT":35416017.74,"HOLDER_PROFIT_YOY":10.8024691358,"GROSS_PROFIT_RATIO":69.259681658154,"EPS_TTM":0.06662409611,"OPERATE_INCOME_QOQ":1.311267160042,"NET_PROFIT_RATIO":38.0949075222,"ROE_AVG":2.930168500136,"GROSS_PROFIT_QOQ":2.453647239307,"ROA":1.707837633382,"HOLDER_PROFIT_QOQ":9.47862047427,"ROE_YEARLY":5.860337000271,"ROIC_YEARLY":3.593383489594,"TOTAL_ASSETS":2016383167.72,"TOTAL_LIABILITIES":817932713.04,"TAX_EBT":17.83491262219,"OCF_SALES":128.880844944712,"TOTAL_PARENT_EQUITY":1198450454.68,"DEBT_ASSET_RATIO":40.5643493823,"OPERATE_PROFIT":58891472.5,"PRETAX_PROFIT":43103486.98,"NETCASH_OPERATE":119817754.86,"NETCASH_INVEST":693328.96,"NETCASH_FINANCE":-58371475.78,"END_CASH":129587054.94,"DIVI_RATIO":null,"DIVIDEND_RATE":null,"CURRENT_RATIO":3.750466237672,"COMMON_ACS":10000000000,"CURRENTDEBT_DEBT":33.545135648167,"ISSUED_COMMON_SHARES":1000000000,"HK_COMMON_SHARES":1000000000,"PER_SHARES":5000,"TOTAL_MARKET_CAP":550000000,"HKSK_MARKET_CAP":550000000,"PE_TTM":6.488450558007,"PB_TTM":0.399508676965,"REPORT_DATE_SQ":"2022-06-30 00:00:00","REPORT_TYPE_SQ":"2022年中报","OPERATE_INCOME_SQ":90468839.72,"DPS_HKD":null,"OPERATE_INCOME_QOQ_SQ":-9.640792035892,"NET_PROFIT_RATIO_SQ":32.7712027829,"HOLDER_PROFIT_SQ":29647726.92,"HOLDER_PROFIT_QOQ_SQ":-19.686151090908,"ROE_AVG_SQ":2.477798941496,"PE_TTM_SQ":7.513357079252,"PB_TTM_SQ":0.415427436367,"ROA_SQ":1.370211960344,"START_DATE":"2023-01-01 00:00:00","FISCAL_YEAR":"12-31","CURRENCY":"HKD","IS_CNY_CODE":0,"DPS_HKD_LY":null,"ORG_TYPE":"一般企业","PREMIUM_INCOME":null,"PREMIUM_INCOME_YOY":null,"NET_INTEREST_INCOME":null,"NET_INTEREST_INCOME_YOY":null,"FEE_COMMISSION_INCOME":null,"FEE_COMMISSION_INCOME_YOY":null,"ACCOUNTS_RECE_TDAYS":0.283657917019,"INVENTORY_TDAYS":19.501100975149,"CURRENT_ASSETS_TDAYS":0.088142020234,"TOTAL_ASSETS_TDAYS":0.0448311269,"PREMIUM_EXPENSE":null,"LOAN_DEPOSIT":null,"LOAN_EQUITY":null,"LOAN_ASSETS":null,"DEPOSIT_EQUITY":null,"DEPOSIT_ASSETS":null,"EQUITY_MULTIPLIER":1.682491887625,"EQUITY_RATIO":0.682491887625},{"SECUCODE":"01790.HK","SECURITY_CODE":"01790","SECURITY_NAME_ABBR":"达力环保","ORG_CODE":"10936324","STD_REPORT_DATE":"2022-12-31 00:00:00","REPORT_DATE":"2022-12-31 00:00:00","DATE_TYPE_CODE":"001","REPORT_TYPE":"2022年年报","PER_NETCASH_OPERATE":0.08986653508,"PER_OI":0.19058004777,"BPS":1.18093063137,"BASIC_EPS":0.0625289,"DILUTED_EPS":0.0625289,"OPERATE_INCOME":190580047.77,"OPERATE_INCOME_YOY":-14.1569028229,"GROSS_PROFIT":128970322.6,"GROSS_PROFIT_YOY":-24.851569839729,"HOLDER_PROFIT":60855805.29,"HOLDER_PROFIT_YOY":-40.8973791739,"GROSS_PROFIT_RATIO":67.672520869366,"EPS_TTM":0.06085580529,"OPERATE_INCOME_QOQ":3.794616539074,"NET_PROFIT_RATIO":31.9318868906,"ROE_AVG":4.979907349031,"GROSS_PROFIT_QOQ":-15.43708411843,"ROA":2.777297073192,"HOLDER_PROFIT_QOQ":-19.599608008944,"ROE_YEARLY":4.979907349031,"ROIC_YEARLY":2.876921621654,"TOTAL_ASSETS":2064724823.21,"TOTAL_LIABILITIES":883794191.84,"TAX_EBT":21.480106956802,"OCF_SALES":47.154220041153,"TOTAL_PARENT_EQUITY":1180930631.37,"DEBT_ASSET_RATIO":42.8044542258,"OPERATE_PROFIT":112455546.84,"PRETAX_PROFIT":77503678.28,"NETCASH_OPERATE":89866535.08,"NETCASH_INVEST":1968767.08,"NETCASH_FINANCE":-91657541.43,"END_CASH":73171318.78,"DIVI_RATIO":null,"DIVIDEND_RATE":null,"CURRENT_RATIO":3.33999874596,"COMMON_ACS":10000000000,"CURRENTDEBT_DEBT":35.462789268561,"ISSUED_COMMON_SHARES":1000000000,"HK_COMMON_SHARES":1000000000,"PER_SHARES":5000,"TOTAL_MARKET_CAP":550000000,"HKSK_MARKET_CAP":550000000,"PE_TTM":6.488450558007,"PB_TTM":0.399508676965,"REPORT_DATE_SQ":"2021-12-31 00:00:00","REPORT_TYPE_SQ":"2021年年报","OPERATE_INCOME_SQ":203203033.6,"DPS_HKD":null,"OPERATE_INCOME_QOQ_SQ":-24.177160010707,"NET_PROFIT_RATIO_SQ":46.3791965751,"HOLDER_PROFIT_SQ":94243934.4,"HOLDER_PROFIT_QOQ_SQ":-21.345806377742,"ROE_AVG_SQ":8.634980326352,"PE_TTM_SQ":7.513357079252,"PB_TTM_SQ":0.415427436367,"ROA_SQ":4.548218358989,"START_DATE":"2022-01-01 00:00:00","FISCAL_YEAR":"12-31","CURRENCY":"HKD","IS_CNY_CODE":0,"DPS_HKD_LY":0.05,"ORG_TYPE":"一般企业","PREMIUM_INCOME":null,"PREMIUM_INCOME_YOY":null,"NET_INTEREST_INCOME":null,"NET_INTEREST_INCOME_YOY":null,"FEE_COMMISSION_INCOME":null,"FEE_COMMISSION_INCOME_YOY":null,"ACCOUNTS_RECE_TDAYS":0.467495672371,"INVENTORY_TDAYS":38.758640067435,"CURRENT_ASSETS_TDAYS":0.209077661673,"TOTAL_ASSETS_TDAYS":0.086975664254,"PREMIUM_EXPENSE":null,"LOAN_DEPOSIT":null,"LOAN_EQUITY":null,"LOAN_ASSETS":null,"DEPOSIT_EQUITY":null,"DEPOSIT_ASSETS":null,"EQUITY_MULTIPLIER":1.748387897106,"EQUITY_RATIO":0.748387897107},{"SECUCODE":"01790.HK","SECURITY_CODE":"01790","SECURITY_NAME_ABBR":"达力环保","ORG_CODE":"10936324","STD_REPORT_DATE":"2022-06-30 00:00:00","REPORT_DATE":"2022-06-30 00:00:00","DATE_TYPE_CODE":"002","REPORT_TYPE":"2022年中报","PER_NETCASH_OPERATE":0.17641115877,"PER_OI":0.09046883972,"BPS":1.18379333674,"BASIC_EPS":0.0256557,"DILUTED_EPS":0.0256557,"OPERATE_INCOME":90468839.72,"OPERATE_INCOME_YOY":-20.0211688214,"GROSS_PROFIT":61224762.48,"GROSS_PROFIT_YOY":-23.784862841096,"HOLDER_PROFIT":29647726.92,"HOLDER_PROFIT_YOY":-40.153293744,"GROSS_PROFIT_RATIO":67.674972586683,"EPS_TTM":0.07569093108,"OPERATE_INCOME_QOQ":-9.640792035892,"NET_PROFIT_RATIO":32.7712027829,"ROE_AVG":2.477798941496,"GROSS_PROFIT_QOQ":-11.133113875217,"ROA":1.370211960344,"HOLDER_PROFIT_QOQ":-19.686151090908,"ROE_YEARLY":4.955597882993,"ROIC_YEARLY":2.942190513795,"TOTAL_ASSETS":2108615472.11,"TOTAL_LIABILITIES":924822135.37,"TAX_EBT":20.542733377644,"OCF_SALES":194.99659696752,"TOTAL_PARENT_EQUITY":1183793336.74,"DEBT_ASSET_RATIO":43.8592122463,"OPERATE_PROFIT":54939971.17,"PRETAX_PROFIT":37312794.89,"NETCASH_OPERATE":176411158.77,"NETCASH_INVEST":744015.3,"NETCASH_FINANCE":-22386308.63,"END_CASH":221529272.79,"DIVI_RATIO":null,"DIVIDEND_RATE":null,"CURRENT_RATIO":2.186301391367,"COMMON_ACS":10000000000,"CURRENTDEBT_DEBT":35.343616697629,"ISSUED_COMMON_SHARES":1000000000,"HK_COMMON_SHARES":1000000000,"PER_SHARES":5000,"TOTAL_MARKET_CAP":550000000,"HKSK_MARKET_CAP":550000000,"PE_TTM":6.488450558007,"PB_TTM":0.399508676965,"REPORT_DATE_SQ":"2021-06-30 00:00:00","REPORT_TYPE_SQ":"2021年中报","OPERATE_INCOME_SQ":110059221.6,"DPS_HKD":null,"OPERATE_INCOME_QOQ_SQ":4.408356680224,"NET_PROFIT_RATIO_SQ":43.7952672564,"HOLDER_PROFIT_SQ":48200730.24,"HOLDER_PROFIT_QOQ_SQ":12.509982219434,"ROE_AVG_SQ":4.482155098908,"PE_TTM_SQ":7.513357079252,"PB_TTM_SQ":0.415427436367,"ROA_SQ":2.311968471851,"START_DATE":"2022-01-01 00:00:00","FISCAL_YEAR":"12-31","CURRENCY":"HKD","IS_CNY_CODE":0,"DPS_HKD_LY":0.05,"ORG_TYPE":"一般企业","PREMIUM_INCOME":null,"PREMIUM_INCOME_YOY":null,"NET_INTEREST_INCOME":null,"NET_INTEREST_INCOME_YOY":null,"FEE_COMMISSION_INCOME":null,"FEE_COMMISSION_INCOME_YOY":null,"ACCOUNTS_RECE_TDAYS":0.258080885089,"INVENTORY_TDAYS":22.147668393782,"CURRENT_ASSETS_TDAYS":0.124119085709,"TOTAL_ASSETS_TDAYS":0.041811463846,"PREMIUM_EXPENSE":null,"LOAN_DEPOSIT":null,"LOAN_EQUITY":null,"LOAN_ASSETS":null,"DEPOSIT_EQUITY":null,"DEPOSIT_ASSETS":null,"EQUITY_MULTIPLIER":1.781236138665,"EQUITY_RATIO":0.781236138663},{"SECUCODE":"01790.HK","SECURITY_CODE":"01790","SECURITY_NAME_ABBR":"达力环保","ORG_CODE":"10936324","STD_REPORT_DATE":"2021-12-31 00:00:00","REPORT_DATE":"2021-12-31 00:00:00","DATE_TYPE_CODE":"001","REPORT_TYPE":"2021年年报","PER_NETCASH_OPERATE":-0.0044428384,"PER_OI":0.2032030336,"BPS":1.1561223744,"BASIC_EPS":0.098112,"DILUTED_EPS":0.098112,"OPERATE_INCOME":203203033.6,"OPERATE_INCOME_YOY":-18.5069086951,"GROSS_PROFIT":171620780.8,"GROSS_PROFIT_YOY":2.38773368105,"HOLDER_PROFIT":94243934.4,"HOLDER_PROFIT_YOY":-8.9041853702,"GROSS_PROFIT_RATIO":84.457784787717,"EPS_TTM":0.0942439344,"OPERATE_INCOME_QOQ":-24.177160010707,"NET_PROFIT_RATIO":46.3791965751,"ROE_AVG":8.634980326352,"GROSS_PROFIT_QOQ":-5.906214475323,"ROA":4.548218358989,"HOLDER_PROFIT_QOQ":-21.345806377742,"ROE_YEARLY":8.634980326352,"ROIC_YEARLY":4.730484785534,"TOTAL_ASSETS":2121320432,"TOTAL_LIABILITIES":965198057.6,"TAX_EBT":25.71437777921,"OCF_SALES":-2.186403579361,"TOTAL_PARENT_EQUITY":1156122374.4,"DEBT_ASSET_RATIO":45.4998708842,"OPERATE_PROFIT":160848900.8,"PRETAX_PROFIT":126866992,"NETCASH_OPERATE":-4442838.4,"NETCASH_INVEST":443139.2,"NETCASH_FINANCE":-13398828.8,"END_CASH":71928360,"DIVI_RATIO":null,"DIVIDEND_RATE":null,"CURRENT_RATIO":2.021160895372,"COMMON_ACS":10000000000,"CURRENTDEBT_DEBT":36.419697660196,"ISSUED_COMMON_SHARES":1000000000,"HK_COMMON_SHARES":1000000000,"PER_SHARES":5000,"TOTAL_MARKET_CAP":550000000,"HKSK_MARKET_CAP":550000000,"PE_TTM":6.488450558007,"PB_TTM":0.399508676965,"REPORT_DATE_SQ":"2020-12-31 00:00:00","REPORT_TYPE_SQ":"2020年年报","OPERATE_INCOME_SQ":256681683.92,"DPS_HKD":null,"OPERATE_INCOME_QOQ_SQ":-39.531449826422,"NET_PROFIT_RATIO_SQ":41.4902058509,"HOLDER_PROFIT_SQ":106497759.04,"HOLDER_PROFIT_QOQ_SQ":14.768647788204,"ROE_AVG_SQ":10.928403909442,"PE_TTM_SQ":7.513357079252,"PB_TTM_SQ":0.415427436367,"ROA_SQ":5.393231608559,"START_DATE":"2021-01-01 00:00:00","FISCAL_YEAR":"12-31","CURRENCY":"HKD","IS_CNY_CODE":0,"DPS_HKD_LY":null,"ORG_TYPE":"一般企业","PREMIUM_INCOME":null,"PREMIUM_INCOME_YOY":null,"NET_INTEREST_INCOME":null,"NET_INTEREST_INCOME_YOY":null,"FEE_COMMISSION_INCOME":null,"FEE_COMMISSION_INCOME_YOY":null,"ACCOUNTS_RECE_TDAYS":0.550500861071,"INVENTORY_TDAYS":27.591428571429,"CURRENT_ASSETS_TDAYS":0.297693182077,"TOTAL_ASSETS_TDAYS":0.098065915213,"PREMIUM_EXPENSE":null,"LOAN_DEPOSIT":null,"LOAN_EQUITY":null,"LOAN_ASSETS":null,"DEPOSIT_EQUITY":null,"DEPOSIT_ASSETS":null,"EQUITY_MULTIPLIER":1.834858038364,"EQUITY_RATIO":0.834858038364},{"SECUCODE":"01790.HK","SECURITY_CODE":"01790","SECURITY_NAME_ABBR":"达力环保","ORG_CODE":"10936324","STD_REPORT_DATE":"2021-06-30 00:00:00","REPORT_DATE":"2021-06-30 00:00:00","DATE_TYPE_CODE":"002","REPORT_TYPE":"2021年中报","PER_NETCASH_OPERATE":-0.02263756848,"PER_OI":0.1100592216,"BPS":1.10588174856,"BASIC_EPS":0.0499248,"DILUTED_EPS":0.0499248,"OPERATE_INCOME":110059221.6,"OPERATE_INCOME_YOY":22.357795025,"GROSS_PROFIT":80331499.44,"GROSS_PROFIT_YOY":22.537482260754,"HOLDER_PROFIT":48200730.24,"HOLDER_PROFIT_YOY":51.7114946442,"GROSS_PROFIT_RATIO":72.989339986392,"EPS_TTM":0.11982060976,"OPERATE_INCOME_QOQ":4.408356680224,"NET_PROFIT_RATIO":43.7952672564,"ROE_AVG":4.482155098908,"GROSS_PROFIT_QOQ":8.814554659615,"ROA":2.311968471851,"HOLDER_PROFIT_QOQ":12.509982219434,"ROE_YEARLY":8.964310197816,"ROIC_YEARLY":4.812189973012,"TOTAL_ASSETS":2110951180.56,"TOTAL_LIABILITIES":1005069432,"TAX_EBT":17.705388472958,"OCF_SALES":-20.568534059122,"TOTAL_PARENT_EQUITY":1105881748.56,"DEBT_ASSET_RATIO":47.6121589763,"OPERATE_PROFIT":75573666,"PRETAX_PROFIT":58570943.28,"NETCASH_OPERATE":-22637568.48,"NETCASH_INVEST":416040,"NETCASH_FINANCE":6181522.32,"END_CASH":73814648.88,"DIVI_RATIO":null,"DIVIDEND_RATE":null,"CURRENT_RATIO":3.510338233537,"COMMON_ACS":10000000000,"CURRENTDEBT_DEBT":20.78069376604,"ISSUED_COMMON_SHARES":1000000000,"HK_COMMON_SHARES":1000000000,"PER_SHARES":5000,"TOTAL_MARKET_CAP":550000000,"HKSK_MARKET_CAP":550000000,"PE_TTM":6.488450558007,"PB_TTM":0.399508676965,"REPORT_DATE_SQ":"2020-06-30 00:00:00","REPORT_TYPE_SQ":"2020年中报","OPERATE_INCOME_SQ":98743777.44,"DPS_HKD":null,"OPERATE_INCOME_QOQ_SQ":-8.056992572909,"NET_PROFIT_RATIO_SQ":35.321597395,"HOLDER_PROFIT_SQ":34877879.52,"HOLDER_PROFIT_QOQ_SQ":-3.813024380758,"ROE_AVG_SQ":3.571699173934,"PE_TTM_SQ":7.513357079252,"PB_TTM_SQ":0.415427436367,"ROA_SQ":1.732053583296,"START_DATE":"2021-01-01 00:00:00","FISCAL_YEAR":"12-31","CURRENCY":"HKD","IS_CNY_CODE":0,"DPS_HKD_LY":null,"ORG_TYPE":"一般企业","PREMIUM_INCOME":null,"PREMIUM_INCOME_YOY":null,"NET_INTEREST_INCOME":null,"NET_INTEREST_INCOME_YOY":null,"FEE_COMMISSION_INCOME":null,"FEE_COMMISSION_INCOME_YOY":null,"ACCOUNTS_RECE_TDAYS":0.309154738643,"INVENTORY_TDAYS":31.984780662489,"CURRENT_ASSETS_TDAYS":0.15728733746,"TOTAL_ASSETS_TDAYS":0.052790372492,"PREMIUM_EXPENSE":null,"LOAN_DEPOSIT":null,"LOAN_EQUITY":null,"LOAN_ASSETS":null,"DEPOSIT_EQUITY":null,"DEPOSIT_ASSETS":null,"EQUITY_MULTIPLIER":1.908839876695,"EQUITY_RATIO":0.908839876695},{"SECUCODE":"01790.HK","SECURITY_CODE":"01790","SECURITY_NAME_ABBR":"达力环保","ORG_CODE":"10936324","STD_REPORT_DATE":"2020-12-31 00:00:00","REPORT_DATE":"2020-12-31 00:00:00","DATE_TYPE_CODE":"001","REPORT_TYPE":"2020年年报","PER_NETCASH_OPERATE":-0.01918350052,"PER_OI":0.25668168392,"BPS":1.05690710444,"BASIC_EPS":0.1094132,"DILUTED_EPS":0.1094132,"OPERATE_INCOME":256681683.92,"OPERATE_INCOME_YOY":-40.8270453492,"GROSS_PROFIT":167618497.48,"GROSS_PROFIT_YOY":9.370070910342,"HOLDER_PROFIT":106497759.04,"HOLDER_PROFIT_YOY":17.4936859308,"GROSS_PROFIT_RATIO":65.302087363679,"EPS_TTM":0.10649775904,"OPERATE_INCOME_QOQ":-39.531449826422,"NET_PROFIT_RATIO":41.4902058509,"ROE_AVG":10.928403909442,"GROSS_PROFIT_QOQ":3.036170737127,"ROA":5.393231608559,"HOLDER_PROFIT_QOQ":14.768647788204,"ROE_YEARLY":10.928403909442,"ROIC_YEARLY":5.753223730366,"TOTAL_ASSETS":2082372221.76,"TOTAL_LIABILITIES":1025465117.32,"TAX_EBT":17.886553449406,"OCF_SALES":-7.473653837326,"TOTAL_PARENT_EQUITY":1056907104.44,"DEBT_ASSET_RATIO":49.2450440226,"OPERATE_PROFIT":167536858.4,"PRETAX_PROFIT":129695882.36,"NETCASH_OPERATE":-19183500.52,"NETCASH_INVEST":1422371.6,"NETCASH_FINANCE":-51704470.12,"END_CASH":90329013,"DIVI_RATIO":null,"DIVIDEND_RATE":null,"CURRENT_RATIO":2.683188355292,"COMMON_ACS":10000000000,"CURRENTDEBT_DEBT":24.493829268073,"ISSUED_COMMON_SHARES":1000000000,"HK_COMMON_SHARES":1000000000,"PER_SHARES":5000,"TOTAL_MARKET_CAP":550000000,"HKSK_MARKET_CAP":550000000,"PE_TTM":6.488450558007,"PB_TTM":0.399508676965,"REPORT_DATE_SQ":"2019-12-31 00:00:00","REPORT_TYPE_SQ":"2019年年报","OPERATE_INCOME_SQ":461685907.78,"DPS_HKD":null,"OPERATE_INCOME_QOQ_SQ":14.553341565437,"NET_PROFIT_RATIO_SQ":20.8955745138,"HOLDER_PROFIT_SQ":96471922.88,"HOLDER_PROFIT_QOQ_SQ":20.493651072514,"ROE_AVG_SQ":10.610783103893,"PE_TTM_SQ":7.513357079252,"PB_TTM_SQ":0.415427436367,"ROA_SQ":5.137063813336,"START_DATE":"2020-01-01 00:00:00","FISCAL_YEAR":"12-31","CURRENCY":"HKD","IS_CNY_CODE":0,"DPS_HKD_LY":null,"ORG_TYPE":"一般企业","PREMIUM_INCOME":null,"PREMIUM_INCOME_YOY":null,"NET_INTEREST_INCOME":null,"NET_INTEREST_INCOME_YOY":null,"FEE_COMMISSION_INCOME":null,"FEE_COMMISSION_INCOME_YOY":null,"ACCOUNTS_RECE_TDAYS":1.036749470965,"INVENTORY_TDAYS":90.137137989779,"CURRENT_ASSETS_TDAYS":0.419137695978,"TOTAL_ASSETS_TDAYS":0.129988065809,"PREMIUM_EXPENSE":null,"LOAN_DEPOSIT":null,"LOAN_EQUITY":null,"LOAN_ASSETS":null,"DEPOSIT_EQUITY":null,"DEPOSIT_ASSETS":null,"EQUITY_MULTIPLIER":1.970250945435,"EQUITY_RATIO":0.970250945435},{"SECUCODE":"01790.HK","SECURITY_CODE":"01790","SECURITY_NAME_ABBR":"达力环保","ORG_CODE":"10936324","STD_REPORT_DATE":"2020-06-30 00:00:00","REPORT_DATE":"2020-06-30 00:00:00","DATE_TYPE_CODE":"002","REPORT_TYPE":"2020年中报","PER_NETCASH_OPERATE":-0.00220047696,"PER_OI":0.09874377744,"BPS":0.9848070672,"BASIC_EPS":0.0365376,"DILUTED_EPS":0.0365376,"OPERATE_INCOME":98743777.44,"OPERATE_INCOME_YOY":-30.0493726503,"GROSS_PROFIT":65556675.36,"GROSS_PROFIT_YOY":16.782912725985,"HOLDER_PROFIT":34877879.52,"HOLDER_PROFIT_YOY":-12.8858570418,"GROSS_PROFIT_RATIO":66.39069018788,"EPS_TTM":0.09279342494,"OPERATE_INCOME_QOQ":-8.056992572909,"NET_PROFIT_RATIO":35.321597395,"ROE_AVG":3.571699173934,"GROSS_PROFIT_QOQ":6.147258897436,"ROA":1.732053583296,"HOLDER_PROFIT_QOQ":-3.813024380758,"ROE_YEARLY":7.143398347868,"ROIC_YEARLY":3.75842176406,"TOTAL_ASSETS":2001136948.8,"TOTAL_LIABILITIES":1016329881.6,"TAX_EBT":16.465028768951,"OCF_SALES":-2.228471522003,"TOTAL_PARENT_EQUITY":984807067.2,"DEBT_ASSET_RATIO":50.7876226167,"OPERATE_PROFIT":62688473.76,"PRETAX_PROFIT":41752428.96,"NETCASH_OPERATE":-2200476.96,"NETCASH_INVEST":1366506.24,"NETCASH_FINANCE":-21772755.84,"END_CASH":145209556.8,"DIVI_RATIO":null,"DIVIDEND_RATE":null,"CURRENT_RATIO":2.227992812905,"COMMON_ACS":10000000000,"CURRENTDEBT_DEBT":27.311439459304,"ISSUED_COMMON_SHARES":1000000000,"HK_COMMON_SHARES":1000000000,"PER_SHARES":5000,"TOTAL_MARKET_CAP":550000000,"HKSK_MARKET_CAP":550000000,"PE_TTM":6.488450558007,"PB_TTM":0.399508676965,"REPORT_DATE_SQ":"2019-06-30 00:00:00","REPORT_TYPE_SQ":"2019年中报","OPERATE_INCOME_SQ":135941776.74,"DPS_HKD":null,"OPERATE_INCOME_QOQ_SQ":-6.604712436733,"NET_PROFIT_RATIO_SQ":28.3624198422,"HOLDER_PROFIT_SQ":38556377.46,"HOLDER_PROFIT_QOQ_SQ":30.545017122249,"ROE_AVG_SQ":4.422540213625,"PE_TTM_SQ":7.513357079252,"PB_TTM_SQ":0.415427436367,"ROA_SQ":2.194294513863,"START_DATE":"2020-01-01 00:00:00","FISCAL_YEAR":"12-31","CURRENCY":"HKD","IS_CNY_CODE":0,"DPS_HKD_LY":null,"ORG_TYPE":"一般企业","PREMIUM_INCOME":null,"PREMIUM_INCOME_YOY":null,"NET_INTEREST_INCOME":null,"NET_INTEREST_INCOME_YOY":null,"FEE_COMMISSION_INCOME":null,"FEE_COMMISSION_INCOME_YOY":null,"ACCOUNTS_RECE_TDAYS":0.483199907026,"INVENTORY_TDAYS":35.742252828333,"CURRENT_ASSETS_TDAYS":0.162369643616,"TOTAL_ASSETS_TDAYS":0.049036671924,"PREMIUM_EXPENSE":null,"LOAN_DEPOSIT":null,"LOAN_EQUITY":null,"LOAN_ASSETS":null,"DEPOSIT_EQUITY":null,"DEPOSIT_ASSETS":null,"EQUITY_MULTIPLIER":2.032009126914,"EQUITY_RATIO":1.032009126914}],"count":16},"success":true,"message":"ok","code":0}