{"version":"69814c179cf5b941e380a64cf7e2d698","result":{"pages":2,"data":[{"SECUCODE":"01796.HK","SECURITY_CODE":"01796","SECURITY_NAME_ABBR":"METASPACEX","ORG_CODE":"10943682","STD_REPORT_DATE":"2024-06-30 00:00:00","REPORT_DATE":"2024-09-30 00:00:00","DATE_TYPE_CODE":"002","REPORT_TYPE":"2024年中报","PER_NETCASH_OPERATE":-0.019467391625,"PER_OI":0.260196474667,"BPS":0.184637745042,"BASIC_EPS":-0.019659022,"DILUTED_EPS":-0.019659022,"OPERATE_INCOME":124894307.84,"OPERATE_INCOME_YOY":-36.4810882457,"GROSS_PROFIT":4720870.65,"GROSS_PROFIT_YOY":-51.851809393765,"HOLDER_PROFIT":-9437232.35,"HOLDER_PROFIT_YOY":-2890,"GROSS_PROFIT_RATIO":3.779892560074,"EPS_TTM":-0.008383698854,"OPERATE_INCOME_QOQ":0,"NET_PROFIT_RATIO":-7.5561749076,"ROE_AVG":-10.110085450268,"GROSS_PROFIT_QOQ":0,"ROA":-5.387401254572,"HOLDER_PROFIT_QOQ":0,"ROE_YEARLY":-20.220170900537,"ROIC_YEARLY":-13.93906901937,"TOTAL_ASSETS":164904024.77,"TOTAL_LIABILITIES":76277907.15,"TAX_EBT":null,"OCF_SALES":-7.481804528651,"TOTAL_PARENT_EQUITY":88626117.62,"DEBT_ASSET_RATIO":46.2559402394,"OPERATE_PROFIT":-6921238.25,"PRETAX_PROFIT":-9437232.35,"NETCASH_OPERATE":-9344347.98,"NETCASH_INVEST":null,"NETCASH_FINANCE":-450895,"END_CASH":34867710.35,"DIVI_RATIO":null,"DIVIDEND_RATE":null,"CURRENT_RATIO":2.954008841962,"COMMON_ACS":1000000000,"CURRENTDEBT_DEBT":73.004669858722,"ISSUED_COMMON_SHARES":480000000,"HK_COMMON_SHARES":480000000,"PER_SHARES":2000,"TOTAL_MARKET_CAP":883200000,"HKSK_MARKET_CAP":883200000,"PE_TTM":-60.684347945582,"PB_TTM":8.986751867152,"REPORT_DATE_SQ":"2023-06-30 00:00:00","REPORT_TYPE_SQ":"2023年中报","OPERATE_INCOME_SQ":200079127.57,"DPS_HKD":null,"OPERATE_INCOME_QOQ_SQ":0,"NET_PROFIT_RATIO_SQ":-0.1605217415,"HOLDER_PROFIT_SQ":-321170.5,"HOLDER_PROFIT_QOQ_SQ":0,"ROE_AVG_SQ":-0.309715327369,"PE_TTM_SQ":-110.306406685237,"PB_TTM_SQ":14.038570618264,"ROA_SQ":-0.173127624738,"START_DATE":"2024-04-01 00:00:00","FISCAL_YEAR":"3-31","CURRENCY":"HKD","IS_CNY_CODE":0,"DPS_HKD_LY":null,"ORG_TYPE":"一般企业","PREMIUM_INCOME":null,"PREMIUM_INCOME_YOY":null,"NET_INTEREST_INCOME":null,"NET_INTEREST_INCOME_YOY":null,"FEE_COMMISSION_INCOME":null,"FEE_COMMISSION_INCOME_YOY":null,"ACCOUNTS_RECE_TDAYS":4.911554010923,"INVENTORY_TDAYS":null,"CURRENT_ASSETS_TDAYS":0.715528977177,"TOTAL_ASSETS_TDAYS":0.71297995619,"PREMIUM_EXPENSE":null,"LOAN_DEPOSIT":null,"LOAN_EQUITY":null,"LOAN_ASSETS":null,"DEPOSIT_EQUITY":null,"DEPOSIT_ASSETS":null,"EQUITY_MULTIPLIER":1.86067075032,"EQUITY_RATIO":0.860670750321},{"SECUCODE":"01796.HK","SECURITY_CODE":"01796","SECURITY_NAME_ABBR":"METASPACEX","ORG_CODE":"10943682","STD_REPORT_DATE":"2023-12-31 00:00:00","REPORT_DATE":"2024-03-31 00:00:00","DATE_TYPE_CODE":"001","REPORT_TYPE":"2023年年报","PER_NETCASH_OPERATE":0.063150650729,"PER_OI":0.869287017708,"BPS":0.205377013854,"BASIC_EPS":-0.00834026,"DILUTED_EPS":-0.00834026,"OPERATE_INCOME":417257768.5,"OPERATE_INCOME_YOY":123.570956711,"GROSS_PROFIT":18356730.95,"GROSS_PROFIT_YOY":72.985443598238,"HOLDER_PROFIT":-4024175.45,"HOLDER_PROFIT_YOY":76.2149707978,"GROSS_PROFIT_RATIO":4.399374280314,"EPS_TTM":-0.025938725021,"OPERATE_INCOME_QOQ":0,"NET_PROFIT_RATIO":-0.9644339192,"ROE_AVG":-4.000450602681,"GROSS_PROFIT_QOQ":0,"ROA":-2.214705163321,"HOLDER_PROFIT_QOQ":0,"ROE_YEARLY":-4.000450602681,"ROIC_YEARLY":-2.65607984395,"TOTAL_ASSETS":186419315.8,"TOTAL_LIABILITIES":87838349.15,"TAX_EBT":null,"OCF_SALES":7.264649010363,"TOTAL_PARENT_EQUITY":98580966.65,"DEBT_ASSET_RATIO":47.1186951701,"OPERATE_PROFIT":1270076.55,"PRETAX_PROFIT":-4024175.45,"NETCASH_OPERATE":30312312.35,"NETCASH_INVEST":1813.1,"NETCASH_FINANCE":-905643.45,"END_CASH":44898701.85,"DIVI_RATIO":null,"DIVIDEND_RATE":null,"CURRENT_RATIO":2.113663820253,"COMMON_ACS":1000000000,"CURRENTDEBT_DEBT":99.952524950203,"ISSUED_COMMON_SHARES":480000000,"HK_COMMON_SHARES":480000000,"PER_SHARES":2000,"TOTAL_MARKET_CAP":864000000,"HKSK_MARKET_CAP":864000000,"PE_TTM":-59.365122990243,"PB_TTM":8.791387696127,"REPORT_DATE_SQ":"2022-12-31 00:00:00","REPORT_TYPE_SQ":"2022年年报","OPERATE_INCOME_SQ":180222407.52,"DPS_HKD":null,"OPERATE_INCOME_QOQ_SQ":0,"NET_PROFIT_RATIO_SQ":-9.0653415715,"HOLDER_PROFIT_SQ":-16337776.83,"HOLDER_PROFIT_QOQ_SQ":0,"ROE_AVG_SQ":-15.233423255396,"PE_TTM_SQ":-99.944289693593,"PB_TTM_SQ":12.719795802609,"ROA_SQ":-9.26028838234,"START_DATE":"2023-04-01 00:00:00","FISCAL_YEAR":"3-31","CURRENCY":"HKD","IS_CNY_CODE":0,"DPS_HKD_LY":null,"ORG_TYPE":"一般企业","PREMIUM_INCOME":null,"PREMIUM_INCOME_YOY":null,"NET_INTEREST_INCOME":null,"NET_INTEREST_INCOME_YOY":null,"FEE_COMMISSION_INCOME":null,"FEE_COMMISSION_INCOME_YOY":null,"ACCOUNTS_RECE_TDAYS":12.418919648157,"INVENTORY_TDAYS":null,"CURRENT_ASSETS_TDAYS":2.313088926301,"TOTAL_ASSETS_TDAYS":2.296378340892,"PREMIUM_EXPENSE":null,"LOAN_DEPOSIT":null,"LOAN_EQUITY":null,"LOAN_ASSETS":null,"DEPOSIT_EQUITY":null,"DEPOSIT_ASSETS":null,"EQUITY_MULTIPLIER":1.891027468435,"EQUITY_RATIO":0.891027468435},{"SECUCODE":"01796.HK","SECURITY_CODE":"01796","SECURITY_NAME_ABBR":"METASPACEX","ORG_CODE":"10943682","STD_REPORT_DATE":"2023-06-30 00:00:00","REPORT_DATE":"2023-09-30 00:00:00","DATE_TYPE_CODE":"002","REPORT_TYPE":"2023年中报","PER_NETCASH_OPERATE":0.039423678875,"PER_OI":0.416831515771,"BPS":0.215704225333,"BASIC_EPS":-0.000642341,"DILUTED_EPS":-0.000642341,"OPERATE_INCOME":200079127.57,"OPERATE_INCOME_YOY":124.1170545185,"GROSS_PROFIT":9804876.55,"GROSS_PROFIT_YOY":63.191718653495,"HOLDER_PROFIT":-321170.5,"HOLDER_PROFIT_YOY":92.4779712014,"GROSS_PROFIT_RATIO":4.900499451933,"EPS_TTM":-0.034037035063,"OPERATE_INCOME_QOQ":0,"NET_PROFIT_RATIO":-0.1605217415,"ROE_AVG":-0.309715327369,"GROSS_PROFIT_QOQ":0,"ROA":-0.173127624738,"HOLDER_PROFIT_QOQ":0,"ROE_YEARLY":-0.619430654738,"ROIC_YEARLY":-0.400009143066,"TOTAL_ASSETS":191872762.48,"TOTAL_LIABILITIES":88334734.32,"TAX_EBT":null,"OCF_SALES":9.457941010553,"TOTAL_PARENT_EQUITY":103538028.16,"DEBT_ASSET_RATIO":46.0381834181,"OPERATE_PROFIT":2362897.25,"PRETAX_PROFIT":-321170.5,"NETCASH_OPERATE":18923365.86,"NETCASH_INVEST":null,"NETCASH_FINANCE":-423945.06,"END_CASH":34178964.61,"DIVI_RATIO":null,"DIVIDEND_RATE":null,"CURRENT_RATIO":2.166482393191,"COMMON_ACS":1000000000,"CURRENTDEBT_DEBT":99.592786503781,"ISSUED_COMMON_SHARES":480000000,"HK_COMMON_SHARES":480000000,"PER_SHARES":2000,"TOTAL_MARKET_CAP":864000000,"HKSK_MARKET_CAP":864000000,"PE_TTM":-59.365122990243,"PB_TTM":8.791387696127,"REPORT_DATE_SQ":"2022-06-30 00:00:00","REPORT_TYPE_SQ":"2022年中报","OPERATE_INCOME_SQ":87991158.72,"DPS_HKD":null,"OPERATE_INCOME_QOQ_SQ":0,"NET_PROFIT_RATIO_SQ":-4.7827070142,"HOLDER_PROFIT_SQ":-4208359.32,"HOLDER_PROFIT_QOQ_SQ":0,"ROE_AVG_SQ":-3.592536973483,"PE_TTM_SQ":-99.944289693593,"PB_TTM_SQ":12.719795802609,"ROA_SQ":-2.27538350946,"START_DATE":"2023-04-01 00:00:00","FISCAL_YEAR":"3-31","CURRENCY":"HKD","IS_CNY_CODE":0,"DPS_HKD_LY":null,"ORG_TYPE":"一般企业","PREMIUM_INCOME":null,"PREMIUM_INCOME_YOY":null,"NET_INTEREST_INCOME":null,"NET_INTEREST_INCOME_YOY":null,"FEE_COMMISSION_INCOME":null,"FEE_COMMISSION_INCOME_YOY":null,"ACCOUNTS_RECE_TDAYS":5.230069921683,"INVENTORY_TDAYS":null,"CURRENT_ASSETS_TDAYS":1.087549535754,"TOTAL_ASSETS_TDAYS":1.078530690581,"PREMIUM_EXPENSE":null,"LOAN_DEPOSIT":null,"LOAN_EQUITY":null,"LOAN_ASSETS":null,"DEPOSIT_EQUITY":null,"DEPOSIT_ASSETS":null,"EQUITY_MULTIPLIER":1.853162223481,"EQUITY_RATIO":0.853162223483},{"SECUCODE":"01796.HK","SECURITY_CODE":"01796","SECURITY_NAME_ABBR":"METASPACEX","ORG_CODE":"10943682","STD_REPORT_DATE":"2022-12-31 00:00:00","REPORT_DATE":"2023-03-31 00:00:00","DATE_TYPE_CODE":"001","REPORT_TYPE":"2022年年报","PER_NETCASH_OPERATE":-0.004378873771,"PER_OI":0.375463349,"BPS":0.206418030458,"BASIC_EPS":-0.034053449,"DILUTED_EPS":-0.034053449,"OPERATE_INCOME":180222407.52,"OPERATE_INCOME_YOY":-11.3396467746,"GROSS_PROFIT":10611720.02,"GROSS_PROFIT_YOY":32.30104733155,"HOLDER_PROFIT":-16337776.83,"HOLDER_PROFIT_YOY":-364.2537313433,"GROSS_PROFIT_RATIO":5.888124659983,"EPS_TTM":-0.013310362,"OPERATE_INCOME_QOQ":0,"NET_PROFIT_RATIO":-9.0653415715,"ROE_AVG":-15.233423255396,"GROSS_PROFIT_QOQ":0,"ROA":-9.26028838234,"HOLDER_PROFIT_QOQ":0,"ROE_YEARLY":-15.233423255396,"ROIC_YEARLY":-10.132664446091,"TOTAL_ASSETS":170906294.3,"TOTAL_LIABILITIES":71825639.68,"TAX_EBT":null,"OCF_SALES":-1.166258646149,"TOTAL_PARENT_EQUITY":99080654.62,"DEBT_ASSET_RATIO":42.0263279209,"OPERATE_PROFIT":-11516018.55,"PRETAX_PROFIT":-16337776.83,"NETCASH_OPERATE":-2101859.41,"NETCASH_INVEST":875.41,"NETCASH_FINANCE":1637892.11,"END_CASH":14958130.67,"DIVI_RATIO":null,"DIVIDEND_RATE":null,"CURRENT_RATIO":6.877620013523,"COMMON_ACS":1000000000,"CURRENTDEBT_DEBT":34.249463728549,"ISSUED_COMMON_SHARES":480000000,"HK_COMMON_SHARES":480000000,"PER_SHARES":2000,"TOTAL_MARKET_CAP":864000000,"HKSK_MARKET_CAP":864000000,"PE_TTM":-59.365122990243,"PB_TTM":8.791387696127,"REPORT_DATE_SQ":"2021-12-31 00:00:00","REPORT_TYPE_SQ":"2021年年报","OPERATE_INCOME_SQ":188318955.03,"DPS_HKD":null,"OPERATE_INCOME_QOQ_SQ":0,"NET_PROFIT_RATIO_SQ":-1.7312437824,"HOLDER_PROFIT_SQ":-3260260.2,"HOLDER_PROFIT_QOQ_SQ":0,"ROE_AVG_SQ":-3.003249785215,"PE_TTM_SQ":-99.944289693593,"PB_TTM_SQ":12.719795802609,"ROA_SQ":-1.921629082566,"START_DATE":"2022-04-01 00:00:00","FISCAL_YEAR":"3-31","CURRENCY":"HKD","IS_CNY_CODE":0,"DPS_HKD_LY":null,"ORG_TYPE":"一般企业","PREMIUM_INCOME":null,"PREMIUM_INCOME_YOY":null,"NET_INTEREST_INCOME":null,"NET_INTEREST_INCOME_YOY":null,"FEE_COMMISSION_INCOME":null,"FEE_COMMISSION_INCOME_YOY":null,"ACCOUNTS_RECE_TDAYS":5.459782003342,"INVENTORY_TDAYS":null,"CURRENT_ASSETS_TDAYS":1.029833723513,"TOTAL_ASSETS_TDAYS":1.0215046294,"PREMIUM_EXPENSE":null,"LOAN_DEPOSIT":null,"LOAN_EQUITY":null,"LOAN_ASSETS":null,"DEPOSIT_EQUITY":null,"DEPOSIT_ASSETS":null,"EQUITY_MULTIPLIER":1.724920923821,"EQUITY_RATIO":0.724920923822},{"SECUCODE":"01796.HK","SECURITY_CODE":"01796","SECURITY_NAME_ABBR":"METASPACEX","ORG_CODE":"10943682","STD_REPORT_DATE":"2022-06-30 00:00:00","REPORT_DATE":"2022-09-30 00:00:00","DATE_TYPE_CODE":"002","REPORT_TYPE":"2022年中报","PER_NETCASH_OPERATE":0.00016016125,"PER_OI":0.183314914,"BPS":0.239661526,"BASIC_EPS":-0.008773068,"DILUTED_EPS":-0.008773068,"OPERATE_INCOME":87991158.72,"OPERATE_INCOME_YOY":-7.9705620826,"GROSS_PROFIT":6008194.92,"GROSS_PROFIT_YOY":48.124861479519,"HOLDER_PROFIT":-4208359.32,"HOLDER_PROFIT_YOY":-259.0277777778,"GROSS_PROFIT_RATIO":6.828180248335,"EPS_TTM":-0.00679220875,"OPERATE_INCOME_QOQ":0,"NET_PROFIT_RATIO":-4.7827070142,"ROE_AVG":-3.592536973483,"GROSS_PROFIT_QOQ":0,"ROA":-2.27538350946,"HOLDER_PROFIT_QOQ":0,"ROE_YEARLY":-7.185073946965,"ROIC_YEARLY":-5.012631227411,"TOTAL_ASSETS":181919061.6,"TOTAL_LIABILITIES":66881529.12,"TAX_EBT":null,"OCF_SALES":0.087369459748,"TOTAL_PARENT_EQUITY":115037532.48,"DEBT_ASSET_RATIO":36.7644426767,"OPERATE_PROFIT":-1836013.2,"PRETAX_PROFIT":-4208359.32,"NETCASH_OPERATE":76877.4,"NETCASH_INVEST":null,"NETCASH_FINANCE":2140809.48,"END_CASH":18150301.92,"DIVI_RATIO":null,"DIVIDEND_RATE":null,"CURRENT_RATIO":8.454020079305,"COMMON_ACS":1000000000,"CURRENTDEBT_DEBT":32.057662140964,"ISSUED_COMMON_SHARES":480000000,"HK_COMMON_SHARES":480000000,"PER_SHARES":2000,"TOTAL_MARKET_CAP":864000000,"HKSK_MARKET_CAP":864000000,"PE_TTM":-59.365122990243,"PB_TTM":8.791387696127,"REPORT_DATE_SQ":"2021-06-30 00:00:00","REPORT_TYPE_SQ":"2021年中报","OPERATE_INCOME_SQ":88066104.84,"DPS_HKD":null,"OPERATE_INCOME_QOQ_SQ":0,"NET_PROFIT_RATIO_SQ":-1.2259492593,"HOLDER_PROFIT_SQ":-1079645.76,"HOLDER_PROFIT_QOQ_SQ":0,"ROE_AVG_SQ":-0.958459365316,"PE_TTM_SQ":-99.944289693593,"PB_TTM_SQ":12.719795802609,"ROA_SQ":-0.629318675129,"START_DATE":"2022-04-01 00:00:00","FISCAL_YEAR":"3-31","CURRENCY":"HKD","IS_CNY_CODE":0,"DPS_HKD_LY":null,"ORG_TYPE":"一般企业","PREMIUM_INCOME":null,"PREMIUM_INCOME_YOY":null,"NET_INTEREST_INCOME":null,"NET_INTEREST_INCOME_YOY":null,"FEE_COMMISSION_INCOME":null,"FEE_COMMISSION_INCOME_YOY":null,"ACCOUNTS_RECE_TDAYS":3.096470288679,"INVENTORY_TDAYS":null,"CURRENT_ASSETS_TDAYS":0.478121874685,"TOTAL_ASSETS_TDAYS":0.475752226238,"PREMIUM_EXPENSE":null,"LOAN_DEPOSIT":null,"LOAN_EQUITY":null,"LOAN_ASSETS":null,"DEPOSIT_EQUITY":null,"DEPOSIT_ASSETS":null,"EQUITY_MULTIPLIER":1.581388766588,"EQUITY_RATIO":0.581388766589},{"SECUCODE":"01796.HK","SECURITY_CODE":"01796","SECURITY_NAME_ABBR":"METASPACEX","ORG_CODE":"10943682","STD_REPORT_DATE":"2021-12-31 00:00:00","REPORT_DATE":"2022-03-31 00:00:00","DATE_TYPE_CODE":"001","REPORT_TYPE":"2021年年报","PER_NETCASH_OPERATE":-0.003544789542,"PER_OI":0.392331156313,"BPS":0.222765861354,"BASIC_EPS":-0.006812484,"DILUTED_EPS":-0.006812484,"OPERATE_INCOME":188318955.03,"OPERATE_INCOME_YOY":-16.5283878899,"GROSS_PROFIT":8020888.9,"GROSS_PROFIT_YOY":133.723587085089,"HOLDER_PROFIT":-3260260.2,"HOLDER_PROFIT_YOY":87.6364754729,"GROSS_PROFIT_RATIO":4.259204230781,"EPS_TTM":-0.010893541708,"OPERATE_INCOME_QOQ":0,"NET_PROFIT_RATIO":-1.7312437824,"ROE_AVG":-3.003249785215,"GROSS_PROFIT_QOQ":0,"ROA":-1.921629082566,"HOLDER_PROFIT_QOQ":0,"ROE_YEARLY":-3.003249785215,"ROIC_YEARLY":-2.131320066484,"TOTAL_ASSETS":168565184.46,"TOTAL_LIABILITIES":61637571.01,"TAX_EBT":0.149031296572,"OCF_SALES":-0.903519765033,"TOTAL_PARENT_EQUITY":106927613.45,"DEBT_ASSET_RATIO":36.5660152228,"OPERATE_PROFIT":-2103759.94,"PRETAX_PROFIT":-3265126.26,"NETCASH_OPERATE":-1701498.98,"NETCASH_INVEST":811.01,"NETCASH_FINANCE":-3110223.35,"END_CASH":14286752.16,"DIVI_RATIO":null,"DIVIDEND_RATE":null,"CURRENT_RATIO":2.719275379491,"COMMON_ACS":1000000000,"CURRENTDEBT_DEBT":99.942106024921,"ISSUED_COMMON_SHARES":480000000,"HK_COMMON_SHARES":480000000,"PER_SHARES":2000,"TOTAL_MARKET_CAP":864000000,"HKSK_MARKET_CAP":864000000,"PE_TTM":-59.365122990243,"PB_TTM":8.791387696127,"REPORT_DATE_SQ":"2020-12-31 00:00:00","REPORT_TYPE_SQ":"2020年年报","OPERATE_INCOME_SQ":235113862.76,"DPS_HKD":null,"OPERATE_INCOME_QOQ_SQ":0,"NET_PROFIT_RATIO_SQ":-11.6883910533,"HOLDER_PROFIT_SQ":-27481027.7,"HOLDER_PROFIT_QOQ_SQ":0,"ROE_AVG_SQ":-21.374221433384,"PE_TTM_SQ":-99.944289693593,"PB_TTM_SQ":12.719795802609,"ROA_SQ":-13.140187595728,"START_DATE":"2021-04-01 00:00:00","FISCAL_YEAR":"3-31","CURRENCY":"HKD","IS_CNY_CODE":0,"DPS_HKD_LY":null,"ORG_TYPE":"一般企业","PREMIUM_INCOME":null,"PREMIUM_INCOME_YOY":null,"NET_INTEREST_INCOME":null,"NET_INTEREST_INCOME_YOY":null,"FEE_COMMISSION_INCOME":null,"FEE_COMMISSION_INCOME_YOY":null,"ACCOUNTS_RECE_TDAYS":8.118702143282,"INVENTORY_TDAYS":null,"CURRENT_ASSETS_TDAYS":1.119703537967,"TOTAL_ASSETS_TDAYS":1.10997024343,"PREMIUM_EXPENSE":null,"LOAN_DEPOSIT":null,"LOAN_EQUITY":null,"LOAN_ASSETS":null,"DEPOSIT_EQUITY":null,"DEPOSIT_ASSETS":null,"EQUITY_MULTIPLIER":1.576442034207,"EQUITY_RATIO":0.576442034207},{"SECUCODE":"01796.HK","SECURITY_CODE":"01796","SECURITY_NAME_ABBR":"METASPACEX","ORG_CODE":"10943682","STD_REPORT_DATE":"2021-06-30 00:00:00","REPORT_DATE":"2021-09-30 00:00:00","DATE_TYPE_CODE":"002","REPORT_TYPE":"2021年中报","PER_NETCASH_OPERATE":-0.016956242083,"PER_OI":0.18347105175,"BPS":0.233550106542,"BASIC_EPS":-0.002249262,"DILUTED_EPS":-0.002249262,"OPERATE_INCOME":88066104.84,"OPERATE_INCOME_YOY":-26.7609341767,"GROSS_PROFIT":4056169.14,"GROSS_PROFIT_YOY":119.126532242956,"HOLDER_PROFIT":-1079645.76,"HOLDER_PROFIT_YOY":95.1190117505,"GROSS_PROFIT_RATIO":4.605823258982,"EPS_TTM":-0.057252141042,"OPERATE_INCOME_QOQ":0,"NET_PROFIT_RATIO":-1.2259492593,"ROE_AVG":-0.958459365316,"GROSS_PROFIT_QOQ":0,"ROA":-0.629318675129,"HOLDER_PROFIT_QOQ":0,"ROE_YEARLY":-1.916918730633,"ROIC_YEARLY":-1.385292490721,"TOTAL_ASSETS":167715804.5,"TOTAL_LIABILITIES":55611753.36,"TAX_EBT":null,"OCF_SALES":-9.241916870046,"TOTAL_PARENT_EQUITY":112104051.14,"DEBT_ASSET_RATIO":33.1583260897,"OPERATE_PROFIT":-471511.96,"PRETAX_PROFIT":-1079645.76,"NETCASH_OPERATE":-8138996.2,"NETCASH_INVEST":null,"NETCASH_FINANCE":275742.86,"END_CASH":11753643.54,"DIVI_RATIO":null,"DIVIDEND_RATE":null,"CURRENT_RATIO":3.006840749168,"COMMON_ACS":1000000000,"CURRENTDEBT_DEBT":99.41728084367,"ISSUED_COMMON_SHARES":480000000,"HK_COMMON_SHARES":480000000,"PER_SHARES":2000,"TOTAL_MARKET_CAP":864000000,"HKSK_MARKET_CAP":864000000,"PE_TTM":-59.365122990243,"PB_TTM":8.791387696127,"REPORT_DATE_SQ":"2020-06-30 00:00:00","REPORT_TYPE_SQ":"2020年中报","OPERATE_INCOME_SQ":126835323.52,"DPS_HKD":null,"OPERATE_INCOME_QOQ_SQ":0,"NET_PROFIT_RATIO_SQ":-18.3953277309,"HOLDER_PROFIT_SQ":-23331773.44,"HOLDER_PROFIT_QOQ_SQ":0,"ROE_AVG_SQ":-17.118836393646,"PE_TTM_SQ":-99.944289693593,"PB_TTM_SQ":12.719795802609,"ROA_SQ":-9.914621191047,"START_DATE":"2021-04-01 00:00:00","FISCAL_YEAR":"3-31","CURRENCY":"HKD","IS_CNY_CODE":0,"DPS_HKD_LY":null,"ORG_TYPE":"一般企业","PREMIUM_INCOME":null,"PREMIUM_INCOME_YOY":null,"NET_INTEREST_INCOME":null,"NET_INTEREST_INCOME_YOY":null,"FEE_COMMISSION_INCOME":null,"FEE_COMMISSION_INCOME_YOY":null,"ACCOUNTS_RECE_TDAYS":3.920124596729,"INVENTORY_TDAYS":null,"CURRENT_ASSETS_TDAYS":0.518504530796,"TOTAL_ASSETS_TDAYS":0.513331747088,"PREMIUM_EXPENSE":null,"LOAN_DEPOSIT":null,"LOAN_EQUITY":null,"LOAN_ASSETS":null,"DEPOSIT_EQUITY":null,"DEPOSIT_ASSETS":null,"EQUITY_MULTIPLIER":1.496072646747,"EQUITY_RATIO":0.496072646746},{"SECUCODE":"01796.HK","SECURITY_CODE":"01796","SECURITY_NAME_ABBR":"METASPACEX","ORG_CODE":"10943682","STD_REPORT_DATE":"2020-12-31 00:00:00","REPORT_DATE":"2021-03-31 00:00:00","DATE_TYPE_CODE":"001","REPORT_TYPE":"2020年年报","PER_NETCASH_OPERATE":0.005432042292,"PER_OI":0.489820547417,"BPS":0.239229959792,"BASIC_EPS":-0.057218686,"DILUTED_EPS":-0.057218686,"OPERATE_INCOME":235113862.76,"OPERATE_INCOME_YOY":-33.813781519,"GROSS_PROFIT":-23784210.38,"GROSS_PROFIT_YOY":-328.339087650175,"HOLDER_PROFIT":-27481027.7,"HOLDER_PROFIT_YOY":-308.3772921377,"GROSS_PROFIT_RATIO":-10.116039139844,"EPS_TTM":-0.070795779708,"OPERATE_INCOME_QOQ":0,"NET_PROFIT_RATIO":-11.6883910533,"ROE_AVG":-21.374221433384,"GROSS_PROFIT_QOQ":0,"ROA":-13.140187595728,"HOLDER_PROFIT_QOQ":0,"ROE_YEARLY":-21.374221433384,"ROIC_YEARLY":-14.578135263036,"TOTAL_ASSETS":177951803.82,"TOTAL_LIABILITIES":63121423.12,"TAX_EBT":0.11980094612,"OCF_SALES":1.108986203277,"TOTAL_PARENT_EQUITY":114830380.7,"DEBT_ASSET_RATIO":35.4710779913,"OPERATE_PROFIT":-26074648.18,"PRETAX_PROFIT":-27513989.72,"NETCASH_OPERATE":2607380.3,"NETCASH_INVEST":845.18,"NETCASH_FINANCE":-4061089.9,"END_CASH":19902298.64,"DIVI_RATIO":null,"DIVIDEND_RATE":null,"CURRENT_RATIO":2.819669023049,"COMMON_ACS":1000000000,"CURRENTDEBT_DEBT":98.87258315034,"ISSUED_COMMON_SHARES":480000000,"HK_COMMON_SHARES":480000000,"PER_SHARES":2000,"TOTAL_MARKET_CAP":864000000,"HKSK_MARKET_CAP":864000000,"PE_TTM":-59.365122990243,"PB_TTM":8.791387696127,"REPORT_DATE_SQ":"2019-12-31 00:00:00","REPORT_TYPE_SQ":"2019年年报","OPERATE_INCOME_SQ":384029937.4,"DPS_HKD":null,"OPERATE_INCOME_QOQ_SQ":0,"NET_PROFIT_RATIO_SQ":-1.8943521563,"HOLDER_PROFIT_SQ":-7274879.4,"HOLDER_PROFIT_QOQ_SQ":0,"ROE_AVG_SQ":-4.156378385997,"PE_TTM_SQ":-99.944289693593,"PB_TTM_SQ":12.719795802609,"ROA_SQ":-2.550292361134,"START_DATE":"2020-04-01 00:00:00","FISCAL_YEAR":"3-31","CURRENCY":"HKD","IS_CNY_CODE":0,"DPS_HKD_LY":null,"ORG_TYPE":"一般企业","PREMIUM_INCOME":null,"PREMIUM_INCOME_YOY":null,"NET_INTEREST_INCOME":null,"NET_INTEREST_INCOME_YOY":null,"FEE_COMMISSION_INCOME":null,"FEE_COMMISSION_INCOME_YOY":null,"ACCOUNTS_RECE_TDAYS":6.648709369025,"INVENTORY_TDAYS":null,"CURRENT_ASSETS_TDAYS":1.136775345662,"TOTAL_ASSETS_TDAYS":1.124208416348,"PREMIUM_EXPENSE":null,"LOAN_DEPOSIT":null,"LOAN_EQUITY":null,"LOAN_ASSETS":null,"DEPOSIT_EQUITY":null,"DEPOSIT_ASSETS":null,"EQUITY_MULTIPLIER":1.549692709674,"EQUITY_RATIO":0.549692709675},{"SECUCODE":"01796.HK","SECURITY_CODE":"01796","SECURITY_NAME_ABBR":"METASPACEX","ORG_CODE":"10943682","STD_REPORT_DATE":"2020-06-30 00:00:00","REPORT_DATE":"2020-09-30 00:00:00","DATE_TYPE_CODE":"002","REPORT_TYPE":"2020年中报","PER_NETCASH_OPERATE":0.008384453333,"PER_OI":0.264240257333,"BPS":0.259639792,"BASIC_EPS":-0.048593216,"DILUTED_EPS":-0.048593216,"OPERATE_INCOME":126835323.52,"OPERATE_INCOME_YOY":-36.7089218141,"GROSS_PROFIT":-21207028.48,"GROSS_PROFIT_YOY":-273.563099042223,"HOLDER_PROFIT":-23331773.44,"HOLDER_PROFIT_YOY":-809.5670764297,"GROSS_PROFIT_RATIO":-16.720128030151,"EPS_TTM":-0.01515599875,"OPERATE_INCOME_QOQ":0,"NET_PROFIT_RATIO":-18.3953277309,"ROE_AVG":-17.118836393646,"GROSS_PROFIT_QOQ":0,"ROA":-9.914621191047,"HOLDER_PROFIT_QOQ":0,"ROE_YEARLY":-34.237672787291,"ROIC_YEARLY":-22.037552314495,"TOTAL_ASSETS":220794216.96,"TOTAL_LIABILITIES":96167116.8,"TAX_EBT":0.255447032307,"OCF_SALES":3.173041616727,"TOTAL_PARENT_EQUITY":124627100.16,"DEBT_ASSET_RATIO":43.5550885907,"OPERATE_PROFIT":-27297436.8,"PRETAX_PROFIT":-23391526.4,"NETCASH_OPERATE":4024537.6,"NETCASH_INVEST":878.72,"NETCASH_FINANCE":-1267992.96,"END_CASH":24960041.6,"DIVI_RATIO":null,"DIVIDEND_RATE":null,"CURRENT_RATIO":2.278570318854,"COMMON_ACS":1000000000,"CURRENTDEBT_DEBT":99.984466374269,"ISSUED_COMMON_SHARES":480000000,"HK_COMMON_SHARES":480000000,"PER_SHARES":2000,"TOTAL_MARKET_CAP":864000000,"HKSK_MARKET_CAP":864000000,"PE_TTM":-59.365122990243,"PB_TTM":8.791387696127,"REPORT_DATE_SQ":"2019-06-30 00:00:00","REPORT_TYPE_SQ":"2019年中报","OPERATE_INCOME_SQ":205711498.59,"DPS_HKD":null,"OPERATE_INCOME_QOQ_SQ":0,"NET_PROFIT_RATIO_SQ":1.6408034763,"HOLDER_PROFIT_SQ":3375321.42,"HOLDER_PROFIT_QOQ_SQ":0,"ROE_AVG_SQ":1.895518532214,"PE_TTM_SQ":-99.944289693593,"PB_TTM_SQ":12.719795802609,"ROA_SQ":1.076482932913,"START_DATE":"2020-04-01 00:00:00","FISCAL_YEAR":"3-31","CURRENCY":"HKD","IS_CNY_CODE":0,"DPS_HKD_LY":null,"ORG_TYPE":"一般企业","PREMIUM_INCOME":null,"PREMIUM_INCOME_YOY":null,"NET_INTEREST_INCOME":null,"NET_INTEREST_INCOME_YOY":null,"FEE_COMMISSION_INCOME":null,"FEE_COMMISSION_INCOME_YOY":null,"ACCOUNTS_RECE_TDAYS":2.794760586288,"INVENTORY_TDAYS":null,"CURRENT_ASSETS_TDAYS":0.544127598056,"TOTAL_ASSETS_TDAYS":0.538974968867,"PREMIUM_EXPENSE":null,"LOAN_DEPOSIT":null,"LOAN_EQUITY":null,"LOAN_ASSETS":null,"DEPOSIT_EQUITY":null,"DEPOSIT_ASSETS":null,"EQUITY_MULTIPLIER":1.77163888654,"EQUITY_RATIO":0.771638886539}],"count":16},"success":true,"message":"ok","code":0}