{"version":"b3f7d0820c7508ef5847b7bf832fe08e","result":{"pages":2,"data":[{"SECUCODE":"01793.HK","SECURITY_CODE":"01793","SECURITY_NAME_ABBR":"伟工控股","ORG_CODE":"10947324","STD_REPORT_DATE":"2024-06-30 00:00:00","REPORT_DATE":"2024-09-30 00:00:00","DATE_TYPE_CODE":"002","REPORT_TYPE":"2024年中报","PER_NETCASH_OPERATE":0.097829560913,"PER_OI":0.6541314123,"BPS":0.308701880038,"BASIC_EPS":0.00541074,"DILUTED_EPS":0.00541074,"OPERATE_INCOME":523305129.84,"OPERATE_INCOME_YOY":17.376160521,"GROSS_PROFIT":15281733.34,"GROSS_PROFIT_YOY":-24.920064328169,"HOLDER_PROFIT":4550432.34,"HOLDER_PROFIT_YOY":130.200729927,"GROSS_PROFIT_RATIO":2.92023381171,"EPS_TTM":0.006800258188,"OPERATE_INCOME_QOQ":0,"NET_PROFIT_RATIO":0.8695562265,"ROE_AVG":1.827645032652,"GROSS_PROFIT_QOQ":0,"ROA":0.841816562065,"HOLDER_PROFIT_QOQ":0,"ROE_YEARLY":3.655290065304,"ROIC_YEARLY":2.10599683224,"TOTAL_ASSETS":545266421.71,"TOTAL_LIABILITIES":298304917.68,"TAX_EBT":10.005350454789,"OCF_SALES":14.955643326854,"TOTAL_PARENT_EQUITY":246961504.03,"DEBT_ASSET_RATIO":54.708103379,"OPERATE_PROFIT":5298016.25,"PRETAX_PROFIT":5056336.53,"NETCASH_OPERATE":78263648.73,"NETCASH_INVEST":10350745.62,"NETCASH_FINANCE":-11514054.72,"END_CASH":146958403.77,"DIVI_RATIO":1.59973337777,"DIVIDEND_RATE":8.053691275168,"CURRENT_RATIO":1.728688257655,"COMMON_ACS":5000000000,"CURRENTDEBT_DEBT":99.326162664152,"ISSUED_COMMON_SHARES":800000000,"HK_COMMON_SHARES":800000000,"PER_SHARES":4000,"TOTAL_MARKET_CAP":119200000,"HKSK_MARKET_CAP":119200000,"PE_TTM":13.461321287408,"PB_TTM":0.435263659501,"REPORT_DATE_SQ":"2023-06-30 00:00:00","REPORT_TYPE_SQ":"2023年中报","OPERATE_INCOME_SQ":453667095.7,"DPS_HKD":0.012,"OPERATE_INCOME_QOQ_SQ":0,"NET_PROFIT_RATIO_SQ":0.4433746637,"HOLDER_PROFIT_SQ":2011444.96,"HOLDER_PROFIT_QOQ_SQ":0,"ROE_AVG_SQ":0.787970508622,"PE_TTM_SQ":24.425287356322,"PB_TTM_SQ":0.495410170479,"ROA_SQ":0.472323196628,"START_DATE":"2024-04-01 00:00:00","FISCAL_YEAR":"3-31","CURRENCY":"HKD","IS_CNY_CODE":0,"DPS_HKD_LY":0.012,"ORG_TYPE":"一般企业","PREMIUM_INCOME":null,"PREMIUM_INCOME_YOY":null,"NET_INTEREST_INCOME":null,"NET_INTEREST_INCOME_YOY":null,"FEE_COMMISSION_INCOME":null,"FEE_COMMISSION_INCOME_YOY":null,"ACCOUNTS_RECE_TDAYS":1.612945904929,"INVENTORY_TDAYS":null,"CURRENT_ASSETS_TDAYS":1.034156999409,"TOTAL_ASSETS_TDAYS":0.968099056084,"PREMIUM_EXPENSE":null,"LOAN_DEPOSIT":null,"LOAN_EQUITY":null,"LOAN_ASSETS":null,"DEPOSIT_EQUITY":null,"DEPOSIT_ASSETS":null,"EQUITY_MULTIPLIER":2.207900473606,"EQUITY_RATIO":1.207900473605},{"SECUCODE":"01793.HK","SECURITY_CODE":"01793","SECURITY_NAME_ABBR":"伟工控股","ORG_CODE":"10947324","STD_REPORT_DATE":"2023-12-31 00:00:00","REPORT_DATE":"2024-03-31 00:00:00","DATE_TYPE_CODE":"001","REPORT_TYPE":"2023年年报","PER_NETCASH_OPERATE":0.024579970063,"PER_OI":1.314916779375,"BPS":0.315398943688,"BASIC_EPS":0.0072524,"DILUTED_EPS":0.0072524,"OPERATE_INCOME":1051933423.5,"OPERATE_INCOME_YOY":33.5244271787,"GROSS_PROFIT":40881778.8,"GROSS_PROFIT_YOY":19.679532964363,"HOLDER_PROFIT":5440206.55,"HOLDER_PROFIT_YOY":0.9080208508,"GROSS_PROFIT_RATIO":3.886346596344,"EPS_TTM":0.006115241238,"OPERATE_INCOME_QOQ":0,"NET_PROFIT_RATIO":0.5171626292,"ROE_AVG":2.142544740483,"GROSS_PROFIT_QOQ":0,"ROA":1.144235444414,"HOLDER_PROFIT_QOQ":0,"ROE_YEARLY":2.142544740483,"ROIC_YEARLY":1.322946990632,"TOTAL_ASSETS":538660224.85,"TOTAL_LIABILITIES":286341069.9,"TAX_EBT":12.826844857641,"OCF_SALES":1.869317545266,"TOTAL_PARENT_EQUITY":252319154.95,"DEBT_ASSET_RATIO":53.1580125449,"OPERATE_PROFIT":6487271.8,"PRETAX_PROFIT":6240690.2,"NETCASH_OPERATE":19663976.05,"NETCASH_INVEST":10748963.35,"NETCASH_FINANCE":-13679839.5,"END_CASH":70227708.85,"DIVI_RATIO":1.778932273888,"DIVIDEND_RATE":8.219178082192,"CURRENT_RATIO":1.776907220461,"COMMON_ACS":5000000000,"CURRENTDEBT_DEBT":98.757352987735,"ISSUED_COMMON_SHARES":800000000,"HK_COMMON_SHARES":800000000,"PER_SHARES":4000,"TOTAL_MARKET_CAP":116800000,"HKSK_MARKET_CAP":116800000,"PE_TTM":13.190287972897,"PB_TTM":0.426499961659,"REPORT_DATE_SQ":"2022-12-31 00:00:00","REPORT_TYPE_SQ":"2022年年报","OPERATE_INCOME_SQ":760759303.12,"DPS_HKD":0.012,"OPERATE_INCOME_QOQ_SQ":0,"NET_PROFIT_RATIO_SQ":0.6843246279,"HOLDER_PROFIT_SQ":5206063.27,"HOLDER_PROFIT_QOQ_SQ":0,"ROE_AVG_SQ":2.095733471475,"PE_TTM_SQ":23.137716495712,"PB_TTM_SQ":0.501238525426,"ROA_SQ":1.205122021898,"START_DATE":"2023-04-01 00:00:00","FISCAL_YEAR":"3-31","CURRENCY":"HKD","IS_CNY_CODE":0,"DPS_HKD_LY":0.012,"ORG_TYPE":"一般企业","PREMIUM_INCOME":null,"PREMIUM_INCOME_YOY":null,"NET_INTEREST_INCOME":null,"NET_INTEREST_INCOME_YOY":null,"FEE_COMMISSION_INCOME":null,"FEE_COMMISSION_INCOME_YOY":null,"ACCOUNTS_RECE_TDAYS":3.617942390167,"INVENTORY_TDAYS":null,"CURRENT_ASSETS_TDAYS":2.379755558085,"TOTAL_ASSETS_TDAYS":2.212525383493,"PREMIUM_EXPENSE":null,"LOAN_DEPOSIT":null,"LOAN_EQUITY":null,"LOAN_ASSETS":null,"DEPOSIT_EQUITY":null,"DEPOSIT_ASSETS":null,"EQUITY_MULTIPLIER":2.134836829796,"EQUITY_RATIO":1.134836829795},{"SECUCODE":"01793.HK","SECURITY_CODE":"01793","SECURITY_NAME_ABBR":"伟工控股","ORG_CODE":"10947324","STD_REPORT_DATE":"2023-06-30 00:00:00","REPORT_DATE":"2023-09-30 00:00:00","DATE_TYPE_CODE":"002","REPORT_TYPE":"2023年中报","PER_NETCASH_OPERATE":-0.0053314303,"PER_OI":0.567083869625,"BPS":0.3148847345,"BASIC_EPS":0.00275289,"DILUTED_EPS":0.00275289,"OPERATE_INCOME":453667095.7,"OPERATE_INCOME_YOY":9.5237040319,"GROSS_PROFIT":20353951.03,"GROSS_PROFIT_YOY":8.481460823372,"HOLDER_PROFIT":2011444.96,"HOLDER_PROFIT_YOY":-14.7413457799,"GROSS_PROFIT_RATIO":4.486538967212,"EPS_TTM":0.006507579088,"OPERATE_INCOME_QOQ":0,"NET_PROFIT_RATIO":0.4433746637,"ROE_AVG":0.787970508622,"GROSS_PROFIT_QOQ":0,"ROA":0.472323196628,"HOLDER_PROFIT_QOQ":0,"ROE_YEARLY":1.575941017244,"ROIC_YEARLY":1.065614016325,"TOTAL_ASSETS":434456511.65,"TOTAL_LIABILITIES":182548724.05,"TAX_EBT":22.103766879886,"OCF_SALES":-0.940148465786,"TOTAL_PARENT_EQUITY":251907787.6,"DEBT_ASSET_RATIO":42.0177207971,"OPERATE_PROFIT":2695996.94,"PRETAX_PROFIT":2582210.82,"NETCASH_OPERATE":-4151358.12,"NETCASH_INVEST":-1257153.1,"NETCASH_FINANCE":-10990454.51,"END_CASH":37751298.2,"DIVI_RATIO":1.671681566021,"DIVIDEND_RATE":8.219178082192,"CURRENT_RATIO":2.227657803492,"COMMON_ACS":5000000000,"CURRENTDEBT_DEBT":98.438686002966,"ISSUED_COMMON_SHARES":800000000,"HK_COMMON_SHARES":800000000,"PER_SHARES":4000,"TOTAL_MARKET_CAP":116800000,"HKSK_MARKET_CAP":116800000,"PE_TTM":13.190287972897,"PB_TTM":0.426499961659,"REPORT_DATE_SQ":"2022-06-30 00:00:00","REPORT_TYPE_SQ":"2022年中报","OPERATE_INCOME_SQ":408264216,"DPS_HKD":0.012,"OPERATE_INCOME_QOQ_SQ":0,"NET_PROFIT_RATIO_SQ":0.5695613646,"HOLDER_PROFIT_SQ":2325315.24,"HOLDER_PROFIT_QOQ_SQ":0,"ROE_AVG_SQ":0.911038232777,"PE_TTM_SQ":23.137716495712,"PB_TTM_SQ":0.501238525426,"ROA_SQ":0.507276187319,"START_DATE":"2023-04-01 00:00:00","FISCAL_YEAR":"3-31","CURRENCY":"HKD","IS_CNY_CODE":0,"DPS_HKD_LY":0.012,"ORG_TYPE":"一般企业","PREMIUM_INCOME":null,"PREMIUM_INCOME_YOY":null,"NET_INTEREST_INCOME":null,"NET_INTEREST_INCOME_YOY":null,"FEE_COMMISSION_INCOME":null,"FEE_COMMISSION_INCOME_YOY":null,"ACCOUNTS_RECE_TDAYS":1.808560840793,"INVENTORY_TDAYS":null,"CURRENT_ASSETS_TDAYS":1.153546866706,"TOTAL_ASSETS_TDAYS":1.065291355753,"PREMIUM_EXPENSE":null,"LOAN_DEPOSIT":null,"LOAN_EQUITY":null,"LOAN_ASSETS":null,"DEPOSIT_EQUITY":null,"DEPOSIT_ASSETS":null,"EQUITY_MULTIPLIER":1.72466486959,"EQUITY_RATIO":0.724664869591},{"SECUCODE":"01793.HK","SECURITY_CODE":"01793","SECURITY_NAME_ABBR":"伟工控股","ORG_CODE":"10947324","STD_REPORT_DATE":"2022-12-31 00:00:00","REPORT_DATE":"2023-03-31 00:00:00","DATE_TYPE_CODE":"001","REPORT_TYPE":"2022年年报","PER_NETCASH_OPERATE":-0.000755041125,"PER_OI":0.9509491289,"BPS":0.308413508575,"BASIC_EPS":0.00612787,"DILUTED_EPS":0.00612787,"OPERATE_INCOME":760759303.12,"OPERATE_INCOME_YOY":-24.6084163058,"GROSS_PROFIT":34159373.61,"GROSS_PROFIT_YOY":-21.49199114567,"HOLDER_PROFIT":5206063.27,"HOLDER_PROFIT_YOY":-58.1462453375,"GROSS_PROFIT_RATIO":4.490168371245,"EPS_TTM":0.003174167213,"OPERATE_INCOME_QOQ":0,"NET_PROFIT_RATIO":0.6843246279,"ROE_AVG":2.095733471475,"GROSS_PROFIT_QOQ":0,"ROA":1.205122021898,"HOLDER_PROFIT_QOQ":0,"ROE_YEARLY":2.095733471475,"ROIC_YEARLY":1.425749315535,"TOTAL_ASSETS":398069061.43,"TOTAL_LIABILITIES":151338254.57,"TAX_EBT":10.973053892216,"OCF_SALES":-0.079398687275,"TOTAL_PARENT_EQUITY":246730806.86,"DEBT_ASSET_RATIO":38.018090134,"OPERATE_PROFIT":6005312.6,"PRETAX_PROFIT":5847738.8,"NETCASH_OPERATE":-604032.9,"NETCASH_INVEST":-11777766.14,"NETCASH_FINANCE":-13433166.45,"END_CASH":51658819.51,"DIVI_RATIO":3.427229654808,"DIVIDEND_RATE":8.510638297872,"CURRENT_RATIO":2.480508919048,"COMMON_ACS":5000000000,"CURRENTDEBT_DEBT":98.158228104375,"ISSUED_COMMON_SHARES":800000000,"HK_COMMON_SHARES":800000000,"PER_SHARES":4000,"TOTAL_MARKET_CAP":112800000,"HKSK_MARKET_CAP":112800000,"PE_TTM":12.738565782044,"PB_TTM":0.411893798588,"REPORT_DATE_SQ":"2021-12-31 00:00:00","REPORT_TYPE_SQ":"2021年年报","OPERATE_INCOME_SQ":934843927.91,"DPS_HKD":0.012,"OPERATE_INCOME_QOQ_SQ":0,"NET_PROFIT_RATIO_SQ":1.2326807444,"HOLDER_PROFIT_SQ":11523641.09,"HOLDER_PROFIT_QOQ_SQ":0,"ROE_AVG_SQ":5.014619650858,"PE_TTM_SQ":23.137716495712,"PB_TTM_SQ":0.501238525426,"ROA_SQ":2.757548617102,"START_DATE":"2022-04-01 00:00:00","FISCAL_YEAR":"3-31","CURRENCY":"HKD","IS_CNY_CODE":0,"DPS_HKD_LY":0.012,"ORG_TYPE":"一般企业","PREMIUM_INCOME":null,"PREMIUM_INCOME_YOY":null,"NET_INTEREST_INCOME":null,"NET_INTEREST_INCOME_YOY":null,"FEE_COMMISSION_INCOME":null,"FEE_COMMISSION_INCOME_YOY":null,"ACCOUNTS_RECE_TDAYS":3.023971661314,"INVENTORY_TDAYS":null,"CURRENT_ASSETS_TDAYS":1.8801100765,"TOTAL_ASSETS_TDAYS":1.76103850838,"PREMIUM_EXPENSE":null,"LOAN_DEPOSIT":null,"LOAN_EQUITY":null,"LOAN_ASSETS":null,"DEPOSIT_EQUITY":null,"DEPOSIT_ASSETS":null,"EQUITY_MULTIPLIER":1.613373970182,"EQUITY_RATIO":0.613373970182},{"SECUCODE":"01793.HK","SECURITY_CODE":"01793","SECURITY_NAME_ABBR":"伟工控股","ORG_CODE":"10947324","STD_REPORT_DATE":"2022-06-30 00:00:00","REPORT_DATE":"2022-09-30 00:00:00","DATE_TYPE_CODE":"002","REPORT_TYPE":"2022年中报","PER_NETCASH_OPERATE":-0.0181249776,"PER_OI":0.51033027,"BPS":0.31511028765,"BASIC_EPS":0.00271332,"DILUTED_EPS":0.00271332,"OPERATE_INCOME":408264216,"OPERATE_INCOME_YOY":-16.1526044888,"GROSS_PROFIT":18762607.8,"GROSS_PROFIT_YOY":-33.99801680491,"HOLDER_PROFIT":2325315.24,"HOLDER_PROFIT_YOY":-81.0621685327,"GROSS_PROFIT_RATIO":4.595702259637,"EPS_TTM":0.014404551363,"OPERATE_INCOME_QOQ":0,"NET_PROFIT_RATIO":0.5695613646,"ROE_AVG":0.911038232777,"GROSS_PROFIT_QOQ":0,"ROA":0.507276187319,"HOLDER_PROFIT_QOQ":0,"ROE_YEARLY":1.822076465554,"ROIC_YEARLY":1.176085797998,"TOTAL_ASSETS":435413695.92,"TOTAL_LIABILITIES":183325465.8,"TAX_EBT":-10.723514211886,"OCF_SALES":-3.551617190961,"TOTAL_PARENT_EQUITY":252088230.12,"DEBT_ASSET_RATIO":42.1037435243,"OPERATE_PROFIT":2173369.32,"PRETAX_PROFIT":2100109.68,"NETCASH_OPERATE":-13137895.44,"NETCASH_INVEST":-9280458.84,"NETCASH_FINANCE":-11748675.6,"END_CASH":45875910.12,"DIVI_RATIO":0.75521963345,"DIVIDEND_RATE":8.510638297872,"CURRENT_RATIO":2.230491739124,"COMMON_ACS":5000000000,"CURRENTDEBT_DEBT":98.331483263031,"ISSUED_COMMON_SHARES":800000000,"HK_COMMON_SHARES":800000000,"PER_SHARES":4000,"TOTAL_MARKET_CAP":112800000,"HKSK_MARKET_CAP":112800000,"PE_TTM":12.738565782044,"PB_TTM":0.411893798588,"REPORT_DATE_SQ":"2021-06-30 00:00:00","REPORT_TYPE_SQ":"2021年中报","OPERATE_INCOME_SQ":448485348.54,"DPS_HKD":0.012,"OPERATE_INCOME_QOQ_SQ":0,"NET_PROFIT_RATIO_SQ":2.5217373537,"HOLDER_PROFIT_SQ":11309622.56,"HOLDER_PROFIT_QOQ_SQ":0,"ROE_AVG_SQ":4.796579928277,"PE_TTM_SQ":23.137716495712,"PB_TTM_SQ":0.501238525426,"ROA_SQ":2.620394140014,"START_DATE":"2022-04-01 00:00:00","FISCAL_YEAR":"3-31","CURRENCY":"HKD","IS_CNY_CODE":0,"DPS_HKD_LY":0.012,"ORG_TYPE":"一般企业","PREMIUM_INCOME":null,"PREMIUM_INCOME_YOY":null,"NET_INTEREST_INCOME":null,"NET_INTEREST_INCOME_YOY":null,"FEE_COMMISSION_INCOME":null,"FEE_COMMISSION_INCOME_YOY":null,"ACCOUNTS_RECE_TDAYS":1.459488209152,"INVENTORY_TDAYS":null,"CURRENT_ASSETS_TDAYS":0.952231277865,"TOTAL_ASSETS_TDAYS":0.890643605429,"PREMIUM_EXPENSE":null,"LOAN_DEPOSIT":null,"LOAN_EQUITY":null,"LOAN_ASSETS":null,"DEPOSIT_EQUITY":null,"DEPOSIT_ASSETS":null,"EQUITY_MULTIPLIER":1.727227390634,"EQUITY_RATIO":0.727227390635},{"SECUCODE":"01793.HK","SECURITY_CODE":"01793","SECURITY_NAME_ABBR":"伟工控股","ORG_CODE":"10947324","STD_REPORT_DATE":"2021-12-31 00:00:00","REPORT_DATE":"2022-03-31 00:00:00","DATE_TYPE_CODE":"001","REPORT_TYPE":"2021年年报","PER_NETCASH_OPERATE":-0.030945100313,"PER_OI":1.168554909888,"BPS":0.2896197811,"BASIC_EPS":0.01459818,"DILUTED_EPS":0.01459818,"OPERATE_INCOME":934843927.91,"OPERATE_INCOME_YOY":4.4902040235,"GROSS_PROFIT":43510686.5,"GROSS_PROFIT_YOY":-7.075738116915,"HOLDER_PROFIT":11523641.09,"HOLDER_PROFIT_YOY":-26.1563247064,"GROSS_PROFIT_RATIO":4.654326267838,"EPS_TTM":0.01411346655,"OPERATE_INCOME_QOQ":0,"NET_PROFIT_RATIO":1.2326807444,"ROE_AVG":5.014619650858,"GROSS_PROFIT_QOQ":0,"ROA":2.757548617102,"HOLDER_PROFIT_QOQ":0,"ROE_YEARLY":5.014619650858,"ROIC_YEARLY":3.481296819204,"TOTAL_ASSETS":431644663.31,"TOTAL_LIABILITIES":199948838.43,"TAX_EBT":14.176129499879,"OCF_SALES":-2.64815115239,"TOTAL_PARENT_EQUITY":231695824.88,"DEBT_ASSET_RATIO":46.3225554318,"OPERATE_PROFIT":13531701.85,"PRETAX_PROFIT":13427081.56,"NETCASH_OPERATE":-23402504.56,"NETCASH_INVEST":3970704.96,"NETCASH_FINANCE":-10778322.9,"END_CASH":71774385,"DIVI_RATIO":0.770795747555,"DIVIDEND_RATE":8.510638297872,"CURRENT_RATIO":2.084601563276,"COMMON_ACS":5000000000,"CURRENTDEBT_DEBT":97.972361819236,"ISSUED_COMMON_SHARES":800000000,"HK_COMMON_SHARES":800000000,"PER_SHARES":4000,"TOTAL_MARKET_CAP":112800000,"HKSK_MARKET_CAP":112800000,"PE_TTM":12.738565782044,"PB_TTM":0.411893798588,"REPORT_DATE_SQ":"2020-12-31 00:00:00","REPORT_TYPE_SQ":"2020年年报","OPERATE_INCOME_SQ":932366233.26,"DPS_HKD":0.012,"OPERATE_INCOME_QOQ_SQ":0,"NET_PROFIT_RATIO_SQ":1.7442666819,"HOLDER_PROFIT_SQ":16262953.56,"HOLDER_PROFIT_QOQ_SQ":0,"ROE_AVG_SQ":6.88463354944,"PE_TTM_SQ":23.137716495712,"PB_TTM_SQ":0.501238525426,"ROA_SQ":3.585390122196,"START_DATE":"2021-04-01 00:00:00","FISCAL_YEAR":"3-31","CURRENCY":"HKD","IS_CNY_CODE":0,"DPS_HKD_LY":0.012,"ORG_TYPE":"一般企业","PREMIUM_INCOME":null,"PREMIUM_INCOME_YOY":null,"NET_INTEREST_INCOME":null,"NET_INTEREST_INCOME_YOY":null,"FEE_COMMISSION_INCOME":null,"FEE_COMMISSION_INCOME_YOY":null,"ACCOUNTS_RECE_TDAYS":3.951787609042,"INVENTORY_TDAYS":null,"CURRENT_ASSETS_TDAYS":2.355834552782,"TOTAL_ASSETS_TDAYS":2.237033903157,"PREMIUM_EXPENSE":null,"LOAN_DEPOSIT":null,"LOAN_EQUITY":null,"LOAN_ASSETS":null,"DEPOSIT_EQUITY":null,"DEPOSIT_ASSETS":null,"EQUITY_MULTIPLIER":1.862979894152,"EQUITY_RATIO":0.86297989415},{"SECUCODE":"01793.HK","SECURITY_CODE":"01793","SECURITY_NAME_ABBR":"伟工控股","ORG_CODE":"10947324","STD_REPORT_DATE":"2021-06-30 00:00:00","REPORT_DATE":"2021-09-30 00:00:00","DATE_TYPE_CODE":"002","REPORT_TYPE":"2021年中报","PER_NETCASH_OPERATE":-0.06124865385,"PER_OI":0.560606685675,"BPS":0.296834897875,"BASIC_EPS":0.01416202,"DILUTED_EPS":0.01416202,"OPERATE_INCOME":448485348.54,"OPERATE_INCOME_YOY":-16.3723268252,"GROSS_PROFIT":28427339.44,"GROSS_PROFIT_YOY":-5.701895820462,"HOLDER_PROFIT":11309622.56,"HOLDER_PROFIT_YOY":-26.7310702143,"GROSS_PROFIT_RATIO":6.338521321274,"EPS_TTM":0.02032869195,"OPERATE_INCOME_QOQ":0,"NET_PROFIT_RATIO":2.5217373537,"ROE_AVG":4.796579928277,"GROSS_PROFIT_QOQ":0,"ROA":2.620394140014,"HOLDER_PROFIT_QOQ":0,"ROE_YEARLY":9.593159856555,"ROIC_YEARLY":6.293518269561,"TOTAL_ASSETS":448067985.48,"TOTAL_LIABILITIES":210600067.18,"TAX_EBT":14.873338349636,"OCF_SALES":-10.925423369907,"TOTAL_PARENT_EQUITY":237467918.3,"DEBT_ASSET_RATIO":47.0018108869,"OPERATE_PROFIT":13347287.32,"PRETAX_PROFIT":13285640.88,"NETCASH_OPERATE":-48998923.08,"NETCASH_INVEST":-6712797.48,"NETCASH_FINANCE":-9410245.76,"END_CASH":39633662.56,"DIVI_RATIO":0.535135267274,"DIVIDEND_RATE":8.510638297872,"CURRENT_RATIO":2.04148975466,"COMMON_ACS":5000000000,"CURRENTDEBT_DEBT":99.592568126169,"ISSUED_COMMON_SHARES":800000000,"HK_COMMON_SHARES":800000000,"PER_SHARES":4000,"TOTAL_MARKET_CAP":112800000,"HKSK_MARKET_CAP":112800000,"PE_TTM":12.738565782044,"PB_TTM":0.411893798588,"REPORT_DATE_SQ":"2020-06-30 00:00:00","REPORT_TYPE_SQ":"2020年中报","OPERATE_INCOME_SQ":565682151.04,"DPS_HKD":0.012,"OPERATE_INCOME_QOQ_SQ":0,"NET_PROFIT_RATIO_SQ":2.8782599646,"HOLDER_PROFIT_SQ":16281802.88,"HOLDER_PROFIT_QOQ_SQ":0,"ROE_AVG_SQ":6.626173187404,"PE_TTM_SQ":23.137716495712,"PB_TTM_SQ":0.501238525426,"ROA_SQ":3.244522930454,"START_DATE":"2021-04-01 00:00:00","FISCAL_YEAR":"3-31","CURRENCY":"HKD","IS_CNY_CODE":0,"DPS_HKD_LY":0.012,"ORG_TYPE":"一般企业","PREMIUM_INCOME":null,"PREMIUM_INCOME_YOY":null,"NET_INTEREST_INCOME":null,"NET_INTEREST_INCOME_YOY":null,"FEE_COMMISSION_INCOME":null,"FEE_COMMISSION_INCOME_YOY":null,"ACCOUNTS_RECE_TDAYS":1.747771292034,"INVENTORY_TDAYS":null,"CURRENT_ASSETS_TDAYS":1.088635290525,"TOTAL_ASSETS_TDAYS":1.039122546276,"PREMIUM_EXPENSE":null,"LOAN_DEPOSIT":null,"LOAN_EQUITY":null,"LOAN_ASSETS":null,"DEPOSIT_EQUITY":null,"DEPOSIT_ASSETS":null,"EQUITY_MULTIPLIER":1.886856922349,"EQUITY_RATIO":0.886856922348},{"SECUCODE":"01793.HK","SECURITY_CODE":"01793","SECURITY_NAME_ABBR":"伟工控股","ORG_CODE":"10947324","STD_REPORT_DATE":"2020-12-31 00:00:00","REPORT_DATE":"2021-03-31 00:00:00","DATE_TYPE_CODE":"001","REPORT_TYPE":"2020年年报","PER_NETCASH_OPERATE":0.040662666275,"PER_OI":1.165457791575,"BPS":0.296885322125,"BASIC_EPS":0.02028432,"DILUTED_EPS":0.02028432,"OPERATE_INCOME":932366233.26,"OPERATE_INCOME_YOY":-8.3757405517,"GROSS_PROFIT":46823817.18,"GROSS_PROFIT_YOY":-51.013373335385,"HOLDER_PROFIT":16262953.56,"HOLDER_PROFIT_YOY":-61.8940114068,"GROSS_PROFIT_RATIO":5.022041286961,"EPS_TTM":0.053913142788,"OPERATE_INCOME_QOQ":0,"NET_PROFIT_RATIO":1.7442666819,"ROE_AVG":6.88463354944,"GROSS_PROFIT_QOQ":0,"ROA":3.585390122196,"HOLDER_PROFIT_QOQ":0,"ROE_YEARLY":6.88463354944,"ROIC_YEARLY":4.769748461581,"TOTAL_ASSETS":421171787.96,"TOTAL_LIABILITIES":183663530.26,"TAX_EBT":7.552608820986,"OCF_SALES":3.488986608434,"TOTAL_PARENT_EQUITY":237508257.7,"DEBT_ASSET_RATIO":43.6077476009,"OPERATE_PROFIT":17759767.34,"PRETAX_PROFIT":17591576.52,"NETCASH_OPERATE":32530133.02,"NETCASH_INVEST":-25505842.04,"NETCASH_FINANCE":-19723120.48,"END_CASH":106279694.64,"DIVI_RATIO":0.201780112187,"DIVIDEND_RATE":8.510638297872,"CURRENT_RATIO":2.206835200773,"COMMON_ACS":5000000000,"CURRENTDEBT_DEBT":99.061696125758,"ISSUED_COMMON_SHARES":800000000,"HK_COMMON_SHARES":800000000,"PER_SHARES":4000,"TOTAL_MARKET_CAP":112800000,"HKSK_MARKET_CAP":112800000,"PE_TTM":12.738565782044,"PB_TTM":0.411893798588,"REPORT_DATE_SQ":"2019-12-31 00:00:00","REPORT_TYPE_SQ":"2019年年报","OPERATE_INCOME_SQ":1100095713.7,"DPS_HKD":0.012,"OPERATE_INCOME_QOQ_SQ":0,"NET_PROFIT_RATIO_SQ":4.1940164502,"HOLDER_PROFIT_SQ":46138195.2,"HOLDER_PROFIT_QOQ_SQ":0,"ROE_AVG_SQ":19.547658450193,"PE_TTM_SQ":23.137716495712,"PB_TTM_SQ":0.501238525426,"ROA_SQ":9.384896739373,"START_DATE":"2020-04-01 00:00:00","FISCAL_YEAR":"3-31","CURRENCY":"HKD","IS_CNY_CODE":0,"DPS_HKD_LY":0.019,"ORG_TYPE":"一般企业","PREMIUM_INCOME":null,"PREMIUM_INCOME_YOY":null,"NET_INTEREST_INCOME":null,"NET_INTEREST_INCOME_YOY":null,"FEE_COMMISSION_INCOME":null,"FEE_COMMISSION_INCOME_YOY":null,"ACCOUNTS_RECE_TDAYS":3.707448962617,"INVENTORY_TDAYS":null,"CURRENT_ASSETS_TDAYS":2.147830717396,"TOTAL_ASSETS_TDAYS":2.05552864101,"PREMIUM_EXPENSE":null,"LOAN_DEPOSIT":null,"LOAN_EQUITY":null,"LOAN_ASSETS":null,"DEPOSIT_EQUITY":null,"DEPOSIT_ASSETS":null,"EQUITY_MULTIPLIER":1.773293240573,"EQUITY_RATIO":0.773293240574},{"SECUCODE":"01793.HK","SECURITY_CODE":"01793","SECURITY_NAME_ABBR":"伟工控股","ORG_CODE":"10947324","STD_REPORT_DATE":"2020-06-30 00:00:00","REPORT_DATE":"2020-09-30 00:00:00","DATE_TYPE_CODE":"002","REPORT_TYPE":"2020年中报","PER_NETCASH_OPERATE":0.0241120768,"PER_OI":0.7071026888,"BPS":0.3089777232,"BASIC_EPS":0.02021056,"DILUTED_EPS":0.02021056,"OPERATE_INCOME":565682151.04,"OPERATE_INCOME_YOY":2.5562719149,"GROSS_PROFIT":30146247.04,"GROSS_PROFIT_YOY":-24.597984414439,"HOLDER_PROFIT":16281802.88,"HOLDER_PROFIT_YOY":-13.3551554828,"GROSS_PROFIT_RATIO":5.32918477003,"EPS_TTM":0.057672744,"OPERATE_INCOME_QOQ":0,"NET_PROFIT_RATIO":2.8782599646,"ROE_AVG":6.626173187404,"GROSS_PROFIT_QOQ":0,"ROA":3.244522930454,"HOLDER_PROFIT_QOQ":0,"ROE_YEARLY":13.252346374809,"ROIC_YEARLY":8.486266894445,"TOTAL_ASSETS":498354624.64,"TOTAL_LIABILITIES":251172446.08,"TAX_EBT":10.022823289467,"OCF_SALES":3.409982338056,"TOTAL_PARENT_EQUITY":247182178.56,"DEBT_ASSET_RATIO":50.4003441849,"OPERATE_PROFIT":null,"PRETAX_PROFIT":18095480.96,"NETCASH_OPERATE":19289661.44,"NETCASH_INVEST":-12540213.12,"NETCASH_FINANCE":-17943462.4,"END_CASH":112506036.48,"DIVI_RATIO":0.188626363955,"DIVIDEND_RATE":8.510638297872,"CURRENT_RATIO":1.904284550293,"COMMON_ACS":5000000000,"CURRENTDEBT_DEBT":99.184156115855,"ISSUED_COMMON_SHARES":800000000,"HK_COMMON_SHARES":800000000,"PER_SHARES":4000,"TOTAL_MARKET_CAP":112800000,"HKSK_MARKET_CAP":112800000,"PE_TTM":12.738565782044,"PB_TTM":0.411893798588,"REPORT_DATE_SQ":"2019-06-30 00:00:00","REPORT_TYPE_SQ":"2019年中报","OPERATE_INCOME_SQ":566201599.11,"DPS_HKD":0.012,"OPERATE_INCOME_QOQ_SQ":0,"NET_PROFIT_RATIO_SQ":3.4068225664,"HOLDER_PROFIT_SQ":19289483.85,"HOLDER_PROFIT_QOQ_SQ":0,"ROE_AVG_SQ":8.772721492245,"PE_TTM_SQ":23.137716495712,"PB_TTM_SQ":0.501238525426,"ROA_SQ":4.002665324022,"START_DATE":"2020-04-01 00:00:00","FISCAL_YEAR":"3-31","CURRENCY":"HKD","IS_CNY_CODE":0,"DPS_HKD_LY":0.019,"ORG_TYPE":"一般企业","PREMIUM_INCOME":null,"PREMIUM_INCOME_YOY":null,"NET_INTEREST_INCOME":null,"NET_INTEREST_INCOME_YOY":null,"FEE_COMMISSION_INCOME":null,"FEE_COMMISSION_INCOME_YOY":null,"ACCOUNTS_RECE_TDAYS":1.916100276064,"INVENTORY_TDAYS":null,"CURRENT_ASSETS_TDAYS":1.178992460025,"TOTAL_ASSETS_TDAYS":1.127251523634,"PREMIUM_EXPENSE":null,"LOAN_DEPOSIT":null,"LOAN_EQUITY":null,"LOAN_ASSETS":null,"DEPOSIT_EQUITY":null,"DEPOSIT_ASSETS":null,"EQUITY_MULTIPLIER":2.016143022701,"EQUITY_RATIO":1.016143022702}],"count":16},"success":true,"message":"ok","code":0}