{"version":"f5527837019bc664d05b2b98aea6cd84","result":{"pages":3,"data":[{"SECUCODE":"01799.HK","SECURITY_CODE":"01799","SECURITY_NAME_ABBR":"新特能源","ORG_CODE":"10429845","STD_REPORT_DATE":"2024-06-30 00:00:00","REPORT_DATE":"2024-06-30 00:00:00","DATE_TYPE_CODE":"002","REPORT_TYPE":"2024年中报","PER_NETCASH_OPERATE":0.542069176566,"PER_OI":8.211960669517,"BPS":24.878989103021,"BASIC_EPS":-0.6203,"DILUTED_EPS":-0.6203,"OPERATE_INCOME":11743103757.41,"OPERATE_INCOME_YOY":-33.2281186071,"GROSS_PROFIT":1293075839.78,"GROSS_PROFIT_YOY":-84.049583906674,"HOLDER_PROFIT":-887017482.05,"HOLDER_PROFIT_YOY":-118.6388591522,"GROSS_PROFIT_RATIO":11.011363490372,"EPS_TTM":-0.909756434503,"OPERATE_INCOME_QOQ":-19.00310446786,"NET_PROFIT_RATIO":-7.2196879874,"ROE_AVG":-2.464280013898,"GROSS_PROFIT_QOQ":-66.240050543496,"ROA":-1.02498023815,"HOLDER_PROFIT_QOQ":-129.941113073324,"ROE_YEARLY":-4.928560027795,"ROIC_YEARLY":-2.521436752265,"TOTAL_ASSETS":87150462053.4,"TOTAL_LIABILITIES":46587183743.03,"TAX_EBT":9.923023992254,"OCF_SALES":6.600971416955,"TOTAL_PARENT_EQUITY":35576954417.32,"DEBT_ASSET_RATIO":53.4560375761,"OPERATE_PROFIT":-660772083.77,"PRETAX_PROFIT":-941212159.75,"NETCASH_OPERATE":775158922.49,"NETCASH_INVEST":-5831173534.22,"NETCASH_FINANCE":936200341.21,"END_CASH":7750008833.57,"DIVI_RATIO":null,"DIVIDEND_RATE":null,"CURRENT_RATIO":1.233800467664,"COMMON_ACS":null,"CURRENTDEBT_DEBT":54.219364215591,"ISSUED_COMMON_SHARES":1430000000,"HK_COMMON_SHARES":376170756,"PER_SHARES":400,"TOTAL_MARKET_CAP":10696400000,"HKSK_MARKET_CAP":2813757254.88,"PE_TTM":-7.989030063137,"PB_TTM":0.274402081681,"REPORT_DATE_SQ":"2023-06-30 00:00:00","REPORT_TYPE_SQ":"2023年中报","OPERATE_INCOME_SQ":17586899623.68,"DPS_HKD":null,"OPERATE_INCOME_QOQ_SQ":7.646639385318,"NET_PROFIT_RATIO_SQ":30.6839891992,"HOLDER_PROFIT_SQ":4758968748.08,"HOLDER_PROFIT_QOQ_SQ":-6.407510202729,"ROE_AVG_SQ":13.868643702085,"PE_TTM_SQ":1.009160586072,"PB_TTM_SQ":0.342558270111,"ROA_SQ":5.818302115296,"START_DATE":"2024-01-01 00:00:00","FISCAL_YEAR":"12-31","CURRENCY":"HKD","IS_CNY_CODE":0,"DPS_HKD_LY":null,"ORG_TYPE":"一般企业","PREMIUM_INCOME":null,"PREMIUM_INCOME_YOY":null,"NET_INTEREST_INCOME":null,"NET_INTEREST_INCOME_YOY":null,"FEE_COMMISSION_INCOME":null,"FEE_COMMISSION_INCOME_YOY":null,"ACCOUNTS_RECE_TDAYS":1.182012656752,"INVENTORY_TDAYS":2.527259184403,"CURRENT_ASSETS_TDAYS":0.37466850277,"TOTAL_ASSETS_TDAYS":0.135695739142,"PREMIUM_EXPENSE":null,"LOAN_DEPOSIT":null,"LOAN_EQUITY":null,"LOAN_ASSETS":null,"DEPOSIT_EQUITY":null,"DEPOSIT_ASSETS":null,"EQUITY_MULTIPLIER":2.148506375311,"EQUITY_RATIO":1.309476443558},{"SECUCODE":"01799.HK","SECURITY_CODE":"01799","SECURITY_NAME_ABBR":"新特能源","ORG_CODE":"10429845","STD_REPORT_DATE":"2023-12-31 00:00:00","REPORT_DATE":"2023-12-31 00:00:00","DATE_TYPE_CODE":"001","REPORT_TYPE":"2023年年报","PER_NETCASH_OPERATE":10.04999238958,"PER_OI":21.504752251217,"BPS":25.463662056042,"BASIC_EPS":3.0385,"DILUTED_EPS":3.0385,"OPERATE_INCOME":30751795719.24,"OPERATE_INCOME_YOY":-16.5065796943,"GROSS_PROFIT":10286482535.45,"GROSS_PROFIT_YOY":-49.489736655985,"HOLDER_PROFIT":4345034528.79,"HOLDER_PROFIT_YOY":-67.3669493735,"GROSS_PROFIT_RATIO":33.450022331588,"EPS_TTM":3.038485684469,"OPERATE_INCOME_QOQ":-23.903822206337,"NET_PROFIT_RATIO":16.6413815581,"ROE_AVG":12.754674601825,"GROSS_PROFIT_QOQ":-50.409664847515,"ROA":5.260634851303,"HOLDER_PROFIT_QOQ":-65.342744486813,"ROE_YEARLY":12.754674601825,"ROIC_YEARLY":6.327823430139,"TOTAL_ASSETS":85929456765.5,"TOTAL_LIABILITIES":44697595798.7,"TAX_EBT":16.170464348594,"OCF_SALES":46.733820841911,"TOTAL_PARENT_EQUITY":36413036740.14,"DEBT_ASSET_RATIO":52.0166162817,"OPERATE_PROFIT":6713478486.92,"PRETAX_PROFIT":6104678526.29,"NETCASH_OPERATE":14371489117.1,"NETCASH_INVEST":-7148269131.52,"NETCASH_FINANCE":1231904386.96,"END_CASH":11867232272.62,"DIVI_RATIO":null,"DIVIDEND_RATE":null,"CURRENT_RATIO":1.344423687677,"COMMON_ACS":null,"CURRENTDEBT_DEBT":52.453120606303,"ISSUED_COMMON_SHARES":1430000000,"HK_COMMON_SHARES":376170756,"PER_SHARES":400,"TOTAL_MARKET_CAP":11268400000,"HKSK_MARKET_CAP":2964225557.28,"PE_TTM":-8.416250922129,"PB_TTM":0.289075989793,"REPORT_DATE_SQ":"2022-12-31 00:00:00","REPORT_TYPE_SQ":"2022年年报","OPERATE_INCOME_SQ":36831400135.08,"DPS_HKD":null,"OPERATE_INCOME_QOQ_SQ":27.49228185985,"NET_PROFIT_RATIO_SQ":38.427856801,"HOLDER_PROFIT_SQ":13314827898.02,"HOLDER_PROFIT_QOQ_SQ":43.353134027267,"ROE_AVG_SQ":51.692423395741,"PE_TTM_SQ":1.004951365692,"PB_TTM_SQ":0.341129455638,"ROA_SQ":19.490006353643,"START_DATE":"2023-01-01 00:00:00","FISCAL_YEAR":"12-31","CURRENCY":"HKD","IS_CNY_CODE":0,"DPS_HKD_LY":null,"ORG_TYPE":"一般企业","PREMIUM_INCOME":null,"PREMIUM_INCOME_YOY":null,"NET_INTEREST_INCOME":null,"NET_INTEREST_INCOME_YOY":null,"FEE_COMMISSION_INCOME":null,"FEE_COMMISSION_INCOME_YOY":null,"ACCOUNTS_RECE_TDAYS":2.574639070812,"INVENTORY_TDAYS":4.949972691507,"CURRENT_ASSETS_TDAYS":1.044396144667,"TOTAL_ASSETS_TDAYS":0.372319177739,"PREMIUM_EXPENSE":null,"LOAN_DEPOSIT":null,"LOAN_EQUITY":null,"LOAN_ASSETS":null,"DEPOSIT_EQUITY":null,"DEPOSIT_ASSETS":null,"EQUITY_MULTIPLIER":2.084054775859,"EQUITY_RATIO":1.227516290874},{"SECUCODE":"01799.HK","SECURITY_CODE":"01799","SECURITY_NAME_ABBR":"新特能源","ORG_CODE":"10429845","STD_REPORT_DATE":"2023-06-30 00:00:00","REPORT_DATE":"2023-06-30 00:00:00","DATE_TYPE_CODE":"002","REPORT_TYPE":"2023年中报","PER_NETCASH_OPERATE":6.694753457839,"PER_OI":12.298531205371,"BPS":25.811048722091,"BASIC_EPS":3.328,"DILUTED_EPS":3.328,"OPERATE_INCOME":17586899623.68,"OPERATE_INCOME_YOY":19.5065355001,"GROSS_PROFIT":8106847070.41,"GROSS_PROFIT_YOY":-3.933388204764,"HOLDER_PROFIT":4758968748.08,"HOLDER_PROFIT_YOY":-15.2799138405,"GROSS_PROFIT_RATIO":46.095942115315,"EPS_TTM":8.767242643643,"OPERATE_INCOME_QOQ":7.646639385318,"NET_PROFIT_RATIO":30.6839891992,"ROE_AVG":13.868643702085,"GROSS_PROFIT_QOQ":-1.575004760157,"ROA":5.818302115296,"HOLDER_PROFIT_QOQ":-6.407510202729,"ROE_YEARLY":27.737287404169,"ROIC_YEARLY":13.87506981767,"TOTAL_ASSETS":84325124334.61,"TOTAL_LIABILITIES":42601025033.68,"TAX_EBT":16.234856285441,"OCF_SALES":54.435390259575,"TOTAL_PARENT_EQUITY":36909799672.59,"DEBT_ASSET_RATIO":50.5199670559,"OPERATE_PROFIT":6762581474.16,"PRETAX_PROFIT":6442252877.15,"NETCASH_OPERATE":9573497444.71,"NETCASH_INVEST":-3362211116.07,"NETCASH_FINANCE":1039233622.51,"END_CASH":10667958310,"DIVI_RATIO":null,"DIVIDEND_RATE":null,"CURRENT_RATIO":1.352787275655,"COMMON_ACS":null,"CURRENTDEBT_DEBT":56.4618390113,"ISSUED_COMMON_SHARES":1430000000,"HK_COMMON_SHARES":376170756,"PER_SHARES":400,"TOTAL_MARKET_CAP":11268400000,"HKSK_MARKET_CAP":2964225557.28,"PE_TTM":-8.416250922129,"PB_TTM":0.289075989793,"REPORT_DATE_SQ":"2022-06-30 00:00:00","REPORT_TYPE_SQ":"2022年中报","OPERATE_INCOME_SQ":14716265976.66,"DPS_HKD":null,"OPERATE_INCOME_QOQ_SQ":30.736321259019,"NET_PROFIT_RATIO_SQ":40.9766854876,"HOLDER_PROFIT_SQ":5617285066.4,"HOLDER_PROFIT_QOQ_SQ":88.574952387445,"ROE_AVG_SQ":25.484669988326,"PE_TTM_SQ":1.004951365692,"PB_TTM_SQ":0.341129455638,"ROA_SQ":8.925947921515,"START_DATE":"2023-01-01 00:00:00","FISCAL_YEAR":"12-31","CURRENCY":"HKD","IS_CNY_CODE":0,"DPS_HKD_LY":null,"ORG_TYPE":"一般企业","PREMIUM_INCOME":null,"PREMIUM_INCOME_YOY":null,"NET_INTEREST_INCOME":null,"NET_INTEREST_INCOME_YOY":null,"FEE_COMMISSION_INCOME":null,"FEE_COMMISSION_INCOME_YOY":null,"ACCOUNTS_RECE_TDAYS":1.341189872013,"INVENTORY_TDAYS":2.320371591864,"CURRENT_ASSETS_TDAYS":0.587132470203,"TOTAL_ASSETS_TDAYS":0.215016951568,"PREMIUM_EXPENSE":null,"LOAN_DEPOSIT":null,"LOAN_EQUITY":null,"LOAN_ASSETS":null,"DEPOSIT_EQUITY":null,"DEPOSIT_ASSETS":null,"EQUITY_MULTIPLIER":2.021017247765,"EQUITY_RATIO":1.154192800058},{"SECUCODE":"01799.HK","SECURITY_CODE":"01799","SECURITY_NAME_ABBR":"新特能源","ORG_CODE":"10429845","STD_REPORT_DATE":"2022-12-31 00:00:00","REPORT_DATE":"2022-12-31 00:00:00","DATE_TYPE_CODE":"001","REPORT_TYPE":"2022年年报","PER_NETCASH_OPERATE":8.903658823014,"PER_OI":25.756223870685,"BPS":22.237785505217,"BASIC_EPS":9.3111,"DILUTED_EPS":9.3111,"OPERATE_INCOME":36831400135.08,"OPERATE_INCOME_YOY":66.6787191927,"GROSS_PROFIT":20365133449,"GROSS_PROFIT_YOY":119.175627910394,"HOLDER_PROFIT":13314827898.02,"HOLDER_PROFIT_YOY":170.3281042378,"GROSS_PROFIT_RATIO":56.138045165867,"EPS_TTM":9.367463845266,"OPERATE_INCOME_QOQ":27.49228185985,"NET_PROFIT_RATIO":38.427856801,"ROE_AVG":51.692423395741,"GROSS_PROFIT_QOQ":38.201917137996,"ROA":19.490006353643,"HOLDER_PROFIT_QOQ":43.353134027267,"ROE_YEARLY":51.692423395741,"ROIC_YEARLY":22.479260484842,"TOTAL_ASSETS":79154586907.44,"TOTAL_LIABILITIES":43117351667.81,"TAX_EBT":14.83944759544,"OCF_SALES":33.915434548483,"TOTAL_PARENT_EQUITY":31719387871.75,"DEBT_ASSET_RATIO":54.3991719741,"OPERATE_PROFIT":17517189226.43,"PRETAX_PROFIT":16815048942.77,"NETCASH_OPERATE":12732232116.91,"NETCASH_INVEST":-14234790180.25,"NETCASH_FINANCE":1711438582.19,"END_CASH":3409764114.29,"DIVI_RATIO":null,"DIVIDEND_RATE":null,"CURRENT_RATIO":1.143000610224,"COMMON_ACS":null,"CURRENTDEBT_DEBT":55.533667260497,"ISSUED_COMMON_SHARES":1430000000,"HK_COMMON_SHARES":376170756,"PER_SHARES":400,"TOTAL_MARKET_CAP":11268400000,"HKSK_MARKET_CAP":2964225557.28,"PE_TTM":-8.416250922129,"PB_TTM":0.289075989793,"REPORT_DATE_SQ":"2021-12-31 00:00:00","REPORT_TYPE_SQ":"2021年年报","OPERATE_INCOME_SQ":22523039942.65,"DPS_HKD":null,"OPERATE_INCOME_QOQ_SQ":25.897766603685,"NET_PROFIT_RATIO_SQ":23.9044597794,"HOLDER_PROFIT_SQ":4955264764.83,"HOLDER_PROFIT_QOQ_SQ":157.845781849147,"ROE_AVG_SQ":30.903822586547,"PE_TTM_SQ":1.004951365692,"PB_TTM_SQ":0.341129455638,"ROA_SQ":9.548842563171,"START_DATE":"2022-01-01 00:00:00","FISCAL_YEAR":"12-31","CURRENCY":"HKD","IS_CNY_CODE":0,"DPS_HKD_LY":1.28077,"ORG_TYPE":"一般企业","PREMIUM_INCOME":null,"PREMIUM_INCOME_YOY":null,"NET_INTEREST_INCOME":null,"NET_INTEREST_INCOME_YOY":null,"FEE_COMMISSION_INCOME":null,"FEE_COMMISSION_INCOME_YOY":null,"ACCOUNTS_RECE_TDAYS":2.947344989912,"INVENTORY_TDAYS":3.95369659118,"CURRENT_ASSETS_TDAYS":1.464817011283,"TOTAL_ASSETS_TDAYS":0.546211801408,"PREMIUM_EXPENSE":null,"LOAN_DEPOSIT":null,"LOAN_EQUITY":null,"LOAN_ASSETS":null,"DEPOSIT_EQUITY":null,"DEPOSIT_ASSETS":null,"EQUITY_MULTIPLIER":2.192942635673,"EQUITY_RATIO":1.35933744504},{"SECUCODE":"01799.HK","SECURITY_CODE":"01799","SECURITY_NAME_ABBR":"新特能源","ORG_CODE":"10429845","STD_REPORT_DATE":"2022-06-30 00:00:00","REPORT_DATE":"2022-06-30 00:00:00","DATE_TYPE_CODE":"002","REPORT_TYPE":"2022年中报","PER_NETCASH_OPERATE":3.974281573462,"PER_OI":10.291095088573,"BPS":16.822423111294,"BASIC_EPS":3.9282,"DILUTED_EPS":3.9282,"OPERATE_INCOME":14716265976.66,"OPERATE_INCOME_YOY":88.8271405558,"GROSS_PROFIT":8438776926.67,"GROSS_PROFIT_YOY":240.114648444387,"HOLDER_PROFIT":5617285066.4,"HOLDER_PROFIT_YOY":357.3734263223,"GROSS_PROFIT_RATIO":57.343193851307,"EPS_TTM":6.534537182483,"OPERATE_INCOME_QOQ":30.736321259019,"NET_PROFIT_RATIO":40.9766854876,"ROE_AVG":25.484669988326,"GROSS_PROFIT_QOQ":64.117683638192,"ROA":8.925947921515,"HOLDER_PROFIT_QOQ":88.574952387445,"ROE_YEARLY":50.969339976651,"ROIC_YEARLY":21.135365074076,"TOTAL_ASSETS":67665295361.79,"TOTAL_LIABILITIES":39944906926.95,"TAX_EBT":14.98539289095,"OCF_SALES":38.618645919173,"TOTAL_PARENT_EQUITY":24056065049.15,"DEBT_ASSET_RATIO":59.0330784982,"OPERATE_PROFIT":7441755705.41,"PRETAX_PROFIT":7093178725.21,"NETCASH_OPERATE":5683222650.05,"NETCASH_INVEST":-7036717449.81,"NETCASH_FINANCE":3380831727.19,"END_CASH":5223076127.09,"DIVI_RATIO":null,"DIVIDEND_RATE":null,"CURRENT_RATIO":1.288167528856,"COMMON_ACS":null,"CURRENTDEBT_DEBT":53.365551445453,"ISSUED_COMMON_SHARES":1430000000,"HK_COMMON_SHARES":376170756,"PER_SHARES":400,"TOTAL_MARKET_CAP":11268400000,"HKSK_MARKET_CAP":2964225557.28,"PE_TTM":-8.416250922129,"PB_TTM":0.289075989793,"REPORT_DATE_SQ":"2021-06-30 00:00:00","REPORT_TYPE_SQ":"2021年中报","OPERATE_INCOME_SQ":7793512062.59,"DPS_HKD":null,"OPERATE_INCOME_QOQ_SQ":32.454280363425,"NET_PROFIT_RATIO_SQ":17.4779073045,"HOLDER_PROFIT_SQ":1228161660.28,"HOLDER_PROFIT_QOQ_SQ":176.369990077225,"ROE_AVG_SQ":9.737506107251,"PE_TTM_SQ":1.004951365692,"PB_TTM_SQ":0.341129455638,"ROA_SQ":2.616830713705,"START_DATE":"2022-01-01 00:00:00","FISCAL_YEAR":"12-31","CURRENCY":"HKD","IS_CNY_CODE":0,"DPS_HKD_LY":1.28077,"ORG_TYPE":"一般企业","PREMIUM_INCOME":null,"PREMIUM_INCOME_YOY":null,"NET_INTEREST_INCOME":null,"NET_INTEREST_INCOME_YOY":null,"FEE_COMMISSION_INCOME":null,"FEE_COMMISSION_INCOME_YOY":null,"ACCOUNTS_RECE_TDAYS":1.233734100675,"INVENTORY_TDAYS":1.794320405639,"CURRENT_ASSETS_TDAYS":0.573197686859,"TOTAL_ASSETS_TDAYS":0.233843613337,"PREMIUM_EXPENSE":null,"LOAN_DEPOSIT":null,"LOAN_EQUITY":null,"LOAN_ASSETS":null,"DEPOSIT_EQUITY":null,"DEPOSIT_ASSETS":null,"EQUITY_MULTIPLIER":2.440993766046,"EQUITY_RATIO":1.66049213973},{"SECUCODE":"01799.HK","SECURITY_CODE":"01799","SECURITY_NAME_ABBR":"新特能源","ORG_CODE":"10429845","STD_REPORT_DATE":"2021-12-31 00:00:00","REPORT_DATE":"2021-12-31 00:00:00","DATE_TYPE_CODE":"001","REPORT_TYPE":"2021年年报","PER_NETCASH_OPERATE":3.014166415126,"PER_OI":15.750377582273,"BPS":14.005297058552,"BASIC_EPS":3.9243,"DILUTED_EPS":3.9243,"OPERATE_INCOME":22523039942.65,"OPERATE_INCOME_YOY":58.8110848772,"GROSS_PROFIT":9291696181.35,"GROSS_PROFIT_YOY":281.195536069046,"HOLDER_PROFIT":4955264764.83,"HOLDER_PROFIT_YOY":680.8823378384,"GROSS_PROFIT_RATIO":41.254183294126,"EPS_TTM":3.465220115266,"OPERATE_INCOME_QOQ":25.897766603685,"NET_PROFIT_RATIO":23.9044597794,"ROE_AVG":30.903822586547,"GROSS_PROFIT_QOQ":133.30969312319,"ROA":9.548842563171,"HOLDER_PROFIT_QOQ":157.845781849147,"ROE_YEARLY":30.903822586547,"ROIC_YEARLY":10.916392531768,"TOTAL_ASSETS":58198873145.4,"TOTAL_LIABILITIES":34810233544.51,"TAX_EBT":14.787650254313,"OCF_SALES":19.137105757505,"TOTAL_PARENT_EQUITY":20027574793.73,"DEBT_ASSET_RATIO":59.8125559193,"OPERATE_PROFIT":7032225961.29,"PRETAX_PROFIT":6318345920.83,"NETCASH_OPERATE":4310257973.63,"NETCASH_INVEST":-7308392015.64,"NETCASH_FINANCE":4191300563.14,"END_CASH":3192107888.6,"DIVI_RATIO":null,"DIVIDEND_RATE":null,"CURRENT_RATIO":1.239132238316,"COMMON_ACS":null,"CURRENTDEBT_DEBT":55.381039708711,"ISSUED_COMMON_SHARES":1430000000,"HK_COMMON_SHARES":376170756,"PER_SHARES":400,"TOTAL_MARKET_CAP":11268400000,"HKSK_MARKET_CAP":2964225557.28,"PE_TTM":-8.416250922129,"PB_TTM":0.289075989793,"REPORT_DATE_SQ":"2020-12-31 00:00:00","REPORT_TYPE_SQ":"2020年年报","OPERATE_INCOME_SQ":14182284542.71,"DPS_HKD":null,"OPERATE_INCOME_QOQ_SQ":67.819695376272,"NET_PROFIT_RATIO_SQ":6.6075790887,"HOLDER_PROFIT_SQ":634572524.53,"HOLDER_PROFIT_QOQ_SQ":311.724652440613,"ROE_AVG_SQ":5.919376302022,"PE_TTM_SQ":1.004951365692,"PB_TTM_SQ":0.341129455638,"ROA_SQ":1.593167915321,"START_DATE":"2021-01-01 00:00:00","FISCAL_YEAR":"12-31","CURRENCY":"HKD","IS_CNY_CODE":0,"DPS_HKD_LY":0.12134,"ORG_TYPE":"一般企业","PREMIUM_INCOME":null,"PREMIUM_INCOME_YOY":null,"NET_INTEREST_INCOME":null,"NET_INTEREST_INCOME_YOY":null,"FEE_COMMISSION_INCOME":null,"FEE_COMMISSION_INCOME_YOY":null,"ACCOUNTS_RECE_TDAYS":2.515675385467,"INVENTORY_TDAYS":4.42614938983,"CURRENT_ASSETS_TDAYS":1.113986403893,"TOTAL_ASSETS_TDAYS":0.434021132398,"PREMIUM_EXPENSE":null,"LOAN_DEPOSIT":null,"LOAN_EQUITY":null,"LOAN_ASSETS":null,"DEPOSIT_EQUITY":null,"DEPOSIT_ASSETS":null,"EQUITY_MULTIPLIER":2.488339387775,"EQUITY_RATIO":1.738115268725},{"SECUCODE":"01799.HK","SECURITY_CODE":"01799","SECURITY_NAME_ABBR":"新特能源","ORG_CODE":"10429845","STD_REPORT_DATE":"2021-06-30 00:00:00","REPORT_DATE":"2021-06-30 00:00:00","DATE_TYPE_CODE":"002","REPORT_TYPE":"2021年中报","PER_NETCASH_OPERATE":0.825471666667,"PER_OI":6.494593385492,"BPS":9.219595804196,"BASIC_EPS":1.0235,"DILUTED_EPS":1.0235,"OPERATE_INCOME":7793512062.59,"OPERATE_INCOME_YOY":130.1717988755,"GROSS_PROFIT":2481156564.49,"GROSS_PROFIT_YOY":296.569445539475,"HOLDER_PROFIT":1228161660.28,"HOLDER_PROFIT_YOY":70565.247410817,"GROSS_PROFIT_RATIO":31.813907221968,"EPS_TTM":1.601495,"OPERATE_INCOME_QOQ":32.454280363425,"NET_PROFIT_RATIO":17.4779073045,"ROE_AVG":9.737506107251,"GROSS_PROFIT_QOQ":85.895794406265,"ROA":2.616830713705,"HOLDER_PROFIT_QOQ":176.369990077225,"ROE_YEARLY":19.475012214503,"ROIC_YEARLY":5.866981333601,"TOTAL_ASSETS":48277486000,"TOTAL_LIABILITIES":32619766000,"TAX_EBT":20.25069163645,"OCF_SALES":12.780070353438,"TOTAL_PARENT_EQUITY":13184022000,"DEBT_ASSET_RATIO":67.5672424202,"OPERATE_PROFIT":1993139465.72,"PRETAX_PROFIT":1698683452.03,"NETCASH_OPERATE":1004891405.8,"NETCASH_INVEST":-1067417794.1,"NETCASH_FINANCE":1685196264.3,"END_CASH":3616657557.85,"DIVI_RATIO":null,"DIVIDEND_RATE":null,"CURRENT_RATIO":1.10503613853,"COMMON_ACS":null,"CURRENTDEBT_DEBT":50.69898110244,"ISSUED_COMMON_SHARES":1430000000,"HK_COMMON_SHARES":376170756,"PER_SHARES":400,"TOTAL_MARKET_CAP":11268400000,"HKSK_MARKET_CAP":2964225557.28,"PE_TTM":-8.416250922129,"PB_TTM":0.289075989793,"REPORT_DATE_SQ":"2020-06-30 00:00:00","REPORT_TYPE_SQ":"2020年中报","OPERATE_INCOME_SQ":3367426000,"DPS_HKD":null,"OPERATE_INCOME_QOQ_SQ":-7.726212673466,"NET_PROFIT_RATIO_SQ":1.1577685746,"HOLDER_PROFIT_SQ":1738000,"HOLDER_PROFIT_QOQ_SQ":-58.054052980067,"ROE_AVG_SQ":0.01525524826,"PE_TTM_SQ":1.004951365692,"PB_TTM_SQ":0.341129455638,"ROA_SQ":0.004112889833,"START_DATE":"2021-01-01 00:00:00","FISCAL_YEAR":"12-31","CURRENCY":"HKD","IS_CNY_CODE":0,"DPS_HKD_LY":0.12134,"ORG_TYPE":"一般企业","PREMIUM_INCOME":null,"PREMIUM_INCOME_YOY":null,"NET_INTEREST_INCOME":null,"NET_INTEREST_INCOME_YOY":null,"FEE_COMMISSION_INCOME":null,"FEE_COMMISSION_INCOME_YOY":null,"ACCOUNTS_RECE_TDAYS":1.251404141053,"INVENTORY_TDAYS":2.457144544164,"CURRENT_ASSETS_TDAYS":0.445151777087,"TOTAL_ASSETS_TDAYS":0.165146793255,"PREMIUM_EXPENSE":null,"LOAN_DEPOSIT":null,"LOAN_EQUITY":null,"LOAN_ASSETS":null,"DEPOSIT_EQUITY":null,"DEPOSIT_ASSETS":null,"EQUITY_MULTIPLIER":3.083302422064,"EQUITY_RATIO":2.474189287609},{"SECUCODE":"01799.HK","SECURITY_CODE":"01799","SECURITY_NAME_ABBR":"新特能源","ORG_CODE":"10429845","STD_REPORT_DATE":"2020-12-31 00:00:00","REPORT_DATE":"2020-12-31 00:00:00","DATE_TYPE_CODE":"001","REPORT_TYPE":"2020年年报","PER_NETCASH_OPERATE":1.898863333333,"PER_OI":11.818570452258,"BPS":8.441441258741,"BASIC_EPS":0.53,"DILUTED_EPS":0.53,"OPERATE_INCOME":14182284542.71,"OPERATE_INCOME_YOY":54.8535888035,"GROSS_PROFIT":2437514425.58,"GROSS_PROFIT_YOY":32.904466140504,"HOLDER_PROFIT":634572524.53,"HOLDER_PROFIT_YOY":72.7018045807,"GROSS_PROFIT_RATIO":15.861697752305,"EPS_TTM":0.579475,"OPERATE_INCOME_QOQ":67.819695376272,"NET_PROFIT_RATIO":6.6075790887,"ROE_AVG":5.919376302022,"GROSS_PROFIT_QOQ":33.376477275345,"ROA":1.593167915321,"HOLDER_PROFIT_QOQ":311.724652440613,"ROE_YEARLY":5.919376302022,"ROIC_YEARLY":1.786210644934,"TOTAL_ASSETS":45314516027.58,"TOTAL_LIABILITIES":30813276704.56,"TAX_EBT":7.184585371334,"OCF_SALES":16.870656028336,"TOTAL_PARENT_EQUITY":12041369110.88,"DEBT_ASSET_RATIO":68.0637214107,"OPERATE_PROFIT":1595364887.5,"PRETAX_PROFIT":892321662.65,"NETCASH_OPERATE":2964847193.6,"NETCASH_INVEST":-3152053849.23,"NETCASH_FINANCE":-588722260.38,"END_CASH":1993529192.05,"DIVI_RATIO":null,"DIVIDEND_RATE":null,"CURRENT_RATIO":1.017514887495,"COMMON_ACS":null,"CURRENTDEBT_DEBT":51.132096262123,"ISSUED_COMMON_SHARES":1430000000,"HK_COMMON_SHARES":376170756,"PER_SHARES":400,"TOTAL_MARKET_CAP":11268400000,"HKSK_MARKET_CAP":2964225557.28,"PE_TTM":-8.416250922129,"PB_TTM":0.289075989793,"REPORT_DATE_SQ":"2019-12-31 00:00:00","REPORT_TYPE_SQ":"2019年年报","OPERATE_INCOME_SQ":8722113000,"DPS_HKD":null,"OPERATE_INCOME_QOQ_SQ":-18.568137942032,"NET_PROFIT_RATIO_SQ":5.9250894823,"HOLDER_PROFIT_SQ":402642000,"HOLDER_PROFIT_QOQ_SQ":-16.099295065878,"ROE_AVG_SQ":3.755168413766,"PE_TTM_SQ":1.004951365692,"PB_TTM_SQ":0.341129455638,"ROA_SQ":1.0403538312,"START_DATE":"2020-01-01 00:00:00","FISCAL_YEAR":"12-31","CURRENCY":"HKD","IS_CNY_CODE":0,"DPS_HKD_LY":0.06572,"ORG_TYPE":"一般企业","PREMIUM_INCOME":null,"PREMIUM_INCOME_YOY":null,"NET_INTEREST_INCOME":null,"NET_INTEREST_INCOME_YOY":null,"FEE_COMMISSION_INCOME":null,"FEE_COMMISSION_INCOME_YOY":null,"ACCOUNTS_RECE_TDAYS":2.763177783662,"INVENTORY_TDAYS":4.289783996032,"CURRENT_ASSETS_TDAYS":0.820735041439,"TOTAL_ASSETS_TDAYS":0.309448644809,"PREMIUM_EXPENSE":null,"LOAN_DEPOSIT":null,"LOAN_EQUITY":null,"LOAN_ASSETS":null,"DEPOSIT_EQUITY":null,"DEPOSIT_ASSETS":null,"EQUITY_MULTIPLIER":3.131235210151,"EQUITY_RATIO":2.558951263833},{"SECUCODE":"01799.HK","SECURITY_CODE":"01799","SECURITY_NAME_ABBR":"新特能源","ORG_CODE":"10429845","STD_REPORT_DATE":"2020-06-30 00:00:00","REPORT_DATE":"2020-06-30 00:00:00","DATE_TYPE_CODE":"002","REPORT_TYPE":"2020年中报","PER_NETCASH_OPERATE":-0.033350833333,"PER_OI":2.806188333333,"BPS":7.945564335664,"BASIC_EPS":0,"DILUTED_EPS":0,"OPERATE_INCOME":3367426000,"OPERATE_INCOME_YOY":-16.6749931644,"GROSS_PROFIT":625655000,"GROSS_PROFIT_YOY":-26.690132510935,"HOLDER_PROFIT":1738000,"HOLDER_PROFIT_YOY":-99.2619581465,"GROSS_PROFIT_RATIO":18.579621348769,"EPS_TTM":0.140743333333,"OPERATE_INCOME_QOQ":-7.726212673466,"NET_PROFIT_RATIO":1.1577685746,"ROE_AVG":0.01525524826,"GROSS_PROFIT_QOQ":-12.419828411126,"ROA":0.004112889833,"HOLDER_PROFIT_QOQ":-58.054052980067,"ROE_YEARLY":0.030510496519,"ROIC_YEARLY":0.009330333186,"TOTAL_ASSETS":42809669000,"TOTAL_LIABILITIES":29109713000,"TAX_EBT":-58.490182527745,"OCF_SALES":-1.188474520301,"TOTAL_PARENT_EQUITY":11362157000,"DEBT_ASSET_RATIO":67.9979866231,"OPERATE_PROFIT":261231000,"PRETAX_PROFIT":24599000,"NETCASH_OPERATE":-40021000,"NETCASH_INVEST":-1763263000,"NETCASH_FINANCE":1548440000,"END_CASH":2495043000,"DIVI_RATIO":null,"DIVIDEND_RATE":null,"CURRENT_RATIO":1.184021008876,"COMMON_ACS":null,"CURRENTDEBT_DEBT":49.554391003443,"ISSUED_COMMON_SHARES":1430000000,"HK_COMMON_SHARES":376170756,"PER_SHARES":400,"TOTAL_MARKET_CAP":11268400000,"HKSK_MARKET_CAP":2964225557.28,"PE_TTM":-8.416250922129,"PB_TTM":0.289075989793,"REPORT_DATE_SQ":"2019-06-30 00:00:00","REPORT_TYPE_SQ":"2019年中报","OPERATE_INCOME_SQ":4041315000,"DPS_HKD":null,"OPERATE_INCOME_QOQ_SQ":-11.140175391177,"NET_PROFIT_RATIO_SQ":7.5082739158,"HOLDER_PROFIT_SQ":235488000,"HOLDER_PROFIT_QOQ_SQ":-56.679517998334,"ROE_AVG_SQ":2.214796658374,"PE_TTM_SQ":1.004951365692,"PB_TTM_SQ":0.341129455638,"ROA_SQ":0.64795131087,"START_DATE":"2020-01-01 00:00:00","FISCAL_YEAR":"12-31","CURRENCY":"HKD","IS_CNY_CODE":0,"DPS_HKD_LY":0.06572,"ORG_TYPE":"一般企业","PREMIUM_INCOME":null,"PREMIUM_INCOME_YOY":null,"NET_INTEREST_INCOME":null,"NET_INTEREST_INCOME_YOY":null,"FEE_COMMISSION_INCOME":null,"FEE_COMMISSION_INCOME_YOY":null,"ACCOUNTS_RECE_TDAYS":0.86207882172,"INVENTORY_TDAYS":0.832037326455,"CURRENT_ASSETS_TDAYS":0.201374844832,"TOTAL_ASSETS_TDAYS":0.079688447412,"PREMIUM_EXPENSE":null,"LOAN_DEPOSIT":null,"LOAN_EQUITY":null,"LOAN_ASSETS":null,"DEPOSIT_EQUITY":null,"DEPOSIT_ASSETS":null,"EQUITY_MULTIPLIER":3.124803393532,"EQUITY_RATIO":2.561988273881}],"count":25},"success":true,"message":"ok","code":0}