{"version":"f159e9007c21ceb47204c582a745e283","result":{"pages":2,"data":[{"SECUCODE":"01797.HK","SECURITY_CODE":"01797","SECURITY_NAME_ABBR":"东方甄选","ORG_CODE":"10951964","STD_REPORT_DATE":"2024-06-30 00:00:00","REPORT_DATE":"2024-11-30 00:00:00","DATE_TYPE_CODE":"002","REPORT_TYPE":"2024年中报","PER_NETCASH_OPERATE":null,"PER_OI":2.111665175401,"BPS":4.775729273888,"BASIC_EPS":-0.09,"DILUTED_EPS":-0.09,"OPERATE_INCOME":2186636000,"OPERATE_INCOME_YOY":-9.3179968009,"GROSS_PROFIT":735143000,"GROSS_PROFIT_YOY":-7.430208398917,"HOLDER_PROFIT":-96799000,"HOLDER_PROFIT_YOY":-138.8453034018,"GROSS_PROFIT_RATIO":33.619816009615,"EPS_TTM":1.667317535099,"OPERATE_INCOME_QOQ":24.895183032073,"NET_PROFIT_RATIO":-4.4133088452,"ROE_AVG":-1.952340811232,"GROSS_PROFIT_QOQ":-18.116825044087,"ROA":-1.545316186851,"HOLDER_PROFIT_QOQ":170.709432227512,"ROE_YEARLY":-3.904681622464,"ROIC_YEARLY":-6.366878733715,"TOTAL_ASSETS":5986532000,"TOTAL_LIABILITIES":1038848000,"TAX_EBT":-33.142478718561,"OCF_SALES":null,"TOTAL_PARENT_EQUITY":4946983000,"DEBT_ASSET_RATIO":17.3530852253,"OPERATE_PROFIT":-70169000,"PRETAX_PROFIT":-72481000,"NETCASH_OPERATE":null,"NETCASH_INVEST":null,"NETCASH_FINANCE":null,"END_CASH":null,"DIVI_RATIO":null,"DIVIDEND_RATE":null,"CURRENT_RATIO":5.673445107078,"COMMON_ACS":5000000000,"CURRENTDEBT_DEBT":96.684981826023,"ISSUED_COMMON_SHARES":1035859178,"HK_COMMON_SHARES":1035859178,"PER_SHARES":500,"TOTAL_MARKET_CAP":13984098903,"HKSK_MARKET_CAP":13984098903,"PE_TTM":9.246483518931,"PB_TTM":2.610685046192,"REPORT_DATE_SQ":"2023-06-30 00:00:00","REPORT_TYPE_SQ":"2023年中报","OPERATE_INCOME_SQ":2411323000,"DPS_HKD":null,"OPERATE_INCOME_QOQ_SQ":89.550141684018,"NET_PROFIT_RATIO_SQ":8.9154525543,"HOLDER_PROFIT_SQ":249191000,"HOLDER_PROFIT_QOQ_SQ":63.14921321741,"ROE_AVG_SQ":8.158337708122,"PE_TTM_SQ":23.507217945476,"PB_TTM_SQ":6.954668141358,"ROA_SQ":5.797838900809,"START_DATE":"2024-06-01 00:00:00","FISCAL_YEAR":"5-31","CURRENCY":"HKD","IS_CNY_CODE":0,"DPS_HKD_LY":null,"ORG_TYPE":"一般企业","PREMIUM_INCOME":null,"PREMIUM_INCOME_YOY":null,"NET_INTEREST_INCOME":null,"NET_INTEREST_INCOME_YOY":null,"FEE_COMMISSION_INCOME":null,"FEE_COMMISSION_INCOME_YOY":null,"ACCOUNTS_RECE_TDAYS":3.851470874458,"INVENTORY_TDAYS":3.500141670213,"CURRENT_ASSETS_TDAYS":0.368668203405,"TOTAL_ASSETS_TDAYS":0.349078400144,"PREMIUM_EXPENSE":null,"LOAN_DEPOSIT":null,"LOAN_EQUITY":null,"LOAN_ASSETS":null,"DEPOSIT_EQUITY":null,"DEPOSIT_ASSETS":null,"EQUITY_MULTIPLIER":1.20996652171,"EQUITY_RATIO":0.209996274497},{"SECUCODE":"01797.HK","SECURITY_CODE":"01797","SECURITY_NAME_ABBR":"东方甄选","ORG_CODE":"10951964","STD_REPORT_DATE":"2023-12-31 00:00:00","REPORT_DATE":"2024-05-31 00:00:00","DATE_TYPE_CODE":"001","REPORT_TYPE":"2023年年报","PER_NETCASH_OPERATE":0.830144686831,"PER_OI":6.327797482615,"BPS":4.79719261608,"BASIC_EPS":1.68,"DILUTED_EPS":1.61,"OPERATE_INCOME":6525551000,"OPERATE_INCOME_YOY":68.1449114112,"GROSS_PROFIT":1692011000,"GROSS_PROFIT_YOY":14.065952882708,"HOLDER_PROFIT":1719503000,"HOLDER_PROFIT_YOY":77.0336440554,"GROSS_PROFIT_RATIO":25.929013503994,"EPS_TTM":0.624851772268,"OPERATE_INCOME_QOQ":15.853590663457,"NET_PROFIT_RATIO":26.350387883,"ROE_AVG":44.242832647886,"GROSS_PROFIT_QOQ":5.709267949308,"ROA":33.084999052861,"HOLDER_PROFIT_QOQ":-34.603813912689,"ROE_YEARLY":44.242832647886,"ROIC_YEARLY":67.562163368523,"TOTAL_ASSETS":6541519000,"TOTAL_LIABILITIES":1571898000,"TAX_EBT":42.556919707188,"OCF_SALES":13.119014777449,"TOTAL_PARENT_EQUITY":4969216000,"DEBT_ASSET_RATIO":24.0295564379,"OPERATE_PROFIT":432098000,"PRETAX_PROFIT":433725000,"NETCASH_OPERATE":856088000,"NETCASH_INVEST":202753000,"NETCASH_FINANCE":-14768000,"END_CASH":2262464000,"DIVI_RATIO":null,"DIVIDEND_RATE":null,"CURRENT_RATIO":4.074222403478,"COMMON_ACS":5000000000,"CURRENTDEBT_DEBT":96.24663941299,"ISSUED_COMMON_SHARES":1035859178,"HK_COMMON_SHARES":1035859178,"PER_SHARES":500,"TOTAL_MARKET_CAP":14087684820.8,"HKSK_MARKET_CAP":14087684820.8,"PE_TTM":9.314975989442,"PB_TTM":2.630023453941,"REPORT_DATE_SQ":"2022-12-31 00:00:00","REPORT_TYPE_SQ":"2022年年报","OPERATE_INCOME_SQ":3880909000,"DPS_HKD":null,"OPERATE_INCOME_QOQ_SQ":296.192338050309,"NET_PROFIT_RATIO_SQ":21.536996028,"HOLDER_PROFIT_SQ":971286000,"HOLDER_PROFIT_QOQ_SQ":211.495746824633,"ROE_AVG_SQ":43.704216327515,"PE_TTM_SQ":23.459919720234,"PB_TTM_SQ":6.940674845299,"ROA_SQ":32.856279528328,"START_DATE":"2023-06-01 00:00:00","FISCAL_YEAR":"5-31","CURRENCY":"HKD","IS_CNY_CODE":0,"DPS_HKD_LY":null,"ORG_TYPE":"一般企业","PREMIUM_INCOME":null,"PREMIUM_INCOME_YOY":null,"NET_INTEREST_INCOME":null,"NET_INTEREST_INCOME_YOY":null,"FEE_COMMISSION_INCOME":null,"FEE_COMMISSION_INCOME_YOY":null,"ACCOUNTS_RECE_TDAYS":11.730758237353,"INVENTORY_TDAYS":17.161725780367,"CURRENT_ASSETS_TDAYS":1.359376085521,"TOTAL_ASSETS_TDAYS":1.255582855362,"PREMIUM_EXPENSE":null,"LOAN_DEPOSIT":null,"LOAN_EQUITY":null,"LOAN_ASSETS":null,"DEPOSIT_EQUITY":null,"DEPOSIT_ASSETS":null,"EQUITY_MULTIPLIER":1.316301383949,"EQUITY_RATIO":0.316327163078},{"SECUCODE":"01797.HK","SECURITY_CODE":"01797","SECURITY_NAME_ABBR":"东方甄选","ORG_CODE":"10951964","STD_REPORT_DATE":"2023-06-30 00:00:00","REPORT_DATE":"2023-11-30 00:00:00","DATE_TYPE_CODE":"002","REPORT_TYPE":"2023年中报","PER_NETCASH_OPERATE":0.473991731771,"PER_OI":2.3756561201,"BPS":3.19064508979,"BASIC_EPS":0.25,"DILUTED_EPS":0.23,"OPERATE_INCOME":2411323000,"OPERATE_INCOME_YOY":34.3724955807,"GROSS_PROFIT":794150000,"GROSS_PROFIT_YOY":-19.168262130359,"HOLDER_PROFIT":249191000,"HOLDER_PROFIT_YOY":-57.4245719665,"GROSS_PROFIT_RATIO":39.143398713295,"EPS_TTM":0.957742154449,"OPERATE_INCOME_QOQ":89.550141684018,"NET_PROFIT_RATIO":8.9154525543,"ROE_AVG":8.158337708122,"GROSS_PROFIT_QOQ":63.809288371937,"ROA":5.797838900809,"HOLDER_PROFIT_QOQ":63.14921321741,"ROE_YEARLY":16.316675416243,"ROIC_YEARLY":23.194199565279,"TOTAL_ASSETS":4743058000,"TOTAL_LIABILITIES":1437999000,"TAX_EBT":43.738358984413,"OCF_SALES":17.212883079563,"TOTAL_PARENT_EQUITY":3305059000,"DEBT_ASSET_RATIO":30.3179720762,"OPERATE_PROFIT":284829000,"PRETAX_PROFIT":285628000,"NETCASH_OPERATE":481108000,"NETCASH_INVEST":-290231000,"NETCASH_FINANCE":-15738000,"END_CASH":1345039000,"DIVI_RATIO":null,"DIVIDEND_RATE":null,"CURRENT_RATIO":3.086041473447,"COMMON_ACS":5000000000,"CURRENTDEBT_DEBT":98.224685830797,"ISSUED_COMMON_SHARES":1035859178,"HK_COMMON_SHARES":1035859178,"PER_SHARES":500,"TOTAL_MARKET_CAP":14087684820.8,"HKSK_MARKET_CAP":14087684820.8,"PE_TTM":9.314975989442,"PB_TTM":2.630023453941,"REPORT_DATE_SQ":"2022-06-30 00:00:00","REPORT_TYPE_SQ":"2022年中报","OPERATE_INCOME_SQ":2080073000,"DPS_HKD":null,"OPERATE_INCOME_QOQ_SQ":-54.346822927318,"NET_PROFIT_RATIO_SQ":28.1380989994,"HOLDER_PROFIT_SQ":585293000,"HOLDER_PROFIT_QOQ_SQ":65.054520299248,"ROE_AVG_SQ":29.769215882293,"PE_TTM_SQ":23.459919720234,"PB_TTM_SQ":6.940674845299,"ROA_SQ":22.378187868912,"START_DATE":"2023-06-01 00:00:00","FISCAL_YEAR":"5-31","CURRENCY":"HKD","IS_CNY_CODE":0,"DPS_HKD_LY":null,"ORG_TYPE":"一般企业","PREMIUM_INCOME":null,"PREMIUM_INCOME_YOY":null,"NET_INTEREST_INCOME":null,"NET_INTEREST_INCOME_YOY":null,"FEE_COMMISSION_INCOME":null,"FEE_COMMISSION_INCOME_YOY":null,"ACCOUNTS_RECE_TDAYS":10.129098248753,"INVENTORY_TDAYS":6.794286467508,"CURRENT_ASSETS_TDAYS":0.71705933036,"TOTAL_ASSETS_TDAYS":0.650313471528,"PREMIUM_EXPENSE":null,"LOAN_DEPOSIT":null,"LOAN_EQUITY":null,"LOAN_ASSETS":null,"DEPOSIT_EQUITY":null,"DEPOSIT_ASSETS":null,"EQUITY_MULTIPLIER":1.435090266164,"EQUITY_RATIO":0.435090266165},{"SECUCODE":"01797.HK","SECURITY_CODE":"01797","SECURITY_NAME_ABBR":"东方甄选","ORG_CODE":"10951964","STD_REPORT_DATE":"2022-12-31 00:00:00","REPORT_DATE":"2023-05-31 00:00:00","DATE_TYPE_CODE":"001","REPORT_TYPE":"2022年年报","PER_NETCASH_OPERATE":1.247136322288,"PER_OI":3.827829597048,"BPS":2.706746302537,"BASIC_EPS":0.97,"DILUTED_EPS":0.91,"OPERATE_INCOME":3880909000,"OPERATE_INCOME_YOY":650.9831381156,"GROSS_PROFIT":1483362000,"GROSS_PROFIT_YOY":279.520125264806,"HOLDER_PROFIT":971286000,"HOLDER_PROFIT_YOY":281.9044337153,"GROSS_PROFIT_RATIO":43.344444570095,"EPS_TTM":0.591246029576,"OPERATE_INCOME_QOQ":296.192338050309,"NET_PROFIT_RATIO":21.536996028,"ROE_AVG":43.704216327515,"GROSS_PROFIT_QOQ":205.312496801859,"ROA":32.856279528328,"HOLDER_PROFIT_QOQ":211.495746824633,"ROE_YEARLY":43.704216327515,"ROIC_YEARLY":71.411104649325,"TOTAL_ASSETS":3852938000,"TOTAL_LIABILITIES":1049130000,"TAX_EBT":24.351874025646,"OCF_SALES":28.037080620659,"TOTAL_PARENT_EQUITY":2803808000,"DEBT_ASSET_RATIO":27.2293506929,"OPERATE_PROFIT":1070695000,"PRETAX_PROFIT":1056469000,"NETCASH_OPERATE":1264430000,"NETCASH_INVEST":-737546000,"NETCASH_FINANCE":55644000,"END_CASH":1165137000,"DIVI_RATIO":null,"DIVIDEND_RATE":null,"CURRENT_RATIO":3.340609566799,"COMMON_ACS":5000000000,"CURRENTDEBT_DEBT":98.064968116439,"ISSUED_COMMON_SHARES":1035859178,"HK_COMMON_SHARES":1035859178,"PER_SHARES":500,"TOTAL_MARKET_CAP":14087684820.8,"HKSK_MARKET_CAP":14087684820.8,"PE_TTM":9.314975989442,"PB_TTM":2.630023453941,"REPORT_DATE_SQ":"2021-12-31 00:00:00","REPORT_TYPE_SQ":"2021年年报","OPERATE_INCOME_SQ":600526000,"DPS_HKD":null,"OPERATE_INCOME_QOQ_SQ":-7.277738421251,"NET_PROFIT_RATIO_SQ":-88.9160502626,"HOLDER_PROFIT_SQ":-533954000,"HOLDER_PROFIT_QOQ_SQ":7.864787094969,"ROE_AVG_SQ":-29.258715355025,"PE_TTM_SQ":23.459919720234,"PB_TTM_SQ":6.940674845299,"ROA_SQ":-19.980650029534,"START_DATE":"2022-06-01 00:00:00","FISCAL_YEAR":"5-31","CURRENCY":"HKD","IS_CNY_CODE":0,"DPS_HKD_LY":null,"ORG_TYPE":"一般企业","PREMIUM_INCOME":null,"PREMIUM_INCOME_YOY":null,"NET_INTEREST_INCOME":null,"NET_INTEREST_INCOME_YOY":null,"FEE_COMMISSION_INCOME":null,"FEE_COMMISSION_INCOME_YOY":null,"ACCOUNTS_RECE_TDAYS":30.255780774928,"INVENTORY_TDAYS":35.100868908198,"CURRENT_ASSETS_TDAYS":1.758775305422,"TOTAL_ASSETS_TDAYS":1.525573923381,"PREMIUM_EXPENSE":null,"LOAN_DEPOSIT":null,"LOAN_EQUITY":null,"LOAN_ASSETS":null,"DEPOSIT_EQUITY":null,"DEPOSIT_ASSETS":null,"EQUITY_MULTIPLIER":1.37418040037,"EQUITY_RATIO":0.37418040037},{"SECUCODE":"01797.HK","SECURITY_CODE":"01797","SECURITY_NAME_ABBR":"东方甄选","ORG_CODE":"10951964","STD_REPORT_DATE":"2022-06-30 00:00:00","REPORT_DATE":"2022-11-30 00:00:00","DATE_TYPE_CODE":"002","REPORT_TYPE":"2022年中报","PER_NETCASH_OPERATE":0.534485619026,"PER_OI":2.068099827048,"BPS":2.211878842859,"BASIC_EPS":0.58,"DILUTED_EPS":0.55,"OPERATE_INCOME":2080073000,"OPERATE_INCOME_YOY":590.2263398383,"GROSS_PROFIT":982473000,"GROSS_PROFIT_YOY":445.803172134107,"HOLDER_PROFIT":585293000,"HOLDER_PROFIT_YOY":207.5912183339,"GROSS_PROFIT_RATIO":47.232621162815,"EPS_TTM":-0.53273499472,"OPERATE_INCOME_QOQ":-54.346822927318,"NET_PROFIT_RATIO":28.1380989994,"ROE_AVG":29.769215882293,"GROSS_PROFIT_QOQ":-9.539448560299,"ROA":22.378187868912,"HOLDER_PROFIT_QOQ":65.054520299248,"ROE_YEARLY":59.538431764586,"ROIC_YEARLY":95.026242931902,"TOTAL_ASSETS":3171531000,"TOTAL_LIABILITIES":880336000,"TAX_EBT":22.507924066655,"OCF_SALES":25.84428527268,"TOTAL_PARENT_EQUITY":2291195000,"DEBT_ASSET_RATIO":27.7574458519,"OPERATE_PROFIT":765294000,"PRETAX_PROFIT":755294000,"NETCASH_OPERATE":537580000,"NETCASH_INVEST":-359308000,"NETCASH_FINANCE":24564000,"END_CASH":793713000,"DIVI_RATIO":null,"DIVIDEND_RATE":null,"CURRENT_RATIO":3.258476987021,"COMMON_ACS":5000000000,"CURRENTDEBT_DEBT":98.032228603624,"ISSUED_COMMON_SHARES":1035859178,"HK_COMMON_SHARES":1035859178,"PER_SHARES":500,"TOTAL_MARKET_CAP":14087684820.8,"HKSK_MARKET_CAP":14087684820.8,"PE_TTM":9.314975989442,"PB_TTM":2.630023453941,"REPORT_DATE_SQ":"2021-06-30 00:00:00","REPORT_TYPE_SQ":"2021年中报","OPERATE_INCOME_SQ":301361000,"DPS_HKD":null,"OPERATE_INCOME_QOQ_SQ":19.244667357597,"NET_PROFIT_RATIO_SQ":-94.8541348087,"HOLDER_PROFIT_SQ":-543997000,"HOLDER_PROFIT_QOQ_SQ":-23.286862644956,"ROE_AVG_SQ":-30.154609745092,"PE_TTM_SQ":23.459919720234,"PB_TTM_SQ":6.940674845299,"ROA_SQ":-20.073441896567,"START_DATE":"2022-06-01 00:00:00","FISCAL_YEAR":"5-31","CURRENCY":"HKD","IS_CNY_CODE":0,"DPS_HKD_LY":null,"ORG_TYPE":"一般企业","PREMIUM_INCOME":null,"PREMIUM_INCOME_YOY":null,"NET_INTEREST_INCOME":null,"NET_INTEREST_INCOME_YOY":null,"FEE_COMMISSION_INCOME":null,"FEE_COMMISSION_INCOME_YOY":null,"ACCOUNTS_RECE_TDAYS":17.026681018782,"INVENTORY_TDAYS":7.410608188398,"CURRENT_ASSETS_TDAYS":0.923740154797,"TOTAL_ASSETS_TDAYS":0.795298497933,"PREMIUM_EXPENSE":null,"LOAN_DEPOSIT":null,"LOAN_EQUITY":null,"LOAN_ASSETS":null,"DEPOSIT_EQUITY":null,"DEPOSIT_ASSETS":null,"EQUITY_MULTIPLIER":1.384225698817,"EQUITY_RATIO":0.384225698817},{"SECUCODE":"01797.HK","SECURITY_CODE":"01797","SECURITY_NAME_ABBR":"东方甄选","ORG_CODE":"10951964","STD_REPORT_DATE":"2021-12-31 00:00:00","REPORT_DATE":"2022-05-31 00:00:00","DATE_TYPE_CODE":"001","REPORT_TYPE":"2021年年报","PER_NETCASH_OPERATE":-0.917403706142,"PER_OI":0.600091472565,"BPS":1.584199894013,"BASIC_EPS":-0.53,"DILUTED_EPS":-0.53,"OPERATE_INCOME":600526000,"OPERATE_INCOME_YOY":-3.7047608358,"GROSS_PROFIT":390852000,"GROSS_PROFIT_YOY":-10.154748659856,"HOLDER_PROFIT":-533954000,"HOLDER_PROFIT_YOY":67.802907877,"GROSS_PROFIT_RATIO":65.084942200671,"EPS_TTM":-1.526857399503,"OPERATE_INCOME_QOQ":-7.277738421251,"NET_PROFIT_RATIO":-88.9160502626,"ROE_AVG":-29.258715355025,"GROSS_PROFIT_QOQ":4.818198579358,"ROA":-19.980650029534,"HOLDER_PROFIT_QOQ":7.864787094969,"ROE_YEARLY":-29.258715355025,"ROIC_YEARLY":-46.869624944864,"TOTAL_ASSETS":2059393000,"TOTAL_LIABILITIES":418385000,"TAX_EBT":20.498549815787,"OCF_SALES":-152.877310890786,"TOTAL_PARENT_EQUITY":1641008000,"DEBT_ASSET_RATIO":20.3159377545,"OPERATE_PROFIT":-89804000,"PRETAX_PROFIT":-89299000,"NETCASH_OPERATE":-918068000,"NETCASH_INVEST":-26370000,"NETCASH_FINANCE":-45398000,"END_CASH":547445000,"DIVI_RATIO":null,"DIVIDEND_RATE":null,"CURRENT_RATIO":4.300444668177,"COMMON_ACS":5000000000,"CURRENTDEBT_DEBT":94.010779545156,"ISSUED_COMMON_SHARES":1035859178,"HK_COMMON_SHARES":1035859178,"PER_SHARES":500,"TOTAL_MARKET_CAP":14087684820.8,"HKSK_MARKET_CAP":14087684820.8,"PE_TTM":9.314975989442,"PB_TTM":2.630023453941,"REPORT_DATE_SQ":"2020-12-31 00:00:00","REPORT_TYPE_SQ":"2020年年报","OPERATE_INCOME_SQ":623630000,"DPS_HKD":null,"OPERATE_INCOME_QOQ_SQ":10.097659883008,"NET_PROFIT_RATIO_SQ":-116.8988936704,"HOLDER_PROFIT_SQ":-1658392000,"HOLDER_PROFIT_QOQ_SQ":-81.28570562193,"ROE_AVG_SQ":-85.648091242719,"PE_TTM_SQ":23.459919720234,"PB_TTM_SQ":6.940674845299,"ROA_SQ":-52.360115821741,"START_DATE":"2021-06-01 00:00:00","FISCAL_YEAR":"5-31","CURRENCY":"HKD","IS_CNY_CODE":0,"DPS_HKD_LY":null,"ORG_TYPE":"一般企业","PREMIUM_INCOME":null,"PREMIUM_INCOME_YOY":null,"NET_INTEREST_INCOME":null,"NET_INTEREST_INCOME_YOY":null,"FEE_COMMISSION_INCOME":null,"FEE_COMMISSION_INCOME_YOY":null,"ACCOUNTS_RECE_TDAYS":17.546669783342,"INVENTORY_TDAYS":45.256637168142,"CURRENT_ASSETS_TDAYS":0.283385481712,"TOTAL_ASSETS_TDAYS":0.224717856588,"PREMIUM_EXPENSE":null,"LOAN_DEPOSIT":null,"LOAN_EQUITY":null,"LOAN_ASSETS":null,"DEPOSIT_EQUITY":null,"DEPOSIT_ASSETS":null,"EQUITY_MULTIPLIER":1.254956100153,"EQUITY_RATIO":0.254956100153},{"SECUCODE":"01797.HK","SECURITY_CODE":"01797","SECURITY_NAME_ABBR":"东方甄选","ORG_CODE":"10951964","STD_REPORT_DATE":"2021-06-30 00:00:00","REPORT_DATE":"2021-11-30 00:00:00","DATE_TYPE_CODE":"002","REPORT_TYPE":"2021年中报","PER_NETCASH_OPERATE":-0.864725850282,"PER_OI":0.301142941794,"BPS":1.543819887842,"BASIC_EPS":-0.54,"DILUTED_EPS":-0.54,"OPERATE_INCOME":301361000,"OPERATE_INCOME_YOY":-15.2560380049,"GROSS_PROFIT":180005000,"GROSS_PROFIT_YOY":17.547376807241,"HOLDER_PROFIT":-543997000,"HOLDER_PROFIT_YOY":19.3392603488,"GROSS_PROFIT_RATIO":30.164304309087,"EPS_TTM":-1.657245017409,"OPERATE_INCOME_QOQ":19.244667357597,"NET_PROFIT_RATIO":-94.8541348087,"ROE_AVG":-30.154609745092,"GROSS_PROFIT_QOQ":25.24778648128,"ROA":-20.073441896567,"HOLDER_PROFIT_QOQ":-23.286862644956,"ROE_YEARLY":-60.309219490185,"ROIC_YEARLY":-94.668720734,"TOTAL_ASSETS":2134749000,"TOTAL_LIABILITIES":535569000,"TAX_EBT":-1.735386343427,"OCF_SALES":-150.887257218283,"TOTAL_PARENT_EQUITY":1599180000,"DEBT_ASSET_RATIO":25.0881485364,"OPERATE_PROFIT":-107506000,"PRETAX_PROFIT":-106835000,"NETCASH_OPERATE":-865352000,"NETCASH_INVEST":3928000,"NETCASH_FINANCE":-30060000,"END_CASH":626648000,"DIVI_RATIO":null,"DIVIDEND_RATE":null,"CURRENT_RATIO":3.529704344559,"COMMON_ACS":5000000000,"CURRENTDEBT_DEBT":89.45719412438,"ISSUED_COMMON_SHARES":1035859178,"HK_COMMON_SHARES":1035859178,"PER_SHARES":500,"TOTAL_MARKET_CAP":14087684820.8,"HKSK_MARKET_CAP":14087684820.8,"PE_TTM":9.314975989442,"PB_TTM":2.630023453941,"REPORT_DATE_SQ":"2020-06-30 00:00:00","REPORT_TYPE_SQ":"2020年中报","OPERATE_INCOME_SQ":676755000,"DPS_HKD":null,"OPERATE_INCOME_QOQ_SQ":7.13912489106,"NET_PROFIT_RATIO_SQ":-99.6558577329,"HOLDER_PROFIT_SQ":-674426000,"HOLDER_PROFIT_QOQ_SQ":-363.848793813724,"ROE_AVG_SQ":-42.071491955167,"PE_TTM_SQ":23.459919720234,"PB_TTM_SQ":6.940674845299,"ROA_SQ":-19.289049739176,"START_DATE":"2021-06-01 00:00:00","FISCAL_YEAR":"5-31","CURRENCY":"HKD","IS_CNY_CODE":0,"DPS_HKD_LY":null,"ORG_TYPE":"一般企业","PREMIUM_INCOME":null,"PREMIUM_INCOME_YOY":null,"NET_INTEREST_INCOME":null,"NET_INTEREST_INCOME_YOY":null,"FEE_COMMISSION_INCOME":null,"FEE_COMMISSION_INCOME_YOY":null,"ACCOUNTS_RECE_TDAYS":8.570888199994,"INVENTORY_TDAYS":506.338811630847,"CURRENT_ASSETS_TDAYS":0.270660677774,"TOTAL_ASSETS_TDAYS":0.211624321249,"PREMIUM_EXPENSE":null,"LOAN_DEPOSIT":null,"LOAN_EQUITY":null,"LOAN_ASSETS":null,"DEPOSIT_EQUITY":null,"DEPOSIT_ASSETS":null,"EQUITY_MULTIPLIER":1.334902262409,"EQUITY_RATIO":0.334902262409},{"SECUCODE":"01797.HK","SECURITY_CODE":"01797","SECURITY_NAME_ABBR":"东方甄选","ORG_CODE":"10951964","STD_REPORT_DATE":"2020-12-31 00:00:00","REPORT_DATE":"2021-05-31 00:00:00","DATE_TYPE_CODE":"001","REPORT_TYPE":"2020年年报","PER_NETCASH_OPERATE":-0.913153952528,"PER_OI":0.623274358405,"BPS":1.93932924732,"BASIC_EPS":-1.72,"DILUTED_EPS":-1.72,"OPERATE_INCOME":623630000,"OPERATE_INCOME_YOY":31.285588296,"GROSS_PROFIT":435028000,"GROSS_PROFIT_YOY":-11.774416633204,"HOLDER_PROFIT":-1658392000,"HOLDER_PROFIT_YOY":-123.501458885,"GROSS_PROFIT_RATIO":29.056253987051,"EPS_TTM":-1.345583486217,"OPERATE_INCOME_QOQ":10.097659883008,"NET_PROFIT_RATIO":-116.8988936704,"ROE_AVG":-85.648091242719,"GROSS_PROFIT_QOQ":-33.254239625542,"ROA":-52.360115821741,"HOLDER_PROFIT_QOQ":-81.28570562193,"ROE_YEARLY":-85.648091242719,"ROIC_YEARLY":-130.194130245002,"TOTAL_ASSETS":3285318000,"TOTAL_LIABILITIES":1276446000,"TAX_EBT":0.392179932153,"OCF_SALES":-64.404312535465,"TOTAL_PARENT_EQUITY":2008872000,"DEBT_ASSET_RATIO":38.8530425365,"OPERATE_PROFIT":-260037000,"PRETAX_PROFIT":-254985000,"NETCASH_OPERATE":-913675000,"NETCASH_INVEST":659114000,"NETCASH_FINANCE":1412147000,"END_CASH":1519564000,"DIVI_RATIO":null,"DIVIDEND_RATE":null,"CURRENT_RATIO":2.44212066641,"COMMON_ACS":5000000000,"CURRENTDEBT_DEBT":81.698873277836,"ISSUED_COMMON_SHARES":1035859178,"HK_COMMON_SHARES":1035859178,"PER_SHARES":500,"TOTAL_MARKET_CAP":14087684820.8,"HKSK_MARKET_CAP":14087684820.8,"PE_TTM":9.314975989442,"PB_TTM":2.630023453941,"REPORT_DATE_SQ":"2019-12-31 00:00:00","REPORT_TYPE_SQ":"2019年年报","OPERATE_INCOME_SQ":1080587000,"DPS_HKD":null,"OPERATE_INCOME_QOQ_SQ":9.758507624786,"NET_PROFIT_RATIO_SQ":-70.1691765679,"HOLDER_PROFIT_SQ":-742005000,"HOLDER_PROFIT_QOQ_SQ":-302.199984914389,"ROE_AVG_SQ":-33.234377372468,"PE_TTM_SQ":23.459919720234,"PB_TTM_SQ":6.940674845299,"ROA_SQ":-23.489209993863,"START_DATE":"2020-06-01 00:00:00","FISCAL_YEAR":"5-31","CURRENCY":"HKD","IS_CNY_CODE":0,"DPS_HKD_LY":null,"ORG_TYPE":"一般企业","PREMIUM_INCOME":null,"PREMIUM_INCOME_YOY":null,"NET_INTEREST_INCOME":null,"NET_INTEREST_INCOME_YOY":null,"FEE_COMMISSION_INCOME":null,"FEE_COMMISSION_INCOME_YOY":null,"ACCOUNTS_RECE_TDAYS":17.115294892554,"INVENTORY_TDAYS":null,"CURRENT_ASSETS_TDAYS":0.58044564026,"TOTAL_ASSETS_TDAYS":0.447909421362,"PREMIUM_EXPENSE":null,"LOAN_DEPOSIT":null,"LOAN_EQUITY":null,"LOAN_ASSETS":null,"DEPOSIT_EQUITY":null,"DEPOSIT_ASSETS":null,"EQUITY_MULTIPLIER":1.635404346319,"EQUITY_RATIO":0.63540434632},{"SECUCODE":"01797.HK","SECURITY_CODE":"01797","SECURITY_NAME_ABBR":"东方甄选","ORG_CODE":"10951964","STD_REPORT_DATE":"2020-06-30 00:00:00","REPORT_DATE":"2020-11-30 00:00:00","DATE_TYPE_CODE":"002","REPORT_TYPE":"2020年中报","PER_NETCASH_OPERATE":-0.428861130321,"PER_OI":0.719779761847,"BPS":1.295924222626,"BASIC_EPS":-0.72,"DILUTED_EPS":-0.72,"OPERATE_INCOME":676755000,"OPERATE_INCOME_YOY":19.2223606117,"GROSS_PROFIT":153134000,"GROSS_PROFIT_YOY":-51.70889229469,"HOLDER_PROFIT":-674426000,"HOLDER_PROFIT_YOY":-846.1378749193,"GROSS_PROFIT_RATIO":22.627686533531,"EPS_TTM":-0.789498798705,"OPERATE_INCOME_QOQ":7.13912489106,"NET_PROFIT_RATIO":-99.6558577329,"ROE_AVG":-42.071491955167,"GROSS_PROFIT_QOQ":-9.075889029236,"ROA":-19.289049739176,"HOLDER_PROFIT_QOQ":-363.848793813724,"ROE_YEARLY":-84.142983910333,"ROIC_YEARLY":-94.365568529233,"TOTAL_ASSETS":3943594000,"TOTAL_LIABILITIES":2601199000,"TAX_EBT":-1.052439159607,"OCF_SALES":-59.582271279858,"TOTAL_PARENT_EQUITY":1342395000,"DEBT_ASSET_RATIO":65.9601115125,"OPERATE_PROFIT":-663564000,"PRETAX_PROFIT":-667402000,"NETCASH_OPERATE":-403226000,"NETCASH_INVEST":567179000,"NETCASH_FINANCE":1267840000,"END_CASH":1852839000,"DIVI_RATIO":null,"DIVIDEND_RATE":null,"CURRENT_RATIO":1.299627516766,"COMMON_ACS":5000000000,"CURRENTDEBT_DEBT":89.823231517466,"ISSUED_COMMON_SHARES":1035859178,"HK_COMMON_SHARES":1035859178,"PER_SHARES":500,"TOTAL_MARKET_CAP":14087684820.8,"HKSK_MARKET_CAP":14087684820.8,"PE_TTM":9.314975989442,"PB_TTM":2.630023453941,"REPORT_DATE_SQ":"2019-06-30 00:00:00","REPORT_TYPE_SQ":"2019年中报","OPERATE_INCOME_SQ":567641000,"DPS_HKD":null,"OPERATE_INCOME_QOQ_SQ":14.906965111917,"NET_PROFIT_RATIO_SQ":-15.4174909846,"HOLDER_PROFIT_SQ":-71282000,"HOLDER_PROFIT_QOQ_SQ":-186.9469220007,"ROE_AVG_SQ":-2.829502451432,"PE_TTM_SQ":23.459919720234,"PB_TTM_SQ":6.940674845299,"ROA_SQ":-2.136332746668,"START_DATE":"2020-06-01 00:00:00","FISCAL_YEAR":"5-31","CURRENCY":"HKD","IS_CNY_CODE":0,"DPS_HKD_LY":null,"ORG_TYPE":"一般企业","PREMIUM_INCOME":null,"PREMIUM_INCOME_YOY":null,"NET_INTEREST_INCOME":null,"NET_INTEREST_INCOME_YOY":null,"FEE_COMMISSION_INCOME":null,"FEE_COMMISSION_INCOME_YOY":null,"ACCOUNTS_RECE_TDAYS":16.320130222463,"INVENTORY_TDAYS":null,"CURRENT_ASSETS_TDAYS":0.251676888311,"TOTAL_ASSETS_TDAYS":0.193556607489,"PREMIUM_EXPENSE":null,"LOAN_DEPOSIT":null,"LOAN_EQUITY":null,"LOAN_ASSETS":null,"DEPOSIT_EQUITY":null,"DEPOSIT_ASSETS":null,"EQUITY_MULTIPLIER":2.937729952809,"EQUITY_RATIO":1.937729952808}],"count":17},"success":true,"message":"ok","code":0}