{"version":"fb72dcc0f99d2095b4aac05a3defc70a","result":{"pages":6,"data":[{"SECUCODE":"01798.HK","SECURITY_CODE":"01798","SECURITY_NAME_ABBR":"大唐新能源","ORG_CODE":"10159480","STD_REPORT_DATE":"2024-09-30 00:00:00","REPORT_DATE":"2024-09-30 00:00:00","DATE_TYPE_CODE":"004","REPORT_TYPE":"2024年三季报","PER_NETCASH_OPERATE":0.702777201976,"PER_OI":1.249162651947,"BPS":2.588415161473,"BASIC_EPS":0.2097,"DILUTED_EPS":0.2097,"OPERATE_INCOME":9086035630.63,"OPERATE_INCOME_YOY":-4.1018922936,"GROSS_PROFIT":3556633131.93,"GROSS_PROFIT_YOY":-15.619649289397,"HOLDER_PROFIT":1870194345.78,"HOLDER_PROFIT_YOY":-17.0445334583,"GROSS_PROFIT_RATIO":39.143948763972,"EPS_TTM":0.325689153703,"OPERATE_INCOME_QOQ":-0.309143756104,"NET_PROFIT_RATIO":22.6692157934,"ROE_AVG":5.747355989703,"GROSS_PROFIT_QOQ":-2.467380347913,"ROA":1.780961157428,"HOLDER_PROFIT_QOQ":-2.322663039619,"ROE_YEARLY":7.663141319605,"ROIC_YEARLY":1.909345111522,"TOTAL_ASSETS":108475484951.48,"TOTAL_LIABILITIES":71104451154.8,"TAX_EBT":16.169783843522,"OCF_SALES":56.259863427759,"TOTAL_PARENT_EQUITY":33041056907.22,"DEBT_ASSET_RATIO":65.5488668123,"OPERATE_PROFIT":3685509722.92,"PRETAX_PROFIT":2457029360.78,"NETCASH_OPERATE":5111791236.79,"NETCASH_INVEST":-8768473133.19,"NETCASH_FINANCE":3356949871.61,"END_CASH":2735427211.38,"DIVI_RATIO":0.306726149349,"DIVIDEND_RATE":5.263157894737,"CURRENT_RATIO":1.073906675596,"COMMON_ACS":null,"CURRENTDEBT_DEBT":32.739405705881,"ISSUED_COMMON_SHARES":7273701000,"HK_COMMON_SHARES":2501071100,"PER_SHARES":1000,"TOTAL_MARKET_CAP":15202035090,"HKSK_MARKET_CAP":5227238599,"PE_TTM":5.725406606866,"PB_TTM":0.728144823154,"REPORT_DATE_SQ":"2023-09-30 00:00:00","REPORT_TYPE_SQ":"2023年三季报","OPERATE_INCOME_SQ":9474676662.49,"DPS_HKD":0.11,"OPERATE_INCOME_QOQ_SQ":-0.180890754067,"NET_PROFIT_RATIO_SQ":26.5334266824,"HOLDER_PROFIT_SQ":2254455822.8,"HOLDER_PROFIT_QOQ_SQ":-3.8139986089,"ROE_AVG_SQ":7.290195921202,"PE_TTM_SQ":3.426074163093,"PB_TTM_SQ":0.684782629386,"ROA_SQ":2.288161941422,"START_DATE":"2024-01-01 00:00:00","FISCAL_YEAR":"12-31","CURRENCY":"HKD","IS_CNY_CODE":0,"DPS_HKD_LY":0.11,"ORG_TYPE":"一般企业","PREMIUM_INCOME":null,"PREMIUM_INCOME_YOY":null,"NET_INTEREST_INCOME":null,"NET_INTEREST_INCOME_YOY":null,"FEE_COMMISSION_INCOME":null,"FEE_COMMISSION_INCOME_YOY":null,"ACCOUNTS_RECE_TDAYS":0.475133338276,"INVENTORY_TDAYS":46.659136436981,"CURRENT_ASSETS_TDAYS":0.382506729937,"TOTAL_ASSETS_TDAYS":0.086525106707,"PREMIUM_EXPENSE":null,"LOAN_DEPOSIT":null,"LOAN_EQUITY":null,"LOAN_ASSETS":null,"DEPOSIT_EQUITY":null,"DEPOSIT_ASSETS":null,"EQUITY_MULTIPLIER":2.902662140463,"EQUITY_RATIO":2.152002926373},{"SECUCODE":"01798.HK","SECURITY_CODE":"01798","SECURITY_NAME_ABBR":"大唐新能源","ORG_CODE":"10159480","STD_REPORT_DATE":"2024-06-30 00:00:00","REPORT_DATE":"2024-06-30 00:00:00","DATE_TYPE_CODE":"002","REPORT_TYPE":"2024年中报","PER_NETCASH_OPERATE":0.243800095715,"PER_OI":0.910966095527,"BPS":2.592094588436,"BASIC_EPS":0.2111,"DILUTED_EPS":0.2111,"OPERATE_INCOME":6626095000,"OPERATE_INCOME_YOY":-5.0191213291,"GROSS_PROFIT":6603677000,"GROSS_PROFIT_YOY":-5.073511253019,"HOLDER_PROFIT":1765451000,"HOLDER_PROFIT_YOY":-15.6650891548,"GROSS_PROFIT_RATIO":99.661671014376,"EPS_TTM":0.333433694896,"OPERATE_INCOME_QOQ":-2.886524148145,"NET_PROFIT_RATIO":29.8996014998,"ROE_AVG":5.427284817729,"GROSS_PROFIT_QOQ":-2.233229082869,"ROA":1.705389591706,"HOLDER_PROFIT_QOQ":-9.732018363121,"ROE_YEARLY":10.854569635458,"ROIC_YEARLY":3.651900378729,"TOTAL_ASSETS":105498412000,"TOTAL_LIABILITIES":68255804000,"TAX_EBT":14.842995781643,"OCF_SALES":26.762806751186,"TOTAL_PARENT_EQUITY":33019244000,"DEBT_ASSET_RATIO":64.6984183989,"OPERATE_PROFIT":3123654000,"PRETAX_PROFIT":2326498000,"NETCASH_OPERATE":1773329000,"NETCASH_INVEST":-4099544000,"NETCASH_FINANCE":1708652000,"END_CASH":2438366000,"DIVI_RATIO":0.299601934445,"DIVIDEND_RATE":5.418719211823,"CURRENT_RATIO":0.950699982855,"COMMON_ACS":null,"CURRENTDEBT_DEBT":38.283396383405,"ISSUED_COMMON_SHARES":7273701000,"HK_COMMON_SHARES":2501071100,"PER_SHARES":1000,"TOTAL_MARKET_CAP":14765613030,"HKSK_MARKET_CAP":5077174333,"PE_TTM":5.561040866956,"PB_TTM":0.70724114402,"REPORT_DATE_SQ":"2023-06-30 00:00:00","REPORT_TYPE_SQ":"2023年中报","OPERATE_INCOME_SQ":6976241000,"DPS_HKD":0.11,"OPERATE_INCOME_QOQ_SQ":2.492544208972,"NET_PROFIT_RATIO_SQ":33.6731772885,"HOLDER_PROFIT_SQ":2093381000,"HOLDER_PROFIT_QOQ_SQ":-5.179267300757,"ROE_AVG_SQ":6.684763868967,"PE_TTM_SQ":3.175855263541,"PB_TTM_SQ":0.634770414881,"ROA_SQ":2.134800419079,"START_DATE":"2024-01-01 00:00:00","FISCAL_YEAR":"12-31","CURRENCY":"HKD","IS_CNY_CODE":0,"DPS_HKD_LY":0.11,"ORG_TYPE":"一般企业","PREMIUM_INCOME":null,"PREMIUM_INCOME_YOY":null,"NET_INTEREST_INCOME":null,"NET_INTEREST_INCOME_YOY":null,"FEE_COMMISSION_INCOME":null,"FEE_COMMISSION_INCOME_YOY":null,"ACCOUNTS_RECE_TDAYS":0.34561505437,"INVENTORY_TDAYS":0.192738558889,"CURRENT_ASSETS_TDAYS":0.27987383894,"TOTAL_ASSETS_TDAYS":0.064006723759,"PREMIUM_EXPENSE":null,"LOAN_DEPOSIT":null,"LOAN_EQUITY":null,"LOAN_ASSETS":null,"DEPOSIT_EQUITY":null,"DEPOSIT_ASSETS":null,"EQUITY_MULTIPLIER":2.832734270379,"EQUITY_RATIO":2.067152234012},{"SECUCODE":"01798.HK","SECURITY_CODE":"01798","SECURITY_NAME_ABBR":"大唐新能源","ORG_CODE":"10159480","STD_REPORT_DATE":"2024-03-31 00:00:00","REPORT_DATE":"2024-03-31 00:00:00","DATE_TYPE_CODE":"003","REPORT_TYPE":"2024年一季报","PER_NETCASH_OPERATE":0.23173008108,"PER_OI":0.484702598089,"BPS":2.591164431631,"BASIC_EPS":0.1306,"DILUTED_EPS":0.1306,"OPERATE_INCOME":3525581772.42,"OPERATE_INCOME_YOY":0.5697079533,"GROSS_PROFIT":1780719327.98,"GROSS_PROFIT_YOY":-3.792257358417,"HOLDER_PROFIT":1068830620.29,"HOLDER_PROFIT_YOY":-5.8533960315,"GROSS_PROFIT_RATIO":50.508524349378,"EPS_TTM":0.369382021011,"OPERATE_INCOME_QOQ":0.156001278287,"NET_PROFIT_RATIO":34.2756102758,"ROE_AVG":3.2294095664,"GROSS_PROFIT_QOQ":-0.551324413049,"ROA":1.035458832428,"HOLDER_PROFIT_QOQ":-2.413626787403,"ROE_YEARLY":12.917638265599,"ROIC_YEARLY":4.482599951599,"TOTAL_ASSETS":104900492131.95,"TOTAL_LIABILITIES":66655692010.74,"TAX_EBT":14.308683064676,"OCF_SALES":47.808714455743,"TOTAL_PARENT_EQUITY":34154455646.3,"DEBT_ASSET_RATIO":63.5418296483,"OPERATE_PROFIT":1817829887.68,"PRETAX_PROFIT":1410195001.65,"NETCASH_OPERATE":1685535322.48,"NETCASH_INVEST":-1567462049.45,"NETCASH_FINANCE":1389019729.27,"END_CASH":4562870025.47,"DIVI_RATIO":0.270444619168,"DIVIDEND_RATE":5.418719211823,"CURRENT_RATIO":1.450667458117,"COMMON_ACS":null,"CURRENTDEBT_DEBT":27.336616712424,"ISSUED_COMMON_SHARES":7273701000,"HK_COMMON_SHARES":2501071100,"PER_SHARES":1000,"TOTAL_MARKET_CAP":14765613030,"HKSK_MARKET_CAP":5077174333,"PE_TTM":5.561040866956,"PB_TTM":0.70724114402,"REPORT_DATE_SQ":"2023-03-31 00:00:00","REPORT_TYPE_SQ":"2023年一季报","OPERATE_INCOME_SQ":3505610033.25,"DPS_HKD":0.11,"OPERATE_INCOME_QOQ_SQ":3.428778470416,"NET_PROFIT_RATIO_SQ":36.0291771138,"HOLDER_PROFIT_SQ":1135283244.68,"HOLDER_PROFIT_QOQ_SQ":7.175959139117,"ROE_AVG_SQ":3.70395377139,"PE_TTM_SQ":3.175855263541,"PB_TTM_SQ":0.634770414881,"ROA_SQ":1.163134251519,"START_DATE":"2024-01-01 00:00:00","FISCAL_YEAR":"12-31","CURRENCY":"HKD","IS_CNY_CODE":0,"DPS_HKD_LY":0.11,"ORG_TYPE":"一般企业","PREMIUM_INCOME":null,"PREMIUM_INCOME_YOY":null,"NET_INTEREST_INCOME":null,"NET_INTEREST_INCOME_YOY":null,"FEE_COMMISSION_INCOME":null,"FEE_COMMISSION_INCOME_YOY":null,"ACCOUNTS_RECE_TDAYS":0.189824464639,"INVENTORY_TDAYS":15.255916183981,"CURRENT_ASSETS_TDAYS":0.144073614641,"TOTAL_ASSETS_TDAYS":0.034155035573,"PREMIUM_EXPENSE":null,"LOAN_DEPOSIT":null,"LOAN_EQUITY":null,"LOAN_ASSETS":null,"DEPOSIT_EQUITY":null,"DEPOSIT_ASSETS":null,"EQUITY_MULTIPLIER":2.742869404453,"EQUITY_RATIO":1.951595794734},{"SECUCODE":"01798.HK","SECURITY_CODE":"01798","SECURITY_NAME_ABBR":"大唐新能源","ORG_CODE":"10159480","STD_REPORT_DATE":"2023-12-31 00:00:00","REPORT_DATE":"2023-12-31 00:00:00","DATE_TYPE_CODE":"001","REPORT_TYPE":"2023年年报","PER_NETCASH_OPERATE":0.981623522881,"PER_OI":1.760079497356,"BPS":2.441604074734,"BASIC_EPS":0.3079,"DILUTED_EPS":0.3079,"OPERATE_INCOME":12802292000,"OPERATE_INCOME_YOY":2.4246535526,"GROSS_PROFIT":12731396000,"GROSS_PROFIT_YOY":2.362991144763,"HOLDER_PROFIT":2753227000,"HOLDER_PROFIT_YOY":-21.0015761081,"GROSS_PROFIT_RATIO":99.446224160486,"EPS_TTM":0.378518033667,"OPERATE_INCOME_QOQ":-3.20405945144,"NET_PROFIT_RATIO":24.1652041681,"ROE_AVG":8.8491205196,"GROSS_PROFIT_QOQ":3.206532149,"ROA":2.765761722531,"HOLDER_PROFIT_QOQ":-19.18241470268,"ROE_YEARLY":8.8491205196,"ROIC_YEARLY":2.96719164978,"TOTAL_ASSETS":101602789488.27,"TOTAL_LIABILITIES":65644805253.81,"TAX_EBT":14.61759379314,"OCF_SALES":55.771544657785,"TOTAL_PARENT_EQUITY":32039106880.46,"DEBT_ASSET_RATIO":64.5892205455,"OPERATE_PROFIT":5306676000,"PRETAX_PROFIT":3623346000,"NETCASH_OPERATE":7140036000,"NETCASH_INVEST":-6519407000,"NETCASH_FINANCE":-5614000,"END_CASH":3055708000,"DIVI_RATIO":0.263917095395,"DIVIDEND_RATE":5.418719211823,"CURRENT_RATIO":1.181826630595,"COMMON_ACS":null,"CURRENTDEBT_DEBT":29.012580467751,"ISSUED_COMMON_SHARES":7273701000,"HK_COMMON_SHARES":2501071100,"PER_SHARES":1000,"TOTAL_MARKET_CAP":14765613030,"HKSK_MARKET_CAP":5077174333,"PE_TTM":5.561040866956,"PB_TTM":0.70724114402,"REPORT_DATE_SQ":"2022-12-31 00:00:00","REPORT_TYPE_SQ":"2022年年报","OPERATE_INCOME_SQ":12499229000,"DPS_HKD":0.11,"OPERATE_INCOME_QOQ_SQ":4.829462254543,"NET_PROFIT_RATIO_SQ":31.1317202045,"HOLDER_PROFIT_SQ":3485167000,"HOLDER_PROFIT_QOQ_SQ":23.509270794173,"ROE_AVG_SQ":12.102302791183,"PE_TTM_SQ":3.175855263541,"PB_TTM_SQ":0.634770414881,"ROA_SQ":3.544630786751,"START_DATE":"2023-01-01 00:00:00","FISCAL_YEAR":"12-31","CURRENCY":"HKD","IS_CNY_CODE":0,"DPS_HKD_LY":0.054,"ORG_TYPE":"一般企业","PREMIUM_INCOME":null,"PREMIUM_INCOME_YOY":null,"NET_INTEREST_INCOME":null,"NET_INTEREST_INCOME_YOY":null,"FEE_COMMISSION_INCOME":null,"FEE_COMMISSION_INCOME_YOY":null,"ACCOUNTS_RECE_TDAYS":0.793675958713,"INVENTORY_TDAYS":0.606723976363,"CURRENT_ASSETS_TDAYS":0.618150999566,"TOTAL_ASSETS_TDAYS":0.128605774875,"PREMIUM_EXPENSE":null,"LOAN_DEPOSIT":null,"LOAN_EQUITY":null,"LOAN_ASSETS":null,"DEPOSIT_EQUITY":null,"DEPOSIT_ASSETS":null,"EQUITY_MULTIPLIER":2.823998837091,"EQUITY_RATIO":2.04889622856},{"SECUCODE":"01798.HK","SECURITY_CODE":"01798","SECURITY_NAME_ABBR":"大唐新能源","ORG_CODE":"10159480","STD_REPORT_DATE":"2023-09-30 00:00:00","REPORT_DATE":"2023-09-30 00:00:00","DATE_TYPE_CODE":"004","REPORT_TYPE":"2023年三季报","PER_NETCASH_OPERATE":0.738320629679,"PER_OI":1.302593640086,"BPS":2.385255305708,"BASIC_EPS":0.2409,"DILUTED_EPS":0.2409,"OPERATE_INCOME":9474676662.49,"OPERATE_INCOME_YOY":8.3087218223,"GROSS_PROFIT":4215001599.28,"GROSS_PROFIT_YOY":-2.354965192689,"HOLDER_PROFIT":2254455822.8,"HOLDER_PROFIT_YOY":-3.3627291118,"GROSS_PROFIT_RATIO":44.487023139978,"EPS_TTM":0.468360978956,"OPERATE_INCOME_QOQ":-0.180890754067,"NET_PROFIT_RATIO":26.5334266824,"ROE_AVG":7.290195921202,"GROSS_PROFIT_QOQ":-6.44951276109,"ROA":2.288161941422,"HOLDER_PROFIT_QOQ":-3.8139986089,"ROE_YEARLY":9.72026122827,"ROIC_YEARLY":2.464944813259,"TOTAL_ASSETS":99505595482.63,"TOTAL_LIABILITIES":63539019987.07,"TAX_EBT":14.811925512411,"OCF_SALES":56.680810266391,"TOTAL_PARENT_EQUITY":31662081645.26,"DEBT_ASSET_RATIO":63.8547206103,"OPERATE_PROFIT":4238053502.22,"PRETAX_PROFIT":2951066097.88,"NETCASH_OPERATE":5370323502.42,"NETCASH_INVEST":-3541453035.14,"NETCASH_FINANCE":-1306826831.48,"END_CASH":2962957730.24,"DIVI_RATIO":0.213291423685,"DIVIDEND_RATE":5.418719211823,"CURRENT_RATIO":1.739360281507,"COMMON_ACS":null,"CURRENTDEBT_DEBT":20.506681336573,"ISSUED_COMMON_SHARES":7273701000,"HK_COMMON_SHARES":2501071100,"PER_SHARES":1000,"TOTAL_MARKET_CAP":14765613030,"HKSK_MARKET_CAP":5077174333,"PE_TTM":5.561040866956,"PB_TTM":0.70724114402,"REPORT_DATE_SQ":"2022-09-30 00:00:00","REPORT_TYPE_SQ":"2022年三季报","OPERATE_INCOME_SQ":8747842743.48,"DPS_HKD":0.11,"OPERATE_INCOME_QOQ_SQ":5.563267432172,"NET_PROFIT_RATIO_SQ":29.6768297461,"HOLDER_PROFIT_SQ":2332905101.81,"HOLDER_PROFIT_QOQ_SQ":23.054054459696,"ROE_AVG_SQ":8.142401511281,"PE_TTM_SQ":3.175855263541,"PB_TTM_SQ":0.634770414881,"ROA_SQ":2.413023922446,"START_DATE":"2023-01-01 00:00:00","FISCAL_YEAR":"12-31","CURRENCY":"HKD","IS_CNY_CODE":0,"DPS_HKD_LY":0.054,"ORG_TYPE":"一般企业","PREMIUM_INCOME":null,"PREMIUM_INCOME_YOY":null,"NET_INTEREST_INCOME":null,"NET_INTEREST_INCOME_YOY":null,"FEE_COMMISSION_INCOME":null,"FEE_COMMISSION_INCOME_YOY":null,"ACCOUNTS_RECE_TDAYS":0.598346666155,"INVENTORY_TDAYS":37.563475760123,"CURRENT_ASSETS_TDAYS":0.455771000074,"TOTAL_ASSETS_TDAYS":0.09616331501,"PREMIUM_EXPENSE":null,"LOAN_DEPOSIT":null,"LOAN_EQUITY":null,"LOAN_ASSETS":null,"DEPOSIT_EQUITY":null,"DEPOSIT_ASSETS":null,"EQUITY_MULTIPLIER":2.7666130042,"EQUITY_RATIO":2.006785930848},{"SECUCODE":"01798.HK","SECURITY_CODE":"01798","SECURITY_NAME_ABBR":"大唐新能源","ORG_CODE":"10159480","STD_REPORT_DATE":"2023-06-30 00:00:00","REPORT_DATE":"2023-06-30 00:00:00","DATE_TYPE_CODE":"002","REPORT_TYPE":"2023年中报","PER_NETCASH_OPERATE":0.45976621805,"PER_OI":0.959104725366,"BPS":2.386052712367,"BASIC_EPS":0.2447,"DILUTED_EPS":0.2447,"OPERATE_INCOME":6976241000,"OPERATE_INCOME_YOY":12.0602257929,"GROSS_PROFIT":6956622000,"GROSS_PROFIT_YOY":12.062129318702,"HOLDER_PROFIT":2093381000,"HOLDER_PROFIT_YOY":2.780660917,"GROSS_PROFIT_RATIO":99.71877405038,"EPS_TTM":0.486932580814,"OPERATE_INCOME_QOQ":2.492544208972,"NET_PROFIT_RATIO":33.6731772885,"ROE_AVG":6.684763868967,"GROSS_PROFIT_QOQ":4.144982164182,"ROA":2.134800419079,"HOLDER_PROFIT_QOQ":-5.179267300757,"ROE_YEARLY":13.369527737934,"ROIC_YEARLY":4.581018266708,"TOTAL_ASSETS":98571324000,"TOTAL_LIABILITIES":61784545000,"TAX_EBT":13.882333964488,"OCF_SALES":47.937019377628,"TOTAL_PARENT_EQUITY":32444516000,"DEBT_ASSET_RATIO":62.6800396838,"OPERATE_PROFIT":3566272000,"PRETAX_PROFIT":2727805000,"NETCASH_OPERATE":3344202000,"NETCASH_INVEST":-1619547000,"NETCASH_FINANCE":-1717735000,"END_CASH":2447914000,"DIVI_RATIO":0.205156491753,"DIVIDEND_RATE":5.418719211823,"CURRENT_RATIO":1.256025501582,"COMMON_ACS":null,"CURRENTDEBT_DEBT":27.60541976962,"ISSUED_COMMON_SHARES":7273701000,"HK_COMMON_SHARES":2501071100,"PER_SHARES":1000,"TOTAL_MARKET_CAP":14765613030,"HKSK_MARKET_CAP":5077174333,"PE_TTM":5.561040866956,"PB_TTM":0.70724114402,"REPORT_DATE_SQ":"2022-06-30 00:00:00","REPORT_TYPE_SQ":"2022年中报","OPERATE_INCOME_SQ":6225439000,"DPS_HKD":0.11,"OPERATE_INCOME_QOQ_SQ":-0.385638436648,"NET_PROFIT_RATIO_SQ":36.6321957375,"HOLDER_PROFIT_SQ":2036746000,"HOLDER_PROFIT_QOQ_SQ":52.459023485125,"ROE_AVG_SQ":7.09950363854,"PE_TTM_SQ":3.175855263541,"PB_TTM_SQ":0.634770414881,"ROA_SQ":2.095089723403,"START_DATE":"2023-01-01 00:00:00","FISCAL_YEAR":"12-31","CURRENCY":"HKD","IS_CNY_CODE":0,"DPS_HKD_LY":0.054,"ORG_TYPE":"一般企业","PREMIUM_INCOME":null,"PREMIUM_INCOME_YOY":null,"NET_INTEREST_INCOME":null,"NET_INTEREST_INCOME_YOY":null,"FEE_COMMISSION_INCOME":null,"FEE_COMMISSION_INCOME_YOY":null,"ACCOUNTS_RECE_TDAYS":0.4396643037,"INVENTORY_TDAYS":0.155407867429,"CURRENT_ASSETS_TDAYS":0.345909154433,"TOTAL_ASSETS_TDAYS":0.0711427218,"PREMIUM_EXPENSE":null,"LOAN_DEPOSIT":null,"LOAN_EQUITY":null,"LOAN_ASSETS":null,"DEPOSIT_EQUITY":null,"DEPOSIT_ASSETS":null,"EQUITY_MULTIPLIER":2.67953125225,"EQUITY_RATIO":1.904313967883},{"SECUCODE":"01798.HK","SECURITY_CODE":"01798","SECURITY_NAME_ABBR":"大唐新能源","ORG_CODE":"10159480","STD_REPORT_DATE":"2023-03-31 00:00:00","REPORT_DATE":"2023-03-31 00:00:00","DATE_TYPE_CODE":"003","REPORT_TYPE":"2023年一季报","PER_NETCASH_OPERATE":0.219638398198,"PER_OI":0.481956851574,"BPS":2.323568266467,"BASIC_EPS":0.1356,"DILUTED_EPS":0.1356,"OPERATE_INCOME":3505610033.25,"OPERATE_INCOME_YOY":13.9280279057,"GROSS_PROFIT":1850910622.25,"GROSS_PROFIT_YOY":13.767025243126,"HOLDER_PROFIT":1135283244.68,"HOLDER_PROFIT_YOY":28.2531906613,"GROSS_PROFIT_RATIO":52.798531630572,"EPS_TTM":0.513529654278,"OPERATE_INCOME_QOQ":3.428778470416,"NET_PROFIT_RATIO":36.0291771138,"ROE_AVG":3.70395377139,"GROSS_PROFIT_QOQ":1.800844008671,"ROA":1.163134251519,"HOLDER_PROFIT_QOQ":7.175959139117,"ROE_YEARLY":14.815815085561,"ROIC_YEARLY":4.998539584165,"TOTAL_ASSETS":97662767751.64,"TOTAL_LIABILITIES":62337714589.74,"TAX_EBT":13.458853814643,"OCF_SALES":45.572212010385,"TOTAL_PARENT_EQUITY":31114260264.37,"DEBT_ASSET_RATIO":63.8295596417,"OPERATE_PROFIT":1888226490.7,"PRETAX_PROFIT":1459470440.91,"NETCASH_OPERATE":1597584036.61,"NETCASH_INVEST":-494239377.33,"NETCASH_FINANCE":-806894821.79,"END_CASH":2736474555.54,"DIVI_RATIO":0.19453088866,"DIVIDEND_RATE":5.418719211823,"CURRENT_RATIO":1.428440075147,"COMMON_ACS":null,"CURRENTDEBT_DEBT":22.953522521605,"ISSUED_COMMON_SHARES":7273701000,"HK_COMMON_SHARES":2501071100,"PER_SHARES":1000,"TOTAL_MARKET_CAP":14765613030,"HKSK_MARKET_CAP":5077174333,"PE_TTM":5.561040866956,"PB_TTM":0.70724114402,"REPORT_DATE_SQ":"2022-03-31 00:00:00","REPORT_TYPE_SQ":"2022年一季报","OPERATE_INCOME_SQ":3077039160.33,"DPS_HKD":0.11,"OPERATE_INCOME_QOQ_SQ":-2.463108067674,"NET_PROFIT_RATIO_SQ":32.8386577479,"HOLDER_PROFIT_SQ":885189084.83,"HOLDER_PROFIT_QOQ_SQ":-17.867193226651,"ROE_AVG_SQ":3.20306467077,"PE_TTM_SQ":3.175855263541,"PB_TTM_SQ":0.634770414881,"ROA_SQ":0.89309355103,"START_DATE":"2023-01-01 00:00:00","FISCAL_YEAR":"12-31","CURRENCY":"HKD","IS_CNY_CODE":0,"DPS_HKD_LY":0.054,"ORG_TYPE":"一般企业","PREMIUM_INCOME":null,"PREMIUM_INCOME_YOY":null,"NET_INTEREST_INCOME":null,"NET_INTEREST_INCOME_YOY":null,"FEE_COMMISSION_INCOME":null,"FEE_COMMISSION_INCOME_YOY":null,"ACCOUNTS_RECE_TDAYS":0.231308920119,"INVENTORY_TDAYS":13.210842408948,"CURRENT_ASSETS_TDAYS":0.178165982404,"TOTAL_ASSETS_TDAYS":0.035916103944,"PREMIUM_EXPENSE":null,"LOAN_DEPOSIT":null,"LOAN_EQUITY":null,"LOAN_ASSETS":null,"DEPOSIT_EQUITY":null,"DEPOSIT_ASSETS":null,"EQUITY_MULTIPLIER":2.764688486217,"EQUITY_RATIO":2.003509453867},{"SECUCODE":"01798.HK","SECURITY_CODE":"01798","SECURITY_NAME_ABBR":"大唐新能源","ORG_CODE":"10159480","STD_REPORT_DATE":"2022-12-31 00:00:00","REPORT_DATE":"2022-12-31 00:00:00","DATE_TYPE_CODE":"001","REPORT_TYPE":"2022年年报","PER_NETCASH_OPERATE":1.819062950209,"PER_OI":1.718413913357,"BPS":2.182664780969,"BASIC_EPS":0.4027,"DILUTED_EPS":0.4027,"OPERATE_INCOME":12499229000,"OPERATE_INCOME_YOY":5.3162365609,"GROSS_PROFIT":12437499000,"GROSS_PROFIT_YOY":6.128135558684,"HOLDER_PROFIT":3485167000,"HOLDER_PROFIT_YOY":71.5459511927,"GROSS_PROFIT_RATIO":99.50612953807,"EPS_TTM":0.479146310798,"OPERATE_INCOME_QOQ":4.829462254543,"NET_PROFIT_RATIO":31.1317202045,"ROE_AVG":12.102302791183,"GROSS_PROFIT_QOQ":5.963691224134,"ROA":3.544630786751,"HOLDER_PROFIT_QOQ":23.509270794173,"ROE_YEARLY":12.102302791183,"ROIC_YEARLY":3.807867740877,"TOTAL_ASSETS":97548274000,"TOTAL_LIABILITIES":63278345000,"TAX_EBT":10.416728058317,"OCF_SALES":105.857089265266,"TOTAL_PARENT_EQUITY":30186896000,"DEBT_ASSET_RATIO":64.8687489847,"OPERATE_PROFIT":6206972000,"PRETAX_PROFIT":4343696000,"NETCASH_OPERATE":13231320000,"NETCASH_INVEST":-6848812000,"NETCASH_FINANCE":-7066699000,"END_CASH":2440992000,"DIVI_RATIO":0.208490345743,"DIVIDEND_RATE":5.418719211823,"CURRENT_RATIO":1.104450577991,"COMMON_ACS":null,"CURRENTDEBT_DEBT":27.062030462396,"ISSUED_COMMON_SHARES":7273701000,"HK_COMMON_SHARES":2501071100,"PER_SHARES":1000,"TOTAL_MARKET_CAP":14765613030,"HKSK_MARKET_CAP":5077174333,"PE_TTM":5.561040866956,"PB_TTM":0.70724114402,"REPORT_DATE_SQ":"2021-12-31 00:00:00","REPORT_TYPE_SQ":"2021年年报","OPERATE_INCOME_SQ":11868283000,"DPS_HKD":0.11,"OPERATE_INCOME_QOQ_SQ":3.382642124413,"NET_PROFIT_RATIO_SQ":17.9414500676,"HOLDER_PROFIT_SQ":2031623000,"HOLDER_PROFIT_QOQ_SQ":10.810500800932,"ROE_AVG_SQ":7.147880540101,"PE_TTM_SQ":3.175855263541,"PB_TTM_SQ":0.634770414881,"ROA_SQ":1.937823688959,"START_DATE":"2022-01-01 00:00:00","FISCAL_YEAR":"12-31","CURRENCY":"HKD","IS_CNY_CODE":0,"DPS_HKD_LY":0.035,"ORG_TYPE":"一般企业","PREMIUM_INCOME":null,"PREMIUM_INCOME_YOY":null,"NET_INTEREST_INCOME":null,"NET_INTEREST_INCOME_YOY":null,"FEE_COMMISSION_INCOME":null,"FEE_COMMISSION_INCOME_YOY":null,"ACCOUNTS_RECE_TDAYS":0.807987298432,"INVENTORY_TDAYS":0.499668129057,"CURRENT_ASSETS_TDAYS":0.620148969963,"TOTAL_ASSETS_TDAYS":0.127124903696,"PREMIUM_EXPENSE":null,"LOAN_DEPOSIT":null,"LOAN_EQUITY":null,"LOAN_ASSETS":null,"DEPOSIT_EQUITY":null,"DEPOSIT_ASSETS":null,"EQUITY_MULTIPLIER":2.84646851763,"EQUITY_RATIO":2.096219001781},{"SECUCODE":"01798.HK","SECURITY_CODE":"01798","SECURITY_NAME_ABBR":"大唐新能源","ORG_CODE":"10159480","STD_REPORT_DATE":"2022-09-30 00:00:00","REPORT_DATE":"2022-09-30 00:00:00","DATE_TYPE_CODE":"004","REPORT_TYPE":"2022年三季报","PER_NETCASH_OPERATE":1.498191855581,"PER_OI":1.202667355103,"BPS":2.007282189774,"BASIC_EPS":0.2616,"DILUTED_EPS":0.2616,"OPERATE_INCOME":8747842743.48,"OPERATE_INCOME_YOY":3.5304570777,"GROSS_PROFIT":4316657378.02,"GROSS_PROFIT_YOY":6.445537020504,"HOLDER_PROFIT":2332905101.81,"HOLDER_PROFIT_YOY":73.7842786144,"GROSS_PROFIT_RATIO":49.34539296831,"EPS_TTM":0.38794359947,"OPERATE_INCOME_QOQ":5.563267432172,"NET_PROFIT_RATIO":29.6768297461,"ROE_AVG":8.142401511281,"GROSS_PROFIT_QOQ":4.783414658613,"ROA":2.413023922446,"HOLDER_PROFIT_QOQ":23.054054459696,"ROE_YEARLY":10.856535348375,"ROIC_YEARLY":2.600249293244,"TOTAL_ASSETS":94262888356.2,"TOTAL_LIABILITIES":60231199217.92,"TAX_EBT":10.051693957141,"OCF_SALES":124.572422226635,"TOTAL_PARENT_EQUITY":29894420907.84,"DEBT_ASSET_RATIO":63.8970439674,"OPERATE_PROFIT":4376769251.99,"PRETAX_PROFIT":2886193761.34,"NETCASH_OPERATE":10897399598.13,"NETCASH_INVEST":-4038085538.94,"NETCASH_FINANCE":-7271028449.99,"END_CASH":2715180309.7,"DIVI_RATIO":0.257504905704,"DIVIDEND_RATE":5.418719211823,"CURRENT_RATIO":1.202161309202,"COMMON_ACS":null,"CURRENTDEBT_DEBT":24.596613166773,"ISSUED_COMMON_SHARES":7273701000,"HK_COMMON_SHARES":2501071100,"PER_SHARES":1000,"TOTAL_MARKET_CAP":14765613030,"HKSK_MARKET_CAP":5077174333,"PE_TTM":5.561040866956,"PB_TTM":0.70724114402,"REPORT_DATE_SQ":"2021-09-30 00:00:00","REPORT_TYPE_SQ":"2021年三季报","OPERATE_INCOME_SQ":8449535518.73,"DPS_HKD":0.11,"OPERATE_INCOME_QOQ_SQ":3.105931749769,"NET_PROFIT_RATIO_SQ":19.4624639213,"HOLDER_PROFIT_SQ":1342414354.4,"HOLDER_PROFIT_QOQ_SQ":2.854526044471,"ROE_AVG_SQ":5.396459683133,"PE_TTM_SQ":3.175855263541,"PB_TTM_SQ":0.634770414881,"ROA_SQ":1.462614602037,"START_DATE":"2022-01-01 00:00:00","FISCAL_YEAR":"12-31","CURRENCY":"HKD","IS_CNY_CODE":0,"DPS_HKD_LY":0.035,"ORG_TYPE":"一般企业","PREMIUM_INCOME":null,"PREMIUM_INCOME_YOY":null,"NET_INTEREST_INCOME":null,"NET_INTEREST_INCOME_YOY":null,"FEE_COMMISSION_INCOME":null,"FEE_COMMISSION_INCOME_YOY":null,"ACCOUNTS_RECE_TDAYS":0.588424321258,"INVENTORY_TDAYS":32.868844259892,"CURRENT_ASSETS_TDAYS":0.446236880894,"TOTAL_ASSETS_TDAYS":0.090482693846,"PREMIUM_EXPENSE":null,"LOAN_DEPOSIT":null,"LOAN_EQUITY":null,"LOAN_ASSETS":null,"DEPOSIT_EQUITY":null,"DEPOSIT_ASSETS":null,"EQUITY_MULTIPLIER":2.76985629403,"EQUITY_RATIO":2.014797323006}],"count":54},"success":true,"message":"ok","code":0}