{"version":"e06c6134b6b024b2dc621bc054de67ed","result":{"pages":2,"data":[{"SECUCODE":"01795.HK","SECURITY_CODE":"01795","SECURITY_NAME_ABBR":"亚东集团","ORG_CODE":"10000065809","STD_REPORT_DATE":"2024-06-30 00:00:00","REPORT_DATE":"2024-06-30 00:00:00","DATE_TYPE_CODE":"002","REPORT_TYPE":"2024年中报","PER_NETCASH_OPERATE":0.01697,"PER_OI":0.801756666667,"BPS":0.487171666667,"BASIC_EPS":0.0297,"DILUTED_EPS":0.0297,"OPERATE_INCOME":481054000,"OPERATE_INCOME_YOY":6.9952825048,"GROSS_PROFIT":56500000,"GROSS_PROFIT_YOY":17.872864206288,"HOLDER_PROFIT":17829000,"HOLDER_PROFIT_YOY":122.3621850836,"GROSS_PROFIT_RATIO":11.745043176026,"EPS_TTM":0.073908333333,"OPERATE_INCOME_QOQ":2.915833818518,"NET_PROFIT_RATIO":3.7062367219,"ROE_AVG":6.272096925691,"GROSS_PROFIT_QOQ":6.169878719788,"ROA":2.311478502239,"HOLDER_PROFIT_QOQ":28.409683210749,"ROE_YEARLY":12.544193851382,"ROIC_YEARLY":5.525331019361,"TOTAL_ASSETS":722148000,"TOTAL_LIABILITIES":429845000,"TAX_EBT":15.562396400663,"OCF_SALES":2.116602294129,"TOTAL_PARENT_EQUITY":292303000,"DEBT_ASSET_RATIO":59.523117145,"OPERATE_PROFIT":26750000,"PRETAX_PROFIT":21115000,"NETCASH_OPERATE":10182000,"NETCASH_INVEST":33928000,"NETCASH_FINANCE":-76869000,"END_CASH":65738000,"DIVI_RATIO":0.367842146803,"DIVIDEND_RATE":3.092783505155,"CURRENT_RATIO":1.16952133187,"COMMON_ACS":10000000000,"CURRENTDEBT_DEBT":96.042294315393,"ISSUED_COMMON_SHARES":600000000,"HK_COMMON_SHARES":600000000,"PER_SHARES":3000,"TOTAL_MARKET_CAP":582000000,"HKSK_MARKET_CAP":582000000,"PE_TTM":11.890650161208,"PB_TTM":1.817223087002,"REPORT_DATE_SQ":"2023-06-30 00:00:00","REPORT_TYPE_SQ":"2023年中报","OPERATE_INCOME_SQ":449603000,"DPS_HKD":0.03,"OPERATE_INCOME_QOQ_SQ":-5.651007622961,"NET_PROFIT_RATIO_SQ":1.7833510897,"HOLDER_PROFIT_SQ":8018000,"HOLDER_PROFIT_QOQ_SQ":-44.365224009133,"ROE_AVG_SQ":3.061316045183,"PE_TTM_SQ":54.443741318503,"PB_TTM_SQ":5.559132287605,"ROA_SQ":1.036865093092,"START_DATE":"2024-01-01 00:00:00","FISCAL_YEAR":"12-31","CURRENCY":"HKD","IS_CNY_CODE":0,"DPS_HKD_LY":0.03,"ORG_TYPE":"一般企业","PREMIUM_INCOME":null,"PREMIUM_INCOME_YOY":null,"NET_INTEREST_INCOME":null,"NET_INTEREST_INCOME_YOY":null,"FEE_COMMISSION_INCOME":null,"FEE_COMMISSION_INCOME_YOY":null,"ACCOUNTS_RECE_TDAYS":1.776365543115,"INVENTORY_TDAYS":3.503672404971,"CURRENT_ASSETS_TDAYS":0.900489317015,"TOTAL_ASSETS_TDAYS":0.62367265658,"PREMIUM_EXPENSE":null,"LOAN_DEPOSIT":null,"LOAN_EQUITY":null,"LOAN_ASSETS":null,"DEPOSIT_EQUITY":null,"DEPOSIT_ASSETS":null,"EQUITY_MULTIPLIER":2.470545974556,"EQUITY_RATIO":1.470545974554},{"SECUCODE":"01795.HK","SECURITY_CODE":"01795","SECURITY_NAME_ABBR":"亚东集团","ORG_CODE":"10000065809","STD_REPORT_DATE":"2023-12-31 00:00:00","REPORT_DATE":"2023-12-31 00:00:00","DATE_TYPE_CODE":"001","REPORT_TYPE":"2023年年报","PER_NETCASH_OPERATE":0.159723333333,"PER_OI":1.797713333333,"BPS":0.460358333333,"BASIC_EPS":0.0576,"DILUTED_EPS":0.0576,"OPERATE_INCOME":1078628000,"OPERATE_INCOME_YOY":1.7364353369,"GROSS_PROFIT":138852000,"GROSS_PROFIT_YOY":-2.833430136948,"HOLDER_PROFIT":34534000,"HOLDER_PROFIT_YOY":-30.8365544451,"GROSS_PROFIT_RATIO":12.873020170068,"EPS_TTM":0.057556666667,"OPERATE_INCOME_QOQ":7.829911876878,"NET_PROFIT_RATIO":3.2016598864,"ROE_AVG":12.901562727657,"GROSS_PROFIT_QOQ":15.364866773569,"ROA":4.34682459265,"HOLDER_PROFIT_QOQ":24.316930055078,"ROE_YEARLY":12.901562727657,"ROIC_YEARLY":5.331912889754,"TOTAL_ASSETS":820501000,"TOTAL_LIABILITIES":544286000,"TAX_EBT":22.372828017174,"OCF_SALES":8.884805512188,"TOTAL_PARENT_EQUITY":276215000,"DEBT_ASSET_RATIO":66.3358119003,"OPERATE_PROFIT":59701000,"PRETAX_PROFIT":44487000,"NETCASH_OPERATE":95834000,"NETCASH_INVEST":-52790000,"NETCASH_FINANCE":-3661000,"END_CASH":100238000,"DIVI_RATIO":0.472344935426,"DIVIDEND_RATE":2.439024390244,"CURRENT_RATIO":1.111707832875,"COMMON_ACS":10000000000,"CURRENTDEBT_DEBT":96.781287778852,"ISSUED_COMMON_SHARES":600000000,"HK_COMMON_SHARES":600000000,"PER_SHARES":3000,"TOTAL_MARKET_CAP":738000000,"HKSK_MARKET_CAP":738000000,"PE_TTM":15.077834740501,"PB_TTM":2.304313811353,"REPORT_DATE_SQ":"2022-12-31 00:00:00","REPORT_TYPE_SQ":"2022年年报","OPERATE_INCOME_SQ":1060218000,"DPS_HKD":0.03,"OPERATE_INCOME_QOQ_SQ":16.020695587086,"NET_PROFIT_RATIO_SQ":4.7095031399,"HOLDER_PROFIT_SQ":49931000,"HOLDER_PROFIT_QOQ_SQ":28.668247178271,"ROE_AVG_SQ":20.488715633976,"PE_TTM_SQ":89.647965028212,"PB_TTM_SQ":9.153759180343,"ROA_SQ":6.927476613471,"START_DATE":"2023-01-01 00:00:00","FISCAL_YEAR":"12-31","CURRENCY":"HKD","IS_CNY_CODE":0,"DPS_HKD_LY":0.03,"ORG_TYPE":"一般企业","PREMIUM_INCOME":null,"PREMIUM_INCOME_YOY":null,"NET_INTEREST_INCOME":null,"NET_INTEREST_INCOME_YOY":null,"FEE_COMMISSION_INCOME":null,"FEE_COMMISSION_INCOME_YOY":null,"ACCOUNTS_RECE_TDAYS":4.728543246679,"INVENTORY_TDAYS":6.038275083287,"CURRENT_ASSETS_TDAYS":1.917128043979,"TOTAL_ASSETS_TDAYS":1.357678437691,"PREMIUM_EXPENSE":null,"LOAN_DEPOSIT":null,"LOAN_EQUITY":null,"LOAN_ASSETS":null,"DEPOSIT_EQUITY":null,"DEPOSIT_ASSETS":null,"EQUITY_MULTIPLIER":2.97051572145,"EQUITY_RATIO":1.970515721449},{"SECUCODE":"01795.HK","SECURITY_CODE":"01795","SECURITY_NAME_ABBR":"亚东集团","ORG_CODE":"10000065809","STD_REPORT_DATE":"2023-06-30 00:00:00","REPORT_DATE":"2023-06-30 00:00:00","DATE_TYPE_CODE":"002","REPORT_TYPE":"2023年中报","PER_NETCASH_OPERATE":-0.019023333333,"PER_OI":0.749338333333,"BPS":0.44116,"BASIC_EPS":0.0134,"DILUTED_EPS":0.0134,"OPERATE_INCOME":449603000,"OPERATE_INCOME_YOY":-11.7588063967,"GROSS_PROFIT":47933000,"GROSS_PROFIT_YOY":-31.985810571125,"HOLDER_PROFIT":8018000,"HOLDER_PROFIT_YOY":-73.4239310573,"GROSS_PROFIT_RATIO":10.66118331061,"EPS_TTM":0.046298333333,"OPERATE_INCOME_QOQ":-5.651007622961,"NET_PROFIT_RATIO":1.7833510897,"ROE_AVG":3.061316045183,"GROSS_PROFIT_QOQ":-15.774557210936,"ROA":1.036865093092,"HOLDER_PROFIT_QOQ":-44.365224009133,"ROE_YEARLY":6.122632090366,"ROIC_YEARLY":2.428010238342,"TOTAL_ASSETS":778156000,"TOTAL_LIABILITIES":513460000,"TAX_EBT":24.607428302774,"OCF_SALES":-2.538684127997,"TOTAL_PARENT_EQUITY":264696000,"DEBT_ASSET_RATIO":65.9841985412,"OPERATE_PROFIT":17762000,"PRETAX_PROFIT":10635000,"NETCASH_OPERATE":-11414000,"NETCASH_INVEST":-15949000,"NETCASH_FINANCE":1493000,"END_CASH":33090000,"DIVI_RATIO":0.587204722992,"DIVIDEND_RATE":2.439024390244,"CURRENT_RATIO":1.101323217179,"COMMON_ACS":10000000000,"CURRENTDEBT_DEBT":96.77384801153,"ISSUED_COMMON_SHARES":600000000,"HK_COMMON_SHARES":600000000,"PER_SHARES":3000,"TOTAL_MARKET_CAP":738000000,"HKSK_MARKET_CAP":738000000,"PE_TTM":15.077834740501,"PB_TTM":2.304313811353,"REPORT_DATE_SQ":"2022-06-30 00:00:00","REPORT_TYPE_SQ":"2022年中报","OPERATE_INCOME_SQ":509516000,"DPS_HKD":0.03,"OPERATE_INCOME_QOQ_SQ":12.288863493936,"NET_PROFIT_RATIO_SQ":5.9213057097,"HOLDER_PROFIT_SQ":30170000,"HOLDER_PROFIT_QOQ_SQ":10.347769215458,"ROE_AVG_SQ":12.436903429527,"PE_TTM_SQ":89.647965028212,"PB_TTM_SQ":9.153759180343,"ROA_SQ":4.215768539356,"START_DATE":"2023-01-01 00:00:00","FISCAL_YEAR":"12-31","CURRENCY":"HKD","IS_CNY_CODE":0,"DPS_HKD_LY":0.03,"ORG_TYPE":"一般企业","PREMIUM_INCOME":null,"PREMIUM_INCOME_YOY":null,"NET_INTEREST_INCOME":null,"NET_INTEREST_INCOME_YOY":null,"FEE_COMMISSION_INCOME":null,"FEE_COMMISSION_INCOME_YOY":null,"ACCOUNTS_RECE_TDAYS":2.147531978716,"INVENTORY_TDAYS":2.358547068771,"CURRENT_ASSETS_TDAYS":0.827323957916,"TOTAL_ASSETS_TDAYS":0.581413889311,"PREMIUM_EXPENSE":null,"LOAN_DEPOSIT":null,"LOAN_EQUITY":null,"LOAN_ASSETS":null,"DEPOSIT_EQUITY":null,"DEPOSIT_ASSETS":null,"EQUITY_MULTIPLIER":2.939810197361,"EQUITY_RATIO":1.939810197358},{"SECUCODE":"01795.HK","SECURITY_CODE":"01795","SECURITY_NAME_ABBR":"亚东集团","ORG_CODE":"10000065809","STD_REPORT_DATE":"2022-12-31 00:00:00","REPORT_DATE":"2022-12-31 00:00:00","DATE_TYPE_CODE":"001","REPORT_TYPE":"2022年年报","PER_NETCASH_OPERATE":0.006753333333,"PER_OI":1.76703,"BPS":0.431885,"BASIC_EPS":0.0832,"DILUTED_EPS":0.0832,"OPERATE_INCOME":1060218000,"OPERATE_INCOME_YOY":30.2783204925,"GROSS_PROFIT":142901000,"GROSS_PROFIT_YOY":24.109570005472,"HOLDER_PROFIT":49931000,"HOLDER_PROFIT_YOY":41.9825404499,"GROSS_PROFIT_RATIO":13.47845443107,"EPS_TTM":0.083218333333,"OPERATE_INCOME_QOQ":16.020695587086,"NET_PROFIT_RATIO":4.7095031399,"ROE_AVG":20.488715633976,"GROSS_PROFIT_QOQ":17.055209698558,"ROA":6.927476613471,"HOLDER_PROFIT_QOQ":28.668247178271,"ROE_YEARLY":20.488715633976,"ROIC_YEARLY":8.373125705887,"TOTAL_ASSETS":768429000,"TOTAL_LIABILITIES":509298000,"TAX_EBT":21.121309300011,"OCF_SALES":0.382185550519,"TOTAL_PARENT_EQUITY":259131000,"DEBT_ASSET_RATIO":66.2778213732,"OPERATE_PROFIT":75271000,"PRETAX_PROFIT":63301000,"NETCASH_OPERATE":4052000,"NETCASH_INVEST":-22173000,"NETCASH_FINANCE":48450000,"END_CASH":61413000,"DIVI_RATIO":0.326690032244,"DIVIDEND_RATE":2.439024390244,"CURRENT_RATIO":1.097386289458,"COMMON_ACS":10000000000,"CURRENTDEBT_DEBT":96.555062065824,"ISSUED_COMMON_SHARES":600000000,"HK_COMMON_SHARES":600000000,"PER_SHARES":3000,"TOTAL_MARKET_CAP":738000000,"HKSK_MARKET_CAP":738000000,"PE_TTM":15.077834740501,"PB_TTM":2.304313811353,"REPORT_DATE_SQ":"2021-12-31 00:00:00","REPORT_TYPE_SQ":"2021年年报","OPERATE_INCOME_SQ":813810000,"DPS_HKD":0.03,"OPERATE_INCOME_QOQ_SQ":-5.319846987212,"NET_PROFIT_RATIO_SQ":4.3212789226,"HOLDER_PROFIT_SQ":35167000,"HOLDER_PROFIT_QOQ_SQ":-24.022382577885,"ROE_AVG_SQ":16.103027874764,"PE_TTM_SQ":89.647965028212,"PB_TTM_SQ":9.153759180343,"ROA_SQ":5.680255269867,"START_DATE":"2022-01-01 00:00:00","FISCAL_YEAR":"12-31","CURRENCY":"HKD","IS_CNY_CODE":0,"DPS_HKD_LY":0.03,"ORG_TYPE":"一般企业","PREMIUM_INCOME":null,"PREMIUM_INCOME_YOY":null,"NET_INTEREST_INCOME":null,"NET_INTEREST_INCOME_YOY":null,"FEE_COMMISSION_INCOME":null,"FEE_COMMISSION_INCOME_YOY":null,"ACCOUNTS_RECE_TDAYS":6.032586337863,"INVENTORY_TDAYS":5.789680636203,"CURRENT_ASSETS_TDAYS":2.020625197733,"TOTAL_ASSETS_TDAYS":1.470957000697,"PREMIUM_EXPENSE":null,"LOAN_DEPOSIT":null,"LOAN_EQUITY":null,"LOAN_ASSETS":null,"DEPOSIT_EQUITY":null,"DEPOSIT_ASSETS":null,"EQUITY_MULTIPLIER":2.965407458002,"EQUITY_RATIO":1.965407458004},{"SECUCODE":"01795.HK","SECURITY_CODE":"01795","SECURITY_NAME_ABBR":"亚东集团","ORG_CODE":"10000065809","STD_REPORT_DATE":"2022-06-30 00:00:00","REPORT_DATE":"2022-06-30 00:00:00","DATE_TYPE_CODE":"002","REPORT_TYPE":"2022年中报","PER_NETCASH_OPERATE":-0.089498333333,"PER_OI":0.849193333333,"BPS":0.428166666667,"BASIC_EPS":0.0477,"DILUTED_EPS":0.0477,"OPERATE_INCOME":509516000,"OPERATE_INCOME_YOY":24.4215009231,"GROSS_PROFIT":70475000,"GROSS_PROFIT_YOY":10.92136741375,"HOLDER_PROFIT":30170000,"HOLDER_PROFIT_YOY":13.7160303042,"GROSS_PROFIT_RATIO":13.831754056791,"EPS_TTM":0.064676666667,"OPERATE_INCOME_QOQ":12.288863493936,"NET_PROFIT_RATIO":5.9213057097,"ROE_AVG":12.436903429527,"GROSS_PROFIT_QOQ":6.026524001007,"ROA":4.215768539356,"HOLDER_PROFIT_QOQ":10.347769215458,"ROE_YEARLY":24.873806859053,"ROIC_YEARLY":10.194298187446,"TOTAL_ASSETS":758187000,"TOTAL_LIABILITIES":501287000,"TAX_EBT":24.565570696337,"OCF_SALES":-10.539217610438,"TOTAL_PARENT_EQUITY":256900000,"DEBT_ASSET_RATIO":66.1165385321,"OPERATE_PROFIT":43669000,"PRETAX_PROFIT":39995000,"NETCASH_OPERATE":-53699000,"NETCASH_INVEST":62169000,"NETCASH_FINANCE":68286000,"END_CASH":107693000,"DIVI_RATIO":0.420346338195,"DIVIDEND_RATE":2.439024390244,"CURRENT_RATIO":1.218580971622,"COMMON_ACS":10000000000,"CURRENTDEBT_DEBT":96.665383303377,"ISSUED_COMMON_SHARES":600000000,"HK_COMMON_SHARES":600000000,"PER_SHARES":3000,"TOTAL_MARKET_CAP":738000000,"HKSK_MARKET_CAP":738000000,"PE_TTM":15.077834740501,"PB_TTM":2.304313811353,"REPORT_DATE_SQ":"2021-06-30 00:00:00","REPORT_TYPE_SQ":"2021年中报","OPERATE_INCOME_SQ":409508000,"DPS_HKD":0.03,"OPERATE_INCOME_QOQ_SQ":11.416649707503,"NET_PROFIT_RATIO_SQ":6.4787501099,"HOLDER_PROFIT_SQ":26531000,"HOLDER_PROFIT_QOQ_SQ":28.600800177817,"ROE_AVG_SQ":12.35810606237,"PE_TTM_SQ":89.647965028212,"PB_TTM_SQ":9.153759180343,"ROA_SQ":4.553493812339,"START_DATE":"2022-01-01 00:00:00","FISCAL_YEAR":"12-31","CURRENCY":"HKD","IS_CNY_CODE":0,"DPS_HKD_LY":0.03,"ORG_TYPE":"一般企业","PREMIUM_INCOME":null,"PREMIUM_INCOME_YOY":null,"NET_INTEREST_INCOME":null,"NET_INTEREST_INCOME_YOY":null,"FEE_COMMISSION_INCOME":null,"FEE_COMMISSION_INCOME_YOY":null,"ACCOUNTS_RECE_TDAYS":2.226472561062,"INVENTORY_TDAYS":2.930466327814,"CURRENT_ASSETS_TDAYS":0.9261889657,"TOTAL_ASSETS_TDAYS":0.71196603351,"PREMIUM_EXPENSE":null,"LOAN_DEPOSIT":null,"LOAN_EQUITY":null,"LOAN_ASSETS":null,"DEPOSIT_EQUITY":null,"DEPOSIT_ASSETS":null,"EQUITY_MULTIPLIER":2.951292331651,"EQUITY_RATIO":1.951292331647},{"SECUCODE":"01795.HK","SECURITY_CODE":"01795","SECURITY_NAME_ABBR":"亚东集团","ORG_CODE":"10000065809","STD_REPORT_DATE":"2021-12-31 00:00:00","REPORT_DATE":"2021-12-31 00:00:00","DATE_TYPE_CODE":"001","REPORT_TYPE":"2021年年报","PER_NETCASH_OPERATE":-0.0595,"PER_OI":1.35635,"BPS":0.380448333333,"BASIC_EPS":0.0586,"DILUTED_EPS":0.0586,"OPERATE_INCOME":813810000,"OPERATE_INCOME_YOY":5.4894544248,"GROSS_PROFIT":115141000,"GROSS_PROFIT_YOY":-9.292084199912,"HOLDER_PROFIT":35167000,"HOLDER_PROFIT_YOY":-2.2921760391,"GROSS_PROFIT_RATIO":14.148388444477,"EPS_TTM":0.058611666667,"OPERATE_INCOME_QOQ":-5.319846987212,"NET_PROFIT_RATIO":4.3212789226,"ROE_AVG":16.103027874764,"GROSS_PROFIT_QOQ":-17.453956282664,"ROA":5.680255269867,"HOLDER_PROFIT_QOQ":-24.022382577885,"ROE_YEARLY":16.103027874764,"ROIC_YEARLY":7.128371290706,"TOTAL_ASSETS":673106000,"TOTAL_LIABILITIES":444837000,"TAX_EBT":28.353434927879,"OCF_SALES":-4.386773325469,"TOTAL_PARENT_EQUITY":228269000,"DEBT_ASSET_RATIO":66.0872136038,"OPERATE_PROFIT":55283000,"PRETAX_PROFIT":49084000,"NETCASH_OPERATE":-35700000,"NETCASH_INVEST":-173254000,"NETCASH_FINANCE":113146000,"END_CASH":32476000,"DIVI_RATIO":0.463842807177,"DIVIDEND_RATE":2.439024390244,"CURRENT_RATIO":1.186252812898,"COMMON_ACS":10000000000,"CURRENTDEBT_DEBT":96.601002164838,"ISSUED_COMMON_SHARES":600000000,"HK_COMMON_SHARES":600000000,"PER_SHARES":3000,"TOTAL_MARKET_CAP":738000000,"HKSK_MARKET_CAP":738000000,"PE_TTM":15.077834740501,"PB_TTM":2.304313811353,"REPORT_DATE_SQ":"2020-12-31 00:00:00","REPORT_TYPE_SQ":"2020年年报","OPERATE_INCOME_SQ":771461000,"DPS_HKD":0.03,"OPERATE_INCOME_QOQ_SQ":-1.48476288744,"NET_PROFIT_RATIO_SQ":4.6654335086,"HOLDER_PROFIT_SQ":35992000,"HOLDER_PROFIT_QOQ_SQ":-21.334120166984,"ROE_AVG_SQ":23.723350613484,"PE_TTM_SQ":89.647965028212,"PB_TTM_SQ":9.153759180343,"ROA_SQ":7.490936034,"START_DATE":"2021-01-01 00:00:00","FISCAL_YEAR":"12-31","CURRENCY":"HKD","IS_CNY_CODE":0,"DPS_HKD_LY":0.03,"ORG_TYPE":"一般企业","PREMIUM_INCOME":null,"PREMIUM_INCOME_YOY":null,"NET_INTEREST_INCOME":null,"NET_INTEREST_INCOME_YOY":null,"FEE_COMMISSION_INCOME":null,"FEE_COMMISSION_INCOME_YOY":null,"ACCOUNTS_RECE_TDAYS":3.896092704611,"INVENTORY_TDAYS":6.911732263601,"CURRENT_ASSETS_TDAYS":1.659959327621,"TOTAL_ASSETS_TDAYS":1.314484755928,"PREMIUM_EXPENSE":null,"LOAN_DEPOSIT":null,"LOAN_EQUITY":null,"LOAN_ASSETS":null,"DEPOSIT_EQUITY":null,"DEPOSIT_ASSETS":null,"EQUITY_MULTIPLIER":2.948740302012,"EQUITY_RATIO":1.948740302012},{"SECUCODE":"01795.HK","SECURITY_CODE":"01795","SECURITY_NAME_ABBR":"亚东集团","ORG_CODE":"10000065809","STD_REPORT_DATE":"2021-06-30 00:00:00","REPORT_DATE":"2021-06-30 00:00:00","DATE_TYPE_CODE":"002","REPORT_TYPE":"2021年中报","PER_NETCASH_OPERATE":-0.087128333333,"PER_OI":0.682513333333,"BPS":0.368106666667,"BASIC_EPS":0.0442,"DILUTED_EPS":0.0442,"OPERATE_INCOME":409508000,"OPERATE_INCOME_YOY":27.4007335899,"GROSS_PROFIT":63536000,"GROSS_PROFIT_YOY":24.617044228695,"HOLDER_PROFIT":26531000,"HOLDER_PROFIT_YOY":63.3984110365,"GROSS_PROFIT_RATIO":15.515203610186,"EPS_TTM":0.077143333333,"OPERATE_INCOME_QOQ":11.416649707503,"NET_PROFIT_RATIO":6.4787501099,"ROE_AVG":12.35810606237,"GROSS_PROFIT_QOQ":9.887659923111,"ROA":4.553493812339,"HOLDER_PROFIT_QOQ":28.600800177817,"ROE_YEARLY":24.716212124741,"ROIC_YEARLY":11.900791599336,"TOTAL_ASSETS":600190000,"TOTAL_LIABILITIES":379326000,"TAX_EBT":25.531198248519,"OCF_SALES":-12.765806773006,"TOTAL_PARENT_EQUITY":220864000,"DEBT_ASSET_RATIO":63.2009863543,"OPERATE_PROFIT":38340000,"PRETAX_PROFIT":35627000,"NETCASH_OPERATE":-52277000,"NETCASH_INVEST":-107722000,"NETCASH_FINANCE":84499000,"END_CASH":52893000,"DIVI_RATIO":0.352416713477,"DIVIDEND_RATE":2.439024390244,"CURRENT_RATIO":1.361706732416,"COMMON_ACS":10000000000,"CURRENTDEBT_DEBT":96.229891966277,"ISSUED_COMMON_SHARES":600000000,"HK_COMMON_SHARES":600000000,"PER_SHARES":3000,"TOTAL_MARKET_CAP":738000000,"HKSK_MARKET_CAP":738000000,"PE_TTM":15.077834740501,"PB_TTM":2.304313811353,"REPORT_DATE_SQ":"2020-06-30 00:00:00","REPORT_TYPE_SQ":"2020年中报","OPERATE_INCOME_SQ":321433000,"DPS_HKD":0.03,"OPERATE_INCOME_QOQ_SQ":-9.644456854596,"NET_PROFIT_RATIO_SQ":5.0514415135,"HOLDER_PROFIT_SQ":16237000,"HOLDER_PROFIT_QOQ_SQ":-13.122816345131,"ROE_AVG_SQ":null,"PE_TTM_SQ":89.647965028212,"PB_TTM_SQ":9.153759180343,"ROA_SQ":null,"START_DATE":"2021-01-01 00:00:00","FISCAL_YEAR":"12-31","CURRENCY":"HKD","IS_CNY_CODE":0,"DPS_HKD_LY":0.03,"ORG_TYPE":"一般企业","PREMIUM_INCOME":null,"PREMIUM_INCOME_YOY":null,"NET_INTEREST_INCOME":null,"NET_INTEREST_INCOME_YOY":null,"FEE_COMMISSION_INCOME":null,"FEE_COMMISSION_INCOME_YOY":null,"ACCOUNTS_RECE_TDAYS":1.89450211884,"INVENTORY_TDAYS":3.724213653685,"CURRENT_ASSETS_TDAYS":0.846246520538,"TOTAL_ASSETS_TDAYS":0.702835228263,"PREMIUM_EXPENSE":null,"LOAN_DEPOSIT":null,"LOAN_EQUITY":null,"LOAN_ASSETS":null,"DEPOSIT_EQUITY":null,"DEPOSIT_ASSETS":null,"EQUITY_MULTIPLIER":2.717464140827,"EQUITY_RATIO":1.717464140829},{"SECUCODE":"01795.HK","SECURITY_CODE":"01795","SECURITY_NAME_ABBR":"亚东集团","ORG_CODE":"10000065809","STD_REPORT_DATE":"2020-12-31 00:00:00","REPORT_DATE":"2020-12-31 00:00:00","DATE_TYPE_CODE":"001","REPORT_TYPE":"2020年年报","PER_NETCASH_OPERATE":-0.015695,"PER_OI":1.285768333333,"BPS":0.34751,"BASIC_EPS":0.0768,"DILUTED_EPS":0.0768,"OPERATE_INCOME":771461000,"OPERATE_INCOME_YOY":-10.986022426,"GROSS_PROFIT":126936000,"GROSS_PROFIT_YOY":-2.012459183437,"HOLDER_PROFIT":35992000,"HOLDER_PROFIT_YOY":-31.6572991038,"GROSS_PROFIT_RATIO":16.453974990311,"EPS_TTM":0.059986666667,"OPERATE_INCOME_QOQ":-1.48476288744,"NET_PROFIT_RATIO":4.6654335086,"ROE_AVG":23.723350613484,"GROSS_PROFIT_QOQ":1.232953186059,"ROA":7.490936034,"HOLDER_PROFIT_QOQ":-21.334120166984,"ROE_YEARLY":23.723350613484,"ROIC_YEARLY":9.353539737341,"TOTAL_ASSETS":565113000,"TOTAL_LIABILITIES":356607000,"TAX_EBT":36.706234063132,"OCF_SALES":-1.220670908834,"TOTAL_PARENT_EQUITY":208506000,"DEBT_ASSET_RATIO":63.1036624534,"OPERATE_PROFIT":62486000,"PRETAX_PROFIT":56865000,"NETCASH_OPERATE":-9417000,"NETCASH_INVEST":-29635000,"NETCASH_FINANCE":108169000,"END_CASH":129233000,"DIVI_RATIO":0.453210713492,"DIVIDEND_RATE":2.439024390244,"CURRENT_RATIO":1.373858559092,"COMMON_ACS":10000000000,"CURRENTDEBT_DEBT":96.088691472686,"ISSUED_COMMON_SHARES":600000000,"HK_COMMON_SHARES":600000000,"PER_SHARES":3000,"TOTAL_MARKET_CAP":738000000,"HKSK_MARKET_CAP":738000000,"PE_TTM":15.077834740501,"PB_TTM":2.304313811353,"REPORT_DATE_SQ":"2019-12-31 00:00:00","REPORT_TYPE_SQ":"2019年年报","OPERATE_INCOME_SQ":866674000,"DPS_HKD":0.03,"OPERATE_INCOME_QOQ_SQ":-2.312029270074,"NET_PROFIT_RATIO_SQ":6.0765639675,"HOLDER_PROFIT_SQ":52664000,"HOLDER_PROFIT_QOQ_SQ":1.245770532144,"ROE_AVG_SQ":42.223754469798,"PE_TTM_SQ":89.647965028212,"PB_TTM_SQ":9.153759180343,"ROA_SQ":13.038548191429,"START_DATE":"2020-01-01 00:00:00","FISCAL_YEAR":"12-31","CURRENCY":"HKD","IS_CNY_CODE":0,"DPS_HKD_LY":null,"ORG_TYPE":"一般企业","PREMIUM_INCOME":null,"PREMIUM_INCOME_YOY":null,"NET_INTEREST_INCOME":null,"NET_INTEREST_INCOME_YOY":null,"FEE_COMMISSION_INCOME":null,"FEE_COMMISSION_INCOME_YOY":null,"ACCOUNTS_RECE_TDAYS":3.669308004395,"INVENTORY_TDAYS":9.216189550147,"CURRENT_ASSETS_TDAYS":1.974240173404,"TOTAL_ASSETS_TDAYS":1.605624862115,"PREMIUM_EXPENSE":null,"LOAN_DEPOSIT":null,"LOAN_EQUITY":null,"LOAN_ASSETS":null,"DEPOSIT_EQUITY":null,"DEPOSIT_ASSETS":null,"EQUITY_MULTIPLIER":2.710296106591,"EQUITY_RATIO":1.710296106587},{"SECUCODE":"01795.HK","SECURITY_CODE":"01795","SECURITY_NAME_ABBR":"亚东集团","ORG_CODE":"10000065809","STD_REPORT_DATE":"2020-06-30 00:00:00","REPORT_DATE":"2020-06-30 00:00:00","DATE_TYPE_CODE":"002","REPORT_TYPE":"2020年中报","PER_NETCASH_OPERATE":null,"PER_OI":null,"BPS":null,"BASIC_EPS":0.0361,"DILUTED_EPS":0.0361,"OPERATE_INCOME":321433000,"OPERATE_INCOME_YOY":-20.6375503371,"GROSS_PROFIT":50985000,"GROSS_PROFIT_YOY":-7.532010591607,"HOLDER_PROFIT":16237000,"HOLDER_PROFIT_YOY":-29.8557110766,"GROSS_PROFIT_RATIO":15.8617814599,"EPS_TTM":null,"OPERATE_INCOME_QOQ":-9.644456854596,"NET_PROFIT_RATIO":5.0514415135,"ROE_AVG":null,"GROSS_PROFIT_QOQ":-3.205885304493,"ROA":null,"HOLDER_PROFIT_QOQ":-13.122816345131,"ROE_YEARLY":null,"ROIC_YEARLY":null,"TOTAL_ASSETS":null,"TOTAL_LIABILITIES":null,"TAX_EBT":33.323751642576,"OCF_SALES":-6.721462948733,"TOTAL_PARENT_EQUITY":null,"DEBT_ASSET_RATIO":null,"OPERATE_PROFIT":26827000,"PRETAX_PROFIT":24352000,"NETCASH_OPERATE":-21605000,"NETCASH_INVEST":-23253000,"NETCASH_FINANCE":22176000,"END_CASH":39944000,"DIVI_RATIO":null,"DIVIDEND_RATE":2.439024390244,"CURRENT_RATIO":null,"COMMON_ACS":10000000000,"CURRENTDEBT_DEBT":null,"ISSUED_COMMON_SHARES":600000000,"HK_COMMON_SHARES":600000000,"PER_SHARES":3000,"TOTAL_MARKET_CAP":738000000,"HKSK_MARKET_CAP":738000000,"PE_TTM":15.077834740501,"PB_TTM":2.304313811353,"REPORT_DATE_SQ":"2019-06-30 00:00:00","REPORT_TYPE_SQ":"2019年中报","OPERATE_INCOME_SQ":405019000,"DPS_HKD":0.03,"OPERATE_INCOME_QOQ_SQ":2.984293254492,"NET_PROFIT_RATIO_SQ":5.715287431,"HOLDER_PROFIT_SQ":23148000,"HOLDER_PROFIT_QOQ_SQ":5.971274320057,"ROE_AVG_SQ":13.937567548853,"PE_TTM_SQ":89.647965028212,"PB_TTM_SQ":9.153759180343,"ROA_SQ":5.193866893137,"START_DATE":"2020-01-01 00:00:00","FISCAL_YEAR":"12-31","CURRENCY":"HKD","IS_CNY_CODE":0,"DPS_HKD_LY":null,"ORG_TYPE":"一般企业","PREMIUM_INCOME":null,"PREMIUM_INCOME_YOY":null,"NET_INTEREST_INCOME":null,"NET_INTEREST_INCOME_YOY":null,"FEE_COMMISSION_INCOME":null,"FEE_COMMISSION_INCOME_YOY":null,"ACCOUNTS_RECE_TDAYS":null,"INVENTORY_TDAYS":null,"CURRENT_ASSETS_TDAYS":2.06867635039,"TOTAL_ASSETS_TDAYS":1.624075688102,"PREMIUM_EXPENSE":null,"LOAN_DEPOSIT":null,"LOAN_EQUITY":null,"LOAN_ASSETS":null,"DEPOSIT_EQUITY":null,"DEPOSIT_ASSETS":null,"EQUITY_MULTIPLIER":null,"EQUITY_RATIO":null}],"count":15},"success":true,"message":"ok","code":0}