{"version":"34bef38727d32e745493b045b1d184fc","result":{"pages":4,"data":[{"SECUCODE":"01792.HK","SECURITY_CODE":"01792","SECURITY_NAME_ABBR":"CMON","ORG_CODE":"10476140","STD_REPORT_DATE":"2024-06-30 00:00:00","REPORT_DATE":"2024-06-30 00:00:00","DATE_TYPE_CODE":"002","REPORT_TYPE":"2024年中报","PER_NETCASH_OPERATE":0.0085023066,"PER_OI":0.05234023271,"BPS":0.069077143677,"BASIC_EPS":0.000641412,"DILUTED_EPS":null,"OPERATE_INCOME":113431752.33,"OPERATE_INCOME_YOY":-24.8821734363,"GROSS_PROFIT":60235955.9112,"GROSS_PROFIT_YOY":-14.516634802571,"HOLDER_PROFIT":1241068.0788,"HOLDER_PROFIT_YOY":-38.6120638905,"GROSS_PROFIT_RATIO":53.103257839092,"EPS_TTM":0.002097386773,"OPERATE_INCOME_QOQ":-12.432630335509,"NET_PROFIT_RATIO":1.0941099413,"ROE_AVG":0.861471383585,"GROSS_PROFIT_QOQ":-6.115727522666,"ROA":0.452160181303,"HOLDER_PROFIT_QOQ":-15.104093957803,"ROE_YEARLY":1.722942767171,"ROIC_YEARLY":0.966829241914,"TOTAL_ASSETS":283080216.1896,"TOTAL_LIABILITIES":133819096.8912,"TAX_EBT":14.120646631225,"OCF_SALES":16.24430416132,"TOTAL_PARENT_EQUITY":149703985.7772,"DEBT_ASSET_RATIO":47.2725005981,"OPERATE_PROFIT":2176189.7604,"PRETAX_PROFIT":1445129.7432,"NETCASH_OPERATE":18426198.864,"NETCASH_INVEST":-17537921.6388,"NETCASH_FINANCE":-9826631.3904,"END_CASH":13719474.8472,"DIVI_RATIO":null,"DIVIDEND_RATE":null,"CURRENT_RATIO":0.888010804039,"COMMON_ACS":7600000000,"CURRENTDEBT_DEBT":67.307424384152,"ISSUED_COMMON_SHARES":2167200000,"HK_COMMON_SHARES":2167200000,"PER_SHARES":70000,"TOTAL_MARKET_CAP":49845600,"HKSK_MARKET_CAP":49845600,"PE_TTM":9.88056493568,"PB_TTM":0.30388691387,"REPORT_DATE_SQ":"2023-06-30 00:00:00","REPORT_TYPE_SQ":"2023年中报","OPERATE_INCOME_SQ":153102750.5268,"DPS_HKD":null,"OPERATE_INCOME_QOQ_SQ":16.197133046661,"NET_PROFIT_RATIO_SQ":1.3645236867,"HOLDER_PROFIT_SQ":2049764.3634,"HOLDER_PROFIT_QOQ_SQ":28.441298302693,"ROE_AVG_SQ":1.507068048899,"PE_TTM_SQ":9.526054218482,"PB_TTM_SQ":0.364547074878,"ROA_SQ":0.732810054915,"START_DATE":"2024-01-01 00:00:00","FISCAL_YEAR":"12-31","CURRENCY":"HKD","IS_CNY_CODE":0,"DPS_HKD_LY":null,"ORG_TYPE":"一般企业","PREMIUM_INCOME":null,"PREMIUM_INCOME_YOY":null,"NET_INTEREST_INCOME":null,"NET_INTEREST_INCOME_YOY":null,"FEE_COMMISSION_INCOME":null,"FEE_COMMISSION_INCOME_YOY":null,"ACCOUNTS_RECE_TDAYS":13.316275478019,"INVENTORY_TDAYS":2.463086735624,"CURRENT_ASSETS_TDAYS":1.611588469549,"TOTAL_ASSETS_TDAYS":0.413267592449,"PREMIUM_EXPENSE":null,"LOAN_DEPOSIT":null,"LOAN_EQUITY":null,"LOAN_ASSETS":null,"DEPOSIT_EQUITY":null,"DEPOSIT_ASSETS":null,"EQUITY_MULTIPLIER":1.896543570894,"EQUITY_RATIO":0.893891342949},{"SECUCODE":"01792.HK","SECURITY_CODE":"01792","SECURITY_NAME_ABBR":"CMON","ORG_CODE":"10476140","STD_REPORT_DATE":"2023-12-31 00:00:00","REPORT_DATE":"2023-12-31 00:00:00","DATE_TYPE_CODE":"001","REPORT_TYPE":"2023年年报","PER_NETCASH_OPERATE":0.017888837354,"PER_OI":0.176682022288,"BPS":0.063476829377,"BASIC_EPS":0.00283308,"DILUTED_EPS":0.00283308,"OPERATE_INCOME":319087732.2516,"OPERATE_INCOME_YOY":-0.6292850342,"GROSS_PROFIT":167259971.9868,"GROSS_PROFIT_YOY":30.405685348803,"HOLDER_PROFIT":5354152.8996,"HOLDER_PROFIT_YOY":30.4323370217,"GROSS_PROFIT_RATIO":52.418176909075,"EPS_TTM":0.002964647231,"OPERATE_INCOME_QOQ":-13.030760947845,"NET_PROFIT_RATIO":1.6779563607,"ROE_AVG":3.967707150473,"GROSS_PROFIT_QOQ":9.602015607189,"ROA":2.016277277894,"HOLDER_PROFIT_QOQ":3.272159222873,"ROE_YEARLY":3.967707150473,"ROIC_YEARLY":2.222230485935,"TOTAL_ASSETS":264225230.1267,"TOTAL_LIABILITIES":127098371.5608,"TAX_EBT":44.516844993182,"OCF_SALES":10.124876952501,"TOTAL_PARENT_EQUITY":137566984.6266,"DEBT_ASSET_RATIO":48.1022843654,"OPERATE_PROFIT":12969174.4662,"PRETAX_PROFIT":9650051.2614,"NETCASH_OPERATE":32307240.261,"NETCASH_INVEST":-32324762.8608,"NETCASH_FINANCE":-5101477.5771,"END_CASH":22517624.3961,"DIVI_RATIO":null,"DIVIDEND_RATE":null,"CURRENT_RATIO":0.710335055511,"COMMON_ACS":7600000000,"CURRENTDEBT_DEBT":66.912996581091,"ISSUED_COMMON_SHARES":2167200000,"HK_COMMON_SHARES":2167200000,"PER_SHARES":70000,"TOTAL_MARKET_CAP":47678400,"HKSK_MARKET_CAP":47678400,"PE_TTM":9.450975155868,"PB_TTM":0.290674439354,"REPORT_DATE_SQ":"2022-12-31 00:00:00","REPORT_TYPE_SQ":"2022年年报","OPERATE_INCOME_SQ":315754118.9522,"DPS_HKD":null,"OPERATE_INCOME_QOQ_SQ":28.746029662523,"NET_PROFIT_RATIO_SQ":1.1251316171,"HOLDER_PROFIT_SQ":4036480.1866,"HOLDER_PROFIT_QOQ_SQ":20.287501256647,"ROE_AVG_SQ":3.15169118363,"PE_TTM_SQ":6.668237952937,"PB_TTM_SQ":0.255182952415,"ROA_SQ":1.560451233136,"START_DATE":"2023-01-01 00:00:00","FISCAL_YEAR":"12-31","CURRENCY":"HKD","IS_CNY_CODE":0,"DPS_HKD_LY":null,"ORG_TYPE":"一般企业","PREMIUM_INCOME":null,"PREMIUM_INCOME_YOY":null,"NET_INTEREST_INCOME":null,"NET_INTEREST_INCOME_YOY":null,"FEE_COMMISSION_INCOME":null,"FEE_COMMISSION_INCOME_YOY":null,"ACCOUNTS_RECE_TDAYS":192.281740755995,"INVENTORY_TDAYS":8.168578194032,"CURRENT_ASSETS_TDAYS":5.522355221563,"TOTAL_ASSETS_TDAYS":1.201626767591,"PREMIUM_EXPENSE":null,"LOAN_DEPOSIT":null,"LOAN_EQUITY":null,"LOAN_ASSETS":null,"DEPOSIT_EQUITY":null,"DEPOSIT_ASSETS":null,"EQUITY_MULTIPLIER":1.926867084171,"EQUITY_RATIO":0.923901704364},{"SECUCODE":"01792.HK","SECURITY_CODE":"01792","SECURITY_NAME_ABBR":"CMON","ORG_CODE":"10476140","STD_REPORT_DATE":"2023-06-30 00:00:00","REPORT_DATE":"2023-06-30 00:00:00","DATE_TYPE_CODE":"002","REPORT_TYPE":"2023年中报","PER_NETCASH_OPERATE":0.018112788029,"PER_OI":0.084774501953,"BPS":0.063227773837,"BASIC_EPS":0.001156128,"DILUTED_EPS":null,"OPERATE_INCOME":153102750.5268,"OPERATE_INCOME_YOY":39.4703543778,"GROSS_PROFIT":70465120.0524,"GROSS_PROFIT_YOY":52.787395571791,"HOLDER_PROFIT":2049764.3634,"HOLDER_PROFIT_YOY":111.1306276468,"GROSS_PROFIT_RATIO":46.024725101242,"EPS_TTM":0.002870712933,"OPERATE_INCOME_QOQ":16.197133046661,"NET_PROFIT_RATIO":1.3645236867,"ROE_AVG":1.507068048899,"GROSS_PROFIT_QOQ":18.981101420774,"ROA":0.732810054915,"HOLDER_PROFIT_QOQ":28.441298302693,"ROE_YEARLY":3.014136097798,"ROIC_YEARLY":1.631096030805,"TOTAL_ASSETS":287166305.6658,"TOTAL_LIABILITIES":150581300.391,"TAX_EBT":23.266584391629,"OCF_SALES":21.36584422399,"TOTAL_PARENT_EQUITY":137027231.4606,"DEBT_ASSET_RATIO":52.4369668098,"OPERATE_PROFIT":4205487.858,"PRETAX_PROFIT":2722573.053,"NETCASH_OPERATE":32711695.1802,"NETCASH_INVEST":-16647780.7488,"NETCASH_FINANCE":-14717364.924,"END_CASH":29504538.3018,"DIVI_RATIO":null,"DIVIDEND_RATE":null,"CURRENT_RATIO":0.783985627673,"COMMON_ACS":7600000000,"CURRENTDEBT_DEBT":57.94519466616,"ISSUED_COMMON_SHARES":2167200000,"HK_COMMON_SHARES":2167200000,"PER_SHARES":70000,"TOTAL_MARKET_CAP":47678400,"HKSK_MARKET_CAP":47678400,"PE_TTM":9.450975155868,"PB_TTM":0.290674439354,"REPORT_DATE_SQ":"2022-06-30 00:00:00","REPORT_TYPE_SQ":"2022年中报","OPERATE_INCOME_SQ":101959635.7798,"DPS_HKD":null,"OPERATE_INCOME_QOQ_SQ":1.801069345747,"NET_PROFIT_RATIO_SQ":0.8844058589,"HOLDER_PROFIT_SQ":901736.9926,"HOLDER_PROFIT_QOQ_SQ":24.99241104469,"ROE_AVG_SQ":0.739637042825,"PE_TTM_SQ":6.668237952937,"PB_TTM_SQ":0.255182952415,"ROA_SQ":0.330724033552,"START_DATE":"2023-01-01 00:00:00","FISCAL_YEAR":"12-31","CURRENCY":"HKD","IS_CNY_CODE":0,"DPS_HKD_LY":null,"ORG_TYPE":"一般企业","PREMIUM_INCOME":null,"PREMIUM_INCOME_YOY":null,"NET_INTEREST_INCOME":null,"NET_INTEREST_INCOME_YOY":null,"FEE_COMMISSION_INCOME":null,"FEE_COMMISSION_INCOME_YOY":null,"ACCOUNTS_RECE_TDAYS":34.725885013767,"INVENTORY_TDAYS":7.987442432844,"CURRENT_ASSETS_TDAYS":2.456085324968,"TOTAL_ASSETS_TDAYS":0.547356745119,"PREMIUM_EXPENSE":null,"LOAN_DEPOSIT":null,"LOAN_EQUITY":null,"LOAN_ASSETS":null,"DEPOSIT_EQUITY":null,"DEPOSIT_ASSETS":null,"EQUITY_MULTIPLIER":2.102473145481,"EQUITY_RATIO":1.098915148368},{"SECUCODE":"01792.HK","SECURITY_CODE":"01792","SECURITY_NAME_ABBR":"CMON","ORG_CODE":"10476140","STD_REPORT_DATE":"2022-12-31 00:00:00","REPORT_DATE":"2022-12-31 00:00:00","DATE_TYPE_CODE":"001","REPORT_TYPE":"2022年年报","PER_NETCASH_OPERATE":0.034380944575,"PER_OI":0.174836167748,"BPS":0.060037448621,"BASIC_EPS":0.00208938,"DILUTED_EPS":0.00208938,"OPERATE_INCOME":315754118.9522,"OPERATE_INCOME_YOY":19.9824926206,"GROSS_PROFIT":128261257.582,"GROSS_PROFIT_YOY":38.86957848363,"HOLDER_PROFIT":4036480.1866,"HOLDER_PROFIT_YOY":37.6372047515,"GROSS_PROFIT_RATIO":40.620612648735,"EPS_TTM":0.002235038863,"OPERATE_INCOME_QOQ":28.746029662523,"NET_PROFIT_RATIO":1.1251316171,"ROE_AVG":3.15169118363,"GROSS_PROFIT_QOQ":34.101846591014,"ROA":1.560451233136,"HOLDER_PROFIT_QOQ":20.287501256647,"ROE_YEARLY":3.15169118363,"ROIC_YEARLY":1.720816278395,"TOTAL_ASSETS":262417819.2322,"TOTAL_LIABILITIES":132768830.2772,"TAX_EBT":49.141762696588,"OCF_SALES":19.664663792208,"TOTAL_PARENT_EQUITY":130113158.6512,"DEBT_ASSET_RATIO":50.5944415915,"OPERATE_PROFIT":9373634.2462,"PRETAX_PROFIT":6985396.2956,"NETCASH_OPERATE":62091985.902,"NETCASH_INVEST":-46990002.9788,"NETCASH_FINANCE":-9472057.9734,"END_CASH":27155017.1876,"DIVI_RATIO":null,"DIVIDEND_RATE":null,"CURRENT_RATIO":0.645625313566,"COMMON_ACS":7600000000,"CURRENTDEBT_DEBT":63.267121227493,"ISSUED_COMMON_SHARES":2167200000,"HK_COMMON_SHARES":2167200000,"PER_SHARES":70000,"TOTAL_MARKET_CAP":47678400,"HKSK_MARKET_CAP":47678400,"PE_TTM":9.450975155868,"PB_TTM":0.290674439354,"REPORT_DATE_SQ":"2021-12-31 00:00:00","REPORT_TYPE_SQ":"2021年年报","OPERATE_INCOME_SQ":240914444.4464,"DPS_HKD":null,"OPERATE_INCOME_QOQ_SQ":35.885678707106,"NET_PROFIT_RATIO_SQ":1.1143864854,"HOLDER_PROFIT_SQ":2684718.0102,"HOLDER_PROFIT_QOQ_SQ":109.73032222309,"ROE_AVG_SQ":2.357764433528,"PE_TTM_SQ":6.668237952937,"PB_TTM_SQ":0.255182952415,"ROA_SQ":1.186723011064,"START_DATE":"2022-01-01 00:00:00","FISCAL_YEAR":"12-31","CURRENCY":"HKD","IS_CNY_CODE":0,"DPS_HKD_LY":null,"ORG_TYPE":"一般企业","PREMIUM_INCOME":null,"PREMIUM_INCOME_YOY":null,"NET_INTEREST_INCOME":null,"NET_INTEREST_INCOME_YOY":null,"FEE_COMMISSION_INCOME":null,"FEE_COMMISSION_INCOME_YOY":null,"ACCOUNTS_RECE_TDAYS":279.95052069665,"INVENTORY_TDAYS":13.731187213459,"CURRENT_ASSETS_TDAYS":5.686604271694,"TOTAL_ASSETS_TDAYS":1.220664741332,"PREMIUM_EXPENSE":null,"LOAN_DEPOSIT":null,"LOAN_EQUITY":null,"LOAN_ASSETS":null,"DEPOSIT_EQUITY":null,"DEPOSIT_ASSETS":null,"EQUITY_MULTIPLIER":2.02406375358,"EQUITY_RATIO":1.020410476954},{"SECUCODE":"01792.HK","SECURITY_CODE":"01792","SECURITY_NAME_ABBR":"CMON","ORG_CODE":"10476140","STD_REPORT_DATE":"2022-06-30 00:00:00","REPORT_DATE":"2022-06-30 00:00:00","DATE_TYPE_CODE":"002","REPORT_TYPE":"2022年中报","PER_NETCASH_OPERATE":0.011069071885,"PER_OI":0.056456055249,"BPS":0.056469413635,"BASIC_EPS":0.000536912,"DILUTED_EPS":null,"OPERATE_INCOME":101959635.7798,"OPERATE_INCOME_YOY":0.5339906245,"GROSS_PROFIT":46119720.6672,"GROSS_PROFIT_YOY":7.665782191162,"HOLDER_PROFIT":901736.9926,"HOLDER_PROFIT_YOY":276.1344867165,"GROSS_PROFIT_RATIO":45.233312491233,"EPS_TTM":0.001858080715,"OPERATE_INCOME_QOQ":1.801069345747,"NET_PROFIT_RATIO":0.8844058589,"ROE_AVG":0.739637042825,"GROSS_PROFIT_QOQ":3.555306667146,"ROA":0.330724033552,"HOLDER_PROFIT_QOQ":24.99241104469,"ROE_YEARLY":1.47927408565,"ROIC_YEARLY":0.71442521708,"TOTAL_ASSETS":299648889.2158,"TOTAL_LIABILITIES":177268382.6964,"TAX_EBT":13.714799473397,"OCF_SALES":19.606527300837,"TOTAL_PARENT_EQUITY":122380513.2308,"DEBT_ASSET_RATIO":59.1586984221,"OPERATE_PROFIT":2125627.8966,"PRETAX_PROFIT":1045065.651,"NETCASH_OPERATE":19990743.825,"NETCASH_INVEST":-29925797.03,"NETCASH_FINANCE":8866725.8416,"END_CASH":19697697.2554,"DIVI_RATIO":null,"DIVIDEND_RATE":null,"CURRENT_RATIO":0.802139633203,"COMMON_ACS":7600000000,"CURRENTDEBT_DEBT":69.087430573082,"ISSUED_COMMON_SHARES":2167200000,"HK_COMMON_SHARES":2167200000,"PER_SHARES":70000,"TOTAL_MARKET_CAP":47678400,"HKSK_MARKET_CAP":47678400,"PE_TTM":9.450975155868,"PB_TTM":0.290674439354,"REPORT_DATE_SQ":"2021-06-30 00:00:00","REPORT_TYPE_SQ":"2021年中报","OPERATE_INCOME_SQ":97620599.5714,"DPS_HKD":null,"OPERATE_INCOME_QOQ_SQ":8.086062239303,"NET_PROFIT_RATIO_SQ":0.2363857968,"HOLDER_PROFIT_SQ":230761.2321,"HOLDER_PROFIT_QOQ_SQ":13.770071653104,"ROE_AVG_SQ":0.202507238141,"PE_TTM_SQ":6.668237952937,"PB_TTM_SQ":0.255182952415,"ROA_SQ":0.097085692494,"START_DATE":"2022-01-01 00:00:00","FISCAL_YEAR":"12-31","CURRENCY":"HKD","IS_CNY_CODE":0,"DPS_HKD_LY":null,"ORG_TYPE":"一般企业","PREMIUM_INCOME":null,"PREMIUM_INCOME_YOY":null,"NET_INTEREST_INCOME":null,"NET_INTEREST_INCOME_YOY":null,"FEE_COMMISSION_INCOME":null,"FEE_COMMISSION_INCOME_YOY":null,"ACCOUNTS_RECE_TDAYS":10.199623019636,"INVENTORY_TDAYS":4.487991211904,"CURRENT_ASSETS_TDAYS":1.332871174446,"TOTAL_ASSETS_TDAYS":0.37395052306,"PREMIUM_EXPENSE":null,"LOAN_DEPOSIT":null,"LOAN_EQUITY":null,"LOAN_ASSETS":null,"DEPOSIT_EQUITY":null,"DEPOSIT_ASSETS":null,"EQUITY_MULTIPLIER":2.448501789525,"EQUITY_RATIO":1.448501710089},{"SECUCODE":"01792.HK","SECURITY_CODE":"01792","SECURITY_NAME_ABBR":"CMON","ORG_CODE":"10476140","STD_REPORT_DATE":"2021-12-31 00:00:00","REPORT_DATE":"2021-12-31 00:00:00","DATE_TYPE_CODE":"001","REPORT_TYPE":"2021年年报","PER_NETCASH_OPERATE":0.036973386827,"PER_OI":0.133396702351,"BPS":0.053237745161,"BASIC_EPS":0.00127514,"DILUTED_EPS":0.00127514,"OPERATE_INCOME":240914444.4464,"OPERATE_INCOME_YOY":50.3105172506,"GROSS_PROFIT":92360946.8557,"GROSS_PROFIT_YOY":51.384884936422,"HOLDER_PROFIT":2684718.0102,"HOLDER_PROFIT_YOY":108.5867977521,"GROSS_PROFIT_RATIO":38.337654293804,"EPS_TTM":0.001486554823,"OPERATE_INCOME_QOQ":35.885678707106,"NET_PROFIT_RATIO":1.1143864854,"ROE_AVG":2.357764433528,"GROSS_PROFIT_QOQ":34.848742135036,"ROA":1.186723011064,"HOLDER_PROFIT_QOQ":109.73032222309,"ROE_YEARLY":2.357764433528,"ROIC_YEARLY":1.250135156246,"TOTAL_ASSETS":233374088.9517,"TOTAL_LIABILITIES":117997247.638,"TAX_EBT":48.415667654042,"OCF_SALES":27.716867190567,"TOTAL_PARENT_EQUITY":115376841.3137,"DEBT_ASSET_RATIO":50.5614175798,"OPERATE_PROFIT":7043337.8012,"PRETAX_PROFIT":5204522.1642,"NETCASH_OPERATE":66773936.6101,"NETCASH_INVEST":-46680975.4414,"NETCASH_FINANCE":-3592547.5575,"END_CASH":19701678.084,"DIVI_RATIO":null,"DIVIDEND_RATE":null,"CURRENT_RATIO":0.761649473141,"COMMON_ACS":7600000000,"CURRENTDEBT_DEBT":57.87699907172,"ISSUED_COMMON_SHARES":2167200000,"HK_COMMON_SHARES":2167200000,"PER_SHARES":70000,"TOTAL_MARKET_CAP":47678400,"HKSK_MARKET_CAP":47678400,"PE_TTM":9.450975155868,"PB_TTM":0.290674439354,"REPORT_DATE_SQ":"2020-12-31 00:00:00","REPORT_TYPE_SQ":"2020年年报","OPERATE_INCOME_SQ":164028554.1389,"DPS_HKD":null,"OPERATE_INCOME_QOQ_SQ":-21.41237582075,"NET_PROFIT_RATIO_SQ":-19.5071566687,"HOLDER_PROFIT_SQ":-31997307.0373,"HOLDER_PROFIT_QOQ_SQ":-1887.49190400407,"ROE_AVG_SQ":-24.572101371981,"PE_TTM_SQ":6.668237952937,"PB_TTM_SQ":0.255182952415,"ROA_SQ":-13.225273165443,"START_DATE":"2021-01-01 00:00:00","FISCAL_YEAR":"12-31","CURRENCY":"HKD","IS_CNY_CODE":0,"DPS_HKD_LY":null,"ORG_TYPE":"一般企业","PREMIUM_INCOME":null,"PREMIUM_INCOME_YOY":null,"NET_INTEREST_INCOME":null,"NET_INTEREST_INCOME_YOY":null,"FEE_COMMISSION_INCOME":null,"FEE_COMMISSION_INCOME_YOY":null,"ACCOUNTS_RECE_TDAYS":44.497380124273,"INVENTORY_TDAYS":20.992838093522,"CURRENT_ASSETS_TDAYS":4.454048966971,"TOTAL_ASSETS_TDAYS":1.064911524547,"PREMIUM_EXPENSE":null,"LOAN_DEPOSIT":null,"LOAN_EQUITY":null,"LOAN_ASSETS":null,"DEPOSIT_EQUITY":null,"DEPOSIT_ASSETS":null,"EQUITY_MULTIPLIER":2.022711718351,"EQUITY_RATIO":1.022711718352},{"SECUCODE":"01792.HK","SECURITY_CODE":"01792","SECURITY_NAME_ABBR":"CMON","ORG_CODE":"10476140","STD_REPORT_DATE":"2021-06-30 00:00:00","REPORT_DATE":"2021-06-30 00:00:00","DATE_TYPE_CODE":"002","REPORT_TYPE":"2021年中报","PER_NETCASH_OPERATE":0.021405755971,"PER_OI":0.054053488135,"BPS":0.052629873108,"BASIC_EPS":0.000129202,"DILUTED_EPS":null,"OPERATE_INCOME":97620599.5714,"OPERATE_INCOME_YOY":26.8185912477,"GROSS_PROFIT":42836005.7658,"GROSS_PROFIT_YOY":21.161641692123,"HOLDER_PROFIT":230761.2321,"HOLDER_PROFIT_YOY":106.0567473532,"GROSS_PROFIT_RATIO":43.880088786455,"EPS_TTM":-0.015277549796,"OPERATE_INCOME_QOQ":8.086062239303,"NET_PROFIT_RATIO":0.2363857968,"ROE_AVG":0.202507238141,"GROSS_PROFIT_QOQ":12.26273418615,"ROA":0.097085692494,"HOLDER_PROFIT_QOQ":13.770071653104,"ROE_YEARLY":0.405014476283,"ROIC_YEARLY":0.205194854619,"TOTAL_ASSETS":253391207.8838,"TOTAL_LIABILITIES":139331746.8848,"TAX_EBT":25.09750471797,"OCF_SALES":39.601063150432,"TOTAL_PARENT_EQUITY":114059460.999,"DEBT_ASSET_RATIO":54.9868119137,"OPERATE_PROFIT":1255313.7118,"PRETAX_PROFIT":308082.169,"NETCASH_OPERATE":38658795.2841,"NETCASH_INVEST":-21843826.8345,"NETCASH_FINANCE":2155263.7827,"END_CASH":22246181.2428,"DIVI_RATIO":null,"DIVIDEND_RATE":null,"CURRENT_RATIO":0.978559009684,"COMMON_ACS":7600000000,"CURRENTDEBT_DEBT":58.769314682534,"ISSUED_COMMON_SHARES":2167200000,"HK_COMMON_SHARES":2167200000,"PER_SHARES":70000,"TOTAL_MARKET_CAP":47678400,"HKSK_MARKET_CAP":47678400,"PE_TTM":9.450975155868,"PB_TTM":0.290674439354,"REPORT_DATE_SQ":"2020-06-30 00:00:00","REPORT_TYPE_SQ":"2020年中报","OPERATE_INCOME_SQ":84357148.5935,"DPS_HKD":null,"OPERATE_INCOME_QOQ_SQ":-1.777235070164,"NET_PROFIT_RATIO_SQ":-4.9495400729,"HOLDER_PROFIT_SQ":-4175290.874,"HOLDER_PROFIT_QOQ_SQ":69.76160453153,"ROE_AVG_SQ":-2.669524554478,"PE_TTM_SQ":6.668237952937,"PB_TTM_SQ":0.255182952415,"ROA_SQ":-1.449602494988,"START_DATE":"2021-01-01 00:00:00","FISCAL_YEAR":"12-31","CURRENCY":"HKD","IS_CNY_CODE":0,"DPS_HKD_LY":null,"ORG_TYPE":"一般企业","PREMIUM_INCOME":null,"PREMIUM_INCOME_YOY":null,"NET_INTEREST_INCOME":null,"NET_INTEREST_INCOME_YOY":null,"FEE_COMMISSION_INCOME":null,"FEE_COMMISSION_INCOME_YOY":null,"ACCOUNTS_RECE_TDAYS":10.016982313377,"INVENTORY_TDAYS":5.903116824266,"CURRENT_ASSETS_TDAYS":1.424761637174,"TOTAL_ASSETS_TDAYS":0.410708654347,"PREMIUM_EXPENSE":null,"LOAN_DEPOSIT":null,"LOAN_EQUITY":null,"LOAN_ASSETS":null,"DEPOSIT_EQUITY":null,"DEPOSIT_ASSETS":null,"EQUITY_MULTIPLIER":2.22157114951,"EQUITY_RATIO":1.221571149508},{"SECUCODE":"01792.HK","SECURITY_CODE":"01792","SECURITY_NAME_ABBR":"CMON","ORG_CODE":"10476140","STD_REPORT_DATE":"2020-12-31 00:00:00","REPORT_DATE":"2020-12-31 00:00:00","DATE_TYPE_CODE":"001","REPORT_TYPE":"2020年年报","PER_NETCASH_OPERATE":0.021081243771,"PER_OI":0.090824227098,"BPS":0.053057712694,"BASIC_EPS":-0.01761723,"DILUTED_EPS":-0.01761723,"OPERATE_INCOME":164028554.1389,"OPERATE_INCOME_YOY":-17.4700888563,"GROSS_PROFIT":61010679.4311,"GROSS_PROFIT_YOY":-40.120948783741,"HOLDER_PROFIT":-31997307.0373,"HOLDER_PROFIT_YOY":-542.553322519,"GROSS_PROFIT_RATIO":37.195157728109,"EPS_TTM":-0.017717224273,"OPERATE_INCOME_QOQ":-21.41237582075,"NET_PROFIT_RATIO":-19.5071566687,"ROE_AVG":-24.572101371981,"GROSS_PROFIT_QOQ":-37.026164383459,"ROA":-13.225273165443,"HOLDER_PROFIT_QOQ":-1887.49190400407,"ROE_YEARLY":-24.572101371981,"ROIC_YEARLY":-13.455213258338,"TOTAL_ASSETS":224211876.25,"TOTAL_LIABILITIES":109225201.2999,"TAX_EBT":-1.166768441118,"OCF_SALES":23.211035694895,"TOTAL_PARENT_EQUITY":114986674.9501,"DEBT_ASSET_RATIO":48.7151720626,"OPERATE_PROFIT":-29251498.6193,"PRETAX_PROFIT":-31628278.268,"NETCASH_OPERATE":38072726.251,"NETCASH_INVEST":-27098170.696,"NETCASH_FINANCE":-12580189.8972,"END_CASH":3324991.1665,"DIVI_RATIO":null,"DIVIDEND_RATE":null,"CURRENT_RATIO":1.123625920167,"COMMON_ACS":7600000000,"CURRENTDEBT_DEBT":46.832297565239,"ISSUED_COMMON_SHARES":2167200000,"HK_COMMON_SHARES":2167200000,"PER_SHARES":70000,"TOTAL_MARKET_CAP":47678400,"HKSK_MARKET_CAP":47678400,"PE_TTM":9.450975155868,"PB_TTM":0.290674439354,"REPORT_DATE_SQ":"2019-12-31 00:00:00","REPORT_TYPE_SQ":"2019年年报","OPERATE_INCOME_SQ":212497165.7886,"DPS_HKD":null,"OPERATE_INCOME_QOQ_SQ":-13.669529792622,"NET_PROFIT_RATIO_SQ":-2.5055102045,"HOLDER_PROFIT_SQ":-5324138.1732,"HOLDER_PROFIT_QOQ_SQ":-113.541062464236,"ROE_AVG_SQ":-3.408165568791,"PE_TTM_SQ":6.668237952937,"PB_TTM_SQ":0.255182952415,"ROA_SQ":-1.96049250006,"START_DATE":"2020-01-01 00:00:00","FISCAL_YEAR":"12-31","CURRENCY":"HKD","IS_CNY_CODE":0,"DPS_HKD_LY":null,"ORG_TYPE":"一般企业","PREMIUM_INCOME":null,"PREMIUM_INCOME_YOY":null,"NET_INTEREST_INCOME":null,"NET_INTEREST_INCOME_YOY":null,"FEE_COMMISSION_INCOME":null,"FEE_COMMISSION_INCOME_YOY":null,"ACCOUNTS_RECE_TDAYS":14.982907149447,"INVENTORY_TDAYS":11.161342407514,"CURRENT_ASSETS_TDAYS":2.442813301964,"TOTAL_ASSETS_TDAYS":0.677970315718,"PREMIUM_EXPENSE":null,"LOAN_DEPOSIT":null,"LOAN_EQUITY":null,"LOAN_ASSETS":null,"DEPOSIT_EQUITY":null,"DEPOSIT_ASSETS":null,"EQUITY_MULTIPLIER":1.949894423397,"EQUITY_RATIO":0.949894423396},{"SECUCODE":"01792.HK","SECURITY_CODE":"01792","SECURITY_NAME_ABBR":"CMON","ORG_CODE":"10476140","STD_REPORT_DATE":"2020-06-30 00:00:00","REPORT_DATE":"2020-06-30 00:00:00","DATE_TYPE_CODE":"002","REPORT_TYPE":"2020年中报","PER_NETCASH_OPERATE":-0.000359051386,"PER_OI":0.046709384603,"BPS":0.071520557284,"BASIC_EPS":-0.002336235,"DILUTED_EPS":null,"OPERATE_INCOME":84357148.5935,"OPERATE_INCOME_YOY":-7.0539492559,"GROSS_PROFIT":35354428.322,"GROSS_PROFIT_YOY":-12.405999174438,"HOLDER_PROFIT":-4175290.874,"HOLDER_PROFIT_YOY":48.6088080215,"GROSS_PROFIT_RATIO":41.910411757,"EPS_TTM":-0.000891436299,"OPERATE_INCOME_QOQ":-1.777235070164,"NET_PROFIT_RATIO":-4.9495400729,"ROE_AVG":-2.669524554478,"GROSS_PROFIT_QOQ":-4.914397177785,"ROA":-1.449602494988,"HOLDER_PROFIT_QOQ":69.76160453153,"ROE_YEARLY":-5.339049108955,"ROIC_YEARLY":-3.08257138905,"TOTAL_ASSETS":294319522.455,"TOTAL_LIABILITIES":139320170.71,"TAX_EBT":-97.405953253604,"OCF_SALES":-0.768692177618,"TOTAL_PARENT_EQUITY":154999351.745,"DEBT_ASSET_RATIO":47.3363674784,"OPERATE_PROFIT":-719723.2085,"PRETAX_PROFIT":-2115078.4995,"NETCASH_OPERATE":-648446.8025,"NETCASH_INVEST":15144877.011,"NETCASH_FINANCE":9043190.4715,"END_CASH":28902426.884,"DIVI_RATIO":null,"DIVIDEND_RATE":null,"CURRENT_RATIO":1.44015035697,"COMMON_ACS":7600000000,"CURRENTDEBT_DEBT":45.719199486976,"ISSUED_COMMON_SHARES":2167200000,"HK_COMMON_SHARES":2167200000,"PER_SHARES":70000,"TOTAL_MARKET_CAP":47678400,"HKSK_MARKET_CAP":47678400,"PE_TTM":9.450975155868,"PB_TTM":0.290674439354,"REPORT_DATE_SQ":"2019-06-30 00:00:00","REPORT_TYPE_SQ":"2019年中报","OPERATE_INCOME_SQ":88133722.747,"DPS_HKD":null,"OPERATE_INCOME_QOQ_SQ":-1.845350258097,"NET_PROFIT_RATIO_SQ":-8.9517324869,"HOLDER_PROFIT_SQ":-7889495.0911,"HOLDER_PROFIT_QOQ_SQ":-67.298893963244,"ROE_AVG_SQ":-5.211733943451,"PE_TTM_SQ":6.668237952937,"PB_TTM_SQ":0.255182952415,"ROA_SQ":-2.771016251696,"START_DATE":"2020-01-01 00:00:00","FISCAL_YEAR":"12-31","CURRENCY":"HKD","IS_CNY_CODE":0,"DPS_HKD_LY":null,"ORG_TYPE":"一般企业","PREMIUM_INCOME":null,"PREMIUM_INCOME_YOY":null,"NET_INTEREST_INCOME":null,"NET_INTEREST_INCOME_YOY":null,"FEE_COMMISSION_INCOME":null,"FEE_COMMISSION_INCOME_YOY":null,"ACCOUNTS_RECE_TDAYS":10.510617841078,"INVENTORY_TDAYS":2.855523865453,"CURRENT_ASSETS_TDAYS":0.963643361251,"TOTAL_ASSETS_TDAYS":0.292876201351,"PREMIUM_EXPENSE":null,"LOAN_DEPOSIT":null,"LOAN_EQUITY":null,"LOAN_ASSETS":null,"DEPOSIT_EQUITY":null,"DEPOSIT_ASSETS":null,"EQUITY_MULTIPLIER":1.898843570257,"EQUITY_RATIO":0.898843570257}],"count":28},"success":true,"message":"ok","code":0}