{"version":"6feedc5dc80a6b009eee82e1d100b6a4","result":{"pages":4,"data":[{"SECUCODE":"01803.HK","SECURITY_CODE":"01803","SECURITY_NAME_ABBR":"北京体育文化","ORG_CODE":"10194884","STD_REPORT_DATE":"2024-06-30 00:00:00","REPORT_DATE":"2024-06-30 00:00:00","DATE_TYPE_CODE":"002","REPORT_TYPE":"2024年中报","PER_NETCASH_OPERATE":0.002338062739,"PER_OI":0.03548773464,"BPS":0.081512632543,"BASIC_EPS":-0.005567348,"DILUTED_EPS":-0.005567348,"OPERATE_INCOME":49967404.64,"OPERATE_INCOME_YOY":21.4301557024,"GROSS_PROFIT":9320288.16,"GROSS_PROFIT_YOY":7.007427667977,"HOLDER_PROFIT":-7896507.36,"HOLDER_PROFIT_YOY":31.7127071823,"GROSS_PROFIT_RATIO":18.652736173011,"EPS_TTM":-0.028863704126,"OPERATE_INCOME_QOQ":14.855717002238,"NET_PROFIT_RATIO":-25.9571125886,"ROE_AVG":-6.63682702597,"GROSS_PROFIT_QOQ":5.134591268547,"ROA":-2.456781990414,"HOLDER_PROFIT_QOQ":8.519811269474,"ROE_YEARLY":-13.273654051939,"ROIC_YEARLY":-8.497911617594,"TOTAL_ASSETS":336898481.08,"TOTAL_LIABILITIES":178824130.44,"TAX_EBT":0.105440742303,"OCF_SALES":6.588368524878,"TOTAL_PARENT_EQUITY":114771335.36,"DEBT_ASSET_RATIO":53.0795300313,"OPERATE_PROFIT":-12117652.36,"PRETAX_PROFIT":-12983785.68,"NETCASH_OPERATE":3292036.76,"NETCASH_INVEST":-160631.68,"NETCASH_FINANCE":16669187.52,"END_CASH":98820427,"DIVI_RATIO":null,"DIVIDEND_RATE":null,"CURRENT_RATIO":1.358646937099,"COMMON_ACS":4000000000,"CURRENTDEBT_DEBT":98.16314760658,"ISSUED_COMMON_SHARES":1408019000,"HK_COMMON_SHARES":1408019000,"PER_SHARES":2500,"TOTAL_MARKET_CAP":156290109,"HKSK_MARKET_CAP":156290109,"PE_TTM":-3.472727674703,"PB_TTM":1.242843922959,"REPORT_DATE_SQ":"2023-06-30 00:00:00","REPORT_TYPE_SQ":"2023年中报","OPERATE_INCOME_SQ":41568390.28,"DPS_HKD":null,"OPERATE_INCOME_QOQ_SQ":35.087513004346,"NET_PROFIT_RATIO_SQ":-37.6147806414,"HOLDER_PROFIT_SQ":-11681486.6,"HOLDER_PROFIT_QOQ_SQ":4.9220301948,"ROE_AVG_SQ":-6.709099381513,"PE_TTM_SQ":-2.489545432627,"PB_TTM_SQ":0.863728627355,"ROA_SQ":-3.40320148054,"START_DATE":"2024-01-01 00:00:00","FISCAL_YEAR":"12-31","CURRENCY":"HKD","IS_CNY_CODE":0,"DPS_HKD_LY":null,"ORG_TYPE":"一般企业","PREMIUM_INCOME":null,"PREMIUM_INCOME_YOY":null,"NET_INTEREST_INCOME":null,"NET_INTEREST_INCOME_YOY":null,"FEE_COMMISSION_INCOME":null,"FEE_COMMISSION_INCOME_YOY":null,"ACCOUNTS_RECE_TDAYS":2.951136026736,"INVENTORY_TDAYS":1.487731957041,"CURRENT_ASSETS_TDAYS":0.227518955411,"TOTAL_ASSETS_TDAYS":0.155459894141,"PREMIUM_EXPENSE":null,"LOAN_DEPOSIT":null,"LOAN_EQUITY":null,"LOAN_ASSETS":null,"DEPOSIT_EQUITY":null,"DEPOSIT_ASSETS":null,"EQUITY_MULTIPLIER":2.131265949951,"EQUITY_RATIO":1.558090527387},{"SECUCODE":"01803.HK","SECURITY_CODE":"01803","SECURITY_NAME_ABBR":"北京体育文化","ORG_CODE":"10194884","STD_REPORT_DATE":"2023-12-31 00:00:00","REPORT_DATE":"2023-12-31 00:00:00","DATE_TYPE_CODE":"001","REPORT_TYPE":"2023年年报","PER_NETCASH_OPERATE":-0.002162541273,"PER_OI":0.040153757414,"BPS":0.086871728649,"BASIC_EPS":-0.03081148,"DILUTED_EPS":-0.03081148,"OPERATE_INCOME":56537253.36,"OPERATE_INCOME_YOY":-9.0169313558,"GROSS_PROFIT":11886887.74,"GROSS_PROFIT_YOY":-6.095822189427,"HOLDER_PROFIT":-44425623.06,"HOLDER_PROFIT_YOY":26.4228252386,"GROSS_PROFIT_RATIO":21.024876578829,"EPS_TTM":-0.031551863334,"OPERATE_INCOME_QOQ":-31.672383990602,"NET_PROFIT_RATIO":-104.3501955504,"ROE_AVG":-29.412064688183,"GROSS_PROFIT_QOQ":-36.729842179662,"ROA":-13.584877426292,"HOLDER_PROFIT_QOQ":21.491965984578,"ROE_YEARLY":-29.412064688183,"ROIC_YEARLY":-23.462772716504,"TOTAL_ASSETS":303769475.1,"TOTAL_LIABILITIES":132209342.02,"TAX_EBT":-6.885794969462,"OCF_SALES":-5.385651086747,"TOTAL_PARENT_EQUITY":122317044.5,"DEBT_ASSET_RATIO":43.5229188109,"OPERATE_PROFIT":-53629193.38,"PRETAX_PROFIT":-55196047.76,"NETCASH_OPERATE":-3044899.2,"NETCASH_INVEST":-4619003.34,"NETCASH_FINANCE":-7477221.22,"END_CASH":78861983.06,"DIVI_RATIO":null,"DIVIDEND_RATE":null,"CURRENT_RATIO":1.554121180004,"COMMON_ACS":4000000000,"CURRENTDEBT_DEBT":97.007354805985,"ISSUED_COMMON_SHARES":1408019000,"HK_COMMON_SHARES":1408019000,"PER_SHARES":2500,"TOTAL_MARKET_CAP":152066052,"HKSK_MARKET_CAP":152066052,"PE_TTM":-3.378870169981,"PB_TTM":1.209253546663,"REPORT_DATE_SQ":"2022-12-31 00:00:00","REPORT_TYPE_SQ":"2022年年报","OPERATE_INCOME_SQ":61252417.17,"DPS_HKD":null,"OPERATE_INCOME_QOQ_SQ":-50.985947527763,"NET_PROFIT_RATIO_SQ":-128.7993466626,"HOLDER_PROFIT_SQ":-59516793.56,"HOLDER_PROFIT_QOQ_SQ":-31.190003748081,"ROE_AVG_SQ":-27.790267483619,"PE_TTM_SQ":-2.557442126244,"PB_TTM_SQ":0.887284862646,"ROA_SQ":-14.114098210635,"START_DATE":"2023-01-01 00:00:00","FISCAL_YEAR":"12-31","CURRENCY":"HKD","IS_CNY_CODE":0,"DPS_HKD_LY":null,"ORG_TYPE":"一般企业","PREMIUM_INCOME":null,"PREMIUM_INCOME_YOY":null,"NET_INTEREST_INCOME":null,"NET_INTEREST_INCOME_YOY":null,"FEE_COMMISSION_INCOME":null,"FEE_COMMISSION_INCOME_YOY":null,"ACCOUNTS_RECE_TDAYS":4.476269058296,"INVENTORY_TDAYS":1.970130752929,"CURRENT_ASSETS_TDAYS":0.272904432269,"TOTAL_ASSETS_TDAYS":0.172884836275,"PREMIUM_EXPENSE":null,"LOAN_DEPOSIT":null,"LOAN_EQUITY":null,"LOAN_ASSETS":null,"DEPOSIT_EQUITY":null,"DEPOSIT_ASSETS":null,"EQUITY_MULTIPLIER":1.770629747405,"EQUITY_RATIO":1.08087423597},{"SECUCODE":"01803.HK","SECURITY_CODE":"01803","SECURITY_NAME_ABBR":"北京体育文化","ORG_CODE":"10194884","STD_REPORT_DATE":"2023-06-30 00:00:00","REPORT_DATE":"2023-06-30 00:00:00","DATE_TYPE_CODE":"002","REPORT_TYPE":"2023年中报","PER_NETCASH_OPERATE":-0.008580584438,"PER_OI":0.029522606073,"BPS":0.117418592817,"BASIC_EPS":-0.00829782,"DILUTED_EPS":-0.00829782,"OPERATE_INCOME":41568390.28,"OPERATE_INCOME_YOY":92.051456807,"GROSS_PROFIT":8709945.06,"GROSS_PROFIT_YOY":237.468752656711,"HOLDER_PROFIT":-11681486.6,"HOLDER_PROFIT_YOY":25.8413813287,"GROSS_PROFIT_RATIO":20.953289269396,"EPS_TTM":-0.040189343333,"OPERATE_INCOME_QOQ":35.087513004346,"NET_PROFIT_RATIO":-37.6147806414,"ROE_AVG":-6.709099381513,"GROSS_PROFIT_QOQ":48.417802397812,"ROA":-3.40320148054,"HOLDER_PROFIT_QOQ":4.9220301948,"ROE_YEARLY":-13.418198763026,"ROIC_YEARLY":-11.582279204233,"TOTAL_ASSETS":330132456.62,"TOTAL_LIABILITIES":108456195.32,"TAX_EBT":0.11190952998,"OCF_SALES":-29.06445459788,"TOTAL_PARENT_EQUITY":165327609.64,"DEBT_ASSET_RATIO":32.8523273447,"OPERATE_PROFIT":-9681711.98,"PRETAX_PROFIT":-15653376.44,"NETCASH_OPERATE":-12081625.92,"NETCASH_INVEST":-2647004.58,"NETCASH_FINANCE":-4534297.64,"END_CASH":76914337.54,"DIVI_RATIO":null,"DIVIDEND_RATE":null,"CURRENT_RATIO":1.895884572697,"COMMON_ACS":4000000000,"CURRENTDEBT_DEBT":95.741877348386,"ISSUED_COMMON_SHARES":1408019000,"HK_COMMON_SHARES":1408019000,"PER_SHARES":2500,"TOTAL_MARKET_CAP":152066052,"HKSK_MARKET_CAP":152066052,"PE_TTM":-3.378870169981,"PB_TTM":1.209253546663,"REPORT_DATE_SQ":"2022-06-30 00:00:00","REPORT_TYPE_SQ":"2022年中报","OPERATE_INCOME_SQ":20076440.44,"DPS_HKD":null,"OPERATE_INCOME_QOQ_SQ":-30.117045989417,"NET_PROFIT_RATIO_SQ":-105.9294598739,"HOLDER_PROFIT_SQ":-14610921.15,"HOLDER_PROFIT_QOQ_SQ":-42.995181255902,"ROE_AVG_SQ":-6.337542287376,"PE_TTM_SQ":-2.557442126244,"PB_TTM_SQ":0.887284862646,"ROA_SQ":-3.3158435605,"START_DATE":"2023-01-01 00:00:00","FISCAL_YEAR":"12-31","CURRENCY":"HKD","IS_CNY_CODE":0,"DPS_HKD_LY":null,"ORG_TYPE":"一般企业","PREMIUM_INCOME":null,"PREMIUM_INCOME_YOY":null,"NET_INTEREST_INCOME":null,"NET_INTEREST_INCOME_YOY":null,"FEE_COMMISSION_INCOME":null,"FEE_COMMISSION_INCOME_YOY":null,"ACCOUNTS_RECE_TDAYS":3.984622182943,"INVENTORY_TDAYS":1.379218266254,"CURRENT_ASSETS_TDAYS":0.200030169125,"TOTAL_ASSETS_TDAYS":0.121102400909,"PREMIUM_EXPENSE":null,"LOAN_DEPOSIT":null,"LOAN_EQUITY":null,"LOAN_ASSETS":null,"DEPOSIT_EQUITY":null,"DEPOSIT_ASSETS":null,"EQUITY_MULTIPLIER":1.489254892174,"EQUITY_RATIO":0.656007762746},{"SECUCODE":"01803.HK","SECURITY_CODE":"01803","SECURITY_NAME_ABBR":"北京体育文化","ORG_CODE":"10194884","STD_REPORT_DATE":"2022-12-31 00:00:00","REPORT_DATE":"2022-12-31 00:00:00","DATE_TYPE_CODE":"001","REPORT_TYPE":"2022年年报","PER_NETCASH_OPERATE":-0.043816586154,"PER_OI":0.043502550157,"BPS":0.125854207976,"BASIC_EPS":-0.04198369,"DILUTED_EPS":-0.04198369,"OPERATE_INCOME":61252417.17,"OPERATE_INCOME_YOY":-68.6491009094,"GROSS_PROFIT":12658529.17,"GROSS_PROFIT_YOY":-72.694404927023,"HOLDER_PROFIT":-59516793.56,"HOLDER_PROFIT_YOY":-71.7039480466,"GROSS_PROFIT_RATIO":20.666170830234,"EPS_TTM":-0.042269879568,"OPERATE_INCOME_QOQ":-50.985947527763,"NET_PROFIT_RATIO":-128.7993466626,"ROE_AVG":-27.790267483619,"GROSS_PROFIT_QOQ":-64.294412664864,"ROA":-14.114098210635,"HOLDER_PROFIT_QOQ":-31.190003748081,"ROE_YEARLY":-27.790267483619,"ROIC_YEARLY":-21.480776980737,"TOTAL_ASSETS":345270293.48,"TOTAL_LIABILITIES":116944228.59,"TAX_EBT":0.766283524904,"OCF_SALES":-100.721879511747,"TOTAL_PARENT_EQUITY":177205116.06,"DEBT_ASSET_RATIO":33.8703418158,"OPERATE_PROFIT":-77322344.47,"PRETAX_PROFIT":-79501923.27,"NETCASH_OPERATE":-61694585.82,"NETCASH_INVEST":90699062.72,"NETCASH_FINANCE":-4259111.36,"END_CASH":94024706.93,"DIVI_RATIO":null,"DIVIDEND_RATE":null,"CURRENT_RATIO":1.941620772334,"COMMON_ACS":4000000000,"CURRENTDEBT_DEBT":93.342346677666,"ISSUED_COMMON_SHARES":1408019000,"HK_COMMON_SHARES":1408019000,"PER_SHARES":2500,"TOTAL_MARKET_CAP":152066052,"HKSK_MARKET_CAP":152066052,"PE_TTM":-3.378870169981,"PB_TTM":1.209253546663,"REPORT_DATE_SQ":"2021-12-31 00:00:00","REPORT_TYPE_SQ":"2021年年报","OPERATE_INCOME_SQ":178826289.6,"DPS_HKD":null,"OPERATE_INCOME_QOQ_SQ":13.09823942152,"NET_PROFIT_RATIO_SQ":-19.0041194033,"HOLDER_PROFIT_SQ":-31726150.4,"HOLDER_PROFIT_QOQ_SQ":-1497.8238031044,"ROE_AVG_SQ":-12.821156692747,"PE_TTM_SQ":-2.557442126244,"PB_TTM_SQ":0.887284862646,"ROA_SQ":-6.406477139241,"START_DATE":"2022-01-01 00:00:00","FISCAL_YEAR":"12-31","CURRENCY":"HKD","IS_CNY_CODE":0,"DPS_HKD_LY":null,"ORG_TYPE":"一般企业","PREMIUM_INCOME":null,"PREMIUM_INCOME_YOY":null,"NET_INTEREST_INCOME":null,"NET_INTEREST_INCOME_YOY":null,"FEE_COMMISSION_INCOME":null,"FEE_COMMISSION_INCOME_YOY":null,"ACCOUNTS_RECE_TDAYS":2.504693721007,"INVENTORY_TDAYS":2.917515821088,"CURRENT_ASSETS_TDAYS":0.233612128439,"TOTAL_ASSETS_TDAYS":0.145256923276,"PREMIUM_EXPENSE":null,"LOAN_DEPOSIT":null,"LOAN_EQUITY":null,"LOAN_ASSETS":null,"DEPOSIT_EQUITY":null,"DEPOSIT_ASSETS":null,"EQUITY_MULTIPLIER":1.51218080882,"EQUITY_RATIO":0.659937089798},{"SECUCODE":"01803.HK","SECURITY_CODE":"01803","SECURITY_NAME_ABBR":"北京体育文化","ORG_CODE":"10194884","STD_REPORT_DATE":"2022-06-30 00:00:00","REPORT_DATE":"2022-06-30 00:00:00","DATE_TYPE_CODE":"002","REPORT_TYPE":"2022年中报","PER_NETCASH_OPERATE":-0.023034547652,"PER_OI":0.014258643129,"BPS":0.156726029691,"BASIC_EPS":-0.010347799,"DILUTED_EPS":-0.010347799,"OPERATE_INCOME":20076440.44,"OPERATE_INCOME_YOY":-73.5791298084,"GROSS_PROFIT":2580963.42,"GROSS_PROFIT_YOY":-80.863586629961,"HOLDER_PROFIT":-14610921.15,"HOLDER_PROFIT_YOY":-1365.2658662093,"GROSS_PROFIT_RATIO":12.855682399046,"EPS_TTM":-0.032220350911,"OPERATE_INCOME_QOQ":-30.117045989417,"NET_PROFIT_RATIO":-105.9294598739,"ROE_AVG":-6.337542287376,"GROSS_PROFIT_QOQ":-23.52570812886,"ROA":-3.3158435605,"HOLDER_PROFIT_QOQ":-42.995181255902,"ROE_YEARLY":-12.675084574752,"ROIC_YEARLY":-9.537233448699,"TOTAL_ASSETS":404416785.43,"TOTAL_LIABILITIES":119532471.87,"TAX_EBT":-1.951459494916,"OCF_SALES":-161.547963878003,"TOTAL_PARENT_EQUITY":220673227.6,"DEBT_ASSET_RATIO":29.5567533734,"OPERATE_PROFIT":-20186759.95,"PRETAX_PROFIT":-20859794.48,"NETCASH_OPERATE":-32433080.75,"NETCASH_INVEST":34739528.18,"NETCASH_FINANCE":-1124574.85,"END_CASH":66334522.73,"DIVI_RATIO":null,"DIVIDEND_RATE":null,"CURRENT_RATIO":2.244000920189,"COMMON_ACS":4000000000,"CURRENTDEBT_DEBT":90.189807759725,"ISSUED_COMMON_SHARES":1408019000,"HK_COMMON_SHARES":1408019000,"PER_SHARES":2500,"TOTAL_MARKET_CAP":152066052,"HKSK_MARKET_CAP":152066052,"PE_TTM":-3.378870169981,"PB_TTM":1.209253546663,"REPORT_DATE_SQ":"2021-06-30 00:00:00","REPORT_TYPE_SQ":"2021年中报","OPERATE_INCOME_SQ":73933636.32,"DPS_HKD":null,"OPERATE_INCOME_QOQ_SQ":55.419490410191,"NET_PROFIT_RATIO_SQ":-1.2098498661,"HOLDER_PROFIT_SQ":-970205.28,"HOLDER_PROFIT_QOQ_SQ":80.111400395456,"ROE_AVG_SQ":-0.358236285403,"PE_TTM_SQ":-2.557442126244,"PB_TTM_SQ":0.887284862646,"ROA_SQ":-0.174792153241,"START_DATE":"2022-01-01 00:00:00","FISCAL_YEAR":"12-31","CURRENCY":"HKD","IS_CNY_CODE":0,"DPS_HKD_LY":null,"ORG_TYPE":"一般企业","PREMIUM_INCOME":null,"PREMIUM_INCOME_YOY":null,"NET_INTEREST_INCOME":null,"NET_INTEREST_INCOME_YOY":null,"FEE_COMMISSION_INCOME":null,"FEE_COMMISSION_INCOME_YOY":null,"ACCOUNTS_RECE_TDAYS":0.699169074069,"INVENTORY_TDAYS":2.256314106099,"CURRENT_ASSETS_TDAYS":0.074213285746,"TOTAL_ASSETS_TDAYS":0.04556203888,"PREMIUM_EXPENSE":null,"LOAN_DEPOSIT":null,"LOAN_EQUITY":null,"LOAN_ASSETS":null,"DEPOSIT_EQUITY":null,"DEPOSIT_ASSETS":null,"EQUITY_MULTIPLIER":1.41958249781,"EQUITY_RATIO":0.541671833824},{"SECUCODE":"01803.HK","SECURITY_CODE":"01803","SECURITY_NAME_ABBR":"北京体育文化","ORG_CODE":"10194884","STD_REPORT_DATE":"2021-12-31 00:00:00","REPORT_DATE":"2021-12-31 00:00:00","DATE_TYPE_CODE":"001","REPORT_TYPE":"2021年年报","PER_NETCASH_OPERATE":0.012575075762,"PER_OI":0.127005594101,"BPS":0.163243715319,"BASIC_EPS":-0.0228928,"DILUTED_EPS":-0.0228928,"OPERATE_INCOME":178826289.6,"OPERATE_INCOME_YOY":80.9450929457,"GROSS_PROFIT":46358737.6,"GROSS_PROFIT_YOY":392.326004575876,"HOLDER_PROFIT":-31726150.4,"HOLDER_PROFIT_YOY":-227.1286460968,"GROSS_PROFIT_RATIO":25.923893910507,"EPS_TTM":-0.022532473212,"OPERATE_INCOME_QOQ":13.09823942152,"NET_PROFIT_RATIO":-19.0041194033,"ROE_AVG":-12.821156692747,"GROSS_PROFIT_QOQ":84.916203347487,"ROA":-6.406477139241,"HOLDER_PROFIT_QOQ":-1497.8238031044,"ROE_YEARLY":-12.821156692747,"ROIC_YEARLY":-9.146558490691,"TOTAL_ASSETS":455901936,"TOTAL_LIABILITIES":159331435.2,"TAX_EBT":-6.04382988494,"OCF_SALES":9.901198330293,"TOTAL_PARENT_EQUITY":229850252.8,"DEBT_ASSET_RATIO":34.9486200032,"OPERATE_PROFIT":-29486744,"PRETAX_PROFIT":-32047467.2,"NETCASH_OPERATE":17705945.6,"NETCASH_INVEST":-46410246.4,"NETCASH_FINANCE":-3279393.6,"END_CASH":65155361.6,"DIVI_RATIO":null,"DIVIDEND_RATE":null,"CURRENT_RATIO":2.016964594626,"COMMON_ACS":4000000000,"CURRENTDEBT_DEBT":88.989465149812,"ISSUED_COMMON_SHARES":1408019000,"HK_COMMON_SHARES":1408019000,"PER_SHARES":2500,"TOTAL_MARKET_CAP":152066052,"HKSK_MARKET_CAP":152066052,"PE_TTM":-3.378870169981,"PB_TTM":1.209253546663,"REPORT_DATE_SQ":"2020-12-31 00:00:00","REPORT_TYPE_SQ":"2020年年报","OPERATE_INCOME_SQ":101734918.28,"DPS_HKD":null,"OPERATE_INCOME_QOQ_SQ":-29.065759642751,"NET_PROFIT_RATIO_SQ":-28.5695376292,"HOLDER_PROFIT_SQ":-9983533.68,"HOLDER_PROFIT_QOQ_SQ":73.067708714034,"ROE_AVG_SQ":-3.578955308316,"PE_TTM_SQ":-2.557442126244,"PB_TTM_SQ":0.887284862646,"ROA_SQ":-1.739386727608,"START_DATE":"2021-01-01 00:00:00","FISCAL_YEAR":"12-31","CURRENCY":"HKD","IS_CNY_CODE":0,"DPS_HKD_LY":null,"ORG_TYPE":"一般企业","PREMIUM_INCOME":null,"PREMIUM_INCOME_YOY":null,"NET_INTEREST_INCOME":null,"NET_INTEREST_INCOME_YOY":null,"FEE_COMMISSION_INCOME":null,"FEE_COMMISSION_INCOME_YOY":null,"ACCOUNTS_RECE_TDAYS":3.771832103194,"INVENTORY_TDAYS":14.360292488367,"CURRENT_ASSETS_TDAYS":0.591854461618,"TOTAL_ASSETS_TDAYS":0.361104805271,"PREMIUM_EXPENSE":null,"LOAN_DEPOSIT":null,"LOAN_EQUITY":null,"LOAN_ASSETS":null,"DEPOSIT_EQUITY":null,"DEPOSIT_ASSETS":null,"EQUITY_MULTIPLIER":1.537246404379,"EQUITY_RATIO":0.693196693321},{"SECUCODE":"01803.HK","SECURITY_CODE":"01803","SECURITY_NAME_ABBR":"北京体育文化","ORG_CODE":"10194884","STD_REPORT_DATE":"2021-06-30 00:00:00","REPORT_DATE":"2021-06-30 00:00:00","DATE_TYPE_CODE":"002","REPORT_TYPE":"2021年中报","PER_NETCASH_OPERATE":0.007633994598,"PER_OI":0.052508976314,"BPS":0.193115006715,"BASIC_EPS":-0.000665664,"DILUTED_EPS":-0.000665664,"OPERATE_INCOME":73933636.32,"OPERATE_INCOME_YOY":362.3959200666,"GROSS_PROFIT":13487184.72,"GROSS_PROFIT_YOY":722.481709894469,"HOLDER_PROFIT":-970205.28,"HOLDER_PROFIT_YOY":88.1238541454,"GROSS_PROFIT_RATIO":18.242285096901,"EPS_TTM":-0.001410197618,"OPERATE_INCOME_QOQ":55.419490410191,"NET_PROFIT_RATIO":-1.2098498661,"ROE_AVG":-0.358236285403,"GROSS_PROFIT_QOQ":166.242760592871,"ROA":-0.174792153241,"HOLDER_PROFIT_QOQ":80.111400395456,"ROE_YEARLY":-0.716472570806,"ROIC_YEARLY":-0.512269086252,"TOTAL_ASSETS":566119773.36,"TOTAL_LIABILITIES":226927353.84,"TAX_EBT":-37.997432605905,"OCF_SALES":14.538456344115,"TOTAL_PARENT_EQUITY":271909598.64,"DEBT_ASSET_RATIO":40.0846895866,"OPERATE_PROFIT":1605082.32,"PRETAX_PROFIT":-648190.32,"NETCASH_OPERATE":10748809.44,"NETCASH_INVEST":5693091.36,"NETCASH_FINANCE":3141102,"END_CASH":117512162.16,"DIVI_RATIO":null,"DIVIDEND_RATE":null,"CURRENT_RATIO":1.750968482062,"COMMON_ACS":4000000000,"CURRENTDEBT_DEBT":85.659441997925,"ISSUED_COMMON_SHARES":1408019000,"HK_COMMON_SHARES":1408019000,"PER_SHARES":2500,"TOTAL_MARKET_CAP":152066052,"HKSK_MARKET_CAP":152066052,"PE_TTM":-3.378870169981,"PB_TTM":1.209253546663,"REPORT_DATE_SQ":"2020-06-30 00:00:00","REPORT_TYPE_SQ":"2020年中报","OPERATE_INCOME_SQ":17552663.04,"DPS_HKD":null,"OPERATE_INCOME_QOQ_SQ":-8.994442012485,"NET_PROFIT_RATIO_SQ":-96.0761865112,"HOLDER_PROFIT_SQ":-8968153.92,"HOLDER_PROFIT_QOQ_SQ":34.746482218001,"ROE_AVG_SQ":-2.930055300392,"PE_TTM_SQ":-2.557442126244,"PB_TTM_SQ":0.887284862646,"ROA_SQ":-1.441614467243,"START_DATE":"2021-01-01 00:00:00","FISCAL_YEAR":"12-31","CURRENCY":"HKD","IS_CNY_CODE":0,"DPS_HKD_LY":null,"ORG_TYPE":"一般企业","PREMIUM_INCOME":null,"PREMIUM_INCOME_YOY":null,"NET_INTEREST_INCOME":null,"NET_INTEREST_INCOME_YOY":null,"FEE_COMMISSION_INCOME":null,"FEE_COMMISSION_INCOME_YOY":null,"ACCOUNTS_RECE_TDAYS":1.455751886166,"INVENTORY_TDAYS":3.6306162227,"CURRENT_ASSETS_TDAYS":0.222588245315,"TOTAL_ASSETS_TDAYS":0.13319881633,"PREMIUM_EXPENSE":null,"LOAN_DEPOSIT":null,"LOAN_EQUITY":null,"LOAN_ASSETS":null,"DEPOSIT_EQUITY":null,"DEPOSIT_ASSETS":null,"EQUITY_MULTIPLIER":1.669022480398,"EQUITY_RATIO":0.834569117733},{"SECUCODE":"01803.HK","SECURITY_CODE":"01803","SECURITY_NAME_ABBR":"北京体育文化","ORG_CODE":"10194884","STD_REPORT_DATE":"2020-12-31 00:00:00","REPORT_DATE":"2020-12-31 00:00:00","DATE_TYPE_CODE":"001","REPORT_TYPE":"2020年年报","PER_NETCASH_OPERATE":-0.035808609122,"PER_OI":0.078136277796,"BPS":0.193780213023,"BASIC_EPS":-0.00757476,"DILUTED_EPS":-0.00757476,"OPERATE_INCOME":101734918.28,"OPERATE_INCOME_YOY":-31.2933406089,"GROSS_PROFIT":9416268.32,"GROSS_PROFIT_YOY":-78.417392341114,"HOLDER_PROFIT":-9983533.68,"HOLDER_PROFIT_YOY":81.2952362931,"GROSS_PROFIT_RATIO":9.25568966801,"EPS_TTM":-0.007667732714,"OPERATE_INCOME_QOQ":-29.065759642751,"NET_PROFIT_RATIO":-28.5695376292,"ROE_AVG":-3.578955308316,"GROSS_PROFIT_QOQ":-76.655609083938,"ROA":-1.739386727608,"HOLDER_PROFIT_QOQ":73.067708714034,"ROE_YEARLY":-3.578955308316,"ROIC_YEARLY":-2.549095664152,"TOTAL_ASSETS":550309680.56,"TOTAL_LIABILITIES":205871877.12,"TAX_EBT":15.287249178237,"OCF_SALES":-45.828404080181,"TOTAL_PARENT_EQUITY":272846221.76,"DEBT_ASSET_RATIO":37.4039636641,"OPERATE_PROFIT":-31639772.52,"PRETAX_PROFIT":-34310296.24,"NETCASH_OPERATE":-46623489.44,"NETCASH_INVEST":56553999.8,"NETCASH_FINANCE":-26259168,"END_CASH":98090617.08,"DIVI_RATIO":null,"DIVIDEND_RATE":null,"CURRENT_RATIO":1.973348877287,"COMMON_ACS":4000000000,"CURRENTDEBT_DEBT":80.655579539508,"ISSUED_COMMON_SHARES":1408019000,"HK_COMMON_SHARES":1408019000,"PER_SHARES":2500,"TOTAL_MARKET_CAP":152066052,"HKSK_MARKET_CAP":152066052,"PE_TTM":-3.378870169981,"PB_TTM":1.209253546663,"REPORT_DATE_SQ":"2019-12-31 00:00:00","REPORT_TYPE_SQ":"2019年年报","OPERATE_INCOME_SQ":157596366.96,"DPS_HKD":null,"OPERATE_INCOME_QOQ_SQ":42.816669337092,"NET_PROFIT_RATIO_SQ":-42.1986904031,"HOLDER_PROFIT_SQ":-56807680.26,"HOLDER_PROFIT_QOQ_SQ":3.429294193276,"ROE_AVG_SQ":-17.201049145467,"PE_TTM_SQ":-2.557442126244,"PB_TTM_SQ":0.887284862646,"ROA_SQ":-9.374771329464,"START_DATE":"2020-01-01 00:00:00","FISCAL_YEAR":"12-31","CURRENCY":"HKD","IS_CNY_CODE":0,"DPS_HKD_LY":null,"ORG_TYPE":"一般企业","PREMIUM_INCOME":null,"PREMIUM_INCOME_YOY":null,"NET_INTEREST_INCOME":null,"NET_INTEREST_INCOME_YOY":null,"FEE_COMMISSION_INCOME":null,"FEE_COMMISSION_INCOME_YOY":null,"ACCOUNTS_RECE_TDAYS":1.545326702548,"INVENTORY_TDAYS":10.219789434454,"CURRENT_ASSETS_TDAYS":0.303974168596,"TOTAL_ASSETS_TDAYS":0.177248229197,"PREMIUM_EXPENSE":null,"LOAN_DEPOSIT":null,"LOAN_EQUITY":null,"LOAN_ASSETS":null,"DEPOSIT_EQUITY":null,"DEPOSIT_ASSETS":null,"EQUITY_MULTIPLIER":1.597545241737,"EQUITY_RATIO":0.754534461911},{"SECUCODE":"01803.HK","SECURITY_CODE":"01803","SECURITY_NAME_ABBR":"北京体育文化","ORG_CODE":"10194884","STD_REPORT_DATE":"2020-06-30 00:00:00","REPORT_DATE":"2020-06-30 00:00:00","DATE_TYPE_CODE":"002","REPORT_TYPE":"2020年中报","PER_NETCASH_OPERATE":-0.030672053787,"PER_OI":0.013481111289,"BPS":0.215036314482,"BASIC_EPS":-0.0068508,"DILUTED_EPS":-0.0068508,"OPERATE_INCOME":17552663.04,"OPERATE_INCOME_YOY":-46.722856826,"GROSS_PROFIT":-2166679.68,"GROSS_PROFIT_YOY":-292.428722460951,"HOLDER_PROFIT":-8968153.92,"HOLDER_PROFIT_YOY":69.914812772,"GROSS_PROFIT_RATIO":-12.343880099917,"EPS_TTM":-0.028470406146,"OPERATE_INCOME_QOQ":-8.994442012485,"NET_PROFIT_RATIO":-96.0761865112,"ROE_AVG":-2.930055300392,"GROSS_PROFIT_QOQ":-7.546923213849,"ROA":-1.441614467243,"HOLDER_PROFIT_QOQ":34.746482218001,"ROE_YEARLY":-5.860110600784,"ROIC_YEARLY":-4.265496529777,"TOTAL_ASSETS":595511727.36,"TOTAL_LIABILITIES":207926347.2,"TAX_EBT":-3.841610889251,"OCF_SALES":-227.51873438801,"TOTAL_PARENT_EQUITY":302775216.48,"DEBT_ASSET_RATIO":34.9155755709,"OPERATE_PROFIT":-15002338.56,"PRETAX_PROFIT":-16240049.76,"NETCASH_OPERATE":-39935596.8,"NETCASH_INVEST":35087057.28,"NETCASH_FINANCE":-3981684.96,"END_CASH":106790270.4,"DIVI_RATIO":null,"DIVIDEND_RATE":null,"CURRENT_RATIO":2.053690351698,"COMMON_ACS":4000000000,"CURRENTDEBT_DEBT":79.818125906076,"ISSUED_COMMON_SHARES":1408019000,"HK_COMMON_SHARES":1408019000,"PER_SHARES":2500,"TOTAL_MARKET_CAP":152066052,"HKSK_MARKET_CAP":152066052,"PE_TTM":-3.378870169981,"PB_TTM":1.209253546663,"REPORT_DATE_SQ":"2019-06-30 00:00:00","REPORT_TYPE_SQ":"2019年中报","OPERATE_INCOME_SQ":31727576.88,"DPS_HKD":null,"OPERATE_INCOME_QOQ_SQ":-18.937117218336,"NET_PROFIT_RATIO_SQ":-136.7139846956,"HOLDER_PROFIT_SQ":-28706824.44,"HOLDER_PROFIT_QOQ_SQ":-21.458985580904,"ROE_AVG_SQ":-8.454984603865,"PE_TTM_SQ":-2.557442126244,"PB_TTM_SQ":0.887284862646,"ROA_SQ":-4.903324100347,"START_DATE":"2020-01-01 00:00:00","FISCAL_YEAR":"12-31","CURRENCY":"HKD","IS_CNY_CODE":0,"DPS_HKD_LY":null,"ORG_TYPE":"一般企业","PREMIUM_INCOME":null,"PREMIUM_INCOME_YOY":null,"NET_INTEREST_INCOME":null,"NET_INTEREST_INCOME_YOY":null,"FEE_COMMISSION_INCOME":null,"FEE_COMMISSION_INCOME_YOY":null,"ACCOUNTS_RECE_TDAYS":0.249347953027,"INVENTORY_TDAYS":2.314818786189,"CURRENT_ASSETS_TDAYS":0.049327193104,"TOTAL_ASSETS_TDAYS":0.028215587291,"PREMIUM_EXPENSE":null,"LOAN_DEPOSIT":null,"LOAN_EQUITY":null,"LOAN_ASSETS":null,"DEPOSIT_EQUITY":null,"DEPOSIT_ASSETS":null,"EQUITY_MULTIPLIER":1.536465919107,"EQUITY_RATIO":0.68673502943}],"count":31},"success":true,"message":"ok","code":0}