{"version":"833472e2bb92b5e0fd29b5542ac4cbf4","result":{"pages":2,"data":[{"SECUCODE":"01801.HK","SECURITY_CODE":"01801","SECURITY_NAME_ABBR":"信达生物","ORG_CODE":"10946973","STD_REPORT_DATE":"2024-06-30 00:00:00","REPORT_DATE":"2024-06-30 00:00:00","DATE_TYPE_CODE":"002","REPORT_TYPE":"2024年中报","PER_NETCASH_OPERATE":-0.132419677638,"PER_OI":2.427080609504,"BPS":7.585440598014,"BASIC_EPS":-0.24,"DILUTED_EPS":-0.24,"OPERATE_INCOME":3952291000,"OPERATE_INCOME_YOY":46.2981375012,"GROSS_PROFIT":3274740000,"GROSS_PROFIT_YOY":49.060706435428,"HOLDER_PROFIT":-392620000,"HOLDER_PROFIT_YOY":-182.1579745453,"GROSS_PROFIT_RATIO":82.856753209721,"EPS_TTM":-0.78689101074,"OPERATE_INCOME_QOQ":20.153801036727,"NET_PROFIT_RATIO":-9.9339851241,"ROE_AVG":-3.146755694638,"GROSS_PROFIT_QOQ":21.2596581643,"ROA":-1.918820529923,"HOLDER_PROFIT_QOQ":-24.658798945047,"ROE_YEARLY":-6.293511389277,"ROIC_YEARLY":-6.916678223972,"TOTAL_ASSETS":20295696000,"TOTAL_LIABILITIES":7869322000,"TAX_EBT":-0.008915266758,"OCF_SALES":-5.455924171575,"TOTAL_PARENT_EQUITY":12426374000,"DEBT_ASSET_RATIO":38.7733537199,"OPERATE_PROFIT":-354565000,"PRETAX_PROFIT":-392585000,"NETCASH_OPERATE":-215634000,"NETCASH_INVEST":-553689000,"NETCASH_FINANCE":-260814000,"END_CASH":1713957000,"DIVI_RATIO":null,"DIVIDEND_RATE":null,"CURRENT_RATIO":2.676794821166,"COMMON_ACS":5000000000,"CURRENTDEBT_DEBT":52.451405597585,"ISSUED_COMMON_SHARES":1638187504,"HK_COMMON_SHARES":1638187504,"PER_SHARES":500,"TOTAL_MARKET_CAP":63070218904,"HKSK_MARKET_CAP":63070218904,"PE_TTM":-44.618443810599,"PB_TTM":4.63231892017,"REPORT_DATE_SQ":"2023-06-30 00:00:00","REPORT_TYPE_SQ":"2023年中报","OPERATE_INCOME_SQ":2701532000,"DPS_HKD":null,"OPERATE_INCOME_QOQ_SQ":10.138157923615,"NET_PROFIT_RATIO_SQ":-5.1507440963,"HOLDER_PROFIT_SQ":-139149000,"HOLDER_PROFIT_QOQ_SQ":37.228934459704,"ROE_AVG_SQ":-1.293617127298,"PE_TTM_SQ":-44.042834646841,"PB_TTM_SQ":5.570133432532,"ROA_SQ":-0.784249938729,"START_DATE":"2024-01-01 00:00:00","FISCAL_YEAR":"12-31","CURRENCY":"HKD","IS_CNY_CODE":0,"DPS_HKD_LY":null,"ORG_TYPE":"一般企业","PREMIUM_INCOME":null,"PREMIUM_INCOME_YOY":null,"NET_INTEREST_INCOME":null,"NET_INTEREST_INCOME_YOY":null,"FEE_COMMISSION_INCOME":null,"FEE_COMMISSION_INCOME_YOY":null,"ACCOUNTS_RECE_TDAYS":3.328481900396,"INVENTORY_TDAYS":0.817065310259,"CURRENT_ASSETS_TDAYS":0.322943877557,"TOTAL_ASSETS_TDAYS":0.193157177704,"PREMIUM_EXPENSE":null,"LOAN_DEPOSIT":null,"LOAN_EQUITY":null,"LOAN_ASSETS":null,"DEPOSIT_EQUITY":null,"DEPOSIT_ASSETS":null,"EQUITY_MULTIPLIER":1.633275805154,"EQUITY_RATIO":0.633275805154},{"SECUCODE":"01801.HK","SECURITY_CODE":"01801","SECURITY_NAME_ABBR":"信达生物","ORG_CODE":"10946973","STD_REPORT_DATE":"2023-12-31 00:00:00","REPORT_DATE":"2023-12-31 00:00:00","DATE_TYPE_CODE":"001","REPORT_TYPE":"2023年年报","PER_NETCASH_OPERATE":0.091137737938,"PER_OI":3.826582648578,"BPS":7.647220461279,"BASIC_EPS":-0.66,"DILUTED_EPS":-0.66,"OPERATE_INCOME":6206070000,"OPERATE_INCOME_YOY":36.2061548861,"GROSS_PROFIT":5069804000,"GROSS_PROFIT_YOY":39.841617039822,"HOLDER_PROFIT":-1027913000,"HOLDER_PROFIT_YOY":52.8322328119,"GROSS_PROFIT_RATIO":81.691054080924,"EPS_TTM":-0.633797886593,"OPERATE_INCOME_QOQ":23.668451927969,"NET_PROFIT_RATIO":-16.5630261985,"ROE_AVG":-8.839399540708,"GROSS_PROFIT_QOQ":25.04955310939,"ROA":-5.379461409106,"HOLDER_PROFIT_QOQ":24.857469309939,"ROE_YEARLY":-8.839399540708,"ROIC_YEARLY":-10.819403969847,"TOTAL_ASSETS":20627360000,"TOTAL_LIABILITIES":8099779000,"TAX_EBT":10.179734378645,"OCF_SALES":2.381700496449,"TOTAL_PARENT_EQUITY":12527581000,"DEBT_ASSET_RATIO":39.2671626422,"OPERATE_PROFIT":-1045787000,"PRETAX_PROFIT":-1144411000,"NETCASH_OPERATE":147810000,"NETCASH_INVEST":-998662000,"NETCASH_FINANCE":2587257000,"END_CASH":2745693000,"DIVI_RATIO":null,"DIVIDEND_RATE":null,"CURRENT_RATIO":2.999449832202,"COMMON_ACS":5000000000,"CURRENTDEBT_DEBT":55.270841340239,"ISSUED_COMMON_SHARES":1638187504,"HK_COMMON_SHARES":1638187504,"PER_SHARES":500,"TOTAL_MARKET_CAP":58647112643.2,"HKSK_MARKET_CAP":58647112643.2,"PE_TTM":-41.489358140764,"PB_TTM":4.307454995898,"REPORT_DATE_SQ":"2022-12-31 00:00:00","REPORT_TYPE_SQ":"2022年年报","OPERATE_INCOME_SQ":4556380000,"DPS_HKD":null,"OPERATE_INCOME_QOQ_SQ":-0.245162753652,"NET_PROFIT_RATIO_SQ":-47.8289782678,"HOLDER_PROFIT_SQ":-2179270000,"HOLDER_PROFIT_QOQ_SQ":29.358309970006,"ROE_AVG_SQ":-20.695481451254,"PE_TTM_SQ":-36.199590120691,"PB_TTM_SQ":4.578191862355,"ROA_SQ":-12.882679459236,"START_DATE":"2023-01-01 00:00:00","FISCAL_YEAR":"12-31","CURRENCY":"HKD","IS_CNY_CODE":0,"DPS_HKD_LY":null,"ORG_TYPE":"一般企业","PREMIUM_INCOME":null,"PREMIUM_INCOME_YOY":null,"NET_INTEREST_INCOME":null,"NET_INTEREST_INCOME_YOY":null,"FEE_COMMISSION_INCOME":null,"FEE_COMMISSION_INCOME_YOY":null,"ACCOUNTS_RECE_TDAYS":7.8500215032,"INVENTORY_TDAYS":0.948085291013,"CURRENT_ASSETS_TDAYS":0.497785956298,"TOTAL_ASSETS_TDAYS":0.324787351334,"PREMIUM_EXPENSE":null,"LOAN_DEPOSIT":null,"LOAN_EQUITY":null,"LOAN_ASSETS":null,"DEPOSIT_EQUITY":null,"DEPOSIT_ASSETS":null,"EQUITY_MULTIPLIER":1.646555707761,"EQUITY_RATIO":0.646555707762},{"SECUCODE":"01801.HK","SECURITY_CODE":"01801","SECURITY_NAME_ABBR":"信达生物","ORG_CODE":"10946973","STD_REPORT_DATE":"2023-06-30 00:00:00","REPORT_DATE":"2023-06-30 00:00:00","DATE_TYPE_CODE":"002","REPORT_TYPE":"2023年中报","PER_NETCASH_OPERATE":-0.404285634512,"PER_OI":1.753421672131,"BPS":6.582407064924,"BASIC_EPS":-0.09,"DILUTED_EPS":-0.09,"OPERATE_INCOME":2701532000,"OPERATE_INCOME_YOY":20.6257012974,"GROSS_PROFIT":2196917000,"GROSS_PROFIT_YOY":24.255021432963,"HOLDER_PROFIT":-139149000,"HOLDER_PROFIT_YOY":85.3599489935,"GROSS_PROFIT_RATIO":81.321154071097,"EPS_TTM":-0.887864711509,"OPERATE_INCOME_QOQ":10.138157923615,"NET_PROFIT_RATIO":-5.1507440963,"ROE_AVG":-1.293617127298,"GROSS_PROFIT_QOQ":11.828961849622,"ROA":-0.784249938729,"HOLDER_PROFIT_QOQ":37.228934459704,"ROE_YEARLY":-2.587234254596,"ROIC_YEARLY":-2.981646989851,"TOTAL_ASSETS":17897036000,"TOTAL_LIABILITIES":7113819000,"TAX_EBT":45.668055398287,"OCF_SALES":-23.056954350346,"TOTAL_PARENT_EQUITY":10783217000,"DEBT_ASSET_RATIO":39.7485874197,"OPERATE_PROFIT":-205817000,"PRETAX_PROFIT":-256109000,"NETCASH_OPERATE":-622891000,"NETCASH_INVEST":725040000,"NETCASH_FINANCE":244686000,"END_CASH":1332265000,"DIVI_RATIO":null,"DIVIDEND_RATE":null,"CURRENT_RATIO":3.963603025138,"COMMON_ACS":5000000000,"CURRENTDEBT_DEBT":40.378648936668,"ISSUED_COMMON_SHARES":1638187504,"HK_COMMON_SHARES":1638187504,"PER_SHARES":500,"TOTAL_MARKET_CAP":58647112643.2,"HKSK_MARKET_CAP":58647112643.2,"PE_TTM":-41.489358140764,"PB_TTM":4.307454995898,"REPORT_DATE_SQ":"2022-06-30 00:00:00","REPORT_TYPE_SQ":"2022年中报","OPERATE_INCOME_SQ":2239599000,"DPS_HKD":null,"OPERATE_INCOME_QOQ_SQ":6.975829145128,"NET_PROFIT_RATIO_SQ":-42.4392045183,"HOLDER_PROFIT_SQ":-950468000,"HOLDER_PROFIT_QOQ_SQ":1.691813363254,"ROE_AVG_SQ":-9.542139098351,"PE_TTM_SQ":-36.199590120691,"PB_TTM_SQ":4.578191862355,"ROA_SQ":-5.866661267881,"START_DATE":"2023-01-01 00:00:00","FISCAL_YEAR":"12-31","CURRENCY":"HKD","IS_CNY_CODE":0,"DPS_HKD_LY":null,"ORG_TYPE":"一般企业","PREMIUM_INCOME":null,"PREMIUM_INCOME_YOY":null,"NET_INTEREST_INCOME":null,"NET_INTEREST_INCOME_YOY":null,"FEE_COMMISSION_INCOME":null,"FEE_COMMISSION_INCOME_YOY":null,"ACCOUNTS_RECE_TDAYS":3.396506473905,"INVENTORY_TDAYS":0.369829114859,"CURRENT_ASSETS_TDAYS":0.236023958572,"TOTAL_ASSETS_TDAYS":0.152259542323,"PREMIUM_EXPENSE":null,"LOAN_DEPOSIT":null,"LOAN_EQUITY":null,"LOAN_ASSETS":null,"DEPOSIT_EQUITY":null,"DEPOSIT_ASSETS":null,"EQUITY_MULTIPLIER":1.659712124869,"EQUITY_RATIO":0.65971212487},{"SECUCODE":"01801.HK","SECURITY_CODE":"01801","SECURITY_NAME_ABBR":"信达生物","ORG_CODE":"10946973","STD_REPORT_DATE":"2022-12-31 00:00:00","REPORT_DATE":"2022-12-31 00:00:00","DATE_TYPE_CODE":"001","REPORT_TYPE":"2022年年报","PER_NETCASH_OPERATE":-1.250518292252,"PER_OI":2.969472930247,"BPS":6.549890640602,"BASIC_EPS":-1.46,"DILUTED_EPS":-1.46,"OPERATE_INCOME":4556380000,"OPERATE_INCOME_YOY":6.7135642567,"GROSS_PROFIT":3625390000,"GROSS_PROFIT_YOY":-3.69254849123,"HOLDER_PROFIT":-2179270000,"HOLDER_PROFIT_YOY":20.1368389614,"GROSS_PROFIT_RATIO":79.567331960899,"EPS_TTM":-1.420268562477,"OPERATE_INCOME_QOQ":-0.245162753652,"NET_PROFIT_RATIO":-47.8289782678,"ROE_AVG":-20.695481451254,"GROSS_PROFIT_QOQ":-3.061535532615,"ROA":-12.882679459236,"HOLDER_PROFIT_QOQ":29.358309970006,"ROE_YEARLY":-20.695481451254,"ROIC_YEARLY":-26.751588447299,"TOTAL_ASSETS":17588845000,"TOTAL_LIABILITIES":6858896000,"TAX_EBT":-0.405488399051,"OCF_SALES":-42.112466475579,"TOTAL_PARENT_EQUITY":10729949000,"DEBT_ASSET_RATIO":38.9957157505,"OPERATE_PROFIT":-2068771000,"PRETAX_PROFIT":-2170469000,"NETCASH_OPERATE":-1918804000,"NETCASH_INVEST":-1435185000,"NETCASH_FINANCE":2892082000,"END_CASH":1016165000,"DIVI_RATIO":null,"DIVIDEND_RATE":null,"CURRENT_RATIO":3.288384366932,"COMMON_ACS":5000000000,"CURRENTDEBT_DEBT":51.016927505534,"ISSUED_COMMON_SHARES":1638187504,"HK_COMMON_SHARES":1638187504,"PER_SHARES":500,"TOTAL_MARKET_CAP":58647112643.2,"HKSK_MARKET_CAP":58647112643.2,"PE_TTM":-41.489358140764,"PB_TTM":4.307454995898,"REPORT_DATE_SQ":"2021-12-31 00:00:00","REPORT_TYPE_SQ":"2021年年报","OPERATE_INCOME_SQ":4269729000,"DPS_HKD":null,"OPERATE_INCOME_QOQ_SQ":-11.072564186461,"NET_PROFIT_RATIO_SQ":-73.4953670362,"HOLDER_PROFIT_SQ":-2728755000,"HOLDER_PROFIT_QOQ_SQ":-100.445789527811,"ROE_AVG_SQ":-32.841711953642,"PE_TTM_SQ":-36.199590120691,"PB_TTM_SQ":4.578191862355,"ROA_SQ":-22.351832486316,"START_DATE":"2022-01-01 00:00:00","FISCAL_YEAR":"12-31","CURRENCY":"HKD","IS_CNY_CODE":0,"DPS_HKD_LY":null,"ORG_TYPE":"一般企业","PREMIUM_INCOME":null,"PREMIUM_INCOME_YOY":null,"NET_INTEREST_INCOME":null,"NET_INTEREST_INCOME_YOY":null,"FEE_COMMISSION_INCOME":null,"FEE_COMMISSION_INCOME_YOY":null,"ACCOUNTS_RECE_TDAYS":5.903293052808,"INVENTORY_TDAYS":0.670712598366,"CURRENT_ASSETS_TDAYS":0.395217932238,"TOTAL_ASSETS_TDAYS":0.269348832565,"PREMIUM_EXPENSE":null,"LOAN_DEPOSIT":null,"LOAN_EQUITY":null,"LOAN_ASSETS":null,"DEPOSIT_EQUITY":null,"DEPOSIT_ASSETS":null,"EQUITY_MULTIPLIER":1.639229133335,"EQUITY_RATIO":0.639229133335},{"SECUCODE":"01801.HK","SECURITY_CODE":"01801","SECURITY_NAME_ABBR":"信达生物","ORG_CODE":"10946973","STD_REPORT_DATE":"2022-06-30 00:00:00","REPORT_DATE":"2022-06-30 00:00:00","DATE_TYPE_CODE":"002","REPORT_TYPE":"2022年中报","PER_NETCASH_OPERATE":-0.549729582695,"PER_OI":1.526187368118,"BPS":5.854696105654,"BASIC_EPS":-0.65,"DILUTED_EPS":-0.65,"OPERATE_INCOME":2239599000,"OPERATE_INCOME_YOY":15.339204326,"GROSS_PROFIT":1768071000,"GROSS_PROFIT_YOY":2.504475694428,"HOLDER_PROFIT":-950468000,"HOLDER_PROFIT_YOY":5.2901775483,"GROSS_PROFIT_RATIO":78.945873792585,"EPS_TTM":-2.102265433103,"OPERATE_INCOME_QOQ":6.975829145128,"NET_PROFIT_RATIO":-42.4392045183,"ROE_AVG":-9.542139098351,"GROSS_PROFIT_QOQ":1.168586267333,"ROA":-5.866661267881,"HOLDER_PROFIT_QOQ":1.691813363254,"ROE_YEARLY":-19.084278196703,"ROIC_YEARLY":-24.204481659681,"TOTAL_ASSETS":16158635000,"TOTAL_LIABILITIES":6567545000,"TAX_EBT":4.849676447975,"OCF_SALES":-36.019796401052,"TOTAL_PARENT_EQUITY":9591090000,"DEBT_ASSET_RATIO":40.6441818879,"OPERATE_PROFIT":-954346000,"PRETAX_PROFIT":-998912000,"NETCASH_OPERATE":-806699000,"NETCASH_INVEST":379414000,"NETCASH_FINANCE":223725000,"END_CASH":1352043000,"DIVI_RATIO":null,"DIVIDEND_RATE":null,"CURRENT_RATIO":3.215184805429,"COMMON_ACS":5000000000,"CURRENTDEBT_DEBT":53.014787108425,"ISSUED_COMMON_SHARES":1638187504,"HK_COMMON_SHARES":1638187504,"PER_SHARES":500,"TOTAL_MARKET_CAP":58647112643.2,"HKSK_MARKET_CAP":58647112643.2,"PE_TTM":-41.489358140764,"PB_TTM":4.307454995898,"REPORT_DATE_SQ":"2021-06-30 00:00:00","REPORT_TYPE_SQ":"2021年中报","OPERATE_INCOME_SQ":1941750000,"DPS_HKD":null,"OPERATE_INCOME_QOQ_SQ":24.911266633523,"NET_PROFIT_RATIO_SQ":-60.5283893395,"HOLDER_PROFIT_SQ":-1003558000,"HOLDER_PROFIT_QOQ_SQ":-56.801289235703,"ROE_AVG_SQ":-11.363832486371,"PE_TTM_SQ":-36.199590120691,"PB_TTM_SQ":4.578191862355,"ROA_SQ":-8.30855033961,"START_DATE":"2022-01-01 00:00:00","FISCAL_YEAR":"12-31","CURRENCY":"HKD","IS_CNY_CODE":0,"DPS_HKD_LY":null,"ORG_TYPE":"一般企业","PREMIUM_INCOME":null,"PREMIUM_INCOME_YOY":null,"NET_INTEREST_INCOME":null,"NET_INTEREST_INCOME_YOY":null,"FEE_COMMISSION_INCOME":null,"FEE_COMMISSION_INCOME_YOY":null,"ACCOUNTS_RECE_TDAYS":2.07846303548,"INVENTORY_TDAYS":0.333925014739,"CURRENT_ASSETS_TDAYS":0.196927789697,"TOTAL_ASSETS_TDAYS":0.138236833948,"PREMIUM_EXPENSE":null,"LOAN_DEPOSIT":null,"LOAN_EQUITY":null,"LOAN_ASSETS":null,"DEPOSIT_EQUITY":null,"DEPOSIT_ASSETS":null,"EQUITY_MULTIPLIER":1.684754808891,"EQUITY_RATIO":0.68475480889},{"SECUCODE":"01801.HK","SECURITY_CODE":"01801","SECURITY_NAME_ABBR":"信达生物","ORG_CODE":"10946973","STD_REPORT_DATE":"2021-12-31 00:00:00","REPORT_DATE":"2021-12-31 00:00:00","DATE_TYPE_CODE":"001","REPORT_TYPE":"2021年年报","PER_NETCASH_OPERATE":-1.384878600241,"PER_OI":2.920254222637,"BPS":6.305991820091,"BASIC_EPS":-1.88,"DILUTED_EPS":-1.88,"OPERATE_INCOME":4269729000,"OPERATE_INCOME_YOY":11.0803864594,"GROSS_PROFIT":3764392000,"GROSS_PROFIT_YOY":8.921551663774,"HOLDER_PROFIT":-2728755000,"HOLDER_PROFIT_YOY":-214.3015821983,"GROSS_PROFIT_RATIO":86.579007707515,"EPS_TTM":-2.146251559316,"OPERATE_INCOME_QOQ":-11.072564186461,"NET_PROFIT_RATIO":-73.4953670362,"ROE_AVG":-32.841711953642,"GROSS_PROFIT_QOQ":-15.284688705195,"ROA":-22.351832486316,"HOLDER_PROFIT_QOQ":-100.445789527811,"ROE_YEARLY":-32.841711953642,"ROIC_YEARLY":-52.573472406639,"TOTAL_ASSETS":16243713000,"TOTAL_LIABILITIES":5913316000,"TAX_EBT":-3.294751103165,"OCF_SALES":-47.423220536947,"TOTAL_PARENT_EQUITY":10330397000,"DEBT_ASSET_RATIO":36.4037212428,"OPERATE_PROFIT":-2579253000,"PRETAX_PROFIT":-2641717000,"NETCASH_OPERATE":-2024843000,"NETCASH_INVEST":-2698148000,"NETCASH_FINANCE":5003361000,"END_CASH":1359408000,"DIVI_RATIO":null,"DIVIDEND_RATE":null,"CURRENT_RATIO":3.787105247886,"COMMON_ACS":5000000000,"CURRENTDEBT_DEBT":51.579300006967,"ISSUED_COMMON_SHARES":1638187504,"HK_COMMON_SHARES":1638187504,"PER_SHARES":500,"TOTAL_MARKET_CAP":58647112643.2,"HKSK_MARKET_CAP":58647112643.2,"PE_TTM":-41.489358140764,"PB_TTM":4.307454995898,"REPORT_DATE_SQ":"2020-12-31 00:00:00","REPORT_TYPE_SQ":"2020年年报","OPERATE_INCOME_SQ":3843819000,"DPS_HKD":null,"OPERATE_INCOME_QOQ_SQ":127.955585708576,"NET_PROFIT_RATIO_SQ":-25.97471421,"HOLDER_PROFIT_SQ":-998421000,"HOLDER_PROFIT_QOQ_SQ":38.129919478875,"ROE_AVG_SQ":-14.752191228349,"PE_TTM_SQ":-36.199590120691,"PB_TTM_SQ":4.578191862355,"ROA_SQ":-10.473574685198,"START_DATE":"2021-01-01 00:00:00","FISCAL_YEAR":"12-31","CURRENCY":"HKD","IS_CNY_CODE":0,"DPS_HKD_LY":null,"ORG_TYPE":"一般企业","PREMIUM_INCOME":null,"PREMIUM_INCOME_YOY":null,"NET_INTEREST_INCOME":null,"NET_INTEREST_INCOME_YOY":null,"FEE_COMMISSION_INCOME":null,"FEE_COMMISSION_INCOME_YOY":null,"ACCOUNTS_RECE_TDAYS":5.914640912104,"INVENTORY_TDAYS":0.558274205538,"CURRENT_ASSETS_TDAYS":0.406301691969,"TOTAL_ASSETS_TDAYS":0.304125734556,"PREMIUM_EXPENSE":null,"LOAN_DEPOSIT":null,"LOAN_EQUITY":null,"LOAN_ASSETS":null,"DEPOSIT_EQUITY":null,"DEPOSIT_ASSETS":null,"EQUITY_MULTIPLIER":1.572419046432,"EQUITY_RATIO":0.572419046432},{"SECUCODE":"01801.HK","SECURITY_CODE":"01801","SECURITY_NAME_ABBR":"信达生物","ORG_CODE":"10946973","STD_REPORT_DATE":"2021-06-30 00:00:00","REPORT_DATE":"2021-06-30 00:00:00","DATE_TYPE_CODE":"002","REPORT_TYPE":"2021年中报","PER_NETCASH_OPERATE":-0.696243212561,"PER_OI":1.331376468076,"BPS":7.267378716374,"BASIC_EPS":-0.69,"DILUTED_EPS":-0.69,"OPERATE_INCOME":1941750000,"OPERATE_INCOME_YOY":97.2910142795,"GROSS_PROFIT":1724872000,"GROSS_PROFIT_YOY":115.77379723764,"HOLDER_PROFIT":-1003558000,"HOLDER_PROFIT_YOY":-93.2459050895,"GROSS_PROFIT_RATIO":87.909978112527,"EPS_TTM":-1.073423005898,"OPERATE_INCOME_QOQ":24.911266633523,"NET_PROFIT_RATIO":-60.5283893395,"ROE_AVG":-11.363832486371,"GROSS_PROFIT_QOQ":26.261220153134,"ROA":-8.30855033961,"HOLDER_PROFIT_QOQ":-56.801289235703,"ROE_YEARLY":-22.727664972742,"ROIC_YEARLY":-50.20701728193,"TOTAL_ASSETS":16456582000,"TOTAL_LIABILITIES":4551253000,"TAX_EBT":-0.015148404534,"OCF_SALES":-52.294991631261,"TOTAL_PARENT_EQUITY":11905329000,"DEBT_ASSET_RATIO":27.6561256766,"OPERATE_PROFIT":-976302000,"PRETAX_PROFIT":-1003406000,"NETCASH_OPERATE":-1015438000,"NETCASH_INVEST":-217022000,"NETCASH_FINANCE":4503648000,"END_CASH":4464702000,"DIVI_RATIO":null,"DIVIDEND_RATE":null,"CURRENT_RATIO":5.992012893567,"COMMON_ACS":5000000000,"CURRENTDEBT_DEBT":49.255402852797,"ISSUED_COMMON_SHARES":1638187504,"HK_COMMON_SHARES":1638187504,"PER_SHARES":500,"TOTAL_MARKET_CAP":58647112643.2,"HKSK_MARKET_CAP":58647112643.2,"PE_TTM":-41.489358140764,"PB_TTM":4.307454995898,"REPORT_DATE_SQ":"2020-06-30 00:00:00","REPORT_TYPE_SQ":"2020年中报","OPERATE_INCOME_SQ":984206000,"DPS_HKD":null,"OPERATE_INCOME_QOQ_SQ":60.971241736474,"NET_PROFIT_RATIO_SQ":-61.7953964922,"HOLDER_PROFIT_SQ":-608194000,"HOLDER_PROFIT_QOQ_SQ":6.175295793482,"ROE_AVG_SQ":-10.898854336683,"PE_TTM_SQ":-36.199590120691,"PB_TTM_SQ":4.578191862355,"ROA_SQ":-7.515656278536,"START_DATE":"2021-01-01 00:00:00","FISCAL_YEAR":"12-31","CURRENCY":"HKD","IS_CNY_CODE":0,"DPS_HKD_LY":null,"ORG_TYPE":"一般企业","PREMIUM_INCOME":null,"PREMIUM_INCOME_YOY":null,"NET_INTEREST_INCOME":null,"NET_INTEREST_INCOME_YOY":null,"FEE_COMMISSION_INCOME":null,"FEE_COMMISSION_INCOME_YOY":null,"ACCOUNTS_RECE_TDAYS":2.627834132815,"INVENTORY_TDAYS":0.259789497448,"CURRENT_ASSETS_TDAYS":0.169591047794,"TOTAL_ASSETS_TDAYS":0.137266998681,"PREMIUM_EXPENSE":null,"LOAN_DEPOSIT":null,"LOAN_EQUITY":null,"LOAN_ASSETS":null,"DEPOSIT_EQUITY":null,"DEPOSIT_ASSETS":null,"EQUITY_MULTIPLIER":1.382287041374,"EQUITY_RATIO":0.382287041374},{"SECUCODE":"01801.HK","SECURITY_CODE":"01801","SECURITY_NAME_ABBR":"信达生物","ORG_CODE":"10946973","STD_REPORT_DATE":"2020-12-31 00:00:00","REPORT_DATE":"2020-12-31 00:00:00","DATE_TYPE_CODE":"001","REPORT_TYPE":"2020年年报","PER_NETCASH_OPERATE":-0.219342219041,"PER_OI":2.740151676547,"BPS":5.359441442791,"BASIC_EPS":-0.74,"DILUTED_EPS":-0.74,"OPERATE_INCOME":3843819000,"OPERATE_INCOME_YOY":266.9429369227,"GROSS_PROFIT":3456058000,"GROSS_PROFIT_YOY":274.580744314998,"HOLDER_PROFIT":-998421000,"HOLDER_PROFIT_YOY":41.9505799587,"GROSS_PROFIT_RATIO":89.912090033376,"EPS_TTM":-0.711746566904,"OPERATE_INCOME_QOQ":127.955585708576,"NET_PROFIT_RATIO":-25.97471421,"ROE_AVG":-14.752191228349,"GROSS_PROFIT_QOQ":143.818603696301,"ROA":-10.473574685198,"HOLDER_PROFIT_QOQ":38.129919478875,"ROE_YEARLY":-14.752191228349,"ROIC_YEARLY":-28.247671186369,"TOTAL_ASSETS":11834996000,"TOTAL_LIABILITIES":3055226000,"TAX_EBT":-16.269463720708,"OCF_SALES":-8.004747361934,"TOTAL_PARENT_EQUITY":8779770000,"DEBT_ASSET_RATIO":25.8151840524,"OPERATE_PROFIT":-790363000,"PRETAX_PROFIT":-858713000,"NETCASH_OPERATE":-307688000,"NETCASH_INVEST":-5184588000,"NETCASH_FINANCE":4912121000,"END_CASH":1276178000,"DIVI_RATIO":null,"DIVIDEND_RATE":null,"CURRENT_RATIO":6.371218244629,"COMMON_ACS":5000000000,"CURRENTDEBT_DEBT":48.633096209577,"ISSUED_COMMON_SHARES":1638187504,"HK_COMMON_SHARES":1638187504,"PER_SHARES":500,"TOTAL_MARKET_CAP":58647112643.2,"HKSK_MARKET_CAP":58647112643.2,"PE_TTM":-41.489358140764,"PB_TTM":4.307454995898,"REPORT_DATE_SQ":"2019-12-31 00:00:00","REPORT_TYPE_SQ":"2019年年报","OPERATE_INCOME_SQ":1047525000,"DPS_HKD":null,"OPERATE_INCOME_QOQ_SQ":198.816458332145,"NET_PROFIT_RATIO_SQ":-164.1917853989,"HOLDER_PROFIT_SQ":-1719950000,"HOLDER_PROFIT_QOQ_SQ":73.659957315639,"ROE_AVG_SQ":-38.432296580823,"PE_TTM_SQ":-36.199590120691,"PB_TTM_SQ":4.578191862355,"ROA_SQ":-25.780354289324,"START_DATE":"2020-01-01 00:00:00","FISCAL_YEAR":"12-31","CURRENCY":"HKD","IS_CNY_CODE":0,"DPS_HKD_LY":null,"ORG_TYPE":"一般企业","PREMIUM_INCOME":null,"PREMIUM_INCOME_YOY":null,"NET_INTEREST_INCOME":null,"NET_INTEREST_INCOME_YOY":null,"FEE_COMMISSION_INCOME":null,"FEE_COMMISSION_INCOME_YOY":null,"ACCOUNTS_RECE_TDAYS":10.629560085837,"INVENTORY_TDAYS":0.728699418842,"CURRENT_ASSETS_TDAYS":0.515184587911,"TOTAL_ASSETS_TDAYS":0.403221941174,"PREMIUM_EXPENSE":null,"LOAN_DEPOSIT":null,"LOAN_EQUITY":null,"LOAN_ASSETS":null,"DEPOSIT_EQUITY":null,"DEPOSIT_ASSETS":null,"EQUITY_MULTIPLIER":1.347984742196,"EQUITY_RATIO":0.347984742197},{"SECUCODE":"01801.HK","SECURITY_CODE":"01801","SECURITY_NAME_ABBR":"信达生物","ORG_CODE":"10946973","STD_REPORT_DATE":"2020-06-30 00:00:00","REPORT_DATE":"2020-06-30 00:00:00","DATE_TYPE_CODE":"002","REPORT_TYPE":"2020年中报","PER_NETCASH_OPERATE":-0.55363916755,"PER_OI":0.732772809479,"BPS":3.90954331196,"BASIC_EPS":-0.46,"DILUTED_EPS":-0.46,"OPERATE_INCOME":984206000,"OPERATE_INCOME_YOY":184.8502389173,"GROSS_PROFIT":799389000,"GROSS_PROFIT_YOY":162.46909526702,"HOLDER_PROFIT":-608194000,"HOLDER_PROFIT_YOY":14.8671763675,"GROSS_PROFIT_RATIO":81.221715779014,"EPS_TTM":-1.20147949517,"OPERATE_INCOME_QOQ":60.971241736474,"NET_PROFIT_RATIO":-61.7953964922,"ROE_AVG":-10.898854336683,"GROSS_PROFIT_QOQ":53.630911930565,"ROA":-7.515656278536,"HOLDER_PROFIT_QOQ":6.175295793482,"ROE_YEARLY":-21.797708673366,"ROIC_YEARLY":-33.240125796699,"TOTAL_ASSETS":8954192000,"TOTAL_LIABILITIES":2549627000,"TAX_EBT":-0.583462605802,"OCF_SALES":-75.55399987401,"TOTAL_PARENT_EQUITY":6404565000,"DEBT_ASSET_RATIO":28.4741158108,"OPERATE_PROFIT":-572053000,"PRETAX_PROFIT":-604666000,"NETCASH_OPERATE":-743607000,"NETCASH_INVEST":-947959000,"NETCASH_FINANCE":2186225000,"END_CASH":2968557000,"DIVI_RATIO":null,"DIVIDEND_RATE":null,"CURRENT_RATIO":6.602056439162,"COMMON_ACS":5000000000,"CURRENTDEBT_DEBT":42.550733891663,"ISSUED_COMMON_SHARES":1638187504,"HK_COMMON_SHARES":1638187504,"PER_SHARES":500,"TOTAL_MARKET_CAP":58647112643.2,"HKSK_MARKET_CAP":58647112643.2,"PE_TTM":-41.489358140764,"PB_TTM":4.307454995898,"REPORT_DATE_SQ":"2019-06-30 00:00:00","REPORT_TYPE_SQ":"2019年中报","OPERATE_INCOME_SQ":345517000,"DPS_HKD":null,"OPERATE_INCOME_QOQ_SQ":3599.03978052126,"NET_PROFIT_RATIO_SQ":-206.764356023,"HOLDER_PROFIT_SQ":-714406000,"HOLDER_PROFIT_QOQ_SQ":-13.138716990338,"ROE_AVG_SQ":-18.500896162003,"PE_TTM_SQ":-36.199590120691,"PB_TTM_SQ":4.578191862355,"ROA_SQ":-12.193662199308,"START_DATE":"2020-01-01 00:00:00","FISCAL_YEAR":"12-31","CURRENCY":"HKD","IS_CNY_CODE":0,"DPS_HKD_LY":null,"ORG_TYPE":"一般企业","PREMIUM_INCOME":null,"PREMIUM_INCOME_YOY":null,"NET_INTEREST_INCOME":null,"NET_INTEREST_INCOME_YOY":null,"FEE_COMMISSION_INCOME":null,"FEE_COMMISSION_INCOME_YOY":null,"ACCOUNTS_RECE_TDAYS":3.146322945288,"INVENTORY_TDAYS":0.447643487665,"CURRENT_ASSETS_TDAYS":0.156001615166,"TOTAL_ASSETS_TDAYS":0.121621620787,"PREMIUM_EXPENSE":null,"LOAN_DEPOSIT":null,"LOAN_EQUITY":null,"LOAN_ASSETS":null,"DEPOSIT_EQUITY":null,"DEPOSIT_ASSETS":null,"EQUITY_MULTIPLIER":1.398095264862,"EQUITY_RATIO":0.398095264862}],"count":16},"success":true,"message":"ok","code":0}