{"version":"cd10a9bb6fb456c1e3d3bccff750c8c8","result":{"pages":8,"data":[{"SECUCODE":"01800.HK","SECURITY_CODE":"01800","SECURITY_NAME_ABBR":"中国交通建设","ORG_CODE":"10095961","STD_REPORT_DATE":"2024-09-30 00:00:00","REPORT_DATE":"2024-09-30 00:00:00","DATE_TYPE_CODE":"004","REPORT_TYPE":"2024年三季报","PER_NETCASH_OPERATE":-4.73187439358,"PER_OI":32.965736497823,"BPS":17.301823053867,"BASIC_EPS":null,"DILUTED_EPS":null,"OPERATE_INCOME":536636414787,"OPERATE_INCOME_YOY":-2.2565916052,"GROSS_PROFIT":61908630285,"GROSS_PROFIT_YOY":-0.230660138251,"HOLDER_PROFIT":16274469983,"HOLDER_PROFIT_YOY":-0.6055971513,"GROSS_PROFIT_RATIO":11.536419925877,"EPS_TTM":1.513325745719,"OPERATE_INCOME_QOQ":-0.409248618337,"NET_PROFIT_RATIO":3.9118085205,"ROE_AVG":5.273635033939,"GROSS_PROFIT_QOQ":-1.902124069012,"ROA":0.907516808837,"HOLDER_PROFIT_QOQ":1.198873491353,"ROE_YEARLY":7.031513378585,"ROIC_YEARLY":1.083766424975,"TOTAL_ASSETS":1902331619980,"TOTAL_LIABILITIES":1430297468987,"TAX_EBT":17.941641279842,"OCF_SALES":-14.353916812666,"TOTAL_PARENT_EQUITY":315449229910,"DEBT_ASSET_RATIO":75.1865476011,"OPERATE_PROFIT":26881926911,"PRETAX_PROFIT":25582023971,"NETCASH_OPERATE":-77028344565,"NETCASH_INVEST":-22091059807,"NETCASH_FINANCE":139915942551,"END_CASH":150371725346,"DIVI_RATIO":0.285780768498,"DIVIDEND_RATE":9.35442043222,"CURRENT_RATIO":0.9235467586,"COMMON_ACS":null,"CURRENTDEBT_DEBT":62.553395094425,"ISSUED_COMMON_SHARES":16278611425,"HK_COMMON_SHARES":4418476000,"PER_SHARES":1000,"TOTAL_MARKET_CAP":82858132153.25,"HKSK_MARKET_CAP":22490042840,"PE_TTM":3.013345544089,"PB_TTM":0.265296384416,"REPORT_DATE_SQ":"2023-09-30 00:00:00","REPORT_TYPE_SQ":"2023年三季报","OPERATE_INCOME_SQ":549025682243,"DPS_HKD":0.47614,"OPERATE_INCOME_QOQ_SQ":0.570815399913,"NET_PROFIT_RATIO_SQ":3.7851263034,"HOLDER_PROFIT_SQ":16373628209,"HOLDER_PROFIT_QOQ_SQ":0.14593235999,"ROE_AVG_SQ":5.677905031304,"PE_TTM_SQ":2.655894167983,"PB_TTM_SQ":0.215902108076,"ROA_SQ":0.983154376618,"START_DATE":"2024-01-01 00:00:00","FISCAL_YEAR":"12-31","CURRENCY":"HKD","IS_CNY_CODE":0,"DPS_HKD_LY":0.47614,"ORG_TYPE":"一般企业","PREMIUM_INCOME":null,"PREMIUM_INCOME_YOY":null,"NET_INTEREST_INCOME":null,"NET_INTEREST_INCOME_YOY":null,"FEE_COMMISSION_INCOME":null,"FEE_COMMISSION_INCOME_YOY":null,"ACCOUNTS_RECE_TDAYS":4.177915738989,"INVENTORY_TDAYS":5.07653651295,"CURRENT_ASSETS_TDAYS":0.709631457028,"TOTAL_ASSETS_TDAYS":0.29924573099,"PREMIUM_EXPENSE":null,"LOAN_DEPOSIT":null,"LOAN_EQUITY":null,"LOAN_ASSETS":null,"DEPOSIT_EQUITY":null,"DEPOSIT_ASSETS":null,"EQUITY_MULTIPLIER":4.030072010634,"EQUITY_RATIO":4.534160598189},{"SECUCODE":"01800.HK","SECURITY_CODE":"01800","SECURITY_NAME_ABBR":"中国交通建设","ORG_CODE":"10095961","STD_REPORT_DATE":"2024-06-30 00:00:00","REPORT_DATE":"2024-06-30 00:00:00","DATE_TYPE_CODE":"002","REPORT_TYPE":"2024年中报","PER_NETCASH_OPERATE":-4.555732553829,"PER_OI":21.869801465576,"BPS":16.835895448619,"BASIC_EPS":0.7,"DILUTED_EPS":0.7,"OPERATE_INCOME":356010000000,"OPERATE_INCOME_YOY":-2.555119134,"GROSS_PROFIT":41596000000,"GROSS_PROFIT_YOY":4.227116690471,"HOLDER_PROFIT":12022000000,"HOLDER_PROFIT_YOY":-3.1499234673,"GROSS_PROFIT_RATIO":11.683941462319,"EPS_TTM":1.495397817692,"OPERATE_INCOME_QOQ":-1.276249154351,"NET_PROFIT_RATIO":4.256902896,"ROE_AVG":3.936367233094,"GROSS_PROFIT_QOQ":1.239791655595,"ROA":0.677465236375,"HOLDER_PROFIT_QOQ":-3.753374817999,"ROE_YEARLY":7.872734466187,"ROIC_YEARLY":1.602382113886,"TOTAL_ASSETS":1864850000000,"TOTAL_LIABILITIES":1395151000000,"TAX_EBT":20.106489535558,"OCF_SALES":-20.83115642819,"TOTAL_PARENT_EQUITY":309065000000,"DEBT_ASSET_RATIO":74.8130412634,"OPERATE_PROFIT":20527000000,"PRETAX_PROFIT":18969000000,"NETCASH_OPERATE":-74161000000,"NETCASH_INVEST":-15608000000,"NETCASH_FINANCE":99205000000,"END_CASH":119852000000,"DIVI_RATIO":0.289206918375,"DIVIDEND_RATE":8.883208955224,"CURRENT_RATIO":0.900775759975,"COMMON_ACS":null,"CURRENTDEBT_DEBT":63.004577999084,"ISSUED_COMMON_SHARES":16278611425,"HK_COMMON_SHARES":4418476000,"PER_SHARES":1000,"TOTAL_MARKET_CAP":87253357238,"HKSK_MARKET_CAP":23683031360,"PE_TTM":3.173189020887,"PB_TTM":0.279369080643,"REPORT_DATE_SQ":"2023-06-30 00:00:00","REPORT_TYPE_SQ":"2023年中报","OPERATE_INCOME_SQ":365345000000,"DPS_HKD":0.47614,"OPERATE_INCOME_QOQ_SQ":-0.401672154752,"NET_PROFIT_RATIO_SQ":4.2387158732,"HOLDER_PROFIT_SQ":12413000000,"HOLDER_PROFIT_QOQ_SQ":-0.529234778035,"ROE_AVG_SQ":4.313804944335,"PE_TTM_SQ":2.411839028222,"PB_TTM_SQ":0.196062454901,"ROA_SQ":0.758119441414,"START_DATE":"2024-01-01 00:00:00","FISCAL_YEAR":"12-31","CURRENCY":"HKD","IS_CNY_CODE":0,"DPS_HKD_LY":0.47614,"ORG_TYPE":"一般企业","PREMIUM_INCOME":null,"PREMIUM_INCOME_YOY":null,"NET_INTEREST_INCOME":null,"NET_INTEREST_INCOME_YOY":null,"FEE_COMMISSION_INCOME":null,"FEE_COMMISSION_INCOME_YOY":null,"ACCOUNTS_RECE_TDAYS":1.530934630257,"INVENTORY_TDAYS":3.407690807015,"CURRENT_ASSETS_TDAYS":0.481768419343,"TOTAL_ASSETS_TDAYS":0.20061919714,"PREMIUM_EXPENSE":null,"LOAN_DEPOSIT":null,"LOAN_EQUITY":null,"LOAN_ASSETS":null,"DEPOSIT_EQUITY":null,"DEPOSIT_ASSETS":null,"EQUITY_MULTIPLIER":3.970308644477,"EQUITY_RATIO":4.514102211509},{"SECUCODE":"01800.HK","SECURITY_CODE":"01800","SECURITY_NAME_ABBR":"中国交通建设","ORG_CODE":"10095961","STD_REPORT_DATE":"2024-03-31 00:00:00","REPORT_DATE":"2024-03-31 00:00:00","DATE_TYPE_CODE":"003","REPORT_TYPE":"2024年一季报","PER_NETCASH_OPERATE":-2.434547678226,"PER_OI":10.866276592453,"BPS":16.86433600592,"BASIC_EPS":0.36,"DILUTED_EPS":0.36,"OPERATE_INCOME":176904193700,"OPERATE_INCOME_YOY":0.1771997603,"GROSS_PROFIT":21045448037,"GROSS_PROFIT_YOY":2.477234698412,"HOLDER_PROFIT":6140683103,"HOLDER_PROFIT_YOY":10.0014084776,"GROSS_PROFIT_RATIO":11.896522969201,"EPS_TTM":1.553571393754,"OPERATE_INCOME_QOQ":0.041410834571,"NET_PROFIT_RATIO":4.2542771059,"ROE_AVG":2.009124362937,"GROSS_PROFIT_QOQ":0.538192279536,"ROA":0.350633996879,"HOLDER_PROFIT_QOQ":2.257279036953,"ROE_YEARLY":8.036497451747,"ROIC_YEARLY":1.675823843972,"TOTAL_ASSETS":1818355063755,"TOTAL_LIABILITIES":1348343641160,"TAX_EBT":19.05363633897,"OCF_SALES":-22.404617234916,"TOTAL_PARENT_EQUITY":309527548253,"DEBT_ASSET_RATIO":74.1518347014,"OPERATE_PROFIT":10773203560,"PRETAX_PROFIT":9297507969,"NETCASH_OPERATE":-39634707471,"NETCASH_INVEST":-21950901336,"NETCASH_FINANCE":89554116636,"END_CASH":137977144108,"DIVI_RATIO":0.278377547591,"DIVIDEND_RATE":9.409881422925,"CURRENT_RATIO":0.932173166449,"COMMON_ACS":null,"CURRENTDEBT_DEBT":61.110243835179,"ISSUED_COMMON_SHARES":16278611425,"HK_COMMON_SHARES":4418476000,"PER_SHARES":1000,"TOTAL_MARKET_CAP":82369773810.5,"HKSK_MARKET_CAP":22357488560,"PE_TTM":2.995585157778,"PB_TTM":0.263732751502,"REPORT_DATE_SQ":"2023-03-31 00:00:00","REPORT_TYPE_SQ":"2023年一季报","OPERATE_INCOME_SQ":176591274385,"DPS_HKD":0.47614,"OPERATE_INCOME_QOQ_SQ":0.626636574617,"NET_PROFIT_RATIO_SQ":3.9300737045,"HOLDER_PROFIT_SQ":5582367706,"HOLDER_PROFIT_QOQ_SQ":2.435971791677,"ROE_AVG_SQ":1.958163689547,"PE_TTM_SQ":2.43337330526,"PB_TTM_SQ":0.197813012534,"ROA_SQ":0.355031876993,"START_DATE":"2024-01-01 00:00:00","FISCAL_YEAR":"12-31","CURRENCY":"HKD","IS_CNY_CODE":0,"DPS_HKD_LY":0.47614,"ORG_TYPE":"一般企业","PREMIUM_INCOME":null,"PREMIUM_INCOME_YOY":null,"NET_INTEREST_INCOME":null,"NET_INTEREST_INCOME_YOY":null,"FEE_COMMISSION_INCOME":null,"FEE_COMMISSION_INCOME_YOY":null,"ACCOUNTS_RECE_TDAYS":1.468154187588,"INVENTORY_TDAYS":1.704285124167,"CURRENT_ASSETS_TDAYS":0.24329629919,"TOTAL_ASSETS_TDAYS":0.101012580296,"PREMIUM_EXPENSE":null,"LOAN_DEPOSIT":null,"LOAN_EQUITY":null,"LOAN_ASSETS":null,"DEPOSIT_EQUITY":null,"DEPOSIT_ASSETS":null,"EQUITY_MULTIPLIER":3.868746537512,"EQUITY_RATIO":4.356134530739},{"SECUCODE":"01800.HK","SECURITY_CODE":"01800","SECURITY_NAME_ABBR":"中国交通建设","ORG_CODE":"10095961","STD_REPORT_DATE":"2023-12-31 00:00:00","REPORT_DATE":"2023-12-31 00:00:00","DATE_TYPE_CODE":"001","REPORT_TYPE":"2023年年报","PER_NETCASH_OPERATE":0.742391254004,"PER_OI":46.462231366822,"BPS":16.385549911853,"BASIC_EPS":1.45,"DILUTED_EPS":1.45,"OPERATE_INCOME":755646000000,"OPERATE_INCOME_YOY":5.0845242002,"GROSS_PROFIT":94528000000,"GROSS_PROFIT_YOY":12.947474071596,"HOLDER_PROFIT":24734000000,"HOLDER_PROFIT_YOY":22.2881439731,"GROSS_PROFIT_RATIO":12.50956135545,"EPS_TTM":1.520813754889,"OPERATE_INCOME_QOQ":4.490269744542,"NET_PROFIT_RATIO":4.1211096201,"ROE_AVG":8.467155283671,"GROSS_PROFIT_QOQ":12.38454403986,"ROA":1.547997691835,"HOLDER_PROFIT_QOQ":20.801945157629,"ROE_YEARLY":8.467155283671,"ROIC_YEARLY":1.845395352863,"TOTAL_ASSETS":1684381719794,"TOTAL_LIABILITIES":1225211787475,"TAX_EBT":17.041398049976,"OCF_SALES":1.59783814114,"TOTAL_PARENT_EQUITY":301751993848,"DEBT_ASSET_RATIO":72.7403456232,"OPERATE_PROFIT":38955000000,"PRETAX_PROFIT":37538000000,"NETCASH_OPERATE":12074000000,"NETCASH_INVEST":-55885000000,"NETCASH_FINANCE":50332000000,"END_CASH":110204000000,"DIVI_RATIO":0.284373673771,"DIVIDEND_RATE":9.409881422925,"CURRENT_RATIO":0.900232359505,"COMMON_ACS":null,"CURRENTDEBT_DEBT":62.214090096122,"ISSUED_COMMON_SHARES":16278611425,"HK_COMMON_SHARES":4418476000,"PER_SHARES":1000,"TOTAL_MARKET_CAP":82369773810.5,"HKSK_MARKET_CAP":22357488560,"PE_TTM":2.995585157778,"PB_TTM":0.263732751502,"REPORT_DATE_SQ":"2022-12-31 00:00:00","REPORT_TYPE_SQ":"2022年年报","OPERATE_INCOME_SQ":719084000000,"DPS_HKD":0.47614,"OPERATE_INCOME_QOQ_SQ":1.286293103737,"NET_PROFIT_RATIO_SQ":3.5828525951,"HOLDER_PROFIT_SQ":20226000000,"HOLDER_PROFIT_QOQ_SQ":4.513900819786,"ROE_AVG_SQ":7.399021699249,"PE_TTM_SQ":2.43337330526,"PB_TTM_SQ":0.197813012534,"ROA_SQ":1.382750318984,"START_DATE":"2023-01-01 00:00:00","FISCAL_YEAR":"12-31","CURRENCY":"HKD","IS_CNY_CODE":0,"DPS_HKD_LY":0.24735,"ORG_TYPE":"一般企业","PREMIUM_INCOME":null,"PREMIUM_INCOME_YOY":null,"NET_INTEREST_INCOME":null,"NET_INTEREST_INCOME_YOY":null,"FEE_COMMISSION_INCOME":null,"FEE_COMMISSION_INCOME_YOY":null,"ACCOUNTS_RECE_TDAYS":3.823902299989,"INVENTORY_TDAYS":7.951673041303,"CURRENT_ASSETS_TDAYS":1.160387376258,"TOTAL_ASSETS_TDAYS":0.472927251494,"PREMIUM_EXPENSE":null,"LOAN_DEPOSIT":null,"LOAN_EQUITY":null,"LOAN_ASSETS":null,"DEPOSIT_EQUITY":null,"DEPOSIT_ASSETS":null,"EQUITY_MULTIPLIER":3.668425087778,"EQUITY_RATIO":4.060327064789},{"SECUCODE":"01800.HK","SECURITY_CODE":"01800","SECURITY_NAME_ABBR":"中国交通建设","ORG_CODE":"10095961","STD_REPORT_DATE":"2023-09-30 00:00:00","REPORT_DATE":"2023-09-30 00:00:00","DATE_TYPE_CODE":"004","REPORT_TYPE":"2023年三季报","PER_NETCASH_OPERATE":-3.063865895683,"PER_OI":33.757815530951,"BPS":15.711346720041,"BASIC_EPS":null,"DILUTED_EPS":null,"OPERATE_INCOME":549025682243,"OPERATE_INCOME_YOY":1.0517613249,"GROSS_PROFIT":62051758958,"GROSS_PROFIT_YOY":2.345360386738,"HOLDER_PROFIT":16373628209,"HOLDER_PROFIT_YOY":2.5879787793,"GROSS_PROFIT_RATIO":11.261057234483,"EPS_TTM":1.258931512158,"OPERATE_INCOME_QOQ":0.570815399913,"NET_PROFIT_RATIO":3.7851263034,"ROE_AVG":5.677905031304,"GROSS_PROFIT_QOQ":-1.015357476405,"ROA":0.983154376618,"HOLDER_PROFIT_QOQ":0.14593235999,"ROE_YEARLY":7.570540041739,"ROIC_YEARLY":1.184674328939,"TOTAL_ASSETS":1793517168041,"TOTAL_LIABILITIES":1348394387912,"TAX_EBT":17.566144923154,"OCF_SALES":-9.097962141605,"TOTAL_PARENT_EQUITY":289752371691,"DEBT_ASSET_RATIO":75.181571269,"OPERATE_PROFIT":26320035165,"PRETAX_PROFIT":25305030873,"NETCASH_OPERATE":-50372213567,"NETCASH_INVEST":-50278914304,"NETCASH_FINANCE":146629194577,"END_CASH":150958857945,"DIVI_RATIO":0.343528929432,"DIVIDEND_RATE":9.409881422925,"CURRENT_RATIO":0.930401638839,"COMMON_ACS":null,"CURRENTDEBT_DEBT":61.261192312298,"ISSUED_COMMON_SHARES":16278611425,"HK_COMMON_SHARES":4418476000,"PER_SHARES":1000,"TOTAL_MARKET_CAP":82369773810.5,"HKSK_MARKET_CAP":22357488560,"PE_TTM":2.995585157778,"PB_TTM":0.263732751502,"REPORT_DATE_SQ":"2022-09-30 00:00:00","REPORT_TYPE_SQ":"2022年三季报","OPERATE_INCOME_SQ":542000970451,"DPS_HKD":0.47614,"OPERATE_INCOME_QOQ_SQ":0.303929569749,"NET_PROFIT_RATIO_SQ":3.639236897,"HOLDER_PROFIT_SQ":15836137231,"HOLDER_PROFIT_QOQ_SQ":-3.578910531867,"ROE_AVG_SQ":5.837503120528,"PE_TTM_SQ":2.43337330526,"PB_TTM_SQ":0.197813012534,"ROA_SQ":1.051093848892,"START_DATE":"2023-01-01 00:00:00","FISCAL_YEAR":"12-31","CURRENCY":"HKD","IS_CNY_CODE":0,"DPS_HKD_LY":0.24735,"ORG_TYPE":"一般企业","PREMIUM_INCOME":null,"PREMIUM_INCOME_YOY":null,"NET_INTEREST_INCOME":null,"NET_INTEREST_INCOME_YOY":null,"FEE_COMMISSION_INCOME":null,"FEE_COMMISSION_INCOME_YOY":null,"ACCOUNTS_RECE_TDAYS":2.748220760682,"INVENTORY_TDAYS":5.680504582163,"CURRENT_ASSETS_TDAYS":0.791010803987,"TOTAL_ASSETS_TDAYS":0.331451461853,"PREMIUM_EXPENSE":null,"LOAN_DEPOSIT":null,"LOAN_EQUITY":null,"LOAN_ASSETS":null,"DEPOSIT_EQUITY":null,"DEPOSIT_ASSETS":null,"EQUITY_MULTIPLIER":4.029263942688,"EQUITY_RATIO":4.653609494351},{"SECUCODE":"01800.HK","SECURITY_CODE":"01800","SECURITY_NAME_ABBR":"中国交通建设","ORG_CODE":"10095961","STD_REPORT_DATE":"2023-06-30 00:00:00","REPORT_DATE":"2023-06-30 00:00:00","DATE_TYPE_CODE":"002","REPORT_TYPE":"2023年中报","PER_NETCASH_OPERATE":-3.03609370053,"PER_OI":22.46388377456,"BPS":15.483261650494,"BASIC_EPS":0.73,"DILUTED_EPS":0.73,"OPERATE_INCOME":365345000000,"OPERATE_INCOME_YOY":0.4398463294,"GROSS_PROFIT":39909000000,"GROSS_PROFIT_YOY":5.806092420266,"HOLDER_PROFIT":12413000000,"HOLDER_PROFIT_YOY":3.1748684101,"GROSS_PROFIT_RATIO":10.873645218823,"EPS_TTM":1.257097000837,"OPERATE_INCOME_QOQ":-0.401672154752,"NET_PROFIT_RATIO":4.2387158732,"ROE_AVG":4.313804944335,"GROSS_PROFIT_QOQ":1.71844161742,"ROA":0.758119441414,"HOLDER_PROFIT_QOQ":-0.529234778035,"ROE_YEARLY":8.62760988867,"ROIC_YEARLY":1.822650592096,"TOTAL_ASSETS":1746448000000,"TOTAL_LIABILITIES":1308315000000,"TAX_EBT":17.158062799361,"OCF_SALES":-13.548634929346,"TOTAL_PARENT_EQUITY":290034000000,"DEBT_ASSET_RATIO":74.9129089443,"OPERATE_PROFIT":19744000000,"PRETAX_PROFIT":18790000000,"NETCASH_OPERATE":-49582000000,"NETCASH_INVEST":-32899000000,"NETCASH_FINANCE":130824000000,"END_CASH":153462000000,"DIVI_RATIO":0.344030249306,"DIVIDEND_RATE":8.883208955224,"CURRENT_RATIO":0.917298754203,"COMMON_ACS":null,"CURRENTDEBT_DEBT":63.494876998276,"ISSUED_COMMON_SHARES":16278611425,"HK_COMMON_SHARES":4418476000,"PER_SHARES":1000,"TOTAL_MARKET_CAP":87253357238,"HKSK_MARKET_CAP":23683031360,"PE_TTM":3.173189020887,"PB_TTM":0.279369080643,"REPORT_DATE_SQ":"2022-06-30 00:00:00","REPORT_TYPE_SQ":"2022年中报","OPERATE_INCOME_SQ":362854000000,"DPS_HKD":0.47614,"OPERATE_INCOME_QOQ_SQ":0.490664864839,"NET_PROFIT_RATIO_SQ":3.9599376023,"HOLDER_PROFIT_SQ":11969000000,"HOLDER_PROFIT_QOQ_SQ":4.161158842193,"ROE_AVG_SQ":4.476420961144,"PE_TTM_SQ":2.411839028222,"PB_TTM_SQ":0.196062454901,"ROA_SQ":0.808315181362,"START_DATE":"2023-01-01 00:00:00","FISCAL_YEAR":"12-31","CURRENCY":"HKD","IS_CNY_CODE":0,"DPS_HKD_LY":0.24735,"ORG_TYPE":"一般企业","PREMIUM_INCOME":null,"PREMIUM_INCOME_YOY":null,"NET_INTEREST_INCOME":null,"NET_INTEREST_INCOME_YOY":null,"FEE_COMMISSION_INCOME":null,"FEE_COMMISSION_INCOME_YOY":null,"ACCOUNTS_RECE_TDAYS":0.935559826329,"INVENTORY_TDAYS":3.860023767083,"CURRENT_ASSETS_TDAYS":0.528849467632,"TOTAL_ASSETS_TDAYS":0.22374008456,"PREMIUM_EXPENSE":null,"LOAN_DEPOSIT":null,"LOAN_EQUITY":null,"LOAN_ASSETS":null,"DEPOSIT_EQUITY":null,"DEPOSIT_ASSETS":null,"EQUITY_MULTIPLIER":3.986113805621,"EQUITY_RATIO":4.51090217009},{"SECUCODE":"01800.HK","SECURITY_CODE":"01800","SECURITY_NAME_ABBR":"中国交通建设","ORG_CODE":"10095961","STD_REPORT_DATE":"2023-03-31 00:00:00","REPORT_DATE":"2023-03-31 00:00:00","DATE_TYPE_CODE":"003","REPORT_TYPE":"2023年一季报","PER_NETCASH_OPERATE":-1.585679545928,"PER_OI":10.923817068261,"BPS":15.337615611953,"BASIC_EPS":0.32,"DILUTED_EPS":0.32,"OPERATE_INCOME":176591274385,"OPERATE_INCOME_YOY":2.6124754992,"GROSS_PROFIT":20536705639,"GROSS_PROFIT_YOY":2.364841007281,"HOLDER_PROFIT":5582367706,"HOLDER_PROFIT_YOY":9.595938096,"GROSS_PROFIT_RATIO":11.629513242102,"EPS_TTM":1.271442821144,"OPERATE_INCOME_QOQ":0.626636574617,"NET_PROFIT_RATIO":3.9300737045,"ROE_AVG":1.958163689547,"GROSS_PROFIT_QOQ":0.571174839883,"ROA":0.355031876993,"HOLDER_PROFIT_QOQ":2.435971791677,"ROE_YEARLY":7.832654758187,"ROIC_YEARLY":1.710629475593,"TOTAL_ASSETS":1633363513213,"TOTAL_LIABILITIES":1199160181470,"TAX_EBT":18.353001695576,"OCF_SALES":-14.515800988057,"TOTAL_PARENT_EQUITY":287663540035,"DEBT_ASSET_RATIO":73.4166137403,"OPERATE_PROFIT":9574028980,"PRETAX_PROFIT":8500211131,"NETCASH_OPERATE":-25633637952,"NETCASH_INVEST":-22778218243,"NETCASH_FINANCE":74467857275,"END_CASH":129491759036,"DIVI_RATIO":0.340148520569,"DIVIDEND_RATE":9.409881422925,"CURRENT_RATIO":0.932672450569,"COMMON_ACS":null,"CURRENTDEBT_DEBT":61.34517953008,"ISSUED_COMMON_SHARES":16278611425,"HK_COMMON_SHARES":4418476000,"PER_SHARES":1000,"TOTAL_MARKET_CAP":82369773810.5,"HKSK_MARKET_CAP":22357488560,"PE_TTM":2.995585157778,"PB_TTM":0.263732751502,"REPORT_DATE_SQ":"2022-03-31 00:00:00","REPORT_TYPE_SQ":"2022年一季报","OPERATE_INCOME_SQ":172095326154,"DPS_HKD":0.47614,"OPERATE_INCOME_QOQ_SQ":2.954556097504,"NET_PROFIT_RATIO_SQ":3.6767803748,"HOLDER_PROFIT_SQ":5093589966,"HOLDER_PROFIT_QOQ_SQ":4.183402757794,"ROE_AVG_SQ":1.934089533105,"PE_TTM_SQ":2.43337330526,"PB_TTM_SQ":0.197813012534,"ROA_SQ":0.355161618788,"START_DATE":"2023-01-01 00:00:00","FISCAL_YEAR":"12-31","CURRENCY":"HKD","IS_CNY_CODE":0,"DPS_HKD_LY":0.24735,"ORG_TYPE":"一般企业","PREMIUM_INCOME":null,"PREMIUM_INCOME_YOY":null,"NET_INTEREST_INCOME":null,"NET_INTEREST_INCOME_YOY":null,"FEE_COMMISSION_INCOME":null,"FEE_COMMISSION_INCOME_YOY":null,"ACCOUNTS_RECE_TDAYS":0.909973779003,"INVENTORY_TDAYS":1.896548525768,"CURRENT_ASSETS_TDAYS":0.271186158186,"TOTAL_ASSETS_TDAYS":0.112309928165,"PREMIUM_EXPENSE":null,"LOAN_DEPOSIT":null,"LOAN_EQUITY":null,"LOAN_ASSETS":null,"DEPOSIT_EQUITY":null,"DEPOSIT_ASSETS":null,"EQUITY_MULTIPLIER":3.761747996402,"EQUITY_RATIO":4.168620678603},{"SECUCODE":"01800.HK","SECURITY_CODE":"01800","SECURITY_NAME_ABBR":"中国交通建设","ORG_CODE":"10095961","STD_REPORT_DATE":"2022-12-31 00:00:00","REPORT_DATE":"2022-12-31 00:00:00","DATE_TYPE_CODE":"001","REPORT_TYPE":"2022年年报","PER_NETCASH_OPERATE":0.027341821735,"PER_OI":44.482050996404,"BPS":14.98837914549,"BASIC_EPS":1.15,"DILUTED_EPS":1.15,"OPERATE_INCOME":719084000000,"OPERATE_INCOME_YOY":5.0803693696,"GROSS_PROFIT":83692000000,"GROSS_PROFIT_YOY":-0.984335809947,"HOLDER_PROFIT":20226000000,"HOLDER_PROFIT_YOY":9.3520082838,"GROSS_PROFIT_RATIO":11.577299772953,"EPS_TTM":1.241207359979,"OPERATE_INCOME_QOQ":1.286293103737,"NET_PROFIT_RATIO":3.5828525951,"ROE_AVG":7.399021699249,"GROSS_PROFIT_QOQ":-2.715649557752,"ROA":1.382750318984,"HOLDER_PROFIT_QOQ":4.513900819786,"ROE_YEARLY":7.399021699249,"ROIC_YEARLY":1.652814273594,"TOTAL_ASSETS":1516713000000,"TOTAL_LIABILITIES":1089221000000,"TAX_EBT":21.509308510638,"OCF_SALES":0.061605105697,"TOTAL_PARENT_EQUITY":282500000000,"DEBT_ASSET_RATIO":71.8016343005,"OPERATE_PROFIT":34002000000,"PRETAX_PROFIT":33088000000,"NETCASH_OPERATE":1139000000,"NETCASH_INVEST":-46927000000,"NETCASH_FINANCE":52632000000,"END_CASH":103663000000,"DIVI_RATIO":0.34843444258,"DIVIDEND_RATE":9.409881422925,"CURRENT_RATIO":0.931821583935,"COMMON_ACS":null,"CURRENTDEBT_DEBT":60.995886050673,"ISSUED_COMMON_SHARES":16278611425,"HK_COMMON_SHARES":4418476000,"PER_SHARES":1000,"TOTAL_MARKET_CAP":82369773810.5,"HKSK_MARKET_CAP":22357488560,"PE_TTM":2.995585157778,"PB_TTM":0.263732751502,"REPORT_DATE_SQ":"2021-12-31 00:00:00","REPORT_TYPE_SQ":"2021年年报","OPERATE_INCOME_SQ":682785000000,"DPS_HKD":0.47614,"OPERATE_INCOME_QOQ_SQ":-6.618152493296,"NET_PROFIT_RATIO_SQ":3.4951706639,"HOLDER_PROFIT_SQ":18349000000,"HOLDER_PROFIT_QOQ_SQ":-14.133541789389,"ROE_AVG_SQ":7.26048185572,"PE_TTM_SQ":2.43337330526,"PB_TTM_SQ":0.197813012534,"ROA_SQ":1.361629621604,"START_DATE":"2022-01-01 00:00:00","FISCAL_YEAR":"12-31","CURRENCY":"HKD","IS_CNY_CODE":0,"DPS_HKD_LY":0.25082,"ORG_TYPE":"一般企业","PREMIUM_INCOME":null,"PREMIUM_INCOME_YOY":null,"NET_INTEREST_INCOME":null,"NET_INTEREST_INCOME_YOY":null,"FEE_COMMISSION_INCOME":null,"FEE_COMMISSION_INCOME_YOY":null,"ACCOUNTS_RECE_TDAYS":2.166277796439,"INVENTORY_TDAYS":8.384610809703,"CURRENT_ASSETS_TDAYS":1.21234902096,"TOTAL_ASSETS_TDAYS":0.494436092505,"PREMIUM_EXPENSE":null,"LOAN_DEPOSIT":null,"LOAN_EQUITY":null,"LOAN_ASSETS":null,"DEPOSIT_EQUITY":null,"DEPOSIT_ASSETS":null,"EQUITY_MULTIPLIER":3.54630481304,"EQUITY_RATIO":3.855649557522},{"SECUCODE":"01800.HK","SECURITY_CODE":"01800","SECURITY_NAME_ABBR":"中国交通建设","ORG_CODE":"10095961","STD_REPORT_DATE":"2022-09-30 00:00:00","REPORT_DATE":"2022-09-30 00:00:00","DATE_TYPE_CODE":"004","REPORT_TYPE":"2022年三季报","PER_NETCASH_OPERATE":-2.636718857982,"PER_OI":33.527814285538,"BPS":14.52821697745,"BASIC_EPS":0.91,"DILUTED_EPS":0.91,"OPERATE_INCOME":542000970451,"OPERATE_INCOME_YOY":4.9906171478,"GROSS_PROFIT":60629772296,"GROSS_PROFIT_YOY":1.51256679125,"HOLDER_PROFIT":15836137231,"HOLDER_PROFIT_YOY":5.6826803914,"GROSS_PROFIT_RATIO":11.182363457146,"EPS_TTM":1.187600262016,"OPERATE_INCOME_QOQ":0.303929569749,"NET_PROFIT_RATIO":3.639236897,"ROE_AVG":5.837503120528,"GROSS_PROFIT_QOQ":1.423898570987,"ROA":1.051093848892,"HOLDER_PROFIT_QOQ":-3.578910531867,"ROE_YEARLY":7.783337494037,"ROIC_YEARLY":1.272298089579,"TOTAL_ASSETS":1618452270919,"TOTAL_LIABILITIES":1184902434601,"TAX_EBT":20.173154741201,"OCF_SALES":-7.864591290751,"TOTAL_PARENT_EQUITY":281458036633,"DEBT_ASSET_RATIO":73.2120715508,"OPERATE_PROFIT":26506989482,"PRETAX_PROFIT":24734550208,"NETCASH_OPERATE":-42615565382,"NETCASH_INVEST":-35472592631,"NETCASH_FINANCE":116534333010,"END_CASH":135498147535,"DIVI_RATIO":0.36416242774,"DIVIDEND_RATE":9.409881422925,"CURRENT_RATIO":0.957525585579,"COMMON_ACS":null,"CURRENTDEBT_DEBT":61.789001045013,"ISSUED_COMMON_SHARES":16278611425,"HK_COMMON_SHARES":4418476000,"PER_SHARES":1000,"TOTAL_MARKET_CAP":82369773810.5,"HKSK_MARKET_CAP":22357488560,"PE_TTM":2.995585157778,"PB_TTM":0.263732751502,"REPORT_DATE_SQ":"2021-09-30 00:00:00","REPORT_TYPE_SQ":"2021年三季报","OPERATE_INCOME_SQ":516216641112,"DPS_HKD":0.47614,"OPERATE_INCOME_QOQ_SQ":1.764313097398,"NET_PROFIT_RATIO_SQ":3.6096983383,"HOLDER_PROFIT_SQ":14964824087,"HOLDER_PROFIT_QOQ_SQ":0.112745019678,"ROE_AVG_SQ":5.951437383223,"PE_TTM_SQ":2.43337330526,"PB_TTM_SQ":0.197813012534,"ROA_SQ":1.07090792045,"START_DATE":"2022-01-01 00:00:00","FISCAL_YEAR":"12-31","CURRENCY":"HKD","IS_CNY_CODE":0,"DPS_HKD_LY":0.25082,"ORG_TYPE":"一般企业","PREMIUM_INCOME":null,"PREMIUM_INCOME_YOY":null,"NET_INTEREST_INCOME":null,"NET_INTEREST_INCOME_YOY":null,"FEE_COMMISSION_INCOME":null,"FEE_COMMISSION_INCOME_YOY":null,"ACCOUNTS_RECE_TDAYS":2.166261773644,"INVENTORY_TDAYS":6.302006802953,"CURRENT_ASSETS_TDAYS":0.854595573265,"TOTAL_ASSETS_TDAYS":0.360204013991,"PREMIUM_EXPENSE":null,"LOAN_DEPOSIT":null,"LOAN_EQUITY":null,"LOAN_ASSETS":null,"DEPOSIT_EQUITY":null,"DEPOSIT_ASSETS":null,"EQUITY_MULTIPLIER":3.733024753655,"EQUITY_RATIO":4.209872451239}],"count":69},"success":true,"message":"ok","code":0}