{"version":"70fb032528024a63cc57e39ddb53a143","result":{"pages":2,"data":[{"SECUCODE":"01802.HK","SECURITY_CODE":"01802","SECURITY_NAME_ABBR":"文业集团","ORG_CODE":"10000024186","STD_REPORT_DATE":"2024-06-30 00:00:00","REPORT_DATE":"2024-06-30 00:00:00","DATE_TYPE_CODE":"002","REPORT_TYPE":"2024年中报","PER_NETCASH_OPERATE":0.002079124579,"PER_OI":0.022767676768,"BPS":-1.445112794613,"BASIC_EPS":-0.04,"DILUTED_EPS":-0.04,"OPERATE_INCOME":13524000,"OPERATE_INCOME_YOY":-78.3283122877,"GROSS_PROFIT":797000,"GROSS_PROFIT_YOY":-81.753663003663,"HOLDER_PROFIT":-21685000,"HOLDER_PROFIT_YOY":-362.7614169868,"GROSS_PROFIT_RATIO":5.89322685596,"EPS_TTM":-0.135468013468,"OPERATE_INCOME_QOQ":-60.091218666634,"NET_PROFIT_RATIO":-160.396332446,"ROE_AVG":2.558533005489,"GROSS_PROFIT_QOQ":-50.19679505201,"ROA":-8.911436309017,"HOLDER_PROFIT_QOQ":-26.783153980683,"ROE_YEARLY":5.117066010977,"ROIC_YEARLY":-17.991222175208,"TOTAL_ASSETS":246926000,"TOTAL_LIABILITIES":1103614000,"TAX_EBT":null,"OCF_SALES":9.131913635019,"TOTAL_PARENT_EQUITY":-858397000,"DEBT_ASSET_RATIO":446.9411888582,"OPERATE_PROFIT":-14699000,"PRETAX_PROFIT":-21692000,"NETCASH_OPERATE":1235000,"NETCASH_INVEST":19000,"NETCASH_FINANCE":-482000,"END_CASH":952000,"DIVI_RATIO":null,"DIVIDEND_RATE":null,"CURRENT_RATIO":0.221130528032,"COMMON_ACS":3800000000,"CURRENTDEBT_DEBT":97.931613770757,"ISSUED_COMMON_SHARES":594000000,"HK_COMMON_SHARES":594000000,"PER_SHARES":2000,"TOTAL_MARKET_CAP":26136000,"HKSK_MARKET_CAP":26136000,"PE_TTM":-0.294608867205,"PB_TTM":-0.027788778945,"REPORT_DATE_SQ":"2023-06-30 00:00:00","REPORT_TYPE_SQ":"2023年中报","OPERATE_INCOME_SQ":62404000,"DPS_HKD":null,"OPERATE_INCOME_QOQ_SQ":-46.449662672333,"NET_PROFIT_RATIO_SQ":-7.5091340299,"HOLDER_PROFIT_SQ":-4686000,"HOLDER_PROFIT_QOQ_SQ":47.094021514274,"ROE_AVG_SQ":0.604182863951,"PE_TTM_SQ":-0.390269784854,"PB_TTM_SQ":-0.050686998211,"ROA_SQ":-1.560114861209,"START_DATE":"2024-01-01 00:00:00","FISCAL_YEAR":"12-31","CURRENCY":"HKD","IS_CNY_CODE":0,"DPS_HKD_LY":null,"ORG_TYPE":"一般企业","PREMIUM_INCOME":null,"PREMIUM_INCOME_YOY":null,"NET_INTEREST_INCOME":null,"NET_INTEREST_INCOME_YOY":null,"FEE_COMMISSION_INCOME":null,"FEE_COMMISSION_INCOME_YOY":null,"ACCOUNTS_RECE_TDAYS":0.09960706618,"INVENTORY_TDAYS":null,"CURRENT_ASSETS_TDAYS":0.057459324075,"TOTAL_ASSETS_TDAYS":0.055576787938,"PREMIUM_EXPENSE":null,"LOAN_DEPOSIT":null,"LOAN_EQUITY":null,"LOAN_ASSETS":null,"DEPOSIT_EQUITY":null,"DEPOSIT_ASSETS":null,"EQUITY_MULTIPLIER":-0.288233289132,"EQUITY_RATIO":-1.285668519345},{"SECUCODE":"01802.HK","SECURITY_CODE":"01802","SECURITY_NAME_ABBR":"文业集团","ORG_CODE":"10000024186","STD_REPORT_DATE":"2023-12-31 00:00:00","REPORT_DATE":"2023-12-31 00:00:00","DATE_TYPE_CODE":"001","REPORT_TYPE":"2023年年报","PER_NETCASH_OPERATE":-0.025404040404,"PER_OI":0.136941077441,"BPS":-1.408611111111,"BASIC_EPS":-0.11,"DILUTED_EPS":-0.11,"OPERATE_INCOME":81343000,"OPERATE_INCOME_YOY":-78.4874602969,"GROSS_PROFIT":7114000,"GROSS_PROFIT_YOY":-69.932375316991,"HOLDER_PROFIT":-63469000,"HOLDER_PROFIT_YOY":67.1757343815,"GROSS_PROFIT_RATIO":8.74568186568,"EPS_TTM":-0.10685016835,"OPERATE_INCOME_QOQ":-59.827443156002,"NET_PROFIT_RATIO":-78.0939970249,"ROE_AVG":7.884519228679,"GROSS_PROFIT_QOQ":-49.492367767128,"ROA":-23.475215078819,"HOLDER_PROFIT_QOQ":37.957360287002,"ROE_YEARLY":7.884519228679,"ROIC_YEARLY":-23.650516839195,"TOTAL_ASSETS":239752000,"TOTAL_LIABILITIES":1074751000,"TAX_EBT":null,"OCF_SALES":-18.55107384778,"TOTAL_PARENT_EQUITY":-836715000,"DEBT_ASSET_RATIO":448.2761353399,"OPERATE_PROFIT":-52256000,"PRETAX_PROFIT":-63524000,"NETCASH_OPERATE":-15090000,"NETCASH_INVEST":58000,"NETCASH_FINANCE":14865000,"END_CASH":177000,"DIVI_RATIO":null,"DIVIDEND_RATE":null,"CURRENT_RATIO":0.222299816683,"COMMON_ACS":3800000000,"CURRENTDEBT_DEBT":96.995210983753,"ISSUED_COMMON_SHARES":594000000,"HK_COMMON_SHARES":594000000,"PER_SHARES":2000,"TOTAL_MARKET_CAP":43956000,"HKSK_MARKET_CAP":43956000,"PE_TTM":-0.49547854939,"PB_TTM":-0.04673567368,"REPORT_DATE_SQ":"2022-12-31 00:00:00","REPORT_TYPE_SQ":"2022年年报","OPERATE_INCOME_SQ":378119000,"DPS_HKD":null,"OPERATE_INCOME_QOQ_SQ":-37.687414511956,"NET_PROFIT_RATIO_SQ":-51.1979033056,"HOLDER_PROFIT_SQ":-193360000,"HOLDER_PROFIT_QOQ_SQ":85.441732295321,"ROE_AVG_SQ":28.579536720625,"PE_TTM_SQ":-3.90269784854,"PB_TTM_SQ":-0.506869982106,"ROA_SQ":-44.512943998545,"START_DATE":"2023-01-01 00:00:00","FISCAL_YEAR":"12-31","CURRENCY":"HKD","IS_CNY_CODE":0,"DPS_HKD_LY":null,"ORG_TYPE":"一般企业","PREMIUM_INCOME":null,"PREMIUM_INCOME_YOY":null,"NET_INTEREST_INCOME":null,"NET_INTEREST_INCOME_YOY":null,"FEE_COMMISSION_INCOME":null,"FEE_COMMISSION_INCOME_YOY":null,"ACCOUNTS_RECE_TDAYS":0.574819536359,"INVENTORY_TDAYS":null,"CURRENT_ASSETS_TDAYS":0.314199687511,"TOTAL_ASSETS_TDAYS":0.30086253449,"PREMIUM_EXPENSE":null,"LOAN_DEPOSIT":null,"LOAN_EQUITY":null,"LOAN_ASSETS":null,"DEPOSIT_EQUITY":null,"DEPOSIT_ASSETS":null,"EQUITY_MULTIPLIER":-0.287128487579,"EQUITY_RATIO":-1.284488744674},{"SECUCODE":"01802.HK","SECURITY_CODE":"01802","SECURITY_NAME_ABBR":"文业集团","ORG_CODE":"10000024186","STD_REPORT_DATE":"2023-06-30 00:00:00","REPORT_DATE":"2023-06-30 00:00:00","DATE_TYPE_CODE":"002","REPORT_TYPE":"2023年中报","PER_NETCASH_OPERATE":0.010937710438,"PER_OI":0.105057239057,"BPS":-1.309656565657,"BASIC_EPS":-0.01,"DILUTED_EPS":-0.01,"OPERATE_INCOME":62404000,"OPERATE_INCOME_YOY":-73.784127811,"GROSS_PROFIT":4368000,"GROSS_PROFIT_YOY":-68.672452126515,"HOLDER_PROFIT":-4686000,"HOLDER_PROFIT_YOY":95.1058518805,"GROSS_PROFIT_RATIO":6.999551310813,"EPS_TTM":-0.172220538721,"OPERATE_INCOME_QOQ":-46.449662672333,"NET_PROFIT_RATIO":-7.5091340299,"ROE_AVG":0.604182863951,"GROSS_PROFIT_QOQ":-40.469146238377,"ROA":-1.560114861209,"HOLDER_PROFIT_QOQ":47.094021514274,"ROE_YEARLY":1.208365727901,"ROIC_YEARLY":-3.154610234643,"TOTAL_ASSETS":299745000,"TOTAL_LIABILITIES":1075910000,"TAX_EBT":null,"OCF_SALES":10.411191590283,"TOTAL_PARENT_EQUITY":-777936000,"DEBT_ASSET_RATIO":358.9417671688,"OPERATE_PROFIT":889000,"PRETAX_PROFIT":-4686000,"NETCASH_OPERATE":6497000,"NETCASH_INVEST":2080000,"NETCASH_FINANCE":-6260000,"END_CASH":2661000,"DIVI_RATIO":null,"DIVIDEND_RATE":null,"CURRENT_RATIO":0.272020747218,"COMMON_ACS":3800000000,"CURRENTDEBT_DEBT":99.273638129583,"ISSUED_COMMON_SHARES":594000000,"HK_COMMON_SHARES":594000000,"PER_SHARES":2000,"TOTAL_MARKET_CAP":43956000,"HKSK_MARKET_CAP":43956000,"PE_TTM":-0.49547854939,"PB_TTM":-0.04673567368,"REPORT_DATE_SQ":"2022-06-30 00:00:00","REPORT_TYPE_SQ":"2022年中报","OPERATE_INCOME_SQ":238039000,"DPS_HKD":null,"OPERATE_INCOME_QOQ_SQ":-41.16415105865,"NET_PROFIT_RATIO_SQ":-40.2232407295,"HOLDER_PROFIT_SQ":-95747000,"HOLDER_PROFIT_QOQ_SQ":-10.114941766376,"ROE_AVG_SQ":15.252178581129,"PE_TTM_SQ":-3.90269784854,"PB_TTM_SQ":-0.506869982106,"ROA_SQ":-19.382690057533,"START_DATE":"2023-01-01 00:00:00","FISCAL_YEAR":"12-31","CURRENCY":"HKD","IS_CNY_CODE":0,"DPS_HKD_LY":null,"ORG_TYPE":"一般企业","PREMIUM_INCOME":null,"PREMIUM_INCOME_YOY":null,"NET_INTEREST_INCOME":null,"NET_INTEREST_INCOME_YOY":null,"FEE_COMMISSION_INCOME":null,"FEE_COMMISSION_INCOME_YOY":null,"ACCOUNTS_RECE_TDAYS":0.403232111761,"INVENTORY_TDAYS":null,"CURRENT_ASSETS_TDAYS":0.216460712644,"TOTAL_ASSETS_TDAYS":0.207762287236,"PREMIUM_EXPENSE":null,"LOAN_DEPOSIT":null,"LOAN_EQUITY":null,"LOAN_ASSETS":null,"DEPOSIT_EQUITY":null,"DEPOSIT_ASSETS":null,"EQUITY_MULTIPLIER":-0.386187215347,"EQUITY_RATIO":-1.383031509019},{"SECUCODE":"01802.HK","SECURITY_CODE":"01802","SECURITY_NAME_ABBR":"文业集团","ORG_CODE":"10000024186","STD_REPORT_DATE":"2022-12-31 00:00:00","REPORT_DATE":"2022-12-31 00:00:00","DATE_TYPE_CODE":"001","REPORT_TYPE":"2022年年报","PER_NETCASH_OPERATE":0.03646969697,"PER_OI":0.636563973064,"BPS":-1.301767676768,"BASIC_EPS":-0.33,"DILUTED_EPS":-0.33,"OPERATE_INCOME":378119000,"OPERATE_INCOME_YOY":-63.3378613308,"GROSS_PROFIT":23660000,"GROSS_PROFIT_YOY":-69.54680601856,"HOLDER_PROFIT":-193360000,"HOLDER_PROFIT_YOY":83.9691719948,"GROSS_PROFIT_RATIO":6.257289371864,"EPS_TTM":-0.325521885522,"OPERATE_INCOME_QOQ":-37.687414511956,"NET_PROFIT_RATIO":-51.1979033056,"ROE_AVG":28.579536720625,"GROSS_PROFIT_QOQ":116.646827213625,"ROA":-44.512943998545,"HOLDER_PROFIT_QOQ":85.441732295321,"ROE_YEARLY":28.579536720625,"ROIC_YEARLY":-45.821153894004,"TOTAL_ASSETS":300980000,"TOTAL_LIABILITIES":1072459000,"TAX_EBT":-0.088927033301,"OCF_SALES":5.729148760046,"TOTAL_PARENT_EQUITY":-773250000,"DEBT_ASSET_RATIO":356.3223469998,"OPERATE_PROFIT":-187788000,"PRETAX_PROFIT":-193417000,"NETCASH_OPERATE":21663000,"NETCASH_INVEST":-1558000,"NETCASH_FINANCE":-42446000,"END_CASH":344000,"DIVI_RATIO":null,"DIVIDEND_RATE":null,"CURRENT_RATIO":0.271317932398,"COMMON_ACS":3800000000,"CURRENTDEBT_DEBT":98.303524889996,"ISSUED_COMMON_SHARES":594000000,"HK_COMMON_SHARES":594000000,"PER_SHARES":2000,"TOTAL_MARKET_CAP":43956000,"HKSK_MARKET_CAP":43956000,"PE_TTM":-0.49547854939,"PB_TTM":-0.04673567368,"REPORT_DATE_SQ":"2021-12-31 00:00:00","REPORT_TYPE_SQ":"2021年年报","OPERATE_INCOME_SQ":1031361000,"DPS_HKD":null,"OPERATE_INCOME_QOQ_SQ":-35.877303039384,"NET_PROFIT_RATIO_SQ":-116.9499331466,"HOLDER_PROFIT_SQ":-1206176000,"HOLDER_PROFIT_QOQ_SQ":-1829.68136059885,"ROE_AVG_SQ":-5253.60860664663,"PE_TTM_SQ":-3.90269784854,"PB_TTM_SQ":-0.506869982106,"ROA_SQ":-95.71009943352,"START_DATE":"2022-01-01 00:00:00","FISCAL_YEAR":"12-31","CURRENCY":"HKD","IS_CNY_CODE":0,"DPS_HKD_LY":null,"ORG_TYPE":"一般企业","PREMIUM_INCOME":null,"PREMIUM_INCOME_YOY":null,"NET_INTEREST_INCOME":null,"NET_INTEREST_INCOME_YOY":null,"FEE_COMMISSION_INCOME":null,"FEE_COMMISSION_INCOME_YOY":null,"ACCOUNTS_RECE_TDAYS":1.940997861981,"INVENTORY_TDAYS":null,"CURRENT_ASSETS_TDAYS":0.916872170533,"TOTAL_ASSETS_TDAYS":0.8704587232,"PREMIUM_EXPENSE":null,"LOAN_DEPOSIT":null,"LOAN_EQUITY":null,"LOAN_ASSETS":null,"DEPOSIT_EQUITY":null,"DEPOSIT_ASSETS":null,"EQUITY_MULTIPLIER":-0.390133756071,"EQUITY_RATIO":-1.386949886841},{"SECUCODE":"01802.HK","SECURITY_CODE":"01802","SECURITY_NAME_ABBR":"文业集团","ORG_CODE":"10000024186","STD_REPORT_DATE":"2022-06-30 00:00:00","REPORT_DATE":"2022-06-30 00:00:00","DATE_TYPE_CODE":"002","REPORT_TYPE":"2022年中报","PER_NETCASH_OPERATE":0.070402356902,"PER_OI":0.400739057239,"BPS":-1.137429292929,"BASIC_EPS":-0.16,"DILUTED_EPS":-0.16,"OPERATE_INCOME":238039000,"OPERATE_INCOME_YOY":-64.0744653556,"GROSS_PROFIT":13943000,"GROSS_PROFIT_YOY":-82.72563959611,"HOLDER_PROFIT":-95747000,"HOLDER_PROFIT_YOY":-464.6532353277,"GROSS_PROFIT_RATIO":5.857443528161,"EPS_TTM":-2.235993265993,"OPERATE_INCOME_QOQ":-41.16415105865,"NET_PROFIT_RATIO":-40.2232407295,"ROE_AVG":15.252178581129,"GROSS_PROFIT_QOQ":-85.94339258363,"ROA":-19.382690057533,"HOLDER_PROFIT_QOQ":-10.114941766376,"ROE_YEARLY":30.504357162257,"ROIC_YEARLY":-40.205674741647,"TOTAL_ASSETS":420163000,"TOTAL_LIABILITIES":1095797000,"TAX_EBT":-0.179963379545,"OCF_SALES":17.56812959221,"TOTAL_PARENT_EQUITY":-675633000,"DEBT_ASSET_RATIO":260.8028312821,"OPERATE_PROFIT":-89149000,"PRETAX_PROFIT":-95575000,"NETCASH_OPERATE":41819000,"NETCASH_INVEST":-1782000,"NETCASH_FINANCE":-50022000,"END_CASH":12704000,"DIVI_RATIO":null,"DIVIDEND_RATE":null,"CURRENT_RATIO":0.364894838954,"COMMON_ACS":3800000000,"CURRENTDEBT_DEBT":99.153766619182,"ISSUED_COMMON_SHARES":594000000,"HK_COMMON_SHARES":594000000,"PER_SHARES":2000,"TOTAL_MARKET_CAP":43956000,"HKSK_MARKET_CAP":43956000,"PE_TTM":-0.49547854939,"PB_TTM":-0.04673567368,"REPORT_DATE_SQ":"2021-06-30 00:00:00","REPORT_TYPE_SQ":"2021年中报","OPERATE_INCOME_SQ":662590000,"DPS_HKD":null,"OPERATE_INCOME_QOQ_SQ":28.924998456989,"NET_PROFIT_RATIO_SQ":3.9627824145,"HOLDER_PROFIT_SQ":26257000,"HOLDER_PROFIT_QOQ_SQ":230.979163700223,"ROE_AVG_SQ":4.107948442955,"PE_TTM_SQ":-3.90269784854,"PB_TTM_SQ":-0.506869982106,"ROA_SQ":1.3613949619,"START_DATE":"2022-01-01 00:00:00","FISCAL_YEAR":"12-31","CURRENCY":"HKD","IS_CNY_CODE":0,"DPS_HKD_LY":null,"ORG_TYPE":"一般企业","PREMIUM_INCOME":null,"PREMIUM_INCOME_YOY":null,"NET_INTEREST_INCOME":null,"NET_INTEREST_INCOME_YOY":null,"FEE_COMMISSION_INCOME":null,"FEE_COMMISSION_INCOME_YOY":null,"ACCOUNTS_RECE_TDAYS":1.103882432595,"INVENTORY_TDAYS":null,"CURRENT_ASSETS_TDAYS":0.509050199524,"TOTAL_ASSETS_TDAYS":0.48187788219,"PREMIUM_EXPENSE":null,"LOAN_DEPOSIT":null,"LOAN_EQUITY":null,"LOAN_ASSETS":null,"DEPOSIT_EQUITY":null,"DEPOSIT_ASSETS":null,"EQUITY_MULTIPLIER":-0.621879597534,"EQUITY_RATIO":-1.621881998067},{"SECUCODE":"01802.HK","SECURITY_CODE":"01802","SECURITY_NAME_ABBR":"文业集团","ORG_CODE":"10000024186","STD_REPORT_DATE":"2021-12-31 00:00:00","REPORT_DATE":"2021-12-31 00:00:00","DATE_TYPE_CODE":"001","REPORT_TYPE":"2021年年报","PER_NETCASH_OPERATE":-0.032560606061,"PER_OI":1.736297979798,"BPS":-0.976239057239,"BASIC_EPS":-2.03,"DILUTED_EPS":-2.03,"OPERATE_INCOME":1031361000,"OPERATE_INCOME_YOY":-17.3298139329,"GROSS_PROFIT":77693000,"GROSS_PROFIT_YOY":-47.714577977577,"HOLDER_PROFIT":-1206176000,"HOLDER_PROFIT_YOY":-5824.8849019887,"GROSS_PROFIT_RATIO":7.533055835929,"EPS_TTM":-2.030599326599,"OPERATE_INCOME_QOQ":-35.877303039384,"NET_PROFIT_RATIO":-116.9499331466,"ROE_AVG":-5253.60860664663,"GROSS_PROFIT_QOQ":-59.564590587121,"ROA":-95.71009943352,"HOLDER_PROFIT_QOQ":-1829.68136059885,"ROE_YEARLY":-5253.60860664663,"ROIC_YEARLY":-98.82909526808,"TOTAL_ASSETS":567801000,"TOTAL_LIABILITIES":1147687000,"TAX_EBT":-3.724418806638,"OCF_SALES":-1.875289059796,"TOTAL_PARENT_EQUITY":-579886000,"DEBT_ASSET_RATIO":202.1283865298,"OPERATE_PROFIT":-1150713000,"PRETAX_PROFIT":-1162866000,"NETCASH_OPERATE":-19341000,"NETCASH_INVEST":142000,"NETCASH_FINANCE":-15454000,"END_CASH":22689000,"DIVI_RATIO":null,"DIVIDEND_RATE":null,"CURRENT_RATIO":0.470241212451,"COMMON_ACS":3800000000,"CURRENTDEBT_DEBT":99.827914753761,"ISSUED_COMMON_SHARES":594000000,"HK_COMMON_SHARES":594000000,"PER_SHARES":2000,"TOTAL_MARKET_CAP":43956000,"HKSK_MARKET_CAP":43956000,"PE_TTM":-0.49547854939,"PB_TTM":-0.04673567368,"REPORT_DATE_SQ":"2020-12-31 00:00:00","REPORT_TYPE_SQ":"2020年年报","OPERATE_INCOME_SQ":1247561000,"DPS_HKD":null,"OPERATE_INCOME_QOQ_SQ":4.756862603503,"NET_PROFIT_RATIO_SQ":1.6888152162,"HOLDER_PROFIT_SQ":21069000,"HOLDER_PROFIT_QOQ_SQ":686.743838685586,"ROE_AVG_SQ":3.828788513453,"PE_TTM_SQ":-3.90269784854,"PB_TTM_SQ":-0.506869982106,"ROA_SQ":1.116027030642,"START_DATE":"2021-01-01 00:00:00","FISCAL_YEAR":"12-31","CURRENCY":"HKD","IS_CNY_CODE":0,"DPS_HKD_LY":null,"ORG_TYPE":"一般企业","PREMIUM_INCOME":null,"PREMIUM_INCOME_YOY":null,"NET_INTEREST_INCOME":null,"NET_INTEREST_INCOME_YOY":null,"FEE_COMMISSION_INCOME":null,"FEE_COMMISSION_INCOME_YOY":null,"ACCOUNTS_RECE_TDAYS":1.747206253182,"INVENTORY_TDAYS":null,"CURRENT_ASSETS_TDAYS":0.866132752419,"TOTAL_ASSETS_TDAYS":0.818385242799,"PREMIUM_EXPENSE":null,"LOAN_DEPOSIT":null,"LOAN_EQUITY":null,"LOAN_ASSETS":null,"DEPOSIT_EQUITY":null,"DEPOSIT_ASSETS":null,"EQUITY_MULTIPLIER":-0.979159696906,"EQUITY_RATIO":-1.979159696906},{"SECUCODE":"01802.HK","SECURITY_CODE":"01802","SECURITY_NAME_ABBR":"文业集团","ORG_CODE":"10000024186","STD_REPORT_DATE":"2021-06-30 00:00:00","REPORT_DATE":"2021-06-30 00:00:00","DATE_TYPE_CODE":"002","REPORT_TYPE":"2021年中报","PER_NETCASH_OPERATE":0.029607744108,"PER_OI":1.115471380471,"BPS":1.098563973064,"BASIC_EPS":0.04,"DILUTED_EPS":0.04,"OPERATE_INCOME":662590000,"OPERATE_INCOME_YOY":119.5948073297,"GROSS_PROFIT":80715000,"GROSS_PROFIT_YOY":117.16261300043,"HOLDER_PROFIT":26257000,"HOLDER_PROFIT_YOY":217.1769011067,"GROSS_PROFIT_RATIO":12.181741348345,"EPS_TTM":0.117397306397,"OPERATE_INCOME_QOQ":28.924998456989,"NET_PROFIT_RATIO":3.9627824145,"ROE_AVG":4.107948442955,"GROSS_PROFIT_QOQ":29.306028507208,"ROA":1.3613949619,"HOLDER_PROFIT_QOQ":230.979163700223,"ROE_YEARLY":8.21589688591,"ROIC_YEARLY":2.808589747155,"TOTAL_ASSETS":1904690000,"TOTAL_LIABILITIES":1252143000,"TAX_EBT":26.086589348046,"OCF_SALES":2.654280927874,"TOTAL_PARENT_EQUITY":652547000,"DEBT_ASSET_RATIO":65.7399891846,"OPERATE_PROFIT":41860000,"PRETAX_PROFIT":35524000,"NETCASH_OPERATE":17587000,"NETCASH_INVEST":603000,"NETCASH_FINANCE":-14549000,"END_CASH":60983000,"DIVI_RATIO":null,"DIVIDEND_RATE":null,"CURRENT_RATIO":1.458249064464,"COMMON_ACS":3800000000,"CURRENTDEBT_DEBT":98.918014955161,"ISSUED_COMMON_SHARES":594000000,"HK_COMMON_SHARES":594000000,"PER_SHARES":2000,"TOTAL_MARKET_CAP":43956000,"HKSK_MARKET_CAP":43956000,"PE_TTM":-0.49547854939,"PB_TTM":-0.04673567368,"REPORT_DATE_SQ":"2020-06-30 00:00:00","REPORT_TYPE_SQ":"2020年中报","OPERATE_INCOME_SQ":301733000,"DPS_HKD":null,"OPERATE_INCOME_QOQ_SQ":-23.557333716752,"NET_PROFIT_RATIO_SQ":-7.4264333036,"HOLDER_PROFIT_SQ":-22408000,"HOLDER_PROFIT_QOQ_SQ":-93.316028552888,"ROE_AVG_SQ":-4.237659150974,"PE_TTM_SQ":-3.90269784854,"PB_TTM_SQ":-0.506869982106,"ROA_SQ":-1.268273025087,"START_DATE":"2021-01-01 00:00:00","FISCAL_YEAR":"12-31","CURRENCY":"HKD","IS_CNY_CODE":0,"DPS_HKD_LY":null,"ORG_TYPE":"一般企业","PREMIUM_INCOME":null,"PREMIUM_INCOME_YOY":null,"NET_INTEREST_INCOME":null,"NET_INTEREST_INCOME_YOY":null,"FEE_COMMISSION_INCOME":null,"FEE_COMMISSION_INCOME_YOY":null,"ACCOUNTS_RECE_TDAYS":0.751828681233,"INVENTORY_TDAYS":null,"CURRENT_ASSETS_TDAYS":0.363167486537,"TOTAL_ASSETS_TDAYS":0.343545221391,"PREMIUM_EXPENSE":null,"LOAN_DEPOSIT":null,"LOAN_EQUITY":null,"LOAN_ASSETS":null,"DEPOSIT_EQUITY":null,"DEPOSIT_ASSETS":null,"EQUITY_MULTIPLIER":2.918854887082,"EQUITY_RATIO":1.918854887081},{"SECUCODE":"01802.HK","SECURITY_CODE":"01802","SECURITY_NAME_ABBR":"文业集团","ORG_CODE":"10000024186","STD_REPORT_DATE":"2020-12-31 00:00:00","REPORT_DATE":"2020-12-31 00:00:00","DATE_TYPE_CODE":"001","REPORT_TYPE":"2020年年报","PER_NETCASH_OPERATE":-0.168898989899,"PER_OI":2.100271043771,"BPS":1.053542087542,"BASIC_EPS":0.04,"DILUTED_EPS":0.04,"OPERATE_INCOME":1247561000,"OPERATE_INCOME_YOY":-19.9210611112,"GROSS_PROFIT":148594000,"GROSS_PROFIT_YOY":-20.500981740168,"HOLDER_PROFIT":21069000,"HOLDER_PROFIT_YOY":-47.4142664603,"GROSS_PROFIT_RATIO":11.91076027545,"EPS_TTM":0.03546969697,"OPERATE_INCOME_QOQ":4.756862603503,"NET_PROFIT_RATIO":1.6888152162,"ROE_AVG":3.828788513453,"GROSS_PROFIT_QOQ":1.411353616423,"ROA":1.116027030642,"HOLDER_PROFIT_QOQ":686.743838685586,"ROE_YEARLY":3.828788513453,"ROIC_YEARLY":1.147494332378,"TOTAL_ASSETS":1952677000,"TOTAL_LIABILITIES":1326873000,"TAX_EBT":35.222136817832,"OCF_SALES":-8.041771103778,"TOTAL_PARENT_EQUITY":625804000,"DEBT_ASSET_RATIO":67.9514840396,"OPERATE_PROFIT":47272000,"PRETAX_PROFIT":32525000,"NETCASH_OPERATE":-100326000,"NETCASH_INVEST":-970000,"NETCASH_FINANCE":111478000,"END_CASH":56856000,"DIVI_RATIO":null,"DIVIDEND_RATE":null,"CURRENT_RATIO":1.405172564985,"COMMON_ACS":3800000000,"CURRENTDEBT_DEBT":98.835306770128,"ISSUED_COMMON_SHARES":594000000,"HK_COMMON_SHARES":594000000,"PER_SHARES":2000,"TOTAL_MARKET_CAP":43956000,"HKSK_MARKET_CAP":43956000,"PE_TTM":-0.49547854939,"PB_TTM":-0.04673567368,"REPORT_DATE_SQ":"2019-12-31 00:00:00","REPORT_TYPE_SQ":"2019年年报","OPERATE_INCOME_SQ":1557914000,"DPS_HKD":null,"OPERATE_INCOME_QOQ_SQ":3.460266209061,"NET_PROFIT_RATIO_SQ":2.5567521699,"HOLDER_PROFIT_SQ":40066000,"HOLDER_PROFIT_QOQ_SQ":-27.677394898825,"ROE_AVG_SQ":8.747624292746,"PE_TTM_SQ":-3.90269784854,"PB_TTM_SQ":-0.506869982106,"ROA_SQ":2.458828763866,"START_DATE":"2020-01-01 00:00:00","FISCAL_YEAR":"12-31","CURRENCY":"HKD","IS_CNY_CODE":0,"DPS_HKD_LY":null,"ORG_TYPE":"一般企业","PREMIUM_INCOME":null,"PREMIUM_INCOME_YOY":null,"NET_INTEREST_INCOME":null,"NET_INTEREST_INCOME_YOY":null,"FEE_COMMISSION_INCOME":null,"FEE_COMMISSION_INCOME_YOY":null,"ACCOUNTS_RECE_TDAYS":1.259108917436,"INVENTORY_TDAYS":null,"CURRENT_ASSETS_TDAYS":0.714990804436,"TOTAL_ASSETS_TDAYS":0.660834305555,"PREMIUM_EXPENSE":null,"LOAN_DEPOSIT":null,"LOAN_EQUITY":null,"LOAN_ASSETS":null,"DEPOSIT_EQUITY":null,"DEPOSIT_ASSETS":null,"EQUITY_MULTIPLIER":3.120269285591,"EQUITY_RATIO":2.120269285591},{"SECUCODE":"01802.HK","SECURITY_CODE":"01802","SECURITY_NAME_ABBR":"文业集团","ORG_CODE":"10000024186","STD_REPORT_DATE":"2020-06-30 00:00:00","REPORT_DATE":"2020-06-30 00:00:00","DATE_TYPE_CODE":"002","REPORT_TYPE":"2020年中报","PER_NETCASH_OPERATE":-0.306084175084,"PER_OI":0.507968013468,"BPS":0.981164983165,"BASIC_EPS":-0.04,"DILUTED_EPS":-0.04,"OPERATE_INCOME":301733000,"OPERATE_INCOME_YOY":-54.8801021629,"GROSS_PROFIT":37168000,"GROSS_PROFIT_YOY":-52.075301399007,"HOLDER_PROFIT":-22408000,"HOLDER_PROFIT_YOY":-249.5861148198,"GROSS_PROFIT_RATIO":12.31817534045,"EPS_TTM":0.004508417508,"OPERATE_INCOME_QOQ":-23.557333716752,"NET_PROFIT_RATIO":-7.4264333036,"ROE_AVG":-4.237659150974,"GROSS_PROFIT_QOQ":-21.607378834003,"ROA":-1.268273025087,"HOLDER_PROFIT_QOQ":-93.316028552888,"ROE_YEARLY":-8.475318301948,"ROIC_YEARLY":-2.589834598702,"TOTAL_ASSETS":1710586000,"TOTAL_LIABILITIES":1127774000,"TAX_EBT":12.499511890351,"OCF_SALES":-60.256584463748,"TOTAL_PARENT_EQUITY":582812000,"DEBT_ASSET_RATIO":65.9291026584,"OPERATE_PROFIT":-18474000,"PRETAX_PROFIT":-25609000,"NETCASH_OPERATE":-181814000,"NETCASH_INVEST":-1726000,"NETCASH_FINANCE":162889000,"END_CASH":26024000,"DIVI_RATIO":null,"DIVIDEND_RATE":null,"CURRENT_RATIO":1.436451966776,"COMMON_ACS":3800000000,"CURRENTDEBT_DEBT":94.48941011231,"ISSUED_COMMON_SHARES":594000000,"HK_COMMON_SHARES":594000000,"PER_SHARES":2000,"TOTAL_MARKET_CAP":43956000,"HKSK_MARKET_CAP":43956000,"PE_TTM":-0.49547854939,"PB_TTM":-0.04673567368,"REPORT_DATE_SQ":"2019-06-30 00:00:00","REPORT_TYPE_SQ":"2019年中报","OPERATE_INCOME_SQ":668736000,"DPS_HKD":null,"OPERATE_INCOME_QOQ_SQ":4.512877675272,"NET_PROFIT_RATIO_SQ":2.2050555077,"HOLDER_PROFIT_SQ":14980000,"HOLDER_PROFIT_QOQ_SQ":-10.51254300806,"ROE_AVG_SQ":3.362702733038,"PE_TTM_SQ":-3.90269784854,"PB_TTM_SQ":-0.506869982106,"ROA_SQ":1.02027229283,"START_DATE":"2020-01-01 00:00:00","FISCAL_YEAR":"12-31","CURRENCY":"HKD","IS_CNY_CODE":0,"DPS_HKD_LY":null,"ORG_TYPE":"一般企业","PREMIUM_INCOME":null,"PREMIUM_INCOME_YOY":null,"NET_INTEREST_INCOME":null,"NET_INTEREST_INCOME_YOY":null,"FEE_COMMISSION_INCOME":null,"FEE_COMMISSION_INCOME_YOY":null,"ACCOUNTS_RECE_TDAYS":0.325010758004,"INVENTORY_TDAYS":null,"CURRENT_ASSETS_TDAYS":0.189907850953,"TOTAL_ASSETS_TDAYS":0.170778215226,"PREMIUM_EXPENSE":null,"LOAN_DEPOSIT":null,"LOAN_EQUITY":null,"LOAN_ASSETS":null,"DEPOSIT_EQUITY":null,"DEPOSIT_ASSETS":null,"EQUITY_MULTIPLIER":2.935056244553,"EQUITY_RATIO":1.935056244552}],"count":15},"success":true,"message":"ok","code":0}