{"version":"7bfa70e9e1995a7c735c178b87928e5a","result":{"pages":2,"data":[{"SECUCODE":"01809.HK","SECURITY_CODE":"01809","SECURITY_NAME_ABBR":"浦林成山","ORG_CODE":"10923398","STD_REPORT_DATE":"2024-06-30 00:00:00","REPORT_DATE":"2024-06-30 00:00:00","DATE_TYPE_CODE":"002","REPORT_TYPE":"2024年中报","PER_NETCASH_OPERATE":0.857234622658,"PER_OI":8.423505927289,"BPS":9.536912835912,"BASIC_EPS":1.27,"DILUTED_EPS":1.27,"OPERATE_INCOME":5363381000,"OPERATE_INCOME_YOY":23.6896755862,"GROSS_PROFIT":1320495000,"GROSS_PROFIT_YOY":60.433177293608,"HOLDER_PROFIT":811419000,"HOLDER_PROFIT_YOY":148.0387241925,"GROSS_PROFIT_RATIO":24.620570494619,"EPS_TTM":2.383599595424,"OPERATE_INCOME_QOQ":10.324894514344,"NET_PROFIT_RATIO":15.1290016503,"ROE_AVG":14.096006601377,"GROSS_PROFIT_QOQ":23.44403659693,"ROA":7.634323165921,"HOLDER_PROFIT_QOQ":46.863675027168,"ROE_YEARLY":28.192013202754,"ROIC_YEARLY":16.003954150356,"TOTAL_ASSETS":10654682000,"TOTAL_LIABILITIES":4575892000,"TAX_EBT":9.063543651238,"OCF_SALES":10.176696378646,"TOTAL_PARENT_EQUITY":6078895000,"DEBT_ASSET_RATIO":42.9472414099,"OPERATE_PROFIT":911263000,"PRETAX_PROFIT":892300000,"NETCASH_OPERATE":545815000,"NETCASH_INVEST":-146907000,"NETCASH_FINANCE":-519755000,"END_CASH":428964000,"DIVI_RATIO":0.171491890158,"DIVIDEND_RATE":5.798969072165,"CURRENT_RATIO":1.277581517785,"COMMON_ACS":1000000000,"CURRENTDEBT_DEBT":88.59793893737,"ISSUED_COMMON_SHARES":637407000,"HK_COMMON_SHARES":637407000,"PER_SHARES":500,"TOTAL_MARKET_CAP":4946278320,"HKSK_MARKET_CAP":4946278320,"PE_TTM":2.953768399863,"PB_TTM":0.742629918282,"REPORT_DATE_SQ":"2023-06-30 00:00:00","REPORT_TYPE_SQ":"2023年中报","OPERATE_INCOME_SQ":4336159000,"DPS_HKD":0.45,"OPERATE_INCOME_QOQ_SQ":3.00497353272,"NET_PROFIT_RATIO_SQ":7.5443727963,"HOLDER_PROFIT_SQ":327134000,"HOLDER_PROFIT_QOQ_SQ":42.80453955605,"ROE_AVG_SQ":7.088978672323,"PE_TTM_SQ":7.540647607528,"PB_TTM_SQ":0.888037293811,"ROA_SQ":3.269027489954,"START_DATE":"2024-01-01 00:00:00","FISCAL_YEAR":"12-31","CURRENCY":"HKD","IS_CNY_CODE":0,"DPS_HKD_LY":0.45,"ORG_TYPE":"一般企业","PREMIUM_INCOME":null,"PREMIUM_INCOME_YOY":null,"NET_INTEREST_INCOME":null,"NET_INTEREST_INCOME_YOY":null,"FEE_COMMISSION_INCOME":null,"FEE_COMMISSION_INCOME_YOY":null,"ACCOUNTS_RECE_TDAYS":2.630984844583,"INVENTORY_TDAYS":2.40117145786,"CURRENT_ASSETS_TDAYS":1.041450898438,"TOTAL_ASSETS_TDAYS":0.504619485321,"PREMIUM_EXPENSE":null,"LOAN_DEPOSIT":null,"LOAN_EQUITY":null,"LOAN_ASSETS":null,"DEPOSIT_EQUITY":null,"DEPOSIT_ASSETS":null,"EQUITY_MULTIPLIER":1.752763625655,"EQUITY_RATIO":0.752750623263},{"SECUCODE":"01809.HK","SECURITY_CODE":"01809","SECURITY_NAME_ABBR":"浦林成山","ORG_CODE":"10923398","STD_REPORT_DATE":"2023-12-31 00:00:00","REPORT_DATE":"2023-12-31 00:00:00","DATE_TYPE_CODE":"001","REPORT_TYPE":"2023年年报","PER_NETCASH_OPERATE":1.566219910754,"PER_OI":15.632240274024,"BPS":8.524937755626,"BASIC_EPS":1.62,"DILUTED_EPS":1.62,"OPERATE_INCOME":9948983000,"OPERATE_INCOME_YOY":22.0441803386,"GROSS_PROFIT":2121708000,"GROSS_PROFIT_YOY":81.375118611033,"HOLDER_PROFIT":1033391000,"HOLDER_PROFIT_YOY":162.4265140953,"GROSS_PROFIT_RATIO":21.325878232981,"EPS_TTM":1.623705298221,"OPERATE_INCOME_QOQ":18.483774280938,"NET_PROFIT_RATIO":10.3873933647,"ROE_AVG":20.906393307225,"GROSS_PROFIT_QOQ":45.722604054558,"ROA":10.038677026068,"HOLDER_PROFIT_QOQ":83.766226837856,"ROE_YEARLY":20.906393307225,"ROIC_YEARLY":10.844406647383,"TOTAL_ASSETS":10602448000,"TOTAL_LIABILITIES":5168705000,"TAX_EBT":8.589220243334,"OCF_SALES":10.019164772922,"TOTAL_PARENT_EQUITY":5433855000,"DEBT_ASSET_RATIO":48.7501094087,"OPERATE_PROFIT":1202556000,"PRETAX_PROFIT":1130545000,"NETCASH_OPERATE":996805000,"NETCASH_INVEST":-306311000,"NETCASH_FINANCE":-1132438000,"END_CASH":547920000,"DIVI_RATIO":0.251750117739,"DIVIDEND_RATE":6.484149855908,"CURRENT_RATIO":1.092363304796,"COMMON_ACS":1000000000,"CURRENTDEBT_DEBT":90.687725455409,"ISSUED_COMMON_SHARES":637407000,"HK_COMMON_SHARES":637407000,"PER_SHARES":500,"TOTAL_MARKET_CAP":4423604580,"HKSK_MARKET_CAP":4423604580,"PE_TTM":2.641643388537,"PB_TTM":0.664156138258,"REPORT_DATE_SQ":"2022-12-31 00:00:00","REPORT_TYPE_SQ":"2022年年报","OPERATE_INCOME_SQ":8151952000,"DPS_HKD":0.45,"OPERATE_INCOME_QOQ_SQ":3.503050386933,"NET_PROFIT_RATIO_SQ":4.8310147067,"HOLDER_PROFIT_SQ":393783000,"HOLDER_PROFIT_QOQ_SQ":107.770355831328,"ROE_AVG_SQ":9.406736115806,"PE_TTM_SQ":6.779282081457,"PB_TTM_SQ":0.798373777285,"ROA_SQ":4.126373711874,"START_DATE":"2023-01-01 00:00:00","FISCAL_YEAR":"12-31","CURRENCY":"HKD","IS_CNY_CODE":0,"DPS_HKD_LY":0.2,"ORG_TYPE":"一般企业","PREMIUM_INCOME":null,"PREMIUM_INCOME_YOY":null,"NET_INTEREST_INCOME":null,"NET_INTEREST_INCOME_YOY":null,"FEE_COMMISSION_INCOME":null,"FEE_COMMISSION_INCOME_YOY":null,"ACCOUNTS_RECE_TDAYS":6.271338440427,"INVENTORY_TDAYS":5.370650737109,"CURRENT_ASSETS_TDAYS":2.071101845134,"TOTAL_ASSETS_TDAYS":0.966474713587,"PREMIUM_EXPENSE":null,"LOAN_DEPOSIT":null,"LOAN_EQUITY":null,"LOAN_ASSETS":null,"DEPOSIT_EQUITY":null,"DEPOSIT_ASSETS":null,"EQUITY_MULTIPLIER":1.951223677675,"EQUITY_RATIO":0.951204071511},{"SECUCODE":"01809.HK","SECURITY_CODE":"01809","SECURITY_NAME_ABBR":"浦林成山","ORG_CODE":"10923398","STD_REPORT_DATE":"2023-06-30 00:00:00","REPORT_DATE":"2023-06-30 00:00:00","DATE_TYPE_CODE":"002","REPORT_TYPE":"2023年中报","PER_NETCASH_OPERATE":0.69447394884,"PER_OI":6.813146565269,"BPS":7.494958480218,"BASIC_EPS":0.51,"DILUTED_EPS":0.51,"OPERATE_INCOME":4336159000,"OPERATE_INCOME_YOY":5.9875904228,"GROSS_PROFIT":823081000,"GROSS_PROFIT_YOY":53.308188049471,"HOLDER_PROFIT":327134000,"HOLDER_PROFIT_YOY":106.2934725717,"GROSS_PROFIT_RATIO":18.981799329776,"EPS_TTM":0.883571114323,"OPERATE_INCOME_QOQ":3.00497353272,"NET_PROFIT_RATIO":7.5443727963,"ROE_AVG":7.088978672323,"GROSS_PROFIT_QOQ":24.466015267698,"ROA":3.269027489954,"HOLDER_PROFIT_QOQ":42.80453955605,"ROE_YEARLY":14.177957344646,"ROIC_YEARLY":7.191517792787,"TOTAL_ASSETS":10028405000,"TOTAL_LIABILITIES":5251225000,"TAX_EBT":13.470735113632,"OCF_SALES":10.193145592678,"TOTAL_PARENT_EQUITY":4777339000,"DEBT_ASSET_RATIO":52.3635114457,"OPERATE_PROFIT":412535000,"PRETAX_PROFIT":378064000,"NETCASH_OPERATE":441991000,"NETCASH_INVEST":-29104000,"NETCASH_FINANCE":-582017000,"END_CASH":836884000,"DIVI_RATIO":0.462631692428,"DIVIDEND_RATE":6.484149855908,"CURRENT_RATIO":0.948819087017,"COMMON_ACS":1000000000,"CURRENTDEBT_DEBT":88.67904155697,"ISSUED_COMMON_SHARES":637407000,"HK_COMMON_SHARES":637407000,"PER_SHARES":500,"TOTAL_MARKET_CAP":4423604580,"HKSK_MARKET_CAP":4423604580,"PE_TTM":2.641643388537,"PB_TTM":0.664156138258,"REPORT_DATE_SQ":"2022-06-30 00:00:00","REPORT_TYPE_SQ":"2022年中报","OPERATE_INCOME_SQ":4091195000,"DPS_HKD":0.45,"OPERATE_INCOME_QOQ_SQ":4.496242020039,"NET_PROFIT_RATIO_SQ":3.8765446282,"HOLDER_PROFIT_SQ":158577000,"HOLDER_PROFIT_QOQ_SQ":-31.405987607852,"ROE_AVG_SQ":3.951714310919,"PE_TTM_SQ":6.779282081457,"PB_TTM_SQ":0.798373777285,"ROA_SQ":1.633662280035,"START_DATE":"2023-01-01 00:00:00","FISCAL_YEAR":"12-31","CURRENCY":"HKD","IS_CNY_CODE":0,"DPS_HKD_LY":0.2,"ORG_TYPE":"一般企业","PREMIUM_INCOME":null,"PREMIUM_INCOME_YOY":null,"NET_INTEREST_INCOME":null,"NET_INTEREST_INCOME_YOY":null,"FEE_COMMISSION_INCOME":null,"FEE_COMMISSION_INCOME_YOY":null,"ACCOUNTS_RECE_TDAYS":3.029626508819,"INVENTORY_TDAYS":2.751351268801,"CURRENT_ASSETS_TDAYS":0.973815190982,"TOTAL_ASSETS_TDAYS":0.433309376947,"PREMIUM_EXPENSE":null,"LOAN_DEPOSIT":null,"LOAN_EQUITY":null,"LOAN_ASSETS":null,"DEPOSIT_EQUITY":null,"DEPOSIT_ASSETS":null,"EQUITY_MULTIPLIER":2.099231136359,"EQUITY_RATIO":1.099194551611},{"SECUCODE":"01809.HK","SECURITY_CODE":"01809","SECURITY_NAME_ABBR":"浦林成山","ORG_CODE":"10923398","STD_REPORT_DATE":"2022-12-31 00:00:00","REPORT_DATE":"2022-12-31 00:00:00","DATE_TYPE_CODE":"001","REPORT_TYPE":"2022年年报","PER_NETCASH_OPERATE":1.265509710263,"PER_OI":12.808673244925,"BPS":6.9845953998,"BASIC_EPS":0.62,"DILUTED_EPS":0.62,"OPERATE_INCOME":8151952000,"OPERATE_INCOME_YOY":8.1567980305,"GROSS_PROFIT":1169790000,"GROSS_PROFIT_YOY":12.572030163172,"HOLDER_PROFIT":393783000,"HOLDER_PROFIT_YOY":42.5180236262,"GROSS_PROFIT_RATIO":14.349814621087,"EPS_TTM":0.61872760983,"OPERATE_INCOME_QOQ":3.503050386933,"NET_PROFIT_RATIO":4.8310147067,"ROE_AVG":9.406736115806,"GROSS_PROFIT_QOQ":22.195271760931,"ROA":4.126373711874,"HOLDER_PROFIT_QOQ":107.770355831328,"ROE_YEARLY":9.406736115806,"ROIC_YEARLY":4.532580740512,"TOTAL_ASSETS":9985743000,"TOTAL_LIABILITIES":5533874000,"TAX_EBT":-11.017395888245,"OCF_SALES":9.880099882826,"TOTAL_PARENT_EQUITY":4452030000,"DEBT_ASSET_RATIO":55.4177490849,"OPERATE_PROFIT":426313000,"PRETAX_PROFIT":354739000,"NETCASH_OPERATE":805421000,"NETCASH_INVEST":-681674000,"NETCASH_FINANCE":89880000,"END_CASH":982037000,"DIVI_RATIO":0.660659058212,"DIVIDEND_RATE":6.484149855908,"CURRENT_RATIO":1.122750174401,"COMMON_ACS":1000000000,"CURRENTDEBT_DEBT":72.219425306756,"ISSUED_COMMON_SHARES":637407000,"HK_COMMON_SHARES":637407000,"PER_SHARES":500,"TOTAL_MARKET_CAP":4423604580,"HKSK_MARKET_CAP":4423604580,"PE_TTM":2.641643388537,"PB_TTM":0.664156138258,"REPORT_DATE_SQ":"2021-12-31 00:00:00","REPORT_TYPE_SQ":"2021年年报","OPERATE_INCOME_SQ":7537161000,"DPS_HKD":0.45,"OPERATE_INCOME_QOQ_SQ":4.80809556759,"NET_PROFIT_RATIO_SQ":3.6658630484,"HOLDER_PROFIT_SQ":276304000,"HOLDER_PROFIT_QOQ_SQ":-52.766689972426,"ROE_AVG_SQ":7.176803701026,"PE_TTM_SQ":6.779282081457,"PB_TTM_SQ":0.798373777285,"ROA_SQ":3.330912639973,"START_DATE":"2022-01-01 00:00:00","FISCAL_YEAR":"12-31","CURRENCY":"HKD","IS_CNY_CODE":0,"DPS_HKD_LY":0.2,"ORG_TYPE":"一般企业","PREMIUM_INCOME":null,"PREMIUM_INCOME_YOY":null,"NET_INTEREST_INCOME":null,"NET_INTEREST_INCOME_YOY":null,"FEE_COMMISSION_INCOME":null,"FEE_COMMISSION_INCOME_YOY":null,"ACCOUNTS_RECE_TDAYS":6.047015974393,"INVENTORY_TDAYS":5.055443870634,"CURRENT_ASSETS_TDAYS":1.883588812359,"TOTAL_ASSETS_TDAYS":0.854226831358,"PREMIUM_EXPENSE":null,"LOAN_DEPOSIT":null,"LOAN_EQUITY":null,"LOAN_ASSETS":null,"DEPOSIT_EQUITY":null,"DEPOSIT_ASSETS":null,"EQUITY_MULTIPLIER":2.243045112066,"EQUITY_RATIO":1.243000159478},{"SECUCODE":"01809.HK","SECURITY_CODE":"01809","SECURITY_NAME_ABBR":"浦林成山","ORG_CODE":"10923398","STD_REPORT_DATE":"2022-06-30 00:00:00","REPORT_DATE":"2022-06-30 00:00:00","DATE_TYPE_CODE":"002","REPORT_TYPE":"2022年中报","PER_NETCASH_OPERATE":-0.205995851926,"PER_OI":6.428249324367,"BPS":6.440782733795,"BASIC_EPS":0.25,"DILUTED_EPS":0.25,"OPERATE_INCOME":4091195000,"OPERATE_INCOME_YOY":9.0314862381,"GROSS_PROFIT":536880000,"GROSS_PROFIT_YOY":-13.226747005088,"HOLDER_PROFIT":158577000,"HOLDER_PROFIT_YOY":-35.3678169821,"GROSS_PROFIT_RATIO":13.12281619429,"EPS_TTM":0.297793979008,"OPERATE_INCOME_QOQ":4.496242020039,"NET_PROFIT_RATIO":3.8765446282,"ROE_AVG":3.951714310919,"GROSS_PROFIT_QOQ":-7.875297840154,"ROA":1.633662280035,"HOLDER_PROFIT_QOQ":-31.405987607852,"ROE_YEARLY":7.903428621838,"ROIC_YEARLY":3.546212809332,"TOTAL_ASSETS":10313272000,"TOTAL_LIABILITIES":6208052000,"TAX_EBT":-19.215388547289,"OCF_SALES":-3.204540482671,"TOTAL_PARENT_EQUITY":4105400000,"DEBT_ASSET_RATIO":60.1947859031,"OPERATE_PROFIT":157737000,"PRETAX_PROFIT":133034000,"NETCASH_OPERATE":-131104000,"NETCASH_INVEST":-294530000,"NETCASH_FINANCE":466217000,"END_CASH":798336000,"DIVI_RATIO":1.37265367608,"DIVIDEND_RATE":6.484149855908,"CURRENT_RATIO":1.101371464696,"COMMON_ACS":1000000000,"CURRENTDEBT_DEBT":70.784732473246,"ISSUED_COMMON_SHARES":637407000,"HK_COMMON_SHARES":637407000,"PER_SHARES":500,"TOTAL_MARKET_CAP":4423604580,"HKSK_MARKET_CAP":4423604580,"PE_TTM":2.641643388537,"PB_TTM":0.664156138258,"REPORT_DATE_SQ":"2021-06-30 00:00:00","REPORT_TYPE_SQ":"2021年中报","OPERATE_INCOME_SQ":3752306000,"DPS_HKD":0.45,"OPERATE_INCOME_QOQ_SQ":14.455565936086,"NET_PROFIT_RATIO_SQ":6.5386191851,"HOLDER_PROFIT_SQ":245353000,"HOLDER_PROFIT_QOQ_SQ":-3.280810819748,"ROE_AVG_SQ":6.382512415961,"PE_TTM_SQ":6.779282081457,"PB_TTM_SQ":0.798373777285,"ROA_SQ":2.992312467021,"START_DATE":"2022-01-01 00:00:00","FISCAL_YEAR":"12-31","CURRENCY":"HKD","IS_CNY_CODE":0,"DPS_HKD_LY":0.2,"ORG_TYPE":"一般企业","PREMIUM_INCOME":null,"PREMIUM_INCOME_YOY":null,"NET_INTEREST_INCOME":null,"NET_INTEREST_INCOME_YOY":null,"FEE_COMMISSION_INCOME":null,"FEE_COMMISSION_INCOME_YOY":null,"ACCOUNTS_RECE_TDAYS":2.567503581061,"INVENTORY_TDAYS":2.349676039197,"CURRENT_ASSETS_TDAYS":0.908299230258,"TOTAL_ASSETS_TDAYS":0.421475431605,"PREMIUM_EXPENSE":null,"LOAN_DEPOSIT":null,"LOAN_EQUITY":null,"LOAN_ASSETS":null,"DEPOSIT_EQUITY":null,"DEPOSIT_ASSETS":null,"EQUITY_MULTIPLIER":2.512233692716,"EQUITY_RATIO":1.512167389292},{"SECUCODE":"01809.HK","SECURITY_CODE":"01809","SECURITY_NAME_ABBR":"浦林成山","ORG_CODE":"10923398","STD_REPORT_DATE":"2021-12-31 00:00:00","REPORT_DATE":"2021-12-31 00:00:00","DATE_TYPE_CODE":"001","REPORT_TYPE":"2021年年报","PER_NETCASH_OPERATE":0.600410093646,"PER_OI":11.842689020175,"BPS":6.15043763247,"BASIC_EPS":0.43,"DILUTED_EPS":0.43,"OPERATE_INCOME":7537161000,"OPERATE_INCOME_YOY":19.9586989287,"GROSS_PROFIT":1039148000,"GROSS_PROFIT_YOY":-25.847335772387,"HOLDER_PROFIT":276304000,"HOLDER_PROFIT_YOY":-54.3163255183,"GROSS_PROFIT_RATIO":13.786994864512,"EPS_TTM":0.434139903212,"OPERATE_INCOME_QOQ":4.80809556759,"NET_PROFIT_RATIO":3.6658630484,"ROE_AVG":7.176803701026,"GROSS_PROFIT_QOQ":-26.499230438424,"ROA":3.330912639973,"HOLDER_PROFIT_QOQ":-52.766689972426,"ROE_YEARLY":7.176803701026,"ROIC_YEARLY":3.612314454023,"TOTAL_ASSETS":9100410000,"TOTAL_LIABILITIES":5180278000,"TAX_EBT":-3.911215410189,"OCF_SALES":5.069879759766,"TOTAL_PARENT_EQUITY":3920332000,"DEBT_ASSET_RATIO":56.9235671799,"OPERATE_PROFIT":271038000,"PRETAX_PROFIT":265902000,"NETCASH_OPERATE":382125000,"NETCASH_INVEST":-1341972000,"NETCASH_FINANCE":1139031000,"END_CASH":728813000,"DIVI_RATIO":0.941558232671,"DIVIDEND_RATE":6.484149855908,"CURRENT_RATIO":1.201554221795,"COMMON_ACS":1000000000,"CURRENTDEBT_DEBT":66.973027316295,"ISSUED_COMMON_SHARES":637407000,"HK_COMMON_SHARES":637407000,"PER_SHARES":500,"TOTAL_MARKET_CAP":4423604580,"HKSK_MARKET_CAP":4423604580,"PE_TTM":2.641643388537,"PB_TTM":0.664156138258,"REPORT_DATE_SQ":"2020-12-31 00:00:00","REPORT_TYPE_SQ":"2020年年报","OPERATE_INCOME_SQ":6283130000,"DPS_HKD":0.45,"OPERATE_INCOME_QOQ_SQ":13.023213980555,"NET_PROFIT_RATIO_SQ":9.6249480752,"HOLDER_PROFIT_SQ":604820000,"HOLDER_PROFIT_QOQ_SQ":24.976495360029,"ROE_AVG_SQ":16.815701364354,"PE_TTM_SQ":6.779282081457,"PB_TTM_SQ":0.798373777285,"ROA_SQ":9.082659226981,"START_DATE":"2021-01-01 00:00:00","FISCAL_YEAR":"12-31","CURRENCY":"HKD","IS_CNY_CODE":0,"DPS_HKD_LY":0.2,"ORG_TYPE":"一般企业","PREMIUM_INCOME":null,"PREMIUM_INCOME_YOY":null,"NET_INTEREST_INCOME":null,"NET_INTEREST_INCOME_YOY":null,"FEE_COMMISSION_INCOME":null,"FEE_COMMISSION_INCOME_YOY":null,"ACCOUNTS_RECE_TDAYS":5.552739585244,"INVENTORY_TDAYS":5.286416548127,"CURRENT_ASSETS_TDAYS":1.979647650207,"TOTAL_ASSETS_TDAYS":0.908623286106,"PREMIUM_EXPENSE":null,"LOAN_DEPOSIT":null,"LOAN_EQUITY":null,"LOAN_ASSETS":null,"DEPOSIT_EQUITY":null,"DEPOSIT_ASSETS":null,"EQUITY_MULTIPLIER":2.32145499182,"EQUITY_RATIO":1.321387576358},{"SECUCODE":"01809.HK","SECURITY_CODE":"01809","SECURITY_NAME_ABBR":"浦林成山","ORG_CODE":"10923398","STD_REPORT_DATE":"2021-06-30 00:00:00","REPORT_DATE":"2021-06-30 00:00:00","DATE_TYPE_CODE":"002","REPORT_TYPE":"2021年中报","PER_NETCASH_OPERATE":-0.214624435129,"PER_OI":5.895884530536,"BPS":6.132193402332,"BASIC_EPS":0.39,"DILUTED_EPS":0.39,"OPERATE_INCOME":3752306000,"OPERATE_INCOME_YOY":31.9355818686,"GROSS_PROFIT":618716000,"GROSS_PROFIT_YOY":2.050019215322,"HOLDER_PROFIT":245353000,"HOLDER_PROFIT_YOY":-7.482390383,"GROSS_PROFIT_RATIO":16.488953726055,"EPS_TTM":0.919156605303,"OPERATE_INCOME_QOQ":14.455565936086,"NET_PROFIT_RATIO":6.5386191851,"ROE_AVG":6.382512415961,"GROSS_PROFIT_QOQ":0.886922232141,"ROA":2.992312467021,"HOLDER_PROFIT_QOQ":-3.280810819748,"ROE_YEARLY":12.765024831923,"ROIC_YEARLY":6.405162077205,"TOTAL_ASSETS":8909011000,"TOTAL_LIABILITIES":4999695000,"TAX_EBT":6.550802139037,"OCF_SALES":-3.640241494164,"TOTAL_PARENT_EQUITY":3908703000,"DEBT_ASSET_RATIO":56.119528868,"OPERATE_PROFIT":257609000,"PRETAX_PROFIT":262548000,"NETCASH_OPERATE":-136593000,"NETCASH_INVEST":-683618000,"NETCASH_FINANCE":772775000,"END_CASH":512290000,"DIVI_RATIO":0.444720733813,"DIVIDEND_RATE":6.484149855908,"CURRENT_RATIO":1.105330914762,"COMMON_ACS":1000000000,"CURRENTDEBT_DEBT":75.895169605346,"ISSUED_COMMON_SHARES":637407000,"HK_COMMON_SHARES":637407000,"PER_SHARES":500,"TOTAL_MARKET_CAP":4423604580,"HKSK_MARKET_CAP":4423604580,"PE_TTM":2.641643388537,"PB_TTM":0.664156138258,"REPORT_DATE_SQ":"2020-06-30 00:00:00","REPORT_TYPE_SQ":"2020年中报","OPERATE_INCOME_SQ":2844044000,"DPS_HKD":0.45,"OPERATE_INCOME_QOQ_SQ":-0.533871248247,"NET_PROFIT_RATIO_SQ":9.3270005668,"HOLDER_PROFIT_SQ":265196000,"HOLDER_PROFIT_QOQ_SQ":0.881769876823,"ROE_AVG_SQ":7.577408524342,"PE_TTM_SQ":6.779282081457,"PB_TTM_SQ":0.798373777285,"ROA_SQ":4.327406176927,"START_DATE":"2021-01-01 00:00:00","FISCAL_YEAR":"12-31","CURRENCY":"HKD","IS_CNY_CODE":0,"DPS_HKD_LY":0.2,"ORG_TYPE":"一般企业","PREMIUM_INCOME":null,"PREMIUM_INCOME_YOY":null,"NET_INTEREST_INCOME":null,"NET_INTEREST_INCOME_YOY":null,"FEE_COMMISSION_INCOME":null,"FEE_COMMISSION_INCOME_YOY":null,"ACCOUNTS_RECE_TDAYS":2.571763625398,"INVENTORY_TDAYS":2.585196206508,"CURRENT_ASSETS_TDAYS":0.982253601281,"TOTAL_ASSETS_TDAYS":0.457629294277,"PREMIUM_EXPENSE":null,"LOAN_DEPOSIT":null,"LOAN_EQUITY":null,"LOAN_ASSETS":null,"DEPOSIT_EQUITY":null,"DEPOSIT_ASSETS":null,"EQUITY_MULTIPLIER":2.278918102296,"EQUITY_RATIO":1.279118674404},{"SECUCODE":"01809.HK","SECURITY_CODE":"01809","SECURITY_NAME_ABBR":"浦林成山","ORG_CODE":"10923398","STD_REPORT_DATE":"2020-12-31 00:00:00","REPORT_DATE":"2020-12-31 00:00:00","DATE_TYPE_CODE":"001","REPORT_TYPE":"2020年年报","PER_NETCASH_OPERATE":1.021742942449,"PER_OI":9.881287041282,"BPS":5.929627380936,"BASIC_EPS":0.95,"DILUTED_EPS":0.95,"OPERATE_INCOME":6283130000,"OPERATE_INCOME_YOY":12.4198155373,"GROSS_PROFIT":1401363000,"GROSS_PROFIT_YOY":30.326130828049,"HOLDER_PROFIT":604820000,"HOLDER_PROFIT_YOY":26.0785004492,"GROSS_PROFIT_RATIO":22.303581176898,"EPS_TTM":0.951181979095,"OPERATE_INCOME_QOQ":13.023213980555,"NET_PROFIT_RATIO":9.6249480752,"ROE_AVG":16.815701364354,"GROSS_PROFIT_QOQ":24.020900206294,"ROA":9.082659226981,"HOLDER_PROFIT_QOQ":24.976495360029,"ROE_YEARLY":16.815701364354,"ROIC_YEARLY":10.217020033008,"TOTAL_ASSETS":7489878000,"TOTAL_LIABILITIES":3709675000,"TAX_EBT":13.386688360049,"OCF_SALES":10.340180769776,"TOTAL_PARENT_EQUITY":3779586000,"DEBT_ASSET_RATIO":49.5291779118,"OPERATE_PROFIT":689162000,"PRETAX_PROFIT":698216000,"NETCASH_OPERATE":649687000,"NETCASH_INVEST":-1174041000,"NETCASH_FINANCE":209102000,"END_CASH":563165000,"DIVI_RATIO":0.429747418458,"DIVIDEND_RATE":6.484149855908,"CURRENT_RATIO":1.147166663227,"COMMON_ACS":1000000000,"CURRENTDEBT_DEBT":80.975125853343,"ISSUED_COMMON_SHARES":637407000,"HK_COMMON_SHARES":637407000,"PER_SHARES":500,"TOTAL_MARKET_CAP":4423604580,"HKSK_MARKET_CAP":4423604580,"PE_TTM":2.641643388537,"PB_TTM":0.664156138258,"REPORT_DATE_SQ":"2019-12-31 00:00:00","REPORT_TYPE_SQ":"2019年年报","OPERATE_INCOME_SQ":5588988000,"DPS_HKD":0.45,"OPERATE_INCOME_QOQ_SQ":2.75675132059,"NET_PROFIT_RATIO_SQ":8.5832533546,"HOLDER_PROFIT_SQ":479717000,"HOLDER_PROFIT_QOQ_SQ":-2.784437144473,"ROE_AVG_SQ":14.85189191599,"PE_TTM_SQ":6.779282081457,"PB_TTM_SQ":0.798373777285,"ROA_SQ":8.65550506339,"START_DATE":"2020-01-01 00:00:00","FISCAL_YEAR":"12-31","CURRENCY":"HKD","IS_CNY_CODE":0,"DPS_HKD_LY":0.2,"ORG_TYPE":"一般企业","PREMIUM_INCOME":null,"PREMIUM_INCOME_YOY":null,"NET_INTEREST_INCOME":null,"NET_INTEREST_INCOME_YOY":null,"FEE_COMMISSION_INCOME":null,"FEE_COMMISSION_INCOME_YOY":null,"ACCOUNTS_RECE_TDAYS":5.48398457394,"INVENTORY_TDAYS":5.64787922541,"CURRENT_ASSETS_TDAYS":1.903908977883,"TOTAL_ASSETS_TDAYS":0.943545661004,"PREMIUM_EXPENSE":null,"LOAN_DEPOSIT":null,"LOAN_EQUITY":null,"LOAN_ASSETS":null,"DEPOSIT_EQUITY":null,"DEPOSIT_ASSETS":null,"EQUITY_MULTIPLIER":1.981342800901,"EQUITY_RATIO":0.981503000593},{"SECUCODE":"01809.HK","SECURITY_CODE":"01809","SECURITY_NAME_ABBR":"浦林成山","ORG_CODE":"10923398","STD_REPORT_DATE":"2020-06-30 00:00:00","REPORT_DATE":"2020-06-30 00:00:00","DATE_TYPE_CODE":"002","REPORT_TYPE":"2020年中报","PER_NETCASH_OPERATE":0.004595275591,"PER_OI":4.478809448819,"BPS":5.625479481713,"BASIC_EPS":0.42,"DILUTED_EPS":0.42,"OPERATE_INCOME":2844044000,"OPERATE_INCOME_YOY":-1.038247221,"GROSS_PROFIT":606287000,"GROSS_PROFIT_YOY":9.910264312389,"HOLDER_PROFIT":265196000,"HOLDER_PROFIT_YOY":1.620900807,"GROSS_PROFIT_RATIO":21.317778487253,"EPS_TTM":0.762121259843,"OPERATE_INCOME_QOQ":-0.533871248247,"NET_PROFIT_RATIO":9.3270005668,"ROE_AVG":7.577408524342,"GROSS_PROFIT_QOQ":5.084006495089,"ROA":4.327406176927,"HOLDER_PROFIT_QOQ":0.881769876823,"ROE_YEARLY":15.154817048683,"ROIC_YEARLY":9.882075658454,"TOTAL_ASSETS":6428332000,"TOTAL_LIABILITIES":2841855000,"TAX_EBT":15.005639290475,"OCF_SALES":0.10260038171,"TOTAL_PARENT_EQUITY":3585720000,"DEBT_ASSET_RATIO":44.2082798462,"OPERATE_PROFIT":310235000,"PRETAX_PROFIT":312096000,"NETCASH_OPERATE":2918000,"NETCASH_INVEST":-538983000,"NETCASH_FINANCE":219893000,"END_CASH":606514000,"DIVI_RATIO":0.536355592658,"DIVIDEND_RATE":6.484149855908,"CURRENT_RATIO":1.314051421458,"COMMON_ACS":1000000000,"CURRENTDEBT_DEBT":85.277503602401,"ISSUED_COMMON_SHARES":637407000,"HK_COMMON_SHARES":637407000,"PER_SHARES":500,"TOTAL_MARKET_CAP":4423604580,"HKSK_MARKET_CAP":4423604580,"PE_TTM":2.641643388537,"PB_TTM":0.664156138258,"REPORT_DATE_SQ":"2019-06-30 00:00:00","REPORT_TYPE_SQ":"2019年中报","OPERATE_INCOME_SQ":2873882000,"DPS_HKD":0.45,"OPERATE_INCOME_QOQ_SQ":4.474761946929,"NET_PROFIT_RATIO_SQ":9.0830799594,"HOLDER_PROFIT_SQ":260966000,"HOLDER_PROFIT_QOQ_SQ":3.104262432094,"ROE_AVG_SQ":8.388938723677,"PE_TTM_SQ":6.779282081457,"PB_TTM_SQ":0.798373777285,"ROA_SQ":4.876933881465,"START_DATE":"2020-01-01 00:00:00","FISCAL_YEAR":"12-31","CURRENCY":"HKD","IS_CNY_CODE":0,"DPS_HKD_LY":0.2,"ORG_TYPE":"一般企业","PREMIUM_INCOME":null,"PREMIUM_INCOME_YOY":null,"NET_INTEREST_INCOME":null,"NET_INTEREST_INCOME_YOY":null,"FEE_COMMISSION_INCOME":null,"FEE_COMMISSION_INCOME_YOY":null,"ACCOUNTS_RECE_TDAYS":2.420359984682,"INVENTORY_TDAYS":3.032657461547,"CURRENT_ASSETS_TDAYS":0.897343616867,"TOTAL_ASSETS_TDAYS":0.464084434647,"PREMIUM_EXPENSE":null,"LOAN_DEPOSIT":null,"LOAN_EQUITY":null,"LOAN_ASSETS":null,"DEPOSIT_EQUITY":null,"DEPOSIT_ASSETS":null,"EQUITY_MULTIPLIER":1.792380656562,"EQUITY_RATIO":0.792547940163}],"count":18},"success":true,"message":"ok","code":0}