{"version":"7b1c6b17aa3e6d1ab413b7c2e9d6a5bc","result":{"pages":5,"data":[{"SECUCODE":"01808.HK","SECURITY_CODE":"01808","SECURITY_NAME_ABBR":"企展控股","ORG_CODE":"10083032","STD_REPORT_DATE":"2024-06-30 00:00:00","REPORT_DATE":"2024-06-30 00:00:00","DATE_TYPE_CODE":"002","REPORT_TYPE":"2024年中报","PER_NETCASH_OPERATE":-0.1453316337,"PER_OI":0.521013294292,"BPS":1.25521368048,"BASIC_EPS":0.092,"DILUTED_EPS":0.092,"OPERATE_INCOME":127590000,"OPERATE_INCOME_YOY":333.4782904124,"GROSS_PROFIT":33272000,"GROSS_PROFIT_YOY":214.837244511734,"HOLDER_PROFIT":19109000,"HOLDER_PROFIT_YOY":274.8332679482,"GROSS_PROFIT_RATIO":26.077278783604,"EPS_TTM":0.079877271335,"OPERATE_INCOME_QOQ":161.850740362101,"NET_PROFIT_RATIO":14.96747394,"ROE_AVG":7.345730623228,"GROSS_PROFIT_QOQ":87.172201958149,"ROA":5.025087305928,"HOLDER_PROFIT_QOQ":252.45045045045,"ROE_YEARLY":14.691461246456,"ROIC_YEARLY":28.148142692479,"TOTAL_ASSETS":457780000,"TOTAL_LIABILITIES":99134000,"TAX_EBT":15.533637047194,"OCF_SALES":-27.894035582726,"TOTAL_PARENT_EQUITY":307387000,"DEBT_ASSET_RATIO":21.6553803137,"OPERATE_PROFIT":26414000,"PRETAX_PROFIT":22609000,"NETCASH_OPERATE":-35590000,"NETCASH_INVEST":-5005000,"NETCASH_FINANCE":75062000,"END_CASH":208678000,"DIVI_RATIO":null,"DIVIDEND_RATE":null,"CURRENT_RATIO":4.452333844787,"COMMON_ACS":10000000000,"CURRENTDEBT_DEBT":99.929388504449,"ISSUED_COMMON_SHARES":244888185,"HK_COMMON_SHARES":244888185,"PER_SHARES":2000,"TOTAL_MARKET_CAP":822824301.6,"HKSK_MARKET_CAP":822824301.6,"PE_TTM":38.213708114581,"PB_TTM":2.443093831503,"REPORT_DATE_SQ":"2023-06-30 00:00:00","REPORT_TYPE_SQ":"2023年中报","OPERATE_INCOME_SQ":29434000,"DPS_HKD":null,"OPERATE_INCOME_QOQ_SQ":9.563965017011,"NET_PROFIT_RATIO_SQ":15.9067744785,"HOLDER_PROFIT_SQ":5098000,"HOLDER_PROFIT_QOQ_SQ":80.788575534399,"ROE_AVG_SQ":3.104996132459,"PE_TTM_SQ":-59.464766329248,"PB_TTM_SQ":1.103579966521,"ROA_SQ":1.982596859657,"START_DATE":"2024-01-01 00:00:00","FISCAL_YEAR":"12-31","CURRENCY":"HKD","IS_CNY_CODE":0,"DPS_HKD_LY":null,"ORG_TYPE":"一般企业","PREMIUM_INCOME":null,"PREMIUM_INCOME_YOY":null,"NET_INTEREST_INCOME":null,"NET_INTEREST_INCOME_YOY":null,"FEE_COMMISSION_INCOME":null,"FEE_COMMISSION_INCOME_YOY":null,"ACCOUNTS_RECE_TDAYS":1.058021609878,"INVENTORY_TDAYS":null,"CURRENT_ASSETS_TDAYS":0.348917818765,"TOTAL_ASSETS_TDAYS":0.335522994067,"PREMIUM_EXPENSE":null,"LOAN_DEPOSIT":null,"LOAN_EQUITY":null,"LOAN_ASSETS":null,"DEPOSIT_EQUITY":null,"DEPOSIT_ASSETS":null,"EQUITY_MULTIPLIER":1.276411837857,"EQUITY_RATIO":0.322505506088},{"SECUCODE":"01808.HK","SECURITY_CODE":"01808","SECURITY_NAME_ABBR":"企展控股","ORG_CODE":"10083032","STD_REPORT_DATE":"2023-12-31 00:00:00","REPORT_DATE":"2023-12-31 00:00:00","DATE_TYPE_CODE":"001","REPORT_TYPE":"2023年年报","PER_NETCASH_OPERATE":-0.061432337807,"PER_OI":0.297170420248,"BPS":0.869327362608,"BASIC_EPS":0.033,"DILUTED_EPS":0.033,"OPERATE_INCOME":60646000,"OPERATE_INCOME_YOY":26.5858189484,"GROSS_PROFIT":26045000,"GROSS_PROFIT_YOY":25.120099923136,"HOLDER_PROFIT":5550000,"HOLDER_PROFIT_YOY":124.923657266,"GROSS_PROFIT_RATIO":42.94594861986,"EPS_TTM":0.027195459426,"OPERATE_INCOME_QOQ":15.535996647044,"NET_PROFIT_RATIO":6.2675197045,"ROE_AVG":3.400349837794,"GROSS_PROFIT_QOQ":27.97268081761,"ROA":2.194794974513,"HOLDER_PROFIT_QOQ":229.733520336606,"ROE_YEARLY":3.400349837794,"ROIC_YEARLY":9.0921749957,"TOTAL_ASSETS":302764000,"TOTAL_LIABILITIES":38623000,"TAX_EBT":-11.662749706228,"OCF_SALES":-20.672426870692,"TOTAL_PARENT_EQUITY":212888000,"DEBT_ASSET_RATIO":12.7568006764,"OPERATE_PROFIT":4322000,"PRETAX_PROFIT":3404000,"NETCASH_OPERATE":-12537000,"NETCASH_INVEST":-6064000,"NETCASH_FINANCE":92882000,"END_CASH":177805000,"DIVI_RATIO":null,"DIVIDEND_RATE":null,"CURRENT_RATIO":7.689970329554,"COMMON_ACS":10000000000,"CURRENTDEBT_DEBT":97.734510524817,"ISSUED_COMMON_SHARES":244888185,"HK_COMMON_SHARES":244888185,"PER_SHARES":2000,"TOTAL_MARKET_CAP":1087303541.4,"HKSK_MARKET_CAP":1087303541.4,"PE_TTM":50.496685722839,"PB_TTM":3.228373991629,"REPORT_DATE_SQ":"2022-12-31 00:00:00","REPORT_TYPE_SQ":"2022年年报","OPERATE_INCOME_SQ":47909000,"DPS_HKD":null,"OPERATE_INCOME_QOQ_SQ":6.611331167386,"NET_PROFIT_RATIO_SQ":-52.2114842723,"HOLDER_PROFIT_SQ":-22268000,"HOLDER_PROFIT_QOQ_SQ":9.984639016897,"ROE_AVG_SQ":-18.70238945114,"PE_TTM_SQ":-65.128077408224,"PB_TTM_SQ":1.208682820476,"ROA_SQ":-10.743111874448,"START_DATE":"2023-01-01 00:00:00","FISCAL_YEAR":"12-31","CURRENCY":"HKD","IS_CNY_CODE":0,"DPS_HKD_LY":null,"ORG_TYPE":"一般企业","PREMIUM_INCOME":null,"PREMIUM_INCOME_YOY":null,"NET_INTEREST_INCOME":null,"NET_INTEREST_INCOME_YOY":null,"FEE_COMMISSION_INCOME":null,"FEE_COMMISSION_INCOME_YOY":null,"ACCOUNTS_RECE_TDAYS":0.878488292086,"INVENTORY_TDAYS":null,"CURRENT_ASSETS_TDAYS":0.249010973219,"TOTAL_ASSETS_TDAYS":0.239829794638,"PREMIUM_EXPENSE":null,"LOAN_DEPOSIT":null,"LOAN_EQUITY":null,"LOAN_ASSETS":null,"DEPOSIT_EQUITY":null,"DEPOSIT_ASSETS":null,"EQUITY_MULTIPLIER":1.146221147038,"EQUITY_RATIO":0.181424035173},{"SECUCODE":"01808.HK","SECURITY_CODE":"01808","SECURITY_NAME_ABBR":"企展控股","ORG_CODE":"10083032","STD_REPORT_DATE":"2023-06-30 00:00:00","REPORT_DATE":"2023-06-30 00:00:00","DATE_TYPE_CODE":"002","REPORT_TYPE":"2023年中报","PER_NETCASH_OPERATE":-0.217142268293,"PER_OI":0.144229036533,"BPS":0.877237094962,"BASIC_EPS":0.038,"DILUTED_EPS":0.038,"OPERATE_INCOME":29434000,"OPERATE_INCOME_YOY":18.4371479157,"GROSS_PROFIT":10568000,"GROSS_PROFIT_YOY":-4.205946337926,"HOLDER_PROFIT":5098000,"HOLDER_PROFIT_YOY":139.5439031958,"GROSS_PROFIT_RATIO":35.904056533261,"EPS_TTM":-0.020962554131,"OPERATE_INCOME_QOQ":9.563965017011,"NET_PROFIT_RATIO":15.9067744785,"ROE_AVG":3.104996132459,"GROSS_PROFIT_QOQ":-2.229054573405,"ROA":1.982596859657,"HOLDER_PROFIT_QOQ":80.788575534399,"ROE_YEARLY":6.209992264917,"ROIC_YEARLY":13.222668914538,"TOTAL_ASSETS":311297000,"TOTAL_LIABILITIES":43871000,"TAX_EBT":-0.666523328316,"OCF_SALES":-150.553781341306,"TOTAL_PARENT_EQUITY":214825000,"DEBT_ASSET_RATIO":14.0929723062,"OPERATE_PROFIT":5199000,"PRETAX_PROFIT":4651000,"NETCASH_OPERATE":-44314000,"NETCASH_INVEST":-3246000,"NETCASH_FINANCE":94921000,"END_CASH":152853000,"DIVI_RATIO":null,"DIVIDEND_RATE":null,"CURRENT_RATIO":7.034811968797,"COMMON_ACS":10000000000,"CURRENTDEBT_DEBT":97.889266257893,"ISSUED_COMMON_SHARES":244888185,"HK_COMMON_SHARES":244888185,"PER_SHARES":2000,"TOTAL_MARKET_CAP":1087303541.4,"HKSK_MARKET_CAP":1087303541.4,"PE_TTM":50.496685722839,"PB_TTM":3.228373991629,"REPORT_DATE_SQ":"2022-06-30 00:00:00","REPORT_TYPE_SQ":"2022年中报","OPERATE_INCOME_SQ":24852000,"DPS_HKD":null,"OPERATE_INCOME_QOQ_SQ":10.074709124311,"NET_PROFIT_RATIO_SQ":-53.4685337196,"HOLDER_PROFIT_SQ":-12892000,"HOLDER_PROFIT_QOQ_SQ":-3.853904282116,"ROE_AVG_SQ":-10.887823828727,"PE_TTM_SQ":-65.128077408224,"PB_TTM_SQ":1.208682820476,"ROA_SQ":-6.221617369567,"START_DATE":"2023-01-01 00:00:00","FISCAL_YEAR":"12-31","CURRENCY":"HKD","IS_CNY_CODE":0,"DPS_HKD_LY":null,"ORG_TYPE":"一般企业","PREMIUM_INCOME":null,"PREMIUM_INCOME_YOY":null,"NET_INTEREST_INCOME":null,"NET_INTEREST_INCOME_YOY":null,"FEE_COMMISSION_INCOME":null,"FEE_COMMISSION_INCOME_YOY":null,"ACCOUNTS_RECE_TDAYS":0.320820526235,"INVENTORY_TDAYS":null,"CURRENT_ASSETS_TDAYS":0.117989914296,"TOTAL_ASSETS_TDAYS":0.114467940304,"PREMIUM_EXPENSE":null,"LOAN_DEPOSIT":null,"LOAN_EQUITY":null,"LOAN_ASSETS":null,"DEPOSIT_EQUITY":null,"DEPOSIT_ASSETS":null,"EQUITY_MULTIPLIER":1.164049120131,"EQUITY_RATIO":0.204217386245},{"SECUCODE":"01808.HK","SECURITY_CODE":"01808","SECURITY_NAME_ABBR":"企展控股","ORG_CODE":"10083032","STD_REPORT_DATE":"2022-12-31 00:00:00","REPORT_DATE":"2022-12-31 00:00:00","DATE_TYPE_CODE":"001","REPORT_TYPE":"2022年年报","PER_NETCASH_OPERATE":-0.313887052651,"PER_OI":0.586895164713,"BPS":0.463676922592,"BASIC_EPS":-0.27,"DILUTED_EPS":-0.27,"OPERATE_INCOME":47909000,"OPERATE_INCOME_YOY":17.3521126761,"GROSS_PROFIT":20816000,"GROSS_PROFIT_YOY":26.065891472868,"HOLDER_PROFIT":-22268000,"HOLDER_PROFIT_YOY":6.5155331654,"GROSS_PROFIT_RATIO":43.44903880273,"EPS_TTM":-0.272787608337,"OPERATE_INCOME_QOQ":6.611331167386,"NET_PROFIT_RATIO":-52.2114842723,"ROE_AVG":-18.70238945114,"GROSS_PROFIT_QOQ":1.854479620297,"ROA":-10.743111874448,"HOLDER_PROFIT_QOQ":9.984639016897,"ROE_YEARLY":-18.70238945114,"ROIC_YEARLY":-50.575756887506,"TOTAL_ASSETS":202978000,"TOTAL_LIABILITIES":35864000,"TAX_EBT":9.5955762767,"OCF_SALES":-53.482644179591,"TOTAL_PARENT_EQUITY":113549000,"DEBT_ASSET_RATIO":17.6689099311,"OPERATE_PROFIT":-26792000,"PRETAX_PROFIT":-27669000,"NETCASH_OPERATE":-25623000,"NETCASH_INVEST":-1941000,"NETCASH_FINANCE":10906000,"END_CASH":101036000,"DIVI_RATIO":null,"DIVIDEND_RATE":null,"CURRENT_RATIO":5.672363604923,"COMMON_ACS":10000000000,"CURRENTDEBT_DEBT":96.746040597814,"ISSUED_COMMON_SHARES":244888185,"HK_COMMON_SHARES":244888185,"PER_SHARES":2000,"TOTAL_MARKET_CAP":1087303541.4,"HKSK_MARKET_CAP":1087303541.4,"PE_TTM":50.496685722839,"PB_TTM":3.228373991629,"REPORT_DATE_SQ":"2021-12-31 00:00:00","REPORT_TYPE_SQ":"2021年年报","OPERATE_INCOME_SQ":40825000,"DPS_HKD":null,"OPERATE_INCOME_QOQ_SQ":-33.242306308663,"NET_PROFIT_RATIO_SQ":-75.2823025107,"HOLDER_PROFIT_SQ":-23820000,"HOLDER_PROFIT_QOQ_SQ":-19.626355966252,"ROE_AVG_SQ":-21.704366842069,"PE_TTM_SQ":-65.128077408224,"PB_TTM_SQ":1.208682820476,"ROA_SQ":-11.847769590227,"START_DATE":"2022-01-01 00:00:00","FISCAL_YEAR":"12-31","CURRENCY":"HKD","IS_CNY_CODE":0,"DPS_HKD_LY":null,"ORG_TYPE":"一般企业","PREMIUM_INCOME":null,"PREMIUM_INCOME_YOY":null,"NET_INTEREST_INCOME":null,"NET_INTEREST_INCOME_YOY":null,"FEE_COMMISSION_INCOME":null,"FEE_COMMISSION_INCOME_YOY":null,"ACCOUNTS_RECE_TDAYS":0.631819800335,"INVENTORY_TDAYS":null,"CURRENT_ASSETS_TDAYS":0.236571298774,"TOTAL_ASSETS_TDAYS":0.231135147653,"PREMIUM_EXPENSE":null,"LOAN_DEPOSIT":null,"LOAN_EQUITY":null,"LOAN_ASSETS":null,"DEPOSIT_EQUITY":null,"DEPOSIT_ASSETS":null,"EQUITY_MULTIPLIER":1.214607992149,"EQUITY_RATIO":0.315846022422},{"SECUCODE":"01808.HK","SECURITY_CODE":"01808","SECURITY_NAME_ABBR":"企展控股","ORG_CODE":"10083032","STD_REPORT_DATE":"2022-06-30 00:00:00","REPORT_DATE":"2022-06-30 00:00:00","DATE_TYPE_CODE":"002","REPORT_TYPE":"2022年中报","PER_NETCASH_OPERATE":-0.652494027967,"PER_OI":0.36530258128,"BPS":0.458307124944,"BASIC_EPS":-0.167,"DILUTED_EPS":-0.167,"OPERATE_INCOME":24852000,"OPERATE_INCOME_YOY":19.8322002025,"GROSS_PROFIT":11032000,"GROSS_PROFIT_YOY":55.227240748558,"HOLDER_PROFIT":-12892000,"HOLDER_PROFIT_YOY":-7.6666109905,"GROSS_PROFIT_RATIO":44.390793497505,"EPS_TTM":-0.363626881366,"OPERATE_INCOME_QOQ":10.074709124311,"NET_PROFIT_RATIO":-53.4685337196,"ROE_AVG":-10.887823828727,"GROSS_PROFIT_QOQ":23.770591085271,"ROA":-6.221617369567,"HOLDER_PROFIT_QOQ":-3.853904282116,"ROE_YEARLY":-21.775647657454,"ROIC_YEARLY":-45.467610675648,"TOTAL_ASSETS":202850000,"TOTAL_LIABILITIES":34724000,"TAX_EBT":-0.865340822833,"OCF_SALES":-178.617415097376,"TOTAL_PARENT_EQUITY":112234000,"DEBT_ASSET_RATIO":17.1180675376,"OPERATE_PROFIT":-12779000,"PRETAX_PROFIT":-13174000,"NETCASH_OPERATE":-44390000,"NETCASH_INVEST":-750000,"NETCASH_FINANCE":1662000,"END_CASH":73222000,"DIVI_RATIO":null,"DIVIDEND_RATE":null,"CURRENT_RATIO":5.878349474185,"COMMON_ACS":10000000000,"CURRENTDEBT_DEBT":96.941596590255,"ISSUED_COMMON_SHARES":244888185,"HK_COMMON_SHARES":244888185,"PER_SHARES":2000,"TOTAL_MARKET_CAP":1087303541.4,"HKSK_MARKET_CAP":1087303541.4,"PE_TTM":50.496685722839,"PB_TTM":3.228373991629,"REPORT_DATE_SQ":"2021-06-30 00:00:00","REPORT_TYPE_SQ":"2021年中报","OPERATE_INCOME_SQ":20739000,"DPS_HKD":null,"OPERATE_INCOME_QOQ_SQ":-13.671847428676,"NET_PROFIT_RATIO_SQ":-69.9117604513,"HOLDER_PROFIT_SQ":-11974000,"HOLDER_PROFIT_QOQ_SQ":-18.291451315868,"ROE_AVG_SQ":-11.204686242584,"PE_TTM_SQ":-65.128077408224,"PB_TTM_SQ":1.208682820476,"ROA_SQ":-6.040138115067,"START_DATE":"2022-01-01 00:00:00","FISCAL_YEAR":"12-31","CURRENCY":"HKD","IS_CNY_CODE":0,"DPS_HKD_LY":null,"ORG_TYPE":"一般企业","PREMIUM_INCOME":null,"PREMIUM_INCOME_YOY":null,"NET_INTEREST_INCOME":null,"NET_INTEREST_INCOME_YOY":null,"FEE_COMMISSION_INCOME":null,"FEE_COMMISSION_INCOME_YOY":null,"ACCOUNTS_RECE_TDAYS":0.295133363418,"INVENTORY_TDAYS":null,"CURRENT_ASSETS_TDAYS":0.122396211687,"TOTAL_ASSETS_TDAYS":0.11993456009,"PREMIUM_EXPENSE":null,"LOAN_DEPOSIT":null,"LOAN_EQUITY":null,"LOAN_ASSETS":null,"DEPOSIT_EQUITY":null,"DEPOSIT_ASSETS":null,"EQUITY_MULTIPLIER":1.20653557451,"EQUITY_RATIO":0.309389311617},{"SECUCODE":"01808.HK","SECURITY_CODE":"01808","SECURITY_NAME_ABBR":"企展控股","ORG_CODE":"10083032","STD_REPORT_DATE":"2021-12-31 00:00:00","REPORT_DATE":"2021-12-31 00:00:00","DATE_TYPE_CODE":"001","REPORT_TYPE":"2021年年报","PER_NETCASH_OPERATE":-0.024878994552,"PER_OI":0.03000457749,"BPS":0.508726053893,"BASIC_EPS":-0.477,"DILUTED_EPS":-0.477,"OPERATE_INCOME":40825000,"OPERATE_INCOME_YOY":-42.369316337,"GROSS_PROFIT":16512000,"GROSS_PROFIT_YOY":-6.064398680168,"HOLDER_PROFIT":-23820000,"HOLDER_PROFIT_YOY":-41.5077526288,"GROSS_PROFIT_RATIO":40.445805266381,"EPS_TTM":-0.017506651214,"OPERATE_INCOME_QOQ":-33.242306308663,"NET_PROFIT_RATIO":-75.2823025107,"ROE_AVG":-21.704366842069,"GROSS_PROFIT_QOQ":-8.979659335208,"ROA":-11.847769590227,"HOLDER_PROFIT_QOQ":-19.626355966252,"ROE_YEARLY":-21.704366842069,"ROIC_YEARLY":-71.001684128948,"TOTAL_ASSETS":211576000,"TOTAL_LIABILITIES":30736000,"TAX_EBT":-1.502691634466,"OCF_SALES":-82.917330067361,"TOTAL_PARENT_EQUITY":124581000,"DEBT_ASSET_RATIO":14.5271675426,"OPERATE_PROFIT":-29564000,"PRETAX_PROFIT":-30279000,"NETCASH_OPERATE":-33851000,"NETCASH_INVEST":-2115000,"NETCASH_FINANCE":53196000,"END_CASH":115636000,"DIVI_RATIO":null,"DIVIDEND_RATE":null,"CURRENT_RATIO":6.77427121291,"COMMON_ACS":10000000000,"CURRENTDEBT_DEBT":100,"ISSUED_COMMON_SHARES":244888185,"HK_COMMON_SHARES":244888185,"PER_SHARES":2000,"TOTAL_MARKET_CAP":1087303541.4,"HKSK_MARKET_CAP":1087303541.4,"PE_TTM":50.496685722839,"PB_TTM":3.228373991629,"REPORT_DATE_SQ":"2020-12-31 00:00:00","REPORT_TYPE_SQ":"2020年年报","OPERATE_INCOME_SQ":70839000,"DPS_HKD":null,"OPERATE_INCOME_QOQ_SQ":-22.638665924057,"NET_PROFIT_RATIO_SQ":-35.7458462147,"HOLDER_PROFIT_SQ":-16833000,"HOLDER_PROFIT_QOQ_SQ":78.516731755877,"ROE_AVG_SQ":-20.46042955598,"PE_TTM_SQ":-65.128077408224,"PB_TTM_SQ":1.208682820476,"ROA_SQ":-8.893080166101,"START_DATE":"2021-01-01 00:00:00","FISCAL_YEAR":"12-31","CURRENCY":"HKD","IS_CNY_CODE":0,"DPS_HKD_LY":null,"ORG_TYPE":"一般企业","PREMIUM_INCOME":null,"PREMIUM_INCOME_YOY":null,"NET_INTEREST_INCOME":null,"NET_INTEREST_INCOME_YOY":null,"FEE_COMMISSION_INCOME":null,"FEE_COMMISSION_INCOME_YOY":null,"ACCOUNTS_RECE_TDAYS":0.607171539903,"INVENTORY_TDAYS":null,"CURRENT_ASSETS_TDAYS":0.207465189552,"TOTAL_ASSETS_TDAYS":0.203058435567,"PREMIUM_EXPENSE":null,"LOAN_DEPOSIT":null,"LOAN_EQUITY":null,"LOAN_ASSETS":null,"DEPOSIT_EQUITY":null,"DEPOSIT_ASSETS":null,"EQUITY_MULTIPLIER":1.169962397699,"EQUITY_RATIO":0.246714988642},{"SECUCODE":"01808.HK","SECURITY_CODE":"01808","SECURITY_NAME_ABBR":"企展控股","ORG_CODE":"10083032","STD_REPORT_DATE":"2021-06-30 00:00:00","REPORT_DATE":"2021-06-30 00:00:00","DATE_TYPE_CODE":"002","REPORT_TYPE":"2021年中报","PER_NETCASH_OPERATE":-0.073295101035,"PER_OI":0.01829070224,"BPS":0.485192864654,"BASIC_EPS":-0.279,"DILUTED_EPS":-0.279,"OPERATE_INCOME":20739000,"OPERATE_INCOME_YOY":-31.8334209834,"GROSS_PROFIT":7107000,"GROSS_PROFIT_YOY":8.603300733496,"HOLDER_PROFIT":-11974000,"HOLDER_PROFIT_YOY":-34.6149522203,"GROSS_PROFIT_RATIO":34.268768985969,"EPS_TTM":-0.017561331935,"OPERATE_INCOME_QOQ":-13.671847428676,"NET_PROFIT_RATIO":-69.9117604513,"ROE_AVG":-11.204686242584,"GROSS_PROFIT_QOQ":3.202867220389,"ROA":-6.040138115067,"HOLDER_PROFIT_QOQ":-18.291451315868,"ROE_YEARLY":-22.409372485168,"ROIC_YEARLY":-39.63194651309,"TOTAL_ASSETS":205956000,"TOTAL_LIABILITIES":26516000,"TAX_EBT":1.541491239984,"OCF_SALES":-400.723274989151,"TOTAL_PARENT_EQUITY":118818000,"DEBT_ASSET_RATIO":12.8745945736,"OPERATE_PROFIT":-14635000,"PRETAX_PROFIT":-14726000,"NETCASH_OPERATE":-83106000,"NETCASH_INVEST":-1336000,"NETCASH_FINANCE":35811000,"END_CASH":51898000,"DIVI_RATIO":null,"DIVIDEND_RATE":null,"CURRENT_RATIO":7.580102579575,"COMMON_ACS":10000000000,"CURRENTDEBT_DEBT":100,"ISSUED_COMMON_SHARES":244888185,"HK_COMMON_SHARES":244888185,"PER_SHARES":2000,"TOTAL_MARKET_CAP":1087303541.4,"HKSK_MARKET_CAP":1087303541.4,"PE_TTM":50.496685722839,"PB_TTM":3.228373991629,"REPORT_DATE_SQ":"2020-06-30 00:00:00","REPORT_TYPE_SQ":"2020年中报","OPERATE_INCOME_SQ":30424000,"DPS_HKD":null,"OPERATE_INCOME_QOQ_SQ":-9.897862793718,"NET_PROFIT_RATIO_SQ":-39.0349723902,"HOLDER_PROFIT_SQ":-8895000,"HOLDER_PROFIT_QOQ_SQ":4.286429766806,"ROE_AVG_SQ":-11.598265801741,"PE_TTM_SQ":-65.128077408224,"PB_TTM_SQ":1.208682820476,"ROA_SQ":-4.776569837532,"START_DATE":"2021-01-01 00:00:00","FISCAL_YEAR":"12-31","CURRENCY":"HKD","IS_CNY_CODE":0,"DPS_HKD_LY":null,"ORG_TYPE":"一般企业","PREMIUM_INCOME":null,"PREMIUM_INCOME_YOY":null,"NET_INTEREST_INCOME":null,"NET_INTEREST_INCOME_YOY":null,"FEE_COMMISSION_INCOME":null,"FEE_COMMISSION_INCOME_YOY":null,"ACCOUNTS_RECE_TDAYS":0.219762636431,"INVENTORY_TDAYS":14.54855923159,"CURRENT_ASSETS_TDAYS":0.10736139152,"TOTAL_ASSETS_TDAYS":0.104615353573,"PREMIUM_EXPENSE":null,"LOAN_DEPOSIT":null,"LOAN_EQUITY":null,"LOAN_ASSETS":null,"DEPOSIT_EQUITY":null,"DEPOSIT_ASSETS":null,"EQUITY_MULTIPLIER":1.147770842622,"EQUITY_RATIO":0.223164840344},{"SECUCODE":"01808.HK","SECURITY_CODE":"01808","SECURITY_NAME_ABBR":"企展控股","ORG_CODE":"10083032","STD_REPORT_DATE":"2020-12-31 00:00:00","REPORT_DATE":"2020-12-31 00:00:00","DATE_TYPE_CODE":"001","REPORT_TYPE":"2020年年报","PER_NETCASH_OPERATE":0.006203070296,"PER_OI":0.09343382877,"BPS":0.387580968841,"BASIC_EPS":-0.026,"DILUTED_EPS":-0.026,"OPERATE_INCOME":70839000,"OPERATE_INCOME_YOY":-30.2957846263,"GROSS_PROFIT":17578000,"GROSS_PROFIT_YOY":-24.638799571276,"HOLDER_PROFIT":-16833000,"HOLDER_PROFIT_YOY":79.4375969608,"GROSS_PROFIT_RATIO":24.81401487881,"EPS_TTM":-0.022202058749,"OPERATE_INCOME_QOQ":-22.638665924057,"NET_PROFIT_RATIO":-35.7458462147,"ROE_AVG":-20.46042955598,"GROSS_PROFIT_QOQ":-18.09710185444,"ROA":-8.893080166101,"HOLDER_PROFIT_QOQ":78.516731755877,"ROE_YEARLY":-20.46042955598,"ROIC_YEARLY":-42.629219743207,"TOTAL_ASSETS":190525000,"TOTAL_LIABILITIES":32424000,"TAX_EBT":-0.985044865404,"OCF_SALES":6.638998291901,"TOTAL_PARENT_EQUITY":94914000,"DEBT_ASSET_RATIO":17.0182390762,"OPERATE_PROFIT":-23852000,"PRETAX_PROFIT":-25075000,"NETCASH_OPERATE":4703000,"NETCASH_INVEST":-851000,"NETCASH_FINANCE":32218000,"END_CASH":99922000,"DIVI_RATIO":null,"DIVIDEND_RATE":null,"CURRENT_RATIO":5.855558714814,"COMMON_ACS":10000000000,"CURRENTDEBT_DEBT":97.622131754256,"ISSUED_COMMON_SHARES":244888185,"HK_COMMON_SHARES":244888185,"PER_SHARES":2000,"TOTAL_MARKET_CAP":1087303541.4,"HKSK_MARKET_CAP":1087303541.4,"PE_TTM":50.496685722839,"PB_TTM":3.228373991629,"REPORT_DATE_SQ":"2019-12-31 00:00:00","REPORT_TYPE_SQ":"2019年年报","OPERATE_INCOME_SQ":101628000,"DPS_HKD":null,"OPERATE_INCOME_QOQ_SQ":-4.209474616849,"NET_PROFIT_RATIO_SQ":-102.4510961546,"HOLDER_PROFIT_SQ":-81863000,"HOLDER_PROFIT_QOQ_SQ":-181.470911841562,"ROE_AVG_SQ":-74.041614095068,"PE_TTM_SQ":-65.128077408224,"PB_TTM_SQ":1.208682820476,"ROA_SQ":-33.385466476078,"START_DATE":"2020-01-01 00:00:00","FISCAL_YEAR":"12-31","CURRENCY":"HKD","IS_CNY_CODE":0,"DPS_HKD_LY":null,"ORG_TYPE":"一般企业","PREMIUM_INCOME":null,"PREMIUM_INCOME_YOY":null,"NET_INTEREST_INCOME":null,"NET_INTEREST_INCOME_YOY":null,"FEE_COMMISSION_INCOME":null,"FEE_COMMISSION_INCOME_YOY":null,"ACCOUNTS_RECE_TDAYS":0.926442027896,"INVENTORY_TDAYS":56.84204909285,"CURRENT_ASSETS_TDAYS":0.3946341477,"TOTAL_ASSETS_TDAYS":0.37425111738,"PREMIUM_EXPENSE":null,"LOAN_DEPOSIT":null,"LOAN_EQUITY":null,"LOAN_ASSETS":null,"DEPOSIT_EQUITY":null,"DEPOSIT_ASSETS":null,"EQUITY_MULTIPLIER":1.205084091814,"EQUITY_RATIO":0.341614514192},{"SECUCODE":"01808.HK","SECURITY_CODE":"01808","SECURITY_NAME_ABBR":"企展控股","ORG_CODE":"10083032","STD_REPORT_DATE":"2020-06-30 00:00:00","REPORT_DATE":"2020-06-30 00:00:00","DATE_TYPE_CODE":"002","REPORT_TYPE":"2020年中报","PER_NETCASH_OPERATE":-0.090201057001,"PER_OI":0.048153657803,"BPS":0.342021400502,"BASIC_EPS":-0.014,"DILUTED_EPS":-0.014,"OPERATE_INCOME":30424000,"OPERATE_INCOME_YOY":-24.8474668379,"GROSS_PROFIT":6544000,"GROSS_PROFIT_YOY":-22.160104674676,"HOLDER_PROFIT":-8895000,"HOLDER_PROFIT_YOY":28.2892615285,"GROSS_PROFIT_RATIO":21.509334735735,"EPS_TTM":-0.124014978421,"OPERATE_INCOME_QOQ":-9.897862793718,"NET_PROFIT_RATIO":-39.0349723902,"ROE_AVG":-11.598265801741,"GROSS_PROFIT_QOQ":-7.987138263666,"ROA":-4.776569837532,"HOLDER_PROFIT_QOQ":4.286429766806,"ROE_YEARLY":-23.196531603481,"ROIC_YEARLY":-22.895458230911,"TOTAL_ASSETS":184404000,"TOTAL_LIABILITIES":31886000,"TAX_EBT":0.602611315701,"OCF_SALES":-187.319221667105,"TOTAL_PARENT_EQUITY":83757000,"DEBT_ASSET_RATIO":17.2913819657,"OPERATE_PROFIT":-11275000,"PRETAX_PROFIT":-11948000,"NETCASH_OPERATE":-56990000,"NETCASH_INVEST":-15452000,"NETCASH_FINANCE":19281000,"END_CASH":11799000,"DIVI_RATIO":null,"DIVIDEND_RATE":null,"CURRENT_RATIO":5.427025474047,"COMMON_ACS":10000000000,"CURRENTDEBT_DEBT":98.243743335633,"ISSUED_COMMON_SHARES":244888185,"HK_COMMON_SHARES":244888185,"PER_SHARES":2000,"TOTAL_MARKET_CAP":1087303541.4,"HKSK_MARKET_CAP":1087303541.4,"PE_TTM":50.496685722839,"PB_TTM":3.228373991629,"REPORT_DATE_SQ":"2019-06-30 00:00:00","REPORT_TYPE_SQ":"2019年中报","OPERATE_INCOME_SQ":40483000,"DPS_HKD":null,"OPERATE_INCOME_QOQ_SQ":-28.839433634492,"NET_PROFIT_RATIO_SQ":-45.5079910086,"HOLDER_PROFIT_SQ":-12404000,"HOLDER_PROFIT_QOQ_SQ":-16.33134674613,"ROE_AVG_SQ":-8.540141211139,"PE_TTM_SQ":-65.128077408224,"PB_TTM_SQ":1.208682820476,"ROA_SQ":-4.248338031256,"START_DATE":"2020-01-01 00:00:00","FISCAL_YEAR":"12-31","CURRENCY":"HKD","IS_CNY_CODE":0,"DPS_HKD_LY":null,"ORG_TYPE":"一般企业","PREMIUM_INCOME":null,"PREMIUM_INCOME_YOY":null,"NET_INTEREST_INCOME":null,"NET_INTEREST_INCOME_YOY":null,"FEE_COMMISSION_INCOME":null,"FEE_COMMISSION_INCOME_YOY":null,"ACCOUNTS_RECE_TDAYS":0.271987698689,"INVENTORY_TDAYS":25.485592315902,"CURRENT_ASSETS_TDAYS":0.177052538467,"TOTAL_ASSETS_TDAYS":0.163375335286,"PREMIUM_EXPENSE":null,"LOAN_DEPOSIT":null,"LOAN_EQUITY":null,"LOAN_ASSETS":null,"DEPOSIT_EQUITY":null,"DEPOSIT_ASSETS":null,"EQUITY_MULTIPLIER":1.209063848202,"EQUITY_RATIO":0.380696538797}],"count":41},"success":true,"message":"ok","code":0}