{"version":"3276b992f71ed334346ef0cafed67662","result":{"pages":8,"data":[{"SECUCODE":"01812.HK","SECURITY_CODE":"01812","SECURITY_NAME_ABBR":"晨鸣纸业","ORG_CODE":"10004336","STD_REPORT_DATE":"2024-09-30 00:00:00","REPORT_DATE":"2024-09-30 00:00:00","DATE_TYPE_CODE":"004","REPORT_TYPE":"2024年三季报","PER_NETCASH_OPERATE":0.806403126109,"PER_OI":6.704767757554,"BPS":5.423851351198,"BASIC_EPS":-0.242,"DILUTED_EPS":-0.242,"OPERATE_INCOME":19824745808.47,"OPERATE_INCOME_YOY":0.5217033083,"GROSS_PROFIT":1747777878.93,"GROSS_PROFIT_YOY":26.470166237641,"HOLDER_PROFIT":-710098519.92,"HOLDER_PROFIT_YOY":7.5745674528,"GROSS_PROFIT_RATIO":8.816142692651,"EPS_TTM":-0.413653032332,"OPERATE_INCOME_QOQ":-4.357148353128,"NET_PROFIT_RATIO":-4.0828088652,"ROE_AVG":-4.350268016673,"GROSS_PROFIT_QOQ":-9.490975881697,"ROA":-0.918146165973,"HOLDER_PROFIT_QOQ":-116.644402655813,"ROE_YEARLY":-5.800357355565,"ROIC_YEARLY":-1.144105298314,"TOTAL_ASSETS":75193878304.81,"TOTAL_LIABILITIES":55274571736.02,"TAX_EBT":24.820022899981,"OCF_SALES":12.02730885347,"TOTAL_PARENT_EQUITY":15954021184.86,"DEBT_ASSET_RATIO":73.5094039331,"OPERATE_PROFIT":273938954.08,"PRETAX_PROFIT":-1076625067.74,"NETCASH_OPERATE":2384383407.8,"NETCASH_INVEST":631043187.5,"NETCASH_FINANCE":-3489477926.53,"END_CASH":308712864.6,"DIVI_RATIO":null,"DIVIDEND_RATE":null,"CURRENT_RATIO":0.548137031138,"COMMON_ACS":null,"CURRENTDEBT_DEBT":84.402687974058,"ISSUED_COMMON_SHARES":2941456200,"HK_COMMON_SHARES":528305250,"PER_SHARES":500,"TOTAL_MARKET_CAP":3059114448,"HKSK_MARKET_CAP":549437460,"PE_TTM":-2.242657984551,"PB_TTM":0.172914325868,"REPORT_DATE_SQ":"2023-09-30 00:00:00","REPORT_TYPE_SQ":"2023年三季报","OPERATE_INCOME_SQ":19721856232.05,"DPS_HKD":null,"OPERATE_INCOME_QOQ_SQ":-5.459138291099,"NET_PROFIT_RATIO_SQ":-4.1549475874,"HOLDER_PROFIT_SQ":-768293423.52,"HOLDER_PROFIT_QOQ_SQ":-12.435689144251,"ROE_AVG_SQ":-4.238513572817,"PE_TTM_SQ":-5.805180834608,"PB_TTM_SQ":0.27656659757,"ROA_SQ":-0.936217129539,"START_DATE":"2024-01-01 00:00:00","FISCAL_YEAR":"12-31","CURRENCY":"HKD","IS_CNY_CODE":0,"DPS_HKD_LY":null,"ORG_TYPE":"一般企业","PREMIUM_INCOME":null,"PREMIUM_INCOME_YOY":null,"NET_INTEREST_INCOME":null,"NET_INTEREST_INCOME_YOY":null,"FEE_COMMISSION_INCOME":null,"FEE_COMMISSION_INCOME_YOY":null,"ACCOUNTS_RECE_TDAYS":5.855225702243,"INVENTORY_TDAYS":4.029236960998,"CURRENT_ASSETS_TDAYS":0.73237484452,"TOTAL_ASSETS_TDAYS":0.256330830791,"PREMIUM_EXPENSE":null,"LOAN_DEPOSIT":null,"LOAN_EQUITY":null,"LOAN_ASSETS":null,"DEPOSIT_EQUITY":null,"DEPOSIT_ASSETS":null,"EQUITY_MULTIPLIER":3.774924495752,"EQUITY_RATIO":3.464616919807},{"SECUCODE":"01812.HK","SECURITY_CODE":"01812","SECURITY_NAME_ABBR":"晨鸣纸业","ORG_CODE":"10004336","STD_REPORT_DATE":"2024-06-30 00:00:00","REPORT_DATE":"2024-06-30 00:00:00","DATE_TYPE_CODE":"002","REPORT_TYPE":"2024年中报","PER_NETCASH_OPERATE":0.673867186831,"PER_OI":4.695843321803,"BPS":5.653298194982,"BASIC_EPS":0.01,"DILUTED_EPS":0.01,"OPERATE_INCOME":13884731519.04,"OPERATE_INCOME_YOY":10.5035626504,"GROSS_PROFIT":1699225810.04,"GROSS_PROFIT_YOY":59.069117183197,"HOLDER_PROFIT":28646205.42,"HOLDER_PROFIT_YOY":104.1632075614,"GROSS_PROFIT_RATIO":12.238089067188,"EPS_TTM":-0.1909364042,"OPERATE_INCOME_QOQ":2.623267182267,"NET_PROFIT_RATIO":0.1898405323,"ROE_AVG":0.171940312834,"GROSS_PROFIT_QOQ":18.780089981809,"ROA":0.036494693151,"HOLDER_PROFIT_QOQ":40.427021116975,"ROE_YEARLY":0.343880625667,"ROIC_YEARLY":0.091660887666,"TOTAL_ASSETS":77501281219.73,"TOTAL_LIABILITIES":56810046207.45,"TAX_EBT":137.632860689312,"OCF_SALES":14.350291111771,"TOTAL_PARENT_EQUITY":16628929026.08,"DEBT_ASSET_RATIO":73.3020736088,"OPERATE_PROFIT":786413393.05,"PRETAX_PROFIT":-70042106.12,"NETCASH_OPERATE":1992499393.07,"NETCASH_INVEST":571305188.14,"NETCASH_FINANCE":-2547689483.86,"END_CASH":802830084.55,"DIVI_RATIO":null,"DIVIDEND_RATE":null,"CURRENT_RATIO":0.56881412841,"COMMON_ACS":null,"CURRENTDEBT_DEBT":85.147624083391,"ISSUED_COMMON_SHARES":2941456200,"HK_COMMON_SHARES":528305250,"PER_SHARES":500,"TOTAL_MARKET_CAP":3735649374,"HKSK_MARKET_CAP":670947667.5,"PE_TTM":-2.738630423442,"PB_TTM":0.211154994089,"REPORT_DATE_SQ":"2023-06-30 00:00:00","REPORT_TYPE_SQ":"2023年中报","OPERATE_INCOME_SQ":12564962781.31,"DPS_HKD":null,"OPERATE_INCOME_QOQ_SQ":-5.911217696224,"NET_PROFIT_RATIO_SQ":-5.5283998429,"HOLDER_PROFIT_SQ":-688080164.1,"HOLDER_PROFIT_QOQ_SQ":-264.397111216267,"ROE_AVG_SQ":-3.682332612198,"PE_TTM_SQ":-6.568147458585,"PB_TTM_SQ":0.312915350394,"ROA_SQ":-0.824275748078,"START_DATE":"2024-01-01 00:00:00","FISCAL_YEAR":"12-31","CURRENCY":"HKD","IS_CNY_CODE":0,"DPS_HKD_LY":null,"ORG_TYPE":"一般企业","PREMIUM_INCOME":null,"PREMIUM_INCOME_YOY":null,"NET_INTEREST_INCOME":null,"NET_INTEREST_INCOME_YOY":null,"FEE_COMMISSION_INCOME":null,"FEE_COMMISSION_INCOME_YOY":null,"ACCOUNTS_RECE_TDAYS":4.071625397761,"INVENTORY_TDAYS":2.643330431,"CURRENT_ASSETS_TDAYS":0.495168844396,"TOTAL_ASSETS_TDAYS":0.176888704402,"PREMIUM_EXPENSE":null,"LOAN_DEPOSIT":null,"LOAN_EQUITY":null,"LOAN_ASSETS":null,"DEPOSIT_EQUITY":null,"DEPOSIT_ASSETS":null,"EQUITY_MULTIPLIER":3.745609248251,"EQUITY_RATIO":3.416338245136},{"SECUCODE":"01812.HK","SECURITY_CODE":"01812","SECURITY_NAME_ABBR":"晨鸣纸业","ORG_CODE":"10004336","STD_REPORT_DATE":"2024-03-31 00:00:00","REPORT_DATE":"2024-03-31 00:00:00","DATE_TYPE_CODE":"003","REPORT_TYPE":"2024年一季报","PER_NETCASH_OPERATE":0.160000844328,"PER_OI":2.286846248522,"BPS":5.670307985507,"BASIC_EPS":0.02,"DILUTED_EPS":0.02,"OPERATE_INCOME":6761777174,"OPERATE_INCOME_YOY":9.841939236,"GROSS_PROFIT":836595782.22,"GROSS_PROFIT_YOY":29.230436613632,"HOLDER_PROFIT":58196200.97,"HOLDER_PROFIT_YOY":121.1307533731,"GROSS_PROFIT_RATIO":12.372424596256,"EPS_TTM":-0.320508404616,"OPERATE_INCOME_QOQ":2.276941138303,"NET_PROFIT_RATIO":1.0022063688,"ROE_AVG":0.348781640949,"GROSS_PROFIT_QOQ":8.748080907861,"ROA":0.072902386341,"HOLDER_PROFIT_QOQ":26.036748863683,"ROE_YEARLY":1.395126563797,"ROIC_YEARLY":0.37037506874,"TOTAL_ASSETS":80168080139.33,"TOTAL_LIABILITIES":59301396487.84,"TAX_EBT":-686.332708464175,"OCF_SALES":6.99657200091,"TOTAL_PARENT_EQUITY":16678962579.88,"DEBT_ASSET_RATIO":73.971331713,"OPERATE_PROFIT":429702598.08,"PRETAX_PROFIT":8618102.84,"NETCASH_OPERATE":473092608.52,"NETCASH_INVEST":578290447.91,"NETCASH_FINANCE":-1008870143.38,"END_CASH":814147532.68,"DIVI_RATIO":null,"DIVIDEND_RATE":null,"CURRENT_RATIO":0.581898701681,"COMMON_ACS":null,"CURRENTDEBT_DEBT":85.87460525484,"ISSUED_COMMON_SHARES":2941456200,"HK_COMMON_SHARES":528305250,"PER_SHARES":500,"TOTAL_MARKET_CAP":3735649374,"HKSK_MARKET_CAP":670947667.5,"PE_TTM":-2.738630423442,"PB_TTM":0.211154994089,"REPORT_DATE_SQ":"2023-03-31 00:00:00","REPORT_TYPE_SQ":"2023年一季报","OPERATE_INCOME_SQ":6155915692.16,"DPS_HKD":null,"OPERATE_INCOME_QOQ_SQ":-7.371079527758,"NET_PROFIT_RATIO_SQ":-4.349707684,"HOLDER_PROFIT_SQ":-275409967.37,"HOLDER_PROFIT_QOQ_SQ":-205.677820682581,"ROE_AVG_SQ":-1.453069366747,"PE_TTM_SQ":-6.568147458585,"PB_TTM_SQ":0.312915350394,"ROA_SQ":-0.331075495083,"START_DATE":"2024-01-01 00:00:00","FISCAL_YEAR":"12-31","CURRENCY":"HKD","IS_CNY_CODE":0,"DPS_HKD_LY":null,"ORG_TYPE":"一般企业","PREMIUM_INCOME":null,"PREMIUM_INCOME_YOY":null,"NET_INTEREST_INCOME":null,"NET_INTEREST_INCOME_YOY":null,"FEE_COMMISSION_INCOME":null,"FEE_COMMISSION_INCOME_YOY":null,"ACCOUNTS_RECE_TDAYS":2.096206625671,"INVENTORY_TDAYS":1.186017500944,"CURRENT_ASSETS_TDAYS":0.23236751968,"TOTAL_ASSETS_TDAYS":0.084704788916,"PREMIUM_EXPENSE":null,"LOAN_DEPOSIT":null,"LOAN_EQUITY":null,"LOAN_ASSETS":null,"DEPOSIT_EQUITY":null,"DEPOSIT_ASSETS":null,"EQUITY_MULTIPLIER":3.841917646242,"EQUITY_RATIO":3.555460731075},{"SECUCODE":"01812.HK","SECURITY_CODE":"01812","SECURITY_NAME_ABBR":"晨鸣纸业","ORG_CODE":"10004336","STD_REPORT_DATE":"2023-12-31 00:00:00","REPORT_DATE":"2023-12-31 00:00:00","DATE_TYPE_CODE":"001","REPORT_TYPE":"2023年年报","PER_NETCASH_OPERATE":1.484689431453,"PER_OI":8.999070427648,"BPS":5.674799847956,"BASIC_EPS":-0.45,"DILUTED_EPS":-0.45,"OPERATE_INCOME":26608570228.2,"OPERATE_INCOME_YOY":-16.8595649419,"GROSS_PROFIT":2163083928.27,"GROSS_PROFIT_YOY":-53.287597948148,"HOLDER_PROFIT":-1281289649.82,"HOLDER_PROFIT_YOY":-776.891981615,"GROSS_PROFIT_RATIO":8.129275303855,"EPS_TTM":-0.433334662406,"OPERATE_INCOME_QOQ":0.903977461288,"NET_PROFIT_RATIO":-4.98577115,"ROE_AVG":-7.162696349957,"GROSS_PROFIT_QOQ":-11.104205364708,"ROA":-1.564570175323,"HOLDER_PROFIT_QOQ":-56.335068916838,"ROE_YEARLY":-7.162696349957,"ROIC_YEARLY":-1.992466283256,"TOTAL_ASSETS":79487052953.58,"TOTAL_LIABILITIES":58389197107.95,"TAX_EBT":22.405158666286,"OCF_SALES":16.49825327393,"TOTAL_PARENT_EQUITY":16692175196.53,"DEBT_ASSET_RATIO":73.4574939419,"OPERATE_PROFIT":299962306.33,"PRETAX_PROFIT":-1709704401.81,"NETCASH_OPERATE":4389949308.82,"NETCASH_INVEST":58290976.22,"NETCASH_FINANCE":-5783742098.92,"END_CASH":764233742.61,"DIVI_RATIO":null,"DIVIDEND_RATE":null,"CURRENT_RATIO":0.573868671516,"COMMON_ACS":null,"CURRENTDEBT_DEBT":85.251636551914,"ISSUED_COMMON_SHARES":2941456200,"HK_COMMON_SHARES":528305250,"PER_SHARES":500,"TOTAL_MARKET_CAP":3735649374,"HKSK_MARKET_CAP":670947667.5,"PE_TTM":-2.738630423442,"PB_TTM":0.211154994089,"REPORT_DATE_SQ":"2022-12-31 00:00:00","REPORT_TYPE_SQ":"2022年年报","OPERATE_INCOME_SQ":32004367320.91,"DPS_HKD":null,"OPERATE_INCOME_QOQ_SQ":-1.869925013139,"NET_PROFIT_RATIO_SQ":0.9916230752,"HOLDER_PROFIT_SQ":189290120.82,"HOLDER_PROFIT_QOQ_SQ":52.949719581986,"ROE_AVG_SQ":0.990981580283,"PE_TTM_SQ":-6.568147458585,"PB_TTM_SQ":0.312915350394,"ROA_SQ":0.226501521177,"START_DATE":"2023-01-01 00:00:00","FISCAL_YEAR":"12-31","CURRENCY":"HKD","IS_CNY_CODE":0,"DPS_HKD_LY":null,"ORG_TYPE":"一般企业","PREMIUM_INCOME":null,"PREMIUM_INCOME_YOY":null,"NET_INTEREST_INCOME":null,"NET_INTEREST_INCOME_YOY":null,"FEE_COMMISSION_INCOME":null,"FEE_COMMISSION_INCOME_YOY":null,"ACCOUNTS_RECE_TDAYS":7.296804129022,"INVENTORY_TDAYS":4.150304058229,"CURRENT_ASSETS_TDAYS":0.868350270285,"TOTAL_ASSETS_TDAYS":0.324914631074,"PREMIUM_EXPENSE":null,"LOAN_DEPOSIT":null,"LOAN_EQUITY":null,"LOAN_ASSETS":null,"DEPOSIT_EQUITY":null,"DEPOSIT_ASSETS":null,"EQUITY_MULTIPLIER":3.767541760417,"EQUITY_RATIO":3.497998099139},{"SECUCODE":"01812.HK","SECURITY_CODE":"01812","SECURITY_NAME_ABBR":"晨鸣纸业","ORG_CODE":"10004336","STD_REPORT_DATE":"2023-09-30 00:00:00","REPORT_DATE":"2023-09-30 00:00:00","DATE_TYPE_CODE":"004","REPORT_TYPE":"2023年三季报","PER_NETCASH_OPERATE":1.22203792015,"PER_OI":6.618645140526,"BPS":5.83670075463,"BASIC_EPS":-0.278,"DILUTED_EPS":-0.278,"OPERATE_INCOME":19721856232.05,"OPERATE_INCOME_YOY":-22.220263969,"GROSS_PROFIT":1381968515.52,"GROSS_PROFIT_YOY":-61.390298974175,"HOLDER_PROFIT":-768293423.52,"HOLDER_PROFIT_YOY":-419.3559908746,"GROSS_PROFIT_RATIO":7.007294340145,"EPS_TTM":-0.275050359501,"OPERATE_INCOME_QOQ":-5.459138291099,"NET_PROFIT_RATIO":-4.1549475874,"ROE_AVG":-4.238513572817,"GROSS_PROFIT_QOQ":-22.679183739064,"ROA":-0.936217129539,"HOLDER_PROFIT_QOQ":-12.435689144251,"ROE_YEARLY":-5.651351430423,"ROIC_YEARLY":-1.193231059685,"TOTAL_ASSETS":79826170457.29,"TOTAL_LIABILITIES":58258500667.28,"TAX_EBT":26.819889091307,"OCF_SALES":18.46356609553,"TOTAL_PARENT_EQUITY":17168399622.25,"DEBT_ASSET_RATIO":72.9817055404,"OPERATE_PROFIT":228490510.02,"PRETAX_PROFIT":-1119747947.27,"NETCASH_OPERATE":3641357960.67,"NETCASH_INVEST":-26410486.71,"NETCASH_FINANCE":-4637764465.71,"END_CASH":1082870653.99,"DIVI_RATIO":null,"DIVIDEND_RATE":null,"CURRENT_RATIO":0.585711651248,"COMMON_ACS":null,"CURRENTDEBT_DEBT":84.939091951781,"ISSUED_COMMON_SHARES":2941456200,"HK_COMMON_SHARES":528305250,"PER_SHARES":500,"TOTAL_MARKET_CAP":3735649374,"HKSK_MARKET_CAP":670947667.5,"PE_TTM":-2.738630423442,"PB_TTM":0.211154994089,"REPORT_DATE_SQ":"2022-09-30 00:00:00","REPORT_TYPE_SQ":"2022年三季报","OPERATE_INCOME_SQ":25356033895.76,"DPS_HKD":null,"OPERATE_INCOME_QOQ_SQ":0.279197662329,"NET_PROFIT_RATIO_SQ":1.1885225492,"HOLDER_PROFIT_SQ":240575860.63,"HOLDER_PROFIT_QOQ_SQ":-54.924211351993,"ROE_AVG_SQ":1.25630162459,"PE_TTM_SQ":-6.568147458585,"PB_TTM_SQ":0.312915350394,"ROA_SQ":0.288020190147,"START_DATE":"2023-01-01 00:00:00","FISCAL_YEAR":"12-31","CURRENCY":"HKD","IS_CNY_CODE":0,"DPS_HKD_LY":null,"ORG_TYPE":"一般企业","PREMIUM_INCOME":null,"PREMIUM_INCOME_YOY":null,"NET_INTEREST_INCOME":null,"NET_INTEREST_INCOME_YOY":null,"FEE_COMMISSION_INCOME":null,"FEE_COMMISSION_INCOME_YOY":null,"ACCOUNTS_RECE_TDAYS":5.316393091629,"INVENTORY_TDAYS":2.967796065293,"CURRENT_ASSETS_TDAYS":0.639251684307,"TOTAL_ASSETS_TDAYS":0.240324061947,"PREMIUM_EXPENSE":null,"LOAN_DEPOSIT":null,"LOAN_EQUITY":null,"LOAN_ASSETS":null,"DEPOSIT_EQUITY":null,"DEPOSIT_ASSETS":null,"EQUITY_MULTIPLIER":3.701195874874,"EQUITY_RATIO":3.393356512495},{"SECUCODE":"01812.HK","SECURITY_CODE":"01812","SECURITY_NAME_ABBR":"晨鸣纸业","ORG_CODE":"10004336","STD_REPORT_DATE":"2023-06-30 00:00:00","REPORT_DATE":"2023-06-30 00:00:00","DATE_TYPE_CODE":"002","REPORT_TYPE":"2023年中报","PER_NETCASH_OPERATE":0.598403361066,"PER_OI":4.216795258768,"BPS":5.878519259916,"BASIC_EPS":-0.25,"DILUTED_EPS":-0.25,"OPERATE_INCOME":12564962781.31,"OPERATE_INCOME_YOY":-24.6543534043,"GROSS_PROFIT":1068231118.73,"GROSS_PROFIT_YOY":-58.139447386327,"HOLDER_PROFIT":-688080164.1,"HOLDER_PROFIT_YOY":-398.9813972929,"GROSS_PROFIT_RATIO":8.501665602376,"EPS_TTM":-0.244629051144,"OPERATE_INCOME_QOQ":-5.911217696224,"NET_PROFIT_RATIO":-5.5283998429,"ROE_AVG":-3.682332612198,"GROSS_PROFIT_QOQ":-19.684596677158,"ROA":-0.824275748078,"HOLDER_PROFIT_QOQ":-264.397111216267,"ROE_YEARLY":-7.364665224397,"ROIC_YEARLY":-2.118367166189,"TOTAL_ASSETS":82652860756.58,"TOTAL_LIABILITIES":59737745903.63,"TAX_EBT":23.339982509809,"OCF_SALES":14.190951287514,"TOTAL_PARENT_EQUITY":18287406923.9,"DEBT_ASSET_RATIO":72.275472811,"OPERATE_PROFIT":-56605644.75,"PRETAX_PROFIT":-906132564.8,"NETCASH_OPERATE":1783087747.59,"NETCASH_INVEST":46500863.35,"NETCASH_FINANCE":-2088182807.81,"END_CASH":1842769494.26,"DIVI_RATIO":null,"DIVIDEND_RATE":null,"CURRENT_RATIO":0.626102727869,"COMMON_ACS":null,"CURRENTDEBT_DEBT":84.623845873683,"ISSUED_COMMON_SHARES":2941456200,"HK_COMMON_SHARES":528305250,"PER_SHARES":500,"TOTAL_MARKET_CAP":3735649374,"HKSK_MARKET_CAP":670947667.5,"PE_TTM":-2.738630423442,"PB_TTM":0.211154994089,"REPORT_DATE_SQ":"2022-06-30 00:00:00","REPORT_TYPE_SQ":"2022年中报","OPERATE_INCOME_SQ":16676428365.83,"DPS_HKD":null,"OPERATE_INCOME_QOQ_SQ":3.812283314305,"NET_PROFIT_RATIO_SQ":1.6430526652,"HOLDER_PROFIT_SQ":230141463.76,"HOLDER_PROFIT_QOQ_SQ":-72.553810305021,"ROE_AVG_SQ":1.200580557672,"PE_TTM_SQ":-6.568147458585,"PB_TTM_SQ":0.312915350394,"ROA_SQ":0.273932219553,"START_DATE":"2023-01-01 00:00:00","FISCAL_YEAR":"12-31","CURRENCY":"HKD","IS_CNY_CODE":0,"DPS_HKD_LY":null,"ORG_TYPE":"一般企业","PREMIUM_INCOME":null,"PREMIUM_INCOME_YOY":null,"NET_INTEREST_INCOME":null,"NET_INTEREST_INCOME_YOY":null,"FEE_COMMISSION_INCOME":null,"FEE_COMMISSION_INCOME_YOY":null,"ACCOUNTS_RECE_TDAYS":3.264402846686,"INVENTORY_TDAYS":1.690720968578,"CURRENT_ASSETS_TDAYS":0.390395480992,"TOTAL_ASSETS_TDAYS":0.150520166639,"PREMIUM_EXPENSE":null,"LOAN_DEPOSIT":null,"LOAN_EQUITY":null,"LOAN_ASSETS":null,"DEPOSIT_EQUITY":null,"DEPOSIT_ASSETS":null,"EQUITY_MULTIPLIER":3.606914531609,"EQUITY_RATIO":3.266605601998},{"SECUCODE":"01812.HK","SECURITY_CODE":"01812","SECURITY_NAME_ABBR":"晨鸣纸业","ORG_CODE":"10004336","STD_REPORT_DATE":"2023-03-31 00:00:00","REPORT_DATE":"2023-03-31 00:00:00","DATE_TYPE_CODE":"003","REPORT_TYPE":"2023年一季报","PER_NETCASH_OPERATE":0.307695398971,"PER_OI":2.065922243931,"BPS":6.060526680333,"BASIC_EPS":-0.101,"DILUTED_EPS":-0.101,"OPERATE_INCOME":6155915692.16,"OPERATE_INCOME_YOY":-27.7048979549,"GROSS_PROFIT":647367450.07,"GROSS_PROFIT_YOY":-52.389521405816,"HOLDER_PROFIT":-275409967.37,"HOLDER_PROFIT_YOY":-341.761954601,"GROSS_PROFIT_RATIO":10.516184471052,"EPS_TTM":-0.067132544034,"OPERATE_INCOME_QOQ":-7.371079527758,"NET_PROFIT_RATIO":-4.349707684,"ROE_AVG":-1.453069366747,"GROSS_PROFIT_QOQ":-15.383373078153,"ROA":-0.331075495083,"HOLDER_PROFIT_QOQ":-205.677820682581,"ROE_YEARLY":-5.812277466987,"ROIC_YEARLY":-1.680277528796,"TOTAL_ASSETS":82071892371,"TOTAL_LIABILITIES":58597784636.7,"TAX_EBT":18.932529695043,"OCF_SALES":14.893851880195,"TOTAL_PARENT_EQUITY":18822773779.13,"DEBT_ASSET_RATIO":71.3981156567,"OPERATE_PROFIT":130906125.16,"PRETAX_PROFIT":-330298129.29,"NETCASH_OPERATE":916852965.06,"NETCASH_INVEST":-17745698.36,"NETCASH_FINANCE":-2099312947.21,"END_CASH":884376122.37,"DIVI_RATIO":null,"DIVIDEND_RATE":null,"CURRENT_RATIO":0.613324766375,"COMMON_ACS":null,"CURRENTDEBT_DEBT":86.045756621354,"ISSUED_COMMON_SHARES":2941456200,"HK_COMMON_SHARES":528305250,"PER_SHARES":500,"TOTAL_MARKET_CAP":3735649374,"HKSK_MARKET_CAP":670947667.5,"PE_TTM":-2.738630423442,"PB_TTM":0.211154994089,"REPORT_DATE_SQ":"2022-03-31 00:00:00","REPORT_TYPE_SQ":"2022年一季报","OPERATE_INCOME_SQ":8514983059.74,"DPS_HKD":null,"OPERATE_INCOME_QOQ_SQ":-5.12038328107,"NET_PROFIT_RATIO_SQ":1.5464764694,"HOLDER_PROFIT_SQ":113917827.9,"HOLDER_PROFIT_QOQ_SQ":-51.568723793055,"ROE_AVG_SQ":0.5937268883,"PE_TTM_SQ":-6.568147458585,"PB_TTM_SQ":0.312915350394,"ROA_SQ":0.137477794278,"START_DATE":"2023-01-01 00:00:00","FISCAL_YEAR":"12-31","CURRENCY":"HKD","IS_CNY_CODE":0,"DPS_HKD_LY":null,"ORG_TYPE":"一般企业","PREMIUM_INCOME":null,"PREMIUM_INCOME_YOY":null,"NET_INTEREST_INCOME":null,"NET_INTEREST_INCOME_YOY":null,"FEE_COMMISSION_INCOME":null,"FEE_COMMISSION_INCOME_YOY":null,"ACCOUNTS_RECE_TDAYS":1.498317487306,"INVENTORY_TDAYS":0.790335404733,"CURRENT_ASSETS_TDAYS":0.193448906096,"TOTAL_ASSETS_TDAYS":0.074001418864,"PREMIUM_EXPENSE":null,"LOAN_DEPOSIT":null,"LOAN_EQUITY":null,"LOAN_ASSETS":null,"DEPOSIT_EQUITY":null,"DEPOSIT_ASSETS":null,"EQUITY_MULTIPLIER":3.496273140599,"EQUITY_RATIO":3.113132279243},{"SECUCODE":"01812.HK","SECURITY_CODE":"01812","SECURITY_NAME_ABBR":"晨鸣纸业","ORG_CODE":"10004336","STD_REPORT_DATE":"2022-12-31 00:00:00","REPORT_DATE":"2022-12-31 00:00:00","DATE_TYPE_CODE":"001","REPORT_TYPE":"2022年年报","PER_NETCASH_OPERATE":1.15775929957,"PER_OI":10.740649751818,"BPS":6.149527399021,"BASIC_EPS":0.03,"DILUTED_EPS":0.03,"OPERATE_INCOME":32004367320.91,"OPERATE_INCOME_YOY":-3.075259678,"GROSS_PROFIT":4630641613.91,"GROSS_PROFIT_YOY":-40.614043748471,"HOLDER_PROFIT":189290120.82,"HOLDER_PROFIT_YOY":-90.8356853306,"GROSS_PROFIT_RATIO":14.468780362,"EPS_TTM":0.063525670382,"OPERATE_INCOME_QOQ":-1.869925013139,"NET_PROFIT_RATIO":0.9916230752,"ROE_AVG":0.990981580283,"GROSS_PROFIT_QOQ":-4.914324644063,"ROA":0.226501521177,"HOLDER_PROFIT_QOQ":52.949719581986,"ROE_YEARLY":0.990981580283,"ROIC_YEARLY":0.289165796825,"TOTAL_ASSETS":84301017409.62,"TOTAL_LIABILITIES":60572763589.01,"TAX_EBT":-74.11742286476,"OCF_SALES":10.779229621315,"TOTAL_PARENT_EQUITY":19084565494.92,"DEBT_ASSET_RATIO":71.8529448995,"OPERATE_PROFIT":2328825497.06,"PRETAX_PROFIT":182269348,"NETCASH_OPERATE":3449824242.37,"NETCASH_INVEST":-2444970888.97,"NETCASH_FINANCE":-1981060080.45,"END_CASH":2159460149.51,"DIVI_RATIO":null,"DIVIDEND_RATE":null,"CURRENT_RATIO":0.630447760258,"COMMON_ACS":null,"CURRENTDEBT_DEBT":85.680007574933,"ISSUED_COMMON_SHARES":2941456200,"HK_COMMON_SHARES":528305250,"PER_SHARES":500,"TOTAL_MARKET_CAP":3735649374,"HKSK_MARKET_CAP":670947667.5,"PE_TTM":-2.738630423442,"PB_TTM":0.211154994089,"REPORT_DATE_SQ":"2021-12-31 00:00:00","REPORT_TYPE_SQ":"2021年年报","OPERATE_INCOME_SQ":33019812294.14,"DPS_HKD":null,"OPERATE_INCOME_QOQ_SQ":-4.081949929185,"NET_PROFIT_RATIO_SQ":6.3285763191,"HOLDER_PROFIT_SQ":2065513108.71,"HOLDER_PROFIT_QOQ_SQ":-26.697773827651,"ROE_AVG_SQ":9.52579222932,"PE_TTM_SQ":-6.568147458585,"PB_TTM_SQ":0.312915350394,"ROA_SQ":2.368478010444,"START_DATE":"2022-01-01 00:00:00","FISCAL_YEAR":"12-31","CURRENCY":"HKD","IS_CNY_CODE":0,"DPS_HKD_LY":null,"ORG_TYPE":"一般企业","PREMIUM_INCOME":null,"PREMIUM_INCOME_YOY":null,"NET_INTEREST_INCOME":null,"NET_INTEREST_INCOME_YOY":null,"FEE_COMMISSION_INCOME":null,"FEE_COMMISSION_INCOME_YOY":null,"ACCOUNTS_RECE_TDAYS":8.854196640064,"INVENTORY_TDAYS":4.522882724973,"CURRENT_ASSETS_TDAYS":0.975892561741,"TOTAL_ASSETS_TDAYS":0.382959123862,"PREMIUM_EXPENSE":null,"LOAN_DEPOSIT":null,"LOAN_EQUITY":null,"LOAN_ASSETS":null,"DEPOSIT_EQUITY":null,"DEPOSIT_ASSETS":null,"EQUITY_MULTIPLIER":3.552769539938,"EQUITY_RATIO":3.173913684602},{"SECUCODE":"01812.HK","SECURITY_CODE":"01812","SECURITY_NAME_ABBR":"晨鸣纸业","ORG_CODE":"10004336","STD_REPORT_DATE":"2022-09-30 00:00:00","REPORT_DATE":"2022-09-30 00:00:00","DATE_TYPE_CODE":"004","REPORT_TYPE":"2022年三季报","PER_NETCASH_OPERATE":0.385093631929,"PER_OI":8.496737558646,"BPS":6.182337630045,"BASIC_EPS":0.06,"DILUTED_EPS":0.06,"OPERATE_INCOME":25356033895.76,"OPERATE_INCOME_YOY":-1.574370679,"GROSS_PROFIT":3579329750.82,"GROSS_PROFIT_YOY":-45.944720214819,"HOLDER_PROFIT":240575860.63,"HOLDER_PROFIT_YOY":-88.9761886763,"GROSS_PROFIT_RATIO":14.568686242598,"EPS_TTM":0.041471538209,"OPERATE_INCOME_QOQ":0.279197662329,"NET_PROFIT_RATIO":1.1885225492,"ROE_AVG":1.25630162459,"GROSS_PROFIT_QOQ":-4.646181429868,"ROA":0.288020190147,"HOLDER_PROFIT_QOQ":-54.924211351993,"ROE_YEARLY":1.675068832786,"ROIC_YEARLY":0.364860770749,"TOTAL_ASSETS":84213403952.72,"TOTAL_LIABILITIES":60455748975.05,"TAX_EBT":-22.662158696387,"OCF_SALES":4.532252870833,"TOTAL_PARENT_EQUITY":19181075352.39,"DEBT_ASSET_RATIO":71.7887487472,"OPERATE_PROFIT":1731099827.92,"PRETAX_PROFIT":245684719.43,"NETCASH_OPERATE":1149199574.17,"NETCASH_INVEST":-999164406.72,"NETCASH_FINANCE":-1241316289.61,"END_CASH":2054783016.38,"DIVI_RATIO":null,"DIVIDEND_RATE":null,"CURRENT_RATIO":0.685698457269,"COMMON_ACS":null,"CURRENTDEBT_DEBT":83.567998927298,"ISSUED_COMMON_SHARES":2941456200,"HK_COMMON_SHARES":528305250,"PER_SHARES":500,"TOTAL_MARKET_CAP":3735649374,"HKSK_MARKET_CAP":670947667.5,"PE_TTM":-2.738630423442,"PB_TTM":0.211154994089,"REPORT_DATE_SQ":"2021-09-30 00:00:00","REPORT_TYPE_SQ":"2021年三季报","OPERATE_INCOME_SQ":25761617244.09,"DPS_HKD":null,"OPERATE_INCOME_QOQ_SQ":0.336629440775,"NET_PROFIT_RATIO_SQ":8.260510164,"HOLDER_PROFIT_SQ":2182329264.95,"HOLDER_PROFIT_QOQ_SQ":-12.403444464254,"ROE_AVG_SQ":9.638984800304,"PE_TTM_SQ":-6.568147458585,"PB_TTM_SQ":0.312915350394,"ROA_SQ":2.453498359882,"START_DATE":"2022-01-01 00:00:00","FISCAL_YEAR":"12-31","CURRENCY":"HKD","IS_CNY_CODE":0,"DPS_HKD_LY":null,"ORG_TYPE":"一般企业","PREMIUM_INCOME":null,"PREMIUM_INCOME_YOY":null,"NET_INTEREST_INCOME":null,"NET_INTEREST_INCOME_YOY":null,"FEE_COMMISSION_INCOME":null,"FEE_COMMISSION_INCOME_YOY":null,"ACCOUNTS_RECE_TDAYS":5.345378663721,"INVENTORY_TDAYS":4.11205202394,"CURRENT_ASSETS_TDAYS":0.751143954863,"TOTAL_ASSETS_TDAYS":0.303565357094,"PREMIUM_EXPENSE":null,"LOAN_DEPOSIT":null,"LOAN_EQUITY":null,"LOAN_ASSETS":null,"DEPOSIT_EQUITY":null,"DEPOSIT_ASSETS":null,"EQUITY_MULTIPLIER":3.544685030235,"EQUITY_RATIO":3.151843567911}],"count":67},"success":true,"message":"ok","code":0}