{"version":"6e4e1ac3e7ad3678a8369cadc55d5550","result":{"pages":3,"data":[{"SECUCODE":"01815.HK","SECURITY_CODE":"01815","SECURITY_NAME_ABBR":"金猫银猫","ORG_CODE":"10715661","STD_REPORT_DATE":"2024-06-30 00:00:00","REPORT_DATE":"2024-06-30 00:00:00","DATE_TYPE_CODE":"002","REPORT_TYPE":"2024年中报","PER_NETCASH_OPERATE":0.018110067071,"PER_OI":0.081395130158,"BPS":1.070788211385,"BASIC_EPS":-0.01,"DILUTED_EPS":null,"OPERATE_INCOME":100757000,"OPERATE_INCOME_YOY":-54.1957422047,"GROSS_PROFIT":26707000,"GROSS_PROFIT_YOY":102.249148049981,"HOLDER_PROFIT":-10986000,"HOLDER_PROFIT_YOY":26.9936204147,"GROSS_PROFIT_RATIO":26.506346953562,"EPS_TTM":-0.024991213976,"OPERATE_INCOME_QOQ":-23.817857799302,"NET_PROFIT_RATIO":-14.5151205375,"ROE_AVG":-0.825397540937,"GROSS_PROFIT_QOQ":36.0726689821,"ROA":-0.689649760748,"HOLDER_PROFIT_QOQ":11.606377507286,"ROE_YEARLY":-1.650795081875,"ROIC_YEARLY":-1.864416559468,"TOTAL_ASSETS":1599404000,"TOTAL_LIABILITIES":286719000,"TAX_EBT":-11.522037517157,"OCF_SALES":22.249570749427,"TOTAL_PARENT_EQUITY":1325502000,"DEBT_ASSET_RATIO":17.9266151641,"OPERATE_PROFIT":-10524000,"PRETAX_PROFIT":-13114000,"NETCASH_OPERATE":22418000,"NETCASH_INVEST":-9946000,"NETCASH_FINANCE":-516000,"END_CASH":431466000,"DIVI_RATIO":null,"DIVIDEND_RATE":null,"CURRENT_RATIO":5.539216237886,"COMMON_ACS":3000000000,"CURRENTDEBT_DEBT":99.181428506656,"ISSUED_COMMON_SHARES":1237875040,"HK_COMMON_SHARES":1237875040,"PER_SHARES":1000,"TOTAL_MARKET_CAP":804618776,"HKSK_MARKET_CAP":804618776,"PE_TTM":-23.434058000937,"PB_TTM":0.554023656305,"REPORT_DATE_SQ":"2023-06-30 00:00:00","REPORT_TYPE_SQ":"2023年中报","OPERATE_INCOME_SQ":219973000,"DPS_HKD":null,"OPERATE_INCOME_QOQ_SQ":-34.538189174953,"NET_PROFIT_RATIO_SQ":-9.2570451828,"HOLDER_PROFIT_SQ":-15048000,"HOLDER_PROFIT_QOQ_SQ":-18.38456430887,"ROE_AVG_SQ":-1.103256542338,"PE_TTM_SQ":-10.537844583555,"PB_TTM_SQ":0.235589749201,"ROA_SQ":-0.90316783959,"START_DATE":"2024-01-01 00:00:00","FISCAL_YEAR":"12-31","CURRENCY":"HKD","IS_CNY_CODE":0,"DPS_HKD_LY":null,"ORG_TYPE":"一般企业","PREMIUM_INCOME":null,"PREMIUM_INCOME_YOY":null,"NET_INTEREST_INCOME":null,"NET_INTEREST_INCOME_YOY":null,"FEE_COMMISSION_INCOME":null,"FEE_COMMISSION_INCOME_YOY":null,"ACCOUNTS_RECE_TDAYS":0.745928218188,"INVENTORY_TDAYS":0.075727593376,"CURRENT_ASSETS_TDAYS":0.064472967707,"TOTAL_ASSETS_TDAYS":0.063250537906,"PREMIUM_EXPENSE":null,"LOAN_DEPOSIT":null,"LOAN_EQUITY":null,"LOAN_ASSETS":null,"DEPOSIT_EQUITY":null,"DEPOSIT_ASSETS":null,"EQUITY_MULTIPLIER":1.218421784357,"EQUITY_RATIO":0.216309745289},{"SECUCODE":"01815.HK","SECURITY_CODE":"01815","SECURITY_NAME_ABBR":"金猫银猫","ORG_CODE":"10715661","STD_REPORT_DATE":"2023-12-31 00:00:00","REPORT_DATE":"2023-12-31 00:00:00","DATE_TYPE_CODE":"001","REPORT_TYPE":"2023年年报","PER_NETCASH_OPERATE":-0.045639501706,"PER_OI":0.404347760336,"BPS":1.079663097497,"BASIC_EPS":-0.028,"DILUTED_EPS":null,"OPERATE_INCOME":500532000,"OPERATE_INCOME_YOY":-72.0421759125,"GROSS_PROFIT":37430000,"GROSS_PROFIT_YOY":-28.542792233825,"HOLDER_PROFIT":-34998000,"HOLDER_PROFIT_YOY":-36.6949185642,"GROSS_PROFIT_RATIO":7.478043361863,"EPS_TTM":-0.02827264374,"OPERATE_INCOME_QOQ":-57.291398243982,"NET_PROFIT_RATIO":-9.6900897445,"ROE_AVG":-2.58481063703,"GROSS_PROFIT_QOQ":-7.789712258573,"ROA":-2.174677601156,"HOLDER_PROFIT_QOQ":-15.466842626196,"ROE_YEARLY":-2.58481063703,"ROIC_YEARLY":-3.00565266754,"TOTAL_ASSETS":1586561000,"TOTAL_LIABILITIES":259251000,"TAX_EBT":-0.603596689552,"OCF_SALES":-11.287190429383,"TOTAL_PARENT_EQUITY":1336488000,"DEBT_ASSET_RATIO":16.3404369577,"OPERATE_PROFIT":-34752000,"PRETAX_PROFIT":-48211000,"NETCASH_OPERATE":-56496000,"NETCASH_INVEST":-4832000,"NETCASH_FINANCE":5624000,"END_CASH":419510000,"DIVI_RATIO":null,"DIVIDEND_RATE":null,"CURRENT_RATIO":6.062084794739,"COMMON_ACS":3000000000,"CURRENTDEBT_DEBT":98.648414085192,"ISSUED_COMMON_SHARES":1237875040,"HK_COMMON_SHARES":1237875040,"PER_SHARES":1000,"TOTAL_MARKET_CAP":245099257.92,"HKSK_MARKET_CAP":245099257.92,"PE_TTM":-7.138374591055,"PB_TTM":0.168764129151,"REPORT_DATE_SQ":"2022-12-31 00:00:00","REPORT_TYPE_SQ":"2022年年报","OPERATE_INCOME_SQ":1790311000,"DPS_HKD":null,"OPERATE_INCOME_QOQ_SQ":81.463803753114,"NET_PROFIT_RATIO_SQ":-1.9142484183,"HOLDER_PROFIT_SQ":-25603000,"HOLDER_PROFIT_QOQ_SQ":15.557387862797,"ROE_AVG_SQ":-1.849543537741,"PE_TTM_SQ":-9.408789806745,"PB_TTM_SQ":0.210347990358,"ROA_SQ":-1.629367434034,"START_DATE":"2023-01-01 00:00:00","FISCAL_YEAR":"12-31","CURRENCY":"HKD","IS_CNY_CODE":0,"DPS_HKD_LY":null,"ORG_TYPE":"一般企业","PREMIUM_INCOME":null,"PREMIUM_INCOME_YOY":null,"NET_INTEREST_INCOME":null,"NET_INTEREST_INCOME_YOY":null,"FEE_COMMISSION_INCOME":null,"FEE_COMMISSION_INCOME_YOY":null,"ACCOUNTS_RECE_TDAYS":4.17379557631,"INVENTORY_TDAYS":0.469144582219,"CURRENT_ASSETS_TDAYS":0.318581705096,"TOTAL_ASSETS_TDAYS":0.311016552106,"PREMIUM_EXPENSE":null,"LOAN_DEPOSIT":null,"LOAN_EQUITY":null,"LOAN_ASSETS":null,"DEPOSIT_EQUITY":null,"DEPOSIT_ASSETS":null,"EQUITY_MULTIPLIER":1.19532061086,"EQUITY_RATIO":0.193979294988},{"SECUCODE":"01815.HK","SECURITY_CODE":"01815","SECURITY_NAME_ABBR":"金猫银猫","ORG_CODE":"10715661","STD_REPORT_DATE":"2023-06-30 00:00:00","REPORT_DATE":"2023-06-30 00:00:00","DATE_TYPE_CODE":"002","REPORT_TYPE":"2023年中报","PER_NETCASH_OPERATE":0.002759567719,"PER_OI":0.177702104729,"BPS":1.095779425361,"BASIC_EPS":-0.02,"DILUTED_EPS":null,"OPERATE_INCOME":219973000,"OPERATE_INCOME_YOY":-73.7600708088,"GROSS_PROFIT":13205000,"GROSS_PROFIT_YOY":-47.167320156838,"HOLDER_PROFIT":-15048000,"HOLDER_PROFIT_YOY":-45.5178416014,"GROSS_PROFIT_RATIO":6.003009460252,"EPS_TTM":-0.02448550865,"OPERATE_INCOME_QOQ":-34.538189174953,"NET_PROFIT_RATIO":-9.2570451828,"ROE_AVG":-1.103256542338,"GROSS_PROFIT_QOQ":-22.506252267043,"ROA":-0.90316783959,"HOLDER_PROFIT_QOQ":-18.38456430887,"ROE_YEARLY":-2.206513084675,"ROIC_YEARLY":-2.546816669565,"TOTAL_ASSETS":1700148000,"TOTAL_LIABILITIES":344699000,"TAX_EBT":2.592681176752,"OCF_SALES":1.552917858101,"TOTAL_PARENT_EQUITY":1356438000,"DEBT_ASSET_RATIO":20.2746466778,"OPERATE_PROFIT":-17444000,"PRETAX_PROFIT":-20905000,"NETCASH_OPERATE":3416000,"NETCASH_INVEST":-1763000,"NETCASH_FINANCE":13432000,"END_CASH":490299000,"DIVI_RATIO":null,"DIVIDEND_RATE":null,"CURRENT_RATIO":4.864705123544,"COMMON_ACS":3000000000,"CURRENTDEBT_DEBT":98.953579789904,"ISSUED_COMMON_SHARES":1237875040,"HK_COMMON_SHARES":1237875040,"PER_SHARES":1000,"TOTAL_MARKET_CAP":245099257.92,"HKSK_MARKET_CAP":245099257.92,"PE_TTM":-7.138374591055,"PB_TTM":0.168764129151,"REPORT_DATE_SQ":"2022-06-30 00:00:00","REPORT_TYPE_SQ":"2022年中报","OPERATE_INCOME_SQ":838314000,"DPS_HKD":null,"OPERATE_INCOME_QOQ_SQ":170.903134927935,"NET_PROFIT_RATIO_SQ":-1.9856521542,"HOLDER_PROFIT_SQ":-10341000,"HOLDER_PROFIT_QOQ_SQ":-42804.2253521127,"ROE_AVG_SQ":-0.742931428816,"PE_TTM_SQ":-9.408789806745,"PB_TTM_SQ":0.210347990358,"ROA_SQ":-0.659549661711,"START_DATE":"2023-01-01 00:00:00","FISCAL_YEAR":"12-31","CURRENCY":"HKD","IS_CNY_CODE":0,"DPS_HKD_LY":null,"ORG_TYPE":"一般企业","PREMIUM_INCOME":null,"PREMIUM_INCOME_YOY":null,"NET_INTEREST_INCOME":null,"NET_INTEREST_INCOME_YOY":null,"FEE_COMMISSION_INCOME":null,"FEE_COMMISSION_INCOME_YOY":null,"ACCOUNTS_RECE_TDAYS":1.940824069172,"INVENTORY_TDAYS":0.20380498128,"CURRENT_ASSETS_TDAYS":0.135317869934,"TOTAL_ASSETS_TDAYS":0.132025876647,"PREMIUM_EXPENSE":null,"LOAN_DEPOSIT":null,"LOAN_EQUITY":null,"LOAN_ASSETS":null,"DEPOSIT_EQUITY":null,"DEPOSIT_ASSETS":null,"EQUITY_MULTIPLIER":1.254306137671,"EQUITY_RATIO":0.254120719119},{"SECUCODE":"01815.HK","SECURITY_CODE":"01815","SECURITY_NAME_ABBR":"金猫银猫","ORG_CODE":"10715661","STD_REPORT_DATE":"2022-12-31 00:00:00","REPORT_DATE":"2022-12-31 00:00:00","DATE_TYPE_CODE":"001","REPORT_TYPE":"2022年年报","PER_NETCASH_OPERATE":0.060063413186,"PER_OI":1.446277646894,"BPS":1.107935741236,"BASIC_EPS":-0.021,"DILUTED_EPS":null,"OPERATE_INCOME":1790311000,"OPERATE_INCOME_YOY":391.5911331267,"GROSS_PROFIT":52381000,"GROSS_PROFIT_YOY":-16.996529703519,"HOLDER_PROFIT":-25603000,"HOLDER_PROFIT_YOY":-36160.5633802817,"GROSS_PROFIT_RATIO":2.92580451106,"EPS_TTM":-0.020683024678,"OPERATE_INCOME_QOQ":81.463803753114,"NET_PROFIT_RATIO":-1.9142484183,"ROE_AVG":-1.849543537741,"GROSS_PROFIT_QOQ":13.723404255319,"ROA":-1.629367434034,"HOLDER_PROFIT_QOQ":15.557387862797,"ROE_YEARLY":-1.849543537741,"ROIC_YEARLY":-2.178512429042,"TOTAL_ASSETS":1632123000,"TOTAL_LIABILITIES":256311000,"TAX_EBT":-2.604712433759,"OCF_SALES":4.152965602066,"TOTAL_PARENT_EQUITY":1371486000,"DEBT_ASSET_RATIO":15.7041472977,"OPERATE_PROFIT":-26357000,"PRETAX_PROFIT":-33401000,"NETCASH_OPERATE":74351000,"NETCASH_INVEST":1673000,"NETCASH_FINANCE":86541000,"END_CASH":475214000,"DIVI_RATIO":null,"DIVIDEND_RATE":null,"CURRENT_RATIO":6.29340649783,"COMMON_ACS":3000000000,"CURRENTDEBT_DEBT":98.687141792588,"ISSUED_COMMON_SHARES":1237875040,"HK_COMMON_SHARES":1237875040,"PER_SHARES":1000,"TOTAL_MARKET_CAP":245099257.92,"HKSK_MARKET_CAP":245099257.92,"PE_TTM":-7.138374591055,"PB_TTM":0.168764129151,"REPORT_DATE_SQ":"2021-12-31 00:00:00","REPORT_TYPE_SQ":"2021年年报","OPERATE_INCOME_SQ":364187000,"DPS_HKD":null,"OPERATE_INCOME_QOQ_SQ":4.974202288646,"NET_PROFIT_RATIO_SQ":0.019495479,"HOLDER_PROFIT_SQ":71000,"HOLDER_PROFIT_QOQ_SQ":-97.612642905178,"ROE_AVG_SQ":0.005082124629,"PE_TTM_SQ":-9.408789806745,"PB_TTM_SQ":0.210347990358,"ROA_SQ":0.00459569086,"START_DATE":"2022-01-01 00:00:00","FISCAL_YEAR":"12-31","CURRENCY":"HKD","IS_CNY_CODE":0,"DPS_HKD_LY":null,"ORG_TYPE":"一般企业","PREMIUM_INCOME":null,"PREMIUM_INCOME_YOY":null,"NET_INTEREST_INCOME":null,"NET_INTEREST_INCOME_YOY":null,"FEE_COMMISSION_INCOME":null,"FEE_COMMISSION_INCOME_YOY":null,"ACCOUNTS_RECE_TDAYS":12.584073720021,"INVENTORY_TDAYS":1.762463491806,"CURRENT_ASSETS_TDAYS":1.165515838334,"TOTAL_ASSETS_TDAYS":1.139348685776,"PREMIUM_EXPENSE":null,"LOAN_DEPOSIT":null,"LOAN_EQUITY":null,"LOAN_ASSETS":null,"DEPOSIT_EQUITY":null,"DEPOSIT_ASSETS":null,"EQUITY_MULTIPLIER":1.186297982573,"EQUITY_RATIO":0.186885611665},{"SECUCODE":"01815.HK","SECURITY_CODE":"01815","SECURITY_NAME_ABBR":"金猫银猫","ORG_CODE":"10715661","STD_REPORT_DATE":"2022-06-30 00:00:00","REPORT_DATE":"2022-06-30 00:00:00","DATE_TYPE_CODE":"002","REPORT_TYPE":"2022年中报","PER_NETCASH_OPERATE":-0.01412420433,"PER_OI":0.677220214409,"BPS":1.120264934011,"BASIC_EPS":-0.01,"DILUTED_EPS":null,"OPERATE_INCOME":838314000,"OPERATE_INCOME_YOY":288.2755075102,"GROSS_PROFIT":24994000,"GROSS_PROFIT_YOY":-40.548512166694,"HOLDER_PROFIT":-10341000,"HOLDER_PROFIT_YOY":-151.5760598504,"GROSS_PROFIT_RATIO":2.981460407437,"EPS_TTM":-0.02449358701,"OPERATE_INCOME_QOQ":170.903134927935,"NET_PROFIT_RATIO":-1.9856521542,"ROE_AVG":-0.742931428816,"GROSS_PROFIT_QOQ":-27.01285118925,"ROA":-0.659549661711,"HOLDER_PROFIT_QOQ":-42804.2253521127,"ROE_YEARLY":-1.485862857631,"ROIC_YEARLY":-1.69616071619,"TOTAL_ASSETS":1625207000,"TOTAL_LIABILITIES":233448000,"TAX_EBT":-0.042069835928,"OCF_SALES":-2.085614698073,"TOTAL_PARENT_EQUITY":1386748000,"DEBT_ASSET_RATIO":14.364200991,"OPERATE_PROFIT":-15569000,"PRETAX_PROFIT":-16639000,"NETCASH_OPERATE":-17484000,"NETCASH_INVEST":1632000,"NETCASH_FINANCE":82635000,"END_CASH":379432000,"DIVI_RATIO":null,"DIVIDEND_RATE":null,"CURRENT_RATIO":6.897368112111,"COMMON_ACS":3000000000,"CURRENTDEBT_DEBT":98.517442856653,"ISSUED_COMMON_SHARES":1237875040,"HK_COMMON_SHARES":1237875040,"PER_SHARES":1000,"TOTAL_MARKET_CAP":245099257.92,"HKSK_MARKET_CAP":245099257.92,"PE_TTM":-7.138374591055,"PB_TTM":0.168764129151,"REPORT_DATE_SQ":"2021-06-30 00:00:00","REPORT_TYPE_SQ":"2021年中报","OPERATE_INCOME_SQ":215907000,"DPS_HKD":null,"OPERATE_INCOME_QOQ_SQ":-0.240965241195,"NET_PROFIT_RATIO_SQ":9.286405721,"HOLDER_PROFIT_SQ":20050000,"HOLDER_PROFIT_QOQ_SQ":108.353228660506,"ROE_AVG_SQ":1.424974218983,"PE_TTM_SQ":-9.408789806745,"PB_TTM_SQ":0.210347990358,"ROA_SQ":1.260718068542,"START_DATE":"2022-01-01 00:00:00","FISCAL_YEAR":"12-31","CURRENCY":"HKD","IS_CNY_CODE":0,"DPS_HKD_LY":null,"ORG_TYPE":"一般企业","PREMIUM_INCOME":null,"PREMIUM_INCOME_YOY":null,"NET_INTEREST_INCOME":null,"NET_INTEREST_INCOME_YOY":null,"FEE_COMMISSION_INCOME":null,"FEE_COMMISSION_INCOME_YOY":null,"ACCOUNTS_RECE_TDAYS":4.940107427716,"INVENTORY_TDAYS":0.809868744346,"CURRENT_ASSETS_TDAYS":0.546747678497,"TOTAL_ASSETS_TDAYS":0.534677221842,"PREMIUM_EXPENSE":null,"LOAN_DEPOSIT":null,"LOAN_EQUITY":null,"LOAN_ASSETS":null,"DEPOSIT_EQUITY":null,"DEPOSIT_ASSETS":null,"EQUITY_MULTIPLIER":1.167735937041,"EQUITY_RATIO":0.168342049168},{"SECUCODE":"01815.HK","SECURITY_CODE":"01815","SECURITY_NAME_ABBR":"金猫银猫","ORG_CODE":"10715661","STD_REPORT_DATE":"2021-12-31 00:00:00","REPORT_DATE":"2021-12-31 00:00:00","DATE_TYPE_CODE":"001","REPORT_TYPE":"2021年年报","PER_NETCASH_OPERATE":-0.258154490295,"PER_OI":0.294203363209,"BPS":1.128618765914,"BASIC_EPS":0,"DILUTED_EPS":null,"OPERATE_INCOME":364187000,"OPERATE_INCOME_YOY":4.7212509489,"GROSS_PROFIT":63107000,"GROSS_PROFIT_YOY":-28.513332880219,"HOLDER_PROFIT":71000,"HOLDER_PROFIT_YOY":100.1994213971,"GROSS_PROFIT_RATIO":17.32818579466,"EPS_TTM":0.000057356355,"OPERATE_INCOME_QOQ":4.974202288646,"NET_PROFIT_RATIO":0.019495479,"ROE_AVG":0.005082124629,"GROSS_PROFIT_QOQ":-22.21208722127,"ROA":0.00459569086,"HOLDER_PROFIT_QOQ":-97.612642905178,"ROE_YEARLY":0.005082124629,"ROIC_YEARLY":0.006684322064,"TOTAL_ASSETS":1510569000,"TOTAL_LIABILITIES":113480000,"TAX_EBT":99.152137568665,"OCF_SALES":-87.746954174641,"TOTAL_PARENT_EQUITY":1397089000,"DEBT_ASSET_RATIO":7.5124009562,"OPERATE_PROFIT":8829000,"PRETAX_PROFIT":8374000,"NETCASH_OPERATE":-319563000,"NETCASH_INVEST":-5174000,"NETCASH_FINANCE":-15442000,"END_CASH":312649000,"DIVI_RATIO":null,"DIVIDEND_RATE":null,"CURRENT_RATIO":13.675689908443,"COMMON_ACS":3000000000,"CURRENTDEBT_DEBT":95.381565033486,"ISSUED_COMMON_SHARES":1237875040,"HK_COMMON_SHARES":1237875040,"PER_SHARES":1000,"TOTAL_MARKET_CAP":245099257.92,"HKSK_MARKET_CAP":245099257.92,"PE_TTM":-7.138374591055,"PB_TTM":0.168764129151,"REPORT_DATE_SQ":"2020-12-31 00:00:00","REPORT_TYPE_SQ":"2020年年报","OPERATE_INCOME_SQ":347768000,"DPS_HKD":null,"OPERATE_INCOME_QOQ_SQ":-53.996812021721,"NET_PROFIT_RATIO_SQ":-10.2375721746,"HOLDER_PROFIT_SQ":-35603000,"HOLDER_PROFIT_QOQ_SQ":44.909169684028,"ROE_AVG_SQ":-2.516434075159,"PE_TTM_SQ":-9.408789806745,"PB_TTM_SQ":0.210347990358,"ROA_SQ":-2.242240439241,"START_DATE":"2021-01-01 00:00:00","FISCAL_YEAR":"12-31","CURRENCY":"HKD","IS_CNY_CODE":0,"DPS_HKD_LY":null,"ORG_TYPE":"一般企业","PREMIUM_INCOME":null,"PREMIUM_INCOME_YOY":null,"NET_INTEREST_INCOME":null,"NET_INTEREST_INCOME_YOY":null,"FEE_COMMISSION_INCOME":null,"FEE_COMMISSION_INCOME_YOY":null,"ACCOUNTS_RECE_TDAYS":1.788395150241,"INVENTORY_TDAYS":0.36919002103,"CURRENT_ASSETS_TDAYS":0.240420546326,"TOTAL_ASSETS_TDAYS":0.23573110807,"PREMIUM_EXPENSE":null,"LOAN_DEPOSIT":null,"LOAN_EQUITY":null,"LOAN_ASSETS":null,"DEPOSIT_EQUITY":null,"DEPOSIT_ASSETS":null,"EQUITY_MULTIPLIER":1.081226034991,"EQUITY_RATIO":0.081226034991},{"SECUCODE":"01815.HK","SECURITY_CODE":"01815","SECURITY_NAME_ABBR":"金猫银猫","ORG_CODE":"10715661","STD_REPORT_DATE":"2021-06-30 00:00:00","REPORT_DATE":"2021-06-30 00:00:00","DATE_TYPE_CODE":"002","REPORT_TYPE":"2021年中报","PER_NETCASH_OPERATE":-0.513695631184,"PER_OI":0.174417443622,"BPS":1.144758521022,"BASIC_EPS":0.02,"DILUTED_EPS":null,"OPERATE_INCOME":215907000,"OPERATE_INCOME_YOY":-0.3866294494,"GROSS_PROFIT":42041000,"GROSS_PROFIT_YOY":-14.5369165718,"HOLDER_PROFIT":20050000,"HOLDER_PROFIT_YOY":208.2204350408,"GROSS_PROFIT_RATIO":19.471809621735,"EPS_TTM":0.002402504214,"OPERATE_INCOME_QOQ":-0.240965241195,"NET_PROFIT_RATIO":9.286405721,"ROE_AVG":1.424974218983,"GROSS_PROFIT_QOQ":-8.100546002402,"ROA":1.260718068542,"HOLDER_PROFIT_QOQ":108.353228660506,"ROE_YEARLY":2.849948437965,"ROIC_YEARLY":3.177337422934,"TOTAL_ASSETS":1601445000,"TOTAL_LIABILITIES":184377000,"TAX_EBT":29.50070323488,"OCF_SALES":-294.520789043431,"TOTAL_PARENT_EQUITY":1417068000,"DEBT_ASSET_RATIO":11.5131646732,"OPERATE_PROFIT":28677000,"PRETAX_PROFIT":28440000,"NETCASH_OPERATE":-635891000,"NETCASH_INVEST":243000,"NETCASH_FINANCE":-13407000,"END_CASH":3773000,"DIVI_RATIO":null,"DIVIDEND_RATE":null,"CURRENT_RATIO":8.820296376493,"COMMON_ACS":3000000000,"CURRENTDEBT_DEBT":96.184448168698,"ISSUED_COMMON_SHARES":1237875040,"HK_COMMON_SHARES":1237875040,"PER_SHARES":1000,"TOTAL_MARKET_CAP":245099257.92,"HKSK_MARKET_CAP":245099257.92,"PE_TTM":-7.138374591055,"PB_TTM":0.168764129151,"REPORT_DATE_SQ":"2020-06-30 00:00:00","REPORT_TYPE_SQ":"2020年中报","OPERATE_INCOME_SQ":216745000,"DPS_HKD":null,"OPERATE_INCOME_QOQ_SQ":-39.47379798685,"NET_PROFIT_RATIO_SQ":-8.5478327066,"HOLDER_PROFIT_SQ":-18527000,"HOLDER_PROFIT_QOQ_SQ":-1171.41451898485,"ROE_AVG_SQ":-1.30164066301,"PE_TTM_SQ":-9.408789806745,"PB_TTM_SQ":0.210347990358,"ROA_SQ":-1.155297644881,"START_DATE":"2021-01-01 00:00:00","FISCAL_YEAR":"12-31","CURRENCY":"HKD","IS_CNY_CODE":0,"DPS_HKD_LY":null,"ORG_TYPE":"一般企业","PREMIUM_INCOME":null,"PREMIUM_INCOME_YOY":null,"NET_INTEREST_INCOME":null,"NET_INTEREST_INCOME_YOY":null,"FEE_COMMISSION_INCOME":null,"FEE_COMMISSION_INCOME_YOY":null,"ACCOUNTS_RECE_TDAYS":1.062304422271,"INVENTORY_TDAYS":0.17173061566,"CURRENT_ASSETS_TDAYS":0.138688679703,"TOTAL_ASSETS_TDAYS":0.135759529189,"PREMIUM_EXPENSE":null,"LOAN_DEPOSIT":null,"LOAN_EQUITY":null,"LOAN_ASSETS":null,"DEPOSIT_EQUITY":null,"DEPOSIT_ASSETS":null,"EQUITY_MULTIPLIER":1.130111610735,"EQUITY_RATIO":0.130111610734},{"SECUCODE":"01815.HK","SECURITY_CODE":"01815","SECURITY_NAME_ABBR":"金猫银猫","ORG_CODE":"10715661","STD_REPORT_DATE":"2020-12-31 00:00:00","REPORT_DATE":"2020-12-31 00:00:00","DATE_TYPE_CODE":"001","REPORT_TYPE":"2020年年报","PER_NETCASH_OPERATE":0.046179943979,"PER_OI":0.280939504201,"BPS":1.128561409559,"BASIC_EPS":-0.029,"DILUTED_EPS":null,"OPERATE_INCOME":347768000,"OPERATE_INCOME_YOY":-72.1560175118,"GROSS_PROFIT":88278000,"GROSS_PROFIT_YOY":-59.814088148802,"HOLDER_PROFIT":-35603000,"HOLDER_PROFIT_YOY":-600.4328152666,"GROSS_PROFIT_RATIO":25.384164155414,"EPS_TTM":-0.028761384509,"OPERATE_INCOME_QOQ":-53.996812021721,"NET_PROFIT_RATIO":-10.2375721746,"ROE_AVG":-2.516434075159,"GROSS_PROFIT_QOQ":-44.280195920016,"ROA":-2.242240439241,"HOLDER_PROFIT_QOQ":44.909169684028,"ROE_YEARLY":-2.516434075159,"ROIC_YEARLY":-3.343714252978,"TOTAL_ASSETS":1579282000,"TOTAL_LIABILITIES":182264000,"TAX_EBT":-15.481673694454,"OCF_SALES":16.437682592993,"TOTAL_PARENT_EQUITY":1397018000,"DEBT_ASSET_RATIO":11.5409407566,"OPERATE_PROFIT":-29108000,"PRETAX_PROFIT":-30830000,"NETCASH_OPERATE":57165000,"NETCASH_INVEST":229170000,"NETCASH_FINANCE":-26794000,"END_CASH":652828000,"DIVI_RATIO":null,"DIVIDEND_RATE":null,"CURRENT_RATIO":8.667684854181,"COMMON_ACS":3000000000,"CURRENTDEBT_DEBT":98.071478734144,"ISSUED_COMMON_SHARES":1237875040,"HK_COMMON_SHARES":1237875040,"PER_SHARES":1000,"TOTAL_MARKET_CAP":245099257.92,"HKSK_MARKET_CAP":245099257.92,"PE_TTM":-7.138374591055,"PB_TTM":0.168764129151,"REPORT_DATE_SQ":"2019-12-31 00:00:00","REPORT_TYPE_SQ":"2019年年报","OPERATE_INCOME_SQ":1248988000,"DPS_HKD":null,"OPERATE_INCOME_QOQ_SQ":-32.998771006482,"NET_PROFIT_RATIO_SQ":-0.4069694825,"HOLDER_PROFIT_SQ":-5083000,"HOLDER_PROFIT_QOQ_SQ":-104.370067231804,"ROE_AVG_SQ":-0.383238535264,"PE_TTM_SQ":-9.408789806745,"PB_TTM_SQ":0.210347990358,"ROA_SQ":-0.325362600392,"START_DATE":"2020-01-01 00:00:00","FISCAL_YEAR":"12-31","CURRENCY":"HKD","IS_CNY_CODE":0,"DPS_HKD_LY":null,"ORG_TYPE":"一般企业","PREMIUM_INCOME":null,"PREMIUM_INCOME_YOY":null,"NET_INTEREST_INCOME":null,"NET_INTEREST_INCOME_YOY":null,"FEE_COMMISSION_INCOME":null,"FEE_COMMISSION_INCOME_YOY":null,"ACCOUNTS_RECE_TDAYS":1.012055275292,"INVENTORY_TDAYS":0.470246050551,"CURRENT_ASSETS_TDAYS":0.242974878641,"TOTAL_ASSETS_TDAYS":0.219020721027,"PREMIUM_EXPENSE":null,"LOAN_DEPOSIT":null,"LOAN_EQUITY":null,"LOAN_ASSETS":null,"DEPOSIT_EQUITY":null,"DEPOSIT_ASSETS":null,"EQUITY_MULTIPLIER":1.130466464999,"EQUITY_RATIO":0.130466464999},{"SECUCODE":"01815.HK","SECURITY_CODE":"01815","SECURITY_NAME_ABBR":"金猫银猫","ORG_CODE":"10715661","STD_REPORT_DATE":"2020-06-30 00:00:00","REPORT_DATE":"2020-06-30 00:00:00","DATE_TYPE_CODE":"002","REPORT_TYPE":"2020年中报","PER_NETCASH_OPERATE":0.070465917141,"PER_OI":0.175094410176,"BPS":1.142356016808,"BASIC_EPS":-0.01,"DILUTED_EPS":null,"OPERATE_INCOME":216745000,"OPERATE_INCOME_YOY":-69.4625567791,"GROSS_PROFIT":49192000,"GROSS_PROFIT_YOY":-55.455747324194,"HOLDER_PROFIT":-18527000,"HOLDER_PROFIT_YOY":-145.1701774917,"GROSS_PROFIT_RATIO":22.695794597338,"EPS_TTM":-0.052207208249,"OPERATE_INCOME_QOQ":-39.47379798685,"NET_PROFIT_RATIO":-8.5478327066,"ROE_AVG":-1.30164066301,"GROSS_PROFIT_QOQ":-27.878583719512,"ROA":-1.155297644881,"HOLDER_PROFIT_QOQ":-1171.41451898485,"ROE_YEARLY":-2.60328132602,"ROIC_YEARLY":-3.388750106887,"TOTAL_ASSETS":1610931000,"TOTAL_LIABILITIES":196837000,"TAX_EBT":-11.460714715437,"OCF_SALES":40.244526978708,"TOTAL_PARENT_EQUITY":1414094000,"DEBT_ASSET_RATIO":12.218834947,"OPERATE_PROFIT":-14698000,"PRETAX_PROFIT":-16622000,"NETCASH_OPERATE":87228000,"NETCASH_INVEST":160274000,"NETCASH_FINANCE":-13641000,"END_CASH":627142000,"DIVI_RATIO":null,"DIVIDEND_RATE":null,"CURRENT_RATIO":8.206577177668,"COMMON_ACS":3000000000,"CURRENTDEBT_DEBT":96.320813668162,"ISSUED_COMMON_SHARES":1237875040,"HK_COMMON_SHARES":1237875040,"PER_SHARES":1000,"TOTAL_MARKET_CAP":245099257.92,"HKSK_MARKET_CAP":245099257.92,"PE_TTM":-7.138374591055,"PB_TTM":0.168764129151,"REPORT_DATE_SQ":"2019-06-30 00:00:00","REPORT_TYPE_SQ":"2019年中报","OPERATE_INCOME_SQ":709768000,"DPS_HKD":null,"OPERATE_INCOME_QOQ_SQ":-25.370708957987,"NET_PROFIT_RATIO_SQ":5.778789689,"HOLDER_PROFIT_SQ":41016000,"HOLDER_PROFIT_QOQ_SQ":-18.477400001402,"ROE_AVG_SQ":3.306294098633,"PE_TTM_SQ":-9.408789806745,"PB_TTM_SQ":0.210347990358,"ROA_SQ":2.546146420801,"START_DATE":"2020-01-01 00:00:00","FISCAL_YEAR":"12-31","CURRENCY":"HKD","IS_CNY_CODE":0,"DPS_HKD_LY":null,"ORG_TYPE":"一般企业","PREMIUM_INCOME":null,"PREMIUM_INCOME_YOY":null,"NET_INTEREST_INCOME":null,"NET_INTEREST_INCOME_YOY":null,"FEE_COMMISSION_INCOME":null,"FEE_COMMISSION_INCOME_YOY":null,"ACCOUNTS_RECE_TDAYS":0.461758878544,"INVENTORY_TDAYS":0.378714180451,"CURRENT_ASSETS_TDAYS":0.151085505564,"TOTAL_ASSETS_TDAYS":0.135156791731,"PREMIUM_EXPENSE":null,"LOAN_DEPOSIT":null,"LOAN_EQUITY":null,"LOAN_ASSETS":null,"DEPOSIT_EQUITY":null,"DEPOSIT_ASSETS":null,"EQUITY_MULTIPLIER":1.139196545633,"EQUITY_RATIO":0.139196545633}],"count":19},"success":true,"message":"ok","code":0}