{"version":"d8822e7665905940923ecbdaa9f5ff1d","result":{"pages":4,"data":[{"SECUCODE":"01810.HK","SECURITY_CODE":"01810","SECURITY_NAME_ABBR":"小米集团-W","ORG_CODE":"10932245","STD_REPORT_DATE":"2024-09-30 00:00:00","REPORT_DATE":"2024-09-30 00:00:00","DATE_TYPE_CODE":"004","REPORT_TYPE":"2024年三季报","PER_NETCASH_OPERATE":0.616612249596,"PER_OI":10.293824411012,"BPS":7.059230043087,"BASIC_EPS":0.59,"DILUTED_EPS":0.57,"OPERATE_INCOME":256901191000,"OPERATE_INCOME_YOY":29.9275771162,"GROSS_PROFIT":54105304000,"GROSS_PROFIT_YOY":29.245912801625,"HOLDER_PROFIT":14632467000,"HOLDER_PROFIT_YOY":14.7853785102,"GROSS_PROFIT_RATIO":21.060744712546,"EPS_TTM":0.775738249938,"OPERATE_INCOME_QOQ":7.004808750464,"NET_PROFIT_RATIO":5.6765688564,"ROE_AVG":8.576067583257,"GROSS_PROFIT_QOQ":4.140105201759,"ROA":4.334307745377,"HOLDER_PROFIT_QOQ":2.534464830032,"ROE_YEARLY":11.434756777677,"ROIC_YEARLY":5.750426663855,"TOTAL_ASSETS":350945365000,"TOTAL_LIABILITIES":173120841000,"TAX_EBT":22.094094238263,"OCF_SALES":5.990118200737,"TOTAL_PARENT_EQUITY":177244056000,"DEBT_ASSET_RATIO":49.3298553751,"OPERATE_PROFIT":15613022000,"PRETAX_PROFIT":18718957000,"NETCASH_OPERATE":15388685000,"NETCASH_INVEST":-6319313000,"NETCASH_FINANCE":-3099077000,"END_CASH":39655354000,"DIVI_RATIO":null,"DIVIDEND_RATE":null,"CURRENT_RATIO":1.57762766558,"COMMON_ACS":270000000000,"CURRENTDEBT_DEBT":74.293695234533,"ISSUED_COMMON_SHARES":25108128637,"HK_COMMON_SHARES":20590618503,"PER_SHARES":200,"TOTAL_MARKET_CAP":1241596961099.65,"HKSK_MARKET_CAP":1018206084973.35,"PE_TTM":57.434389738227,"PB_TTM":6.317050900427,"REPORT_DATE_SQ":"2023-09-30 00:00:00","REPORT_TYPE_SQ":"2023年三季报","OPERATE_INCOME_SQ":197726454000,"DPS_HKD":null,"OPERATE_INCOME_QOQ_SQ":0.159535648636,"NET_PROFIT_RATIO_SQ":6.4486737824,"HOLDER_PROFIT_SQ":12747675000,"HOLDER_PROFIT_QOQ_SQ":66.497871409955,"ROE_AVG_SQ":8.401852833736,"PE_TTM_SQ":18.694596115607,"PB_TTM_SQ":1.869135772282,"ROA_SQ":4.432033738246,"START_DATE":"2024-01-01 00:00:00","FISCAL_YEAR":"12-31","CURRENCY":"HKD","IS_CNY_CODE":0,"DPS_HKD_LY":null,"ORG_TYPE":"一般企业","PREMIUM_INCOME":null,"PREMIUM_INCOME_YOY":null,"NET_INTEREST_INCOME":null,"NET_INTEREST_INCOME_YOY":null,"FEE_COMMISSION_INCOME":null,"FEE_COMMISSION_INCOME_YOY":null,"ACCOUNTS_RECE_TDAYS":17.574255743297,"INVENTORY_TDAYS":4.326956891807,"CURRENT_ASSETS_TDAYS":1.278230450647,"TOTAL_ASSETS_TDAYS":0.760971353599,"PREMIUM_EXPENSE":null,"LOAN_DEPOSIT":null,"LOAN_EQUITY":null,"LOAN_ASSETS":null,"DEPOSIT_EQUITY":null,"DEPOSIT_ASSETS":null,"EQUITY_MULTIPLIER":1.973548738419,"EQUITY_RATIO":0.976737076024},{"SECUCODE":"01810.HK","SECURITY_CODE":"01810","SECURITY_NAME_ABBR":"小米集团-W","ORG_CODE":"10932245","STD_REPORT_DATE":"2024-06-30 00:00:00","REPORT_DATE":"2024-06-30 00:00:00","DATE_TYPE_CODE":"002","REPORT_TYPE":"2024年中报","PER_NETCASH_OPERATE":0.101252431133,"PER_OI":6.57769794525,"BPS":6.873142538616,"BASIC_EPS":0.37,"DILUTED_EPS":0.36,"OPERATE_INCOME":164394650000,"OPERATE_INCOME_YOY":29.6160240013,"GROSS_PROFIT":35223894000,"GROSS_PROFIT_YOY":36.778101054951,"HOLDER_PROFIT":9280063000,"HOLDER_PROFIT_YOY":17.8598199043,"GROSS_PROFIT_RATIO":21.426423548455,"EPS_TTM":0.755476475012,"OPERATE_INCOME_QOQ":7.50276405217,"NET_PROFIT_RATIO":5.6223733558,"ROE_AVG":5.514537368694,"GROSS_PROFIT_QOQ":6.749903917584,"ROA":2.785038226776,"HOLDER_PROFIT_QOQ":8.181943971359,"ROE_YEARLY":11.029074737388,"ROIC_YEARLY":7.395883768339,"TOTAL_ASSETS":342175227000,"TOTAL_LIABILITIES":168979405000,"TAX_EBT":22.340236484292,"OCF_SALES":1.539329290825,"TOTAL_PARENT_EQUITY":172571747000,"DEBT_ASSET_RATIO":49.3838804409,"OPERATE_PROFIT":9571759000,"PRETAX_PROFIT":11901763000,"NETCASH_OPERATE":2530575000,"NETCASH_INVEST":2709078000,"NETCASH_FINANCE":455300000,"END_CASH":39335820000,"DIVI_RATIO":null,"DIVIDEND_RATE":null,"CURRENT_RATIO":1.610922723634,"COMMON_ACS":270000000000,"CURRENTDEBT_DEBT":74.566731371791,"ISSUED_COMMON_SHARES":25108128637,"HK_COMMON_SHARES":20590618503,"PER_SHARES":200,"TOTAL_MARKET_CAP":1018134616230.35,"HKSK_MARKET_CAP":834949580296.65,"PE_TTM":47.097361049244,"PB_TTM":5.180109484576,"REPORT_DATE_SQ":"2023-06-30 00:00:00","REPORT_TYPE_SQ":"2023年中报","OPERATE_INCOME_SQ":126832042000,"DPS_HKD":null,"OPERATE_INCOME_QOQ_SQ":-1.057960222422,"NET_PROFIT_RATIO_SQ":6.2142514429,"HOLDER_PROFIT_SQ":7873814000,"HOLDER_PROFIT_QOQ_SQ":31.430524306139,"ROE_AVG_SQ":5.276764438931,"PE_TTM_SQ":18.579286271828,"PB_TTM_SQ":1.857606785372,"ROA_SQ":2.786877462648,"START_DATE":"2024-01-01 00:00:00","FISCAL_YEAR":"12-31","CURRENCY":"HKD","IS_CNY_CODE":0,"DPS_HKD_LY":null,"ORG_TYPE":"一般企业","PREMIUM_INCOME":null,"PREMIUM_INCOME_YOY":null,"NET_INTEREST_INCOME":null,"NET_INTEREST_INCOME_YOY":null,"FEE_COMMISSION_INCOME":null,"FEE_COMMISSION_INCOME_YOY":null,"ACCOUNTS_RECE_TDAYS":12.651475859233,"INVENTORY_TDAYS":2.692544177858,"CURRENT_ASSETS_TDAYS":0.817816981428,"TOTAL_ASSETS_TDAYS":0.493364521908,"PREMIUM_EXPENSE":null,"LOAN_DEPOSIT":null,"LOAN_EQUITY":null,"LOAN_ASSETS":null,"DEPOSIT_EQUITY":null,"DEPOSIT_ASSETS":null,"EQUITY_MULTIPLIER":1.975655203739,"EQUITY_RATIO":0.979183487086},{"SECUCODE":"01810.HK","SECURITY_CODE":"01810","SECURITY_NAME_ABBR":"小米集团-W","ORG_CODE":"10932245","STD_REPORT_DATE":"2024-03-31 00:00:00","REPORT_DATE":"2024-03-31 00:00:00","DATE_TYPE_CODE":"003","REPORT_TYPE":"2024年一季报","PER_NETCASH_OPERATE":-0.372234288935,"PER_OI":3.026386633626,"BPS":6.664623334509,"BASIC_EPS":0.17,"DILUTED_EPS":0.16,"OPERATE_INCOME":75506822000,"OPERATE_INCOME_YOY":26.9510094417,"GROSS_PROFIT":16829717000,"GROSS_PROFIT_YOY":45.189317371845,"HOLDER_PROFIT":4182061000,"HOLDER_PROFIT_YOY":-0.5180502869,"GROSS_PROFIT_RATIO":22.289001912966,"EPS_TTM":0.699548993592,"OPERATE_INCOME_QOQ":5.915665815002,"NET_PROFIT_RATIO":5.526933712,"ROE_AVG":2.524395273016,"GROSS_PROFIT_QOQ":9.113592140223,"ROA":1.284379326386,"HOLDER_PROFIT_QOQ":-0.124622514467,"ROE_YEARLY":10.097581092065,"ROIC_YEARLY":6.949866031321,"TOTAL_ASSETS":326971545000,"TOTAL_LIABILITIES":159377744000,"TAX_EBT":20.089813491095,"OCF_SALES":-12.299627707812,"TOTAL_PARENT_EQUITY":167336220000,"DEBT_ASSET_RATIO":48.7436128425,"OPERATE_PROFIT":3683038000,"PRETAX_PROFIT":5222378000,"NETCASH_OPERATE":-9287100000,"NETCASH_INVEST":10711000000,"NETCASH_FINANCE":-111000000,"END_CASH":34896200000,"DIVI_RATIO":null,"DIVIDEND_RATE":null,"CURRENT_RATIO":1.759705085791,"COMMON_ACS":270000000000,"CURRENTDEBT_DEBT":71.318192959238,"ISSUED_COMMON_SHARES":25108128637,"HK_COMMON_SHARES":20590618503,"PER_SHARES":200,"TOTAL_MARKET_CAP":1018134616230.35,"HKSK_MARKET_CAP":834949580296.65,"PE_TTM":47.097361049244,"PB_TTM":5.180109484576,"REPORT_DATE_SQ":"2023-03-31 00:00:00","REPORT_TYPE_SQ":"2023年一季报","OPERATE_INCOME_SQ":59477134000,"DPS_HKD":null,"OPERATE_INCOME_QOQ_SQ":-4.954352604342,"NET_PROFIT_RATIO_SQ":7.0886704124,"HOLDER_PROFIT_SQ":4203839000,"HOLDER_PROFIT_QOQ_SQ":193.669397703342,"ROE_AVG_SQ":2.881710724677,"PE_TTM_SQ":18.579286271828,"PB_TTM_SQ":1.857606785372,"ROA_SQ":1.563623842467,"START_DATE":"2024-01-01 00:00:00","FISCAL_YEAR":"12-31","CURRENCY":"HKD","IS_CNY_CODE":0,"DPS_HKD_LY":null,"ORG_TYPE":"一般企业","PREMIUM_INCOME":null,"PREMIUM_INCOME_YOY":null,"NET_INTEREST_INCOME":null,"NET_INTEREST_INCOME_YOY":null,"FEE_COMMISSION_INCOME":null,"FEE_COMMISSION_INCOME_YOY":null,"ACCOUNTS_RECE_TDAYS":6.358046779039,"INVENTORY_TDAYS":1.218108272125,"CURRENT_ASSETS_TDAYS":0.378413776341,"TOTAL_ASSETS_TDAYS":0.231893798723,"PREMIUM_EXPENSE":null,"LOAN_DEPOSIT":null,"LOAN_EQUITY":null,"LOAN_ASSETS":null,"DEPOSIT_EQUITY":null,"DEPOSIT_ASSETS":null,"EQUITY_MULTIPLIER":1.950976366959,"EQUITY_RATIO":0.952440206908},{"SECUCODE":"01810.HK","SECURITY_CODE":"01810","SECURITY_NAME_ABBR":"小米集团-W","ORG_CODE":"10932245","STD_REPORT_DATE":"2023-12-31 00:00:00","REPORT_DATE":"2023-12-31 00:00:00","DATE_TYPE_CODE":"001","REPORT_TYPE":"2023年年报","PER_NETCASH_OPERATE":1.647181927387,"PER_OI":10.807064639703,"BPS":6.531569571391,"BASIC_EPS":0.7,"DILUTED_EPS":0.69,"OPERATE_INCOME":270970141000,"OPERATE_INCOME_YOY":-3.2401602897,"GROSS_PROFIT":57476239000,"GROSS_PROFIT_YOY":20.806291838589,"HOLDER_PROFIT":17475173000,"HOLDER_PROFIT_YOY":606.3444258962,"GROSS_PROFIT_RATIO":21.211281356642,"EPS_TTM":0.696959906741,"OPERATE_INCOME_QOQ":2.728215766612,"NET_PROFIT_RATIO":6.4487533333,"ROE_AVG":11.360278761514,"GROSS_PROFIT_QOQ":7.957290368178,"ROA":5.846938371788,"HOLDER_PROFIT_QOQ":9.913972333402,"ROE_YEARLY":11.360278761514,"ROIC_YEARLY":7.709987238366,"TOTAL_ASSETS":324247439000,"TOTAL_LIABILITIES":159985671000,"TAX_EBT":20.611700115856,"OCF_SALES":15.241714399817,"TOTAL_PARENT_EQUITY":163995489000,"DEBT_ASSET_RATIO":49.3406120626,"OPERATE_PROFIT":20008670000,"PRETAX_PROFIT":22011047000,"NETCASH_OPERATE":41300495000,"NETCASH_INVEST":-35169054000,"NETCASH_FINANCE":-504972000,"END_CASH":33631313000,"DIVI_RATIO":null,"DIVIDEND_RATE":null,"CURRENT_RATIO":1.722093952019,"COMMON_ACS":270000000000,"CURRENTDEBT_DEBT":72.248717824236,"ISSUED_COMMON_SHARES":25108128637,"HK_COMMON_SHARES":20590618503,"PER_SHARES":200,"TOTAL_MARKET_CAP":1018134616230.35,"HKSK_MARKET_CAP":834949580296.65,"PE_TTM":47.097361049244,"PB_TTM":5.180109484576,"REPORT_DATE_SQ":"2022-12-31 00:00:00","REPORT_TYPE_SQ":"2022年年报","OPERATE_INCOME_SQ":280044016000,"DPS_HKD":null,"OPERATE_INCOME_QOQ_SQ":-6.518570179908,"NET_PROFIT_RATIO_SQ":0.8936338065,"HOLDER_PROFIT_SQ":2474030000,"HOLDER_PROFIT_QOQ_SQ":36.803968483491,"ROE_AVG_SQ":1.761681906455,"PE_TTM_SQ":18.579286271828,"PB_TTM_SQ":1.857606785372,"ROA_SQ":0.873599581282,"START_DATE":"2023-01-01 00:00:00","FISCAL_YEAR":"12-31","CURRENCY":"HKD","IS_CNY_CODE":0,"DPS_HKD_LY":null,"ORG_TYPE":"一般企业","PREMIUM_INCOME":null,"PREMIUM_INCOME_YOY":null,"NET_INTEREST_INCOME":null,"NET_INTEREST_INCOME_YOY":null,"FEE_COMMISSION_INCOME":null,"FEE_COMMISSION_INCOME_YOY":null,"ACCOUNTS_RECE_TDAYS":22.476268624491,"INVENTORY_TDAYS":4.501207327863,"CURRENT_ASSETS_TDAYS":1.507619713988,"TOTAL_ASSETS_TDAYS":0.906626626828,"PREMIUM_EXPENSE":null,"LOAN_DEPOSIT":null,"LOAN_EQUITY":null,"LOAN_ASSETS":null,"DEPOSIT_EQUITY":null,"DEPOSIT_ASSETS":null,"EQUITY_MULTIPLIER":1.973967789022,"EQUITY_RATIO":0.975549217698},{"SECUCODE":"01810.HK","SECURITY_CODE":"01810","SECURITY_NAME_ABBR":"小米集团-W","ORG_CODE":"10932245","STD_REPORT_DATE":"2023-09-30 00:00:00","REPORT_DATE":"2023-09-30 00:00:00","DATE_TYPE_CODE":"004","REPORT_TYPE":"2023年三季报","PER_NETCASH_OPERATE":1.338105631846,"PER_OI":7.900239589924,"BPS":6.364101535012,"BASIC_EPS":0.51,"DILUTED_EPS":0.5,"OPERATE_INCOME":197726454000,"OPERATE_INCOME_YOY":-7.6030134827,"GROSS_PROFIT":41862294000,"GROSS_PROFIT_YOY":15.642686442895,"HOLDER_PROFIT":12747675000,"HOLDER_PROFIT_YOY":1982.2702104097,"GROSS_PROFIT_RATIO":21.171822562498,"EPS_TTM":0.635249109001,"OPERATE_INCOME_QOQ":0.159535648636,"NET_PROFIT_RATIO":6.4486737824,"ROE_AVG":8.401852833736,"GROSS_PROFIT_QOQ":8.98182821286,"ROA":4.432033738246,"HOLDER_PROFIT_QOQ":66.497871409955,"ROE_YEARLY":11.202470444981,"ROIC_YEARLY":5.871514329925,"TOTAL_ASSETS":301744502000,"TOTAL_LIABILITIES":141681013000,"TAX_EBT":21.839822665686,"OCF_SALES":16.937532293984,"TOTAL_PARENT_EQUITY":159790680000,"DEBT_ASSET_RATIO":46.9539667039,"OPERATE_PROFIT":14951948000,"PRETAX_PROFIT":16313594000,"NETCASH_OPERATE":33489982000,"NETCASH_INVEST":-29321565000,"NETCASH_FINANCE":-548255000,"END_CASH":31652566000,"DIVI_RATIO":null,"DIVIDEND_RATE":null,"CURRENT_RATIO":1.8132307578,"COMMON_ACS":270000000000,"CURRENTDEBT_DEBT":69.862035077347,"ISSUED_COMMON_SHARES":25108128637,"HK_COMMON_SHARES":20590618503,"PER_SHARES":200,"TOTAL_MARKET_CAP":1018134616230.35,"HKSK_MARKET_CAP":834949580296.65,"PE_TTM":47.097361049244,"PB_TTM":5.180109484576,"REPORT_DATE_SQ":"2022-09-30 00:00:00","REPORT_TYPE_SQ":"2022年三季报","OPERATE_INCOME_SQ":213996648000,"DPS_HKD":null,"OPERATE_INCOME_QOQ_SQ":-2.470561301292,"NET_PROFIT_RATIO_SQ":-0.2986490704,"HOLDER_PROFIT_SQ":-677250000,"HOLDER_PROFIT_QOQ_SQ":-55.639988176871,"ROE_AVG_SQ":-0.485953153664,"PE_TTM_SQ":18.579286271828,"PB_TTM_SQ":1.857606785372,"ROA_SQ":-0.237210413938,"START_DATE":"2023-01-01 00:00:00","FISCAL_YEAR":"12-31","CURRENCY":"HKD","IS_CNY_CODE":0,"DPS_HKD_LY":null,"ORG_TYPE":"一般企业","PREMIUM_INCOME":null,"PREMIUM_INCOME_YOY":null,"NET_INTEREST_INCOME":null,"NET_INTEREST_INCOME_YOY":null,"FEE_COMMISSION_INCOME":null,"FEE_COMMISSION_INCOME_YOY":null,"ACCOUNTS_RECE_TDAYS":15.018307351036,"INVENTORY_TDAYS":3.571582247304,"CURRENT_ASSETS_TDAYS":1.163471076881,"TOTAL_ASSETS_TDAYS":0.687443251473,"PREMIUM_EXPENSE":null,"LOAN_DEPOSIT":null,"LOAN_EQUITY":null,"LOAN_ASSETS":null,"DEPOSIT_EQUITY":null,"DEPOSIT_ASSETS":null,"EQUITY_MULTIPLIER":1.885155096175,"EQUITY_RATIO":0.886666312453},{"SECUCODE":"01810.HK","SECURITY_CODE":"01810","SECURITY_NAME_ABBR":"小米集团-W","ORG_CODE":"10932245","STD_REPORT_DATE":"2023-06-30 00:00:00","REPORT_DATE":"2023-06-30 00:00:00","DATE_TYPE_CODE":"002","REPORT_TYPE":"2023年中报","PER_NETCASH_OPERATE":0.805107240653,"PER_OI":5.064643371189,"BPS":6.164336388333,"BASIC_EPS":0.32,"DILUTED_EPS":0.31,"OPERATE_INCOME":126832042000,"OPERATE_INCOME_YOY":-11.6290832944,"GROSS_PROFIT":25752583000,"GROSS_PROFIT_YOY":5.207996590867,"HOLDER_PROFIT":7873814000,"HOLDER_PROFIT_YOY":885.7053079619,"GROSS_PROFIT_RATIO":20.304477160432,"EPS_TTM":0.381311391295,"OPERATE_INCOME_QOQ":-1.057960222422,"NET_PROFIT_RATIO":6.2142514429,"ROE_AVG":5.276764438931,"GROSS_PROFIT_QOQ":5.150735989623,"ROA":2.786877462648,"HOLDER_PROFIT_QOQ":31.430524306139,"ROE_YEARLY":10.553528877861,"ROIC_YEARLY":7.282408141902,"TOTAL_ASSETS":291556313000,"TOTAL_LIABILITIES":136503021000,"TAX_EBT":24.406635697826,"OCF_SALES":15.896622558517,"TOTAL_PARENT_EQUITY":154774951000,"DEBT_ASSET_RATIO":46.8187498996,"OPERATE_PROFIT":9940735000,"PRETAX_PROFIT":10426394000,"NETCASH_OPERATE":20162011000,"NETCASH_INVEST":-14492197000,"NETCASH_FINANCE":-2286696000,"END_CASH":31458952000,"DIVI_RATIO":null,"DIVIDEND_RATE":null,"CURRENT_RATIO":1.834277208579,"COMMON_ACS":270000000000,"CURRENTDEBT_DEBT":69.291682562835,"ISSUED_COMMON_SHARES":25108128637,"HK_COMMON_SHARES":20590618503,"PER_SHARES":200,"TOTAL_MARKET_CAP":1018134616230.35,"HKSK_MARKET_CAP":834949580296.65,"PE_TTM":47.097361049244,"PB_TTM":5.180109484576,"REPORT_DATE_SQ":"2022-06-30 00:00:00","REPORT_TYPE_SQ":"2022年中报","OPERATE_INCOME_SQ":143522379000,"DPS_HKD":null,"OPERATE_INCOME_QOQ_SQ":-5.424645987325,"NET_PROFIT_RATIO_SQ":0.5816674764,"HOLDER_PROFIT_SQ":798800000,"HOLDER_PROFIT_QOQ_SQ":-62.799365844827,"ROE_AVG_SQ":0.575160053423,"PE_TTM_SQ":18.579286271828,"PB_TTM_SQ":1.857606785372,"ROA_SQ":0.272639915973,"START_DATE":"2023-01-01 00:00:00","FISCAL_YEAR":"12-31","CURRENCY":"HKD","IS_CNY_CODE":0,"DPS_HKD_LY":null,"ORG_TYPE":"一般企业","PREMIUM_INCOME":null,"PREMIUM_INCOME_YOY":null,"NET_INTEREST_INCOME":null,"NET_INTEREST_INCOME_YOY":null,"FEE_COMMISSION_INCOME":null,"FEE_COMMISSION_INCOME_YOY":null,"ACCOUNTS_RECE_TDAYS":9.750056261985,"INVENTORY_TDAYS":2.274193340452,"CURRENT_ASSETS_TDAYS":0.759677224136,"TOTAL_ASSETS_TDAYS":0.448912508463,"PREMIUM_EXPENSE":null,"LOAN_DEPOSIT":null,"LOAN_EQUITY":null,"LOAN_ASSETS":null,"DEPOSIT_EQUITY":null,"DEPOSIT_ASSETS":null,"EQUITY_MULTIPLIER":1.880361966129,"EQUITY_RATIO":0.881945173415},{"SECUCODE":"01810.HK","SECURITY_CODE":"01810","SECURITY_NAME_ABBR":"小米集团-W","ORG_CODE":"10932245","STD_REPORT_DATE":"2023-03-31 00:00:00","REPORT_DATE":"2023-03-31 00:00:00","DATE_TYPE_CODE":"003","REPORT_TYPE":"2023年一季报","PER_NETCASH_OPERATE":0.048781935485,"PER_OI":2.380622380939,"BPS":5.898547922116,"BASIC_EPS":0.17,"DILUTED_EPS":0.17,"OPERATE_INCOME":59477134000,"OPERATE_INCOME_YOY":-18.9149064732,"GROSS_PROFIT":11591567000,"GROSS_PROFIT_YOY":-8.797807603708,"HOLDER_PROFIT":4203839000,"HOLDER_PROFIT_YOY":815.4252893125,"GROSS_PROFIT_RATIO":19.489114926082,"EPS_TTM":0.290806515819,"OPERATE_INCOME_QOQ":-4.954352604342,"NET_PROFIT_RATIO":7.0886704124,"ROE_AVG":2.881710724677,"GROSS_PROFIT_QOQ":-2.350241786032,"ROA":1.563623842467,"HOLDER_PROFIT_QOQ":193.669397703342,"ROE_YEARLY":11.526842898709,"ROIC_YEARLY":8.018033809404,"TOTAL_ASSETS":264197432000,"TOTAL_LIABILITIES":115823343000,"TAX_EBT":22.932568387338,"OCF_SALES":2.049125299144,"TOTAL_PARENT_EQUITY":148101500000,"DEBT_ASSET_RATIO":43.8396929611,"OPERATE_PROFIT":5900209000,"PRETAX_PROFIT":5470713000,"NETCASH_OPERATE":1218761000,"NETCASH_INVEST":-1622151000,"NETCASH_FINANCE":-866848000,"END_CASH":26180952000,"DIVI_RATIO":null,"DIVIDEND_RATE":null,"CURRENT_RATIO":1.997147507491,"COMMON_ACS":270000000000,"CURRENTDEBT_DEBT":65.625514711659,"ISSUED_COMMON_SHARES":25108128637,"HK_COMMON_SHARES":20590618503,"PER_SHARES":200,"TOTAL_MARKET_CAP":1018134616230.35,"HKSK_MARKET_CAP":834949580296.65,"PE_TTM":47.097361049244,"PB_TTM":5.180109484576,"REPORT_DATE_SQ":"2022-03-31 00:00:00","REPORT_TYPE_SQ":"2022年一季报","OPERATE_INCOME_SQ":73351502000,"DPS_HKD":null,"OPERATE_INCOME_QOQ_SQ":-1.075407448672,"NET_PROFIT_RATIO_SQ":-0.7233035255,"HOLDER_PROFIT_SQ":-587600000,"HOLDER_PROFIT_QOQ_SQ":-43.333936077694,"ROE_AVG_SQ":-0.429550746208,"PE_TTM_SQ":18.579286271828,"PB_TTM_SQ":1.857606785372,"ROA_SQ":-0.201621790992,"START_DATE":"2023-01-01 00:00:00","FISCAL_YEAR":"12-31","CURRENCY":"HKD","IS_CNY_CODE":0,"DPS_HKD_LY":null,"ORG_TYPE":"一般企业","PREMIUM_INCOME":null,"PREMIUM_INCOME_YOY":null,"NET_INTEREST_INCOME":null,"NET_INTEREST_INCOME_YOY":null,"FEE_COMMISSION_INCOME":null,"FEE_COMMISSION_INCOME_YOY":null,"ACCOUNTS_RECE_TDAYS":5.114455779732,"INVENTORY_TDAYS":1.029430717795,"CURRENT_ASSETS_TDAYS":0.380998314161,"TOTAL_ASSETS_TDAYS":0.2212260384,"PREMIUM_EXPENSE":null,"LOAN_DEPOSIT":null,"LOAN_EQUITY":null,"LOAN_ASSETS":null,"DEPOSIT_EQUITY":null,"DEPOSIT_ASSETS":null,"EQUITY_MULTIPLIER":1.780617045607,"EQUITY_RATIO":0.782053814445},{"SECUCODE":"01810.HK","SECURITY_CODE":"01810","SECURITY_NAME_ABBR":"小米集团-W","ORG_CODE":"10932245","STD_REPORT_DATE":"2022-12-31 00:00:00","REPORT_DATE":"2022-12-31 00:00:00","DATE_TYPE_CODE":"001","REPORT_TYPE":"2022年年报","PER_NETCASH_OPERATE":-0.175931675087,"PER_OI":11.223608931072,"BPS":5.721591603936,"BASIC_EPS":0.1,"DILUTED_EPS":0.1,"OPERATE_INCOME":280044016000,"OPERATE_INCOME_YOY":-14.7011223218,"GROSS_PROFIT":47577190000,"GROSS_PROFIT_YOY":-18.337759082882,"HOLDER_PROFIT":2474030000,"HOLDER_PROFIT_YOY":-87.2072551048,"GROSS_PROFIT_RATIO":16.989182871881,"EPS_TTM":0.099154217256,"OPERATE_INCOME_QOQ":-6.518570179908,"NET_PROFIT_RATIO":0.8936338065,"ROE_AVG":1.761681906455,"GROSS_PROFIT_QOQ":-6.453013546022,"ROA":0.873599581282,"HOLDER_PROFIT_QOQ":36.803968483491,"ROE_YEARLY":1.761681906455,"ROIC_YEARLY":1.090168696118,"TOTAL_ASSETS":273507211000,"TOTAL_LIABILITIES":129584151000,"TAX_EBT":36.385460335601,"OCF_SALES":-1.567514301038,"TOTAL_PARENT_EQUITY":143658458000,"DEBT_ASSET_RATIO":47.3786963518,"OPERATE_PROFIT":2816498000,"PRETAX_PROFIT":3933956000,"NETCASH_OPERATE":-4389730000,"NETCASH_INVEST":15548773000,"NETCASH_FINANCE":-7854799000,"END_CASH":27607261000,"DIVI_RATIO":null,"DIVIDEND_RATE":null,"CURRENT_RATIO":1.789793712162,"COMMON_ACS":270000000000,"CURRENTDEBT_DEBT":69.165505432837,"ISSUED_COMMON_SHARES":25108128637,"HK_COMMON_SHARES":20590618503,"PER_SHARES":200,"TOTAL_MARKET_CAP":1018134616230.35,"HKSK_MARKET_CAP":834949580296.65,"PE_TTM":47.097361049244,"PB_TTM":5.180109484576,"REPORT_DATE_SQ":"2021-12-31 00:00:00","REPORT_TYPE_SQ":"2021年年报","OPERATE_INCOME_SQ":328309145000,"DPS_HKD":null,"OPERATE_INCOME_QOQ_SQ":4.825170630222,"NET_PROFIT_RATIO_SQ":5.8734991984,"HOLDER_PROFIT_SQ":19339321000,"HOLDER_PROFIT_QOQ_SQ":-24.652642916922,"ROE_AVG_SQ":14.824821679458,"PE_TTM_SQ":18.579286271828,"PB_TTM_SQ":1.857606785372,"ROA_SQ":7.076590773976,"START_DATE":"2022-01-01 00:00:00","FISCAL_YEAR":"12-31","CURRENCY":"HKD","IS_CNY_CODE":0,"DPS_HKD_LY":null,"ORG_TYPE":"一般企业","PREMIUM_INCOME":null,"PREMIUM_INCOME_YOY":null,"NET_INTEREST_INCOME":null,"NET_INTEREST_INCOME_YOY":null,"FEE_COMMISSION_INCOME":null,"FEE_COMMISSION_INCOME_YOY":null,"ACCOUNTS_RECE_TDAYS":18.773095263545,"INVENTORY_TDAYS":4.521124790378,"CURRENT_ASSETS_TDAYS":1.617507104274,"TOTAL_ASSETS_TDAYS":0.98885759315,"PREMIUM_EXPENSE":null,"LOAN_DEPOSIT":null,"LOAN_EQUITY":null,"LOAN_ASSETS":null,"DEPOSIT_EQUITY":null,"DEPOSIT_ASSETS":null,"EQUITY_MULTIPLIER":1.900371010733,"EQUITY_RATIO":0.902029388343},{"SECUCODE":"01810.HK","SECURITY_CODE":"01810","SECURITY_NAME_ABBR":"小米集团-W","ORG_CODE":"10932245","STD_REPORT_DATE":"2022-09-30 00:00:00","REPORT_DATE":"2022-09-30 00:00:00","DATE_TYPE_CODE":"004","REPORT_TYPE":"2022年三季报","PER_NETCASH_OPERATE":-0.339776628683,"PER_OI":8.552294395884,"BPS":5.636328658579,"BASIC_EPS":-0.03,"DILUTED_EPS":-0.03,"OPERATE_INCOME":213996648000,"OPERATE_INCOME_YOY":-11.8390223885,"GROSS_PROFIT":36199690000,"GROSS_PROFIT_YOY":-16.976032977219,"HOLDER_PROFIT":-677250000,"HOLDER_PROFIT_YOY":-104.0184240515,"GROSS_PROFIT_RATIO":16.916007955414,"EPS_TTM":0.072273974347,"OPERATE_INCOME_QOQ":-2.470561301292,"NET_PROFIT_RATIO":-0.2986490704,"ROE_AVG":-0.485953153664,"GROSS_PROFIT_QOQ":-4.810665369205,"ROA":-0.237210413938,"HOLDER_PROFIT_QOQ":-55.639988176871,"ROE_YEARLY":-0.647937538219,"ROIC_YEARLY":-0.293264357499,"TOTAL_ASSETS":278120160000,"TOTAL_LIABILITIES":136326037000,"TAX_EBT":590.806672093631,"OCF_SALES":-3.972929519905,"TOTAL_PARENT_EQUITY":141517665000,"DEBT_ASSET_RATIO":49.0169561962,"OPERATE_PROFIT":-539246000,"PRETAX_PROFIT":130214000,"NETCASH_OPERATE":-8501936000,"NETCASH_INVEST":16256913000,"NETCASH_FINANCE":-4237818000,"END_CASH":28071099000,"DIVI_RATIO":null,"DIVIDEND_RATE":null,"CURRENT_RATIO":1.756515761922,"COMMON_ACS":270000000000,"CURRENTDEBT_DEBT":69.026380485189,"ISSUED_COMMON_SHARES":25108128637,"HK_COMMON_SHARES":20590618503,"PER_SHARES":200,"TOTAL_MARKET_CAP":1018134616230.35,"HKSK_MARKET_CAP":834949580296.65,"PE_TTM":47.097361049244,"PB_TTM":5.180109484576,"REPORT_DATE_SQ":"2021-09-30 00:00:00","REPORT_TYPE_SQ":"2021年三季报","OPERATE_INCOME_SQ":242733978000,"DPS_HKD":null,"OPERATE_INCOME_QOQ_SQ":1.919993409368,"NET_PROFIT_RATIO_SQ":6.9379376298,"HOLDER_PROFIT_SQ":16853622000,"HOLDER_PROFIT_QOQ_SQ":-13.739905261015,"ROE_AVG_SQ":13.004877073319,"PE_TTM_SQ":18.579286271828,"PB_TTM_SQ":1.857606785372,"ROA_SQ":6.218583748881,"START_DATE":"2022-01-01 00:00:00","FISCAL_YEAR":"12-31","CURRENCY":"HKD","IS_CNY_CODE":0,"DPS_HKD_LY":null,"ORG_TYPE":"一般企业","PREMIUM_INCOME":null,"PREMIUM_INCOME_YOY":null,"NET_INTEREST_INCOME":null,"NET_INTEREST_INCOME_YOY":null,"FEE_COMMISSION_INCOME":null,"FEE_COMMISSION_INCOME_YOY":null,"ACCOUNTS_RECE_TDAYS":13.156295270622,"INVENTORY_TDAYS":3.373904207186,"CURRENT_ASSETS_TDAYS":1.218863914122,"TOTAL_ASSETS_TDAYS":0.749534639402,"PREMIUM_EXPENSE":null,"LOAN_DEPOSIT":null,"LOAN_EQUITY":null,"LOAN_ASSETS":null,"DEPOSIT_EQUITY":null,"DEPOSIT_ASSETS":null,"EQUITY_MULTIPLIER":1.961436441199,"EQUITY_RATIO":0.963314629308}],"count":33},"success":true,"message":"ok","code":0}