{"version":"62cfac5f31d05150dcf024fb41b29a50","result":{"pages":3,"data":[{"SECUCODE":"01811.HK","SECURITY_CODE":"01811","SECURITY_NAME_ABBR":"中广核新能源","ORG_CODE":"10420235","STD_REPORT_DATE":"2024-06-30 00:00:00","REPORT_DATE":"2024-06-30 00:00:00","DATE_TYPE_CODE":"002","REPORT_TYPE":"2024年中报","PER_NETCASH_OPERATE":0.434362311015,"PER_OI":1.631496238578,"BPS":2.691396483667,"BASIC_EPS":0.30502704,"DILUTED_EPS":0.30502704,"OPERATE_INCOME":7000463216.4,"OPERATE_INCOME_YOY":-19.7361507757,"GROSS_PROFIT":3813379636.8,"GROSS_PROFIT_YOY":-5.654023707298,"HOLDER_PROFIT":1307439967.2,"HOLDER_PROFIT_YOY":-7.2659077583,"GROSS_PROFIT_RATIO":54.473247254073,"EPS_TTM":0.413418717314,"OPERATE_INCOME_QOQ":-11.862499622553,"NET_PROFIT_RATIO":19.4199575882,"ROE_AVG":11.593926292802,"GROSS_PROFIT_QOQ":-2.667404871143,"ROA":2.190250606604,"HOLDER_PROFIT_QOQ":-6.436178081978,"ROE_YEARLY":23.187852585604,"ROIC_YEARLY":4.580256255318,"TOTAL_ASSETS":59877456490.8,"TOTAL_LIABILITIES":47169737805.6,"TAX_EBT":18.080469296871,"OCF_SALES":26.623555773191,"TOTAL_PARENT_EQUITY":11545886368.8,"DEBT_ASSET_RATIO":78.7771234285,"OPERATE_PROFIT":2165585082,"PRETAX_PROFIT":1659539521.2,"NETCASH_OPERATE":1863772228.8,"NETCASH_INVEST":-2370744273.6,"NETCASH_FINANCE":-666191883.6,"END_CASH":868963597.2,"DIVI_RATIO":0.266768216777,"DIVIDEND_RATE":5.245689655172,"CURRENT_RATIO":0.825037767805,"COMMON_ACS":250000000000,"CURRENTDEBT_DEBT":30.553473053838,"ISSUED_COMMON_SHARES":4289924000,"HK_COMMON_SHARES":4289924000,"PER_SHARES":2000,"TOTAL_MARKET_CAP":9952623680,"HKSK_MARKET_CAP":9952623680,"PE_TTM":5.041266080118,"PB_TTM":0.786735664537,"REPORT_DATE_SQ":"2023-06-30 00:00:00","REPORT_TYPE_SQ":"2023年中报","OPERATE_INCOME_SQ":8842970169,"DPS_HKD":0.1217,"OPERATE_INCOME_QOQ_SQ":7.29206066966,"NET_PROFIT_RATIO_SQ":16.909883519,"HOLDER_PROFIT_SQ":1429465562.4,"HOLDER_PROFIT_QOQ_SQ":17.321371942457,"ROE_AVG_SQ":13.970711561529,"PE_TTM_SQ":4.660407411074,"PB_TTM_SQ":0.677930655707,"ROA_SQ":2.402692432159,"START_DATE":"2024-01-01 00:00:00","FISCAL_YEAR":"12-31","CURRENCY":"HKD","IS_CNY_CODE":0,"DPS_HKD_LY":0.1217,"ORG_TYPE":"一般企业","PREMIUM_INCOME":null,"PREMIUM_INCOME_YOY":null,"NET_INTEREST_INCOME":null,"NET_INTEREST_INCOME_YOY":null,"FEE_COMMISSION_INCOME":null,"FEE_COMMISSION_INCOME_YOY":null,"ACCOUNTS_RECE_TDAYS":1.211433145194,"INVENTORY_TDAYS":9.803082116708,"CURRENT_ASSETS_TDAYS":0.57168939354,"TOTAL_ASSETS_TDAYS":0.117273214762,"PREMIUM_EXPENSE":null,"LOAN_DEPOSIT":null,"LOAN_EQUITY":null,"LOAN_ASSETS":null,"DEPOSIT_EQUITY":null,"DEPOSIT_ASSETS":null,"EQUITY_MULTIPLIER":4.71189660191,"EQUITY_RATIO":4.085415038647},{"SECUCODE":"01811.HK","SECURITY_CODE":"01811","SECURITY_NAME_ABBR":"中广核新能源","ORG_CODE":"10420235","STD_REPORT_DATE":"2023-12-31 00:00:00","REPORT_DATE":"2023-12-31 00:00:00","DATE_TYPE_CODE":"001","REPORT_TYPE":"2023年年报","PER_NETCASH_OPERATE":1.125008666168,"PER_OI":3.619863736639,"BPS":2.550132514166,"BASIC_EPS":0.44196048,"DILUTED_EPS":0.44196048,"OPERATE_INCOME":15532198197.9,"OPERATE_INCOME_YOY":-9.7561126163,"GROSS_PROFIT":8567524310.7,"GROSS_PROFIT_YOY":4.007520107366,"HOLDER_PROFIT":1895932549.5,"HOLDER_PROFIT_YOY":37.1695473715,"GROSS_PROFIT_RATIO":55.1597668375,"EPS_TTM":0.441857449641,"OPERATE_INCOME_QOQ":-14.463224057463,"NET_PROFIT_RATIO":12.7512965252,"ROE_AVG":18.417746427707,"GROSS_PROFIT_QOQ":-1.935049294781,"ROA":3.206946177012,"HOLDER_PROFIT_QOQ":18.904035359366,"ROE_YEARLY":18.417746427707,"ROIC_YEARLY":3.419561485966,"TOTAL_ASSETS":59141550743.4,"TOTAL_LIABILITIES":47181993914.1,"TAX_EBT":20.677790132982,"OCF_SALES":31.078757323948,"TOTAL_PARENT_EQUITY":10939874675.7,"DEBT_ASSET_RATIO":79.7780804207,"OPERATE_PROFIT":3913142171.1,"PRETAX_PROFIT":2496850065.6,"NETCASH_OPERATE":4827214185,"NETCASH_INVEST":-4328797503.3,"NETCASH_FINANCE":-1505406636.9,"END_CASH":2036276250,"DIVI_RATIO":0.249598539279,"DIVIDEND_RATE":5.04979253112,"CURRENT_RATIO":0.882828346381,"COMMON_ACS":250000000000,"CURRENTDEBT_DEBT":30.062314017554,"ISSUED_COMMON_SHARES":4289924000,"HK_COMMON_SHARES":4289924000,"PER_SHARES":2000,"TOTAL_MARKET_CAP":10338716840,"HKSK_MARKET_CAP":10338716840,"PE_TTM":5.236832436674,"PB_TTM":0.817255582558,"REPORT_DATE_SQ":"2022-12-31 00:00:00","REPORT_TYPE_SQ":"2022年年报","OPERATE_INCOME_SQ":16924368017.6,"DPS_HKD":0.1217,"OPERATE_INCOME_QOQ_SQ":30.122857934926,"NET_PROFIT_RATIO_SQ":8.8237061204,"HOLDER_PROFIT_SQ":1359134725.4,"HOLDER_PROFIT_QOQ_SQ":15.757739126113,"ROE_AVG_SQ":14.263723524549,"PE_TTM_SQ":4.788440581708,"PB_TTM_SQ":0.696555124271,"ROA_SQ":2.293426842848,"START_DATE":"2023-01-01 00:00:00","FISCAL_YEAR":"12-31","CURRENCY":"HKD","IS_CNY_CODE":0,"DPS_HKD_LY":0.0709,"ORG_TYPE":"一般企业","PREMIUM_INCOME":null,"PREMIUM_INCOME_YOY":null,"NET_INTEREST_INCOME":null,"NET_INTEREST_INCOME_YOY":null,"FEE_COMMISSION_INCOME":null,"FEE_COMMISSION_INCOME_YOY":null,"ACCOUNTS_RECE_TDAYS":2.913593057259,"INVENTORY_TDAYS":17.721597462514,"CURRENT_ASSETS_TDAYS":1.198057738466,"TOTAL_ASSETS_TDAYS":0.262725188428,"PREMIUM_EXPENSE":null,"LOAN_DEPOSIT":null,"LOAN_EQUITY":null,"LOAN_ASSETS":null,"DEPOSIT_EQUITY":null,"DEPOSIT_ASSETS":null,"EQUITY_MULTIPLIER":4.945128953157,"EQUITY_RATIO":4.312845924908},{"SECUCODE":"01811.HK","SECURITY_CODE":"01811","SECURITY_NAME_ABBR":"中广核新能源","ORG_CODE":"10420235","STD_REPORT_DATE":"2023-06-30 00:00:00","REPORT_DATE":"2023-06-30 00:00:00","DATE_TYPE_CODE":"002","REPORT_TYPE":"2023年中报","PER_NETCASH_OPERATE":0.572751076204,"PER_OI":2.060902560674,"BPS":2.475703998765,"BASIC_EPS":0.33310938,"DILUTED_EPS":0.33310938,"OPERATE_INCOME":8842970169,"OPERATE_INCOME_YOY":7.9461559224,"GROSS_PROFIT":4041910197.6,"GROSS_PROFIT_YOY":1.126116440073,"HOLDER_PROFIT":1429465562.4,"HOLDER_PROFIT_YOY":11.1930483267,"GROSS_PROFIT_RATIO":50.843475880553,"EPS_TTM":0.371608455765,"OPERATE_INCOME_QOQ":7.29206066966,"NET_PROFIT_RATIO":16.909883519,"ROE_AVG":13.970711561529,"GROSS_PROFIT_QOQ":6.059830101797,"ROA":2.402692432159,"HOLDER_PROFIT_QOQ":17.321371942457,"ROE_YEARLY":27.941423123057,"ROIC_YEARLY":5.148515469906,"TOTAL_ASSETS":58697052108,"TOTAL_LIABILITIES":47012239831.2,"TAX_EBT":15.539611213824,"OCF_SALES":27.791273936616,"TOTAL_PARENT_EQUITY":10620582001.2,"DEBT_ASSET_RATIO":80.093016843,"OPERATE_PROFIT":2489866164,"PRETAX_PROFIT":1770458290.2,"NETCASH_OPERATE":2457574063.8,"NETCASH_INVEST":-1735196386.2,"NETCASH_FINANCE":-1382107669.2,"END_CASH":2464785412.2,"DIVI_RATIO":0.296782735401,"DIVIDEND_RATE":5.04979253112,"CURRENT_RATIO":1.001587471682,"COMMON_ACS":250000000000,"CURRENTDEBT_DEBT":28.542794187174,"ISSUED_COMMON_SHARES":4289924000,"HK_COMMON_SHARES":4289924000,"PER_SHARES":2000,"TOTAL_MARKET_CAP":10338716840,"HKSK_MARKET_CAP":10338716840,"PE_TTM":5.236832436674,"PB_TTM":0.817255582558,"REPORT_DATE_SQ":"2022-06-30 00:00:00","REPORT_TYPE_SQ":"2022年中报","OPERATE_INCOME_SQ":7608834985.2,"DPS_HKD":0.1217,"OPERATE_INCOME_QOQ_SQ":20.37849996395,"NET_PROFIT_RATIO_SQ":17.0564461356,"HOLDER_PROFIT_SQ":1194052019.6,"HOLDER_PROFIT_QOQ_SQ":-0.331346434524,"ROE_AVG_SQ":12.913647589547,"PE_TTM_SQ":4.788440581708,"PB_TTM_SQ":0.696555124271,"ROA_SQ":2.069214251969,"START_DATE":"2023-01-01 00:00:00","FISCAL_YEAR":"12-31","CURRENCY":"HKD","IS_CNY_CODE":0,"DPS_HKD_LY":0.0709,"ORG_TYPE":"一般企业","PREMIUM_INCOME":null,"PREMIUM_INCOME_YOY":null,"NET_INTEREST_INCOME":null,"NET_INTEREST_INCOME_YOY":null,"FEE_COMMISSION_INCOME":null,"FEE_COMMISSION_INCOME_YOY":null,"ACCOUNTS_RECE_TDAYS":1.616230650676,"INVENTORY_TDAYS":9.828935544482,"CURRENT_ASSETS_TDAYS":0.652191464683,"TOTAL_ASSETS_TDAYS":0.14863553248,"PREMIUM_EXPENSE":null,"LOAN_DEPOSIT":null,"LOAN_EQUITY":null,"LOAN_ASSETS":null,"DEPOSIT_EQUITY":null,"DEPOSIT_ASSETS":null,"EQUITY_MULTIPLIER":5.02336286776,"EQUITY_RATIO":4.4265219953},{"SECUCODE":"01811.HK","SECURITY_CODE":"01811","SECURITY_NAME_ABBR":"中广核新能源","ORG_CODE":"10420235","STD_REPORT_DATE":"2022-12-31 00:00:00","REPORT_DATE":"2022-12-31 00:00:00","DATE_TYPE_CODE":"001","REPORT_TYPE":"2022年年报","PER_NETCASH_OPERATE":1.042673088572,"PER_OI":3.944316526989,"BPS":2.212028616451,"BASIC_EPS":0.3168893,"DILUTED_EPS":0.3168893,"OPERATE_INCOME":16924368017.6,"OPERATE_INCOME_YOY":36.8810429757,"GROSS_PROFIT":8237408508.4,"GROSS_PROFIT_YOY":29.6123613599,"HOLDER_PROFIT":1359134725.4,"HOLDER_PROFIT_YOY":-20.1130697495,"GROSS_PROFIT_RATIO":48.671882458676,"EPS_TTM":0.316744042123,"OPERATE_INCOME_QOQ":30.122857934926,"NET_PROFIT_RATIO":8.8237061204,"ROE_AVG":14.263723524549,"GROSS_PROFIT_QOQ":22.206409882564,"ROA":2.293426842848,"HOLDER_PROFIT_QOQ":15.757739126113,"ROE_YEARLY":14.263723524549,"ROIC_YEARLY":2.450703027873,"TOTAL_ASSETS":58112155771.8,"TOTAL_LIABILITIES":47668348054.2,"TAX_EBT":21.455050294146,"OCF_SALES":26.434822901201,"TOTAL_PARENT_EQUITY":9487352235,"DEBT_ASSET_RATIO":82.0245560457,"OPERATE_PROFIT":4106690319.2,"PRETAX_PROFIT":1901294012.4,"NETCASH_OPERATE":4473926712.6,"NETCASH_INVEST":-2598937994.4,"NETCASH_FINANCE":-1207543241.8,"END_CASH":3068923131.6,"DIVI_RATIO":0.34818957686,"DIVIDEND_RATE":5.04979253112,"CURRENT_RATIO":0.767152822893,"COMMON_ACS":250000000000,"CURRENTDEBT_DEBT":36.050775695144,"ISSUED_COMMON_SHARES":4289924000,"HK_COMMON_SHARES":4289924000,"PER_SHARES":2000,"TOTAL_MARKET_CAP":10338716840,"HKSK_MARKET_CAP":10338716840,"PE_TTM":5.236832436674,"PB_TTM":0.817255582558,"REPORT_DATE_SQ":"2021-12-31 00:00:00","REPORT_TYPE_SQ":"2021年年报","OPERATE_INCOME_SQ":11318812088.5,"DPS_HKD":0.1217,"OPERATE_INCOME_QOQ_SQ":27.862899298306,"NET_PROFIT_RATIO_SQ":11.9035227167,"HOLDER_PROFIT_SQ":1557417741.8,"HOLDER_PROFIT_QOQ_SQ":-13.897382446492,"ROE_AVG_SQ":14.62472696676,"PE_TTM_SQ":4.788440581708,"PB_TTM_SQ":0.696555124271,"ROA_SQ":2.361147053167,"START_DATE":"2022-01-01 00:00:00","FISCAL_YEAR":"12-31","CURRENCY":"HKD","IS_CNY_CODE":0,"DPS_HKD_LY":0.0672,"ORG_TYPE":"一般企业","PREMIUM_INCOME":null,"PREMIUM_INCOME_YOY":null,"NET_INTEREST_INCOME":null,"NET_INTEREST_INCOME_YOY":null,"FEE_COMMISSION_INCOME":null,"FEE_COMMISSION_INCOME_YOY":null,"ACCOUNTS_RECE_TDAYS":3.27548263394,"INVENTORY_TDAYS":20.695753171225,"CURRENT_ASSETS_TDAYS":1.368150362453,"TOTAL_ASSETS_TDAYS":0.285593419186,"PREMIUM_EXPENSE":null,"LOAN_DEPOSIT":null,"LOAN_EQUITY":null,"LOAN_ASSETS":null,"DEPOSIT_EQUITY":null,"DEPOSIT_ASSETS":null,"EQUITY_MULTIPLIER":5.563144935626,"EQUITY_RATIO":5.024410064417},{"SECUCODE":"01811.HK","SECURITY_CODE":"01811","SECURITY_NAME_ABBR":"中广核新能源","ORG_CODE":"10420235","STD_REPORT_DATE":"2022-06-30 00:00:00","REPORT_DATE":"2022-06-30 00:00:00","DATE_TYPE_CODE":"002","REPORT_TYPE":"2022年中报","PER_NETCASH_OPERATE":0.502484093265,"PER_OI":1.773280606522,"BPS":2.161617533784,"BASIC_EPS":0.2785231,"DILUTED_EPS":0.2785231,"OPERATE_INCOME":7608834985.2,"OPERATE_INCOME_YOY":35.4524448438,"GROSS_PROFIT":3996900444.6,"GROSS_PROFIT_YOY":27.124421681665,"HOLDER_PROFIT":1194052019.6,"HOLDER_PROFIT_YOY":-4.0580038396,"GROSS_PROFIT_RATIO":52.529729615301,"EPS_TTM":0.273626665927,"OPERATE_INCOME_QOQ":20.37849996395,"NET_PROFIT_RATIO":17.0564461356,"ROE_AVG":12.913647589547,"GROSS_PROFIT_QOQ":14.484553208936,"ROA":2.069214251969,"HOLDER_PROFIT_QOQ":-0.331346434524,"ROE_YEARLY":25.827295179094,"ROIC_YEARLY":4.416673612547,"TOTAL_ASSETS":57196819253.2,"TOTAL_LIABILITIES":46926081954.4,"TAX_EBT":14.674956206344,"OCF_SALES":28.336411700264,"TOTAL_PARENT_EQUITY":9273174937,"DEBT_ASSET_RATIO":82.0431670276,"OPERATE_PROFIT":2211976769,"PRETAX_PROFIT":1521011293.4,"NETCASH_OPERATE":2156070807,"NETCASH_INVEST":-1685313076.8,"NETCASH_FINANCE":-314247882.2,"END_CASH":2818781288.6,"DIVI_RATIO":0.403056382046,"DIVIDEND_RATE":5.04979253112,"CURRENT_RATIO":0.669703260683,"COMMON_ACS":250000000000,"CURRENTDEBT_DEBT":39.674665145689,"ISSUED_COMMON_SHARES":4289924000,"HK_COMMON_SHARES":4289924000,"PER_SHARES":2000,"TOTAL_MARKET_CAP":10338716840,"HKSK_MARKET_CAP":10338716840,"PE_TTM":5.236832436674,"PB_TTM":0.817255582558,"REPORT_DATE_SQ":"2021-06-30 00:00:00","REPORT_TYPE_SQ":"2021年中报","OPERATE_INCOME_SQ":5407013258.6,"DPS_HKD":0.1217,"OPERATE_INCOME_QOQ_SQ":12.624915819044,"NET_PROFIT_RATIO_SQ":21.9066616286,"HOLDER_PROFIT_SQ":1197935103.6,"HOLDER_PROFIT_QOQ_SQ":29.360632335954,"ROE_AVG_SQ":12.896285314303,"PE_TTM_SQ":4.788440581708,"PB_TTM_SQ":0.696555124271,"ROA_SQ":2.171433058729,"START_DATE":"2022-01-01 00:00:00","FISCAL_YEAR":"12-31","CURRENCY":"HKD","IS_CNY_CODE":0,"DPS_HKD_LY":0.0672,"ORG_TYPE":"一般企业","PREMIUM_INCOME":null,"PREMIUM_INCOME_YOY":null,"NET_INTEREST_INCOME":null,"NET_INTEREST_INCOME_YOY":null,"FEE_COMMISSION_INCOME":null,"FEE_COMMISSION_INCOME_YOY":null,"ACCOUNTS_RECE_TDAYS":1.482117026165,"INVENTORY_TDAYS":9.593636080039,"CURRENT_ASSETS_TDAYS":0.644670394251,"TOTAL_ASSETS_TDAYS":0.131858369821,"PREMIUM_EXPENSE":null,"LOAN_DEPOSIT":null,"LOAN_EQUITY":null,"LOAN_ASSETS":null,"DEPOSIT_EQUITY":null,"DEPOSIT_ASSETS":null,"EQUITY_MULTIPLIER":5.568910740201,"EQUITY_RATIO":5.060411592923},{"SECUCODE":"01811.HK","SECURITY_CODE":"01811","SECURITY_NAME_ABBR":"中广核新能源","ORG_CODE":"10420235","STD_REPORT_DATE":"2021-12-31 00:00:00","REPORT_DATE":"2021-12-31 00:00:00","DATE_TYPE_CODE":"001","REPORT_TYPE":"2021年年报","PER_NETCASH_OPERATE":0.424433092432,"PER_OI":2.637911060556,"BPS":1.952205560378,"BASIC_EPS":0.36277733,"DILUTED_EPS":0.36277733,"OPERATE_INCOME":11318812088.5,"OPERATE_INCOME_YOY":47.3754056903,"GROSS_PROFIT":6355418898.3,"GROSS_PROFIT_YOY":48.167349687108,"HOLDER_PROFIT":1557417741.8,"HOLDER_PROFIT_YOY":13.9894007539,"GROSS_PROFIT_RATIO":54.492882929771,"EPS_TTM":0.274536332276,"OPERATE_INCOME_QOQ":27.862899298306,"NET_PROFIT_RATIO":11.9035227167,"ROE_AVG":14.62472696676,"GROSS_PROFIT_QOQ":19.380085150385,"ROA":2.361147053167,"HOLDER_PROFIT_QOQ":-13.897382446492,"ROE_YEARLY":14.62472696676,"ROIC_YEARLY":2.519367186975,"TOTAL_ASSETS":55685070517.8,"TOTAL_LIABILITIES":46152053745.1,"TAX_EBT":11.540754793685,"OCF_SALES":16.855436318124,"TOTAL_PARENT_EQUITY":8758235333,"DEBT_ASSET_RATIO":83.4533941735,"OPERATE_PROFIT":3057760217.2,"PRETAX_PROFIT":1881979126,"NETCASH_OPERATE":2210079023.7,"NETCASH_INVEST":-8177721472.3,"NETCASH_FINANCE":5778864347.3,"END_CASH":2390881124.3,"DIVI_RATIO":0.401720869095,"DIVIDEND_RATE":5.04979253112,"CURRENT_RATIO":0.591560005476,"COMMON_ACS":250000000000,"CURRENTDEBT_DEBT":38.751810915238,"ISSUED_COMMON_SHARES":4289924000,"HK_COMMON_SHARES":4289924000,"PER_SHARES":2000,"TOTAL_MARKET_CAP":10338716840,"HKSK_MARKET_CAP":10338716840,"PE_TTM":5.236832436674,"PB_TTM":0.817255582558,"REPORT_DATE_SQ":"2020-12-31 00:00:00","REPORT_TYPE_SQ":"2020年年报","OPERATE_INCOME_SQ":7502930310.8,"DPS_HKD":0.1217,"OPERATE_INCOME_QOQ_SQ":-12.264256864585,"NET_PROFIT_RATIO_SQ":14.5783256167,"HOLDER_PROFIT_SQ":1057601466.3,"HOLDER_PROFIT_QOQ_SQ":4.770689742529,"ROE_AVG_SQ":15.125205877001,"PE_TTM_SQ":4.788440581708,"PB_TTM_SQ":0.696555124271,"ROA_SQ":2.623679971485,"START_DATE":"2021-01-01 00:00:00","FISCAL_YEAR":"12-31","CURRENCY":"HKD","IS_CNY_CODE":0,"DPS_HKD_LY":0.1242,"ORG_TYPE":"一般企业","PREMIUM_INCOME":null,"PREMIUM_INCOME_YOY":null,"NET_INTEREST_INCOME":null,"NET_INTEREST_INCOME_YOY":null,"FEE_COMMISSION_INCOME":null,"FEE_COMMISSION_INCOME_YOY":null,"ACCOUNTS_RECE_TDAYS":3.022454253863,"INVENTORY_TDAYS":19.609682915046,"CURRENT_ASSETS_TDAYS":1.171004634521,"TOTAL_ASSETS_TDAYS":0.216567083211,"PREMIUM_EXPENSE":null,"LOAN_DEPOSIT":null,"LOAN_EQUITY":null,"LOAN_ASSETS":null,"DEPOSIT_EQUITY":null,"DEPOSIT_ASSETS":null,"EQUITY_MULTIPLIER":6.043535517106,"EQUITY_RATIO":5.269560817943},{"SECUCODE":"01811.HK","SECURITY_CODE":"01811","SECURITY_NAME_ABBR":"中广核新能源","ORG_CODE":"10420235","STD_REPORT_DATE":"2021-06-30 00:00:00","REPORT_DATE":"2021-06-30 00:00:00","DATE_TYPE_CODE":"002","REPORT_TYPE":"2021年中报","PER_NETCASH_OPERATE":0.200086130263,"PER_OI":1.26013401123,"BPS":1.963810321512,"BASIC_EPS":0.27907632,"DILUTED_EPS":0.27907632,"OPERATE_INCOME":5407013258.6,"OPERATE_INCOME_YOY":34.3101616901,"GROSS_PROFIT":3144085449.3,"GROSS_PROFIT_YOY":37.3579534794,"HOLDER_PROFIT":1197935103.6,"HOLDER_PROFIT_YOY":55.6943205471,"GROSS_PROFIT_RATIO":56.965981971035,"EPS_TTM":0.318847835381,"OPERATE_INCOME_QOQ":12.624915819044,"NET_PROFIT_RATIO":21.9066616286,"ROE_AVG":12.896285314303,"GROSS_PROFIT_QOQ":14.981023933086,"ROA":2.171433058729,"HOLDER_PROFIT_QOQ":29.360632335954,"ROE_YEARLY":25.792570628606,"ROIC_YEARLY":4.619733510629,"TOTAL_ASSETS":51510221059.5,"TOTAL_LIABILITIES":42398333990.8,"TAX_EBT":10.000865244933,"OCF_SALES":16.683006802602,"TOTAL_PARENT_EQUITY":8424597029.7,"DEBT_ASSET_RATIO":82.3105261805,"OPERATE_PROFIT":1787742233.6,"PRETAX_PROFIT":1418579819.1,"NETCASH_OPERATE":1011380335.8,"NETCASH_INVEST":-5045732166.1,"NETCASH_FINANCE":3425868551.2,"END_CASH":1980130471.7,"DIVI_RATIO":0.34589218355,"DIVIDEND_RATE":5.04979253112,"CURRENT_RATIO":0.557512294082,"COMMON_ACS":250000000000,"CURRENTDEBT_DEBT":38.07906254171,"ISSUED_COMMON_SHARES":4289924000,"HK_COMMON_SHARES":4289924000,"PER_SHARES":2000,"TOTAL_MARKET_CAP":10338716840,"HKSK_MARKET_CAP":10338716840,"PE_TTM":5.236832436674,"PB_TTM":0.817255582558,"REPORT_DATE_SQ":"2020-06-30 00:00:00","REPORT_TYPE_SQ":"2020年中报","OPERATE_INCOME_SQ":4198922245,"DPS_HKD":0.1217,"OPERATE_INCOME_QOQ_SQ":-3.951822885381,"NET_PROFIT_RATIO_SQ":17.7376877814,"HOLDER_PROFIT_SQ":738059113.5,"HOLDER_PROFIT_QOQ_SQ":30.116146653715,"ROE_AVG_SQ":10.821968430865,"PE_TTM_SQ":4.788440581708,"PB_TTM_SQ":0.696555124271,"ROA_SQ":1.855835379589,"START_DATE":"2021-01-01 00:00:00","FISCAL_YEAR":"12-31","CURRENCY":"HKD","IS_CNY_CODE":0,"DPS_HKD_LY":0.1242,"ORG_TYPE":"一般企业","PREMIUM_INCOME":null,"PREMIUM_INCOME_YOY":null,"NET_INTEREST_INCOME":null,"NET_INTEREST_INCOME_YOY":null,"FEE_COMMISSION_INCOME":null,"FEE_COMMISSION_INCOME_YOY":null,"ACCOUNTS_RECE_TDAYS":1.595772752058,"INVENTORY_TDAYS":10.84230501613,"CURRENT_ASSETS_TDAYS":0.606182843259,"TOTAL_ASSETS_TDAYS":0.106568593029,"PREMIUM_EXPENSE":null,"LOAN_DEPOSIT":null,"LOAN_EQUITY":null,"LOAN_ASSETS":null,"DEPOSIT_EQUITY":null,"DEPOSIT_ASSETS":null,"EQUITY_MULTIPLIER":5.653079397408,"EQUITY_RATIO":5.032683918451},{"SECUCODE":"01811.HK","SECURITY_CODE":"01811","SECURITY_NAME_ABBR":"中广核新能源","ORG_CODE":"10420235","STD_REPORT_DATE":"2020-12-31 00:00:00","REPORT_DATE":"2020-12-31 00:00:00","DATE_TYPE_CODE":"001","REPORT_TYPE":"2020年年报","PER_NETCASH_OPERATE":0.390628073302,"PER_OI":1.748598942954,"BPS":1.845187714165,"BASIC_EPS":0.24664122,"DILUTED_EPS":0.24664122,"OPERATE_INCOME":7502930310.8,"OPERATE_INCOME_YOY":-9.9029132299,"GROSS_PROFIT":4289351811.8,"GROSS_PROFIT_YOY":6.373361934393,"HOLDER_PROFIT":1057601466.3,"HOLDER_PROFIT_YOY":45.7525155791,"GROSS_PROFIT_RATIO":57.169021090676,"EPS_TTM":0.246479805814,"OPERATE_INCOME_QOQ":-12.264256864585,"NET_PROFIT_RATIO":14.5783256167,"ROE_AVG":15.125205877001,"GROSS_PROFIT_QOQ":-0.533414133549,"ROA":2.623679971485,"HOLDER_PROFIT_QOQ":4.770689742529,"ROE_YEARLY":15.125205877001,"ROIC_YEARLY":2.84199718127,"TOTAL_ASSETS":45521173646.8,"TOTAL_LIABILITIES":37055892359.9,"TAX_EBT":18.29378850503,"OCF_SALES":22.339489273775,"TOTAL_PARENT_EQUITY":7915715059.5,"DEBT_ASSET_RATIO":81.4036400894,"OPERATE_PROFIT":1875693428.3,"PRETAX_PROFIT":1338700683.2,"NETCASH_OPERATE":1676116312,"NETCASH_INVEST":-8275739466.8,"NETCASH_FINANCE":6546145074.4,"END_CASH":2602456365,"DIVI_RATIO":0.447448315841,"DIVIDEND_RATE":5.04979253112,"CURRENT_RATIO":0.605537511351,"COMMON_ACS":250000000000,"CURRENTDEBT_DEBT":35.910931052899,"ISSUED_COMMON_SHARES":4289924000,"HK_COMMON_SHARES":4289924000,"PER_SHARES":2000,"TOTAL_MARKET_CAP":10338716840,"HKSK_MARKET_CAP":10338716840,"PE_TTM":5.236832436674,"PB_TTM":0.817255582558,"REPORT_DATE_SQ":"2019-12-31 00:00:00","REPORT_TYPE_SQ":"2019年年报","OPERATE_INCOME_SQ":8903591512.2,"DPS_HKD":0.1217,"OPERATE_INCOME_QOQ_SQ":-4.305121217924,"NET_PROFIT_RATIO_SQ":7.7845709526,"HOLDER_PROFIT_SQ":775802273.4,"HOLDER_PROFIT_QOQ_SQ":18.501386839983,"ROE_AVG_SQ":12.384232256556,"PE_TTM_SQ":4.788440581708,"PB_TTM_SQ":0.696555124271,"ROA_SQ":2.336714737554,"START_DATE":"2020-01-01 00:00:00","FISCAL_YEAR":"12-31","CURRENCY":"HKD","IS_CNY_CODE":0,"DPS_HKD_LY":null,"ORG_TYPE":"一般企业","PREMIUM_INCOME":null,"PREMIUM_INCOME_YOY":null,"NET_INTEREST_INCOME":null,"NET_INTEREST_INCOME_YOY":null,"FEE_COMMISSION_INCOME":null,"FEE_COMMISSION_INCOME_YOY":null,"ACCOUNTS_RECE_TDAYS":3.035745966039,"INVENTORY_TDAYS":18.57546956325,"CURRENT_ASSETS_TDAYS":1.03123824334,"TOTAL_ASSETS_TDAYS":0.18613143619,"PREMIUM_EXPENSE":null,"LOAN_DEPOSIT":null,"LOAN_EQUITY":null,"LOAN_ASSETS":null,"DEPOSIT_EQUITY":null,"DEPOSIT_ASSETS":null,"EQUITY_MULTIPLIER":5.377396462573,"EQUITY_RATIO":4.681307005288},{"SECUCODE":"01811.HK","SECURITY_CODE":"01811","SECURITY_NAME_ABBR":"中广核新能源","ORG_CODE":"10420235","STD_REPORT_DATE":"2020-06-30 00:00:00","REPORT_DATE":"2020-06-30 00:00:00","DATE_TYPE_CODE":"002","REPORT_TYPE":"2020年中报","PER_NETCASH_OPERATE":0.144512859535,"PER_OI":0.97858179338,"BPS":1.644613487675,"BASIC_EPS":0.17203185,"DILUTED_EPS":0.17203185,"OPERATE_INCOME":4198922245,"OPERATE_INCOME_YOY":-10.4009305698,"GROSS_PROFIT":2288972258,"GROSS_PROFIT_YOY":13.937435052987,"HOLDER_PROFIT":738059113.5,"HOLDER_PROFIT_YOY":42.0863260327,"GROSS_PROFIT_RATIO":54.513328050446,"EPS_TTM":0.235256450463,"OPERATE_INCOME_QOQ":-3.951822885381,"NET_PROFIT_RATIO":17.7376877814,"ROE_AVG":10.821968430865,"GROSS_PROFIT_QOQ":6.943815360482,"ROA":1.855835379589,"HOLDER_PROFIT_QOQ":30.116146653715,"ROE_YEARLY":21.64393686173,"ROIC_YEARLY":4.02110469585,"TOTAL_ASSETS":41457474125.5,"TOTAL_LIABILITIES":33868681975,"TAX_EBT":15.153959062535,"OCF_SALES":14.767581055791,"TOTAL_PARENT_EQUITY":7055266871.5,"DEBT_ASSET_RATIO":81.6949963533,"OPERATE_PROFIT":1110929299,"PRETAX_PROFIT":877815523,"NETCASH_OPERATE":620079246,"NETCASH_INVEST":-4711895735.5,"NETCASH_FINANCE":3695456523,"END_CASH":2287697948,"DIVI_RATIO":0.468794686748,"DIVIDEND_RATE":5.04979253112,"CURRENT_RATIO":0.656740373315,"COMMON_ACS":250000000000,"CURRENTDEBT_DEBT":32.389314492951,"ISSUED_COMMON_SHARES":4289924000,"HK_COMMON_SHARES":4289924000,"PER_SHARES":2000,"TOTAL_MARKET_CAP":10338716840,"HKSK_MARKET_CAP":10338716840,"PE_TTM":5.236832436674,"PB_TTM":0.817255582558,"REPORT_DATE_SQ":"2019-06-30 00:00:00","REPORT_TYPE_SQ":"2019年中报","OPERATE_INCOME_SQ":4550776412,"DPS_HKD":0.1217,"OPERATE_INCOME_QOQ_SQ":-0.208307487488,"NET_PROFIT_RATIO_SQ":11.5904284247,"HOLDER_PROFIT_SQ":504417363.1,"HOLDER_PROFIT_QOQ_SQ":8.137970507482,"ROE_AVG_SQ":8.295904170791,"PE_TTM_SQ":4.788440581708,"PB_TTM_SQ":0.696555124271,"ROA_SQ":1.7140477017,"START_DATE":"2020-01-01 00:00:00","FISCAL_YEAR":"12-31","CURRENCY":"HKD","IS_CNY_CODE":0,"DPS_HKD_LY":null,"ORG_TYPE":"一般企业","PREMIUM_INCOME":null,"PREMIUM_INCOME_YOY":null,"NET_INTEREST_INCOME":null,"NET_INTEREST_INCOME_YOY":null,"FEE_COMMISSION_INCOME":null,"FEE_COMMISSION_INCOME_YOY":null,"ACCOUNTS_RECE_TDAYS":1.688641507822,"INVENTORY_TDAYS":10.158752871183,"CURRENT_ASSETS_TDAYS":0.589339113681,"TOTAL_ASSETS_TDAYS":0.105581088505,"PREMIUM_EXPENSE":null,"LOAN_DEPOSIT":null,"LOAN_EQUITY":null,"LOAN_ASSETS":null,"DEPOSIT_EQUITY":null,"DEPOSIT_ASSETS":null,"EQUITY_MULTIPLIER":5.462987166246,"EQUITY_RATIO":4.800482050057}],"count":24},"success":true,"message":"ok","code":0}