{"version":"e3ee99be8baf5812264505abd19a0769","result":{"pages":5,"data":[{"SECUCODE":"01813.HK","SECURITY_CODE":"01813","SECURITY_NAME_ABBR":"合景泰富集团","ORG_CODE":"10081636","STD_REPORT_DATE":"2024-06-30 00:00:00","REPORT_DATE":"2024-06-30 00:00:00","DATE_TYPE_CODE":"002","REPORT_TYPE":"2024年中报","PER_NETCASH_OPERATE":0.405619501074,"PER_OI":1.530895486422,"BPS":1.28037835458,"BASIC_EPS":-2.405,"DILUTED_EPS":-2.405,"OPERATE_INCOME":5233954000,"OPERATE_INCOME_YOY":-29.7828979204,"GROSS_PROFIT":97829000,"GROSS_PROFIT_YOY":-77.887103956312,"HOLDER_PROFIT":-8223670000,"HOLDER_PROFIT_YOY":16.8378045594,"GROSS_PROFIT_RATIO":1.869122273524,"EPS_TTM":-4.992251937935,"OPERATE_INCOME_QOQ":-14.044348155823,"NET_PROFIT_RATIO":-155.3895200455,"ROE_AVG":-96.130436843515,"GROSS_PROFIT_QOQ":-13.056000024249,"ROA":-5.060411377188,"HOLDER_PROFIT_QOQ":8.888295994891,"ROE_YEARLY":-192.26087368703,"ROIC_YEARLY":-10.573084734888,"TOTAL_ASSETS":157554426000,"TOTAL_LIABILITIES":147848116000,"TAX_EBT":-4.014094630259,"OCF_SALES":26.495571034824,"TOTAL_PARENT_EQUITY":4377465000,"DEBT_ASSET_RATIO":93.8393923634,"OPERATE_PROFIT":-4508912000,"PRETAX_PROFIT":-7819148000,"NETCASH_OPERATE":1386766000,"NETCASH_INVEST":36260000,"NETCASH_FINANCE":-1511775000,"END_CASH":692656000,"DIVI_RATIO":null,"DIVIDEND_RATE":null,"CURRENT_RATIO":0.686843866152,"COMMON_ACS":8000000000,"CURRENTDEBT_DEBT":79.446479385642,"ISSUED_COMMON_SHARES":3418883945,"HK_COMMON_SHARES":3418883945,"PER_SHARES":500,"TOTAL_MARKET_CAP":1179514961.025,"HKSK_MARKET_CAP":1179514961.025,"PE_TTM":-0.062222201292,"PB_TTM":0.245923088963,"REPORT_DATE_SQ":"2023-06-30 00:00:00","REPORT_TYPE_SQ":"2023年中报","OPERATE_INCOME_SQ":7453959000,"DPS_HKD":null,"OPERATE_INCOME_QOQ_SQ":-7.549024395882,"NET_PROFIT_RATIO_SQ":-133.2035097054,"HOLDER_PROFIT_SQ":-9888712000,"HOLDER_PROFIT_QOQ_SQ":-111.721000508732,"ROE_AVG_SQ":-37.865797163915,"PE_TTM_SQ":-0.07208862513,"PB_TTM_SQ":0.069184168317,"ROA_SQ":-5.116659906087,"START_DATE":"2024-01-01 00:00:00","FISCAL_YEAR":"12-31","CURRENCY":"HKD","IS_CNY_CODE":0,"DPS_HKD_LY":null,"ORG_TYPE":"一般企业","PREMIUM_INCOME":null,"PREMIUM_INCOME_YOY":null,"NET_INTEREST_INCOME":null,"NET_INTEREST_INCOME_YOY":null,"FEE_COMMISSION_INCOME":null,"FEE_COMMISSION_INCOME_YOY":null,"ACCOUNTS_RECE_TDAYS":15.295729782807,"INVENTORY_TDAYS":0.078069331616,"CURRENT_ASSETS_TDAYS":0.06234440971,"TOTAL_ASSETS_TDAYS":0.032206983463,"PREMIUM_EXPENSE":null,"LOAN_DEPOSIT":null,"LOAN_EQUITY":null,"LOAN_ASSETS":null,"DEPOSIT_EQUITY":null,"DEPOSIT_ASSETS":null,"EQUITY_MULTIPLIER":16.232165055587,"EQUITY_RATIO":33.774825384098},{"SECUCODE":"01813.HK","SECURITY_CODE":"01813","SECURITY_NAME_ABBR":"合景泰富集团","ORG_CODE":"10081636","STD_REPORT_DATE":"2023-12-31 00:00:00","REPORT_DATE":"2023-12-31 00:00:00","DATE_TYPE_CODE":"001","REPORT_TYPE":"2023年年报","PER_NETCASH_OPERATE":0.314272732648,"PER_OI":4.623469604202,"BPS":3.72400298016,"BASIC_EPS":-5.48,"DILUTED_EPS":-5.48,"OPERATE_INCOME":15807106000,"OPERATE_INCOME_YOY":17.5018968397,"GROSS_PROFIT":-2639231000,"GROSS_PROFIT_YOY":-25.930427023764,"HOLDER_PROFIT":-18732972000,"HOLDER_PROFIT_YOY":-102.7242114408,"GROSS_PROFIT_RATIO":-16.696484479828,"EPS_TTM":-5.479265251866,"OPERATE_INCOME_QOQ":27.096437946607,"NET_PROFIT_RATIO":-120.0681263224,"ROE_AVG":-84.703810908509,"GROSS_PROFIT_QOQ":15.47311854474,"ROA":-10.198992034501,"HOLDER_PROFIT_QOQ":4.24936073715,"ROE_YEARLY":-84.703810908509,"ROIC_YEARLY":-10.978905188655,"TOTAL_ASSETS":167465395000,"TOTAL_LIABILITIES":149394704000,"TAX_EBT":-7.671437667839,"OCF_SALES":6.797335325011,"TOTAL_PARENT_EQUITY":12731934000,"DEBT_ASSET_RATIO":89.2092984345,"OPERATE_PROFIT":-7247532000,"PRETAX_PROFIT":-17627048000,"NETCASH_OPERATE":1074462000,"NETCASH_INVEST":1805716000,"NETCASH_FINANCE":-5456413000,"END_CASH":781358000,"DIVI_RATIO":null,"DIVIDEND_RATE":null,"CURRENT_RATIO":0.760647733831,"COMMON_ACS":8000000000,"CURRENTDEBT_DEBT":76.760165474139,"ISSUED_COMMON_SHARES":3418883945,"HK_COMMON_SHARES":3418883945,"PER_SHARES":500,"TOTAL_MARKET_CAP":1264987059.65,"HKSK_MARKET_CAP":1264987059.65,"PE_TTM":-0.066731056458,"PB_TTM":0.263743602656,"REPORT_DATE_SQ":"2022-12-31 00:00:00","REPORT_TYPE_SQ":"2022年年报","OPERATE_INCOME_SQ":13452639000,"DPS_HKD":null,"OPERATE_INCOME_QOQ_SQ":-30.442715327015,"NET_PROFIT_RATIO_SQ":-73.1623066671,"HOLDER_PROFIT_SQ":-9240619000,"HOLDER_PROFIT_QOQ_SQ":-9004.13185711946,"ROE_AVG_SQ":-24.375048733643,"PE_TTM_SQ":-0.076049538599,"PB_TTM_SQ":0.072985496246,"ROA_SQ":-4.276746341788,"START_DATE":"2023-01-01 00:00:00","FISCAL_YEAR":"12-31","CURRENCY":"HKD","IS_CNY_CODE":0,"DPS_HKD_LY":null,"ORG_TYPE":"一般企业","PREMIUM_INCOME":null,"PREMIUM_INCOME_YOY":null,"NET_INTEREST_INCOME":null,"NET_INTEREST_INCOME_YOY":null,"FEE_COMMISSION_INCOME":null,"FEE_COMMISSION_INCOME_YOY":null,"ACCOUNTS_RECE_TDAYS":38.41202679371,"INVENTORY_TDAYS":0.251253734387,"CURRENT_ASSETS_TDAYS":0.161312269523,"TOTAL_ASSETS_TDAYS":0.086060315567,"PREMIUM_EXPENSE":null,"LOAN_DEPOSIT":null,"LOAN_EQUITY":null,"LOAN_ASSETS":null,"DEPOSIT_EQUITY":null,"DEPOSIT_ASSETS":null,"EQUITY_MULTIPLIER":9.267238037582,"EQUITY_RATIO":11.733857872653},{"SECUCODE":"01813.HK","SECURITY_CODE":"01813","SECURITY_NAME_ABBR":"合景泰富集团","ORG_CODE":"10081636","STD_REPORT_DATE":"2023-06-30 00:00:00","REPORT_DATE":"2023-06-30 00:00:00","DATE_TYPE_CODE":"002","REPORT_TYPE":"2023年中报","PER_NETCASH_OPERATE":0.188968391555,"PER_OI":2.180231654514,"BPS":6.063538959934,"BASIC_EPS":-2.893,"DILUTED_EPS":-2.892,"OPERATE_INCOME":7453959000,"OPERATE_INCOME_YOY":-11.9905869318,"GROSS_PROFIT":442407000,"GROSS_PROFIT_YOY":-69.883367971904,"HOLDER_PROFIT":-9888712000,"HOLDER_PROFIT_YOY":-2373.2671264368,"GROSS_PROFIT_RATIO":5.935194974912,"EPS_TTM":-5.722432031837,"OPERATE_INCOME_QOQ":-7.549024395882,"NET_PROFIT_RATIO":-133.2035097054,"ROE_AVG":-37.865797163915,"GROSS_PROFIT_QOQ":-48.982696221225,"ROA":-5.116659906087,"HOLDER_PROFIT_QOQ":-111.721000508732,"ROE_YEARLY":-75.73159432783,"ROIC_YEARLY":-11.170765572517,"TOTAL_ASSETS":186645887000,"TOTAL_LIABILITIES":157683874000,"TAX_EBT":-1.316231876812,"OCF_SALES":8.667353818286,"TOTAL_PARENT_EQUITY":20730536000,"DEBT_ASSET_RATIO":84.4829085358,"OPERATE_PROFIT":-2509483000,"PRETAX_PROFIT":-9799945000,"NETCASH_OPERATE":646061000,"NETCASH_INVEST":-442808000,"NETCASH_FINANCE":-2976758000,"END_CASH":585899000,"DIVI_RATIO":null,"DIVIDEND_RATE":null,"CURRENT_RATIO":0.924507336276,"COMMON_ACS":8000000000,"CURRENTDEBT_DEBT":67.532555675287,"ISSUED_COMMON_SHARES":3418883945,"HK_COMMON_SHARES":3418883945,"PER_SHARES":500,"TOTAL_MARKET_CAP":1264987059.65,"HKSK_MARKET_CAP":1264987059.65,"PE_TTM":-0.066731056458,"PB_TTM":0.263743602656,"REPORT_DATE_SQ":"2022-06-30 00:00:00","REPORT_TYPE_SQ":"2022年中报","OPERATE_INCOME_SQ":8469502000,"DPS_HKD":null,"OPERATE_INCOME_QOQ_SQ":-18.890328760413,"NET_PROFIT_RATIO_SQ":5.9587328747,"HOLDER_PROFIT_SQ":435000000,"HOLDER_PROFIT_QOQ_SQ":-95.714004289341,"ROE_AVG_SQ":0.993755764212,"PE_TTM_SQ":-0.076049538599,"PB_TTM_SQ":0.072985496246,"ROA_SQ":0.18993781377,"START_DATE":"2023-01-01 00:00:00","FISCAL_YEAR":"12-31","CURRENCY":"HKD","IS_CNY_CODE":0,"DPS_HKD_LY":null,"ORG_TYPE":"一般企业","PREMIUM_INCOME":null,"PREMIUM_INCOME_YOY":null,"NET_INTEREST_INCOME":null,"NET_INTEREST_INCOME_YOY":null,"FEE_COMMISSION_INCOME":null,"FEE_COMMISSION_INCOME_YOY":null,"ACCOUNTS_RECE_TDAYS":16.042180362533,"INVENTORY_TDAYS":0.091728030441,"CURRENT_ASSETS_TDAYS":0.071948513229,"TOTAL_ASSETS_TDAYS":0.038568595341,"PREMIUM_EXPENSE":null,"LOAN_DEPOSIT":null,"LOAN_EQUITY":null,"LOAN_ASSETS":null,"DEPOSIT_EQUITY":null,"DEPOSIT_ASSETS":null,"EQUITY_MULTIPLIER":6.444506706087,"EQUITY_RATIO":7.606357790266},{"SECUCODE":"01813.HK","SECURITY_CODE":"01813","SECURITY_NAME_ABBR":"合景泰富集团","ORG_CODE":"10081636","STD_REPORT_DATE":"2022-12-31 00:00:00","REPORT_DATE":"2022-12-31 00:00:00","DATE_TYPE_CODE":"001","REPORT_TYPE":"2022年年报","PER_NETCASH_OPERATE":3.284642044897,"PER_OI":3.935238741374,"BPS":9.213467466793,"BASIC_EPS":-2.89,"DILUTED_EPS":-2.89,"OPERATE_INCOME":13452639000,"OPERATE_INCOME_YOY":-43.5823150786,"GROSS_PROFIT":-2095785000,"GROSS_PROFIT_YOY":-141.537575145932,"HOLDER_PROFIT":-9240619000,"HOLDER_PROFIT_YOY":-481.6307094676,"GROSS_PROFIT_RATIO":-15.578987884831,"EPS_TTM":-2.70311586322,"OPERATE_INCOME_QOQ":-30.442715327015,"NET_PROFIT_RATIO":-73.1623066671,"ROE_AVG":-24.375048733643,"GROSS_PROFIT_QOQ":-180.152373973659,"ROA":-4.276746341788,"HOLDER_PROFIT_QOQ":-9004.13185711946,"ROE_YEARLY":-24.375048733643,"ROIC_YEARLY":-5.018436631438,"TOTAL_ASSETS":199884083000,"TOTAL_LIABILITIES":159684788000,"TAX_EBT":7.992768995526,"OCF_SALES":83.467414832138,"TOTAL_PARENT_EQUITY":31499776000,"DEBT_ASSET_RATIO":79.88869629,"OPERATE_PROFIT":-5636153000,"PRETAX_PROFIT":-10697269000,"NETCASH_OPERATE":11228570000,"NETCASH_INVEST":-2813472000,"NETCASH_FINANCE":-12832576000,"END_CASH":3356104000,"DIVI_RATIO":null,"DIVIDEND_RATE":null,"CURRENT_RATIO":1.05316162808,"COMMON_ACS":8000000000,"CURRENTDEBT_DEBT":64.667407142126,"ISSUED_COMMON_SHARES":3418883945,"HK_COMMON_SHARES":3418883945,"PER_SHARES":500,"TOTAL_MARKET_CAP":1264987059.65,"HKSK_MARKET_CAP":1264987059.65,"PE_TTM":-0.066731056458,"PB_TTM":0.263743602656,"REPORT_DATE_SQ":"2021-12-31 00:00:00","REPORT_TYPE_SQ":"2021年年报","OPERATE_INCOME_SQ":23844720000,"DPS_HKD":null,"OPERATE_INCOME_QOQ_SQ":-19.93010852326,"NET_PROFIT_RATIO_SQ":10.7484508101,"HOLDER_PROFIT_SQ":2421351000,"HOLDER_PROFIT_QOQ_SQ":-59.052811172548,"ROE_AVG_SQ":5.51212706723,"PE_TTM_SQ":-0.076049538599,"PB_TTM_SQ":0.072985496246,"ROA_SQ":1.042680330904,"START_DATE":"2022-01-01 00:00:00","FISCAL_YEAR":"12-31","CURRENCY":"HKD","IS_CNY_CODE":0,"DPS_HKD_LY":null,"ORG_TYPE":"一般企业","PREMIUM_INCOME":null,"PREMIUM_INCOME_YOY":null,"NET_INTEREST_INCOME":null,"NET_INTEREST_INCOME_YOY":null,"FEE_COMMISSION_INCOME":null,"FEE_COMMISSION_INCOME_YOY":null,"ACCOUNTS_RECE_TDAYS":14.464067874242,"INVENTORY_TDAYS":0.20129354504,"CURRENT_ASSETS_TDAYS":0.115739258994,"TOTAL_ASSETS_TDAYS":0.062261548313,"PREMIUM_EXPENSE":null,"LOAN_DEPOSIT":null,"LOAN_EQUITY":null,"LOAN_ASSETS":null,"DEPOSIT_EQUITY":null,"DEPOSIT_ASSETS":null,"EQUITY_MULTIPLIER":4.972328071913,"EQUITY_RATIO":5.069394398233},{"SECUCODE":"01813.HK","SECURITY_CODE":"01813","SECURITY_NAME_ABBR":"合景泰富集团","ORG_CODE":"10081636","STD_REPORT_DATE":"2022-06-30 00:00:00","REPORT_DATE":"2022-06-30 00:00:00","DATE_TYPE_CODE":"002","REPORT_TYPE":"2022年中报","PER_NETCASH_OPERATE":1.195930671345,"PER_OI":2.660431868546,"BPS":12.64334405478,"BASIC_EPS":0.137,"DILUTED_EPS":0.137,"OPERATE_INCOME":8469502000,"OPERATE_INCOME_YOY":-34.7186586431,"GROSS_PROFIT":1468979000,"GROSS_PROFIT_YOY":-62.33139918928,"HOLDER_PROFIT":435000000,"HOLDER_PROFIT_YOY":-84.1965986721,"GROSS_PROFIT_RATIO":17.344337364818,"EPS_TTM":0.032598960232,"OPERATE_INCOME_QOQ":-18.890328760413,"NET_PROFIT_RATIO":5.9587328747,"ROE_AVG":0.993755764212,"GROSS_PROFIT_QOQ":-48.176737522981,"ROA":0.18993781377,"HOLDER_PROFIT_QOQ":-95.714004289341,"ROE_YEARLY":1.987511528424,"ROIC_YEARLY":0.46329892248,"TOTAL_ASSETS":225795602000,"TOTAL_LIABILITIES":167118404000,"TAX_EBT":32.626996459638,"OCF_SALES":44.952501339512,"TOTAL_PARENT_EQUITY":43226126000,"DEBT_ASSET_RATIO":74.0131351185,"OPERATE_PROFIT":1877011000,"PRETAX_PROFIT":749076000,"NETCASH_OPERATE":3807253000,"NETCASH_INVEST":678787000,"NETCASH_FINANCE":-7106495000,"END_CASH":5123843000,"DIVI_RATIO":null,"DIVIDEND_RATE":null,"CURRENT_RATIO":1.115987997627,"COMMON_ACS":8000000000,"CURRENTDEBT_DEBT":65.242430749877,"ISSUED_COMMON_SHARES":3418883945,"HK_COMMON_SHARES":3418883945,"PER_SHARES":500,"TOTAL_MARKET_CAP":1264987059.65,"HKSK_MARKET_CAP":1264987059.65,"PE_TTM":-0.066731056458,"PB_TTM":0.263743602656,"REPORT_DATE_SQ":"2021-06-30 00:00:00","REPORT_TYPE_SQ":"2021年中报","OPERATE_INCOME_SQ":12973848000,"DPS_HKD":null,"OPERATE_INCOME_QOQ_SQ":0.127159975419,"NET_PROFIT_RATIO_SQ":21.9938525563,"HOLDER_PROFIT_SQ":2752572000,"HOLDER_PROFIT_QOQ_SQ":-11.431595640411,"ROE_AVG_SQ":6.235013989397,"PE_TTM_SQ":-0.076049538599,"PB_TTM_SQ":0.072985496246,"ROA_SQ":1.15819760277,"START_DATE":"2022-01-01 00:00:00","FISCAL_YEAR":"12-31","CURRENCY":"HKD","IS_CNY_CODE":0,"DPS_HKD_LY":null,"ORG_TYPE":"一般企业","PREMIUM_INCOME":null,"PREMIUM_INCOME_YOY":null,"NET_INTEREST_INCOME":null,"NET_INTEREST_INCOME_YOY":null,"FEE_COMMISSION_INCOME":null,"FEE_COMMISSION_INCOME_YOY":null,"ACCOUNTS_RECE_TDAYS":8.911742779564,"INVENTORY_TDAYS":0.089346934129,"CURRENT_ASSETS_TDAYS":0.069029075615,"TOTAL_ASSETS_TDAYS":0.036981119393,"PREMIUM_EXPENSE":null,"LOAN_DEPOSIT":null,"LOAN_EQUITY":null,"LOAN_ASSETS":null,"DEPOSIT_EQUITY":null,"DEPOSIT_ASSETS":null,"EQUITY_MULTIPLIER":3.848097893147,"EQUITY_RATIO":3.866143452226},{"SECUCODE":"01813.HK","SECURITY_CODE":"01813","SECURITY_NAME_ABBR":"合景泰富集团","ORG_CODE":"10081636","STD_REPORT_DATE":"2021-12-31 00:00:00","REPORT_DATE":"2021-12-31 00:00:00","DATE_TYPE_CODE":"001","REPORT_TYPE":"2021年年报","PER_NETCASH_OPERATE":-0.006854208964,"PER_OI":7.491254231843,"BPS":12.963451439999,"BASIC_EPS":0.76,"DILUTED_EPS":0.76,"OPERATE_INCOME":23844720000,"OPERATE_INCOME_YOY":-19.8282916689,"GROSS_PROFIT":5045516000,"GROSS_PROFIT_YOY":-46.088140988654,"HOLDER_PROFIT":2421351000,"HOLDER_PROFIT_YOY":-63.7337282254,"GROSS_PROFIT_RATIO":21.159887807448,"EPS_TTM":0.760711634506,"OPERATE_INCOME_QOQ":-19.93010852326,"NET_PROFIT_RATIO":10.7484508101,"ROE_AVG":5.51212706723,"GROSS_PROFIT_QOQ":-44.434491275731,"ROA":1.042680330904,"HOLDER_PROFIT_QOQ":-59.052811172548,"ROE_YEARLY":5.51212706723,"ROIC_YEARLY":1.31380610652,"TOTAL_ASSETS":232249051000,"TOTAL_LIABILITIES":172547118000,"TAX_EBT":37.199300378872,"OCF_SALES":-0.091496146736,"TOTAL_PARENT_EQUITY":44320536000,"DEBT_ASSET_RATIO":74.2940034661,"OPERATE_PROFIT":2118230000,"PRETAX_PROFIT":4081066000,"NETCASH_OPERATE":-21817000,"NETCASH_INVEST":-34087962000,"NETCASH_FINANCE":1226355000,"END_CASH":7715390000,"DIVI_RATIO":null,"DIVIDEND_RATE":null,"CURRENT_RATIO":1.102923417132,"COMMON_ACS":8000000000,"CURRENTDEBT_DEBT":65.006208912745,"ISSUED_COMMON_SHARES":3418883945,"HK_COMMON_SHARES":3418883945,"PER_SHARES":500,"TOTAL_MARKET_CAP":1264987059.65,"HKSK_MARKET_CAP":1264987059.65,"PE_TTM":-0.066731056458,"PB_TTM":0.263743602656,"REPORT_DATE_SQ":"2020-12-31 00:00:00","REPORT_TYPE_SQ":"2020年年报","OPERATE_INCOME_SQ":29742063000,"DPS_HKD":null,"OPERATE_INCOME_QOQ_SQ":7.015386694542,"NET_PROFIT_RATIO_SQ":23.2038678689,"HOLDER_PROFIT_SQ":6676592000,"HOLDER_PROFIT_QOQ_SQ":-9.262244875355,"ROE_AVG_SQ":16.832529230722,"PE_TTM_SQ":-0.076049538599,"PB_TTM_SQ":0.072985496246,"ROA_SQ":2.990493675664,"START_DATE":"2021-01-01 00:00:00","FISCAL_YEAR":"12-31","CURRENCY":"HKD","IS_CNY_CODE":0,"DPS_HKD_LY":1.09093,"ORG_TYPE":"一般企业","PREMIUM_INCOME":null,"PREMIUM_INCOME_YOY":null,"NET_INTEREST_INCOME":null,"NET_INTEREST_INCOME_YOY":null,"FEE_COMMISSION_INCOME":null,"FEE_COMMISSION_INCOME_YOY":null,"ACCOUNTS_RECE_TDAYS":14.524659775113,"INVENTORY_TDAYS":0.239794653613,"CURRENT_ASSETS_TDAYS":0.182359879652,"TOTAL_ASSETS_TDAYS":0.10267995239,"PREMIUM_EXPENSE":null,"LOAN_DEPOSIT":null,"LOAN_EQUITY":null,"LOAN_ASSETS":null,"DEPOSIT_EQUITY":null,"DEPOSIT_ASSETS":null,"EQUITY_MULTIPLIER":3.890142903743,"EQUITY_RATIO":3.893164062817},{"SECUCODE":"01813.HK","SECURITY_CODE":"01813","SECURITY_NAME_ABBR":"合景泰富集团","ORG_CODE":"10081636","STD_REPORT_DATE":"2021-06-30 00:00:00","REPORT_DATE":"2021-06-30 00:00:00","DATE_TYPE_CODE":"002","REPORT_TYPE":"2021年中报","PER_NETCASH_OPERATE":0.659376491517,"PER_OI":4.079155723645,"BPS":13.091738625834,"BASIC_EPS":0.866,"DILUTED_EPS":0.865,"OPERATE_INCOME":12973848000,"OPERATE_INCOME_YOY":0.2923617667,"GROSS_PROFIT":3899744000,"GROSS_PROFIT_YOY":-6.665971003282,"HOLDER_PROFIT":2752572000,"HOLDER_PROFIT_YOY":-21.7088053318,"GROSS_PROFIT_RATIO":30.058499220894,"EPS_TTM":1.859238645125,"OPERATE_INCOME_QOQ":0.127159975419,"NET_PROFIT_RATIO":21.9938525563,"ROE_AVG":6.235013989397,"GROSS_PROFIT_QOQ":-2.976036305416,"ROA":1.15819760277,"HOLDER_PROFIT_QOQ":-11.431595640411,"ROE_YEARLY":12.470027978794,"ROIC_YEARLY":3.020416709272,"TOTAL_ASSETS":243121548000,"TOTAL_LIABILITIES":181203743000,"TAX_EBT":24.776387984148,"OCF_SALES":16.164533452219,"TOTAL_PARENT_EQUITY":44759135000,"DEBT_ASSET_RATIO":74.532160761,"OPERATE_PROFIT":3053970000,"PRETAX_PROFIT":3793289000,"NETCASH_OPERATE":2097162000,"NETCASH_INVEST":-5546559000,"NETCASH_FINANCE":5443231000,"END_CASH":42614904000,"DIVI_RATIO":null,"DIVIDEND_RATE":null,"CURRENT_RATIO":1.217287983755,"COMMON_ACS":8000000000,"CURRENTDEBT_DEBT":66.11956464939,"ISSUED_COMMON_SHARES":3418883945,"HK_COMMON_SHARES":3418883945,"PER_SHARES":500,"TOTAL_MARKET_CAP":1264987059.65,"HKSK_MARKET_CAP":1264987059.65,"PE_TTM":-0.066731056458,"PB_TTM":0.263743602656,"REPORT_DATE_SQ":"2020-06-30 00:00:00","REPORT_TYPE_SQ":"2020年中报","OPERATE_INCOME_SQ":12936028000,"DPS_HKD":null,"OPERATE_INCOME_QOQ_SQ":11.364134234692,"NET_PROFIT_RATIO_SQ":27.1457785599,"HOLDER_PROFIT_SQ":3515813000,"HOLDER_PROFIT_QOQ_SQ":-24.961663046195,"ROE_AVG_SQ":9.441312188771,"PE_TTM_SQ":-0.076049538599,"PB_TTM_SQ":0.072985496246,"ROA_SQ":1.626862223254,"START_DATE":"2021-01-01 00:00:00","FISCAL_YEAR":"12-31","CURRENCY":"HKD","IS_CNY_CODE":0,"DPS_HKD_LY":1.09093,"ORG_TYPE":"一般企业","PREMIUM_INCOME":null,"PREMIUM_INCOME_YOY":null,"NET_INTEREST_INCOME":null,"NET_INTEREST_INCOME_YOY":null,"FEE_COMMISSION_INCOME":null,"FEE_COMMISSION_INCOME_YOY":null,"ACCOUNTS_RECE_TDAYS":6.049025938755,"INVENTORY_TDAYS":0.112548511648,"CURRENT_ASSETS_TDAYS":0.091478977502,"TOTAL_ASSETS_TDAYS":0.054589960416,"PREMIUM_EXPENSE":null,"LOAN_DEPOSIT":null,"LOAN_EQUITY":null,"LOAN_ASSETS":null,"DEPOSIT_EQUITY":null,"DEPOSIT_ASSETS":null,"EQUITY_MULTIPLIER":3.92652078025,"EQUITY_RATIO":4.048419233303},{"SECUCODE":"01813.HK","SECURITY_CODE":"01813","SECURITY_NAME_ABBR":"合景泰富集团","ORG_CODE":"10081636","STD_REPORT_DATE":"2020-12-31 00:00:00","REPORT_DATE":"2020-12-31 00:00:00","DATE_TYPE_CODE":"001","REPORT_TYPE":"2020年年报","PER_NETCASH_OPERATE":0.355540927219,"PER_OI":9.351362448192,"BPS":12.733651595185,"BASIC_EPS":2.1,"DILUTED_EPS":2.1,"OPERATE_INCOME":29742063000,"OPERATE_INCOME_YOY":24.225717927,"GROSS_PROFIT":9358824000,"GROSS_PROFIT_YOY":25.690093086821,"HOLDER_PROFIT":6676592000,"HOLDER_PROFIT_YOY":-31.9118975653,"GROSS_PROFIT_RATIO":31.466626911523,"EPS_TTM":2.099223302388,"OPERATE_INCOME_QOQ":7.015386694542,"NET_PROFIT_RATIO":23.2038678689,"ROE_AVG":16.832529230722,"GROSS_PROFIT_QOQ":9.151089688684,"ROA":2.990493675664,"HOLDER_PROFIT_QOQ":-9.262244875355,"ROE_YEARLY":16.832529230722,"ROIC_YEARLY":3.908121833921,"TOTAL_ASSETS":232198379000,"TOTAL_LIABILITIES":178281688000,"TAX_EBT":33.765378755326,"OCF_SALES":3.80202274469,"TOTAL_PARENT_EQUITY":43534877000,"DEBT_ASSET_RATIO":76.7799020681,"OPERATE_PROFIT":8615902000,"PRETAX_PROFIT":10062908000,"NETCASH_OPERATE":1130800000,"NETCASH_INVEST":-3744779000,"NETCASH_FINANCE":-7808847000,"END_CASH":40635765000,"DIVI_RATIO":null,"DIVIDEND_RATE":null,"CURRENT_RATIO":1.137787706871,"COMMON_ACS":8000000000,"CURRENTDEBT_DEBT":67.934007894294,"ISSUED_COMMON_SHARES":3418883945,"HK_COMMON_SHARES":3418883945,"PER_SHARES":500,"TOTAL_MARKET_CAP":1264987059.65,"HKSK_MARKET_CAP":1264987059.65,"PE_TTM":-0.066731056458,"PB_TTM":0.263743602656,"REPORT_DATE_SQ":"2019-12-31 00:00:00","REPORT_TYPE_SQ":"2019年年报","OPERATE_INCOME_SQ":23941953000,"DPS_HKD":null,"OPERATE_INCOME_QOQ_SQ":70.223799392846,"NET_PROFIT_RATIO_SQ":40.2948342302,"HOLDER_PROFIT_SQ":9805813000,"HOLDER_PROFIT_QOQ_SQ":25.274152623519,"ROE_AVG_SQ":30.371096596207,"PE_TTM_SQ":-0.076049538599,"PB_TTM_SQ":0.072985496246,"ROA_SQ":4.916921693595,"START_DATE":"2020-01-01 00:00:00","FISCAL_YEAR":"12-31","CURRENCY":"HKD","IS_CNY_CODE":0,"DPS_HKD_LY":0.913709,"ORG_TYPE":"一般企业","PREMIUM_INCOME":null,"PREMIUM_INCOME_YOY":null,"NET_INTEREST_INCOME":null,"NET_INTEREST_INCOME_YOY":null,"FEE_COMMISSION_INCOME":null,"FEE_COMMISSION_INCOME_YOY":null,"ACCOUNTS_RECE_TDAYS":14.574663014923,"INVENTORY_TDAYS":0.28447696767,"CURRENT_ASSETS_TDAYS":0.222331791484,"TOTAL_ASSETS_TDAYS":0.133216843717,"PREMIUM_EXPENSE":null,"LOAN_DEPOSIT":null,"LOAN_EQUITY":null,"LOAN_ASSETS":null,"DEPOSIT_EQUITY":null,"DEPOSIT_ASSETS":null,"EQUITY_MULTIPLIER":4.306614050177,"EQUITY_RATIO":4.095146243321},{"SECUCODE":"01813.HK","SECURITY_CODE":"01813","SECURITY_NAME_ABBR":"合景泰富集团","ORG_CODE":"10081636","STD_REPORT_DATE":"2020-06-30 00:00:00","REPORT_DATE":"2020-06-30 00:00:00","DATE_TYPE_CODE":"002","REPORT_TYPE":"2020年中报","PER_NETCASH_OPERATE":0.04501605138,"PER_OI":4.071859908512,"BPS":11.314351005266,"BASIC_EPS":1.107,"DILUTED_EPS":1.106,"OPERATE_INCOME":12936028000,"OPERATE_INCOME_YOY":26.6369027493,"GROSS_PROFIT":4178266000,"GROSS_PROFIT_YOY":11.966764763103,"HOLDER_PROFIT":3515813000,"HOLDER_PROFIT_YOY":-41.0445397314,"GROSS_PROFIT_RATIO":32.930755297173,"EPS_TTM":2.316107367591,"OPERATE_INCOME_QOQ":11.364134234692,"NET_PROFIT_RATIO":27.1457785599,"ROE_AVG":9.441312188771,"GROSS_PROFIT_QOQ":9.006252399635,"ROA":1.626862223254,"HOLDER_PROFIT_QOQ":-24.961663046195,"ROE_YEARLY":18.882624377543,"ROIC_YEARLY":4.353144421415,"TOTAL_ASSETS":217897450000,"TOTAL_LIABILITIES":172485912000,"TAX_EBT":31.976717340479,"OCF_SALES":1.060676844629,"TOTAL_PARENT_EQUITY":38682453000,"DEBT_ASSET_RATIO":79.1592154933,"OPERATE_PROFIT":4614408000,"PRETAX_PROFIT":5197688000,"NETCASH_OPERATE":2083451000,"NETCASH_INVEST":-4438918000,"NETCASH_FINANCE":-520818000,"END_CASH":48605723000,"DIVI_RATIO":null,"DIVIDEND_RATE":null,"CURRENT_RATIO":1.060744852769,"COMMON_ACS":8000000000,"CURRENTDEBT_DEBT":69.590270653524,"ISSUED_COMMON_SHARES":3418883945,"HK_COMMON_SHARES":3418883945,"PER_SHARES":500,"TOTAL_MARKET_CAP":1264987059.65,"HKSK_MARKET_CAP":1264987059.65,"PE_TTM":-0.066731056458,"PB_TTM":0.263743602656,"REPORT_DATE_SQ":"2019-06-30 00:00:00","REPORT_TYPE_SQ":"2019年中报","OPERATE_INCOME_SQ":10647120000,"DPS_HKD":null,"OPERATE_INCOME_QOQ_SQ":96.066999123099,"NET_PROFIT_RATIO_SQ":57.7549233971,"HOLDER_PROFIT_SQ":5963507000,"HOLDER_PROFIT_QOQ_SQ":93.969715630239,"ROE_AVG_SQ":19.088332575691,"PE_TTM_SQ":-0.076049538599,"PB_TTM_SQ":0.072985496246,"ROA_SQ":3.084599977987,"START_DATE":"2020-01-01 00:00:00","FISCAL_YEAR":"12-31","CURRENCY":"HKD","IS_CNY_CODE":0,"DPS_HKD_LY":0.913709,"ORG_TYPE":"一般企业","PREMIUM_INCOME":null,"PREMIUM_INCOME_YOY":null,"NET_INTEREST_INCOME":null,"NET_INTEREST_INCOME_YOY":null,"FEE_COMMISSION_INCOME":null,"FEE_COMMISSION_INCOME_YOY":null,"ACCOUNTS_RECE_TDAYS":5.62193523489,"INVENTORY_TDAYS":0.144975916234,"CURRENT_ASSETS_TDAYS":0.104899096713,"TOTAL_ASSETS_TDAYS":0.062390352024,"PREMIUM_EXPENSE":null,"LOAN_DEPOSIT":null,"LOAN_EQUITY":null,"LOAN_ASSETS":null,"DEPOSIT_EQUITY":null,"DEPOSIT_ASSETS":null,"EQUITY_MULTIPLIER":4.798283863443,"EQUITY_RATIO":4.459022079081}],"count":39},"success":true,"message":"ok","code":0}