{"version":"0e0b1e875b6165cb2d07a1209734239b","result":{"pages":5,"data":[{"SECUCODE":"01816.HK","SECURITY_CODE":"01816","SECURITY_NAME_ABBR":"中广核电力","ORG_CODE":"10401657","STD_REPORT_DATE":"2024-09-30 00:00:00","REPORT_DATE":"2024-09-30 00:00:00","DATE_TYPE_CODE":"004","REPORT_TYPE":"2024年三季报","PER_NETCASH_OPERATE":0.511309092164,"PER_OI":1.233106481326,"BPS":2.345562452764,"BASIC_EPS":0.1977,"DILUTED_EPS":0.1977,"OPERATE_INCOME":62270164645.35,"OPERATE_INCOME_YOY":4.0569608135,"GROSS_PROFIT":22867520091.89,"GROSS_PROFIT_YOY":-4.428258512811,"HOLDER_PROFIT":9983531158.34,"HOLDER_PROFIT_YOY":2.9266808248,"GROSS_PROFIT_RATIO":36.723076327369,"EPS_TTM":0.217995064995,"OPERATE_INCOME_QOQ":2.815344619928,"NET_PROFIT_RATIO":24.8872281122,"ROE_AVG":8.618248066449,"GROSS_PROFIT_QOQ":1.880219889086,"ROA":2.386249900304,"HOLDER_PROFIT_QOQ":1.227654832085,"ROE_YEARLY":11.490997421932,"ROIC_YEARLY":2.869918946729,"TOTAL_ASSETS":421504515969.18,"TOTAL_LIABILITIES":250600785285.89,"TAX_EBT":16.676907301227,"OCF_SALES":41.465120807237,"TOTAL_PARENT_EQUITY":118447646112.89,"DEBT_ASSET_RATIO":59.4538790906,"OPERATE_PROFIT":22479483703.17,"PRETAX_PROFIT":18599067100.36,"NETCASH_OPERATE":25820398997.06,"NETCASH_INVEST":-9212392032.58,"NETCASH_FINANCE":-11760067547.52,"END_CASH":13960170772.96,"DIVI_RATIO":0.429175554053,"DIVIDEND_RATE":4.064566929134,"CURRENT_RATIO":0.949058083931,"COMMON_ACS":null,"CURRENTDEBT_DEBT":32.980807665671,"ISSUED_COMMON_SHARES":50498611100,"HK_COMMON_SHARES":11163625000,"PER_SHARES":1000,"TOTAL_MARKET_CAP":128266472194,"HKSK_MARKET_CAP":28355607500,"PE_TTM":10.398694922367,"PB_TTM":0.976544707774,"REPORT_DATE_SQ":"2023-09-30 00:00:00","REPORT_TYPE_SQ":"2023年三季报","OPERATE_INCOME_SQ":59842382632.11,"DPS_HKD":0.10324,"OPERATE_INCOME_QOQ_SQ":-1.434757187017,"NET_PROFIT_RATIO_SQ":25.5781109224,"HOLDER_PROFIT_SQ":9699653266.13,"HOLDER_PROFIT_QOQ_SQ":-1.331506313686,"ROE_AVG_SQ":8.838213165089,"PE_TTM_SQ":10.051210474968,"PB_TTM_SQ":0.984733998229,"ROA_SQ":2.357274994226,"START_DATE":"2024-01-01 00:00:00","FISCAL_YEAR":"12-31","CURRENCY":"HKD","IS_CNY_CODE":0,"DPS_HKD_LY":0.10324,"ORG_TYPE":"一般企业","PREMIUM_INCOME":null,"PREMIUM_INCOME_YOY":null,"NET_INTEREST_INCOME":null,"NET_INTEREST_INCOME_YOY":null,"FEE_COMMISSION_INCOME":null,"FEE_COMMISSION_INCOME_YOY":null,"ACCOUNTS_RECE_TDAYS":5.921862414686,"INVENTORY_TDAYS":1.903461365619,"CURRENT_ASSETS_TDAYS":0.823531108691,"TOTAL_ASSETS_TDAYS":0.148837291956,"PREMIUM_EXPENSE":null,"LOAN_DEPOSIT":null,"LOAN_EQUITY":null,"LOAN_ASSETS":null,"DEPOSIT_EQUITY":null,"DEPOSIT_ASSETS":null,"EQUITY_MULTIPLIER":2.466327178954,"EQUITY_RATIO":2.115709290221},{"SECUCODE":"01816.HK","SECURITY_CODE":"01816","SECURITY_NAME_ABBR":"中广核电力","ORG_CODE":"10401657","STD_REPORT_DATE":"2024-06-30 00:00:00","REPORT_DATE":"2024-06-30 00:00:00","DATE_TYPE_CODE":"002","REPORT_TYPE":"2024年中报","PER_NETCASH_OPERATE":0.253254582137,"PER_OI":0.779758802635,"BPS":2.290494424572,"BASIC_EPS":0.141,"DILUTED_EPS":0.141,"OPERATE_INCOME":39376736526.09,"OPERATE_INCOME_YOY":0.2569321076,"GROSS_PROFIT":15185388302.76,"GROSS_PROFIT_YOY":-9.467119061868,"HOLDER_PROFIT":7109286616.72,"HOLDER_PROFIT_YOY":2.160841743,"GROSS_PROFIT_RATIO":38.564364755567,"EPS_TTM":0.215351294423,"OPERATE_INCOME_QOQ":-0.949068785933,"NET_PROFIT_RATIO":27.5525102763,"ROE_AVG":6.211623685684,"GROSS_PROFIT_QOQ":-5.327207340789,"ROA":1.704763329585,"HOLDER_PROFIT_QOQ":0.299329460252,"ROE_YEARLY":12.423247371368,"ROIC_YEARLY":4.093983866406,"TOTAL_ASSETS":418799331334.79,"TOTAL_LIABILITIES":250540056081.77,"TAX_EBT":16.294644475651,"OCF_SALES":32.478579437802,"TOTAL_PARENT_EQUITY":115666787173.16,"DEBT_ASSET_RATIO":59.8234135865,"OPERATE_PROFIT":15462600517.93,"PRETAX_PROFIT":12961272680.64,"NETCASH_OPERATE":12789004652.64,"NETCASH_INVEST":-4987386471.33,"NETCASH_FINANCE":-3137353098.92,"END_CASH":13774044953.09,"DIVI_RATIO":0.434444348481,"DIVIDEND_RATE":3.727075812274,"CURRENT_RATIO":0.926306487356,"COMMON_ACS":null,"CURRENTDEBT_DEBT":32.405093750587,"ISSUED_COMMON_SHARES":50498611100,"HK_COMMON_SHARES":11163625000,"PER_SHARES":1000,"TOTAL_MARKET_CAP":139881152747,"HKSK_MARKET_CAP":30923241250,"PE_TTM":11.340309029511,"PB_TTM":1.064971984462,"REPORT_DATE_SQ":"2023-06-30 00:00:00","REPORT_TYPE_SQ":"2023年中报","OPERATE_INCOME_SQ":39275824322.89,"DPS_HKD":0.10324,"OPERATE_INCOME_QOQ_SQ":1.837906615025,"NET_PROFIT_RATIO_SQ":27.7771914191,"HOLDER_PROFIT_SQ":6958915466.46,"HOLDER_PROFIT_QOQ_SQ":3.98441103175,"ROE_AVG_SQ":6.416858441175,"PE_TTM_SQ":7.948446777276,"PB_TTM_SQ":0.778722701529,"ROA_SQ":1.692848715727,"START_DATE":"2024-01-01 00:00:00","FISCAL_YEAR":"12-31","CURRENCY":"HKD","IS_CNY_CODE":0,"DPS_HKD_LY":0.10324,"ORG_TYPE":"一般企业","PREMIUM_INCOME":null,"PREMIUM_INCOME_YOY":null,"NET_INTEREST_INCOME":null,"NET_INTEREST_INCOME_YOY":null,"FEE_COMMISSION_INCOME":null,"FEE_COMMISSION_INCOME_YOY":null,"ACCOUNTS_RECE_TDAYS":3.76796541828,"INVENTORY_TDAYS":1.201892041349,"CURRENT_ASSETS_TDAYS":0.532146264667,"TOTAL_ASSETS_TDAYS":0.094422999223,"PREMIUM_EXPENSE":null,"LOAN_DEPOSIT":null,"LOAN_EQUITY":null,"LOAN_ASSETS":null,"DEPOSIT_EQUITY":null,"DEPOSIT_ASSETS":null,"EQUITY_MULTIPLIER":2.489011858071,"EQUITY_RATIO":2.166050101372},{"SECUCODE":"01816.HK","SECURITY_CODE":"01816","SECURITY_NAME_ABBR":"中广核电力","ORG_CODE":"10401657","STD_REPORT_DATE":"2024-03-31 00:00:00","REPORT_DATE":"2024-03-31 00:00:00","DATE_TYPE_CODE":"003","REPORT_TYPE":"2024年一季报","PER_NETCASH_OPERATE":0.110579588744,"PER_OI":0.379845128471,"BPS":2.31599213474,"BASIC_EPS":0.071,"DILUTED_EPS":0.071,"OPERATE_INCOME":19181651420.89,"OPERATE_INCOME_YOY":4.881829783,"GROSS_PROFIT":7533832711.42,"GROSS_PROFIT_YOY":-0.08754919394,"HOLDER_PROFIT":3604167159.18,"HOLDER_PROFIT_YOY":3.3823267989,"GROSS_PROFIT_RATIO":39.276246586439,"EPS_TTM":0.214708608304,"OPERATE_INCOME_QOQ":1.08157946328,"NET_PROFIT_RATIO":27.9387676719,"ROE_AVG":3.131467704871,"GROSS_PROFIT_QOQ":-0.022234296582,"ROA":0.863865341572,"HOLDER_PROFIT_QOQ":1.099497626731,"ROE_YEARLY":12.525870819483,"ROIC_YEARLY":4.143732711212,"TOTAL_ASSETS":419177646231.58,"TOTAL_LIABILITIES":250749653468.75,"TAX_EBT":15.489325184568,"OCF_SALES":29.111756464923,"TOTAL_PARENT_EQUITY":116954386122.87,"DEBT_ASSET_RATIO":59.8194239896,"OPERATE_PROFIT":7610969503.99,"PRETAX_PROFIT":6341349229.33,"NETCASH_OPERATE":5584115647.6,"NETCASH_INVEST":-2491911595.88,"NETCASH_FINANCE":1487886096.98,"END_CASH":13679724945.99,"DIVI_RATIO":0.435744768404,"DIVIDEND_RATE":3.727075812274,"CURRENT_RATIO":0.94171501446,"COMMON_ACS":null,"CURRENTDEBT_DEBT":32.327323992985,"ISSUED_COMMON_SHARES":50498611100,"HK_COMMON_SHARES":11163625000,"PER_SHARES":1000,"TOTAL_MARKET_CAP":139881152747,"HKSK_MARKET_CAP":30923241250,"PE_TTM":11.340309029511,"PB_TTM":1.064971984462,"REPORT_DATE_SQ":"2023-03-31 00:00:00","REPORT_TYPE_SQ":"2023年一季报","OPERATE_INCOME_SQ":18288822249.36,"DPS_HKD":0.10324,"OPERATE_INCOME_QOQ_SQ":1.341558768106,"NET_PROFIT_RATIO_SQ":28.5663096198,"HOLDER_PROFIT_SQ":3486250765.27,"HOLDER_PROFIT_QOQ_SQ":6.368519674138,"ROE_AVG_SQ":3.2056267858,"PE_TTM_SQ":7.948446777276,"PB_TTM_SQ":0.778722701529,"ROA_SQ":0.848538551764,"START_DATE":"2024-01-01 00:00:00","FISCAL_YEAR":"12-31","CURRENCY":"HKD","IS_CNY_CODE":0,"DPS_HKD_LY":0.10324,"ORG_TYPE":"一般企业","PREMIUM_INCOME":null,"PREMIUM_INCOME_YOY":null,"NET_INTEREST_INCOME":null,"NET_INTEREST_INCOME_YOY":null,"FEE_COMMISSION_INCOME":null,"FEE_COMMISSION_INCOME_YOY":null,"ACCOUNTS_RECE_TDAYS":1.646462366123,"INVENTORY_TDAYS":0.582790814921,"CURRENT_ASSETS_TDAYS":0.25725866961,"TOTAL_ASSETS_TDAYS":0.045975569736,"PREMIUM_EXPENSE":null,"LOAN_DEPOSIT":null,"LOAN_EQUITY":null,"LOAN_ASSETS":null,"DEPOSIT_EQUITY":null,"DEPOSIT_ASSETS":null,"EQUITY_MULTIPLIER":2.488764719901,"EQUITY_RATIO":2.143995294074},{"SECUCODE":"01816.HK","SECURITY_CODE":"01816","SECURITY_NAME_ABBR":"中广核电力","ORG_CODE":"10401657","STD_REPORT_DATE":"2023-12-31 00:00:00","REPORT_DATE":"2023-12-31 00:00:00","DATE_TYPE_CODE":"001","REPORT_TYPE":"2023年年报","PER_NETCASH_OPERATE":0.655857528577,"PER_OI":1.634671555359,"BPS":2.24235662528,"BASIC_EPS":0.212,"DILUTED_EPS":0.212,"OPERATE_INCOME":82548643150.32,"OPERATE_INCOME_YOY":-0.3305391105,"GROSS_PROFIT":29691020022.2,"GROSS_PROFIT_YOY":7.804930620796,"HOLDER_PROFIT":10724570116.68,"HOLDER_PROFIT_YOY":7.6354153917,"GROSS_PROFIT_RATIO":35.967907998358,"EPS_TTM":0.212373565987,"OPERATE_INCOME_QOQ":-2.019134895569,"NET_PROFIT_RATIO":20.6493662223,"ROE_AVG":9.738003325482,"GROSS_PROFIT_QOQ":0.0537958156,"ROA":2.602211210604,"HOLDER_PROFIT_QOQ":-1.383613447816,"ROE_YEARLY":9.738003325482,"ROIC_YEARLY":3.105354008086,"TOTAL_ASSETS":415250356776.35,"TOTAL_LIABILITIES":249946409917.28,"TAX_EBT":16.973677446958,"OCF_SALES":40.121670094927,"TOTAL_PARENT_EQUITY":113235895167.53,"DEBT_ASSET_RATIO":60.1917387519,"OPERATE_PROFIT":26196532319.83,"PRETAX_PROFIT":20530563213.54,"NETCASH_OPERATE":33119894272.61,"NETCASH_INVEST":-12512613672.5,"NETCASH_FINANCE":-19088238032.97,"END_CASH":9097637273.62,"DIVI_RATIO":0.440535771791,"DIVIDEND_RATE":3.727075812274,"CURRENT_RATIO":0.940557140343,"COMMON_ACS":null,"CURRENTDEBT_DEBT":30.961662495797,"ISSUED_COMMON_SHARES":50498611100,"HK_COMMON_SHARES":11163625000,"PER_SHARES":1000,"TOTAL_MARKET_CAP":139881152747,"HKSK_MARKET_CAP":30923241250,"PE_TTM":11.340309029511,"PB_TTM":1.064971984462,"REPORT_DATE_SQ":"2022-12-31 00:00:00","REPORT_TYPE_SQ":"2022年年报","OPERATE_INCOME_SQ":82822403586.43,"DPS_HKD":0.10324,"OPERATE_INCOME_QOQ_SQ":3.581189748447,"NET_PROFIT_RATIO_SQ":18.4041391878,"HOLDER_PROFIT_SQ":9963793122.97,"HOLDER_PROFIT_QOQ_SQ":1.885594477944,"ROE_AVG_SQ":9.582981955573,"PE_TTM_SQ":7.948446777276,"PB_TTM_SQ":0.778722701529,"ROA_SQ":2.463473130192,"START_DATE":"2023-01-01 00:00:00","FISCAL_YEAR":"12-31","CURRENCY":"HKD","IS_CNY_CODE":0,"DPS_HKD_LY":0.09674,"ORG_TYPE":"一般企业","PREMIUM_INCOME":null,"PREMIUM_INCOME_YOY":null,"NET_INTEREST_INCOME":null,"NET_INTEREST_INCOME_YOY":null,"FEE_COMMISSION_INCOME":null,"FEE_COMMISSION_INCOME_YOY":null,"ACCOUNTS_RECE_TDAYS":6.167623523287,"INVENTORY_TDAYS":2.756736244815,"CURRENT_ASSETS_TDAYS":1.152171086569,"TOTAL_ASSETS_TDAYS":0.200296144544,"PREMIUM_EXPENSE":null,"LOAN_DEPOSIT":null,"LOAN_EQUITY":null,"LOAN_ASSETS":null,"DEPOSIT_EQUITY":null,"DEPOSIT_ASSETS":null,"EQUITY_MULTIPLIER":2.512041392031,"EQUITY_RATIO":2.207307228397},{"SECUCODE":"01816.HK","SECURITY_CODE":"01816","SECURITY_NAME_ABBR":"中广核电力","ORG_CODE":"10401657","STD_REPORT_DATE":"2023-09-30 00:00:00","REPORT_DATE":"2023-09-30 00:00:00","DATE_TYPE_CODE":"004","REPORT_TYPE":"2023年三季报","PER_NETCASH_OPERATE":0.534624546589,"PER_OI":1.185030267736,"BPS":2.22713514913,"BASIC_EPS":0.1921,"DILUTED_EPS":0.1921,"OPERATE_INCOME":59842382632.11,"OPERATE_INCOME_YOY":2.4434737687,"GROSS_PROFIT":23927072726.78,"GROSS_PROFIT_YOY":9.790216253631,"HOLDER_PROFIT":9699653266.13,"HOLDER_PROFIT_YOY":10.3553945596,"GROSS_PROFIT_RATIO":39.983489417317,"EPS_TTM":0.215353222128,"OPERATE_INCOME_QOQ":-1.434757187017,"NET_PROFIT_RATIO":25.5781109224,"ROE_AVG":8.838213165089,"GROSS_PROFIT_QOQ":0.115610370483,"ROA":2.357274994226,"HOLDER_PROFIT_QOQ":-1.331506313686,"ROE_YEARLY":11.784284220119,"ROIC_YEARLY":2.820859028562,"TOTAL_ASSETS":413939184410.62,"TOTAL_LIABILITIES":249294904970.75,"TAX_EBT":16.779475958094,"OCF_SALES":45.114843151689,"TOTAL_PARENT_EQUITY":112467231763.07,"DEBT_ASSET_RATIO":60.2250075275,"OPERATE_PROFIT":22620846766.17,"PRETAX_PROFIT":18392759700.17,"NETCASH_OPERATE":26997797062.71,"NETCASH_INVEST":-7270305590.63,"NETCASH_FINANCE":-16700126362.39,"END_CASH":10603107457.03,"DIVI_RATIO":0.43444045961,"DIVIDEND_RATE":3.727075812274,"CURRENT_RATIO":0.977831788344,"COMMON_ACS":null,"CURRENTDEBT_DEBT":30.253156847172,"ISSUED_COMMON_SHARES":50498611100,"HK_COMMON_SHARES":11163625000,"PER_SHARES":1000,"TOTAL_MARKET_CAP":139881152747,"HKSK_MARKET_CAP":30923241250,"PE_TTM":11.340309029511,"PB_TTM":1.064971984462,"REPORT_DATE_SQ":"2022-09-30 00:00:00","REPORT_TYPE_SQ":"2022年三季报","OPERATE_INCOME_SQ":58415026775.88,"DPS_HKD":0.10324,"OPERATE_INCOME_QOQ_SQ":-0.592083215162,"NET_PROFIT_RATIO_SQ":22.421040513,"HOLDER_PROFIT_SQ":8789469064.78,"HOLDER_PROFIT_QOQ_SQ":-3.53596033501,"ROE_AVG_SQ":8.493087486368,"PE_TTM_SQ":7.948446777276,"PB_TTM_SQ":0.778722701529,"ROA_SQ":2.191777952254,"START_DATE":"2023-01-01 00:00:00","FISCAL_YEAR":"12-31","CURRENCY":"HKD","IS_CNY_CODE":0,"DPS_HKD_LY":0.09674,"ORG_TYPE":"一般企业","PREMIUM_INCOME":null,"PREMIUM_INCOME_YOY":null,"NET_INTEREST_INCOME":null,"NET_INTEREST_INCOME_YOY":null,"FEE_COMMISSION_INCOME":null,"FEE_COMMISSION_INCOME_YOY":null,"ACCOUNTS_RECE_TDAYS":4.240330256185,"INVENTORY_TDAYS":2.038358374387,"CURRENT_ASSETS_TDAYS":0.829688954574,"TOTAL_ASSETS_TDAYS":0.145432984358,"PREMIUM_EXPENSE":null,"LOAN_DEPOSIT":null,"LOAN_EQUITY":null,"LOAN_ASSETS":null,"DEPOSIT_EQUITY":null,"DEPOSIT_ASSETS":null,"EQUITY_MULTIPLIER":2.514142524832,"EQUITY_RATIO":2.216600347165},{"SECUCODE":"01816.HK","SECURITY_CODE":"01816","SECURITY_NAME_ABBR":"中广核电力","ORG_CODE":"10401657","STD_REPORT_DATE":"2023-06-30 00:00:00","REPORT_DATE":"2023-06-30 00:00:00","DATE_TYPE_CODE":"002","REPORT_TYPE":"2023年中报","PER_NETCASH_OPERATE":0.310503045694,"PER_OI":0.777760486226,"BPS":2.17567321268,"BASIC_EPS":0.138,"DILUTED_EPS":0.138,"OPERATE_INCOME":39275824322.89,"OPERATE_INCOME_YOY":7.2462565232,"GROSS_PROFIT":16773340410.03,"GROSS_PROFIT_YOY":14.306666635957,"HOLDER_PROFIT":6958915466.46,"HOLDER_PROFIT_YOY":17.9082429832,"GROSS_PROFIT_RATIO":42.706526722736,"EPS_TTM":0.218259359277,"OPERATE_INCOME_QOQ":1.837906615025,"NET_PROFIT_RATIO":27.7771914191,"ROE_AVG":6.416858441175,"GROSS_PROFIT_QOQ":5.249520659163,"ROA":1.692848715727,"HOLDER_PROFIT_QOQ":3.98441103175,"ROE_YEARLY":12.83371688235,"ROIC_YEARLY":4.052410377314,"TOTAL_ASSETS":413138877744.94,"TOTAL_LIABILITIES":250645231349.69,"TAX_EBT":16.532248868857,"OCF_SALES":39.922707722144,"TOTAL_PARENT_EQUITY":109868475447.83,"DEBT_ASSET_RATIO":60.6685172593,"OPERATE_PROFIT":16022107954.28,"PRETAX_PROFIT":13070582058.02,"NETCASH_OPERATE":15679972549.89,"NETCASH_INVEST":-3541240594.42,"NETCASH_FINANCE":-8091856198.22,"END_CASH":11646308142.6,"DIVI_RATIO":0.428655857461,"DIVIDEND_RATE":3.727075812274,"CURRENT_RATIO":0.933851947983,"COMMON_ACS":null,"CURRENTDEBT_DEBT":31.161736619469,"ISSUED_COMMON_SHARES":50498611100,"HK_COMMON_SHARES":11163625000,"PER_SHARES":1000,"TOTAL_MARKET_CAP":139881152747,"HKSK_MARKET_CAP":30923241250,"PE_TTM":11.340309029511,"PB_TTM":1.064971984462,"REPORT_DATE_SQ":"2022-06-30 00:00:00","REPORT_TYPE_SQ":"2022年中报","OPERATE_INCOME_SQ":36622093484.82,"DPS_HKD":0.10324,"OPERATE_INCOME_QOQ_SQ":-0.338300651938,"NET_PROFIT_RATIO_SQ":24.1714971841,"HOLDER_PROFIT_SQ":5901975375.42,"HOLDER_PROFIT_QOQ_SQ":-0.694453625656,"ROE_AVG_SQ":5.795008304834,"PE_TTM_SQ":7.948446777276,"PB_TTM_SQ":0.778722701529,"ROA_SQ":1.468639017472,"START_DATE":"2023-01-01 00:00:00","FISCAL_YEAR":"12-31","CURRENCY":"HKD","IS_CNY_CODE":0,"DPS_HKD_LY":0.09674,"ORG_TYPE":"一般企业","PREMIUM_INCOME":null,"PREMIUM_INCOME_YOY":null,"NET_INTEREST_INCOME":null,"NET_INTEREST_INCOME_YOY":null,"FEE_COMMISSION_INCOME":null,"FEE_COMMISSION_INCOME_YOY":null,"ACCOUNTS_RECE_TDAYS":2.706202847968,"INVENTORY_TDAYS":1.252961316187,"CURRENT_ASSETS_TDAYS":0.547612727805,"TOTAL_ASSETS_TDAYS":0.095543664935,"PREMIUM_EXPENSE":null,"LOAN_DEPOSIT":null,"LOAN_EQUITY":null,"LOAN_ASSETS":null,"DEPOSIT_EQUITY":null,"DEPOSIT_ASSETS":null,"EQUITY_MULTIPLIER":2.542492502997,"EQUITY_RATIO":2.281320736709},{"SECUCODE":"01816.HK","SECURITY_CODE":"01816","SECURITY_NAME_ABBR":"中广核电力","ORG_CODE":"10401657","STD_REPORT_DATE":"2023-03-31 00:00:00","REPORT_DATE":"2023-03-31 00:00:00","DATE_TYPE_CODE":"003","REPORT_TYPE":"2023年一季报","PER_NETCASH_OPERATE":0.088327553965,"PER_OI":0.362164856636,"BPS":2.187820751112,"BASIC_EPS":0.069,"DILUTED_EPS":0.069,"OPERATE_INCOME":18288822249.36,"OPERATE_INCOME_YOY":6.4683310553,"GROSS_PROFIT":7540434300.87,"GROSS_PROFIT_YOY":8.974200948674,"HOLDER_PROFIT":3486250765.27,"HOLDER_PROFIT_YOY":22.2543648529,"GROSS_PROFIT_RATIO":41.229742397075,"EPS_TTM":0.209896230706,"OPERATE_INCOME_QOQ":1.341558768106,"NET_PROFIT_RATIO":28.5663096198,"ROE_AVG":3.2056267858,"GROSS_PROFIT_QOQ":2.254664690727,"ROA":0.848538551764,"HOLDER_PROFIT_QOQ":6.368519674138,"ROE_YEARLY":12.822507143201,"ROIC_YEARLY":4.047810321099,"TOTAL_ASSETS":412691535075.45,"TOTAL_LIABILITIES":251784647032.93,"TAX_EBT":15.677517878419,"OCF_SALES":24.388770016266,"TOTAL_PARENT_EQUITY":110481909266.9,"DEBT_ASSET_RATIO":61.0103735195,"OPERATE_PROFIT":7487789999.91,"PRETAX_PROFIT":6195787242.17,"NETCASH_OPERATE":4460418797.08,"NETCASH_INVEST":-1697116713.25,"NETCASH_FINANCE":322975190.57,"END_CASH":10697080421.95,"DIVI_RATIO":0.445735268734,"DIVIDEND_RATE":3.727075812274,"CURRENT_RATIO":0.964436481864,"COMMON_ACS":null,"CURRENTDEBT_DEBT":30.331252794982,"ISSUED_COMMON_SHARES":50498611100,"HK_COMMON_SHARES":11163625000,"PER_SHARES":1000,"TOTAL_MARKET_CAP":139881152747,"HKSK_MARKET_CAP":30923241250,"PE_TTM":11.340309029511,"PB_TTM":1.064971984462,"REPORT_DATE_SQ":"2022-03-31 00:00:00","REPORT_TYPE_SQ":"2022年一季报","OPERATE_INCOME_SQ":17177711032.09,"DPS_HKD":0.10324,"OPERATE_INCOME_QOQ_SQ":0.036512184539,"NET_PROFIT_RATIO_SQ":24.8209287962,"HOLDER_PROFIT_SQ":2851637051.54,"HOLDER_PROFIT_QOQ_SQ":4.903705456268,"ROE_AVG_SQ":2.786062848268,"PE_TTM_SQ":7.948446777276,"PB_TTM_SQ":0.778722701529,"ROA_SQ":0.710077196162,"START_DATE":"2023-01-01 00:00:00","FISCAL_YEAR":"12-31","CURRENCY":"HKD","IS_CNY_CODE":0,"DPS_HKD_LY":0.09674,"ORG_TYPE":"一般企业","PREMIUM_INCOME":null,"PREMIUM_INCOME_YOY":null,"NET_INTEREST_INCOME":null,"NET_INTEREST_INCOME_YOY":null,"FEE_COMMISSION_INCOME":null,"FEE_COMMISSION_INCOME_YOY":null,"ACCOUNTS_RECE_TDAYS":1.253861929565,"INVENTORY_TDAYS":0.610794529579,"CURRENT_ASSETS_TDAYS":0.253732346266,"TOTAL_ASSETS_TDAYS":0.044514212516,"PREMIUM_EXPENSE":null,"LOAN_DEPOSIT":null,"LOAN_EQUITY":null,"LOAN_ASSETS":null,"DEPOSIT_EQUITY":null,"DEPOSIT_ASSETS":null,"EQUITY_MULTIPLIER":2.564784765251,"EQUITY_RATIO":2.278967196563},{"SECUCODE":"01816.HK","SECURITY_CODE":"01816","SECURITY_NAME_ABBR":"中广核电力","ORG_CODE":"10401657","STD_REPORT_DATE":"2022-12-31 00:00:00","REPORT_DATE":"2022-12-31 00:00:00","DATE_TYPE_CODE":"001","REPORT_TYPE":"2022年年报","PER_NETCASH_OPERATE":0.621173687857,"PER_OI":1.640092703192,"BPS":2.119418010932,"BASIC_EPS":0.197,"DILUTED_EPS":0.197,"OPERATE_INCOME":82822403586.43,"OPERATE_INCOME_YOY":2.6570304668,"GROSS_PROFIT":27541430481.17,"GROSS_PROFIT_YOY":2.830207144794,"HOLDER_PROFIT":9963793122.97,"HOLDER_PROFIT_YOY":2.0552654117,"GROSS_PROFIT_RATIO":33.253599616231,"EPS_TTM":0.197329276885,"OPERATE_INCOME_QOQ":3.581189748447,"NET_PROFIT_RATIO":18.4041391878,"ROE_AVG":9.582981955573,"GROSS_PROFIT_QOQ":0.977450682288,"ROA":2.463473130192,"HOLDER_PROFIT_QOQ":1.885594477944,"ROE_YEARLY":9.582981955573,"ROIC_YEARLY":2.941923951754,"TOTAL_ASSETS":409015917715.6,"TOTAL_LIABILITIES":251082965789.67,"TAX_EBT":18.495028893454,"OCF_SALES":37.87430348591,"TOTAL_PARENT_EQUITY":107026303523.98,"DEBT_ASSET_RATIO":61.3877966536,"OPERATE_PROFIT":25292374493.34,"PRETAX_PROFIT":18700132726.93,"NETCASH_OPERATE":31368408488.65,"NETCASH_INVEST":-14379365569.78,"NETCASH_FINANCE":-20896395219.89,"END_CASH":7557603552.58,"DIVI_RATIO":0.474122007018,"DIVIDEND_RATE":3.727075812274,"CURRENT_RATIO":0.92608242557,"COMMON_ACS":null,"CURRENTDEBT_DEBT":30.321624881373,"ISSUED_COMMON_SHARES":50498611100,"HK_COMMON_SHARES":11163625000,"PER_SHARES":1000,"TOTAL_MARKET_CAP":139881152747,"HKSK_MARKET_CAP":30923241250,"PE_TTM":11.340309029511,"PB_TTM":1.064971984462,"REPORT_DATE_SQ":"2021-12-31 00:00:00","REPORT_TYPE_SQ":"2021年年报","OPERATE_INCOME_SQ":80678744757.95,"DPS_HKD":0.10324,"OPERATE_INCOME_QOQ_SQ":1.070351431026,"NET_PROFIT_RATIO_SQ":19.4399963213,"HOLDER_PROFIT_SQ":9764174706.56,"HOLDER_PROFIT_QOQ_SQ":-3.52583962965,"ROE_AVG_SQ":9.92190782978,"PE_TTM_SQ":7.948446777276,"PB_TTM_SQ":0.778722701529,"ROA_SQ":2.458061668786,"START_DATE":"2022-01-01 00:00:00","FISCAL_YEAR":"12-31","CURRENCY":"HKD","IS_CNY_CODE":0,"DPS_HKD_LY":0.09869,"ORG_TYPE":"一般企业","PREMIUM_INCOME":null,"PREMIUM_INCOME_YOY":null,"NET_INTEREST_INCOME":null,"NET_INTEREST_INCOME_YOY":null,"FEE_COMMISSION_INCOME":null,"FEE_COMMISSION_INCOME_YOY":null,"ACCOUNTS_RECE_TDAYS":6.023394063565,"INVENTORY_TDAYS":3.347933835886,"CURRENT_ASSETS_TDAYS":1.196241337834,"TOTAL_ASSETS_TDAYS":0.204750373038,"PREMIUM_EXPENSE":null,"LOAN_DEPOSIT":null,"LOAN_EQUITY":null,"LOAN_ASSETS":null,"DEPOSIT_EQUITY":null,"DEPOSIT_ASSETS":null,"EQUITY_MULTIPLIER":2.589854795461,"EQUITY_RATIO":2.345993064531},{"SECUCODE":"01816.HK","SECURITY_CODE":"01816","SECURITY_NAME_ABBR":"中广核电力","ORG_CODE":"10401657","STD_REPORT_DATE":"2022-09-30 00:00:00","REPORT_DATE":"2022-09-30 00:00:00","DATE_TYPE_CODE":"004","REPORT_TYPE":"2022年三季报","PER_NETCASH_OPERATE":0.481771418322,"PER_OI":1.156765017957,"BPS":2.100085956702,"BASIC_EPS":0.1741,"DILUTED_EPS":0.1741,"OPERATE_INCOME":58415026775.88,"OPERATE_INCOME_YOY":-1.2172550283,"GROSS_PROFIT":21793447124.2,"GROSS_PROFIT_YOY":2.306954043194,"HOLDER_PROFIT":8789469064.78,"HOLDER_PROFIT_YOY":0.5472955635,"GROSS_PROFIT_RATIO":37.307946819599,"EPS_TTM":0.193677308255,"OPERATE_INCOME_QOQ":-0.592083215162,"NET_PROFIT_RATIO":22.421040513,"ROE_AVG":8.493087486368,"GROSS_PROFIT_QOQ":-1.768510117722,"ROA":2.191777952254,"HOLDER_PROFIT_QOQ":-3.53596033501,"ROE_YEARLY":11.324116648491,"ROIC_YEARLY":2.630238308773,"TOTAL_ASSETS":402102128347.71,"TOTAL_LIABILITIES":244906770772.51,"TAX_EBT":17.476939648007,"OCF_SALES":41.648166295056,"TOTAL_PARENT_EQUITY":106051424004.07,"DEBT_ASSET_RATIO":60.9066089202,"OPERATE_PROFIT":20884914126.13,"PRETAX_PROFIT":15865888325.97,"NETCASH_OPERATE":24328787492.92,"NETCASH_INVEST":-6993975432.71,"NETCASH_FINANCE":-16446426572.38,"END_CASH":12415504764.29,"DIVI_RATIO":0.483062025401,"DIVIDEND_RATE":3.727075812274,"CURRENT_RATIO":0.920476934245,"COMMON_ACS":null,"CURRENTDEBT_DEBT":29.750291551498,"ISSUED_COMMON_SHARES":50498611100,"HK_COMMON_SHARES":11163625000,"PER_SHARES":1000,"TOTAL_MARKET_CAP":139881152747,"HKSK_MARKET_CAP":30923241250,"PE_TTM":11.340309029511,"PB_TTM":1.064971984462,"REPORT_DATE_SQ":"2021-09-30 00:00:00","REPORT_TYPE_SQ":"2021年三季报","OPERATE_INCOME_SQ":59134848695.07,"DPS_HKD":0.10324,"OPERATE_INCOME_QOQ_SQ":5.109880349751,"NET_PROFIT_RATIO_SQ":23.4724452352,"HOLDER_PROFIT_SQ":8742226358.58,"HOLDER_PROFIT_QOQ_SQ":2.364774930675,"ROE_AVG_SQ":8.923060380124,"PE_TTM_SQ":7.948446777276,"PB_TTM_SQ":0.778722701529,"ROA_SQ":2.209659583407,"START_DATE":"2022-01-01 00:00:00","FISCAL_YEAR":"12-31","CURRENCY":"HKD","IS_CNY_CODE":0,"DPS_HKD_LY":0.09869,"ORG_TYPE":"一般企业","PREMIUM_INCOME":null,"PREMIUM_INCOME_YOY":null,"NET_INTEREST_INCOME":null,"NET_INTEREST_INCOME_YOY":null,"FEE_COMMISSION_INCOME":null,"FEE_COMMISSION_INCOME_YOY":null,"ACCOUNTS_RECE_TDAYS":5.212572886532,"INVENTORY_TDAYS":2.380193340959,"CURRENT_ASSETS_TDAYS":0.865199255464,"TOTAL_ASSETS_TDAYS":0.145656105217,"PREMIUM_EXPENSE":null,"LOAN_DEPOSIT":null,"LOAN_EQUITY":null,"LOAN_ASSETS":null,"DEPOSIT_EQUITY":null,"DEPOSIT_ASSETS":null,"EQUITY_MULTIPLIER":2.55797712191,"EQUITY_RATIO":2.309320907969}],"count":38},"success":true,"message":"ok","code":0}