{"version":"27851ae9dd96e5693f0cb54732b38a50","result":{"pages":8,"data":[{"SECUCODE":"01818.HK","SECURITY_CODE":"01818","SECURITY_NAME_ABBR":"招金矿业","ORG_CODE":"10062018","STD_REPORT_DATE":"2024-09-30 00:00:00","REPORT_DATE":"2024-09-30 00:00:00","DATE_TYPE_CODE":"004","REPORT_TYPE":"2024年三季报","PER_NETCASH_OPERATE":0.454030615346,"PER_OI":2.376461251737,"BPS":3.963952869831,"BASIC_EPS":0.26,"DILUTED_EPS":null,"OPERATE_INCOME":8085655612.48,"OPERATE_INCOME_YOY":26.6423538741,"GROSS_PROFIT":3623355235.35,"GROSS_PROFIT_YOY":46.27948883893,"HOLDER_PROFIT":880640882.68,"HOLDER_PROFIT_YOY":141.0675320437,"GROSS_PROFIT_RATIO":44.812139039875,"EPS_TTM":0.353210819954,"OPERATE_INCOME_QOQ":5.422029713838,"NET_PROFIT_RATIO":15.1989074552,"ROE_AVG":4.463887875982,"GROSS_PROFIT_QOQ":12.8446753676,"ROA":1.760606979747,"HOLDER_PROFIT_QOQ":21.837463149037,"ROE_YEARLY":5.95185050131,"ROIC_YEARLY":2.045397149604,"TOTAL_ASSETS":53170930873.67,"TOTAL_LIABILITIES":28683087418.68,"TAX_EBT":22.785360492085,"OCF_SALES":19.105323725087,"TOTAL_PARENT_EQUITY":20679148774.95,"DEBT_ASSET_RATIO":53.9450540876,"OPERATE_PROFIT":1929561779.05,"PRETAX_PROFIT":1591578127.57,"NETCASH_OPERATE":1544790680.06,"NETCASH_INVEST":-5500974305.73,"NETCASH_FINANCE":4312776898.21,"END_CASH":null,"DIVI_RATIO":0.112889180476,"DIVIDEND_RATE":0.314735336195,"CURRENT_RATIO":0.983905721593,"COMMON_ACS":null,"CURRENTDEBT_DEBT":54.008244978228,"ISSUED_COMMON_SHARES":3402393204,"HK_COMMON_SHARES":2741555597,"PER_SHARES":500,"TOTAL_MARKET_CAP":47565456991.92,"HKSK_MARKET_CAP":38326947246.06,"PE_TTM":35.60522189326,"PB_TTM":3.180417278911,"REPORT_DATE_SQ":"2023-09-30 00:00:00","REPORT_TYPE_SQ":"2023年三季报","OPERATE_INCOME_SQ":6384637812.81,"DPS_HKD":0.044,"OPERATE_INCOME_QOQ_SQ":8.780304742129,"NET_PROFIT_RATIO_SQ":8.4278928138,"HOLDER_PROFIT_SQ":365308789.29,"HOLDER_PROFIT_QOQ_SQ":-8.242484940497,"ROE_AVG_SQ":2.209827817117,"PE_TTM_SQ":45.454383559802,"PB_TTM_SQ":2.030948414676,"ROA_SQ":0.771907099046,"START_DATE":"2024-01-01 00:00:00","FISCAL_YEAR":"12-31","CURRENCY":"HKD","IS_CNY_CODE":0,"DPS_HKD_LY":0.044,"ORG_TYPE":"一般企业","PREMIUM_INCOME":null,"PREMIUM_INCOME_YOY":null,"NET_INTEREST_INCOME":null,"NET_INTEREST_INCOME_YOY":null,"FEE_COMMISSION_INCOME":null,"FEE_COMMISSION_INCOME_YOY":null,"ACCOUNTS_RECE_TDAYS":24.616572822059,"INVENTORY_TDAYS":0.773667218067,"CURRENT_ASSETS_TDAYS":0.571853336781,"TOTAL_ASSETS_TDAYS":0.161651156415,"PREMIUM_EXPENSE":null,"LOAN_DEPOSIT":null,"LOAN_EQUITY":null,"LOAN_ASSETS":null,"DEPOSIT_EQUITY":null,"DEPOSIT_ASSETS":null,"EQUITY_MULTIPLIER":2.171319453728,"EQUITY_RATIO":1.387053583822},{"SECUCODE":"01818.HK","SECURITY_CODE":"01818","SECURITY_NAME_ABBR":"招金矿业","ORG_CODE":"10062018","STD_REPORT_DATE":"2024-06-30 00:00:00","REPORT_DATE":"2024-06-30 00:00:00","DATE_TYPE_CODE":"002","REPORT_TYPE":"2024年中报","PER_NETCASH_OPERATE":-0.058511167894,"PER_OI":1.359984787931,"BPS":3.939020329644,"BASIC_EPS":0.12,"DILUTED_EPS":0.12,"OPERATE_INCOME":4627203000,"OPERATE_INCOME_YOY":34.2419823889,"GROSS_PROFIT":1976643000,"GROSS_PROFIT_YOY":47.02712794563,"HOLDER_PROFIT":552793000,"HOLDER_PROFIT_YOY":118.6179594871,"GROSS_PROFIT_RATIO":42.717879461956,"EPS_TTM":0.289903294787,"OPERATE_INCOME_QOQ":10.823053304238,"NET_PROFIT_RATIO":15.6989006102,"ROE_AVG":2.811685063587,"GROSS_PROFIT_QOQ":10.87243690295,"ROA":1.111980588934,"HOLDER_PROFIT_QOQ":21.906992481588,"ROE_YEARLY":5.623370127174,"ROIC_YEARLY":2.544169871513,"TOTAL_ASSETS":52557541000,"TOTAL_LIABILITIES":28027447000,"TAX_EBT":23.781764155962,"OCF_SALES":-4.302339880053,"TOTAL_PARENT_EQUITY":20544039000,"DEBT_ASSET_RATIO":53.3271657439,"OPERATE_PROFIT":1213652000,"PRETAX_PROFIT":953079000,"NETCASH_OPERATE":-199078000,"NETCASH_INVEST":-4100130000,"NETCASH_FINANCE":3614050000,"END_CASH":2229078000,"DIVI_RATIO":0.137541313662,"DIVIDEND_RATE":0.378657487091,"CURRENT_RATIO":1.115212694328,"COMMON_ACS":null,"CURRENTDEBT_DEBT":43.82859773136,"ISSUED_COMMON_SHARES":3402393204,"HK_COMMON_SHARES":2741555597,"PER_SHARES":500,"TOTAL_MARKET_CAP":39535809030.48,"HKSK_MARKET_CAP":31856876037.14,"PE_TTM":29.594612188819,"PB_TTM":2.643522802643,"REPORT_DATE_SQ":"2023-06-30 00:00:00","REPORT_TYPE_SQ":"2023年中报","OPERATE_INCOME_SQ":3446912000,"DPS_HKD":0.044,"OPERATE_INCOME_QOQ_SQ":-1.644142595026,"NET_PROFIT_RATIO_SQ":10.5996323666,"HOLDER_PROFIT_SQ":252858000,"HOLDER_PROFIT_QOQ_SQ":31.380125166735,"ROE_AVG_SQ":1.475126255378,"PE_TTM_SQ":54.946154964637,"PB_TTM_SQ":2.45505048311,"ROA_SQ":0.52467175568,"START_DATE":"2024-01-01 00:00:00","FISCAL_YEAR":"12-31","CURRENCY":"HKD","IS_CNY_CODE":0,"DPS_HKD_LY":0.044,"ORG_TYPE":"一般企业","PREMIUM_INCOME":null,"PREMIUM_INCOME_YOY":null,"NET_INTEREST_INCOME":null,"NET_INTEREST_INCOME_YOY":null,"FEE_COMMISSION_INCOME":null,"FEE_COMMISSION_INCOME_YOY":null,"ACCOUNTS_RECE_TDAYS":14.19366159205,"INVENTORY_TDAYS":0.47050010695,"CURRENT_ASSETS_TDAYS":0.346137981737,"TOTAL_ASSETS_TDAYS":0.093079324757,"PREMIUM_EXPENSE":null,"LOAN_DEPOSIT":null,"LOAN_EQUITY":null,"LOAN_ASSETS":null,"DEPOSIT_EQUITY":null,"DEPOSIT_ASSETS":null,"EQUITY_MULTIPLIER":2.142573974644,"EQUITY_RATIO":1.364261769558},{"SECUCODE":"01818.HK","SECURITY_CODE":"01818","SECURITY_NAME_ABBR":"招金矿业","ORG_CODE":"10062018","STD_REPORT_DATE":"2024-03-31 00:00:00","REPORT_DATE":"2024-03-31 00:00:00","DATE_TYPE_CODE":"003","REPORT_TYPE":"2024年一季报","PER_NETCASH_OPERATE":0.073860867878,"PER_OI":0.605766501844,"BPS":3.399479732796,"BASIC_EPS":0.07,"DILUTED_EPS":null,"OPERATE_INCOME":1981094650.84,"OPERATE_INCOME_YOY":13.9393204594,"GROSS_PROFIT":834030535.17,"GROSS_PROFIT_YOY":40.340178120999,"HOLDER_PROFIT":221379945.74,"HOLDER_PROFIT_YOY":124.3021278879,"GROSS_PROFIT_RATIO":42.099479437611,"EPS_TTM":0.247405337429,"OPERATE_INCOME_QOQ":2.877229728247,"NET_PROFIT_RATIO":14.0679178252,"ROE_AVG":1.183230798218,"GROSS_PROFIT_QOQ":7.113299778802,"ROA":0.461682743794,"HOLDER_PROFIT_QOQ":17.872577562169,"ROE_YEARLY":4.73292319287,"ROIC_YEARLY":2.18330672381,"TOTAL_ASSETS":49033933957,"TOTAL_LIABILITIES":27029380322,"TAX_EBT":22.353844193571,"OCF_SALES":12.192960101507,"TOTAL_PARENT_EQUITY":18642492299,"DEBT_ASSET_RATIO":55.1238257687,"OPERATE_PROFIT":451560435.19,"PRETAX_PROFIT":358934405.22,"NETCASH_OPERATE":241554080.35,"NETCASH_INVEST":-1005093405.05,"NETCASH_FINANCE":2421989183.44,"END_CASH":null,"DIVI_RATIO":0.161167420293,"DIVIDEND_RATE":0.378657487091,"CURRENT_RATIO":1.119399233501,"COMMON_ACS":null,"CURRENTDEBT_DEBT":52.022248466256,"ISSUED_COMMON_SHARES":3402393204,"HK_COMMON_SHARES":2741555597,"PER_SHARES":500,"TOTAL_MARKET_CAP":39535809030.48,"HKSK_MARKET_CAP":31856876037.14,"PE_TTM":29.594612188819,"PB_TTM":2.643522802643,"REPORT_DATE_SQ":"2023-03-31 00:00:00","REPORT_TYPE_SQ":"2023年一季报","OPERATE_INCOME_SQ":1738727809.55,"DPS_HKD":0.044,"OPERATE_INCOME_QOQ_SQ":0.527440574585,"NET_PROFIT_RATIO_SQ":6.2586796836,"HOLDER_PROFIT_SQ":98697211.58,"HOLDER_PROFIT_QOQ_SQ":3.587482664597,"ROE_AVG_SQ":0.595178690779,"PE_TTM_SQ":54.946154964637,"PB_TTM_SQ":2.45505048311,"ROA_SQ":0.209830695705,"START_DATE":"2024-01-01 00:00:00","FISCAL_YEAR":"12-31","CURRENCY":"HKD","IS_CNY_CODE":0,"DPS_HKD_LY":0.044,"ORG_TYPE":"一般企业","PREMIUM_INCOME":null,"PREMIUM_INCOME_YOY":null,"NET_INTEREST_INCOME":null,"NET_INTEREST_INCOME_YOY":null,"FEE_COMMISSION_INCOME":null,"FEE_COMMISSION_INCOME_YOY":null,"ACCOUNTS_RECE_TDAYS":6.81581106349,"INVENTORY_TDAYS":0.21610575113,"CURRENT_ASSETS_TDAYS":0.137685684048,"TOTAL_ASSETS_TDAYS":0.041315269595,"PREMIUM_EXPENSE":null,"LOAN_DEPOSIT":null,"LOAN_EQUITY":null,"LOAN_ASSETS":null,"DEPOSIT_EQUITY":null,"DEPOSIT_ASSETS":null,"EQUITY_MULTIPLIER":2.228353947567,"EQUITY_RATIO":1.449880192438},{"SECUCODE":"01818.HK","SECURITY_CODE":"01818","SECURITY_NAME_ABBR":"招金矿业","ORG_CODE":"10062018","STD_REPORT_DATE":"2023-12-31 00:00:00","REPORT_DATE":"2023-12-31 00:00:00","DATE_TYPE_CODE":"001","REPORT_TYPE":"2023年年报","PER_NETCASH_OPERATE":0.560331704995,"PER_OI":2.575720249693,"BPS":3.464158988486,"BASIC_EPS":0.14,"DILUTED_EPS":0.14,"OPERATE_INCOME":8423618000,"OPERATE_INCOME_YOY":6.8233734155,"GROSS_PROFIT":3370285000,"GROSS_PROFIT_YOY":26.897464976249,"HOLDER_PROFIT":686430000,"HOLDER_PROFIT_YOY":70.7741222833,"GROSS_PROFIT_RATIO":40.009945845123,"EPS_TTM":0.209892192523,"OPERATE_INCOME_QOQ":-0.68126869614,"NET_PROFIT_RATIO":9.9531816376,"ROE_AVG":3.870274453558,"GROSS_PROFIT_QOQ":12.3188242539,"ROA":1.48009445669,"HOLDER_PROFIT_QOQ":36.755079956934,"ROE_YEARLY":3.870274453558,"ROIC_YEARLY":1.728265754566,"TOTAL_ASSETS":46738256346.16,"TOTAL_LIABILITIES":24578812762.85,"TAX_EBT":25.574842990613,"OCF_SALES":21.754369678207,"TOTAL_PARENT_EQUITY":18777078941.62,"DEBT_ASSET_RATIO":52.5377386019,"OPERATE_PROFIT":1733219000,"PRETAX_PROFIT":1126525000,"NETCASH_OPERATE":1832505000,"NETCASH_INVEST":-1959945000,"NETCASH_FINANCE":-551681000,"END_CASH":2916103000,"DIVI_RATIO":0.189972192489,"DIVIDEND_RATE":0.378657487091,"CURRENT_RATIO":1.064782017122,"COMMON_ACS":null,"CURRENTDEBT_DEBT":49.814000935659,"ISSUED_COMMON_SHARES":3402393204,"HK_COMMON_SHARES":2741555597,"PER_SHARES":500,"TOTAL_MARKET_CAP":39535809030.48,"HKSK_MARKET_CAP":31856876037.14,"PE_TTM":29.594612188819,"PB_TTM":2.643522802643,"REPORT_DATE_SQ":"2022-12-31 00:00:00","REPORT_TYPE_SQ":"2022年年报","OPERATE_INCOME_SQ":7885557000,"DPS_HKD":0.044,"OPERATE_INCOME_QOQ_SQ":8.237136816566,"NET_PROFIT_RATIO_SQ":7.1039496639,"HOLDER_PROFIT_SQ":401952000,"HOLDER_PROFIT_QOQ_SQ":52.199247040481,"ROE_AVG_SQ":2.44256513943,"PE_TTM_SQ":54.946154964637,"PB_TTM_SQ":2.45505048311,"ROA_SQ":0.904176230775,"START_DATE":"2023-01-01 00:00:00","FISCAL_YEAR":"12-31","CURRENCY":"HKD","IS_CNY_CODE":0,"DPS_HKD_LY":0.0442,"ORG_TYPE":"一般企业","PREMIUM_INCOME":null,"PREMIUM_INCOME_YOY":null,"NET_INTEREST_INCOME":null,"NET_INTEREST_INCOME_YOY":null,"FEE_COMMISSION_INCOME":null,"FEE_COMMISSION_INCOME_YOY":null,"ACCOUNTS_RECE_TDAYS":37.921697014353,"INVENTORY_TDAYS":1.028645157193,"CURRENT_ASSETS_TDAYS":0.648278248347,"TOTAL_ASSETS_TDAYS":0.181631780474,"PREMIUM_EXPENSE":null,"LOAN_DEPOSIT":null,"LOAN_EQUITY":null,"LOAN_ASSETS":null,"DEPOSIT_EQUITY":null,"DEPOSIT_ASSETS":null,"EQUITY_MULTIPLIER":2.106937112862,"EQUITY_RATIO":1.308979572343},{"SECUCODE":"01818.HK","SECURITY_CODE":"01818","SECURITY_NAME_ABBR":"招金矿业","ORG_CODE":"10062018","STD_REPORT_DATE":"2023-09-30 00:00:00","REPORT_DATE":"2023-09-30 00:00:00","DATE_TYPE_CODE":"004","REPORT_TYPE":"2023年三季报","PER_NETCASH_OPERATE":0.108834334371,"PER_OI":1.952253877302,"BPS":3.348409445068,"BASIC_EPS":0.11,"DILUTED_EPS":null,"OPERATE_INCOME":6384637812.81,"OPERATE_INCOME_YOY":10.293023774,"GROSS_PROFIT":2477008406.38,"GROSS_PROFIT_YOY":16.167173882824,"HOLDER_PROFIT":365308789.29,"HOLDER_PROFIT_YOY":37.6862900557,"GROSS_PROFIT_RATIO":38.796380922504,"EPS_TTM":0.15348036255,"OPERATE_INCOME_QOQ":8.780304742129,"NET_PROFIT_RATIO":8.4278928138,"ROE_AVG":2.209827817117,"GROSS_PROFIT_QOQ":12.475064916479,"ROA":0.771907099046,"HOLDER_PROFIT_QOQ":-8.242484940497,"ROE_YEARLY":2.946437089489,"ROIC_YEARLY":0.926931407625,"TOTAL_ASSETS":48763477828.64,"TOTAL_LIABILITIES":28908094593.54,"TAX_EBT":29.652948968967,"OCF_SALES":5.574804365188,"TOTAL_PARENT_EQUITY":16452251842.55,"DEBT_ASSET_RATIO":59.2822659104,"OPERATE_PROFIT":1086297393.94,"PRETAX_PROFIT":764908298.96,"NETCASH_OPERATE":355931067.49,"NETCASH_INVEST":-1477606339.36,"NETCASH_FINANCE":2520071500.22,"END_CASH":null,"DIVI_RATIO":0.259796623735,"DIVIDEND_RATE":0.36850921273,"CURRENT_RATIO":0.904997321683,"COMMON_ACS":null,"CURRENTDEBT_DEBT":60.985828149081,"ISSUED_COMMON_SHARES":3402393204,"HK_COMMON_SHARES":2741555597,"PER_SHARES":500,"TOTAL_MARKET_CAP":40624574855.76,"HKSK_MARKET_CAP":32734173828.18,"PE_TTM":30.409610114845,"PB_TTM":2.716322053662,"REPORT_DATE_SQ":"2022-09-30 00:00:00","REPORT_TYPE_SQ":"2022年三季报","OPERATE_INCOME_SQ":5788795695.63,"DPS_HKD":0.044,"OPERATE_INCOME_QOQ_SQ":5.455699053461,"NET_PROFIT_RATIO_SQ":7.165297381,"HOLDER_PROFIT_SQ":265319654.66,"HOLDER_PROFIT_QOQ_SQ":114.165397992118,"ROE_AVG_SQ":1.649348426259,"PE_TTM_SQ":49.227510080978,"PB_TTM_SQ":2.199535572314,"ROA_SQ":0.592837575963,"START_DATE":"2023-01-01 00:00:00","FISCAL_YEAR":"12-31","CURRENCY":"HKD","IS_CNY_CODE":0,"DPS_HKD_LY":0.0442,"ORG_TYPE":"一般企业","PREMIUM_INCOME":null,"PREMIUM_INCOME_YOY":null,"NET_INTEREST_INCOME":null,"NET_INTEREST_INCOME_YOY":null,"FEE_COMMISSION_INCOME":null,"FEE_COMMISSION_INCOME_YOY":null,"ACCOUNTS_RECE_TDAYS":29.088894268955,"INVENTORY_TDAYS":0.784120637521,"CURRENT_ASSETS_TDAYS":0.441755420422,"TOTAL_ASSETS_TDAYS":0.13490907958,"PREMIUM_EXPENSE":null,"LOAN_DEPOSIT":null,"LOAN_EQUITY":null,"LOAN_ASSETS":null,"DEPOSIT_EQUITY":null,"DEPOSIT_ASSETS":null,"EQUITY_MULTIPLIER":2.455932340929,"EQUITY_RATIO":1.75709045},{"SECUCODE":"01818.HK","SECURITY_CODE":"01818","SECURITY_NAME_ABBR":"招金矿业","ORG_CODE":"10062018","STD_REPORT_DATE":"2023-06-30 00:00:00","REPORT_DATE":"2023-06-30 00:00:00","DATE_TYPE_CODE":"002","REPORT_TYPE":"2023年中报","PER_NETCASH_OPERATE":-0.17901914647,"PER_OI":1.053974792934,"BPS":3.379851272475,"BASIC_EPS":0.04,"DILUTED_EPS":0.04,"OPERATE_INCOME":3446912000,"OPERATE_INCOME_YOY":-2.5099175428,"GROSS_PROFIT":1344407000,"GROSS_PROFIT_YOY":0.894264951883,"HOLDER_PROFIT":252858000,"HOLDER_PROFIT_YOY":134.6056782334,"GROSS_PROFIT_RATIO":39.003229557355,"EPS_TTM":0.167267348566,"OPERATE_INCOME_QOQ":-1.644142595026,"NET_PROFIT_RATIO":10.5996323666,"ROE_AVG":1.475126255378,"GROSS_PROFIT_QOQ":4.963759637735,"ROA":0.52467175568,"HOLDER_PROFIT_QOQ":31.380125166735,"ROE_YEARLY":2.950252510756,"ROIC_YEARLY":1.269354247439,"TOTAL_ASSETS":50499626000,"TOTAL_LIABILITIES":29483677000,"TAX_EBT":18.984422639836,"OCF_SALES":-16.985144964536,"TOTAL_PARENT_EQUITY":17672953000,"DEBT_ASSET_RATIO":58.3839512,"OPERATE_PROFIT":759839000,"PRETAX_PROFIT":450975000,"NETCASH_OPERATE":-585463000,"NETCASH_INVEST":-775641000,"NETCASH_FINANCE":4115304000,"END_CASH":6342573000,"DIVI_RATIO":0.238382926148,"DIVIDEND_RATE":0.378657487091,"CURRENT_RATIO":0.933375016011,"COMMON_ACS":null,"CURRENTDEBT_DEBT":62.676371742914,"ISSUED_COMMON_SHARES":3402393204,"HK_COMMON_SHARES":2741555597,"PER_SHARES":500,"TOTAL_MARKET_CAP":39535809030.48,"HKSK_MARKET_CAP":31856876037.14,"PE_TTM":29.594612188819,"PB_TTM":2.643522802643,"REPORT_DATE_SQ":"2022-06-30 00:00:00","REPORT_TYPE_SQ":"2022年中报","OPERATE_INCOME_SQ":3535654000,"DPS_HKD":0.044,"OPERATE_INCOME_QOQ_SQ":-3.796525471888,"NET_PROFIT_RATIO_SQ":5.934319365,"HOLDER_PROFIT_SQ":107780000,"HOLDER_PROFIT_QOQ_SQ":29.583000436575,"ROE_AVG_SQ":0.669403054019,"PE_TTM_SQ":54.946154964637,"PB_TTM_SQ":2.45505048311,"ROA_SQ":0.240874261378,"START_DATE":"2023-01-01 00:00:00","FISCAL_YEAR":"12-31","CURRENCY":"HKD","IS_CNY_CODE":0,"DPS_HKD_LY":0.0442,"ORG_TYPE":"一般企业","PREMIUM_INCOME":null,"PREMIUM_INCOME_YOY":null,"NET_INTEREST_INCOME":null,"NET_INTEREST_INCOME_YOY":null,"FEE_COMMISSION_INCOME":null,"FEE_COMMISSION_INCOME_YOY":null,"ACCOUNTS_RECE_TDAYS":8.138060155187,"INVENTORY_TDAYS":0.424110006511,"CURRENT_ASSETS_TDAYS":0.228280511791,"TOTAL_ASSETS_TDAYS":0.071522252439,"PREMIUM_EXPENSE":null,"LOAN_DEPOSIT":null,"LOAN_EQUITY":null,"LOAN_ASSETS":null,"DEPOSIT_EQUITY":null,"DEPOSIT_ASSETS":null,"EQUITY_MULTIPLIER":2.40291913537,"EQUITY_RATIO":1.668293748079},{"SECUCODE":"01818.HK","SECURITY_CODE":"01818","SECURITY_NAME_ABBR":"招金矿业","ORG_CODE":"10062018","STD_REPORT_DATE":"2023-03-31 00:00:00","REPORT_DATE":"2023-03-31 00:00:00","DATE_TYPE_CODE":"003","REPORT_TYPE":"2023年一季报","PER_NETCASH_OPERATE":0.051364705542,"PER_OI":0.531657113103,"BPS":3.379072148673,"BASIC_EPS":0.03,"DILUTED_EPS":null,"OPERATE_INCOME":1738727809.55,"OPERATE_INCOME_YOY":2.4506947398,"GROSS_PROFIT":594292059.72,"GROSS_PROFIT_YOY":-16.12420830281,"HOLDER_PROFIT":98697211.58,"HOLDER_PROFIT_YOY":17.110142728,"GROSS_PROFIT_RATIO":34.179706360929,"EPS_TTM":0.127315564933,"OPERATE_INCOME_QOQ":0.527440574585,"NET_PROFIT_RATIO":6.2586796836,"ROE_AVG":0.595178690779,"GROSS_PROFIT_QOQ":-4.301580097533,"ROA":0.209830695705,"HOLDER_PROFIT_QOQ":3.587482664597,"ROE_YEARLY":2.380714763118,"ROIC_YEARLY":1.010536075105,"TOTAL_ASSETS":48185692193.5,"TOTAL_LIABILITIES":28193753504.41,"TAX_EBT":30.737139432062,"OCF_SALES":9.661246746463,"TOTAL_PARENT_EQUITY":16555629998.17,"DEBT_ASSET_RATIO":58.5106329721,"OPERATE_PROFIT":270267115.91,"PRETAX_PROFIT":157113643.99,"NETCASH_OPERATE":167982783.93,"NETCASH_INVEST":-931358609.45,"NETCASH_FINANCE":2237376269.72,"END_CASH":1474000444.2,"DIVI_RATIO":0.313187786749,"DIVIDEND_RATE":0.378657487091,"CURRENT_RATIO":0.927831577939,"COMMON_ACS":null,"CURRENTDEBT_DEBT":59.447898462467,"ISSUED_COMMON_SHARES":3402393204,"HK_COMMON_SHARES":2741555597,"PER_SHARES":500,"TOTAL_MARKET_CAP":39535809030.48,"HKSK_MARKET_CAP":31856876037.14,"PE_TTM":29.594612188819,"PB_TTM":2.643522802643,"REPORT_DATE_SQ":"2022-03-31 00:00:00","REPORT_TYPE_SQ":"2022年一季报","OPERATE_INCOME_SQ":1697136182.4,"DPS_HKD":0.044,"OPERATE_INCOME_QOQ_SQ":4.69024737056,"NET_PROFIT_RATIO_SQ":5.7441399171,"HOLDER_PROFIT_SQ":84277253.26,"HOLDER_PROFIT_QOQ_SQ":182.405477431225,"ROE_AVG_SQ":0.51763487132,"PE_TTM_SQ":54.946154964637,"PB_TTM_SQ":2.45505048311,"ROA_SQ":0.188756873307,"START_DATE":"2023-01-01 00:00:00","FISCAL_YEAR":"12-31","CURRENCY":"HKD","IS_CNY_CODE":0,"DPS_HKD_LY":0.0442,"ORG_TYPE":"一般企业","PREMIUM_INCOME":null,"PREMIUM_INCOME_YOY":null,"NET_INTEREST_INCOME":null,"NET_INTEREST_INCOME_YOY":null,"FEE_COMMISSION_INCOME":null,"FEE_COMMISSION_INCOME_YOY":null,"ACCOUNTS_RECE_TDAYS":6.361262636234,"INVENTORY_TDAYS":0.24076072828,"CURRENT_ASSETS_TDAYS":0.122008245159,"TOTAL_ASSETS_TDAYS":0.036965427906,"PREMIUM_EXPENSE":null,"LOAN_DEPOSIT":null,"LOAN_EQUITY":null,"LOAN_ASSETS":null,"DEPOSIT_EQUITY":null,"DEPOSIT_ASSETS":null,"EQUITY_MULTIPLIER":2.410256100864,"EQUITY_RATIO":1.70297074213},{"SECUCODE":"01818.HK","SECURITY_CODE":"01818","SECURITY_NAME_ABBR":"招金矿业","ORG_CODE":"10062018","STD_REPORT_DATE":"2022-12-31 00:00:00","REPORT_DATE":"2022-12-31 00:00:00","DATE_TYPE_CODE":"001","REPORT_TYPE":"2022年年报","PER_NETCASH_OPERATE":0.211891034739,"PER_OI":2.41119538481,"BPS":3.395166080869,"BASIC_EPS":0.07,"DILUTED_EPS":0.07,"OPERATE_INCOME":7885557000,"OPERATE_INCOME_YOY":14.9590943642,"GROSS_PROFIT":2655912000,"GROSS_PROFIT_YOY":-1.343386537606,"HOLDER_PROFIT":401952000,"HOLDER_PROFIT_YOY":1092.8420927679,"GROSS_PROFIT_RATIO":33.680715262093,"EPS_TTM":0.12290632194,"OPERATE_INCOME_QOQ":8.237136816566,"NET_PROFIT_RATIO":7.1039496639,"ROE_AVG":2.44256513943,"GROSS_PROFIT_QOQ":-12.255059233294,"ROA":0.904176230775,"HOLDER_PROFIT_QOQ":52.199247040481,"ROE_YEARLY":2.44256513943,"ROIC_YEARLY":1.065272508974,"TOTAL_ASSETS":45887495000,"TOTAL_LIABILITIES":25840043000,"TAX_EBT":24.217774500984,"OCF_SALES":8.787800278408,"TOTAL_PARENT_EQUITY":16609943000,"DEBT_ASSET_RATIO":56.3117315513,"OPERATE_PROFIT":1274922000,"PRETAX_PROFIT":739205000,"NETCASH_OPERATE":692967000,"NETCASH_INVEST":-1955049000,"NETCASH_FINANCE":1825348000,"END_CASH":3583213000,"DIVI_RATIO":0.324423344306,"DIVIDEND_RATE":0.378657487091,"CURRENT_RATIO":0.831712076625,"COMMON_ACS":null,"CURRENTDEBT_DEBT":60.260170619685,"ISSUED_COMMON_SHARES":3402393204,"HK_COMMON_SHARES":2741555597,"PER_SHARES":500,"TOTAL_MARKET_CAP":39535809030.48,"HKSK_MARKET_CAP":31856876037.14,"PE_TTM":29.594612188819,"PB_TTM":2.643522802643,"REPORT_DATE_SQ":"2021-12-31 00:00:00","REPORT_TYPE_SQ":"2021年年报","OPERATE_INCOME_SQ":6859446000,"DPS_HKD":0.044,"OPERATE_INCOME_QOQ_SQ":-4.869605016386,"NET_PROFIT_RATIO_SQ":2.7849625174,"HOLDER_PROFIT_SQ":33697000,"HOLDER_PROFIT_QOQ_SQ":-82.837851793487,"ROE_AVG_SQ":0.225736477231,"PE_TTM_SQ":54.946154964637,"PB_TTM_SQ":2.45505048311,"ROA_SQ":0.081480097567,"START_DATE":"2022-01-01 00:00:00","FISCAL_YEAR":"12-31","CURRENCY":"HKD","IS_CNY_CODE":0,"DPS_HKD_LY":null,"ORG_TYPE":"一般企业","PREMIUM_INCOME":null,"PREMIUM_INCOME_YOY":null,"NET_INTEREST_INCOME":null,"NET_INTEREST_INCOME_YOY":null,"FEE_COMMISSION_INCOME":null,"FEE_COMMISSION_INCOME_YOY":null,"ACCOUNTS_RECE_TDAYS":38.967192781325,"INVENTORY_TDAYS":1.18163679555,"CURRENT_ASSETS_TDAYS":0.641733650599,"TOTAL_ASSETS_TDAYS":0.177382702557,"PREMIUM_EXPENSE":null,"LOAN_DEPOSIT":null,"LOAN_EQUITY":null,"LOAN_ASSETS":null,"DEPOSIT_EQUITY":null,"DEPOSIT_ASSETS":null,"EQUITY_MULTIPLIER":2.288944001464,"EQUITY_RATIO":1.555697271207},{"SECUCODE":"01818.HK","SECURITY_CODE":"01818","SECURITY_NAME_ABBR":"招金矿业","ORG_CODE":"10062018","STD_REPORT_DATE":"2022-09-30 00:00:00","REPORT_DATE":"2022-09-30 00:00:00","DATE_TYPE_CODE":"004","REPORT_TYPE":"2022年三季报","PER_NETCASH_OPERATE":0.068483821684,"PER_OI":1.770061070501,"BPS":3.489487543081,"BASIC_EPS":0.08,"DILUTED_EPS":null,"OPERATE_INCOME":5788795695.63,"OPERATE_INCOME_YOY":7.9435964484,"GROSS_PROFIT":2132279131.52,"GROSS_PROFIT_YOY":18.624624076489,"HOLDER_PROFIT":265319654.66,"HOLDER_PROFIT_YOY":659.7768166499,"GROSS_PROFIT_RATIO":36.834589500709,"EPS_TTM":0.080753567662,"OPERATE_INCOME_QOQ":5.455699053461,"NET_PROFIT_RATIO":7.165297381,"ROE_AVG":1.649348426259,"GROSS_PROFIT_QOQ":6.388309428734,"ROA":0.592837575963,"HOLDER_PROFIT_QOQ":114.165397992118,"ROE_YEARLY":2.199131235012,"ROIC_YEARLY":0.704627524169,"TOTAL_ASSETS":46485773838.85,"TOTAL_LIABILITIES":26741713789.29,"TAX_EBT":30.363542097756,"OCF_SALES":3.869008975201,"TOTAL_PARENT_EQUITY":15870320905.66,"DEBT_ASSET_RATIO":57.5266615589,"OPERATE_PROFIT":894723182.75,"PRETAX_PROFIT":595642625.81,"NETCASH_OPERATE":223969025.02,"NETCASH_INVEST":-1803363465.36,"NETCASH_FINANCE":1725033721.66,"END_CASH":null,"DIVI_RATIO":0.493769887257,"DIVIDEND_RATE":0.378657487091,"CURRENT_RATIO":0.854608287692,"COMMON_ACS":null,"CURRENTDEBT_DEBT":65.299948017519,"ISSUED_COMMON_SHARES":3402393204,"HK_COMMON_SHARES":2741555597,"PER_SHARES":500,"TOTAL_MARKET_CAP":39535809030.48,"HKSK_MARKET_CAP":31856876037.14,"PE_TTM":29.594612188819,"PB_TTM":2.643522802643,"REPORT_DATE_SQ":"2021-09-30 00:00:00","REPORT_TYPE_SQ":"2021年三季报","OPERATE_INCOME_SQ":5362796762.47,"DPS_HKD":0.044,"OPERATE_INCOME_QOQ_SQ":-9.903557039329,"NET_PROFIT_RATIO_SQ":3.5478497897,"HOLDER_PROFIT_SQ":34920735.78,"HOLDER_PROFIT_QOQ_SQ":-70.157358630197,"ROE_AVG_SQ":0.251120159041,"PE_TTM_SQ":54.946154964637,"PB_TTM_SQ":2.45505048311,"ROA_SQ":0.086296338358,"START_DATE":"2022-01-01 00:00:00","FISCAL_YEAR":"12-31","CURRENCY":"HKD","IS_CNY_CODE":0,"DPS_HKD_LY":null,"ORG_TYPE":"一般企业","PREMIUM_INCOME":null,"PREMIUM_INCOME_YOY":null,"NET_INTEREST_INCOME":null,"NET_INTEREST_INCOME_YOY":null,"FEE_COMMISSION_INCOME":null,"FEE_COMMISSION_INCOME_YOY":null,"ACCOUNTS_RECE_TDAYS":21.462089477871,"INVENTORY_TDAYS":0.822061842605,"CURRENT_ASSETS_TDAYS":0.436093065669,"TOTAL_ASSETS_TDAYS":0.129346452389,"PREMIUM_EXPENSE":null,"LOAN_DEPOSIT":null,"LOAN_EQUITY":null,"LOAN_ASSETS":null,"DEPOSIT_EQUITY":null,"DEPOSIT_ASSETS":null,"EQUITY_MULTIPLIER":2.354418175503,"EQUITY_RATIO":1.685014055371}],"count":70},"success":true,"message":"ok","code":0}