{"version":"192740c8d5ef38c6d3745171fc33bd39","result":{"pages":2,"data":[{"SECUCODE":"01817.HK","SECURITY_CODE":"01817","SECURITY_NAME_ABBR":"慕尚集团控股","ORG_CODE":"10000009092","STD_REPORT_DATE":"2024-06-30 00:00:00","REPORT_DATE":"2024-06-30 00:00:00","DATE_TYPE_CODE":"002","REPORT_TYPE":"2024年中报","PER_NETCASH_OPERATE":-0.063552631579,"PER_OI":1.145709473684,"BPS":0.752671578947,"BASIC_EPS":0.0075,"DILUTED_EPS":0.0075,"OPERATE_INCOME":1088424000,"OPERATE_INCOME_YOY":0.283873393,"GROSS_PROFIT":583317000,"GROSS_PROFIT_YOY":0.970381384464,"HOLDER_PROFIT":6820000,"HOLDER_PROFIT_YOY":-77.189872571,"GROSS_PROFIT_RATIO":53.592809419858,"EPS_TTM":0.017355789474,"OPERATE_INCOME_QOQ":0.132285752683,"NET_PROFIT_RATIO":0.6239296451,"ROE_AVG":0.956628403868,"GROSS_PROFIT_QOQ":0.462471425519,"ROA":0.222945031954,"HOLDER_PROFIT_QOQ":-58.328910455683,"ROE_YEARLY":1.913256807737,"ROIC_YEARLY":0.476286834318,"TOTAL_ASSETS":3103832000,"TOTAL_LIABILITIES":2388054000,"TAX_EBT":10.349834983498,"OCF_SALES":-5.547011091266,"TOTAL_PARENT_EQUITY":715038000,"DEBT_ASSET_RATIO":76.9388935999,"OPERATE_PROFIT":37378000,"PRETAX_PROFIT":7575000,"NETCASH_OPERATE":-60375000,"NETCASH_INVEST":-42373000,"NETCASH_FINANCE":109924000,"END_CASH":196530000,"DIVI_RATIO":null,"DIVIDEND_RATE":null,"CURRENT_RATIO":1.012675799799,"COMMON_ACS":10000000000,"CURRENTDEBT_DEBT":88.052740850919,"ISSUED_COMMON_SHARES":950000000,"HK_COMMON_SHARES":950000000,"PER_SHARES":500,"TOTAL_MARKET_CAP":446500000,"HKSK_MARKET_CAP":446500000,"PE_TTM":23.870671426924,"PB_TTM":0.569916032435,"REPORT_DATE_SQ":"2023-06-30 00:00:00","REPORT_TYPE_SQ":"2023年中报","OPERATE_INCOME_SQ":1085343000,"DPS_HKD":null,"OPERATE_INCOME_QOQ_SQ":1.578270208973,"NET_PROFIT_RATIO_SQ":2.5489637838,"HOLDER_PROFIT_SQ":29899000,"HOLDER_PROFIT_QOQ_SQ":194.263416204039,"ROE_AVG_SQ":4.352573126402,"PE_TTM_SQ":24.460532481904,"PB_TTM_SQ":1.295802226683,"ROA_SQ":0.914254856606,"START_DATE":"2024-01-01 00:00:00","FISCAL_YEAR":"12-31","CURRENCY":"HKD","IS_CNY_CODE":0,"DPS_HKD_LY":null,"ORG_TYPE":"一般企业","PREMIUM_INCOME":null,"PREMIUM_INCOME_YOY":null,"NET_INTEREST_INCOME":null,"NET_INTEREST_INCOME_YOY":null,"FEE_COMMISSION_INCOME":null,"FEE_COMMISSION_INCOME_YOY":null,"ACCOUNTS_RECE_TDAYS":4.181517822155,"INVENTORY_TDAYS":0.944868765889,"CURRENT_ASSETS_TDAYS":0.555455105657,"TOTAL_ASSETS_TDAYS":0.355804579853,"PREMIUM_EXPENSE":null,"LOAN_DEPOSIT":null,"LOAN_EQUITY":null,"LOAN_ASSETS":null,"DEPOSIT_EQUITY":null,"DEPOSIT_ASSETS":null,"EQUITY_MULTIPLIER":4.336305390775,"EQUITY_RATIO":3.339758166699},{"SECUCODE":"01817.HK","SECURITY_CODE":"01817","SECURITY_NAME_ABBR":"慕尚集团控股","ORG_CODE":"10000009092","STD_REPORT_DATE":"2023-12-31 00:00:00","REPORT_DATE":"2023-12-31 00:00:00","DATE_TYPE_CODE":"001","REPORT_TYPE":"2023年年报","PER_NETCASH_OPERATE":0.313449473684,"PER_OI":2.451630526316,"BPS":0.748213684211,"BASIC_EPS":0.0434,"DILUTED_EPS":0.0434,"OPERATE_INCOME":2329049000,"OPERATE_INCOME_YOY":0.1189882048,"GROSS_PROFIT":1212183000,"GROSS_PROFIT_YOY":6.527516332632,"HOLDER_PROFIT":39567000,"HOLDER_PROFIT_YOY":218.3441950278,"GROSS_PROFIT_RATIO":52.046264376576,"EPS_TTM":0.041649473684,"OPERATE_INCOME_QOQ":-1.436608441148,"NET_PROFIT_RATIO":1.5991505546,"ROE_AVG":5.671870934726,"GROSS_PROFIT_QOQ":2.80308125221,"ROA":1.211031784266,"HOLDER_PROFIT_QOQ":8.183408979056,"ROE_YEARLY":5.671870934726,"ROIC_YEARLY":1.300484061946,"TOTAL_ASSETS":3014268000,"TOTAL_LIABILITIES":2302696000,"TAX_EBT":28.110945974638,"OCF_SALES":12.785347152421,"TOTAL_PARENT_EQUITY":710803000,"DEBT_ASSET_RATIO":76.3932072397,"OPERATE_PROFIT":119600000,"PRETAX_PROFIT":51809000,"NETCASH_OPERATE":297777000,"NETCASH_INVEST":-114115000,"NETCASH_FINANCE":-242266000,"END_CASH":192420000,"DIVI_RATIO":null,"DIVIDEND_RATE":null,"CURRENT_RATIO":1.007753972151,"COMMON_ACS":10000000000,"CURRENTDEBT_DEBT":77.121078943986,"ISSUED_COMMON_SHARES":950000000,"HK_COMMON_SHARES":950000000,"PER_SHARES":500,"TOTAL_MARKET_CAP":465500000,"HKSK_MARKET_CAP":465500000,"PE_TTM":24.886444679134,"PB_TTM":0.594167778496,"REPORT_DATE_SQ":"2022-12-31 00:00:00","REPORT_TYPE_SQ":"2022年年报","OPERATE_INCOME_SQ":2326281000,"DPS_HKD":null,"OPERATE_INCOME_QOQ_SQ":-8.39364865844,"NET_PROFIT_RATIO_SQ":0.4019720747,"HOLDER_PROFIT_SQ":12429000,"HOLDER_PROFIT_QOQ_SQ":109.38455614198,"ROE_AVG_SQ":1.753386084923,"PE_TTM_SQ":16.786639938562,"PB_TTM_SQ":0.88927603792,"ROA_SQ":0.379889425861,"START_DATE":"2023-01-01 00:00:00","FISCAL_YEAR":"12-31","CURRENCY":"HKD","IS_CNY_CODE":0,"DPS_HKD_LY":null,"ORG_TYPE":"一般企业","PREMIUM_INCOME":null,"PREMIUM_INCOME_YOY":null,"NET_INTEREST_INCOME":null,"NET_INTEREST_INCOME_YOY":null,"FEE_COMMISSION_INCOME":null,"FEE_COMMISSION_INCOME_YOY":null,"ACCOUNTS_RECE_TDAYS":6.690919903129,"INVENTORY_TDAYS":1.786735457036,"CURRENT_ASSETS_TDAYS":1.167640055578,"TOTAL_ASSETS_TDAYS":0.712854744134,"PREMIUM_EXPENSE":null,"LOAN_DEPOSIT":null,"LOAN_EQUITY":null,"LOAN_ASSETS":null,"DEPOSIT_EQUITY":null,"DEPOSIT_ASSETS":null,"EQUITY_MULTIPLIER":4.236068872862,"EQUITY_RATIO":3.239569894894},{"SECUCODE":"01817.HK","SECURITY_CODE":"01817","SECURITY_NAME_ABBR":"慕尚集团控股","ORG_CODE":"10000009092","STD_REPORT_DATE":"2023-06-30 00:00:00","REPORT_DATE":"2023-06-30 00:00:00","DATE_TYPE_CODE":"002","REPORT_TYPE":"2023年中报","PER_NETCASH_OPERATE":-0.035033684211,"PER_OI":1.142466315789,"BPS":0.725743157895,"BASIC_EPS":0.0328,"DILUTED_EPS":0.0328,"OPERATE_INCOME":1085343000,"OPERATE_INCOME_YOY":3.5012416224,"GROSS_PROFIT":577711000,"GROSS_PROFIT_YOY":7.68426389505,"HOLDER_PROFIT":29899000,"HOLDER_PROFIT_YOY":419.6211331248,"GROSS_PROFIT_RATIO":53.228426405293,"EPS_TTM":0.038498947368,"OPERATE_INCOME_QOQ":1.578270208973,"NET_PROFIT_RATIO":2.5489637838,"ROE_AVG":4.352573126402,"GROSS_PROFIT_QOQ":3.622882733723,"ROA":0.914254856606,"HOLDER_PROFIT_QOQ":194.263416204039,"ROE_YEARLY":8.705146252804,"ROIC_YEARLY":1.973012053758,"TOTAL_ASSETS":3020467000,"TOTAL_LIABILITIES":2329165000,"TAX_EBT":9.499820079165,"OCF_SALES":-3.066496029366,"TOTAL_PARENT_EQUITY":689456000,"DEBT_ASSET_RATIO":77.1127444862,"OPERATE_PROFIT":62244000,"PRETAX_PROFIT":30569000,"NETCASH_OPERATE":-33282000,"NETCASH_INVEST":-58209000,"NETCASH_FINANCE":59909000,"END_CASH":220912000,"DIVI_RATIO":null,"DIVIDEND_RATE":null,"CURRENT_RATIO":1.121601392899,"COMMON_ACS":10000000000,"CURRENTDEBT_DEBT":66.282594835488,"ISSUED_COMMON_SHARES":950000000,"HK_COMMON_SHARES":950000000,"PER_SHARES":500,"TOTAL_MARKET_CAP":465500000,"HKSK_MARKET_CAP":465500000,"PE_TTM":24.886444679134,"PB_TTM":0.594167778496,"REPORT_DATE_SQ":"2022-06-30 00:00:00","REPORT_TYPE_SQ":"2022年中报","OPERATE_INCOME_SQ":1048628000,"DPS_HKD":null,"OPERATE_INCOME_QOQ_SQ":-5.780648359289,"NET_PROFIT_RATIO_SQ":0.4012862521,"HOLDER_PROFIT_SQ":5754000,"HOLDER_PROFIT_QOQ_SQ":-47.675170598992,"ROE_AVG_SQ":0.798802213157,"PE_TTM_SQ":16.786639938562,"PB_TTM_SQ":0.88927603792,"ROA_SQ":0.191688469259,"START_DATE":"2023-01-01 00:00:00","FISCAL_YEAR":"12-31","CURRENCY":"HKD","IS_CNY_CODE":0,"DPS_HKD_LY":null,"ORG_TYPE":"一般企业","PREMIUM_INCOME":null,"PREMIUM_INCOME_YOY":null,"NET_INTEREST_INCOME":null,"NET_INTEREST_INCOME_YOY":null,"FEE_COMMISSION_INCOME":null,"FEE_COMMISSION_INCOME_YOY":null,"ACCOUNTS_RECE_TDAYS":3.518397673729,"INVENTORY_TDAYS":0.818670840399,"CURRENT_ASSETS_TDAYS":0.552160937878,"TOTAL_ASSETS_TDAYS":0.331877356712,"PREMIUM_EXPENSE":null,"LOAN_DEPOSIT":null,"LOAN_EQUITY":null,"LOAN_ASSETS":null,"DEPOSIT_EQUITY":null,"DEPOSIT_ASSETS":null,"EQUITY_MULTIPLIER":4.369243832652,"EQUITY_RATIO":3.378264892901},{"SECUCODE":"01817.HK","SECURITY_CODE":"01817","SECURITY_NAME_ABBR":"慕尚集团控股","ORG_CODE":"10000009092","STD_REPORT_DATE":"2022-12-31 00:00:00","REPORT_DATE":"2022-12-31 00:00:00","DATE_TYPE_CODE":"001","REPORT_TYPE":"2022年年报","PER_NETCASH_OPERATE":0.257584210526,"PER_OI":2.448716842105,"BPS":0.720418947368,"BASIC_EPS":0.0136,"DILUTED_EPS":0.0136,"OPERATE_INCOME":2326281000,"OPERATE_INCOME_YOY":-13.6890897043,"GROSS_PROFIT":1137906000,"GROSS_PROFIT_YOY":-14.305983036003,"HOLDER_PROFIT":12429000,"HOLDER_PROFIT_YOY":113.8586592926,"GROSS_PROFIT_RATIO":48.9152428275,"EPS_TTM":0.013083157895,"OPERATE_INCOME_QOQ":-8.39364865844,"NET_PROFIT_RATIO":0.4019720747,"ROE_AVG":1.753386084923,"GROSS_PROFIT_QOQ":-8.272667107876,"ROA":0.379889425861,"HOLDER_PROFIT_QOQ":109.38455614198,"ROE_YEARLY":1.753386084923,"ROIC_YEARLY":0.443669358703,"TOTAL_ASSETS":3520160000,"TOTAL_LIABILITIES":2831682000,"TAX_EBT":56.768377253814,"OCF_SALES":10.519150523948,"TOTAL_PARENT_EQUITY":684398000,"DEBT_ASSET_RATIO":80.4418549157,"OPERATE_PROFIT":84710000,"PRETAX_PROFIT":21630000,"NETCASH_OPERATE":244705000,"NETCASH_INVEST":-126086000,"NETCASH_FINANCE":-563790000,"END_CASH":252194000,"DIVI_RATIO":null,"DIVIDEND_RATE":null,"CURRENT_RATIO":1.039804546187,"COMMON_ACS":10000000000,"CURRENTDEBT_DEBT":74.707788515801,"ISSUED_COMMON_SHARES":950000000,"HK_COMMON_SHARES":950000000,"PER_SHARES":500,"TOTAL_MARKET_CAP":465500000,"HKSK_MARKET_CAP":465500000,"PE_TTM":24.886444679134,"PB_TTM":0.594167778496,"REPORT_DATE_SQ":"2021-12-31 00:00:00","REPORT_TYPE_SQ":"2021年年报","OPERATE_INCOME_SQ":2695234000,"DPS_HKD":null,"OPERATE_INCOME_QOQ_SQ":-9.506954768821,"NET_PROFIT_RATIO_SQ":-3.3890563862,"HOLDER_PROFIT_SQ":-89684000,"HOLDER_PROFIT_QOQ_SQ":25.237789578106,"ROE_AVG_SQ":-11.589722979465,"PE_TTM_SQ":16.786639938562,"PB_TTM_SQ":0.88927603792,"ROA_SQ":-2.871938794054,"START_DATE":"2022-01-01 00:00:00","FISCAL_YEAR":"12-31","CURRENCY":"HKD","IS_CNY_CODE":0,"DPS_HKD_LY":null,"ORG_TYPE":"一般企业","PREMIUM_INCOME":null,"PREMIUM_INCOME_YOY":null,"NET_INTEREST_INCOME":null,"NET_INTEREST_INCOME_YOY":null,"FEE_COMMISSION_INCOME":null,"FEE_COMMISSION_INCOME_YOY":null,"ACCOUNTS_RECE_TDAYS":5.898809350233,"INVENTORY_TDAYS":1.559684381698,"CURRENT_ASSETS_TDAYS":1.054670296664,"TOTAL_ASSETS_TDAYS":0.71102224916,"PREMIUM_EXPENSE":null,"LOAN_DEPOSIT":null,"LOAN_EQUITY":null,"LOAN_ASSETS":null,"DEPOSIT_EQUITY":null,"DEPOSIT_ASSETS":null,"EQUITY_MULTIPLIER":5.11295931025,"EQUITY_RATIO":4.137478484741},{"SECUCODE":"01817.HK","SECURITY_CODE":"01817","SECURITY_NAME_ABBR":"慕尚集团控股","ORG_CODE":"10000009092","STD_REPORT_DATE":"2022-06-30 00:00:00","REPORT_DATE":"2022-06-30 00:00:00","DATE_TYPE_CODE":"002","REPORT_TYPE":"2022年中报","PER_NETCASH_OPERATE":-0.365448421053,"PER_OI":1.103818947368,"BPS":0.744569473684,"BASIC_EPS":0.0063,"DILUTED_EPS":0.0063,"OPERATE_INCOME":1048628000,"OPERATE_INCOME_YOY":-12.9357455394,"GROSS_PROFIT":536486000,"GROSS_PROFIT_YOY":-14.000698912838,"HOLDER_PROFIT":5754000,"HOLDER_PROFIT_YOY":-88.1387726495,"GROSS_PROFIT_RATIO":51.160754814863,"EPS_TTM":-0.139411578947,"OPERATE_INCOME_QOQ":-5.780648359289,"NET_PROFIT_RATIO":0.4012862521,"ROE_AVG":0.798802213157,"GROSS_PROFIT_QOQ":-6.577446152525,"ROA":0.191688469259,"HOLDER_PROFIT_QOQ":-47.675170598992,"ROE_YEARLY":1.597604426314,"ROIC_YEARLY":0.482100934542,"TOTAL_ASSETS":2980168000,"TOTAL_LIABILITIES":2267215000,"TAX_EBT":75.017810496319,"OCF_SALES":-33.107641604077,"TOTAL_PARENT_EQUITY":707341000,"DEBT_ASSET_RATIO":76.0767513778,"OPERATE_PROFIT":46952000,"PRETAX_PROFIT":16844000,"NETCASH_OPERATE":-347176000,"NETCASH_INVEST":-95482000,"NETCASH_FINANCE":298278000,"END_CASH":539387000,"DIVI_RATIO":null,"DIVIDEND_RATE":null,"CURRENT_RATIO":1.064250993008,"COMMON_ACS":10000000000,"CURRENTDEBT_DEBT":87.52473850076,"ISSUED_COMMON_SHARES":950000000,"HK_COMMON_SHARES":950000000,"PER_SHARES":500,"TOTAL_MARKET_CAP":465500000,"HKSK_MARKET_CAP":465500000,"PE_TTM":24.886444679134,"PB_TTM":0.594167778496,"REPORT_DATE_SQ":"2021-06-30 00:00:00","REPORT_TYPE_SQ":"2021年中报","OPERATE_INCOME_SQ":1204430000,"DPS_HKD":null,"OPERATE_INCOME_QOQ_SQ":4.084996099942,"NET_PROFIT_RATIO_SQ":4.005546192,"HOLDER_PROFIT_SQ":48511000,"HOLDER_PROFIT_QOQ_SQ":60.192534876621,"ROE_AVG_SQ":5.756926474611,"PE_TTM_SQ":16.786639938562,"PB_TTM_SQ":0.88927603792,"ROA_SQ":1.526414433271,"START_DATE":"2022-01-01 00:00:00","FISCAL_YEAR":"12-31","CURRENCY":"HKD","IS_CNY_CODE":0,"DPS_HKD_LY":null,"ORG_TYPE":"一般企业","PREMIUM_INCOME":null,"PREMIUM_INCOME_YOY":null,"NET_INTEREST_INCOME":null,"NET_INTEREST_INCOME_YOY":null,"FEE_COMMISSION_INCOME":null,"FEE_COMMISSION_INCOME_YOY":null,"ACCOUNTS_RECE_TDAYS":2.909893122696,"INVENTORY_TDAYS":0.666000850476,"CURRENT_ASSETS_TDAYS":0.485075177475,"TOTAL_ASSETS_TDAYS":0.349339409354,"PREMIUM_EXPENSE":null,"LOAN_DEPOSIT":null,"LOAN_EQUITY":null,"LOAN_ASSETS":null,"DEPOSIT_EQUITY":null,"DEPOSIT_ASSETS":null,"EQUITY_MULTIPLIER":4.180034308016,"EQUITY_RATIO":3.205264504673},{"SECUCODE":"01817.HK","SECURITY_CODE":"01817","SECURITY_NAME_ABBR":"慕尚集团控股","ORG_CODE":"10000009092","STD_REPORT_DATE":"2021-12-31 00:00:00","REPORT_DATE":"2021-12-31 00:00:00","DATE_TYPE_CODE":"001","REPORT_TYPE":"2021年年报","PER_NETCASH_OPERATE":0.18708,"PER_OI":2.837088421053,"BPS":0.771911578947,"BASIC_EPS":-0.0983,"DILUTED_EPS":-0.0983,"OPERATE_INCOME":2695234000,"OPERATE_INCOME_YOY":-5.8103174004,"GROSS_PROFIT":1327871000,"GROSS_PROFIT_YOY":8.428169566123,"HOLDER_PROFIT":-89684000,"HOLDER_PROFIT_YOY":70.2390591608,"GROSS_PROFIT_RATIO":49.267373445126,"EPS_TTM":-0.094404210526,"OPERATE_INCOME_QOQ":-9.506954768821,"NET_PROFIT_RATIO":-3.3890563862,"ROE_AVG":-11.589722979465,"GROSS_PROFIT_QOQ":-6.976788173696,"ROA":-2.871938794054,"HOLDER_PROFIT_QOQ":25.237789578106,"ROE_YEARLY":-11.589722979465,"ROIC_YEARLY":-3.745358706088,"TOTAL_ASSETS":3023323000,"TOTAL_LIABILITIES":2282849000,"TAX_EBT":12.481556002683,"OCF_SALES":6.594084224227,"TOTAL_PARENT_EQUITY":733316000,"DEBT_ASSET_RATIO":75.5079427504,"OPERATE_PROFIT":-45673000,"PRETAX_PROFIT":-104370000,"NETCASH_OPERATE":177726000,"NETCASH_INVEST":-169151000,"NETCASH_FINANCE":-97398000,"END_CASH":677230000,"DIVI_RATIO":null,"DIVIDEND_RATE":null,"CURRENT_RATIO":1.091082875447,"COMMON_ACS":10000000000,"CURRENTDEBT_DEBT":88.795448143964,"ISSUED_COMMON_SHARES":950000000,"HK_COMMON_SHARES":950000000,"PER_SHARES":500,"TOTAL_MARKET_CAP":465500000,"HKSK_MARKET_CAP":465500000,"PE_TTM":24.886444679134,"PB_TTM":0.594167778496,"REPORT_DATE_SQ":"2020-12-31 00:00:00","REPORT_TYPE_SQ":"2020年年报","OPERATE_INCOME_SQ":2861496000,"DPS_HKD":null,"OPERATE_INCOME_QOQ_SQ":-8.368058946816,"NET_PROFIT_RATIO_SQ":-10.455789559,"HOLDER_PROFIT_SQ":-301348000,"HOLDER_PROFIT_QOQ_SQ":-2217.88323975079,"ROE_AVG_SQ":-32.533687731744,"PE_TTM_SQ":16.786639938562,"PB_TTM_SQ":0.88927603792,"ROA_SQ":-8.462333170741,"START_DATE":"2021-01-01 00:00:00","FISCAL_YEAR":"12-31","CURRENCY":"HKD","IS_CNY_CODE":0,"DPS_HKD_LY":null,"ORG_TYPE":"一般企业","PREMIUM_INCOME":null,"PREMIUM_INCOME_YOY":null,"NET_INTEREST_INCOME":null,"NET_INTEREST_INCOME_YOY":null,"FEE_COMMISSION_INCOME":null,"FEE_COMMISSION_INCOME_YOY":null,"ACCOUNTS_RECE_TDAYS":5.088774891767,"INVENTORY_TDAYS":1.660668633354,"CURRENT_ASSETS_TDAYS":1.118303313957,"TOTAL_ASSETS_TDAYS":0.863091196161,"PREMIUM_EXPENSE":null,"LOAN_DEPOSIT":null,"LOAN_EQUITY":null,"LOAN_ASSETS":null,"DEPOSIT_EQUITY":null,"DEPOSIT_ASSETS":null,"EQUITY_MULTIPLIER":4.08295632257,"EQUITY_RATIO":3.113049490261},{"SECUCODE":"01817.HK","SECURITY_CODE":"01817","SECURITY_NAME_ABBR":"慕尚集团控股","ORG_CODE":"10000009092","STD_REPORT_DATE":"2021-06-30 00:00:00","REPORT_DATE":"2021-06-30 00:00:00","DATE_TYPE_CODE":"002","REPORT_TYPE":"2021年中报","PER_NETCASH_OPERATE":-0.308145263158,"PER_OI":1.267821052632,"BPS":0.916818947368,"BASIC_EPS":0.0532,"DILUTED_EPS":0.0528,"OPERATE_INCOME":1204430000,"OPERATE_INCOME_YOY":10.7483140819,"GROSS_PROFIT":623826000,"GROSS_PROFIT_YOY":48.170510119496,"HOLDER_PROFIT":48511000,"HOLDER_PROFIT_YOY":136.5079245624,"GROSS_PROFIT_RATIO":51.794292735983,"EPS_TTM":-0.126272631579,"OPERATE_INCOME_QOQ":4.084996099942,"NET_PROFIT_RATIO":4.005546192,"ROE_AVG":5.756926474611,"GROSS_PROFIT_QOQ":16.560337401146,"ROA":1.526414433271,"HOLDER_PROFIT_QOQ":60.192534876621,"ROE_YEARLY":11.513852949222,"ROIC_YEARLY":4.012809125623,"TOTAL_ASSETS":3133989000,"TOTAL_LIABILITIES":2262411000,"TAX_EBT":32.943220515672,"OCF_SALES":-24.305106980065,"TOTAL_PARENT_EQUITY":870978000,"DEBT_ASSET_RATIO":72.189500346,"OPERATE_PROFIT":99585000,"PRETAX_PROFIT":71945000,"NETCASH_OPERATE":-292738000,"NETCASH_INVEST":-66598000,"NETCASH_FINANCE":337051000,"END_CASH":747913000,"DIVI_RATIO":null,"DIVIDEND_RATE":null,"CURRENT_RATIO":1.8746666446,"COMMON_ACS":10000000000,"CURRENTDEBT_DEBT":58.755327833891,"ISSUED_COMMON_SHARES":950000000,"HK_COMMON_SHARES":950000000,"PER_SHARES":500,"TOTAL_MARKET_CAP":465500000,"HKSK_MARKET_CAP":465500000,"PE_TTM":24.886444679134,"PB_TTM":0.594167778496,"REPORT_DATE_SQ":"2020-06-30 00:00:00","REPORT_TYPE_SQ":"2020年中报","OPERATE_INCOME_SQ":1087538000,"DPS_HKD":null,"OPERATE_INCOME_QOQ_SQ":-16.084399963884,"NET_PROFIT_RATIO_SQ":-12.1878959632,"HOLDER_PROFIT_SQ":-132878000,"HOLDER_PROFIT_QOQ_SQ":-106.204336020081,"ROE_AVG_SQ":-13.75797892993,"PE_TTM_SQ":16.786639938562,"PB_TTM_SQ":0.88927603792,"ROA_SQ":-3.593337244563,"START_DATE":"2021-01-01 00:00:00","FISCAL_YEAR":"12-31","CURRENCY":"HKD","IS_CNY_CODE":0,"DPS_HKD_LY":null,"ORG_TYPE":"一般企业","PREMIUM_INCOME":null,"PREMIUM_INCOME_YOY":null,"NET_INTEREST_INCOME":null,"NET_INTEREST_INCOME_YOY":null,"FEE_COMMISSION_INCOME":null,"FEE_COMMISSION_INCOME_YOY":null,"ACCOUNTS_RECE_TDAYS":2.103954861475,"INVENTORY_TDAYS":0.738206701538,"CURRENT_ASSETS_TDAYS":0.472279836479,"TOTAL_ASSETS_TDAYS":0.378977826857,"PREMIUM_EXPENSE":null,"LOAN_DEPOSIT":null,"LOAN_EQUITY":null,"LOAN_ASSETS":null,"DEPOSIT_EQUITY":null,"DEPOSIT_ASSETS":null,"EQUITY_MULTIPLIER":3.595764234521,"EQUITY_RATIO":2.597552406605},{"SECUCODE":"01817.HK","SECURITY_CODE":"01817","SECURITY_NAME_ABBR":"慕尚集团控股","ORG_CODE":"10000009092","STD_REPORT_DATE":"2020-12-31 00:00:00","REPORT_DATE":"2020-12-31 00:00:00","DATE_TYPE_CODE":"001","REPORT_TYPE":"2020年年报","PER_NETCASH_OPERATE":0.259554736842,"PER_OI":3.012101052632,"BPS":0.857190526316,"BASIC_EPS":-0.33,"DILUTED_EPS":-0.33,"OPERATE_INCOME":2861496000,"OPERATE_INCOME_YOY":-23.1065068405,"GROSS_PROFIT":1224655000,"GROSS_PROFIT_YOY":-31.915763022346,"HOLDER_PROFIT":-301348000,"HOLDER_PROFIT_YOY":-243.8092647473,"GROSS_PROFIT_RATIO":42.797718396252,"EPS_TTM":-0.317208421053,"OPERATE_INCOME_QOQ":-8.368058946816,"NET_PROFIT_RATIO":-10.455789559,"ROE_AVG":-32.533687731744,"GROSS_PROFIT_QOQ":-11.362734936829,"ROA":-8.462333170741,"HOLDER_PROFIT_QOQ":-2217.88323975079,"ROE_YEARLY":-32.533687731744,"ROIC_YEARLY":-10.896667734585,"TOTAL_ASSETS":3222214000,"TOTAL_LIABILITIES":2407500000,"TAX_EBT":-2.719460571083,"OCF_SALES":8.617066038184,"TOTAL_PARENT_EQUITY":814331000,"DEBT_ASSET_RATIO":74.7157078953,"OPERATE_PROFIT":-235250000,"PRETAX_PROFIT":-291271000,"NETCASH_OPERATE":246577000,"NETCASH_INVEST":-140512000,"NETCASH_FINANCE":-141763000,"END_CASH":771692000,"DIVI_RATIO":null,"DIVIDEND_RATE":null,"CURRENT_RATIO":1.771586542445,"COMMON_ACS":10000000000,"CURRENTDEBT_DEBT":61.15979231568,"ISSUED_COMMON_SHARES":950000000,"HK_COMMON_SHARES":950000000,"PER_SHARES":500,"TOTAL_MARKET_CAP":465500000,"HKSK_MARKET_CAP":465500000,"PE_TTM":24.886444679134,"PB_TTM":0.594167778496,"REPORT_DATE_SQ":"2019-12-31 00:00:00","REPORT_TYPE_SQ":"2019年年报","OPERATE_INCOME_SQ":3721376000,"DPS_HKD":null,"OPERATE_INCOME_QOQ_SQ":-5.7633762728,"NET_PROFIT_RATIO_SQ":5.5938448574,"HOLDER_PROFIT_SQ":209547000,"HOLDER_PROFIT_QOQ_SQ":-41.674552984925,"ROE_AVG_SQ":36.834037915608,"PE_TTM_SQ":16.786639938562,"PB_TTM_SQ":0.88927603792,"ROA_SQ":5.922029870858,"START_DATE":"2020-01-01 00:00:00","FISCAL_YEAR":"12-31","CURRENCY":"HKD","IS_CNY_CODE":0,"DPS_HKD_LY":null,"ORG_TYPE":"一般企业","PREMIUM_INCOME":null,"PREMIUM_INCOME_YOY":null,"NET_INTEREST_INCOME":null,"NET_INTEREST_INCOME_YOY":null,"FEE_COMMISSION_INCOME":null,"FEE_COMMISSION_INCOME_YOY":null,"ACCOUNTS_RECE_TDAYS":3.437670141784,"INVENTORY_TDAYS":1.743814423929,"CURRENT_ASSETS_TDAYS":0.960683756667,"TOTAL_ASSETS_TDAYS":0.803553782296,"PREMIUM_EXPENSE":null,"LOAN_DEPOSIT":null,"LOAN_EQUITY":null,"LOAN_ASSETS":null,"DEPOSIT_EQUITY":null,"DEPOSIT_ASSETS":null,"EQUITY_MULTIPLIER":3.955024708064,"EQUITY_RATIO":2.956414529227},{"SECUCODE":"01817.HK","SECURITY_CODE":"01817","SECURITY_NAME_ABBR":"慕尚集团控股","ORG_CODE":"10000009092","STD_REPORT_DATE":"2020-06-30 00:00:00","REPORT_DATE":"2020-06-30 00:00:00","DATE_TYPE_CODE":"002","REPORT_TYPE":"2020年中报","PER_NETCASH_OPERATE":-0.256854736842,"PER_OI":1.144776842105,"BPS":0.940475789474,"BASIC_EPS":-0.1456,"DILUTED_EPS":-0.1456,"OPERATE_INCOME":1087538000,"OPERATE_INCOME_YOY":-35.4997541663,"GROSS_PROFIT":421019000,"GROSS_PROFIT_YOY":-49.765423466721,"HOLDER_PROFIT":-132878000,"HOLDER_PROFIT_YOY":-248.1855693097,"GROSS_PROFIT_RATIO":38.713038073152,"EPS_TTM":-0.013685263158,"OPERATE_INCOME_QOQ":-16.084399963884,"NET_PROFIT_RATIO":-12.1878959632,"ROE_AVG":-13.75797892993,"GROSS_PROFIT_QOQ":-23.187795867651,"ROA":-3.593337244563,"HOLDER_PROFIT_QOQ":-106.204336020081,"ROE_YEARLY":-27.515957859861,"ROIC_YEARLY":-9.400909400273,"TOTAL_ASSETS":3495911000,"TOTAL_LIABILITIES":2603902000,"TAX_EBT":11.900726472719,"OCF_SALES":-22.437101048423,"TOTAL_PARENT_EQUITY":893452000,"DEBT_ASSET_RATIO":74.4842188488,"OPERATE_PROFIT":-120496000,"PRETAX_PROFIT":-150453000,"NETCASH_OPERATE":-244012000,"NETCASH_INVEST":-59861000,"NETCASH_FINANCE":405084000,"END_CASH":924391000,"DIVI_RATIO":null,"DIVIDEND_RATE":null,"CURRENT_RATIO":1.991608338451,"COMMON_ACS":10000000000,"CURRENTDEBT_DEBT":57.594448639004,"ISSUED_COMMON_SHARES":950000000,"HK_COMMON_SHARES":950000000,"PER_SHARES":500,"TOTAL_MARKET_CAP":465500000,"HKSK_MARKET_CAP":465500000,"PE_TTM":24.886444679134,"PB_TTM":0.594167778496,"REPORT_DATE_SQ":"2019-06-30 00:00:00","REPORT_TYPE_SQ":"2019年中报","OPERATE_INCOME_SQ":1686099000,"DPS_HKD":null,"OPERATE_INCOME_QOQ_SQ":4.275843785202,"NET_PROFIT_RATIO_SQ":5.2293489291,"HOLDER_PROFIT_SQ":89670000,"HOLDER_PROFIT_QOQ_SQ":-5.477869889738,"ROE_AVG_SQ":17.46213810415,"PE_TTM_SQ":16.786639938562,"PB_TTM_SQ":0.88927603792,"ROA_SQ":2.701419894856,"START_DATE":"2020-01-01 00:00:00","FISCAL_YEAR":"12-31","CURRENCY":"HKD","IS_CNY_CODE":0,"DPS_HKD_LY":null,"ORG_TYPE":"一般企业","PREMIUM_INCOME":null,"PREMIUM_INCOME_YOY":null,"NET_INTEREST_INCOME":null,"NET_INTEREST_INCOME_YOY":null,"FEE_COMMISSION_INCOME":null,"FEE_COMMISSION_INCOME_YOY":null,"ACCOUNTS_RECE_TDAYS":1.18260784463,"INVENTORY_TDAYS":0.714072286911,"CURRENT_ASSETS_TDAYS":0.343315331611,"TOTAL_ASSETS_TDAYS":0.294096148367,"PREMIUM_EXPENSE":null,"LOAN_DEPOSIT":null,"LOAN_EQUITY":null,"LOAN_ASSETS":null,"DEPOSIT_EQUITY":null,"DEPOSIT_ASSETS":null,"EQUITY_MULTIPLIER":3.919143192498,"EQUITY_RATIO":2.914428531135}],"count":17},"success":true,"message":"ok","code":0}