{"version":"50a333cf3ae3bdf46b4967c9b0a5c1ed","result":{"pages":4,"data":[{"SECUCODE":"01826.HK","SECURITY_CODE":"01826","SECURITY_NAME_ABBR":"丰展控股","ORG_CODE":"10472840","STD_REPORT_DATE":"2024-06-30 00:00:00","REPORT_DATE":"2024-06-30 00:00:00","DATE_TYPE_CODE":"002","REPORT_TYPE":"2024年中报","PER_NETCASH_OPERATE":-0.03182252045,"PER_OI":0.182435276306,"BPS":-0.003536977598,"BASIC_EPS":0.00365072,"DILUTED_EPS":0.00365072,"OPERATE_INCOME":243003788.04,"OPERATE_INCOME_YOY":294.0285917244,"GROSS_PROFIT":13220169.8,"GROSS_PROFIT_YOY":368.167009493432,"HOLDER_PROFIT":4795220.72,"HOLDER_PROFIT_YOY":142.3402369248,"GROSS_PROFIT_RATIO":5.440314287539,"EPS_TTM":-0.028144351306,"OPERATE_INCOME_QOQ":102.906961506721,"NET_PROFIT_RATIO":1.9733110988,"ROE_AVG":-67.454101938631,"GROSS_PROFIT_QOQ":280.036993093765,"ROA":2.588604523407,"HOLDER_PROFIT_QOQ":30.221066618361,"ROE_YEARLY":-134.908203877263,"ROIC_YEARLY":5.99321856027,"TOTAL_ASSETS":191116104.68,"TOTAL_LIABILITIES":195828271.52,"TAX_EBT":null,"OCF_SALES":-17.443183738775,"TOTAL_PARENT_EQUITY":-4711254.16,"DEBT_ASSET_RATIO":102.4656042712,"OPERATE_PROFIT":4923908.6,"PRETAX_PROFIT":4795220.72,"NETCASH_OPERATE":-42387597.24,"NETCASH_INVEST":10253959.8,"NETCASH_FINANCE":18311098.84,"END_CASH":18311098.84,"DIVI_RATIO":null,"DIVIDEND_RATE":null,"CURRENT_RATIO":1.001497755798,"COMMON_ACS":4000000000,"CURRENTDEBT_DEBT":95.841334054175,"ISSUED_COMMON_SHARES":1332000000,"HK_COMMON_SHARES":1332000000,"PER_SHARES":10000,"TOTAL_MARKET_CAP":71928000,"HKSK_MARKET_CAP":71928000,"PE_TTM":-1.728166070013,"PB_TTM":-13.934134056567,"REPORT_DATE_SQ":"2023-06-30 00:00:00","REPORT_TYPE_SQ":"2023年中报","OPERATE_INCOME_SQ":62300032.56,"DPS_HKD":null,"OPERATE_INCOME_QOQ_SQ":-8.053091559937,"NET_PROFIT_RATIO_SQ":-18.364115314,"HOLDER_PROFIT_SQ":-11440849.82,"HOLDER_PROFIT_QOQ_SQ":-2292.76191118535,"ROE_AVG_SQ":-29.08575245819,"PE_TTM_SQ":-2.238558993364,"PB_TTM_SQ":1.424833374475,"ROA_SQ":-6.46713015562,"START_DATE":"2024-01-01 00:00:00","FISCAL_YEAR":"12-31","CURRENCY":"HKD","IS_CNY_CODE":0,"DPS_HKD_LY":null,"ORG_TYPE":"一般企业","PREMIUM_INCOME":null,"PREMIUM_INCOME_YOY":null,"NET_INTEREST_INCOME":null,"NET_INTEREST_INCOME_YOY":null,"FEE_COMMISSION_INCOME":null,"FEE_COMMISSION_INCOME_YOY":null,"ACCOUNTS_RECE_TDAYS":3.028165890441,"INVENTORY_TDAYS":null,"CURRENT_ASSETS_TDAYS":1.337894266088,"TOTAL_ASSETS_TDAYS":1.311807613572,"PREMIUM_EXPENSE":null,"LOAN_DEPOSIT":null,"LOAN_EQUITY":null,"LOAN_ASSETS":null,"DEPOSIT_EQUITY":null,"DEPOSIT_ASSETS":null,"EQUITY_MULTIPLIER":-40.558008910055,"EQUITY_RATIO":-41.566059666796},{"SECUCODE":"01826.HK","SECURITY_CODE":"01826","SECURITY_NAME_ABBR":"丰展控股","ORG_CODE":"10472840","STD_REPORT_DATE":"2023-12-31 00:00:00","REPORT_DATE":"2023-12-31 00:00:00","DATE_TYPE_CODE":"001","REPORT_TYPE":"2023年年报","PER_NETCASH_OPERATE":-0.013447025751,"PER_OI":0.131831197913,"BPS":-0.007086477117,"BASIC_EPS":-0.0407799,"DILUTED_EPS":-0.0407799,"OPERATE_INCOME":175599155.62,"OPERATE_INCOME_YOY":-45.7458127306,"GROSS_PROFIT":-6481285.44,"GROSS_PROFIT_YOY":-198.972645808365,"HOLDER_PROFIT":-53724346.48,"HOLDER_PROFIT_YOY":-6018.0598555212,"GROSS_PROFIT_RATIO":-3.690954786836,"EPS_TTM":-0.040333593453,"OPERATE_INCOME_QOQ":-40.138578621444,"NET_PROFIT_RATIO":-30.5948774584,"ROE_AVG":-308.35327161136,"GROSS_PROFIT_QOQ":-2397.73059729786,"ROA":-28.004374207293,"HOLDER_PROFIT_QOQ":-159.397107331563,"ROE_YEARLY":-308.35327161136,"ROIC_YEARLY":-33.250138813328,"TOTAL_ASSETS":178101229.04,"TOTAL_LIABILITIES":187540416.56,"TAX_EBT":null,"OCF_SALES":-10.200184754169,"TOTAL_PARENT_EQUITY":-9439187.52,"DEBT_ASSET_RATIO":105.2999002707,"OPERATE_PROFIT":-53558508.22,"PRETAX_PROFIT":-53724346.48,"NETCASH_OPERATE":-17911438.3,"NETCASH_INVEST":-2277330.86,"NETCASH_FINANCE":23468379.34,"END_CASH":31906193.76,"DIVI_RATIO":null,"DIVIDEND_RATE":null,"CURRENT_RATIO":0.975355724602,"COMMON_ACS":4000000000,"CURRENTDEBT_DEBT":95.155304714228,"ISSUED_COMMON_SHARES":1332000000,"HK_COMMON_SHARES":1332000000,"PER_SHARES":10000,"TOTAL_MARKET_CAP":85248000,"HKSK_MARKET_CAP":85248000,"PE_TTM":-2.048196823719,"PB_TTM":-16.514529252228,"REPORT_DATE_SQ":"2022-12-31 00:00:00","REPORT_TYPE_SQ":"2022年年报","OPERATE_INCOME_SQ":319034953.58,"DPS_HKD":null,"OPERATE_INCOME_QOQ_SQ":4.650151889141,"NET_PROFIT_RATIO_SQ":-0.2713115351,"HOLDER_PROFIT_SQ":-865578.63,"HOLDER_PROFIT_QOQ_SQ":95.986634787396,"ROE_AVG_SQ":-1.964481206666,"PE_TTM_SQ":-3.788330604154,"PB_TTM_SQ":2.411256479882,"ROA_SQ":-0.414330977334,"START_DATE":"2023-01-01 00:00:00","FISCAL_YEAR":"12-31","CURRENCY":"HKD","IS_CNY_CODE":0,"DPS_HKD_LY":null,"ORG_TYPE":"一般企业","PREMIUM_INCOME":null,"PREMIUM_INCOME_YOY":null,"NET_INTEREST_INCOME":null,"NET_INTEREST_INCOME_YOY":null,"FEE_COMMISSION_INCOME":null,"FEE_COMMISSION_INCOME_YOY":null,"ACCOUNTS_RECE_TDAYS":2.363781640744,"INVENTORY_TDAYS":null,"CURRENT_ASSETS_TDAYS":0.927877605258,"TOTAL_ASSETS_TDAYS":0.915328856778,"PREMIUM_EXPENSE":null,"LOAN_DEPOSIT":null,"LOAN_EQUITY":null,"LOAN_ASSETS":null,"DEPOSIT_EQUITY":null,"DEPOSIT_ASSETS":null,"EQUITY_MULTIPLIER":-18.868279569871,"EQUITY_RATIO":-19.868279569892},{"SECUCODE":"01826.HK","SECURITY_CODE":"01826","SECURITY_NAME_ABBR":"丰展控股","ORG_CODE":"10472840","STD_REPORT_DATE":"2023-06-30 00:00:00","REPORT_DATE":"2023-06-30 00:00:00","DATE_TYPE_CODE":"002","REPORT_TYPE":"2023年中报","PER_NETCASH_OPERATE":-0.019992845586,"PER_OI":0.046771796216,"BPS":0.025236087703,"BASIC_EPS":-0.00829782,"DILUTED_EPS":-0.00829782,"OPERATE_INCOME":62300032.56,"OPERATE_INCOME_YOY":-34.3272557633,"GROSS_PROFIT":-4929827.06,"GROSS_PROFIT_YOY":-468.816287935535,"HOLDER_PROFIT":-11440849.82,"HOLDER_PROFIT_YOY":-226.2617012617,"GROSS_PROFIT_RATIO":-7.913040904517,"EPS_TTM":-0.015548975803,"OPERATE_INCOME_QOQ":-8.053091559937,"NET_PROFIT_RATIO":-18.364115314,"ROE_AVG":-29.08575245819,"GROSS_PROFIT_QOQ":-95.692591380175,"ROA":-6.46713015562,"HOLDER_PROFIT_QOQ":-2292.76191118535,"ROE_YEARLY":-58.171504916381,"ROIC_YEARLY":-14.184470125624,"TOTAL_ASSETS":144655896.06,"TOTAL_LIABILITIES":111041427.24,"TAX_EBT":null,"OCF_SALES":-42.745515894157,"TOTAL_PARENT_EQUITY":33614468.82,"DEBT_ASSET_RATIO":76.7624619974,"OPERATE_PROFIT":-11373545.28,"PRETAX_PROFIT":-11440849.82,"NETCASH_OPERATE":-26630470.32,"NETCASH_INVEST":3687.92,"NETCASH_FINANCE":-437018.52,"END_CASH":2060625.3,"DIVI_RATIO":null,"DIVIDEND_RATE":null,"CURRENT_RATIO":1.273429574068,"COMMON_ACS":4000000000,"CURRENTDEBT_DEBT":99.847224297979,"ISSUED_COMMON_SHARES":1332000000,"HK_COMMON_SHARES":1332000000,"PER_SHARES":10000,"TOTAL_MARKET_CAP":85248000,"HKSK_MARKET_CAP":85248000,"PE_TTM":-2.048196823719,"PB_TTM":-16.514529252228,"REPORT_DATE_SQ":"2022-06-30 00:00:00","REPORT_TYPE_SQ":"2022年中报","OPERATE_INCOME_SQ":87992209.48,"DPS_HKD":null,"OPERATE_INCOME_QOQ_SQ":-2.45974278441,"NET_PROFIT_RATIO_SQ":9.5517630136,"HOLDER_PROFIT_SQ":8404807.32,"HOLDER_PROFIT_QOQ_SQ":-165.782835352909,"ROE_AVG_SQ":17.959049420278,"PE_TTM_SQ":-3.788330604154,"PB_TTM_SQ":2.411256479882,"ROA_SQ":4.59855090434,"START_DATE":"2023-01-01 00:00:00","FISCAL_YEAR":"12-31","CURRENCY":"HKD","IS_CNY_CODE":0,"DPS_HKD_LY":null,"ORG_TYPE":"一般企业","PREMIUM_INCOME":null,"PREMIUM_INCOME_YOY":null,"NET_INTEREST_INCOME":null,"NET_INTEREST_INCOME_YOY":null,"FEE_COMMISSION_INCOME":null,"FEE_COMMISSION_INCOME_YOY":null,"ACCOUNTS_RECE_TDAYS":0.986618191375,"INVENTORY_TDAYS":null,"CURRENT_ASSETS_TDAYS":0.356833742155,"TOTAL_ASSETS_TDAYS":0.35216126914,"PREMIUM_EXPENSE":null,"LOAN_DEPOSIT":null,"LOAN_EQUITY":null,"LOAN_ASSETS":null,"DEPOSIT_EQUITY":null,"DEPOSIT_ASSETS":null,"EQUITY_MULTIPLIER":4.303381881024,"EQUITY_RATIO":3.303381881017},{"SECUCODE":"01826.HK","SECURITY_CODE":"01826","SECURITY_NAME_ABBR":"丰展控股","ORG_CODE":"10472840","STD_REPORT_DATE":"2022-12-31 00:00:00","REPORT_DATE":"2022-12-31 00:00:00","DATE_TYPE_CODE":"001","REPORT_TYPE":"2022年年报","PER_NETCASH_OPERATE":0.021591382072,"PER_OI":0.239515730916,"BPS":0.032772010781,"BASIC_EPS":-0.00089327,"DILUTED_EPS":-0.00089327,"OPERATE_INCOME":319034953.58,"OPERATE_INCOME_YOY":-6.5709584512,"GROSS_PROFIT":6548562.37,"GROSS_PROFIT_YOY":126.773278822255,"HOLDER_PROFIT":-865578.63,"HOLDER_PROFIT_YOY":-102.4164588529,"GROSS_PROFIT_RATIO":2.052615958382,"EPS_TTM":-0.000649833806,"OPERATE_INCOME_QOQ":4.650151889141,"NET_PROFIT_RATIO":-0.2713115351,"ROE_AVG":-1.964481206666,"GROSS_PROFIT_QOQ":157.108478177643,"ROA":-0.414330977334,"HOLDER_PROFIT_QOQ":95.986634787396,"ROE_YEARLY":-1.964481206666,"ROIC_YEARLY":-0.454416492177,"TOTAL_ASSETS":202646338.93,"TOTAL_LIABILITIES":158994020.57,"TAX_EBT":2.267002518892,"OCF_SALES":9.014598744519,"TOTAL_PARENT_EQUITY":43652318.36,"DEBT_ASSET_RATIO":78.4588665206,"OPERATE_PROFIT":-11069401.84,"PRETAX_PROFIT":-1418512.76,"NETCASH_OPERATE":28759720.92,"NETCASH_INVEST":-14948873.45,"NETCASH_FINANCE":4630711.68,"END_CASH":28217506.03,"DIVI_RATIO":null,"DIVIDEND_RATE":null,"CURRENT_RATIO":1.267599777492,"COMMON_ACS":4000000000,"CURRENTDEBT_DEBT":99.988763476805,"ISSUED_COMMON_SHARES":1332000000,"HK_COMMON_SHARES":1332000000,"PER_SHARES":10000,"TOTAL_MARKET_CAP":85248000,"HKSK_MARKET_CAP":85248000,"PE_TTM":-2.048196823719,"PB_TTM":-16.514529252228,"REPORT_DATE_SQ":"2021-12-31 00:00:00","REPORT_TYPE_SQ":"2021年年报","OPERATE_INCOME_SQ":312546404.8,"DPS_HKD":null,"OPERATE_INCOME_QOQ_SQ":-5.327520276173,"NET_PROFIT_RATIO_SQ":10.8375428032,"HOLDER_PROFIT_SQ":32785760,"HOLDER_PROFIT_QOQ_SQ":162.08229703778,"ROE_AVG_SQ":103.942559423521,"PE_TTM_SQ":-3.788330604154,"PB_TTM_SQ":2.411256479882,"ROA_SQ":12.377612880125,"START_DATE":"2022-01-01 00:00:00","FISCAL_YEAR":"12-31","CURRENCY":"HKD","IS_CNY_CODE":0,"DPS_HKD_LY":null,"ORG_TYPE":"一般企业","PREMIUM_INCOME":null,"PREMIUM_INCOME_YOY":null,"NET_INTEREST_INCOME":null,"NET_INTEREST_INCOME_YOY":null,"FEE_COMMISSION_INCOME":null,"FEE_COMMISSION_INCOME_YOY":null,"ACCOUNTS_RECE_TDAYS":3.510078525027,"INVENTORY_TDAYS":null,"CURRENT_ASSETS_TDAYS":1.542338809802,"TOTAL_ASSETS_TDAYS":1.527141030739,"PREMIUM_EXPENSE":null,"LOAN_DEPOSIT":null,"LOAN_EQUITY":null,"LOAN_ASSETS":null,"DEPOSIT_EQUITY":null,"DEPOSIT_ASSETS":null,"EQUITY_MULTIPLIER":4.642281247439,"EQUITY_RATIO":3.642281247442},{"SECUCODE":"01826.HK","SECURITY_CODE":"01826","SECURITY_NAME_ABBR":"丰展控股","ORG_CODE":"10472840","STD_REPORT_DATE":"2022-06-30 00:00:00","REPORT_DATE":"2022-06-30 00:00:00","DATE_TYPE_CODE":"002","REPORT_TYPE":"2022年中报","PER_NETCASH_OPERATE":0.006813912515,"PER_OI":0.066060217327,"BPS":0.038306990503,"BASIC_EPS":0.00598633,"DILUTED_EPS":0.00598633,"OPERATE_INCOME":87992209.48,"OPERATE_INCOME_YOY":-10.5201367087,"GROSS_PROFIT":1336661.97,"GROSS_PROFIT_YOY":111.467807004922,"HOLDER_PROFIT":8404807.32,"HOLDER_PROFIT_YOY":-86.9694920648,"GROSS_PROFIT_RATIO":1.519068537884,"EPS_TTM":-0.016191743634,"OPERATE_INCOME_QOQ":-2.45974278441,"NET_PROFIT_RATIO":9.5517630136,"ROE_AVG":17.959049420278,"GROSS_PROFIT_QOQ":53.118556689651,"ROA":4.59855090434,"HOLDER_PROFIT_QOQ":-165.782835352909,"ROE_YEARLY":35.918098840556,"ROIC_YEARLY":9.763390761635,"TOTAL_ASSETS":159540825.64,"TOTAL_LIABILITIES":108515914.29,"TAX_EBT":null,"OCF_SALES":10.314698907592,"TOTAL_PARENT_EQUITY":51024911.35,"DEBT_ASSET_RATIO":68.0176461759,"OPERATE_PROFIT":-1359752.1,"PRETAX_PROFIT":7906231.55,"NETCASH_OPERATE":9076131.47,"NETCASH_INVEST":-14056758.03,"NETCASH_FINANCE":8551900,"END_CASH":12930472.8,"DIVI_RATIO":null,"DIVIDEND_RATE":null,"CURRENT_RATIO":1.453770367563,"COMMON_ACS":4000000000,"CURRENTDEBT_DEBT":99.827410927489,"ISSUED_COMMON_SHARES":1332000000,"HK_COMMON_SHARES":1332000000,"PER_SHARES":10000,"TOTAL_MARKET_CAP":85248000,"HKSK_MARKET_CAP":85248000,"PE_TTM":-2.048196823719,"PB_TTM":-16.514529252228,"REPORT_DATE_SQ":"2021-06-30 00:00:00","REPORT_TYPE_SQ":"2021年中报","OPERATE_INCOME_SQ":95680047.12,"DPS_HKD":null,"OPERATE_INCOME_QOQ_SQ":-17.222112831614,"NET_PROFIT_RATIO_SQ":62.317616778,"HOLDER_PROFIT_SQ":62757969.84,"HOLDER_PROFIT_QOQ_SQ":74.392224703373,"ROE_AVG_SQ":134.271523178808,"PE_TTM_SQ":-3.788330604154,"PB_TTM_SQ":2.411256479882,"ROA_SQ":22.243390581293,"START_DATE":"2022-01-01 00:00:00","FISCAL_YEAR":"12-31","CURRENCY":"HKD","IS_CNY_CODE":0,"DPS_HKD_LY":null,"ORG_TYPE":"一般企业","PREMIUM_INCOME":null,"PREMIUM_INCOME_YOY":null,"NET_INTEREST_INCOME":null,"NET_INTEREST_INCOME_YOY":null,"FEE_COMMISSION_INCOME":null,"FEE_COMMISSION_INCOME_YOY":null,"ACCOUNTS_RECE_TDAYS":0.940133767041,"INVENTORY_TDAYS":null,"CURRENT_ASSETS_TDAYS":0.487999449832,"TOTAL_ASSETS_TDAYS":0.481434777828,"PREMIUM_EXPENSE":null,"LOAN_DEPOSIT":null,"LOAN_EQUITY":null,"LOAN_ASSETS":null,"DEPOSIT_EQUITY":null,"DEPOSIT_ASSETS":null,"EQUITY_MULTIPLIER":3.126724210169,"EQUITY_RATIO":2.126724210173},{"SECUCODE":"01826.HK","SECURITY_CODE":"01826","SECURITY_NAME_ABBR":"丰展控股","ORG_CODE":"10472840","STD_REPORT_DATE":"2021-12-31 00:00:00","REPORT_DATE":"2021-12-31 00:00:00","DATE_TYPE_CODE":"001","REPORT_TYPE":"2021年年报","PER_NETCASH_OPERATE":-0.018211855856,"PER_OI":0.234644448048,"BPS":0.030558106907,"BASIC_EPS":0.024528,"DILUTED_EPS":0.024528,"OPERATE_INCOME":312546404.8,"OPERATE_INCOME_YOY":-7.1837517603,"GROSS_PROFIT":-24459321.6,"GROSS_PROFIT_YOY":-221.121556676638,"HOLDER_PROFIT":32785760,"HOLDER_PROFIT_YOY":116.3653430192,"GROSS_PROFIT_RATIO":-7.825820813921,"EPS_TTM":0.024613933934,"OPERATE_INCOME_QOQ":-5.327520276173,"NET_PROFIT_RATIO":10.8375428032,"ROE_AVG":103.942559423521,"GROSS_PROFIT_QOQ":-2312.8630657193,"ROA":12.377612880125,"HOLDER_PROFIT_QOQ":162.08229703778,"ROE_YEARLY":103.942559423521,"ROIC_YEARLY":12.544833702744,"TOTAL_ASSETS":196945940.8,"TOTAL_LIABILITIES":156143612.8,"TAX_EBT":null,"OCF_SALES":-7.761468897882,"TOTAL_PARENT_EQUITY":40703398.4,"DEBT_ASSET_RATIO":79.2824732339,"OPERATE_PROFIT":-52771992,"PRETAX_PROFIT":-53005008,"NETCASH_OPERATE":-24258192,"NETCASH_INVEST":22598464,"NETCASH_FINANCE":-8610145.6,"END_CASH":8947814.4,"DIVI_RATIO":null,"DIVIDEND_RATE":null,"CURRENT_RATIO":1.24828945294,"COMMON_ACS":4000000000,"CURRENTDEBT_DEBT":99.639749081046,"ISSUED_COMMON_SHARES":1332000000,"HK_COMMON_SHARES":1332000000,"PER_SHARES":10000,"TOTAL_MARKET_CAP":85248000,"HKSK_MARKET_CAP":85248000,"PE_TTM":-2.048196823719,"PB_TTM":-16.514529252228,"REPORT_DATE_SQ":"2020-12-31 00:00:00","REPORT_TYPE_SQ":"2020年年报","OPERATE_INCOME_SQ":346637850.4,"DPS_HKD":null,"OPERATE_INCOME_QOQ_SQ":-49.507769345455,"NET_PROFIT_RATIO_SQ":-90.6444941544,"HOLDER_PROFIT_SQ":-206227049.2,"HOLDER_PROFIT_QOQ_SQ":-39.376082750478,"ROE_AVG_SQ":-171.574617067834,"PE_TTM_SQ":-3.788330604154,"PB_TTM_SQ":2.411256479882,"ROA_SQ":-35.374862668497,"START_DATE":"2021-01-01 00:00:00","FISCAL_YEAR":"12-31","CURRENCY":"HKD","IS_CNY_CODE":0,"DPS_HKD_LY":null,"ORG_TYPE":"一般企业","PREMIUM_INCOME":null,"PREMIUM_INCOME_YOY":null,"NET_INTEREST_INCOME":null,"NET_INTEREST_INCOME_YOY":null,"FEE_COMMISSION_INCOME":null,"FEE_COMMISSION_INCOME_YOY":null,"ACCOUNTS_RECE_TDAYS":2.182695931209,"INVENTORY_TDAYS":null,"CURRENT_ASSETS_TDAYS":1.225444106602,"TOTAL_ASSETS_TDAYS":1.179956909856,"PREMIUM_EXPENSE":null,"LOAN_DEPOSIT":null,"LOAN_EQUITY":null,"LOAN_ASSETS":null,"DEPOSIT_EQUITY":null,"DEPOSIT_ASSETS":null,"EQUITY_MULTIPLIER":4.826830978861,"EQUITY_RATIO":3.836132090632},{"SECUCODE":"01826.HK","SECURITY_CODE":"01826","SECURITY_NAME_ABBR":"丰展控股","ORG_CODE":"10472840","STD_REPORT_DATE":"2021-06-30 00:00:00","REPORT_DATE":"2021-06-30 00:00:00","DATE_TYPE_CODE":"002","REPORT_TYPE":"2021年中报","PER_NETCASH_OPERATE":-0.012170107027,"PER_OI":0.071831867207,"BPS":0.053079457658,"BASIC_EPS":0.04742856,"DILUTED_EPS":0.04742856,"OPERATE_INCOME":95680047.12,"OPERATE_INCOME_YOY":-34.273821277,"GROSS_PROFIT":-11655776.64,"GROSS_PROFIT_YOY":38.822950494717,"HOLDER_PROFIT":62757969.84,"HOLDER_PROFIT_YOY":175.9929471033,"GROSS_PROFIT_RATIO":-9.286218851747,"EPS_TTM":-0.039647266787,"OPERATE_INCOME_QOQ":-17.222112831614,"NET_PROFIT_RATIO":62.317616778,"ROE_AVG":134.271523178808,"GROSS_PROFIT_QOQ":113.110698362852,"ROA":22.243390581293,"HOLDER_PROFIT_QOQ":74.392224703373,"ROE_YEARLY":268.543046357616,"ROIC_YEARLY":46.21514432467,"TOTAL_ASSETS":225576888,"TOTAL_LIABILITIES":154775200.8,"TAX_EBT":null,"OCF_SALES":-15.818319110758,"TOTAL_PARENT_EQUITY":70701837.6,"DEBT_ASSET_RATIO":68.6130579122,"OPERATE_PROFIT":-24459823.68,"PRETAX_PROFIT":-24594620.64,"NETCASH_OPERATE":-16210582.56,"NETCASH_INVEST":23121006.96,"NETCASH_FINANCE":-4558966.32,"END_CASH":21864566.16,"DIVI_RATIO":null,"DIVIDEND_RATE":null,"CURRENT_RATIO":1.464005464481,"COMMON_ACS":4000000000,"CURRENTDEBT_DEBT":98.381807429708,"ISSUED_COMMON_SHARES":1332000000,"HK_COMMON_SHARES":1332000000,"PER_SHARES":10000,"TOTAL_MARKET_CAP":85248000,"HKSK_MARKET_CAP":85248000,"PE_TTM":-2.048196823719,"PB_TTM":-16.514529252228,"REPORT_DATE_SQ":"2020-06-30 00:00:00","REPORT_TYPE_SQ":"2020年中报","OPERATE_INCOME_SQ":171164954.4,"DPS_HKD":null,"OPERATE_INCOME_QOQ_SQ":-31.820537731661,"NET_PROFIT_RATIO_SQ":-71.5307073195,"HOLDER_PROFIT_SQ":-90658920,"HOLDER_PROFIT_QOQ_SQ":-903.089500586609,"ROE_AVG_SQ":-48.017145870526,"PE_TTM_SQ":-3.788330604154,"PB_TTM_SQ":2.411256479882,"ROA_SQ":-11.91630372467,"START_DATE":"2021-01-01 00:00:00","FISCAL_YEAR":"12-31","CURRENCY":"HKD","IS_CNY_CODE":0,"DPS_HKD_LY":null,"ORG_TYPE":"一般企业","PREMIUM_INCOME":null,"PREMIUM_INCOME_YOY":null,"NET_INTEREST_INCOME":null,"NET_INTEREST_INCOME_YOY":null,"FEE_COMMISSION_INCOME":null,"FEE_COMMISSION_INCOME_YOY":null,"ACCOUNTS_RECE_TDAYS":0.61559093014,"INVENTORY_TDAYS":null,"CURRENT_ASSETS_TDAYS":0.376484290101,"TOTAL_ASSETS_TDAYS":0.363220533177,"PREMIUM_EXPENSE":null,"LOAN_DEPOSIT":null,"LOAN_EQUITY":null,"LOAN_ASSETS":null,"DEPOSIT_EQUITY":null,"DEPOSIT_ASSETS":null,"EQUITY_MULTIPLIER":3.186038312374,"EQUITY_RATIO":2.189125573732},{"SECUCODE":"01826.HK","SECURITY_CODE":"01826","SECURITY_NAME_ABBR":"丰展控股","ORG_CODE":"10472840","STD_REPORT_DATE":"2020-12-31 00:00:00","REPORT_DATE":"2020-12-31 00:00:00","DATE_TYPE_CODE":"001","REPORT_TYPE":"2020年年报","PER_NETCASH_OPERATE":-0.062827288649,"PER_OI":0.260238626426,"BPS":0.017296586607,"BASIC_EPS":-0.15486176,"DILUTED_EPS":-0.15486176,"OPERATE_INCOME":346637850.4,"OPERATE_INCOME_YOY":-63.3601975732,"GROSS_PROFIT":-7616842,"GROSS_PROFIT_YOY":-101.452086679044,"HOLDER_PROFIT":-206227049.2,"HOLDER_PROFIT_YOY":-1291.3166083236,"GROSS_PROFIT_RATIO":-2.113915502469,"EPS_TTM":-0.154825112012,"OPERATE_INCOME_QOQ":-49.507769345455,"NET_PROFIT_RATIO":-90.6444941544,"ROE_AVG":-171.574617067834,"GROSS_PROFIT_QOQ":-104.272858608681,"ROA":-35.374862668497,"HOLDER_PROFIT_QOQ":-39.376082750478,"ROE_YEARLY":-171.574617067834,"ROIC_YEARLY":-46.878108881644,"TOTAL_ASSETS":342598820.04,"TOTAL_LIABILITIES":340649581.8,"TAX_EBT":-1.12888844025,"OCF_SALES":-20.983412822353,"TOTAL_PARENT_EQUITY":23039053.36,"DEBT_ASSET_RATIO":99.4310435045,"OPERATE_PROFIT":-48438906.92,"PRETAX_PROFIT":-50026239.96,"NETCASH_OPERATE":-83685948.48,"NETCASH_INVEST":7578968.2,"NETCASH_FINANCE":-50712176.56,"END_CASH":20218717.72,"DIVI_RATIO":null,"DIVIDEND_RATE":null,"CURRENT_RATIO":0.958283623737,"COMMON_ACS":4000000000,"CURRENTDEBT_DEBT":99.61210144659,"ISSUED_COMMON_SHARES":1332000000,"HK_COMMON_SHARES":1332000000,"PER_SHARES":10000,"TOTAL_MARKET_CAP":85248000,"HKSK_MARKET_CAP":85248000,"PE_TTM":-2.048196823719,"PB_TTM":-16.514529252228,"REPORT_DATE_SQ":"2019-12-31 00:00:00","REPORT_TYPE_SQ":"2019年年报","OPERATE_INCOME_SQ":1158506003.54,"DPS_HKD":null,"OPERATE_INCOME_QOQ_SQ":32.562895301283,"NET_PROFIT_RATIO_SQ":9.0139666727,"HOLDER_PROFIT_SQ":18424403.04,"HOLDER_PROFIT_QOQ_SQ":-81.901053163165,"ROE_AVG_SQ":10.408248466064,"PE_TTM_SQ":-3.788330604154,"PB_TTM_SQ":2.411256479882,"ROA_SQ":2.838267205305,"START_DATE":"2020-01-01 00:00:00","FISCAL_YEAR":"12-31","CURRENCY":"HKD","IS_CNY_CODE":0,"DPS_HKD_LY":null,"ORG_TYPE":"一般企业","PREMIUM_INCOME":null,"PREMIUM_INCOME_YOY":null,"NET_INTEREST_INCOME":null,"NET_INTEREST_INCOME_YOY":null,"FEE_COMMISSION_INCOME":null,"FEE_COMMISSION_INCOME_YOY":null,"ACCOUNTS_RECE_TDAYS":1.115454980019,"INVENTORY_TDAYS":null,"CURRENT_ASSETS_TDAYS":0.742678963672,"TOTAL_ASSETS_TDAYS":0.68410939167,"PREMIUM_EXPENSE":null,"LOAN_DEPOSIT":null,"LOAN_EQUITY":null,"LOAN_ASSETS":null,"DEPOSIT_EQUITY":null,"DEPOSIT_ASSETS":null,"EQUITY_MULTIPLIER":175.760362683127,"EQUITY_RATIO":14.785745598013},{"SECUCODE":"01826.HK","SECURITY_CODE":"01826","SECURITY_NAME_ABBR":"丰展控股","ORG_CODE":"10472840","STD_REPORT_DATE":"2020-06-30 00:00:00","REPORT_DATE":"2020-06-30 00:00:00","DATE_TYPE_CODE":"002","REPORT_TYPE":"2020年中报","PER_NETCASH_OPERATE":-0.080053552432,"PER_OI":0.128502218018,"BPS":0.106391758198,"BASIC_EPS":-0.068508,"DILUTED_EPS":-0.068508,"OPERATE_INCOME":171164954.4,"OPERATE_INCOME_YOY":-66.6725962266,"GROSS_PROFIT":-19052531.52,"GROSS_PROFIT_YOY":-106.122694972784,"HOLDER_PROFIT":-90658920,"HOLDER_PROFIT_YOY":-215.2863282611,"GROSS_PROFIT_RATIO":-8.230601036609,"EPS_TTM":-0.111084419189,"OPERATE_INCOME_QOQ":-31.820537731661,"NET_PROFIT_RATIO":-71.5307073195,"ROE_AVG":-48.017145870526,"GROSS_PROFIT_QOQ":-62.384822637903,"ROA":-11.91630372467,"HOLDER_PROFIT_QOQ":-903.089500586609,"ROE_YEARLY":-96.034291741051,"ROIC_YEARLY":-34.017219396499,"TOTAL_ASSETS":628000961.28,"TOTAL_LIABILITIES":380931883.2,"TAX_EBT":9.538083886043,"OCF_SALES":-54.656547164776,"TOTAL_PARENT_EQUITY":141713821.92,"DEBT_ASSET_RATIO":60.6578503357,"OPERATE_PROFIT":-153442391.52,"PRETAX_PROFIT":-154798849.92,"NETCASH_OPERATE":-106631331.84,"NETCASH_INVEST":6572200.8,"NETCASH_FINANCE":-10478983.68,"END_CASH":38443949.28,"DIVI_RATIO":null,"DIVIDEND_RATE":null,"CURRENT_RATIO":1.462125809315,"COMMON_ACS":4000000000,"CURRENTDEBT_DEBT":95.627173105052,"ISSUED_COMMON_SHARES":1332000000,"HK_COMMON_SHARES":1332000000,"PER_SHARES":10000,"TOTAL_MARKET_CAP":85248000,"HKSK_MARKET_CAP":85248000,"PE_TTM":-2.048196823719,"PB_TTM":-16.514529252228,"REPORT_DATE_SQ":"2019-06-30 00:00:00","REPORT_TYPE_SQ":"2019年中报","OPERATE_INCOME_SQ":563736268.62,"DPS_HKD":null,"OPERATE_INCOME_QOQ_SQ":53.792664781265,"NET_PROFIT_RATIO_SQ":28.4267785169,"HOLDER_PROFIT_SQ":75729929.4,"HOLDER_PROFIT_QOQ_SQ":262.421534621369,"ROE_AVG_SQ":50.139048645186,"PE_TTM_SQ":-3.788330604154,"PB_TTM_SQ":2.411256479882,"ROA_SQ":13.63736088791,"START_DATE":"2020-01-01 00:00:00","FISCAL_YEAR":"12-31","CURRENCY":"HKD","IS_CNY_CODE":0,"DPS_HKD_LY":null,"ORG_TYPE":"一般企业","PREMIUM_INCOME":null,"PREMIUM_INCOME_YOY":null,"NET_INTEREST_INCOME":null,"NET_INTEREST_INCOME_YOY":null,"FEE_COMMISSION_INCOME":null,"FEE_COMMISSION_INCOME_YOY":null,"ACCOUNTS_RECE_TDAYS":0.425441822871,"INVENTORY_TDAYS":null,"CURRENT_ASSETS_TDAYS":0.29003119199,"TOTAL_ASSETS_TDAYS":0.256432852979,"PREMIUM_EXPENSE":null,"LOAN_DEPOSIT":null,"LOAN_EQUITY":null,"LOAN_ASSETS":null,"DEPOSIT_EQUITY":null,"DEPOSIT_ASSETS":null,"EQUITY_MULTIPLIER":2.541803151411,"EQUITY_RATIO":2.688036198862}],"count":29},"success":true,"message":"ok","code":0}