{"version":"1008443ebfd175b9d25b352312dd622b","result":{"pages":5,"data":[{"SECUCODE":"01822.HK","SECURITY_CODE":"01822","SECURITY_NAME_ABBR":"中木国际","ORG_CODE":"10135515","STD_REPORT_DATE":"2024-06-30 00:00:00","REPORT_DATE":"2024-06-30 00:00:00","DATE_TYPE_CODE":"002","REPORT_TYPE":"2024年中报","PER_NETCASH_OPERATE":-0.011362918506,"PER_OI":0.466260464307,"BPS":-0.048833407738,"BASIC_EPS":-0.006297492,"DILUTED_EPS":-0.006297492,"OPERATE_INCOME":159801141.2,"OPERATE_INCOME_YOY":71.2220929209,"GROSS_PROFIT":14163880.92,"GROSS_PROFIT_YOY":-30.502329548232,"HOLDER_PROFIT":-2154837.48,"HOLDER_PROFIT_YOY":95.943995877,"GROSS_PROFIT_RATIO":8.863441658576,"EPS_TTM":3.32538005932,"OPERATE_INCOME_QOQ":22.35568765316,"NET_PROFIT_RATIO":-1.3484493689,"ROE_AVG":5.508889822204,"GROSS_PROFIT_QOQ":-17.692662031876,"ROA":-2.14449207964,"HOLDER_PROFIT_QOQ":4.733873505265,"ROE_YEARLY":11.017779644407,"ROIC_YEARLY":-4.372849807148,"TOTAL_ASSETS":83869815.92,"TOTAL_LIABILITIES":124032299.32,"TAX_EBT":-327.717391304348,"OCF_SALES":-2.437032383346,"TOTAL_PARENT_EQUITY":-40162483.4,"DEBT_ASSET_RATIO":147.8866955405,"OPERATE_PROFIT":589591.28,"PRETAX_PROFIT":-503799.36,"NETCASH_OPERATE":-3894405.56,"NETCASH_INVEST":null,"NETCASH_FINANCE":1268625.2,"END_CASH":639788.68,"DIVI_RATIO":null,"DIVIDEND_RATE":null,"CURRENT_RATIO":0.520723957969,"COMMON_ACS":2000000000,"CURRENTDEBT_DEBT":94.607760174836,"ISSUED_COMMON_SHARES":822438680,"HK_COMMON_SHARES":822438680,"PER_SHARES":30000,"TOTAL_MARKET_CAP":205609670,"HKSK_MARKET_CAP":205609670,"PE_TTM":0.163617031605,"PB_TTM":-4.672416089081,"REPORT_DATE_SQ":"2023-06-30 00:00:00","REPORT_TYPE_SQ":"2023年中报","OPERATE_INCOME_SQ":94280752.82,"DPS_HKD":null,"OPERATE_INCOME_QOQ_SQ":40.37854370805,"NET_PROFIT_RATIO_SQ":-56.9240849216,"HOLDER_PROFIT_SQ":-53668455.8,"HOLDER_PROFIT_QOQ_SQ":-0.337446883573,"ROE_AVG_SQ":4.087337434246,"PE_TTM_SQ":-0.586399401845,"PB_TTM_SQ":-0.058916993115,"ROA_SQ":-30.093496113591,"START_DATE":"2024-01-01 00:00:00","FISCAL_YEAR":"12-31","CURRENCY":"HKD","IS_CNY_CODE":0,"DPS_HKD_LY":null,"ORG_TYPE":"一般企业","PREMIUM_INCOME":null,"PREMIUM_INCOME_YOY":null,"NET_INTEREST_INCOME":null,"NET_INTEREST_INCOME_YOY":null,"FEE_COMMISSION_INCOME":null,"FEE_COMMISSION_INCOME_YOY":null,"ACCOUNTS_RECE_TDAYS":39.399189918992,"INVENTORY_TDAYS":84.095388669302,"CURRENT_ASSETS_TDAYS":2.147842834186,"TOTAL_ASSETS_TDAYS":1.590339340212,"PREMIUM_EXPENSE":null,"LOAN_DEPOSIT":null,"LOAN_EQUITY":null,"LOAN_ASSETS":null,"DEPOSIT_EQUITY":null,"DEPOSIT_ASSETS":null,"EQUITY_MULTIPLIER":-2.088262697421,"EQUITY_RATIO":-3.088262697421},{"SECUCODE":"01822.HK","SECURITY_CODE":"01822","SECURITY_NAME_ABBR":"中木国际","ORG_CODE":"10135515","STD_REPORT_DATE":"2023-12-31 00:00:00","REPORT_DATE":"2023-12-31 00:00:00","DATE_TYPE_CODE":"001","REPORT_TYPE":"2023年年报","PER_NETCASH_OPERATE":0.00552040895,"PER_OI":0.085513985006,"BPS":-0.091920147579,"BASIC_EPS":0.5981052,"DILUTED_EPS":null,"OPERATE_INCOME":293081516.42,"OPERATE_INCOME_YOY":122.4621331976,"GROSS_PROFIT":35135961.84,"GROSS_PROFIT_YOY":63.130761355193,"HOLDER_PROFIT":1088191694.66,"HOLDER_PROFIT_YOY":899.8261541433,"GROSS_PROFIT_RATIO":11.988460503817,"EPS_TTM":0.317507597879,"OPERATE_INCOME_QOQ":60.770461589099,"NET_PROFIT_RATIO":371.2931842145,"ROE_AVG":-167.274092430964,"GROSS_PROFIT_QOQ":-4.700522070261,"ROA":740.201508384882,"HOLDER_PROFIT_QOQ":908.692563156446,"ROE_YEARLY":-167.274092430964,"ROIC_YEARLY":737.360724340887,"TOTAL_ASSETS":116266213.56,"TOTAL_LIABILITIES":154065555.98,"TAX_EBT":0.030636770285,"OCF_SALES":6.455562735961,"TOTAL_PARENT_EQUITY":-37799342.42,"DEBT_ASSET_RATIO":132.5110290106,"OPERATE_PROFIT":-3126459,"PRETAX_PROFIT":1088525183.62,"NETCASH_OPERATE":18920061.16,"NETCASH_INVEST":-290896.62,"NETCASH_FINANCE":-19046025.74,"END_CASH":3191706.84,"DIVI_RATIO":null,"DIVIDEND_RATE":null,"CURRENT_RATIO":0.599485912505,"COMMON_ACS":2000000000,"CURRENTDEBT_DEBT":94.279714603345,"ISSUED_COMMON_SHARES":411219340,"HK_COMMON_SHARES":411219340,"PER_SHARES":30000,"TOTAL_MARKET_CAP":166543832.7,"HKSK_MARKET_CAP":166543832.7,"PE_TTM":0.1325297956,"PB_TTM":-3.784657032155,"REPORT_DATE_SQ":"2022-12-31 00:00:00","REPORT_TYPE_SQ":"2022年年报","OPERATE_INCOME_SQ":129861806.06,"DPS_HKD":null,"OPERATE_INCOME_QOQ_SQ":22.987523164308,"NET_PROFIT_RATIO_SQ":-103.4558186246,"HOLDER_PROFIT_SQ":-134109304.91,"HOLDER_PROFIT_QOQ_SQ":40.163254954211,"ROE_AVG_SQ":11.330771074017,"PE_TTM_SQ":-0.774047210436,"PB_TTM_SQ":-0.077770430912,"ROA_SQ":-71.356497313431,"START_DATE":"2023-01-01 00:00:00","FISCAL_YEAR":"12-31","CURRENCY":"HKD","IS_CNY_CODE":0,"DPS_HKD_LY":null,"ORG_TYPE":"一般企业","PREMIUM_INCOME":null,"PREMIUM_INCOME_YOY":null,"NET_INTEREST_INCOME":null,"NET_INTEREST_INCOME_YOY":null,"FEE_COMMISSION_INCOME":null,"FEE_COMMISSION_INCOME_YOY":null,"ACCOUNTS_RECE_TDAYS":8.746984367393,"INVENTORY_TDAYS":33.871482120545,"CURRENT_ASSETS_TDAYS":2.786248427727,"TOTAL_ASSETS_TDAYS":1.993576881706,"PREMIUM_EXPENSE":null,"LOAN_DEPOSIT":null,"LOAN_EQUITY":null,"LOAN_ASSETS":null,"DEPOSIT_EQUITY":null,"DEPOSIT_ASSETS":null,"EQUITY_MULTIPLIER":-3.075879264461,"EQUITY_RATIO":-4.075879264463},{"SECUCODE":"01822.HK","SECURITY_CODE":"01822","SECURITY_NAME_ABBR":"中木国际","ORG_CODE":"10135515","STD_REPORT_DATE":"2023-06-30 00:00:00","REPORT_DATE":"2023-06-30 00:00:00","DATE_TYPE_CODE":"002","REPORT_TYPE":"2023年中报","PER_NETCASH_OPERATE":0.08785071714,"PER_OI":0.275213727222,"BPS":-3.260608735523,"BASIC_EPS":-1.56644402,"DILUTED_EPS":-1.56644402,"OPERATE_INCOME":94280752.82,"OPERATE_INCOME_YOY":108.990394441,"GROSS_PROFIT":20380367.9,"GROSS_PROFIT_YOY":303.579877011154,"HOLDER_PROFIT":-53668455.8,"HOLDER_PROFIT_YOY":6.4553971749,"GROSS_PROFIT_RATIO":21.616679216499,"EPS_TTM":-0.392797765002,"OPERATE_INCOME_QOQ":40.37854370805,"NET_PROFIT_RATIO":-56.9240849216,"ROE_AVG":4.087337434246,"GROSS_PROFIT_QOQ":71.176972737945,"ROA":-30.093496113591,"HOLDER_PROFIT_QOQ":-0.337446883573,"ROE_YEARLY":8.174674868492,"ROIC_YEARLY":-65.922803163071,"TOTAL_ASSETS":175827117.88,"TOTAL_LIABILITIES":1528038021.12,"TAX_EBT":-9.001366964403,"OCF_SALES":31.920906717257,"TOTAL_PARENT_EQUITY":-1340825372.22,"DEBT_ASSET_RATIO":869.0570826298,"OPERATE_PROFIT":10431281.72,"PRETAX_PROFIT":-49236497.94,"NETCASH_OPERATE":30095271.16,"NETCASH_INVEST":-149360.76,"NETCASH_FINANCE":15208982.08,"END_CASH":46819066.38,"DIVI_RATIO":null,"DIVIDEND_RATE":null,"CURRENT_RATIO":0.083472670446,"COMMON_ACS":2000000000,"CURRENTDEBT_DEBT":99.633570339049,"ISSUED_COMMON_SHARES":411219340,"HK_COMMON_SHARES":411219340,"PER_SHARES":30000,"TOTAL_MARKET_CAP":166543832.7,"HKSK_MARKET_CAP":166543832.7,"PE_TTM":0.1325297956,"PB_TTM":-3.784657032155,"REPORT_DATE_SQ":"2022-06-30 00:00:00","REPORT_TYPE_SQ":"2022年中报","OPERATE_INCOME_SQ":41844446.7,"DPS_HKD":null,"OPERATE_INCOME_QOQ_SQ":11.268117656485,"NET_PROFIT_RATIO_SQ":-127.7457592479,"HOLDER_PROFIT_SQ":-53215908.13,"HOLDER_PROFIT_QOQ_SQ":0.154471607338,"ROE_AVG_SQ":4.846341451068,"PE_TTM_SQ":-0.774047210436,"PB_TTM_SQ":-0.077770430912,"ROA_SQ":-29.54411652993,"START_DATE":"2023-01-01 00:00:00","FISCAL_YEAR":"12-31","CURRENCY":"HKD","IS_CNY_CODE":0,"DPS_HKD_LY":null,"ORG_TYPE":"一般企业","PREMIUM_INCOME":null,"PREMIUM_INCOME_YOY":null,"NET_INTEREST_INCOME":null,"NET_INTEREST_INCOME_YOY":null,"FEE_COMMISSION_INCOME":null,"FEE_COMMISSION_INCOME_YOY":null,"ACCOUNTS_RECE_TDAYS":1.828567852225,"INVENTORY_TDAYS":6.428262089983,"CURRENT_ASSETS_TDAYS":0.746699477174,"TOTAL_ASSETS_TDAYS":0.528660164762,"PREMIUM_EXPENSE":null,"LOAN_DEPOSIT":null,"LOAN_EQUITY":null,"LOAN_ASSETS":null,"DEPOSIT_EQUITY":null,"DEPOSIT_ASSETS":null,"EQUITY_MULTIPLIER":-0.130029359665,"EQUITY_RATIO":-1.13962493012},{"SECUCODE":"01822.HK","SECURITY_CODE":"01822","SECURITY_NAME_ABBR":"中木国际","ORG_CODE":"10135515","STD_REPORT_DATE":"2022-12-31 00:00:00","REPORT_DATE":"2022-12-31 00:00:00","DATE_TYPE_CODE":"001","REPORT_TYPE":"2022年年报","PER_NETCASH_OPERATE":-0.101493003604,"PER_OI":0.379077919942,"BPS":-3.028155838682,"BASIC_EPS":-0.3930388,"DILUTED_EPS":null,"OPERATE_INCOME":129861806.06,"OPERATE_INCOME_YOY":25.253517365,"GROSS_PROFIT":21538526.24,"GROSS_PROFIT_YOY":82.738614249008,"HOLDER_PROFIT":-134109304.91,"HOLDER_PROFIT_YOY":45.3167000546,"GROSS_PROFIT_RATIO":16.585728239486,"EPS_TTM":-0.391476738947,"OPERATE_INCOME_QOQ":22.987523164308,"NET_PROFIT_RATIO":-103.4558186246,"ROE_AVG":11.330771074017,"GROSS_PROFIT_QOQ":58.472816139961,"ROA":-71.356497313431,"HOLDER_PROFIT_QOQ":40.163254954211,"ROE_YEARLY":11.330771074017,"ROIC_YEARLY":-69.689275502247,"TOTAL_ASSETS":175219376.85,"TOTAL_LIABILITIES":1428344982.89,"TAX_EBT":-2.671190328284,"OCF_SALES":-26.773652134436,"TOTAL_PARENT_EQUITY":-1245236245.4,"DEBT_ASSET_RATIO":815.1752440672,"OPERATE_PROFIT":-29255485.77,"PRETAX_PROFIT":-130854229.03,"NETCASH_OPERATE":-34647263.49,"NETCASH_INVEST":-7748223.98,"NETCASH_FINANCE":46986002,"END_CASH":3626676.2,"DIVI_RATIO":null,"DIVIDEND_RATE":null,"CURRENT_RATIO":0.085434127939,"COMMON_ACS":2000000000,"CURRENTDEBT_DEBT":99.597562737374,"ISSUED_COMMON_SHARES":411219340,"HK_COMMON_SHARES":411219340,"PER_SHARES":30000,"TOTAL_MARKET_CAP":166543832.7,"HKSK_MARKET_CAP":166543832.7,"PE_TTM":0.1325297956,"PB_TTM":-3.784657032155,"REPORT_DATE_SQ":"2021-12-31 00:00:00","REPORT_TYPE_SQ":"2021年年报","OPERATE_INCOME_SQ":94896379.2,"DPS_HKD":null,"OPERATE_INCOME_QOQ_SQ":122.151155694351,"NET_PROFIT_RATIO_SQ":-236.5530254077,"HOLDER_PROFIT_SQ":-224472080,"HOLDER_PROFIT_QOQ_SQ":73.970144120971,"ROE_AVG_SQ":24.570871145,"PE_TTM_SQ":-0.774047210436,"PB_TTM_SQ":-0.077770430912,"ROA_SQ":-141.574256225941,"START_DATE":"2022-01-01 00:00:00","FISCAL_YEAR":"12-31","CURRENCY":"HKD","IS_CNY_CODE":0,"DPS_HKD_LY":null,"ORG_TYPE":"一般企业","PREMIUM_INCOME":null,"PREMIUM_INCOME_YOY":null,"NET_INTEREST_INCOME":null,"NET_INTEREST_INCOME_YOY":null,"FEE_COMMISSION_INCOME":null,"FEE_COMMISSION_INCOME_YOY":null,"ACCOUNTS_RECE_TDAYS":2.856401842992,"INVENTORY_TDAYS":2.841816647919,"CURRENT_ASSETS_TDAYS":0.973548162434,"TOTAL_ASSETS_TDAYS":0.690965002127,"PREMIUM_EXPENSE":null,"LOAN_DEPOSIT":null,"LOAN_EQUITY":null,"LOAN_ASSETS":null,"DEPOSIT_EQUITY":null,"DEPOSIT_ASSETS":null,"EQUITY_MULTIPLIER":-0.139825869015,"EQUITY_RATIO":-1.147047388129},{"SECUCODE":"01822.HK","SECURITY_CODE":"01822","SECURITY_NAME_ABBR":"中木国际","ORG_CODE":"10135515","STD_REPORT_DATE":"2022-06-30 00:00:00","REPORT_DATE":"2022-06-30 00:00:00","DATE_TYPE_CODE":"002","REPORT_TYPE":"2022年中报","PER_NETCASH_OPERATE":-0.01992605789,"PER_OI":0.122147583631,"BPS":-2.72852257547,"BASIC_EPS":-0.155302504,"DILUTED_EPS":-0.155302504,"OPERATE_INCOME":41844446.7,"OPERATE_INCOME_YOY":30.6960841925,"GROSS_PROFIT":5049896.95,"GROSS_PROFIT_YOY":55.615490312815,"HOLDER_PROFIT":-53215908.13,"HOLDER_PROFIT_YOY":3.3321941217,"GROSS_PROFIT_RATIO":12.068260780707,"EPS_TTM":-0.654241367319,"OPERATE_INCOME_QOQ":11.268117656485,"NET_PROFIT_RATIO":-127.7457592479,"ROE_AVG":4.846341451068,"GROSS_PROFIT_QOQ":15.312277966724,"ROA":-29.54411652993,"HOLDER_PROFIT_QOQ":0.154471607338,"ROE_YEARLY":9.692682902135,"ROIC_YEARLY":-57.499797867794,"TOTAL_ASSETS":168135485.14,"TOTAL_LIABILITIES":1296934973.74,"TAX_EBT":0.703744300942,"OCF_SALES":-16.313100347435,"TOTAL_PARENT_EQUITY":-1122021252.66,"DEBT_ASSET_RATIO":771.3630306298,"OPERATE_PROFIT":-2934156.89,"PRETAX_PROFIT":-53833355.31,"NETCASH_OPERATE":-6888555.45,"NETCASH_INVEST":-1723207.85,"NETCASH_FINANCE":2621157.35,"END_CASH":1354620.96,"DIVI_RATIO":null,"DIVIDEND_RATE":null,"CURRENT_RATIO":0.092260595335,"COMMON_ACS":2000000000,"CURRENTDEBT_DEBT":99.96538186115,"ISSUED_COMMON_SHARES":411219340,"HK_COMMON_SHARES":411219340,"PER_SHARES":30000,"TOTAL_MARKET_CAP":166543832.7,"HKSK_MARKET_CAP":166543832.7,"PE_TTM":0.1325297956,"PB_TTM":-3.784657032155,"REPORT_DATE_SQ":"2021-06-30 00:00:00","REPORT_TYPE_SQ":"2021年中报","OPERATE_INCOME_SQ":31151411.04,"DPS_HKD":null,"OPERATE_INCOME_QOQ_SQ":108.831948652618,"NET_PROFIT_RATIO_SQ":-171.9696564987,"HOLDER_PROFIT_SQ":-53562653.76,"HOLDER_PROFIT_QOQ_SQ":2.969906379887,"ROE_AVG_SQ":6.366389829126,"PE_TTM_SQ":-0.774047210436,"PB_TTM_SQ":-0.077770430912,"ROA_SQ":-36.633801414202,"START_DATE":"2022-01-01 00:00:00","FISCAL_YEAR":"12-31","CURRENCY":"HKD","IS_CNY_CODE":0,"DPS_HKD_LY":null,"ORG_TYPE":"一般企业","PREMIUM_INCOME":null,"PREMIUM_INCOME_YOY":null,"NET_INTEREST_INCOME":null,"NET_INTEREST_INCOME_YOY":null,"FEE_COMMISSION_INCOME":null,"FEE_COMMISSION_INCOME_YOY":null,"ACCOUNTS_RECE_TDAYS":1.892294305327,"INVENTORY_TDAYS":0.615482551195,"CURRENT_ASSETS_TDAYS":0.323541566793,"TOTAL_ASSETS_TDAYS":0.232309708295,"PREMIUM_EXPENSE":null,"LOAN_DEPOSIT":null,"LOAN_EQUITY":null,"LOAN_ASSETS":null,"DEPOSIT_EQUITY":null,"DEPOSIT_ASSETS":null,"EQUITY_MULTIPLIER":-0.148950709881,"EQUITY_RATIO":-1.155891629205},{"SECUCODE":"01822.HK","SECURITY_CODE":"01822","SECURITY_NAME_ABBR":"中木国际","ORG_CODE":"10135515","STD_REPORT_DATE":"2021-12-31 00:00:00","REPORT_DATE":"2021-12-31 00:00:00","DATE_TYPE_CODE":"001","REPORT_TYPE":"2021年年报","PER_NETCASH_OPERATE":0.008596697432,"PER_OI":0.277010794232,"BPS":-2.497191245918,"BASIC_EPS":-0.65408,"DILUTED_EPS":null,"OPERATE_INCOME":94896379.2,"OPERATE_INCOME_YOY":377.5633640553,"GROSS_PROFIT":11786521.6,"GROSS_PROFIT_YOY":218.422731651552,"HOLDER_PROFIT":-224472080,"HOLDER_PROFIT_YOY":74.0005776597,"GROSS_PROFIT_RATIO":12.42041234804,"EPS_TTM":-0.655253548007,"OPERATE_INCOME_QOQ":122.151155694351,"NET_PROFIT_RATIO":-236.5530254077,"ROE_AVG":24.570871145,"GROSS_PROFIT_QOQ":128.422905491087,"ROA":-141.574256225941,"HOLDER_PROFIT_QOQ":73.970144120971,"ROE_YEARLY":24.570871145,"ROIC_YEARLY":-138.124465462595,"TOTAL_ASSETS":188722520,"TOTAL_LIABILITIES":1222020934.4,"TAX_EBT":-0.08493513216,"OCF_SALES":3.103379944342,"TOTAL_PARENT_EQUITY":-1026893336,"DEBT_ASSET_RATIO":662.5924804801,"OPERATE_PROFIT":-128033707.2,"PRETAX_PROFIT":-224289755.2,"NETCASH_OPERATE":2944995.2,"NETCASH_INVEST":-8870142.4,"NETCASH_FINANCE":3101974.4,"END_CASH":2075886.4,"DIVI_RATIO":null,"DIVIDEND_RATE":null,"CURRENT_RATIO":0.109327344611,"COMMON_ACS":2000000000,"CURRENTDEBT_DEBT":99.504631203149,"ISSUED_COMMON_SHARES":411219340,"HK_COMMON_SHARES":411219340,"PER_SHARES":30000,"TOTAL_MARKET_CAP":166543832.7,"HKSK_MARKET_CAP":166543832.7,"PE_TTM":0.1325297956,"PB_TTM":-3.784657032155,"REPORT_DATE_SQ":"2020-12-31 00:00:00","REPORT_TYPE_SQ":"2020年年报","OPERATE_INCOME_SQ":20455218.56,"DPS_HKD":null,"OPERATE_INCOME_QOQ_SQ":-30.230841028991,"NET_PROFIT_RATIO_SQ":-4379.6041803818,"HOLDER_PROFIT_SQ":-888759215.4,"HOLDER_PROFIT_QOQ_SQ":-62.561660703274,"ROE_AVG_SQ":234.363088177035,"PE_TTM_SQ":-0.774047210436,"PB_TTM_SQ":-0.077770430912,"ROA_SQ":-160.82291941911,"START_DATE":"2021-01-01 00:00:00","FISCAL_YEAR":"12-31","CURRENCY":"HKD","IS_CNY_CODE":0,"DPS_HKD_LY":null,"ORG_TYPE":"一般企业","PREMIUM_INCOME":null,"PREMIUM_INCOME_YOY":null,"NET_INTEREST_INCOME":null,"NET_INTEREST_INCOME_YOY":null,"FEE_COMMISSION_INCOME":null,"FEE_COMMISSION_INCOME_YOY":null,"ACCOUNTS_RECE_TDAYS":6.796287621501,"INVENTORY_TDAYS":2.641863970684,"CURRENT_ASSETS_TDAYS":1.044246911803,"TOTAL_ASSETS_TDAYS":0.598510260331,"PREMIUM_EXPENSE":null,"LOAN_DEPOSIT":null,"LOAN_EQUITY":null,"LOAN_ASSETS":null,"DEPOSIT_EQUITY":null,"DEPOSIT_ASSETS":null,"EQUITY_MULTIPLIER":-0.177748554184,"EQUITY_RATIO":-1.190017396705},{"SECUCODE":"01822.HK","SECURITY_CODE":"01822","SECURITY_NAME_ABBR":"中木国际","ORG_CODE":"10135515","STD_REPORT_DATE":"2021-06-30 00:00:00","REPORT_DATE":"2021-06-30 00:00:00","DATE_TYPE_CODE":"002","REPORT_TYPE":"2021年中报","PER_NETCASH_OPERATE":0.022788070918,"PER_OI":0.090933681415,"BPS":-2.111404871181,"BASIC_EPS":-0.156347832,"DILUTED_EPS":-0.156347832,"OPERATE_INCOME":31151411.04,"OPERATE_INCOME_YOY":284.6896835183,"GROSS_PROFIT":3245112,"GROSS_PROFIT_YOY":81.627169241978,"HOLDER_PROFIT":-53562653.76,"HOLDER_PROFIT_YOY":26.4614154338,"GROSS_PROFIT_RATIO":10.417223142262,"EPS_TTM":-2.517315313046,"OPERATE_INCOME_QOQ":108.831948652618,"NET_PROFIT_RATIO":-171.9696564987,"ROE_AVG":6.366389829126,"GROSS_PROFIT_QOQ":39.400525952936,"ROA":-36.633801414202,"HOLDER_PROFIT_QOQ":2.969906379887,"ROE_YEARLY":12.732779658251,"ROIC_YEARLY":-72.642124239338,"TOTAL_ASSETS":156617425.92,"TOTAL_LIABILITIES":1031363160,"TAX_EBT":-0.288175459912,"OCF_SALES":25.060099364282,"TOTAL_PARENT_EQUITY":-868250517.6,"DEBT_ASSET_RATIO":658.5238864332,"OPERATE_PROFIT":-5079016.32,"PRETAX_PROFIT":-53417039.76,"NETCASH_OPERATE":7806574.56,"NETCASH_INVEST":-3743527.92,"NETCASH_FINANCE":1219829.28,"END_CASH":7631837.76,"DIVI_RATIO":null,"DIVIDEND_RATE":null,"CURRENT_RATIO":0.059458996567,"COMMON_ACS":2000000000,"CURRENTDEBT_DEBT":99.863735377168,"ISSUED_COMMON_SHARES":411219340,"HK_COMMON_SHARES":411219340,"PER_SHARES":30000,"TOTAL_MARKET_CAP":166543832.7,"HKSK_MARKET_CAP":166543832.7,"PE_TTM":0.1325297956,"PB_TTM":-3.784657032155,"REPORT_DATE_SQ":"2020-06-30 00:00:00","REPORT_TYPE_SQ":"2020年中报","OPERATE_INCOME_SQ":8889598.08,"DPS_HKD":null,"OPERATE_INCOME_QOQ_SQ":-94.997922607216,"NET_PROFIT_RATIO_SQ":-1032.1311138512,"HOLDER_PROFIT_SQ":-79957970.4,"HOLDER_PROFIT_QOQ_SQ":11.751923604158,"ROE_AVG_SQ":-253.295137231072,"PE_TTM_SQ":-0.774047210436,"PB_TTM_SQ":-0.077770430912,"ROA_SQ":-7.683341189151,"START_DATE":"2021-01-01 00:00:00","FISCAL_YEAR":"12-31","CURRENCY":"HKD","IS_CNY_CODE":0,"DPS_HKD_LY":null,"ORG_TYPE":"一般企业","PREMIUM_INCOME":null,"PREMIUM_INCOME_YOY":null,"NET_INTEREST_INCOME":null,"NET_INTEREST_INCOME_YOY":null,"FEE_COMMISSION_INCOME":null,"FEE_COMMISSION_INCOME_YOY":null,"ACCOUNTS_RECE_TDAYS":7.97061954439,"INVENTORY_TDAYS":5.596195561488,"CURRENT_ASSETS_TDAYS":0.561706213757,"TOTAL_ASSETS_TDAYS":0.213057891217,"PREMIUM_EXPENSE":null,"LOAN_DEPOSIT":null,"LOAN_EQUITY":null,"LOAN_ASSETS":null,"DEPOSIT_EQUITY":null,"DEPOSIT_ASSETS":null,"EQUITY_MULTIPLIER":-0.179043372055,"EQUITY_RATIO":-1.187863570587},{"SECUCODE":"01822.HK","SECURITY_CODE":"01822","SECURITY_NAME_ABBR":"中木国际","ORG_CODE":"10135515","STD_REPORT_DATE":"2020-12-31 00:00:00","REPORT_DATE":"2020-12-31 00:00:00","DATE_TYPE_CODE":"001","REPORT_TYPE":"2020年年报","PER_NETCASH_OPERATE":-0.021091803546,"PER_OI":0.059710564168,"BPS":-2.003252548871,"BASIC_EPS":-2.6006676,"DILUTED_EPS":-2.6006676,"OPERATE_INCOME":20455218.56,"OPERATE_INCOME_YOY":-96.2855981342,"GROSS_PROFIT":3701532.72,"GROSS_PROFIT_YOY":-89.683968666823,"HOLDER_PROFIT":-888759215.4,"HOLDER_PROFIT_YOY":-52.6857015617,"GROSS_PROFIT_RATIO":18.095786701778,"EPS_TTM":-2.594365540759,"OPERATE_INCOME_QOQ":-30.230841028991,"NET_PROFIT_RATIO":-4379.6041803818,"ROE_AVG":234.363088177035,"GROSS_PROFIT_QOQ":-56.38179971447,"ROA":-160.82291941911,"HOLDER_PROFIT_QOQ":-62.561660703274,"ROE_YEARLY":234.363088177035,"ROIC_YEARLY":-154.969552306269,"TOTAL_ASSETS":137364906.04,"TOTAL_LIABILITIES":967641924.4,"TAX_EBT":3.87873621397,"OCF_SALES":-35.32340355497,"TOTAL_PARENT_EQUITY":-823776191,"DEBT_ASSET_RATIO":704.4316865898,"OPERATE_PROFIT":-829984127.64,"PRETAX_PROFIT":-932007728.44,"NETCASH_OPERATE":-7225479.4,"NETCASH_INVEST":70697.76,"NETCASH_FINANCE":-2504720.64,"END_CASH":2804344.48,"DIVI_RATIO":null,"DIVIDEND_RATE":null,"CURRENT_RATIO":0.051950289502,"COMMON_ACS":2000000000,"CURRENTDEBT_DEBT":99.956858686103,"ISSUED_COMMON_SHARES":411219340,"HK_COMMON_SHARES":411219340,"PER_SHARES":30000,"TOTAL_MARKET_CAP":166543832.7,"HKSK_MARKET_CAP":166543832.7,"PE_TTM":0.1325297956,"PB_TTM":-3.784657032155,"REPORT_DATE_SQ":"2019-12-31 00:00:00","REPORT_TYPE_SQ":"2019年年报","OPERATE_INCOME_SQ":586124978.04,"DPS_HKD":null,"OPERATE_INCOME_QOQ_SQ":-4.730665692896,"NET_PROFIT_RATIO_SQ":-110.2023786599,"HOLDER_PROFIT_SQ":-619527718.46,"HOLDER_PROFIT_QOQ_SQ":-66.771051474819,"ROE_AVG_SQ":-161.824461078054,"PE_TTM_SQ":-0.774047210436,"PB_TTM_SQ":-0.077770430912,"ROA_SQ":-43.366595769229,"START_DATE":"2020-01-01 00:00:00","FISCAL_YEAR":"12-31","CURRENCY":"HKD","IS_CNY_CODE":0,"DPS_HKD_LY":null,"ORG_TYPE":"一般企业","PREMIUM_INCOME":null,"PREMIUM_INCOME_YOY":null,"NET_INTEREST_INCOME":null,"NET_INTEREST_INCOME_YOY":null,"FEE_COMMISSION_INCOME":null,"FEE_COMMISSION_INCOME_YOY":null,"ACCOUNTS_RECE_TDAYS":0.139134018966,"INVENTORY_TDAYS":3.211940298507,"CURRENT_ASSETS_TDAYS":0.098602749063,"TOTAL_ASSETS_TDAYS":0.037014164345,"PREMIUM_EXPENSE":null,"LOAN_DEPOSIT":null,"LOAN_EQUITY":null,"LOAN_ASSETS":null,"DEPOSIT_EQUITY":null,"DEPOSIT_ASSETS":null,"EQUITY_MULTIPLIER":-0.165444668469,"EQUITY_RATIO":-1.174641771602},{"SECUCODE":"01822.HK","SECURITY_CODE":"01822","SECURITY_NAME_ABBR":"中木国际","ORG_CODE":"10135515","STD_REPORT_DATE":"2020-06-30 00:00:00","REPORT_DATE":"2020-06-30 00:00:00","DATE_TYPE_CODE":"002","REPORT_TYPE":"2020年中报","PER_NETCASH_OPERATE":-0.044217091957,"PER_OI":0.02594951088,"BPS":-0.018892125064,"BASIC_EPS":-0.234845424,"DILUTED_EPS":-0.234845424,"OPERATE_INCOME":8889598.08,"OPERATE_INCOME_YOY":-98.4866697248,"GROSS_PROFIT":1786688.64,"GROSS_PROFIT_YOY":-93.877395707159,"HOLDER_PROFIT":-79957970.4,"HOLDER_PROFIT_YOY":49.5949050748,"GROSS_PROFIT_RATIO":20.098643649815,"EPS_TTM":-1.595927065173,"OPERATE_INCOME_QOQ":-94.997922607216,"NET_PROFIT_RATIO":-1032.1311138512,"ROE_AVG":-253.295137231072,"GROSS_PROFIT_QOQ":-76.349250391701,"ROA":-7.683341189151,"HOLDER_PROFIT_QOQ":11.751923604158,"ROE_YEARLY":-506.590274462144,"ROIC_YEARLY":-14.62651913992,"TOTAL_ASSETS":1030862712,"TOTAL_LIABILITIES":1104505158.24,"TAX_EBT":0.019907034151,"OCF_SALES":-170.396629675298,"TOTAL_PARENT_EQUITY":-7768807.2,"DEBT_ASSET_RATIO":107.1437685526,"OPERATE_PROFIT":-31622379.36,"PRETAX_PROFIT":-91770576.48,"NETCASH_OPERATE":-15147575.52,"NETCASH_INVEST":-836711.04,"NETCASH_FINANCE":3927792,"END_CASH":1846062.24,"DIVI_RATIO":null,"DIVIDEND_RATE":null,"CURRENT_RATIO":0.366464389159,"COMMON_ACS":2000000000,"CURRENTDEBT_DEBT":94.280957780165,"ISSUED_COMMON_SHARES":411219340,"HK_COMMON_SHARES":411219340,"PER_SHARES":30000,"TOTAL_MARKET_CAP":166543832.7,"HKSK_MARKET_CAP":166543832.7,"PE_TTM":0.1325297956,"PB_TTM":-3.784657032155,"REPORT_DATE_SQ":"2019-06-30 00:00:00","REPORT_TYPE_SQ":"2019年中报","OPERATE_INCOME_SQ":565696151.1,"DPS_HKD":null,"OPERATE_INCOME_QOQ_SQ":-36.027618071094,"NET_PROFIT_RATIO_SQ":-28.9115746752,"HOLDER_PROFIT_SQ":-152764394.58,"HOLDER_PROFIT_QOQ_SQ":-86.791404699564,"ROE_AVG_SQ":-25.135219238257,"PE_TTM_SQ":-0.774047210436,"PB_TTM_SQ":-0.077770430912,"ROA_SQ":-9.137919104556,"START_DATE":"2020-01-01 00:00:00","FISCAL_YEAR":"12-31","CURRENCY":"HKD","IS_CNY_CODE":0,"DPS_HKD_LY":null,"ORG_TYPE":"一般企业","PREMIUM_INCOME":null,"PREMIUM_INCOME_YOY":null,"NET_INTEREST_INCOME":null,"NET_INTEREST_INCOME_YOY":null,"FEE_COMMISSION_INCOME":null,"FEE_COMMISSION_INCOME_YOY":null,"ACCOUNTS_RECE_TDAYS":0.027932046944,"INVENTORY_TDAYS":1.788202828562,"CURRENT_ASSETS_TDAYS":0.022870786636,"TOTAL_ASSETS_TDAYS":0.008542214709,"PREMIUM_EXPENSE":null,"LOAN_DEPOSIT":null,"LOAN_EQUITY":null,"LOAN_ASSETS":null,"DEPOSIT_EQUITY":null,"DEPOSIT_ASSETS":null,"EQUITY_MULTIPLIER":-13.99821386481,"EQUITY_RATIO":-142.171781305115}],"count":39},"success":true,"message":"ok","code":0}