{"version":"1f795580188a7d3a27db4868a367d8d7","result":{"pages":2,"data":[{"SECUCODE":"01821.HK","SECURITY_CODE":"01821","SECURITY_NAME_ABBR":"ESR","ORG_CODE":"10980344","STD_REPORT_DATE":"2024-06-30 00:00:00","REPORT_DATE":"2024-06-30 00:00:00","DATE_TYPE_CODE":"002","REPORT_TYPE":"2024年中报","PER_NETCASH_OPERATE":0.275915821071,"PER_OI":0.528533204054,"BPS":11.785987245642,"BASIC_EPS":-0.35634,"DILUTED_EPS":-0.35634,"OPERATE_INCOME":2226896942.4,"OPERATE_INCOME_YOY":-31.3870889117,"GROSS_PROFIT":2033090743.2,"GROSS_PROFIT_YOY":-36.446607020343,"HOLDER_PROFIT":-1558766569.2,"HOLDER_PROFIT_YOY":-175.6904815462,"GROSS_PROFIT_RATIO":91.297028815751,"EPS_TTM":-0.477466680483,"OPERATE_INCOME_QOQ":-17.237469405319,"NET_PROFIT_RATIO":-66.8766081647,"ROE_AVG":-2.704526417601,"GROSS_PROFIT_QOQ":-20.284845279464,"ROA":-1.364855660955,"HOLDER_PROFIT_QOQ":-223.039361425355,"ROE_YEARLY":-5.409052835203,"ROIC_YEARLY":-2.981911140155,"TOTAL_ASSETS":113024306047.2,"TOTAL_LIABILITIES":55366669586.4,"TAX_EBT":-10.59141065333,"OCF_SALES":52.204065696327,"TOTAL_PARENT_EQUITY":55330907304,"DEBT_ASSET_RATIO":48.9865158414,"OPERATE_PROFIT":-199985134.8,"PRETAX_PROFIT":-1346644494,"NETCASH_OPERATE":1162530742.8,"NETCASH_INVEST":-1081335110.4,"NETCASH_FINANCE":1125991639.2,"END_CASH":7473504566.4,"DIVI_RATIO":-0.237246921367,"DIVIDEND_RATE":1.024590163934,"CURRENT_RATIO":1.359479558496,"COMMON_ACS":8000000000,"CURRENTDEBT_DEBT":28.132138330795,"ISSUED_COMMON_SHARES":4245428349,"HK_COMMON_SHARES":4245428349,"PER_SHARES":200,"TOTAL_MARKET_CAP":51794225857.8,"HKSK_MARKET_CAP":51794225857.8,"PE_TTM":-23.886361317815,"PB_TTM":0.944740204938,"REPORT_DATE_SQ":"2023-06-30 00:00:00","REPORT_TYPE_SQ":"2023年中报","OPERATE_INCOME_SQ":3290679900.6,"DPS_HKD":0.125,"OPERATE_INCOME_QOQ_SQ":6.877559416215,"NET_PROFIT_RATIO_SQ":68.9207675771,"HOLDER_PROFIT_SQ":2088003297,"HOLDER_PROFIT_QOQ_SQ":-11.663882212861,"ROE_AVG_SQ":3.285559790474,"PE_TTM_SQ":10.535477445178,"PB_TTM_SQ":0.628293727425,"ROA_SQ":1.777275706625,"START_DATE":"2024-01-01 00:00:00","FISCAL_YEAR":"12-31","CURRENCY":"HKD","IS_CNY_CODE":0,"DPS_HKD_LY":0.125,"ORG_TYPE":"一般企业","PREMIUM_INCOME":null,"PREMIUM_INCOME_YOY":null,"NET_INTEREST_INCOME":null,"NET_INTEREST_INCOME_YOY":null,"FEE_COMMISSION_INCOME":null,"FEE_COMMISSION_INCOME_YOY":null,"ACCOUNTS_RECE_TDAYS":0.695695154126,"INVENTORY_TDAYS":null,"CURRENT_ASSETS_TDAYS":0.115267030972,"TOTAL_ASSETS_TDAYS":0.01949870467,"PREMIUM_EXPENSE":null,"LOAN_DEPOSIT":null,"LOAN_EQUITY":null,"LOAN_ASSETS":null,"DEPOSIT_EQUITY":null,"DEPOSIT_ASSETS":null,"EQUITY_MULTIPLIER":1.960266028666,"EQUITY_RATIO":1.000646334646},{"SECUCODE":"01821.HK","SECURITY_CODE":"01821","SECURITY_NAME_ABBR":"ESR","ORG_CODE":"10980344","STD_REPORT_DATE":"2023-12-31 00:00:00","REPORT_DATE":"2023-12-31 00:00:00","DATE_TYPE_CODE":"001","REPORT_TYPE":"2023年年报","PER_NETCASH_OPERATE":0.236264591382,"PER_OI":1.441752269816,"BPS":12.792027531684,"BASIC_EPS":0.354135,"DILUTED_EPS":0.354135,"OPERATE_INCOME":6171340660.2,"OPERATE_INCOME_YOY":6.1099379654,"GROSS_PROFIT":5747823531,"GROSS_PROFIT_YOY":4.21317940085,"HOLDER_PROFIT":1635034212.3,"HOLDER_PROFIT_YOY":-59.7925611126,"GROSS_PROFIT_RATIO":93.137356167496,"EPS_TTM":0.381977663624,"OPERATE_INCOME_QOQ":0.96531417906,"NET_PROFIT_RATIO":30.7641456814,"ROE_AVG":2.680368165866,"GROSS_PROFIT_QOQ":-2.238466511338,"ROA":1.425414016335,"HOLDER_PROFIT_QOQ":-53.711749135253,"ROE_YEARLY":2.680368165866,"ROIC_YEARLY":1.595469276129,"TOTAL_ASSETS":114676526902.5,"TOTAL_LIABILITIES":52853380946.7,"TAX_EBT":32.006554416368,"OCF_SALES":16.387322311052,"TOTAL_PARENT_EQUITY":59569133342.4,"DEBT_ASSET_RATIO":46.0891015575,"OPERATE_PROFIT":5152720911.6,"PRETAX_PROFIT":2792269482.6,"NETCASH_OPERATE":1011317484.9,"NETCASH_INVEST":-5369862328.2,"NETCASH_FINANCE":-871483738.8,"END_CASH":6551058372.6,"DIVI_RATIO":0.296555298353,"DIVIDEND_RATE":1.036484245439,"CURRENT_RATIO":1.503138215192,"COMMON_ACS":8000000000,"CURRENTDEBT_DEBT":21.846098552984,"ISSUED_COMMON_SHARES":4245428349,"HK_COMMON_SHARES":4245428349,"PER_SHARES":200,"TOTAL_MARKET_CAP":51199865888.94,"HKSK_MARKET_CAP":51199865888.94,"PE_TTM":-23.6122555322,"PB_TTM":0.933898923898,"REPORT_DATE_SQ":"2022-12-31 00:00:00","REPORT_TYPE_SQ":"2022年年报","OPERATE_INCOME_SQ":5719009148.4,"DPS_HKD":0.125,"OPERATE_INCOME_QOQ_SQ":37.627952108633,"NET_PROFIT_RATIO_SQ":76.8563509403,"HOLDER_PROFIT_SQ":3998690267,"HOLDER_PROFIT_QOQ_SQ":17.601224782501,"ROE_AVG_SQ":8.851030911664,"PE_TTM_SQ":11.311583334887,"PB_TTM_SQ":0.674577577859,"ROA_SQ":4.496575007738,"START_DATE":"2023-01-01 00:00:00","FISCAL_YEAR":"12-31","CURRENCY":"HKD","IS_CNY_CODE":0,"DPS_HKD_LY":0.25,"ORG_TYPE":"一般企业","PREMIUM_INCOME":null,"PREMIUM_INCOME_YOY":null,"NET_INTEREST_INCOME":null,"NET_INTEREST_INCOME_YOY":null,"FEE_COMMISSION_INCOME":null,"FEE_COMMISSION_INCOME_YOY":null,"ACCOUNTS_RECE_TDAYS":1.966101388956,"INVENTORY_TDAYS":null,"CURRENT_ASSETS_TDAYS":0.319123431121,"TOTAL_ASSETS_TDAYS":0.053801415349,"PREMIUM_EXPENSE":null,"LOAN_DEPOSIT":null,"LOAN_EQUITY":null,"LOAN_ASSETS":null,"DEPOSIT_EQUITY":null,"DEPOSIT_ASSETS":null,"EQUITY_MULTIPLIER":1.854912510995,"EQUITY_RATIO":0.887261203599},{"SECUCODE":"01821.HK","SECURITY_CODE":"01821","SECURITY_NAME_ABBR":"ESR","ORG_CODE":"10980344","STD_REPORT_DATE":"2023-06-30 00:00:00","REPORT_DATE":"2023-06-30 00:00:00","DATE_TYPE_CODE":"002","REPORT_TYPE":"2023年中报","PER_NETCASH_OPERATE":0.036153899231,"PER_OI":0.750375480223,"BPS":13.671316680559,"BASIC_EPS":0.433548,"DILUTED_EPS":0.433548,"OPERATE_INCOME":3290679900.6,"OPERATE_INCOME_YOY":5.4900788963,"GROSS_PROFIT":3199027853.4,"GROSS_PROFIT_YOY":12.838776738604,"HOLDER_PROFIT":2088003297,"HOLDER_PROFIT_YOY":-24.0778545849,"GROSS_PROFIT_RATIO":97.214799069843,"EPS_TTM":0.805469444736,"OPERATE_INCOME_QOQ":6.877559416215,"NET_PROFIT_RATIO":68.9207675771,"ROE_AVG":3.285559790474,"GROSS_PROFIT_QOQ":6.599370613326,"ROA":1.777275706625,"HOLDER_PROFIT_QOQ":-11.663882212861,"ROE_YEARLY":6.571119580948,"ROIC_YEARLY":3.997887918711,"TOTAL_ASSETS":117913292397.6,"TOTAL_LIABILITIES":51995050350,"TAX_EBT":15.769219415454,"OCF_SALES":4.818107758554,"TOTAL_PARENT_EQUITY":63408866223.6,"DEBT_ASSET_RATIO":44.0960041847,"OPERATE_PROFIT":3273561980.4,"PRETAX_PROFIT":2692557079.8,"NETCASH_OPERATE":158548503.6,"NETCASH_INVEST":-4467676011,"NETCASH_FINANCE":77294382.6,"END_CASH":7701814026.6,"DIVI_RATIO":0.140635378214,"DIVIDEND_RATE":1.036484245439,"CURRENT_RATIO":2.37812999377,"COMMON_ACS":8000000000,"CURRENTDEBT_DEBT":16.419025118994,"ISSUED_COMMON_SHARES":4245428349,"HK_COMMON_SHARES":4245428349,"PER_SHARES":200,"TOTAL_MARKET_CAP":51199865888.94,"HKSK_MARKET_CAP":51199865888.94,"PE_TTM":-23.6122555322,"PB_TTM":0.933898923898,"REPORT_DATE_SQ":"2022-06-30 00:00:00","REPORT_TYPE_SQ":"2022年中报","OPERATE_INCOME_SQ":2897351648.4,"DPS_HKD":0.125,"OPERATE_INCOME_QOQ_SQ":61.15626809765,"NET_PROFIT_RATIO_SQ":97.2289011503,"HOLDER_PROFIT_SQ":2554405819.8,"HOLDER_PROFIT_QOQ_SQ":52.617884864262,"ROE_AVG_SQ":5.767214006526,"PE_TTM_SQ":11.311583334887,"PB_TTM_SQ":0.674577577859,"ROA_SQ":2.959007499034,"START_DATE":"2023-01-01 00:00:00","FISCAL_YEAR":"12-31","CURRENCY":"HKD","IS_CNY_CODE":0,"DPS_HKD_LY":0.25,"ORG_TYPE":"一般企业","PREMIUM_INCOME":null,"PREMIUM_INCOME_YOY":null,"NET_INTEREST_INCOME":null,"NET_INTEREST_INCOME_YOY":null,"FEE_COMMISSION_INCOME":null,"FEE_COMMISSION_INCOME_YOY":null,"ACCOUNTS_RECE_TDAYS":1.089180352962,"INVENTORY_TDAYS":null,"CURRENT_ASSETS_TDAYS":0.156497654204,"TOTAL_ASSETS_TDAYS":0.028009751967,"PREMIUM_EXPENSE":null,"LOAN_DEPOSIT":null,"LOAN_EQUITY":null,"LOAN_ASSETS":null,"DEPOSIT_EQUITY":null,"DEPOSIT_ASSETS":null,"EQUITY_MULTIPLIER":1.788780900929,"EQUITY_RATIO":0.819996531189},{"SECUCODE":"01821.HK","SECURITY_CODE":"01821","SECURITY_NAME_ABBR":"ESR","ORG_CODE":"10980344","STD_REPORT_DATE":"2022-12-31 00:00:00","REPORT_DATE":"2022-12-31 00:00:00","DATE_TYPE_CODE":"001","REPORT_TYPE":"2022年年报","PER_NETCASH_OPERATE":0.124734802185,"PER_OI":1.293231001157,"BPS":13.241999173073,"BASIC_EPS":0.905398,"DILUTED_EPS":0.905398,"OPERATE_INCOME":5719009148.4,"OPERATE_INCOME_YOY":103.0418420181,"GROSS_PROFIT":5515447819.6,"GROSS_PROFIT_YOY":146.840085997791,"HOLDER_PROFIT":3998690267,"HOLDER_PROFIT_YOY":64.3043154762,"GROSS_PROFIT_RATIO":96.440618933842,"EPS_TTM":0.904217860668,"OPERATE_INCOME_QOQ":37.627952108633,"NET_PROFIT_RATIO":76.8563509403,"ROE_AVG":8.851030911664,"GROSS_PROFIT_QOQ":39.688469275757,"ROA":4.496575007738,"HOLDER_PROFIT_QOQ":17.601224782501,"ROE_YEARLY":8.851030911664,"ROIC_YEARLY":5.338148354399,"TOTAL_ASSETS":112822160160.4,"TOTAL_LIABILITIES":49163529276,"TAX_EBT":22.575187854624,"OCF_SALES":9.645206623849,"TOTAL_PARENT_EQUITY":61390574071.4,"DEBT_ASSET_RATIO":43.5761283121,"OPERATE_PROFIT":5647064830.4,"PRETAX_PROFIT":5677019575,"NETCASH_OPERATE":551610249.2,"NETCASH_INVEST":-1188348804.2,"NETCASH_FINANCE":2821136592.8,"END_CASH":11962898411.2,"DIVI_RATIO":0.125276777785,"DIVIDEND_RATE":1.036484245439,"CURRENT_RATIO":2.788037050449,"COMMON_ACS":8000000000,"CURRENTDEBT_DEBT":15.295478434806,"ISSUED_COMMON_SHARES":4245428349,"HK_COMMON_SHARES":4245428349,"PER_SHARES":200,"TOTAL_MARKET_CAP":51199865888.94,"HKSK_MARKET_CAP":51199865888.94,"PE_TTM":-23.6122555322,"PB_TTM":0.933898923898,"REPORT_DATE_SQ":"2021-12-31 00:00:00","REPORT_TYPE_SQ":"2021年年报","OPERATE_INCOME_SQ":2578498848.2,"DPS_HKD":0.125,"OPERATE_INCOME_QOQ_SQ":5.027959110382,"NET_PROFIT_RATIO_SQ":94.6220074872,"HOLDER_PROFIT_SQ":2227924608,"HOLDER_PROFIT_QOQ_SQ":-3.542903602283,"ROE_AVG_SQ":9.011914403834,"PE_TTM_SQ":11.311583334887,"PB_TTM_SQ":0.674577577859,"ROA_SQ":4.10500780056,"START_DATE":"2022-01-01 00:00:00","FISCAL_YEAR":"12-31","CURRENCY":"HKD","IS_CNY_CODE":0,"DPS_HKD_LY":0.125,"ORG_TYPE":"一般企业","PREMIUM_INCOME":null,"PREMIUM_INCOME_YOY":null,"NET_INTEREST_INCOME":null,"NET_INTEREST_INCOME_YOY":null,"FEE_COMMISSION_INCOME":null,"FEE_COMMISSION_INCOME_YOY":null,"ACCOUNTS_RECE_TDAYS":3.425357071348,"INVENTORY_TDAYS":null,"CURRENT_ASSETS_TDAYS":0.333087451915,"TOTAL_ASSETS_TDAYS":0.064310941555,"PREMIUM_EXPENSE":null,"LOAN_DEPOSIT":null,"LOAN_EQUITY":null,"LOAN_ASSETS":null,"DEPOSIT_EQUITY":null,"DEPOSIT_ASSETS":null,"EQUITY_MULTIPLIER":1.772299507434,"EQUITY_RATIO":0.800831886974},{"SECUCODE":"01821.HK","SECURITY_CODE":"01821","SECURITY_NAME_ABBR":"ESR","ORG_CODE":"10980344","STD_REPORT_DATE":"2022-06-30 00:00:00","REPORT_DATE":"2022-06-30 00:00:00","DATE_TYPE_CODE":"002","REPORT_TYPE":"2022年中报","PER_NETCASH_OPERATE":0.137777383731,"PER_OI":0.649047077412,"BPS":13.118454573593,"BASIC_EPS":0.536912,"DILUTED_EPS":0.536912,"OPERATE_INCOME":2897351648.4,"OPERATE_INCOME_YOY":111.2074912304,"GROSS_PROFIT":2835043010.8,"GROSS_PROFIT_YOY":152.886603378864,"HOLDER_PROFIT":2554405819.8,"HOLDER_PROFIT_YOY":77.897797118,"GROSS_PROFIT_RATIO":97.849462365591,"EPS_TTM":0.761694660527,"OPERATE_INCOME_QOQ":61.15626809765,"NET_PROFIT_RATIO":97.2289011503,"ROE_AVG":5.767214006526,"GROSS_PROFIT_QOQ":76.707560242862,"ROA":2.959007499034,"HOLDER_PROFIT_QOQ":52.617884864262,"ROE_YEARLY":11.534428013053,"ROIC_YEARLY":7.082754725933,"TOTAL_ASSETS":109984389645.8,"TOTAL_LIABILITIES":47148907145.8,"TAX_EBT":19.200324936572,"OCF_SALES":21.227641033481,"TOTAL_PARENT_EQUITY":60671941904.8,"DEBT_ASSET_RATIO":42.8687264599,"OPERATE_PROFIT":3179787494.6,"PRETAX_PROFIT":3486478340.4,"NETCASH_OPERATE":615039407.4,"NETCASH_INVEST":2056755509.8,"NETCASH_FINANCE":919488645.6,"END_CASH":13103585681.8,"DIVI_RATIO":0.148717728862,"DIVIDEND_RATE":1.036484245439,"CURRENT_RATIO":1.994516313861,"COMMON_ACS":8000000000,"CURRENTDEBT_DEBT":27.079240624854,"ISSUED_COMMON_SHARES":4245428349,"HK_COMMON_SHARES":4245428349,"PER_SHARES":200,"TOTAL_MARKET_CAP":51199865888.94,"HKSK_MARKET_CAP":51199865888.94,"PE_TTM":-23.6122555322,"PB_TTM":0.933898923898,"REPORT_DATE_SQ":"2021-06-30 00:00:00","REPORT_TYPE_SQ":"2021年中报","OPERATE_INCOME_SQ":1320437979.9,"DPS_HKD":0.125,"OPERATE_INCOME_QOQ_SQ":-3.108407476534,"NET_PROFIT_RATIO_SQ":112.3757944021,"HOLDER_PROFIT_SQ":1382119014.7,"HOLDER_PROFIT_QOQ_SQ":23.571796901422,"ROE_AVG_SQ":5.626674942207,"PE_TTM_SQ":11.311583334887,"PB_TTM_SQ":0.674577577859,"ROA_SQ":2.63526086369,"START_DATE":"2022-01-01 00:00:00","FISCAL_YEAR":"12-31","CURRENCY":"HKD","IS_CNY_CODE":0,"DPS_HKD_LY":0.125,"ORG_TYPE":"一般企业","PREMIUM_INCOME":null,"PREMIUM_INCOME_YOY":null,"NET_INTEREST_INCOME":null,"NET_INTEREST_INCOME_YOY":null,"FEE_COMMISSION_INCOME":null,"FEE_COMMISSION_INCOME_YOY":null,"ACCOUNTS_RECE_TDAYS":2.291810223551,"INVENTORY_TDAYS":null,"CURRENT_ASSETS_TDAYS":0.151089371779,"TOTAL_ASSETS_TDAYS":0.033562737716,"PREMIUM_EXPENSE":null,"LOAN_DEPOSIT":null,"LOAN_EQUITY":null,"LOAN_ASSETS":null,"DEPOSIT_EQUITY":null,"DEPOSIT_ASSETS":null,"EQUITY_MULTIPLIER":1.750354819761,"EQUITY_RATIO":0.777112214733},{"SECUCODE":"01821.HK","SECURITY_CODE":"01821","SECURITY_NAME_ABBR":"ESR","ORG_CODE":"10980344","STD_REPORT_DATE":"2021-12-31 00:00:00","REPORT_DATE":"2021-12-31 00:00:00","DATE_TYPE_CODE":"001","REPORT_TYPE":"2021年年报","PER_NETCASH_OPERATE":0.157162924306,"PER_OI":0.845796654984,"BPS":5.853504989327,"BASIC_EPS":0.701327,"DILUTED_EPS":0.701327,"OPERATE_INCOME":2578498848.2,"OPERATE_INCOME_YOY":4.1446600967,"GROSS_PROFIT":2234421446.3,"GROSS_PROFIT_YOY":20.186192561148,"HOLDER_PROFIT":2227924608,"HOLDER_PROFIT_YOY":21.9830625624,"GROSS_PROFIT_RATIO":86.655902439507,"EPS_TTM":0.730801637673,"OPERATE_INCOME_QOQ":5.027959110382,"NET_PROFIT_RATIO":94.6220074872,"ROE_AVG":9.011914403834,"GROSS_PROFIT_QOQ":11.159595145535,"ROA":4.10500780056,"HOLDER_PROFIT_QOQ":-3.542903602283,"ROE_YEARLY":9.011914403834,"ROIC_YEARLY":5.212710636382,"TOTAL_ASSETS":59533851082.6,"TOTAL_LIABILITIES":31391288133.1,"TAX_EBT":21.717535389903,"OCF_SALES":18.581644107946,"TOTAL_PARENT_EQUITY":26515630950.6,"DEBT_ASSET_RATIO":52.7284688665,"OPERATE_PROFIT":3087974659.5,"PRETAX_PROFIT":3116697188,"NETCASH_OPERATE":479127479.3,"NETCASH_INVEST":-7387568219.9,"NETCASH_FINANCE":8011953272.3,"END_CASH":9675335148.1,"DIVI_RATIO":0.155004441918,"DIVIDEND_RATE":1.036484245439,"CURRENT_RATIO":1.213944746729,"COMMON_ACS":8000000000,"CURRENTDEBT_DEBT":32.127883291497,"ISSUED_COMMON_SHARES":4245428349,"HK_COMMON_SHARES":4245428349,"PER_SHARES":200,"TOTAL_MARKET_CAP":51199865888.94,"HKSK_MARKET_CAP":51199865888.94,"PE_TTM":-23.6122555322,"PB_TTM":0.933898923898,"REPORT_DATE_SQ":"2020-12-31 00:00:00","REPORT_TYPE_SQ":"2020年年报","OPERATE_INCOME_SQ":2533820941.9,"DPS_HKD":0.125,"OPERATE_INCOME_QOQ_SQ":-10.194471459479,"NET_PROFIT_RATIO_SQ":81.0409161257,"HOLDER_PROFIT_SQ":1869162003.4,"HOLDER_PROFIT_QOQ_SQ":-12.237438454642,"ROE_AVG_SQ":8.651343163412,"PE_TTM_SQ":11.311583334887,"PB_TTM_SQ":0.674577577859,"ROA_SQ":4.080817177707,"START_DATE":"2021-01-01 00:00:00","FISCAL_YEAR":"12-31","CURRENCY":"HKD","IS_CNY_CODE":0,"DPS_HKD_LY":null,"ORG_TYPE":"一般企业","PREMIUM_INCOME":null,"PREMIUM_INCOME_YOY":null,"NET_INTEREST_INCOME":null,"NET_INTEREST_INCOME_YOY":null,"FEE_COMMISSION_INCOME":null,"FEE_COMMISSION_INCOME_YOY":null,"ACCOUNTS_RECE_TDAYS":3.665918845545,"INVENTORY_TDAYS":null,"CURRENT_ASSETS_TDAYS":0.215899575782,"TOTAL_ASSETS_TDAYS":0.047509497618,"PREMIUM_EXPENSE":null,"LOAN_DEPOSIT":null,"LOAN_EQUITY":null,"LOAN_ASSETS":null,"DEPOSIT_EQUITY":null,"DEPOSIT_ASSETS":null,"EQUITY_MULTIPLIER":2.1154381422,"EQUITY_RATIO":1.183878603213},{"SECUCODE":"01821.HK","SECURITY_CODE":"01821","SECURITY_NAME_ABBR":"ESR","ORG_CODE":"10980344","STD_REPORT_DATE":"2021-06-30 00:00:00","REPORT_DATE":"2021-06-30 00:00:00","DATE_TYPE_CODE":"002","REPORT_TYPE":"2021年中报","PER_NETCASH_OPERATE":0.017041519596,"PER_OI":0.431471517891,"BPS":5.70452510732,"BASIC_EPS":0.452207,"DILUTED_EPS":0.452207,"OPERATE_INCOME":1320437979.9,"OPERATE_INCOME_YOY":3.4193310093,"GROSS_PROFIT":1121072833.8,"GROSS_PROFIT_YOY":15.562142481266,"HOLDER_PROFIT":1382119014.7,"HOLDER_PROFIT_YOY":60.8708729031,"GROSS_PROFIT_RATIO":84.901589538109,"EPS_TTM":0.754745323982,"OPERATE_INCOME_QOQ":-3.108407476534,"NET_PROFIT_RATIO":112.3757944021,"ROE_AVG":5.626674942207,"GROSS_PROFIT_QOQ":8.120394288766,"ROA":2.63526086369,"HOLDER_PROFIT_QOQ":23.571796901422,"ROE_YEARLY":11.253349884414,"ROIC_YEARLY":6.490773688622,"TOTAL_ASSETS":55232646961.3,"TOTAL_LIABILITIES":28073934354.3,"TAX_EBT":20.136643371232,"OCF_SALES":3.9496279336,"TOTAL_PARENT_EQUITY":25895511113.1,"DEBT_ASSET_RATIO":50.8285151968,"OPERATE_PROFIT":1868719587.1,"PRETAX_PROFIT":1857989361,"NETCASH_OPERATE":52152387.3,"NETCASH_INVEST":-6424201224.3,"NETCASH_FINANCE":4003530693.2,"END_CASH":6463226688.4,"DIVI_RATIO":0.15008705109,"DIVIDEND_RATE":1.036484245439,"CURRENT_RATIO":0.850099745452,"COMMON_ACS":8000000000,"CURRENTDEBT_DEBT":37.280713562675,"ISSUED_COMMON_SHARES":4245428349,"HK_COMMON_SHARES":4245428349,"PER_SHARES":200,"TOTAL_MARKET_CAP":51199865888.94,"HKSK_MARKET_CAP":51199865888.94,"PE_TTM":-23.6122555322,"PB_TTM":0.933898923898,"REPORT_DATE_SQ":"2020-06-30 00:00:00","REPORT_TYPE_SQ":"2020年中报","OPERATE_INCOME_SQ":1399199459.5,"DPS_HKD":0.125,"OPERATE_INCOME_QOQ_SQ":13.171493781641,"NET_PROFIT_RATIO_SQ":73.1912912807,"HOLDER_PROFIT_SQ":941523943.5,"HOLDER_PROFIT_QOQ_SQ":24.519969003198,"ROE_AVG_SQ":4.427167595422,"PE_TTM_SQ":11.311583334887,"PB_TTM_SQ":0.674577577859,"ROA_SQ":2.043834881722,"START_DATE":"2021-01-01 00:00:00","FISCAL_YEAR":"12-31","CURRENCY":"HKD","IS_CNY_CODE":0,"DPS_HKD_LY":null,"ORG_TYPE":"一般企业","PREMIUM_INCOME":null,"PREMIUM_INCOME_YOY":null,"NET_INTEREST_INCOME":null,"NET_INTEREST_INCOME_YOY":null,"FEE_COMMISSION_INCOME":null,"FEE_COMMISSION_INCOME_YOY":null,"ACCOUNTS_RECE_TDAYS":1.860616901293,"INVENTORY_TDAYS":null,"CURRENT_ASSETS_TDAYS":0.127612829273,"TOTAL_ASSETS_TDAYS":0.025176547709,"PREMIUM_EXPENSE":null,"LOAN_DEPOSIT":null,"LOAN_EQUITY":null,"LOAN_ASSETS":null,"DEPOSIT_EQUITY":null,"DEPOSIT_ASSETS":null,"EQUITY_MULTIPLIER":2.033699010722,"EQUITY_RATIO":1.084123585423},{"SECUCODE":"01821.HK","SECURITY_CODE":"01821","SECURITY_NAME_ABBR":"ESR","ORG_CODE":"10980344","STD_REPORT_DATE":"2020-12-31 00:00:00","REPORT_DATE":"2020-12-31 00:00:00","DATE_TYPE_CODE":"001","REPORT_TYPE":"2020年年报","PER_NETCASH_OPERATE":0.182983336995,"PER_OI":0.828096146542,"BPS":5.52709931134,"BASIC_EPS":0.587241,"DILUTED_EPS":0.587241,"OPERATE_INCOME":2533820941.9,"OPERATE_INCOME_YOY":8.663874035,"GROSS_PROFIT":1859133232.1,"GROSS_PROFIT_YOY":-3.512847621256,"HOLDER_PROFIT":1869162003.4,"HOLDER_PROFIT_YOY":16.8404866688,"GROSS_PROFIT_RATIO":73.372715544214,"EPS_TTM":0.61087420452,"OPERATE_INCOME_QOQ":-10.194471459479,"NET_PROFIT_RATIO":81.0409161257,"ROE_AVG":8.651343163412,"GROSS_PROFIT_QOQ":-12.036037041402,"ROA":4.080817177707,"HOLDER_PROFIT_QOQ":-12.237438454642,"ROE_YEARLY":8.651343163412,"ROIC_YEARLY":5.112657345534,"TOTAL_ASSETS":50159783780.9,"TOTAL_LIABILITIES":25331201676.4,"TAX_EBT":23.373767969146,"OCF_SALES":22.096870968323,"TOTAL_PARENT_EQUITY":23464904104.1,"DEBT_ASSET_RATIO":50.5010184794,"OPERATE_PROFIT":2955988496.8,"PRETAX_PROFIT":2679802529.6,"NETCASH_OPERATE":559895144.1,"NETCASH_INVEST":-966703084.4,"NETCASH_FINANCE":4001897342.3,"END_CASH":9161403293.2,"DIVI_RATIO":0.185435068565,"DIVIDEND_RATE":1.036484245439,"CURRENT_RATIO":1.852721318261,"COMMON_ACS":8000000000,"CURRENTDEBT_DEBT":25.389028384673,"ISSUED_COMMON_SHARES":4245428349,"HK_COMMON_SHARES":4245428349,"PER_SHARES":200,"TOTAL_MARKET_CAP":51199865888.94,"HKSK_MARKET_CAP":51199865888.94,"PE_TTM":-23.6122555322,"PB_TTM":0.933898923898,"REPORT_DATE_SQ":"2019-12-31 00:00:00","REPORT_TYPE_SQ":"2019年年报","OPERATE_INCOME_SQ":2493077617.8,"DPS_HKD":0.125,"OPERATE_INCOME_QOQ_SQ":13.570367278846,"NET_PROFIT_RATIO_SQ":77.9026720281,"HOLDER_PROFIT_SQ":1710403787.4,"HOLDER_PROFIT_QOQ_SQ":13.38074454895,"ROE_AVG_SQ":9.584165723112,"PE_TTM_SQ":11.311583334887,"PB_TTM_SQ":0.674577577859,"ROA_SQ":4.550922256107,"START_DATE":"2020-01-01 00:00:00","FISCAL_YEAR":"12-31","CURRENCY":"HKD","IS_CNY_CODE":0,"DPS_HKD_LY":null,"ORG_TYPE":"一般企业","PREMIUM_INCOME":null,"PREMIUM_INCOME_YOY":null,"NET_INTEREST_INCOME":null,"NET_INTEREST_INCOME_YOY":null,"FEE_COMMISSION_INCOME":null,"FEE_COMMISSION_INCOME_YOY":null,"ACCOUNTS_RECE_TDAYS":4.230876504876,"INVENTORY_TDAYS":null,"CURRENT_ASSETS_TDAYS":0.256984534181,"TOTAL_ASSETS_TDAYS":0.05531922865,"PREMIUM_EXPENSE":null,"LOAN_DEPOSIT":null,"LOAN_EQUITY":null,"LOAN_ASSETS":null,"DEPOSIT_EQUITY":null,"DEPOSIT_ASSETS":null,"EQUITY_MULTIPLIER":2.020243587404,"EQUITY_RATIO":1.079535699955},{"SECUCODE":"01821.HK","SECURITY_CODE":"01821","SECURITY_NAME_ABBR":"ESR","ORG_CODE":"10980344","STD_REPORT_DATE":"2020-06-30 00:00:00","REPORT_DATE":"2020-06-30 00:00:00","DATE_TYPE_CODE":"002","REPORT_TYPE":"2020年中报","PER_NETCASH_OPERATE":0.060695668534,"PER_OI":0.458718696214,"BPS":4.972302498515,"BASIC_EPS":0.28318,"DILUTED_EPS":0.28318,"OPERATE_INCOME":1399199459.5,"OPERATE_INCOME_YOY":26.885717404,"GROSS_PROFIT":970103885,"GROSS_PROFIT_YOY":23.831492482685,"HOLDER_PROFIT":941523943.5,"HOLDER_PROFIT_YOY":75.1059907834,"GROSS_PROFIT_RATIO":69.332780141772,"EPS_TTM":0.698239584231,"OPERATE_INCOME_QOQ":13.171493781641,"NET_PROFIT_RATIO":73.1912912807,"ROE_AVG":4.427167595422,"GROSS_PROFIT_QOQ":9.689410451138,"ROA":2.043834881722,"HOLDER_PROFIT_QOQ":24.519969003198,"ROE_YEARLY":8.854335190844,"ROIC_YEARLY":4.948091140823,"TOTAL_ASSETS":47162687426.5,"TOTAL_LIABILITIES":24585560169,"TAX_EBT":24.816141120461,"OCF_SALES":13.231566324801,"TOTAL_PARENT_EQUITY":21109553987,"DEBT_ASSET_RATIO":52.1292604611,"OPERATE_PROFIT":1559514737,"PRETAX_PROFIT":1362117038.5,"NETCASH_OPERATE":185136004.5,"NETCASH_INVEST":-1786172009,"NETCASH_FINANCE":1861434173.5,"END_CASH":6026417295.5,"DIVI_RATIO":0.162232996465,"DIVIDEND_RATE":1.036484245439,"CURRENT_RATIO":1.65499014105,"COMMON_ACS":8000000000,"CURRENTDEBT_DEBT":25.892296147584,"ISSUED_COMMON_SHARES":4245428349,"HK_COMMON_SHARES":4245428349,"PER_SHARES":200,"TOTAL_MARKET_CAP":51199865888.94,"HKSK_MARKET_CAP":51199865888.94,"PE_TTM":-23.6122555322,"PB_TTM":0.933898923898,"REPORT_DATE_SQ":"2019-06-30 00:00:00","REPORT_TYPE_SQ":"2019年中报","OPERATE_INCOME_SQ":1070823896.1,"DPS_HKD":0.125,"OPERATE_INCOME_QOQ_SQ":25.851216612795,"NET_PROFIT_RATIO_SQ":53.9775171254,"HOLDER_PROFIT_SQ":522133465,"HOLDER_PROFIT_QOQ_SQ":8.118393485801,"ROE_AVG_SQ":3.531894471922,"PE_TTM_SQ":11.311583334887,"PB_TTM_SQ":0.674577577859,"ROA_SQ":1.464995433824,"START_DATE":"2020-01-01 00:00:00","FISCAL_YEAR":"12-31","CURRENCY":"HKD","IS_CNY_CODE":0,"DPS_HKD_LY":null,"ORG_TYPE":"一般企业","PREMIUM_INCOME":null,"PREMIUM_INCOME_YOY":null,"NET_INTEREST_INCOME":null,"NET_INTEREST_INCOME_YOY":null,"FEE_COMMISSION_INCOME":null,"FEE_COMMISSION_INCOME_YOY":null,"ACCOUNTS_RECE_TDAYS":2.051803520355,"INVENTORY_TDAYS":null,"CURRENT_ASSETS_TDAYS":0.147262773383,"TOTAL_ASSETS_TDAYS":0.03037344596,"PREMIUM_EXPENSE":null,"LOAN_DEPOSIT":null,"LOAN_EQUITY":null,"LOAN_ASSETS":null,"DEPOSIT_EQUITY":null,"DEPOSIT_ASSETS":null,"EQUITY_MULTIPLIER":2.088958745221,"EQUITY_RATIO":1.164665069861}],"count":17},"success":true,"message":"ok","code":0}