{"version":"7307b647d2f0be6bb8f01ffb2e77c21a","result":{"pages":4,"data":[{"SECUCODE":"01827.HK","SECURITY_CODE":"01827","SECURITY_NAME_ABBR":"卓珈控股","ORG_CODE":"10572498","STD_REPORT_DATE":"2024-06-30 00:00:00","REPORT_DATE":"2024-09-30 00:00:00","DATE_TYPE_CODE":"002","REPORT_TYPE":"2024年中报","PER_NETCASH_OPERATE":0.082516039475,"PER_OI":0.4510663401,"BPS":0.307977066325,"BASIC_EPS":-0.001442864,"DILUTED_EPS":-0.001442864,"OPERATE_INCOME":180426536.04,"OPERATE_INCOME_YOY":-15.5833087212,"GROSS_PROFIT":157519266.46,"GROSS_PROFIT_YOY":-18.258102590459,"HOLDER_PROFIT":-568127.7,"HOLDER_PROFIT_YOY":95.1724137931,"GROSS_PROFIT_RATIO":87.303824546672,"EPS_TTM":-0.028592587,"OPERATE_INCOME_QOQ":0,"NET_PROFIT_RATIO":-0.3148803455,"ROE_AVG":-0.460913779859,"GROSS_PROFIT_QOQ":0,"ROA":-0.132895691648,"HOLDER_PROFIT_QOQ":0,"ROE_YEARLY":-0.921827559718,"ROIC_YEARLY":-0.360143028231,"TOTAL_ASSETS":422641017.51,"TOTAL_LIABILITIES":299450190.98,"TAX_EBT":135.734543391946,"OCF_SALES":18.293548451588,"TOTAL_PARENT_EQUITY":123190826.53,"DEBT_ASSET_RATIO":70.8521365825,"OPERATE_PROFIT":3917375.76,"PRETAX_PROFIT":1589855.77,"NETCASH_OPERATE":33006415.79,"NETCASH_INVEST":2980415.95,"NETCASH_FINANCE":-24012864.12,"END_CASH":80342274.68,"DIVI_RATIO":null,"DIVIDEND_RATE":null,"CURRENT_RATIO":1.075003445764,"COMMON_ACS":2000000000,"CURRENTDEBT_DEBT":76.472164836687,"ISSUED_COMMON_SHARES":400000000,"HK_COMMON_SHARES":400000000,"PER_SHARES":5000,"TOTAL_MARKET_CAP":448000000,"HKSK_MARKET_CAP":448000000,"PE_TTM":-2285.71428571429,"PB_TTM":3.279480553705,"REPORT_DATE_SQ":"2023-06-30 00:00:00","REPORT_TYPE_SQ":"2023年中报","OPERATE_INCOME_SQ":217487486.3,"DPS_HKD":null,"OPERATE_INCOME_QOQ_SQ":0,"NET_PROFIT_RATIO_SQ":-5.5060967892,"HOLDER_PROFIT_SQ":-11975071.5,"HOLDER_PROFIT_QOQ_SQ":0,"ROE_AVG_SQ":-9.055017034534,"PE_TTM_SQ":-15.150695308695,"PB_TTM_SQ":4.071986911471,"ROA_SQ":-2.534349662572,"START_DATE":"2024-04-01 00:00:00","FISCAL_YEAR":"3-31","CURRENCY":"HKD","IS_CNY_CODE":0,"DPS_HKD_LY":null,"ORG_TYPE":"一般企业","PREMIUM_INCOME":null,"PREMIUM_INCOME_YOY":null,"NET_INTEREST_INCOME":null,"NET_INTEREST_INCOME_YOY":null,"FEE_COMMISSION_INCOME":null,"FEE_COMMISSION_INCOME_YOY":null,"ACCOUNTS_RECE_TDAYS":23.257890148213,"INVENTORY_TDAYS":0.565085367888,"CURRENT_ASSETS_TDAYS":0.720289878551,"TOTAL_ASSETS_TDAYS":0.42205140321,"PREMIUM_EXPENSE":null,"LOAN_DEPOSIT":null,"LOAN_EQUITY":null,"LOAN_ASSETS":null,"DEPOSIT_EQUITY":null,"DEPOSIT_ASSETS":null,"EQUITY_MULTIPLIER":3.430783195586,"EQUITY_RATIO":2.43078319559},{"SECUCODE":"01827.HK","SECURITY_CODE":"01827","SECURITY_NAME_ABBR":"卓珈控股","ORG_CODE":"10572498","STD_REPORT_DATE":"2023-12-31 00:00:00","REPORT_DATE":"2024-03-31 00:00:00","DATE_TYPE_CODE":"001","REPORT_TYPE":"2023年年报","PER_NETCASH_OPERATE":0.191397635125,"PER_OI":1.1201785075,"BPS":0.309956244125,"BASIC_EPS":-0.028556325,"DILUTED_EPS":-0.028556325,"OPERATE_INCOME":448071403,"OPERATE_INCOME_YOY":6.7246505743,"GROSS_PROFIT":400170207.55,"GROSS_PROFIT_YOY":9.96812149363,"HOLDER_PROFIT":-11437034.8,"HOLDER_PROFIT_YOY":38.4615384615,"GROSS_PROFIT_RATIO":89.309472747137,"EPS_TTM":-0.082517241875,"OPERATE_INCOME_QOQ":0,"NET_PROFIT_RATIO":-2.5525027314,"ROE_AVG":-8.777080521504,"GROSS_PROFIT_QOQ":0,"ROA":-2.532687447177,"HOLDER_PROFIT_QOQ":0,"ROE_YEARLY":-8.777080521504,"ROIC_YEARLY":-3.322124411137,"TOTAL_ASSETS":434639051.65,"TOTAL_LIABILITIES":310656554,"TAX_EBT":-7.096774193548,"OCF_SALES":17.086351313074,"TOTAL_PARENT_EQUITY":123982497.65,"DEBT_ASSET_RATIO":71.4746069919,"OPERATE_PROFIT":-6005893.75,"PRETAX_PROFIT":-10679159,"NETCASH_OPERATE":76559054.05,"NETCASH_INVEST":-53486450,"NETCASH_FINANCE":-50391488.3,"END_CASH":68610423.65,"DIVI_RATIO":null,"DIVIDEND_RATE":null,"CURRENT_RATIO":1.016494170381,"COMMON_ACS":2000000000,"CURRENTDEBT_DEBT":81.118536243726,"ISSUED_COMMON_SHARES":400000000,"HK_COMMON_SHARES":400000000,"PER_SHARES":5000,"TOTAL_MARKET_CAP":428000000,"HKSK_MARKET_CAP":428000000,"PE_TTM":-2183.67346938776,"PB_TTM":3.133075171843,"REPORT_DATE_SQ":"2022-12-31 00:00:00","REPORT_TYPE_SQ":"2022年年报","OPERATE_INCOME_SQ":405417252.97,"DPS_HKD":null,"OPERATE_INCOME_QOQ_SQ":0,"NET_PROFIT_RATIO_SQ":-4.426743134,"HOLDER_PROFIT_SQ":-17946780.41,"HOLDER_PROFIT_QOQ_SQ":0,"ROE_AVG_SQ":-12.734212675825,"PE_TTM_SQ":-28.486415296815,"PB_TTM_SQ":4.246500636248,"ROA_SQ":-4.126506478802,"START_DATE":"2023-04-01 00:00:00","FISCAL_YEAR":"3-31","CURRENCY":"HKD","IS_CNY_CODE":0,"DPS_HKD_LY":null,"ORG_TYPE":"一般企业","PREMIUM_INCOME":null,"PREMIUM_INCOME_YOY":null,"NET_INTEREST_INCOME":null,"NET_INTEREST_INCOME_YOY":null,"FEE_COMMISSION_INCOME":null,"FEE_COMMISSION_INCOME_YOY":null,"ACCOUNTS_RECE_TDAYS":31.402522316465,"INVENTORY_TDAYS":1.315302756861,"CURRENT_ASSETS_TDAYS":1.778262285232,"TOTAL_ASSETS_TDAYS":0.9922369195,"PREMIUM_EXPENSE":null,"LOAN_DEPOSIT":null,"LOAN_EQUITY":null,"LOAN_ASSETS":null,"DEPOSIT_EQUITY":null,"DEPOSIT_ASSETS":null,"EQUITY_MULTIPLIER":3.505648457555,"EQUITY_RATIO":2.505648457551},{"SECUCODE":"01827.HK","SECURITY_CODE":"01827","SECURITY_NAME_ABBR":"卓珈控股","ORG_CODE":"10572498","STD_REPORT_DATE":"2023-06-30 00:00:00","REPORT_DATE":"2023-09-30 00:00:00","DATE_TYPE_CODE":"002","REPORT_TYPE":"2023年中报","PER_NETCASH_OPERATE":0.056390657575,"PER_OI":0.54371871575,"BPS":0.315492664375,"BASIC_EPS":-0.029914738,"DILUTED_EPS":-0.029914738,"OPERATE_INCOME":217487486.3,"OPERATE_INCOME_YOY":11.8499292119,"GROSS_PROFIT":192703217.63,"GROSS_PROFIT_YOY":10.444274748246,"HOLDER_PROFIT":-11975071.5,"HOLDER_PROFIT_YOY":-482.5857519789,"GROSS_PROFIT_RATIO":88.604278300494,"EPS_TTM":-0.044866951025,"OPERATE_INCOME_QOQ":0,"NET_PROFIT_RATIO":-5.5060967892,"ROE_AVG":-9.055017034534,"GROSS_PROFIT_QOQ":0,"ROA":-2.534349662572,"HOLDER_PROFIT_QOQ":0,"ROE_YEARLY":-18.110034069068,"ROIC_YEARLY":-6.403690095749,"TOTAL_ASSETS":470779977.57,"TOTAL_LIABILITIES":344582911.82,"TAX_EBT":21.546230612,"OCF_SALES":10.371292350534,"TOTAL_PARENT_EQUITY":126197065.75,"DEBT_ASSET_RATIO":73.1940456768,"OPERATE_PROFIT":-12916559.88,"PRETAX_PROFIT":-15263857.42,"NETCASH_OPERATE":22556263.03,"NETCASH_INVEST":-23693206.6,"NETCASH_FINANCE":-24739304.8,"END_CASH":70959410.27,"DIVI_RATIO":null,"DIVIDEND_RATE":null,"CURRENT_RATIO":0.916804938836,"COMMON_ACS":2000000000,"CURRENTDEBT_DEBT":79.283861587051,"ISSUED_COMMON_SHARES":400000000,"HK_COMMON_SHARES":400000000,"PER_SHARES":5000,"TOTAL_MARKET_CAP":428000000,"HKSK_MARKET_CAP":428000000,"PE_TTM":-2183.67346938776,"PB_TTM":3.133075171843,"REPORT_DATE_SQ":"2022-06-30 00:00:00","REPORT_TYPE_SQ":"2022年中报","OPERATE_INCOME_SQ":191650836,"DPS_HKD":null,"OPERATE_INCOME_QOQ_SQ":0,"NET_PROFIT_RATIO_SQ":1.6097215668,"HOLDER_PROFIT_SQ":3085044.84,"HOLDER_PROFIT_QOQ_SQ":0,"ROE_AVG_SQ":1.972537147715,"PE_TTM_SQ":-28.486415296815,"PB_TTM_SQ":4.246500636248,"ROA_SQ":0.697829996256,"START_DATE":"2023-04-01 00:00:00","FISCAL_YEAR":"3-31","CURRENCY":"HKD","IS_CNY_CODE":0,"DPS_HKD_LY":null,"ORG_TYPE":"一般企业","PREMIUM_INCOME":null,"PREMIUM_INCOME_YOY":null,"NET_INTEREST_INCOME":null,"NET_INTEREST_INCOME_YOY":null,"FEE_COMMISSION_INCOME":null,"FEE_COMMISSION_INCOME_YOY":null,"ACCOUNTS_RECE_TDAYS":12.691978151441,"INVENTORY_TDAYS":0.640129879364,"CURRENT_ASSETS_TDAYS":0.867720334919,"TOTAL_ASSETS_TDAYS":0.460280623392,"PREMIUM_EXPENSE":null,"LOAN_DEPOSIT":null,"LOAN_EQUITY":null,"LOAN_ASSETS":null,"DEPOSIT_EQUITY":null,"DEPOSIT_ASSETS":null,"EQUITY_MULTIPLIER":3.730514451912,"EQUITY_RATIO":2.730514451918},{"SECUCODE":"01827.HK","SECURITY_CODE":"01827","SECURITY_NAME_ABBR":"卓珈控股","ORG_CODE":"10572498","STD_REPORT_DATE":"2022-12-31 00:00:00","REPORT_DATE":"2023-03-31 00:00:00","DATE_TYPE_CODE":"001","REPORT_TYPE":"2022年年报","PER_NETCASH_OPERATE":0.217655376825,"PER_OI":1.013543132425,"BPS":0.329839168325,"BASIC_EPS":-0.044908533,"DILUTED_EPS":-0.044908533,"OPERATE_INCOME":405417252.97,"OPERATE_INCOME_YOY":27.2596622838,"GROSS_PROFIT":363896556.67,"GROSS_PROFIT_YOY":33.988157948345,"HOLDER_PROFIT":-17946780.41,"HOLDER_PROFIT_YOY":-180.7698368923,"GROSS_PROFIT_RATIO":89.758527542716,"EPS_TTM":-0.0531191537,"OPERATE_INCOME_QOQ":0,"NET_PROFIT_RATIO":-4.426743134,"ROE_AVG":-12.734212675825,"GROSS_PROFIT_QOQ":0,"ROA":-4.126506478802,"HOLDER_PROFIT_QOQ":0,"ROE_YEARLY":-12.734212675825,"ROIC_YEARLY":-5.055521716722,"TOTAL_ASSETS":452421517.51,"TOTAL_LIABILITIES":320485850.18,"TAX_EBT":14.103154983869,"OCF_SALES":21.474702936839,"TOTAL_PARENT_EQUITY":131935667.33,"DEBT_ASSET_RATIO":70.8378885124,"OPERATE_PROFIT":-17689409.87,"PRETAX_PROFIT":-20893410.47,"NETCASH_OPERATE":87062150.73,"NETCASH_INVEST":-33125514.4,"NETCASH_FINANCE":-19192488.84,"END_CASH":92452050.1,"DIVI_RATIO":null,"DIVIDEND_RATE":null,"CURRENT_RATIO":0.953811526181,"COMMON_ACS":2000000000,"CURRENTDEBT_DEBT":78.275489076695,"ISSUED_COMMON_SHARES":400000000,"HK_COMMON_SHARES":400000000,"PER_SHARES":5000,"TOTAL_MARKET_CAP":428000000,"HKSK_MARKET_CAP":428000000,"PE_TTM":-2183.67346938776,"PB_TTM":3.133075171843,"REPORT_DATE_SQ":"2021-12-31 00:00:00","REPORT_TYPE_SQ":"2021年年报","OPERATE_INCOME_SQ":295138704.15,"DPS_HKD":null,"OPERATE_INCOME_QOQ_SQ":0,"NET_PROFIT_RATIO_SQ":6.9747056318,"HOLDER_PROFIT_SQ":20585055.82,"HOLDER_PROFIT_QOQ_SQ":0,"ROE_AVG_SQ":16.021764653899,"PE_TTM_SQ":-28.486415296815,"PB_TTM_SQ":4.246500636248,"ROA_SQ":5.979628929417,"START_DATE":"2022-04-01 00:00:00","FISCAL_YEAR":"3-31","CURRENCY":"HKD","IS_CNY_CODE":0,"DPS_HKD_LY":null,"ORG_TYPE":"一般企业","PREMIUM_INCOME":null,"PREMIUM_INCOME_YOY":null,"NET_INTEREST_INCOME":null,"NET_INTEREST_INCOME_YOY":null,"FEE_COMMISSION_INCOME":null,"FEE_COMMISSION_INCOME_YOY":null,"ACCOUNTS_RECE_TDAYS":45.595845229891,"INVENTORY_TDAYS":1.245486653624,"CURRENT_ASSETS_TDAYS":1.956412179074,"TOTAL_ASSETS_TDAYS":0.932176625991,"PREMIUM_EXPENSE":null,"LOAN_DEPOSIT":null,"LOAN_EQUITY":null,"LOAN_ASSETS":null,"DEPOSIT_EQUITY":null,"DEPOSIT_ASSETS":null,"EQUITY_MULTIPLIER":3.42910697816,"EQUITY_RATIO":2.429106978164},{"SECUCODE":"01827.HK","SECURITY_CODE":"01827","SECURITY_NAME_ABBR":"卓珈控股","ORG_CODE":"10572498","STD_REPORT_DATE":"2022-06-30 00:00:00","REPORT_DATE":"2022-09-30 00:00:00","DATE_TYPE_CODE":"002","REPORT_TYPE":"2022年中报","PER_NETCASH_OPERATE":0.1223662098,"PER_OI":0.47912709,"BPS":0.3947405769,"BASIC_EPS":0.00768774,"DILUTED_EPS":0.00768774,"OPERATE_INCOME":191650836,"OPERATE_INCOME_YOY":6.0932258549,"GROSS_PROFIT":174480042.6,"GROSS_PROFIT_YOY":12.355226833789,"HOLDER_PROFIT":3085044.84,"HOLDER_PROFIT_YOY":-93.6738440995,"GROSS_PROFIT_RATIO":91.04058518169,"EPS_TTM":0.05146263955,"OPERATE_INCOME_QOQ":0,"NET_PROFIT_RATIO":1.6097215668,"ROE_AVG":1.972537147715,"GROSS_PROFIT_QOQ":0,"ROA":0.697829996256,"HOLDER_PROFIT_QOQ":0,"ROE_YEARLY":3.94507429543,"ROIC_YEARLY":1.641640196362,"TOTAL_ASSETS":452932698.72,"TOTAL_LIABILITIES":295036467.96,"TAX_EBT":20.876826722338,"OCF_SALES":25.539405379896,"TOTAL_PARENT_EQUITY":157896230.76,"DEBT_ASSET_RATIO":65.1391407142,"OPERATE_PROFIT":5473670.88,"PRETAX_PROFIT":3899040.84,"NETCASH_OPERATE":48946483.92,"NETCASH_INVEST":-17569651.44,"NETCASH_FINANCE":-17638388.88,"END_CASH":73080560.88,"DIVI_RATIO":null,"DIVIDEND_RATE":null,"CURRENT_RATIO":1.001251824694,"COMMON_ACS":2000000000,"CURRENTDEBT_DEBT":72.240802675585,"ISSUED_COMMON_SHARES":400000000,"HK_COMMON_SHARES":400000000,"PER_SHARES":5000,"TOTAL_MARKET_CAP":428000000,"HKSK_MARKET_CAP":428000000,"PE_TTM":-2183.67346938776,"PB_TTM":3.133075171843,"REPORT_DATE_SQ":"2021-06-30 00:00:00","REPORT_TYPE_SQ":"2021年中报","OPERATE_INCOME_SQ":166387073.8,"DPS_HKD":null,"OPERATE_INCOME_QOQ_SQ":0,"NET_PROFIT_RATIO_SQ":26.9959445251,"HOLDER_PROFIT_SQ":44917762.14,"HOLDER_PROFIT_QOQ_SQ":0,"ROE_AVG_SQ":31.239915062009,"PE_TTM_SQ":-28.486415296815,"PB_TTM_SQ":4.246500636248,"ROA_SQ":12.61921423339,"START_DATE":"2022-04-01 00:00:00","FISCAL_YEAR":"3-31","CURRENCY":"HKD","IS_CNY_CODE":0,"DPS_HKD_LY":null,"ORG_TYPE":"一般企业","PREMIUM_INCOME":null,"PREMIUM_INCOME_YOY":null,"NET_INTEREST_INCOME":null,"NET_INTEREST_INCOME_YOY":null,"FEE_COMMISSION_INCOME":null,"FEE_COMMISSION_INCOME_YOY":null,"ACCOUNTS_RECE_TDAYS":58.302379969734,"INVENTORY_TDAYS":0.45675997546,"CURRENT_ASSETS_TDAYS":0.971891289442,"TOTAL_ASSETS_TDAYS":0.433509751412,"PREMIUM_EXPENSE":null,"LOAN_DEPOSIT":null,"LOAN_EQUITY":null,"LOAN_ASSETS":null,"DEPOSIT_EQUITY":null,"DEPOSIT_ASSETS":null,"EQUITY_MULTIPLIER":2.868546617861,"EQUITY_RATIO":1.868546617864},{"SECUCODE":"01827.HK","SECURITY_CODE":"01827","SECURITY_NAME_ABBR":"卓珈控股","ORG_CODE":"10572498","STD_REPORT_DATE":"2021-12-31 00:00:00","REPORT_DATE":"2022-03-31 00:00:00","DATE_TYPE_CODE":"001","REPORT_TYPE":"2021年年报","PER_NETCASH_OPERATE":0.089269898225,"PER_OI":0.737846760375,"BPS":0.34725420675,"BASIC_EPS":0.051499135,"DILUTED_EPS":0.051499135,"OPERATE_INCOME":295138704.15,"OPERATE_INCOME_YOY":182.387038201,"GROSS_PROFIT":271588595.77,"GROSS_PROFIT_YOY":177.30013675949,"HOLDER_PROFIT":20585055.82,"HOLDER_PROFIT_YOY":300.6006480677,"GROSS_PROFIT_RATIO":92.020664166083,"EPS_TTM":0.0991552442,"OPERATE_INCOME_QOQ":0,"NET_PROFIT_RATIO":6.9747056318,"ROE_AVG":16.021764653899,"GROSS_PROFIT_QOQ":0,"ROA":5.979628929417,"HOLDER_PROFIT_QOQ":0,"ROE_YEARLY":16.021764653899,"ROIC_YEARLY":8.168033261678,"TOTAL_ASSETS":386700922.14,"TOTAL_LIABILITIES":247799239.44,"TAX_EBT":18.650043267844,"OCF_SALES":12.098704367778,"TOTAL_PARENT_EQUITY":138901682.7,"DEBT_ASSET_RATIO":64.0803332117,"OPERATE_PROFIT":27759250.28,"PRETAX_PROFIT":25304323.01,"NETCASH_OPERATE":35707959.29,"NETCASH_INVEST":-79081585.1,"NETCASH_FINANCE":-23304372.35,"END_CASH":53267136.8,"DIVI_RATIO":null,"DIVIDEND_RATE":null,"CURRENT_RATIO":0.985772978512,"COMMON_ACS":2000000000,"CURRENTDEBT_DEBT":66.436912523237,"ISSUED_COMMON_SHARES":400000000,"HK_COMMON_SHARES":400000000,"PER_SHARES":5000,"TOTAL_MARKET_CAP":428000000,"HKSK_MARKET_CAP":428000000,"PE_TTM":-2183.67346938776,"PB_TTM":3.133075171843,"REPORT_DATE_SQ":"2020-12-31 00:00:00","REPORT_TYPE_SQ":"2020年年报","OPERATE_INCOME_SQ":108919191.78,"DPS_HKD":null,"OPERATE_INCOME_QOQ_SQ":0,"NET_PROFIT_RATIO_SQ":-9.8183454773,"HOLDER_PROFIT_SQ":-10694062.54,"HOLDER_PROFIT_QOQ_SQ":0,"ROE_AVG_SQ":-8.329685159889,"PE_TTM_SQ":-28.486415296815,"PB_TTM_SQ":4.246500636248,"ROA_SQ":-3.469493519207,"START_DATE":"2021-04-01 00:00:00","FISCAL_YEAR":"3-31","CURRENCY":"HKD","IS_CNY_CODE":0,"DPS_HKD_LY":null,"ORG_TYPE":"一般企业","PREMIUM_INCOME":null,"PREMIUM_INCOME_YOY":null,"NET_INTEREST_INCOME":null,"NET_INTEREST_INCOME_YOY":null,"FEE_COMMISSION_INCOME":null,"FEE_COMMISSION_INCOME_YOY":null,"ACCOUNTS_RECE_TDAYS":39.342162162162,"INVENTORY_TDAYS":1.114210617194,"CURRENT_ASSETS_TDAYS":1.522389370906,"TOTAL_ASSETS_TDAYS":0.857330652371,"PREMIUM_EXPENSE":null,"LOAN_DEPOSIT":null,"LOAN_EQUITY":null,"LOAN_ASSETS":null,"DEPOSIT_EQUITY":null,"DEPOSIT_ASSETS":null,"EQUITY_MULTIPLIER":2.783990190927,"EQUITY_RATIO":1.783990190927},{"SECUCODE":"01827.HK","SECURITY_CODE":"01827","SECURITY_NAME_ABBR":"卓珈控股","ORG_CODE":"10572498","STD_REPORT_DATE":"2021-06-30 00:00:00","REPORT_DATE":"2021-09-30 00:00:00","DATE_TYPE_CODE":"002","REPORT_TYPE":"2021年中报","PER_NETCASH_OPERATE":-0.0551360761,"PER_OI":0.4159676845,"BPS":0.41573651035,"BASIC_EPS":0.112296488,"DILUTED_EPS":0.112296488,"OPERATE_INCOME":166387073.8,"OPERATE_INCOME_YOY":266.4770642202,"GROSS_PROFIT":155293213.78,"GROSS_PROFIT_YOY":261.35239947771,"HOLDER_PROFIT":44917762.14,"HOLDER_PROFIT_YOY":971.206980126,"GROSS_PROFIT_RATIO":93.332498873479,"EPS_TTM":-0.02673515635,"OPERATE_INCOME_QOQ":0,"NET_PROFIT_RATIO":26.9959445251,"ROE_AVG":31.239915062009,"GROSS_PROFIT_QOQ":0,"ROA":12.61921423339,"HOLDER_PROFIT_QOQ":0,"ROE_YEARLY":62.479830124018,"ROIC_YEARLY":37.157136876489,"TOTAL_ASSETS":401883972.14,"TOTAL_LIABILITIES":235589368,"TAX_EBT":10.976274208728,"OCF_SALES":-13.254894107045,"TOTAL_PARENT_EQUITY":166294604.14,"DEBT_ASSET_RATIO":58.6212400424,"OPERATE_PROFIT":51436456.64,"PRETAX_PROFIT":50455945.02,"NETCASH_OPERATE":-22054430.44,"NETCASH_INVEST":-3404716.22,"NETCASH_FINANCE":-12388435.26,"END_CASH":85253694.28,"DIVI_RATIO":null,"DIVIDEND_RATE":null,"CURRENT_RATIO":1.498516382481,"COMMON_ACS":2000000000,"CURRENTDEBT_DEBT":67.68882602546,"ISSUED_COMMON_SHARES":400000000,"HK_COMMON_SHARES":400000000,"PER_SHARES":5000,"TOTAL_MARKET_CAP":428000000,"HKSK_MARKET_CAP":428000000,"PE_TTM":-2183.67346938776,"PB_TTM":3.133075171843,"REPORT_DATE_SQ":"2020-06-30 00:00:00","REPORT_TYPE_SQ":"2020年中报","OPERATE_INCOME_SQ":47890240,"DPS_HKD":null,"OPERATE_INCOME_QOQ_SQ":0,"NET_PROFIT_RATIO_SQ":-11.3559633028,"HOLDER_PROFIT_SQ":-5438398.08,"HOLDER_PROFIT_QOQ_SQ":0,"ROE_AVG_SQ":-3.989004295801,"PE_TTM_SQ":-28.486415296815,"PB_TTM_SQ":4.246500636248,"ROA_SQ":-1.724978887195,"START_DATE":"2021-04-01 00:00:00","FISCAL_YEAR":"3-31","CURRENCY":"HKD","IS_CNY_CODE":0,"DPS_HKD_LY":null,"ORG_TYPE":"一般企业","PREMIUM_INCOME":null,"PREMIUM_INCOME_YOY":null,"NET_INTEREST_INCOME":null,"NET_INTEREST_INCOME_YOY":null,"FEE_COMMISSION_INCOME":null,"FEE_COMMISSION_INCOME_YOY":null,"ACCOUNTS_RECE_TDAYS":7.387420709041,"INVENTORY_TDAYS":0.563134303112,"CURRENT_ASSETS_TDAYS":0.70722164191,"TOTAL_ASSETS_TDAYS":0.467448517004,"PREMIUM_EXPENSE":null,"LOAN_DEPOSIT":null,"LOAN_EQUITY":null,"LOAN_ASSETS":null,"DEPOSIT_EQUITY":null,"DEPOSIT_ASSETS":null,"EQUITY_MULTIPLIER":2.416698811237,"EQUITY_RATIO":1.416698811235},{"SECUCODE":"01827.HK","SECURITY_CODE":"01827","SECURITY_NAME_ABBR":"卓珈控股","ORG_CODE":"10572498","STD_REPORT_DATE":"2020-12-31 00:00:00","REPORT_DATE":"2021-03-31 00:00:00","DATE_TYPE_CODE":"001","REPORT_TYPE":"2020年年报","PER_NETCASH_OPERATE":0.05184122825,"PER_OI":0.27229797945,"BPS":0.3075905833,"BASIC_EPS":-0.026707688,"DILUTED_EPS":-0.026707688,"OPERATE_INCOME":108919191.78,"OPERATE_INCOME_YOY":-26.9972639056,"GROSS_PROFIT":97940303.58,"GROSS_PROFIT_YOY":-32.60809010934,"HOLDER_PROFIT":-10694062.54,"HOLDER_PROFIT_YOY":-193.338742992,"GROSS_PROFIT_RATIO":89.92015271085,"EPS_TTM":-0.0086446706,"OPERATE_INCOME_QOQ":0,"NET_PROFIT_RATIO":-9.8183454773,"ROE_AVG":-8.329685159889,"GROSS_PROFIT_QOQ":0,"ROA":-3.469493519207,"HOLDER_PROFIT_QOQ":0,"ROE_YEARLY":-8.329685159889,"ROIC_YEARLY":-6.167892640743,"TOTAL_ASSETS":314521059.3,"TOTAL_LIABILITIES":191484825.98,"TAX_EBT":21.976937781341,"OCF_SALES":19.038418263225,"TOTAL_PARENT_EQUITY":123036233.32,"DEBT_ASSET_RATIO":60.881400567,"OPERATE_PROFIT":-12143546.24,"PRETAX_PROFIT":-13706284.06,"NETCASH_OPERATE":20736491.3,"NETCASH_INVEST":44115860.46,"NETCASH_FINANCE":-12381887,"END_CASH":124786601.1,"DIVI_RATIO":null,"DIVIDEND_RATE":null,"CURRENT_RATIO":1.430627106868,"COMMON_ACS":2000000000,"CURRENTDEBT_DEBT":85.762774705267,"ISSUED_COMMON_SHARES":400000000,"HK_COMMON_SHARES":400000000,"PER_SHARES":5000,"TOTAL_MARKET_CAP":428000000,"HKSK_MARKET_CAP":428000000,"PE_TTM":-2183.67346938776,"PB_TTM":3.133075171843,"REPORT_DATE_SQ":"2019-12-31 00:00:00","REPORT_TYPE_SQ":"2019年年报","OPERATE_INCOME_SQ":161294547.3,"DPS_HKD":null,"OPERATE_INCOME_QOQ_SQ":0,"NET_PROFIT_RATIO_SQ":7.6791915209,"HOLDER_PROFIT_SQ":12386117.2,"HOLDER_PROFIT_QOQ_SQ":0,"ROE_AVG_SQ":9.038628870138,"PE_TTM_SQ":-28.486415296815,"PB_TTM_SQ":4.246500636248,"ROA_SQ":4.245031909763,"START_DATE":"2020-04-01 00:00:00","FISCAL_YEAR":"3-31","CURRENCY":"HKD","IS_CNY_CODE":0,"DPS_HKD_LY":null,"ORG_TYPE":"一般企业","PREMIUM_INCOME":null,"PREMIUM_INCOME_YOY":null,"NET_INTEREST_INCOME":null,"NET_INTEREST_INCOME_YOY":null,"FEE_COMMISSION_INCOME":null,"FEE_COMMISSION_INCOME_YOY":null,"ACCOUNTS_RECE_TDAYS":10.634236910509,"INVENTORY_TDAYS":0.91241132261,"CURRENT_ASSETS_TDAYS":0.487774505871,"TOTAL_ASSETS_TDAYS":0.353368449627,"PREMIUM_EXPENSE":null,"LOAN_DEPOSIT":null,"LOAN_EQUITY":null,"LOAN_ASSETS":null,"DEPOSIT_EQUITY":null,"DEPOSIT_ASSETS":null,"EQUITY_MULTIPLIER":2.556328740022,"EQUITY_RATIO":1.556328740022},{"SECUCODE":"01827.HK","SECURITY_CODE":"01827","SECURITY_NAME_ABBR":"卓珈控股","ORG_CODE":"10572498","STD_REPORT_DATE":"2020-06-30 00:00:00","REPORT_DATE":"2020-09-30 00:00:00","DATE_TYPE_CODE":"002","REPORT_TYPE":"2020年中报","PER_NETCASH_OPERATE":0.0391667472,"PER_OI":0.1197256,"BPS":0.3340717696,"BASIC_EPS":-0.01362016,"DILUTED_EPS":-0.01362016,"OPERATE_INCOME":47890240,"OPERATE_INCOME_YOY":-39.7676911685,"GROSS_PROFIT":42975559.04,"GROSS_PROFIT_YOY":-41.686801453537,"HOLDER_PROFIT":-5438398.08,"HOLDER_PROFIT_YOY":-153.649445215,"GROSS_PROFIT_RATIO":89.737614678899,"EPS_TTM":0.030965293,"OPERATE_INCOME_QOQ":0,"NET_PROFIT_RATIO":-11.3559633028,"ROE_AVG":-3.989004295801,"GROSS_PROFIT_QOQ":0,"ROA":-1.724978887195,"HOLDER_PROFIT_QOQ":0,"ROE_YEARLY":-7.978008591602,"ROIC_YEARLY":-6.23955600251,"TOTAL_ASSETS":316623026.56,"TOTAL_LIABILITIES":182994318.72,"TAX_EBT":19.066300510004,"OCF_SALES":32.71376146789,"TOTAL_PARENT_EQUITY":133628707.84,"DEBT_ASSET_RATIO":57.7956444634,"OPERATE_PROFIT":-5858426.24,"PRETAX_PROFIT":-6719571.84,"NETCASH_OPERATE":15666698.88,"NETCASH_INVEST":12878520.32,"NETCASH_FINANCE":-7588625.92,"END_CASH":96178540.16,"DIVI_RATIO":null,"DIVIDEND_RATE":null,"CURRENT_RATIO":1.49346026772,"COMMON_ACS":2000000000,"CURRENTDEBT_DEBT":84.587348920293,"ISSUED_COMMON_SHARES":400000000,"HK_COMMON_SHARES":400000000,"PER_SHARES":5000,"TOTAL_MARKET_CAP":428000000,"HKSK_MARKET_CAP":428000000,"PE_TTM":-2183.67346938776,"PB_TTM":3.133075171843,"REPORT_DATE_SQ":"2019-06-30 00:00:00","REPORT_TYPE_SQ":"2019年中报","OPERATE_INCOME_SQ":81616570.83,"DPS_HKD":null,"OPERATE_INCOME_QOQ_SQ":0,"NET_PROFIT_RATIO_SQ":12.7493562327,"HOLDER_PROFIT_SQ":10405587.36,"HOLDER_PROFIT_QOQ_SQ":0,"ROE_AVG_SQ":7.743919016436,"PE_TTM_SQ":-28.486415296815,"PB_TTM_SQ":4.246500636248,"ROA_SQ":3.66740898636,"START_DATE":"2020-04-01 00:00:00","FISCAL_YEAR":"3-31","CURRENCY":"HKD","IS_CNY_CODE":0,"DPS_HKD_LY":null,"ORG_TYPE":"一般企业","PREMIUM_INCOME":null,"PREMIUM_INCOME_YOY":null,"NET_INTEREST_INCOME":null,"NET_INTEREST_INCOME_YOY":null,"FEE_COMMISSION_INCOME":null,"FEE_COMMISSION_INCOME_YOY":null,"ACCOUNTS_RECE_TDAYS":4.954995908719,"INVENTORY_TDAYS":0.390313688545,"CURRENT_ASSETS_TDAYS":0.212266677053,"TOTAL_ASSETS_TDAYS":0.151900709892,"PREMIUM_EXPENSE":null,"LOAN_DEPOSIT":null,"LOAN_EQUITY":null,"LOAN_ASSETS":null,"DEPOSIT_EQUITY":null,"DEPOSIT_ASSETS":null,"EQUITY_MULTIPLIER":2.369423694037,"EQUITY_RATIO":1.36942369404}],"count":28},"success":true,"message":"ok","code":0}