{"version":"002c06968d11e75ef1f5eca70a5c5783","result":{"pages":4,"data":[{"SECUCODE":"01823.HK","SECURITY_CODE":"01823","SECURITY_NAME_ABBR":"华昱高速","ORG_CODE":"10136971","STD_REPORT_DATE":"2024-06-30 00:00:00","REPORT_DATE":"2024-06-30 00:00:00","DATE_TYPE_CODE":"002","REPORT_TYPE":"2024年中报","PER_NETCASH_OPERATE":-0.218859062355,"PER_OI":0.312218861486,"BPS":1.868337501939,"BASIC_EPS":0.0289,"DILUTED_EPS":0.0289,"OPERATE_INCOME":128824000,"OPERATE_INCOME_YOY":-53.4608826334,"GROSS_PROFIT":29170000,"GROSS_PROFIT_YOY":-66.389749853092,"HOLDER_PROFIT":11918000,"HOLDER_PROFIT_YOY":-96.4940665651,"GROSS_PROFIT_RATIO":22.643296280196,"EPS_TTM":0.003422134326,"OPERATE_INCOME_QOQ":-36.350416601163,"NET_PROFIT_RATIO":10.8628826927,"ROE_AVG":1.513668805252,"GROSS_PROFIT_QOQ":-50.097379449458,"ROA":0.89377816258,"HOLDER_PROFIT_QOQ":-99.571383472158,"ROE_YEARLY":3.027337610504,"ROIC_YEARLY":3.35119578612,"TOTAL_ASSETS":1417651000,"TOTAL_LIABILITIES":312629000,"TAX_EBT":8.553878324512,"OCF_SALES":-70.097963112464,"TOTAL_PARENT_EQUITY":770891000,"DEBT_ASSET_RATIO":22.0526067417,"OPERATE_PROFIT":4997000,"PRETAX_PROFIT":15303000,"NETCASH_OPERATE":-90303000,"NETCASH_INVEST":-66675000,"NETCASH_FINANCE":119357000,"END_CASH":276297000,"DIVI_RATIO":32.042172969518,"DIVIDEND_RATE":24.2,"CURRENT_RATIO":2.995951166181,"COMMON_ACS":10000000000,"CURRENTDEBT_DEBT":87.771767814246,"ISSUED_COMMON_SHARES":412608000,"HK_COMMON_SHARES":412608000,"PER_SHARES":2000,"TOTAL_MARKET_CAP":206304000,"HKSK_MARKET_CAP":206304000,"PE_TTM":26.190209458879,"PB_TTM":0.244249232019,"REPORT_DATE_SQ":"2023-06-30 00:00:00","REPORT_TYPE_SQ":"2023年中报","OPERATE_INCOME_SQ":276808000,"DPS_HKD":0.121,"OPERATE_INCOME_QOQ_SQ":11.21165397208,"NET_PROFIT_RATIO_SQ":133.6821912661,"HOLDER_PROFIT_SQ":339938000,"HOLDER_PROFIT_QOQ_SQ":618.250795463817,"ROE_AVG_SQ":50.958876181825,"PE_TTM_SQ":1.290304051165,"PB_TTM_SQ":0.554775165343,"ROA_SQ":22.41295019099,"START_DATE":"2024-01-01 00:00:00","FISCAL_YEAR":"12-31","CURRENCY":"HKD","IS_CNY_CODE":0,"DPS_HKD_LY":0.121,"ORG_TYPE":"一般企业","PREMIUM_INCOME":null,"PREMIUM_INCOME_YOY":null,"NET_INTEREST_INCOME":null,"NET_INTEREST_INCOME_YOY":null,"FEE_COMMISSION_INCOME":null,"FEE_COMMISSION_INCOME_YOY":null,"ACCOUNTS_RECE_TDAYS":18.90162130438,"INVENTORY_TDAYS":0.356388267018,"CURRENT_ASSETS_TDAYS":0.16707584842,"TOTAL_ASSETS_TDAYS":0.096610234952,"PREMIUM_EXPENSE":null,"LOAN_DEPOSIT":null,"LOAN_EQUITY":null,"LOAN_ASSETS":null,"DEPOSIT_EQUITY":null,"DEPOSIT_ASSETS":null,"EQUITY_MULTIPLIER":1.282916539218,"EQUITY_RATIO":0.4055424178},{"SECUCODE":"01823.HK","SECURITY_CODE":"01823","SECURITY_NAME_ABBR":"华昱高速","ORG_CODE":"10136971","STD_REPORT_DATE":"2023-12-31 00:00:00","REPORT_DATE":"2023-12-31 00:00:00","DATE_TYPE_CODE":"001","REPORT_TYPE":"2023年年报","PER_NETCASH_OPERATE":0.154059058477,"PER_OI":0.98666046223,"BPS":1.948159027455,"BASIC_EPS":0.7984,"DILUTED_EPS":0.7984,"OPERATE_INCOME":407104000,"OPERATE_INCOME_YOY":-0.6787253041,"GROSS_PROFIT":115014000,"GROSS_PROFIT_YOY":-3.90274470485,"HOLDER_PROFIT":329432000,"HOLDER_PROFIT_YOY":571.9262462266,"GROSS_PROFIT_RATIO":28.251748938846,"EPS_TTM":0.798413991004,"OPERATE_INCOME_QOQ":-10.691666611823,"NET_PROFIT_RATIO":88.2668802075,"ROE_AVG":49.838652822933,"GROSS_PROFIT_QOQ":-15.059266644511,"ROA":20.556211784541,"HOLDER_PROFIT_QOQ":-6.449634240538,"ROE_YEARLY":49.838652822933,"ROIC_YEARLY":31.66481236288,"TOTAL_ASSETS":1249230000,"TOTAL_LIABILITIES":125208000,"TAX_EBT":56.671441727208,"OCF_SALES":15.614191950951,"TOTAL_PARENT_EQUITY":803826000,"DEBT_ASSET_RATIO":10.0228140535,"OPERATE_PROFIT":40730000,"PRETAX_PROFIT":39092000,"NETCASH_OPERATE":63566000,"NETCASH_INVEST":146477000,"NETCASH_FINANCE":-157156000,"END_CASH":313720000,"DIVI_RATIO":0.137338049227,"DIVIDEND_RATE":23.725490196078,"CURRENT_RATIO":5.776370258648,"COMMON_ACS":10000000000,"CURRENTDEBT_DEBT":99.552744233595,"ISSUED_COMMON_SHARES":412608000,"HK_COMMON_SHARES":412608000,"PER_SHARES":2000,"TOTAL_MARKET_CAP":210430080,"HKSK_MARKET_CAP":210430080,"PE_TTM":26.714013648056,"PB_TTM":0.249134216659,"REPORT_DATE_SQ":"2022-12-31 00:00:00","REPORT_TYPE_SQ":"2022年年报","OPERATE_INCOME_SQ":409886000,"DPS_HKD":0.121,"OPERATE_INCOME_QOQ_SQ":-38.173612831761,"NET_PROFIT_RATIO_SQ":21.204432452,"HOLDER_PROFIT_SQ":49028000,"HOLDER_PROFIT_QOQ_SQ":31.360369494931,"ROE_AVG_SQ":9.907098221277,"PE_TTM_SQ":1.16018935693,"PB_TTM_SQ":0.498831451191,"ROA_SQ":2.285875204679,"START_DATE":"2023-01-01 00:00:00","FISCAL_YEAR":"12-31","CURRENCY":"HKD","IS_CNY_CODE":0,"DPS_HKD_LY":0.121,"ORG_TYPE":"一般企业","PREMIUM_INCOME":null,"PREMIUM_INCOME_YOY":null,"NET_INTEREST_INCOME":null,"NET_INTEREST_INCOME_YOY":null,"FEE_COMMISSION_INCOME":null,"FEE_COMMISSION_INCOME_YOY":null,"ACCOUNTS_RECE_TDAYS":55.547005048438,"INVENTORY_TDAYS":1.402387645507,"CURRENT_ASSETS_TDAYS":0.335546246366,"TOTAL_ASSETS_TDAYS":0.254028632383,"PREMIUM_EXPENSE":null,"LOAN_DEPOSIT":null,"LOAN_EQUITY":null,"LOAN_ASSETS":null,"DEPOSIT_EQUITY":null,"DEPOSIT_ASSETS":null,"EQUITY_MULTIPLIER":1.111392837507,"EQUITY_RATIO":0.155765053631},{"SECUCODE":"01823.HK","SECURITY_CODE":"01823","SECURITY_NAME_ABBR":"华昱高速","ORG_CODE":"10136971","STD_REPORT_DATE":"2023-06-30 00:00:00","REPORT_DATE":"2023-06-30 00:00:00","DATE_TYPE_CODE":"002","REPORT_TYPE":"2023年中报","PER_NETCASH_OPERATE":0.119314215914,"PER_OI":0.670874049946,"BPS":1.977659182566,"BASIC_EPS":0.8239,"DILUTED_EPS":0.8239,"OPERATE_INCOME":276808000,"OPERATE_INCOME_YOY":19.9066072349,"GROSS_PROFIT":86789000,"GROSS_PROFIT_YOY":22.119348801869,"HOLDER_PROFIT":339938000,"HOLDER_PROFIT_YOY":823.192656564,"GROSS_PROFIT_RATIO":31.353501343892,"EPS_TTM":0.853458973166,"OPERATE_INCOME_QOQ":11.21165397208,"NET_PROFIT_RATIO":133.6821912661,"ROE_AVG":50.958876181825,"GROSS_PROFIT_QOQ":13.134478004763,"ROA":22.41295019099,"HOLDER_PROFIT_QOQ":618.250795463817,"ROE_YEARLY":101.917752363649,"ROIC_YEARLY":68.247863226414,"TOTAL_ASSETS":1077455000,"TOTAL_LIABILITIES":135456000,"TAX_EBT":38.252769835597,"OCF_SALES":17.784890610098,"TOTAL_PARENT_EQUITY":815998000,"DEBT_ASSET_RATIO":12.5718475482,"OPERATE_PROFIT":42442000,"PRETAX_PROFIT":44768000,"NETCASH_OPERATE":49230000,"NETCASH_INVEST":313056000,"NETCASH_FINANCE":-198036000,"END_CASH":424512000,"DIVI_RATIO":0.128480247379,"DIVIDEND_RATE":23.725490196078,"CURRENT_RATIO":5.844229860619,"COMMON_ACS":10000000000,"CURRENTDEBT_DEBT":100,"ISSUED_COMMON_SHARES":412608000,"HK_COMMON_SHARES":412608000,"PER_SHARES":2000,"TOTAL_MARKET_CAP":210430080,"HKSK_MARKET_CAP":210430080,"PE_TTM":26.714013648056,"PB_TTM":0.249134216659,"REPORT_DATE_SQ":"2022-06-30 00:00:00","REPORT_TYPE_SQ":"2022年中报","OPERATE_INCOME_SQ":230853000,"DPS_HKD":0.121,"OPERATE_INCOME_QOQ_SQ":-22.619155363024,"NET_PROFIT_RATIO_SQ":18.6585897416,"HOLDER_PROFIT_SQ":36822000,"HOLDER_PROFIT_QOQ_SQ":-56.205756413387,"ROE_AVG_SQ":8.362262214967,"PE_TTM_SQ":1.16018935693,"PB_TTM_SQ":0.498831451191,"ROA_SQ":1.943131784087,"START_DATE":"2023-01-01 00:00:00","FISCAL_YEAR":"12-31","CURRENCY":"HKD","IS_CNY_CODE":0,"DPS_HKD_LY":0.121,"ORG_TYPE":"一般企业","PREMIUM_INCOME":null,"PREMIUM_INCOME_YOY":null,"NET_INTEREST_INCOME":null,"NET_INTEREST_INCOME_YOY":null,"FEE_COMMISSION_INCOME":null,"FEE_COMMISSION_INCOME_YOY":null,"ACCOUNTS_RECE_TDAYS":4.893410527246,"INVENTORY_TDAYS":1.224459680641,"CURRENT_ASSETS_TDAYS":0.221611456213,"TOTAL_ASSETS_TDAYS":0.182506336934,"PREMIUM_EXPENSE":null,"LOAN_DEPOSIT":null,"LOAN_EQUITY":null,"LOAN_ASSETS":null,"DEPOSIT_EQUITY":null,"DEPOSIT_ASSETS":null,"EQUITY_MULTIPLIER":1.143796330995,"EQUITY_RATIO":0.166000406864},{"SECUCODE":"01823.HK","SECURITY_CODE":"01823","SECURITY_NAME_ABBR":"华昱高速","ORG_CODE":"10136971","STD_REPORT_DATE":"2022-12-31 00:00:00","REPORT_DATE":"2022-12-31 00:00:00","DATE_TYPE_CODE":"001","REPORT_TYPE":"2022年年报","PER_NETCASH_OPERATE":0.481566038468,"PER_OI":0.993402939352,"BPS":1.255836047774,"BASIC_EPS":0.1188,"DILUTED_EPS":0.1188,"OPERATE_INCOME":409886000,"OPERATE_INCOME_YOY":-40.4626611587,"GROSS_PROFIT":119685000,"GROSS_PROFIT_YOY":-42.577292878116,"HOLDER_PROFIT":49028000,"HOLDER_PROFIT_YOY":-43.2717006456,"GROSS_PROFIT_RATIO":29.19958232289,"EPS_TTM":0.118824647123,"OPERATE_INCOME_QOQ":-38.173612831761,"NET_PROFIT_RATIO":21.204432452,"ROE_AVG":9.907098221277,"GROSS_PROFIT_QOQ":-54.694108573417,"ROA":2.285875204679,"HOLDER_PROFIT_QOQ":31.360369494931,"ROE_YEARLY":9.907098221277,"ROIC_YEARLY":3.098066362492,"TOTAL_ASSETS":1955952000,"TOTAL_LIABILITIES":1152922000,"TAX_EBT":28.172448026162,"OCF_SALES":48.476405634738,"TOTAL_PARENT_EQUITY":518168000,"DEBT_ASSET_RATIO":58.9442890214,"OPERATE_PROFIT":65826000,"PRETAX_PROFIT":68496000,"NETCASH_OPERATE":198698000,"NETCASH_INVEST":-116619000,"NETCASH_FINANCE":-94417000,"END_CASH":260074000,"DIVI_RATIO":0.922810398812,"DIVIDEND_RATE":23.725490196078,"CURRENT_RATIO":1.480491628487,"COMMON_ACS":10000000000,"CURRENTDEBT_DEBT":99.977188396093,"ISSUED_COMMON_SHARES":412608000,"HK_COMMON_SHARES":412608000,"PER_SHARES":2000,"TOTAL_MARKET_CAP":210430080,"HKSK_MARKET_CAP":210430080,"PE_TTM":26.714013648056,"PB_TTM":0.249134216659,"REPORT_DATE_SQ":"2021-12-31 00:00:00","REPORT_TYPE_SQ":"2021年年报","OPERATE_INCOME_SQ":688452000,"DPS_HKD":0.121,"OPERATE_INCOME_QOQ_SQ":13.180653928137,"NET_PROFIT_RATIO_SQ":15.4556593834,"HOLDER_PROFIT_SQ":86426000,"HOLDER_PROFIT_QOQ_SQ":-39.57085169634,"ROE_AVG_SQ":17.530033912443,"PE_TTM_SQ":1.16018935693,"PB_TTM_SQ":0.498831451191,"ROA_SQ":4.965993589377,"START_DATE":"2022-01-01 00:00:00","FISCAL_YEAR":"12-31","CURRENCY":"HKD","IS_CNY_CODE":0,"DPS_HKD_LY":null,"ORG_TYPE":"一般企业","PREMIUM_INCOME":null,"PREMIUM_INCOME_YOY":null,"NET_INTEREST_INCOME":null,"NET_INTEREST_INCOME_YOY":null,"FEE_COMMISSION_INCOME":null,"FEE_COMMISSION_INCOME_YOY":null,"ACCOUNTS_RECE_TDAYS":5.444530046225,"INVENTORY_TDAYS":2.232856422902,"CURRENT_ASSETS_TDAYS":0.348543554339,"TOTAL_ASSETS_TDAYS":0.191104724677,"PREMIUM_EXPENSE":null,"LOAN_DEPOSIT":null,"LOAN_EQUITY":null,"LOAN_ASSETS":null,"DEPOSIT_EQUITY":null,"DEPOSIT_ASSETS":null,"EQUITY_MULTIPLIER":2.435714730458,"EQUITY_RATIO":2.224996526223},{"SECUCODE":"01823.HK","SECURITY_CODE":"01823","SECURITY_NAME_ABBR":"华昱高速","ORG_CODE":"10136971","STD_REPORT_DATE":"2022-06-30 00:00:00","REPORT_DATE":"2022-06-30 00:00:00","DATE_TYPE_CODE":"002","REPORT_TYPE":"2022年中报","PER_NETCASH_OPERATE":0.227758838219,"PER_OI":0.559497149837,"BPS":1.220315472991,"BASIC_EPS":0.0893,"DILUTED_EPS":0.0893,"OPERATE_INCOME":230853000,"OPERATE_INCOME_YOY":-38.9989652643,"GROSS_PROFIT":71069000,"GROSS_PROFIT_YOY":-63.98990731666,"HOLDER_PROFIT":36822000,"HOLDER_PROFIT_YOY":-57.0122365078,"GROSS_PROFIT_RATIO":41.303651421339,"EPS_TTM":0.09045699824,"OPERATE_INCOME_QOQ":-22.619155363024,"NET_PROFIT_RATIO":18.6585897416,"ROE_AVG":8.362262214967,"GROSS_PROFIT_QOQ":-19.215783751734,"ROA":1.943131784087,"HOLDER_PROFIT_QOQ":-56.205756413387,"ROE_YEARLY":16.724524429934,"ROIC_YEARLY":5.32304143952,"TOTAL_ASSETS":1906693995.64,"TOTAL_LIABILITIES":1130418363.27,"TAX_EBT":25.780862667328,"OCF_SALES":28.854263492614,"TOTAL_PARENT_EQUITY":503511926.68,"DEBT_ASSET_RATIO":59.2868266148,"OPERATE_PROFIT":43023000,"PRETAX_PROFIT":46391000,"NETCASH_OPERATE":91197000,"NETCASH_INVEST":-92212000,"NETCASH_FINANCE":-32698000,"END_CASH":238340000,"DIVI_RATIO":1.212207149617,"DIVIDEND_RATE":23.725490196078,"CURRENT_RATIO":2.410288267259,"COMMON_ACS":10000000000,"CURRENTDEBT_DEBT":18.084659711174,"ISSUED_COMMON_SHARES":412608000,"HK_COMMON_SHARES":412608000,"PER_SHARES":2000,"TOTAL_MARKET_CAP":210430080,"HKSK_MARKET_CAP":210430080,"PE_TTM":26.714013648056,"PB_TTM":0.249134216659,"REPORT_DATE_SQ":"2021-06-30 00:00:00","REPORT_TYPE_SQ":"2021年中报","OPERATE_INCOME_SQ":519479193.12,"DPS_HKD":0.121,"OPERATE_INCOME_QOQ_SQ":77.76214521745,"NET_PROFIT_RATIO_SQ":22.2082157376,"HOLDER_PROFIT_SQ":85815738.72,"HOLDER_PROFIT_QOQ_SQ":138.364073257546,"ROE_AVG_SQ":18.094192117674,"PE_TTM_SQ":1.16018935693,"PB_TTM_SQ":0.498831451191,"ROA_SQ":5.011568728305,"START_DATE":"2022-01-01 00:00:00","FISCAL_YEAR":"12-31","CURRENCY":"HKD","IS_CNY_CODE":0,"DPS_HKD_LY":null,"ORG_TYPE":"一般企业","PREMIUM_INCOME":null,"PREMIUM_INCOME_YOY":null,"NET_INTEREST_INCOME":null,"NET_INTEREST_INCOME_YOY":null,"FEE_COMMISSION_INCOME":null,"FEE_COMMISSION_INCOME_YOY":null,"ACCOUNTS_RECE_TDAYS":1.702091735543,"INVENTORY_TDAYS":1.869687769219,"CURRENT_ASSETS_TDAYS":0.623472170835,"TOTAL_ASSETS_TDAYS":0.166915173652,"PREMIUM_EXPENSE":null,"LOAN_DEPOSIT":null,"LOAN_EQUITY":null,"LOAN_ASSETS":null,"DEPOSIT_EQUITY":null,"DEPOSIT_ASSETS":null,"EQUITY_MULTIPLIER":2.456207455358,"EQUITY_RATIO":2.24506770023},{"SECUCODE":"01823.HK","SECURITY_CODE":"01823","SECURITY_NAME_ABBR":"华昱高速","ORG_CODE":"10136971","STD_REPORT_DATE":"2021-12-31 00:00:00","REPORT_DATE":"2021-12-31 00:00:00","DATE_TYPE_CODE":"001","REPORT_TYPE":"2021年年报","PER_NETCASH_OPERATE":0.491798859935,"PER_OI":1.66853769195,"BPS":1.142949348534,"BASIC_EPS":0.2095,"DILUTED_EPS":0.2095,"OPERATE_INCOME":688452000,"OPERATE_INCOME_YOY":80.6311042773,"GROSS_PROFIT":208428000,"GROSS_PROFIT_YOY":21.328627023204,"HOLDER_PROFIT":86426000,"HOLDER_PROFIT_YOY":41.0304284883,"GROSS_PROFIT_RATIO":38.168296611852,"EPS_TTM":0.206549972856,"OPERATE_INCOME_QOQ":13.180653928137,"NET_PROFIT_RATIO":15.4556593834,"ROE_AVG":17.530033912443,"GROSS_PROFIT_QOQ":8.035703527839,"ROA":4.965993589377,"HOLDER_PROFIT_QOQ":-39.57085169634,"ROE_YEARLY":17.530033912443,"ROIC_YEARLY":6.503147479209,"TOTAL_ASSETS":1908017000,"TOTAL_LIABILITIES":1189941000,"TAX_EBT":33.550704830333,"OCF_SALES":23.684783106592,"TOTAL_PARENT_EQUITY":471587000,"DEBT_ASSET_RATIO":62.3652780825,"OPERATE_PROFIT":116549000,"PRETAX_PROFIT":128045000,"NETCASH_OPERATE":197046000,"NETCASH_INVEST":-144730000,"NETCASH_FINANCE":12280000,"END_CASH":271911000,"DIVI_RATIO":0.530876951878,"DIVIDEND_RATE":23.725490196078,"CURRENT_RATIO":2.323573349268,"COMMON_ACS":10000000000,"CURRENTDEBT_DEBT":19.087416939159,"ISSUED_COMMON_SHARES":412608000,"HK_COMMON_SHARES":412608000,"PER_SHARES":2000,"TOTAL_MARKET_CAP":210430080,"HKSK_MARKET_CAP":210430080,"PE_TTM":26.714013648056,"PB_TTM":0.249134216659,"REPORT_DATE_SQ":"2020-12-31 00:00:00","REPORT_TYPE_SQ":"2020年年报","OPERATE_INCOME_SQ":488257246.64,"DPS_HKD":0.121,"OPERATE_INCOME_QOQ_SQ":5.966797766248,"NET_PROFIT_RATIO_SQ":15.9818326277,"HOLDER_PROFIT_SQ":62206454.04,"HOLDER_PROFIT_QOQ_SQ":85.987581473043,"ROE_AVG_SQ":15.545842644202,"PE_TTM_SQ":1.16018935693,"PB_TTM_SQ":0.498831451191,"ROA_SQ":3.875712992479,"START_DATE":"2021-01-01 00:00:00","FISCAL_YEAR":"12-31","CURRENCY":"HKD","IS_CNY_CODE":0,"DPS_HKD_LY":0.06,"ORG_TYPE":"一般企业","PREMIUM_INCOME":null,"PREMIUM_INCOME_YOY":null,"NET_INTEREST_INCOME":null,"NET_INTEREST_INCOME_YOY":null,"FEE_COMMISSION_INCOME":null,"FEE_COMMISSION_INCOME_YOY":null,"ACCOUNTS_RECE_TDAYS":7.669150820439,"INVENTORY_TDAYS":6.662522686492,"CURRENT_ASSETS_TDAYS":2.072938437237,"TOTAL_ASSETS_TDAYS":0.49922820979,"PREMIUM_EXPENSE":null,"LOAN_DEPOSIT":null,"LOAN_EQUITY":null,"LOAN_ASSETS":null,"DEPOSIT_EQUITY":null,"DEPOSIT_ASSETS":null,"EQUITY_MULTIPLIER":2.657120735985,"EQUITY_RATIO":2.523269301317},{"SECUCODE":"01823.HK","SECURITY_CODE":"01823","SECURITY_NAME_ABBR":"华昱高速","ORG_CODE":"10136971","STD_REPORT_DATE":"2021-06-30 00:00:00","REPORT_DATE":"2021-06-30 00:00:00","DATE_TYPE_CODE":"002","REPORT_TYPE":"2021年中报","PER_NETCASH_OPERATE":0.167880884132,"PER_OI":1.259013865752,"BPS":1.063829751629,"BASIC_EPS":0.20802,"DILUTED_EPS":0.20802,"OPERATE_INCOME":519479193.12,"OPERATE_INCOME_YOY":202.7916541375,"GROSS_PROFIT":197358558.96,"GROSS_PROFIT_YOY":280.321739278433,"HOLDER_PROFIT":85815738.72,"HOLDER_PROFIT_YOY":2284.6011560694,"GROSS_PROFIT_RATIO":37.991619601675,"EPS_TTM":0.341805202711,"OPERATE_INCOME_QOQ":77.76214521745,"NET_PROFIT_RATIO":22.2082157376,"ROE_AVG":18.094192117674,"GROSS_PROFIT_QOQ":92.524347181864,"ROA":5.011568728305,"HOLDER_PROFIT_QOQ":138.364073257546,"ROE_YEARLY":36.188384235347,"ROIC_YEARLY":12.744538630809,"TOTAL_ASSETS":1873428952.08,"TOTAL_LIABILITIES":1233918890.64,"TAX_EBT":25.854960240004,"OCF_SALES":13.334315744962,"TOTAL_PARENT_EQUITY":438944666.16,"DEBT_ASSET_RATIO":65.8641945973,"OPERATE_PROFIT":170257713.36,"PRETAX_PROFIT":155596463.76,"NETCASH_OPERATE":69268995.84,"NETCASH_INVEST":-143959824.96,"NETCASH_FINANCE":99834622.56,"END_CASH":232647071.76,"DIVI_RATIO":0.32080442056,"DIVIDEND_RATE":23.725490196078,"CURRENT_RATIO":2.051120813241,"COMMON_ACS":10000000000,"CURRENTDEBT_DEBT":18.627139594304,"ISSUED_COMMON_SHARES":412608000,"HK_COMMON_SHARES":412608000,"PER_SHARES":2000,"TOTAL_MARKET_CAP":210430080,"HKSK_MARKET_CAP":210430080,"PE_TTM":26.714013648056,"PB_TTM":0.249134216659,"REPORT_DATE_SQ":"2020-06-30 00:00:00","REPORT_TYPE_SQ":"2020年中报","OPERATE_INCOME_SQ":188338539.84,"DPS_HKD":0.121,"OPERATE_INCOME_QOQ_SQ":-1.831941792512,"NET_PROFIT_RATIO_SQ":3.2977998573,"HOLDER_PROFIT_SQ":3950628,"HOLDER_PROFIT_QOQ_SQ":-29.565187179528,"ROE_AVG_SQ":2.238956325943,"PE_TTM_SQ":1.16018935693,"PB_TTM_SQ":0.498831451191,"ROA_SQ":0.529315737588,"START_DATE":"2021-01-01 00:00:00","FISCAL_YEAR":"12-31","CURRENCY":"HKD","IS_CNY_CODE":0,"DPS_HKD_LY":0.06,"ORG_TYPE":"一般企业","PREMIUM_INCOME":null,"PREMIUM_INCOME_YOY":null,"NET_INTEREST_INCOME":null,"NET_INTEREST_INCOME_YOY":null,"FEE_COMMISSION_INCOME":null,"FEE_COMMISSION_INCOME_YOY":null,"ACCOUNTS_RECE_TDAYS":null,"INVENTORY_TDAYS":4.990679386361,"CURRENT_ASSETS_TDAYS":1.339581569848,"TOTAL_ASSETS_TDAYS":0.303371586387,"PREMIUM_EXPENSE":null,"LOAN_DEPOSIT":null,"LOAN_EQUITY":null,"LOAN_ASSETS":null,"DEPOSIT_EQUITY":null,"DEPOSIT_ASSETS":null,"EQUITY_MULTIPLIER":2.92947533595,"EQUITY_RATIO":2.811103507498},{"SECUCODE":"01823.HK","SECURITY_CODE":"01823","SECURITY_NAME_ABBR":"华昱高速","ORG_CODE":"10136971","STD_REPORT_DATE":"2020-12-31 00:00:00","REPORT_DATE":"2020-12-31 00:00:00","DATE_TYPE_CODE":"001","REPORT_TYPE":"2020年年报","PER_NETCASH_OPERATE":0.215874638495,"PER_OI":1.183344110245,"BPS":1.010941803067,"BASIC_EPS":0.150737724,"DILUTED_EPS":0.150737724,"OPERATE_INCOME":488257246.64,"OPERATE_INCOME_YOY":10.7171773315,"GROSS_PROFIT":171787982.04,"GROSS_PROFIT_YOY":-12.505932825981,"HOLDER_PROFIT":62206454.04,"HOLDER_PROFIT_YOY":39.426814756,"GROSS_PROFIT_RATIO":36.919966321582,"EPS_TTM":0.143396275302,"OPERATE_INCOME_QOQ":5.966797766248,"NET_PROFIT_RATIO":15.9818326277,"ROE_AVG":15.545842644202,"GROSS_PROFIT_QOQ":-6.125358643154,"ROA":3.875712992479,"HOLDER_PROFIT_QOQ":85.987581473043,"ROE_YEARLY":15.545842644202,"ROIC_YEARLY":4.805678300721,"TOTAL_ASSETS":1784557907.76,"TOTAL_LIABILITIES":1096273132.16,"TAX_EBT":22.073134636255,"OCF_SALES":20.916788217297,"TOTAL_PARENT_EQUITY":515454843.24,"DEBT_ASSET_RATIO":66.579629423,"OPERATE_PROFIT":137658638.4,"PRETAX_PROFIT":93836968.52,"NETCASH_OPERATE":118005502.76,"NETCASH_INVEST":-21513160.04,"NETCASH_FINANCE":-120644885.8,"END_CASH":207502133.8,"DIVI_RATIO":0.764682484037,"DIVIDEND_RATE":23.725490196078,"CURRENT_RATIO":1.800354627395,"COMMON_ACS":10000000000,"CURRENTDEBT_DEBT":20.291521821912,"ISSUED_COMMON_SHARES":412608000,"HK_COMMON_SHARES":412608000,"PER_SHARES":2000,"TOTAL_MARKET_CAP":210430080,"HKSK_MARKET_CAP":210430080,"PE_TTM":26.714013648056,"PB_TTM":0.249134216659,"REPORT_DATE_SQ":"2019-12-31 00:00:00","REPORT_TYPE_SQ":"2019年年报","OPERATE_INCOME_SQ":409358919.08,"DPS_HKD":0.121,"OPERATE_INCOME_QOQ_SQ":52.421550090784,"NET_PROFIT_RATIO_SQ":15.016871414,"HOLDER_PROFIT_SQ":45165227.6,"HOLDER_PROFIT_QOQ_SQ":-37.633099153947,"ROE_AVG_SQ":12.317719975863,"PE_TTM_SQ":1.16018935693,"PB_TTM_SQ":0.498831451191,"ROA_SQ":2.716538476977,"START_DATE":"2020-01-01 00:00:00","FISCAL_YEAR":"12-31","CURRENCY":"HKD","IS_CNY_CODE":0,"DPS_HKD_LY":null,"ORG_TYPE":"一般企业","PREMIUM_INCOME":null,"PREMIUM_INCOME_YOY":null,"NET_INTEREST_INCOME":null,"NET_INTEREST_INCOME_YOY":null,"FEE_COMMISSION_INCOME":null,"FEE_COMMISSION_INCOME_YOY":null,"ACCOUNTS_RECE_TDAYS":15.866911000492,"INVENTORY_TDAYS":4.030446724546,"CURRENT_ASSETS_TDAYS":1.385106251925,"TOTAL_ASSETS_TDAYS":0.278946143914,"PREMIUM_EXPENSE":null,"LOAN_DEPOSIT":null,"LOAN_EQUITY":null,"LOAN_ASSETS":null,"DEPOSIT_EQUITY":null,"DEPOSIT_ASSETS":null,"EQUITY_MULTIPLIER":2.992187048603,"EQUITY_RATIO":2.12680731695},{"SECUCODE":"01823.HK","SECURITY_CODE":"01823","SECURITY_NAME_ABBR":"华昱高速","ORG_CODE":"10136971","STD_REPORT_DATE":"2020-06-30 00:00:00","REPORT_DATE":"2020-06-30 00:00:00","DATE_TYPE_CODE":"002","REPORT_TYPE":"2020年中报","PER_NETCASH_OPERATE":-0.046401675198,"PER_OI":0.456458769195,"BPS":0.908000643322,"BASIC_EPS":0.00959112,"DILUTED_EPS":0.00959112,"OPERATE_INCOME":188338539.84,"OPERATE_INCOME_YOY":-7.7607878068,"GROSS_PROFIT":51892526.4,"GROSS_PROFIT_YOY":-38.392576604268,"HOLDER_PROFIT":3950628,"HOLDER_PROFIT_YOY":-62.8825910931,"GROSS_PROFIT_RATIO":32.518227224687,"EPS_TTM":0.077099919342,"OPERATE_INCOME_QOQ":-1.831941792512,"NET_PROFIT_RATIO":3.2977998573,"ROE_AVG":2.238956325943,"GROSS_PROFIT_QOQ":-14.701164782967,"ROA":0.529315737588,"HOLDER_PROFIT_QOQ":-29.565187179528,"ROE_YEARLY":4.477912651886,"ROIC_YEARLY":1.292732854598,"TOTAL_ASSETS":1553544954.72,"TOTAL_LIABILITIES":1082241885.12,"TAX_EBT":156.671575846834,"OCF_SALES":-11.244816171934,"TOTAL_PARENT_EQUITY":374648329.44,"DEBT_ASSET_RATIO":69.662733726,"OPERATE_PROFIT":26887106.4,"PRETAX_PROFIT":3101128.8,"NETCASH_OPERATE":-1973943.84,"NETCASH_INVEST":-10923828.96,"NETCASH_FINANCE":-22689849.6,"END_CASH":189464811.36,"DIVI_RATIO":1.422214458009,"DIVIDEND_RATE":23.725490196078,"CURRENT_RATIO":1.947055439453,"COMMON_ACS":10000000000,"CURRENTDEBT_DEBT":14.377809550658,"ISSUED_COMMON_SHARES":412608000,"HK_COMMON_SHARES":412608000,"PER_SHARES":2000,"TOTAL_MARKET_CAP":210430080,"HKSK_MARKET_CAP":210430080,"PE_TTM":26.714013648056,"PB_TTM":0.249134216659,"REPORT_DATE_SQ":"2019-06-30 00:00:00","REPORT_TYPE_SQ":"2019年中报","OPERATE_INCOME_SQ":177761692.8,"DPS_HKD":0.121,"OPERATE_INCOME_QOQ_SQ":49.918343334698,"NET_PROFIT_RATIO_SQ":15.2830562154,"HOLDER_PROFIT_SQ":21727602,"HOLDER_PROFIT_QOQ_SQ":7.927328883855,"ROE_AVG_SQ":6.193588507508,"PE_TTM_SQ":1.16018935693,"PB_TTM_SQ":0.498831451191,"ROA_SQ":1.322763719322,"START_DATE":"2020-01-01 00:00:00","FISCAL_YEAR":"12-31","CURRENCY":"HKD","IS_CNY_CODE":0,"DPS_HKD_LY":null,"ORG_TYPE":"一般企业","PREMIUM_INCOME":null,"PREMIUM_INCOME_YOY":null,"NET_INTEREST_INCOME":null,"NET_INTEREST_INCOME_YOY":null,"FEE_COMMISSION_INCOME":null,"FEE_COMMISSION_INCOME_YOY":null,"ACCOUNTS_RECE_TDAYS":null,"INVENTORY_TDAYS":2.507855490868,"CURRENT_ASSETS_TDAYS":0.535065434618,"TOTAL_ASSETS_TDAYS":0.107616563634,"PREMIUM_EXPENSE":null,"LOAN_DEPOSIT":null,"LOAN_EQUITY":null,"LOAN_ASSETS":null,"DEPOSIT_EQUITY":null,"DEPOSIT_ASSETS":null,"EQUITY_MULTIPLIER":3.29627591019,"EQUITY_RATIO":2.888687337103}],"count":35},"success":true,"message":"ok","code":0}