{"version":"63996b189f35434bdf4c368b62e2a489","result":{"pages":3,"data":[{"SECUCODE":"01825.HK","SECURITY_CODE":"01825","SECURITY_NAME_ABBR":"STERLING GP","ORG_CODE":"10703533","STD_REPORT_DATE":"2024-06-30 00:00:00","REPORT_DATE":"2024-09-30 00:00:00","DATE_TYPE_CODE":"002","REPORT_TYPE":"2024年中报","PER_NETCASH_OPERATE":0.194908757396,"PER_OI":0.856659794201,"BPS":0.093346746123,"BASIC_EPS":0.011452733,"DILUTED_EPS":0.011452733,"OPERATE_INCOME":246718020.73,"OPERATE_INCOME_YOY":-15.0830896822,"GROSS_PROFIT":46544087.27,"GROSS_PROFIT_YOY":-0.749312879158,"HOLDER_PROFIT":2893844.11,"HOLDER_PROFIT_YOY":140.3140703518,"GROSS_PROFIT_RATIO":18.86529696221,"EPS_TTM":-0.069351075,"OPERATE_INCOME_QOQ":0,"NET_PROFIT_RATIO":1.1729358486,"ROE_AVG":10.170673343581,"GROSS_PROFIT_QOQ":0,"ROA":1.026036187839,"HOLDER_PROFIT_QOQ":0,"ROE_YEARLY":20.341346687162,"ROIC_YEARLY":2.228727597259,"TOTAL_ASSETS":274174820.86,"TOTAL_LIABILITIES":241914185.4,"TAX_EBT":null,"OCF_SALES":22.752177552296,"TOTAL_PARENT_EQUITY":32260635.46,"DEBT_ASSET_RATIO":88.2335528263,"OPERATE_PROFIT":11784591.72,"PRETAX_PROFIT":2893844.11,"NETCASH_OPERATE":56133722.13,"NETCASH_INVEST":9437232.35,"NETCASH_FINANCE":-69473901.6,"END_CASH":20393980.85,"DIVI_RATIO":null,"DIVIDEND_RATE":null,"CURRENT_RATIO":0.801007113865,"COMMON_ACS":2500000000,"CURRENTDEBT_DEBT":95.421978677403,"ISSUED_COMMON_SHARES":345600000,"HK_COMMON_SHARES":345600000,"PER_SHARES":2500,"TOTAL_MARKET_CAP":28339200,"HKSK_MARKET_CAP":28339200,"PE_TTM":-3.940926157697,"PB_TTM":0.792173086599,"REPORT_DATE_SQ":"2023-06-30 00:00:00","REPORT_TYPE_SQ":"2023年中报","OPERATE_INCOME_SQ":295643868.66,"DPS_HKD":null,"OPERATE_INCOME_QOQ_SQ":0,"NET_PROFIT_RATIO_SQ":-2.4706532333,"HOLDER_PROFIT_SQ":-7304334.8,"HOLDER_PROFIT_QOQ_SQ":0,"ROE_AVG_SQ":-18.230329680397,"PE_TTM_SQ":64.225352112676,"PB_TTM_SQ":1.017756174983,"ROA_SQ":-2.701753254577,"START_DATE":"2024-04-01 00:00:00","FISCAL_YEAR":"3-31","CURRENCY":"HKD","IS_CNY_CODE":0,"DPS_HKD_LY":null,"ORG_TYPE":"一般企业","PREMIUM_INCOME":null,"PREMIUM_INCOME_YOY":null,"NET_INTEREST_INCOME":null,"NET_INTEREST_INCOME_YOY":null,"FEE_COMMISSION_INCOME":null,"FEE_COMMISSION_INCOME_YOY":null,"ACCOUNTS_RECE_TDAYS":1.769501172286,"INVENTORY_TDAYS":8.09385597083,"CURRENT_ASSETS_TDAYS":1.290526022835,"TOTAL_ASSETS_TDAYS":0.8747589982,"PREMIUM_EXPENSE":null,"LOAN_DEPOSIT":null,"LOAN_EQUITY":null,"LOAN_ASSETS":null,"DEPOSIT_EQUITY":null,"DEPOSIT_ASSETS":null,"EQUITY_MULTIPLIER":8.498742103183,"EQUITY_RATIO":7.498742103203},{"SECUCODE":"01825.HK","SECURITY_CODE":"01825","SECURITY_NAME_ABBR":"STERLING GP","ORG_CODE":"10703533","STD_REPORT_DATE":"2023-12-31 00:00:00","REPORT_DATE":"2024-03-31 00:00:00","DATE_TYPE_CODE":"001","REPORT_TYPE":"2023年年报","PER_NETCASH_OPERATE":-0.063432058958,"PER_OI":2.158310462708,"BPS":0.071687224971,"BASIC_EPS":-0.069351075,"DILUTED_EPS":-0.069351075,"OPERATE_INCOME":517994511.05,"OPERATE_INCOME_YOY":-8.3476492261,"GROSS_PROFIT":83385375.55,"GROSS_PROFIT_YOY":-11.131382247983,"HOLDER_PROFIT":-16644258,"HOLDER_PROFIT_YOY":-192.1362974858,"GROSS_PROFIT_RATIO":16.097733425973,"EPS_TTM":-0.000439733542,"OPERATE_INCOME_QOQ":0,"NET_PROFIT_RATIO":-3.2132112686,"ROE_AVG":-49.399989237475,"GROSS_PROFIT_QOQ":0,"ROA":-5.893550157771,"HOLDER_PROFIT_QOQ":0,"ROE_YEARLY":-49.399989237475,"ROIC_YEARLY":-6.383444765471,"TOTAL_ASSETS":291437694,"TOTAL_LIABILITIES":266662589.05,"TAX_EBT":-3.999093689815,"OCF_SALES":-2.938968237162,"TOTAL_PARENT_EQUITY":24775104.95,"DEBT_ASSET_RATIO":91.4990046037,"OPERATE_PROFIT":-1294553.4,"PRETAX_PROFIT":-16004233.7,"NETCASH_OPERATE":-15223694.15,"NETCASH_INVEST":-7628618.25,"NETCASH_FINANCE":28450258.65,"END_CASH":24445120.75,"DIVI_RATIO":null,"DIVIDEND_RATE":null,"CURRENT_RATIO":0.780343854247,"COMMON_ACS":2500000000,"CURRENTDEBT_DEBT":95.38774302994,"ISSUED_COMMON_SHARES":345600000,"HK_COMMON_SHARES":345600000,"PER_SHARES":2500,"TOTAL_MARKET_CAP":29721600,"HKSK_MARKET_CAP":29721600,"PE_TTM":-4.133166458073,"PB_TTM":0.830815676189,"REPORT_DATE_SQ":"2022-12-31 00:00:00","REPORT_TYPE_SQ":"2022年年报","OPERATE_INCOME_SQ":545759482.53,"DPS_HKD":null,"OPERATE_INCOME_QOQ_SQ":0,"NET_PROFIT_RATIO_SQ":3.1963338482,"HOLDER_PROFIT_SQ":17444295.07,"HOLDER_PROFIT_QOQ_SQ":0,"ROE_AVG_SQ":53.967609143105,"PE_TTM_SQ":70.610328638498,"PB_TTM_SQ":1.118936613431,"ROA_SQ":6.368366218609,"START_DATE":"2023-04-01 00:00:00","FISCAL_YEAR":"3-31","CURRENCY":"HKD","IS_CNY_CODE":0,"DPS_HKD_LY":null,"ORG_TYPE":"一般企业","PREMIUM_INCOME":null,"PREMIUM_INCOME_YOY":null,"NET_INTEREST_INCOME":null,"NET_INTEREST_INCOME_YOY":null,"FEE_COMMISSION_INCOME":null,"FEE_COMMISSION_INCOME_YOY":null,"ACCOUNTS_RECE_TDAYS":4.210475509738,"INVENTORY_TDAYS":11.823125393048,"CURRENT_ASSETS_TDAYS":2.76497800661,"TOTAL_ASSETS_TDAYS":1.834162046949,"PREMIUM_EXPENSE":null,"LOAN_DEPOSIT":null,"LOAN_EQUITY":null,"LOAN_ASSETS":null,"DEPOSIT_EQUITY":null,"DEPOSIT_ASSETS":null,"EQUITY_MULTIPLIER":11.76332833253,"EQUITY_RATIO":10.763328332541},{"SECUCODE":"01825.HK","SECURITY_CODE":"01825","SECURITY_NAME_ABBR":"STERLING GP","ORG_CODE":"10703533","STD_REPORT_DATE":"2023-06-30 00:00:00","REPORT_DATE":"2023-09-30 00:00:00","DATE_TYPE_CODE":"002","REPORT_TYPE":"2023年中报","PER_NETCASH_OPERATE":0.074159797833,"PER_OI":1.23184945275,"BPS":0.107067454051,"BASIC_EPS":-0.030465316,"DILUTED_EPS":-0.030465316,"OPERATE_INCOME":295643868.66,"OPERATE_INCOME_YOY":-4.6053722434,"GROSS_PROFIT":46895481.15,"GROSS_PROFIT_YOY":-1.77822012892,"HOLDER_PROFIT":-7304334.8,"HOLDER_PROFIT_YOY":-170.2683615819,"GROSS_PROFIT_RATIO":15.862152447995,"EPS_TTM":0.072684562792,"OPERATE_INCOME_QOQ":0,"NET_PROFIT_RATIO":-2.4706532333,"ROE_AVG":-18.230329680397,"GROSS_PROFIT_QOQ":0,"ROA":-2.701753254577,"HOLDER_PROFIT_QOQ":0,"ROE_YEARLY":-36.460659360793,"ROIC_YEARLY":-5.75500037957,"TOTAL_ASSETS":263977374.99,"TOTAL_LIABILITIES":226974862.87,"TAX_EBT":null,"OCF_SALES":6.020199762867,"TOTAL_PARENT_EQUITY":37002512.12,"DEBT_ASSET_RATIO":85.9826956301,"OPERATE_PROFIT":111950.86,"PRETAX_PROFIT":-7304334.8,"NETCASH_OPERATE":17798351.48,"NETCASH_INVEST":771726.83,"NETCASH_FINANCE":-24871443.52,"END_CASH":13891082.94,"DIVI_RATIO":null,"DIVIDEND_RATE":null,"CURRENT_RATIO":0.773273496189,"COMMON_ACS":2500000000,"CURRENTDEBT_DEBT":95.311078678305,"ISSUED_COMMON_SHARES":345600000,"HK_COMMON_SHARES":345600000,"PER_SHARES":2500,"TOTAL_MARKET_CAP":29721600,"HKSK_MARKET_CAP":29721600,"PE_TTM":-4.133166458073,"PB_TTM":0.830815676189,"REPORT_DATE_SQ":"2022-06-30 00:00:00","REPORT_TYPE_SQ":"2022年中报","OPERATE_INCOME_SQ":305461947.84,"DPS_HKD":null,"OPERATE_INCOME_QOQ_SQ":0,"NET_PROFIT_RATIO_SQ":3.3540990596,"HOLDER_PROFIT_SQ":10245496.32,"HOLDER_PROFIT_QOQ_SQ":0,"ROE_AVG_SQ":36.091375410202,"PE_TTM_SQ":70.610328638498,"PB_TTM_SQ":1.118936613431,"ROA_SQ":3.590542495852,"START_DATE":"2023-04-01 00:00:00","FISCAL_YEAR":"3-31","CURRENCY":"HKD","IS_CNY_CODE":0,"DPS_HKD_LY":null,"ORG_TYPE":"一般企业","PREMIUM_INCOME":null,"PREMIUM_INCOME_YOY":null,"NET_INTEREST_INCOME":null,"NET_INTEREST_INCOME_YOY":null,"FEE_COMMISSION_INCOME":null,"FEE_COMMISSION_INCOME_YOY":null,"ACCOUNTS_RECE_TDAYS":2.577012753806,"INVENTORY_TDAYS":6.265286075832,"CURRENT_ASSETS_TDAYS":1.710758414885,"TOTAL_ASSETS_TDAYS":1.093538023953,"PREMIUM_EXPENSE":null,"LOAN_DEPOSIT":null,"LOAN_EQUITY":null,"LOAN_ASSETS":null,"DEPOSIT_EQUITY":null,"DEPOSIT_ASSETS":null,"EQUITY_MULTIPLIER":7.134039281813,"EQUITY_RATIO":6.134039281817},{"SECUCODE":"01825.HK","SECURITY_CODE":"01825","SECURITY_NAME_ABBR":"STERLING GP","ORG_CODE":"10703533","STD_REPORT_DATE":"2022-12-31 00:00:00","REPORT_DATE":"2023-03-31 00:00:00","DATE_TYPE_CODE":"001","REPORT_TYPE":"2022年年报","PER_NETCASH_OPERATE":0.138278304583,"PER_OI":2.273997843875,"BPS":0.119059306221,"BASIC_EPS":0.081763294,"DILUTED_EPS":0.081763294,"OPERATE_INCOME":545759482.53,"OPERATE_INCOME_YOY":36.7267583394,"GROSS_PROFIT":93829945.44,"GROSS_PROFIT_YOY":89.449928650436,"HOLDER_PROFIT":17444295.07,"HOLDER_PROFIT_YOY":151.2961103818,"GROSS_PROFIT_RATIO":17.192545149198,"EPS_TTM":-0.089724524542,"OPERATE_INCOME_QOQ":0,"NET_PROFIT_RATIO":3.1963338482,"ROE_AVG":53.967609143105,"GROSS_PROFIT_QOQ":0,"ROA":6.368366218609,"HOLDER_PROFIT_QOQ":0,"ROE_YEARLY":53.967609143105,"ROIC_YEARLY":6.972724250748,"TOTAL_ASSETS":264000895.34,"TOTAL_LIABILITIES":222853999.11,"TAX_EBT":19.074886289799,"OCF_SALES":6.080845896833,"TOTAL_PARENT_EQUITY":41146896.23,"DEBT_ASSET_RATIO":84.4141073169,"OPERATE_PROFIT":31365064.89,"PRETAX_PROFIT":21556095.84,"NETCASH_OPERATE":33186793.1,"NETCASH_INVEST":-3248646.51,"NETCASH_FINANCE":-40230341.96,"END_CASH":18253173.91,"DIVI_RATIO":null,"DIVIDEND_RATE":null,"CURRENT_RATIO":0.803424456506,"COMMON_ACS":2500000000,"CURRENTDEBT_DEBT":95.025356383877,"ISSUED_COMMON_SHARES":345600000,"HK_COMMON_SHARES":345600000,"PER_SHARES":2500,"TOTAL_MARKET_CAP":29721600,"HKSK_MARKET_CAP":29721600,"PE_TTM":-4.133166458073,"PB_TTM":0.830815676189,"REPORT_DATE_SQ":"2021-12-31 00:00:00","REPORT_TYPE_SQ":"2021年年报","OPERATE_INCOME_SQ":369796229.7,"DPS_HKD":null,"OPERATE_INCOME_QOQ_SQ":0,"NET_PROFIT_RATIO_SQ":-8.51963945,"HOLDER_PROFIT_SQ":-31505305.47,"HOLDER_PROFIT_QOQ_SQ":0,"ROE_AVG_SQ":-92.660528575518,"PE_TTM_SQ":70.610328638498,"PB_TTM_SQ":1.118936613431,"ROA_SQ":-10.961095686328,"START_DATE":"2022-04-01 00:00:00","FISCAL_YEAR":"3-31","CURRENCY":"HKD","IS_CNY_CODE":0,"DPS_HKD_LY":null,"ORG_TYPE":"一般企业","PREMIUM_INCOME":null,"PREMIUM_INCOME_YOY":null,"NET_INTEREST_INCOME":null,"NET_INTEREST_INCOME_YOY":null,"FEE_COMMISSION_INCOME":null,"FEE_COMMISSION_INCOME_YOY":null,"ACCOUNTS_RECE_TDAYS":5.034201526976,"INVENTORY_TDAYS":11.1201843854,"CURRENT_ASSETS_TDAYS":3.134640621465,"TOTAL_ASSETS_TDAYS":1.992397077717,"PREMIUM_EXPENSE":null,"LOAN_DEPOSIT":null,"LOAN_EQUITY":null,"LOAN_ASSETS":null,"DEPOSIT_EQUITY":null,"DEPOSIT_ASSETS":null,"EQUITY_MULTIPLIER":6.416058549436,"EQUITY_RATIO":5.416058549454},{"SECUCODE":"01825.HK","SECURITY_CODE":"01825","SECURITY_NAME_ABBR":"STERLING GP","ORG_CODE":"10703533","STD_REPORT_DATE":"2022-06-30 00:00:00","REPORT_DATE":"2022-09-30 00:00:00","DATE_TYPE_CODE":"002","REPORT_TYPE":"2022年中报","PER_NETCASH_OPERATE":0.2958513684,"PER_OI":1.5273097392,"BPS":0.094026692014,"BASIC_EPS":0.051191304,"DILUTED_EPS":0.051191304,"OPERATE_INCOME":305461947.84,"OPERATE_INCOME_YOY":37.2040494646,"GROSS_PROFIT":47744483.16,"GROSS_PROFIT_YOY":66.769999960557,"HOLDER_PROFIT":10245496.32,"HOLDER_PROFIT_YOY":3343.1610942249,"GROSS_PROFIT_RATIO":15.630255584243,"EPS_TTM":-0.15752652735,"OPERATE_INCOME_QOQ":0,"NET_PROFIT_RATIO":3.3540990596,"ROE_AVG":36.091375410202,"GROSS_PROFIT_QOQ":0,"ROA":3.590542495852,"HOLDER_PROFIT_QOQ":0,"ROE_YEARLY":72.182750820403,"ROIC_YEARLY":8.004154698943,"TOTAL_ASSETS":277439683.32,"TOTAL_LIABILITIES":244944058.56,"TAX_EBT":null,"OCF_SALES":19.370751119217,"TOTAL_PARENT_EQUITY":32495624.76,"DEBT_ASSET_RATIO":88.2873191134,"OPERATE_PROFIT":14224127.88,"PRETAX_PROFIT":10245496.32,"NETCASH_OPERATE":59170273.68,"NETCASH_INVEST":-641247.96,"NETCASH_FINANCE":-60552258,"END_CASH":28484433.36,"DIVI_RATIO":null,"DIVIDEND_RATE":null,"CURRENT_RATIO":0.741366412214,"COMMON_ACS":2500000000,"CURRENTDEBT_DEBT":96.741795409565,"ISSUED_COMMON_SHARES":345600000,"HK_COMMON_SHARES":345600000,"PER_SHARES":2500,"TOTAL_MARKET_CAP":29721600,"HKSK_MARKET_CAP":29721600,"PE_TTM":-4.133166458073,"PB_TTM":0.830815676189,"REPORT_DATE_SQ":"2021-06-30 00:00:00","REPORT_TYPE_SQ":"2021年中报","OPERATE_INCOME_SQ":205062717.36,"DPS_HKD":null,"OPERATE_INCOME_QOQ_SQ":0,"NET_PROFIT_RATIO_SQ":0.1336550805,"HOLDER_PROFIT_SQ":274076.74,"HOLDER_PROFIT_QOQ_SQ":0,"ROE_AVG_SQ":0.523543546411,"PE_TTM_SQ":70.610328638498,"PB_TTM_SQ":1.118936613431,"ROA_SQ":0.079330632716,"START_DATE":"2022-04-01 00:00:00","FISCAL_YEAR":"3-31","CURRENCY":"HKD","IS_CNY_CODE":0,"DPS_HKD_LY":null,"ORG_TYPE":"一般企业","PREMIUM_INCOME":null,"PREMIUM_INCOME_YOY":null,"NET_INTEREST_INCOME":null,"NET_INTEREST_INCOME_YOY":null,"FEE_COMMISSION_INCOME":null,"FEE_COMMISSION_INCOME_YOY":null,"ACCOUNTS_RECE_TDAYS":2.730879011587,"INVENTORY_TDAYS":6.697150243845,"CURRENT_ASSETS_TDAYS":1.698642538488,"TOTAL_ASSETS_TDAYS":1.070493873922,"PREMIUM_EXPENSE":null,"LOAN_DEPOSIT":null,"LOAN_EQUITY":null,"LOAN_ASSETS":null,"DEPOSIT_EQUITY":null,"DEPOSIT_ASSETS":null,"EQUITY_MULTIPLIER":8.537755016822,"EQUITY_RATIO":7.537755016839},{"SECUCODE":"01825.HK","SECURITY_CODE":"01825","SECURITY_NAME_ABBR":"STERLING GP","ORG_CODE":"10703533","STD_REPORT_DATE":"2021-12-31 00:00:00","REPORT_DATE":"2022-03-31 00:00:00","DATE_TYPE_CODE":"001","REPORT_TYPE":"2021年年报","PER_NETCASH_OPERATE":0.0790167043,"PER_OI":1.8489811485,"BPS":0.06299642202,"BASIC_EPS":-0.157498142,"DILUTED_EPS":-0.157498142,"OPERATE_INCOME":369796229.7,"OPERATE_INCOME_YOY":22.8116010731,"GROSS_PROFIT":49527569.69,"GROSS_PROFIT_YOY":33.640506426993,"HOLDER_PROFIT":-31505305.47,"HOLDER_PROFIT_YOY":-16.822542327,"GROSS_PROFIT_RATIO":13.393205693357,"EPS_TTM":-0.1416666082,"OPERATE_INCOME_QOQ":0,"NET_PROFIT_RATIO":-8.51963945,"ROE_AVG":-92.660528575518,"GROSS_PROFIT_QOQ":0,"ROA":-10.961095686328,"HOLDER_PROFIT_QOQ":0,"ROE_YEARLY":-92.660528575518,"ROIC_YEARLY":-12.703982523726,"TOTAL_ASSETS":262960260.38,"TOTAL_LIABILITIES":241188696.93,"TAX_EBT":14.54497459249,"OCF_SALES":4.273526767112,"TOTAL_PARENT_EQUITY":21771563.45,"DEBT_ASSET_RATIO":91.7205879632,"OPERATE_PROFIT":-33188151.22,"PRETAX_PROFIT":-36867703.59,"NETCASH_OPERATE":15803340.86,"NETCASH_INVEST":3321896.96,"NETCASH_FINANCE":-42020050.12,"END_CASH":27080434.91,"DIVI_RATIO":null,"DIVIDEND_RATE":null,"CURRENT_RATIO":0.757982598327,"COMMON_ACS":2500000000,"CURRENTDEBT_DEBT":90.239178460825,"ISSUED_COMMON_SHARES":345600000,"HK_COMMON_SHARES":345600000,"PER_SHARES":2500,"TOTAL_MARKET_CAP":29721600,"HKSK_MARKET_CAP":29721600,"PE_TTM":-4.133166458073,"PB_TTM":0.830815676189,"REPORT_DATE_SQ":"2020-12-31 00:00:00","REPORT_TYPE_SQ":"2020年年报","OPERATE_INCOME_SQ":313795049.68,"DPS_HKD":null,"OPERATE_INCOME_QOQ_SQ":0,"NET_PROFIT_RATIO_SQ":-8.9564097868,"HOLDER_PROFIT_SQ":-28104770.54,"HOLDER_PROFIT_QOQ_SQ":0,"ROE_AVG_SQ":-58.49509653019,"PE_TTM_SQ":70.610328638498,"PB_TTM_SQ":1.118936613431,"ROA_SQ":-8.781895873277,"START_DATE":"2021-04-01 00:00:00","FISCAL_YEAR":"3-31","CURRENCY":"HKD","IS_CNY_CODE":0,"DPS_HKD_LY":null,"ORG_TYPE":"一般企业","PREMIUM_INCOME":null,"PREMIUM_INCOME_YOY":null,"NET_INTEREST_INCOME":null,"NET_INTEREST_INCOME_YOY":null,"FEE_COMMISSION_INCOME":null,"FEE_COMMISSION_INCOME_YOY":null,"ACCOUNTS_RECE_TDAYS":3.266167158534,"INVENTORY_TDAYS":10.409526445508,"CURRENT_ASSETS_TDAYS":1.994314081396,"TOTAL_ASSETS_TDAYS":1.286568023295,"PREMIUM_EXPENSE":null,"LOAN_DEPOSIT":null,"LOAN_EQUITY":null,"LOAN_ASSETS":null,"DEPOSIT_EQUITY":null,"DEPOSIT_ASSETS":null,"EQUITY_MULTIPLIER":12.078152356173,"EQUITY_RATIO":11.078152356118},{"SECUCODE":"01825.HK","SECURITY_CODE":"01825","SECURITY_NAME_ABBR":"STERLING GP","ORG_CODE":"10703533","STD_REPORT_DATE":"2021-06-30 00:00:00","REPORT_DATE":"2021-09-30 00:00:00","DATE_TYPE_CODE":"002","REPORT_TYPE":"2021年中报","PER_NETCASH_OPERATE":-0.1166950448,"PER_OI":1.0253135868,"BPS":0.165548980729,"BASIC_EPS":0.000499836,"DILUTED_EPS":0.000499836,"OPERATE_INCOME":205062717.36,"OPERATE_INCOME_YOY":26.7068851919,"GROSS_PROFIT":28628939.96,"GROSS_PROFIT_YOY":-5.632799970255,"HOLDER_PROFIT":274076.74,"HOLDER_PROFIT_YOY":-42.4825174825,"GROSS_PROFIT_RATIO":13.961065340678,"EPS_TTM":-0.035130963175,"OPERATE_INCOME_QOQ":0,"NET_PROFIT_RATIO":0.1336550805,"ROE_AVG":0.523543546411,"GROSS_PROFIT_QOQ":0,"ROA":0.079330632716,"HOLDER_PROFIT_QOQ":0,"ROE_YEARLY":1.047087092822,"ROIC_YEARLY":0.184877939819,"TOTAL_ASSETS":370596737.72,"TOTAL_LIABILITIES":313383009.98,"TAX_EBT":null,"OCF_SALES":-11.381400412746,"TOTAL_PARENT_EQUITY":57213727.74,"DEBT_ASSET_RATIO":84.5617292554,"OPERATE_PROFIT":2335067.18,"PRETAX_PROFIT":274076.74,"NETCASH_OPERATE":-23339008.96,"NETCASH_INVEST":-110796.98,"NETCASH_FINANCE":14327798.94,"END_CASH":44790303.96,"DIVI_RATIO":null,"DIVIDEND_RATE":null,"CURRENT_RATIO":0.918349616844,"COMMON_ACS":2500000000,"CURRENTDEBT_DEBT":92.100121483427,"ISSUED_COMMON_SHARES":345600000,"HK_COMMON_SHARES":345600000,"PER_SHARES":2500,"TOTAL_MARKET_CAP":29721600,"HKSK_MARKET_CAP":29721600,"PE_TTM":-4.133166458073,"PB_TTM":0.830815676189,"REPORT_DATE_SQ":"2020-06-30 00:00:00","REPORT_TYPE_SQ":"2020年中报","OPERATE_INCOME_SQ":170710691.84,"DPS_HKD":null,"OPERATE_INCOME_QOQ_SQ":0,"NET_PROFIT_RATIO_SQ":0.2944325482,"HOLDER_PROFIT_SQ":502627.84,"HOLDER_PROFIT_QOQ_SQ":0,"ROE_AVG_SQ":1.005546326328,"PE_TTM_SQ":70.610328638498,"PB_TTM_SQ":1.118936613431,"ROA_SQ":0.142724363573,"START_DATE":"2021-04-01 00:00:00","FISCAL_YEAR":"3-31","CURRENCY":"HKD","IS_CNY_CODE":0,"DPS_HKD_LY":null,"ORG_TYPE":"一般企业","PREMIUM_INCOME":null,"PREMIUM_INCOME_YOY":null,"NET_INTEREST_INCOME":null,"NET_INTEREST_INCOME_YOY":null,"FEE_COMMISSION_INCOME":null,"FEE_COMMISSION_INCOME_YOY":null,"ACCOUNTS_RECE_TDAYS":1.276362080811,"INVENTORY_TDAYS":7.148305656811,"CURRENT_ASSETS_TDAYS":0.860640176215,"TOTAL_ASSETS_TDAYS":0.593547453704,"PREMIUM_EXPENSE":null,"LOAN_DEPOSIT":null,"LOAN_EQUITY":null,"LOAN_ASSETS":null,"DEPOSIT_EQUITY":null,"DEPOSIT_ASSETS":null,"EQUITY_MULTIPLIER":6.477409397356,"EQUITY_RATIO":5.477409397341},{"SECUCODE":"01825.HK","SECURITY_CODE":"01825","SECURITY_NAME_ABBR":"STERLING GP","ORG_CODE":"10703533","STD_REPORT_DATE":"2020-12-31 00:00:00","REPORT_DATE":"2021-03-31 00:00:00","DATE_TYPE_CODE":"001","REPORT_TYPE":"2020年年报","PER_NETCASH_OPERATE":-0.009243099775,"PER_OI":0.3922438121,"BPS":0.139403343576,"BASIC_EPS":-0.140553434,"DILUTED_EPS":-0.140553434,"OPERATE_INCOME":313795049.68,"OPERATE_INCOME_YOY":-37.1648391448,"GROSS_PROFIT":37060297.82,"GROSS_PROFIT_YOY":-63.580895620616,"HOLDER_PROFIT":-28104770.54,"HOLDER_PROFIT_YOY":43.29103994,"GROSS_PROFIT_RATIO":11.810351328931,"EPS_TTM":-0.067641407838,"OPERATE_INCOME_QOQ":0,"NET_PROFIT_RATIO":-8.9564097868,"ROE_AVG":-58.49509653019,"GROSS_PROFIT_QOQ":0,"ROA":-8.781895873277,"HOLDER_PROFIT_QOQ":0,"ROE_YEARLY":-58.49509653019,"ROIC_YEARLY":-10.30112186909,"TOTAL_ASSETS":325037634.04,"TOTAL_LIABILITIES":276859838.5,"TAX_EBT":5.745464852608,"OCF_SALES":-2.356467964533,"TOTAL_PARENT_EQUITY":48177795.54,"DEBT_ASSET_RATIO":85.1777792801,"OPERATE_PROFIT":-18537332.94,"PRETAX_PROFIT":-29817950.4,"NETCASH_OPERATE":-7394479.82,"NETCASH_INVEST":-1037881.04,"NETCASH_FINANCE":21825083.14,"END_CASH":53922484,"DIVI_RATIO":null,"DIVIDEND_RATE":null,"CURRENT_RATIO":0.79160416985,"COMMON_ACS":2500000000,"CURRENTDEBT_DEBT":97.896054338701,"ISSUED_COMMON_SHARES":345600000,"HK_COMMON_SHARES":345600000,"PER_SHARES":2500,"TOTAL_MARKET_CAP":29721600,"HKSK_MARKET_CAP":29721600,"PE_TTM":-4.133166458073,"PB_TTM":0.830815676189,"REPORT_DATE_SQ":"2019-12-31 00:00:00","REPORT_TYPE_SQ":"2019年年报","OPERATE_INCOME_SQ":539880660.1,"DPS_HKD":null,"OPERATE_INCOME_QOQ_SQ":0,"NET_PROFIT_RATIO_SQ":-9.9239599711,"HOLDER_PROFIT_SQ":-53577540.6,"HOLDER_PROFIT_QOQ_SQ":0,"ROE_AVG_SQ":-68.090294711907,"PE_TTM_SQ":70.610328638498,"PB_TTM_SQ":1.118936613431,"ROA_SQ":-15.464362053529,"START_DATE":"2020-04-01 00:00:00","FISCAL_YEAR":"3-31","CURRENCY":"HKD","IS_CNY_CODE":0,"DPS_HKD_LY":null,"ORG_TYPE":"一般企业","PREMIUM_INCOME":null,"PREMIUM_INCOME_YOY":null,"NET_INTEREST_INCOME":null,"NET_INTEREST_INCOME_YOY":null,"FEE_COMMISSION_INCOME":null,"FEE_COMMISSION_INCOME_YOY":null,"ACCOUNTS_RECE_TDAYS":2.409944177593,"INVENTORY_TDAYS":9.287655301526,"CURRENT_ASSETS_TDAYS":1.496603904401,"TOTAL_ASSETS_TDAYS":0.98051519329,"PREMIUM_EXPENSE":null,"LOAN_DEPOSIT":null,"LOAN_EQUITY":null,"LOAN_ASSETS":null,"DEPOSIT_EQUITY":null,"DEPOSIT_ASSETS":null,"EQUITY_MULTIPLIER":6.746627370468,"EQUITY_RATIO":5.746627370489},{"SECUCODE":"01825.HK","SECURITY_CODE":"01825","SECURITY_NAME_ABBR":"STERLING GP","ORG_CODE":"10703533","STD_REPORT_DATE":"2020-06-30 00:00:00","REPORT_DATE":"2020-09-30 00:00:00","DATE_TYPE_CODE":"002","REPORT_TYPE":"2020年中报","PER_NETCASH_OPERATE":-0.022511708,"PER_OI":0.2133883648,"BPS":0.145123557407,"BASIC_EPS":0.000615104,"DILUTED_EPS":null,"OPERATE_INCOME":170710691.84,"OPERATE_INCOME_YOY":-38.357072824,"GROSS_PROFIT":30337808,"GROSS_PROFIT_YOY":-34.468161866688,"HOLDER_PROFIT":502627.84,"HOLDER_PROFIT_YOY":-50.3040834057,"GROSS_PROFIT_RATIO":17.771475045297,"EPS_TTM":-0.06697192575,"OPERATE_INCOME_QOQ":0,"NET_PROFIT_RATIO":0.2944325482,"ROE_AVG":1.005546326328,"GROSS_PROFIT_QOQ":0,"ROA":0.142724363573,"HOLDER_PROFIT_QOQ":0,"ROE_YEARLY":2.011092652656,"ROIC_YEARLY":0.333535476046,"TOTAL_ASSETS":376808316.8,"TOTAL_LIABILITIES":326653615.36,"TAX_EBT":34.403669724771,"OCF_SALES":-10.549641739417,"TOTAL_PARENT_EQUITY":50154701.44,"DEBT_ASSET_RATIO":86.6895980784,"OPERATE_PROFIT":4348785.28,"PRETAX_PROFIT":766243.84,"NETCASH_OPERATE":-18009366.4,"NETCASH_INVEST":-570289.28,"NETCASH_FINANCE":36679530.24,"END_CASH":59511312,"DIVI_RATIO":null,"DIVIDEND_RATE":null,"CURRENT_RATIO":0.92044251519,"COMMON_ACS":2500000000,"CURRENTDEBT_DEBT":88.681006515342,"ISSUED_COMMON_SHARES":345600000,"HK_COMMON_SHARES":345600000,"PER_SHARES":2500,"TOTAL_MARKET_CAP":29721600,"HKSK_MARKET_CAP":29721600,"PE_TTM":-4.133166458073,"PB_TTM":0.830815676189,"REPORT_DATE_SQ":"2019-06-30 00:00:00","REPORT_TYPE_SQ":"2019年中报","OPERATE_INCOME_SQ":284274765.57,"DPS_HKD":null,"OPERATE_INCOME_QOQ_SQ":0,"NET_PROFIT_RATIO_SQ":0.3652147977,"HOLDER_PROFIT_SQ":1038213.51,"HOLDER_PROFIT_QOQ_SQ":0,"ROE_AVG_SQ":0.993058940766,"PE_TTM_SQ":70.610328638498,"PB_TTM_SQ":1.118936613431,"ROA_SQ":0.260103295583,"START_DATE":"2020-04-01 00:00:00","FISCAL_YEAR":"3-31","CURRENCY":"HKD","IS_CNY_CODE":0,"DPS_HKD_LY":null,"ORG_TYPE":"一般企业","PREMIUM_INCOME":null,"PREMIUM_INCOME_YOY":null,"NET_INTEREST_INCOME":null,"NET_INTEREST_INCOME_YOY":null,"FEE_COMMISSION_INCOME":null,"FEE_COMMISSION_INCOME_YOY":null,"ACCOUNTS_RECE_TDAYS":1.091262463137,"INVENTORY_TDAYS":4.439204679663,"CURRENT_ASSETS_TDAYS":0.711960684431,"TOTAL_ASSETS_TDAYS":0.484743838462,"PREMIUM_EXPENSE":null,"LOAN_DEPOSIT":null,"LOAN_EQUITY":null,"LOAN_ASSETS":null,"DEPOSIT_EQUITY":null,"DEPOSIT_ASSETS":null,"EQUITY_MULTIPLIER":7.512921141601,"EQUITY_RATIO":6.512921141616}],"count":19},"success":true,"message":"ok","code":0}