{"version":"5ed49e0c5d8228b3f3d46407f5120cda","result":{"pages":3,"data":[{"SECUCODE":"01820.HK","SECURITY_CODE":"01820","SECURITY_NAME_ABBR":"济丰包装","ORG_CODE":"10913163","STD_REPORT_DATE":"2024-06-30 00:00:00","REPORT_DATE":"2024-06-30 00:00:00","DATE_TYPE_CODE":"002","REPORT_TYPE":"2024年中报","PER_NETCASH_OPERATE":0.116620985125,"PER_OI":3.31715519306,"BPS":1.82436999388,"BASIC_EPS":-0.05,"DILUTED_EPS":null,"OPERATE_INCOME":997243000,"OPERATE_INCOME_YOY":5.3367472291,"GROSS_PROFIT":149594000,"GROSS_PROFIT_YOY":-5.386123584846,"HOLDER_PROFIT":-15292000,"HOLDER_PROFIT_YOY":-510.5234899329,"GROSS_PROFIT_RATIO":15.00075708729,"EPS_TTM":0.011299528992,"OPERATE_INCOME_QOQ":2.523164632947,"NET_PROFIT_RATIO":-1.5334276601,"ROE_AVG":-2.697368072913,"GROSS_PROFIT_QOQ":-2.494303170893,"ROA":-0.927794395132,"HOLDER_PROFIT_QOQ":-84.844293744981,"ROE_YEARLY":-5.394736145826,"ROIC_YEARLY":-1.972248330208,"TOTAL_ASSETS":1634593000,"TOTAL_LIABILITIES":1086129000,"TAX_EBT":11.550696974955,"OCF_SALES":3.515692764953,"TOTAL_PARENT_EQUITY":548464000,"DEBT_ASSET_RATIO":66.446448749,"OPERATE_PROFIT":412000,"PRETAX_PROFIT":-17289000,"NETCASH_OPERATE":35060000,"NETCASH_INVEST":-54220000,"NETCASH_FINANCE":-76483000,"END_CASH":49683000,"DIVI_RATIO":12.877704911392,"DIVIDEND_RATE":2.675585284281,"CURRENT_RATIO":1.108808450879,"COMMON_ACS":600000000,"CURRENTDEBT_DEBT":65.29868919806,"ISSUED_COMMON_SHARES":300632000,"HK_COMMON_SHARES":300632000,"PER_SHARES":1000,"TOTAL_MARKET_CAP":1797779360,"HKSK_MARKET_CAP":1797779360,"PE_TTM":456.493143317133,"PB_TTM":2.991622542746,"REPORT_DATE_SQ":"2023-06-30 00:00:00","REPORT_TYPE_SQ":"2023年中报","OPERATE_INCOME_SQ":946719000,"DPS_HKD":0.16,"OPERATE_INCOME_QOQ_SQ":-5.314979877516,"NET_PROFIT_RATIO_SQ":0.3934641641,"HOLDER_PROFIT_SQ":3725000,"HOLDER_PROFIT_QOQ_SQ":-22.593225537882,"ROE_AVG_SQ":0.628307575534,"PE_TTM_SQ":98.942069809007,"PB_TTM_SQ":3.003806188829,"ROA_SQ":0.226953897895,"START_DATE":"2024-01-01 00:00:00","FISCAL_YEAR":"12-31","CURRENCY":"HKD","IS_CNY_CODE":0,"DPS_HKD_LY":0.16,"ORG_TYPE":"一般企业","PREMIUM_INCOME":null,"PREMIUM_INCOME_YOY":null,"NET_INTEREST_INCOME":null,"NET_INTEREST_INCOME_YOY":null,"FEE_COMMISSION_INCOME":null,"FEE_COMMISSION_INCOME_YOY":null,"ACCOUNTS_RECE_TDAYS":1.696549799977,"INVENTORY_TDAYS":6.494623243983,"CURRENT_ASSETS_TDAYS":1.200692547707,"TOTAL_ASSETS_TDAYS":0.605046080293,"PREMIUM_EXPENSE":null,"LOAN_DEPOSIT":null,"LOAN_EQUITY":null,"LOAN_ASSETS":null,"DEPOSIT_EQUITY":null,"DEPOSIT_ASSETS":null,"EQUITY_MULTIPLIER":2.980310467048,"EQUITY_RATIO":1.98031046705},{"SECUCODE":"01820.HK","SECURITY_CODE":"01820","SECURITY_NAME_ABBR":"济丰包装","ORG_CODE":"10913163","STD_REPORT_DATE":"2023-12-31 00:00:00","REPORT_DATE":"2023-12-31 00:00:00","DATE_TYPE_CODE":"001","REPORT_TYPE":"2023年年报","PER_NETCASH_OPERATE":0.557458953139,"PER_OI":6.660654887038,"BPS":1.947171292477,"BASIC_EPS":0.07,"DILUTED_EPS":null,"OPERATE_INCOME":2002406000,"OPERATE_INCOME_YOY":-8.0794286105,"GROSS_PROFIT":341418000,"GROSS_PROFIT_YOY":0.969122348369,"HOLDER_PROFIT":22414000,"HOLDER_PROFIT_YOY":-1.7834450725,"GROSS_PROFIT_RATIO":17.050388382776,"EPS_TTM":0.074556268128,"OPERATE_INCOME_QOQ":-2.919626282406,"NET_PROFIT_RATIO":1.1193534178,"ROE_AVG":3.773629378211,"GROSS_PROFIT_QOQ":1.800649414543,"ROA":1.340339408335,"HOLDER_PROFIT_QOQ":26.883668270592,"ROE_YEARLY":3.773629378211,"ROIC_YEARLY":1.445852302323,"TOTAL_ASSETS":1661827000,"TOTAL_LIABILITIES":1076445000,"TAX_EBT":39.183285849953,"OCF_SALES":8.369431573817,"TOTAL_PARENT_EQUITY":585382000,"DEBT_ASSET_RATIO":64.774793044,"OPERATE_PROFIT":67061000,"PRETAX_PROFIT":36855000,"NETCASH_OPERATE":167590000,"NETCASH_INVEST":-22335000,"NETCASH_FINANCE":-98825000,"END_CASH":145302000,"DIVI_RATIO":1.951707128759,"DIVIDEND_RATE":2.671118530885,"CURRENT_RATIO":1.157771642162,"COMMON_ACS":600000000,"CURRENTDEBT_DEBT":70.186214808931,"ISSUED_COMMON_SHARES":300632000,"HK_COMMON_SHARES":300632000,"PER_SHARES":1000,"TOTAL_MARKET_CAP":1800785680,"HKSK_MARKET_CAP":1800785680,"PE_TTM":457.256509777529,"PB_TTM":2.996625256028,"REPORT_DATE_SQ":"2022-12-31 00:00:00","REPORT_TYPE_SQ":"2022年年报","OPERATE_INCOME_SQ":2178409000,"DPS_HKD":0.16,"OPERATE_INCOME_QOQ_SQ":-7.153981229702,"NET_PROFIT_RATIO_SQ":1.0475994177,"HOLDER_PROFIT_SQ":22821000,"HOLDER_PROFIT_QOQ_SQ":-21.886017456786,"ROE_AVG_SQ":3.701880300842,"PE_TTM_SQ":98.942069809007,"PB_TTM_SQ":3.003806188829,"ROA_SQ":1.372673564621,"START_DATE":"2023-01-01 00:00:00","FISCAL_YEAR":"12-31","CURRENCY":"HKD","IS_CNY_CODE":0,"DPS_HKD_LY":0.16,"ORG_TYPE":"一般企业","PREMIUM_INCOME":null,"PREMIUM_INCOME_YOY":null,"NET_INTEREST_INCOME":null,"NET_INTEREST_INCOME_YOY":null,"FEE_COMMISSION_INCOME":null,"FEE_COMMISSION_INCOME_YOY":null,"ACCOUNTS_RECE_TDAYS":3.273426944388,"INVENTORY_TDAYS":13.735289861364,"CURRENT_ASSETS_TDAYS":2.299687790525,"TOTAL_ASSETS_TDAYS":1.197422893409,"PREMIUM_EXPENSE":null,"LOAN_DEPOSIT":null,"LOAN_EQUITY":null,"LOAN_ASSETS":null,"DEPOSIT_EQUITY":null,"DEPOSIT_ASSETS":null,"EQUITY_MULTIPLIER":2.838876152663,"EQUITY_RATIO":1.838876152666},{"SECUCODE":"01820.HK","SECURITY_CODE":"01820","SECURITY_NAME_ABBR":"济丰包装","ORG_CODE":"10913163","STD_REPORT_DATE":"2023-06-30 00:00:00","REPORT_DATE":"2023-06-30 00:00:00","DATE_TYPE_CODE":"002","REPORT_TYPE":"2023年中报","PER_NETCASH_OPERATE":0.383023098007,"PER_OI":3.149095904628,"BPS":1.939843396578,"BASIC_EPS":0.01,"DILUTED_EPS":null,"OPERATE_INCOME":946719000,"OPERATE_INCOME_YOY":-10.8971191557,"GROSS_PROFIT":158110000,"GROSS_PROFIT_YOY":-1.716892933512,"HOLDER_PROFIT":3725000,"HOLDER_PROFIT_YOY":-58.0565251661,"GROSS_PROFIT_RATIO":16.700837312867,"EPS_TTM":0.058759546555,"OPERATE_INCOME_QOQ":-5.314979877516,"NET_PROFIT_RATIO":0.3934641641,"ROE_AVG":0.628307575534,"GROSS_PROFIT_QOQ":-0.816819019285,"ROA":0.226953897895,"HOLDER_PROFIT_QOQ":-22.593225537882,"ROE_YEARLY":1.256615151068,"ROIC_YEARLY":0.489661246434,"TOTAL_ASSETS":1599906000,"TOTAL_LIABILITIES":1016727000,"TAX_EBT":59.768873528459,"OCF_SALES":12.162954371889,"TOTAL_PARENT_EQUITY":583179000,"DEBT_ASSET_RATIO":63.5491710138,"OPERATE_PROFIT":24812000,"PRETAX_PROFIT":9259000,"NETCASH_OPERATE":115149000,"NETCASH_INVEST":-6461000,"NETCASH_FINANCE":-66298000,"END_CASH":140916000,"DIVI_RATIO":2.476397598868,"DIVIDEND_RATE":2.671118530885,"CURRENT_RATIO":1.10155160542,"COMMON_ACS":600000000,"CURRENTDEBT_DEBT":73.56301150653,"ISSUED_COMMON_SHARES":300632000,"HK_COMMON_SHARES":300632000,"PER_SHARES":1000,"TOTAL_MARKET_CAP":1800785680,"HKSK_MARKET_CAP":1800785680,"PE_TTM":457.256509777529,"PB_TTM":2.996625256028,"REPORT_DATE_SQ":"2022-06-30 00:00:00","REPORT_TYPE_SQ":"2022年中报","OPERATE_INCOME_SQ":1062501000,"DPS_HKD":0.16,"OPERATE_INCOME_QOQ_SQ":-2.256516135053,"NET_PROFIT_RATIO_SQ":0.8358580368,"HOLDER_PROFIT_SQ":8881000,"HOLDER_PROFIT_QOQ_SQ":-33.037658438195,"ROE_AVG_SQ":1.426381390389,"PE_TTM_SQ":98.942069809007,"PB_TTM_SQ":3.003806188829,"ROA_SQ":0.539115137292,"START_DATE":"2023-01-01 00:00:00","FISCAL_YEAR":"12-31","CURRENCY":"HKD","IS_CNY_CODE":0,"DPS_HKD_LY":0.16,"ORG_TYPE":"一般企业","PREMIUM_INCOME":null,"PREMIUM_INCOME_YOY":null,"NET_INTEREST_INCOME":null,"NET_INTEREST_INCOME_YOY":null,"FEE_COMMISSION_INCOME":null,"FEE_COMMISSION_INCOME_YOY":null,"ACCOUNTS_RECE_TDAYS":1.591505528635,"INVENTORY_TDAYS":7.158207654638,"CURRENT_ASSETS_TDAYS":1.119958027555,"TOTAL_ASSETS_TDAYS":0.576809576541,"PREMIUM_EXPENSE":null,"LOAN_DEPOSIT":null,"LOAN_EQUITY":null,"LOAN_ASSETS":null,"DEPOSIT_EQUITY":null,"DEPOSIT_ASSETS":null,"EQUITY_MULTIPLIER":2.743421831033,"EQUITY_RATIO":1.743421831033},{"SECUCODE":"01820.HK","SECURITY_CODE":"01820","SECURITY_NAME_ABBR":"济丰包装","ORG_CODE":"10913163","STD_REPORT_DATE":"2022-12-31 00:00:00","REPORT_DATE":"2022-12-31 00:00:00","DATE_TYPE_CODE":"001","REPORT_TYPE":"2022年年报","PER_NETCASH_OPERATE":0.791801937252,"PER_OI":7.24609821975,"BPS":2.00426434977,"BASIC_EPS":0.08,"DILUTED_EPS":null,"OPERATE_INCOME":2178409000,"OPERATE_INCOME_YOY":-9.249066624,"GROSS_PROFIT":338141000,"GROSS_PROFIT_YOY":-7.794396346036,"HOLDER_PROFIT":22821000,"HOLDER_PROFIT_YOY":-47.6930482019,"GROSS_PROFIT_RATIO":15.52238353771,"EPS_TTM":0.075910082759,"OPERATE_INCOME_QOQ":-7.153981229702,"NET_PROFIT_RATIO":1.0475994177,"ROE_AVG":3.701880300842,"GROSS_PROFIT_QOQ":-3.257821977066,"ROA":1.372673564621,"HOLDER_PROFIT_QOQ":-21.886017456786,"ROE_YEARLY":3.701880300842,"ROIC_YEARLY":1.440958037251,"TOTAL_ASSETS":1682699000,"TOTAL_LIABILITIES":1080153000,"TAX_EBT":43.571040007913,"OCF_SALES":10.927286840993,"TOTAL_PARENT_EQUITY":602546000,"DEBT_ASSET_RATIO":64.1916944147,"OPERATE_PROFIT":68688000,"PRETAX_PROFIT":40442000,"NETCASH_OPERATE":238041000,"NETCASH_INVEST":-70300000,"NETCASH_FINANCE":-128362000,"END_CASH":98769000,"DIVI_RATIO":1.916899504141,"DIVIDEND_RATE":2.671118530885,"CURRENT_RATIO":1.090302997521,"COMMON_ACS":600000000,"CURRENTDEBT_DEBT":73.596703429977,"ISSUED_COMMON_SHARES":300632000,"HK_COMMON_SHARES":300632000,"PER_SHARES":1000,"TOTAL_MARKET_CAP":1800785680,"HKSK_MARKET_CAP":1800785680,"PE_TTM":457.256509777529,"PB_TTM":2.996625256028,"REPORT_DATE_SQ":"2021-12-31 00:00:00","REPORT_TYPE_SQ":"2021年年报","OPERATE_INCOME_SQ":2400426000,"DPS_HKD":0.16,"OPERATE_INCOME_QOQ_SQ":5.493291377893,"NET_PROFIT_RATIO_SQ":1.8175523845,"HOLDER_PROFIT_SQ":43629000,"HOLDER_PROFIT_QOQ_SQ":-39.625539687811,"ROE_AVG_SQ":6.826300085585,"PE_TTM_SQ":98.942069809007,"PB_TTM_SQ":3.003806188829,"ROA_SQ":2.788049391079,"START_DATE":"2022-01-01 00:00:00","FISCAL_YEAR":"12-31","CURRENCY":"HKD","IS_CNY_CODE":0,"DPS_HKD_LY":0.16,"ORG_TYPE":"一般企业","PREMIUM_INCOME":null,"PREMIUM_INCOME_YOY":null,"NET_INTEREST_INCOME":null,"NET_INTEREST_INCOME_YOY":null,"FEE_COMMISSION_INCOME":null,"FEE_COMMISSION_INCOME_YOY":null,"ACCOUNTS_RECE_TDAYS":3.302290856282,"INVENTORY_TDAYS":13.322532070773,"CURRENT_ASSETS_TDAYS":2.437702544224,"TOTAL_ASSETS_TDAYS":1.310303863648,"PREMIUM_EXPENSE":null,"LOAN_DEPOSIT":null,"LOAN_EQUITY":null,"LOAN_ASSETS":null,"DEPOSIT_EQUITY":null,"DEPOSIT_ASSETS":null,"EQUITY_MULTIPLIER":2.792648196151,"EQUITY_RATIO":1.792648196154},{"SECUCODE":"01820.HK","SECURITY_CODE":"01820","SECURITY_NAME_ABBR":"济丰包装","ORG_CODE":"10913163","STD_REPORT_DATE":"2022-06-30 00:00:00","REPORT_DATE":"2022-06-30 00:00:00","DATE_TYPE_CODE":"002","REPORT_TYPE":"2022年中报","PER_NETCASH_OPERATE":0.535471939115,"PER_OI":3.534224566912,"BPS":2.045204768621,"BASIC_EPS":0.03,"DILUTED_EPS":null,"OPERATE_INCOME":1062501000,"OPERATE_INCOME_YOY":-4.8506851192,"GROSS_PROFIT":160872000,"GROSS_PROFIT_YOY":-9.657492320393,"HOLDER_PROFIT":8881000,"HOLDER_PROFIT_YOY":-61.8759390427,"GROSS_PROFIT_RATIO":15.140879867407,"EPS_TTM":0.097178610394,"OPERATE_INCOME_QOQ":-2.256516135053,"NET_PROFIT_RATIO":0.8358580368,"ROE_AVG":1.426381390389,"GROSS_PROFIT_QOQ":-4.689344876951,"ROA":0.539115137292,"HOLDER_PROFIT_QOQ":-33.037658438195,"ROE_YEARLY":2.852762780777,"ROIC_YEARLY":1.139509386101,"TOTAL_ASSETS":1652313000,"TOTAL_LIABILITIES":1037459000,"TAX_EBT":37.338601566359,"OCF_SALES":15.151044563723,"TOTAL_PARENT_EQUITY":614854000,"DEBT_ASSET_RATIO":62.7882852704,"OPERATE_PROFIT":28100000,"PRETAX_PROFIT":14173000,"NETCASH_OPERATE":160980000,"NETCASH_INVEST":-44299000,"NETCASH_FINANCE":-57174000,"END_CASH":118377000,"DIVI_RATIO":1.497366544036,"DIVIDEND_RATE":2.671118530885,"CURRENT_RATIO":1.106535697972,"COMMON_ACS":600000000,"CURRENTDEBT_DEBT":77.443927904621,"ISSUED_COMMON_SHARES":300632000,"HK_COMMON_SHARES":300632000,"PER_SHARES":1000,"TOTAL_MARKET_CAP":1800785680,"HKSK_MARKET_CAP":1800785680,"PE_TTM":457.256509777529,"PB_TTM":2.996625256028,"REPORT_DATE_SQ":"2021-06-30 00:00:00","REPORT_TYPE_SQ":"2021年中报","OPERATE_INCOME_SQ":1116667000,"DPS_HKD":0.16,"OPERATE_INCOME_QOQ_SQ":11.452944397695,"NET_PROFIT_RATIO_SQ":2.0861187803,"HOLDER_PROFIT_SQ":23295000,"HOLDER_PROFIT_QOQ_SQ":-7.848863158163,"ROE_AVG_SQ":3.645405841882,"PE_TTM_SQ":98.942069809007,"PB_TTM_SQ":3.003806188829,"ROA_SQ":1.531092113315,"START_DATE":"2022-01-01 00:00:00","FISCAL_YEAR":"12-31","CURRENCY":"HKD","IS_CNY_CODE":0,"DPS_HKD_LY":0.16,"ORG_TYPE":"一般企业","PREMIUM_INCOME":null,"PREMIUM_INCOME_YOY":null,"NET_INTEREST_INCOME":null,"NET_INTEREST_INCOME_YOY":null,"FEE_COMMISSION_INCOME":null,"FEE_COMMISSION_INCOME_YOY":null,"ACCOUNTS_RECE_TDAYS":1.649909041571,"INVENTORY_TDAYS":5.762349091513,"CURRENT_ASSETS_TDAYS":1.174316479375,"TOTAL_ASSETS_TDAYS":0.644984092431,"PREMIUM_EXPENSE":null,"LOAN_DEPOSIT":null,"LOAN_EQUITY":null,"LOAN_ASSETS":null,"DEPOSIT_EQUITY":null,"DEPOSIT_ASSETS":null,"EQUITY_MULTIPLIER":2.687325771646,"EQUITY_RATIO":1.687325771647},{"SECUCODE":"01820.HK","SECURITY_CODE":"01820","SECURITY_NAME_ABBR":"济丰包装","ORG_CODE":"10913163","STD_REPORT_DATE":"2021-12-31 00:00:00","REPORT_DATE":"2021-12-31 00:00:00","DATE_TYPE_CODE":"001","REPORT_TYPE":"2021年年报","PER_NETCASH_OPERATE":0.163053167993,"PER_OI":7.984599111206,"BPS":2.096899199021,"BASIC_EPS":0.15,"DILUTED_EPS":null,"OPERATE_INCOME":2400426000,"OPERATE_INCOME_YOY":17.5753793827,"GROSS_PROFIT":366725000,"GROSS_PROFIT_YOY":-3.661506371778,"HOLDER_PROFIT":43629000,"HOLDER_PROFIT_YOY":-44.3642484602,"GROSS_PROFIT_RATIO":15.277496577691,"EPS_TTM":0.145124271535,"OPERATE_INCOME_QOQ":5.493291377893,"NET_PROFIT_RATIO":1.8175523845,"ROE_AVG":6.826300085585,"GROSS_PROFIT_QOQ":-6.045521390032,"ROA":2.788049391079,"HOLDER_PROFIT_QOQ":-39.625539687811,"ROE_YEARLY":6.826300085585,"ROIC_YEARLY":2.932661510137,"TOTAL_ASSETS":1642345000,"TOTAL_LIABILITIES":1011950000,"TAX_EBT":30.003208727739,"OCF_SALES":2.042095861318,"TOTAL_PARENT_EQUITY":630395000,"DEBT_ASSET_RATIO":61.6161646913,"OPERATE_PROFIT":89856000,"PRETAX_PROFIT":62330000,"NETCASH_OPERATE":49019000,"NETCASH_INVEST":-91503000,"NETCASH_FINANCE":8908000,"END_CASH":58799000,"DIVI_RATIO":1.002671699649,"DIVIDEND_RATE":2.671118530885,"CURRENT_RATIO":1.176181970116,"COMMON_ACS":600000000,"CURRENTDEBT_DEBT":77.339196600623,"ISSUED_COMMON_SHARES":300632000,"HK_COMMON_SHARES":300632000,"PER_SHARES":1000,"TOTAL_MARKET_CAP":1800785680,"HKSK_MARKET_CAP":1800785680,"PE_TTM":457.256509777529,"PB_TTM":2.996625256028,"REPORT_DATE_SQ":"2020-12-31 00:00:00","REPORT_TYPE_SQ":"2020年年报","OPERATE_INCOME_SQ":2041606000,"DPS_HKD":0.16,"OPERATE_INCOME_QOQ_SQ":3.392087105147,"NET_PROFIT_RATIO_SQ":3.8410447461,"HOLDER_PROFIT_SQ":78419000,"HOLDER_PROFIT_QOQ_SQ":-3.563830441359,"ROE_AVG_SQ":12.257469539597,"PE_TTM_SQ":98.942069809007,"PB_TTM_SQ":3.003806188829,"ROA_SQ":4.967296000649,"START_DATE":"2021-01-01 00:00:00","FISCAL_YEAR":"12-31","CURRENCY":"HKD","IS_CNY_CODE":0,"DPS_HKD_LY":0.24,"ORG_TYPE":"一般企业","PREMIUM_INCOME":null,"PREMIUM_INCOME_YOY":null,"NET_INTEREST_INCOME":null,"NET_INTEREST_INCOME_YOY":null,"FEE_COMMISSION_INCOME":null,"FEE_COMMISSION_INCOME_YOY":null,"ACCOUNTS_RECE_TDAYS":3.749839488488,"INVENTORY_TDAYS":12.479334583087,"CURRENT_ASSETS_TDAYS":2.689489659067,"TOTAL_ASSETS_TDAYS":1.533958203862,"PREMIUM_EXPENSE":null,"LOAN_DEPOSIT":null,"LOAN_EQUITY":null,"LOAN_ASSETS":null,"DEPOSIT_EQUITY":null,"DEPOSIT_ASSETS":null,"EQUITY_MULTIPLIER":2.605263366617,"EQUITY_RATIO":1.605263366619},{"SECUCODE":"01820.HK","SECURITY_CODE":"01820","SECURITY_NAME_ABBR":"济丰包装","ORG_CODE":"10913163","STD_REPORT_DATE":"2021-06-30 00:00:00","REPORT_DATE":"2021-06-30 00:00:00","DATE_TYPE_CODE":"002","REPORT_TYPE":"2021年中报","PER_NETCASH_OPERATE":0.02357034514,"PER_OI":3.714398334176,"BPS":2.096184038958,"BASIC_EPS":0.08,"DILUTED_EPS":null,"OPERATE_INCOME":1116667000,"OPERATE_INCOME_YOY":26.4853433736,"GROSS_PROFIT":178069000,"GROSS_PROFIT_YOY":5.735407636126,"HOLDER_PROFIT":23295000,"HOLDER_PROFIT_YOY":-20.8998302207,"GROSS_PROFIT_RATIO":15.946472851799,"EPS_TTM":0.240373612922,"OPERATE_INCOME_QOQ":11.452944397695,"NET_PROFIT_RATIO":2.0861187803,"ROE_AVG":3.645405841882,"GROSS_PROFIT_QOQ":2.537414983857,"ROA":1.531092113315,"HOLDER_PROFIT_QOQ":-7.848863158163,"ROE_YEARLY":7.290811683764,"ROIC_YEARLY":3.218998655814,"TOTAL_ASSETS":1555556000,"TOTAL_LIABILITIES":925376000,"TAX_EBT":28.987318619681,"OCF_SALES":0.634566974756,"TOTAL_PARENT_EQUITY":630180000,"DEBT_ASSET_RATIO":59.4884401462,"OPERATE_PROFIT":45751000,"PRETAX_PROFIT":32804000,"NETCASH_OPERATE":7086000,"NETCASH_INVEST":-73820000,"NETCASH_FINANCE":23192000,"END_CASH":52707000,"DIVI_RATIO":0.605357627366,"DIVIDEND_RATE":2.671118530885,"CURRENT_RATIO":1.184817714957,"COMMON_ACS":600000000,"CURRENTDEBT_DEBT":78.594538868525,"ISSUED_COMMON_SHARES":300632000,"HK_COMMON_SHARES":300632000,"PER_SHARES":1000,"TOTAL_MARKET_CAP":1800785680,"HKSK_MARKET_CAP":1800785680,"PE_TTM":457.256509777529,"PB_TTM":2.996625256028,"REPORT_DATE_SQ":"2020-06-30 00:00:00","REPORT_TYPE_SQ":"2020年中报","OPERATE_INCOME_SQ":882843000,"DPS_HKD":0.16,"OPERATE_INCOME_QOQ_SQ":-4.784854879027,"NET_PROFIT_RATIO_SQ":3.3358139556,"HOLDER_PROFIT_SQ":29450000,"HOLDER_PROFIT_QOQ_SQ":6.737635198992,"ROE_AVG_SQ":4.6283454333,"PE_TTM_SQ":98.942069809007,"PB_TTM_SQ":3.003806188829,"ROA_SQ":1.837729427571,"START_DATE":"2021-01-01 00:00:00","FISCAL_YEAR":"12-31","CURRENCY":"HKD","IS_CNY_CODE":0,"DPS_HKD_LY":0.24,"ORG_TYPE":"一般企业","PREMIUM_INCOME":null,"PREMIUM_INCOME_YOY":null,"NET_INTEREST_INCOME":null,"NET_INTEREST_INCOME_YOY":null,"FEE_COMMISSION_INCOME":null,"FEE_COMMISSION_INCOME_YOY":null,"ACCOUNTS_RECE_TDAYS":1.834125565841,"INVENTORY_TDAYS":5.60897820884,"CURRENT_ASSETS_TDAYS":1.293760869036,"TOTAL_ASSETS_TDAYS":0.733942922043,"PREMIUM_EXPENSE":null,"LOAN_DEPOSIT":null,"LOAN_EQUITY":null,"LOAN_ASSETS":null,"DEPOSIT_EQUITY":null,"DEPOSIT_ASSETS":null,"EQUITY_MULTIPLIER":2.46843124187,"EQUITY_RATIO":1.468431241867},{"SECUCODE":"01820.HK","SECURITY_CODE":"01820","SECURITY_NAME_ABBR":"济丰包装","ORG_CODE":"10913163","STD_REPORT_DATE":"2020-12-31 00:00:00","REPORT_DATE":"2020-12-31 00:00:00","DATE_TYPE_CODE":"001","REPORT_TYPE":"2020年年报","PER_NETCASH_OPERATE":0.373034141409,"PER_OI":6.791046861279,"BPS":2.155016764682,"BASIC_EPS":0.26,"DILUTED_EPS":null,"OPERATE_INCOME":2041606000,"OPERATE_INCOME_YOY":-1.5550742192,"GROSS_PROFIT":380663000,"GROSS_PROFIT_YOY":-3.813713500238,"HOLDER_PROFIT":78419000,"HOLDER_PROFIT_YOY":2.9336868634,"GROSS_PROFIT_RATIO":18.645272398298,"EPS_TTM":0.260847148673,"OPERATE_INCOME_QOQ":3.392087105147,"NET_PROFIT_RATIO":3.8410447461,"ROE_AVG":12.257469539597,"GROSS_PROFIT_QOQ":-1.757288268572,"ROA":4.967296000649,"HOLDER_PROFIT_QOQ":-3.563830441359,"ROE_YEARLY":12.257469539597,"ROIC_YEARLY":5.632264192614,"TOTAL_ASSETS":1487370000,"TOTAL_LIABILITIES":839503000,"TAX_EBT":30.736890451249,"OCF_SALES":5.493028527542,"TOTAL_PARENT_EQUITY":647867000,"DEBT_ASSET_RATIO":56.4421092264,"OPERATE_PROFIT":141658000,"PRETAX_PROFIT":113219000,"NETCASH_OPERATE":112146000,"NETCASH_INVEST":-49879000,"NETCASH_FINANCE":-241028000,"END_CASH":95530000,"DIVI_RATIO":0.557843935577,"DIVIDEND_RATE":2.671118530885,"CURRENT_RATIO":1.269871253461,"COMMON_ACS":600000000,"CURRENTDEBT_DEBT":81.095005020828,"ISSUED_COMMON_SHARES":300632000,"HK_COMMON_SHARES":300632000,"PER_SHARES":1000,"TOTAL_MARKET_CAP":1800785680,"HKSK_MARKET_CAP":1800785680,"PE_TTM":457.256509777529,"PB_TTM":2.996625256028,"REPORT_DATE_SQ":"2019-12-31 00:00:00","REPORT_TYPE_SQ":"2019年年报","OPERATE_INCOME_SQ":2073856000,"DPS_HKD":0.16,"OPERATE_INCOME_QOQ_SQ":-1.034013449619,"NET_PROFIT_RATIO_SQ":3.6735433897,"HOLDER_PROFIT_SQ":76184000,"HOLDER_PROFIT_QOQ_SQ":6.643523054957,"ROE_AVG_SQ":11.437390406188,"PE_TTM_SQ":98.942069809007,"PB_TTM_SQ":3.003806188829,"ROA_SQ":4.56683713978,"START_DATE":"2020-01-01 00:00:00","FISCAL_YEAR":"12-31","CURRENCY":"HKD","IS_CNY_CODE":0,"DPS_HKD_LY":0.375,"ORG_TYPE":"一般企业","PREMIUM_INCOME":null,"PREMIUM_INCOME_YOY":null,"NET_INTEREST_INCOME":null,"NET_INTEREST_INCOME_YOY":null,"FEE_COMMISSION_INCOME":null,"FEE_COMMISSION_INCOME_YOY":null,"ACCOUNTS_RECE_TDAYS":3.445501377538,"INVENTORY_TDAYS":10.443653580737,"CURRENT_ASSETS_TDAYS":2.150826020747,"TOTAL_ASSETS_TDAYS":1.293214822773,"PREMIUM_EXPENSE":null,"LOAN_DEPOSIT":null,"LOAN_EQUITY":null,"LOAN_ASSETS":null,"DEPOSIT_EQUITY":null,"DEPOSIT_ASSETS":null,"EQUITY_MULTIPLIER":2.295795278972,"EQUITY_RATIO":1.295795278969},{"SECUCODE":"01820.HK","SECURITY_CODE":"01820","SECURITY_NAME_ABBR":"济丰包装","ORG_CODE":"10913163","STD_REPORT_DATE":"2020-06-30 00:00:00","REPORT_DATE":"2020-06-30 00:00:00","DATE_TYPE_CODE":"002","REPORT_TYPE":"2020年中报","PER_NETCASH_OPERATE":0.347042231033,"PER_OI":2.936623513132,"BPS":2.131942042098,"BASIC_EPS":0.1,"DILUTED_EPS":null,"OPERATE_INCOME":882843000,"OPERATE_INCOME_YOY":-10.1042283983,"GROSS_PROFIT":168410000,"GROSS_PROFIT_YOY":-4.688331239318,"HOLDER_PROFIT":29450000,"HOLDER_PROFIT_YOY":21.1086893943,"GROSS_PROFIT_RATIO":19.075871927398,"EPS_TTM":0.270486841055,"OPERATE_INCOME_QOQ":-4.784854879027,"NET_PROFIT_RATIO":3.3358139556,"ROE_AVG":4.6283454333,"GROSS_PROFIT_QOQ":-2.093208946927,"ROA":1.837729427571,"HOLDER_PROFIT_QOQ":6.737635198992,"ROE_YEARLY":9.256690866601,"ROIC_YEARLY":4.36904402498,"TOTAL_ASSETS":1535000000,"TOTAL_LIABILITIES":894070000,"TAX_EBT":34.767199751916,"OCF_SALES":11.817729766221,"TOTAL_PARENT_EQUITY":640930000,"DEBT_ASSET_RATIO":58.2456026059,"OPERATE_PROFIT":60701000,"PRETAX_PROFIT":45146000,"NETCASH_OPERATE":104332000,"NETCASH_INVEST":-32064000,"NETCASH_FINANCE":-119080000,"END_CASH":231553000,"DIVI_RATIO":0.537963323585,"DIVIDEND_RATE":2.671118530885,"CURRENT_RATIO":1.261950749113,"COMMON_ACS":600000000,"CURRENTDEBT_DEBT":79.102978513987,"ISSUED_COMMON_SHARES":300632000,"HK_COMMON_SHARES":300632000,"PER_SHARES":1000,"TOTAL_MARKET_CAP":1800785680,"HKSK_MARKET_CAP":1800785680,"PE_TTM":457.256509777529,"PB_TTM":2.996625256028,"REPORT_DATE_SQ":"2019-06-30 00:00:00","REPORT_TYPE_SQ":"2019年中报","OPERATE_INCOME_SQ":982074000,"DPS_HKD":0.16,"OPERATE_INCOME_QOQ_SQ":3.769120683764,"NET_PROFIT_RATIO_SQ":2.4760863234,"HOLDER_PROFIT_SQ":24317000,"HOLDER_PROFIT_QOQ_SQ":-20.863612194257,"ROE_AVG_SQ":3.684544670767,"PE_TTM_SQ":98.942069809007,"PB_TTM_SQ":3.003806188829,"ROA_SQ":1.513706114926,"START_DATE":"2020-01-01 00:00:00","FISCAL_YEAR":"12-31","CURRENCY":"HKD","IS_CNY_CODE":0,"DPS_HKD_LY":0.375,"ORG_TYPE":"一般企业","PREMIUM_INCOME":null,"PREMIUM_INCOME_YOY":null,"NET_INTEREST_INCOME":null,"NET_INTEREST_INCOME_YOY":null,"FEE_COMMISSION_INCOME":null,"FEE_COMMISSION_INCOME_YOY":null,"ACCOUNTS_RECE_TDAYS":1.570471661109,"INVENTORY_TDAYS":5.249111902164,"CURRENT_ASSETS_TDAYS":0.916566220968,"TOTAL_ASSETS_TDAYS":0.550908849244,"PREMIUM_EXPENSE":null,"LOAN_DEPOSIT":null,"LOAN_EQUITY":null,"LOAN_ASSETS":null,"DEPOSIT_EQUITY":null,"DEPOSIT_ASSETS":null,"EQUITY_MULTIPLIER":2.394957327635,"EQUITY_RATIO":1.394957327633}],"count":19},"success":true,"message":"ok","code":0}