{"version":"a0826dd36c4a667fd67326ba60136ea4","result":{"pages":4,"data":[{"SECUCODE":"01831.HK","SECURITY_CODE":"01831","SECURITY_NAME_ABBR":"十方控股","ORG_CODE":"10154707","STD_REPORT_DATE":"2023-12-31 00:00:00","REPORT_DATE":"2023-12-31 00:00:00","DATE_TYPE_CODE":"001","REPORT_TYPE":"2023年年报","PER_NETCASH_OPERATE":-0.033336756739,"PER_OI":0.052638452499,"BPS":0.000741085438,"BASIC_EPS":-0.0265,"DILUTED_EPS":-0.0265,"OPERATE_INCOME":56610000,"OPERATE_INCOME_YOY":-56.2252070429,"GROSS_PROFIT":9778000,"GROSS_PROFIT_YOY":-9.70542062979,"HOLDER_PROFIT":-28153000,"HOLDER_PROFIT_YOY":83.4207845285,"GROSS_PROFIT_RATIO":17.272566684331,"EPS_TTM":-0.026177890005,"OPERATE_INCOME_QOQ":-11.227850086247,"NET_PROFIT_RATIO":-75.7586998763,"ROE_AVG":-868.517661576431,"GROSS_PROFIT_QOQ":-34.296465528827,"ROA":-11.151535796973,"HOLDER_PROFIT_QOQ":83.571036752606,"ROE_YEARLY":-868.517661576431,"ROIC_YEARLY":-14.129450114303,"TOTAL_ASSETS":207251000,"TOTAL_LIABILITIES":166885000,"TAX_EBT":-0.079341002964,"OCF_SALES":-63.331566860979,"TOTAL_PARENT_EQUITY":10258000,"DEBT_ASSET_RATIO":92.3066050689,"OPERATE_PROFIT":-41937000,"PRETAX_PROFIT":-42853000,"NETCASH_OPERATE":-35852000,"NETCASH_INVEST":-306000,"NETCASH_FINANCE":null,"END_CASH":9867000,"DIVI_RATIO":null,"DIVIDEND_RATE":null,"CURRENT_RATIO":0.635762015497,"COMMON_ACS":100000000000,"CURRENTDEBT_DEBT":90.867363753483,"ISSUED_COMMON_SHARES":1075449549,"HK_COMMON_SHARES":1075449549,"PER_SHARES":10000,"TOTAL_MARKET_CAP":93564110.763,"HKSK_MARKET_CAP":93564110.763,"PE_TTM":-3.01174540744,"PB_TTM":null,"REPORT_DATE_SQ":"2022-12-31 00:00:00","REPORT_TYPE_SQ":"2022年年报","OPERATE_INCOME_SQ":129321000,"DPS_HKD":null,"OPERATE_INCOME_QOQ_SQ":-51.758855829777,"NET_PROFIT_RATIO_SQ":-129.8435675567,"HOLDER_PROFIT_SQ":-169809000,"HOLDER_PROFIT_QOQ_SQ":-193.148154542002,"ROE_AVG_SQ":283.156578289145,"PE_TTM_SQ":-0.368903791015,"PB_TTM_SQ":-42.738921344268,"ROA_SQ":-68.287710070094,"START_DATE":"2023-01-01 00:00:00","FISCAL_YEAR":"12-31","CURRENCY":"HKD","IS_CNY_CODE":0,"DPS_HKD_LY":null,"ORG_TYPE":"一般企业","PREMIUM_INCOME":null,"PREMIUM_INCOME_YOY":null,"NET_INTEREST_INCOME":null,"NET_INTEREST_INCOME_YOY":null,"FEE_COMMISSION_INCOME":null,"FEE_COMMISSION_INCOME_YOY":null,"ACCOUNTS_RECE_TDAYS":5.767408690337,"INVENTORY_TDAYS":3.064420088336,"CURRENT_ASSETS_TDAYS":0.399442572633,"TOTAL_ASSETS_TDAYS":0.224234874247,"PREMIUM_EXPENSE":null,"LOAN_DEPOSIT":null,"LOAN_EQUITY":null,"LOAN_ASSETS":null,"DEPOSIT_EQUITY":null,"DEPOSIT_ASSETS":null,"EQUITY_MULTIPLIER":12.998162826109,"EQUITY_RATIO":16.268765841295},{"SECUCODE":"01831.HK","SECURITY_CODE":"01831","SECURITY_NAME_ABBR":"十方控股","ORG_CODE":"10154707","STD_REPORT_DATE":"2023-06-30 00:00:00","REPORT_DATE":"2023-06-30 00:00:00","DATE_TYPE_CODE":"002","REPORT_TYPE":"2023年中报","PER_NETCASH_OPERATE":-0.032306489907,"PER_OI":0.02134363255,"BPS":-0.001402204317,"BASIC_EPS":-0.0269,"DILUTED_EPS":-0.0269,"OPERATE_INCOME":22954000,"OPERATE_INCOME_YOY":-74.064742105,"GROSS_PROFIT":4872000,"GROSS_PROFIT_YOY":494.871794871795,"HOLDER_PROFIT":-28597000,"HOLDER_PROFIT_YOY":-5.7424937139,"GROSS_PROFIT_RATIO":21.225058813279,"EPS_TTM":-0.159339878062,"OPERATE_INCOME_QOQ":-50.688596592974,"NET_PROFIT_RATIO":-188.1415003921,"ROE_AVG":-1368.93250359023,"GROSS_PROFIT_QOQ":37.427278603749,"ROA":-12.036129010535,"HOLDER_PROFIT_QOQ":-0.914556943389,"ROE_YEARLY":-2737.86500718047,"ROIC_YEARLY":-31.104319168144,"TOTAL_ASSETS":217897000,"TOTAL_LIABILITIES":201245000,"TAX_EBT":-0.143771449773,"OCF_SALES":-151.363596758735,"TOTAL_PARENT_EQUITY":-1508000,"DEBT_ASSET_RATIO":92.3578571527,"OPERATE_PROFIT":-42209000,"PRETAX_PROFIT":-43124000,"NETCASH_OPERATE":-34744000,"NETCASH_INVEST":-306000,"NETCASH_FINANCE":null,"END_CASH":10975000,"DIVI_RATIO":null,"DIVIDEND_RATE":null,"CURRENT_RATIO":0.569455602537,"COMMON_ACS":100000000000,"CURRENTDEBT_DEBT":94.014758130637,"ISSUED_COMMON_SHARES":1075449549,"HK_COMMON_SHARES":1075449549,"PER_SHARES":10000,"TOTAL_MARKET_CAP":82809615.273,"HKSK_MARKET_CAP":82809615.273,"PE_TTM":-2.665567774401,"PB_TTM":null,"REPORT_DATE_SQ":"2022-06-30 00:00:00","REPORT_TYPE_SQ":"2022年中报","OPERATE_INCOME_SQ":88505000,"DPS_HKD":null,"OPERATE_INCOME_QOQ_SQ":1.098967408111,"NET_PROFIT_RATIO_SQ":-31.7597875826,"HOLDER_PROFIT_SQ":-27044000,"HOLDER_PROFIT_QOQ_SQ":69.100859880086,"ROE_AVG_SQ":19.647144720066,"PE_TTM_SQ":-0.454035435096,"PB_TTM_SQ":-52.601749346792,"ROA_SQ":-11.773720276189,"START_DATE":"2023-01-01 00:00:00","FISCAL_YEAR":"12-31","CURRENCY":"HKD","IS_CNY_CODE":0,"DPS_HKD_LY":null,"ORG_TYPE":"一般企业","PREMIUM_INCOME":null,"PREMIUM_INCOME_YOY":null,"NET_INTEREST_INCOME":null,"NET_INTEREST_INCOME_YOY":null,"FEE_COMMISSION_INCOME":null,"FEE_COMMISSION_INCOME_YOY":null,"ACCOUNTS_RECE_TDAYS":1.687297853572,"INVENTORY_TDAYS":1.183183379683,"CURRENT_ASSETS_TDAYS":0.181563627159,"TOTAL_ASSETS_TDAYS":0.096610590379,"PREMIUM_EXPENSE":null,"LOAN_DEPOSIT":null,"LOAN_EQUITY":null,"LOAN_ASSETS":null,"DEPOSIT_EQUITY":null,"DEPOSIT_ASSETS":null,"EQUITY_MULTIPLIER":13.085335094898,"EQUITY_RATIO":-133.451591511936},{"SECUCODE":"01831.HK","SECURITY_CODE":"01831","SECURITY_NAME_ABBR":"十方控股","ORG_CODE":"10154707","STD_REPORT_DATE":"2022-12-31 00:00:00","REPORT_DATE":"2022-12-31 00:00:00","DATE_TYPE_CODE":"001","REPORT_TYPE":"2022年年报","PER_NETCASH_OPERATE":-0.011289975673,"PER_OI":0.125378355007,"BPS":0.005287091343,"BASIC_EPS":-0.1668,"DILUTED_EPS":-0.1668,"OPERATE_INCOME":129321000,"OPERATE_INCOME_YOY":-51.228701378,"GROSS_PROFIT":10829000,"GROSS_PROFIT_YOY":-50.163376133278,"HOLDER_PROFIT":-169809000,"HOLDER_PROFIT_YOY":9.4197409691,"GROSS_PROFIT_RATIO":8.373736670765,"EPS_TTM":-0.164631986184,"OPERATE_INCOME_QOQ":-51.758855829777,"NET_PROFIT_RATIO":-129.8435675567,"ROE_AVG":283.156578289145,"GROSS_PROFIT_QOQ":-36.860824441724,"ROA":-68.287710070094,"HOLDER_PROFIT_QOQ":-193.148154542002,"ROE_YEARLY":283.156578289145,"ROIC_YEARLY":-84.046802381695,"TOTAL_ASSETS":257289000,"TOTAL_LIABILITIES":219333000,"TAX_EBT":0.417509296105,"OCF_SALES":-9.004724677353,"TOTAL_PARENT_EQUITY":5686000,"DEBT_ASSET_RATIO":85.2477175472,"OPERATE_PROFIT":-80460000,"PRETAX_PROFIT":-168619000,"NETCASH_OPERATE":-11645000,"NETCASH_INVEST":25995000,"NETCASH_FINANCE":22824000,"END_CASH":46025000,"DIVI_RATIO":null,"DIVIDEND_RATE":null,"CURRENT_RATIO":0.713733417934,"COMMON_ACS":100000000000,"CURRENTDEBT_DEBT":92.693301965505,"ISSUED_COMMON_SHARES":1075449549,"HK_COMMON_SHARES":1075449549,"PER_SHARES":10000,"TOTAL_MARKET_CAP":82809615.273,"HKSK_MARKET_CAP":82809615.273,"PE_TTM":-2.665567774401,"PB_TTM":null,"REPORT_DATE_SQ":"2021-12-31 00:00:00","REPORT_TYPE_SQ":"2021年年报","OPERATE_INCOME_SQ":265158000,"DPS_HKD":null,"OPERATE_INCOME_QOQ_SQ":46.692262583122,"NET_PROFIT_RATIO_SQ":-71.2269665633,"HOLDER_PROFIT_SQ":-187468000,"HOLDER_PROFIT_QOQ_SQ":11.824163832799,"ROE_AVG_SQ":525.149868339963,"PE_TTM_SQ":-0.454035435096,"PB_TTM_SQ":-52.601749346792,"ROA_SQ":-55.687148182804,"START_DATE":"2022-01-01 00:00:00","FISCAL_YEAR":"12-31","CURRENCY":"HKD","IS_CNY_CODE":0,"DPS_HKD_LY":null,"ORG_TYPE":"一般企业","PREMIUM_INCOME":null,"PREMIUM_INCOME_YOY":null,"NET_INTEREST_INCOME":null,"NET_INTEREST_INCOME_YOY":null,"FEE_COMMISSION_INCOME":null,"FEE_COMMISSION_INCOME_YOY":null,"ACCOUNTS_RECE_TDAYS":12.017563423474,"INVENTORY_TDAYS":6.048904997703,"CURRENT_ASSETS_TDAYS":0.909603089194,"TOTAL_ASSETS_TDAYS":0.520056943623,"PREMIUM_EXPENSE":null,"LOAN_DEPOSIT":null,"LOAN_EQUITY":null,"LOAN_ASSETS":null,"DEPOSIT_EQUITY":null,"DEPOSIT_ASSETS":null,"EQUITY_MULTIPLIER":6.778612077145,"EQUITY_RATIO":38.574217376011},{"SECUCODE":"01831.HK","SECURITY_CODE":"01831","SECURITY_NAME_ABBR":"十方控股","ORG_CODE":"10154707","STD_REPORT_DATE":"2022-06-30 00:00:00","REPORT_DATE":"2022-06-30 00:00:00","DATE_TYPE_CODE":"002","REPORT_TYPE":"2022年中报","PER_NETCASH_OPERATE":-0.009724000804,"PER_OI":0.093811062915,"BPS":-0.13917063812,"BASIC_EPS":-0.0287,"DILUTED_EPS":-0.0287,"OPERATE_INCOME":88505000,"OPERATE_INCOME_YOY":3.4045635639,"GROSS_PROFIT":819000,"GROSS_PROFIT_YOY":-84.824902723735,"HOLDER_PROFIT":-27044000,"HOLDER_PROFIT_YOY":82.7289796023,"GROSS_PROFIT_RATIO":0.925371447941,"EPS_TTM":-0.061398786853,"OPERATE_INCOME_QOQ":1.098967408111,"NET_PROFIT_RATIO":-31.7597875826,"ROE_AVG":19.647144720066,"GROSS_PROFIT_QOQ":-21.068617975977,"ROA":-11.773720276189,"HOLDER_PROFIT_QOQ":69.100859880086,"ROE_YEARLY":39.294289440132,"ROIC_YEARLY":-24.791335316469,"TOTAL_ASSETS":219351000,"TOTAL_LIABILITIES":363981000,"TAX_EBT":2.689884373053,"OCF_SALES":-10.365516072538,"TOTAL_PARENT_EQUITY":-149671000,"DEBT_ASSET_RATIO":165.9354185757,"OPERATE_PROFIT":-21653000,"PRETAX_PROFIT":-28886000,"NETCASH_OPERATE":-9174000,"NETCASH_INVEST":4799000,"NETCASH_FINANCE":-1424000,"END_CASH":3052000,"DIVI_RATIO":null,"DIVIDEND_RATE":null,"CURRENT_RATIO":0.768981288981,"COMMON_ACS":100000000000,"CURRENTDEBT_DEBT":46.252414274372,"ISSUED_COMMON_SHARES":1075449549,"HK_COMMON_SHARES":1075449549,"PER_SHARES":10000,"TOTAL_MARKET_CAP":82809615.273,"HKSK_MARKET_CAP":82809615.273,"PE_TTM":-2.665567774401,"PB_TTM":null,"REPORT_DATE_SQ":"2021-06-30 00:00:00","REPORT_TYPE_SQ":"2021年中报","OPERATE_INCOME_SQ":85591000,"DPS_HKD":null,"OPERATE_INCOME_QOQ_SQ":43.022850993797,"NET_PROFIT_RATIO_SQ":-184.5778177612,"HOLDER_PROFIT_SQ":-156586000,"HOLDER_PROFIT_QOQ_SQ":-188.147836929416,"ROE_AVG_SQ":714.075290147525,"PE_TTM_SQ":-0.454035435096,"PB_TTM_SQ":-52.601749346792,"ROA_SQ":-45.880494944197,"START_DATE":"2022-01-01 00:00:00","FISCAL_YEAR":"12-31","CURRENCY":"HKD","IS_CNY_CODE":0,"DPS_HKD_LY":null,"ORG_TYPE":"一般企业","PREMIUM_INCOME":null,"PREMIUM_INCOME_YOY":null,"NET_INTEREST_INCOME":null,"NET_INTEREST_INCOME_YOY":null,"FEE_COMMISSION_INCOME":null,"FEE_COMMISSION_INCOME_YOY":null,"ACCOUNTS_RECE_TDAYS":17.133868938147,"INVENTORY_TDAYS":3.690721215565,"CURRENT_ASSETS_TDAYS":0.658771776388,"TOTAL_ASSETS_TDAYS":0.385310276972,"PREMIUM_EXPENSE":null,"LOAN_DEPOSIT":null,"LOAN_EQUITY":null,"LOAN_ASSETS":null,"DEPOSIT_EQUITY":null,"DEPOSIT_ASSETS":null,"EQUITY_MULTIPLIER":-1.51663555279,"EQUITY_RATIO":-2.43187391011},{"SECUCODE":"01831.HK","SECURITY_CODE":"01831","SECURITY_NAME_ABBR":"十方控股","ORG_CODE":"10154707","STD_REPORT_DATE":"2021-12-31 00:00:00","REPORT_DATE":"2021-12-31 00:00:00","DATE_TYPE_CODE":"001","REPORT_TYPE":"2021年年报","PER_NETCASH_OPERATE":-0.005752360188,"PER_OI":0.281054785835,"BPS":-0.116812546081,"BASIC_EPS":-0.2029,"DILUTED_EPS":-0.2029,"OPERATE_INCOME":265158000,"OPERATE_INCOME_YOY":109.8034561337,"GROSS_PROFIT":21729000,"GROSS_PROFIT_YOY":56.661860129777,"HOLDER_PROFIT":-187468000,"HOLDER_PROFIT_YOY":-154.0767646102,"GROSS_PROFIT_RATIO":8.19473672301,"EPS_TTM":-0.198707105163,"OPERATE_INCOME_QOQ":46.692262583122,"NET_PROFIT_RATIO":-71.2269665633,"ROE_AVG":525.149868339963,"GROSS_PROFIT_QOQ":47.036134794965,"ROA":-55.687148182804,"HOLDER_PROFIT_QOQ":11.824163832799,"ROE_YEARLY":525.149868339963,"ROIC_YEARLY":-58.772741095586,"TOTAL_ASSETS":240045000,"TOTAL_LIABILITIES":359565000,"TAX_EBT":19.017563117453,"OCF_SALES":-2.046704229177,"TOTAL_PARENT_EQUITY":-125626000,"DEBT_ASSET_RATIO":149.7906642505,"OPERATE_PROFIT":-213310000,"PRETAX_PROFIT":-233216000,"NETCASH_OPERATE":-5427000,"NETCASH_INVEST":13132000,"NETCASH_FINANCE":-11690000,"END_CASH":8851000,"DIVI_RATIO":null,"DIVIDEND_RATE":null,"CURRENT_RATIO":0.395023306089,"COMMON_ACS":100000000000,"CURRENTDEBT_DEBT":98.030397841837,"ISSUED_COMMON_SHARES":1075449549,"HK_COMMON_SHARES":1075449549,"PER_SHARES":10000,"TOTAL_MARKET_CAP":82809615.273,"HKSK_MARKET_CAP":82809615.273,"PE_TTM":-2.665567774401,"PB_TTM":null,"REPORT_DATE_SQ":"2020-12-31 00:00:00","REPORT_TYPE_SQ":"2020年年报","OPERATE_INCOME_SQ":126384000,"DPS_HKD":null,"OPERATE_INCOME_QOQ_SQ":-7.521421306425,"NET_PROFIT_RATIO_SQ":-58.9781934422,"HOLDER_PROFIT_SQ":-73784000,"HOLDER_PROFIT_QOQ_SQ":36.558270709016,"ROE_AVG_SQ":-91.579215201971,"PE_TTM_SQ":-0.454035435096,"PB_TTM_SQ":-52.601749346792,"ROA_SQ":-16.425590742685,"START_DATE":"2021-01-01 00:00:00","FISCAL_YEAR":"12-31","CURRENCY":"HKD","IS_CNY_CODE":0,"DPS_HKD_LY":null,"ORG_TYPE":"一般企业","PREMIUM_INCOME":null,"PREMIUM_INCOME_YOY":null,"NET_INTEREST_INCOME":null,"NET_INTEREST_INCOME_YOY":null,"FEE_COMMISSION_INCOME":null,"FEE_COMMISSION_INCOME_YOY":null,"ACCOUNTS_RECE_TDAYS":42.54440433213,"INVENTORY_TDAYS":9.964551055077,"CURRENT_ASSETS_TDAYS":2.559662518945,"TOTAL_ASSETS_TDAYS":0.787648710065,"PREMIUM_EXPENSE":null,"LOAN_DEPOSIT":null,"LOAN_EQUITY":null,"LOAN_ASSETS":null,"DEPOSIT_EQUITY":null,"DEPOSIT_ASSETS":null,"EQUITY_MULTIPLIER":-2.008408634536,"EQUITY_RATIO":-2.862186171652},{"SECUCODE":"01831.HK","SECURITY_CODE":"01831","SECURITY_NAME_ABBR":"十方控股","ORG_CODE":"10154707","STD_REPORT_DATE":"2021-06-30 00:00:00","REPORT_DATE":"2021-06-30 00:00:00","DATE_TYPE_CODE":"002","REPORT_TYPE":"2021年中报","PER_NETCASH_OPERATE":-0.008291545287,"PER_OI":0.094147207835,"BPS":-0.091205580114,"BASIC_EPS":-0.1722,"DILUTED_EPS":-0.1722,"OPERATE_INCOME":85591000,"OPERATE_INCOME_YOY":174.180734856,"GROSS_PROFIT":5397000,"GROSS_PROFIT_YOY":20.227222098463,"HOLDER_PROFIT":-156586000,"HOLDER_PROFIT_YOY":-781.5290209987,"GROSS_PROFIT_RATIO":6.305569510813,"EPS_TTM":-0.233860515898,"OPERATE_INCOME_QOQ":43.022850993797,"NET_PROFIT_RATIO":-184.5778177612,"ROE_AVG":714.075290147525,"GROSS_PROFIT_QOQ":6.546503244412,"ROA":-45.880494944197,"HOLDER_PROFIT_QOQ":-188.147836929416,"ROE_YEARLY":1428.15058029505,"ROIC_YEARLY":-96.610762944671,"TOTAL_ASSETS":249337000,"TOTAL_LIABILITIES":341318000,"TAX_EBT":21.472313351228,"OCF_SALES":-8.807000736059,"TOTAL_PARENT_EQUITY":-98087000,"DEBT_ASSET_RATIO":136.8902328976,"OPERATE_PROFIT":-191462000,"PRETAX_PROFIT":-201180000,"NETCASH_OPERATE":-7538000,"NETCASH_INVEST":4665000,"NETCASH_FINANCE":-2243000,"END_CASH":7768000,"DIVI_RATIO":null,"DIVIDEND_RATE":null,"CURRENT_RATIO":0.220540942138,"COMMON_ACS":100000000000,"CURRENTDEBT_DEBT":82.812802137596,"ISSUED_COMMON_SHARES":1075449549,"HK_COMMON_SHARES":1075449549,"PER_SHARES":10000,"TOTAL_MARKET_CAP":82809615.273,"HKSK_MARKET_CAP":82809615.273,"PE_TTM":-2.665567774401,"PB_TTM":null,"REPORT_DATE_SQ":"2020-06-30 00:00:00","REPORT_TYPE_SQ":"2020年中报","OPERATE_INCOME_SQ":31217000,"DPS_HKD":null,"OPERATE_INCOME_QOQ_SQ":11.676499910112,"NET_PROFIT_RATIO_SQ":-57.5295512061,"HOLDER_PROFIT_SQ":-17763000,"HOLDER_PROFIT_QOQ_SQ":16.428699744907,"ROE_AVG_SQ":-18.247564063712,"PE_TTM_SQ":-0.454035435096,"PB_TTM_SQ":-52.601749346792,"ROA_SQ":-3.862596548605,"START_DATE":"2021-01-01 00:00:00","FISCAL_YEAR":"12-31","CURRENCY":"HKD","IS_CNY_CODE":0,"DPS_HKD_LY":null,"ORG_TYPE":"一般企业","PREMIUM_INCOME":null,"PREMIUM_INCOME_YOY":null,"NET_INTEREST_INCOME":null,"NET_INTEREST_INCOME_YOY":null,"FEE_COMMISSION_INCOME":null,"FEE_COMMISSION_INCOME_YOY":null,"ACCOUNTS_RECE_TDAYS":15.518266702928,"INVENTORY_TDAYS":3.284216561553,"CURRENT_ASSETS_TDAYS":1.313954559411,"TOTAL_ASSETS_TDAYS":0.250785986153,"PREMIUM_EXPENSE":null,"LOAN_DEPOSIT":null,"LOAN_EQUITY":null,"LOAN_ASSETS":null,"DEPOSIT_EQUITY":null,"DEPOSIT_ASSETS":null,"EQUITY_MULTIPLIER":-2.710744610303,"EQUITY_RATIO":-3.479747571034},{"SECUCODE":"01831.HK","SECURITY_CODE":"01831","SECURITY_NAME_ABBR":"十方控股","ORG_CODE":"10154707","STD_REPORT_DATE":"2020-12-31 00:00:00","REPORT_DATE":"2020-12-31 00:00:00","DATE_TYPE_CODE":"001","REPORT_TYPE":"2020年年报","PER_NETCASH_OPERATE":-0.006972685802,"PER_OI":0.139018129419,"BPS":0.050425424466,"BASIC_EPS":-0.0889,"DILUTED_EPS":-0.0889,"OPERATE_INCOME":126384000,"OPERATE_INCOME_YOY":3.2768398516,"GROSS_PROFIT":13870000,"GROSS_PROFIT_YOY":-34.090477095609,"HOLDER_PROFIT":-73784000,"HOLDER_PROFIT_YOY":46.9809219272,"GROSS_PROFIT_RATIO":10.974490441828,"EPS_TTM":-0.0811599068,"OPERATE_INCOME_QOQ":-7.521421306425,"NET_PROFIT_RATIO":-58.9781934422,"ROE_AVG":-91.579215201971,"GROSS_PROFIT_QOQ":-38.174199875189,"ROA":-16.425590742685,"HOLDER_PROFIT_QOQ":36.558270709016,"ROE_YEARLY":-91.579215201971,"ROIC_YEARLY":-17.158052255041,"TOTAL_ASSETS":433245000,"TOTAL_LIABILITIES":371513000,"TAX_EBT":19.993345211773,"OCF_SALES":-5.015666540068,"TOTAL_PARENT_EQUITY":54230000,"DEBT_ASSET_RATIO":85.7512492931,"OPERATE_PROFIT":-74812000,"PRETAX_PROFIT":-93166000,"NETCASH_OPERATE":-6339000,"NETCASH_INVEST":-13742000,"NETCASH_FINANCE":23238000,"END_CASH":12889000,"DIVI_RATIO":null,"DIVIDEND_RATE":null,"CURRENT_RATIO":0.674901411529,"COMMON_ACS":100000000000,"CURRENTDEBT_DEBT":27.097571282835,"ISSUED_COMMON_SHARES":1075449549,"HK_COMMON_SHARES":1075449549,"PER_SHARES":10000,"TOTAL_MARKET_CAP":82809615.273,"HKSK_MARKET_CAP":82809615.273,"PE_TTM":-2.665567774401,"PB_TTM":null,"REPORT_DATE_SQ":"2019-12-31 00:00:00","REPORT_TYPE_SQ":"2019年年报","OPERATE_INCOME_SQ":122374000,"DPS_HKD":null,"OPERATE_INCOME_QOQ_SQ":143.559429981689,"NET_PROFIT_RATIO_SQ":-117.2822658408,"HOLDER_PROFIT_SQ":-139165000,"HOLDER_PROFIT_QOQ_SQ":3.102610342499,"ROE_AVG_SQ":-98.632476815184,"PE_TTM_SQ":-0.454035435096,"PB_TTM_SQ":-52.601749346792,"ROA_SQ":-29.53545304921,"START_DATE":"2020-01-01 00:00:00","FISCAL_YEAR":"12-31","CURRENCY":"HKD","IS_CNY_CODE":0,"DPS_HKD_LY":null,"ORG_TYPE":"一般企业","PREMIUM_INCOME":null,"PREMIUM_INCOME_YOY":null,"NET_INTEREST_INCOME":null,"NET_INTEREST_INCOME_YOY":null,"FEE_COMMISSION_INCOME":null,"FEE_COMMISSION_INCOME_YOY":null,"ACCOUNTS_RECE_TDAYS":16.826521102383,"INVENTORY_TDAYS":4.385741292951,"CURRENT_ASSETS_TDAYS":1.863768415154,"TOTAL_ASSETS_TDAYS":0.281352577852,"PREMIUM_EXPENSE":null,"LOAN_DEPOSIT":null,"LOAN_EQUITY":null,"LOAN_ASSETS":null,"DEPOSIT_EQUITY":null,"DEPOSIT_ASSETS":null,"EQUITY_MULTIPLIER":7.018159139494,"EQUITY_RATIO":6.85069149917},{"SECUCODE":"01831.HK","SECURITY_CODE":"01831","SECURITY_NAME_ABBR":"十方控股","ORG_CODE":"10154707","STD_REPORT_DATE":"2020-06-30 00:00:00","REPORT_DATE":"2020-06-30 00:00:00","DATE_TYPE_CODE":"002","REPORT_TYPE":"2020年中报","PER_NETCASH_OPERATE":-0.004516901243,"PER_OI":0.041205174194,"BPS":0.081623540669,"BASIC_EPS":-0.0234,"DILUTED_EPS":-0.0234,"OPERATE_INCOME":31217000,"OPERATE_INCOME_YOY":84.4104442344,"GROSS_PROFIT":4489000,"GROSS_PROFIT_YOY":44.85317844466,"HOLDER_PROFIT":-17763000,"HOLDER_PROFIT_YOY":56.2767685719,"GROSS_PROFIT_RATIO":14.379985264439,"EPS_TTM":-0.153513924114,"OPERATE_INCOME_QOQ":11.676499910112,"NET_PROFIT_RATIO":-57.5295512061,"ROE_AVG":-18.247564063712,"GROSS_PROFIT_QOQ":6.605208135335,"ROA":-3.862596548605,"HOLDER_PROFIT_QOQ":16.428699744907,"ROE_YEARLY":-36.495128127424,"ROIC_YEARLY":-8.025074121135,"TOTAL_ASSETS":454586000,"TOTAL_LIABILITIES":358792000,"TAX_EBT":8.600946613059,"OCF_SALES":-10.961975846494,"TOTAL_PARENT_EQUITY":87782000,"DEBT_ASSET_RATIO":78.9271996938,"OPERATE_PROFIT":-11007000,"PRETAX_PROFIT":-19649000,"NETCASH_OPERATE":-3422000,"NETCASH_INVEST":-120000,"NETCASH_FINANCE":2185000,"END_CASH":8396000,"DIVI_RATIO":null,"DIVIDEND_RATE":null,"CURRENT_RATIO":0.714463936761,"COMMON_ACS":100000000000,"CURRENTDEBT_DEBT":25.244988739994,"ISSUED_COMMON_SHARES":1075449549,"HK_COMMON_SHARES":1075449549,"PER_SHARES":10000,"TOTAL_MARKET_CAP":82809615.273,"HKSK_MARKET_CAP":82809615.273,"PE_TTM":-2.665567774401,"PB_TTM":null,"REPORT_DATE_SQ":"2019-06-30 00:00:00","REPORT_TYPE_SQ":"2019年中报","OPERATE_INCOME_SQ":16928000,"DPS_HKD":null,"OPERATE_INCOME_QOQ_SQ":-8.673840337356,"NET_PROFIT_RATIO_SQ":-247.4007561437,"HOLDER_PROFIT_SQ":-40626000,"HOLDER_PROFIT_QOQ_SQ":12.640888548263,"ROE_AVG_SQ":-21.282246721305,"PE_TTM_SQ":-0.454035435096,"PB_TTM_SQ":-52.601749346792,"ROA_SQ":-7.910039028389,"START_DATE":"2020-01-01 00:00:00","FISCAL_YEAR":"12-31","CURRENCY":"HKD","IS_CNY_CODE":0,"DPS_HKD_LY":null,"ORG_TYPE":"一般企业","PREMIUM_INCOME":null,"PREMIUM_INCOME_YOY":null,"NET_INTEREST_INCOME":null,"NET_INTEREST_INCOME_YOY":null,"FEE_COMMISSION_INCOME":null,"FEE_COMMISSION_INCOME_YOY":null,"ACCOUNTS_RECE_TDAYS":3.462400177462,"INVENTORY_TDAYS":1.044817543928,"CURRENT_ASSETS_TDAYS":0.47158082376,"TOTAL_ASSETS_TDAYS":0.067881932364,"PREMIUM_EXPENSE":null,"LOAN_DEPOSIT":null,"LOAN_EQUITY":null,"LOAN_ASSETS":null,"DEPOSIT_EQUITY":null,"DEPOSIT_ASSETS":null,"EQUITY_MULTIPLIER":4.745453786253,"EQUITY_RATIO":4.087307192819},{"SECUCODE":"01831.HK","SECURITY_CODE":"01831","SECURITY_NAME_ABBR":"十方控股","ORG_CODE":"10154707","STD_REPORT_DATE":"2019-12-31 00:00:00","REPORT_DATE":"2019-12-31 00:00:00","DATE_TYPE_CODE":"001","REPORT_TYPE":"2019年年报","PER_NETCASH_OPERATE":-0.034674014828,"PER_OI":0.161528717902,"BPS":0.099406801648,"BASIC_EPS":-0.2028,"DILUTED_EPS":-0.2028,"OPERATE_INCOME":122374000,"OPERATE_INCOME_YOY":122.4334738985,"GROSS_PROFIT":21044000,"GROSS_PROFIT_YOY":13.782103271154,"HOLDER_PROFIT":-139165000,"HOLDER_PROFIT_YOY":15.3513013753,"GROSS_PROFIT_RATIO":17.196463301028,"EPS_TTM":-0.18369215705,"OPERATE_INCOME_QOQ":143.559429981689,"NET_PROFIT_RATIO":-117.2822658408,"ROE_AVG":-98.632476815184,"GROSS_PROFIT_QOQ":45.936199722607,"ROA":-29.53545304921,"HOLDER_PROFIT_QOQ":3.102610342499,"ROE_YEARLY":-98.632476815184,"ROIC_YEARLY":-31.706305719279,"TOTAL_ASSETS":465158000,"TOTAL_LIABILITIES":350043000,"TAX_EBT":3.429551877271,"OCF_SALES":-21.466161112655,"TOTAL_PARENT_EQUITY":106907000,"DEBT_ASSET_RATIO":75.2524948512,"OPERATE_PROFIT":-121284000,"PRETAX_PROFIT":-148620000,"NETCASH_OPERATE":-26269000,"NETCASH_INVEST":-23760000,"NETCASH_FINANCE":25893000,"END_CASH":9753000,"DIVI_RATIO":null,"DIVIDEND_RATE":null,"CURRENT_RATIO":0.7712970244,"COMMON_ACS":100000000000,"CURRENTDEBT_DEBT":25.067491708162,"ISSUED_COMMON_SHARES":1075449549,"HK_COMMON_SHARES":1075449549,"PER_SHARES":10000,"TOTAL_MARKET_CAP":82809615.273,"HKSK_MARKET_CAP":82809615.273,"PE_TTM":-2.665567774401,"PB_TTM":null,"REPORT_DATE_SQ":"2018-12-31 00:00:00","REPORT_TYPE_SQ":"2018年年报","OPERATE_INCOME_SQ":55016000,"DPS_HKD":null,"OPERATE_INCOME_QOQ_SQ":23.119615083361,"NET_PROFIT_RATIO_SQ":-299.1802384761,"HOLDER_PROFIT_SQ":-164403000,"HOLDER_PROFIT_QOQ_SQ":-93.624864559288,"ROE_AVG_SQ":-79.245637713294,"PE_TTM_SQ":-0.454035435096,"PB_TTM_SQ":-52.601749346792,"ROA_SQ":-41.64610575486,"START_DATE":"2019-01-01 00:00:00","FISCAL_YEAR":"12-31","CURRENCY":"HKD","IS_CNY_CODE":0,"DPS_HKD_LY":null,"ORG_TYPE":"一般企业","PREMIUM_INCOME":null,"PREMIUM_INCOME_YOY":null,"NET_INTEREST_INCOME":null,"NET_INTEREST_INCOME_YOY":null,"FEE_COMMISSION_INCOME":null,"FEE_COMMISSION_INCOME_YOY":null,"ACCOUNTS_RECE_TDAYS":14.050634364774,"INVENTORY_TDAYS":3.882226734608,"CURRENT_ASSETS_TDAYS":1.587026157777,"TOTAL_ASSETS_TDAYS":0.259718430025,"PREMIUM_EXPENSE":null,"LOAN_DEPOSIT":null,"LOAN_EQUITY":null,"LOAN_ASSETS":null,"DEPOSIT_EQUITY":null,"DEPOSIT_ASSETS":null,"EQUITY_MULTIPLIER":4.040811362549,"EQUITY_RATIO":3.2742757724}],"count":32},"success":true,"message":"ok","code":0}