{"version":"3b7cff80c32312d0417e46134a9ec912","result":{"pages":5,"data":[{"SECUCODE":"01836.HK","SECURITY_CODE":"01836","SECURITY_NAME_ABBR":"九兴控股","ORG_CODE":"10081759","STD_REPORT_DATE":"2024-06-30 00:00:00","REPORT_DATE":"2024-06-30 00:00:00","DATE_TYPE_CODE":"002","REPORT_TYPE":"2024年中报","PER_NETCASH_OPERATE":0.868541613142,"PER_OI":6.743295852682,"BPS":9.356572596624,"BASIC_EPS":0.819582,"DILUTED_EPS":0.7982016,"OPERATE_INCOME":5487714394.8,"OPERATE_INCOME_YOY":7.5305200772,"GROSS_PROFIT":1417399364.4,"GROSS_PROFIT_YOY":18.338635915159,"HOLDER_PROFIT":655266499.2,"HOLDER_PROFIT_YOY":65.0166911949,"GROSS_PROFIT_RATIO":25.828592059075,"EPS_TTM":1.5382470072,"OPERATE_INCOME_QOQ":2.964625412404,"NET_PROFIT_RATIO":11.8847652826,"ROE_AVG":8.597316377577,"GROSS_PROFIT_QOQ":8.456483119449,"ROA":6.651017610613,"HOLDER_PROFIT_QOQ":25.286909066772,"ROE_YEARLY":17.194632755155,"ROIC_YEARLY":17.482440361879,"TOTAL_ASSETS":10013930821.2,"TOTAL_LIABILITIES":2149492767.6,"TAX_EBT":13.168806277457,"OCF_SALES":12.880075739178,"TOTAL_PARENT_EQUITY":7751784726,"DEBT_ASSET_RATIO":21.4650251333,"OPERATE_PROFIT":681635659.2,"PRETAX_PROFIT":751114832.4,"NETCASH_OPERATE":706821770.4,"NETCASH_INVEST":-111812365.2,"NETCASH_FINANCE":-305091181.2,"END_CASH":2384520378,"DIVI_RATIO":0.745027420587,"DIVIDEND_RATE":7.325581395349,"CURRENT_RATIO":3.245928643493,"COMMON_ACS":5000000000,"CURRENTDEBT_DEBT":90.374228714851,"ISSUED_COMMON_SHARES":828485500,"HK_COMMON_SHARES":828485500,"PER_SHARES":500,"TOTAL_MARKET_CAP":14249950600,"HKSK_MARKET_CAP":14249950600,"PE_TTM":10.29731086094,"PB_TTM":1.677761364659,"REPORT_DATE_SQ":"2023-06-30 00:00:00","REPORT_TYPE_SQ":"2023年中报","OPERATE_INCOME_SQ":5174294218.8,"DPS_HKD":1.26,"OPERATE_INCOME_QOQ_SQ":-3.322239135247,"NET_PROFIT_RATIO_SQ":7.7123418137,"HOLDER_PROFIT_SQ":402607124.4,"HOLDER_PROFIT_QOQ_SQ":-0.455933264491,"ROE_AVG_SQ":5.551041878894,"PE_TTM_SQ":9.518095883973,"PB_TTM_SQ":1.061750216037,"ROA_SQ":4.402427268848,"START_DATE":"2024-01-01 00:00:00","FISCAL_YEAR":"12-31","CURRENCY":"HKD","IS_CNY_CODE":0,"DPS_HKD_LY":1.26,"ORG_TYPE":"一般企业","PREMIUM_INCOME":null,"PREMIUM_INCOME_YOY":null,"NET_INTEREST_INCOME":null,"NET_INTEREST_INCOME_YOY":null,"FEE_COMMISSION_INCOME":null,"FEE_COMMISSION_INCOME_YOY":null,"ACCOUNTS_RECE_TDAYS":2.644999733786,"INVENTORY_TDAYS":2.862065336681,"CURRENT_ASSETS_TDAYS":0.899395311297,"TOTAL_ASSETS_TDAYS":0.557008257349,"PREMIUM_EXPENSE":null,"LOAN_DEPOSIT":null,"LOAN_EQUITY":null,"LOAN_ASSETS":null,"DEPOSIT_EQUITY":null,"DEPOSIT_ASSETS":null,"EQUITY_MULTIPLIER":1.273318036578,"EQUITY_RATIO":0.277290049141},{"SECUCODE":"01836.HK","SECURITY_CODE":"01836","SECURITY_NAME_ABBR":"九兴控股","ORG_CODE":"10081759","STD_REPORT_DATE":"2023-12-31 00:00:00","REPORT_DATE":"2023-12-31 00:00:00","DATE_TYPE_CODE":"001","REPORT_TYPE":"2023年年报","PER_NETCASH_OPERATE":2.041023582872,"PER_OI":13.294767653043,"BPS":8.986722946268,"BASIC_EPS":1.2607206,"DILUTED_EPS":1.25930406,"OPERATE_INCOME":10571999237.7,"OPERATE_INCOME_YOY":-8.4696134528,"GROSS_PROFIT":2597424405.6,"GROSS_PROFIT_YOY":5.912546887867,"HOLDER_PROFIT":999170654.4,"HOLDER_PROFIT_YOY":19.5191175349,"GROSS_PROFIT_RATIO":24.568904586538,"EPS_TTM":1.256502331992,"OPERATE_INCOME_QOQ":-3.718825019888,"NET_PROFIT_RATIO":9.3963692786,"ROE_AVG":13.762678860095,"GROSS_PROFIT_QOQ":1.856589400881,"ROA":10.777970986147,"HOLDER_PROFIT_QOQ":22.102531195729,"ROE_YEARLY":13.762678860095,"ROIC_YEARLY":13.586412431868,"TOTAL_ASSETS":9630354272.7,"TOTAL_LIABILITIES":2069826999.9,"TAX_EBT":13.06651956166,"OCF_SALES":15.352081631942,"TOTAL_PARENT_EQUITY":7445369653.5,"DEBT_ASSET_RATIO":21.492739948,"OPERATE_PROFIT":1041815591.1,"PRETAX_PROFIT":1142694487.2,"NETCASH_OPERATE":1623021953.1,"NETCASH_INVEST":-400689587.1,"NETCASH_FINANCE":-643024167.6,"END_CASH":2085649751.7,"DIVI_RATIO":0.91208441944,"DIVIDEND_RATE":7.070707070707,"CURRENT_RATIO":3.119964861482,"COMMON_ACS":5000000000,"CURRENTDEBT_DEBT":90.760581309006,"ISSUED_COMMON_SHARES":828485500,"HK_COMMON_SHARES":828485500,"PER_SHARES":500,"TOTAL_MARKET_CAP":14763611610,"HKSK_MARKET_CAP":14763611610,"PE_TTM":10.668492996625,"PB_TTM":1.738238809199,"REPORT_DATE_SQ":"2022-12-31 00:00:00","REPORT_TYPE_SQ":"2022年年报","OPERATE_INCOME_SQ":11357667706.6,"DPS_HKD":1.26,"OPERATE_INCOME_QOQ_SQ":4.37781743648,"NET_PROFIT_RATIO_SQ":7.1859874869,"HOLDER_PROFIT_SQ":822052631.8,"HOLDER_PROFIT_QOQ_SQ":5.784482818232,"ROE_AVG_SQ":11.818332919474,"PE_TTM_SQ":8.940146987793,"PB_TTM_SQ":0.997279614684,"ROA_SQ":9.234707629139,"START_DATE":"2023-01-01 00:00:00","FISCAL_YEAR":"12-31","CURRENCY":"HKD","IS_CNY_CODE":0,"DPS_HKD_LY":0.87,"ORG_TYPE":"一般企业","PREMIUM_INCOME":null,"PREMIUM_INCOME_YOY":null,"NET_INTEREST_INCOME":null,"NET_INTEREST_INCOME_YOY":null,"FEE_COMMISSION_INCOME":null,"FEE_COMMISSION_INCOME_YOY":null,"ACCOUNTS_RECE_TDAYS":5.504362480455,"INVENTORY_TDAYS":5.835702846007,"CURRENT_ASSETS_TDAYS":1.921662053428,"TOTAL_ASSETS_TDAYS":1.140392790238,"PREMIUM_EXPENSE":null,"LOAN_DEPOSIT":null,"LOAN_EQUITY":null,"LOAN_ASSETS":null,"DEPOSIT_EQUITY":null,"DEPOSIT_ASSETS":null,"EQUITY_MULTIPLIER":1.27376754626,"EQUITY_RATIO":0.278001912091},{"SECUCODE":"01836.HK","SECURITY_CODE":"01836","SECURITY_NAME_ABBR":"九兴控股","ORG_CODE":"10081759","STD_REPORT_DATE":"2023-06-30 00:00:00","REPORT_DATE":"2023-06-30 00:00:00","DATE_TYPE_CODE":"002","REPORT_TYPE":"2023年中报","PER_NETCASH_OPERATE":0.25705979041,"PER_OI":6.516919814327,"BPS":8.796861193588,"BASIC_EPS":0.505806,"DILUTED_EPS":0.505806,"OPERATE_INCOME":5174294218.8,"OPERATE_INCOME_YOY":-13.4318109558,"GROSS_PROFIT":1197748608,"GROSS_PROFIT_YOY":8.877089475401,"HOLDER_PROFIT":402607124.4,"HOLDER_PROFIT_YOY":-7.9756222439,"GROSS_PROFIT_RATIO":23.148057635535,"EPS_TTM":1.03063826086,"OPERATE_INCOME_QOQ":-3.322239135247,"NET_PROFIT_RATIO":7.7123418137,"ROE_AVG":5.551041878894,"GROSS_PROFIT_QOQ":3.982027584905,"ROA":4.402427268848,"HOLDER_PROFIT_QOQ":-0.455933264491,"ROE_YEARLY":11.102083757788,"ROIC_YEARLY":10.558995911843,"TOTAL_ASSETS":9199577850.6,"TOTAL_LIABILITIES":1791564852,"TAX_EBT":12.963926055506,"OCF_SALES":3.944498286519,"TOTAL_PARENT_EQUITY":7288071944.4,"DEBT_ASSET_RATIO":19.4744245996,"OPERATE_PROFIT":397888677,"PRETAX_PROFIT":458498687.4,"NETCASH_OPERATE":204099946.8,"NETCASH_INVEST":-162175855.2,"NETCASH_FINANCE":-320261907.6,"END_CASH":1253813590.2,"DIVI_RATIO":1.111967451164,"DIVIDEND_RATE":7.070707070707,"CURRENT_RATIO":3.326272324278,"COMMON_ACS":5000000000,"CURRENTDEBT_DEBT":91.620150036299,"ISSUED_COMMON_SHARES":828485500,"HK_COMMON_SHARES":828485500,"PER_SHARES":500,"TOTAL_MARKET_CAP":14763611610,"HKSK_MARKET_CAP":14763611610,"PE_TTM":10.668492996625,"PB_TTM":1.738238809199,"REPORT_DATE_SQ":"2022-06-30 00:00:00","REPORT_TYPE_SQ":"2022年中报","OPERATE_INCOME_SQ":5551623100.2,"DPS_HKD":1.26,"OPERATE_INCOME_QOQ_SQ":10.779888689942,"NET_PROFIT_RATIO_SQ":7.2808884988,"HOLDER_PROFIT_SQ":406355135.8,"HOLDER_PROFIT_QOQ_SQ":35.889653404406,"ROE_AVG_SQ":6.068992477284,"PE_TTM_SQ":8.940146987793,"PB_TTM_SQ":0.997279614684,"ROA_SQ":4.664477989776,"START_DATE":"2023-01-01 00:00:00","FISCAL_YEAR":"12-31","CURRENCY":"HKD","IS_CNY_CODE":0,"DPS_HKD_LY":0.87,"ORG_TYPE":"一般企业","PREMIUM_INCOME":null,"PREMIUM_INCOME_YOY":null,"NET_INTEREST_INCOME":null,"NET_INTEREST_INCOME_YOY":null,"FEE_COMMISSION_INCOME":null,"FEE_COMMISSION_INCOME_YOY":null,"ACCOUNTS_RECE_TDAYS":2.45304238355,"INVENTORY_TDAYS":2.862620971622,"CURRENT_ASSETS_TDAYS":0.966652470101,"TOTAL_ASSETS_TDAYS":0.565798580933,"PREMIUM_EXPENSE":null,"LOAN_DEPOSIT":null,"LOAN_EQUITY":null,"LOAN_ASSETS":null,"DEPOSIT_EQUITY":null,"DEPOSIT_ASSETS":null,"EQUITY_MULTIPLIER":1.241841483315,"EQUITY_RATIO":0.245821510225},{"SECUCODE":"01836.HK","SECURITY_CODE":"01836","SECURITY_NAME_ABBR":"九兴控股","ORG_CODE":"10081759","STD_REPORT_DATE":"2022-12-31 00:00:00","REPORT_DATE":"2022-12-31 00:00:00","DATE_TYPE_CODE":"001","REPORT_TYPE":"2022年年报","PER_NETCASH_OPERATE":2.105892426054,"PER_OI":14.304754734039,"BPS":8.396848611834,"BASIC_EPS":1.0377254,"DILUTED_EPS":1.0377254,"OPERATE_INCOME":11357667706.6,"OPERATE_INCOME_YOY":5.8524296901,"GROSS_PROFIT":2452423704.2,"GROSS_PROFIT_YOY":21.399816984733,"HOLDER_PROFIT":822052631.8,"HOLDER_PROFIT_YOY":31.5952014628,"GROSS_PROFIT_RATIO":21.592669970217,"EPS_TTM":1.035358806063,"OPERATE_INCOME_QOQ":4.37781743648,"NET_PROFIT_RATIO":7.1859874869,"ROE_AVG":11.818332919474,"GROSS_PROFIT_QOQ":10.371311073097,"ROA":9.234707629139,"HOLDER_PROFIT_QOQ":5.784482818232,"ROE_YEARLY":11.818332919474,"ROIC_YEARLY":10.86557881694,"TOTAL_ASSETS":8762044861.8,"TOTAL_LIABILITIES":1686366456.4,"TAX_EBT":12.018469161755,"OCF_SALES":14.721625537859,"TOTAL_PARENT_EQUITY":6956667320.6,"DEBT_ASSET_RATIO":19.2462659459,"OPERATE_PROFIT":891503623,"PRETAX_PROFIT":927649897,"NETCASH_OPERATE":1672033309.6,"NETCASH_INVEST":-374514400.4,"NETCASH_FINANCE":-741117015.2,"END_CASH":1485570073.8,"DIVI_RATIO":1.106897621664,"DIVIDEND_RATE":7.070707070707,"CURRENT_RATIO":3.301843370371,"COMMON_ACS":5000000000,"CURRENTDEBT_DEBT":90.804678401216,"ISSUED_COMMON_SHARES":828485500,"HK_COMMON_SHARES":828485500,"PER_SHARES":500,"TOTAL_MARKET_CAP":14763611610,"HKSK_MARKET_CAP":14763611610,"PE_TTM":10.668492996625,"PB_TTM":1.738238809199,"REPORT_DATE_SQ":"2021-12-31 00:00:00","REPORT_TYPE_SQ":"2021年年报","OPERATE_INCOME_SQ":9822454425.6,"DPS_HKD":1.26,"OPERATE_INCOME_QOQ_SQ":18.58146352107,"NET_PROFIT_RATIO_SQ":5.896243561,"HOLDER_PROFIT_SQ":571862035.8,"HOLDER_PROFIT_QOQ_SQ":129.427198535353,"ROE_AVG_SQ":9.327666336311,"PE_TTM_SQ":8.940146987793,"PB_TTM_SQ":0.997279614684,"ROA_SQ":7.328650690447,"START_DATE":"2022-01-01 00:00:00","FISCAL_YEAR":"12-31","CURRENCY":"HKD","IS_CNY_CODE":0,"DPS_HKD_LY":0.98,"ORG_TYPE":"一般企业","PREMIUM_INCOME":null,"PREMIUM_INCOME_YOY":null,"NET_INTEREST_INCOME":null,"NET_INTEREST_INCOME_YOY":null,"FEE_COMMISSION_INCOME":null,"FEE_COMMISSION_INCOME_YOY":null,"ACCOUNTS_RECE_TDAYS":5.499366017171,"INVENTORY_TDAYS":6.163015946845,"CURRENT_ASSETS_TDAYS":2.232620829677,"TOTAL_ASSETS_TDAYS":1.275888386729,"PREMIUM_EXPENSE":null,"LOAN_DEPOSIT":null,"LOAN_EQUITY":null,"LOAN_ASSETS":null,"DEPOSIT_EQUITY":null,"DEPOSIT_ASSETS":null,"EQUITY_MULTIPLIER":1.238332829699,"EQUITY_RATIO":0.24241010511},{"SECUCODE":"01836.HK","SECURITY_CODE":"01836","SECURITY_NAME_ABBR":"九兴控股","ORG_CODE":"10081759","STD_REPORT_DATE":"2022-06-30 00:00:00","REPORT_DATE":"2022-06-30 00:00:00","DATE_TYPE_CODE":"002","REPORT_TYPE":"2022年中报","PER_NETCASH_OPERATE":0.283450214584,"PER_OI":6.992157974303,"BPS":8.074032464056,"BASIC_EPS":0.5100664,"DILUTED_EPS":0.5100664,"OPERATE_INCOME":5551623100.2,"OPERATE_INCOME_YOY":18.9409963118,"GROSS_PROFIT":1100092419.6,"GROSS_PROFIT_YOY":22.472244856049,"HOLDER_PROFIT":406355135.8,"HOLDER_PROFIT_YOY":94.4847745085,"GROSS_PROFIT_RATIO":19.815689929678,"EPS_TTM":0.978743553383,"OPERATE_INCOME_QOQ":10.779888689942,"NET_PROFIT_RATIO":7.2808884988,"ROE_AVG":6.068992477284,"GROSS_PROFIT_QOQ":9.992185292003,"ROA":4.664477989776,"HOLDER_PROFIT_QOQ":35.889653404406,"ROE_YEARLY":12.137984954568,"ROIC_YEARLY":10.311888339963,"TOTAL_ASSETS":8710598543.4,"TOTAL_LIABILITIES":1901963780.2,"TAX_EBT":12.000292226768,"OCF_SALES":4.053830242761,"TOTAL_PARENT_EQUITY":6689218823,"DEBT_ASSET_RATIO":21.8350526743,"OPERATE_PROFIT":451496012.2,"PRETAX_PROFIT":459328216,"NETCASH_OPERATE":225053376.2,"NETCASH_INVEST":-212080240,"NETCASH_FINANCE":-410744391.4,"END_CASH":512556329.4,"DIVI_RATIO":1.170925924404,"DIVIDEND_RATE":7.070707070707,"CURRENT_RATIO":2.84372588157,"COMMON_ACS":5000000000,"CURRENTDEBT_DEBT":92.8128076558,"ISSUED_COMMON_SHARES":828485500,"HK_COMMON_SHARES":828485500,"PER_SHARES":500,"TOTAL_MARKET_CAP":14763611610,"HKSK_MARKET_CAP":14763611610,"PE_TTM":10.668492996625,"PB_TTM":1.738238809199,"REPORT_DATE_SQ":"2021-06-30 00:00:00","REPORT_TYPE_SQ":"2021年中报","OPERATE_INCOME_SQ":4492773446.5,"DPS_HKD":1.26,"OPERATE_INCOME_QOQ_SQ":11.762704744741,"NET_PROFIT_RATIO_SQ":4.6315774338,"HOLDER_PROFIT_SQ":201115833.2,"HOLDER_PROFIT_QOQ_SQ":2167.11003131442,"ROE_AVG_SQ":3.301947578453,"PE_TTM_SQ":8.940146987793,"PB_TTM_SQ":0.997279614684,"ROA_SQ":2.636309978974,"START_DATE":"2022-01-01 00:00:00","FISCAL_YEAR":"12-31","CURRENCY":"HKD","IS_CNY_CODE":0,"DPS_HKD_LY":0.98,"ORG_TYPE":"一般企业","PREMIUM_INCOME":null,"PREMIUM_INCOME_YOY":null,"NET_INTEREST_INCOME":null,"NET_INTEREST_INCOME_YOY":null,"FEE_COMMISSION_INCOME":null,"FEE_COMMISSION_INCOME_YOY":null,"ACCOUNTS_RECE_TDAYS":2.479862934849,"INVENTORY_TDAYS":2.749491164291,"CURRENT_ASSETS_TDAYS":1.115675426339,"TOTAL_ASSETS_TDAYS":0.637260895139,"PREMIUM_EXPENSE":null,"LOAN_DEPOSIT":null,"LOAN_EQUITY":null,"LOAN_ASSETS":null,"DEPOSIT_EQUITY":null,"DEPOSIT_ASSETS":null,"EQUITY_MULTIPLIER":1.279345837506,"EQUITY_RATIO":0.284332719638},{"SECUCODE":"01836.HK","SECURITY_CODE":"01836","SECURITY_NAME_ABBR":"九兴控股","ORG_CODE":"10081759","STD_REPORT_DATE":"2021-12-31 00:00:00","REPORT_DATE":"2021-12-31 00:00:00","DATE_TYPE_CODE":"001","REPORT_TYPE":"2021年年报","PER_NETCASH_OPERATE":0.965663653613,"PER_OI":12.371184390509,"BPS":7.684796102648,"BASIC_EPS":0.72236681,"DILUTED_EPS":0.7204541,"OPERATE_INCOME":9822454425.6,"OPERATE_INCOME_YOY":35.6312286509,"GROSS_PROFIT":2020121417.9,"GROSS_PROFIT_YOY":53.525154478901,"HOLDER_PROFIT":571862035.8,"HOLDER_PROFIT_YOY":5223.0860534125,"GROSS_PROFIT_RATIO":20.566360813393,"EPS_TTM":0.72024876719,"OPERATE_INCOME_QOQ":18.58146352107,"NET_PROFIT_RATIO":5.896243561,"ROE_AVG":9.327666336311,"GROSS_PROFIT_QOQ":25.156060197189,"ROA":7.328650690447,"HOLDER_PROFIT_QOQ":129.427198535353,"ROE_YEARLY":9.327666336311,"ROIC_YEARLY":8.204164738208,"TOTAL_ASSETS":8276984745.6,"TOTAL_LIABILITIES":1794676665.9,"TAX_EBT":12.223639455782,"OCF_SALES":7.805749418411,"TOTAL_PARENT_EQUITY":6366742141.5,"DEBT_ASSET_RATIO":21.6827349701,"OPERATE_PROFIT":613788639,"PRETAX_PROFIT":659808441.6,"NETCASH_OPERATE":766716179.2,"NETCASH_INVEST":-454912570.7,"NETCASH_FINANCE":-144231085.4,"END_CASH":861803369,"DIVI_RATIO":1.591167180295,"DIVIDEND_RATE":7.070707070707,"CURRENT_RATIO":2.853235337511,"COMMON_ACS":5000000000,"CURRENTDEBT_DEBT":91.500495582389,"ISSUED_COMMON_SHARES":828485500,"HK_COMMON_SHARES":828485500,"PER_SHARES":500,"TOTAL_MARKET_CAP":14763611610,"HKSK_MARKET_CAP":14763611610,"PE_TTM":10.668492996625,"PB_TTM":1.738238809199,"REPORT_DATE_SQ":"2020-12-31 00:00:00","REPORT_TYPE_SQ":"2020年年报","OPERATE_INCOME_SQ":7411503412,"DPS_HKD":1.26,"OPERATE_INCOME_QOQ_SQ":-19.77183244874,"NET_PROFIT_RATIO_SQ":0.0936718667,"HOLDER_PROFIT_SQ":10994456.5,"HOLDER_PROFIT_QOQ_SQ":-96.98257605754,"ROE_AVG_SQ":0.178850432213,"PE_TTM_SQ":8.940146987793,"PB_TTM_SQ":0.997279614684,"ROA_SQ":0.147617704313,"START_DATE":"2021-01-01 00:00:00","FISCAL_YEAR":"12-31","CURRENCY":"HKD","IS_CNY_CODE":0,"DPS_HKD_LY":0.21,"ORG_TYPE":"一般企业","PREMIUM_INCOME":null,"PREMIUM_INCOME_YOY":null,"NET_INTEREST_INCOME":null,"NET_INTEREST_INCOME_YOY":null,"FEE_COMMISSION_INCOME":null,"FEE_COMMISSION_INCOME_YOY":null,"ACCOUNTS_RECE_TDAYS":5.188516350006,"INVENTORY_TDAYS":5.952333123372,"CURRENT_ASSETS_TDAYS":2.265185271226,"TOTAL_ASSETS_TDAYS":1.258788534674,"PREMIUM_EXPENSE":null,"LOAN_DEPOSIT":null,"LOAN_EQUITY":null,"LOAN_ASSETS":null,"DEPOSIT_EQUITY":null,"DEPOSIT_ASSETS":null,"EQUITY_MULTIPLIER":1.276857663017,"EQUITY_RATIO":0.281883045679},{"SECUCODE":"01836.HK","SECURITY_CODE":"01836","SECURITY_NAME_ABBR":"九兴控股","ORG_CODE":"10081759","STD_REPORT_DATE":"2021-06-30 00:00:00","REPORT_DATE":"2021-06-30 00:00:00","DATE_TYPE_CODE":"002","REPORT_TYPE":"2021年中报","PER_NETCASH_OPERATE":-0.075819242105,"PER_OI":5.66497950266,"BPS":7.494065483101,"BASIC_EPS":0.25388193,"DILUTED_EPS":0.25388193,"OPERATE_INCOME":4492773446.5,"OPERATE_INCOME_YOY":35.9726985145,"GROSS_PROFIT":898238144.4,"GROSS_PROFIT_YOY":49.711211661279,"HOLDER_PROFIT":201115833.2,"HOLDER_PROFIT_YOY":693.3295216314,"GROSS_PROFIT_RATIO":19.992954354281,"EPS_TTM":0.314289728192,"OPERATE_INCOME_QOQ":11.762704744741,"NET_PROFIT_RATIO":4.6315774338,"ROE_AVG":3.301947578453,"GROSS_PROFIT_QOQ":22.666976123262,"ROA":2.636309978974,"HOLDER_PROFIT_QOQ":2167.11003131442,"ROE_YEARLY":6.603895156907,"ROIC_YEARLY":5.719695073304,"TOTAL_ASSETS":7831133483.1,"TOTAL_LIABILITIES":1622040668.6,"TAX_EBT":12.202900130833,"OCF_SALES":-1.338385109243,"TOTAL_PARENT_EQUITY":6208724588.8,"DEBT_ASSET_RATIO":20.7127189455,"OPERATE_PROFIT":213971432.2,"PRETAX_PROFIT":237008148.8,"NETCASH_OPERATE":-60130610.8,"NETCASH_INVEST":-172310247.3,"NETCASH_FINANCE":8081585.1,"END_CASH":495043923.1,"DIVI_RATIO":3.646432247698,"DIVIDEND_RATE":7.070707070707,"CURRENT_RATIO":3.023069628412,"COMMON_ACS":5000000000,"CURRENTDEBT_DEBT":91.135706491003,"ISSUED_COMMON_SHARES":828485500,"HK_COMMON_SHARES":828485500,"PER_SHARES":500,"TOTAL_MARKET_CAP":14763611610,"HKSK_MARKET_CAP":14763611610,"PE_TTM":10.668492996625,"PB_TTM":1.738238809199,"REPORT_DATE_SQ":"2020-06-30 00:00:00","REPORT_TYPE_SQ":"2020年中报","OPERATE_INCOME_SQ":3620980183,"DPS_HKD":1.26,"OPERATE_INCOME_QOQ_SQ":-14.280461832907,"NET_PROFIT_RATIO_SQ":-1.0256630836,"HOLDER_PROFIT_SQ":-37146136.5,"HOLDER_PROFIT_QOQ_SQ":-45.551401874606,"ROE_AVG_SQ":-0.562914280289,"PE_TTM_SQ":8.940146987793,"PB_TTM_SQ":0.997279614684,"ROA_SQ":-0.469150892321,"START_DATE":"2021-01-01 00:00:00","FISCAL_YEAR":"12-31","CURRENCY":"HKD","IS_CNY_CODE":0,"DPS_HKD_LY":0.21,"ORG_TYPE":"一般企业","PREMIUM_INCOME":null,"PREMIUM_INCOME_YOY":null,"NET_INTEREST_INCOME":null,"NET_INTEREST_INCOME_YOY":null,"FEE_COMMISSION_INCOME":null,"FEE_COMMISSION_INCOME_YOY":null,"ACCOUNTS_RECE_TDAYS":2.265568627706,"INVENTORY_TDAYS":2.752113839435,"CURRENT_ASSETS_TDAYS":1.056030915703,"TOTAL_ASSETS_TDAYS":0.588931427318,"PREMIUM_EXPENSE":null,"LOAN_DEPOSIT":null,"LOAN_EQUITY":null,"LOAN_ASSETS":null,"DEPOSIT_EQUITY":null,"DEPOSIT_ASSETS":null,"EQUITY_MULTIPLIER":1.26123633791,"EQUITY_RATIO":0.261251831258},{"SECUCODE":"01836.HK","SECURITY_CODE":"01836","SECURITY_NAME_ABBR":"九兴控股","ORG_CODE":"10081759","STD_REPORT_DATE":"2020-12-31 00:00:00","REPORT_DATE":"2020-12-31 00:00:00","DATE_TYPE_CODE":"001","REPORT_TYPE":"2020年年报","PER_NETCASH_OPERATE":1.39940701137,"PER_OI":9.325220500503,"BPS":7.281766206288,"BASIC_EPS":0.01370229,"DILUTED_EPS":0.01370229,"OPERATE_INCOME":7411503412,"OPERATE_INCOME_YOY":-26.4721684587,"GROSS_PROFIT":1315824383.8,"GROSS_PROFIT_YOY":-35.759391886664,"HOLDER_PROFIT":10994456.5,"HOLDER_PROFIT_YOY":-98.243419338,"GROSS_PROFIT_RATIO":17.753812022397,"EPS_TTM":0.013833324421,"OPERATE_INCOME_QOQ":-19.77183244874,"NET_PROFIT_RATIO":0.0936718667,"ROE_AVG":0.178850432213,"GROSS_PROFIT_QOQ":-23.493963654451,"ROA":0.147617704313,"HOLDER_PROFIT_QOQ":-96.98257605754,"ROE_YEARLY":0.178850432213,"ROIC_YEARLY":0.15990912227,"TOTAL_ASSETS":7500731419.5,"TOTAL_LIABILITIES":1472774328.4,"TAX_EBT":52.244165170557,"OCF_SALES":15.006690847625,"TOTAL_PARENT_EQUITY":6032837716.3,"DEBT_ASSET_RATIO":19.6350761817,"OPERATE_PROFIT":-9271882.9,"PRETAX_PROFIT":14537477.2,"NETCASH_OPERATE":1112221404.2,"NETCASH_INVEST":-465225370,"NETCASH_FINANCE":-338668409.6,"END_CASH":709041308.3,"DIVI_RATIO":82.846043736141,"DIVIDEND_RATE":7.070707070707,"CURRENT_RATIO":2.970935038528,"COMMON_ACS":5000000000,"CURRENTDEBT_DEBT":93.256127168654,"ISSUED_COMMON_SHARES":828485500,"HK_COMMON_SHARES":828485500,"PER_SHARES":500,"TOTAL_MARKET_CAP":14763611610,"HKSK_MARKET_CAP":14763611610,"PE_TTM":10.668492996625,"PB_TTM":1.738238809199,"REPORT_DATE_SQ":"2019-12-31 00:00:00","REPORT_TYPE_SQ":"2019年年报","OPERATE_INCOME_SQ":10777043046,"DPS_HKD":1.26,"OPERATE_INCOME_QOQ_SQ":-3.530172024666,"NET_PROFIT_RATIO_SQ":6.2089679771,"HOLDER_PROFIT_SQ":669191985,"HOLDER_PROFIT_QOQ_SQ":18.42294030969,"ROE_AVG_SQ":10.028645806108,"PE_TTM_SQ":8.940146987793,"PB_TTM_SQ":0.997279614684,"ROA_SQ":8.341852008545,"START_DATE":"2020-01-01 00:00:00","FISCAL_YEAR":"12-31","CURRENCY":"HKD","IS_CNY_CODE":0,"DPS_HKD_LY":0.45,"ORG_TYPE":"一般企业","PREMIUM_INCOME":null,"PREMIUM_INCOME_YOY":null,"NET_INTEREST_INCOME":null,"NET_INTEREST_INCOME_YOY":null,"FEE_COMMISSION_INCOME":null,"FEE_COMMISSION_INCOME_YOY":null,"ACCOUNTS_RECE_TDAYS":3.974123483743,"INVENTORY_TDAYS":5.217841524103,"CURRENT_ASSETS_TDAYS":1.767583360242,"TOTAL_ASSETS_TDAYS":0.995109780264,"PREMIUM_EXPENSE":null,"LOAN_DEPOSIT":null,"LOAN_EQUITY":null,"LOAN_ASSETS":null,"DEPOSIT_EQUITY":null,"DEPOSIT_ASSETS":null,"EQUITY_MULTIPLIER":1.244323956881,"EQUITY_RATIO":0.24412629639},{"SECUCODE":"01836.HK","SECURITY_CODE":"01836","SECURITY_NAME_ABBR":"九兴控股","ORG_CODE":"10081759","STD_REPORT_DATE":"2020-06-30 00:00:00","REPORT_DATE":"2020-06-30 00:00:00","DATE_TYPE_CODE":"002","REPORT_TYPE":"2020年中报","PER_NETCASH_OPERATE":0.22402339388,"PER_OI":4.555949954736,"BPS":7.729547905184,"BASIC_EPS":-0.0467247,"DILUTED_EPS":-0.0467247,"OPERATE_INCOME":3620980183,"OPERATE_INCOME_YOY":-31.8558922003,"GROSS_PROFIT":599980545.5,"GROSS_PROFIT_YOY":-35.371959542035,"HOLDER_PROFIT":-37146136.5,"HOLDER_PROFIT_YOY":-113.4756144541,"GROSS_PROFIT_RATIO":16.569561698151,"EPS_TTM":0.458448155937,"OPERATE_INCOME_QOQ":-14.280461832907,"NET_PROFIT_RATIO":-1.0256630836,"ROE_AVG":-0.562914280289,"GROSS_PROFIT_QOQ":-16.031974492594,"ROA":-0.469150892321,"HOLDER_PROFIT_QOQ":-45.551401874606,"ROE_YEARLY":-1.125828560578,"ROIC_YEARLY":-0.992329165059,"TOTAL_ASSETS":7811789321,"TOTAL_LIABILITIES":1411517789.5,"TAX_EBT":-47.152875175316,"OCF_SALES":4.91716098961,"TOTAL_PARENT_EQUITY":6403818361,"DEBT_ASSET_RATIO":18.0690713932,"OPERATE_PROFIT":-26682635.5,"PRETAX_PROFIT":-25238417.5,"NETCASH_OPERATE":178049425,"NETCASH_INVEST":-288482545.5,"NETCASH_FINANCE":9854664,"END_CASH":387432717,"DIVI_RATIO":2.499816359075,"DIVIDEND_RATE":7.070707070707,"CURRENT_RATIO":3.142721048234,"COMMON_ACS":5000000000,"CURRENTDEBT_DEBT":98.450704931764,"ISSUED_COMMON_SHARES":828485500,"HK_COMMON_SHARES":828485500,"PER_SHARES":500,"TOTAL_MARKET_CAP":14763611610,"HKSK_MARKET_CAP":14763611610,"PE_TTM":10.668492996625,"PB_TTM":1.738238809199,"REPORT_DATE_SQ":"2019-06-30 00:00:00","REPORT_TYPE_SQ":"2019年中报","OPERATE_INCOME_SQ":5159991701.9,"DPS_HKD":1.26,"OPERATE_INCOME_QOQ_SQ":2.46405710098,"NET_PROFIT_RATIO_SQ":5.1868096145,"HOLDER_PROFIT_SQ":267680193.9,"HOLDER_PROFIT_QOQ_SQ":25.789794833193,"ROE_AVG_SQ":4.110997025263,"PE_TTM_SQ":8.940146987793,"PB_TTM_SQ":0.997279614684,"ROA_SQ":3.219535669813,"START_DATE":"2020-01-01 00:00:00","FISCAL_YEAR":"12-31","CURRENCY":"HKD","IS_CNY_CODE":0,"DPS_HKD_LY":0.45,"ORG_TYPE":"一般企业","PREMIUM_INCOME":null,"PREMIUM_INCOME_YOY":null,"NET_INTEREST_INCOME":null,"NET_INTEREST_INCOME_YOY":null,"FEE_COMMISSION_INCOME":null,"FEE_COMMISSION_INCOME_YOY":null,"ACCOUNTS_RECE_TDAYS":1.749948251588,"INVENTORY_TDAYS":2.326313551468,"CURRENT_ASSETS_TDAYS":0.801204923079,"TOTAL_ASSETS_TDAYS":0.457325106726,"PREMIUM_EXPENSE":null,"LOAN_DEPOSIT":null,"LOAN_EQUITY":null,"LOAN_ASSETS":null,"DEPOSIT_EQUITY":null,"DEPOSIT_ASSETS":null,"EQUITY_MULTIPLIER":1.220540297791,"EQUITY_RATIO":0.220418148974}],"count":45},"success":true,"message":"ok","code":0}