{"version":"ab9a8ff3879fb380fb6c11372cd62aab","result":{"pages":2,"data":[{"SECUCODE":"01832.HK","SECURITY_CODE":"01832","SECURITY_NAME_ABBR":"海天地悦旅","ORG_CODE":"10994314","STD_REPORT_DATE":"2024-06-30 00:00:00","REPORT_DATE":"2024-06-30 00:00:00","DATE_TYPE_CODE":"002","REPORT_TYPE":"2024年中报","PER_NETCASH_OPERATE":0.010967353333,"PER_OI":0.417650276667,"BPS":0.829302163333,"BASIC_EPS":-0.1924236,"DILUTED_EPS":-0.1924236,"OPERATE_INCOME":150354099.6,"OPERATE_INCOME_YOY":46.5985685498,"GROSS_PROFIT":126678870,"GROSS_PROFIT_YOY":55.84911025001,"HOLDER_PROFIT":-68894775.6,"HOLDER_PROFIT_YOY":26.2736424649,"GROSS_PROFIT_RATIO":84.253685358108,"EPS_TTM":-0.379933224167,"OPERATE_INCOME_QOQ":17.766985444375,"NET_PROFIT_RATIO":-46.1819216002,"ROE_AVG":-20.689359971749,"GROSS_PROFIT_QOQ":22.051946894995,"ROA":-6.256006367963,"HOLDER_PROFIT_QOQ":15.895326649394,"ROE_YEARLY":-41.378719943499,"ROIC_YEARLY":-12.833209430756,"TOTAL_ASSETS":1081306603.2,"TOTAL_LIABILITIES":785808094.8,"TAX_EBT":null,"OCF_SALES":2.625965777125,"TOTAL_PARENT_EQUITY":298548778.8,"DEBT_ASSET_RATIO":72.6720887928,"OPERATE_PROFIT":-50122784.4,"PRETAX_PROFIT":-69436412.4,"NETCASH_OPERATE":3948247.2,"NETCASH_INVEST":-10611805.2,"NETCASH_FINANCE":4090783.2,"END_CASH":29055963.6,"DIVI_RATIO":null,"DIVIDEND_RATE":null,"CURRENT_RATIO":0.23211094709,"COMMON_ACS":500000000,"CURRENTDEBT_DEBT":70.039270458276,"ISSUED_COMMON_SHARES":360000000,"HK_COMMON_SHARES":360000000,"PER_SHARES":1000,"TOTAL_MARKET_CAP":187200000,"HKSK_MARKET_CAP":187200000,"PE_TTM":-1.230128536706,"PB_TTM":0.572280673116,"REPORT_DATE_SQ":"2023-06-30 00:00:00","REPORT_TYPE_SQ":"2023年中报","OPERATE_INCOME_SQ":103986487.8,"DPS_HKD":null,"OPERATE_INCOME_QOQ_SQ":36.922125197922,"NET_PROFIT_RATIO_SQ":-91.835174762,"HOLDER_PROFIT_SQ":-94744689.6,"HOLDER_PROFIT_QOQ_SQ":-114.911815557903,"ROE_AVG_SQ":-19.292850521607,"PE_TTM_SQ":-1.149113184524,"PB_TTM_SQ":0.448819206939,"ROA_SQ":-8.227730942154,"START_DATE":"2024-01-01 00:00:00","FISCAL_YEAR":"12-31","CURRENCY":"HKD","IS_CNY_CODE":0,"DPS_HKD_LY":null,"ORG_TYPE":"一般企业","PREMIUM_INCOME":null,"PREMIUM_INCOME_YOY":null,"NET_INTEREST_INCOME":null,"NET_INTEREST_INCOME_YOY":null,"FEE_COMMISSION_INCOME":null,"FEE_COMMISSION_INCOME_YOY":null,"ACCOUNTS_RECE_TDAYS":4.394750546818,"INVENTORY_TDAYS":0.964156145697,"CURRENT_ASSETS_TDAYS":1.137519208476,"TOTAL_ASSETS_TDAYS":0.136529395205,"PREMIUM_EXPENSE":null,"LOAN_DEPOSIT":null,"LOAN_EQUITY":null,"LOAN_ASSETS":null,"DEPOSIT_EQUITY":null,"DEPOSIT_ASSETS":null,"EQUITY_MULTIPLIER":3.659262474977,"EQUITY_RATIO":2.632092812299},{"SECUCODE":"01832.HK","SECURITY_CODE":"01832","SECURITY_NAME_ABBR":"海天地悦旅","ORG_CODE":"10994314","STD_REPORT_DATE":"2023-12-31 00:00:00","REPORT_DATE":"2023-12-31 00:00:00","DATE_TYPE_CODE":"001","REPORT_TYPE":"2023年年报","PER_NETCASH_OPERATE":-0.060320995,"PER_OI":0.724934019167,"BPS":1.014360685,"BASIC_EPS":-0.4532928,"DILUTED_EPS":-0.4532928,"OPERATE_INCOME":260976246.9,"OPERATE_INCOME_YOY":133.9343533744,"GROSS_PROFIT":205858675.5,"GROSS_PROFIT_YOY":180.621480466873,"HOLDER_PROFIT":-162625874.7,"HOLDER_PROFIT_YOY":-100.9715536105,"GROSS_PROFIT_RATIO":78.880234483133,"EPS_TTM":-0.451738540833,"OPERATE_INCOME_QOQ":73.749290540713,"NET_PROFIT_RATIO":-62.3415746194,"ROE_AVG":-36.423772773781,"GROSS_PROFIT_QOQ":89.625441433753,"ROA":-14.54005464948,"HOLDER_PROFIT_QOQ":4.900777750676,"ROE_YEARLY":-36.423772773781,"ROIC_YEARLY":-14.879016057751,"TOTAL_ASSETS":1114271612.1,"TOTAL_LIABILITIES":751594875.9,"TAX_EBT":0.403225806452,"OCF_SALES":-8.320894509729,"TOTAL_PARENT_EQUITY":365169846.6,"DEBT_ASSET_RATIO":67.4516758516,"OPERATE_PROFIT":-128784734.1,"PRETAX_PROFIT":-163355392.8,"NETCASH_OPERATE":-21715558.2,"NETCASH_INVEST":-64523397,"NETCASH_FINANCE":93229580.1,"END_CASH":31433022.6,"DIVI_RATIO":null,"DIVIDEND_RATE":null,"CURRENT_RATIO":0.277403108628,"COMMON_ACS":500000000,"CURRENTDEBT_DEBT":65.114920323794,"ISSUED_COMMON_SHARES":360000000,"HK_COMMON_SHARES":360000000,"PER_SHARES":1000,"TOTAL_MARKET_CAP":198000000,"HKSK_MARKET_CAP":198000000,"PE_TTM":-1.301097490747,"PB_TTM":0.605296865796,"REPORT_DATE_SQ":"2022-12-31 00:00:00","REPORT_TYPE_SQ":"2022年年报","OPERATE_INCOME_SQ":109699414.6,"DPS_HKD":null,"OPERATE_INCOME_QOQ_SQ":-19.069398675252,"NET_PROFIT_RATIO_SQ":-72.9731445623,"HOLDER_PROFIT_SQ":-79570555,"HOLDER_PROFIT_QOQ_SQ":-226.161958938099,"ROE_AVG_SQ":-14.240042875928,"PE_TTM_SQ":-1.149113184524,"PB_TTM_SQ":0.448819206939,"ROA_SQ":-7.736950456429,"START_DATE":"2023-01-01 00:00:00","FISCAL_YEAR":"12-31","CURRENCY":"HKD","IS_CNY_CODE":0,"DPS_HKD_LY":null,"ORG_TYPE":"一般企业","PREMIUM_INCOME":null,"PREMIUM_INCOME_YOY":null,"NET_INTEREST_INCOME":null,"NET_INTEREST_INCOME_YOY":null,"FEE_COMMISSION_INCOME":null,"FEE_COMMISSION_INCOME_YOY":null,"ACCOUNTS_RECE_TDAYS":4.961222566312,"INVENTORY_TDAYS":3.408672798949,"CURRENT_ASSETS_TDAYS":1.958748637801,"TOTAL_ASSETS_TDAYS":0.233333649958,"PREMIUM_EXPENSE":null,"LOAN_DEPOSIT":null,"LOAN_EQUITY":null,"LOAN_ASSETS":null,"DEPOSIT_EQUITY":null,"DEPOSIT_ASSETS":null,"EQUITY_MULTIPLIER":3.072354802172,"EQUITY_RATIO":2.058206291943},{"SECUCODE":"01832.HK","SECURITY_CODE":"01832","SECURITY_NAME_ABBR":"海天地悦旅","ORG_CODE":"10994314","STD_REPORT_DATE":"2023-06-30 00:00:00","REPORT_DATE":"2023-06-30 00:00:00","DATE_TYPE_CODE":"002","REPORT_TYPE":"2023年中报","PER_NETCASH_OPERATE":-0.105316035,"PER_OI":0.288851355,"BPS":1.232540835,"BASIC_EPS":-0.2601288,"DILUTED_EPS":-0.2601288,"OPERATE_INCOME":103986487.8,"OPERATE_INCOME_YOY":52.1408182683,"GROSS_PROFIT":81283024.2,"GROSS_PROFIT_YOY":76.393643481832,"HOLDER_PROFIT":-94744689.6,"HOLDER_PROFIT_YOY":-2559.6348884381,"GROSS_PROFIT_RATIO":78.166909874227,"EPS_TTM":-0.475018123333,"OPERATE_INCOME_QOQ":36.922125197922,"NET_PROFIT_RATIO":-91.835174762,"ROE_AVG":-19.292850521607,"GROSS_PROFIT_QOQ":47.987252314405,"ROA":-8.227730942154,"HOLDER_PROFIT_QOQ":-114.911815557903,"ROE_YEARLY":-38.585701043215,"ROIC_YEARLY":-16.757673837542,"TOTAL_ASSETS":1157710450.2,"TOTAL_LIABILITIES":717218456.4,"TAX_EBT":null,"OCF_SALES":-36.4602876798,"TOTAL_PARENT_EQUITY":443714700.6,"DEBT_ASSET_RATIO":61.9514539474,"OPERATE_PROFIT":-78970768.2,"PRETAX_PROFIT":-95496172.8,"NETCASH_OPERATE":-37913772.6,"NETCASH_INVEST":-45645378.6,"NETCASH_FINANCE":80914508.4,"END_CASH":22291593,"DIVI_RATIO":null,"DIVIDEND_RATE":null,"CURRENT_RATIO":0.31327027335,"COMMON_ACS":500000000,"CURRENTDEBT_DEBT":61.882165669266,"ISSUED_COMMON_SHARES":360000000,"HK_COMMON_SHARES":360000000,"PER_SHARES":1000,"TOTAL_MARKET_CAP":198000000,"HKSK_MARKET_CAP":198000000,"PE_TTM":-1.301097490747,"PB_TTM":0.605296865796,"REPORT_DATE_SQ":"2022-06-30 00:00:00","REPORT_TYPE_SQ":"2022年中报","OPERATE_INCOME_SQ":63483132.6,"DPS_HKD":null,"OPERATE_INCOME_QOQ_SQ":7.3684158047,"NET_PROFIT_RATIO_SQ":-5.7617084258,"HOLDER_PROFIT_SQ":-3308720.2,"HOLDER_PROFIT_QOQ_SQ":35.712241422026,"ROE_AVG_SQ":-0.575279325535,"PE_TTM_SQ":-1.149113184524,"PB_TTM_SQ":0.448819206939,"ROA_SQ":-0.344503492203,"START_DATE":"2023-01-01 00:00:00","FISCAL_YEAR":"12-31","CURRENCY":"HKD","IS_CNY_CODE":0,"DPS_HKD_LY":null,"ORG_TYPE":"一般企业","PREMIUM_INCOME":null,"PREMIUM_INCOME_YOY":null,"NET_INTEREST_INCOME":null,"NET_INTEREST_INCOME_YOY":null,"FEE_COMMISSION_INCOME":null,"FEE_COMMISSION_INCOME_YOY":null,"ACCOUNTS_RECE_TDAYS":1.521247357294,"INVENTORY_TDAYS":2.114401076716,"CURRENT_ASSETS_TDAYS":0.763509032549,"TOTAL_ASSETS_TDAYS":0.090302986568,"PREMIUM_EXPENSE":null,"LOAN_DEPOSIT":null,"LOAN_EQUITY":null,"LOAN_ASSETS":null,"DEPOSIT_EQUITY":null,"DEPOSIT_ASSETS":null,"EQUITY_MULTIPLIER":2.628221321828,"EQUITY_RATIO":1.61639552494},{"SECUCODE":"01832.HK","SECURITY_CODE":"01832","SECURITY_NAME_ABBR":"海天地悦旅","ORG_CODE":"10994314","STD_REPORT_DATE":"2022-12-31 00:00:00","REPORT_DATE":"2022-12-31 00:00:00","DATE_TYPE_CODE":"001","REPORT_TYPE":"2022年年报","PER_NETCASH_OPERATE":-0.139059846667,"PER_OI":0.304720596111,"BPS":1.441652853889,"BASIC_EPS":-0.2228672,"DILUTED_EPS":-0.2228672,"OPERATE_INCOME":109699414.6,"OPERATE_INCOME_YOY":-20.4535124489,"GROSS_PROFIT":73358131.8,"GROSS_PROFIT_YOY":-27.558430163883,"HOLDER_PROFIT":-79570555,"HOLDER_PROFIT_YOY":-91.9522849462,"GROSS_PROFIT_RATIO":66.871944638436,"EPS_TTM":-0.221029319444,"OPERATE_INCOME_QOQ":-19.069398675252,"NET_PROFIT_RATIO":-72.9731445623,"ROE_AVG":-14.240042875928,"GROSS_PROFIT_QOQ":-29.039121739107,"ROA":-7.736950456429,"HOLDER_PROFIT_QOQ":-226.161958938099,"ROE_YEARLY":-14.240042875928,"ROIC_YEARLY":-8.033808798866,"TOTAL_ASSETS":1103944816.8,"TOTAL_LIABILITIES":587331682.6,"TAX_EBT":16.455880215148,"OCF_SALES":-45.635197765221,"TOTAL_PARENT_EQUITY":518995027.4,"DEBT_ASSET_RATIO":53.2029929089,"OPERATE_PROFIT":-86862491.2,"PRETAX_PROFIT":-95818966.8,"NETCASH_OPERATE":-50061544.8,"NETCASH_INVEST":-223758668.8,"NETCASH_FINANCE":241601974,"END_CASH":24034834.6,"DIVI_RATIO":null,"DIVIDEND_RATE":null,"CURRENT_RATIO":0.283888136845,"COMMON_ACS":500000000,"CURRENTDEBT_DEBT":77.086717814327,"ISSUED_COMMON_SHARES":360000000,"HK_COMMON_SHARES":360000000,"PER_SHARES":1000,"TOTAL_MARKET_CAP":198000000,"HKSK_MARKET_CAP":198000000,"PE_TTM":-1.301097490747,"PB_TTM":0.605296865796,"REPORT_DATE_SQ":"2021-12-31 00:00:00","REPORT_TYPE_SQ":"2021年年报","OPERATE_INCOME_SQ":126245235.7,"DPS_HKD":null,"OPERATE_INCOME_QOQ_SQ":9.420467935322,"NET_PROFIT_RATIO_SQ":-31.0085349225,"HOLDER_PROFIT_SQ":-37948166.4,"HOLDER_PROFIT_QOQ_SQ":53.427375226585,"ROE_AVG_SQ":-6.693506668766,"PE_TTM_SQ":-1.149113184524,"PB_TTM_SQ":0.448819206939,"ROA_SQ":-4.570042114719,"START_DATE":"2022-01-01 00:00:00","FISCAL_YEAR":"12-31","CURRENCY":"HKD","IS_CNY_CODE":0,"DPS_HKD_LY":null,"ORG_TYPE":"一般企业","PREMIUM_INCOME":null,"PREMIUM_INCOME_YOY":null,"NET_INTEREST_INCOME":null,"NET_INTEREST_INCOME_YOY":null,"FEE_COMMISSION_INCOME":null,"FEE_COMMISSION_INCOME_YOY":null,"ACCOUNTS_RECE_TDAYS":1.417349050661,"INVENTORY_TDAYS":2.610958218664,"CURRENT_ASSETS_TDAYS":0.691409507923,"TOTAL_ASSETS_TDAYS":0.106664951107,"PREMIUM_EXPENSE":null,"LOAN_DEPOSIT":null,"LOAN_EQUITY":null,"LOAN_ASSETS":null,"DEPOSIT_EQUITY":null,"DEPOSIT_ASSETS":null,"EQUITY_MULTIPLIER":2.136888793023,"EQUITY_RATIO":1.131671117433},{"SECUCODE":"01832.HK","SECURITY_CODE":"01832","SECURITY_NAME_ABBR":"海天地悦旅","ORG_CODE":"10994314","STD_REPORT_DATE":"2022-06-30 00:00:00","REPORT_DATE":"2022-06-30 00:00:00","DATE_TYPE_CODE":"002","REPORT_TYPE":"2022年中报","PER_NETCASH_OPERATE":0.026211745556,"PER_OI":0.176342035,"BPS":1.593044003889,"BASIC_EPS":-0.0067114,"DILUTED_EPS":-0.0067114,"OPERATE_INCOME":63483132.6,"OPERATE_INCOME_YOY":12.7816859425,"GROSS_PROFIT":46080472.4,"GROSS_PROFIT_YOY":4.805901301428,"HOLDER_PROFIT":-3308720.2,"HOLDER_PROFIT_YOY":81.1111111111,"GROSS_PROFIT_RATIO":72.586954223491,"EPS_TTM":-0.067766737778,"OPERATE_INCOME_QOQ":7.3684158047,"NET_PROFIT_RATIO":-5.7617084258,"ROE_AVG":-0.575279325535,"GROSS_PROFIT_QOQ":2.086630847184,"ROA":-0.344503492203,"HOLDER_PROFIT_QOQ":35.712241422026,"ROE_YEARLY":-1.150558651069,"ROIC_YEARLY":-0.729063456619,"TOTAL_ASSETS":1002555643.4,"TOTAL_LIABILITIES":431241007,"TAX_EBT":45.60878243513,"OCF_SALES":14.864150544455,"TOTAL_PARENT_EQUITY":573495841.4,"DEBT_ASSET_RATIO":43.0141718157,"OPERATE_PROFIT":-3610733.2,"PRETAX_PROFIT":-6724822.8,"NETCASH_OPERATE":9436228.4,"NETCASH_INVEST":-115194469.6,"NETCASH_FINANCE":106892467.8,"END_CASH":55342204.4,"DIVI_RATIO":null,"DIVIDEND_RATE":null,"CURRENT_RATIO":0.532405101665,"COMMON_ACS":500000000,"CURRENTDEBT_DEBT":71.871449692631,"ISSUED_COMMON_SHARES":360000000,"HK_COMMON_SHARES":360000000,"PER_SHARES":1000,"TOTAL_MARKET_CAP":198000000,"HKSK_MARKET_CAP":198000000,"PE_TTM":-1.301097490747,"PB_TTM":0.605296865796,"REPORT_DATE_SQ":"2021-06-30 00:00:00","REPORT_TYPE_SQ":"2021年中报","OPERATE_INCOME_SQ":54180858.7,"DPS_HKD":null,"OPERATE_INCOME_QOQ_SQ":-56.643646202803,"NET_PROFIT_RATIO_SQ":-30.9765112674,"HOLDER_PROFIT_SQ":-16860861,"HOLDER_PROFIT_QOQ_SQ":-33.98935882266,"ROE_AVG_SQ":-2.883595545342,"PE_TTM_SQ":-1.149113184524,"PB_TTM_SQ":0.448819206939,"ROA_SQ":-2.155920107053,"START_DATE":"2022-01-01 00:00:00","FISCAL_YEAR":"12-31","CURRENCY":"HKD","IS_CNY_CODE":0,"DPS_HKD_LY":null,"ORG_TYPE":"一般企业","PREMIUM_INCOME":null,"PREMIUM_INCOME_YOY":null,"NET_INTEREST_INCOME":null,"NET_INTEREST_INCOME_YOY":null,"FEE_COMMISSION_INCOME":null,"FEE_COMMISSION_INCOME_YOY":null,"ACCOUNTS_RECE_TDAYS":0.796614451743,"INVENTORY_TDAYS":1.296824206052,"CURRENT_ASSETS_TDAYS":0.365961233412,"TOTAL_ASSETS_TDAYS":0.06609855036,"PREMIUM_EXPENSE":null,"LOAN_DEPOSIT":null,"LOAN_EQUITY":null,"LOAN_ASSETS":null,"DEPOSIT_EQUITY":null,"DEPOSIT_ASSETS":null,"EQUITY_MULTIPLIER":1.754822263468,"EQUITY_RATIO":0.75195141075},{"SECUCODE":"01832.HK","SECURITY_CODE":"01832","SECURITY_NAME_ABBR":"海天地悦旅","ORG_CODE":"10994314","STD_REPORT_DATE":"2021-12-31 00:00:00","REPORT_DATE":"2021-12-31 00:00:00","DATE_TYPE_CODE":"001","REPORT_TYPE":"2021年年报","PER_NETCASH_OPERATE":0.040893031389,"PER_OI":0.350681210278,"BPS":1.522092113333,"BASIC_EPS":-0.1083869,"DILUTED_EPS":-0.1083869,"OPERATE_INCOME":126245235.7,"OPERATE_INCOME_YOY":-51.4490976854,"GROSS_PROFIT":101265243.1,"GROSS_PROFIT_YOY":-50.908409760973,"HOLDER_PROFIT":-37948166.4,"HOLDER_PROFIT_YOY":36.1373390558,"GROSS_PROFIT_RATIO":80.213120549467,"EPS_TTM":-0.105411573333,"OPERATE_INCOME_QOQ":9.420467935322,"NET_PROFIT_RATIO":-31.0085349225,"ROE_AVG":-6.693506668766,"GROSS_PROFIT_QOQ":33.222609886903,"ROA":-4.570042114719,"HOLDER_PROFIT_QOQ":53.427375226585,"ROE_YEARLY":-6.693506668766,"ROIC_YEARLY":-5.547167701169,"TOTAL_ASSETS":872374279.6,"TOTAL_LIABILITIES":326161684.9,"TAX_EBT":14.615491586706,"OCF_SALES":11.661027220847,"TOTAL_PARENT_EQUITY":547953160.8,"DEBT_ASSET_RATIO":37.3878153594,"OPERATE_PROFIT":-39828997.9,"PRETAX_PROFIT":-45847658.7,"NETCASH_OPERATE":14721491.3,"NETCASH_INVEST":-303253794.8,"NETCASH_FINANCE":96706617.6,"END_CASH":51496528.9,"DIVI_RATIO":null,"DIVIDEND_RATE":null,"CURRENT_RATIO":0.836713275921,"COMMON_ACS":500000000,"CURRENTDEBT_DEBT":63.328576734367,"ISSUED_COMMON_SHARES":360000000,"HK_COMMON_SHARES":360000000,"PER_SHARES":1000,"TOTAL_MARKET_CAP":198000000,"HKSK_MARKET_CAP":198000000,"PE_TTM":-1.301097490747,"PB_TTM":0.605296865796,"REPORT_DATE_SQ":"2020-12-31 00:00:00","REPORT_TYPE_SQ":"2020年年报","OPERATE_INCOME_SQ":266111521.6,"DPS_HKD":null,"OPERATE_INCOME_QOQ_SQ":-51.866976359377,"NET_PROFIT_RATIO_SQ":-26.3877991369,"HOLDER_PROFIT_SQ":-60812068,"HOLDER_PROFIT_QOQ_SQ":-267.878759228615,"ROE_AVG_SQ":-9.60186267894,"PE_TTM_SQ":-1.149113184524,"PB_TTM_SQ":0.448819206939,"ROA_SQ":-7.314450749103,"START_DATE":"2021-01-01 00:00:00","FISCAL_YEAR":"12-31","CURRENCY":"HKD","IS_CNY_CODE":0,"DPS_HKD_LY":null,"ORG_TYPE":"一般企业","PREMIUM_INCOME":null,"PREMIUM_INCOME_YOY":null,"NET_INTEREST_INCOME":null,"NET_INTEREST_INCOME_YOY":null,"FEE_COMMISSION_INCOME":null,"FEE_COMMISSION_INCOME_YOY":null,"ACCOUNTS_RECE_TDAYS":1.404226650592,"INVENTORY_TDAYS":1.08546890151,"CURRENT_ASSETS_TDAYS":0.445717501407,"TOTAL_ASSETS_TDAYS":0.152035288833,"PREMIUM_EXPENSE":null,"LOAN_DEPOSIT":null,"LOAN_EQUITY":null,"LOAN_ASSETS":null,"DEPOSIT_EQUITY":null,"DEPOSIT_ASSETS":null,"EQUITY_MULTIPLIER":1.597133218941,"EQUITY_RATIO":0.595236433026},{"SECUCODE":"01832.HK","SECURITY_CODE":"01832","SECURITY_NAME_ABBR":"海天地悦旅","ORG_CODE":"10994314","STD_REPORT_DATE":"2021-06-30 00:00:00","REPORT_DATE":"2021-06-30 00:00:00","DATE_TYPE_CODE":"002","REPORT_TYPE":"2021年中报","PER_NETCASH_OPERATE":0.032659394444,"PER_OI":0.150502385278,"BPS":1.599305423333,"BASIC_EPS":-0.0452207,"DILUTED_EPS":-0.0452207,"OPERATE_INCOME":54180858.7,"OPERATE_INCOME_YOY":-71.0243565383,"GROSS_PROFIT":43967440.6,"GROSS_PROFIT_YOY":-74.765230681759,"HOLDER_PROFIT":-16860861,"HOLDER_PROFIT_YOY":-585.1301115242,"GROSS_PROFIT_RATIO":81.149397877668,"EPS_TTM":-0.226338055556,"OPERATE_INCOME_QOQ":-56.643646202803,"NET_PROFIT_RATIO":-30.9765112674,"ROE_AVG":-2.883595545342,"GROSS_PROFIT_QOQ":-63.150706715097,"ROA":-2.155920107053,"HOLDER_PROFIT_QOQ":-33.98935882266,"ROE_YEARLY":-5.767191090684,"ROIC_YEARLY":-5.616557007516,"TOTAL_ASSETS":765347427.3,"TOTAL_LIABILITIES":190069062.2,"TAX_EBT":12.993971868721,"OCF_SALES":21.700250387505,"TOTAL_PARENT_EQUITY":575749952.4,"DEBT_ASSET_RATIO":24.8343504427,"OPERATE_PROFIT":-16389273.7,"PRETAX_PROFIT":-19289858.6,"NETCASH_OPERATE":11757382,"NETCASH_INVEST":-134040614.9,"NETCASH_FINANCE":-6434259.6,"END_CASH":117825763.9,"DIVI_RATIO":null,"DIVIDEND_RATE":null,"CURRENT_RATIO":2.920911423905,"COMMON_ACS":500000000,"CURRENTDEBT_DEBT":43.705390524098,"ISSUED_COMMON_SHARES":360000000,"HK_COMMON_SHARES":360000000,"PER_SHARES":1000,"TOTAL_MARKET_CAP":198000000,"HKSK_MARKET_CAP":198000000,"PE_TTM":-1.301097490747,"PB_TTM":0.605296865796,"REPORT_DATE_SQ":"2020-06-30 00:00:00","REPORT_TYPE_SQ":"2020年中报","OPERATE_INCOME_SQ":204916127.5,"DPS_HKD":null,"OPERATE_INCOME_QOQ_SQ":-19.7049341412,"NET_PROFIT_RATIO_SQ":0.2902055623,"HOLDER_PROFIT_SQ":3808771,"HOLDER_PROFIT_QOQ_SQ":-48.589275389223,"ROE_AVG_SQ":0.527497524291,"PE_TTM_SQ":-1.149113184524,"PB_TTM_SQ":0.448819206939,"ROA_SQ":0.403171415297,"START_DATE":"2021-01-01 00:00:00","FISCAL_YEAR":"12-31","CURRENCY":"HKD","IS_CNY_CODE":0,"DPS_HKD_LY":null,"ORG_TYPE":"一般企业","PREMIUM_INCOME":null,"PREMIUM_INCOME_YOY":null,"NET_INTEREST_INCOME":null,"NET_INTEREST_INCOME_YOY":null,"FEE_COMMISSION_INCOME":null,"FEE_COMMISSION_INCOME_YOY":null,"ACCOUNTS_RECE_TDAYS":0.620271419591,"INVENTORY_TDAYS":0.370691676436,"CURRENT_ASSETS_TDAYS":0.168917353957,"TOTAL_ASSETS_TDAYS":0.069278551486,"PREMIUM_EXPENSE":null,"LOAN_DEPOSIT":null,"LOAN_EQUITY":null,"LOAN_ASSETS":null,"DEPOSIT_EQUITY":null,"DEPOSIT_ASSETS":null,"EQUITY_MULTIPLIER":1.330394942224,"EQUITY_RATIO":0.330124321171},{"SECUCODE":"01832.HK","SECURITY_CODE":"01832","SECURITY_NAME_ABBR":"海天地悦旅","ORG_CODE":"10994314","STD_REPORT_DATE":"2020-12-31 00:00:00","REPORT_DATE":"2020-12-31 00:00:00","DATE_TYPE_CODE":"001","REPORT_TYPE":"2020年年报","PER_NETCASH_OPERATE":-0.052507320278,"PER_OI":0.739198671111,"BPS":1.665661972222,"BASIC_EPS":-0.1696474,"DILUTED_EPS":-0.1696474,"OPERATE_INCOME":266111521.6,"OPERATE_INCOME_YOY":-58.6784060629,"GROSS_PROFIT":206278188.6,"GROSS_PROFIT_YOY":-60.96264210701,"HOLDER_PROFIT":-60812068,"HOLDER_PROFIT_YOY":-192.2772277228,"GROSS_PROFIT_RATIO":77.515692428403,"EPS_TTM":-0.168922411111,"OPERATE_INCOME_QOQ":-51.866976359377,"NET_PROFIT_RATIO":-26.3877991369,"ROE_AVG":-9.60186267894,"GROSS_PROFIT_QOQ":-53.126429024614,"ROA":-7.314450749103,"HOLDER_PROFIT_QOQ":-267.878759228615,"ROE_YEARLY":-9.60186267894,"ROIC_YEARLY":-11.738035264484,"TOTAL_ASSETS":806810409.9,"TOTAL_LIABILITIES":207726716.4,"TAX_EBT":15.783707645356,"OCF_SALES":-7.103275794429,"TOTAL_PARENT_EQUITY":599638310,"DEBT_ASSET_RATIO":25.7466579324,"OPERATE_PROFIT":-79564630.6,"PRETAX_PROFIT":-83381697.1,"NETCASH_OPERATE":-18902635.3,"NETCASH_INVEST":-81913594.6,"NETCASH_FINANCE":-19489876.3,"END_CASH":249016283.6,"DIVI_RATIO":null,"DIVIDEND_RATE":null,"CURRENT_RATIO":4.332538067504,"COMMON_ACS":500000000,"CURRENTDEBT_DEBT":44.763789420782,"ISSUED_COMMON_SHARES":360000000,"HK_COMMON_SHARES":360000000,"PER_SHARES":1000,"TOTAL_MARKET_CAP":198000000,"HKSK_MARKET_CAP":198000000,"PE_TTM":-1.301097490747,"PB_TTM":0.605296865796,"REPORT_DATE_SQ":"2019-12-31 00:00:00","REPORT_TYPE_SQ":"2019年年报","OPERATE_INCOME_SQ":688543963.8,"DPS_HKD":null,"OPERATE_INCOME_QOQ_SQ":-0.705220033143,"NET_PROFIT_RATIO_SQ":10.309121673,"HOLDER_PROFIT_SQ":70459620,"HOLDER_PROFIT_QOQ_SQ":-1.286537007884,"ROE_AVG_SQ":12.969918777489,"PE_TTM_SQ":-1.149113184524,"PB_TTM_SQ":0.448819206939,"ROA_SQ":9.754966823454,"START_DATE":"2020-01-01 00:00:00","FISCAL_YEAR":"12-31","CURRENCY":"HKD","IS_CNY_CODE":0,"DPS_HKD_LY":0.0219,"ORG_TYPE":"一般企业","PREMIUM_INCOME":null,"PREMIUM_INCOME_YOY":null,"NET_INTEREST_INCOME":null,"NET_INTEREST_INCOME_YOY":null,"FEE_COMMISSION_INCOME":null,"FEE_COMMISSION_INCOME_YOY":null,"ACCOUNTS_RECE_TDAYS":4.338261887033,"INVENTORY_TDAYS":1.416544373214,"CURRENT_ASSETS_TDAYS":0.602578214457,"TOTAL_ASSETS_TDAYS":0.320077853381,"PREMIUM_EXPENSE":null,"LOAN_DEPOSIT":null,"LOAN_EQUITY":null,"LOAN_ASSETS":null,"DEPOSIT_EQUITY":null,"DEPOSIT_ASSETS":null,"EQUITY_MULTIPLIER":1.346740728639,"EQUITY_RATIO":0.346420021763},{"SECUCODE":"01832.HK","SECURITY_CODE":"01832","SECURITY_NAME_ABBR":"海天地悦旅","ORG_CODE":"10994314","STD_REPORT_DATE":"2020-06-30 00:00:00","REPORT_DATE":"2020-06-30 00:00:00","DATE_TYPE_CODE":"002","REPORT_TYPE":"2020年中报","PER_NETCASH_OPERATE":-0.053410894444,"PER_OI":0.569211465278,"BPS":2.001001009722,"BASIC_EPS":0.0070795,"DILUTED_EPS":0.0070795,"OPERATE_INCOME":204916127.5,"OPERATE_INCOME_YOY":-41.5760046828,"GROSS_PROFIT":174233574.5,"GROSS_PROFIT_YOY":-33.643579333682,"HOLDER_PROFIT":3808771,"HOLDER_PROFIT_YOY":-90.2782797253,"GROSS_PROFIT_RATIO":85.026774917948,"EPS_TTM":0.10062167,"OPERATE_INCOME_QOQ":-19.7049341412,"NET_PROFIT_RATIO":0.2902055623,"ROE_AVG":0.527497524291,"GROSS_PROFIT_QOQ":-16.717764231171,"ROA":0.403171415297,"HOLDER_PROFIT_QOQ":-48.589275389223,"ROE_YEARLY":1.054995048583,"ROIC_YEARLY":1.349377041779,"TOTAL_ASSETS":960666911.5,"TOTAL_LIABILITIES":233913759.5,"TAX_EBT":-4100,"OCF_SALES":-9.383313180169,"TOTAL_PARENT_EQUITY":720360363.5,"DEBT_ASSET_RATIO":24.3491013066,"OPERATE_PROFIT":1111481.5,"PRETAX_PROFIT":14159,"NETCASH_OPERATE":-19227922,"NETCASH_INVEST":-19673930.5,"NETCASH_FINANCE":-18165997,"END_CASH":343646009.5,"DIVI_RATIO":null,"DIVIDEND_RATE":null,"CURRENT_RATIO":5.286180940207,"COMMON_ACS":500000000,"CURRENTDEBT_DEBT":42.619775430526,"ISSUED_COMMON_SHARES":360000000,"HK_COMMON_SHARES":360000000,"PER_SHARES":1000,"TOTAL_MARKET_CAP":198000000,"HKSK_MARKET_CAP":198000000,"PE_TTM":-1.301097490747,"PB_TTM":0.605296865796,"REPORT_DATE_SQ":"2019-06-30 00:00:00","REPORT_TYPE_SQ":"2019年中报","OPERATE_INCOME_SQ":340593262.1,"DPS_HKD":null,"OPERATE_INCOME_QOQ_SQ":0.857046420886,"NET_PROFIT_RATIO_SQ":11.1317441415,"HOLDER_PROFIT_SQ":38044589.8,"HOLDER_PROFIT_QOQ_SQ":-11.064702015073,"ROE_AVG_SQ":7.322575736525,"PE_TTM_SQ":-1.149113184524,"PB_TTM_SQ":0.448819206939,"ROA_SQ":5.47706589997,"START_DATE":"2020-01-01 00:00:00","FISCAL_YEAR":"12-31","CURRENCY":"HKD","IS_CNY_CODE":0,"DPS_HKD_LY":0.0219,"ORG_TYPE":"一般企业","PREMIUM_INCOME":null,"PREMIUM_INCOME_YOY":null,"NET_INTEREST_INCOME":null,"NET_INTEREST_INCOME_YOY":null,"FEE_COMMISSION_INCOME":null,"FEE_COMMISSION_INCOME_YOY":null,"ACCOUNTS_RECE_TDAYS":3.575001543877,"INVENTORY_TDAYS":0.515308245645,"CURRENT_ASSETS_TDAYS":0.390984857695,"TOTAL_ASSETS_TDAYS":0.216910717765,"PREMIUM_EXPENSE":null,"LOAN_DEPOSIT":null,"LOAN_EQUITY":null,"LOAN_ASSETS":null,"DEPOSIT_EQUITY":null,"DEPOSIT_ASSETS":null,"EQUITY_MULTIPLIER":1.32186136222,"EQUITY_RATIO":0.324717698741}],"count":17},"success":true,"message":"ok","code":0}