{"version":"a9b3d07de79ecfa68eb9f11ee555f6a4","result":{"pages":4,"data":[{"SECUCODE":"01830.HK","SECURITY_CODE":"01830","SECURITY_NAME_ABBR":"完美医疗","ORG_CODE":"10188033","STD_REPORT_DATE":"2024-06-30 00:00:00","REPORT_DATE":"2024-09-30 00:00:00","DATE_TYPE_CODE":"002","REPORT_TYPE":"2024年中报","PER_NETCASH_OPERATE":0.14600165374,"PER_OI":0.445276293107,"BPS":0.324611953909,"BASIC_EPS":0.10100048,"DILUTED_EPS":0.10100048,"OPERATE_INCOME":559355086.88,"OPERATE_INCOME_YOY":-13.6290658345,"GROSS_PROFIT":549893506.2,"GROSS_PROFIT_YOY":-14.987485703317,"HOLDER_PROFIT":127011710.76,"HOLDER_PROFIT_YOY":-15.3546122734,"GROSS_PROFIT_RATIO":98.308484019914,"EPS_TTM":0.227900810373,"OPERATE_INCOME_QOQ":0,"NET_PROFIT_RATIO":21.1752263523,"ROE_AVG":29.6608286643,"GROSS_PROFIT_QOQ":0,"ROA":12.254299954713,"HOLDER_PROFIT_QOQ":0,"ROE_YEARLY":59.321657328601,"ROIC_YEARLY":44.333226312112,"TOTAL_ASSETS":971115106.25,"TOTAL_LIABILITIES":572541060.26,"TAX_EBT":17.868934467234,"OCF_SALES":32.789002244177,"TOTAL_PARENT_EQUITY":407776812.94,"DEBT_ASSET_RATIO":58.9570748694,"OPERATE_PROFIT":142913875.62,"PRETAX_PROFIT":144214256.8,"NETCASH_OPERATE":183406951.99,"NETCASH_INVEST":-189597740.34,"NETCASH_FINANCE":-248104071.96,"END_CASH":261345956.32,"DIVI_RATIO":0.218759599487,"DIVIDEND_RATE":2.558139534884,"CURRENT_RATIO":1.245255072847,"COMMON_ACS":10000000000,"CURRENTDEBT_DEBT":71.567852271403,"ISSUED_COMMON_SHARES":1256197771,"HK_COMMON_SHARES":1256197771,"PER_SHARES":1000,"TOTAL_MARKET_CAP":2700825207.65,"HKSK_MARKET_CAP":2700825207.65,"PE_TTM":9.305136615033,"PB_TTM":5.97281916656,"REPORT_DATE_SQ":"2023-06-30 00:00:00","REPORT_TYPE_SQ":"2023年中报","OPERATE_INCOME_SQ":658995066.87,"DPS_HKD":0.055,"OPERATE_INCOME_QOQ_SQ":0,"NET_PROFIT_RATIO_SQ":23.1697043371,"HOLDER_PROFIT_SQ":152687208.59,"HOLDER_PROFIT_QOQ_SQ":0,"ROE_AVG_SQ":28.885116074792,"PE_TTM_SQ":12.358293323415,"PB_TTM_SQ":7.586114739038,"ROA_SQ":13.12251256214,"START_DATE":"2024-04-01 00:00:00","FISCAL_YEAR":"3-31","CURRENCY":"HKD","IS_CNY_CODE":0,"DPS_HKD_LY":0.055,"ORG_TYPE":"一般企业","PREMIUM_INCOME":null,"PREMIUM_INCOME_YOY":null,"NET_INTEREST_INCOME":null,"NET_INTEREST_INCOME_YOY":null,"FEE_COMMISSION_INCOME":null,"FEE_COMMISSION_INCOME_YOY":null,"ACCOUNTS_RECE_TDAYS":13.006741667278,"INVENTORY_TDAYS":1.074889867841,"CURRENT_ASSETS_TDAYS":0.982248108418,"TOTAL_ASSETS_TDAYS":0.539675040578,"PREMIUM_EXPENSE":null,"LOAN_DEPOSIT":null,"LOAN_EQUITY":null,"LOAN_ASSETS":null,"DEPOSIT_EQUITY":null,"DEPOSIT_ASSETS":null,"EQUITY_MULTIPLIER":2.436473513567,"EQUITY_RATIO":1.404054968531},{"SECUCODE":"01830.HK","SECURITY_CODE":"01830","SECURITY_NAME_ABBR":"完美医疗","ORG_CODE":"10188033","STD_REPORT_DATE":"2023-12-31 00:00:00","REPORT_DATE":"2024-03-31 00:00:00","DATE_TYPE_CODE":"001","REPORT_TYPE":"2023年年报","PER_NETCASH_OPERATE":0.358754700935,"PER_OI":1.005519592225,"BPS":0.35903470573,"BASIC_EPS":0.22754405,"DILUTED_EPS":0.22754405,"OPERATE_INCOME":1263131470.45,"OPERATE_INCOME_YOY":0.2935373555,"GROSS_PROFIT":1238135167.3,"GROSS_PROFIT_YOY":4.244436112494,"HOLDER_PROFIT":286288490,"HOLDER_PROFIT_YOY":0.0513246187,"GROSS_PROFIT_RATIO":98.021084603244,"EPS_TTM":0.233035558101,"OPERATE_INCOME_QOQ":0,"NET_PROFIT_RATIO":22.2773495897,"ROE_AVG":56.911975663733,"GROSS_PROFIT_QOQ":0,"ROA":25.082343634462,"HOLDER_PROFIT_QOQ":0,"ROE_YEARLY":56.911975663733,"ROIC_YEARLY":48.510059155237,"TOTAL_ASSETS":1107633668.6,"TOTAL_LIABILITIES":657252376.2,"TAX_EBT":19.10857571738,"OCF_SALES":35.67853910642,"TOTAL_PARENT_EQUITY":451018597.05,"DEBT_ASSET_RATIO":59.3384252242,"OPERATE_PROFIT":346647495.55,"PRETAX_PROFIT":347864085.65,"NETCASH_OPERATE":450666855.65,"NETCASH_INVEST":147372394.2,"NETCASH_FINANCE":-472285353.5,"END_CASH":514377376.55,"DIVI_RATIO":0.213939410819,"DIVIDEND_RATE":2.282157676349,"CURRENT_RATIO":1.348912580782,"COMMON_ACS":10000000000,"CURRENTDEBT_DEBT":71.285123944144,"ISSUED_COMMON_SHARES":1256197771,"HK_COMMON_SHARES":1256197771,"PER_SHARES":1000,"TOTAL_MARKET_CAP":3027436628.11,"HKSK_MARKET_CAP":3027436628.11,"PE_TTM":10.430408949874,"PB_TTM":6.6951135774,"REPORT_DATE_SQ":"2022-12-31 00:00:00","REPORT_TYPE_SQ":"2022年年报","OPERATE_INCOME_SQ":1216172972.01,"DPS_HKD":0.055,"OPERATE_INCOME_QOQ_SQ":0,"NET_PROFIT_RATIO_SQ":22.7198488981,"HOLDER_PROFIT_SQ":276312661.58,"HOLDER_PROFIT_QOQ_SQ":0,"ROE_AVG_SQ":57.049593371766,"PE_TTM_SQ":12.585746574766,"PB_TTM_SQ":7.725736482701,"ROA_SQ":24.491860889632,"START_DATE":"2023-04-01 00:00:00","FISCAL_YEAR":"3-31","CURRENCY":"HKD","IS_CNY_CODE":0,"DPS_HKD_LY":0.057,"ORG_TYPE":"一般企业","PREMIUM_INCOME":null,"PREMIUM_INCOME_YOY":null,"NET_INTEREST_INCOME":null,"NET_INTEREST_INCOME_YOY":null,"FEE_COMMISSION_INCOME":null,"FEE_COMMISSION_INCOME_YOY":null,"ACCOUNTS_RECE_TDAYS":24.764967784937,"INVENTORY_TDAYS":3.591871295512,"CURRENT_ASSETS_TDAYS":1.922601351841,"TOTAL_ASSETS_TDAYS":1.106656352036,"PREMIUM_EXPENSE":null,"LOAN_DEPOSIT":null,"LOAN_EQUITY":null,"LOAN_ASSETS":null,"DEPOSIT_EQUITY":null,"DEPOSIT_ASSETS":null,"EQUITY_MULTIPLIER":2.459324326502,"EQUITY_RATIO":1.457262251488},{"SECUCODE":"01830.HK","SECURITY_CODE":"01830","SECURITY_NAME_ABBR":"完美医疗","ORG_CODE":"10188033","STD_REPORT_DATE":"2023-06-30 00:00:00","REPORT_DATE":"2023-09-30 00:00:00","DATE_TYPE_CODE":"002","REPORT_TYPE":"2023年中报","PER_NETCASH_OPERATE":0.210396379632,"PER_OI":0.524594997765,"BPS":0.394335427674,"BASIC_EPS":0.12112716,"DILUTED_EPS":0.12112716,"OPERATE_INCOME":658995066.87,"OPERATE_INCOME_YOY":7.4590752656,"GROSS_PROFIT":646838304.63,"GROSS_PROFIT_YOY":9.453803221964,"HOLDER_PROFIT":152687208.59,"HOLDER_PROFIT_YOY":10.4441848425,"GROSS_PROFIT_RATIO":98.155257474424,"EPS_TTM":0.219900179571,"OPERATE_INCOME_QOQ":0,"NET_PROFIT_RATIO":23.1697043371,"ROE_AVG":28.885116074792,"GROSS_PROFIT_QOQ":0,"ROA":13.12251256214,"HOLDER_PROFIT_QOQ":0,"ROE_YEARLY":57.770232149584,"ROIC_YEARLY":52.736577794083,"TOTAL_ASSETS":1137584993.37,"TOTAL_LIABILITIES":642221708.1,"TAX_EBT":18.341537147821,"OCF_SALES":40.106440306956,"TOTAL_PARENT_EQUITY":495363285.27,"DEBT_ASSET_RATIO":56.4548329877,"OPERATE_PROFIT":185299778.79,"PRETAX_PROFIT":186982712.21,"NETCASH_OPERATE":264299463.12,"NETCASH_INVEST":172781470.33,"NETCASH_FINANCE":-255468192,"END_CASH":573072781.82,"DIVI_RATIO":0.226718732551,"DIVIDEND_RATE":2.282157676349,"CURRENT_RATIO":1.350247033532,"COMMON_ACS":10000000000,"CURRENTDEBT_DEBT":79.55863231743,"ISSUED_COMMON_SHARES":1256197771,"HK_COMMON_SHARES":1256197771,"PER_SHARES":1000,"TOTAL_MARKET_CAP":3027436628.11,"HKSK_MARKET_CAP":3027436628.11,"PE_TTM":10.430408949874,"PB_TTM":6.6951135774,"REPORT_DATE_SQ":"2022-06-30 00:00:00","REPORT_TYPE_SQ":"2022年中报","OPERATE_INCOME_SQ":604437252,"DPS_HKD":0.055,"OPERATE_INCOME_QOQ_SQ":0,"NET_PROFIT_RATIO_SQ":22.5434685022,"HOLDER_PROFIT_SQ":136261121.52,"HOLDER_PROFIT_QOQ_SQ":0,"ROE_AVG_SQ":27.424150720153,"PE_TTM_SQ":12.585746574766,"PB_TTM_SQ":7.725736482701,"ROA_SQ":11.330480495161,"START_DATE":"2023-04-01 00:00:00","FISCAL_YEAR":"3-31","CURRENCY":"HKD","IS_CNY_CODE":0,"DPS_HKD_LY":0.057,"ORG_TYPE":"一般企业","PREMIUM_INCOME":null,"PREMIUM_INCOME_YOY":null,"NET_INTEREST_INCOME":null,"NET_INTEREST_INCOME_YOY":null,"FEE_COMMISSION_INCOME":null,"FEE_COMMISSION_INCOME_YOY":null,"ACCOUNTS_RECE_TDAYS":11.741079530127,"INVENTORY_TDAYS":1.512328767123,"CURRENT_ASSETS_TDAYS":0.954913626835,"TOTAL_ASSETS_TDAYS":0.566365127979,"PREMIUM_EXPENSE":null,"LOAN_DEPOSIT":null,"LOAN_EQUITY":null,"LOAN_ASSETS":null,"DEPOSIT_EQUITY":null,"DEPOSIT_ASSETS":null,"EQUITY_MULTIPLIER":2.296466103156,"EQUITY_RATIO":1.296466103155},{"SECUCODE":"01830.HK","SECURITY_CODE":"01830","SECURITY_NAME_ABBR":"完美医疗","ORG_CODE":"10188033","STD_REPORT_DATE":"2022-12-31 00:00:00","REPORT_DATE":"2023-03-31 00:00:00","DATE_TYPE_CODE":"001","REPORT_TYPE":"2022年年报","PER_NETCASH_OPERATE":0.390539174185,"PER_OI":0.967876945648,"BPS":0.42667637159,"BASIC_EPS":0.22147873,"DILUTED_EPS":0.22147873,"OPERATE_INCOME":1216172972.01,"OPERATE_INCOME_YOY":2.9104328908,"GROSS_PROFIT":1187723022.42,"GROSS_PROFIT_YOY":10.808354392215,"HOLDER_PROFIT":276312661.58,"HOLDER_PROFIT_YOY":3.4048059755,"GROSS_PROFIT_RATIO":97.660698745592,"EPS_TTM":0.161785431731,"OPERATE_INCOME_QOQ":0,"NET_PROFIT_RATIO":22.7198488981,"ROE_AVG":57.049593371766,"GROSS_PROFIT_QOQ":0,"ROA":24.491860889632,"HOLDER_PROFIT_QOQ":0,"ROE_YEARLY":57.049593371766,"ROIC_YEARLY":42.559749742124,"TOTAL_ASSETS":1134788730.54,"TOTAL_LIABILITIES":598798823.61,"TAX_EBT":19.368204855718,"OCF_SALES":40.350085405118,"TOTAL_PARENT_EQUITY":535989906.93,"DEBT_ASSET_RATIO":52.7674277594,"OPERATE_PROFIT":346718386.24,"PRETAX_PROFIT":342684496.96,"NETCASH_OPERATE":490726832.88,"NETCASH_INVEST":-193519885.42,"NETCASH_FINANCE":-293278107.38,"END_CASH":384473944.13,"DIVI_RATIO":0.308158092274,"DIVIDEND_RATE":2.558139534884,"CURRENT_RATIO":1.444520398014,"COMMON_ACS":10000000000,"CURRENTDEBT_DEBT":76.135966585821,"ISSUED_COMMON_SHARES":1256197771,"HK_COMMON_SHARES":1256197771,"PER_SHARES":1000,"TOTAL_MARKET_CAP":2700825207.65,"HKSK_MARKET_CAP":2700825207.65,"PE_TTM":9.305136615033,"PB_TTM":5.97281916656,"REPORT_DATE_SQ":"2021-12-31 00:00:00","REPORT_TYPE_SQ":"2021年年报","OPERATE_INCOME_SQ":1094839980.71,"DPS_HKD":0.055,"OPERATE_INCOME_QOQ_SQ":0,"NET_PROFIT_RATIO_SQ":22.6112264634,"HOLDER_PROFIT_SQ":247556747.45,"HOLDER_PROFIT_QOQ_SQ":0,"ROE_AVG_SQ":51.775359952778,"PE_TTM_SQ":12.055022321613,"PB_TTM_SQ":7.399952414153,"ROA_SQ":22.106651766914,"START_DATE":"2022-04-01 00:00:00","FISCAL_YEAR":"3-31","CURRENCY":"HKD","IS_CNY_CODE":0,"DPS_HKD_LY":0.201,"ORG_TYPE":"一般企业","PREMIUM_INCOME":null,"PREMIUM_INCOME_YOY":null,"NET_INTEREST_INCOME":null,"NET_INTEREST_INCOME_YOY":null,"FEE_COMMISSION_INCOME":null,"FEE_COMMISSION_INCOME_YOY":null,"ACCOUNTS_RECE_TDAYS":43.023164349199,"INVENTORY_TDAYS":4.397699594046,"CURRENT_ASSETS_TDAYS":2.20451133785,"TOTAL_ASSETS_TDAYS":1.077994004251,"PREMIUM_EXPENSE":null,"LOAN_DEPOSIT":null,"LOAN_EQUITY":null,"LOAN_ASSETS":null,"DEPOSIT_EQUITY":null,"DEPOSIT_ASSETS":null,"EQUITY_MULTIPLIER":2.117183021297,"EQUITY_RATIO":1.117183021299},{"SECUCODE":"01830.HK","SECURITY_CODE":"01830","SECURITY_NAME_ABBR":"完美医疗","ORG_CODE":"10188033","STD_REPORT_DATE":"2022-06-30 00:00:00","REPORT_DATE":"2022-09-30 00:00:00","DATE_TYPE_CODE":"002","REPORT_TYPE":"2022年中报","PER_NETCASH_OPERATE":0.214839200499,"PER_OI":0.480460719379,"BPS":0.435199703885,"BASIC_EPS":0.10943724,"DILUTED_EPS":0.10943724,"OPERATE_INCOME":604437252,"OPERATE_INCOME_YOY":-16.633817505,"GROSS_PROFIT":590969235.96,"GROSS_PROFIT_YOY":-9.766979533631,"HOLDER_PROFIT":136261121.52,"HOLDER_PROFIT_YOY":-30.3843559104,"GROSS_PROFIT_RATIO":97.771809067784,"EPS_TTM":0.199648028587,"OPERATE_INCOME_QOQ":0,"NET_PROFIT_RATIO":22.5434685022,"ROE_AVG":27.424150720153,"GROSS_PROFIT_QOQ":0,"ROA":11.330480495161,"HOLDER_PROFIT_QOQ":0,"ROE_YEARLY":54.848301440306,"ROIC_YEARLY":37.936480857447,"TOTAL_ASSETS":1246445846.04,"TOTAL_LIABILITIES":699748948.08,"TAX_EBT":16.728571112732,"OCF_SALES":44.715247643274,"TOTAL_PARENT_EQUITY":546696897.96,"DEBT_ASSET_RATIO":56.1395386974,"OPERATE_PROFIT":169171884.24,"PRETAX_PROFIT":163634902.56,"NETCASH_OPERATE":270275614.08,"NETCASH_INVEST":-63348786.48,"NETCASH_FINANCE":-85328487.36,"END_CASH":511717680.96,"DIVI_RATIO":0.249716916079,"DIVIDEND_RATE":2.282157676349,"CURRENT_RATIO":1.351432834857,"COMMON_ACS":10000000000,"CURRENTDEBT_DEBT":72.066559645953,"ISSUED_COMMON_SHARES":1256197771,"HK_COMMON_SHARES":1256197771,"PER_SHARES":1000,"TOTAL_MARKET_CAP":3027436628.11,"HKSK_MARKET_CAP":3027436628.11,"PE_TTM":10.430408949874,"PB_TTM":6.6951135774,"REPORT_DATE_SQ":"2021-06-30 00:00:00","REPORT_TYPE_SQ":"2021年中报","OPERATE_INCOME_SQ":667817550.64,"DPS_HKD":0.055,"OPERATE_INCOME_QOQ_SQ":0,"NET_PROFIT_RATIO_SQ":26.9962726597,"HOLDER_PROFIT_SQ":180285846.84,"HOLDER_PROFIT_QOQ_SQ":0,"ROE_AVG_SQ":28.193149664153,"PE_TTM_SQ":12.585746574766,"PB_TTM_SQ":7.725736482701,"ROA_SQ":13.394417167017,"START_DATE":"2022-04-01 00:00:00","FISCAL_YEAR":"3-31","CURRENCY":"HKD","IS_CNY_CODE":0,"DPS_HKD_LY":0.201,"ORG_TYPE":"一般企业","PREMIUM_INCOME":null,"PREMIUM_INCOME_YOY":null,"NET_INTEREST_INCOME":null,"NET_INTEREST_INCOME_YOY":null,"FEE_COMMISSION_INCOME":null,"FEE_COMMISSION_INCOME_YOY":null,"ACCOUNTS_RECE_TDAYS":18.603421158851,"INVENTORY_TDAYS":2.217902889485,"CURRENT_ASSETS_TDAYS":1.059442441267,"TOTAL_ASSETS_TDAYS":0.502605909737,"PREMIUM_EXPENSE":null,"LOAN_DEPOSIT":null,"LOAN_EQUITY":null,"LOAN_ASSETS":null,"DEPOSIT_EQUITY":null,"DEPOSIT_ASSETS":null,"EQUITY_MULTIPLIER":2.279957780427,"EQUITY_RATIO":1.279957780428},{"SECUCODE":"01830.HK","SECURITY_CODE":"01830","SECURITY_NAME_ABBR":"完美医疗","ORG_CODE":"10188033","STD_REPORT_DATE":"2021-12-31 00:00:00","REPORT_DATE":"2022-03-31 00:00:00","DATE_TYPE_CODE":"001","REPORT_TYPE":"2021年年报","PER_NETCASH_OPERATE":0.336117294798,"PER_OI":0.882959749708,"BPS":0.319101560211,"BASIC_EPS":0.20113048,"DILUTED_EPS":0.20113048,"OPERATE_INCOME":1094839980.71,"OPERATE_INCOME_YOY":23.8769169218,"GROSS_PROFIT":1071871366.5,"GROSS_PROFIT_YOY":18.319908457363,"HOLDER_PROFIT":247556747.45,"HOLDER_PROFIT_YOY":7.2412290872,"GROSS_PROFIT_RATIO":97.902103082214,"EPS_TTM":0.243287032135,"OPERATE_INCOME_QOQ":0,"NET_PROFIT_RATIO":22.6112264634,"ROE_AVG":51.775359952778,"GROSS_PROFIT_QOQ":0,"ROA":22.106651766914,"HOLDER_PROFIT_QOQ":0,"ROE_YEARLY":51.775359952778,"ROIC_YEARLY":33.419149787576,"TOTAL_ASSETS":1039065200.99,"TOTAL_LIABILITIES":638210532.33,"TAX_EBT":19.280026867432,"OCF_SALES":38.067114034302,"TOTAL_PARENT_EQUITY":400854668.66,"DEBT_ASSET_RATIO":61.4216058551,"OPERATE_PROFIT":318323047.02,"PRETAX_PROFIT":306685864.53,"NETCASH_OPERATE":416773983.95,"NETCASH_INVEST":8170114.74,"NETCASH_FINANCE":-459008951.72,"END_CASH":360574234.99,"DIVI_RATIO":0.204924568163,"DIVIDEND_RATE":2.558139534884,"CURRENT_RATIO":0.971688551113,"COMMON_ACS":10000000000,"CURRENTDEBT_DEBT":66.447588295319,"ISSUED_COMMON_SHARES":1256197771,"HK_COMMON_SHARES":1256197771,"PER_SHARES":1000,"TOTAL_MARKET_CAP":2700825207.65,"HKSK_MARKET_CAP":2700825207.65,"PE_TTM":9.305136615033,"PB_TTM":5.97281916656,"REPORT_DATE_SQ":"2020-12-31 00:00:00","REPORT_TYPE_SQ":"2020年年报","OPERATE_INCOME_SQ":921050118.24,"DPS_HKD":0.055,"OPERATE_INCOME_QOQ_SQ":0,"NET_PROFIT_RATIO_SQ":26.1187702337,"HOLDER_PROFIT_SQ":240566964.12,"HOLDER_PROFIT_QOQ_SQ":0,"ROE_AVG_SQ":41.739994999424,"PE_TTM_SQ":12.055022321613,"PB_TTM_SQ":7.399952414153,"ROA_SQ":20.480124564148,"START_DATE":"2021-04-01 00:00:00","FISCAL_YEAR":"3-31","CURRENCY":"HKD","IS_CNY_CODE":0,"DPS_HKD_LY":0.307,"ORG_TYPE":"一般企业","PREMIUM_INCOME":null,"PREMIUM_INCOME_YOY":null,"NET_INTEREST_INCOME":null,"NET_INTEREST_INCOME_YOY":null,"FEE_COMMISSION_INCOME":null,"FEE_COMMISSION_INCOME_YOY":null,"ACCOUNTS_RECE_TDAYS":29.085740140261,"INVENTORY_TDAYS":6.53234921001,"CURRENT_ASSETS_TDAYS":2.323708098125,"TOTAL_ASSETS_TDAYS":0.977684771001,"PREMIUM_EXPENSE":null,"LOAN_DEPOSIT":null,"LOAN_EQUITY":null,"LOAN_ASSETS":null,"DEPOSIT_EQUITY":null,"DEPOSIT_ASSETS":null,"EQUITY_MULTIPLIER":2.592124483575,"EQUITY_RATIO":1.592124483578},{"SECUCODE":"01830.HK","SECURITY_CODE":"01830","SECURITY_NAME_ABBR":"完美医疗","ORG_CODE":"10188033","STD_REPORT_DATE":"2021-06-30 00:00:00","REPORT_DATE":"2021-09-30 00:00:00","DATE_TYPE_CODE":"002","REPORT_TYPE":"2021年中报","PER_NETCASH_OPERATE":0.244880194967,"PER_OI":0.546284361483,"BPS":0.563935934273,"BASIC_EPS":0.14745162,"DILUTED_EPS":0.14745162,"OPERATE_INCOME":667817550.64,"OPERATE_INCOME_YOY":57.2446043307,"GROSS_PROFIT":654936776.92,"GROSS_PROFIT_YOY":48.031939755612,"HOLDER_PROFIT":180285846.84,"HOLDER_PROFIT_YOY":59.5561617577,"GROSS_PROFIT_RATIO":98.071213655937,"EPS_TTM":0.1967204548,"OPERATE_INCOME_QOQ":0,"NET_PROFIT_RATIO":26.9962726597,"ROE_AVG":28.193149664153,"GROSS_PROFIT_QOQ":0,"ROA":13.394417167017,"HOLDER_PROFIT_QOQ":0,"ROE_YEARLY":56.386299328307,"ROIC_YEARLY":41.222990235412,"TOTAL_ASSETS":1458719716.28,"TOTAL_LIABILITIES":750304652.66,"TAX_EBT":19.171901727757,"OCF_SALES":44.826506529083,"TOTAL_PARENT_EQUITY":708415063.62,"DEBT_ASSET_RATIO":51.4358340596,"OPERATE_PROFIT":228937383.9,"PRETAX_PROFIT":223048482.76,"NETCASH_OPERATE":299359277.94,"NETCASH_INVEST":-101345081.24,"NETCASH_FINANCE":-67302917.4,"END_CASH":534216386.2,"DIVI_RATIO":0.253433177809,"DIVIDEND_RATE":2.282157676349,"CURRENT_RATIO":1.359949648932,"COMMON_ACS":10000000000,"CURRENTDEBT_DEBT":67.917340708657,"ISSUED_COMMON_SHARES":1256197771,"HK_COMMON_SHARES":1256197771,"PER_SHARES":1000,"TOTAL_MARKET_CAP":3027436628.11,"HKSK_MARKET_CAP":3027436628.11,"PE_TTM":10.430408949874,"PB_TTM":6.6951135774,"REPORT_DATE_SQ":"2020-06-30 00:00:00","REPORT_TYPE_SQ":"2020年中报","OPERATE_INCOME_SQ":447977607.04,"DPS_HKD":0.055,"OPERATE_INCOME_QOQ_SQ":0,"NET_PROFIT_RATIO_SQ":26.6051662688,"HOLDER_PROFIT_SQ":119185187.2,"HOLDER_PROFIT_QOQ_SQ":0,"ROE_AVG_SQ":17.884703755544,"PE_TTM_SQ":12.585746574766,"PB_TTM_SQ":7.725736482701,"ROA_SQ":9.621120713198,"START_DATE":"2021-04-01 00:00:00","FISCAL_YEAR":"3-31","CURRENCY":"HKD","IS_CNY_CODE":0,"DPS_HKD_LY":0.307,"ORG_TYPE":"一般企业","PREMIUM_INCOME":null,"PREMIUM_INCOME_YOY":null,"NET_INTEREST_INCOME":null,"NET_INTEREST_INCOME_YOY":null,"FEE_COMMISSION_INCOME":null,"FEE_COMMISSION_INCOME_YOY":null,"ACCOUNTS_RECE_TDAYS":10.691794204928,"INVENTORY_TDAYS":4.364714184898,"CURRENT_ASSETS_TDAYS":1.079142898489,"TOTAL_ASSETS_TDAYS":0.496158019141,"PREMIUM_EXPENSE":null,"LOAN_DEPOSIT":null,"LOAN_EQUITY":null,"LOAN_ASSETS":null,"DEPOSIT_EQUITY":null,"DEPOSIT_ASSETS":null,"EQUITY_MULTIPLIER":2.059131420536,"EQUITY_RATIO":1.059131420535},{"SECUCODE":"01830.HK","SECURITY_CODE":"01830","SECURITY_NAME_ABBR":"完美医疗","ORG_CODE":"10188033","STD_REPORT_DATE":"2020-12-31 00:00:00","REPORT_DATE":"2021-03-31 00:00:00","DATE_TYPE_CODE":"001","REPORT_TYPE":"2020年年报","PER_NETCASH_OPERATE":0.413203908416,"PER_OI":0.75317655862,"BPS":0.46077058949,"BASIC_EPS":0.20537874,"DILUTED_EPS":0.20537874,"OPERATE_INCOME":921050118.24,"OPERATE_INCOME_YOY":-12.1827632056,"GROSS_PROFIT":905909563.72,"GROSS_PROFIT_YOY":-19.12819697282,"HOLDER_PROFIT":240566964.12,"HOLDER_PROFIT_YOY":-20.969466094,"GROSS_PROFIT_RATIO":98.356163880753,"EPS_TTM":0.187255669578,"OPERATE_INCOME_QOQ":0,"NET_PROFIT_RATIO":26.1187702337,"ROE_AVG":41.739994999424,"GROSS_PROFIT_QOQ":0,"ROA":20.480124564148,"HOLDER_PROFIT_QOQ":0,"ROE_YEARLY":41.739994999424,"ROIC_YEARLY":34.398562345687,"TOTAL_ASSETS":1251177426.24,"TOTAL_LIABILITIES":672358438.78,"TAX_EBT":20.528813937905,"OCF_SALES":54.861493455488,"TOTAL_PARENT_EQUITY":578818987.46,"DEBT_ASSET_RATIO":53.7380570237,"OPERATE_PROFIT":309244600.56,"PRETAX_PROFIT":302709668.8,"NETCASH_OPERATE":505301850.34,"NETCASH_INVEST":-252072399.46,"NETCASH_FINANCE":-333349979.34,"END_CASH":413946344.14,"DIVI_RATIO":0.266242886596,"DIVIDEND_RATE":2.558139534884,"CURRENT_RATIO":1.168598790323,"COMMON_ACS":10000000000,"CURRENTDEBT_DEBT":70.329758736727,"ISSUED_COMMON_SHARES":1256197771,"HK_COMMON_SHARES":1256197771,"PER_SHARES":1000,"TOTAL_MARKET_CAP":2700825207.65,"HKSK_MARKET_CAP":2700825207.65,"PE_TTM":9.305136615033,"PB_TTM":5.97281916656,"REPORT_DATE_SQ":"2019-12-31 00:00:00","REPORT_TYPE_SQ":"2019年年报","OPERATE_INCOME_SQ":1133856015,"DPS_HKD":0.055,"OPERATE_INCOME_QOQ_SQ":0,"NET_PROFIT_RATIO_SQ":29.0226842339,"HOLDER_PROFIT_SQ":329075450.9,"HOLDER_PROFIT_QOQ_SQ":0,"ROE_AVG_SQ":58.102021391582,"PE_TTM_SQ":12.055022321613,"PB_TTM_SQ":7.399952414153,"ROA_SQ":33.430254279412,"START_DATE":"2020-04-01 00:00:00","FISCAL_YEAR":"3-31","CURRENCY":"HKD","IS_CNY_CODE":0,"DPS_HKD_LY":0.18,"ORG_TYPE":"一般企业","PREMIUM_INCOME":null,"PREMIUM_INCOME_YOY":null,"NET_INTEREST_INCOME":null,"NET_INTEREST_INCOME_YOY":null,"FEE_COMMISSION_INCOME":null,"FEE_COMMISSION_INCOME_YOY":null,"ACCOUNTS_RECE_TDAYS":14.2778083484,"INVENTORY_TDAYS":7.819292885203,"CURRENT_ASSETS_TDAYS":1.511811285785,"TOTAL_ASSETS_TDAYS":0.784115193056,"PREMIUM_EXPENSE":null,"LOAN_DEPOSIT":null,"LOAN_EQUITY":null,"LOAN_ASSETS":null,"DEPOSIT_EQUITY":null,"DEPOSIT_ASSETS":null,"EQUITY_MULTIPLIER":2.161603978701,"EQUITY_RATIO":1.161603978699},{"SECUCODE":"01830.HK","SECURITY_CODE":"01830","SECURITY_NAME_ABBR":"完美医疗","ORG_CODE":"10188033","STD_REPORT_DATE":"2020-06-30 00:00:00","REPORT_DATE":"2020-09-30 00:00:00","DATE_TYPE_CODE":"002","REPORT_TYPE":"2020年中报","PER_NETCASH_OPERATE":0.26787965583,"PER_OI":0.399845772348,"BPS":0.586030054339,"BASIC_EPS":0.10632512,"DILUTED_EPS":0.10632512,"OPERATE_INCOME":447977607.04,"OPERATE_INCOME_YOY":-27.9988531948,"GROSS_PROFIT":442429368.96,"GROSS_PROFIT_YOY":-30.087110336249,"HOLDER_PROFIT":119185187.2,"HOLDER_PROFIT_YOY":-44.1553201388,"GROSS_PROFIT_RATIO":98.761492094067,"EPS_TTM":0.294998414097,"OPERATE_INCOME_QOQ":0,"NET_PROFIT_RATIO":26.6051662688,"ROE_AVG":17.884703755544,"GROSS_PROFIT_QOQ":0,"ROA":9.621120713198,"HOLDER_PROFIT_QOQ":0,"ROE_YEARLY":35.769407511088,"ROIC_YEARLY":41.453334627142,"TOTAL_ASSETS":1335902199.04,"TOTAL_LIABILITIES":599732551.04,"TAX_EBT":20.256453974096,"OCF_SALES":66.995745448768,"TOTAL_PARENT_EQUITY":736169648,"DEBT_ASSET_RATIO":44.8934473999,"OPERATE_PROFIT":150869194.24,"PRETAX_PROFIT":149460606.08,"NETCASH_OPERATE":300125937.28,"NETCASH_INVEST":-15657032.96,"NETCASH_FINANCE":-37874589.44,"END_CASH":747624641.92,"DIVI_RATIO":0.169002569565,"DIVIDEND_RATE":2.282157676349,"CURRENT_RATIO":2.118783628214,"COMMON_ACS":10000000000,"CURRENTDEBT_DEBT":71.781827878688,"ISSUED_COMMON_SHARES":1256197771,"HK_COMMON_SHARES":1256197771,"PER_SHARES":1000,"TOTAL_MARKET_CAP":3027436628.11,"HKSK_MARKET_CAP":3027436628.11,"PE_TTM":10.430408949874,"PB_TTM":6.6951135774,"REPORT_DATE_SQ":"2019-06-30 00:00:00","REPORT_TYPE_SQ":"2019年中报","OPERATE_INCOME_SQ":638671788.54,"DPS_HKD":0.055,"OPERATE_INCOME_QOQ_SQ":0,"NET_PROFIT_RATIO_SQ":34.3023272236,"HOLDER_PROFIT_SQ":219079286.79,"HOLDER_PROFIT_QOQ_SQ":0,"ROE_AVG_SQ":41.825355003806,"PE_TTM_SQ":12.585746574766,"PB_TTM_SQ":7.725736482701,"ROA_SQ":24.128543037509,"START_DATE":"2020-04-01 00:00:00","FISCAL_YEAR":"3-31","CURRENCY":"HKD","IS_CNY_CODE":0,"DPS_HKD_LY":0.18,"ORG_TYPE":"一般企业","PREMIUM_INCOME":null,"PREMIUM_INCOME_YOY":null,"NET_INTEREST_INCOME":null,"NET_INTEREST_INCOME_YOY":null,"FEE_COMMISSION_INCOME":null,"FEE_COMMISSION_INCOME_YOY":null,"ACCOUNTS_RECE_TDAYS":7.199901140416,"INVENTORY_TDAYS":2.612329333885,"CURRENT_ASSETS_TDAYS":0.558423029759,"TOTAL_ASSETS_TDAYS":0.361626032177,"PREMIUM_EXPENSE":null,"LOAN_DEPOSIT":null,"LOAN_EQUITY":null,"LOAN_ASSETS":null,"DEPOSIT_EQUITY":null,"DEPOSIT_ASSETS":null,"EQUITY_MULTIPLIER":1.814666229,"EQUITY_RATIO":0.814666228999}],"count":30},"success":true,"message":"ok","code":0}