{"version":"fccb62afbf8367e95f239f4fa7d7b36d","result":{"pages":2,"data":[{"SECUCODE":"01837.HK","SECURITY_CODE":"01837","SECURITY_NAME_ABBR":"五谷磨房","ORG_CODE":"10944752","STD_REPORT_DATE":"2024-06-30 00:00:00","REPORT_DATE":"2024-06-30 00:00:00","DATE_TYPE_CODE":"002","REPORT_TYPE":"2024年中报","PER_NETCASH_OPERATE":0.064958231933,"PER_OI":0.45345060621,"BPS":0.647462159255,"BASIC_EPS":0.042,"DILUTED_EPS":0.042,"OPERATE_INCOME":992383000,"OPERATE_INCOME_YOY":13.5640662674,"GROSS_PROFIT":650013000,"GROSS_PROFIT_YOY":16.386955610903,"HOLDER_PROFIT":90149000,"HOLDER_PROFIT_YOY":8.3912468438,"GROSS_PROFIT_RATIO":65.500215138712,"EPS_TTM":0.072813790545,"OPERATE_INCOME_QOQ":6.423432821666,"NET_PROFIT_RATIO":9.0840935405,"ROE_AVG":6.410032612247,"GROSS_PROFIT_QOQ":7.746190384296,"ROA":5.380717598126,"HOLDER_PROFIT_QOQ":4.580147662018,"ROE_YEARLY":12.820065224494,"ROIC_YEARLY":25.579082519348,"TOTAL_ASSETS":1669461000,"TOTAL_LIABILITIES":252481000,"TAX_EBT":14.780923571395,"OCF_SALES":14.32531593145,"TOTAL_PARENT_EQUITY":1416980000,"DEBT_ASSET_RATIO":15.1235039333,"OPERATE_PROFIT":105894000,"PRETAX_PROFIT":105785000,"NETCASH_OPERATE":142162000,"NETCASH_INVEST":89732000,"NETCASH_FINANCE":-73890000,"END_CASH":999116000,"DIVI_RATIO":0.443067607917,"DIVIDEND_RATE":6.357142857143,"CURRENT_RATIO":5.604535455711,"COMMON_ACS":3000000000,"CURRENTDEBT_DEBT":91.466684621813,"ISSUED_COMMON_SHARES":2188514000,"HK_COMMON_SHARES":2188514000,"PER_SHARES":2000,"TOTAL_MARKET_CAP":1225567840,"HKSK_MARKET_CAP":1225567840,"PE_TTM":6.93549856844,"PB_TTM":0.789390997905,"REPORT_DATE_SQ":"2023-06-30 00:00:00","REPORT_TYPE_SQ":"2023年中报","OPERATE_INCOME_SQ":873853000,"DPS_HKD":0.0356,"OPERATE_INCOME_QOQ_SQ":1.945349647543,"NET_PROFIT_RATIO_SQ":9.5176190961,"HOLDER_PROFIT_SQ":83170000,"HOLDER_PROFIT_QOQ_SQ":26.459274269719,"ROE_AVG_SQ":6.484479584844,"PE_TTM_SQ":5.699081026857,"PB_TTM_SQ":0.630957194006,"ROA_SQ":5.381341168425,"START_DATE":"2024-01-01 00:00:00","FISCAL_YEAR":"12-31","CURRENCY":"HKD","IS_CNY_CODE":0,"DPS_HKD_LY":0.0356,"ORG_TYPE":"一般企业","PREMIUM_INCOME":null,"PREMIUM_INCOME_YOY":null,"NET_INTEREST_INCOME":null,"NET_INTEREST_INCOME_YOY":null,"FEE_COMMISSION_INCOME":null,"FEE_COMMISSION_INCOME_YOY":null,"ACCOUNTS_RECE_TDAYS":4.863633133456,"INVENTORY_TDAYS":4.212695795548,"CURRENT_ASSETS_TDAYS":0.763330729626,"TOTAL_ASSETS_TDAYS":0.592323006598,"PREMIUM_EXPENSE":null,"LOAN_DEPOSIT":null,"LOAN_EQUITY":null,"LOAN_ASSETS":null,"DEPOSIT_EQUITY":null,"DEPOSIT_ASSETS":null,"EQUITY_MULTIPLIER":1.178182472582,"EQUITY_RATIO":0.178182472583},{"SECUCODE":"01837.HK","SECURITY_CODE":"01837","SECURITY_NAME_ABBR":"五谷磨房","ORG_CODE":"10944752","STD_REPORT_DATE":"2023-12-31 00:00:00","REPORT_DATE":"2023-12-31 00:00:00","DATE_TYPE_CODE":"001","REPORT_TYPE":"2023年年报","PER_NETCASH_OPERATE":0.084932972784,"PER_OI":0.843163443323,"BPS":0.637769280891,"BASIC_EPS":0.071,"DILUTED_EPS":0.07,"OPERATE_INCOME":1845275000,"OPERATE_INCOME_YOY":7.3412197497,"GROSS_PROFIT":1181484000,"GROSS_PROFIT_YOY":7.565660097015,"HOLDER_PROFIT":152375000,"HOLDER_PROFIT_YOY":30.8366677543,"GROSS_PROFIT_RATIO":64.027529771985,"EPS_TTM":0.069624868747,"OPERATE_INCOME_QOQ":5.292904601156,"NET_PROFIT_RATIO":8.2575767839,"ROE_AVG":11.570637651292,"GROSS_PROFIT_QOQ":6.051336184147,"ROA":9.522812565425,"HOLDER_PROFIT_QOQ":3.461504511906,"ROE_YEARLY":11.570637651292,"ROIC_YEARLY":20.634409053546,"TOTAL_ASSETS":1681356000,"TOTAL_LIABILITIES":285589000,"TAX_EBT":18.048877558704,"OCF_SALES":10.073132730894,"TOTAL_PARENT_EQUITY":1395767000,"DEBT_ASSET_RATIO":16.9856354038,"OPERATE_PROFIT":186348000,"PRETAX_PROFIT":185934000,"NETCASH_OPERATE":185877000,"NETCASH_INVEST":-121128000,"NETCASH_FINANCE":-7089000,"END_CASH":840471000,"DIVI_RATIO":0.463360758602,"DIVIDEND_RATE":6.716981132075,"CURRENT_RATIO":4.794397327165,"COMMON_ACS":3000000000,"CURRENTDEBT_DEBT":95.371320323962,"ISSUED_COMMON_SHARES":2188514000,"HK_COMMON_SHARES":2188514000,"PER_SHARES":2000,"TOTAL_MARKET_CAP":1159912420,"HKSK_MARKET_CAP":1159912420,"PE_TTM":6.563954002273,"PB_TTM":0.747102194446,"REPORT_DATE_SQ":"2022-12-31 00:00:00","REPORT_TYPE_SQ":"2022年年报","OPERATE_INCOME_SQ":1719074000,"DPS_HKD":0.0356,"OPERATE_INCOME_QOQ_SQ":1.31067623586,"NET_PROFIT_RATIO_SQ":6.7746938177,"HOLDER_PROFIT_SQ":116462000,"HOLDER_PROFIT_QOQ_SQ":15.475836357507,"ROE_AVG_SQ":9.860076688168,"PE_TTM_SQ":6.317053668324,"PB_TTM_SQ":0.699374239139,"ROA_SQ":7.985335100965,"START_DATE":"2023-01-01 00:00:00","FISCAL_YEAR":"12-31","CURRENCY":"HKD","IS_CNY_CODE":0,"DPS_HKD_LY":null,"ORG_TYPE":"一般企业","PREMIUM_INCOME":null,"PREMIUM_INCOME_YOY":null,"NET_INTEREST_INCOME":null,"NET_INTEREST_INCOME_YOY":null,"FEE_COMMISSION_INCOME":null,"FEE_COMMISSION_INCOME_YOY":null,"ACCOUNTS_RECE_TDAYS":9.014511444769,"INVENTORY_TDAYS":7.571472567583,"CURRENT_ASSETS_TDAYS":1.530608647687,"TOTAL_ASSETS_TDAYS":1.153221194859,"PREMIUM_EXPENSE":null,"LOAN_DEPOSIT":null,"LOAN_EQUITY":null,"LOAN_ASSETS":null,"DEPOSIT_EQUITY":null,"DEPOSIT_ASSETS":null,"EQUITY_MULTIPLIER":1.204610798221,"EQUITY_RATIO":0.204610798221},{"SECUCODE":"01837.HK","SECURITY_CODE":"01837","SECURITY_NAME_ABBR":"五谷磨房","ORG_CODE":"10944752","STD_REPORT_DATE":"2023-06-30 00:00:00","REPORT_DATE":"2023-06-30 00:00:00","DATE_TYPE_CODE":"002","REPORT_TYPE":"2023年中报","PER_NETCASH_OPERATE":0.046914481699,"PER_OI":0.399290568852,"BPS":0.606414672239,"BASIC_EPS":0.039,"DILUTED_EPS":0.039,"OPERATE_INCOME":873853000,"OPERATE_INCOME_YOY":3.9792434892,"GROSS_PROFIT":558493000,"GROSS_PROFIT_YOY":2.889414140149,"HOLDER_PROFIT":83170000,"HOLDER_PROFIT_YOY":58.8577977271,"GROSS_PROFIT_RATIO":63.911550340847,"EPS_TTM":0.067295434254,"OPERATE_INCOME_QOQ":1.945349647543,"NET_PROFIT_RATIO":9.5176190961,"ROE_AVG":6.484479584844,"GROSS_PROFIT_QOQ":1.427915920115,"ROA":5.381341168425,"HOLDER_PROFIT_QOQ":26.459274269719,"ROE_YEARLY":12.968959169687,"ROIC_YEARLY":23.27598993622,"TOTAL_ASSETS":1572197000,"TOTAL_LIABILITIES":245050000,"TAX_EBT":17.636340229157,"OCF_SALES":11.749459005119,"TOTAL_PARENT_EQUITY":1327147000,"DEBT_ASSET_RATIO":15.5864691257,"OPERATE_PROFIT":101184000,"PRETAX_PROFIT":100979000,"NETCASH_OPERATE":102673000,"NETCASH_INVEST":-3752000,"NETCASH_FINANCE":-3265000,"END_CASH":880430000,"DIVI_RATIO":0.479400012168,"DIVIDEND_RATE":6.716981132075,"CURRENT_RATIO":5.085433378902,"COMMON_ACS":3000000000,"CURRENTDEBT_DEBT":94.925117322995,"ISSUED_COMMON_SHARES":2188514000,"HK_COMMON_SHARES":2188514000,"PER_SHARES":2000,"TOTAL_MARKET_CAP":1159912420,"HKSK_MARKET_CAP":1159912420,"PE_TTM":6.563954002273,"PB_TTM":0.747102194446,"REPORT_DATE_SQ":"2022-06-30 00:00:00","REPORT_TYPE_SQ":"2022年中报","OPERATE_INCOME_SQ":840411000,"DPS_HKD":0.0356,"OPERATE_INCOME_QOQ_SQ":5.372341680732,"NET_PROFIT_RATIO_SQ":6.2296899969,"HOLDER_PROFIT_SQ":52355000,"HOLDER_PROFIT_QOQ_SQ":16.552449411194,"ROE_AVG_SQ":4.551017818119,"PE_TTM_SQ":6.317053668324,"PB_TTM_SQ":0.699374239139,"ROA_SQ":3.708227547977,"START_DATE":"2023-01-01 00:00:00","FISCAL_YEAR":"12-31","CURRENCY":"HKD","IS_CNY_CODE":0,"DPS_HKD_LY":null,"ORG_TYPE":"一般企业","PREMIUM_INCOME":null,"PREMIUM_INCOME_YOY":null,"NET_INTEREST_INCOME":null,"NET_INTEREST_INCOME_YOY":null,"FEE_COMMISSION_INCOME":null,"FEE_COMMISSION_INCOME_YOY":null,"ACCOUNTS_RECE_TDAYS":4.782745286917,"INVENTORY_TDAYS":4.310758442517,"CURRENT_ASSETS_TDAYS":0.763771392911,"TOTAL_ASSETS_TDAYS":0.565408335223,"PREMIUM_EXPENSE":null,"LOAN_DEPOSIT":null,"LOAN_EQUITY":null,"LOAN_ASSETS":null,"DEPOSIT_EQUITY":null,"DEPOSIT_ASSETS":null,"EQUITY_MULTIPLIER":1.184644202941,"EQUITY_RATIO":0.184644202941},{"SECUCODE":"01837.HK","SECURITY_CODE":"01837","SECURITY_NAME_ABBR":"五谷磨房","ORG_CODE":"10944752","STD_REPORT_DATE":"2022-12-31 00:00:00","REPORT_DATE":"2022-12-31 00:00:00","DATE_TYPE_CODE":"001","REPORT_TYPE":"2022年年报","PER_NETCASH_OPERATE":0.077003848273,"PER_OI":0.785498287879,"BPS":0.565705771131,"BASIC_EPS":0.054,"DILUTED_EPS":0.053,"OPERATE_INCOME":1719074000,"OPERATE_INCOME_YOY":6.7534319223,"GROSS_PROFIT":1098384000,"GROSS_PROFIT_YOY":-3.519007489156,"HOLDER_PROFIT":116462000,"HOLDER_PROFIT_YOY":34.5899157527,"GROSS_PROFIT_RATIO":63.893933594482,"EPS_TTM":0.053215103947,"OPERATE_INCOME_QOQ":1.31067623586,"NET_PROFIT_RATIO":6.7746938177,"ROE_AVG":9.860076688168,"GROSS_PROFIT_QOQ":-4.186242884085,"ROA":7.985335100965,"HOLDER_PROFIT_QOQ":15.475836357507,"ROE_YEARLY":9.860076688168,"ROIC_YEARLY":15.637258357418,"TOTAL_ASSETS":1518854000,"TOTAL_LIABILITIES":280799000,"TAX_EBT":15.147938478576,"OCF_SALES":9.80318473783,"TOTAL_PARENT_EQUITY":1238055000,"DEBT_ASSET_RATIO":18.4875570661,"OPERATE_PROFIT":137900000,"PRETAX_PROFIT":137253000,"NETCASH_OPERATE":168524000,"NETCASH_INVEST":-18611000,"NETCASH_FINANCE":-25063000,"END_CASH":781337000,"DIVI_RATIO":0.606245776236,"DIVIDEND_RATE":6.716981132075,"CURRENT_RATIO":4.15389847834,"COMMON_ACS":3000000000,"CURRENTDEBT_DEBT":94.762089608581,"ISSUED_COMMON_SHARES":2188514000,"HK_COMMON_SHARES":2188514000,"PER_SHARES":2000,"TOTAL_MARKET_CAP":1159912420,"HKSK_MARKET_CAP":1159912420,"PE_TTM":6.563954002273,"PB_TTM":0.747102194446,"REPORT_DATE_SQ":"2021-12-31 00:00:00","REPORT_TYPE_SQ":"2021年年报","OPERATE_INCOME_SQ":1610322000,"DPS_HKD":0.0356,"OPERATE_INCOME_QOQ_SQ":1.7828022724,"NET_PROFIT_RATIO_SQ":5.373521569,"HOLDER_PROFIT_SQ":86531000,"HOLDER_PROFIT_QOQ_SQ":13.975053015635,"ROE_AVG_SQ":7.867430822097,"PE_TTM_SQ":6.317053668324,"PB_TTM_SQ":0.699374239139,"ROA_SQ":6.371571031004,"START_DATE":"2022-01-01 00:00:00","FISCAL_YEAR":"12-31","CURRENCY":"HKD","IS_CNY_CODE":0,"DPS_HKD_LY":null,"ORG_TYPE":"一般企业","PREMIUM_INCOME":null,"PREMIUM_INCOME_YOY":null,"NET_INTEREST_INCOME":null,"NET_INTEREST_INCOME_YOY":null,"FEE_COMMISSION_INCOME":null,"FEE_COMMISSION_INCOME_YOY":null,"ACCOUNTS_RECE_TDAYS":9.338378049509,"INVENTORY_TDAYS":7.605842636048,"CURRENT_ASSETS_TDAYS":1.660291383565,"TOTAL_ASSETS_TDAYS":1.178700516336,"PREMIUM_EXPENSE":null,"LOAN_DEPOSIT":null,"LOAN_EQUITY":null,"LOAN_ASSETS":null,"DEPOSIT_EQUITY":null,"DEPOSIT_ASSETS":null,"EQUITY_MULTIPLIER":1.226806563522,"EQUITY_RATIO":0.226806563521},{"SECUCODE":"01837.HK","SECURITY_CODE":"01837","SECURITY_NAME_ABBR":"五谷磨房","ORG_CODE":"10944752","STD_REPORT_DATE":"2022-06-30 00:00:00","REPORT_DATE":"2022-06-30 00:00:00","DATE_TYPE_CODE":"002","REPORT_TYPE":"2022年中报","PER_NETCASH_OPERATE":0.011773285435,"PER_OI":0.384009880677,"BPS":0.537609080865,"BASIC_EPS":0.024,"DILUTED_EPS":0.024,"OPERATE_INCOME":840411000,"OPERATE_INCOME_YOY":11.4752771923,"GROSS_PROFIT":542809000,"GROSS_PROFIT_YOY":1.482198844229,"HOLDER_PROFIT":52355000,"HOLDER_PROFIT_YOY":37.6603912495,"GROSS_PROFIT_RATIO":64.588516809038,"EPS_TTM":0.046083324119,"OPERATE_INCOME_QOQ":5.372341680732,"NET_PROFIT_RATIO":6.2296899969,"ROE_AVG":4.551017818119,"GROSS_PROFIT_QOQ":0.696387883132,"ROA":3.708227547977,"HOLDER_PROFIT_QOQ":16.552449411194,"ROE_YEARLY":9.102035636238,"ROIC_YEARLY":13.80694408458,"TOTAL_ASSETS":1425678000,"TOTAL_LIABILITIES":249113000,"TAX_EBT":22.952966800094,"OCF_SALES":3.065880860674,"TOTAL_PARENT_EQUITY":1176565000,"DEBT_ASSET_RATIO":17.4733004227,"OPERATE_PROFIT":68287000,"PRETAX_PROFIT":67952000,"NETCASH_OPERATE":25766000,"NETCASH_INVEST":-6275000,"NETCASH_FINANCE":-10246000,"END_CASH":660933000,"DIVI_RATIO":0.700067380491,"DIVIDEND_RATE":6.716981132075,"CURRENT_RATIO":4.356283719386,"COMMON_ACS":3000000000,"CURRENTDEBT_DEBT":93.081051570974,"ISSUED_COMMON_SHARES":2188514000,"HK_COMMON_SHARES":2188514000,"PER_SHARES":2000,"TOTAL_MARKET_CAP":1159912420,"HKSK_MARKET_CAP":1159912420,"PE_TTM":6.563954002273,"PB_TTM":0.747102194446,"REPORT_DATE_SQ":"2021-06-30 00:00:00","REPORT_TYPE_SQ":"2021年中报","OPERATE_INCOME_SQ":753899000,"DPS_HKD":0.0356,"OPERATE_INCOME_QOQ_SQ":9.98013968261,"NET_PROFIT_RATIO_SQ":5.0447075802,"HOLDER_PROFIT_SQ":38032000,"HOLDER_PROFIT_QOQ_SQ":625.332133960698,"ROE_AVG_SQ":3.4745937689,"PE_TTM_SQ":6.317053668324,"PB_TTM_SQ":0.699374239139,"ROA_SQ":2.866607624037,"START_DATE":"2022-01-01 00:00:00","FISCAL_YEAR":"12-31","CURRENCY":"HKD","IS_CNY_CODE":0,"DPS_HKD_LY":null,"ORG_TYPE":"一般企业","PREMIUM_INCOME":null,"PREMIUM_INCOME_YOY":null,"NET_INTEREST_INCOME":null,"NET_INTEREST_INCOME_YOY":null,"FEE_COMMISSION_INCOME":null,"FEE_COMMISSION_INCOME_YOY":null,"ACCOUNTS_RECE_TDAYS":4.331758684408,"INVENTORY_TDAYS":3.883926707037,"CURRENT_ASSETS_TDAYS":0.850783324906,"TOTAL_ASSETS_TDAYS":0.595250734757,"PREMIUM_EXPENSE":null,"LOAN_DEPOSIT":null,"LOAN_EQUITY":null,"LOAN_ASSETS":null,"DEPOSIT_EQUITY":null,"DEPOSIT_ASSETS":null,"EQUITY_MULTIPLIER":1.211729058743,"EQUITY_RATIO":0.211729058743},{"SECUCODE":"01837.HK","SECURITY_CODE":"01837","SECURITY_NAME_ABBR":"五谷磨房","ORG_CODE":"10944752","STD_REPORT_DATE":"2021-12-31 00:00:00","REPORT_DATE":"2021-12-31 00:00:00","DATE_TYPE_CODE":"001","REPORT_TYPE":"2021年年报","PER_NETCASH_OPERATE":0.059773892239,"PER_OI":0.735806122328,"BPS":0.513699706742,"BASIC_EPS":0.039,"DILUTED_EPS":0.039,"OPERATE_INCOME":1610322000,"OPERATE_INCOME_YOY":11.9408681121,"GROSS_PROFIT":1138446000,"GROSS_PROFIT_YOY":13.103657936856,"HOLDER_PROFIT":86531000,"HOLDER_PROFIT_YOY":698.7475781899,"GROSS_PROFIT_RATIO":70.696792318555,"EPS_TTM":0.039538700689,"OPERATE_INCOME_QOQ":1.7828022724,"NET_PROFIT_RATIO":5.373521569,"ROE_AVG":7.867430822097,"GROSS_PROFIT_QOQ":0.919622151778,"ROA":6.371571031004,"HOLDER_PROFIT_QOQ":13.975053015635,"ROE_YEARLY":7.867430822097,"ROIC_YEARLY":11.491737213714,"TOTAL_ASSETS":1398043000,"TOTAL_LIABILITIES":273804000,"TAX_EBT":23.88328847135,"OCF_SALES":8.12359267277,"TOTAL_PARENT_EQUITY":1124239000,"DEBT_ASSET_RATIO":19.5848053315,"OPERATE_PROFIT":114503000,"PRETAX_PROFIT":113682000,"NETCASH_OPERATE":130816000,"NETCASH_INVEST":-2069000,"NETCASH_FINANCE":-41564000,"END_CASH":646015000,"DIVI_RATIO":0.815945679491,"DIVIDEND_RATE":6.716981132075,"CURRENT_RATIO":3.777751257953,"COMMON_ACS":3000000000,"CURRENTDEBT_DEBT":93.341952637653,"ISSUED_COMMON_SHARES":2188514000,"HK_COMMON_SHARES":2188514000,"PER_SHARES":2000,"TOTAL_MARKET_CAP":1159912420,"HKSK_MARKET_CAP":1159912420,"PE_TTM":6.563954002273,"PB_TTM":0.747102194446,"REPORT_DATE_SQ":"2020-12-31 00:00:00","REPORT_TYPE_SQ":"2020年年报","OPERATE_INCOME_SQ":1438547000,"DPS_HKD":0.0356,"OPERATE_INCOME_QOQ_SQ":-2.596594479232,"NET_PROFIT_RATIO_SQ":-1.0046248054,"HOLDER_PROFIT_SQ":-14452000,"HOLDER_PROFIT_QOQ_SQ":53.901116427432,"ROE_AVG_SQ":-1.334854888102,"PE_TTM_SQ":6.317053668324,"PB_TTM_SQ":0.699374239139,"ROA_SQ":-1.081122326463,"START_DATE":"2021-01-01 00:00:00","FISCAL_YEAR":"12-31","CURRENCY":"HKD","IS_CNY_CODE":0,"DPS_HKD_LY":0.02,"ORG_TYPE":"一般企业","PREMIUM_INCOME":null,"PREMIUM_INCOME_YOY":null,"NET_INTEREST_INCOME":null,"NET_INTEREST_INCOME_YOY":null,"FEE_COMMISSION_INCOME":null,"FEE_COMMISSION_INCOME_YOY":null,"ACCOUNTS_RECE_TDAYS":9.513755261798,"INVENTORY_TDAYS":5.443540153774,"CURRENT_ASSETS_TDAYS":1.734510338469,"TOTAL_ASSETS_TDAYS":1.185734708461,"PREMIUM_EXPENSE":null,"LOAN_DEPOSIT":null,"LOAN_EQUITY":null,"LOAN_ASSETS":null,"DEPOSIT_EQUITY":null,"DEPOSIT_ASSETS":null,"EQUITY_MULTIPLIER":1.243546078726,"EQUITY_RATIO":0.243546078725},{"SECUCODE":"01837.HK","SECURITY_CODE":"01837","SECURITY_NAME_ABBR":"五谷磨房","ORG_CODE":"10944752","STD_REPORT_DATE":"2021-06-30 00:00:00","REPORT_DATE":"2021-06-30 00:00:00","DATE_TYPE_CODE":"002","REPORT_TYPE":"2021年中报","PER_NETCASH_OPERATE":0.04426930785,"PER_OI":0.344479861678,"BPS":0.508865833164,"BASIC_EPS":0.017,"DILUTED_EPS":0.017,"OPERATE_INCOME":753899000,"OPERATE_INCOME_YOY":23.5231759868,"GROSS_PROFIT":534881000,"GROSS_PROFIT_YOY":29.398345268047,"HOLDER_PROFIT":38032000,"HOLDER_PROFIT_YOY":172.6619667183,"GROSS_PROFIT_RATIO":70.948628397173,"EPS_TTM":0.034690662248,"OPERATE_INCOME_QOQ":9.98013968261,"NET_PROFIT_RATIO":5.0447075802,"ROE_AVG":3.4745937689,"GROSS_PROFIT_QOQ":12.073009713368,"ROA":2.866607624037,"HOLDER_PROFIT_QOQ":625.332133960698,"ROE_YEARLY":6.9491875378,"ROIC_YEARLY":10.636395226319,"TOTAL_ASSETS":1335334000,"TOTAL_LIABILITIES":221674000,"TAX_EBT":20.703890580043,"OCF_SALES":12.85105829826,"TOTAL_PARENT_EQUITY":1113660000,"DEBT_ASSET_RATIO":16.6006407386,"OPERATE_PROFIT":51693000,"PRETAX_PROFIT":47962000,"NETCASH_OPERATE":96884000,"NETCASH_INVEST":2751000,"NETCASH_FINANCE":-2921000,"END_CASH":659016000,"DIVI_RATIO":0.929974520779,"DIVIDEND_RATE":6.716981132075,"CURRENT_RATIO":4.435210257461,"COMMON_ACS":3000000000,"CURRENTDEBT_DEBT":92.461452403078,"ISSUED_COMMON_SHARES":2188514000,"HK_COMMON_SHARES":2188514000,"PER_SHARES":2000,"TOTAL_MARKET_CAP":1159912420,"HKSK_MARKET_CAP":1159912420,"PE_TTM":6.563954002273,"PB_TTM":0.747102194446,"REPORT_DATE_SQ":"2020-06-30 00:00:00","REPORT_TYPE_SQ":"2020年中报","OPERATE_INCOME_SQ":610330000,"DPS_HKD":0.0356,"OPERATE_INCOME_QOQ_SQ":-17.218340371484,"NET_PROFIT_RATIO_SQ":-8.5758524077,"HOLDER_PROFIT_SQ":-52341000,"HOLDER_PROFIT_QOQ_SQ":-124.815958204702,"ROE_AVG_SQ":-4.891773678013,"PE_TTM_SQ":6.317053668324,"PB_TTM_SQ":0.699374239139,"ROA_SQ":-3.9741118212,"START_DATE":"2021-01-01 00:00:00","FISCAL_YEAR":"12-31","CURRENCY":"HKD","IS_CNY_CODE":0,"DPS_HKD_LY":0.02,"ORG_TYPE":"一般企业","PREMIUM_INCOME":null,"PREMIUM_INCOME_YOY":null,"NET_INTEREST_INCOME":null,"NET_INTEREST_INCOME_YOY":null,"FEE_COMMISSION_INCOME":null,"FEE_COMMISSION_INCOME_YOY":null,"ACCOUNTS_RECE_TDAYS":5.066508513076,"INVENTORY_TDAYS":2.897408421637,"CURRENT_ASSETS_TDAYS":0.837497125578,"TOTAL_ASSETS_TDAYS":0.568240592436,"PREMIUM_EXPENSE":null,"LOAN_DEPOSIT":null,"LOAN_EQUITY":null,"LOAN_ASSETS":null,"DEPOSIT_EQUITY":null,"DEPOSIT_ASSETS":null,"EQUITY_MULTIPLIER":1.199049979348,"EQUITY_RATIO":0.199049979347},{"SECUCODE":"01837.HK","SECURITY_CODE":"01837","SECURITY_NAME_ABBR":"五谷磨房","ORG_CODE":"10944752","STD_REPORT_DATE":"2020-12-31 00:00:00","REPORT_DATE":"2020-12-31 00:00:00","DATE_TYPE_CODE":"001","REPORT_TYPE":"2020年年报","PER_NETCASH_OPERATE":0.039722843902,"PER_OI":0.657316791211,"BPS":0.491423861122,"BASIC_EPS":-0.01,"DILUTED_EPS":-0.01,"OPERATE_INCOME":1438547000,"OPERATE_INCOME_YOY":-19.3678443752,"GROSS_PROFIT":1006551000,"GROSS_PROFIT_YOY":-23.700009551229,"HOLDER_PROFIT":-14452000,"HOLDER_PROFIT_YOY":-111.4398796802,"GROSS_PROFIT_RATIO":69.96997665005,"EPS_TTM":-0.006603567535,"OPERATE_INCOME_QOQ":-2.596594479232,"NET_PROFIT_RATIO":-1.0046248054,"ROE_AVG":-1.334854888102,"GROSS_PROFIT_QOQ":-2.479879319516,"ROA":-1.081122326463,"HOLDER_PROFIT_QOQ":53.901116427432,"ROE_YEARLY":-1.334854888102,"ROIC_YEARLY":-1.863217505375,"TOTAL_ASSETS":1318116000,"TOTAL_LIABILITIES":242628000,"TAX_EBT":72.762909913306,"OCF_SALES":6.0431810709,"TOTAL_PARENT_EQUITY":1075488000,"DEBT_ASSET_RATIO":18.4071811586,"OPERATE_PROFIT":-41375000,"PRETAX_PROFIT":-53060000,"NETCASH_OPERATE":86934000,"NETCASH_INVEST":-62496000,"NETCASH_FINANCE":-7735000,"END_CASH":564175000,"DIVI_RATIO":-4.885454995298,"DIVIDEND_RATE":6.716981132075,"CURRENT_RATIO":3.947333923826,"COMMON_ACS":3000000000,"CURRENTDEBT_DEBT":93.064279473103,"ISSUED_COMMON_SHARES":2188514000,"HK_COMMON_SHARES":2188514000,"PER_SHARES":2000,"TOTAL_MARKET_CAP":1159912420,"HKSK_MARKET_CAP":1159912420,"PE_TTM":6.563954002273,"PB_TTM":0.747102194446,"REPORT_DATE_SQ":"2019-12-31 00:00:00","REPORT_TYPE_SQ":"2019年年报","OPERATE_INCOME_SQ":1784086000,"DPS_HKD":0.0356,"OPERATE_INCOME_QOQ_SQ":-5.331631082839,"NET_PROFIT_RATIO_SQ":7.0809366813,"HOLDER_PROFIT_SQ":126330000,"HOLDER_PROFIT_QOQ_SQ":-11.840443275156,"ROE_AVG_SQ":11.682802614921,"PE_TTM_SQ":6.317053668324,"PB_TTM_SQ":0.699374239139,"ROA_SQ":9.165379489371,"START_DATE":"2020-01-01 00:00:00","FISCAL_YEAR":"12-31","CURRENCY":"HKD","IS_CNY_CODE":0,"DPS_HKD_LY":null,"ORG_TYPE":"一般企业","PREMIUM_INCOME":null,"PREMIUM_INCOME_YOY":null,"NET_INTEREST_INCOME":null,"NET_INTEREST_INCOME_YOY":null,"FEE_COMMISSION_INCOME":null,"FEE_COMMISSION_INCOME_YOY":null,"ACCOUNTS_RECE_TDAYS":7.424432992617,"INVENTORY_TDAYS":4.194563523466,"CURRENT_ASSETS_TDAYS":1.540757790292,"TOTAL_ASSETS_TDAYS":1.076145363525,"PREMIUM_EXPENSE":null,"LOAN_DEPOSIT":null,"LOAN_EQUITY":null,"LOAN_ASSETS":null,"DEPOSIT_EQUITY":null,"DEPOSIT_ASSETS":null,"EQUITY_MULTIPLIER":1.225598054093,"EQUITY_RATIO":0.225598054093},{"SECUCODE":"01837.HK","SECURITY_CODE":"01837","SECURITY_NAME_ABBR":"五谷磨房","ORG_CODE":"10944752","STD_REPORT_DATE":"2020-06-30 00:00:00","REPORT_DATE":"2020-06-30 00:00:00","DATE_TYPE_CODE":"002","REPORT_TYPE":"2020年中报","PER_NETCASH_OPERATE":0.013238206381,"PER_OI":0.278878727758,"BPS":0.479831977314,"BASIC_EPS":-0.02,"DILUTED_EPS":-0.02,"OPERATE_INCOME":610330000,"OPERATE_INCOME_YOY":-33.4804690906,"GROSS_PROFIT":413360000,"GROSS_PROFIT_YOY":-40.983559746722,"HOLDER_PROFIT":-52341000,"HOLDER_PROFIT_YOY":-149.6881496881,"GROSS_PROFIT_RATIO":67.72729506988,"EPS_TTM":-0.014324788418,"OPERATE_INCOME_QOQ":-17.218340371484,"NET_PROFIT_RATIO":-8.5758524077,"ROE_AVG":-4.891773678013,"GROSS_PROFIT_QOQ":-21.759745664424,"ROA":-3.9741118212,"HOLDER_PROFIT_QOQ":-124.815958204702,"ROE_YEARLY":-9.783547356025,"ROIC_YEARLY":-13.382603076227,"TOTAL_ASSETS":1278696000,"TOTAL_LIABILITIES":228577000,"TAX_EBT":37.110553065712,"OCF_SALES":4.746940179903,"TOTAL_PARENT_EQUITY":1050119000,"DEBT_ASSET_RATIO":17.8757890851,"OPERATE_PROFIT":-80852000,"PRETAX_PROFIT":-83227000,"NETCASH_OPERATE":28972000,"NETCASH_INVEST":-75644000,"NETCASH_FINANCE":-3613000,"END_CASH":511601000,"DIVI_RATIO":-2.252140210273,"DIVIDEND_RATE":6.716981132075,"CURRENT_RATIO":4.090375681346,"COMMON_ACS":3000000000,"CURRENTDEBT_DEBT":92.381560699458,"ISSUED_COMMON_SHARES":2188514000,"HK_COMMON_SHARES":2188514000,"PER_SHARES":2000,"TOTAL_MARKET_CAP":1159912420,"HKSK_MARKET_CAP":1159912420,"PE_TTM":6.563954002273,"PB_TTM":0.747102194446,"REPORT_DATE_SQ":"2019-06-30 00:00:00","REPORT_TYPE_SQ":"2019年中报","OPERATE_INCOME_SQ":917520000,"DPS_HKD":0.0356,"OPERATE_INCOME_QOQ_SQ":3.657622990585,"NET_PROFIT_RATIO_SQ":11.4808396547,"HOLDER_PROFIT_SQ":105339000,"HOLDER_PROFIT_QOQ_SQ":36.163399500185,"ROE_AVG_SQ":9.700661666183,"PE_TTM_SQ":6.317053668324,"PB_TTM_SQ":0.699374239139,"ROA_SQ":7.701362117332,"START_DATE":"2020-01-01 00:00:00","FISCAL_YEAR":"12-31","CURRENCY":"HKD","IS_CNY_CODE":0,"DPS_HKD_LY":null,"ORG_TYPE":"一般企业","PREMIUM_INCOME":null,"PREMIUM_INCOME_YOY":null,"NET_INTEREST_INCOME":null,"NET_INTEREST_INCOME_YOY":null,"FEE_COMMISSION_INCOME":null,"FEE_COMMISSION_INCOME_YOY":null,"ACCOUNTS_RECE_TDAYS":3.21065782898,"INVENTORY_TDAYS":2.051418245822,"CURRENT_ASSETS_TDAYS":0.663491601042,"TOTAL_ASSETS_TDAYS":0.463407208084,"PREMIUM_EXPENSE":null,"LOAN_DEPOSIT":null,"LOAN_EQUITY":null,"LOAN_ASSETS":null,"DEPOSIT_EQUITY":null,"DEPOSIT_ASSETS":null,"EQUITY_MULTIPLIER":1.217667711945,"EQUITY_RATIO":0.217667711945}],"count":17},"success":true,"message":"ok","code":0}