{"version":"f0ed8a5a774030c11140e26b2406ab82","result":{"pages":2,"data":[{"SECUCODE":"01835.HK","SECURITY_CODE":"01835","SECURITY_NAME_ABBR":"瑞威资管","ORG_CODE":"10411909","STD_REPORT_DATE":"2024-06-30 00:00:00","REPORT_DATE":"2024-06-30 00:00:00","DATE_TYPE_CODE":"002","REPORT_TYPE":"2024年中报","PER_NETCASH_OPERATE":0.073914177644,"PER_OI":0.093980696491,"BPS":1.759403938959,"BASIC_EPS":-0.0205,"DILUTED_EPS":-0.0205,"OPERATE_INCOME":14411000,"OPERATE_INCOME_YOY":42.1764009471,"GROSS_PROFIT":14411000,"GROSS_PROFIT_YOY":42.176400947119,"HOLDER_PROFIT":-3142000,"HOLDER_PROFIT_YOY":89.3671742809,"GROSS_PROFIT_RATIO":null,"EPS_TTM":-0.197763140733,"OPERATE_INCOME_QOQ":23.920098478066,"NET_PROFIT_RATIO":-22.8228436611,"ROE_AVG":-1.157884263166,"GROSS_PROFIT_QOQ":23.920098478066,"ROA":-0.977625384656,"HOLDER_PROFIT_QOQ":46.547864558546,"ROE_YEARLY":-2.315768526332,"ROIC_YEARLY":-2.076682595391,"TOTAL_ASSETS":308632000,"TOTAL_LIABILITIES":39342000,"TAX_EBT":0.484114977307,"OCF_SALES":78.648254805357,"TOTAL_PARENT_EQUITY":269787000,"DEBT_ASSET_RATIO":12.7472199902,"OPERATE_PROFIT":-309000,"PRETAX_PROFIT":-3305000,"NETCASH_OPERATE":11334000,"NETCASH_INVEST":1199000,"NETCASH_FINANCE":-941000,"END_CASH":24211000,"DIVI_RATIO":null,"DIVIDEND_RATE":null,"CURRENT_RATIO":6.035825852025,"COMMON_ACS":null,"CURRENTDEBT_DEBT":90.318234965177,"ISSUED_COMMON_SHARES":153340000,"HK_COMMON_SHARES":38340000,"PER_SHARES":400,"TOTAL_MARKET_CAP":272945200,"HKSK_MARKET_CAP":68245200,"PE_TTM":-8.028738596481,"PB_TTM":0.923364080315,"REPORT_DATE_SQ":"2023-06-30 00:00:00","REPORT_TYPE_SQ":"2023年中报","OPERATE_INCOME_SQ":10136000,"DPS_HKD":null,"OPERATE_INCOME_QOQ_SQ":-16.289826680815,"NET_PROFIT_RATIO_SQ":-293.2912391476,"HOLDER_PROFIT_SQ":-29550000,"HOLDER_PROFIT_QOQ_SQ":-55.605485170904,"ROE_AVG_SQ":-9.382784257879,"PE_TTM_SQ":-3.352900299549,"PB_TTM_SQ":0.602830265455,"ROA_SQ":-8.615084999257,"START_DATE":"2024-01-01 00:00:00","FISCAL_YEAR":"12-31","CURRENCY":"HKD","IS_CNY_CODE":0,"DPS_HKD_LY":null,"ORG_TYPE":"一般企业","PREMIUM_INCOME":null,"PREMIUM_INCOME_YOY":null,"NET_INTEREST_INCOME":null,"NET_INTEREST_INCOME_YOY":null,"FEE_COMMISSION_INCOME":null,"FEE_COMMISSION_INCOME_YOY":null,"ACCOUNTS_RECE_TDAYS":0.211518985484,"INVENTORY_TDAYS":null,"CURRENT_ASSETS_TDAYS":0.063452994765,"TOTAL_ASSETS_TDAYS":0.044839463457,"PREMIUM_EXPENSE":null,"LOAN_DEPOSIT":null,"LOAN_EQUITY":null,"LOAN_ASSETS":null,"DEPOSIT_EQUITY":null,"DEPOSIT_ASSETS":null,"EQUITY_MULTIPLIER":1.146095287609,"EQUITY_RATIO":0.145826151742},{"SECUCODE":"01835.HK","SECURITY_CODE":"01835","SECURITY_NAME_ABBR":"瑞威资管","ORG_CODE":"10411909","STD_REPORT_DATE":"2023-12-31 00:00:00","REPORT_DATE":"2023-12-31 00:00:00","DATE_TYPE_CODE":"001","REPORT_TYPE":"2023年年报","PER_NETCASH_OPERATE":0.050293465501,"PER_OI":0.116551454285,"BPS":1.779881309508,"BASIC_EPS":-0.37,"DILUTED_EPS":null,"OPERATE_INCOME":17872000,"OPERATE_INCOME_YOY":-51.3726770604,"GROSS_PROFIT":17872000,"GROSS_PROFIT_YOY":-51.372677060376,"HOLDER_PROFIT":-56733000,"HOLDER_PROFIT_YOY":-64.4768503754,"GROSS_PROFIT_RATIO":null,"EPS_TTM":-0.369981739924,"OPERATE_INCOME_QOQ":-41.909900539557,"NET_PROFIT_RATIO":-324.110340197,"ROE_AVG":-18.828874724742,"GROSS_PROFIT_QOQ":-41.909900539557,"ROA":-16.29006439016,"HOLDER_PROFIT_QOQ":-5.701190542731,"ROE_YEARLY":-18.828874724742,"ROIC_YEARLY":-16.938788610738,"TOTAL_ASSETS":334150000,"TOTAL_LIABILITIES":61115000,"TAX_EBT":-16.124052764524,"OCF_SALES":43.151298119964,"TOTAL_PARENT_EQUITY":272927000,"DEBT_ASSET_RATIO":18.2896902589,"OPERATE_PROFIT":-48312000,"PRETAX_PROFIT":-49882000,"NETCASH_OPERATE":7712000,"NETCASH_INVEST":941000,"NETCASH_FINANCE":-9236000,"END_CASH":12610000,"DIVI_RATIO":null,"DIVIDEND_RATE":null,"CURRENT_RATIO":4.232439493707,"COMMON_ACS":null,"CURRENTDEBT_DEBT":92.689192505931,"ISSUED_COMMON_SHARES":153340000,"HK_COMMON_SHARES":38340000,"PER_SHARES":400,"TOTAL_MARKET_CAP":274478600,"HKSK_MARKET_CAP":68628600,"PE_TTM":-8.073843869495,"PB_TTM":0.928551518969,"REPORT_DATE_SQ":"2022-12-31 00:00:00","REPORT_TYPE_SQ":"2022年年报","OPERATE_INCOME_SQ":36753000,"DPS_HKD":null,"OPERATE_INCOME_QOQ_SQ":-5.104570100697,"NET_PROFIT_RATIO_SQ":-94.177346067,"HOLDER_PROFIT_SQ":-34493000,"HOLDER_PROFIT_QOQ_SQ":30.585015395142,"ROE_AVG_SQ":-9.944214607989,"PE_TTM_SQ":-3.195733098008,"PB_TTM_SQ":0.574572596761,"ROA_SQ":-9.150052855595,"START_DATE":"2023-01-01 00:00:00","FISCAL_YEAR":"12-31","CURRENCY":"HKD","IS_CNY_CODE":0,"DPS_HKD_LY":null,"ORG_TYPE":"一般企业","PREMIUM_INCOME":null,"PREMIUM_INCOME_YOY":null,"NET_INTEREST_INCOME":null,"NET_INTEREST_INCOME_YOY":null,"FEE_COMMISSION_INCOME":null,"FEE_COMMISSION_INCOME_YOY":null,"ACCOUNTS_RECE_TDAYS":0.231270421533,"INVENTORY_TDAYS":null,"CURRENT_ASSETS_TDAYS":0.066451877976,"TOTAL_ASSETS_TDAYS":0.051316875677,"PREMIUM_EXPENSE":null,"LOAN_DEPOSIT":null,"LOAN_EQUITY":null,"LOAN_ASSETS":null,"DEPOSIT_EQUITY":null,"DEPOSIT_ASSETS":null,"EQUITY_MULTIPLIER":1.223835771971,"EQUITY_RATIO":0.223924346071},{"SECUCODE":"01835.HK","SECURITY_CODE":"01835","SECURITY_NAME_ABBR":"瑞威资管","ORG_CODE":"10411909","STD_REPORT_DATE":"2023-06-30 00:00:00","REPORT_DATE":"2023-06-30 00:00:00","DATE_TYPE_CODE":"002","REPORT_TYPE":"2023年中报","PER_NETCASH_OPERATE":-0.016186252772,"PER_OI":0.066101473849,"BPS":1.957656188861,"BASIC_EPS":-0.1927,"DILUTED_EPS":-0.1927,"OPERATE_INCOME":10136000,"OPERATE_INCOME_YOY":-37.1332878497,"GROSS_PROFIT":10136000,"GROSS_PROFIT_YOY":-37.133287849656,"HOLDER_PROFIT":-29550000,"HOLDER_PROFIT_YOY":-184.9566055931,"GROSS_PROFIT_RATIO":null,"EPS_TTM":-0.350026085822,"OPERATE_INCOME_QOQ":-16.289826680815,"NET_PROFIT_RATIO":-293.2912391476,"ROE_AVG":-9.382784257879,"GROSS_PROFIT_QOQ":-16.289826680815,"ROA":-8.615084999257,"HOLDER_PROFIT_QOQ":-55.605485170904,"ROE_YEARLY":-18.765568515758,"ROIC_YEARLY":-18.464768534285,"TOTAL_ASSETS":323621000,"TOTAL_LIABILITIES":22850000,"TAX_EBT":-0.023552370378,"OCF_SALES":-24.486977111287,"TOTAL_PARENT_EQUITY":300187000,"DEBT_ASSET_RATIO":7.0607284447,"OPERATE_PROFIT":-34359000,"PRETAX_PROFIT":-29721000,"NETCASH_OPERATE":-2482000,"NETCASH_INVEST":25298000,"NETCASH_FINANCE":-4710000,"END_CASH":31326000,"DIVI_RATIO":null,"DIVIDEND_RATE":null,"CURRENT_RATIO":11.179124726477,"COMMON_ACS":null,"CURRENTDEBT_DEBT":100,"ISSUED_COMMON_SHARES":153340000,"HK_COMMON_SHARES":38340000,"PER_SHARES":400,"TOTAL_MARKET_CAP":274478600,"HKSK_MARKET_CAP":68628600,"PE_TTM":-8.073843869495,"PB_TTM":0.928551518969,"REPORT_DATE_SQ":"2022-06-30 00:00:00","REPORT_TYPE_SQ":"2022年中报","OPERATE_INCOME_SQ":16123000,"DPS_HKD":null,"OPERATE_INCOME_QOQ_SQ":-28.542435424354,"NET_PROFIT_RATIO_SQ":-63.6798374081,"HOLDER_PROFIT_SQ":-10370000,"HOLDER_PROFIT_QOQ_SQ":-26.675504117062,"ROE_AVG_SQ":-2.889444610851,"PE_TTM_SQ":-3.195733098008,"PB_TTM_SQ":0.574572596761,"ROA_SQ":-2.726550873706,"START_DATE":"2023-01-01 00:00:00","FISCAL_YEAR":"12-31","CURRENCY":"HKD","IS_CNY_CODE":0,"DPS_HKD_LY":null,"ORG_TYPE":"一般企业","PREMIUM_INCOME":null,"PREMIUM_INCOME_YOY":null,"NET_INTEREST_INCOME":null,"NET_INTEREST_INCOME_YOY":null,"FEE_COMMISSION_INCOME":null,"FEE_COMMISSION_INCOME_YOY":null,"ACCOUNTS_RECE_TDAYS":0.118113172369,"INVENTORY_TDAYS":null,"CURRENT_ASSETS_TDAYS":0.036619753929,"TOTAL_ASSETS_TDAYS":0.029550761947,"PREMIUM_EXPENSE":null,"LOAN_DEPOSIT":null,"LOAN_EQUITY":null,"LOAN_ASSETS":null,"DEPOSIT_EQUITY":null,"DEPOSIT_ASSETS":null,"EQUITY_MULTIPLIER":1.075971420117,"EQUITY_RATIO":0.07611921902},{"SECUCODE":"01835.HK","SECURITY_CODE":"01835","SECURITY_NAME_ABBR":"瑞威资管","ORG_CODE":"10411909","STD_REPORT_DATE":"2022-12-31 00:00:00","REPORT_DATE":"2022-12-31 00:00:00","DATE_TYPE_CODE":"001","REPORT_TYPE":"2022年年报","PER_NETCASH_OPERATE":-0.035333246381,"PER_OI":0.239683057258,"BPS":2.1500586931,"BASIC_EPS":-0.2249,"DILUTED_EPS":null,"OPERATE_INCOME":36753000,"OPERATE_INCOME_YOY":-32.1900369004,"GROSS_PROFIT":36753000,"GROSS_PROFIT_YOY":-32.190036900369,"HOLDER_PROFIT":-34493000,"HOLDER_PROFIT_YOY":12.068218319,"GROSS_PROFIT_RATIO":null,"EPS_TTM":-0.224944567627,"OPERATE_INCOME_QOQ":-5.104570100697,"NET_PROFIT_RATIO":-94.177346067,"ROE_AVG":-9.944214607989,"GROSS_PROFIT_QOQ":-5.104570100697,"ROA":-9.150052855595,"HOLDER_PROFIT_QOQ":30.585015395142,"ROE_YEARLY":-9.944214607989,"ROIC_YEARLY":-9.705224862235,"TOTAL_ASSETS":362385000,"TOTAL_LIABILITIES":31910000,"TAX_EBT":-9.812817258883,"OCF_SALES":-14.741653742552,"TOTAL_PARENT_EQUITY":329690000,"DEBT_ASSET_RATIO":8.8055521062,"OPERATE_PROFIT":-28438000,"PRETAX_PROFIT":-31520000,"NETCASH_OPERATE":-5418000,"NETCASH_INVEST":-19865000,"NETCASH_FINANCE":11467000,"END_CASH":13173000,"DIVI_RATIO":null,"DIVIDEND_RATE":null,"CURRENT_RATIO":9.483967425881,"COMMON_ACS":null,"CURRENTDEBT_DEBT":98.514572234409,"ISSUED_COMMON_SHARES":153340000,"HK_COMMON_SHARES":38340000,"PER_SHARES":400,"TOTAL_MARKET_CAP":274478600,"HKSK_MARKET_CAP":68628600,"PE_TTM":-8.073843869495,"PB_TTM":0.928551518969,"REPORT_DATE_SQ":"2021-12-31 00:00:00","REPORT_TYPE_SQ":"2021年年报","OPERATE_INCOME_SQ":54200000,"DPS_HKD":null,"OPERATE_INCOME_QOQ_SQ":13.339327910332,"NET_PROFIT_RATIO_SQ":-72.6605166052,"HOLDER_PROFIT_SQ":-39227000,"HOLDER_PROFIT_QOQ_SQ":-735.32793867121,"ROE_AVG_SQ":-10.227843084597,"PE_TTM_SQ":-3.195733098008,"PB_TTM_SQ":0.574572596761,"ROA_SQ":-9.394136058951,"START_DATE":"2022-01-01 00:00:00","FISCAL_YEAR":"12-31","CURRENCY":"HKD","IS_CNY_CODE":0,"DPS_HKD_LY":null,"ORG_TYPE":"一般企业","PREMIUM_INCOME":null,"PREMIUM_INCOME_YOY":null,"NET_INTEREST_INCOME":null,"NET_INTEREST_INCOME_YOY":null,"FEE_COMMISSION_INCOME":null,"FEE_COMMISSION_INCOME_YOY":null,"ACCOUNTS_RECE_TDAYS":0.415123962275,"INVENTORY_TDAYS":null,"CURRENT_ASSETS_TDAYS":0.137374620849,"TOTAL_ASSETS_TDAYS":0.097495692634,"PREMIUM_EXPENSE":null,"LOAN_DEPOSIT":null,"LOAN_EQUITY":null,"LOAN_ASSETS":null,"DEPOSIT_EQUITY":null,"DEPOSIT_ASSETS":null,"EQUITY_MULTIPLIER":1.096557984719,"EQUITY_RATIO":0.096787891656},{"SECUCODE":"01835.HK","SECURITY_CODE":"01835","SECURITY_NAME_ABBR":"瑞威资管","ORG_CODE":"10411909","STD_REPORT_DATE":"2022-06-30 00:00:00","REPORT_DATE":"2022-06-30 00:00:00","DATE_TYPE_CODE":"002","REPORT_TYPE":"2022年中报","PER_NETCASH_OPERATE":-0.141254728055,"PER_OI":0.10514542846,"BPS":2.306932307291,"BASIC_EPS":-0.0676,"DILUTED_EPS":-0.0676,"OPERATE_INCOME":16123000,"OPERATE_INCOME_YOY":-48.0449703407,"GROSS_PROFIT":16123000,"GROSS_PROFIT_YOY":-49.927016366968,"HOLDER_PROFIT":-10370000,"HOLDER_PROFIT_YOY":-11131.914893617,"GROSS_PROFIT_RATIO":null,"EPS_TTM":-0.324057649667,"OPERATE_INCOME_QOQ":-28.542435424354,"NET_PROFIT_RATIO":-63.6798374081,"ROE_AVG":-2.889444610851,"GROSS_PROFIT_QOQ":-28.542435424354,"ROA":-2.726550873706,"HOLDER_PROFIT_QOQ":-26.675504117062,"ROE_YEARLY":-5.778889221703,"ROIC_YEARLY":-5.739341470063,"TOTAL_ASSETS":369112000,"TOTAL_LIABILITIES":13326000,"TAX_EBT":2.176308539945,"OCF_SALES":-129.47576065515,"TOTAL_PARENT_EQUITY":353745000,"DEBT_ASSET_RATIO":3.6102863088,"OPERATE_PROFIT":-4338000,"PRETAX_PROFIT":-10890000,"NETCASH_OPERATE":-21660000,"NETCASH_INVEST":2775000,"NETCASH_FINANCE":-1310000,"END_CASH":6726000,"DIVI_RATIO":null,"DIVIDEND_RATE":null,"CURRENT_RATIO":18.777051378761,"COMMON_ACS":null,"CURRENTDEBT_DEBT":89.531742458352,"ISSUED_COMMON_SHARES":153340000,"HK_COMMON_SHARES":38340000,"PER_SHARES":400,"TOTAL_MARKET_CAP":274478600,"HKSK_MARKET_CAP":68628600,"PE_TTM":-8.073843869495,"PB_TTM":0.928551518969,"REPORT_DATE_SQ":"2021-06-30 00:00:00","REPORT_TYPE_SQ":"2021年中报","OPERATE_INCOME_SQ":32199000,"DPS_HKD":null,"OPERATE_INCOME_QOQ_SQ":-30.768451226221,"NET_PROFIT_RATIO_SQ":2.7520388686,"HOLDER_PROFIT_SQ":94000,"HOLDER_PROFIT_QOQ_SQ":-206.100316312698,"ROE_AVG_SQ":0.02332167663,"PE_TTM_SQ":-3.195733098008,"PB_TTM_SQ":0.574572596761,"ROA_SQ":0.021446497833,"START_DATE":"2022-01-01 00:00:00","FISCAL_YEAR":"12-31","CURRENCY":"HKD","IS_CNY_CODE":0,"DPS_HKD_LY":null,"ORG_TYPE":"一般企业","PREMIUM_INCOME":null,"PREMIUM_INCOME_YOY":null,"NET_INTEREST_INCOME":null,"NET_INTEREST_INCOME_YOY":null,"FEE_COMMISSION_INCOME":null,"FEE_COMMISSION_INCOME_YOY":null,"ACCOUNTS_RECE_TDAYS":0.18018652317,"INVENTORY_TDAYS":null,"CURRENT_ASSETS_TDAYS":0.072582044741,"TOTAL_ASSETS_TDAYS":0.04398502369,"PREMIUM_EXPENSE":null,"LOAN_DEPOSIT":null,"LOAN_EQUITY":null,"LOAN_ASSETS":null,"DEPOSIT_EQUITY":null,"DEPOSIT_ASSETS":null,"EQUITY_MULTIPLIER":1.037455099414,"EQUITY_RATIO":0.037671203833},{"SECUCODE":"01835.HK","SECURITY_CODE":"01835","SECURITY_NAME_ABBR":"瑞威资管","ORG_CODE":"10411909","STD_REPORT_DATE":"2021-12-31 00:00:00","REPORT_DATE":"2021-12-31 00:00:00","DATE_TYPE_CODE":"001","REPORT_TYPE":"2021年年报","PER_NETCASH_OPERATE":-0.049373940263,"PER_OI":0.353462892918,"BPS":2.374070692579,"BASIC_EPS":-0.2558,"DILUTED_EPS":-0.2558,"OPERATE_INCOME":54200000,"OPERATE_INCOME_YOY":-21.5334279179,"GROSS_PROFIT":54200000,"GROSS_PROFIT_YOY":-21.533427917885,"HOLDER_PROFIT":-39227000,"HOLDER_PROFIT_YOY":-986.2855851785,"GROSS_PROFIT_RATIO":null,"EPS_TTM":-0.255817138385,"OPERATE_INCOME_QOQ":13.339327910332,"NET_PROFIT_RATIO":-72.6605166052,"ROE_AVG":-10.227843084597,"GROSS_PROFIT_QOQ":13.339327910332,"ROA":-9.394136058951,"HOLDER_PROFIT_QOQ":-735.32793867121,"ROE_YEARLY":-10.227843084597,"ROIC_YEARLY":-10.488124091777,"TOTAL_ASSETS":391556000,"TOTAL_LIABILITIES":25192000,"TAX_EBT":4.938688809501,"OCF_SALES":-13.968634686347,"TOTAL_PARENT_EQUITY":364040000,"DEBT_ASSET_RATIO":6.4338178958,"OPERATE_PROFIT":-32233000,"PRETAX_PROFIT":-41428000,"NETCASH_OPERATE":-7571000,"NETCASH_INVEST":-15529000,"NETCASH_FINANCE":-5160000,"END_CASH":26846000,"DIVI_RATIO":null,"DIVIDEND_RATE":null,"CURRENT_RATIO":10.453959849989,"COMMON_ACS":null,"CURRENTDEBT_DEBT":89.969037789775,"ISSUED_COMMON_SHARES":153340000,"HK_COMMON_SHARES":38340000,"PER_SHARES":400,"TOTAL_MARKET_CAP":274478600,"HKSK_MARKET_CAP":68628600,"PE_TTM":-8.073843869495,"PB_TTM":0.928551518969,"REPORT_DATE_SQ":"2020-12-31 00:00:00","REPORT_TYPE_SQ":"2020年年报","OPERATE_INCOME_SQ":69074000,"DPS_HKD":null,"OPERATE_INCOME_QOQ_SQ":-41.897495857271,"NET_PROFIT_RATIO_SQ":11.2401192924,"HOLDER_PROFIT_SQ":4426000,"HOLDER_PROFIT_QOQ_SQ":148.140091363933,"ROE_AVG_SQ":1.104032487391,"PE_TTM_SQ":-3.195733098008,"PB_TTM_SQ":0.574572596761,"ROA_SQ":1.007732170017,"START_DATE":"2021-01-01 00:00:00","FISCAL_YEAR":"12-31","CURRENCY":"HKD","IS_CNY_CODE":0,"DPS_HKD_LY":null,"ORG_TYPE":"一般企业","PREMIUM_INCOME":null,"PREMIUM_INCOME_YOY":null,"NET_INTEREST_INCOME":null,"NET_INTEREST_INCOME_YOY":null,"FEE_COMMISSION_INCOME":null,"FEE_COMMISSION_INCOME_YOY":null,"ACCOUNTS_RECE_TDAYS":0.613500404661,"INVENTORY_TDAYS":null,"CURRENT_ASSETS_TDAYS":0.235818785011,"TOTAL_ASSETS_TDAYS":0.129798907486,"PREMIUM_EXPENSE":null,"LOAN_DEPOSIT":null,"LOAN_EQUITY":null,"LOAN_ASSETS":null,"DEPOSIT_EQUITY":null,"DEPOSIT_ASSETS":null,"EQUITY_MULTIPLIER":1.068762214628,"EQUITY_RATIO":0.069201186683},{"SECUCODE":"01835.HK","SECURITY_CODE":"01835","SECURITY_NAME_ABBR":"瑞威资管","ORG_CODE":"10411909","STD_REPORT_DATE":"2021-06-30 00:00:00","REPORT_DATE":"2021-06-30 00:00:00","DATE_TYPE_CODE":"002","REPORT_TYPE":"2021年中报","PER_NETCASH_OPERATE":-0.064927611843,"PER_OI":0.209984348507,"BPS":2.628759619147,"BASIC_EPS":0.0006,"DILUTED_EPS":0.0006,"OPERATE_INCOME":32199000,"OPERATE_INCOME_YOY":-42.4482703523,"GROSS_PROFIT":32199000,"GROSS_PROFIT_YOY":-35.68946233123,"HOLDER_PROFIT":94000,"HOLDER_PROFIT_YOY":-98.9800347222,"GROSS_PROFIT_RATIO":null,"EPS_TTM":-0.030624755445,"OPERATE_INCOME_QOQ":-30.768451226221,"NET_PROFIT_RATIO":2.7520388686,"ROE_AVG":0.02332167663,"GROSS_PROFIT_QOQ":-30.768451226221,"ROA":0.021446497833,"HOLDER_PROFIT_QOQ":-206.100316312698,"ROE_YEARLY":0.04664335326,"ROIC_YEARLY":0.046931948674,"TOTAL_ASSETS":433018000,"TOTAL_LIABILITIES":26446000,"TAX_EBT":48.136036625245,"OCF_SALES":-34.551448898143,"TOTAL_PARENT_EQUITY":403094000,"DEBT_ASSET_RATIO":6.1073673612,"OPERATE_PROFIT":3890000,"PRETAX_PROFIT":1529000,"NETCASH_OPERATE":-9956000,"NETCASH_INVEST":-30434000,"NETCASH_FINANCE":-728000,"END_CASH":14021000,"DIVI_RATIO":null,"DIVIDEND_RATE":null,"CURRENT_RATIO":6.543128719908,"COMMON_ACS":null,"CURRENTDEBT_DEBT":85.13196702715,"ISSUED_COMMON_SHARES":153340000,"HK_COMMON_SHARES":38340000,"PER_SHARES":400,"TOTAL_MARKET_CAP":274478600,"HKSK_MARKET_CAP":68628600,"PE_TTM":-8.073843869495,"PB_TTM":0.928551518969,"REPORT_DATE_SQ":"2020-06-30 00:00:00","REPORT_TYPE_SQ":"2020年中报","OPERATE_INCOME_SQ":50068000,"DPS_HKD":null,"OPERATE_INCOME_QOQ_SQ":-5.071306514205,"NET_PROFIT_RATIO_SQ":15.5328752896,"HOLDER_PROFIT_SQ":9216000,"HOLDER_PROFIT_QOQ_SQ":-197.280711035869,"ROE_AVG_SQ":2.284581060982,"PE_TTM_SQ":-3.195733098008,"PB_TTM_SQ":0.574572596761,"ROA_SQ":2.102110664174,"START_DATE":"2021-01-01 00:00:00","FISCAL_YEAR":"12-31","CURRENCY":"HKD","IS_CNY_CODE":0,"DPS_HKD_LY":null,"ORG_TYPE":"一般企业","PREMIUM_INCOME":null,"PREMIUM_INCOME_YOY":null,"NET_INTEREST_INCOME":null,"NET_INTEREST_INCOME_YOY":null,"FEE_COMMISSION_INCOME":null,"FEE_COMMISSION_INCOME_YOY":null,"ACCOUNTS_RECE_TDAYS":0.341044135871,"INVENTORY_TDAYS":null,"CURRENT_ASSETS_TDAYS":0.155736553096,"TOTAL_ASSETS_TDAYS":0.065742642026,"PREMIUM_EXPENSE":null,"LOAN_DEPOSIT":null,"LOAN_EQUITY":null,"LOAN_ASSETS":null,"DEPOSIT_EQUITY":null,"DEPOSIT_ASSETS":null,"EQUITY_MULTIPLIER":1.065046289464,"EQUITY_RATIO":0.065607525788},{"SECUCODE":"01835.HK","SECURITY_CODE":"01835","SECURITY_NAME_ABBR":"瑞威资管","ORG_CODE":"10411909","STD_REPORT_DATE":"2020-12-31 00:00:00","REPORT_DATE":"2020-12-31 00:00:00","DATE_TYPE_CODE":"001","REPORT_TYPE":"2020年年报","PER_NETCASH_OPERATE":-0.152621625147,"PER_OI":0.450463023347,"BPS":2.6282965958,"BASIC_EPS":0.0289,"DILUTED_EPS":0.0289,"OPERATE_INCOME":69074000,"OPERATE_INCOME_YOY":-44.8440519348,"GROSS_PROFIT":69074000,"GROSS_PROFIT_YOY":-44.844051934778,"HOLDER_PROFIT":4426000,"HOLDER_PROFIT_YOY":-53.1689768278,"GROSS_PROFIT_RATIO":null,"EPS_TTM":0.028863962436,"OPERATE_INCOME_QOQ":-41.897495857271,"NET_PROFIT_RATIO":11.2401192924,"ROE_AVG":1.104032487391,"GROSS_PROFIT_QOQ":-41.897495857271,"ROA":1.007732170017,"HOLDER_PROFIT_QOQ":148.140091363933,"ROE_YEARLY":1.104032487391,"ROIC_YEARLY":1.110694259196,"TOTAL_ASSETS":443582000,"TOTAL_LIABILITIES":37780000,"TAX_EBT":10.963302752294,"OCF_SALES":-33.881055100327,"TOTAL_PARENT_EQUITY":403023000,"DEBT_ASSET_RATIO":8.5170272915,"OPERATE_PROFIT":13530000,"PRETAX_PROFIT":8720000,"NETCASH_OPERATE":-23403000,"NETCASH_INVEST":60185000,"NETCASH_FINANCE":-3773000,"END_CASH":55162000,"DIVI_RATIO":null,"DIVIDEND_RATE":null,"CURRENT_RATIO":5.917062933348,"COMMON_ACS":null,"CURRENTDEBT_DEBT":99.637374272102,"ISSUED_COMMON_SHARES":153340000,"HK_COMMON_SHARES":38340000,"PER_SHARES":400,"TOTAL_MARKET_CAP":274478600,"HKSK_MARKET_CAP":68628600,"PE_TTM":-8.073843869495,"PB_TTM":0.928551518969,"REPORT_DATE_SQ":"2019-12-31 00:00:00","REPORT_TYPE_SQ":"2019年年报","OPERATE_INCOME_SQ":125234000,"DPS_HKD":null,"OPERATE_INCOME_QOQ_SQ":-4.703420461896,"NET_PROFIT_RATIO_SQ":5.4090742131,"HOLDER_PROFIT_SQ":9451000,"HOLDER_PROFIT_QOQ_SQ":-72.951546893334,"ROE_AVG_SQ":2.369054646678,"PE_TTM_SQ":-3.195733098008,"PB_TTM_SQ":0.574572596761,"ROA_SQ":2.089380658141,"START_DATE":"2020-01-01 00:00:00","FISCAL_YEAR":"12-31","CURRENCY":"HKD","IS_CNY_CODE":0,"DPS_HKD_LY":null,"ORG_TYPE":"一般企业","PREMIUM_INCOME":null,"PREMIUM_INCOME_YOY":null,"NET_INTEREST_INCOME":null,"NET_INTEREST_INCOME_YOY":null,"FEE_COMMISSION_INCOME":null,"FEE_COMMISSION_INCOME_YOY":null,"ACCOUNTS_RECE_TDAYS":0.834065880989,"INVENTORY_TDAYS":null,"CURRENT_ASSETS_TDAYS":0.397257831686,"TOTAL_ASSETS_TDAYS":0.157270880957,"PREMIUM_EXPENSE":null,"LOAN_DEPOSIT":null,"LOAN_EQUITY":null,"LOAN_ASSETS":null,"DEPOSIT_EQUITY":null,"DEPOSIT_ASSETS":null,"EQUITY_MULTIPLIER":1.093099590441,"EQUITY_RATIO":0.093741548249},{"SECUCODE":"01835.HK","SECURITY_CODE":"01835","SECURITY_NAME_ABBR":"瑞威资管","ORG_CODE":"10411909","STD_REPORT_DATE":"2020-06-30 00:00:00","REPORT_DATE":"2020-06-30 00:00:00","DATE_TYPE_CODE":"002","REPORT_TYPE":"2020年中报","PER_NETCASH_OPERATE":-0.264536324508,"PER_OI":0.326516238424,"BPS":2.660982131212,"BASIC_EPS":0.0601,"DILUTED_EPS":0.0601,"OPERATE_INCOME":50068000,"OPERATE_INCOME_YOY":-11.2568460979,"GROSS_PROFIT":50068000,"GROSS_PROFIT_YOY":-11.256846097946,"HOLDER_PROFIT":9216000,"HOLDER_PROFIT_YOY":-66.9215031765,"GROSS_PROFIT_RATIO":null,"EPS_TTM":-0.059958262684,"OPERATE_INCOME_QOQ":-5.071306514205,"NET_PROFIT_RATIO":15.5328752896,"ROE_AVG":2.284581060982,"GROSS_PROFIT_QOQ":-5.071306514205,"ROA":2.102110664174,"HOLDER_PROFIT_QOQ":-197.280711035869,"ROE_YEARLY":4.569162121963,"ROIC_YEARLY":4.404779970104,"TOTAL_ASSETS":442007000,"TOTAL_LIABILITIES":34219000,"TAX_EBT":38.06148454922,"OCF_SALES":-81.017815770552,"TOTAL_PARENT_EQUITY":408035000,"DEBT_ASSET_RATIO":7.741732597,"OPERATE_PROFIT":22037000,"PRETAX_PROFIT":12556000,"NETCASH_OPERATE":-40564000,"NETCASH_INVEST":31441000,"NETCASH_FINANCE":3456000,"END_CASH":16683000,"DIVI_RATIO":null,"DIVIDEND_RATE":null,"CURRENT_RATIO":5.187089044098,"COMMON_ACS":null,"CURRENTDEBT_DEBT":100,"ISSUED_COMMON_SHARES":153340000,"HK_COMMON_SHARES":38340000,"PER_SHARES":400,"TOTAL_MARKET_CAP":274478600,"HKSK_MARKET_CAP":68628600,"PE_TTM":-8.073843869495,"PB_TTM":0.928551518969,"REPORT_DATE_SQ":"2019-06-30 00:00:00","REPORT_TYPE_SQ":"2019年中报","OPERATE_INCOME_SQ":56419000,"DPS_HKD":null,"OPERATE_INCOME_QOQ_SQ":-16.517911026128,"NET_PROFIT_RATIO_SQ":44.8607738528,"HOLDER_PROFIT_SQ":27861000,"HOLDER_PROFIT_QOQ_SQ":-23.601180714989,"ROE_AVG_SQ":6.827003185494,"PE_TTM_SQ":-3.195733098008,"PB_TTM_SQ":0.574572596761,"ROA_SQ":5.936277857264,"START_DATE":"2020-01-01 00:00:00","FISCAL_YEAR":"12-31","CURRENCY":"HKD","IS_CNY_CODE":0,"DPS_HKD_LY":null,"ORG_TYPE":"一般企业","PREMIUM_INCOME":null,"PREMIUM_INCOME_YOY":null,"NET_INTEREST_INCOME":null,"NET_INTEREST_INCOME_YOY":null,"FEE_COMMISSION_INCOME":null,"FEE_COMMISSION_INCOME_YOY":null,"ACCOUNTS_RECE_TDAYS":0.527278567329,"INVENTORY_TDAYS":null,"CURRENT_ASSETS_TDAYS":0.331011685371,"TOTAL_ASSETS_TDAYS":0.114201906178,"PREMIUM_EXPENSE":null,"LOAN_DEPOSIT":null,"LOAN_EQUITY":null,"LOAN_ASSETS":null,"DEPOSIT_EQUITY":null,"DEPOSIT_ASSETS":null,"EQUITY_MULTIPLIER":1.083913700256,"EQUITY_RATIO":0.083862903918}],"count":16},"success":true,"message":"ok","code":0}