{"version":"dfb91d918de2b971762e07a89857cf5e","result":{"pages":3,"data":[{"SECUCODE":"01833.HK","SECURITY_CODE":"01833","SECURITY_NAME_ABBR":"平安好医生","ORG_CODE":"10906656","STD_REPORT_DATE":"2024-06-30 00:00:00","REPORT_DATE":"2024-06-30 00:00:00","DATE_TYPE_CODE":"002","REPORT_TYPE":"2024年中报","PER_NETCASH_OPERATE":-0.120669863567,"PER_OI":1.871134127967,"BPS":6.189688806702,"BASIC_EPS":0.05,"DILUTED_EPS":0.05,"OPERATE_INCOME":2093449000,"OPERATE_INCOME_YOY":-5.7928778851,"GROSS_PROFIT":673798000,"GROSS_PROFIT_YOY":-5.810205182831,"HOLDER_PROFIT":56648000,"HOLDER_PROFIT_YOY":123.1577398229,"GROSS_PROFIT_RATIO":32.186024116183,"EPS_TTM":-0.019063062287,"OPERATE_INCOME_QOQ":-2.754387338822,"NET_PROFIT_RATIO":2.8961297839,"ROE_AVG":0.424929677844,"GROSS_PROFIT_QOQ":-2.75529610948,"ROA":0.346309294646,"HOLDER_PROFIT_QOQ":93.38859371222,"ROE_YEARLY":0.849859355688,"ROIC_YEARLY":1.053411278602,"TOTAL_ASSETS":16195223000,"TOTAL_LIABILITIES":2829222000,"TAX_EBT":0.037921255688,"OCF_SALES":-6.449022641583,"TOTAL_PARENT_EQUITY":13378664000,"DEBT_ASSET_RATIO":17.4694846746,"OPERATE_PROFIT":-41516000,"PRETAX_PROFIT":60652000,"NETCASH_OPERATE":-135007000,"NETCASH_INVEST":1295072000,"NETCASH_FINANCE":-18740000,"END_CASH":3008655000,"DIVI_RATIO":-464.405763711947,"DIVIDEND_RATE":110.102156640182,"CURRENT_RATIO":4.752379546664,"COMMON_ACS":10000000000,"CURRENTDEBT_DEBT":95.54732714506,"ISSUED_COMMON_SHARES":2161443720,"HK_COMMON_SHARES":2161443720,"PER_SHARES":100,"TOTAL_MARKET_CAP":19042319173.2,"HKSK_MARKET_CAP":19042319173.2,"PE_TTM":-666.008614814206,"PB_TTM":1.299049281976,"REPORT_DATE_SQ":"2023-06-30 00:00:00","REPORT_TYPE_SQ":"2023年中报","OPERATE_INCOME_SQ":2222177000,"DPS_HKD":9.7,"OPERATE_INCOME_QOQ_SQ":-9.883046926201,"NET_PROFIT_RATIO_SQ":-11.0192392415,"HOLDER_PROFIT_SQ":-244618000,"HOLDER_PROFIT_QOQ_SQ":35.853870095413,"ROE_AVG_SQ":-1.819844622297,"PE_TTM_SQ":-33.6154165549,"PB_TTM_SQ":0.939502691952,"ROA_SQ":-1.447272212433,"START_DATE":"2024-01-01 00:00:00","FISCAL_YEAR":"12-31","CURRENCY":"HKD","IS_CNY_CODE":0,"DPS_HKD_LY":9.7,"ORG_TYPE":"一般企业","PREMIUM_INCOME":null,"PREMIUM_INCOME_YOY":null,"NET_INTEREST_INCOME":null,"NET_INTEREST_INCOME_YOY":null,"FEE_COMMISSION_INCOME":null,"FEE_COMMISSION_INCOME_YOY":null,"ACCOUNTS_RECE_TDAYS":1.950047390054,"INVENTORY_TDAYS":8.749532370443,"CURRENT_ASSETS_TDAYS":0.159962469988,"TOTAL_ASSETS_TDAYS":0.127979954556,"PREMIUM_EXPENSE":null,"LOAN_DEPOSIT":null,"LOAN_EQUITY":null,"LOAN_ASSETS":null,"DEPOSIT_EQUITY":null,"DEPOSIT_ASSETS":null,"EQUITY_MULTIPLIER":1.211673035189,"EQUITY_RATIO":0.211472685165},{"SECUCODE":"01833.HK","SECURITY_CODE":"01833","SECURITY_NAME_ABBR":"平安好医生","ORG_CODE":"10906656","STD_REPORT_DATE":"2023-12-31 00:00:00","REPORT_DATE":"2023-12-31 00:00:00","DATE_TYPE_CODE":"001","REPORT_TYPE":"2023年年报","PER_NETCASH_OPERATE":-0.252820645883,"PER_OI":4.177250727088,"BPS":6.145720972092,"BASIC_EPS":-0.3,"DILUTED_EPS":-0.3,"OPERATE_INCOME":4673562000,"OPERATE_INCOME_YOY":-24.6817044481,"GROSS_PROFIT":1508513000,"GROSS_PROFIT_YOY":-9.736415851549,"HOLDER_PROFIT":-322594000,"HOLDER_PROFIT_YOY":49.2822981552,"GROSS_PROFIT_RATIO":32.277586132376,"EPS_TTM":-0.288335967524,"OPERATE_INCOME_QOQ":-15.807497798162,"NET_PROFIT_RATIO":-7.1649418581,"ROE_AVG":-2.405981324136,"GROSS_PROFIT_QOQ":-8.487117329606,"ROA":-1.916659470148,"HOLDER_PROFIT_QOQ":17.226709636366,"ROE_YEARLY":-2.405981324136,"ROIC_YEARLY":-2.787282377218,"TOTAL_ASSETS":16520041000,"TOTAL_LIABILITIES":3253055000,"TAX_EBT":-0.893360209465,"OCF_SALES":-6.052321548318,"TOTAL_PARENT_EQUITY":13283630000,"DEBT_ASSET_RATIO":19.6915673514,"OPERATE_PROFIT":-575260000,"PRETAX_PROFIT":-331893000,"NETCASH_OPERATE":-282859000,"NETCASH_INVEST":-1486060000,"NETCASH_FINANCE":-67356000,"END_CASH":1866511000,"DIVI_RATIO":-30.703751862863,"DIVIDEND_RATE":157.980456026059,"CURRENT_RATIO":4.30322052155,"COMMON_ACS":10000000000,"CURRENTDEBT_DEBT":95.205153309735,"ISSUED_COMMON_SHARES":2161443720,"HK_COMMON_SHARES":2161443720,"PER_SHARES":100,"TOTAL_MARKET_CAP":13271264440.8,"HKSK_MARKET_CAP":13271264440.8,"PE_TTM":-464.164914297301,"PB_TTM":0.905353302081,"REPORT_DATE_SQ":"2022-12-31 00:00:00","REPORT_TYPE_SQ":"2022年年报","OPERATE_INCOME_SQ":6205082000,"DPS_HKD":9.7,"OPERATE_INCOME_QOQ_SQ":-2.899664221695,"NET_PROFIT_RATIO_SQ":-9.9208077637,"HOLDER_PROFIT_SQ":-636058000,"HOLDER_PROFIT_QOQ_SQ":43.898254533568,"ROE_AVG_SQ":-4.411785689117,"PE_TTM_SQ":-38.53609430718,"PB_TTM_SQ":1.077028579425,"ROA_SQ":-3.469566746583,"START_DATE":"2023-01-01 00:00:00","FISCAL_YEAR":"12-31","CURRENCY":"HKD","IS_CNY_CODE":0,"DPS_HKD_LY":null,"ORG_TYPE":"一般企业","PREMIUM_INCOME":null,"PREMIUM_INCOME_YOY":null,"NET_INTEREST_INCOME":null,"NET_INTEREST_INCOME_YOY":null,"FEE_COMMISSION_INCOME":null,"FEE_COMMISSION_INCOME_YOY":null,"ACCOUNTS_RECE_TDAYS":3.460964599175,"INVENTORY_TDAYS":14.236520495324,"CURRENT_ASSETS_TDAYS":0.362416226044,"TOTAL_ASSETS_TDAYS":0.277674937123,"PREMIUM_EXPENSE":null,"LOAN_DEPOSIT":null,"LOAN_EQUITY":null,"LOAN_ASSETS":null,"DEPOSIT_EQUITY":null,"DEPOSIT_ASSETS":null,"EQUITY_MULTIPLIER":1.245199248721,"EQUITY_RATIO":0.244892021232},{"SECUCODE":"01833.HK","SECURITY_CODE":"01833","SECURITY_NAME_ABBR":"平安好医生","ORG_CODE":"10906656","STD_REPORT_DATE":"2023-06-30 00:00:00","REPORT_DATE":"2023-06-30 00:00:00","DATE_TYPE_CODE":"002","REPORT_TYPE":"2023年中报","PER_NETCASH_OPERATE":-0.060119077998,"PER_OI":1.986191793105,"BPS":6.176900132288,"BASIC_EPS":-0.23,"DILUTED_EPS":-0.23,"OPERATE_INCOME":2222177000,"OPERATE_INCOME_YOY":-21.5043333433,"GROSS_PROFIT":715362000,"GROSS_PROFIT_YOY":-4.826259449363,"HOLDER_PROFIT":-244618000,"HOLDER_PROFIT_YOY":47.10447503,"GROSS_PROFIT_RATIO":32.191945106083,"EPS_TTM":-0.348344213764,"OPERATE_INCOME_QOQ":-9.883046926201,"NET_PROFIT_RATIO":-11.0192392415,"ROE_AVG":-1.819844622297,"GROSS_PROFIT_QOQ":-2.153271933386,"ROA":-1.447272212433,"HOLDER_PROFIT_QOQ":35.853870095413,"ROE_YEARLY":-3.639689244595,"ROIC_YEARLY":-4.633505069157,"TOTAL_ASSETS":16661939000,"TOTAL_LIABILITIES":3312238000,"TAX_EBT":-0.247274454174,"OCF_SALES":-3.02685159643,"TOTAL_PARENT_EQUITY":13351022000,"DEBT_ASSET_RATIO":19.8790668961,"OPERATE_PROFIT":-357090000,"PRETAX_PROFIT":-244263000,"NETCASH_OPERATE":-67262000,"NETCASH_INVEST":984553000,"NETCASH_FINANCE":-28733000,"END_CASH":4595258000,"DIVI_RATIO":-25.414505681977,"DIVIDEND_RATE":157.980456026059,"CURRENT_RATIO":4.258146971789,"COMMON_ACS":10000000000,"CURRENTDEBT_DEBT":94.608207501997,"ISSUED_COMMON_SHARES":2161443720,"HK_COMMON_SHARES":2161443720,"PER_SHARES":100,"TOTAL_MARKET_CAP":13271264440.8,"HKSK_MARKET_CAP":13271264440.8,"PE_TTM":-464.164914297301,"PB_TTM":0.905353302081,"REPORT_DATE_SQ":"2022-06-30 00:00:00","REPORT_TYPE_SQ":"2022年中报","OPERATE_INCOME_SQ":2830955000,"DPS_HKD":9.7,"OPERATE_INCOME_QOQ_SQ":-13.504446420571,"NET_PROFIT_RATIO_SQ":-15.0584300567,"HOLDER_PROFIT_SQ":-462455000,"HOLDER_PROFIT_QOQ_SQ":29.593747948066,"ROE_AVG_SQ":-3.072901103358,"PE_TTM_SQ":-38.53609430718,"PB_TTM_SQ":1.077028579425,"ROA_SQ":-2.433264041084,"START_DATE":"2023-01-01 00:00:00","FISCAL_YEAR":"12-31","CURRENCY":"HKD","IS_CNY_CODE":0,"DPS_HKD_LY":null,"ORG_TYPE":"一般企业","PREMIUM_INCOME":null,"PREMIUM_INCOME_YOY":null,"NET_INTEREST_INCOME":null,"NET_INTEREST_INCOME_YOY":null,"FEE_COMMISSION_INCOME":null,"FEE_COMMISSION_INCOME_YOY":null,"ACCOUNTS_RECE_TDAYS":1.774035993617,"INVENTORY_TDAYS":7.375230963132,"CURRENT_ASSETS_TDAYS":0.172213276206,"TOTAL_ASSETS_TDAYS":0.131474177011,"PREMIUM_EXPENSE":null,"LOAN_DEPOSIT":null,"LOAN_EQUITY":null,"LOAN_ASSETS":null,"DEPOSIT_EQUITY":null,"DEPOSIT_ASSETS":null,"EQUITY_MULTIPLIER":1.248113272349,"EQUITY_RATIO":0.248088723096},{"SECUCODE":"01833.HK","SECURITY_CODE":"01833","SECURITY_NAME_ABBR":"平安好医生","ORG_CODE":"10906656","STD_REPORT_DATE":"2022-12-31 00:00:00","REPORT_DATE":"2022-12-31 00:00:00","DATE_TYPE_CODE":"001","REPORT_TYPE":"2022年年报","PER_NETCASH_OPERATE":-0.724531331378,"PER_OI":5.546130188524,"BPS":6.227124895947,"BASIC_EPS":-0.59,"DILUTED_EPS":-0.59,"OPERATE_INCOME":6205082000,"OPERATE_INCOME_YOY":-16.0125270411,"GROSS_PROFIT":1671231000,"GROSS_PROFIT_YOY":-2.087457619572,"HOLDER_PROFIT":-636058000,"HOLDER_PROFIT_YOY":60.5008636814,"GROSS_PROFIT_RATIO":27.349690843289,"EPS_TTM":-0.54304790372,"OPERATE_INCOME_QOQ":-2.899664221695,"NET_PROFIT_RATIO":-9.9208077637,"ROE_AVG":-4.411785689117,"GROSS_PROFIT_QOQ":15.781219395697,"ROA":-3.469566746583,"HOLDER_PROFIT_QOQ":43.898254533568,"ROE_YEARLY":-4.411785689117,"ROIC_YEARLY":-4.428334184279,"TOTAL_ASSETS":17184180000,"TOTAL_LIABILITIES":3652880000,"TAX_EBT":-0.536009292924,"OCF_SALES":-13.159716816447,"TOTAL_PARENT_EQUITY":13532372000,"DEBT_ASSET_RATIO":21.488422517,"OPERATE_PROFIT":-726338000,"PRETAX_PROFIT":-636183000,"NETCASH_OPERATE":-810615000,"NETCASH_INVEST":1710082000,"NETCASH_FINANCE":-317882000,"END_CASH":3700689000,"DIVI_RATIO":-16.30242182937,"DIVIDEND_RATE":157.980456026059,"CURRENT_RATIO":3.578528648376,"COMMON_ACS":10000000000,"CURRENTDEBT_DEBT":94.507347627078,"ISSUED_COMMON_SHARES":2161443720,"HK_COMMON_SHARES":2161443720,"PER_SHARES":100,"TOTAL_MARKET_CAP":13271264440.8,"HKSK_MARKET_CAP":13271264440.8,"PE_TTM":-464.164914297301,"PB_TTM":0.905353302081,"REPORT_DATE_SQ":"2021-12-31 00:00:00","REPORT_TYPE_SQ":"2021年年报","OPERATE_INCOME_SQ":7334214000,"DPS_HKD":9.7,"OPERATE_INCOME_QOQ_SQ":-7.602758381586,"NET_PROFIT_RATIO_SQ":-20.9892839233,"HOLDER_PROFIT_SQ":-1538183000,"HOLDER_PROFIT_QOQ_SQ":4.724082675783,"ROE_AVG_SQ":-10.283131183205,"PE_TTM_SQ":-38.53609430718,"PB_TTM_SQ":1.077028579425,"ROA_SQ":-8.441452567123,"START_DATE":"2022-01-01 00:00:00","FISCAL_YEAR":"12-31","CURRENCY":"HKD","IS_CNY_CODE":0,"DPS_HKD_LY":null,"ORG_TYPE":"一般企业","PREMIUM_INCOME":null,"PREMIUM_INCOME_YOY":null,"NET_INTEREST_INCOME":null,"NET_INTEREST_INCOME_YOY":null,"FEE_COMMISSION_INCOME":null,"FEE_COMMISSION_INCOME_YOY":null,"ACCOUNTS_RECE_TDAYS":4.050339737746,"INVENTORY_TDAYS":13.894981805085,"CURRENT_ASSETS_TDAYS":0.488470298914,"TOTAL_ASSETS_TDAYS":0.351761036302,"PREMIUM_EXPENSE":null,"LOAN_DEPOSIT":null,"LOAN_EQUITY":null,"LOAN_ASSETS":null,"DEPOSIT_EQUITY":null,"DEPOSIT_ASSETS":null,"EQUITY_MULTIPLIER":1.273697500495,"EQUITY_RATIO":0.269936416173},{"SECUCODE":"01833.HK","SECURITY_CODE":"01833","SECURITY_NAME_ABBR":"平安好医生","ORG_CODE":"10906656","STD_REPORT_DATE":"2022-06-30 00:00:00","REPORT_DATE":"2022-06-30 00:00:00","DATE_TYPE_CODE":"002","REPORT_TYPE":"2022年中报","PER_NETCASH_OPERATE":-0.079118680165,"PER_OI":2.530320306461,"BPS":6.26230971214,"BASIC_EPS":-0.43,"DILUTED_EPS":-0.43,"OPERATE_INCOME":2830955000,"OPERATE_INCOME_YOY":-25.939042876,"GROSS_PROFIT":751638000,"GROSS_PROFIT_YOY":-26.685127762946,"HOLDER_PROFIT":-462455000,"HOLDER_PROFIT_YOY":51.7538903018,"GROSS_PROFIT_RATIO":27.349623096342,"EPS_TTM":-0.967969711468,"OPERATE_INCOME_QOQ":-13.504446420571,"NET_PROFIT_RATIO":-15.0584300567,"ROE_AVG":-3.072901103358,"GROSS_PROFIT_QOQ":-14.751992107149,"ROA":-2.433264041084,"HOLDER_PROFIT_QOQ":29.593747948066,"ROE_YEARLY":-6.145802206716,"ROIC_YEARLY":-5.931912235578,"TOTAL_ASSETS":16998631000,"TOTAL_LIABILITIES":3462024000,"TAX_EBT":-0.768457199454,"OCF_SALES":-3.130190448002,"TOTAL_PARENT_EQUITY":13535630000,"DEBT_ASSET_RATIO":20.3664871601,"OPERATE_PROFIT":-499882000,"PRETAX_PROFIT":-460403000,"NETCASH_OPERATE":-88519000,"NETCASH_INVEST":472255000,"NETCASH_FINANCE":-263966000,"END_CASH":3196085000,"DIVI_RATIO":-9.145943199577,"DIVIDEND_RATE":157.980456026059,"CURRENT_RATIO":3.723158690029,"COMMON_ACS":10000000000,"CURRENTDEBT_DEBT":96.075330500309,"ISSUED_COMMON_SHARES":2161443720,"HK_COMMON_SHARES":2161443720,"PER_SHARES":100,"TOTAL_MARKET_CAP":13271264440.8,"HKSK_MARKET_CAP":13271264440.8,"PE_TTM":-464.164914297301,"PB_TTM":0.905353302081,"REPORT_DATE_SQ":"2021-06-30 00:00:00","REPORT_TYPE_SQ":"2021年中报","OPERATE_INCOME_SQ":3818356000,"DPS_HKD":9.7,"OPERATE_INCOME_QOQ_SQ":15.608986734172,"NET_PROFIT_RATIO_SQ":-23.0293613272,"HOLDER_PROFIT_SQ":-879559000,"HOLDER_PROFIT_QOQ_SQ":-70.214912733875,"ROE_AVG_SQ":-5.703753307525,"PE_TTM_SQ":-38.53609430718,"PB_TTM_SQ":1.077028579425,"ROA_SQ":-4.738048092299,"START_DATE":"2022-01-01 00:00:00","FISCAL_YEAR":"12-31","CURRENCY":"HKD","IS_CNY_CODE":0,"DPS_HKD_LY":null,"ORG_TYPE":"一般企业","PREMIUM_INCOME":null,"PREMIUM_INCOME_YOY":null,"NET_INTEREST_INCOME":null,"NET_INTEREST_INCOME_YOY":null,"FEE_COMMISSION_INCOME":null,"FEE_COMMISSION_INCOME_YOY":null,"ACCOUNTS_RECE_TDAYS":2.073491842134,"INVENTORY_TDAYS":8.190252565822,"CURRENT_ASSETS_TDAYS":0.224964789476,"TOTAL_ASSETS_TDAYS":0.162154012053,"PREMIUM_EXPENSE":null,"LOAN_DEPOSIT":null,"LOAN_EQUITY":null,"LOAN_ASSETS":null,"DEPOSIT_EQUITY":null,"DEPOSIT_ASSETS":null,"EQUITY_MULTIPLIER":1.255752715582,"EQUITY_RATIO":0.255771175778},{"SECUCODE":"01833.HK","SECURITY_CODE":"01833","SECURITY_NAME_ABBR":"平安好医生","ORG_CODE":"10906656","STD_REPORT_DATE":"2021-12-31 00:00:00","REPORT_DATE":"2021-12-31 00:00:00","DATE_TYPE_CODE":"001","REPORT_TYPE":"2021年年报","PER_NETCASH_OPERATE":-1.222873784248,"PER_OI":6.392618388553,"BPS":6.515745411127,"BASIC_EPS":-1.39,"DILUTED_EPS":-1.39,"OPERATE_INCOME":7334214000,"OPERATE_INCOME_YOY":6.8195148054,"GROSS_PROFIT":1706861000,"GROSS_PROFIT_YOY":-8.450537273374,"HOLDER_PROFIT":-1538183000,"HOLDER_PROFIT_YOY":-62.1738195298,"GROSS_PROFIT_RATIO":23.272582447144,"EPS_TTM":-1.340704938629,"OPERATE_INCOME_QOQ":-7.602758381586,"NET_PROFIT_RATIO":-20.9892839233,"ROE_AVG":-10.283131183205,"GROSS_PROFIT_QOQ":-17.464398485515,"ROA":-8.441452567123,"HOLDER_PROFIT_QOQ":4.724082675783,"ROE_YEARLY":-10.283131183205,"ROIC_YEARLY":-12.096028999335,"TOTAL_ASSETS":17880691000,"TOTAL_LIABILITIES":3794811000,"TAX_EBT":-1.036487755701,"OCF_SALES":-19.129466361358,"TOTAL_PARENT_EQUITY":14083417000,"DEBT_ASSET_RATIO":21.2229549742,"OPERATE_PROFIT":-1643475000,"PRETAX_PROFIT":-1523607000,"NETCASH_OPERATE":-1402996000,"NETCASH_INVEST":-3100440000,"NETCASH_FINANCE":-319909000,"END_CASH":3064876000,"DIVI_RATIO":-6.603239642762,"DIVIDEND_RATE":157.980456026059,"CURRENT_RATIO":3.472415313636,"COMMON_ACS":10000000000,"CURRENTDEBT_DEBT":96.812463123987,"ISSUED_COMMON_SHARES":2161443720,"HK_COMMON_SHARES":2161443720,"PER_SHARES":100,"TOTAL_MARKET_CAP":13271264440.8,"HKSK_MARKET_CAP":13271264440.8,"PE_TTM":-464.164914297301,"PB_TTM":0.905353302081,"REPORT_DATE_SQ":"2020-12-31 00:00:00","REPORT_TYPE_SQ":"2020年年报","OPERATE_INCOME_SQ":6865987000,"DPS_HKD":9.7,"OPERATE_INCOME_QOQ_SQ":23.947871751801,"NET_PROFIT_RATIO_SQ":-13.8145178545,"HOLDER_PROFIT_SQ":-948478000,"HOLDER_PROFIT_QOQ_SQ":-40.526917788735,"ROE_AVG_SQ":-7.444306407852,"PE_TTM_SQ":-38.53609430718,"PB_TTM_SQ":1.077028579425,"ROA_SQ":-6.130681430543,"START_DATE":"2021-01-01 00:00:00","FISCAL_YEAR":"12-31","CURRENCY":"HKD","IS_CNY_CODE":0,"DPS_HKD_LY":null,"ORG_TYPE":"一般企业","PREMIUM_INCOME":null,"PREMIUM_INCOME_YOY":null,"NET_INTEREST_INCOME":null,"NET_INTEREST_INCOME_YOY":null,"FEE_COMMISSION_INCOME":null,"FEE_COMMISSION_INCOME_YOY":null,"ACCOUNTS_RECE_TDAYS":5.616093689698,"INVENTORY_TDAYS":20.150295951215,"CURRENT_ASSETS_TDAYS":0.523627969114,"TOTAL_ASSETS_TDAYS":0.402497099488,"PREMIUM_EXPENSE":null,"LOAN_DEPOSIT":null,"LOAN_EQUITY":null,"LOAN_ASSETS":null,"DEPOSIT_EQUITY":null,"DEPOSIT_ASSETS":null,"EQUITY_MULTIPLIER":1.26940531937,"EQUITY_RATIO":0.269452434732},{"SECUCODE":"01833.HK","SECURITY_CODE":"01833","SECURITY_NAME_ABBR":"平安好医生","ORG_CODE":"10906656","STD_REPORT_DATE":"2021-06-30 00:00:00","REPORT_DATE":"2021-06-30 00:00:00","DATE_TYPE_CODE":"002","REPORT_TYPE":"2021年中报","PER_NETCASH_OPERATE":-0.27675551746,"PER_OI":3.328140245109,"BPS":6.943600178496,"BASIC_EPS":-0.8,"DILUTED_EPS":-0.8,"OPERATE_INCOME":3818356000,"OPERATE_INCOME_YOY":39.0189121637,"GROSS_PROFIT":1025219000,"GROSS_PROFIT_YOY":24.782772214805,"HOLDER_PROFIT":-879559000,"HOLDER_PROFIT_YOY":-311.8055490528,"GROSS_PROFIT_RATIO":26.849748949548,"EPS_TTM":-1.407181348951,"OPERATE_INCOME_QOQ":15.608986734172,"NET_PROFIT_RATIO":-23.0293613272,"ROE_AVG":-5.703753307525,"GROSS_PROFIT_QOQ":10.921179523432,"ROA":-4.738048092299,"HOLDER_PROFIT_QOQ":-70.214912733875,"ROE_YEARLY":-11.407506615051,"ROIC_YEARLY":-13.861229247816,"TOTAL_ASSETS":18564612000,"TOTAL_LIABILITIES":3533206000,"TAX_EBT":-0.997521414838,"OCF_SALES":-8.315620649306,"TOTAL_PARENT_EQUITY":15008201000,"DEBT_ASSET_RATIO":19.0319409854,"OPERATE_PROFIT":-937292000,"PRETAX_PROFIT":-870658000,"NETCASH_OPERATE":-317520000,"NETCASH_INVEST":-3812473000,"NETCASH_FINANCE":23698000,"END_CASH":3779067000,"DIVI_RATIO":-6.291297142758,"DIVIDEND_RATE":157.980456026059,"CURRENT_RATIO":3.317315580512,"COMMON_ACS":10000000000,"CURRENTDEBT_DEBT":97.221107402172,"ISSUED_COMMON_SHARES":2161443720,"HK_COMMON_SHARES":2161443720,"PER_SHARES":100,"TOTAL_MARKET_CAP":13271264440.8,"HKSK_MARKET_CAP":13271264440.8,"PE_TTM":-464.164914297301,"PB_TTM":0.905353302081,"REPORT_DATE_SQ":"2020-06-30 00:00:00","REPORT_TYPE_SQ":"2020年中报","OPERATE_INCOME_SQ":2746645000,"DPS_HKD":9.7,"OPERATE_INCOME_QOQ_SQ":9.357272602182,"NET_PROFIT_RATIO_SQ":-7.7623791935,"HOLDER_PROFIT_SQ":-213586000,"HOLDER_PROFIT_QOQ_SQ":8.028234268117,"ROE_AVG_SQ":-2.232569088222,"PE_TTM_SQ":-38.53609430718,"PB_TTM_SQ":1.077028579425,"ROA_SQ":-1.720138549491,"START_DATE":"2021-01-01 00:00:00","FISCAL_YEAR":"12-31","CURRENCY":"HKD","IS_CNY_CODE":0,"DPS_HKD_LY":null,"ORG_TYPE":"一般企业","PREMIUM_INCOME":null,"PREMIUM_INCOME_YOY":null,"NET_INTEREST_INCOME":null,"NET_INTEREST_INCOME_YOY":null,"FEE_COMMISSION_INCOME":null,"FEE_COMMISSION_INCOME_YOY":null,"ACCOUNTS_RECE_TDAYS":3.634983790226,"INVENTORY_TDAYS":20.497079327805,"CURRENT_ASSETS_TDAYS":0.28654514198,"TOTAL_ASSETS_TDAYS":0.205688923216,"PREMIUM_EXPENSE":null,"LOAN_DEPOSIT":null,"LOAN_EQUITY":null,"LOAN_ASSETS":null,"DEPOSIT_EQUITY":null,"DEPOSIT_ASSETS":null,"EQUITY_MULTIPLIER":1.235054924337,"EQUITY_RATIO":0.235418355604},{"SECUCODE":"01833.HK","SECURITY_CODE":"01833","SECURITY_NAME_ABBR":"平安好医生","ORG_CODE":"10906656","STD_REPORT_DATE":"2020-12-31 00:00:00","REPORT_DATE":"2020-12-31 00:00:00","DATE_TYPE_CODE":"001","REPORT_TYPE":"2020年年报","PER_NETCASH_OPERATE":-0.960757929396,"PER_OI":5.984504236141,"BPS":7.325293669918,"BASIC_EPS":-0.92,"DILUTED_EPS":-0.92,"OPERATE_INCOME":6865987000,"OPERATE_INCOME_YOY":35.5460119962,"GROSS_PROFIT":1864414000,"GROSS_PROFIT_YOY":59.15723445467,"HOLDER_PROFIT":-948478000,"HOLDER_PROFIT_YOY":-29.2450876189,"GROSS_PROFIT_RATIO":27.154347947353,"EPS_TTM":-0.826708615802,"OPERATE_INCOME_QOQ":23.947871751801,"NET_PROFIT_RATIO":-13.8145178545,"ROE_AVG":-7.444306407852,"GROSS_PROFIT_QOQ":24.183494989136,"ROA":-6.130681430543,"HOLDER_PROFIT_QOQ":-40.526917788735,"ROE_YEARLY":-7.444306407852,"ROIC_YEARLY":-10.531352068212,"TOTAL_ASSETS":18562871000,"TOTAL_LIABILITIES":2706672000,"TAX_EBT":-0.760080225379,"OCF_SALES":-16.054093897935,"TOTAL_PARENT_EQUITY":15833210000,"DEBT_ASSET_RATIO":14.581106554,"OPERATE_PROFIT":-919139000,"PRETAX_PROFIT":-941348000,"NETCASH_OPERATE":-1102272000,"NETCASH_INVEST":-2497198000,"NETCASH_FINANCE":6922079000,"END_CASH":7920375000,"DIVI_RATIO":-10.708725941375,"DIVIDEND_RATE":157.980456026059,"CURRENT_RATIO":5.719174870019,"COMMON_ACS":10000000000,"CURRENTDEBT_DEBT":98.553020092571,"ISSUED_COMMON_SHARES":2161443720,"HK_COMMON_SHARES":2161443720,"PER_SHARES":100,"TOTAL_MARKET_CAP":13271264440.8,"HKSK_MARKET_CAP":13271264440.8,"PE_TTM":-464.164914297301,"PB_TTM":0.905353302081,"REPORT_DATE_SQ":"2019-12-31 00:00:00","REPORT_TYPE_SQ":"2019年年报","OPERATE_INCOME_SQ":5065429000,"DPS_HKD":9.7,"OPERATE_INCOME_QOQ_SQ":12.874389800139,"NET_PROFIT_RATIO_SQ":-14.7414167685,"HOLDER_PROFIT_SQ":-733860000,"HOLDER_PROFIT_QOQ_SQ":0.829863743427,"ROE_AVG_SQ":-7.394919335916,"PE_TTM_SQ":-38.53609430718,"PB_TTM_SQ":1.077028579425,"ROA_SQ":-5.929544781431,"START_DATE":"2020-01-01 00:00:00","FISCAL_YEAR":"12-31","CURRENCY":"HKD","IS_CNY_CODE":0,"DPS_HKD_LY":null,"ORG_TYPE":"一般企业","PREMIUM_INCOME":null,"PREMIUM_INCOME_YOY":null,"NET_INTEREST_INCOME":null,"NET_INTEREST_INCOME_YOY":null,"FEE_COMMISSION_INCOME":null,"FEE_COMMISSION_INCOME_YOY":null,"ACCOUNTS_RECE_TDAYS":8.041704268284,"INVENTORY_TDAYS":42.524416217112,"CURRENT_ASSETS_TDAYS":0.57858218025,"TOTAL_ASSETS_TDAYS":0.443797104448,"PREMIUM_EXPENSE":null,"LOAN_DEPOSIT":null,"LOAN_EQUITY":null,"LOAN_ASSETS":null,"DEPOSIT_EQUITY":null,"DEPOSIT_ASSETS":null,"EQUITY_MULTIPLIER":1.170701187592,"EQUITY_RATIO":0.170949036866},{"SECUCODE":"01833.HK","SECURITY_CODE":"01833","SECURITY_NAME_ABBR":"平安好医生","ORG_CODE":"10906656","STD_REPORT_DATE":"2020-06-30 00:00:00","REPORT_DATE":"2020-06-30 00:00:00","DATE_TYPE_CODE":"002","REPORT_TYPE":"2020年中报","PER_NETCASH_OPERATE":-0.336818095704,"PER_OI":2.573465685469,"BPS":4.388220203115,"BASIC_EPS":-0.21,"DILUTED_EPS":-0.21,"OPERATE_INCOME":2746645000,"OPERATE_INCOME_YOY":20.8560105146,"GROSS_PROFIT":821603000,"GROSS_PROFIT_YOY":67.096405487966,"HOLDER_PROFIT":-213586000,"HOLDER_PROFIT_YOY":21.6203917769,"GROSS_PROFIT_RATIO":29.912966546459,"EPS_TTM":-0.632387958259,"OPERATE_INCOME_QOQ":9.357272602182,"NET_PROFIT_RATIO":-7.7623791935,"ROE_AVG":-2.232569088222,"GROSS_PROFIT_QOQ":28.162953111115,"ROA":-1.720138549491,"HOLDER_PROFIT_QOQ":8.028234268117,"ROE_YEARLY":-4.465138176444,"ROIC_YEARLY":-5.474198967882,"TOTAL_ASSETS":12454443000,"TOTAL_LIABILITIES":2946157000,"TAX_EBT":-2.001712746566,"OCF_SALES":-13.088112952347,"TOTAL_PARENT_EQUITY":9484891000,"DEBT_ASSET_RATIO":23.6554697789,"OPERATE_PROFIT":-208603000,"PRETAX_PROFIT":-209021000,"NETCASH_OPERATE":-359484000,"NETCASH_INVEST":-385416000,"NETCASH_FINANCE":-28519000,"END_CASH":4217265000,"DIVI_RATIO":-13.999311473875,"DIVIDEND_RATE":157.980456026059,"CURRENT_RATIO":2.686699646624,"COMMON_ACS":10000000000,"CURRENTDEBT_DEBT":97.992265856843,"ISSUED_COMMON_SHARES":2161443720,"HK_COMMON_SHARES":2161443720,"PER_SHARES":100,"TOTAL_MARKET_CAP":13271264440.8,"HKSK_MARKET_CAP":13271264440.8,"PE_TTM":-464.164914297301,"PB_TTM":0.905353302081,"REPORT_DATE_SQ":"2019-06-30 00:00:00","REPORT_TYPE_SQ":"2019年中报","OPERATE_INCOME_SQ":2272659000,"DPS_HKD":9.7,"OPERATE_INCOME_QOQ_SQ":34.447933384644,"NET_PROFIT_RATIO_SQ":-12.0361215651,"HOLDER_PROFIT_SQ":-272502000,"HOLDER_PROFIT_QOQ_SQ":18.829456531039,"ROE_AVG_SQ":-2.700259163522,"PE_TTM_SQ":-38.53609430718,"PB_TTM_SQ":1.077028579425,"ROA_SQ":-2.204996047422,"START_DATE":"2020-01-01 00:00:00","FISCAL_YEAR":"12-31","CURRENCY":"HKD","IS_CNY_CODE":0,"DPS_HKD_LY":null,"ORG_TYPE":"一般企业","PREMIUM_INCOME":null,"PREMIUM_INCOME_YOY":null,"NET_INTEREST_INCOME":null,"NET_INTEREST_INCOME_YOY":null,"FEE_COMMISSION_INCOME":null,"FEE_COMMISSION_INCOME_YOY":null,"ACCOUNTS_RECE_TDAYS":3.605606938048,"INVENTORY_TDAYS":21.71495930649,"CURRENT_ASSETS_TDAYS":0.338373162099,"TOTAL_ASSETS_TDAYS":0.221204102622,"PREMIUM_EXPENSE":null,"LOAN_DEPOSIT":null,"LOAN_EQUITY":null,"LOAN_ASSETS":null,"DEPOSIT_EQUITY":null,"DEPOSIT_ASSETS":null,"EQUITY_MULTIPLIER":1.309851533704,"EQUITY_RATIO":0.31061579938}],"count":19},"success":true,"message":"ok","code":0}