{"version":"ca37a70929283838c31a23152480d22a","result":{"pages":2,"data":[{"SECUCODE":"01842.HK","SECURITY_CODE":"01842","SECURITY_NAME_ABBR":"植华集团","ORG_CODE":"10923301","STD_REPORT_DATE":"2024-06-30 00:00:00","REPORT_DATE":"2024-06-30 00:00:00","DATE_TYPE_CODE":"002","REPORT_TYPE":"2024年中报","PER_NETCASH_OPERATE":0.0018413319,"PER_OI":0.114729199967,"BPS":0.0991877807,"BASIC_EPS":-0.004380864,"DILUTED_EPS":-0.004380864,"OPERATE_INCOME":137675039.96,"OPERATE_INCOME_YOY":-3.9992108495,"GROSS_PROFIT":19955748.2,"GROSS_PROFIT_YOY":-15.70820143411,"HOLDER_PROFIT":-5251560.72,"HOLDER_PROFIT_YOY":-113.2690882135,"GROSS_PROFIT_RATIO":14.494819253946,"EPS_TTM":-0.001481742767,"OPERATE_INCOME_QOQ":-2.723740604934,"NET_PROFIT_RATIO":-3.8144610102,"ROE_AVG":-4.311904949249,"GROSS_PROFIT_QOQ":-9.70118707809,"ROA":-2.302415054929,"HOLDER_PROFIT_QOQ":-280.339775142252,"ROE_YEARLY":-8.623809898497,"ROIC_YEARLY":-5.886776238049,"TOTAL_ASSETS":225357120.24,"TOTAL_LIABILITIES":106331783.4,"TAX_EBT":8.24429915484,"OCF_SALES":1.604937453181,"TOTAL_PARENT_EQUITY":119025336.84,"DEBT_ASSET_RATIO":47.1836804121,"OPERATE_PROFIT":-5069024.72,"PRETAX_PROFIT":-5723416.28,"NETCASH_OPERATE":2209598.28,"NETCASH_INVEST":2674152.4,"NETCASH_FINANCE":3912659.16,"END_CASH":51688719.12,"DIVI_RATIO":null,"DIVIDEND_RATE":null,"CURRENT_RATIO":1.54012676658,"COMMON_ACS":10000000000,"CURRENTDEBT_DEBT":98.449851937685,"ISSUED_COMMON_SHARES":1200000000,"HK_COMMON_SHARES":1200000000,"PER_SHARES":4000,"TOTAL_MARKET_CAP":72000000,"HKSK_MARKET_CAP":72000000,"PE_TTM":-36.585365853659,"PB_TTM":0.552092199397,"REPORT_DATE_SQ":"2023-06-30 00:00:00","REPORT_TYPE_SQ":"2023年中报","OPERATE_INCOME_SQ":144871639.38,"DPS_HKD":null,"OPERATE_INCOME_QOQ_SQ":-4.233779461995,"NET_PROFIT_RATIO_SQ":-1.7170386493,"HOLDER_PROFIT_SQ":-2487502.04,"HOLDER_PROFIT_QOQ_SQ":414.440029882972,"ROE_AVG_SQ":-2.033157498116,"PE_TTM_SQ":61.293984108967,"PB_TTM_SQ":0.823365276857,"ROA_SQ":-1.062164997766,"START_DATE":"2024-01-01 00:00:00","FISCAL_YEAR":"12-31","CURRENCY":"HKD","IS_CNY_CODE":0,"DPS_HKD_LY":null,"ORG_TYPE":"一般企业","PREMIUM_INCOME":null,"PREMIUM_INCOME_YOY":null,"NET_INTEREST_INCOME":null,"NET_INTEREST_INCOME_YOY":null,"FEE_COMMISSION_INCOME":null,"FEE_COMMISSION_INCOME_YOY":null,"ACCOUNTS_RECE_TDAYS":2.654214980733,"INVENTORY_TDAYS":5.153611027869,"CURRENT_ASSETS_TDAYS":0.838360260322,"TOTAL_ASSETS_TDAYS":0.603601674993,"PREMIUM_EXPENSE":null,"LOAN_DEPOSIT":null,"LOAN_EQUITY":null,"LOAN_ASSETS":null,"DEPOSIT_EQUITY":null,"DEPOSIT_ASSETS":null,"EQUITY_MULTIPLIER":1.893354190149,"EQUITY_RATIO":0.89335419015},{"SECUCODE":"01842.HK","SECURITY_CODE":"01842","SECURITY_NAME_ABBR":"植华集团","ORG_CODE":"10923301","STD_REPORT_DATE":"2023-12-31 00:00:00","REPORT_DATE":"2023-12-31 00:00:00","DATE_TYPE_CODE":"001","REPORT_TYPE":"2023年年报","PER_NETCASH_OPERATE":-0.00346402595,"PER_OI":0.220181252667,"BPS":0.1030644006,"BASIC_EPS":0.000815598,"DILUTED_EPS":0.000815598,"OPERATE_INCOME":264217503.2,"OPERATE_INCOME_YOY":-26.0223435054,"GROSS_PROFIT":38334012.22,"GROSS_PROFIT_YOY":-27.067435738454,"HOLDER_PROFIT":985967.36,"HOLDER_PROFIT_YOY":333.4763948498,"GROSS_PROFIT_RATIO":14.508505967897,"EPS_TTM":0.000821639467,"OPERATE_INCOME_QOQ":-21.631936511772,"NET_PROFIT_RATIO":0.3731650432,"ROE_AVG":0.803821105476,"GROSS_PROFIT_QOQ":-24.45097482682,"ROA":0.411513294754,"HOLDER_PROFIT_QOQ":-24.67206816887,"ROE_YEARLY":0.803821105476,"ROIC_YEARLY":0.504195060464,"TOTAL_ASSETS":229187569.1,"TOTAL_LIABILITIES":105510288.38,"TAX_EBT":718.181818181818,"OCF_SALES":-1.573261078337,"TOTAL_PARENT_EQUITY":123677280.72,"DEBT_ASSET_RATIO":46.0366540796,"OPERATE_PROFIT":2009995.96,"PRETAX_PROFIT":-159494.72,"NETCASH_OPERATE":-4156831.14,"NETCASH_INVEST":38483538.52,"NETCASH_FINANCE":-23097735.36,"END_CASH":42880517.96,"DIVI_RATIO":null,"DIVIDEND_RATE":null,"CURRENT_RATIO":1.615645778585,"COMMON_ACS":10000000000,"CURRENTDEBT_DEBT":97.396696699276,"ISSUED_COMMON_SHARES":1200000000,"HK_COMMON_SHARES":1200000000,"PER_SHARES":4000,"TOTAL_MARKET_CAP":102000000,"HKSK_MARKET_CAP":102000000,"PE_TTM":-51.829268292683,"PB_TTM":0.782130615813,"REPORT_DATE_SQ":"2022-12-31 00:00:00","REPORT_TYPE_SQ":"2022年年报","OPERATE_INCOME_SQ":352054679.13,"DPS_HKD":null,"OPERATE_INCOME_QOQ_SQ":30.185495423081,"NET_PROFIT_RATIO_SQ":-0.1182384001,"HOLDER_PROFIT_SQ":-416263.82,"HOLDER_PROFIT_QOQ_SQ":95.87626992726,"ROE_AVG_SQ":-0.390023434884,"PE_TTM_SQ":59.250851305335,"PB_TTM_SQ":0.795919767628,"ROA_SQ":-0.184642937804,"START_DATE":"2023-01-01 00:00:00","FISCAL_YEAR":"12-31","CURRENCY":"HKD","IS_CNY_CODE":0,"DPS_HKD_LY":null,"ORG_TYPE":"一般企业","PREMIUM_INCOME":null,"PREMIUM_INCOME_YOY":null,"NET_INTEREST_INCOME":null,"NET_INTEREST_INCOME_YOY":null,"FEE_COMMISSION_INCOME":null,"FEE_COMMISSION_INCOME_YOY":null,"ACCOUNTS_RECE_TDAYS":4.369118264101,"INVENTORY_TDAYS":8.931293333572,"CURRENT_ASSETS_TDAYS":1.508836390923,"TOTAL_ASSETS_TDAYS":1.102764854949,"PREMIUM_EXPENSE":null,"LOAN_DEPOSIT":null,"LOAN_EQUITY":null,"LOAN_ASSETS":null,"DEPOSIT_EQUITY":null,"DEPOSIT_ASSETS":null,"EQUITY_MULTIPLIER":1.853109704271,"EQUITY_RATIO":0.85310970427},{"SECUCODE":"01842.HK","SECURITY_CODE":"01842","SECURITY_NAME_ABBR":"植华集团","ORG_CODE":"10923301","STD_REPORT_DATE":"2023-06-30 00:00:00","REPORT_DATE":"2023-06-30 00:00:00","DATE_TYPE_CODE":"002","REPORT_TYPE":"2023年中报","PER_NETCASH_OPERATE":0.002255009417,"PER_OI":0.12072636615,"BPS":0.10077932885,"BASIC_EPS":-0.002028356,"DILUTED_EPS":-0.002028356,"OPERATE_INCOME":144871639.38,"OPERATE_INCOME_YOY":-15.8971696497,"GROSS_PROFIT":23674602.44,"GROSS_PROFIT_YOY":-7.139938208908,"HOLDER_PROFIT":-2487502.04,"HOLDER_PROFIT_YOY":45.2293950467,"GROSS_PROFIT_RATIO":16.341778516015,"EPS_TTM":0.001090750067,"OPERATE_INCOME_QOQ":-4.233779461995,"NET_PROFIT_RATIO":-1.7170386493,"ROE_AVG":-2.033157498116,"GROSS_PROFIT_QOQ":-3.463262306345,"ROA":-1.062164997766,"HOLDER_PROFIT_QOQ":414.440029882972,"ROE_YEARLY":-4.066314996232,"ROIC_YEARLY":-2.513736807657,"TOTAL_ASSETS":214032125.12,"TOTAL_LIABILITIES":93096930.5,"TAX_EBT":16.959064327485,"OCF_SALES":1.867868211874,"TOTAL_PARENT_EQUITY":120935194.62,"DEBT_ASSET_RATIO":43.4967089393,"OPERATE_PROFIT":-1860555.64,"PRETAX_PROFIT":-2995513.02,"NETCASH_OPERATE":2706011.3,"NETCASH_INVEST":13705232.7,"NETCASH_FINANCE":-17557265.14,"END_CASH":29691443.92,"DIVI_RATIO":null,"DIVIDEND_RATE":null,"CURRENT_RATIO":1.639616082378,"COMMON_ACS":10000000000,"CURRENTDEBT_DEBT":97.714285714286,"ISSUED_COMMON_SHARES":1200000000,"HK_COMMON_SHARES":1200000000,"PER_SHARES":4000,"TOTAL_MARKET_CAP":102000000,"HKSK_MARKET_CAP":102000000,"PE_TTM":-51.829268292683,"PB_TTM":0.782130615813,"REPORT_DATE_SQ":"2022-06-30 00:00:00","REPORT_TYPE_SQ":"2022年中报","OPERATE_INCOME_SQ":159776858.08,"DPS_HKD":null,"OPERATE_INCOME_QOQ_SQ":8.545388957859,"NET_PROFIT_RATIO_SQ":-2.6365933031,"HOLDER_PROFIT_SQ":-4212665.94,"HOLDER_PROFIT_QOQ_SQ":-310.4494903675,"ROE_AVG_SQ":-4.846040334481,"PE_TTM_SQ":59.250851305335,"PB_TTM_SQ":0.795919767628,"ROA_SQ":-2.035936805778,"START_DATE":"2023-01-01 00:00:00","FISCAL_YEAR":"12-31","CURRENCY":"HKD","IS_CNY_CODE":0,"DPS_HKD_LY":null,"ORG_TYPE":"一般企业","PREMIUM_INCOME":null,"PREMIUM_INCOME_YOY":null,"NET_INTEREST_INCOME":null,"NET_INTEREST_INCOME_YOY":null,"FEE_COMMISSION_INCOME":null,"FEE_COMMISSION_INCOME_YOY":null,"ACCOUNTS_RECE_TDAYS":2.484677419355,"INVENTORY_TDAYS":5.533931127389,"CURRENT_ASSETS_TDAYS":0.860909227882,"TOTAL_ASSETS_TDAYS":0.618602847531,"PREMIUM_EXPENSE":null,"LOAN_DEPOSIT":null,"LOAN_EQUITY":null,"LOAN_ASSETS":null,"DEPOSIT_EQUITY":null,"DEPOSIT_ASSETS":null,"EQUITY_MULTIPLIER":1.769808415099,"EQUITY_RATIO":0.769808415098},{"SECUCODE":"01842.HK","SECURITY_CODE":"01842","SECURITY_NAME_ABBR":"植华集团","ORG_CODE":"10923301","STD_REPORT_DATE":"2022-12-31 00:00:00","REPORT_DATE":"2022-12-31 00:00:00","DATE_TYPE_CODE":"001","REPORT_TYPE":"2022年年报","PER_NETCASH_OPERATE":0.001127008983,"PER_OI":0.293378899275,"BPS":0.099920437808,"BASIC_EPS":-0.000446635,"DILUTED_EPS":-0.000446635,"OPERATE_INCOME":352054679.13,"OPERATE_INCOME_YOY":29.3397786792,"GROSS_PROFIT":52560900.07,"GROSS_PROFIT_YOY":7.37913637126,"HOLDER_PROFIT":-416263.82,"HOLDER_PROFIT_YOY":84.5079787234,"GROSS_PROFIT_RATIO":14.929754718753,"EPS_TTM":-0.000346886517,"OPERATE_INCOME_QOQ":30.185495423081,"NET_PROFIT_RATIO":-0.1182384001,"ROE_AVG":-0.390023434884,"GROSS_PROFIT_QOQ":12.530598603265,"ROA":-0.184642937804,"HOLDER_PROFIT_QOQ":95.87626992726,"ROE_YEARLY":-0.390023434884,"ROIC_YEARLY":-0.207221629313,"TOTAL_ASSETS":246430861.25,"TOTAL_LIABILITIES":126526335.88,"TAX_EBT":-312.389380530973,"OCF_SALES":0.384147935015,"TOTAL_PARENT_EQUITY":119904525.37,"DEBT_ASSET_RATIO":51.3435432714,"OPERATE_PROFIT":3362268.28,"PRETAX_PROFIT":-100939.51,"NETCASH_OPERATE":1352410.78,"NETCASH_INVEST":-18051200.16,"NETCASH_FINANCE":39723716.9,"END_CASH":30227363.53,"DIVI_RATIO":null,"DIVIDEND_RATE":null,"CURRENT_RATIO":1.467966171468,"COMMON_ACS":10000000000,"CURRENTDEBT_DEBT":97.75422891192,"ISSUED_COMMON_SHARES":1200000000,"HK_COMMON_SHARES":1200000000,"PER_SHARES":4000,"TOTAL_MARKET_CAP":102000000,"HKSK_MARKET_CAP":102000000,"PE_TTM":-51.829268292683,"PB_TTM":0.782130615813,"REPORT_DATE_SQ":"2021-12-31 00:00:00","REPORT_TYPE_SQ":"2021年年报","OPERATE_INCOME_SQ":249135801.6,"DPS_HKD":null,"OPERATE_INCOME_QOQ_SQ":-16.654341121119,"NET_PROFIT_RATIO_SQ":-0.9871486893,"HOLDER_PROFIT_SQ":-2459340.8,"HOLDER_PROFIT_QOQ_SQ":79.337583581167,"ROE_AVG_SQ":-2.829288022085,"PE_TTM_SQ":59.250851305335,"PB_TTM_SQ":0.795919767628,"ROA_SQ":-1.14830417081,"START_DATE":"2022-01-01 00:00:00","FISCAL_YEAR":"12-31","CURRENCY":"HKD","IS_CNY_CODE":0,"DPS_HKD_LY":null,"ORG_TYPE":"一般企业","PREMIUM_INCOME":null,"PREMIUM_INCOME_YOY":null,"NET_INTEREST_INCOME":null,"NET_INTEREST_INCOME_YOY":null,"FEE_COMMISSION_INCOME":null,"FEE_COMMISSION_INCOME_YOY":null,"ACCOUNTS_RECE_TDAYS":4.263188637814,"INVENTORY_TDAYS":15.359292684044,"CURRENT_ASSETS_TDAYS":2.045278338531,"TOTAL_ASSETS_TDAYS":1.561615665329,"PREMIUM_EXPENSE":null,"LOAN_DEPOSIT":null,"LOAN_EQUITY":null,"LOAN_ASSETS":null,"DEPOSIT_EQUITY":null,"DEPOSIT_ASSETS":null,"EQUITY_MULTIPLIER":2.055225693021,"EQUITY_RATIO":1.055225693022},{"SECUCODE":"01842.HK","SECURITY_CODE":"01842","SECURITY_NAME_ABBR":"植华集团","ORG_CODE":"10923301","STD_REPORT_DATE":"2022-06-30 00:00:00","REPORT_DATE":"2022-06-30 00:00:00","DATE_TYPE_CODE":"002","REPORT_TYPE":"2022年中报","PER_NETCASH_OPERATE":-0.00117332068,"PER_OI":0.15977685808,"BPS":0.070247444575,"BASIC_EPS":-0.004190431,"DILUTED_EPS":-0.004190431,"OPERATE_INCOME":159776858.08,"OPERATE_INCOME_YOY":12.2552347763,"GROSS_PROFIT":25494924.28,"GROSS_PROFIT_YOY":-8.079105740581,"HOLDER_PROFIT":-4212665.94,"HOLDER_PROFIT_YOY":-219.7665937272,"GROSS_PROFIT_RATIO":15.956581313694,"EPS_TTM":-0.01009435178,"OPERATE_INCOME_QOQ":8.545388957859,"NET_PROFIT_RATIO":-2.6365933031,"ROE_AVG":-4.846040334481,"GROSS_PROFIT_QOQ":-4.577832425976,"ROA":-2.035936805778,"HOLDER_PROFIT_QOQ":-310.4494903675,"ROE_YEARLY":-9.692080668962,"ROIC_YEARLY":-4.337384405756,"TOTAL_ASSETS":218092264.18,"TOTAL_LIABILITIES":133795330.69,"TAX_EBT":22.069292833412,"OCF_SALES":-0.73434957609,"TOTAL_PARENT_EQUITY":84296933.49,"DEBT_ASSET_RATIO":61.3480405612,"OPERATE_PROFIT":-4534217.38,"PRETAX_PROFIT":-5405655.99,"NETCASH_OPERATE":-1173320.68,"NETCASH_INVEST":-22273423.55,"NETCASH_FINANCE":25866931.93,"END_CASH":9312163.91,"DIVI_RATIO":null,"DIVIDEND_RATE":null,"CURRENT_RATIO":1.229397491366,"COMMON_ACS":10000000000,"CURRENTDEBT_DEBT":99.572390077404,"ISSUED_COMMON_SHARES":1200000000,"HK_COMMON_SHARES":1200000000,"PER_SHARES":4000,"TOTAL_MARKET_CAP":102000000,"HKSK_MARKET_CAP":102000000,"PE_TTM":-51.829268292683,"PB_TTM":0.782130615813,"REPORT_DATE_SQ":"2021-06-30 00:00:00","REPORT_TYPE_SQ":"2021年中报","OPERATE_INCOME_SQ":138487234.8,"DPS_HKD":null,"OPERATE_INCOME_QOQ_SQ":2.238207711155,"NET_PROFIT_RATIO_SQ":1.838162999,"HOLDER_PROFIT_SQ":3422345.04,"HOLDER_PROFIT_QOQ_SQ":2.313924398884,"ROE_AVG_SQ":3.737663801094,"PE_TTM_SQ":59.250851305335,"PB_TTM_SQ":0.795919767628,"ROA_SQ":1.402428420913,"START_DATE":"2022-01-01 00:00:00","FISCAL_YEAR":"12-31","CURRENCY":"HKD","IS_CNY_CODE":0,"DPS_HKD_LY":null,"ORG_TYPE":"一般企业","PREMIUM_INCOME":null,"PREMIUM_INCOME_YOY":null,"NET_INTEREST_INCOME":null,"NET_INTEREST_INCOME_YOY":null,"FEE_COMMISSION_INCOME":null,"FEE_COMMISSION_INCOME_YOY":null,"ACCOUNTS_RECE_TDAYS":2.149421320264,"INVENTORY_TDAYS":10.900003470897,"CURRENT_ASSETS_TDAYS":1.000029439079,"TOTAL_ASSETS_TDAYS":0.772184623015,"PREMIUM_EXPENSE":null,"LOAN_DEPOSIT":null,"LOAN_EQUITY":null,"LOAN_ASSETS":null,"DEPOSIT_EQUITY":null,"DEPOSIT_ASSETS":null,"EQUITY_MULTIPLIER":2.587190958801,"EQUITY_RATIO":1.587190958801},{"SECUCODE":"01842.HK","SECURITY_CODE":"01842","SECURITY_NAME_ABBR":"植华集团","ORG_CODE":"10923301","STD_REPORT_DATE":"2021-12-31 00:00:00","REPORT_DATE":"2021-12-31 00:00:00","DATE_TYPE_CODE":"001","REPORT_TYPE":"2021年年报","PER_NETCASH_OPERATE":0.0088415264,"PER_OI":0.2491358016,"BPS":0.071355358667,"BASIC_EPS":-0.0024528,"DILUTED_EPS":-0.0024528,"OPERATE_INCOME":249135801.6,"OPERATE_INCOME_YOY":10.1473373722,"GROSS_PROFIT":48948894.4,"GROSS_PROFIT_YOY":3.289013652062,"HOLDER_PROFIT":-2459340.8,"HOLDER_PROFIT_YOY":79.2222145472,"GROSS_PROFIT_RATIO":19.647475025926,"EPS_TTM":-0.0024593408,"OPERATE_INCOME_QOQ":-16.654341121119,"NET_PROFIT_RATIO":-0.9871486893,"ROE_AVG":-2.829288022085,"GROSS_PROFIT_QOQ":-18.651831229056,"ROA":-1.14830417081,"HOLDER_PROFIT_QOQ":79.337583581167,"ROE_YEARLY":-2.829288022085,"ROIC_YEARLY":-1.237732743545,"TOTAL_ASSETS":187134740.8,"TOTAL_LIABILITIES":101508310.4,"TAX_EBT":-0.286204922725,"OCF_SALES":3.548878299794,"TOTAL_PARENT_EQUITY":85626430.4,"DEBT_ASSET_RATIO":54.2434344185,"OPERATE_PROFIT":5707665.6,"PRETAX_PROFIT":4285041.6,"NETCASH_OPERATE":8841526.4,"NETCASH_INVEST":21696651.2,"NETCASH_FINANCE":-6794256,"END_CASH":7266828.8,"DIVI_RATIO":null,"DIVIDEND_RATE":null,"CURRENT_RATIO":1.481398640075,"COMMON_ACS":10000000000,"CURRENTDEBT_DEBT":99.028625739002,"ISSUED_COMMON_SHARES":1200000000,"HK_COMMON_SHARES":1200000000,"PER_SHARES":4000,"TOTAL_MARKET_CAP":102000000,"HKSK_MARKET_CAP":102000000,"PE_TTM":-51.829268292683,"PB_TTM":0.782130615813,"REPORT_DATE_SQ":"2020-12-31 00:00:00","REPORT_TYPE_SQ":"2020年年报","OPERATE_INCOME_SQ":232834656.16,"DPS_HKD":null,"OPERATE_INCOME_QOQ_SQ":-3.990577433497,"NET_PROFIT_RATIO_SQ":-4.1673983195,"HOLDER_PROFIT_SQ":-12184422.28,"HOLDER_PROFIT_QOQ_SQ":19.213624830513,"ROE_AVG_SQ":-12.598774671911,"PE_TTM_SQ":59.250851305335,"PB_TTM_SQ":0.795919767628,"ROA_SQ":-4.558522077832,"START_DATE":"2021-01-01 00:00:00","FISCAL_YEAR":"12-31","CURRENCY":"HKD","IS_CNY_CODE":0,"DPS_HKD_LY":null,"ORG_TYPE":"一般企业","PREMIUM_INCOME":null,"PREMIUM_INCOME_YOY":null,"NET_INTEREST_INCOME":null,"NET_INTEREST_INCOME_YOY":null,"FEE_COMMISSION_INCOME":null,"FEE_COMMISSION_INCOME_YOY":null,"ACCOUNTS_RECE_TDAYS":3.201285910144,"INVENTORY_TDAYS":7.18859088974,"CURRENT_ASSETS_TDAYS":1.545667589859,"TOTAL_ASSETS_TDAYS":1.163253503034,"PREMIUM_EXPENSE":null,"LOAN_DEPOSIT":null,"LOAN_EQUITY":null,"LOAN_ASSETS":null,"DEPOSIT_EQUITY":null,"DEPOSIT_ASSETS":null,"EQUITY_MULTIPLIER":2.185478711725,"EQUITY_RATIO":1.185478711723},{"SECUCODE":"01842.HK","SECURITY_CODE":"01842","SECURITY_NAME_ABBR":"植华集团","ORG_CODE":"10923301","STD_REPORT_DATE":"2021-06-30 00:00:00","REPORT_DATE":"2021-06-30 00:00:00","DATE_TYPE_CODE":"002","REPORT_TYPE":"2021年中报","PER_NETCASH_OPERATE":0.0025128816,"PER_OI":0.1384872348,"BPS":0.077785612,"BASIC_EPS":0.003411528,"DILUTED_EPS":0.003411528,"OPERATE_INCOME":138487234.8,"OPERATE_INCOME_YOY":13.7769370799,"GROSS_PROFIT":27735722.64,"GROSS_PROFIT_YOY":-41.05559107727,"HOLDER_PROFIT":3422345.04,"HOLDER_PROFIT_YOY":19.6335078534,"GROSS_PROFIT_RATIO":23.433561558126,"EPS_TTM":-0.01190248396,"OPERATE_INCOME_QOQ":2.238207711155,"NET_PROFIT_RATIO":1.838162999,"ROE_AVG":3.737663801094,"GROSS_PROFIT_QOQ":-5.385097469017,"ROA":1.402428420913,"HOLDER_PROFIT_QOQ":2.313924398884,"ROE_YEARLY":7.475327602188,"ROIC_YEARLY":3.078610096988,"TOTAL_ASSETS":242579610.72,"TOTAL_LIABILITIES":149236876.32,"TAX_EBT":19.099859353024,"OCF_SALES":1.349684477735,"TOTAL_PARENT_EQUITY":93342734.4,"DEBT_ASSET_RATIO":61.5207831677,"OPERATE_PROFIT":6898775.28,"PRETAX_PROFIT":5916088.8,"NETCASH_OPERATE":2512881.6,"NETCASH_INVEST":-883668.96,"NETCASH_FINANCE":-3351618.24,"END_CASH":-17392968.24,"DIVI_RATIO":null,"DIVIDEND_RATE":null,"CURRENT_RATIO":1.248113756785,"COMMON_ACS":10000000000,"CURRENTDEBT_DEBT":94.810821057796,"ISSUED_COMMON_SHARES":1200000000,"HK_COMMON_SHARES":1200000000,"PER_SHARES":4000,"TOTAL_MARKET_CAP":102000000,"HKSK_MARKET_CAP":102000000,"PE_TTM":-51.829268292683,"PB_TTM":0.782130615813,"REPORT_DATE_SQ":"2020-06-30 00:00:00","REPORT_TYPE_SQ":"2020年中报","OPERATE_INCOME_SQ":179638937.28,"DPS_HKD":null,"OPERATE_INCOME_QOQ_SQ":11.539025612674,"NET_PROFIT_RATIO_SQ":1.7481770754,"HOLDER_PROFIT_SQ":3140406.72,"HOLDER_PROFIT_QOQ_SQ":42.925325641776,"ROE_AVG_SQ":2.780945909874,"PE_TTM_SQ":59.250851305335,"PB_TTM_SQ":0.795919767628,"ROA_SQ":0.968175251548,"START_DATE":"2021-01-01 00:00:00","FISCAL_YEAR":"12-31","CURRENCY":"HKD","IS_CNY_CODE":0,"DPS_HKD_LY":null,"ORG_TYPE":"一般企业","PREMIUM_INCOME":null,"PREMIUM_INCOME_YOY":null,"NET_INTEREST_INCOME":null,"NET_INTEREST_INCOME_YOY":null,"FEE_COMMISSION_INCOME":null,"FEE_COMMISSION_INCOME_YOY":null,"ACCOUNTS_RECE_TDAYS":2.074615609945,"INVENTORY_TDAYS":3.906511155955,"CURRENT_ASSETS_TDAYS":1.054490359036,"TOTAL_ASSETS_TDAYS":0.762951066739,"PREMIUM_EXPENSE":null,"LOAN_DEPOSIT":null,"LOAN_EQUITY":null,"LOAN_ASSETS":null,"DEPOSIT_EQUITY":null,"DEPOSIT_ASSETS":null,"EQUITY_MULTIPLIER":2.598805491178,"EQUITY_RATIO":1.598805491175},{"SECUCODE":"01842.HK","SECURITY_CODE":"01842","SECURITY_NAME_ABBR":"植华集团","ORG_CODE":"10923301","STD_REPORT_DATE":"2020-12-31 00:00:00","REPORT_DATE":"2020-12-31 00:00:00","DATE_TYPE_CODE":"001","REPORT_TYPE":"2020年年报","PER_NETCASH_OPERATE":0.00989684476,"PER_OI":0.23283465616,"BPS":0.0756802688,"BASIC_EPS":-0.01220378,"DILUTED_EPS":-0.01220378,"OPERATE_INCOME":232834656.16,"OPERATE_INCOME_YOY":13.9766001286,"GROSS_PROFIT":47390223.48,"GROSS_PROFIT_YOY":-32.887815134367,"HOLDER_PROFIT":-12184422.28,"HOLDER_PROFIT_YOY":50.9254237288,"GROSS_PROFIT_RATIO":21.75182145561,"EPS_TTM":-0.01218442228,"OPERATE_INCOME_QOQ":-3.990577433497,"NET_PROFIT_RATIO":-4.1673983195,"ROE_AVG":-12.598774671911,"GROSS_PROFIT_QOQ":-17.318761194414,"ROA":-4.558522077832,"HOLDER_PROFIT_QOQ":19.213624830513,"ROE_YEARLY":-12.598774671911,"ROIC_YEARLY":-5.262019645794,"TOTAL_ASSETS":248300632.8,"TOTAL_LIABILITIES":157484310.24,"TAX_EBT":96.650717703349,"OCF_SALES":3.384985621224,"TOTAL_PARENT_EQUITY":90816322.56,"DEBT_ASSET_RATIO":63.4248525524,"OPERATE_PROFIT":4488466.12,"PRETAX_PROFIT":1759027.6,"NETCASH_OPERATE":9896844.76,"NETCASH_INVEST":-17530519.56,"NETCASH_FINANCE":-11300700.28,"END_CASH":-15584647.88,"DIVI_RATIO":null,"DIVIDEND_RATE":null,"CURRENT_RATIO":1.205179769472,"COMMON_ACS":10000000000,"CURRENTDEBT_DEBT":94.075867376387,"ISSUED_COMMON_SHARES":1200000000,"HK_COMMON_SHARES":1200000000,"PER_SHARES":4000,"TOTAL_MARKET_CAP":102000000,"HKSK_MARKET_CAP":102000000,"PE_TTM":-51.829268292683,"PB_TTM":0.782130615813,"REPORT_DATE_SQ":"2019-12-31 00:00:00","REPORT_TYPE_SQ":"2019年年报","OPERATE_INCOME_SQ":273022994.64,"DPS_HKD":null,"OPERATE_INCOME_QOQ_SQ":-43.582500400814,"NET_PROFIT_RATIO_SQ":-9.6788587477,"HOLDER_PROFIT_SQ":-26425510,"HOLDER_PROFIT_QOQ_SQ":-247.801537212591,"ROE_AVG_SQ":-29.211246825134,"PE_TTM_SQ":59.250851305335,"PB_TTM_SQ":0.795919767628,"ROA_SQ":-7.681101495992,"START_DATE":"2020-01-01 00:00:00","FISCAL_YEAR":"12-31","CURRENCY":"HKD","IS_CNY_CODE":0,"DPS_HKD_LY":null,"ORG_TYPE":"一般企业","PREMIUM_INCOME":null,"PREMIUM_INCOME_YOY":null,"NET_INTEREST_INCOME":null,"NET_INTEREST_INCOME_YOY":null,"FEE_COMMISSION_INCOME":null,"FEE_COMMISSION_INCOME_YOY":null,"ACCOUNTS_RECE_TDAYS":2.683076803709,"INVENTORY_TDAYS":5.717675269767,"CURRENT_ASSETS_TDAYS":1.497622424653,"TOTAL_ASSETS_TDAYS":1.093853221698,"PREMIUM_EXPENSE":null,"LOAN_DEPOSIT":null,"LOAN_EQUITY":null,"LOAN_ASSETS":null,"DEPOSIT_EQUITY":null,"DEPOSIT_ASSETS":null,"EQUITY_MULTIPLIER":2.734096975091,"EQUITY_RATIO":1.734096975089},{"SECUCODE":"01842.HK","SECURITY_CODE":"01842","SECURITY_NAME_ABBR":"植华集团","ORG_CODE":"10923301","STD_REPORT_DATE":"2020-06-30 00:00:00","REPORT_DATE":"2020-06-30 00:00:00","DATE_TYPE_CODE":"002","REPORT_TYPE":"2020年中报","PER_NETCASH_OPERATE":0.03708840432,"PER_OI":0.17963893728,"BPS":0.0954103304,"BASIC_EPS":0.003105696,"DILUTED_EPS":0.003105696,"OPERATE_INCOME":179638937.28,"OPERATE_INCOME_YOY":16.7826603325,"GROSS_PROFIT":47054034.72,"GROSS_PROFIT_YOY":15.47180951449,"HOLDER_PROFIT":3140406.72,"HOLDER_PROFIT_YOY":136.8686327078,"GROSS_PROFIT_RATIO":26.193672392226,"EPS_TTM":-0.01508227378,"OPERATE_INCOME_QOQ":11.539025612674,"NET_PROFIT_RATIO":1.7481770754,"ROE_AVG":2.780945909874,"GROSS_PROFIT_QOQ":8.928420333806,"ROA":0.968175251548,"HOLDER_PROFIT_QOQ":42.925325641776,"ROE_YEARLY":5.561891819748,"ROIC_YEARLY":2.331234679659,"TOTAL_ASSETS":338027606.4,"TOTAL_LIABILITIES":223535209.92,"TAX_EBT":22.322638951649,"OCF_SALES":20.646083127396,"TOTAL_PARENT_EQUITY":114492396.48,"DEBT_ASSET_RATIO":66.1292763336,"OPERATE_PROFIT":6437925.12,"PRETAX_PROFIT":4042885.44,"NETCASH_OPERATE":37088404.32,"NETCASH_INVEST":-23089936.32,"NETCASH_FINANCE":-4390906.08,"END_CASH":14159233.44,"DIVI_RATIO":null,"DIVIDEND_RATE":null,"CURRENT_RATIO":1.217926569497,"COMMON_ACS":10000000000,"CURRENTDEBT_DEBT":97.452578069451,"ISSUED_COMMON_SHARES":1200000000,"HK_COMMON_SHARES":1200000000,"PER_SHARES":4000,"TOTAL_MARKET_CAP":102000000,"HKSK_MARKET_CAP":102000000,"PE_TTM":-51.829268292683,"PB_TTM":0.782130615813,"REPORT_DATE_SQ":"2019-06-30 00:00:00","REPORT_TYPE_SQ":"2019年中报","OPERATE_INCOME_SQ":148134744,"DPS_HKD":null,"OPERATE_INCOME_QOQ_SQ":-18.474040182479,"NET_PROFIT_RATIO_SQ":-5.5374109264,"HOLDER_PROFIT_SQ":-8202829.5,"HOLDER_PROFIT_QOQ_SQ":-24.756756762671,"ROE_AVG_SQ":-8.377918233315,"PE_TTM_SQ":59.250851305335,"PB_TTM_SQ":0.795919767628,"ROA_SQ":-2.142857963561,"START_DATE":"2020-01-01 00:00:00","FISCAL_YEAR":"12-31","CURRENCY":"HKD","IS_CNY_CODE":0,"DPS_HKD_LY":null,"ORG_TYPE":"一般企业","PREMIUM_INCOME":null,"PREMIUM_INCOME_YOY":null,"NET_INTEREST_INCOME":null,"NET_INTEREST_INCOME_YOY":null,"FEE_COMMISSION_INCOME":null,"FEE_COMMISSION_INCOME_YOY":null,"ACCOUNTS_RECE_TDAYS":1.783919848696,"INVENTORY_TDAYS":3.490417217747,"CURRENT_ASSETS_TDAYS":0.725388906819,"TOTAL_ASSETS_TDAYS":0.553819899127,"PREMIUM_EXPENSE":null,"LOAN_DEPOSIT":null,"LOAN_EQUITY":null,"LOAN_ASSETS":null,"DEPOSIT_EQUITY":null,"DEPOSIT_ASSETS":null,"EQUITY_MULTIPLIER":2.952402227508,"EQUITY_RATIO":1.952402227506}],"count":16},"success":true,"message":"ok","code":0}