{"version":"6efa804c9d4b3508ac6367f5c3fbc4cb","result":{"pages":3,"data":[{"SECUCODE":"01849.HK","SECURITY_CODE":"01849","SECURITY_NAME_ABBR":"秀商时代控股","ORG_CODE":"10948751","STD_REPORT_DATE":"2023-06-30 00:00:00","REPORT_DATE":"2023-12-31 00:00:00","DATE_TYPE_CODE":"002","REPORT_TYPE":"2023年中报","PER_NETCASH_OPERATE":-0.0003831255,"PER_OI":0.101682852,"BPS":0.214886355,"BASIC_EPS":-0.0026886,"DILUTED_EPS":-0.0026886,"OPERATE_INCOME":81346281.6,"OPERATE_INCOME_YOY":-36.2763268745,"GROSS_PROFIT":20116105.2,"GROSS_PROFIT_YOY":-42.339989168769,"HOLDER_PROFIT":-2145502.8,"HOLDER_PROFIT_YOY":-124.8134328358,"GROSS_PROFIT_RATIO":24.728979375992,"EPS_TTM":-0.0109155285,"OPERATE_INCOME_QOQ":32.248497004861,"NET_PROFIT_RATIO":-1.0312004231,"ROE_AVG":-1.238515023591,"GROSS_PROFIT_QOQ":26.888771370716,"ROA":-0.634673198976,"HOLDER_PROFIT_QOQ":-20.089546268322,"ROE_YEARLY":-2.477030047182,"ROIC_YEARLY":-1.877912175837,"TOTAL_ASSETS":341382296.4,"TOTAL_LIABILITIES":136274379.6,"TAX_EBT":189.655172413793,"OCF_SALES":-0.376784769963,"TOTAL_PARENT_EQUITY":171909084,"DEBT_ASSET_RATIO":39.9184084931,"OPERATE_PROFIT":1312036.8,"PRETAX_PROFIT":935632.8,"NETCASH_OPERATE":-306500.4,"NETCASH_INVEST":838843.2,"NETCASH_FINANCE":-2796144,"END_CASH":74651667.6,"DIVI_RATIO":null,"DIVIDEND_RATE":null,"CURRENT_RATIO":1.919835864461,"COMMON_ACS":10000000000,"CURRENTDEBT_DEBT":93.27624985203,"ISSUED_COMMON_SHARES":800000000,"HK_COMMON_SHARES":800000000,"PER_SHARES":5000,"TOTAL_MARKET_CAP":40000000,"HKSK_MARKET_CAP":40000000,"PE_TTM":-1.88954199734,"PB_TTM":0.210860294163,"REPORT_DATE_SQ":"2022-06-30 00:00:00","REPORT_TYPE_SQ":"2022年中报","OPERATE_INCOME_SQ":123046794,"DPS_HKD":null,"OPERATE_INCOME_QOQ_SQ":-33.750657904832,"NET_PROFIT_RATIO_SQ":8.6941870261,"HOLDER_PROFIT_SQ":8334424.8,"HOLDER_PROFIT_QOQ_SQ":-90.46220780499,"ROE_AVG_SQ":4.360855356828,"PE_TTM_SQ":-7.095059117673,"PB_TTM_SQ":0.357135315085,"ROA_SQ":2.19357479026,"START_DATE":"2023-07-01 00:00:00","FISCAL_YEAR":"6-30","CURRENCY":"HKD","IS_CNY_CODE":0,"DPS_HKD_LY":null,"ORG_TYPE":"一般企业","PREMIUM_INCOME":null,"PREMIUM_INCOME_YOY":null,"NET_INTEREST_INCOME":null,"NET_INTEREST_INCOME_YOY":null,"FEE_COMMISSION_INCOME":null,"FEE_COMMISSION_INCOME_YOY":null,"ACCOUNTS_RECE_TDAYS":0.495058577132,"INVENTORY_TDAYS":null,"CURRENT_ASSETS_TDAYS":0.337159285921,"TOTAL_ASSETS_TDAYS":0.240634991331,"PREMIUM_EXPENSE":null,"LOAN_DEPOSIT":null,"LOAN_EQUITY":null,"LOAN_ASSETS":null,"DEPOSIT_EQUITY":null,"DEPOSIT_ASSETS":null,"EQUITY_MULTIPLIER":1.664403313759,"EQUITY_RATIO":0.792711917423},{"SECUCODE":"01849.HK","SECURITY_CODE":"01849","SECURITY_NAME_ABBR":"秀商时代控股","ORG_CODE":"10948751","STD_REPORT_DATE":"2022-12-31 00:00:00","REPORT_DATE":"2023-06-30 00:00:00","DATE_TYPE_CODE":"001","REPORT_TYPE":"2022年年报","PER_NETCASH_OPERATE":-0.02667423825,"PER_OI":0.32199473025,"BPS":0.2168542755,"BASIC_EPS":-0.0106884,"DILUTED_EPS":-0.0106884,"OPERATE_INCOME":257595784.2,"OPERATE_INCOME_YOY":-0.0352565432,"GROSS_PROFIT":69966266.4,"GROSS_PROFIT_YOY":-6.604531404978,"HOLDER_PROFIT":-8732422.8,"HOLDER_PROFIT_YOY":-248.1414324569,"GROSS_PROFIT_RATIO":27.161262214477,"EPS_TTM":-0.009089491,"OPERATE_INCOME_QOQ":-16.138588641082,"NET_PROFIT_RATIO":-2.2426920603,"ROE_AVG":-4.730746960046,"GROSS_PROFIT_QOQ":-26.395797211906,"ROA":-2.446144403359,"HOLDER_PROFIT_QOQ":-236.860269922688,"ROE_YEARLY":-4.730746960046,"ROIC_YEARLY":-3.444568585703,"TOTAL_ASSETS":332660417.4,"TOTAL_LIABILITIES":127379007,"TAX_EBT":563.948497854077,"OCF_SALES":-8.28406049667,"TOTAL_PARENT_EQUITY":173483420.4,"DEBT_ASSET_RATIO":38.291001976,"OPERATE_PROFIT":2426266.8,"PRETAX_PROFIT":1245198.6,"NETCASH_OPERATE":-21339390.6,"NETCASH_INVEST":41893183.8,"NETCASH_FINANCE":-5531247,"END_CASH":78768163.8,"DIVI_RATIO":null,"DIVIDEND_RATE":null,"CURRENT_RATIO":2.010835071176,"COMMON_ACS":10000000000,"CURRENTDEBT_DEBT":92.544577302287,"ISSUED_COMMON_SHARES":800000000,"HK_COMMON_SHARES":800000000,"PER_SHARES":5000,"TOTAL_MARKET_CAP":40000000,"HKSK_MARKET_CAP":40000000,"PE_TTM":-1.88954199734,"PB_TTM":0.210860294163,"REPORT_DATE_SQ":"2021-12-31 00:00:00","REPORT_TYPE_SQ":"2021年年报","OPERATE_INCOME_SQ":232266106,"DPS_HKD":null,"OPERATE_INCOME_QOQ_SQ":34.098718142904,"NET_PROFIT_RATIO_SQ":3.9425110954,"HOLDER_PROFIT_SQ":5313151,"HOLDER_PROFIT_QOQ_SQ":50.012344323778,"ROE_AVG_SQ":3.055867237391,"PE_TTM_SQ":-8.699893918099,"PB_TTM_SQ":0.437915922068,"ROA_SQ":1.595798550326,"START_DATE":"2022-07-01 00:00:00","FISCAL_YEAR":"6-30","CURRENCY":"HKD","IS_CNY_CODE":0,"DPS_HKD_LY":null,"ORG_TYPE":"一般企业","PREMIUM_INCOME":null,"PREMIUM_INCOME_YOY":null,"NET_INTEREST_INCOME":null,"NET_INTEREST_INCOME_YOY":null,"FEE_COMMISSION_INCOME":null,"FEE_COMMISSION_INCOME_YOY":null,"ACCOUNTS_RECE_TDAYS":1.579402657405,"INVENTORY_TDAYS":null,"CURRENT_ASSETS_TDAYS":1.094445012091,"TOTAL_ASSETS_TDAYS":0.721582658423,"PREMIUM_EXPENSE":null,"LOAN_DEPOSIT":null,"LOAN_EQUITY":null,"LOAN_ASSETS":null,"DEPOSIT_EQUITY":null,"DEPOSIT_ASSETS":null,"EQUITY_MULTIPLIER":1.62050921587,"EQUITY_RATIO":0.734243115027},{"SECUCODE":"01849.HK","SECURITY_CODE":"01849","SECURITY_NAME_ABBR":"秀商时代控股","ORG_CODE":"10948751","STD_REPORT_DATE":"2022-06-30 00:00:00","REPORT_DATE":"2022-12-31 00:00:00","DATE_TYPE_CODE":"002","REPORT_TYPE":"2022年中报","PER_NETCASH_OPERATE":-0.024716908125,"PER_OI":0.1538084925,"BPS":0.240554149875,"BASIC_EPS":0.0103662,"DILUTED_EPS":0.0103662,"OPERATE_INCOME":123046794,"OPERATE_INCOME_YOY":-30.229824252,"GROSS_PROFIT":34887446.1,"GROSS_PROFIT_YOY":-36.175573226197,"HOLDER_PROFIT":8334424.8,"HOLDER_PROFIT_YOY":-63.7347767253,"GROSS_PROFIT_RATIO":28.35299073294,"EPS_TTM":0.00664143875,"OPERATE_INCOME_QOQ":-33.750657904832,"NET_PROFIT_RATIO":8.6941870261,"ROE_AVG":4.360855356828,"GROSS_PROFIT_QOQ":-37.523270061999,"ROA":2.19357479026,"HOLDER_PROFIT_QOQ":-90.46220780499,"ROE_YEARLY":8.721710713656,"ROIC_YEARLY":6.055071781596,"TOTAL_ASSETS":390074922.9,"TOTAL_LIABILITIES":166792158,"TAX_EBT":13.784665579119,"OCF_SALES":-16.069924178602,"TOTAL_PARENT_EQUITY":192443319.9,"DEBT_ASSET_RATIO":42.7590055674,"OPERATE_PROFIT":13372398,"PRETAX_PROFIT":12708961.2,"NETCASH_OPERATE":-19773526.5,"NETCASH_INVEST":37427165.1,"NETCASH_FINANCE":1140282,"END_CASH":85002840,"DIVI_RATIO":null,"DIVIDEND_RATE":null,"CURRENT_RATIO":1.90156281713,"COMMON_ACS":10000000000,"CURRENTDEBT_DEBT":91.864512119329,"ISSUED_COMMON_SHARES":800000000,"HK_COMMON_SHARES":800000000,"PER_SHARES":5000,"TOTAL_MARKET_CAP":40000000,"HKSK_MARKET_CAP":40000000,"PE_TTM":-1.88954199734,"PB_TTM":0.210860294163,"REPORT_DATE_SQ":"2021-06-30 00:00:00","REPORT_TYPE_SQ":"2021年中报","OPERATE_INCOME_SQ":160531265.4,"DPS_HKD":null,"OPERATE_INCOME_QOQ_SQ":108.096106965333,"NET_PROFIT_RATIO_SQ":16.3727737612,"HOLDER_PROFIT_SQ":20919168.6,"HOLDER_PROFIT_QOQ_SQ":790.164057859107,"ROE_AVG_SQ":11.698591103372,"PE_TTM_SQ":-8.699893918099,"PB_TTM_SQ":0.437915922068,"ROA_SQ":6.34502693846,"START_DATE":"2022-07-01 00:00:00","FISCAL_YEAR":"6-30","CURRENCY":"HKD","IS_CNY_CODE":0,"DPS_HKD_LY":null,"ORG_TYPE":"一般企业","PREMIUM_INCOME":null,"PREMIUM_INCOME_YOY":null,"NET_INTEREST_INCOME":null,"NET_INTEREST_INCOME_YOY":null,"FEE_COMMISSION_INCOME":null,"FEE_COMMISSION_INCOME_YOY":null,"ACCOUNTS_RECE_TDAYS":0.666526286236,"INVENTORY_TDAYS":null,"CURRENT_ASSETS_TDAYS":0.475075543815,"TOTAL_ASSETS_TDAYS":0.323852397517,"PREMIUM_EXPENSE":null,"LOAN_DEPOSIT":null,"LOAN_EQUITY":null,"LOAN_ASSETS":null,"DEPOSIT_EQUITY":null,"DEPOSIT_ASSETS":null,"EQUITY_MULTIPLIER":1.746999698228,"EQUITY_RATIO":0.866707964125},{"SECUCODE":"01849.HK","SECURITY_CODE":"01849","SECURITY_NAME_ABBR":"秀商时代控股","ORG_CODE":"10948751","STD_REPORT_DATE":"2021-12-31 00:00:00","REPORT_DATE":"2022-06-30 00:00:00","DATE_TYPE_CODE":"001","REPORT_TYPE":"2021年年报","PER_NETCASH_OPERATE":-0.006719715,"PER_OI":0.2903326325,"BPS":0.2204861325,"BASIC_EPS":0.004817,"DILUTED_EPS":0.004817,"OPERATE_INCOME":232266106,"OPERATE_INCOME_YOY":-11.4242151478,"GROSS_PROFIT":74913984,"GROSS_PROFIT_YOY":-12.902418041758,"HOLDER_PROFIT":5313151,"HOLDER_PROFIT_YOY":-85.7346094154,"GROSS_PROFIT_RATIO":32.253515284748,"EPS_TTM":0.06963287325,"OPERATE_INCOME_QOQ":34.098718142904,"NET_PROFIT_RATIO":3.9425110954,"ROE_AVG":3.055867237391,"GROSS_PROFIT_QOQ":39.408035671319,"ROA":1.595798550326,"HOLDER_PROFIT_QOQ":50.012344323778,"ROE_YEARLY":3.055867237391,"ROIC_YEARLY":2.184526108355,"TOTAL_ASSETS":343697767,"TOTAL_LIABILITIES":139717085,"TAX_EBT":30.340784170026,"OCF_SALES":-2.314488365341,"TOTAL_PARENT_EQUITY":176388906,"DEBT_ASSET_RATIO":40.6511471458,"OPERATE_PROFIT":13800705,"PRETAX_PROFIT":13145593,"NETCASH_OPERATE":-5375772,"NETCASH_INVEST":-226399,"NETCASH_FINANCE":-3921038,"END_CASH":59282819,"DIVI_RATIO":null,"DIVIDEND_RATE":null,"CURRENT_RATIO":1.681264177785,"COMMON_ACS":10000000000,"CURRENTDEBT_DEBT":89.670746423031,"ISSUED_COMMON_SHARES":800000000,"HK_COMMON_SHARES":800000000,"PER_SHARES":5000,"TOTAL_MARKET_CAP":40000000,"HKSK_MARKET_CAP":40000000,"PE_TTM":-1.88954199734,"PB_TTM":0.210860294163,"REPORT_DATE_SQ":"2020-12-31 00:00:00","REPORT_TYPE_SQ":"2020年年报","OPERATE_INCOME_SQ":261444579.9,"DPS_HKD":null,"OPERATE_INCOME_QOQ_SQ":-0.067662001611,"NET_PROFIT_RATIO_SQ":17.3044069291,"HOLDER_PROFIT_SQ":37134476.4,"HOLDER_PROFIT_QOQ_SQ":-66.909323247209,"ROE_AVG_SQ":24.680796731359,"PE_TTM_SQ":-8.699893918099,"PB_TTM_SQ":0.437915922068,"ROA_SQ":14.9859482508,"START_DATE":"2021-07-01 00:00:00","FISCAL_YEAR":"6-30","CURRENCY":"HKD","IS_CNY_CODE":0,"DPS_HKD_LY":null,"ORG_TYPE":"一般企业","PREMIUM_INCOME":null,"PREMIUM_INCOME_YOY":null,"NET_INTEREST_INCOME":null,"NET_INTEREST_INCOME_YOY":null,"FEE_COMMISSION_INCOME":null,"FEE_COMMISSION_INCOME_YOY":null,"ACCOUNTS_RECE_TDAYS":1.768916117908,"INVENTORY_TDAYS":null,"CURRENT_ASSETS_TDAYS":1.189026570495,"TOTAL_ASSETS_TDAYS":0.697608472345,"PREMIUM_EXPENSE":null,"LOAN_DEPOSIT":null,"LOAN_EQUITY":null,"LOAN_ASSETS":null,"DEPOSIT_EQUITY":null,"DEPOSIT_ASSETS":null,"EQUITY_MULTIPLIER":1.684952533887,"EQUITY_RATIO":0.792096783003},{"SECUCODE":"01849.HK","SECURITY_CODE":"01849","SECURITY_NAME_ABBR":"秀商时代控股","ORG_CODE":"10948751","STD_REPORT_DATE":"2021-06-30 00:00:00","REPORT_DATE":"2021-12-31 00:00:00","DATE_TYPE_CODE":"002","REPORT_TYPE":"2021年中报","PER_NETCASH_OPERATE":0.03126788225,"PER_OI":0.20066408175,"BPS":0.237269088375,"BASIC_EPS":0.02594845,"DILUTED_EPS":0.02594845,"OPERATE_INCOME":160531265.4,"OPERATE_INCOME_YOY":135.067357513,"GROSS_PROFIT":54661589.4,"GROSS_PROFIT_YOY":163.224787229687,"HOLDER_PROFIT":20919168.6,"HOLDER_PROFIT_YOY":831.512605042,"GROSS_PROFIT_RATIO":34.050432022571,"EPS_TTM":0.0464180955,"OPERATE_INCOME_QOQ":108.096106965333,"NET_PROFIT_RATIO":16.3727737612,"ROE_AVG":11.698591103372,"GROSS_PROFIT_QOQ":125.593372040148,"ROA":6.34502693846,"HOLDER_PROFIT_QOQ":790.164057859107,"ROE_YEARLY":23.397182206744,"ROIC_YEARLY":17.0096863911,"TOTAL_ASSETS":343821680.4,"TOTAL_LIABILITIES":125071529,"TAX_EBT":14.305491462852,"OCF_SALES":15.582201845647,"TOTAL_PARENT_EQUITY":189815270.7,"DEBT_ASSET_RATIO":36.3768593227,"OPERATE_PROFIT":30779579.6,"PRETAX_PROFIT":30671067.9,"NETCASH_OPERATE":25118099.6,"NETCASH_INVEST":-40540914.7,"NETCASH_FINANCE":-5364252.3,"END_CASH":47839506,"DIVI_RATIO":null,"DIVIDEND_RATE":null,"CURRENT_RATIO":1.784062435818,"COMMON_ACS":10000000000,"CURRENTDEBT_DEBT":91.833270463976,"ISSUED_COMMON_SHARES":800000000,"HK_COMMON_SHARES":800000000,"PER_SHARES":5000,"TOTAL_MARKET_CAP":40000000,"HKSK_MARKET_CAP":40000000,"PE_TTM":-1.88954199734,"PB_TTM":0.210860294163,"REPORT_DATE_SQ":"2020-06-30 00:00:00","REPORT_TYPE_SQ":"2020年中报","OPERATE_INCOME_SQ":71382015,"DPS_HKD":null,"OPERATE_INCOME_QOQ_SQ":-15.079084197093,"NET_PROFIT_RATIO_SQ":4.4075993092,"HOLDER_PROFIT_SQ":2347346.4,"HOLDER_PROFIT_QOQ_SQ":-20.80598077766,"ROE_AVG_SQ":1.73516813998,"PE_TTM_SQ":-8.699893918099,"PB_TTM_SQ":0.437915922068,"ROA_SQ":1.138456387075,"START_DATE":"2021-07-01 00:00:00","FISCAL_YEAR":"6-30","CURRENCY":"HKD","IS_CNY_CODE":0,"DPS_HKD_LY":null,"ORG_TYPE":"一般企业","PREMIUM_INCOME":null,"PREMIUM_INCOME_YOY":null,"NET_INTEREST_INCOME":null,"NET_INTEREST_INCOME_YOY":null,"FEE_COMMISSION_INCOME":null,"FEE_COMMISSION_INCOME_YOY":null,"ACCOUNTS_RECE_TDAYS":1.206831119545,"INVENTORY_TDAYS":null,"CURRENT_ASSETS_TDAYS":0.842123499567,"TOTAL_ASSETS_TDAYS":0.486909983329,"PREMIUM_EXPENSE":null,"LOAN_DEPOSIT":null,"LOAN_EQUITY":null,"LOAN_ASSETS":null,"DEPOSIT_EQUITY":null,"DEPOSIT_ASSETS":null,"EQUITY_MULTIPLIER":1.571755165423,"EQUITY_RATIO":0.658911838541},{"SECUCODE":"01849.HK","SECURITY_CODE":"01849","SECURITY_NAME_ABBR":"秀商时代控股","ORG_CODE":"10948751","STD_REPORT_DATE":"2020-12-31 00:00:00","REPORT_DATE":"2021-06-30 00:00:00","DATE_TYPE_CODE":"001","REPORT_TYPE":"2020年年报","PER_NETCASH_OPERATE":0.064050007875,"PER_OI":0.326805724875,"BPS":0.213546052125,"BASIC_EPS":0.048027,"DILUTED_EPS":0.048027,"OPERATE_INCOME":261444579.9,"OPERATE_INCOME_YOY":120.0185918681,"GROSS_PROFIT":86011554.3,"GROSS_PROFIT_YOY":94.743172970229,"HOLDER_PROFIT":37134476.4,"HOLDER_PROFIT_YOY":211.648528819,"GROSS_PROFIT_RATIO":32.89858000992,"EPS_TTM":0.005214555125,"OPERATE_INCOME_QOQ":-0.067662001611,"NET_PROFIT_RATIO":17.3044069291,"ROE_AVG":24.680796731359,"GROSS_PROFIT_QOQ":-13.675135395569,"ROA":14.9859482508,"HOLDER_PROFIT_QOQ":-66.909323247209,"ROE_YEARLY":24.680796731359,"ROIC_YEARLY":23.847636672064,"TOTAL_ASSETS":321238194.9,"TOTAL_LIABILITIES":126680817.9,"TAX_EBT":14.704817095255,"OCF_SALES":19.59880228521,"TOTAL_PARENT_EQUITY":170836841.7,"DEBT_ASSET_RATIO":39.4351667738,"OPERATE_PROFIT":50173806.9,"PRETAX_PROFIT":53041018.8,"NETCASH_OPERATE":51369679.2,"NETCASH_INVEST":-86314124.4,"NETCASH_FINANCE":10128894.3,"END_CASH":68587358.7,"DIVI_RATIO":null,"DIVIDEND_RATE":null,"CURRENT_RATIO":1.60492077805,"COMMON_ACS":10000000000,"CURRENTDEBT_DEBT":88.292830875384,"ISSUED_COMMON_SHARES":800000000,"HK_COMMON_SHARES":800000000,"PER_SHARES":5000,"TOTAL_MARKET_CAP":40000000,"HKSK_MARKET_CAP":40000000,"PE_TTM":-1.88954199734,"PB_TTM":0.210860294163,"REPORT_DATE_SQ":"2019-12-31 00:00:00","REPORT_TYPE_SQ":"2019年年报","OPERATE_INCOME_SQ":125721524.6,"DPS_HKD":null,"OPERATE_INCOME_QOQ_SQ":0.882571148051,"NET_PROFIT_RATIO_SQ":10.0274836311,"HOLDER_PROFIT_SQ":12606705.3,"HOLDER_PROFIT_QOQ_SQ":16.263660081957,"ROE_AVG_SQ":9.599721410745,"PE_TTM_SQ":-8.699893918099,"PB_TTM_SQ":0.437915922068,"ROA_SQ":6.714388167954,"START_DATE":"2020-07-01 00:00:00","FISCAL_YEAR":"6-30","CURRENCY":"HKD","IS_CNY_CODE":0,"DPS_HKD_LY":null,"ORG_TYPE":"一般企业","PREMIUM_INCOME":null,"PREMIUM_INCOME_YOY":null,"NET_INTEREST_INCOME":null,"NET_INTEREST_INCOME_YOY":null,"FEE_COMMISSION_INCOME":null,"FEE_COMMISSION_INCOME_YOY":null,"ACCOUNTS_RECE_TDAYS":3.694526451525,"INVENTORY_TDAYS":null,"CURRENT_ASSETS_TDAYS":1.7315944334,"TOTAL_ASSETS_TDAYS":1.055082856866,"PREMIUM_EXPENSE":null,"LOAN_DEPOSIT":null,"LOAN_EQUITY":null,"LOAN_ASSETS":null,"DEPOSIT_EQUITY":null,"DEPOSIT_ASSETS":null,"EQUITY_MULTIPLIER":1.651123179462,"EQUITY_RATIO":0.741531022462},{"SECUCODE":"01849.HK","SECURITY_CODE":"01849","SECURITY_NAME_ABBR":"秀商时代控股","ORG_CODE":"10948751","STD_REPORT_DATE":"2020-06-30 00:00:00","REPORT_DATE":"2020-12-31 00:00:00","DATE_TYPE_CODE":"002","REPORT_TYPE":"2020年中报","PER_NETCASH_OPERATE":0.0164832045,"PER_OI":0.08922751875,"BPS":0.171242865,"BASIC_EPS":0.00295884,"DILUTED_EPS":0.00295884,"OPERATE_INCOME":71382015,"OPERATE_INCOME_YOY":4.7925866937,"GROSS_PROFIT":20766125.4,"GROSS_PROFIT_YOY":-22.531731441272,"HOLDER_PROFIT":2347346.4,"HOLDER_PROFIT_YOY":-77.1593090211,"GROSS_PROFIT_RATIO":29.091537132988,"EPS_TTM":0.015758381625,"OPERATE_INCOME_QOQ":-15.079084197093,"NET_PROFIT_RATIO":4.4075993092,"ROE_AVG":1.73516813998,"GROSS_PROFIT_QOQ":-23.859581311701,"ROA":1.138456387075,"HOLDER_PROFIT_QOQ":-20.80598077766,"ROE_YEARLY":3.47033627996,"ROIC_YEARLY":3.650026838433,"TOTAL_ASSETS":233348916.6,"TOTAL_LIABILITIES":90614475,"TAX_EBT":34.631147540984,"OCF_SALES":18.47322970639,"TOTAL_PARENT_EQUITY":136994292,"DEBT_ASSET_RATIO":38.8321815761,"OPERATE_PROFIT":1193398.8,"PRETAX_PROFIT":4813046.4,"NETCASH_OPERATE":13186563.6,"NETCASH_INVEST":-51385188,"NETCASH_FINANCE":-1060251,"END_CASH":55078806.6,"DIVI_RATIO":null,"DIVIDEND_RATE":null,"CURRENT_RATIO":1.460946094609,"COMMON_ACS":10000000000,"CURRENTDEBT_DEBT":89.044897959184,"ISSUED_COMMON_SHARES":800000000,"HK_COMMON_SHARES":800000000,"PER_SHARES":5000,"TOTAL_MARKET_CAP":40000000,"HKSK_MARKET_CAP":40000000,"PE_TTM":-1.88954199734,"PB_TTM":0.210860294163,"REPORT_DATE_SQ":"2019-06-30 00:00:00","REPORT_TYPE_SQ":"2019年中报","OPERATE_INCOME_SQ":71467080.7,"DPS_HKD":null,"OPERATE_INCOME_QOQ_SQ":6.757666867927,"NET_PROFIT_RATIO_SQ":15.0872366611,"HOLDER_PROFIT_SQ":10782407.6,"HOLDER_PROFIT_QOQ_SQ":-29.29626122907,"ROE_AVG_SQ":8.125389893949,"PE_TTM_SQ":-8.699893918099,"PB_TTM_SQ":0.437915922068,"ROA_SQ":5.648155676613,"START_DATE":"2020-07-01 00:00:00","FISCAL_YEAR":"6-30","CURRENCY":"HKD","IS_CNY_CODE":0,"DPS_HKD_LY":null,"ORG_TYPE":"一般企业","PREMIUM_INCOME":null,"PREMIUM_INCOME_YOY":null,"NET_INTEREST_INCOME":null,"NET_INTEREST_INCOME_YOY":null,"FEE_COMMISSION_INCOME":null,"FEE_COMMISSION_INCOME_YOY":null,"ACCOUNTS_RECE_TDAYS":1.515072221059,"INVENTORY_TDAYS":null,"CURRENT_ASSETS_TDAYS":0.586008663617,"TOTAL_ASSETS_TDAYS":0.346200760565,"PREMIUM_EXPENSE":null,"LOAN_DEPOSIT":null,"LOAN_EQUITY":null,"LOAN_ASSETS":null,"DEPOSIT_EQUITY":null,"DEPOSIT_ASSETS":null,"EQUITY_MULTIPLIER":1.634846600331,"EQUITY_RATIO":0.661447084233},{"SECUCODE":"01849.HK","SECURITY_CODE":"01849","SECURITY_NAME_ABBR":"秀商时代控股","ORG_CODE":"10948751","STD_REPORT_DATE":"2019-12-31 00:00:00","REPORT_DATE":"2020-06-30 00:00:00","DATE_TYPE_CODE":"001","REPORT_TYPE":"2019年年报","PER_NETCASH_OPERATE":-0.002445375625,"PER_OI":0.15715190575,"BPS":0.172033763125,"BASIC_EPS":0.0152439,"DILUTED_EPS":0.0152439,"OPERATE_INCOME":125721524.6,"OPERATE_INCOME_YOY":-14.343084646,"GROSS_PROFIT":44166659.6,"GROSS_PROFIT_YOY":-20.083023679126,"HOLDER_PROFIT":12606705.3,"HOLDER_PROFIT_YOY":-7.9406307978,"GROSS_PROFIT_RATIO":35.130547247595,"EPS_TTM":0.019898449125,"OPERATE_INCOME_QOQ":0.882571148051,"NET_PROFIT_RATIO":10.0274836311,"ROE_AVG":9.599721410745,"GROSS_PROFIT_QOQ":4.959990629989,"ROA":6.714388167954,"HOLDER_PROFIT_QOQ":16.263660081957,"ROE_YEARLY":9.599721410745,"ROIC_YEARLY":11.029607895439,"TOTAL_ASSETS":184466433.9,"TOTAL_LIABILITIES":46839423.4,"TAX_EBT":24.31360585723,"OCF_SALES":-1.556058523967,"TOTAL_PARENT_EQUITY":137627010.5,"DEBT_ASSET_RATIO":25.3918408947,"OPERATE_PROFIT":16991867.2,"PRETAX_PROFIT":16656501.4,"NETCASH_OPERATE":-1956300.5,"NETCASH_INVEST":-36199181.2,"NETCASH_FINANCE":85452222.1,"END_CASH":97179862.5,"DIVI_RATIO":null,"DIVIDEND_RATE":null,"CURRENT_RATIO":3.535986687006,"COMMON_ACS":10000000000,"CURRENTDEBT_DEBT":78.227381210675,"ISSUED_COMMON_SHARES":800000000,"HK_COMMON_SHARES":800000000,"PER_SHARES":5000,"TOTAL_MARKET_CAP":40000000,"HKSK_MARKET_CAP":40000000,"PE_TTM":-1.88954199734,"PB_TTM":0.210860294163,"REPORT_DATE_SQ":"2018-12-31 00:00:00","REPORT_TYPE_SQ":"2018年年报","OPERATE_INCOME_SQ":146750242.5,"DPS_HKD":null,"OPERATE_INCOME_QOQ_SQ":1.558818603729,"NET_PROFIT_RATIO_SQ":9.3301021291,"HOLDER_PROFIT_SQ":13691947.5,"HOLDER_PROFIT_QOQ_SQ":2.706756724684,"ROE_AVG_SQ":20.91822874219,"PE_TTM_SQ":-8.699893918099,"PB_TTM_SQ":0.437915922068,"ROA_SQ":10.532692382851,"START_DATE":"2019-07-01 00:00:00","FISCAL_YEAR":"6-30","CURRENCY":"HKD","IS_CNY_CODE":0,"DPS_HKD_LY":null,"ORG_TYPE":"一般企业","PREMIUM_INCOME":null,"PREMIUM_INCOME_YOY":null,"NET_INTEREST_INCOME":null,"NET_INTEREST_INCOME_YOY":null,"FEE_COMMISSION_INCOME":null,"FEE_COMMISSION_INCOME_YOY":null,"ACCOUNTS_RECE_TDAYS":1.622107126467,"INVENTORY_TDAYS":null,"CURRENT_ASSETS_TDAYS":0.832797589996,"TOTAL_ASSETS_TDAYS":0.669598516935,"PREMIUM_EXPENSE":null,"LOAN_DEPOSIT":null,"LOAN_EQUITY":null,"LOAN_ASSETS":null,"DEPOSIT_EQUITY":null,"DEPOSIT_ASSETS":null,"EQUITY_MULTIPLIER":1.340335979324,"EQUITY_RATIO":0.340335979324},{"SECUCODE":"01849.HK","SECURITY_CODE":"01849","SECURITY_NAME_ABBR":"秀商时代控股","ORG_CODE":"10948751","STD_REPORT_DATE":"2019-06-30 00:00:00","REPORT_DATE":"2019-12-31 00:00:00","DATE_TYPE_CODE":"002","REPORT_TYPE":"2019年中报","PER_NETCASH_OPERATE":-0.00772204575,"PER_OI":0.089333850875,"BPS":0.1726271735,"BASIC_EPS":0.01293475,"DILUTED_EPS":0.01293475,"OPERATE_INCOME":71467080.7,"OPERATE_INCOME_YOY":-1.4553756153,"GROSS_PROFIT":26805975.9,"GROSS_PROFIT_YOY":11.390795322267,"HOLDER_PROFIT":10782407.6,"HOLDER_PROFIT_YOY":21.9426565243,"GROSS_PROFIT_RATIO":37.508144501557,"EPS_TTM":0.017114934375,"OPERATE_INCOME_QOQ":6.757666867927,"NET_PROFIT_RATIO":15.0872366611,"ROE_AVG":8.125389893949,"GROSS_PROFIT_QOQ":4.344963803155,"ROA":5.648155676613,"HOLDER_PROFIT_QOQ":-29.29626122907,"ROE_YEARLY":16.250779787898,"ROIC_YEARLY":19.351394015368,"TOTAL_ASSETS":187274484.4,"TOTAL_LIABILITIES":49172745.6,"TAX_EBT":19.067961165049,"OCF_SALES":-8.644030985304,"TOTAL_PARENT_EQUITY":138101738.8,"DEBT_ASSET_RATIO":26.2570449773,"OPERATE_PROFIT":13467661.7,"PRETAX_PROFIT":13322792.5,"NETCASH_OPERATE":-6177636.6,"NETCASH_INVEST":-24933024.1,"NETCASH_FINANCE":88753080.6,"END_CASH":108284553.1,"DIVI_RATIO":null,"DIVIDEND_RATE":null,"CURRENT_RATIO":3.721767154559,"COMMON_ACS":10000000000,"CURRENTDEBT_DEBT":78.356481481482,"ISSUED_COMMON_SHARES":800000000,"HK_COMMON_SHARES":800000000,"PER_SHARES":5000,"TOTAL_MARKET_CAP":40000000,"HKSK_MARKET_CAP":40000000,"PE_TTM":-1.88954199734,"PB_TTM":0.210860294163,"REPORT_DATE_SQ":"2018-06-30 00:00:00","REPORT_TYPE_SQ":"2018年中报","OPERATE_INCOME_SQ":70171905.4,"DPS_HKD":null,"OPERATE_INCOME_QOQ_SQ":2.156422914072,"NET_PROFIT_RATIO_SQ":12.1923378754,"HOLDER_PROFIT_SQ":8555595.8,"HOLDER_PROFIT_QOQ_SQ":-23.129621417446,"ROE_AVG_SQ":84.792855370876,"PE_TTM_SQ":-8.699893918099,"PB_TTM_SQ":0.437915922068,"ROA_SQ":12.323334294779,"START_DATE":"2019-07-01 00:00:00","FISCAL_YEAR":"6-30","CURRENCY":"HKD","IS_CNY_CODE":0,"DPS_HKD_LY":null,"ORG_TYPE":"一般企业","PREMIUM_INCOME":null,"PREMIUM_INCOME_YOY":null,"NET_INTEREST_INCOME":null,"NET_INTEREST_INCOME_YOY":null,"FEE_COMMISSION_INCOME":null,"FEE_COMMISSION_INCOME_YOY":null,"ACCOUNTS_RECE_TDAYS":0.893467011643,"INVENTORY_TDAYS":null,"CURRENT_ASSETS_TDAYS":0.448204812045,"TOTAL_ASSETS_TDAYS":0.37436647966,"PREMIUM_EXPENSE":null,"LOAN_DEPOSIT":null,"LOAN_EQUITY":null,"LOAN_ASSETS":null,"DEPOSIT_EQUITY":null,"DEPOSIT_ASSETS":null,"EQUITY_MULTIPLIER":1.356061741345,"EQUITY_RATIO":0.356061741346}],"count":19},"success":true,"message":"ok","code":0}