{"version":"ea222cfa256cec75d2c1c5f4d836e4a4","result":{"pages":2,"data":[{"SECUCODE":"01846.HK","SECURITY_CODE":"01846","SECURITY_NAME_ABBR":"德视佳","ORG_CODE":"10000015406","STD_REPORT_DATE":"2024-06-30 00:00:00","REPORT_DATE":"2024-06-30 00:00:00","DATE_TYPE_CODE":"002","REPORT_TYPE":"2024年中报","PER_NETCASH_OPERATE":0.282348553253,"PER_OI":1.009808845317,"BPS":3.20446544206,"BASIC_EPS":0.1214868348,"DILUTED_EPS":0.1213955668,"OPERATE_INCOME":336205756.96,"OPERATE_INCOME_YOY":6.3484823114,"GROSS_PROFIT":135088504.84,"GROSS_PROFIT_YOY":-12.568178660478,"HOLDER_PROFIT":40298472.72,"HOLDER_PROFIT_YOY":-34.5634003201,"GROSS_PROFIT_RATIO":40.180306863714,"EPS_TTM":0.291407086802,"OPERATE_INCOME_QOQ":2.602873952935,"NET_PROFIT_RATIO":12.5712594877,"ROE_AVG":3.874709477962,"GROSS_PROFIT_QOQ":-6.386572769135,"ROA":2.548916433422,"HOLDER_PROFIT_QOQ":-18.424526783866,"ROE_YEARLY":7.749418955924,"ROIC_YEARLY":8.870005423974,"TOTAL_ASSETS":1561534330.44,"TOTAL_LIABILITIES":487152076.8,"TAX_EBT":34.261257168815,"OCF_SALES":27.960594181968,"TOTAL_PARENT_EQUITY":1044389763.48,"DEBT_ASSET_RATIO":31.1970135593,"OPERATE_PROFIT":60000495.88,"PRETAX_PROFIT":64292829.92,"NETCASH_OPERATE":94005127.32,"NETCASH_INVEST":-48593821.24,"NETCASH_FINANCE":-52595923.04,"END_CASH":629348533.48,"DIVI_RATIO":0.261375558281,"DIVIDEND_RATE":2.626959247649,"CURRENT_RATIO":3.876649256771,"COMMON_ACS":1000000000,"CURRENTDEBT_DEBT":36.336743105516,"ISSUED_COMMON_SHARES":325917000,"HK_COMMON_SHARES":325917000,"PER_SHARES":1000,"TOTAL_MARKET_CAP":1039675230,"HKSK_MARKET_CAP":1039675230,"PE_TTM":9.633758617494,"PB_TTM":0.908560024329,"REPORT_DATE_SQ":"2023-06-30 00:00:00","REPORT_TYPE_SQ":"2023年中报","OPERATE_INCOME_SQ":319357276.36,"DPS_HKD":0.0838,"OPERATE_INCOME_QOQ_SQ":9.068450243334,"NET_PROFIT_RATIO_SQ":19.6635506464,"HOLDER_PROFIT_SQ":62211522.48,"HOLDER_PROFIT_QOQ_SQ":28.05367589157,"ROE_AVG_SQ":6.402201242943,"PE_TTM_SQ":14.63696794059,"PB_TTM_SQ":1.477838106716,"ROA_SQ":4.202508388543,"START_DATE":"2024-01-01 00:00:00","FISCAL_YEAR":"12-31","CURRENCY":"HKD","IS_CNY_CODE":0,"DPS_HKD_LY":0.0838,"ORG_TYPE":"一般企业","PREMIUM_INCOME":null,"PREMIUM_INCOME_YOY":null,"NET_INTEREST_INCOME":null,"NET_INTEREST_INCOME_YOY":null,"FEE_COMMISSION_INCOME":null,"FEE_COMMISSION_INCOME_YOY":null,"ACCOUNTS_RECE_TDAYS":41.708786231884,"INVENTORY_TDAYS":12.941359565409,"CURRENT_ASSETS_TDAYS":0.478479141582,"TOTAL_ASSETS_TDAYS":0.212653314402,"PREMIUM_EXPENSE":null,"LOAN_DEPOSIT":null,"LOAN_EQUITY":null,"LOAN_ASSETS":null,"DEPOSIT_EQUITY":null,"DEPOSIT_ASSETS":null,"EQUITY_MULTIPLIER":1.453425282436,"EQUITY_RATIO":0.466446621592},{"SECUCODE":"01846.HK","SECURITY_CODE":"01846","SECURITY_NAME_ABBR":"德视佳","ORG_CODE":"10000015406","STD_REPORT_DATE":"2023-12-31 00:00:00","REPORT_DATE":"2023-12-31 00:00:00","DATE_TYPE_CODE":"001","REPORT_TYPE":"2023年年报","PER_NETCASH_OPERATE":0.521734599988,"PER_OI":1.942452819529,"BPS":3.155271761583,"BASIC_EPS":0.3583556368,"DILUTED_EPS":0.3579659622,"OPERATE_INCOME":647302977.58,"OPERATE_INCOME_YOY":17.040723196,"GROSS_PROFIT":304055840.62,"GROSS_PROFIT_YOY":25.675720120158,"HOLDER_PROFIT":118934125.24,"HOLDER_PROFIT_YOY":46.6849964235,"GROSS_PROFIT_RATIO":46.97272392547,"EPS_TTM":0.356902308366,"OPERATE_INCOME_QOQ":8.865118182194,"NET_PROFIT_RATIO":18.6554741848,"ROE_AVG":12.214000470908,"GROSS_PROFIT_QOQ":10.753712505557,"ROA":7.967005783336,"HOLDER_PROFIT_QOQ":16.21027765529,"ROE_YEARLY":12.214000470908,"ROIC_YEARLY":15.12618020211,"TOTAL_ASSETS":1589145579.56,"TOTAL_LIABILITIES":532938919.8,"TAX_EBT":30.090761240229,"OCF_SALES":26.859576445948,"TOTAL_PARENT_EQUITY":1028356706.72,"DEBT_ASSET_RATIO":33.5361924455,"OPERATE_PROFIT":175366257.08,"PRETAX_PROFIT":172734594.2,"NETCASH_OPERATE":173862838.1,"NETCASH_INVEST":-163377872.7,"NETCASH_FINANCE":-93126792.08,"END_CASH":652674143.52,"DIVI_RATIO":0.213410471758,"DIVIDEND_RATE":2.314917127072,"CURRENT_RATIO":4.621930472939,"COMMON_ACS":1000000000,"CURRENTDEBT_DEBT":28.98637963577,"ISSUED_COMMON_SHARES":325917000,"HK_COMMON_SHARES":325917000,"PER_SHARES":1000,"TOTAL_MARKET_CAP":1179819540,"HKSK_MARKET_CAP":1179819540,"PE_TTM":10.932353039288,"PB_TTM":1.031030497828,"REPORT_DATE_SQ":"2022-12-31 00:00:00","REPORT_TYPE_SQ":"2022年年报","OPERATE_INCOME_SQ":545154641.57,"DPS_HKD":0.0838,"OPERATE_INCOME_QOQ_SQ":4.554547824108,"NET_PROFIT_RATIO_SQ":13.6849470171,"HOLDER_PROFIT_SQ":79922653.44,"HOLDER_PROFIT_QOQ_SQ":-15.683539301086,"ROE_AVG_SQ":8.859412085643,"PE_TTM_SQ":15.421630139467,"PB_TTM_SQ":1.557062417591,"ROA_SQ":6.149147337754,"START_DATE":"2023-01-01 00:00:00","FISCAL_YEAR":"12-31","CURRENCY":"HKD","IS_CNY_CODE":0,"DPS_HKD_LY":0.11376,"ORG_TYPE":"一般企业","PREMIUM_INCOME":null,"PREMIUM_INCOME_YOY":null,"NET_INTEREST_INCOME":null,"NET_INTEREST_INCOME_YOY":null,"FEE_COMMISSION_INCOME":null,"FEE_COMMISSION_INCOME_YOY":null,"ACCOUNTS_RECE_TDAYS":114.79132181599,"INVENTORY_TDAYS":23.276570901828,"CURRENT_ASSETS_TDAYS":0.878481604241,"TOTAL_ASSETS_TDAYS":0.43360696987,"PREMIUM_EXPENSE":null,"LOAN_DEPOSIT":null,"LOAN_EQUITY":null,"LOAN_ASSETS":null,"DEPOSIT_EQUITY":null,"DEPOSIT_ASSETS":null,"EQUITY_MULTIPLIER":1.504578261154,"EQUITY_RATIO":0.518243248007},{"SECUCODE":"01846.HK","SECURITY_CODE":"01846","SECURITY_NAME_ABBR":"德视佳","ORG_CODE":"10000015406","STD_REPORT_DATE":"2023-06-30 00:00:00","REPORT_DATE":"2023-06-30 00:00:00","DATE_TYPE_CODE":"002","REPORT_TYPE":"2023年中报","PER_NETCASH_OPERATE":0.25531796411,"PER_OI":0.958340164326,"BPS":3.093759071543,"BASIC_EPS":0.187392435,"DILUTED_EPS":0.1872817974,"OPERATE_INCOME":319357276.36,"OPERATE_INCOME_YOY":9.744444374,"GROSS_PROFIT":154507252.36,"GROSS_PROFIT_YOY":26.737999473862,"HOLDER_PROFIT":62211522.48,"HOLDER_PROFIT_YOY":45.022352132,"GROSS_PROFIT_RATIO":48.380689527747,"EPS_TTM":0.30711767975,"OPERATE_INCOME_QOQ":9.068450243334,"NET_PROFIT_RATIO":19.6635506464,"ROE_AVG":6.402201242943,"GROSS_PROFIT_QOQ":13.473144400331,"ROA":4.202508388543,"HOLDER_PROFIT_QOQ":28.05367589157,"ROE_YEARLY":12.804402485886,"ROIC_YEARLY":16.970953000148,"TOTAL_ASSETS":1539877166.3,"TOTAL_LIABILITIES":504073203.42,"TAX_EBT":26.449181460844,"OCF_SALES":26.641684614097,"TOTAL_PARENT_EQUITY":1008308675.32,"DEBT_ASSET_RATIO":32.7346371809,"OPERATE_PROFIT":92138993.28,"PRETAX_PROFIT":85379035.92,"NETCASH_OPERATE":85082158.36,"NETCASH_INVEST":-58994734.26,"NETCASH_FINANCE":-43924049.18,"END_CASH":720647227.4,"DIVI_RATIO":0.248004901776,"DIVIDEND_RATE":2.314917127072,"CURRENT_RATIO":5.223957594995,"COMMON_ACS":1000000000,"CURRENTDEBT_DEBT":29.675579674757,"ISSUED_COMMON_SHARES":325917000,"HK_COMMON_SHARES":325917000,"PER_SHARES":1000,"TOTAL_MARKET_CAP":1179819540,"HKSK_MARKET_CAP":1179819540,"PE_TTM":10.932353039288,"PB_TTM":1.031030497828,"REPORT_DATE_SQ":"2022-06-30 00:00:00","REPORT_TYPE_SQ":"2022年中报","OPERATE_INCOME_SQ":269920198.94,"DPS_HKD":0.0838,"OPERATE_INCOME_QOQ_SQ":0.757999431317,"NET_PROFIT_RATIO_SQ":13.7716791392,"HOLDER_PROFIT_SQ":39790280.32,"HOLDER_PROFIT_QOQ_SQ":-13.19590116567,"ROE_AVG_SQ":4.709271225905,"PE_TTM_SQ":15.421630139467,"PB_TTM_SQ":1.557062417591,"ROA_SQ":3.206143270393,"START_DATE":"2023-01-01 00:00:00","FISCAL_YEAR":"12-31","CURRENCY":"HKD","IS_CNY_CODE":0,"DPS_HKD_LY":0.11376,"ORG_TYPE":"一般企业","PREMIUM_INCOME":null,"PREMIUM_INCOME_YOY":null,"NET_INTEREST_INCOME":null,"NET_INTEREST_INCOME_YOY":null,"FEE_COMMISSION_INCOME":null,"FEE_COMMISSION_INCOME_YOY":null,"ACCOUNTS_RECE_TDAYS":46.00026560425,"INVENTORY_TDAYS":11.066753319098,"CURRENT_ASSETS_TDAYS":0.410923980452,"TOTAL_ASSETS_TDAYS":0.215732002585,"PREMIUM_EXPENSE":null,"LOAN_DEPOSIT":null,"LOAN_EQUITY":null,"LOAN_ASSETS":null,"DEPOSIT_EQUITY":null,"DEPOSIT_ASSETS":null,"EQUITY_MULTIPLIER":1.486649232368,"EQUITY_RATIO":0.499919534323},{"SECUCODE":"01846.HK","SECURITY_CODE":"01846","SECURITY_NAME_ABBR":"德视佳","ORG_CODE":"10000015406","STD_REPORT_DATE":"2022-12-31 00:00:00","REPORT_DATE":"2022-12-31 00:00:00","DATE_TYPE_CODE":"001","REPORT_TYPE":"2022年年报","PER_NETCASH_OPERATE":0.559607224673,"PER_OI":1.635921982865,"BPS":2.779889940752,"BASIC_EPS":0.2408077266,"DILUTED_EPS":0.2405308129,"OPERATE_INCOME":545154641.57,"OPERATE_INCOME_YOY":-3.5770091843,"GROSS_PROFIT":241936819.88,"GROSS_PROFIT_YOY":-5.322118984729,"HOLDER_PROFIT":79922653.44,"HOLDER_PROFIT_YOY":-33.0098831986,"GROSS_PROFIT_RATIO":44.379484540981,"EPS_TTM":0.239835114152,"OPERATE_INCOME_QOQ":4.554547824108,"NET_PROFIT_RATIO":13.6849470171,"ROE_AVG":8.859412085643,"GROSS_PROFIT_QOQ":-1.032290620448,"ROA":6.149147337754,"HOLDER_PROFIT_QOQ":-15.683539301086,"ROE_YEARLY":8.859412085643,"ROIC_YEARLY":14.654244058874,"TOTAL_ASSETS":1376564800.8,"TOTAL_LIABILITIES":444801116.69,"TAX_EBT":35.247325166693,"OCF_SALES":34.207451854935,"TOTAL_PARENT_EQUITY":906013389.82,"DEBT_ASSET_RATIO":32.3123994186,"OPERATE_PROFIT":118632508.89,"PRETAX_PROFIT":115213964.6,"NETCASH_OPERATE":186736306.96,"NETCASH_INVEST":-117745491.78,"NETCASH_FINANCE":-91305593.05,"END_CASH":696363814.09,"DIVI_RATIO":0.317579393115,"DIVIDEND_RATE":2.314917127072,"CURRENT_RATIO":5.12065774444,"COMMON_ACS":1000000000,"CURRENTDEBT_DEBT":32.877193757569,"ISSUED_COMMON_SHARES":325917000,"HK_COMMON_SHARES":325917000,"PER_SHARES":1000,"TOTAL_MARKET_CAP":1179819540,"HKSK_MARKET_CAP":1179819540,"PE_TTM":10.932353039288,"PB_TTM":1.031030497828,"REPORT_DATE_SQ":"2021-12-31 00:00:00","REPORT_TYPE_SQ":"2021年年报","OPERATE_INCOME_SQ":517484385.6,"DPS_HKD":0.0838,"OPERATE_INCOME_QOQ_SQ":5.116888946821,"NET_PROFIT_RATIO_SQ":20.9160240216,"HOLDER_PROFIT_SQ":109198656,"HOLDER_PROFIT_QOQ_SQ":17.670567668994,"ROE_AVG_SQ":13.636614247995,"PE_TTM_SQ":15.421630139467,"PB_TTM_SQ":1.557062417591,"ROA_SQ":9.955266150194,"START_DATE":"2022-01-01 00:00:00","FISCAL_YEAR":"12-31","CURRENCY":"HKD","IS_CNY_CODE":0,"DPS_HKD_LY":0.09932,"ORG_TYPE":"一般企业","PREMIUM_INCOME":null,"PREMIUM_INCOME_YOY":null,"NET_INTEREST_INCOME":null,"NET_INTEREST_INCOME_YOY":null,"FEE_COMMISSION_INCOME":null,"FEE_COMMISSION_INCOME_YOY":null,"ACCOUNTS_RECE_TDAYS":141.10774566474,"INVENTORY_TDAYS":16.957088620242,"CURRENT_ASSETS_TDAYS":0.679935425793,"TOTAL_ASSETS_TDAYS":0.419435049837,"PREMIUM_EXPENSE":null,"LOAN_DEPOSIT":null,"LOAN_EQUITY":null,"LOAN_ASSETS":null,"DEPOSIT_EQUITY":null,"DEPOSIT_ASSETS":null,"EQUITY_MULTIPLIER":1.477375459332,"EQUITY_RATIO":0.490943204248},{"SECUCODE":"01846.HK","SECURITY_CODE":"01846","SECURITY_NAME_ABBR":"德视佳","ORG_CODE":"10000015406","STD_REPORT_DATE":"2022-06-30 00:00:00","REPORT_DATE":"2022-06-30 00:00:00","DATE_TYPE_CODE":"002","REPORT_TYPE":"2022年中报","PER_NETCASH_OPERATE":0.279148038201,"PER_OI":0.80998739329,"BPS":2.546451898336,"BASIC_EPS":0.1199746051,"DILUTED_EPS":0.1198377747,"OPERATE_INCOME":269920198.94,"OPERATE_INCOME_YOY":-1.2675254475,"GROSS_PROFIT":121910755.26,"GROSS_PROFIT_YOY":-8.328945873026,"HOLDER_PROFIT":39790280.32,"HOLDER_PROFIT_YOY":-28.5701126838,"GROSS_PROFIT_RATIO":45.165480663824,"EPS_TTM":0.284446372824,"OPERATE_INCOME_QOQ":0.757999431317,"NET_PROFIT_RATIO":13.7716791392,"ROE_AVG":4.709271225905,"GROSS_PROFIT_QOQ":-4.33457376267,"ROA":3.206143270393,"HOLDER_PROFIT_QOQ":-13.19590116567,"ROE_YEARLY":9.418542451811,"ROIC_YEARLY":14.605381904934,"TOTAL_ASSETS":1311353477.14,"TOTAL_LIABILITIES":454409482.45,"TAX_EBT":38.139356160874,"OCF_SALES":34.463257146116,"TOTAL_PARENT_EQUITY":829931963.35,"DEBT_ASSET_RATIO":34.6519447557,"OPERATE_PROFIT":62232176.3,"PRETAX_PROFIT":60090780.54,"NETCASH_OPERATE":93023292.25,"NETCASH_INVEST":-101054381.54,"NETCASH_FINANCE":-55140940.82,"END_CASH":612325447.09,"DIVI_RATIO":0.267771704183,"DIVIDEND_RATE":2.314917127072,"CURRENT_RATIO":4.460562371126,"COMMON_ACS":1000000000,"CURRENTDEBT_DEBT":34.408822726802,"ISSUED_COMMON_SHARES":325917000,"HK_COMMON_SHARES":325917000,"PER_SHARES":1000,"TOTAL_MARKET_CAP":1179819540,"HKSK_MARKET_CAP":1179819540,"PE_TTM":10.932353039288,"PB_TTM":1.031030497828,"REPORT_DATE_SQ":"2021-06-30 00:00:00","REPORT_TYPE_SQ":"2021年中报","OPERATE_INCOME_SQ":265997670.24,"DPS_HKD":0.0838,"OPERATE_INCOME_QOQ_SQ":23.448787352492,"NET_PROFIT_RATIO_SQ":20.513766978,"HOLDER_PROFIT_SQ":54200027.04,"HOLDER_PROFIT_QOQ_SQ":68.132497642276,"ROE_AVG_SQ":6.712337519141,"PE_TTM_SQ":15.421630139467,"PB_TTM_SQ":1.557062417591,"ROA_SQ":4.859789934838,"START_DATE":"2022-01-01 00:00:00","FISCAL_YEAR":"12-31","CURRENCY":"HKD","IS_CNY_CODE":0,"DPS_HKD_LY":0.09932,"ORG_TYPE":"一般企业","PREMIUM_INCOME":null,"PREMIUM_INCOME_YOY":null,"NET_INTEREST_INCOME":null,"NET_INTEREST_INCOME_YOY":null,"FEE_COMMISSION_INCOME":null,"FEE_COMMISSION_INCOME_YOY":null,"ACCOUNTS_RECE_TDAYS":67.803651987111,"INVENTORY_TDAYS":7.842490427532,"CURRENT_ASSETS_TDAYS":0.356161848459,"TOTAL_ASSETS_TDAYS":0.217491010974,"PREMIUM_EXPENSE":null,"LOAN_DEPOSIT":null,"LOAN_EQUITY":null,"LOAN_ASSETS":null,"DEPOSIT_EQUITY":null,"DEPOSIT_ASSETS":null,"EQUITY_MULTIPLIER":1.530267421519,"EQUITY_RATIO":0.547526185901},{"SECUCODE":"01846.HK","SECURITY_CODE":"01846","SECURITY_NAME_ABBR":"德视佳","ORG_CODE":"10000015406","STD_REPORT_DATE":"2021-12-31 00:00:00","REPORT_DATE":"2021-12-31 00:00:00","DATE_TYPE_CODE":"001","REPORT_TYPE":"2021年年报","PER_NETCASH_OPERATE":0.678592553624,"PER_OI":1.571782943438,"BPS":2.522541982161,"BASIC_EPS":0.332542448,"DILUTED_EPS":0.331757552,"OPERATE_INCOME":517484385.6,"OPERATE_INCOME_YOY":33.5810374448,"GROSS_PROFIT":255536792,"GROSS_PROFIT_YOY":41.811157997816,"HOLDER_PROFIT":109198656,"HOLDER_PROFIT_YOY":103.659652333,"GROSS_PROFIT_RATIO":49.380580189626,"EPS_TTM":0.331674905994,"OPERATE_INCOME_QOQ":5.116888946821,"NET_PROFIT_RATIO":20.9160240216,"ROE_AVG":13.636614247995,"GROSS_PROFIT_QOQ":4.681868626782,"ROA":9.955266150194,"HOLDER_PROFIT_QOQ":17.670567668994,"ROE_YEARLY":13.636614247995,"ROIC_YEARLY":26.594240702171,"TOTAL_ASSETS":1119312387.2,"TOTAL_LIABILITIES":268618392,"TAX_EBT":32.344268243447,"OCF_SALES":43.173426487247,"TOTAL_PARENT_EQUITY":822139315.2,"DEBT_ASSET_RATIO":23.9985186505,"OPERATE_PROFIT":156375811.2,"PRETAX_PROFIT":159982244.8,"NETCASH_OPERATE":223415740.8,"NETCASH_INVEST":-48970969.6,"NETCASH_FINANCE":-56561568,"END_CASH":691391993.6,"DIVI_RATIO":0.229642606732,"DIVIDEND_RATE":2.314917127072,"CURRENT_RATIO":6.715628268025,"COMMON_ACS":1000000000,"CURRENTDEBT_DEBT":43.366662101082,"ISSUED_COMMON_SHARES":325917000,"HK_COMMON_SHARES":325917000,"PER_SHARES":1000,"TOTAL_MARKET_CAP":1179819540,"HKSK_MARKET_CAP":1179819540,"PE_TTM":10.932353039288,"PB_TTM":1.031030497828,"REPORT_DATE_SQ":"2020-12-31 00:00:00","REPORT_TYPE_SQ":"2020年年报","OPERATE_INCOME_SQ":398784181.52,"DPS_HKD":0.0838,"OPERATE_INCOME_QOQ_SQ":6.681076182871,"NET_PROFIT_RATIO_SQ":13.5227028099,"HOLDER_PROFIT_SQ":55194751.2,"HOLDER_PROFIT_QOQ_SQ":515.162169560353,"ROE_AVG_SQ":7.449948851182,"PE_TTM_SQ":15.421630139467,"PB_TTM_SQ":1.557062417591,"ROA_SQ":9.010098234526,"START_DATE":"2021-01-01 00:00:00","FISCAL_YEAR":"12-31","CURRENCY":"HKD","IS_CNY_CODE":0,"DPS_HKD_LY":0.02988,"ORG_TYPE":"一般企业","PREMIUM_INCOME":null,"PREMIUM_INCOME_YOY":null,"NET_INTEREST_INCOME":null,"NET_INTEREST_INCOME_YOY":null,"FEE_COMMISSION_INCOME":null,"FEE_COMMISSION_INCOME_YOY":null,"ACCOUNTS_RECE_TDAYS":165.277712495104,"INVENTORY_TDAYS":10.697362270451,"CURRENT_ASSETS_TDAYS":0.682565085308,"TOTAL_ASSETS_TDAYS":0.47177272834,"PREMIUM_EXPENSE":null,"LOAN_DEPOSIT":null,"LOAN_EQUITY":null,"LOAN_ASSETS":null,"DEPOSIT_EQUITY":null,"DEPOSIT_ASSETS":null,"EQUITY_MULTIPLIER":1.315763827551,"EQUITY_RATIO":0.326730989546},{"SECUCODE":"01846.HK","SECURITY_CODE":"01846","SECURITY_NAME_ABBR":"德视佳","ORG_CODE":"10000015406","STD_REPORT_DATE":"2021-06-30 00:00:00","REPORT_DATE":"2021-06-30 00:00:00","DATE_TYPE_CODE":"002","REPORT_TYPE":"2021年中报","PER_NETCASH_OPERATE":0.36290307611,"PER_OI":0.807928920585,"BPS":2.521262370972,"BASIC_EPS":0.1649931432,"DILUTED_EPS":0.1645687824,"OPERATE_INCOME":265997670.24,"OPERATE_INCOME_YOY":69.2913844508,"GROSS_PROFIT":132987186,"GROSS_PROFIT_YOY":92.527644653558,"HOLDER_PROFIT":54200027.04,"HOLDER_PROFIT_YOY":258.5512192437,"GROSS_PROFIT_RATIO":49.995620593222,"EPS_TTM":0.2818673459,"OPERATE_INCOME_QOQ":23.448787352492,"NET_PROFIT_RATIO":20.513766978,"ROE_AVG":6.712337519141,"GROSS_PROFIT_QOQ":35.468691816544,"ROA":4.859789934838,"HOLDER_PROFIT_QOQ":68.132497642276,"ROE_YEARLY":13.424675038282,"ROIC_YEARLY":25.718239624441,"TOTAL_ASSETS":1137046472.88,"TOTAL_LIABILITIES":284819319.84,"TAX_EBT":31.673213374038,"OCF_SALES":44.917698434049,"TOTAL_PARENT_EQUITY":821722268.16,"DEBT_ASSET_RATIO":25.0490482696,"OPERATE_PROFIT":80646857.76,"PRETAX_PROFIT":79860542.16,"NETCASH_OPERATE":119480031.36,"NETCASH_INVEST":-13785069.36,"NETCASH_FINANCE":-30905947.44,"END_CASH":692885497.2,"DIVI_RATIO":0.270221758951,"DIVIDEND_RATE":2.314917127072,"CURRENT_RATIO":6.935770261609,"COMMON_ACS":1000000000,"CURRENTDEBT_DEBT":40.11241666618,"ISSUED_COMMON_SHARES":325917000,"HK_COMMON_SHARES":325917000,"PER_SHARES":1000,"TOTAL_MARKET_CAP":1179819540,"HKSK_MARKET_CAP":1179819540,"PE_TTM":10.932353039288,"PB_TTM":1.031030497828,"REPORT_DATE_SQ":"2020-06-30 00:00:00","REPORT_TYPE_SQ":"2020年中报","OPERATE_INCOME_SQ":172487615.52,"DPS_HKD":0.0838,"OPERATE_INCOME_QOQ_SQ":-2.319469739101,"NET_PROFIT_RATIO_SQ":8.8326722554,"HOLDER_PROFIT_SQ":16594464.48,"HOLDER_PROFIT_QOQ_SQ":392.863552151076,"ROE_AVG_SQ":2.228990868462,"PE_TTM_SQ":15.421630139467,"PB_TTM_SQ":1.557062417591,"ROA_SQ":2.807340158393,"START_DATE":"2021-01-01 00:00:00","FISCAL_YEAR":"12-31","CURRENCY":"HKD","IS_CNY_CODE":0,"DPS_HKD_LY":0.02988,"ORG_TYPE":"一般企业","PREMIUM_INCOME":null,"PREMIUM_INCOME_YOY":null,"NET_INTEREST_INCOME":null,"NET_INTEREST_INCOME_YOY":null,"FEE_COMMISSION_INCOME":null,"FEE_COMMISSION_INCOME_YOY":null,"ACCOUNTS_RECE_TDAYS":68.770140905669,"INVENTORY_TDAYS":4.906099900253,"CURRENT_ASSETS_TDAYS":0.345590552415,"TOTAL_ASSETS_TDAYS":0.23850408775,"PREMIUM_EXPENSE":null,"LOAN_DEPOSIT":null,"LOAN_EQUITY":null,"LOAN_ASSETS":null,"DEPOSIT_EQUITY":null,"DEPOSIT_ASSETS":null,"EQUITY_MULTIPLIER":1.334205873192,"EQUITY_RATIO":0.346612634069},{"SECUCODE":"01846.HK","SECURITY_CODE":"01846","SECURITY_NAME_ABBR":"德视佳","ORG_CODE":"10000015406","STD_REPORT_DATE":"2020-12-31 00:00:00","REPORT_DATE":"2020-12-31 00:00:00","DATE_TYPE_CODE":"001","REPORT_TYPE":"2020年年报","PER_NETCASH_OPERATE":0.200564186809,"PER_OI":1.211248478347,"BPS":2.461757683337,"BASIC_EPS":0.167780934,"DILUTED_EPS":0.1469335112,"OPERATE_INCOME":398784181.52,"OPERATE_INCOME_YOY":10.2692160897,"GROSS_PROFIT":180195124,"GROSS_PROFIT_YOY":13.188661685358,"HOLDER_PROFIT":55194751.2,"HOLDER_PROFIT_YOY":2006.3953488372,"GROSS_PROFIT_RATIO":45.186126318544,"EPS_TTM":0.167645963661,"OPERATE_INCOME_QOQ":6.681076182871,"NET_PROFIT_RATIO":13.5227028099,"ROE_AVG":7.449948851182,"GROSS_PROFIT_QOQ":21.219100584678,"ROA":9.010098234526,"HOLDER_PROFIT_QOQ":515.162169560353,"ROE_YEARLY":7.449948851182,"ROIC_YEARLY":23.329941870807,"TOTAL_ASSETS":1106067296.84,"TOTAL_LIABILITIES":273170253.16,"TAX_EBT":35.048860595248,"OCF_SALES":16.558467597263,"TOTAL_PARENT_EQUITY":802328678.88,"DEBT_ASSET_RATIO":24.6974351326,"OPERATE_PROFIT":93470013.48,"PRETAX_PROFIT":83026102.72,"NETCASH_OPERATE":66032549.48,"NETCASH_INVEST":-32095941.4,"NETCASH_FINANCE":-97942488.44,"END_CASH":641184076.28,"DIVI_RATIO":0.454330592498,"DIVIDEND_RATE":2.314917127072,"CURRENT_RATIO":7.094604740116,"COMMON_ACS":1000000000,"CURRENTDEBT_DEBT":38.986163188721,"ISSUED_COMMON_SHARES":325917000,"HK_COMMON_SHARES":325917000,"PER_SHARES":1000,"TOTAL_MARKET_CAP":1179819540,"HKSK_MARKET_CAP":1179819540,"PE_TTM":10.932353039288,"PB_TTM":1.031030497828,"REPORT_DATE_SQ":"2019-12-31 00:00:00","REPORT_TYPE_SQ":"2019年年报","OPERATE_INCOME_SQ":384909499.76,"DPS_HKD":0.0838,"OPERATE_INCOME_QOQ_SQ":11.128810563469,"NET_PROFIT_RATIO_SQ":-0.8577555397,"HOLDER_PROFIT_SQ":-3081483.2,"HOLDER_PROFIT_QOQ_SQ":-114.75512835391,"ROE_AVG_SQ":-0.245327358694,"PE_TTM_SQ":15.421630139467,"PB_TTM_SQ":1.557062417591,"ROA_SQ":-0.377900531182,"START_DATE":"2020-01-01 00:00:00","FISCAL_YEAR":"12-31","CURRENCY":"HKD","IS_CNY_CODE":0,"DPS_HKD_LY":null,"ORG_TYPE":"一般企业","PREMIUM_INCOME":null,"PREMIUM_INCOME_YOY":null,"NET_INTEREST_INCOME":null,"NET_INTEREST_INCOME_YOY":null,"FEE_COMMISSION_INCOME":null,"FEE_COMMISSION_INCOME_YOY":null,"ACCOUNTS_RECE_TDAYS":133.998303167421,"INVENTORY_TDAYS":13.060343960575,"CURRENT_ASSETS_TDAYS":0.95184219064,"TOTAL_ASSETS_TDAYS":0.650983032218,"PREMIUM_EXPENSE":null,"LOAN_DEPOSIT":null,"LOAN_EQUITY":null,"LOAN_ASSETS":null,"DEPOSIT_EQUITY":null,"DEPOSIT_ASSETS":null,"EQUITY_MULTIPLIER":1.327976014842,"EQUITY_RATIO":0.340471754719},{"SECUCODE":"01846.HK","SECURITY_CODE":"01846","SECURITY_NAME_ABBR":"德视佳","ORG_CODE":"10000015406","STD_REPORT_DATE":"2020-06-30 00:00:00","REPORT_DATE":"2020-06-30 00:00:00","DATE_TYPE_CODE":"002","REPORT_TYPE":"2020年中报","PER_NETCASH_OPERATE":0.01474060006,"PER_OI":0.523905840588,"BPS":2.306064855531,"BASIC_EPS":0.0504127536,"DILUTED_EPS":0.0504127536,"OPERATE_INCOME":172487615.52,"OPERATE_INCOME_YOY":-8.4113010792,"GROSS_PROFIT":69074332.8,"GROSS_PROFIT_YOY":-12.232419659461,"HOLDER_PROFIT":16594464.48,"HOLDER_PROFIT_YOY":250.5789270552,"GROSS_PROFIT_RATIO":40.045966541865,"EPS_TTM":0.027252320113,"OPERATE_INCOME_QOQ":-2.319469739101,"NET_PROFIT_RATIO":8.8326722554,"ROE_AVG":2.228990868462,"GROSS_PROFIT_QOQ":-6.082333918833,"ROA":2.807340158393,"HOLDER_PROFIT_QOQ":392.863552151076,"ROE_YEARLY":4.457981736925,"ROIC_YEARLY":15.805328327921,"TOTAL_ASSETS":1052950604.64,"TOTAL_LIABILITIES":263037836.16,"TAX_EBT":36.149605696348,"OCF_SALES":2.813597199642,"TOTAL_PARENT_EQUITY":751585739.52,"DEBT_ASSET_RATIO":24.9810233263,"OPERATE_PROFIT":25180800.48,"PRETAX_PROFIT":23860879.68,"NETCASH_OPERATE":4853106.72,"NETCASH_INVEST":-7984379.04,"NETCASH_FINANCE":-79441876.8,"END_CASH":636879598.08,"DIVI_RATIO":2.794869929785,"DIVIDEND_RATE":2.314917127072,"CURRENT_RATIO":7.301458447991,"COMMON_ACS":1000000000,"CURRENTDEBT_DEBT":37.858899029045,"ISSUED_COMMON_SHARES":325917000,"HK_COMMON_SHARES":325917000,"PER_SHARES":1000,"TOTAL_MARKET_CAP":1179819540,"HKSK_MARKET_CAP":1179819540,"PE_TTM":10.932353039288,"PB_TTM":1.031030497828,"REPORT_DATE_SQ":"2019-06-30 00:00:00","REPORT_TYPE_SQ":"2019年中报","OPERATE_INCOME_SQ":181363900.5,"DPS_HKD":0.0838,"OPERATE_INCOME_QOQ_SQ":0,"NET_PROFIT_RATIO_SQ":2.5992482115,"HOLDER_PROFIT_SQ":4558398.12,"HOLDER_PROFIT_QOQ_SQ":0,"ROE_AVG_SQ":null,"PE_TTM_SQ":15.421630139467,"PB_TTM_SQ":1.557062417591,"ROA_SQ":null,"START_DATE":"2020-01-01 00:00:00","FISCAL_YEAR":"12-31","CURRENCY":"HKD","IS_CNY_CODE":0,"DPS_HKD_LY":null,"ORG_TYPE":"一般企业","PREMIUM_INCOME":null,"PREMIUM_INCOME_YOY":null,"NET_INTEREST_INCOME":null,"NET_INTEREST_INCOME_YOY":null,"FEE_COMMISSION_INCOME":null,"FEE_COMMISSION_INCOME_YOY":null,"ACCOUNTS_RECE_TDAYS":81.11383161512,"INVENTORY_TDAYS":6.831583393676,"CURRENT_ASSETS_TDAYS":0.422513245981,"TOTAL_ASSETS_TDAYS":0.291802974696,"PREMIUM_EXPENSE":null,"LOAN_DEPOSIT":null,"LOAN_EQUITY":null,"LOAN_ASSETS":null,"DEPOSIT_EQUITY":null,"DEPOSIT_ASSETS":null,"EQUITY_MULTIPLIER":1.332996055584,"EQUITY_RATIO":0.349977151413}],"count":16},"success":true,"message":"ok","code":0}