{"version":"9e71c4270b344394f90266e4857282f4","result":{"pages":2,"data":[{"SECUCODE":"01845.HK","SECURITY_CODE":"01845","SECURITY_NAME_ABBR":"维港环保科技","ORG_CODE":"10936021","STD_REPORT_DATE":"2024-06-30 00:00:00","REPORT_DATE":"2024-06-30 00:00:00","DATE_TYPE_CODE":"002","REPORT_TYPE":"2024年中报","PER_NETCASH_OPERATE":-0.020675224156,"PER_OI":0.067757915303,"BPS":0.311894610132,"BASIC_EPS":-0.00395,"DILUTED_EPS":-0.00395,"OPERATE_INCOME":90344000,"OPERATE_INCOME_YOY":4.163351896,"GROSS_PROFIT":26438000,"GROSS_PROFIT_YOY":-6.078368680948,"HOLDER_PROFIT":-5267000,"HOLDER_PROFIT_YOY":-1273.0512249443,"GROSS_PROFIT_RATIO":29.26370317896,"EPS_TTM":-0.002972996284,"OPERATE_INCOME_QOQ":1.42473860722,"NET_PROFIT_RATIO":-5.3119188878,"ROE_AVG":-1.258561960938,"GROSS_PROFIT_QOQ":-2.817574021012,"ROA":-0.653574495332,"HOLDER_PROFIT_QOQ":-326.255707762557,"ROE_YEARLY":-2.517123921877,"ROIC_YEARLY":-1.657120473948,"TOTAL_ASSETS":768595000,"TOTAL_LIABILITIES":245574000,"TAX_EBT":-9.36645396536,"OCF_SALES":-30.51337111485,"TOTAL_PARENT_EQUITY":415860000,"DEBT_ASSET_RATIO":31.9510275242,"OPERATE_PROFIT":-2882000,"PRETAX_PROFIT":-4388000,"NETCASH_OPERATE":-27567000,"NETCASH_INVEST":-3754000,"NETCASH_FINANCE":10627000,"END_CASH":52921000,"DIVI_RATIO":null,"DIVIDEND_RATE":null,"CURRENT_RATIO":1.94201311045,"COMMON_ACS":4000000000,"CURRENTDEBT_DEBT":95.540244488423,"ISSUED_COMMON_SHARES":1333335000,"HK_COMMON_SHARES":1333335000,"PER_SHARES":3000,"TOTAL_MARKET_CAP":253333650,"HKSK_MARKET_CAP":253333650,"PE_TTM":-58.579585103368,"PB_TTM":0.555986523546,"REPORT_DATE_SQ":"2023-06-30 00:00:00","REPORT_TYPE_SQ":"2023年中报","OPERATE_INCOME_SQ":86733000,"DPS_HKD":null,"OPERATE_INCOME_QOQ_SQ":-32.668917369773,"NET_PROFIT_RATIO_SQ":-1.7329044308,"HOLDER_PROFIT_SQ":449000,"HOLDER_PROFIT_QOQ_SQ":39.282357494333,"ROE_AVG_SQ":0.107006800532,"PE_TTM_SQ":-4.463236301454,"PB_TTM_SQ":0.468504212546,"ROA_SQ":0.061332723193,"START_DATE":"2024-01-01 00:00:00","FISCAL_YEAR":"12-31","CURRENCY":"HKD","IS_CNY_CODE":0,"DPS_HKD_LY":null,"ORG_TYPE":"一般企业","PREMIUM_INCOME":null,"PREMIUM_INCOME_YOY":null,"NET_INTEREST_INCOME":null,"NET_INTEREST_INCOME_YOY":null,"FEE_COMMISSION_INCOME":null,"FEE_COMMISSION_INCOME_YOY":null,"ACCOUNTS_RECE_TDAYS":0.436425469424,"INVENTORY_TDAYS":7.271961766045,"CURRENT_ASSETS_TDAYS":0.182301551028,"TOTAL_ASSETS_TDAYS":0.112106577191,"PREMIUM_EXPENSE":null,"LOAN_DEPOSIT":null,"LOAN_EQUITY":null,"LOAN_ASSETS":null,"DEPOSIT_EQUITY":null,"DEPOSIT_ASSETS":null,"EQUITY_MULTIPLIER":1.469529904152,"EQUITY_RATIO":0.590520848362},{"SECUCODE":"01845.HK","SECURITY_CODE":"01845","SECURITY_NAME_ABBR":"维港环保科技","ORG_CODE":"10936021","STD_REPORT_DATE":"2023-12-31 00:00:00","REPORT_DATE":"2023-12-31 00:00:00","DATE_TYPE_CODE":"001","REPORT_TYPE":"2023年年报","PER_NETCASH_OPERATE":0.025634217957,"PER_OI":0.190087262391,"BPS":0.315844855194,"BASIC_EPS":0.001,"DILUTED_EPS":0.001,"OPERATE_INCOME":253450000,"OPERATE_INCOME_YOY":-27.3632382612,"GROSS_PROFIT":60726000,"GROSS_PROFIT_YOY":-5.408268170348,"HOLDER_PROFIT":1752000,"HOLDER_PROFIT_YOY":102.4216287942,"GROSS_PROFIT_RATIO":23.959755375814,"EPS_TTM":0.001313998358,"OPERATE_INCOME_QOQ":7.879984847002,"NET_PROFIT_RATIO":-0.5026632472,"ROE_AVG":0.416893713519,"GROSS_PROFIT_QOQ":-6.599812356768,"ROA":0.220774613944,"HOLDER_PROFIT_QOQ":103.988344563832,"ROE_YEARLY":0.416893713519,"ROIC_YEARLY":0.277233394281,"TOTAL_ASSETS":843157000,"TOTAL_LIABILITIES":315337000,"TAX_EBT":287.352941176471,"OCF_SALES":13.485500098639,"TOTAL_PARENT_EQUITY":421127000,"DEBT_ASSET_RATIO":37.3995590382,"OPERATE_PROFIT":3436000,"PRETAX_PROFIT":680000,"NETCASH_OPERATE":34179000,"NETCASH_INVEST":-18128000,"NETCASH_FINANCE":-11479000,"END_CASH":73615000,"DIVI_RATIO":null,"DIVIDEND_RATE":null,"CURRENT_RATIO":1.740861864947,"COMMON_ACS":4000000000,"CURRENTDEBT_DEBT":97.550239902073,"ISSUED_COMMON_SHARES":1333335000,"HK_COMMON_SHARES":1333335000,"PER_SHARES":3000,"TOTAL_MARKET_CAP":284000355,"HKSK_MARKET_CAP":284000355,"PE_TTM":-65.670798036934,"PB_TTM":0.623290155344,"REPORT_DATE_SQ":"2022-12-31 00:00:00","REPORT_TYPE_SQ":"2022年年报","OPERATE_INCOME_SQ":348928000,"DPS_HKD":null,"OPERATE_INCOME_QOQ_SQ":-32.801540683678,"NET_PROFIT_RATIO_SQ":-22.363352898,"HOLDER_PROFIT_SQ":-72348000,"HOLDER_PROFIT_QOQ_SQ":-218.209007741027,"ROE_AVG_SQ":-15.886832558916,"PE_TTM_SQ":-6.694854452181,"PB_TTM_SQ":0.702756318819,"ROA_SQ":-8.998513058777,"START_DATE":"2023-01-01 00:00:00","FISCAL_YEAR":"12-31","CURRENCY":"HKD","IS_CNY_CODE":0,"DPS_HKD_LY":null,"ORG_TYPE":"一般企业","PREMIUM_INCOME":null,"PREMIUM_INCOME_YOY":null,"NET_INTEREST_INCOME":null,"NET_INTEREST_INCOME_YOY":null,"FEE_COMMISSION_INCOME":null,"FEE_COMMISSION_INCOME_YOY":null,"ACCOUNTS_RECE_TDAYS":1.270738176294,"INVENTORY_TDAYS":21.544240120731,"CURRENT_ASSETS_TDAYS":0.488145451744,"TOTAL_ASSETS_TDAYS":0.319379714064,"PREMIUM_EXPENSE":null,"LOAN_DEPOSIT":null,"LOAN_EQUITY":null,"LOAN_ASSETS":null,"DEPOSIT_EQUITY":null,"DEPOSIT_ASSETS":null,"EQUITY_MULTIPLIER":1.597432836951,"EQUITY_RATIO":0.748793119415},{"SECUCODE":"01845.HK","SECURITY_CODE":"01845","SECURITY_NAME_ABBR":"维港环保科技","ORG_CODE":"10936021","STD_REPORT_DATE":"2023-06-30 00:00:00","REPORT_DATE":"2023-06-30 00:00:00","DATE_TYPE_CODE":"002","REPORT_TYPE":"2023年中报","PER_NETCASH_OPERATE":-0.0017602478,"PER_OI":0.065049668688,"BPS":0.314867606415,"BASIC_EPS":0.00034,"DILUTED_EPS":0.00034,"OPERATE_INCOME":86733000,"OPERATE_INCOME_YOY":-56.7899204878,"GROSS_PROFIT":28149000,"GROSS_PROFIT_YOY":2.996706915478,"HOLDER_PROFIT":449000,"HOLDER_PROFIT_YOY":101.6052339923,"GROSS_PROFIT_RATIO":32.454774999135,"EPS_TTM":-0.032945958818,"OPERATE_INCOME_QOQ":-32.668917369773,"NET_PROFIT_RATIO":-1.7329044308,"ROE_AVG":0.107006800532,"GROSS_PROFIT_QOQ":1.27574067728,"ROA":0.061332723193,"HOLDER_PROFIT_QOQ":39.282357494333,"ROE_YEARLY":0.214013601065,"ROIC_YEARLY":0.151781617015,"TOTAL_ASSETS":720163000,"TOTAL_LIABILITIES":228420000,"TAX_EBT":367.914438502674,"OCF_SALES":-2.706005787878,"TOTAL_PARENT_EQUITY":419824000,"DEBT_ASSET_RATIO":31.7178194381,"OPERATE_PROFIT":2051000,"PRETAX_PROFIT":561000,"NETCASH_OPERATE":-2347000,"NETCASH_INVEST":1846000,"NETCASH_FINANCE":-2509000,"END_CASH":66033000,"DIVI_RATIO":null,"DIVIDEND_RATE":null,"CURRENT_RATIO":2.19975214933,"COMMON_ACS":4000000000,"CURRENTDEBT_DEBT":96.089221609316,"ISSUED_COMMON_SHARES":1333335000,"HK_COMMON_SHARES":1333335000,"PER_SHARES":3000,"TOTAL_MARKET_CAP":284000355,"HKSK_MARKET_CAP":284000355,"PE_TTM":-65.670798036934,"PB_TTM":0.623290155344,"REPORT_DATE_SQ":"2022-06-30 00:00:00","REPORT_TYPE_SQ":"2022年中报","OPERATE_INCOME_SQ":200724000,"DPS_HKD":null,"OPERATE_INCOME_QOQ_SQ":-7.557414990208,"NET_PROFIT_RATIO_SQ":-17.2480620155,"HOLDER_PROFIT_SQ":-27971000,"HOLDER_PROFIT_QOQ_SQ":-83.177570093458,"ROE_AVG_SQ":-5.857414641757,"PE_TTM_SQ":-6.694854452181,"PB_TTM_SQ":0.702756318819,"ROA_SQ":-3.340040241449,"START_DATE":"2023-01-01 00:00:00","FISCAL_YEAR":"12-31","CURRENCY":"HKD","IS_CNY_CODE":0,"DPS_HKD_LY":null,"ORG_TYPE":"一般企业","PREMIUM_INCOME":null,"PREMIUM_INCOME_YOY":null,"NET_INTEREST_INCOME":null,"NET_INTEREST_INCOME_YOY":null,"FEE_COMMISSION_INCOME":null,"FEE_COMMISSION_INCOME_YOY":null,"ACCOUNTS_RECE_TDAYS":0.494137553839,"INVENTORY_TDAYS":4.538932362284,"CURRENT_ASSETS_TDAYS":0.175977730142,"TOTAL_ASSETS_TDAYS":0.118475970618,"PREMIUM_EXPENSE":null,"LOAN_DEPOSIT":null,"LOAN_EQUITY":null,"LOAN_ASSETS":null,"DEPOSIT_EQUITY":null,"DEPOSIT_ASSETS":null,"EQUITY_MULTIPLIER":1.464510933557,"EQUITY_RATIO":0.54408514044},{"SECUCODE":"01845.HK","SECURITY_CODE":"01845","SECURITY_NAME_ABBR":"维港环保科技","ORG_CODE":"10936021","STD_REPORT_DATE":"2022-12-31 00:00:00","REPORT_DATE":"2022-12-31 00:00:00","DATE_TYPE_CODE":"001","REPORT_TYPE":"2022年年报","PER_NETCASH_OPERATE":0.027371965785,"PER_OI":0.26169567288,"BPS":0.314530856836,"BASIC_EPS":-0.054,"DILUTED_EPS":-0.054,"OPERATE_INCOME":348928000,"OPERATE_INCOME_YOY":-37.8800071212,"GROSS_PROFIT":64198000,"GROSS_PROFIT_YOY":-16.532750864602,"HOLDER_PROFIT":-72348000,"HOLDER_PROFIT_YOY":-482.8875281985,"GROSS_PROFIT_RATIO":18.398638114453,"EPS_TTM":-0.054260932174,"OPERATE_INCOME_QOQ":-32.801540683678,"NET_PROFIT_RATIO":-22.363352898,"ROE_AVG":-15.886832558916,"GROSS_PROFIT_QOQ":-17.839179901967,"ROA":-8.998513058777,"HOLDER_PROFIT_QOQ":-218.209007741027,"ROE_YEARLY":-15.886832558916,"ROIC_YEARLY":-10.988840740184,"TOTAL_ASSETS":743982000,"TOTAL_LIABILITIES":250736000,"TAX_EBT":-3.8170376382,"OCF_SALES":10.459464416728,"TOTAL_PARENT_EQUITY":419375000,"DEBT_ASSET_RATIO":33.7018906371,"OPERATE_PROFIT":-72226000,"PRETAX_PROFIT":-75163000,"NETCASH_OPERATE":35629000,"NETCASH_INVEST":-20227000,"NETCASH_FINANCE":-15540000,"END_CASH":69043000,"DIVI_RATIO":null,"DIVIDEND_RATE":null,"CURRENT_RATIO":2.071822293996,"COMMON_ACS":4000000000,"CURRENTDEBT_DEBT":96.81019079829,"ISSUED_COMMON_SHARES":1333335000,"HK_COMMON_SHARES":1333335000,"PER_SHARES":3000,"TOTAL_MARKET_CAP":284000355,"HKSK_MARKET_CAP":284000355,"PE_TTM":-65.670798036934,"PB_TTM":0.623290155344,"REPORT_DATE_SQ":"2021-12-31 00:00:00","REPORT_TYPE_SQ":"2021年年报","OPERATE_INCOME_SQ":561700000,"DPS_HKD":null,"OPERATE_INCOME_QOQ_SQ":-5.916680066463,"NET_PROFIT_RATIO_SQ":-1.574683995,"HOLDER_PROFIT_SQ":-12412000,"HOLDER_PROFIT_QOQ_SQ":44.98470812464,"ROE_AVG_SQ":-2.49046412283,"PE_TTM_SQ":-6.694854452181,"PB_TTM_SQ":0.702756318819,"ROA_SQ":-1.377014988296,"START_DATE":"2022-01-01 00:00:00","FISCAL_YEAR":"12-31","CURRENCY":"HKD","IS_CNY_CODE":0,"DPS_HKD_LY":null,"ORG_TYPE":"一般企业","PREMIUM_INCOME":null,"PREMIUM_INCOME_YOY":null,"NET_INTEREST_INCOME":null,"NET_INTEREST_INCOME_YOY":null,"FEE_COMMISSION_INCOME":null,"FEE_COMMISSION_INCOME_YOY":null,"ACCOUNTS_RECE_TDAYS":1.833543962901,"INVENTORY_TDAYS":21.713566689545,"CURRENT_ASSETS_TDAYS":0.62246269582,"TOTAL_ASSETS_TDAYS":0.433990319646,"PREMIUM_EXPENSE":null,"LOAN_DEPOSIT":null,"LOAN_EQUITY":null,"LOAN_ASSETS":null,"DEPOSIT_EQUITY":null,"DEPOSIT_ASSETS":null,"EQUITY_MULTIPLIER":1.508338638326,"EQUITY_RATIO":0.597880178838},{"SECUCODE":"01845.HK","SECURITY_CODE":"01845","SECURITY_NAME_ABBR":"维港环保科技","ORG_CODE":"10936021","STD_REPORT_DATE":"2022-06-30 00:00:00","REPORT_DATE":"2022-06-30 00:00:00","DATE_TYPE_CODE":"002","REPORT_TYPE":"2022年中报","PER_NETCASH_OPERATE":0.041675947905,"PER_OI":0.150542811821,"BPS":0.347734065332,"BASIC_EPS":-0.02098,"DILUTED_EPS":null,"OPERATE_INCOME":200724000,"OPERATE_INCOME_YOY":-17.456635989,"GROSS_PROFIT":27330000,"GROSS_PROFIT_YOY":4.684567357414,"HOLDER_PROFIT":-27971000,"HOLDER_PROFIT_YOY":-58.5028616762,"GROSS_PROFIT_RATIO":13.615711125725,"EPS_TTM":-0.017051978685,"OPERATE_INCOME_QOQ":-7.557414990208,"NET_PROFIT_RATIO":-17.2480620155,"ROE_AVG":-5.857414641757,"GROSS_PROFIT_QOQ":1.59008763034,"ROA":-3.340040241449,"HOLDER_PROFIT_QOQ":-83.177570093458,"ROE_YEARLY":-11.714829283513,"ROIC_YEARLY":-8.294425260174,"TOTAL_ASSETS":810873000,"TOTAL_LIABILITIES":274376000,"TAX_EBT":-2.815311971015,"OCF_SALES":27.683784699388,"TOTAL_PARENT_EQUITY":463646000,"DEBT_ASSET_RATIO":33.8371113602,"OPERATE_PROFIT":-32178000,"PRETAX_PROFIT":-33673000,"NETCASH_OPERATE":55568000,"NETCASH_INVEST":-12165000,"NETCASH_FINANCE":-7782000,"END_CASH":104802000,"DIVI_RATIO":null,"DIVIDEND_RATE":null,"CURRENT_RATIO":2.121012005892,"COMMON_ACS":4000000000,"CURRENTDEBT_DEBT":96.747893401755,"ISSUED_COMMON_SHARES":1333335000,"HK_COMMON_SHARES":1333335000,"PER_SHARES":3000,"TOTAL_MARKET_CAP":284000355,"HKSK_MARKET_CAP":284000355,"PE_TTM":-65.670798036934,"PB_TTM":0.623290155344,"REPORT_DATE_SQ":"2021-06-30 00:00:00","REPORT_TYPE_SQ":"2021年中报","OPERATE_INCOME_SQ":243174000,"DPS_HKD":null,"OPERATE_INCOME_QOQ_SQ":11.216796973236,"NET_PROFIT_RATIO_SQ":-7.8454111048,"HOLDER_PROFIT_SQ":-17647000,"HOLDER_PROFIT_QOQ_SQ":-106.432427486504,"ROE_AVG_SQ":-3.553464058605,"PE_TTM_SQ":-6.694854452181,"PB_TTM_SQ":0.702756318819,"ROA_SQ":-1.97211965705,"START_DATE":"2022-01-01 00:00:00","FISCAL_YEAR":"12-31","CURRENCY":"HKD","IS_CNY_CODE":0,"DPS_HKD_LY":null,"ORG_TYPE":"一般企业","PREMIUM_INCOME":null,"PREMIUM_INCOME_YOY":null,"NET_INTEREST_INCOME":null,"NET_INTEREST_INCOME_YOY":null,"FEE_COMMISSION_INCOME":null,"FEE_COMMISSION_INCOME_YOY":null,"ACCOUNTS_RECE_TDAYS":1.153377405814,"INVENTORY_TDAYS":9.246200607903,"CURRENT_ASSETS_TDAYS":0.339853035793,"TOTAL_ASSETS_TDAYS":0.239686188347,"PREMIUM_EXPENSE":null,"LOAN_DEPOSIT":null,"LOAN_EQUITY":null,"LOAN_ASSETS":null,"DEPOSIT_EQUITY":null,"DEPOSIT_ASSETS":null,"EQUITY_MULTIPLIER":1.5114213127,"EQUITY_RATIO":0.591779072827},{"SECUCODE":"01845.HK","SECURITY_CODE":"01845","SECURITY_NAME_ABBR":"维港环保科技","ORG_CODE":"10936021","STD_REPORT_DATE":"2021-12-31 00:00:00","REPORT_DATE":"2021-12-31 00:00:00","DATE_TYPE_CODE":"001","REPORT_TYPE":"2021年年报","PER_NETCASH_OPERATE":0.016926728842,"PER_OI":0.421274473407,"BPS":0.368562289297,"BASIC_EPS":-0.009,"DILUTED_EPS":-0.009,"OPERATE_INCOME":561700000,"OPERATE_INCOME_YOY":4.6364549162,"GROSS_PROFIT":76914000,"GROSS_PROFIT_YOY":-7.200598441157,"HOLDER_PROFIT":-12412000,"HOLDER_PROFIT_YOY":-13.5694025071,"GROSS_PROFIT_RATIO":13.69307459498,"EPS_TTM":-0.009308988364,"OPERATE_INCOME_QOQ":-5.916680066463,"NET_PROFIT_RATIO":-1.574683995,"ROE_AVG":-2.49046412283,"GROSS_PROFIT_QOQ":-3.003934624697,"ROA":-1.377014988296,"HOLDER_PROFIT_QOQ":44.98470812464,"ROE_YEARLY":-2.49046412283,"ROIC_YEARLY":-1.680344624982,"TOTAL_ASSETS":864017000,"TOTAL_LIABILITIES":293450000,"TAX_EBT":15.633346051126,"OCF_SALES":4.017981128716,"TOTAL_PARENT_EQUITY":491417000,"DEBT_ASSET_RATIO":33.963452108,"OPERATE_PROFIT":-7815000,"PRETAX_PROFIT":-10484000,"NETCASH_OPERATE":22569000,"NETCASH_INVEST":-34066000,"NETCASH_FINANCE":-6676000,"END_CASH":69181000,"DIVI_RATIO":null,"DIVIDEND_RATE":null,"CURRENT_RATIO":2.128034339846,"COMMON_ACS":4000000000,"CURRENTDEBT_DEBT":98.99744419833,"ISSUED_COMMON_SHARES":1333335000,"HK_COMMON_SHARES":1333335000,"PER_SHARES":3000,"TOTAL_MARKET_CAP":284000355,"HKSK_MARKET_CAP":284000355,"PE_TTM":-65.670798036934,"PB_TTM":0.623290155344,"REPORT_DATE_SQ":"2020-12-31 00:00:00","REPORT_TYPE_SQ":"2020年年报","OPERATE_INCOME_SQ":536811000,"DPS_HKD":null,"OPERATE_INCOME_QOQ_SQ":-2.13857826748,"NET_PROFIT_RATIO_SQ":-1.372922686,"HOLDER_PROFIT_SQ":-10929000,"HOLDER_PROFIT_QOQ_SQ":-121.559614929377,"ROE_AVG_SQ":-2.138412772951,"PE_TTM_SQ":-6.694854452181,"PB_TTM_SQ":0.702756318819,"ROA_SQ":-1.255665661353,"START_DATE":"2021-01-01 00:00:00","FISCAL_YEAR":"12-31","CURRENCY":"HKD","IS_CNY_CODE":0,"DPS_HKD_LY":null,"ORG_TYPE":"一般企业","PREMIUM_INCOME":null,"PREMIUM_INCOME_YOY":null,"NET_INTEREST_INCOME":null,"NET_INTEREST_INCOME_YOY":null,"FEE_COMMISSION_INCOME":null,"FEE_COMMISSION_INCOME_YOY":null,"ACCOUNTS_RECE_TDAYS":2.554418388902,"INVENTORY_TDAYS":40.817209733098,"CURRENT_ASSETS_TDAYS":0.844335347091,"TOTAL_ASSETS_TDAYS":0.623162519276,"PREMIUM_EXPENSE":null,"LOAN_DEPOSIT":null,"LOAN_EQUITY":null,"LOAN_ASSETS":null,"DEPOSIT_EQUITY":null,"DEPOSIT_ASSETS":null,"EQUITY_MULTIPLIER":1.514312955358,"EQUITY_RATIO":0.597150688723},{"SECUCODE":"01845.HK","SECURITY_CODE":"01845","SECURITY_NAME_ABBR":"维港环保科技","ORG_CODE":"10936021","STD_REPORT_DATE":"2021-06-30 00:00:00","REPORT_DATE":"2021-06-30 00:00:00","DATE_TYPE_CODE":"002","REPORT_TYPE":"2021年中报","PER_NETCASH_OPERATE":0.013858482677,"PER_OI":0.182380272025,"BPS":0.36591179261,"BASIC_EPS":-0.013,"DILUTED_EPS":-0.013,"OPERATE_INCOME":243174000,"OPERATE_INCOME_YOY":32.9102923574,"GROSS_PROFIT":26107000,"GROSS_PROFIT_YOY":-12.07692048631,"HOLDER_PROFIT":-17647000,"HOLDER_PROFIT_YOY":-193.3832086451,"GROSS_PROFIT_RATIO":10.735933940306,"EPS_TTM":-0.016920728849,"OPERATE_INCOME_QOQ":11.216796973236,"NET_PROFIT_RATIO":-7.8454111048,"ROE_AVG":-3.553464058605,"GROSS_PROFIT_QOQ":-4.326633044569,"ROA":-1.97211965705,"HOLDER_PROFIT_QOQ":-106.432427486504,"ROE_YEARLY":-7.10692811721,"ROIC_YEARLY":-4.81655100885,"TOTAL_ASSETS":850925000,"TOTAL_LIABILITIES":274804000,"TAX_EBT":17.696289905091,"OCF_SALES":7.598674200367,"TOTAL_PARENT_EQUITY":487883000,"DEBT_ASSET_RATIO":32.2947380791,"OPERATE_PROFIT":-10782000,"PRETAX_PROFIT":-23180000,"NETCASH_OPERATE":18478000,"NETCASH_INVEST":-21580000,"NETCASH_FINANCE":-21052000,"END_CASH":63200000,"DIVI_RATIO":null,"DIVIDEND_RATE":null,"CURRENT_RATIO":2.252922225971,"COMMON_ACS":4000000000,"CURRENTDEBT_DEBT":98.158323750746,"ISSUED_COMMON_SHARES":1333335000,"HK_COMMON_SHARES":1333335000,"PER_SHARES":3000,"TOTAL_MARKET_CAP":284000355,"HKSK_MARKET_CAP":284000355,"PE_TTM":-65.670798036934,"PB_TTM":0.623290155344,"REPORT_DATE_SQ":"2020-06-30 00:00:00","REPORT_TYPE_SQ":"2020年中报","OPERATE_INCOME_SQ":182961000,"DPS_HKD":null,"OPERATE_INCOME_QOQ_SQ":2.052616793393,"NET_PROFIT_RATIO_SQ":-4.5998874077,"HOLDER_PROFIT_SQ":-6015000,"HOLDER_PROFIT_QOQ_SQ":-24.322226203272,"ROE_AVG_SQ":-1.171825915179,"PE_TTM_SQ":-6.694854452181,"PB_TTM_SQ":0.702756318819,"ROA_SQ":-0.730343558953,"START_DATE":"2021-01-01 00:00:00","FISCAL_YEAR":"12-31","CURRENCY":"HKD","IS_CNY_CODE":0,"DPS_HKD_LY":null,"ORG_TYPE":"一般企业","PREMIUM_INCOME":null,"PREMIUM_INCOME_YOY":null,"NET_INTEREST_INCOME":null,"NET_INTEREST_INCOME_YOY":null,"FEE_COMMISSION_INCOME":null,"FEE_COMMISSION_INCOME_YOY":null,"ACCOUNTS_RECE_TDAYS":1.101089661012,"INVENTORY_TDAYS":14.417308714134,"CURRENT_ASSETS_TDAYS":0.368441825952,"TOTAL_ASSETS_TDAYS":0.271756233628,"PREMIUM_EXPENSE":null,"LOAN_DEPOSIT":null,"LOAN_EQUITY":null,"LOAN_ASSETS":null,"DEPOSIT_EQUITY":null,"DEPOSIT_ASSETS":null,"EQUITY_MULTIPLIER":1.476990076736,"EQUITY_RATIO":0.563257994232},{"SECUCODE":"01845.HK","SECURITY_CODE":"01845","SECURITY_NAME_ABBR":"维港环保科技","ORG_CODE":"10936021","STD_REPORT_DATE":"2020-12-31 00:00:00","REPORT_DATE":"2020-12-31 00:00:00","DATE_TYPE_CODE":"001","REPORT_TYPE":"2020年年报","PER_NETCASH_OPERATE":-0.041280698399,"PER_OI":0.40260774674,"BPS":0.37900827624,"BASIC_EPS":-0.008,"DILUTED_EPS":-0.008,"OPERATE_INCOME":536811000,"OPERATE_INCOME_YOY":-0.1298582907,"GROSS_PROFIT":82882000,"GROSS_PROFIT_YOY":-42.537230649768,"HOLDER_PROFIT":-10929000,"HOLDER_PROFIT_YOY":-116.3158366177,"GROSS_PROFIT_RATIO":15.439698515865,"EPS_TTM":-0.008196739754,"OPERATE_INCOME_QOQ":-2.13857826748,"NET_PROFIT_RATIO":-1.372922686,"ROE_AVG":-2.138412772951,"GROSS_PROFIT_QOQ":-39.58289292405,"ROA":-1.255665661353,"HOLDER_PROFIT_QOQ":-121.559614929377,"ROE_YEARLY":-2.138412772951,"ROIC_YEARLY":-1.602345826079,"TOTAL_ASSETS":938723000,"TOTAL_LIABILITIES":343639000,"TAX_EBT":11.407621108306,"OCF_SALES":-10.253329384085,"TOTAL_PARENT_EQUITY":505345000,"DEBT_ASSET_RATIO":36.6070715216,"OPERATE_PROFIT":-4937000,"PRETAX_PROFIT":-8319000,"NETCASH_OPERATE":-55041000,"NETCASH_INVEST":-32231000,"NETCASH_FINANCE":32420000,"END_CASH":87354000,"DIVI_RATIO":null,"DIVIDEND_RATE":null,"CURRENT_RATIO":2.155861175595,"COMMON_ACS":4000000000,"CURRENTDEBT_DEBT":96.14828351846,"ISSUED_COMMON_SHARES":1333335000,"HK_COMMON_SHARES":1333335000,"PER_SHARES":3000,"TOTAL_MARKET_CAP":284000355,"HKSK_MARKET_CAP":284000355,"PE_TTM":-65.670798036934,"PB_TTM":0.623290155344,"REPORT_DATE_SQ":"2019-12-31 00:00:00","REPORT_TYPE_SQ":"2019年年报","OPERATE_INCOME_SQ":537509000,"DPS_HKD":null,"OPERATE_INCOME_QOQ_SQ":14.630682121112,"NET_PROFIT_RATIO_SQ":14.5171522709,"HOLDER_PROFIT_SQ":66984000,"HOLDER_PROFIT_QOQ_SQ":65.523376495008,"ROE_AVG_SQ":20.64587715851,"PE_TTM_SQ":-6.694854452181,"PB_TTM_SQ":0.702756318819,"ROA_SQ":10.534046464669,"START_DATE":"2020-01-01 00:00:00","FISCAL_YEAR":"12-31","CURRENCY":"HKD","IS_CNY_CODE":0,"DPS_HKD_LY":null,"ORG_TYPE":"一般企业","PREMIUM_INCOME":null,"PREMIUM_INCOME_YOY":null,"NET_INTEREST_INCOME":null,"NET_INTEREST_INCOME_YOY":null,"FEE_COMMISSION_INCOME":null,"FEE_COMMISSION_INCOME_YOY":null,"ACCOUNTS_RECE_TDAYS":2.834084339735,"INVENTORY_TDAYS":74.40239305032,"CURRENT_ASSETS_TDAYS":0.78743330314,"TOTAL_ASSETS_TDAYS":0.616758293839,"PREMIUM_EXPENSE":null,"LOAN_DEPOSIT":null,"LOAN_EQUITY":null,"LOAN_ASSETS":null,"DEPOSIT_EQUITY":null,"DEPOSIT_ASSETS":null,"EQUITY_MULTIPLIER":1.577463013624,"EQUITY_RATIO":0.680008706923},{"SECUCODE":"01845.HK","SECURITY_CODE":"01845","SECURITY_NAME_ABBR":"维港环保科技","ORG_CODE":"10936021","STD_REPORT_DATE":"2020-06-30 00:00:00","REPORT_DATE":"2020-06-30 00:00:00","DATE_TYPE_CODE":"002","REPORT_TYPE":"2020年中报","PER_NETCASH_OPERATE":-0.029538713077,"PER_OI":0.137220578474,"BPS":0.382340522074,"BASIC_EPS":-0.005,"DILUTED_EPS":-0.005,"OPERATE_INCOME":182961000,"OPERATE_INCOME_YOY":6.4172211623,"GROSS_PROFIT":29693000,"GROSS_PROFIT_YOY":-19.193925869482,"HOLDER_PROFIT":-6015000,"HOLDER_PROFIT_YOY":-158.5287535273,"GROSS_PROFIT_RATIO":16.229141729658,"EPS_TTM":0.038018952476,"OPERATE_INCOME_QOQ":2.052616793393,"NET_PROFIT_RATIO":-4.5998874077,"ROE_AVG":-1.171825915179,"GROSS_PROFIT_QOQ":-4.88990265953,"ROA":-0.730343558953,"HOLDER_PROFIT_QOQ":-24.322226203272,"ROE_YEARLY":-2.343651830357,"ROIC_YEARLY":-1.916334401149,"TOTAL_ASSETS":845143000,"TOTAL_LIABILITIES":258621000,"TAX_EBT":6.499277858016,"OCF_SALES":-21.526445526642,"TOTAL_PARENT_EQUITY":509788000,"DEBT_ASSET_RATIO":30.6008568964,"OPERATE_PROFIT":-7539000,"PRETAX_PROFIT":-9001000,"NETCASH_OPERATE":-39385000,"NETCASH_INVEST":8135000,"NETCASH_FINANCE":4426000,"END_CASH":115382000,"DIVI_RATIO":null,"DIVIDEND_RATE":null,"CURRENT_RATIO":2.53222083655,"COMMON_ACS":4000000000,"CURRENTDEBT_DEBT":97.666082800701,"ISSUED_COMMON_SHARES":1333335000,"HK_COMMON_SHARES":1333335000,"PER_SHARES":3000,"TOTAL_MARKET_CAP":284000355,"HKSK_MARKET_CAP":284000355,"PE_TTM":-65.670798036934,"PB_TTM":0.623290155344,"REPORT_DATE_SQ":"2019-06-30 00:00:00","REPORT_TYPE_SQ":"2019年中报","OPERATE_INCOME_SQ":171928000,"DPS_HKD":null,"OPERATE_INCOME_QOQ_SQ":-2.329974942251,"NET_PROFIT_RATIO_SQ":6.5300590945,"HOLDER_PROFIT_SQ":10277000,"HOLDER_PROFIT_QOQ_SQ":-18.737324042651,"ROE_AVG_SQ":3.463896538126,"PE_TTM_SQ":-6.694854452181,"PB_TTM_SQ":0.702756318819,"ROA_SQ":1.818220419197,"START_DATE":"2020-01-01 00:00:00","FISCAL_YEAR":"12-31","CURRENCY":"HKD","IS_CNY_CODE":0,"DPS_HKD_LY":null,"ORG_TYPE":"一般企业","PREMIUM_INCOME":null,"PREMIUM_INCOME_YOY":null,"NET_INTEREST_INCOME":null,"NET_INTEREST_INCOME_YOY":null,"FEE_COMMISSION_INCOME":null,"FEE_COMMISSION_INCOME_YOY":null,"ACCOUNTS_RECE_TDAYS":1.279299940916,"INVENTORY_TDAYS":32.760072672865,"CURRENT_ASSETS_TDAYS":0.283497179531,"TOTAL_ASSETS_TDAYS":0.222151933316,"PREMIUM_EXPENSE":null,"LOAN_DEPOSIT":null,"LOAN_EQUITY":null,"LOAN_ASSETS":null,"DEPOSIT_EQUITY":null,"DEPOSIT_ASSETS":null,"EQUITY_MULTIPLIER":1.440939981791,"EQUITY_RATIO":0.507310882171}],"count":17},"success":true,"message":"ok","code":0}