{"version":"a5363b39057c119f7064641df3cbdaf2","result":{"pages":4,"data":[{"SECUCODE":"01841.HK","SECURITY_CODE":"01841","SECURITY_NAME_ABBR":"优越集团控股","ORG_CODE":"10475738","STD_REPORT_DATE":"2024-06-30 00:00:00","REPORT_DATE":"2024-09-30 00:00:00","DATE_TYPE_CODE":"002","REPORT_TYPE":"2024年中报","PER_NETCASH_OPERATE":0.007748630575,"PER_OI":0.1418425491,"BPS":0.2690851181,"BASIC_EPS":0.022725108,"DILUTED_EPS":0.022725108,"OPERATE_INCOME":56737019.64,"OPERATE_INCOME_YOY":-17.259337191,"GROSS_PROFIT":27142977.21,"GROSS_PROFIT_YOY":-24.413064944493,"HOLDER_PROFIT":9072909.19,"HOLDER_PROFIT_YOY":-25.4243569787,"GROSS_PROFIT_RATIO":47.83997711234,"EPS_TTM":0.019520287875,"OPERATE_INCOME_QOQ":0,"NET_PROFIT_RATIO":15.9911628203,"ROE_AVG":8.800311391597,"GROSS_PROFIT_QOQ":0,"ROA":6.910383433213,"HOLDER_PROFIT_QOQ":0,"ROE_YEARLY":17.600622783194,"ROIC_YEARLY":30.976938945165,"TOTAL_ASSETS":132817434.78,"TOTAL_LIABILITIES":25183387.54,"TAX_EBT":12.566264013209,"OCF_SALES":5.462839341344,"TOTAL_PARENT_EQUITY":107634047.24,"DEBT_ASSET_RATIO":18.9609049307,"OPERATE_PROFIT":10545532.26,"PRETAX_PROFIT":10376897.53,"NETCASH_OPERATE":3099452.23,"NETCASH_INVEST":1138058.98,"NETCASH_FINANCE":null,"END_CASH":74834141.36,"DIVI_RATIO":null,"DIVIDEND_RATE":null,"CURRENT_RATIO":4.701854902242,"COMMON_ACS":8000000000,"CURRENTDEBT_DEBT":100,"ISSUED_COMMON_SHARES":400000000,"HK_COMMON_SHARES":400000000,"PER_SHARES":10000,"TOTAL_MARKET_CAP":82000000,"HKSK_MARKET_CAP":82000000,"PE_TTM":15.820953115956,"PB_TTM":0.687020342505,"REPORT_DATE_SQ":"2023-06-30 00:00:00","REPORT_TYPE_SQ":"2023年中报","OPERATE_INCOME_SQ":69776585.2,"DPS_HKD":null,"OPERATE_INCOME_QOQ_SQ":0,"NET_PROFIT_RATIO_SQ":17.7419779064,"HOLDER_PROFIT_SQ":12379746.33,"HOLDER_PROFIT_QOQ_SQ":0,"ROE_AVG_SQ":12.558236950502,"PE_TTM_SQ":4.08690040869,"PB_TTM_SQ":0.665656503727,"ROA_SQ":9.835025843278,"START_DATE":"2024-04-01 00:00:00","FISCAL_YEAR":"3-31","CURRENCY":"HKD","IS_CNY_CODE":0,"DPS_HKD_LY":null,"ORG_TYPE":"一般企业","PREMIUM_INCOME":null,"PREMIUM_INCOME_YOY":null,"NET_INTEREST_INCOME":null,"NET_INTEREST_INCOME_YOY":null,"FEE_COMMISSION_INCOME":null,"FEE_COMMISSION_INCOME_YOY":null,"ACCOUNTS_RECE_TDAYS":1.764403999047,"INVENTORY_TDAYS":null,"CURRENT_ASSETS_TDAYS":0.493474305076,"TOTAL_ASSETS_TDAYS":0.432137644453,"PREMIUM_EXPENSE":null,"LOAN_DEPOSIT":null,"LOAN_EQUITY":null,"LOAN_ASSETS":null,"DEPOSIT_EQUITY":null,"DEPOSIT_ASSETS":null,"EQUITY_MULTIPLIER":1.233972318108,"EQUITY_RATIO":0.233972318107},{"SECUCODE":"01841.HK","SECURITY_CODE":"01841","SECURITY_NAME_ABBR":"优越集团控股","ORG_CODE":"10475738","STD_REPORT_DATE":"2023-12-31 00:00:00","REPORT_DATE":"2024-03-31 00:00:00","DATE_TYPE_CODE":"001","REPORT_TYPE":"2023年年报","PER_NETCASH_OPERATE":0.027778958375,"PER_OI":0.28345552125,"BPS":0.247703455625,"BASIC_EPS":0.019490825,"DILUTED_EPS":0.019490825,"OPERATE_INCOME":113382208.5,"OPERATE_INCOME_YOY":-2.9886056018,"GROSS_PROFIT":52360514.9,"GROSS_PROFIT_YOY":-5.735734098972,"HOLDER_PROFIT":7808115.15,"HOLDER_PROFIT_YOY":-56.9156120254,"GROSS_PROFIT_RATIO":46.180538898217,"EPS_TTM":0.0410414345,"OPERATE_INCOME_QOQ":0,"NET_PROFIT_RATIO":6.8865435356,"ROE_AVG":8.203755649428,"GROSS_PROFIT_QOQ":0,"ROA":6.35404255947,"HOLDER_PROFIT_QOQ":0,"ROE_YEARLY":8.203755649428,"ROIC_YEARLY":13.852611940299,"TOTAL_ASSETS":130455264.65,"TOTAL_LIABILITIES":31373882.4,"TAX_EBT":10.234497133924,"OCF_SALES":9.800111937315,"TOTAL_PARENT_EQUITY":99081382.25,"DEBT_ASSET_RATIO":24.0495333662,"OPERATE_PROFIT":8992976,"PRETAX_PROFIT":8698347.25,"NETCASH_OPERATE":11111583.35,"NETCASH_INVEST":2250963.65,"NETCASH_FINANCE":-4461132.55,"END_CASH":70969266.75,"DIVI_RATIO":null,"DIVIDEND_RATE":null,"CURRENT_RATIO":3.746077896905,"COMMON_ACS":8000000000,"CURRENTDEBT_DEBT":95.405686546463,"ISSUED_COMMON_SHARES":400000000,"HK_COMMON_SHARES":400000000,"PER_SHARES":10000,"TOTAL_MARKET_CAP":60000000,"HKSK_MARKET_CAP":60000000,"PE_TTM":11.576307158017,"PB_TTM":0.502697811589,"REPORT_DATE_SQ":"2022-12-31 00:00:00","REPORT_TYPE_SQ":"2022年年报","OPERATE_INCOME_SQ":112860483.43,"DPS_HKD":null,"OPERATE_INCOME_QOQ_SQ":0,"NET_PROFIT_RATIO_SQ":15.5061548366,"HOLDER_PROFIT_SQ":17500321.31,"HOLDER_PROFIT_QOQ_SQ":0,"ROE_AVG_SQ":18.73807838855,"PE_TTM_SQ":4.474080447408,"PB_TTM_SQ":0.728718698817,"ROA_SQ":14.658468893557,"START_DATE":"2023-04-01 00:00:00","FISCAL_YEAR":"3-31","CURRENCY":"HKD","IS_CNY_CODE":0,"DPS_HKD_LY":null,"ORG_TYPE":"一般企业","PREMIUM_INCOME":null,"PREMIUM_INCOME_YOY":null,"NET_INTEREST_INCOME":null,"NET_INTEREST_INCOME_YOY":null,"FEE_COMMISSION_INCOME":null,"FEE_COMMISSION_INCOME_YOY":null,"ACCOUNTS_RECE_TDAYS":4.671846400956,"INVENTORY_TDAYS":null,"CURRENT_ASSETS_TDAYS":1.069147981296,"TOTAL_ASSETS_TDAYS":0.922675145609,"PREMIUM_EXPENSE":null,"LOAN_DEPOSIT":null,"LOAN_EQUITY":null,"LOAN_ASSETS":null,"DEPOSIT_EQUITY":null,"DEPOSIT_ASSETS":null,"EQUITY_MULTIPLIER":1.316647605105,"EQUITY_RATIO":0.316647605105},{"SECUCODE":"01841.HK","SECURITY_CODE":"01841","SECURITY_NAME_ABBR":"优越集团控股","ORG_CODE":"10475738","STD_REPORT_DATE":"2023-06-30 00:00:00","REPORT_DATE":"2023-09-30 00:00:00","DATE_TYPE_CODE":"002","REPORT_TYPE":"2023年中报","PER_NETCASH_OPERATE":0.02251405205,"PER_OI":0.174441463,"BPS":0.261921424975,"BASIC_EPS":0.030924131,"DILUTED_EPS":0.030924131,"OPERATE_INCOME":69776585.2,"OPERATE_INCOME_YOY":2.867965368,"GROSS_PROFIT":35909614.79,"GROSS_PROFIT_YOY":8.824965464992,"HOLDER_PROFIT":12379746.33,"HOLDER_PROFIT_YOY":-9.3712212817,"GROSS_PROFIT_RATIO":51.463703314045,"EPS_TTM":0.043750803275,"OPERATE_INCOME_QOQ":0,"NET_PROFIT_RATIO":17.7419779064,"ROE_AVG":12.558236950502,"GROSS_PROFIT_QOQ":0,"ROA":9.835025843278,"HOLDER_PROFIT_QOQ":0,"ROE_YEARLY":25.116473901003,"ROIC_YEARLY":42.620205977128,"TOTAL_ASSETS":135025583.98,"TOTAL_LIABILITIES":30257013.99,"TAX_EBT":14.947673685538,"OCF_SALES":12.906365071015,"TOTAL_PARENT_EQUITY":104768569.99,"DEBT_ASSET_RATIO":22.4083563264,"OPERATE_PROFIT":14609587.23,"PRETAX_PROFIT":14555447.06,"NETCASH_OPERATE":9005620.82,"NETCASH_INVEST":902947.92,"NETCASH_FINANCE":null,"END_CASH":72735024.32,"DIVI_RATIO":null,"DIVIDEND_RATE":null,"CURRENT_RATIO":4.272437763244,"COMMON_ACS":8000000000,"CURRENTDEBT_DEBT":88.566402814424,"ISSUED_COMMON_SHARES":400000000,"HK_COMMON_SHARES":400000000,"PER_SHARES":10000,"TOTAL_MARKET_CAP":60000000,"HKSK_MARKET_CAP":60000000,"PE_TTM":11.576307158017,"PB_TTM":0.502697811589,"REPORT_DATE_SQ":"2022-06-30 00:00:00","REPORT_TYPE_SQ":"2022年中报","OPERATE_INCOME_SQ":66856204.8,"DPS_HKD":null,"OPERATE_INCOME_QOQ_SQ":0,"NET_PROFIT_RATIO_SQ":20.137987013,"HOLDER_PROFIT_SQ":13463493.84,"HOLDER_PROFIT_QOQ_SQ":0,"ROE_AVG_SQ":13.640112155699,"PE_TTM_SQ":4.474080447408,"PB_TTM_SQ":0.728718698817,"ROA_SQ":10.443970476805,"START_DATE":"2023-04-01 00:00:00","FISCAL_YEAR":"3-31","CURRENCY":"HKD","IS_CNY_CODE":0,"DPS_HKD_LY":null,"ORG_TYPE":"一般企业","PREMIUM_INCOME":null,"PREMIUM_INCOME_YOY":null,"NET_INTEREST_INCOME":null,"NET_INTEREST_INCOME_YOY":null,"FEE_COMMISSION_INCOME":null,"FEE_COMMISSION_INCOME_YOY":null,"ACCOUNTS_RECE_TDAYS":2.172230078131,"INVENTORY_TDAYS":null,"CURRENT_ASSETS_TDAYS":0.647033296177,"TOTAL_ASSETS_TDAYS":0.554336494791,"PREMIUM_EXPENSE":null,"LOAN_DEPOSIT":null,"LOAN_EQUITY":null,"LOAN_ASSETS":null,"DEPOSIT_EQUITY":null,"DEPOSIT_ASSETS":null,"EQUITY_MULTIPLIER":1.288798577598,"EQUITY_RATIO":0.288798577597},{"SECUCODE":"01841.HK","SECURITY_CODE":"01841","SECURITY_NAME_ABBR":"优越集团控股","ORG_CODE":"10475738","STD_REPORT_DATE":"2022-12-31 00:00:00","REPORT_DATE":"2023-03-31 00:00:00","DATE_TYPE_CODE":"001","REPORT_TYPE":"2022年年报","PER_NETCASH_OPERATE":0.056133477725,"PER_OI":0.282151208575,"BPS":0.22034507405,"BASIC_EPS":0.0437705,"DILUTED_EPS":0.0437705,"OPERATE_INCOME":112860483.43,"OPERATE_INCOME_YOY":0.9268899866,"GROSS_PROFIT":55546515.32,"GROSS_PROFIT_YOY":6.749599518792,"HOLDER_PROFIT":17500321.31,"HOLDER_PROFIT_YOY":70.049336509,"GROSS_PROFIT_RATIO":49.216974473135,"EPS_TTM":0.02910988165,"OPERATE_INCOME_QOQ":0,"NET_PROFIT_RATIO":15.5061548366,"ROE_AVG":18.73807838855,"GROSS_PROFIT_QOQ":0,"ROA":14.658468893557,"HOLDER_PROFIT_QOQ":0,"ROE_YEARLY":18.73807838855,"ROIC_YEARLY":31.839393505025,"TOTAL_ASSETS":111352152,"TOTAL_LIABILITIES":23214122.38,"TAX_EBT":13.653248099516,"OCF_SALES":19.894820939631,"TOTAL_PARENT_EQUITY":88138029.62,"DEBT_ASSET_RATIO":20.8474842767,"OPERATE_PROFIT":20380420.21,"PRETAX_PROFIT":20267492.32,"NETCASH_OPERATE":22453391.09,"NETCASH_INVEST":738846.04,"NETCASH_FINANCE":-32166065.04,"END_CASH":59935821.06,"DIVI_RATIO":null,"DIVIDEND_RATE":null,"CURRENT_RATIO":4.158458405611,"COMMON_ACS":8000000000,"CURRENTDEBT_DEBT":100,"ISSUED_COMMON_SHARES":400000000,"HK_COMMON_SHARES":400000000,"PER_SHARES":10000,"TOTAL_MARKET_CAP":60000000,"HKSK_MARKET_CAP":60000000,"PE_TTM":11.576307158017,"PB_TTM":0.502697811589,"REPORT_DATE_SQ":"2021-12-31 00:00:00","REPORT_TYPE_SQ":"2021年年报","OPERATE_INCOME_SQ":103597606.39,"DPS_HKD":null,"OPERATE_INCOME_QOQ_SQ":0,"NET_PROFIT_RATIO_SQ":9.2031407792,"HOLDER_PROFIT_SQ":9534233.56,"HOLDER_PROFIT_QOQ_SQ":0,"ROE_AVG_SQ":8.592750688897,"PE_TTM_SQ":4.682106948127,"PB_TTM_SQ":0.819808536169,"ROA_SQ":6.656531254158,"START_DATE":"2022-04-01 00:00:00","FISCAL_YEAR":"3-31","CURRENCY":"HKD","IS_CNY_CODE":0,"DPS_HKD_LY":0.08,"ORG_TYPE":"一般企业","PREMIUM_INCOME":null,"PREMIUM_INCOME_YOY":null,"NET_INTEREST_INCOME":null,"NET_INTEREST_INCOME_YOY":null,"FEE_COMMISSION_INCOME":null,"FEE_COMMISSION_INCOME_YOY":null,"ACCOUNTS_RECE_TDAYS":5.553435278914,"INVENTORY_TDAYS":null,"CURRENT_ASSETS_TDAYS":1.130551451083,"TOTAL_ASSETS_TDAYS":0.945332292113,"PREMIUM_EXPENSE":null,"LOAN_DEPOSIT":null,"LOAN_EQUITY":null,"LOAN_ASSETS":null,"DEPOSIT_EQUITY":null,"DEPOSIT_ASSETS":null,"EQUITY_MULTIPLIER":1.263383723009,"EQUITY_RATIO":0.263383723009},{"SECUCODE":"01841.HK","SECURITY_CODE":"01841","SECURITY_NAME_ABBR":"优越集团控股","ORG_CODE":"10475738","STD_REPORT_DATE":"2022-06-30 00:00:00","REPORT_DATE":"2022-09-30 00:00:00","DATE_TYPE_CODE":"002","REPORT_TYPE":"2022年中报","PER_NETCASH_OPERATE":0.0492806745,"PER_OI":0.167140512,"BPS":0.2387201547,"BASIC_EPS":0.033645168,"DILUTED_EPS":0.033645168,"OPERATE_INCOME":66856204.8,"OPERATE_INCOME_YOY":4.864450781,"GROSS_PROFIT":32997588.96,"GROSS_PROFIT_YOY":8.601153906801,"HOLDER_PROFIT":13463493.84,"HOLDER_PROFIT_YOY":9.2229804094,"GROSS_PROFIT_RATIO":49.356060606061,"EPS_TTM":0.0238355839,"OPERATE_INCOME_QOQ":0,"NET_PROFIT_RATIO":20.137987013,"ROE_AVG":13.640112155699,"GROSS_PROFIT_QOQ":0,"ROA":10.443970476805,"HOLDER_PROFIT_QOQ":0,"ROE_YEARLY":27.280224311397,"ROIC_YEARLY":46.546750779766,"TOTAL_ASSETS":126175711.08,"TOTAL_LIABILITIES":30687649.2,"TAX_EBT":17.350508022875,"OCF_SALES":29.484577922078,"TOTAL_PARENT_EQUITY":95488061.88,"DEBT_ASSET_RATIO":24.3213602185,"OPERATE_PROFIT":16365841.8,"PRETAX_PROFIT":16289868.84,"NETCASH_OPERATE":19712269.8,"NETCASH_INVEST":-3617.76,"NETCASH_FINANCE":-19973652.96,"END_CASH":70929802.56,"DIVI_RATIO":null,"DIVIDEND_RATE":null,"CURRENT_RATIO":3.518951046862,"COMMON_ACS":8000000000,"CURRENTDEBT_DEBT":98.676687297377,"ISSUED_COMMON_SHARES":400000000,"HK_COMMON_SHARES":400000000,"PER_SHARES":10000,"TOTAL_MARKET_CAP":60000000,"HKSK_MARKET_CAP":60000000,"PE_TTM":11.576307158017,"PB_TTM":0.502697811589,"REPORT_DATE_SQ":"2021-06-30 00:00:00","REPORT_TYPE_SQ":"2021年中报","OPERATE_INCOME_SQ":58723232.46,"DPS_HKD":null,"OPERATE_INCOME_QOQ_SQ":0,"NET_PROFIT_RATIO_SQ":19.3343831127,"HOLDER_PROFIT_SQ":11353774.74,"HOLDER_PROFIT_QOQ_SQ":0,"ROE_AVG_SQ":9.547494036757,"PE_TTM_SQ":4.682106948127,"PB_TTM_SQ":0.819808536169,"ROA_SQ":7.331006029832,"START_DATE":"2022-04-01 00:00:00","FISCAL_YEAR":"3-31","CURRENCY":"HKD","IS_CNY_CODE":0,"DPS_HKD_LY":0.08,"ORG_TYPE":"一般企业","PREMIUM_INCOME":null,"PREMIUM_INCOME_YOY":null,"NET_INTEREST_INCOME":null,"NET_INTEREST_INCOME_YOY":null,"FEE_COMMISSION_INCOME":null,"FEE_COMMISSION_INCOME_YOY":null,"ACCOUNTS_RECE_TDAYS":2.48382923674,"INVENTORY_TDAYS":null,"CURRENT_ASSETS_TDAYS":0.627464295567,"TOTAL_ASSETS_TDAYS":0.518620379985,"PREMIUM_EXPENSE":null,"LOAN_DEPOSIT":null,"LOAN_EQUITY":null,"LOAN_ASSETS":null,"DEPOSIT_EQUITY":null,"DEPOSIT_ASSETS":null,"EQUITY_MULTIPLIER":1.321376815026,"EQUITY_RATIO":0.321376815026},{"SECUCODE":"01841.HK","SECURITY_CODE":"01841","SECURITY_NAME_ABBR":"优越集团控股","ORG_CODE":"10475738","STD_REPORT_DATE":"2021-12-31 00:00:00","REPORT_DATE":"2022-03-31 00:00:00","DATE_TYPE_CODE":"001","REPORT_TYPE":"2021年年报","PER_NETCASH_OPERATE":0.024721612325,"PER_OI":0.258994015975,"BPS":0.228483819775,"BASIC_EPS":0.023843694,"DILUTED_EPS":0.023843694,"OPERATE_INCOME":103597606.39,"OPERATE_INCOME_YOY":-4.9249754384,"GROSS_PROFIT":52034401.6,"GROSS_PROFIT_YOY":-7.257684340044,"HOLDER_PROFIT":9534233.56,"HOLDER_PROFIT_YOY":-57.3795453721,"GROSS_PROFIT_RATIO":50.227416842155,"EPS_TTM":0.0449948375,"OPERATE_INCOME_QOQ":0,"NET_PROFIT_RATIO":9.2031407792,"ROE_AVG":8.592750688897,"GROSS_PROFIT_QOQ":0,"ROA":6.656531254158,"HOLDER_PROFIT_QOQ":0,"ROE_YEARLY":8.592750688897,"ROIC_YEARLY":16.556930292169,"TOTAL_ASSETS":118048182.57,"TOTAL_LIABILITIES":26654654.66,"TAX_EBT":15.033246603065,"OCF_SALES":9.545244600318,"TOTAL_PARENT_EQUITY":91393527.91,"DEBT_ASSET_RATIO":22.5794705854,"OPERATE_PROFIT":11448217.16,"PRETAX_PROFIT":11221134.36,"NETCASH_OPERATE":9888644.93,"NETCASH_INVEST":-1083509.36,"NETCASH_FINANCE":-52418009.33,"END_CASH":63840274.17,"DIVI_RATIO":null,"DIVIDEND_RATE":null,"CURRENT_RATIO":3.833165207771,"COMMON_ACS":8000000000,"CURRENTDEBT_DEBT":93.503925028905,"ISSUED_COMMON_SHARES":400000000,"HK_COMMON_SHARES":400000000,"PER_SHARES":10000,"TOTAL_MARKET_CAP":60000000,"HKSK_MARKET_CAP":60000000,"PE_TTM":11.576307158017,"PB_TTM":0.502697811589,"REPORT_DATE_SQ":"2020-12-31 00:00:00","REPORT_TYPE_SQ":"2020年年报","OPERATE_INCOME_SQ":113555004.08,"DPS_HKD":null,"OPERATE_INCOME_QOQ_SQ":0,"NET_PROFIT_RATIO_SQ":20.5297865373,"HOLDER_PROFIT_SQ":23312599.94,"HOLDER_PROFIT_QOQ_SQ":0,"ROE_AVG_SQ":18.745646256885,"PE_TTM_SQ":4.682106948127,"PB_TTM_SQ":0.819808536169,"ROA_SQ":14.814198170715,"START_DATE":"2021-04-01 00:00:00","FISCAL_YEAR":"3-31","CURRENCY":"HKD","IS_CNY_CODE":0,"DPS_HKD_LY":0.15,"ORG_TYPE":"一般企业","PREMIUM_INCOME":null,"PREMIUM_INCOME_YOY":null,"NET_INTEREST_INCOME":null,"NET_INTEREST_INCOME_YOY":null,"FEE_COMMISSION_INCOME":null,"FEE_COMMISSION_INCOME_YOY":null,"ACCOUNTS_RECE_TDAYS":5.788688992613,"INVENTORY_TDAYS":null,"CURRENT_ASSETS_TDAYS":0.882452704406,"TOTAL_ASSETS_TDAYS":0.723289082915,"PREMIUM_EXPENSE":null,"LOAN_DEPOSIT":null,"LOAN_EQUITY":null,"LOAN_ASSETS":null,"DEPOSIT_EQUITY":null,"DEPOSIT_ASSETS":null,"EQUITY_MULTIPLIER":1.291647070307,"EQUITY_RATIO":0.291647070307},{"SECUCODE":"01841.HK","SECURITY_CODE":"01841","SECURITY_NAME_ABBR":"优越集团控股","ORG_CODE":"10475738","STD_REPORT_DATE":"2021-06-30 00:00:00","REPORT_DATE":"2021-09-30 00:00:00","DATE_TYPE_CODE":"002","REPORT_TYPE":"2021年中报","PER_NETCASH_OPERATE":0.0275367983,"PER_OI":0.14680808115,"BPS":0.2594232146,"BASIC_EPS":0.028407346,"DILUTED_EPS":0.028407346,"OPERATE_INCOME":58723232.46,"OPERATE_INCOME_YOY":-4.8074975355,"GROSS_PROFIT":30384197.38,"GROSS_PROFIT_YOY":-9.647786796711,"HOLDER_PROFIT":11353774.74,"HOLDER_PROFIT_YOY":-28.1511940535,"GROSS_PROFIT_RATIO":51.741357052673,"EPS_TTM":0.05828149985,"OPERATE_INCOME_QOQ":0,"NET_PROFIT_RATIO":19.3343831127,"ROE_AVG":9.547494036757,"GROSS_PROFIT_QOQ":0,"ROA":7.331006029832,"HOLDER_PROFIT_QOQ":0,"ROE_YEARLY":19.094988073513,"ROIC_YEARLY":37.917579551382,"TOTAL_ASSETS":136753463.48,"TOTAL_LIABILITIES":32984177.64,"TAX_EBT":14.126394052045,"OCF_SALES":18.757004440283,"TOTAL_PARENT_EQUITY":103769285.84,"DEBT_ASSET_RATIO":24.1194458997,"OPERATE_PROFIT":13353118.74,"PRETAX_PROFIT":13221495.26,"NETCASH_OPERATE":11014719.32,"NETCASH_INVEST":-5831.42,"NETCASH_FINANCE":-41784623.48,"END_CASH":79598883,"DIVI_RATIO":null,"DIVIDEND_RATE":null,"CURRENT_RATIO":3.75836873407,"COMMON_ACS":8000000000,"CURRENTDEBT_DEBT":89.180178814972,"ISSUED_COMMON_SHARES":400000000,"HK_COMMON_SHARES":400000000,"PER_SHARES":10000,"TOTAL_MARKET_CAP":60000000,"HKSK_MARKET_CAP":60000000,"PE_TTM":11.576307158017,"PB_TTM":0.502697811589,"REPORT_DATE_SQ":"2020-06-30 00:00:00","REPORT_TYPE_SQ":"2020年中报","OPERATE_INCOME_SQ":65070094.72,"DPS_HKD":null,"OPERATE_INCOME_QOQ_SQ":0,"NET_PROFIT_RATIO_SQ":25.6161294243,"HOLDER_PROFIT_SQ":16668439.68,"HOLDER_PROFIT_QOQ_SQ":0,"ROE_AVG_SQ":13.280218991644,"PE_TTM_SQ":4.682106948127,"PB_TTM_SQ":0.819808536169,"ROA_SQ":10.533008312464,"START_DATE":"2021-04-01 00:00:00","FISCAL_YEAR":"3-31","CURRENCY":"HKD","IS_CNY_CODE":0,"DPS_HKD_LY":0.15,"ORG_TYPE":"一般企业","PREMIUM_INCOME":null,"PREMIUM_INCOME_YOY":null,"NET_INTEREST_INCOME":null,"NET_INTEREST_INCOME_YOY":null,"FEE_COMMISSION_INCOME":null,"FEE_COMMISSION_INCOME_YOY":null,"ACCOUNTS_RECE_TDAYS":2.419502651496,"INVENTORY_TDAYS":null,"CURRENT_ASSETS_TDAYS":0.4631167466,"TOTAL_ASSETS_TDAYS":0.379169378567,"PREMIUM_EXPENSE":null,"LOAN_DEPOSIT":null,"LOAN_EQUITY":null,"LOAN_ASSETS":null,"DEPOSIT_EQUITY":null,"DEPOSIT_ASSETS":null,"EQUITY_MULTIPLIER":1.317860698115,"EQUITY_RATIO":0.317860698115},{"SECUCODE":"01841.HK","SECURITY_CODE":"01841","SECURITY_NAME_ABBR":"优越集团控股","ORG_CODE":"10475738","STD_REPORT_DATE":"2020-12-31 00:00:00","REPORT_DATE":"2021-03-31 00:00:00","DATE_TYPE_CODE":"001","REPORT_TYPE":"2020年年报","PER_NETCASH_OPERATE":0.07613592735,"PER_OI":0.2838875102,"BPS":0.34004760825,"BASIC_EPS":0.05831742,"DILUTED_EPS":0.05831742,"OPERATE_INCOME":113555004.08,"OPERATE_INCOME_YOY":-8.3213352348,"GROSS_PROFIT":56106429.12,"GROSS_PROFIT_YOY":-19.360003013434,"HOLDER_PROFIT":23312599.94,"HOLDER_PROFIT_YOY":6.4158950617,"GROSS_PROFIT_RATIO":49.409032719045,"EPS_TTM":0.0576274797,"OPERATE_INCOME_QOQ":0,"NET_PROFIT_RATIO":20.5297865373,"ROE_AVG":18.745646256885,"GROSS_PROFIT_QOQ":0,"ROA":14.814198170715,"HOLDER_PROFIT_QOQ":0,"ROE_YEARLY":18.745646256885,"ROIC_YEARLY":40.961100097268,"TOTAL_ASSETS":175510078.8,"TOTAL_LIABILITIES":39491035.5,"TAX_EBT":12.93244949495,"OCF_SALES":26.819047902587,"TOTAL_PARENT_EQUITY":136019043.3,"DEBT_ASSET_RATIO":22.5007223346,"OPERATE_PROFIT":27009417.26,"PRETAX_PROFIT":26775302.4,"NETCASH_OPERATE":30454370.94,"NETCASH_INVEST":-8547305.34,"NETCASH_FINANCE":1148599.62,"END_CASH":111980433.74,"DIVI_RATIO":null,"DIVIDEND_RATE":null,"CURRENT_RATIO":4.273143539717,"COMMON_ACS":8000000000,"CURRENTDEBT_DEBT":86.001070090958,"ISSUED_COMMON_SHARES":400000000,"HK_COMMON_SHARES":400000000,"PER_SHARES":10000,"TOTAL_MARKET_CAP":60000000,"HKSK_MARKET_CAP":60000000,"PE_TTM":11.576307158017,"PB_TTM":0.502697811589,"REPORT_DATE_SQ":"2019-12-31 00:00:00","REPORT_TYPE_SQ":"2019年年报","OPERATE_INCOME_SQ":133903648.7,"DPS_HKD":null,"OPERATE_INCOME_QOQ_SQ":0,"NET_PROFIT_RATIO_SQ":17.6866756283,"HOLDER_PROFIT_SQ":23683104,"HOLDER_PROFIT_QOQ_SQ":0,"ROE_AVG_SQ":17.827665896335,"PE_TTM_SQ":4.682106948127,"PB_TTM_SQ":0.819808536169,"ROA_SQ":14.718115717778,"START_DATE":"2020-04-01 00:00:00","FISCAL_YEAR":"3-31","CURRENCY":"HKD","IS_CNY_CODE":0,"DPS_HKD_LY":null,"ORG_TYPE":"一般企业","PREMIUM_INCOME":null,"PREMIUM_INCOME_YOY":null,"NET_INTEREST_INCOME":null,"NET_INTEREST_INCOME_YOY":null,"FEE_COMMISSION_INCOME":null,"FEE_COMMISSION_INCOME_YOY":null,"ACCOUNTS_RECE_TDAYS":5.49524530154,"INVENTORY_TDAYS":null,"CURRENT_ASSETS_TDAYS":0.836022985716,"TOTAL_ASSETS_TDAYS":0.721595333874,"PREMIUM_EXPENSE":null,"LOAN_DEPOSIT":null,"LOAN_EQUITY":null,"LOAN_ASSETS":null,"DEPOSIT_EQUITY":null,"DEPOSIT_ASSETS":null,"EQUITY_MULTIPLIER":1.29033460714,"EQUITY_RATIO":0.29033460714},{"SECUCODE":"01841.HK","SECURITY_CODE":"01841","SECURITY_NAME_ABBR":"优越集团控股","ORG_CODE":"10475738","STD_REPORT_DATE":"2020-06-30 00:00:00","REPORT_DATE":"2020-09-30 00:00:00","DATE_TYPE_CODE":"002","REPORT_TYPE":"2020年中报","PER_NETCASH_OPERATE":0.0575803248,"PER_OI":0.1626752368,"BPS":0.3346187728,"BASIC_EPS":0.041651328,"DILUTED_EPS":0.041651328,"OPERATE_INCOME":65070094.72,"OPERATE_INCOME_YOY":-7.8669719063,"GROSS_PROFIT":33628614.4,"GROSS_PROFIT_YOY":-17.993347673037,"HOLDER_PROFIT":16668439.68,"HOLDER_PROFIT_YOY":-1.1001042753,"GROSS_PROFIT_RATIO":51.680598506435,"EPS_TTM":0.05920776,"OPERATE_INCOME_QOQ":0,"NET_PROFIT_RATIO":25.6161294243,"ROE_AVG":13.280218991644,"GROSS_PROFIT_QOQ":0,"ROA":10.533008312464,"HOLDER_PROFIT_QOQ":0,"ROE_YEARLY":26.560437983289,"ROIC_YEARLY":61.551690570446,"TOTAL_ASSETS":171751096.32,"TOTAL_LIABILITIES":37903587.2,"TAX_EBT":16.425078204168,"OCF_SALES":35.395875815317,"TOTAL_PARENT_EQUITY":133847509.12,"DEBT_ASSET_RATIO":22.0689055337,"OPERATE_PROFIT":19976820.48,"PRETAX_PROFIT":19944307.84,"NETCASH_OPERATE":23032129.92,"NETCASH_INVEST":270645.76,"NETCASH_FINANCE":-32512.64,"END_CASH":115723909.12,"DIVI_RATIO":null,"DIVIDEND_RATE":null,"CURRENT_RATIO":4.873539003203,"COMMON_ACS":8000000000,"CURRENTDEBT_DEBT":80.331517329315,"ISSUED_COMMON_SHARES":400000000,"HK_COMMON_SHARES":400000000,"PER_SHARES":10000,"TOTAL_MARKET_CAP":60000000,"HKSK_MARKET_CAP":60000000,"PE_TTM":11.576307158017,"PB_TTM":0.502697811589,"REPORT_DATE_SQ":"2019-06-30 00:00:00","REPORT_TYPE_SQ":"2019年中报","OPERATE_INCOME_SQ":72498151.74,"DPS_HKD":null,"OPERATE_INCOME_QOQ_SQ":0,"NET_PROFIT_RATIO_SQ":23.8634384254,"HOLDER_PROFIT_SQ":17300551.8,"HOLDER_PROFIT_QOQ_SQ":0,"ROE_AVG_SQ":13.045666634925,"PE_TTM_SQ":4.682106948127,"PB_TTM_SQ":0.819808536169,"ROA_SQ":10.671948854769,"START_DATE":"2020-04-01 00:00:00","FISCAL_YEAR":"3-31","CURRENCY":"HKD","IS_CNY_CODE":0,"DPS_HKD_LY":null,"ORG_TYPE":"一般企业","PREMIUM_INCOME":null,"PREMIUM_INCOME_YOY":null,"NET_INTEREST_INCOME":null,"NET_INTEREST_INCOME_YOY":null,"FEE_COMMISSION_INCOME":null,"FEE_COMMISSION_INCOME_YOY":null,"ACCOUNTS_RECE_TDAYS":2.341126444413,"INVENTORY_TDAYS":null,"CURRENT_ASSETS_TDAYS":0.464884580856,"TOTAL_ASSETS_TDAYS":0.411186566791,"PREMIUM_EXPENSE":null,"LOAN_DEPOSIT":null,"LOAN_EQUITY":null,"LOAN_ASSETS":null,"DEPOSIT_EQUITY":null,"DEPOSIT_ASSETS":null,"EQUITY_MULTIPLIER":1.28318485304,"EQUITY_RATIO":0.283184853041}],"count":29},"success":true,"message":"ok","code":0}