{"version":"bf776c1ada0af2bc96c2c57d757a0cb6","result":{"pages":2,"data":[{"SECUCODE":"01847.HK","SECURITY_CODE":"01847","SECURITY_NAME_ABBR":"云南建投混凝土","ORG_CODE":"10591605","STD_REPORT_DATE":"2024-06-30 00:00:00","REPORT_DATE":"2024-06-30 00:00:00","DATE_TYPE_CODE":"002","REPORT_TYPE":"2024年中报","PER_NETCASH_OPERATE":-0.275907436026,"PER_OI":0.793603781931,"BPS":2.72072466554,"BASIC_EPS":-0.06,"DILUTED_EPS":-0.06,"OPERATE_INCOME":354163146.97,"OPERATE_INCOME_YOY":-52.1282307408,"GROSS_PROFIT":27142094.87,"GROSS_PROFIT_YOY":-63.410471305733,"HOLDER_PROFIT":-25485659.24,"HOLDER_PROFIT_YOY":-96.3705082423,"GROSS_PROFIT_RATIO":7.663726478097,"EPS_TTM":-0.104403380629,"OPERATE_INCOME_QOQ":-27.433489879959,"NET_PROFIT_RATIO":-7.890560627,"ROE_AVG":-2.077200791422,"GROSS_PROFIT_QOQ":-38.239984114725,"ROA":-0.588227746068,"HOLDER_PROFIT_QOQ":-36.694456447117,"ROE_YEARLY":-4.154401582845,"ROIC_YEARLY":-1.243266648914,"TOTAL_ASSETS":4209484331.16,"TOTAL_LIABILITIES":2917219463.3,"TAX_EBT":-14.011298176658,"OCF_SALES":-34.766396318596,"TOTAL_PARENT_EQUITY":1214183237.94,"DEBT_ASSET_RATIO":69.3011122932,"OPERATE_PROFIT":-11232978.41,"PRETAX_PROFIT":-24511130.28,"NETCASH_OPERATE":-123129763.29,"NETCASH_INVEST":-10942107.37,"NETCASH_FINANCE":100328246.31,"END_CASH":36137871.84,"DIVI_RATIO":null,"DIVIDEND_RATE":null,"CURRENT_RATIO":1.338915814523,"COMMON_ACS":null,"CURRENTDEBT_DEBT":99.388535356205,"ISSUED_COMMON_SHARES":446272000,"HK_COMMON_SHARES":133882000,"PER_SHARES":1000,"TOTAL_MARKET_CAP":200822400,"HKSK_MARKET_CAP":60246900,"PE_TTM":-3.902521690624,"PB_TTM":0.150954635433,"REPORT_DATE_SQ":"2023-06-30 00:00:00","REPORT_TYPE_SQ":"2023年中报","OPERATE_INCOME_SQ":739816289.33,"DPS_HKD":null,"OPERATE_INCOME_QOQ_SQ":-4.2719460982,"NET_PROFIT_RATIO_SQ":-1.5647400473,"HOLDER_PROFIT_SQ":-12978353.76,"HOLDER_PROFIT_QOQ_SQ":-119.839546608766,"ROE_AVG_SQ":-1.083869408294,"PE_TTM_SQ":-31.982275191514,"PB_TTM_SQ":0.151854141633,"ROA_SQ":-0.286911707394,"START_DATE":"2024-01-01 00:00:00","FISCAL_YEAR":"12-31","CURRENCY":"HKD","IS_CNY_CODE":0,"DPS_HKD_LY":null,"ORG_TYPE":"一般企业","PREMIUM_INCOME":null,"PREMIUM_INCOME_YOY":null,"NET_INTEREST_INCOME":null,"NET_INTEREST_INCOME_YOY":null,"FEE_COMMISSION_INCOME":null,"FEE_COMMISSION_INCOME_YOY":null,"ACCOUNTS_RECE_TDAYS":0.097134575216,"INVENTORY_TDAYS":15.36604350973,"CURRENT_ASSETS_TDAYS":0.088578532188,"TOTAL_ASSETS_TDAYS":0.08174345726,"PREMIUM_EXPENSE":null,"LOAN_DEPOSIT":null,"LOAN_EQUITY":null,"LOAN_ASSETS":null,"DEPOSIT_EQUITY":null,"DEPOSIT_ASSETS":null,"EQUITY_MULTIPLIER":3.25744701095,"EQUITY_RATIO":2.402618791089},{"SECUCODE":"01847.HK","SECURITY_CODE":"01847","SECURITY_NAME_ABBR":"云南建投混凝土","ORG_CODE":"10591605","STD_REPORT_DATE":"2023-12-31 00:00:00","REPORT_DATE":"2023-12-31 00:00:00","DATE_TYPE_CODE":"001","REPORT_TYPE":"2023年年报","PER_NETCASH_OPERATE":-0.211805804532,"PER_OI":3.150040782303,"BPS":2.777810393661,"BASIC_EPS":-0.08,"DILUTED_EPS":-0.08,"OPERATE_INCOME":1405775000,"OPERATE_INCOME_YOY":-16.3570708627,"GROSS_PROFIT":123007000,"GROSS_PROFIT_YOY":-32.759176756772,"HOLDER_PROFIT":-34085000,"HOLDER_PROFIT_YOY":-225.4370146837,"GROSS_PROFIT_RATIO":8.750120040547,"EPS_TTM":-0.076377187007,"OPERATE_INCOME_QOQ":-12.624433770405,"NET_PROFIT_RATIO":-2.3258345041,"ROE_AVG":-2.696397578028,"GROSS_PROFIT_QOQ":-22.847698734272,"ROA":-0.734069391255,"HOLDER_PROFIT_QOQ":-532.257466147283,"ROE_YEARLY":-2.696397578028,"ROIC_YEARLY":-0.764365433729,"TOTAL_ASSETS":4455754161.83,"TOTAL_LIABILITIES":3135566190.93,"TAX_EBT":23.737550439671,"OCF_SALES":-6.723906741833,"TOTAL_PARENT_EQUITY":1239663240.96,"DEBT_ASSET_RATIO":70.3712348379,"OPERATE_PROFIT":-26169000,"PRETAX_PROFIT":-42873000,"NETCASH_OPERATE":-94523000,"NETCASH_INVEST":-94105000,"NETCASH_FINANCE":125525000,"END_CASH":71817000,"DIVI_RATIO":null,"DIVIDEND_RATE":null,"CURRENT_RATIO":1.338014007226,"COMMON_ACS":null,"CURRENTDEBT_DEBT":98.072454268871,"ISSUED_COMMON_SHARES":446272000,"HK_COMMON_SHARES":133882000,"PER_SHARES":1000,"TOTAL_MARKET_CAP":178508800,"HKSK_MARKET_CAP":53552800,"PE_TTM":-3.468908169444,"PB_TTM":0.134181898163,"REPORT_DATE_SQ":"2022-12-31 00:00:00","REPORT_TYPE_SQ":"2022年年报","OPERATE_INCOME_SQ":1680686000,"DPS_HKD":null,"OPERATE_INCOME_QOQ_SQ":-8.088819959335,"NET_PROFIT_RATIO_SQ":1.7776669765,"HOLDER_PROFIT_SQ":27173000,"HOLDER_PROFIT_QOQ_SQ":394.324176823722,"ROE_AVG_SQ":2.131865278165,"PE_TTM_SQ":-33.013961488014,"PB_TTM_SQ":0.156752662331,"ROA_SQ":0.566554518493,"START_DATE":"2023-01-01 00:00:00","FISCAL_YEAR":"12-31","CURRENCY":"HKD","IS_CNY_CODE":0,"DPS_HKD_LY":0.0367,"ORG_TYPE":"一般企业","PREMIUM_INCOME":null,"PREMIUM_INCOME_YOY":null,"NET_INTEREST_INCOME":null,"NET_INTEREST_INCOME_YOY":null,"FEE_COMMISSION_INCOME":null,"FEE_COMMISSION_INCOME_YOY":null,"ACCOUNTS_RECE_TDAYS":0.363222672779,"INVENTORY_TDAYS":55.168071563736,"CURRENT_ASSETS_TDAYS":0.324376666201,"TOTAL_ASSETS_TDAYS":0.302753820887,"PREMIUM_EXPENSE":null,"LOAN_DEPOSIT":null,"LOAN_EQUITY":null,"LOAN_ASSETS":null,"DEPOSIT_EQUITY":null,"DEPOSIT_ASSETS":null,"EQUITY_MULTIPLIER":3.375098471128,"EQUITY_RATIO":2.529369337839},{"SECUCODE":"01847.HK","SECURITY_CODE":"01847","SECURITY_NAME_ABBR":"云南建投混凝土","ORG_CODE":"10591605","STD_REPORT_DATE":"2023-06-30 00:00:00","REPORT_DATE":"2023-06-30 00:00:00","DATE_TYPE_CODE":"002","REPORT_TYPE":"2023年中报","PER_NETCASH_OPERATE":0.0437468629,"PER_OI":1.657769901159,"BPS":2.823240086763,"BASIC_EPS":-0.03,"DILUTED_EPS":-0.03,"OPERATE_INCOME":739816289.33,"OPERATE_INCOME_YOY":-8.9046592013,"GROSS_PROFIT":74179952.13,"GROSS_PROFIT_YOY":-18.143549987862,"HOLDER_PROFIT":-12978353.76,"HOLDER_PROFIT_YOY":-173.6468831654,"GROSS_PROFIT_RATIO":9.138337832999,"EPS_TTM":-0.012080076725,"OPERATE_INCOME_QOQ":-4.2719460982,"NET_PROFIT_RATIO":-1.5647400473,"ROE_AVG":-1.083869408294,"GROSS_PROFIT_QOQ":-12.846639516768,"ROA":-0.286911707394,"HOLDER_PROFIT_QOQ":-119.839546608766,"ROE_YEARLY":-2.167738816588,"ROIC_YEARLY":-0.602332594137,"TOTAL_ASSETS":4796515000,"TOTAL_LIABILITIES":3453188000,"TAX_EBT":25.46515520529,"OCF_SALES":2.658002257321,"TOTAL_PARENT_EQUITY":1259933000,"DEBT_ASSET_RATIO":71.9936870832,"OPERATE_PROFIT":-5735561.18,"PRETAX_PROFIT":-14267659.32,"NETCASH_OPERATE":27619203.59,"NETCASH_INVEST":-24220481.54,"NETCASH_FINANCE":17667354.93,"END_CASH":154697418.06,"DIVI_RATIO":null,"DIVIDEND_RATE":null,"CURRENT_RATIO":1.321288085872,"COMMON_ACS":null,"CURRENTDEBT_DEBT":98.597962230843,"ISSUED_COMMON_SHARES":446272000,"HK_COMMON_SHARES":133882000,"PER_SHARES":1000,"TOTAL_MARKET_CAP":178508800,"HKSK_MARKET_CAP":53552800,"PE_TTM":-3.468908169444,"PB_TTM":0.134181898163,"REPORT_DATE_SQ":"2022-06-30 00:00:00","REPORT_TYPE_SQ":"2022年中报","OPERATE_INCOME_SQ":806297000,"DPS_HKD":null,"OPERATE_INCOME_QOQ_SQ":-13.028519029016,"NET_PROFIT_RATIO_SQ":2.5676642726,"HOLDER_PROFIT_SQ":18753000,"HOLDER_PROFIT_QOQ_SQ":684.16547788873,"ROE_AVG_SQ":1.4761475014,"PE_TTM_SQ":-33.013961488014,"PB_TTM_SQ":0.156752662331,"ROA_SQ":0.38688765868,"START_DATE":"2023-01-01 00:00:00","FISCAL_YEAR":"12-31","CURRENCY":"HKD","IS_CNY_CODE":0,"DPS_HKD_LY":0.0367,"ORG_TYPE":"一般企业","PREMIUM_INCOME":null,"PREMIUM_INCOME_YOY":null,"NET_INTEREST_INCOME":null,"NET_INTEREST_INCOME_YOY":null,"FEE_COMMISSION_INCOME":null,"FEE_COMMISSION_INCOME_YOY":null,"ACCOUNTS_RECE_TDAYS":0.185824147447,"INVENTORY_TDAYS":28.27333771103,"CURRENT_ASSETS_TDAYS":0.162290273508,"TOTAL_ASSETS_TDAYS":0.15258588239,"PREMIUM_EXPENSE":null,"LOAN_DEPOSIT":null,"LOAN_EQUITY":null,"LOAN_ASSETS":null,"DEPOSIT_EQUITY":null,"DEPOSIT_ASSETS":null,"EQUITY_MULTIPLIER":3.570623533954,"EQUITY_RATIO":2.740771136243},{"SECUCODE":"01847.HK","SECURITY_CODE":"01847","SECURITY_NAME_ABBR":"云南建投混凝土","ORG_CODE":"10591605","STD_REPORT_DATE":"2022-12-31 00:00:00","REPORT_DATE":"2022-12-31 00:00:00","DATE_TYPE_CODE":"001","REPORT_TYPE":"2022年年报","PER_NETCASH_OPERATE":-0.703019683063,"PER_OI":3.766057471676,"BPS":2.887317600029,"BASIC_EPS":0.06,"DILUTED_EPS":0.06,"OPERATE_INCOME":1680686000,"OPERATE_INCOME_YOY":-20.0634855407,"GROSS_PROFIT":182935000,"GROSS_PROFIT_YOY":30.08156096451,"HOLDER_PROFIT":27173000,"HOLDER_PROFIT_YOY":3776.3195435093,"GROSS_PROFIT_RATIO":10.884543573279,"EPS_TTM":0.060888874946,"OPERATE_INCOME_QOQ":-8.088819959335,"NET_PROFIT_RATIO":1.7776669765,"ROE_AVG":2.131865278165,"GROSS_PROFIT_QOQ":18.779705477495,"ROA":0.566554518493,"HOLDER_PROFIT_QOQ":394.324176823722,"ROE_YEARLY":2.131865278165,"ROIC_YEARLY":0.608300720344,"TOTAL_ASSETS":4830837000,"TOTAL_LIABILITIES":3461232000,"TAX_EBT":17.92032967033,"OCF_SALES":-18.667258488498,"TOTAL_PARENT_EQUITY":1288529000,"DEBT_ASSET_RATIO":71.6487018709,"OPERATE_PROFIT":45990000,"PRETAX_PROFIT":36400000,"NETCASH_OPERATE":-313738000,"NETCASH_INVEST":78614000,"NETCASH_FINANCE":112456000,"END_CASH":134661000,"DIVI_RATIO":null,"DIVIDEND_RATE":null,"CURRENT_RATIO":1.324324135652,"COMMON_ACS":null,"CURRENTDEBT_DEBT":99.327869382925,"ISSUED_COMMON_SHARES":446272000,"HK_COMMON_SHARES":133882000,"PER_SHARES":1000,"TOTAL_MARKET_CAP":178508800,"HKSK_MARKET_CAP":53552800,"PE_TTM":-3.468908169444,"PB_TTM":0.134181898163,"REPORT_DATE_SQ":"2021-12-31 00:00:00","REPORT_TYPE_SQ":"2021年年报","OPERATE_INCOME_SQ":2102526000,"DPS_HKD":null,"OPERATE_INCOME_QOQ_SQ":-35.266877278909,"NET_PROFIT_RATIO_SQ":0.3183313785,"HOLDER_PROFIT_SQ":701000,"HOLDER_PROFIT_QOQ_SQ":-99.283333674116,"ROE_AVG_SQ":0.054462803304,"PE_TTM_SQ":-33.013961488014,"PB_TTM_SQ":0.156752662331,"ROA_SQ":0.014975954087,"START_DATE":"2022-01-01 00:00:00","FISCAL_YEAR":"12-31","CURRENCY":"HKD","IS_CNY_CODE":0,"DPS_HKD_LY":null,"ORG_TYPE":"一般企业","PREMIUM_INCOME":null,"PREMIUM_INCOME_YOY":null,"NET_INTEREST_INCOME":null,"NET_INTEREST_INCOME_YOY":null,"FEE_COMMISSION_INCOME":null,"FEE_COMMISSION_INCOME_YOY":null,"ACCOUNTS_RECE_TDAYS":0.42728542851,"INVENTORY_TDAYS":58.038866930171,"CURRENT_ASSETS_TDAYS":0.371935509249,"TOTAL_ASSETS_TDAYS":0.350421465229,"PREMIUM_EXPENSE":null,"LOAN_DEPOSIT":null,"LOAN_EQUITY":null,"LOAN_ASSETS":null,"DEPOSIT_EQUITY":null,"DEPOSIT_ASSETS":null,"EQUITY_MULTIPLIER":3.527175353476,"EQUITY_RATIO":2.686188669405},{"SECUCODE":"01847.HK","SECURITY_CODE":"01847","SECURITY_NAME_ABBR":"云南建投混凝土","ORG_CODE":"10591605","STD_REPORT_DATE":"2022-06-30 00:00:00","REPORT_DATE":"2022-06-30 00:00:00","DATE_TYPE_CODE":"002","REPORT_TYPE":"2022年中报","PER_NETCASH_OPERATE":-0.715352968593,"PER_OI":1.806738939481,"BPS":2.868450182848,"BASIC_EPS":0.04,"DILUTED_EPS":0.04,"OPERATE_INCOME":806297000,"OPERATE_INCOME_YOY":-25.3584206994,"GROSS_PROFIT":90622000,"GROSS_PROFIT_YOY":17.323701143175,"HOLDER_PROFIT":18753000,"HOLDER_PROFIT_YOY":34.3626853908,"GROSS_PROFIT_RATIO":11.239282795298,"EPS_TTM":0.012317600029,"OPERATE_INCOME_QOQ":-13.028519029016,"NET_PROFIT_RATIO":2.5676642726,"ROE_AVG":1.4761475014,"GROSS_PROFIT_QOQ":9.514971805647,"ROA":0.38688765868,"HOLDER_PROFIT_QOQ":684.16547788873,"ROE_YEARLY":2.9522950028,"ROIC_YEARLY":0.833167929677,"TOTAL_ASSETS":4932755000,"TOTAL_LIABILITIES":3563931000,"TAX_EBT":23.838428429533,"OCF_SALES":-39.593598884778,"TOTAL_PARENT_EQUITY":1280109000,"DEBT_ASSET_RATIO":72.2503144794,"OPERATE_PROFIT":31409000,"PRETAX_PROFIT":27183000,"NETCASH_OPERATE":-319242000,"NETCASH_INVEST":95997000,"NETCASH_FINANCE":126515000,"END_CASH":159781000,"DIVI_RATIO":null,"DIVIDEND_RATE":null,"CURRENT_RATIO":1.318411790647,"COMMON_ACS":null,"CURRENTDEBT_DEBT":99.127452243043,"ISSUED_COMMON_SHARES":446272000,"HK_COMMON_SHARES":133882000,"PER_SHARES":1000,"TOTAL_MARKET_CAP":178508800,"HKSK_MARKET_CAP":53552800,"PE_TTM":-3.468908169444,"PB_TTM":0.134181898163,"REPORT_DATE_SQ":"2021-06-30 00:00:00","REPORT_TYPE_SQ":"2021年中报","OPERATE_INCOME_SQ":1080225000,"DPS_HKD":null,"OPERATE_INCOME_QOQ_SQ":-18.881870397445,"NET_PROFIT_RATIO_SQ":1.6832604319,"HOLDER_PROFIT_SQ":13957000,"HOLDER_PROFIT_QOQ_SQ":-52.621203094197,"ROE_AVG_SQ":1.079045056335,"PE_TTM_SQ":-33.013961488014,"PB_TTM_SQ":0.156752662331,"ROA_SQ":0.305193215601,"START_DATE":"2022-01-01 00:00:00","FISCAL_YEAR":"12-31","CURRENCY":"HKD","IS_CNY_CODE":0,"DPS_HKD_LY":null,"ORG_TYPE":"一般企业","PREMIUM_INCOME":null,"PREMIUM_INCOME_YOY":null,"NET_INTEREST_INCOME":null,"NET_INTEREST_INCOME_YOY":null,"FEE_COMMISSION_INCOME":null,"FEE_COMMISSION_INCOME_YOY":null,"ACCOUNTS_RECE_TDAYS":0.204275926804,"INVENTORY_TDAYS":26.524164257653,"CURRENT_ASSETS_TDAYS":0.17638900845,"TOTAL_ASSETS_TDAYS":0.166344776052,"PREMIUM_EXPENSE":null,"LOAN_DEPOSIT":null,"LOAN_EQUITY":null,"LOAN_ASSETS":null,"DEPOSIT_EQUITY":null,"DEPOSIT_ASSETS":null,"EQUITY_MULTIPLIER":3.603644442232,"EQUITY_RATIO":2.784084011596},{"SECUCODE":"01847.HK","SECURITY_CODE":"01847","SECURITY_NAME_ABBR":"云南建投混凝土","ORG_CODE":"10591605","STD_REPORT_DATE":"2021-12-31 00:00:00","REPORT_DATE":"2021-12-31 00:00:00","DATE_TYPE_CODE":"001","REPORT_TYPE":"2021年年报","PER_NETCASH_OPERATE":-0.338378836225,"PER_OI":4.71131059085,"BPS":2.824945324824,"BASIC_EPS":0,"DILUTED_EPS":0,"OPERATE_INCOME":2102526000,"OPERATE_INCOME_YOY":-47.4897016153,"GROSS_PROFIT":140631000,"GROSS_PROFIT_YOY":-67.665979969283,"HOLDER_PROFIT":701000,"HOLDER_PROFIT_YOY":-99.660452117,"GROSS_PROFIT_RATIO":6.688668772705,"EPS_TTM":0.001570790908,"OPERATE_INCOME_QOQ":-35.266877278909,"NET_PROFIT_RATIO":0.3183313785,"ROE_AVG":0.054462803304,"GROSS_PROFIT_QOQ":-51.317360916389,"ROA":0.014975954087,"HOLDER_PROFIT_QOQ":-99.283333674116,"ROE_YEARLY":0.054462803304,"ROIC_YEARLY":0.016888211005,"TOTAL_ASSETS":4761532000,"TOTAL_LIABILITIES":3414086000,"TAX_EBT":55.489791846778,"OCF_SALES":-7.182265522519,"TOTAL_PARENT_EQUITY":1260694000,"DEBT_ASSET_RATIO":71.7014187871,"OPERATE_PROFIT":13687000,"PRETAX_PROFIT":15037000,"NETCASH_OPERATE":-151009000,"NETCASH_INVEST":47957000,"NETCASH_FINANCE":-25000,"END_CASH":255812000,"DIVI_RATIO":null,"DIVIDEND_RATE":null,"CURRENT_RATIO":1.326080277533,"COMMON_ACS":null,"CURRENTDEBT_DEBT":99.054124588543,"ISSUED_COMMON_SHARES":446272000,"HK_COMMON_SHARES":133882000,"PER_SHARES":1000,"TOTAL_MARKET_CAP":178508800,"HKSK_MARKET_CAP":53552800,"PE_TTM":-3.468908169444,"PB_TTM":0.134181898163,"REPORT_DATE_SQ":"2020-12-31 00:00:00","REPORT_TYPE_SQ":"2020年年报","OPERATE_INCOME_SQ":4004026000,"DPS_HKD":null,"OPERATE_INCOME_QOQ_SQ":5.564176749773,"NET_PROFIT_RATIO_SQ":5.6715166185,"HOLDER_PROFIT_SQ":206451000,"HOLDER_PROFIT_QOQ_SQ":-7.205526739242,"ROE_AVG_SQ":16.639833771727,"PE_TTM_SQ":-33.013961488014,"PB_TTM_SQ":0.156752662331,"ROA_SQ":5.071302486928,"START_DATE":"2021-01-01 00:00:00","FISCAL_YEAR":"12-31","CURRENCY":"HKD","IS_CNY_CODE":0,"DPS_HKD_LY":0.1485,"ORG_TYPE":"一般企业","PREMIUM_INCOME":null,"PREMIUM_INCOME_YOY":null,"NET_INTEREST_INCOME":null,"NET_INTEREST_INCOME_YOY":null,"FEE_COMMISSION_INCOME":null,"FEE_COMMISSION_INCOME_YOY":null,"ACCOUNTS_RECE_TDAYS":0.562705642617,"INVENTORY_TDAYS":67.219262330187,"CURRENT_ASSETS_TDAYS":0.477214075701,"TOTAL_ASSETS_TDAYS":0.449177358665,"PREMIUM_EXPENSE":null,"LOAN_DEPOSIT":null,"LOAN_EQUITY":null,"LOAN_ASSETS":null,"DEPOSIT_EQUITY":null,"DEPOSIT_ASSETS":null,"EQUITY_MULTIPLIER":3.533746064782,"EQUITY_RATIO":2.708100458954},{"SECUCODE":"01847.HK","SECURITY_CODE":"01847","SECURITY_NAME_ABBR":"云南建投混凝土","ORG_CODE":"10591605","STD_REPORT_DATE":"2021-06-30 00:00:00","REPORT_DATE":"2021-06-30 00:00:00","DATE_TYPE_CODE":"002","REPORT_TYPE":"2021年中报","PER_NETCASH_OPERATE":0.018154847268,"PER_OI":2.420552936326,"BPS":2.853365212247,"BASIC_EPS":0.03,"DILUTED_EPS":0.03,"OPERATE_INCOME":1080225000,"OPERATE_INCOME_YOY":-41.1725463714,"GROSS_PROFIT":77241000,"GROSS_PROFIT_YOY":-65.409314823108,"HOLDER_PROFIT":13957000,"HOLDER_PROFIT_YOY":-88.6152666525,"GROSS_PROFIT_RATIO":7.150454766368,"EPS_TTM":0.219180230891,"OPERATE_INCOME_QOQ":-18.881870397445,"NET_PROFIT_RATIO":1.6832604319,"ROE_AVG":1.079045056335,"GROSS_PROFIT_QOQ":-33.582031214075,"ROA":0.305193215601,"HOLDER_PROFIT_QOQ":-52.621203094197,"ROE_YEARLY":2.158090112671,"ROIC_YEARLY":0.702047542255,"TOTAL_ASSETS":4546195000,"TOTAL_LIABILITIES":3180520000,"TAX_EBT":22.486998039049,"OCF_SALES":0.750028929158,"TOTAL_PARENT_EQUITY":1273377000,"DEBT_ASSET_RATIO":69.9600435089,"OPERATE_PROFIT":21328000,"PRETAX_PROFIT":23458000,"NETCASH_OPERATE":8102000,"NETCASH_INVEST":58479000,"NETCASH_FINANCE":-41338000,"END_CASH":384410000,"DIVI_RATIO":null,"DIVIDEND_RATE":null,"CURRENT_RATIO":1.356045617085,"COMMON_ACS":null,"CURRENTDEBT_DEBT":98.970231282935,"ISSUED_COMMON_SHARES":446272000,"HK_COMMON_SHARES":133882000,"PER_SHARES":1000,"TOTAL_MARKET_CAP":178508800,"HKSK_MARKET_CAP":53552800,"PE_TTM":-3.468908169444,"PB_TTM":0.134181898163,"REPORT_DATE_SQ":"2020-06-30 00:00:00","REPORT_TYPE_SQ":"2020年中报","OPERATE_INCOME_SQ":1836260000,"DPS_HKD":null,"OPERATE_INCOME_QOQ_SQ":5.124699458853,"NET_PROFIT_RATIO_SQ":7.1587901495,"HOLDER_PROFIT_SQ":122594000,"HOLDER_PROFIT_QOQ_SQ":9.228465522743,"ROE_AVG_SQ":10.219679681557,"PE_TTM_SQ":-33.013961488014,"PB_TTM_SQ":0.156752662331,"ROA_SQ":3.192988624747,"START_DATE":"2021-01-01 00:00:00","FISCAL_YEAR":"12-31","CURRENCY":"HKD","IS_CNY_CODE":0,"DPS_HKD_LY":0.1485,"ORG_TYPE":"一般企业","PREMIUM_INCOME":null,"PREMIUM_INCOME_YOY":null,"NET_INTEREST_INCOME":null,"NET_INTEREST_INCOME_YOY":null,"FEE_COMMISSION_INCOME":null,"FEE_COMMISSION_INCOME_YOY":null,"ACCOUNTS_RECE_TDAYS":0.301837429853,"INVENTORY_TDAYS":35.647077639365,"CURRENT_ASSETS_TDAYS":0.251342073252,"TOTAL_ASSETS_TDAYS":0.23620931527,"PREMIUM_EXPENSE":null,"LOAN_DEPOSIT":null,"LOAN_EQUITY":null,"LOAN_ASSETS":null,"DEPOSIT_EQUITY":null,"DEPOSIT_ASSETS":null,"EQUITY_MULTIPLIER":3.328899628388,"EQUITY_RATIO":2.497704921638},{"SECUCODE":"01847.HK","SECURITY_CODE":"01847","SECURITY_NAME_ABBR":"云南建投混凝土","ORG_CODE":"10591605","STD_REPORT_DATE":"2020-12-31 00:00:00","REPORT_DATE":"2020-12-31 00:00:00","DATE_TYPE_CODE":"001","REPORT_TYPE":"2020年年报","PER_NETCASH_OPERATE":-0.114331618385,"PER_OI":8.972164957694,"BPS":2.943361895884,"BASIC_EPS":0.46,"DILUTED_EPS":0.46,"OPERATE_INCOME":4004026000,"OPERATE_INCOME_YOY":10.9740235444,"GROSS_PROFIT":434932000,"GROSS_PROFIT_YOY":6.75850151449,"HOLDER_PROFIT":206451000,"HOLDER_PROFIT_YOY":1.3579792326,"GROSS_PROFIT_RATIO":10.862367027587,"EPS_TTM":0.462612487452,"OPERATE_INCOME_QOQ":5.564176749773,"NET_PROFIT_RATIO":5.6715166185,"ROE_AVG":16.639833771727,"GROSS_PROFIT_QOQ":-0.379761332142,"ROA":5.071302486928,"HOLDER_PROFIT_QOQ":-7.205526739242,"ROE_YEARLY":16.639833771727,"ROIC_YEARLY":6.050749555135,"TOTAL_ASSETS":4600142000,"TOTAL_LIABILITIES":3198530000,"TAX_EBT":18.306550541951,"OCF_SALES":-1.274292424675,"TOTAL_PARENT_EQUITY":1313540000,"DEBT_ASSET_RATIO":69.5311144743,"OPERATE_PROFIT":281042000,"PRETAX_PROFIT":277977000,"NETCASH_OPERATE":-51023000,"NETCASH_INVEST":-232616000,"NETCASH_FINANCE":3155000,"END_CASH":359389000,"DIVI_RATIO":null,"DIVIDEND_RATE":null,"CURRENT_RATIO":1.362059044795,"COMMON_ACS":null,"CURRENTDEBT_DEBT":99.324064492126,"ISSUED_COMMON_SHARES":446272000,"HK_COMMON_SHARES":133882000,"PER_SHARES":1000,"TOTAL_MARKET_CAP":178508800,"HKSK_MARKET_CAP":53552800,"PE_TTM":-3.468908169444,"PB_TTM":0.134181898163,"REPORT_DATE_SQ":"2019-12-31 00:00:00","REPORT_TYPE_SQ":"2019年年报","OPERATE_INCOME_SQ":3608075000,"DPS_HKD":null,"OPERATE_INCOME_QOQ_SQ":7.475402257354,"NET_PROFIT_RATIO_SQ":5.9778690853,"HOLDER_PROFIT_SQ":203685000,"HOLDER_PROFIT_QOQ_SQ":24.389305518235,"ROE_AVG_SQ":19.895776353833,"PE_TTM_SQ":-33.013961488014,"PB_TTM_SQ":0.156752662331,"ROA_SQ":6.07910582512,"START_DATE":"2020-01-01 00:00:00","FISCAL_YEAR":"12-31","CURRENCY":"HKD","IS_CNY_CODE":0,"DPS_HKD_LY":0.1484,"ORG_TYPE":"一般企业","PREMIUM_INCOME":null,"PREMIUM_INCOME_YOY":null,"NET_INTEREST_INCOME":null,"NET_INTEREST_INCOME_YOY":null,"FEE_COMMISSION_INCOME":null,"FEE_COMMISSION_INCOME_YOY":null,"ACCOUNTS_RECE_TDAYS":1.325496929843,"INVENTORY_TDAYS":91.068063227996,"CURRENT_ASSETS_TDAYS":1.049846266954,"TOTAL_ASSETS_TDAYS":0.983556728305,"PREMIUM_EXPENSE":null,"LOAN_DEPOSIT":null,"LOAN_EQUITY":null,"LOAN_ASSETS":null,"DEPOSIT_EQUITY":null,"DEPOSIT_ASSETS":null,"EQUITY_MULTIPLIER":3.282036683477,"EQUITY_RATIO":2.435045754221},{"SECUCODE":"01847.HK","SECURITY_CODE":"01847","SECURITY_NAME_ABBR":"云南建投混凝土","ORG_CODE":"10591605","STD_REPORT_DATE":"2020-06-30 00:00:00","REPORT_DATE":"2020-06-30 00:00:00","DATE_TYPE_CODE":"002","REPORT_TYPE":"2020年中报","PER_NETCASH_OPERATE":-0.122622526172,"PER_OI":4.114665495483,"BPS":2.759097590707,"BASIC_EPS":0.27,"DILUTED_EPS":0.27,"OPERATE_INCOME":1836260000,"OPERATE_INCOME_YOY":11.1970337123,"GROSS_PROFIT":223300000,"GROSS_PROFIT_YOY":15.039050425536,"HOLDER_PROFIT":122594000,"HOLDER_PROFIT_YOY":18.1093865911,"GROSS_PROFIT_RATIO":12.160587280668,"EPS_TTM":0.498534526029,"OPERATE_INCOME_QOQ":5.124699458853,"NET_PROFIT_RATIO":7.1587901495,"ROE_AVG":10.219679681557,"GROSS_PROFIT_QOQ":7.16547454823,"ROA":3.192988624747,"HOLDER_PROFIT_QOQ":9.228465522743,"ROE_YEARLY":20.439359363114,"ROIC_YEARLY":7.79213556437,"TOTAL_ASSETS":4137160000,"TOTAL_LIABILITIES":2823855000,"TAX_EBT":17.464164401108,"OCF_SALES":-2.980133532288,"TOTAL_PARENT_EQUITY":1231308000,"DEBT_ASSET_RATIO":68.2558808458,"OPERATE_PROFIT":158744000,"PRETAX_PROFIT":159269000,"NETCASH_OPERATE":-54723000,"NETCASH_INVEST":-29207000,"NETCASH_FINANCE":45584000,"END_CASH":603246000,"DIVI_RATIO":null,"DIVIDEND_RATE":null,"CURRENT_RATIO":1.388482620803,"COMMON_ACS":null,"CURRENTDEBT_DEBT":99.271881877788,"ISSUED_COMMON_SHARES":446272000,"HK_COMMON_SHARES":133882000,"PER_SHARES":1000,"TOTAL_MARKET_CAP":178508800,"HKSK_MARKET_CAP":53552800,"PE_TTM":-3.468908169444,"PB_TTM":0.134181898163,"REPORT_DATE_SQ":"2019-06-30 00:00:00","REPORT_TYPE_SQ":"2019年中报","OPERATE_INCOME_SQ":1651357000,"DPS_HKD":null,"OPERATE_INCOME_QOQ_SQ":0,"NET_PROFIT_RATIO_SQ":6.6250968143,"HOLDER_PROFIT_SQ":103797000,"HOLDER_PROFIT_QOQ_SQ":0,"ROE_AVG_SQ":null,"PE_TTM_SQ":-33.013961488014,"PB_TTM_SQ":0.156752662331,"ROA_SQ":null,"START_DATE":"2020-01-01 00:00:00","FISCAL_YEAR":"12-31","CURRENCY":"HKD","IS_CNY_CODE":0,"DPS_HKD_LY":0.1484,"ORG_TYPE":"一般企业","PREMIUM_INCOME":null,"PREMIUM_INCOME_YOY":null,"NET_INTEREST_INCOME":null,"NET_INTEREST_INCOME_YOY":null,"FEE_COMMISSION_INCOME":null,"FEE_COMMISSION_INCOME_YOY":null,"ACCOUNTS_RECE_TDAYS":0.661447161061,"INVENTORY_TDAYS":35.741097742028,"CURRENT_ASSETS_TDAYS":0.510567259728,"TOTAL_ASSETS_TDAYS":0.478258095182,"PREMIUM_EXPENSE":null,"LOAN_DEPOSIT":null,"LOAN_EQUITY":null,"LOAN_ASSETS":null,"DEPOSIT_EQUITY":null,"DEPOSIT_ASSETS":null,"EQUITY_MULTIPLIER":3.150189788359,"EQUITY_RATIO":2.293378261166}],"count":14},"success":true,"message":"ok","code":0}