{"version":"4bfbb7d6ba1180f6d8f823339917bd6b","result":{"pages":3,"data":[{"SECUCODE":"01848.HK","SECURITY_CODE":"01848","SECURITY_NAME_ABBR":"中国飞机租赁","ORG_CODE":"10401491","STD_REPORT_DATE":"2024-06-30 00:00:00","REPORT_DATE":"2024-06-30 00:00:00","DATE_TYPE_CODE":"002","REPORT_TYPE":"2024年中报","PER_NETCASH_OPERATE":1.893836313062,"PER_OI":2.725036771792,"BPS":5.235601859488,"BASIC_EPS":0.16154436,"DILUTED_EPS":0.16154436,"OPERATE_INCOME":2028395705.48,"OPERATE_INCOME_YOY":8.0725404373,"GROSS_PROFIT":2028395705.48,"GROSS_PROFIT_YOY":6.982414159045,"HOLDER_PROFIT":120244677.32,"HOLDER_PROFIT_YOY":-34.5089500972,"GROSS_PROFIT_RATIO":null,"EPS_TTM":-0.053233726114,"OPERATE_INCOME_QOQ":3.066677600669,"NET_PROFIT_RATIO":8.3533074371,"ROE_AVG":3.063493150454,"GROSS_PROFIT_QOQ":3.066677600669,"ROA":0.212804477162,"HOLDER_PROFIT_QOQ":-254.747220296157,"ROE_YEARLY":6.126986300908,"ROIC_YEARLY":0.475536137452,"TOTAL_ASSETS":58408705294.88,"TOTAL_LIABILITIES":53798681037.08,"TAX_EBT":38.408328605695,"OCF_SALES":69.497642478316,"TOTAL_PARENT_EQUITY":3898683291.16,"DEBT_ASSET_RATIO":92.107299358,"OPERATE_PROFIT":1498712740.68,"PRETAX_PROFIT":275099092.92,"NETCASH_OPERATE":1409687195.44,"NETCASH_INVEST":-3557997188.08,"NETCASH_FINANCE":2927767918.4,"END_CASH":5580588248.76,"DIVI_RATIO":-4.61088520224,"DIVIDEND_RATE":7.758620689655,"CURRENT_RATIO":0.143113564724,"COMMON_ACS":10000000000,"CURRENTDEBT_DEBT":100,"ISSUED_COMMON_SHARES":744648542,"HK_COMMON_SHARES":744648542,"PER_SHARES":500,"TOTAL_MARKET_CAP":2591376926.16,"HKSK_MARKET_CAP":2591376926.16,"PE_TTM":-62.949446780353,"PB_TTM":0.6066401696,"REPORT_DATE_SQ":"2023-06-30 00:00:00","REPORT_TYPE_SQ":"2023年中报","OPERATE_INCOME_SQ":1896008536.94,"DPS_HKD":0.27,"OPERATE_INCOME_QOQ_SQ":15.224258635256,"NET_PROFIT_RATIO_SQ":14.9238518945,"HOLDER_PROFIT_SQ":185475638.58,"HOLDER_PROFIT_QOQ_SQ":451.436177319255,"ROE_AVG_SQ":4.280783713398,"PE_TTM_SQ":6.305151909001,"PB_TTM_SQ":0.53937688296,"ROA_SQ":0.33947851014,"START_DATE":"2024-01-01 00:00:00","FISCAL_YEAR":"12-31","CURRENCY":"HKD","IS_CNY_CODE":0,"DPS_HKD_LY":0.27,"ORG_TYPE":"一般企业","PREMIUM_INCOME":null,"PREMIUM_INCOME_YOY":null,"NET_INTEREST_INCOME":null,"NET_INTEREST_INCOME_YOY":null,"FEE_COMMISSION_INCOME":null,"FEE_COMMISSION_INCOME_YOY":null,"ACCOUNTS_RECE_TDAYS":null,"INVENTORY_TDAYS":null,"CURRENT_ASSETS_TDAYS":0.18492616844,"TOTAL_ASSETS_TDAYS":0.035897779195,"PREMIUM_EXPENSE":null,"LOAN_DEPOSIT":null,"LOAN_EQUITY":null,"LOAN_ASSETS":null,"DEPOSIT_EQUITY":null,"DEPOSIT_ASSETS":null,"EQUITY_MULTIPLIER":12.669934479443,"EQUITY_RATIO":13.799192450196},{"SECUCODE":"01848.HK","SECURITY_CODE":"01848","SECURITY_NAME_ABBR":"中国飞机租赁","ORG_CODE":"10401491","STD_REPORT_DATE":"2023-12-31 00:00:00","REPORT_DATE":"2023-12-31 00:00:00","DATE_TYPE_CODE":"001","REPORT_TYPE":"2023年年报","PER_NETCASH_OPERATE":4.487389964088,"PER_OI":5.799592202489,"BPS":5.268949736022,"BASIC_EPS":0.03443636,"DILUTED_EPS":0.03443636,"OPERATE_INCOME":4316957495.34,"OPERATE_INCOME_YOY":14.2098948886,"GROSS_PROFIT":4316957495.34,"GROSS_PROFIT_YOY":15.865629592303,"HOLDER_PROFIT":25606152.32,"HOLDER_PROFIT_YOY":-61.6076523819,"GROSS_PROFIT_RATIO":null,"EPS_TTM":0.034400440933,"OPERATE_INCOME_QOQ":18.405571322254,"NET_PROFIT_RATIO":4.6215575844,"ROE_AVG":0.628271599393,"GROSS_PROFIT_QOQ":18.405571322254,"ROA":0.049073955307,"HOLDER_PROFIT_QOQ":-92.936819442583,"ROE_YEARLY":0.628271599393,"ROIC_YEARLY":0.054387066842,"TOTAL_ASSETS":54214364101.94,"TOTAL_LIABILITIES":49556427738.3,"TAX_EBT":57.145804743691,"OCF_SALES":77.374232660054,"TOTAL_PARENT_EQUITY":3923515738.8,"DEBT_ASSET_RATIO":91.4082984449,"OPERATE_PROFIT":2494635166.24,"PRETAX_PROFIT":465556931.7,"NETCASH_OPERATE":3340212736.28,"NETCASH_INVEST":-3593571005.22,"NETCASH_FINANCE":1907927495.18,"END_CASH":4799227842.5,"DIVI_RATIO":7.135216681513,"DIVIDEND_RATE":7.826086956522,"CURRENT_RATIO":0.339922020523,"COMMON_ACS":10000000000,"CURRENTDEBT_DEBT":100,"ISSUED_COMMON_SHARES":744648542,"HK_COMMON_SHARES":744648542,"PER_SHARES":500,"TOTAL_MARKET_CAP":2569037469.9,"HKSK_MARKET_CAP":2569037469.9,"PE_TTM":-62.406779135695,"PB_TTM":0.601410512966,"REPORT_DATE_SQ":"2022-12-31 00:00:00","REPORT_TYPE_SQ":"2022年年报","OPERATE_INCOME_SQ":3725830956.54,"DPS_HKD":0.27,"OPERATE_INCOME_QOQ_SQ":26.729771676776,"NET_PROFIT_RATIO_SQ":6.088901737,"HOLDER_PROFIT_SQ":65742885.46,"HOLDER_PROFIT_QOQ_SQ":-1.537751754298,"ROE_AVG_SQ":1.59380150287,"PE_TTM_SQ":6.617652149389,"PB_TTM_SQ":0.566109848005,"ROA_SQ":0.139706079085,"START_DATE":"2023-01-01 00:00:00","FISCAL_YEAR":"12-31","CURRENCY":"HKD","IS_CNY_CODE":0,"DPS_HKD_LY":0.3,"ORG_TYPE":"一般企业","PREMIUM_INCOME":null,"PREMIUM_INCOME_YOY":null,"NET_INTEREST_INCOME":null,"NET_INTEREST_INCOME_YOY":null,"FEE_COMMISSION_INCOME":null,"FEE_COMMISSION_INCOME_YOY":null,"ACCOUNTS_RECE_TDAYS":null,"INVENTORY_TDAYS":null,"CURRENT_ASSETS_TDAYS":0.286307793122,"TOTAL_ASSETS_TDAYS":0.082734093174,"PREMIUM_EXPENSE":null,"LOAN_DEPOSIT":null,"LOAN_EQUITY":null,"LOAN_ASSETS":null,"DEPOSIT_EQUITY":null,"DEPOSIT_ASSETS":null,"EQUITY_MULTIPLIER":11.639137993642,"EQUITY_RATIO":12.630617802353},{"SECUCODE":"01848.HK","SECURITY_CODE":"01848","SECURITY_NAME_ABBR":"中国飞机租赁","ORG_CODE":"10401491","STD_REPORT_DATE":"2023-06-30 00:00:00","REPORT_DATE":"2023-06-30 00:00:00","DATE_TYPE_CODE":"002","REPORT_TYPE":"2023年中报","PER_NETCASH_OPERATE":2.096684000305,"PER_OI":2.547181976788,"BPS":5.860737405513,"BASIC_EPS":0.2489346,"DILUTED_EPS":0.2489346,"OPERATE_INCOME":1896008536.94,"OPERATE_INCOME_YOY":24.3496211981,"GROSS_PROFIT":1896008536.94,"GROSS_PROFIT_YOY":34.061277321145,"HOLDER_PROFIT":185475638.58,"HOLDER_PROFIT_YOY":254.5566994468,"GROSS_PROFIT_RATIO":null,"EPS_TTM":0.487038957221,"OPERATE_INCOME_QOQ":15.224258635256,"NET_PROFIT_RATIO":14.9238518945,"ROE_AVG":4.280783713398,"GROSS_PROFIT_QOQ":15.224258635256,"ROA":0.33947851014,"HOLDER_PROFIT_QOQ":451.436177319255,"ROE_YEARLY":8.561567426796,"ROIC_YEARLY":0.756099034349,"TOTAL_ASSETS":58255844736.32,"TOTAL_LIABILITIES":52480562016.32,"TAX_EBT":33.388607333934,"OCF_SALES":82.313867615744,"TOTAL_PARENT_EQUITY":4364189564.06,"DEBT_ASSET_RATIO":90.086346278,"OPERATE_PROFIT":1417888148.54,"PRETAX_PROFIT":424788455.3,"NETCASH_OPERATE":1560677957.08,"NETCASH_INVEST":-5921880305.94,"NETCASH_FINANCE":6209561115.44,"END_CASH":4995256292.68,"DIVI_RATIO":0.503973237378,"DIVIDEND_RATE":7.826086956522,"CURRENT_RATIO":0.452424410999,"COMMON_ACS":10000000000,"CURRENTDEBT_DEBT":83.049716255261,"ISSUED_COMMON_SHARES":744648542,"HK_COMMON_SHARES":744648542,"PER_SHARES":500,"TOTAL_MARKET_CAP":2569037469.9,"HKSK_MARKET_CAP":2569037469.9,"PE_TTM":-62.406779135695,"PB_TTM":0.601410512966,"REPORT_DATE_SQ":"2022-06-30 00:00:00","REPORT_TYPE_SQ":"2022年中报","OPERATE_INCOME_SQ":1414285000.73,"DPS_HKD":0.27,"OPERATE_INCOME_QOQ_SQ":22.130804641085,"NET_PROFIT_RATIO_SQ":-4.259306178,"HOLDER_PROFIT_SQ":-111311530.4,"HOLDER_PROFIT_QOQ_SQ":-84.467760860595,"ROE_AVG_SQ":-2.854087099432,"PE_TTM_SQ":6.617652149389,"PB_TTM_SQ":0.566109848005,"ROA_SQ":-0.250301319251,"START_DATE":"2023-01-01 00:00:00","FISCAL_YEAR":"12-31","CURRENCY":"HKD","IS_CNY_CODE":0,"DPS_HKD_LY":0.3,"ORG_TYPE":"一般企业","PREMIUM_INCOME":null,"PREMIUM_INCOME_YOY":null,"NET_INTEREST_INCOME":null,"NET_INTEREST_INCOME_YOY":null,"FEE_COMMISSION_INCOME":null,"FEE_COMMISSION_INCOME_YOY":null,"ACCOUNTS_RECE_TDAYS":null,"INVENTORY_TDAYS":null,"CURRENT_ASSETS_TDAYS":0.105286188891,"TOTAL_ASSETS_TDAYS":0.034702894583,"PREMIUM_EXPENSE":null,"LOAN_DEPOSIT":null,"LOAN_EQUITY":null,"LOAN_ASSETS":null,"DEPOSIT_EQUITY":null,"DEPOSIT_ASSETS":null,"EQUITY_MULTIPLIER":10.087098339746,"EQUITY_RATIO":12.02527095718},{"SECUCODE":"01848.HK","SECURITY_CODE":"01848","SECURITY_NAME_ABBR":"中国飞机租赁","ORG_CODE":"10401491","STD_REPORT_DATE":"2022-12-31 00:00:00","REPORT_DATE":"2022-12-31 00:00:00","DATE_TYPE_CODE":"001","REPORT_TYPE":"2022年年报","PER_NETCASH_OPERATE":4.018500439948,"PER_OI":5.005446587479,"BPS":5.596423981073,"BASIC_EPS":0.08843373,"DILUTED_EPS":0.08843373,"OPERATE_INCOME":3725830956.54,"OPERATE_INCOME_YOY":41.6648169944,"GROSS_PROFIT":3725830956.54,"GROSS_PROFIT_YOY":82.249063418017,"HOLDER_PROFIT":65742885.46,"HOLDER_PROFIT_YOY":-86.0021301685,"GROSS_PROFIT_RATIO":null,"EPS_TTM":0.088321908727,"OPERATE_INCOME_QOQ":26.729771676776,"NET_PROFIT_RATIO":6.088901737,"ROE_AVG":1.59380150287,"GROSS_PROFIT_QOQ":26.729771676776,"ROA":0.139706079085,"HOLDER_PROFIT_QOQ":-1.537751754298,"ROE_YEARLY":1.59380150287,"ROIC_YEARLY":0.156600928733,"TOTAL_ASSETS":49426487101.6,"TOTAL_LIABILITIES":43837996142.01,"TAX_EBT":58.796863209575,"OCF_SALES":94.532822094896,"TOTAL_PARENT_EQUITY":4167368957.92,"DEBT_ASSET_RATIO":88.693327632,"OPERATE_PROFIT":2131074239,"PRETAX_PROFIT":467595580.55,"NETCASH_OPERATE":2991192309.49,"NETCASH_INVEST":-5832396546.55,"NETCASH_FINANCE":1793934489.06,"END_CASH":3173371152.91,"DIVI_RATIO":2.77909075491,"DIVIDEND_RATE":7.826086956522,"CURRENT_RATIO":0.432021415685,"COMMON_ACS":10000000000,"CURRENTDEBT_DEBT":83.37256341269,"ISSUED_COMMON_SHARES":744648542,"HK_COMMON_SHARES":744648542,"PER_SHARES":500,"TOTAL_MARKET_CAP":2569037469.9,"HKSK_MARKET_CAP":2569037469.9,"PE_TTM":-62.406779135695,"PB_TTM":0.601410512966,"REPORT_DATE_SQ":"2021-12-31 00:00:00","REPORT_TYPE_SQ":"2021年年报","OPERATE_INCOME_SQ":2044362196.8,"DPS_HKD":0.27,"OPERATE_INCOME_QOQ_SQ":7.646328765505,"NET_PROFIT_RATIO_SQ":25.0863546979,"HOLDER_PROFIT_SQ":429877728,"HOLDER_PROFIT_QOQ_SQ":86.829829984917,"ROE_AVG_SQ":12.42498320094,"PE_TTM_SQ":6.617652149389,"PB_TTM_SQ":0.566109848005,"ROA_SQ":1.090585082158,"START_DATE":"2022-01-01 00:00:00","FISCAL_YEAR":"12-31","CURRENCY":"HKD","IS_CNY_CODE":0,"DPS_HKD_LY":0.41,"ORG_TYPE":"一般企业","PREMIUM_INCOME":null,"PREMIUM_INCOME_YOY":null,"NET_INTEREST_INCOME":null,"NET_INTEREST_INCOME_YOY":null,"FEE_COMMISSION_INCOME":null,"FEE_COMMISSION_INCOME_YOY":null,"ACCOUNTS_RECE_TDAYS":null,"INVENTORY_TDAYS":null,"CURRENT_ASSETS_TDAYS":0.204086937945,"TOTAL_ASSETS_TDAYS":0.067240085223,"PREMIUM_EXPENSE":null,"LOAN_DEPOSIT":null,"LOAN_EQUITY":null,"LOAN_ASSETS":null,"DEPOSIT_EQUITY":null,"DEPOSIT_ASSETS":null,"EQUITY_MULTIPLIER":8.844335162927,"EQUITY_RATIO":10.519346039351},{"SECUCODE":"01848.HK","SECURITY_CODE":"01848","SECURITY_NAME_ABBR":"中国飞机租赁","ORG_CODE":"10401491","STD_REPORT_DATE":"2022-06-30 00:00:00","REPORT_DATE":"2022-06-30 00:00:00","DATE_TYPE_CODE":"002","REPORT_TYPE":"2022年中报","PER_NETCASH_OPERATE":1.678737199122,"PER_OI":1.902108912062,"BPS":5.226266792556,"BASIC_EPS":-0.14965825,"DILUTED_EPS":-0.14965825,"OPERATE_INCOME":1414285000.73,"OPERATE_INCOME_YOY":43.0643793903,"GROSS_PROFIT":1414285000.73,"GROSS_PROFIT_YOY":47.03781680942,"HOLDER_PROFIT":-111311530.4,"HOLDER_PROFIT_YOY":-143.0123161418,"GROSS_PROFIT_RATIO":null,"EPS_TTM":0.089800231916,"OPERATE_INCOME_QOQ":22.130804641085,"NET_PROFIT_RATIO":-4.259306178,"ROE_AVG":-2.854087099432,"GROSS_PROFIT_QOQ":22.130804641085,"ROA":-0.250301319251,"HOLDER_PROFIT_QOQ":-84.467760860595,"ROE_YEARLY":-5.708174198864,"ROIC_YEARLY":-0.567439016518,"TOTAL_ASSETS":46157622265.51,"TOTAL_LIABILITIES":40991026943.3,"TAX_EBT":327.648503651994,"OCF_SALES":88.25662865446,"TOTAL_PARENT_EQUITY":3891731947.18,"DEBT_ASSET_RATIO":88.8066259295,"OPERATE_PROFIT":299152303.52,"PRETAX_PROFIT":26461288.98,"NETCASH_OPERATE":1248200261.21,"NETCASH_INVEST":-3912648184.2,"NETCASH_FINANCE":2505191020.43,"END_CASH":3879064017.71,"DIVI_RATIO":2.733340379686,"DIVIDEND_RATE":7.826086956522,"CURRENT_RATIO":0.540903345801,"COMMON_ACS":10000000000,"CURRENTDEBT_DEBT":83.365677718488,"ISSUED_COMMON_SHARES":744648542,"HK_COMMON_SHARES":744648542,"PER_SHARES":500,"TOTAL_MARKET_CAP":2569037469.9,"HKSK_MARKET_CAP":2569037469.9,"PE_TTM":-62.406779135695,"PB_TTM":0.601410512966,"REPORT_DATE_SQ":"2021-06-30 00:00:00","REPORT_TYPE_SQ":"2021年中报","OPERATE_INCOME_SQ":961851196.8,"DPS_HKD":0.27,"OPERATE_INCOME_QOQ_SQ":-9.261104637043,"NET_PROFIT_RATIO_SQ":30.5763175196,"HOLDER_PROFIT_SQ":251796560.88,"HOLDER_PROFIT_QOQ_SQ":-18.183670664393,"ROE_AVG_SQ":7.51577703194,"PE_TTM_SQ":6.617652149389,"PB_TTM_SQ":0.566109848005,"ROA_SQ":0.659160748313,"START_DATE":"2022-01-01 00:00:00","FISCAL_YEAR":"12-31","CURRENCY":"HKD","IS_CNY_CODE":0,"DPS_HKD_LY":0.41,"ORG_TYPE":"一般企业","PREMIUM_INCOME":null,"PREMIUM_INCOME_YOY":null,"NET_INTEREST_INCOME":null,"NET_INTEREST_INCOME_YOY":null,"FEE_COMMISSION_INCOME":null,"FEE_COMMISSION_INCOME_YOY":null,"ACCOUNTS_RECE_TDAYS":null,"INVENTORY_TDAYS":null,"CURRENT_ASSETS_TDAYS":0.085575398667,"TOTAL_ASSETS_TDAYS":0.0318024018,"PREMIUM_EXPENSE":null,"LOAN_DEPOSIT":null,"LOAN_EQUITY":null,"LOAN_ASSETS":null,"DEPOSIT_EQUITY":null,"DEPOSIT_ASSETS":null,"EQUITY_MULTIPLIER":8.933856705776,"EQUITY_RATIO":10.532849512671},{"SECUCODE":"01848.HK","SECURITY_CODE":"01848","SECURITY_NAME_ABBR":"中国飞机租赁","ORG_CODE":"10401491","STD_REPORT_DATE":"2021-12-31 00:00:00","REPORT_DATE":"2021-12-31 00:00:00","DATE_TYPE_CODE":"001","REPORT_TYPE":"2021年年报","PER_NETCASH_OPERATE":2.378390947161,"PER_OI":2.734494684428,"BPS":5.01796792721,"BASIC_EPS":0.5903072,"DILUTED_EPS":0.5903072,"OPERATE_INCOME":2044362196.8,"OPERATE_INCOME_YOY":0.5491018937,"GROSS_PROFIT":2044362196.8,"GROSS_PROFIT_YOY":-2.322910379403,"HOLDER_PROFIT":429877728,"HOLDER_PROFIT_YOY":57.351792496,"GROSS_PROFIT_RATIO":null,"EPS_TTM":0.57499515693,"OPERATE_INCOME_QOQ":7.646328765505,"NET_PROFIT_RATIO":25.0863546979,"ROE_AVG":12.42498320094,"GROSS_PROFIT_QOQ":7.646328765505,"ROA":1.090585082158,"HOLDER_PROFIT_QOQ":86.829829984917,"ROE_YEARLY":12.42498320094,"ROIC_YEARLY":1.25487573149,"TOTAL_ASSETS":40903807694.4,"TOTAL_LIABILITIES":35984100006.4,"TAX_EBT":24.625633557076,"OCF_SALES":86.977347614003,"TOTAL_PARENT_EQUITY":3736622500.8,"DEBT_ASSET_RATIO":87.9724945786,"OPERATE_PROFIT":1671787600,"PRETAX_PROFIT":680411625.6,"NETCASH_OPERATE":1778132014.4,"NETCASH_INVEST":-2732779761.6,"NETCASH_FINANCE":836026251.2,"END_CASH":3905175646.4,"DIVI_RATIO":0.426881160723,"DIVIDEND_RATE":7.826086956522,"CURRENT_RATIO":0.485220457348,"COMMON_ACS":10000000000,"CURRENTDEBT_DEBT":79.776443915213,"ISSUED_COMMON_SHARES":744648542,"HK_COMMON_SHARES":744648542,"PER_SHARES":500,"TOTAL_MARKET_CAP":2569037469.9,"HKSK_MARKET_CAP":2569037469.9,"PE_TTM":-62.406779135695,"PB_TTM":0.601410512966,"REPORT_DATE_SQ":"2020-12-31 00:00:00","REPORT_TYPE_SQ":"2020年年报","OPERATE_INCOME_SQ":2092980252.32,"DPS_HKD":0.27,"OPERATE_INCOME_QOQ_SQ":-8.136034147126,"NET_PROFIT_RATIO_SQ":10.7746619334,"HOLDER_PROFIT_SQ":281228114.52,"HOLDER_PROFIT_QOQ_SQ":-66.147935110405,"ROE_AVG_SQ":8.499390544176,"PE_TTM_SQ":6.617652149389,"PB_TTM_SQ":0.566109848005,"ROA_SQ":0.742178443648,"START_DATE":"2021-01-01 00:00:00","FISCAL_YEAR":"12-31","CURRENCY":"HKD","IS_CNY_CODE":0,"DPS_HKD_LY":0.35,"ORG_TYPE":"一般企业","PREMIUM_INCOME":null,"PREMIUM_INCOME_YOY":null,"NET_INTEREST_INCOME":null,"NET_INTEREST_INCOME_YOY":null,"FEE_COMMISSION_INCOME":null,"FEE_COMMISSION_INCOME_YOY":null,"ACCOUNTS_RECE_TDAYS":null,"INVENTORY_TDAYS":null,"CURRENT_ASSETS_TDAYS":0.139835923787,"TOTAL_ASSETS_TDAYS":0.051864769192,"PREMIUM_EXPENSE":null,"LOAN_DEPOSIT":null,"LOAN_EQUITY":null,"LOAN_ASSETS":null,"DEPOSIT_EQUITY":null,"DEPOSIT_ASSETS":null,"EQUITY_MULTIPLIER":8.314276027852,"EQUITY_RATIO":9.630113825706},{"SECUCODE":"01848.HK","SECURITY_CODE":"01848","SECURITY_NAME_ABBR":"中国飞机租赁","ORG_CODE":"10401491","STD_REPORT_DATE":"2021-06-30 00:00:00","REPORT_DATE":"2021-06-30 00:00:00","DATE_TYPE_CODE":"002","REPORT_TYPE":"2021年中报","PER_NETCASH_OPERATE":1.415411501852,"PER_OI":1.340586555848,"BPS":4.648046084431,"BASIC_EPS":0.35030568,"DILUTED_EPS":0.35030568,"OPERATE_INCOME":961851196.8,"OPERATE_INCOME_YOY":-8.6342080304,"GROSS_PROFIT":961851196.8,"GROSS_PROFIT_YOY":-16.772149038683,"HOLDER_PROFIT":251796560.88,"HOLDER_PROFIT_YOY":-8.7534412211,"GROSS_PROFIT_RATIO":null,"EPS_TTM":0.320690205771,"OPERATE_INCOME_QOQ":-9.261104637043,"NET_PROFIT_RATIO":30.5763175196,"ROE_AVG":7.51577703194,"GROSS_PROFIT_QOQ":-9.261104637043,"ROA":0.659160748313,"HOLDER_PROFIT_QOQ":-18.183670664393,"ROE_YEARLY":15.03155406388,"ROIC_YEARLY":1.498592032101,"TOTAL_ASSETS":37796849579.04,"TOTAL_LIABILITIES":33096638511.12,"TAX_EBT":22.193678195078,"OCF_SALES":105.581508010658,"TOTAL_PARENT_EQUITY":3461160739.92,"DEBT_ASSET_RATIO":87.5645427588,"OPERATE_PROFIT":858179021.28,"PRETAX_PROFIT":377988149.52,"NETCASH_OPERATE":1022091292.56,"NETCASH_INVEST":-444587832.72,"NETCASH_FINANCE":-2020753708.56,"END_CASH":2625699998.88,"DIVI_RATIO":0.765394750395,"DIVIDEND_RATE":7.826086956522,"CURRENT_RATIO":0.650396626635,"COMMON_ACS":10000000000,"CURRENTDEBT_DEBT":75.506125095344,"ISSUED_COMMON_SHARES":744648542,"HK_COMMON_SHARES":744648542,"PER_SHARES":500,"TOTAL_MARKET_CAP":2569037469.9,"HKSK_MARKET_CAP":2569037469.9,"PE_TTM":-62.406779135695,"PB_TTM":0.601410512966,"REPORT_DATE_SQ":"2020-06-30 00:00:00","REPORT_TYPE_SQ":"2020年中报","OPERATE_INCOME_SQ":1155684288,"DPS_HKD":0.27,"OPERATE_INCOME_QOQ_SQ":3.369492741081,"NET_PROFIT_RATIO_SQ":25.2138792286,"HOLDER_PROFIT_SQ":302934155.04,"HOLDER_PROFIT_QOQ_SQ":3.5048752215,"ROE_AVG_SQ":8.479740566336,"PE_TTM_SQ":6.617652149389,"PB_TTM_SQ":0.566109848005,"ROA_SQ":0.74492565849,"START_DATE":"2021-01-01 00:00:00","FISCAL_YEAR":"12-31","CURRENCY":"HKD","IS_CNY_CODE":0,"DPS_HKD_LY":0.35,"ORG_TYPE":"一般企业","PREMIUM_INCOME":null,"PREMIUM_INCOME_YOY":null,"NET_INTEREST_INCOME":null,"NET_INTEREST_INCOME_YOY":null,"FEE_COMMISSION_INCOME":null,"FEE_COMMISSION_INCOME_YOY":null,"ACCOUNTS_RECE_TDAYS":null,"INVENTORY_TDAYS":null,"CURRENT_ASSETS_TDAYS":0.060427554904,"TOTAL_ASSETS_TDAYS":0.025179635196,"PREMIUM_EXPENSE":null,"LOAN_DEPOSIT":null,"LOAN_EQUITY":null,"LOAN_ASSETS":null,"DEPOSIT_EQUITY":null,"DEPOSIT_ASSETS":null,"EQUITY_MULTIPLIER":8.041521759947,"EQUITY_RATIO":9.562294558988},{"SECUCODE":"01848.HK","SECURITY_CODE":"01848","SECURITY_NAME_ABBR":"中国飞机租赁","ORG_CODE":"10401491","STD_REPORT_DATE":"2020-12-31 00:00:00","REPORT_DATE":"2020-12-31 00:00:00","DATE_TYPE_CODE":"001","REPORT_TYPE":"2020年年报","PER_NETCASH_OPERATE":1.127218413451,"PER_OI":2.906897488412,"BPS":4.400111351215,"BASIC_EPS":0.40567048,"DILUTED_EPS":0.40567048,"OPERATE_INCOME":2092980252.32,"OPERATE_INCOME_YOY":1.067743514,"GROSS_PROFIT":2092980252.32,"GROSS_PROFIT_YOY":-5.040684486044,"HOLDER_PROFIT":281228114.52,"HOLDER_PROFIT_YOY":-62.7075458116,"GROSS_PROFIT_RATIO":null,"EPS_TTM":0.390591979481,"OPERATE_INCOME_QOQ":-8.136034147126,"NET_PROFIT_RATIO":10.7746619334,"ROE_AVG":8.499390544176,"GROSS_PROFIT_QOQ":-8.136034147126,"ROA":0.742178443648,"HOLDER_PROFIT_QOQ":-66.147935110405,"ROE_YEARLY":8.499390544176,"ROIC_YEARLY":0.842824620615,"TOTAL_ASSETS":39045799691.16,"TOTAL_LIABILITIES":34487671870,"TAX_EBT":38.119542449094,"OCF_SALES":38.777370648403,"TOTAL_PARENT_EQUITY":3276536502.32,"DEBT_ASSET_RATIO":88.3262019034,"OPERATE_PROFIT":798482384.08,"PRETAX_PROFIT":364430961.64,"NETCASH_OPERATE":829314182.2,"NETCASH_INVEST":-1163001717.92,"NETCASH_FINANCE":760908207.92,"END_CASH":4105147073.48,"DIVI_RATIO":0.628416897669,"DIVIDEND_RATE":7.826086956522,"CURRENT_RATIO":0.628492576275,"COMMON_ACS":10000000000,"CURRENTDEBT_DEBT":72.711835370057,"ISSUED_COMMON_SHARES":744648542,"HK_COMMON_SHARES":744648542,"PER_SHARES":500,"TOTAL_MARKET_CAP":2569037469.9,"HKSK_MARKET_CAP":2569037469.9,"PE_TTM":-62.406779135695,"PB_TTM":0.601410512966,"REPORT_DATE_SQ":"2019-12-31 00:00:00","REPORT_TYPE_SQ":"2019年年报","OPERATE_INCOME_SQ":2204081022.48,"DPS_HKD":0.27,"OPERATE_INCOME_QOQ_SQ":2.666196819152,"NET_PROFIT_RATIO_SQ":36.4154104261,"HOLDER_PROFIT_SQ":802625150.46,"HOLDER_PROFIT_QOQ_SQ":10.855448909227,"ROE_AVG_SQ":23.124035350077,"PE_TTM_SQ":6.617652149389,"PB_TTM_SQ":0.566109848005,"ROA_SQ":2.106307271393,"START_DATE":"2020-01-01 00:00:00","FISCAL_YEAR":"12-31","CURRENCY":"HKD","IS_CNY_CODE":0,"DPS_HKD_LY":0.68,"ORG_TYPE":"一般企业","PREMIUM_INCOME":null,"PREMIUM_INCOME_YOY":null,"NET_INTEREST_INCOME":null,"NET_INTEREST_INCOME_YOY":null,"FEE_COMMISSION_INCOME":null,"FEE_COMMISSION_INCOME_YOY":null,"ACCOUNTS_RECE_TDAYS":null,"INVENTORY_TDAYS":null,"CURRENT_ASSETS_TDAYS":0.150237692727,"TOTAL_ASSETS_TDAYS":0.055235047495,"PREMIUM_EXPENSE":null,"LOAN_DEPOSIT":null,"LOAN_EQUITY":null,"LOAN_ASSETS":null,"DEPOSIT_EQUITY":null,"DEPOSIT_ASSETS":null,"EQUITY_MULTIPLIER":8.566192354237,"EQUITY_RATIO":10.525648606564},{"SECUCODE":"01848.HK","SECURITY_CODE":"01848","SECURITY_NAME_ABBR":"中国飞机租赁","ORG_CODE":"10401491","STD_REPORT_DATE":"2020-06-30 00:00:00","REPORT_DATE":"2020-06-30 00:00:00","DATE_TYPE_CODE":"002","REPORT_TYPE":"2020年中报","PER_NETCASH_OPERATE":1.029965829727,"PER_OI":1.637014644888,"BPS":4.725446034218,"BASIC_EPS":0.44849904,"DILUTED_EPS":0.44849904,"OPERATE_INCOME":1155684288,"OPERATE_INCOME_YOY":2.9154217767,"GROSS_PROFIT":1155684288,"GROSS_PROFIT_YOY":6.86749751918,"HOLDER_PROFIT":302934155.04,"HOLDER_PROFIT_YOY":6.1601103724,"GROSS_PROFIT_RATIO":null,"EPS_TTM":1.176757368044,"OPERATE_INCOME_QOQ":3.369492741081,"NET_PROFIT_RATIO":25.2138792286,"ROE_AVG":8.479740566336,"GROSS_PROFIT_QOQ":3.369492741081,"ROA":0.74492565849,"HOLDER_PROFIT_QOQ":3.5048752215,"ROE_YEARLY":16.959481132673,"ROIC_YEARLY":1.631853643777,"TOTAL_ASSETS":41459855041.44,"TOTAL_LIABILITIES":37912178309.28,"TAX_EBT":20.044212964123,"OCF_SALES":62.917325324059,"TOTAL_PARENT_EQUITY":3518796499.68,"DEBT_ASSET_RATIO":91.4431038685,"OPERATE_PROFIT":336874845.12,"PRETAX_PROFIT":364442464.32,"NETCASH_OPERATE":727125643.2,"NETCASH_INVEST":-1996739648.64,"NETCASH_FINANCE":393974892.96,"END_CASH":3073024991.52,"DIVI_RATIO":0.208585564591,"DIVIDEND_RATE":7.826086956522,"CURRENT_RATIO":0.472057689171,"COMMON_ACS":10000000000,"CURRENTDEBT_DEBT":73.461700379645,"ISSUED_COMMON_SHARES":744648542,"HK_COMMON_SHARES":744648542,"PER_SHARES":500,"TOTAL_MARKET_CAP":2569037469.9,"HKSK_MARKET_CAP":2569037469.9,"PE_TTM":-62.406779135695,"PB_TTM":0.601410512966,"REPORT_DATE_SQ":"2019-06-30 00:00:00","REPORT_TYPE_SQ":"2019年中报","OPERATE_INCOME_SQ":1081417937.94,"DPS_HKD":0.27,"OPERATE_INCOME_QOQ_SQ":4.970829367279,"NET_PROFIT_RATIO_SQ":25.4113729187,"HOLDER_PROFIT_SQ":274803145.02,"HOLDER_PROFIT_QOQ_SQ":2.152889479592,"ROE_AVG_SQ":8.502514307986,"PE_TTM_SQ":6.617652149389,"PB_TTM_SQ":0.566109848005,"ROA_SQ":0.737929307016,"START_DATE":"2020-01-01 00:00:00","FISCAL_YEAR":"12-31","CURRENCY":"HKD","IS_CNY_CODE":0,"DPS_HKD_LY":0.68,"ORG_TYPE":"一般企业","PREMIUM_INCOME":null,"PREMIUM_INCOME_YOY":null,"NET_INTEREST_INCOME":null,"NET_INTEREST_INCOME_YOY":null,"FEE_COMMISSION_INCOME":null,"FEE_COMMISSION_INCOME_YOY":null,"ACCOUNTS_RECE_TDAYS":null,"INVENTORY_TDAYS":null,"CURRENT_ASSETS_TDAYS":0.087946840959,"TOTAL_ASSETS_TDAYS":0.028418679932,"PREMIUM_EXPENSE":null,"LOAN_DEPOSIT":null,"LOAN_EQUITY":null,"LOAN_ASSETS":null,"DEPOSIT_EQUITY":null,"DEPOSIT_ASSETS":null,"EQUITY_MULTIPLIER":11.686480525558,"EQUITY_RATIO":10.774188934406}],"count":25},"success":true,"message":"ok","code":0}