{"version":"e7d93caddfc66afff082de353fed7bac","result":{"pages":2,"data":[{"SECUCODE":"01843.HK","SECURITY_CODE":"01843","SECURITY_NAME_ABBR":"快餐帝国","ORG_CODE":"10980382","STD_REPORT_DATE":"2024-06-30 00:00:00","REPORT_DATE":"2024-09-30 00:00:00","DATE_TYPE_CODE":"002","REPORT_TYPE":"2024年中报","PER_NETCASH_OPERATE":0.00576043775,"PER_OI":0.09929571675,"BPS":0.17104805775,"BASIC_EPS":0.00437848,"DILUTED_EPS":0.00437848,"OPERATE_INCOME":79436573.4,"OPERATE_INCOME_YOY":17.3132880698,"GROSS_PROFIT":50423670.3,"GROSS_PROFIT_YOY":26.104069429237,"HOLDER_PROFIT":1132931.7,"HOLDER_PROFIT_YOY":-53.4831460674,"GROSS_PROFIT_RATIO":63.476643241009,"EPS_TTM":0.001187145,"OPERATE_INCOME_QOQ":0,"NET_PROFIT_RATIO":1.4262091773,"ROE_AVG":0.838990779208,"GROSS_PROFIT_QOQ":0,"ROA":0.605174682064,"HOLDER_PROFIT_QOQ":0,"ROE_YEARLY":1.677981558415,"ROIC_YEARLY":3.340056474385,"TOTAL_ASSETS":188761745.9,"TOTAL_LIABILITIES":51923299.7,"TAX_EBT":51.179245283019,"OCF_SALES":5.801295301089,"TOTAL_PARENT_EQUITY":136838446.2,"DEBT_ASSET_RATIO":27.5073211749,"OPERATE_PROFIT":2101670.4,"PRETAX_PROFIT":2320594.4,"NETCASH_OPERATE":4608350.2,"NETCASH_INVEST":-3387848.9,"NETCASH_FINANCE":-7410577.4,"END_CASH":117595026.6,"DIVI_RATIO":null,"DIVIDEND_RATE":null,"CURRENT_RATIO":4.773496240602,"COMMON_ACS":10000000000,"CURRENTDEBT_DEBT":56.076736586908,"ISSUED_COMMON_SHARES":800000000,"HK_COMMON_SHARES":800000000,"PER_SHARES":4000,"TOTAL_MARKET_CAP":100000000,"HKSK_MARKET_CAP":100000000,"PE_TTM":-405.13429528353,"PB_TTM":0.659018006792,"REPORT_DATE_SQ":"2023-06-30 00:00:00","REPORT_TYPE_SQ":"2023年中报","OPERATE_INCOME_SQ":65075482.8,"DPS_HKD":null,"OPERATE_INCOME_QOQ_SQ":0,"NET_PROFIT_RATIO_SQ":3.5968315551,"HOLDER_PROFIT_SQ":2340655.5,"HOLDER_PROFIT_QOQ_SQ":0,"ROE_AVG_SQ":1.808318264014,"PE_TTM_SQ":36.960190618666,"PB_TTM_SQ":0.959683117966,"ROA_SQ":1.339151369245,"START_DATE":"2024-04-01 00:00:00","FISCAL_YEAR":"3-31","CURRENCY":"HKD","IS_CNY_CODE":0,"DPS_HKD_LY":null,"ORG_TYPE":"一般企业","PREMIUM_INCOME":null,"PREMIUM_INCOME_YOY":null,"NET_INTEREST_INCOME":null,"NET_INTEREST_INCOME_YOY":null,"FEE_COMMISSION_INCOME":null,"FEE_COMMISSION_INCOME_YOY":null,"ACCOUNTS_RECE_TDAYS":6.491055456172,"INVENTORY_TDAYS":3.907851087357,"CURRENT_ASSETS_TDAYS":0.567318779682,"TOTAL_ASSETS_TDAYS":0.42432392925,"PREMIUM_EXPENSE":null,"LOAN_DEPOSIT":null,"LOAN_EQUITY":null,"LOAN_ASSETS":null,"DEPOSIT_EQUITY":null,"DEPOSIT_ASSETS":null,"EQUITY_MULTIPLIER":1.379449644029,"EQUITY_RATIO":0.379449644028},{"SECUCODE":"01843.HK","SECURITY_CODE":"01843","SECURITY_NAME_ABBR":"快餐帝国","ORG_CODE":"10980382","STD_REPORT_DATE":"2023-12-31 00:00:00","REPORT_DATE":"2024-03-31 00:00:00","DATE_TYPE_CODE":"001","REPORT_TYPE":"2023年年报","PER_NETCASH_OPERATE":0.014192978,"PER_OI":0.16593649,"BPS":0.16054817075,"BASIC_EPS":0,"DILUTED_EPS":0,"OPERATE_INCOME":132749192,"OPERATE_INCOME_YOY":-4.7150160954,"GROSS_PROFIT":82324548.6,"GROSS_PROFIT_YOY":-1.308935881398,"HOLDER_PROFIT":949716,"HOLDER_PROFIT_YOY":-90.2333152469,"GROSS_PROFIT_RATIO":62.015103338633,"EPS_TTM":0.00380664075,"OPERATE_INCOME_QOQ":0,"NET_PROFIT_RATIO":0.7154213037,"ROE_AVG":0.73714601634,"GROSS_PROFIT_QOQ":0,"ROA":0.538720538721,"HOLDER_PROFIT_QOQ":0,"ROE_YEARLY":0.73714601634,"ROIC_YEARLY":1.698273422021,"TOTAL_ASSETS":178973980.2,"TOTAL_LIABILITIES":50535443.6,"TAX_EBT":20.353982300885,"OCF_SALES":8.553259141494,"TOTAL_PARENT_EQUITY":128438536.6,"DEBT_ASSET_RATIO":28.2361958669,"OPERATE_PROFIT":543448.6,"PRETAX_PROFIT":1192421.2,"NETCASH_OPERATE":11354382.4,"NETCASH_INVEST":-4859380.2,"NETCASH_FINANCE":-12747299.2,"END_CASH":116783410.8,"DIVI_RATIO":null,"DIVIDEND_RATE":null,"CURRENT_RATIO":4.795682917752,"COMMON_ACS":10000000000,"CURRENTDEBT_DEBT":56.107746920025,"ISSUED_COMMON_SHARES":800000000,"HK_COMMON_SHARES":800000000,"PER_SHARES":4000,"TOTAL_MARKET_CAP":104000000,"HKSK_MARKET_CAP":104000000,"PE_TTM":-421.339667094871,"PB_TTM":0.685378727064,"REPORT_DATE_SQ":"2022-12-31 00:00:00","REPORT_TYPE_SQ":"2022年年报","OPERATE_INCOME_SQ":136672280,"DPS_HKD":null,"OPERATE_INCOME_QOQ_SQ":0,"NET_PROFIT_RATIO_SQ":6.9797386859,"HOLDER_PROFIT_SQ":9539368,"HOLDER_PROFIT_QOQ_SQ":0,"ROE_AVG_SQ":6.905725419664,"PE_TTM_SQ":36.960190618666,"PB_TTM_SQ":0.959683117966,"ROA_SQ":5.263157894737,"START_DATE":"2023-04-01 00:00:00","FISCAL_YEAR":"3-31","CURRENCY":"HKD","IS_CNY_CODE":0,"DPS_HKD_LY":0.00097,"ORG_TYPE":"一般企业","PREMIUM_INCOME":null,"PREMIUM_INCOME_YOY":null,"NET_INTEREST_INCOME":null,"NET_INTEREST_INCOME_YOY":null,"FEE_COMMISSION_INCOME":null,"FEE_COMMISSION_INCOME_YOY":null,"ACCOUNTS_RECE_TDAYS":13.097345132743,"INVENTORY_TDAYS":6.694921190893,"CURRENT_ASSETS_TDAYS":0.958056470499,"TOTAL_ASSETS_TDAYS":0.753011597456,"PREMIUM_EXPENSE":null,"LOAN_DEPOSIT":null,"LOAN_EQUITY":null,"LOAN_ASSETS":null,"DEPOSIT_EQUITY":null,"DEPOSIT_ASSETS":null,"EQUITY_MULTIPLIER":1.393460132277,"EQUITY_RATIO":0.393460132276},{"SECUCODE":"01843.HK","SECURITY_CODE":"01843","SECURITY_NAME_ABBR":"快餐帝国","ORG_CODE":"10980382","STD_REPORT_DATE":"2023-06-30 00:00:00","REPORT_DATE":"2023-09-30 00:00:00","DATE_TYPE_CODE":"002","REPORT_TYPE":"2023年中报","PER_NETCASH_OPERATE":0.011538905625,"PER_OI":0.0813443535,"BPS":0.162550634625,"BASIC_EPS":0.00210396,"DILUTED_EPS":0.00210396,"OPERATE_INCOME":65075482.8,"OPERATE_INCOME_YOY":-10.639219935,"GROSS_PROFIT":39985759.8,"GROSS_PROFIT_YOY":-3.634393817823,"HOLDER_PROFIT":2340655.5,"HOLDER_PROFIT_YOY":-74.9577940349,"GROSS_PROFIT_RATIO":61.445198836082,"EPS_TTM":0.01192421,"OPERATE_INCOME_QOQ":0,"NET_PROFIT_RATIO":3.5968315551,"ROE_AVG":1.808318264014,"GROSS_PROFIT_QOQ":0,"ROA":1.339151369245,"HOLDER_PROFIT_QOQ":0,"ROE_YEARLY":3.616636528029,"ROIC_YEARLY":9.284857336602,"TOTAL_ASSETS":176501204.4,"TOTAL_LIABILITIES":46460696.7,"TAX_EBT":30.793157076205,"OCF_SALES":14.185257032008,"TOTAL_PARENT_EQUITY":130040507.7,"DEBT_ASSET_RATIO":26.3231612826,"OPERATE_PROFIT":3066521.7,"PRETAX_PROFIT":3382115.7,"NETCASH_OPERATE":9231124.5,"NETCASH_INVEST":-836324.1,"NETCASH_FINANCE":-6043625.1,"END_CASH":125164580.4,"DIVI_RATIO":null,"DIVIDEND_RATE":null,"CURRENT_RATIO":6.052394872948,"COMMON_ACS":10000000000,"CURRENTDEBT_DEBT":50.345296048908,"ISSUED_COMMON_SHARES":800000000,"HK_COMMON_SHARES":800000000,"PER_SHARES":4000,"TOTAL_MARKET_CAP":104000000,"HKSK_MARKET_CAP":104000000,"PE_TTM":-421.339667094871,"PB_TTM":0.685378727064,"REPORT_DATE_SQ":"2022-06-30 00:00:00","REPORT_TYPE_SQ":"2022年中报","OPERATE_INCOME_SQ":68833186.5,"DPS_HKD":null,"OPERATE_INCOME_QOQ_SQ":0,"NET_PROFIT_RATIO_SQ":12.8349584688,"HOLDER_PROFIT_SQ":8834710.9,"HOLDER_PROFIT_QOQ_SQ":0,"ROE_AVG_SQ":6.529487415028,"PE_TTM_SQ":36.960190618666,"PB_TTM_SQ":0.959683117966,"ROA_SQ":5.052960830312,"START_DATE":"2023-04-01 00:00:00","FISCAL_YEAR":"3-31","CURRENCY":"HKD","IS_CNY_CODE":0,"DPS_HKD_LY":0.00097,"ORG_TYPE":"一般企业","PREMIUM_INCOME":null,"PREMIUM_INCOME_YOY":null,"NET_INTEREST_INCOME":null,"NET_INTEREST_INCOME_YOY":null,"FEE_COMMISSION_INCOME":null,"FEE_COMMISSION_INCOME_YOY":null,"ACCOUNTS_RECE_TDAYS":6.873333333333,"INVENTORY_TDAYS":3.435361901332,"CURRENT_ASSETS_TDAYS":0.461074050609,"TOTAL_ASSETS_TDAYS":0.372314173939,"PREMIUM_EXPENSE":null,"LOAN_DEPOSIT":null,"LOAN_EQUITY":null,"LOAN_ASSETS":null,"DEPOSIT_EQUITY":null,"DEPOSIT_ASSETS":null,"EQUITY_MULTIPLIER":1.357278647413,"EQUITY_RATIO":0.357278647413},{"SECUCODE":"01843.HK","SECURITY_CODE":"01843","SECURITY_NAME_ABBR":"快餐帝国","ORG_CODE":"10980382","STD_REPORT_DATE":"2022-12-31 00:00:00","REPORT_DATE":"2023-03-31 00:00:00","DATE_TYPE_CODE":"001","REPORT_TYPE":"2022年年报","PER_NETCASH_OPERATE":0.02195271,"PER_OI":0.17084035,"BPS":0.15847618,"BASIC_EPS":0.010352,"DILUTED_EPS":0.010352,"OPERATE_INCOME":136672280,"OPERATE_INCOME_YOY":9.7875348218,"GROSS_PROFIT":83416416,"GROSS_PROFIT_YOY":18.020511493615,"HOLDER_PROFIT":9539368,"HOLDER_PROFIT_YOY":-34.8302687412,"GROSS_PROFIT_RATIO":61.033895095626,"EPS_TTM":0.017541820625,"OPERATE_INCOME_QOQ":0,"NET_PROFIT_RATIO":6.9797386859,"ROE_AVG":6.905725419664,"GROSS_PROFIT_QOQ":0,"ROA":5.263157894737,"HOLDER_PROFIT_QOQ":0,"ROE_YEARLY":6.905725419664,"ROIC_YEARLY":20.354519852007,"TOTAL_ASSETS":170311104,"TOTAL_LIABILITIES":43530160,"TAX_EBT":22.822445561139,"OCF_SALES":12.849839045635,"TOTAL_PARENT_EQUITY":126780944,"DEBT_ASSET_RATIO":25.5592025286,"OPERATE_PROFIT":12199832,"PRETAX_PROFIT":12360288,"NETCASH_OPERATE":17562168,"NETCASH_INVEST":-574536,"NETCASH_FINANCE":-41671976,"END_CASH":121599768,"DIVI_RATIO":null,"DIVIDEND_RATE":null,"CURRENT_RATIO":5.685653560043,"COMMON_ACS":10000000000,"CURRENTDEBT_DEBT":55.945303210464,"ISSUED_COMMON_SHARES":800000000,"HK_COMMON_SHARES":800000000,"PER_SHARES":4000,"TOTAL_MARKET_CAP":104000000,"HKSK_MARKET_CAP":104000000,"PE_TTM":-421.339667094871,"PB_TTM":0.685378727064,"REPORT_DATE_SQ":"2021-12-31 00:00:00","REPORT_TYPE_SQ":"2021年年报","OPERATE_INCOME_SQ":112876153.2,"DPS_HKD":null,"OPERATE_INCOME_QOQ_SQ":0,"NET_PROFIT_RATIO_SQ":11.7583468463,"HOLDER_PROFIT_SQ":13272369.6,"HOLDER_PROFIT_QOQ_SQ":0,"ROE_AVG_SQ":10.293180949608,"PE_TTM_SQ":36.960190618666,"PB_TTM_SQ":0.959683117966,"ROA_SQ":7.927119831815,"START_DATE":"2022-04-01 00:00:00","FISCAL_YEAR":"3-31","CURRENCY":"HKD","IS_CNY_CODE":0,"DPS_HKD_LY":0.04348,"ORG_TYPE":"一般企业","PREMIUM_INCOME":null,"PREMIUM_INCOME_YOY":null,"NET_INTEREST_INCOME":null,"NET_INTEREST_INCOME_YOY":null,"FEE_COMMISSION_INCOME":null,"FEE_COMMISSION_INCOME_YOY":null,"ACCOUNTS_RECE_TDAYS":17.090614886731,"INVENTORY_TDAYS":6.825207296849,"CURRENT_ASSETS_TDAYS":0.910046527658,"TOTAL_ASSETS_TDAYS":0.754062312591,"PREMIUM_EXPENSE":null,"LOAN_DEPOSIT":null,"LOAN_EQUITY":null,"LOAN_ASSETS":null,"DEPOSIT_EQUITY":null,"DEPOSIT_ASSETS":null,"EQUITY_MULTIPLIER":1.343349391688,"EQUITY_RATIO":0.343349391688},{"SECUCODE":"01843.HK","SECURITY_CODE":"01843","SECURITY_NAME_ABBR":"快餐帝国","ORG_CODE":"10980382","STD_REPORT_DATE":"2022-06-30 00:00:00","REPORT_DATE":"2022-09-30 00:00:00","DATE_TYPE_CODE":"002","REPORT_TYPE":"2022年中报","PER_NETCASH_OPERATE":0.011764285125,"PER_OI":0.086041483125,"BPS":0.1587712395,"BASIC_EPS":0.01044057,"DILUTED_EPS":0.01044057,"OPERATE_INCOME":68833186.5,"OPERATE_INCOME_YOY":17.4200661521,"GROSS_PROFIT":41493808.2,"GROSS_PROFIT_YOY":14.532346044895,"HOLDER_PROFIT":8834710.9,"HOLDER_PROFIT_YOY":4.8377581121,"GROSS_PROFIT_RATIO":60.281690140845,"EPS_TTM":0.016590462,"OPERATE_INCOME_QOQ":0,"NET_PROFIT_RATIO":12.8349584688,"ROE_AVG":6.529487415028,"GROSS_PROFIT_QOQ":0,"ROA":5.052960830312,"HOLDER_PROFIT_QOQ":0,"ROE_YEARLY":13.058974830057,"ROIC_YEARLY":39.928097966521,"TOTAL_ASSETS":165085298.5,"TOTAL_LIABILITIES":38068306.9,"TAX_EBT":17.997231195201,"OCF_SALES":13.672806067172,"TOTAL_PARENT_EQUITY":127016991.6,"DEBT_ASSET_RATIO":23.0597801536,"OPERATE_PROFIT":10888023,"PRETAX_PROFIT":10773673.9,"NETCASH_OPERATE":9411428.1,"NETCASH_INVEST":-735811.6,"NETCASH_FINANCE":-29720822.6,"END_CASH":119822941.7,"DIVI_RATIO":null,"DIVIDEND_RATE":null,"CURRENT_RATIO":6.616682738669,"COMMON_ACS":10000000000,"CURRENTDEBT_DEBT":54.17265247486,"ISSUED_COMMON_SHARES":800000000,"HK_COMMON_SHARES":800000000,"PER_SHARES":4000,"TOTAL_MARKET_CAP":104000000,"HKSK_MARKET_CAP":104000000,"PE_TTM":-421.339667094871,"PB_TTM":0.685378727064,"REPORT_DATE_SQ":"2021-06-30 00:00:00","REPORT_TYPE_SQ":"2021年中报","OPERATE_INCOME_SQ":56162891.2,"DPS_HKD":null,"OPERATE_INCOME_QOQ_SQ":0,"NET_PROFIT_RATIO_SQ":14.3753710457,"HOLDER_PROFIT_SQ":8073624,"HOLDER_PROFIT_QOQ_SQ":0,"ROE_AVG_SQ":6.296667781121,"PE_TTM_SQ":36.960190618666,"PB_TTM_SQ":0.959683117966,"ROA_SQ":4.796332715517,"START_DATE":"2022-04-01 00:00:00","FISCAL_YEAR":"3-31","CURRENCY":"HKD","IS_CNY_CODE":0,"DPS_HKD_LY":0.04348,"ORG_TYPE":"一般企业","PREMIUM_INCOME":null,"PREMIUM_INCOME_YOY":null,"NET_INTEREST_INCOME":null,"NET_INTEREST_INCOME_YOY":null,"FEE_COMMISSION_INCOME":null,"FEE_COMMISSION_INCOME_YOY":null,"ACCOUNTS_RECE_TDAYS":null,"INVENTORY_TDAYS":3.658682634731,"CURRENT_ASSETS_TDAYS":0.471519795658,"TOTAL_ASSETS_TDAYS":0.39368735338,"PREMIUM_EXPENSE":null,"LOAN_DEPOSIT":null,"LOAN_EQUITY":null,"LOAN_ASSETS":null,"DEPOSIT_EQUITY":null,"DEPOSIT_ASSETS":null,"EQUITY_MULTIPLIER":1.299710349147,"EQUITY_RATIO":0.299710349147},{"SECUCODE":"01843.HK","SECURITY_CODE":"01843","SECURITY_NAME_ABBR":"快餐帝国","ORG_CODE":"10980382","STD_REPORT_DATE":"2021-12-31 00:00:00","REPORT_DATE":"2022-03-31 00:00:00","DATE_TYPE_CODE":"001","REPORT_TYPE":"2021年年报","PER_NETCASH_OPERATE":0.0304178025,"PER_OI":0.1410951915,"BPS":0.169436253,"BASIC_EPS":0.0187728,"DILUTED_EPS":0.0187728,"OPERATE_INCOME":112876153.2,"OPERATE_INCOME_YOY":12.1206470561,"GROSS_PROFIT":70679592,"GROSS_PROFIT_YOY":10.22151171042,"HOLDER_PROFIT":13272369.6,"HOLDER_PROFIT_YOY":172.4470134875,"GROSS_PROFIT_RATIO":62.616939004615,"EPS_TTM":0.008755252,"OPERATE_INCOME_QOQ":0,"NET_PROFIT_RATIO":11.7583468463,"ROE_AVG":10.293180949608,"GROSS_PROFIT_QOQ":0,"ROA":7.927119831815,"HOLDER_PROFIT_QOQ":0,"ROE_YEARLY":10.293180949608,"ROIC_YEARLY":32.264689104393,"TOTAL_ASSETS":174258516,"TOTAL_LIABILITIES":38709513.6,"TAX_EBT":19.59056013648,"OCF_SALES":21.558355161948,"TOTAL_PARENT_EQUITY":135549002.4,"DEBT_ASSET_RATIO":22.2138432534,"OPERATE_PROFIT":17031622.8,"PRETAX_PROFIT":16505984.4,"NETCASH_OPERATE":24334242,"NETCASH_INVEST":-1135754.4,"NETCASH_FINANCE":-8860761.6,"END_CASH":133437062.4,"DIVI_RATIO":null,"DIVIDEND_RATE":null,"CURRENT_RATIO":6.607308829742,"COMMON_ACS":10000000000,"CURRENTDEBT_DEBT":57.395732298739,"ISSUED_COMMON_SHARES":800000000,"HK_COMMON_SHARES":800000000,"PER_SHARES":4000,"TOTAL_MARKET_CAP":104000000,"HKSK_MARKET_CAP":104000000,"PE_TTM":-421.339667094871,"PB_TTM":0.685378727064,"REPORT_DATE_SQ":"2020-12-31 00:00:00","REPORT_TYPE_SQ":"2020年年报","OPERATE_INCOME_SQ":104612236.8,"DPS_HKD":null,"OPERATE_INCOME_QOQ_SQ":0,"NET_PROFIT_RATIO_SQ":4.8389352478,"HOLDER_PROFIT_SQ":5062118.4,"HOLDER_PROFIT_QOQ_SQ":0,"ROE_AVG_SQ":4.060000391137,"PE_TTM_SQ":36.960190618666,"PB_TTM_SQ":0.959683117966,"ROA_SQ":3.09177017246,"START_DATE":"2021-04-01 00:00:00","FISCAL_YEAR":"3-31","CURRENCY":"HKD","IS_CNY_CODE":0,"DPS_HKD_LY":null,"ORG_TYPE":"一般企业","PREMIUM_INCOME":null,"PREMIUM_INCOME_YOY":null,"NET_INTEREST_INCOME":null,"NET_INTEREST_INCOME_YOY":null,"FEE_COMMISSION_INCOME":null,"FEE_COMMISSION_INCOME_YOY":null,"ACCOUNTS_RECE_TDAYS":17.352813852814,"INVENTORY_TDAYS":6.606171932403,"CURRENT_ASSETS_TDAYS":0.805310475298,"TOTAL_ASSETS_TDAYS":0.674169586545,"PREMIUM_EXPENSE":null,"LOAN_DEPOSIT":null,"LOAN_EQUITY":null,"LOAN_ASSETS":null,"DEPOSIT_EQUITY":null,"DEPOSIT_ASSETS":null,"EQUITY_MULTIPLIER":1.28557579115,"EQUITY_RATIO":0.28557579115},{"SECUCODE":"01843.HK","SECURITY_CODE":"01843","SECURITY_NAME_ABBR":"快餐帝国","ORG_CODE":"10980382","STD_REPORT_DATE":"2021-06-30 00:00:00","REPORT_DATE":"2021-09-30 00:00:00","DATE_TYPE_CODE":"002","REPORT_TYPE":"2021年中报","PER_NETCASH_OPERATE":0.016397316,"PER_OI":0.070203614,"BPS":0.165348534,"BASIC_EPS":0.01000272,"DILUTED_EPS":0.01000272,"OPERATE_INCOME":56162891.2,"OPERATE_INCOME_YOY":9.2973674453,"GROSS_PROFIT":36228899.2,"GROSS_PROFIT_YOY":5.19379649588,"HOLDER_PROFIT":8073624,"HOLDER_PROFIT_YOY":37.5811688312,"GROSS_PROFIT_RATIO":64.506827241116,"EPS_TTM":0.006327648,"OPERATE_INCOME_QOQ":0,"NET_PROFIT_RATIO":14.3753710457,"ROE_AVG":6.296667781121,"GROSS_PROFIT_QOQ":0,"ROA":4.796332715517,"HOLDER_PROFIT_QOQ":0,"ROE_YEARLY":12.593335562242,"ROIC_YEARLY":37.369784489886,"TOTAL_ASSETS":173661508.8,"TOTAL_LIABILITIES":41382681.6,"TAX_EBT":25.033171163202,"OCF_SALES":23.356797557459,"TOTAL_PARENT_EQUITY":132278827.2,"DEBT_ASSET_RATIO":23.8295071176,"OPERATE_PROFIT":11012518.4,"PRETAX_PROFIT":10769595.2,"NETCASH_OPERATE":13117852.8,"NETCASH_INVEST":-471556.8,"NETCASH_FINANCE":-4305932.8,"END_CASH":129311353.6,"DIVI_RATIO":null,"DIVIDEND_RATE":null,"CURRENT_RATIO":6.588401390096,"COMMON_ACS":10000000000,"CURRENTDEBT_DEBT":52.992633517495,"ISSUED_COMMON_SHARES":800000000,"HK_COMMON_SHARES":800000000,"PER_SHARES":4000,"TOTAL_MARKET_CAP":104000000,"HKSK_MARKET_CAP":104000000,"PE_TTM":-421.339667094871,"PB_TTM":0.685378727064,"REPORT_DATE_SQ":"2020-06-30 00:00:00","REPORT_TYPE_SQ":"2020年中报","OPERATE_INCOME_SQ":53690797.2,"DPS_HKD":null,"OPERATE_INCOME_QOQ_SQ":0,"NET_PROFIT_RATIO_SQ":11.4200964034,"HOLDER_PROFIT_SQ":6131540.8,"HOLDER_PROFIT_QOQ_SQ":0,"ROE_AVG_SQ":4.797507788162,"PE_TTM_SQ":36.960190618666,"PB_TTM_SQ":0.959683117966,"ROA_SQ":3.653401340371,"START_DATE":"2021-04-01 00:00:00","FISCAL_YEAR":"3-31","CURRENCY":"HKD","IS_CNY_CODE":0,"DPS_HKD_LY":null,"ORG_TYPE":"一般企业","PREMIUM_INCOME":null,"PREMIUM_INCOME_YOY":null,"NET_INTEREST_INCOME":null,"NET_INTEREST_INCOME_YOY":null,"FEE_COMMISSION_INCOME":null,"FEE_COMMISSION_INCOME_YOY":null,"ACCOUNTS_RECE_TDAYS":5.961071789687,"INVENTORY_TDAYS":3.391410048622,"CURRENT_ASSETS_TDAYS":0.401156757676,"TOTAL_ASSETS_TDAYS":0.333649315921,"PREMIUM_EXPENSE":null,"LOAN_DEPOSIT":null,"LOAN_EQUITY":null,"LOAN_ASSETS":null,"DEPOSIT_EQUITY":null,"DEPOSIT_ASSETS":null,"EQUITY_MULTIPLIER":1.312844334018,"EQUITY_RATIO":0.312844334018},{"SECUCODE":"01843.HK","SECURITY_CODE":"01843","SECURITY_NAME_ABBR":"快餐帝国","ORG_CODE":"10980382","STD_REPORT_DATE":"2020-12-31 00:00:00","REPORT_DATE":"2021-03-31 00:00:00","DATE_TYPE_CODE":"001","REPORT_TYPE":"2020年年报","PER_NETCASH_OPERATE":0.03617976,"PER_OI":0.130765296,"BPS":0.158904432,"BASIC_EPS":0.0048768,"DILUTED_EPS":0.0048768,"OPERATE_INCOME":104612236.8,"OPERATE_INCOME_YOY":-11.5860192894,"GROSS_PROFIT":64125043.2,"GROSS_PROFIT_YOY":-16.111392441733,"HOLDER_PROFIT":5062118.4,"HOLDER_PROFIT_YOY":-70.8181051448,"GROSS_PROFIT_RATIO":61.297841592467,"EPS_TTM":0.017216662,"OPERATE_INCOME_QOQ":0,"NET_PROFIT_RATIO":4.8389352478,"ROE_AVG":4.060000391137,"GROSS_PROFIT_QOQ":0,"ROA":3.09177017246,"HOLDER_PROFIT_QOQ":0,"ROE_YEARLY":4.060000391137,"ROIC_YEARLY":10.275193031083,"TOTAL_ASSETS":166884096,"TOTAL_LIABILITIES":39760550.4,"TAX_EBT":42.556723851688,"OCF_SALES":27.66770779917,"TOTAL_PARENT_EQUITY":127123545.6,"DEBT_ASSET_RATIO":23.8252483928,"OPERATE_PROFIT":9104985.6,"PRETAX_PROFIT":8812377.6,"NETCASH_OPERATE":28943808,"NETCASH_INVEST":-999744,"NETCASH_FINANCE":-9065971.2,"END_CASH":123812198.4,"DIVI_RATIO":null,"DIVIDEND_RATE":null,"CURRENT_RATIO":6.593742757822,"COMMON_ACS":10000000000,"CURRENTDEBT_DEBT":52.925303569238,"ISSUED_COMMON_SHARES":800000000,"HK_COMMON_SHARES":800000000,"PER_SHARES":4000,"TOTAL_MARKET_CAP":104000000,"HKSK_MARKET_CAP":104000000,"PE_TTM":-421.339667094871,"PB_TTM":0.685378727064,"REPORT_DATE_SQ":"2019-12-31 00:00:00","REPORT_TYPE_SQ":"2019年年报","OPERATE_INCOME_SQ":120640368.8,"DPS_HKD":null,"OPERATE_INCOME_QOQ_SQ":0,"NET_PROFIT_RATIO_SQ":14.660786415,"HOLDER_PROFIT_SQ":17686826.8,"HOLDER_PROFIT_QOQ_SQ":0,"ROE_AVG_SQ":24.450096233159,"PE_TTM_SQ":36.960190618666,"PB_TTM_SQ":0.959683117966,"ROA_SQ":15.559930008749,"START_DATE":"2020-04-01 00:00:00","FISCAL_YEAR":"3-31","CURRENCY":"HKD","IS_CNY_CODE":0,"DPS_HKD_LY":null,"ORG_TYPE":"一般企业","PREMIUM_INCOME":null,"PREMIUM_INCOME_YOY":null,"NET_INTEREST_INCOME":null,"NET_INTEREST_INCOME_YOY":null,"FEE_COMMISSION_INCOME":null,"FEE_COMMISSION_INCOME_YOY":null,"ACCOUNTS_RECE_TDAYS":null,"INVENTORY_TDAYS":6.625698324022,"CURRENT_ASSETS_TDAYS":0.768302292264,"TOTAL_ASSETS_TDAYS":0.638936049802,"PREMIUM_EXPENSE":null,"LOAN_DEPOSIT":null,"LOAN_EQUITY":null,"LOAN_ASSETS":null,"DEPOSIT_EQUITY":null,"DEPOSIT_ASSETS":null,"EQUITY_MULTIPLIER":1.312770936434,"EQUITY_RATIO":0.312770936433},{"SECUCODE":"01843.HK","SECURITY_CODE":"01843","SECURITY_NAME_ABBR":"快餐帝国","ORG_CODE":"10980382","STD_REPORT_DATE":"2020-06-30 00:00:00","REPORT_DATE":"2020-09-30 00:00:00","DATE_TYPE_CODE":"002","REPORT_TYPE":"2020年中报","PER_NETCASH_OPERATE":0.0187877975,"PER_OI":0.0671134965,"BPS":0.16357826075,"BASIC_EPS":0.00746535,"DILUTED_EPS":0.00746535,"OPERATE_INCOME":53690797.2,"OPERATE_INCOME_YOY":-10.1598934044,"GROSS_PROFIT":34440148,"GROSS_PROFIT_YOY":-12.198361303159,"HOLDER_PROFIT":6131540.8,"HOLDER_PROFIT_YOY":-37.0143149284,"GROSS_PROFIT_RATIO":64.145346681498,"EPS_TTM":0.0221085335,"OPERATE_INCOME_QOQ":0,"NET_PROFIT_RATIO":11.4200964034,"ROE_AVG":4.797507788162,"GROSS_PROFIT_QOQ":0,"ROA":3.653401340371,"HOLDER_PROFIT_QOQ":0,"ROE_YEARLY":9.595015576324,"ROIC_YEARLY":21.807239578724,"TOTAL_ASSETS":171792634.2,"TOTAL_LIABILITIES":40930025.6,"TAX_EBT":26.403823178017,"OCF_SALES":27.994067482388,"TOTAL_PARENT_EQUITY":130862608.6,"DEBT_ASSET_RATIO":23.8252505939,"OPERATE_PROFIT":8266630.9,"PRETAX_PROFIT":8331330.6,"NETCASH_OPERATE":15030238,"NETCASH_INVEST":-363313.7,"NETCASH_FINANCE":-3722721.2,"END_CASH":115921954.8,"DIVI_RATIO":null,"DIVIDEND_RATE":null,"CURRENT_RATIO":7.017228827954,"COMMON_ACS":10000000000,"CURRENTDEBT_DEBT":50.109435797665,"ISSUED_COMMON_SHARES":800000000,"HK_COMMON_SHARES":800000000,"PER_SHARES":4000,"TOTAL_MARKET_CAP":104000000,"HKSK_MARKET_CAP":104000000,"PE_TTM":-421.339667094871,"PB_TTM":0.685378727064,"REPORT_DATE_SQ":"2019-06-30 00:00:00","REPORT_TYPE_SQ":"2019年中报","OPERATE_INCOME_SQ":61667084,"DPS_HKD":null,"OPERATE_INCOME_QOQ_SQ":0,"NET_PROFIT_RATIO_SQ":16.289140573,"HOLDER_PROFIT_SQ":10045038,"HOLDER_PROFIT_QOQ_SQ":0,"ROE_AVG_SQ":43.078956062108,"PE_TTM_SQ":36.960190618666,"PB_TTM_SQ":0.959683117966,"ROA_SQ":12.450272111009,"START_DATE":"2020-04-01 00:00:00","FISCAL_YEAR":"3-31","CURRENCY":"HKD","IS_CNY_CODE":0,"DPS_HKD_LY":null,"ORG_TYPE":"一般企业","PREMIUM_INCOME":null,"PREMIUM_INCOME_YOY":null,"NET_INTEREST_INCOME":null,"NET_INTEREST_INCOME_YOY":null,"FEE_COMMISSION_INCOME":null,"FEE_COMMISSION_INCOME_YOY":null,"ACCOUNTS_RECE_TDAYS":2.433840947547,"INVENTORY_TDAYS":2.981117533719,"CURRENT_ASSETS_TDAYS":0.383191844564,"TOTAL_ASSETS_TDAYS":0.319909851136,"PREMIUM_EXPENSE":null,"LOAN_DEPOSIT":null,"LOAN_EQUITY":null,"LOAN_ASSETS":null,"DEPOSIT_EQUITY":null,"DEPOSIT_ASSETS":null,"EQUITY_MULTIPLIER":1.312770974367,"EQUITY_RATIO":0.312770974367}],"count":16},"success":true,"message":"ok","code":0}