{"version":"eff33a33ade1bc9c7dfbac992cffbc1b","result":{"pages":4,"data":[{"SECUCODE":"01858.HK","SECURITY_CODE":"01858","SECURITY_NAME_ABBR":"春立医疗","ORG_CODE":"10290646","STD_REPORT_DATE":"2024-09-30 00:00:00","REPORT_DATE":"2024-09-30 00:00:00","DATE_TYPE_CODE":"004","REPORT_TYPE":"2024年三季报","PER_NETCASH_OPERATE":-0.045049094881,"PER_OI":1.325144430838,"BPS":7.286338376327,"BASIC_EPS":0.16,"DILUTED_EPS":0.16,"OPERATE_INCOME":508283661.62,"OPERATE_INCOME_YOY":-35.8353727817,"GROSS_PROFIT":352240491.57,"GROSS_PROFIT_YOY":-37.075704534155,"HOLDER_PROFIT":61151445.55,"HOLDER_PROFIT_YOY":-66.1441450835,"GROSS_PROFIT_RATIO":69.299983093562,"EPS_TTM":0.412840222255,"OPERATE_INCOME_QOQ":-11.765434501119,"NET_PROFIT_RATIO":12.0028741974,"ROE_AVG":2.156151697409,"GROSS_PROFIT_QOQ":-11.637308006294,"ROA":1.711875733668,"HOLDER_PROFIT_QOQ":-31.381718359116,"ROE_YEARLY":2.874868929879,"ROIC_YEARLY":2.591681091814,"TOTAL_ASSETS":3494818114.71,"TOTAL_LIABILITIES":698382450.68,"TAX_EBT":7.792661072578,"OCF_SALES":-3.399561122017,"TOTAL_PARENT_EQUITY":2794809881.5,"DEBT_ASSET_RATIO":19.9833704575,"OPERATE_PROFIT":59079146.07,"PRETAX_PROFIT":66164634.16,"NETCASH_OPERATE":-17279413.75,"NETCASH_INVEST":50828134.57,"NETCASH_FINANCE":-144357900.31,"END_CASH":1155205573.66,"DIVI_RATIO":1.073566498873,"DIVIDEND_RATE":5.46336689038,"CURRENT_RATIO":4.758836121076,"COMMON_ACS":null,"CURRENTDEBT_DEBT":86.01993339825,"ISSUED_COMMON_SHARES":383568500,"HK_COMMON_SHARES":95140500,"PER_SHARES":250,"TOTAL_MARKET_CAP":3429102390,"HKSK_MARKET_CAP":850556070,"PE_TTM":19.313512284073,"PB_TTM":1.106454598128,"REPORT_DATE_SQ":"2023-09-30 00:00:00","REPORT_TYPE_SQ":"2023年三季报","OPERATE_INCOME_SQ":792155559.31,"DPS_HKD":0.488425,"OPERATE_INCOME_QOQ_SQ":5.369795062209,"NET_PROFIT_RATIO_SQ":22.7834756278,"HOLDER_PROFIT_SQ":180622954.88,"HOLDER_PROFIT_QOQ_SQ":0.657800150493,"ROE_AVG_SQ":6.56814856223,"PE_TTM_SQ":12.184135421996,"PB_TTM_SQ":1.244450822019,"ROA_SQ":5.336252443295,"START_DATE":"2024-01-01 00:00:00","FISCAL_YEAR":"12-31","CURRENCY":"HKD","IS_CNY_CODE":0,"DPS_HKD_LY":0.488425,"ORG_TYPE":"一般企业","PREMIUM_INCOME":null,"PREMIUM_INCOME_YOY":null,"NET_INTEREST_INCOME":null,"NET_INTEREST_INCOME_YOY":null,"FEE_COMMISSION_INCOME":null,"FEE_COMMISSION_INCOME_YOY":null,"ACCOUNTS_RECE_TDAYS":1.321533623237,"INVENTORY_TDAYS":0.308254377877,"CURRENT_ASSETS_TDAYS":0.173350766942,"TOTAL_ASSETS_TDAYS":0.142289108348,"PREMIUM_EXPENSE":null,"LOAN_DEPOSIT":null,"LOAN_EQUITY":null,"LOAN_ASSETS":null,"DEPOSIT_EQUITY":null,"DEPOSIT_ASSETS":null,"EQUITY_MULTIPLIER":1.249740217399,"EQUITY_RATIO":0.249885495004},{"SECUCODE":"01858.HK","SECURITY_CODE":"01858","SECURITY_NAME_ABBR":"春立医疗","ORG_CODE":"10290646","STD_REPORT_DATE":"2024-06-30 00:00:00","REPORT_DATE":"2024-06-30 00:00:00","DATE_TYPE_CODE":"002","REPORT_TYPE":"2024年中报","PER_NETCASH_OPERATE":-0.180040562559,"PER_OI":0.99103698797,"BPS":7.345861652247,"BASIC_EPS":0.21,"DILUTED_EPS":0.21,"OPERATE_INCOME":380130570.92,"OPERATE_INCOME_YOY":-29.6974795484,"GROSS_PROFIT":271882755.46,"GROSS_PROFIT_YOY":-30.536960057978,"HOLDER_PROFIT":79026078.82,"HOLDER_PROFIT_YOY":-37.3192136541,"GROSS_PROFIT_RATIO":71.523517511886,"EPS_TTM":0.601647567358,"OPERATE_INCOME_QOQ":-11.492338708241,"NET_PROFIT_RATIO":20.7720454024,"ROE_AVG":2.775226702622,"GROSS_PROFIT_QOQ":-13.187063018894,"ROA":2.170310637476,"HOLDER_PROFIT_QOQ":-16.737191074306,"ROE_YEARLY":5.550453405244,"ROIC_YEARLY":6.675974955806,"TOTAL_ASSETS":3632906151.99,"TOTAL_LIABILITIES":813561621.26,"TAX_EBT":4.946514532888,"OCF_SALES":-18.166886276172,"TOTAL_PARENT_EQUITY":2817641135.16,"DEBT_ASSET_RATIO":22.3942372091,"OPERATE_PROFIT":74057473.09,"PRETAX_PROFIT":83069962.55,"NETCASH_OPERATE":-69057888.52,"NETCASH_INVEST":79635164.81,"NETCASH_FINANCE":-554400,"END_CASH":1277318764.9,"DIVI_RATIO":0.736662883799,"DIVIDEND_RATE":5.531426953567,"CURRENT_RATIO":4.15669210457,"COMMON_ACS":null,"CURRENTDEBT_DEBT":88.525745543967,"ISSUED_COMMON_SHARES":383568500,"HK_COMMON_SHARES":95140500,"PER_SHARES":250,"TOTAL_MARKET_CAP":3386909855,"HKSK_MARKET_CAP":840090615,"PE_TTM":19.07587398975,"PB_TTM":1.09284050352,"REPORT_DATE_SQ":"2023-06-30 00:00:00","REPORT_TYPE_SQ":"2023年中报","OPERATE_INCOME_SQ":540706888.57,"DPS_HKD":0.488425,"OPERATE_INCOME_QOQ_SQ":-1.67331029966,"NET_PROFIT_RATIO_SQ":23.3000844567,"HOLDER_PROFIT_SQ":126077038,"HOLDER_PROFIT_QOQ_SQ":-4.401689485537,"ROE_AVG_SQ":4.630571964801,"PE_TTM_SQ":11.551998182401,"PB_TTM_SQ":1.179886232067,"ROA_SQ":3.663845450139,"START_DATE":"2024-01-01 00:00:00","FISCAL_YEAR":"12-31","CURRENCY":"HKD","IS_CNY_CODE":0,"DPS_HKD_LY":0.488425,"ORG_TYPE":"一般企业","PREMIUM_INCOME":null,"PREMIUM_INCOME_YOY":null,"NET_INTEREST_INCOME":null,"NET_INTEREST_INCOME_YOY":null,"FEE_COMMISSION_INCOME":null,"FEE_COMMISSION_INCOME_YOY":null,"ACCOUNTS_RECE_TDAYS":0.876689246533,"INVENTORY_TDAYS":0.226724628683,"CURRENT_ASSETS_TDAYS":0.126730103104,"TOTAL_ASSETS_TDAYS":0.104396097341,"PREMIUM_EXPENSE":null,"LOAN_DEPOSIT":null,"LOAN_EQUITY":null,"LOAN_ASSETS":null,"DEPOSIT_EQUITY":null,"DEPOSIT_ASSETS":null,"EQUITY_MULTIPLIER":1.288564101476,"EQUITY_RATIO":0.288738551943},{"SECUCODE":"01858.HK","SECURITY_CODE":"01858","SECURITY_NAME_ABBR":"春立医疗","ORG_CODE":"10290646","STD_REPORT_DATE":"2024-03-31 00:00:00","REPORT_DATE":"2024-03-31 00:00:00","DATE_TYPE_CODE":"003","REPORT_TYPE":"2024年一季报","PER_NETCASH_OPERATE":-0.337914450926,"PER_OI":0.578384775575,"BPS":7.645743770982,"BASIC_EPS":0.14,"DILUTED_EPS":0.14,"OPERATE_INCOME":221850180.79,"OPERATE_INCOME_YOY":-9.9469631673,"GROSS_PROFIT":163808461.2,"GROSS_PROFIT_YOY":-2.748943458183,"HOLDER_PROFIT":55199616.28,"HOLDER_PROFIT_YOY":-1.1846959117,"GROSS_PROFIT_RATIO":73.83742515633,"EPS_TTM":0.722588602427,"OPERATE_INCOME_QOQ":-2.027667357458,"NET_PROFIT_RATIO":24.8397648421,"ROE_AVG":1.900115305853,"GROSS_PROFIT_QOQ":-0.528638977598,"ROA":1.534980642091,"HOLDER_PROFIT_QOQ":-0.238203947955,"ROE_YEARLY":7.60046122341,"ROIC_YEARLY":9.391709832081,"TOTAL_ASSETS":3542662190.69,"TOTAL_LIABILITIES":608374106.9,"TAX_EBT":8.406119338146,"OCF_SALES":-58.423814940539,"TOTAL_PARENT_EQUITY":2932666469.62,"DEBT_ASSET_RATIO":17.1727947558,"OPERATE_PROFIT":59080421.46,"PRETAX_PROFIT":60164568.65,"NETCASH_OPERATE":-129613339.07,"NETCASH_INVEST":83728306.55,"NETCASH_FINANCE":null,"END_CASH":1220123829.78,"DIVI_RATIO":0.613366209364,"DIVIDEND_RATE":5.531426953567,"CURRENT_RATIO":5.633477496622,"COMMON_ACS":null,"CURRENTDEBT_DEBT":84.601105012939,"ISSUED_COMMON_SHARES":383568500,"HK_COMMON_SHARES":95140500,"PER_SHARES":250,"TOTAL_MARKET_CAP":3386909855,"HKSK_MARKET_CAP":840090615,"PE_TTM":19.07587398975,"PB_TTM":1.09284050352,"REPORT_DATE_SQ":"2023-03-31 00:00:00","REPORT_TYPE_SQ":"2023年一季报","OPERATE_INCOME_SQ":246355024.32,"DPS_HKD":0.488425,"OPERATE_INCOME_QOQ_SQ":-0.895317886237,"NET_PROFIT_RATIO_SQ":22.675163295,"HOLDER_PROFIT_SQ":55861404.05,"HOLDER_PROFIT_QOQ_SQ":-5.901473059676,"ROE_AVG_SQ":2.033075568991,"PE_TTM_SQ":11.551998182401,"PB_TTM_SQ":1.179886232067,"ROA_SQ":1.642697570083,"START_DATE":"2024-01-01 00:00:00","FISCAL_YEAR":"12-31","CURRENCY":"HKD","IS_CNY_CODE":0,"DPS_HKD_LY":0.488425,"ORG_TYPE":"一般企业","PREMIUM_INCOME":null,"PREMIUM_INCOME_YOY":null,"NET_INTEREST_INCOME":null,"NET_INTEREST_INCOME_YOY":null,"FEE_COMMISSION_INCOME":null,"FEE_COMMISSION_INCOME_YOY":null,"ACCOUNTS_RECE_TDAYS":0.510050130793,"INVENTORY_TDAYS":0.127474041371,"CURRENT_ASSETS_TDAYS":0.075141539499,"TOTAL_ASSETS_TDAYS":0.061691684817,"PREMIUM_EXPENSE":null,"LOAN_DEPOSIT":null,"LOAN_EQUITY":null,"LOAN_ASSETS":null,"DEPOSIT_EQUITY":null,"DEPOSIT_ASSETS":null,"EQUITY_MULTIPLIER":1.207332780397,"EQUITY_RATIO":0.207447424793},{"SECUCODE":"01858.HK","SECURITY_CODE":"01858","SECURITY_NAME_ABBR":"春立医疗","ORG_CODE":"10290646","STD_REPORT_DATE":"2023-12-31 00:00:00","REPORT_DATE":"2023-12-31 00:00:00","DATE_TYPE_CODE":"001","REPORT_TYPE":"2023年年报","PER_NETCASH_OPERATE":1.334087363978,"PER_OI":3.150737993031,"BPS":7.501833058085,"BASIC_EPS":0.72,"DILUTED_EPS":0.72,"OPERATE_INCOME":1208523845.88,"OPERATE_INCOME_YOY":0.5758627781,"GROSS_PROFIT":875888104.4,"GROSS_PROFIT_YOY":-4.120126505517,"HOLDER_PROFIT":277824014.12,"HOLDER_PROFIT_YOY":-9.7150703661,"GROSS_PROFIT_RATIO":72.475864451165,"EPS_TTM":0.724313946844,"OPERATE_INCOME_QOQ":-2.048285903267,"NET_PROFIT_RATIO":22.988219672,"ROE_AVG":9.927309023784,"GROSS_PROFIT_QOQ":-3.940959480571,"ROA":7.871118305901,"HOLDER_PROFIT_QOQ":-0.290902089468,"ROE_YEARLY":9.927309023784,"ROIC_YEARLY":11.494585748601,"TOTAL_ASSETS":3649560924.88,"TOTAL_LIABILITIES":770325491.93,"TAX_EBT":9.181826814587,"OCF_SALES":42.342059762784,"TOTAL_PARENT_EQUITY":2877466853.34,"DEBT_ASSET_RATIO":21.107347097,"OPERATE_PROFIT":289323855.48,"PRETAX_PROFIT":305905863.04,"NETCASH_OPERATE":511713889.07,"NETCASH_INVEST":-81556220.55,"NETCASH_FINANCE":-121334040.5,"END_CASH":1266013075.67,"DIVI_RATIO":0.611905146838,"DIVIDEND_RATE":5.531426953567,"CURRENT_RATIO":4.44137795955,"COMMON_ACS":null,"CURRENTDEBT_DEBT":87.842456545822,"ISSUED_COMMON_SHARES":383568500,"HK_COMMON_SHARES":95140500,"PER_SHARES":250,"TOTAL_MARKET_CAP":3386909855,"HKSK_MARKET_CAP":840090615,"PE_TTM":19.07587398975,"PB_TTM":1.09284050352,"REPORT_DATE_SQ":"2022-12-31 00:00:00","REPORT_TYPE_SQ":"2022年年报","OPERATE_INCOME_SQ":1201604254.24,"DPS_HKD":0.488425,"OPERATE_INCOME_QOQ_SQ":4.513633623268,"NET_PROFIT_RATIO_SQ":25.6090259804,"HOLDER_PROFIT_SQ":307719145.65,"HOLDER_PROFIT_QOQ_SQ":-6.152589380768,"ROE_AVG_SQ":11.860950501189,"PE_TTM_SQ":11.551998182401,"PB_TTM_SQ":1.179886232067,"ROA_SQ":9.602084154089,"START_DATE":"2023-01-01 00:00:00","FISCAL_YEAR":"12-31","CURRENCY":"HKD","IS_CNY_CODE":0,"DPS_HKD_LY":0.34185,"ORG_TYPE":"一般企业","PREMIUM_INCOME":null,"PREMIUM_INCOME_YOY":null,"NET_INTEREST_INCOME":null,"NET_INTEREST_INCOME_YOY":null,"FEE_COMMISSION_INCOME":null,"FEE_COMMISSION_INCOME_YOY":null,"ACCOUNTS_RECE_TDAYS":1.999036236686,"INVENTORY_TDAYS":0.958224446182,"CURRENT_ASSETS_TDAYS":0.417852724641,"TOTAL_ASSETS_TDAYS":0.342390638785,"PREMIUM_EXPENSE":null,"LOAN_DEPOSIT":null,"LOAN_EQUITY":null,"LOAN_ASSETS":null,"DEPOSIT_EQUITY":null,"DEPOSIT_ASSETS":null,"EQUITY_MULTIPLIER":1.267545155605,"EQUITY_RATIO":0.267709597084},{"SECUCODE":"01858.HK","SECURITY_CODE":"01858","SECURITY_NAME_ABBR":"春立医疗","ORG_CODE":"10290646","STD_REPORT_DATE":"2023-09-30 00:00:00","REPORT_DATE":"2023-09-30 00:00:00","DATE_TYPE_CODE":"004","REPORT_TYPE":"2023年三季报","PER_NETCASH_OPERATE":0.035845378283,"PER_OI":2.06522579229,"BPS":7.248420540529,"BASIC_EPS":0.47,"DILUTED_EPS":0.47,"OPERATE_INCOME":792155559.31,"OPERATE_INCOME_YOY":4.2358898569,"GROSS_PROFIT":559784561.69,"GROSS_PROFIT_YOY":-0.303459115019,"HOLDER_PROFIT":180622954.88,"HOLDER_PROFIT_YOY":-13.8691144687,"GROSS_PROFIT_RATIO":70.665989162229,"EPS_TTM":0.726427138568,"OPERATE_INCOME_QOQ":5.369795062209,"NET_PROFIT_RATIO":22.7834756278,"ROE_AVG":6.56814856223,"GROSS_PROFIT_QOQ":3.718052118704,"ROA":5.336252443295,"HOLDER_PROFIT_QOQ":0.657800150493,"ROE_YEARLY":8.757531416307,"ROIC_YEARLY":7.166270890263,"TOTAL_ASSETS":3359888860.41,"TOTAL_LIABILITIES":577990975.15,"TAX_EBT":7.863125188042,"OCF_SALES":1.735663888034,"TOTAL_PARENT_EQUITY":2780265794.1,"DEBT_ASSET_RATIO":17.2026813732,"OPERATE_PROFIT":187366196.59,"PRETAX_PROFIT":195883102.35,"NETCASH_OPERATE":13749157.98,"NETCASH_INVEST":-81534431.39,"NETCASH_FINANCE":-120779640.5,"END_CASH":769302304.79,"DIVI_RATIO":0.61012510198,"DIVIDEND_RATE":5.531426953567,"CURRENT_RATIO":5.564699314735,"COMMON_ACS":null,"CURRENTDEBT_DEBT":83.865057985413,"ISSUED_COMMON_SHARES":383568500,"HK_COMMON_SHARES":95140500,"PER_SHARES":250,"TOTAL_MARKET_CAP":3386909855,"HKSK_MARKET_CAP":840090615,"PE_TTM":19.07587398975,"PB_TTM":1.09284050352,"REPORT_DATE_SQ":"2022-09-30 00:00:00","REPORT_TYPE_SQ":"2022年三季报","OPERATE_INCOME_SQ":759964308.26,"DPS_HKD":0.488425,"OPERATE_INCOME_QOQ_SQ":-3.942609113065,"NET_PROFIT_RATIO_SQ":27.594392309,"HOLDER_PROFIT_SQ":209707532.63,"HOLDER_PROFIT_QOQ_SQ":1.267818617946,"ROE_AVG_SQ":8.238742501076,"PE_TTM_SQ":11.551998182401,"PB_TTM_SQ":1.179886232067,"ROA_SQ":6.865153220981,"START_DATE":"2023-01-01 00:00:00","FISCAL_YEAR":"12-31","CURRENCY":"HKD","IS_CNY_CODE":0,"DPS_HKD_LY":0.34185,"ORG_TYPE":"一般企业","PREMIUM_INCOME":null,"PREMIUM_INCOME_YOY":null,"NET_INTEREST_INCOME":null,"NET_INTEREST_INCOME_YOY":null,"FEE_COMMISSION_INCOME":null,"FEE_COMMISSION_INCOME_YOY":null,"ACCOUNTS_RECE_TDAYS":1.114916773078,"INVENTORY_TDAYS":0.687735518864,"CURRENT_ASSETS_TDAYS":0.289293723382,"TOTAL_ASSETS_TDAYS":0.234031274798,"PREMIUM_EXPENSE":null,"LOAN_DEPOSIT":null,"LOAN_EQUITY":null,"LOAN_ASSETS":null,"DEPOSIT_EQUITY":null,"DEPOSIT_ASSETS":null,"EQUITY_MULTIPLIER":1.207768580656,"EQUITY_RATIO":0.207890546428},{"SECUCODE":"01858.HK","SECURITY_CODE":"01858","SECURITY_NAME_ABBR":"春立医疗","ORG_CODE":"10290646","STD_REPORT_DATE":"2023-06-30 00:00:00","REPORT_DATE":"2023-06-30 00:00:00","DATE_TYPE_CODE":"002","REPORT_TYPE":"2023年中报","PER_NETCASH_OPERATE":-0.101603478388,"PER_OI":1.409674904404,"BPS":7.10621408489,"BASIC_EPS":0.33,"DILUTED_EPS":0.33,"OPERATE_INCOME":540706888.57,"OPERATE_INCOME_YOY":-5.3701746714,"GROSS_PROFIT":391406358.96,"GROSS_PROFIT_YOY":-8.076764700379,"HOLDER_PROFIT":126077038,"HOLDER_PROFIT_YOY":-19.6872003372,"GROSS_PROFIT_RATIO":72.387899476396,"EPS_TTM":0.721679926923,"OPERATE_INCOME_QOQ":-1.67331029966,"NET_PROFIT_RATIO":23.3000844567,"ROE_AVG":4.630571964801,"GROSS_PROFIT_QOQ":0.465030345056,"ROA":3.663845450139,"HOLDER_PROFIT_QOQ":-4.401689485537,"ROE_YEARLY":9.261143929601,"ROIC_YEARLY":9.950392159258,"TOTAL_ASSETS":3472457994.37,"TOTAL_LIABILITIES":745055516.2,"TAX_EBT":9.060435144593,"OCF_SALES":-7.207582263852,"TOTAL_PARENT_EQUITY":2725719877.22,"DEBT_ASSET_RATIO":21.4561419435,"OPERATE_PROFIT":133543300.84,"PRETAX_PROFIT":138537238.33,"NETCASH_OPERATE":-38971893.8,"NETCASH_INVEST":-63934501.16,"NETCASH_FINANCE":-132495,"END_CASH":854828328.74,"DIVI_RATIO":0.614138505819,"DIVIDEND_RATE":5.531426953567,"CURRENT_RATIO":4.338300080445,"COMMON_ACS":null,"CURRENTDEBT_DEBT":87.289591498766,"ISSUED_COMMON_SHARES":383568500,"HK_COMMON_SHARES":95140500,"PER_SHARES":250,"TOTAL_MARKET_CAP":3386909855,"HKSK_MARKET_CAP":840090615,"PE_TTM":19.07587398975,"PB_TTM":1.09284050352,"REPORT_DATE_SQ":"2022-06-30 00:00:00","REPORT_TYPE_SQ":"2022年中报","OPERATE_INCOME_SQ":571391616.43,"DPS_HKD":0.488425,"OPERATE_INCOME_QOQ_SQ":5.117655333573,"NET_PROFIT_RATIO_SQ":27.4737136643,"HOLDER_PROFIT_SQ":156982496.6,"HOLDER_PROFIT_QOQ_SQ":-1.254092388159,"ROE_AVG_SQ":6.223067146994,"PE_TTM_SQ":11.551998182401,"PB_TTM_SQ":1.179886232067,"ROA_SQ":5.14143820599,"START_DATE":"2023-01-01 00:00:00","FISCAL_YEAR":"12-31","CURRENCY":"HKD","IS_CNY_CODE":0,"DPS_HKD_LY":0.34185,"ORG_TYPE":"一般企业","PREMIUM_INCOME":null,"PREMIUM_INCOME_YOY":null,"NET_INTEREST_INCOME":null,"NET_INTEREST_INCOME_YOY":null,"FEE_COMMISSION_INCOME":null,"FEE_COMMISSION_INCOME_YOY":null,"ACCOUNTS_RECE_TDAYS":0.723245840539,"INVENTORY_TDAYS":0.461389148835,"CURRENT_ASSETS_TDAYS":0.193091393582,"TOTAL_ASSETS_TDAYS":0.157131425751,"PREMIUM_EXPENSE":null,"LOAN_DEPOSIT":null,"LOAN_EQUITY":null,"LOAN_ASSETS":null,"DEPOSIT_EQUITY":null,"DEPOSIT_ASSETS":null,"EQUITY_MULTIPLIER":1.273174026263,"EQUITY_RATIO":0.273342657999},{"SECUCODE":"01858.HK","SECURITY_CODE":"01858","SECURITY_NAME_ABBR":"春立医疗","ORG_CODE":"10290646","STD_REPORT_DATE":"2023-03-31 00:00:00","REPORT_DATE":"2023-03-31 00:00:00","DATE_TYPE_CODE":"003","REPORT_TYPE":"2023年一季报","PER_NETCASH_OPERATE":-0.312786442906,"PER_OI":0.641082086812,"BPS":7.236155168425,"BASIC_EPS":0.15,"DILUTED_EPS":0.15,"OPERATE_INCOME":246355024.32,"OPERATE_INCOME_YOY":-4.1842183602,"GROSS_PROFIT":168438747.12,"GROSS_PROFIT_YOY":-18.58878125673,"HOLDER_PROFIT":55861404.05,"HOLDER_PROFIT_YOY":-24.5334061384,"GROSS_PROFIT_RATIO":68.372361223374,"EPS_TTM":0.75351093778,"OPERATE_INCOME_QOQ":-0.895317886237,"NET_PROFIT_RATIO":22.675163295,"ROE_AVG":2.033075568991,"GROSS_PROFIT_QOQ":-4.210052263704,"ROA":1.642697570083,"HOLDER_PROFIT_QOQ":-5.901473059676,"ROE_YEARLY":8.132302275964,"ROIC_YEARLY":8.928527286912,"TOTAL_ASSETS":3391412670.08,"TOTAL_LIABILITIES":615416974.31,"TAX_EBT":10.226864897153,"OCF_SALES":-48.790388834884,"TOTAL_PARENT_EQUITY":2775561183.72,"DEBT_ASSET_RATIO":18.1463311658,"OPERATE_PROFIT":61026436.99,"PRETAX_PROFIT":62225078.79,"NETCASH_OPERATE":-120197574.28,"NETCASH_INVEST":1551246.27,"NETCASH_FINANCE":-202693.04,"END_CASH":838344639.97,"DIVI_RATIO":0.588195087527,"DIVIDEND_RATE":5.531426953567,"CURRENT_RATIO":5.253633732056,"COMMON_ACS":null,"CURRENTDEBT_DEBT":84.911001453264,"ISSUED_COMMON_SHARES":383568500,"HK_COMMON_SHARES":95140500,"PER_SHARES":250,"TOTAL_MARKET_CAP":3386909855,"HKSK_MARKET_CAP":840090615,"PE_TTM":19.07587398975,"PB_TTM":1.09284050352,"REPORT_DATE_SQ":"2022-03-31 00:00:00","REPORT_TYPE_SQ":"2022年一季报","OPERATE_INCOME_SQ":257113202.13,"DPS_HKD":0.488425,"OPERATE_INCOME_QOQ_SQ":2.751368531935,"NET_PROFIT_RATIO_SQ":28.7894071237,"HOLDER_PROFIT_SQ":74021366.53,"HOLDER_PROFIT_QOQ_SQ":1.718400632521,"ROE_AVG_SQ":2.953661821531,"PE_TTM_SQ":11.551998182401,"PB_TTM_SQ":1.179886232067,"ROA_SQ":2.451116943518,"START_DATE":"2023-01-01 00:00:00","FISCAL_YEAR":"12-31","CURRENCY":"HKD","IS_CNY_CODE":0,"DPS_HKD_LY":0.34185,"ORG_TYPE":"一般企业","PREMIUM_INCOME":null,"PREMIUM_INCOME_YOY":null,"NET_INTEREST_INCOME":null,"NET_INTEREST_INCOME_YOY":null,"FEE_COMMISSION_INCOME":null,"FEE_COMMISSION_INCOME_YOY":null,"ACCOUNTS_RECE_TDAYS":0.313612030564,"INVENTORY_TDAYS":0.270794342818,"CURRENT_ASSETS_TDAYS":0.089187804225,"TOTAL_ASSETS_TDAYS":0.072444795599,"PREMIUM_EXPENSE":null,"LOAN_DEPOSIT":null,"LOAN_EQUITY":null,"LOAN_ASSETS":null,"DEPOSIT_EQUITY":null,"DEPOSIT_ASSETS":null,"EQUITY_MULTIPLIER":1.221692337366,"EQUITY_RATIO":0.221727043136},{"SECUCODE":"01858.HK","SECURITY_CODE":"01858","SECURITY_NAME_ABBR":"春立医疗","ORG_CODE":"10290646","STD_REPORT_DATE":"2022-12-31 00:00:00","REPORT_DATE":"2022-12-31 00:00:00","DATE_TYPE_CODE":"001","REPORT_TYPE":"2022年年报","PER_NETCASH_OPERATE":0.106712622046,"PER_OI":3.126897715832,"BPS":7.090519111241,"BASIC_EPS":0.8,"DILUTED_EPS":0.8,"OPERATE_INCOME":1201604254.24,"OPERATE_INCOME_YOY":8.4343832064,"GROSS_PROFIT":913526554.09,"GROSS_PROFIT_YOY":6.902670778866,"HOLDER_PROFIT":307719145.65,"HOLDER_PROFIT_YOY":-4.5419896002,"GROSS_PROFIT_RATIO":76.025575880455,"EPS_TTM":0.800768048428,"OPERATE_INCOME_QOQ":4.513633623268,"NET_PROFIT_RATIO":25.6090259804,"ROE_AVG":11.860950501189,"GROSS_PROFIT_QOQ":5.6085190557,"ROA":9.602084154089,"HOLDER_PROFIT_QOQ":-6.152589380768,"ROE_YEARLY":11.860950501189,"ROIC_YEARLY":16.563023468757,"TOTAL_ASSETS":3409766690.91,"TOTAL_LIABILITIES":690066911.19,"TAX_EBT":8.656091485999,"OCF_SALES":3.412731459239,"TOTAL_PARENT_EQUITY":2719699779.72,"DEBT_ASSET_RATIO":20.2379509727,"OPERATE_PROFIT":316704781.79,"PRETAX_PROFIT":336879766.43,"NETCASH_OPERATE":41007526.4,"NETCASH_INVEST":-762611877.31,"NETCASH_FINANCE":-59035590.9,"END_CASH":957193661.02,"DIVI_RATIO":0.553482912898,"DIVIDEND_RATE":5.531426953567,"CURRENT_RATIO":4.664430692634,"COMMON_ACS":null,"CURRENTDEBT_DEBT":86.340111410726,"ISSUED_COMMON_SHARES":383568500,"HK_COMMON_SHARES":95140500,"PER_SHARES":250,"TOTAL_MARKET_CAP":3386909855,"HKSK_MARKET_CAP":840090615,"PE_TTM":19.07587398975,"PB_TTM":1.09284050352,"REPORT_DATE_SQ":"2021-12-31 00:00:00","REPORT_TYPE_SQ":"2021年年报","OPERATE_INCOME_SQ":1108139520.61,"DPS_HKD":0.488425,"OPERATE_INCOME_QOQ_SQ":9.35650779416,"NET_PROFIT_RATIO_SQ":29.090266234,"HOLDER_PROFIT_SQ":322360736.79,"HOLDER_PROFIT_QOQ_SQ":0.082381666694,"ROE_AVG_SQ":18.167996652854,"PE_TTM_SQ":11.551998182401,"PB_TTM_SQ":1.179886232067,"ROA_SQ":14.202000755621,"START_DATE":"2022-01-01 00:00:00","FISCAL_YEAR":"12-31","CURRENCY":"HKD","IS_CNY_CODE":0,"DPS_HKD_LY":0.1527,"ORG_TYPE":"一般企业","PREMIUM_INCOME":null,"PREMIUM_INCOME_YOY":null,"NET_INTEREST_INCOME":null,"NET_INTEREST_INCOME_YOY":null,"FEE_COMMISSION_INCOME":null,"FEE_COMMISSION_INCOME_YOY":null,"ACCOUNTS_RECE_TDAYS":1.85550950131,"INVENTORY_TDAYS":1.373542156989,"CURRENT_ASSETS_TDAYS":0.459781166789,"TOTAL_ASSETS_TDAYS":0.374949213665,"PREMIUM_EXPENSE":null,"LOAN_DEPOSIT":null,"LOAN_EQUITY":null,"LOAN_ASSETS":null,"DEPOSIT_EQUITY":null,"DEPOSIT_ASSETS":null,"EQUITY_MULTIPLIER":1.253729075663,"EQUITY_RATIO":0.253729075663},{"SECUCODE":"01858.HK","SECURITY_CODE":"01858","SECURITY_NAME_ABBR":"春立医疗","ORG_CODE":"10290646","STD_REPORT_DATE":"2022-09-30 00:00:00","REPORT_DATE":"2022-09-30 00:00:00","DATE_TYPE_CODE":"004","REPORT_TYPE":"2022年三季报","PER_NETCASH_OPERATE":-0.19873254325,"PER_OI":1.977631696315,"BPS":6.834993401961,"BASIC_EPS":0.55,"DILUTED_EPS":0.55,"OPERATE_INCOME":759964308.26,"OPERATE_INCOME_YOY":5.7866648648,"GROSS_PROFIT":561488449.57,"GROSS_PROFIT_YOY":1.900439698768,"HOLDER_PROFIT":209707532.63,"HOLDER_PROFIT_YOY":2.7095955448,"GROSS_PROFIT_RATIO":73.883528932507,"EPS_TTM":0.853266001848,"OPERATE_INCOME_QOQ":-3.942609113065,"NET_PROFIT_RATIO":27.594392309,"ROE_AVG":8.238742501076,"GROSS_PROFIT_QOQ":-5.056295989153,"ROA":6.865153220981,"HOLDER_PROFIT_QOQ":1.267818617946,"ROE_YEARLY":10.984990001435,"ROIC_YEARLY":12.692482196306,"TOTAL_ASSETS":3109675551.59,"TOTAL_LIABILITIES":487987384.89,"TAX_EBT":8.454415907823,"OCF_SALES":-10.049016893287,"TOTAL_PARENT_EQUITY":2621688166.7,"DEBT_ASSET_RATIO":15.6925498109,"OPERATE_PROFIT":212496694.37,"PRETAX_PROFIT":229074438.39,"NETCASH_OPERATE":-76368941.72,"NETCASH_INVEST":-534949975.29,"NETCASH_FINANCE":-58832013.62,"END_CASH":1068402017.35,"DIVI_RATIO":0.519429381975,"DIVIDEND_RATE":5.531426953567,"CURRENT_RATIO":6.24865670831,"COMMON_ACS":null,"CURRENTDEBT_DEBT":81.80894708989,"ISSUED_COMMON_SHARES":383568500,"HK_COMMON_SHARES":95140500,"PER_SHARES":250,"TOTAL_MARKET_CAP":3386909855,"HKSK_MARKET_CAP":840090615,"PE_TTM":19.07587398975,"PB_TTM":1.09284050352,"REPORT_DATE_SQ":"2021-09-30 00:00:00","REPORT_TYPE_SQ":"2021年三季报","OPERATE_INCOME_SQ":718393295.82,"DPS_HKD":0.488425,"OPERATE_INCOME_QOQ_SQ":0,"NET_PROFIT_RATIO_SQ":28.4210907059,"HOLDER_PROFIT_SQ":204175210.23,"HOLDER_PROFIT_QOQ_SQ":0,"ROE_AVG_SQ":null,"PE_TTM_SQ":11.551998182401,"PB_TTM_SQ":1.179886232067,"ROA_SQ":null,"START_DATE":"2022-01-01 00:00:00","FISCAL_YEAR":"12-31","CURRENCY":"HKD","IS_CNY_CODE":0,"DPS_HKD_LY":0.1527,"ORG_TYPE":"一般企业","PREMIUM_INCOME":null,"PREMIUM_INCOME_YOY":null,"NET_INTEREST_INCOME":null,"NET_INTEREST_INCOME_YOY":null,"FEE_COMMISSION_INCOME":null,"FEE_COMMISSION_INCOME_YOY":null,"ACCOUNTS_RECE_TDAYS":1.294642136092,"INVENTORY_TDAYS":0.96755310818,"CURRENT_ASSETS_TDAYS":0.307532433331,"TOTAL_ASSETS_TDAYS":0.248787983591,"PREMIUM_EXPENSE":null,"LOAN_DEPOSIT":null,"LOAN_EQUITY":null,"LOAN_ASSETS":null,"DEPOSIT_EQUITY":null,"DEPOSIT_ASSETS":null,"EQUITY_MULTIPLIER":1.186134793256,"EQUITY_RATIO":0.186134793256}],"count":34},"success":true,"message":"ok","code":0}