{"version":"91914befd3b57e46b960ea698dc22269","result":{"pages":3,"data":[{"SECUCODE":"01857.HK","SECURITY_CODE":"01857","SECURITY_NAME_ABBR":"中国光大水务","ORG_CODE":"10661825","STD_REPORT_DATE":"2024-06-30 00:00:00","REPORT_DATE":"2024-06-30 00:00:00","DATE_TYPE_CODE":"002","REPORT_TYPE":"2024年中报","PER_NETCASH_OPERATE":-0.134708567825,"PER_OI":1.069548498892,"BPS":3.725083849676,"BASIC_EPS":0.185365308,"DILUTED_EPS":0.185365308,"OPERATE_INCOME":3059846404.6,"OPERATE_INCOME_YOY":8.7798507463,"GROSS_PROFIT":1158403574.44,"GROSS_PROFIT_YOY":-10.875099496533,"HOLDER_PROFIT":530400331.28,"HOLDER_PROFIT_YOY":-8.0738641037,"GROSS_PROFIT_RATIO":37.858226239674,"EPS_TTM":0.357789671065,"OPERATE_INCOME_QOQ":3.592938848263,"NET_PROFIT_RATIO":18.7188729924,"ROE_AVG":5.035332045675,"GROSS_PROFIT_QOQ":-5.526427533966,"ROA":1.674022835194,"HOLDER_PROFIT_QOQ":-4.875613950688,"ROE_YEARLY":10.07066409135,"ROIC_YEARLY":3.776591085965,"TOTAL_ASSETS":32135837911.48,"TOTAL_LIABILITIES":19547633298.52,"TAX_EBT":23.026786228991,"OCF_SALES":-12.594900368222,"TOTAL_PARENT_EQUITY":10657005676.76,"DEBT_ASSET_RATIO":60.8281425627,"OPERATE_PROFIT":990115421.92,"PRETAX_PROFIT":744114392.76,"NETCASH_OPERATE":-385384606.08,"NETCASH_INVEST":13044022.56,"NETCASH_FINANCE":349362039.16,"END_CASH":1654885978.88,"DIVI_RATIO":0.302506200578,"DIVIDEND_RATE":8.5,"CURRENT_RATIO":1.438713206464,"COMMON_ACS":10000000000,"CURRENTDEBT_DEBT":32.145180473156,"ISSUED_COMMON_SHARES":2860876723,"HK_COMMON_SHARES":2860876723,"PER_SHARES":1000,"TOTAL_MARKET_CAP":4005227412.2,"HKSK_MARKET_CAP":4005227412.2,"PE_TTM":3.524580385086,"PB_TTM":0.343012949926,"REPORT_DATE_SQ":"2023-06-30 00:00:00","REPORT_TYPE_SQ":"2023年中报","OPERATE_INCOME_SQ":2841542360,"DPS_HKD":0.119,"OPERATE_INCOME_QOQ_SQ":-2.223193092603,"NET_PROFIT_RATIO_SQ":21.8966255678,"HOLDER_PROFIT_SQ":582864692.24,"HOLDER_PROFIT_QOQ_SQ":15.300417607617,"ROE_AVG_SQ":5.704650248988,"PE_TTM_SQ":3.261719061724,"PB_TTM_SQ":0.327060626685,"ROA_SQ":1.887999655961,"START_DATE":"2024-01-01 00:00:00","FISCAL_YEAR":"12-31","CURRENCY":"HKD","IS_CNY_CODE":0,"DPS_HKD_LY":0.119,"ORG_TYPE":"一般企业","PREMIUM_INCOME":null,"PREMIUM_INCOME_YOY":null,"NET_INTEREST_INCOME":null,"NET_INTEREST_INCOME_YOY":null,"FEE_COMMISSION_INCOME":null,"FEE_COMMISSION_INCOME_YOY":null,"ACCOUNTS_RECE_TDAYS":0.599768400248,"INVENTORY_TDAYS":40.999360418778,"CURRENT_ASSETS_TDAYS":0.343739396222,"TOTAL_ASSETS_TDAYS":0.09657333247,"PREMIUM_EXPENSE":null,"LOAN_DEPOSIT":null,"LOAN_EQUITY":null,"LOAN_ASSETS":null,"DEPOSIT_EQUITY":null,"DEPOSIT_ASSETS":null,"EQUITY_MULTIPLIER":2.552853158931,"EQUITY_RATIO":1.834251936372},{"SECUCODE":"01857.HK","SECURITY_CODE":"01857","SECURITY_NAME_ABBR":"中国光大水务","ORG_CODE":"10661825","STD_REPORT_DATE":"2023-12-31 00:00:00","REPORT_DATE":"2023-12-31 00:00:00","DATE_TYPE_CODE":"001","REPORT_TYPE":"2023年年报","PER_NETCASH_OPERATE":-0.167498909131,"PER_OI":2.123796067699,"BPS":3.613037531299,"BASIC_EPS":0.376171922,"DILUTED_EPS":0.376171922,"OPERATE_INCOME":6075918734.48,"OPERATE_INCOME_YOY":-0.346062934,"GROSS_PROFIT":2557699922.26,"GROSS_PROFIT_YOY":11.673730133842,"HOLDER_PROFIT":1076056502.64,"HOLDER_PROFIT_YOY":17.4998144602,"GROSS_PROFIT_RATIO":42.095690117536,"EPS_TTM":0.376128231597,"OPERATE_INCOME_QOQ":3.397372988257,"NET_PROFIT_RATIO":18.8109238258,"ROE_AVG":10.614397470306,"GROSS_PROFIT_QOQ":0.428589857437,"ROA":3.5095845804,"HOLDER_PROFIT_QOQ":3.384919653073,"ROE_YEARLY":10.614397470306,"ROIC_YEARLY":3.980137924765,"TOTAL_ASSETS":31011447411.42,"TOTAL_LIABILITIES":18820666044.18,"TAX_EBT":24.302527484465,"OCF_SALES":-7.886769905934,"TOTAL_PARENT_EQUITY":10336454972.62,"DEBT_ASSET_RATIO":60.6894150876,"OPERATE_PROFIT":2018257967.74,"PRETAX_PROFIT":1509873985.06,"NETCASH_OPERATE":-479193730.26,"NETCASH_INVEST":-15080407.02,"NETCASH_FINANCE":-343715652.7,"END_CASH":1687297361.54,"DIVI_RATIO":0.287757166061,"DIVIDEND_RATE":8.561151079137,"CURRENT_RATIO":1.209474241259,"COMMON_ACS":10000000000,"CURRENTDEBT_DEBT":38.223849508475,"ISSUED_COMMON_SHARES":2860876723,"HK_COMMON_SHARES":2860876723,"PER_SHARES":1000,"TOTAL_MARKET_CAP":3976618644.97,"HKSK_MARKET_CAP":3976618644.97,"PE_TTM":3.499404810907,"PB_TTM":0.340562857427,"REPORT_DATE_SQ":"2022-12-31 00:00:00","REPORT_TYPE_SQ":"2022年年报","OPERATE_INCOME_SQ":6009891082.09,"DPS_HKD":0.119,"OPERATE_INCOME_QOQ_SQ":-0.440757848082,"NET_PROFIT_RATIO_SQ":15.8578215381,"HOLDER_PROFIT_SQ":902707397.55,"HOLDER_PROFIT_QOQ_SQ":-6.938123389439,"ROE_AVG_SQ":8.547972249848,"PE_TTM_SQ":3.057861620366,"PB_TTM_SQ":0.306619337518,"ROA_SQ":3.043164366967,"START_DATE":"2023-01-01 00:00:00","FISCAL_YEAR":"12-31","CURRENCY":"HKD","IS_CNY_CODE":0,"DPS_HKD_LY":0.1177,"ORG_TYPE":"一般企业","PREMIUM_INCOME":null,"PREMIUM_INCOME_YOY":null,"NET_INTEREST_INCOME":null,"NET_INTEREST_INCOME_YOY":null,"FEE_COMMISSION_INCOME":null,"FEE_COMMISSION_INCOME_YOY":null,"ACCOUNTS_RECE_TDAYS":1.465430547066,"INVENTORY_TDAYS":53.862496184689,"CURRENT_ASSETS_TDAYS":0.723544319124,"TOTAL_ASSETS_TDAYS":0.198167574379,"PREMIUM_EXPENSE":null,"LOAN_DEPOSIT":null,"LOAN_EQUITY":null,"LOAN_ASSETS":null,"DEPOSIT_EQUITY":null,"DEPOSIT_ASSETS":null,"EQUITY_MULTIPLIER":2.543844112797,"EQUITY_RATIO":1.82080472406},{"SECUCODE":"01857.HK","SECURITY_CODE":"01857","SECURITY_NAME_ABBR":"中国光大水务","ORG_CODE":"10661825","STD_REPORT_DATE":"2023-06-30 00:00:00","REPORT_DATE":"2023-06-30 00:00:00","DATE_TYPE_CODE":"002","REPORT_TYPE":"2023年中报","PER_NETCASH_OPERATE":-0.172359358065,"PER_OI":0.993241804918,"BPS":3.608304710842,"BASIC_EPS":0.20375758,"DILUTED_EPS":0.20375758,"OPERATE_INCOME":2841542360,"OPERATE_INCOME_YOY":-11.4097717724,"GROSS_PROFIT":1299753007.18,"GROSS_PROFIT_YOY":24.580824784522,"HOLDER_PROFIT":582864692.24,"HOLDER_PROFIT_YOY":21.5615241436,"GROSS_PROFIT_RATIO":45.741109669046,"EPS_TTM":0.363813439,"OPERATE_INCOME_QOQ":-2.223193092603,"NET_PROFIT_RATIO":21.8966255678,"ROE_AVG":5.704650248988,"GROSS_PROFIT_QOQ":11.197150425359,"ROA":1.887999655961,"HOLDER_PROFIT_QOQ":15.300417607617,"ROE_YEARLY":11.409300497975,"ROIC_YEARLY":4.316696761609,"TOTAL_ASSETS":30907470079.42,"TOTAL_LIABILITIES":18693687546.22,"TAX_EBT":23.306031950233,"OCF_SALES":-17.35321219987,"TOTAL_PARENT_EQUITY":10322914956.74,"DEBT_ASSET_RATIO":60.4827489865,"OPERATE_PROFIT":1073768333.34,"PRETAX_PROFIT":811278783.38,"NETCASH_OPERATE":-493098875.48,"NETCASH_INVEST":3747848.7,"NETCASH_FINANCE":-20696607.04,"END_CASH":2087608888.66,"DIVI_RATIO":0.297497514928,"DIVIDEND_RATE":8.561151079137,"CURRENT_RATIO":0.948794226155,"COMMON_ACS":10000000000,"CURRENTDEBT_DEBT":47.963874193741,"ISSUED_COMMON_SHARES":2860876723,"HK_COMMON_SHARES":2860876723,"PER_SHARES":1000,"TOTAL_MARKET_CAP":3976618644.97,"HKSK_MARKET_CAP":3976618644.97,"PE_TTM":3.499404810907,"PB_TTM":0.340562857427,"REPORT_DATE_SQ":"2022-06-30 00:00:00","REPORT_TYPE_SQ":"2022年中报","OPERATE_INCOME_SQ":2975153843.41,"DPS_HKD":0.119,"OPERATE_INCOME_QOQ_SQ":6.81127443067,"NET_PROFIT_RATIO_SQ":15.824853497,"HOLDER_PROFIT_SQ":444746690.64,"HOLDER_PROFIT_QOQ_SQ":-1.159709321312,"ROE_AVG_SQ":4.45255349777,"PE_TTM_SQ":3.057861620366,"PB_TTM_SQ":0.306619337518,"ROA_SQ":1.541272142251,"START_DATE":"2023-01-01 00:00:00","FISCAL_YEAR":"12-31","CURRENCY":"HKD","IS_CNY_CODE":0,"DPS_HKD_LY":0.1177,"ORG_TYPE":"一般企业","PREMIUM_INCOME":null,"PREMIUM_INCOME_YOY":null,"NET_INTEREST_INCOME":null,"NET_INTEREST_INCOME_YOY":null,"FEE_COMMISSION_INCOME":null,"FEE_COMMISSION_INCOME_YOY":null,"ACCOUNTS_RECE_TDAYS":0.74187940536,"INVENTORY_TDAYS":18.558282514968,"CURRENT_ASSETS_TDAYS":0.339454921526,"TOTAL_ASSETS_TDAYS":0.092042476916,"PREMIUM_EXPENSE":null,"LOAN_DEPOSIT":null,"LOAN_EQUITY":null,"LOAN_ASSETS":null,"DEPOSIT_EQUITY":null,"DEPOSIT_ASSETS":null,"EQUITY_MULTIPLIER":2.530540395278,"EQUITY_RATIO":1.810892332695},{"SECUCODE":"01857.HK","SECURITY_CODE":"01857","SECURITY_NAME_ABBR":"中国光大水务","ORG_CODE":"10661825","STD_REPORT_DATE":"2022-12-31 00:00:00","REPORT_DATE":"2022-12-31 00:00:00","DATE_TYPE_CODE":"001","REPORT_TYPE":"2022年年报","PER_NETCASH_OPERATE":-0.199715490093,"PER_OI":2.1007165509,"BPS":3.42445017415,"BASIC_EPS":0.315502964,"DILUTED_EPS":0.315502964,"OPERATE_INCOME":6009891082.09,"OPERATE_INCOME_YOY":-2.6677387542,"GROSS_PROFIT":2290332667.49,"GROSS_PROFIT_YOY":-0.010761422858,"HOLDER_PROFIT":902707397.55,"HOLDER_PROFIT_YOY":-15.8093322747,"GROSS_PROFIT_RATIO":38.109387278505,"EPS_TTM":0.315535230964,"OPERATE_INCOME_QOQ":-0.440757848082,"NET_PROFIT_RATIO":15.8578215381,"ROE_AVG":8.547972249848,"GROSS_PROFIT_QOQ":-0.527342020499,"ROA":3.043164366967,"HOLDER_PROFIT_QOQ":-6.938123389439,"ROE_YEARLY":8.547972249848,"ROIC_YEARLY":3.439169973557,"TOTAL_ASSETS":29876443303.77,"TOTAL_LIABILITIES":18263149012.71,"TAX_EBT":22.800196814784,"OCF_SALES":-9.507017498748,"TOTAL_PARENT_EQUITY":9796929792.3,"DEBT_ASSET_RATIO":61.128926315,"OPERATE_PROFIT":1685687137.19,"PRETAX_PROFIT":1234508072.7,"NETCASH_OPERATE":-571361396.83,"NETCASH_INVEST":-316167556.88,"NETCASH_FINANCE":1594829072.41,"END_CASH":2541344217.3,"DIVI_RATIO":0.343015877084,"DIVIDEND_RATE":8.561151079137,"CURRENT_RATIO":1.001458423875,"COMMON_ACS":10000000000,"CURRENTDEBT_DEBT":43.621486492257,"ISSUED_COMMON_SHARES":2860876723,"HK_COMMON_SHARES":2860876723,"PER_SHARES":1000,"TOTAL_MARKET_CAP":3976618644.97,"HKSK_MARKET_CAP":3976618644.97,"PE_TTM":3.499404810907,"PB_TTM":0.340562857427,"REPORT_DATE_SQ":"2021-12-31 00:00:00","REPORT_TYPE_SQ":"2021年年报","OPERATE_INCOME_SQ":5651554529.6,"DPS_HKD":0.119,"OPERATE_INCOME_QOQ_SQ":4.27044084885,"NET_PROFIT_RATIO_SQ":18.5607225075,"HOLDER_PROFIT_SQ":981388990.4,"HOLDER_PROFIT_QOQ_SQ":3.442000326792,"ROE_AVG_SQ":10.715129937116,"PE_TTM_SQ":3.057861620366,"PB_TTM_SQ":0.306619337518,"ROA_SQ":4.009329825463,"START_DATE":"2022-01-01 00:00:00","FISCAL_YEAR":"12-31","CURRENCY":"HKD","IS_CNY_CODE":0,"DPS_HKD_LY":0.1228,"ORG_TYPE":"一般企业","PREMIUM_INCOME":null,"PREMIUM_INCOME_YOY":null,"NET_INTEREST_INCOME":null,"NET_INTEREST_INCOME_YOY":null,"FEE_COMMISSION_INCOME":null,"FEE_COMMISSION_INCOME_YOY":null,"ACCOUNTS_RECE_TDAYS":2.028342364646,"INVENTORY_TDAYS":53.381279285169,"CURRENT_ASSETS_TDAYS":0.822323277546,"TOTAL_ASSETS_TDAYS":0.202602597918,"PREMIUM_EXPENSE":null,"LOAN_DEPOSIT":null,"LOAN_EQUITY":null,"LOAN_ASSETS":null,"DEPOSIT_EQUITY":null,"DEPOSIT_ASSETS":null,"EQUITY_MULTIPLIER":2.572607096227,"EQUITY_RATIO":1.864170653449},{"SECUCODE":"01857.HK","SECURITY_CODE":"01857","SECURITY_NAME_ABBR":"中国光大水务","ORG_CODE":"10661825","STD_REPORT_DATE":"2022-06-30 00:00:00","REPORT_DATE":"2022-06-30 00:00:00","DATE_TYPE_CODE":"002","REPORT_TYPE":"2022年中报","PER_NETCASH_OPERATE":-0.155385541745,"PER_OI":1.039944790173,"BPS":3.434602989372,"BASIC_EPS":0.155473542,"DILUTED_EPS":0.155473542,"OPERATE_INCOME":2975153843.41,"OPERATE_INCOME_YOY":11.7575214388,"GROSS_PROFIT":1043301013.16,"GROSS_PROFIT_YOY":1.153320975299,"HOLDER_PROFIT":444746690.64,"HOLDER_PROFIT_YOY":-5.1300854832,"GROSS_PROFIT_RATIO":35.067128225013,"EPS_TTM":0.339059604701,"OPERATE_INCOME_QOQ":6.81127443067,"NET_PROFIT_RATIO":15.824853497,"ROE_AVG":4.45255349777,"GROSS_PROFIT_QOQ":0.519319185929,"ROA":1.541272142251,"HOLDER_PROFIT_QOQ":-1.159709321312,"ROE_YEARLY":8.90510699554,"ROIC_YEARLY":3.570303164362,"TOTAL_ASSETS":29516658790.22,"TOTAL_LIABILITIES":17892423720.78,"TAX_EBT":20.400414670786,"OCF_SALES":-14.941710676732,"TOTAL_PARENT_EQUITY":9825975745.04,"DEBT_ASSET_RATIO":60.6180524969,"OPERATE_PROFIT":787671894.31,"PRETAX_PROFIT":591477625.27,"NETCASH_OPERATE":-444538879.47,"NETCASH_INVEST":-212094816.71,"NETCASH_FINANCE":1978445291.83,"END_CASH":3027818153.99,"DIVI_RATIO":0.319217012287,"DIVIDEND_RATE":8.561151079137,"CURRENT_RATIO":1.4105293229,"COMMON_ACS":10000000000,"CURRENTDEBT_DEBT":31.236671430037,"ISSUED_COMMON_SHARES":2860876723,"HK_COMMON_SHARES":2860876723,"PER_SHARES":1000,"TOTAL_MARKET_CAP":3976618644.97,"HKSK_MARKET_CAP":3976618644.97,"PE_TTM":3.499404810907,"PB_TTM":0.340562857427,"REPORT_DATE_SQ":"2021-06-30 00:00:00","REPORT_TYPE_SQ":"2021年中报","OPERATE_INCOME_SQ":2590210954.8,"DPS_HKD":0.119,"OPERATE_INCOME_QOQ_SQ":13.713333334933,"NET_PROFIT_RATIO_SQ":18.5398667174,"HOLDER_PROFIT_SQ":456127950.24,"HOLDER_PROFIT_QOQ_SQ":10.053289180442,"ROE_AVG_SQ":5.034777592724,"PE_TTM_SQ":3.057861620366,"PB_TTM_SQ":0.306619337518,"ROA_SQ":1.906401361132,"START_DATE":"2022-01-01 00:00:00","FISCAL_YEAR":"12-31","CURRENCY":"HKD","IS_CNY_CODE":0,"DPS_HKD_LY":0.1228,"ORG_TYPE":"一般企业","PREMIUM_INCOME":null,"PREMIUM_INCOME_YOY":null,"NET_INTEREST_INCOME":null,"NET_INTEREST_INCOME_YOY":null,"FEE_COMMISSION_INCOME":null,"FEE_COMMISSION_INCOME_YOY":null,"ACCOUNTS_RECE_TDAYS":1.116208162516,"INVENTORY_TDAYS":34.533773609423,"CURRENT_ASSETS_TDAYS":0.417887307787,"TOTAL_ASSETS_TDAYS":0.103104122735,"PREMIUM_EXPENSE":null,"LOAN_DEPOSIT":null,"LOAN_EQUITY":null,"LOAN_ASSETS":null,"DEPOSIT_EQUITY":null,"DEPOSIT_ASSETS":null,"EQUITY_MULTIPLIER":2.539234505661,"EQUITY_RATIO":1.820930987929},{"SECUCODE":"01857.HK","SECURITY_CODE":"01857","SECURITY_NAME_ABBR":"中国光大水务","ORG_CODE":"10661825","STD_REPORT_DATE":"2021-12-31 00:00:00","REPORT_DATE":"2021-12-31 00:00:00","DATE_TYPE_CODE":"001","REPORT_TYPE":"2021年年报","PER_NETCASH_OPERATE":-0.191231477121,"PER_OI":1.975462446237,"BPS":3.392309701001,"BASIC_EPS":0.34306496,"DILUTED_EPS":0.34306496,"OPERATE_INCOME":5651554529.6,"OPERATE_INCOME_YOY":22.0557054095,"GROSS_PROFIT":2290579166.4,"GROSS_PROFIT_YOY":23.67743247782,"HOLDER_PROFIT":981388990.4,"HOLDER_PROFIT_YOY":17.1886151224,"GROSS_PROFIT_RATIO":40.530072821612,"EPS_TTM":0.343037846584,"OPERATE_INCOME_QOQ":4.27044084885,"NET_PROFIT_RATIO":18.5607225075,"ROE_AVG":10.715129937116,"GROSS_PROFIT_QOQ":10.222978301179,"ROA":4.009329825463,"HOLDER_PROFIT_QOQ":3.442000326792,"ROE_YEARLY":10.715129937116,"ROIC_YEARLY":4.46962021006,"TOTAL_ASSETS":26955663705.6,"TOTAL_LIABILITIES":16193405222.4,"TAX_EBT":23.988947173223,"OCF_SALES":-9.680339785003,"TOTAL_PARENT_EQUITY":9704979860.8,"DEBT_ASSET_RATIO":60.0742218751,"OPERATE_PROFIT":1723464008,"PRETAX_PROFIT":1380022134.4,"NETCASH_OPERATE":-547089681.6,"NETCASH_INVEST":-929498371.2,"NETCASH_FINANCE":1898228460.8,"END_CASH":1864946417.6,"DIVI_RATIO":0.31551502284,"DIVIDEND_RATE":8.561151079137,"CURRENT_RATIO":1.110677457542,"COMMON_ACS":10000000000,"CURRENTDEBT_DEBT":33.783706411746,"ISSUED_COMMON_SHARES":2860876723,"HK_COMMON_SHARES":2860876723,"PER_SHARES":1000,"TOTAL_MARKET_CAP":3976618644.97,"HKSK_MARKET_CAP":3976618644.97,"PE_TTM":3.499404810907,"PB_TTM":0.340562857427,"REPORT_DATE_SQ":"2020-12-31 00:00:00","REPORT_TYPE_SQ":"2020年年报","OPERATE_INCOME_SQ":4766453078.88,"DPS_HKD":0.119,"OPERATE_INCOME_QOQ_SQ":0.929311376331,"NET_PROFIT_RATIO_SQ":19.1825531864,"HOLDER_PROFIT_SQ":862067444.44,"HOLDER_PROFIT_QOQ_SQ":15.528653181265,"ROE_AVG_SQ":10.589865925793,"PE_TTM_SQ":3.057861620366,"PB_TTM_SQ":0.306619337518,"ROA_SQ":4.130910789179,"START_DATE":"2021-01-01 00:00:00","FISCAL_YEAR":"12-31","CURRENCY":"HKD","IS_CNY_CODE":0,"DPS_HKD_LY":0.1182,"ORG_TYPE":"一般企业","PREMIUM_INCOME":null,"PREMIUM_INCOME_YOY":null,"NET_INTEREST_INCOME":null,"NET_INTEREST_INCOME_YOY":null,"FEE_COMMISSION_INCOME":null,"FEE_COMMISSION_INCOME_YOY":null,"ACCOUNTS_RECE_TDAYS":2.861109725657,"INVENTORY_TDAYS":50.183507294146,"CURRENT_ASSETS_TDAYS":1.072364590597,"TOTAL_ASSETS_TDAYS":0.230886492078,"PREMIUM_EXPENSE":null,"LOAN_DEPOSIT":null,"LOAN_EQUITY":null,"LOAN_ASSETS":null,"DEPOSIT_EQUITY":null,"DEPOSIT_ASSETS":null,"EQUITY_MULTIPLIER":2.504647490831,"EQUITY_RATIO":1.668566597218},{"SECUCODE":"01857.HK","SECURITY_CODE":"01857","SECURITY_NAME_ABBR":"中国光大水务","ORG_CODE":"10661825","STD_REPORT_DATE":"2021-06-30 00:00:00","REPORT_DATE":"2021-06-30 00:00:00","DATE_TYPE_CODE":"002","REPORT_TYPE":"2021年中报","PER_NETCASH_OPERATE":-0.112103834626,"PER_OI":0.905390621685,"BPS":3.269527745142,"BASIC_EPS":0.159426528,"DILUTED_EPS":0.159426528,"OPERATE_INCOME":2590210954.8,"OPERATE_INCOME_YOY":46.8306002681,"GROSS_PROFIT":1031405596.08,"GROSS_PROFIT_YOY":28.072011643766,"HOLDER_PROFIT":456127950.24,"HOLDER_PROFIT_YOY":35.5289475441,"GROSS_PROFIT_RATIO":39.81936661061,"EPS_TTM":0.331623369135,"OPERATE_INCOME_QOQ":13.713333334933,"NET_PROFIT_RATIO":18.5398667174,"ROE_AVG":5.034777592724,"GROSS_PROFIT_QOQ":12.20657832333,"ROA":1.906401361132,"HOLDER_PROFIT_QOQ":10.053289180442,"ROE_YEARLY":10.069555185448,"ROIC_YEARLY":4.248629680559,"TOTAL_ASSETS":25463026756.56,"TOTAL_LIABILITIES":15075488146.8,"TAX_EBT":26.321876938868,"OCF_SALES":-12.381819729612,"TOTAL_PARENT_EQUITY":9353715821.28,"DEBT_ASSET_RATIO":59.2054051191,"OPERATE_PROFIT":823716763.92,"PRETAX_PROFIT":651783241.44,"NETCASH_OPERATE":-320715251.04,"NETCASH_INVEST":-774410199.36,"NETCASH_FINANCE":1360875992.88,"END_CASH":1717373180.16,"DIVI_RATIO":0.326375050957,"DIVIDEND_RATE":8.561151079137,"CURRENT_RATIO":1.076472064337,"COMMON_ACS":10000000000,"CURRENTDEBT_DEBT":33.982619888083,"ISSUED_COMMON_SHARES":2860876723,"HK_COMMON_SHARES":2860876723,"PER_SHARES":1000,"TOTAL_MARKET_CAP":3976618644.97,"HKSK_MARKET_CAP":3976618644.97,"PE_TTM":3.499404810907,"PB_TTM":0.340562857427,"REPORT_DATE_SQ":"2020-06-30 00:00:00","REPORT_TYPE_SQ":"2020年中报","OPERATE_INCOME_SQ":1936571355.84,"DPS_HKD":0.119,"OPERATE_INCOME_QOQ_SQ":-5.021964364509,"NET_PROFIT_RATIO_SQ":20.1200328666,"HOLDER_PROFIT_SQ":369461817.12,"HOLDER_PROFIT_QOQ_SQ":-0.056759633383,"ROE_AVG_SQ":4.555596915953,"PE_TTM_SQ":3.057861620366,"PB_TTM_SQ":0.306619337518,"ROA_SQ":1.760341395851,"START_DATE":"2021-01-01 00:00:00","FISCAL_YEAR":"12-31","CURRENCY":"HKD","IS_CNY_CODE":0,"DPS_HKD_LY":0.1182,"ORG_TYPE":"一般企业","PREMIUM_INCOME":null,"PREMIUM_INCOME_YOY":null,"NET_INTEREST_INCOME":null,"NET_INTEREST_INCOME_YOY":null,"FEE_COMMISSION_INCOME":null,"FEE_COMMISSION_INCOME_YOY":null,"ACCOUNTS_RECE_TDAYS":1.435340546612,"INVENTORY_TDAYS":23.617309086325,"CURRENT_ASSETS_TDAYS":0.515053936191,"TOTAL_ASSETS_TDAYS":0.108258695554,"PREMIUM_EXPENSE":null,"LOAN_DEPOSIT":null,"LOAN_EQUITY":null,"LOAN_ASSETS":null,"DEPOSIT_EQUITY":null,"DEPOSIT_ASSETS":null,"EQUITY_MULTIPLIER":2.451305137162,"EQUITY_RATIO":1.611711156811},{"SECUCODE":"01857.HK","SECURITY_CODE":"01857","SECURITY_NAME_ABBR":"中国光大水务","ORG_CODE":"10661825","STD_REPORT_DATE":"2020-12-31 00:00:00","REPORT_DATE":"2020-12-31 00:00:00","DATE_TYPE_CODE":"001","REPORT_TYPE":"2020年年报","PER_NETCASH_OPERATE":-0.389020063973,"PER_OI":1.666081254239,"BPS":3.099078785619,"BASIC_EPS":0.30130712,"DILUTED_EPS":0.30130712,"OPERATE_INCOME":4766453078.88,"OPERATE_INCOME_YOY":2.0270870381,"GROSS_PROFIT":1852059119.04,"GROSS_PROFIT_YOY":9.252437523072,"HOLDER_PROFIT":862067444.44,"HOLDER_PROFIT_YOY":22.8904488754,"GROSS_PROFIT_RATIO":38.856128202466,"EPS_TTM":0.30132981177,"OPERATE_INCOME_QOQ":0.929311376331,"NET_PROFIT_RATIO":19.1825531864,"ROE_AVG":10.589865925793,"GROSS_PROFIT_QOQ":9.512743235464,"ROA":4.130910789179,"HOLDER_PROFIT_QOQ":15.528653181265,"ROE_YEARLY":10.589865925793,"ROIC_YEARLY":4.6361806639,"TOTAL_ASSETS":22646456915.76,"TOTAL_LIABILITIES":13046829747,"TAX_EBT":26.759640419986,"OCF_SALES":-23.349405257578,"TOTAL_PARENT_EQUITY":8866082360.52,"DEBT_ASSET_RATIO":57.6109092717,"OPERATE_PROFIT":1525093762,"PRETAX_PROFIT":1248392829.04,"NETCASH_OPERATE":-1112938445.8,"NETCASH_INVEST":-139690357.36,"NETCASH_FINANCE":869937620.08,"END_CASH":1433190882.2,"DIVI_RATIO":0.359186478643,"DIVIDEND_RATE":8.561151079137,"CURRENT_RATIO":1.122307004194,"COMMON_ACS":10000000000,"CURRENTDEBT_DEBT":31.383885934907,"ISSUED_COMMON_SHARES":2860876723,"HK_COMMON_SHARES":2860876723,"PER_SHARES":1000,"TOTAL_MARKET_CAP":3976618644.97,"HKSK_MARKET_CAP":3976618644.97,"PE_TTM":3.499404810907,"PB_TTM":0.340562857427,"REPORT_DATE_SQ":"2019-12-31 00:00:00","REPORT_TYPE_SQ":"2019年年报","OPERATE_INCOME_SQ":4972271437.94,"DPS_HKD":0.119,"OPERATE_INCOME_QOQ_SQ":6.470254427675,"NET_PROFIT_RATIO_SQ":15.9388431125,"HOLDER_PROFIT_SQ":746617401.74,"HOLDER_PROFIT_QOQ_SQ":9.229223594751,"ROE_AVG_SQ":9.92639963452,"PE_TTM_SQ":3.057861620366,"PB_TTM_SQ":0.306619337518,"ROA_SQ":3.943855574814,"START_DATE":"2020-01-01 00:00:00","FISCAL_YEAR":"12-31","CURRENCY":"HKD","IS_CNY_CODE":0,"DPS_HKD_LY":0.0748,"ORG_TYPE":"一般企业","PREMIUM_INCOME":null,"PREMIUM_INCOME_YOY":null,"NET_INTEREST_INCOME":null,"NET_INTEREST_INCOME_YOY":null,"FEE_COMMISSION_INCOME":null,"FEE_COMMISSION_INCOME_YOY":null,"ACCOUNTS_RECE_TDAYS":3.350693563131,"INVENTORY_TDAYS":52.629870277911,"CURRENT_ASSETS_TDAYS":1.091541768064,"TOTAL_ASSETS_TDAYS":0.22840199542,"PREMIUM_EXPENSE":null,"LOAN_DEPOSIT":null,"LOAN_EQUITY":null,"LOAN_ASSETS":null,"DEPOSIT_EQUITY":null,"DEPOSIT_ASSETS":null,"EQUITY_MULTIPLIER":2.359097548022,"EQUITY_RATIO":1.4715439375},{"SECUCODE":"01857.HK","SECURITY_CODE":"01857","SECURITY_NAME_ABBR":"中国光大水务","ORG_CODE":"10661825","STD_REPORT_DATE":"2020-06-30 00:00:00","REPORT_DATE":"2020-06-30 00:00:00","DATE_TYPE_CODE":"002","REPORT_TYPE":"2020年中报","PER_NETCASH_OPERATE":-0.233697139421,"PER_OI":0.67691534566,"BPS":2.85669708888,"BASIC_EPS":0.129160416,"DILUTED_EPS":0.129160416,"OPERATE_INCOME":1936571355.84,"OPERATE_INCOME_YOY":-14.6972317156,"GROSS_PROFIT":805332549.12,"GROSS_PROFIT_YOY":-0.497851656475,"HOLDER_PROFIT":369461817.12,"HOLDER_PROFIT_YOY":-3.8084411646,"GROSS_PROFIT_RATIO":41.585482853054,"EPS_TTM":0.260826906116,"OPERATE_INCOME_QOQ":-5.021964364509,"NET_PROFIT_RATIO":20.1200328666,"ROE_AVG":4.555596915953,"GROSS_PROFIT_QOQ":-0.237694449706,"ROA":1.760341395851,"HOLDER_PROFIT_QOQ":-0.056759633383,"ROE_YEARLY":9.111193831907,"ROIC_YEARLY":3.99432323846,"TOTAL_ASSETS":21256567242.24,"TOTAL_LIABILITIES":12381489204.48,"TAX_EBT":27.048252319922,"OCF_SALES":-34.523835353849,"TOTAL_PARENT_EQUITY":8172658206.24,"DEBT_ASSET_RATIO":58.2478302511,"OPERATE_PROFIT":691291392,"PRETAX_PROFIT":534104809.92,"NETCASH_OPERATE":-668578706.4,"NETCASH_INVEST":-64704435.84,"NETCASH_FINANCE":579729311.04,"END_CASH":1693337812.32,"DIVI_RATIO":0.414963301186,"DIVIDEND_RATE":8.561151079137,"CURRENT_RATIO":1.114957927148,"COMMON_ACS":10000000000,"CURRENTDEBT_DEBT":33.184943007609,"ISSUED_COMMON_SHARES":2860876723,"HK_COMMON_SHARES":2860876723,"PER_SHARES":1000,"TOTAL_MARKET_CAP":3976618644.97,"HKSK_MARKET_CAP":3976618644.97,"PE_TTM":3.499404810907,"PB_TTM":0.340562857427,"REPORT_DATE_SQ":"2019-06-30 00:00:00","REPORT_TYPE_SQ":"2019年中报","OPERATE_INCOME_SQ":2186277055.56,"DPS_HKD":0.119,"OPERATE_INCOME_QOQ_SQ":-2.154656245278,"NET_PROFIT_RATIO_SQ":18.0550470233,"HOLDER_PROFIT_SQ":369885594.42,"HOLDER_PROFIT_QOQ_SQ":3.672919385386,"ROE_AVG_SQ":5.062848995951,"PE_TTM_SQ":3.057861620366,"PB_TTM_SQ":0.306619337518,"ROA_SQ":2.057556604129,"START_DATE":"2020-01-01 00:00:00","FISCAL_YEAR":"12-31","CURRENCY":"HKD","IS_CNY_CODE":0,"DPS_HKD_LY":0.0748,"ORG_TYPE":"一般企业","PREMIUM_INCOME":null,"PREMIUM_INCOME_YOY":null,"NET_INTEREST_INCOME":null,"NET_INTEREST_INCOME_YOY":null,"FEE_COMMISSION_INCOME":null,"FEE_COMMISSION_INCOME_YOY":null,"ACCOUNTS_RECE_TDAYS":1.389847575306,"INVENTORY_TDAYS":25.290244848782,"CURRENT_ASSETS_TDAYS":0.426925544889,"TOTAL_ASSETS_TDAYS":0.092270068671,"PREMIUM_EXPENSE":null,"LOAN_DEPOSIT":null,"LOAN_EQUITY":null,"LOAN_ASSETS":null,"DEPOSIT_EQUITY":null,"DEPOSIT_ASSETS":null,"EQUITY_MULTIPLIER":2.395085108185,"EQUITY_RATIO":1.514989235085}],"count":21},"success":true,"message":"ok","code":0}