{"version":"cb4bcacd3a8803b09adc38342071fb8a","result":{"pages":2,"data":[{"SECUCODE":"01859.HK","SECURITY_CODE":"01859","SECURITY_NAME_ABBR":"煜盛文化","ORG_CODE":"10000048858","STD_REPORT_DATE":"2024-06-30 00:00:00","REPORT_DATE":"2024-06-30 00:00:00","DATE_TYPE_CODE":"002","REPORT_TYPE":"2024年中报","PER_NETCASH_OPERATE":0.0000725,"PER_OI":null,"BPS":0.039789375,"BASIC_EPS":-0.008,"DILUTED_EPS":-0.008,"OPERATE_INCOME":null,"OPERATE_INCOME_YOY":null,"GROSS_PROFIT":null,"GROSS_PROFIT_YOY":null,"HOLDER_PROFIT":-12921000,"HOLDER_PROFIT_YOY":92.0770891075,"GROSS_PROFIT_RATIO":null,"EPS_TTM":-0.711438125,"OPERATE_INCOME_QOQ":null,"NET_PROFIT_RATIO":null,"ROE_AVG":-19.061458118196,"GROSS_PROFIT_QOQ":null,"ROA":-2.250476795931,"HOLDER_PROFIT_QOQ":11.654419525885,"ROE_YEARLY":-38.122916236391,"ROIC_YEARLY":-4.50173766865,"TOTAL_ASSETS":574370000,"TOTAL_LIABILITIES":510707000,"TAX_EBT":null,"OCF_SALES":null,"TOTAL_PARENT_EQUITY":63663000,"DEBT_ASSET_RATIO":88.9160297369,"OPERATE_PROFIT":-9256000,"PRETAX_PROFIT":-12921000,"NETCASH_OPERATE":116000,"NETCASH_INVEST":null,"NETCASH_FINANCE":-55000,"END_CASH":103000,"DIVI_RATIO":null,"DIVIDEND_RATE":null,"CURRENT_RATIO":1.179764800631,"COMMON_ACS":5000000000,"CURRENTDEBT_DEBT":95.306310663453,"ISSUED_COMMON_SHARES":1600000000,"HK_COMMON_SHARES":1600000000,"PER_SHARES":1000,"TOTAL_MARKET_CAP":128000000,"HKSK_MARKET_CAP":128000000,"PE_TTM":-0.10166208599,"PB_TTM":1.835022540565,"REPORT_DATE_SQ":"2023-06-30 00:00:00","REPORT_TYPE_SQ":"2023年中报","OPERATE_INCOME_SQ":2170000,"DPS_HKD":null,"OPERATE_INCOME_QOQ_SQ":-515.035474322229,"NET_PROFIT_RATIO_SQ":-7515.3917050691,"HOLDER_PROFIT_SQ":-163084000,"HOLDER_PROFIT_QOQ_SQ":-1798.90496675792,"ROE_AVG_SQ":-12.90935414442,"PE_TTM_SQ":8.271614527945,"PB_TTM_SQ":0.086974410154,"ROA_SQ":-9.366364445905,"START_DATE":"2024-01-01 00:00:00","FISCAL_YEAR":"12-31","CURRENCY":"HKD","IS_CNY_CODE":0,"DPS_HKD_LY":null,"ORG_TYPE":"一般企业","PREMIUM_INCOME":null,"PREMIUM_INCOME_YOY":null,"NET_INTEREST_INCOME":null,"NET_INTEREST_INCOME_YOY":null,"FEE_COMMISSION_INCOME":null,"FEE_COMMISSION_INCOME_YOY":null,"ACCOUNTS_RECE_TDAYS":null,"INVENTORY_TDAYS":null,"CURRENT_ASSETS_TDAYS":null,"TOTAL_ASSETS_TDAYS":null,"PREMIUM_EXPENSE":null,"LOAN_DEPOSIT":null,"LOAN_EQUITY":null,"LOAN_ASSETS":null,"DEPOSIT_EQUITY":null,"DEPOSIT_ASSETS":null,"EQUITY_MULTIPLIER":9.02203791839,"EQUITY_RATIO":8.022037918414},{"SECUCODE":"01859.HK","SECURITY_CODE":"01859","SECURITY_NAME_ABBR":"煜盛文化","ORG_CODE":"10000048858","STD_REPORT_DATE":"2023-12-31 00:00:00","REPORT_DATE":"2023-12-31 00:00:00","DATE_TYPE_CODE":"001","REPORT_TYPE":"2023年年报","PER_NETCASH_OPERATE":0.00819875,"PER_OI":0.00135625,"BPS":0.044943125,"BASIC_EPS":-0.805,"DILUTED_EPS":-0.805,"OPERATE_INCOME":2170000,"OPERATE_INCOME_YOY":-96.6013563251,"GROSS_PROFIT":2170000,"GROSS_PROFIT_YOY":-93.450440661596,"HOLDER_PROFIT":-1288464000,"HOLDER_PROFIT_YOY":-12697.4188502151,"GROSS_PROFIT_RATIO":null,"EPS_TTM":-0.80529,"OPERATE_INCOME_QOQ":100.818880284985,"NET_PROFIT_RATIO":-59376.2211981567,"ROE_AVG":-185.854203148575,"GROSS_PROFIT_QOQ":105.069619661714,"ROA":-110.476433822253,"HOLDER_PROFIT_QOQ":-641.502267443199,"ROE_YEARLY":-185.854203148575,"ROIC_YEARLY":-110.501683943489,"TOTAL_ASSETS":573920000,"TOTAL_LIABILITIES":502011000,"TAX_EBT":-2.554175747031,"OCF_SALES":604.516129032258,"TOTAL_PARENT_EQUITY":71909000,"DEBT_ASSET_RATIO":87.4705533872,"OPERATE_PROFIT":-1255167000,"PRETAX_PROFIT":-1256374000,"NETCASH_OPERATE":13118000,"NETCASH_INVEST":18000,"NETCASH_FINANCE":-3924000,"END_CASH":97000,"DIVI_RATIO":null,"DIVIDEND_RATE":null,"CURRENT_RATIO":1.201088526512,"COMMON_ACS":5000000000,"CURRENTDEBT_DEBT":95.159269418399,"ISSUED_COMMON_SHARES":1600000000,"HK_COMMON_SHARES":1600000000,"PER_SHARES":1000,"TOTAL_MARKET_CAP":128000000,"HKSK_MARKET_CAP":128000000,"PE_TTM":-0.10166208599,"PB_TTM":1.835022540565,"REPORT_DATE_SQ":"2022-12-31 00:00:00","REPORT_TYPE_SQ":"2022年年报","OPERATE_INCOME_SQ":63849000,"DPS_HKD":null,"OPERATE_INCOME_QOQ_SQ":-80.279275773244,"NET_PROFIT_RATIO_SQ":16.0190449341,"HOLDER_PROFIT_SQ":10228000,"HOLDER_PROFIT_QOQ_SQ":-18.599283724632,"ROE_AVG_SQ":0.78254319653,"PE_TTM_SQ":8.271614527945,"PB_TTM_SQ":0.086974410154,"ROA_SQ":0.619088043605,"START_DATE":"2023-01-01 00:00:00","FISCAL_YEAR":"12-31","CURRENCY":"HKD","IS_CNY_CODE":0,"DPS_HKD_LY":null,"ORG_TYPE":"一般企业","PREMIUM_INCOME":null,"PREMIUM_INCOME_YOY":null,"NET_INTEREST_INCOME":null,"NET_INTEREST_INCOME_YOY":null,"FEE_COMMISSION_INCOME":null,"FEE_COMMISSION_INCOME_YOY":null,"ACCOUNTS_RECE_TDAYS":0.005722777578,"INVENTORY_TDAYS":null,"CURRENT_ASSETS_TDAYS":0.001876070419,"TOTAL_ASSETS_TDAYS":0.001860617459,"PREMIUM_EXPENSE":null,"LOAN_DEPOSIT":null,"LOAN_EQUITY":null,"LOAN_ASSETS":null,"DEPOSIT_EQUITY":null,"DEPOSIT_ASSETS":null,"EQUITY_MULTIPLIER":7.981198459143,"EQUITY_RATIO":6.981198459164},{"SECUCODE":"01859.HK","SECURITY_CODE":"01859","SECURITY_NAME_ABBR":"煜盛文化","ORG_CODE":"10000048858","STD_REPORT_DATE":"2023-06-30 00:00:00","REPORT_DATE":"2023-06-30 00:00:00","DATE_TYPE_CODE":"002","REPORT_TYPE":"2023年中报","PER_NETCASH_OPERATE":0.01092875,"PER_OI":0.00135625,"BPS":0.757486875,"BASIC_EPS":-0.102,"DILUTED_EPS":-0.102,"OPERATE_INCOME":2170000,"OPERATE_INCOME_YOY":-99.3444405843,"GROSS_PROFIT":2170000,"GROSS_PROFIT_YOY":-97.221724323355,"HOLDER_PROFIT":-163084000,"HOLDER_PROFIT_YOY":-880.0076525732,"GROSS_PROFIT_RATIO":null,"EPS_TTM":-0.1086025,"OPERATE_INCOME_QOQ":-515.035474322229,"NET_PROFIT_RATIO":-7515.3917050691,"ROE_AVG":-12.90935414442,"GROSS_PROFIT_QOQ":-229.192321622601,"ROA":-9.366364445905,"HOLDER_PROFIT_QOQ":-1798.90496675792,"ROE_YEARLY":-25.81870828884,"ROIC_YEARLY":-18.735731056717,"TOTAL_ASSETS":1723694000,"TOTAL_LIABILITIES":511715000,"TAX_EBT":-24.005048892133,"OCF_SALES":805.806451612903,"TOTAL_PARENT_EQUITY":1211979000,"DEBT_ASSET_RATIO":29.6871138381,"OPERATE_PROFIT":-127226000,"PRETAX_PROFIT":-131514000,"NETCASH_OPERATE":17486000,"NETCASH_INVEST":null,"NETCASH_FINANCE":-5108000,"END_CASH":122000,"DIVI_RATIO":null,"DIVIDEND_RATE":null,"CURRENT_RATIO":3.533347588393,"COMMON_ACS":5000000000,"CURRENTDEBT_DEBT":95.048415621977,"ISSUED_COMMON_SHARES":1600000000,"HK_COMMON_SHARES":1600000000,"PER_SHARES":1000,"TOTAL_MARKET_CAP":128000000,"HKSK_MARKET_CAP":128000000,"PE_TTM":-0.10166208599,"PB_TTM":1.835022540565,"REPORT_DATE_SQ":"2022-06-30 00:00:00","REPORT_TYPE_SQ":"2022年中报","OPERATE_INCOME_SQ":331015000,"DPS_HKD":null,"OPERATE_INCOME_QOQ_SQ":6.874275849093,"NET_PROFIT_RATIO_SQ":6.3163300757,"HOLDER_PROFIT_SQ":20908000,"HOLDER_PROFIT_QOQ_SQ":-74.600254704967,"ROE_AVG_SQ":1.669788668869,"PE_TTM_SQ":8.271614527945,"PB_TTM_SQ":0.086974410154,"ROA_SQ":1.313407745952,"START_DATE":"2023-01-01 00:00:00","FISCAL_YEAR":"12-31","CURRENCY":"HKD","IS_CNY_CODE":0,"DPS_HKD_LY":null,"ORG_TYPE":"一般企业","PREMIUM_INCOME":null,"PREMIUM_INCOME_YOY":null,"NET_INTEREST_INCOME":null,"NET_INTEREST_INCOME_YOY":null,"FEE_COMMISSION_INCOME":null,"FEE_COMMISSION_INCOME_YOY":null,"ACCOUNTS_RECE_TDAYS":0.004294355298,"INVENTORY_TDAYS":null,"CURRENT_ASSETS_TDAYS":0.001255019717,"TOTAL_ASSETS_TDAYS":0.00124629092,"PREMIUM_EXPENSE":null,"LOAN_DEPOSIT":null,"LOAN_EQUITY":null,"LOAN_ASSETS":null,"DEPOSIT_EQUITY":null,"DEPOSIT_ASSETS":null,"EQUITY_MULTIPLIER":1.422214411306,"EQUITY_RATIO":0.422214411306},{"SECUCODE":"01859.HK","SECURITY_CODE":"01859","SECURITY_NAME_ABBR":"煜盛文化","ORG_CODE":"10000048858","STD_REPORT_DATE":"2022-12-31 00:00:00","REPORT_DATE":"2022-12-31 00:00:00","DATE_TYPE_CODE":"001","REPORT_TYPE":"2022年年报","PER_NETCASH_OPERATE":-0.011479375,"PER_OI":0.039905625,"BPS":0.821639375,"BASIC_EPS":0.006,"DILUTED_EPS":0.006,"OPERATE_INCOME":63849000,"OPERATE_INCOME_YOY":-83.615522002,"GROSS_PROFIT":33132000,"GROSS_PROFIT_YOY":-87.213596841606,"HOLDER_PROFIT":10228000,"HOLDER_PROFIT_YOY":-94.0978914446,"GROSS_PROFIT_RATIO":51.891180754593,"EPS_TTM":0.0063925,"OPERATE_INCOME_QOQ":-80.279275773244,"NET_PROFIT_RATIO":16.0190449341,"ROE_AVG":0.78254319653,"GROSS_PROFIT_QOQ":-52.901373212407,"ROA":0.619088043605,"HOLDER_PROFIT_QOQ":-18.599283724632,"ROE_YEARLY":0.78254319653,"ROIC_YEARLY":0.619847044197,"TOTAL_ASSETS":1758639000,"TOTAL_LIABILITIES":444016000,"TAX_EBT":51.624651184789,"OCF_SALES":-28.766308007956,"TOTAL_PARENT_EQUITY":1314623000,"DEBT_ASSET_RATIO":25.2477057543,"OPERATE_PROFIT":19593000,"PRETAX_PROFIT":21143000,"NETCASH_OPERATE":-18367000,"NETCASH_INVEST":354000,"NETCASH_FINANCE":14795000,"END_CASH":436000,"DIVI_RATIO":null,"DIVIDEND_RATE":null,"CURRENT_RATIO":3.976905438493,"COMMON_ACS":5000000000,"CURRENTDEBT_DEBT":98.514242729992,"ISSUED_COMMON_SHARES":1600000000,"HK_COMMON_SHARES":1600000000,"PER_SHARES":1000,"TOTAL_MARKET_CAP":128000000,"HKSK_MARKET_CAP":128000000,"PE_TTM":-0.10166208599,"PB_TTM":1.835022540565,"REPORT_DATE_SQ":"2021-12-31 00:00:00","REPORT_TYPE_SQ":"2021年年报","OPERATE_INCOME_SQ":389692000,"DPS_HKD":null,"OPERATE_INCOME_QOQ_SQ":-39.004717484491,"NET_PROFIT_RATIO_SQ":16.3295823279,"HOLDER_PROFIT_SQ":173294000,"HOLDER_PROFIT_QOQ_SQ":125.898508462863,"ROE_AVG_SQ":4.339129042798,"PE_TTM_SQ":8.271614527945,"PB_TTM_SQ":0.086974410154,"ROA_SQ":3.306652977234,"START_DATE":"2022-01-01 00:00:00","FISCAL_YEAR":"12-31","CURRENCY":"HKD","IS_CNY_CODE":0,"DPS_HKD_LY":null,"ORG_TYPE":"一般企业","PREMIUM_INCOME":null,"PREMIUM_INCOME_YOY":null,"NET_INTEREST_INCOME":null,"NET_INTEREST_INCOME_YOY":null,"FEE_COMMISSION_INCOME":null,"FEE_COMMISSION_INCOME_YOY":null,"ACCOUNTS_RECE_TDAYS":0.142446799136,"INVENTORY_TDAYS":null,"CURRENT_ASSETS_TDAYS":0.039641328828,"TOTAL_ASSETS_TDAYS":0.038647000876,"PREMIUM_EXPENSE":null,"LOAN_DEPOSIT":null,"LOAN_EQUITY":null,"LOAN_ASSETS":null,"DEPOSIT_EQUITY":null,"DEPOSIT_ASSETS":null,"EQUITY_MULTIPLIER":1.337751583534,"EQUITY_RATIO":0.337751583534},{"SECUCODE":"01859.HK","SECURITY_CODE":"01859","SECURITY_NAME_ABBR":"煜盛文化","ORG_CODE":"10000048858","STD_REPORT_DATE":"2022-06-30 00:00:00","REPORT_DATE":"2022-06-30 00:00:00","DATE_TYPE_CODE":"002","REPORT_TYPE":"2022年中报","PER_NETCASH_OPERATE":0.002435,"PER_OI":0.206884375,"BPS":0.753031875,"BASIC_EPS":0.013,"DILUTED_EPS":0.013,"OPERATE_INCOME":331015000,"OPERATE_INCOME_YOY":6.7136271318,"GROSS_PROFIT":78106000,"GROSS_PROFIT_YOY":-56.638612542192,"HOLDER_PROFIT":20908000,"HOLDER_PROFIT_YOY":-63.8344980281,"GROSS_PROFIT_RATIO":23.595909550927,"EPS_TTM":0.007853125,"OPERATE_INCOME_QOQ":6.874275849093,"NET_PROFIT_RATIO":6.3163300757,"ROE_AVG":1.669788668869,"GROSS_PROFIT_QOQ":-59.18848046041,"ROA":1.313407745952,"HOLDER_PROFIT_QOQ":-74.600254704967,"ROE_YEARLY":3.339577337738,"ROIC_YEARLY":2.641201248848,"TOTAL_ASSETS":1638203000,"TOTAL_LIABILITIES":433352000,"TAX_EBT":22.740373956101,"OCF_SALES":1.176985937193,"TOTAL_PARENT_EQUITY":1204851000,"DEBT_ASSET_RATIO":26.4528877068,"OPERATE_PROFIT":28444000,"PRETAX_PROFIT":27062000,"NETCASH_OPERATE":3896000,"NETCASH_INVEST":-9448000,"NETCASH_FINANCE":10900000,"END_CASH":13731000,"DIVI_RATIO":null,"DIVIDEND_RATE":null,"CURRENT_RATIO":3.66933713035,"COMMON_ACS":5000000000,"CURRENTDEBT_DEBT":98.048468681349,"ISSUED_COMMON_SHARES":1600000000,"HK_COMMON_SHARES":1600000000,"PER_SHARES":1000,"TOTAL_MARKET_CAP":128000000,"HKSK_MARKET_CAP":128000000,"PE_TTM":-0.10166208599,"PB_TTM":1.835022540565,"REPORT_DATE_SQ":"2021-06-30 00:00:00","REPORT_TYPE_SQ":"2021年中报","OPERATE_INCOME_SQ":310190000,"DPS_HKD":null,"OPERATE_INCOME_QOQ_SQ":-1.815762837849,"NET_PROFIT_RATIO_SQ":18.6376092073,"HOLDER_PROFIT_SQ":57812000,"HOLDER_PROFIT_QOQ_SQ":3.809140123379,"ROE_AVG_SQ":5.107883857755,"PE_TTM_SQ":8.271614527945,"PB_TTM_SQ":0.086974410154,"ROA_SQ":3.954241548537,"START_DATE":"2022-01-01 00:00:00","FISCAL_YEAR":"12-31","CURRENCY":"HKD","IS_CNY_CODE":0,"DPS_HKD_LY":null,"ORG_TYPE":"一般企业","PREMIUM_INCOME":null,"PREMIUM_INCOME_YOY":null,"NET_INTEREST_INCOME":null,"NET_INTEREST_INCOME_YOY":null,"FEE_COMMISSION_INCOME":null,"FEE_COMMISSION_INCOME_YOY":null,"ACCOUNTS_RECE_TDAYS":0.668845536012,"INVENTORY_TDAYS":null,"CURRENT_ASSETS_TDAYS":0.217712582428,"TOTAL_ASSETS_TDAYS":0.207938427887,"PREMIUM_EXPENSE":null,"LOAN_DEPOSIT":null,"LOAN_EQUITY":null,"LOAN_ASSETS":null,"DEPOSIT_EQUITY":null,"DEPOSIT_ASSETS":null,"EQUITY_MULTIPLIER":1.359672689817,"EQUITY_RATIO":0.359672689818},{"SECUCODE":"01859.HK","SECURITY_CODE":"01859","SECURITY_NAME_ABBR":"煜盛文化","ORG_CODE":"10000048858","STD_REPORT_DATE":"2021-12-31 00:00:00","REPORT_DATE":"2021-12-31 00:00:00","DATE_TYPE_CODE":"001","REPORT_TYPE":"2021年年报","PER_NETCASH_OPERATE":-0.133203125,"PER_OI":0.2435575,"BPS":0.734745625,"BASIC_EPS":0.108,"DILUTED_EPS":0.108,"OPERATE_INCOME":389692000,"OPERATE_INCOME_YOY":-40.1122471572,"GROSS_PROFIT":259119000,"GROSS_PROFIT_YOY":-1.026332475192,"HOLDER_PROFIT":173294000,"HOLDER_PROFIT_YOY":124.9119979856,"GROSS_PROFIT_RATIO":56.898207901869,"EPS_TTM":0.030918125,"OPERATE_INCOME_QOQ":-39.004717484491,"NET_PROFIT_RATIO":16.3295823279,"ROE_AVG":4.339129042798,"GROSS_PROFIT_QOQ":-38.813239240632,"ROA":3.306652977234,"HOLDER_PROFIT_QOQ":125.898508462863,"ROE_YEARLY":4.339129042798,"ROIC_YEARLY":3.312079223698,"TOTAL_ASSETS":1669401000,"TOTAL_LIABILITIES":369983000,"TAX_EBT":3.239603341225,"OCF_SALES":-70.35198272931,"TOTAL_PARENT_EQUITY":1299418000,"DEBT_ASSET_RATIO":23.9381952101,"OPERATE_PROFIT":180705000,"PRETAX_PROFIT":179096000,"NETCASH_OPERATE":-216873000,"NETCASH_INVEST":255731000,"NETCASH_FINANCE":-36523000,"END_CASH":3610000,"DIVI_RATIO":null,"DIVIDEND_RATE":null,"CURRENT_RATIO":4.118702816291,"COMMON_ACS":5000000000,"CURRENTDEBT_DEBT":97.237981204542,"ISSUED_COMMON_SHARES":1600000000,"HK_COMMON_SHARES":1600000000,"PER_SHARES":1000,"TOTAL_MARKET_CAP":128000000,"HKSK_MARKET_CAP":128000000,"PE_TTM":-0.10166208599,"PB_TTM":1.835022540565,"REPORT_DATE_SQ":"2020-12-31 00:00:00","REPORT_TYPE_SQ":"2020年年报","OPERATE_INCOME_SQ":505848000,"DPS_HKD":null,"OPERATE_INCOME_QOQ_SQ":-27.47179009248,"NET_PROFIT_RATIO_SQ":-39.2558634214,"HOLDER_PROFIT_SQ":-198575000,"HOLDER_PROFIT_QOQ_SQ":-211.307608659096,"ROE_AVG_SQ":-23.684627981675,"PE_TTM_SQ":8.271614527945,"PB_TTM_SQ":0.086974410154,"ROA_SQ":-16.632068000722,"START_DATE":"2021-01-01 00:00:00","FISCAL_YEAR":"12-31","CURRENCY":"HKD","IS_CNY_CODE":0,"DPS_HKD_LY":null,"ORG_TYPE":"一般企业","PREMIUM_INCOME":null,"PREMIUM_INCOME_YOY":null,"NET_INTEREST_INCOME":null,"NET_INTEREST_INCOME_YOY":null,"FEE_COMMISSION_INCOME":null,"FEE_COMMISSION_INCOME_YOY":null,"ACCOUNTS_RECE_TDAYS":0.791936188589,"INVENTORY_TDAYS":null,"CURRENT_ASSETS_TDAYS":0.207468257338,"TOTAL_ASSETS_TDAYS":0.202494645046,"PREMIUM_EXPENSE":null,"LOAN_DEPOSIT":null,"LOAN_EQUITY":null,"LOAN_ASSETS":null,"DEPOSIT_EQUITY":null,"DEPOSIT_ASSETS":null,"EQUITY_MULTIPLIER":1.31472031562,"EQUITY_RATIO":0.284729779024},{"SECUCODE":"01859.HK","SECURITY_CODE":"01859","SECURITY_NAME_ABBR":"煜盛文化","ORG_CODE":"10000048858","STD_REPORT_DATE":"2021-06-30 00:00:00","REPORT_DATE":"2021-06-30 00:00:00","DATE_TYPE_CODE":"002","REPORT_TYPE":"2021年中报","PER_NETCASH_OPERATE":-0.248341875,"PER_OI":0.19386875,"BPS":0.724435,"BASIC_EPS":0.04,"DILUTED_EPS":0.04,"OPERATE_INCOME":310190000,"OPERATE_INCOME_YOY":-2.8759295499,"GROSS_PROFIT":180128000,"GROSS_PROFIT_YOY":12.42120504787,"HOLDER_PROFIT":57812000,"HOLDER_PROFIT_YOY":15.0533354561,"GROSS_PROFIT_RATIO":58.070215029498,"EPS_TTM":-0.119381875,"OPERATE_INCOME_QOQ":-1.815762837849,"NET_PROFIT_RATIO":18.6376092073,"ROE_AVG":5.107883857755,"GROSS_PROFIT_QOQ":7.601812028754,"ROA":3.954241548537,"HOLDER_PROFIT_QOQ":3.809140123379,"ROE_YEARLY":10.215767715509,"ROIC_YEARLY":7.918098927615,"TOTAL_ASSETS":1477537000,"TOTAL_LIABILITIES":318441000,"TAX_EBT":15.374368733075,"OCF_SALES":-128.097939972275,"TOTAL_PARENT_EQUITY":1159096000,"DEBT_ASSET_RATIO":21.5521506399,"OPERATE_PROFIT":70039000,"PRETAX_PROFIT":68315000,"NETCASH_OPERATE":-397347000,"NETCASH_INVEST":436846000,"NETCASH_FINANCE":-32225000,"END_CASH":2259000,"DIVI_RATIO":null,"DIVIDEND_RATE":null,"CURRENT_RATIO":4.687318971039,"COMMON_ACS":5000000000,"CURRENTDEBT_DEBT":98.552322094203,"ISSUED_COMMON_SHARES":1600000000,"HK_COMMON_SHARES":1600000000,"PER_SHARES":1000,"TOTAL_MARKET_CAP":128000000,"HKSK_MARKET_CAP":128000000,"PE_TTM":-0.10166208599,"PB_TTM":1.835022540565,"REPORT_DATE_SQ":"2020-06-30 00:00:00","REPORT_TYPE_SQ":"2020年中报","OPERATE_INCOME_SQ":319375000,"DPS_HKD":null,"OPERATE_INCOME_QOQ_SQ":46.656825761303,"NET_PROFIT_RATIO_SQ":15.7332289628,"HOLDER_PROFIT_SQ":50248000,"HOLDER_PROFIT_QOQ_SQ":20.649498201098,"ROE_AVG_SQ":5.104978796985,"PE_TTM_SQ":8.271614527945,"PB_TTM_SQ":0.086974410154,"ROA_SQ":3.788720473665,"START_DATE":"2021-01-01 00:00:00","FISCAL_YEAR":"12-31","CURRENCY":"HKD","IS_CNY_CODE":0,"DPS_HKD_LY":null,"ORG_TYPE":"一般企业","PREMIUM_INCOME":null,"PREMIUM_INCOME_YOY":null,"NET_INTEREST_INCOME":null,"NET_INTEREST_INCOME_YOY":null,"FEE_COMMISSION_INCOME":null,"FEE_COMMISSION_INCOME_YOY":null,"ACCOUNTS_RECE_TDAYS":0.51740588147,"INVENTORY_TDAYS":null,"CURRENT_ASSETS_TDAYS":0.213216479787,"TOTAL_ASSETS_TDAYS":0.212164634668,"PREMIUM_EXPENSE":null,"LOAN_DEPOSIT":null,"LOAN_EQUITY":null,"LOAN_ASSETS":null,"DEPOSIT_EQUITY":null,"DEPOSIT_ASSETS":null,"EQUITY_MULTIPLIER":1.274732205098,"EQUITY_RATIO":0.274732205098},{"SECUCODE":"01859.HK","SECURITY_CODE":"01859","SECURITY_NAME_ABBR":"煜盛文化","ORG_CODE":"10000048858","STD_REPORT_DATE":"2020-12-31 00:00:00","REPORT_DATE":"2020-12-31 00:00:00","DATE_TYPE_CODE":"001","REPORT_TYPE":"2020年年报","PER_NETCASH_OPERATE":-0.116428125,"PER_OI":0.316155,"BPS":0.69033875,"BASIC_EPS":-0.131,"DILUTED_EPS":-0.131,"OPERATE_INCOME":505848000,"OPERATE_INCOME_YOY":6.3675704319,"GROSS_PROFIT":261806000,"GROSS_PROFIT_YOY":-2.011744847126,"HOLDER_PROFIT":-198575000,"HOLDER_PROFIT_YOY":-234.2920713068,"GROSS_PROFIT_RATIO":51.755863421423,"EPS_TTM":-0.124109375,"OPERATE_INCOME_QOQ":-27.47179009248,"NET_PROFIT_RATIO":-39.2558634214,"ROE_AVG":-23.684627981675,"GROSS_PROFIT_QOQ":-31.280546383256,"ROA":-16.632068000722,"HOLDER_PROFIT_QOQ":-211.307608659096,"ROE_YEARLY":-23.684627981675,"ROIC_YEARLY":-16.703938411404,"TOTAL_ASSETS":1446513000,"TOTAL_LIABILITIES":341971000,"TAX_EBT":-44.907177675939,"OCF_SALES":-36.826279831096,"TOTAL_PARENT_EQUITY":1104542000,"DEBT_ASSET_RATIO":23.6410595688,"OPERATE_PROFIT":-118998000,"PRETAX_PROFIT":-137036000,"NETCASH_OPERATE":-186285000,"NETCASH_INVEST":-475934000,"NETCASH_FINANCE":653492000,"END_CASH":1292000,"DIVI_RATIO":null,"DIVIDEND_RATE":null,"CURRENT_RATIO":4.273163646301,"COMMON_ACS":5000000000,"CURRENTDEBT_DEBT":98.44665190908,"ISSUED_COMMON_SHARES":1600000000,"HK_COMMON_SHARES":1600000000,"PER_SHARES":1000,"TOTAL_MARKET_CAP":128000000,"HKSK_MARKET_CAP":128000000,"PE_TTM":-0.10166208599,"PB_TTM":1.835022540565,"REPORT_DATE_SQ":"2019-12-31 00:00:00","REPORT_TYPE_SQ":"2019年年报","OPERATE_INCOME_SQ":475566000,"DPS_HKD":null,"OPERATE_INCOME_QOQ_SQ":68.085504946436,"NET_PROFIT_RATIO_SQ":31.0930554329,"HOLDER_PROFIT_SQ":147868000,"HOLDER_PROFIT_QOQ_SQ":71.425259106402,"ROE_AVG_SQ":34.621400140482,"PE_TTM_SQ":8.271614527945,"PB_TTM_SQ":0.086974410154,"ROA_SQ":22.525178743755,"START_DATE":"2020-01-01 00:00:00","FISCAL_YEAR":"12-31","CURRENCY":"HKD","IS_CNY_CODE":0,"DPS_HKD_LY":null,"ORG_TYPE":"一般企业","PREMIUM_INCOME":null,"PREMIUM_INCOME_YOY":null,"NET_INTEREST_INCOME":null,"NET_INTEREST_INCOME_YOY":null,"FEE_COMMISSION_INCOME":null,"FEE_COMMISSION_INCOME_YOY":null,"ACCOUNTS_RECE_TDAYS":0.932396601444,"INVENTORY_TDAYS":null,"CURRENT_ASSETS_TDAYS":0.429946164085,"TOTAL_ASSETS_TDAYS":0.423683662799,"PREMIUM_EXPENSE":null,"LOAN_DEPOSIT":null,"LOAN_EQUITY":null,"LOAN_ASSETS":null,"DEPOSIT_EQUITY":null,"DEPOSIT_ASSETS":null,"EQUITY_MULTIPLIER":1.309604342796,"EQUITY_RATIO":0.309604342795},{"SECUCODE":"01859.HK","SECURITY_CODE":"01859","SECURITY_NAME_ABBR":"煜盛文化","ORG_CODE":"10000048858","STD_REPORT_DATE":"2020-06-30 00:00:00","REPORT_DATE":"2020-06-30 00:00:00","DATE_TYPE_CODE":"002","REPORT_TYPE":"2020年中报","PER_NETCASH_OPERATE":-0.107605,"PER_OI":0.199609375,"BPS":0.87269,"BASIC_EPS":0.03,"DILUTED_EPS":0.03,"OPERATE_INCOME":319375000,"OPERATE_INCOME_YOY":227.5943420418,"GROSS_PROFIT":160226000,"GROSS_PROFIT_YOY":245.098968317216,"HOLDER_PROFIT":50248000,"HOLDER_PROFIT_YOY":154.8848534037,"GROSS_PROFIT_RATIO":50.168610567515,"EPS_TTM":0.11150125,"OPERATE_INCOME_QOQ":46.656825761303,"NET_PROFIT_RATIO":15.7332289628,"ROE_AVG":5.104978796985,"GROSS_PROFIT_QOQ":42.591726208076,"ROA":3.788720473665,"HOLDER_PROFIT_QOQ":20.649498201098,"ROE_YEARLY":10.209957593971,"ROIC_YEARLY":7.608341800001,"TOTAL_ASSETS":1711161000,"TOTAL_LIABILITIES":314857000,"TAX_EBT":29.77709454266,"OCF_SALES":-53.907788649707,"TOTAL_PARENT_EQUITY":1396304000,"DEBT_ASSET_RATIO":18.4001972929,"OPERATE_PROFIT":77129000,"PRETAX_PROFIT":71555000,"NETCASH_OPERATE":-172168000,"NETCASH_INVEST":-532488000,"NETCASH_FINANCE":693284000,"END_CASH":1791000,"DIVI_RATIO":null,"DIVIDEND_RATE":null,"CURRENT_RATIO":5.536702053591,"COMMON_ACS":5000000000,"CURRENTDEBT_DEBT":95.795234026876,"ISSUED_COMMON_SHARES":1600000000,"HK_COMMON_SHARES":1600000000,"PER_SHARES":1000,"TOTAL_MARKET_CAP":128000000,"HKSK_MARKET_CAP":128000000,"PE_TTM":-0.10166208599,"PB_TTM":1.835022540565,"REPORT_DATE_SQ":"2019-06-30 00:00:00","REPORT_TYPE_SQ":"2019年中报","OPERATE_INCOME_SQ":97491000,"DPS_HKD":null,"OPERATE_INCOME_QOQ_SQ":0,"NET_PROFIT_RATIO_SQ":20.221353766,"HOLDER_PROFIT_SQ":19714000,"HOLDER_PROFIT_QOQ_SQ":0,"ROE_AVG_SQ":null,"PE_TTM_SQ":8.271614527945,"PB_TTM_SQ":0.086974410154,"ROA_SQ":null,"START_DATE":"2020-01-01 00:00:00","FISCAL_YEAR":"12-31","CURRENCY":"HKD","IS_CNY_CODE":0,"DPS_HKD_LY":null,"ORG_TYPE":"一般企业","PREMIUM_INCOME":null,"PREMIUM_INCOME_YOY":null,"NET_INTEREST_INCOME":null,"NET_INTEREST_INCOME_YOY":null,"FEE_COMMISSION_INCOME":null,"FEE_COMMISSION_INCOME_YOY":null,"ACCOUNTS_RECE_TDAYS":0.555082908313,"INVENTORY_TDAYS":null,"CURRENT_ASSETS_TDAYS":0.247151613924,"TOTAL_ASSETS_TDAYS":0.240810102149,"PREMIUM_EXPENSE":null,"LOAN_DEPOSIT":null,"LOAN_EQUITY":null,"LOAN_ASSETS":null,"DEPOSIT_EQUITY":null,"DEPOSIT_ASSETS":null,"EQUITY_MULTIPLIER":1.225493159082,"EQUITY_RATIO":0.225493159083}],"count":14},"success":true,"message":"ok","code":0}