{"version":"46391a1b1d60da606504983a1966cd62","result":{"pages":3,"data":[{"SECUCODE":"01856.HK","SECURITY_CODE":"01856","SECURITY_NAME_ABBR":"依波路","ORG_CODE":"10401493","STD_REPORT_DATE":"2024-06-30 00:00:00","REPORT_DATE":"2024-06-30 00:00:00","DATE_TYPE_CODE":"002","REPORT_TYPE":"2024年中报","PER_NETCASH_OPERATE":0.031862698147,"PER_OI":0.101508673718,"BPS":0.391310515685,"BASIC_EPS":-0.013507664,"DILUTED_EPS":-0.013507664,"OPERATE_INCOME":36569262.24,"OPERATE_INCOME_YOY":-51.4574398488,"GROSS_PROFIT":17747975.28,"GROSS_PROFIT_YOY":-56.358456422538,"HOLDER_PROFIT":-4870973.16,"HOLDER_PROFIT_YOY":-519.9055861526,"GROSS_PROFIT_RATIO":48.53249475891,"EPS_TTM":0.030696009137,"OPERATE_INCOME_QOQ":-26.43966213906,"NET_PROFIT_RATIO":-13.3198562444,"ROE_AVG":-3.3123145861,"GROSS_PROFIT_QOQ":-29.049958733177,"ROA":-0.844937971389,"HOLDER_PROFIT_QOQ":-35.335428581856,"ROE_YEARLY":-6.624629172201,"ROIC_YEARLY":-1.710979990479,"TOTAL_ASSETS":554255961.12,"TOTAL_LIABILITIES":413283408.32,"TAX_EBT":20.473848904783,"OCF_SALES":31.38913846461,"TOTAL_PARENT_EQUITY":140972552.8,"DEBT_ASSET_RATIO":74.5654421984,"OPERATE_PROFIT":-12581293.8,"PRETAX_PROFIT":-6124995.48,"NETCASH_OPERATE":11478776.36,"NETCASH_INVEST":-371460.76,"NETCASH_FINANCE":-6596851.04,"END_CASH":8826528.28,"DIVI_RATIO":null,"DIVIDEND_RATE":null,"CURRENT_RATIO":1.203968416125,"COMMON_ACS":10000000000,"CURRENTDEBT_DEBT":85.387037789517,"ISSUED_COMMON_SHARES":360257512,"HK_COMMON_SHARES":360257512,"PER_SHARES":1000,"TOTAL_MARKET_CAP":360257512,"HKSK_MARKET_CAP":360257512,"PE_TTM":29.377600260948,"PB_TTM":2.332367680953,"REPORT_DATE_SQ":"2023-06-30 00:00:00","REPORT_TYPE_SQ":"2023年中报","OPERATE_INCOME_SQ":76102073.16,"DPS_HKD":null,"OPERATE_INCOME_QOQ_SQ":20.628324536522,"NET_PROFIT_RATIO_SQ":1.5398221511,"HOLDER_PROFIT_SQ":1171836.58,"HOLDER_PROFIT_QOQ_SQ":88.059840572875,"ROE_AVG_SQ":0.996331368368,"PE_TTM_SQ":-641.508221930647,"PB_TTM_SQ":4.647095420044,"ROA_SQ":0.233091897076,"START_DATE":"2024-01-01 00:00:00","FISCAL_YEAR":"12-31","CURRENCY":"HKD","IS_CNY_CODE":0,"DPS_HKD_LY":null,"ORG_TYPE":"一般企业","PREMIUM_INCOME":null,"PREMIUM_INCOME_YOY":null,"NET_INTEREST_INCOME":null,"NET_INTEREST_INCOME_YOY":null,"FEE_COMMISSION_INCOME":null,"FEE_COMMISSION_INCOME_YOY":null,"ACCOUNTS_RECE_TDAYS":0.301276749327,"INVENTORY_TDAYS":0.064158245806,"CURRENT_ASSETS_TDAYS":0.082885477045,"TOTAL_ASSETS_TDAYS":0.06343446625,"PREMIUM_EXPENSE":null,"LOAN_DEPOSIT":null,"LOAN_EQUITY":null,"LOAN_ASSETS":null,"DEPOSIT_EQUITY":null,"DEPOSIT_ASSETS":null,"EQUITY_MULTIPLIER":3.931658681863,"EQUITY_RATIO":2.931658681859},{"SECUCODE":"01856.HK","SECURITY_CODE":"01856","SECURITY_NAME_ABBR":"依波路","ORG_CODE":"10401493","STD_REPORT_DATE":"2023-12-31 00:00:00","REPORT_DATE":"2023-12-31 00:00:00","DATE_TYPE_CODE":"001","REPORT_TYPE":"2023年年报","PER_NETCASH_OPERATE":-0.024015272553,"PER_OI":0.415038847767,"BPS":0.422077156409,"BASIC_EPS":0.04802966,"DILUTED_EPS":0.04802966,"OPERATE_INCOME":149520862.68,"OPERATE_INCOME_YOY":20.1109428688,"GROSS_PROFIT":78897325.64,"GROSS_PROFIT_YOY":17.524235068713,"HOLDER_PROFIT":17101277.62,"HOLDER_PROFIT_YOY":256.3722240636,"GROSS_PROFIT_RATIO":52.766767276386,"EPS_TTM":0.047469593417,"OPERATE_INCOME_QOQ":1.01460604932,"NET_PROFIT_RATIO":11.4373856019,"ROE_AVG":13.692795518695,"GROSS_PROFIT_QOQ":6.078749931619,"ROA":3.418817354787,"HOLDER_PROFIT_QOQ":1428.61876359926,"ROE_YEARLY":13.692795518695,"ROIC_YEARLY":3.457689975063,"TOTAL_ASSETS":594483944.88,"TOTAL_LIABILITIES":442427478.64,"TAX_EBT":-7.939140879712,"OCF_SALES":-5.786271015916,"TOTAL_PARENT_EQUITY":152056466.24,"DEBT_ASSET_RATIO":74.4221071823,"OPERATE_PROFIT":24266759.16,"PRETAX_PROFIT":15843444.26,"NETCASH_OPERATE":-8651682.34,"NETCASH_INVEST":8107950.34,"NETCASH_FINANCE":-237429.64,"END_CASH":5356666.42,"DIVI_RATIO":null,"DIVIDEND_RATE":null,"CURRENT_RATIO":1.27480972325,"COMMON_ACS":10000000000,"CURRENTDEBT_DEBT":80.547589981402,"ISSUED_COMMON_SHARES":360257512,"HK_COMMON_SHARES":360257512,"PER_SHARES":1000,"TOTAL_MARKET_CAP":644860946.48,"HKSK_MARKET_CAP":644860946.48,"PE_TTM":52.585904467096,"PB_TTM":4.174938148906,"REPORT_DATE_SQ":"2022-12-31 00:00:00","REPORT_TYPE_SQ":"2022年年报","OPERATE_INCOME_SQ":122706713.36,"DPS_HKD":null,"OPERATE_INCOME_QOQ_SQ":15.58903612295,"NET_PROFIT_RATIO_SQ":-8.7851610273,"HOLDER_PROFIT_SQ":-10779982.36,"HOLDER_PROFIT_QOQ_SQ":64.513793261278,"ROE_AVG_SQ":-10.940226727768,"PE_TTM_SQ":-628.002785679475,"PB_TTM_SQ":4.549261832254,"ROA_SQ":-2.636868969375,"START_DATE":"2023-01-01 00:00:00","FISCAL_YEAR":"12-31","CURRENCY":"HKD","IS_CNY_CODE":0,"DPS_HKD_LY":null,"ORG_TYPE":"一般企业","PREMIUM_INCOME":null,"PREMIUM_INCOME_YOY":null,"NET_INTEREST_INCOME":null,"NET_INTEREST_INCOME_YOY":null,"FEE_COMMISSION_INCOME":null,"FEE_COMMISSION_INCOME_YOY":null,"ACCOUNTS_RECE_TDAYS":1.485595948227,"INVENTORY_TDAYS":0.24087991704,"CURRENT_ASSETS_TDAYS":0.356635443719,"TOTAL_ASSETS_TDAYS":0.298915982532,"PREMIUM_EXPENSE":null,"LOAN_DEPOSIT":null,"LOAN_EQUITY":null,"LOAN_ASSETS":null,"DEPOSIT_EQUITY":null,"DEPOSIT_ASSETS":null,"EQUITY_MULTIPLIER":3.909626203876,"EQUITY_RATIO":2.909626203871},{"SECUCODE":"01856.HK","SECURITY_CODE":"01856","SECURITY_NAME_ABBR":"依波路","ORG_CODE":"10401493","STD_REPORT_DATE":"2023-06-30 00:00:00","REPORT_DATE":"2023-06-30 00:00:00","DATE_TYPE_CODE":"002","REPORT_TYPE":"2023年中报","PER_NETCASH_OPERATE":-0.054437273136,"PER_OI":0.211243542813,"BPS":0.376958474415,"BASIC_EPS":0.003319128,"DILUTED_EPS":0.003319128,"OPERATE_INCOME":76102073.16,"OPERATE_INCOME_YOY":38.98299377,"GROSS_PROFIT":40667615.82,"GROSS_PROFIT_YOY":21.671004541638,"HOLDER_PROFIT":1171836.58,"HOLDER_PROFIT_YOY":113.062692703,"GROSS_PROFIT_RATIO":53.438249618376,"EPS_TTM":-0.003572852854,"OPERATE_INCOME_QOQ":20.628324536522,"NET_PROFIT_RATIO":1.5398221511,"ROE_AVG":0.996331368368,"GROSS_PROFIT_QOQ":10.789611627656,"ROA":0.233091897076,"HOLDER_PROFIT_QOQ":88.059840572875,"ROE_YEARLY":1.992662736736,"ROIC_YEARLY":0.470297876907,"TOTAL_ASSETS":592475411.76,"TOTAL_LIABILITIES":456673289.64,"TAX_EBT":-25.717111770524,"OCF_SALES":-25.769911075574,"TOTAL_PARENT_EQUITY":135802122.12,"DEBT_ASSET_RATIO":77.0788594051,"OPERATE_PROFIT":1831974.26,"PRETAX_PROFIT":932121.78,"NETCASH_OPERATE":-19611436.58,"NETCASH_INVEST":9711215.34,"NETCASH_FINANCE":-822406.16,"END_CASH":2802819.2,"DIVI_RATIO":null,"DIVIDEND_RATE":null,"CURRENT_RATIO":1.21912035956,"COMMON_ACS":10000000000,"CURRENTDEBT_DEBT":76.947132952972,"ISSUED_COMMON_SHARES":360257512,"HK_COMMON_SHARES":360257512,"PER_SHARES":1000,"TOTAL_MARKET_CAP":644860946.48,"HKSK_MARKET_CAP":644860946.48,"PE_TTM":52.585904467096,"PB_TTM":4.174938148906,"REPORT_DATE_SQ":"2022-06-30 00:00:00","REPORT_TYPE_SQ":"2022年中报","OPERATE_INCOME_SQ":50789734.1,"DPS_HKD":null,"OPERATE_INCOME_QOQ_SQ":-13.005731749316,"NET_PROFIT_RATIO_SQ":-16.3832294999,"HOLDER_PROFIT_SQ":-8320998.7,"HOLDER_PROFIT_QOQ_SQ":-16.755264011377,"ROE_AVG_SQ":-9.019949569861,"PE_TTM_SQ":-628.002785679475,"PB_TTM_SQ":4.549261832254,"ROA_SQ":-2.11055581585,"START_DATE":"2023-01-01 00:00:00","FISCAL_YEAR":"12-31","CURRENCY":"HKD","IS_CNY_CODE":0,"DPS_HKD_LY":null,"ORG_TYPE":"一般企业","PREMIUM_INCOME":null,"PREMIUM_INCOME_YOY":null,"NET_INTEREST_INCOME":null,"NET_INTEREST_INCOME_YOY":null,"FEE_COMMISSION_INCOME":null,"FEE_COMMISSION_INCOME_YOY":null,"ACCOUNTS_RECE_TDAYS":0.724100269755,"INVENTORY_TDAYS":0.120419414117,"CURRENT_ASSETS_TDAYS":0.185776115271,"TOTAL_ASSETS_TDAYS":0.151375856558,"PREMIUM_EXPENSE":null,"LOAN_DEPOSIT":null,"LOAN_EQUITY":null,"LOAN_ASSETS":null,"DEPOSIT_EQUITY":null,"DEPOSIT_ASSETS":null,"EQUITY_MULTIPLIER":4.362784634821,"EQUITY_RATIO":3.362784634812},{"SECUCODE":"01856.HK","SECURITY_CODE":"01856","SECURITY_NAME_ABBR":"依波路","ORG_CODE":"10401493","STD_REPORT_DATE":"2022-12-31 00:00:00","REPORT_DATE":"2022-12-31 00:00:00","DATE_TYPE_CODE":"001","REPORT_TYPE":"2022年年报","PER_NETCASH_OPERATE":-0.004267905261,"PER_OI":0.35317687339,"BPS":0.26739768119,"BASIC_EPS":-0.030996469,"DILUTED_EPS":-0.030996469,"OPERATE_INCOME":122706713.36,"OPERATE_INCOME_YOY":-7.9623723635,"GROSS_PROFIT":67132813.58,"GROSS_PROFIT_YOY":-9.605762480668,"HOLDER_PROFIT":-10779982.36,"HOLDER_PROFIT_YOY":62.0777425133,"GROSS_PROFIT_RATIO":54.709976122532,"EPS_TTM":-0.031027157039,"OPERATE_INCOME_QOQ":15.58903612295,"NET_PROFIT_RATIO":-8.7851610273,"ROE_AVG":-10.940226727768,"GROSS_PROFIT_QOQ":9.582154538252,"ROA":-2.636868969375,"HOLDER_PROFIT_QOQ":64.513793261278,"ROE_YEARLY":-10.940226727768,"ROIC_YEARLY":-2.678079053041,"TOTAL_ASSETS":400135830.15,"TOTAL_LIABILITIES":303803806.81,"TAX_EBT":0.437257652009,"OCF_SALES":-1.208432822783,"TOTAL_PARENT_EQUITY":96332023.34,"DEBT_ASSET_RATIO":75.9251693846,"OPERATE_PROFIT":-749453.53,"PRETAX_PROFIT":-10827325.67,"NETCASH_OPERATE":-1482828.2,"NETCASH_INVEST":-2892408.26,"NETCASH_FINANCE":2699461.94,"END_CASH":5604375.98,"DIVI_RATIO":null,"DIVIDEND_RATE":null,"CURRENT_RATIO":1.330196907708,"COMMON_ACS":10000000000,"CURRENTDEBT_DEBT":93.715139237231,"ISSUED_COMMON_SHARES":360257512,"HK_COMMON_SHARES":360257512,"PER_SHARES":1000,"TOTAL_MARKET_CAP":644860946.48,"HKSK_MARKET_CAP":644860946.48,"PE_TTM":52.585904467096,"PB_TTM":4.174938148906,"REPORT_DATE_SQ":"2021-12-31 00:00:00","REPORT_TYPE_SQ":"2021年年报","OPERATE_INCOME_SQ":122028435.2,"DPS_HKD":null,"OPERATE_INCOME_QOQ_SQ":-9.552174403008,"NET_PROFIT_RATIO_SQ":-21.3216573312,"HOLDER_PROFIT_SQ":-26018484.8,"HOLDER_PROFIT_QOQ_SQ":-506.871378778499,"ROE_AVG_SQ":-24.051938825254,"PE_TTM_SQ":-628.002785679475,"PB_TTM_SQ":4.549261832254,"ROA_SQ":-6.755909005508,"START_DATE":"2022-01-01 00:00:00","FISCAL_YEAR":"12-31","CURRENCY":"HKD","IS_CNY_CODE":0,"DPS_HKD_LY":null,"ORG_TYPE":"一般企业","PREMIUM_INCOME":null,"PREMIUM_INCOME_YOY":null,"NET_INTEREST_INCOME":null,"NET_INTEREST_INCOME_YOY":null,"FEE_COMMISSION_INCOME":null,"FEE_COMMISSION_INCOME_YOY":null,"ACCOUNTS_RECE_TDAYS":2.023972123382,"INVENTORY_TDAYS":0.179045201618,"CURRENT_ASSETS_TDAYS":0.322818907871,"TOTAL_ASSETS_TDAYS":0.300150328625,"PREMIUM_EXPENSE":null,"LOAN_DEPOSIT":null,"LOAN_EQUITY":null,"LOAN_ASSETS":null,"DEPOSIT_EQUITY":null,"DEPOSIT_ASSETS":null,"EQUITY_MULTIPLIER":4.153715620995,"EQUITY_RATIO":3.153715621001},{"SECUCODE":"01856.HK","SECURITY_CODE":"01856","SECURITY_NAME_ABBR":"依波路","ORG_CODE":"10401493","STD_REPORT_DATE":"2022-06-30 00:00:00","REPORT_DATE":"2022-06-30 00:00:00","DATE_TYPE_CODE":"002","REPORT_TYPE":"2022年中报","PER_NETCASH_OPERATE":0.008774978917,"PER_OI":0.146184010626,"BPS":0.244430875629,"BASIC_EPS":-0.02394532,"DILUTED_EPS":-0.02394532,"OPERATE_INCOME":50789734.1,"OPERATE_INCOME_YOY":-25.8672125623,"GROSS_PROFIT":33424245.96,"GROSS_PROFIT_YOY":-28.009050333017,"HOLDER_PROFIT":-8320998.7,"HOLDER_PROFIT_YOY":-104.3688300777,"GROSS_PROFIT_RATIO":65.809058764102,"EPS_TTM":-0.087434414354,"OPERATE_INCOME_QOQ":-13.005731749316,"NET_PROFIT_RATIO":-16.3832294999,"ROE_AVG":-9.019949569861,"GROSS_PROFIT_QOQ":-17.510074610024,"ROA":-2.11055581585,"HOLDER_PROFIT_QOQ":-16.755264011377,"ROE_YEARLY":-18.039899139721,"ROIC_YEARLY":-4.298908925427,"TOTAL_ASSETS":388811278.31,"TOTAL_LIABILITIES":300753219.2,"TAX_EBT":1.568032372281,"OCF_SALES":6.002694056238,"TOTAL_PARENT_EQUITY":88058059.11,"DEBT_ASSET_RATIO":77.3519792191,"OPERATE_PROFIT":-1825830.65,"PRETAX_PROFIT":-8453553.15,"NETCASH_OPERATE":3048752.35,"NETCASH_INVEST":-1448691.86,"NETCASH_FINANCE":1059580.41,"END_CASH":7783084.19,"DIVI_RATIO":null,"DIVIDEND_RATE":null,"CURRENT_RATIO":1.279369199739,"COMMON_ACS":10000000000,"CURRENTDEBT_DEBT":93.328594176524,"ISSUED_COMMON_SHARES":360257512,"HK_COMMON_SHARES":360257512,"PER_SHARES":1000,"TOTAL_MARKET_CAP":644860946.48,"HKSK_MARKET_CAP":644860946.48,"PE_TTM":52.585904467096,"PB_TTM":4.174938148906,"REPORT_DATE_SQ":"2021-06-30 00:00:00","REPORT_TYPE_SQ":"2021年中报","OPERATE_INCOME_SQ":66660425.04,"DPS_HKD":null,"OPERATE_INCOME_QOQ_SQ":30.755583584437,"NET_PROFIT_RATIO_SQ":-5.9428557163,"HOLDER_PROFIT_SQ":-3961532.88,"HOLDER_PROFIT_QOQ_SQ":472.568656729942,"ROE_AVG_SQ":-3.269535837162,"PE_TTM_SQ":-628.002785679475,"PB_TTM_SQ":4.549261832254,"ROA_SQ":-0.994372324661,"START_DATE":"2022-01-01 00:00:00","FISCAL_YEAR":"12-31","CURRENCY":"HKD","IS_CNY_CODE":0,"DPS_HKD_LY":null,"ORG_TYPE":"一般企业","PREMIUM_INCOME":null,"PREMIUM_INCOME_YOY":null,"NET_INTEREST_INCOME":null,"NET_INTEREST_INCOME_YOY":null,"FEE_COMMISSION_INCOME":null,"FEE_COMMISSION_INCOME_YOY":null,"ACCOUNTS_RECE_TDAYS":1.187871272276,"INVENTORY_TDAYS":0.055608957243,"CURRENT_ASSETS_TDAYS":0.140237120924,"TOTAL_ASSETS_TDAYS":0.128824162285,"PREMIUM_EXPENSE":null,"LOAN_DEPOSIT":null,"LOAN_EQUITY":null,"LOAN_ASSETS":null,"DEPOSIT_EQUITY":null,"DEPOSIT_ASSETS":null,"EQUITY_MULTIPLIER":4.415396867012,"EQUITY_RATIO":3.415396867018},{"SECUCODE":"01856.HK","SECURITY_CODE":"01856","SECURITY_NAME_ABBR":"依波路","ORG_CODE":"10401493","STD_REPORT_DATE":"2021-12-31 00:00:00","REPORT_DATE":"2021-12-31 00:00:00","DATE_TYPE_CODE":"001","REPORT_TYPE":"2021年年报","PER_NETCASH_OPERATE":0.007400915849,"PER_OI":0.351224639863,"BPS":0.255941477773,"BASIC_EPS":-0.07489216,"DILUTED_EPS":-0.07489216,"OPERATE_INCOME":122028435.2,"OPERATE_INCOME_YOY":21.7429606186,"GROSS_PROFIT":74266696,"GROSS_PROFIT_YOY":20.902177640651,"HOLDER_PROFIT":-26018484.8,"HOLDER_PROFIT_YOY":-2498.1160512434,"GROSS_PROFIT_RATIO":60.860155977809,"EPS_TTM":-0.074886914174,"OPERATE_INCOME_QOQ":-9.552174403008,"NET_PROFIT_RATIO":-21.3216573312,"ROE_AVG":-24.051938825254,"GROSS_PROFIT_QOQ":-16.365683434417,"ROA":-6.755909005508,"HOLDER_PROFIT_QOQ":-506.871378778499,"ROE_YEARLY":-24.051938825254,"ROIC_YEARLY":-6.947555485694,"TOTAL_ASSETS":382132340.8,"TOTAL_LIABILITIES":289927500.8,"TAX_EBT":2.898727611143,"OCF_SALES":2.107174443224,"TOTAL_PARENT_EQUITY":92204840,"DEBT_ASSET_RATIO":75.8709666376,"OPERATE_PROFIT":-16977464,"PRETAX_PROFIT":-26795204.8,"NETCASH_OPERATE":2571352,"NETCASH_INVEST":-4691388.8,"NETCASH_FINANCE":-5562132.8,"END_CASH":6201496,"DIVI_RATIO":null,"DIVIDEND_RATE":null,"CURRENT_RATIO":1.316163826312,"COMMON_ACS":10000000000,"CURRENTDEBT_DEBT":91.506677796327,"ISSUED_COMMON_SHARES":360257512,"HK_COMMON_SHARES":360257512,"PER_SHARES":1000,"TOTAL_MARKET_CAP":644860946.48,"HKSK_MARKET_CAP":644860946.48,"PE_TTM":52.585904467096,"PB_TTM":4.174938148906,"REPORT_DATE_SQ":"2020-12-31 00:00:00","REPORT_TYPE_SQ":"2020年年报","OPERATE_INCOME_SQ":103181697.44,"DPS_HKD":null,"OPERATE_INCOME_QOQ_SQ":-8.419951929655,"NET_PROFIT_RATIO_SQ":1.0824170446,"HOLDER_PROFIT_SQ":1116856.28,"HOLDER_PROFIT_QOQ_SQ":101.998151910681,"ROE_AVG_SQ":0.908058247112,"PE_TTM_SQ":-628.002785679475,"PB_TTM_SQ":4.549261832254,"ROA_SQ":0.298198896642,"START_DATE":"2021-01-01 00:00:00","FISCAL_YEAR":"12-31","CURRENCY":"HKD","IS_CNY_CODE":0,"DPS_HKD_LY":null,"ORG_TYPE":"一般企业","PREMIUM_INCOME":null,"PREMIUM_INCOME_YOY":null,"NET_INTEREST_INCOME":null,"NET_INTEREST_INCOME_YOY":null,"FEE_COMMISSION_INCOME":null,"FEE_COMMISSION_INCOME_YOY":null,"ACCOUNTS_RECE_TDAYS":2.959382156701,"INVENTORY_TDAYS":0.159547170842,"CURRENT_ASSETS_TDAYS":0.346898812657,"TOTAL_ASSETS_TDAYS":0.316856654272,"PREMIUM_EXPENSE":null,"LOAN_DEPOSIT":null,"LOAN_EQUITY":null,"LOAN_ASSETS":null,"DEPOSIT_EQUITY":null,"DEPOSIT_ASSETS":null,"EQUITY_MULTIPLIER":4.144384837058,"EQUITY_RATIO":3.144384837065},{"SECUCODE":"01856.HK","SECURITY_CODE":"01856","SECURITY_NAME_ABBR":"依波路","ORG_CODE":"10401493","STD_REPORT_DATE":"2021-06-30 00:00:00","REPORT_DATE":"2021-06-30 00:00:00","DATE_TYPE_CODE":"002","REPORT_TYPE":"2021年中报","PER_NETCASH_OPERATE":0.008559404784,"PER_OI":0.191863345124,"BPS":0.321946461452,"BASIC_EPS":-0.011399496,"DILUTED_EPS":-0.011399496,"OPERATE_INCOME":66660425.04,"OPERATE_INCOME_YOY":109.5224395857,"GROSS_PROFIT":46428399.84,"GROSS_PROFIT_YOY":143.639527837336,"HOLDER_PROFIT":-3961532.88,"HOLDER_PROFIT_YOY":52.9312901631,"GROSS_PROFIT_RATIO":69.649120617128,"EPS_TTM":0.018405549783,"OPERATE_INCOME_QOQ":30.755583584437,"NET_PROFIT_RATIO":-5.9428557163,"ROE_AVG":-3.269535837162,"GROSS_PROFIT_QOQ":44.560489767192,"ROA":-0.994372324661,"HOLDER_PROFIT_QOQ":472.568656729942,"ROE_YEARLY":-6.539071674324,"ROIC_YEARLY":-2.08210791013,"TOTAL_ASSETS":401805607.44,"TOTAL_LIABILITIES":285821976.24,"TAX_EBT":-3.230702515178,"OCF_SALES":4.461198557038,"TOTAL_PARENT_EQUITY":115983631.2,"DEBT_ASSET_RATIO":71.134392091,"OPERATE_PROFIT":1811438.16,"PRETAX_PROFIT":-3837552.96,"NETCASH_OPERATE":2973853.92,"NETCASH_INVEST":-284571.36,"NETCASH_FINANCE":3944059.2,"END_CASH":20416746.96,"DIVI_RATIO":null,"DIVIDEND_RATE":null,"CURRENT_RATIO":1.418926477395,"COMMON_ACS":10000000000,"CURRENTDEBT_DEBT":90.563401193003,"ISSUED_COMMON_SHARES":360257512,"HK_COMMON_SHARES":360257512,"PER_SHARES":1000,"TOTAL_MARKET_CAP":644860946.48,"HKSK_MARKET_CAP":644860946.48,"PE_TTM":52.585904467096,"PB_TTM":4.174938148906,"REPORT_DATE_SQ":"2020-06-30 00:00:00","REPORT_TYPE_SQ":"2020年中报","OPERATE_INCOME_SQ":34926291.84,"DPS_HKD":null,"OPERATE_INCOME_QOQ_SQ":-11.123128890295,"NET_PROFIT_RATIO_SQ":-26.4541270007,"HOLDER_PROFIT_SQ":-9239445.6,"HOLDER_PROFIT_QOQ_SQ":21.06274245652,"ROE_AVG_SQ":-7.368716284389,"PE_TTM_SQ":-628.002785679475,"PB_TTM_SQ":4.549261832254,"ROA_SQ":-2.450143278275,"START_DATE":"2021-01-01 00:00:00","FISCAL_YEAR":"12-31","CURRENCY":"HKD","IS_CNY_CODE":0,"DPS_HKD_LY":null,"ORG_TYPE":"一般企业","PREMIUM_INCOME":null,"PREMIUM_INCOME_YOY":null,"NET_INTEREST_INCOME":null,"NET_INTEREST_INCOME_YOY":null,"FEE_COMMISSION_INCOME":null,"FEE_COMMISSION_INCOME_YOY":null,"ACCOUNTS_RECE_TDAYS":1.459532333142,"INVENTORY_TDAYS":0.067471383975,"CURRENT_ASSETS_TDAYS":0.183152687061,"TOTAL_ASSETS_TDAYS":0.167322306334,"PREMIUM_EXPENSE":null,"LOAN_DEPOSIT":null,"LOAN_EQUITY":null,"LOAN_ASSETS":null,"DEPOSIT_EQUITY":null,"DEPOSIT_ASSETS":null,"EQUITY_MULTIPLIER":3.464330296291,"EQUITY_RATIO":2.464330296291},{"SECUCODE":"01856.HK","SECURITY_CODE":"01856","SECURITY_NAME_ABBR":"依波路","ORG_CODE":"10401493","STD_REPORT_DATE":"2020-12-31 00:00:00","REPORT_DATE":"2020-12-31 00:00:00","DATE_TYPE_CODE":"001","REPORT_TYPE":"2020年年报","PER_NETCASH_OPERATE":-0.05339024226,"PER_OI":0.296979588933,"BPS":0.354740650516,"BASIC_EPS":0.003198232,"DILUTED_EPS":0.003198232,"OPERATE_INCOME":103181697.44,"OPERATE_INCOME_YOY":-13.3707372914,"GROSS_PROFIT":61427095.4,"GROSS_PROFIT_YOY":22.762425837581,"HOLDER_PROFIT":1116856.28,"HOLDER_PROFIT_YOY":101.6787480866,"GROSS_PROFIT_RATIO":59.532937453098,"EPS_TTM":0.00321455769,"OPERATE_INCOME_QOQ":-8.419951929655,"NET_PROFIT_RATIO":1.0824170446,"ROE_AVG":0.908058247112,"GROSS_PROFIT_QOQ":29.681349421961,"ROA":0.298198896642,"HOLDER_PROFIT_QOQ":101.998151910681,"ROE_YEARLY":0.908058247112,"ROIC_YEARLY":0.311183493908,"TOTAL_ASSETS":399523141.44,"TOTAL_LIABILITIES":271725157.28,"TAX_EBT":125.401990811639,"OCF_SALES":-17.977748050507,"TOTAL_PARENT_EQUITY":127797984.16,"DEBT_ASSET_RATIO":68.0123700221,"OPERATE_PROFIT":5450460.64,"PRETAX_PROFIT":-4396727.36,"NETCASH_OPERATE":-18549745.6,"NETCASH_INVEST":-4815022.44,"NETCASH_FINANCE":21746294.32,"END_CASH":15487859.28,"DIVI_RATIO":null,"DIVIDEND_RATE":null,"CURRENT_RATIO":1.487708012961,"COMMON_ACS":10000000000,"CURRENTDEBT_DEBT":90.235773667191,"ISSUED_COMMON_SHARES":360257512,"HK_COMMON_SHARES":360257512,"PER_SHARES":1000,"TOTAL_MARKET_CAP":644860946.48,"HKSK_MARKET_CAP":644860946.48,"PE_TTM":52.585904467096,"PB_TTM":4.174938148906,"REPORT_DATE_SQ":"2019-12-31 00:00:00","REPORT_TYPE_SQ":"2019年年报","OPERATE_INCOME_SQ":126768994.04,"DPS_HKD":null,"OPERATE_INCOME_QOQ_SQ":-1.354987193911,"NET_PROFIT_RATIO_SQ":-55.8564988199,"HOLDER_PROFIT_SQ":-70808721.66,"HOLDER_PROFIT_QOQ_SQ":3.495297851541,"ROE_AVG_SQ":-43.307017591918,"PE_TTM_SQ":-628.002785679475,"PB_TTM_SQ":4.549261832254,"ROA_SQ":-17.018697595009,"START_DATE":"2020-01-01 00:00:00","FISCAL_YEAR":"12-31","CURRENCY":"HKD","IS_CNY_CODE":0,"DPS_HKD_LY":null,"ORG_TYPE":"一般企业","PREMIUM_INCOME":null,"PREMIUM_INCOME_YOY":null,"NET_INTEREST_INCOME":null,"NET_INTEREST_INCOME_YOY":null,"FEE_COMMISSION_INCOME":null,"FEE_COMMISSION_INCOME_YOY":null,"ACCOUNTS_RECE_TDAYS":2.553631127821,"INVENTORY_TDAYS":0.14453124431,"CURRENT_ASSETS_TDAYS":0.29818662081,"TOTAL_ASSETS_TDAYS":0.275493533781,"PREMIUM_EXPENSE":null,"LOAN_DEPOSIT":null,"LOAN_EQUITY":null,"LOAN_ASSETS":null,"DEPOSIT_EQUITY":null,"DEPOSIT_ASSETS":null,"EQUITY_MULTIPLIER":3.126208477123,"EQUITY_RATIO":2.126208477121},{"SECUCODE":"01856.HK","SECURITY_CODE":"01856","SECURITY_NAME_ABBR":"依波路","ORG_CODE":"10401493","STD_REPORT_DATE":"2020-06-30 00:00:00","REPORT_DATE":"2020-06-30 00:00:00","DATE_TYPE_CODE":"002","REPORT_TYPE":"2020年中报","PER_NETCASH_OPERATE":-0.049053392471,"PER_OI":0.100525539422,"BPS":0.340041075507,"BASIC_EPS":-0.026581104,"DILUTED_EPS":-0.026581104,"OPERATE_INCOME":34926291.84,"OPERATE_INCOME_YOY":-31.3955574694,"GROSS_PROFIT":19056185.28,"GROSS_PROFIT_YOY":-12.28793487701,"HOLDER_PROFIT":-9239445.6,"HOLDER_PROFIT_YOY":63.1619200233,"GROSS_PROFIT_RATIO":54.561146563448,"EPS_TTM":-0.160876541589,"OPERATE_INCOME_QOQ":-11.123128890295,"NET_PROFIT_RATIO":-26.4541270007,"ROE_AVG":-7.368716284389,"GROSS_PROFIT_QOQ":-5.335326641202,"ROA":-2.450143278275,"HOLDER_PROFIT_QOQ":21.06274245652,"ROE_YEARLY":-14.737432568779,"ROIC_YEARLY":-5.117891115159,"TOTAL_ASSETS":374831930.88,"TOTAL_LIABILITIES":252329579.04,"TAX_EBT":32.643004594793,"OCF_SALES":-48.796945287164,"TOTAL_PARENT_EQUITY":122502351.84,"DEBT_ASSET_RATIO":67.3180586423,"OPERATE_PROFIT":-8582682.24,"PRETAX_PROFIT":-13717128.48,"NETCASH_OPERATE":-17042963.52,"NETCASH_INVEST":-2172160.32,"NETCASH_FINANCE":16198944.96,"END_CASH":14953926.24,"DIVI_RATIO":null,"DIVIDEND_RATE":null,"CURRENT_RATIO":1.518423972039,"COMMON_ACS":10000000000,"CURRENTDEBT_DEBT":91.041156091963,"ISSUED_COMMON_SHARES":360257512,"HK_COMMON_SHARES":360257512,"PER_SHARES":1000,"TOTAL_MARKET_CAP":644860946.48,"HKSK_MARKET_CAP":644860946.48,"PE_TTM":52.585904467096,"PB_TTM":4.174938148906,"REPORT_DATE_SQ":"2019-06-30 00:00:00","REPORT_TYPE_SQ":"2019年中报","OPERATE_INCOME_SQ":49026970.44,"DPS_HKD":null,"OPERATE_INCOME_QOQ_SQ":-14.631758593495,"NET_PROFIT_RATIO_SQ":-49.2661571034,"HOLDER_PROFIT_SQ":-24153704.28,"HOLDER_PROFIT_QOQ_SQ":14.258390959115,"ROE_AVG_SQ":-13.027717943122,"PE_TTM_SQ":-628.002785679475,"PB_TTM_SQ":4.549261832254,"ROA_SQ":-5.670194103684,"START_DATE":"2020-01-01 00:00:00","FISCAL_YEAR":"12-31","CURRENCY":"HKD","IS_CNY_CODE":0,"DPS_HKD_LY":null,"ORG_TYPE":"一般企业","PREMIUM_INCOME":null,"PREMIUM_INCOME_YOY":null,"NET_INTEREST_INCOME":null,"NET_INTEREST_INCOME_YOY":null,"FEE_COMMISSION_INCOME":null,"FEE_COMMISSION_INCOME_YOY":null,"ACCOUNTS_RECE_TDAYS":0.973954684973,"INVENTORY_TDAYS":0.053081744481,"CURRENT_ASSETS_TDAYS":0.099219061187,"TOTAL_ASSETS_TDAYS":0.092618564892,"PREMIUM_EXPENSE":null,"LOAN_DEPOSIT":null,"LOAN_EQUITY":null,"LOAN_ASSETS":null,"DEPOSIT_EQUITY":null,"DEPOSIT_ASSETS":null,"EQUITY_MULTIPLIER":3.059793752933,"EQUITY_RATIO":2.059793752936}],"count":25},"success":true,"message":"ok","code":0}