{"version":"82aa91f442b66bdf1276b2cb63ea9e75","result":{"pages":3,"data":[{"SECUCODE":"01854.HK","SECURITY_CODE":"01854","SECURITY_NAME_ABBR":"中国万天控股","ORG_CODE":"10542581","STD_REPORT_DATE":"2024-06-30 00:00:00","REPORT_DATE":"2024-06-30 00:00:00","DATE_TYPE_CODE":"002","REPORT_TYPE":"2024年中报","PER_NETCASH_OPERATE":-0.017325210386,"PER_OI":0.118502688066,"BPS":0.08662721847,"BASIC_EPS":-0.008031584,"DILUTED_EPS":-0.008031584,"OPERATE_INCOME":229779054.84,"OPERATE_INCOME_YOY":95.5683813134,"GROSS_PROFIT":30865012.24,"GROSS_PROFIT_YOY":62.420080702125,"HOLDER_PROFIT":-15712698.88,"HOLDER_PROFIT_YOY":-5.9250599889,"GROSS_PROFIT_RATIO":13.432474191998,"EPS_TTM":-0.016435562391,"OPERATE_INCOME_QOQ":0,"NET_PROFIT_RATIO":-6.8381771746,"ROE_AVG":-8.830823760538,"GROSS_PROFIT_QOQ":0,"ROA":-6.986786143307,"HOLDER_PROFIT_QOQ":0,"ROE_YEARLY":-17.661647521076,"ROIC_YEARLY":-18.332592369761,"TOTAL_ASSETS":232765343.8,"TOTAL_LIABILITIES":56437393.16,"TAX_EBT":-5.014029522996,"OCF_SALES":-14.620099061419,"TOTAL_PARENT_EQUITY":176327950.64,"DEBT_ASSET_RATIO":24.2464759739,"OPERATE_PROFIT":-14724266.44,"PRETAX_PROFIT":-14962475.92,"NETCASH_OPERATE":-33593925.44,"NETCASH_INVEST":8027020.6,"NETCASH_FINANCE":-1825.36,"END_CASH":30872313.68,"DIVI_RATIO":null,"DIVIDEND_RATE":null,"CURRENT_RATIO":2.667862083099,"COMMON_ACS":10000000000,"CURRENTDEBT_DEBT":94.695732328541,"ISSUED_COMMON_SHARES":2035479769,"HK_COMMON_SHARES":2035479769,"PER_SHARES":10000,"TOTAL_MARKET_CAP":2462930520.49,"HKSK_MARKET_CAP":2462930520.49,"PE_TTM":-68.626334545125,"PB_TTM":12.748219549322,"REPORT_DATE_SQ":"2023-06-30 00:00:00","REPORT_TYPE_SQ":"2023年中报","OPERATE_INCOME_SQ":118130180.42,"DPS_HKD":null,"OPERATE_INCOME_QOQ_SQ":0,"NET_PROFIT_RATIO_SQ":-12.6252582845,"HOLDER_PROFIT_SQ":-14914240.39,"HOLDER_PROFIT_QOQ_SQ":0,"ROE_AVG_SQ":-9.705021794948,"PE_TTM_SQ":-68.200114798406,"PB_TTM_SQ":10.963498452428,"ROA_SQ":-6.446188229648,"START_DATE":"2024-01-01 00:00:00","FISCAL_YEAR":"12-31","CURRENCY":"HKD","IS_CNY_CODE":0,"DPS_HKD_LY":null,"ORG_TYPE":"一般企业","PREMIUM_INCOME":null,"PREMIUM_INCOME_YOY":null,"NET_INTEREST_INCOME":null,"NET_INTEREST_INCOME_YOY":null,"FEE_COMMISSION_INCOME":null,"FEE_COMMISSION_INCOME_YOY":null,"ACCOUNTS_RECE_TDAYS":5.078119327121,"INVENTORY_TDAYS":61.942589171522,"CURRENT_ASSETS_TDAYS":1.703506979451,"TOTAL_ASSETS_TDAYS":1.021732248953,"PREMIUM_EXPENSE":null,"LOAN_DEPOSIT":null,"LOAN_EQUITY":null,"LOAN_ASSETS":null,"DEPOSIT_EQUITY":null,"DEPOSIT_ASSETS":null,"EQUITY_MULTIPLIER":1.320070601145,"EQUITY_RATIO":0.320070601145},{"SECUCODE":"01854.HK","SECURITY_CODE":"01854","SECURITY_NAME_ABBR":"中国万天控股","ORG_CODE":"10542581","STD_REPORT_DATE":"2023-06-30 00:00:00","REPORT_DATE":"2023-09-30 00:00:00","DATE_TYPE_CODE":"002","REPORT_TYPE":"2023年中报","PER_NETCASH_OPERATE":-0.013180337337,"PER_OI":0.061776652833,"BPS":0.100646370212,"BASIC_EPS":-0.008533959,"DILUTED_EPS":-0.008533959,"OPERATE_INCOME":118130180.42,"OPERATE_INCOME_YOY":87.2576257873,"GROSS_PROFIT":19003199.67,"GROSS_PROFIT_YOY":41.013503182955,"HOLDER_PROFIT":-14914240.39,"HOLDER_PROFIT_YOY":-100.8526940188,"GROSS_PROFIT_RATIO":16.086659313002,"EPS_TTM":-0.013071111887,"OPERATE_INCOME_QOQ":0,"NET_PROFIT_RATIO":-12.6252582845,"ROE_AVG":-9.705021794948,"GROSS_PROFIT_QOQ":0,"ROA":-6.446188229648,"HOLDER_PROFIT_QOQ":0,"ROE_YEARLY":-19.410043589897,"ROIC_YEARLY":-17.084817029105,"TOTAL_ASSETS":264219629.31,"TOTAL_LIABILITIES":59355978.92,"TAX_EBT":-1.315297344471,"OCF_SALES":-21.335466931813,"TOTAL_PARENT_EQUITY":204863650.39,"DEBT_ASSET_RATIO":22.4646363614,"OPERATE_PROFIT":-14059926.86,"PRETAX_PROFIT":-14720620.46,"NETCASH_OPERATE":-25203625.58,"NETCASH_INVEST":-1558135.74,"NETCASH_FINANCE":84352220.12,"END_CASH":85639655.01,"DIVI_RATIO":null,"DIVIDEND_RATE":null,"CURRENT_RATIO":2.651926188591,"COMMON_ACS":10000000000,"CURRENTDEBT_DEBT":89.812009152186,"ISSUED_COMMON_SHARES":2035479769,"HK_COMMON_SHARES":2035479769,"PER_SHARES":10000,"TOTAL_MARKET_CAP":3032864855.81,"HKSK_MARKET_CAP":3032864855.81,"PE_TTM":-84.506808654741,"PB_TTM":15.698220767347,"REPORT_DATE_SQ":"2022-06-30 00:00:00","REPORT_TYPE_SQ":"2022年中报","OPERATE_INCOME_SQ":62177536.68,"DPS_HKD":null,"OPERATE_INCOME_QOQ_SQ":0,"NET_PROFIT_RATIO_SQ":-11.7706954485,"HOLDER_PROFIT_SQ":-7318728.48,"HOLDER_PROFIT_QOQ_SQ":0,"ROE_AVG_SQ":-6.622608695652,"PE_TTM_SQ":-68.732928195269,"PB_TTM_SQ":11.049150784088,"ROA_SQ":-5.268434964907,"START_DATE":"2023-04-01 00:00:00","FISCAL_YEAR":"3-31","CURRENCY":"HKD","IS_CNY_CODE":0,"DPS_HKD_LY":null,"ORG_TYPE":"一般企业","PREMIUM_INCOME":null,"PREMIUM_INCOME_YOY":null,"NET_INTEREST_INCOME":null,"NET_INTEREST_INCOME_YOY":null,"FEE_COMMISSION_INCOME":null,"FEE_COMMISSION_INCOME_YOY":null,"ACCOUNTS_RECE_TDAYS":3.131452201411,"INVENTORY_TDAYS":43.470824949698,"CURRENT_ASSETS_TDAYS":1.088268487013,"TOTAL_ASSETS_TDAYS":0.510578721193,"PREMIUM_EXPENSE":null,"LOAN_DEPOSIT":null,"LOAN_EQUITY":null,"LOAN_ASSETS":null,"DEPOSIT_EQUITY":null,"DEPOSIT_ASSETS":null,"EQUITY_MULTIPLIER":1.289734068523,"EQUITY_RATIO":0.289734068523},{"SECUCODE":"01854.HK","SECURITY_CODE":"01854","SECURITY_NAME_ABBR":"中国万天控股","ORG_CODE":"10542581","STD_REPORT_DATE":"2022-12-31 00:00:00","REPORT_DATE":"2023-03-31 00:00:00","DATE_TYPE_CODE":"001","REPORT_TYPE":"2022年年报","PER_NETCASH_OPERATE":-0.005949882638,"PER_OI":0.114345453215,"BPS":0.048033843499,"BASIC_EPS":-0.014706888,"DILUTED_EPS":-0.014706888,"OPERATE_INCOME":176951875.76,"OPERATE_INCOME_YOY":58.3219762833,"GROSS_PROFIT":31414087.85,"GROSS_PROFIT_YOY":106.639241930136,"HOLDER_PROFIT":-24273368.48,"HOLDER_PROFIT_YOY":-153.1081697855,"GROSS_PROFIT_RATIO":17.752899038271,"EPS_TTM":-0.009730333391,"OPERATE_INCOME_QOQ":0,"NET_PROFIT_RATIO":-13.7174971306,"ROE_AVG":-23.933261692367,"GROSS_PROFIT_QOQ":0,"ROA":-14.916348378073,"HOLDER_PROFIT_QOQ":0,"ROE_YEARLY":-23.933261692367,"ROIC_YEARLY":-18.709409696802,"TOTAL_ASSETS":189377445.3,"TOTAL_LIABILITIES":91605528.63,"TAX_EBT":-13.760564535981,"OCF_SALES":-5.203427395417,"TOTAL_PARENT_EQUITY":97771916.67,"DEBT_ASSET_RATIO":48.3719317709,"OPERATE_PROFIT":-15626068.5,"PRETAX_PROFIT":-21337243.34,"NETCASH_OPERATE":-9213690.25,"NETCASH_INVEST":-10816565.96,"NETCASH_FINANCE":7324555.47,"END_CASH":26625595.15,"DIVI_RATIO":null,"DIVIDEND_RATE":null,"CURRENT_RATIO":1.24163456909,"COMMON_ACS":10000000000,"CURRENTDEBT_DEBT":63.514998614336,"ISSUED_COMMON_SHARES":2035479769,"HK_COMMON_SHARES":2035479769,"PER_SHARES":10000,"TOTAL_MARKET_CAP":2992155260.43,"HKSK_MARKET_CAP":2992155260.43,"PE_TTM":-83.372489075483,"PB_TTM":15.487506394631,"REPORT_DATE_SQ":"2021-12-31 00:00:00","REPORT_TYPE_SQ":"2021年年报","OPERATE_INCOME_SQ":103544890.74,"DPS_HKD":null,"OPERATE_INCOME_QOQ_SQ":0,"NET_PROFIT_RATIO_SQ":-8.5827968106,"HOLDER_PROFIT_SQ":-8884614.55,"HOLDER_PROFIT_QOQ_SQ":0,"ROE_AVG_SQ":-10.271628552408,"PE_TTM_SQ":-58.076660258018,"PB_TTM_SQ":9.336104150896,"ROA_SQ":-7.27829599511,"START_DATE":"2022-04-01 00:00:00","FISCAL_YEAR":"3-31","CURRENCY":"HKD","IS_CNY_CODE":0,"DPS_HKD_LY":null,"ORG_TYPE":"一般企业","PREMIUM_INCOME":null,"PREMIUM_INCOME_YOY":null,"NET_INTEREST_INCOME":null,"NET_INTEREST_INCOME_YOY":null,"FEE_COMMISSION_INCOME":null,"FEE_COMMISSION_INCOME_YOY":null,"ACCOUNTS_RECE_TDAYS":6.518728735669,"INVENTORY_TDAYS":99.01786777844,"CURRENT_ASSETS_TDAYS":2.573685852342,"TOTAL_ASSETS_TDAYS":1.087395771693,"PREMIUM_EXPENSE":null,"LOAN_DEPOSIT":null,"LOAN_EQUITY":null,"LOAN_ASSETS":null,"DEPOSIT_EQUITY":null,"DEPOSIT_ASSETS":null,"EQUITY_MULTIPLIER":1.936930887211,"EQUITY_RATIO":0.936930887212},{"SECUCODE":"01854.HK","SECURITY_CODE":"01854","SECURITY_NAME_ABBR":"中国万天控股","ORG_CODE":"10542581","STD_REPORT_DATE":"2022-06-30 00:00:00","REPORT_DATE":"2022-09-30 00:00:00","DATE_TYPE_CODE":"002","REPORT_TYPE":"2022年中报","PER_NETCASH_OPERATE":-0.005589989027,"PER_OI":0.040418066434,"BPS":0.05525381296,"BASIC_EPS":-0.004793532,"DILUTED_EPS":-0.004793532,"OPERATE_INCOME":62177536.68,"OPERATE_INCOME_YOY":0.7400134814,"GROSS_PROFIT":13476156,"GROSS_PROFIT_YOY":44.79675219616,"HOLDER_PROFIT":-7318728.48,"HOLDER_PROFIT_YOY":-488.5090909091,"GROSS_PROFIT_RATIO":21.673673033005,"EPS_TTM":-0.005876067824,"OPERATE_INCOME_QOQ":0,"NET_PROFIT_RATIO":-11.7706954485,"ROE_AVG":-6.622608695652,"GROSS_PROFIT_QOQ":0,"ROA":-5.268434964907,"HOLDER_PROFIT_QOQ":0,"ROE_YEARLY":-13.245217391304,"ROIC_YEARLY":-13.849287169043,"TOTAL_ASSETS":137237916.72,"TOTAL_LIABILITIES":24769898.28,"TAX_EBT":-7.778369738945,"OCF_SALES":-13.830421691128,"TOTAL_PARENT_EQUITY":112468018.44,"DEBT_ASSET_RATIO":18.0488737165,"OPERATE_PROFIT":-6517394.64,"PRETAX_PROFIT":-6790535.52,"NETCASH_OPERATE":-8599415.52,"NETCASH_INVEST":-5076621.72,"NETCASH_FINANCE":-1522172.52,"END_CASH":25789202.16,"DIVI_RATIO":null,"DIVIDEND_RATE":null,"CURRENT_RATIO":3.068040759611,"COMMON_ACS":10000000000,"CURRENTDEBT_DEBT":78.833022967101,"ISSUED_COMMON_SHARES":2035479769,"HK_COMMON_SHARES":2035479769,"PER_SHARES":10000,"TOTAL_MARKET_CAP":3032864855.81,"HKSK_MARKET_CAP":3032864855.81,"PE_TTM":-84.506808654741,"PB_TTM":15.698220767347,"REPORT_DATE_SQ":"2021-06-30 00:00:00","REPORT_TYPE_SQ":"2021年中报","OPERATE_INCOME_SQ":56849680.52,"DPS_HKD":null,"OPERATE_INCOME_QOQ_SQ":0,"NET_PROFIT_RATIO_SQ":-2.0192843117,"HOLDER_PROFIT_SQ":-1145457.5,"HOLDER_PROFIT_QOQ_SQ":0,"ROE_AVG_SQ":-1.233814595802,"PE_TTM_SQ":-68.732928195269,"PB_TTM_SQ":11.049150784088,"ROA_SQ":-0.843690270564,"START_DATE":"2022-04-01 00:00:00","FISCAL_YEAR":"3-31","CURRENCY":"HKD","IS_CNY_CODE":0,"DPS_HKD_LY":null,"ORG_TYPE":"一般企业","PREMIUM_INCOME":null,"PREMIUM_INCOME_YOY":null,"NET_INTEREST_INCOME":null,"NET_INTEREST_INCOME_YOY":null,"FEE_COMMISSION_INCOME":null,"FEE_COMMISSION_INCOME_YOY":null,"ACCOUNTS_RECE_TDAYS":2.676178056329,"INVENTORY_TDAYS":108.018054162487,"CURRENT_ASSETS_TDAYS":0.9765615012,"TOTAL_ASSETS_TDAYS":0.447589098532,"PREMIUM_EXPENSE":null,"LOAN_DEPOSIT":null,"LOAN_EQUITY":null,"LOAN_ASSETS":null,"DEPOSIT_EQUITY":null,"DEPOSIT_ASSETS":null,"EQUITY_MULTIPLIER":1.220239483397,"EQUITY_RATIO":0.220239483398},{"SECUCODE":"01854.HK","SECURITY_CODE":"01854","SECURITY_NAME_ABBR":"中国万天控股","ORG_CODE":"10542581","STD_REPORT_DATE":"2021-12-31 00:00:00","REPORT_DATE":"2022-03-31 00:00:00","DATE_TYPE_CODE":"001","REPORT_TYPE":"2021年年报","PER_NETCASH_OPERATE":-0.003937582282,"PER_OI":0.068482070595,"BPS":0.047821975793,"BASIC_EPS":-0.005839272,"DILUTED_EPS":-0.005839272,"OPERATE_INCOME":103544890.74,"OPERATE_INCOME_YOY":19.6502539688,"GROSS_PROFIT":15202382.45,"GROSS_PROFIT_YOY":35.772596353571,"HOLDER_PROFIT":-8884614.55,"HOLDER_PROFIT_YOY":-32.9490291262,"GROSS_PROFIT_RATIO":14.68192427589,"EPS_TTM":-0.005459477183,"OPERATE_INCOME_QOQ":0,"NET_PROFIT_RATIO":-8.5827968106,"ROE_AVG":-10.271628552408,"GROSS_PROFIT_QOQ":0,"ROA":-7.27829599511,"HOLDER_PROFIT_QOQ":0,"ROE_YEARLY":-10.271628552408,"ROIC_YEARLY":-10.020397523027,"TOTAL_ASSETS":126071504.5,"TOTAL_LIABILITIES":28730840.26,"TAX_EBT":-0.976778474014,"OCF_SALES":-5.749800272569,"TOTAL_PARENT_EQUITY":97340664.24,"DEBT_ASSET_RATIO":22.7893213252,"OPERATE_PROFIT":-8253648.77,"PRETAX_PROFIT":-8801080.52,"NETCASH_OPERATE":-5953624.41,"NETCASH_INVEST":-1766379.78,"NETCASH_FINANCE":13824476.46,"END_CASH":36461387.58,"DIVI_RATIO":null,"DIVIDEND_RATE":null,"CURRENT_RATIO":2.429372087719,"COMMON_ACS":10000000000,"CURRENTDEBT_DEBT":86.628464969232,"ISSUED_COMMON_SHARES":2035479769,"HK_COMMON_SHARES":2035479769,"PER_SHARES":10000,"TOTAL_MARKET_CAP":3032864855.81,"HKSK_MARKET_CAP":3032864855.81,"PE_TTM":-84.506808654741,"PB_TTM":15.698220767347,"REPORT_DATE_SQ":"2020-12-31 00:00:00","REPORT_TYPE_SQ":"2020年年报","OPERATE_INCOME_SQ":90185777.08,"DPS_HKD":null,"OPERATE_INCOME_QOQ_SQ":0,"NET_PROFIT_RATIO_SQ":-7.725901074,"HOLDER_PROFIT_SQ":-6964283.2,"HOLDER_PROFIT_QOQ_SQ":0,"ROE_AVG_SQ":-8.459785220016,"PE_TTM_SQ":-68.732928195269,"PB_TTM_SQ":11.049150784088,"ROA_SQ":-5.384125324665,"START_DATE":"2021-04-01 00:00:00","FISCAL_YEAR":"3-31","CURRENCY":"HKD","IS_CNY_CODE":0,"DPS_HKD_LY":null,"ORG_TYPE":"一般企业","PREMIUM_INCOME":null,"PREMIUM_INCOME_YOY":null,"NET_INTEREST_INCOME":null,"NET_INTEREST_INCOME_YOY":null,"FEE_COMMISSION_INCOME":null,"FEE_COMMISSION_INCOME_YOY":null,"ACCOUNTS_RECE_TDAYS":6.265901060071,"INVENTORY_TDAYS":232.010649627263,"CURRENT_ASSETS_TDAYS":1.819404761057,"TOTAL_ASSETS_TDAYS":0.848242047357,"PREMIUM_EXPENSE":null,"LOAN_DEPOSIT":null,"LOAN_EQUITY":null,"LOAN_ASSETS":null,"DEPOSIT_EQUITY":null,"DEPOSIT_ASSETS":null,"EQUITY_MULTIPLIER":1.29515763514,"EQUITY_RATIO":0.29515763514},{"SECUCODE":"01854.HK","SECURITY_CODE":"01854","SECURITY_NAME_ABBR":"中国万天控股","ORG_CODE":"10542581","STD_REPORT_DATE":"2021-06-30 00:00:00","REPORT_DATE":"2021-09-30 00:00:00","DATE_TYPE_CODE":"002","REPORT_TYPE":"2021年中报","PER_NETCASH_OPERATE":-0.002236369405,"PER_OI":0.037598995053,"BPS":0.05304297782,"BASIC_EPS":-0.00083306,"DILUTED_EPS":-0.00083306,"OPERATE_INCOME":56849680.52,"OPERATE_INCOME_YOY":25.9193652551,"GROSS_PROFIT":9306946.32,"GROSS_PROFIT_YOY":30.807473810132,"HOLDER_PROFIT":-1145457.5,"HOLDER_PROFIT_YOY":-933.3333333333,"GROSS_PROFIT_RATIO":16.371149731837,"EPS_TTM":-0.005527208889,"OPERATE_INCOME_QOQ":0,"NET_PROFIT_RATIO":-2.0192843117,"ROE_AVG":-1.233814595802,"GROSS_PROFIT_QOQ":0,"ROA":-0.843690270564,"HOLDER_PROFIT_QOQ":0,"ROE_YEARLY":-2.467629191605,"ROIC_YEARLY":-2.483854942871,"TOTAL_ASSETS":150256533.02,"TOTAL_LIABILITIES":42288624.78,"TAX_EBT":-11.759935117599,"OCF_SALES":-5.94794994285,"TOTAL_PARENT_EQUITY":107967908.24,"DEBT_ASSET_RATIO":28.1442835995,"OPERATE_PROFIT":-668947.18,"PRETAX_PROFIT":-1027162.98,"NETCASH_OPERATE":-3065660.8,"NETCASH_INVEST":-1084644.12,"NETCASH_FINANCE":28865529,"END_CASH":55897492.94,"DIVI_RATIO":null,"DIVIDEND_RATE":null,"CURRENT_RATIO":2.08595027805,"COMMON_ACS":10000000000,"CURRENTDEBT_DEBT":96.35364340169,"ISSUED_COMMON_SHARES":2035479769,"HK_COMMON_SHARES":2035479769,"PER_SHARES":10000,"TOTAL_MARKET_CAP":3032864855.81,"HKSK_MARKET_CAP":3032864855.81,"PE_TTM":-84.506808654741,"PB_TTM":15.698220767347,"REPORT_DATE_SQ":"2020-06-30 00:00:00","REPORT_TYPE_SQ":"2020年中报","OPERATE_INCOME_SQ":47622230.4,"DPS_HKD":null,"OPERATE_INCOME_QOQ_SQ":0,"NET_PROFIT_RATIO_SQ":0.297075376,"HOLDER_PROFIT_SQ":144988.8,"HOLDER_PROFIT_QOQ_SQ":0,"ROE_AVG_SQ":0.162394382139,"PE_TTM_SQ":-68.732928195269,"PB_TTM_SQ":11.049150784088,"ROA_SQ":0.103622062079,"START_DATE":"2021-04-01 00:00:00","FISCAL_YEAR":"3-31","CURRENCY":"HKD","IS_CNY_CODE":0,"DPS_HKD_LY":null,"ORG_TYPE":"一般企业","PREMIUM_INCOME":null,"PREMIUM_INCOME_YOY":null,"NET_INTEREST_INCOME":null,"NET_INTEREST_INCOME_YOY":null,"FEE_COMMISSION_INCOME":null,"FEE_COMMISSION_INCOME_YOY":null,"ACCOUNTS_RECE_TDAYS":2.938235990614,"INVENTORY_TDAYS":99.685589519651,"CURRENT_ASSETS_TDAYS":0.813276129186,"TOTAL_ASSETS_TDAYS":0.418728083228,"PREMIUM_EXPENSE":null,"LOAN_DEPOSIT":null,"LOAN_EQUITY":null,"LOAN_ASSETS":null,"DEPOSIT_EQUITY":null,"DEPOSIT_ASSETS":null,"EQUITY_MULTIPLIER":1.391677725995,"EQUITY_RATIO":0.391677725996},{"SECUCODE":"01854.HK","SECURITY_CODE":"01854","SECURITY_NAME_ABBR":"中国万天控股","ORG_CODE":"10542581","STD_REPORT_DATE":"2020-12-31 00:00:00","REPORT_DATE":"2021-03-31 00:00:00","DATE_TYPE_CODE":"001","REPORT_TYPE":"2020年年报","PER_NETCASH_OPERATE":0.007689796444,"PER_OI":0.071576013556,"BPS":0.038732922803,"BASIC_EPS":-0.00549367,"DILUTED_EPS":-0.00549367,"OPERATE_INCOME":90185777.08,"OPERATE_INCOME_YOY":-30.7454665819,"GROSS_PROFIT":11196944.64,"GROSS_PROFIT_YOY":-36.257431757272,"HOLDER_PROFIT":-6964283.2,"HOLDER_PROFIT_YOY":-73.8763452205,"GROSS_PROFIT_RATIO":12.415421813206,"EPS_TTM":-0.002438775532,"OPERATE_INCOME_QOQ":0,"NET_PROFIT_RATIO":-7.725901074,"ROE_AVG":-8.459785220016,"GROSS_PROFIT_QOQ":0,"ROA":-5.384125324665,"HOLDER_PROFIT_QOQ":0,"ROE_YEARLY":-8.459785220016,"ROIC_YEARLY":-6.985626057063,"TOTAL_ASSETS":123042994.76,"TOTAL_LIABILITIES":44212210.98,"TAX_EBT":3.691588785047,"OCF_SALES":10.743538320244,"TOTAL_PARENT_EQUITY":78840080.76,"DEBT_ASSET_RATIO":35.9323267986,"OPERATE_PROFIT":-6507886,"PRETAX_PROFIT":-7234740.8,"NETCASH_OPERATE":10594331.3,"NETCASH_INVEST":-1379333.76,"NETCASH_FINANCE":-5266316.58,"END_CASH":31635932.58,"DIVI_RATIO":null,"DIVIDEND_RATE":null,"CURRENT_RATIO":1.300160069561,"COMMON_ACS":10000000000,"CURRENTDEBT_DEBT":96.734912351131,"ISSUED_COMMON_SHARES":2035479769,"HK_COMMON_SHARES":2035479769,"PER_SHARES":10000,"TOTAL_MARKET_CAP":3032864855.81,"HKSK_MARKET_CAP":3032864855.81,"PE_TTM":-84.506808654741,"PB_TTM":15.698220767347,"REPORT_DATE_SQ":"2019-12-31 00:00:00","REPORT_TYPE_SQ":"2019年年报","OPERATE_INCOME_SQ":140781068.6,"DPS_HKD":null,"OPERATE_INCOME_QOQ_SQ":0,"NET_PROFIT_RATIO_SQ":-3.0802580511,"HOLDER_PROFIT_SQ":-4330024.3,"HOLDER_PROFIT_QOQ_SQ":0,"ROE_AVG_SQ":-4.458493858869,"PE_TTM_SQ":-68.732928195269,"PB_TTM_SQ":11.049150784088,"ROA_SQ":-3.045248185478,"START_DATE":"2020-04-01 00:00:00","FISCAL_YEAR":"3-31","CURRENCY":"HKD","IS_CNY_CODE":0,"DPS_HKD_LY":null,"ORG_TYPE":"一般企业","PREMIUM_INCOME":null,"PREMIUM_INCOME_YOY":null,"NET_INTEREST_INCOME":null,"NET_INTEREST_INCOME_YOY":null,"FEE_COMMISSION_INCOME":null,"FEE_COMMISSION_INCOME_YOY":null,"ACCOUNTS_RECE_TDAYS":4.131967705086,"INVENTORY_TDAYS":208.84469273743,"CURRENT_ASSETS_TDAYS":1.490411341574,"TOTAL_ASSETS_TDAYS":0.697231161279,"PREMIUM_EXPENSE":null,"LOAN_DEPOSIT":null,"LOAN_EQUITY":null,"LOAN_ASSETS":null,"DEPOSIT_EQUITY":null,"DEPOSIT_ASSETS":null,"EQUITY_MULTIPLIER":1.560849567389,"EQUITY_RATIO":0.560783430887},{"SECUCODE":"01854.HK","SECURITY_CODE":"01854","SECURITY_NAME_ABBR":"中国万天控股","ORG_CODE":"10542581","STD_REPORT_DATE":"2020-06-30 00:00:00","REPORT_DATE":"2020-09-30 00:00:00","DATE_TYPE_CODE":"002","REPORT_TYPE":"2020年中报","PER_NETCASH_OPERATE":0.004549119492,"PER_OI":0.037795420952,"BPS":0.043898446942,"BASIC_EPS":0.000087872,"DILUTED_EPS":0.000087872,"OPERATE_INCOME":47622230.4,"OPERATE_INCOME_YOY":-35.7681276223,"GROSS_PROFIT":7114995.84,"GROSS_PROFIT_YOY":-32.691061129958,"HOLDER_PROFIT":144988.8,"HOLDER_PROFIT_YOY":113.3819951338,"GROSS_PROFIT_RATIO":14.940492665375,"EPS_TTM":-0.003436527222,"OPERATE_INCOME_QOQ":0,"NET_PROFIT_RATIO":0.297075376,"ROE_AVG":0.162394382139,"GROSS_PROFIT_QOQ":0,"ROA":0.103622062079,"HOLDER_PROFIT_QOQ":0,"ROE_YEARLY":0.324788764277,"ROIC_YEARLY":0.265002770484,"TOTAL_ASSETS":138804368.64,"TOTAL_LIABILITIES":49459633.92,"TAX_EBT":67.8,"OCF_SALES":12.036165697943,"TOTAL_PARENT_EQUITY":89354400.64,"DEBT_ASSET_RATIO":35.6326205037,"OPERATE_PROFIT":1027223.68,"PRETAX_PROFIT":439360,"NETCASH_OPERATE":5731890.56,"NETCASH_INVEST":-80842.24,"NETCASH_FINANCE":-2214374.4,"END_CASH":32222662.4,"DIVI_RATIO":null,"DIVIDEND_RATE":null,"CURRENT_RATIO":1.436594573485,"COMMON_ACS":10000000000,"CURRENTDEBT_DEBT":95.53530185126,"ISSUED_COMMON_SHARES":2035479769,"HK_COMMON_SHARES":2035479769,"PER_SHARES":10000,"TOTAL_MARKET_CAP":3032864855.81,"HKSK_MARKET_CAP":3032864855.81,"PE_TTM":-84.506808654741,"PB_TTM":15.698220767347,"REPORT_DATE_SQ":"2019-06-30 00:00:00","REPORT_TYPE_SQ":"2019年中报","OPERATE_INCOME_SQ":76106191.74,"DPS_HKD":null,"OPERATE_INCOME_QOQ_SQ":0,"NET_PROFIT_RATIO_SQ":-1.4684618484,"HOLDER_PROFIT_SQ":-1112178.33,"HOLDER_PROFIT_QOQ_SQ":0,"ROE_AVG_SQ":-1.116397828774,"PE_TTM_SQ":-68.732928195269,"PB_TTM_SQ":11.049150784088,"ROA_SQ":-0.828019703243,"START_DATE":"2020-04-01 00:00:00","FISCAL_YEAR":"3-31","CURRENCY":"HKD","IS_CNY_CODE":0,"DPS_HKD_LY":null,"ORG_TYPE":"一般企业","PREMIUM_INCOME":null,"PREMIUM_INCOME_YOY":null,"NET_INTEREST_INCOME":null,"NET_INTEREST_INCOME_YOY":null,"FEE_COMMISSION_INCOME":null,"FEE_COMMISSION_INCOME_YOY":null,"ACCOUNTS_RECE_TDAYS":1.761551088069,"INVENTORY_TDAYS":104.530612244898,"CURRENT_ASSETS_TDAYS":0.700882003,"TOTAL_ASSETS_TDAYS":0.340351372992,"PREMIUM_EXPENSE":null,"LOAN_DEPOSIT":null,"LOAN_EQUITY":null,"LOAN_ASSETS":null,"DEPOSIT_EQUITY":null,"DEPOSIT_ASSETS":null,"EQUITY_MULTIPLIER":1.553581966247,"EQUITY_RATIO":0.553522082469},{"SECUCODE":"01854.HK","SECURITY_CODE":"01854","SECURITY_NAME_ABBR":"中国万天控股","ORG_CODE":"10542581","STD_REPORT_DATE":"2019-12-31 00:00:00","REPORT_DATE":"2020-03-31 00:00:00","DATE_TYPE_CODE":"001","REPORT_TYPE":"2019年年报","PER_NETCASH_OPERATE":-0.003926009365,"PER_OI":0.111731006825,"BPS":0.045571885711,"BASIC_EPS":-0.00338069,"DILUTED_EPS":-0.00338069,"OPERATE_INCOME":140781068.6,"OPERATE_INCOME_YOY":-17.1351894976,"GROSS_PROFIT":17565882.5,"GROSS_PROFIT_YOY":-53.411287358642,"HOLDER_PROFIT":-4330024.3,"HOLDER_PROFIT_YOY":-129.5099321253,"GROSS_PROFIT_RATIO":12.477446488142,"EPS_TTM":0.005737603198,"OPERATE_INCOME_QOQ":0,"NET_PROFIT_RATIO":-3.0802580511,"ROE_AVG":-4.458493858869,"GROSS_PROFIT_QOQ":0,"ROA":-3.045248185478,"HOLDER_PROFIT_QOQ":0,"ROE_YEARLY":-4.458493858869,"ROIC_YEARLY":-3.73465728865,"TOTAL_ASSETS":146651591.1,"TOTAL_LIABILITIES":53897335.6,"TAX_EBT":-32.866741321389,"OCF_SALES":-3.513804696323,"TOTAL_PARENT_EQUITY":92760651.4,"DEBT_ASSET_RATIO":36.7519610225,"OPERATE_PROFIT":-2616836.8,"PRETAX_PROFIT":-3263736.4,"NETCASH_OPERATE":-4946771.8,"NETCASH_INVEST":-3248203.5,"NETCASH_FINANCE":15556656.2,"END_CASH":29931898.3,"DIVI_RATIO":null,"DIVIDEND_RATE":null,"CURRENT_RATIO":1.367238424985,"COMMON_ACS":10000000000,"CURRENTDEBT_DEBT":95.96697633417,"ISSUED_COMMON_SHARES":2035479769,"HK_COMMON_SHARES":2035479769,"PER_SHARES":10000,"TOTAL_MARKET_CAP":3032864855.81,"HKSK_MARKET_CAP":3032864855.81,"PE_TTM":-84.506808654741,"PB_TTM":15.698220767347,"REPORT_DATE_SQ":"2018-12-31 00:00:00","REPORT_TYPE_SQ":"2018年年报","OPERATE_INCOME_SQ":159496614.81,"DPS_HKD":null,"OPERATE_INCOME_QOQ_SQ":1.736892806255,"NET_PROFIT_RATIO_SQ":8.636703435,"HOLDER_PROFIT_SQ":13775249.61,"HOLDER_PROFIT_QOQ_SQ":-1.818160496601,"ROE_AVG_SQ":15.583999689465,"PE_TTM_SQ":-68.732928195269,"PB_TTM_SQ":11.049150784088,"ROA_SQ":11.412672693161,"START_DATE":"2019-04-01 00:00:00","FISCAL_YEAR":"3-31","CURRENCY":"HKD","IS_CNY_CODE":0,"DPS_HKD_LY":null,"ORG_TYPE":"一般企业","PREMIUM_INCOME":null,"PREMIUM_INCOME_YOY":null,"NET_INTEREST_INCOME":null,"NET_INTEREST_INCOME_YOY":null,"FEE_COMMISSION_INCOME":null,"FEE_COMMISSION_INCOME_YOY":null,"ACCOUNTS_RECE_TDAYS":4.428037705483,"INVENTORY_TDAYS":168.355805243446,"CURRENT_ASSETS_TDAYS":2.139066090059,"TOTAL_ASSETS_TDAYS":0.99009442904,"PREMIUM_EXPENSE":null,"LOAN_DEPOSIT":null,"LOAN_EQUITY":null,"LOAN_ASSETS":null,"DEPOSIT_EQUITY":null,"DEPOSIT_ASSETS":null,"EQUITY_MULTIPLIER":1.581076688173,"EQUITY_RATIO":0.581036622604}],"count":27},"success":true,"message":"ok","code":0}