{"version":"2bb9a93bdbd1956302f16ddc26864204","result":{"pages":2,"data":[{"SECUCODE":"01853.HK","SECURITY_CODE":"01853","SECURITY_NAME_ABBR":"春城热力","ORG_CODE":"10000019622","STD_REPORT_DATE":"2024-06-30 00:00:00","REPORT_DATE":"2024-06-30 00:00:00","DATE_TYPE_CODE":"002","REPORT_TYPE":"2024年中报","PER_NETCASH_OPERATE":-1.061751582816,"PER_OI":1.94263821937,"BPS":2.438372552496,"BASIC_EPS":0.32,"DILUTED_EPS":0.32,"OPERATE_INCOME":906629256.98,"OPERATE_INCOME_YOY":0.9211161428,"GROSS_PROFIT":220038426.91,"GROSS_PROFIT_YOY":-2.472936639694,"HOLDER_PROFIT":148141991.45,"HOLDER_PROFIT_YOY":18.5859427947,"GROSS_PROFIT_RATIO":24.269945539035,"EPS_TTM":0.308921751982,"OPERATE_INCOME_QOQ":0.488361951131,"NET_PROFIT_RATIO":16.3398644274,"ROE_AVG":13.924199479489,"GROSS_PROFIT_QOQ":-2.098378262302,"ROA":5.86199337215,"HOLDER_PROFIT_QOQ":19.19569517204,"ROE_YEARLY":27.848398958978,"ROIC_YEARLY":17.551049660143,"TOTAL_ASSETS":2047728472.62,"TOTAL_LIABILITIES":909740002.37,"TAX_EBT":26.156867158415,"OCF_SALES":-54.655137134068,"TOTAL_PARENT_EQUITY":1137988470.25,"DEBT_ASSET_RATIO":44.4267887337,"OPERATE_PROFIT":193806546.1,"PRETAX_PROFIT":200617153.89,"NETCASH_OPERATE":-495519463.7,"NETCASH_INVEST":-60160031.26,"NETCASH_FINANCE":-1536081.67,"END_CASH":553826033.28,"DIVI_RATIO":0.291002570791,"DIVIDEND_RATE":6.483660130719,"CURRENT_RATIO":1.283416401666,"COMMON_ACS":null,"CURRENTDEBT_DEBT":87.313979991059,"ISSUED_COMMON_SHARES":466700000,"HK_COMMON_SHARES":116700000,"PER_SHARES":2500,"TOTAL_MARKET_CAP":714051000,"HKSK_MARKET_CAP":178551000,"PE_TTM":4.454664093382,"PB_TTM":0.572677213976,"REPORT_DATE_SQ":"2023-06-30 00:00:00","REPORT_TYPE_SQ":"2023年中报","OPERATE_INCOME_SQ":898354369.86,"DPS_HKD":0.0992,"OPERATE_INCOME_QOQ_SQ":0.653428061337,"NET_PROFIT_RATIO_SQ":13.9058417615,"HOLDER_PROFIT_SQ":124923737.13,"HOLDER_PROFIT_QOQ_SQ":53.337810812382,"ROE_AVG_SQ":13.103497145998,"PE_TTM_SQ":4.610184731494,"PB_TTM_SQ":0.808826646046,"ROA_SQ":4.781461593767,"START_DATE":"2024-01-01 00:00:00","FISCAL_YEAR":"12-31","CURRENCY":"HKD","IS_CNY_CODE":0,"DPS_HKD_LY":0.0992,"ORG_TYPE":"一般企业","PREMIUM_INCOME":null,"PREMIUM_INCOME_YOY":null,"NET_INTEREST_INCOME":null,"NET_INTEREST_INCOME_YOY":null,"FEE_COMMISSION_INCOME":null,"FEE_COMMISSION_INCOME_YOY":null,"ACCOUNTS_RECE_TDAYS":5.922953456785,"INVENTORY_TDAYS":99.019074693832,"CURRENT_ASSETS_TDAYS":0.612265605177,"TOTAL_ASSETS_TDAYS":0.35875410094,"PREMIUM_EXPENSE":null,"LOAN_DEPOSIT":null,"LOAN_EQUITY":null,"LOAN_ASSETS":null,"DEPOSIT_EQUITY":null,"DEPOSIT_ASSETS":null,"EQUITY_MULTIPLIER":1.799428136712,"EQUITY_RATIO":0.799428136711},{"SECUCODE":"01853.HK","SECURITY_CODE":"01853","SECURITY_NAME_ABBR":"春城热力","ORG_CODE":"10000019622","STD_REPORT_DATE":"2023-12-31 00:00:00","REPORT_DATE":"2023-12-31 00:00:00","DATE_TYPE_CODE":"001","REPORT_TYPE":"2023年年报","PER_NETCASH_OPERATE":0.85567292027,"PER_OI":3.630633888751,"BPS":2.120948101136,"BASIC_EPS":0.26,"DILUTED_EPS":0.26,"OPERATE_INCOME":1694416835.88,"OPERATE_INCOME_YOY":2.3999250341,"GROSS_PROFIT":265890361.63,"GROSS_PROFIT_YOY":15.279520500134,"HOLDER_PROFIT":120955527.33,"HOLDER_PROFIT_YOY":5.4832656939,"GROSS_PROFIT_RATIO":15.692145875776,"EPS_TTM":0.259171903428,"OPERATE_INCOME_QOQ":1.735158957245,"NET_PROFIT_RATIO":7.1384753013,"ROE_AVG":12.720458505972,"GROSS_PROFIT_QOQ":-19.160340885168,"ROA":4.001461253135,"HOLDER_PROFIT_QOQ":-31.208574626772,"ROE_YEARLY":12.720458505972,"ROIC_YEARLY":6.213218646727,"TOTAL_ASSETS":3006592883.45,"TOTAL_LIABILITIES":2016746404.65,"TAX_EBT":28.204281979123,"OCF_SALES":23.568141170092,"TOTAL_PARENT_EQUITY":989846478.8,"DEBT_ASSET_RATIO":67.0774688436,"OPERATE_PROFIT":164004971.91,"PRETAX_PROFIT":168471784.48,"NETCASH_OPERATE":399342551.89,"NETCASH_INVEST":-29163062.28,"NETCASH_FINANCE":-289373981.75,"END_CASH":1111041609.91,"DIVI_RATIO":0.346862537223,"DIVIDEND_RATE":7.188405797101,"CURRENT_RATIO":1.021240043665,"COMMON_ACS":null,"CURRENTDEBT_DEBT":94.295775564803,"ISSUED_COMMON_SHARES":466700000,"HK_COMMON_SHARES":116700000,"PER_SHARES":2500,"TOTAL_MARKET_CAP":644046000,"HKSK_MARKET_CAP":161046000,"PE_TTM":4.017932319521,"PB_TTM":0.516532389077,"REPORT_DATE_SQ":"2022-12-31 00:00:00","REPORT_TYPE_SQ":"2022年年报","OPERATE_INCOME_SQ":1654705152.68,"DPS_HKD":0.0992,"OPERATE_INCOME_QOQ_SQ":-0.211948197137,"NET_PROFIT_RATIO_SQ":6.9298132827,"HOLDER_PROFIT_SQ":114667977.46,"HOLDER_PROFIT_QOQ_SQ":88.010048038869,"ROE_AVG_SQ":13.031050925916,"PE_TTM_SQ":4.684144914352,"PB_TTM_SQ":0.821802474593,"ROA_SQ":3.865158854645,"START_DATE":"2023-01-01 00:00:00","FISCAL_YEAR":"12-31","CURRENCY":"HKD","IS_CNY_CODE":0,"DPS_HKD_LY":0.1029,"ORG_TYPE":"一般企业","PREMIUM_INCOME":null,"PREMIUM_INCOME_YOY":null,"NET_INTEREST_INCOME":null,"NET_INTEREST_INCOME_YOY":null,"FEE_COMMISSION_INCOME":null,"FEE_COMMISSION_INCOME_YOY":null,"ACCOUNTS_RECE_TDAYS":11.87769899111,"INVENTORY_TDAYS":201.18298943708,"CURRENT_ASSETS_TDAYS":0.883524004878,"TOTAL_ASSETS_TDAYS":0.560548448269,"PREMIUM_EXPENSE":null,"LOAN_DEPOSIT":null,"LOAN_EQUITY":null,"LOAN_ASSETS":null,"DEPOSIT_EQUITY":null,"DEPOSIT_ASSETS":null,"EQUITY_MULTIPLIER":3.037433529182,"EQUITY_RATIO":2.037433529182},{"SECUCODE":"01853.HK","SECURITY_CODE":"01853","SECURITY_NAME_ABBR":"春城热力","ORG_CODE":"10000019622","STD_REPORT_DATE":"2023-06-30 00:00:00","REPORT_DATE":"2023-06-30 00:00:00","DATE_TYPE_CODE":"002","REPORT_TYPE":"2023年中报","PER_NETCASH_OPERATE":-0.817435331648,"PER_OI":1.924907584873,"BPS":2.131609546282,"BASIC_EPS":0.27,"DILUTED_EPS":0.27,"OPERATE_INCOME":898354369.86,"OPERATE_INCOME_YOY":1.2182304662,"GROSS_PROFIT":225617812.46,"GROSS_PROFIT_YOY":77.156041520013,"HOLDER_PROFIT":124923737.13,"HOLDER_PROFIT_YOY":95.9208538559,"GROSS_PROFIT_RATIO":25.114567260931,"EPS_TTM":0.37675030285,"OPERATE_INCOME_QOQ":0.653428061337,"NET_PROFIT_RATIO":13.9058417615,"ROE_AVG":13.103497145998,"GROSS_PROFIT_QOQ":42.602680123107,"ROA":4.781461593767,"HOLDER_PROFIT_QOQ":53.337810812382,"ROE_YEARLY":26.206994291995,"ROIC_YEARLY":14.339701089361,"TOTAL_ASSETS":2186361885.5,"TOTAL_LIABILITIES":1191539710.25,"TAX_EBT":28.903937150743,"OCF_SALES":-42.466211784494,"TOTAL_PARENT_EQUITY":994822175.25,"DEBT_ASSET_RATIO":54.4987414093,"OPERATE_PROFIT":165799940.96,"PRETAX_PROFIT":175711188.67,"NETCASH_OPERATE":-381497069.28,"NETCASH_INVEST":-3986341.13,"NETCASH_FINANCE":54349600,"END_CASH":699605031.43,"DIVI_RATIO":0.238611683441,"DIVIDEND_RATE":7.188405797101,"CURRENT_RATIO":1.020385066848,"COMMON_ACS":null,"CURRENTDEBT_DEBT":90.628294555406,"ISSUED_COMMON_SHARES":466700000,"HK_COMMON_SHARES":116700000,"PER_SHARES":2500,"TOTAL_MARKET_CAP":644046000,"HKSK_MARKET_CAP":161046000,"PE_TTM":4.017932319521,"PB_TTM":0.516532389077,"REPORT_DATE_SQ":"2022-06-30 00:00:00","REPORT_TYPE_SQ":"2022年中报","OPERATE_INCOME_SQ":887542062.06,"DPS_HKD":0.0992,"OPERATE_INCOME_QOQ_SQ":0.522639265606,"NET_PROFIT_RATIO_SQ":7.184149459,"HOLDER_PROFIT_SQ":63762348.25,"HOLDER_PROFIT_QOQ_SQ":-50.316601000021,"ROE_AVG_SQ":7.088758947722,"PE_TTM_SQ":4.684144914352,"PB_TTM_SQ":0.821802474593,"ROA_SQ":2.445879518833,"START_DATE":"2023-01-01 00:00:00","FISCAL_YEAR":"12-31","CURRENCY":"HKD","IS_CNY_CODE":0,"DPS_HKD_LY":0.1029,"ORG_TYPE":"一般企业","PREMIUM_INCOME":null,"PREMIUM_INCOME_YOY":null,"NET_INTEREST_INCOME":null,"NET_INTEREST_INCOME_YOY":null,"FEE_COMMISSION_INCOME":null,"FEE_COMMISSION_INCOME_YOY":null,"ACCOUNTS_RECE_TDAYS":5.925250575798,"INVENTORY_TDAYS":77.371675116776,"CURRENT_ASSETS_TDAYS":0.599827860599,"TOTAL_ASSETS_TDAYS":0.343845534545,"PREMIUM_EXPENSE":null,"LOAN_DEPOSIT":null,"LOAN_EQUITY":null,"LOAN_ASSETS":null,"DEPOSIT_EQUITY":null,"DEPOSIT_ASSETS":null,"EQUITY_MULTIPLIER":2.197741405343,"EQUITY_RATIO":1.197741405343},{"SECUCODE":"01853.HK","SECURITY_CODE":"01853","SECURITY_NAME_ABBR":"春城热力","ORG_CODE":"10000019622","STD_REPORT_DATE":"2022-12-31 00:00:00","REPORT_DATE":"2022-12-31 00:00:00","DATE_TYPE_CODE":"001","REPORT_TYPE":"2022年年报","PER_NETCASH_OPERATE":0.527430383501,"PER_OI":3.545543502636,"BPS":1.953934943475,"BASIC_EPS":0.25,"DILUTED_EPS":0.25,"OPERATE_INCOME":1654705152.68,"OPERATE_INCOME_YOY":0.309583344,"GROSS_PROFIT":230648393.12,"GROSS_PROFIT_YOY":-29.100326349033,"HOLDER_PROFIT":114667977.46,"HOLDER_PROFIT_YOY":-6.5902176728,"GROSS_PROFIT_RATIO":13.938942097717,"EPS_TTM":0.24569954459,"OPERATE_INCOME_QOQ":-0.211948197137,"NET_PROFIT_RATIO":6.9298132827,"ROE_AVG":13.031050925916,"GROSS_PROFIT_QOQ":-6.758242522869,"ROA":3.865158854645,"HOLDER_PROFIT_QOQ":88.010048038869,"ROE_YEARLY":13.031050925916,"ROIC_YEARLY":5.415670647534,"TOTAL_ASSETS":3038974956.81,"TOTAL_LIABILITIES":2127073518.69,"TAX_EBT":30.774856507876,"OCF_SALES":14.87586834315,"TOTAL_PARENT_EQUITY":911901438.12,"DEBT_ASSET_RATIO":69.9931242909,"OPERATE_PROFIT":152160032.93,"PRETAX_PROFIT":165644983.42,"NETCASH_OPERATE":246151759.98,"NETCASH_INVEST":-50431332.72,"NETCASH_FINANCE":170155180.21,"END_CASH":1030236102.05,"DIVI_RATIO":0.365881931731,"DIVIDEND_RATE":7.188405797101,"CURRENT_RATIO":0.943212331563,"COMMON_ACS":null,"CURRENTDEBT_DEBT":94.377987632339,"ISSUED_COMMON_SHARES":466700000,"HK_COMMON_SHARES":116700000,"PER_SHARES":2500,"TOTAL_MARKET_CAP":644046000,"HKSK_MARKET_CAP":161046000,"PE_TTM":4.017932319521,"PB_TTM":0.516532389077,"REPORT_DATE_SQ":"2021-12-31 00:00:00","REPORT_TYPE_SQ":"2021年年报","OPERATE_INCOME_SQ":1649598271.19,"DPS_HKD":0.0992,"OPERATE_INCOME_QOQ_SQ":-23.245182437952,"NET_PROFIT_RATIO_SQ":7.4416904281,"HOLDER_PROFIT_SQ":122757996.65,"HOLDER_PROFIT_QOQ_SQ":-36.425490777434,"ROE_AVG_SQ":13.659714958481,"PE_TTM_SQ":4.684144914352,"PB_TTM_SQ":0.821802474593,"ROA_SQ":4.008549726502,"START_DATE":"2022-01-01 00:00:00","FISCAL_YEAR":"12-31","CURRENCY":"HKD","IS_CNY_CODE":0,"DPS_HKD_LY":0.1414,"ORG_TYPE":"一般企业","PREMIUM_INCOME":null,"PREMIUM_INCOME_YOY":null,"NET_INTEREST_INCOME":null,"NET_INTEREST_INCOME_YOY":null,"FEE_COMMISSION_INCOME":null,"FEE_COMMISSION_INCOME_YOY":null,"ACCOUNTS_RECE_TDAYS":9.119673786805,"INVENTORY_TDAYS":75.203741871172,"CURRENT_ASSETS_TDAYS":0.951659897045,"TOTAL_ASSETS_TDAYS":0.557758008328,"PREMIUM_EXPENSE":null,"LOAN_DEPOSIT":null,"LOAN_EQUITY":null,"LOAN_ASSETS":null,"DEPOSIT_EQUITY":null,"DEPOSIT_ASSETS":null,"EQUITY_MULTIPLIER":3.332569540709,"EQUITY_RATIO":2.332569540712},{"SECUCODE":"01853.HK","SECURITY_CODE":"01853","SECURITY_NAME_ABBR":"春城热力","ORG_CODE":"10000019622","STD_REPORT_DATE":"2022-06-30 00:00:00","REPORT_DATE":"2022-06-30 00:00:00","DATE_TYPE_CODE":"002","REPORT_TYPE":"2022年中报","PER_NETCASH_OPERATE":-1.35971938693,"PER_OI":1.901740008699,"BPS":2.037610955496,"BASIC_EPS":0.14,"DILUTED_EPS":0.14,"OPERATE_INCOME":887542062.06,"OPERATE_INCOME_YOY":0.9809131968,"GROSS_PROFIT":127355415.33,"GROSS_PROFIT_YOY":-37.968003775371,"HOLDER_PROFIT":63762348.25,"HOLDER_PROFIT_YOY":-49.2054899681,"GROSS_PROFIT_RATIO":14.349225887324,"EPS_TTM":0.130684262438,"OPERATE_INCOME_QOQ":0.522639265606,"NET_PROFIT_RATIO":7.184149459,"ROE_AVG":7.088758947722,"GROSS_PROFIT_QOQ":-23.961457216895,"ROA":2.445879518833,"HOLDER_PROFIT_QOQ":-50.316601000021,"ROE_YEARLY":14.177517895443,"ROIC_YEARLY":6.134692560564,"TOTAL_ASSETS":2319417402.29,"TOTAL_LIABILITIES":1368464369.36,"TAX_EBT":28.927156430434,"OCF_SALES":-71.49870017508,"TOTAL_PARENT_EQUITY":950953032.93,"DEBT_ASSET_RATIO":59.0003493122,"OPERATE_PROFIT":79060655.78,"PRETAX_PROFIT":89714080.72,"NETCASH_OPERATE":-634581037.88,"NETCASH_INVEST":-2585853.6,"NETCASH_FINANCE":364919305.55,"END_CASH":392059112.22,"DIVI_RATIO":0.687894795614,"DIVIDEND_RATE":7.188405797101,"CURRENT_RATIO":0.860399354946,"COMMON_ACS":null,"CURRENTDEBT_DEBT":91.028876940551,"ISSUED_COMMON_SHARES":466700000,"HK_COMMON_SHARES":116700000,"PER_SHARES":2500,"TOTAL_MARKET_CAP":644046000,"HKSK_MARKET_CAP":161046000,"PE_TTM":4.017932319521,"PB_TTM":0.516532389077,"REPORT_DATE_SQ":"2021-06-30 00:00:00","REPORT_TYPE_SQ":"2021年中报","OPERATE_INCOME_SQ":878920613.77,"DPS_HKD":0.0992,"OPERATE_INCOME_QOQ_SQ":13.296589535223,"NET_PROFIT_RATIO_SQ":13.3191498177,"HOLDER_PROFIT_SQ":125529999.62,"HOLDER_PROFIT_QOQ_SQ":16.872606629011,"ROE_AVG_SQ":13.000551870208,"PE_TTM_SQ":4.684144914352,"PB_TTM_SQ":0.821802474593,"ROA_SQ":4.532086110015,"START_DATE":"2022-01-01 00:00:00","FISCAL_YEAR":"12-31","CURRENCY":"HKD","IS_CNY_CODE":0,"DPS_HKD_LY":0.1414,"ORG_TYPE":"一般企业","PREMIUM_INCOME":null,"PREMIUM_INCOME_YOY":null,"NET_INTEREST_INCOME":null,"NET_INTEREST_INCOME_YOY":null,"FEE_COMMISSION_INCOME":null,"FEE_COMMISSION_INCOME_YOY":null,"ACCOUNTS_RECE_TDAYS":3.983220393439,"INVENTORY_TDAYS":32.651760560444,"CURRENT_ASSETS_TDAYS":0.668374493127,"TOTAL_ASSETS_TDAYS":0.340454988136,"PREMIUM_EXPENSE":null,"LOAN_DEPOSIT":null,"LOAN_EQUITY":null,"LOAN_ASSETS":null,"DEPOSIT_EQUITY":null,"DEPOSIT_ASSETS":null,"EQUITY_MULTIPLIER":2.439045170445,"EQUITY_RATIO":1.439045170447},{"SECUCODE":"01853.HK","SECURITY_CODE":"01853","SECURITY_NAME_ABBR":"春城热力","ORG_CODE":"10000019622","STD_REPORT_DATE":"2021-12-31 00:00:00","REPORT_DATE":"2021-12-31 00:00:00","DATE_TYPE_CODE":"001","REPORT_TYPE":"2021年年报","PER_NETCASH_OPERATE":0.265699355839,"PER_OI":3.534600966767,"BPS":2.014746823505,"BASIC_EPS":0.26,"DILUTED_EPS":0.26,"OPERATE_INCOME":1649598271.19,"OPERATE_INCOME_YOY":-13.0411788765,"GROSS_PROFIT":325316579.39,"GROSS_PROFIT_YOY":5.80063240894,"HOLDER_PROFIT":122757996.65,"HOLDER_PROFIT_YOY":-28.0038816762,"GROSS_PROFIT_RATIO":19.72095782783,"EPS_TTM":0.263034061817,"OPERATE_INCOME_QOQ":-23.245182437952,"NET_PROFIT_RATIO":7.4416904281,"ROE_AVG":13.659714958481,"GROSS_PROFIT_QOQ":-10.721344886255,"ROA":4.008549726502,"HOLDER_PROFIT_QOQ":-36.425490777434,"ROE_YEARLY":13.659714958481,"ROIC_YEARLY":5.192701676421,"TOTAL_ASSETS":2802176394.46,"TOTAL_LIABILITIES":1954158726.87,"TAX_EBT":26.529035577713,"OCF_SALES":7.517096224922,"TOTAL_PARENT_EQUITY":848017667.59,"DEBT_ASSET_RATIO":67.5141998063,"OPERATE_PROFIT":165889741.1,"PRETAX_PROFIT":167083687.57,"NETCASH_OPERATE":124001889.37,"NETCASH_INVEST":-139143567.46,"NETCASH_FINANCE":-52938325.26,"END_CASH":664306698.15,"DIVI_RATIO":0.341769516005,"DIVIDEND_RATE":7.188405797101,"CURRENT_RATIO":0.869641914674,"COMMON_ACS":null,"CURRENTDEBT_DEBT":93.209840554123,"ISSUED_COMMON_SHARES":466700000,"HK_COMMON_SHARES":116700000,"PER_SHARES":2500,"TOTAL_MARKET_CAP":644046000,"HKSK_MARKET_CAP":161046000,"PE_TTM":4.017932319521,"PB_TTM":0.516532389077,"REPORT_DATE_SQ":"2020-12-31 00:00:00","REPORT_TYPE_SQ":"2020年年报","OPERATE_INCOME_SQ":1896987849.97,"DPS_HKD":0.0992,"OPERATE_INCOME_QOQ_SQ":24.119980839733,"NET_PROFIT_RATIO_SQ":8.7096024821,"HOLDER_PROFIT_SQ":170506409.94,"HOLDER_PROFIT_QOQ_SQ":18.398442745247,"ROE_AVG_SQ":15.422272737162,"PE_TTM_SQ":4.684144914352,"PB_TTM_SQ":0.821802474593,"ROA_SQ":5.693096250673,"START_DATE":"2021-01-01 00:00:00","FISCAL_YEAR":"12-31","CURRENCY":"HKD","IS_CNY_CODE":0,"DPS_HKD_LY":0.1243,"ORG_TYPE":"一般企业","PREMIUM_INCOME":null,"PREMIUM_INCOME_YOY":null,"NET_INTEREST_INCOME":null,"NET_INTEREST_INCOME_YOY":null,"FEE_COMMISSION_INCOME":null,"FEE_COMMISSION_INCOME_YOY":null,"ACCOUNTS_RECE_TDAYS":5.426203441199,"INVENTORY_TDAYS":62.72578653859,"CURRENT_ASSETS_TDAYS":0.953308585449,"TOTAL_ASSETS_TDAYS":0.538661177216,"PREMIUM_EXPENSE":null,"LOAN_DEPOSIT":null,"LOAN_EQUITY":null,"LOAN_ASSETS":null,"DEPOSIT_EQUITY":null,"DEPOSIT_ASSETS":null,"EQUITY_MULTIPLIER":3.078268024914,"EQUITY_RATIO":2.304384450413},{"SECUCODE":"01853.HK","SECURITY_CODE":"01853","SECURITY_NAME_ABBR":"春城热力","ORG_CODE":"10000019622","STD_REPORT_DATE":"2021-06-30 00:00:00","REPORT_DATE":"2021-06-30 00:00:00","DATE_TYPE_CODE":"002","REPORT_TYPE":"2021年中报","PER_NETCASH_OPERATE":-0.898392372766,"PER_OI":1.883266796165,"BPS":2.035099229676,"BASIC_EPS":0.27,"DILUTED_EPS":0.27,"OPERATE_INCOME":878920613.77,"OPERATE_INCOME_YOY":40.0621530538,"GROSS_PROFIT":205306008.32,"GROSS_PROFIT_YOY":34.155739763862,"HOLDER_PROFIT":125529999.62,"HOLDER_PROFIT_YOY":31.1206190553,"GROSS_PROFIT_RATIO":23.810307771752,"EPS_TTM":0.413741395779,"OPERATE_INCOME_QOQ":13.296589535223,"NET_PROFIT_RATIO":13.3191498177,"ROE_AVG":13.000551870208,"GROSS_PROFIT_QOQ":18.516516621466,"ROA":4.532086110015,"HOLDER_PROFIT_QOQ":16.872606629011,"ROE_YEARLY":26.001103740416,"ROIC_YEARLY":10.962542009858,"TOTAL_ASSETS":1952747461.61,"TOTAL_LIABILITIES":1002966651.12,"TAX_EBT":26.263225314329,"OCF_SALES":-47.546808426386,"TOTAL_PARENT_EQUITY":949780810.49,"DEBT_ASSET_RATIO":51.3618207596,"OPERATE_PROFIT":169573623.13,"PRETAX_PROFIT":170240697.61,"NETCASH_OPERATE":-380744001.17,"NETCASH_INVEST":-189085914.55,"NETCASH_FINANCE":2582143.33,"END_CASH":165149198.06,"DIVI_RATIO":0.217278292472,"DIVIDEND_RATE":7.188405797101,"CURRENT_RATIO":0.754760264379,"COMMON_ACS":null,"CURRENTDEBT_DEBT":87.707659829734,"ISSUED_COMMON_SHARES":466700000,"HK_COMMON_SHARES":116700000,"PER_SHARES":2500,"TOTAL_MARKET_CAP":644046000,"HKSK_MARKET_CAP":161046000,"PE_TTM":4.017932319521,"PB_TTM":0.516532389077,"REPORT_DATE_SQ":"2020-06-30 00:00:00","REPORT_TYPE_SQ":"2020年中报","OPERATE_INCOME_SQ":629595606.41,"DPS_HKD":0.0992,"OPERATE_INCOME_QOQ_SQ":-2.119615861254,"NET_PROFIT_RATIO_SQ":14.2273775564,"HOLDER_PROFIT_SQ":89575243.99,"HOLDER_PROFIT_QOQ_SQ":4.159109060916,"ROE_AVG_SQ":8.469995527746,"PE_TTM_SQ":4.684144914352,"PB_TTM_SQ":0.821802474593,"ROA_SQ":4.028506037025,"START_DATE":"2021-01-01 00:00:00","FISCAL_YEAR":"12-31","CURRENCY":"HKD","IS_CNY_CODE":0,"DPS_HKD_LY":0.1243,"ORG_TYPE":"一般企业","PREMIUM_INCOME":null,"PREMIUM_INCOME_YOY":null,"NET_INTEREST_INCOME":null,"NET_INTEREST_INCOME_YOY":null,"FEE_COMMISSION_INCOME":null,"FEE_COMMISSION_INCOME_YOY":null,"ACCOUNTS_RECE_TDAYS":2.623695170111,"INVENTORY_TDAYS":57.713011910954,"CURRENT_ASSETS_TDAYS":0.694157351951,"TOTAL_ASSETS_TDAYS":0.340268423438,"PREMIUM_EXPENSE":null,"LOAN_DEPOSIT":null,"LOAN_EQUITY":null,"LOAN_ASSETS":null,"DEPOSIT_EQUITY":null,"DEPOSIT_ASSETS":null,"EQUITY_MULTIPLIER":2.055998015586,"EQUITY_RATIO":1.055998015587},{"SECUCODE":"01853.HK","SECURITY_CODE":"01853","SECURITY_NAME_ABBR":"春城热力","ORG_CODE":"10000019622","STD_REPORT_DATE":"2020-12-31 00:00:00","REPORT_DATE":"2020-12-31 00:00:00","DATE_TYPE_CODE":"001","REPORT_TYPE":"2020年年报","PER_NETCASH_OPERATE":0.892974297,"PER_OI":4.064683629676,"BPS":1.881606798693,"BASIC_EPS":0.37,"DILUTED_EPS":0.37,"OPERATE_INCOME":1896987849.97,"OPERATE_INCOME_YOY":21.4890836132,"GROSS_PROFIT":307480751.28,"GROSS_PROFIT_YOY":5.540879570561,"HOLDER_PROFIT":170506409.94,"HOLDER_PROFIT_YOY":23.3224115513,"GROSS_PROFIT_RATIO":16.207796199338,"EPS_TTM":0.35401058273,"OPERATE_INCOME_QOQ":24.119980839733,"NET_PROFIT_RATIO":8.7096024821,"ROE_AVG":15.422272737162,"GROSS_PROFIT_QOQ":5.612444717723,"ROA":5.693096250673,"HOLDER_PROFIT_QOQ":18.398442745247,"ROE_YEARLY":15.422272737162,"ROIC_YEARLY":7.558355740184,"TOTAL_ASSETS":3227105056.88,"TOTAL_LIABILITIES":2370014657.4,"TAX_EBT":17.884649636849,"OCF_SALES":21.969544225634,"TOTAL_PARENT_EQUITY":857090399.48,"DEBT_ASSET_RATIO":72.8159127682,"OPERATE_PROFIT":203498123.29,"PRETAX_PROFIT":207642553.05,"NETCASH_OPERATE":415865851.32,"NETCASH_INVEST":-298734916.62,"NETCASH_FINANCE":-87975581.33,"END_CASH":732404368.33,"DIVI_RATIO":0.253938804052,"DIVIDEND_RATE":7.188405797101,"CURRENT_RATIO":0.844160187257,"COMMON_ACS":null,"CURRENTDEBT_DEBT":93.771475915599,"ISSUED_COMMON_SHARES":466700000,"HK_COMMON_SHARES":116700000,"PER_SHARES":2500,"TOTAL_MARKET_CAP":644046000,"HKSK_MARKET_CAP":161046000,"PE_TTM":4.017932319521,"PB_TTM":0.516532389077,"REPORT_DATE_SQ":"2019-12-31 00:00:00","REPORT_TYPE_SQ":"2019年年报","OPERATE_INCOME_SQ":1561415391.04,"DPS_HKD":0.0992,"OPERATE_INCOME_QOQ_SQ":4.536102904207,"NET_PROFIT_RATIO_SQ":8.5801020228,"HOLDER_PROFIT_SQ":133971381.91,"HOLDER_PROFIT_QOQ_SQ":-7.765232358003,"ROE_AVG_SQ":19.954482016971,"PE_TTM_SQ":4.684144914352,"PB_TTM_SQ":0.821802474593,"ROA_SQ":5.598212864219,"START_DATE":"2020-01-01 00:00:00","FISCAL_YEAR":"12-31","CURRENCY":"HKD","IS_CNY_CODE":0,"DPS_HKD_LY":0.1863,"ORG_TYPE":"一般企业","PREMIUM_INCOME":null,"PREMIUM_INCOME_YOY":null,"NET_INTEREST_INCOME":null,"NET_INTEREST_INCOME_YOY":null,"FEE_COMMISSION_INCOME":null,"FEE_COMMISSION_INCOME_YOY":null,"ACCOUNTS_RECE_TDAYS":5.44074914806,"INVENTORY_TDAYS":151.775302677975,"CURRENT_ASSETS_TDAYS":1.089468648234,"TOTAL_ASSETS_TDAYS":0.65365741575,"PREMIUM_EXPENSE":null,"LOAN_DEPOSIT":null,"LOAN_EQUITY":null,"LOAN_ASSETS":null,"DEPOSIT_EQUITY":null,"DEPOSIT_ASSETS":null,"EQUITY_MULTIPLIER":3.678622686401,"EQUITY_RATIO":2.765186331381},{"SECUCODE":"01853.HK","SECURITY_CODE":"01853","SECURITY_NAME_ABBR":"春城热力","ORG_CODE":"10000019622","STD_REPORT_DATE":"2020-06-30 00:00:00","REPORT_DATE":"2020-06-30 00:00:00","DATE_TYPE_CODE":"002","REPORT_TYPE":"2020年中报","PER_NETCASH_OPERATE":-0.605759588601,"PER_OI":1.349037082516,"BPS":1.822768373688,"BASIC_EPS":0.19,"DILUTED_EPS":0.19,"OPERATE_INCOME":629595606.41,"OPERATE_INCOME_YOY":-4.994175273,"GROSS_PROFIT":153035575.43,"GROSS_PROFIT_YOY":3.748008860596,"HOLDER_PROFIT":89575243.99,"HOLDER_PROFIT_YOY":6.633096437,"GROSS_PROFIT_RATIO":24.055584851238,"EPS_TTM":0.298999357189,"OPERATE_INCOME_QOQ":-2.119615861254,"NET_PROFIT_RATIO":14.2273775564,"ROE_AVG":8.469995527746,"GROSS_PROFIT_QOQ":1.374103750753,"ROA":4.028506037025,"HOLDER_PROFIT_QOQ":4.159109060916,"ROE_YEARLY":16.939991055492,"ROIC_YEARLY":10.839057392249,"TOTAL_ASSETS":1873317000,"TOTAL_LIABILITIES":1022631000,"TAX_EBT":26.253982854289,"OCF_SALES":-44.903080705722,"TOTAL_PARENT_EQUITY":850686000,"DEBT_ASSET_RATIO":54.5893193731,"OPERATE_PROFIT":113255649.74,"PRETAX_PROFIT":121464517.62,"NETCASH_OPERATE":-282707932.81,"NETCASH_INVEST":-37575871.3,"NETCASH_FINANCE":59248839.41,"END_CASH":441479773.17,"DIVI_RATIO":0.300659589523,"DIVIDEND_RATE":7.188405797101,"CURRENT_RATIO":1.832794123747,"COMMON_ACS":null,"CURRENTDEBT_DEBT":51.866802394999,"ISSUED_COMMON_SHARES":466700000,"HK_COMMON_SHARES":116700000,"PER_SHARES":2500,"TOTAL_MARKET_CAP":644046000,"HKSK_MARKET_CAP":161046000,"PE_TTM":4.017932319521,"PB_TTM":0.516532389077,"REPORT_DATE_SQ":"2019-06-30 00:00:00","REPORT_TYPE_SQ":"2019年中报","OPERATE_INCOME_SQ":662692000,"DPS_HKD":0.0992,"OPERATE_INCOME_QOQ_SQ":0,"NET_PROFIT_RATIO_SQ":12.6760244578,"HOLDER_PROFIT_SQ":84003000,"HOLDER_PROFIT_QOQ_SQ":0,"ROE_AVG_SQ":null,"PE_TTM_SQ":4.684144914352,"PB_TTM_SQ":0.821802474593,"ROA_SQ":null,"START_DATE":"2020-01-01 00:00:00","FISCAL_YEAR":"12-31","CURRENCY":"HKD","IS_CNY_CODE":0,"DPS_HKD_LY":0.1863,"ORG_TYPE":"一般企业","PREMIUM_INCOME":null,"PREMIUM_INCOME_YOY":null,"NET_INTEREST_INCOME":null,"NET_INTEREST_INCOME_YOY":null,"FEE_COMMISSION_INCOME":null,"FEE_COMMISSION_INCOME_YOY":null,"ACCOUNTS_RECE_TDAYS":2.075130343184,"INVENTORY_TDAYS":41.872580786409,"CURRENT_ASSETS_TDAYS":0.488493825705,"TOTAL_ASSETS_TDAYS":0.283151692647,"PREMIUM_EXPENSE":null,"LOAN_DEPOSIT":null,"LOAN_EQUITY":null,"LOAN_ASSETS":null,"DEPOSIT_EQUITY":null,"DEPOSIT_ASSETS":null,"EQUITY_MULTIPLIER":2.202125108443,"EQUITY_RATIO":1.202125108442}],"count":16},"success":true,"message":"ok","code":0}