{"version":"52349bff86e161dc9e5957eabb012393","result":{"pages":3,"data":[{"SECUCODE":"01850.HK","SECURITY_CODE":"01850","SECURITY_NAME_ABBR":"鸿盛昌资源","ORG_CODE":"10640300","STD_REPORT_DATE":"2024-06-30 00:00:00","REPORT_DATE":"2024-10-31 00:00:00","DATE_TYPE_CODE":"002","REPORT_TYPE":"2024年中报","PER_NETCASH_OPERATE":-0.126305022222,"PER_OI":1.440231637384,"BPS":1.569947871354,"BASIC_EPS":0.011275779,"DILUTED_EPS":0.011275779,"OPERATE_INCOME":248872026.94,"OPERATE_INCOME_YOY":19.9362055559,"GROSS_PROFIT":15514738.52,"GROSS_PROFIT_YOY":31.454366133025,"HOLDER_PROFIT":1952634.9,"HOLDER_PROFIT_YOY":-2.9612756264,"GROSS_PROFIT_RATIO":6.234022646402,"EPS_TTM":0.015386402778,"OPERATE_INCOME_QOQ":2.046969304364,"NET_PROFIT_RATIO":0.7433383184,"ROE_AVG":0.745783957242,"GROSS_PROFIT_QOQ":0.607145322257,"ROA":0.521118128672,"HOLDER_PROFIT_QOQ":-18.123619818101,"ROE_YEARLY":1.491567914483,"ROIC_YEARLY":1.063876280679,"TOTAL_ASSETS":385401542.57,"TOTAL_LIABILITIES":115484145.02,"TAX_EBT":27.331652862802,"OCF_SALES":-8.769771399524,"TOTAL_PARENT_EQUITY":271286992.17,"DEBT_ASSET_RATIO":29.964629682,"OPERATE_PROFIT":4417721.87,"PRETAX_PROFIT":2545759.21,"NETCASH_OPERATE":-21825507.84,"NETCASH_INVEST":-71504.94,"NETCASH_FINANCE":9847513.66,"END_CASH":2915201.4,"DIVI_RATIO":null,"DIVIDEND_RATE":null,"CURRENT_RATIO":3.152489304238,"COMMON_ACS":200000000,"CURRENTDEBT_DEBT":99.637226729325,"ISSUED_COMMON_SHARES":172800000,"HK_COMMON_SHARES":172800000,"PER_SHARES":10000,"TOTAL_MARKET_CAP":30931200,"HKSK_MARKET_CAP":30931200,"PE_TTM":10.803772266853,"PB_TTM":0.104522368541,"REPORT_DATE_SQ":"2023-06-30 00:00:00","REPORT_TYPE_SQ":"2023年中报","OPERATE_INCOME_SQ":207752656.16,"DPS_HKD":null,"OPERATE_INCOME_QOQ_SQ":18.230616671855,"NET_PROFIT_RATIO_SQ":0.7890365449,"HOLDER_PROFIT_SQ":2014636.85,"HOLDER_PROFIT_QOQ_SQ":213.287332075786,"ROE_AVG_SQ":1.04857606237,"PE_TTM_SQ":34.177215189873,"PB_TTM_SQ":0.472046884163,"ROA_SQ":0.678986376966,"START_DATE":"2024-05-01 00:00:00","FISCAL_YEAR":"4-30","CURRENCY":"HKD","IS_CNY_CODE":0,"DPS_HKD_LY":null,"ORG_TYPE":"一般企业","PREMIUM_INCOME":null,"PREMIUM_INCOME_YOY":null,"NET_INTEREST_INCOME":null,"NET_INTEREST_INCOME_YOY":null,"FEE_COMMISSION_INCOME":null,"FEE_COMMISSION_INCOME_YOY":null,"ACCOUNTS_RECE_TDAYS":3.51666828589,"INVENTORY_TDAYS":null,"CURRENT_ASSETS_TDAYS":0.706791738588,"TOTAL_ASSETS_TDAYS":0.66418829735,"PREMIUM_EXPENSE":null,"LOAN_DEPOSIT":null,"LOAN_EQUITY":null,"LOAN_ASSETS":null,"DEPOSIT_EQUITY":null,"DEPOSIT_ASSETS":null,"EQUITY_MULTIPLIER":1.427849949903,"EQUITY_RATIO":0.425689945899},{"SECUCODE":"01850.HK","SECURITY_CODE":"01850","SECURITY_NAME_ABBR":"鸿盛昌资源","ORG_CODE":"10640300","STD_REPORT_DATE":"2023-12-31 00:00:00","REPORT_DATE":"2024-04-30 00:00:00","DATE_TYPE_CODE":"001","REPORT_TYPE":"2023年年报","PER_NETCASH_OPERATE":-0.830418030903,"PER_OI":2.487911964236,"BPS":1.44658460706,"BASIC_EPS":0.018161,"DILUTED_EPS":0.018161,"OPERATE_INCOME":358259322.85,"OPERATE_INCOME_YOY":42.0817983096,"GROSS_PROFIT":26333450,"GROSS_PROFIT_YOY":-1.939601390044,"HOLDER_PROFIT":2658770.4,"HOLDER_PROFIT_YOY":-58.4916359512,"GROSS_PROFIT_RATIO":7.350387923059,"EPS_TTM":0.022550683472,"OPERATE_INCOME_QOQ":43.334246906183,"NET_PROFIT_RATIO":0.5596433288,"ROE_AVG":1.396293717632,"GROSS_PROFIT_QOQ":-2.531377571785,"ROA":0.892839445939,"HOLDER_PROFIT_QOQ":-47.809841244573,"ROE_YEARLY":1.396293717632,"ROIC_YEARLY":0.942797804002,"TOTAL_ASSETS":360553965.2,"TOTAL_LIABILITIES":111839070.2,"TAX_EBT":42.70887389725,"OCF_SALES":-33.378111558612,"TOTAL_PARENT_EQUITY":249969820.1,"DEBT_ASSET_RATIO":31.0186770898,"OPERATE_PROFIT":7149985.7,"PRETAX_PROFIT":3499624.7,"NETCASH_OPERATE":-119580196.45,"NETCASH_INVEST":5785186.55,"NETCASH_FINANCE":110025694.35,"END_CASH":14823008.2,"DIVI_RATIO":null,"DIVIDEND_RATE":null,"CURRENT_RATIO":3.035743682105,"COMMON_ACS":200000000,"CURRENTDEBT_DEBT":99.628950017862,"ISSUED_COMMON_SHARES":172800000,"HK_COMMON_SHARES":172800000,"PER_SHARES":10000,"TOTAL_MARKET_CAP":31104000,"HKSK_MARKET_CAP":31104000,"PE_TTM":10.8641285365,"PB_TTM":0.105106292388,"REPORT_DATE_SQ":"2022-12-31 00:00:00","REPORT_TYPE_SQ":"2022年年报","OPERATE_INCOME_SQ":244933066.98,"DPS_HKD":null,"OPERATE_INCOME_QOQ_SQ":6.217365289276,"NET_PROFIT_RATIO_SQ":2.6746325846,"HOLDER_PROFIT_SQ":6222051.24,"HOLDER_PROFIT_QOQ_SQ":6.861869468733,"ROE_AVG_SQ":5.017533626865,"PE_TTM_SQ":18.16841508364,"PB_TTM_SQ":0.466801918783,"ROA_SQ":3.111258132098,"START_DATE":"2023-05-01 00:00:00","FISCAL_YEAR":"4-30","CURRENCY":"HKD","IS_CNY_CODE":0,"DPS_HKD_LY":null,"ORG_TYPE":"一般企业","PREMIUM_INCOME":null,"PREMIUM_INCOME_YOY":null,"NET_INTEREST_INCOME":null,"NET_INTEREST_INCOME_YOY":null,"FEE_COMMISSION_INCOME":null,"FEE_COMMISSION_INCOME_YOY":null,"ACCOUNTS_RECE_TDAYS":7.75906860576,"INVENTORY_TDAYS":null,"CURRENT_ASSETS_TDAYS":1.305700527857,"TOTAL_ASSETS_TDAYS":1.203067610938,"PREMIUM_EXPENSE":null,"LOAN_DEPOSIT":null,"LOAN_EQUITY":null,"LOAN_ASSETS":null,"DEPOSIT_EQUITY":null,"DEPOSIT_ASSETS":null,"EQUITY_MULTIPLIER":1.449667761956,"EQUITY_RATIO":0.447410291991},{"SECUCODE":"01850.HK","SECURITY_CODE":"01850","SECURITY_NAME_ABBR":"鸿盛昌资源","ORG_CODE":"10640300","STD_REPORT_DATE":"2023-06-30 00:00:00","REPORT_DATE":"2023-10-31 00:00:00","DATE_TYPE_CODE":"002","REPORT_TYPE":"2023年中报","PER_NETCASH_OPERATE":-0.860828932708,"PER_OI":1.442726778889,"BPS":1.458271462211,"BASIC_EPS":0.016612723,"DILUTED_EPS":0.016612723,"OPERATE_INCOME":207752656.16,"OPERATE_INCOME_YOY":103.6711776562,"GROSS_PROFIT":11802375.97,"GROSS_PROFIT_YOY":-5.446045744204,"HOLDER_PROFIT":2014636.85,"HOLDER_PROFIT_YOY":-59.7764339381,"GROSS_PROFIT_RATIO":5.680974764968,"EPS_TTM":0.043208689167,"OPERATE_INCOME_QOQ":18.230616671855,"NET_PROFIT_RATIO":0.7890365449,"ROE_AVG":1.04857606237,"GROSS_PROFIT_QOQ":38.111346026891,"ROA":0.678986376966,"HOLDER_PROFIT_QOQ":213.287332075786,"ROE_YEARLY":2.09715212474,"ROIC_YEARLY":1.430335493498,"TOTAL_ASSETS":355871143.73,"TOTAL_LIABILITIES":104864830.99,"TAX_EBT":22.008733624454,"OCF_SALES":-59.666802148866,"TOTAL_PARENT_EQUITY":251989308.67,"DEBT_ASSET_RATIO":29.46707898,"OPERATE_PROFIT":3981546.54,"PRETAX_PROFIT":2101830.7,"NETCASH_OPERATE":-123959366.31,"NETCASH_INVEST":6417467.36,"NETCASH_FINANCE":111569579.14,"END_CASH":12820249.44,"DIVI_RATIO":null,"DIVIDEND_RATE":null,"CURRENT_RATIO":3.211466652374,"COMMON_ACS":200000000,"CURRENTDEBT_DEBT":97.97729600098,"ISSUED_COMMON_SHARES":172800000,"HK_COMMON_SHARES":172800000,"PER_SHARES":10000,"TOTAL_MARKET_CAP":31104000,"HKSK_MARKET_CAP":31104000,"PE_TTM":10.8641285365,"PB_TTM":0.105106292388,"REPORT_DATE_SQ":"2022-06-30 00:00:00","REPORT_TYPE_SQ":"2022年中报","OPERATE_INCOME_SQ":101612756.16,"DPS_HKD":null,"OPERATE_INCOME_QOQ_SQ":30.985019342643,"NET_PROFIT_RATIO_SQ":4.9102001152,"HOLDER_PROFIT_SQ":4989389.67,"HOLDER_PROFIT_QOQ_SQ":-38.66429226878,"ROE_AVG_SQ":3.9037546007,"PE_TTM_SQ":18.16841508364,"PB_TTM_SQ":0.466801918783,"ROA_SQ":2.640473223898,"START_DATE":"2023-05-01 00:00:00","FISCAL_YEAR":"4-30","CURRENCY":"HKD","IS_CNY_CODE":0,"DPS_HKD_LY":null,"ORG_TYPE":"一般企业","PREMIUM_INCOME":null,"PREMIUM_INCOME_YOY":null,"NET_INTEREST_INCOME":null,"NET_INTEREST_INCOME_YOY":null,"FEE_COMMISSION_INCOME":null,"FEE_COMMISSION_INCOME_YOY":null,"ACCOUNTS_RECE_TDAYS":5.857061532888,"INVENTORY_TDAYS":null,"CURRENT_ASSETS_TDAYS":0.765580792835,"TOTAL_ASSETS_TDAYS":0.700181887922,"PREMIUM_EXPENSE":null,"LOAN_DEPOSIT":null,"LOAN_EQUITY":null,"LOAN_ASSETS":null,"DEPOSIT_EQUITY":null,"DEPOSIT_ASSETS":null,"EQUITY_MULTIPLIER":1.417777664017,"EQUITY_RATIO":0.416147937162},{"SECUCODE":"01850.HK","SECURITY_CODE":"01850","SECURITY_NAME_ABBR":"鸿盛昌资源","ORG_CODE":"10640300","STD_REPORT_DATE":"2022-12-31 00:00:00","REPORT_DATE":"2023-04-30 00:00:00","DATE_TYPE_CODE":"001","REPORT_TYPE":"2022年年报","PER_NETCASH_OPERATE":-0.065230174625,"PER_OI":0.255138611438,"BPS":0.735631914583,"BASIC_EPS":0.1411296,"DILUTED_EPS":0.1411296,"OPERATE_INCOME":244933066.98,"OPERATE_INCOME_YOY":20.0744619669,"GROSS_PROFIT":26854316.7,"GROSS_PROFIT_YOY":31.423564930617,"HOLDER_PROFIT":6222051.24,"HOLDER_PROFIT_YOY":200.8867276888,"GROSS_PROFIT_RATIO":10.963940896634,"EPS_TTM":-0.00572111926,"OPERATE_INCOME_QOQ":6.217365289276,"NET_PROFIT_RATIO":2.6746325846,"ROE_AVG":5.017533626865,"GROSS_PROFIT_QOQ":-4.842311141455,"ROA":3.111258132098,"HOLDER_PROFIT_QOQ":6.861869468733,"ROE_YEARLY":5.017533626865,"ROIC_YEARLY":3.766914803858,"TOTAL_ASSETS":228295651.26,"TOTAL_LIABILITIES":101762380.14,"TAX_EBT":29.521730878725,"OCF_SALES":-25.566563311402,"TOTAL_PARENT_EQUITY":127117194.84,"DEBT_ASSET_RATIO":44.5748219812,"OPERATE_PROFIT":10763778.18,"PRETAX_PROFIT":9295148.28,"NETCASH_OPERATE":-62620967.64,"NETCASH_INVEST":-2355100.2,"NETCASH_FINANCE":30895033.56,"END_CASH":18060178.5,"DIVI_RATIO":null,"DIVIDEND_RATE":null,"CURRENT_RATIO":2.048250147993,"COMMON_ACS":200000000,"CURRENTDEBT_DEBT":98.103476670509,"ISSUED_COMMON_SHARES":172800000,"HK_COMMON_SHARES":172800000,"PER_SHARES":10000,"TOTAL_MARKET_CAP":21081600,"HKSK_MARKET_CAP":21081600,"PE_TTM":7.2,"PB_TTM":0.076581832448,"REPORT_DATE_SQ":"2021-12-31 00:00:00","REPORT_TYPE_SQ":"2021年年报","OPERATE_INCOME_SQ":195039215.42,"DPS_HKD":null,"OPERATE_INCOME_QOQ_SQ":-9.543144580718,"NET_PROFIT_RATIO_SQ":-3.0234498982,"HOLDER_PROFIT_SQ":-5896912.96,"HOLDER_PROFIT_QOQ_SQ":-204.457940043499,"ROE_AVG_SQ":-5.552445275617,"PE_TTM_SQ":20.41394953218,"PB_TTM_SQ":0.524496537959,"ROA_SQ":-3.724666593864,"START_DATE":"2022-05-01 00:00:00","FISCAL_YEAR":"4-30","CURRENCY":"HKD","IS_CNY_CODE":0,"DPS_HKD_LY":null,"ORG_TYPE":"一般企业","PREMIUM_INCOME":null,"PREMIUM_INCOME_YOY":null,"NET_INTEREST_INCOME":null,"NET_INTEREST_INCOME_YOY":null,"FEE_COMMISSION_INCOME":null,"FEE_COMMISSION_INCOME_YOY":null,"ACCOUNTS_RECE_TDAYS":12.957071531893,"INVENTORY_TDAYS":null,"CURRENT_ASSETS_TDAYS":1.314152256013,"TOTAL_ASSETS_TDAYS":1.224756864042,"PREMIUM_EXPENSE":null,"LOAN_DEPOSIT":null,"LOAN_EQUITY":null,"LOAN_ASSETS":null,"DEPOSIT_EQUITY":null,"DEPOSIT_ASSETS":null,"EQUITY_MULTIPLIER":1.80423416892,"EQUITY_RATIO":0.800539850396},{"SECUCODE":"01850.HK","SECURITY_CODE":"01850","SECURITY_NAME_ABBR":"鸿盛昌资源","ORG_CODE":"10640300","STD_REPORT_DATE":"2022-06-30 00:00:00","REPORT_DATE":"2022-10-31 00:00:00","DATE_TYPE_CODE":"002","REPORT_TYPE":"2022年中报","PER_NETCASH_OPERATE":-0.043936405125,"PER_OI":0.105846621,"BPS":0.754078230729,"BASIC_EPS":0.089419518,"DILUTED_EPS":0.089419518,"OPERATE_INCOME":101612756.16,"OPERATE_INCOME_YOY":2.0420155722,"GROSS_PROFIT":12482160.12,"GROSS_PROFIT_YOY":-7.3447001593,"HOLDER_PROFIT":4989389.67,"HOLDER_PROFIT_YOY":-2.2043010753,"GROSS_PROFIT_RATIO":12.284048373164,"EPS_TTM":-0.006142617667,"OPERATE_INCOME_QOQ":30.985019342643,"NET_PROFIT_RATIO":4.9102001152,"ROE_AVG":3.9037546007,"GROSS_PROFIT_QOQ":7.217665378493,"ROA":2.640473223898,"HOLDER_PROFIT_QOQ":-38.66429226878,"ROE_YEARLY":7.807509201401,"ROIC_YEARLY":6.581319761447,"TOTAL_ASSETS":199965082.86,"TOTAL_LIABILITIES":69660364.59,"TAX_EBT":9.801652892562,"OCF_SALES":-41.509501871581,"TOTAL_PARENT_EQUITY":130304718.27,"DEBT_ASSET_RATIO":34.8362642086,"OPERATE_PROFIT":5850669.69,"PRETAX_PROFIT":5531575.5,"NETCASH_OPERATE":-42178948.92,"NETCASH_INVEST":-50287.05,"NETCASH_FINANCE":8804805.3,"END_CASH":20623176.36,"DIVI_RATIO":null,"DIVIDEND_RATE":null,"CURRENT_RATIO":2.864831787647,"COMMON_ACS":200000000,"CURRENTDEBT_DEBT":96.520495084592,"ISSUED_COMMON_SHARES":172800000,"HK_COMMON_SHARES":172800000,"PER_SHARES":10000,"TOTAL_MARKET_CAP":21081600,"HKSK_MARKET_CAP":21081600,"PE_TTM":7.2,"PB_TTM":0.076581832448,"REPORT_DATE_SQ":"2021-06-30 00:00:00","REPORT_TYPE_SQ":"2021年中报","OPERATE_INCOME_SQ":89486455.68,"DPS_HKD":null,"OPERATE_INCOME_QOQ_SQ":-2.537178909639,"NET_PROFIT_RATIO_SQ":5.1234023799,"HOLDER_PROFIT_SQ":4584751.2,"HOLDER_PROFIT_QOQ_SQ":142.773467883534,"ROE_AVG_SQ":4.745583970472,"PE_TTM_SQ":20.41394953218,"PB_TTM_SQ":0.524496537959,"ROA_SQ":3.063072953834,"START_DATE":"2022-05-01 00:00:00","FISCAL_YEAR":"4-30","CURRENCY":"HKD","IS_CNY_CODE":0,"DPS_HKD_LY":null,"ORG_TYPE":"一般企业","PREMIUM_INCOME":null,"PREMIUM_INCOME_YOY":null,"NET_INTEREST_INCOME":null,"NET_INTEREST_INCOME_YOY":null,"FEE_COMMISSION_INCOME":null,"FEE_COMMISSION_INCOME_YOY":null,"ACCOUNTS_RECE_TDAYS":4.928425720621,"INVENTORY_TDAYS":null,"CURRENT_ASSETS_TDAYS":0.55366603978,"TOTAL_ASSETS_TDAYS":0.537752670352,"PREMIUM_EXPENSE":null,"LOAN_DEPOSIT":null,"LOAN_EQUITY":null,"LOAN_ASSETS":null,"DEPOSIT_EQUITY":null,"DEPOSIT_ASSETS":null,"EQUITY_MULTIPLIER":1.534595872774,"EQUITY_RATIO":0.534595872773},{"SECUCODE":"01850.HK","SECURITY_CODE":"01850","SECURITY_NAME_ABBR":"鸿盛昌资源","ORG_CODE":"10640300","STD_REPORT_DATE":"2021-12-31 00:00:00","REPORT_DATE":"2022-04-30 00:00:00","DATE_TYPE_CODE":"001","REPORT_TYPE":"2021年年报","PER_NETCASH_OPERATE":-0.001775490604,"PER_OI":0.203165849396,"BPS":0.66894480787,"BASIC_EPS":-0.007337406,"DILUTED_EPS":-0.007337406,"OPERATE_INCOME":195039215.42,"OPERATE_INCOME_YOY":17.0350914483,"GROSS_PROFIT":20433410.64,"GROSS_PROFIT_YOY":-10.657324989936,"HOLDER_PROFIT":-5896912.96,"HOLDER_PROFIT_YOY":-243.0734602005,"GROSS_PROFIT_RATIO":10.47656523638,"EPS_TTM":-0.00531581785,"OPERATE_INCOME_QOQ":-9.543144580718,"NET_PROFIT_RATIO":-3.0234498982,"ROE_AVG":-5.552445275617,"GROSS_PROFIT_QOQ":-16.671684004056,"ROA":-3.724666593864,"HOLDER_PROFIT_QOQ":-204.457940043499,"ROE_YEARLY":-5.552445275617,"ROIC_YEARLY":-5.274851286462,"TOTAL_ASSETS":164146206.02,"TOTAL_LIABILITIES":48552543.22,"TAX_EBT":-0.763798818274,"OCF_SALES":-0.873911934238,"TOTAL_PARENT_EQUITY":115593662.8,"DEBT_ASSET_RATIO":29.5788397413,"OPERATE_PROFIT":-5417873.12,"PRETAX_PROFIT":-5852213.82,"NETCASH_OPERATE":-1704470.98,"NETCASH_INVEST":-3990030.78,"NETCASH_FINANCE":12348769.96,"END_CASH":49854721.94,"DIVI_RATIO":null,"DIVIDEND_RATE":null,"CURRENT_RATIO":3.313953690354,"COMMON_ACS":200000000,"CURRENTDEBT_DEBT":100,"ISSUED_COMMON_SHARES":172800000,"HK_COMMON_SHARES":172800000,"PER_SHARES":10000,"TOTAL_MARKET_CAP":21081600,"HKSK_MARKET_CAP":21081600,"PE_TTM":7.2,"PB_TTM":0.076581832448,"REPORT_DATE_SQ":"2020-12-31 00:00:00","REPORT_TYPE_SQ":"2020年年报","OPERATE_INCOME_SQ":164610989.88,"DPS_HKD":null,"OPERATE_INCOME_QOQ_SQ":21.350898397314,"NET_PROFIT_RATIO_SQ":2.4732031701,"HOLDER_PROFIT_SQ":4071164.22,"HOLDER_PROFIT_QOQ_SQ":49.388122832142,"ROE_AVG_SQ":4.349819091318,"PE_TTM_SQ":20.41394953218,"PB_TTM_SQ":0.524496537959,"ROA_SQ":2.595154331231,"START_DATE":"2021-05-01 00:00:00","FISCAL_YEAR":"4-30","CURRENCY":"HKD","IS_CNY_CODE":0,"DPS_HKD_LY":null,"ORG_TYPE":"一般企业","PREMIUM_INCOME":null,"PREMIUM_INCOME_YOY":null,"NET_INTEREST_INCOME":null,"NET_INTEREST_INCOME_YOY":null,"FEE_COMMISSION_INCOME":null,"FEE_COMMISSION_INCOME_YOY":null,"ACCOUNTS_RECE_TDAYS":8.656522552873,"INVENTORY_TDAYS":null,"CURRENT_ASSETS_TDAYS":1.265626111655,"TOTAL_ASSETS_TDAYS":1.231926018064,"PREMIUM_EXPENSE":null,"LOAN_DEPOSIT":null,"LOAN_EQUITY":null,"LOAN_ASSETS":null,"DEPOSIT_EQUITY":null,"DEPOSIT_ASSETS":null,"EQUITY_MULTIPLIER":1.420027725085,"EQUITY_RATIO":0.420027725084},{"SECUCODE":"01850.HK","SECURITY_CODE":"01850","SECURITY_NAME_ABBR":"鸿盛昌资源","ORG_CODE":"10640300","STD_REPORT_DATE":"2021-06-30 00:00:00","REPORT_DATE":"2021-10-31 00:00:00","DATE_TYPE_CODE":"002","REPORT_TYPE":"2021年中报","PER_NETCASH_OPERATE":0.0344616357,"PER_OI":0.1118580696,"BPS":0.572356896528,"BASIC_EPS":0.00575148,"DILUTED_EPS":0.00575148,"OPERATE_INCOME":89486455.68,"OPERATE_INCOME_YOY":-10.2141761884,"GROSS_PROFIT":13471609.44,"GROSS_PROFIT_YOY":-22.059872964717,"HOLDER_PROFIT":4584751.2,"HOLDER_PROFIT_YOY":-62.5125965737,"GROSS_PROFIT_RATIO":15.054355810195,"EPS_TTM":0.005088955275,"OPERATE_INCOME_QOQ":-2.537178909639,"NET_PROFIT_RATIO":5.1234023799,"ROE_AVG":4.745583970472,"GROSS_PROFIT_QOQ":73.020206760275,"ROA":3.063072953834,"HOLDER_PROFIT_QOQ":142.773467883534,"ROE_YEARLY":9.491167940944,"ROIC_YEARLY":9.655607996159,"TOTAL_ASSETS":150792302.64,"TOTAL_LIABILITIES":51889030.92,"TAX_EBT":18.563922942207,"OCF_SALES":30.808359042163,"TOTAL_PARENT_EQUITY":98903271.72,"DEBT_ASSET_RATIO":34.4109281519,"OPERATE_PROFIT":5925667.68,"PRETAX_PROFIT":5629877.28,"NETCASH_OPERATE":27569308.56,"NETCASH_INVEST":-133105.68,"NETCASH_FINANCE":-2184740.76,"END_CASH":67338327.84,"DIVI_RATIO":null,"DIVIDEND_RATE":null,"CURRENT_RATIO":2.860069988757,"COMMON_ACS":200000000,"CURRENTDEBT_DEBT":100,"ISSUED_COMMON_SHARES":172800000,"HK_COMMON_SHARES":172800000,"PER_SHARES":10000,"TOTAL_MARKET_CAP":21081600,"HKSK_MARKET_CAP":21081600,"PE_TTM":7.2,"PB_TTM":0.076581832448,"REPORT_DATE_SQ":"2020-06-30 00:00:00","REPORT_TYPE_SQ":"2020年中报","OPERATE_INCOME_SQ":105195520.44,"DPS_HKD":null,"OPERATE_INCOME_QOQ_SQ":-14.717056334329,"NET_PROFIT_RATIO_SQ":12.2710260342,"HOLDER_PROFIT_SQ":12908569.7,"HOLDER_PROFIT_QOQ_SQ":-285.617743895704,"ROE_AVG_SQ":12.684439937451,"PE_TTM_SQ":20.41394953218,"PB_TTM_SQ":0.524496537959,"ROA_SQ":8.236749126384,"START_DATE":"2021-05-01 00:00:00","FISCAL_YEAR":"4-30","CURRENCY":"HKD","IS_CNY_CODE":0,"DPS_HKD_LY":null,"ORG_TYPE":"一般企业","PREMIUM_INCOME":null,"PREMIUM_INCOME_YOY":null,"NET_INTEREST_INCOME":null,"NET_INTEREST_INCOME_YOY":null,"FEE_COMMISSION_INCOME":null,"FEE_COMMISSION_INCOME_YOY":null,"ACCOUNTS_RECE_TDAYS":4.885698905437,"INVENTORY_TDAYS":null,"CURRENT_ASSETS_TDAYS":0.613093076865,"TOTAL_ASSETS_TDAYS":0.597859142559,"PREMIUM_EXPENSE":null,"LOAN_DEPOSIT":null,"LOAN_EQUITY":null,"LOAN_ASSETS":null,"DEPOSIT_EQUITY":null,"DEPOSIT_ASSETS":null,"EQUITY_MULTIPLIER":1.52464423085,"EQUITY_RATIO":0.524644230849},{"SECUCODE":"01850.HK","SECURITY_CODE":"01850","SECURITY_NAME_ABBR":"鸿盛昌资源","ORG_CODE":"10640300","STD_REPORT_DATE":"2020-12-31 00:00:00","REPORT_DATE":"2021-04-30 00:00:00","DATE_TYPE_CODE":"001","REPORT_TYPE":"2020年年报","PER_NETCASH_OPERATE":0.028233444725,"PER_OI":0.20576373735,"BPS":0.55341120706,"BASIC_EPS":0.005081666,"DILUTED_EPS":0.005081666,"OPERATE_INCOME":164610989.88,"OPERATE_INCOME_YOY":29.2749147863,"GROSS_PROFIT":22870829.24,"GROSS_PROFIT_YOY":157.587145633532,"HOLDER_PROFIT":4071164.22,"HOLDER_PROFIT_YOY":123.6624219242,"GROSS_PROFIT_RATIO":13.893865322524,"EPS_TTM":-0.011897457763,"OPERATE_INCOME_QOQ":21.350898397314,"NET_PROFIT_RATIO":2.4732031701,"ROE_AVG":4.349819091318,"GROSS_PROFIT_QOQ":48.876914700736,"ROA":2.595154331231,"HOLDER_PROFIT_QOQ":49.388122832142,"ROE_YEARLY":4.349819091318,"ROIC_YEARLY":3.484218706554,"TOTAL_ASSETS":150628910.84,"TOTAL_LIABILITIES":54999454.26,"TAX_EBT":18.631368631369,"OCF_SALES":13.721292725635,"TOTAL_PARENT_EQUITY":95629456.58,"DEBT_ASSET_RATIO":36.5132124725,"OPERATE_PROFIT":5966375.72,"PRETAX_PROFIT":5003358.36,"NETCASH_OPERATE":22586755.78,"NETCASH_INVEST":-963850.42,"NETCASH_FINANCE":-16338805.78,"END_CASH":42671832.38,"DIVI_RATIO":null,"DIVIDEND_RATE":null,"CURRENT_RATIO":2.649450132727,"COMMON_ACS":200000000,"CURRENTDEBT_DEBT":99.854591720816,"ISSUED_COMMON_SHARES":172800000,"HK_COMMON_SHARES":172800000,"PER_SHARES":10000,"TOTAL_MARKET_CAP":21081600,"HKSK_MARKET_CAP":21081600,"PE_TTM":7.2,"PB_TTM":0.076581832448,"REPORT_DATE_SQ":"2019-12-31 00:00:00","REPORT_TYPE_SQ":"2019年年报","OPERATE_INCOME_SQ":139180006.56,"DPS_HKD":null,"OPERATE_INCOME_QOQ_SQ":-23.378456201619,"NET_PROFIT_RATIO_SQ":-13.5118514109,"HOLDER_PROFIT_SQ":-18805795.68,"HOLDER_PROFIT_QOQ_SQ":-38.071228556176,"ROE_AVG_SQ":-17.177551826669,"PE_TTM_SQ":20.41394953218,"PB_TTM_SQ":0.524496537959,"ROA_SQ":-10.442912365596,"START_DATE":"2020-05-01 00:00:00","FISCAL_YEAR":"4-30","CURRENCY":"HKD","IS_CNY_CODE":0,"DPS_HKD_LY":null,"ORG_TYPE":"一般企业","PREMIUM_INCOME":null,"PREMIUM_INCOME_YOY":null,"NET_INTEREST_INCOME":null,"NET_INTEREST_INCOME_YOY":null,"FEE_COMMISSION_INCOME":null,"FEE_COMMISSION_INCOME_YOY":null,"ACCOUNTS_RECE_TDAYS":5.250936727698,"INVENTORY_TDAYS":null,"CURRENT_ASSETS_TDAYS":1.093568578402,"TOTAL_ASSETS_TDAYS":1.049308994358,"PREMIUM_EXPENSE":null,"LOAN_DEPOSIT":null,"LOAN_EQUITY":null,"LOAN_ASSETS":null,"DEPOSIT_EQUITY":null,"DEPOSIT_ASSETS":null,"EQUITY_MULTIPLIER":1.575130887772,"EQUITY_RATIO":0.575130887772},{"SECUCODE":"01850.HK","SECURITY_CODE":"01850","SECURITY_NAME_ABBR":"鸿盛昌资源","ORG_CODE":"10640300","STD_REPORT_DATE":"2020-06-30 00:00:00","REPORT_DATE":"2020-10-31 00:00:00","DATE_TYPE_CODE":"002","REPORT_TYPE":"2020年中报","PER_NETCASH_OPERATE":0.016723253675,"PER_OI":0.13149440055,"BPS":0.626280387847,"BASIC_EPS":0.016130292,"DILUTED_EPS":0.016130292,"OPERATE_INCOME":105195520.44,"OPERATE_INCOME_YOY":44.6395993561,"GROSS_PROFIT":17284561.82,"GROSS_PROFIT_YOY":33.524684013125,"HOLDER_PROFIT":12908569.7,"HOLDER_PROFIT_YOY":269.9975142928,"GROSS_PROFIT_RATIO":16.430891493957,"EPS_TTM":-0.0235072446,"OPERATE_INCOME_QOQ":-14.717056334329,"NET_PROFIT_RATIO":12.2710260342,"ROE_AVG":12.684439937451,"GROSS_PROFIT_QOQ":-67.175652301414,"ROA":8.236749126384,"HOLDER_PROFIT_QOQ":-285.617743895704,"ROE_YEARLY":25.368879874903,"ROIC_YEARLY":21.864063836897,"TOTAL_ASSETS":143627241.96,"TOTAL_LIABILITIES":35405990.94,"TAX_EBT":15.770710728837,"OCF_SALES":12.717844718142,"TOTAL_PARENT_EQUITY":108221251.02,"DEBT_ASSET_RATIO":24.6513060175,"OPERATE_PROFIT":16044437.22,"PRETAX_PROFIT":15325511.84,"NETCASH_OPERATE":13378602.94,"NETCASH_INVEST":13251121.6,"NETCASH_FINANCE":-27193417.54,"END_CASH":38357140.6,"DIVI_RATIO":null,"DIVIDEND_RATE":null,"CURRENT_RATIO":3.971697881637,"COMMON_ACS":200000000,"CURRENTDEBT_DEBT":99.784456364661,"ISSUED_COMMON_SHARES":172800000,"HK_COMMON_SHARES":172800000,"PER_SHARES":10000,"TOTAL_MARKET_CAP":21081600,"HKSK_MARKET_CAP":21081600,"PE_TTM":7.2,"PB_TTM":0.076581832448,"REPORT_DATE_SQ":"2019-06-30 00:00:00","REPORT_TYPE_SQ":"2019年中报","OPERATE_INCOME_SQ":75479338.65,"DPS_HKD":null,"OPERATE_INCOME_QOQ_SQ":-6.612880261306,"NET_PROFIT_RATIO_SQ":4.7969951708,"HOLDER_PROFIT_SQ":3620740.23,"HOLDER_PROFIT_QOQ_SQ":-28.846218625462,"ROE_AVG_SQ":3.034611772604,"PE_TTM_SQ":20.41394953218,"PB_TTM_SQ":0.524496537959,"ROA_SQ":1.957564212048,"START_DATE":"2020-05-01 00:00:00","FISCAL_YEAR":"4-30","CURRENCY":"HKD","IS_CNY_CODE":0,"DPS_HKD_LY":null,"ORG_TYPE":"一般企业","PREMIUM_INCOME":null,"PREMIUM_INCOME_YOY":null,"NET_INTEREST_INCOME":null,"NET_INTEREST_INCOME_YOY":null,"FEE_COMMISSION_INCOME":null,"FEE_COMMISSION_INCOME_YOY":null,"ACCOUNTS_RECE_TDAYS":2.376979150337,"INVENTORY_TDAYS":null,"CURRENT_ASSETS_TDAYS":0.696097784919,"TOTAL_ASSETS_TDAYS":0.671235567705,"PREMIUM_EXPENSE":null,"LOAN_DEPOSIT":null,"LOAN_EQUITY":null,"LOAN_ASSETS":null,"DEPOSIT_EQUITY":null,"DEPOSIT_ASSETS":null,"EQUITY_MULTIPLIER":1.327163016564,"EQUITY_RATIO":0.327163016564}],"count":24},"success":true,"message":"ok","code":0}