{"version":"64ec2213cc3d2cc0a08462d3e1c2609e","result":{"pages":3,"data":[{"SECUCODE":"01851.HK","SECURITY_CODE":"01851","SECURITY_NAME_ABBR":"银杏教育","ORG_CODE":"10944451","STD_REPORT_DATE":"2024-06-30 00:00:00","REPORT_DATE":"2024-06-30 00:00:00","DATE_TYPE_CODE":"002","REPORT_TYPE":"2024年中报","PER_NETCASH_OPERATE":-0.15472,"PER_OI":0.40418,"BPS":1.782656,"BASIC_EPS":0.21,"DILUTED_EPS":0.21,"OPERATE_INCOME":202090000,"OPERATE_INCOME_YOY":9.6676163343,"GROSS_PROFIT":130465000,"GROSS_PROFIT_YOY":12.074667766238,"HOLDER_PROFIT":106626000,"HOLDER_PROFIT_YOY":29.7816402541,"GROSS_PROFIT_RATIO":64.557870255827,"EPS_TTM":0.345,"OPERATE_INCOME_QOQ":5.020261397388,"NET_PROFIT_RATIO":52.7616408531,"ROE_AVG":12.723638598354,"GROSS_PROFIT_QOQ":6.595654826146,"ROA":7.54514840009,"HOLDER_PROFIT_QOQ":16.528858625162,"ROE_YEARLY":25.447277196709,"ROIC_YEARLY":16.816117772439,"TOTAL_ASSETS":1366948000,"TOTAL_LIABILITIES":475620000,"TAX_EBT":0.419332243754,"OCF_SALES":-38.27997426889,"TOTAL_PARENT_EQUITY":891328000,"DEBT_ASSET_RATIO":34.7943008805,"OPERATE_PROFIT":108424000,"PRETAX_PROFIT":107075000,"NETCASH_OPERATE":-77360000,"NETCASH_INVEST":-62985000,"NETCASH_FINANCE":-979000,"END_CASH":74352000,"DIVI_RATIO":null,"DIVIDEND_RATE":null,"CURRENT_RATIO":0.384072272533,"COMMON_ACS":1000000000,"CURRENTDEBT_DEBT":48.152306463143,"ISSUED_COMMON_SHARES":500000000,"HK_COMMON_SHARES":500000000,"PER_SHARES":2000,"TOTAL_MARKET_CAP":390000000,"HKSK_MARKET_CAP":390000000,"PE_TTM":2.0411577439,"PB_TTM":0.399342554032,"REPORT_DATE_SQ":"2023-06-30 00:00:00","REPORT_TYPE_SQ":"2023年中报","OPERATE_INCOME_SQ":184275000,"DPS_HKD":null,"OPERATE_INCOME_QOQ_SQ":17.52873061186,"NET_PROFIT_RATIO_SQ":44.5844525845,"HOLDER_PROFIT_SQ":82158000,"HOLDER_PROFIT_QOQ_SQ":35.735460191982,"ROE_AVG_SQ":12.122186827277,"PE_TTM_SQ":4.404844838499,"PB_TTM_SQ":0.699025497059,"ROA_SQ":6.19387932422,"START_DATE":"2024-01-01 00:00:00","FISCAL_YEAR":"12-31","CURRENCY":"HKD","IS_CNY_CODE":0,"DPS_HKD_LY":null,"ORG_TYPE":"一般企业","PREMIUM_INCOME":null,"PREMIUM_INCOME_YOY":null,"NET_INTEREST_INCOME":null,"NET_INTEREST_INCOME_YOY":null,"FEE_COMMISSION_INCOME":null,"FEE_COMMISSION_INCOME_YOY":null,"ACCOUNTS_RECE_TDAYS":24.664673216574,"INVENTORY_TDAYS":55.032654629274,"CURRENT_ASSETS_TDAYS":1.293421528438,"TOTAL_ASSETS_TDAYS":0.143004430455,"PREMIUM_EXPENSE":null,"LOAN_DEPOSIT":null,"LOAN_EQUITY":null,"LOAN_ASSETS":null,"DEPOSIT_EQUITY":null,"DEPOSIT_ASSETS":null,"EQUITY_MULTIPLIER":1.533608278883,"EQUITY_RATIO":0.533608278883},{"SECUCODE":"01851.HK","SECURITY_CODE":"01851","SECURITY_NAME_ABBR":"银杏教育","ORG_CODE":"10944451","STD_REPORT_DATE":"2023-12-31 00:00:00","REPORT_DATE":"2023-12-31 00:00:00","DATE_TYPE_CODE":"001","REPORT_TYPE":"2023年年报","PER_NETCASH_OPERATE":0.474716,"PER_OI":0.709724,"BPS":1.569404,"BASIC_EPS":0.3,"DILUTED_EPS":0.3,"OPERATE_INCOME":354862000,"OPERATE_INCOME_YOY":23.9939481399,"GROSS_PROFIT":213110000,"GROSS_PROFIT_YOY":31.35883132493,"HOLDER_PROFIT":148032000,"HOLDER_PROFIT_YOY":74.1389045737,"GROSS_PROFIT_RATIO":60.054330979367,"EPS_TTM":0.296064,"OPERATE_INCOME_QOQ":5.500967716041,"NET_PROFIT_RATIO":41.7153710456,"ROE_AVG":20.829452106838,"GROSS_PROFIT_QOQ":7.089375986171,"ROA":10.321972437227,"HOLDER_PROFIT_QOQ":28.292860485674,"ROE_YEARLY":20.829452106838,"ROIC_YEARLY":12.070833955092,"TOTAL_ASSETS":1459398000,"TOTAL_LIABILITIES":674696000,"TAX_EBT":0.49071671529,"OCF_SALES":66.887409753651,"TOTAL_PARENT_EQUITY":784702000,"DEBT_ASSET_RATIO":46.2311172141,"OPERATE_PROFIT":163403000,"PRETAX_PROFIT":148762000,"NETCASH_OPERATE":237358000,"NETCASH_INVEST":-140994000,"NETCASH_FINANCE":-81750000,"END_CASH":215713000,"DIVI_RATIO":null,"DIVIDEND_RATE":null,"CURRENT_RATIO":0.571354411858,"COMMON_ACS":1000000000,"CURRENTDEBT_DEBT":58.244750228251,"ISSUED_COMMON_SHARES":500000000,"HK_COMMON_SHARES":500000000,"PER_SHARES":2000,"TOTAL_MARKET_CAP":325000000,"HKSK_MARKET_CAP":325000000,"PE_TTM":1.700964786583,"PB_TTM":0.332785461693,"REPORT_DATE_SQ":"2022-12-31 00:00:00","REPORT_TYPE_SQ":"2022年年报","OPERATE_INCOME_SQ":286193000,"DPS_HKD":null,"OPERATE_INCOME_QOQ_SQ":13.470489814367,"NET_PROFIT_RATIO_SQ":29.7030325689,"HOLDER_PROFIT_SQ":85008000,"HOLDER_PROFIT_QOQ_SQ":25.586136595311,"ROE_AVG_SQ":14.307112827055,"PE_TTM_SQ":3.798673530449,"PB_TTM_SQ":0.602829327739,"ROA_SQ":6.512822732669,"START_DATE":"2023-01-01 00:00:00","FISCAL_YEAR":"12-31","CURRENCY":"HKD","IS_CNY_CODE":0,"DPS_HKD_LY":null,"ORG_TYPE":"一般企业","PREMIUM_INCOME":null,"PREMIUM_INCOME_YOY":null,"NET_INTEREST_INCOME":null,"NET_INTEREST_INCOME_YOY":null,"FEE_COMMISSION_INCOME":null,"FEE_COMMISSION_INCOME_YOY":null,"ACCOUNTS_RECE_TDAYS":30.391127478268,"INVENTORY_TDAYS":120.742759795571,"CURRENT_ASSETS_TDAYS":1.590802928216,"TOTAL_ASSETS_TDAYS":0.24743810683,"PREMIUM_EXPENSE":null,"LOAN_DEPOSIT":null,"LOAN_EQUITY":null,"LOAN_ASSETS":null,"DEPOSIT_EQUITY":null,"DEPOSIT_ASSETS":null,"EQUITY_MULTIPLIER":1.859811750194,"EQUITY_RATIO":0.859811750193},{"SECUCODE":"01851.HK","SECURITY_CODE":"01851","SECURITY_NAME_ABBR":"银杏教育","ORG_CODE":"10944451","STD_REPORT_DATE":"2023-06-30 00:00:00","REPORT_DATE":"2023-06-30 00:00:00","DATE_TYPE_CODE":"002","REPORT_TYPE":"2023年中报","PER_NETCASH_OPERATE":-0.129764,"PER_OI":0.36855,"BPS":1.437656,"BASIC_EPS":0.16,"DILUTED_EPS":0.16,"OPERATE_INCOME":184275000,"OPERATE_INCOME_YOY":37.4068854439,"GROSS_PROFIT":116409000,"GROSS_PROFIT_YOY":46.165339896035,"HOLDER_PROFIT":82158000,"HOLDER_PROFIT_YOY":58.6674391657,"GROSS_PROFIT_RATIO":63.171347171347,"EPS_TTM":0.230772,"OPERATE_INCOME_QOQ":17.52873061186,"NET_PROFIT_RATIO":44.5844525845,"ROE_AVG":12.122186827277,"GROSS_PROFIT_QOQ":22.662803957223,"ROA":6.19387932422,"HOLDER_PROFIT_QOQ":35.735460191982,"ROE_YEARLY":24.244373654554,"ROIC_YEARLY":13.660385828834,"TOTAL_ASSETS":1243986000,"TOTAL_LIABILITIES":525158000,"TAX_EBT":0.585658623944,"OCF_SALES":-35.209333876001,"TOTAL_PARENT_EQUITY":718828000,"DEBT_ASSET_RATIO":42.2157484087,"OPERATE_PROFIT":93492000,"PRETAX_PROFIT":82642000,"NETCASH_OPERATE":-64882000,"NETCASH_INVEST":-50762000,"NETCASH_FINANCE":-38474000,"END_CASH":47293000,"DIVI_RATIO":null,"DIVIDEND_RATE":null,"CURRENT_RATIO":0.293236147642,"COMMON_ACS":1000000000,"CURRENTDEBT_DEBT":39.238857639034,"ISSUED_COMMON_SHARES":500000000,"HK_COMMON_SHARES":500000000,"PER_SHARES":2000,"TOTAL_MARKET_CAP":325000000,"HKSK_MARKET_CAP":325000000,"PE_TTM":1.700964786583,"PB_TTM":0.332785461693,"REPORT_DATE_SQ":"2022-06-30 00:00:00","REPORT_TYPE_SQ":"2022年中报","OPERATE_INCOME_SQ":134109000,"DPS_HKD":null,"OPERATE_INCOME_QOQ_SQ":11.238130521265,"NET_PROFIT_RATIO_SQ":38.6103840906,"HOLDER_PROFIT_SQ":51780000,"HOLDER_PROFIT_QOQ_SQ":74.983843031823,"ROE_AVG_SQ":8.965426489736,"PE_TTM_SQ":3.798673530449,"PB_TTM_SQ":0.602829327739,"ROA_SQ":4.328432569073,"START_DATE":"2023-01-01 00:00:00","FISCAL_YEAR":"12-31","CURRENCY":"HKD","IS_CNY_CODE":0,"DPS_HKD_LY":null,"ORG_TYPE":"一般企业","PREMIUM_INCOME":null,"PREMIUM_INCOME_YOY":null,"NET_INTEREST_INCOME":null,"NET_INTEREST_INCOME_YOY":null,"FEE_COMMISSION_INCOME":null,"FEE_COMMISSION_INCOME_YOY":null,"ACCOUNTS_RECE_TDAYS":13.395485770363,"INVENTORY_TDAYS":69.004575495679,"CURRENT_ASSETS_TDAYS":1.306729541909,"TOTAL_ASSETS_TDAYS":0.138924646714,"PREMIUM_EXPENSE":null,"LOAN_DEPOSIT":null,"LOAN_EQUITY":null,"LOAN_ASSETS":null,"DEPOSIT_EQUITY":null,"DEPOSIT_ASSETS":null,"EQUITY_MULTIPLIER":1.730575325389,"EQUITY_RATIO":0.730575325391},{"SECUCODE":"01851.HK","SECURITY_CODE":"01851","SECURITY_NAME_ABBR":"银杏教育","ORG_CODE":"10944451","STD_REPORT_DATE":"2022-12-31 00:00:00","REPORT_DATE":"2022-12-31 00:00:00","DATE_TYPE_CODE":"001","REPORT_TYPE":"2022年年报","PER_NETCASH_OPERATE":0.423992,"PER_OI":0.572386,"BPS":1.27334,"BASIC_EPS":0.17,"DILUTED_EPS":0.17,"OPERATE_INCOME":286193000,"OPERATE_INCOME_YOY":26.2224515628,"GROSS_PROFIT":162235000,"GROSS_PROFIT_YOY":56.112276515079,"HOLDER_PROFIT":85008000,"HOLDER_PROFIT_YOY":119.7554481297,"GROSS_PROFIT_RATIO":56.687270478314,"EPS_TTM":0.170016,"OPERATE_INCOME_QOQ":13.470489814367,"NET_PROFIT_RATIO":29.7030325689,"ROE_AVG":14.307112827055,"GROSS_PROFIT_QOQ":24.579577042987,"ROA":6.512822732669,"HOLDER_PROFIT_QOQ":25.586136595311,"ROE_YEARLY":14.307112827055,"ROIC_YEARLY":7.541779745751,"TOTAL_ASSETS":1408891000,"TOTAL_LIABILITIES":772221000,"TAX_EBT":0.230036148538,"OCF_SALES":74.074488195029,"TOTAL_PARENT_EQUITY":636670000,"DEBT_ASSET_RATIO":54.8105566719,"OPERATE_PROFIT":113939000,"PRETAX_PROFIT":85204000,"NETCASH_OPERATE":211996000,"NETCASH_INVEST":-153366000,"NETCASH_FINANCE":-19671000,"END_CASH":199854000,"DIVI_RATIO":null,"DIVIDEND_RATE":null,"CURRENT_RATIO":0.443688548714,"COMMON_ACS":1000000000,"CURRENTDEBT_DEBT":64.681095178712,"ISSUED_COMMON_SHARES":500000000,"HK_COMMON_SHARES":500000000,"PER_SHARES":2000,"TOTAL_MARKET_CAP":325000000,"HKSK_MARKET_CAP":325000000,"PE_TTM":1.700964786583,"PB_TTM":0.332785461693,"REPORT_DATE_SQ":"2021-12-31 00:00:00","REPORT_TYPE_SQ":"2021年年报","OPERATE_INCOME_SQ":226737000,"DPS_HKD":null,"OPERATE_INCOME_QOQ_SQ":11.096575040423,"NET_PROFIT_RATIO_SQ":17.0607355659,"HOLDER_PROFIT_SQ":38683000,"HOLDER_PROFIT_QOQ_SQ":104.466409429674,"ROE_AVG_SQ":7.266862726497,"PE_TTM_SQ":3.798673530449,"PB_TTM_SQ":0.602829327739,"ROA_SQ":3.261004721262,"START_DATE":"2022-01-01 00:00:00","FISCAL_YEAR":"12-31","CURRENCY":"HKD","IS_CNY_CODE":0,"DPS_HKD_LY":null,"ORG_TYPE":"一般企业","PREMIUM_INCOME":null,"PREMIUM_INCOME_YOY":null,"NET_INTEREST_INCOME":null,"NET_INTEREST_INCOME_YOY":null,"FEE_COMMISSION_INCOME":null,"FEE_COMMISSION_INCOME_YOY":null,"ACCOUNTS_RECE_TDAYS":25.832024550952,"INVENTORY_TDAYS":170.155113246397,"CURRENT_ASSETS_TDAYS":1.477182342542,"TOTAL_ASSETS_TDAYS":0.219264572314,"PREMIUM_EXPENSE":null,"LOAN_DEPOSIT":null,"LOAN_EQUITY":null,"LOAN_ASSETS":null,"DEPOSIT_EQUITY":null,"DEPOSIT_ASSETS":null,"EQUITY_MULTIPLIER":2.212906215152,"EQUITY_RATIO":1.212906215151},{"SECUCODE":"01851.HK","SECURITY_CODE":"01851","SECURITY_NAME_ABBR":"银杏教育","ORG_CODE":"10944451","STD_REPORT_DATE":"2022-06-30 00:00:00","REPORT_DATE":"2022-06-30 00:00:00","DATE_TYPE_CODE":"002","REPORT_TYPE":"2022年中报","PER_NETCASH_OPERATE":-0.107664,"PER_OI":0.268218,"BPS":1.206884,"BASIC_EPS":0.1,"DILUTED_EPS":0.1,"OPERATE_INCOME":134109000,"OPERATE_INCOME_YOY":23.4571197113,"GROSS_PROFIT":79642000,"GROSS_PROFIT_YOY":49.315684877573,"HOLDER_PROFIT":51780000,"HOLDER_PROFIT_YOY":127.3645385088,"GROSS_PROFIT_RATIO":59.386021818073,"EPS_TTM":0.135378,"OPERATE_INCOME_QOQ":11.238130521265,"NET_PROFIT_RATIO":38.6103840906,"ROE_AVG":8.965426489736,"GROSS_PROFIT_QOQ":25.311291160678,"ROA":4.328432569073,"HOLDER_PROFIT_QOQ":74.983843031823,"ROE_YEARLY":17.930852979472,"ROIC_YEARLY":9.650653068527,"TOTAL_ASSETS":1190962000,"TOTAL_LIABILITIES":587520000,"TAX_EBT":0.745653549043,"OCF_SALES":-40.14048274165,"TOTAL_PARENT_EQUITY":603442000,"DEBT_ASSET_RATIO":49.3315487816,"OPERATE_PROFIT":59568000,"PRETAX_PROFIT":52169000,"NETCASH_OPERATE":-53832000,"NETCASH_INVEST":-72484000,"NETCASH_FINANCE":57830000,"END_CASH":90071000,"DIVI_RATIO":null,"DIVIDEND_RATE":null,"CURRENT_RATIO":0.381790514836,"COMMON_ACS":1000000000,"CURRENTDEBT_DEBT":43.6231958061,"ISSUED_COMMON_SHARES":500000000,"HK_COMMON_SHARES":500000000,"PER_SHARES":2000,"TOTAL_MARKET_CAP":325000000,"HKSK_MARKET_CAP":325000000,"PE_TTM":1.700964786583,"PB_TTM":0.332785461693,"REPORT_DATE_SQ":"2021-06-30 00:00:00","REPORT_TYPE_SQ":"2021年中报","OPERATE_INCOME_SQ":108628000,"DPS_HKD":null,"OPERATE_INCOME_QOQ_SQ":15.369613512643,"NET_PROFIT_RATIO_SQ":20.9651286961,"HOLDER_PROFIT_SQ":22774000,"HOLDER_PROFIT_QOQ_SQ":11.761578449905,"ROE_AVG_SQ":4.343149632127,"PE_TTM_SQ":3.798673530449,"PB_TTM_SQ":0.602829327739,"ROA_SQ":1.997759603922,"START_DATE":"2022-01-01 00:00:00","FISCAL_YEAR":"12-31","CURRENCY":"HKD","IS_CNY_CODE":0,"DPS_HKD_LY":null,"ORG_TYPE":"一般企业","PREMIUM_INCOME":null,"PREMIUM_INCOME_YOY":null,"NET_INTEREST_INCOME":null,"NET_INTEREST_INCOME_YOY":null,"FEE_COMMISSION_INCOME":null,"FEE_COMMISSION_INCOME_YOY":null,"ACCOUNTS_RECE_TDAYS":26.08870732419,"INVENTORY_TDAYS":157.419075144509,"CURRENT_ASSETS_TDAYS":1.01704825536,"TOTAL_ASSETS_TDAYS":0.112105400426,"PREMIUM_EXPENSE":null,"LOAN_DEPOSIT":null,"LOAN_EQUITY":null,"LOAN_ASSETS":null,"DEPOSIT_EQUITY":null,"DEPOSIT_ASSETS":null,"EQUITY_MULTIPLIER":1.973614697022,"EQUITY_RATIO":0.973614697021},{"SECUCODE":"01851.HK","SECURITY_CODE":"01851","SECURITY_NAME_ABBR":"银杏教育","ORG_CODE":"10944451","STD_REPORT_DATE":"2021-12-31 00:00:00","REPORT_DATE":"2021-12-31 00:00:00","DATE_TYPE_CODE":"001","REPORT_TYPE":"2021年年报","PER_NETCASH_OPERATE":0.238702,"PER_OI":0.453474,"BPS":1.103324,"BASIC_EPS":0.08,"DILUTED_EPS":0.08,"OPERATE_INCOME":226737000,"OPERATE_INCOME_YOY":28.1716892499,"GROSS_PROFIT":103922000,"GROSS_PROFIT_YOY":36.550817948886,"HOLDER_PROFIT":38683000,"HOLDER_PROFIT_YOY":128.5148865784,"GROSS_PROFIT_RATIO":45.833719243,"EPS_TTM":0.077366,"OPERATE_INCOME_QOQ":11.096575040423,"NET_PROFIT_RATIO":17.0607355659,"ROE_AVG":7.266862726497,"GROSS_PROFIT_QOQ":17.722623106812,"ROA":3.261004721262,"HOLDER_PROFIT_QOQ":104.466409429674,"ROE_YEARLY":7.266862726497,"ROIC_YEARLY":3.749032043597,"TOTAL_ASSETS":1201590000,"TOTAL_LIABILITIES":649928000,"TAX_EBT":1.99391943248,"OCF_SALES":52.638519518208,"TOTAL_PARENT_EQUITY":551662000,"DEBT_ASSET_RATIO":54.0889987433,"OPERATE_PROFIT":48734000,"PRETAX_PROFIT":39470000,"NETCASH_OPERATE":119351000,"NETCASH_INVEST":-76655000,"NETCASH_FINANCE":-37753000,"END_CASH":156305000,"DIVI_RATIO":null,"DIVIDEND_RATE":null,"CURRENT_RATIO":0.520493912389,"COMMON_ACS":1000000000,"CURRENTDEBT_DEBT":49.033123669083,"ISSUED_COMMON_SHARES":500000000,"HK_COMMON_SHARES":500000000,"PER_SHARES":2000,"TOTAL_MARKET_CAP":325000000,"HKSK_MARKET_CAP":325000000,"PE_TTM":1.700964786583,"PB_TTM":0.332785461693,"REPORT_DATE_SQ":"2020-12-31 00:00:00","REPORT_TYPE_SQ":"2020年年报","OPERATE_INCOME_SQ":176901000,"DPS_HKD":null,"OPERATE_INCOME_QOQ_SQ":8.610845060046,"NET_PROFIT_RATIO_SQ":9.569194069,"HOLDER_PROFIT_SQ":16928000,"HOLDER_PROFIT_QOQ_SQ":-43.354303306117,"ROE_AVG_SQ":3.355301626314,"PE_TTM_SQ":3.798673530449,"PB_TTM_SQ":0.602829327739,"ROA_SQ":1.465765398741,"START_DATE":"2021-01-01 00:00:00","FISCAL_YEAR":"12-31","CURRENCY":"HKD","IS_CNY_CODE":0,"DPS_HKD_LY":null,"ORG_TYPE":"一般企业","PREMIUM_INCOME":null,"PREMIUM_INCOME_YOY":null,"NET_INTEREST_INCOME":null,"NET_INTEREST_INCOME_YOY":null,"FEE_COMMISSION_INCOME":null,"FEE_COMMISSION_INCOME_YOY":null,"ACCOUNTS_RECE_TDAYS":47.779369929407,"INVENTORY_TDAYS":334.190476190476,"CURRENT_ASSETS_TDAYS":1.380114858922,"TOTAL_ASSETS_TDAYS":0.191140921719,"PREMIUM_EXPENSE":null,"LOAN_DEPOSIT":null,"LOAN_EQUITY":null,"LOAN_ASSETS":null,"DEPOSIT_EQUITY":null,"DEPOSIT_ASSETS":null,"EQUITY_MULTIPLIER":2.178127186573,"EQUITY_RATIO":1.178127186574},{"SECUCODE":"01851.HK","SECURITY_CODE":"01851","SECURITY_NAME_ABBR":"银杏教育","ORG_CODE":"10944451","STD_REPORT_DATE":"2021-06-30 00:00:00","REPORT_DATE":"2021-06-30 00:00:00","DATE_TYPE_CODE":"002","REPORT_TYPE":"2021年中报","PER_NETCASH_OPERATE":-0.144572,"PER_OI":0.217256,"BPS":1.071506,"BASIC_EPS":0.05,"DILUTED_EPS":0.05,"OPERATE_INCOME":108628000,"OPERATE_INCOME_YOY":33.3857242844,"GROSS_PROFIT":53338000,"GROSS_PROFIT_YOY":29.568090171501,"HOLDER_PROFIT":22774000,"HOLDER_PROFIT_YOY":9.5799451475,"GROSS_PROFIT_RATIO":49.101520786538,"EPS_TTM":0.037838,"OPERATE_INCOME_QOQ":15.369613512643,"NET_PROFIT_RATIO":20.9651286961,"ROE_AVG":4.343149632127,"GROSS_PROFIT_QOQ":15.993692924249,"ROA":1.997759603922,"HOLDER_PROFIT_QOQ":11.761578449905,"ROE_YEARLY":8.686299264254,"ROIC_YEARLY":4.450145918436,"TOTAL_ASSETS":1109085000,"TOTAL_LIABILITIES":573332000,"TAX_EBT":1.141641706819,"OCF_SALES":-66.544537320028,"TOTAL_PARENT_EQUITY":535753000,"DEBT_ASSET_RATIO":51.6941442721,"OPERATE_PROFIT":28308000,"PRETAX_PROFIT":23037000,"NETCASH_OPERATE":-72286000,"NETCASH_INVEST":-22367000,"NETCASH_FINANCE":23264000,"END_CASH":80392000,"DIVI_RATIO":null,"DIVIDEND_RATE":null,"CURRENT_RATIO":0.431237990667,"COMMON_ACS":1000000000,"CURRENTDEBT_DEBT":34.947464994105,"ISSUED_COMMON_SHARES":500000000,"HK_COMMON_SHARES":500000000,"PER_SHARES":2000,"TOTAL_MARKET_CAP":325000000,"HKSK_MARKET_CAP":325000000,"PE_TTM":1.700964786583,"PB_TTM":0.332785461693,"REPORT_DATE_SQ":"2020-06-30 00:00:00","REPORT_TYPE_SQ":"2020年中报","OPERATE_INCOME_SQ":81439000,"DPS_HKD":null,"OPERATE_INCOME_QOQ_SQ":-1.681144023035,"NET_PROFIT_RATIO_SQ":25.5197141419,"HOLDER_PROFIT_SQ":20783000,"HOLDER_PROFIT_QOQ_SQ":-6.83957852734,"ROE_AVG_SQ":4.103723522414,"PE_TTM_SQ":3.798673530449,"PB_TTM_SQ":0.602829327739,"ROA_SQ":1.858646129714,"START_DATE":"2021-01-01 00:00:00","FISCAL_YEAR":"12-31","CURRENCY":"HKD","IS_CNY_CODE":0,"DPS_HKD_LY":null,"ORG_TYPE":"一般企业","PREMIUM_INCOME":null,"PREMIUM_INCOME_YOY":null,"NET_INTEREST_INCOME":null,"NET_INTEREST_INCOME_YOY":null,"FEE_COMMISSION_INCOME":null,"FEE_COMMISSION_INCOME_YOY":null,"ACCOUNTS_RECE_TDAYS":24.088701629892,"INVENTORY_TDAYS":145.5,"CURRENT_ASSETS_TDAYS":0.872125277487,"TOTAL_ASSETS_TDAYS":0.095289641809,"PREMIUM_EXPENSE":null,"LOAN_DEPOSIT":null,"LOAN_EQUITY":null,"LOAN_ASSETS":null,"DEPOSIT_EQUITY":null,"DEPOSIT_ASSETS":null,"EQUITY_MULTIPLIER":2.07014239771,"EQUITY_RATIO":1.070142397709},{"SECUCODE":"01851.HK","SECURITY_CODE":"01851","SECURITY_NAME_ABBR":"银杏教育","ORG_CODE":"10944451","STD_REPORT_DATE":"2020-12-31 00:00:00","REPORT_DATE":"2020-12-31 00:00:00","DATE_TYPE_CODE":"001","REPORT_TYPE":"2020年年报","PER_NETCASH_OPERATE":0.157124,"PER_OI":0.353802,"BPS":1.025958,"BASIC_EPS":0.03,"DILUTED_EPS":0.03,"OPERATE_INCOME":176901000,"OPERATE_INCOME_YOY":6.78494033,"GROSS_PROFIT":76105000,"GROSS_PROFIT_YOY":12.64468192179,"HOLDER_PROFIT":16928000,"HOLDER_PROFIT_YOY":-47.2286302139,"GROSS_PROFIT_RATIO":43.021237867508,"EPS_TTM":0.033856,"OPERATE_INCOME_QOQ":8.610845060046,"NET_PROFIT_RATIO":9.569194069,"ROE_AVG":3.355301626314,"GROSS_PROFIT_QOQ":13.084889820057,"ROA":1.465765398741,"HOLDER_PROFIT_QOQ":-43.354303306117,"ROE_YEARLY":3.355301626314,"ROIC_YEARLY":1.754435967181,"TOTAL_ASSETS":1170869000,"TOTAL_LIABILITIES":657890000,"TAX_EBT":4.291287386216,"OCF_SALES":44.41015031006,"TOTAL_PARENT_EQUITY":512979000,"DEBT_ASSET_RATIO":56.1881815985,"OPERATE_PROFIT":22701000,"PRETAX_PROFIT":17687000,"NETCASH_OPERATE":78562000,"NETCASH_INVEST":-95951000,"NETCASH_FINANCE":-54033000,"END_CASH":152528000,"DIVI_RATIO":null,"DIVIDEND_RATE":null,"CURRENT_RATIO":0.585781198809,"COMMON_ACS":1000000000,"CURRENTDEBT_DEBT":42.219671981638,"ISSUED_COMMON_SHARES":500000000,"HK_COMMON_SHARES":500000000,"PER_SHARES":2000,"TOTAL_MARKET_CAP":325000000,"HKSK_MARKET_CAP":325000000,"PE_TTM":1.700964786583,"PB_TTM":0.332785461693,"REPORT_DATE_SQ":"2019-12-31 00:00:00","REPORT_TYPE_SQ":"2019年年报","OPERATE_INCOME_SQ":165661000,"DPS_HKD":null,"OPERATE_INCOME_QOQ_SQ":4.523916184515,"NET_PROFIT_RATIO_SQ":19.363640205,"HOLDER_PROFIT_SQ":32078000,"HOLDER_PROFIT_QOQ_SQ":13.723543801184,"ROE_AVG_SQ":7.808086303232,"PE_TTM_SQ":3.798673530449,"PB_TTM_SQ":0.602829327739,"ROA_SQ":3.804197330136,"START_DATE":"2020-01-01 00:00:00","FISCAL_YEAR":"12-31","CURRENCY":"HKD","IS_CNY_CODE":0,"DPS_HKD_LY":null,"ORG_TYPE":"一般企业","PREMIUM_INCOME":null,"PREMIUM_INCOME_YOY":null,"NET_INTEREST_INCOME":null,"NET_INTEREST_INCOME_YOY":null,"FEE_COMMISSION_INCOME":null,"FEE_COMMISSION_INCOME_YOY":null,"ACCOUNTS_RECE_TDAYS":38.772821917808,"INVENTORY_TDAYS":265.252631578947,"CURRENT_ASSETS_TDAYS":0.880970107444,"TOTAL_ASSETS_TDAYS":0.153175428168,"PREMIUM_EXPENSE":null,"LOAN_DEPOSIT":null,"LOAN_EQUITY":null,"LOAN_ASSETS":null,"DEPOSIT_EQUITY":null,"DEPOSIT_ASSETS":null,"EQUITY_MULTIPLIER":2.282489146732,"EQUITY_RATIO":1.282489146729},{"SECUCODE":"01851.HK","SECURITY_CODE":"01851","SECURITY_NAME_ABBR":"银杏教育","ORG_CODE":"10944451","STD_REPORT_DATE":"2020-06-30 00:00:00","REPORT_DATE":"2020-06-30 00:00:00","DATE_TYPE_CODE":"002","REPORT_TYPE":"2020年中报","PER_NETCASH_OPERATE":-0.094464,"PER_OI":0.162878,"BPS":1.033668,"BASIC_EPS":0.04,"DILUTED_EPS":0.04,"OPERATE_INCOME":81439000,"OPERATE_INCOME_YOY":-3.3066584347,"GROSS_PROFIT":41166000,"GROSS_PROFIT_YOY":-0.634821019093,"HOLDER_PROFIT":20783000,"HOLDER_PROFIT_YOY":-9.5486791139,"GROSS_PROFIT_RATIO":50.54826311718,"EPS_TTM":0.059768,"OPERATE_INCOME_QOQ":-1.681144023035,"NET_PROFIT_RATIO":25.5197141419,"ROE_AVG":4.103723522414,"GROSS_PROFIT_QOQ":-0.389272076019,"ROA":1.858646129714,"HOLDER_PROFIT_QOQ":-6.83957852734,"ROE_YEARLY":8.207447044827,"ROIC_YEARLY":4.440878389207,"TOTAL_ASSETS":1097445000,"TOTAL_LIABILITIES":580611000,"TAX_EBT":0.849196126139,"OCF_SALES":-57.996782868159,"TOTAL_PARENT_EQUITY":516834000,"DEBT_ASSET_RATIO":52.9057037027,"OPERATE_PROFIT":21706000,"PRETAX_PROFIT":20961000,"NETCASH_OPERATE":-47232000,"NETCASH_INVEST":-31190000,"NETCASH_FINANCE":-12227000,"END_CASH":136869000,"DIVI_RATIO":null,"DIVIDEND_RATE":null,"CURRENT_RATIO":0.851861045117,"COMMON_ACS":1000000000,"CURRENTDEBT_DEBT":29.142747898335,"ISSUED_COMMON_SHARES":500000000,"HK_COMMON_SHARES":500000000,"PER_SHARES":2000,"TOTAL_MARKET_CAP":325000000,"HKSK_MARKET_CAP":325000000,"PE_TTM":1.700964786583,"PB_TTM":0.332785461693,"REPORT_DATE_SQ":"2019-06-30 00:00:00","REPORT_TYPE_SQ":"2019年中报","OPERATE_INCOME_SQ":84224000,"DPS_HKD":null,"OPERATE_INCOME_QOQ_SQ":1.204303821717,"NET_PROFIT_RATIO_SQ":27.2808225684,"HOLDER_PROFIT_SQ":22977000,"HOLDER_PROFIT_QOQ_SQ":13.244740645576,"ROE_AVG_SQ":5.65545928916,"PE_TTM_SQ":3.798673530449,"PB_TTM_SQ":0.602829327739,"ROA_SQ":3.870413495997,"START_DATE":"2020-01-01 00:00:00","FISCAL_YEAR":"12-31","CURRENCY":"HKD","IS_CNY_CODE":0,"DPS_HKD_LY":null,"ORG_TYPE":"一般企业","PREMIUM_INCOME":null,"PREMIUM_INCOME_YOY":null,"NET_INTEREST_INCOME":null,"NET_INTEREST_INCOME_YOY":null,"FEE_COMMISSION_INCOME":null,"FEE_COMMISSION_INCOME_YOY":null,"ACCOUNTS_RECE_TDAYS":17.924287443601,"INVENTORY_TDAYS":230.131428571429,"CURRENT_ASSETS_TDAYS":0.425225629766,"TOTAL_ASSETS_TDAYS":0.072831777009,"PREMIUM_EXPENSE":null,"LOAN_DEPOSIT":null,"LOAN_EQUITY":null,"LOAN_ASSETS":null,"DEPOSIT_EQUITY":null,"DEPOSIT_ASSETS":null,"EQUITY_MULTIPLIER":2.123399389359,"EQUITY_RATIO":1.123399389359}],"count":19},"success":true,"message":"ok","code":0}