{"version":"fa3f957c806f85b14e93f56360acf45e","result":{"pages":2,"data":[{"SECUCODE":"01855.HK","SECURITY_CODE":"01855","SECURITY_NAME_ABBR":"中庆股份","ORG_CODE":"10000060629","STD_REPORT_DATE":"2024-06-30 00:00:00","REPORT_DATE":"2024-06-30 00:00:00","DATE_TYPE_CODE":"002","REPORT_TYPE":"2024年中报","PER_NETCASH_OPERATE":-0.664694545455,"PER_OI":2.820538181818,"BPS":0.805589090909,"BASIC_EPS":0.12,"DILUTED_EPS":0.12,"OPERATE_INCOME":775648000,"OPERATE_INCOME_YOY":-14.7469991284,"GROSS_PROFIT":175361000,"GROSS_PROFIT_YOY":20.164594953883,"HOLDER_PROFIT":34259000,"HOLDER_PROFIT_YOY":-7.6626596949,"GROSS_PROFIT_RATIO":22.608322331779,"EPS_TTM":0.48132,"OPERATE_INCOME_QOQ":-5.696080275203,"NET_PROFIT_RATIO":5.5968686827,"ROE_AVG":5.213642305696,"GROSS_PROFIT_QOQ":6.527033501313,"ROA":0.889452796614,"HOLDER_PROFIT_QOQ":-2.10271733503,"ROE_YEARLY":10.427284611393,"ROIC_YEARLY":1.90786407102,"TOTAL_ASSETS":3856962000,"TOTAL_LIABILITIES":3063124000,"TAX_EBT":7.910311618336,"OCF_SALES":-23.566231073889,"TOTAL_PARENT_EQUITY":664611000,"DEBT_ASSET_RATIO":79.41804975,"OPERATE_PROFIT":72036000,"PRETAX_PROFIT":47141000,"NETCASH_OPERATE":-182791000,"NETCASH_INVEST":-36366000,"NETCASH_FINANCE":69938000,"END_CASH":61190000,"DIVI_RATIO":0.146856893543,"DIVIDEND_RATE":1.08938547486,"CURRENT_RATIO":1.130448022316,"COMMON_ACS":30000000000,"CURRENTDEBT_DEBT":96.809270535571,"ISSUED_COMMON_SHARES":825000000,"HK_COMMON_SHARES":825000000,"PER_SHARES":2000,"TOTAL_MARKET_CAP":5907000000,"HKSK_MARKET_CAP":5907000000,"PE_TTM":40.322795947169,"PB_TTM":8.111813918217,"REPORT_DATE_SQ":"2023-06-30 00:00:00","REPORT_TYPE_SQ":"2023年中报","OPERATE_INCOME_SQ":909819000,"DPS_HKD":0.078,"OPERATE_INCOME_QOQ_SQ":83.336062475419,"NET_PROFIT_RATIO_SQ":4.7801815526,"HOLDER_PROFIT_SQ":37102000,"HOLDER_PROFIT_QOQ_SQ":97.20380677393,"ROE_AVG_SQ":5.226888992357,"PE_TTM_SQ":-4607.24664331089,"PB_TTM_SQ":10.290514689096,"ROA_SQ":1.207145591317,"START_DATE":"2024-01-01 00:00:00","FISCAL_YEAR":"12-31","CURRENCY":"HKD","IS_CNY_CODE":0,"DPS_HKD_LY":0.078,"ORG_TYPE":"一般企业","PREMIUM_INCOME":null,"PREMIUM_INCOME_YOY":null,"NET_INTEREST_INCOME":null,"NET_INTEREST_INCOME_YOY":null,"FEE_COMMISSION_INCOME":null,"FEE_COMMISSION_INCOME_YOY":null,"ACCOUNTS_RECE_TDAYS":0.455199300224,"INVENTORY_TDAYS":16.061835257602,"CURRENT_ASSETS_TDAYS":0.231029486009,"TOTAL_ASSETS_TDAYS":0.201378406488,"PREMIUM_EXPENSE":null,"LOAN_DEPOSIT":null,"LOAN_EQUITY":null,"LOAN_ASSETS":null,"DEPOSIT_EQUITY":null,"DEPOSIT_ASSETS":null,"EQUITY_MULTIPLIER":4.858626067275,"EQUITY_RATIO":4.608897535551},{"SECUCODE":"01855.HK","SECURITY_CODE":"01855","SECURITY_NAME_ABBR":"中庆股份","ORG_CODE":"10000060629","STD_REPORT_DATE":"2023-12-31 00:00:00","REPORT_DATE":"2023-12-31 00:00:00","DATE_TYPE_CODE":"001","REPORT_TYPE":"2023年年报","PER_NETCASH_OPERATE":0.805549090909,"PER_OI":8.565443636364,"BPS":0.787387878788,"BASIC_EPS":0.49,"DILUTED_EPS":0.49,"OPERATE_INCOME":2355497000,"OPERATE_INCOME_YOY":110.9824782658,"GROSS_PROFIT":450848000,"GROSS_PROFIT_YOY":132.693339939717,"HOLDER_PROFIT":135206000,"HOLDER_PROFIT_YOY":240.3381667584,"GROSS_PROFIT_RATIO":19.140249382614,"EPS_TTM":0.491658181818,"OPERATE_INCOME_QOQ":96.620264058304,"NET_PROFIT_RATIO":6.5049966101,"ROE_AVG":17.821356735568,"GROSS_PROFIT_QOQ":97.268809206064,"ROA":4.294476871282,"HOLDER_PROFIT_QOQ":4692.59510869565,"ROE_YEARLY":17.821356735568,"ROIC_YEARLY":4.638424762051,"TOTAL_ASSETS":3846426000,"TOTAL_LIABILITIES":3076957000,"TAX_EBT":11.252114079188,"OCF_SALES":9.404639445518,"TOTAL_PARENT_EQUITY":649595000,"DEBT_ASSET_RATIO":79.9952215381,"OPERATE_PROFIT":240807000,"PRETAX_PROFIT":172652000,"NETCASH_OPERATE":221526000,"NETCASH_INVEST":164977000,"NETCASH_FINANCE":-396333000,"END_CASH":210405000,"DIVI_RATIO":0.143768908185,"DIVIDEND_RATE":1.171171171171,"CURRENT_RATIO":1.126355775077,"COMMON_ACS":30000000000,"CURRENTDEBT_DEBT":97.020692846861,"ISSUED_COMMON_SHARES":825000000,"HK_COMMON_SHARES":825000000,"PER_SHARES":2000,"TOTAL_MARKET_CAP":5494500000,"HKSK_MARKET_CAP":5494500000,"PE_TTM":37.506958241361,"PB_TTM":7.545346465827,"REPORT_DATE_SQ":"2022-12-31 00:00:00","REPORT_TYPE_SQ":"2022年年报","OPERATE_INCOME_SQ":1116442000,"DPS_HKD":0.078,"OPERATE_INCOME_QOQ_SQ":-14.244224578368,"NET_PROFIT_RATIO_SQ":-16.2224286508,"HOLDER_PROFIT_SQ":-96343000,"HOLDER_PROFIT_QOQ_SQ":-264.147615259572,"ROE_AVG_SQ":-19.591008894347,"PE_TTM_SQ":-5008.3239180634,"PB_TTM_SQ":11.18634074462,"ROA_SQ":-4.477239374498,"START_DATE":"2023-01-01 00:00:00","FISCAL_YEAR":"12-31","CURRENCY":"HKD","IS_CNY_CODE":0,"DPS_HKD_LY":null,"ORG_TYPE":"一般企业","PREMIUM_INCOME":null,"PREMIUM_INCOME_YOY":null,"NET_INTEREST_INCOME":null,"NET_INTEREST_INCOME_YOY":null,"FEE_COMMISSION_INCOME":null,"FEE_COMMISSION_INCOME_YOY":null,"ACCOUNTS_RECE_TDAYS":1.416853510514,"INVENTORY_TDAYS":45.334214002642,"CURRENT_ASSETS_TDAYS":0.869056245407,"TOTAL_ASSETS_TDAYS":0.74816408938,"PREMIUM_EXPENSE":null,"LOAN_DEPOSIT":null,"LOAN_EQUITY":null,"LOAN_ASSETS":null,"DEPOSIT_EQUITY":null,"DEPOSIT_ASSETS":null,"EQUITY_MULTIPLIER":4.998805669878,"EQUITY_RATIO":4.736731347994},{"SECUCODE":"01855.HK","SECURITY_CODE":"01855","SECURITY_NAME_ABBR":"中庆股份","ORG_CODE":"10000060629","STD_REPORT_DATE":"2023-06-30 00:00:00","REPORT_DATE":"2023-06-30 00:00:00","DATE_TYPE_CODE":"002","REPORT_TYPE":"2023年中报","PER_NETCASH_OPERATE":-0.107643636364,"PER_OI":3.308432727273,"BPS":0.668976969697,"BASIC_EPS":0.13,"DILUTED_EPS":0.13,"OPERATE_INCOME":909819000,"OPERATE_INCOME_YOY":149.0832733316,"GROSS_PROFIT":145934000,"GROSS_PROFIT_YOY":183.956959118946,"HOLDER_PROFIT":37102000,"HOLDER_PROFIT_YOY":156.8700183936,"GROSS_PROFIT_RATIO":16.039893649176,"EPS_TTM":-0.010705454545,"OPERATE_INCOME_QOQ":83.336062475419,"NET_PROFIT_RATIO":4.7801815526,"ROE_AVG":5.226888992357,"GROSS_PROFIT_QOQ":70.550879078236,"ROA":1.207145591317,"HOLDER_PROFIT_QOQ":97.20380677393,"ROE_YEARLY":10.453777984713,"ROIC_YEARLY":2.571881423941,"TOTAL_ASSETS":3696750000,"TOTAL_LIABILITIES":3035880000,"TAX_EBT":5.612344553682,"OCF_SALES":-3.253614180403,"TOTAL_PARENT_EQUITY":551906000,"DEBT_ASSET_RATIO":82.1229458308,"OPERATE_PROFIT":75986000,"PRETAX_PROFIT":46077000,"NETCASH_OPERATE":-29602000,"NETCASH_INVEST":200226000,"NETCASH_FINANCE":-259805000,"END_CASH":131057000,"DIVI_RATIO":-6.602723845109,"DIVIDEND_RATE":1.171171171171,"CURRENT_RATIO":1.089634331455,"COMMON_ACS":30000000000,"CURRENTDEBT_DEBT":96.999815539481,"ISSUED_COMMON_SHARES":825000000,"HK_COMMON_SHARES":825000000,"PER_SHARES":2000,"TOTAL_MARKET_CAP":5494500000,"HKSK_MARKET_CAP":5494500000,"PE_TTM":37.506958241361,"PB_TTM":7.545346465827,"REPORT_DATE_SQ":"2022-06-30 00:00:00","REPORT_TYPE_SQ":"2022年中报","OPERATE_INCOME_SQ":365267000,"DPS_HKD":0.078,"OPERATE_INCOME_QOQ_SQ":-15.028542052552,"NET_PROFIT_RATIO_SQ":-18.2679659488,"HOLDER_PROFIT_SQ":-65240000,"HOLDER_PROFIT_QOQ_SQ":-201.342446547494,"ROE_AVG_SQ":-7.209077630151,"PE_TTM_SQ":-5008.3239180634,"PB_TTM_SQ":11.18634074462,"ROA_SQ":-1.866469269109,"START_DATE":"2023-01-01 00:00:00","FISCAL_YEAR":"12-31","CURRENCY":"HKD","IS_CNY_CODE":0,"DPS_HKD_LY":null,"ORG_TYPE":"一般企业","PREMIUM_INCOME":null,"PREMIUM_INCOME_YOY":null,"NET_INTEREST_INCOME":null,"NET_INTEREST_INCOME_YOY":null,"FEE_COMMISSION_INCOME":null,"FEE_COMMISSION_INCOME_YOY":null,"ACCOUNTS_RECE_TDAYS":0.585646049434,"INVENTORY_TDAYS":16.359907908122,"CURRENT_ASSETS_TDAYS":0.345474035309,"TOTAL_ASSETS_TDAYS":0.29601746395,"PREMIUM_EXPENSE":null,"LOAN_DEPOSIT":null,"LOAN_EQUITY":null,"LOAN_ASSETS":null,"DEPOSIT_EQUITY":null,"DEPOSIT_ASSETS":null,"EQUITY_MULTIPLIER":5.593762767262,"EQUITY_RATIO":5.500719325392},{"SECUCODE":"01855.HK","SECURITY_CODE":"01855","SECURITY_NAME_ABBR":"中庆股份","ORG_CODE":"10000060629","STD_REPORT_DATE":"2022-12-31 00:00:00","REPORT_DATE":"2022-12-31 00:00:00","DATE_TYPE_CODE":"001","REPORT_TYPE":"2022年年报","PER_NETCASH_OPERATE":-0.276381818182,"PER_OI":4.059789090909,"BPS":0.582076363636,"BASIC_EPS":-0.35,"DILUTED_EPS":-0.35,"OPERATE_INCOME":1116442000,"OPERATE_INCOME_YOY":-30.2322775586,"GROSS_PROFIT":193752000,"GROSS_PROFIT_YOY":-8.274392841926,"HOLDER_PROFIT":-96343000,"HOLDER_PROFIT_YOY":-413.7433696883,"GROSS_PROFIT_RATIO":20.507436784652,"EPS_TTM":-0.382858181818,"OPERATE_INCOME_QOQ":-14.244224578368,"NET_PROFIT_RATIO":-16.2224286508,"ROE_AVG":-19.591008894347,"GROSS_PROFIT_QOQ":-9.594198009782,"ROA":-4.477239374498,"HOLDER_PROFIT_QOQ":-264.147615259572,"ROE_YEARLY":-19.591008894347,"ROIC_YEARLY":-4.668580906335,"TOTAL_ASSETS":4182984000,"TOTAL_LIABILITIES":3264969000,"TAX_EBT":15.739570715213,"OCF_SALES":-11.631501543368,"TOTAL_PARENT_EQUITY":867753000,"DEBT_ASSET_RATIO":80.1270286694,"OPERATE_PROFIT":-41803000,"PRETAX_PROFIT":-114749000,"NETCASH_OPERATE":99346000,"NETCASH_INVEST":-84021000,"NETCASH_FINANCE":116036000,"END_CASH":220233000,"DIVI_RATIO":-0.184624916893,"DIVIDEND_RATE":1.171171171171,"CURRENT_RATIO":1.054648126628,"COMMON_ACS":30000000000,"CURRENTDEBT_DEBT":97.166619346156,"ISSUED_COMMON_SHARES":825000000,"HK_COMMON_SHARES":825000000,"PER_SHARES":2000,"TOTAL_MARKET_CAP":5494500000,"HKSK_MARKET_CAP":5494500000,"PE_TTM":37.506958241361,"PB_TTM":7.545346465827,"REPORT_DATE_SQ":"2021-12-31 00:00:00","REPORT_TYPE_SQ":"2021年年报","OPERATE_INCOME_SQ":936595000,"DPS_HKD":0.078,"OPERATE_INCOME_QOQ_SQ":-10.82601194294,"NET_PROFIT_RATIO_SQ":3.1649952551,"HOLDER_PROFIT_SQ":33558000,"HOLDER_PROFIT_QOQ_SQ":-55.174635096705,"ROE_AVG_SQ":5.36361876007,"PE_TTM_SQ":-5008.3239180634,"PB_TTM_SQ":11.18634074462,"ROA_SQ":1.321141293815,"START_DATE":"2022-01-01 00:00:00","FISCAL_YEAR":"12-31","CURRENCY":"HKD","IS_CNY_CODE":0,"DPS_HKD_LY":null,"ORG_TYPE":"一般企业","PREMIUM_INCOME":null,"PREMIUM_INCOME_YOY":null,"NET_INTEREST_INCOME":null,"NET_INTEREST_INCOME_YOY":null,"FEE_COMMISSION_INCOME":null,"FEE_COMMISSION_INCOME_YOY":null,"ACCOUNTS_RECE_TDAYS":0.876493905048,"INVENTORY_TDAYS":17.271675339573,"CURRENT_ASSETS_TDAYS":0.332731714334,"TOTAL_ASSETS_TDAYS":0.277872820139,"PREMIUM_EXPENSE":null,"LOAN_DEPOSIT":null,"LOAN_EQUITY":null,"LOAN_ASSETS":null,"DEPOSIT_EQUITY":null,"DEPOSIT_ASSETS":null,"EQUITY_MULTIPLIER":5.031960160181,"EQUITY_RATIO":3.762555704215},{"SECUCODE":"01855.HK","SECURITY_CODE":"01855","SECURITY_NAME_ABBR":"中庆股份","ORG_CODE":"10000060629","STD_REPORT_DATE":"2022-06-30 00:00:00","REPORT_DATE":"2022-06-30 00:00:00","DATE_TYPE_CODE":"002","REPORT_TYPE":"2022年中报","PER_NETCASH_OPERATE":-0.368032727273,"PER_OI":1.328243636364,"BPS":0.661739393939,"BASIC_EPS":-0.24,"DILUTED_EPS":-0.24,"OPERATE_INCOME":365267000,"OPERATE_INCOME_YOY":-37.2212233445,"GROSS_PROFIT":51393000,"GROSS_PROFIT_YOY":-36.705789622769,"HOLDER_PROFIT":-65240000,"HOLDER_PROFIT_YOY":-351.7420856041,"GROSS_PROFIT_RATIO":16.552209586239,"EPS_TTM":-0.105138181818,"OPERATE_INCOME_QOQ":-15.028542052552,"NET_PROFIT_RATIO":-18.2679659488,"ROE_AVG":-7.209077630151,"GROSS_PROFIT_QOQ":-22.718172243715,"ROA":-1.866469269109,"HOLDER_PROFIT_QOQ":-201.342446547494,"ROE_YEARLY":-14.418155260302,"ROIC_YEARLY":-3.81342932455,"TOTAL_ASSETS":2152470000,"TOTAL_LIABILITIES":1599493000,"TAX_EBT":13.056493216993,"OCF_SALES":-44.525637359495,"TOTAL_PARENT_EQUITY":545935000,"DEBT_ASSET_RATIO":74.3096535608,"OPERATE_PROFIT":-47308000,"PRETAX_PROFIT":-78505000,"NETCASH_OPERATE":-128951000,"NETCASH_INVEST":207260000,"NETCASH_FINANCE":-92871000,"END_CASH":74310000,"DIVI_RATIO":-0.672307232041,"DIVIDEND_RATE":1.171171171171,"CURRENT_RATIO":1.127188694623,"COMMON_ACS":30000000000,"CURRENTDEBT_DEBT":97.652631177504,"ISSUED_COMMON_SHARES":825000000,"HK_COMMON_SHARES":825000000,"PER_SHARES":2000,"TOTAL_MARKET_CAP":5494500000,"HKSK_MARKET_CAP":5494500000,"PE_TTM":37.506958241361,"PB_TTM":7.545346465827,"REPORT_DATE_SQ":"2021-06-30 00:00:00","REPORT_TYPE_SQ":"2021年中报","OPERATE_INCOME_SQ":362073000,"DPS_HKD":0.078,"OPERATE_INCOME_QOQ_SQ":0.418203223999,"NET_PROFIT_RATIO_SQ":4.5535016419,"HOLDER_PROFIT_SQ":16331000,"HOLDER_PROFIT_QOQ_SQ":-7.0914531786,"ROE_AVG_SQ":3.112860492156,"PE_TTM_SQ":-5008.3239180634,"PB_TTM_SQ":11.18634074462,"ROA_SQ":0.782643721705,"START_DATE":"2022-01-01 00:00:00","FISCAL_YEAR":"12-31","CURRENCY":"HKD","IS_CNY_CODE":0,"DPS_HKD_LY":null,"ORG_TYPE":"一般企业","PREMIUM_INCOME":null,"PREMIUM_INCOME_YOY":null,"NET_INTEREST_INCOME":null,"NET_INTEREST_INCOME_YOY":null,"FEE_COMMISSION_INCOME":null,"FEE_COMMISSION_INCOME_YOY":null,"ACCOUNTS_RECE_TDAYS":0.3945177279,"INVENTORY_TDAYS":6.739780055786,"CURRENT_ASSETS_TDAYS":0.125236190094,"TOTAL_ASSETS_TDAYS":0.103195611309,"PREMIUM_EXPENSE":null,"LOAN_DEPOSIT":null,"LOAN_EQUITY":null,"LOAN_ASSETS":null,"DEPOSIT_EQUITY":null,"DEPOSIT_ASSETS":null,"EQUITY_MULTIPLIER":3.892512708486,"EQUITY_RATIO":2.929823147444},{"SECUCODE":"01855.HK","SECURITY_CODE":"01855","SECURITY_NAME_ABBR":"中庆股份","ORG_CODE":"10000060629","STD_REPORT_DATE":"2021-12-31 00:00:00","REPORT_DATE":"2021-12-31 00:00:00","DATE_TYPE_CODE":"001","REPORT_TYPE":"2021年年报","PER_NETCASH_OPERATE":-0.368076363636,"PER_OI":3.4058,"BPS":0.709467878788,"BASIC_EPS":0.12,"DILUTED_EPS":0.12,"OPERATE_INCOME":936595000,"OPERATE_INCOME_YOY":-10.4530834499,"GROSS_PROFIT":211230000,"GROSS_PROFIT_YOY":-11.408703529728,"HOLDER_PROFIT":33558000,"HOLDER_PROFIT_YOY":-58.353404861,"GROSS_PROFIT_RATIO":21.388195332686,"EPS_TTM":0.103745454545,"OPERATE_INCOME_QOQ":-10.82601194294,"NET_PROFIT_RATIO":3.1649952551,"ROE_AVG":5.36361876007,"GROSS_PROFIT_QOQ":-17.372611190571,"ROA":1.321141293815,"HOLDER_PROFIT_QOQ":-55.174635096705,"ROE_YEARLY":5.36361876007,"ROIC_YEARLY":1.388558337701,"TOTAL_ASSETS":2379787000,"TOTAL_LIABILITIES":1775710000,"TAX_EBT":9.717343133546,"OCF_SALES":-11.287576094484,"TOTAL_PARENT_EQUITY":594627000,"DEBT_ASSET_RATIO":73.5996534172,"OPERATE_PROFIT":67224000,"PRETAX_PROFIT":37006000,"NETCASH_OPERATE":-101718000,"NETCASH_INVEST":-5777000,"NETCASH_FINANCE":9772000,"END_CASH":47495000,"DIVI_RATIO":0.681332597266,"DIVIDEND_RATE":1.171171171171,"CURRENT_RATIO":1.153178561404,"COMMON_ACS":30000000000,"CURRENTDEBT_DEBT":97.887492890168,"ISSUED_COMMON_SHARES":825000000,"HK_COMMON_SHARES":825000000,"PER_SHARES":2000,"TOTAL_MARKET_CAP":5494500000,"HKSK_MARKET_CAP":5494500000,"PE_TTM":37.506958241361,"PB_TTM":7.545346465827,"REPORT_DATE_SQ":"2020-12-31 00:00:00","REPORT_TYPE_SQ":"2020年年报","OPERATE_INCOME_SQ":1001427000,"DPS_HKD":0.078,"OPERATE_INCOME_QOQ_SQ":4.254280306737,"NET_PROFIT_RATIO_SQ":6.884276138,"HOLDER_PROFIT_SQ":68505000,"HOLDER_PROFIT_QOQ_SQ":42.339178856383,"ROE_AVG_SQ":15.630936042194,"PE_TTM_SQ":-5008.3239180634,"PB_TTM_SQ":11.18634074462,"ROA_SQ":3.6378331461,"START_DATE":"2021-01-01 00:00:00","FISCAL_YEAR":"12-31","CURRENCY":"HKD","IS_CNY_CODE":0,"DPS_HKD_LY":null,"ORG_TYPE":"一般企业","PREMIUM_INCOME":null,"PREMIUM_INCOME_YOY":null,"NET_INTEREST_INCOME":null,"NET_INTEREST_INCOME_YOY":null,"FEE_COMMISSION_INCOME":null,"FEE_COMMISSION_INCOME_YOY":null,"ACCOUNTS_RECE_TDAYS":1.141286433839,"INVENTORY_TDAYS":20.970950900626,"CURRENT_ASSETS_TDAYS":0.50247568511,"TOTAL_ASSETS_TDAYS":0.415257445428,"PREMIUM_EXPENSE":null,"LOAN_DEPOSIT":null,"LOAN_EQUITY":null,"LOAN_ASSETS":null,"DEPOSIT_EQUITY":null,"DEPOSIT_ASSETS":null,"EQUITY_MULTIPLIER":3.787829060742,"EQUITY_RATIO":2.986258612542},{"SECUCODE":"01855.HK","SECURITY_CODE":"01855","SECURITY_NAME_ABBR":"中庆股份","ORG_CODE":"10000060629","STD_REPORT_DATE":"2021-06-30 00:00:00","REPORT_DATE":"2021-06-30 00:00:00","DATE_TYPE_CODE":"002","REPORT_TYPE":"2021年中报","PER_NETCASH_OPERATE":-0.350323636364,"PER_OI":1.316629090909,"BPS":0.691802424242,"BASIC_EPS":0.06,"DILUTED_EPS":0.06,"OPERATE_INCOME":362073000,"OPERATE_INCOME_YOY":1.1702083071,"GROSS_PROFIT":81197000,"GROSS_PROFIT_YOY":-7.208730929661,"HOLDER_PROFIT":16331000,"HOLDER_PROFIT_YOY":-22.9269904196,"GROSS_PROFIT_RATIO":22.425588210112,"EPS_TTM":0.231443636364,"OPERATE_INCOME_QOQ":0.418203223999,"NET_PROFIT_RATIO":4.5535016419,"ROE_AVG":3.112860492156,"GROSS_PROFIT_QOQ":-2.645618037847,"ROA":0.782643721705,"HOLDER_PROFIT_QOQ":-7.0914531786,"ROE_YEARLY":6.225720984313,"ROIC_YEARLY":1.672269998236,"TOTAL_ASSETS":2107151000,"TOTAL_LIABILITIES":1526683000,"TAX_EBT":16.228850160053,"OCF_SALES":-26.60761780083,"TOTAL_PARENT_EQUITY":570737000,"DEBT_ASSET_RATIO":72.4524725565,"OPERATE_PROFIT":31789000,"PRETAX_PROFIT":19681000,"NETCASH_OPERATE":-96339000,"NETCASH_INVEST":2674000,"NETCASH_FINANCE":53354000,"END_CASH":103681000,"DIVI_RATIO":0.30540982293,"DIVIDEND_RATE":1.171171171171,"CURRENT_RATIO":1.181269816984,"COMMON_ACS":30000000000,"CURRENTDEBT_DEBT":95.895611597169,"ISSUED_COMMON_SHARES":825000000,"HK_COMMON_SHARES":825000000,"PER_SHARES":2000,"TOTAL_MARKET_CAP":5494500000,"HKSK_MARKET_CAP":5494500000,"PE_TTM":37.506958241361,"PB_TTM":7.545346465827,"REPORT_DATE_SQ":"2020-06-30 00:00:00","REPORT_TYPE_SQ":"2020年中报","OPERATE_INCOME_SQ":357885000,"DPS_HKD":0.078,"OPERATE_INCOME_QOQ_SQ":7.028076203974,"NET_PROFIT_RATIO_SQ":5.9558237981,"HOLDER_PROFIT_SQ":21189000,"HOLDER_PROFIT_QOQ_SQ":-2.763859705835,"ROE_AVG_SQ":5.130110984137,"PE_TTM_SQ":-5008.3239180634,"PB_TTM_SQ":11.18634074462,"ROA_SQ":1.224880526602,"START_DATE":"2021-01-01 00:00:00","FISCAL_YEAR":"12-31","CURRENCY":"HKD","IS_CNY_CODE":0,"DPS_HKD_LY":null,"ORG_TYPE":"一般企业","PREMIUM_INCOME":null,"PREMIUM_INCOME_YOY":null,"NET_INTEREST_INCOME":null,"NET_INTEREST_INCOME_YOY":null,"FEE_COMMISSION_INCOME":null,"FEE_COMMISSION_INCOME_YOY":null,"ACCOUNTS_RECE_TDAYS":0.487761605409,"INVENTORY_TDAYS":8.027666233191,"CURRENT_ASSETS_TDAYS":0.211163884959,"TOTAL_ASSETS_TDAYS":0.173519172279,"PREMIUM_EXPENSE":null,"LOAN_DEPOSIT":null,"LOAN_EQUITY":null,"LOAN_ASSETS":null,"DEPOSIT_EQUITY":null,"DEPOSIT_ASSETS":null,"EQUITY_MULTIPLIER":3.630089858522,"EQUITY_RATIO":2.674932587164},{"SECUCODE":"01855.HK","SECURITY_CODE":"01855","SECURITY_NAME_ABBR":"中庆股份","ORG_CODE":"10000060629","STD_REPORT_DATE":"2020-12-31 00:00:00","REPORT_DATE":"2020-12-31 00:00:00","DATE_TYPE_CODE":"001","REPORT_TYPE":"2020年年报","PER_NETCASH_OPERATE":170.392483569379,"PER_OI":1219.7233224689,"BPS":0.57483030303,"BASIC_EPS":0.31,"DILUTED_EPS":0.31,"OPERATE_INCOME":1001427000,"OPERATE_INCOME_YOY":11.5813505726,"GROSS_PROFIT":238432000,"GROSS_PROFIT_YOY":2.168649917942,"HOLDER_PROFIT":68505000,"HOLDER_PROFIT_YOY":38.4051236464,"GROSS_PROFIT_RATIO":23.809224237014,"EPS_TTM":83.438080065479,"OPERATE_INCOME_QOQ":4.254280306737,"NET_PROFIT_RATIO":6.884276138,"ROE_AVG":15.630936042194,"GROSS_PROFIT_QOQ":-4.078143292205,"ROA":3.6378331461,"HOLDER_PROFIT_QOQ":42.339178856383,"ROE_YEARLY":15.630936042194,"ROIC_YEARLY":3.876983519495,"TOTAL_ASSETS":2080792000,"TOTAL_LIABILITIES":1592694000,"TAX_EBT":30.609348578791,"OCF_SALES":13.969765145138,"TOTAL_PARENT_EQUITY":478523000,"DEBT_ASSET_RATIO":76.5838713737,"OPERATE_PROFIT":127042000,"PRETAX_PROFIT":99352000,"NETCASH_OPERATE":139897000,"NETCASH_INVEST":17267000,"NETCASH_FINANCE":-86771000,"END_CASH":143997000,"DIVI_RATIO":0.000847157077,"DIVIDEND_RATE":1.171171171171,"CURRENT_RATIO":1.11574917315,"COMMON_ACS":30000000000,"CURRENTDEBT_DEBT":96.217101338989,"ISSUED_COMMON_SHARES":825000000,"HK_COMMON_SHARES":825000000,"PER_SHARES":2000,"TOTAL_MARKET_CAP":5494500000,"HKSK_MARKET_CAP":5494500000,"PE_TTM":37.506958241361,"PB_TTM":7.545346465827,"REPORT_DATE_SQ":"2019-12-31 00:00:00","REPORT_TYPE_SQ":"2019年年报","OPERATE_INCOME_SQ":897486000,"DPS_HKD":0.078,"OPERATE_INCOME_QOQ_SQ":11.810346760751,"NET_PROFIT_RATIO_SQ":5.510169518,"HOLDER_PROFIT_SQ":49496000,"HOLDER_PROFIT_QOQ_SQ":-36.433570924035,"ROE_AVG_SQ":13.372996252557,"PE_TTM_SQ":-5008.3239180634,"PB_TTM_SQ":11.18634074462,"ROA_SQ":3.104929049774,"START_DATE":"2020-01-01 00:00:00","FISCAL_YEAR":"12-31","CURRENCY":"HKD","IS_CNY_CODE":0,"DPS_HKD_LY":null,"ORG_TYPE":"一般企业","PREMIUM_INCOME":null,"PREMIUM_INCOME_YOY":null,"NET_INTEREST_INCOME":null,"NET_INTEREST_INCOME_YOY":null,"FEE_COMMISSION_INCOME":null,"FEE_COMMISSION_INCOME_YOY":null,"ACCOUNTS_RECE_TDAYS":1.752537339292,"INVENTORY_TDAYS":26.06168770174,"CURRENT_ASSETS_TDAYS":0.666037936003,"TOTAL_ASSETS_TDAYS":0.531789553171,"PREMIUM_EXPENSE":null,"LOAN_DEPOSIT":null,"LOAN_EQUITY":null,"LOAN_ASSETS":null,"DEPOSIT_EQUITY":null,"DEPOSIT_ASSETS":null,"EQUITY_MULTIPLIER":4.270560757327,"EQUITY_RATIO":3.328354122999},{"SECUCODE":"01855.HK","SECURITY_CODE":"01855","SECURITY_NAME_ABBR":"中庆股份","ORG_CODE":"10000060629","STD_REPORT_DATE":"2020-06-30 00:00:00","REPORT_DATE":"2020-06-30 00:00:00","DATE_TYPE_CODE":"002","REPORT_TYPE":"2020年中报","PER_NETCASH_OPERATE":-20.275353648,"PER_OI":98.07194232,"BPS":0.513658181818,"BASIC_EPS":0.1,"DILUTED_EPS":0.1,"OPERATE_INCOME":357885000,"OPERATE_INCOME_YOY":21.3955476258,"GROSS_PROFIT":87505000,"GROSS_PROFIT_YOY":21.018711881284,"HOLDER_PROFIT":21189000,"HOLDER_PROFIT_YOY":-6.0646362548,"GROSS_PROFIT_RATIO":24.450591670509,"EPS_TTM":13.188612096,"OPERATE_INCOME_QOQ":7.028076203974,"NET_PROFIT_RATIO":5.9558237981,"ROE_AVG":5.130110984137,"GROSS_PROFIT_QOQ":6.512377287666,"ROA":1.224880526602,"HOLDER_PROFIT_QOQ":-2.763859705835,"ROE_YEARLY":10.260221968274,"ROIC_YEARLY":2.541547994523,"TOTAL_ASSETS":1759653000,"TOTAL_LIABILITIES":1326626000,"TAX_EBT":24.618050643655,"OCF_SALES":-20.673959512134,"TOTAL_PARENT_EQUITY":423768000,"DEBT_ASSET_RATIO":75.3913413611,"OPERATE_PROFIT":43084000,"PRETAX_PROFIT":28276000,"NETCASH_OPERATE":-73989000,"NETCASH_INVEST":37145000,"NETCASH_FINANCE":165000,"END_CASH":36941000,"DIVI_RATIO":0.005359560163,"DIVIDEND_RATE":1.171171171171,"CURRENT_RATIO":1.086270011302,"COMMON_ACS":30000000000,"CURRENTDEBT_DEBT":93.836469359111,"ISSUED_COMMON_SHARES":825000000,"HK_COMMON_SHARES":825000000,"PER_SHARES":2000,"TOTAL_MARKET_CAP":5494500000,"HKSK_MARKET_CAP":5494500000,"PE_TTM":37.506958241361,"PB_TTM":7.545346465827,"REPORT_DATE_SQ":"2019-06-30 00:00:00","REPORT_TYPE_SQ":"2019年中报","OPERATE_INCOME_SQ":294809000,"DPS_HKD":0.078,"OPERATE_INCOME_QOQ_SQ":-0.834894075439,"NET_PROFIT_RATIO_SQ":7.6656411439,"HOLDER_PROFIT_SQ":22557000,"HOLDER_PROFIT_QOQ_SQ":10.583272975161,"ROE_AVG_SQ":8.949911917345,"PE_TTM_SQ":-5008.3239180634,"PB_TTM_SQ":11.18634074462,"ROA_SQ":1.526095750212,"START_DATE":"2020-01-01 00:00:00","FISCAL_YEAR":"12-31","CURRENCY":"HKD","IS_CNY_CODE":0,"DPS_HKD_LY":null,"ORG_TYPE":"一般企业","PREMIUM_INCOME":null,"PREMIUM_INCOME_YOY":null,"NET_INTEREST_INCOME":null,"NET_INTEREST_INCOME_YOY":null,"FEE_COMMISSION_INCOME":null,"FEE_COMMISSION_INCOME_YOY":null,"ACCOUNTS_RECE_TDAYS":0.695543592335,"INVENTORY_TDAYS":8.359510264655,"CURRENT_ASSETS_TDAYS":0.269140395425,"TOTAL_ASSETS_TDAYS":0.206883933769,"PREMIUM_EXPENSE":null,"LOAN_DEPOSIT":null,"LOAN_EQUITY":null,"LOAN_ASSETS":null,"DEPOSIT_EQUITY":null,"DEPOSIT_ASSETS":null,"EQUITY_MULTIPLIER":4.063610352249,"EQUITY_RATIO":3.130547846935}],"count":15},"success":true,"message":"ok","code":0}