{"version":"e3bc5ed7f4160f7516ff280ae7052a16","result":{"pages":4,"data":[{"SECUCODE":"01863.HK","SECURITY_CODE":"01863","SECURITY_NAME_ABBR":"中国龙天集团","ORG_CODE":"10143623","STD_REPORT_DATE":"2024-06-30 00:00:00","REPORT_DATE":"2024-06-30 00:00:00","DATE_TYPE_CODE":"002","REPORT_TYPE":"2024年中报","PER_NETCASH_OPERATE":0.048032372785,"PER_OI":0.624144049875,"BPS":0.81699954494,"BASIC_EPS":0.0236,"DILUTED_EPS":0.0236,"OPERATE_INCOME":532153000,"OPERATE_INCOME_YOY":18.8579073622,"GROSS_PROFIT":92735000,"GROSS_PROFIT_YOY":13.073537122164,"HOLDER_PROFIT":20153000,"HOLDER_PROFIT_YOY":3.1107700179,"GROSS_PROFIT_RATIO":17.42637925559,"EPS_TTM":0.074603647305,"OPERATE_INCOME_QOQ":9.040399173386,"NET_PROFIT_RATIO":3.3432114448,"ROE_AVG":2.935598335916,"GROSS_PROFIT_QOQ":5.763338672744,"ROA":1.139485639812,"HOLDER_PROFIT_QOQ":0.965079365079,"ROE_YEARLY":5.871196671833,"ROIC_YEARLY":2.47454985092,"TOTAL_ASSETS":1827261000,"TOTAL_LIABILITIES":1051307000,"TAX_EBT":22.140043763676,"OCF_SALES":7.695719088307,"TOTAL_PARENT_EQUITY":696584000,"DEBT_ASSET_RATIO":57.5345831822,"OPERATE_PROFIT":27217000,"PRETAX_PROFIT":22850000,"NETCASH_OPERATE":40953000,"NETCASH_INVEST":-89977000,"NETCASH_FINANCE":38758000,"END_CASH":54110000,"DIVI_RATIO":null,"DIVIDEND_RATE":null,"CURRENT_RATIO":1.430160075697,"COMMON_ACS":2000000000,"CURRENTDEBT_DEBT":46.342980689751,"ISSUED_COMMON_SHARES":852612470,"HK_COMMON_SHARES":852612470,"PER_SHARES":1000,"TOTAL_MARKET_CAP":1168079083.9,"HKSK_MARKET_CAP":1168079083.9,"PE_TTM":16.59162589255,"PB_TTM":1.5304434473,"REPORT_DATE_SQ":"2023-06-30 00:00:00","REPORT_TYPE_SQ":"2023年中报","OPERATE_INCOME_SQ":447722000,"DPS_HKD":null,"OPERATE_INCOME_QOQ_SQ":-8.950369136896,"NET_PROFIT_RATIO_SQ":3.942848464,"HOLDER_PROFIT_SQ":19545000,"HOLDER_PROFIT_QOQ_SQ":-9.065125140729,"ROE_AVG_SQ":3.208627259131,"PE_TTM_SQ":25.868191939376,"PB_TTM_SQ":1.739995013659,"ROA_SQ":1.391468153747,"START_DATE":"2024-01-01 00:00:00","FISCAL_YEAR":"12-31","CURRENCY":"HKD","IS_CNY_CODE":0,"DPS_HKD_LY":null,"ORG_TYPE":"一般企业","PREMIUM_INCOME":null,"PREMIUM_INCOME_YOY":null,"NET_INTEREST_INCOME":null,"NET_INTEREST_INCOME_YOY":null,"FEE_COMMISSION_INCOME":null,"FEE_COMMISSION_INCOME_YOY":null,"ACCOUNTS_RECE_TDAYS":2.225696898722,"INVENTORY_TDAYS":1.728569798866,"CURRENT_ASSETS_TDAYS":0.797972353409,"TOTAL_ASSETS_TDAYS":0.300888553408,"PREMIUM_EXPENSE":null,"LOAN_DEPOSIT":null,"LOAN_EQUITY":null,"LOAN_ASSETS":null,"DEPOSIT_EQUITY":null,"DEPOSIT_ASSETS":null,"EQUITY_MULTIPLIER":2.354857375569,"EQUITY_RATIO":1.509232195973},{"SECUCODE":"01863.HK","SECURITY_CODE":"01863","SECURITY_NAME_ABBR":"中国龙天集团","ORG_CODE":"10143623","STD_REPORT_DATE":"2023-12-31 00:00:00","REPORT_DATE":"2023-12-31 00:00:00","DATE_TYPE_CODE":"001","REPORT_TYPE":"2023年年报","PER_NETCASH_OPERATE":-0.012452316115,"PER_OI":1.095374549237,"BPS":0.793354570571,"BASIC_EPS":0.0739,"DILUTED_EPS":0.0739,"OPERATE_INCOME":933930000,"OPERATE_INCOME_YOY":0.7887798787,"GROSS_PROFIT":186038000,"GROSS_PROFIT_YOY":27.144614543466,"HOLDER_PROFIT":63000000,"HOLDER_PROFIT_YOY":36.3990646921,"GROSS_PROFIT_RATIO":19.919908344309,"EPS_TTM":0.073890544904,"OPERATE_INCOME_QOQ":10.696527732507,"NET_PROFIT_RATIO":6.2793785401,"ROE_AVG":9.876419343359,"GROSS_PROFIT_QOQ":25.154224437762,"ROA":4.13909324293,"HOLDER_PROFIT_QOQ":49.996428656461,"ROE_YEARLY":9.876419343359,"ROIC_YEARLY":4.563744095656,"TOTAL_ASSETS":1709949000,"TOTAL_LIABILITIES":951793000,"TAX_EBT":9.292685567568,"OCF_SALES":-1.136808968552,"TOTAL_PARENT_EQUITY":676424000,"DEBT_ASSET_RATIO":55.6620694535,"OPERATE_PROFIT":78041000,"PRETAX_PROFIT":64653000,"NETCASH_OPERATE":-10617000,"NETCASH_INVEST":-333157000,"NETCASH_FINANCE":317362000,"END_CASH":64355000,"DIVI_RATIO":null,"DIVIDEND_RATE":null,"CURRENT_RATIO":1.383912625958,"COMMON_ACS":2000000000,"CURRENTDEBT_DEBT":48.358624196648,"ISSUED_COMMON_SHARES":852612470,"HK_COMMON_SHARES":852612470,"PER_SHARES":1000,"TOTAL_MARKET_CAP":1168079083.9,"HKSK_MARKET_CAP":1168079083.9,"PE_TTM":16.59162589255,"PB_TTM":1.5304434473,"REPORT_DATE_SQ":"2022-12-31 00:00:00","REPORT_TYPE_SQ":"2022年年报","OPERATE_INCOME_SQ":926621000,"DPS_HKD":null,"OPERATE_INCOME_QOQ_SQ":-25.870201392322,"NET_PROFIT_RATIO_SQ":4.8044453989,"HOLDER_PROFIT_SQ":46188000,"HOLDER_PROFIT_QOQ_SQ":-42.960172892868,"ROE_AVG_SQ":8.171136012228,"PE_TTM_SQ":25.868191939376,"PB_TTM_SQ":1.739995013659,"ROA_SQ":3.389216117195,"START_DATE":"2023-01-01 00:00:00","FISCAL_YEAR":"12-31","CURRENCY":"HKD","IS_CNY_CODE":0,"DPS_HKD_LY":null,"ORG_TYPE":"一般企业","PREMIUM_INCOME":null,"PREMIUM_INCOME_YOY":null,"NET_INTEREST_INCOME":null,"NET_INTEREST_INCOME_YOY":null,"FEE_COMMISSION_INCOME":null,"FEE_COMMISSION_INCOME_YOY":null,"ACCOUNTS_RECE_TDAYS":4.579524949004,"INVENTORY_TDAYS":3.612271906183,"CURRENT_ASSETS_TDAYS":1.551001292875,"TOTAL_ASSETS_TDAYS":0.613591008313,"PREMIUM_EXPENSE":null,"LOAN_DEPOSIT":null,"LOAN_EQUITY":null,"LOAN_ASSETS":null,"DEPOSIT_EQUITY":null,"DEPOSIT_ASSETS":null,"EQUITY_MULTIPLIER":2.255405220032,"EQUITY_RATIO":1.407095253864},{"SECUCODE":"01863.HK","SECURITY_CODE":"01863","SECURITY_NAME_ABBR":"中国龙天集团","ORG_CODE":"10143623","STD_REPORT_DATE":"2023-06-30 00:00:00","REPORT_DATE":"2023-06-30 00:00:00","DATE_TYPE_CODE":"002","REPORT_TYPE":"2023年中报","PER_NETCASH_OPERATE":0.003245319647,"PER_OI":0.525117818181,"BPS":0.725928861913,"BASIC_EPS":0.0229,"DILUTED_EPS":0.0229,"OPERATE_INCOME":447722000,"OPERATE_INCOME_YOY":-15.6288984619,"GROSS_PROFIT":82013000,"GROSS_PROFIT_YOY":2.920211831438,"HOLDER_PROFIT":19545000,"HOLDER_PROFIT_YOY":-17.6428451037,"GROSS_PROFIT_RATIO":18.317840088269,"EPS_TTM":0.049261536135,"OPERATE_INCOME_QOQ":-8.950369136896,"NET_PROFIT_RATIO":3.942848464,"ROE_AVG":3.208627259131,"GROSS_PROFIT_QOQ":1.590349917988,"ROA":1.391468153747,"HOLDER_PROFIT_QOQ":-9.065125140729,"ROE_YEARLY":6.417254518263,"ROIC_YEARLY":3.088564528599,"TOTAL_ASSETS":1475067000,"TOTAL_LIABILITIES":798086000,"TAX_EBT":11.117264991692,"OCF_SALES":0.618017430459,"TOTAL_PARENT_EQUITY":618936000,"DEBT_ASSET_RATIO":54.1050677698,"OPERATE_PROFIT":24098000,"PRETAX_PROFIT":19861000,"NETCASH_OPERATE":2767000,"NETCASH_INVEST":-180836000,"NETCASH_FINANCE":170185000,"END_CASH":82778000,"DIVI_RATIO":null,"DIVIDEND_RATE":null,"CURRENT_RATIO":1.299082024071,"COMMON_ACS":2000000000,"CURRENTDEBT_DEBT":53.178730111793,"ISSUED_COMMON_SHARES":852612470,"HK_COMMON_SHARES":852612470,"PER_SHARES":1000,"TOTAL_MARKET_CAP":1168079083.9,"HKSK_MARKET_CAP":1168079083.9,"PE_TTM":16.59162589255,"PB_TTM":1.5304434473,"REPORT_DATE_SQ":"2022-06-30 00:00:00","REPORT_TYPE_SQ":"2022年中报","OPERATE_INCOME_SQ":530658000,"DPS_HKD":null,"OPERATE_INCOME_QOQ_SQ":-13.255725998688,"NET_PROFIT_RATIO_SQ":4.3549706214,"HOLDER_PROFIT_SQ":23732000,"HOLDER_PROFIT_QOQ_SQ":-24.2743051659,"ROE_AVG_SQ":4.372772800808,"PE_TTM_SQ":25.868191939376,"PB_TTM_SQ":1.739995013659,"ROA_SQ":1.75064776992,"START_DATE":"2023-01-01 00:00:00","FISCAL_YEAR":"12-31","CURRENCY":"HKD","IS_CNY_CODE":0,"DPS_HKD_LY":null,"ORG_TYPE":"一般企业","PREMIUM_INCOME":null,"PREMIUM_INCOME_YOY":null,"NET_INTEREST_INCOME":null,"NET_INTEREST_INCOME_YOY":null,"FEE_COMMISSION_INCOME":null,"FEE_COMMISSION_INCOME_YOY":null,"ACCOUNTS_RECE_TDAYS":2.438081650212,"INVENTORY_TDAYS":2.070756172621,"CURRENT_ASSETS_TDAYS":0.800461266158,"TOTAL_ASSETS_TDAYS":0.318746945373,"PREMIUM_EXPENSE":null,"LOAN_DEPOSIT":null,"LOAN_EQUITY":null,"LOAN_ASSETS":null,"DEPOSIT_EQUITY":null,"DEPOSIT_ASSETS":null,"EQUITY_MULTIPLIER":2.178889806361,"EQUITY_RATIO":1.289448343609},{"SECUCODE":"01863.HK","SECURITY_CODE":"01863","SECURITY_NAME_ABBR":"中国龙天集团","ORG_CODE":"10143623","STD_REPORT_DATE":"2022-12-31 00:00:00","REPORT_DATE":"2022-12-31 00:00:00","DATE_TYPE_CODE":"001","REPORT_TYPE":"2022年年报","PER_NETCASH_OPERATE":0.041219195398,"PER_OI":1.086802073162,"BPS":0.702947729582,"BASIC_EPS":0.0542,"DILUTED_EPS":0.0542,"OPERATE_INCOME":926621000,"OPERATE_INCOME_YOY":-35.6966443791,"GROSS_PROFIT":146320000,"GROSS_PROFIT_YOY":-43.824193375002,"HOLDER_PROFIT":46188000,"HOLDER_PROFIT_YOY":-56.806194591,"GROSS_PROFIT_RATIO":15.790706232645,"EPS_TTM":0.054172325207,"OPERATE_INCOME_QOQ":-25.870201392322,"NET_PROFIT_RATIO":4.8044453989,"ROE_AVG":8.171136012228,"GROSS_PROFIT_QOQ":-29.332444676268,"ROA":3.389216117195,"HOLDER_PROFIT_QOQ":-42.960172892868,"ROE_YEARLY":8.171136012228,"ROIC_YEARLY":3.72203517673,"TOTAL_ASSETS":1334196000,"TOTAL_LIABILITIES":688270000,"TAX_EBT":8.880838347865,"OCF_SALES":3.792704892291,"TOTAL_PARENT_EQUITY":599342000,"DEBT_ASSET_RATIO":51.586873293,"OPERATE_PROFIT":59386000,"PRETAX_PROFIT":48858000,"NETCASH_OPERATE":35144000,"NETCASH_INVEST":-95099000,"NETCASH_FINANCE":73066000,"END_CASH":90583000,"DIVI_RATIO":null,"DIVIDEND_RATE":null,"CURRENT_RATIO":1.184141701089,"COMMON_ACS":2000000000,"CURRENTDEBT_DEBT":69.608293257007,"ISSUED_COMMON_SHARES":852612470,"HK_COMMON_SHARES":852612470,"PER_SHARES":1000,"TOTAL_MARKET_CAP":1168079083.9,"HKSK_MARKET_CAP":1168079083.9,"PE_TTM":16.59162589255,"PB_TTM":1.5304434473,"REPORT_DATE_SQ":"2021-12-31 00:00:00","REPORT_TYPE_SQ":"2021年年报","OPERATE_INCOME_SQ":1441015000,"DPS_HKD":null,"OPERATE_INCOME_QOQ_SQ":18.727625513403,"NET_PROFIT_RATIO_SQ":7.3687643779,"HOLDER_PROFIT_SQ":106932000,"HOLDER_PROFIT_QOQ_SQ":113.062883557823,"ROE_AVG_SQ":22.955648104418,"PE_TTM_SQ":25.868191939376,"PB_TTM_SQ":1.739995013659,"ROA_SQ":9.055840624251,"START_DATE":"2022-01-01 00:00:00","FISCAL_YEAR":"12-31","CURRENCY":"HKD","IS_CNY_CODE":0,"DPS_HKD_LY":null,"ORG_TYPE":"一般企业","PREMIUM_INCOME":null,"PREMIUM_INCOME_YOY":null,"NET_INTEREST_INCOME":null,"NET_INTEREST_INCOME_YOY":null,"FEE_COMMISSION_INCOME":null,"FEE_COMMISSION_INCOME_YOY":null,"ACCOUNTS_RECE_TDAYS":3.640660851799,"INVENTORY_TDAYS":4.04799169963,"CURRENT_ASSETS_TDAYS":1.37166131421,"TOTAL_ASSETS_TDAYS":0.679942588493,"PREMIUM_EXPENSE":null,"LOAN_DEPOSIT":null,"LOAN_EQUITY":null,"LOAN_ASSETS":null,"DEPOSIT_EQUITY":null,"DEPOSIT_ASSETS":null,"EQUITY_MULTIPLIER":2.06555549707,"EQUITY_RATIO":1.148376052404},{"SECUCODE":"01863.HK","SECURITY_CODE":"01863","SECURITY_NAME_ABBR":"中国龙天集团","ORG_CODE":"10143623","STD_REPORT_DATE":"2022-06-30 00:00:00","REPORT_DATE":"2022-06-30 00:00:00","DATE_TYPE_CODE":"002","REPORT_TYPE":"2022年中报","PER_NETCASH_OPERATE":0.01018751227,"PER_OI":0.622390615516,"BPS":0.6500843226,"BASIC_EPS":0.0278,"DILUTED_EPS":0.0278,"OPERATE_INCOME":530658000,"OPERATE_INCOME_YOY":-26.4685627187,"GROSS_PROFIT":79686000,"GROSS_PROFIT_YOY":-40.130728775357,"HOLDER_PROFIT":23732000,"HOLDER_PROFIT_YOY":-52.2389261205,"GROSS_PROFIT_RATIO":15.016451273702,"EPS_TTM":0.094972807517,"OPERATE_INCOME_QOQ":-13.255725998688,"NET_PROFIT_RATIO":4.3549706214,"ROE_AVG":4.372772800808,"GROSS_PROFIT_QOQ":-20.506933673234,"ROA":1.75064776992,"HOLDER_PROFIT_QOQ":-24.2743051659,"ROE_YEARLY":8.745545601616,"ROIC_YEARLY":3.836927353911,"TOTAL_ASSETS":1319835000,"TOTAL_LIABILITIES":730280000,"TAX_EBT":4.932329589864,"OCF_SALES":1.636835777469,"TOTAL_PARENT_EQUITY":554270000,"DEBT_ASSET_RATIO":55.3311588191,"OPERATE_PROFIT":32221000,"PRETAX_PROFIT":24309000,"NETCASH_OPERATE":8686000,"NETCASH_INVEST":-5853000,"NETCASH_FINANCE":14970000,"END_CASH":95326000,"DIVI_RATIO":null,"DIVIDEND_RATE":null,"CURRENT_RATIO":1.090593606721,"COMMON_ACS":2000000000,"CURRENTDEBT_DEBT":85.506518047872,"ISSUED_COMMON_SHARES":852612470,"HK_COMMON_SHARES":852612470,"PER_SHARES":1000,"TOTAL_MARKET_CAP":1168079083.9,"HKSK_MARKET_CAP":1168079083.9,"PE_TTM":16.59162589255,"PB_TTM":1.5304434473,"REPORT_DATE_SQ":"2021-06-30 00:00:00","REPORT_TYPE_SQ":"2021年中报","OPERATE_INCOME_SQ":721675000,"DPS_HKD":null,"OPERATE_INCOME_QOQ_SQ":49.446339982835,"NET_PROFIT_RATIO_SQ":6.8505906398,"HOLDER_PROFIT_SQ":49689000,"HOLDER_PROFIT_QOQ_SQ":11.452110768138,"ROE_AVG_SQ":11.682540727487,"PE_TTM_SQ":25.868191939376,"PB_TTM_SQ":1.739995013659,"ROA_SQ":4.500309747818,"START_DATE":"2022-01-01 00:00:00","FISCAL_YEAR":"12-31","CURRENCY":"HKD","IS_CNY_CODE":0,"DPS_HKD_LY":null,"ORG_TYPE":"一般企业","PREMIUM_INCOME":null,"PREMIUM_INCOME_YOY":null,"NET_INTEREST_INCOME":null,"NET_INTEREST_INCOME_YOY":null,"FEE_COMMISSION_INCOME":null,"FEE_COMMISSION_INCOME_YOY":null,"ACCOUNTS_RECE_TDAYS":1.862284611335,"INVENTORY_TDAYS":2.162421871067,"CURRENT_ASSETS_TDAYS":0.724553620802,"TOTAL_ASSETS_TDAYS":0.391452572177,"PREMIUM_EXPENSE":null,"LOAN_DEPOSIT":null,"LOAN_EQUITY":null,"LOAN_ASSETS":null,"DEPOSIT_EQUITY":null,"DEPOSIT_ASSETS":null,"EQUITY_MULTIPLIER":2.238696983318,"EQUITY_RATIO":1.317552817219},{"SECUCODE":"01863.HK","SECURITY_CODE":"01863","SECURITY_NAME_ABBR":"中国龙天集团","ORG_CODE":"10143623","STD_REPORT_DATE":"2021-12-31 00:00:00","REPORT_DATE":"2021-12-31 00:00:00","DATE_TYPE_CODE":"001","REPORT_TYPE":"2021年年报","PER_NETCASH_OPERATE":0.208196579625,"PER_OI":1.690117199435,"BPS":0.622995814265,"BASIC_EPS":0.1254,"DILUTED_EPS":0.1254,"OPERATE_INCOME":1441015000,"OPERATE_INCOME_YOY":77.4340908783,"GROSS_PROFIT":260468000,"GROSS_PROFIT_YOY":38.025541836681,"HOLDER_PROFIT":106932000,"HOLDER_PROFIT_YOY":137.4630809887,"GROSS_PROFIT_RATIO":18.075314968963,"EPS_TTM":0.125416884883,"OPERATE_INCOME_QOQ":18.727625513403,"NET_PROFIT_RATIO":7.3687643779,"ROE_AVG":22.955648104418,"GROSS_PROFIT_QOQ":3.890074387252,"ROA":9.055840624251,"HOLDER_PROFIT_QOQ":113.062883557823,"ROE_YEARLY":22.955648104418,"ROIC_YEARLY":9.632801901121,"TOTAL_ASSETS":1391390000,"TOTAL_LIABILITIES":831659000,"TAX_EBT":9.87217355877,"OCF_SALES":12.318469967349,"TOTAL_PARENT_EQUITY":531174000,"DEBT_ASSET_RATIO":59.7718109229,"OPERATE_PROFIT":129684000,"PRETAX_PROFIT":117816000,"NETCASH_OPERATE":177511000,"NETCASH_INVEST":-201752000,"NETCASH_FINANCE":67210000,"END_CASH":77994000,"DIVI_RATIO":null,"DIVIDEND_RATE":null,"CURRENT_RATIO":0.998785572654,"COMMON_ACS":2000000000,"CURRENTDEBT_DEBT":94.357422934159,"ISSUED_COMMON_SHARES":852612470,"HK_COMMON_SHARES":852612470,"PER_SHARES":1000,"TOTAL_MARKET_CAP":1168079083.9,"HKSK_MARKET_CAP":1168079083.9,"PE_TTM":16.59162589255,"PB_TTM":1.5304434473,"REPORT_DATE_SQ":"2020-12-31 00:00:00","REPORT_TYPE_SQ":"2020年年报","OPERATE_INCOME_SQ":812141000,"DPS_HKD":null,"OPERATE_INCOME_QOQ_SQ":22.596573326289,"NET_PROFIT_RATIO_SQ":5.5447268393,"HOLDER_PROFIT_SQ":45031000,"HOLDER_PROFIT_QOQ_SQ":-34.208488567463,"ROE_AVG_SQ":12.531707744691,"PE_TTM_SQ":25.868191939376,"PB_TTM_SQ":1.739995013659,"ROA_SQ":5.13228182588,"START_DATE":"2021-01-01 00:00:00","FISCAL_YEAR":"12-31","CURRENCY":"HKD","IS_CNY_CODE":0,"DPS_HKD_LY":null,"ORG_TYPE":"一般企业","PREMIUM_INCOME":null,"PREMIUM_INCOME_YOY":null,"NET_INTEREST_INCOME":null,"NET_INTEREST_INCOME_YOY":null,"FEE_COMMISSION_INCOME":null,"FEE_COMMISSION_INCOME_YOY":null,"ACCOUNTS_RECE_TDAYS":5.562196755355,"INVENTORY_TDAYS":6.749048853622,"CURRENT_ASSETS_TDAYS":2.322917657376,"TOTAL_ASSETS_TDAYS":1.220364547297,"PREMIUM_EXPENSE":null,"LOAN_DEPOSIT":null,"LOAN_EQUITY":null,"LOAN_ASSETS":null,"DEPOSIT_EQUITY":null,"DEPOSIT_ASSETS":null,"EQUITY_MULTIPLIER":2.485819080952,"EQUITY_RATIO":1.56569975187},{"SECUCODE":"01863.HK","SECURITY_CODE":"01863","SECURITY_NAME_ABBR":"中国龙天集团","ORG_CODE":"10143623","STD_REPORT_DATE":"2021-06-30 00:00:00","REPORT_DATE":"2021-06-30 00:00:00","DATE_TYPE_CODE":"002","REPORT_TYPE":"2021年中报","PER_NETCASH_OPERATE":0.081895353935,"PER_OI":0.84642792053,"BPS":0.528010105224,"BASIC_EPS":0.0583,"DILUTED_EPS":0.0583,"OPERATE_INCOME":721675000,"OPERATE_INCOME_YOY":125.4522791244,"GROSS_PROFIT":133100000,"GROSS_PROFIT_YOY":87.214290737745,"HOLDER_PROFIT":49689000,"HOLDER_PROFIT_YOY":11.58043654,"GROSS_PROFIT_RATIO":18.443205043822,"EPS_TTM":0.058863788375,"OPERATE_INCOME_QOQ":49.446339982835,"NET_PROFIT_RATIO":6.8505906398,"ROE_AVG":11.682540727487,"GROSS_PROFIT_QOQ":32.857294261035,"ROA":4.500309747818,"HOLDER_PROFIT_QOQ":11.452110768138,"ROE_YEARLY":23.365081454975,"ROIC_YEARLY":9.52930261994,"TOTAL_ASSETS":1238024000,"TOTAL_LIABILITIES":758782000,"TAX_EBT":11.464694400172,"OCF_SALES":9.67540790522,"TOTAL_PARENT_EQUITY":450188000,"DEBT_ASSET_RATIO":61.2897649803,"OPERATE_PROFIT":63298000,"PRETAX_PROFIT":55841000,"NETCASH_OPERATE":69825000,"NETCASH_INVEST":-108642000,"NETCASH_FINANCE":62484000,"END_CASH":58560000,"DIVI_RATIO":null,"DIVIDEND_RATE":null,"CURRENT_RATIO":0.969235083902,"COMMON_ACS":2000000000,"CURRENTDEBT_DEBT":93.04372006716,"ISSUED_COMMON_SHARES":852612470,"HK_COMMON_SHARES":852612470,"PER_SHARES":1000,"TOTAL_MARKET_CAP":1168079083.9,"HKSK_MARKET_CAP":1168079083.9,"PE_TTM":16.59162589255,"PB_TTM":1.5304434473,"REPORT_DATE_SQ":"2020-06-30 00:00:00","REPORT_TYPE_SQ":"2020年中报","OPERATE_INCOME_SQ":320101000,"DPS_HKD":null,"OPERATE_INCOME_QOQ_SQ":0.297964214013,"NET_PROFIT_RATIO_SQ":13.9118590695,"HOLDER_PROFIT_SQ":44532000,"HOLDER_PROFIT_QOQ_SQ":69.217266613924,"ROE_AVG_SQ":13.080680646573,"PE_TTM_SQ":25.868191939376,"PB_TTM_SQ":1.739995013659,"ROA_SQ":5.484125014701,"START_DATE":"2021-01-01 00:00:00","FISCAL_YEAR":"12-31","CURRENCY":"HKD","IS_CNY_CODE":0,"DPS_HKD_LY":null,"ORG_TYPE":"一般企业","PREMIUM_INCOME":null,"PREMIUM_INCOME_YOY":null,"NET_INTEREST_INCOME":null,"NET_INTEREST_INCOME_YOY":null,"FEE_COMMISSION_INCOME":null,"FEE_COMMISSION_INCOME_YOY":null,"ACCOUNTS_RECE_TDAYS":2.836789525095,"INVENTORY_TDAYS":3.715716075921,"CURRENT_ASSETS_TDAYS":1.264771809175,"TOTAL_ASSETS_TDAYS":0.653617709605,"PREMIUM_EXPENSE":null,"LOAN_DEPOSIT":null,"LOAN_EQUITY":null,"LOAN_ASSETS":null,"DEPOSIT_EQUITY":null,"DEPOSIT_ASSETS":null,"EQUITY_MULTIPLIER":2.583296121791,"EQUITY_RATIO":1.685478066941},{"SECUCODE":"01863.HK","SECURITY_CODE":"01863","SECURITY_NAME_ABBR":"中国龙天集团","ORG_CODE":"10143623","STD_REPORT_DATE":"2020-12-31 00:00:00","REPORT_DATE":"2020-12-31 00:00:00","DATE_TYPE_CODE":"001","REPORT_TYPE":"2020年年报","PER_NETCASH_OPERATE":0.033289449778,"PER_OI":0.95253239728,"BPS":0.469692872308,"BASIC_EPS":0.0528,"DILUTED_EPS":0.0528,"OPERATE_INCOME":812141000,"OPERATE_INCOME_YOY":22.9618672424,"GROSS_PROFIT":188710000,"GROSS_PROFIT_YOY":30.156496789367,"HOLDER_PROFIT":45031000,"HOLDER_PROFIT_YOY":11.3305973101,"GROSS_PROFIT_RATIO":23.23611294098,"EPS_TTM":0.052815319485,"OPERATE_INCOME_QOQ":22.596573326289,"NET_PROFIT_RATIO":5.5447268393,"ROE_AVG":12.531707744691,"GROSS_PROFIT_QOQ":31.744846026571,"ROA":5.13228182588,"HOLDER_PROFIT_QOQ":-34.208488567463,"ROE_YEARLY":12.531707744691,"ROIC_YEARLY":5.318095472043,"TOTAL_ASSETS":970224000,"TOTAL_LIABILITIES":569758000,"TAX_EBT":-1.696025293586,"OCF_SALES":3.494836487753,"TOTAL_PARENT_EQUITY":400466000,"DEBT_ASSET_RATIO":58.7243770511,"OPERATE_PROFIT":100188000,"PRETAX_PROFIT":44280000,"NETCASH_OPERATE":28383000,"NETCASH_INVEST":-115489000,"NETCASH_FINANCE":95765000,"END_CASH":34899000,"DIVI_RATIO":null,"DIVIDEND_RATE":null,"CURRENT_RATIO":0.86383960222,"COMMON_ACS":2000000000,"CURRENTDEBT_DEBT":92.835028204957,"ISSUED_COMMON_SHARES":852612470,"HK_COMMON_SHARES":852612470,"PER_SHARES":1000,"TOTAL_MARKET_CAP":1168079083.9,"HKSK_MARKET_CAP":1168079083.9,"PE_TTM":16.59162589255,"PB_TTM":1.5304434473,"REPORT_DATE_SQ":"2019-12-31 00:00:00","REPORT_TYPE_SQ":"2019年年报","OPERATE_INCOME_SQ":660482000,"DPS_HKD":null,"OPERATE_INCOME_QOQ_SQ":11.227271885257,"NET_PROFIT_RATIO_SQ":6.1240124636,"HOLDER_PROFIT_SQ":40448000,"HOLDER_PROFIT_QOQ_SQ":12.677939660696,"ROE_AVG_SQ":13.660872751713,"PE_TTM_SQ":25.868191939376,"PB_TTM_SQ":1.739995013659,"ROA_SQ":5.267609760862,"START_DATE":"2020-01-01 00:00:00","FISCAL_YEAR":"12-31","CURRENCY":"HKD","IS_CNY_CODE":0,"DPS_HKD_LY":null,"ORG_TYPE":"一般企业","PREMIUM_INCOME":null,"PREMIUM_INCOME_YOY":null,"NET_INTEREST_INCOME":null,"NET_INTEREST_INCOME_YOY":null,"FEE_COMMISSION_INCOME":null,"FEE_COMMISSION_INCOME_YOY":null,"ACCOUNTS_RECE_TDAYS":5.278715908795,"INVENTORY_TDAYS":4.773115999173,"CURRENT_ASSETS_TDAYS":2.047301598105,"TOTAL_ASSETS_TDAYS":0.925614908475,"PREMIUM_EXPENSE":null,"LOAN_DEPOSIT":null,"LOAN_EQUITY":null,"LOAN_ASSETS":null,"DEPOSIT_EQUITY":null,"DEPOSIT_ASSETS":null,"EQUITY_MULTIPLIER":2.422737510802,"EQUITY_RATIO":1.4227375108},{"SECUCODE":"01863.HK","SECURITY_CODE":"01863","SECURITY_NAME_ABBR":"中国龙天集团","ORG_CODE":"10143623","STD_REPORT_DATE":"2020-06-30 00:00:00","REPORT_DATE":"2020-06-30 00:00:00","DATE_TYPE_CODE":"002","REPORT_TYPE":"2020年中报","PER_NETCASH_OPERATE":-0.008056415126,"PER_OI":0.375435512924,"BPS":0.425369101158,"BASIC_EPS":0.0522,"DILUTED_EPS":0.0522,"OPERATE_INCOME":320101000,"OPERATE_INCOME_YOY":0.618609198,"GROSS_PROFIT":71095000,"GROSS_PROFIT_YOY":-2.399681506802,"HOLDER_PROFIT":44532000,"HOLDER_PROFIT_YOY":169.3196250378,"GROSS_PROFIT_RATIO":22.210177412754,"EPS_TTM":0.080276799142,"OPERATE_INCOME_QOQ":0.297964214013,"NET_PROFIT_RATIO":13.9118590695,"ROE_AVG":13.080680646573,"GROSS_PROFIT_QOQ":-1.205625331926,"ROA":5.484125014701,"HOLDER_PROFIT_QOQ":69.217266613924,"ROE_YEARLY":26.161361293146,"ROIC_YEARLY":11.47303937513,"TOTAL_ASSETS":839443000,"TOTAL_LIABILITIES":476768000,"TAX_EBT":3.874630345155,"OCF_SALES":-2.145885204982,"TOTAL_PARENT_EQUITY":362675000,"DEBT_ASSET_RATIO":56.7957562336,"OPERATE_PROFIT":49772000,"PRETAX_PROFIT":46327000,"NETCASH_OPERATE":-6869000,"NETCASH_INVEST":-44165000,"NETCASH_FINANCE":69623000,"END_CASH":45040000,"DIVI_RATIO":null,"DIVIDEND_RATE":null,"CURRENT_RATIO":0.818451571425,"COMMON_ACS":2000000000,"CURRENTDEBT_DEBT":93.305549030136,"ISSUED_COMMON_SHARES":852612470,"HK_COMMON_SHARES":852612470,"PER_SHARES":1000,"TOTAL_MARKET_CAP":1168079083.9,"HKSK_MARKET_CAP":1168079083.9,"PE_TTM":16.59162589255,"PB_TTM":1.5304434473,"REPORT_DATE_SQ":"2019-06-30 00:00:00","REPORT_TYPE_SQ":"2019年中报","OPERATE_INCOME_SQ":318133000,"DPS_HKD":null,"OPERATE_INCOME_QOQ_SQ":10.658213741966,"NET_PROFIT_RATIO_SQ":5.1975117325,"HOLDER_PROFIT_SQ":16535000,"HOLDER_PROFIT_QOQ_SQ":15.331726907631,"ROE_AVG_SQ":5.859246961856,"PE_TTM_SQ":25.868191939376,"PB_TTM_SQ":1.739995013659,"ROA_SQ":2.203406318253,"START_DATE":"2020-01-01 00:00:00","FISCAL_YEAR":"12-31","CURRENCY":"HKD","IS_CNY_CODE":0,"DPS_HKD_LY":null,"ORG_TYPE":"一般企业","PREMIUM_INCOME":null,"PREMIUM_INCOME_YOY":null,"NET_INTEREST_INCOME":null,"NET_INTEREST_INCOME_YOY":null,"FEE_COMMISSION_INCOME":null,"FEE_COMMISSION_INCOME_YOY":null,"ACCOUNTS_RECE_TDAYS":2.560592910196,"INVENTORY_TDAYS":2.14981891018,"CURRENT_ASSETS_TDAYS":0.913854951317,"TOTAL_ASSETS_TDAYS":0.394205043863,"PREMIUM_EXPENSE":null,"LOAN_DEPOSIT":null,"LOAN_EQUITY":null,"LOAN_ASSETS":null,"DEPOSIT_EQUITY":null,"DEPOSIT_ASSETS":null,"EQUITY_MULTIPLIER":2.314587440546,"EQUITY_RATIO":1.314587440546}],"count":34},"success":true,"message":"ok","code":0}