{"version":"31597a85f7097a43e199636ec32a7157","result":{"pages":5,"data":[{"SECUCODE":"01868.HK","SECURITY_CODE":"01868","SECURITY_NAME_ABBR":"同方友友","ORG_CODE":"10077699","STD_REPORT_DATE":"2024-06-30 00:00:00","REPORT_DATE":"2024-06-30 00:00:00","DATE_TYPE_CODE":"002","REPORT_TYPE":"2024年中报","PER_NETCASH_OPERATE":0.003289144783,"PER_OI":0.140556152234,"BPS":0.749471434218,"BASIC_EPS":0.0055,"DILUTED_EPS":0.0055,"OPERATE_INCOME":294390000,"OPERATE_INCOME_YOY":-9.865528517,"GROSS_PROFIT":132782000,"GROSS_PROFIT_YOY":-4.883272802814,"HOLDER_PROFIT":11610000,"HOLDER_PROFIT_YOY":-23.5228245834,"GROSS_PROFIT_RATIO":45.104113590815,"EPS_TTM":0.0111006846,"OPERATE_INCOME_QOQ":-4.0989174543,"NET_PROFIT_RATIO":3.9957199633,"ROE_AVG":0.743583708408,"GROSS_PROFIT_QOQ":-1.970971752393,"ROA":0.640359527954,"HOLDER_PROFIT_QOQ":-13.314194101637,"ROE_YEARLY":1.487167416815,"ROIC_YEARLY":1.790399158004,"TOTAL_ASSETS":1809207000,"TOTAL_LIABILITIES":229579000,"TAX_EBT":20.488035690145,"OCF_SALES":2.340093073814,"TOTAL_PARENT_EQUITY":1569742000,"DEBT_ASSET_RATIO":12.6894821875,"OPERATE_PROFIT":15484000,"PRETAX_PROFIT":14794000,"NETCASH_OPERATE":6889000,"NETCASH_INVEST":-33656000,"NETCASH_FINANCE":-5222000,"END_CASH":206572000,"DIVI_RATIO":null,"DIVIDEND_RATE":null,"CURRENT_RATIO":7.348592924199,"COMMON_ACS":5000000000,"CURRENTDEBT_DEBT":79.201930490158,"ISSUED_COMMON_SHARES":2094465417,"HK_COMMON_SHARES":2094465417,"PER_SHARES":2000,"TOTAL_MARKET_CAP":795896858.46,"HKSK_MARKET_CAP":795896858.46,"PE_TTM":30.787028848927,"PB_TTM":0.462750658885,"REPORT_DATE_SQ":"2023-06-30 00:00:00","REPORT_TYPE_SQ":"2023年中报","OPERATE_INCOME_SQ":326612000,"DPS_HKD":null,"OPERATE_INCOME_QOQ_SQ":-1.832333160109,"NET_PROFIT_RATIO_SQ":4.7766156785,"HOLDER_PROFIT_SQ":15181000,"HOLDER_PROFIT_QOQ_SQ":-5.476615201657,"ROE_AVG_SQ":1.00825211284,"PE_TTM_SQ":17.318588142674,"PB_TTM_SQ":0.521082519703,"ROA_SQ":0.868807542905,"START_DATE":"2024-01-01 00:00:00","FISCAL_YEAR":"12-31","CURRENCY":"HKD","IS_CNY_CODE":0,"DPS_HKD_LY":null,"ORG_TYPE":"一般企业","PREMIUM_INCOME":null,"PREMIUM_INCOME_YOY":null,"NET_INTEREST_INCOME":null,"NET_INTEREST_INCOME_YOY":null,"FEE_COMMISSION_INCOME":null,"FEE_COMMISSION_INCOME_YOY":null,"ACCOUNTS_RECE_TDAYS":2.889632697933,"INVENTORY_TDAYS":1.090700483907,"CURRENT_ASSETS_TDAYS":0.220592946106,"TOTAL_ASSETS_TDAYS":0.162373334569,"PREMIUM_EXPENSE":null,"LOAN_DEPOSIT":null,"LOAN_EQUITY":null,"LOAN_ASSETS":null,"DEPOSIT_EQUITY":null,"DEPOSIT_ASSETS":null,"EQUITY_MULTIPLIER":1.145337383232,"EQUITY_RATIO":0.146252696303},{"SECUCODE":"01868.HK","SECURITY_CODE":"01868","SECURITY_NAME_ABBR":"同方友友","ORG_CODE":"10077699","STD_REPORT_DATE":"2023-12-31 00:00:00","REPORT_DATE":"2023-12-31 00:00:00","DATE_TYPE_CODE":"001","REPORT_TYPE":"2023年年报","PER_NETCASH_OPERATE":0.051327178347,"PER_OI":0.375327276172,"BPS":0.741465095291,"BASIC_EPS":0.0128,"DILUTED_EPS":0.0128,"OPERATE_INCOME":786110000,"OPERATE_INCOME_YOY":-15.2447531337,"GROSS_PROFIT":345870000,"GROSS_PROFIT_YOY":-0.51143685567,"HOLDER_PROFIT":26821000,"HOLDER_PROFIT_YOY":-45.0062537163,"GROSS_PROFIT_RATIO":43.997659360649,"EPS_TTM":0.012805654265,"OPERATE_INCOME_QOQ":-13.662767391058,"NET_PROFIT_RATIO":3.5204996756,"ROE_AVG":1.772472454016,"GROSS_PROFIT_QOQ":-6.822810590631,"ROA":1.512863656131,"HOLDER_PROFIT_QOQ":-41.819956616052,"ROE_YEARLY":1.772472454016,"ROIC_YEARLY":2.388359275273,"TOTAL_ASSETS":1816881000,"TOTAL_LIABILITIES":254231000,"TAX_EBT":33.119864668922,"OCF_SALES":13.675312615283,"TOTAL_PARENT_EQUITY":1552973000,"DEBT_ASSET_RATIO":13.9927160887,"OPERATE_PROFIT":42912000,"PRETAX_PROFIT":41380000,"NETCASH_OPERATE":107503000,"NETCASH_INVEST":-569157000,"NETCASH_FINANCE":-10826000,"END_CASH":236838000,"DIVI_RATIO":null,"DIVIDEND_RATE":null,"CURRENT_RATIO":6.763504153368,"COMMON_ACS":5000000000,"CURRENTDEBT_DEBT":77.515723888904,"ISSUED_COMMON_SHARES":2094465417,"HK_COMMON_SHARES":2094465417,"PER_SHARES":2000,"TOTAL_MARKET_CAP":816841512.63,"HKSK_MARKET_CAP":816841512.63,"PE_TTM":31.597213818635,"PB_TTM":0.474928307803,"REPORT_DATE_SQ":"2022-12-31 00:00:00","REPORT_TYPE_SQ":"2022年年报","OPERATE_INCOME_SQ":927506000,"DPS_HKD":null,"OPERATE_INCOME_QOQ_SQ":6.046012810047,"NET_PROFIT_RATIO_SQ":5.3780784167,"HOLDER_PROFIT_SQ":48771000,"HOLDER_PROFIT_QOQ_SQ":157.672796074026,"ROE_AVG_SQ":3.430085743352,"PE_TTM_SQ":17.52724583114,"PB_TTM_SQ":0.52736062235,"ROA_SQ":2.884056732615,"START_DATE":"2023-01-01 00:00:00","FISCAL_YEAR":"12-31","CURRENCY":"HKD","IS_CNY_CODE":0,"DPS_HKD_LY":null,"ORG_TYPE":"一般企业","PREMIUM_INCOME":null,"PREMIUM_INCOME_YOY":null,"NET_INTEREST_INCOME":null,"NET_INTEREST_INCOME_YOY":null,"FEE_COMMISSION_INCOME":null,"FEE_COMMISSION_INCOME_YOY":null,"ACCOUNTS_RECE_TDAYS":6.606965759527,"INVENTORY_TDAYS":2.666303278068,"CURRENT_ASSETS_TDAYS":0.597554852762,"TOTAL_ASSETS_TDAYS":0.44341271717,"PREMIUM_EXPENSE":null,"LOAN_DEPOSIT":null,"LOAN_EQUITY":null,"LOAN_ASSETS":null,"DEPOSIT_EQUITY":null,"DEPOSIT_ASSETS":null,"EQUITY_MULTIPLIER":1.162692221546,"EQUITY_RATIO":0.163706001328},{"SECUCODE":"01868.HK","SECURITY_CODE":"01868","SECURITY_NAME_ABBR":"同方友友","ORG_CODE":"10077699","STD_REPORT_DATE":"2023-06-30 00:00:00","REPORT_DATE":"2023-06-30 00:00:00","DATE_TYPE_CODE":"002","REPORT_TYPE":"2023年中报","PER_NETCASH_OPERATE":0.005445781013,"PER_OI":0.155940507467,"BPS":0.734282355544,"BASIC_EPS":0.0072,"DILUTED_EPS":0.0072,"OPERATE_INCOME":326612000,"OPERATE_INCOME_YOY":-4.9460575599,"GROSS_PROFIT":139599000,"GROSS_PROFIT_YOY":20.291078922198,"HOLDER_PROFIT":15181000,"HOLDER_PROFIT_YOY":-14.9619090298,"GROSS_PROFIT_RATIO":42.74154042105,"EPS_TTM":0.02201038968,"OPERATE_INCOME_QOQ":-1.832333160109,"NET_PROFIT_RATIO":4.7766156785,"ROE_AVG":1.00825211284,"GROSS_PROFIT_QOQ":6.773518041237,"ROA":0.868807542905,"HOLDER_PROFIT_QOQ":-5.476615201657,"ROE_YEARLY":2.01650422568,"ROIC_YEARLY":2.641983097121,"TOTAL_ASSETS":1765830000,"TOTAL_LIABILITIES":218494000,"TAX_EBT":33.212038186566,"OCF_SALES":3.492217064897,"TOTAL_PARENT_EQUITY":1537929000,"DEBT_ASSET_RATIO":12.3734447823,"OPERATE_PROFIT":24144000,"PRETAX_PROFIT":23359000,"NETCASH_OPERATE":11406000,"NETCASH_INVEST":-319556000,"NETCASH_FINANCE":-5808000,"END_CASH":394868000,"DIVI_RATIO":null,"DIVIDEND_RATE":null,"CURRENT_RATIO":8.041605634681,"COMMON_ACS":5000000000,"CURRENTDEBT_DEBT":73.427645610406,"ISSUED_COMMON_SHARES":2094465417,"HK_COMMON_SHARES":2094465417,"PER_SHARES":2000,"TOTAL_MARKET_CAP":816841512.63,"HKSK_MARKET_CAP":816841512.63,"PE_TTM":31.597213818635,"PB_TTM":0.474928307803,"REPORT_DATE_SQ":"2022-06-30 00:00:00","REPORT_TYPE_SQ":"2022年中报","OPERATE_INCOME_SQ":343607000,"DPS_HKD":null,"OPERATE_INCOME_QOQ_SQ":1.246618363919,"NET_PROFIT_RATIO_SQ":5.3354559133,"HOLDER_PROFIT_SQ":17852000,"HOLDER_PROFIT_QOQ_SQ":68.930258874707,"ROE_AVG_SQ":1.280785173254,"PE_TTM_SQ":17.52724583114,"PB_TTM_SQ":0.52736062235,"ROA_SQ":1.059583781578,"START_DATE":"2023-01-01 00:00:00","FISCAL_YEAR":"12-31","CURRENCY":"HKD","IS_CNY_CODE":0,"DPS_HKD_LY":null,"ORG_TYPE":"一般企业","PREMIUM_INCOME":null,"PREMIUM_INCOME_YOY":null,"NET_INTEREST_INCOME":null,"NET_INTEREST_INCOME_YOY":null,"FEE_COMMISSION_INCOME":null,"FEE_COMMISSION_INCOME_YOY":null,"ACCOUNTS_RECE_TDAYS":2.664882528363,"INVENTORY_TDAYS":1.089219514894,"CURRENT_ASSETS_TDAYS":0.252369157851,"TOTAL_ASSETS_TDAYS":0.186919813717,"PREMIUM_EXPENSE":null,"LOAN_DEPOSIT":null,"LOAN_EQUITY":null,"LOAN_ASSETS":null,"DEPOSIT_EQUITY":null,"DEPOSIT_ASSETS":null,"EQUITY_MULTIPLIER":1.141206564055,"EQUITY_RATIO":0.142070277627},{"SECUCODE":"01868.HK","SECURITY_CODE":"01868","SECURITY_NAME_ABBR":"同方友友","ORG_CODE":"10077699","STD_REPORT_DATE":"2022-12-31 00:00:00","REPORT_DATE":"2022-12-31 00:00:00","DATE_TYPE_CODE":"001","REPORT_TYPE":"2022年年报","PER_NETCASH_OPERATE":0.055532069929,"PER_OI":0.442836626698,"BPS":0.703483088353,"BASIC_EPS":0.0233,"DILUTED_EPS":0.0233,"OPERATE_INCOME":927506000,"OPERATE_INCOME_YOY":7.3680018799,"GROSS_PROFIT":347648000,"GROSS_PROFIT_YOY":47.681432770896,"HOLDER_PROFIT":48771000,"HOLDER_PROFIT_YOY":117.9187884399,"GROSS_PROFIT_RATIO":37.482021679644,"EPS_TTM":0.023285655425,"OPERATE_INCOME_QOQ":6.046012810047,"NET_PROFIT_RATIO":5.3780784167,"ROE_AVG":3.430085743352,"GROSS_PROFIT_QOQ":37.154399697008,"ROA":2.884056732615,"HOLDER_PROFIT_QOQ":157.672796074026,"ROE_YEARLY":3.430085743352,"ROIC_YEARLY":5.173225790712,"TOTAL_ASSETS":1728845000,"TOTAL_LIABILITIES":246713000,"TAX_EBT":14.783982198027,"OCF_SALES":12.540080603252,"TOTAL_PARENT_EQUITY":1473421000,"DEBT_ASSET_RATIO":14.2703943963,"OPERATE_PROFIT":104009000,"PRETAX_PROFIT":100663000,"NETCASH_OPERATE":116310000,"NETCASH_INVEST":-65959000,"NETCASH_FINANCE":-52250000,"END_CASH":706560000,"DIVI_RATIO":null,"DIVIDEND_RATE":null,"CURRENT_RATIO":6.595700793082,"COMMON_ACS":5000000000,"CURRENTDEBT_DEBT":79.779744075099,"ISSUED_COMMON_SHARES":2094465417,"HK_COMMON_SHARES":2094465417,"PER_SHARES":2000,"TOTAL_MARKET_CAP":816841512.63,"HKSK_MARKET_CAP":816841512.63,"PE_TTM":31.597213818635,"PB_TTM":0.474928307803,"REPORT_DATE_SQ":"2021-12-31 00:00:00","REPORT_TYPE_SQ":"2021年年报","OPERATE_INCOME_SQ":863857000,"DPS_HKD":null,"OPERATE_INCOME_QOQ_SQ":-5.714288832716,"NET_PROFIT_RATIO_SQ":-31.3975576976,"HOLDER_PROFIT_SQ":-272178000,"HOLDER_PROFIT_QOQ_SQ":-159.078967407859,"ROE_AVG_SQ":-17.988008787212,"PE_TTM_SQ":17.52724583114,"PB_TTM_SQ":0.52736062235,"ROA_SQ":-13.984628510345,"START_DATE":"2022-01-01 00:00:00","FISCAL_YEAR":"12-31","CURRENCY":"HKD","IS_CNY_CODE":0,"DPS_HKD_LY":null,"ORG_TYPE":"一般企业","PREMIUM_INCOME":null,"PREMIUM_INCOME_YOY":null,"NET_INTEREST_INCOME":null,"NET_INTEREST_INCOME_YOY":null,"FEE_COMMISSION_INCOME":null,"FEE_COMMISSION_INCOME_YOY":null,"ACCOUNTS_RECE_TDAYS":6.861164947996,"INVENTORY_TDAYS":3.410929411765,"CURRENT_ASSETS_TDAYS":0.729738767013,"TOTAL_ASSETS_TDAYS":0.548477563273,"PREMIUM_EXPENSE":null,"LOAN_DEPOSIT":null,"LOAN_EQUITY":null,"LOAN_ASSETS":null,"DEPOSIT_EQUITY":null,"DEPOSIT_ASSETS":null,"EQUITY_MULTIPLIER":1.166458183212,"EQUITY_RATIO":0.167442299248},{"SECUCODE":"01868.HK","SECURITY_CODE":"01868","SECURITY_NAME_ABBR":"同方友友","ORG_CODE":"10077699","STD_REPORT_DATE":"2022-06-30 00:00:00","REPORT_DATE":"2022-06-30 00:00:00","DATE_TYPE_CODE":"002","REPORT_TYPE":"2022年中报","PER_NETCASH_OPERATE":-0.025020704364,"PER_OI":0.164054749824,"BPS":0.676720173318,"BASIC_EPS":0.0085,"DILUTED_EPS":0.0085,"OPERATE_INCOME":343607000,"OPERATE_INCOME_YOY":3.2355079648,"GROSS_PROFIT":116051000,"GROSS_PROFIT_YOY":18.439933457845,"HOLDER_PROFIT":17852000,"HOLDER_PROFIT_YOY":110.5159606741,"GROSS_PROFIT_RATIO":33.774341034962,"EPS_TTM":-0.040375457772,"OPERATE_INCOME_QOQ":1.246618363919,"NET_PROFIT_RATIO":5.3354559133,"ROE_AVG":1.280785173254,"GROSS_PROFIT_QOQ":7.675315627602,"ROA":1.059583781578,"HOLDER_PROFIT_QOQ":68.930258874707,"ROE_YEARLY":2.561570346509,"ROIC_YEARLY":3.612478145438,"TOTAL_ASSETS":1716359000,"TOTAL_LIABILITIES":291989000,"TAX_EBT":13.480514696208,"OCF_SALES":-15.251435506262,"TOTAL_PARENT_EQUITY":1417367000,"DEBT_ASSET_RATIO":17.0121169289,"OPERATE_PROFIT":38866000,"PRETAX_PROFIT":38003000,"NETCASH_OPERATE":-52405000,"NETCASH_INVEST":7956000,"NETCASH_FINANCE":21868000,"END_CASH":681298000,"DIVI_RATIO":null,"DIVIDEND_RATE":null,"CURRENT_RATIO":5.198507474593,"COMMON_ACS":5000000000,"CURRENTDEBT_DEBT":85.864878471449,"ISSUED_COMMON_SHARES":2094465417,"HK_COMMON_SHARES":2094465417,"PER_SHARES":2000,"TOTAL_MARKET_CAP":816841512.63,"HKSK_MARKET_CAP":816841512.63,"PE_TTM":31.597213818635,"PB_TTM":0.474928307803,"REPORT_DATE_SQ":"2021-06-30 00:00:00","REPORT_TYPE_SQ":"2021年中报","OPERATE_INCOME_SQ":332838000,"DPS_HKD":null,"OPERATE_INCOME_QOQ_SQ":4.502371289941,"NET_PROFIT_RATIO_SQ":-49.454771588,"HOLDER_PROFIT_SQ":-169761000,"HOLDER_PROFIT_QOQ_SQ":-272.169477114921,"ROE_AVG_SQ":-10.809559679867,"PE_TTM_SQ":17.52724583114,"PB_TTM_SQ":0.52736062235,"ROA_SQ":-8.354801361781,"START_DATE":"2022-01-01 00:00:00","FISCAL_YEAR":"12-31","CURRENCY":"HKD","IS_CNY_CODE":0,"DPS_HKD_LY":null,"ORG_TYPE":"一般企业","PREMIUM_INCOME":null,"PREMIUM_INCOME_YOY":null,"NET_INTEREST_INCOME":null,"NET_INTEREST_INCOME_YOY":null,"FEE_COMMISSION_INCOME":null,"FEE_COMMISSION_INCOME_YOY":null,"ACCOUNTS_RECE_TDAYS":2.303883869454,"INVENTORY_TDAYS":1.230967302194,"CURRENT_ASSETS_TDAYS":0.269796271061,"TOTAL_ASSETS_TDAYS":0.203943762288,"PREMIUM_EXPENSE":null,"LOAN_DEPOSIT":null,"LOAN_EQUITY":null,"LOAN_ASSETS":null,"DEPOSIT_EQUITY":null,"DEPOSIT_ASSETS":null,"EQUITY_MULTIPLIER":1.204995190856,"EQUITY_RATIO":0.206008041672},{"SECUCODE":"01868.HK","SECURITY_CODE":"01868","SECURITY_NAME_ABBR":"同方友友","ORG_CODE":"10077699","STD_REPORT_DATE":"2021-12-31 00:00:00","REPORT_DATE":"2021-12-31 00:00:00","DATE_TYPE_CODE":"001","REPORT_TYPE":"2021年年报","PER_NETCASH_OPERATE":-0.031604723316,"PER_OI":0.412447488026,"BPS":0.65424713575,"BASIC_EPS":-0.1299,"DILUTED_EPS":-0.1299,"OPERATE_INCOME":863857000,"OPERATE_INCOME_YOY":2.4140036396,"GROSS_PROFIT":235404000,"GROSS_PROFIT_YOY":-5.423397869853,"HOLDER_PROFIT":-272178000,"HOLDER_PROFIT_YOY":-864.2128383166,"GROSS_PROFIT_RATIO":27.250343517504,"EPS_TTM":-0.129951059488,"OPERATE_INCOME_QOQ":-5.714288832716,"NET_PROFIT_RATIO":-31.3975576976,"ROE_AVG":-17.988008787212,"GROSS_PROFIT_QOQ":-20.209066319579,"ROA":-13.984628510345,"HOLDER_PROFIT_QOQ":-159.078967407859,"ROE_YEARLY":-17.988008787212,"ROIC_YEARLY":-19.623030013334,"TOTAL_ASSETS":1653266000,"TOTAL_LIABILITIES":276770000,"TAX_EBT":-44.674810736407,"OCF_SALES":-7.662726585534,"TOTAL_PARENT_EQUITY":1370298000,"DEBT_ASSET_RATIO":16.7408027504,"OPERATE_PROFIT":-30969000,"PRETAX_PROFIT":-34872000,"NETCASH_OPERATE":-66195000,"NETCASH_INVEST":683580000,"NETCASH_FINANCE":-323828000,"END_CASH":698422000,"DIVI_RATIO":null,"DIVIDEND_RATE":null,"CURRENT_RATIO":5.320019846192,"COMMON_ACS":5000000000,"CURRENTDEBT_DEBT":84.473750767786,"ISSUED_COMMON_SHARES":2094465417,"HK_COMMON_SHARES":2094465417,"PER_SHARES":2000,"TOTAL_MARKET_CAP":816841512.63,"HKSK_MARKET_CAP":816841512.63,"PE_TTM":31.597213818635,"PB_TTM":0.474928307803,"REPORT_DATE_SQ":"2020-12-31 00:00:00","REPORT_TYPE_SQ":"2020年年报","OPERATE_INCOME_SQ":843495000,"DPS_HKD":null,"OPERATE_INCOME_QOQ_SQ":13.592995294264,"NET_PROFIT_RATIO_SQ":-3.1295552377,"HOLDER_PROFIT_SQ":-28228000,"HOLDER_PROFIT_QOQ_SQ":77.886754614107,"ROE_AVG_SQ":-1.668629696679,"PE_TTM_SQ":17.52724583114,"PB_TTM_SQ":0.52736062235,"ROA_SQ":-1.192560900749,"START_DATE":"2021-01-01 00:00:00","FISCAL_YEAR":"12-31","CURRENCY":"HKD","IS_CNY_CODE":0,"DPS_HKD_LY":null,"ORG_TYPE":"一般企业","PREMIUM_INCOME":null,"PREMIUM_INCOME_YOY":null,"NET_INTEREST_INCOME":null,"NET_INTEREST_INCOME_YOY":null,"FEE_COMMISSION_INCOME":null,"FEE_COMMISSION_INCOME_YOY":null,"ACCOUNTS_RECE_TDAYS":6.406438646712,"INVENTORY_TDAYS":3.879363452861,"CURRENT_ASSETS_TDAYS":0.5843285417,"TOTAL_ASSETS_TDAYS":0.443853626342,"PREMIUM_EXPENSE":null,"LOAN_DEPOSIT":null,"LOAN_EQUITY":null,"LOAN_ASSETS":null,"DEPOSIT_EQUITY":null,"DEPOSIT_ASSETS":null,"EQUITY_MULTIPLIER":1.201068510188,"EQUITY_RATIO":0.201977963917},{"SECUCODE":"01868.HK","SECURITY_CODE":"01868","SECURITY_NAME_ABBR":"同方友友","ORG_CODE":"10077699","STD_REPORT_DATE":"2021-06-30 00:00:00","REPORT_DATE":"2021-06-30 00:00:00","DATE_TYPE_CODE":"002","REPORT_TYPE":"2021年中报","PER_NETCASH_OPERATE":0.13121964095,"PER_OI":0.158913103696,"BPS":0.70902292678,"BASIC_EPS":-0.0811,"DILUTED_EPS":-0.0811,"OPERATE_INCOME":332838000,"OPERATE_INCOME_YOY":13.0258742159,"GROSS_PROFIT":97983000,"GROSS_PROFIT_YOY":3.377223523454,"HOLDER_PROFIT":-169761000,"HOLDER_PROFIT_YOY":-82.6703108691,"GROSS_PROFIT_RATIO":31.432600425672,"EPS_TTM":-0.050158861133,"OPERATE_INCOME_QOQ":4.502371289941,"NET_PROFIT_RATIO":-49.454771588,"ROE_AVG":-10.809559679867,"GROSS_PROFIT_QOQ":4.565012440368,"ROA":-8.354801361781,"HOLDER_PROFIT_QOQ":-272.169477114921,"ROE_YEARLY":-21.619119359734,"ROIC_YEARLY":-22.913520057985,"TOTAL_ASSETS":1824530000,"TOTAL_LIABILITIES":333737000,"TAX_EBT":-59.0423487818,"OCF_SALES":80.239812914396,"TOTAL_PARENT_EQUITY":1485024000,"DEBT_ASSET_RATIO":18.2916696355,"OPERATE_PROFIT":-10355000,"PRETAX_PROFIT":-13011000,"NETCASH_OPERATE":274835000,"NETCASH_INVEST":290570000,"NETCASH_FINANCE":-295889000,"END_CASH":680674000,"DIVI_RATIO":null,"DIVIDEND_RATE":null,"CURRENT_RATIO":4.855680981248,"COMMON_ACS":5000000000,"CURRENTDEBT_DEBT":84.622322367613,"ISSUED_COMMON_SHARES":2094465417,"HK_COMMON_SHARES":2094465417,"PER_SHARES":2000,"TOTAL_MARKET_CAP":816841512.63,"HKSK_MARKET_CAP":816841512.63,"PE_TTM":31.597213818635,"PB_TTM":0.474928307803,"REPORT_DATE_SQ":"2020-06-30 00:00:00","REPORT_TYPE_SQ":"2020年中报","OPERATE_INCOME_SQ":303043000,"DPS_HKD":null,"OPERATE_INCOME_QOQ_SQ":-8.263514902852,"NET_PROFIT_RATIO_SQ":-30.6415261201,"HOLDER_PROFIT_SQ":-92933000,"HOLDER_PROFIT_QOQ_SQ":-457.505350045858,"ROE_AVG_SQ":-5.490227586307,"PE_TTM_SQ":17.52724583114,"PB_TTM_SQ":0.52736062235,"ROA_SQ":-3.727835478317,"START_DATE":"2021-01-01 00:00:00","FISCAL_YEAR":"12-31","CURRENCY":"HKD","IS_CNY_CODE":0,"DPS_HKD_LY":null,"ORG_TYPE":"一般企业","PREMIUM_INCOME":null,"PREMIUM_INCOME_YOY":null,"NET_INTEREST_INCOME":null,"NET_INTEREST_INCOME_YOY":null,"FEE_COMMISSION_INCOME":null,"FEE_COMMISSION_INCOME_YOY":null,"ACCOUNTS_RECE_TDAYS":2.221689706501,"INVENTORY_TDAYS":1.3320420618,"CURRENT_ASSETS_TDAYS":0.222106221162,"TOTAL_ASSETS_TDAYS":0.168570018911,"PREMIUM_EXPENSE":null,"LOAN_DEPOSIT":null,"LOAN_EQUITY":null,"LOAN_ASSETS":null,"DEPOSIT_EQUITY":null,"DEPOSIT_ASSETS":null,"EQUITY_MULTIPLIER":1.223865419277,"EQUITY_RATIO":0.224735088456},{"SECUCODE":"01868.HK","SECURITY_CODE":"01868","SECURITY_NAME_ABBR":"同方友友","ORG_CODE":"10077699","STD_REPORT_DATE":"2020-12-31 00:00:00","REPORT_DATE":"2020-12-31 00:00:00","DATE_TYPE_CODE":"001","REPORT_TYPE":"2020年年报","PER_NETCASH_OPERATE":0.054472525625,"PER_OI":0.402717984472,"BPS":0.790616062008,"BASIC_EPS":-0.0135,"DILUTED_EPS":-0.0135,"OPERATE_INCOME":843495000,"OPERATE_INCOME_YOY":4.2062211995,"GROSS_PROFIT":248903000,"GROSS_PROFIT_YOY":-12.283354125699,"HOLDER_PROFIT":-28228000,"HOLDER_PROFIT_YOY":-23.2825260951,"GROSS_PROFIT_RATIO":32.181335815261,"EPS_TTM":-0.01347716734,"OPERATE_INCOME_QOQ":13.592995294264,"NET_PROFIT_RATIO":-3.1295552377,"ROE_AVG":-1.668629696679,"GROSS_PROFIT_QOQ":12.742951217953,"ROA":-1.192560900749,"HOLDER_PROFIT_QOQ":77.886754614107,"ROE_YEARLY":-1.668629696679,"ROIC_YEARLY":-1.39088102764,"TOTAL_ASSETS":2239265000,"TOTAL_LIABILITIES":577988000,"TAX_EBT":91.152985565744,"OCF_SALES":13.013351765294,"TOTAL_PARENT_EQUITY":1655918000,"DEBT_ASSET_RATIO":25.8115051144,"OPERATE_PROFIT":-4220000,"PRETAX_PROFIT":-45586000,"NETCASH_OPERATE":114236000,"NETCASH_INVEST":235803000,"NETCASH_FINANCE":-184891000,"END_CASH":408485000,"DIVI_RATIO":null,"DIVIDEND_RATE":null,"CURRENT_RATIO":5.944388727135,"COMMON_ACS":5000000000,"CURRENTDEBT_DEBT":49.855879360817,"ISSUED_COMMON_SHARES":2094465417,"HK_COMMON_SHARES":2094465417,"PER_SHARES":2000,"TOTAL_MARKET_CAP":816841512.63,"HKSK_MARKET_CAP":816841512.63,"PE_TTM":31.597213818635,"PB_TTM":0.474928307803,"REPORT_DATE_SQ":"2019-12-31 00:00:00","REPORT_TYPE_SQ":"2019年年报","OPERATE_INCOME_SQ":841349000,"DPS_HKD":null,"OPERATE_INCOME_QOQ_SQ":14.555752983545,"NET_PROFIT_RATIO_SQ":-2.6777235131,"HOLDER_PROFIT_SQ":-22897000,"HOLDER_PROFIT_QOQ_SQ":-118.952116872905,"ROE_AVG_SQ":-1.33460594094,"PE_TTM_SQ":17.52724583114,"PB_TTM_SQ":0.52736062235,"ROA_SQ":-0.913564297219,"START_DATE":"2020-01-01 00:00:00","FISCAL_YEAR":"12-31","CURRENCY":"HKD","IS_CNY_CODE":0,"DPS_HKD_LY":null,"ORG_TYPE":"一般企业","PREMIUM_INCOME":null,"PREMIUM_INCOME_YOY":null,"NET_INTEREST_INCOME":null,"NET_INTEREST_INCOME_YOY":null,"FEE_COMMISSION_INCOME":null,"FEE_COMMISSION_INCOME_YOY":null,"ACCOUNTS_RECE_TDAYS":7.47954971691,"INVENTORY_TDAYS":3.753097641185,"CURRENT_ASSETS_TDAYS":0.617710406634,"TOTAL_ASSETS_TDAYS":0.370399411578,"PREMIUM_EXPENSE":null,"LOAN_DEPOSIT":null,"LOAN_EQUITY":null,"LOAN_ASSETS":null,"DEPOSIT_EQUITY":null,"DEPOSIT_ASSETS":null,"EQUITY_MULTIPLIER":1.347917896895,"EQUITY_RATIO":0.349043853621},{"SECUCODE":"01868.HK","SECURITY_CODE":"01868","SECURITY_NAME_ABBR":"同方友友","ORG_CODE":"10077699","STD_REPORT_DATE":"2020-06-30 00:00:00","REPORT_DATE":"2020-06-30 00:00:00","DATE_TYPE_CODE":"002","REPORT_TYPE":"2020年中报","PER_NETCASH_OPERATE":0.038404293132,"PER_OI":0.144684753518,"BPS":0.791581463481,"BASIC_EPS":-0.0444,"DILUTED_EPS":-0.0444,"OPERATE_INCOME":303043000,"OPERATE_INCOME_YOY":-18.6610229542,"GROSS_PROFIT":94782000,"GROSS_PROFIT_YOY":-26.115493748246,"HOLDER_PROFIT":-92933000,"HOLDER_PROFIT_YOY":-886.1021823718,"GROSS_PROFIT_RATIO":31.276749504196,"EPS_TTM":-0.060946130272,"OPERATE_INCOME_QOQ":-8.263514902852,"NET_PROFIT_RATIO":-30.6415261201,"ROE_AVG":-5.490227586307,"GROSS_PROFIT_QOQ":-11.806539375101,"ROA":-3.727835478317,"HOLDER_PROFIT_QOQ":-457.505350045858,"ROE_YEARLY":-10.980455172613,"ROIC_YEARLY":-8.539583546785,"TOTAL_ASSETS":2491147000,"TOTAL_LIABILITIES":828025000,"TAX_EBT":5.348405773465,"OCF_SALES":26.543427830374,"TOTAL_PARENT_EQUITY":1657940000,"DEBT_ASSET_RATIO":33.2387049018,"OPERATE_PROFIT":-84577000,"PRETAX_PROFIT":-98104000,"NETCASH_OPERATE":80438000,"NETCASH_INVEST":-3700000,"NETCASH_FINANCE":19597000,"END_CASH":366508000,"DIVI_RATIO":null,"DIVIDEND_RATE":null,"CURRENT_RATIO":3.110317994403,"COMMON_ACS":5000000000,"CURRENTDEBT_DEBT":45.224721475801,"ISSUED_COMMON_SHARES":2094465417,"HK_COMMON_SHARES":2094465417,"PER_SHARES":2000,"TOTAL_MARKET_CAP":816841512.63,"HKSK_MARKET_CAP":816841512.63,"PE_TTM":31.597213818635,"PB_TTM":0.474928307803,"REPORT_DATE_SQ":"2019-06-30 00:00:00","REPORT_TYPE_SQ":"2019年中报","OPERATE_INCOME_SQ":372568000,"DPS_HKD":null,"OPERATE_INCOME_QOQ_SQ":5.873881717981,"NET_PROFIT_RATIO_SQ":3.039981963,"HOLDER_PROFIT_SQ":11822000,"HOLDER_PROFIT_QOQ_SQ":-17.131941395961,"ROE_AVG_SQ":0.690281148557,"PE_TTM_SQ":17.52724583114,"PB_TTM_SQ":0.52736062235,"ROA_SQ":0.46471176137,"START_DATE":"2020-01-01 00:00:00","FISCAL_YEAR":"12-31","CURRENCY":"HKD","IS_CNY_CODE":0,"DPS_HKD_LY":null,"ORG_TYPE":"一般企业","PREMIUM_INCOME":null,"PREMIUM_INCOME_YOY":null,"NET_INTEREST_INCOME":null,"NET_INTEREST_INCOME_YOY":null,"FEE_COMMISSION_INCOME":null,"FEE_COMMISSION_INCOME_YOY":null,"ACCOUNTS_RECE_TDAYS":3.015353233831,"INVENTORY_TDAYS":1.273903934672,"CURRENT_ASSETS_TDAYS":0.264613683913,"TOTAL_ASSETS_TDAYS":0.121560096721,"PREMIUM_EXPENSE":null,"LOAN_DEPOSIT":null,"LOAN_EQUITY":null,"LOAN_ASSETS":null,"DEPOSIT_EQUITY":null,"DEPOSIT_ASSETS":null,"EQUITY_MULTIPLIER":1.497873878164,"EQUITY_RATIO":0.499430015561}],"count":41},"success":true,"message":"ok","code":0}