{"version":"fdf73e0a315f2ba57324bebf113e525a","result":{"pages":2,"data":[{"SECUCODE":"01861.HK","SECURITY_CODE":"01861","SECURITY_NAME_ABBR":"保宝龙科技","ORG_CODE":"10982396","STD_REPORT_DATE":"2024-06-30 00:00:00","REPORT_DATE":"2024-06-30 00:00:00","DATE_TYPE_CODE":"002","REPORT_TYPE":"2024年中报","PER_NETCASH_OPERATE":0.075139355648,"PER_OI":1.070039360671,"BPS":1.296073899638,"BASIC_EPS":0.09400604,"DILUTED_EPS":0.09400604,"OPERATE_INCOME":250300664.64,"OPERATE_INCOME_YOY":3.0089732081,"GROSS_PROFIT":82548255.28,"GROSS_PROFIT_YOY":4.382013874326,"HOLDER_PROFIT":21884241.04,"HOLDER_PROFIT_YOY":-10.3056147832,"GROSS_PROFIT_RATIO":32.979638867011,"EPS_TTM":0.208709723374,"OPERATE_INCOME_QOQ":0.957586596135,"NET_PROFIT_RATIO":8.7431813541,"ROE_AVG":7.486679436922,"GROSS_PROFIT_QOQ":2.173935313416,"ROA":4.922431366592,"HOLDER_PROFIT_QOQ":-5.356424618847,"ROE_YEARLY":14.973358873845,"ROIC_YEARLY":12.70997323156,"TOTAL_ASSETS":446729479.6,"TOTAL_LIABILITIES":143957929.08,"TAX_EBT":29.305973229554,"OCF_SALES":7.022111373647,"TOTAL_PARENT_EQUITY":303174042.4,"DEBT_ASSET_RATIO":32.2248554559,"OPERATE_PROFIT":31856182.72,"PRETAX_PROFIT":30956280.24,"NETCASH_OPERATE":17576391.44,"NETCASH_INVEST":-8363799.52,"NETCASH_FINANCE":-5351955.52,"END_CASH":102921098.24,"DIVI_RATIO":0.220145296813,"DIVIDEND_RATE":5.440860215054,"CURRENT_RATIO":2.036699263817,"COMMON_ACS":1500000000,"CURRENTDEBT_DEBT":69.239401259106,"ISSUED_COMMON_SHARES":233917250,"HK_COMMON_SHARES":233917250,"PER_SHARES":2000,"TOTAL_MARKET_CAP":217543042.5,"HKSK_MARKET_CAP":217543042.5,"PE_TTM":4.016154531357,"PB_TTM":0.654895064423,"REPORT_DATE_SQ":"2023-06-30 00:00:00","REPORT_TYPE_SQ":"2023年中报","OPERATE_INCOME_SQ":245465189.26,"DPS_HKD":0.0506,"OPERATE_INCOME_QOQ_SQ":2.395200372422,"NET_PROFIT_RATIO_SQ":10.0316635178,"HOLDER_PROFIT_SQ":24647291.34,"HOLDER_PROFIT_QOQ_SQ":35.65822210957,"ROE_AVG_SQ":9.788811688133,"PE_TTM_SQ":7.579676867687,"PB_TTM_SQ":1.512830734406,"ROA_SQ":5.595393580148,"START_DATE":"2024-01-01 00:00:00","FISCAL_YEAR":"12-31","CURRENCY":"HKD","IS_CNY_CODE":0,"DPS_HKD_LY":0.0506,"ORG_TYPE":"一般企业","PREMIUM_INCOME":null,"PREMIUM_INCOME_YOY":null,"NET_INTEREST_INCOME":null,"NET_INTEREST_INCOME_YOY":null,"FEE_COMMISSION_INCOME":null,"FEE_COMMISSION_INCOME_YOY":null,"ACCOUNTS_RECE_TDAYS":5.757762801537,"INVENTORY_TDAYS":4.332960077323,"CURRENT_ASSETS_TDAYS":1.280413843977,"TOTAL_ASSETS_TDAYS":0.563002317718,"PREMIUM_EXPENSE":null,"LOAN_DEPOSIT":null,"LOAN_EQUITY":null,"LOAN_ASSETS":null,"DEPOSIT_EQUITY":null,"DEPOSIT_ASSETS":null,"EQUITY_MULTIPLIER":1.475467159423,"EQUITY_RATIO":0.474835932326},{"SECUCODE":"01861.HK","SECURITY_CODE":"01861","SECURITY_NAME_ABBR":"保宝龙科技","ORG_CODE":"10982396","STD_REPORT_DATE":"2023-12-31 00:00:00","REPORT_DATE":"2023-12-31 00:00:00","DATE_TYPE_CODE":"001","REPORT_TYPE":"2023年年报","PER_NETCASH_OPERATE":0.296179205339,"PER_OI":2.15873269124,"BPS":1.194661649023,"BASIC_EPS":0.22021146,"DILUTED_EPS":0.22021146,"OPERATE_INCOME":504964814.62,"OPERATE_INCOME_YOY":-0.4580329948,"GROSS_PROFIT":159407722.88,"GROSS_PROFIT_YOY":15.737265586237,"HOLDER_PROFIT":51583854.84,"HOLDER_PROFIT_YOY":35.541480141,"GROSS_PROFIT_RATIO":31.568085194205,"EPS_TTM":0.220521807776,"OPERATE_INCOME_QOQ":-1.377158262497,"NET_PROFIT_RATIO":10.1760342844,"ROE_AVG":19.756145812726,"GROSS_PROFIT_QOQ":1.786513463035,"ROA":11.859095890297,"HOLDER_PROFIT_QOQ":1.362426118776,"ROE_YEARLY":19.756145812726,"ROIC_YEARLY":14.949554903936,"TOTAL_ASSETS":439302832.08,"TOTAL_LIABILITIES":160252319.92,"TAX_EBT":22.03308262406,"OCF_SALES":13.720050034008,"TOTAL_PARENT_EQUITY":279451967.62,"DEBT_ASSET_RATIO":36.4787814277,"OPERATE_PROFIT":68403298.04,"PRETAX_PROFIT":65906661.94,"NETCASH_OPERATE":69281425.22,"NETCASH_INVEST":-15548922.76,"NETCASH_FINANCE":-35591790.5,"END_CASH":97627080.6,"DIVI_RATIO":0.208353379937,"DIVIDEND_RATE":4.6,"CURRENT_RATIO":1.689142969628,"COMMON_ACS":1500000000,"CURRENTDEBT_DEBT":68.945802890814,"ISSUED_COMMON_SHARES":233917250,"HK_COMMON_SHARES":233917250,"PER_SHARES":2000,"TOTAL_MARKET_CAP":257308975,"HKSK_MARKET_CAP":257308975,"PE_TTM":4.750290305906,"PB_TTM":0.774607065446,"REPORT_DATE_SQ":"2022-12-31 00:00:00","REPORT_TYPE_SQ":"2022年年报","OPERATE_INCOME_SQ":500039146.95,"DPS_HKD":0.0506,"OPERATE_INCOME_QOQ_SQ":1.29029940392,"NET_PROFIT_RATIO_SQ":7.4880534491,"HOLDER_PROFIT_SQ":37513766.92,"HOLDER_PROFIT_QOQ_SQ":86.036169201783,"ROE_AVG_SQ":16.328847656782,"PE_TTM_SQ":6.737490549055,"PB_TTM_SQ":1.344738430584,"ROA_SQ":8.415897139926,"START_DATE":"2023-01-01 00:00:00","FISCAL_YEAR":"12-31","CURRENCY":"HKD","IS_CNY_CODE":0,"DPS_HKD_LY":0.0441,"ORG_TYPE":"一般企业","PREMIUM_INCOME":null,"PREMIUM_INCOME_YOY":null,"NET_INTEREST_INCOME":null,"NET_INTEREST_INCOME_YOY":null,"FEE_COMMISSION_INCOME":null,"FEE_COMMISSION_INCOME_YOY":null,"ACCOUNTS_RECE_TDAYS":17.060484056152,"INVENTORY_TDAYS":8.107866171952,"CURRENT_ASSETS_TDAYS":2.812784258694,"TOTAL_ASSETS_TDAYS":1.160910943236,"PREMIUM_EXPENSE":null,"LOAN_DEPOSIT":null,"LOAN_EQUITY":null,"LOAN_ASSETS":null,"DEPOSIT_EQUITY":null,"DEPOSIT_ASSETS":null,"EQUITY_MULTIPLIER":1.574277103739,"EQUITY_RATIO":0.573452108013},{"SECUCODE":"01861.HK","SECURITY_CODE":"01861","SECURITY_NAME_ABBR":"保宝龙科技","ORG_CODE":"10982396","STD_REPORT_DATE":"2023-06-30 00:00:00","REPORT_DATE":"2023-06-30 00:00:00","DATE_TYPE_CODE":"002","REPORT_TYPE":"2023年中报","PER_NETCASH_OPERATE":0.131270968259,"PER_OI":1.049367625774,"BPS":1.096992520218,"BASIC_EPS":0.10510572,"DILUTED_EPS":0.10510572,"OPERATE_INCOME":245465189.26,"OPERATE_INCOME_YOY":-2.4862192107,"GROSS_PROFIT":79082834.5,"GROSS_PROFIT_YOY":31.355104401308,"HOLDER_PROFIT":24647291.34,"HOLDER_PROFIT_YOY":102.8454359208,"GROSS_PROFIT_RATIO":32.217535504081,"EPS_TTM":0.217557744245,"OPERATE_INCOME_QOQ":2.395200372422,"NET_PROFIT_RATIO":10.0316635178,"ROE_AVG":9.788811688133,"GROSS_PROFIT_QOQ":13.705894473208,"ROA":5.595393580148,"HOLDER_PROFIT_QOQ":35.65822210957,"ROE_YEARLY":19.577623376267,"ROIC_YEARLY":14.187024283199,"TOTAL_ASSETS":442852809.44,"TOTAL_LIABILITIES":186483362.72,"TAX_EBT":23.007293378304,"OCF_SALES":12.509530981794,"TOTAL_PARENT_EQUITY":256605473.6,"DEBT_ASSET_RATIO":42.1095584684,"OPERATE_PROFIT":33309293.44,"PRETAX_PROFIT":31982564.22,"NETCASH_OPERATE":30706543.9,"NETCASH_INVEST":-7704064.88,"NETCASH_FINANCE":-3819763.14,"END_CASH":102244816.06,"DIVI_RATIO":0.211192040805,"DIVIDEND_RATE":4.6,"CURRENT_RATIO":1.537454410123,"COMMON_ACS":1500000000,"CURRENTDEBT_DEBT":66.423090614247,"ISSUED_COMMON_SHARES":233917250,"HK_COMMON_SHARES":233917250,"PER_SHARES":2000,"TOTAL_MARKET_CAP":257308975,"HKSK_MARKET_CAP":257308975,"PE_TTM":4.750290305906,"PB_TTM":0.774607065446,"REPORT_DATE_SQ":"2022-06-30 00:00:00","REPORT_TYPE_SQ":"2022年中报","OPERATE_INCOME_SQ":233488249.75,"DPS_HKD":0.0506,"OPERATE_INCOME_QOQ_SQ":-1.072662891363,"NET_PROFIT_RATIO_SQ":4.8109147514,"HOLDER_PROFIT_SQ":11270549.01,"HOLDER_PROFIT_QOQ_SQ":36.314426790675,"ROE_AVG_SQ":5.326785497757,"PE_TTM_SQ":6.737490549055,"PB_TTM_SQ":1.344738430584,"ROA_SQ":2.460993192541,"START_DATE":"2023-01-01 00:00:00","FISCAL_YEAR":"12-31","CURRENCY":"HKD","IS_CNY_CODE":0,"DPS_HKD_LY":0.0441,"ORG_TYPE":"一般企业","PREMIUM_INCOME":null,"PREMIUM_INCOME_YOY":null,"NET_INTEREST_INCOME":null,"NET_INTEREST_INCOME_YOY":null,"FEE_COMMISSION_INCOME":null,"FEE_COMMISSION_INCOME_YOY":null,"ACCOUNTS_RECE_TDAYS":8.565081714065,"INVENTORY_TDAYS":3.644187760624,"CURRENT_ASSETS_TDAYS":1.341849347691,"TOTAL_ASSETS_TDAYS":0.557251636778,"PREMIUM_EXPENSE":null,"LOAN_DEPOSIT":null,"LOAN_EQUITY":null,"LOAN_ASSETS":null,"DEPOSIT_EQUITY":null,"DEPOSIT_ASSETS":null,"EQUITY_MULTIPLIER":1.727400886128,"EQUITY_RATIO":0.726731819488},{"SECUCODE":"01861.HK","SECURITY_CODE":"01861","SECURITY_NAME_ABBR":"保宝龙科技","ORG_CODE":"10982396","STD_REPORT_DATE":"2022-12-31 00:00:00","REPORT_DATE":"2022-12-31 00:00:00","DATE_TYPE_CODE":"001","REPORT_TYPE":"2022年年报","PER_NETCASH_OPERATE":0.258590041222,"PER_OI":2.137675382854,"BPS":1.022945940284,"BASIC_EPS":0.1607886,"DILUTED_EPS":0.1607886,"OPERATE_INCOME":500039146.95,"OPERATE_INCOME_YOY":-8.2845908086,"GROSS_PROFIT":137732408.03,"GROSS_PROFIT_YOY":7.234778647057,"HOLDER_PROFIT":37513766.92,"HOLDER_PROFIT_YOY":132.1118664677,"GROSS_PROFIT_RATIO":27.544325053369,"EPS_TTM":0.16037195598,"OPERATE_INCOME_QOQ":1.29029940392,"NET_PROFIT_RATIO":7.4880534491,"ROE_AVG":16.328847656782,"GROSS_PROFIT_QOQ":10.7428203508,"ROA":8.415897139926,"HOLDER_PROFIT_QOQ":86.036169201783,"ROE_YEARLY":16.328847656782,"ROIC_YEARLY":10.284654935329,"TOTAL_ASSETS":424489050.16,"TOTAL_LIABILITIES":185408014.47,"TAX_EBT":24.0042061751,"OCF_SALES":12.096787159356,"TOTAL_PARENT_EQUITY":239284701.25,"DEBT_ASSET_RATIO":43.6779262975,"OPERATE_PROFIT":52680598.25,"PRETAX_PROFIT":49270093.39,"NETCASH_OPERATE":60488671.32,"NETCASH_INVEST":-17307106.25,"NETCASH_FINANCE":-38976943.18,"END_CASH":81637731.84,"DIVI_RATIO":0.286499367793,"DIVIDEND_RATE":4.6,"CURRENT_RATIO":1.44152498712,"COMMON_ACS":1500000000,"CURRENTDEBT_DEBT":63.589980776736,"ISSUED_COMMON_SHARES":233917250,"HK_COMMON_SHARES":233917250,"PER_SHARES":2000,"TOTAL_MARKET_CAP":257308975,"HKSK_MARKET_CAP":257308975,"PE_TTM":4.750290305906,"PB_TTM":0.774607065446,"REPORT_DATE_SQ":"2021-12-31 00:00:00","REPORT_TYPE_SQ":"2021年年报","OPERATE_INCOME_SQ":499022160,"DPS_HKD":0.0506,"OPERATE_INCOME_QOQ_SQ":2.939325660505,"NET_PROFIT_RATIO_SQ":2.9517489965,"HOLDER_PROFIT_SQ":14792836.8,"HOLDER_PROFIT_QOQ_SQ":-36.546128798365,"ROE_AVG_SQ":7.661282639211,"PE_TTM_SQ":6.737490549055,"PB_TTM_SQ":1.344738430584,"ROA_SQ":3.465816414979,"START_DATE":"2022-01-01 00:00:00","FISCAL_YEAR":"12-31","CURRENCY":"HKD","IS_CNY_CODE":0,"DPS_HKD_LY":0.0177,"ORG_TYPE":"一般企业","PREMIUM_INCOME":null,"PREMIUM_INCOME_YOY":null,"NET_INTEREST_INCOME":null,"NET_INTEREST_INCOME_YOY":null,"FEE_COMMISSION_INCOME":null,"FEE_COMMISSION_INCOME_YOY":null,"ACCOUNTS_RECE_TDAYS":16.508692510727,"INVENTORY_TDAYS":7.692742463181,"CURRENT_ASSETS_TDAYS":2.720526235217,"TOTAL_ASSETS_TDAYS":1.121795642555,"PREMIUM_EXPENSE":null,"LOAN_DEPOSIT":null,"LOAN_EQUITY":null,"LOAN_ASSETS":null,"DEPOSIT_EQUITY":null,"DEPOSIT_ASSETS":null,"EQUITY_MULTIPLIER":1.775502807802,"EQUITY_RATIO":0.774842743817},{"SECUCODE":"01861.HK","SECURITY_CODE":"01861","SECURITY_NAME_ABBR":"保宝龙科技","ORG_CODE":"10982396","STD_REPORT_DATE":"2022-06-30 00:00:00","REPORT_DATE":"2022-06-30 00:00:00","DATE_TYPE_CODE":"002","REPORT_TYPE":"2022年中报","PER_NETCASH_OPERATE":0.060794808891,"PER_OI":0.998166017042,"BPS":0.907834780163,"BASIC_EPS":0.04789064,"DILUTED_EPS":0.04789064,"OPERATE_INCOME":233488249.75,"OPERATE_INCOME_YOY":-4.8829261325,"GROSS_PROFIT":60205376,"GROSS_PROFIT_YOY":-6.330152720058,"HOLDER_PROFIT":11270549.01,"HOLDER_PROFIT_YOY":85.9077443927,"GROSS_PROFIT_RATIO":25.785184506913,"EPS_TTM":0.086204718506,"OPERATE_INCOME_QOQ":-1.072662891363,"NET_PROFIT_RATIO":4.8109147514,"ROE_AVG":5.326785497757,"GROSS_PROFIT_QOQ":-3.167737369006,"ROA":2.460993192541,"HOLDER_PROFIT_QOQ":36.314426790675,"ROE_YEARLY":10.653570995514,"ROIC_YEARLY":6.213556529149,"TOTAL_ASSETS":468834827.37,"TOTAL_LIABILITIES":256650215.71,"TAX_EBT":23.877137061721,"OCF_SALES":6.090651039282,"TOTAL_PARENT_EQUITY":212358215.23,"DEBT_ASSET_RATIO":54.7421396038,"OPERATE_PROFIT":16411951.29,"PRETAX_PROFIT":14756303.45,"NETCASH_OPERATE":14220954.51,"NETCASH_INVEST":-6647391.87,"NETCASH_FINANCE":29102115.7,"END_CASH":113442663.88,"DIVI_RATIO":0.532992448629,"DIVIDEND_RATE":4.6,"CURRENT_RATIO":1.602053393152,"COMMON_ACS":1500000000,"CURRENTDEBT_DEBT":54.069688013355,"ISSUED_COMMON_SHARES":233917250,"HK_COMMON_SHARES":233917250,"PER_SHARES":2000,"TOTAL_MARKET_CAP":257308975,"HKSK_MARKET_CAP":257308975,"PE_TTM":4.750290305906,"PB_TTM":0.774607065446,"REPORT_DATE_SQ":"2021-06-30 00:00:00","REPORT_TYPE_SQ":"2021年中报","OPERATE_INCOME_SQ":238841075.28,"DPS_HKD":0.0506,"OPERATE_INCOME_QOQ_SQ":-13.470228613506,"NET_PROFIT_RATIO_SQ":2.4564435046,"HOLDER_PROFIT_SQ":5898615.12,"HOLDER_PROFIT_QOQ_SQ":-47.89566783606,"ROE_AVG_SQ":3.091879726795,"PE_TTM_SQ":6.737490549055,"PB_TTM_SQ":1.344738430584,"ROA_SQ":1.309927472629,"START_DATE":"2022-01-01 00:00:00","FISCAL_YEAR":"12-31","CURRENCY":"HKD","IS_CNY_CODE":0,"DPS_HKD_LY":0.0177,"ORG_TYPE":"一般企业","PREMIUM_INCOME":null,"PREMIUM_INCOME_YOY":null,"NET_INTEREST_INCOME":null,"NET_INTEREST_INCOME_YOY":null,"FEE_COMMISSION_INCOME":null,"FEE_COMMISSION_INCOME_YOY":null,"ACCOUNTS_RECE_TDAYS":6.81838047075,"INVENTORY_TDAYS":3.953465684601,"CURRENT_ASSETS_TDAYS":1.134708296535,"TOTAL_ASSETS_TDAYS":0.509835849756,"PREMIUM_EXPENSE":null,"LOAN_DEPOSIT":null,"LOAN_EQUITY":null,"LOAN_ASSETS":null,"DEPOSIT_EQUITY":null,"DEPOSIT_ASSETS":null,"EQUITY_MULTIPLIER":2.209560927639,"EQUITY_RATIO":1.208572107427},{"SECUCODE":"01861.HK","SECURITY_CODE":"01861","SECURITY_NAME_ABBR":"保宝龙科技","ORG_CODE":"10982396","STD_REPORT_DATE":"2021-12-31 00:00:00","REPORT_DATE":"2021-12-31 00:00:00","DATE_TYPE_CODE":"001","REPORT_TYPE":"2021年年报","PER_NETCASH_OPERATE":0.209697711477,"PER_OI":2.133327747312,"BPS":0.861590382069,"BASIC_EPS":0.0629552,"DILUTED_EPS":0.0629552,"OPERATE_INCOME":499022160,"OPERATE_INCOME_YOY":-8.3078069439,"GROSS_PROFIT":128440054.4,"GROSS_PROFIT_YOY":-31.72440456113,"HOLDER_PROFIT":14792836.8,"HOLDER_PROFIT_YOY":-65.9656515114,"GROSS_PROFIT_RATIO":25.738346850168,"EPS_TTM":0.063239614864,"OPERATE_INCOME_QOQ":2.939325660505,"NET_PROFIT_RATIO":2.9517489965,"ROE_AVG":7.661282639211,"GROSS_PROFIT_QOQ":-7.612592073472,"ROA":3.465816414979,"HOLDER_PROFIT_QOQ":-36.546128798365,"ROE_YEARLY":7.661282639211,"ROIC_YEARLY":4.566759804033,"TOTAL_ASSETS":427447820.8,"TOTAL_LIABILITIES":226047595.2,"TAX_EBT":36.805920937248,"OCF_SALES":9.829605963791,"TOTAL_PARENT_EQUITY":201540852.8,"DEBT_ASSET_RATIO":52.8830851861,"OPERATE_PROFIT":25564716.8,"PRETAX_PROFIT":23308958.4,"NETCASH_OPERATE":49051912,"NETCASH_INVEST":-65348315.2,"NETCASH_FINANCE":-46320310.4,"END_CASH":73870977.6,"DIVI_RATIO":0.726545601186,"DIVIDEND_RATE":4.6,"CURRENT_RATIO":1.256811946538,"COMMON_ACS":1500000000,"CURRENTDEBT_DEBT":63.676544522691,"ISSUED_COMMON_SHARES":233917250,"HK_COMMON_SHARES":233917250,"PER_SHARES":2000,"TOTAL_MARKET_CAP":257308975,"HKSK_MARKET_CAP":257308975,"PE_TTM":4.750290305906,"PB_TTM":0.774607065446,"REPORT_DATE_SQ":"2020-12-31 00:00:00","REPORT_TYPE_SQ":"2020年年报","OPERATE_INCOME_SQ":560238507.64,"DPS_HKD":0.0506,"OPERATE_INCOME_QOQ_SQ":-0.754229608816,"NET_PROFIT_RATIO_SQ":9.5599646061,"HOLDER_PROFIT_SQ":44742424.04,"HOLDER_PROFIT_QOQ_SQ":-1.296598714836,"ROE_AVG_SQ":21.209509788667,"PE_TTM_SQ":6.737490549055,"PB_TTM_SQ":1.344738430584,"ROA_SQ":11.270684263529,"START_DATE":"2021-01-01 00:00:00","FISCAL_YEAR":"12-31","CURRENCY":"HKD","IS_CNY_CODE":0,"DPS_HKD_LY":0.0281,"ORG_TYPE":"一般企业","PREMIUM_INCOME":null,"PREMIUM_INCOME_YOY":null,"NET_INTEREST_INCOME":null,"NET_INTEREST_INCOME_YOY":null,"FEE_COMMISSION_INCOME":null,"FEE_COMMISSION_INCOME_YOY":null,"ACCOUNTS_RECE_TDAYS":15.534882537097,"INVENTORY_TDAYS":8.156413924654,"CURRENT_ASSETS_TDAYS":2.454028430302,"TOTAL_ASSETS_TDAYS":1.16915992311,"PREMIUM_EXPENSE":null,"LOAN_DEPOSIT":null,"LOAN_EQUITY":null,"LOAN_ASSETS":null,"DEPOSIT_EQUITY":null,"DEPOSIT_ASSETS":null,"EQUITY_MULTIPLIER":2.122380049606,"EQUITY_RATIO":1.121596897401},{"SECUCODE":"01861.HK","SECURITY_CODE":"01861","SECURITY_NAME_ABBR":"保宝龙科技","ORG_CODE":"10982396","STD_REPORT_DATE":"2021-06-30 00:00:00","REPORT_DATE":"2021-06-30 00:00:00","DATE_TYPE_CODE":"002","REPORT_TYPE":"2021年中报","PER_NETCASH_OPERATE":0.055587666835,"PER_OI":1.021049432139,"BPS":0.827878110229,"BASIC_EPS":0.0249624,"DILUTED_EPS":0.0249624,"OPERATE_INCOME":238841075.28,"OPERATE_INCOME_YOY":-16.5799163593,"GROSS_PROFIT":64274019.6,"GROSS_PROFIT_YOY":-43.306318083257,"HOLDER_PROFIT":5898615.12,"HOLDER_PROFIT_YOY":-76.3052343071,"GROSS_PROFIT_RATIO":26.910789747806,"EPS_TTM":0.099662343158,"OPERATE_INCOME_QOQ":-13.470228613506,"NET_PROFIT_RATIO":2.4564435046,"ROE_AVG":3.091879726795,"GROSS_PROFIT_QOQ":-26.098591819821,"ROA":1.309927472629,"HOLDER_PROFIT_QOQ":-47.89566783606,"ROE_YEARLY":6.183759453589,"ROIC_YEARLY":3.687410191224,"TOTAL_ASSETS":466859286,"TOTAL_LIABILITIES":273314981.76,"TAX_EBT":41.040220754244,"OCF_SALES":5.444169996621,"TOTAL_PARENT_EQUITY":193654970.88,"DEBT_ASSET_RATIO":58.5433319966,"OPERATE_PROFIT":11025892.08,"PRETAX_PROFIT":9950844.72,"NETCASH_OPERATE":13002914.16,"NETCASH_INVEST":-41949313.2,"NETCASH_FINANCE":17613469.44,"END_CASH":126444540.96,"DIVI_RATIO":0.461021309998,"DIVIDEND_RATE":4.6,"CURRENT_RATIO":1.355280084201,"COMMON_ACS":1500000000,"CURRENTDEBT_DEBT":62.478384763389,"ISSUED_COMMON_SHARES":233917250,"HK_COMMON_SHARES":233917250,"PER_SHARES":2000,"TOTAL_MARKET_CAP":257308975,"HKSK_MARKET_CAP":257308975,"PE_TTM":4.750290305906,"PB_TTM":0.774607065446,"REPORT_DATE_SQ":"2020-06-30 00:00:00","REPORT_TYPE_SQ":"2020年中报","OPERATE_INCOME_SQ":314306483.04,"DPS_HKD":0.0506,"OPERATE_INCOME_QOQ_SQ":12.223228038432,"NET_PROFIT_RATIO_SQ":11.5431673598,"HOLDER_PROFIT_SQ":27328297.92,"HOLDER_PROFIT_QOQ_SQ":35.261781606735,"ROE_AVG_SQ":10.443895218946,"PE_TTM_SQ":6.737490549055,"PB_TTM_SQ":1.344738430584,"ROA_SQ":6.688246945154,"START_DATE":"2021-01-01 00:00:00","FISCAL_YEAR":"12-31","CURRENCY":"HKD","IS_CNY_CODE":0,"DPS_HKD_LY":0.0281,"ORG_TYPE":"一般企业","PREMIUM_INCOME":null,"PREMIUM_INCOME_YOY":null,"NET_INTEREST_INCOME":null,"NET_INTEREST_INCOME_YOY":null,"FEE_COMMISSION_INCOME":null,"FEE_COMMISSION_INCOME_YOY":null,"ACCOUNTS_RECE_TDAYS":7.006297444409,"INVENTORY_TDAYS":3.530938375704,"CURRENT_ASSETS_TDAYS":1.035688255457,"TOTAL_ASSETS_TDAYS":0.530403289139,"PREMIUM_EXPENSE":null,"LOAN_DEPOSIT":null,"LOAN_EQUITY":null,"LOAN_ASSETS":null,"DEPOSIT_EQUITY":null,"DEPOSIT_ASSETS":null,"EQUITY_MULTIPLIER":2.412157194876,"EQUITY_RATIO":1.411350199368},{"SECUCODE":"01861.HK","SECURITY_CODE":"01861","SECURITY_NAME_ABBR":"保宝龙科技","ORG_CODE":"10982396","STD_REPORT_DATE":"2020-12-31 00:00:00","REPORT_DATE":"2020-12-31 00:00:00","DATE_TYPE_CODE":"001","REPORT_TYPE":"2020年年报","PER_NETCASH_OPERATE":0.284135113977,"PER_OI":2.398848647379,"BPS":0.812505895995,"BASIC_EPS":0.19189392,"DILUTED_EPS":0.19189392,"OPERATE_INCOME":560238507.64,"OPERATE_INCOME_YOY":18.5413197753,"GROSS_PROFIT":188120006.24,"GROSS_PROFIT_YOY":27.918067104999,"HOLDER_PROFIT":44742424.04,"HOLDER_PROFIT_YOY":42.0961188923,"GROSS_PROFIT_RATIO":33.578556931485,"EPS_TTM":0.191579661029,"OPERATE_INCOME_QOQ":-0.754229608816,"NET_PROFIT_RATIO":9.5599646061,"ROE_AVG":21.209509788667,"GROSS_PROFIT_QOQ":0.19571077552,"ROA":11.270684263529,"HOLDER_PROFIT_QOQ":-1.296598714836,"ROE_YEARLY":21.209509788667,"ROIC_YEARLY":16.491752727634,"TOTAL_ASSETS":438725891,"TOTAL_LIABILITIES":248747543.64,"TAX_EBT":31.759836144682,"OCF_SALES":11.844645317141,"TOTAL_PARENT_EQUITY":190059144.8,"DEBT_ASSET_RATIO":56.6977123399,"OPERATE_PROFIT":89929234,"PRETAX_PROFIT":78485454.92,"NETCASH_OPERATE":66358264.16,"NETCASH_INVEST":-47678906,"NETCASH_FINANCE":-1308750.2,"END_CASH":136027540.08,"DIVI_RATIO":0.239829550555,"DIVIDEND_RATE":4.6,"CURRENT_RATIO":1.195158156222,"COMMON_ACS":1500000000,"CURRENTDEBT_DEBT":78.182445669275,"ISSUED_COMMON_SHARES":233917250,"HK_COMMON_SHARES":233917250,"PER_SHARES":2000,"TOTAL_MARKET_CAP":257308975,"HKSK_MARKET_CAP":257308975,"PE_TTM":4.750290305906,"PB_TTM":0.774607065446,"REPORT_DATE_SQ":"2019-12-31 00:00:00","REPORT_TYPE_SQ":"2019年年报","OPERATE_INCOME_SQ":503011822.3,"DPS_HKD":0.0506,"OPERATE_INCOME_QOQ_SQ":-7.372196652305,"NET_PROFIT_RATIO_SQ":6.7874664981,"HOLDER_PROFIT_SQ":33512921.36,"HOLDER_PROFIT_QOQ_SQ":2.26244988807,"ROE_AVG_SQ":15.077063817183,"PE_TTM_SQ":6.737490549055,"PB_TTM_SQ":1.344738430584,"ROA_SQ":8.87869985381,"START_DATE":"2020-01-01 00:00:00","FISCAL_YEAR":"12-31","CURRENCY":"HKD","IS_CNY_CODE":0,"DPS_HKD_LY":0.0445,"ORG_TYPE":"一般企业","PREMIUM_INCOME":null,"PREMIUM_INCOME_YOY":null,"NET_INTEREST_INCOME":null,"NET_INTEREST_INCOME_YOY":null,"FEE_COMMISSION_INCOME":null,"FEE_COMMISSION_INCOME_YOY":null,"ACCOUNTS_RECE_TDAYS":18.810076862213,"INVENTORY_TDAYS":8.379244013607,"CURRENT_ASSETS_TDAYS":2.662987470196,"TOTAL_ASSETS_TDAYS":1.411249271214,"PREMIUM_EXPENSE":null,"LOAN_DEPOSIT":null,"LOAN_EQUITY":null,"LOAN_ASSETS":null,"DEPOSIT_EQUITY":null,"DEPOSIT_ASSETS":null,"EQUITY_MULTIPLIER":2.30934681292,"EQUITY_RATIO":1.308790186875},{"SECUCODE":"01861.HK","SECURITY_CODE":"01861","SECURITY_NAME_ABBR":"保宝龙科技","ORG_CODE":"10982396","STD_REPORT_DATE":"2020-06-30 00:00:00","REPORT_DATE":"2020-06-30 00:00:00","DATE_TYPE_CODE":"002","REPORT_TYPE":"2020年中报","PER_NETCASH_OPERATE":0.023967827665,"PER_OI":1.34580838593,"BPS":1.161549145093,"BASIC_EPS":0.11692032,"DILUTED_EPS":0.11692032,"OPERATE_INCOME":314306483.04,"OPERATE_INCOME_YOY":19.7217206142,"GROSS_PROFIT":113370692.16,"GROSS_PROFIT_YOY":55.983886757318,"HOLDER_PROFIT":27328297.92,"HOLDER_PROFIT_YOY":69.6705041683,"GROSS_PROFIT_RATIO":36.070109360605,"EPS_TTM":0.194096311307,"OPERATE_INCOME_QOQ":12.223228038432,"NET_PROFIT_RATIO":11.5431673598,"ROE_AVG":10.443895218946,"GROSS_PROFIT_QOQ":27.668206667638,"ROA":6.688246945154,"HOLDER_PROFIT_QOQ":35.261781606735,"ROE_YEARLY":20.887790437891,"ROIC_YEARLY":18.534488099221,"TOTAL_ASSETS":431663427.36,"TOTAL_LIABILITIES":149995068.96,"TAX_EBT":34.540270613247,"OCF_SALES":1.780924232253,"TOTAL_PARENT_EQUITY":271706381.76,"DEBT_ASSET_RATIO":34.7481531797,"OPERATE_PROFIT":59810224.32,"PRETAX_PROFIT":55424798.88,"NETCASH_OPERATE":5597560.32,"NETCASH_INVEST":-11645446.56,"NETCASH_FINANCE":-23064360,"END_CASH":92202633.6,"DIVI_RATIO":0.236719923685,"DIVIDEND_RATE":4.6,"CURRENT_RATIO":1.71528147725,"COMMON_ACS":1500000000,"CURRENTDEBT_DEBT":94.880913957213,"ISSUED_COMMON_SHARES":233917250,"HK_COMMON_SHARES":233917250,"PER_SHARES":2000,"TOTAL_MARKET_CAP":257308975,"HKSK_MARKET_CAP":257308975,"PE_TTM":4.750290305906,"PB_TTM":0.774607065446,"REPORT_DATE_SQ":"2019-06-30 00:00:00","REPORT_TYPE_SQ":"2019年中报","OPERATE_INCOME_SQ":252822200.94,"DPS_HKD":0.0506,"OPERATE_INCOME_QOQ_SQ":1.458642438839,"NET_PROFIT_RATIO_SQ":6.3453127773,"HOLDER_PROFIT_SQ":15511044.78,"HOLDER_PROFIT_QOQ_SQ":-10.277240636765,"ROE_AVG_SQ":7.289601785917,"PE_TTM_SQ":6.737490549055,"PB_TTM_SQ":1.344738430584,"ROA_SQ":4.188226743323,"START_DATE":"2020-01-01 00:00:00","FISCAL_YEAR":"12-31","CURRENCY":"HKD","IS_CNY_CODE":0,"DPS_HKD_LY":0.0445,"ORG_TYPE":"一般企业","PREMIUM_INCOME":null,"PREMIUM_INCOME_YOY":null,"NET_INTEREST_INCOME":null,"NET_INTEREST_INCOME_YOY":null,"FEE_COMMISSION_INCOME":null,"FEE_COMMISSION_INCOME_YOY":null,"ACCOUNTS_RECE_TDAYS":5.695786398285,"INVENTORY_TDAYS":4.086702893502,"CURRENT_ASSETS_TDAYS":1.40156412293,"TOTAL_ASSETS_TDAYS":0.76922440658,"PREMIUM_EXPENSE":null,"LOAN_DEPOSIT":null,"LOAN_EQUITY":null,"LOAN_ASSETS":null,"DEPOSIT_EQUITY":null,"DEPOSIT_ASSETS":null,"EQUITY_MULTIPLIER":1.532523673627,"EQUITY_RATIO":0.552048383952}],"count":17},"success":true,"message":"ok","code":0}