{"version":"a676631e8a8bb091d60d67afebdec3a4","result":{"pages":3,"data":[{"SECUCODE":"01865.HK","SECURITY_CODE":"01865","SECURITY_NAME_ABBR":"卓航控股","ORG_CODE":"10969484","STD_REPORT_DATE":"2024-06-30 00:00:00","REPORT_DATE":"2024-09-30 00:00:00","DATE_TYPE_CODE":"002","REPORT_TYPE":"2024年中报","PER_NETCASH_OPERATE":0.054429685912,"PER_OI":0.185856710333,"BPS":0.46825754489,"BASIC_EPS":-0.36888694,"DILUTED_EPS":-0.36888694,"OPERATE_INCOME":131660893.6,"OPERATE_INCOME_YOY":-17.2309386182,"GROSS_PROFIT":14777370,"GROSS_PROFIT_YOY":-5.628507122832,"HOLDER_PROFIT":-52273578.1,"HOLDER_PROFIT_YOY":-15.0445675741,"GROSS_PROFIT_RATIO":11.223811107416,"EPS_TTM":-0.044639899351,"OPERATE_INCOME_QOQ":0,"NET_PROFIT_RATIO":-39.8777851679,"ROE_AVG":-14.660690438547,"GROSS_PROFIT_QOQ":0,"ROA":-8.811739144474,"HOLDER_PROFIT_QOQ":0,"ROE_YEARLY":-29.321380877093,"ROIC_YEARLY":-19.618052881036,"TOTAL_ASSETS":572748968.8,"TOTAL_LIABILITIES":203818244,"TAX_EBT":null,"OCF_SALES":29.285833056202,"TOTAL_PARENT_EQUITY":331713644.8,"DEBT_ASSET_RATIO":35.5859643758,"OPERATE_PROFIT":-49745005.9,"PRETAX_PROFIT":-52957715.6,"NETCASH_OPERATE":38557989.5,"NETCASH_INVEST":-1921058.1,"NETCASH_FINANCE":-35148248.2,"END_CASH":14542026.7,"DIVI_RATIO":null,"DIVIDEND_RATE":null,"CURRENT_RATIO":2.833427314763,"COMMON_ACS":1000000000,"CURRENTDEBT_DEBT":71.431256713212,"ISSUED_COMMON_SHARES":708400000,"HK_COMMON_SHARES":708400000,"PER_SHARES":12000,"TOTAL_MARKET_CAP":171432800,"HKSK_MARKET_CAP":171432800,"PE_TTM":-2.139049567078,"PB_TTM":0.466053740179,"REPORT_DATE_SQ":"2023-06-30 00:00:00","REPORT_TYPE_SQ":"2023年中报","OPERATE_INCOME_SQ":152873733.6,"DPS_HKD":null,"OPERATE_INCOME_QOQ_SQ":0,"NET_PROFIT_RATIO_SQ":-28.8774431217,"HOLDER_PROFIT_SQ":-43667689.8,"HOLDER_PROFIT_QOQ_SQ":0,"ROE_AVG_SQ":-12.735961218369,"PE_TTM_SQ":-14.357470800009,"PB_TTM_SQ":0.142634115573,"ROA_SQ":-6.797145886466,"START_DATE":"2024-04-01 00:00:00","FISCAL_YEAR":"3-31","CURRENCY":"HKD","IS_CNY_CODE":0,"DPS_HKD_LY":null,"ORG_TYPE":"一般企业","PREMIUM_INCOME":null,"PREMIUM_INCOME_YOY":null,"NET_INTEREST_INCOME":null,"NET_INTEREST_INCOME_YOY":null,"FEE_COMMISSION_INCOME":null,"FEE_COMMISSION_INCOME_YOY":null,"ACCOUNTS_RECE_TDAYS":1.149107931883,"INVENTORY_TDAYS":null,"CURRENT_ASSETS_TDAYS":0.306204017209,"TOTAL_ASSETS_TDAYS":0.221940317097,"PREMIUM_EXPENSE":null,"LOAN_DEPOSIT":null,"LOAN_EQUITY":null,"LOAN_ASSETS":null,"DEPOSIT_EQUITY":null,"DEPOSIT_ASSETS":null,"EQUITY_MULTIPLIER":1.552456681699,"EQUITY_RATIO":0.614440337909},{"SECUCODE":"01865.HK","SECURITY_CODE":"01865","SECURITY_NAME_ABBR":"卓航控股","ORG_CODE":"10969484","STD_REPORT_DATE":"2023-12-31 00:00:00","REPORT_DATE":"2024-03-31 00:00:00","DATE_TYPE_CODE":"001","REPORT_TYPE":"2023年年报","PER_NETCASH_OPERATE":-0.039921558442,"PER_OI":0.220145795455,"BPS":0.519024948052,"BASIC_EPS":-0.04695818,"DILUTED_EPS":-0.04695818,"OPERATE_INCOME":311902563,"OPERATE_INCOME_YOY":-1.0627615063,"GROSS_PROFIT":42172666.6,"GROSS_PROFIT_YOY":15.308988315511,"HOLDER_PROFIT":-63245809.4,"HOLDER_PROFIT_YOY":-481.3288069835,"GROSS_PROFIT_RATIO":13.521102934957,"EPS_TTM":-0.002901973955,"OPERATE_INCOME_QOQ":0,"NET_PROFIT_RATIO":-20.7663029688,"ROE_AVG":-19.096398018193,"GROSS_PROFIT_QOQ":0,"ROA":-10.312107499871,"HOLDER_PROFIT_QOQ":0,"ROE_YEARLY":-19.096398018193,"ROIC_YEARLY":-10.851204432093,"TOTAL_ASSETS":591625582.2,"TOTAL_LIABILITIES":223035526.4,"TAX_EBT":-1.63152370957,"OCF_SALES":-18.134145309989,"TOTAL_PARENT_EQUITY":367677273.2,"DEBT_ASSET_RATIO":37.6987630539,"OPERATE_PROFIT":-45312005.6,"PRETAX_PROFIT":-55299852.2,"NETCASH_OPERATE":-56560864,"NETCASH_INVEST":-37413534.2,"NETCASH_FINANCE":72236454.2,"END_CASH":7592451.8,"DIVI_RATIO":null,"DIVIDEND_RATE":null,"CURRENT_RATIO":3.091280344854,"COMMON_ACS":1000000000,"CURRENTDEBT_DEBT":62.561506434519,"ISSUED_COMMON_SHARES":708400000,"HK_COMMON_SHARES":708400000,"PER_SHARES":12000,"TOTAL_MARKET_CAP":180642000,"HKSK_MARKET_CAP":180642000,"PE_TTM":-2.25395718845,"PB_TTM":0.491089684899,"REPORT_DATE_SQ":"2022-12-31 00:00:00","REPORT_TYPE_SQ":"2022年年报","OPERATE_INCOME_SQ":309266000,"DPS_HKD":null,"OPERATE_INCOME_QOQ_SQ":0,"NET_PROFIT_RATIO_SQ":-3.4590619437,"HOLDER_PROFIT_SQ":-10672912,"HOLDER_PROFIT_QOQ_SQ":0,"ROE_AVG_SQ":-4.250494722955,"PE_TTM_SQ":-15.693049479079,"PB_TTM_SQ":0.155902405394,"ROA_SQ":-1.845314003177,"START_DATE":"2023-04-01 00:00:00","FISCAL_YEAR":"3-31","CURRENCY":"HKD","IS_CNY_CODE":0,"DPS_HKD_LY":null,"ORG_TYPE":"一般企业","PREMIUM_INCOME":null,"PREMIUM_INCOME_YOY":null,"NET_INTEREST_INCOME":null,"NET_INTEREST_INCOME_YOY":null,"FEE_COMMISSION_INCOME":null,"FEE_COMMISSION_INCOME_YOY":null,"ACCOUNTS_RECE_TDAYS":2.243070443378,"INVENTORY_TDAYS":null,"CURRENT_ASSETS_TDAYS":0.681354525651,"TOTAL_ASSETS_TDAYS":0.508551126099,"PREMIUM_EXPENSE":null,"LOAN_DEPOSIT":null,"LOAN_EQUITY":null,"LOAN_ASSETS":null,"DEPOSIT_EQUITY":null,"DEPOSIT_ASSETS":null,"EQUITY_MULTIPLIER":1.605104567772,"EQUITY_RATIO":0.60660677898},{"SECUCODE":"01865.HK","SECURITY_CODE":"01865","SECURITY_NAME_ABBR":"卓航控股","ORG_CODE":"10969484","STD_REPORT_DATE":"2023-06-30 00:00:00","REPORT_DATE":"2023-09-30 00:00:00","DATE_TYPE_CODE":"002","REPORT_TYPE":"2023年中报","PER_NETCASH_OPERATE":-0.066613767434,"PER_OI":0.107900715415,"BPS":0.553277030632,"BASIC_EPS":-0.34767939,"DILUTED_EPS":-0.34767939,"OPERATE_INCOME":152873733.6,"OPERATE_INCOME_YOY":36.6377703207,"GROSS_PROFIT":15658722.3,"GROSS_PROFIT_YOY":148.584927548647,"HOLDER_PROFIT":-43667689.8,"HOLDER_PROFIT_YOY":17.8263882015,"GROSS_PROFIT_RATIO":11.01749837978,"EPS_TTM":-0.008923839465,"OPERATE_INCOME_QOQ":0,"NET_PROFIT_RATIO":-28.8774431217,"ROE_AVG":-12.735961218369,"GROSS_PROFIT_QOQ":0,"ROA":-6.797145886466,"HOLDER_PROFIT_QOQ":0,"ROE_YEARLY":-25.471922436738,"ROIC_YEARLY":-14.926755156806,"TOTAL_ASSETS":651838367.4,"TOTAL_LIABILITIES":255799456.8,"TAX_EBT":null,"OCF_SALES":-61.20339734625,"TOTAL_PARENT_EQUITY":391941448.5,"DEBT_ASSET_RATIO":39.2427739135,"OPERATE_PROFIT":-38565586.8,"PRETAX_PROFIT":-43094360.7,"NETCASH_OPERATE":-94378385.7,"NETCASH_INVEST":-29849932.5,"NETCASH_FINANCE":116054433.6,"END_CASH":13786197.9,"DIVI_RATIO":null,"DIVIDEND_RATE":null,"CURRENT_RATIO":3.587024305947,"COMMON_ACS":1000000000,"CURRENTDEBT_DEBT":54.735565060043,"ISSUED_COMMON_SHARES":708400000,"HK_COMMON_SHARES":708400000,"PER_SHARES":12000,"TOTAL_MARKET_CAP":180642000,"HKSK_MARKET_CAP":180642000,"PE_TTM":-2.25395718845,"PB_TTM":0.491089684899,"REPORT_DATE_SQ":"2022-06-30 00:00:00","REPORT_TYPE_SQ":"2022年中报","OPERATE_INCOME_SQ":106672795.2,"DPS_HKD":null,"OPERATE_INCOME_QOQ_SQ":0,"NET_PROFIT_RATIO_SQ":-47.0870618941,"HOLDER_PROFIT_SQ":-50229085.1,"HOLDER_PROFIT_QOQ_SQ":0,"ROE_AVG_SQ":-22.360674604931,"PE_TTM_SQ":-15.693049479079,"PB_TTM_SQ":0.155902405394,"ROA_SQ":-9.522193789792,"START_DATE":"2023-04-01 00:00:00","FISCAL_YEAR":"3-31","CURRENCY":"HKD","IS_CNY_CODE":0,"DPS_HKD_LY":null,"ORG_TYPE":"一般企业","PREMIUM_INCOME":null,"PREMIUM_INCOME_YOY":null,"NET_INTEREST_INCOME":null,"NET_INTEREST_INCOME_YOY":null,"FEE_COMMISSION_INCOME":null,"FEE_COMMISSION_INCOME_YOY":null,"ACCOUNTS_RECE_TDAYS":0.744190810278,"INVENTORY_TDAYS":null,"CURRENT_ASSETS_TDAYS":0.313127159511,"TOTAL_ASSETS_TDAYS":0.240028819506,"PREMIUM_EXPENSE":null,"LOAN_DEPOSIT":null,"LOAN_EQUITY":null,"LOAN_ASSETS":null,"DEPOSIT_EQUITY":null,"DEPOSIT_ASSETS":null,"EQUITY_MULTIPLIER":1.645894759212,"EQUITY_RATIO":0.65264711803},{"SECUCODE":"01865.HK","SECURITY_CODE":"01865","SECURITY_NAME_ABBR":"卓航控股","ORG_CODE":"10969484","STD_REPORT_DATE":"2022-12-31 00:00:00","REPORT_DATE":"2023-03-31 00:00:00","DATE_TYPE_CODE":"001","REPORT_TYPE":"2022年年报","PER_NETCASH_OPERATE":0.009100195652,"PER_OI":0.280132246377,"BPS":0.408117809147,"BASIC_EPS":-0.0098344,"DILUTED_EPS":-0.0098344,"OPERATE_INCOME":309266000,"OPERATE_INCOME_YOY":1.6988443121,"GROSS_PROFIT":36573616,"GROSS_PROFIT_YOY":-20.972566142318,"HOLDER_PROFIT":-10672912,"HOLDER_PROFIT_YOY":-301.3671875,"GROSS_PROFIT_RATIO":12.343809793188,"EPS_TTM":-0.027083314764,"OPERATE_INCOME_QOQ":0,"NET_PROFIT_RATIO":-3.4590619437,"ROE_AVG":-4.250494722955,"GROSS_PROFIT_QOQ":0,"ROA":-1.845314003177,"HOLDER_PROFIT_QOQ":0,"ROE_YEARLY":-4.250494722955,"ROIC_YEARLY":-2.017701366499,"TOTAL_ASSETS":622947128,"TOTAL_LIABILITIES":332325080,"TAX_EBT":-77.10407239819,"OCF_SALES":3.229456100361,"TOTAL_PARENT_EQUITY":289110656,"DEBT_ASSET_RATIO":53.3472368782,"OPERATE_PROFIT":4073512,"PRETAX_PROFIT":-5719480,"NETCASH_OPERATE":10046616,"NETCASH_INVEST":-17127384,"NETCASH_FINANCE":-19192608,"END_CASH":19202960,"DIVI_RATIO":null,"DIVIDEND_RATE":null,"CURRENT_RATIO":2.050680431722,"COMMON_ACS":1000000000,"CURRENTDEBT_DEBT":69.700179113776,"ISSUED_COMMON_SHARES":708400000,"HK_COMMON_SHARES":708400000,"PER_SHARES":12000,"TOTAL_MARKET_CAP":180642000,"HKSK_MARKET_CAP":180642000,"PE_TTM":-2.25395718845,"PB_TTM":0.491089684899,"REPORT_DATE_SQ":"2021-12-31 00:00:00","REPORT_TYPE_SQ":"2021年年报","OPERATE_INCOME_SQ":277363426.8,"DPS_HKD":null,"OPERATE_INCOME_QOQ_SQ":0,"NET_PROFIT_RATIO_SQ":1.7326858322,"HOLDER_PROFIT_SQ":4805836.8,"HOLDER_PROFIT_QOQ_SQ":0,"ROE_AVG_SQ":2.50946563576,"PE_TTM_SQ":-15.693049479079,"PB_TTM_SQ":0.155902405394,"ROA_SQ":1.156617796553,"START_DATE":"2022-04-01 00:00:00","FISCAL_YEAR":"3-31","CURRENCY":"HKD","IS_CNY_CODE":0,"DPS_HKD_LY":null,"ORG_TYPE":"一般企业","PREMIUM_INCOME":null,"PREMIUM_INCOME_YOY":null,"NET_INTEREST_INCOME":null,"NET_INTEREST_INCOME_YOY":null,"FEE_COMMISSION_INCOME":null,"FEE_COMMISSION_INCOME_YOY":null,"ACCOUNTS_RECE_TDAYS":2.158715248297,"INVENTORY_TDAYS":null,"CURRENT_ASSETS_TDAYS":0.725951782781,"TOTAL_ASSETS_TDAYS":0.537870550596,"PREMIUM_EXPENSE":null,"LOAN_DEPOSIT":null,"LOAN_EQUITY":null,"LOAN_ASSETS":null,"DEPOSIT_EQUITY":null,"DEPOSIT_ASSETS":null,"EQUITY_MULTIPLIER":2.143495761203,"EQUITY_RATIO":1.14947364652},{"SECUCODE":"01865.HK","SECURITY_CODE":"01865","SECURITY_NAME_ABBR":"卓航控股","ORG_CODE":"10969484","STD_REPORT_DATE":"2022-06-30 00:00:00","REPORT_DATE":"2022-09-30 00:00:00","DATE_TYPE_CODE":"002","REPORT_TYPE":"2022年中报","PER_NETCASH_OPERATE":-0.013883832518,"PER_OI":0.096623908696,"BPS":0.34526786166,"BASIC_EPS":-0.04921983,"DILUTED_EPS":-0.04921983,"OPERATE_INCOME":106672795.2,"OPERATE_INCOME_YOY":-21.941281333,"GROSS_PROFIT":6299143.9,"GROSS_PROFIT_YOY":111.593681558616,"HOLDER_PROFIT":-50229085.1,"HOLDER_PROFIT_YOY":-210.0030684259,"GROSS_PROFIT_RATIO":5.905108128262,"EPS_TTM":0.004353113043,"OPERATE_INCOME_QOQ":0,"NET_PROFIT_RATIO":-47.0870618941,"ROE_AVG":-22.360674604931,"GROSS_PROFIT_QOQ":0,"ROA":-9.522193789792,"HOLDER_PROFIT_QOQ":0,"ROE_YEARLY":-44.721349209862,"ROIC_YEARLY":-21.758466591288,"TOTAL_ASSETS":542248403.9,"TOTAL_LIABILITIES":297660650.7,"TAX_EBT":0.960690128419,"OCF_SALES":-14.36894108874,"TOTAL_PARENT_EQUITY":244587753.2,"DEBT_ASSET_RATIO":54.893780887,"OPERATE_PROFIT":-45058517.1,"PRETAX_PROFIT":-50716311.7,"NETCASH_OPERATE":-15327751.1,"NETCASH_INVEST":2809010.5,"NETCASH_FINANCE":53555152.4,"END_CASH":85562957,"DIVI_RATIO":null,"DIVIDEND_RATE":null,"CURRENT_RATIO":2.372745606453,"COMMON_ACS":1000000000,"CURRENTDEBT_DEBT":57.974645487799,"ISSUED_COMMON_SHARES":708400000,"HK_COMMON_SHARES":708400000,"PER_SHARES":12000,"TOTAL_MARKET_CAP":180642000,"HKSK_MARKET_CAP":180642000,"PE_TTM":-2.25395718845,"PB_TTM":0.491089684899,"REPORT_DATE_SQ":"2021-06-30 00:00:00","REPORT_TYPE_SQ":"2021年中报","OPERATE_INCOME_SQ":130926078.4,"DPS_HKD":null,"OPERATE_INCOME_QOQ_SQ":0,"NET_PROFIT_RATIO_SQ":-11.8565139884,"HOLDER_PROFIT_SQ":-15523268.8,"HOLDER_PROFIT_QOQ_SQ":0,"ROE_AVG_SQ":-8.382201646091,"PE_TTM_SQ":-15.693049479079,"PB_TTM_SQ":0.155902405394,"ROA_SQ":-4.2442909143,"START_DATE":"2022-04-01 00:00:00","FISCAL_YEAR":"3-31","CURRENCY":"HKD","IS_CNY_CODE":0,"DPS_HKD_LY":null,"ORG_TYPE":"一般企业","PREMIUM_INCOME":null,"PREMIUM_INCOME_YOY":null,"NET_INTEREST_INCOME":null,"NET_INTEREST_INCOME_YOY":null,"FEE_COMMISSION_INCOME":null,"FEE_COMMISSION_INCOME_YOY":null,"ACCOUNTS_RECE_TDAYS":0.881910477208,"INVENTORY_TDAYS":null,"CURRENT_ASSETS_TDAYS":0.274773967164,"TOTAL_ASSETS_TDAYS":0.202225269676,"PREMIUM_EXPENSE":null,"LOAN_DEPOSIT":null,"LOAN_EQUITY":null,"LOAN_ASSETS":null,"DEPOSIT_EQUITY":null,"DEPOSIT_ASSETS":null,"EQUITY_MULTIPLIER":2.216989186114,"EQUITY_RATIO":1.216989186113},{"SECUCODE":"01865.HK","SECURITY_CODE":"01865","SECURITY_NAME_ABBR":"卓航控股","ORG_CODE":"10969484","STD_REPORT_DATE":"2021-12-31 00:00:00","REPORT_DATE":"2022-03-31 00:00:00","DATE_TYPE_CODE":"001","REPORT_TYPE":"2021年年报","PER_NETCASH_OPERATE":-0.102408684783,"PER_OI":0.301481985652,"BPS":0.272740905703,"BASIC_EPS":0.00516252,"DILUTED_EPS":0.00516252,"OPERATE_INCOME":277363426.8,"OPERATE_INCOME_YOY":36.0161104718,"GROSS_PROFIT":46279645.2,"GROSS_PROFIT_YOY":-4.91225807915,"HOLDER_PROFIT":4805836.8,"HOLDER_PROFIT_YOY":-68.5310387216,"GROSS_PROFIT_RATIO":16.685561515423,"EPS_TTM":0.016053146304,"OPERATE_INCOME_QOQ":0,"NET_PROFIT_RATIO":1.7326858322,"ROE_AVG":2.50946563576,"GROSS_PROFIT_QOQ":0,"ROA":1.156617796553,"HOLDER_PROFIT_QOQ":0,"ROE_YEARLY":2.50946563576,"ROIC_YEARLY":1.313679457081,"TOTAL_ASSETS":484019102.4,"TOTAL_LIABILITIES":290809444.8,"TAX_EBT":44.528710725894,"OCF_SALES":-33.96842586169,"TOTAL_PARENT_EQUITY":193209657.6,"DEBT_ASSET_RATIO":60.0822247217,"OPERATE_PROFIT":16656166.8,"PRETAX_PROFIT":8663647.2,"NETCASH_OPERATE":-94215990,"NETCASH_INVEST":-32589580.8,"NETCASH_FINANCE":114795672,"END_CASH":42492232.8,"DIVI_RATIO":null,"DIVIDEND_RATE":null,"CURRENT_RATIO":2.126040496558,"COMMON_ACS":1000000000,"CURRENTDEBT_DEBT":56.03092118004,"ISSUED_COMMON_SHARES":708400000,"HK_COMMON_SHARES":708400000,"PER_SHARES":12000,"TOTAL_MARKET_CAP":180642000,"HKSK_MARKET_CAP":180642000,"PE_TTM":-2.25395718845,"PB_TTM":0.491089684899,"REPORT_DATE_SQ":"2020-12-31 00:00:00","REPORT_TYPE_SQ":"2020年年报","OPERATE_INCOME_SQ":211896960,"DPS_HKD":null,"OPERATE_INCOME_QOQ_SQ":0,"NET_PROFIT_RATIO_SQ":7.4890678941,"HOLDER_PROFIT_SQ":15869107.2,"HOLDER_PROFIT_QOQ_SQ":0,"ROE_AVG_SQ":8.383032988549,"PE_TTM_SQ":-15.693049479079,"PB_TTM_SQ":0.155902405394,"ROA_SQ":5.473691293231,"START_DATE":"2021-04-01 00:00:00","FISCAL_YEAR":"3-31","CURRENCY":"HKD","IS_CNY_CODE":0,"DPS_HKD_LY":null,"ORG_TYPE":"一般企业","PREMIUM_INCOME":null,"PREMIUM_INCOME_YOY":null,"NET_INTEREST_INCOME":null,"NET_INTEREST_INCOME_YOY":null,"FEE_COMMISSION_INCOME":null,"FEE_COMMISSION_INCOME_YOY":null,"ACCOUNTS_RECE_TDAYS":2.552541787241,"INVENTORY_TDAYS":null,"CURRENT_ASSETS_TDAYS":0.978087814243,"TOTAL_ASSETS_TDAYS":0.667528858969,"PREMIUM_EXPENSE":null,"LOAN_DEPOSIT":null,"LOAN_EQUITY":null,"LOAN_ASSETS":null,"DEPOSIT_EQUITY":null,"DEPOSIT_ASSETS":null,"EQUITY_MULTIPLIER":2.50514963078,"EQUITY_RATIO":1.505149630781},{"SECUCODE":"01865.HK","SECURITY_CODE":"01865","SECURITY_NAME_ABBR":"卓航控股","ORG_CODE":"10969484","STD_REPORT_DATE":"2021-06-30 00:00:00","REPORT_DATE":"2021-09-30 00:00:00","DATE_TYPE_CODE":"002","REPORT_TYPE":"2021年中报","PER_NETCASH_OPERATE":-0.03465228,"PER_OI":0.142310954783,"BPS":0.250915209486,"BASIC_EPS":-0.0166712,"DILUTED_EPS":-0.0166712,"OPERATE_INCOME":130926078.4,"OPERATE_INCOME_YOY":262.3385183232,"GROSS_PROFIT":2977000,"GROSS_PROFIT_YOY":144.974700409123,"HOLDER_PROFIT":-15523268.8,"HOLDER_PROFIT_YOY":-12.4568668047,"GROSS_PROFIT_RATIO":2.273802161022,"EPS_TTM":0.017249029565,"OPERATE_INCOME_QOQ":0,"NET_PROFIT_RATIO":-11.8565139884,"ROE_AVG":-8.382201646091,"GROSS_PROFIT_QOQ":0,"ROA":-4.2442909143,"HOLDER_PROFIT_QOQ":0,"ROE_YEARLY":-16.764403292181,"ROIC_YEARLY":-10.2738700398,"TOTAL_ASSETS":379317432,"TOTAL_LIABILITIES":201569097.6,"TAX_EBT":-5.537564766839,"OCF_SALES":-24.349692581948,"TOTAL_PARENT_EQUITY":177748334.4,"DEBT_ASSET_RATIO":53.1399510266,"OPERATE_PROFIT":-12098528,"PRETAX_PROFIT":-14708761.6,"NETCASH_OPERATE":-31880097.6,"NETCASH_INVEST":971692.8,"NETCASH_FINANCE":43311777.6,"END_CASH":69399824,"DIVI_RATIO":null,"DIVIDEND_RATE":null,"CURRENT_RATIO":1.932218613971,"COMMON_ACS":1000000000,"CURRENTDEBT_DEBT":68.40115317359,"ISSUED_COMMON_SHARES":708400000,"HK_COMMON_SHARES":708400000,"PER_SHARES":12000,"TOTAL_MARKET_CAP":180642000,"HKSK_MARKET_CAP":180642000,"PE_TTM":-2.25395718845,"PB_TTM":0.491089684899,"REPORT_DATE_SQ":"2020-06-30 00:00:00","REPORT_TYPE_SQ":"2020年中报","OPERATE_INCOME_SQ":37754763.4,"DPS_HKD":null,"OPERATE_INCOME_QOQ_SQ":0,"NET_PROFIT_RATIO_SQ":-38.2019509623,"HOLDER_PROFIT_SQ":-14423056.2,"HOLDER_PROFIT_QOQ_SQ":0,"ROE_AVG_SQ":-8.108334965446,"PE_TTM_SQ":-15.693049479079,"PB_TTM_SQ":0.155902405394,"ROA_SQ":-5.748745313523,"START_DATE":"2021-04-01 00:00:00","FISCAL_YEAR":"3-31","CURRENCY":"HKD","IS_CNY_CODE":0,"DPS_HKD_LY":null,"ORG_TYPE":"一般企业","PREMIUM_INCOME":null,"PREMIUM_INCOME_YOY":null,"NET_INTEREST_INCOME":null,"NET_INTEREST_INCOME_YOY":null,"FEE_COMMISSION_INCOME":null,"FEE_COMMISSION_INCOME_YOY":null,"ACCOUNTS_RECE_TDAYS":1.036678044089,"INVENTORY_TDAYS":null,"CURRENT_ASSETS_TDAYS":0.533925137429,"TOTAL_ASSETS_TDAYS":0.357971231548,"PREMIUM_EXPENSE":null,"LOAN_DEPOSIT":null,"LOAN_EQUITY":null,"LOAN_ASSETS":null,"DEPOSIT_EQUITY":null,"DEPOSIT_ASSETS":null,"EQUITY_MULTIPLIER":2.134013988265,"EQUITY_RATIO":1.134013988263},{"SECUCODE":"01865.HK","SECURITY_CODE":"01865","SECURITY_NAME_ABBR":"卓航控股","ORG_CODE":"10969484","STD_REPORT_DATE":"2020-12-31 00:00:00","REPORT_DATE":"2021-03-31 00:00:00","DATE_TYPE_CODE":"001","REPORT_TYPE":"2020年年报","PER_NETCASH_OPERATE":-0.006445857391,"PER_OI":0.230322782609,"BPS":0.278419568605,"BASIC_EPS":0.0170688,"DILUTED_EPS":0.0170688,"OPERATE_INCOME":211896960,"OPERATE_INCOME_YOY":59.2508429849,"GROSS_PROFIT":48670464,"GROSS_PROFIT_YOY":121.300548050789,"HOLDER_PROFIT":15869107.2,"HOLDER_PROFIT_YOY":107.5255102041,"GROSS_PROFIT_RATIO":22.968929804373,"EPS_TTM":-0.009111602174,"OPERATE_INCOME_QOQ":0,"NET_PROFIT_RATIO":7.4890678941,"ROE_AVG":8.383032988549,"GROSS_PROFIT_QOQ":0,"ROA":5.473691293231,"HOLDER_PROFIT_QOQ":0,"ROE_YEARLY":8.383032988549,"ROIC_YEARLY":7.138861160778,"TOTAL_ASSETS":360571084.8,"TOTAL_LIABILITIES":163338662.4,"TAX_EBT":19.733596447953,"OCF_SALES":-2.798619102417,"TOTAL_PARENT_EQUITY":197232422.4,"DEBT_ASSET_RATIO":45.2999891798,"OPERATE_PROFIT":21579840,"PRETAX_PROFIT":19770547.2,"NETCASH_OPERATE":-10070592,"NETCASH_INVEST":-83076288,"NETCASH_FINANCE":75146611.2,"END_CASH":58092441.6,"DIVI_RATIO":null,"DIVIDEND_RATE":null,"CURRENT_RATIO":2.266056371959,"COMMON_ACS":1000000000,"CURRENTDEBT_DEBT":61.968172453946,"ISSUED_COMMON_SHARES":708400000,"HK_COMMON_SHARES":708400000,"PER_SHARES":12000,"TOTAL_MARKET_CAP":180642000,"HKSK_MARKET_CAP":180642000,"PE_TTM":-2.25395718845,"PB_TTM":0.491089684899,"REPORT_DATE_SQ":"2019-12-31 00:00:00","REPORT_TYPE_SQ":"2019年年报","OPERATE_INCOME_SQ":135666961.6,"DPS_HKD":null,"OPERATE_INCOME_QOQ_SQ":0,"NET_PROFIT_RATIO_SQ":5.7469579241,"HOLDER_PROFIT_SQ":7796723.2,"HOLDER_PROFIT_QOQ_SQ":0,"ROE_AVG_SQ":4.306213525575,"PE_TTM_SQ":-15.693049479079,"PB_TTM_SQ":0.155902405394,"ROA_SQ":3.307807522731,"START_DATE":"2020-04-01 00:00:00","FISCAL_YEAR":"3-31","CURRENCY":"HKD","IS_CNY_CODE":0,"DPS_HKD_LY":null,"ORG_TYPE":"一般企业","PREMIUM_INCOME":null,"PREMIUM_INCOME_YOY":null,"NET_INTEREST_INCOME":null,"NET_INTEREST_INCOME_YOY":null,"FEE_COMMISSION_INCOME":null,"FEE_COMMISSION_INCOME_YOY":null,"ACCOUNTS_RECE_TDAYS":3.595663687521,"INVENTORY_TDAYS":null,"CURRENT_ASSETS_TDAYS":1.082569264501,"TOTAL_ASSETS_TDAYS":0.730890862603,"PREMIUM_EXPENSE":null,"LOAN_DEPOSIT":null,"LOAN_EQUITY":null,"LOAN_ASSETS":null,"DEPOSIT_EQUITY":null,"DEPOSIT_ASSETS":null,"EQUITY_MULTIPLIER":1.828153203273,"EQUITY_RATIO":0.828153203274},{"SECUCODE":"01865.HK","SECURITY_CODE":"01865","SECURITY_NAME_ABBR":"卓航控股","ORG_CODE":"10969484","STD_REPORT_DATE":"2020-06-30 00:00:00","REPORT_DATE":"2020-09-30 00:00:00","DATE_TYPE_CODE":"002","REPORT_TYPE":"2020年中报","PER_NETCASH_OPERATE":0.050412751196,"PER_OI":0.041037786304,"BPS":0.240920178995,"BASIC_EPS":-0.01592608,"DILUTED_EPS":-0.01592608,"OPERATE_INCOME":37754763.4,"OPERATE_INCOME_YOY":-41.1436108309,"GROSS_PROFIT":-6619277,"GROSS_PROFIT_YOY":-169.483855442049,"HOLDER_PROFIT":-14423056.2,"HOLDER_PROFIT_YOY":-947.3684210526,"GROSS_PROFIT_RATIO":-17.532296335355,"EPS_TTM":0.00847469913,"OPERATE_INCOME_QOQ":0,"NET_PROFIT_RATIO":-38.2019509623,"ROE_AVG":-8.108334965446,"GROSS_PROFIT_QOQ":0,"ROA":-5.748745313523,"HOLDER_PROFIT_QOQ":0,"ROE_YEARLY":-16.216669930892,"ROIC_YEARLY":-17.719893607264,"TOTAL_ASSETS":278019587.8,"TOTAL_LIABILITIES":107351733,"TAX_EBT":null,"OCF_SALES":122.844713946744,"TOTAL_PARENT_EQUITY":170667854.8,"DEBT_ASSET_RATIO":38.6130106333,"OPERATE_PROFIT":null,"PRETAX_PROFIT":-14423056.2,"NETCASH_OPERATE":46379731.1,"NETCASH_INVEST":-73210199,"NETCASH_FINANCE":46568853.3,"END_CASH":97970276.5,"DIVI_RATIO":null,"DIVIDEND_RATE":null,"CURRENT_RATIO":4.594263669909,"COMMON_ACS":1000000000,"CURRENTDEBT_DEBT":27.640241075568,"ISSUED_COMMON_SHARES":708400000,"HK_COMMON_SHARES":708400000,"PER_SHARES":12000,"TOTAL_MARKET_CAP":180642000,"HKSK_MARKET_CAP":180642000,"PE_TTM":-2.25395718845,"PB_TTM":0.491089684899,"REPORT_DATE_SQ":"2019-06-30 00:00:00","REPORT_TYPE_SQ":"2019年中报","OPERATE_INCOME_SQ":66191459.5,"DPS_HKD":null,"OPERATE_INCOME_QOQ_SQ":0,"NET_PROFIT_RATIO_SQ":2.6534254015,"HOLDER_PROFIT_SQ":1756341,"HOLDER_PROFIT_QOQ_SQ":0,"ROE_AVG_SQ":0.955320605036,"PE_TTM_SQ":-15.693049479079,"PB_TTM_SQ":0.155902405394,"ROA_SQ":0.717756067872,"START_DATE":"2020-04-01 00:00:00","FISCAL_YEAR":"3-31","CURRENCY":"HKD","IS_CNY_CODE":0,"DPS_HKD_LY":null,"ORG_TYPE":"一般企业","PREMIUM_INCOME":null,"PREMIUM_INCOME_YOY":null,"NET_INTEREST_INCOME":null,"NET_INTEREST_INCOME_YOY":null,"FEE_COMMISSION_INCOME":null,"FEE_COMMISSION_INCOME_YOY":null,"ACCOUNTS_RECE_TDAYS":2.425579536371,"INVENTORY_TDAYS":null,"CURRENT_ASSETS_TDAYS":0.250235028286,"TOTAL_ASSETS_TDAYS":0.150483029498,"PREMIUM_EXPENSE":null,"LOAN_DEPOSIT":null,"LOAN_EQUITY":null,"LOAN_ASSETS":null,"DEPOSIT_EQUITY":null,"DEPOSIT_ASSETS":null,"EQUITY_MULTIPLIER":1.629009681557,"EQUITY_RATIO":0.629009681558}],"count":19},"success":true,"message":"ok","code":0}