{"version":"137b7cc8defa8f7fbc5744d75894e200","result":{"pages":3,"data":[{"SECUCODE":"01862.HK","SECURITY_CODE":"01862","SECURITY_NAME_ABBR":"景瑞控股","ORG_CODE":"10343001","STD_REPORT_DATE":"2024-06-30 00:00:00","REPORT_DATE":"2024-06-30 00:00:00","DATE_TYPE_CODE":"002","REPORT_TYPE":"2024年中报","PER_NETCASH_OPERATE":0.009797160482,"PER_OI":1.602722786083,"BPS":-0.879339343183,"BASIC_EPS":-0.96,"DILUTED_EPS":-0.96,"OPERATE_INCOME":2466291000,"OPERATE_INCOME_YOY":-4.0571714443,"GROSS_PROFIT":140213000,"GROSS_PROFIT_YOY":250.558791909393,"HOLDER_PROFIT":-1483247000,"HOLDER_PROFIT_YOY":-8.7532123781,"GROSS_PROFIT_RATIO":5.685176647849,"EPS_TTM":-1.196117881268,"OPERATE_INCOME_QOQ":-1.429753340713,"NET_PROFIT_RATIO":-63.7372475511,"ROE_AVG":247.098492250512,"GROSS_PROFIT_QOQ":21.583576702074,"ROA":-3.922076686492,"HOLDER_PROFIT_QOQ":-6.935894307526,"ROE_YEARLY":494.196984501025,"ROIC_YEARLY":-8.832564810806,"TOTAL_ASSETS":36128238000,"TOTAL_LIABILITIES":33687342000,"TAX_EBT":-0.724059139613,"OCF_SALES":0.611282285829,"TOTAL_PARENT_EQUITY":-1353139000,"DEBT_ASSET_RATIO":93.2438000436,"OPERATE_PROFIT":-1157186000,"PRETAX_PROFIT":-1560646000,"NETCASH_OPERATE":15076000,"NETCASH_INVEST":117540000,"NETCASH_FINANCE":-183818000,"END_CASH":283270000,"DIVI_RATIO":null,"DIVIDEND_RATE":null,"CURRENT_RATIO":0.914498361261,"COMMON_ACS":10000000000,"CURRENTDEBT_DEBT":90.28931994694,"ISSUED_COMMON_SHARES":1538813213,"HK_COMMON_SHARES":1538813213,"PER_SHARES":1000,"TOTAL_MARKET_CAP":27698637.834,"HKSK_MARKET_CAP":27698637.834,"PE_TTM":-0.013543126372,"PB_TTM":-0.01868248035,"REPORT_DATE_SQ":"2023-06-30 00:00:00","REPORT_TYPE_SQ":"2023年中报","OPERATE_INCOME_SQ":2570584000,"DPS_HKD":null,"OPERATE_INCOME_QOQ_SQ":1.257184898252,"NET_PROFIT_RATIO_SQ":-52.6688876924,"HOLDER_PROFIT_SQ":-1363865000,"HOLDER_PROFIT_QOQ_SQ":2.300346246375,"ROE_AVG_SQ":-122.551149277852,"PE_TTM_SQ":-0.014543991844,"PB_TTM_SQ":0.141180433223,"ROA_SQ":-2.96731188954,"START_DATE":"2024-01-01 00:00:00","FISCAL_YEAR":"12-31","CURRENCY":"HKD","IS_CNY_CODE":0,"DPS_HKD_LY":null,"ORG_TYPE":"一般企业","PREMIUM_INCOME":null,"PREMIUM_INCOME_YOY":null,"NET_INTEREST_INCOME":null,"NET_INTEREST_INCOME_YOY":null,"FEE_COMMISSION_INCOME":null,"FEE_COMMISSION_INCOME_YOY":null,"ACCOUNTS_RECE_TDAYS":0.3351517633,"INVENTORY_TDAYS":0.116248164817,"CURRENT_ASSETS_TDAYS":0.084645403946,"TOTAL_ASSETS_TDAYS":0.065214913182,"PREMIUM_EXPENSE":null,"LOAN_DEPOSIT":null,"LOAN_EQUITY":null,"LOAN_ASSETS":null,"DEPOSIT_EQUITY":null,"DEPOSIT_ASSETS":null,"EQUITY_MULTIPLIER":14.801219716014,"EQUITY_RATIO":-24.895699554887},{"SECUCODE":"01862.HK","SECURITY_CODE":"01862","SECURITY_NAME_ABBR":"景瑞控股","ORG_CODE":"10343001","STD_REPORT_DATE":"2023-12-31 00:00:00","REPORT_DATE":"2023-12-31 00:00:00","DATE_TYPE_CODE":"001","REPORT_TYPE":"2023年年报","PER_NETCASH_OPERATE":0.87374607174,"PER_OI":4.740325166418,"BPS":0.099172530305,"BASIC_EPS":-1.12,"DILUTED_EPS":-1.12,"OPERATE_INCOME":7294475000,"OPERATE_INCOME_YOY":-7.7571862893,"GROSS_PROFIT":464316000,"GROSS_PROFIT_YOY":303.171074796381,"HOLDER_PROFIT":-1721220000,"HOLDER_PROFIT_YOY":59.6884344717,"GROSS_PROFIT_RATIO":6.365310731752,"EPS_TTM":-1.118537315289,"OPERATE_INCOME_QOQ":-8.90245091899,"NET_PROFIT_RATIO":-25.2428173378,"ROE_AVG":-176.872803502065,"GROSS_PROFIT_QOQ":1073.67416696374,"ROA":-3.974305210071,"HOLDER_PROFIT_QOQ":58.739295402309,"ROE_YEARLY":-176.872803502065,"ROIC_YEARLY":-4.473302669441,"TOTAL_ASSETS":39507560000,"TOTAL_LIABILITIES":35302737000,"TAX_EBT":-7.334195272315,"OCF_SALES":18.432196970995,"TOTAL_PARENT_EQUITY":152608000,"DEBT_ASSET_RATIO":89.3569154866,"OPERATE_PROFIT":-711720000,"PRETAX_PROFIT":-1715512000,"NETCASH_OPERATE":1344532000,"NETCASH_INVEST":270827000,"NETCASH_FINANCE":-1974973000,"END_CASH":334532000,"DIVI_RATIO":null,"DIVIDEND_RATE":null,"CURRENT_RATIO":1.025328774466,"COMMON_ACS":10000000000,"CURRENTDEBT_DEBT":84.145379436161,"ISSUED_COMMON_SHARES":1538813213,"HK_COMMON_SHARES":1538813213,"PER_SHARES":1000,"TOTAL_MARKET_CAP":72324221.011,"HKSK_MARKET_CAP":72324221.011,"PE_TTM":-0.035362607748,"PB_TTM":-0.048782032025,"REPORT_DATE_SQ":"2022-12-31 00:00:00","REPORT_TYPE_SQ":"2022年年报","OPERATE_INCOME_SQ":7907906000,"DPS_HKD":null,"OPERATE_INCOME_QOQ_SQ":-27.605374659914,"NET_PROFIT_RATIO_SQ":-54.0962424187,"HOLDER_PROFIT_SQ":-4269792000,"HOLDER_PROFIT_QOQ_SQ":-161.974859005257,"ROE_AVG_SQ":-109.032255840436,"PE_TTM_SQ":-0.012176365265,"PB_TTM_SQ":0.118197572001,"ROA_SQ":-7.737962991833,"START_DATE":"2023-01-01 00:00:00","FISCAL_YEAR":"12-31","CURRENCY":"HKD","IS_CNY_CODE":0,"DPS_HKD_LY":null,"ORG_TYPE":"一般企业","PREMIUM_INCOME":null,"PREMIUM_INCOME_YOY":null,"NET_INTEREST_INCOME":null,"NET_INTEREST_INCOME_YOY":null,"FEE_COMMISSION_INCOME":null,"FEE_COMMISSION_INCOME_YOY":null,"ACCOUNTS_RECE_TDAYS":0.939306637506,"INVENTORY_TDAYS":0.292057959456,"CURRENT_ASSETS_TDAYS":0.216571967383,"TOTAL_ASSETS_TDAYS":0.168429776538,"PREMIUM_EXPENSE":null,"LOAN_DEPOSIT":null,"LOAN_EQUITY":null,"LOAN_ASSETS":null,"DEPOSIT_EQUITY":null,"DEPOSIT_ASSETS":null,"EQUITY_MULTIPLIER":9.395772426132,"EQUITY_RATIO":231.329530561963},{"SECUCODE":"01862.HK","SECURITY_CODE":"01862","SECURITY_NAME_ABBR":"景瑞控股","ORG_CODE":"10343001","STD_REPORT_DATE":"2023-06-30 00:00:00","REPORT_DATE":"2023-06-30 00:00:00","DATE_TYPE_CODE":"002","REPORT_TYPE":"2023年中报","PER_NETCASH_OPERATE":0.397026744272,"PER_OI":1.67049774351,"BPS":0.280811859652,"BASIC_EPS":-0.89,"DILUTED_EPS":-0.89,"OPERATE_INCOME":2570584000,"OPERATE_INCOME_YOY":4.0230789744,"GROSS_PROFIT":39997000,"GROSS_PROFIT_YOY":-80.282474735026,"HOLDER_PROFIT":-1363865000,"HOLDER_PROFIT_YOY":6.7178036845,"GROSS_PROFIT_RATIO":1.555949932,"EPS_TTM":-2.710902119087,"OPERATE_INCOME_QOQ":1.257184898252,"NET_PROFIT_RATIO":-52.6688876924,"ROE_AVG":-122.551149277852,"GROSS_PROFIT_QOQ":-141.40718614869,"ROA":-2.96731188954,"HOLDER_PROFIT_QOQ":2.300346246375,"ROE_YEARLY":-245.102298555703,"ROIC_YEARLY":-6.690325899318,"TOTAL_ASSETS":44816118000,"TOTAL_LIABILITIES":39812509000,"TAX_EBT":3.757028612049,"OCF_SALES":23.766972796843,"TOTAL_PARENT_EQUITY":432117000,"DEBT_ASSET_RATIO":88.8352467298,"OPERATE_PROFIT":-490335000,"PRETAX_PROFIT":-1406750000,"NETCASH_OPERATE":610950000,"NETCASH_INVEST":138613000,"NETCASH_FINANCE":-883631000,"END_CASH":536520000,"DIVI_RATIO":null,"DIVIDEND_RATE":null,"CURRENT_RATIO":0.980340694818,"COMMON_ACS":10000000000,"CURRENTDEBT_DEBT":89.228217191737,"ISSUED_COMMON_SHARES":1538813213,"HK_COMMON_SHARES":1538813213,"PER_SHARES":1000,"TOTAL_MARKET_CAP":72324221.011,"HKSK_MARKET_CAP":72324221.011,"PE_TTM":-0.035362607748,"PB_TTM":-0.048782032025,"REPORT_DATE_SQ":"2022-06-30 00:00:00","REPORT_TYPE_SQ":"2022年中报","OPERATE_INCOME_SQ":2471167000,"DPS_HKD":null,"OPERATE_INCOME_QOQ_SQ":-19.394776013892,"NET_PROFIT_RATIO_SQ":-58.8459622518,"HOLDER_PROFIT_SQ":-1462085000,"HOLDER_PROFIT_QOQ_SQ":-1377.88118516892,"ROE_AVG_SQ":-27.492133607762,"PE_TTM_SQ":-0.012176365265,"PB_TTM_SQ":0.118197572001,"ROA_SQ":-2.383813886024,"START_DATE":"2023-01-01 00:00:00","FISCAL_YEAR":"12-31","CURRENCY":"HKD","IS_CNY_CODE":0,"DPS_HKD_LY":null,"ORG_TYPE":"一般企业","PREMIUM_INCOME":null,"PREMIUM_INCOME_YOY":null,"NET_INTEREST_INCOME":null,"NET_INTEREST_INCOME_YOY":null,"FEE_COMMISSION_INCOME":null,"FEE_COMMISSION_INCOME_YOY":null,"ACCOUNTS_RECE_TDAYS":null,"INVENTORY_TDAYS":0.100210418805,"CURRENT_ASSETS_TDAYS":0.071673244701,"TOTAL_ASSETS_TDAYS":0.055927268947,"PREMIUM_EXPENSE":null,"LOAN_DEPOSIT":null,"LOAN_EQUITY":null,"LOAN_ASSETS":null,"DEPOSIT_EQUITY":null,"DEPOSIT_ASSETS":null,"EQUITY_MULTIPLIER":8.956758611667,"EQUITY_RATIO":92.133632789268},{"SECUCODE":"01862.HK","SECURITY_CODE":"01862","SECURITY_NAME_ABBR":"景瑞控股","ORG_CODE":"10343001","STD_REPORT_DATE":"2022-12-31 00:00:00","REPORT_DATE":"2022-12-31 00:00:00","DATE_TYPE_CODE":"001","REPORT_TYPE":"2022年年报","PER_NETCASH_OPERATE":0.232982142973,"PER_OI":5.138964192141,"BPS":1.16562035265,"BASIC_EPS":-2.78,"DILUTED_EPS":-2.78,"OPERATE_INCOME":7907906000,"OPERATE_INCOME_YOY":-41.6461500907,"GROSS_PROFIT":115166000,"GROSS_PROFIT_YOY":-95.279994917939,"HOLDER_PROFIT":-4269792000,"HOLDER_PROFIT_YOY":-3447.727433101,"GROSS_PROFIT_RATIO":1.456340022251,"EPS_TTM":-2.774730528649,"OPERATE_INCOME_QOQ":-27.605374659914,"NET_PROFIT_RATIO":-54.0962424187,"ROE_AVG":-109.032255840436,"GROSS_PROFIT_QOQ":-91.863940753133,"ROA":-7.737962991833,"HOLDER_PROFIT_QOQ":-161.974859005257,"ROE_YEARLY":-109.032255840436,"ROIC_YEARLY":-8.742926190475,"TOTAL_ASSETS":47109844000,"TOTAL_LIABILITIES":40711147000,"TAX_EBT":-4.556805291828,"OCF_SALES":4.533640131787,"TOTAL_PARENT_EQUITY":1793672000,"DEBT_ASSET_RATIO":86.4174948234,"OPERATE_PROFIT":-2146061000,"PRETAX_PROFIT":-4091441000,"NETCASH_OPERATE":358516000,"NETCASH_INVEST":729639000,"NETCASH_FINANCE":-2627539000,"END_CASH":670410000,"DIVI_RATIO":null,"DIVIDEND_RATE":null,"CURRENT_RATIO":1.071864625623,"COMMON_ACS":10000000000,"CURRENTDEBT_DEBT":84.573104756788,"ISSUED_COMMON_SHARES":1538813213,"HK_COMMON_SHARES":1538813213,"PER_SHARES":1000,"TOTAL_MARKET_CAP":72324221.011,"HKSK_MARKET_CAP":72324221.011,"PE_TTM":-0.035362607748,"PB_TTM":-0.048782032025,"REPORT_DATE_SQ":"2021-12-31 00:00:00","REPORT_TYPE_SQ":"2021年年报","OPERATE_INCOME_SQ":13551644000,"DPS_HKD":null,"OPERATE_INCOME_QOQ_SQ":-7.984309120005,"NET_PROFIT_RATIO_SQ":2.9060164213,"HOLDER_PROFIT_SQ":127543000,"HOLDER_PROFIT_QOQ_SQ":-86.71105933934,"ROE_AVG_SQ":2.090005782858,"PE_TTM_SQ":-0.012176365265,"PB_TTM_SQ":0.118197572001,"ROA_SQ":0.19388003796,"START_DATE":"2022-01-01 00:00:00","FISCAL_YEAR":"12-31","CURRENCY":"HKD","IS_CNY_CODE":0,"DPS_HKD_LY":null,"ORG_TYPE":"一般企业","PREMIUM_INCOME":null,"PREMIUM_INCOME_YOY":null,"NET_INTEREST_INCOME":null,"NET_INTEREST_INCOME_YOY":null,"FEE_COMMISSION_INCOME":null,"FEE_COMMISSION_INCOME_YOY":null,"ACCOUNTS_RECE_TDAYS":0.985405409177,"INVENTORY_TDAYS":0.281549102837,"CURRENT_ASSETS_TDAYS":0.177591326128,"TOTAL_ASSETS_TDAYS":0.14331162729,"PREMIUM_EXPENSE":null,"LOAN_DEPOSIT":null,"LOAN_EQUITY":null,"LOAN_ASSETS":null,"DEPOSIT_EQUITY":null,"DEPOSIT_ASSETS":null,"EQUITY_MULTIPLIER":7.362412066095,"EQUITY_RATIO":22.697096793617},{"SECUCODE":"01862.HK","SECURITY_CODE":"01862","SECURITY_NAME_ABBR":"景瑞控股","ORG_CODE":"10343001","STD_REPORT_DATE":"2022-06-30 00:00:00","REPORT_DATE":"2022-06-30 00:00:00","DATE_TYPE_CODE":"002","REPORT_TYPE":"2022年中报","PER_NETCASH_OPERATE":0.175478737587,"PER_OI":1.60589146176,"BPS":2.987950039132,"BASIC_EPS":-0.95,"DILUTED_EPS":-0.95,"OPERATE_INCOME":2471167000,"OPERATE_INCOME_YOY":-51.5407851549,"GROSS_PROFIT":202850000,"GROSS_PROFIT_YOY":-83.471902641888,"HOLDER_PROFIT":-1462085000,"HOLDER_PROFIT_YOY":-595.108463763,"GROSS_PROFIT_RATIO":8.208672258896,"EPS_TTM":-1.059159088466,"OPERATE_INCOME_QOQ":-19.394776013892,"NET_PROFIT_RATIO":-58.8459622518,"ROE_AVG":-27.492133607762,"GROSS_PROFIT_QOQ":-41.986594015054,"ROA":-2.383813886024,"HOLDER_PROFIT_QOQ":-1377.88118516892,"ROE_YEARLY":-54.984267215525,"ROIC_YEARLY":-5.365487296594,"TOTAL_ASSETS":59417971000,"TOTAL_LIABILITIES":49627872000,"TAX_EBT":4.035672616502,"OCF_SALES":10.927185414826,"TOTAL_PARENT_EQUITY":4597897000,"DEBT_ASSET_RATIO":83.523336736,"OPERATE_PROFIT":-511209000,"PRETAX_PROFIT":-1515336000,"NETCASH_OPERATE":270029000,"NETCASH_INVEST":-104741000,"NETCASH_FINANCE":-1305879000,"END_CASH":1066336000,"DIVI_RATIO":null,"DIVIDEND_RATE":null,"CURRENT_RATIO":1.242065731931,"COMMON_ACS":10000000000,"CURRENTDEBT_DEBT":78.968937052147,"ISSUED_COMMON_SHARES":1538813213,"HK_COMMON_SHARES":1538813213,"PER_SHARES":1000,"TOTAL_MARKET_CAP":72324221.011,"HKSK_MARKET_CAP":72324221.011,"PE_TTM":-0.035362607748,"PB_TTM":-0.048782032025,"REPORT_DATE_SQ":"2021-06-30 00:00:00","REPORT_TYPE_SQ":"2021年中报","OPERATE_INCOME_SQ":5099478000,"DPS_HKD":null,"OPERATE_INCOME_QOQ_SQ":15.217037387808,"NET_PROFIT_RATIO_SQ":7.1725968815,"HOLDER_PROFIT_SQ":295306000,"HOLDER_PROFIT_QOQ_SQ":0.174931008713,"ROE_AVG_SQ":4.807454219005,"PE_TTM_SQ":-0.012176365265,"PB_TTM_SQ":0.118197572001,"ROA_SQ":0.437260303432,"START_DATE":"2022-01-01 00:00:00","FISCAL_YEAR":"12-31","CURRENCY":"HKD","IS_CNY_CODE":0,"DPS_HKD_LY":null,"ORG_TYPE":"一般企业","PREMIUM_INCOME":null,"PREMIUM_INCOME_YOY":null,"NET_INTEREST_INCOME":null,"NET_INTEREST_INCOME_YOY":null,"FEE_COMMISSION_INCOME":null,"FEE_COMMISSION_INCOME_YOY":null,"ACCOUNTS_RECE_TDAYS":null,"INVENTORY_TDAYS":0.076495009617,"CURRENT_ASSETS_TDAYS":0.049016687269,"TOTAL_ASSETS_TDAYS":0.040290422303,"PREMIUM_EXPENSE":null,"LOAN_DEPOSIT":null,"LOAN_EQUITY":null,"LOAN_ASSETS":null,"DEPOSIT_EQUITY":null,"DEPOSIT_ASSETS":null,"EQUITY_MULTIPLIER":6.069190005144,"EQUITY_RATIO":10.793602379523},{"SECUCODE":"01862.HK","SECURITY_CODE":"01862","SECURITY_NAME_ABBR":"景瑞控股","ORG_CODE":"10343001","STD_REPORT_DATE":"2021-12-31 00:00:00","REPORT_DATE":"2021-12-31 00:00:00","DATE_TYPE_CODE":"001","REPORT_TYPE":"2021年年报","PER_NETCASH_OPERATE":-1.523741140375,"PER_OI":8.806555523123,"BPS":3.924122141002,"BASIC_EPS":0.08,"DILUTED_EPS":0.08,"OPERATE_INCOME":13551644000,"OPERATE_INCOME_YOY":6.0177529639,"GROSS_PROFIT":2439955000,"GROSS_PROFIT_YOY":-2.559536622116,"HOLDER_PROFIT":127543000,"HOLDER_PROFIT_YOY":-86.6878128614,"GROSS_PROFIT_RATIO":18.004863468964,"EPS_TTM":0.082884003674,"OPERATE_INCOME_QOQ":-7.984309120005,"NET_PROFIT_RATIO":2.9060164213,"ROE_AVG":2.090005782858,"GROSS_PROFIT_QOQ":-11.003003704021,"ROA":0.19388003796,"HOLDER_PROFIT_QOQ":-86.71105933934,"ROE_YEARLY":2.090005782858,"ROIC_YEARLY":0.23590075755,"TOTAL_ASSETS":63249743000,"TOTAL_LIABILITIES":52012751000,"TAX_EBT":62.142756893002,"OCF_SALES":-17.302350917719,"TOTAL_PARENT_EQUITY":6038491000,"DEBT_ASSET_RATIO":82.2339325553,"OPERATE_PROFIT":1464441000,"PRETAX_PROFIT":1040258000,"NETCASH_OPERATE":-4844668000,"NETCASH_INVEST":43118000,"NETCASH_FINANCE":-3881587000,"END_CASH":2211442000,"DIVI_RATIO":null,"DIVIDEND_RATE":null,"CURRENT_RATIO":1.336843851576,"COMMON_ACS":10000000000,"CURRENTDEBT_DEBT":75.003769748691,"ISSUED_COMMON_SHARES":1538813213,"HK_COMMON_SHARES":1538813213,"PER_SHARES":1000,"TOTAL_MARKET_CAP":72324221.011,"HKSK_MARKET_CAP":72324221.011,"PE_TTM":-0.035362607748,"PB_TTM":-0.048782032025,"REPORT_DATE_SQ":"2020-12-31 00:00:00","REPORT_TYPE_SQ":"2020年年报","OPERATE_INCOME_SQ":12782429000,"DPS_HKD":null,"OPERATE_INCOME_QOQ_SQ":-10.321191881302,"NET_PROFIT_RATIO_SQ":9.9629264516,"HOLDER_PROFIT_SQ":958092000,"HOLDER_PROFIT_QOQ_SQ":4.460173749215,"ROE_AVG_SQ":16.70112468136,"PE_TTM_SQ":-0.012176365265,"PB_TTM_SQ":0.118197572001,"ROA_SQ":1.587790342177,"START_DATE":"2021-01-01 00:00:00","FISCAL_YEAR":"12-31","CURRENCY":"HKD","IS_CNY_CODE":0,"DPS_HKD_LY":0.25,"ORG_TYPE":"一般企业","PREMIUM_INCOME":null,"PREMIUM_INCOME_YOY":null,"NET_INTEREST_INCOME":null,"NET_INTEREST_INCOME_YOY":null,"FEE_COMMISSION_INCOME":null,"FEE_COMMISSION_INCOME_YOY":null,"ACCOUNTS_RECE_TDAYS":null,"INVENTORY_TDAYS":0.381070199008,"CURRENT_ASSETS_TDAYS":0.250114845079,"TOTAL_ASSETS_TDAYS":0.206000584363,"PREMIUM_EXPENSE":null,"LOAN_DEPOSIT":null,"LOAN_EQUITY":null,"LOAN_ASSETS":null,"DEPOSIT_EQUITY":null,"DEPOSIT_ASSETS":null,"EQUITY_MULTIPLIER":5.628707664837,"EQUITY_RATIO":8.613534573456},{"SECUCODE":"01862.HK","SECURITY_CODE":"01862","SECURITY_NAME_ABBR":"景瑞控股","ORG_CODE":"10343001","STD_REPORT_DATE":"2021-06-30 00:00:00","REPORT_DATE":"2021-06-30 00:00:00","DATE_TYPE_CODE":"002","REPORT_TYPE":"2021年中报","PER_NETCASH_OPERATE":-0.170417044632,"PER_OI":3.313903180009,"BPS":3.976305212555,"BASIC_EPS":0.19,"DILUTED_EPS":0.19,"OPERATE_INCOME":5099478000,"OPERATE_INCOME_YOY":61.6638626211,"GROSS_PROFIT":1227304000,"GROSS_PROFIT_YOY":24.003168521707,"HOLDER_PROFIT":295306000,"HOLDER_PROFIT_YOY":0.5707863638,"GROSS_PROFIT_RATIO":24.06724766731,"EPS_TTM":0.623706627869,"OPERATE_INCOME_QOQ":15.217037387808,"NET_PROFIT_RATIO":7.1725968815,"ROE_AVG":4.807454219005,"GROSS_PROFIT_QOQ":9.487361858623,"ROA":0.437260303432,"HOLDER_PROFIT_QOQ":0.174931008713,"ROE_YEARLY":9.61490843801,"ROIC_YEARLY":1.183273844444,"TOTAL_ASSETS":66751788000,"TOTAL_LIABILITIES":55644839000,"TAX_EBT":46.410728256761,"OCF_SALES":-5.142487132997,"TOTAL_PARENT_EQUITY":6118791000,"DEBT_ASSET_RATIO":83.3608217356,"OPERATE_PROFIT":915208000,"PRETAX_PROFIT":682534000,"NETCASH_OPERATE":-262240000,"NETCASH_INVEST":-3860047000,"NETCASH_FINANCE":-2187000,"END_CASH":6769975000,"DIVI_RATIO":null,"DIVIDEND_RATE":null,"CURRENT_RATIO":1.386688690376,"COMMON_ACS":10000000000,"CURRENTDEBT_DEBT":70.911674306399,"ISSUED_COMMON_SHARES":1538813213,"HK_COMMON_SHARES":1538813213,"PER_SHARES":1000,"TOTAL_MARKET_CAP":72324221.011,"HKSK_MARKET_CAP":72324221.011,"PE_TTM":-0.035362607748,"PB_TTM":-0.048782032025,"REPORT_DATE_SQ":"2020-06-30 00:00:00","REPORT_TYPE_SQ":"2020年中报","OPERATE_INCOME_SQ":3154371000,"DPS_HKD":null,"OPERATE_INCOME_QOQ_SQ":7.289655567463,"NET_PROFIT_RATIO_SQ":10.9334634385,"HOLDER_PROFIT_SQ":293630000,"HOLDER_PROFIT_QOQ_SQ":1.504331052434,"ROE_AVG_SQ":5.573230046776,"PE_TTM_SQ":-0.012176365265,"PB_TTM_SQ":0.118197572001,"ROA_SQ":0.551542437178,"START_DATE":"2021-01-01 00:00:00","FISCAL_YEAR":"12-31","CURRENCY":"HKD","IS_CNY_CODE":0,"DPS_HKD_LY":0.25,"ORG_TYPE":"一般企业","PREMIUM_INCOME":null,"PREMIUM_INCOME_YOY":null,"NET_INTEREST_INCOME":null,"NET_INTEREST_INCOME_YOY":null,"FEE_COMMISSION_INCOME":null,"FEE_COMMISSION_INCOME_YOY":null,"ACCOUNTS_RECE_TDAYS":null,"INVENTORY_TDAYS":0.131834294054,"CURRENT_ASSETS_TDAYS":0.091942148658,"TOTAL_ASSETS_TDAYS":0.075508093219,"PREMIUM_EXPENSE":null,"LOAN_DEPOSIT":null,"LOAN_EQUITY":null,"LOAN_ASSETS":null,"DEPOSIT_EQUITY":null,"DEPOSIT_ASSETS":null,"EQUITY_MULTIPLIER":6.009912173004,"EQUITY_RATIO":9.094090482907},{"SECUCODE":"01862.HK","SECURITY_CODE":"01862","SECURITY_NAME_ABBR":"景瑞控股","ORG_CODE":"10343001","STD_REPORT_DATE":"2020-12-31 00:00:00","REPORT_DATE":"2020-12-31 00:00:00","DATE_TYPE_CODE":"001","REPORT_TYPE":"2020年年报","PER_NETCASH_OPERATE":-0.990411303415,"PER_OI":8.306680038885,"BPS":4.007339518471,"BASIC_EPS":0.68,"DILUTED_EPS":0.68,"OPERATE_INCOME":12782429000,"OPERATE_INCOME_YOY":-3.7839156524,"GROSS_PROFIT":2504047000,"GROSS_PROFIT_YOY":-6.745586326121,"HOLDER_PROFIT":958092000,"HOLDER_PROFIT_YOY":6.0316005804,"GROSS_PROFIT_RATIO":19.589758722697,"EPS_TTM":0.622617476836,"OPERATE_INCOME_QOQ":-10.321191881302,"NET_PROFIT_RATIO":9.9629264516,"ROE_AVG":16.70112468136,"GROSS_PROFIT_QOQ":-19.436250947507,"ROA":1.587790342177,"HOLDER_PROFIT_QOQ":4.460173749215,"ROE_YEARLY":16.70112468136,"ROIC_YEARLY":2.125015381593,"TOTAL_ASSETS":68319243000,"TOTAL_LIABILITIES":57022377000,"TAX_EBT":45.553624060819,"OCF_SALES":-11.923070333502,"TOTAL_PARENT_EQUITY":6166547000,"DEBT_ASSET_RATIO":83.4645913744,"OPERATE_PROFIT":1907330000,"PRETAX_PROFIT":2339006000,"NETCASH_OPERATE":934530000,"NETCASH_INVEST":-661422000,"NETCASH_FINANCE":2422140000,"END_CASH":10895964000,"DIVI_RATIO":null,"DIVIDEND_RATE":null,"CURRENT_RATIO":1.30227344036,"COMMON_ACS":10000000000,"CURRENTDEBT_DEBT":75.696228868186,"ISSUED_COMMON_SHARES":1538813213,"HK_COMMON_SHARES":1538813213,"PER_SHARES":1000,"TOTAL_MARKET_CAP":72324221.011,"HKSK_MARKET_CAP":72324221.011,"PE_TTM":-0.035362607748,"PB_TTM":-0.048782032025,"REPORT_DATE_SQ":"2019-12-31 00:00:00","REPORT_TYPE_SQ":"2019年年报","OPERATE_INCOME_SQ":13285127000,"DPS_HKD":null,"OPERATE_INCOME_QOQ_SQ":17.665814213965,"NET_PROFIT_RATIO_SQ":9.6725458477,"HOLDER_PROFIT_SQ":903591000,"HOLDER_PROFIT_QOQ_SQ":-13.341146390281,"ROE_AVG_SQ":18.08298081576,"PE_TTM_SQ":-0.012176365265,"PB_TTM_SQ":0.118197572001,"ROA_SQ":1.802751126172,"START_DATE":"2020-01-01 00:00:00","FISCAL_YEAR":"12-31","CURRENCY":"HKD","IS_CNY_CODE":0,"DPS_HKD_LY":0.24,"ORG_TYPE":"一般企业","PREMIUM_INCOME":null,"PREMIUM_INCOME_YOY":null,"NET_INTEREST_INCOME":null,"NET_INTEREST_INCOME_YOY":null,"FEE_COMMISSION_INCOME":null,"FEE_COMMISSION_INCOME_YOY":null,"ACCOUNTS_RECE_TDAYS":null,"INVENTORY_TDAYS":0.441071953829,"CURRENT_ASSETS_TDAYS":0.264257390795,"TOTAL_ASSETS_TDAYS":0.211835787333,"PREMIUM_EXPENSE":null,"LOAN_DEPOSIT":null,"LOAN_EQUITY":null,"LOAN_ASSETS":null,"DEPOSIT_EQUITY":null,"DEPOSIT_ASSETS":null,"EQUITY_MULTIPLIER":6.04762798817,"EQUITY_RATIO":9.247051388727},{"SECUCODE":"01862.HK","SECURITY_CODE":"01862","SECURITY_NAME_ABBR":"景瑞控股","ORG_CODE":"10343001","STD_REPORT_DATE":"2020-06-30 00:00:00","REPORT_DATE":"2020-06-30 00:00:00","DATE_TYPE_CODE":"002","REPORT_TYPE":"2020年中报","PER_NETCASH_OPERATE":-0.59988963831,"PER_OI":2.25280962506,"BPS":3.398931693473,"BASIC_EPS":0.21,"DILUTED_EPS":0.21,"OPERATE_INCOME":3154371000,"OPERATE_INCOME_YOY":44.3033197297,"GROSS_PROFIT":989736000,"GROSS_PROFIT_YOY":74.631147685608,"HOLDER_PROFIT":293630000,"HOLDER_PROFIT_YOY":4.8540014355,"GROSS_PROFIT_RATIO":31.376651636729,"EPS_TTM":0.655040559006,"OPERATE_INCOME_QOQ":7.289655567463,"NET_PROFIT_RATIO":10.9334634385,"ROE_AVG":5.573230046776,"GROSS_PROFIT_QOQ":15.752326288983,"ROA":0.551542437178,"HOLDER_PROFIT_QOQ":1.504331052434,"ROE_YEARLY":11.146460093553,"ROIC_YEARLY":1.515439243714,"TOTAL_ASSETS":54112752000,"TOTAL_LIABILITIES":44700367000,"TAX_EBT":48.597268612292,"OCF_SALES":-26.62851008965,"TOTAL_PARENT_EQUITY":5230321000,"DEBT_ASSET_RATIO":82.6059761292,"OPERATE_PROFIT":878327000,"PRETAX_PROFIT":670941000,"NETCASH_OPERATE":-839962000,"NETCASH_INVEST":-615783000,"NETCASH_FINANCE":1074930000,"END_CASH":10306838000,"DIVI_RATIO":null,"DIVIDEND_RATE":null,"CURRENT_RATIO":1.297596300881,"COMMON_ACS":10000000000,"CURRENTDEBT_DEBT":73.170457414813,"ISSUED_COMMON_SHARES":1538813213,"HK_COMMON_SHARES":1538813213,"PER_SHARES":1000,"TOTAL_MARKET_CAP":72324221.011,"HKSK_MARKET_CAP":72324221.011,"PE_TTM":-0.035362607748,"PB_TTM":-0.048782032025,"REPORT_DATE_SQ":"2019-06-30 00:00:00","REPORT_TYPE_SQ":"2019年中报","OPERATE_INCOME_SQ":2185931000,"DPS_HKD":null,"OPERATE_INCOME_QOQ_SQ":0.1983901071,"NET_PROFIT_RATIO_SQ":16.2062297483,"HOLDER_PROFIT_SQ":280037000,"HOLDER_PROFIT_QOQ_SQ":1.044655636731,"ROE_AVG_SQ":6.004017872457,"PE_TTM_SQ":-0.012176365265,"PB_TTM_SQ":0.118197572001,"ROA_SQ":0.546250929053,"START_DATE":"2020-01-01 00:00:00","FISCAL_YEAR":"12-31","CURRENCY":"HKD","IS_CNY_CODE":0,"DPS_HKD_LY":0.24,"ORG_TYPE":"一般企业","PREMIUM_INCOME":null,"PREMIUM_INCOME_YOY":null,"NET_INTEREST_INCOME":null,"NET_INTEREST_INCOME_YOY":null,"FEE_COMMISSION_INCOME":null,"FEE_COMMISSION_INCOME_YOY":null,"ACCOUNTS_RECE_TDAYS":null,"INVENTORY_TDAYS":0.115530554525,"CURRENT_ASSETS_TDAYS":0.07603432423,"TOTAL_ASSETS_TDAYS":0.059250399111,"PREMIUM_EXPENSE":null,"LOAN_DEPOSIT":null,"LOAN_EQUITY":null,"LOAN_ASSETS":null,"DEPOSIT_EQUITY":null,"DEPOSIT_ASSETS":null,"EQUITY_MULTIPLIER":5.749100998296,"EQUITY_RATIO":8.546390747337}],"count":27},"success":true,"message":"ok","code":0}